{"id":"gen9ou-1990666423","p1":"Smipsmop","p2":"TallGuyInATophat","format":"[Gen 9] OU","log":"|j|\u2606Smipsmop\n|j|\u2606TallGuyInATophat\n|t:|1699990078\n|gametype|singles\n|player|p1|Smipsmop|lusamine-nihilego|1040\n|player|p2|TallGuyInATophat|gentleman-gen4|1074\n|teamsize|p1|6\n|teamsize|p2|6\n|gen|9\n|tier|[Gen 9] OU\n|rated|\n|rule|Sleep Clause Mod: Limit one foe put to sleep\n|rule|Species Clause: Limit one of each Pok\u00e9mon\n|rule|OHKO Clause: OHKO moves are banned\n|rule|Evasion Items Clause: Evasion items are banned\n|rule|Evasion Moves Clause: Evasion moves are banned\n|rule|Endless Battle Clause: Forcing endless battles is banned\n|rule|HP Percentage Mod: HP is shown in percentages\n|clearpoke\n|poke|p1|Landorus-Therian, M|\n|poke|p1|Clodsire, F|\n|poke|p1|Basculegion-F, F|\n|poke|p1|Grafaiai, F|\n|poke|p1|Zapdos|\n|poke|p1|Sneasler, F|\n|poke|p2|Kleavor, F|\n|poke|p2|Greninja-*, M|\n|poke|p2|Arcanine-Hisui, F|\n|poke|p2|Gengar, M|\n|poke|p2|Ninetales-Alola, M|\n|poke|p2|Magnezone|\n|teampreview\n|\n|t:|1699990090\n|start\n|switch|p1a: Grafaiai|Grafaiai, F|100\/100\n|switch|p2a: Bugsecutioner|Kleavor, F|100\/100\n|turn|1\n|\n|t:|1699990104\n|move|p1a: Grafaiai|Switcheroo|p2a: Bugsecutioner\n|-activate|p1a: Grafaiai|move: Trick|[of] p2a: Bugsecutioner\n|-item|p2a: Bugsecutioner|Choice Scarf|[from] move: Switcheroo\n|-item|p1a: Grafaiai|Focus Sash|[from] move: Switcheroo\n|move|p2a: Bugsecutioner|Stone Axe|p1a: Grafaiai\n|-damage|p1a: Grafaiai|7\/100\n|-sidestart|p1: Smipsmop|move: Stealth Rock\n|\n|upkeep\n|turn|2\n|\n|t:|1699990112\n|move|p1a: Grafaiai|Copycat|p1a: Grafaiai\n|move|p1a: Grafaiai|Stone Axe|p2a: Bugsecutioner|[from]move: Copycat\n|-supereffective|p2a: Bugsecutioner\n|-crit|p2a: Bugsecutioner\n|-damage|p2a: Bugsecutioner|35\/100\n|-sidestart|p2: TallGuyInATophat|move: Stealth Rock\n|move|p2a: Bugsecutioner|Stone Axe|p1a: Grafaiai\n|-damage|p1a: Grafaiai|0 fnt\n|faint|p1a: Grafaiai\n|\n|upkeep\n|c|\u2606TallGuyInATophat|nooooo :(\n|\n|t:|1699990123\n|switch|p1a: Landorus|Landorus-Therian, M|100\/100\n|-damage|p1a: Landorus|88\/100|[from] Stealth Rock\n|-ability|p1a: Landorus|Intimidate|boost\n|-unboost|p2a: Bugsecutioner|atk|1\n|turn|3\n|\n|t:|1699990133\n|move|p2a: Bugsecutioner|Stone Axe|p1a: Landorus\n|-damage|p1a: Landorus|48\/100\n|move|p1a: Landorus|U-turn|p2a: Bugsecutioner\n|-damage|p2a: Bugsecutioner|0 fnt\n|faint|p2a: Bugsecutioner\n|\n|t:|1699990144\n|switch|p1a: Clodsire|Clodsire, F|100\/100|[from] U-turn\n|-damage|p1a: Clodsire|94\/100|[from] Stealth Rock\n|\n|-heal|p1a: Clodsire|100\/100|[from] item: Black Sludge\n|upkeep\n|\n|t:|1699990162\n|switch|p2a: Purpleberry|Gengar, M|100\/100\n|-damage|p2a: Purpleberry|88\/100|[from] Stealth Rock\n|turn|4\n|\n|t:|1699990170\n|move|p2a: Purpleberry|Energy Ball|p1a: Clodsire\n|-damage|p1a: Clodsire|82\/100\n|move|p1a: Clodsire|Chilling Water|p2a: Purpleberry\n|-damage|p2a: Purpleberry|77\/100\n|-unboost|p2a: Purpleberry|atk|1\n|\n|-heal|p1a: Clodsire|88\/100|[from] item: Black Sludge\n|upkeep\n|turn|5\n|\n|t:|1699990180\n|move|p2a: Purpleberry|Shadow Ball|p1a: Clodsire\n|-damage|p1a: Clodsire|65\/100\n|move|p1a: Clodsire|Chilling Water|p2a: Purpleberry\n|-damage|p2a: Purpleberry|66\/100\n|-unboost|p2a: Purpleberry|atk|1\n|\n|-heal|p1a: Clodsire|71\/100|[from] item: Black Sludge\n|upkeep\n|turn|6\n|\n|t:|1699990190\n|move|p2a: Purpleberry|Shadow Ball|p1a: Clodsire\n|-damage|p1a: Clodsire|46\/100\n|move|p1a: Clodsire|Chilling Water|p2a: Purpleberry\n|-damage|p2a: Purpleberry|55\/100\n|-unboost|p2a: Purpleberry|atk|1\n|\n|-heal|p1a: Clodsire|53\/100|[from] item: Black Sludge\n|upkeep\n|turn|7\n|c|\u2606TallGuyInATophat|im a special attacker xD\n|\n|t:|1699990201\n|move|p2a: Purpleberry|Shadow Ball|p1a: Clodsire\n|-damage|p1a: Clodsire|29\/100\n|move|p1a: Clodsire|Recover|p1a: Clodsire\n|-heal|p1a: Clodsire|79\/100\n|\n|-heal|p1a: Clodsire|86\/100|[from] item: Black Sludge\n|upkeep\n|turn|8\n|\n|t:|1699990210\n|move|p2a: Purpleberry|Shadow Ball|p1a: Clodsire\n|-damage|p1a: Clodsire|62\/100\n|-unboost|p1a: Clodsire|spd|1\n|move|p1a: Clodsire|Chilling Water|p2a: Purpleberry\n|-damage|p2a: Purpleberry|45\/100\n|-unboost|p2a: Purpleberry|atk|1\n|\n|-heal|p1a: Clodsire|69\/100|[from] item: Black Sludge\n|upkeep\n|turn|9\n|c|\u2606TallGuyInATophat|ooh, shoulda put black sludge on gengar\n|\n|t:|1699990225\n|switch|p1a: Zapdos|Zapdos|100\/100\n|-damage|p1a: Zapdos|75\/100|[from] Stealth Rock\n|-ability|p1a: Zapdos|Pressure\n|move|p2a: Purpleberry|Shadow Ball|p1a: Zapdos\n|-damage|p1a: Zapdos|31\/100\n|\n|-heal|p1a: Zapdos|37\/100|[from] item: Leftovers\n|upkeep\n|turn|10\n|\n|t:|1699990238\n|move|p2a: Purpleberry|Shadow Ball|p1a: Zapdos\n|-damage|p1a: Zapdos|0 fnt\n|faint|p1a: Zapdos\n|\n|upkeep\n|\n|t:|1699990243\n|switch|p1a: Sneasler|Sneasler, F|100\/100\n|-damage|p1a: Sneasler|95\/100|[from] Stealth Rock\n|turn|11\n|\n|t:|1699990252\n|move|p1a: Sneasler|Dire Claw|p2a: Purpleberry\n|-resisted|p2a: Purpleberry\n|-damage|p2a: Purpleberry|17\/100\n|-damage|p1a: Sneasler|85\/100|[from] item: Life Orb\n|move|p2a: Purpleberry|Clear Smog|p1a: Sneasler\n|-resisted|p1a: Sneasler\n|-damage|p1a: Sneasler|67\/100\n|-clearboost|p1a: Sneasler\n|\n|upkeep\n|turn|12\n|\n|t:|1699990263\n|move|p1a: Sneasler|Dire Claw|p2a: Purpleberry\n|-resisted|p2a: Purpleberry\n|-damage|p2a: Purpleberry|0 fnt\n|faint|p2a: Purpleberry\n|-damage|p1a: Sneasler|57\/100|[from] item: Life Orb\n|\n|upkeep\n|c|\u2606TallGuyInATophat|damn i thought you would swords dance there\n|\n|t:|1699990277\n|switch|p2a: Greninja|Greninja, M|100\/100\n|-damage|p2a: Greninja|88\/100|[from] Stealth Rock\n|turn|13\n|n|\u2606Smipsmop|smipsmop\n|c|\u2606Smipsmop|your first mistake\n|c|\u2606Smipsmop|assuming i'm good enough at this to know i should run swords dance lmao\n|c|\u2606TallGuyInATophat|xD\n|\n|t:|1699990318\n|switch|p1a: Clodsire|Clodsire, F|69\/100\n|-damage|p1a: Clodsire|62\/100|[from] Stealth Rock\n|move|p2a: Greninja|Dark Pulse|p1a: Clodsire\n|-damage|p1a: Clodsire|43\/100\n|\n|-heal|p1a: Clodsire|49\/100|[from] item: Black Sludge\n|upkeep\n|turn|14\n|\n|t:|1699990328\n|switch|p2a: Spectre|Ninetales-Alola, M|100\/100\n|-damage|p2a: Spectre|76\/100|[from] Stealth Rock\n|-weather|Snow|[from] ability: Snow Warning|[of] p2a: Spectre\n|move|p1a: Clodsire|Recover|p1a: Clodsire\n|-heal|p1a: Clodsire|99\/100\n|\n|-weather|Snow|[upkeep]\n|-heal|p1a: Clodsire|100\/100|[from] item: Black Sludge\n|upkeep\n|turn|15\n|\n|t:|1699990342\n|-terastallize|p2a: Spectre|Ice\n|move|p2a: Spectre|Blizzard|p1a: Clodsire\n|-supereffective|p1a: Clodsire\n|-damage|p1a: Clodsire|37\/100\n|move|p1a: Clodsire|Toxic|p2a: Spectre\n|-status|p2a: Spectre|tox\n|\n|-weather|Snow|[upkeep]\n|-heal|p1a: Clodsire|43\/100|[from] item: Black Sludge\n|-damage|p2a: Spectre|70\/100 tox|[from] psn\n|upkeep\n|turn|16\n|\n|t:|1699990354\n|switch|p1a: Basculegion|Basculegion-F, F|100\/100\n|-damage|p1a: Basculegion|88\/100|[from] Stealth Rock\n|move|p2a: Spectre|Blizzard|p1a: Basculegion\n|-resisted|p1a: Basculegion\n|-damage|p1a: Basculegion|71\/100\n|\n|-weather|Snow|[upkeep]\n|-damage|p2a: Spectre|58\/100 tox|[from] psn\n|upkeep\n|turn|17\n|\n|t:|1699990364\n|move|p2a: Spectre|Freeze-Dry|p1a: Basculegion\n|-supereffective|p1a: Basculegion\n|-damage|p1a: Basculegion|26\/100\n|move|p1a: Basculegion|Hex|p2a: Spectre\n|-damage|p2a: Spectre|0 fnt\n|faint|p2a: Spectre\n|\n|-weather|Snow|[upkeep]\n|upkeep\n|c|\u2606TallGuyInATophat|FREEZE RAY- oh\n|\n|t:|1699990374\n|switch|p2a: Magnetrilogy|Magnezone|100\/100\n|-damage|p2a: Magnetrilogy|94\/100|[from] Stealth Rock\n|turn|18\n|\n|t:|1699990382\n|move|p1a: Basculegion|Shadow Ball|p2a: Magnetrilogy\n|-damage|p2a: Magnetrilogy|43\/100\n|-unboost|p2a: Magnetrilogy|spd|1\n|move|p2a: Magnetrilogy|Iron Defense|p2a: Magnetrilogy\n|-boost|p2a: Magnetrilogy|def|2\n|\n|-weather|Snow|[upkeep]\n|-heal|p2a: Magnetrilogy|49\/100|[from] item: Leftovers\n|upkeep\n|turn|19\n|\n|t:|1699990391\n|move|p1a: Basculegion|Shadow Ball|p2a: Magnetrilogy\n|-damage|p2a: Magnetrilogy|0 fnt\n|faint|p2a: Magnetrilogy\n|\n|-weather|Snow|[upkeep]\n|upkeep\n|\n|t:|1699990403\n|switch|p2a: Greninja|Greninja, M|88\/100\n|-damage|p2a: Greninja|76\/100|[from] Stealth Rock\n|turn|20\n|\n|t:|1699990409\n|move|p2a: Greninja|Dark Pulse|p1a: Basculegion\n|-supereffective|p1a: Basculegion\n|-damage|p1a: Basculegion|0 fnt\n|faint|p1a: Basculegion\n|-ability|p2a: Greninja|Battle Bond|boost\n|-boost|p2a: Greninja|atk|1\n|-boost|p2a: Greninja|spa|1\n|-boost|p2a: Greninja|spe|1\n|-activate|p2a: Greninja|ability: Battle Bond\n|\n|-weather|Snow|[upkeep]\n|upkeep\n|\n|t:|1699990421\n|switch|p1a: Sneasler|Sneasler, F|57\/100\n|-damage|p1a: Sneasler|51\/100|[from] Stealth Rock\n|turn|21\n|\n|t:|1699990430\n|move|p1a: Sneasler|Fake Out|p2a: Greninja\n|-damage|p2a: Greninja|45\/100\n|-status|p2a: Greninja|psn|[from] ability: Poison Touch|[of] p1a: Sneasler\n|-damage|p1a: Sneasler|41\/100|[from] item: Life Orb\n|cant|p2a: Greninja|flinch\n|\n|-weather|none\n|-damage|p2a: Greninja|33\/100 psn|[from] psn\n|upkeep\n|turn|22\n|c|\u2606TallGuyInATophat|nahhh what\n|\n|t:|1699990439\n|switch|p1a: Clodsire|Clodsire, F|43\/100\n|-damage|p1a: Clodsire|37\/100|[from] Stealth Rock\n|move|p2a: Greninja|Water Shuriken|p1a: Clodsire\n|-heal|p1a: Clodsire|62\/100|[from] ability: Water Absorb|[of] p2a: Greninja\n|\n|-heal|p1a: Clodsire|68\/100|[from] item: Black Sludge\n|-damage|p2a: Greninja|20\/100 psn|[from] psn\n|upkeep\n|turn|23\n|c|\u2606Smipsmop|yeaaaaaaboi\n|c|\u2606TallGuyInATophat|:I\n|\n|t:|1699990451\n|move|p2a: Greninja|Dark Pulse|p1a: Clodsire\n|-crit|p1a: Clodsire\n|-damage|p1a: Clodsire|24\/100\n|cant|p1a: Clodsire|flinch\n|\n|-heal|p1a: Clodsire|30\/100|[from] item: Black Sludge\n|-damage|p2a: Greninja|8\/100 psn|[from] psn\n|upkeep\n|turn|24\n|c|\u2606TallGuyInATophat|well ggs\n|c|\u2606Smipsmop|fuck\n|c|\u2606TallGuyInATophat|nvm\n|\n|t:|1699990462\n|move|p2a: Greninja|Dark Pulse|p1a: Clodsire\n|-damage|p1a: Clodsire|2\/100\n|move|p1a: Clodsire|Recover|p1a: Clodsire\n|-heal|p1a: Clodsire|52\/100\n|\n|-heal|p1a: Clodsire|59\/100|[from] item: Black Sludge\n|-damage|p2a: Greninja|0 fnt|[from] psn\n|faint|p2a: Greninja\n|upkeep\n|c|\u2606TallGuyInATophat|nahhhhh what xD\n|\n|t:|1699990472\n|switch|p2a: Pupperoni|Arcanine-Hisui, F|100\/100\n|-damage|p2a: Pupperoni|76\/100|[from] Stealth Rock\n|turn|25\n|c|\u2606Smipsmop|fuckin clutch\n|c|\u2606TallGuyInATophat|lucky\n|c|\u2606Smipsmop|clutchsire\n|\n|t:|1699990481\n|move|p2a: Pupperoni|Flare Blitz|p1a: Clodsire\n|-damage|p1a: Clodsire|0 fnt\n|faint|p1a: Clodsire\n|\n|upkeep\n|c|\u2606TallGuyInATophat|nickname him that lol\n|\n|t:|1699990490\n|switch|p1a: Sneasler|Sneasler, F|41\/100\n|-damage|p1a: Sneasler|35\/100|[from] Stealth Rock\n|turn|26\n|c|\u2606TallGuyInATophat|nvm he's 50 shades of dead\n|\n|t:|1699990495\n|move|p1a: Sneasler|Fake Out|p2a: Pupperoni\n|-resisted|p2a: Pupperoni\n|-damage|p2a: Pupperoni|65\/100\n|-damage|p1a: Sneasler|25\/100|[from] item: Life Orb\n|cant|p2a: Pupperoni|flinch\n|\n|upkeep\n|turn|27\n|\n|t:|1699990504\n|move|p2a: Pupperoni|Extreme Speed|p1a: Sneasler\n|-damage|p1a: Sneasler|0 fnt\n|faint|p1a: Sneasler\n|\n|upkeep\n|\n|t:|1699990508\n|switch|p1a: Landorus|Landorus-Therian, M|48\/100\n|-damage|p1a: Landorus|36\/100|[from] Stealth Rock\n|-ability|p1a: Landorus|Intimidate|boost\n|-unboost|p2a: Pupperoni|atk|1\n|turn|28\n|c|\u2606Smipsmop|gg\n|c|\u2606TallGuyInATophat|gg\n|c|\u2606TallGuyInATophat|idk whether i should extreme speed or head smash\n|c|\u2606TallGuyInATophat|ima take a gamble\n|\n|t:|1699990546\n|-terastallize|p1a: Landorus|Ground\n|move|p1a: Landorus|Earthquake|p2a: Pupperoni\n|-supereffective|p2a: Pupperoni\n|-damage|p2a: Pupperoni|0 fnt\n|faint|p2a: Pupperoni\n|\n|win|Smipsmop\n|raw|Smipsmop's rating: 1040 &rarr; <strong>1077<\/strong><br \/>(+37 for winning)\n|raw|TallGuyInATophat's rating: 1074 &rarr; <strong>1051<\/strong><br \/>(-23 for losing)\n|c|\u2606TallGuyInATophat|damn\n|c|\u2606TallGuyInATophat|gg\n|c|\u2606Smipsmop|10\/10\n","uploadtime":1699990560,"views":9,"p1id":"smipsmop","p2id":"tallguyinatophat","formatid":"gen9ou","rating":1051,"private":0,"password":""}