{"id":"gen9ou-1996024688","p1":"haxusorry","p2":"d8nny","format":"[Gen 9] OU","log":"|j|\u2606haxusorry\n|j|\u2606d8nny\n|t:|1700631133\n|gametype|singles\n|player|p1|haxusorry|riley|1424\n|player|p2|d8nny|169|1395\n|teamsize|p1|6\n|teamsize|p2|6\n|gen|9\n|tier|[Gen 9] OU\n|rated|\n|rule|Sleep Clause Mod: Limit one foe put to sleep\n|rule|Species Clause: Limit one of each Pok\u00e9mon\n|rule|OHKO Clause: OHKO moves are banned\n|rule|Evasion Items Clause: Evasion items are banned\n|rule|Evasion Moves Clause: Evasion moves are banned\n|rule|Endless Battle Clause: Forcing endless battles is banned\n|rule|HP Percentage Mod: HP is shown in percentages\n|clearpoke\n|poke|p1|Ribombee, F|\n|poke|p1|Gholdengo|\n|poke|p1|Mew|\n|poke|p1|Ogerpon-Cornerstone, F|\n|poke|p1|Iron Valiant|\n|poke|p1|Greninja-*, M|\n|poke|p2|Muk-Alola, M|\n|poke|p2|Rotom-Wash|\n|poke|p2|Chandelure, F|\n|poke|p2|Chesnaught, M|\n|poke|p2|Decidueye, F|\n|poke|p2|Gholdengo|\n|teampreview\n|inactive|Battle timer is ON: inactive players will automatically lose when time's up. (requested by d8nny)\n|\n|t:|1700631138\n|start\n|switch|p1a: Ribombee|Ribombee, F|100\/100\n|switch|p2a: Muk|Muk-Alola, M|100\/100\n|turn|1\n|\n|t:|1700631141\n|move|p1a: Ribombee|Stun Spore|p2a: Muk\n|-status|p2a: Muk|par\n|move|p2a: Muk|Poison Jab|p1a: Ribombee\n|-supereffective|p1a: Ribombee\n|-enditem|p1a: Ribombee|Focus Sash\n|-damage|p1a: Ribombee|1\/100\n|\n|upkeep\n|turn|2\n|\n|t:|1700631148\n|move|p1a: Ribombee|Sticky Web|p2a: Muk\n|-sidestart|p2: d8nny|move: Sticky Web\n|move|p2a: Muk|Knock Off|p1a: Ribombee\n|-resisted|p1a: Ribombee\n|-damage|p1a: Ribombee|0 fnt\n|faint|p1a: Ribombee\n|\n|upkeep\n|\n|t:|1700631157\n|switch|p1a: Ogerpon|Ogerpon-Cornerstone, F|100\/100\n|turn|3\n|\n|t:|1700631159\n|move|p1a: Ogerpon|Ivy Cudgel|p2a: Muk|[anim] Ivy Cudgel Rock\n|-damage|p2a: Muk|40\/100 par\n|move|p2a: Muk|Ice Punch|p1a: Ogerpon\n|-supereffective|p1a: Ogerpon\n|-damage|p1a: Ogerpon|19\/100\n|\n|upkeep\n|turn|4\n|\n|t:|1700631165\n|move|p1a: Ogerpon|Ivy Cudgel|p2a: Muk|[anim] Ivy Cudgel Rock\n|-damage|p2a: Muk|0 fnt\n|faint|p2a: Muk\n|\n|upkeep\n|\n|t:|1700631169\n|switch|p2a: Chesnaught|Chesnaught, M|100\/100\n|-activate|p2a: Chesnaught|move: Sticky Web\n|-unboost|p2a: Chesnaught|spe|1\n|turn|5\n|\n|t:|1700631173\n|move|p1a: Ogerpon|Low Kick|p2a: Chesnaught\n|-damage|p2a: Chesnaught|78\/100\n|move|p2a: Chesnaught|Drain Punch|p1a: Ogerpon\n|-supereffective|p1a: Ogerpon\n|-damage|p1a: Ogerpon|0 fnt\n|-heal|p2a: Chesnaught|87\/100|[from] drain|[of] p1a: Ogerpon\n|faint|p1a: Ogerpon\n|\n|upkeep\n|\n|t:|1700631188\n|switch|p1a: Iron Valiant|Iron Valiant|100\/100\n|-enditem|p1a: Iron Valiant|Booster Energy\n|-activate|p1a: Iron Valiant|ability: Quark Drive|[fromitem]\n|-start|p1a: Iron Valiant|quarkdrivespe\n|turn|6\n|\n|t:|1700631193\n|-terastallize|p2a: Chesnaught|Steel\n|move|p1a: Iron Valiant|Moonblast|p2a: Chesnaught\n|-resisted|p2a: Chesnaught\n|-damage|p2a: Chesnaught|68\/100\n|-unboost|p2a: Chesnaught|spa|1\n|move|p2a: Chesnaught|Leech Seed|p1a: Iron Valiant\n|-start|p1a: Iron Valiant|move: Leech Seed\n|\n|-damage|p1a: Iron Valiant|88\/100|[from] Leech Seed|[of] p2a: Chesnaught\n|-heal|p2a: Chesnaught|80\/100|[silent]\n|upkeep\n|turn|7\n|\n|t:|1700631202\n|move|p2a: Chesnaught|Spiky Shield|p2a: Chesnaught\n|-singleturn|p2a: Chesnaught|move: Protect\n|move|p1a: Iron Valiant|Encore|p2a: Chesnaught\n|-activate|p2a: Chesnaught|move: Protect\n|\n|-damage|p1a: Iron Valiant|76\/100|[from] Leech Seed|[of] p2a: Chesnaught\n|-heal|p2a: Chesnaught|93\/100|[silent]\n|upkeep\n|turn|8\n|\n|t:|1700631209\n|switch|p2a: Chandelure|Chandelure, F|100\/100\n|-activate|p2a: Chandelure|move: Sticky Web\n|-unboost|p2a: Chandelure|spe|1\n|move|p1a: Iron Valiant|Calm Mind|p1a: Iron Valiant\n|-boost|p1a: Iron Valiant|spa|1\n|-boost|p1a: Iron Valiant|spd|1\n|\n|-damage|p1a: Iron Valiant|63\/100|[from] Leech Seed|[of] p2a: Chandelure\n|upkeep\n|turn|9\n|\n|t:|1700631220\n|-terastallize|p1a: Iron Valiant|Electric\n|move|p1a: Iron Valiant|Thunderbolt|p2a: Chandelure\n|-damage|p2a: Chandelure|26\/100\n|move|p2a: Chandelure|Flamethrower|p1a: Iron Valiant\n|-damage|p1a: Iron Valiant|10\/100\n|\n|-heal|p2a: Chandelure|32\/100|[from] item: Leftovers\n|-damage|p1a: Iron Valiant|0 fnt|[from] Leech Seed|[of] p2a: Chandelure\n|-heal|p2a: Chandelure|41\/100|[silent]\n|faint|p1a: Iron Valiant\n|-end|p1a: Iron Valiant|Quark Drive|[silent]\n|upkeep\n|\n|t:|1700631227\n|switch|p1a: Greninja|Greninja, M|100\/100\n|turn|10\n|\n|t:|1700631231\n|switch|p2a: Chesnaught|Chesnaught, M, tera:Steel|93\/100\n|-activate|p2a: Chesnaught|move: Sticky Web\n|-unboost|p2a: Chesnaught|spe|1\n|move|p1a: Greninja|Dark Pulse|p2a: Chesnaught\n|-damage|p2a: Chesnaught|59\/100\n|-damage|p1a: Greninja|91\/100|[from] item: Life Orb\n|\n|upkeep\n|turn|11\n|\n|t:|1700631235\n|move|p1a: Greninja|Dark Pulse|p2a: Chesnaught\n|-damage|p2a: Chesnaught|23\/100\n|-damage|p1a: Greninja|81\/100|[from] item: Life Orb\n|move|p2a: Chesnaught|Drain Punch|p1a: Greninja\n|-supereffective|p1a: Greninja\n|-crit|p1a: Greninja\n|-damage|p1a: Greninja|0 fnt\n|-heal|p2a: Chesnaught|62\/100|[from] drain|[of] p1a: Greninja\n|faint|p1a: Greninja\n|\n|upkeep\n|\n|t:|1700631239\n|switch|p1a: Mew|Mew|100\/100\n|turn|12\n|\n|t:|1700631243\n|move|p1a: Mew|Swords Dance|p1a: Mew\n|-boost|p1a: Mew|atk|2\n|move|p2a: Chesnaught|Leech Seed|p1a: Mew\n|-start|p1a: Mew|move: Leech Seed\n|\n|-damage|p1a: Mew|88\/100|[from] Leech Seed|[of] p2a: Chesnaught\n|-heal|p2a: Chesnaught|77\/100|[silent]\n|upkeep\n|turn|13\n|\n|t:|1700631249\n|move|p2a: Chesnaught|Spiky Shield|p2a: Chesnaught\n|-singleturn|p2a: Chesnaught|move: Protect\n|move|p1a: Mew|Swords Dance|p1a: Mew\n|-boost|p1a: Mew|atk|2\n|\n|-damage|p1a: Mew|76\/100|[from] Leech Seed|[of] p2a: Chesnaught\n|-heal|p2a: Chesnaught|91\/100|[silent]\n|upkeep\n|turn|14\n|\n|t:|1700631253\n|move|p1a: Mew|Drain Punch|p2a: Chesnaught\n|-supereffective|p2a: Chesnaught\n|-damage|p2a: Chesnaught|0 fnt\n|-heal|p1a: Mew|100\/100|[from] drain|[of] p2a: Chesnaught\n|faint|p2a: Chesnaught\n|-damage|p1a: Mew|91\/100|[from] item: Life Orb\n|\n|upkeep\n|\n|t:|1700631257\n|switch|p2a: Chandelure|Chandelure, F|41\/100\n|-activate|p2a: Chandelure|move: Sticky Web\n|-unboost|p2a: Chandelure|spe|1\n|turn|15\n|\n|t:|1700631260\n|move|p1a: Mew|Psychic Fangs|p2a: Chandelure\n|-damage|p2a: Chandelure|0 fnt\n|faint|p2a: Chandelure\n|-damage|p1a: Mew|81\/100|[from] item: Life Orb\n|\n|upkeep\n|\n|t:|1700631268\n|switch|p2a: Rotom|Rotom-Wash|100\/100\n|turn|16\n|\n|t:|1700631270\n|move|p1a: Mew|Psychic Fangs|p2a: Rotom\n|-damage|p2a: Rotom|0 fnt\n|faint|p2a: Rotom\n|-damage|p1a: Mew|71\/100|[from] item: Life Orb\n|\n|upkeep\n|\n|t:|1700631275\n|switch|p2a: Gholdengo|Gholdengo|100\/100\n|-activate|p2a: Gholdengo|move: Sticky Web\n|-unboost|p2a: Gholdengo|spe|1\n|turn|17\n|\n|t:|1700631279\n|move|p1a: Mew|Poltergeist|p2a: Gholdengo\n|-activate|p2a: Gholdengo|move: Poltergeist|Salac Berry\n|-supereffective|p2a: Gholdengo\n|-damage|p2a: Gholdengo|0 fnt\n|faint|p2a: Gholdengo\n|-damage|p1a: Mew|61\/100|[from] item: Life Orb\n|\n|upkeep\n|\n|t:|1700631283\n|switch|p2a: Decidueye|Decidueye, F|100\/100\n|-activate|p2a: Decidueye|move: Sticky Web\n|-unboost|p2a: Decidueye|spe|1\n|turn|18\n|\n|t:|1700631285\n|move|p1a: Mew|Psychic Fangs|p2a: Decidueye\n|-damage|p2a: Decidueye|0 fnt\n|faint|p2a: Decidueye\n|-damage|p1a: Mew|51\/100|[from] item: Life Orb\n|\n|win|haxusorry\n|raw|haxusorry's rating: 1424 &rarr; <strong>1442<\/strong><br \/>(+18 for winning)\n|raw|d8nny's rating: 1395 &rarr; <strong>1377<\/strong><br \/>(-18 for losing)\n|l|\u2606d8nny\n","uploadtime":1700631294,"views":1,"p1id":"haxusorry","p2id":"d8nny","formatid":"gen9ou","rating":1377,"private":0,"password":""}