{"id":"gen9ou-1996852424","p1":"Kyussey","p2":"Lahly","format":"[Gen 9] OU","log":"|j|\u2606Kyussey\n|j|\u2606Lahly\n|t:|1700735553\n|gametype|singles\n|player|p1|Kyussey|265|1526\n|player|p2|Lahly|parasollady|1436\n|teamsize|p1|6\n|teamsize|p2|6\n|gen|9\n|tier|[Gen 9] OU\n|rated|\n|rule|Sleep Clause Mod: Limit one foe put to sleep\n|rule|Species Clause: Limit one of each Pok\u00e9mon\n|rule|OHKO Clause: OHKO moves are banned\n|rule|Evasion Items Clause: Evasion items are banned\n|rule|Evasion Moves Clause: Evasion moves are banned\n|rule|Endless Battle Clause: Forcing endless battles is banned\n|rule|HP Percentage Mod: HP is shown in percentages\n|clearpoke\n|poke|p1|Weavile, F|\n|poke|p1|Ogerpon-Wellspring, F|\n|poke|p1|Great Tusk|\n|poke|p1|Gholdengo|\n|poke|p1|Enamorus, F|\n|poke|p1|Slowking-Galar, F|\n|poke|p2|Ninetales-Alola, F|\n|poke|p2|Great Tusk|\n|poke|p2|Zapdos|\n|poke|p2|Kingambit, F|\n|poke|p2|Manaphy|\n|poke|p2|Ogerpon-Wellspring, F|\n|teampreview\n|j| BelphyG\n|\n|t:|1700735569\n|start\n|switch|p1a: Ogerpon|Ogerpon-Wellspring, F|100\/100\n|switch|p2a: Ninetales|Ninetales-Alola, F|100\/100\n|-weather|Snow|[from] ability: Snow Warning|[of] p2a: Ninetales\n|turn|1\n|l| BelphyG\n|\n|t:|1700735577\n|move|p1a: Ogerpon|Power Whip|p2a: Ninetales\n|-damage|p2a: Ninetales|38\/100\n|move|p2a: Ninetales|Aurora Veil|p2a: Ninetales\n|-sidestart|p2: Lahly|move: Aurora Veil\n|\n|-weather|Snow|[upkeep]\n|upkeep\n|turn|2\n|\n|t:|1700735583\n|move|p1a: Ogerpon|Encore|p2a: Ninetales\n|-start|p2a: Ninetales|Encore\n|move|p2a: Ninetales|Aurora Veil||[still]\n|-fail|p2a: Ninetales\n|\n|-weather|Snow|[upkeep]\n|upkeep\n|turn|3\n|\n|t:|1700735589\n|switch|p2a: Zapdos|Zapdos|100\/100\n|move|p1a: Ogerpon|Spikes|p2a: Zapdos\n|-sidestart|p2: Lahly|Spikes\n|\n|-weather|Snow|[upkeep]\n|upkeep\n|turn|4\n|\n|t:|1700735597\n|switch|p1a: Slowking|Slowking-Galar, F|100\/100\n|move|p2a: Zapdos|Hurricane|p1a: Slowking\n|-damage|p1a: Slowking|63\/100\n|\n|-weather|Snow|[upkeep]\n|upkeep\n|turn|5\n|\n|t:|1700735605\n|move|p2a: Zapdos|Hurricane|p1a: Slowking\n|-damage|p1a: Slowking|25\/100\n|-start|p1a: Slowking|confusion\n|-activate|p1a: Slowking|confusion\n|move|p1a: Slowking|Chilly Reception|p1a: Slowking\n|\n|t:|1700735609\n|switch|p1a: Weavile|Weavile, F|100\/100|[from] Chilly Reception\n|-ability|p1a: Weavile|Pressure\n|\n|-weather|none\n|upkeep\n|turn|6\n|\n|t:|1700735619\n|move|p1a: Weavile|Knock Off|p2a: Zapdos\n|-damage|p2a: Zapdos|76\/100\n|-enditem|p2a: Zapdos|Heavy-Duty Boots|[from] move: Knock Off|[of] p1a: Weavile\n|move|p2a: Zapdos|Heat Wave|p1a: Weavile\n|-supereffective|p1a: Weavile\n|-damage|p1a: Weavile|4\/100\n|\n|upkeep\n|turn|7\n|inactive|Battle timer is ON: inactive players will automatically lose when time's up. (requested by Kyussey)\n|inactive|Lahly has 120 seconds left.\n|inactive|Lahly has 90 seconds left.\n|\n|t:|1700735704\n|move|p1a: Weavile|Icicle Crash|p2a: Zapdos\n|-supereffective|p2a: Zapdos\n|-crit|p2a: Zapdos\n|-damage|p2a: Zapdos|0 fnt\n|faint|p2a: Zapdos\n|\n|upkeep\n|inactive|Lahly has 120 seconds left.\n|\n|t:|1700735746\n|switch|p2a: Kingambit|Kingambit, F|100\/100\n|-damage|p2a: Kingambit|88\/100|[from] Spikes\n|-activate|p2a: Kingambit|ability: Supreme Overlord\n|-start|p2a: Kingambit|fallen1|[silent]\n|turn|8\n|\n|t:|1700735751\n|move|p2a: Kingambit|Sucker Punch|p1a: Weavile\n|-resisted|p1a: Weavile\n|-damage|p1a: Weavile|0 fnt\n|faint|p1a: Weavile\n|\n|-heal|p2a: Kingambit|94\/100|[from] item: Leftovers\n|-sideend|p2: Lahly|move: Aurora Veil\n|upkeep\n|\n|t:|1700735761\n|switch|p1a: Great Tusk|Great Tusk|100\/100\n|turn|9\n|inactive|Lahly has 120 seconds left.\n|\n|t:|1700735788\n|-terastallize|p2a: Kingambit|Fighting\n|move|p1a: Great Tusk|Rapid Spin|p2a: Kingambit\n|-damage|p2a: Kingambit|83\/100\n|-boost|p1a: Great Tusk|spe|1\n|move|p2a: Kingambit|Swords Dance|p2a: Kingambit\n|-boost|p2a: Kingambit|atk|2\n|\n|-heal|p2a: Kingambit|89\/100|[from] item: Leftovers\n|upkeep\n|turn|10\n|\n|t:|1700735797\n|move|p1a: Great Tusk|Earthquake|p2a: Kingambit\n|-damage|p2a: Kingambit|59\/100\n|move|p2a: Kingambit|Low Kick|p1a: Great Tusk\n|-damage|p1a: Great Tusk|2\/100\n|\n|-heal|p1a: Great Tusk|9\/100|[from] item: Leftovers\n|-heal|p2a: Kingambit|65\/100|[from] item: Leftovers\n|upkeep\n|turn|11\n|\n|t:|1700735808\n|move|p2a: Kingambit|Sucker Punch||[still]\n|-fail|p2a: Kingambit\n|move|p1a: Great Tusk|Stealth Rock|p2a: Kingambit\n|-sidestart|p2: Lahly|move: Stealth Rock\n|\n|-heal|p1a: Great Tusk|15\/100|[from] item: Leftovers\n|-heal|p2a: Kingambit|71\/100|[from] item: Leftovers\n|upkeep\n|turn|12\n|\n|t:|1700735816\n|move|p2a: Kingambit|Sucker Punch|p1a: Great Tusk\n|-resisted|p1a: Great Tusk\n|-damage|p1a: Great Tusk|0 fnt\n|faint|p1a: Great Tusk\n|-end|p1a: Great Tusk|Protosynthesis|[silent]\n|\n|-heal|p2a: Kingambit|77\/100|[from] item: Leftovers\n|upkeep\n|\n|t:|1700735819\n|switch|p1a: Enamorus|Enamorus, F|100\/100\n|turn|13\n|inactive|Lahly has 120 seconds left.\n|\n|t:|1700735831\n|-terastallize|p1a: Enamorus|Fairy\n|move|p2a: Kingambit|Sucker Punch|p1a: Enamorus\n|-resisted|p1a: Enamorus\n|-damage|p1a: Enamorus|30\/100\n|move|p1a: Enamorus|Moonblast|p2a: Kingambit\n|-supereffective|p2a: Kingambit\n|-damage|p2a: Kingambit|0 fnt\n|faint|p2a: Kingambit\n|-end|p2a: Kingambit|fallen1|[silent]\n|\n|upkeep\n|inactive|Lahly has 120 seconds left.\n|inactive|Lahly has 90 seconds left.\n|\n|t:|1700735894\n|switch|p2a: Ogerpon|Ogerpon-Wellspring, F|100\/100\n|-damage|p2a: Ogerpon|88\/100|[from] Spikes\n|-damage|p2a: Ogerpon|76\/100|[from] Stealth Rock\n|turn|14\n|\n|t:|1700735900\n|move|p1a: Enamorus|Moonblast|p2a: Ogerpon\n|-damage|p2a: Ogerpon|0 fnt\n|faint|p2a: Ogerpon\n|\n|upkeep\n|\n|t:|1700735907\n|switch|p2a: Manaphy|Manaphy|100\/100\n|-damage|p2a: Manaphy|88\/100|[from] Spikes\n|-damage|p2a: Manaphy|76\/100|[from] Stealth Rock\n|turn|15\n|\n|t:|1700735914\n|move|p1a: Enamorus|Moonblast|p2a: Manaphy\n|-damage|p2a: Manaphy|18\/100\n|move|p2a: Manaphy|Scald|p1a: Enamorus\n|-damage|p1a: Enamorus|0 fnt\n|faint|p1a: Enamorus\n|\n|-heal|p2a: Manaphy|24\/100|[from] item: Leftovers\n|upkeep\n|\n|t:|1700735919\n|switch|p1a: Ogerpon|Ogerpon-Wellspring, F|100\/100\n|turn|16\n|\n|t:|1700735933\n|move|p1a: Ogerpon|Power Whip|p2a: Manaphy\n|-supereffective|p2a: Manaphy\n|-damage|p2a: Manaphy|0 fnt\n|faint|p2a: Manaphy\n|\n|upkeep\n|\n|t:|1700735938\n|switch|p2a: Ninetales|Ninetales-Alola, F|38\/100\n|-damage|p2a: Ninetales|26\/100|[from] Spikes\n|-damage|p2a: Ninetales|1\/100|[from] Stealth Rock\n|-weather|Snow|[from] ability: Snow Warning|[of] p2a: Ninetales\n|turn|17\n|\n|t:|1700735944\n|move|p1a: Ogerpon|Ivy Cudgel|p2a: Ninetales|[anim] Ivy Cudgel Water\n|-damage|p2a: Ninetales|0 fnt\n|faint|p2a: Ninetales\n|\n|-weather|Snow|[upkeep]\n|upkeep\n|\n|t:|1700735964\n|switch|p2a: Great Tusk|Great Tusk|100\/100\n|-damage|p2a: Great Tusk|88\/100|[from] Spikes\n|-damage|p2a: Great Tusk|85\/100|[from] Stealth Rock\n|turn|18\n|\n|t:|1700735969\n|move|p1a: Ogerpon|Ivy Cudgel|p2a: Great Tusk|[anim] Ivy Cudgel Water\n|-supereffective|p2a: Great Tusk\n|-damage|p2a: Great Tusk|0 fnt\n|faint|p2a: Great Tusk\n|-end|p2a: Great Tusk|Protosynthesis|[silent]\n|\n|win|Kyussey\n|raw|Kyussey's rating: 1526 &rarr; <strong>1541<\/strong><br \/>(+15 for winning)\n|raw|Lahly's rating: 1436 &rarr; <strong>1421<\/strong><br \/>(-15 for losing)\n|l|\u2606Lahly\n","uploadtime":1700735982,"views":17,"p1id":"kyussey","p2id":"lahly","formatid":"gen9ou","rating":1421,"private":0,"password":""}