{"id":"gen9ou-1997277479","p1":"knexhawk2","p2":"PLLV51 leng","format":"[Gen 9] OU","log":"|j|\u2606knexhawk2\n|j|\u2606PLLV51 leng\n|t:|1700783687\n|gametype|singles\n|player|p1|knexhawk2|red-masters|1749\n|player|p2|PLLV51 leng|unknownf|1871\n|teamsize|p1|6\n|teamsize|p2|6\n|gen|9\n|tier|[Gen 9] OU\n|rated|\n|rule|Sleep Clause Mod: Limit one foe put to sleep\n|rule|Species Clause: Limit one of each Pok\u00e9mon\n|rule|OHKO Clause: OHKO moves are banned\n|rule|Evasion Items Clause: Evasion items are banned\n|rule|Evasion Moves Clause: Evasion moves are banned\n|rule|Endless Battle Clause: Forcing endless battles is banned\n|rule|HP Percentage Mod: HP is shown in percentages\n|clearpoke\n|poke|p1|Wo-Chien|\n|poke|p1|Talonflame, M|\n|poke|p1|Alomomola, M|\n|poke|p1|Blissey, F|\n|poke|p1|Cyclizar, F|\n|poke|p1|Clodsire, F|\n|poke|p2|Mandibuzz, F|\n|poke|p2|Ogerpon-Wellspring, F|\n|poke|p2|Zapdos|\n|poke|p2|Gholdengo|\n|poke|p2|Gastrodon-East, M|\n|poke|p2|Dragapult, M|\n|teampreview\n|inactive|Battle timer is ON: inactive players will automatically lose when time's up. (requested by PLLV51 leng)\n|c|\u2606PLLV51 leng|Knex tf is this\n|c|\u2606knexhawk2|wo chien.\n|c|\u2606PLLV51 leng|Respect\n|inactive|knexhawk2 has 120 seconds left.\n|inactive|PLLV51 leng has 120 seconds left.\n|c|\u2606knexhawk2|its fire (trust me)\n|\n|t:|1700783732\n|start\n|switch|p1a: You are my son|Alomomola, M|100\/100\n|switch|p2a: Dragapult|Dragapult, M|100\/100\n|turn|1\n|\n|t:|1700783737\n|move|p1a: You are my son|Protect|p1a: You are my son\n|-singleturn|p1a: You are my son|Protect\n|move|p2a: Dragapult|Dragon Darts|p1a: You are my son\n|-activate|p1a: You are my son|move: Protect\n|\n|upkeep\n|turn|2\n|j| kitty_Venom\n|\n|t:|1700783744\n|move|p2a: Dragapult|Dragon Darts|p1a: You are my son\n|-damage|p1a: You are my son|82\/100\n|-anim|p2a: Dragapult|Dragon Darts|p1a: You are my son\n|-crit|p1a: You are my son\n|-damage|p1a: You are my son|50\/100\n|move|p1a: You are my son|Scald|p2a: Dragapult\n|-resisted|p2a: Dragapult\n|-damage|p2a: Dragapult|92\/100\n|\n|upkeep\n|turn|3\n|\n|t:|1700783753\n|move|p2a: Dragapult|Dragon Darts|p1a: You are my son\n|-damage|p1a: You are my son|32\/100\n|-anim|p2a: Dragapult|Dragon Darts|p1a: You are my son\n|-damage|p1a: You are my son|14\/100\n|move|p1a: You are my son|Wish|p1a: You are my son\n|\n|upkeep\n|turn|4\n|\n|t:|1700783765\n|switch|p2a: Ogerpon|Ogerpon-Wellspring, F|100\/100\n|move|p1a: You are my son|Protect||[still]\n|-fail|p1a: You are my son\n|\n|-heal|p1a: You are my son|64\/100|[from] move: Wish|[wisher] You are my son\n|upkeep\n|turn|5\n|\n|t:|1700783773\n|switch|p1a: I own you.|Wo-Chien|100\/100\n|-ability|p1a: I own you.|Tablets of Ruin\n|move|p2a: Ogerpon|Knock Off|p1a: I own you.\n|-resisted|p1a: I own you.\n|-damage|p1a: I own you.|91\/100\n|-enditem|p1a: I own you.|Leftovers|[from] move: Knock Off|[of] p2a: Ogerpon\n|\n|upkeep\n|turn|6\n|j| Rainbow Chrome\n|\n|t:|1700783789\n|switch|p2a: Zapdos|Zapdos|100\/100\n|move|p1a: I own you.|Knock Off|p2a: Zapdos\n|-damage|p2a: Zapdos|72\/100\n|-status|p1a: I own you.|par|[from] ability: Static|[of] p2a: Zapdos\n|-enditem|p2a: Zapdos|Heavy-Duty Boots|[from] move: Knock Off|[of] p1a: I own you.\n|\n|upkeep\n|turn|7\n|\n|t:|1700783798\n|switch|p1a: ur my lizard|Cyclizar, F|100\/100\n|move|p2a: Zapdos|Volt Switch|p1a: ur my lizard\n|-resisted|p1a: ur my lizard\n|-damage|p1a: ur my lizard|83\/100\n|\n|t:|1700783804\n|switch|p2a: Dragapult|Dragapult, M|92\/100|[from] Volt Switch\n|\n|upkeep\n|turn|8\n|\n|t:|1700783818\n|switch|p1a: You are my son|Alomomola, M|97\/100\n|move|p2a: Dragapult|U-turn|p1a: You are my son\n|-damage|p1a: You are my son|77\/100\n|-damage|p2a: Dragapult|76\/100|[from] item: Rocky Helmet|[of] p1a: You are my son\n|\n|t:|1700783821\n|switch|p2a: Ogerpon|Ogerpon-Wellspring, F|100\/100|[from] U-turn\n|\n|upkeep\n|turn|9\n|\n|t:|1700783854\n|switch|p2a: Zapdos|Zapdos|72\/100\n|switch|p1a: I own you.|Wo-Chien|91\/100 par\n|-ability|p1a: I own you.|Tablets of Ruin\n|\n|upkeep\n|turn|10\n|\n|t:|1700783859\n|switch|p1a: I'm your mom.|Blissey, F|100\/100\n|move|p2a: Zapdos|Thunder Wave|p1a: I'm your mom.\n|-status|p1a: I'm your mom.|par\n|\n|upkeep\n|turn|11\n|\n|t:|1700783863\n|move|p2a: Zapdos|Volt Switch|p1a: I'm your mom.\n|-damage|p1a: I'm your mom.|89\/100 par\n|\n|t:|1700783868\n|switch|p2a: Dragapult|Dragapult, M|76\/100|[from] Volt Switch\n|cant|p1a: I'm your mom.|par\n|\n|upkeep\n|turn|12\n|\n|t:|1700783882\n|-curestatus|p1a: I'm your mom.|par|[from] ability: Natural Cure\n|switch|p1a: You are my son|Alomomola, M|100\/100\n|move|p2a: Dragapult|Will-O-Wisp|p1a: You are my son\n|-status|p1a: You are my son|brn\n|\n|-damage|p1a: You are my son|94\/100 brn|[from] brn\n|upkeep\n|turn|13\n|\n|t:|1700783890\n|switch|p2a: Ogerpon|Ogerpon-Wellspring, F|100\/100\n|switch|p1a: Your father.|Talonflame, M|100\/100\n|\n|upkeep\n|turn|14\n|\n|t:|1700783904\n|switch|p2a: Gholdengo|Gholdengo|100\/100\n|switch|p1a: You are my son|Alomomola, M|100\/100 brn\n|\n|-damage|p1a: You are my son|94\/100 brn|[from] brn\n|upkeep\n|turn|15\n|\n|t:|1700783918\n|switch|p2a: Dragapult|Dragapult, M|76\/100\n|switch|p1a: ur my lizard|Cyclizar, F|100\/100\n|\n|upkeep\n|turn|16\n|\n|t:|1700783922\n|switch|p1a: You are my son|Alomomola, M|100\/100 brn\n|move|p2a: Dragapult|Dragon Darts|p1a: You are my son\n|-damage|p1a: You are my son|80\/100 brn\n|-anim|p2a: Dragapult|Dragon Darts|p1a: You are my son\n|-damage|p1a: You are my son|59\/100 brn\n|\n|-damage|p1a: You are my son|53\/100 brn|[from] brn\n|upkeep\n|turn|17\n|\n|t:|1700783926\n|move|p2a: Dragapult|Dragon Darts|p1a: You are my son\n|-crit|p1a: You are my son\n|-damage|p1a: You are my son|22\/100 brn\n|-anim|p2a: Dragapult|Dragon Darts|p1a: You are my son\n|-damage|p1a: You are my son|2\/100 brn\n|move|p1a: You are my son|Wish|p1a: You are my son\n|\n|-damage|p1a: You are my son|0 fnt|[from] brn\n|faint|p1a: You are my son\n|upkeep\n|c|\u2606PLLV51 leng|Damn\n|c|\u2606knexhawk2|i greeded\n|\n|t:|1700783940\n|switch|p1a: you are my pet|Clodsire, F|100\/100\n|turn|18\n|c|\u2606PLLV51 leng|That made things easier\n|c|\u2606knexhawk2|i miss heal bell blissey\n|\n|t:|1700783956\n|switch|p2a: Gastrodon|Gastrodon-East, M|100\/100\n|move|p1a: you are my pet|Spikes|p2a: Gastrodon\n|-sidestart|p2: PLLV51 leng|Spikes\n|\n|upkeep\n|turn|19\n|c|\u2606knexhawk2|i need it\n|\n|t:|1700783962\n|switch|p1a: I'm your mom.|Blissey, F|89\/100\n|move|p2a: Gastrodon|Stealth Rock|p1a: I'm your mom.\n|-sidestart|p1: knexhawk2|move: Stealth Rock\n|\n|upkeep\n|turn|20\n|\n|t:|1700783968\n|switch|p2a: Mandibuzz|Mandibuzz, F|100\/100\n|move|p1a: I'm your mom.|Stealth Rock|p2a: Mandibuzz\n|-sidestart|p2: PLLV51 leng|move: Stealth Rock\n|\n|upkeep\n|turn|21\n|\n|t:|1700783971\n|switch|p1a: ur my lizard|Cyclizar, F|100\/100\n|move|p2a: Mandibuzz|Defog|p1a: ur my lizard\n|-unboost|p1a: ur my lizard|evasion|1\n|-sideend|p1: knexhawk2|Stealth Rock|[from] move: Defog|[of] p2a: Mandibuzz\n|-sideend|p2: PLLV51 leng|Spikes|[from] move: Defog|[of] p2a: Mandibuzz\n|-sideend|p2: PLLV51 leng|Stealth Rock|[from] move: Defog|[of] p2a: Mandibuzz\n|\n|upkeep\n|turn|22\n|\n|t:|1700783982\n|switch|p2a: Zapdos|Zapdos|72\/100\n|move|p1a: ur my lizard|Knock Off|p2a: Zapdos\n|-damage|p2a: Zapdos|57\/100\n|\n|upkeep\n|turn|23\n|\n|t:|1700783990\n|switch|p1a: I'm your mom.|Blissey, F|89\/100\n|move|p2a: Zapdos|Volt Switch|p1a: I'm your mom.\n|-damage|p1a: I'm your mom.|79\/100\n|\n|t:|1700783998\n|switch|p2a: Dragapult|Dragapult, M|76\/100|[from] Volt Switch\n|\n|upkeep\n|turn|24\n|\n|t:|1700784001\n|switch|p1a: you are my pet|Clodsire, F|100\/100\n|move|p2a: Dragapult|U-turn|p1a: you are my pet\n|-resisted|p1a: you are my pet\n|-damage|p1a: you are my pet|87\/100\n|\n|t:|1700784009\n|switch|p2a: Ogerpon|Ogerpon-Wellspring, F|100\/100|[from] U-turn\n|\n|-heal|p1a: you are my pet|93\/100|[from] item: Leftovers\n|upkeep\n|turn|25\n|\n|t:|1700784013\n|-terastallize|p1a: you are my pet|Fairy\n|move|p2a: Ogerpon|Ivy Cudgel|p1a: you are my pet|[anim] Ivy Cudgel Water\n|-damage|p1a: you are my pet|54\/100\n|move|p1a: you are my pet|Counter|p2a: Ogerpon\n|-damage|p2a: Ogerpon|0 fnt\n|faint|p2a: Ogerpon\n|\n|-heal|p1a: you are my pet|60\/100|[from] item: Leftovers\n|upkeep\n|\n|t:|1700784020\n|switch|p2a: Gholdengo|Gholdengo|100\/100\n|turn|26\n|\n|t:|1700784025\n|switch|p1a: ur my lizard|Cyclizar, F|100\/100\n|move|p2a: Gholdengo|Nasty Plot|p2a: Gholdengo\n|-boost|p2a: Gholdengo|spa|2\n|\n|upkeep\n|turn|27\n|\n|t:|1700784032\n|-terastallize|p2a: Gholdengo|Fairy\n|move|p2a: Gholdengo|Nasty Plot|p2a: Gholdengo\n|-boost|p2a: Gholdengo|spa|2\n|move|p1a: ur my lizard|Dragon Tail|p2a: Gholdengo\n|-immune|p2a: Gholdengo\n|\n|upkeep\n|turn|28\n|\n|t:|1700784040\n|move|p1a: ur my lizard|U-turn|p2a: Gholdengo\n|-resisted|p2a: Gholdengo\n|-damage|p2a: Gholdengo|94\/100\n|\n|t:|1700784045\n|switch|p1a: Your father.|Talonflame, M|100\/100|[from] U-turn\n|move|p2a: Gholdengo|Make It Rain|p1a: Your father.\n|-resisted|p1a: Your father.\n|-damage|p1a: Your father.|0 fnt\n|-unboost|p2a: Gholdengo|spa|1\n|faint|p1a: Your father.\n|\n|upkeep\n|\n|t:|1700784046\n|switch|p1a: I'm your mom.|Blissey, F|79\/100\n|turn|29\n|\n|t:|1700784050\n|move|p2a: Gholdengo|Nasty Plot|p2a: Gholdengo\n|-boost|p2a: Gholdengo|spa|2\n|move|p1a: I'm your mom.|Soft-Boiled|p1a: I'm your mom.\n|-heal|p1a: I'm your mom.|100\/100\n|\n|upkeep\n|turn|30\n|\n|t:|1700784058\n|move|p2a: Gholdengo|Make It Rain|p1a: I'm your mom.\n|-damage|p1a: I'm your mom.|42\/100\n|-unboost|p2a: Gholdengo|spa|1\n|move|p1a: I'm your mom.|Calm Mind|p1a: I'm your mom.\n|-boost|p1a: I'm your mom.|spa|1\n|-boost|p1a: I'm your mom.|spd|1\n|\n|upkeep\n|turn|31\n|\n|t:|1700784064\n|move|p2a: Gholdengo|Make It Rain|p1a: I'm your mom.\n|-damage|p1a: I'm your mom.|12\/100\n|-unboost|p2a: Gholdengo|spa|1\n|move|p1a: I'm your mom.|Soft-Boiled|p1a: I'm your mom.\n|-heal|p1a: I'm your mom.|62\/100\n|\n|upkeep\n|turn|32\n|\n|t:|1700784079\n|switch|p2a: Dragapult|Dragapult, M|76\/100\n|move|p1a: I'm your mom.|Soft-Boiled|p1a: I'm your mom.\n|-heal|p1a: I'm your mom.|100\/100\n|\n|upkeep\n|turn|33\n|\n|t:|1700784083\n|switch|p1a: you are my pet|Clodsire, F, tera:Fairy|60\/100\n|move|p2a: Dragapult|U-turn|p1a: you are my pet\n|-resisted|p1a: you are my pet\n|-damage|p1a: you are my pet|49\/100\n|\n|t:|1700784085\n|switch|p2a: Gholdengo|Gholdengo, tera:Fairy|94\/100|[from] U-turn\n|\n|-heal|p1a: you are my pet|55\/100|[from] item: Leftovers\n|upkeep\n|turn|34\n|j| IReallyLikeBeans\n|\n|t:|1700784089\n|switch|p1a: I'm your mom.|Blissey, F|100\/100\n|move|p2a: Gholdengo|Nasty Plot|p2a: Gholdengo\n|-boost|p2a: Gholdengo|spa|2\n|\n|upkeep\n|turn|35\n|\n|t:|1700784097\n|move|p2a: Gholdengo|Nasty Plot|p2a: Gholdengo\n|-boost|p2a: Gholdengo|spa|2\n|move|p1a: I'm your mom.|Stealth Rock|p2a: Gholdengo\n|-sidestart|p2: PLLV51 leng|move: Stealth Rock\n|\n|upkeep\n|turn|36\n|\n|t:|1700784101\n|move|p2a: Gholdengo|Make It Rain|p1a: I'm your mom.\n|-damage|p1a: I'm your mom.|53\/100\n|-unboost|p2a: Gholdengo|spa|1\n|move|p1a: I'm your mom.|Calm Mind|p1a: I'm your mom.\n|-boost|p1a: I'm your mom.|spa|1\n|-boost|p1a: I'm your mom.|spd|1\n|\n|upkeep\n|turn|37\n|\n|t:|1700784109\n|switch|p2a: Dragapult|Dragapult, M|76\/100\n|-damage|p2a: Dragapult|63\/100|[from] Stealth Rock\n|move|p1a: I'm your mom.|Soft-Boiled|p1a: I'm your mom.\n|-heal|p1a: I'm your mom.|100\/100\n|\n|upkeep\n|turn|38\n|\n|t:|1700784113\n|switch|p1a: you are my pet|Clodsire, F, tera:Fairy|55\/100\n|move|p2a: Dragapult|U-turn|p1a: you are my pet\n|-resisted|p1a: you are my pet\n|-damage|p1a: you are my pet|43\/100\n|\n|t:|1700784120\n|switch|p2a: Gholdengo|Gholdengo, tera:Fairy|94\/100|[from] U-turn\n|\n|-heal|p1a: you are my pet|49\/100|[from] item: Leftovers\n|upkeep\n|turn|39\n|\n|t:|1700784131\n|switch|p1a: I'm your mom.|Blissey, F|100\/100\n|move|p2a: Gholdengo|Make It Rain|p1a: I'm your mom.\n|-damage|p1a: I'm your mom.|83\/100\n|-unboost|p2a: Gholdengo|spa|1\n|\n|upkeep\n|turn|40\n|c|\u2606PLLV51 leng|Fuck\n|\n|t:|1700784145\n|switch|p2a: Mandibuzz|Mandibuzz, F|100\/100\n|switch|p1a: you are my pet|Clodsire, F, tera:Fairy|49\/100\n|\n|-heal|p1a: you are my pet|55\/100|[from] item: Leftovers\n|upkeep\n|turn|41\n|\n|t:|1700784152\n|switch|p1a: I own you.|Wo-Chien|91\/100 par\n|-ability|p1a: I own you.|Tablets of Ruin\n|move|p2a: Mandibuzz|Defog|p1a: I own you.\n|-unboost|p1a: I own you.|evasion|1\n|-sideend|p2: PLLV51 leng|Stealth Rock|[from] move: Defog|[of] p2a: Mandibuzz\n|\n|upkeep\n|turn|42\n|\n|t:|1700784160\n|switch|p2a: Zapdos|Zapdos|57\/100\n|cant|p1a: I own you.|par\n|\n|upkeep\n|turn|43\n|\n|t:|1700784166\n|move|p2a: Zapdos|Volt Switch|p1a: I own you.\n|-resisted|p1a: I own you.\n|-crit|p1a: I own you.\n|-damage|p1a: I own you.|71\/100 par\n|\n|t:|1700784177\n|switch|p2a: Gastrodon|Gastrodon-East, M|100\/100|[from] Volt Switch\n|move|p1a: I own you.|Leech Seed|p2a: Gastrodon\n|-start|p2a: Gastrodon|move: Leech Seed\n|\n|-damage|p2a: Gastrodon|88\/100|[from] Leech Seed|[of] p1a: I own you.\n|-heal|p1a: I own you.|86\/100 par|[silent]\n|upkeep\n|turn|44\n|\n|t:|1700784182\n|move|p2a: Gastrodon|Stealth Rock|p1a: I own you.\n|-sidestart|p1: knexhawk2|move: Stealth Rock\n|move|p1a: I own you.|Knock Off|p2a: Gastrodon\n|-damage|p2a: Gastrodon|54\/100\n|-enditem|p2a: Gastrodon|Heavy-Duty Boots|[from] move: Knock Off|[of] p1a: I own you.\n|\n|-damage|p2a: Gastrodon|42\/100|[from] Leech Seed|[of] p1a: I own you.\n|-heal|p1a: I own you.|99\/100 par|[silent]\n|upkeep\n|turn|45\n|\n|t:|1700784191\n|switch|p2a: Zapdos|Zapdos|57\/100\n|cant|p1a: I own you.|par\n|\n|upkeep\n|turn|46\n|\n|t:|1700784198\n|move|p2a: Zapdos|Hurricane|p1a: I own you.\n|-supereffective|p1a: I own you.\n|-damage|p1a: I own you.|27\/100 par\n|cant|p1a: I own you.|par\n|\n|upkeep\n|turn|47\n|c|\u2606knexhawk2|man ive leech seeded at this guy\n|c|\u2606knexhawk2|3 times\n|\n|t:|1700784210\n|move|p2a: Zapdos|Volt Switch|p1a: I own you.\n|-resisted|p1a: I own you.\n|-damage|p1a: I own you.|15\/100 par\n|\n|t:|1700784214\n|switch|p2a: Gholdengo|Gholdengo, tera:Fairy|94\/100|[from] Volt Switch\n|move|p1a: I own you.|Leech Seed|p2a: Gholdengo\n|-immune|p2a: Gholdengo|[from] ability: Good as Gold\n|\n|upkeep\n|turn|48\n|\n|t:|1700784221\n|switch|p1a: I'm your mom.|Blissey, F|83\/100\n|move|p2a: Gholdengo|Nasty Plot|p2a: Gholdengo\n|-boost|p2a: Gholdengo|spa|2\n|\n|upkeep\n|turn|49\n|\n|t:|1700784224\n|move|p2a: Gholdengo|Nasty Plot|p2a: Gholdengo\n|-boost|p2a: Gholdengo|spa|2\n|move|p1a: I'm your mom.|Stealth Rock|p2a: Gholdengo\n|-sidestart|p2: PLLV51 leng|move: Stealth Rock\n|\n|upkeep\n|turn|50\n|\n|t:|1700784227\n|move|p2a: Gholdengo|Make It Rain|p1a: I'm your mom.\n|-damage|p1a: I'm your mom.|34\/100\n|-unboost|p2a: Gholdengo|spa|1\n|move|p1a: I'm your mom.|Calm Mind|p1a: I'm your mom.\n|-boost|p1a: I'm your mom.|spa|1\n|-boost|p1a: I'm your mom.|spd|1\n|\n|upkeep\n|turn|51\n|\n|t:|1700784235\n|switch|p2a: Mandibuzz|Mandibuzz, F|100\/100\n|move|p1a: I'm your mom.|Soft-Boiled|p1a: I'm your mom.\n|-heal|p1a: I'm your mom.|84\/100\n|\n|upkeep\n|turn|52\n|\n|t:|1700784258\n|switch|p2a: Gholdengo|Gholdengo, tera:Fairy|94\/100\n|switch|p1a: ur my lizard|Cyclizar, F|100\/100\n|\n|upkeep\n|turn|53\n|\n|t:|1700784264\n|move|p1a: ur my lizard|Knock Off|p2a: Gholdengo\n|-resisted|p2a: Gholdengo\n|-damage|p2a: Gholdengo|85\/100\n|-enditem|p2a: Gholdengo|Heavy-Duty Boots|[from] move: Knock Off|[of] p1a: ur my lizard\n|move|p2a: Gholdengo|Nasty Plot|p2a: Gholdengo\n|-boost|p2a: Gholdengo|spa|2\n|\n|upkeep\n|turn|54\n|\n|t:|1700784268\n|move|p1a: ur my lizard|U-turn|p2a: Gholdengo\n|-resisted|p2a: Gholdengo\n|-damage|p2a: Gholdengo|79\/100\n|\n|t:|1700784270\n|switch|p1a: I'm your mom.|Blissey, F|84\/100|[from] U-turn\n|move|p2a: Gholdengo|Nasty Plot|p2a: Gholdengo\n|-boost|p2a: Gholdengo|spa|2\n|\n|upkeep\n|turn|55\n|\n|t:|1700784273\n|move|p2a: Gholdengo|Nasty Plot|p2a: Gholdengo\n|-boost|p2a: Gholdengo|spa|2\n|move|p1a: I'm your mom.|Calm Mind|p1a: I'm your mom.\n|-boost|p1a: I'm your mom.|spa|1\n|-boost|p1a: I'm your mom.|spd|1\n|\n|upkeep\n|turn|56\n|\n|t:|1700784276\n|move|p2a: Gholdengo|Make It Rain|p1a: I'm your mom.\n|-damage|p1a: I'm your mom.|44\/100\n|-unboost|p2a: Gholdengo|spa|1\n|move|p1a: I'm your mom.|Calm Mind|p1a: I'm your mom.\n|-boost|p1a: I'm your mom.|spa|1\n|-boost|p1a: I'm your mom.|spd|1\n|\n|upkeep\n|turn|57\n|\n|t:|1700784298\n|switch|p2a: Mandibuzz|Mandibuzz, F|100\/100\n|move|p1a: I'm your mom.|Soft-Boiled|p1a: I'm your mom.\n|-heal|p1a: I'm your mom.|94\/100\n|\n|upkeep\n|turn|58\n|\n|t:|1700784314\n|move|p2a: Mandibuzz|Defog|p1a: I'm your mom.\n|-unboost|p1a: I'm your mom.|evasion|1\n|-sideend|p1: knexhawk2|Stealth Rock|[from] move: Defog|[of] p2a: Mandibuzz\n|-sideend|p2: PLLV51 leng|Stealth Rock|[from] move: Defog|[of] p2a: Mandibuzz\n|move|p1a: I'm your mom.|Seismic Toss|p2a: Mandibuzz\n|-damage|p2a: Mandibuzz|77\/100\n|\n|upkeep\n|turn|59\n|l| kitty_Venom\n|\n|t:|1700784329\n|switch|p2a: Dragapult|Dragapult, M|63\/100\n|switch|p1a: ur my lizard|Cyclizar, F|100\/100\n|\n|upkeep\n|turn|60\n|\n|t:|1700784348\n|switch|p1a: you are my pet|Clodsire, F, tera:Fairy|55\/100\n|move|p2a: Dragapult|U-turn|p1a: you are my pet\n|-resisted|p1a: you are my pet\n|-damage|p1a: you are my pet|43\/100\n|\n|t:|1700784355\n|switch|p2a: Gholdengo|Gholdengo, tera:Fairy|79\/100|[from] U-turn\n|\n|-heal|p1a: you are my pet|49\/100|[from] item: Leftovers\n|upkeep\n|turn|61\n|\n|t:|1700784362\n|switch|p1a: I'm your mom.|Blissey, F|94\/100\n|move|p2a: Gholdengo|Nasty Plot|p2a: Gholdengo\n|-boost|p2a: Gholdengo|spa|2\n|\n|upkeep\n|turn|62\n|\n|t:|1700784366\n|move|p2a: Gholdengo|Nasty Plot|p2a: Gholdengo\n|-boost|p2a: Gholdengo|spa|2\n|move|p1a: I'm your mom.|Stealth Rock|p2a: Gholdengo\n|-sidestart|p2: PLLV51 leng|move: Stealth Rock\n|\n|upkeep\n|turn|63\n|\n|t:|1700784371\n|move|p2a: Gholdengo|Nasty Plot|p2a: Gholdengo\n|-boost|p2a: Gholdengo|spa|2\n|move|p1a: I'm your mom.|Calm Mind|p1a: I'm your mom.\n|-boost|p1a: I'm your mom.|spa|1\n|-boost|p1a: I'm your mom.|spd|1\n|\n|upkeep\n|turn|64\n|\n|t:|1700784374\n|move|p2a: Gholdengo|Make It Rain|p1a: I'm your mom.\n|-damage|p1a: I'm your mom.|49\/100\n|-unboost|p2a: Gholdengo|spa|1\n|move|p1a: I'm your mom.|Seismic Toss|p2a: Gholdengo\n|-damage|p2a: Gholdengo|52\/100\n|\n|upkeep\n|turn|65\n|\n|t:|1700784378\n|move|p2a: Gholdengo|Recover|p2a: Gholdengo\n|-heal|p2a: Gholdengo|100\/100\n|move|p1a: I'm your mom.|Soft-Boiled|p1a: I'm your mom.\n|-heal|p1a: I'm your mom.|99\/100\n|\n|upkeep\n|turn|66\n|\n|t:|1700784389\n|switch|p2a: Mandibuzz|Mandibuzz, F|77\/100\n|move|p1a: I'm your mom.|Seismic Toss|p2a: Mandibuzz\n|-damage|p2a: Mandibuzz|53\/100\n|\n|upkeep\n|turn|67\n|c|\u2606knexhawk2|first time in a long ass time\n|c|\u2606knexhawk2|i got thru 8 make it rains\n|c|\u2606knexhawk2|without  getting  ceit\n|c|\u2606knexhawk2|crit*\n|\n|t:|1700784405\n|switch|p1a: you are my pet|Clodsire, F, tera:Fairy|49\/100\n|move|p2a: Mandibuzz|Defog|p1a: you are my pet\n|-unboost|p1a: you are my pet|evasion|1\n|-sideend|p2: PLLV51 leng|Stealth Rock|[from] move: Defog|[of] p2a: Mandibuzz\n|\n|-heal|p1a: you are my pet|56\/100|[from] item: Leftovers\n|upkeep\n|turn|68\n|\n|t:|1700784410\n|switch|p2a: Zapdos|Zapdos|57\/100\n|switch|p1a: I own you.|Wo-Chien|15\/100 par\n|-ability|p1a: I own you.|Tablets of Ruin\n|\n|upkeep\n|turn|69\n|\n|t:|1700784414\n|switch|p1a: ur my lizard|Cyclizar, F|100\/100\n|move|p2a: Zapdos|Hurricane|p1a: ur my lizard\n|-damage|p1a: ur my lizard|44\/100\n|\n|upkeep\n|turn|70\n|\n|t:|1700784418\n|switch|p1a: I'm your mom.|Blissey, F|99\/100\n|move|p2a: Zapdos|Hurricane|p1a: I'm your mom.|[miss]\n|-miss|p2a: Zapdos|p1a: I'm your mom.\n|\n|upkeep\n|turn|71\n|l| Rainbow Chrome\n|\n|t:|1700784426\n|switch|p1a: ur my lizard|Cyclizar, F|77\/100\n|move|p2a: Zapdos|Volt Switch|p1a: ur my lizard\n|-resisted|p1a: ur my lizard\n|-damage|p1a: ur my lizard|60\/100\n|\n|t:|1700784429\n|switch|p2a: Dragapult|Dragapult, M|63\/100|[from] Volt Switch\n|\n|upkeep\n|turn|72\n|j| oracio7420\n|\n|t:|1700784434\n|switch|p1a: you are my pet|Clodsire, F, tera:Fairy|56\/100\n|move|p2a: Dragapult|U-turn|p1a: you are my pet\n|-resisted|p1a: you are my pet\n|-damage|p1a: you are my pet|43\/100\n|\n|t:|1700784445\n|switch|p2a: Zapdos|Zapdos|57\/100|[from] U-turn\n|\n|-heal|p1a: you are my pet|49\/100|[from] item: Leftovers\n|upkeep\n|turn|73\n|\n|t:|1700784451\n|move|p2a: Zapdos|Volt Switch|p1a: you are my pet\n|-damage|p1a: you are my pet|27\/100\n|\n|t:|1700784455\n|switch|p2a: Gholdengo|Gholdengo, tera:Fairy|100\/100|[from] Volt Switch\n|move|p1a: you are my pet|Recover|p1a: you are my pet\n|-heal|p1a: you are my pet|77\/100\n|\n|-heal|p1a: you are my pet|83\/100|[from] item: Leftovers\n|upkeep\n|turn|74\n|\n|t:|1700784458\n|move|p2a: Gholdengo|Shadow Ball|p1a: you are my pet\n|-damage|p1a: you are my pet|59\/100\n|-unboost|p1a: you are my pet|spd|1\n|move|p1a: you are my pet|Spikes|p2a: Gholdengo\n|-sidestart|p2: PLLV51 leng|Spikes\n|\n|-heal|p1a: you are my pet|65\/100|[from] item: Leftovers\n|upkeep\n|turn|75\n|\n|t:|1700784464\n|switch|p2a: Mandibuzz|Mandibuzz, F|53\/100\n|switch|p1a: ur my lizard|Cyclizar, F|93\/100\n|\n|upkeep\n|turn|76\n|\n|t:|1700784470\n|move|p1a: ur my lizard|Knock Off|p2a: Mandibuzz\n|-resisted|p2a: Mandibuzz\n|-damage|p2a: Mandibuzz|47\/100\n|-enditem|p2a: Mandibuzz|Heavy-Duty Boots|[from] move: Knock Off|[of] p1a: ur my lizard\n|move|p2a: Mandibuzz|Roost|p2a: Mandibuzz\n|-heal|p2a: Mandibuzz|97\/100\n|-singleturn|p2a: Mandibuzz|move: Roost\n|\n|upkeep\n|turn|77\n|\n|t:|1700784474\n|move|p1a: ur my lizard|Rapid Spin|p2a: Mandibuzz\n|-damage|p2a: Mandibuzz|87\/100\n|-boost|p1a: ur my lizard|spe|1\n|move|p2a: Mandibuzz|Defog|p1a: ur my lizard\n|-unboost|p1a: ur my lizard|evasion|1\n|-sideend|p2: PLLV51 leng|Spikes|[from] move: Defog|[of] p2a: Mandibuzz\n|\n|upkeep\n|turn|78\n|\n|t:|1700784478\n|switch|p2a: Zapdos|Zapdos|57\/100\n|move|p1a: ur my lizard|Dragon Tail|p2a: Zapdos\n|-damage|p2a: Zapdos|38\/100\n|drag|p2a: Gastrodon|Gastrodon-East, M|42\/100\n|\n|upkeep\n|turn|79\n|\n|t:|1700784483\n|move|p1a: ur my lizard|Rapid Spin|p2a: Gastrodon\n|-damage|p2a: Gastrodon|24\/100\n|-boost|p1a: ur my lizard|spe|1\n|move|p2a: Gastrodon|Recover|p2a: Gastrodon\n|-heal|p2a: Gastrodon|74\/100\n|\n|upkeep\n|turn|80\n|\n|t:|1700784486\n|move|p1a: ur my lizard|Rapid Spin|p2a: Gastrodon\n|-crit|p2a: Gastrodon\n|-damage|p2a: Gastrodon|48\/100\n|-boost|p1a: ur my lizard|spe|1\n|move|p2a: Gastrodon|Ice Beam|p1a: ur my lizard\n|-supereffective|p1a: ur my lizard\n|-damage|p1a: ur my lizard|54\/100\n|\n|upkeep\n|turn|81\n|\n|t:|1700784492\n|move|p1a: ur my lizard|U-turn|p2a: Gastrodon\n|-damage|p2a: Gastrodon|30\/100\n|\n|t:|1700784493\n|switch|p1a: you are my pet|Clodsire, F, tera:Fairy|65\/100|[from] U-turn\n|move|p2a: Gastrodon|Recover|p2a: Gastrodon\n|-heal|p2a: Gastrodon|80\/100\n|\n|-heal|p1a: you are my pet|72\/100|[from] item: Leftovers\n|upkeep\n|turn|82\n|j| ratiogod64\n|\n|t:|1700784508\n|move|p2a: Gastrodon|Stealth Rock|p1a: you are my pet\n|-sidestart|p1: knexhawk2|move: Stealth Rock\n|move|p1a: you are my pet|Poison Jab|p2a: Gastrodon\n|-resisted|p2a: Gastrodon\n|-damage|p2a: Gastrodon|68\/100\n|-status|p2a: Gastrodon|psn\n|\n|-heal|p1a: you are my pet|78\/100|[from] item: Leftovers\n|-damage|p2a: Gastrodon|56\/100 psn|[from] psn\n|upkeep\n|turn|83\n|\n|t:|1700784519\n|switch|p2a: Zapdos|Zapdos|38\/100\n|move|p1a: you are my pet|Spikes|p2a: Zapdos\n|-sidestart|p2: PLLV51 leng|Spikes\n|\n|-heal|p1a: you are my pet|84\/100|[from] item: Leftovers\n|upkeep\n|turn|84\n|\n|t:|1700784525\n|move|p2a: Zapdos|Hurricane|p1a: you are my pet|[miss]\n|-miss|p2a: Zapdos|p1a: you are my pet\n|move|p1a: you are my pet|Poison Jab|p2a: Zapdos\n|-damage|p2a: Zapdos|15\/100\n|\n|-heal|p1a: you are my pet|90\/100|[from] item: Leftovers\n|upkeep\n|turn|85\n|\n|t:|1700784527\n|move|p2a: Zapdos|Roost|p2a: Zapdos\n|-heal|p2a: Zapdos|66\/100\n|-singleturn|p2a: Zapdos|move: Roost\n|move|p1a: you are my pet|Poison Jab|p2a: Zapdos\n|-damage|p2a: Zapdos|42\/100\n|\n|-heal|p1a: you are my pet|97\/100|[from] item: Leftovers\n|upkeep\n|turn|86\n|\n|t:|1700784532\n|move|p2a: Zapdos|Volt Switch|p1a: you are my pet\n|-damage|p1a: you are my pet|71\/100\n|\n|t:|1700784537\n|switch|p2a: Gholdengo|Gholdengo, tera:Fairy|100\/100|[from] Volt Switch\n|-damage|p2a: Gholdengo|88\/100|[from] Spikes\n|move|p1a: you are my pet|Poison Jab|p2a: Gholdengo\n|-supereffective|p2a: Gholdengo\n|-damage|p2a: Gholdengo|49\/100\n|-status|p2a: Gholdengo|psn\n|\n|-heal|p1a: you are my pet|77\/100|[from] item: Leftovers\n|-damage|p2a: Gholdengo|37\/100 psn|[from] psn\n|upkeep\n|turn|87\n|\n|t:|1700784541\n|switch|p1a: ur my lizard|Cyclizar, F|87\/100\n|move|p2a: Gholdengo|Recover|p2a: Gholdengo\n|-heal|p2a: Gholdengo|87\/100 psn\n|\n|-damage|p2a: Gholdengo|75\/100 psn|[from] psn\n|upkeep\n|turn|88\n|\n|t:|1700784548\n|switch|p2a: Mandibuzz|Mandibuzz, F|87\/100\n|move|p1a: ur my lizard|Knock Off|p2a: Mandibuzz\n|-resisted|p2a: Mandibuzz\n|-damage|p2a: Mandibuzz|83\/100\n|\n|upkeep\n|turn|89\n|\n|t:|1700784554\n|move|p1a: ur my lizard|Rapid Spin|p2a: Mandibuzz\n|-damage|p2a: Mandibuzz|73\/100\n|-boost|p1a: ur my lizard|spe|1\n|-sideend|p1: knexhawk2|Stealth Rock|[from] move: Rapid Spin|[of] p1a: ur my lizard\n|move|p2a: Mandibuzz|Defog|p1a: ur my lizard\n|-unboost|p1a: ur my lizard|evasion|1\n|-sideend|p2: PLLV51 leng|Spikes|[from] move: Defog|[of] p2a: Mandibuzz\n|\n|upkeep\n|turn|90\n|\n|t:|1700784564\n|switch|p2a: Dragapult|Dragapult, M|63\/100\n|move|p1a: ur my lizard|U-turn|p2a: Dragapult\n|-resisted|p2a: Dragapult\n|-damage|p2a: Dragapult|53\/100\n|\n|t:|1700784566\n|switch|p1a: you are my pet|Clodsire, F, tera:Fairy|77\/100|[from] U-turn\n|\n|-heal|p1a: you are my pet|84\/100|[from] item: Leftovers\n|upkeep\n|turn|91\n|\n|t:|1700784569\n|switch|p1a: I'm your mom.|Blissey, F|99\/100\n|move|p2a: Dragapult|Will-O-Wisp|p1a: I'm your mom.\n|-status|p1a: I'm your mom.|brn\n|\n|-damage|p1a: I'm your mom.|92\/100 brn|[from] brn\n|upkeep\n|turn|92\n|\n|t:|1700784597\n|move|p2a: Dragapult|Will-O-Wisp|p1a: I'm your mom.\n|-fail|p1a: I'm your mom.|brn\n|move|p1a: I'm your mom.|Stealth Rock|p2a: Dragapult\n|-sidestart|p2: PLLV51 leng|move: Stealth Rock\n|\n|-damage|p1a: I'm your mom.|86\/100 brn|[from] brn\n|upkeep\n|turn|93\n|inactive|knexhawk2 has 120 seconds left.\n|\n|t:|1700784635\n|switch|p2a: Mandibuzz|Mandibuzz, F|73\/100\n|-damage|p2a: Mandibuzz|48\/100|[from] Stealth Rock\n|-curestatus|p1a: I'm your mom.|brn|[from] ability: Natural Cure\n|switch|p1a: I own you.|Wo-Chien|15\/100 par\n|-ability|p1a: I own you.|Tablets of Ruin\n|\n|upkeep\n|turn|94\n|inactive|PLLV51 leng has 120 seconds left.\n|\n|t:|1700784653\n|move|p2a: Mandibuzz|Defog|p1a: I own you.\n|-unboost|p1a: I own you.|evasion|1\n|-sideend|p2: PLLV51 leng|Stealth Rock|[from] move: Defog|[of] p2a: Mandibuzz\n|move|p1a: I own you.|Leech Seed|p2a: Mandibuzz\n|-start|p2a: Mandibuzz|move: Leech Seed\n|\n|-damage|p2a: Mandibuzz|36\/100|[from] Leech Seed|[of] p1a: I own you.\n|-heal|p1a: I own you.|29\/100 par|[silent]\n|upkeep\n|turn|95\n|\n|t:|1700784656\n|switch|p2a: Gholdengo|Gholdengo, tera:Fairy|75\/100 psn\n|cant|p1a: I own you.|par\n|\n|-damage|p2a: Gholdengo|62\/100 psn|[from] psn\n|upkeep\n|turn|96\n|inactive|PLLV51 leng has 120 seconds left.\n|\n|t:|1700784665\n|switch|p2a: Dragapult|Dragapult, M|53\/100\n|move|p1a: I own you.|Giga Drain|p2a: Dragapult\n|-resisted|p2a: Dragapult\n|-damage|p2a: Dragapult|37\/100\n|-heal|p1a: I own you.|36\/100 par|[from] drain|[of] p2a: Dragapult\n|\n|upkeep\n|turn|97\n|inactive|PLLV51 leng has 120 seconds left.\n|\n|t:|1700784673\n|switch|p1a: ur my lizard|Cyclizar, F|100\/100\n|move|p2a: Dragapult|U-turn|p1a: ur my lizard\n|-damage|p1a: ur my lizard|51\/100\n|inactive|PLLV51 leng has 120 seconds left.\n|\n|t:|1700784690\n|switch|p2a: Zapdos|Zapdos|42\/100|[from] U-turn\n|\n|upkeep\n|turn|98\n|\n|t:|1700784714\n|switch|p1a: I'm your mom.|Blissey, F|86\/100\n|move|p2a: Zapdos|Roost|p2a: Zapdos\n|-heal|p2a: Zapdos|92\/100\n|-singleturn|p2a: Zapdos|move: Roost\n|\n|upkeep\n|turn|99\n|\n|t:|1700784717\n|switch|p1a: ur my lizard|Cyclizar, F|84\/100\n|move|p2a: Zapdos|Volt Switch|p1a: ur my lizard\n|-resisted|p1a: ur my lizard\n|-damage|p1a: ur my lizard|67\/100\n|\n|t:|1700784721\n|switch|p2a: Dragapult|Dragapult, M|37\/100|[from] Volt Switch\n|\n|upkeep\n|turn|100\n|\n|t:|1700784723\n|switch|p1a: you are my pet|Clodsire, F, tera:Fairy|84\/100\n|move|p2a: Dragapult|U-turn|p1a: you are my pet\n|-resisted|p1a: you are my pet\n|-damage|p1a: you are my pet|71\/100\n|\n|t:|1700784728\n|switch|p2a: Zapdos|Zapdos|92\/100|[from] U-turn\n|\n|-heal|p1a: you are my pet|77\/100|[from] item: Leftovers\n|upkeep\n|turn|101\n|\n|t:|1700784733\n|move|p2a: Zapdos|Volt Switch|p1a: you are my pet\n|-damage|p1a: you are my pet|52\/100\n|\n|t:|1700784743\n|switch|p2a: Gastrodon|Gastrodon-East, M|56\/100 psn|[from] Volt Switch\n|move|p1a: you are my pet|Spikes|p2a: Gastrodon\n|-sidestart|p2: PLLV51 leng|Spikes\n|\n|-heal|p1a: you are my pet|59\/100|[from] item: Leftovers\n|-damage|p2a: Gastrodon|43\/100 psn|[from] psn\n|upkeep\n|turn|102\n|\n|t:|1700784748\n|switch|p2a: Mandibuzz|Mandibuzz, F|36\/100\n|move|p1a: you are my pet|Recover|p1a: you are my pet\n|-heal|p1a: you are my pet|100\/100\n|\n|upkeep\n|turn|103\n|\n|t:|1700784755\n|move|p2a: Mandibuzz|Roost|p2a: Mandibuzz\n|-heal|p2a: Mandibuzz|86\/100\n|-singleturn|p2a: Mandibuzz|move: Roost\n|move|p1a: you are my pet|Poison Jab|p2a: Mandibuzz\n|-damage|p2a: Mandibuzz|73\/100\n|-status|p2a: Mandibuzz|psn\n|\n|-damage|p2a: Mandibuzz|61\/100 psn|[from] psn\n|upkeep\n|turn|104\n|\n|t:|1700784759\n|switch|p1a: I own you.|Wo-Chien|36\/100 par\n|-ability|p1a: I own you.|Tablets of Ruin\n|move|p2a: Mandibuzz|Defog|p1a: I own you.\n|-unboost|p1a: I own you.|evasion|1\n|-sideend|p2: PLLV51 leng|Spikes|[from] move: Defog|[of] p2a: Mandibuzz\n|\n|-damage|p2a: Mandibuzz|48\/100 psn|[from] psn\n|upkeep\n|turn|105\n|\n|t:|1700784768\n|switch|p2a: Gholdengo|Gholdengo, tera:Fairy|62\/100 psn\n|move|p1a: I own you.|Giga Drain|p2a: Gholdengo\n|-damage|p2a: Gholdengo|38\/100 psn\n|-heal|p1a: I own you.|48\/100 par|[from] drain|[of] p2a: Gholdengo\n|\n|-damage|p2a: Gholdengo|26\/100 psn|[from] psn\n|upkeep\n|turn|106\n|\n|t:|1700784771\n|move|p2a: Gholdengo|Recover|p2a: Gholdengo\n|-heal|p2a: Gholdengo|76\/100 psn\n|cant|p1a: I own you.|par\n|\n|-damage|p2a: Gholdengo|63\/100 psn|[from] psn\n|upkeep\n|turn|107\n|\n|t:|1700784776\n|switch|p2a: Zapdos|Zapdos|92\/100\n|move|p1a: I own you.|Leech Seed|p2a: Zapdos\n|-start|p2a: Zapdos|move: Leech Seed\n|\n|-damage|p2a: Zapdos|80\/100|[from] Leech Seed|[of] p1a: I own you.\n|-heal|p1a: I own you.|59\/100 par|[silent]\n|upkeep\n|turn|108\n|\n|t:|1700784780\n|switch|p1a: ur my lizard|Cyclizar, F|99\/100\n|move|p2a: Zapdos|Volt Switch|p1a: ur my lizard\n|-resisted|p1a: ur my lizard\n|-damage|p1a: ur my lizard|85\/100\n|\n|t:|1700784784\n|switch|p2a: Dragapult|Dragapult, M|37\/100|[from] Volt Switch\n|\n|upkeep\n|turn|109\n|\n|t:|1700784787\n|switch|p1a: you are my pet|Clodsire, F, tera:Fairy|100\/100\n|move|p2a: Dragapult|Will-O-Wisp|p1a: you are my pet\n|-status|p1a: you are my pet|brn\n|\n|-damage|p1a: you are my pet|94\/100 brn|[from] brn\n|upkeep\n|turn|110\n|\n|t:|1700784794\n|switch|p2a: Mandibuzz|Mandibuzz, F|48\/100 psn\n|move|p1a: you are my pet|Spikes|p2a: Mandibuzz\n|-sidestart|p2: PLLV51 leng|Spikes\n|\n|-heal|p1a: you are my pet|100\/100 brn|[from] item: Leftovers\n|-damage|p2a: Mandibuzz|36\/100 psn|[from] psn\n|-damage|p1a: you are my pet|94\/100 brn|[from] brn\n|upkeep\n|turn|111\n|\n|t:|1700784797\n|move|p2a: Mandibuzz|Roost|p2a: Mandibuzz\n|-heal|p2a: Mandibuzz|86\/100 psn\n|-singleturn|p2a: Mandibuzz|move: Roost\n|move|p1a: you are my pet|Poison Jab|p2a: Mandibuzz\n|-damage|p2a: Mandibuzz|79\/100 psn\n|\n|-heal|p1a: you are my pet|100\/100 brn|[from] item: Leftovers\n|-damage|p2a: Mandibuzz|67\/100 psn|[from] psn\n|-damage|p1a: you are my pet|94\/100 brn|[from] brn\n|upkeep\n|turn|112\n|j| pllv51SHOW404\n|\n|t:|1700784806\n|switch|p2a: Zapdos|Zapdos|80\/100\n|move|p1a: you are my pet|Spikes|p2a: Zapdos\n|-sidestart|p2: PLLV51 leng|Spikes\n|\n|-heal|p1a: you are my pet|100\/100 brn|[from] item: Leftovers\n|-damage|p1a: you are my pet|94\/100 brn|[from] brn\n|upkeep\n|turn|113\n|\n|t:|1700784811\n|move|p2a: Zapdos|Hurricane|p1a: you are my pet\n|-damage|p1a: you are my pet|54\/100 brn\n|-start|p1a: you are my pet|confusion\n|-activate|p1a: you are my pet|confusion\n|move|p1a: you are my pet|Poison Jab|p2a: Zapdos\n|-damage|p2a: Zapdos|68\/100\n|-status|p2a: Zapdos|psn\n|\n|-heal|p1a: you are my pet|60\/100 brn|[from] item: Leftovers\n|-damage|p2a: Zapdos|56\/100 psn|[from] psn\n|-damage|p1a: you are my pet|54\/100 brn|[from] brn\n|upkeep\n|turn|114\n|\n|t:|1700784816\n|switch|p1a: ur my lizard|Cyclizar, F|100\/100\n|move|p2a: Zapdos|Hurricane|p1a: ur my lizard\n|-damage|p1a: ur my lizard|43\/100\n|-start|p1a: ur my lizard|confusion\n|\n|-damage|p2a: Zapdos|44\/100 psn|[from] psn\n|upkeep\n|turn|115\n|\n|t:|1700784819\n|switch|p1a: I'm your mom.|Blissey, F|86\/100\n|move|p2a: Zapdos|Hurricane|p1a: I'm your mom.\n|-damage|p1a: I'm your mom.|70\/100\n|-start|p1a: I'm your mom.|confusion\n|\n|-damage|p2a: Zapdos|31\/100 psn|[from] psn\n|upkeep\n|turn|116\n|\n|t:|1700784823\n|move|p2a: Zapdos|Roost|p2a: Zapdos\n|-heal|p2a: Zapdos|82\/100 psn\n|-singleturn|p2a: Zapdos|move: Roost\n|-activate|p1a: I'm your mom.|confusion\n|move|p1a: I'm your mom.|Seismic Toss|p2a: Zapdos\n|-damage|p2a: Zapdos|52\/100 psn\n|\n|-damage|p2a: Zapdos|40\/100 psn|[from] psn\n|upkeep\n|turn|117\n|\n|t:|1700784828\n|move|p2a: Zapdos|Volt Switch|p1a: I'm your mom.\n|-damage|p1a: I'm your mom.|59\/100\n|\n|t:|1700784832\n|switch|p2a: Mandibuzz|Mandibuzz, F|67\/100 psn|[from] Volt Switch\n|-activate|p1a: I'm your mom.|confusion\n|move|p1a: I'm your mom.|Seismic Toss|p2a: Mandibuzz\n|-damage|p2a: Mandibuzz|43\/100 psn\n|\n|-damage|p2a: Mandibuzz|31\/100 psn|[from] psn\n|upkeep\n|turn|118\n|c|\u2606knexhawk2|clod is a goat man\n|\n|t:|1700784838\n|move|p2a: Mandibuzz|Roost|p2a: Mandibuzz\n|-heal|p2a: Mandibuzz|81\/100 psn\n|-singleturn|p2a: Mandibuzz|move: Roost\n|-activate|p1a: I'm your mom.|confusion\n|-damage|p1a: I'm your mom.|58\/100|[from] confusion\n|\n|-damage|p2a: Mandibuzz|69\/100 psn|[from] psn\n|upkeep\n|turn|119\n|\n|t:|1700784844\n|move|p2a: Mandibuzz|Defog|p1a: I'm your mom.\n|-unboost|p1a: I'm your mom.|evasion|1\n|-sideend|p2: PLLV51 leng|Spikes|[from] move: Defog|[of] p2a: Mandibuzz\n|-activate|p1a: I'm your mom.|confusion\n|move|p1a: I'm your mom.|Stealth Rock|p2a: Mandibuzz\n|-sidestart|p2: PLLV51 leng|move: Stealth Rock\n|\n|-damage|p2a: Mandibuzz|56\/100 psn|[from] psn\n|upkeep\n|turn|120\n|\n|t:|1700784851\n|move|p2a: Mandibuzz|Defog|p1a: I'm your mom.\n|-unboost|p1a: I'm your mom.|evasion|1\n|-sideend|p2: PLLV51 leng|Stealth Rock|[from] move: Defog|[of] p2a: Mandibuzz\n|-end|p1a: I'm your mom.|confusion\n|move|p1a: I'm your mom.|Stealth Rock|p2a: Mandibuzz\n|-sidestart|p2: PLLV51 leng|move: Stealth Rock\n|\n|-damage|p2a: Mandibuzz|44\/100 psn|[from] psn\n|upkeep\n|turn|121\n|\n|t:|1700784854\n|move|p2a: Mandibuzz|Roost|p2a: Mandibuzz\n|-heal|p2a: Mandibuzz|94\/100 psn\n|-singleturn|p2a: Mandibuzz|move: Roost\n|move|p1a: I'm your mom.|Stealth Rock||[still]\n|-fail|p1a: I'm your mom.\n|\n|-damage|p2a: Mandibuzz|82\/100 psn|[from] psn\n|upkeep\n|turn|122\n|\n|t:|1700784859\n|switch|p2a: Dragapult|Dragapult, M|37\/100\n|-damage|p2a: Dragapult|24\/100|[from] Stealth Rock\n|move|p1a: I'm your mom.|Stealth Rock||[still]\n|-fail|p1a: I'm your mom.\n|\n|upkeep\n|turn|123\n|\n|t:|1700784865\n|switch|p1a: you are my pet|Clodsire, F, tera:Fairy|54\/100 brn\n|move|p2a: Dragapult|U-turn|p1a: you are my pet\n|-resisted|p1a: you are my pet\n|-damage|p1a: you are my pet|41\/100 brn\n|\n|t:|1700784869\n|switch|p2a: Zapdos|Zapdos|40\/100 psn|[from] U-turn\n|-damage|p2a: Zapdos|15\/100 psn|[from] Stealth Rock\n|\n|-heal|p1a: you are my pet|47\/100 brn|[from] item: Leftovers\n|-damage|p2a: Zapdos|3\/100 psn|[from] psn\n|-damage|p1a: you are my pet|41\/100 brn|[from] brn\n|upkeep\n|turn|124\n|\n|t:|1700784871\n|move|p2a: Zapdos|Roost|p2a: Zapdos\n|-heal|p2a: Zapdos|53\/100 psn\n|-singleturn|p2a: Zapdos|move: Roost\n|move|p1a: you are my pet|Recover|p1a: you are my pet\n|-heal|p1a: you are my pet|91\/100 brn\n|\n|-heal|p1a: you are my pet|97\/100 brn|[from] item: Leftovers\n|-damage|p2a: Zapdos|41\/100 psn|[from] psn\n|-damage|p1a: you are my pet|91\/100 brn|[from] brn\n|upkeep\n|turn|125\n|\n|t:|1700784876\n|switch|p1a: ur my lizard|Cyclizar, F|76\/100\n|move|p2a: Zapdos|Roost|p2a: Zapdos\n|-heal|p2a: Zapdos|91\/100 psn\n|-singleturn|p2a: Zapdos|move: Roost\n|\n|-damage|p2a: Zapdos|79\/100 psn|[from] psn\n|upkeep\n|turn|126\n|\n|t:|1700784881\n|move|p2a: Zapdos|Volt Switch|p1a: ur my lizard\n|-resisted|p1a: ur my lizard\n|-damage|p1a: ur my lizard|59\/100\n|\n|t:|1700784885\n|switch|p2a: Gholdengo|Gholdengo, tera:Fairy|63\/100 psn|[from] Volt Switch\n|-damage|p2a: Gholdengo|51\/100 psn|[from] Stealth Rock\n|move|p1a: ur my lizard|Dragon Tail|p2a: Gholdengo\n|-immune|p2a: Gholdengo\n|\n|-damage|p2a: Gholdengo|39\/100 psn|[from] psn\n|upkeep\n|turn|127\n|\n|t:|1700784888\n|move|p2a: Gholdengo|Recover|p2a: Gholdengo\n|-heal|p2a: Gholdengo|89\/100 psn\n|move|p1a: ur my lizard|Dragon Tail|p2a: Gholdengo\n|-immune|p2a: Gholdengo\n|\n|-damage|p2a: Gholdengo|76\/100 psn|[from] psn\n|upkeep\n|turn|128\n|\n|t:|1700784902\n|move|p2a: Gholdengo|Nasty Plot|p2a: Gholdengo\n|-boost|p2a: Gholdengo|spa|2\n|move|p1a: ur my lizard|Dragon Tail|p2a: Gholdengo\n|-immune|p2a: Gholdengo\n|\n|-damage|p2a: Gholdengo|64\/100 psn|[from] psn\n|upkeep\n|turn|129\n|\n|t:|1700784910\n|move|p2a: Gholdengo|Nasty Plot|p2a: Gholdengo\n|-boost|p2a: Gholdengo|spa|2\n|move|p1a: ur my lizard|Dragon Tail|p2a: Gholdengo\n|-immune|p2a: Gholdengo\n|\n|-damage|p2a: Gholdengo|51\/100 psn|[from] psn\n|upkeep\n|turn|130\n|\n|t:|1700784912\n|move|p2a: Gholdengo|Nasty Plot|p2a: Gholdengo\n|-boost|p2a: Gholdengo|spa|2\n|move|p1a: ur my lizard|Dragon Tail|p2a: Gholdengo\n|-immune|p2a: Gholdengo\n|\n|-damage|p2a: Gholdengo|39\/100 psn|[from] psn\n|upkeep\n|turn|131\n|\n|t:|1700784914\n|move|p2a: Gholdengo|Recover|p2a: Gholdengo\n|-heal|p2a: Gholdengo|89\/100 psn\n|move|p1a: ur my lizard|Dragon Tail|p2a: Gholdengo\n|-immune|p2a: Gholdengo\n|\n|-damage|p2a: Gholdengo|76\/100 psn|[from] psn\n|upkeep\n|turn|132\n|\n|t:|1700784921\n|move|p2a: Gholdengo|Nasty Plot|p2a: Gholdengo\n|-boost|p2a: Gholdengo|spa|0\n|move|p1a: ur my lizard|Dragon Tail|p2a: Gholdengo\n|-immune|p2a: Gholdengo\n|\n|-damage|p2a: Gholdengo|64\/100 psn|[from] psn\n|upkeep\n|turn|133\n|\n|t:|1700784925\n|move|p1a: ur my lizard|U-turn|p2a: Gholdengo\n|-resisted|p2a: Gholdengo\n|-damage|p2a: Gholdengo|57\/100 psn\n|\n|t:|1700784927\n|switch|p1a: I'm your mom.|Blissey, F|58\/100|[from] U-turn\n|move|p2a: Gholdengo|Nasty Plot|p2a: Gholdengo\n|-boost|p2a: Gholdengo|spa|0\n|\n|-damage|p2a: Gholdengo|45\/100 psn|[from] psn\n|upkeep\n|turn|134\n|\n|t:|1700784938\n|switch|p2a: Gastrodon|Gastrodon-East, M|43\/100 psn\n|-damage|p2a: Gastrodon|37\/100 psn|[from] Stealth Rock\n|move|p1a: I'm your mom.|Soft-Boiled|p1a: I'm your mom.\n|-heal|p1a: I'm your mom.|100\/100\n|\n|-damage|p2a: Gastrodon|25\/100 psn|[from] psn\n|upkeep\n|turn|135\n|\n|t:|1700784941\n|move|p1a: I'm your mom.|Seismic Toss|p2a: Gastrodon\n|-damage|p2a: Gastrodon|1\/100 psn\n|move|p2a: Gastrodon|Recover|p2a: Gastrodon\n|-heal|p2a: Gastrodon|51\/100 psn\n|\n|-damage|p2a: Gastrodon|39\/100 psn|[from] psn\n|upkeep\n|turn|136\n|c| pllv51SHOW404|X>D\n|\n|t:|1700784947\n|move|p1a: I'm your mom.|Seismic Toss|p2a: Gastrodon\n|-damage|p2a: Gastrodon|16\/100 psn\n|move|p2a: Gastrodon|Recover|p2a: Gastrodon\n|-heal|p2a: Gastrodon|66\/100 psn\n|\n|-damage|p2a: Gastrodon|53\/100 psn|[from] psn\n|upkeep\n|turn|137\n|\n|t:|1700784965\n|switch|p1a: I own you.|Wo-Chien|59\/100 par\n|-ability|p1a: I own you.|Tablets of Ruin\n|move|p2a: Gastrodon|Stealth Rock|p1a: I own you.\n|-sidestart|p1: knexhawk2|move: Stealth Rock\n|\n|-damage|p2a: Gastrodon|41\/100 psn|[from] psn\n|upkeep\n|turn|138\n|c| pllv51SHOW404|VIVE LE VGC\n|\n|t:|1700784972\n|switch|p2a: Zapdos|Zapdos|79\/100 psn\n|-damage|p2a: Zapdos|54\/100 psn|[from] Stealth Rock\n|move|p1a: I own you.|Giga Drain|p2a: Zapdos\n|-resisted|p2a: Zapdos\n|-damage|p2a: Zapdos|40\/100 psn\n|-heal|p1a: I own you.|65\/100 par|[from] drain|[of] p2a: Zapdos\n|\n|-damage|p2a: Zapdos|28\/100 psn|[from] psn\n|upkeep\n|turn|139\n|\n|t:|1700784979\n|switch|p1a: ur my lizard|Cyclizar, F|92\/100\n|move|p2a: Zapdos|Hurricane|p1a: ur my lizard\n|-damage|p1a: ur my lizard|41\/100\n|-start|p1a: ur my lizard|confusion\n|\n|-damage|p2a: Zapdos|16\/100 psn|[from] psn\n|upkeep\n|turn|140\n|c|\u2606knexhawk2|english?\n|\n|t:|1700784987\n|switch|p1a: I'm your mom.|Blissey, F|100\/100\n|move|p2a: Zapdos|Roost|p2a: Zapdos\n|-heal|p2a: Zapdos|66\/100 psn\n|-singleturn|p2a: Zapdos|move: Roost\n|\n|-damage|p2a: Zapdos|54\/100 psn|[from] psn\n|upkeep\n|turn|141\n|inactive|PLLV51 leng has 120 seconds left.\n|\n|t:|1700785031\n|switch|p1a: ur my lizard|Cyclizar, F|74\/100\n|move|p2a: Zapdos|Volt Switch|p1a: ur my lizard\n|-resisted|p1a: ur my lizard\n|-damage|p1a: ur my lizard|57\/100\n|\n|t:|1700785040\n|switch|p2a: Mandibuzz|Mandibuzz, F|82\/100 psn|[from] Volt Switch\n|-damage|p2a: Mandibuzz|57\/100 psn|[from] Stealth Rock\n|\n|-damage|p2a: Mandibuzz|45\/100 psn|[from] psn\n|upkeep\n|turn|142\n|\n|t:|1700785044\n|move|p1a: ur my lizard|U-turn|p2a: Mandibuzz\n|-damage|p2a: Mandibuzz|35\/100 psn\n|\n|t:|1700785046\n|switch|p1a: I'm your mom.|Blissey, F|100\/100|[from] U-turn\n|move|p2a: Mandibuzz|Roost|p2a: Mandibuzz\n|-heal|p2a: Mandibuzz|85\/100 psn\n|-singleturn|p2a: Mandibuzz|move: Roost\n|\n|-damage|p2a: Mandibuzz|73\/100 psn|[from] psn\n|upkeep\n|turn|143\n|l| oracio7420\n|\n|t:|1700785066\n|move|p2a: Mandibuzz|Defog|p1a: I'm your mom.\n|-unboost|p1a: I'm your mom.|evasion|1\n|-sideend|p1: knexhawk2|Stealth Rock|[from] move: Defog|[of] p2a: Mandibuzz\n|-sideend|p2: PLLV51 leng|Stealth Rock|[from] move: Defog|[of] p2a: Mandibuzz\n|move|p1a: I'm your mom.|Stealth Rock|p2a: Mandibuzz\n|-sidestart|p2: PLLV51 leng|move: Stealth Rock\n|\n|-damage|p2a: Mandibuzz|61\/100 psn|[from] psn\n|upkeep\n|turn|144\n|j| oracio7420\n|l| oracio7420\n|\n|t:|1700785072\n|switch|p2a: Gastrodon|Gastrodon-East, M|41\/100 psn\n|-damage|p2a: Gastrodon|35\/100 psn|[from] Stealth Rock\n|move|p1a: I'm your mom.|Stealth Rock||[still]\n|-fail|p1a: I'm your mom.\n|\n|-damage|p2a: Gastrodon|22\/100 psn|[from] psn\n|upkeep\n|turn|145\n|inactive|PLLV51 leng has 90 seconds left.\n|\n|t:|1700785117\n|switch|p2a: Dragapult|Dragapult, M|24\/100\n|-damage|p2a: Dragapult|12\/100|[from] Stealth Rock\n|move|p1a: I'm your mom.|Seismic Toss|p2a: Dragapult\n|-immune|p2a: Dragapult\n|\n|upkeep\n|turn|146\n|\n|t:|1700785125\n|switch|p1a: you are my pet|Clodsire, F, tera:Fairy|91\/100 brn\n|move|p2a: Dragapult|Dragon Darts|p1a: you are my pet\n|-immune|p1a: you are my pet\n|\n|-heal|p1a: you are my pet|97\/100 brn|[from] item: Leftovers\n|-damage|p1a: you are my pet|91\/100 brn|[from] brn\n|upkeep\n|turn|147\n|\n|t:|1700785134\n|switch|p2a: Mandibuzz|Mandibuzz, F|61\/100 psn\n|-damage|p2a: Mandibuzz|36\/100 psn|[from] Stealth Rock\n|move|p1a: you are my pet|Poison Jab|p2a: Mandibuzz\n|-damage|p2a: Mandibuzz|29\/100 psn\n|\n|-heal|p1a: you are my pet|97\/100 brn|[from] item: Leftovers\n|-damage|p2a: Mandibuzz|17\/100 psn|[from] psn\n|-damage|p1a: you are my pet|91\/100 brn|[from] brn\n|upkeep\n|turn|148\n|\n|t:|1700785140\n|switch|p1a: I'm your mom.|Blissey, F|100\/100\n|move|p2a: Mandibuzz|Defog|p1a: I'm your mom.\n|-unboost|p1a: I'm your mom.|evasion|1\n|-sideend|p2: PLLV51 leng|Stealth Rock|[from] move: Defog|[of] p2a: Mandibuzz\n|\n|-damage|p2a: Mandibuzz|5\/100 psn|[from] psn\n|upkeep\n|turn|149\n|\n|t:|1700785144\n|move|p2a: Mandibuzz|Roost|p2a: Mandibuzz\n|-heal|p2a: Mandibuzz|55\/100 psn\n|-singleturn|p2a: Mandibuzz|move: Roost\n|move|p1a: I'm your mom.|Stealth Rock|p2a: Mandibuzz\n|-sidestart|p2: PLLV51 leng|move: Stealth Rock\n|\n|-damage|p2a: Mandibuzz|43\/100 psn|[from] psn\n|upkeep\n|turn|150\n|\n|t:|1700785152\n|move|p2a: Mandibuzz|Roost|p2a: Mandibuzz\n|-heal|p2a: Mandibuzz|93\/100 psn\n|-singleturn|p2a: Mandibuzz|move: Roost\n|move|p1a: I'm your mom.|Stealth Rock||[still]\n|-fail|p1a: I'm your mom.\n|\n|-damage|p2a: Mandibuzz|80\/100 psn|[from] psn\n|upkeep\n|turn|151\n|\n|t:|1700785159\n|move|p2a: Mandibuzz|Foul Play|p1a: I'm your mom.\n|-damage|p1a: I'm your mom.|97\/100\n|move|p1a: I'm your mom.|Stealth Rock||[still]\n|-fail|p1a: I'm your mom.\n|\n|-damage|p2a: Mandibuzz|68\/100 psn|[from] psn\n|upkeep\n|turn|152\n|\n|t:|1700785164\n|move|p2a: Mandibuzz|Defog|p1a: I'm your mom.\n|-unboost|p1a: I'm your mom.|evasion|1\n|-sideend|p2: PLLV51 leng|Stealth Rock|[from] move: Defog|[of] p2a: Mandibuzz\n|move|p1a: I'm your mom.|Stealth Rock|p2a: Mandibuzz\n|-sidestart|p2: PLLV51 leng|move: Stealth Rock\n|\n|-damage|p2a: Mandibuzz|56\/100 psn|[from] psn\n|upkeep\n|turn|153\n|c|\u2606PLLV51 leng|Gg pass this\n|inactive|PLLV51 leng has 60 seconds left.\n|c|\u2606knexhawk2|ggs\n|-message|PLLV51 leng forfeited.\n|\n|win|knexhawk2\n|raw|knexhawk2's rating: 1749 &rarr; <strong>1776<\/strong><br \/>(+27 for winning)\n|raw|PLLV51 leng's rating: 1871 &rarr; <strong>1844<\/strong><br \/>(-27 for losing)\n|c|\u2606knexhawk2|!showteam\n|c| knexhawk2|\/raw <div class=\"infobox\"><details><summary>View team<\/summary>I own you. (Wo-Chien) @ Leftovers  <br \/>Ability: Tablets of Ruin  <br \/>Tera Type: Ghost  <br \/>EVs: 252 HP &#x2f; 252 Def &#x2f; 4 SpD  <br \/>Relaxed Nature  <br \/>- Knock Off  <br \/>- Leech Seed  <br \/>- Pollen Puff  <br \/>- Giga Drain  <br \/><br \/>Your father. (Talonflame) (M) @ Heavy-Duty Boots  <br \/>Ability: Flame Body  <br \/>Tera Type: Steel  <br \/>EVs: 252 HP &#x2f; 204 Def &#x2f; 52 Spe  <br \/>Bold Nature  <br \/>IVs: 0 Atk  <br \/>- Roost  <br \/>- Will-O-Wisp  <br \/>- Defog  <br \/>- Flamethrower  <br \/><br \/>You are my son (Alomomola) (M) @ Rocky Helmet  <br \/>Ability: Regenerator  <br \/>Tera Type: Flying  <br \/>EVs: 252 HP &#x2f; 252 Def &#x2f; 4 SpD  <br \/>Relaxed Nature  <br \/>IVs: 0 Atk &#x2f; 0 Spe  <br \/>- Wish  <br \/>- Protect  <br \/>- Scald  <br \/>- Whirlpool  <br \/><br \/>I&apos;m your mom. (Blissey) (F) @ Heavy-Duty Boots  <br \/>Ability: Natural Cure  <br \/>Tera Type: Dark  <br \/>EVs: 4 HP &#x2f; 252 Def &#x2f; 252 SpD  <br \/>Calm Nature  <br \/>IVs: 0 Atk  <br \/>- Calm Mind  <br \/>- Stealth Rock  <br \/>- Seismic Toss  <br \/>- Soft-Boiled  <br \/><br \/>ur my lizard (Cyclizar) (F) @ Heavy-Duty Boots  <br \/>Ability: Regenerator  <br \/>Tera Type: Fairy  <br \/>EVs: 252 HP &#x2f; 252 SpD  <br \/>Jolly Nature  <br \/>- Rapid Spin  <br \/>- U-turn  <br \/>- Knock Off  <br \/>- Dragon Tail  <br \/><br \/>you are my pet (Clodsire) (F) @ Leftovers  <br \/>Ability: Unaware  <br \/>Tera Type: Fairy  <br \/>EVs: 252 HP &#x2f; 252 Def &#x2f; 4 SpD  <br \/>Impish Nature  <br \/>IVs: 12 Spe  <br \/>- Counter  <br \/>- Poison Jab  <br \/>- Recover  <br \/>- Spikes  <br \/><br \/><\/details><\/div>\n|c|\u2606knexhawk2|make the cycl tera steel and have protect over dtail\n|j| Zenadark\n|c|\u2606knexhawk2|or gking fs owns u\n|l| Zenadark\n|j| PLLV51 Corrosive\n|c|\u2606PLLV51 leng|I can't copy on mobile can you send paste\n|l|\u2606knexhawk2\n|j|\u2606knexhawk2\n|player|p1|knexhawk2|red-masters\n|c|\u2606PLLV51 leng|Sry\n|c|\u2606knexhawk2|lemme get it im on mobile too lol\n|c|\u2606PLLV51 leng|Lmao\n|l| PLLV51 Corrosive\n|c|\u2606knexhawk2|https:\/\/pokepast.es\/cc9539b629857c7b\n|c|\u2606PLLV51 leng|Ty\n|l|\u2606PLLV51 leng\n|c|\u2606knexhawk2|np\n|l|\u2606knexhawk2\n|player|p1|\n|j|\u2606knexhawk2\n|player|p1|knexhawk2|red-masters\n|l|\u2606knexhawk2\n|player|p1|\n","uploadtime":1700786194,"views":2,"p1id":"knexhawk2","p2id":"pllv51leng","formatid":"gen9ou","rating":1776,"private":0,"password":""}