{"id":"gen9ou-2000050019","p1":"Aldrick C","p2":"brilliance12345678","format":"[Gen 9] OU","log":"|j|\u2606Aldrick C\n|j|\u2606brilliance12345678\n|t:|1701146158\n|gametype|singles\n|player|p1|Aldrick C|lucas|1446\n|player|p2|brilliance12345678|psychic-gen4|1506\n|teamsize|p1|6\n|teamsize|p2|6\n|gen|9\n|tier|[Gen 9] OU\n|rated|\n|rule|Sleep Clause Mod: Limit one foe put to sleep\n|rule|Species Clause: Limit one of each Pok\u00e9mon\n|rule|OHKO Clause: OHKO moves are banned\n|rule|Evasion Items Clause: Evasion items are banned\n|rule|Evasion Moves Clause: Evasion moves are banned\n|rule|Endless Battle Clause: Forcing endless battles is banned\n|rule|HP Percentage Mod: HP is shown in percentages\n|clearpoke\n|poke|p1|Dragapult, F|\n|poke|p1|Iron Valiant|\n|poke|p1|Gholdengo|\n|poke|p1|Great Tusk|\n|poke|p1|Toxapex, M|\n|poke|p1|Corviknight, M|\n|poke|p2|Ribombee, M|\n|poke|p2|Gholdengo|\n|poke|p2|Enamorus, F|\n|poke|p2|Iron Moth|\n|poke|p2|Great Tusk|\n|poke|p2|Kingambit, M|\n|teampreview\n|inactive|Battle timer is ON: inactive players will automatically lose when time's up. (requested by Aldrick C)\n|\n|t:|1701146166\n|start\n|switch|p1a: Toxapex|Toxapex, M|100\/100\n|switch|p2a: Ribombee|Ribombee, M|100\/100\n|turn|1\n|\n|t:|1701146173\n|move|p2a: Ribombee|Sticky Web|p1a: Toxapex\n|-sidestart|p1: Aldrick C|move: Sticky Web\n|move|p1a: Toxapex|Toxic|p2a: Ribombee\n|-status|p2a: Ribombee|tox\n|\n|-damage|p2a: Ribombee|94\/100 tox|[from] psn\n|upkeep\n|turn|2\n|l|\u2606Aldrick C\n|inactive|Aldrick C disconnected and has a minute to reconnect!\n|player|p1|\n|inactive|Aldrick C has 30 seconds to reconnect!\n|j|\u2606Aldrick C\n|inactive|Aldrick C reconnected and has 100 seconds left.\n|player|p1|Aldrick C|lucas\n|\n|t:|1701146231\n|switch|p1a: Corviknight|Corviknight, M|100\/100\n|-ability|p1a: Corviknight|Pressure\n|move|p2a: Ribombee|Stun Spore|p1a: Corviknight\n|-status|p1a: Corviknight|par\n|\n|-damage|p2a: Ribombee|82\/100 tox|[from] psn\n|upkeep\n|turn|3\n|\n|t:|1701146240\n|switch|p2a: Cheese string|Gholdengo|100\/100\n|-item|p2a: Cheese string|Air Balloon\n|move|p1a: Corviknight|Defog|p2a: Cheese string\n|-immune|p2a: Cheese string|[from] ability: Good as Gold\n|\n|upkeep\n|turn|4\n|\n|t:|1701146248\n|switch|p1a: Toxapex|Toxapex, M|100\/100\n|-activate|p1a: Toxapex|move: Sticky Web\n|-unboost|p1a: Toxapex|spe|1\n|move|p2a: Cheese string|Nasty Plot|p2a: Cheese string\n|-boost|p2a: Cheese string|spa|2\n|\n|upkeep\n|turn|5\n|\n|t:|1701146256\n|move|p2a: Cheese string|Shadow Ball|p1a: Toxapex\n|-damage|p1a: Toxapex|28\/100\n|move|p1a: Toxapex|Haze|p1a: Toxapex\n|-clearallboost\n|\n|-heal|p1a: Toxapex|35\/100|[from] item: Leftovers\n|upkeep\n|turn|6\n|\n|t:|1701146265\n|switch|p1a: Corviknight|Corviknight, M|100\/100 par\n|-ability|p1a: Corviknight|Pressure\n|move|p2a: Cheese string|Shadow Ball|p1a: Corviknight\n|-damage|p1a: Corviknight|58\/100 par\n|\n|upkeep\n|turn|7\n|\n|t:|1701146267\n|move|p2a: Cheese string|Nasty Plot|p2a: Cheese string\n|-boost|p2a: Cheese string|spa|2\n|move|p1a: Corviknight|U-turn|p2a: Cheese string\n|-resisted|p2a: Cheese string\n|-crit|p2a: Cheese string\n|-damage|p2a: Cheese string|94\/100\n|-enditem|p2a: Cheese string|Air Balloon\n|\n|t:|1701146285\n|switch|p1a: Toxapex|Toxapex, M|68\/100|[from] U-turn\n|-activate|p1a: Toxapex|move: Sticky Web\n|-unboost|p1a: Toxapex|spe|1\n|\n|-heal|p1a: Toxapex|74\/100|[from] item: Leftovers\n|upkeep\n|turn|8\n|\n|t:|1701146313\n|move|p2a: Cheese string|Shadow Ball|p1a: Toxapex\n|-damage|p1a: Toxapex|10\/100\n|move|p1a: Toxapex|Haze|p1a: Toxapex\n|-clearallboost\n|\n|-heal|p1a: Toxapex|16\/100|[from] item: Leftovers\n|upkeep\n|turn|9\n|\n|t:|1701146329\n|switch|p1a: Gholdengo|Gholdengo|100\/100\n|-activate|p1a: Gholdengo|move: Sticky Web\n|-unboost|p1a: Gholdengo|spe|1\n|move|p2a: Cheese string|Nasty Plot|p2a: Cheese string\n|-boost|p2a: Cheese string|spa|2\n|\n|upkeep\n|turn|10\n|\n|t:|1701146334\n|switch|p1a: Corviknight|Corviknight, M|58\/100 par\n|-ability|p1a: Corviknight|Pressure\n|move|p2a: Cheese string|Shadow Ball|p1a: Corviknight\n|-damage|p1a: Corviknight|0 fnt\n|faint|p1a: Corviknight\n|\n|upkeep\n|inactive|Aldrick C has 120 seconds left.\n|\n|t:|1701146352\n|switch|p1a: Great Tusk|Great Tusk|100\/100\n|-activate|p1a: Great Tusk|move: Sticky Web\n|-unboost|p1a: Great Tusk|spe|1\n|-enditem|p1a: Great Tusk|Booster Energy\n|-activate|p1a: Great Tusk|ability: Protosynthesis|[fromitem]\n|-start|p1a: Great Tusk|protosynthesisatk\n|turn|11\n|\n|t:|1701146367\n|move|p2a: Cheese string|Shadow Ball|p1a: Great Tusk\n|-crit|p1a: Great Tusk\n|-damage|p1a: Great Tusk|0 fnt\n|faint|p1a: Great Tusk\n|-end|p1a: Great Tusk|Protosynthesis|[silent]\n|\n|upkeep\n|inactive|Aldrick C has 120 seconds left.\n|-message|Aldrick C forfeited.\n|\n|win|brilliance12345678\n|raw|Aldrick C's rating: 1446 &rarr; <strong>1429<\/strong><br \/>(-17 for losing)\n|raw|brilliance12345678's rating: 1506 &rarr; <strong>1523<\/strong><br \/>(+17 for winning)\n|l|\u2606Aldrick C\n","uploadtime":1701146383,"views":24,"p1id":"aldrickc","p2id":"brilliance12345678","formatid":"gen9ou","rating":1429,"private":0,"password":""}