{"id":"gen9ou-1996923295","p1":"TheRaptorChoco","p2":"jiangjunzhi1","format":"[Gen 9] OU","log":"|j|\u2606TheRaptorChoco\n|j|\u2606jiangjunzhi1\n|t:|1700745347\n|gametype|singles\n|player|p1|TheRaptorChoco|266|1324\n|player|p2|jiangjunzhi1|red|1410\n|teamsize|p1|6\n|teamsize|p2|6\n|gen|9\n|tier|[Gen 9] OU\n|rated|\n|rule|Sleep Clause Mod: Limit one foe put to sleep\n|rule|Species Clause: Limit one of each Pok\u00e9mon\n|rule|OHKO Clause: OHKO moves are banned\n|rule|Evasion Items Clause: Evasion items are banned\n|rule|Evasion Moves Clause: Evasion moves are banned\n|rule|Endless Battle Clause: Forcing endless battles is banned\n|rule|HP Percentage Mod: HP is shown in percentages\n|clearpoke\n|poke|p1|Ogerpon, F|\n|poke|p1|Greninja-*, M|\n|poke|p1|Heatran, F|\n|poke|p1|Samurott-Hisui, M|\n|poke|p1|Great Tusk|\n|poke|p1|Dragonite, M|\n|poke|p2|Overqwil, F|\n|poke|p2|Gengar, F|\n|poke|p2|Espeon, M|\n|poke|p2|Vaporeon, M|\n|poke|p2|Scyther, M|\n|poke|p2|Dragapult, F|\n|teampreview\n|inactive|Battle timer is ON: inactive players will automatically lose when time's up. (requested by TheRaptorChoco)\n|j| xty233\n|\n|t:|1700745364\n|start\n|switch|p1a: Samurott|Samurott-Hisui, M|100\/100\n|switch|p2a: Scyther|Scyther, M|100\/100\n|turn|1\n|l| xty233\n|\n|t:|1700745380\n|move|p2a: Scyther|U-turn|p1a: Samurott\n|-supereffective|p1a: Samurott\n|-damage|p1a: Samurott|5\/100\n|\n|t:|1700745385\n|switch|p2a: Overqwil|Overqwil, F|100\/100|[from] U-turn\n|-ability|p2a: Overqwil|Intimidate|boost\n|-unboost|p1a: Samurott|atk|1\n|move|p1a: Samurott|Ceaseless Edge|p2a: Overqwil\n|-resisted|p2a: Overqwil\n|-damage|p2a: Overqwil|89\/100\n|-damage|p1a: Samurott|0 fnt|[from] item: Rocky Helmet|[of] p2a: Overqwil\n|faint|p1a: Samurott\n|\n|upkeep\n|\n|t:|1700745406\n|switch|p1a: Great Tusk|Great Tusk|100\/100\n|turn|2\n|\n|t:|1700745414\n|switch|p2a: Scyther|Scyther, M|100\/100\n|move|p1a: Great Tusk|Headlong Rush|p2a: Scyther\n|-immune|p2a: Scyther\n|\n|upkeep\n|turn|3\n|\n|t:|1700745422\n|-end|p1a: Great Tusk|Protosynthesis|[silent]\n|switch|p1a: Heatran|Heatran, F|100\/100\n|move|p2a: Scyther|U-turn|p1a: Heatran\n|-resisted|p1a: Heatran\n|-damage|p1a: Heatran|94\/100\n|\n|t:|1700745433\n|switch|p2a: Vaporeon|Vaporeon, M|100\/100|[from] U-turn\n|\n|-heal|p1a: Heatran|99\/100|[from] item: Leftovers\n|upkeep\n|turn|4\n|\n|t:|1700745441\n|move|p1a: Heatran|Magma Storm|p2a: Vaporeon\n|-resisted|p2a: Vaporeon\n|-damage|p2a: Vaporeon|83\/100\n|-activate|p2a: Vaporeon|move: Magma Storm|[of] p1a: Heatran\n|move|p2a: Vaporeon|Scald|p1a: Heatran\n|-supereffective|p1a: Heatran\n|-crit|p1a: Heatran\n|-damage|p1a: Heatran|8\/100\n|\n|-heal|p1a: Heatran|14\/100|[from] item: Leftovers\n|-heal|p2a: Vaporeon|89\/100|[from] item: Leftovers\n|-damage|p2a: Vaporeon|77\/100|[from] move: Magma Storm|[partiallytrapped]\n|upkeep\n|turn|5\n|\n|t:|1700745455\n|move|p1a: Heatran|Protect|p1a: Heatran\n|-singleturn|p1a: Heatran|Protect\n|move|p2a: Vaporeon|Scald|p1a: Heatran\n|-activate|p1a: Heatran|move: Protect\n|\n|-heal|p1a: Heatran|20\/100|[from] item: Leftovers\n|-heal|p2a: Vaporeon|83\/100|[from] item: Leftovers\n|-damage|p2a: Vaporeon|70\/100|[from] move: Magma Storm|[partiallytrapped]\n|upkeep\n|turn|6\n|\n|t:|1700745465\n|switch|p1a: Greninja|Greninja, M|100\/100\n|move|p2a: Vaporeon|Scald|p1a: Greninja\n|-resisted|p1a: Greninja\n|-damage|p1a: Greninja|76\/100\n|-status|p1a: Greninja|brn\n|\n|-heal|p2a: Vaporeon|76\/100|[from] item: Leftovers\n|-damage|p1a: Greninja|70\/100 brn|[from] brn\n|-end|p2a: Vaporeon|Magma Storm|[partiallytrapped]|[silent]\n|upkeep\n|turn|7\n|\n|t:|1700745475\n|move|p1a: Greninja|Dark Pulse|p2a: Vaporeon\n|-damage|p2a: Vaporeon|46\/100\n|-damage|p1a: Greninja|60\/100 brn|[from] item: Life Orb\n|move|p2a: Vaporeon|Wish|p2a: Vaporeon\n|\n|-heal|p2a: Vaporeon|52\/100|[from] item: Leftovers\n|-damage|p1a: Greninja|54\/100 brn|[from] brn\n|upkeep\n|turn|8\n|\n|t:|1700745488\n|move|p1a: Greninja|Dark Pulse|p2a: Vaporeon\n|-damage|p2a: Vaporeon|21\/100\n|-damage|p1a: Greninja|44\/100 brn|[from] item: Life Orb\n|move|p2a: Vaporeon|Calm Mind|p2a: Vaporeon\n|-boost|p2a: Vaporeon|spa|1\n|-boost|p2a: Vaporeon|spd|1\n|\n|-heal|p2a: Vaporeon|71\/100|[from] move: Wish|[wisher] Vaporeon\n|-heal|p2a: Vaporeon|77\/100|[from] item: Leftovers\n|-damage|p1a: Greninja|38\/100 brn|[from] brn\n|upkeep\n|turn|9\n|\n|t:|1700745499\n|switch|p1a: Ogerpon|Ogerpon, F|100\/100\n|move|p2a: Vaporeon|Acid Armor|p2a: Vaporeon\n|-boost|p2a: Vaporeon|def|2\n|\n|-heal|p2a: Vaporeon|84\/100|[from] item: Leftovers\n|upkeep\n|turn|10\n|\n|t:|1700745508\n|-terastallize|p2a: Vaporeon|Poison\n|move|p1a: Ogerpon|Ivy Cudgel|p2a: Vaporeon\n|-resisted|p2a: Vaporeon\n|-crit|p2a: Vaporeon\n|-damage|p2a: Vaporeon|32\/100\n|move|p2a: Vaporeon|Calm Mind|p2a: Vaporeon\n|-boost|p2a: Vaporeon|spa|1\n|-boost|p2a: Vaporeon|spd|1\n|\n|-heal|p2a: Vaporeon|38\/100|[from] item: Leftovers\n|upkeep\n|turn|11\n|\n|t:|1700745527\n|switch|p2a: Overqwil|Overqwil, F|89\/100\n|-ability|p2a: Overqwil|Intimidate|boost\n|-unboost|p1a: Ogerpon|atk|1\n|-ability|p1a: Ogerpon|Defiant|boost\n|-boost|p1a: Ogerpon|atk|2\n|move|p1a: Ogerpon|Ivy Cudgel|p2a: Overqwil\n|-resisted|p2a: Overqwil\n|-damage|p2a: Overqwil|47\/100\n|\n|upkeep\n|turn|12\n|\n|t:|1700745541\n|-terastallize|p1a: Ogerpon|Grass\n|detailschange|p1a: Ogerpon|Ogerpon-Teal-Tera, F, tera:Grass\n|-ability|p1a: Ogerpon|Embody Aspect (Teal)|boost\n|-boost|p1a: Ogerpon|spe|1\n|move|p1a: Ogerpon|Ivy Cudgel|p2a: Overqwil\n|-resisted|p2a: Overqwil\n|-damage|p2a: Overqwil|0 fnt\n|faint|p2a: Overqwil\n|\n|upkeep\n|\n|t:|1700745550\n|switch|p2a: Scyther|Scyther, M|100\/100\n|turn|13\n|\n|t:|1700745555\n|switch|p1a: Heatran|Heatran, F|20\/100\n|move|p2a: Scyther|Dual Wingbeat|p1a: Heatran\n|-resisted|p1a: Heatran\n|-damage|p1a: Heatran|8\/100\n|-resisted|p1a: Heatran\n|-damage|p1a: Heatran|0 fnt\n|faint|p1a: Heatran\n|-hitcount|p1: Heatran|2\n|\n|upkeep\n|\n|t:|1700745564\n|switch|p1a: Dragonite|Dragonite, M|100\/100\n|turn|14\n|\n|t:|1700745568\n|move|p2a: Scyther|Dual Wingbeat|p1a: Dragonite\n|-damage|p1a: Dragonite|84\/100\n|-damage|p1a: Dragonite|48\/100\n|-hitcount|p1a: Dragonite|2\n|move|p1a: Dragonite|Dragon Dance|p1a: Dragonite\n|-boost|p1a: Dragonite|atk|1\n|-boost|p1a: Dragonite|spe|1\n|\n|upkeep\n|turn|15\n|\n|t:|1700745575\n|move|p2a: Scyther|Dual Wingbeat|p1a: Dragonite\n|-damage|p1a: Dragonite|14\/100\n|-damage|p1a: Dragonite|0 fnt\n|faint|p1a: Dragonite\n|-hitcount|p1: Dragonite|2\n|\n|upkeep\n|\n|t:|1700745588\n|switch|p1a: Great Tusk|Great Tusk|100\/100\n|turn|16\n|\n|t:|1700745593\n|move|p2a: Scyther|Dual Wingbeat|p1a: Great Tusk\n|-supereffective|p1a: Great Tusk\n|-damage|p1a: Great Tusk|58\/100\n|-supereffective|p1a: Great Tusk\n|-damage|p1a: Great Tusk|16\/100\n|-hitcount|p1a: Great Tusk|2\n|move|p1a: Great Tusk|Ice Spinner|p2a: Scyther\n|-supereffective|p2a: Scyther\n|-damage|p2a: Scyther|18\/100\n|\n|upkeep\n|turn|17\n|\n|t:|1700745609\n|move|p2a: Scyther|Dual Wingbeat|p1a: Great Tusk\n|-supereffective|p1a: Great Tusk\n|-damage|p1a: Great Tusk|0 fnt\n|faint|p1a: Great Tusk\n|-end|p1a: Great Tusk|Protosynthesis|[silent]\n|-hitcount|p1: Great Tusk|1\n|\n|upkeep\n|\n|t:|1700745612\n|switch|p1a: Ogerpon|Ogerpon-Teal-Tera, F, tera:Grass|100\/100\n|-ability|p1a: Ogerpon|Embody Aspect (Teal)|boost\n|-boost|p1a: Ogerpon|spe|1\n|turn|18\n|\n|t:|1700745617\n|move|p1a: Ogerpon|Ivy Cudgel|p2a: Scyther\n|-resisted|p2a: Scyther\n|-damage|p2a: Scyther|0 fnt\n|faint|p2a: Scyther\n|\n|upkeep\n|\n|t:|1700745625\n|switch|p2a: Dragapult|Dragapult, F|100\/100\n|turn|19\n|\n|t:|1700745630\n|move|p1a: Ogerpon|Ivy Cudgel|p2a: Dragapult\n|-resisted|p2a: Dragapult\n|-damage|p2a: Dragapult|30\/100\n|move|p2a: Dragapult|Will-O-Wisp|p1a: Ogerpon\n|-status|p1a: Ogerpon|brn\n|\n|-damage|p1a: Ogerpon|95\/100 brn|[from] brn\n|upkeep\n|turn|20\n|l|\u2606TheRaptorChoco\n|inactive|TheRaptorChoco disconnected and has a minute to reconnect!\n|player|p1|\n|\n|t:|1700745650\n|switch|p2a: Vaporeon|Vaporeon, M, tera:Poison|38\/100\n|move|p1a: Ogerpon|Ivy Cudgel|p2a: Vaporeon\n|-resisted|p2a: Vaporeon\n|-crit|p2a: Vaporeon\n|-damage|p2a: Vaporeon|3\/100\n|\n|-heal|p2a: Vaporeon|10\/100|[from] item: Leftovers\n|-damage|p1a: Ogerpon|89\/100 brn|[from] brn\n|upkeep\n|turn|21\n|inactive|TheRaptorChoco has 30 seconds to reconnect!\n|j|\u2606TheRaptorChoco\n|inactive|TheRaptorChoco reconnected and has 115 seconds left.\n|player|p1|TheRaptorChoco|266\n|\n|t:|1700745692\n|move|p1a: Ogerpon|Ivy Cudgel|p2a: Vaporeon\n|-resisted|p2a: Vaporeon\n|-damage|p2a: Vaporeon|0 fnt\n|faint|p2a: Vaporeon\n|\n|-damage|p1a: Ogerpon|83\/100 brn|[from] brn\n|upkeep\n|\n|t:|1700745706\n|switch|p2a: Espeon|Espeon, M|100\/100\n|turn|22\n|\n|t:|1700745710\n|switch|p1a: Greninja|Greninja, M|38\/100 brn\n|move|p2a: Espeon|Psychic|p1a: Greninja\n|-immune|p1a: Greninja\n|\n|-damage|p1a: Greninja|32\/100 brn|[from] brn\n|upkeep\n|turn|23\n|\n|t:|1700745719\n|move|p1a: Greninja|Dark Pulse|p2a: Espeon\n|-supereffective|p2a: Espeon\n|-damage|p2a: Espeon|0 fnt\n|faint|p2a: Espeon\n|-ability|p1a: Greninja|Battle Bond|boost\n|-boost|p1a: Greninja|atk|1\n|-boost|p1a: Greninja|spa|1\n|-boost|p1a: Greninja|spe|1\n|-activate|p1a: Greninja|ability: Battle Bond\n|-damage|p1a: Greninja|22\/100 brn|[from] item: Life Orb\n|\n|-damage|p1a: Greninja|16\/100 brn|[from] brn\n|upkeep\n|c|\u2606TheRaptorChoco|LET\u2019S GOOO\n|\n|t:|1700745730\n|switch|p2a: Gengar|Gengar, F|100\/100\n|-item|p2a: Gengar|Air Balloon\n|turn|24\n|\n|t:|1700745739\n|move|p1a: Greninja|Dark Pulse|p2a: Gengar\n|-supereffective|p2a: Gengar\n|-damage|p2a: Gengar|0 fnt\n|-enditem|p2a: Gengar|Air Balloon\n|faint|p2a: Gengar\n|-damage|p1a: Greninja|6\/100 brn|[from] item: Life Orb\n|\n|-damage|p1a: Greninja|0 fnt|[from] brn\n|faint|p1a: Greninja\n|upkeep\n|\n|t:|1700745747\n|switch|p1a: Ogerpon|Ogerpon-Teal-Tera, F, tera:Grass|83\/100 brn\n|switch|p2a: Dragapult|Dragapult, F|30\/100\n|-ability|p1a: Ogerpon|Embody Aspect (Teal)|boost\n|-boost|p1a: Ogerpon|spe|1\n|turn|25\n|\n|t:|1700745764\n|move|p1a: Ogerpon|Ivy Cudgel|p2a: Dragapult\n|-resisted|p2a: Dragapult\n|-crit|p2a: Dragapult\n|-damage|p2a: Dragapult|0 fnt\n|faint|p2a: Dragapult\n|\n|win|TheRaptorChoco\n|raw|TheRaptorChoco's rating: 1324 &rarr; <strong>1349<\/strong><br \/>(+25 for winning)\n|raw|jiangjunzhi1's rating: 1410 &rarr; <strong>1385<\/strong><br \/>(-25 for losing)\n|c|\u2606TheRaptorChoco|gj\n","uploadtime":1700745797,"views":11,"p1id":"theraptorchoco","p2id":"jiangjunzhi1","formatid":"gen9ou","rating":1349,"private":0,"password":""}