{"id":"gen9ou-1990566388","p1":"ChillLanturnYT","p2":"CrispyBacon5093","format":"[Gen 9] OU","log":"|j|\u2606ChillLanturnYT\n|j|\u2606CrispyBacon5093\n|t:|1699981969\n|gametype|singles\n|player|p1|ChillLanturnYT|palmer|1055\n|player|p2|CrispyBacon5093|red|1132\n|teamsize|p1|6\n|teamsize|p2|6\n|gen|9\n|tier|[Gen 9] OU\n|rated|\n|rule|Sleep Clause Mod: Limit one foe put to sleep\n|rule|Species Clause: Limit one of each Pok\u00e9mon\n|rule|OHKO Clause: OHKO moves are banned\n|rule|Evasion Items Clause: Evasion items are banned\n|rule|Evasion Moves Clause: Evasion moves are banned\n|rule|Endless Battle Clause: Forcing endless battles is banned\n|rule|HP Percentage Mod: HP is shown in percentages\n|clearpoke\n|poke|p1|Grafaiai, F|\n|poke|p1|Mandibuzz, F|\n|poke|p1|Pawmot, M|\n|poke|p1|Enamorus, F|\n|poke|p1|Blissey, F|\n|poke|p1|Dragapult, F|\n|poke|p2|Mandibuzz, F|\n|poke|p2|Torterra, M|\n|poke|p2|Goodra-Hisui, M|\n|poke|p2|Samurott-Hisui, F|\n|poke|p2|Clefable, F|\n|poke|p2|Ceruledge, M|\n|teampreview\n|inactive|Battle timer is ON: inactive players will automatically lose when time's up. (requested by CrispyBacon5093)\n|\n|t:|1699981977\n|start\n|switch|p1a: Grafaiai|Grafaiai, F|100\/100\n|switch|p2a: Portable Treehouse|Torterra, M|100\/100\n|turn|1\n|\n|t:|1699981990\n|move|p1a: Grafaiai|Poison Jab|p2a: Portable Treehouse\n|-damage|p2a: Portable Treehouse|65\/100\n|move|p2a: Portable Treehouse|Shell Smash|p2a: Portable Treehouse\n|-unboost|p2a: Portable Treehouse|def|1\n|-unboost|p2a: Portable Treehouse|spd|1\n|-boost|p2a: Portable Treehouse|atk|2\n|-boost|p2a: Portable Treehouse|spa|2\n|-boost|p2a: Portable Treehouse|spe|2\n|-enditem|p1a: Grafaiai|Mirror Herb\n|-boost|p1a: Grafaiai|atk|2|[from] item: Mirror Herb\n|-boost|p1a: Grafaiai|spa|2|[from] item: Mirror Herb\n|-boost|p1a: Grafaiai|spe|2|[from] item: Mirror Herb\n|\n|upkeep\n|turn|2\n|\n|t:|1699981999\n|move|p1a: Grafaiai|Acrobatics|p2a: Portable Treehouse\n|-supereffective|p2a: Portable Treehouse\n|-damage|p2a: Portable Treehouse|0 fnt\n|faint|p2a: Portable Treehouse\n|\n|upkeep\n|c|\u2606ChillLanturnYT|Wonderfully teched \ud83d\ude02\n|inactive|CrispyBacon5093 has 120 seconds left.\n|\n|t:|1699982035\n|switch|p2a: Ashen-One|Ceruledge, M|100\/100\n|turn|3\n|\n|t:|1699982041\n|-terastallize|p1a: Grafaiai|Ground\n|move|p1a: Grafaiai|Tera Blast|p2a: Ashen-One|[anim] Tera Blast Ground\n|-supereffective|p2a: Ashen-One\n|-enditem|p2a: Ashen-One|Focus Sash\n|-damage|p2a: Ashen-One|1\/100\n|-ability|p2a: Ashen-One|Weak Armor|boost\n|-unboost|p2a: Ashen-One|def|1\n|-boost|p2a: Ashen-One|spe|2\n|move|p2a: Ashen-One|Close Combat|p1a: Grafaiai\n|-damage|p1a: Grafaiai|20\/100\n|-unboost|p2a: Ashen-One|def|1\n|-unboost|p2a: Ashen-One|spd|1\n|\n|upkeep\n|turn|4\n|\n|t:|1699982051\n|move|p2a: Ashen-One|Shadow Sneak|p1a: Grafaiai\n|-damage|p1a: Grafaiai|0 fnt\n|faint|p1a: Grafaiai\n|\n|upkeep\n|\n|t:|1699982057\n|switch|p1a: Mandibuzz|Mandibuzz, F|100\/100\n|turn|5\n|\n|t:|1699982061\n|move|p2a: Ashen-One|Bitter Blade|p1a: Mandibuzz\n|-damage|p1a: Mandibuzz|76\/100\n|-heal|p2a: Ashen-One|19\/100|[from] drain|[of] p1a: Mandibuzz\n|move|p1a: Mandibuzz|Foul Play|p2a: Ashen-One\n|-supereffective|p2a: Ashen-One\n|-damage|p2a: Ashen-One|0 fnt\n|faint|p2a: Ashen-One\n|\n|upkeep\n|\n|t:|1699982067\n|switch|p2a: Navi|Clefable, F|100\/100\n|turn|6\n|\n|t:|1699982072\n|switch|p1a: Blissey|Blissey, F|100\/100\n|move|p2a: Navi|Moonblast|p1a: Blissey\n|-damage|p1a: Blissey|92\/100\n|\n|-heal|p1a: Blissey|98\/100|[from] item: Leftovers\n|upkeep\n|turn|7\n|\n|t:|1699982084\n|switch|p2a: Mr. Stabby|Samurott-Hisui, F|100\/100\n|move|p1a: Blissey|Stealth Rock|p2a: Mr. Stabby\n|-sidestart|p2: CrispyBacon5093|move: Stealth Rock\n|\n|-heal|p1a: Blissey|100\/100|[from] item: Leftovers\n|upkeep\n|turn|8\n|\n|t:|1699982092\n|switch|p1a: Mandibuzz|Mandibuzz, F|76\/100\n|move|p2a: Mr. Stabby|Swords Dance|p2a: Mr. Stabby\n|-boost|p2a: Mr. Stabby|atk|2\n|\n|upkeep\n|turn|9\n|\n|t:|1699982096\n|move|p2a: Mr. Stabby|Aqua Cutter|p1a: Mandibuzz\n|-damage|p1a: Mandibuzz|14\/100\n|move|p1a: Mandibuzz|Roost|p1a: Mandibuzz\n|-heal|p1a: Mandibuzz|64\/100\n|-singleturn|p1a: Mandibuzz|move: Roost\n|\n|upkeep\n|turn|10\n|\n|t:|1699982103\n|move|p2a: Mr. Stabby|Aqua Cutter|p1a: Mandibuzz\n|-damage|p1a: Mandibuzz|4\/100\n|move|p1a: Mandibuzz|Foul Play|p2a: Mr. Stabby\n|-resisted|p2a: Mr. Stabby\n|-damage|p2a: Mr. Stabby|41\/100\n|\n|upkeep\n|turn|11\n|\n|t:|1699982110\n|move|p2a: Mr. Stabby|Aqua Jet|p1a: Mandibuzz\n|-damage|p1a: Mandibuzz|0 fnt\n|faint|p1a: Mandibuzz\n|\n|upkeep\n|\n|t:|1699982116\n|switch|p1a: Pawmot|Pawmot, M|100\/100\n|turn|12\n|\n|t:|1699982124\n|move|p1a: Pawmot|Double Shock|p2a: Mr. Stabby\n|-supereffective|p2a: Mr. Stabby\n|-crit|p2a: Mr. Stabby\n|-damage|p2a: Mr. Stabby|0 fnt\n|-start|p1a: Pawmot|typechange|???\/Fighting|[from] move: Double Shock\n|faint|p2a: Mr. Stabby\n|\n|upkeep\n|\n|t:|1699982137\n|switch|p2a: Navi|Clefable, F|100\/100\n|turn|13\n|\n|t:|1699982151\n|move|p1a: Pawmot|Volt Switch|p2a: Navi\n|-damage|p2a: Navi|90\/100\n|\n|t:|1699982155\n|switch|p1a: Blissey|Blissey, F|100\/100|[from] Volt Switch\n|move|p2a: Navi|Moonblast|p1a: Blissey\n|-damage|p1a: Blissey|92\/100\n|-unboost|p1a: Blissey|spa|1\n|\n|-heal|p1a: Blissey|98\/100|[from] item: Leftovers\n|-heal|p2a: Navi|96\/100|[from] item: Leftovers\n|upkeep\n|turn|14\n|\n|t:|1699982163\n|switch|p2a: Vulture|Mandibuzz, F|100\/100\n|-damage|p2a: Vulture|75\/100|[from] Stealth Rock\n|move|p1a: Blissey|Seismic Toss|p2a: Vulture\n|-damage|p2a: Vulture|52\/100\n|\n|-heal|p2a: Vulture|58\/100|[from] item: Leftovers\n|-heal|p1a: Blissey|100\/100|[from] item: Leftovers\n|upkeep\n|turn|15\n|\n|t:|1699982169\n|switch|p1a: Pawmot|Pawmot, M|100\/100\n|move|p2a: Vulture|Roost|p2a: Vulture\n|-heal|p2a: Vulture|100\/100\n|-singleturn|p2a: Vulture|move: Roost\n|\n|upkeep\n|turn|16\n|\n|t:|1699982175\n|switch|p2a: Snail Dragon|Goodra-Hisui, M|100\/100\n|-damage|p2a: Snail Dragon|94\/100|[from] Stealth Rock\n|move|p1a: Pawmot|Revival Blessing|p1a: Pawmot\n|-enditem|p1a: Pawmot|Leppa Berry|[eat]\n|-activate|p1a: Pawmot|item: Leppa Berry|Revival Blessing|[consumed]\n|\n|t:|1699982178\n|-heal|p1: Grafaiai|50\/100|[from] move: Revival Blessing\n|\n|upkeep\n|turn|17\n|\n|t:|1699982189\n|move|p1a: Pawmot|Close Combat|p2a: Snail Dragon\n|-supereffective|p2a: Snail Dragon\n|-damage|p2a: Snail Dragon|0 fnt\n|-unboost|p1a: Pawmot|def|1\n|-unboost|p1a: Pawmot|spd|1\n|faint|p2a: Snail Dragon\n|\n|upkeep\n|-message|CrispyBacon5093 forfeited.\n|\n|win|ChillLanturnYT\n|raw|ChillLanturnYT's rating: 1055 &rarr; <strong>1094<\/strong><br \/>(+39 for winning)\n|raw|CrispyBacon5093's rating: 1132 &rarr; <strong>1102<\/strong><br \/>(-30 for losing)\n|l|\u2606CrispyBacon5093\n","uploadtime":1699982204,"views":5,"p1id":"chilllanturnyt","p2id":"crispybacon5093","formatid":"gen9ou","rating":1094,"private":0,"password":""}