{"id":"gen9ou-1995744681","p1":"itz_ado6","p2":"Itami Dark","format":"[Gen 9] OU","log":"|j|\u2606itz_ado6\n|j|\u2606Itami Dark\n|t:|1700599148\n|gametype|singles\n|player|p1|itz_ado6|lady-gen4|1201\n|player|p2|Itami Dark|palmer|1263\n|teamsize|p1|6\n|teamsize|p2|6\n|gen|9\n|tier|[Gen 9] OU\n|rated|\n|rule|Sleep Clause Mod: Limit one foe put to sleep\n|rule|Species Clause: Limit one of each Pok\u00e9mon\n|rule|OHKO Clause: OHKO moves are banned\n|rule|Evasion Items Clause: Evasion items are banned\n|rule|Evasion Moves Clause: Evasion moves are banned\n|rule|Endless Battle Clause: Forcing endless battles is banned\n|rule|HP Percentage Mod: HP is shown in percentages\n|clearpoke\n|poke|p1|Cinderace, M|\n|poke|p1|Zapdos|\n|poke|p1|Ogerpon-Wellspring, F|\n|poke|p1|Slowking-Galar, M|\n|poke|p1|Ting-Lu|\n|poke|p1|Dondozo, M|\n|poke|p2|Ribombee, F|\n|poke|p2|Ogerpon-Wellspring, F|\n|poke|p2|Iron Moth|\n|poke|p2|Kingambit, M|\n|poke|p2|Gholdengo|\n|poke|p2|Iron Valiant|\n|teampreview\n|inactive|Battle timer is ON: inactive players will automatically lose when time's up. (requested by Itami Dark)\n|\n|t:|1700599163\n|start\n|switch|p1a: Ogerpon|Ogerpon-Wellspring, F|100\/100\n|switch|p2a: Ribombee|Ribombee, F|100\/100\n|turn|1\n|\n|t:|1700599170\n|move|p2a: Ribombee|Stun Spore|p1a: Ogerpon\n|-immune|p1a: Ogerpon\n|move|p1a: Ogerpon|Knock Off|p2a: Ribombee\n|-resisted|p2a: Ribombee\n|-damage|p2a: Ribombee|61\/100\n|-enditem|p2a: Ribombee|Focus Sash|[from] move: Knock Off|[of] p1a: Ogerpon\n|\n|upkeep\n|turn|2\n|\n|t:|1700599179\n|move|p2a: Ribombee|Sticky Web|p1a: Ogerpon\n|-sidestart|p1: itz_ado6|move: Sticky Web\n|move|p1a: Ogerpon|Ivy Cudgel|p2a: Ribombee|[anim] Ivy Cudgel Water\n|-damage|p2a: Ribombee|0 fnt\n|faint|p2a: Ribombee\n|\n|upkeep\n|\n|t:|1700599186\n|switch|p2a: Gholdengo|Gholdengo|100\/100\n|-item|p2a: Gholdengo|Air Balloon\n|turn|3\n|\n|t:|1700599190\n|move|p1a: Ogerpon|Knock Off|p2a: Gholdengo\n|-supereffective|p2a: Gholdengo\n|-damage|p2a: Gholdengo|11\/100\n|-enditem|p2a: Gholdengo|Air Balloon\n|move|p2a: Gholdengo|Nasty Plot|p2a: Gholdengo\n|-boost|p2a: Gholdengo|spa|2\n|\n|upkeep\n|turn|4\n|\n|t:|1700599200\n|switch|p2a: Ogerpon|Ogerpon-Wellspring, F|100\/100\n|move|p1a: Ogerpon|Encore||[still]\n|-fail|p1a: Ogerpon\n|\n|upkeep\n|turn|5\n|\n|t:|1700599210\n|switch|p1a: Slowking|Slowking-Galar, M|100\/100\n|move|p2a: Ogerpon|Power Whip|p1a: Slowking\n|-resisted|p1a: Slowking\n|-damage|p1a: Slowking|73\/100\n|\n|upkeep\n|turn|6\n|\n|t:|1700599217\n|-terastallize|p2a: Ogerpon|Water\n|detailschange|p2a: Ogerpon|Ogerpon-Wellspring-Tera, F, tera:Water\n|-ability|p2a: Ogerpon|Embody Aspect (Wellspring)|boost\n|-boost|p2a: Ogerpon|spd|1\n|move|p2a: Ogerpon|Swords Dance|p2a: Ogerpon\n|-boost|p2a: Ogerpon|atk|2\n|move|p1a: Slowking|Future Sight|p2a: Ogerpon\n|-start|p1a: Slowking|move: Future Sight\n|\n|upkeep\n|turn|7\n|\n|t:|1700599226\n|move|p2a: Ogerpon|Ivy Cudgel|p1a: Slowking|[anim] Ivy Cudgel Water\n|-damage|p1a: Slowking|0 fnt\n|faint|p1a: Slowking\n|\n|upkeep\n|\n|t:|1700599235\n|switch|p1a: Dondozo|Dondozo, M, shiny|100\/100\n|turn|8\n|\n|t:|1700599241\n|move|p2a: Ogerpon|Power Whip|p1a: Dondozo\n|-supereffective|p1a: Dondozo\n|-damage|p1a: Dondozo|36\/100\n|move|p1a: Dondozo|Rest|p1a: Dondozo\n|-status|p1a: Dondozo|slp|[from] move: Rest\n|-heal|p1a: Dondozo|100\/100 slp|[silent]\n|\n|-end|p2a: Ogerpon|move: Future Sight\n|-damage|p2a: Ogerpon|66\/100\n|upkeep\n|turn|9\n|\n|t:|1700599265\n|switch|p1a: Cinderace|Cinderace, M|100\/100\n|move|p2a: Ogerpon|Swords Dance|p2a: Ogerpon\n|-boost|p2a: Ogerpon|atk|2\n|\n|upkeep\n|turn|10\n|\n|t:|1700599271\n|move|p1a: Cinderace|Will-O-Wisp|p2a: Ogerpon\n|-status|p2a: Ogerpon|brn\n|move|p2a: Ogerpon|Ivy Cudgel|p1a: Cinderace|[anim] Ivy Cudgel Water\n|-supereffective|p1a: Cinderace\n|-damage|p1a: Cinderace|0 fnt\n|faint|p1a: Cinderace\n|\n|-damage|p2a: Ogerpon|60\/100 brn|[from] brn\n|upkeep\n|\n|t:|1700599284\n|switch|p1a: Zapdos|Zapdos|100\/100\n|turn|11\n|\n|t:|1700599288\n|move|p2a: Ogerpon|Play Rough|p1a: Zapdos\n|-damage|p1a: Zapdos|55\/100\n|move|p1a: Zapdos|Volt Switch|p2a: Ogerpon\n|-supereffective|p2a: Ogerpon\n|-damage|p2a: Ogerpon|11\/100 brn\n|\n|t:|1700599294\n|switch|p1a: Ogerpon|Ogerpon-Wellspring, F|100\/100|[from] Volt Switch\n|-activate|p1a: Ogerpon|move: Sticky Web\n|-unboost|p1a: Ogerpon|spe|1\n|\n|-damage|p2a: Ogerpon|5\/100 brn|[from] brn\n|upkeep\n|turn|12\n|\n|t:|1700599304\n|switch|p1a: Zapdos|Zapdos|55\/100\n|move|p2a: Ogerpon|Power Whip|p1a: Zapdos\n|-resisted|p1a: Zapdos\n|-damage|p1a: Zapdos|4\/100\n|\n|-damage|p2a: Ogerpon|0 fnt|[from] brn\n|faint|p2a: Ogerpon\n|upkeep\n|\n|t:|1700599310\n|switch|p2a: Iron Moth|Iron Moth|100\/100\n|-enditem|p2a: Iron Moth|Booster Energy\n|-activate|p2a: Iron Moth|ability: Quark Drive|[fromitem]\n|-start|p2a: Iron Moth|quarkdrivespa\n|turn|13\n|\n|t:|1700599318\n|move|p2a: Iron Moth|Fiery Dance|p1a: Zapdos\n|-damage|p1a: Zapdos|0 fnt\n|faint|p1a: Zapdos\n|\n|upkeep\n|\n|t:|1700599325\n|switch|p1a: Ting-Lu|Ting-Lu|100\/100\n|-activate|p1a: Ting-Lu|move: Sticky Web\n|-unboost|p1a: Ting-Lu|spe|1\n|-ability|p1a: Ting-Lu|Vessel of Ruin\n|turn|14\n|\n|t:|1700599335\n|-end|p2a: Iron Moth|Quark Drive|[silent]\n|switch|p2a: Gholdengo|Gholdengo|11\/100\n|move|p1a: Ting-Lu|Stealth Rock|p2a: Gholdengo\n|-sidestart|p2: Itami Dark|move: Stealth Rock\n|\n|upkeep\n|turn|15\n|\n|t:|1700599341\n|move|p2a: Gholdengo|Dazzling Gleam|p1a: Ting-Lu\n|-supereffective|p1a: Ting-Lu\n|-damage|p1a: Ting-Lu|77\/100\n|move|p1a: Ting-Lu|Whirlwind|p2a: Gholdengo\n|-immune|p2a: Gholdengo|[from] ability: Good as Gold\n|\n|-heal|p1a: Ting-Lu|83\/100|[from] item: Leftovers\n|upkeep\n|turn|16\n|\n|t:|1700599350\n|move|p2a: Gholdengo|Nasty Plot|p2a: Gholdengo\n|-boost|p2a: Gholdengo|spa|2\n|move|p1a: Ting-Lu|Earthquake|p2a: Gholdengo\n|-supereffective|p2a: Gholdengo\n|-damage|p2a: Gholdengo|0 fnt\n|faint|p2a: Gholdengo\n|\n|-heal|p1a: Ting-Lu|89\/100|[from] item: Leftovers\n|upkeep\n|\n|t:|1700599359\n|switch|p2a: Iron Valiant|Iron Valiant|100\/100\n|-damage|p2a: Iron Valiant|94\/100|[from] Stealth Rock\n|-enditem|p2a: Iron Valiant|Booster Energy\n|-activate|p2a: Iron Valiant|ability: Quark Drive|[fromitem]\n|-start|p2a: Iron Valiant|quarkdrivespe\n|turn|17\n|\n|t:|1700599371\n|switch|p1a: Dondozo|Dondozo, M, shiny|100\/100 slp\n|move|p2a: Iron Valiant|Close Combat|p1a: Dondozo\n|-damage|p1a: Dondozo|73\/100 slp\n|-unboost|p2a: Iron Valiant|def|1\n|-unboost|p2a: Iron Valiant|spd|1\n|\n|upkeep\n|turn|18\n|\n|t:|1700599386\n|move|p2a: Iron Valiant|Knock Off|p1a: Dondozo\n|-damage|p1a: Dondozo|58\/100 slp\n|-enditem|p1a: Dondozo|Heavy-Duty Boots|[from] move: Knock Off|[of] p2a: Iron Valiant\n|cant|p1a: Dondozo|slp\n|\n|upkeep\n|turn|19\n|\n|t:|1700599410\n|-end|p2a: Iron Valiant|Quark Drive|[silent]\n|switch|p2a: Kingambit|Kingambit, M|100\/100\n|-damage|p2a: Kingambit|94\/100|[from] Stealth Rock\n|-activate|p2a: Kingambit|ability: Supreme Overlord\n|-start|p2a: Kingambit|fallen3|[silent]\n|cant|p1a: Dondozo|slp\n|move|p1a: Dondozo|Sleep Talk|p1a: Dondozo\n|move|p1a: Dondozo|Body Press|p2a: Kingambit|[from]move: Sleep Talk\n|-supereffective|p2a: Kingambit\n|-damage|p2a: Kingambit|0 fnt\n|faint|p2a: Kingambit\n|-end|p2a: Kingambit|fallen3|[silent]\n|\n|upkeep\n|\n|t:|1700599420\n|switch|p2a: Iron Moth|Iron Moth|100\/100\n|-damage|p2a: Iron Moth|76\/100|[from] Stealth Rock\n|turn|20\n|\n|t:|1700599428\n|switch|p1a: Ting-Lu|Ting-Lu|89\/100\n|-activate|p1a: Ting-Lu|move: Sticky Web\n|-unboost|p1a: Ting-Lu|spe|1\n|-ability|p1a: Ting-Lu|Vessel of Ruin\n|move|p2a: Iron Moth|Fiery Dance|p1a: Ting-Lu\n|-damage|p1a: Ting-Lu|71\/100\n|-boost|p2a: Iron Moth|spa|1\n|\n|-heal|p1a: Ting-Lu|77\/100|[from] item: Leftovers\n|upkeep\n|turn|21\n|-message|Itami Dark forfeited.\n|\n|win|itz_ado6\n|raw|itz_ado6's rating: 1201 &rarr; <strong>1230<\/strong><br \/>(+29 for winning)\n|raw|Itami Dark's rating: 1263 &rarr; <strong>1234<\/strong><br \/>(-29 for losing)\n|l|\u2606Itami Dark\n","uploadtime":1700599443,"views":9,"p1id":"itzado6","p2id":"itamidark","formatid":"gen9ou","rating":1230,"private":0,"password":""}