{"id":"gen9ou-1996224246","p1":"Zulneily","p2":"bigrich244","format":"[Gen 9] OU","log":"|j|\u2606Zulneily\n|j|\u2606bigrich244\n|t:|1700661165\n|gametype|singles\n|player|p1|Zulneily|hilda-wonderlauncher|1336\n|player|p2|bigrich244|102|1433\n|teamsize|p1|6\n|teamsize|p2|6\n|gen|9\n|tier|[Gen 9] OU\n|rated|\n|rule|Sleep Clause Mod: Limit one foe put to sleep\n|rule|Species Clause: Limit one of each Pok\u00e9mon\n|rule|OHKO Clause: OHKO moves are banned\n|rule|Evasion Items Clause: Evasion items are banned\n|rule|Evasion Moves Clause: Evasion moves are banned\n|rule|Endless Battle Clause: Forcing endless battles is banned\n|rule|HP Percentage Mod: HP is shown in percentages\n|clearpoke\n|poke|p1|Great Tusk|\n|poke|p1|Dragapult, M|\n|poke|p1|Ogerpon, F|\n|poke|p1|Iron Moth|\n|poke|p1|Toxapex, F|\n|poke|p1|Enamorus, F|\n|poke|p2|Kingambit, M|\n|poke|p2|Ceruledge, F|\n|poke|p2|Conkeldurr, M|\n|poke|p2|Dragonite, M|\n|poke|p2|Cinderace, F|\n|poke|p2|Slowbro-Galar, F|\n|teampreview\n|inactive|Battle timer is ON: inactive players will automatically lose when time's up. (requested by bigrich244)\n|\n|t:|1700661190\n|start\n|switch|p1a: Great Tusk|Great Tusk|100\/100\n|switch|p2a: Cinderace|Cinderace, F|100\/100\n|turn|1\n|\n|t:|1700661203\n|move|p2a: Cinderace|High Jump Kick|p1a: Great Tusk\n|-start|p2a: Cinderace|typechange|Fighting|[from] ability: Libero\n|-damage|p1a: Great Tusk|69\/100\n|move|p1a: Great Tusk|Knock Off|p2a: Cinderace\n|-resisted|p2a: Cinderace\n|-damage|p2a: Cinderace|80\/100\n|-enditem|p2a: Cinderace|Heavy-Duty Boots|[from] move: Knock Off|[of] p1a: Great Tusk\n|\n|-heal|p1a: Great Tusk|75\/100|[from] item: Leftovers\n|upkeep\n|turn|2\n|\n|t:|1700661227\n|switch|p2a: Dragonite|Dragonite, M|100\/100\n|move|p1a: Great Tusk|Stealth Rock|p2a: Dragonite\n|-sidestart|p2: bigrich244|move: Stealth Rock\n|\n|-heal|p1a: Great Tusk|81\/100|[from] item: Leftovers\n|upkeep\n|turn|3\n|\n|t:|1700661237\n|move|p2a: Dragonite|Encore|p1a: Great Tusk\n|-start|p1a: Great Tusk|Encore\n|move|p1a: Great Tusk|Stealth Rock||[still]\n|-fail|p1a: Great Tusk\n|\n|-heal|p1a: Great Tusk|87\/100|[from] item: Leftovers\n|upkeep\n|turn|4\n|\n|t:|1700661250\n|-end|p1a: Great Tusk|Protosynthesis|[silent]\n|switch|p1a: Toxapex|Toxapex, F|100\/100\n|move|p2a: Dragonite|Dragon Dance|p2a: Dragonite\n|-boost|p2a: Dragonite|atk|1\n|-boost|p2a: Dragonite|spe|1\n|\n|upkeep\n|turn|5\n|\n|t:|1700661256\n|move|p2a: Dragonite|Dragon Dance|p2a: Dragonite\n|-boost|p2a: Dragonite|atk|1\n|-boost|p2a: Dragonite|spe|1\n|move|p1a: Toxapex|Toxic|p2a: Dragonite\n|-status|p2a: Dragonite|tox\n|\n|-damage|p2a: Dragonite|94\/100 tox|[from] psn\n|upkeep\n|turn|6\n|\n|t:|1700661263\n|move|p1a: Toxapex|Baneful Bunker|p1a: Toxapex\n|-singleturn|p1a: Toxapex|move: Protect\n|move|p2a: Dragonite|Dragon Dance|p2a: Dragonite\n|-boost|p2a: Dragonite|atk|1\n|-boost|p2a: Dragonite|spe|1\n|\n|-damage|p2a: Dragonite|82\/100 tox|[from] psn\n|upkeep\n|turn|7\n|\n|t:|1700661280\n|move|p1a: Toxapex|Baneful Bunker|p1a: Toxapex\n|-singleturn|p1a: Toxapex|move: Protect\n|move|p2a: Dragonite|Earthquake|p1a: Toxapex\n|-activate|p1a: Toxapex|move: Protect\n|\n|-damage|p2a: Dragonite|63\/100 tox|[from] psn\n|upkeep\n|turn|8\n|\n|t:|1700661288\n|switch|p1a: Enamorus|Enamorus, F|100\/100\n|move|p2a: Dragonite|Extreme Speed|p1a: Enamorus\n|-damage|p1a: Enamorus|0 fnt\n|faint|p1a: Enamorus\n|\n|-damage|p2a: Dragonite|39\/100 tox|[from] psn\n|upkeep\n|\n|t:|1700661299\n|switch|p1a: Toxapex|Toxapex, F|100\/100\n|turn|9\n|\n|t:|1700661315\n|move|p2a: Dragonite|Earthquake|p1a: Toxapex\n|-supereffective|p1a: Toxapex\n|-crit|p1a: Toxapex\n|-damage|p1a: Toxapex|0 fnt\n|faint|p1a: Toxapex\n|\n|-damage|p2a: Dragonite|8\/100 tox|[from] psn\n|upkeep\n|\n|t:|1700661326\n|switch|p1a: Great Tusk|Great Tusk|87\/100\n|turn|10\n|\n|t:|1700661332\n|-end|p1a: Great Tusk|Protosynthesis|[silent]\n|switch|p1a: Dragapult|Dragapult, M|100\/100\n|move|p2a: Dragonite|Earthquake|p1a: Dragapult\n|-damage|p1a: Dragapult|0 fnt\n|faint|p1a: Dragapult\n|\n|-damage|p2a: Dragonite|0 fnt|[from] psn\n|faint|p2a: Dragonite\n|upkeep\n|\n|t:|1700661355\n|switch|p1a: Great Tusk|Great Tusk|87\/100\n|switch|p2a: Conkeldurr|Conkeldurr, M|100\/100\n|-damage|p2a: Conkeldurr|94\/100|[from] Stealth Rock\n|turn|11\n|\n|t:|1700661361\n|move|p1a: Great Tusk|Knock Off|p2a: Conkeldurr\n|-resisted|p2a: Conkeldurr\n|-damage|p2a: Conkeldurr|82\/100\n|-enditem|p2a: Conkeldurr|Assault Vest|[from] move: Knock Off|[of] p1a: Great Tusk\n|move|p2a: Conkeldurr|Ice Punch|p1a: Great Tusk\n|-supereffective|p1a: Great Tusk\n|-damage|p1a: Great Tusk|53\/100\n|\n|-heal|p1a: Great Tusk|59\/100|[from] item: Leftovers\n|upkeep\n|turn|12\n|\n|t:|1700661375\n|-end|p1a: Great Tusk|Protosynthesis|[silent]\n|switch|p1a: Iron Moth|Iron Moth|100\/100\n|-enditem|p1a: Iron Moth|Booster Energy\n|-activate|p1a: Iron Moth|ability: Quark Drive|[fromitem]\n|-start|p1a: Iron Moth|quarkdrivespe\n|move|p2a: Conkeldurr|Drain Punch|p1a: Iron Moth\n|-resisted|p1a: Iron Moth\n|-damage|p1a: Iron Moth|58\/100\n|-heal|p2a: Conkeldurr|99\/100|[from] drain|[of] p1a: Iron Moth\n|\n|upkeep\n|turn|13\n|\n|t:|1700661386\n|-terastallize|p2a: Conkeldurr|Fire\n|move|p1a: Iron Moth|Psychic|p2a: Conkeldurr\n|-damage|p2a: Conkeldurr|62\/100\n|move|p2a: Conkeldurr|Drain Punch|p1a: Iron Moth\n|-resisted|p1a: Iron Moth\n|-damage|p1a: Iron Moth|17\/100\n|-heal|p2a: Conkeldurr|79\/100|[from] drain|[of] p1a: Iron Moth\n|\n|upkeep\n|turn|14\n|\n|t:|1700661395\n|move|p2a: Conkeldurr|Mach Punch|p1a: Iron Moth\n|-resisted|p1a: Iron Moth\n|-damage|p1a: Iron Moth|0 fnt\n|faint|p1a: Iron Moth\n|-end|p1a: Iron Moth|Quark Drive|[silent]\n|\n|upkeep\n|\n|t:|1700661403\n|switch|p1a: Great Tusk|Great Tusk|59\/100\n|turn|15\n|\n|t:|1700661409\n|switch|p2a: Kingambit|Kingambit, M|100\/100\n|-damage|p2a: Kingambit|94\/100|[from] Stealth Rock\n|-activate|p2a: Kingambit|ability: Supreme Overlord\n|-start|p2a: Kingambit|fallen1|[silent]\n|-item|p2a: Kingambit|Air Balloon\n|move|p1a: Great Tusk|Body Press|p2a: Kingambit\n|-supereffective|p2a: Kingambit\n|-damage|p2a: Kingambit|0 fnt\n|-enditem|p2a: Kingambit|Air Balloon\n|faint|p2a: Kingambit\n|-end|p2a: Kingambit|fallen1|[silent]\n|\n|-heal|p1a: Great Tusk|65\/100|[from] item: Leftovers\n|upkeep\n|\n|t:|1700661434\n|switch|p2a: Cinderace|Cinderace, F|80\/100\n|-damage|p2a: Cinderace|55\/100|[from] Stealth Rock\n|turn|16\n|\n|t:|1700661440\n|move|p2a: Cinderace|High Jump Kick|p1a: Great Tusk|[miss]\n|-start|p2a: Cinderace|typechange|Fighting|[from] ability: Libero\n|-miss|p2a: Cinderace|p1a: Great Tusk\n|-damage|p2a: Cinderace|5\/100|[from] highjumpkick\n|move|p1a: Great Tusk|Rapid Spin|p2a: Cinderace\n|-damage|p2a: Cinderace|0 fnt\n|-boost|p1a: Great Tusk|spe|1\n|faint|p2a: Cinderace\n|\n|-heal|p1a: Great Tusk|71\/100|[from] item: Leftovers\n|upkeep\n|\n|t:|1700661451\n|switch|p2a: Slowbro|Slowbro-Galar, F|100\/100\n|-damage|p2a: Slowbro|88\/100|[from] Stealth Rock\n|turn|17\n|\n|t:|1700661456\n|move|p1a: Great Tusk|Knock Off|p2a: Slowbro\n|-supereffective|p2a: Slowbro\n|-crit|p2a: Slowbro\n|-damage|p2a: Slowbro|10\/100\n|-enditem|p2a: Slowbro|Quick Claw|[from] move: Knock Off|[of] p1a: Great Tusk\n|move|p2a: Slowbro|Surf|p1a: Great Tusk\n|-supereffective|p1a: Great Tusk\n|-crit|p1a: Great Tusk\n|-damage|p1a: Great Tusk|0 fnt\n|faint|p1a: Great Tusk\n|-end|p1a: Great Tusk|Protosynthesis|[silent]\n|\n|upkeep\n|\n|t:|1700661464\n|switch|p1a: Ogerpon|Ogerpon, F|100\/100\n|turn|18\n|\n|t:|1700661470\n|move|p1a: Ogerpon|Stomping Tantrum|p2a: Slowbro\n|-supereffective|p2a: Slowbro\n|-damage|p2a: Slowbro|0 fnt\n|faint|p2a: Slowbro\n|\n|upkeep\n|\n|t:|1700661480\n|switch|p2a: Conkeldurr|Conkeldurr, M, tera:Fire|79\/100\n|-damage|p2a: Conkeldurr|54\/100|[from] Stealth Rock\n|turn|19\n|\n|t:|1700661487\n|move|p1a: Ogerpon|Stomping Tantrum|p2a: Conkeldurr\n|-supereffective|p2a: Conkeldurr\n|-crit|p2a: Conkeldurr\n|-damage|p2a: Conkeldurr|0 fnt\n|faint|p2a: Conkeldurr\n|\n|upkeep\n|c|\u2606bigrich244|ur luck\n|c|\u2606bigrich244|the crit mattered\n|c|\u2606bigrich244|wtaf\n|\n|t:|1700661506\n|switch|p2a: Ceruledge|Ceruledge, F|100\/100\n|-damage|p2a: Ceruledge|76\/100|[from] Stealth Rock\n|turn|20\n|c|\u2606Zulneily|Gg\n|c|\u2606bigrich244|nah\n|c|\u2606bigrich244|I had you\n|\n|t:|1700661520\n|move|p1a: Ogerpon|Stomping Tantrum|p2a: Ceruledge\n|-supereffective|p2a: Ceruledge\n|-damage|p2a: Ceruledge|4\/100\n|-ability|p2a: Ceruledge|Weak Armor|boost\n|-unboost|p2a: Ceruledge|def|1\n|-boost|p2a: Ceruledge|spe|2\n|move|p2a: Ceruledge|Destiny Bond|p2a: Ceruledge\n|-singlemove|p2a: Ceruledge|Destiny Bond\n|\n|upkeep\n|turn|21\n|\n|t:|1700661533\n|move|p2a: Ceruledge|Bitter Blade|p1a: Ogerpon\n|-supereffective|p1a: Ogerpon\n|-enditem|p1a: Ogerpon|Focus Sash\n|-damage|p1a: Ogerpon|1\/100\n|-heal|p2a: Ceruledge|55\/100|[from] drain|[of] p1a: Ogerpon\n|move|p1a: Ogerpon|Stomping Tantrum|p2a: Ceruledge\n|-supereffective|p2a: Ceruledge\n|-damage|p2a: Ceruledge|0 fnt\n|faint|p2a: Ceruledge\n|\n|win|Zulneily\n|raw|Zulneily's rating: 1336 &rarr; <strong>1361<\/strong><br \/>(+25 for winning)\n|raw|bigrich244's rating: 1433 &rarr; <strong>1408<\/strong><br \/>(-25 for losing)\n|c|\u2606bigrich244|conkle survived\n|c|\u2606bigrich244|without crit\n|c|\u2606bigrich244|I have the calc up\n|l|\u2606bigrich244\n","uploadtime":1700661635,"views":0,"p1id":"zulneily","p2id":"bigrich244","formatid":"gen9ou","rating":1361,"private":0,"password":""}