{"id":"gen9ou-1992152790","p1":"LA PERCEUSE","p2":"cartography noises","format":"[Gen 9] OU","log":"|j|\u2606LA PERCEUSE\n|j|\u2606cartography noises\n|t:|1700159401\n|gametype|singles\n|player|p1|LA PERCEUSE|byron|1096\n|player|p2|cartography noises|ghetsis|1000\n|teamsize|p1|6\n|teamsize|p2|6\n|gen|9\n|tier|[Gen 9] OU\n|rated|\n|rule|Sleep Clause Mod: Limit one foe put to sleep\n|rule|Species Clause: Limit one of each Pok\u00e9mon\n|rule|OHKO Clause: OHKO moves are banned\n|rule|Evasion Items Clause: Evasion items are banned\n|rule|Evasion Moves Clause: Evasion moves are banned\n|rule|Endless Battle Clause: Forcing endless battles is banned\n|rule|HP Percentage Mod: HP is shown in percentages\n|clearpoke\n|poke|p1|Corviknight, M|\n|poke|p1|Cinderace, F|\n|poke|p1|Enamorus, F|\n|poke|p1|Rillaboom, M|\n|poke|p1|Greninja-*, F|\n|poke|p1|Sneasler, M|\n|poke|p2|Ogerpon-Cornerstone, F|\n|poke|p2|Samurott-Hisui, M|\n|poke|p2|Iron Valiant|\n|poke|p2|Mamoswine, M|\n|poke|p2|Goodra-Hisui, F|\n|poke|p2|Munkidori, M|\n|teampreview\n|inactive|Battle timer is ON: inactive players will automatically lose when time's up. (requested by cartography noises)\n|\n|t:|1700159415\n|start\n|switch|p1a: Sneasler|Sneasler, M|100\/100\n|switch|p2a: Mamoswine|Mamoswine, M|100\/100\n|turn|1\n|\n|t:|1700159440\n|move|p1a: Sneasler|Fake Out|p2a: Mamoswine\n|-enditem|p1a: Sneasler|Normal Gem|[from] gem\n|-damage|p2a: Mamoswine|76\/100\n|cant|p2a: Mamoswine|flinch\n|\n|-heal|p2a: Mamoswine|82\/100|[from] item: Leftovers\n|upkeep\n|turn|2\n|\n|t:|1700159451\n|move|p1a: Sneasler|Close Combat|p2a: Mamoswine\n|-supereffective|p2a: Mamoswine\n|-damage|p2a: Mamoswine|0 fnt\n|-unboost|p1a: Sneasler|def|1\n|-unboost|p1a: Sneasler|spd|1\n|faint|p2a: Mamoswine\n|\n|upkeep\n|\n|t:|1700159458\n|switch|p2a: Munkidori|Munkidori, M|100\/100\n|turn|3\n|\n|t:|1700159464\n|move|p2a: Munkidori|Fake Out|p1a: Sneasler\n|-damage|p1a: Sneasler|83\/100\n|cant|p1a: Sneasler|flinch\n|\n|upkeep\n|turn|4\n|\n|t:|1700159469\n|move|p1a: Sneasler|Dire Claw|p2a: Munkidori\n|-resisted|p2a: Munkidori\n|-damage|p2a: Munkidori|64\/100\n|-status|p2a: Munkidori|slp\n|cant|p2a: Munkidori|slp\n|\n|-heal|p2a: Munkidori|70\/100 slp|[from] item: Leftovers\n|upkeep\n|turn|5\n|\n|t:|1700159477\n|move|p1a: Sneasler|Swords Dance|p1a: Sneasler\n|-boost|p1a: Sneasler|atk|2\n|-curestatus|p2a: Munkidori|slp|[msg]\n|move|p2a: Munkidori|Psychic|p1a: Sneasler\n|-supereffective|p1a: Sneasler\n|-damage|p1a: Sneasler|0 fnt\n|faint|p1a: Sneasler\n|\n|-heal|p2a: Munkidori|76\/100|[from] item: Leftovers\n|upkeep\n|\n|t:|1700159490\n|switch|p1a: Enamorus|Enamorus, F|100\/100\n|turn|6\n|\n|t:|1700159495\n|move|p1a: Enamorus|Earth Power|p2a: Munkidori\n|-supereffective|p2a: Munkidori\n|-damage|p2a: Munkidori|4\/100\n|move|p2a: Munkidori|Sludge Wave|p1a: Enamorus\n|-supereffective|p1a: Enamorus\n|-damage|p1a: Enamorus|0 fnt\n|faint|p1a: Enamorus\n|\n|-heal|p2a: Munkidori|10\/100|[from] item: Leftovers\n|upkeep\n|\n|t:|1700159509\n|switch|p1a: Greninja|Greninja, F|100\/100\n|turn|7\n|\n|t:|1700159513\n|move|p1a: Greninja|Water Shuriken|p2a: Munkidori\n|-start|p1a: Greninja|typechange|Water|[from] ability: Protean\n|-damage|p2a: Munkidori|0 fnt\n|faint|p2a: Munkidori\n|-hitcount|p2: Munkidori|1\n|-damage|p1a: Greninja|91\/100|[from] item: Life Orb\n|\n|upkeep\n|\n|t:|1700159522\n|switch|p2a: Samurott|Samurott-Hisui, M|100\/100\n|turn|8\n|\n|t:|1700159534\n|move|p1a: Greninja|Surf|p2a: Samurott\n|-resisted|p2a: Samurott\n|-damage|p2a: Samurott|64\/100\n|-damage|p1a: Greninja|81\/100|[from] item: Life Orb\n|move|p2a: Samurott|Ceaseless Edge|p1a: Greninja\n|-damage|p1a: Greninja|8\/100\n|-sidestart|p1: LA PERCEUSE|Spikes\n|\n|upkeep\n|turn|9\n|\n|t:|1700159546\n|move|p1a: Greninja|Surf|p2a: Samurott\n|-resisted|p2a: Samurott\n|-damage|p2a: Samurott|25\/100\n|-damage|p1a: Greninja|0 fnt|[from] item: Life Orb\n|faint|p1a: Greninja\n|move|p2a: Samurott|Ceaseless Edge|p1: Greninja|[notarget]\n|-fail|p2a: Samurott\n|\n|upkeep\n|\n|t:|1700159557\n|switch|p1a: Corviknight|Corviknight, M|100\/100\n|-ability|p1a: Corviknight|Pressure\n|turn|10\n|\n|t:|1700159561\n|move|p2a: Samurott|Ceaseless Edge|p1a: Corviknight\n|-damage|p1a: Corviknight|61\/100\n|-sidestart|p1: LA PERCEUSE|Spikes\n|move|p1a: Corviknight|Bulk Up|p1a: Corviknight\n|-boost|p1a: Corviknight|atk|1\n|-boost|p1a: Corviknight|def|1\n|\n|-heal|p1a: Corviknight|67\/100|[from] item: Leftovers\n|upkeep\n|turn|11\n|\n|t:|1700159572\n|move|p2a: Samurott|Ceaseless Edge|p1a: Corviknight\n|-damage|p1a: Corviknight|44\/100\n|-sidestart|p1: LA PERCEUSE|Spikes\n|move|p1a: Corviknight|Roost|p1a: Corviknight\n|-heal|p1a: Corviknight|94\/100\n|-singleturn|p1a: Corviknight|move: Roost\n|\n|-heal|p1a: Corviknight|99\/100|[from] item: Leftovers\n|upkeep\n|turn|12\n|\n|t:|1700159581\n|move|p2a: Samurott|Sacred Sword|p1a: Corviknight\n|-crit|p1a: Corviknight\n|-damage|p1a: Corviknight|50\/100\n|move|p1a: Corviknight|Substitute|p1a: Corviknight\n|-start|p1a: Corviknight|Substitute\n|-damage|p1a: Corviknight|25\/100\n|\n|-heal|p1a: Corviknight|31\/100|[from] item: Leftovers\n|upkeep\n|turn|13\n|\n|t:|1700159588\n|move|p2a: Samurott|Sacred Sword|p1a: Corviknight\n|-end|p1a: Corviknight|Substitute\n|move|p1a: Corviknight|Roost|p1a: Corviknight\n|-heal|p1a: Corviknight|81\/100\n|-singleturn|p1a: Corviknight|move: Roost\n|\n|-heal|p1a: Corviknight|87\/100|[from] item: Leftovers\n|upkeep\n|turn|14\n|\n|t:|1700159600\n|move|p2a: Samurott|Swords Dance|p2a: Samurott\n|-boost|p2a: Samurott|atk|2\n|move|p1a: Corviknight|Brave Bird|p2a: Samurott\n|-crit|p2a: Samurott\n|-damage|p2a: Samurott|0 fnt\n|faint|p2a: Samurott\n|-damage|p1a: Corviknight|81\/100|[from] Recoil\n|\n|-heal|p1a: Corviknight|87\/100|[from] item: Leftovers\n|upkeep\n|\n|t:|1700159607\n|switch|p2a: Iron Valiant|Iron Valiant|100\/100\n|-enditem|p2a: Iron Valiant|Booster Energy\n|-activate|p2a: Iron Valiant|ability: Quark Drive|[fromitem]\n|-start|p2a: Iron Valiant|quarkdrivespe\n|turn|15\n|\n|t:|1700159613\n|move|p2a: Iron Valiant|Knock Off|p1a: Corviknight\n|-damage|p1a: Corviknight|71\/100\n|-enditem|p1a: Corviknight|Leftovers|[from] move: Knock Off|[of] p2a: Iron Valiant\n|move|p1a: Corviknight|Brave Bird|p2a: Iron Valiant\n|-supereffective|p2a: Iron Valiant\n|-damage|p2a: Iron Valiant|0 fnt\n|faint|p2a: Iron Valiant\n|-end|p2a: Iron Valiant|Quark Drive|[silent]\n|-damage|p1a: Corviknight|47\/100|[from] Recoil\n|\n|upkeep\n|\n|t:|1700159624\n|switch|p2a: Goodra|Goodra-Hisui, F|100\/100\n|turn|16\n|\n|t:|1700159631\n|move|p1a: Corviknight|Roost|p1a: Corviknight\n|-heal|p1a: Corviknight|97\/100\n|-singleturn|p1a: Corviknight|move: Roost\n|move|p2a: Goodra|Thunderbolt|p1a: Corviknight\n|-damage|p1a: Corviknight|78\/100\n|\n|upkeep\n|turn|17\n|\n|t:|1700159640\n|move|p1a: Corviknight|Substitute|p1a: Corviknight\n|-start|p1a: Corviknight|Substitute\n|-damage|p1a: Corviknight|53\/100\n|move|p2a: Goodra|Flamethrower|p1a: Corviknight\n|-supereffective|p1a: Corviknight\n|-end|p1a: Corviknight|Substitute\n|\n|upkeep\n|turn|18\n|\n|t:|1700159646\n|move|p1a: Corviknight|Brave Bird|p2a: Goodra\n|-resisted|p2a: Goodra\n|-damage|p2a: Goodra|75\/100\n|-damage|p1a: Corviknight|45\/100|[from] Recoil\n|move|p2a: Goodra|Flamethrower|p1a: Corviknight\n|-supereffective|p1a: Corviknight\n|-damage|p1a: Corviknight|6\/100\n|\n|-heal|p2a: Goodra|81\/100|[from] item: Leftovers\n|upkeep\n|turn|19\n|\n|t:|1700159659\n|move|p1a: Corviknight|Brave Bird|p2a: Goodra\n|-resisted|p2a: Goodra\n|-damage|p2a: Goodra|57\/100\n|-damage|p1a: Corviknight|0 fnt|[from] Recoil\n|faint|p1a: Corviknight\n|move|p2a: Goodra|Acid Armor|p2a: Goodra\n|-boost|p2a: Goodra|def|2\n|\n|-heal|p2a: Goodra|63\/100|[from] item: Leftovers\n|upkeep\n|\n|t:|1700159668\n|switch|p1a: Cinderace|Cinderace, F|100\/100\n|turn|20\n|\n|t:|1700159678\n|move|p1a: Cinderace|Pyro Ball|p2a: Goodra\n|-damage|p2a: Goodra|39\/100\n|-status|p2a: Goodra|brn\n|move|p2a: Goodra|Acid Armor|p2a: Goodra\n|-boost|p2a: Goodra|def|2\n|\n|-heal|p2a: Goodra|45\/100 brn|[from] item: Leftovers\n|-damage|p2a: Goodra|39\/100 brn|[from] brn\n|upkeep\n|turn|21\n|\n|t:|1700159690\n|move|p1a: Cinderace|Court Change|p1a: Cinderace\n|-start|p1a: Cinderace|typechange|Normal|[from] ability: Libero\n|-swapsideconditions\n|-activate|p1a: Cinderace|move: Court Change\n|move|p2a: Goodra|Thunderbolt|p1a: Cinderace\n|-damage|p1a: Cinderace|61\/100\n|\n|-heal|p2a: Goodra|45\/100 brn|[from] item: Leftovers\n|-damage|p2a: Goodra|39\/100 brn|[from] brn\n|upkeep\n|turn|22\n|\n|t:|1700159700\n|move|p1a: Cinderace|Pyro Ball|p2a: Goodra\n|-damage|p2a: Goodra|29\/100 brn\n|move|p2a: Goodra|Thunderbolt|p1a: Cinderace\n|-damage|p1a: Cinderace|25\/100\n|-status|p1a: Cinderace|par\n|\n|-heal|p2a: Goodra|35\/100 brn|[from] item: Leftovers\n|-damage|p2a: Goodra|29\/100 brn|[from] brn\n|upkeep\n|turn|23\n|\n|t:|1700159709\n|move|p1a: Cinderace|Pyro Ball|p2a: Goodra\n|-damage|p2a: Goodra|19\/100 brn\n|move|p2a: Goodra|Thunderbolt|p1a: Cinderace\n|-damage|p1a: Cinderace|0 fnt\n|faint|p1a: Cinderace\n|\n|-heal|p2a: Goodra|25\/100 brn|[from] item: Leftovers\n|-damage|p2a: Goodra|19\/100 brn|[from] brn\n|upkeep\n|\n|t:|1700159718\n|switch|p1a: Rillaboom|Rillaboom, M|100\/100\n|-fieldstart|move: Grassy Terrain|[from] ability: Grassy Surge|[of] p1a: Rillaboom\n|turn|24\n|\n|t:|1700159726\n|move|p1a: Rillaboom|Wood Hammer|p2a: Goodra\n|-ability|p2a: Goodra|Sap Sipper|boost\n|-boost|p2a: Goodra|atk|1\n|move|p2a: Goodra|Flamethrower|p1a: Rillaboom\n|-supereffective|p1a: Rillaboom\n|-damage|p1a: Rillaboom|21\/100\n|\n|-heal|p1a: Rillaboom|27\/100|[from] Grassy Terrain\n|-heal|p2a: Goodra|25\/100 brn|[from] Grassy Terrain\n|-heal|p2a: Goodra|31\/100 brn|[from] item: Leftovers\n|-damage|p2a: Goodra|25\/100 brn|[from] brn\n|upkeep\n|turn|25\n|\n|t:|1700159737\n|move|p1a: Rillaboom|Wood Hammer|p2a: Goodra\n|-ability|p2a: Goodra|Sap Sipper|boost\n|-boost|p2a: Goodra|atk|1\n|move|p2a: Goodra|Flamethrower|p1a: Rillaboom\n|-supereffective|p1a: Rillaboom\n|-damage|p1a: Rillaboom|0 fnt\n|faint|p1a: Rillaboom\n|\n|win|cartography noises\n|raw|LA PERCEUSE's rating: 1096 &rarr; <strong>1065<\/strong><br \/>(-31 for losing)\n|raw|cartography noises's rating: 1000 &rarr; <strong>1051<\/strong><br \/>(+51 for winning)\n|l|\u2606LA PERCEUSE\n","uploadtime":1700159755,"views":15,"p1id":"laperceuse","p2id":"cartographynoises","formatid":"gen9ou","rating":1051,"private":0,"password":""}