{"id":"gen9ou-1992926682","p1":"mm juice","p2":"cask","format":"[Gen 9] OU","log":"|j|\u2606mm juice\n|j|\u2606cask\n|t:|1700247481\n|gametype|singles\n|player|p1|mm juice|rancher|\n|player|p2|cask|erika|\n|teamsize|p1|6\n|teamsize|p2|6\n|gen|9\n|tier|[Gen 9] OU\n|rule|Sleep Clause Mod: Limit one foe put to sleep\n|rule|Species Clause: Limit one of each Pok\u00e9mon\n|rule|OHKO Clause: OHKO moves are banned\n|rule|Evasion Items Clause: Evasion items are banned\n|rule|Evasion Moves Clause: Evasion moves are banned\n|rule|Endless Battle Clause: Forcing endless battles is banned\n|rule|HP Percentage Mod: HP is shown in percentages\n|clearpoke\n|poke|p1|Iron Valiant|\n|poke|p1|Arcanine, F|\n|poke|p1|Iron Treads|\n|poke|p1|Noivern, F|\n|poke|p1|Empoleon, M|\n|poke|p1|Lokix, M|\n|poke|p2|Meowscarada, F|\n|poke|p2|Gholdengo|\n|poke|p2|Great Tusk|\n|poke|p2|Talonflame, M|\n|poke|p2|Quaquaval, M|\n|poke|p2|Clodsire, M|\n|teampreview\n|\n|t:|1700247496\n|start\n|switch|p1a: Noivern|Noivern, F|100\/100\n|switch|p2a: Putotyra|Great Tusk|100\/100\n|-item|p2a: Putotyra|Booster Energy|[from] ability: Frisk|[of] p1a: Noivern|[identify]\n|-enditem|p2a: Putotyra|Booster Energy\n|-activate|p2a: Putotyra|ability: Protosynthesis|[fromitem]\n|-start|p2a: Putotyra|protosynthesisspe\n|turn|1\n|\n|t:|1700247524\n|switch|p1a: Empoleon|Empoleon, M|100\/100\n|-terastallize|p2a: Putotyra|Ice\n|move|p2a: Putotyra|Ice Spinner|p1a: Empoleon\n|-resisted|p1a: Empoleon\n|-damage|p1a: Empoleon|92\/100\n|\n|-heal|p1a: Empoleon|98\/100|[from] item: Leftovers\n|upkeep\n|turn|2\n|\n|t:|1700247540\n|move|p2a: Putotyra|Bulk Up|p2a: Putotyra\n|-boost|p2a: Putotyra|atk|1\n|-boost|p2a: Putotyra|def|1\n|move|p1a: Empoleon|Roar|p2a: Putotyra\n|-end|p2a: Putotyra|Protosynthesis|[silent]\n|drag|p2a: Shauta|Quaquaval, M|100\/100\n|\n|-heal|p1a: Empoleon|100\/100|[from] item: Leftovers\n|upkeep\n|turn|3\n|\n|t:|1700247567\n|move|p2a: Shauta|Knock Off|p1a: Empoleon\n|-damage|p1a: Empoleon|72\/100\n|-enditem|p1a: Empoleon|Leftovers|[from] move: Knock Off|[of] p2a: Shauta\n|move|p1a: Empoleon|Roar|p2a: Shauta\n|drag|p2a: Ratorata|Gholdengo|100\/100\n|\n|upkeep\n|turn|4\n|\n|t:|1700247587\n|move|p2a: Ratorata|Shadow Ball|p1a: Empoleon\n|-damage|p1a: Empoleon|43\/100\n|-unboost|p1a: Empoleon|spd|1\n|-ability|p1a: Empoleon|Competitive|boost\n|-boost|p1a: Empoleon|spa|2\n|move|p1a: Empoleon|Surf|p2a: Ratorata\n|-damage|p2a: Ratorata|26\/100\n|\n|upkeep\n|turn|5\n|\n|t:|1700247611\n|move|p2a: Ratorata|Shadow Ball|p1a: Empoleon\n|-damage|p1a: Empoleon|2\/100\n|move|p1a: Empoleon|Roost|p1a: Empoleon\n|-heal|p1a: Empoleon|52\/100\n|-singleturn|p1a: Empoleon|move: Roost\n|\n|upkeep\n|turn|6\n|\n|t:|1700247637\n|switch|p2a: Sagozou|Clodsire, M|100\/100\n|move|p1a: Empoleon|Surf|p2a: Sagozou\n|-supereffective|p2a: Sagozou\n|-damage|p2a: Sagozou|64\/100\n|\n|-heal|p2a: Sagozou|71\/100|[from] item: Leftovers\n|upkeep\n|turn|7\n|\n|t:|1700247655\n|switch|p1a: Lokix|Lokix, M|100\/100\n|move|p2a: Sagozou|Toxic|p1a: Lokix\n|-status|p1a: Lokix|tox\n|\n|-heal|p2a: Sagozou|77\/100|[from] item: Leftovers\n|-damage|p1a: Lokix|94\/100 tox|[from] psn\n|upkeep\n|turn|8\n|\n|t:|1700247671\n|move|p1a: Lokix|U-turn|p2a: Sagozou\n|-resisted|p2a: Sagozou\n|-damage|p2a: Sagozou|37\/100\n|-damage|p1a: Lokix|85\/100 tox|[from] item: Life Orb\n|\n|t:|1700247682\n|switch|p1a: Noivern|Noivern, F|100\/100|[from] U-turn\n|-item|p2a: Sagozou|Leftovers|[from] ability: Frisk|[of] p1a: Noivern|[identify]\n|move|p2a: Sagozou|Recover|p2a: Sagozou\n|-heal|p2a: Sagozou|87\/100\n|\n|-heal|p2a: Sagozou|93\/100|[from] item: Leftovers\n|upkeep\n|turn|9\n|\n|t:|1700247711\n|switch|p1a: Lokix|Lokix, M|85\/100 tox\n|move|p2a: Sagozou|Toxic|p1a: Lokix\n|-fail|p1a: Lokix|tox\n|\n|-heal|p2a: Sagozou|99\/100|[from] item: Leftovers\n|-damage|p1a: Lokix|79\/100 tox|[from] psn\n|upkeep\n|turn|10\n|\n|t:|1700247720\n|move|p1a: Lokix|First Impression|p2a: Sagozou\n|-resisted|p2a: Sagozou\n|-damage|p2a: Sagozou|46\/100\n|-damage|p1a: Lokix|69\/100 tox|[from] item: Life Orb\n|move|p2a: Sagozou|Spikes|p1a: Lokix\n|-sidestart|p1: mm juice|Spikes\n|\n|-heal|p2a: Sagozou|52\/100|[from] item: Leftovers\n|-damage|p1a: Lokix|57\/100 tox|[from] psn\n|upkeep\n|turn|11\n|\n|t:|1700247745\n|switch|p2a: Putotyra|Great Tusk, tera:Ice|100\/100\n|move|p1a: Lokix|Leech Life|p2a: Putotyra\n|-damage|p2a: Putotyra|71\/100\n|-heal|p1a: Lokix|79\/100 tox|[from] drain|[of] p2a: Putotyra\n|-damage|p1a: Lokix|69\/100 tox|[from] item: Life Orb\n|\n|-damage|p1a: Lokix|51\/100 tox|[from] psn\n|upkeep\n|turn|12\n|\n|t:|1700247763\n|switch|p1a: Empoleon|Empoleon, M|52\/100\n|-damage|p1a: Empoleon|40\/100|[from] Spikes\n|move|p2a: Putotyra|Bulk Up|p2a: Putotyra\n|-boost|p2a: Putotyra|atk|1\n|-boost|p2a: Putotyra|def|1\n|\n|upkeep\n|turn|13\n|\n|t:|1700247772\n|move|p2a: Putotyra|Headlong Rush|p1a: Empoleon\n|-supereffective|p1a: Empoleon\n|-damage|p1a: Empoleon|0 fnt\n|-unboost|p2a: Putotyra|def|1\n|-unboost|p2a: Putotyra|spd|1\n|faint|p1a: Empoleon\n|\n|upkeep\n|\n|t:|1700247779\n|switch|p1a: Noivern|Noivern, F|100\/100\n|turn|14\n|\n|t:|1700247799\n|-end|p2a: Putotyra|Protosynthesis|[silent]\n|switch|p2a: Tajador|Talonflame, M|100\/100\n|move|p1a: Noivern|Draco Meteor|p2a: Tajador\n|-damage|p2a: Tajador|2\/100\n|-unboost|p1a: Noivern|spa|2\n|\n|upkeep\n|turn|15\n|\n|t:|1700247816\n|move|p2a: Tajador|Will-O-Wisp|p1a: Noivern\n|-status|p1a: Noivern|brn\n|move|p1a: Noivern|Draco Meteor|p2a: Tajador\n|-damage|p2a: Tajador|0 fnt\n|-unboost|p1a: Noivern|spa|2\n|faint|p2a: Tajador\n|\n|-damage|p1a: Noivern|94\/100 brn|[from] brn\n|upkeep\n|\n|t:|1700247847\n|switch|p2a: Sagozou|Clodsire, M|52\/100\n|turn|16\n|\n|t:|1700247854\n|switch|p1a: Iron Treads|Iron Treads|100\/100\n|-damage|p1a: Iron Treads|88\/100|[from] Spikes\n|move|p2a: Sagozou|Recover|p2a: Sagozou\n|-heal|p2a: Sagozou|100\/100\n|\n|upkeep\n|turn|17\n|\n|t:|1700247864\n|move|p1a: Iron Treads|Knock Off|p2a: Sagozou\n|-damage|p2a: Sagozou|72\/100\n|-enditem|p2a: Sagozou|Leftovers|[from] move: Knock Off|[of] p1a: Iron Treads\n|move|p2a: Sagozou|Earthquake|p1a: Iron Treads\n|-supereffective|p1a: Iron Treads\n|-damage|p1a: Iron Treads|43\/100\n|\n|upkeep\n|turn|18\n|\n|t:|1700247876\n|move|p1a: Iron Treads|Earthquake|p2a: Sagozou\n|-supereffective|p2a: Sagozou\n|-damage|p2a: Sagozou|0 fnt\n|faint|p2a: Sagozou\n|\n|upkeep\n|\n|t:|1700247886\n|switch|p2a: Ratorata|Gholdengo|26\/100\n|turn|19\n|\n|t:|1700247896\n|move|p2a: Ratorata|Make It Rain|p1a: Iron Treads\n|-resisted|p1a: Iron Treads\n|-damage|p1a: Iron Treads|14\/100\n|-unboost|p2a: Ratorata|spa|1\n|move|p1a: Iron Treads|Knock Off|p2a: Ratorata\n|-supereffective|p2a: Ratorata\n|-damage|p2a: Ratorata|0 fnt\n|-enditem|p2a: Ratorata|Choice Scarf|[from] move: Knock Off|[of] p1a: Iron Treads\n|faint|p2a: Ratorata\n|\n|upkeep\n|\n|t:|1700247914\n|switch|p2a: Gatakiriba|Meowscarada, F|100\/100\n|turn|20\n|\n|t:|1700247924\n|move|p2a: Gatakiriba|Sucker Punch|p1a: Iron Treads\n|-start|p2a: Gatakiriba|typechange|Dark|[from] ability: Protean\n|-damage|p1a: Iron Treads|0 fnt\n|faint|p1a: Iron Treads\n|-end|p1a: Iron Treads|Quark Drive|[silent]\n|\n|upkeep\n|\n|t:|1700247937\n|switch|p1a: Lokix|Lokix, M|51\/100 tox\n|-damage|p1a: Lokix|39\/100 tox|[from] Spikes\n|turn|21\n|\n|t:|1700247941\n|switch|p2a: Putotyra|Great Tusk, tera:Ice|71\/100\n|move|p1a: Lokix|First Impression|p2a: Putotyra\n|-damage|p2a: Putotyra|37\/100\n|-damage|p1a: Lokix|29\/100 tox|[from] item: Life Orb\n|\n|-damage|p1a: Lokix|23\/100 tox|[from] psn\n|upkeep\n|turn|22\n|\n|t:|1700247958\n|switch|p1a: Arcanine|Arcanine, F|100\/100\n|-ability|p1a: Arcanine|Intimidate|boost\n|-unboost|p2a: Putotyra|atk|1\n|move|p2a: Putotyra|Ice Spinner|p1a: Arcanine\n|-resisted|p1a: Arcanine\n|-damage|p1a: Arcanine|87\/100\n|\n|upkeep\n|turn|23\n|\n|t:|1700247973\n|-end|p2a: Putotyra|Protosynthesis|[silent]\n|switch|p2a: Shauta|Quaquaval, M|100\/100\n|move|p1a: Arcanine|Raging Fury|p2a: Shauta\n|-resisted|p2a: Shauta\n|-damage|p2a: Shauta|76\/100\n|\n|upkeep\n|turn|24\n|\n|t:|1700247983\n|move|p1a: Arcanine|Raging Fury|p2a: Shauta|[from]lockedmove\n|-resisted|p2a: Shauta\n|-crit|p2a: Shauta\n|-damage|p2a: Shauta|41\/100\n|-start|p1a: Arcanine|confusion|[fatigue]\n|move|p2a: Shauta|Aqua Step|p1a: Arcanine\n|-supereffective|p1a: Arcanine\n|-damage|p1a: Arcanine|0 fnt\n|-boost|p2a: Shauta|spe|1\n|faint|p1a: Arcanine\n|-ability|p2a: Shauta|Moxie|boost\n|-boost|p2a: Shauta|atk|1\n|\n|upkeep\n|\n|t:|1700247995\n|switch|p1a: Lokix|Lokix, M|23\/100 tox\n|-damage|p1a: Lokix|10\/100 tox|[from] Spikes\n|turn|25\n|\n|t:|1700248006\n|move|p1a: Lokix|First Impression|p2a: Shauta\n|-resisted|p2a: Shauta\n|-damage|p2a: Shauta|0 fnt\n|faint|p2a: Shauta\n|-damage|p1a: Lokix|0 fnt|[from] item: Life Orb\n|faint|p1a: Lokix\n|\n|upkeep\n|\n|t:|1700248021\n|switch|p1a: Noivern|Noivern, F|94\/100 brn\n|switch|p2a: Putotyra|Great Tusk, tera:Ice|37\/100\n|turn|26\n|\n|t:|1700248034\n|move|p1a: Noivern|Flamethrower|p2a: Putotyra\n|-supereffective|p2a: Putotyra\n|-damage|p2a: Putotyra|0 fnt\n|faint|p2a: Putotyra\n|-end|p2a: Putotyra|Protosynthesis|[silent]\n|\n|-damage|p1a: Noivern|88\/100 brn|[from] brn\n|upkeep\n|\n|t:|1700248041\n|switch|p2a: Gatakiriba|Meowscarada, F|100\/100\n|turn|27\n|\n|t:|1700248066\n|-terastallize|p1a: Noivern|Normal\n|move|p2a: Gatakiriba|Knock Off|p1a: Noivern\n|-start|p2a: Gatakiriba|typechange|Dark|[from] ability: Protean\n|-damage|p1a: Noivern|24\/100 brn\n|-enditem|p1a: Noivern|Choice Specs|[from] move: Knock Off|[of] p2a: Gatakiriba\n|move|p1a: Noivern|Flamethrower|p2a: Gatakiriba\n|-damage|p2a: Gatakiriba|58\/100\n|\n|-damage|p1a: Noivern|18\/100 brn|[from] brn\n|upkeep\n|turn|28\n|\n|t:|1700248078\n|move|p2a: Gatakiriba|Knock Off|p1a: Noivern\n|-damage|p1a: Noivern|0 fnt\n|faint|p1a: Noivern\n|\n|upkeep\n|\n|t:|1700248080\n|switch|p1a: Iron Valiant|Iron Valiant|100\/100\n|-damage|p1a: Iron Valiant|88\/100|[from] Spikes\n|-enditem|p1a: Iron Valiant|Booster Energy\n|-activate|p1a: Iron Valiant|ability: Quark Drive|[fromitem]\n|-start|p1a: Iron Valiant|quarkdrivespe\n|turn|29\n|\n|t:|1700248086\n|move|p2a: Gatakiriba|Knock Off|p1a: Iron Valiant\n|-resisted|p1a: Iron Valiant\n|-damage|p1a: Iron Valiant|79\/100\n|move|p1a: Iron Valiant|Moonblast|p2a: Gatakiriba\n|-supereffective|p2a: Gatakiriba\n|-damage|p2a: Gatakiriba|0 fnt\n|faint|p2a: Gatakiriba\n|\n|win|mm juice\n|c|\u2606mm juice|gg\n","uploadtime":1700248094,"views":18,"p1id":"mmjuice","p2id":"cask","formatid":"gen9ou","rating":0,"private":0,"password":""}