{"id":"gen9ou-1995227771","p1":"Hell.kid6","p2":"Realblazing2","format":"[Gen 9] OU","log":"|j|\u2606Hell.kid6\n|j|\u2606Realblazing2\n|inactive|Battle timer is ON: inactive players will automatically lose when time's up.\n|t:|1700537134\n|gametype|singles\n|player|p1|Hell.kid6|schoolkid|\n|player|p2|Realblazing2|hilbert|\n|teamsize|p1|6\n|teamsize|p2|6\n|gen|9\n|tier|[Gen 9] OU\n|rated|Tournament battle\n|rule|Sleep Clause Mod: Limit one foe put to sleep\n|rule|Species Clause: Limit one of each Pok\u00e9mon\n|rule|OHKO Clause: OHKO moves are banned\n|rule|Evasion Items Clause: Evasion items are banned\n|rule|Evasion Moves Clause: Evasion moves are banned\n|rule|Endless Battle Clause: Forcing endless battles is banned\n|rule|HP Percentage Mod: HP is shown in percentages\n|clearpoke\n|poke|p1|Maushold-Four|\n|poke|p1|Ribombee, M|\n|poke|p1|Ceruledge, M|\n|poke|p1|Ogerpon-Wellspring, F|\n|poke|p1|Iron Valiant|\n|poke|p1|Zapdos|\n|poke|p2|Empoleon, M|\n|poke|p2|Great Tusk|\n|poke|p2|Ceruledge, F|\n|poke|p2|Zapdos|\n|poke|p2|Gholdengo|\n|poke|p2|Ogerpon-Wellspring, F|\n|teampreview\n|j|*Lady Monita \u2746\n|c|\u2606Realblazing2|Glhf\n|c|\u2606Hell.kid6|glhf<3\n|\n|t:|1700537147\n|start\n|switch|p1a: I see you|Ribombee, M|100\/100\n|switch|p2a: Great Tusk|Great Tusk|100\/100\n|turn|1\n|\n|t:|1700537168\n|move|p1a: I see you|Moonblast|p2a: Great Tusk\n|-supereffective|p2a: Great Tusk\n|-enditem|p2a: Great Tusk|Focus Sash\n|-damage|p2a: Great Tusk|1\/100\n|-unboost|p2a: Great Tusk|spa|1\n|move|p2a: Great Tusk|Rock Tomb|p1a: I see you\n|-supereffective|p1a: I see you\n|-damage|p1a: I see you|24\/100\n|\n|upkeep\n|turn|2\n|\n|t:|1700537176\n|move|p1a: I see you|Psychic|p2a: Great Tusk\n|-supereffective|p2a: Great Tusk\n|-damage|p2a: Great Tusk|0 fnt\n|faint|p2a: Great Tusk\n|-end|p2a: Great Tusk|Protosynthesis|[silent]\n|\n|upkeep\n|c|\u2606Realblazing2|Right\n|\n|t:|1700537185\n|switch|p2a: Gholdengo|Gholdengo|100\/100\n|turn|3\n|\n|t:|1700537188\n|move|p2a: Gholdengo|Make It Rain|p1a: I see you\n|-supereffective|p1a: I see you\n|-damage|p1a: I see you|0 fnt\n|-unboost|p2a: Gholdengo|spa|1\n|faint|p1a: I see you\n|\n|upkeep\n|\n|t:|1700537196\n|switch|p1a: Ceruledge|Ceruledge, M|100\/100\n|turn|4\n|\n|t:|1700537221\n|switch|p2a: Empoleon|Empoleon, M|100\/100\n|move|p1a: Ceruledge|Swords Dance|p1a: Ceruledge\n|-boost|p1a: Ceruledge|atk|2\n|\n|upkeep\n|turn|5\n|\n|t:|1700537229\n|switch|p2a: Zapdos|Zapdos|100\/100\n|move|p1a: Ceruledge|Close Combat|p2a: Zapdos\n|-resisted|p2a: Zapdos\n|-damage|p2a: Zapdos|73\/100\n|-unboost|p1a: Ceruledge|def|1\n|-unboost|p1a: Ceruledge|spd|1\n|\n|upkeep\n|turn|6\n|inactive|Realblazing2 has 120 seconds left.\n|\n|t:|1700537273\n|move|p1a: Ceruledge|Bitter Blade|p2a: Zapdos\n|-damage|p2a: Zapdos|11\/100\n|move|p2a: Zapdos|U-turn|p1a: Ceruledge\n|-resisted|p1a: Ceruledge\n|-damage|p1a: Ceruledge|94\/100\n|-ability|p1a: Ceruledge|Weak Armor|boost\n|-unboost|p1a: Ceruledge|def|1\n|-boost|p1a: Ceruledge|spe|2\n|\n|t:|1700537283\n|switch|p2a: Ceruledge|Ceruledge, F|100\/100|[from] U-turn\n|\n|upkeep\n|turn|7\n|\n|t:|1700537297\n|-terastallize|p1a: Ceruledge|Fire\n|move|p1a: Ceruledge|Shadow Sneak|p2a: Ceruledge\n|-supereffective|p2a: Ceruledge\n|-damage|p2a: Ceruledge|0 fnt\n|faint|p2a: Ceruledge\n|\n|upkeep\n|\n|t:|1700537325\n|switch|p2a: Ogerpon|Ogerpon-Wellspring, F|100\/100\n|turn|8\n|\n|t:|1700537333\n|-terastallize|p2a: Ogerpon|Water\n|detailschange|p2a: Ogerpon|Ogerpon-Wellspring-Tera, F, tera:Water\n|-ability|p2a: Ogerpon|Embody Aspect (Wellspring)|boost\n|-boost|p2a: Ogerpon|spd|1\n|move|p1a: Ceruledge|Close Combat|p2a: Ogerpon\n|-damage|p2a: Ogerpon|0 fnt\n|-unboost|p1a: Ceruledge|def|1\n|-unboost|p1a: Ceruledge|spd|1\n|faint|p2a: Ogerpon\n|\n|upkeep\n|inactive|Realblazing2 has 90 seconds left.\n|\n|t:|1700537367\n|switch|p2a: Empoleon|Empoleon, M|100\/100\n|turn|9\n|\n|t:|1700537381\n|move|p1a: Ceruledge|Close Combat|p2a: Empoleon\n|-supereffective|p2a: Empoleon\n|-damage|p2a: Empoleon|0 fnt\n|-unboost|p1a: Ceruledge|def|1\n|-unboost|p1a: Ceruledge|spd|1\n|faint|p2a: Empoleon\n|\n|upkeep\n|\n|t:|1700537383\n|switch|p2a: Gholdengo|Gholdengo|100\/100\n|turn|10\n|\n|t:|1700537386\n|move|p1a: Ceruledge|Bitter Blade|p2a: Gholdengo\n|-supereffective|p2a: Gholdengo\n|-damage|p2a: Gholdengo|0 fnt\n|-heal|p1a: Ceruledge|100\/100|[from] drain|[of] p2a: Gholdengo\n|faint|p2a: Gholdengo\n|\n|upkeep\n|\n|t:|1700537388\n|switch|p2a: Zapdos|Zapdos|11\/100\n|turn|11\n|\n|t:|1700537393\n|move|p1a: Ceruledge|Shadow Sneak|p2a: Zapdos\n|-damage|p2a: Zapdos|0 fnt\n|faint|p2a: Zapdos\n|\n|win|Hell.kid6\n|n|\u2606Hell.kid6|hellkid6\n|n|\u2606Realblazing2|realblazing2\n|n|*Lady Monita \u2746|ladymonita\n|l|*Lady Monita \u2746\n|c|\u2606Hell.kid6|Gg<3\n|c|\u2606Realblazing2|Gg\n","uploadtime":1700537400,"views":21,"p1id":"hellkid6","p2id":"realblazing2","formatid":"gen9ou","rating":0,"private":0,"password":""}