{"id":"gen9ou-1995431716","p1":"mcdab","p2":"thodoras edition","format":"[Gen 9] OU","log":"|j|\u2606mcdab\n|j|\u2606thodoras edition\n|t:|1700569986\n|gametype|singles\n|player|p1|mcdab|169|1562\n|player|p2|thodoras edition|lucas|1645\n|teamsize|p1|6\n|teamsize|p2|6\n|gen|9\n|tier|[Gen 9] OU\n|rated|\n|rule|Sleep Clause Mod: Limit one foe put to sleep\n|rule|Species Clause: Limit one of each Pok\u00e9mon\n|rule|OHKO Clause: OHKO moves are banned\n|rule|Evasion Items Clause: Evasion items are banned\n|rule|Evasion Moves Clause: Evasion moves are banned\n|rule|Endless Battle Clause: Forcing endless battles is banned\n|rule|HP Percentage Mod: HP is shown in percentages\n|clearpoke\n|poke|p1|Cinderace, F|\n|poke|p1|Iron Moth|\n|poke|p1|Gastrodon, F|\n|poke|p1|Gholdengo|\n|poke|p1|Landorus-Therian, M|\n|poke|p1|Breloom, M|\n|poke|p2|Clefable, M|\n|poke|p2|Zamazenta-*|\n|poke|p2|Milotic, M|\n|poke|p2|Amoonguss, F|\n|poke|p2|Gholdengo|\n|poke|p2|Clodsire, M|\n|teampreview\n|inactive|Battle timer is ON: inactive players will automatically lose when time's up. (requested by thodoras edition)\n|\n|t:|1700570014\n|start\n|switch|p1a: Iron Moth|Iron Moth|100\/100\n|switch|p2a: Gholdengo|Gholdengo|100\/100\n|-enditem|p1a: Iron Moth|Booster Energy\n|-activate|p1a: Iron Moth|ability: Quark Drive|[fromitem]\n|-start|p1a: Iron Moth|quarkdrivespa\n|turn|1\n|\n|t:|1700570028\n|switch|p2a: Milotic|Milotic, M|100\/100\n|move|p1a: Iron Moth|Fiery Dance|p2a: Milotic\n|-resisted|p2a: Milotic\n|-damage|p2a: Milotic|85\/100\n|-boost|p1a: Iron Moth|spa|1\n|\n|upkeep\n|turn|2\n|inactive|mcdab has 120 seconds left.\n|\n|t:|1700570069\n|move|p1a: Iron Moth|Energy Ball|p2a: Milotic\n|-supereffective|p2a: Milotic\n|-damage|p2a: Milotic|11\/100\n|move|p2a: Milotic|Scald|p1a: Iron Moth\n|-supereffective|p1a: Iron Moth\n|-damage|p1a: Iron Moth|47\/100\n|\n|upkeep\n|turn|3\n|\n|t:|1700570089\n|move|p1a: Iron Moth|Fiery Dance|p2a: Milotic\n|-resisted|p2a: Milotic\n|-damage|p2a: Milotic|0 fnt\n|-boost|p1a: Iron Moth|spa|1\n|faint|p2a: Milotic\n|\n|upkeep\n|\n|t:|1700570102\n|switch|p2a: Clodsire|Clodsire, M|100\/100\n|turn|4\n|\n|t:|1700570107\n|-terastallize|p1a: Iron Moth|Ground\n|move|p1a: Iron Moth|Tera Blast|p2a: Clodsire|[anim] Tera Blast Ground\n|-supereffective|p2a: Clodsire\n|-damage|p2a: Clodsire|38\/100\n|move|p2a: Clodsire|Earthquake|p1a: Iron Moth\n|-damage|p1a: Iron Moth|3\/100\n|\n|-heal|p2a: Clodsire|44\/100|[from] item: Black Sludge\n|upkeep\n|turn|5\n|\n|t:|1700570116\n|move|p1a: Iron Moth|Tera Blast|p2a: Clodsire|[anim] Tera Blast Ground\n|-supereffective|p2a: Clodsire\n|-damage|p2a: Clodsire|0 fnt\n|faint|p2a: Clodsire\n|\n|upkeep\n|\n|t:|1700570118\n|switch|p2a: Zamazenta|Zamazenta|100\/100\n|-ability|p2a: Zamazenta|Dauntless Shield|boost\n|-boost|p2a: Zamazenta|def|1\n|turn|6\n|\n|t:|1700570148\n|-end|p1a: Iron Moth|Quark Drive|[silent]\n|switch|p1a: Landorus|Landorus-Therian, M|100\/100\n|-ability|p1a: Landorus|Intimidate|boost\n|-unboost|p2a: Zamazenta|atk|1\n|move|p2a: Zamazenta|Crunch|p1a: Landorus\n|-damage|p1a: Landorus|79\/100\n|\n|-heal|p1a: Landorus|85\/100|[from] item: Leftovers\n|upkeep\n|turn|7\n|\n|t:|1700570159\n|switch|p2a: Clefable|Clefable, M|100\/100\n|move|p1a: Landorus|Swords Dance|p1a: Landorus\n|-boost|p1a: Landorus|atk|2\n|\n|-heal|p1a: Landorus|91\/100|[from] item: Leftovers\n|upkeep\n|turn|8\n|\n|t:|1700570171\n|switch|p2a: Zamazenta|Zamazenta|100\/100\n|move|p1a: Landorus|Earthquake|p2a: Zamazenta\n|-damage|p2a: Zamazenta|0 fnt\n|faint|p2a: Zamazenta\n|\n|-heal|p1a: Landorus|97\/100|[from] item: Leftovers\n|upkeep\n|-message|thodoras edition forfeited.\n|\n|win|mcdab\n|raw|mcdab's rating: 1562 &rarr; <strong>1587<\/strong><br \/>(+25 for winning)\n|raw|thodoras edition's rating: 1645 &rarr; <strong>1620<\/strong><br \/>(-25 for losing)\n|l|\u2606thodoras edition\n","uploadtime":1700570191,"views":13,"p1id":"mcdab","p2id":"thodorasedition","formatid":"gen9ou","rating":1587,"private":0,"password":""}