{"id":"gen9ou-1992643152","p1":"TeamYourNoobs","p2":"The_Don999","format":"[Gen 9] OU","log":"|j|\u2606TeamYourNoobs\n|j|\u2606The_Don999\n|t:|1700219384\n|gametype|singles\n|player|p1|TeamYourNoobs|265|1000\n|player|p2|The_Don999|drayden|1000\n|teamsize|p1|6\n|teamsize|p2|6\n|gen|9\n|tier|[Gen 9] OU\n|rated|\n|rule|Sleep Clause Mod: Limit one foe put to sleep\n|rule|Species Clause: Limit one of each Pok\u00e9mon\n|rule|OHKO Clause: OHKO moves are banned\n|rule|Evasion Items Clause: Evasion items are banned\n|rule|Evasion Moves Clause: Evasion moves are banned\n|rule|Endless Battle Clause: Forcing endless battles is banned\n|rule|HP Percentage Mod: HP is shown in percentages\n|clearpoke\n|poke|p1|Dragapult, M|\n|poke|p1|Garchomp, M|\n|poke|p1|Gholdengo|\n|poke|p1|Cinderace, F|\n|poke|p1|Glimmora, F|\n|poke|p1|Ogerpon-Wellspring, F|\n|poke|p2|Ceruledge, F|\n|poke|p2|Ninetales-Alola, F|\n|poke|p2|Samurott-Hisui, F|\n|poke|p2|Dragonite, F|\n|poke|p2|Corviknight, F|\n|poke|p2|Gholdengo|\n|teampreview\n|inactive|Battle timer is ON: inactive players will automatically lose when time's up. (requested by TeamYourNoobs)\n|\n|t:|1700219392\n|start\n|switch|p1a: Cinderace|Cinderace, F|100\/100\n|switch|p2a: Aurora|Ninetales-Alola, F|100\/100\n|-weather|Snow|[from] ability: Snow Warning|[of] p2a: Aurora\n|turn|1\n|\n|t:|1700219399\n|move|p1a: Cinderace|Pyro Ball|p2a: Aurora\n|-supereffective|p2a: Aurora\n|-damage|p2a: Aurora|20\/100\n|move|p2a: Aurora|Aurora Veil|p2a: Aurora\n|-sidestart|p2: The_Don999|move: Aurora Veil\n|\n|-weather|Snow|[upkeep]\n|upkeep\n|turn|2\n|\n|t:|1700219413\n|switch|p2a: Musashi|Samurott-Hisui, F|100\/100\n|move|p1a: Cinderace|Pyro Ball|p2a: Musashi\n|-resisted|p2a: Musashi\n|-damage|p2a: Musashi|84\/100\n|-status|p2a: Musashi|brn\n|\n|-weather|Snow|[upkeep]\n|-damage|p2a: Musashi|77\/100 brn|[from] brn\n|upkeep\n|turn|3\n|\n|t:|1700219423\n|switch|p1a: Ogerpon|Ogerpon-Wellspring, F|100\/100\n|move|p2a: Musashi|Aqua Cutter|p1a: Ogerpon\n|-immune|p1a: Ogerpon|[from] ability: Water Absorb\n|\n|-weather|Snow|[upkeep]\n|-damage|p2a: Musashi|71\/100 brn|[from] brn\n|upkeep\n|turn|4\n|\n|t:|1700219433\n|move|p1a: Ogerpon|Swords Dance|p1a: Ogerpon\n|-boost|p1a: Ogerpon|atk|2\n|move|p2a: Musashi|Ceaseless Edge|p1a: Ogerpon\n|-damage|p1a: Ogerpon|69\/100\n|-sidestart|p1: TeamYourNoobs|Spikes\n|\n|-weather|Snow|[upkeep]\n|-damage|p2a: Musashi|65\/100 brn|[from] brn\n|upkeep\n|turn|5\n|\n|t:|1700219442\n|move|p1a: Ogerpon|Trailblaze|p2a: Musashi\n|-supereffective|p2a: Musashi\n|-damage|p2a: Musashi|0 fnt\n|-boost|p1a: Ogerpon|spe|1\n|faint|p2a: Musashi\n|\n|-weather|none\n|-sideend|p2: The_Don999|move: Aurora Veil\n|upkeep\n|\n|t:|1700219450\n|switch|p2a: Karusuman|Corviknight, F|100\/100\n|turn|6\n|\n|t:|1700219457\n|-terastallize|p1a: Ogerpon|Water\n|detailschange|p1a: Ogerpon|Ogerpon-Wellspring-Tera, F, tera:Water\n|-ability|p1a: Ogerpon|Embody Aspect (Wellspring)|boost\n|-boost|p1a: Ogerpon|spd|1\n|move|p1a: Ogerpon|Ivy Cudgel|p2a: Karusuman|[anim] Ivy Cudgel Water\n|-damage|p2a: Karusuman|0 fnt\n|faint|p2a: Karusuman\n|\n|upkeep\n|\n|t:|1700219467\n|switch|p2a: Barney|Dragonite, F|100\/100\n|turn|7\n|\n|t:|1700219470\n|move|p1a: Ogerpon|Trailblaze|p2a: Barney\n|-resisted|p2a: Barney\n|-damage|p2a: Barney|92\/100\n|-boost|p1a: Ogerpon|spe|1\n|move|p2a: Barney|Dragon Dance|p2a: Barney\n|-boost|p2a: Barney|atk|1\n|-boost|p2a: Barney|spe|1\n|\n|-heal|p2a: Barney|98\/100|[from] item: Leftovers\n|upkeep\n|turn|8\n|\n|t:|1700219483\n|move|p1a: Ogerpon|Ivy Cudgel|p2a: Barney|[anim] Ivy Cudgel Water\n|-resisted|p2a: Barney\n|-damage|p2a: Barney|9\/100\n|move|p2a: Barney|Dragon Dance|p2a: Barney\n|-boost|p2a: Barney|atk|1\n|-boost|p2a: Barney|spe|1\n|\n|-heal|p2a: Barney|16\/100|[from] item: Leftovers\n|upkeep\n|turn|9\n|\n|t:|1700219491\n|move|p1a: Ogerpon|Ivy Cudgel|p2a: Barney|[anim] Ivy Cudgel Water\n|-resisted|p2a: Barney\n|-damage|p2a: Barney|0 fnt\n|faint|p2a: Barney\n|\n|upkeep\n|\n|t:|1700219497\n|switch|p2a: Denero|Gholdengo|100\/100\n|turn|10\n|\n|t:|1700219503\n|move|p1a: Ogerpon|Ivy Cudgel|p2a: Denero|[anim] Ivy Cudgel Water\n|-damage|p2a: Denero|0 fnt\n|faint|p2a: Denero\n|\n|upkeep\n|\n|t:|1700219508\n|switch|p2a: Aurora|Ninetales-Alola, F|20\/100\n|-weather|Snow|[from] ability: Snow Warning|[of] p2a: Aurora\n|turn|11\n|\n|t:|1700219513\n|move|p1a: Ogerpon|Horn Leech|p2a: Aurora\n|-damage|p2a: Aurora|0 fnt\n|-heal|p1a: Ogerpon|79\/100|[from] drain|[of] p2a: Aurora\n|faint|p2a: Aurora\n|\n|-weather|Snow|[upkeep]\n|upkeep\n|\n|t:|1700219520\n|switch|p2a: Zero|Ceruledge, F|100\/100\n|turn|12\n|\n|t:|1700219524\n|move|p1a: Ogerpon|Ivy Cudgel|p2a: Zero|[anim] Ivy Cudgel Water\n|-supereffective|p2a: Zero\n|-damage|p2a: Zero|0 fnt\n|faint|p2a: Zero\n|\n|win|TeamYourNoobs\n|raw|TeamYourNoobs's rating: 1000 &rarr; <strong>1040<\/strong><br \/>(+40 for winning)\n|raw|The_Don999's rating: 1000 &rarr; <strong>1000<\/strong><br \/>(+0 for losing)\n","uploadtime":1700219528,"views":23,"p1id":"teamyournoobs","p2id":"thedon999","formatid":"gen9ou","rating":1000,"private":0,"password":""}