{"id":"gen9ou-1991276732","p1":"Manjack","p2":"OUHF Zam Zam","format":"[Gen 9] OU","log":"|j|\u2606Manjack\n|j|\u2606OUHF Zam Zam\n|t:|1700063568\n|gametype|singles\n|player|p1|Manjack|preschooler|1691\n|player|p2|OUHF Zam Zam|palmer|1779\n|teamsize|p1|6\n|teamsize|p2|6\n|gen|9\n|tier|[Gen 9] OU\n|rated|\n|rule|Sleep Clause Mod: Limit one foe put to sleep\n|rule|Species Clause: Limit one of each Pok\u00e9mon\n|rule|OHKO Clause: OHKO moves are banned\n|rule|Evasion Items Clause: Evasion items are banned\n|rule|Evasion Moves Clause: Evasion moves are banned\n|rule|Endless Battle Clause: Forcing endless battles is banned\n|rule|HP Percentage Mod: HP is shown in percentages\n|clearpoke\n|poke|p1|Ogerpon, F|\n|poke|p1|Corviknight, M|\n|poke|p1|Dachsbun, M|\n|poke|p1|Landorus-Therian, M|\n|poke|p1|Rotom-Wash|\n|poke|p1|Clodsire, M|\n|poke|p2|Hatterene, F|\n|poke|p2|Ninetales-Alola, F|\n|poke|p2|Rillaboom, M|\n|poke|p2|Sneasler, M|\n|poke|p2|Ursaluna, M|\n|poke|p2|Alomomola, M|\n|teampreview\n|inactive|Battle timer is ON: inactive players will automatically lose when time's up. (requested by OUHF Zam Zam)\n|c|\u2606Manjack|Glhf\n|c|\u2606OUHF Zam Zam|u2\n|\n|t:|1700063592\n|start\n|switch|p1a: Landorus|Landorus-Therian, M|100\/100\n|switch|p2a: Rillaboom|Rillaboom, M|100\/100\n|-fieldstart|move: Grassy Terrain|[from] ability: Grassy Surge|[of] p2a: Rillaboom\n|-ability|p1a: Landorus|Intimidate|boost\n|-unboost|p2a: Rillaboom|atk|1\n|turn|1\n|\n|t:|1700063602\n|switch|p2a: Hatterene|Hatterene, F|100\/100\n|move|p1a: Landorus|Sandsear Storm|p2a: Hatterene|[miss]\n|-miss|p1a: Landorus|p2a: Hatterene\n|\n|upkeep\n|turn|2\n|\n|t:|1700063609\n|move|p1a: Landorus|U-turn|p2a: Hatterene\n|-damage|p2a: Hatterene|84\/100\n|\n|t:|1700063611\n|switch|p1a: Ogerpon|Ogerpon, F|100\/100|[from] U-turn\n|move|p2a: Hatterene|Calm Mind|p2a: Hatterene\n|-boost|p2a: Hatterene|spa|1\n|-boost|p2a: Hatterene|spd|1\n|\n|-heal|p2a: Hatterene|90\/100|[from] Grassy Terrain\n|upkeep\n|turn|3\n|\n|t:|1700063616\n|move|p1a: Ogerpon|Swords Dance|p1a: Ogerpon\n|-boost|p1a: Ogerpon|atk|2\n|move|p2a: Hatterene|Draining Kiss|p1a: Ogerpon\n|-damage|p1a: Ogerpon|68\/100\n|-heal|p2a: Hatterene|100\/100|[from] drain|[of] p1a: Ogerpon\n|\n|-heal|p1a: Ogerpon|74\/100|[from] Grassy Terrain\n|-heal|p1a: Ogerpon|80\/100|[from] item: Leftovers\n|upkeep\n|turn|4\n|\n|t:|1700063627\n|switch|p2a: Sneasler|Sneasler, M|100\/100\n|-enditem|p2a: Sneasler|Grassy Seed\n|-boost|p2a: Sneasler|def|1|[from] item: Grassy Seed\n|move|p1a: Ogerpon|Horn Leech|p2a: Sneasler\n|-resisted|p2a: Sneasler\n|-crit|p2a: Sneasler\n|-damage|p2a: Sneasler|0 fnt\n|-heal|p1a: Ogerpon|100\/100|[from] drain|[of] p2a: Sneasler\n|faint|p2a: Sneasler\n|\n|upkeep\n|\n|t:|1700063643\n|switch|p2a: Alomomola|Alomomola, M|100\/100\n|turn|5\n|c|\u2606Manjack|Unfortunate\n|c|\u2606OUHF Zam Zam|its okay\n|c|\u2606OUHF Zam Zam|this is my testing alt\n|c|\u2606OUHF Zam Zam|but this is the 4th game in a row\n|inactive|OUHF Zam Zam has 120 seconds left.\n|\n|t:|1700063664\n|move|p1a: Ogerpon|Knock Off|p2a: Alomomola\n|-damage|p2a: Alomomola|57\/100\n|-enditem|p2a: Alomomola|Red Card|[from] move: Knock Off|[of] p1a: Ogerpon\n|move|p2a: Alomomola|Flip Turn|p1a: Ogerpon\n|-resisted|p1a: Ogerpon\n|-damage|p1a: Ogerpon|92\/100\n|inactive|OUHF Zam Zam has 120 seconds left.\n|\n|t:|1700063677\n|switch|p2a: Rillaboom|Rillaboom, M|100\/100|[from] Flip Turn\n|\n|-heal|p1a: Ogerpon|98\/100|[from] Grassy Terrain\n|-heal|p1a: Ogerpon|100\/100|[from] item: Leftovers\n|upkeep\n|turn|6\n|\n|t:|1700063688\n|move|p1a: Ogerpon|Horn Leech|p2a: Rillaboom\n|-resisted|p2a: Rillaboom\n|-damage|p2a: Rillaboom|48\/100\n|move|p2a: Rillaboom|U-turn|p1a: Ogerpon\n|-supereffective|p1a: Ogerpon\n|-damage|p1a: Ogerpon|43\/100\n|\n|t:|1700063692\n|switch|p2a: Alomomola|Alomomola, M|90\/100|[from] U-turn\n|\n|-heal|p1a: Ogerpon|49\/100|[from] Grassy Terrain\n|-heal|p1a: Ogerpon|55\/100|[from] item: Leftovers\n|-heal|p2a: Alomomola|96\/100|[from] Grassy Terrain\n|upkeep\n|turn|7\n|\n|t:|1700063695\n|-terastallize|p2a: Alomomola|Flying\n|move|p1a: Ogerpon|Horn Leech|p2a: Alomomola\n|-resisted|p2a: Alomomola\n|-damage|p2a: Alomomola|63\/100\n|-heal|p1a: Ogerpon|77\/100|[from] drain|[of] p2a: Alomomola\n|move|p2a: Alomomola|Acrobatics|p1a: Ogerpon\n|-supereffective|p1a: Ogerpon\n|-damage|p1a: Ogerpon|10\/100\n|\n|-heal|p1a: Ogerpon|16\/100|[from] Grassy Terrain\n|-heal|p1a: Ogerpon|22\/100|[from] item: Leftovers\n|upkeep\n|turn|8\n|\n|t:|1700063704\n|switch|p1a: Rotom|Rotom-Wash|100\/100\n|move|p2a: Alomomola|Flip Turn|p1a: Rotom\n|-resisted|p1a: Rotom\n|-damage|p1a: Rotom|94\/100\n|\n|t:|1700063713\n|switch|p2a: Hatterene|Hatterene, F|100\/100|[from] Flip Turn\n|\n|-heal|p1a: Rotom|100\/100|[from] item: Leftovers\n|-fieldend|move: Grassy Terrain\n|upkeep\n|turn|9\n|\n|t:|1700063725\n|switch|p2a: Rillaboom|Rillaboom, M|48\/100\n|-fieldstart|move: Grassy Terrain|[from] ability: Grassy Surge|[of] p2a: Rillaboom\n|move|p1a: Rotom|Volt Switch|p2a: Rillaboom\n|-resisted|p2a: Rillaboom\n|-damage|p2a: Rillaboom|33\/100\n|\n|t:|1700063730\n|switch|p1a: Corviknight|Corviknight, M|100\/100|[from] Volt Switch\n|-ability|p1a: Corviknight|Pressure\n|\n|-heal|p2a: Rillaboom|39\/100|[from] Grassy Terrain\n|upkeep\n|turn|10\n|\n|t:|1700063733\n|switch|p2a: Ninetales|Ninetales-Alola, F|100\/100\n|-weather|Snow|[from] ability: Snow Warning|[of] p2a: Ninetales\n|move|p1a: Corviknight|U-turn|p2a: Ninetales\n|-resisted|p2a: Ninetales\n|-damage|p2a: Ninetales|95\/100\n|\n|t:|1700063746\n|switch|p1a: Ogerpon|Ogerpon, F|22\/100|[from] U-turn\n|\n|-weather|Snow|[upkeep]\n|-heal|p2a: Ninetales|100\/100|[from] Grassy Terrain\n|-heal|p1a: Ogerpon|29\/100|[from] Grassy Terrain\n|-heal|p1a: Ogerpon|35\/100|[from] item: Leftovers\n|upkeep\n|turn|11\n|\n|t:|1700063756\n|-terastallize|p1a: Ogerpon|Grass\n|detailschange|p1a: Ogerpon|Ogerpon-Teal-Tera, F, tera:Grass\n|-ability|p1a: Ogerpon|Embody Aspect (Teal)|boost\n|-boost|p1a: Ogerpon|spe|1\n|move|p1a: Ogerpon|Horn Leech|p2a: Ninetales\n|-damage|p2a: Ninetales|45\/100\n|-heal|p1a: Ogerpon|61\/100|[from] drain|[of] p2a: Ninetales\n|move|p2a: Ninetales|Freeze-Dry|p1a: Ogerpon\n|-supereffective|p1a: Ogerpon\n|-damage|p1a: Ogerpon|23\/100\n|\n|-weather|Snow|[upkeep]\n|-heal|p1a: Ogerpon|29\/100|[from] Grassy Terrain\n|-heal|p1a: Ogerpon|35\/100|[from] item: Leftovers\n|-heal|p2a: Ninetales|52\/100|[from] Grassy Terrain\n|upkeep\n|turn|12\n|\n|t:|1700063762\n|switch|p2a: Alomomola|Alomomola, M, tera:Flying|96\/100\n|move|p1a: Ogerpon|Horn Leech|p2a: Alomomola\n|-resisted|p2a: Alomomola\n|-damage|p2a: Alomomola|77\/100\n|-heal|p1a: Ogerpon|48\/100|[from] drain|[of] p2a: Alomomola\n|\n|-weather|Snow|[upkeep]\n|-heal|p1a: Ogerpon|54\/100|[from] Grassy Terrain\n|-heal|p1a: Ogerpon|60\/100|[from] item: Leftovers\n|upkeep\n|turn|13\n|\n|t:|1700063776\n|switch|p1a: Rotom|Rotom-Wash|100\/100\n|move|p2a: Alomomola|Wish|p2a: Alomomola\n|\n|-weather|Snow|[upkeep]\n|upkeep\n|turn|14\n|\n|t:|1700063781\n|switch|p2a: Ninetales|Ninetales-Alola, F|52\/100\n|move|p1a: Rotom|Volt Switch|p2a: Ninetales\n|-damage|p2a: Ninetales|28\/100\n|\n|t:|1700063784\n|switch|p1a: Ogerpon|Ogerpon-Teal-Tera, F, tera:Grass|60\/100|[from] Volt Switch\n|-ability|p1a: Ogerpon|Embody Aspect (Teal)|boost\n|-boost|p1a: Ogerpon|spe|1\n|\n|-weather|none\n|-heal|p2a: Ninetales|96\/100|[from] move: Wish|[wisher] Alomomola\n|-heal|p1a: Ogerpon|66\/100|[from] Grassy Terrain\n|-heal|p1a: Ogerpon|72\/100|[from] item: Leftovers\n|-heal|p2a: Ninetales|100\/100|[from] Grassy Terrain\n|upkeep\n|turn|15\n|\n|t:|1700063791\n|move|p1a: Ogerpon|Swords Dance|p1a: Ogerpon\n|-boost|p1a: Ogerpon|atk|2\n|move|p2a: Ninetales|Aurora Veil||[still]\n|-fail|p2a: Ninetales\n|\n|-heal|p1a: Ogerpon|78\/100|[from] Grassy Terrain\n|-heal|p1a: Ogerpon|84\/100|[from] item: Leftovers\n|upkeep\n|turn|16\n|-message|OUHF Zam Zam forfeited.\n|\n|win|Manjack\n|raw|Manjack's rating: 1691 &rarr; <strong>1716<\/strong><br \/>(+25 for winning)\n|raw|OUHF Zam Zam's rating: 1779 &rarr; <strong>1754<\/strong><br \/>(-25 for losing)\n|l|\u2606OUHF Zam Zam\n","uploadtime":1700063819,"views":8,"p1id":"manjack","p2id":"ouhfzamzam","formatid":"gen9ou","rating":1716,"private":0,"password":""}