{"id":"gen9ou-1993447588","p1":"It's classified","p2":"Kaladanda","format":"[Gen 9] OU","log":"|j|\u2606It's classified\n|j|\u2606Kaladanda\n|t:|1700319101\n|gametype|singles\n|player|p1|It's classified|pokemonranger-gen4|1535\n|player|p2|Kaladanda|biker-gen4|1638\n|teamsize|p1|6\n|teamsize|p2|6\n|gen|9\n|tier|[Gen 9] OU\n|rated|\n|rule|Sleep Clause Mod: Limit one foe put to sleep\n|rule|Species Clause: Limit one of each Pok\u00e9mon\n|rule|OHKO Clause: OHKO moves are banned\n|rule|Evasion Items Clause: Evasion items are banned\n|rule|Evasion Moves Clause: Evasion moves are banned\n|rule|Endless Battle Clause: Forcing endless battles is banned\n|rule|HP Percentage Mod: HP is shown in percentages\n|clearpoke\n|poke|p1|Ceruledge, F|\n|poke|p1|Ninetales-Alola, F|\n|poke|p1|Iron Valiant|\n|poke|p1|Great Tusk|\n|poke|p1|Manaphy|\n|poke|p1|Kingambit, M|\n|poke|p2|Tyranitar, F|\n|poke|p2|Sandslash, F|\n|poke|p2|Mandibuzz, F|\n|poke|p2|Gholdengo|\n|poke|p2|Amoonguss, M|\n|poke|p2|Garganacl, F|\n|teampreview\n|inactive|Battle timer is ON: inactive players will automatically lose when time's up. (requested by It's classified)\n|\n|t:|1700319109\n|start\n|switch|p1a: Ninetales|Ninetales-Alola, F|100\/100\n|switch|p2a: Mandibuzz|Mandibuzz, F|100\/100\n|-weather|Snow|[from] ability: Snow Warning|[of] p1a: Ninetales\n|turn|1\n|\n|t:|1700319113\n|switch|p2a: Tyranitar|Tyranitar, F|100\/100\n|-weather|Sandstorm|[from] ability: Sand Stream|[of] p2a: Tyranitar\n|move|p1a: Ninetales|Aurora Veil||[still]\n|-fail|p1a: Ninetales\n|\n|-weather|Sandstorm|[upkeep]\n|-damage|p1a: Ninetales|94\/100|[from] Sandstorm\n|upkeep\n|turn|2\n|\n|t:|1700319128\n|move|p1a: Ninetales|Hypnosis|p2a: Tyranitar\n|-status|p2a: Tyranitar|slp|[from] move: Hypnosis\n|cant|p2a: Tyranitar|slp\n|\n|-weather|Sandstorm|[upkeep]\n|-damage|p1a: Ninetales|88\/100|[from] Sandstorm\n|upkeep\n|turn|3\n|l|\u2606It's classified\n|inactive|It's classified disconnected and has a minute to reconnect!\n|player|p1|\n|j|\u2606It's classified\n|inactive|It's classified reconnected and has 130 seconds left.\n|player|p1|It's classified|pokemonranger-gen4\n|\n|t:|1700319145\n|switch|p1a: Great Tusk|Great Tusk|100\/100\n|-enditem|p1a: Great Tusk|Booster Energy\n|-activate|p1a: Great Tusk|ability: Protosynthesis|[fromitem]\n|-start|p1a: Great Tusk|protosynthesisspe\n|-curestatus|p2a: Tyranitar|slp|[msg]\n|move|p2a: Tyranitar|Stealth Rock|p1a: Great Tusk\n|-sidestart|p1: It's classified|move: Stealth Rock\n|\n|-weather|Sandstorm|[upkeep]\n|upkeep\n|turn|4\n|\n|t:|1700319158\n|switch|p2a: Mandibuzz|Mandibuzz, F|100\/100\n|move|p1a: Great Tusk|Bulk Up|p1a: Great Tusk\n|-boost|p1a: Great Tusk|atk|1\n|-boost|p1a: Great Tusk|def|1\n|\n|-weather|Sandstorm|[upkeep]\n|upkeep\n|turn|5\n|\n|t:|1700319167\n|move|p1a: Great Tusk|Ice Spinner|p2a: Mandibuzz\n|-supereffective|p2a: Mandibuzz\n|-damage|p2a: Mandibuzz|64\/100\n|move|p2a: Mandibuzz|Foul Play|p1a: Great Tusk\n|-resisted|p1a: Great Tusk\n|-damage|p1a: Great Tusk|87\/100\n|\n|-weather|none\n|upkeep\n|turn|6\n|\n|t:|1700319172\n|move|p1a: Great Tusk|Bulk Up|p1a: Great Tusk\n|-boost|p1a: Great Tusk|atk|1\n|-boost|p1a: Great Tusk|def|1\n|move|p2a: Mandibuzz|Roost|p2a: Mandibuzz\n|-heal|p2a: Mandibuzz|100\/100\n|-singleturn|p2a: Mandibuzz|move: Roost\n|\n|upkeep\n|turn|7\n|\n|t:|1700319177\n|move|p1a: Great Tusk|Bulk Up|p1a: Great Tusk\n|-boost|p1a: Great Tusk|atk|1\n|-boost|p1a: Great Tusk|def|1\n|move|p2a: Mandibuzz|U-turn|p1a: Great Tusk\n|-resisted|p1a: Great Tusk\n|-damage|p1a: Great Tusk|86\/100\n|\n|t:|1700319188\n|switch|p2a: Gholdengo|Gholdengo|100\/100|[from] U-turn\n|\n|upkeep\n|turn|8\n|\n|t:|1700319193\n|move|p1a: Great Tusk|Headlong Rush|p2a: Gholdengo\n|-supereffective|p2a: Gholdengo\n|-damage|p2a: Gholdengo|0 fnt\n|-unboost|p1a: Great Tusk|def|1\n|-unboost|p1a: Great Tusk|spd|1\n|faint|p2a: Gholdengo\n|\n|upkeep\n|\n|t:|1700319205\n|switch|p2a: Amoonguss|Amoonguss, M|100\/100\n|turn|9\n|\n|t:|1700319208\n|move|p1a: Great Tusk|Ice Spinner|p2a: Amoonguss\n|-supereffective|p2a: Amoonguss\n|-damage|p2a: Amoonguss|9\/100\n|move|p2a: Amoonguss|Spore|p1a: Great Tusk\n|-status|p1a: Great Tusk|slp|[from] move: Spore\n|\n|-heal|p2a: Amoonguss|15\/100|[from] item: Leftovers\n|upkeep\n|turn|10\n|\n|t:|1700319214\n|cant|p1a: Great Tusk|slp\n|move|p2a: Amoonguss|Giga Drain|p1a: Great Tusk\n|-supereffective|p1a: Great Tusk\n|-damage|p1a: Great Tusk|1\/100 slp\n|-heal|p2a: Amoonguss|58\/100|[from] drain|[of] p1a: Great Tusk\n|\n|-heal|p2a: Amoonguss|64\/100|[from] item: Leftovers\n|upkeep\n|turn|11\n|\n|t:|1700319220\n|-curestatus|p1a: Great Tusk|slp|[msg]\n|move|p1a: Great Tusk|Ice Spinner|p2a: Amoonguss\n|-supereffective|p2a: Amoonguss\n|-damage|p2a: Amoonguss|0 fnt\n|faint|p2a: Amoonguss\n|\n|upkeep\n|\n|t:|1700319226\n|switch|p2a: Mandibuzz|Mandibuzz, F|100\/100\n|turn|12\n|\n|t:|1700319229\n|move|p1a: Great Tusk|Ice Spinner|p2a: Mandibuzz\n|-supereffective|p2a: Mandibuzz\n|-damage|p2a: Mandibuzz|32\/100\n|move|p2a: Mandibuzz|U-turn|p1a: Great Tusk\n|-resisted|p1a: Great Tusk\n|-damage|p1a: Great Tusk|0 fnt\n|faint|p1a: Great Tusk\n|-end|p1a: Great Tusk|Protosynthesis|[silent]\n|\n|t:|1700319235\n|switch|p2a: Garganacl|Garganacl, F|100\/100|[from] U-turn\n|\n|upkeep\n|inactive|It's classified has 120 seconds left.\n|\n|t:|1700319270\n|switch|p1a: Kingambit|Kingambit, M|100\/100\n|-damage|p1a: Kingambit|94\/100|[from] Stealth Rock\n|-activate|p1a: Kingambit|ability: Supreme Overlord\n|-start|p1a: Kingambit|fallen1|[silent]\n|turn|13\n|\n|t:|1700319285\n|move|p1a: Kingambit|Iron Head|p2a: Garganacl\n|-supereffective|p2a: Garganacl\n|-damage|p2a: Garganacl|39\/100\n|cant|p2a: Garganacl|flinch\n|\n|-heal|p2a: Garganacl|45\/100|[from] item: Leftovers\n|upkeep\n|turn|14\n|inactive|It's classified has 120 seconds left.\n|\n|t:|1700319305\n|switch|p2a: Mandibuzz|Mandibuzz, F|32\/100\n|move|p1a: Kingambit|Swords Dance|p1a: Kingambit\n|-boost|p1a: Kingambit|atk|2\n|\n|upkeep\n|turn|15\n|inactive|It's classified has 120 seconds left.\n|\n|t:|1700319316\n|move|p2a: Mandibuzz|Roost|p2a: Mandibuzz\n|-heal|p2a: Mandibuzz|83\/100\n|-singleturn|p2a: Mandibuzz|move: Roost\n|move|p1a: Kingambit|Iron Head|p2a: Mandibuzz\n|-damage|p2a: Mandibuzz|19\/100\n|\n|upkeep\n|turn|16\n|\n|t:|1700319322\n|move|p2a: Mandibuzz|Roost|p2a: Mandibuzz\n|-heal|p2a: Mandibuzz|69\/100\n|-singleturn|p2a: Mandibuzz|move: Roost\n|move|p1a: Kingambit|Iron Head|p2a: Mandibuzz\n|-damage|p2a: Mandibuzz|7\/100\n|\n|upkeep\n|turn|17\n|\n|t:|1700319327\n|move|p2a: Mandibuzz|Foul Play|p1a: Kingambit\n|-resisted|p1a: Kingambit\n|-damage|p1a: Kingambit|53\/100\n|move|p1a: Kingambit|Iron Head|p2a: Mandibuzz\n|-damage|p2a: Mandibuzz|0 fnt\n|faint|p2a: Mandibuzz\n|\n|upkeep\n|\n|t:|1700319330\n|switch|p2a: Tyranitar|Tyranitar, F|100\/100\n|-weather|Sandstorm|[from] ability: Sand Stream|[of] p2a: Tyranitar\n|turn|18\n|\n|t:|1700319344\n|switch|p2a: Garganacl|Garganacl, F|45\/100\n|-terastallize|p1a: Kingambit|Flying\n|move|p1a: Kingambit|Iron Head|p2a: Garganacl\n|-supereffective|p2a: Garganacl\n|-damage|p2a: Garganacl|0 fnt\n|faint|p2a: Garganacl\n|\n|-weather|Sandstorm|[upkeep]\n|-damage|p1a: Kingambit|47\/100|[from] Sandstorm\n|upkeep\n|\n|t:|1700319349\n|switch|p2a: Sandslash|Sandslash, F|100\/100\n|turn|19\n|\n|t:|1700319359\n|move|p1a: Kingambit|Sucker Punch||[still]\n|-fail|p1a: Kingambit\n|move|p2a: Sandslash|Swords Dance|p2a: Sandslash\n|-boost|p2a: Sandslash|atk|2\n|\n|-weather|Sandstorm|[upkeep]\n|-damage|p1a: Kingambit|40\/100|[from] Sandstorm\n|upkeep\n|turn|20\n|\n|t:|1700319368\n|move|p1a: Kingambit|Sucker Punch||[still]\n|-fail|p1a: Kingambit\n|move|p2a: Sandslash|Swords Dance|p2a: Sandslash\n|-boost|p2a: Sandslash|atk|2\n|\n|-weather|Sandstorm|[upkeep]\n|-damage|p1a: Kingambit|34\/100|[from] Sandstorm\n|upkeep\n|turn|21\n|\n|t:|1700319375\n|-terastallize|p2a: Sandslash|Ice\n|move|p1a: Kingambit|Sucker Punch|p2a: Sandslash\n|-damage|p2a: Sandslash|7\/100\n|move|p2a: Sandslash|Tera Blast|p1a: Kingambit|[anim] Tera Blast Ice\n|-supereffective|p1a: Kingambit\n|-damage|p1a: Kingambit|0 fnt\n|faint|p1a: Kingambit\n|-end|p1a: Kingambit|fallen1|[silent]\n|-damage|p2a: Sandslash|0 fnt|[from] item: Life Orb\n|faint|p2a: Sandslash\n|\n|-weather|Sandstorm|[upkeep]\n|upkeep\n|-message|Kaladanda forfeited.\n|\n|win|It's classified\n|raw|It&apos;s classified's rating: 1535 &rarr; <strong>1561<\/strong><br \/>(+26 for winning)\n|raw|Kaladanda's rating: 1638 &rarr; <strong>1612<\/strong><br \/>(-26 for losing)\n|l|\u2606Kaladanda\n","uploadtime":1700319390,"views":17,"p1id":"itsclassified","p2id":"kaladanda","formatid":"gen9ou","rating":1561,"private":0,"password":""}