{"id":"gen9ou-1999869476","p1":"Real_Shylm","p2":"cask","format":"[Gen 9] OU","log":"|j|\u2606Real_Shylm\n|j|\u2606cask\n|t:|1701124619\n|gametype|singles\n|player|p1|Real_Shylm|juan|\n|player|p2|cask|erika|\n|teamsize|p1|6\n|teamsize|p2|6\n|gen|9\n|tier|[Gen 9] OU\n|rule|Sleep Clause Mod: Limit one foe put to sleep\n|rule|Species Clause: Limit one of each Pok\u00e9mon\n|rule|OHKO Clause: OHKO moves are banned\n|rule|Evasion Items Clause: Evasion items are banned\n|rule|Evasion Moves Clause: Evasion moves are banned\n|rule|Endless Battle Clause: Forcing endless battles is banned\n|rule|HP Percentage Mod: HP is shown in percentages\n|clearpoke\n|poke|p1|Kingambit, F|\n|poke|p1|Walking Wake|\n|poke|p1|Torkoal, F|\n|poke|p1|Glimmora, F|\n|poke|p1|Clefable, F|\n|poke|p1|Articuno-Galar|\n|poke|p2|Meowscarada, F|\n|poke|p2|Gholdengo|\n|poke|p2|Talonflame, M|\n|poke|p2|Great Tusk|\n|poke|p2|Clodsire, M|\n|poke|p2|Quaquaval, M|\n|teampreview\n|\n|t:|1701124640\n|start\n|switch|p1a: 50 000 Gold Coins|Glimmora, F|100\/100\n|switch|p2a: The Hidden|Talonflame, M|100\/100\n|turn|1\n|\n|t:|1701124651\n|move|p1a: 50 000 Gold Coins|Spiky Shield|p1a: 50 000 Gold Coins\n|-singleturn|p1a: 50 000 Gold Coins|move: Protect\n|move|p2a: The Hidden|U-turn|p1a: 50 000 Gold Coins\n|-activate|p1a: 50 000 Gold Coins|move: Protect\n|-damage|p2a: The Hidden|88\/100|[from] Spiky Shield|[of] p1a: 50 000 Gold Coins\n|\n|upkeep\n|turn|2\n|\n|t:|1701124662\n|move|p2a: The Hidden|U-turn|p1a: 50 000 Gold Coins\n|-resisted|p1a: 50 000 Gold Coins\n|-damage|p1a: 50 000 Gold Coins|92\/100\n|-activate|p1a: 50 000 Gold Coins|ability: Toxic Debris\n|-sidestart|p2: cask|move: Toxic Spikes\n|\n|t:|1701124671\n|switch|p2a: Whispering One|Gholdengo|100\/100|[from] U-turn\n|move|p1a: 50 000 Gold Coins|Stealth Rock|p2a: Whispering One\n|-sidestart|p2: cask|move: Stealth Rock\n|\n|upkeep\n|turn|3\n|\n|t:|1701124680\n|move|p1a: 50 000 Gold Coins|Earth Power|p2a: Whispering One\n|-supereffective|p2a: Whispering One\n|-damage|p2a: Whispering One|41\/100\n|move|p2a: Whispering One|Thunder Wave|p1a: 50 000 Gold Coins\n|-status|p1a: 50 000 Gold Coins|par\n|\n|-heal|p2a: Whispering One|47\/100|[from] item: Leftovers\n|upkeep\n|turn|4\n|\n|t:|1701124704\n|switch|p1a: Mr. Rock Festival|Torkoal, F|100\/100\n|-weather|SunnyDay|[from] ability: Drought|[of] p1a: Mr. Rock Festival\n|-terastallize|p2a: Whispering One|Flying\n|move|p2a: Whispering One|Make It Rain|p1a: Mr. Rock Festival\n|-resisted|p1a: Mr. Rock Festival\n|-damage|p1a: Mr. Rock Festival|52\/100\n|-unboost|p2a: Whispering One|spa|1\n|\n|-weather|SunnyDay|[upkeep]\n|-heal|p2a: Whispering One|53\/100|[from] item: Leftovers\n|upkeep\n|turn|5\n|\n|t:|1701124723\n|switch|p2a: The Hidden|Talonflame, M|88\/100\n|move|p1a: Mr. Rock Festival|Lava Plume|p2a: The Hidden\n|-resisted|p2a: The Hidden\n|-damage|p2a: The Hidden|63\/100\n|\n|-weather|SunnyDay|[upkeep]\n|upkeep\n|turn|6\n|\n|t:|1701124732\n|move|p2a: The Hidden|Defog|p1a: Mr. Rock Festival\n|-unboost|p1a: Mr. Rock Festival|evasion|1\n|-sideend|p2: cask|Toxic Spikes|[from] move: Defog|[of] p2a: The Hidden\n|-sideend|p2: cask|Stealth Rock|[from] move: Defog|[of] p2a: The Hidden\n|move|p1a: Mr. Rock Festival|Yawn|p2a: The Hidden\n|-start|p2a: The Hidden|move: Yawn|[of] p1a: Mr. Rock Festival\n|\n|-weather|SunnyDay|[upkeep]\n|upkeep\n|turn|7\n|\n|t:|1701124743\n|switch|p2a: Core Augur|Quaquaval, M|100\/100\n|switch|p1a: 50 000 Gold Coins|Glimmora, F|92\/100 par\n|\n|-weather|SunnyDay|[upkeep]\n|upkeep\n|turn|8\n|\n|t:|1701124753\n|move|p2a: Core Augur|Bulk Up|p2a: Core Augur\n|-boost|p2a: Core Augur|atk|1\n|-boost|p2a: Core Augur|def|1\n|move|p1a: 50 000 Gold Coins|Mortal Spin|p2a: Core Augur\n|-damage|p2a: Core Augur|95\/100\n|-status|p2a: Core Augur|psn\n|\n|-weather|SunnyDay|[upkeep]\n|-heal|p2a: Core Augur|100\/100 psn|[from] item: Leftovers\n|-damage|p2a: Core Augur|88\/100 psn|[from] psn\n|upkeep\n|turn|9\n|\n|t:|1701124774\n|move|p2a: Core Augur|Bulk Up|p2a: Core Augur\n|-boost|p2a: Core Augur|atk|1\n|-boost|p2a: Core Augur|def|1\n|cant|p1a: 50 000 Gold Coins|par\n|\n|-weather|SunnyDay|[upkeep]\n|-heal|p2a: Core Augur|94\/100 psn|[from] item: Leftovers\n|-damage|p2a: Core Augur|82\/100 psn|[from] psn\n|upkeep\n|turn|10\n|\n|t:|1701124782\n|move|p1a: 50 000 Gold Coins|Spiky Shield|p1a: 50 000 Gold Coins\n|-singleturn|p1a: 50 000 Gold Coins|move: Protect\n|move|p2a: Core Augur|Aqua Step|p1a: 50 000 Gold Coins\n|-activate|p1a: 50 000 Gold Coins|move: Protect\n|-damage|p2a: Core Augur|69\/100 psn|[from] Spiky Shield|[of] p1a: 50 000 Gold Coins\n|\n|-weather|SunnyDay|[upkeep]\n|-heal|p2a: Core Augur|75\/100 psn|[from] item: Leftovers\n|-damage|p2a: Core Augur|63\/100 psn|[from] psn\n|upkeep\n|turn|11\n|\n|t:|1701124793\n|move|p2a: Core Augur|Aqua Step|p1a: 50 000 Gold Coins\n|-supereffective|p1a: 50 000 Gold Coins\n|-crit|p1a: 50 000 Gold Coins\n|-damage|p1a: 50 000 Gold Coins|0 fnt\n|-boost|p2a: Core Augur|spe|1\n|-activate|p1a: 50 000 Gold Coins|ability: Toxic Debris\n|-sidestart|p2: cask|move: Toxic Spikes\n|faint|p1a: 50 000 Gold Coins\n|-ability|p2a: Core Augur|Moxie|boost\n|-boost|p2a: Core Augur|atk|1\n|\n|-weather|none\n|-heal|p2a: Core Augur|69\/100 psn|[from] item: Leftovers\n|-damage|p2a: Core Augur|57\/100 psn|[from] psn\n|upkeep\n|\n|t:|1701124806\n|switch|p1a: BoltBeamEnthusiast|Clefable, F|100\/100\n|turn|12\n|\n|t:|1701124839\n|switch|p2a: El Hermano|Clodsire, M|100\/100\n|-sideend|p2: cask|move: Toxic Spikes|[of] p2a: El Hermano\n|move|p1a: BoltBeamEnthusiast|Thunderbolt|p2a: El Hermano\n|-immune|p2a: El Hermano\n|\n|upkeep\n|turn|13\n|\n|t:|1701124853\n|switch|p1a: The Snoozer|Articuno-Galar|100\/100\n|move|p2a: El Hermano|Toxic|p1a: The Snoozer\n|-status|p1a: The Snoozer|tox\n|\n|-damage|p1a: The Snoozer|94\/100 tox|[from] psn\n|upkeep\n|turn|14\n|\n|t:|1701124867\n|switch|p2a: Whispering One|Gholdengo, tera:Flying|53\/100\n|move|p1a: The Snoozer|Calm Mind|p1a: The Snoozer\n|-boost|p1a: The Snoozer|spa|1\n|-boost|p1a: The Snoozer|spd|1\n|\n|-heal|p1a: The Snoozer|100\/100 tox|[from] item: Leftovers\n|-heal|p2a: Whispering One|59\/100|[from] item: Leftovers\n|-damage|p1a: The Snoozer|88\/100 tox|[from] psn\n|upkeep\n|turn|15\n|\n|t:|1701124883\n|move|p1a: The Snoozer|Stored Power|p2a: Whispering One\n|-damage|p2a: Whispering One|24\/100\n|move|p2a: Whispering One|Hex|p1a: The Snoozer\n|-supereffective|p1a: The Snoozer\n|-damage|p1a: The Snoozer|0 fnt\n|faint|p1a: The Snoozer\n|\n|-heal|p2a: Whispering One|30\/100|[from] item: Leftovers\n|upkeep\n|\n|t:|1701124890\n|switch|p1a: Mr. Rock Festival|Torkoal, F|52\/100\n|-weather|SunnyDay|[from] ability: Drought|[of] p1a: Mr. Rock Festival\n|turn|16\n|\n|t:|1701124920\n|switch|p2a: The Hidden|Talonflame, M|63\/100\n|move|p1a: Mr. Rock Festival|Lava Plume|p2a: The Hidden\n|-resisted|p2a: The Hidden\n|-damage|p2a: The Hidden|38\/100\n|\n|-weather|SunnyDay|[upkeep]\n|upkeep\n|turn|17\n|\n|t:|1701124929\n|move|p2a: The Hidden|Roost|p2a: The Hidden\n|-heal|p2a: The Hidden|89\/100\n|-singleturn|p2a: The Hidden|move: Roost\n|move|p1a: Mr. Rock Festival|Lava Plume|p2a: The Hidden\n|-resisted|p2a: The Hidden\n|-damage|p2a: The Hidden|63\/100\n|\n|-weather|SunnyDay|[upkeep]\n|upkeep\n|turn|18\n|\n|t:|1701124943\n|switch|p2a: Core Augur|Quaquaval, M|57\/100 psn\n|move|p1a: Mr. Rock Festival|Yawn||[still]\n|-fail|p1a: Mr. Rock Festival\n|\n|-weather|SunnyDay|[upkeep]\n|-heal|p2a: Core Augur|63\/100 psn|[from] item: Leftovers\n|-damage|p2a: Core Augur|50\/100 psn|[from] psn\n|upkeep\n|turn|19\n|\n|t:|1701124958\n|move|p2a: Core Augur|Aqua Step|p1a: Mr. Rock Festival\n|-supereffective|p1a: Mr. Rock Festival\n|-damage|p1a: Mr. Rock Festival|24\/100\n|-boost|p2a: Core Augur|spe|1\n|move|p1a: Mr. Rock Festival|Stealth Rock|p2a: Core Augur\n|-sidestart|p2: cask|move: Stealth Rock\n|\n|-weather|SunnyDay|[upkeep]\n|-heal|p2a: Core Augur|56\/100 psn|[from] item: Leftovers\n|-damage|p2a: Core Augur|44\/100 psn|[from] psn\n|upkeep\n|turn|20\n|\n|t:|1701124973\n|switch|p1a: BoltBeamEnthusiast|Clefable, F|100\/100\n|move|p2a: Core Augur|Aqua Step|p1a: BoltBeamEnthusiast\n|-damage|p1a: BoltBeamEnthusiast|83\/100\n|-boost|p2a: Core Augur|spe|1\n|\n|-weather|SunnyDay|[upkeep]\n|-heal|p2a: Core Augur|50\/100 psn|[from] item: Leftovers\n|-heal|p1a: BoltBeamEnthusiast|90\/100|[from] item: Leftovers\n|-damage|p2a: Core Augur|38\/100 psn|[from] psn\n|upkeep\n|turn|21\n|\n|t:|1701124994\n|switch|p2a: El Hermano|Clodsire, M|100\/100\n|-damage|p2a: El Hermano|94\/100|[from] Stealth Rock\n|move|p1a: BoltBeamEnthusiast|Calm Mind|p1a: BoltBeamEnthusiast\n|-boost|p1a: BoltBeamEnthusiast|spa|1\n|-boost|p1a: BoltBeamEnthusiast|spd|1\n|\n|-weather|SunnyDay|[upkeep]\n|-heal|p1a: BoltBeamEnthusiast|96\/100|[from] item: Leftovers\n|-heal|p2a: El Hermano|100\/100|[from] item: Leftovers\n|upkeep\n|turn|22\n|\n|t:|1701125005\n|move|p1a: BoltBeamEnthusiast|Flamethrower|p2a: El Hermano\n|-damage|p2a: El Hermano|77\/100\n|move|p2a: El Hermano|Toxic|p1a: BoltBeamEnthusiast\n|-status|p1a: BoltBeamEnthusiast|tox\n|\n|-weather|SunnyDay|[upkeep]\n|-heal|p1a: BoltBeamEnthusiast|100\/100 tox|[from] item: Leftovers\n|-heal|p2a: El Hermano|83\/100|[from] item: Leftovers\n|-damage|p1a: BoltBeamEnthusiast|94\/100 tox|[from] psn\n|upkeep\n|turn|23\n|\n|t:|1701125017\n|move|p1a: BoltBeamEnthusiast|Flamethrower|p2a: El Hermano\n|-damage|p2a: El Hermano|60\/100\n|move|p2a: El Hermano|Spikes|p1a: BoltBeamEnthusiast\n|-sidestart|p1: Real_Shylm|Spikes\n|\n|-weather|none\n|-heal|p1a: BoltBeamEnthusiast|100\/100 tox|[from] item: Leftovers\n|-heal|p2a: El Hermano|66\/100|[from] item: Leftovers\n|-damage|p1a: BoltBeamEnthusiast|88\/100 tox|[from] psn\n|upkeep\n|turn|24\n|\n|t:|1701125029\n|switch|p1a: Mr. Rock Festival|Torkoal, F|24\/100\n|-damage|p1a: Mr. Rock Festival|12\/100|[from] Spikes\n|-weather|SunnyDay|[from] ability: Drought|[of] p1a: Mr. Rock Festival\n|move|p2a: El Hermano|Recover|p2a: El Hermano\n|-heal|p2a: El Hermano|100\/100\n|\n|-weather|SunnyDay|[upkeep]\n|upkeep\n|turn|25\n|\n|t:|1701125041\n|move|p1a: Mr. Rock Festival|Rapid Spin|p2a: El Hermano\n|-damage|p2a: El Hermano|90\/100\n|-boost|p1a: Mr. Rock Festival|spe|1\n|-sideend|p1: Real_Shylm|Spikes|[from] move: Rapid Spin|[of] p1a: Mr. Rock Festival\n|move|p2a: El Hermano|Earthquake|p1a: Mr. Rock Festival\n|-supereffective|p1a: Mr. Rock Festival\n|-damage|p1a: Mr. Rock Festival|0 fnt\n|faint|p1a: Mr. Rock Festival\n|\n|-weather|SunnyDay|[upkeep]\n|-heal|p2a: El Hermano|96\/100|[from] item: Leftovers\n|upkeep\n|\n|t:|1701125049\n|switch|p1a: 12 Eyes!Fun Times!|Walking Wake|100\/100\n|-activate|p1a: 12 Eyes!Fun Times!|ability: Protosynthesis\n|-start|p1a: 12 Eyes!Fun Times!|protosynthesisspe\n|turn|26\n|\n|t:|1701125060\n|move|p1a: 12 Eyes!Fun Times!|Hydro Steam|p2a: El Hermano\n|-heal|p2a: El Hermano|100\/100|[from] ability: Water Absorb|[of] p1a: 12 Eyes!Fun Times!\n|move|p2a: El Hermano|Toxic|p1a: 12 Eyes!Fun Times!\n|-status|p1a: 12 Eyes!Fun Times!|tox\n|\n|-weather|SunnyDay|[upkeep]\n|-damage|p1a: 12 Eyes!Fun Times!|94\/100 tox|[from] psn\n|upkeep\n|turn|27\n|\n|t:|1701125081\n|-end|p1a: 12 Eyes!Fun Times!|Protosynthesis|[silent]\n|switch|p1a: BoltBeamEnthusiast|Clefable, F|88\/100 tox\n|move|p2a: El Hermano|Spikes|p1a: BoltBeamEnthusiast\n|-sidestart|p1: Real_Shylm|Spikes\n|\n|-weather|SunnyDay|[upkeep]\n|-heal|p1a: BoltBeamEnthusiast|94\/100 tox|[from] item: Leftovers\n|-damage|p1a: BoltBeamEnthusiast|88\/100 tox|[from] psn\n|upkeep\n|turn|28\n|\n|t:|1701125094\n|switch|p1a: 12 Eyes!Fun Times!|Walking Wake|94\/100 tox\n|-damage|p1a: 12 Eyes!Fun Times!|82\/100 tox|[from] Spikes\n|-activate|p1a: 12 Eyes!Fun Times!|ability: Protosynthesis\n|-start|p1a: 12 Eyes!Fun Times!|protosynthesisspe\n|move|p2a: El Hermano|Spikes|p1a: 12 Eyes!Fun Times!\n|-sidestart|p1: Real_Shylm|Spikes\n|\n|-weather|SunnyDay|[upkeep]\n|-damage|p1a: 12 Eyes!Fun Times!|76\/100 tox|[from] psn\n|upkeep\n|turn|29\n|\n|t:|1701125114\n|move|p1a: 12 Eyes!Fun Times!|Dragon Pulse|p2a: El Hermano\n|-crit|p2a: El Hermano\n|-damage|p2a: El Hermano|52\/100\n|move|p2a: El Hermano|Recover|p2a: El Hermano\n|-heal|p2a: El Hermano|100\/100\n|\n|-weather|SunnyDay|[upkeep]\n|-damage|p1a: 12 Eyes!Fun Times!|64\/100 tox|[from] psn\n|upkeep\n|turn|30\n|\n|t:|1701125129\n|move|p1a: 12 Eyes!Fun Times!|Dragon Pulse|p2a: El Hermano\n|-damage|p2a: El Hermano|64\/100\n|move|p2a: El Hermano|Recover|p2a: El Hermano\n|-heal|p2a: El Hermano|100\/100\n|\n|-weather|SunnyDay|[upkeep]\n|-damage|p1a: 12 Eyes!Fun Times!|45\/100 tox|[from] psn\n|upkeep\n|turn|31\n|\n|t:|1701125138\n|-end|p1a: 12 Eyes!Fun Times!|Protosynthesis|[silent]\n|switch|p1a: BoltBeamEnthusiast|Clefable, F|88\/100 tox\n|-damage|p1a: BoltBeamEnthusiast|72\/100 tox|[from] Spikes\n|move|p2a: El Hermano|Spikes|p1a: BoltBeamEnthusiast\n|-sidestart|p1: Real_Shylm|Spikes\n|\n|-weather|none\n|-heal|p1a: BoltBeamEnthusiast|78\/100 tox|[from] item: Leftovers\n|-damage|p1a: BoltBeamEnthusiast|72\/100 tox|[from] psn\n|upkeep\n|turn|32\n|\n|t:|1701125156\n|move|p1a: BoltBeamEnthusiast|Flamethrower|p2a: El Hermano\n|-damage|p2a: El Hermano|90\/100\n|move|p2a: El Hermano|Earthquake|p1a: BoltBeamEnthusiast\n|-damage|p1a: BoltBeamEnthusiast|49\/100 tox\n|\n|-heal|p1a: BoltBeamEnthusiast|55\/100 tox|[from] item: Leftovers\n|-heal|p2a: El Hermano|96\/100|[from] item: Leftovers\n|-damage|p1a: BoltBeamEnthusiast|43\/100 tox|[from] psn\n|upkeep\n|turn|33\n|\n|t:|1701125174\n|switch|p2a: Core Augur|Quaquaval, M|38\/100 psn\n|-damage|p2a: Core Augur|32\/100 psn|[from] Stealth Rock\n|move|p1a: BoltBeamEnthusiast|Flamethrower|p2a: Core Augur\n|-resisted|p2a: Core Augur\n|-damage|p2a: Core Augur|18\/100 psn\n|\n|-heal|p2a: Core Augur|24\/100 psn|[from] item: Leftovers\n|-heal|p1a: BoltBeamEnthusiast|49\/100 tox|[from] item: Leftovers\n|-damage|p2a: Core Augur|12\/100 psn|[from] psn\n|-damage|p1a: BoltBeamEnthusiast|31\/100 tox|[from] psn\n|upkeep\n|turn|34\n|\n|t:|1701125186\n|move|p2a: Core Augur|Roost|p2a: Core Augur\n|-heal|p2a: Core Augur|62\/100 psn\n|-singleturn|p2a: Core Augur|move: Roost\n|move|p1a: BoltBeamEnthusiast|Thunderbolt|p2a: Core Augur\n|-supereffective|p2a: Core Augur\n|-damage|p2a: Core Augur|9\/100 psn\n|\n|-heal|p2a: Core Augur|15\/100 psn|[from] item: Leftovers\n|-heal|p1a: BoltBeamEnthusiast|37\/100 tox|[from] item: Leftovers\n|-damage|p2a: Core Augur|3\/100 psn|[from] psn\n|-damage|p1a: BoltBeamEnthusiast|13\/100 tox|[from] psn\n|upkeep\n|turn|35\n|\n|t:|1701125198\n|move|p2a: Core Augur|Aqua Step|p1a: BoltBeamEnthusiast\n|-damage|p1a: BoltBeamEnthusiast|0 fnt\n|-boost|p2a: Core Augur|spe|1\n|faint|p1a: BoltBeamEnthusiast\n|-ability|p2a: Core Augur|Moxie|boost\n|-boost|p2a: Core Augur|atk|1\n|\n|-heal|p2a: Core Augur|9\/100 psn|[from] item: Leftovers\n|-damage|p2a: Core Augur|0 fnt|[from] psn\n|faint|p2a: Core Augur\n|upkeep\n|\n|t:|1701125214\n|switch|p2a: The Hidden|Talonflame, M|63\/100\n|switch|p1a: 12 Eyes!Fun Times!|Walking Wake|45\/100 tox\n|-damage|p1a: 12 Eyes!Fun Times!|20\/100 tox|[from] Spikes\n|turn|36\n|\n|t:|1701125226\n|switch|p2a: El Hermano|Clodsire, M|96\/100\n|-damage|p2a: El Hermano|90\/100|[from] Stealth Rock\n|move|p1a: 12 Eyes!Fun Times!|Draco Meteor|p2a: El Hermano\n|-damage|p2a: El Hermano|38\/100\n|-unboost|p1a: 12 Eyes!Fun Times!|spa|2\n|\n|-heal|p2a: El Hermano|44\/100|[from] item: Leftovers\n|-damage|p1a: 12 Eyes!Fun Times!|14\/100 tox|[from] psn\n|upkeep\n|turn|37\n|\n|t:|1701125237\n|move|p1a: 12 Eyes!Fun Times!|Draco Meteor|p2a: El Hermano\n|-damage|p2a: El Hermano|19\/100\n|-unboost|p1a: 12 Eyes!Fun Times!|spa|2\n|move|p2a: El Hermano|Recover|p2a: El Hermano\n|-heal|p2a: El Hermano|69\/100\n|\n|-heal|p2a: El Hermano|75\/100|[from] item: Leftovers\n|-damage|p1a: 12 Eyes!Fun Times!|2\/100 tox|[from] psn\n|upkeep\n|turn|38\n|\n|t:|1701125248\n|move|p1a: 12 Eyes!Fun Times!|Draco Meteor|p2a: El Hermano\n|-damage|p2a: El Hermano|59\/100\n|-unboost|p1a: 12 Eyes!Fun Times!|spa|2\n|move|p2a: El Hermano|Recover|p2a: El Hermano\n|-heal|p2a: El Hermano|100\/100\n|\n|-damage|p1a: 12 Eyes!Fun Times!|0 fnt|[from] psn\n|faint|p1a: 12 Eyes!Fun Times!\n|-end|p1a: 12 Eyes!Fun Times!|Protosynthesis|[silent]\n|upkeep\n|\n|t:|1701125254\n|switch|p1a: Backshot Purple|Kingambit, F|100\/100\n|-damage|p1a: Backshot Purple|75\/100|[from] Spikes\n|-activate|p1a: Backshot Purple|ability: Supreme Overlord\n|-start|p1a: Backshot Purple|fallen5|[silent]\n|turn|39\n|\n|t:|1701125273\n|move|p1a: Backshot Purple|Swords Dance|p1a: Backshot Purple\n|-boost|p1a: Backshot Purple|atk|2\n|move|p2a: El Hermano|Earthquake|p1a: Backshot Purple\n|-supereffective|p1a: Backshot Purple\n|-damage|p1a: Backshot Purple|38\/100\n|\n|upkeep\n|turn|40\n|\n|t:|1701125283\n|-terastallize|p1a: Backshot Purple|Flying\n|move|p1a: Backshot Purple|Kowtow Cleave|p2a: El Hermano\n|-damage|p2a: El Hermano|0 fnt\n|faint|p2a: El Hermano\n|\n|upkeep\n|\n|t:|1701125317\n|switch|p2a: Whispering One|Gholdengo, tera:Flying|30\/100\n|-damage|p2a: Whispering One|5\/100|[from] Stealth Rock\n|turn|41\n|\n|t:|1701125335\n|move|p1a: Backshot Purple|Sucker Punch||[still]\n|-fail|p1a: Backshot Purple\n|move|p2a: Whispering One|Thunder Wave|p1a: Backshot Purple\n|-status|p1a: Backshot Purple|par\n|\n|-heal|p2a: Whispering One|11\/100|[from] item: Leftovers\n|upkeep\n|turn|42\n|\n|t:|1701125347\n|move|p1a: Backshot Purple|Sucker Punch|p2a: Whispering One\n|-damage|p2a: Whispering One|0 fnt\n|faint|p2a: Whispering One\n|\n|upkeep\n|\n|t:|1701125359\n|switch|p2a: Grand Cenobite|Meowscarada, F|100\/100\n|-damage|p2a: Grand Cenobite|88\/100|[from] Stealth Rock\n|turn|43\n|\n|t:|1701125380\n|move|p1a: Backshot Purple|Sucker Punch|p2a: Grand Cenobite\n|-resisted|p2a: Grand Cenobite\n|-damage|p2a: Grand Cenobite|0 fnt\n|faint|p2a: Grand Cenobite\n|\n|upkeep\n|\n|t:|1701125387\n|switch|p2a: Voice of Hunger|Great Tusk|100\/100\n|-damage|p2a: Voice of Hunger|98\/100|[from] Stealth Rock\n|turn|44\n|\n|t:|1701125398\n|move|p2a: Voice of Hunger|Knock Off|p1a: Backshot Purple\n|-damage|p1a: Backshot Purple|16\/100 par\n|-enditem|p1a: Backshot Purple|Black Glasses|[from] move: Knock Off|[of] p2a: Voice of Hunger\n|cant|p1a: Backshot Purple|par\n|\n|upkeep\n|turn|45\n|\n|t:|1701125409\n|move|p2a: Voice of Hunger|Knock Off|p1a: Backshot Purple\n|-damage|p1a: Backshot Purple|2\/100 par\n|cant|p1a: Backshot Purple|par\n|\n|upkeep\n|turn|46\n|\n|t:|1701125418\n|move|p2a: Voice of Hunger|Knock Off|p1a: Backshot Purple\n|-damage|p1a: Backshot Purple|0 fnt\n|faint|p1a: Backshot Purple\n|-end|p1a: Backshot Purple|fallen5|[silent]\n|\n|win|cask\n","uploadtime":1701125426,"views":19,"p1id":"realshylm","p2id":"cask","formatid":"gen9ou","rating":0,"private":0,"password":""}