{"id":"gen9ou-2000376700","p1":"fropop2","p2":"TBNRthink","format":"[Gen 9] OU","log":"|j|\u2606fropop2\n|j|\u2606TBNRthink\n|t:|1701189646\n|gametype|singles\n|player|p1|fropop2|n|1208\n|player|p2|TBNRthink|265|1256\n|teamsize|p1|6\n|teamsize|p2|6\n|gen|9\n|tier|[Gen 9] OU\n|rated|\n|rule|Sleep Clause Mod: Limit one foe put to sleep\n|rule|Species Clause: Limit one of each Pok\u00e9mon\n|rule|OHKO Clause: OHKO moves are banned\n|rule|Evasion Items Clause: Evasion items are banned\n|rule|Evasion Moves Clause: Evasion moves are banned\n|rule|Endless Battle Clause: Forcing endless battles is banned\n|rule|HP Percentage Mod: HP is shown in percentages\n|clearpoke\n|poke|p1|Blissey, F|\n|poke|p1|Ting-Lu|\n|poke|p1|Chesnaught, M|\n|poke|p1|Skeledirge, F|\n|poke|p1|Mandibuzz, F|\n|poke|p1|Garganacl, F|\n|poke|p2|Manaphy|\n|poke|p2|Kingambit, F|\n|poke|p2|Ogerpon-Wellspring, F|\n|poke|p2|Iron Moth|\n|poke|p2|Gholdengo|\n|poke|p2|Ribombee, F|\n|teampreview\n|inactive|Battle timer is ON: inactive players will automatically lose when time's up. (requested by TBNRthink)\n|\n|t:|1701189660\n|start\n|switch|p1a: Skeledirge|Skeledirge, F|100\/100\n|switch|p2a: wildfiree|Ribombee, F|100\/100\n|turn|1\n|\n|t:|1701189667\n|move|p2a: wildfiree|Sticky Web|p1a: Skeledirge\n|-sidestart|p1: fropop2|move: Sticky Web\n|move|p1a: Skeledirge|Torch Song|p2a: wildfiree\n|-supereffective|p2a: wildfiree\n|-enditem|p2a: wildfiree|Focus Sash\n|-damage|p2a: wildfiree|1\/100\n|-boost|p1a: Skeledirge|spa|1\n|\n|upkeep\n|turn|2\n|\n|t:|1701189678\n|move|p2a: wildfiree|Stun Spore|p1a: Skeledirge\n|-status|p1a: Skeledirge|par\n|cant|p1a: Skeledirge|par\n|\n|upkeep\n|turn|3\n|\n|t:|1701189696\n|move|p2a: wildfiree|Psychic|p1a: Skeledirge\n|-damage|p1a: Skeledirge|83\/100 par\n|move|p1a: Skeledirge|Torch Song|p2a: wildfiree\n|-supereffective|p2a: wildfiree\n|-damage|p2a: wildfiree|0 fnt\n|-boost|p1a: Skeledirge|spa|1\n|faint|p2a: wildfiree\n|\n|upkeep\n|inactive|TBNRthink has 120 seconds left.\n|\n|t:|1701189719\n|switch|p2a: faya|Ogerpon-Wellspring, F|100\/100\n|turn|4\n|\n|t:|1701189734\n|switch|p1a: Chesnaught|Chesnaught, M|100\/100\n|-activate|p1a: Chesnaught|move: Sticky Web\n|-unboost|p1a: Chesnaught|spe|1\n|move|p2a: faya|Ivy Cudgel|p1a: Chesnaught|[anim] Ivy Cudgel Water\n|-resisted|p1a: Chesnaught\n|-crit|p1a: Chesnaught\n|-damage|p1a: Chesnaught|74\/100\n|\n|upkeep\n|turn|5\n|inactive|TBNRthink has 120 seconds left.\n|\n|t:|1701189763\n|move|p2a: faya|Swords Dance|p2a: faya\n|-boost|p2a: faya|atk|2\n|move|p1a: Chesnaught|Knock Off|p2a: faya\n|-damage|p2a: faya|78\/100\n|\n|upkeep\n|turn|6\n|inactive|TBNRthink has 120 seconds left.\n|\n|t:|1701189776\n|move|p2a: faya|Encore|p1a: Chesnaught\n|-start|p1a: Chesnaught|Encore\n|move|p1a: Chesnaught|Knock Off|p2a: faya\n|-damage|p2a: faya|59\/100\n|\n|upkeep\n|turn|7\n|\n|t:|1701189793\n|switch|p1a: Mandibuzz|Mandibuzz, F|100\/100\n|move|p2a: faya|Swords Dance|p2a: faya\n|-boost|p2a: faya|atk|2\n|\n|upkeep\n|turn|8\n|inactive|fropop2 has 120 seconds left.\n|\n|t:|1701189818\n|-terastallize|p2a: faya|Water\n|detailschange|p2a: faya|Ogerpon-Wellspring-Tera, F, tera:Water\n|-ability|p2a: faya|Embody Aspect (Wellspring)|boost\n|-boost|p2a: faya|spd|1\n|move|p2a: faya|Ivy Cudgel|p1a: Mandibuzz|[anim] Ivy Cudgel Water\n|-damage|p1a: Mandibuzz|0 fnt\n|faint|p1a: Mandibuzz\n|\n|upkeep\n|inactive|fropop2 has 120 seconds left.\n|\n|t:|1701189832\n|switch|p1a: Skeledirge|Skeledirge, F|83\/100 par\n|turn|9\n|\n|t:|1701189855\n|-terastallize|p1a: Skeledirge|Water\n|move|p2a: faya|Ivy Cudgel|p1a: Skeledirge|[anim] Ivy Cudgel Water\n|-resisted|p1a: Skeledirge\n|-damage|p1a: Skeledirge|50\/100 par\n|move|p1a: Skeledirge|Will-O-Wisp|p2a: faya\n|-status|p2a: faya|brn\n|\n|-damage|p2a: faya|53\/100 brn|[from] brn\n|upkeep\n|turn|10\n|\n|t:|1701189867\n|move|p2a: faya|Trailblaze|p1a: Skeledirge\n|-supereffective|p1a: Skeledirge\n|-damage|p1a: Skeledirge|27\/100 par\n|-boost|p2a: faya|spe|1\n|move|p1a: Skeledirge|Slack Off|p1a: Skeledirge\n|-heal|p1a: Skeledirge|77\/100 par\n|\n|-damage|p2a: faya|47\/100 brn|[from] brn\n|upkeep\n|turn|11\n|\n|t:|1701189878\n|move|p2a: faya|Encore|p1a: Skeledirge\n|-start|p1a: Skeledirge|Encore\n|move|p1a: Skeledirge|Slack Off|p1a: Skeledirge\n|-heal|p1a: Skeledirge|100\/100 par\n|\n|-damage|p2a: faya|41\/100 brn|[from] brn\n|upkeep\n|turn|12\n|inactive|fropop2 has 120 seconds left.\n|\n|t:|1701189895\n|switch|p2a: HPDARKEAGLE|Manaphy|100\/100\n|cant|p1a: Skeledirge|par\n|\n|upkeep\n|turn|13\n|\n|t:|1701189902\n|switch|p1a: Blissey|Blissey, F|100\/100\n|-activate|p1a: Blissey|move: Sticky Web\n|-unboost|p1a: Blissey|spe|1\n|move|p2a: HPDARKEAGLE|Tail Glow|p2a: HPDARKEAGLE\n|-boost|p2a: HPDARKEAGLE|spa|3\n|\n|upkeep\n|turn|14\n|\n|t:|1701189912\n|move|p2a: HPDARKEAGLE|Surf|p1a: Blissey\n|-damage|p1a: Blissey|72\/100\n|move|p1a: Blissey|Calm Mind|p1a: Blissey\n|-boost|p1a: Blissey|spa|1\n|-boost|p1a: Blissey|spd|1\n|\n|-heal|p1a: Blissey|78\/100|[from] item: Leftovers\n|upkeep\n|turn|15\n|\n|t:|1701189927\n|switch|p2a: faya|Ogerpon-Wellspring-Tera, F, tera:Water|41\/100 brn\n|-ability|p2a: faya|Embody Aspect (Wellspring)|boost\n|-boost|p2a: faya|spd|1\n|move|p1a: Blissey|Seismic Toss|p2a: faya\n|-damage|p2a: faya|7\/100 brn\n|\n|-heal|p1a: Blissey|84\/100|[from] item: Leftovers\n|-damage|p2a: faya|1\/100 brn|[from] brn\n|upkeep\n|turn|16\n|\n|t:|1701189944\n|switch|p1a: Skeledirge|Skeledirge, F, tera:Water|100\/100 par\n|move|p2a: faya|Ivy Cudgel|p1a: Skeledirge|[anim] Ivy Cudgel Water\n|-resisted|p1a: Skeledirge\n|-damage|p1a: Skeledirge|85\/100 par\n|\n|-damage|p2a: faya|0 fnt|[from] brn\n|faint|p2a: faya\n|upkeep\n|inactive|TBNRthink has 120 seconds left.\n|\n|t:|1701189974\n|switch|p2a: HPDARKEAGLE|Manaphy|100\/100\n|turn|17\n|\n|t:|1701189981\n|move|p2a: HPDARKEAGLE|Energy Ball|p1a: Skeledirge\n|-supereffective|p1a: Skeledirge\n|-damage|p1a: Skeledirge|47\/100 par\n|cant|p1a: Skeledirge|par\n|\n|upkeep\n|turn|18\n|\n|t:|1701189990\n|switch|p1a: Blissey|Blissey, F|84\/100\n|-activate|p1a: Blissey|move: Sticky Web\n|-unboost|p1a: Blissey|spe|1\n|move|p2a: HPDARKEAGLE|Energy Ball|p1a: Blissey\n|-damage|p1a: Blissey|75\/100\n|\n|-heal|p1a: Blissey|81\/100|[from] item: Leftovers\n|upkeep\n|turn|19\n|\n|t:|1701190003\n|switch|p2a: awyp|Kingambit, F|100\/100\n|-activate|p2a: awyp|ability: Supreme Overlord\n|-start|p2a: awyp|fallen2|[silent]\n|move|p1a: Blissey|Heal Bell|p1a: Blissey\n|-activate|p1a: Blissey|move: Heal Bell\n|-curestatus|p1: Skeledirge|par|[msg]\n|\n|-heal|p1a: Blissey|88\/100|[from] item: Leftovers\n|upkeep\n|turn|20\n|\n|t:|1701190016\n|switch|p1a: Chesnaught|Chesnaught, M|74\/100\n|-activate|p1a: Chesnaught|move: Sticky Web\n|-unboost|p1a: Chesnaught|spe|1\n|move|p2a: awyp|Swords Dance|p2a: awyp\n|-boost|p2a: awyp|atk|2\n|\n|upkeep\n|turn|21\n|\n|t:|1701190026\n|move|p2a: awyp|Sucker Punch||[still]\n|-fail|p2a: awyp\n|move|p1a: Chesnaught|Synthesis|p1a: Chesnaught\n|-heal|p1a: Chesnaught|100\/100\n|\n|upkeep\n|turn|22\n|\n|t:|1701190042\n|move|p2a: awyp|Kowtow Cleave|p1a: Chesnaught\n|-resisted|p1a: Chesnaught\n|-crit|p1a: Chesnaught\n|-damage|p1a: Chesnaught|40\/100\n|-damage|p2a: awyp|84\/100|[from] item: Rocky Helmet|[of] p1a: Chesnaught\n|move|p1a: Chesnaught|Body Press|p2a: awyp\n|-supereffective|p2a: awyp\n|-damage|p2a: awyp|0 fnt\n|faint|p2a: awyp\n|-end|p2a: awyp|fallen2|[silent]\n|\n|upkeep\n|\n|t:|1701190054\n|switch|p2a: wessin|Gholdengo|100\/100\n|-item|p2a: wessin|Air Balloon\n|turn|23\n|\n|t:|1701190062\n|switch|p1a: Blissey|Blissey, F|88\/100\n|-activate|p1a: Blissey|move: Sticky Web\n|-unboost|p1a: Blissey|spe|1\n|move|p2a: wessin|Nasty Plot|p2a: wessin\n|-boost|p2a: wessin|spa|2\n|\n|-heal|p1a: Blissey|94\/100|[from] item: Leftovers\n|upkeep\n|turn|24\n|\n|t:|1701190073\n|move|p2a: wessin|Focus Blast|p1a: Blissey\n|-supereffective|p1a: Blissey\n|-damage|p1a: Blissey|37\/100\n|move|p1a: Blissey|Calm Mind|p1a: Blissey\n|-boost|p1a: Blissey|spa|1\n|-boost|p1a: Blissey|spd|1\n|\n|-heal|p1a: Blissey|43\/100|[from] item: Leftovers\n|upkeep\n|turn|25\n|\n|t:|1701190087\n|move|p2a: wessin|Focus Blast|p1a: Blissey\n|-supereffective|p1a: Blissey\n|-damage|p1a: Blissey|10\/100\n|move|p1a: Blissey|Soft-Boiled|p1a: Blissey\n|-heal|p1a: Blissey|60\/100\n|\n|-heal|p1a: Blissey|66\/100|[from] item: Leftovers\n|upkeep\n|turn|26\n|\n|t:|1701190096\n|move|p2a: wessin|Nasty Plot|p2a: wessin\n|-boost|p2a: wessin|spa|2\n|move|p1a: Blissey|Calm Mind|p1a: Blissey\n|-boost|p1a: Blissey|spa|1\n|-boost|p1a: Blissey|spd|1\n|\n|-heal|p1a: Blissey|72\/100|[from] item: Leftovers\n|upkeep\n|turn|27\n|\n|t:|1701190119\n|move|p2a: wessin|Nasty Plot|p2a: wessin\n|-boost|p2a: wessin|spa|2\n|move|p1a: Blissey|Calm Mind|p1a: Blissey\n|-boost|p1a: Blissey|spa|1\n|-boost|p1a: Blissey|spd|1\n|\n|-heal|p1a: Blissey|78\/100|[from] item: Leftovers\n|upkeep\n|turn|28\n|\n|t:|1701190129\n|move|p2a: wessin|Nasty Plot|p2a: wessin\n|-boost|p2a: wessin|spa|0\n|move|p1a: Blissey|Calm Mind|p1a: Blissey\n|-boost|p1a: Blissey|spa|1\n|-boost|p1a: Blissey|spd|1\n|\n|-heal|p1a: Blissey|84\/100|[from] item: Leftovers\n|upkeep\n|turn|29\n|\n|t:|1701190139\n|move|p2a: wessin|Focus Blast|p1a: Blissey|[miss]\n|-miss|p2a: wessin|p1a: Blissey\n|move|p1a: Blissey|Seismic Toss|p2a: wessin\n|-immune|p2a: wessin\n|\n|-heal|p1a: Blissey|90\/100|[from] item: Leftovers\n|upkeep\n|turn|30\n|\n|t:|1701190151\n|move|p2a: wessin|Nasty Plot|p2a: wessin\n|-boost|p2a: wessin|spa|0\n|move|p1a: Blissey|Calm Mind|p1a: Blissey\n|-boost|p1a: Blissey|spa|1\n|-boost|p1a: Blissey|spd|1\n|\n|-heal|p1a: Blissey|97\/100|[from] item: Leftovers\n|upkeep\n|turn|31\n|\n|t:|1701190176\n|move|p2a: wessin|Nasty Plot|p2a: wessin\n|-boost|p2a: wessin|spa|0\n|move|p1a: Blissey|Calm Mind|p1a: Blissey\n|-boost|p1a: Blissey|spa|1\n|-boost|p1a: Blissey|spd|1\n|\n|-heal|p1a: Blissey|100\/100|[from] item: Leftovers\n|upkeep\n|turn|32\n|\n|t:|1701190186\n|move|p2a: wessin|Nasty Plot|p2a: wessin\n|-boost|p2a: wessin|spa|0\n|move|p1a: Blissey|Seismic Toss|p2a: wessin\n|-immune|p2a: wessin\n|\n|upkeep\n|turn|33\n|\n|t:|1701190198\n|move|p2a: wessin|Nasty Plot|p2a: wessin\n|-boost|p2a: wessin|spa|0\n|move|p1a: Blissey|Seismic Toss|p2a: wessin\n|-immune|p2a: wessin\n|\n|upkeep\n|turn|34\n|\n|t:|1701190205\n|move|p2a: wessin|Focus Blast|p1a: Blissey\n|-supereffective|p1a: Blissey\n|-damage|p1a: Blissey|72\/100\n|move|p1a: Blissey|Calm Mind|p1a: Blissey\n|-boost|p1a: Blissey|spa|0\n|-boost|p1a: Blissey|spd|0\n|\n|-heal|p1a: Blissey|78\/100|[from] item: Leftovers\n|upkeep\n|turn|35\n|\n|t:|1701190218\n|move|p2a: wessin|Focus Blast|p1a: Blissey|[miss]\n|-miss|p2a: wessin|p1a: Blissey\n|move|p1a: Blissey|Seismic Toss|p2a: wessin\n|-immune|p2a: wessin\n|\n|-heal|p1a: Blissey|84\/100|[from] item: Leftovers\n|upkeep\n|turn|36\n|\n|t:|1701190238\n|move|p2a: wessin|Make It Rain|p1a: Blissey\n|-damage|p1a: Blissey|66\/100\n|-unboost|p2a: wessin|spa|1\n|move|p1a: Blissey|Seismic Toss|p2a: wessin\n|-immune|p2a: wessin\n|\n|-heal|p1a: Blissey|72\/100|[from] item: Leftovers\n|upkeep\n|turn|37\n|c|\u2606TBNRthink|this is fun\n|\n|t:|1701190253\n|move|p2a: wessin|Make It Rain|p1a: Blissey\n|-damage|p1a: Blissey|56\/100\n|-unboost|p2a: wessin|spa|1\n|move|p1a: Blissey|Calm Mind|p1a: Blissey\n|-boost|p1a: Blissey|spa|0\n|-boost|p1a: Blissey|spd|0\n|\n|-heal|p1a: Blissey|62\/100|[from] item: Leftovers\n|upkeep\n|turn|38\n|\n|t:|1701190275\n|move|p2a: wessin|Shadow Ball|p1a: Blissey\n|-immune|p1a: Blissey\n|move|p1a: Blissey|Soft-Boiled|p1a: Blissey\n|-heal|p1a: Blissey|100\/100\n|\n|upkeep\n|turn|39\n|\n|t:|1701190287\n|move|p2a: wessin|Nasty Plot|p2a: wessin\n|-boost|p2a: wessin|spa|2\n|move|p1a: Blissey|Calm Mind|p1a: Blissey\n|-boost|p1a: Blissey|spa|0\n|-boost|p1a: Blissey|spd|0\n|\n|upkeep\n|turn|40\n|\n|t:|1701190300\n|move|p2a: wessin|Shadow Ball|p1a: Blissey\n|-immune|p1a: Blissey\n|move|p1a: Blissey|Calm Mind|p1a: Blissey\n|-boost|p1a: Blissey|spa|0\n|-boost|p1a: Blissey|spd|0\n|\n|upkeep\n|turn|41\n|inactive|TBNRthink has 120 seconds left.\n|\n|t:|1701190323\n|switch|p2a: scarlet|Iron Moth|100\/100\n|-enditem|p2a: scarlet|Booster Energy\n|-activate|p2a: scarlet|ability: Quark Drive|[fromitem]\n|-start|p2a: scarlet|quarkdrivespe\n|move|p1a: Blissey|Calm Mind|p1a: Blissey\n|-boost|p1a: Blissey|spa|0\n|-boost|p1a: Blissey|spd|0\n|\n|upkeep\n|turn|42\n|\n|t:|1701190331\n|move|p2a: scarlet|Substitute|p2a: scarlet\n|-start|p2a: scarlet|Substitute\n|-damage|p2a: scarlet|76\/100\n|move|p1a: Blissey|Seismic Toss|p2a: scarlet\n|-end|p2a: scarlet|Substitute\n|\n|upkeep\n|turn|43\n|\n|t:|1701190341\n|-end|p2a: scarlet|Quark Drive|[silent]\n|switch|p2a: wessin|Gholdengo|100\/100\n|-item|p2a: wessin|Air Balloon\n|move|p1a: Blissey|Seismic Toss|p2a: wessin\n|-immune|p2a: wessin\n|\n|upkeep\n|turn|44\n|\n|t:|1701190355\n|move|p2a: wessin|Shadow Ball|p1a: Blissey\n|-immune|p1a: Blissey\n|move|p1a: Blissey|Calm Mind|p1a: Blissey\n|-boost|p1a: Blissey|spa|0\n|-boost|p1a: Blissey|spd|0\n|\n|upkeep\n|turn|45\n|\n|t:|1701190373\n|switch|p1a: Ting-Lu|Ting-Lu|100\/100\n|-activate|p1a: Ting-Lu|move: Sticky Web\n|-unboost|p1a: Ting-Lu|spe|1\n|-ability|p1a: Ting-Lu|Vessel of Ruin\n|move|p2a: wessin|Shadow Ball|p1a: Ting-Lu\n|-resisted|p1a: Ting-Lu\n|-crit|p1a: Ting-Lu\n|-damage|p1a: Ting-Lu|87\/100\n|\n|-heal|p1a: Ting-Lu|93\/100|[from] item: Leftovers\n|upkeep\n|turn|46\n|\n|t:|1701190395\n|switch|p2a: scarlet|Iron Moth|76\/100\n|move|p1a: Ting-Lu|Spikes|p2a: scarlet\n|-sidestart|p2: TBNRthink|Spikes\n|\n|-heal|p1a: Ting-Lu|99\/100|[from] item: Leftovers\n|upkeep\n|turn|47\n|\n|t:|1701190403\n|move|p2a: scarlet|Dazzling Gleam|p1a: Ting-Lu\n|-supereffective|p1a: Ting-Lu\n|-damage|p1a: Ting-Lu|75\/100\n|move|p1a: Ting-Lu|Earthquake|p2a: scarlet\n|-supereffective|p2a: scarlet\n|-damage|p2a: scarlet|0 fnt\n|faint|p2a: scarlet\n|-end|p2a: scarlet|Quark Drive|[silent]\n|\n|-heal|p1a: Ting-Lu|82\/100|[from] item: Leftovers\n|upkeep\n|\n|t:|1701190405\n|switch|p2a: HPDARKEAGLE|Manaphy|100\/100\n|-damage|p2a: HPDARKEAGLE|88\/100|[from] Spikes\n|turn|48\n|\n|t:|1701190417\n|move|p2a: HPDARKEAGLE|Tail Glow|p2a: HPDARKEAGLE\n|-boost|p2a: HPDARKEAGLE|spa|3\n|move|p1a: Ting-Lu|Whirlwind|p2a: HPDARKEAGLE\n|drag|p2a: wessin|Gholdengo|100\/100\n|-item|p2a: wessin|Air Balloon\n|\n|-heal|p1a: Ting-Lu|88\/100|[from] item: Leftovers\n|upkeep\n|turn|49\n|\n|t:|1701190440\n|switch|p1a: Blissey|Blissey, F|100\/100\n|-activate|p1a: Blissey|move: Sticky Web\n|-unboost|p1a: Blissey|spe|1\n|move|p2a: wessin|Focus Blast|p1a: Blissey\n|-supereffective|p1a: Blissey\n|-damage|p1a: Blissey|75\/100\n|\n|-heal|p1a: Blissey|81\/100|[from] item: Leftovers\n|upkeep\n|turn|50\n|\n|t:|1701190463\n|move|p2a: wessin|Nasty Plot|p2a: wessin\n|-boost|p2a: wessin|spa|2\n|move|p1a: Blissey|Calm Mind|p1a: Blissey\n|-boost|p1a: Blissey|spa|1\n|-boost|p1a: Blissey|spd|1\n|\n|-heal|p1a: Blissey|87\/100|[from] item: Leftovers\n|upkeep\n|turn|51\n|\n|t:|1701190474\n|move|p2a: wessin|Nasty Plot|p2a: wessin\n|-boost|p2a: wessin|spa|2\n|move|p1a: Blissey|Heal Bell||[still]\n|-activate|p1a: Blissey|move: Heal Bell\n|-fail|p1a: Blissey\n|\n|-heal|p1a: Blissey|93\/100|[from] item: Leftovers\n|upkeep\n|turn|52\n|\n|t:|1701190483\n|move|p2a: wessin|Focus Blast|p1a: Blissey\n|-supereffective|p1a: Blissey\n|-damage|p1a: Blissey|39\/100\n|move|p1a: Blissey|Calm Mind|p1a: Blissey\n|-boost|p1a: Blissey|spa|1\n|-boost|p1a: Blissey|spd|1\n|\n|-heal|p1a: Blissey|45\/100|[from] item: Leftovers\n|upkeep\n|turn|53\n|\n|t:|1701190493\n|move|p2a: wessin|Focus Blast|p1a: Blissey\n|-supereffective|p1a: Blissey\n|-damage|p1a: Blissey|3\/100\n|move|p1a: Blissey|Soft-Boiled|p1a: Blissey\n|-heal|p1a: Blissey|53\/100\n|\n|-heal|p1a: Blissey|59\/100|[from] item: Leftovers\n|upkeep\n|turn|54\n|c|\u2606TBNRthink|gg\n|c|\u2606TBNRthink|nil this is boring lol\n|-message|TBNRthink forfeited.\n|\n|win|fropop2\n|raw|fropop2's rating: 1208 &rarr; <strong>1236<\/strong><br \/>(+28 for winning)\n|raw|TBNRthink's rating: 1256 &rarr; <strong>1228<\/strong><br \/>(-28 for losing)\n|l|\u2606TBNRthink\n","uploadtime":1701190527,"views":2,"p1id":"fropop2","p2id":"tbnrthink","formatid":"gen9ou","rating":1228,"private":0,"password":""}