{"id":"gen9ou-1994376153","p1":"haxxisntluck","p2":"georgiethefirst","format":"[Gen 9] OU","log":"|j|\u2606haxxisntluck\n|j|\u2606georgiethefirst\n|t:|1700436835\n|gametype|singles\n|player|p1|haxxisntluck|eusine-gen2|1463\n|player|p2|georgiethefirst|hiker-gen2|1558\n|teamsize|p1|6\n|teamsize|p2|6\n|gen|9\n|tier|[Gen 9] OU\n|rated|\n|rule|Sleep Clause Mod: Limit one foe put to sleep\n|rule|Species Clause: Limit one of each Pok\u00e9mon\n|rule|OHKO Clause: OHKO moves are banned\n|rule|Evasion Items Clause: Evasion items are banned\n|rule|Evasion Moves Clause: Evasion moves are banned\n|rule|Endless Battle Clause: Forcing endless battles is banned\n|rule|HP Percentage Mod: HP is shown in percentages\n|clearpoke\n|poke|p1|Dragonite, M|\n|poke|p1|Iron Valiant|\n|poke|p1|Glimmora, F|\n|poke|p1|Ninetales-Alola, M|\n|poke|p1|Kingambit, F|\n|poke|p1|Iron Moth|\n|poke|p2|Heatran, F|\n|poke|p2|Dragonite, M|\n|poke|p2|Rillaboom, M|\n|poke|p2|Great Tusk|\n|poke|p2|Garganacl, F|\n|poke|p2|Gholdengo|\n|teampreview\n|inactive|Battle timer is ON: inactive players will automatically lose when time's up. (requested by haxxisntluck)\n|\n|t:|1700436842\n|start\n|switch|p1a: Glimmora|Glimmora, F|100\/100\n|switch|p2a: Gholdengo|Gholdengo|100\/100\n|-item|p2a: Gholdengo|Air Balloon\n|turn|1\n|\n|t:|1700436847\n|move|p1a: Glimmora|Spikes|p2a: Gholdengo\n|-sidestart|p2: georgiethefirst|Spikes\n|move|p2a: Gholdengo|Shadow Ball|p1a: Glimmora\n|-damage|p1a: Glimmora|56\/100\n|\n|upkeep\n|turn|2\n|\n|t:|1700436851\n|move|p1a: Glimmora|Stealth Rock|p2a: Gholdengo\n|-sidestart|p2: georgiethefirst|move: Stealth Rock\n|move|p2a: Gholdengo|Make It Rain|p1a: Glimmora\n|-supereffective|p1a: Glimmora\n|-damage|p1a: Glimmora|0 fnt\n|-unboost|p2a: Gholdengo|spa|1\n|faint|p1a: Glimmora\n|\n|upkeep\n|\n|t:|1700436853\n|switch|p1a: Kingambit|Kingambit, F|100\/100\n|-activate|p1a: Kingambit|ability: Supreme Overlord\n|-start|p1a: Kingambit|fallen1|[silent]\n|turn|3\n|\n|t:|1700436863\n|switch|p2a: Great Tusk|Great Tusk|100\/100\n|-damage|p2a: Great Tusk|88\/100|[from] Spikes\n|-damage|p2a: Great Tusk|85\/100|[from] Stealth Rock\n|-enditem|p2a: Great Tusk|Booster Energy\n|-activate|p2a: Great Tusk|ability: Protosynthesis|[fromitem]\n|-start|p2a: Great Tusk|protosynthesisspe\n|-end|p1a: Kingambit|fallen1|[silent]\n|switch|p1a: Iron Valiant|Iron Valiant|100\/100\n|\n|upkeep\n|turn|4\n|j| Exotic64\n|c| Exotic64|\"cheesed\"\n|\n|t:|1700436875\n|-end|p2a: Great Tusk|Protosynthesis|[silent]\n|switch|p2a: Heatran|Heatran, F|100\/100\n|-damage|p2a: Heatran|88\/100|[from] Spikes\n|-damage|p2a: Heatran|76\/100|[from] Stealth Rock\n|move|p1a: Iron Valiant|Moonblast|p2a: Heatran\n|-resisted|p2a: Heatran\n|-damage|p2a: Heatran|63\/100\n|\n|-heal|p2a: Heatran|70\/100|[from] item: Leftovers\n|upkeep\n|turn|5\n|\n|t:|1700436883\n|-end|p1a: Iron Valiant|Quark Drive|[silent]\n|switch|p1a: Dragonite|Dragonite, M|100\/100\n|move|p2a: Heatran|Magma Storm|p1a: Dragonite\n|-resisted|p1a: Dragonite\n|-damage|p1a: Dragonite|90\/100\n|-activate|p1a: Dragonite|move: Magma Storm|[of] p2a: Heatran\n|\n|-heal|p2a: Heatran|76\/100|[from] item: Leftovers\n|-damage|p1a: Dragonite|78\/100|[from] move: Magma Storm|[partiallytrapped]\n|upkeep\n|turn|6\n|\n|t:|1700436889\n|move|p2a: Heatran|Protect|p2a: Heatran\n|-singleturn|p2a: Heatran|Protect\n|move|p1a: Dragonite|Roost|p1a: Dragonite\n|-heal|p1a: Dragonite|100\/100\n|-singleturn|p1a: Dragonite|move: Roost\n|\n|-heal|p2a: Heatran|82\/100|[from] item: Leftovers\n|-damage|p1a: Dragonite|88\/100|[from] move: Magma Storm|[partiallytrapped]\n|upkeep\n|turn|7\n|\n|t:|1700436894\n|switch|p2a: Great Tusk|Great Tusk|85\/100\n|-damage|p2a: Great Tusk|73\/100|[from] Spikes\n|-damage|p2a: Great Tusk|70\/100|[from] Stealth Rock\n|move|p1a: Dragonite|Earthquake|p2a: Great Tusk\n|-damage|p2a: Great Tusk|44\/100\n|\n|-end|p1a: Dragonite|Magma Storm|[partiallytrapped]|[silent]\n|upkeep\n|turn|8\n|\n|t:|1700436900\n|move|p2a: Great Tusk|Rapid Spin|p1a: Dragonite\n|-damage|p1a: Dragonite|75\/100\n|-boost|p2a: Great Tusk|spe|1\n|-sideend|p2: georgiethefirst|Spikes|[from] move: Rapid Spin|[of] p2a: Great Tusk\n|-sideend|p2: georgiethefirst|Stealth Rock|[from] move: Rapid Spin|[of] p2a: Great Tusk\n|move|p1a: Dragonite|Dragon Dance|p1a: Dragonite\n|-boost|p1a: Dragonite|atk|1\n|-boost|p1a: Dragonite|spe|1\n|\n|upkeep\n|turn|9\n|\n|t:|1700436911\n|-terastallize|p1a: Dragonite|Normal\n|move|p1a: Dragonite|Extreme Speed|p2a: Great Tusk\n|-damage|p2a: Great Tusk|0 fnt\n|faint|p2a: Great Tusk\n|-end|p2a: Great Tusk|Protosynthesis|[silent]\n|\n|upkeep\n|\n|t:|1700436915\n|switch|p2a: Gholdengo|Gholdengo|100\/100\n|-item|p2a: Gholdengo|Air Balloon\n|turn|10\n|\n|t:|1700436920\n|move|p1a: Dragonite|Roost|p1a: Dragonite\n|-heal|p1a: Dragonite|100\/100\n|move|p2a: Gholdengo|Make It Rain|p1a: Dragonite\n|-damage|p1a: Dragonite|75\/100\n|-unboost|p2a: Gholdengo|spa|1\n|\n|upkeep\n|turn|11\n|\n|t:|1700436923\n|move|p1a: Dragonite|Roost|p1a: Dragonite\n|-heal|p1a: Dragonite|100\/100\n|move|p2a: Gholdengo|Nasty Plot|p2a: Gholdengo\n|-boost|p2a: Gholdengo|spa|2\n|\n|upkeep\n|turn|12\n|j| Bad Players\n|\n|t:|1700436927\n|switch|p1a: Kingambit|Kingambit, F|100\/100\n|-activate|p1a: Kingambit|ability: Supreme Overlord\n|-start|p1a: Kingambit|fallen1|[silent]\n|move|p2a: Gholdengo|Make It Rain|p1a: Kingambit\n|-resisted|p1a: Kingambit\n|-damage|p1a: Kingambit|57\/100\n|-unboost|p2a: Gholdengo|spa|1\n|\n|upkeep\n|turn|13\n|\n|t:|1700436935\n|switch|p2a: Literally me|Dragonite, M|100\/100\n|move|p1a: Kingambit|Kowtow Cleave|p2a: Literally me\n|-damage|p2a: Literally me|74\/100\n|\n|upkeep\n|turn|14\n|\n|t:|1700436940\n|-end|p1a: Kingambit|fallen1|[silent]\n|switch|p1a: Ninetales|Ninetales-Alola, M|100\/100\n|-weather|Snow|[from] ability: Snow Warning|[of] p1a: Ninetales\n|move|p2a: Literally me|Roost|p2a: Literally me\n|-heal|p2a: Literally me|100\/100\n|-singleturn|p2a: Literally me|move: Roost\n|\n|-weather|Snow|[upkeep]\n|upkeep\n|turn|15\n|\n|t:|1700436943\n|switch|p2a: Garganacl|Garganacl, F|100\/100\n|move|p1a: Ninetales|Encore||[still]\n|-fail|p1a: Ninetales\n|\n|-weather|Snow|[upkeep]\n|upkeep\n|turn|16\n|\n|t:|1700436947\n|move|p1a: Ninetales|Aurora Veil|p1a: Ninetales\n|-sidestart|p1: haxxisntluck|move: Aurora Veil\n|move|p2a: Garganacl|Stealth Rock|p1a: Ninetales\n|-sidestart|p1: haxxisntluck|move: Stealth Rock\n|\n|-weather|Snow|[upkeep]\n|upkeep\n|turn|17\n|\n|t:|1700436951\n|switch|p1a: Iron Valiant|Iron Valiant|100\/100\n|-damage|p1a: Iron Valiant|94\/100|[from] Stealth Rock\n|switch|p2a: Heatran|Heatran, F|82\/100\n|\n|-weather|Snow|[upkeep]\n|-heal|p2a: Heatran|88\/100|[from] item: Leftovers\n|upkeep\n|turn|18\n|\n|t:|1700436959\n|move|p2a: Heatran|Protect|p2a: Heatran\n|-singleturn|p2a: Heatran|Protect\n|move|p1a: Iron Valiant|Aura Sphere|p2a: Heatran\n|-activate|p2a: Heatran|move: Protect\n|\n|-weather|none\n|-heal|p2a: Heatran|95\/100|[from] item: Leftovers\n|upkeep\n|turn|19\n|\n|t:|1700436963\n|-end|p1a: Iron Valiant|Quark Drive|[silent]\n|switch|p1a: Kingambit|Kingambit, F|57\/100\n|-damage|p1a: Kingambit|50\/100|[from] Stealth Rock\n|-activate|p1a: Kingambit|ability: Supreme Overlord\n|-start|p1a: Kingambit|fallen1|[silent]\n|switch|p2a: Gholdengo|Gholdengo|100\/100\n|-item|p2a: Gholdengo|Air Balloon\n|\n|upkeep\n|turn|20\n|\n|t:|1700436970\n|switch|p2a: Literally me|Dragonite, M|100\/100\n|move|p1a: Kingambit|Kowtow Cleave|p2a: Literally me\n|-damage|p2a: Literally me|74\/100\n|\n|upkeep\n|turn|21\n|\n|t:|1700436976\n|move|p2a: Literally me|Roost|p2a: Literally me\n|-heal|p2a: Literally me|100\/100\n|-singleturn|p2a: Literally me|move: Roost\n|move|p1a: Kingambit|Swords Dance|p1a: Kingambit\n|-boost|p1a: Kingambit|atk|2\n|\n|upkeep\n|turn|22\n|\n|t:|1700436978\n|move|p2a: Literally me|Earthquake|p1a: Kingambit\n|-supereffective|p1a: Kingambit\n|-damage|p1a: Kingambit|22\/100\n|move|p1a: Kingambit|Kowtow Cleave|p2a: Literally me\n|-damage|p2a: Literally me|46\/100\n|\n|upkeep\n|turn|23\n|\n|t:|1700436987\n|move|p2a: Literally me|Earthquake|p1a: Kingambit\n|-supereffective|p1a: Kingambit\n|-damage|p1a: Kingambit|0 fnt\n|faint|p1a: Kingambit\n|-end|p1a: Kingambit|fallen1|[silent]\n|\n|-sideend|p1: haxxisntluck|move: Aurora Veil\n|upkeep\n|\n|t:|1700436996\n|switch|p1a: Iron Valiant|Iron Valiant|94\/100\n|-damage|p1a: Iron Valiant|88\/100|[from] Stealth Rock\n|turn|24\n|\n|t:|1700437007\n|switch|p2a: Heatran|Heatran, F|95\/100\n|move|p1a: Iron Valiant|Aura Sphere|p2a: Heatran\n|-supereffective|p2a: Heatran\n|-damage|p2a: Heatran|7\/100\n|\n|-heal|p2a: Heatran|13\/100|[from] item: Leftovers\n|upkeep\n|turn|25\n|j| eXgirlXjeze\n|\n|t:|1700437017\n|-end|p1a: Iron Valiant|Quark Drive|[silent]\n|switch|p1a: Dragonite|Dragonite, M, tera:Normal|100\/100\n|move|p2a: Heatran|Magma Storm|p1a: Dragonite\n|-damage|p1a: Dragonite|80\/100\n|-activate|p1a: Dragonite|move: Magma Storm|[of] p2a: Heatran\n|\n|-heal|p2a: Heatran|20\/100|[from] item: Leftovers\n|-damage|p1a: Dragonite|68\/100|[from] move: Magma Storm|[partiallytrapped]\n|upkeep\n|turn|26\n|\n|t:|1700437024\n|move|p1a: Dragonite|Dragon Dance|p1a: Dragonite\n|-boost|p1a: Dragonite|atk|1\n|-boost|p1a: Dragonite|spe|1\n|move|p2a: Heatran|Earth Power|p1a: Dragonite\n|-damage|p1a: Dragonite|42\/100\n|\n|-heal|p2a: Heatran|26\/100|[from] item: Leftovers\n|-damage|p1a: Dragonite|30\/100|[from] move: Magma Storm|[partiallytrapped]\n|upkeep\n|turn|27\n|\n|t:|1700437028\n|move|p1a: Dragonite|Roost|p1a: Dragonite\n|-heal|p1a: Dragonite|80\/100\n|move|p2a: Heatran|Taunt|p1a: Dragonite\n|-start|p1a: Dragonite|move: Taunt\n|\n|-heal|p2a: Heatran|32\/100|[from] item: Leftovers\n|-damage|p1a: Dragonite|68\/100|[from] move: Magma Storm|[partiallytrapped]\n|upkeep\n|turn|28\n|\n|t:|1700437032\n|move|p2a: Heatran|Protect|p2a: Heatran\n|-singleturn|p2a: Heatran|Protect\n|move|p1a: Dragonite|Earthquake|p2a: Heatran\n|-activate|p2a: Heatran|move: Protect\n|\n|-heal|p2a: Heatran|38\/100|[from] item: Leftovers\n|-damage|p1a: Dragonite|56\/100|[from] move: Magma Storm|[partiallytrapped]\n|upkeep\n|turn|29\n|\n|t:|1700437035\n|switch|p2a: Gholdengo|Gholdengo|100\/100\n|-item|p2a: Gholdengo|Air Balloon\n|move|p1a: Dragonite|Earthquake|p2a: Gholdengo\n|-immune|p2a: Gholdengo\n|\n|-end|p1a: Dragonite|Magma Storm|[partiallytrapped]\n|upkeep\n|turn|30\n|\n|t:|1700437041\n|switch|p1a: Ninetales|Ninetales-Alola, M|100\/100\n|-damage|p1a: Ninetales|76\/100|[from] Stealth Rock\n|-weather|Snow|[from] ability: Snow Warning|[of] p1a: Ninetales\n|move|p2a: Gholdengo|Shadow Ball|p1a: Ninetales\n|-damage|p1a: Ninetales|43\/100\n|\n|-weather|Snow|[upkeep]\n|upkeep\n|turn|31\n|\n|t:|1700437045\n|switch|p2a: Heatran|Heatran, F|38\/100\n|move|p1a: Ninetales|Aurora Veil|p1a: Ninetales\n|-sidestart|p1: haxxisntluck|move: Aurora Veil\n|\n|-weather|Snow|[upkeep]\n|-heal|p2a: Heatran|45\/100|[from] item: Leftovers\n|upkeep\n|turn|32\n|\n|t:|1700437056\n|move|p1a: Ninetales|Moonblast|p2a: Heatran\n|-resisted|p2a: Heatran\n|-damage|p2a: Heatran|40\/100\n|move|p2a: Heatran|Magma Storm|p1a: Ninetales\n|-supereffective|p1a: Ninetales\n|-damage|p1a: Ninetales|2\/100\n|-activate|p1a: Ninetales|move: Magma Storm|[of] p2a: Heatran\n|\n|-weather|Snow|[upkeep]\n|-heal|p2a: Heatran|46\/100|[from] item: Leftovers\n|-damage|p1a: Ninetales|0 fnt|[from] move: Magma Storm|[partiallytrapped]\n|faint|p1a: Ninetales\n|upkeep\n|\n|t:|1700437058\n|switch|p1a: Dragonite|Dragonite, M, tera:Normal|56\/100\n|turn|33\n|\n|t:|1700437064\n|switch|p1a: Iron Moth|Iron Moth|100\/100\n|-damage|p1a: Iron Moth|76\/100|[from] Stealth Rock\n|-enditem|p1a: Iron Moth|Booster Energy\n|-activate|p1a: Iron Moth|ability: Quark Drive|[fromitem]\n|-start|p1a: Iron Moth|quarkdrivespe\n|move|p2a: Heatran|Protect||[still]\n|-fail|p2a: Heatran\n|\n|-weather|Snow|[upkeep]\n|-heal|p2a: Heatran|52\/100|[from] item: Leftovers\n|upkeep\n|turn|34\n|\n|t:|1700437068\n|move|p1a: Iron Moth|Substitute|p1a: Iron Moth\n|-start|p1a: Iron Moth|Substitute\n|-damage|p1a: Iron Moth|51\/100\n|move|p2a: Heatran|Earth Power|p1a: Iron Moth\n|-supereffective|p1a: Iron Moth\n|-end|p1a: Iron Moth|Substitute\n|\n|-weather|none\n|-heal|p2a: Heatran|59\/100|[from] item: Leftovers\n|upkeep\n|turn|35\n|\n|t:|1700437072\n|-end|p1a: Iron Moth|Quark Drive|[silent]\n|switch|p1a: Iron Valiant|Iron Valiant|88\/100\n|-damage|p1a: Iron Valiant|82\/100|[from] Stealth Rock\n|move|p2a: Heatran|Earth Power|p1a: Iron Valiant\n|-damage|p1a: Iron Valiant|57\/100\n|\n|-heal|p2a: Heatran|65\/100|[from] item: Leftovers\n|upkeep\n|turn|36\n|l| eXgirlXjeze\n|\n|t:|1700437075\n|move|p2a: Heatran|Protect|p2a: Heatran\n|-singleturn|p2a: Heatran|Protect\n|move|p1a: Iron Valiant|Thunderbolt|p2a: Heatran\n|-activate|p2a: Heatran|move: Protect\n|\n|-heal|p2a: Heatran|71\/100|[from] item: Leftovers\n|upkeep\n|turn|37\n|\n|t:|1700437080\n|move|p1a: Iron Valiant|Thunderbolt|p2a: Heatran\n|-damage|p2a: Heatran|41\/100\n|move|p2a: Heatran|Magma Storm|p1a: Iron Valiant\n|-damage|p1a: Iron Valiant|19\/100\n|-activate|p1a: Iron Valiant|move: Magma Storm|[of] p2a: Heatran\n|\n|-heal|p2a: Heatran|47\/100|[from] item: Leftovers\n|-damage|p1a: Iron Valiant|6\/100|[from] move: Magma Storm|[partiallytrapped]\n|upkeep\n|turn|38\n|-message|haxxisntluck forfeited.\n|\n|win|georgiethefirst\n|raw|haxxisntluck's rating: 1463 &rarr; <strong>1448<\/strong><br \/>(-15 for losing)\n|raw|georgiethefirst's rating: 1558 &rarr; <strong>1573<\/strong><br \/>(+15 for winning)\n|l|\u2606haxxisntluck\n","uploadtime":1700437088,"views":12,"p1id":"haxxisntluck","p2id":"georgiethefirst","formatid":"gen9ou","rating":1448,"private":0,"password":""}