{"id":"gen9ou-1996754132","p1":"FORDISCRAZYATMATH","p2":"Berrybeans","format":"[Gen 9] OU","log":"|j|\u2606FORDISCRAZYATMATH\n|j|\u2606Berrybeans\n|t:|1700719524\n|gametype|singles\n|player|p1|FORDISCRAZYATMATH|lucas|\n|player|p2|Berrybeans|candice|\n|teamsize|p1|6\n|teamsize|p2|6\n|gen|9\n|tier|[Gen 9] OU\n|rule|Sleep Clause Mod: Limit one foe put to sleep\n|rule|Species Clause: Limit one of each Pok\u00e9mon\n|rule|OHKO Clause: OHKO moves are banned\n|rule|Evasion Items Clause: Evasion items are banned\n|rule|Evasion Moves Clause: Evasion moves are banned\n|rule|Endless Battle Clause: Forcing endless battles is banned\n|rule|HP Percentage Mod: HP is shown in percentages\n|clearpoke\n|poke|p1|Amoonguss, F|\n|poke|p1|Slaking, M|\n|poke|p1|Gengar, F|\n|poke|p1|Arcanine-Hisui, F|\n|poke|p1|Corviknight, F|\n|poke|p1|Greninja-*, M|\n|poke|p2|Glimmora, M|\n|poke|p2|Dragonite, M|\n|poke|p2|Landorus-Therian, M|\n|poke|p2|Kingambit, F|\n|poke|p2|Rillaboom, F|\n|poke|p2|Ogerpon-Wellspring, F|\n|teampreview\n|c|\u2606Berrybeans|GLHF\n|\n|t:|1700719544\n|start\n|switch|p1a: Arcanine|Arcanine-Hisui, F|100\/100\n|switch|p2a: Landorus|Landorus-Therian, M|100\/100\n|-ability|p1a: Arcanine|Intimidate|boost\n|-unboost|p2a: Landorus|atk|1\n|-ability|p2a: Landorus|Intimidate|boost\n|-unboost|p1a: Arcanine|atk|1\n|turn|1\n|\n|t:|1700719556\n|move|p1a: Arcanine|Dragon Pulse|p2a: Landorus\n|-damage|p2a: Landorus|80\/100\n|move|p2a: Landorus|Earthquake|p1a: Arcanine\n|-supereffective|p1a: Arcanine\n|-damage|p1a: Arcanine|0 fnt\n|faint|p1a: Arcanine\n|\n|upkeep\n|\n|t:|1700719564\n|switch|p1a: Greninja|Greninja, M|100\/100\n|turn|2\n|\n|t:|1700719569\n|switch|p2a: Ogerpon|Ogerpon-Wellspring, F|100\/100\n|move|p1a: Greninja|Surf|p2a: Ogerpon\n|-immune|p2a: Ogerpon|[from] ability: Water Absorb\n|\n|upkeep\n|turn|3\n|\n|t:|1700719584\n|switch|p1a: Slaking|Slaking, M|100\/100\n|move|p2a: Ogerpon|U-turn|p1a: Slaking\n|-damage|p1a: Slaking|83\/100\n|\n|t:|1700719589\n|switch|p2a: Landorus|Landorus-Therian, M|80\/100|[from] U-turn\n|-ability|p2a: Landorus|Intimidate|boost\n|-unboost|p1a: Slaking|atk|1\n|\n|upkeep\n|turn|4\n|\n|t:|1700719596\n|switch|p2a: Kingambit|Kingambit, F|100\/100\n|move|p1a: Slaking|Yawn|p2a: Kingambit\n|-start|p2a: Kingambit|move: Yawn|[of] p1a: Slaking\n|\n|upkeep\n|turn|5\n|\n|t:|1700719605\n|switch|p1a: Corviknight|Corviknight, F|100\/100\n|-end|p2a: Kingambit|fallenundefined|[silent]\n|switch|p2a: Landorus|Landorus-Therian, M|80\/100\n|-ability|p2a: Landorus|Intimidate|boost\n|-ability|p1a: Corviknight|Mirror Armor\n|-unboost|p2a: Landorus|atk|1\n|\n|upkeep\n|turn|6\n|\n|t:|1700719614\n|move|p2a: Landorus|Stealth Rock|p1a: Corviknight\n|-sidestart|p1: FORDISCRAZYATMATH|move: Stealth Rock\n|move|p1a: Corviknight|U-turn|p2a: Landorus\n|-resisted|p2a: Landorus\n|-damage|p2a: Landorus|75\/100\n|-damage|p1a: Corviknight|84\/100|[from] item: Rocky Helmet|[of] p2a: Landorus\n|\n|t:|1700719620\n|switch|p1a: Amoonguss|Amoonguss, F|100\/100|[from] U-turn\n|-damage|p1a: Amoonguss|88\/100|[from] Stealth Rock\n|\n|-heal|p1a: Amoonguss|94\/100|[from] item: Leftovers\n|upkeep\n|turn|7\n|\n|t:|1700719627\n|move|p2a: Landorus|U-turn|p1a: Amoonguss\n|-damage|p1a: Amoonguss|80\/100\n|\n|t:|1700719630\n|switch|p2a: Rillaboom|Rillaboom, F|100\/100|[from] U-turn\n|-fieldstart|move: Grassy Terrain|[from] ability: Grassy Surge|[of] p2a: Rillaboom\n|move|p1a: Amoonguss|Energy Ball|p2a: Rillaboom\n|-resisted|p2a: Rillaboom\n|-damage|p2a: Rillaboom|82\/100\n|\n|-heal|p2a: Rillaboom|89\/100|[from] Grassy Terrain\n|-heal|p1a: Amoonguss|86\/100|[from] Grassy Terrain\n|-heal|p1a: Amoonguss|92\/100|[from] item: Leftovers\n|upkeep\n|turn|8\n|\n|t:|1700719662\n|move|p2a: Rillaboom|Taunt|p1a: Amoonguss\n|-start|p1a: Amoonguss|move: Taunt\n|move|p1a: Amoonguss|Hex|p2a: Rillaboom\n|-damage|p2a: Rillaboom|74\/100\n|\n|-heal|p2a: Rillaboom|80\/100|[from] Grassy Terrain\n|-heal|p1a: Amoonguss|98\/100|[from] Grassy Terrain\n|-heal|p1a: Amoonguss|100\/100|[from] item: Leftovers\n|upkeep\n|turn|9\n|\n|t:|1700719676\n|move|p2a: Rillaboom|U-turn|p1a: Amoonguss\n|-damage|p1a: Amoonguss|72\/100\n|-damage|p2a: Rillaboom|70\/100|[from] item: Life Orb\n|\n|t:|1700719681\n|switch|p2a: Dragonite|Dragonite, M|100\/100|[from] U-turn\n|move|p1a: Amoonguss|Clear Smog|p2a: Dragonite\n|-damage|p2a: Dragonite|92\/100\n|-clearboost|p2a: Dragonite\n|\n|-heal|p1a: Amoonguss|78\/100|[from] Grassy Terrain\n|-heal|p1a: Amoonguss|84\/100|[from] item: Leftovers\n|upkeep\n|turn|10\n|\n|t:|1700719705\n|switch|p1a: Gengar|Gengar, F|100\/100\n|-damage|p1a: Gengar|88\/100|[from] Stealth Rock\n|move|p2a: Dragonite|Dragon Dance|p2a: Dragonite\n|-boost|p2a: Dragonite|atk|1\n|-boost|p2a: Dragonite|spe|1\n|\n|-heal|p1a: Gengar|94\/100|[from] Grassy Terrain\n|upkeep\n|turn|11\n|\n|t:|1700719713\n|move|p2a: Dragonite|Earthquake|p1a: Gengar\n|-supereffective|p1a: Gengar\n|-damage|p1a: Gengar|0 fnt\n|faint|p1a: Gengar\n|\n|-fieldend|move: Grassy Terrain\n|upkeep\n|\n|t:|1700719719\n|switch|p1a: Slaking|Slaking, M|83\/100\n|-damage|p1a: Slaking|70\/100|[from] Stealth Rock\n|turn|12\n|\n|t:|1700719725\n|-terastallize|p1a: Slaking|Normal\n|move|p2a: Dragonite|Outrage|p1a: Slaking\n|-damage|p1a: Slaking|0 fnt\n|faint|p1a: Slaking\n|\n|upkeep\n|\n|t:|1700719732\n|switch|p1a: Greninja|Greninja, M|100\/100\n|-damage|p1a: Greninja|88\/100|[from] Stealth Rock\n|turn|13\n|\n|t:|1700719737\n|move|p2a: Dragonite|Outrage|p1a: Greninja|[from]lockedmove\n|-damage|p1a: Greninja|0 fnt\n|faint|p1a: Greninja\n|-start|p2a: Dragonite|confusion|[fatigue]\n|\n|upkeep\n|\n|t:|1700719740\n|switch|p1a: Corviknight|Corviknight, F|84\/100\n|-damage|p1a: Corviknight|71\/100|[from] Stealth Rock\n|turn|14\n|\n|t:|1700719757\n|switch|p2a: Ogerpon|Ogerpon-Wellspring, F|100\/100\n|move|p1a: Corviknight|Hurricane|p2a: Ogerpon|[miss]\n|-miss|p1a: Corviknight|p2a: Ogerpon\n|\n|upkeep\n|turn|15\n|\n|t:|1700719765\n|move|p2a: Ogerpon|Ivy Cudgel|p1a: Corviknight|[anim] Ivy Cudgel Water\n|-damage|p1a: Corviknight|16\/100\n|move|p1a: Corviknight|Hurricane|p2a: Ogerpon\n|-supereffective|p2a: Ogerpon\n|-damage|p2a: Ogerpon|38\/100\n|-start|p2a: Ogerpon|confusion\n|\n|upkeep\n|turn|16\n|\n|t:|1700719773\n|-activate|p2a: Ogerpon|confusion\n|move|p2a: Ogerpon|Ivy Cudgel|p1a: Corviknight|[anim] Ivy Cudgel Water\n|-damage|p1a: Corviknight|0 fnt\n|faint|p1a: Corviknight\n|\n|upkeep\n|\n|t:|1700719777\n|switch|p1a: Amoonguss|Amoonguss, F|84\/100\n|-damage|p1a: Amoonguss|72\/100|[from] Stealth Rock\n|turn|17\n|\n|t:|1700719782\n|-activate|p2a: Ogerpon|confusion\n|-damage|p2a: Ogerpon|21\/100|[from] confusion\n|move|p1a: Amoonguss|Hex|p2a: Ogerpon\n|-damage|p2a: Ogerpon|6\/100\n|\n|-heal|p1a: Amoonguss|78\/100|[from] item: Leftovers\n|upkeep\n|turn|18\n|\n|t:|1700719790\n|switch|p2a: Kingambit|Kingambit, F|100\/100\n|move|p1a: Amoonguss|Hex|p2a: Kingambit\n|-resisted|p2a: Kingambit\n|-damage|p2a: Kingambit|93\/100\n|\n|-heal|p2a: Kingambit|99\/100|[from] item: Leftovers\n|-heal|p1a: Amoonguss|84\/100|[from] item: Leftovers\n|upkeep\n|turn|19\n|\n|t:|1700719799\n|move|p2a: Kingambit|Swords Dance|p2a: Kingambit\n|-boost|p2a: Kingambit|atk|2\n|move|p1a: Amoonguss|Substitute|p1a: Amoonguss\n|-start|p1a: Amoonguss|Substitute\n|-damage|p1a: Amoonguss|59\/100\n|\n|-heal|p2a: Kingambit|100\/100|[from] item: Leftovers\n|-heal|p1a: Amoonguss|65\/100|[from] item: Leftovers\n|upkeep\n|turn|20\n|\n|t:|1700719811\n|move|p2a: Kingambit|Sucker Punch|p1a: Amoonguss\n|-end|p1a: Amoonguss|Substitute\n|move|p1a: Amoonguss|Energy Ball|p2a: Kingambit\n|-resisted|p2a: Kingambit\n|-damage|p2a: Kingambit|86\/100\n|\n|-heal|p2a: Kingambit|92\/100|[from] item: Leftovers\n|-heal|p1a: Amoonguss|71\/100|[from] item: Leftovers\n|upkeep\n|turn|21\n|\n|t:|1700719820\n|move|p2a: Kingambit|Kowtow Cleave|p1a: Amoonguss\n|-damage|p1a: Amoonguss|0 fnt\n|faint|p1a: Amoonguss\n|\n|win|Berrybeans\n|c|\u2606Berrybeans|GG\n|l|\u2606FORDISCRAZYATMATH\n","uploadtime":1700719837,"views":11,"p1id":"fordiscrazyatmath","p2id":"berrybeans","formatid":"gen9ou","rating":0,"private":0,"password":""}