{"id":"gen9ou-1994126096","p1":"trvsXXX","p2":"Joker040921","format":"[Gen 9] OU","log":"|j|\u2606trvsXXX\n|j|\u2606Joker040921\n|t:|1700409961\n|gametype|singles\n|player|p1|trvsXXX|169|1073\n|player|p2|Joker040921|cynthia-gen7|1000\n|teamsize|p1|6\n|teamsize|p2|6\n|gen|9\n|tier|[Gen 9] OU\n|rated|\n|rule|Sleep Clause Mod: Limit one foe put to sleep\n|rule|Species Clause: Limit one of each Pok\u00e9mon\n|rule|OHKO Clause: OHKO moves are banned\n|rule|Evasion Items Clause: Evasion items are banned\n|rule|Evasion Moves Clause: Evasion moves are banned\n|rule|Endless Battle Clause: Forcing endless battles is banned\n|rule|HP Percentage Mod: HP is shown in percentages\n|clearpoke\n|poke|p1|Maushold|\n|poke|p1|Samurott-Hisui, M|\n|poke|p1|Kingambit, M|\n|poke|p1|Garganacl, M|\n|poke|p1|Amoonguss, M|\n|poke|p1|Weavile, F|\n|poke|p2|Great Tusk|\n|poke|p2|Iron Valiant|\n|poke|p2|Corviknight, F|\n|poke|p2|Gholdengo|\n|poke|p2|Heatran, M|\n|poke|p2|Sandy Shocks|\n|teampreview\n|inactive|Battle timer is ON: inactive players will automatically lose when time's up. (requested by trvsXXX)\n|\n|t:|1700409975\n|start\n|switch|p1a: Weavile|Weavile, F|100\/100\n|switch|p2a: Great Tusk|Great Tusk|100\/100\n|-ability|p1a: Weavile|Pressure\n|turn|1\n|\n|t:|1700409984\n|move|p1a: Weavile|Ice Spinner|p2a: Great Tusk\n|-supereffective|p2a: Great Tusk\n|-damage|p2a: Great Tusk|54\/100\n|move|p2a: Great Tusk|Stealth Rock|p1a: Weavile\n|-sidestart|p1: trvsXXX|move: Stealth Rock\n|\n|-heal|p2a: Great Tusk|61\/100|[from] item: Leftovers\n|upkeep\n|turn|2\n|\n|t:|1700409996\n|switch|p1a: Garganacl|Garganacl, M|100\/100\n|-damage|p1a: Garganacl|88\/100|[from] Stealth Rock\n|-end|p2a: Great Tusk|Protosynthesis|[silent]\n|switch|p2a: Heatran|Heatran, M|100\/100\n|-item|p2a: Heatran|Air Balloon\n|\n|-heal|p1a: Garganacl|94\/100|[from] item: Leftovers\n|upkeep\n|turn|3\n|\n|t:|1700410010\n|switch|p2a: Sandy Shocks|Sandy Shocks|100\/100\n|move|p1a: Garganacl|Salt Cure|p2a: Sandy Shocks\n|-resisted|p2a: Sandy Shocks\n|-damage|p2a: Sandy Shocks|92\/100\n|-start|p2a: Sandy Shocks|Salt Cure\n|\n|-heal|p1a: Garganacl|100\/100|[from] item: Leftovers\n|-damage|p2a: Sandy Shocks|80\/100|[from] Salt Cure\n|upkeep\n|turn|4\n|\n|t:|1700410019\n|move|p2a: Sandy Shocks|Sunny Day|p2a: Sandy Shocks\n|-weather|SunnyDay\n|-activate|p2a: Sandy Shocks|ability: Protosynthesis\n|-start|p2a: Sandy Shocks|protosynthesisspa\n|move|p1a: Garganacl|Body Press|p2a: Sandy Shocks\n|-damage|p2a: Sandy Shocks|54\/100\n|\n|-weather|SunnyDay|[upkeep]\n|-damage|p2a: Sandy Shocks|42\/100|[from] Salt Cure\n|upkeep\n|turn|5\n|\n|t:|1700410031\n|switch|p1a: Amoonguss|Amoonguss, M, shiny|100\/100\n|-damage|p1a: Amoonguss|88\/100|[from] Stealth Rock\n|move|p2a: Sandy Shocks|Earth Power|p1a: Amoonguss\n|-damage|p1a: Amoonguss|36\/100\n|-enditem|p1a: Amoonguss|Red Card|[of] p2a: Sandy Shocks\n|-end|p2a: Sandy Shocks|Protosynthesis|[silent]\n|drag|p2a: Gholdengo|Gholdengo|100\/100\n|\n|-weather|SunnyDay|[upkeep]\n|upkeep\n|turn|6\n|\n|t:|1700410041\n|switch|p1a: Samurott|Samurott-Hisui, M, shiny|100\/100\n|-damage|p1a: Samurott|88\/100|[from] Stealth Rock\n|move|p2a: Gholdengo|Make It Rain|p1a: Samurott\n|-resisted|p1a: Samurott\n|-damage|p1a: Samurott|47\/100\n|-unboost|p2a: Gholdengo|spa|1\n|\n|-weather|SunnyDay|[upkeep]\n|upkeep\n|turn|7\n|\n|t:|1700410051\n|switch|p2a: Great Tusk|Great Tusk|61\/100\n|-activate|p2a: Great Tusk|ability: Protosynthesis\n|-start|p2a: Great Tusk|protosynthesisatk\n|move|p1a: Samurott|Ceaseless Edge|p2a: Great Tusk\n|-resisted|p2a: Great Tusk\n|-damage|p2a: Great Tusk|45\/100\n|-sidestart|p2: Joker040921|Spikes\n|\n|-weather|SunnyDay|[upkeep]\n|-heal|p2a: Great Tusk|51\/100|[from] item: Leftovers\n|upkeep\n|turn|8\n|\n|t:|1700410060\n|move|p1a: Samurott|Aqua Cutter|p2a: Great Tusk\n|-supereffective|p2a: Great Tusk\n|-damage|p2a: Great Tusk|12\/100\n|move|p2a: Great Tusk|Rapid Spin|p1a: Samurott\n|-damage|p1a: Samurott|17\/100\n|-boost|p2a: Great Tusk|spe|1\n|-sideend|p2: Joker040921|Spikes|[from] move: Rapid Spin|[of] p2a: Great Tusk\n|\n|-weather|none\n|-end|p2a: Great Tusk|Protosynthesis\n|-heal|p2a: Great Tusk|18\/100|[from] item: Leftovers\n|upkeep\n|turn|9\n|\n|t:|1700410068\n|move|p1a: Samurott|Aqua Jet|p2a: Great Tusk\n|-supereffective|p2a: Great Tusk\n|-damage|p2a: Great Tusk|0 fnt\n|faint|p2a: Great Tusk\n|-end|p2a: Great Tusk|Protosynthesis|[silent]\n|\n|upkeep\n|\n|t:|1700410093\n|switch|p2a: Corviknight|Corviknight, F|100\/100\n|-ability|p2a: Corviknight|Pressure\n|turn|10\n|\n|t:|1700410103\n|move|p1a: Samurott|Ceaseless Edge|p2a: Corviknight|[miss]\n|-miss|p1a: Samurott|p2a: Corviknight\n|move|p2a: Corviknight|Body Press|p1a: Samurott\n|-supereffective|p1a: Samurott\n|-damage|p1a: Samurott|0 fnt\n|faint|p1a: Samurott\n|\n|upkeep\n|\n|t:|1700410108\n|switch|p1a: Garganacl|Garganacl, M|100\/100\n|-damage|p1a: Garganacl|88\/100|[from] Stealth Rock\n|turn|11\n|\n|t:|1700410119\n|move|p2a: Corviknight|Iron Defense|p2a: Corviknight\n|-boost|p2a: Corviknight|def|2\n|move|p1a: Garganacl|Salt Cure|p2a: Corviknight\n|-damage|p2a: Corviknight|96\/100\n|-start|p2a: Corviknight|Salt Cure\n|\n|-heal|p2a: Corviknight|100\/100|[from] item: Leftovers\n|-heal|p1a: Garganacl|94\/100|[from] item: Leftovers\n|-damage|p2a: Corviknight|75\/100|[from] Salt Cure\n|upkeep\n|turn|12\n|\n|t:|1700410124\n|move|p2a: Corviknight|Taunt|p1a: Garganacl\n|-start|p1a: Garganacl|move: Taunt\n|cant|p1a: Garganacl|move: Taunt|Iron Defense\n|\n|-heal|p2a: Corviknight|82\/100|[from] item: Leftovers\n|-heal|p1a: Garganacl|100\/100|[from] item: Leftovers\n|-damage|p2a: Corviknight|57\/100|[from] Salt Cure\n|upkeep\n|turn|13\n|\n|t:|1700410131\n|move|p2a: Corviknight|Body Press|p1a: Garganacl\n|-supereffective|p1a: Garganacl\n|-damage|p1a: Garganacl|26\/100\n|move|p1a: Garganacl|Body Press|p2a: Corviknight\n|-damage|p2a: Corviknight|49\/100\n|\n|-heal|p2a: Corviknight|56\/100|[from] item: Leftovers\n|-heal|p1a: Garganacl|32\/100|[from] item: Leftovers\n|-damage|p2a: Corviknight|31\/100|[from] Salt Cure\n|upkeep\n|turn|14\n|\n|t:|1700410141\n|switch|p1a: Amoonguss|Amoonguss, M, shiny|70\/100\n|-damage|p1a: Amoonguss|57\/100|[from] Stealth Rock\n|move|p2a: Corviknight|Roost|p2a: Corviknight\n|-heal|p2a: Corviknight|81\/100\n|-singleturn|p2a: Corviknight|move: Roost\n|\n|-heal|p2a: Corviknight|87\/100|[from] item: Leftovers\n|-damage|p2a: Corviknight|62\/100|[from] Salt Cure\n|upkeep\n|turn|15\n|\n|t:|1700410157\n|switch|p2a: Gholdengo|Gholdengo|100\/100\n|move|p1a: Amoonguss|Foul Play|p2a: Gholdengo\n|-supereffective|p2a: Gholdengo\n|-crit|p2a: Gholdengo\n|-damage|p2a: Gholdengo|71\/100\n|\n|-heal|p2a: Gholdengo|77\/100|[from] item: Leftovers\n|upkeep\n|turn|16\n|\n|t:|1700410172\n|switch|p1a: Kingambit|Kingambit, M|100\/100\n|-damage|p1a: Kingambit|94\/100|[from] Stealth Rock\n|-activate|p1a: Kingambit|ability: Supreme Overlord\n|-start|p1a: Kingambit|fallen1|[silent]\n|move|p2a: Gholdengo|Make It Rain|p1a: Kingambit\n|-resisted|p1a: Kingambit\n|-damage|p1a: Kingambit|61\/100\n|-unboost|p2a: Gholdengo|spa|1\n|\n|-heal|p2a: Gholdengo|84\/100|[from] item: Leftovers\n|-heal|p1a: Kingambit|67\/100|[from] item: Leftovers\n|upkeep\n|turn|17\n|\n|t:|1700410188\n|switch|p2a: Iron Valiant|Iron Valiant|100\/100\n|move|p1a: Kingambit|Kowtow Cleave|p2a: Iron Valiant\n|-resisted|p2a: Iron Valiant\n|-damage|p2a: Iron Valiant|83\/100\n|\n|-heal|p1a: Kingambit|73\/100|[from] item: Leftovers\n|upkeep\n|turn|18\n|inactive|Joker040921 has 120 seconds left.\n|\n|t:|1700410211\n|-end|p1a: Kingambit|fallen1|[silent]\n|switch|p1a: Garganacl|Garganacl, M|32\/100\n|-damage|p1a: Garganacl|20\/100|[from] Stealth Rock\n|move|p2a: Iron Valiant|Focus Blast|p1a: Garganacl\n|-supereffective|p1a: Garganacl\n|-damage|p1a: Garganacl|0 fnt\n|faint|p1a: Garganacl\n|\n|upkeep\n|\n|t:|1700410218\n|switch|p1a: Maushold|Maushold|100\/100\n|-damage|p1a: Maushold|88\/100|[from] Stealth Rock\n|turn|19\n|\n|t:|1700410225\n|-end|p2a: Iron Valiant|Quark Drive|[silent]\n|switch|p2a: Gholdengo|Gholdengo|84\/100\n|-terastallize|p1a: Maushold|Ghost\n|move|p1a: Maushold|Tidy Up|p1a: Maushold\n|-sideend|p1: trvsXXX|Stealth Rock\n|-activate|p1a: Maushold|move: Tidy Up\n|-boost|p1a: Maushold|atk|1\n|-boost|p1a: Maushold|spe|1\n|\n|-heal|p2a: Gholdengo|90\/100|[from] item: Leftovers\n|upkeep\n|turn|20\n|\n|t:|1700410238\n|move|p1a: Maushold|Bite|p2a: Gholdengo\n|-supereffective|p2a: Gholdengo\n|-damage|p2a: Gholdengo|36\/100\n|move|p2a: Gholdengo|Shadow Ball|p1a: Maushold\n|-supereffective|p1a: Maushold\n|-damage|p1a: Maushold|0 fnt\n|faint|p1a: Maushold\n|\n|-heal|p2a: Gholdengo|42\/100|[from] item: Leftovers\n|upkeep\n|\n|t:|1700410244\n|switch|p1a: Kingambit|Kingambit, M|73\/100\n|-activate|p1a: Kingambit|ability: Supreme Overlord\n|-start|p1a: Kingambit|fallen3|[silent]\n|turn|21\n|\n|t:|1700410250\n|move|p2a: Gholdengo|Thunder Wave|p1a: Kingambit\n|-status|p1a: Kingambit|par\n|move|p1a: Kingambit|Kowtow Cleave|p2a: Gholdengo\n|-supereffective|p2a: Gholdengo\n|-damage|p2a: Gholdengo|0 fnt\n|faint|p2a: Gholdengo\n|\n|-heal|p1a: Kingambit|79\/100 par|[from] item: Leftovers\n|upkeep\n|\n|t:|1700410258\n|switch|p2a: Corviknight|Corviknight, F|62\/100\n|-ability|p2a: Corviknight|Pressure\n|turn|22\n|\n|t:|1700410265\n|move|p2a: Corviknight|Body Press|p1a: Kingambit\n|-supereffective|p1a: Kingambit\n|-damage|p1a: Kingambit|0 fnt\n|faint|p1a: Kingambit\n|-end|p1a: Kingambit|fallen3|[silent]\n|\n|-heal|p2a: Corviknight|68\/100|[from] item: Leftovers\n|upkeep\n|\n|t:|1700410268\n|switch|p1a: Amoonguss|Amoonguss, M, shiny|91\/100\n|turn|23\n|\n|t:|1700410274\n|move|p2a: Corviknight|Taunt|p1a: Amoonguss\n|-start|p1a: Amoonguss|move: Taunt\n|cant|p1a: Amoonguss|move: Taunt|Spore\n|\n|-heal|p2a: Corviknight|74\/100|[from] item: Leftovers\n|upkeep\n|turn|24\n|-message|trvsXXX forfeited.\n|\n|win|Joker040921\n|raw|trvsXXX's rating: 1073 &rarr; <strong>1048<\/strong><br \/>(-25 for losing)\n|raw|Joker040921's rating: 1000 &rarr; <strong>1048<\/strong><br \/>(+48 for winning)\n|l|\u2606trvsXXX\n","uploadtime":1700410289,"views":21,"p1id":"trvsxxx","p2id":"joker040921","formatid":"gen9ou","rating":1048,"private":0,"password":""}