{"id":"gen9ou-1996549706","p1":"zd oneshot","p2":"SDK04","format":"[Gen 9] OU","log":"|j|\u2606zd oneshot\n|j|\u2606SDK04\n|inactive|Battle timer is ON: inactive players will automatically lose when time's up.\n|t:|1700693193\n|gametype|singles\n|player|p1|zd oneshot|sisandbro|\n|player|p2|SDK04|unknown|\n|teamsize|p1|6\n|teamsize|p2|6\n|gen|9\n|tier|[Gen 9] OU\n|rated|Tournament battle\n|rule|Sleep Clause Mod: Limit one foe put to sleep\n|rule|Species Clause: Limit one of each Pok\u00e9mon\n|rule|OHKO Clause: OHKO moves are banned\n|rule|Evasion Items Clause: Evasion items are banned\n|rule|Evasion Moves Clause: Evasion moves are banned\n|rule|Endless Battle Clause: Forcing endless battles is banned\n|rule|HP Percentage Mod: HP is shown in percentages\n|clearpoke\n|poke|p1|Zamazenta-*|\n|poke|p1|Weezing-Galar, M|\n|poke|p1|Cloyster, M|\n|poke|p1|Dondozo, F|\n|poke|p1|Dragapult, M|\n|poke|p1|Ditto|\n|poke|p2|Ninetales-Alola, M|\n|poke|p2|Ogerpon-Wellspring, F|\n|poke|p2|Mew|\n|poke|p2|Kingambit, F|\n|poke|p2|Gholdengo|\n|poke|p2|Hydreigon, M|\n|teampreview\n|inactive|zd oneshot has 120 seconds left.\n|\n|t:|1700693225\n|start\n|switch|p1a: Dragapult|Dragapult, M, shiny|100\/100\n|switch|p2a: cool window|Ninetales-Alola, M|100\/100\n|-weather|Snow|[from] ability: Snow Warning|[of] p2a: cool window\n|turn|1\n|\n|t:|1700693234\n|move|p1a: Dragapult|U-turn|p2a: cool window\n|-resisted|p2a: cool window\n|-damage|p2a: cool window|87\/100\n|\n|t:|1700693244\n|switch|p1a: Dondozo|Dondozo, F|100\/100|[from] U-turn\n|move|p2a: cool window|Aurora Veil|p2a: cool window\n|-sidestart|p2: SDK04|move: Aurora Veil\n|\n|-weather|Snow|[upkeep]\n|upkeep\n|turn|2\n|\n|t:|1700693253\n|move|p2a: cool window|Freeze-Dry|p1a: Dondozo\n|-supereffective|p1a: Dondozo\n|-damage|p1a: Dondozo|57\/100\n|move|p1a: Dondozo|Wave Crash|p2a: cool window\n|-damage|p2a: cool window|49\/100\n|-damage|p1a: Dondozo|47\/100|[from] Recoil\n|\n|-weather|Snow|[upkeep]\n|upkeep\n|turn|3\n|\n|t:|1700693264\n|move|p2a: cool window|Freeze-Dry|p1a: Dondozo\n|-supereffective|p1a: Dondozo\n|-damage|p1a: Dondozo|5\/100\n|move|p1a: Dondozo|Wave Crash|p2a: cool window\n|-damage|p2a: cool window|16\/100\n|-damage|p1a: Dondozo|0 fnt|[from] Recoil\n|faint|p1a: Dondozo\n|\n|-weather|Snow|[upkeep]\n|upkeep\n|c|\u2606SDK04|What was the point of that\n|\n|t:|1700693274\n|switch|p1a: Ditto|Ditto|100\/100\n|-transform|p1a: Ditto|p2a: cool window|[from] ability: Imposter\n|turn|4\n|c|\u2606SDK04|I don\u2019t get it\n|\n|t:|1700693283\n|move|p1a: Ditto|Encore|p2a: cool window\n|-start|p2a: cool window|Encore\n|move|p2a: cool window|Freeze-Dry|p1a: Ditto\n|-resisted|p1a: Ditto\n|-damage|p1a: Ditto|88\/100\n|\n|-weather|Snow|[upkeep]\n|upkeep\n|turn|5\n|\n|t:|1700693292\n|switch|p1a: Cloyster|Cloyster, M, shiny|100\/100\n|switch|p2a: Malicious Charity|Gholdengo|100\/100\n|-item|p2a: Malicious Charity|Air Balloon\n|\n|-weather|none\n|upkeep\n|turn|6\n|inactive|zd oneshot has 120 seconds left.\n|inactive|zd oneshot has 90 seconds left.\n|inactive|zd oneshot has 60 seconds left.\n|inactive|zd oneshot has 30 seconds left.\n|inactive|zd oneshot has 20 seconds left.\n|inactive|zd oneshot has 15 seconds left.\n|\n|t:|1700693431\n|move|p2a: Malicious Charity|Shadow Ball|p1a: Cloyster\n|-enditem|p1a: Cloyster|Focus Sash\n|-damage|p1a: Cloyster|1\/100\n|move|p1a: Cloyster|Shell Smash|p1a: Cloyster\n|-unboost|p1a: Cloyster|def|1\n|-unboost|p1a: Cloyster|spd|1\n|-boost|p1a: Cloyster|atk|2\n|-boost|p1a: Cloyster|spa|2\n|-boost|p1a: Cloyster|spe|2\n|\n|upkeep\n|turn|7\n|inactive|zd oneshot has 25 seconds left this turn.\n|inactive|zd oneshot has 20 seconds left.\n|inactive|zd oneshot has 15 seconds left.\n|inactive|zd oneshot has 10 seconds left.\n|\n|t:|1700693446\n|move|p1a: Cloyster|Icicle Spear|p2a: Malicious Charity\n|-resisted|p2a: Malicious Charity\n|-damage|p2a: Malicious Charity|94\/100\n|-enditem|p2a: Malicious Charity|Air Balloon\n|-resisted|p2a: Malicious Charity\n|-damage|p2a: Malicious Charity|88\/100\n|-resisted|p2a: Malicious Charity\n|-damage|p2a: Malicious Charity|82\/100\n|-resisted|p2a: Malicious Charity\n|-damage|p2a: Malicious Charity|75\/100\n|-resisted|p2a: Malicious Charity\n|-damage|p2a: Malicious Charity|69\/100\n|-hitcount|p2a: Malicious Charity|5\n|move|p2a: Malicious Charity|Shadow Ball|p1a: Cloyster\n|-damage|p1a: Cloyster|0 fnt\n|faint|p1a: Cloyster\n|\n|upkeep\n|inactive|zd oneshot has 15 seconds left this turn.\n|inactive|zd oneshot has 10 seconds left.\n|inactive|zd oneshot has 5 seconds left.\n|\n|t:|1700693461\n|switch|p1a: Zamazenta|Zamazenta|100\/100\n|-ability|p1a: Zamazenta|Dauntless Shield|boost\n|-boost|p1a: Zamazenta|def|1\n|turn|8\n|inactive|zd oneshot has 15 seconds left this turn.\n|inactive|zd oneshot has 10 seconds left.\n|\n|t:|1700693468\n|move|p1a: Zamazenta|Iron Head|p2a: Malicious Charity\n|-resisted|p2a: Malicious Charity\n|-damage|p2a: Malicious Charity|62\/100\n|cant|p2a: Malicious Charity|flinch\n|\n|-sideend|p2: SDK04|move: Aurora Veil\n|upkeep\n|turn|9\n|inactive|zd oneshot has 20 seconds left this turn.\n|inactive|zd oneshot has 15 seconds left.\n|\n|t:|1700693476\n|move|p1a: Zamazenta|Iron Head|p2a: Malicious Charity\n|-resisted|p2a: Malicious Charity\n|-damage|p2a: Malicious Charity|47\/100\n|move|p2a: Malicious Charity|Dazzling Gleam|p1a: Zamazenta\n|-supereffective|p1a: Zamazenta\n|-damage|p1a: Zamazenta|52\/100\n|\n|-heal|p1a: Zamazenta|58\/100|[from] item: Leftovers\n|upkeep\n|turn|10\n|inactive|zd oneshot has 25 seconds left this turn.\n|inactive|zd oneshot has 20 seconds left.\n|inactive|zd oneshot has 15 seconds left.\n|\n|t:|1700693488\n|switch|p1a: Ditto|Ditto|88\/100\n|-transform|p1a: Ditto|p2a: Malicious Charity|[from] ability: Imposter\n|move|p2a: Malicious Charity|Dazzling Gleam|p1a: Ditto\n|-resisted|p1a: Ditto\n|-damage|p1a: Ditto|71\/100\n|\n|upkeep\n|turn|11\n|inactive|zd oneshot has 25 seconds left this turn.\n|inactive|zd oneshot has 20 seconds left.\n|inactive|zd oneshot has 15 seconds left.\n|\n|t:|1700693502\n|move|p1a: Ditto|Shadow Ball|p2a: Malicious Charity\n|-supereffective|p2a: Malicious Charity\n|-crit|p2a: Malicious Charity\n|-damage|p2a: Malicious Charity|0 fnt\n|faint|p2a: Malicious Charity\n|\n|upkeep\n|inactive|zd oneshot has 20 seconds left this turn.\n|\n|t:|1700693505\n|switch|p2a: The Slonch|Hydreigon, M|100\/100\n|turn|12\n|inactive|zd oneshot has 30 seconds left this turn.\n|\n|t:|1700693512\n|switch|p1a: Weezing|Weezing-Galar, M, shiny|100\/100\n|move|p2a: The Slonch|Crunch|p1a: Weezing\n|-resisted|p1a: Weezing\n|-damage|p1a: Weezing|83\/100\n|-damage|p2a: The Slonch|84\/100|[from] item: Rocky Helmet|[of] p1a: Weezing\n|\n|-heal|p2a: The Slonch|90\/100|[from] item: Leftovers\n|upkeep\n|turn|13\n|inactive|zd oneshot has 30 seconds left.\n|\n|t:|1700693522\n|switch|p2a: cool window|Ninetales-Alola, M|16\/100\n|-weather|Snow|[from] ability: Snow Warning|[of] p2a: cool window\n|move|p1a: Weezing|Will-O-Wisp|p2a: cool window\n|-status|p2a: cool window|brn\n|\n|-weather|Snow|[upkeep]\n|-damage|p2a: cool window|10\/100 brn|[from] brn\n|upkeep\n|turn|14\n|inactive|zd oneshot has 30 seconds left.\n|inactive|zd oneshot has 20 seconds left.\n|\n|t:|1700693540\n|move|p2a: cool window|Aurora Veil|p2a: cool window\n|-sidestart|p2: SDK04|move: Aurora Veil\n|move|p1a: Weezing|Sludge Bomb|p2a: cool window\n|-supereffective|p2a: cool window\n|-damage|p2a: cool window|0 fnt\n|faint|p2a: cool window\n|\n|-weather|Snow|[upkeep]\n|upkeep\n|inactive|zd oneshot has 25 seconds left this turn.\n|\n|t:|1700693544\n|switch|p2a: \u201cI win\u201d button|Ogerpon-Wellspring, F|100\/100\n|turn|15\n|inactive|zd oneshot has 30 seconds left.\n|\n|t:|1700693549\n|-terastallize|p2a: \u201cI win\u201d button|Water\n|detailschange|p2a: \u201cI win\u201d button|Ogerpon-Wellspring-Tera, F, tera:Water\n|-ability|p2a: \u201cI win\u201d button|Embody Aspect (Wellspring)|boost\n|-boost|p2a: \u201cI win\u201d button|spd|1\n|move|p2a: \u201cI win\u201d button|Encore|p1a: Weezing\n|-start|p1a: Weezing|Encore\n|move|p1a: Weezing|Sludge Bomb|p2a: \u201cI win\u201d button\n|-damage|p2a: \u201cI win\u201d button|91\/100\n|\n|-weather|Snow|[upkeep]\n|upkeep\n|turn|16\n|inactive|zd oneshot has 30 seconds left.\n|\n|t:|1700693562\n|switch|p1a: Ditto|Ditto|71\/100\n|move|p2a: \u201cI win\u201d button|Swords Dance|p2a: \u201cI win\u201d button\n|-boost|p2a: \u201cI win\u201d button|atk|2\n|\n|-weather|Snow|[upkeep]\n|upkeep\n|turn|17\n|c|\u2606SDK04|gg\n|c|\u2606SDK04|wp\n|inactive|zd oneshot has 30 seconds left.\n|\n|t:|1700693582\n|switch|p1a: Dragapult|Dragapult, M, shiny|100\/100\n|move|p2a: \u201cI win\u201d button|Ivy Cudgel|p1a: Dragapult|[anim] Ivy Cudgel Water\n|-resisted|p1a: Dragapult\n|-damage|p1a: Dragapult|0 fnt\n|faint|p1a: Dragapult\n|\n|-weather|none\n|upkeep\n|inactive|zd oneshot has 30 seconds left this turn.\n|inactive|zd oneshot has 20 seconds left.\n|\n|t:|1700693592\n|switch|p1a: Weezing|Weezing-Galar, M, shiny|83\/100\n|turn|18\n|inactive|zd oneshot has 30 seconds left this turn.\n|\n|t:|1700693598\n|move|p2a: \u201cI win\u201d button|Ivy Cudgel|p1a: Weezing|[anim] Ivy Cudgel Water\n|-crit|p1a: Weezing\n|-damage|p1a: Weezing|0 fnt\n|faint|p1a: Weezing\n|\n|upkeep\n|inactive|zd oneshot has 30 seconds left this turn.\n|\n|t:|1700693603\n|switch|p1a: Ditto|Ditto|71\/100\n|turn|19\n|\n|t:|1700693608\n|-terastallize|p1a: Ditto|Normal\n|move|p2a: \u201cI win\u201d button|Ivy Cudgel|p1a: Ditto|[anim] Ivy Cudgel Water\n|-damage|p1a: Ditto|0 fnt\n|faint|p1a: Ditto\n|\n|upkeep\n|-message|zd oneshot forfeited.\n|\n|win|SDK04\n|n|\u2606zd oneshot|zdoneshot\n|n|\u2606SDK04|sdk04\n|l|\u2606zd oneshot\n","uploadtime":1700693623,"views":2,"p1id":"zdoneshot","p2id":"sdk04","formatid":"gen9ou","rating":0,"private":0,"password":""}