{"id":"gen9ou-1996771837","p1":"tryna cook","p2":"SmogonSinglesNearU","format":"[Gen 9] OU","log":"|j|\u2606tryna cook\n|j|\u2606SmogonSinglesNearU\n|t:|1700722633\n|gametype|singles\n|player|p1|tryna cook|acetrainersnowf|1479\n|player|p2|SmogonSinglesNearU|ballguy|1528\n|teamsize|p1|6\n|teamsize|p2|6\n|gen|9\n|tier|[Gen 9] OU\n|rated|\n|rule|Sleep Clause Mod: Limit one foe put to sleep\n|rule|Species Clause: Limit one of each Pok\u00e9mon\n|rule|OHKO Clause: OHKO moves are banned\n|rule|Evasion Items Clause: Evasion items are banned\n|rule|Evasion Moves Clause: Evasion moves are banned\n|rule|Endless Battle Clause: Forcing endless battles is banned\n|rule|HP Percentage Mod: HP is shown in percentages\n|clearpoke\n|poke|p1|Cinderace, F|\n|poke|p1|Great Tusk|\n|poke|p1|Ogerpon-Cornerstone, F|\n|poke|p1|Garganacl, M|\n|poke|p1|Zapdos|\n|poke|p1|Slowking-Galar, F|\n|poke|p2|Landorus-Therian, M|\n|poke|p2|Iron Moth|\n|poke|p2|Gholdengo|\n|poke|p2|Clefable, F|\n|poke|p2|Alomomola, F|\n|poke|p2|Forretress, F|\n|teampreview\n|j| Ruinous Tusk\n|c|\u2606SmogonSinglesNearU|hf\n|c|\u2606tryna cook|u2\n|\n|t:|1700722666\n|start\n|switch|p1a: Zapdos|Zapdos|100\/100\n|switch|p2a: wanted criminal|Forretress, F|100\/100\n|turn|1\n|\n|t:|1700722673\n|switch|p2a: matu world|Clefable, F|100\/100\n|move|p1a: Zapdos|Hurricane|p2a: matu world\n|-damage|p2a: matu world|68\/100\n|\n|-heal|p2a: matu world|74\/100|[from] item: Leftovers\n|upkeep\n|turn|2\n|\n|t:|1700722681\n|move|p1a: Zapdos|Volt Switch|p2a: matu world\n|-damage|p2a: matu world|54\/100\n|\n|t:|1700722684\n|switch|p1a: Slowking|Slowking-Galar, F|100\/100|[from] Volt Switch\n|move|p2a: matu world|Knock Off|p1a: Slowking\n|-supereffective|p1a: Slowking\n|-crit|p1a: Slowking\n|-damage|p1a: Slowking|46\/100\n|-enditem|p1a: Slowking|Leftovers|[from] move: Knock Off|[of] p2a: matu world\n|\n|-heal|p2a: matu world|60\/100|[from] item: Leftovers\n|upkeep\n|turn|3\n|\n|t:|1700722712\n|switch|p2a: princess orange|Gholdengo|100\/100\n|move|p1a: Slowking|Chilly Reception|p1a: Slowking\n|-weather|Snow\n|\n|t:|1700722718\n|switch|p1a: Cinderace|Cinderace, F|100\/100|[from] Chilly Reception\n|\n|-weather|Snow|[upkeep]\n|upkeep\n|turn|4\n|\n|t:|1700722725\n|switch|p2a: make-a-wish|Alomomola, F|100\/100\n|move|p1a: Cinderace|U-turn|p2a: make-a-wish\n|-damage|p2a: make-a-wish|90\/100\n|-damage|p1a: Cinderace|84\/100|[from] item: Rocky Helmet|[of] p2a: make-a-wish\n|\n|t:|1700722731\n|switch|p1a: Slowking|Slowking-Galar, F|79\/100|[from] U-turn\n|\n|-weather|Snow|[upkeep]\n|upkeep\n|turn|5\n|\n|t:|1700722735\n|move|p2a: make-a-wish|Wish|p2a: make-a-wish\n|move|p1a: Slowking|Future Sight|p2a: make-a-wish\n|-start|p1a: Slowking|move: Future Sight\n|\n|-weather|Snow|[upkeep]\n|upkeep\n|turn|6\n|\n|t:|1700722742\n|switch|p2a: matu world|Clefable, F|60\/100\n|move|p1a: Slowking|Surf|p2a: matu world\n|-damage|p2a: matu world|46\/100\n|\n|-weather|Snow|[upkeep]\n|-heal|p2a: matu world|100\/100|[from] move: Wish|[wisher] make-a-wish\n|upkeep\n|turn|7\n|\n|t:|1700722752\n|switch|p2a: princess orange|Gholdengo|100\/100\n|move|p1a: Slowking|Sludge Bomb|p2a: princess orange\n|-immune|p2a: princess orange\n|\n|-weather|none\n|-end|p2a: princess orange|move: Future Sight\n|-resisted|p2a: princess orange\n|-damage|p2a: princess orange|80\/100\n|-heal|p2a: princess orange|86\/100|[from] item: Leftovers\n|upkeep\n|turn|8\n|\n|t:|1700722767\n|-terastallize|p1a: Slowking|Water\n|move|p2a: princess orange|Shadow Ball|p1a: Slowking\n|-damage|p1a: Slowking|57\/100\n|move|p1a: Slowking|Chilly Reception|p1a: Slowking\n|-weather|Snow\n|\n|t:|1700722772\n|switch|p1a: Garganacl|Garganacl, M|100\/100|[from] Chilly Reception\n|\n|-weather|Snow|[upkeep]\n|-heal|p2a: princess orange|92\/100|[from] item: Leftovers\n|upkeep\n|turn|9\n|\n|t:|1700722779\n|switch|p1a: Slowking|Slowking-Galar, F, tera:Water|90\/100\n|move|p2a: princess orange|Make It Rain|p1a: Slowking\n|-resisted|p1a: Slowking\n|-damage|p1a: Slowking|76\/100\n|-unboost|p2a: princess orange|spa|1\n|\n|-weather|Snow|[upkeep]\n|-heal|p2a: princess orange|98\/100|[from] item: Leftovers\n|upkeep\n|turn|10\n|l| Ruinous Tusk\n|\n|t:|1700722792\n|move|p2a: princess orange|Psyshock|p1a: Slowking\n|-damage|p1a: Slowking|61\/100\n|move|p1a: Slowking|Surf|p2a: princess orange\n|-damage|p2a: princess orange|68\/100\n|\n|-weather|Snow|[upkeep]\n|-heal|p2a: princess orange|74\/100|[from] item: Leftovers\n|upkeep\n|turn|11\n|\n|t:|1700722797\n|switch|p2a: make-a-wish|Alomomola, F|100\/100\n|move|p1a: Slowking|Chilly Reception|p1a: Slowking\n|\n|t:|1700722808\n|switch|p1a: Zapdos|Zapdos|100\/100|[from] Chilly Reception\n|\n|-weather|Snow|[upkeep]\n|upkeep\n|turn|12\n|\n|t:|1700722821\n|switch|p1a: Garganacl|Garganacl, M|100\/100\n|switch|p2a: matu world|Clefable, F|100\/100\n|\n|-weather|none\n|upkeep\n|turn|13\n|\n|t:|1700722829\n|switch|p1a: Slowking|Slowking-Galar, F, tera:Water|94\/100\n|move|p2a: matu world|Moonblast|p1a: Slowking\n|-damage|p1a: Slowking|76\/100\n|-unboost|p1a: Slowking|spa|1\n|\n|upkeep\n|turn|14\n|\n|t:|1700722833\n|move|p2a: matu world|Thunder Wave|p1a: Slowking\n|-status|p1a: Slowking|par\n|move|p1a: Slowking|Future Sight|p2a: matu world\n|-start|p1a: Slowking|move: Future Sight\n|\n|upkeep\n|turn|15\n|\n|t:|1700722843\n|switch|p2a: princess orange|Gholdengo|74\/100\n|switch|p1a: Zapdos|Zapdos|100\/100\n|\n|-heal|p2a: princess orange|81\/100|[from] item: Leftovers\n|upkeep\n|turn|16\n|\n|t:|1700722862\n|move|p1a: Zapdos|Volt Switch|p2a: princess orange\n|-damage|p2a: princess orange|57\/100\n|\n|t:|1700722868\n|switch|p1a: Cinderace|Cinderace, F|84\/100|[from] Volt Switch\n|move|p2a: princess orange|Shadow Ball|p1a: Cinderace\n|-damage|p1a: Cinderace|39\/100\n|\n|-end|p2a: princess orange|move: Future Sight\n|-resisted|p2a: princess orange\n|-damage|p2a: princess orange|35\/100\n|-heal|p2a: princess orange|42\/100|[from] item: Leftovers\n|upkeep\n|turn|17\n|\n|t:|1700722872\n|switch|p2a: make-a-wish|Alomomola, F|100\/100\n|move|p1a: Cinderace|Will-O-Wisp|p2a: make-a-wish\n|-status|p2a: make-a-wish|brn\n|\n|-damage|p2a: make-a-wish|94\/100 brn|[from] brn\n|upkeep\n|turn|18\n|\n|t:|1700722878\n|switch|p1a: Garganacl|Garganacl, M|100\/100\n|move|p2a: make-a-wish|Flip Turn|p1a: Garganacl\n|-supereffective|p1a: Garganacl\n|-damage|p1a: Garganacl|89\/100\n|\n|t:|1700722887\n|switch|p2a: painting my dreams|Landorus-Therian, M|100\/100|[from] Flip Turn\n|-ability|p2a: painting my dreams|Intimidate|boost\n|-unboost|p1a: Garganacl|atk|1\n|\n|-heal|p1a: Garganacl|95\/100|[from] item: Leftovers\n|upkeep\n|turn|19\n|\n|t:|1700722893\n|switch|p1a: Zapdos|Zapdos|100\/100\n|move|p2a: painting my dreams|Rock Slide|p1a: Zapdos\n|-supereffective|p1a: Zapdos\n|-damage|p1a: Zapdos|41\/100\n|\n|upkeep\n|turn|20\n|\n|t:|1700722899\n|switch|p1a: Garganacl|Garganacl, M|95\/100\n|move|p2a: painting my dreams|Rock Slide|p1a: Garganacl\n|-damage|p1a: Garganacl|75\/100\n|\n|-heal|p1a: Garganacl|81\/100|[from] item: Leftovers\n|upkeep\n|turn|21\n|\n|t:|1700722906\n|switch|p2a: wanted criminal|Forretress, F|100\/100\n|move|p1a: Garganacl|Iron Defense|p1a: Garganacl\n|-boost|p1a: Garganacl|def|2\n|\n|-heal|p1a: Garganacl|88\/100|[from] item: Leftovers\n|upkeep\n|turn|22\n|\n|t:|1700722921\n|move|p2a: wanted criminal|Volt Switch|p1a: Garganacl\n|-damage|p1a: Garganacl|80\/100\n|\n|t:|1700722932\n|switch|p2a: matu world|Clefable, F|100\/100|[from] Volt Switch\n|move|p1a: Garganacl|Salt Cure|p2a: matu world\n|-damage|p2a: matu world|86\/100\n|-start|p2a: matu world|Salt Cure\n|\n|-heal|p2a: matu world|92\/100|[from] item: Leftovers\n|-heal|p1a: Garganacl|86\/100|[from] item: Leftovers\n|upkeep\n|turn|23\n|\n|t:|1700722939\n|move|p2a: matu world|Moonblast|p1a: Garganacl\n|-damage|p1a: Garganacl|64\/100\n|-unboost|p1a: Garganacl|spa|1\n|move|p1a: Garganacl|Iron Defense|p1a: Garganacl\n|-boost|p1a: Garganacl|def|2\n|\n|-heal|p2a: matu world|98\/100|[from] item: Leftovers\n|-heal|p1a: Garganacl|70\/100|[from] item: Leftovers\n|upkeep\n|turn|24\n|\n|t:|1700722942\n|move|p2a: matu world|Moonblast|p1a: Garganacl\n|-damage|p1a: Garganacl|49\/100\n|-unboost|p1a: Garganacl|spa|1\n|move|p1a: Garganacl|Body Press|p2a: matu world\n|-resisted|p2a: matu world\n|-damage|p2a: matu world|59\/100\n|\n|-heal|p2a: matu world|65\/100|[from] item: Leftovers\n|-heal|p1a: Garganacl|55\/100|[from] item: Leftovers\n|upkeep\n|turn|25\n|\n|t:|1700722949\n|switch|p2a: princess orange|Gholdengo|42\/100\n|move|p1a: Garganacl|Recover|p1a: Garganacl\n|-heal|p1a: Garganacl|100\/100\n|\n|-heal|p2a: princess orange|48\/100|[from] item: Leftovers\n|upkeep\n|turn|26\n|\n|t:|1700722955\n|move|p2a: princess orange|Make It Rain|p1a: Garganacl\n|-supereffective|p1a: Garganacl\n|-damage|p1a: Garganacl|28\/100\n|-unboost|p2a: princess orange|spa|1\n|move|p1a: Garganacl|Salt Cure|p2a: princess orange\n|-resisted|p2a: princess orange\n|-damage|p2a: princess orange|43\/100\n|-start|p2a: princess orange|Salt Cure\n|\n|-heal|p2a: princess orange|49\/100|[from] item: Leftovers\n|-heal|p1a: Garganacl|34\/100|[from] item: Leftovers\n|-damage|p2a: princess orange|24\/100|[from] Salt Cure\n|upkeep\n|turn|27\n|\n|t:|1700722969\n|switch|p2a: painting my dreams|Landorus-Therian, M|100\/100\n|-ability|p2a: painting my dreams|Intimidate|boost\n|-unboost|p1a: Garganacl|atk|1\n|switch|p1a: Cinderace|Cinderace, F|39\/100\n|\n|upkeep\n|turn|28\n|\n|t:|1700722982\n|switch|p1a: Garganacl|Garganacl, M|34\/100\n|move|p2a: painting my dreams|Rock Slide|p1a: Garganacl\n|-damage|p1a: Garganacl|12\/100\n|\n|-heal|p1a: Garganacl|18\/100|[from] item: Leftovers\n|upkeep\n|turn|29\n|\n|t:|1700722985\n|switch|p1a: Great Tusk|Great Tusk|100\/100\n|-enditem|p1a: Great Tusk|Booster Energy\n|-activate|p1a: Great Tusk|ability: Protosynthesis|[fromitem]\n|-start|p1a: Great Tusk|protosynthesisspe\n|move|p2a: painting my dreams|Rock Slide|p1a: Great Tusk\n|-resisted|p1a: Great Tusk\n|-damage|p1a: Great Tusk|96\/100\n|\n|upkeep\n|turn|30\n|\n|t:|1700722996\n|-end|p1a: Great Tusk|Protosynthesis|[silent]\n|switch|p1a: Garganacl|Garganacl, M|18\/100\n|switch|p2a: make-a-wish|Alomomola, F|100\/100 brn\n|\n|-heal|p1a: Garganacl|24\/100|[from] item: Leftovers\n|-damage|p2a: make-a-wish|94\/100 brn|[from] brn\n|upkeep\n|turn|31\n|\n|t:|1700723001\n|move|p2a: make-a-wish|Scald|p1a: Garganacl\n|-supereffective|p1a: Garganacl\n|-damage|p1a: Garganacl|7\/100\n|move|p1a: Garganacl|Recover|p1a: Garganacl\n|-heal|p1a: Garganacl|57\/100\n|\n|-heal|p1a: Garganacl|64\/100|[from] item: Leftovers\n|-damage|p2a: make-a-wish|88\/100 brn|[from] brn\n|upkeep\n|turn|32\n|\n|t:|1700723006\n|move|p2a: make-a-wish|Wish|p2a: make-a-wish\n|move|p1a: Garganacl|Salt Cure|p2a: make-a-wish\n|-damage|p2a: make-a-wish|81\/100 brn\n|-start|p2a: make-a-wish|Salt Cure\n|\n|-heal|p1a: Garganacl|70\/100|[from] item: Leftovers\n|-damage|p2a: make-a-wish|75\/100 brn|[from] brn\n|-damage|p2a: make-a-wish|50\/100 brn|[from] Salt Cure\n|upkeep\n|turn|33\n|\n|t:|1700723010\n|switch|p2a: princess orange|Gholdengo|24\/100\n|move|p1a: Garganacl|Salt Cure|p2a: princess orange\n|-resisted|p2a: princess orange\n|-damage|p2a: princess orange|19\/100\n|-start|p2a: princess orange|Salt Cure\n|\n|-heal|p2a: princess orange|92\/100|[from] move: Wish|[wisher] make-a-wish\n|-heal|p2a: princess orange|98\/100|[from] item: Leftovers\n|-heal|p1a: Garganacl|76\/100|[from] item: Leftovers\n|-damage|p2a: princess orange|73\/100|[from] Salt Cure\n|upkeep\n|turn|34\n|\n|t:|1700723021\n|switch|p2a: painting my dreams|Landorus-Therian, M|100\/100\n|-ability|p2a: painting my dreams|Intimidate|boost\n|-unboost|p1a: Garganacl|atk|1\n|switch|p1a: Slowking|Slowking-Galar, F, tera:Water|100\/100 par\n|\n|upkeep\n|turn|35\n|\n|t:|1700723027\n|move|p2a: painting my dreams|U-turn|p1a: Slowking\n|-damage|p1a: Slowking|70\/100 par\n|\n|t:|1700723035\n|switch|p2a: wanted criminal|Forretress, F|100\/100|[from] U-turn\n|move|p1a: Slowking|Surf|p2a: wanted criminal\n|-damage|p2a: wanted criminal|52\/100\n|\n|-heal|p2a: wanted criminal|59\/100|[from] item: Leftovers\n|upkeep\n|turn|36\n|\n|t:|1700723040\n|move|p2a: wanted criminal|Body Press|p1a: Slowking\n|-damage|p1a: Slowking|35\/100 par\n|move|p1a: Slowking|Chilly Reception|p1a: Slowking\n|-weather|Snow\n|\n|t:|1700723047\n|switch|p1a: Zapdos|Zapdos|41\/100|[from] Chilly Reception\n|\n|-weather|Snow|[upkeep]\n|-heal|p2a: wanted criminal|65\/100|[from] item: Leftovers\n|upkeep\n|turn|37\n|\n|t:|1700723052\n|switch|p2a: matu world|Clefable, F|65\/100\n|move|p1a: Zapdos|Volt Switch|p2a: matu world\n|-damage|p2a: matu world|44\/100\n|\n|t:|1700723061\n|switch|p1a: Slowking|Slowking-Galar, F, tera:Water|69\/100 par|[from] Volt Switch\n|\n|-weather|Snow|[upkeep]\n|-heal|p2a: matu world|50\/100|[from] item: Leftovers\n|upkeep\n|turn|38\n|\n|t:|1700723068\n|switch|p2a: princess orange|Gholdengo|73\/100\n|cant|p1a: Slowking|par\n|\n|-weather|Snow|[upkeep]\n|-heal|p2a: princess orange|79\/100|[from] item: Leftovers\n|upkeep\n|turn|39\n|\n|t:|1700723075\n|move|p2a: princess orange|Shadow Ball|p1a: Slowking\n|-damage|p1a: Slowking|49\/100 par\n|cant|p1a: Slowking|par\n|\n|-weather|Snow|[upkeep]\n|-heal|p2a: princess orange|86\/100|[from] item: Leftovers\n|upkeep\n|turn|40\n|\n|t:|1700723080\n|move|p2a: princess orange|Shadow Ball|p1a: Slowking\n|-damage|p1a: Slowking|30\/100 par\n|move|p1a: Slowking|Chilly Reception|p1a: Slowking\n|\n|t:|1700723090\n|switch|p1a: Ogerpon|Ogerpon-Cornerstone, F|100\/100|[from] Chilly Reception\n|\n|-weather|none\n|-heal|p2a: princess orange|92\/100|[from] item: Leftovers\n|upkeep\n|turn|41\n|\n|t:|1700723096\n|switch|p2a: wanted criminal|Forretress, F|65\/100\n|move|p1a: Ogerpon|Knock Off|p2a: wanted criminal\n|-damage|p2a: wanted criminal|45\/100\n|-enditem|p2a: wanted criminal|Leftovers|[from] move: Knock Off|[of] p1a: Ogerpon\n|\n|upkeep\n|turn|42\n|\n|t:|1700723103\n|switch|p1a: Zapdos|Zapdos|41\/100\n|move|p2a: wanted criminal|Body Press|p1a: Zapdos\n|-resisted|p1a: Zapdos\n|-damage|p1a: Zapdos|27\/100\n|\n|upkeep\n|turn|43\n|\n|t:|1700723107\n|switch|p2a: princess orange|Gholdengo|92\/100\n|move|p1a: Zapdos|Roost|p1a: Zapdos\n|-heal|p1a: Zapdos|77\/100\n|-singleturn|p1a: Zapdos|move: Roost\n|\n|-heal|p2a: princess orange|98\/100|[from] item: Leftovers\n|upkeep\n|turn|44\n|\n|t:|1700723112\n|move|p1a: Zapdos|Volt Switch|p2a: princess orange\n|-damage|p2a: princess orange|73\/100\n|\n|t:|1700723114\n|switch|p1a: Slowking|Slowking-Galar, F, tera:Water|63\/100 par|[from] Volt Switch\n|move|p2a: princess orange|Psyshock|p1a: Slowking\n|-damage|p1a: Slowking|37\/100 par\n|\n|-heal|p2a: princess orange|80\/100|[from] item: Leftovers\n|upkeep\n|turn|45\n|\n|t:|1700723122\n|switch|p1a: Great Tusk|Great Tusk|96\/100\n|move|p2a: princess orange|Shadow Ball|p1a: Great Tusk\n|-damage|p1a: Great Tusk|53\/100\n|\n|-heal|p2a: princess orange|86\/100|[from] item: Leftovers\n|upkeep\n|turn|46\n|\n|t:|1700723127\n|-end|p1a: Great Tusk|Protosynthesis|[silent]\n|switch|p1a: Ogerpon|Ogerpon-Cornerstone, F|100\/100\n|switch|p2a: painting my dreams|Landorus-Therian, M|100\/100\n|-ability|p2a: painting my dreams|Intimidate|boost\n|-unboost|p1a: Ogerpon|atk|1\n|\n|upkeep\n|turn|47\n|\n|t:|1700723131\n|switch|p1a: Zapdos|Zapdos|77\/100\n|move|p2a: painting my dreams|U-turn|p1a: Zapdos\n|-resisted|p1a: Zapdos\n|-damage|p1a: Zapdos|65\/100\n|\n|t:|1700723135\n|switch|p2a: former ceo|Iron Moth|100\/100|[from] U-turn\n|\n|upkeep\n|turn|48\n|\n|t:|1700723142\n|switch|p1a: Garganacl|Garganacl, M|76\/100\n|move|p2a: former ceo|Fiery Dance|p1a: Garganacl\n|-resisted|p1a: Garganacl\n|-damage|p1a: Garganacl|52\/100\n|-boost|p2a: former ceo|spa|1\n|\n|-heal|p1a: Garganacl|59\/100|[from] item: Leftovers\n|upkeep\n|turn|49\n|\n|t:|1700723148\n|-end|p2a: former ceo|Quark Drive|[silent]\n|switch|p2a: matu world|Clefable, F|50\/100\n|move|p1a: Garganacl|Salt Cure|p2a: matu world\n|-damage|p2a: matu world|36\/100\n|-start|p2a: matu world|Salt Cure\n|\n|-heal|p2a: matu world|42\/100|[from] item: Leftovers\n|-heal|p1a: Garganacl|65\/100|[from] item: Leftovers\n|upkeep\n|turn|50\n|\n|t:|1700723158\n|move|p2a: matu world|Knock Off|p1a: Garganacl\n|-damage|p1a: Garganacl|54\/100\n|-enditem|p1a: Garganacl|Leftovers|[from] move: Knock Off|[of] p2a: matu world\n|move|p1a: Garganacl|Iron Defense|p1a: Garganacl\n|-boost|p1a: Garganacl|def|2\n|\n|-heal|p2a: matu world|48\/100|[from] item: Leftovers\n|upkeep\n|turn|51\n|\n|t:|1700723165\n|switch|p2a: princess orange|Gholdengo|86\/100\n|move|p1a: Garganacl|Salt Cure|p2a: princess orange\n|-resisted|p2a: princess orange\n|-damage|p2a: princess orange|81\/100\n|-start|p2a: princess orange|Salt Cure\n|\n|-heal|p2a: princess orange|87\/100|[from] item: Leftovers\n|-damage|p2a: princess orange|62\/100|[from] Salt Cure\n|upkeep\n|turn|52\n|\n|t:|1700723172\n|switch|p2a: painting my dreams|Landorus-Therian, M|100\/100\n|-ability|p2a: painting my dreams|Intimidate|boost\n|-unboost|p1a: Garganacl|atk|1\n|switch|p1a: Zapdos|Zapdos|65\/100\n|\n|upkeep\n|turn|53\n|\n|t:|1700723176\n|move|p2a: painting my dreams|U-turn|p1a: Zapdos\n|-resisted|p1a: Zapdos\n|-damage|p1a: Zapdos|53\/100\n|\n|t:|1700723181\n|switch|p2a: former ceo|Iron Moth|100\/100|[from] U-turn\n|move|p1a: Zapdos|Roost|p1a: Zapdos\n|-heal|p1a: Zapdos|100\/100\n|-singleturn|p1a: Zapdos|move: Roost\n|\n|upkeep\n|turn|54\n|\n|t:|1700723189\n|move|p2a: former ceo|U-turn|p1a: Zapdos\n|-resisted|p1a: Zapdos\n|-damage|p1a: Zapdos|96\/100\n|\n|t:|1700723191\n|-end|p2a: former ceo|Quark Drive|[silent]\n|switch|p2a: princess orange|Gholdengo|62\/100|[from] U-turn\n|move|p1a: Zapdos|Thunder Wave|p2a: princess orange\n|-immune|p2a: princess orange|[from] ability: Good as Gold\n|\n|-heal|p2a: princess orange|68\/100|[from] item: Leftovers\n|upkeep\n|turn|55\n|\n|t:|1700723195\n|move|p1a: Zapdos|Volt Switch|p2a: princess orange\n|-damage|p2a: princess orange|44\/100\n|\n|t:|1700723201\n|switch|p1a: Slowking|Slowking-Galar, F, tera:Water|70\/100 par|[from] Volt Switch\n|move|p2a: princess orange|Shadow Ball|p1a: Slowking\n|-damage|p1a: Slowking|50\/100 par\n|\n|-heal|p2a: princess orange|50\/100|[from] item: Leftovers\n|upkeep\n|turn|56\n|\n|t:|1700723209\n|switch|p1a: Zapdos|Zapdos|96\/100\n|move|p2a: princess orange|Shadow Ball|p1a: Zapdos\n|-damage|p1a: Zapdos|61\/100\n|\n|-heal|p2a: princess orange|56\/100|[from] item: Leftovers\n|upkeep\n|turn|57\n|\n|t:|1700723215\n|move|p1a: Zapdos|Hurricane|p2a: princess orange\n|-resisted|p2a: princess orange\n|-damage|p2a: princess orange|34\/100\n|move|p2a: princess orange|Shadow Ball|p1a: Zapdos\n|-damage|p1a: Zapdos|27\/100\n|\n|-heal|p2a: princess orange|41\/100|[from] item: Leftovers\n|upkeep\n|turn|58\n|\n|t:|1700723221\n|move|p1a: Zapdos|Roost|p1a: Zapdos\n|-heal|p1a: Zapdos|77\/100\n|-singleturn|p1a: Zapdos|move: Roost\n|move|p2a: princess orange|Recover|p2a: princess orange\n|-heal|p2a: princess orange|91\/100\n|\n|-heal|p2a: princess orange|97\/100|[from] item: Leftovers\n|upkeep\n|turn|59\n|\n|t:|1700723225\n|move|p1a: Zapdos|Volt Switch|p2a: princess orange\n|-damage|p2a: princess orange|71\/100\n|\n|t:|1700723230\n|switch|p1a: Slowking|Slowking-Galar, F, tera:Water|83\/100 par|[from] Volt Switch\n|move|p2a: princess orange|Shadow Ball|p1a: Slowking\n|-damage|p1a: Slowking|63\/100 par\n|\n|-heal|p2a: princess orange|77\/100|[from] item: Leftovers\n|upkeep\n|turn|60\n|\n|t:|1700723237\n|move|p2a: princess orange|Psyshock|p1a: Slowking\n|-damage|p1a: Slowking|38\/100 par\n|cant|p1a: Slowking|par\n|\n|-heal|p2a: princess orange|83\/100|[from] item: Leftovers\n|upkeep\n|turn|61\n|\n|t:|1700723240\n|switch|p2a: painting my dreams|Landorus-Therian, M|100\/100\n|-ability|p2a: painting my dreams|Intimidate|boost\n|-unboost|p1a: Slowking|atk|1\n|switch|p1a: Zapdos|Zapdos|77\/100\n|\n|upkeep\n|turn|62\n|\n|t:|1700723244\n|move|p2a: painting my dreams|Rock Slide|p1a: Zapdos\n|-supereffective|p1a: Zapdos\n|-damage|p1a: Zapdos|16\/100\n|move|p1a: Zapdos|Roost|p1a: Zapdos\n|-heal|p1a: Zapdos|66\/100\n|-singleturn|p1a: Zapdos|move: Roost\n|\n|upkeep\n|turn|63\n|\n|t:|1700723254\n|switch|p2a: former ceo|Iron Moth|100\/100\n|switch|p1a: Ogerpon|Ogerpon-Cornerstone, F|100\/100\n|\n|upkeep\n|turn|64\n|\n|t:|1700723260\n|-end|p2a: former ceo|Quark Drive|[silent]\n|switch|p2a: wanted criminal|Forretress, F|45\/100\n|move|p1a: Ogerpon|Ivy Cudgel|p2a: wanted criminal|[anim] Ivy Cudgel Rock\n|-damage|p2a: wanted criminal|12\/100\n|\n|upkeep\n|turn|65\n|\n|t:|1700723275\n|move|p1a: Ogerpon|Ivy Cudgel|p2a: wanted criminal|[anim] Ivy Cudgel Rock\n|-damage|p2a: wanted criminal|0 fnt\n|faint|p2a: wanted criminal\n|\n|upkeep\n|\n|t:|1700723278\n|switch|p2a: painting my dreams|Landorus-Therian, M|100\/100\n|-ability|p2a: painting my dreams|Intimidate|boost\n|-unboost|p1a: Ogerpon|atk|1\n|turn|66\n|\n|t:|1700723283\n|switch|p1a: Great Tusk|Great Tusk|53\/100\n|move|p2a: painting my dreams|U-turn|p1a: Great Tusk\n|-resisted|p1a: Great Tusk\n|-damage|p1a: Great Tusk|43\/100\n|\n|t:|1700723290\n|switch|p2a: former ceo|Iron Moth|100\/100|[from] U-turn\n|\n|upkeep\n|turn|67\n|\n|t:|1700723305\n|-end|p1a: Great Tusk|Protosynthesis|[silent]\n|switch|p1a: Slowking|Slowking-Galar, F, tera:Water|72\/100 par\n|move|p2a: former ceo|Energy Ball|p1a: Slowking\n|-supereffective|p1a: Slowking\n|-damage|p1a: Slowking|16\/100 par\n|\n|upkeep\n|turn|68\n|\n|t:|1700723314\n|switch|p1a: Zapdos|Zapdos|66\/100\n|move|p2a: former ceo|Energy Ball|p1a: Zapdos\n|-resisted|p1a: Zapdos\n|-damage|p1a: Zapdos|41\/100\n|\n|upkeep\n|turn|69\n|\n|t:|1700723319\n|-end|p2a: former ceo|Quark Drive|[silent]\n|switch|p2a: painting my dreams|Landorus-Therian, M|100\/100\n|-ability|p2a: painting my dreams|Intimidate|boost\n|-unboost|p1a: Zapdos|atk|1\n|move|p1a: Zapdos|Roost|p1a: Zapdos\n|-heal|p1a: Zapdos|91\/100\n|-singleturn|p1a: Zapdos|move: Roost\n|\n|upkeep\n|turn|70\n|\n|t:|1700723335\n|switch|p1a: Garganacl|Garganacl, M|54\/100\n|-terastallize|p2a: painting my dreams|Ice\n|move|p2a: painting my dreams|Tera Blast|p1a: Garganacl|[anim] Tera Blast Ice\n|-damage|p1a: Garganacl|24\/100\n|\n|upkeep\n|turn|71\n|\n|t:|1700723354\n|move|p2a: painting my dreams|Tera Blast|p1a: Garganacl|[anim] Tera Blast Ice\n|-damage|p1a: Garganacl|0 fnt\n|faint|p1a: Garganacl\n|\n|upkeep\n|\n|t:|1700723361\n|switch|p1a: Ogerpon|Ogerpon-Cornerstone, F|100\/100\n|turn|72\n|\n|t:|1700723364\n|switch|p2a: princess orange|Gholdengo|83\/100\n|move|p1a: Ogerpon|Ivy Cudgel|p2a: princess orange|[anim] Ivy Cudgel Rock\n|-resisted|p2a: princess orange\n|-damage|p2a: princess orange|61\/100\n|\n|-heal|p2a: princess orange|67\/100|[from] item: Leftovers\n|upkeep\n|turn|73\n|\n|t:|1700723370\n|switch|p2a: make-a-wish|Alomomola, F|84\/100 brn\n|move|p1a: Ogerpon|Knock Off|p2a: make-a-wish\n|-damage|p2a: make-a-wish|65\/100 brn\n|-damage|p1a: Ogerpon|84\/100|[from] item: Rocky Helmet|[of] p2a: make-a-wish\n|-enditem|p2a: make-a-wish|Rocky Helmet|[from] move: Knock Off|[of] p1a: Ogerpon\n|\n|-damage|p2a: make-a-wish|58\/100 brn|[from] brn\n|upkeep\n|turn|74\n|\n|t:|1700723376\n|switch|p2a: matu world|Clefable, F|48\/100\n|move|p1a: Ogerpon|Power Whip|p2a: matu world\n|-crit|p2a: matu world\n|-damage|p2a: matu world|0 fnt\n|faint|p2a: matu world\n|\n|upkeep\n|\n|t:|1700723383\n|switch|p2a: painting my dreams|Landorus-Therian, M, tera:Ice|100\/100\n|-ability|p2a: painting my dreams|Intimidate|boost\n|-unboost|p1a: Ogerpon|atk|1\n|turn|75\n|\n|t:|1700723392\n|switch|p1a: Great Tusk|Great Tusk|43\/100\n|move|p2a: painting my dreams|Tera Blast|p1a: Great Tusk|[anim] Tera Blast Ice\n|-supereffective|p1a: Great Tusk\n|-damage|p1a: Great Tusk|0 fnt\n|faint|p1a: Great Tusk\n|-end|p1a: Great Tusk|Protosynthesis|[silent]\n|\n|upkeep\n|\n|t:|1700723395\n|switch|p1a: Slowking|Slowking-Galar, F, tera:Water|50\/100 par\n|turn|76\n|\n|t:|1700723399\n|switch|p2a: princess orange|Gholdengo|67\/100\n|move|p1a: Slowking|Chilly Reception|p1a: Slowking\n|-weather|Snow\n|\n|t:|1700723405\n|switch|p1a: Cinderace|Cinderace, F|39\/100|[from] Chilly Reception\n|\n|-weather|Snow|[upkeep]\n|-heal|p2a: princess orange|73\/100|[from] item: Leftovers\n|upkeep\n|turn|77\n|\n|t:|1700723409\n|switch|p1a: Ogerpon|Ogerpon-Cornerstone, F|84\/100\n|switch|p2a: make-a-wish|Alomomola, F|92\/100 brn\n|\n|-weather|Snow|[upkeep]\n|-damage|p2a: make-a-wish|86\/100 brn|[from] brn\n|upkeep\n|turn|78\n|\n|t:|1700723412\n|move|p1a: Ogerpon|Power Whip|p2a: make-a-wish\n|-supereffective|p2a: make-a-wish\n|-damage|p2a: make-a-wish|6\/100 brn\n|move|p2a: make-a-wish|Flip Turn|p1a: Ogerpon\n|-crit|p1a: Ogerpon\n|-damage|p1a: Ogerpon|69\/100\n|\n|t:|1700723418\n|switch|p2a: painting my dreams|Landorus-Therian, M, tera:Ice|100\/100|[from] Flip Turn\n|-ability|p2a: painting my dreams|Intimidate|boost\n|-unboost|p1a: Ogerpon|atk|1\n|\n|-weather|Snow|[upkeep]\n|upkeep\n|turn|79\n|\n|t:|1700723426\n|switch|p1a: Slowking|Slowking-Galar, F, tera:Water|83\/100 par\n|move|p2a: painting my dreams|Earthquake|p1a: Slowking\n|-damage|p1a: Slowking|16\/100 par\n|\n|-weather|Snow|[upkeep]\n|upkeep\n|turn|80\n|\n|t:|1700723440\n|switch|p2a: make-a-wish|Alomomola, F|40\/100 brn\n|cant|p1a: Slowking|par\n|\n|-weather|none\n|-damage|p2a: make-a-wish|34\/100 brn|[from] brn\n|upkeep\n|turn|81\n|\n|t:|1700723452\n|switch|p2a: former ceo|Iron Moth|100\/100\n|move|p1a: Slowking|Chilly Reception|p1a: Slowking\n|-weather|Snow\n|\n|t:|1700723455\n|switch|p1a: Ogerpon|Ogerpon-Cornerstone, F|69\/100|[from] Chilly Reception\n|\n|-weather|Snow|[upkeep]\n|upkeep\n|turn|82\n|\n|t:|1700723464\n|-end|p2a: former ceo|Quark Drive|[silent]\n|switch|p2a: princess orange|Gholdengo|73\/100\n|move|p1a: Ogerpon|Ivy Cudgel|p2a: princess orange|[anim] Ivy Cudgel Rock\n|-resisted|p2a: princess orange\n|-damage|p2a: princess orange|53\/100\n|\n|-weather|Snow|[upkeep]\n|-heal|p2a: princess orange|59\/100|[from] item: Leftovers\n|upkeep\n|turn|83\n|\n|t:|1700723469\n|move|p1a: Ogerpon|Knock Off|p2a: princess orange\n|-supereffective|p2a: princess orange\n|-damage|p2a: princess orange|3\/100\n|-enditem|p2a: princess orange|Leftovers|[from] move: Knock Off|[of] p1a: Ogerpon\n|move|p2a: princess orange|Make It Rain|p1a: Ogerpon\n|-supereffective|p1a: Ogerpon\n|-damage|p1a: Ogerpon|0 fnt\n|-unboost|p2a: princess orange|spa|1\n|faint|p1a: Ogerpon\n|\n|-weather|Snow|[upkeep]\n|upkeep\n|\n|t:|1700723477\n|switch|p1a: Cinderace|Cinderace, F|39\/100\n|turn|84\n|\n|t:|1700723480\n|move|p1a: Cinderace|Pyro Ball|p2a: princess orange\n|-supereffective|p2a: princess orange\n|-damage|p2a: princess orange|0 fnt\n|faint|p2a: princess orange\n|\n|-weather|Snow|[upkeep]\n|upkeep\n|\n|t:|1700723482\n|switch|p2a: painting my dreams|Landorus-Therian, M, tera:Ice|100\/100\n|-ability|p2a: painting my dreams|Intimidate|boost\n|-unboost|p1a: Cinderace|atk|1\n|turn|85\n|\n|t:|1700723489\n|move|p2a: painting my dreams|Rock Slide|p1a: Cinderace\n|-supereffective|p1a: Cinderace\n|-damage|p1a: Cinderace|0 fnt\n|faint|p1a: Cinderace\n|\n|-weather|none\n|upkeep\n|\n|t:|1700723491\n|switch|p1a: Slowking|Slowking-Galar, F, tera:Water|50\/100 par\n|turn|86\n|\n|t:|1700723495\n|move|p2a: painting my dreams|Rock Slide|p1a: Slowking\n|-damage|p1a: Slowking|15\/100 par\n|cant|p1a: Slowking|flinch\n|\n|upkeep\n|turn|87\n|\n|t:|1700723499\n|move|p2a: painting my dreams|Rock Slide|p1a: Slowking\n|-damage|p1a: Slowking|0 fnt\n|faint|p1a: Slowking\n|\n|upkeep\n|\n|t:|1700723500\n|switch|p1a: Zapdos|Zapdos|91\/100\n|turn|88\n|c|\u2606SmogonSinglesNearU|gg\n|\n|t:|1700723503\n|move|p2a: painting my dreams|Rock Slide|p1a: Zapdos\n|-supereffective|p1a: Zapdos\n|-damage|p1a: Zapdos|34\/100\n|move|p1a: Zapdos|Thunder Wave|p2a: painting my dreams\n|-status|p2a: painting my dreams|par\n|\n|upkeep\n|turn|89\n|\n|t:|1700723507\n|move|p1a: Zapdos|Roost|p1a: Zapdos\n|-heal|p1a: Zapdos|84\/100\n|-singleturn|p1a: Zapdos|move: Roost\n|move|p2a: painting my dreams|Rock Slide|p1a: Zapdos\n|-damage|p1a: Zapdos|57\/100\n|\n|upkeep\n|turn|90\n|\n|t:|1700723513\n|move|p1a: Zapdos|Roost|p1a: Zapdos\n|-heal|p1a: Zapdos|100\/100\n|-singleturn|p1a: Zapdos|move: Roost\n|cant|p2a: painting my dreams|par\n|\n|upkeep\n|turn|91\n|\n|t:|1700723516\n|move|p1a: Zapdos|Hurricane|p2a: painting my dreams\n|-damage|p2a: painting my dreams|40\/100 par\n|move|p2a: painting my dreams|Rock Slide|p1a: Zapdos\n|-supereffective|p1a: Zapdos\n|-damage|p1a: Zapdos|41\/100\n|\n|upkeep\n|turn|92\n|\n|t:|1700723520\n|move|p1a: Zapdos|Roost|p1a: Zapdos\n|-heal|p1a: Zapdos|91\/100\n|-singleturn|p1a: Zapdos|move: Roost\n|move|p2a: painting my dreams|Rock Slide|p1a: Zapdos\n|-crit|p1a: Zapdos\n|-damage|p1a: Zapdos|49\/100\n|\n|upkeep\n|turn|93\n|\n|t:|1700723523\n|move|p1a: Zapdos|Hurricane|p2a: painting my dreams\n|-damage|p2a: painting my dreams|0 fnt\n|faint|p2a: painting my dreams\n|\n|upkeep\n|\n|t:|1700723525\n|switch|p2a: former ceo|Iron Moth|100\/100\n|turn|94\n|\n|t:|1700723527\n|move|p2a: former ceo|Fiery Dance|p1a: Zapdos\n|-damage|p1a: Zapdos|0 fnt\n|-boost|p2a: former ceo|spa|1\n|faint|p1a: Zapdos\n|\n|win|SmogonSinglesNearU\n|raw|tryna cook's rating: 1479 &rarr; <strong>1462<\/strong><br \/>(-17 for losing)\n|raw|SmogonSinglesNearU's rating: 1528 &rarr; <strong>1545<\/strong><br \/>(+17 for winning)\n|c|\u2606tryna cook|gg\n|l|\u2606tryna cook\n","uploadtime":1700723537,"views":6,"p1id":"trynacook","p2id":"smogonsinglesnearu","formatid":"gen9ou","rating":1462,"private":0,"password":""}