{"id":"gen9ou-1994122479","p1":"knexhawk2","p2":"Chimeling","format":"[Gen 9] OU","log":"|j|\u2606knexhawk2\n|j|\u2606Chimeling\n|inactive|Battle timer is ON: inactive players will automatically lose when time's up.\n|t:|1700409533\n|gametype|singles\n|player|p1|knexhawk2|benga|\n|player|p2|Chimeling|misty-gen2|\n|teamsize|p1|6\n|teamsize|p2|6\n|gen|9\n|tier|[Gen 9] OU\n|rated|Tournament battle\n|rule|Sleep Clause Mod: Limit one foe put to sleep\n|rule|Species Clause: Limit one of each Pok\u00e9mon\n|rule|OHKO Clause: OHKO moves are banned\n|rule|Evasion Items Clause: Evasion items are banned\n|rule|Evasion Moves Clause: Evasion moves are banned\n|rule|Endless Battle Clause: Forcing endless battles is banned\n|rule|HP Percentage Mod: HP is shown in percentages\n|clearpoke\n|poke|p1|Goodra-Hisui, M|\n|poke|p1|Blissey, F|\n|poke|p1|Dondozo, F|\n|poke|p1|Cyclizar, M|\n|poke|p1|Alomomola, F|\n|poke|p1|Clodsire, M|\n|poke|p2|Scizor, F|\n|poke|p2|Ting-Lu|\n|poke|p2|Corviknight, F|\n|poke|p2|Gholdengo|\n|poke|p2|Great Tusk|\n|poke|p2|Iron Moth|\n|teampreview\n|inactive|Chimeling also wants the timer to be on.\n|j| cyberacc\n|j| poXSD\n|j| Zanz5798\n|j|+goldtodd1\n|j| Mesmerised\n|j| Light Tbuild\n|j| GengarAdept\n|l| Mesmerised\n|j| outdated ahh team\n|j| Jeffffdd\n|l| outdated ahh team\n|inactive|knexhawk2 has 120 seconds left.\n|\n|t:|1700409571\n|start\n|switch|p1a: Alomomola|Alomomola, F|100\/100\n|switch|p2a: Scizor|Scizor, F|100\/100\n|turn|1\n|l| Jeffffdd\n|\n|t:|1700409579\n|move|p2a: Scizor|Knock Off|p1a: Alomomola\n|-damage|p1a: Alomomola|68\/100\n|-enditem|p1a: Alomomola|Heavy-Duty Boots|[from] move: Knock Off|[of] p2a: Scizor\n|move|p1a: Alomomola|Scald|p2a: Scizor\n|-damage|p2a: Scizor|84\/100\n|\n|upkeep\n|turn|2\n|\n|t:|1700409589\n|switch|p2a: Gholdengo|Gholdengo|100\/100\n|move|p1a: Alomomola|Scald|p2a: Gholdengo\n|-damage|p2a: Gholdengo|83\/100\n|\n|upkeep\n|turn|3\n|\n|t:|1700409602\n|move|p1a: Alomomola|Protect|p1a: Alomomola\n|-singleturn|p1a: Alomomola|Protect\n|move|p2a: Gholdengo|Make It Rain|p1a: Alomomola\n|-activate|p1a: Alomomola|move: Protect\n|\n|upkeep\n|turn|4\n|\n|t:|1700409611\n|switch|p1a: Blissey|Blissey, F|100\/100\n|move|p2a: Gholdengo|Shadow Ball|p1a: Blissey\n|-immune|p1a: Blissey\n|\n|upkeep\n|turn|5\n|\n|t:|1700409616\n|switch|p2a: Scizor|Scizor, F|84\/100\n|move|p1a: Blissey|Stealth Rock|p2a: Scizor\n|-sidestart|p2: Chimeling|move: Stealth Rock\n|\n|upkeep\n|turn|6\n|\n|t:|1700409626\n|switch|p1a: Alomomola|Alomomola, F|100\/100\n|move|p2a: Scizor|Bug Bite|p1a: Alomomola\n|-damage|p1a: Alomomola|56\/100\n|\n|upkeep\n|turn|7\n|\n|t:|1700409634\n|-terastallize|p2a: Scizor|Bug\n|move|p2a: Scizor|Bug Bite|p1a: Alomomola\n|-damage|p1a: Alomomola|0 fnt\n|faint|p1a: Alomomola\n|\n|upkeep\n|c|\u2606knexhawk2|im throwing lol\n|\n|t:|1700409640\n|switch|p1a: Goodra|Goodra-Hisui, M|100\/100\n|turn|8\n|c| cyberacc|why would you not tect\n|c|\u2606knexhawk2|exactly\n|c|\u2606knexhawk2|dont know why i didnt lmao\n|\n|t:|1700409661\n|switch|p2a: Ting-Lu|Ting-Lu|100\/100\n|-damage|p2a: Ting-Lu|94\/100|[from] Stealth Rock\n|-ability|p2a: Ting-Lu|Vessel of Ruin\n|move|p1a: Goodra|Acid Armor|p1a: Goodra\n|-boost|p1a: Goodra|def|2\n|\n|-heal|p2a: Ting-Lu|100\/100|[from] item: Leftovers\n|upkeep\n|turn|9\n|\n|t:|1700409667\n|move|p1a: Goodra|Body Press|p2a: Ting-Lu\n|-supereffective|p2a: Ting-Lu\n|-damage|p2a: Ting-Lu|44\/100\n|move|p2a: Ting-Lu|Whirlwind|p1a: Goodra\n|drag|p1a: Cyclizar|Cyclizar, M|100\/100\n|\n|-heal|p2a: Ting-Lu|51\/100|[from] item: Leftovers\n|upkeep\n|turn|10\n|\n|t:|1700409672\n|move|p1a: Cyclizar|Knock Off|p2a: Ting-Lu\n|-resisted|p2a: Ting-Lu\n|-damage|p2a: Ting-Lu|44\/100\n|-enditem|p2a: Ting-Lu|Leftovers|[from] move: Knock Off|[of] p1a: Cyclizar\n|move|p2a: Ting-Lu|Spikes|p1a: Cyclizar\n|-sidestart|p1: knexhawk2|Spikes\n|\n|upkeep\n|turn|11\n|c| cyberacc|nvm counter throw\n|c|+goldtodd1|tera bug bug bite so based holy\n|c|\u2606Chimeling|thats what im best at :)\n|inactive|Chimeling has 120 seconds left.\n|c|\u2606knexhawk2|i usually see like tera elec blast\n|\n|t:|1700409712\n|switch|p2a: Great Tusk|Great Tusk|100\/100\n|move|p1a: Cyclizar|Rapid Spin|p2a: Great Tusk\n|-damage|p2a: Great Tusk|88\/100\n|-boost|p1a: Cyclizar|spe|1\n|-sideend|p1: knexhawk2|Spikes|[from] move: Rapid Spin|[of] p1a: Cyclizar\n|\n|upkeep\n|turn|12\n|c|\u2606knexhawk2|but ig it makes sense\n|\n|t:|1700409727\n|move|p1a: Cyclizar|U-turn|p2a: Great Tusk\n|-resisted|p2a: Great Tusk\n|-damage|p2a: Great Tusk|82\/100\n|\n|t:|1700409730\n|switch|p1a: Dondozo|Dondozo, F|100\/100|[from] U-turn\n|move|p2a: Great Tusk|Knock Off|p1a: Dondozo\n|-damage|p1a: Dondozo|86\/100\n|-enditem|p1a: Dondozo|Heavy-Duty Boots|[from] move: Knock Off|[of] p2a: Great Tusk\n|\n|upkeep\n|turn|13\n|inactive|Chimeling has 120 seconds left.\n|\n|t:|1700409739\n|-end|p2a: Great Tusk|Protosynthesis|[silent]\n|switch|p2a: Gholdengo|Gholdengo|83\/100\n|-damage|p2a: Gholdengo|77\/100|[from] Stealth Rock\n|switch|p1a: Cyclizar|Cyclizar, M|100\/100\n|\n|upkeep\n|turn|14\n|inactive|Chimeling has 120 seconds left.\n|j| SadaShidz\ufe0f\n|\n|t:|1700409754\n|switch|p2a: Ting-Lu|Ting-Lu|44\/100\n|-damage|p2a: Ting-Lu|38\/100|[from] Stealth Rock\n|-ability|p2a: Ting-Lu|Vessel of Ruin\n|move|p1a: Cyclizar|Knock Off|p2a: Ting-Lu\n|-resisted|p2a: Ting-Lu\n|-crit|p2a: Ting-Lu\n|-damage|p2a: Ting-Lu|33\/100\n|\n|upkeep\n|turn|15\n|l| SadaShidz\ufe0f\n|inactive|Chimeling has 120 seconds left.\n|\n|t:|1700409766\n|switch|p2a: Great Tusk|Great Tusk|82\/100\n|move|p1a: Cyclizar|Rapid Spin|p2a: Great Tusk\n|-crit|p2a: Great Tusk\n|-damage|p2a: Great Tusk|64\/100\n|-boost|p1a: Cyclizar|spe|1\n|\n|upkeep\n|turn|16\n|\n|t:|1700409770\n|move|p1a: Cyclizar|U-turn|p2a: Great Tusk\n|-resisted|p2a: Great Tusk\n|-damage|p2a: Great Tusk|58\/100\n|\n|t:|1700409771\n|switch|p1a: Dondozo|Dondozo, F|86\/100|[from] U-turn\n|move|p2a: Great Tusk|Rapid Spin|p1a: Dondozo\n|-damage|p1a: Dondozo|79\/100\n|-boost|p2a: Great Tusk|spe|1\n|-sideend|p2: Chimeling|Stealth Rock|[from] move: Rapid Spin|[of] p2a: Great Tusk\n|\n|upkeep\n|turn|17\n|\n|t:|1700409780\n|-end|p2a: Great Tusk|Protosynthesis|[silent]\n|switch|p2a: Gholdengo|Gholdengo|77\/100\n|move|p1a: Dondozo|Waterfall|p2a: Gholdengo\n|-damage|p2a: Gholdengo|47\/100\n|\n|upkeep\n|turn|18\n|c| cyberacc|if that is rest ting lu it could get interesting\n|\n|t:|1700409787\n|switch|p1a: Cyclizar|Cyclizar, M|100\/100\n|move|p2a: Gholdengo|Recover|p2a: Gholdengo\n|-heal|p2a: Gholdengo|97\/100\n|\n|upkeep\n|turn|19\n|c| cyberacc|i think\n|c| cyberacc|o_o\n|c|\u2606knexhawk2|i doubt hes rest on this team but maybe\n|\n|t:|1700409803\n|switch|p2a: Corviknight|Corviknight, F|100\/100\n|-ability|p2a: Corviknight|Pressure\n|move|p1a: Cyclizar|Knock Off|p2a: Corviknight\n|-damage|p2a: Corviknight|88\/100\n|-damage|p1a: Cyclizar|84\/100|[from] item: Rocky Helmet|[of] p2a: Corviknight\n|-enditem|p2a: Corviknight|Rocky Helmet|[from] move: Knock Off|[of] p1a: Cyclizar\n|\n|upkeep\n|turn|20\n|\n|t:|1700409823\n|move|p1a: Cyclizar|U-turn|p2a: Corviknight\n|-resisted|p2a: Corviknight\n|-damage|p2a: Corviknight|85\/100\n|\n|t:|1700409825\n|switch|p1a: Dondozo|Dondozo, F|79\/100|[from] U-turn\n|move|p2a: Corviknight|Body Press|p1a: Dondozo\n|-damage|p1a: Dondozo|67\/100\n|\n|upkeep\n|turn|21\n|inactive|Chimeling has 120 seconds left.\n|\n|t:|1700409853\n|switch|p2a: Gholdengo|Gholdengo|97\/100\n|move|p1a: Dondozo|Waterfall|p2a: Gholdengo\n|-damage|p2a: Gholdengo|66\/100\n|\n|upkeep\n|turn|22\n|inactive|Chimeling has 120 seconds left.\n|\n|t:|1700409878\n|switch|p2a: Scizor|Scizor, F, tera:Bug|84\/100\n|switch|p1a: Blissey|Blissey, F|100\/100\n|\n|upkeep\n|turn|23\n|j| the cringelord zbz\n|j| ademalawerr\n|\n|t:|1700409888\n|switch|p1a: Goodra|Goodra-Hisui, M|100\/100\n|move|p2a: Scizor|U-turn|p1a: Goodra\n|-resisted|p1a: Goodra\n|-damage|p1a: Goodra|74\/100\n|c|\u2606knexhawk2|holy\n|\n|t:|1700409899\n|switch|p2a: Great Tusk|Great Tusk|58\/100|[from] U-turn\n|\n|upkeep\n|turn|24\n|c| cyberacc|what the fuck\n|c| cyberacc|7 trillion bp right there\n|\n|t:|1700409919\n|switch|p1a: Dondozo|Dondozo, F|67\/100\n|move|p2a: Great Tusk|Headlong Rush|p1a: Dondozo\n|-damage|p1a: Dondozo|41\/100\n|-unboost|p2a: Great Tusk|def|1\n|-unboost|p2a: Great Tusk|spd|1\n|\n|upkeep\n|turn|25\n|\n|t:|1700409933\n|-end|p2a: Great Tusk|Protosynthesis|[silent]\n|switch|p2a: Iron Moth|Iron Moth|100\/100\n|move|p1a: Dondozo|Rest|p1a: Dondozo\n|-status|p1a: Dondozo|slp|[from] move: Rest\n|-heal|p1a: Dondozo|100\/100 slp|[silent]\n|\n|upkeep\n|turn|26\n|\n|t:|1700409945\n|-end|p2a: Iron Moth|Quark Drive|[silent]\n|switch|p2a: Scizor|Scizor, F, tera:Bug|84\/100\n|cant|p1a: Dondozo|slp\n|move|p1a: Dondozo|Sleep Talk|p1a: Dondozo\n|move|p1a: Dondozo|Curse|p1a: Dondozo|[from]move: Sleep Talk\n|-unboost|p1a: Dondozo|spe|1\n|-boost|p1a: Dondozo|atk|1\n|-boost|p1a: Dondozo|def|1\n|\n|upkeep\n|turn|27\n|j| Kenpwnchi\n|c|\u2606knexhawk2|called it\n|\n|t:|1700409954\n|move|p2a: Scizor|Bug Bite|p1a: Dondozo\n|-damage|p1a: Dondozo|72\/100 slp\n|cant|p1a: Dondozo|slp\n|move|p1a: Dondozo|Sleep Talk|p1a: Dondozo\n|move|p1a: Dondozo|Curse|p1a: Dondozo|[from]move: Sleep Talk\n|-unboost|p1a: Dondozo|spe|1\n|-boost|p1a: Dondozo|atk|1\n|-boost|p1a: Dondozo|def|1\n|\n|upkeep\n|turn|28\n|\n|t:|1700409963\n|move|p2a: Scizor|Bug Bite|p1a: Dondozo\n|-damage|p1a: Dondozo|51\/100 slp\n|-curestatus|p1a: Dondozo|slp|[msg]\n|move|p1a: Dondozo|Waterfall|p2a: Scizor\n|-damage|p2a: Scizor|33\/100\n|\n|upkeep\n|turn|29\n|\n|t:|1700409972\n|switch|p2a: Ting-Lu|Ting-Lu|33\/100\n|-ability|p2a: Ting-Lu|Vessel of Ruin\n|move|p1a: Dondozo|Waterfall|p2a: Ting-Lu\n|-supereffective|p2a: Ting-Lu\n|-damage|p2a: Ting-Lu|0 fnt\n|faint|p2a: Ting-Lu\n|\n|upkeep\n|\n|t:|1700409977\n|switch|p2a: Iron Moth|Iron Moth|100\/100\n|turn|30\n|\n|t:|1700409980\n|switch|p1a: Blissey|Blissey, F|100\/100\n|move|p2a: Iron Moth|Energy Ball|p1a: Blissey\n|-damage|p1a: Blissey|91\/100\n|\n|upkeep\n|turn|31\n|\n|t:|1700409988\n|-end|p2a: Iron Moth|Quark Drive|[silent]\n|switch|p2a: Great Tusk|Great Tusk|58\/100\n|move|p1a: Blissey|Seismic Toss|p2a: Great Tusk\n|-damage|p2a: Great Tusk|31\/100\n|\n|upkeep\n|turn|32\n|\n|t:|1700409997\n|move|p2a: Great Tusk|Headlong Rush|p1a: Blissey\n|-damage|p1a: Blissey|23\/100\n|-unboost|p2a: Great Tusk|def|1\n|-unboost|p2a: Great Tusk|spd|1\n|move|p1a: Blissey|Seismic Toss|p2a: Great Tusk\n|-damage|p2a: Great Tusk|4\/100\n|\n|upkeep\n|turn|33\n|\n|t:|1700410017\n|switch|p1a: Cyclizar|Cyclizar, M|100\/100\n|move|p2a: Great Tusk|Headlong Rush|p1a: Cyclizar\n|-damage|p1a: Cyclizar|19\/100\n|-unboost|p2a: Great Tusk|def|1\n|-unboost|p2a: Great Tusk|spd|1\n|\n|upkeep\n|turn|34\n|\n|t:|1700410023\n|-end|p2a: Great Tusk|Protosynthesis|[silent]\n|switch|p2a: Corviknight|Corviknight, F|85\/100\n|-ability|p2a: Corviknight|Pressure\n|move|p1a: Cyclizar|U-turn|p2a: Corviknight\n|-resisted|p2a: Corviknight\n|-damage|p2a: Corviknight|83\/100\n|\n|t:|1700410029\n|switch|p1a: Clodsire|Clodsire, M|100\/100|[from] U-turn\n|\n|upkeep\n|turn|35\n|inactive|Chimeling has 120 seconds left.\n|j| Cheesecake9764\n|\n|t:|1700410084\n|switch|p2a: Iron Moth|Iron Moth|100\/100\n|move|p1a: Clodsire|Spikes|p2a: Iron Moth\n|-sidestart|p2: Chimeling|Spikes\n|\n|upkeep\n|turn|36\n|\n|t:|1700410093\n|move|p2a: Iron Moth|Psychic|p1a: Clodsire\n|-supereffective|p1a: Clodsire\n|-damage|p1a: Clodsire|69\/100\n|move|p1a: Clodsire|Amnesia|p1a: Clodsire\n|-boost|p1a: Clodsire|spd|2\n|\n|upkeep\n|turn|37\n|\n|t:|1700410106\n|move|p2a: Iron Moth|Fiery Dance|p1a: Clodsire\n|-crit|p1a: Clodsire\n|-damage|p1a: Clodsire|35\/100\n|-boost|p2a: Iron Moth|spa|1\n|move|p1a: Clodsire|Toxic|p2a: Iron Moth\n|-immune|p2a: Iron Moth\n|\n|upkeep\n|turn|38\n|\n|t:|1700410115\n|move|p2a: Iron Moth|Overheat|p1a: Clodsire\n|-damage|p1a: Clodsire|17\/100\n|-unboost|p2a: Iron Moth|spa|2\n|move|p1a: Clodsire|Recover|p1a: Clodsire\n|-heal|p1a: Clodsire|67\/100\n|\n|upkeep\n|turn|39\n|j| cg academy\n|\n|t:|1700410127\n|-end|p2a: Iron Moth|Quark Drive|[silent]\n|switch|p2a: Gholdengo|Gholdengo|66\/100\n|-damage|p2a: Gholdengo|53\/100|[from] Spikes\n|move|p1a: Clodsire|Amnesia|p1a: Clodsire\n|-boost|p1a: Clodsire|spd|2\n|\n|upkeep\n|turn|40\n|\n|t:|1700410130\n|move|p2a: Gholdengo|Recover|p2a: Gholdengo\n|-heal|p2a: Gholdengo|100\/100\n|move|p1a: Clodsire|Spikes|p2a: Gholdengo\n|-sidestart|p2: Chimeling|Spikes\n|\n|upkeep\n|turn|41\n|inactive|Chimeling has 120 seconds left.\n|\n|t:|1700410140\n|switch|p2a: Great Tusk|Great Tusk|4\/100\n|move|p1a: Clodsire|Toxic|p2a: Great Tusk\n|-status|p2a: Great Tusk|tox\n|\n|-damage|p2a: Great Tusk|0 fnt|[from] psn\n|faint|p2a: Great Tusk\n|-end|p2a: Great Tusk|Protosynthesis|[silent]\n|upkeep\n|inactive|Chimeling has 120 seconds left.\n|c|\u2606knexhawk2|gotcha\n|l|+goldtodd1\n|c|\u2606Chimeling|you did you did\n|\n|t:|1700410172\n|switch|p2a: Gholdengo|Gholdengo|100\/100\n|-damage|p2a: Gholdengo|84\/100|[from] Spikes\n|turn|42\n|c|\u2606knexhawk2|now mr bug can enjoy getting poked  on switch\n|\n|t:|1700410181\n|move|p2a: Gholdengo|Shadow Ball|p1a: Clodsire\n|-damage|p1a: Clodsire|59\/100\n|move|p1a: Clodsire|Amnesia|p1a: Clodsire\n|-boost|p1a: Clodsire|spd|2\n|\n|upkeep\n|turn|43\n|\n|t:|1700410186\n|move|p2a: Gholdengo|Shadow Ball|p1a: Clodsire\n|-damage|p1a: Clodsire|54\/100\n|move|p1a: Clodsire|Spikes|p2a: Gholdengo\n|-sidestart|p2: Chimeling|Spikes\n|\n|upkeep\n|turn|44\n|\n|t:|1700410195\n|switch|p2a: Iron Moth|Iron Moth|100\/100\n|move|p1a: Clodsire|Recover|p1a: Clodsire\n|-heal|p1a: Clodsire|100\/100\n|\n|upkeep\n|turn|45\n|\n|t:|1700410203\n|move|p2a: Iron Moth|Fiery Dance|p1a: Clodsire\n|-damage|p1a: Clodsire|95\/100\n|-boost|p2a: Iron Moth|spa|1\n|move|p1a: Clodsire|Amnesia|p1a: Clodsire\n|-boost|p1a: Clodsire|spd|0\n|\n|upkeep\n|turn|46\n|c|\u2606Chimeling|I think thats game tbh\n|\n|t:|1700410209\n|move|p2a: Iron Moth|Fiery Dance|p1a: Clodsire\n|-damage|p1a: Clodsire|89\/100\n|-boost|p2a: Iron Moth|spa|1\n|move|p1a: Clodsire|Spikes||[still]\n|-fail|p1a: Clodsire\n|\n|upkeep\n|turn|47\n|\n|t:|1700410214\n|move|p2a: Iron Moth|Fiery Dance|p1a: Clodsire\n|-damage|p1a: Clodsire|83\/100\n|move|p1a: Clodsire|Spikes||[still]\n|-fail|p1a: Clodsire\n|\n|upkeep\n|turn|48\n|\n|t:|1700410217\n|move|p2a: Iron Moth|Fiery Dance|p1a: Clodsire\n|-damage|p1a: Clodsire|77\/100\n|-boost|p2a: Iron Moth|spa|1\n|move|p1a: Clodsire|Spikes||[still]\n|-fail|p1a: Clodsire\n|\n|upkeep\n|turn|49\n|c|\u2606knexhawk2|prob\n|c|\u2606knexhawk2|i think dozo just walls this\n|\n|t:|1700410227\n|move|p2a: Iron Moth|Psychic|p1a: Clodsire\n|-supereffective|p1a: Clodsire\n|-damage|p1a: Clodsire|68\/100\n|move|p1a: Clodsire|Spikes||[still]\n|-fail|p1a: Clodsire\n|\n|upkeep\n|turn|50\n|l| the cringelord zbz\n|\n|t:|1700410236\n|move|p2a: Iron Moth|Fiery Dance|p1a: Clodsire\n|-damage|p1a: Clodsire|62\/100\n|move|p1a: Clodsire|Amnesia|p1a: Clodsire\n|-boost|p1a: Clodsire|spd|0\n|\n|upkeep\n|turn|51\n|c| cyberacc|hard in blissey no balls\n|c|\u2606Chimeling|yeah I don't think I get through clod either\n|c|\u2606knexhawk2|its +3 lol\n|\n|t:|1700410259\n|move|p2a: Iron Moth|Psychic|p1a: Clodsire\n|-supereffective|p1a: Clodsire\n|-damage|p1a: Clodsire|54\/100\n|move|p1a: Clodsire|Amnesia|p1a: Clodsire\n|-boost|p1a: Clodsire|spd|0\n|\n|upkeep\n|turn|52\n|c| cyberacc|and\n|c|\u2606knexhawk2|i mean if u crit  like 5 times\n|\n|t:|1700410265\n|move|p2a: Iron Moth|Psychic|p1a: Clodsire\n|-supereffective|p1a: Clodsire\n|-damage|p1a: Clodsire|45\/100\n|move|p1a: Clodsire|Recover|p1a: Clodsire\n|-heal|p1a: Clodsire|95\/100\n|\n|upkeep\n|turn|53\n|j| Dlc 1 Is Here\n|c|\u2606Chimeling|well if i did crit 5 times I should probably not win either XD\n|\n|t:|1700410279\n|move|p2a: Iron Moth|Psychic|p1a: Clodsire\n|-supereffective|p1a: Clodsire\n|-damage|p1a: Clodsire|87\/100\n|move|p1a: Clodsire|Amnesia|p1a: Clodsire\n|-boost|p1a: Clodsire|spd|0\n|\n|upkeep\n|turn|54\n|\n|t:|1700410281\n|move|p2a: Iron Moth|Fiery Dance|p1a: Clodsire\n|-damage|p1a: Clodsire|82\/100\n|-boost|p2a: Iron Moth|spa|1\n|move|p1a: Clodsire|Amnesia|p1a: Clodsire\n|-boost|p1a: Clodsire|spd|0\n|\n|upkeep\n|turn|55\n|\n|t:|1700410285\n|move|p2a: Iron Moth|Psychic|p1a: Clodsire\n|-supereffective|p1a: Clodsire\n|-damage|p1a: Clodsire|73\/100\n|move|p1a: Clodsire|Spikes||[still]\n|-fail|p1a: Clodsire\n|\n|upkeep\n|turn|56\n|\n|t:|1700410288\n|move|p2a: Iron Moth|Psychic|p1a: Clodsire\n|-supereffective|p1a: Clodsire\n|-damage|p1a: Clodsire|64\/100\n|move|p1a: Clodsire|Amnesia|p1a: Clodsire\n|-boost|p1a: Clodsire|spd|0\n|\n|upkeep\n|turn|57\n|c|\u2606Chimeling|i'll spare us\n|c|\u2606Chimeling|ggwp\n|-message|Chimeling forfeited.\n|\n|win|knexhawk2\n|n|\u2606knexhawk2|knexhawk2\n|n|\u2606Chimeling|chimeling\n|n| cyberacc|cyberacc\n|n| poXSD|poxsd\n|n| Zanz5798|zanz5798\n|n| Light Tbuild|lighttbuild\n|n| GengarAdept|gengaradept\n|n| ademalawerr|ademalawerr\n|n| Kenpwnchi|kenpwnchi\n|n| Cheesecake9764|cheesecake9764\n|n| cg academy|cgacademy\n|n| Dlc 1 Is Here|dlc1ishere\n|c|\u2606knexhawk2|ty\n|l| Dlc 1 Is Here\n|l| Zanz5798\n|c|\u2606knexhawk2|ggs ty\n|l| poXSD\n|l|\u2606Chimeling\n|l| cg academy\n|l| Kenpwnchi\n|l| GengarAdept\n|l| Light Tbuild\n|l| ademalawerr\n|j| Stantler is Uber\n","uploadtime":1700410824,"views":7,"p1id":"knexhawk2","p2id":"chimeling","formatid":"gen9ou","rating":0,"private":0,"password":""}