{"id":"gen9ou-1996558649","p1":"mochai hehe","p2":"GwendalVSF","format":"[Gen 9] OU","log":"|j|\u2606mochai hehe\n|j|\u2606GwendalVSF\n|t:|1700694184\n|gametype|singles\n|player|p1|mochai hehe|lass-gen4|1326\n|player|p2|GwendalVSF|colress|1340\n|teamsize|p1|6\n|teamsize|p2|6\n|gen|9\n|tier|[Gen 9] OU\n|rated|\n|rule|Sleep Clause Mod: Limit one foe put to sleep\n|rule|Species Clause: Limit one of each Pok\u00e9mon\n|rule|OHKO Clause: OHKO moves are banned\n|rule|Evasion Items Clause: Evasion items are banned\n|rule|Evasion Moves Clause: Evasion moves are banned\n|rule|Endless Battle Clause: Forcing endless battles is banned\n|rule|HP Percentage Mod: HP is shown in percentages\n|clearpoke\n|poke|p1|Great Tusk|\n|poke|p1|Toxapex, M|\n|poke|p1|Corviknight, F|\n|poke|p1|Clodsire, F|\n|poke|p1|Clefable, M|\n|poke|p1|Jirachi|\n|poke|p2|Corviknight, F|\n|poke|p2|Alomomola, F|\n|poke|p2|Toxapex, M|\n|poke|p2|Garganacl, F|\n|poke|p2|Blissey, F|\n|poke|p2|Clodsire, M|\n|teampreview\n|inactive|Battle timer is ON: inactive players will automatically lose when time's up. (requested by GwendalVSF)\n|c|\u2606mochai hehe|BIG STALL STAYS WINNING\n|c|\u2606mochai hehe|RAAAAAAAAAAAA\n|c|\u2606GwendalVSF|LMAO YES\n|inactive|mochai hehe has 120 seconds left.\n|inactive|GwendalVSF has 120 seconds left.\n|c|\u2606mochai hehe|i dont like that garganacl im ngl\n|\n|t:|1700694230\n|start\n|switch|p1a: Clodsire|Clodsire, F|100\/100\n|switch|p2a: Blissey|Blissey, F|100\/100\n|turn|1\n|c|\u2606GwendalVSF|i love him\n|\n|t:|1700694242\n|switch|p2a: Corviknight|Corviknight, F|100\/100\n|-ability|p2a: Corviknight|Pressure\n|move|p1a: Clodsire|Stealth Rock|p2a: Corviknight\n|-sidestart|p2: GwendalVSF|move: Stealth Rock\n|\n|upkeep\n|turn|2\n|c|\u2606mochai hehe|well now that its on the other side i dont\n|\n|t:|1700694260\n|switch|p1a: Great Tusk|Great Tusk|100\/100\n|move|p2a: Corviknight|Defog|p1a: Great Tusk\n|-unboost|p1a: Great Tusk|evasion|1\n|-sideend|p2: GwendalVSF|Stealth Rock|[from] move: Defog|[of] p2a: Corviknight\n|\n|upkeep\n|turn|3\n|\n|t:|1700694290\n|switch|p2a: Alomomola|Alomomola, F|100\/100\n|move|p1a: Great Tusk|Knock Off|p2a: Alomomola\n|-damage|p2a: Alomomola|86\/100\n|-enditem|p2a: Alomomola|Leftovers|[from] move: Knock Off|[of] p1a: Great Tusk\n|\n|upkeep\n|turn|4\n|\n|t:|1700694298\n|-end|p1a: Great Tusk|Protosynthesis|[silent]\n|switch|p1a: Clodsire|Clodsire, F|100\/100\n|move|p2a: Alomomola|Scald|p1a: Clodsire\n|-immune|p1a: Clodsire|[from] ability: Water Absorb\n|\n|upkeep\n|turn|5\n|\n|t:|1700694308\n|switch|p2a: Corviknight|Corviknight, F|100\/100\n|-ability|p2a: Corviknight|Pressure\n|move|p1a: Clodsire|Stealth Rock|p2a: Corviknight\n|-sidestart|p2: GwendalVSF|move: Stealth Rock\n|\n|upkeep\n|turn|6\n|\n|t:|1700694320\n|switch|p1a: Great Tusk|Great Tusk|100\/100\n|move|p2a: Corviknight|Defog|p1a: Great Tusk\n|-unboost|p1a: Great Tusk|evasion|1\n|-sideend|p2: GwendalVSF|Stealth Rock|[from] move: Defog|[of] p2a: Corviknight\n|\n|upkeep\n|turn|7\n|\n|t:|1700694342\n|switch|p2a: Alomomola|Alomomola, F|100\/100\n|move|p1a: Great Tusk|Knock Off|p2a: Alomomola\n|-damage|p2a: Alomomola|91\/100\n|\n|upkeep\n|turn|8\n|\n|t:|1700694348\n|-end|p1a: Great Tusk|Protosynthesis|[silent]\n|switch|p1a: Clodsire|Clodsire, F|100\/100\n|move|p2a: Alomomola|Ice Beam|p1a: Clodsire\n|-supereffective|p1a: Clodsire\n|-damage|p1a: Clodsire|90\/100\n|-status|p1a: Clodsire|frz\n|\n|-heal|p1a: Clodsire|96\/100 frz|[from] item: Leftovers\n|upkeep\n|turn|9\n|c|\u2606mochai hehe|nasty\n|\n|t:|1700694361\n|switch|p2a: Blissey|Blissey, F|100\/100\n|cant|p1a: Clodsire|frz\n|\n|-heal|p1a: Clodsire|100\/100 frz|[from] item: Leftovers\n|upkeep\n|turn|10\n|\n|t:|1700694370\n|move|p2a: Blissey|Stealth Rock|p1a: Clodsire\n|-sidestart|p1: mochai hehe|move: Stealth Rock\n|cant|p1a: Clodsire|frz\n|\n|upkeep\n|turn|11\n|c|\u2606mochai hehe|plsplspls thaw\n|\n|t:|1700694382\n|switch|p2a: Toxapex|Toxapex, M|100\/100\n|cant|p1a: Clodsire|frz\n|\n|upkeep\n|turn|12\n|\n|t:|1700694391\n|move|p2a: Toxapex|Toxic Spikes|p1a: Clodsire\n|-sidestart|p1: mochai hehe|move: Toxic Spikes\n|-curestatus|p1a: Clodsire|frz|[msg]\n|move|p1a: Clodsire|Stealth Rock|p2a: Toxapex\n|-sidestart|p2: GwendalVSF|move: Stealth Rock\n|\n|upkeep\n|turn|13\n|\n|t:|1700694404\n|switch|p2a: Alomomola|Alomomola, F|100\/100\n|-damage|p2a: Alomomola|88\/100|[from] Stealth Rock\n|switch|p1a: Toxapex|Toxapex, M|100\/100\n|-damage|p1a: Toxapex|88\/100|[from] Stealth Rock\n|-sideend|p1: mochai hehe|move: Toxic Spikes|[of] p1a: Toxapex\n|\n|-heal|p1a: Toxapex|94\/100|[from] item: Black Sludge\n|upkeep\n|turn|14\n|\n|t:|1700694416\n|switch|p2a: Corviknight|Corviknight, F|100\/100\n|-damage|p2a: Corviknight|88\/100|[from] Stealth Rock\n|-ability|p2a: Corviknight|Pressure\n|move|p1a: Toxapex|Toxic|p2a: Corviknight\n|-immune|p2a: Corviknight\n|\n|-heal|p1a: Toxapex|100\/100|[from] item: Black Sludge\n|upkeep\n|turn|15\n|\n|t:|1700694431\n|move|p2a: Corviknight|Roost|p2a: Corviknight\n|-heal|p2a: Corviknight|100\/100\n|-singleturn|p2a: Corviknight|move: Roost\n|move|p1a: Toxapex|Chilling Water|p2a: Corviknight\n|-damage|p2a: Corviknight|90\/100\n|-unboost|p2a: Corviknight|atk|1\n|\n|upkeep\n|turn|16\n|\n|t:|1700694439\n|move|p2a: Corviknight|Defog|p1a: Toxapex\n|-unboost|p1a: Toxapex|evasion|1\n|-sideend|p1: mochai hehe|Stealth Rock|[from] move: Defog|[of] p2a: Corviknight\n|-sideend|p2: GwendalVSF|Stealth Rock|[from] move: Defog|[of] p2a: Corviknight\n|move|p1a: Toxapex|Chilling Water|p2a: Corviknight\n|-damage|p2a: Corviknight|79\/100\n|-unboost|p2a: Corviknight|atk|1\n|\n|upkeep\n|turn|17\n|\n|t:|1700694450\n|switch|p1a: Great Tusk|Great Tusk|100\/100\n|move|p2a: Corviknight|Defog|p1a: Great Tusk\n|-unboost|p1a: Great Tusk|evasion|1\n|\n|upkeep\n|turn|18\n|\n|t:|1700694468\n|switch|p2a: Alomomola|Alomomola, F|100\/100\n|move|p1a: Great Tusk|Knock Off|p2a: Alomomola\n|-crit|p2a: Alomomola\n|-damage|p2a: Alomomola|84\/100\n|\n|upkeep\n|turn|19\n|\n|t:|1700694477\n|-end|p1a: Great Tusk|Protosynthesis|[silent]\n|switch|p1a: Clodsire|Clodsire, F|100\/100\n|move|p2a: Alomomola|Ice Beam|p1a: Clodsire\n|-supereffective|p1a: Clodsire\n|-damage|p1a: Clodsire|88\/100\n|\n|-heal|p1a: Clodsire|95\/100|[from] item: Leftovers\n|upkeep\n|turn|20\n|\n|t:|1700694493\n|switch|p2a: Corviknight|Corviknight, F|79\/100\n|-ability|p2a: Corviknight|Pressure\n|move|p1a: Clodsire|Stealth Rock|p2a: Corviknight\n|-sidestart|p2: GwendalVSF|move: Stealth Rock\n|\n|-heal|p1a: Clodsire|100\/100|[from] item: Leftovers\n|upkeep\n|turn|21\n|\n|t:|1700694510\n|switch|p1a: Great Tusk|Great Tusk|100\/100\n|move|p2a: Corviknight|Defog|p1a: Great Tusk\n|-unboost|p1a: Great Tusk|evasion|1\n|-sideend|p2: GwendalVSF|Stealth Rock|[from] move: Defog|[of] p2a: Corviknight\n|\n|upkeep\n|turn|22\n|\n|t:|1700694535\n|switch|p2a: Alomomola|Alomomola, F|100\/100\n|move|p1a: Great Tusk|Knock Off|p2a: Alomomola\n|-damage|p2a: Alomomola|90\/100\n|\n|upkeep\n|turn|23\n|\n|t:|1700694540\n|-end|p1a: Great Tusk|Protosynthesis|[silent]\n|switch|p1a: Clodsire|Clodsire, F|100\/100\n|move|p2a: Alomomola|Ice Beam|p1a: Clodsire\n|-supereffective|p1a: Clodsire\n|-damage|p1a: Clodsire|89\/100\n|\n|-heal|p1a: Clodsire|95\/100|[from] item: Leftovers\n|upkeep\n|turn|24\n|\n|t:|1700694548\n|switch|p2a: Corviknight|Corviknight, F|79\/100\n|-ability|p2a: Corviknight|Pressure\n|move|p1a: Clodsire|Stealth Rock|p2a: Corviknight\n|-sidestart|p2: GwendalVSF|move: Stealth Rock\n|\n|-heal|p1a: Clodsire|100\/100|[from] item: Leftovers\n|upkeep\n|turn|25\n|\n|t:|1700694565\n|switch|p1a: Great Tusk|Great Tusk|100\/100\n|move|p2a: Corviknight|Defog|p1a: Great Tusk\n|-unboost|p1a: Great Tusk|evasion|1\n|-sideend|p2: GwendalVSF|Stealth Rock|[from] move: Defog|[of] p2a: Corviknight\n|\n|upkeep\n|turn|26\n|inactiveoff|Battle timer is now OFF.\n|\n|t:|1700694576\n|-end|p1a: Great Tusk|Protosynthesis|[silent]\n|switch|p1a: Toxapex|Toxapex, M|100\/100\n|switch|p2a: Alomomola|Alomomola, F|100\/100\n|\n|upkeep\n|turn|27\n|\n|t:|1700694583\n|switch|p2a: Corviknight|Corviknight, F|79\/100\n|-ability|p2a: Corviknight|Pressure\n|move|p1a: Toxapex|Toxic|p2a: Corviknight\n|-immune|p2a: Corviknight\n|\n|upkeep\n|turn|28\n|\n|t:|1700694591\n|switch|p1a: Corviknight|Corviknight, F|100\/100\n|move|p2a: Corviknight|Defog||[still]\n|-ability|p1a: Corviknight|Mirror Armor\n|-unboost|p2a: Corviknight|evasion|1\n|-fail|p2a: Corviknight\n|\n|upkeep\n|turn|29\n|\n|t:|1700694607\n|switch|p2a: Toxapex|Toxapex, M|100\/100\n|move|p1a: Corviknight|Body Press|p2a: Toxapex\n|-resisted|p2a: Toxapex\n|-damage|p2a: Toxapex|93\/100\n|\n|-heal|p2a: Toxapex|99\/100|[from] item: Leftovers\n|upkeep\n|turn|30\n|inactive|Battle timer is ON: inactive players will automatically lose when time's up. (requested by mochai hehe)\n|\n|t:|1700694618\n|switch|p1a: Clodsire|Clodsire, F|100\/100\n|move|p2a: Toxapex|Toxic Spikes|p1a: Clodsire\n|-sidestart|p1: mochai hehe|move: Toxic Spikes\n|\n|-heal|p2a: Toxapex|100\/100|[from] item: Leftovers\n|upkeep\n|turn|31\n|\n|t:|1700694624\n|switch|p2a: Corviknight|Corviknight, F|79\/100\n|-ability|p2a: Corviknight|Pressure\n|move|p1a: Clodsire|Earthquake|p2a: Corviknight\n|-immune|p2a: Corviknight\n|\n|upkeep\n|turn|32\n|\n|t:|1700694636\n|move|p2a: Corviknight|Brave Bird|p1a: Clodsire\n|-damage|p1a: Clodsire|58\/100\n|-damage|p2a: Corviknight|63\/100|[from] Recoil\n|move|p1a: Clodsire|Stealth Rock|p2a: Corviknight\n|-sidestart|p2: GwendalVSF|move: Stealth Rock\n|\n|-heal|p1a: Clodsire|65\/100|[from] item: Leftovers\n|upkeep\n|turn|33\n|\n|t:|1700694645\n|switch|p1a: Toxapex|Toxapex, M|100\/100\n|-sideend|p1: mochai hehe|move: Toxic Spikes|[of] p1a: Toxapex\n|move|p2a: Corviknight|Roost|p2a: Corviknight\n|-heal|p2a: Corviknight|100\/100\n|-singleturn|p2a: Corviknight|move: Roost\n|\n|upkeep\n|turn|34\n|\n|t:|1700694652\n|move|p2a: Corviknight|Defog|p1a: Toxapex\n|-unboost|p1a: Toxapex|evasion|1\n|-sideend|p2: GwendalVSF|Stealth Rock|[from] move: Defog|[of] p2a: Corviknight\n|move|p1a: Toxapex|Chilling Water|p2a: Corviknight\n|-damage|p2a: Corviknight|90\/100\n|-unboost|p2a: Corviknight|atk|1\n|\n|upkeep\n|turn|35\n|\n|t:|1700694673\n|switch|p2a: Clodsire|Clodsire, M|100\/100\n|switch|p1a: Great Tusk|Great Tusk|100\/100\n|\n|upkeep\n|turn|36\n|\n|t:|1700694682\n|switch|p2a: Alomomola|Alomomola, F|100\/100\n|move|p1a: Great Tusk|Knock Off|p2a: Alomomola\n|-damage|p2a: Alomomola|90\/100\n|\n|upkeep\n|turn|37\n|\n|t:|1700694687\n|-end|p1a: Great Tusk|Protosynthesis|[silent]\n|switch|p1a: Clodsire|Clodsire, F|65\/100\n|move|p2a: Alomomola|Ice Beam|p1a: Clodsire\n|-supereffective|p1a: Clodsire\n|-damage|p1a: Clodsire|54\/100\n|\n|-heal|p1a: Clodsire|60\/100|[from] item: Leftovers\n|upkeep\n|turn|38\n|\n|t:|1700694694\n|move|p2a: Alomomola|Ice Beam|p1a: Clodsire\n|-supereffective|p1a: Clodsire\n|-damage|p1a: Clodsire|49\/100\n|move|p1a: Clodsire|Stealth Rock|p2a: Alomomola\n|-sidestart|p2: GwendalVSF|move: Stealth Rock\n|\n|-heal|p1a: Clodsire|56\/100|[from] item: Leftovers\n|upkeep\n|turn|39\n|\n|t:|1700694705\n|move|p2a: Alomomola|Ice Beam|p1a: Clodsire\n|-supereffective|p1a: Clodsire\n|-damage|p1a: Clodsire|44\/100\n|-status|p1a: Clodsire|frz\n|cant|p1a: Clodsire|frz\n|\n|-heal|p1a: Clodsire|51\/100 frz|[from] item: Leftovers\n|upkeep\n|turn|40\n|c|\u2606mochai hehe|no wayyy\n|\n|t:|1700694722\n|switch|p2a: Blissey|Blissey, F|100\/100\n|-damage|p2a: Blissey|88\/100|[from] Stealth Rock\n|switch|p1a: Toxapex|Toxapex, M|100\/100\n|\n|-heal|p2a: Blissey|94\/100|[from] item: Leftovers\n|upkeep\n|turn|41\n|\n|t:|1700694735\n|switch|p2a: Clodsire|Clodsire, M|100\/100\n|-damage|p2a: Clodsire|94\/100|[from] Stealth Rock\n|switch|p1a: Clefable|Clefable, M|100\/100\n|\n|-heal|p2a: Clodsire|100\/100|[from] item: Leftovers\n|upkeep\n|turn|42\n|\n|t:|1700694748\n|move|p1a: Clefable|Knock Off|p2a: Clodsire\n|-damage|p2a: Clodsire|80\/100\n|-enditem|p2a: Clodsire|Leftovers|[from] move: Knock Off|[of] p1a: Clefable\n|move|p2a: Clodsire|Spikes|p1a: Clefable\n|-sidestart|p1: mochai hehe|Spikes\n|\n|upkeep\n|turn|43\n|\n|t:|1700694754\n|switch|p1a: Great Tusk|Great Tusk|100\/100\n|-damage|p1a: Great Tusk|88\/100|[from] Spikes\n|move|p2a: Clodsire|Spikes|p1a: Great Tusk\n|-sidestart|p1: mochai hehe|Spikes\n|\n|-heal|p1a: Great Tusk|94\/100|[from] item: Leftovers\n|upkeep\n|turn|44\n|\n|t:|1700694762\n|switch|p2a: Alomomola|Alomomola, F|100\/100\n|-damage|p2a: Alomomola|88\/100|[from] Stealth Rock\n|move|p1a: Great Tusk|Rapid Spin|p2a: Alomomola\n|-damage|p2a: Alomomola|80\/100\n|-boost|p1a: Great Tusk|spe|1\n|-sideend|p1: mochai hehe|Spikes|[from] move: Rapid Spin|[of] p1a: Great Tusk\n|\n|-heal|p1a: Great Tusk|100\/100|[from] item: Leftovers\n|upkeep\n|turn|45\n|\n|t:|1700694774\n|-end|p1a: Great Tusk|Protosynthesis|[silent]\n|switch|p1a: Clefable|Clefable, M|100\/100\n|move|p2a: Alomomola|Scald|p1a: Clefable\n|-damage|p1a: Clefable|91\/100\n|\n|-heal|p1a: Clefable|97\/100|[from] item: Leftovers\n|upkeep\n|turn|46\n|\n|t:|1700694787\n|switch|p2a: Clodsire|Clodsire, M|80\/100\n|-damage|p2a: Clodsire|74\/100|[from] Stealth Rock\n|move|p1a: Clefable|Wish|p1a: Clefable\n|\n|-heal|p1a: Clefable|100\/100|[from] item: Leftovers\n|upkeep\n|turn|47\n|\n|t:|1700694795\n|move|p1a: Clefable|Ice Beam|p2a: Clodsire\n|-supereffective|p2a: Clodsire\n|-damage|p2a: Clodsire|52\/100\n|-status|p2a: Clodsire|frz\n|cant|p2a: Clodsire|frz\n|\n|upkeep\n|turn|48\n|\n|t:|1700694809\n|switch|p1a: Clodsire|Clodsire, F|51\/100 frz\n|switch|p2a: Blissey|Blissey, F|94\/100\n|-damage|p2a: Blissey|82\/100|[from] Stealth Rock\n|\n|-heal|p2a: Blissey|88\/100|[from] item: Leftovers\n|-heal|p1a: Clodsire|57\/100 frz|[from] item: Leftovers\n|upkeep\n|turn|49\n|\n|t:|1700694819\n|move|p2a: Blissey|Stealth Rock|p1a: Clodsire\n|-sidestart|p1: mochai hehe|move: Stealth Rock\n|cant|p1a: Clodsire|frz\n|\n|-heal|p2a: Blissey|94\/100|[from] item: Leftovers\n|-heal|p1a: Clodsire|63\/100 frz|[from] item: Leftovers\n|upkeep\n|turn|50\n|\n|t:|1700694828\n|switch|p2a: Toxapex|Toxapex, M|100\/100\n|-damage|p2a: Toxapex|88\/100|[from] Stealth Rock\n|cant|p1a: Clodsire|frz\n|\n|-heal|p2a: Toxapex|94\/100|[from] item: Leftovers\n|-heal|p1a: Clodsire|69\/100 frz|[from] item: Leftovers\n|upkeep\n|turn|51\n|\n|t:|1700694837\n|move|p2a: Toxapex|Toxic Spikes|p1a: Clodsire\n|-sidestart|p1: mochai hehe|move: Toxic Spikes\n|-curestatus|p1a: Clodsire|frz|[msg]\n|move|p1a: Clodsire|Earthquake|p2a: Toxapex\n|-supereffective|p2a: Toxapex\n|-damage|p2a: Toxapex|63\/100\n|\n|-heal|p2a: Toxapex|69\/100|[from] item: Leftovers\n|-heal|p1a: Clodsire|76\/100|[from] item: Leftovers\n|upkeep\n|turn|52\n|\n|t:|1700694851\n|switch|p2a: Corviknight|Corviknight, F|90\/100\n|-damage|p2a: Corviknight|77\/100|[from] Stealth Rock\n|-ability|p2a: Corviknight|Pressure\n|switch|p1a: Toxapex|Toxapex, M|100\/100\n|-damage|p1a: Toxapex|88\/100|[from] Stealth Rock\n|-sideend|p1: mochai hehe|move: Toxic Spikes|[of] p1a: Toxapex\n|\n|-heal|p1a: Toxapex|94\/100|[from] item: Black Sludge\n|upkeep\n|turn|53\n|\n|t:|1700694876\n|switch|p2a: Clodsire|Clodsire, M|52\/100 frz\n|-damage|p2a: Clodsire|46\/100 frz|[from] Stealth Rock\n|move|p1a: Toxapex|Haze|p1a: Toxapex\n|-clearallboost\n|\n|-heal|p1a: Toxapex|100\/100|[from] item: Black Sludge\n|upkeep\n|turn|54\n|\n|t:|1700694884\n|switch|p1a: Great Tusk|Great Tusk|100\/100\n|-damage|p1a: Great Tusk|98\/100|[from] Stealth Rock\n|-curestatus|p2a: Clodsire|frz|[msg]\n|move|p2a: Clodsire|Recover|p2a: Clodsire\n|-heal|p2a: Clodsire|96\/100\n|\n|-heal|p1a: Great Tusk|100\/100|[from] item: Leftovers\n|upkeep\n|turn|55\n|\n|t:|1700694896\n|-end|p1a: Great Tusk|Protosynthesis|[silent]\n|switch|p1a: Clefable|Clefable, M|100\/100\n|switch|p2a: Alomomola|Alomomola, F|100\/100\n|-damage|p2a: Alomomola|88\/100|[from] Stealth Rock\n|\n|upkeep\n|turn|56\n|\n|t:|1700694905\n|switch|p2a: Blissey|Blissey, F|94\/100\n|-damage|p2a: Blissey|82\/100|[from] Stealth Rock\n|move|p1a: Clefable|Moonblast|p2a: Blissey\n|-damage|p2a: Blissey|73\/100\n|\n|-heal|p2a: Blissey|79\/100|[from] item: Leftovers\n|upkeep\n|turn|57\n|\n|t:|1700694916\n|move|p2a: Blissey|Shadow Ball|p1a: Clefable\n|-damage|p1a: Clefable|91\/100\n|move|p1a: Clefable|Knock Off|p2a: Blissey\n|-damage|p2a: Blissey|46\/100\n|-enditem|p2a: Blissey|Leftovers|[from] move: Knock Off|[of] p1a: Clefable\n|\n|-heal|p1a: Clefable|97\/100|[from] item: Leftovers\n|upkeep\n|turn|58\n|c|\u2606mochai hehe|shadow ball is wild\n|\n|t:|1700694936\n|move|p2a: Blissey|Soft-Boiled|p2a: Blissey\n|-heal|p2a: Blissey|96\/100\n|move|p1a: Clefable|Knock Off|p2a: Blissey\n|-damage|p2a: Blissey|74\/100\n|\n|-heal|p1a: Clefable|100\/100|[from] item: Leftovers\n|upkeep\n|turn|59\n|\n|t:|1700694945\n|move|p2a: Blissey|Shadow Ball|p1a: Clefable\n|-damage|p1a: Clefable|92\/100\n|move|p1a: Clefable|Knock Off|p2a: Blissey\n|-damage|p2a: Blissey|52\/100\n|\n|-heal|p1a: Clefable|98\/100|[from] item: Leftovers\n|upkeep\n|turn|60\n|\n|t:|1700694953\n|move|p2a: Blissey|Protect|p2a: Blissey\n|-singleturn|p2a: Blissey|Protect\n|move|p1a: Clefable|Knock Off|p2a: Blissey\n|-activate|p2a: Blissey|move: Protect\n|\n|-heal|p1a: Clefable|100\/100|[from] item: Leftovers\n|upkeep\n|turn|61\n|\n|t:|1700694962\n|move|p2a: Blissey|Soft-Boiled|p2a: Blissey\n|-heal|p2a: Blissey|100\/100\n|move|p1a: Clefable|Knock Off|p2a: Blissey\n|-damage|p2a: Blissey|79\/100\n|\n|upkeep\n|turn|62\n|\n|t:|1700694967\n|move|p2a: Blissey|Shadow Ball|p1a: Clefable\n|-damage|p1a: Clefable|91\/100\n|move|p1a: Clefable|Knock Off|p2a: Blissey\n|-damage|p2a: Blissey|55\/100\n|\n|-heal|p1a: Clefable|97\/100|[from] item: Leftovers\n|upkeep\n|turn|63\n|\n|t:|1700694974\n|move|p2a: Blissey|Shadow Ball|p1a: Clefable\n|-damage|p1a: Clefable|87\/100\n|move|p1a: Clefable|Knock Off|p2a: Blissey\n|-damage|p2a: Blissey|32\/100\n|\n|-heal|p1a: Clefable|93\/100|[from] item: Leftovers\n|upkeep\n|turn|64\n|\n|t:|1700694981\n|move|p2a: Blissey|Soft-Boiled|p2a: Blissey\n|-heal|p2a: Blissey|82\/100\n|move|p1a: Clefable|Knock Off|p2a: Blissey\n|-damage|p2a: Blissey|62\/100\n|\n|-heal|p1a: Clefable|99\/100|[from] item: Leftovers\n|upkeep\n|turn|65\n|\n|t:|1700694990\n|move|p2a: Blissey|Protect|p2a: Blissey\n|-singleturn|p2a: Blissey|Protect\n|move|p1a: Clefable|Knock Off|p2a: Blissey\n|-activate|p2a: Blissey|move: Protect\n|\n|-heal|p1a: Clefable|100\/100|[from] item: Leftovers\n|upkeep\n|turn|66\n|\n|t:|1700695006\n|move|p2a: Blissey|Shadow Ball|p1a: Clefable\n|-damage|p1a: Clefable|91\/100\n|-unboost|p1a: Clefable|spd|1\n|move|p1a: Clefable|Ice Beam|p2a: Blissey\n|-damage|p2a: Blissey|56\/100\n|\n|-heal|p1a: Clefable|97\/100|[from] item: Leftovers\n|upkeep\n|turn|67\n|\n|t:|1700695015\n|move|p2a: Blissey|Shadow Ball|p1a: Clefable\n|-damage|p1a: Clefable|83\/100\n|move|p1a: Clefable|Wish|p1a: Clefable\n|\n|-heal|p1a: Clefable|89\/100|[from] item: Leftovers\n|upkeep\n|turn|68\n|\n|t:|1700695021\n|switch|p1a: Clodsire|Clodsire, F|76\/100\n|-damage|p1a: Clodsire|69\/100|[from] Stealth Rock\n|move|p2a: Blissey|Soft-Boiled|p2a: Blissey\n|-heal|p2a: Blissey|100\/100\n|\n|-heal|p1a: Clodsire|100\/100|[from] move: Wish|[wisher] Clefable\n|upkeep\n|turn|69\n|\n|t:|1700695047\n|switch|p2a: Corviknight|Corviknight, F|77\/100\n|-damage|p2a: Corviknight|65\/100|[from] Stealth Rock\n|-ability|p2a: Corviknight|Pressure\n|switch|p1a: Toxapex|Toxapex, M|100\/100\n|-damage|p1a: Toxapex|88\/100|[from] Stealth Rock\n|\n|-heal|p1a: Toxapex|94\/100|[from] item: Black Sludge\n|upkeep\n|turn|70\n|\n|t:|1700695059\n|move|p2a: Corviknight|Defog|p1a: Toxapex\n|-unboost|p1a: Toxapex|evasion|1\n|-sideend|p1: mochai hehe|Stealth Rock|[from] move: Defog|[of] p2a: Corviknight\n|-sideend|p2: GwendalVSF|Stealth Rock|[from] move: Defog|[of] p2a: Corviknight\n|move|p1a: Toxapex|Haze|p1a: Toxapex\n|-clearallboost\n|\n|-heal|p1a: Toxapex|100\/100|[from] item: Black Sludge\n|upkeep\n|turn|71\n|\n|t:|1700695068\n|move|p2a: Corviknight|Roost|p2a: Corviknight\n|-heal|p2a: Corviknight|100\/100\n|-singleturn|p2a: Corviknight|move: Roost\n|move|p1a: Toxapex|Haze|p1a: Toxapex\n|-clearallboost\n|\n|upkeep\n|turn|72\n|\n|t:|1700695079\n|switch|p2a: Clodsire|Clodsire, M|96\/100\n|move|p1a: Toxapex|Haze|p1a: Toxapex\n|-clearallboost\n|\n|upkeep\n|turn|73\n|\n|t:|1700695085\n|switch|p1a: Great Tusk|Great Tusk|100\/100\n|move|p2a: Clodsire|Spikes|p1a: Great Tusk\n|-sidestart|p1: mochai hehe|Spikes\n|\n|upkeep\n|turn|74\n|\n|t:|1700695105\n|switch|p2a: Alomomola|Alomomola, F|100\/100\n|move|p1a: Great Tusk|Headlong Rush|p2a: Alomomola\n|-crit|p2a: Alomomola\n|-damage|p2a: Alomomola|59\/100\n|-unboost|p1a: Great Tusk|def|1\n|-unboost|p1a: Great Tusk|spd|1\n|\n|upkeep\n|turn|75\n|c|\u2606GwendalVSF|it will be so long omg xD\n|\n|t:|1700695114\n|-end|p1a: Great Tusk|Protosynthesis|[silent]\n|switch|p1a: Clodsire|Clodsire, F|100\/100\n|-damage|p1a: Clodsire|88\/100|[from] Spikes\n|move|p2a: Alomomola|Wish|p2a: Alomomola\n|\n|-heal|p1a: Clodsire|94\/100|[from] item: Leftovers\n|upkeep\n|turn|76\n|c|\u2606mochai hehe|yuppp\n|\n|t:|1700695121\n|move|p2a: Alomomola|Protect|p2a: Alomomola\n|-singleturn|p2a: Alomomola|Protect\n|move|p1a: Clodsire|Stealth Rock|p2a: Alomomola\n|-sidestart|p2: GwendalVSF|move: Stealth Rock\n|\n|-heal|p2a: Alomomola|100\/100|[from] move: Wish|[wisher] Alomomola\n|-heal|p1a: Clodsire|100\/100|[from] item: Leftovers\n|upkeep\n|turn|77\n|\n|t:|1700695133\n|switch|p2a: Corviknight|Corviknight, F|100\/100\n|-damage|p2a: Corviknight|88\/100|[from] Stealth Rock\n|-ability|p2a: Corviknight|Pressure\n|move|p1a: Clodsire|Toxic|p2a: Corviknight\n|-immune|p2a: Corviknight\n|\n|upkeep\n|turn|78\n|\n|t:|1700695142\n|switch|p1a: Great Tusk|Great Tusk|100\/100\n|-damage|p1a: Great Tusk|88\/100|[from] Spikes\n|move|p2a: Corviknight|Defog|p1a: Great Tusk\n|-unboost|p1a: Great Tusk|evasion|1\n|-sideend|p1: mochai hehe|Spikes|[from] move: Defog|[of] p2a: Corviknight\n|-sideend|p2: GwendalVSF|Stealth Rock|[from] move: Defog|[of] p2a: Corviknight\n|\n|-heal|p1a: Great Tusk|94\/100|[from] item: Leftovers\n|upkeep\n|turn|79\n|\n|t:|1700695153\n|switch|p2a: Alomomola|Alomomola, F|100\/100\n|move|p1a: Great Tusk|Rapid Spin|p2a: Alomomola\n|-damage|p2a: Alomomola|93\/100\n|-boost|p1a: Great Tusk|spe|1\n|\n|-heal|p1a: Great Tusk|100\/100|[from] item: Leftovers\n|upkeep\n|turn|80\n|\n|t:|1700695162\n|-end|p1a: Great Tusk|Protosynthesis|[silent]\n|switch|p1a: Clodsire|Clodsire, F|100\/100\n|move|p2a: Alomomola|Ice Beam|p1a: Clodsire\n|-supereffective|p1a: Clodsire\n|-damage|p1a: Clodsire|90\/100\n|-status|p1a: Clodsire|frz\n|\n|-heal|p1a: Clodsire|96\/100 frz|[from] item: Leftovers\n|upkeep\n|turn|81\n|c|\u2606GwendalVSF|3 times\n|c|\u2606mochai hehe|yuppp\n|\n|t:|1700695173\n|switch|p2a: Blissey|Blissey, F|100\/100\n|-curestatus|p1a: Clodsire|frz|[msg]\n|move|p1a: Clodsire|Stealth Rock|p2a: Blissey\n|-sidestart|p2: GwendalVSF|move: Stealth Rock\n|\n|-heal|p1a: Clodsire|100\/100|[from] item: Leftovers\n|upkeep\n|turn|82\n|c|\u2606mochai hehe|thats wild\n|\n|t:|1700695180\n|move|p2a: Blissey|Stealth Rock|p1a: Clodsire\n|-sidestart|p1: mochai hehe|move: Stealth Rock\n|move|p1a: Clodsire|Earthquake|p2a: Blissey\n|-crit|p2a: Blissey\n|-damage|p2a: Blissey|18\/100\n|\n|upkeep\n|turn|83\n|\n|t:|1700695191\n|switch|p2a: Corviknight|Corviknight, F|88\/100\n|-damage|p2a: Corviknight|75\/100|[from] Stealth Rock\n|-ability|p2a: Corviknight|Pressure\n|move|p1a: Clodsire|Earthquake|p2a: Corviknight\n|-immune|p2a: Corviknight\n|\n|upkeep\n|turn|84\n|\n|t:|1700695200\n|move|p2a: Corviknight|Defog|p1a: Clodsire\n|-unboost|p1a: Clodsire|evasion|1\n|-sideend|p1: mochai hehe|Stealth Rock|[from] move: Defog|[of] p2a: Corviknight\n|-sideend|p2: GwendalVSF|Stealth Rock|[from] move: Defog|[of] p2a: Corviknight\n|move|p1a: Clodsire|Stealth Rock|p2a: Corviknight\n|-sidestart|p2: GwendalVSF|move: Stealth Rock\n|\n|upkeep\n|turn|85\n|\n|t:|1700695221\n|switch|p1a: Great Tusk|Great Tusk|100\/100\n|move|p2a: Corviknight|U-turn|p1a: Great Tusk\n|-resisted|p1a: Great Tusk\n|-damage|p1a: Great Tusk|96\/100\n|\n|t:|1700695227\n|switch|p2a: Alomomola|Alomomola, F|100\/100|[from] U-turn\n|-damage|p2a: Alomomola|88\/100|[from] Stealth Rock\n|\n|-heal|p1a: Great Tusk|100\/100|[from] item: Leftovers\n|upkeep\n|turn|86\n|\n|t:|1700695237\n|-end|p1a: Great Tusk|Protosynthesis|[silent]\n|switch|p1a: Clodsire|Clodsire, F|100\/100\n|move|p2a: Alomomola|Wish|p2a: Alomomola\n|\n|upkeep\n|turn|87\n|\n|t:|1700695250\n|switch|p2a: Corviknight|Corviknight, F|75\/100\n|-damage|p2a: Corviknight|63\/100|[from] Stealth Rock\n|-ability|p2a: Corviknight|Pressure\n|switch|p1a: Clefable|Clefable, M|89\/100\n|\n|-heal|p2a: Corviknight|100\/100|[from] move: Wish|[wisher] Alomomola\n|-heal|p1a: Clefable|95\/100|[from] item: Leftovers\n|upkeep\n|turn|88\n|\n|t:|1700695265\n|switch|p2a: Blissey|Blissey, F|18\/100\n|-damage|p2a: Blissey|5\/100|[from] Stealth Rock\n|switch|p1a: Clodsire|Clodsire, F|100\/100\n|\n|upkeep\n|turn|89\n|\n|t:|1700695280\n|switch|p1a: Great Tusk|Great Tusk|100\/100\n|move|p2a: Blissey|Protect||[still]\n|-fail|p2a: Blissey\n|\n|upkeep\n|turn|90\n|\n|t:|1700695287\n|switch|p2a: Alomomola|Alomomola, F|100\/100\n|-damage|p2a: Alomomola|88\/100|[from] Stealth Rock\n|move|p1a: Great Tusk|Knock Off|p2a: Alomomola\n|-damage|p2a: Alomomola|77\/100\n|\n|upkeep\n|turn|91\n|\n|t:|1700695293\n|-end|p1a: Great Tusk|Protosynthesis|[silent]\n|switch|p1a: Clodsire|Clodsire, F|100\/100\n|move|p2a: Alomomola|Ice Beam|p1a: Clodsire\n|-supereffective|p1a: Clodsire\n|-damage|p1a: Clodsire|90\/100\n|\n|-heal|p1a: Clodsire|96\/100|[from] item: Leftovers\n|upkeep\n|turn|92\n|\n|t:|1700695305\n|switch|p2a: Corviknight|Corviknight, F|100\/100\n|-damage|p2a: Corviknight|88\/100|[from] Stealth Rock\n|-ability|p2a: Corviknight|Pressure\n|move|p1a: Clodsire|Toxic|p2a: Corviknight\n|-immune|p2a: Corviknight\n|\n|-heal|p1a: Clodsire|100\/100|[from] item: Leftovers\n|upkeep\n|turn|93\n|\n|t:|1700695314\n|move|p2a: Corviknight|Defog|p1a: Clodsire\n|-unboost|p1a: Clodsire|evasion|1\n|-sideend|p2: GwendalVSF|Stealth Rock|[from] move: Defog|[of] p2a: Corviknight\n|move|p1a: Clodsire|Stealth Rock|p2a: Corviknight\n|-sidestart|p2: GwendalVSF|move: Stealth Rock\n|\n|upkeep\n|turn|94\n|\n|t:|1700695325\n|switch|p1a: Clefable|Clefable, M|95\/100\n|move|p2a: Corviknight|Defog|p1a: Clefable\n|-unboost|p1a: Clefable|evasion|1\n|-sideend|p2: GwendalVSF|Stealth Rock|[from] move: Defog|[of] p2a: Corviknight\n|\n|-heal|p1a: Clefable|100\/100|[from] item: Leftovers\n|upkeep\n|turn|95\n|\n|t:|1700695336\n|switch|p2a: Alomomola|Alomomola, F|100\/100\n|move|p1a: Clefable|Moonblast|p2a: Alomomola\n|-damage|p2a: Alomomola|60\/100\n|\n|upkeep\n|turn|96\n|\n|t:|1700695343\n|move|p2a: Alomomola|Wish|p2a: Alomomola\n|move|p1a: Clefable|Moonblast|p2a: Alomomola\n|-damage|p2a: Alomomola|26\/100\n|\n|upkeep\n|turn|97\n|\n|t:|1700695347\n|move|p2a: Alomomola|Protect|p2a: Alomomola\n|-singleturn|p2a: Alomomola|Protect\n|move|p1a: Clefable|Wish|p1a: Clefable\n|\n|-heal|p2a: Alomomola|76\/100|[from] move: Wish|[wisher] Alomomola\n|upkeep\n|turn|98\n|\n|t:|1700695354\n|move|p2a: Alomomola|Wish|p2a: Alomomola\n|move|p1a: Clefable|Moonblast|p2a: Alomomola\n|-damage|p2a: Alomomola|35\/100\n|-unboost|p2a: Alomomola|spa|1\n|\n|upkeep\n|turn|99\n|\n|t:|1700695368\n|move|p2a: Alomomola|Protect|p2a: Alomomola\n|-singleturn|p2a: Alomomola|Protect\n|move|p1a: Clefable|Ice Beam|p2a: Alomomola\n|-activate|p2a: Alomomola|move: Protect\n|\n|-heal|p2a: Alomomola|85\/100|[from] move: Wish|[wisher] Alomomola\n|upkeep\n|turn|100\n|\n|t:|1700695384\n|switch|p2a: Toxapex|Toxapex, M|100\/100\n|move|p1a: Clefable|Moonblast|p2a: Toxapex\n|-resisted|p2a: Toxapex\n|-damage|p2a: Toxapex|88\/100\n|\n|-heal|p2a: Toxapex|94\/100|[from] item: Leftovers\n|upkeep\n|turn|101\n|\n|t:|1700695392\n|move|p1a: Clefable|Knock Off|p2a: Toxapex\n|-damage|p2a: Toxapex|84\/100\n|-enditem|p2a: Toxapex|Leftovers|[from] move: Knock Off|[of] p1a: Clefable\n|move|p2a: Toxapex|Toxic Spikes|p1a: Clefable\n|-sidestart|p1: mochai hehe|move: Toxic Spikes\n|\n|upkeep\n|turn|102\n|\n|t:|1700695398\n|move|p1a: Clefable|Ice Beam|p2a: Toxapex\n|-resisted|p2a: Toxapex\n|-damage|p2a: Toxapex|76\/100\n|move|p2a: Toxapex|Toxic Spikes|p1a: Clefable\n|-sidestart|p1: mochai hehe|move: Toxic Spikes\n|\n|upkeep\n|turn|103\n|\n|t:|1700695406\n|switch|p1a: Clodsire|Clodsire, F|100\/100\n|-sideend|p1: mochai hehe|move: Toxic Spikes|[of] p1a: Clodsire\n|move|p2a: Toxapex|Chilling Water|p1a: Clodsire\n|-immune|p1a: Clodsire|[from] ability: Water Absorb\n|\n|upkeep\n|turn|104\n|\n|t:|1700695414\n|switch|p2a: Blissey|Blissey, F|5\/100\n|move|p1a: Clodsire|Stealth Rock|p2a: Blissey\n|-sidestart|p2: GwendalVSF|move: Stealth Rock\n|\n|upkeep\n|turn|105\n|\n|t:|1700695419\n|move|p2a: Blissey|Soft-Boiled|p2a: Blissey\n|-heal|p2a: Blissey|55\/100\n|move|p1a: Clodsire|Earthquake|p2a: Blissey\n|-damage|p2a: Blissey|0 fnt\n|faint|p2a: Blissey\n|\n|upkeep\n|inactive|GwendalVSF has 120 seconds left.\n|\n|t:|1700695437\n|switch|p2a: Corviknight|Corviknight, F|88\/100\n|-damage|p2a: Corviknight|75\/100|[from] Stealth Rock\n|-ability|p2a: Corviknight|Pressure\n|turn|106\n|inactive|GwendalVSF has 120 seconds left.\n|\n|t:|1700695442\n|switch|p1a: Great Tusk|Great Tusk|100\/100\n|move|p2a: Corviknight|Defog|p1a: Great Tusk\n|-unboost|p1a: Great Tusk|evasion|1\n|-sideend|p2: GwendalVSF|Stealth Rock|[from] move: Defog|[of] p2a: Corviknight\n|\n|upkeep\n|turn|107\n|inactive|GwendalVSF has 120 seconds left.\n|\n|t:|1700695458\n|switch|p2a: Alomomola|Alomomola, F|100\/100\n|move|p1a: Great Tusk|Knock Off|p2a: Alomomola\n|-damage|p2a: Alomomola|90\/100\n|\n|upkeep\n|turn|108\n|c|\u2606mochai hehe|you really wanna keep corvs item eh\n|\n|t:|1700695475\n|-end|p1a: Great Tusk|Protosynthesis|[silent]\n|switch|p1a: Clodsire|Clodsire, F|100\/100\n|move|p2a: Alomomola|Ice Beam|p1a: Clodsire\n|-supereffective|p1a: Clodsire\n|-damage|p1a: Clodsire|89\/100\n|\n|-heal|p1a: Clodsire|95\/100|[from] item: Leftovers\n|upkeep\n|turn|109\n|\n|t:|1700695483\n|switch|p2a: Corviknight|Corviknight, F|75\/100\n|-ability|p2a: Corviknight|Pressure\n|move|p1a: Clodsire|Stealth Rock|p2a: Corviknight\n|-sidestart|p2: GwendalVSF|move: Stealth Rock\n|\n|-heal|p1a: Clodsire|100\/100|[from] item: Leftovers\n|upkeep\n|turn|110\n|\n|t:|1700695498\n|switch|p1a: Clefable|Clefable, M|100\/100\n|move|p2a: Corviknight|Defog|p1a: Clefable\n|-unboost|p1a: Clefable|evasion|1\n|-sideend|p2: GwendalVSF|Stealth Rock|[from] move: Defog|[of] p2a: Corviknight\n|\n|upkeep\n|turn|111\n|\n|t:|1700695505\n|switch|p2a: Toxapex|Toxapex, M|100\/100\n|move|p1a: Clefable|Moonblast|p2a: Toxapex\n|-resisted|p2a: Toxapex\n|-damage|p2a: Toxapex|87\/100\n|\n|upkeep\n|turn|112\n|\n|t:|1700695514\n|switch|p1a: Clodsire|Clodsire, F|100\/100\n|move|p2a: Toxapex|Toxic Spikes|p1a: Clodsire\n|-sidestart|p1: mochai hehe|move: Toxic Spikes\n|\n|upkeep\n|turn|113\n|\n|t:|1700695519\n|switch|p2a: Corviknight|Corviknight, F|75\/100\n|-ability|p2a: Corviknight|Pressure\n|move|p1a: Clodsire|Stealth Rock|p2a: Corviknight\n|-sidestart|p2: GwendalVSF|move: Stealth Rock\n|\n|upkeep\n|turn|114\n|\n|t:|1700695527\n|switch|p1a: Toxapex|Toxapex, M|100\/100\n|-sideend|p1: mochai hehe|move: Toxic Spikes|[of] p1a: Toxapex\n|move|p2a: Corviknight|Defog|p1a: Toxapex\n|-unboost|p1a: Toxapex|evasion|1\n|-sideend|p2: GwendalVSF|Stealth Rock|[from] move: Defog|[of] p2a: Corviknight\n|\n|upkeep\n|turn|115\n|\n|t:|1700695534\n|switch|p2a: Clodsire|Clodsire, M|96\/100\n|switch|p1a: Clodsire|Clodsire, F|100\/100\n|\n|upkeep\n|turn|116\n|\n|t:|1700695545\n|switch|p2a: Corviknight|Corviknight, F|75\/100\n|-ability|p2a: Corviknight|Pressure\n|move|p1a: Clodsire|Earthquake|p2a: Corviknight\n|-immune|p2a: Corviknight\n|\n|upkeep\n|turn|117\n|\n|t:|1700695563\n|move|p2a: Corviknight|Brave Bird|p1a: Clodsire\n|-damage|p1a: Clodsire|57\/100\n|-damage|p2a: Corviknight|59\/100|[from] Recoil\n|move|p1a: Clodsire|Stealth Rock|p2a: Corviknight\n|-sidestart|p2: GwendalVSF|move: Stealth Rock\n|\n|-heal|p1a: Clodsire|63\/100|[from] item: Leftovers\n|upkeep\n|turn|118\n|\n|t:|1700695571\n|switch|p1a: Toxapex|Toxapex, M|100\/100\n|move|p2a: Corviknight|Roost|p2a: Corviknight\n|-heal|p2a: Corviknight|100\/100\n|-singleturn|p2a: Corviknight|move: Roost\n|\n|upkeep\n|turn|119\n|\n|t:|1700695578\n|move|p2a: Corviknight|Defog|p1a: Toxapex\n|-unboost|p1a: Toxapex|evasion|1\n|-sideend|p2: GwendalVSF|Stealth Rock|[from] move: Defog|[of] p2a: Corviknight\n|move|p1a: Toxapex|Haze|p1a: Toxapex\n|-clearallboost\n|\n|upkeep\n|turn|120\n|\n|t:|1700695584\n|switch|p2a: Clodsire|Clodsire, M|96\/100\n|move|p1a: Toxapex|Haze|p1a: Toxapex\n|-clearallboost\n|\n|upkeep\n|turn|121\n|inactive|GwendalVSF has 90 seconds left.\n|\n|t:|1700695603\n|switch|p1a: Clefable|Clefable, M|100\/100\n|move|p2a: Clodsire|Spikes|p1a: Clefable\n|-sidestart|p1: mochai hehe|Spikes\n|\n|upkeep\n|turn|122\n|inactive|GwendalVSF has 90 seconds left.\n|\n|t:|1700695611\n|switch|p2a: Toxapex|Toxapex, M|100\/100\n|move|p1a: Clefable|Ice Beam|p2a: Toxapex\n|-resisted|p2a: Toxapex\n|-damage|p2a: Toxapex|92\/100\n|\n|upkeep\n|turn|123\n|inactive|GwendalVSF has 90 seconds left.\n|\n|t:|1700695624\n|switch|p1a: Toxapex|Toxapex, M|100\/100\n|-damage|p1a: Toxapex|88\/100|[from] Spikes\n|move|p2a: Toxapex|Toxic Spikes|p1a: Toxapex\n|-sidestart|p1: mochai hehe|move: Toxic Spikes\n|\n|-heal|p1a: Toxapex|94\/100|[from] item: Black Sludge\n|upkeep\n|turn|124\n|inactive|GwendalVSF has 90 seconds left.\n|\n|t:|1700695631\n|move|p1a: Toxapex|Haze|p1a: Toxapex\n|-clearallboost\n|move|p2a: Toxapex|Toxic Spikes|p1a: Toxapex\n|-sidestart|p1: mochai hehe|move: Toxic Spikes\n|\n|-heal|p1a: Toxapex|100\/100|[from] item: Black Sludge\n|upkeep\n|turn|125\n|inactive|GwendalVSF has 90 seconds left.\n|\n|t:|1700695638\n|move|p1a: Toxapex|Haze|p1a: Toxapex\n|-clearallboost\n|move|p2a: Toxapex|Haze|p2a: Toxapex\n|-clearallboost\n|\n|upkeep\n|turn|126\n|inactive|GwendalVSF has 90 seconds left.\n|\n|t:|1700695643\n|move|p1a: Toxapex|Haze|p1a: Toxapex\n|-clearallboost\n|move|p2a: Toxapex|Haze|p2a: Toxapex\n|-clearallboost\n|\n|upkeep\n|turn|127\n|c|\u2606mochai hehe|gameplay goes crazy\n|inactive|GwendalVSF has 90 seconds left.\n|\n|t:|1700695650\n|move|p1a: Toxapex|Haze|p1a: Toxapex\n|-clearallboost\n|move|p2a: Toxapex|Haze|p2a: Toxapex\n|-clearallboost\n|\n|upkeep\n|turn|128\n|inactive|GwendalVSF has 90 seconds left.\n|\n|t:|1700695655\n|switch|p1a: Clodsire|Clodsire, F|63\/100\n|-damage|p1a: Clodsire|51\/100|[from] Spikes\n|-sideend|p1: mochai hehe|move: Toxic Spikes|[of] p1a: Clodsire\n|move|p2a: Toxapex|Haze|p2a: Toxapex\n|-clearallboost\n|\n|-heal|p1a: Clodsire|57\/100|[from] item: Leftovers\n|upkeep\n|turn|129\n|inactive|GwendalVSF has 90 seconds left.\n|\n|t:|1700695668\n|switch|p2a: Corviknight|Corviknight, F|100\/100\n|-ability|p2a: Corviknight|Pressure\n|move|p1a: Clodsire|Stealth Rock|p2a: Corviknight\n|-sidestart|p2: GwendalVSF|move: Stealth Rock\n|\n|-heal|p1a: Clodsire|63\/100|[from] item: Leftovers\n|upkeep\n|turn|130\n|\n|t:|1700695676\n|switch|p1a: Great Tusk|Great Tusk|100\/100\n|-damage|p1a: Great Tusk|88\/100|[from] Spikes\n|move|p2a: Corviknight|Defog|p1a: Great Tusk\n|-unboost|p1a: Great Tusk|evasion|1\n|-sideend|p1: mochai hehe|Spikes|[from] move: Defog|[of] p2a: Corviknight\n|-sideend|p2: GwendalVSF|Stealth Rock|[from] move: Defog|[of] p2a: Corviknight\n|\n|-heal|p1a: Great Tusk|94\/100|[from] item: Leftovers\n|upkeep\n|turn|131\n|\n|t:|1700695689\n|switch|p2a: Alomomola|Alomomola, F|100\/100\n|move|p1a: Great Tusk|Ice Spinner|p2a: Alomomola\n|-resisted|p2a: Alomomola\n|-damage|p2a: Alomomola|94\/100\n|\n|-heal|p1a: Great Tusk|100\/100|[from] item: Leftovers\n|upkeep\n|turn|132\n|\n|t:|1700695704\n|-end|p1a: Great Tusk|Protosynthesis|[silent]\n|switch|p1a: Clodsire|Clodsire, F|63\/100\n|move|p2a: Alomomola|Ice Beam|p1a: Clodsire\n|-supereffective|p1a: Clodsire\n|-damage|p1a: Clodsire|53\/100\n|\n|-heal|p1a: Clodsire|59\/100|[from] item: Leftovers\n|upkeep\n|turn|133\n|\n|t:|1700695723\n|switch|p2a: Corviknight|Corviknight, F|100\/100\n|-ability|p2a: Corviknight|Pressure\n|move|p1a: Clodsire|Toxic|p2a: Corviknight\n|-immune|p2a: Corviknight\n|\n|-heal|p1a: Clodsire|66\/100|[from] item: Leftovers\n|upkeep\n|turn|134\n|c|\u2606GwendalVSF|remove the timer :p  for more fun\n|\n|t:|1700695740\n|switch|p1a: Toxapex|Toxapex, M|100\/100\n|move|p2a: Corviknight|Brave Bird|p1a: Toxapex\n|-damage|p1a: Toxapex|79\/100\n|-damage|p2a: Corviknight|95\/100|[from] Recoil\n|\n|-heal|p1a: Toxapex|86\/100|[from] item: Black Sludge\n|upkeep\n|turn|135\n|\n|t:|1700695750\n|switch|p2a: Clodsire|Clodsire, M|96\/100\n|move|p1a: Toxapex|Haze|p1a: Toxapex\n|-clearallboost\n|\n|-heal|p1a: Toxapex|92\/100|[from] item: Black Sludge\n|upkeep\n|turn|136\n|\n|t:|1700695758\n|switch|p1a: Clefable|Clefable, M|100\/100\n|move|p2a: Clodsire|Spikes|p1a: Clefable\n|-sidestart|p1: mochai hehe|Spikes\n|\n|upkeep\n|turn|137\n|\n|t:|1700695766\n|switch|p1a: Great Tusk|Great Tusk|100\/100\n|-damage|p1a: Great Tusk|88\/100|[from] Spikes\n|switch|p2a: Toxapex|Toxapex, M|100\/100\n|\n|-heal|p1a: Great Tusk|94\/100|[from] item: Leftovers\n|upkeep\n|turn|138\n|\n|t:|1700695776\n|-end|p1a: Great Tusk|Protosynthesis|[silent]\n|switch|p1a: Clefable|Clefable, M|100\/100\n|switch|p2a: Alomomola|Alomomola, F|100\/100\n|\n|upkeep\n|turn|139\n|\n|t:|1700695792\n|switch|p2a: Toxapex|Toxapex, M|100\/100\n|switch|p1a: Clodsire|Clodsire, F|66\/100\n|-damage|p1a: Clodsire|53\/100|[from] Spikes\n|\n|-heal|p1a: Clodsire|59\/100|[from] item: Leftovers\n|upkeep\n|turn|140\n|inactive|mochai hehe has 120 seconds left.\n|\n|t:|1700695803\n|switch|p2a: Corviknight|Corviknight, F|95\/100\n|-ability|p2a: Corviknight|Pressure\n|move|p1a: Clodsire|Stealth Rock|p2a: Corviknight\n|-sidestart|p2: GwendalVSF|move: Stealth Rock\n|\n|-heal|p1a: Clodsire|66\/100|[from] item: Leftovers\n|upkeep\n|turn|141\n|inactive|mochai hehe has 120 seconds left.\n|\n|t:|1700695819\n|switch|p1a: Corviknight|Corviknight, F|100\/100\n|move|p2a: Corviknight|Defog|p1a: Corviknight\n|-ability|p1a: Corviknight|Mirror Armor\n|-unboost|p2a: Corviknight|evasion|1\n|-sideend|p1: mochai hehe|Spikes|[from] move: Defog|[of] p2a: Corviknight\n|-sideend|p2: GwendalVSF|Stealth Rock|[from] move: Defog|[of] p2a: Corviknight\n|\n|upkeep\n|turn|142\n|\n|t:|1700695833\n|switch|p2a: Toxapex|Toxapex, M|100\/100\n|move|p1a: Corviknight|Bulk Up|p1a: Corviknight\n|-boost|p1a: Corviknight|atk|1\n|-boost|p1a: Corviknight|def|1\n|\n|upkeep\n|turn|143\n|\n|t:|1700695839\n|move|p1a: Corviknight|Bulk Up|p1a: Corviknight\n|-boost|p1a: Corviknight|atk|1\n|-boost|p1a: Corviknight|def|1\n|move|p2a: Toxapex|Haze|p2a: Toxapex\n|-clearallboost\n|\n|upkeep\n|turn|144\n|inactive|mochai hehe has 120 seconds left.\n|inactive|mochai hehe has 90 seconds left.\n|\n|t:|1700695883\n|switch|p1a: Clefable|Clefable, M|100\/100\n|move|p2a: Toxapex|Haze|p2a: Toxapex\n|-clearallboost\n|\n|upkeep\n|turn|145\n|\n|t:|1700695890\n|switch|p1a: Toxapex|Toxapex, M|100\/100\n|move|p2a: Toxapex|Toxic Spikes|p1a: Toxapex\n|-sidestart|p1: mochai hehe|move: Toxic Spikes\n|\n|upkeep\n|turn|146\n|\n|t:|1700695895\n|switch|p1a: Clodsire|Clodsire, F|66\/100\n|-sideend|p1: mochai hehe|move: Toxic Spikes|[of] p1a: Clodsire\n|move|p2a: Toxapex|Toxic Spikes|p1a: Clodsire\n|-sidestart|p1: mochai hehe|move: Toxic Spikes\n|\n|-heal|p1a: Clodsire|72\/100|[from] item: Leftovers\n|upkeep\n|turn|147\n|\n|t:|1700695901\n|switch|p2a: Corviknight|Corviknight, F|95\/100\n|-ability|p2a: Corviknight|Pressure\n|switch|p1a: Toxapex|Toxapex, M|100\/100\n|-sideend|p1: mochai hehe|move: Toxic Spikes|[of] p1a: Toxapex\n|\n|upkeep\n|turn|148\n|\n|t:|1700695909\n|switch|p2a: Clodsire|Clodsire, M|96\/100\n|switch|p1a: Corviknight|Corviknight, F|100\/100\n|\n|upkeep\n|turn|149\n|\n|t:|1700695916\n|switch|p1a: Clefable|Clefable, M|100\/100\n|switch|p2a: Toxapex|Toxapex, M|100\/100\n|\n|upkeep\n|turn|150\n|\n|t:|1700695925\n|switch|p1a: Toxapex|Toxapex, M|100\/100\n|move|p2a: Toxapex|Toxic Spikes|p1a: Toxapex\n|-sidestart|p1: mochai hehe|move: Toxic Spikes\n|\n|upkeep\n|turn|151\n|\n|t:|1700695933\n|switch|p1a: Clodsire|Clodsire, F|72\/100\n|-sideend|p1: mochai hehe|move: Toxic Spikes|[of] p1a: Clodsire\n|move|p2a: Toxapex|Toxic Spikes|p1a: Clodsire\n|-sidestart|p1: mochai hehe|move: Toxic Spikes\n|\n|-heal|p1a: Clodsire|78\/100|[from] item: Leftovers\n|upkeep\n|turn|152\n|\n|t:|1700695939\n|switch|p2a: Corviknight|Corviknight, F|95\/100\n|-ability|p2a: Corviknight|Pressure\n|switch|p1a: Toxapex|Toxapex, M|100\/100\n|-sideend|p1: mochai hehe|move: Toxic Spikes|[of] p1a: Toxapex\n|\n|upkeep\n|turn|153\n|\n|t:|1700695953\n|switch|p2a: Clodsire|Clodsire, M|96\/100\n|switch|p1a: Corviknight|Corviknight, F|100\/100\n|\n|upkeep\n|turn|154\n|\n|t:|1700695967\n|switch|p1a: Toxapex|Toxapex, M|100\/100\n|switch|p2a: Toxapex|Toxapex, M|100\/100\n|\n|upkeep\n|turn|155\n|\n|t:|1700695972\n|switch|p1a: Clefable|Clefable, M|100\/100\n|move|p2a: Toxapex|Toxic Spikes|p1a: Clefable\n|-sidestart|p1: mochai hehe|move: Toxic Spikes\n|\n|upkeep\n|turn|156\n|\n|t:|1700695980\n|switch|p1a: Clodsire|Clodsire, F|78\/100\n|-sideend|p1: mochai hehe|move: Toxic Spikes|[of] p1a: Clodsire\n|move|p2a: Toxapex|Toxic Spikes|p1a: Clodsire\n|-sidestart|p1: mochai hehe|move: Toxic Spikes\n|\n|-heal|p1a: Clodsire|84\/100|[from] item: Leftovers\n|upkeep\n|turn|157\n|\n|t:|1700695987\n|switch|p2a: Corviknight|Corviknight, F|95\/100\n|-ability|p2a: Corviknight|Pressure\n|switch|p1a: Toxapex|Toxapex, M|100\/100\n|-sideend|p1: mochai hehe|move: Toxic Spikes|[of] p1a: Toxapex\n|\n|upkeep\n|turn|158\n|\n|t:|1700695999\n|switch|p2a: Clodsire|Clodsire, M|96\/100\n|switch|p1a: Corviknight|Corviknight, F|100\/100\n|\n|upkeep\n|turn|159\n|\n|t:|1700696016\n|switch|p1a: Clodsire|Clodsire, F|84\/100\n|switch|p2a: Toxapex|Toxapex, M|100\/100\n|\n|-heal|p1a: Clodsire|91\/100|[from] item: Leftovers\n|upkeep\n|turn|160\n|inactive|mochai hehe has 90 seconds left.\n|inactive|GwendalVSF has 60 seconds left.\n|\n|t:|1700696041\n|switch|p2a: Corviknight|Corviknight, F|95\/100\n|-ability|p2a: Corviknight|Pressure\n|switch|p1a: Great Tusk|Great Tusk|94\/100\n|\n|-heal|p1a: Great Tusk|100\/100|[from] item: Leftovers\n|upkeep\n|turn|161\n|\n|t:|1700696052\n|-end|p1a: Great Tusk|Protosynthesis|[silent]\n|switch|p1a: Jirachi|Jirachi|100\/100\n|switch|p2a: Alomomola|Alomomola, F|100\/100\n|\n|-damage|p1a: Jirachi|88\/100|[from] item: Black Sludge\n|upkeep\n|turn|162\n|c|\u2606mochai hehe|wait\n|inactive|mochai hehe has 90 seconds left.\n|c|\u2606GwendalVSF|mh ?\n|\n|t:|1700696074\n|move|p1a: Jirachi|U-turn|p2a: Alomomola\n|-damage|p2a: Alomomola|88\/100\n|c|\u2606mochai hehe|nvm lol\n|\n|t:|1700696086\n|switch|p1a: Clodsire|Clodsire, F|91\/100|[from] U-turn\n|move|p2a: Alomomola|Scald|p1a: Clodsire\n|-heal|p1a: Clodsire|100\/100|[from] ability: Water Absorb|[of] p2a: Alomomola\n|\n|upkeep\n|turn|163\n|c|\u2606GwendalVSF|also remove that timer lol\n|c|\u2606mochai hehe|nah it doesnt really make a diff\n|\n|t:|1700696097\n|switch|p2a: Corviknight|Corviknight, F|95\/100\n|-ability|p2a: Corviknight|Pressure\n|move|p1a: Clodsire|Stealth Rock|p2a: Corviknight\n|-sidestart|p2: GwendalVSF|move: Stealth Rock\n|\n|upkeep\n|turn|164\n|\n|t:|1700696107\n|switch|p1a: Great Tusk|Great Tusk|100\/100\n|move|p2a: Corviknight|Defog|p1a: Great Tusk\n|-unboost|p1a: Great Tusk|evasion|1\n|-sideend|p2: GwendalVSF|Stealth Rock|[from] move: Defog|[of] p2a: Corviknight\n|\n|upkeep\n|turn|165\n|\n|t:|1700696113\n|-end|p1a: Great Tusk|Protosynthesis|[silent]\n|switch|p1a: Jirachi|Jirachi|88\/100\n|switch|p2a: Alomomola|Alomomola, F|100\/100\n|\n|-damage|p1a: Jirachi|76\/100|[from] item: Black Sludge\n|upkeep\n|turn|166\n|\n|t:|1700696120\n|move|p1a: Jirachi|Trick|p2a: Alomomola\n|-activate|p1a: Jirachi|move: Trick|[of] p2a: Alomomola\n|-item|p2a: Alomomola|Black Sludge|[from] move: Trick\n|-enditem|p1a: Jirachi|Black Sludge|[silent]|[from] move: Trick\n|move|p2a: Alomomola|Ice Beam|p1a: Jirachi\n|-resisted|p1a: Jirachi\n|-damage|p1a: Jirachi|71\/100\n|\n|-damage|p2a: Alomomola|88\/100|[from] item: Black Sludge\n|upkeep\n|turn|167\n|\n|t:|1700696131\n|move|p1a: Jirachi|Thunder Wave|p2a: Alomomola|[miss]\n|-miss|p1a: Jirachi|p2a: Alomomola\n|move|p2a: Alomomola|Ice Beam|p1a: Jirachi\n|-resisted|p1a: Jirachi\n|-damage|p1a: Jirachi|67\/100\n|-status|p1a: Jirachi|frz\n|\n|-damage|p2a: Alomomola|76\/100|[from] item: Black Sludge\n|upkeep\n|turn|168\n|\n|t:|1700696145\n|switch|p2a: Clodsire|Clodsire, M|96\/100\n|-curestatus|p1a: Jirachi|frz|[msg]\n|move|p1a: Jirachi|U-turn|p2a: Clodsire\n|-resisted|p2a: Clodsire\n|-damage|p2a: Clodsire|83\/100\n|\n|t:|1700696152\n|switch|p1a: Great Tusk|Great Tusk|100\/100|[from] U-turn\n|\n|upkeep\n|turn|169\n|\n|t:|1700696164\n|switch|p2a: Alomomola|Alomomola, F|100\/100\n|move|p1a: Great Tusk|Headlong Rush|p2a: Alomomola\n|-damage|p2a: Alomomola|72\/100\n|-unboost|p1a: Great Tusk|def|1\n|-unboost|p1a: Great Tusk|spd|1\n|\n|-damage|p2a: Alomomola|60\/100|[from] item: Black Sludge\n|upkeep\n|turn|170\n|\n|t:|1700696173\n|-end|p1a: Great Tusk|Protosynthesis|[silent]\n|switch|p1a: Toxapex|Toxapex, M|100\/100\n|move|p2a: Alomomola|Wish|p2a: Alomomola\n|\n|-damage|p2a: Alomomola|48\/100|[from] item: Black Sludge\n|upkeep\n|turn|171\n|\n|t:|1700696180\n|switch|p1a: Clefable|Clefable, M|100\/100\n|move|p2a: Alomomola|Protect||[still]\n|-fail|p2a: Alomomola\n|\n|-heal|p2a: Alomomola|98\/100|[from] move: Wish|[wisher] Alomomola\n|-damage|p2a: Alomomola|85\/100|[from] item: Black Sludge\n|upkeep\n|turn|172\n|\n|t:|1700696189\n|switch|p2a: Toxapex|Toxapex, M|100\/100\n|move|p1a: Clefable|Knock Off|p2a: Toxapex\n|-damage|p2a: Toxapex|94\/100\n|\n|upkeep\n|turn|173\n|\n|t:|1700696197\n|switch|p1a: Clodsire|Clodsire, F|100\/100\n|move|p2a: Toxapex|Toxic Spikes|p1a: Clodsire\n|-sidestart|p1: mochai hehe|move: Toxic Spikes\n|\n|upkeep\n|turn|174\n|\n|t:|1700696202\n|switch|p2a: Corviknight|Corviknight, F|95\/100\n|-ability|p2a: Corviknight|Pressure\n|move|p1a: Clodsire|Stealth Rock|p2a: Corviknight\n|-sidestart|p2: GwendalVSF|move: Stealth Rock\n|\n|upkeep\n|turn|175\n|inactive|GwendalVSF has 60 seconds left.\n|\n|t:|1700696209\n|switch|p1a: Toxapex|Toxapex, M|100\/100\n|-sideend|p1: mochai hehe|move: Toxic Spikes|[of] p1a: Toxapex\n|move|p2a: Corviknight|Defog|p1a: Toxapex\n|-unboost|p1a: Toxapex|evasion|1\n|-sideend|p2: GwendalVSF|Stealth Rock|[from] move: Defog|[of] p2a: Corviknight\n|\n|upkeep\n|turn|176\n|inactive|GwendalVSF has 60 seconds left.\n|\n|t:|1700696216\n|switch|p2a: Clodsire|Clodsire, M|83\/100\n|switch|p1a: Clodsire|Clodsire, F|100\/100\n|\n|upkeep\n|turn|177\n|inactive|GwendalVSF has 60 seconds left.\n|\n|t:|1700696223\n|switch|p2a: Corviknight|Corviknight, F|95\/100\n|-ability|p2a: Corviknight|Pressure\n|switch|p1a: Toxapex|Toxapex, M|100\/100\n|\n|upkeep\n|turn|178\n|inactive|GwendalVSF has 60 seconds left.\n|\n|t:|1700696230\n|switch|p2a: Clodsire|Clodsire, M|83\/100\n|switch|p1a: Great Tusk|Great Tusk|100\/100\n|\n|upkeep\n|turn|179\n|\n|t:|1700696234\n|switch|p2a: Alomomola|Alomomola, F|100\/100\n|move|p1a: Great Tusk|Ice Spinner|p2a: Alomomola\n|-resisted|p2a: Alomomola\n|-crit|p2a: Alomomola\n|-damage|p2a: Alomomola|91\/100\n|\n|-damage|p2a: Alomomola|78\/100|[from] item: Black Sludge\n|upkeep\n|turn|180\n|\n|t:|1700696240\n|-end|p1a: Great Tusk|Protosynthesis|[silent]\n|switch|p1a: Toxapex|Toxapex, M|100\/100\n|move|p2a: Alomomola|Ice Beam|p1a: Toxapex\n|-resisted|p1a: Toxapex\n|-damage|p1a: Toxapex|96\/100\n|\n|-damage|p2a: Alomomola|66\/100|[from] item: Black Sludge\n|-heal|p1a: Toxapex|100\/100|[from] item: Black Sludge\n|upkeep\n|turn|181\n|\n|t:|1700696250\n|switch|p2a: Clodsire|Clodsire, M|83\/100\n|move|p1a: Toxapex|Toxic|p2a: Clodsire\n|-immune|p2a: Clodsire\n|\n|upkeep\n|turn|182\n|\n|t:|1700696258\n|switch|p1a: Clefable|Clefable, M|100\/100\n|move|p2a: Clodsire|Spikes|p1a: Clefable\n|-sidestart|p1: mochai hehe|Spikes\n|\n|upkeep\n|turn|183\n|inactive|mochai hehe has 90 seconds left.\n|\n|t:|1700696264\n|switch|p2a: Toxapex|Toxapex, M|100\/100\n|move|p1a: Clefable|Moonblast|p2a: Toxapex\n|-resisted|p2a: Toxapex\n|-damage|p2a: Toxapex|88\/100\n|-unboost|p2a: Toxapex|spa|1\n|\n|upkeep\n|turn|184\n|inactive|mochai hehe has 90 seconds left.\n|\n|t:|1700696273\n|switch|p1a: Toxapex|Toxapex, M|100\/100\n|-damage|p1a: Toxapex|88\/100|[from] Spikes\n|move|p2a: Toxapex|Toxic Spikes|p1a: Toxapex\n|-sidestart|p1: mochai hehe|move: Toxic Spikes\n|\n|-heal|p1a: Toxapex|94\/100|[from] item: Black Sludge\n|upkeep\n|turn|185\n|inactive|mochai hehe has 90 seconds left.\n|\n|t:|1700696280\n|switch|p1a: Clodsire|Clodsire, F|100\/100\n|-damage|p1a: Clodsire|88\/100|[from] Spikes\n|-sideend|p1: mochai hehe|move: Toxic Spikes|[of] p1a: Clodsire\n|move|p2a: Toxapex|Toxic Spikes|p1a: Clodsire\n|-sidestart|p1: mochai hehe|move: Toxic Spikes\n|\n|-heal|p1a: Clodsire|94\/100|[from] item: Leftovers\n|upkeep\n|turn|186\n|inactive|mochai hehe has 90 seconds left.\n|\n|t:|1700696292\n|switch|p2a: Corviknight|Corviknight, F|95\/100\n|-ability|p2a: Corviknight|Pressure\n|switch|p1a: Toxapex|Toxapex, M|100\/100\n|-damage|p1a: Toxapex|88\/100|[from] Spikes\n|-sideend|p1: mochai hehe|move: Toxic Spikes|[of] p1a: Toxapex\n|\n|-heal|p1a: Toxapex|94\/100|[from] item: Black Sludge\n|upkeep\n|turn|187\n|\n|t:|1700696302\n|switch|p2a: Clodsire|Clodsire, M|83\/100\n|move|p1a: Toxapex|Chilling Water|p2a: Clodsire\n|-heal|p2a: Clodsire|100\/100|[from] ability: Water Absorb|[of] p1a: Toxapex\n|\n|-heal|p1a: Toxapex|100\/100|[from] item: Black Sludge\n|upkeep\n|turn|188\n|\n|t:|1700696309\n|switch|p1a: Great Tusk|Great Tusk|100\/100\n|-damage|p1a: Great Tusk|88\/100|[from] Spikes\n|move|p2a: Clodsire|Spikes|p1a: Great Tusk\n|-sidestart|p1: mochai hehe|Spikes\n|\n|-heal|p1a: Great Tusk|94\/100|[from] item: Leftovers\n|upkeep\n|turn|189\n|\n|t:|1700696318\n|switch|p2a: Alomomola|Alomomola, F|99\/100\n|move|p1a: Great Tusk|Rapid Spin|p2a: Alomomola\n|-damage|p2a: Alomomola|91\/100\n|-boost|p1a: Great Tusk|spe|1\n|-sideend|p1: mochai hehe|Spikes|[from] move: Rapid Spin|[of] p1a: Great Tusk\n|\n|-heal|p1a: Great Tusk|100\/100|[from] item: Leftovers\n|-damage|p2a: Alomomola|79\/100|[from] item: Black Sludge\n|upkeep\n|turn|190\n|\n|t:|1700696328\n|-end|p1a: Great Tusk|Protosynthesis|[silent]\n|switch|p1a: Clefable|Clefable, M|100\/100\n|move|p2a: Alomomola|Ice Beam|p1a: Clefable\n|-damage|p1a: Clefable|93\/100\n|\n|-damage|p2a: Alomomola|67\/100|[from] item: Black Sludge\n|-heal|p1a: Clefable|99\/100|[from] item: Leftovers\n|upkeep\n|turn|191\n|\n|t:|1700696337\n|switch|p2a: Toxapex|Toxapex, M|100\/100\n|move|p1a: Clefable|Knock Off|p2a: Toxapex\n|-damage|p2a: Toxapex|93\/100\n|\n|-heal|p1a: Clefable|100\/100|[from] item: Leftovers\n|upkeep\n|turn|192\n|\n|t:|1700696344\n|switch|p1a: Toxapex|Toxapex, M|100\/100\n|move|p2a: Toxapex|Toxic Spikes|p1a: Toxapex\n|-sidestart|p1: mochai hehe|move: Toxic Spikes\n|\n|upkeep\n|turn|193\n|\n|t:|1700696349\n|switch|p1a: Clodsire|Clodsire, F|94\/100\n|-sideend|p1: mochai hehe|move: Toxic Spikes|[of] p1a: Clodsire\n|move|p2a: Toxapex|Toxic Spikes|p1a: Clodsire\n|-sidestart|p1: mochai hehe|move: Toxic Spikes\n|\n|-heal|p1a: Clodsire|100\/100|[from] item: Leftovers\n|upkeep\n|turn|194\n|\n|t:|1700696356\n|switch|p2a: Corviknight|Corviknight, F|95\/100\n|-ability|p2a: Corviknight|Pressure\n|switch|p1a: Toxapex|Toxapex, M|100\/100\n|-sideend|p1: mochai hehe|move: Toxic Spikes|[of] p1a: Toxapex\n|\n|upkeep\n|turn|195\n|\n|t:|1700696365\n|switch|p2a: Clodsire|Clodsire, M|100\/100\n|switch|p1a: Corviknight|Corviknight, F|100\/100\n|\n|upkeep\n|turn|196\n|\n|t:|1700696375\n|switch|p2a: Toxapex|Toxapex, M|100\/100\n|move|p1a: Corviknight|Bulk Up|p1a: Corviknight\n|-boost|p1a: Corviknight|atk|1\n|-boost|p1a: Corviknight|def|1\n|\n|upkeep\n|turn|197\n|\n|t:|1700696380\n|move|p1a: Corviknight|Brave Bird|p2a: Toxapex\n|-damage|p2a: Toxapex|65\/100\n|-damage|p1a: Corviknight|91\/100|[from] Recoil\n|move|p2a: Toxapex|Haze|p2a: Toxapex\n|-clearallboost\n|\n|upkeep\n|turn|198\n|inactive|GwendalVSF has 60 seconds left.\n|\n|t:|1700696389\n|move|p1a: Corviknight|Brave Bird|p2a: Toxapex\n|-damage|p2a: Toxapex|42\/100\n|-damage|p1a: Corviknight|86\/100|[from] Recoil\n|move|p2a: Toxapex|Toxic Spikes|p1a: Corviknight\n|-sidestart|p1: mochai hehe|move: Toxic Spikes\n|\n|upkeep\n|turn|199\n|inactive|GwendalVSF has 60 seconds left.\n|\n|t:|1700696396\n|move|p1a: Corviknight|Bulk Up|p1a: Corviknight\n|-boost|p1a: Corviknight|atk|1\n|-boost|p1a: Corviknight|def|1\n|move|p2a: Toxapex|Recover|p2a: Toxapex\n|-heal|p2a: Toxapex|92\/100\n|\n|upkeep\n|turn|200\n|\n|t:|1700696402\n|move|p1a: Corviknight|Brave Bird|p2a: Toxapex\n|-damage|p2a: Toxapex|60\/100\n|-damage|p1a: Corviknight|78\/100|[from] Recoil\n|move|p2a: Toxapex|Haze|p2a: Toxapex\n|-clearallboost\n|\n|upkeep\n|turn|201\n|\n|t:|1700696409\n|move|p1a: Corviknight|Bulk Up|p1a: Corviknight\n|-boost|p1a: Corviknight|atk|1\n|-boost|p1a: Corviknight|def|1\n|move|p2a: Toxapex|Toxic Spikes|p1a: Corviknight\n|-sidestart|p1: mochai hehe|move: Toxic Spikes\n|\n|upkeep\n|turn|202\n|\n|t:|1700696418\n|move|p1a: Corviknight|Brave Bird|p2a: Toxapex\n|-damage|p2a: Toxapex|25\/100\n|-damage|p1a: Corviknight|69\/100|[from] Recoil\n|move|p2a: Toxapex|Recover|p2a: Toxapex\n|-heal|p2a: Toxapex|75\/100\n|\n|upkeep\n|turn|203\n|\n|t:|1700696426\n|move|p1a: Corviknight|Brave Bird|p2a: Toxapex\n|-crit|p2a: Toxapex\n|-damage|p2a: Toxapex|22\/100\n|-damage|p1a: Corviknight|56\/100|[from] Recoil\n|move|p2a: Toxapex|Haze|p2a: Toxapex\n|-clearallboost\n|\n|upkeep\n|turn|204\n|\n|t:|1700696434\n|switch|p2a: Alomomola|Alomomola, F|99\/100\n|move|p1a: Corviknight|Brave Bird|p2a: Alomomola\n|-damage|p2a: Alomomola|79\/100\n|-damage|p1a: Corviknight|46\/100|[from] Recoil\n|\n|-damage|p2a: Alomomola|66\/100|[from] item: Black Sludge\n|upkeep\n|turn|205\n|\n|t:|1700696446\n|switch|p1a: Clodsire|Clodsire, F|100\/100\n|-sideend|p1: mochai hehe|move: Toxic Spikes|[of] p1a: Clodsire\n|switch|p2a: Toxapex|Toxapex, M|55\/100\n|\n|upkeep\n|turn|206\n|inactive|mochai hehe has 120 seconds left.\n|\n|t:|1700696453\n|switch|p2a: Corviknight|Corviknight, F|95\/100\n|-ability|p2a: Corviknight|Pressure\n|switch|p1a: Corviknight|Corviknight, F|46\/100\n|\n|upkeep\n|turn|207\n|\n|t:|1700696460\n|move|p1a: Corviknight|Roost|p1a: Corviknight\n|-heal|p1a: Corviknight|96\/100\n|-singleturn|p1a: Corviknight|move: Roost\n|move|p2a: Corviknight|U-turn|p1a: Corviknight\n|-resisted|p1a: Corviknight\n|-damage|p1a: Corviknight|92\/100\n|-damage|p2a: Corviknight|79\/100|[from] item: Rocky Helmet|[of] p1a: Corviknight\n|inactive|GwendalVSF has 30 seconds left.\n|\n|t:|1700696467\n|switch|p2a: Toxapex|Toxapex, M|88\/100|[from] U-turn\n|\n|upkeep\n|turn|208\n|\n|t:|1700696472\n|switch|p1a: Toxapex|Toxapex, M|100\/100\n|move|p2a: Toxapex|Chilling Water|p1a: Toxapex\n|-resisted|p1a: Toxapex\n|-damage|p1a: Toxapex|96\/100\n|-unboost|p1a: Toxapex|atk|1\n|\n|-heal|p1a: Toxapex|100\/100|[from] item: Black Sludge\n|upkeep\n|turn|209\n|inactive|GwendalVSF has 30 seconds left.\n|\n|t:|1700696480\n|switch|p1a: Clodsire|Clodsire, F|100\/100\n|move|p2a: Toxapex|Toxic Spikes|p1a: Clodsire\n|-sidestart|p1: mochai hehe|move: Toxic Spikes\n|\n|upkeep\n|turn|210\n|c|\u2606GwendalVSF|eyts stop the timer\n|inactive|GwendalVSF has 30 seconds left.\n|c|\u2606GwendalVSF|30sec\n|\n|t:|1700696488\n|switch|p2a: Corviknight|Corviknight, F|79\/100\n|-ability|p2a: Corviknight|Pressure\n|switch|p1a: Toxapex|Toxapex, M|100\/100\n|-sideend|p1: mochai hehe|move: Toxic Spikes|[of] p1a: Toxapex\n|\n|upkeep\n|turn|211\n|inactive|GwendalVSF has 30 seconds left this turn.\n|c|\u2606GwendalVSF|please\n|\n|t:|1700696496\n|switch|p2a: Clodsire|Clodsire, M|100\/100\n|switch|p1a: Clefable|Clefable, M|100\/100\n|\n|upkeep\n|turn|212\n|inactive|GwendalVSF has 30 seconds left this turn.\n|\n|t:|1700696502\n|switch|p2a: Toxapex|Toxapex, M|100\/100\n|move|p1a: Clefable|Ice Beam|p2a: Toxapex\n|-resisted|p2a: Toxapex\n|-damage|p2a: Toxapex|92\/100\n|\n|upkeep\n|turn|213\n|inactive|GwendalVSF has 25 seconds left this turn.\n|inactiveoff|Battle timer is now OFF.\n|\n|t:|1700696510\n|move|p1a: Clefable|Knock Off|p2a: Toxapex\n|-damage|p2a: Toxapex|85\/100\n|move|p2a: Toxapex|Toxic Spikes|p1a: Clefable\n|-sidestart|p1: mochai hehe|move: Toxic Spikes\n|\n|upkeep\n|turn|214\n|c|\u2606GwendalVSF|thanks\n|\n|t:|1700696517\n|switch|p1a: Clodsire|Clodsire, F|100\/100\n|-sideend|p1: mochai hehe|move: Toxic Spikes|[of] p1a: Clodsire\n|move|p2a: Toxapex|Toxic Spikes|p1a: Clodsire\n|-sidestart|p1: mochai hehe|move: Toxic Spikes\n|\n|upkeep\n|turn|215\n|c|\u2606mochai hehe|yeap\n|\n|t:|1700696523\n|switch|p2a: Corviknight|Corviknight, F|79\/100\n|-ability|p2a: Corviknight|Pressure\n|switch|p1a: Toxapex|Toxapex, M|100\/100\n|-sideend|p1: mochai hehe|move: Toxic Spikes|[of] p1a: Toxapex\n|\n|upkeep\n|turn|216\n|c|\u2606mochai hehe|is there a max turn here or\n|\n|t:|1700696534\n|switch|p2a: Toxapex|Toxapex, M|100\/100\n|switch|p1a: Corviknight|Corviknight, F|92\/100\n|\n|upkeep\n|turn|217\n|c|\u2606GwendalVSF|idk\n|\n|t:|1700696541\n|switch|p1a: Toxapex|Toxapex, M|100\/100\n|move|p2a: Toxapex|Chilling Water|p1a: Toxapex\n|-resisted|p1a: Toxapex\n|-damage|p1a: Toxapex|96\/100\n|-unboost|p1a: Toxapex|atk|1\n|\n|-heal|p1a: Toxapex|100\/100|[from] item: Black Sludge\n|upkeep\n|turn|218\n|\n|t:|1700696552\n|switch|p1a: Clodsire|Clodsire, F|100\/100\n|move|p2a: Toxapex|Toxic Spikes|p1a: Clodsire\n|-sidestart|p1: mochai hehe|move: Toxic Spikes\n|\n|upkeep\n|turn|219\n|\n|t:|1700696559\n|switch|p1a: Jirachi|Jirachi|67\/100\n|move|p2a: Toxapex|Toxic Spikes|p1a: Jirachi\n|-sidestart|p1: mochai hehe|move: Toxic Spikes\n|\n|upkeep\n|turn|220\n|\n|t:|1700696567\n|move|p1a: Jirachi|Thunder Wave|p2a: Toxapex\n|-status|p2a: Toxapex|par\n|move|p2a: Toxapex|Chilling Water|p1a: Jirachi\n|-damage|p1a: Jirachi|58\/100\n|-unboost|p1a: Jirachi|atk|1\n|\n|upkeep\n|turn|221\n|\n|t:|1700696575\n|switch|p1a: Clodsire|Clodsire, F|100\/100\n|-sideend|p1: mochai hehe|move: Toxic Spikes|[of] p1a: Clodsire\n|move|p2a: Toxapex|Chilling Water|p1a: Clodsire\n|-immune|p1a: Clodsire|[from] ability: Water Absorb\n|\n|upkeep\n|turn|222\n|\n|t:|1700696581\n|switch|p1a: Clefable|Clefable, M|100\/100\n|switch|p2a: Corviknight|Corviknight, F|79\/100\n|-ability|p2a: Corviknight|Pressure\n|\n|upkeep\n|turn|223\n|\n|t:|1700696587\n|switch|p2a: Toxapex|Toxapex, M|100\/100 par\n|move|p1a: Clefable|Wish|p1a: Clefable\n|\n|upkeep\n|turn|224\n|\n|t:|1700696594\n|switch|p1a: Jirachi|Jirachi|58\/100\n|cant|p2a: Toxapex|par\n|\n|-heal|p1a: Jirachi|100\/100|[from] move: Wish|[wisher] Clefable\n|upkeep\n|turn|225\n|\n|t:|1700696602\n|switch|p1a: Corviknight|Corviknight, F|92\/100\n|switch|p2a: Alomomola|Alomomola, F|99\/100\n|\n|-damage|p2a: Alomomola|87\/100|[from] item: Black Sludge\n|upkeep\n|turn|226\n|\n|t:|1700696609\n|move|p1a: Corviknight|Bulk Up|p1a: Corviknight\n|-boost|p1a: Corviknight|atk|1\n|-boost|p1a: Corviknight|def|1\n|move|p2a: Alomomola|Scald|p1a: Corviknight\n|-damage|p1a: Corviknight|78\/100\n|\n|-damage|p2a: Alomomola|75\/100|[from] item: Black Sludge\n|upkeep\n|turn|227\n|\n|t:|1700696618\n|switch|p2a: Toxapex|Toxapex, M|100\/100 par\n|move|p1a: Corviknight|Bulk Up|p1a: Corviknight\n|-boost|p1a: Corviknight|atk|1\n|-boost|p1a: Corviknight|def|1\n|\n|upkeep\n|turn|228\n|\n|t:|1700696624\n|move|p1a: Corviknight|Brave Bird|p2a: Toxapex\n|-damage|p2a: Toxapex|58\/100 par\n|-damage|p1a: Corviknight|68\/100|[from] Recoil\n|move|p2a: Toxapex|Haze|p2a: Toxapex\n|-clearallboost\n|\n|upkeep\n|turn|229\n|\n|t:|1700696632\n|move|p1a: Corviknight|Brave Bird|p2a: Toxapex\n|-damage|p2a: Toxapex|35\/100 par\n|-damage|p1a: Corviknight|62\/100|[from] Recoil\n|move|p2a: Toxapex|Chilling Water|p1a: Corviknight\n|-damage|p1a: Corviknight|51\/100\n|-ability|p1a: Corviknight|Mirror Armor\n|-unboost|p2a: Toxapex|atk|1\n|\n|upkeep\n|turn|230\n|\n|t:|1700696642\n|move|p1a: Corviknight|Bulk Up|p1a: Corviknight\n|-boost|p1a: Corviknight|atk|1\n|-boost|p1a: Corviknight|def|1\n|cant|p2a: Toxapex|par\n|\n|upkeep\n|turn|231\n|\n|t:|1700696650\n|switch|p2a: Alomomola|Alomomola, F|100\/100\n|move|p1a: Corviknight|Roost|p1a: Corviknight\n|-heal|p1a: Corviknight|100\/100\n|-singleturn|p1a: Corviknight|move: Roost\n|\n|-damage|p2a: Alomomola|88\/100|[from] item: Black Sludge\n|upkeep\n|turn|232\n|\n|t:|1700696658\n|switch|p1a: Clodsire|Clodsire, F|100\/100\n|move|p2a: Alomomola|Scald|p1a: Clodsire\n|-immune|p1a: Clodsire|[from] ability: Water Absorb\n|\n|-damage|p2a: Alomomola|76\/100|[from] item: Black Sludge\n|upkeep\n|turn|233\n|\n|t:|1700696665\n|switch|p2a: Corviknight|Corviknight, F|79\/100\n|-ability|p2a: Corviknight|Pressure\n|switch|p1a: Corviknight|Corviknight, F|100\/100\n|\n|upkeep\n|turn|234\n|\n|t:|1700696674\n|move|p1a: Corviknight|Bulk Up|p1a: Corviknight\n|-boost|p1a: Corviknight|atk|1\n|-boost|p1a: Corviknight|def|1\n|move|p2a: Corviknight|U-turn|p1a: Corviknight\n|-resisted|p1a: Corviknight\n|-crit|p1a: Corviknight\n|-damage|p1a: Corviknight|97\/100\n|-damage|p2a: Corviknight|62\/100|[from] item: Rocky Helmet|[of] p1a: Corviknight\n|\n|t:|1700696681\n|switch|p2a: Toxapex|Toxapex, M|68\/100 par|[from] U-turn\n|\n|upkeep\n|turn|235\n|\n|t:|1700696685\n|move|p1a: Corviknight|Brave Bird|p2a: Toxapex\n|-damage|p2a: Toxapex|34\/100 par\n|-damage|p1a: Corviknight|89\/100|[from] Recoil\n|cant|p2a: Toxapex|par\n|\n|upkeep\n|turn|236\n|\n|t:|1700696694\n|switch|p2a: Alomomola|Alomomola, F|100\/100\n|move|p1a: Corviknight|Brave Bird|p2a: Alomomola\n|-damage|p2a: Alomomola|71\/100\n|-damage|p1a: Corviknight|76\/100|[from] Recoil\n|\n|-damage|p2a: Alomomola|58\/100|[from] item: Black Sludge\n|upkeep\n|turn|237\n|\n|t:|1700696702\n|move|p1a: Corviknight|Brave Bird|p2a: Alomomola\n|-damage|p2a: Alomomola|31\/100\n|-damage|p1a: Corviknight|64\/100|[from] Recoil\n|move|p2a: Alomomola|Scald|p1a: Corviknight\n|-damage|p1a: Corviknight|51\/100\n|-status|p1a: Corviknight|brn\n|\n|-damage|p2a: Alomomola|19\/100|[from] item: Black Sludge\n|-damage|p1a: Corviknight|45\/100 brn|[from] brn\n|upkeep\n|turn|238\n|\n|t:|1700696713\n|switch|p2a: Toxapex|Toxapex, M|68\/100 par\n|move|p1a: Corviknight|Roost|p1a: Corviknight\n|-heal|p1a: Corviknight|95\/100 brn\n|-singleturn|p1a: Corviknight|move: Roost\n|\n|-damage|p1a: Corviknight|88\/100 brn|[from] brn\n|upkeep\n|turn|239\n|\n|t:|1700696721\n|move|p1a: Corviknight|Brave Bird|p2a: Toxapex\n|-damage|p2a: Toxapex|49\/100 par\n|-damage|p1a: Corviknight|84\/100 brn|[from] Recoil\n|cant|p2a: Toxapex|par\n|\n|-damage|p1a: Corviknight|77\/100 brn|[from] brn\n|upkeep\n|turn|240\n|\n|t:|1700696741\n|switch|p1a: Jirachi|Jirachi|100\/100\n|move|p2a: Toxapex|Haze|p2a: Toxapex\n|-clearallboost\n|\n|upkeep\n|turn|241\n|\n|t:|1700696748\n|move|p1a: Jirachi|Iron Head|p2a: Toxapex\n|-resisted|p2a: Toxapex\n|-damage|p2a: Toxapex|36\/100 par\n|move|p2a: Toxapex|Recover|p2a: Toxapex\n|-heal|p2a: Toxapex|86\/100 par\n|\n|upkeep\n|turn|242\n|\n|t:|1700696757\n|switch|p1a: Clefable|Clefable, M|100\/100\n|switch|p2a: Corviknight|Corviknight, F|62\/100\n|-ability|p2a: Corviknight|Pressure\n|\n|upkeep\n|turn|243\n|\n|t:|1700696766\n|switch|p2a: Toxapex|Toxapex, M|100\/100 par\n|move|p1a: Clefable|Knock Off|p2a: Toxapex\n|-damage|p2a: Toxapex|94\/100 par\n|\n|upkeep\n|turn|244\n|\n|t:|1700696771\n|switch|p1a: Clodsire|Clodsire, F|100\/100\n|move|p2a: Toxapex|Toxic Spikes|p1a: Clodsire\n|-sidestart|p1: mochai hehe|move: Toxic Spikes\n|\n|upkeep\n|turn|245\n|\n|t:|1700696777\n|switch|p2a: Corviknight|Corviknight, F|62\/100\n|-ability|p2a: Corviknight|Pressure\n|move|p1a: Clodsire|Protect||[still]\n|-fail|p1a: Clodsire\n|\n|upkeep\n|turn|246\n|\n|t:|1700696788\n|switch|p1a: Toxapex|Toxapex, M|100\/100\n|-sideend|p1: mochai hehe|move: Toxic Spikes|[of] p1a: Toxapex\n|move|p2a: Corviknight|Roost|p2a: Corviknight\n|-heal|p2a: Corviknight|100\/100\n|-singleturn|p2a: Corviknight|move: Roost\n|\n|upkeep\n|turn|247\n|\n|t:|1700696798\n|switch|p2a: Clodsire|Clodsire, M|100\/100\n|switch|p1a: Clodsire|Clodsire, F|100\/100\n|\n|upkeep\n|turn|248\n|\n|t:|1700696807\n|switch|p2a: Corviknight|Corviknight, F|100\/100\n|-ability|p2a: Corviknight|Pressure\n|switch|p1a: Jirachi|Jirachi|100\/100\n|\n|upkeep\n|turn|249\n|\n|t:|1700696819\n|switch|p2a: Toxapex|Toxapex, M|100\/100 par\n|move|p1a: Jirachi|Thunder Wave|p2a: Toxapex\n|-fail|p2a: Toxapex|par\n|\n|upkeep\n|turn|250\n|\n|t:|1700696825\n|switch|p1a: Toxapex|Toxapex, M|100\/100\n|cant|p2a: Toxapex|par\n|\n|upkeep\n|turn|251\n|\n|t:|1700696832\n|switch|p1a: Clodsire|Clodsire, F|100\/100\n|switch|p2a: Clodsire|Clodsire, M|100\/100\n|\n|upkeep\n|turn|252\n|\n|t:|1700696837\n|switch|p2a: Corviknight|Corviknight, F|100\/100\n|-ability|p2a: Corviknight|Pressure\n|switch|p1a: Jirachi|Jirachi|100\/100\n|\n|upkeep\n|turn|253\n|\n|t:|1700696848\n|switch|p1a: Toxapex|Toxapex, M|100\/100\n|switch|p2a: Toxapex|Toxapex, M|100\/100 par\n|\n|upkeep\n|turn|254\n|c|\u2606mochai hehe|we in the mood for a draw?\n|\n|t:|1700696862\n|switch|p1a: Clefable|Clefable, M|100\/100\n|move|p2a: Toxapex|Chilling Water|p1a: Clefable\n|-damage|p1a: Clefable|93\/100\n|-unboost|p1a: Clefable|atk|1\n|\n|-heal|p1a: Clefable|99\/100|[from] item: Leftovers\n|upkeep\n|turn|255\n|c|\u2606GwendalVSF|nope\n|\n|t:|1700696873\n|switch|p1a: Toxapex|Toxapex, M|100\/100\n|move|p2a: Toxapex|Chilling Water|p1a: Toxapex\n|-resisted|p1a: Toxapex\n|-damage|p1a: Toxapex|97\/100\n|-unboost|p1a: Toxapex|atk|1\n|\n|-heal|p1a: Toxapex|100\/100|[from] item: Black Sludge\n|upkeep\n|turn|256\n|c|\u2606mochai hehe|lmao\n|\n|t:|1700696881\n|switch|p1a: Clefable|Clefable, M|99\/100\n|cant|p2a: Toxapex|par\n|\n|-heal|p1a: Clefable|100\/100|[from] item: Leftovers\n|upkeep\n|turn|257\n|\n|t:|1700696889\n|switch|p1a: Toxapex|Toxapex, M|100\/100\n|move|p2a: Toxapex|Chilling Water|p1a: Toxapex\n|-resisted|p1a: Toxapex\n|-damage|p1a: Toxapex|97\/100\n|-unboost|p1a: Toxapex|atk|1\n|\n|-heal|p1a: Toxapex|100\/100|[from] item: Black Sludge\n|upkeep\n|turn|258\n|\n|t:|1700696897\n|switch|p1a: Clefable|Clefable, M|100\/100\n|move|p2a: Toxapex|Chilling Water|p1a: Clefable\n|-damage|p1a: Clefable|94\/100\n|-unboost|p1a: Clefable|atk|1\n|\n|-heal|p1a: Clefable|99\/100|[from] item: Leftovers\n|upkeep\n|turn|259\n|\n|t:|1700696905\n|switch|p1a: Toxapex|Toxapex, M|100\/100\n|move|p2a: Toxapex|Chilling Water|p1a: Toxapex\n|-resisted|p1a: Toxapex\n|-damage|p1a: Toxapex|96\/100\n|-unboost|p1a: Toxapex|atk|1\n|\n|-heal|p1a: Toxapex|100\/100|[from] item: Black Sludge\n|upkeep\n|turn|260\n|\n|t:|1700696924\n|switch|p1a: Clefable|Clefable, M|99\/100\n|move|p2a: Toxapex|Chilling Water|p1a: Clefable\n|-damage|p1a: Clefable|93\/100\n|-unboost|p1a: Clefable|atk|1\n|\n|-heal|p1a: Clefable|99\/100|[from] item: Leftovers\n|upkeep\n|turn|261\n|\n|t:|1700696931\n|switch|p1a: Toxapex|Toxapex, M|100\/100\n|move|p2a: Toxapex|Chilling Water|p1a: Toxapex\n|-resisted|p1a: Toxapex\n|-damage|p1a: Toxapex|96\/100\n|-unboost|p1a: Toxapex|atk|1\n|\n|-heal|p1a: Toxapex|100\/100|[from] item: Black Sludge\n|upkeep\n|turn|262\n|\n|t:|1700696939\n|switch|p1a: Clefable|Clefable, M|99\/100\n|move|p2a: Toxapex|Chilling Water|p1a: Clefable\n|-damage|p1a: Clefable|92\/100\n|-unboost|p1a: Clefable|atk|1\n|\n|-heal|p1a: Clefable|98\/100|[from] item: Leftovers\n|upkeep\n|turn|263\n|\n|t:|1700696960\n|switch|p1a: Toxapex|Toxapex, M|100\/100\n|move|p2a: Toxapex|Haze|p2a: Toxapex\n|-clearallboost\n|\n|upkeep\n|turn|264\n|\n|t:|1700696968\n|switch|p1a: Clefable|Clefable, M|98\/100\n|switch|p2a: Clodsire|Clodsire, M|100\/100\n|\n|-heal|p1a: Clefable|100\/100|[from] item: Leftovers\n|upkeep\n|turn|265\n|\n|t:|1700696976\n|switch|p1a: Toxapex|Toxapex, M|100\/100\n|switch|p2a: Toxapex|Toxapex, M|100\/100 par\n|\n|upkeep\n|turn|266\n|\n|t:|1700696983\n|switch|p1a: Clefable|Clefable, M|100\/100\n|switch|p2a: Alomomola|Alomomola, F|52\/100\n|\n|-damage|p2a: Alomomola|40\/100|[from] item: Black Sludge\n|upkeep\n|turn|267\n|\n|t:|1700696989\n|switch|p2a: Toxapex|Toxapex, M|100\/100 par\n|switch|p1a: Toxapex|Toxapex, M|100\/100\n|\n|upkeep\n|turn|268\n|\n|t:|1700696993\n|switch|p1a: Clefable|Clefable, M|100\/100\n|switch|p2a: Clodsire|Clodsire, M|100\/100\n|\n|upkeep\n|turn|269\n|\n|t:|1700696996\n|switch|p1a: Toxapex|Toxapex, M|100\/100\n|move|p2a: Clodsire|Spikes|p1a: Toxapex\n|-sidestart|p1: mochai hehe|Spikes\n|\n|upkeep\n|turn|270\n|\n|t:|1700697000\n|switch|p1a: Great Tusk|Great Tusk|100\/100\n|-damage|p1a: Great Tusk|88\/100|[from] Spikes\n|move|p2a: Clodsire|Spikes|p1a: Great Tusk\n|-sidestart|p1: mochai hehe|Spikes\n|\n|-heal|p1a: Great Tusk|94\/100|[from] item: Leftovers\n|upkeep\n|turn|271\n|\n|t:|1700697010\n|switch|p2a: Alomomola|Alomomola, F|73\/100\n|move|p1a: Great Tusk|Rapid Spin|p2a: Alomomola\n|-damage|p2a: Alomomola|65\/100\n|-boost|p1a: Great Tusk|spe|1\n|-sideend|p1: mochai hehe|Spikes|[from] move: Rapid Spin|[of] p1a: Great Tusk\n|\n|-heal|p1a: Great Tusk|100\/100|[from] item: Leftovers\n|-damage|p2a: Alomomola|52\/100|[from] item: Black Sludge\n|upkeep\n|turn|272\n|\n|t:|1700697027\n|-end|p1a: Great Tusk|Protosynthesis|[silent]\n|switch|p1a: Clodsire|Clodsire, F|100\/100\n|move|p2a: Alomomola|Wish|p2a: Alomomola\n|\n|-damage|p2a: Alomomola|40\/100|[from] item: Black Sludge\n|upkeep\n|turn|273\n|\n|t:|1700697032\n|switch|p1a: Clefable|Clefable, M|100\/100\n|move|p2a: Alomomola|Protect||[still]\n|-fail|p2a: Alomomola\n|\n|-heal|p2a: Alomomola|90\/100|[from] move: Wish|[wisher] Alomomola\n|-damage|p2a: Alomomola|77\/100|[from] item: Black Sludge\n|upkeep\n|turn|274\n|inactive|Battle timer is ON: inactive players will automatically lose when time's up. (requested by mochai hehe)\n|inactive|GwendalVSF has 25 seconds left this turn.\n|\n|t:|1700697041\n|switch|p2a: Toxapex|Toxapex, M|100\/100 par\n|switch|p1a: Clodsire|Clodsire, F|100\/100\n|\n|upkeep\n|turn|275\n|inactive|GwendalVSF has 30 seconds left this turn.\n|\n|t:|1700697047\n|switch|p1a: Clefable|Clefable, M|100\/100\n|switch|p2a: Corviknight|Corviknight, F|100\/100\n|-ability|p2a: Corviknight|Pressure\n|\n|upkeep\n|turn|276\n|inactive|GwendalVSF has 25 seconds left this turn.\n|inactive|GwendalVSF has 20 seconds left.\n|\n|t:|1700697055\n|switch|p2a: Clodsire|Clodsire, M|100\/100\n|switch|p1a: Clodsire|Clodsire, F|100\/100\n|\n|upkeep\n|turn|277\n|inactive|GwendalVSF has 25 seconds left this turn.\n|\n|t:|1700697058\n|switch|p2a: Corviknight|Corviknight, F|100\/100\n|-ability|p2a: Corviknight|Pressure\n|switch|p1a: Clefable|Clefable, M|100\/100\n|\n|upkeep\n|turn|278\n|inactive|GwendalVSF has 25 seconds left this turn.\n|\n|t:|1700697061\n|switch|p2a: Toxapex|Toxapex, M|100\/100 par\n|switch|p1a: Jirachi|Jirachi|100\/100\n|\n|upkeep\n|turn|279\n|inactive|GwendalVSF has 30 seconds left this turn.\n|\n|t:|1700697064\n|switch|p2a: Clodsire|Clodsire, M|100\/100\n|move|p1a: Jirachi|U-turn|p2a: Clodsire\n|-resisted|p2a: Clodsire\n|-damage|p2a: Clodsire|89\/100\n|inactive|GwendalVSF has 30 seconds left this turn.\n|\n|t:|1700697066\n|switch|p1a: Clodsire|Clodsire, F|100\/100|[from] U-turn\n|\n|upkeep\n|turn|280\n|\n|t:|1700697071\n|switch|p2a: Corviknight|Corviknight, F|100\/100\n|-ability|p2a: Corviknight|Pressure\n|switch|p1a: Jirachi|Jirachi|100\/100\n|\n|upkeep\n|turn|281\n|inactive|GwendalVSF has 30 seconds left.\n|\n|t:|1700697077\n|move|p1a: Jirachi|Thunder Wave|p2a: Corviknight\n|-status|p2a: Corviknight|par\n|move|p2a: Corviknight|U-turn|p1a: Jirachi\n|-damage|p1a: Jirachi|88\/100\n|inactive|GwendalVSF has 30 seconds left.\n|\n|t:|1700697083\n|switch|p2a: Toxapex|Toxapex, M|100\/100 par|[from] U-turn\n|\n|upkeep\n|turn|282\n|inactive|GwendalVSF has 30 seconds left this turn.\n|\n|t:|1700697088\n|switch|p1a: Toxapex|Toxapex, M|100\/100\n|move|p2a: Toxapex|Toxic Spikes|p1a: Toxapex\n|-sidestart|p1: mochai hehe|move: Toxic Spikes\n|\n|upkeep\n|turn|283\n|\n|t:|1700697093\n|switch|p1a: Clodsire|Clodsire, F|100\/100\n|-sideend|p1: mochai hehe|move: Toxic Spikes|[of] p1a: Clodsire\n|cant|p2a: Toxapex|par\n|\n|upkeep\n|turn|284\n|inactive|GwendalVSF has 30 seconds left.\n|\n|t:|1700697099\n|switch|p1a: Toxapex|Toxapex, M|100\/100\n|switch|p2a: Corviknight|Corviknight, F|100\/100 par\n|-ability|p2a: Corviknight|Pressure\n|\n|upkeep\n|turn|285\n|inactive|GwendalVSF has 30 seconds left.\n|\n|t:|1700697106\n|switch|p1a: Clodsire|Clodsire, F|100\/100\n|switch|p2a: Clodsire|Clodsire, M|89\/100\n|\n|upkeep\n|turn|286\n|inactive|GwendalVSF has 30 seconds left this turn.\n|\n|t:|1700697112\n|switch|p2a: Corviknight|Corviknight, F|100\/100 par\n|-ability|p2a: Corviknight|Pressure\n|switch|p1a: Toxapex|Toxapex, M|100\/100\n|\n|upkeep\n|turn|287\n|inactive|GwendalVSF has 30 seconds left this turn.\n|\n|t:|1700697117\n|switch|p1a: Clodsire|Clodsire, F|100\/100\n|switch|p2a: Clodsire|Clodsire, M|89\/100\n|\n|upkeep\n|turn|288\n|inactive|GwendalVSF has 25 seconds left this turn.\n|\n|t:|1700697119\n|switch|p2a: Corviknight|Corviknight, F|100\/100 par\n|-ability|p2a: Corviknight|Pressure\n|switch|p1a: Toxapex|Toxapex, M|100\/100\n|\n|upkeep\n|turn|289\n|inactive|GwendalVSF has 30 seconds left this turn.\n|\n|t:|1700697122\n|switch|p1a: Clodsire|Clodsire, F|100\/100\n|switch|p2a: Garganacl|Garganacl, F|100\/100\n|\n|upkeep\n|turn|290\n|inactive|GwendalVSF has 30 seconds left this turn.\n|\n|t:|1700697127\n|switch|p1a: Jirachi|Jirachi|88\/100\n|-terastallize|p2a: Garganacl|Fairy\n|move|p2a: Garganacl|Salt Cure|p1a: Jirachi\n|-resisted|p1a: Jirachi\n|-damage|p1a: Jirachi|82\/100\n|-start|p1a: Jirachi|Salt Cure\n|\n|-damage|p1a: Jirachi|57\/100|[from] Salt Cure\n|upkeep\n|turn|291\n|inactive|GwendalVSF has 30 seconds left.\n|\n|t:|1700697134\n|switch|p2a: Toxapex|Toxapex, M|100\/100 par\n|move|p1a: Jirachi|Trick||[still]\n|-fail|p1a: Jirachi\n|\n|-damage|p1a: Jirachi|32\/100|[from] Salt Cure\n|upkeep\n|turn|292\n|inactive|GwendalVSF has 30 seconds left this turn.\n|\n|t:|1700697141\n|switch|p1a: Toxapex|Toxapex, M|100\/100\n|move|p2a: Toxapex|Chilling Water|p1a: Toxapex\n|-resisted|p1a: Toxapex\n|-damage|p1a: Toxapex|97\/100\n|-unboost|p1a: Toxapex|atk|1\n|\n|-heal|p1a: Toxapex|100\/100|[from] item: Black Sludge\n|upkeep\n|turn|293\n|inactive|GwendalVSF has 30 seconds left this turn.\n|\n|t:|1700697150\n|switch|p1a: Clefable|Clefable, M|100\/100\n|switch|p2a: Clodsire|Clodsire, M|89\/100\n|\n|upkeep\n|turn|294\n|inactive|GwendalVSF has 25 seconds left this turn.\n|inactive|GwendalVSF has 20 seconds left.\n|inactive|GwendalVSF has 15 seconds left.\n|\n|t:|1700697160\n|switch|p1a: Toxapex|Toxapex, M|100\/100\n|switch|p2a: Garganacl|Garganacl, F, tera:Fairy|100\/100\n|\n|upkeep\n|turn|295\n|inactive|GwendalVSF has 20 seconds left this turn.\n|inactive|GwendalVSF has 15 seconds left.\n|\n|t:|1700697165\n|move|p1a: Toxapex|Baneful Bunker|p1a: Toxapex\n|-singleturn|p1a: Toxapex|move: Protect\n|move|p2a: Garganacl|Salt Cure|p1a: Toxapex\n|-activate|p1a: Toxapex|move: Protect\n|\n|upkeep\n|turn|296\n|inactive|GwendalVSF has 15 seconds left this turn.\n|inactive|GwendalVSF has 10 seconds left.\n|\n|t:|1700697171\n|switch|p1a: Great Tusk|Great Tusk|100\/100\n|move|p2a: Garganacl|Salt Cure|p1a: Great Tusk\n|-resisted|p1a: Great Tusk\n|-damage|p1a: Great Tusk|98\/100\n|-start|p1a: Great Tusk|Salt Cure\n|\n|-heal|p1a: Great Tusk|100\/100|[from] item: Leftovers\n|-damage|p1a: Great Tusk|88\/100|[from] Salt Cure\n|upkeep\n|turn|297\n|inactive|GwendalVSF has 15 seconds left this turn.\n|inactive|GwendalVSF has 10 seconds left.\n|\n|t:|1700697179\n|-end|p1a: Great Tusk|Protosynthesis|[silent]\n|switch|p1a: Toxapex|Toxapex, M|100\/100\n|move|p2a: Garganacl|Protect||[still]\n|-fail|p2a: Garganacl\n|\n|upkeep\n|turn|298\n|inactive|GwendalVSF has 10 seconds left this turn.\n|\n|t:|1700697184\n|move|p1a: Toxapex|Chilling Water|p2a: Garganacl\n|-damage|p2a: Garganacl|92\/100\n|-unboost|p2a: Garganacl|atk|1\n|move|p2a: Garganacl|Salt Cure|p1a: Toxapex\n|-damage|p1a: Toxapex|95\/100\n|-start|p1a: Toxapex|Salt Cure\n|\n|-heal|p1a: Toxapex|100\/100|[from] item: Black Sludge\n|-heal|p2a: Garganacl|98\/100|[from] item: Leftovers\n|-damage|p1a: Toxapex|75\/100|[from] Salt Cure\n|upkeep\n|turn|299\n|inactive|GwendalVSF has 15 seconds left this turn.\n|inactive|GwendalVSF has 10 seconds left.\n|\n|t:|1700697194\n|switch|p1a: Clefable|Clefable, M|100\/100\n|move|p2a: Garganacl|Iron Defense|p2a: Garganacl\n|-boost|p2a: Garganacl|def|2\n|\n|-heal|p2a: Garganacl|100\/100|[from] item: Leftovers\n|upkeep\n|turn|300\n|inactive|GwendalVSF has 10 seconds left this turn.\n|inactive|GwendalVSF has 5 seconds left.\n|\n|t:|1700697200\n|move|p1a: Clefable|Knock Off|p2a: Garganacl\n|-resisted|p2a: Garganacl\n|-damage|p2a: Garganacl|98\/100\n|-enditem|p2a: Garganacl|Leftovers|[from] move: Knock Off|[of] p1a: Clefable\n|move|p2a: Garganacl|Salt Cure|p1a: Clefable\n|-damage|p1a: Clefable|90\/100\n|-start|p1a: Clefable|Salt Cure\n|\n|-heal|p1a: Clefable|96\/100|[from] item: Leftovers\n|upkeep\n|turn|301\n|inactive|GwendalVSF has 10 seconds left this turn.\n|inactive|GwendalVSF has 5 seconds left.\n|\n|t:|1700697209\n|switch|p1a: Toxapex|Toxapex, M|100\/100\n|move|p2a: Garganacl|Iron Defense|p2a: Garganacl\n|-boost|p2a: Garganacl|def|2\n|\n|upkeep\n|turn|302\n|inactive|GwendalVSF has 5 seconds left this turn.\n|\n|t:|1700697214\n|move|p1a: Toxapex|Haze|p1a: Toxapex\n|-clearallboost\n|move|p2a: Garganacl|Salt Cure|p1a: Toxapex\n|-damage|p1a: Toxapex|93\/100\n|-start|p1a: Toxapex|Salt Cure\n|\n|-heal|p1a: Toxapex|99\/100|[from] item: Black Sludge\n|-damage|p1a: Toxapex|74\/100|[from] Salt Cure\n|upkeep\n|turn|303\n|inactive|GwendalVSF has 10 seconds left this turn.\n|inactive|GwendalVSF has 5 seconds left.\n|\n|t:|1700697222\n|switch|p1a: Clefable|Clefable, M|96\/100\n|move|p2a: Garganacl|Iron Defense|p2a: Garganacl\n|-boost|p2a: Garganacl|def|2\n|\n|-heal|p1a: Clefable|100\/100|[from] item: Leftovers\n|upkeep\n|turn|304\n|inactive|GwendalVSF has 5 seconds left this turn.\n|-message|GwendalVSF lost due to inactivity.\n|\n|win|mochai hehe\n|raw|mochai hehe's rating: 1326 &rarr; <strong>1347<\/strong><br \/>(+21 for winning)\n|raw|GwendalVSF's rating: 1340 &rarr; <strong>1319<\/strong><br \/>(-21 for losing)\n|c|\u2606GwendalVSF|WTF\n|c|\u2606GwendalVSF|thats unfair\n|c|\u2606mochai hehe|sorry but it was taking a bit\n|c|\u2606mochai hehe|and no draw so\n|c|\u2606mochai hehe|had to end it faster\n|c|\u2606GwendalVSF|your mo m\n|c|\u2606mochai hehe|lol\n|c|\u2606mochai hehe|respect however\n|c|\u2606mochai hehe|stalls a rare breed now\n|c|\u2606mochai hehe|ggs\n","uploadtime":1700697231,"views":41,"p1id":"mochaihehe","p2id":"gwendalvsf","formatid":"gen9ou","rating":1319,"private":0,"password":""}