{"id":"gen9ou-1990752492","p1":"IsaiahZX7","p2":"Antoimelys","format":"[Gen 9] OU","log":"|j|\u2606IsaiahZX7\n|j|\u2606Antoimelys\n|t:|1699997531\n|gametype|singles\n|player|p1|IsaiahZX7|cynthia|1242\n|player|p2|Antoimelys|penny|1342\n|teamsize|p1|6\n|teamsize|p2|6\n|gen|9\n|tier|[Gen 9] OU\n|rated|\n|rule|Sleep Clause Mod: Limit one foe put to sleep\n|rule|Species Clause: Limit one of each Pok\u00e9mon\n|rule|OHKO Clause: OHKO moves are banned\n|rule|Evasion Items Clause: Evasion items are banned\n|rule|Evasion Moves Clause: Evasion moves are banned\n|rule|Endless Battle Clause: Forcing endless battles is banned\n|rule|HP Percentage Mod: HP is shown in percentages\n|clearpoke\n|poke|p1|Dragapult, M|\n|poke|p1|Heatran, M|\n|poke|p1|Great Tusk|\n|poke|p1|Amoonguss, M|\n|poke|p1|Weavile, M|\n|poke|p1|Enamorus, F|\n|poke|p2|Glimmora, F|\n|poke|p2|Gholdengo|\n|poke|p2|Weavile, F|\n|poke|p2|Hatterene, F|\n|poke|p2|Landorus-Therian, M|\n|poke|p2|Ogerpon-Wellspring, F|\n|teampreview\n|\n|t:|1699997541\n|start\n|switch|p1a: Hot Chunk|Heatran, M, shiny|100\/100\n|switch|p2a: Roy|Landorus-Therian, M|100\/100\n|-ability|p2a: Roy|Intimidate|boost\n|-unboost|p1a: Hot Chunk|atk|1\n|-item|p1a: Hot Chunk|Air Balloon\n|turn|1\n|\n|t:|1699997548\n|move|p2a: Roy|U-turn|p1a: Hot Chunk\n|-resisted|p1a: Hot Chunk\n|-damage|p1a: Hot Chunk|95\/100\n|-enditem|p1a: Hot Chunk|Air Balloon\n|\n|t:|1699997552\n|switch|p2a: Lucina|Ogerpon-Wellspring, F|100\/100|[from] U-turn\n|move|p1a: Hot Chunk|Will-O-Wisp|p2a: Lucina\n|-status|p2a: Lucina|brn\n|\n|-damage|p2a: Lucina|95\/100 brn|[from] brn\n|upkeep\n|turn|2\n|\n|t:|1699997562\n|move|p2a: Lucina|Encore|p1a: Hot Chunk\n|-start|p1a: Hot Chunk|Encore\n|move|p1a: Hot Chunk|Will-O-Wisp|p2a: Lucina\n|-fail|p2a: Lucina|brn\n|\n|-damage|p2a: Lucina|89\/100 brn|[from] brn\n|upkeep\n|turn|3\n|\n|t:|1699997569\n|switch|p1a: Jonathan Crane|Dragapult, M|100\/100\n|move|p2a: Lucina|Swords Dance|p2a: Lucina\n|-boost|p2a: Lucina|atk|2\n|\n|-damage|p2a: Lucina|83\/100 brn|[from] brn\n|upkeep\n|turn|4\n|\n|t:|1699997577\n|-terastallize|p2a: Lucina|Water\n|detailschange|p2a: Lucina|Ogerpon-Wellspring-Tera, F, tera:Water\n|-ability|p2a: Lucina|Embody Aspect (Wellspring)|boost\n|-boost|p2a: Lucina|spd|1\n|move|p1a: Jonathan Crane|Hex|p2a: Lucina\n|-damage|p2a: Lucina|36\/100 brn\n|move|p2a: Lucina|Ivy Cudgel|p1a: Jonathan Crane|[anim] Ivy Cudgel Water\n|-resisted|p1a: Jonathan Crane\n|-damage|p1a: Jonathan Crane|51\/100\n|\n|-damage|p2a: Lucina|30\/100 brn|[from] brn\n|upkeep\n|turn|5\n|\n|t:|1699997588\n|move|p1a: Jonathan Crane|Hex|p2a: Lucina\n|-damage|p2a: Lucina|0 fnt\n|faint|p2a: Lucina\n|\n|upkeep\n|\n|t:|1699997593\n|switch|p2a: Seliph|Weavile, F|100\/100\n|-ability|p2a: Seliph|Pressure\n|turn|6\n|\n|t:|1699997597\n|move|p1a: Jonathan Crane|Thunder Wave|p2a: Seliph\n|-status|p2a: Seliph|par\n|move|p2a: Seliph|Night Slash|p1a: Jonathan Crane\n|-supereffective|p1a: Jonathan Crane\n|-crit|p1a: Jonathan Crane\n|-damage|p1a: Jonathan Crane|0 fnt\n|faint|p1a: Jonathan Crane\n|\n|upkeep\n|\n|t:|1699997603\n|switch|p1a: Hot Chunk|Heatran, M, shiny|95\/100\n|turn|7\n|\n|t:|1699997606\n|move|p1a: Hot Chunk|Stealth Rock|p2a: Seliph\n|-sidestart|p2: Antoimelys|move: Stealth Rock\n|move|p2a: Seliph|Brick Break|p1a: Hot Chunk\n|-supereffective|p1a: Hot Chunk\n|-damage|p1a: Hot Chunk|50\/100\n|\n|upkeep\n|turn|8\n|\n|t:|1699997612\n|move|p1a: Hot Chunk|Magma Storm|p2a: Seliph|[miss]\n|-miss|p1a: Hot Chunk|p2a: Seliph\n|cant|p2a: Seliph|par\n|\n|upkeep\n|turn|9\n|\n|t:|1699997618\n|move|p1a: Hot Chunk|Magma Storm|p2a: Seliph\n|-supereffective|p2a: Seliph\n|-enditem|p2a: Seliph|Focus Sash\n|-damage|p2a: Seliph|1\/100 par\n|-activate|p2a: Seliph|move: Magma Storm|[of] p1a: Hot Chunk\n|move|p2a: Seliph|Brick Break|p1a: Hot Chunk\n|-supereffective|p1a: Hot Chunk\n|-damage|p1a: Hot Chunk|2\/100\n|\n|-damage|p2a: Seliph|0 fnt|[from] move: Magma Storm|[partiallytrapped]\n|faint|p2a: Seliph\n|upkeep\n|\n|t:|1699997636\n|switch|p2a: Roy|Landorus-Therian, M|100\/100\n|-damage|p2a: Roy|88\/100|[from] Stealth Rock\n|-ability|p2a: Roy|Intimidate|boost\n|-unboost|p1a: Hot Chunk|atk|1\n|turn|10\n|\n|t:|1699997664\n|move|p2a: Roy|U-turn|p1a: Hot Chunk\n|-resisted|p1a: Hot Chunk\n|-damage|p1a: Hot Chunk|0 fnt\n|faint|p1a: Hot Chunk\n|\n|t:|1699997667\n|switch|p2a: Yunaka|Glimmora, F, shiny|100\/100|[from] U-turn\n|-damage|p2a: Yunaka|88\/100|[from] Stealth Rock\n|\n|upkeep\n|\n|t:|1699997672\n|switch|p1a: Lovetolos|Enamorus, F|100\/100\n|turn|11\n|\n|t:|1699997676\n|-terastallize|p1a: Lovetolos|Steel\n|move|p1a: Lovetolos|Calm Mind|p1a: Lovetolos\n|-boost|p1a: Lovetolos|spa|1\n|-boost|p1a: Lovetolos|spd|1\n|move|p2a: Yunaka|Mortal Spin|p1a: Lovetolos\n|-immune|p1a: Lovetolos\n|\n|upkeep\n|turn|12\n|\n|t:|1699997692\n|move|p1a: Lovetolos|Calm Mind|p1a: Lovetolos\n|-boost|p1a: Lovetolos|spa|1\n|-boost|p1a: Lovetolos|spd|1\n|move|p2a: Yunaka|Stealth Rock|p1a: Lovetolos\n|-sidestart|p1: IsaiahZX7|move: Stealth Rock\n|\n|upkeep\n|turn|13\n|\n|t:|1699997697\n|move|p1a: Lovetolos|Earth Power|p2a: Yunaka\n|-supereffective|p2a: Yunaka\n|-damage|p2a: Yunaka|0 fnt\n|faint|p2a: Yunaka\n|\n|upkeep\n|inactive|Battle timer is ON: inactive players will automatically lose when time's up. (requested by IsaiahZX7)\n|\n|t:|1699997701\n|switch|p2a: Roy|Landorus-Therian, M|88\/100\n|-damage|p2a: Roy|76\/100|[from] Stealth Rock\n|-ability|p2a: Roy|Intimidate|boost\n|-unboost|p1a: Lovetolos|atk|1\n|turn|14\n|\n|t:|1699997706\n|move|p1a: Lovetolos|Moonblast|p2a: Roy\n|-damage|p2a: Roy|0 fnt\n|faint|p2a: Roy\n|\n|upkeep\n|\n|t:|1699997710\n|switch|p2a: Micaiah|Hatterene, F, shiny|100\/100\n|-damage|p2a: Micaiah|88\/100|[from] Stealth Rock\n|turn|15\n|c|\u2606Antoimelys|gg ^^\n|\n|t:|1699997715\n|move|p1a: Lovetolos|Moonblast|p2a: Micaiah\n|-damage|p2a: Micaiah|0 fnt\n|faint|p2a: Micaiah\n|\n|upkeep\n|c|\u2606IsaiahZX7|gg\n|\n|t:|1699997719\n|switch|p2a: Robin|Gholdengo|100\/100\n|-damage|p2a: Robin|94\/100|[from] Stealth Rock\n|-item|p2a: Robin|Air Balloon\n|turn|16\n|c|\u2606IsaiahZX7|Love the Fire Emblem references\n|\n|t:|1699997731\n|move|p1a: Lovetolos|Moonblast|p2a: Robin\n|-resisted|p2a: Robin\n|-damage|p2a: Robin|39\/100\n|-enditem|p2a: Robin|Air Balloon\n|move|p2a: Robin|Hex|p1a: Lovetolos\n|-damage|p1a: Lovetolos|74\/100\n|\n|upkeep\n|turn|17\n|c|\u2606Antoimelys|ty\n|\n|t:|1699997738\n|move|p1a: Lovetolos|Moonblast|p2a: Robin\n|-resisted|p2a: Robin\n|-damage|p2a: Robin|0 fnt\n|faint|p2a: Robin\n|\n|win|IsaiahZX7\n|raw|IsaiahZX7's rating: 1242 &rarr; <strong>1274<\/strong><br \/>(+32 for winning)\n|raw|Antoimelys's rating: 1342 &rarr; <strong>1316<\/strong><br \/>(-26 for losing)\n|l|\u2606Antoimelys\n","uploadtime":1699997745,"views":7,"p1id":"isaiahzx7","p2id":"antoimelys","formatid":"gen9ou","rating":1274,"private":0,"password":""}