{"id":"gen9ou-1998268000","p1":"Lazysans42","p2":"redot5","format":"[Gen 9] OU","log":"|j|\u2606Lazysans42\n|j|\u2606redot5\n|t:|1700922418\n|gametype|singles\n|player|p1|Lazysans42|1|1158\n|player|p2|redot5|hugh|1069\n|teamsize|p1|6\n|teamsize|p2|6\n|gen|9\n|tier|[Gen 9] OU\n|rated|\n|rule|Sleep Clause Mod: Limit one foe put to sleep\n|rule|Species Clause: Limit one of each Pok\u00e9mon\n|rule|OHKO Clause: OHKO moves are banned\n|rule|Evasion Items Clause: Evasion items are banned\n|rule|Evasion Moves Clause: Evasion moves are banned\n|rule|Endless Battle Clause: Forcing endless battles is banned\n|rule|HP Percentage Mod: HP is shown in percentages\n|clearpoke\n|poke|p1|Houndoom, F|\n|poke|p1|Zapdos|\n|poke|p1|Iron Valiant|\n|poke|p1|Kleavor, M|\n|poke|p1|Garchomp, F|\n|poke|p1|Basculegion, M|\n|poke|p2|Kingambit, F|\n|poke|p2|Glimmora, F|\n|poke|p2|Zamazenta-*|\n|poke|p2|Iron Valiant|\n|poke|p2|Iron Moth|\n|poke|p2|Ogerpon-Wellspring, F|\n|teampreview\n|inactive|Battle timer is ON: inactive players will automatically lose when time's up. (requested by Lazysans42)\n|\n|t:|1700922432\n|start\n|switch|p1a: Kleavor|Kleavor, M|100\/100\n|switch|p2a: Glimmora|Glimmora, F|100\/100\n|turn|1\n|\n|t:|1700922442\n|move|p2a: Glimmora|Stealth Rock|p1a: Kleavor\n|-sidestart|p1: Lazysans42|move: Stealth Rock\n|move|p1a: Kleavor|Stone Axe|p2a: Glimmora\n|-damage|p2a: Glimmora|39\/100\n|-activate|p2a: Glimmora|ability: Toxic Debris\n|-sidestart|p1: Lazysans42|move: Toxic Spikes\n|-sidestart|p2: redot5|move: Stealth Rock\n|\n|upkeep\n|turn|2\n|\n|t:|1700922449\n|move|p2a: Glimmora|Mortal Spin|p1a: Kleavor\n|-resisted|p1a: Kleavor\n|-damage|p1a: Kleavor|96\/100\n|-status|p1a: Kleavor|psn\n|-sideend|p2: redot5|Stealth Rock|[from] move: Mortal Spin|[of] p2a: Glimmora\n|move|p1a: Kleavor|Stone Axe|p2a: Glimmora\n|-damage|p2a: Glimmora|0 fnt\n|-activate|p2a: Glimmora|ability: Toxic Debris\n|-sidestart|p1: Lazysans42|move: Toxic Spikes\n|-sidestart|p2: redot5|move: Stealth Rock\n|faint|p2a: Glimmora\n|\n|-damage|p1a: Kleavor|84\/100 psn|[from] psn\n|upkeep\n|\n|t:|1700922468\n|switch|p2a: Zamazenta|Zamazenta, shiny|100\/100\n|-damage|p2a: Zamazenta|94\/100|[from] Stealth Rock\n|-ability|p2a: Zamazenta|Dauntless Shield|boost\n|-boost|p2a: Zamazenta|def|1\n|turn|3\n|\n|t:|1700922475\n|move|p2a: Zamazenta|Iron Defense|p2a: Zamazenta\n|-boost|p2a: Zamazenta|def|2\n|move|p1a: Kleavor|Defog|p2a: Zamazenta\n|-unboost|p2a: Zamazenta|evasion|1\n|-sideend|p2: redot5|Stealth Rock|[from] move: Defog|[of] p1a: Kleavor\n|-sideend|p1: Lazysans42|Toxic Spikes|[from] move: Defog|[of] p1a: Kleavor\n|-sideend|p1: Lazysans42|Stealth Rock|[from] move: Defog|[of] p1a: Kleavor\n|\n|-heal|p2a: Zamazenta|100\/100|[from] item: Leftovers\n|-damage|p1a: Kleavor|71\/100 psn|[from] psn\n|upkeep\n|turn|4\n|\n|t:|1700922482\n|move|p2a: Zamazenta|Iron Defense|p2a: Zamazenta\n|-boost|p2a: Zamazenta|def|2\n|move|p1a: Kleavor|Stone Axe|p2a: Zamazenta\n|-resisted|p2a: Zamazenta\n|-damage|p2a: Zamazenta|94\/100\n|-sidestart|p2: redot5|move: Stealth Rock\n|\n|-heal|p2a: Zamazenta|100\/100|[from] item: Leftovers\n|-damage|p1a: Kleavor|59\/100 psn|[from] psn\n|upkeep\n|turn|5\n|\n|t:|1700922487\n|move|p2a: Zamazenta|Iron Defense|p2a: Zamazenta\n|-boost|p2a: Zamazenta|def|1\n|move|p1a: Kleavor|X-Scissor|p2a: Zamazenta\n|-resisted|p2a: Zamazenta\n|-damage|p2a: Zamazenta|94\/100\n|\n|-heal|p2a: Zamazenta|99\/100|[from] item: Leftovers\n|-damage|p1a: Kleavor|46\/100 psn|[from] psn\n|upkeep\n|turn|6\n|\n|t:|1700922494\n|move|p2a: Zamazenta|Body Press|p1a: Kleavor\n|-damage|p1a: Kleavor|0 fnt\n|faint|p1a: Kleavor\n|\n|-heal|p2a: Zamazenta|100\/100|[from] item: Leftovers\n|upkeep\n|\n|t:|1700922505\n|switch|p1a: Iron Valiant|Iron Valiant|100\/100\n|-enditem|p1a: Iron Valiant|Booster Energy\n|-activate|p1a: Iron Valiant|ability: Quark Drive|[fromitem]\n|-start|p1a: Iron Valiant|quarkdrivespe\n|turn|7\n|\n|t:|1700922515\n|-terastallize|p1a: Iron Valiant|Fairy\n|move|p1a: Iron Valiant|Moonblast|p2a: Zamazenta\n|-supereffective|p2a: Zamazenta\n|-damage|p2a: Zamazenta|11\/100\n|move|p2a: Zamazenta|Body Press|p1a: Iron Valiant\n|-resisted|p1a: Iron Valiant\n|-crit|p1a: Iron Valiant\n|-damage|p1a: Iron Valiant|0 fnt\n|faint|p1a: Iron Valiant\n|-end|p1a: Iron Valiant|Quark Drive|[silent]\n|\n|-heal|p2a: Zamazenta|17\/100|[from] item: Leftovers\n|upkeep\n|\n|t:|1700922528\n|switch|p1a: Houndoom|Houndoom, F|100\/100\n|turn|8\n|\n|t:|1700922532\n|move|p2a: Zamazenta|Body Press|p1a: Houndoom\n|-supereffective|p1a: Houndoom\n|-damage|p1a: Houndoom|0 fnt\n|faint|p1a: Houndoom\n|\n|-heal|p2a: Zamazenta|23\/100|[from] item: Leftovers\n|upkeep\n|\n|t:|1700922534\n|switch|p1a: Basculegion|Basculegion, M|100\/100\n|turn|9\n|\n|t:|1700922542\n|move|p1a: Basculegion|Aqua Jet|p2a: Zamazenta\n|-damage|p2a: Zamazenta|16\/100\n|move|p2a: Zamazenta|Crunch|p1a: Basculegion\n|-supereffective|p1a: Basculegion\n|-damage|p1a: Basculegion|34\/100\n|-unboost|p1a: Basculegion|def|1\n|\n|-heal|p2a: Zamazenta|22\/100|[from] item: Leftovers\n|-heal|p1a: Basculegion|40\/100|[from] item: Leftovers\n|upkeep\n|turn|10\n|\n|t:|1700922552\n|move|p2a: Zamazenta|Crunch|p1a: Basculegion\n|-supereffective|p1a: Basculegion\n|-damage|p1a: Basculegion|0 fnt\n|faint|p1a: Basculegion\n|\n|-heal|p2a: Zamazenta|29\/100|[from] item: Leftovers\n|upkeep\n|\n|t:|1700922554\n|switch|p1a: Garchomp|Garchomp, F|100\/100\n|turn|11\n|\n|t:|1700922559\n|move|p2a: Zamazenta|Body Press|p1a: Garchomp\n|-damage|p1a: Garchomp|0 fnt\n|-damage|p2a: Zamazenta|16\/100|[from] ability: Rough Skin|[of] p1a: Garchomp\n|faint|p1a: Garchomp\n|\n|-heal|p2a: Zamazenta|22\/100|[from] item: Leftovers\n|upkeep\n|\n|t:|1700922561\n|switch|p1a: Zapdos|Zapdos|100\/100\n|turn|12\n|\n|t:|1700922564\n|move|p2a: Zamazenta|Crunch|p1a: Zapdos\n|-damage|p1a: Zapdos|75\/100\n|move|p1a: Zapdos|Hurricane|p2a: Zamazenta\n|-supereffective|p2a: Zamazenta\n|-damage|p2a: Zamazenta|0 fnt\n|faint|p2a: Zamazenta\n|\n|upkeep\n|\n|t:|1700922582\n|switch|p2a: Ogerpon|Ogerpon-Wellspring, F|100\/100\n|-damage|p2a: Ogerpon|88\/100|[from] Stealth Rock\n|turn|13\n|\n|t:|1700922586\n|-terastallize|p2a: Ogerpon|Water\n|detailschange|p2a: Ogerpon|Ogerpon-Wellspring-Tera, F, tera:Water\n|-ability|p2a: Ogerpon|Embody Aspect (Wellspring)|boost\n|-boost|p2a: Ogerpon|spd|1\n|move|p2a: Ogerpon|Ivy Cudgel|p1a: Zapdos|[anim] Ivy Cudgel Water\n|-damage|p1a: Zapdos|0 fnt\n|faint|p1a: Zapdos\n|\n|win|redot5\n|raw|Lazysans42's rating: 1158 &rarr; <strong>1127<\/strong><br \/>(-31 for losing)\n|raw|redot5's rating: 1069 &rarr; <strong>1106<\/strong><br \/>(+37 for winning)\n|l|\u2606Lazysans42\n|c|\u2606redot5|gg\n","uploadtime":1700922597,"views":1,"p1id":"lazysans42","p2id":"redot5","formatid":"gen9ou","rating":1106,"private":0,"password":""}