{"id":"gen9ou-1996481600","p1":"GhetsisTime","p2":"ReaperOverwatch41","format":"[Gen 9] OU","log":"|j|\u2606GhetsisTime\n|j|\u2606ReaperOverwatch41\n|t:|1700686231\n|gametype|singles\n|player|p1|GhetsisTime|ghetsis-gen5bw|1156\n|player|p2|ReaperOverwatch41|101|1149\n|teamsize|p1|6\n|teamsize|p2|6\n|gen|9\n|tier|[Gen 9] OU\n|rated|\n|rule|Sleep Clause Mod: Limit one foe put to sleep\n|rule|Species Clause: Limit one of each Pok\u00e9mon\n|rule|OHKO Clause: OHKO moves are banned\n|rule|Evasion Items Clause: Evasion items are banned\n|rule|Evasion Moves Clause: Evasion moves are banned\n|rule|Endless Battle Clause: Forcing endless battles is banned\n|rule|HP Percentage Mod: HP is shown in percentages\n|clearpoke\n|poke|p1|Hatterene, F|\n|poke|p1|Polteageist|\n|poke|p1|Great Tusk|\n|poke|p1|Toxapex, F|\n|poke|p1|Amoonguss, F|\n|poke|p1|Cinderace, M|\n|poke|p2|Ceruledge, M|\n|poke|p2|Kingambit, M|\n|poke|p2|Iron Valiant|\n|poke|p2|Rotom-Wash|\n|poke|p2|Ursaluna, M|\n|poke|p2|Torkoal, M|\n|teampreview\n|\n|t:|1700686236\n|start\n|switch|p1a: Cinderace|Cinderace, M|100\/100\n|switch|p2a: Iron Valiant|Iron Valiant|100\/100\n|-enditem|p2a: Iron Valiant|Booster Energy\n|-activate|p2a: Iron Valiant|ability: Quark Drive|[fromitem]\n|-start|p2a: Iron Valiant|quarkdrivespe\n|turn|1\n|\n|t:|1700686251\n|move|p2a: Iron Valiant|Aura Sphere|p1a: Cinderace\n|-damage|p1a: Cinderace|48\/100\n|move|p1a: Cinderace|U-turn|p2a: Iron Valiant\n|-start|p1a: Cinderace|typechange|Bug|[from] ability: Libero\n|-resisted|p2a: Iron Valiant\n|-damage|p2a: Iron Valiant|89\/100\n|\n|t:|1700686260\n|switch|p1a: Hatterene|Hatterene, F|100\/100|[from] U-turn\n|\n|upkeep\n|turn|2\n|\n|t:|1700686272\n|-end|p2a: Iron Valiant|Quark Drive|[silent]\n|switch|p2a: Kingambit|Kingambit, M|100\/100\n|move|p1a: Hatterene|Nuzzle|p2a: Kingambit\n|-damage|p2a: Kingambit|98\/100\n|-status|p2a: Kingambit|par\n|\n|upkeep\n|turn|3\n|\n|t:|1700686282\n|switch|p1a: Great Tusk|Great Tusk|100\/100\n|move|p2a: Kingambit|Iron Head|p1a: Great Tusk\n|-damage|p1a: Great Tusk|65\/100\n|\n|upkeep\n|turn|4\n|\n|t:|1700686292\n|-end|p2a: Kingambit|fallenundefined|[silent]\n|switch|p2a: Ceruledge|Ceruledge, M|100\/100\n|move|p1a: Great Tusk|Close Combat|p2a: Ceruledge\n|-immune|p2a: Ceruledge\n|\n|upkeep\n|turn|5\n|\n|t:|1700686300\n|move|p1a: Great Tusk|Headlong Rush|p2a: Ceruledge\n|-supereffective|p2a: Ceruledge\n|-enditem|p2a: Ceruledge|Focus Sash\n|-damage|p2a: Ceruledge|1\/100\n|-unboost|p1a: Great Tusk|def|1\n|-unboost|p1a: Great Tusk|spd|1\n|-ability|p2a: Ceruledge|Weak Armor|boost\n|-unboost|p2a: Ceruledge|def|1\n|-boost|p2a: Ceruledge|spe|2\n|move|p2a: Ceruledge|Swords Dance|p2a: Ceruledge\n|-boost|p2a: Ceruledge|atk|2\n|\n|upkeep\n|turn|6\n|\n|t:|1700686312\n|move|p2a: Ceruledge|Bitter Blade|p1a: Great Tusk\n|-damage|p1a: Great Tusk|0 fnt\n|-heal|p2a: Ceruledge|42\/100|[from] drain|[of] p1a: Great Tusk\n|faint|p1a: Great Tusk\n|-end|p1a: Great Tusk|Protosynthesis|[silent]\n|\n|upkeep\n|\n|t:|1700686326\n|switch|p1a: Hatterene|Hatterene, F|100\/100\n|turn|7\n|\n|t:|1700686332\n|move|p2a: Ceruledge|Bitter Blade|p1a: Hatterene\n|-damage|p1a: Hatterene|12\/100\n|-heal|p2a: Ceruledge|91\/100|[from] drain|[of] p1a: Hatterene\n|-enditem|p1a: Hatterene|Eject Button\n|\n|t:|1700686339\n|switch|p1a: Cinderace|Cinderace, M|48\/100\n|\n|upkeep\n|turn|8\n|\n|t:|1700686348\n|-terastallize|p2a: Ceruledge|Fire\n|move|p2a: Ceruledge|Bitter Blade|p1a: Cinderace\n|-resisted|p1a: Cinderace\n|-damage|p1a: Cinderace|0 fnt\n|-heal|p2a: Ceruledge|100\/100|[from] drain|[of] p1a: Cinderace\n|faint|p1a: Cinderace\n|\n|upkeep\n|\n|t:|1700686352\n|switch|p1a: Polteageist|Polteageist|100\/100\n|turn|9\n|\n|t:|1700686361\n|move|p2a: Ceruledge|Bitter Blade|p1a: Polteageist\n|-enditem|p1a: Polteageist|Focus Sash\n|-damage|p1a: Polteageist|1\/100\n|-ability|p1a: Polteageist|Weak Armor|boost\n|-unboost|p1a: Polteageist|def|1\n|-boost|p1a: Polteageist|spe|2\n|move|p1a: Polteageist|Shell Smash|p1a: Polteageist\n|-unboost|p1a: Polteageist|def|1\n|-unboost|p1a: Polteageist|spd|1\n|-boost|p1a: Polteageist|atk|2\n|-boost|p1a: Polteageist|spa|2\n|-boost|p1a: Polteageist|spe|2\n|\n|upkeep\n|turn|10\n|\n|t:|1700686373\n|move|p2a: Ceruledge|Shadow Sneak|p1a: Polteageist\n|-supereffective|p1a: Polteageist\n|-damage|p1a: Polteageist|0 fnt\n|faint|p1a: Polteageist\n|\n|upkeep\n|\n|t:|1700686375\n|switch|p1a: Toxapex|Toxapex, F|100\/100\n|turn|11\n|\n|t:|1700686384\n|move|p2a: Ceruledge|Poltergeist|p1a: Toxapex\n|-activate|p1a: Toxapex|move: Poltergeist|Leftovers\n|-damage|p1a: Toxapex|27\/100\n|move|p1a: Toxapex|Surf|p2a: Ceruledge\n|-supereffective|p2a: Ceruledge\n|-damage|p2a: Ceruledge|61\/100\n|\n|-heal|p1a: Toxapex|33\/100|[from] item: Leftovers\n|upkeep\n|turn|12\n|-message|GhetsisTime forfeited.\n|\n|win|ReaperOverwatch41\n|raw|GhetsisTime's rating: 1156 &rarr; <strong>1130<\/strong><br \/>(-26 for losing)\n|raw|ReaperOverwatch41's rating: 1149 &rarr; <strong>1175<\/strong><br \/>(+26 for winning)\n|l|\u2606GhetsisTime\n","uploadtime":1700686397,"views":2,"p1id":"ghetsistime","p2id":"reaperoverwatch41","formatid":"gen9ou","rating":1130,"private":0,"password":""}