{"id":"gen9ou-1994302246","p1":"ShadySableye77","p2":"shaggysniper","format":"[Gen 9] OU","log":"|j|\u2606ShadySableye77\n|j|\u2606shaggysniper\n|t:|1700428834\n|gametype|singles\n|player|p1|ShadySableye77|hilbert|1160\n|player|p2|shaggysniper|brycen|1126\n|teamsize|p1|6\n|teamsize|p2|6\n|gen|9\n|tier|[Gen 9] OU\n|rated|\n|rule|Sleep Clause Mod: Limit one foe put to sleep\n|rule|Species Clause: Limit one of each Pok\u00e9mon\n|rule|OHKO Clause: OHKO moves are banned\n|rule|Evasion Items Clause: Evasion items are banned\n|rule|Evasion Moves Clause: Evasion moves are banned\n|rule|Endless Battle Clause: Forcing endless battles is banned\n|rule|HP Percentage Mod: HP is shown in percentages\n|clearpoke\n|poke|p1|Rillaboom, F|\n|poke|p1|Sneasler, F|\n|poke|p1|Zamazenta-*|\n|poke|p1|Heatran, M|\n|poke|p1|Hatterene, F|\n|poke|p1|Manaphy|\n|poke|p2|Torkoal, M|\n|poke|p2|Victreebel, F|\n|poke|p2|Charizard, M|\n|poke|p2|Sableye, M|\n|poke|p2|Quagsire, F|\n|poke|p2|Ambipom, M|\n|teampreview\n|inactive|Battle timer is ON: inactive players will automatically lose when time's up. (requested by shaggysniper)\n|\n|t:|1700428847\n|start\n|switch|p1a: Zamazenta|Zamazenta|100\/100\n|switch|p2a: Ambipom|Ambipom, M|100\/100\n|-ability|p1a: Zamazenta|Dauntless Shield|boost\n|-boost|p1a: Zamazenta|def|1\n|turn|1\n|\n|t:|1700428856\n|switch|p1a: Rillaboom|Rillaboom, F|100\/100\n|-fieldstart|move: Grassy Terrain|[from] ability: Grassy Surge|[of] p1a: Rillaboom\n|move|p2a: Ambipom|Fake Out|p1a: Rillaboom\n|-damage|p1a: Rillaboom|71\/100\n|\n|-heal|p1a: Rillaboom|77\/100|[from] Grassy Terrain\n|upkeep\n|turn|2\n|\n|t:|1700428868\n|move|p2a: Ambipom|Last Resort|p1a: Rillaboom\n|-damage|p1a: Rillaboom|5\/100\n|move|p1a: Rillaboom|U-turn|p2a: Ambipom\n|-damage|p2a: Ambipom|38\/100\n|\n|t:|1700428873\n|switch|p1a: Zamazenta|Zamazenta|100\/100|[from] U-turn\n|\n|-heal|p2a: Ambipom|44\/100|[from] Grassy Terrain\n|upkeep\n|turn|3\n|\n|t:|1700428881\n|move|p1a: Zamazenta|Substitute|p1a: Zamazenta\n|-start|p1a: Zamazenta|Substitute\n|-damage|p1a: Zamazenta|75\/100\n|move|p2a: Ambipom|Last Resort|p1a: Zamazenta\n|-end|p1a: Zamazenta|Substitute\n|\n|-heal|p1a: Zamazenta|82\/100|[from] Grassy Terrain\n|-heal|p1a: Zamazenta|88\/100|[from] item: Leftovers\n|-heal|p2a: Ambipom|50\/100|[from] Grassy Terrain\n|upkeep\n|turn|4\n|\n|t:|1700428890\n|move|p1a: Zamazenta|Body Press|p2a: Ambipom\n|-supereffective|p2a: Ambipom\n|-damage|p2a: Ambipom|0 fnt\n|faint|p2a: Ambipom\n|\n|-heal|p1a: Zamazenta|94\/100|[from] Grassy Terrain\n|-heal|p1a: Zamazenta|100\/100|[from] item: Leftovers\n|upkeep\n|\n|t:|1700428896\n|switch|p2a: Sableye|Sableye, M|100\/100\n|turn|5\n|\n|t:|1700428903\n|switch|p1a: Heatran|Heatran, M|100\/100\n|-item|p1a: Heatran|Air Balloon\n|move|p2a: Sableye|Taunt|p1a: Heatran\n|-start|p1a: Heatran|move: Taunt\n|\n|-fieldend|move: Grassy Terrain\n|upkeep\n|turn|6\n|\n|t:|1700428915\n|switch|p1a: Hatterene|Hatterene, F|100\/100\n|move|p2a: Sableye|Knock Off|p1a: Hatterene\n|-crit|p1a: Hatterene\n|-damage|p1a: Hatterene|65\/100\n|-enditem|p1a: Hatterene|Grassy Seed|[from] move: Knock Off|[of] p2a: Sableye\n|\n|upkeep\n|turn|7\n|inactive|shaggysniper has 120 seconds left.\n|\n|t:|1700428955\n|move|p2a: Sableye|Taunt|p1a: Hatterene\n|move|p1a: Hatterene|Taunt|p2a: Sableye|[from]ability: Magic Bounce\n|-start|p2a: Sableye|move: Taunt\n|move|p1a: Hatterene|Draining Kiss|p2a: Sableye\n|-supereffective|p2a: Sableye\n|-damage|p2a: Sableye|52\/100\n|-heal|p1a: Hatterene|99\/100|[from] drain|[of] p2a: Sableye\n|\n|-heal|p2a: Sableye|59\/100|[from] item: Leftovers\n|upkeep\n|turn|8\n|inactive|shaggysniper has 120 seconds left.\n|inactive|shaggysniper has 90 seconds left.\n|c|\u2606ShadySableye77|!dt sableye\n|raw|<div class=\"message\"><ul class=\"utilichart\"><li class=\"result\"><span class=\"col numcol\">PU<\/span> <span class=\"col iconcol\"><psicon pokemon=\"sableye\"\/><\/span> <span class=\"col pokemonnamecol\" style=\"white-space:nowrap\"><a href=\"https:\/\/dex.pokemonshowdown.com\/pokemon\/sableye\" target=\"_blank\">Sableye<\/a><\/span> <span class=\"col typecol\"><img src=\"https:\/\/play.pokemonshowdown.com\/sprites\/types\/Dark.png\" alt=\"Dark\" height=\"14\" width=\"32\"><img src=\"https:\/\/play.pokemonshowdown.com\/sprites\/types\/Ghost.png\" alt=\"Ghost\" height=\"14\" width=\"32\"><\/span> <span style=\"float:left;min-height:26px\"><span class=\"col twoabilitycol\">Keen Eye<br \/>Stall<\/span><span class=\"col abilitycol\"><em>Prankster<\/em><\/span><\/span><span style=\"float:left;min-height:26px\"><span class=\"col statcol\"><em>HP<\/em><br \/>50<\/span> <span class=\"col statcol\"><em>Atk<\/em><br \/>75<\/span> <span class=\"col statcol\"><em>Def<\/em><br \/>75<\/span> <span class=\"col statcol\"><em>SpA<\/em><br \/>65<\/span> <span class=\"col statcol\"><em>SpD<\/em><br \/>65<\/span> <span class=\"col statcol\"><em>Spe<\/em><br \/>50<\/span> <span class=\"col bstcol\"><em>BST<br \/>380<\/em><\/span> <\/span><\/li><li style=\"clear:both\"><\/li><\/ul><\/div>\n|raw|<font size=\"1\"><font color=\"#686868\">Dex#:<\/font> 302&nbsp;|&ThickSpace;<font color=\"#686868\">Gen:<\/font> 3&nbsp;|&ThickSpace;<font color=\"#686868\">Height:<\/font> 0.5 m&nbsp;|&ThickSpace;<font color=\"#686868\">Weight:<\/font> 11 kg <em>(40 BP)<\/em>&nbsp;|&ThickSpace;<font color=\"#686868\">Dex Colour:<\/font> Purple&nbsp;|&ThickSpace;<font color=\"#686868\">Egg Group(s):<\/font> Human-Like&nbsp;|&ThickSpace;<font color=\"#686868\">Does Not Evolve<\/font><\/font>\n\n|inactive|shaggysniper has 60 seconds left.\n|inactive|shaggysniper has 30 seconds left.\n|\n|t:|1700429053\n|switch|p2a: Torkoal|Torkoal, M|100\/100\n|-weather|SunnyDay|[from] ability: Drought|[of] p2a: Torkoal\n|move|p1a: Hatterene|Calm Mind|p1a: Hatterene\n|-boost|p1a: Hatterene|spa|1\n|-boost|p1a: Hatterene|spd|1\n|\n|-weather|SunnyDay|[upkeep]\n|upkeep\n|turn|9\n|inactive|shaggysniper has 30 seconds left.\n|inactive|shaggysniper has 20 seconds left.\n|\n|t:|1700429080\n|switch|p1a: Heatran|Heatran, M|100\/100\n|-item|p1a: Heatran|Air Balloon\n|switch|p2a: Charizard|Charizard, M|100\/100\n|\n|-weather|SunnyDay|[upkeep]\n|-damage|p2a: Charizard|88\/100|[from] ability: Solar Power|[of] p2a: Charizard\n|upkeep\n|turn|10\n|inactive|shaggysniper has 30 seconds left this turn.\n|inactive|shaggysniper has 20 seconds left.\n|inactive|shaggysniper has 15 seconds left.\n|inactive|shaggysniper has 10 seconds left.\n|\n|t:|1700429104\n|move|p2a: Charizard|Air Slash|p1a: Heatran\n|-resisted|p1a: Heatran\n|-damage|p1a: Heatran|85\/100\n|-enditem|p1a: Heatran|Air Balloon\n|cant|p1a: Heatran|flinch\n|\n|-weather|SunnyDay|[upkeep]\n|-damage|p2a: Charizard|76\/100|[from] ability: Solar Power|[of] p2a: Charizard\n|upkeep\n|turn|11\n|inactive|shaggysniper has 20 seconds left this turn.\n|inactive|shaggysniper has 15 seconds left.\n|\n|t:|1700429112\n|switch|p2a: Quagsire|Quagsire, F|100\/100\n|move|p1a: Heatran|Stealth Rock|p2a: Quagsire\n|-sidestart|p2: shaggysniper|move: Stealth Rock\n|\n|-weather|SunnyDay|[upkeep]\n|upkeep\n|turn|12\n|inactive|shaggysniper has 25 seconds left this turn.\n|inactive|shaggysniper has 20 seconds left.\n|\n|t:|1700429119\n|move|p1a: Heatran|Taunt|p2a: Quagsire\n|-start|p2a: Quagsire|move: Taunt\n|move|p2a: Quagsire|Earthquake|p1a: Heatran\n|-supereffective|p1a: Heatran\n|-damage|p1a: Heatran|0 fnt\n|faint|p1a: Heatran\n|\n|-weather|SunnyDay|[upkeep]\n|upkeep\n|inactive|shaggysniper has 25 seconds left this turn.\n|\n|t:|1700429124\n|switch|p1a: Rillaboom|Rillaboom, F|5\/100\n|-fieldstart|move: Grassy Terrain|[from] ability: Grassy Surge|[of] p1a: Rillaboom\n|turn|13\n|inactive|shaggysniper has 30 seconds left.\n|\n|t:|1700429131\n|switch|p2a: Charizard|Charizard, M|76\/100\n|move|p1a: Rillaboom|Grassy Glide|p2a: Charizard\n|-resisted|p2a: Charizard\n|-damage|p2a: Charizard|53\/100\n|\n|-weather|SunnyDay|[upkeep]\n|-damage|p2a: Charizard|41\/100|[from] ability: Solar Power|[of] p2a: Charizard\n|-heal|p1a: Rillaboom|11\/100|[from] Grassy Terrain\n|upkeep\n|turn|14\n|\n|t:|1700429139\n|switch|p1a: Manaphy|Manaphy|100\/100\n|move|p2a: Charizard|Flamethrower|p1a: Manaphy\n|-resisted|p1a: Manaphy\n|-damage|p1a: Manaphy|64\/100\n|\n|-weather|SunnyDay|[upkeep]\n|-damage|p2a: Charizard|28\/100|[from] ability: Solar Power|[of] p2a: Charizard\n|-heal|p1a: Manaphy|70\/100|[from] Grassy Terrain\n|-heal|p1a: Manaphy|76\/100|[from] item: Leftovers\n|upkeep\n|turn|15\n|inactive|shaggysniper has 30 seconds left.\n|\n|t:|1700429163\n|move|p2a: Charizard|Air Slash|p1a: Manaphy\n|-damage|p1a: Manaphy|36\/100\n|move|p1a: Manaphy|Scald|p2a: Charizard\n|-supereffective|p2a: Charizard\n|-damage|p2a: Charizard|0 fnt\n|faint|p2a: Charizard\n|\n|-weather|none\n|-heal|p1a: Manaphy|42\/100|[from] Grassy Terrain\n|-heal|p1a: Manaphy|48\/100|[from] item: Leftovers\n|upkeep\n|inactive|shaggysniper has 30 seconds left this turn.\n|inactive|shaggysniper has 20 seconds left.\n|\n|t:|1700429177\n|switch|p2a: Sableye|Sableye, M|59\/100\n|-damage|p2a: Sableye|46\/100|[from] Stealth Rock\n|turn|16\n|inactive|shaggysniper has 30 seconds left this turn.\n|inactive|shaggysniper has 20 seconds left.\n|\n|t:|1700429188\n|switch|p1a: Hatterene|Hatterene, F|99\/100\n|move|p2a: Sableye|Sunny Day|p2a: Sableye\n|-weather|SunnyDay\n|\n|-weather|SunnyDay|[upkeep]\n|-heal|p2a: Sableye|52\/100|[from] Grassy Terrain\n|-heal|p2a: Sableye|59\/100|[from] item: Leftovers\n|-heal|p1a: Hatterene|100\/100|[from] Grassy Terrain\n|upkeep\n|turn|17\n|inactive|shaggysniper has 30 seconds left this turn.\n|\n|t:|1700429196\n|switch|p2a: Victreebel|Victreebel, F|100\/100\n|-damage|p2a: Victreebel|88\/100|[from] Stealth Rock\n|move|p1a: Hatterene|Draining Kiss|p2a: Victreebel\n|-resisted|p2a: Victreebel\n|-damage|p2a: Victreebel|72\/100\n|\n|-weather|SunnyDay|[upkeep]\n|-heal|p2a: Victreebel|78\/100|[from] Grassy Terrain\n|-fieldend|move: Grassy Terrain\n|upkeep\n|turn|18\n|inactive|shaggysniper has 30 seconds left.\n|\n|t:|1700429213\n|switch|p1a: Zamazenta|Zamazenta|100\/100\n|move|p2a: Victreebel|Growth|p2a: Victreebel\n|-boost|p2a: Victreebel|atk|2\n|-boost|p2a: Victreebel|spa|2\n|\n|-weather|SunnyDay|[upkeep]\n|upkeep\n|turn|19\n|inactive|shaggysniper has 30 seconds left.\n|\n|t:|1700429227\n|move|p2a: Victreebel|Solar Beam||[still]\n|-prepare|p2a: Victreebel|Solar Beam\n|-anim|p2a: Victreebel|Solar Beam|p1a: Zamazenta\n|-damage|p1a: Zamazenta|0 fnt\n|faint|p1a: Zamazenta\n|-damage|p2a: Victreebel|68\/100|[from] item: Life Orb\n|\n|-weather|SunnyDay|[upkeep]\n|upkeep\n|\n|t:|1700429233\n|switch|p1a: Rillaboom|Rillaboom, F|11\/100\n|-fieldstart|move: Grassy Terrain|[from] ability: Grassy Surge|[of] p1a: Rillaboom\n|turn|20\n|\n|t:|1700429246\n|switch|p1a: Sneasler|Sneasler, F|100\/100\n|-enditem|p1a: Sneasler|Grassy Seed\n|-boost|p1a: Sneasler|def|1|[from] item: Grassy Seed\n|move|p2a: Victreebel|Weather Ball|p1a: Sneasler\n|-damage|p1a: Sneasler|0 fnt\n|faint|p1a: Sneasler\n|-damage|p2a: Victreebel|58\/100|[from] item: Life Orb\n|\n|-weather|none\n|-heal|p2a: Victreebel|64\/100|[from] Grassy Terrain\n|upkeep\n|\n|t:|1700429255\n|switch|p1a: Manaphy|Manaphy|48\/100\n|turn|21\n|\n|t:|1700429263\n|-terastallize|p1a: Manaphy|Poison\n|move|p1a: Manaphy|Take Heart|p1a: Manaphy\n|-boost|p1a: Manaphy|spa|1\n|-boost|p1a: Manaphy|spd|1\n|move|p2a: Victreebel|Sleep Powder|p1a: Manaphy|[miss]\n|-miss|p2a: Victreebel|p1a: Manaphy\n|\n|-heal|p1a: Manaphy|54\/100|[from] Grassy Terrain\n|-heal|p1a: Manaphy|61\/100|[from] item: Leftovers\n|-heal|p2a: Victreebel|70\/100|[from] Grassy Terrain\n|upkeep\n|turn|22\n|inactive|shaggysniper has 30 seconds left.\n|\n|t:|1700429298\n|switch|p2a: Sableye|Sableye, M|59\/100\n|-damage|p2a: Sableye|46\/100|[from] Stealth Rock\n|move|p1a: Manaphy|Stored Power|p2a: Sableye\n|-immune|p2a: Sableye\n|\n|-heal|p1a: Manaphy|67\/100|[from] Grassy Terrain\n|-heal|p1a: Manaphy|73\/100|[from] item: Leftovers\n|-heal|p2a: Sableye|52\/100|[from] Grassy Terrain\n|-heal|p2a: Sableye|59\/100|[from] item: Leftovers\n|upkeep\n|turn|23\n|inactive|shaggysniper has 30 seconds left.\n|\n|t:|1700429310\n|switch|p1a: Hatterene|Hatterene, F|100\/100\n|move|p2a: Sableye|Knock Off|p1a: Hatterene\n|-damage|p1a: Hatterene|86\/100\n|\n|-heal|p2a: Sableye|65\/100|[from] Grassy Terrain\n|-heal|p2a: Sableye|71\/100|[from] item: Leftovers\n|-heal|p1a: Hatterene|92\/100|[from] Grassy Terrain\n|upkeep\n|turn|24\n|inactive|shaggysniper has 30 seconds left.\n|\n|t:|1700429322\n|switch|p2a: Torkoal|Torkoal, M|100\/100\n|-damage|p2a: Torkoal|76\/100|[from] Stealth Rock\n|-weather|SunnyDay|[from] ability: Drought|[of] p2a: Torkoal\n|move|p1a: Hatterene|Nuzzle|p2a: Torkoal\n|-damage|p2a: Torkoal|73\/100\n|-status|p2a: Torkoal|par\n|\n|-weather|SunnyDay|[upkeep]\n|-heal|p1a: Hatterene|98\/100|[from] Grassy Terrain\n|-heal|p2a: Torkoal|79\/100 par|[from] Grassy Terrain\n|-fieldend|move: Grassy Terrain\n|upkeep\n|turn|25\n|\n|t:|1700429338\n|move|p1a: Hatterene|Calm Mind|p1a: Hatterene\n|-boost|p1a: Hatterene|spa|1\n|-boost|p1a: Hatterene|spd|1\n|cant|p2a: Torkoal|par\n|\n|-weather|SunnyDay|[upkeep]\n|upkeep\n|turn|26\n|\n|t:|1700429347\n|move|p1a: Hatterene|Calm Mind|p1a: Hatterene\n|-boost|p1a: Hatterene|spa|1\n|-boost|p1a: Hatterene|spd|1\n|move|p2a: Torkoal|Rapid Spin|p1a: Hatterene\n|-damage|p1a: Hatterene|90\/100\n|-boost|p2a: Torkoal|spe|1\n|-sideend|p2: shaggysniper|Stealth Rock|[from] move: Rapid Spin|[of] p2a: Torkoal\n|\n|-weather|SunnyDay|[upkeep]\n|upkeep\n|turn|27\n|\n|t:|1700429354\n|move|p1a: Hatterene|Calm Mind|p1a: Hatterene\n|-boost|p1a: Hatterene|spa|1\n|-boost|p1a: Hatterene|spd|1\n|cant|p2a: Torkoal|par\n|\n|-weather|SunnyDay|[upkeep]\n|upkeep\n|turn|28\n|\n|t:|1700429359\n|move|p1a: Hatterene|Psyshock|p2a: Torkoal\n|-damage|p2a: Torkoal|17\/100 par\n|move|p2a: Torkoal|Lava Plume|p1a: Hatterene\n|-damage|p1a: Hatterene|68\/100\n|-status|p1a: Hatterene|brn\n|\n|-weather|SunnyDay|[upkeep]\n|-damage|p1a: Hatterene|62\/100 brn|[from] brn\n|upkeep\n|turn|29\n|\n|t:|1700429367\n|move|p1a: Hatterene|Draining Kiss|p2a: Torkoal\n|-resisted|p2a: Torkoal\n|-damage|p2a: Torkoal|0 fnt\n|-heal|p1a: Hatterene|75\/100 brn|[from] drain|[of] p2a: Torkoal\n|faint|p2a: Torkoal\n|\n|-weather|SunnyDay|[upkeep]\n|-damage|p1a: Hatterene|69\/100 brn|[from] brn\n|upkeep\n|\n|t:|1700429370\n|switch|p2a: Quagsire|Quagsire, F|100\/100\n|turn|30\n|\n|t:|1700429376\n|move|p1a: Hatterene|Draining Kiss|p2a: Quagsire\n|-damage|p2a: Quagsire|73\/100\n|-heal|p1a: Hatterene|95\/100 brn|[from] drain|[of] p2a: Quagsire\n|move|p2a: Quagsire|Earthquake|p1a: Hatterene\n|-damage|p1a: Hatterene|70\/100 brn\n|\n|-weather|SunnyDay|[upkeep]\n|-heal|p2a: Quagsire|79\/100|[from] item: Leftovers\n|-damage|p1a: Hatterene|64\/100 brn|[from] brn\n|upkeep\n|turn|31\n|\n|t:|1700429392\n|move|p1a: Hatterene|Draining Kiss|p2a: Quagsire\n|-damage|p2a: Quagsire|52\/100\n|-heal|p1a: Hatterene|89\/100 brn|[from] drain|[of] p2a: Quagsire\n|move|p2a: Quagsire|Earthquake|p1a: Hatterene\n|-damage|p1a: Hatterene|66\/100 brn\n|\n|-weather|none\n|-heal|p2a: Quagsire|58\/100|[from] item: Leftovers\n|-damage|p1a: Hatterene|60\/100 brn|[from] brn\n|upkeep\n|turn|32\n|\n|t:|1700429398\n|move|p1a: Hatterene|Draining Kiss|p2a: Quagsire\n|-damage|p2a: Quagsire|32\/100\n|-heal|p1a: Hatterene|84\/100 brn|[from] drain|[of] p2a: Quagsire\n|move|p2a: Quagsire|Earthquake|p1a: Hatterene\n|-damage|p1a: Hatterene|56\/100 brn\n|\n|-heal|p2a: Quagsire|38\/100|[from] item: Leftovers\n|-damage|p1a: Hatterene|50\/100 brn|[from] brn\n|upkeep\n|turn|33\n|\n|t:|1700429406\n|move|p1a: Hatterene|Draining Kiss|p2a: Quagsire\n|-damage|p2a: Quagsire|12\/100\n|-heal|p1a: Hatterene|74\/100 brn|[from] drain|[of] p2a: Quagsire\n|move|p2a: Quagsire|Recover|p2a: Quagsire\n|-heal|p2a: Quagsire|62\/100\n|\n|-heal|p2a: Quagsire|69\/100|[from] item: Leftovers\n|-damage|p1a: Hatterene|68\/100 brn|[from] brn\n|upkeep\n|turn|34\n|inactive|shaggysniper has 90 seconds left.\n|\n|t:|1700429421\n|move|p1a: Hatterene|Draining Kiss|p2a: Quagsire\n|-damage|p2a: Quagsire|42\/100\n|-heal|p1a: Hatterene|93\/100 brn|[from] drain|[of] p2a: Quagsire\n|move|p2a: Quagsire|Earthquake|p1a: Hatterene\n|-damage|p1a: Hatterene|67\/100 brn\n|\n|-heal|p2a: Quagsire|48\/100|[from] item: Leftovers\n|-damage|p1a: Hatterene|61\/100 brn|[from] brn\n|upkeep\n|turn|35\n|\n|t:|1700429431\n|move|p1a: Hatterene|Draining Kiss|p2a: Quagsire\n|-damage|p2a: Quagsire|19\/100\n|-heal|p1a: Hatterene|88\/100 brn|[from] drain|[of] p2a: Quagsire\n|move|p2a: Quagsire|Recover|p2a: Quagsire\n|-heal|p2a: Quagsire|69\/100\n|\n|-heal|p2a: Quagsire|75\/100|[from] item: Leftovers\n|-damage|p1a: Hatterene|82\/100 brn|[from] brn\n|upkeep\n|turn|36\n|\n|t:|1700429439\n|move|p1a: Hatterene|Psyshock|p2a: Quagsire\n|-damage|p2a: Quagsire|50\/100\n|move|p2a: Quagsire|Earthquake|p1a: Hatterene\n|-damage|p1a: Hatterene|55\/100 brn\n|\n|-heal|p2a: Quagsire|56\/100|[from] item: Leftovers\n|-damage|p1a: Hatterene|49\/100 brn|[from] brn\n|upkeep\n|turn|37\n|\n|t:|1700429447\n|move|p1a: Hatterene|Draining Kiss|p2a: Quagsire\n|-damage|p2a: Quagsire|27\/100\n|-heal|p1a: Hatterene|76\/100 brn|[from] drain|[of] p2a: Quagsire\n|move|p2a: Quagsire|Earthquake|p1a: Hatterene\n|-damage|p1a: Hatterene|52\/100 brn\n|\n|-heal|p2a: Quagsire|33\/100|[from] item: Leftovers\n|-damage|p1a: Hatterene|46\/100 brn|[from] brn\n|upkeep\n|turn|38\n|\n|t:|1700429455\n|move|p1a: Hatterene|Draining Kiss|p2a: Quagsire\n|-damage|p2a: Quagsire|5\/100\n|-heal|p1a: Hatterene|73\/100 brn|[from] drain|[of] p2a: Quagsire\n|move|p2a: Quagsire|Recover|p2a: Quagsire\n|-heal|p2a: Quagsire|55\/100\n|\n|-heal|p2a: Quagsire|61\/100|[from] item: Leftovers\n|-damage|p1a: Hatterene|67\/100 brn|[from] brn\n|upkeep\n|turn|39\n|inactive|shaggysniper has 120 seconds left.\n|\n|t:|1700429464\n|move|p1a: Hatterene|Psyshock|p2a: Quagsire\n|-damage|p2a: Quagsire|38\/100\n|move|p2a: Quagsire|Recover|p2a: Quagsire\n|-heal|p2a: Quagsire|88\/100\n|\n|-heal|p2a: Quagsire|94\/100|[from] item: Leftovers\n|-damage|p1a: Hatterene|61\/100 brn|[from] brn\n|upkeep\n|turn|40\n|\n|t:|1700429472\n|move|p1a: Hatterene|Psyshock|p2a: Quagsire\n|-damage|p2a: Quagsire|70\/100\n|move|p2a: Quagsire|Earthquake|p1a: Hatterene\n|-damage|p1a: Hatterene|37\/100 brn\n|\n|-heal|p2a: Quagsire|76\/100|[from] item: Leftovers\n|-damage|p1a: Hatterene|31\/100 brn|[from] brn\n|upkeep\n|turn|41\n|\n|t:|1700429479\n|move|p1a: Hatterene|Draining Kiss|p2a: Quagsire\n|-damage|p2a: Quagsire|48\/100\n|-heal|p1a: Hatterene|56\/100 brn|[from] drain|[of] p2a: Quagsire\n|move|p2a: Quagsire|Earthquake|p1a: Hatterene\n|-damage|p1a: Hatterene|33\/100 brn\n|\n|-heal|p2a: Quagsire|55\/100|[from] item: Leftovers\n|-damage|p1a: Hatterene|27\/100 brn|[from] brn\n|upkeep\n|turn|42\n|\n|t:|1700429488\n|move|p1a: Hatterene|Psyshock|p2a: Quagsire\n|-damage|p2a: Quagsire|28\/100\n|move|p2a: Quagsire|Recover|p2a: Quagsire\n|-heal|p2a: Quagsire|78\/100\n|\n|-heal|p2a: Quagsire|85\/100|[from] item: Leftovers\n|-damage|p1a: Hatterene|21\/100 brn|[from] brn\n|upkeep\n|turn|43\n|\n|t:|1700429500\n|move|p1a: Hatterene|Draining Kiss|p2a: Quagsire\n|-damage|p2a: Quagsire|59\/100\n|-heal|p1a: Hatterene|45\/100 brn|[from] drain|[of] p2a: Quagsire\n|move|p2a: Quagsire|Earthquake|p1a: Hatterene\n|-damage|p1a: Hatterene|18\/100 brn\n|\n|-heal|p2a: Quagsire|65\/100|[from] item: Leftovers\n|-damage|p1a: Hatterene|12\/100 brn|[from] brn\n|upkeep\n|turn|44\n|\n|t:|1700429513\n|move|p1a: Hatterene|Draining Kiss|p2a: Quagsire\n|-damage|p2a: Quagsire|38\/100\n|-heal|p1a: Hatterene|37\/100 brn|[from] drain|[of] p2a: Quagsire\n|move|p2a: Quagsire|Earthquake|p1a: Hatterene\n|-damage|p1a: Hatterene|11\/100 brn\n|\n|-heal|p2a: Quagsire|44\/100|[from] item: Leftovers\n|-damage|p1a: Hatterene|5\/100 brn|[from] brn\n|upkeep\n|turn|45\n|\n|t:|1700429522\n|move|p1a: Hatterene|Psyshock|p2a: Quagsire\n|-damage|p2a: Quagsire|21\/100\n|move|p2a: Quagsire|Earthquake|p1a: Hatterene\n|-damage|p1a: Hatterene|0 fnt\n|faint|p1a: Hatterene\n|\n|-heal|p2a: Quagsire|27\/100|[from] item: Leftovers\n|upkeep\n|\n|t:|1700429529\n|switch|p1a: Rillaboom|Rillaboom, F|11\/100\n|-fieldstart|move: Grassy Terrain|[from] ability: Grassy Surge|[of] p1a: Rillaboom\n|turn|46\n|\n|t:|1700429554\n|-terastallize|p2a: Quagsire|Poison\n|move|p1a: Rillaboom|Grassy Glide|p2a: Quagsire\n|-resisted|p2a: Quagsire\n|-damage|p2a: Quagsire|5\/100\n|move|p2a: Quagsire|Earthquake|p1a: Rillaboom\n|-resisted|p1a: Rillaboom\n|-damage|p1a: Rillaboom|4\/100\n|\n|-heal|p1a: Rillaboom|10\/100|[from] Grassy Terrain\n|-heal|p2a: Quagsire|11\/100|[from] Grassy Terrain\n|-heal|p2a: Quagsire|17\/100|[from] item: Leftovers\n|upkeep\n|turn|47\n|\n|t:|1700429564\n|move|p1a: Rillaboom|Grassy Glide|p2a: Quagsire\n|-resisted|p2a: Quagsire\n|-damage|p2a: Quagsire|0 fnt\n|faint|p2a: Quagsire\n|\n|-heal|p1a: Rillaboom|17\/100|[from] Grassy Terrain\n|upkeep\n|\n|t:|1700429569\n|switch|p2a: Sableye|Sableye, M|71\/100\n|turn|48\n|\n|t:|1700429579\n|move|p1a: Rillaboom|Grassy Glide|p2a: Sableye\n|-damage|p2a: Sableye|0 fnt\n|faint|p2a: Sableye\n|\n|-heal|p1a: Rillaboom|23\/100|[from] Grassy Terrain\n|upkeep\n|\n|t:|1700429583\n|switch|p2a: Victreebel|Victreebel, F|70\/100\n|turn|49\n|\n|t:|1700429591\n|move|p1a: Rillaboom|Grassy Glide|p2a: Victreebel\n|-resisted|p2a: Victreebel\n|-damage|p2a: Victreebel|45\/100\n|move|p2a: Victreebel|Weather Ball|p1a: Rillaboom\n|-damage|p1a: Rillaboom|0 fnt\n|faint|p1a: Rillaboom\n|-damage|p2a: Victreebel|35\/100|[from] item: Life Orb\n|\n|-heal|p2a: Victreebel|41\/100|[from] Grassy Terrain\n|upkeep\n|\n|t:|1700429595\n|switch|p1a: Manaphy|Manaphy, tera:Poison|73\/100\n|turn|50\n|\n|t:|1700429599\n|move|p1a: Manaphy|Scald|p2a: Victreebel\n|-resisted|p2a: Victreebel\n|-damage|p2a: Victreebel|19\/100\n|move|p2a: Victreebel|Sleep Powder|p1a: Manaphy\n|-status|p1a: Manaphy|slp|[from] move: Sleep Powder\n|\n|-heal|p1a: Manaphy|79\/100 slp|[from] Grassy Terrain\n|-heal|p1a: Manaphy|86\/100 slp|[from] item: Leftovers\n|-heal|p2a: Victreebel|25\/100|[from] Grassy Terrain\n|-fieldend|move: Grassy Terrain\n|upkeep\n|turn|51\n|\n|t:|1700429614\n|cant|p1a: Manaphy|slp\n|move|p2a: Victreebel|Weather Ball|p1a: Manaphy\n|-damage|p1a: Manaphy|68\/100 slp\n|-damage|p2a: Victreebel|15\/100|[from] item: Life Orb\n|\n|-heal|p1a: Manaphy|74\/100 slp|[from] item: Leftovers\n|upkeep\n|turn|52\n|c|\u2606shaggysniper|damn\n|c|\u2606shaggysniper|gg\n|\n|t:|1700429631\n|cant|p1a: Manaphy|slp\n|move|p2a: Victreebel|Solar Beam||[still]\n|-prepare|p2a: Victreebel|Solar Beam\n|\n|-heal|p1a: Manaphy|81\/100 slp|[from] item: Leftovers\n|upkeep\n|turn|53\n|\n|t:|1700429636\n|-curestatus|p1a: Manaphy|slp|[msg]\n|move|p1a: Manaphy|Take Heart|p1a: Manaphy\n|-boost|p1a: Manaphy|spa|1\n|-boost|p1a: Manaphy|spd|1\n|move|p2a: Victreebel|Solar Beam|p1a: Manaphy|[from]lockedmove\n|-resisted|p1a: Manaphy\n|-damage|p1a: Manaphy|59\/100\n|-damage|p2a: Victreebel|5\/100|[from] item: Life Orb\n|\n|-heal|p1a: Manaphy|65\/100|[from] item: Leftovers\n|upkeep\n|turn|54\n|\n|t:|1700429646\n|move|p1a: Manaphy|Scald|p2a: Victreebel\n|-resisted|p2a: Victreebel\n|-damage|p2a: Victreebel|0 fnt\n|faint|p2a: Victreebel\n|\n|win|ShadySableye77\n|raw|ShadySableye77's rating: 1160 &rarr; <strong>1183<\/strong><br \/>(+23 for winning)\n|raw|shaggysniper's rating: 1126 &rarr; <strong>1103<\/strong><br \/>(-23 for losing)\n|l|\u2606shaggysniper\n","uploadtime":1700429658,"views":7,"p1id":"shadysableye77","p2id":"shaggysniper","formatid":"gen9ou","rating":1103,"private":0,"password":""}