{"id":"gen9ou-1994374550","p1":"littensalt","p2":"Joseph0817","format":"[Gen 9] OU","log":"|j|\u2606littensalt\n|j|\u2606Joseph0817\n|t:|1700436655\n|gametype|singles\n|player|p1|littensalt|calem-masters|1367\n|player|p2|Joseph0817|clay|1411\n|teamsize|p1|6\n|teamsize|p2|6\n|gen|9\n|tier|[Gen 9] OU\n|rated|\n|rule|Sleep Clause Mod: Limit one foe put to sleep\n|rule|Species Clause: Limit one of each Pok\u00e9mon\n|rule|OHKO Clause: OHKO moves are banned\n|rule|Evasion Items Clause: Evasion items are banned\n|rule|Evasion Moves Clause: Evasion moves are banned\n|rule|Endless Battle Clause: Forcing endless battles is banned\n|rule|HP Percentage Mod: HP is shown in percentages\n|clearpoke\n|poke|p1|Thundurus-Therian, M|\n|poke|p1|Weezing-Galar, F|\n|poke|p1|Cinderace, M|\n|poke|p1|Dragapult, F|\n|poke|p1|Ting-Lu|\n|poke|p1|Zamazenta-*|\n|poke|p2|Great Tusk|\n|poke|p2|Ogerpon-Cornerstone, F|\n|poke|p2|Slowking-Galar, M|\n|poke|p2|Dondozo, M|\n|poke|p2|Clefable, M|\n|poke|p2|Dragapult, F|\n|teampreview\n|inactive|Battle timer is ON: inactive players will automatically lose when time's up. (requested by littensalt)\n|\n|t:|1700436689\n|start\n|switch|p1a: wheezy outta here|Weezing-Galar, F, shiny|100\/100\n|switch|p2a: Slowking|Slowking-Galar, M|100\/100\n|-ability|p1a: wheezy outta here|Neutralizing Gas\n|turn|1\n|\n|t:|1700436694\n|move|p1a: wheezy outta here|Will-O-Wisp|p2a: Slowking|[miss]\n|-miss|p1a: wheezy outta here|p2a: Slowking\n|move|p2a: Slowking|Thunder Wave|p1a: wheezy outta here\n|-status|p1a: wheezy outta here|par\n|\n|upkeep\n|turn|2\n|\n|t:|1700436713\n|-end|p1a: wheezy outta here|ability: Neutralizing Gas\n|switch|p1a: Ting-Lu|Ting-Lu|100\/100\n|-ability|p1a: Ting-Lu|Vessel of Ruin\n|move|p2a: Slowking|Psyshock|p1a: Ting-Lu\n|-immune|p1a: Ting-Lu\n|\n|upkeep\n|turn|3\n|\n|t:|1700436720\n|switch|p2a: Ogerpon|Ogerpon-Cornerstone, F|100\/100\n|move|p1a: Ting-Lu|Spikes|p2a: Ogerpon\n|-sidestart|p2: Joseph0817|Spikes\n|\n|upkeep\n|turn|4\n|\n|t:|1700436722\n|switch|p1a: wheezy outta here|Weezing-Galar, F, shiny|100\/100 par\n|-ability|p1a: wheezy outta here|Neutralizing Gas\n|move|p2a: Ogerpon|Swords Dance|p2a: Ogerpon\n|-boost|p2a: Ogerpon|atk|2\n|\n|upkeep\n|turn|5\n|\n|t:|1700436730\n|switch|p2a: Dondozo|Dondozo, M|100\/100\n|-damage|p2a: Dondozo|88\/100|[from] Spikes\n|move|p1a: wheezy outta here|Haze|p1a: wheezy outta here\n|-clearallboost\n|\n|-heal|p2a: Dondozo|94\/100|[from] item: Leftovers\n|upkeep\n|turn|6\n|\n|t:|1700436737\n|move|p2a: Dondozo|Liquidation|p1a: wheezy outta here\n|-damage|p1a: wheezy outta here|81\/100 par\n|-damage|p2a: Dondozo|77\/100|[from] item: Rocky Helmet|[of] p1a: wheezy outta here\n|cant|p1a: wheezy outta here|par\n|\n|-heal|p2a: Dondozo|84\/100|[from] item: Leftovers\n|upkeep\n|turn|7\n|\n|t:|1700436742\n|move|p2a: Dondozo|Liquidation|p1a: wheezy outta here\n|-damage|p1a: wheezy outta here|61\/100 par\n|-unboost|p1a: wheezy outta here|def|1\n|-damage|p2a: Dondozo|67\/100|[from] item: Rocky Helmet|[of] p1a: wheezy outta here\n|move|p1a: wheezy outta here|Will-O-Wisp|p2a: Dondozo\n|-status|p2a: Dondozo|brn\n|\n|-heal|p2a: Dondozo|73\/100 brn|[from] item: Leftovers\n|-damage|p2a: Dondozo|67\/100 brn|[from] brn\n|upkeep\n|turn|8\n|\n|t:|1700436749\n|-end|p1a: wheezy outta here|ability: Neutralizing Gas\n|switch|p1a: KIDS SEE GHOST|Dragapult, F, shiny|100\/100\n|move|p2a: Dondozo|Rest|p2a: Dondozo\n|-status|p2a: Dondozo|slp|[from] move: Rest\n|-heal|p2a: Dondozo|100\/100 slp|[silent]\n|\n|upkeep\n|turn|9\n|\n|t:|1700436773\n|switch|p2a: Clefable|Clefable, M|100\/100\n|-damage|p2a: Clefable|88\/100|[from] Spikes\n|move|p1a: KIDS SEE GHOST|U-turn|p2a: Clefable\n|-resisted|p2a: Clefable\n|-damage|p2a: Clefable|79\/100\n|\n|t:|1700436779\n|switch|p1a: Ting-Lu|Ting-Lu|100\/100|[from] U-turn\n|-ability|p1a: Ting-Lu|Vessel of Ruin\n|\n|-heal|p2a: Clefable|85\/100|[from] item: Leftovers\n|upkeep\n|turn|10\n|\n|t:|1700436796\n|move|p2a: Clefable|Stealth Rock|p1a: Ting-Lu\n|-sidestart|p1: littensalt|move: Stealth Rock\n|move|p1a: Ting-Lu|Spikes|p2a: Clefable\n|-sidestart|p2: Joseph0817|Spikes\n|\n|-heal|p2a: Clefable|91\/100|[from] item: Leftovers\n|upkeep\n|turn|11\n|\n|t:|1700436802\n|move|p2a: Clefable|Moonblast|p1a: Ting-Lu\n|-supereffective|p1a: Ting-Lu\n|-damage|p1a: Ting-Lu|72\/100\n|-unboost|p1a: Ting-Lu|spa|1\n|move|p1a: Ting-Lu|Spikes|p2a: Clefable\n|-sidestart|p2: Joseph0817|Spikes\n|\n|-heal|p2a: Clefable|97\/100|[from] item: Leftovers\n|-heal|p1a: Ting-Lu|79\/100|[from] item: Leftovers\n|upkeep\n|turn|12\n|\n|t:|1700436807\n|move|p2a: Clefable|Moonblast|p1a: Ting-Lu\n|-supereffective|p1a: Ting-Lu\n|-damage|p1a: Ting-Lu|53\/100\n|move|p1a: Ting-Lu|Ruination|p2a: Clefable|[miss]\n|-miss|p1a: Ting-Lu|p2a: Clefable\n|\n|-heal|p2a: Clefable|100\/100|[from] item: Leftovers\n|-heal|p1a: Ting-Lu|59\/100|[from] item: Leftovers\n|upkeep\n|turn|13\n|\n|t:|1700436814\n|move|p2a: Clefable|Moonblast|p1a: Ting-Lu\n|-supereffective|p1a: Ting-Lu\n|-damage|p1a: Ting-Lu|30\/100\n|move|p1a: Ting-Lu|Ruination|p2a: Clefable\n|-damage|p2a: Clefable|50\/100\n|\n|-heal|p2a: Clefable|57\/100|[from] item: Leftovers\n|-heal|p1a: Ting-Lu|37\/100|[from] item: Leftovers\n|upkeep\n|turn|14\n|\n|t:|1700436820\n|switch|p1a: FRANCHISE|Cinderace, M|100\/100\n|move|p2a: Clefable|Wish|p2a: Clefable\n|\n|-heal|p2a: Clefable|63\/100|[from] item: Leftovers\n|upkeep\n|turn|15\n|\n|t:|1700436831\n|switch|p2a: Dondozo|Dondozo, M|100\/100 slp\n|-damage|p2a: Dondozo|75\/100 slp|[from] Spikes\n|move|p1a: FRANCHISE|U-turn|p2a: Dondozo\n|-start|p1a: FRANCHISE|typechange|Bug|[from] ability: Libero\n|-damage|p2a: Dondozo|62\/100 slp\n|\n|t:|1700436837\n|switch|p1a: 5g|Thundurus-Therian, M, shiny|100\/100|[from] U-turn\n|-damage|p1a: 5g|76\/100|[from] Stealth Rock\n|\n|-heal|p2a: Dondozo|100\/100 slp|[from] move: Wish|[wisher] Clefable\n|upkeep\n|turn|16\n|\n|t:|1700436846\n|switch|p2a: Great Tusk|Great Tusk|100\/100\n|-damage|p2a: Great Tusk|76\/100|[from] Spikes\n|-enditem|p2a: Great Tusk|Booster Energy\n|-activate|p2a: Great Tusk|ability: Protosynthesis|[fromitem]\n|-start|p2a: Great Tusk|protosynthesisdef\n|move|p1a: 5g|Grass Knot|p2a: Great Tusk\n|-supereffective|p2a: Great Tusk\n|-damage|p2a: Great Tusk|0 fnt\n|faint|p2a: Great Tusk\n|-end|p2a: Great Tusk|Protosynthesis|[silent]\n|\n|upkeep\n|\n|t:|1700436857\n|switch|p2a: Slowking|Slowking-Galar, M|100\/100\n|turn|17\n|\n|t:|1700436862\n|switch|p1a: Ting-Lu|Ting-Lu|37\/100\n|-damage|p1a: Ting-Lu|30\/100|[from] Stealth Rock\n|-ability|p1a: Ting-Lu|Vessel of Ruin\n|move|p2a: Slowking|Sludge Bomb|p1a: Ting-Lu\n|-resisted|p1a: Ting-Lu\n|-damage|p1a: Ting-Lu|23\/100\n|\n|-heal|p1a: Ting-Lu|30\/100|[from] item: Leftovers\n|upkeep\n|turn|18\n|\n|t:|1700436869\n|switch|p2a: Dondozo|Dondozo, M|100\/100 slp\n|-damage|p2a: Dondozo|75\/100 slp|[from] Spikes\n|move|p1a: Ting-Lu|Earthquake|p2a: Dondozo\n|-damage|p2a: Dondozo|59\/100 slp\n|\n|-heal|p1a: Ting-Lu|36\/100|[from] item: Leftovers\n|-heal|p2a: Dondozo|65\/100 slp|[from] item: Leftovers\n|upkeep\n|turn|19\n|\n|t:|1700436874\n|cant|p2a: Dondozo|slp\n|move|p2a: Dondozo|Sleep Talk|p2a: Dondozo\n|move|p2a: Dondozo|Liquidation|p1a: Ting-Lu|[from]move: Sleep Talk\n|-supereffective|p1a: Ting-Lu\n|-damage|p1a: Ting-Lu|4\/100\n|-unboost|p1a: Ting-Lu|def|1\n|move|p1a: Ting-Lu|Whirlwind|p2a: Dondozo\n|drag|p2a: Ogerpon|Ogerpon-Cornerstone, F|100\/100\n|-damage|p2a: Ogerpon|76\/100|[from] Spikes\n|\n|-heal|p1a: Ting-Lu|10\/100|[from] item: Leftovers\n|upkeep\n|turn|20\n|\n|t:|1700436882\n|switch|p1a: wheezy outta here|Weezing-Galar, F, shiny|61\/100 par\n|-ability|p1a: wheezy outta here|Neutralizing Gas\n|-damage|p1a: wheezy outta here|49\/100 par|[from] Stealth Rock\n|move|p2a: Ogerpon|Seed Bomb|p1a: wheezy outta here\n|-resisted|p1a: wheezy outta here\n|-damage|p1a: wheezy outta here|34\/100 par\n|\n|upkeep\n|turn|21\n|\n|t:|1700436889\n|move|p2a: Ogerpon|Ivy Cudgel|p1a: wheezy outta here|[anim] Ivy Cudgel Rock\n|-damage|p1a: wheezy outta here|0 fnt\n|faint|p1a: wheezy outta here\n|-end|p1a: wheezy outta here|ability: Neutralizing Gas\n|\n|upkeep\n|\n|t:|1700436894\n|switch|p1a: FRANCHISE|Cinderace, M|100\/100\n|turn|22\n|\n|t:|1700436905\n|switch|p2a: Dondozo|Dondozo, M|65\/100 slp\n|-damage|p2a: Dondozo|40\/100 slp|[from] Spikes\n|move|p1a: FRANCHISE|Pyro Ball|p2a: Dondozo|[miss]\n|-miss|p1a: FRANCHISE|p2a: Dondozo\n|\n|-heal|p2a: Dondozo|46\/100 slp|[from] item: Leftovers\n|upkeep\n|turn|23\n|\n|t:|1700436908\n|move|p1a: FRANCHISE|U-turn|p2a: Dondozo\n|-start|p1a: FRANCHISE|typechange|Bug|[from] ability: Libero\n|-damage|p2a: Dondozo|30\/100 slp\n|\n|t:|1700436915\n|switch|p1a: KIDS SEE GHOST|Dragapult, F, shiny|100\/100|[from] U-turn\n|-damage|p1a: KIDS SEE GHOST|88\/100|[from] Stealth Rock\n|cant|p2a: Dondozo|slp\n|move|p2a: Dondozo|Sleep Talk|p2a: Dondozo\n|move|p2a: Dondozo|Liquidation|p1a: KIDS SEE GHOST|[from]move: Sleep Talk\n|-resisted|p1a: KIDS SEE GHOST\n|-damage|p1a: KIDS SEE GHOST|67\/100\n|\n|-heal|p2a: Dondozo|36\/100 slp|[from] item: Leftovers\n|upkeep\n|turn|24\n|\n|t:|1700436928\n|move|p1a: KIDS SEE GHOST|Shadow Ball|p2a: Dondozo\n|-damage|p2a: Dondozo|0 fnt\n|faint|p2a: Dondozo\n|\n|upkeep\n|\n|t:|1700436939\n|switch|p2a: Slowking|Slowking-Galar, M|100\/100\n|turn|25\n|\n|t:|1700436942\n|switch|p1a: Ting-Lu|Ting-Lu|10\/100\n|-damage|p1a: Ting-Lu|4\/100|[from] Stealth Rock\n|-ability|p1a: Ting-Lu|Vessel of Ruin\n|move|p2a: Slowking|Thunder Wave|p1a: Ting-Lu\n|-immune|p1a: Ting-Lu\n|\n|-heal|p1a: Ting-Lu|10\/100|[from] item: Leftovers\n|upkeep\n|turn|26\n|inactive|Joseph0817 has 120 seconds left.\n|inactive|Joseph0817 has 90 seconds left.\n|inactive|Joseph0817 has 60 seconds left.\n|\n|t:|1700437041\n|switch|p2a: Ogerpon|Ogerpon-Cornerstone, F|76\/100\n|-damage|p2a: Ogerpon|51\/100|[from] Spikes\n|move|p1a: Ting-Lu|Earthquake|p2a: Ogerpon\n|-damage|p2a: Ogerpon|3\/100\n|\n|-heal|p1a: Ting-Lu|16\/100|[from] item: Leftovers\n|upkeep\n|turn|27\n|inactive|Joseph0817 has 60 seconds left.\n|l|\u2606Joseph0817\n|inactive|Joseph0817 disconnected and has a minute to reconnect!\n|player|p2|\n|inactive|littensalt has 120 seconds left.\n|\n|t:|1700437072\n|switch|p1a: KIDS SEE GHOST|Dragapult, F, shiny|67\/100\n|-damage|p1a: KIDS SEE GHOST|55\/100|[from] Stealth Rock\n|move|p2a: Ogerpon|Seed Bomb|p1a: KIDS SEE GHOST\n|-resisted|p1a: KIDS SEE GHOST\n|-damage|p1a: KIDS SEE GHOST|24\/100\n|\n|upkeep\n|turn|28\n|inactive|Joseph0817 has 30 seconds to reconnect!\n|inactive|Joseph0817 has 20 seconds to reconnect!\n|inactive|Joseph0817 has 15 seconds to reconnect!\n|inactive|Joseph0817 has 10 seconds to reconnect!\n|inactive|Joseph0817 has 5 seconds to reconnect!\n|-message|Joseph0817 lost due to inactivity.\n|\n|win|littensalt\n|inactive|Joseph0817 has 15 seconds left this turn.\n|raw|littensalt's rating: 1367 &rarr; <strong>1390<\/strong><br \/>(+23 for winning)\n|raw|Joseph0817's rating: 1411 &rarr; <strong>1388<\/strong><br \/>(-23 for losing)\n","uploadtime":1700437137,"views":12,"p1id":"littensalt","p2id":"joseph0817","formatid":"gen9ou","rating":1388,"private":0,"password":""}