{"id":"gen9ou-2000271409","p1":"DerDickePolizist","p2":"Hardrox","format":"[Gen 9] OU","log":"|j|\u2606DerDickePolizist\n|j|\u2606Hardrox\n|t:|1701179897\n|gametype|singles\n|player|p1|DerDickePolizist|policeman|\n|player|p2|Hardrox|101|\n|teamsize|p1|6\n|teamsize|p2|6\n|gen|9\n|tier|[Gen 9] OU\n|rule|Sleep Clause Mod: Limit one foe put to sleep\n|rule|Species Clause: Limit one of each Pok\u00e9mon\n|rule|OHKO Clause: OHKO moves are banned\n|rule|Evasion Items Clause: Evasion items are banned\n|rule|Evasion Moves Clause: Evasion moves are banned\n|rule|Endless Battle Clause: Forcing endless battles is banned\n|rule|HP Percentage Mod: HP is shown in percentages\n|clearpoke\n|poke|p1|Volbeat, M|\n|poke|p1|Poliwrath, F|\n|poke|p1|Zapdos|\n|poke|p1|Heatran, M|\n|poke|p1|Rillaboom, M|\n|poke|p1|Ninetales-Alola, F|\n|poke|p2|Forretress, F|\n|poke|p2|Slowking-Galar, M|\n|poke|p2|Beartic, M|\n|poke|p2|Mamoswine, M|\n|poke|p2|Ogerpon-Wellspring, F|\n|poke|p2|Mandibuzz, F|\n|teampreview\n|c|\u2606DerDickePolizist|Gl Hf\n|c|\u2606Hardrox|dann viel Spa\u00df uns beiden :)\n|\n|t:|1701179954\n|start\n|switch|p1a: Puck|Volbeat, M|100\/100\n|switch|p2a: Mamoswine|Mamoswine, M, shiny|100\/100\n|turn|1\n|\n|t:|1701180025\n|move|p2a: Mamoswine|Icicle Crash|p1a: Puck\n|-damage|p1a: Puck|55\/100\n|cant|p1a: Puck|flinch\n|\n|upkeep\n|turn|2\n|\n|t:|1701180043\n|move|p2a: Mamoswine|Icicle Crash|p1a: Puck\n|-damage|p1a: Puck|9\/100\n|cant|p1a: Puck|flinch\n|\n|upkeep\n|turn|3\n|c|\u2606Hardrox|uff\n|\n|t:|1701180058\n|move|p2a: Mamoswine|Ice Shard|p1a: Puck\n|-damage|p1a: Puck|0 fnt\n|faint|p1a: Puck\n|\n|upkeep\n|\n|t:|1701180063\n|switch|p1a: Turnschuhmann|Poliwrath, F|100\/100\n|turn|4\n|\n|t:|1701180101\n|switch|p2a: Slowking|Slowking-Galar, M, shiny|100\/100\n|move|p1a: Turnschuhmann|Close Combat|p2a: Slowking\n|-resisted|p2a: Slowking\n|-damage|p2a: Slowking|87\/100\n|-unboost|p1a: Turnschuhmann|def|1\n|-unboost|p1a: Turnschuhmann|spd|1\n|-damage|p1a: Turnschuhmann|91\/100|[from] item: Life Orb\n|\n|-heal|p2a: Slowking|93\/100|[from] item: Black Sludge\n|upkeep\n|turn|5\n|\n|t:|1701180134\n|switch|p1a: Captain Magma|Heatran, M|100\/100\n|move|p2a: Slowking|Chilly Reception|p2a: Slowking\n|-weather|Snow\n|\n|t:|1701180169\n|switch|p2a: Beartic|Beartic, M, shiny|100\/100|[from] Chilly Reception\n|\n|-weather|Snow|[upkeep]\n|upkeep\n|turn|6\n|\n|t:|1701180186\n|move|p2a: Beartic|Close Combat|p1a: Captain Magma\n|-supereffective|p1a: Captain Magma\n|-damage|p1a: Captain Magma|23\/100\n|-unboost|p2a: Beartic|def|1\n|-unboost|p2a: Beartic|spd|1\n|move|p1a: Captain Magma|Magma Storm|p2a: Beartic|[miss]\n|-miss|p1a: Captain Magma|p2a: Beartic\n|\n|-weather|Snow|[upkeep]\n|upkeep\n|turn|7\n|\n|t:|1701180208\n|switch|p1a: Blendpudos|Zapdos|100\/100\n|move|p2a: Beartic|Close Combat|p1a: Blendpudos\n|-resisted|p1a: Blendpudos\n|-damage|p1a: Blendpudos|83\/100\n|-unboost|p2a: Beartic|def|1\n|-unboost|p2a: Beartic|spd|1\n|\n|-weather|Snow|[upkeep]\n|-heal|p1a: Blendpudos|89\/100|[from] item: Leftovers\n|upkeep\n|turn|8\n|\n|t:|1701180224\n|move|p2a: Beartic|Ice Punch|p1a: Blendpudos\n|-supereffective|p1a: Blendpudos\n|-damage|p1a: Blendpudos|23\/100\n|-status|p2a: Beartic|par|[from] ability: Static|[of] p1a: Blendpudos\n|move|p1a: Blendpudos|Thunder Wave|p2a: Beartic\n|-fail|p2a: Beartic|par\n|\n|-weather|Snow|[upkeep]\n|-heal|p1a: Blendpudos|29\/100|[from] item: Leftovers\n|upkeep\n|turn|9\n|\n|t:|1701180236\n|move|p1a: Blendpudos|Roost|p1a: Blendpudos\n|-heal|p1a: Blendpudos|79\/100\n|-singleturn|p1a: Blendpudos|move: Roost\n|move|p2a: Beartic|Ice Punch|p1a: Blendpudos\n|-damage|p1a: Blendpudos|50\/100\n|\n|-weather|none\n|-heal|p1a: Blendpudos|56\/100|[from] item: Leftovers\n|upkeep\n|turn|10\n|\n|t:|1701180283\n|move|p1a: Blendpudos|Roost|p1a: Blendpudos\n|-heal|p1a: Blendpudos|100\/100\n|-singleturn|p1a: Blendpudos|move: Roost\n|move|p2a: Beartic|Ice Punch|p1a: Blendpudos\n|-damage|p1a: Blendpudos|68\/100\n|\n|-heal|p1a: Blendpudos|74\/100|[from] item: Leftovers\n|upkeep\n|turn|11\n|\n|t:|1701180299\n|switch|p1a: Turnschuhmann|Poliwrath, F|91\/100\n|switch|p2a: Forretress|Forretress, F|100\/100\n|\n|upkeep\n|turn|12\n|\n|t:|1701180341\n|-terastallize|p2a: Forretress|Flying\n|move|p1a: Turnschuhmann|Knock Off|p2a: Forretress\n|-damage|p2a: Forretress|81\/100\n|-enditem|p2a: Forretress|Leftovers|[from] move: Knock Off|[of] p1a: Turnschuhmann\n|-damage|p1a: Turnschuhmann|81\/100|[from] item: Life Orb\n|move|p2a: Forretress|Stealth Rock|p1a: Turnschuhmann\n|-sidestart|p1: DerDickePolizist|move: Stealth Rock\n|\n|upkeep\n|turn|13\n|\n|t:|1701180359\n|move|p1a: Turnschuhmann|Liquidation|p2a: Forretress\n|-damage|p2a: Forretress|54\/100\n|-unboost|p2a: Forretress|def|1\n|-damage|p1a: Turnschuhmann|71\/100|[from] item: Life Orb\n|move|p2a: Forretress|Poison Jab|p1a: Turnschuhmann\n|-damage|p1a: Turnschuhmann|52\/100\n|\n|upkeep\n|turn|14\n|\n|t:|1701180396\n|switch|p2a: Ogerpon|Ogerpon-Wellspring, F|100\/100\n|move|p1a: Turnschuhmann|Liquidation|p2a: Ogerpon\n|-immune|p2a: Ogerpon|[from] ability: Water Absorb\n|\n|upkeep\n|turn|15\n|\n|t:|1701180424\n|-terastallize|p1a: Turnschuhmann|Poison\n|move|p2a: Ogerpon|Swords Dance|p2a: Ogerpon\n|-boost|p2a: Ogerpon|atk|2\n|move|p1a: Turnschuhmann|Close Combat|p2a: Ogerpon\n|-damage|p2a: Ogerpon|10\/100\n|-unboost|p1a: Turnschuhmann|def|1\n|-unboost|p1a: Turnschuhmann|spd|1\n|-damage|p1a: Turnschuhmann|42\/100|[from] item: Life Orb\n|\n|upkeep\n|turn|16\n|\n|t:|1701180438\n|switch|p1a: Blendpudos|Zapdos|74\/100\n|-damage|p1a: Blendpudos|49\/100|[from] Stealth Rock\n|move|p2a: Ogerpon|Horn Leech|p1a: Blendpudos\n|-resisted|p1a: Blendpudos\n|-damage|p1a: Blendpudos|15\/100\n|-heal|p2a: Ogerpon|31\/100|[from] drain|[of] p1a: Blendpudos\n|-status|p2a: Ogerpon|par|[from] ability: Static|[of] p1a: Blendpudos\n|\n|-heal|p1a: Blendpudos|21\/100|[from] item: Leftovers\n|upkeep\n|turn|17\n|\n|t:|1701180472\n|move|p1a: Blendpudos|Discharge|p2a: Ogerpon\n|-damage|p2a: Ogerpon|0 fnt\n|faint|p2a: Ogerpon\n|\n|-heal|p1a: Blendpudos|27\/100|[from] item: Leftovers\n|upkeep\n|\n|t:|1701180490\n|switch|p2a: Mamoswine|Mamoswine, M, shiny|100\/100\n|turn|18\n|\n|t:|1701180516\n|switch|p1a: Captain Magma|Heatran, M|23\/100\n|-damage|p1a: Captain Magma|11\/100|[from] Stealth Rock\n|move|p2a: Mamoswine|Icicle Crash|p1a: Captain Magma\n|-resisted|p1a: Captain Magma\n|-damage|p1a: Captain Magma|1\/100\n|\n|upkeep\n|turn|19\n|\n|t:|1701180527\n|move|p2a: Mamoswine|Ice Shard|p1a: Captain Magma\n|-resisted|p1a: Captain Magma\n|-damage|p1a: Captain Magma|0 fnt\n|faint|p1a: Captain Magma\n|\n|upkeep\n|\n|t:|1701180532\n|switch|p1a: Ninetales|Ninetales-Alola, F|100\/100\n|-damage|p1a: Ninetales|76\/100|[from] Stealth Rock\n|-weather|Snow|[from] ability: Snow Warning|[of] p1a: Ninetales\n|turn|20\n|\n|t:|1701180593\n|move|p1a: Ninetales|Freeze-Dry|p2a: Mamoswine\n|-damage|p2a: Mamoswine|83\/100\n|move|p2a: Mamoswine|High Horsepower|p1a: Ninetales\n|-damage|p1a: Ninetales|29\/100\n|\n|-weather|Snow|[upkeep]\n|upkeep\n|turn|21\n|\n|t:|1701180642\n|move|p1a: Ninetales|Aurora Veil|p1a: Ninetales\n|-sidestart|p1: DerDickePolizist|move: Aurora Veil\n|move|p2a: Mamoswine|High Horsepower|p1a: Ninetales\n|-damage|p1a: Ninetales|4\/100\n|\n|-weather|Snow|[upkeep]\n|upkeep\n|turn|22\n|\n|t:|1701180668\n|move|p2a: Mamoswine|Ice Shard|p1a: Ninetales\n|-resisted|p1a: Ninetales\n|-damage|p1a: Ninetales|0 fnt\n|faint|p1a: Ninetales\n|\n|-weather|Snow|[upkeep]\n|upkeep\n|\n|t:|1701180675\n|switch|p1a: Monke Fist|Rillaboom, M|100\/100\n|-damage|p1a: Monke Fist|88\/100|[from] Stealth Rock\n|-fieldstart|move: Grassy Terrain|[from] ability: Grassy Surge|[of] p1a: Monke Fist\n|turn|23\n|\n|t:|1701180690\n|switch|p2a: Beartic|Beartic, M, shiny|100\/100 par\n|move|p1a: Monke Fist|Wood Hammer|p2a: Beartic\n|-damage|p2a: Beartic|3\/100 par\n|-damage|p1a: Monke Fist|57\/100|[from] Recoil\n|\n|-weather|Snow|[upkeep]\n|-heal|p1a: Monke Fist|63\/100|[from] Grassy Terrain\n|-heal|p2a: Beartic|9\/100 par|[from] Grassy Terrain\n|upkeep\n|turn|24\n|\n|t:|1701180712\n|switch|p1a: Blendpudos|Zapdos|27\/100\n|-damage|p1a: Blendpudos|2\/100|[from] Stealth Rock\n|cant|p2a: Beartic|par\n|\n|-weather|none\n|-heal|p1a: Blendpudos|8\/100|[from] item: Leftovers\n|-heal|p2a: Beartic|15\/100 par|[from] Grassy Terrain\n|upkeep\n|turn|25\n|\n|t:|1701180725\n|move|p1a: Blendpudos|Roost|p1a: Blendpudos\n|-heal|p1a: Blendpudos|59\/100\n|-singleturn|p1a: Blendpudos|move: Roost\n|move|p2a: Beartic|Ice Punch|p1a: Blendpudos\n|-crit|p1a: Blendpudos\n|-damage|p1a: Blendpudos|9\/100\n|\n|-heal|p1a: Blendpudos|15\/100|[from] Grassy Terrain\n|-heal|p1a: Blendpudos|21\/100|[from] item: Leftovers\n|-heal|p2a: Beartic|21\/100 par|[from] Grassy Terrain\n|-sideend|p1: DerDickePolizist|move: Aurora Veil\n|upkeep\n|turn|26\n|\n|t:|1701180754\n|move|p1a: Blendpudos|Roost|p1a: Blendpudos\n|-heal|p1a: Blendpudos|71\/100\n|-singleturn|p1a: Blendpudos|move: Roost\n|move|p2a: Beartic|Ice Punch|p1a: Blendpudos\n|-damage|p1a: Blendpudos|41\/100\n|-status|p1a: Blendpudos|frz\n|\n|-heal|p1a: Blendpudos|47\/100 frz|[from] Grassy Terrain\n|-heal|p1a: Blendpudos|53\/100 frz|[from] item: Leftovers\n|-heal|p2a: Beartic|27\/100 par|[from] Grassy Terrain\n|upkeep\n|turn|27\n|\n|t:|1701180779\n|switch|p1a: Turnschuhmann|Poliwrath, F, tera:Poison|42\/100\n|-damage|p1a: Turnschuhmann|30\/100|[from] Stealth Rock\n|move|p2a: Beartic|Trailblaze|p1a: Turnschuhmann\n|-resisted|p1a: Turnschuhmann\n|-damage|p1a: Turnschuhmann|16\/100\n|-boost|p2a: Beartic|spe|1\n|\n|-heal|p1a: Turnschuhmann|22\/100|[from] Grassy Terrain\n|-heal|p2a: Beartic|33\/100 par|[from] Grassy Terrain\n|-fieldend|move: Grassy Terrain\n|upkeep\n|turn|28\n|\n|t:|1701180796\n|move|p1a: Turnschuhmann|Knock Off|p2a: Beartic\n|-damage|p2a: Beartic|0 fnt\n|-enditem|p2a: Beartic|Assault Vest|[from] move: Knock Off|[of] p1a: Turnschuhmann\n|faint|p2a: Beartic\n|-damage|p1a: Turnschuhmann|12\/100|[from] item: Life Orb\n|\n|upkeep\n|\n|t:|1701180807\n|switch|p2a: Mamoswine|Mamoswine, M, shiny|83\/100\n|turn|29\n|\n|t:|1701180816\n|move|p2a: Mamoswine|Ice Shard|p1a: Turnschuhmann\n|-damage|p1a: Turnschuhmann|0 fnt\n|faint|p1a: Turnschuhmann\n|\n|upkeep\n|\n|t:|1701180821\n|switch|p1a: Monke Fist|Rillaboom, M|63\/100\n|-damage|p1a: Monke Fist|51\/100|[from] Stealth Rock\n|-fieldstart|move: Grassy Terrain|[from] ability: Grassy Surge|[of] p1a: Monke Fist\n|turn|30\n|\n|t:|1701180845\n|switch|p2a: Forretress|Forretress, F, tera:Flying|54\/100\n|move|p1a: Monke Fist|Knock Off|p2a: Forretress\n|-damage|p2a: Forretress|35\/100\n|\n|-heal|p1a: Monke Fist|57\/100|[from] Grassy Terrain\n|upkeep\n|turn|31\n|\n|t:|1701180860\n|move|p1a: Monke Fist|Knock Off|p2a: Forretress\n|-damage|p2a: Forretress|17\/100\n|move|p2a: Forretress|Body Press|p1a: Monke Fist\n|-crit|p1a: Monke Fist\n|-damage|p1a: Monke Fist|8\/100\n|\n|-heal|p1a: Monke Fist|15\/100|[from] Grassy Terrain\n|upkeep\n|turn|32\n|\n|t:|1701180870\n|switch|p1a: Blendpudos|Zapdos|53\/100 frz\n|-damage|p1a: Blendpudos|28\/100 frz|[from] Stealth Rock\n|move|p2a: Forretress|Body Press|p1a: Blendpudos\n|-resisted|p1a: Blendpudos\n|-damage|p1a: Blendpudos|17\/100 frz\n|-status|p2a: Forretress|par|[from] ability: Static|[of] p1a: Blendpudos\n|\n|-heal|p1a: Blendpudos|23\/100 frz|[from] item: Leftovers\n|upkeep\n|turn|33\n|\n|t:|1701180895\n|switch|p2a: Slowking|Slowking-Galar, M, shiny|100\/100\n|cant|p1a: Blendpudos|frz\n|\n|-heal|p1a: Blendpudos|29\/100 frz|[from] item: Leftovers\n|upkeep\n|turn|34\n|\n|t:|1701180904\n|cant|p1a: Blendpudos|frz\n|move|p2a: Slowking|Ice Beam|p1a: Blendpudos\n|-supereffective|p1a: Blendpudos\n|-damage|p1a: Blendpudos|0 fnt\n|faint|p1a: Blendpudos\n|\n|-fieldend|move: Grassy Terrain\n|upkeep\n|\n|t:|1701180912\n|switch|p1a: Monke Fist|Rillaboom, M|15\/100\n|-damage|p1a: Monke Fist|2\/100|[from] Stealth Rock\n|-fieldstart|move: Grassy Terrain|[from] ability: Grassy Surge|[of] p1a: Monke Fist\n|turn|35\n|c|\u2606DerDickePolizist|Gg\n|\n|t:|1701180924\n|move|p1a: Monke Fist|Wood Hammer|p2a: Slowking\n|-resisted|p2a: Slowking\n|-damage|p2a: Slowking|52\/100\n|-damage|p1a: Monke Fist|0 fnt|[from] Recoil\n|faint|p1a: Monke Fist\n|\n|win|Hardrox\n|c|\u2606Hardrox|GG\n|c|\u2606Hardrox|HEX ohne Ende ^^\n","uploadtime":1701180939,"views":25,"p1id":"derdickepolizist","p2id":"hardrox","formatid":"gen9ou","rating":0,"private":0,"password":""}