{"id":"gen9ou-1990927476","p1":"Bigfo123","p2":"Joegirl","format":"[Gen 9] OU","log":"|j|\u2606Bigfo123\n|j|\u2606Joegirl\n|t:|1700016077\n|gametype|singles\n|player|p1|Bigfo123|wattson|1582\n|player|p2|Joegirl|1|1516\n|teamsize|p1|6\n|teamsize|p2|6\n|gen|9\n|tier|[Gen 9] OU\n|rated|\n|rule|Sleep Clause Mod: Limit one foe put to sleep\n|rule|Species Clause: Limit one of each Pok\u00e9mon\n|rule|OHKO Clause: OHKO moves are banned\n|rule|Evasion Items Clause: Evasion items are banned\n|rule|Evasion Moves Clause: Evasion moves are banned\n|rule|Endless Battle Clause: Forcing endless battles is banned\n|rule|HP Percentage Mod: HP is shown in percentages\n|clearpoke\n|poke|p1|Sneasler, M|\n|poke|p1|Rotom-Wash|\n|poke|p1|Kingambit, F|\n|poke|p1|Slowking-Galar, L99, M|\n|poke|p1|Mamoswine, F|\n|poke|p1|Cinderace, F|\n|poke|p2|Hawlucha, F|\n|poke|p2|Hatterene, F|\n|poke|p2|Manaphy|\n|poke|p2|Clefable, F|\n|poke|p2|Sneasler, M|\n|poke|p2|Rillaboom, M|\n|teampreview\n|inactive|Battle timer is ON: inactive players will automatically lose when time's up. (requested by Bigfo123)\n|\n|t:|1700016116\n|start\n|switch|p1a: Slowking|Slowking-Galar, L99, M|100\/100\n|switch|p2a: Rillaboom|Rillaboom, M|100\/100\n|-fieldstart|move: Grassy Terrain|[from] ability: Grassy Surge|[of] p2a: Rillaboom\n|turn|1\n|\n|t:|1700016135\n|move|p2a: Rillaboom|Wood Hammer|p1a: Slowking\n|-resisted|p1a: Slowking\n|-damage|p1a: Slowking|54\/100\n|-damage|p2a: Rillaboom|83\/100|[from] Recoil\n|move|p1a: Slowking|Future Sight|p2a: Rillaboom\n|-start|p1a: Slowking|move: Future Sight\n|\n|-heal|p2a: Rillaboom|89\/100|[from] Grassy Terrain\n|-heal|p1a: Slowking|60\/100|[from] Grassy Terrain\n|upkeep\n|turn|2\n|j| Domin0999\n|l| Domin0999\n|\n|t:|1700016160\n|move|p2a: Rillaboom|Wood Hammer|p1a: Slowking\n|-resisted|p1a: Slowking\n|-damage|p1a: Slowking|19\/100\n|-damage|p2a: Rillaboom|74\/100|[from] Recoil\n|move|p1a: Slowking|Chilly Reception|p1a: Slowking\n|-weather|Snow\n|inactive|Bigfo123 has 120 seconds left.\n|\n|t:|1700016188\n|switch|p1a: Cinderace|Cinderace, F|100\/100|[from] Chilly Reception\n|\n|-weather|Snow|[upkeep]\n|-heal|p2a: Rillaboom|80\/100|[from] Grassy Terrain\n|upkeep\n|turn|3\n|\n|t:|1700016195\n|switch|p2a: Manaphy|Manaphy|100\/100\n|move|p1a: Cinderace|U-turn|p2a: Manaphy\n|-start|p1a: Cinderace|typechange|Bug|[from] ability: Libero\n|-damage|p2a: Manaphy|71\/100\n|inactive|Bigfo123 has 120 seconds left.\n|\n|t:|1700016207\n|switch|p1a: Sneasler|Sneasler, M|100\/100|[from] U-turn\n|\n|-weather|Snow|[upkeep]\n|-end|p2a: Manaphy|move: Future Sight\n|-damage|p2a: Manaphy|34\/100\n|-heal|p2a: Manaphy|40\/100|[from] Grassy Terrain\n|-heal|p2a: Manaphy|46\/100|[from] item: Leftovers\n|upkeep\n|turn|4\n|inactive|Bigfo123 has 120 seconds left.\n|\n|t:|1700016235\n|move|p1a: Sneasler|Dire Claw|p2a: Manaphy\n|-damage|p2a: Manaphy|10\/100\n|-status|p2a: Manaphy|par\n|cant|p2a: Manaphy|par\n|\n|-weather|Snow|[upkeep]\n|-heal|p2a: Manaphy|16\/100 par|[from] Grassy Terrain\n|-heal|p2a: Manaphy|23\/100 par|[from] item: Leftovers\n|upkeep\n|turn|5\n|inactive|Bigfo123 has 120 seconds left.\n|\n|t:|1700016246\n|move|p1a: Sneasler|Dire Claw|p2a: Manaphy\n|-damage|p2a: Manaphy|0 fnt\n|faint|p2a: Manaphy\n|\n|-weather|Snow|[upkeep]\n|-fieldend|move: Grassy Terrain\n|upkeep\n|\n|t:|1700016254\n|switch|p2a: Rillaboom|Rillaboom, M|80\/100\n|-fieldstart|move: Grassy Terrain|[from] ability: Grassy Surge|[of] p2a: Rillaboom\n|turn|6\n|inactive|Bigfo123 has 120 seconds left.\n|inactive|Bigfo123 has 90 seconds left.\n|\n|t:|1700016300\n|switch|p2a: Sneasler|Sneasler, M|100\/100\n|-enditem|p2a: Sneasler|Grassy Seed\n|-boost|p2a: Sneasler|def|1|[from] item: Grassy Seed\n|move|p1a: Sneasler|Dire Claw|p2a: Sneasler\n|-resisted|p2a: Sneasler\n|-damage|p2a: Sneasler|81\/100\n|\n|-weather|none\n|-heal|p2a: Sneasler|87\/100|[from] Grassy Terrain\n|upkeep\n|turn|7\n|\n|t:|1700016316\n|switch|p1a: Slowking|Slowking-Galar, L99, M|52\/100\n|move|p2a: Sneasler|Swords Dance|p2a: Sneasler\n|-boost|p2a: Sneasler|atk|2\n|\n|-heal|p2a: Sneasler|93\/100|[from] Grassy Terrain\n|-heal|p1a: Slowking|58\/100|[from] Grassy Terrain\n|upkeep\n|turn|8\n|\n|t:|1700016327\n|switch|p1a: Rotom|Rotom-Wash|100\/100\n|move|p2a: Sneasler|Acrobatics|p1a: Rotom\n|-resisted|p1a: Rotom\n|-damage|p1a: Rotom|58\/100\n|\n|-heal|p2a: Sneasler|99\/100|[from] Grassy Terrain\n|-heal|p1a: Rotom|64\/100|[from] item: Leftovers\n|upkeep\n|turn|9\n|\n|t:|1700016340\n|move|p2a: Sneasler|Dire Claw|p1a: Rotom\n|-damage|p1a: Rotom|0 fnt\n|faint|p1a: Rotom\n|\n|-heal|p2a: Sneasler|100\/100|[from] Grassy Terrain\n|upkeep\n|\n|t:|1700016344\n|switch|p1a: Slowking|Slowking-Galar, L99, M|92\/100\n|turn|10\n|\n|t:|1700016349\n|move|p2a: Sneasler|Lash Out|p1a: Slowking\n|-supereffective|p1a: Slowking\n|-damage|p1a: Slowking|14\/100\n|move|p1a: Slowking|Future Sight|p2a: Sneasler\n|-start|p1a: Slowking|move: Future Sight\n|\n|-heal|p1a: Slowking|20\/100|[from] Grassy Terrain\n|-fieldend|move: Grassy Terrain\n|upkeep\n|turn|11\n|\n|t:|1700016358\n|switch|p1a: Kingambit|Kingambit, F|100\/100\n|-activate|p1a: Kingambit|ability: Supreme Overlord\n|-start|p1a: Kingambit|fallen1|[silent]\n|move|p2a: Sneasler|Lash Out|p1a: Kingambit\n|-resisted|p1a: Kingambit\n|-damage|p1a: Kingambit|77\/100\n|\n|-heal|p1a: Kingambit|83\/100|[from] item: Leftovers\n|upkeep\n|turn|12\n|inactive|Joegirl has 120 seconds left.\n|\n|t:|1700016389\n|switch|p2a: Rillaboom|Rillaboom, M|80\/100\n|-fieldstart|move: Grassy Terrain|[from] ability: Grassy Surge|[of] p2a: Rillaboom\n|-end|p1a: Kingambit|fallen1|[silent]\n|switch|p1a: Slowking|Slowking-Galar, L99, M|54\/100\n|\n|-end|p2a: Rillaboom|move: Future Sight\n|-damage|p2a: Rillaboom|19\/100\n|-heal|p2a: Rillaboom|25\/100|[from] Grassy Terrain\n|-heal|p1a: Slowking|60\/100|[from] Grassy Terrain\n|upkeep\n|turn|13\n|inactive|Joegirl has 120 seconds left.\n|\n|t:|1700016402\n|move|p2a: Rillaboom|Wood Hammer|p1a: Slowking\n|-resisted|p1a: Slowking\n|-crit|p1a: Slowking\n|-damage|p1a: Slowking|0 fnt\n|faint|p1a: Slowking\n|-damage|p2a: Rillaboom|3\/100|[from] Recoil\n|\n|-heal|p2a: Rillaboom|9\/100|[from] Grassy Terrain\n|upkeep\n|\n|t:|1700016406\n|switch|p1a: Cinderace|Cinderace, F|100\/100\n|turn|14\n|inactive|Joegirl has 120 seconds left.\n|\n|t:|1700016425\n|switch|p2a: Hatterene|Hatterene, F|100\/100\n|-enditem|p2a: Hatterene|Grassy Seed\n|-boost|p2a: Hatterene|def|1|[from] item: Grassy Seed\n|move|p1a: Cinderace|U-turn|p2a: Hatterene\n|-start|p1a: Cinderace|typechange|Bug|[from] ability: Libero\n|-damage|p2a: Hatterene|84\/100\n|\n|t:|1700016430\n|switch|p1a: Sneasler|Sneasler, M|100\/100|[from] U-turn\n|\n|-heal|p2a: Hatterene|90\/100|[from] Grassy Terrain\n|upkeep\n|turn|15\n|\n|t:|1700016439\n|-terastallize|p2a: Hatterene|Water\n|move|p1a: Sneasler|Dire Claw|p2a: Hatterene\n|-damage|p2a: Hatterene|68\/100\n|-status|p2a: Hatterene|psn\n|move|p2a: Hatterene|Calm Mind|p2a: Hatterene\n|-boost|p2a: Hatterene|spa|1\n|-boost|p2a: Hatterene|spd|1\n|\n|-heal|p2a: Hatterene|74\/100 psn|[from] Grassy Terrain\n|-damage|p2a: Hatterene|62\/100 psn|[from] psn\n|upkeep\n|turn|16\n|c|\u2606Joegirl|Come on n\n|c|\u2606Joegirl|fucking hell\n|c|\u2606Bigfo123|shut up b u crit\n|\n|t:|1700016472\n|switch|p1a: Mamoswine|Mamoswine, F|100\/100\n|move|p2a: Hatterene|Calm Mind|p2a: Hatterene\n|-boost|p2a: Hatterene|spa|1\n|-boost|p2a: Hatterene|spd|1\n|\n|-heal|p2a: Hatterene|68\/100 psn|[from] Grassy Terrain\n|-damage|p2a: Hatterene|56\/100 psn|[from] psn\n|-fieldend|move: Grassy Terrain\n|upkeep\n|turn|17\n|c|\u2606Joegirl|You had 2 hacks plays\n|c|\u2606Bigfo123|man this aint even a hack\n|inactive|Bigfo123 has 120 seconds left.\n|c|\u2606Bigfo123|im more likely to poison than not\n|\n|t:|1700016491\n|move|p1a: Mamoswine|Earthquake|p2a: Hatterene\n|-damage|p2a: Hatterene|26\/100 psn\n|move|p2a: Hatterene|Draining Kiss|p1a: Mamoswine\n|-damage|p1a: Mamoswine|44\/100\n|-heal|p2a: Hatterene|79\/100 psn|[from] drain|[of] p1a: Mamoswine\n|\n|-heal|p1a: Mamoswine|50\/100|[from] item: Leftovers\n|-damage|p2a: Hatterene|67\/100 psn|[from] psn\n|upkeep\n|turn|18\n|c|\u2606Joegirl|Para manaphy\n|c|\u2606Bigfo123|50 percent like\n|inactive|Joegirl has 120 seconds left.\n|c|\u2606Bigfo123|thats not a hack\n|c|\u2606Bigfo123|crit a 1\/16\n|c|\u2606Bigfo123|so stop talking\n|c|\u2606Joegirl|Not hacks but hella lucky\n|c|\u2606Bigfo123|mane\n|c|\u2606Bigfo123|shush\n|c|\u2606Bigfo123|play the game\n|c|\u2606Joegirl|Lol all too lose\n|inactive|Joegirl has 90 seconds left.\n|\n|t:|1700016536\n|move|p1a: Mamoswine|Protect|p1a: Mamoswine\n|-singleturn|p1a: Mamoswine|Protect\n|move|p2a: Hatterene|Draining Kiss|p1a: Mamoswine\n|-activate|p1a: Mamoswine|move: Protect\n|\n|-heal|p1a: Mamoswine|56\/100|[from] item: Leftovers\n|-damage|p2a: Hatterene|55\/100 psn|[from] psn\n|upkeep\n|turn|19\n|\n|t:|1700016545\n|-terastallize|p1a: Mamoswine|Ground\n|move|p1a: Mamoswine|Earthquake|p2a: Hatterene\n|-damage|p2a: Hatterene|15\/100 psn\n|move|p2a: Hatterene|Draining Kiss|p1a: Mamoswine\n|-damage|p1a: Mamoswine|2\/100\n|-heal|p2a: Hatterene|66\/100 psn|[from] drain|[of] p1a: Mamoswine\n|\n|-heal|p1a: Mamoswine|8\/100|[from] item: Leftovers\n|-damage|p2a: Hatterene|54\/100 psn|[from] psn\n|upkeep\n|turn|20\n|\n|t:|1700016557\n|move|p1a: Mamoswine|Protect|p1a: Mamoswine\n|-singleturn|p1a: Mamoswine|Protect\n|move|p2a: Hatterene|Draining Kiss|p1a: Mamoswine\n|-activate|p1a: Mamoswine|move: Protect\n|\n|-heal|p1a: Mamoswine|15\/100|[from] item: Leftovers\n|-damage|p2a: Hatterene|42\/100 psn|[from] psn\n|upkeep\n|turn|21\n|\n|t:|1700016566\n|move|p1a: Mamoswine|Earthquake|p2a: Hatterene\n|-damage|p2a: Hatterene|0 fnt\n|faint|p2a: Hatterene\n|\n|-heal|p1a: Mamoswine|21\/100|[from] item: Leftovers\n|upkeep\n|\n|t:|1700016573\n|switch|p2a: Rillaboom|Rillaboom, M|9\/100\n|-fieldstart|move: Grassy Terrain|[from] ability: Grassy Surge|[of] p2a: Rillaboom\n|turn|22\n|\n|t:|1700016580\n|move|p1a: Mamoswine|Protect|p1a: Mamoswine\n|-singleturn|p1a: Mamoswine|Protect\n|move|p2a: Rillaboom|Wood Hammer|p1a: Mamoswine\n|-activate|p1a: Mamoswine|move: Protect\n|\n|-heal|p2a: Rillaboom|15\/100|[from] Grassy Terrain\n|-heal|p1a: Mamoswine|27\/100|[from] Grassy Terrain\n|-heal|p1a: Mamoswine|33\/100|[from] item: Leftovers\n|upkeep\n|turn|23\n|\n|t:|1700016591\n|move|p1a: Mamoswine|Ice Shard|p2a: Rillaboom\n|-supereffective|p2a: Rillaboom\n|-damage|p2a: Rillaboom|0 fnt\n|faint|p2a: Rillaboom\n|\n|-heal|p1a: Mamoswine|40\/100|[from] Grassy Terrain\n|-heal|p1a: Mamoswine|46\/100|[from] item: Leftovers\n|upkeep\n|\n|t:|1700016600\n|switch|p2a: Clefable|Clefable, F|100\/100\n|turn|24\n|\n|t:|1700016609\n|move|p1a: Mamoswine|Icicle Crash|p2a: Clefable\n|-damage|p2a: Clefable|62\/100\n|move|p2a: Clefable|Moonblast|p1a: Mamoswine\n|-damage|p1a: Mamoswine|7\/100\n|\n|-heal|p1a: Mamoswine|13\/100|[from] Grassy Terrain\n|-heal|p1a: Mamoswine|19\/100|[from] item: Leftovers\n|-heal|p2a: Clefable|68\/100|[from] Grassy Terrain\n|-heal|p2a: Clefable|74\/100|[from] item: Leftovers\n|upkeep\n|turn|25\n|inactive|Joegirl has 120 seconds left.\n|\n|t:|1700016621\n|move|p1a: Mamoswine|Protect|p1a: Mamoswine\n|-singleturn|p1a: Mamoswine|Protect\n|move|p2a: Clefable|Cosmic Power|p2a: Clefable\n|-boost|p2a: Clefable|def|1\n|-boost|p2a: Clefable|spd|1\n|\n|-heal|p1a: Mamoswine|26\/100|[from] Grassy Terrain\n|-heal|p1a: Mamoswine|32\/100|[from] item: Leftovers\n|-heal|p2a: Clefable|80\/100|[from] Grassy Terrain\n|-heal|p2a: Clefable|86\/100|[from] item: Leftovers\n|upkeep\n|turn|26\n|inactive|Joegirl has 120 seconds left.\n|\n|t:|1700016632\n|switch|p1a: Kingambit|Kingambit, F|83\/100\n|-activate|p1a: Kingambit|ability: Supreme Overlord\n|-start|p1a: Kingambit|fallen2|[silent]\n|move|p2a: Clefable|Cosmic Power|p2a: Clefable\n|-boost|p2a: Clefable|def|1\n|-boost|p2a: Clefable|spd|1\n|\n|-heal|p1a: Kingambit|89\/100|[from] Grassy Terrain\n|-heal|p1a: Kingambit|95\/100|[from] item: Leftovers\n|-heal|p2a: Clefable|92\/100|[from] Grassy Terrain\n|-heal|p2a: Clefable|98\/100|[from] item: Leftovers\n|-fieldend|move: Grassy Terrain\n|upkeep\n|turn|27\n|inactive|Joegirl has 120 seconds left.\n|\n|t:|1700016647\n|move|p1a: Kingambit|Iron Head|p2a: Clefable\n|-supereffective|p2a: Clefable\n|-damage|p2a: Clefable|54\/100\n|cant|p2a: Clefable|flinch\n|\n|-heal|p1a: Kingambit|100\/100|[from] item: Leftovers\n|-heal|p2a: Clefable|60\/100|[from] item: Leftovers\n|upkeep\n|turn|28\n|inactive|Joegirl has 120 seconds left.\n|c|\u2606Joegirl|Ohhhh lock me\n|c|\u2606Joegirl|look at me\n|c|\u2606Joegirl|Lucky ass\n|c|\u2606Bigfo123|i guarantee if we did the math u still luckier with the crit\n|c|\u2606Joegirl|So skills just hacks\n|inactive|Joegirl has 90 seconds left.\n|\n|t:|1700016687\n|move|p1a: Kingambit|Iron Head|p2a: Clefable\n|-supereffective|p2a: Clefable\n|-damage|p2a: Clefable|18\/100\n|move|p2a: Clefable|Moonblast|p1a: Kingambit\n|-damage|p1a: Kingambit|64\/100\n|\n|-heal|p1a: Kingambit|70\/100|[from] item: Leftovers\n|-heal|p2a: Clefable|24\/100|[from] item: Leftovers\n|upkeep\n|turn|29\n|c|\u2606Bigfo123|no*\n|c|\u2606Bigfo123|dukbass\n|c|\u2606Bigfo123|lmao dumbass oops\n|inactive|Joegirl has 90 seconds left.\n|\n|t:|1700016698\n|move|p1a: Kingambit|Iron Head|p2a: Clefable\n|-supereffective|p2a: Clefable\n|-damage|p2a: Clefable|0 fnt\n|faint|p2a: Clefable\n|\n|-heal|p1a: Kingambit|76\/100|[from] item: Leftovers\n|upkeep\n|inactive|Joegirl has 90 seconds left.\n|\n|t:|1700016706\n|switch|p2a: Hawlucha|Hawlucha, F|100\/100\n|turn|30\n|\n|t:|1700016714\n|move|p2a: Hawlucha|Close Combat|p1a: Kingambit\n|-supereffective|p1a: Kingambit\n|-damage|p1a: Kingambit|0 fnt\n|-unboost|p2a: Hawlucha|def|1\n|-unboost|p2a: Hawlucha|spd|1\n|faint|p1a: Kingambit\n|-end|p1a: Kingambit|fallen2|[silent]\n|\n|upkeep\n|\n|t:|1700016718\n|switch|p1a: Sneasler|Sneasler, M|100\/100\n|turn|31\n|\n|t:|1700016730\n|switch|p2a: Sneasler|Sneasler, M|100\/100\n|move|p1a: Sneasler|Dire Claw|p2a: Sneasler\n|-resisted|p2a: Sneasler\n|-damage|p2a: Sneasler|70\/100\n|-status|p2a: Sneasler|slp\n|\n|upkeep\n|turn|32\n|c|\u2606Joegirl|You want to keep going\n|c|\u2606Bigfo123|that shit didnt matter\n|c|\u2606Bigfo123|i won anyways\n|inactive|Joegirl has 90 seconds left.\n|c|\u2606Joegirl|Lool get out of here\n|c|\u2606Bigfo123|100 percent i did\n|c|\u2606Joegirl|you\u2019ve had like 6 turns of luck\n|c|\u2606Joegirl|talking about it doesn\u2019t matter\n|inactive|Joegirl has 60 seconds left.\n|\n|t:|1700016791\n|switch|p1a: Cinderace|Cinderace, F|100\/100\n|cant|p2a: Sneasler|slp\n|\n|upkeep\n|turn|33\n|inactive|Joegirl has 60 seconds left.\n|c|\u2606Bigfo123|bro im poison touch dire claw sneasler and i been attacking with him like a mf\n|c|\u2606Bigfo123|cource ima get status\n|c|\u2606Bigfo123|thats just probability\n|c|\u2606Bigfo123|go to school\n|\n|t:|1700016813\n|move|p1a: Cinderace|Pyro Ball|p2a: Sneasler\n|-damage|p2a: Sneasler|0 fnt\n|faint|p2a: Sneasler\n|\n|upkeep\n|c|\u2606Bigfo123|oh and u adamant\n|c|\u2606Bigfo123|like u had a chance\n|n|!Bigfo123|bigfo123\n|c|\u2606Joegirl|Probability isnt 100 percent\n|inactive|Joegirl has 30 seconds left.\n|inactive|Joegirl has 20 seconds left.\n|inactive|Joegirl has 15 seconds left.\n|inactive|Joegirl has 10 seconds left.\n|inactive|Joegirl has 5 seconds left.\n|c|\u2606Joegirl|getting sleep turns and para into paralise or my hatterin setting up and immediately getting poisoned\n|\n|t:|1700016872\n|switch|p2a: Hawlucha|Hawlucha, F|100\/100\n|turn|34\n|inactive|Joegirl has 15 seconds left this turn.\n|\n|t:|1700016876\n|move|p1a: Cinderace|Pyro Ball|p2a: Hawlucha\n|-damage|p2a: Hawlucha|10\/100\n|move|p2a: Hawlucha|Swords Dance|p2a: Hawlucha\n|-boost|p2a: Hawlucha|atk|2\n|\n|upkeep\n|turn|35\n|inactive|Joegirl has 25 seconds left this turn.\n|inactive|Joegirl has 20 seconds left.\n|\n|t:|1700016882\n|move|p1a: Cinderace|Low Kick|p2a: Hawlucha\n|-start|p1a: Cinderace|typechange|Fighting|[from] ability: Libero\n|-resisted|p2a: Hawlucha\n|-damage|p2a: Hawlucha|0 fnt\n|faint|p2a: Hawlucha\n|\n|win|Bigfo123\n|inactive|Joegirl has 25 seconds left this turn.\n|raw|Bigfo123's rating: 1582 &rarr; <strong>1598<\/strong><br \/>(+16 for winning)\n|raw|Joegirl's rating: 1516 &rarr; <strong>1500<\/strong><br \/>(-16 for losing)\n","uploadtime":1700016824,"views":6,"p1id":"bigfo123","p2id":"joegirl","formatid":"gen9ou","rating":1500,"private":0,"password":""}