{"id":"gen9ou-1992405873","p1":"doodle0205","p2":"i luv chief keef","format":"[Gen 9] OU","log":"|j|\u2606doodle0205\n|j|\u2606i luv chief keef\n|t:|1700183816\n|gametype|singles\n|player|p1|doodle0205|266|1397\n|player|p2|i luv chief keef|2|1293\n|teamsize|p1|6\n|teamsize|p2|6\n|gen|9\n|tier|[Gen 9] OU\n|rated|\n|rule|Sleep Clause Mod: Limit one foe put to sleep\n|rule|Species Clause: Limit one of each Pok\u00e9mon\n|rule|OHKO Clause: OHKO moves are banned\n|rule|Evasion Items Clause: Evasion items are banned\n|rule|Evasion Moves Clause: Evasion moves are banned\n|rule|Endless Battle Clause: Forcing endless battles is banned\n|rule|HP Percentage Mod: HP is shown in percentages\n|clearpoke\n|poke|p1|Quaquaval, F|\n|poke|p1|Chandelure, F|\n|poke|p1|Dragapult, M|\n|poke|p1|Weezing-Galar, M|\n|poke|p1|Ting-Lu|\n|poke|p1|Hatterene, F|\n|poke|p2|Ceruledge, M|\n|poke|p2|Iron Valiant|\n|poke|p2|Garchomp, F|\n|poke|p2|Gholdengo|\n|poke|p2|Great Tusk|\n|poke|p2|Rotom-Wash|\n|teampreview\n|inactive|Battle timer is ON: inactive players will automatically lose when time's up. (requested by doodle0205)\n|\n|t:|1700183837\n|start\n|switch|p1a: Dragapult|Dragapult, M|100\/100\n|switch|p2a: BLICKY|Great Tusk|100\/100\n|turn|1\n|\n|t:|1700183842\n|-end|p2a: BLICKY|Protosynthesis|[silent]\n|switch|p2a: POUR UP DA WOK|Rotom-Wash|100\/100\n|move|p1a: Dragapult|Draco Meteor|p2a: POUR UP DA WOK\n|-damage|p2a: POUR UP DA WOK|36\/100\n|-unboost|p1a: Dragapult|spa|2\n|\n|-heal|p2a: POUR UP DA WOK|42\/100|[from] item: Leftovers\n|upkeep\n|turn|2\n|\n|t:|1700183851\n|switch|p1a: Hatterene|Hatterene, F|100\/100\n|move|p2a: POUR UP DA WOK|Protect||[still]\n|-fail|p2a: POUR UP DA WOK\n|\n|-heal|p2a: POUR UP DA WOK|49\/100|[from] item: Leftovers\n|upkeep\n|turn|3\n|\n|t:|1700183858\n|move|p2a: POUR UP DA WOK|Volt Switch|p1a: Hatterene\n|-damage|p1a: Hatterene|74\/100\n|\n|t:|1700183867\n|switch|p2a: SLIM JIM|Gholdengo|100\/100|[from] Volt Switch\n|move|p1a: Hatterene|Mystical Fire|p2a: SLIM JIM\n|-supereffective|p2a: SLIM JIM\n|-crit|p2a: SLIM JIM\n|-damage|p2a: SLIM JIM|16\/100\n|-unboost|p2a: SLIM JIM|spa|1\n|\n|-heal|p1a: Hatterene|80\/100|[from] item: Leftovers\n|upkeep\n|turn|4\n|\n|t:|1700183875\n|switch|p1a: Ting-Lu|Ting-Lu|100\/100\n|-ability|p1a: Ting-Lu|Vessel of Ruin\n|move|p2a: SLIM JIM|Trick|p1a: Ting-Lu\n|-activate|p2a: SLIM JIM|move: Trick|[of] p1a: Ting-Lu\n|-item|p1a: Ting-Lu|Choice Scarf|[from] move: Trick\n|-item|p2a: SLIM JIM|Leftovers|[from] move: Trick\n|\n|-heal|p2a: SLIM JIM|22\/100|[from] item: Leftovers\n|upkeep\n|turn|5\n|\n|t:|1700183889\n|switch|p2a: BLICKY|Great Tusk|100\/100\n|move|p1a: Ting-Lu|Spikes|p2a: BLICKY\n|-sidestart|p2: i luv chief keef|Spikes\n|\n|upkeep\n|turn|6\n|\n|t:|1700183894\n|switch|p1a: Dragapult|Dragapult, M|100\/100\n|move|p2a: BLICKY|Knock Off|p1a: Dragapult\n|-supereffective|p1a: Dragapult\n|-damage|p1a: Dragapult|0 fnt\n|-enditem|p1a: Dragapult|Choice Specs|[from] move: Knock Off|[of] p2a: BLICKY\n|faint|p1a: Dragapult\n|\n|upkeep\n|\n|t:|1700183898\n|switch|p1a: Chandelure|Chandelure, F|100\/100\n|turn|7\n|\n|t:|1700183906\n|-end|p2a: BLICKY|Protosynthesis|[silent]\n|switch|p2a: POUR UP DA WOK|Rotom-Wash|49\/100\n|move|p1a: Chandelure|Energy Ball|p2a: POUR UP DA WOK\n|-supereffective|p2a: POUR UP DA WOK\n|-damage|p2a: POUR UP DA WOK|0 fnt\n|faint|p2a: POUR UP DA WOK\n|\n|upkeep\n|\n|t:|1700183924\n|switch|p2a: BURNA BOY|Ceruledge, M|100\/100\n|turn|8\n|\n|t:|1700183928\n|switch|p1a: Ting-Lu|Ting-Lu|100\/100\n|-ability|p1a: Ting-Lu|Vessel of Ruin\n|move|p2a: BURNA BOY|Bulk Up|p2a: BURNA BOY\n|-boost|p2a: BURNA BOY|atk|1\n|-boost|p2a: BURNA BOY|def|1\n|\n|upkeep\n|turn|9\n|\n|t:|1700183939\n|move|p2a: BURNA BOY|Taunt|p1a: Ting-Lu\n|-start|p1a: Ting-Lu|move: Taunt\n|move|p1a: Ting-Lu|Earthquake|p2a: BURNA BOY\n|-supereffective|p2a: BURNA BOY\n|-damage|p2a: BURNA BOY|45\/100\n|\n|upkeep\n|turn|10\n|\n|t:|1700183946\n|-terastallize|p2a: BURNA BOY|Bug\n|move|p2a: BURNA BOY|Bitter Blade|p1a: Ting-Lu\n|-damage|p1a: Ting-Lu|71\/100\n|-heal|p2a: BURNA BOY|66\/100|[from] drain|[of] p1a: Ting-Lu\n|move|p1a: Ting-Lu|Earthquake|p2a: BURNA BOY\n|-resisted|p2a: BURNA BOY\n|-damage|p2a: BURNA BOY|52\/100\n|\n|upkeep\n|turn|11\n|\n|t:|1700183955\n|switch|p1a: Chandelure|Chandelure, F|100\/100\n|move|p2a: BURNA BOY|Bulk Up|p2a: BURNA BOY\n|-boost|p2a: BURNA BOY|atk|1\n|-boost|p2a: BURNA BOY|def|1\n|\n|upkeep\n|turn|12\n|\n|t:|1700183960\n|-terastallize|p1a: Chandelure|Ghost\n|move|p2a: BURNA BOY|Shadow Sneak|p1a: Chandelure\n|-supereffective|p1a: Chandelure\n|-damage|p1a: Chandelure|1\/100\n|move|p1a: Chandelure|Shadow Ball|p2a: BURNA BOY\n|-damage|p2a: BURNA BOY|11\/100\n|\n|upkeep\n|turn|13\n|\n|t:|1700183968\n|switch|p1a: Quaquaval|Quaquaval, F|100\/100\n|move|p2a: BURNA BOY|Shadow Sneak|p1a: Quaquaval\n|-damage|p1a: Quaquaval|73\/100\n|\n|-heal|p1a: Quaquaval|79\/100|[from] item: Leftovers\n|upkeep\n|turn|14\n|\n|t:|1700183974\n|move|p2a: BURNA BOY|Shadow Sneak|p1a: Quaquaval\n|-damage|p1a: Quaquaval|50\/100\n|move|p1a: Quaquaval|Aqua Step|p2a: BURNA BOY\n|-damage|p2a: BURNA BOY|0 fnt\n|-boost|p1a: Quaquaval|spe|1\n|faint|p2a: BURNA BOY\n|-ability|p1a: Quaquaval|Moxie|boost\n|-boost|p1a: Quaquaval|atk|1\n|\n|-heal|p1a: Quaquaval|56\/100|[from] item: Leftovers\n|upkeep\n|\n|t:|1700183983\n|switch|p2a: SHARK BAIT|Garchomp, F|100\/100\n|-damage|p2a: SHARK BAIT|88\/100|[from] Spikes\n|turn|15\n|\n|t:|1700183989\n|move|p1a: Quaquaval|Roost|p1a: Quaquaval\n|-heal|p1a: Quaquaval|100\/100\n|-singleturn|p1a: Quaquaval|move: Roost\n|move|p2a: SHARK BAIT|Earthquake|p1a: Quaquaval\n|-damage|p1a: Quaquaval|65\/100\n|\n|-heal|p1a: Quaquaval|71\/100|[from] item: Leftovers\n|upkeep\n|turn|16\n|\n|t:|1700183995\n|move|p1a: Quaquaval|Bulk Up|p1a: Quaquaval\n|-boost|p1a: Quaquaval|atk|1\n|-boost|p1a: Quaquaval|def|1\n|move|p2a: SHARK BAIT|Dragon Tail|p1a: Quaquaval\n|-damage|p1a: Quaquaval|57\/100\n|drag|p1a: Chandelure|Chandelure, F, tera:Ghost|1\/100\n|\n|upkeep\n|turn|17\n|\n|t:|1700184005\n|switch|p1a: Hatterene|Hatterene, F|80\/100\n|move|p2a: SHARK BAIT|Earthquake|p1a: Hatterene\n|-damage|p1a: Hatterene|45\/100\n|\n|-heal|p1a: Hatterene|51\/100|[from] item: Leftovers\n|upkeep\n|turn|18\n|\n|t:|1700184012\n|move|p2a: SHARK BAIT|Earthquake|p1a: Hatterene\n|-damage|p1a: Hatterene|17\/100\n|move|p1a: Hatterene|Draining Kiss|p2a: SHARK BAIT\n|-supereffective|p2a: SHARK BAIT\n|-damage|p2a: SHARK BAIT|49\/100\n|-heal|p1a: Hatterene|55\/100|[from] drain|[of] p2a: SHARK BAIT\n|-damage|p1a: Hatterene|43\/100|[from] ability: Rough Skin|[of] p2a: SHARK BAIT\n|-damage|p1a: Hatterene|26\/100|[from] item: Rocky Helmet|[of] p2a: SHARK BAIT\n|\n|-heal|p1a: Hatterene|32\/100|[from] item: Leftovers\n|upkeep\n|turn|19\n|\n|t:|1700184022\n|switch|p1a: Ting-Lu|Ting-Lu|71\/100\n|-ability|p1a: Ting-Lu|Vessel of Ruin\n|move|p2a: SHARK BAIT|Earthquake|p1a: Ting-Lu\n|-damage|p1a: Ting-Lu|47\/100\n|\n|upkeep\n|turn|20\n|\n|t:|1700184029\n|move|p2a: SHARK BAIT|Stealth Rock|p1a: Ting-Lu\n|-sidestart|p1: doodle0205|move: Stealth Rock\n|move|p1a: Ting-Lu|Earthquake|p2a: SHARK BAIT\n|-damage|p2a: SHARK BAIT|18\/100\n|\n|upkeep\n|turn|21\n|\n|t:|1700184035\n|move|p2a: SHARK BAIT|Earthquake|p1a: Ting-Lu\n|-damage|p1a: Ting-Lu|26\/100\n|move|p1a: Ting-Lu|Earthquake|p2a: SHARK BAIT\n|-damage|p2a: SHARK BAIT|0 fnt\n|faint|p2a: SHARK BAIT\n|\n|upkeep\n|\n|t:|1700184042\n|switch|p2a: BLICKY|Great Tusk|100\/100\n|turn|22\n|\n|t:|1700184046\n|switch|p1a: Weezing|Weezing-Galar, M|100\/100\n|-ability|p1a: Weezing|Neutralizing Gas\n|move|p2a: BLICKY|Rapid Spin|p1a: Weezing\n|-damage|p1a: Weezing|87\/100\n|-boost|p2a: BLICKY|spe|1\n|-sideend|p2: i luv chief keef|Spikes|[from] move: Rapid Spin|[of] p2a: BLICKY\n|\n|upkeep\n|turn|23\n|\n|t:|1700184054\n|move|p2a: BLICKY|Headlong Rush|p1a: Weezing\n|-supereffective|p1a: Weezing\n|-damage|p1a: Weezing|0 fnt\n|-unboost|p2a: BLICKY|def|1\n|-unboost|p2a: BLICKY|spd|1\n|faint|p1a: Weezing\n|-end|p1a: Weezing|ability: Neutralizing Gas\n|\n|upkeep\n|\n|t:|1700184057\n|switch|p1a: Quaquaval|Quaquaval, F|57\/100\n|-damage|p1a: Quaquaval|51\/100|[from] Stealth Rock\n|turn|24\n|\n|t:|1700184063\n|move|p2a: BLICKY|Headlong Rush|p1a: Quaquaval\n|-damage|p1a: Quaquaval|0 fnt\n|-unboost|p2a: BLICKY|def|1\n|-unboost|p2a: BLICKY|spd|1\n|faint|p1a: Quaquaval\n|\n|upkeep\n|c|\u2606i luv chief keef|gg\n|-message|doodle0205 forfeited.\n|\n|win|i luv chief keef\n|raw|doodle0205's rating: 1397 &rarr; <strong>1371<\/strong><br \/>(-26 for losing)\n|raw|i luv chief keef's rating: 1293 &rarr; <strong>1325<\/strong><br \/>(+32 for winning)\n|l|\u2606doodle0205\n","uploadtime":1700184259,"views":122,"p1id":"doodle0205","p2id":"iluvchiefkeef","formatid":"gen9ou","rating":1325,"private":0,"password":""}