{"id":"gen9ou-1997676526","p1":"VanhominTest","p2":"C0LDBREW","format":"[Gen 9] OU","log":"|j|\u2606VanhominTest\n|j|\u2606C0LDBREW\n|t:|1700840628\n|gametype|singles\n|player|p1|VanhominTest|scientist-gen4|1383\n|player|p2|C0LDBREW|1|1350\n|teamsize|p1|6\n|teamsize|p2|6\n|gen|9\n|tier|[Gen 9] OU\n|rated|\n|rule|Sleep Clause Mod: Limit one foe put to sleep\n|rule|Species Clause: Limit one of each Pok\u00e9mon\n|rule|OHKO Clause: OHKO moves are banned\n|rule|Evasion Items Clause: Evasion items are banned\n|rule|Evasion Moves Clause: Evasion moves are banned\n|rule|Endless Battle Clause: Forcing endless battles is banned\n|rule|HP Percentage Mod: HP is shown in percentages\n|clearpoke\n|poke|p1|Ditto|\n|poke|p1|Ninetales-Alola, M|\n|poke|p1|Garganacl, M|\n|poke|p1|Ursaluna, M|\n|poke|p1|Enamorus, F|\n|poke|p1|Corviknight, F|\n|poke|p2|Rillaboom, F|\n|poke|p2|Volcanion|\n|poke|p2|Kingambit, F|\n|poke|p2|Great Tusk|\n|poke|p2|Zapdos|\n|poke|p2|Slowking-Galar, M|\n|teampreview\n|inactive|Battle timer is ON: inactive players will automatically lose when time's up. (requested by VanhominTest)\n|\n|t:|1700840634\n|start\n|switch|p1a: Giiwedin|Ninetales-Alola, M|100\/100\n|switch|p2a: Volcanion|Volcanion|100\/100\n|-weather|Snow|[from] ability: Snow Warning|[of] p1a: Giiwedin\n|turn|1\n|\n|t:|1700840638\n|move|p1a: Giiwedin|Aurora Veil|p1a: Giiwedin\n|-sidestart|p1: VanhominTest|move: Aurora Veil\n|move|p2a: Volcanion|Overheat|p1a: Giiwedin\n|-supereffective|p1a: Giiwedin\n|-damage|p1a: Giiwedin|4\/100\n|-unboost|p2a: Volcanion|spa|2\n|\n|-weather|Snow|[upkeep]\n|upkeep\n|turn|2\n|\n|t:|1700840654\n|move|p1a: Giiwedin|Encore|p2a: Volcanion\n|-start|p2a: Volcanion|Encore\n|move|p2a: Volcanion|Overheat|p1a: Giiwedin\n|-supereffective|p1a: Giiwedin\n|-damage|p1a: Giiwedin|0 fnt\n|-unboost|p2a: Volcanion|spa|2\n|faint|p1a: Giiwedin\n|\n|-weather|Snow|[upkeep]\n|upkeep\n|\n|t:|1700840660\n|switch|p1a: Enamorus|Enamorus, F|100\/100\n|turn|3\n|\n|t:|1700840663\n|switch|p2a: Slowking|Slowking-Galar, M, shiny|100\/100\n|move|p1a: Enamorus|Substitute|p1a: Enamorus\n|-start|p1a: Enamorus|Substitute\n|-damage|p1a: Enamorus|76\/100\n|\n|-weather|Snow|[upkeep]\n|-heal|p1a: Enamorus|82\/100|[from] item: Leftovers\n|upkeep\n|turn|4\n|\n|t:|1700840666\n|move|p1a: Enamorus|Calm Mind|p1a: Enamorus\n|-boost|p1a: Enamorus|spa|1\n|-boost|p1a: Enamorus|spd|1\n|move|p2a: Slowking|Sludge Bomb|p1a: Enamorus\n|-supereffective|p1a: Enamorus\n|-end|p1a: Enamorus|Substitute\n|\n|-weather|Snow|[upkeep]\n|-heal|p1a: Enamorus|88\/100|[from] item: Leftovers\n|upkeep\n|turn|5\n|\n|t:|1700840669\n|move|p1a: Enamorus|Calm Mind|p1a: Enamorus\n|-boost|p1a: Enamorus|spa|1\n|-boost|p1a: Enamorus|spd|1\n|move|p2a: Slowking|Sludge Bomb|p1a: Enamorus\n|-supereffective|p1a: Enamorus\n|-damage|p1a: Enamorus|61\/100\n|\n|-weather|none\n|-heal|p1a: Enamorus|67\/100|[from] item: Leftovers\n|upkeep\n|turn|6\n|\n|t:|1700840676\n|move|p1a: Enamorus|Earth Power|p2a: Slowking\n|-supereffective|p2a: Slowking\n|-damage|p2a: Slowking|14\/100\n|-enditem|p2a: Slowking|Red Card|[of] p1a: Enamorus\n|drag|p1a: Makwa|Ursaluna, M, shiny|100\/100\n|move|p2a: Slowking|Sludge Bomb|p1a: Makwa\n|-resisted|p1a: Makwa\n|-damage|p1a: Makwa|93\/100\n|\n|-status|p1a: Makwa|brn|[from] item: Flame Orb\n|upkeep\n|turn|7\n|\n|t:|1700840683\n|switch|p2a: Rillaboom|Rillaboom, F, shiny|100\/100\n|-fieldstart|move: Grassy Terrain|[from] ability: Grassy Surge|[of] p2a: Rillaboom\n|move|p1a: Makwa|Facade|p2a: Rillaboom\n|-damage|p2a: Rillaboom|0 fnt\n|faint|p2a: Rillaboom\n|\n|-heal|p1a: Makwa|99\/100 brn|[from] Grassy Terrain\n|-damage|p1a: Makwa|93\/100 brn|[from] brn\n|upkeep\n|\n|t:|1700840690\n|switch|p2a: Slowking|Slowking-Galar, M, shiny|47\/100\n|turn|8\n|\n|t:|1700840694\n|switch|p2a: Zapdos|Zapdos, shiny|100\/100\n|move|p1a: Makwa|Facade|p2a: Zapdos\n|-damage|p2a: Zapdos|0 fnt\n|faint|p2a: Zapdos\n|\n|-heal|p1a: Makwa|99\/100 brn|[from] Grassy Terrain\n|-damage|p1a: Makwa|93\/100 brn|[from] brn\n|-sideend|p1: VanhominTest|move: Aurora Veil\n|upkeep\n|\n|t:|1700840705\n|switch|p2a: Volcanion|Volcanion|100\/100\n|turn|9\n|\n|t:|1700840708\n|-terastallize|p2a: Volcanion|Ground\n|-terastallize|p1a: Makwa|Normal\n|move|p2a: Volcanion|Steam Eruption|p1a: Makwa\n|-damage|p1a: Makwa|18\/100 brn\n|move|p1a: Makwa|Facade|p2a: Volcanion\n|-damage|p2a: Volcanion|0 fnt\n|faint|p2a: Volcanion\n|\n|-heal|p1a: Makwa|24\/100 brn|[from] Grassy Terrain\n|-damage|p1a: Makwa|18\/100 brn|[from] brn\n|upkeep\n|\n|t:|1700840719\n|switch|p2a: Kingambit|Kingambit, F, shiny|100\/100\n|-activate|p2a: Kingambit|ability: Supreme Overlord\n|-start|p2a: Kingambit|fallen3|[silent]\n|turn|10\n|\n|t:|1700840734\n|switch|p1a: Mordred|Corviknight, F|100\/100\n|-ability|p1a: Mordred|Pressure\n|move|p2a: Kingambit|Kowtow Cleave|p1a: Mordred\n|-damage|p1a: Mordred|60\/100\n|-damage|p2a: Kingambit|84\/100|[from] item: Rocky Helmet|[of] p1a: Mordred\n|\n|-heal|p2a: Kingambit|90\/100|[from] Grassy Terrain\n|-heal|p2a: Kingambit|96\/100|[from] item: Leftovers\n|upkeep\n|turn|11\n|\n|t:|1700840743\n|-end|p2a: Kingambit|fallen3|[silent]\n|switch|p2a: Slowking|Slowking-Galar, M, shiny|81\/100\n|move|p1a: Mordred|Roost|p1a: Mordred\n|-heal|p1a: Mordred|100\/100\n|-singleturn|p1a: Mordred|move: Roost\n|\n|-heal|p2a: Slowking|87\/100|[from] Grassy Terrain\n|-fieldend|move: Grassy Terrain\n|upkeep\n|turn|12\n|\n|t:|1700840747\n|move|p1a: Mordred|U-turn|p2a: Slowking\n|-crit|p2a: Slowking\n|-damage|p2a: Slowking|65\/100\n|\n|t:|1700840752\n|switch|p1a: Catalyst|Garganacl, M|100\/100|[from] U-turn\n|move|p2a: Slowking|Future Sight|p1a: Catalyst\n|-start|p2a: Slowking|move: Future Sight\n|\n|upkeep\n|turn|13\n|\n|t:|1700840757\n|move|p1a: Catalyst|Salt Cure|p2a: Slowking\n|-damage|p2a: Slowking|51\/100\n|-start|p2a: Slowking|Salt Cure\n|move|p2a: Slowking|Chilly Reception|p2a: Slowking\n|-weather|Snow\n|\n|t:|1700840764\n|switch|p2a: Great Tusk|Great Tusk|100\/100|[from] Chilly Reception\n|-enditem|p2a: Great Tusk|Booster Energy\n|-activate|p2a: Great Tusk|ability: Protosynthesis|[fromitem]\n|-start|p2a: Great Tusk|protosynthesisspe\n|\n|-weather|Snow|[upkeep]\n|upkeep\n|turn|14\n|\n|t:|1700840768\n|switch|p1a: Mordred|Corviknight, F|100\/100\n|-ability|p1a: Mordred|Pressure\n|move|p2a: Great Tusk|Bulk Up|p2a: Great Tusk\n|-boost|p2a: Great Tusk|atk|1\n|-boost|p2a: Great Tusk|def|1\n|\n|-weather|Snow|[upkeep]\n|-end|p1a: Mordred|move: Future Sight\n|-resisted|p1a: Mordred\n|-damage|p1a: Mordred|77\/100\n|upkeep\n|turn|15\n|\n|t:|1700840773\n|move|p2a: Great Tusk|Ice Spinner|p1a: Mordred\n|-damage|p1a: Mordred|56\/100\n|-damage|p2a: Great Tusk|84\/100|[from] item: Rocky Helmet|[of] p1a: Mordred\n|move|p1a: Mordred|U-turn|p2a: Great Tusk\n|-resisted|p2a: Great Tusk\n|-damage|p2a: Great Tusk|81\/100\n|\n|t:|1700840791\n|switch|p1a: Catalyst|Garganacl, M|100\/100|[from] U-turn\n|\n|-weather|Snow|[upkeep]\n|upkeep\n|turn|16\n|\n|t:|1700840796\n|move|p2a: Great Tusk|Headlong Rush|p1a: Catalyst\n|-supereffective|p1a: Catalyst\n|-damage|p1a: Catalyst|5\/100\n|-unboost|p2a: Great Tusk|def|1\n|-unboost|p2a: Great Tusk|spd|1\n|move|p1a: Catalyst|Salt Cure|p2a: Great Tusk\n|-resisted|p2a: Great Tusk\n|-damage|p2a: Great Tusk|79\/100\n|-start|p2a: Great Tusk|Salt Cure\n|\n|-weather|Snow|[upkeep]\n|-heal|p1a: Catalyst|12\/100|[from] item: Leftovers\n|-damage|p2a: Great Tusk|66\/100|[from] Salt Cure\n|upkeep\n|turn|17\n|\n|t:|1700840808\n|move|p2a: Great Tusk|Bulk Up|p2a: Great Tusk\n|-boost|p2a: Great Tusk|atk|1\n|-boost|p2a: Great Tusk|def|1\n|move|p1a: Catalyst|Recover|p1a: Catalyst\n|-heal|p1a: Catalyst|62\/100\n|\n|-weather|none\n|-heal|p1a: Catalyst|68\/100|[from] item: Leftovers\n|-damage|p2a: Great Tusk|54\/100|[from] Salt Cure\n|upkeep\n|turn|18\n|\n|t:|1700840813\n|move|p2a: Great Tusk|Headlong Rush|p1a: Catalyst\n|-supereffective|p1a: Catalyst\n|-damage|p1a: Catalyst|0 fnt\n|-unboost|p2a: Great Tusk|def|1\n|-unboost|p2a: Great Tusk|spd|1\n|faint|p1a: Catalyst\n|\n|-damage|p2a: Great Tusk|42\/100|[from] Salt Cure\n|upkeep\n|\n|t:|1700840824\n|switch|p1a: Mordred|Corviknight, F|56\/100\n|-ability|p1a: Mordred|Pressure\n|turn|19\n|\n|t:|1700840827\n|move|p2a: Great Tusk|Ice Spinner|p1a: Mordred\n|-damage|p1a: Mordred|29\/100\n|-damage|p2a: Great Tusk|25\/100|[from] item: Rocky Helmet|[of] p1a: Mordred\n|move|p1a: Mordred|Roost|p1a: Mordred\n|-heal|p1a: Mordred|79\/100\n|-singleturn|p1a: Mordred|move: Roost\n|\n|-damage|p2a: Great Tusk|12\/100|[from] Salt Cure\n|upkeep\n|turn|20\n|\n|t:|1700840833\n|move|p2a: Great Tusk|Ice Spinner|p1a: Mordred\n|-damage|p1a: Mordred|50\/100\n|-damage|p2a: Great Tusk|0 fnt|[from] item: Rocky Helmet|[of] p1a: Mordred\n|faint|p2a: Great Tusk\n|-end|p2a: Great Tusk|Protosynthesis|[silent]\n|move|p1a: Mordred|Roost|p1a: Mordred\n|-heal|p1a: Mordred|99\/100\n|-singleturn|p1a: Mordred|move: Roost\n|\n|upkeep\n|\n|t:|1700840836\n|switch|p2a: Slowking|Slowking-Galar, M, shiny|85\/100\n|turn|21\n|\n|t:|1700840840\n|move|p1a: Mordred|U-turn|p2a: Slowking\n|-damage|p2a: Slowking|69\/100\n|\n|t:|1700840844\n|switch|p1a: Recursion|Ditto|100\/100|[from] U-turn\n|-transform|p1a: Recursion|p2a: Slowking|[from] ability: Imposter\n|move|p2a: Slowking|Future Sight|p1a: Recursion\n|-start|p2a: Slowking|move: Future Sight\n|\n|upkeep\n|turn|22\n|\n|t:|1700840849\n|move|p1a: Recursion|Flamethrower|p2a: Slowking\n|-crit|p2a: Slowking\n|-damage|p2a: Slowking|45\/100\n|move|p2a: Slowking|Chilly Reception|p2a: Slowking\n|-weather|Snow\n|\n|t:|1700840852\n|switch|p2a: Kingambit|Kingambit, F, shiny|96\/100|[from] Chilly Reception\n|-activate|p2a: Kingambit|ability: Supreme Overlord\n|-start|p2a: Kingambit|fallen4|[silent]\n|\n|-weather|Snow|[upkeep]\n|-heal|p2a: Kingambit|100\/100|[from] item: Leftovers\n|upkeep\n|turn|23\n|\n|t:|1700840856\n|switch|p1a: Mordred|Corviknight, F|99\/100\n|-ability|p1a: Mordred|Pressure\n|move|p2a: Kingambit|Kowtow Cleave|p1a: Mordred\n|-damage|p1a: Mordred|62\/100\n|-damage|p2a: Kingambit|84\/100|[from] item: Rocky Helmet|[of] p1a: Mordred\n|\n|-weather|Snow|[upkeep]\n|-end|p1a: Mordred|move: Future Sight\n|-resisted|p1a: Mordred\n|-damage|p1a: Mordred|37\/100\n|-heal|p2a: Kingambit|90\/100|[from] item: Leftovers\n|upkeep\n|turn|24\n|\n|t:|1700840873\n|move|p2a: Kingambit|Kowtow Cleave|p1a: Mordred\n|-damage|p1a: Mordred|0 fnt\n|-damage|p2a: Kingambit|74\/100|[from] item: Rocky Helmet|[of] p1a: Mordred\n|faint|p1a: Mordred\n|\n|-weather|Snow|[upkeep]\n|-heal|p2a: Kingambit|80\/100|[from] item: Leftovers\n|upkeep\n|\n|t:|1700840875\n|switch|p1a: Enamorus|Enamorus, F|67\/100\n|turn|25\n|\n|t:|1700840897\n|move|p1a: Enamorus|Substitute|p1a: Enamorus\n|-start|p1a: Enamorus|Substitute\n|-damage|p1a: Enamorus|42\/100\n|move|p2a: Kingambit|Iron Head|p1a: Enamorus\n|-supereffective|p1a: Enamorus\n|-end|p1a: Enamorus|Substitute\n|\n|-weather|Snow|[upkeep]\n|-heal|p1a: Enamorus|49\/100|[from] item: Leftovers\n|-heal|p2a: Kingambit|86\/100|[from] item: Leftovers\n|upkeep\n|turn|26\n|\n|t:|1700840903\n|move|p1a: Enamorus|Substitute|p1a: Enamorus\n|-start|p1a: Enamorus|Substitute\n|-damage|p1a: Enamorus|24\/100\n|move|p2a: Kingambit|Iron Head|p1a: Enamorus\n|-supereffective|p1a: Enamorus\n|-end|p1a: Enamorus|Substitute\n|\n|-weather|none\n|-heal|p1a: Enamorus|30\/100|[from] item: Leftovers\n|-heal|p2a: Kingambit|92\/100|[from] item: Leftovers\n|upkeep\n|turn|27\n|\n|t:|1700840909\n|move|p1a: Enamorus|Earth Power|p2a: Kingambit\n|-supereffective|p2a: Kingambit\n|-damage|p2a: Kingambit|19\/100\n|move|p2a: Kingambit|Iron Head|p1a: Enamorus\n|-supereffective|p1a: Enamorus\n|-damage|p1a: Enamorus|0 fnt\n|faint|p1a: Enamorus\n|\n|-heal|p2a: Kingambit|25\/100|[from] item: Leftovers\n|upkeep\n|\n|t:|1700840913\n|switch|p1a: Recursion|Ditto|100\/100\n|-transform|p1a: Recursion|p2a: Kingambit|[from] ability: Imposter\n|-activate|p1a: Recursion|ability: Supreme Overlord\n|-start|p1a: Recursion|fallen4|[silent]\n|turn|28\n|\n|t:|1700840917\n|move|p2a: Kingambit|Sucker Punch|p1a: Recursion\n|-resisted|p1a: Recursion\n|-damage|p1a: Recursion|71\/100\n|move|p1a: Recursion|Kowtow Cleave|p2a: Kingambit\n|-resisted|p2a: Kingambit\n|-damage|p2a: Kingambit|0 fnt\n|faint|p2a: Kingambit\n|-end|p2a: Kingambit|fallen4|[silent]\n|\n|upkeep\n|\n|t:|1700840920\n|switch|p2a: Slowking|Slowking-Galar, M, shiny|78\/100\n|turn|29\n|\n|t:|1700840923\n|move|p1a: Recursion|Kowtow Cleave|p2a: Slowking\n|-supereffective|p2a: Slowking\n|-damage|p2a: Slowking|0 fnt\n|faint|p2a: Slowking\n|\n|win|VanhominTest\n|raw|VanhominTest's rating: 1383 &rarr; <strong>1401<\/strong><br \/>(+18 for winning)\n|raw|C0LDBREW's rating: 1350 &rarr; <strong>1332<\/strong><br \/>(-18 for losing)\n|l|\u2606C0LDBREW\n","uploadtime":1700840927,"views":4,"p1id":"vanhomintest","p2id":"c0ldbrew","formatid":"gen9ou","rating":1332,"private":0,"password":""}