{"id":"gen9ou-1996949223","p1":"Power Panpour","p2":"Qriosity7","format":"[Gen 9] OU","log":"|j|\u2606Power Panpour\n|j|\u2606Qriosity7\n|t:|1700748544\n|gametype|singles\n|player|p1|Power Panpour|ingo|1021\n|player|p2|Qriosity7|1|1048\n|teamsize|p1|6\n|teamsize|p2|6\n|gen|9\n|tier|[Gen 9] OU\n|rated|\n|rule|Sleep Clause Mod: Limit one foe put to sleep\n|rule|Species Clause: Limit one of each Pok\u00e9mon\n|rule|OHKO Clause: OHKO moves are banned\n|rule|Evasion Items Clause: Evasion items are banned\n|rule|Evasion Moves Clause: Evasion moves are banned\n|rule|Endless Battle Clause: Forcing endless battles is banned\n|rule|HP Percentage Mod: HP is shown in percentages\n|clearpoke\n|poke|p1|Landorus-Therian, M|\n|poke|p1|Iron Valiant|\n|poke|p1|Blissey, F|\n|poke|p1|Great Tusk|\n|poke|p1|Zapdos|\n|poke|p1|Alomomola, M|\n|poke|p2|Iron Valiant|\n|poke|p2|Gholdengo|\n|poke|p2|Samurott-Hisui, M|\n|poke|p2|Kommo-o, M|\n|poke|p2|Grimmsnarl, M|\n|poke|p2|Thundurus-Therian, M|\n|teampreview\n|inactive|Battle timer is ON: inactive players will automatically lose when time's up. (requested by Power Panpour)\n|\n|t:|1700748565\n|start\n|switch|p1a: ye|Iron Valiant|100\/100\n|switch|p2a: Thundurus|Thundurus-Therian, M|100\/100\n|turn|1\n|\n|t:|1700748587\n|move|p1a: ye|Moonblast|p2a: Thundurus\n|-damage|p2a: Thundurus|9\/100\n|-enditem|p2a: Thundurus|Sitrus Berry|[eat]\n|-heal|p2a: Thundurus|34\/100|[from] item: Sitrus Berry\n|-damage|p1a: ye|91\/100|[from] item: Life Orb\n|move|p2a: Thundurus|Agility|p2a: Thundurus\n|-boost|p2a: Thundurus|spe|2\n|\n|upkeep\n|turn|2\n|inactive|Qriosity7 has 120 seconds left.\n|\n|t:|1700748610\n|switch|p2a: Gholdengo|Gholdengo|100\/100\n|-end|p1a: ye|Quark Drive|[silent]\n|switch|p1a: Is but a bliss|Blissey, F|100\/100\n|\n|upkeep\n|turn|3\n|inactive|Qriosity7 has 120 seconds left.\n|\n|t:|1700748622\n|switch|p2a: Kommo-o|Kommo-o, M|100\/100\n|move|p1a: Is but a bliss|Calm Mind|p1a: Is but a bliss\n|-boost|p1a: Is but a bliss|spa|1\n|-boost|p1a: Is but a bliss|spd|1\n|\n|upkeep\n|turn|4\n|\n|t:|1700748628\n|switch|p1a: I'm so back baby|Landorus-Therian, M|100\/100\n|-ability|p1a: I'm so back baby|Intimidate|boost\n|-unboost|p2a: Kommo-o|atk|1\n|move|p2a: Kommo-o|Close Combat|p1a: I'm so back baby\n|-resisted|p1a: I'm so back baby\n|-damage|p1a: I'm so back baby|81\/100\n|-unboost|p2a: Kommo-o|def|1\n|-unboost|p2a: Kommo-o|spd|1\n|\n|-heal|p1a: I'm so back baby|87\/100|[from] item: Leftovers\n|upkeep\n|turn|5\n|\n|t:|1700748641\n|switch|p2a: Grimmsnarl|Grimmsnarl, M|100\/100\n|move|p1a: I'm so back baby|Stealth Rock|p2a: Grimmsnarl\n|-sidestart|p2: Qriosity7|move: Stealth Rock\n|\n|-heal|p1a: I'm so back baby|93\/100|[from] item: Leftovers\n|upkeep\n|turn|6\n|\n|t:|1700748651\n|move|p2a: Grimmsnarl|Reflect|p2a: Grimmsnarl\n|-sidestart|p2: Qriosity7|Reflect\n|move|p1a: I'm so back baby|Taunt|p2a: Grimmsnarl\n|-start|p2a: Grimmsnarl|move: Taunt\n|\n|-heal|p1a: I'm so back baby|99\/100|[from] item: Leftovers\n|upkeep\n|turn|7\n|inactive|Qriosity7 has 120 seconds left.\n|\n|t:|1700748675\n|switch|p2a: Samurott|Samurott-Hisui, M|100\/100\n|-damage|p2a: Samurott|88\/100|[from] Stealth Rock\n|move|p1a: I'm so back baby|U-turn|p2a: Samurott\n|-supereffective|p2a: Samurott\n|-damage|p2a: Samurott|58\/100\n|\n|t:|1700748684\n|switch|p1a: ye|Iron Valiant|91\/100|[from] U-turn\n|\n|upkeep\n|turn|8\n|inactive|Qriosity7 has 120 seconds left.\n|\n|t:|1700748703\n|switch|p2a: Gholdengo|Gholdengo|100\/100\n|-damage|p2a: Gholdengo|94\/100|[from] Stealth Rock\n|move|p1a: ye|Moonblast|p2a: Gholdengo\n|-resisted|p2a: Gholdengo\n|-damage|p2a: Gholdengo|63\/100\n|-damage|p1a: ye|81\/100|[from] item: Life Orb\n|\n|upkeep\n|turn|9\n|inactive|Qriosity7 has 120 seconds left.\n|\n|t:|1700748714\n|switch|p2a: Kommo-o|Kommo-o, M|100\/100\n|-damage|p2a: Kommo-o|94\/100|[from] Stealth Rock\n|move|p1a: ye|Shadow Ball|p2a: Kommo-o\n|-immune|p2a: Kommo-o|[from] ability: Bulletproof\n|\n|upkeep\n|turn|10\n|inactive|Qriosity7 has 120 seconds left.\n|\n|t:|1700748735\n|switch|p2a: Gholdengo|Gholdengo|63\/100\n|-damage|p2a: Gholdengo|57\/100|[from] Stealth Rock\n|move|p1a: ye|Moonblast|p2a: Gholdengo\n|-resisted|p2a: Gholdengo\n|-damage|p2a: Gholdengo|27\/100\n|-damage|p1a: ye|71\/100|[from] item: Life Orb\n|\n|upkeep\n|turn|11\n|\n|t:|1700748747\n|move|p1a: ye|Shadow Ball|p2a: Gholdengo\n|-supereffective|p2a: Gholdengo\n|-damage|p2a: Gholdengo|0 fnt\n|faint|p2a: Gholdengo\n|-damage|p1a: ye|62\/100|[from] item: Life Orb\n|\n|upkeep\n|\n|t:|1700748759\n|switch|p2a: Iron Valiant|Iron Valiant|100\/100\n|-damage|p2a: Iron Valiant|94\/100|[from] Stealth Rock\n|-enditem|p2a: Iron Valiant|Booster Energy\n|-activate|p2a: Iron Valiant|ability: Quark Drive|[fromitem]\n|-start|p2a: Iron Valiant|quarkdrivespe\n|turn|12\n|\n|t:|1700748769\n|move|p2a: Iron Valiant|Spirit Break|p1a: ye\n|-supereffective|p1a: ye\n|-damage|p1a: ye|0 fnt\n|faint|p1a: ye\n|-end|p1a: ye|Quark Drive|[silent]\n|\n|upkeep\n|\n|t:|1700748774\n|switch|p1a: I'm so back baby|Landorus-Therian, M|99\/100\n|-ability|p1a: I'm so back baby|Intimidate|boost\n|-unboost|p2a: Iron Valiant|atk|1\n|turn|13\n|\n|t:|1700748788\n|move|p2a: Iron Valiant|Knock Off|p1a: I'm so back baby\n|-damage|p1a: I'm so back baby|78\/100\n|-enditem|p1a: I'm so back baby|Leftovers|[from] move: Knock Off|[of] p2a: Iron Valiant\n|move|p1a: I'm so back baby|Earthquake|p2a: Iron Valiant\n|-damage|p2a: Iron Valiant|64\/100\n|\n|-sideend|p2: Qriosity7|Reflect\n|upkeep\n|turn|14\n|\n|t:|1700748800\n|-end|p2a: Iron Valiant|Quark Drive|[silent]\n|switch|p2a: Thundurus|Thundurus-Therian, M|34\/100\n|-damage|p2a: Thundurus|9\/100|[from] Stealth Rock\n|move|p1a: I'm so back baby|Earthquake|p2a: Thundurus\n|-immune|p2a: Thundurus\n|\n|upkeep\n|turn|15\n|\n|t:|1700748814\n|move|p1a: I'm so back baby|U-turn|p2a: Thundurus\n|-resisted|p2a: Thundurus\n|-damage|p2a: Thundurus|0 fnt\n|faint|p2a: Thundurus\n|\n|t:|1700748821\n|switch|p1a: Boomer Bird|Zapdos|100\/100|[from] U-turn\n|\n|upkeep\n|\n|t:|1700748831\n|switch|p2a: Grimmsnarl|Grimmsnarl, M|100\/100\n|-damage|p2a: Grimmsnarl|88\/100|[from] Stealth Rock\n|turn|16\n|\n|t:|1700748839\n|move|p2a: Grimmsnarl|Light Screen|p2a: Grimmsnarl\n|-sidestart|p2: Qriosity7|move: Light Screen\n|move|p1a: Boomer Bird|Hurricane|p2a: Grimmsnarl|[miss]\n|-miss|p1a: Boomer Bird|p2a: Grimmsnarl\n|\n|upkeep\n|turn|17\n|inactive|Qriosity7 has 120 seconds left.\n|\n|t:|1700748847\n|move|p2a: Grimmsnarl|Reflect|p2a: Grimmsnarl\n|-sidestart|p2: Qriosity7|Reflect\n|move|p1a: Boomer Bird|Hurricane|p2a: Grimmsnarl|[miss]\n|-miss|p1a: Boomer Bird|p2a: Grimmsnarl\n|\n|upkeep\n|turn|18\n|\n|t:|1700748852\n|move|p2a: Grimmsnarl|Parting Shot|p1a: Boomer Bird\n|-unboost|p1a: Boomer Bird|atk|1\n|-unboost|p1a: Boomer Bird|spa|1\n|\n|t:|1700748861\n|switch|p2a: Samurott|Samurott-Hisui, M|58\/100|[from] Parting Shot\n|-damage|p2a: Samurott|45\/100|[from] Stealth Rock\n|move|p1a: Boomer Bird|Hurricane|p2a: Samurott\n|-damage|p2a: Samurott|23\/100\n|\n|upkeep\n|turn|19\n|\n|t:|1700748873\n|move|p2a: Samurott|Aqua Cutter|p1a: Boomer Bird\n|-crit|p1a: Boomer Bird\n|-damage|p1a: Boomer Bird|31\/100\n|move|p1a: Boomer Bird|Thunderbolt|p2a: Samurott\n|-supereffective|p2a: Samurott\n|-damage|p2a: Samurott|0 fnt\n|faint|p2a: Samurott\n|\n|-heal|p1a: Boomer Bird|37\/100|[from] item: Leftovers\n|upkeep\n|\n|t:|1700748882\n|switch|p2a: Iron Valiant|Iron Valiant|64\/100\n|-damage|p2a: Iron Valiant|58\/100|[from] Stealth Rock\n|turn|20\n|\n|t:|1700748889\n|move|p2a: Iron Valiant|Swords Dance|p2a: Iron Valiant\n|-boost|p2a: Iron Valiant|atk|2\n|move|p1a: Boomer Bird|Hurricane|p2a: Iron Valiant|[miss]\n|-miss|p1a: Boomer Bird|p2a: Iron Valiant\n|\n|-heal|p1a: Boomer Bird|43\/100|[from] item: Leftovers\n|upkeep\n|turn|21\n|\n|t:|1700748899\n|move|p2a: Iron Valiant|Spirit Break|p1a: Boomer Bird\n|-damage|p1a: Boomer Bird|0 fnt\n|-status|p2a: Iron Valiant|par|[from] ability: Static|[of] p1a: Boomer Bird\n|faint|p1a: Boomer Bird\n|\n|upkeep\n|\n|t:|1700748904\n|switch|p1a: I'm so back baby|Landorus-Therian, M|78\/100\n|-ability|p1a: I'm so back baby|Intimidate|boost\n|-unboost|p2a: Iron Valiant|atk|1\n|turn|22\n|\n|t:|1700748917\n|move|p1a: I'm so back baby|Earthquake|p2a: Iron Valiant\n|-damage|p2a: Iron Valiant|26\/100 par\n|move|p2a: Iron Valiant|Spirit Break|p1a: I'm so back baby\n|-damage|p1a: I'm so back baby|17\/100\n|-unboost|p1a: I'm so back baby|spa|1\n|\n|upkeep\n|turn|23\n|\n|t:|1700748937\n|-end|p2a: Iron Valiant|Quark Drive|[silent]\n|switch|p2a: Grimmsnarl|Grimmsnarl, M|88\/100\n|-damage|p2a: Grimmsnarl|76\/100|[from] Stealth Rock\n|move|p1a: I'm so back baby|Earthquake|p2a: Grimmsnarl\n|-damage|p2a: Grimmsnarl|45\/100\n|\n|-sideend|p2: Qriosity7|move: Light Screen\n|upkeep\n|turn|24\n|\n|t:|1700748949\n|move|p2a: Grimmsnarl|Parting Shot|p1a: I'm so back baby\n|-unboost|p1a: I'm so back baby|atk|1\n|-unboost|p1a: I'm so back baby|spa|1\n|\n|t:|1700748952\n|switch|p2a: Kommo-o|Kommo-o, M|94\/100|[from] Parting Shot\n|-damage|p2a: Kommo-o|88\/100|[from] Stealth Rock\n|move|p1a: I'm so back baby|Earthquake|p2a: Kommo-o\n|-damage|p2a: Kommo-o|73\/100\n|\n|-sideend|p2: Qriosity7|Reflect\n|upkeep\n|turn|25\n|\n|t:|1700748963\n|move|p1a: I'm so back baby|Taunt|p2a: Kommo-o\n|-start|p2a: Kommo-o|move: Taunt\n|move|p2a: Kommo-o|Dragon Claw|p1a: I'm so back baby\n|-damage|p1a: I'm so back baby|0 fnt\n|faint|p1a: I'm so back baby\n|\n|upkeep\n|\n|t:|1700748970\n|switch|p1a: Dutchman III|Great Tusk|100\/100\n|turn|26\n|\n|t:|1700748981\n|move|p1a: Dutchman III|Close Combat|p2a: Kommo-o\n|-damage|p2a: Kommo-o|8\/100\n|-unboost|p1a: Dutchman III|def|1\n|-unboost|p1a: Dutchman III|spd|1\n|-enditem|p2a: Kommo-o|Sitrus Berry|[eat]\n|-heal|p2a: Kommo-o|32\/100|[from] item: Sitrus Berry\n|move|p2a: Kommo-o|Dragon Claw|p1a: Dutchman III\n|-damage|p1a: Dutchman III|61\/100\n|\n|upkeep\n|turn|27\n|\n|t:|1700748992\n|move|p1a: Dutchman III|Close Combat|p2a: Kommo-o\n|-damage|p2a: Kommo-o|0 fnt\n|-unboost|p1a: Dutchman III|def|1\n|-unboost|p1a: Dutchman III|spd|1\n|faint|p2a: Kommo-o\n|\n|upkeep\n|\n|t:|1700748998\n|switch|p2a: Iron Valiant|Iron Valiant|26\/100 par\n|-damage|p2a: Iron Valiant|20\/100 par|[from] Stealth Rock\n|turn|28\n|c|\u2606Power Panpour|Thats what u get for using dual screens\n|\n|t:|1700749010\n|move|p1a: Dutchman III|Headlong Rush|p2a: Iron Valiant\n|-damage|p2a: Iron Valiant|0 fnt\n|-unboost|p1a: Dutchman III|def|1\n|-unboost|p1a: Dutchman III|spd|1\n|faint|p2a: Iron Valiant\n|-end|p2a: Iron Valiant|Quark Drive|[silent]\n|\n|upkeep\n|\n|t:|1700749019\n|switch|p2a: Grimmsnarl|Grimmsnarl, M|45\/100\n|-damage|p2a: Grimmsnarl|33\/100|[from] Stealth Rock\n|turn|29\n|\n|t:|1700749025\n|-terastallize|p1a: Dutchman III|Steel\n|move|p2a: Grimmsnarl|Taunt|p1a: Dutchman III\n|-start|p1a: Dutchman III|move: Taunt\n|move|p1a: Dutchman III|Headlong Rush|p2a: Grimmsnarl\n|-damage|p2a: Grimmsnarl|0 fnt\n|-unboost|p1a: Dutchman III|def|1\n|-unboost|p1a: Dutchman III|spd|1\n|faint|p2a: Grimmsnarl\n|\n|win|Power Panpour\n|raw|Power Panpour's rating: 1021 &rarr; <strong>1061<\/strong><br \/>(+40 for winning)\n|raw|Qriosity7's rating: 1048 &rarr; <strong>1029<\/strong><br \/>(-19 for losing)\n|l|\u2606Qriosity7\n","uploadtime":1700749038,"views":0,"p1id":"powerpanpour","p2id":"qriosity7","formatid":"gen9ou","rating":1029,"private":0,"password":""}