{"id":"gen9ou-1997232497","p1":"Cinny69","p2":"dripi","format":"[Gen 9] OU","log":"|j|\u2606Cinny69\n|j|\u2606dripi\n|t:|1700778375\n|gametype|singles\n|player|p1|Cinny69|rika|1299\n|player|p2|dripi|sada-ai|1224\n|teamsize|p1|6\n|teamsize|p2|6\n|gen|9\n|tier|[Gen 9] OU\n|rated|\n|rule|Sleep Clause Mod: Limit one foe put to sleep\n|rule|Species Clause: Limit one of each Pok\u00e9mon\n|rule|OHKO Clause: OHKO moves are banned\n|rule|Evasion Items Clause: Evasion items are banned\n|rule|Evasion Moves Clause: Evasion moves are banned\n|rule|Endless Battle Clause: Forcing endless battles is banned\n|rule|HP Percentage Mod: HP is shown in percentages\n|clearpoke\n|poke|p1|Torkoal, M|\n|poke|p1|Walking Wake|\n|poke|p1|Lilligant-Hisui, F|\n|poke|p1|Slither Wing|\n|poke|p1|Ninetales, F|\n|poke|p1|Sandy Shocks|\n|poke|p2|Slither Wing|\n|poke|p2|Ribombee, M|\n|poke|p2|Dragonite, M|\n|poke|p2|Iron Moth|\n|poke|p2|Maushold-Four|\n|poke|p2|Mienshao, F|\n|teampreview\n|inactive|Battle timer is ON: inactive players will automatically lose when time's up. (requested by dripi)\n|inactive|Cinny69 also wants the timer to be on.\n|\n|t:|1700778385\n|start\n|switch|p1a: Playtest|Ninetales, F, shiny|100\/100\n|switch|p2a: Mienshao|Mienshao, F|100\/100\n|-weather|SunnyDay|[from] ability: Drought|[of] p1a: Playtest\n|turn|1\n|\n|t:|1700778396\n|move|p2a: Mienshao|Close Combat|p1a: Playtest\n|-damage|p1a: Playtest|0 fnt\n|-unboost|p2a: Mienshao|def|1\n|-unboost|p2a: Mienshao|spd|1\n|faint|p1a: Playtest\n|\n|-weather|SunnyDay|[upkeep]\n|upkeep\n|\n|t:|1700778404\n|switch|p1a: Slither Wing|Slither Wing|100\/100\n|-activate|p1a: Slither Wing|ability: Protosynthesis\n|-start|p1a: Slither Wing|protosynthesisatk\n|turn|2\n|\n|t:|1700778417\n|switch|p2a: Flutter|Ribombee, M|100\/100\n|move|p1a: Slither Wing|Bulk Up|p1a: Slither Wing\n|-boost|p1a: Slither Wing|atk|1\n|-boost|p1a: Slither Wing|def|1\n|\n|-weather|SunnyDay|[upkeep]\n|upkeep\n|turn|3\n|\n|t:|1700778428\n|move|p2a: Flutter|Sticky Web|p1a: Slither Wing\n|-sidestart|p1: Cinny69|move: Sticky Web\n|move|p1a: Slither Wing|Flame Charge|p2a: Flutter\n|-supereffective|p2a: Flutter\n|-enditem|p2a: Flutter|Focus Sash\n|-damage|p2a: Flutter|1\/100\n|-boost|p1a: Slither Wing|spe|1\n|\n|-weather|SunnyDay|[upkeep]\n|upkeep\n|turn|4\n|\n|t:|1700778439\n|move|p1a: Slither Wing|Flame Charge|p2a: Flutter\n|-supereffective|p2a: Flutter\n|-damage|p2a: Flutter|0 fnt\n|-boost|p1a: Slither Wing|spe|1\n|faint|p2a: Flutter\n|\n|-weather|SunnyDay|[upkeep]\n|upkeep\n|\n|t:|1700778453\n|switch|p2a: Spear|Dragonite, M|100\/100\n|turn|5\n|\n|t:|1700778460\n|move|p1a: Slither Wing|Bulk Up|p1a: Slither Wing\n|-boost|p1a: Slither Wing|atk|1\n|-boost|p1a: Slither Wing|def|1\n|move|p2a: Spear|Dragon Claw|p1a: Slither Wing\n|-damage|p1a: Slither Wing|72\/100\n|\n|-weather|SunnyDay|[upkeep]\n|upkeep\n|turn|6\n|\n|t:|1700778471\n|move|p1a: Slither Wing|Bulk Up|p1a: Slither Wing\n|-boost|p1a: Slither Wing|atk|1\n|-boost|p1a: Slither Wing|def|1\n|move|p2a: Spear|Dragon Dance|p2a: Spear\n|-boost|p2a: Spear|atk|1\n|-boost|p2a: Spear|spe|1\n|\n|-weather|SunnyDay|[upkeep]\n|upkeep\n|turn|7\n|\n|t:|1700778482\n|move|p1a: Slither Wing|Leech Life|p2a: Spear\n|-resisted|p2a: Spear\n|-damage|p2a: Spear|65\/100\n|-heal|p1a: Slither Wing|90\/100|[from] drain|[of] p2a: Spear\n|move|p2a: Spear|Dragon Dance|p2a: Spear\n|-boost|p2a: Spear|atk|1\n|-boost|p2a: Spear|spe|1\n|\n|-weather|SunnyDay|[upkeep]\n|-heal|p2a: Spear|71\/100|[from] item: Leftovers\n|upkeep\n|turn|8\n|\n|t:|1700778493\n|move|p2a: Spear|Extreme Speed|p1a: Slither Wing\n|-damage|p1a: Slither Wing|55\/100\n|move|p1a: Slither Wing|Close Combat|p2a: Spear\n|-resisted|p2a: Spear\n|-damage|p2a: Spear|0 fnt\n|-unboost|p1a: Slither Wing|def|1\n|-unboost|p1a: Slither Wing|spd|1\n|faint|p2a: Spear\n|\n|-weather|none\n|-end|p1a: Slither Wing|Protosynthesis\n|upkeep\n|\n|t:|1700778508\n|switch|p2a: Mienshao|Mienshao, F|100\/100\n|turn|9\n|\n|t:|1700778513\n|move|p2a: Mienshao|Fake Out|p1a: Slither Wing\n|-damage|p1a: Slither Wing|42\/100\n|cant|p1a: Slither Wing|flinch\n|\n|upkeep\n|turn|10\n|\n|t:|1700778523\n|switch|p2a: Maushold|Maushold-Four|100\/100\n|move|p1a: Slither Wing|Leech Life|p2a: Maushold\n|-damage|p2a: Maushold|0 fnt\n|-heal|p1a: Slither Wing|89\/100|[from] drain|[of] p2a: Maushold\n|faint|p2a: Maushold\n|\n|upkeep\n|\n|t:|1700778535\n|switch|p2a: Mienshao|Mienshao, F|100\/100\n|turn|11\n|\n|t:|1700778548\n|move|p2a: Mienshao|Fake Out|p1a: Slither Wing\n|-damage|p1a: Slither Wing|74\/100\n|cant|p1a: Slither Wing|flinch\n|\n|upkeep\n|turn|12\n|\n|t:|1700778554\n|move|p2a: Mienshao|Fake Out||[still]\n|-hint|Fake Out only works on your first turn out.\n|-fail|p2a: Mienshao\n|move|p1a: Slither Wing|Bulk Up|p1a: Slither Wing\n|-boost|p1a: Slither Wing|atk|1\n|-boost|p1a: Slither Wing|def|1\n|\n|upkeep\n|turn|13\n|\n|t:|1700778562\n|switch|p2a: Volcaristic|Iron Moth|100\/100\n|-enditem|p2a: Volcaristic|Booster Energy\n|-activate|p2a: Volcaristic|ability: Quark Drive|[fromitem]\n|-start|p2a: Volcaristic|quarkdrivespe\n|move|p1a: Slither Wing|Bulk Up|p1a: Slither Wing\n|-boost|p1a: Slither Wing|atk|1\n|-boost|p1a: Slither Wing|def|1\n|\n|upkeep\n|turn|14\n|\n|t:|1700778576\n|-terastallize|p1a: Slither Wing|Fire\n|move|p1a: Slither Wing|Close Combat|p2a: Volcaristic\n|-resisted|p2a: Volcaristic\n|-damage|p2a: Volcaristic|0 fnt\n|-unboost|p1a: Slither Wing|def|1\n|-unboost|p1a: Slither Wing|spd|1\n|faint|p2a: Volcaristic\n|-end|p2a: Volcaristic|Quark Drive|[silent]\n|\n|upkeep\n|\n|t:|1700778586\n|switch|p2a: Volcarimal|Slither Wing|100\/100\n|-enditem|p2a: Volcarimal|Booster Energy\n|-activate|p2a: Volcarimal|ability: Protosynthesis|[fromitem]\n|-start|p2a: Volcarimal|protosynthesisatk\n|turn|15\n|\n|t:|1700778597\n|-terastallize|p2a: Volcarimal|Fire\n|move|p1a: Slither Wing|Close Combat|p2a: Volcarimal\n|-damage|p2a: Volcarimal|0 fnt\n|-unboost|p1a: Slither Wing|def|1\n|-unboost|p1a: Slither Wing|spd|1\n|faint|p2a: Volcarimal\n|-end|p2a: Volcarimal|Protosynthesis|[silent]\n|\n|upkeep\n|inactive|dripi no longer wants the timer on, but the timer is staying on because cinny69 still does.\n|inactive|dripi has 120 seconds left.\n|inactive|dripi has 90 seconds left.\n|inactive|dripi has 60 seconds left.\n|inactive|dripi has 30 seconds left.\n|inactive|dripi has 20 seconds left.\n|inactive|dripi has 15 seconds left.\n|inactive|dripi has 10 seconds left.\n|inactive|dripi has 5 seconds left.\n|-message|dripi lost due to inactivity.\n|\n|win|Cinny69\n|raw|Cinny69's rating: 1299 &rarr; <strong>1319<\/strong><br \/>(+20 for winning)\n|raw|dripi's rating: 1224 &rarr; <strong>1204<\/strong><br \/>(-20 for losing)\n","uploadtime":1700778746,"views":13,"p1id":"cinny69","p2id":"dripi","formatid":"gen9ou","rating":1204,"private":0,"password":""}