{"id":"gen9ou-1993685098","p1":"1Jimothy2","p2":"mystori_","format":"[Gen 9] OU","log":"|j|\u26061Jimothy2\n|j|\u2606mystori_\n|t:|1700345366\n|gametype|singles\n|player|p1|1Jimothy2|169|1171\n|player|p2|mystori_|shauntal|1106\n|teamsize|p1|6\n|teamsize|p2|6\n|gen|9\n|tier|[Gen 9] OU\n|rated|\n|rule|Sleep Clause Mod: Limit one foe put to sleep\n|rule|Species Clause: Limit one of each Pok\u00e9mon\n|rule|OHKO Clause: OHKO moves are banned\n|rule|Evasion Items Clause: Evasion items are banned\n|rule|Evasion Moves Clause: Evasion moves are banned\n|rule|Endless Battle Clause: Forcing endless battles is banned\n|rule|HP Percentage Mod: HP is shown in percentages\n|clearpoke\n|poke|p1|Glimmora, M|\n|poke|p1|Scizor, F|\n|poke|p1|Dachsbun, M|\n|poke|p1|Dragapult, F|\n|poke|p1|Maushold-Four|\n|poke|p1|Morpeko, F|\n|poke|p2|Ditto|\n|poke|p2|Pawniard, M|\n|poke|p2|Empoleon, M|\n|poke|p2|Dusclops, F|\n|poke|p2|Falinks|\n|poke|p2|Trevenant, M|\n|teampreview\n|inactive|Battle timer is ON: inactive players will automatically lose when time's up. (requested by mystori_)\n|\n|t:|1700345370\n|start\n|switch|p1a: Glimmora|Glimmora, M|100\/100\n|switch|p2a: Kirby|Ditto|100\/100\n|-transform|p2a: Kirby|p1a: Glimmora|[from] ability: Imposter\n|turn|1\n|\n|t:|1700345382\n|switch|p2a: King Dedede|Empoleon, M, shiny|100\/100\n|move|p1a: Glimmora|Stealth Rock|p2a: King Dedede\n|-sidestart|p2: mystori_|move: Stealth Rock\n|\n|upkeep\n|turn|2\n|\n|t:|1700345388\n|move|p1a: Glimmora|Spikes|p2a: King Dedede\n|-sidestart|p2: mystori_|Spikes\n|move|p2a: King Dedede|Yawn|p1a: Glimmora\n|-start|p1a: Glimmora|move: Yawn|[of] p2a: King Dedede\n|\n|upkeep\n|turn|3\n|\n|t:|1700345394\n|move|p1a: Glimmora|Spikes|p2a: King Dedede\n|-sidestart|p2: mystori_|Spikes\n|move|p2a: King Dedede|Swords Dance|p2a: King Dedede\n|-boost|p2a: King Dedede|atk|2\n|\n|-end|p1a: Glimmora|move: Yawn|[silent]\n|-status|p1a: Glimmora|slp\n|upkeep\n|turn|4\n|\n|t:|1700345413\n|cant|p1a: Glimmora|slp\n|move|p2a: King Dedede|Swords Dance|p2a: King Dedede\n|-boost|p2a: King Dedede|atk|2\n|\n|upkeep\n|turn|5\n|\n|t:|1700345420\n|move|p2a: King Dedede|Aqua Jet|p1a: Glimmora\n|-supereffective|p1a: Glimmora\n|-enditem|p1a: Glimmora|Focus Sash\n|-damage|p1a: Glimmora|1\/100 slp\n|-activate|p1a: Glimmora|ability: Toxic Debris\n|-sidestart|p2: mystori_|move: Toxic Spikes\n|cant|p1a: Glimmora|slp\n|\n|upkeep\n|turn|6\n|\n|t:|1700345430\n|cant|p1a: Glimmora|slp\n|move|p2a: King Dedede|Swords Dance|p2a: King Dedede\n|-boost|p2a: King Dedede|atk|2\n|\n|upkeep\n|turn|7\n|\n|t:|1700345437\n|move|p2a: King Dedede|Aqua Jet|p1a: Glimmora\n|-supereffective|p1a: Glimmora\n|-damage|p1a: Glimmora|0 fnt\n|-activate|p1a: Glimmora|ability: Toxic Debris\n|-sidestart|p2: mystori_|move: Toxic Spikes\n|faint|p1a: Glimmora\n|\n|upkeep\n|\n|t:|1700345443\n|switch|p1a: Morpeko|Morpeko, F|100\/100\n|turn|8\n|\n|t:|1700345446\n|move|p2a: King Dedede|Aqua Jet|p1a: Morpeko\n|-crit|p1a: Morpeko\n|-damage|p1a: Morpeko|0 fnt\n|faint|p1a: Morpeko\n|\n|upkeep\n|\n|t:|1700345453\n|switch|p1a: Scizor|Scizor, F|100\/100\n|turn|9\n|\n|t:|1700345458\n|move|p1a: Scizor|Bullet Punch|p2a: King Dedede\n|-resisted|p2a: King Dedede\n|-damage|p2a: King Dedede|92\/100\n|move|p2a: King Dedede|Aqua Jet|p1a: Scizor\n|-damage|p1a: Scizor|37\/100\n|-enditem|p1a: Scizor|Sitrus Berry|[eat]\n|-heal|p1a: Scizor|62\/100|[from] item: Sitrus Berry\n|\n|-heal|p2a: King Dedede|98\/100|[from] item: Leftovers\n|upkeep\n|turn|10\n|\n|t:|1700345468\n|move|p2a: King Dedede|Aqua Jet|p1a: Scizor\n|-damage|p1a: Scizor|0 fnt\n|faint|p1a: Scizor\n|\n|-heal|p2a: King Dedede|100\/100|[from] item: Leftovers\n|upkeep\n|\n|t:|1700345474\n|switch|p1a: Dragapult|Dragapult, F, shiny|100\/100\n|turn|11\n|\n|t:|1700345479\n|-terastallize|p1a: Dragapult|Steel\n|move|p1a: Dragapult|Draco Meteor|p2a: King Dedede\n|-resisted|p2a: King Dedede\n|-damage|p2a: King Dedede|59\/100\n|-unboost|p1a: Dragapult|spa|2\n|move|p2a: King Dedede|Ice Spinner|p1a: Dragapult\n|-resisted|p1a: Dragapult\n|-damage|p1a: Dragapult|43\/100\n|\n|-heal|p2a: King Dedede|65\/100|[from] item: Leftovers\n|upkeep\n|turn|12\n|\n|t:|1700345490\n|move|p2a: King Dedede|Aqua Jet|p1a: Dragapult\n|-damage|p1a: Dragapult|0 fnt\n|faint|p1a: Dragapult\n|\n|-heal|p2a: King Dedede|71\/100|[from] item: Leftovers\n|upkeep\n|\n|t:|1700345496\n|switch|p1a: Maushold|Maushold-Four, shiny|100\/100\n|turn|13\n|\n|t:|1700345502\n|move|p2a: King Dedede|Aqua Jet|p1a: Maushold\n|-damage|p1a: Maushold|0 fnt\n|faint|p1a: Maushold\n|\n|-heal|p2a: King Dedede|77\/100|[from] item: Leftovers\n|upkeep\n|\n|t:|1700345507\n|switch|p1a: Dachsbun|Dachsbun, M|100\/100\n|turn|14\n|\n|t:|1700345512\n|-terastallize|p2a: King Dedede|Ice\n|move|p1a: Dachsbun|Body Press|p2a: King Dedede\n|-supereffective|p2a: King Dedede\n|-damage|p2a: King Dedede|24\/100\n|move|p2a: King Dedede|Ice Spinner|p1a: Dachsbun\n|-damage|p1a: Dachsbun|0 fnt\n|faint|p1a: Dachsbun\n|\n|win|mystori_\n|raw|1Jimothy2's rating: 1171 &rarr; <strong>1141<\/strong><br \/>(-30 for losing)\n|raw|mystori_'s rating: 1106 &rarr; <strong>1136<\/strong><br \/>(+30 for winning)\n|l|\u26061Jimothy2\n","uploadtime":1700345524,"views":10,"p1id":"1jimothy2","p2id":"mystori","formatid":"gen9ou","rating":1136,"private":0,"password":""}