{"id":"gen9ou-1995980367","p1":"Siliciferous_sand","p2":"manaphymoments","format":"[Gen 9] OU","log":"|j|\u2606Siliciferous_sand\n|j|\u2606manaphymoments\n|t:|1700624804\n|gametype|singles\n|player|p1|Siliciferous_sand|unknown|1227\n|player|p2|manaphymoments|riley|1337\n|teamsize|p1|6\n|teamsize|p2|6\n|gen|9\n|tier|[Gen 9] OU\n|rated|\n|rule|Sleep Clause Mod: Limit one foe put to sleep\n|rule|Species Clause: Limit one of each Pok\u00e9mon\n|rule|OHKO Clause: OHKO moves are banned\n|rule|Evasion Items Clause: Evasion items are banned\n|rule|Evasion Moves Clause: Evasion moves are banned\n|rule|Endless Battle Clause: Forcing endless battles is banned\n|rule|HP Percentage Mod: HP is shown in percentages\n|clearpoke\n|poke|p1|Rillaboom, M|\n|poke|p1|Alomomola, M|\n|poke|p1|Cinderace, F|\n|poke|p1|Enamorus, F|\n|poke|p1|Dragapult, F|\n|poke|p1|Clodsire, F|\n|poke|p2|Cresselia, F|\n|poke|p2|Garganacl, M|\n|poke|p2|Great Tusk|\n|poke|p2|Zamazenta-*|\n|poke|p2|Iron Moth|\n|poke|p2|Kingambit, M|\n|teampreview\n|inactive|Battle timer is ON: inactive players will automatically lose when time's up. (requested by Siliciferous_sand)\n|c|\u2606manaphymoments|hf\n|\n|t:|1700624819\n|start\n|switch|p1a: Gimme that veil|Cinderace, F|100\/100\n|switch|p2a: Iron Moth|Iron Moth|100\/100\n|-enditem|p2a: Iron Moth|Booster Energy\n|-activate|p2a: Iron Moth|ability: Quark Drive|[fromitem]\n|-start|p2a: Iron Moth|quarkdrivespe\n|turn|1\n|\n|t:|1700624828\n|move|p2a: Iron Moth|Substitute|p2a: Iron Moth\n|-start|p2a: Iron Moth|Substitute\n|-damage|p2a: Iron Moth|76\/100\n|move|p1a: Gimme that veil|U-turn|p2a: Iron Moth\n|-start|p1a: Gimme that veil|typechange|Bug|[from] ability: Libero\n|-resisted|p2a: Iron Moth\n|-activate|p2a: Iron Moth|move: Substitute|[damage]\n|\n|t:|1700624831\n|switch|p1a: Pew Pew|Dragapult, F|100\/100|[from] U-turn\n|\n|upkeep\n|turn|2\n|\n|t:|1700624843\n|-terastallize|p1a: Pew Pew|Fire\n|move|p2a: Iron Moth|Fiery Dance|p1a: Pew Pew\n|-resisted|p1a: Pew Pew\n|-damage|p1a: Pew Pew|74\/100\n|move|p1a: Pew Pew|Thunder Wave|p2a: Iron Moth\n|-status|p2a: Iron Moth|par\n|\n|-heal|p1a: Pew Pew|80\/100|[from] item: Leftovers\n|upkeep\n|turn|3\n|\n|t:|1700624854\n|move|p1a: Pew Pew|Hex|p2a: Iron Moth\n|-damage|p2a: Iron Moth|25\/100 par\n|move|p2a: Iron Moth|Sludge Wave|p1a: Pew Pew\n|-damage|p1a: Pew Pew|12\/100\n|\n|-heal|p1a: Pew Pew|18\/100|[from] item: Leftovers\n|upkeep\n|turn|4\n|\n|t:|1700624860\n|move|p1a: Pew Pew|Hex|p2a: Iron Moth\n|-damage|p2a: Iron Moth|0 fnt\n|faint|p2a: Iron Moth\n|-end|p2a: Iron Moth|Quark Drive|[silent]\n|\n|-heal|p1a: Pew Pew|24\/100|[from] item: Leftovers\n|upkeep\n|\n|t:|1700624868\n|switch|p2a: Kingambit|Kingambit, M, shiny|100\/100\n|-activate|p2a: Kingambit|ability: Supreme Overlord\n|-start|p2a: Kingambit|fallen1|[silent]\n|turn|5\n|\n|t:|1700624874\n|-end|p2a: Kingambit|fallen1|[silent]\n|switch|p2a: Garganacl|Garganacl, M|100\/100\n|move|p1a: Pew Pew|Thunder Wave|p2a: Garganacl\n|-immune|p2a: Garganacl|[from] ability: Purifying Salt\n|\n|-heal|p1a: Pew Pew|30\/100|[from] item: Leftovers\n|upkeep\n|turn|6\n|\n|t:|1700624884\n|move|p1a: Pew Pew|U-turn|p2a: Garganacl\n|-damage|p2a: Garganacl|90\/100\n|\n|t:|1700624889\n|switch|p1a: Rillabomb|Rillaboom, M|100\/100|[from] U-turn\n|-fieldstart|move: Grassy Terrain|[from] ability: Grassy Surge|[of] p1a: Rillabomb\n|move|p2a: Garganacl|Salt Cure|p1a: Rillabomb\n|-damage|p1a: Rillabomb|85\/100\n|-start|p1a: Rillabomb|Salt Cure\n|\n|-heal|p1a: Rillabomb|91\/100|[from] Grassy Terrain\n|-heal|p2a: Garganacl|96\/100|[from] Grassy Terrain\n|-heal|p2a: Garganacl|100\/100|[from] item: Leftovers\n|-damage|p1a: Rillabomb|79\/100|[from] Salt Cure\n|upkeep\n|turn|7\n|\n|t:|1700624904\n|switch|p2a: Kingambit|Kingambit, M, shiny|100\/100\n|-activate|p2a: Kingambit|ability: Supreme Overlord\n|-start|p2a: Kingambit|fallen1|[silent]\n|move|p1a: Rillabomb|Wood Hammer|p2a: Kingambit\n|-resisted|p2a: Kingambit\n|-damage|p2a: Kingambit|45\/100\n|-damage|p1a: Rillabomb|60\/100|[from] Recoil\n|\n|-heal|p1a: Rillabomb|66\/100|[from] Grassy Terrain\n|-heal|p2a: Kingambit|52\/100|[from] Grassy Terrain\n|-damage|p1a: Rillabomb|54\/100|[from] Salt Cure\n|upkeep\n|turn|8\n|\n|t:|1700624911\n|switch|p1a: Amomaloamala|Alomomola, M|100\/100\n|move|p2a: Kingambit|Iron Head|p1a: Amomaloamala\n|-resisted|p1a: Amomaloamala\n|-damage|p1a: Amomaloamala|84\/100\n|\n|-heal|p2a: Kingambit|58\/100|[from] Grassy Terrain\n|-heal|p1a: Amomaloamala|90\/100|[from] Grassy Terrain\n|upkeep\n|turn|9\n|\n|t:|1700624930\n|move|p2a: Kingambit|Swords Dance|p2a: Kingambit\n|-boost|p2a: Kingambit|atk|2\n|move|p1a: Amomaloamala|Scald|p2a: Kingambit\n|-damage|p2a: Kingambit|43\/100\n|\n|-heal|p2a: Kingambit|49\/100|[from] Grassy Terrain\n|-heal|p1a: Amomaloamala|96\/100|[from] Grassy Terrain\n|upkeep\n|turn|10\n|\n|t:|1700624935\n|move|p2a: Kingambit|Kowtow Cleave|p1a: Amomaloamala\n|-damage|p1a: Amomaloamala|29\/100\n|move|p1a: Amomaloamala|Flip Turn|p2a: Kingambit\n|-damage|p2a: Kingambit|36\/100\n|\n|t:|1700624938\n|switch|p1a: Pink Genie|Enamorus, F|100\/100|[from] Flip Turn\n|\n|-heal|p2a: Kingambit|42\/100|[from] Grassy Terrain\n|-fieldend|move: Grassy Terrain\n|upkeep\n|turn|11\n|\n|t:|1700624947\n|-terastallize|p2a: Kingambit|Flying\n|move|p1a: Pink Genie|Superpower|p2a: Kingambit\n|-resisted|p2a: Kingambit\n|-damage|p2a: Kingambit|30\/100\n|-boost|p1a: Pink Genie|atk|1\n|-boost|p1a: Pink Genie|def|1\n|move|p2a: Kingambit|Iron Head|p1a: Pink Genie\n|-supereffective|p1a: Pink Genie\n|-damage|p1a: Pink Genie|0 fnt\n|faint|p1a: Pink Genie\n|\n|upkeep\n|\n|t:|1700624961\n|switch|p1a: Gimme that veil|Cinderace, F|100\/100\n|turn|12\n|\n|t:|1700624965\n|move|p2a: Kingambit|Sucker Punch||[still]\n|-fail|p2a: Kingambit\n|move|p1a: Gimme that veil|Will-O-Wisp|p2a: Kingambit\n|-status|p2a: Kingambit|brn\n|-enditem|p2a: Kingambit|Lum Berry|[eat]\n|-curestatus|p2a: Kingambit|brn|[msg]\n|\n|upkeep\n|turn|13\n|\n|t:|1700624991\n|move|p1a: Gimme that veil|Will-O-Wisp|p2a: Kingambit\n|-status|p2a: Kingambit|brn\n|move|p2a: Kingambit|Kowtow Cleave|p1a: Gimme that veil\n|-damage|p1a: Gimme that veil|28\/100\n|\n|-damage|p2a: Kingambit|23\/100 brn|[from] brn\n|upkeep\n|turn|14\n|\n|t:|1700625001\n|move|p2a: Kingambit|Sucker Punch|p1a: Gimme that veil\n|-damage|p1a: Gimme that veil|0 fnt\n|faint|p1a: Gimme that veil\n|\n|-damage|p2a: Kingambit|17\/100 brn|[from] brn\n|upkeep\n|inactive|Siliciferous_sand has 120 seconds left.\n|\n|t:|1700625016\n|switch|p1a: Rillabomb|Rillaboom, M|54\/100\n|-fieldstart|move: Grassy Terrain|[from] ability: Grassy Surge|[of] p1a: Rillabomb\n|turn|15\n|\n|t:|1700625034\n|move|p1a: Rillabomb|Grassy Glide|p2a: Kingambit\n|-resisted|p2a: Kingambit\n|-damage|p2a: Kingambit|0 fnt\n|faint|p2a: Kingambit\n|-end|p2a: Kingambit|fallen1|[silent]\n|\n|-heal|p1a: Rillabomb|60\/100|[from] Grassy Terrain\n|upkeep\n|\n|t:|1700625050\n|switch|p2a: Zamazenta|Zamazenta|100\/100\n|-ability|p2a: Zamazenta|Dauntless Shield|boost\n|-boost|p2a: Zamazenta|def|1\n|turn|16\n|\n|t:|1700625056\n|switch|p1a: Gliscor 2.0|Clodsire, F|100\/100\n|move|p2a: Zamazenta|Close Combat|p1a: Gliscor 2.0\n|-resisted|p1a: Gliscor 2.0\n|-crit|p1a: Gliscor 2.0\n|-damage|p1a: Gliscor 2.0|31\/100\n|-unboost|p2a: Zamazenta|def|1\n|-unboost|p2a: Zamazenta|spd|1\n|\n|-heal|p1a: Gliscor 2.0|37\/100|[from] Grassy Terrain\n|-heal|p1a: Gliscor 2.0|44\/100|[from] item: Leftovers\n|upkeep\n|turn|17\n|inactive|manaphymoments has 120 seconds left.\n|\n|t:|1700625077\n|switch|p2a: Garganacl|Garganacl, M|100\/100\n|move|p1a: Gliscor 2.0|Recover|p1a: Gliscor 2.0\n|-heal|p1a: Gliscor 2.0|94\/100\n|\n|-heal|p1a: Gliscor 2.0|99\/100|[from] Grassy Terrain\n|-heal|p1a: Gliscor 2.0|100\/100|[from] item: Leftovers\n|upkeep\n|turn|18\n|\n|t:|1700625088\n|switch|p1a: Rillabomb|Rillaboom, M|60\/100\n|move|p2a: Garganacl|Iron Defense|p2a: Garganacl\n|-boost|p2a: Garganacl|def|2\n|\n|-heal|p1a: Rillabomb|66\/100|[from] Grassy Terrain\n|upkeep\n|turn|19\n|\n|t:|1700625100\n|switch|p2a: Zamazenta|Zamazenta|100\/100\n|move|p1a: Rillabomb|Wood Hammer|p2a: Zamazenta\n|-damage|p2a: Zamazenta|0 fnt\n|faint|p2a: Zamazenta\n|-damage|p1a: Rillabomb|35\/100|[from] Recoil\n|\n|-heal|p1a: Rillabomb|41\/100|[from] Grassy Terrain\n|-fieldend|move: Grassy Terrain\n|upkeep\n|\n|t:|1700625104\n|switch|p2a: Cresselia|Cresselia, F, shiny|100\/100\n|turn|20\n|\n|t:|1700625116\n|switch|p1a: Gliscor 2.0|Clodsire, F|100\/100\n|move|p2a: Cresselia|Moonblast|p1a: Gliscor 2.0\n|-resisted|p1a: Gliscor 2.0\n|-damage|p1a: Gliscor 2.0|96\/100\n|\n|-heal|p1a: Gliscor 2.0|100\/100|[from] item: Leftovers\n|upkeep\n|turn|21\n|\n|t:|1700625124\n|move|p2a: Cresselia|Calm Mind|p2a: Cresselia\n|-boost|p2a: Cresselia|spa|1\n|-boost|p2a: Cresselia|spd|1\n|move|p1a: Gliscor 2.0|Toxic|p2a: Cresselia\n|-status|p2a: Cresselia|tox\n|\n|-damage|p2a: Cresselia|94\/100 tox|[from] psn\n|upkeep\n|turn|22\n|\n|t:|1700625130\n|move|p2a: Cresselia|Calm Mind|p2a: Cresselia\n|-boost|p2a: Cresselia|spa|1\n|-boost|p2a: Cresselia|spd|1\n|move|p1a: Gliscor 2.0|Spikes|p2a: Cresselia\n|-sidestart|p2: manaphymoments|Spikes\n|\n|-heal|p2a: Cresselia|100\/100 tox|[from] item: Leftovers\n|-damage|p2a: Cresselia|88\/100 tox|[from] psn\n|upkeep\n|turn|23\n|\n|t:|1700625133\n|move|p2a: Cresselia|Calm Mind|p2a: Cresselia\n|-boost|p2a: Cresselia|spa|1\n|-boost|p2a: Cresselia|spd|1\n|move|p1a: Gliscor 2.0|Spikes|p2a: Cresselia\n|-sidestart|p2: manaphymoments|Spikes\n|\n|-heal|p2a: Cresselia|94\/100 tox|[from] item: Leftovers\n|-damage|p2a: Cresselia|76\/100 tox|[from] psn\n|upkeep\n|turn|24\n|\n|t:|1700625140\n|move|p2a: Cresselia|Calm Mind|p2a: Cresselia\n|-boost|p2a: Cresselia|spa|1\n|-boost|p2a: Cresselia|spd|1\n|move|p1a: Gliscor 2.0|Spikes|p2a: Cresselia\n|-sidestart|p2: manaphymoments|Spikes\n|\n|-heal|p2a: Cresselia|82\/100 tox|[from] item: Leftovers\n|-damage|p2a: Cresselia|58\/100 tox|[from] psn\n|upkeep\n|turn|25\n|\n|t:|1700625158\n|move|p2a: Cresselia|Moonlight|p2a: Cresselia\n|-heal|p2a: Cresselia|100\/100 tox\n|move|p1a: Gliscor 2.0|Toxic|p2a: Cresselia\n|-fail|p2a: Cresselia|tox\n|\n|-damage|p2a: Cresselia|70\/100 tox|[from] psn\n|upkeep\n|turn|26\n|\n|t:|1700625167\n|move|p2a: Cresselia|Stored Power|p1a: Gliscor 2.0\n|-supereffective|p1a: Gliscor 2.0\n|-damage|p1a: Gliscor 2.0|50\/100\n|move|p1a: Gliscor 2.0|Toxic|p2a: Cresselia\n|-fail|p2a: Cresselia|tox\n|\n|-heal|p2a: Cresselia|76\/100 tox|[from] item: Leftovers\n|-heal|p1a: Gliscor 2.0|56\/100|[from] item: Leftovers\n|-damage|p2a: Cresselia|40\/100 tox|[from] psn\n|upkeep\n|turn|27\n|\n|t:|1700625173\n|move|p2a: Cresselia|Moonlight|p2a: Cresselia\n|-heal|p2a: Cresselia|90\/100 tox\n|move|p1a: Gliscor 2.0|Recover|p1a: Gliscor 2.0\n|-heal|p1a: Gliscor 2.0|100\/100\n|\n|-heal|p2a: Cresselia|96\/100 tox|[from] item: Leftovers\n|-damage|p2a: Cresselia|53\/100 tox|[from] psn\n|upkeep\n|turn|28\n|\n|t:|1700625182\n|move|p2a: Cresselia|Stored Power|p1a: Gliscor 2.0\n|-supereffective|p1a: Gliscor 2.0\n|-damage|p1a: Gliscor 2.0|49\/100\n|move|p1a: Gliscor 2.0|Recover|p1a: Gliscor 2.0\n|-heal|p1a: Gliscor 2.0|99\/100\n|\n|-heal|p2a: Cresselia|59\/100 tox|[from] item: Leftovers\n|-heal|p1a: Gliscor 2.0|100\/100|[from] item: Leftovers\n|-damage|p2a: Cresselia|11\/100 tox|[from] psn\n|upkeep\n|turn|29\n|\n|t:|1700625188\n|switch|p2a: Garganacl|Garganacl, M|100\/100\n|-damage|p2a: Garganacl|75\/100|[from] Spikes\n|move|p1a: Gliscor 2.0|Recover||[still]\n|-fail|p1a: Gliscor 2.0|heal\n|\n|-heal|p2a: Garganacl|82\/100|[from] item: Leftovers\n|upkeep\n|turn|30\n|\n|t:|1700625202\n|move|p2a: Garganacl|Iron Defense|p2a: Garganacl\n|-boost|p2a: Garganacl|def|2\n|move|p1a: Gliscor 2.0|High Horsepower|p2a: Garganacl\n|-supereffective|p2a: Garganacl\n|-damage|p2a: Garganacl|47\/100\n|\n|-heal|p2a: Garganacl|53\/100|[from] item: Leftovers\n|upkeep\n|turn|31\n|inactive|manaphymoments has 120 seconds left.\n|inactive|manaphymoments has 90 seconds left.\n|\n|t:|1700625267\n|move|p2a: Garganacl|Iron Defense|p2a: Garganacl\n|-boost|p2a: Garganacl|def|2\n|move|p1a: Gliscor 2.0|High Horsepower|p2a: Garganacl\n|-supereffective|p2a: Garganacl\n|-damage|p2a: Garganacl|19\/100\n|\n|-heal|p2a: Garganacl|25\/100|[from] item: Leftovers\n|upkeep\n|turn|32\n|inactive|manaphymoments has 90 seconds left.\n|\n|t:|1700625277\n|move|p2a: Garganacl|Recover|p2a: Garganacl\n|-heal|p2a: Garganacl|75\/100\n|move|p1a: Gliscor 2.0|High Horsepower|p2a: Garganacl\n|-supereffective|p2a: Garganacl\n|-damage|p2a: Garganacl|38\/100\n|\n|-heal|p2a: Garganacl|44\/100|[from] item: Leftovers\n|upkeep\n|turn|33\n|\n|t:|1700625282\n|move|p2a: Garganacl|Recover|p2a: Garganacl\n|-heal|p2a: Garganacl|94\/100\n|move|p1a: Gliscor 2.0|High Horsepower|p2a: Garganacl\n|-supereffective|p2a: Garganacl\n|-damage|p2a: Garganacl|58\/100\n|\n|-heal|p2a: Garganacl|64\/100|[from] item: Leftovers\n|upkeep\n|turn|34\n|\n|t:|1700625288\n|move|p2a: Garganacl|Salt Cure|p1a: Gliscor 2.0\n|-resisted|p1a: Gliscor 2.0\n|-damage|p1a: Gliscor 2.0|93\/100\n|-start|p1a: Gliscor 2.0|Salt Cure\n|move|p1a: Gliscor 2.0|High Horsepower|p2a: Garganacl\n|-supereffective|p2a: Garganacl\n|-damage|p2a: Garganacl|27\/100\n|\n|-heal|p2a: Garganacl|33\/100|[from] item: Leftovers\n|-heal|p1a: Gliscor 2.0|99\/100|[from] item: Leftovers\n|-damage|p1a: Gliscor 2.0|86\/100|[from] Salt Cure\n|upkeep\n|turn|35\n|\n|t:|1700625307\n|switch|p1a: Rillabomb|Rillaboom, M|41\/100\n|-fieldstart|move: Grassy Terrain|[from] ability: Grassy Surge|[of] p1a: Rillabomb\n|move|p2a: Garganacl|Recover|p2a: Garganacl\n|-heal|p2a: Garganacl|83\/100\n|\n|-heal|p1a: Rillabomb|47\/100|[from] Grassy Terrain\n|-heal|p2a: Garganacl|89\/100|[from] Grassy Terrain\n|-heal|p2a: Garganacl|95\/100|[from] item: Leftovers\n|upkeep\n|turn|36\n|inactive|manaphymoments has 120 seconds left.\n|\n|t:|1700625342\n|move|p1a: Rillabomb|Knock Off|p2a: Garganacl\n|-damage|p2a: Garganacl|84\/100\n|-enditem|p2a: Garganacl|Leftovers|[from] move: Knock Off|[of] p1a: Rillabomb\n|move|p2a: Garganacl|Body Press|p1a: Rillabomb\n|-damage|p1a: Rillabomb|0 fnt\n|faint|p1a: Rillabomb\n|\n|-heal|p2a: Garganacl|90\/100|[from] Grassy Terrain\n|upkeep\n|\n|t:|1700625348\n|switch|p1a: Gliscor 2.0|Clodsire, F|86\/100\n|turn|37\n|\n|t:|1700625357\n|move|p2a: Garganacl|Salt Cure|p1a: Gliscor 2.0\n|-resisted|p1a: Gliscor 2.0\n|-damage|p1a: Gliscor 2.0|78\/100\n|-start|p1a: Gliscor 2.0|Salt Cure\n|move|p1a: Gliscor 2.0|High Horsepower|p2a: Garganacl\n|-supereffective|p2a: Garganacl\n|-damage|p2a: Garganacl|57\/100\n|\n|-heal|p2a: Garganacl|64\/100|[from] Grassy Terrain\n|-heal|p1a: Gliscor 2.0|85\/100|[from] Grassy Terrain\n|-heal|p1a: Gliscor 2.0|91\/100|[from] item: Leftovers\n|-damage|p1a: Gliscor 2.0|78\/100|[from] Salt Cure\n|upkeep\n|turn|38\n|\n|t:|1700625367\n|move|p2a: Garganacl|Body Press|p1a: Gliscor 2.0\n|-resisted|p1a: Gliscor 2.0\n|-damage|p1a: Gliscor 2.0|66\/100\n|move|p1a: Gliscor 2.0|High Horsepower|p2a: Garganacl\n|-supereffective|p2a: Garganacl\n|-damage|p2a: Garganacl|29\/100\n|\n|-heal|p2a: Garganacl|35\/100|[from] Grassy Terrain\n|-heal|p1a: Gliscor 2.0|72\/100|[from] Grassy Terrain\n|-heal|p1a: Gliscor 2.0|78\/100|[from] item: Leftovers\n|-damage|p1a: Gliscor 2.0|66\/100|[from] Salt Cure\n|upkeep\n|turn|39\n|\n|t:|1700625376\n|move|p2a: Garganacl|Recover|p2a: Garganacl\n|-heal|p2a: Garganacl|85\/100\n|move|p1a: Gliscor 2.0|High Horsepower|p2a: Garganacl\n|-supereffective|p2a: Garganacl\n|-damage|p2a: Garganacl|48\/100\n|\n|-heal|p2a: Garganacl|54\/100|[from] Grassy Terrain\n|-heal|p1a: Gliscor 2.0|72\/100|[from] Grassy Terrain\n|-heal|p1a: Gliscor 2.0|78\/100|[from] item: Leftovers\n|-damage|p1a: Gliscor 2.0|66\/100|[from] Salt Cure\n|-fieldend|move: Grassy Terrain\n|upkeep\n|turn|40\n|\n|t:|1700625383\n|switch|p2a: Great Tusk|Great Tusk|100\/100\n|move|p1a: Gliscor 2.0|High Horsepower|p2a: Great Tusk\n|-damage|p2a: Great Tusk|87\/100\n|\n|-heal|p1a: Gliscor 2.0|72\/100|[from] item: Leftovers\n|-damage|p1a: Gliscor 2.0|59\/100|[from] Salt Cure\n|upkeep\n|turn|41\n|inactive|manaphymoments has 120 seconds left.\n|\n|t:|1700625401\n|switch|p1a: Amomaloamala|Alomomola, M|62\/100\n|move|p2a: Great Tusk|Earthquake|p1a: Amomaloamala\n|-damage|p1a: Amomaloamala|33\/100\n|\n|upkeep\n|turn|42\n|\n|t:|1700625409\n|move|p2a: Great Tusk|Earthquake|p1a: Amomaloamala\n|-damage|p1a: Amomaloamala|8\/100\n|move|p1a: Amomaloamala|Wish|p1a: Amomaloamala\n|\n|upkeep\n|turn|43\n|\n|t:|1700625413\n|move|p1a: Amomaloamala|Protect|p1a: Amomaloamala\n|-singleturn|p1a: Amomaloamala|Protect\n|move|p2a: Great Tusk|Earthquake|p1a: Amomaloamala\n|-activate|p1a: Amomaloamala|move: Protect\n|\n|-heal|p1a: Amomaloamala|57\/100|[from] move: Wish|[wisher] Amomaloamala\n|upkeep\n|turn|44\n|\n|t:|1700625418\n|-end|p2a: Great Tusk|Protosynthesis|[silent]\n|switch|p2a: Cresselia|Cresselia, F, shiny|11\/100 tox\n|move|p1a: Amomaloamala|Wish|p1a: Amomaloamala\n|\n|-heal|p2a: Cresselia|17\/100 tox|[from] item: Leftovers\n|-damage|p2a: Cresselia|11\/100 tox|[from] psn\n|upkeep\n|turn|45\n|\n|t:|1700625424\n|move|p1a: Amomaloamala|Protect|p1a: Amomaloamala\n|-singleturn|p1a: Amomaloamala|Protect\n|move|p2a: Cresselia|Moonlight|p2a: Cresselia\n|-heal|p2a: Cresselia|61\/100 tox\n|\n|-heal|p1a: Amomaloamala|100\/100|[from] move: Wish|[wisher] Amomaloamala\n|-heal|p2a: Cresselia|67\/100 tox|[from] item: Leftovers\n|-damage|p2a: Cresselia|55\/100 tox|[from] psn\n|upkeep\n|turn|46\n|\n|t:|1700625437\n|move|p2a: Cresselia|Calm Mind|p2a: Cresselia\n|-boost|p2a: Cresselia|spa|1\n|-boost|p2a: Cresselia|spd|1\n|move|p1a: Amomaloamala|Flip Turn|p2a: Cresselia\n|-damage|p2a: Cresselia|46\/100 tox\n|\n|t:|1700625439\n|switch|p1a: Gliscor 2.0|Clodsire, F|59\/100|[from] Flip Turn\n|\n|-heal|p2a: Cresselia|52\/100 tox|[from] item: Leftovers\n|-heal|p1a: Gliscor 2.0|66\/100|[from] item: Leftovers\n|-damage|p2a: Cresselia|33\/100 tox|[from] psn\n|upkeep\n|turn|47\n|\n|t:|1700625461\n|move|p2a: Cresselia|Stored Power|p1a: Gliscor 2.0\n|-supereffective|p1a: Gliscor 2.0\n|-damage|p1a: Gliscor 2.0|50\/100\n|move|p1a: Gliscor 2.0|Toxic|p2a: Cresselia\n|-fail|p2a: Cresselia|tox\n|\n|-heal|p2a: Cresselia|39\/100 tox|[from] item: Leftovers\n|-heal|p1a: Gliscor 2.0|56\/100|[from] item: Leftovers\n|-damage|p2a: Cresselia|15\/100 tox|[from] psn\n|upkeep\n|turn|48\n|inactive|manaphymoments has 120 seconds left.\n|inactive|manaphymoments has 90 seconds left.\n|\n|t:|1700625522\n|move|p2a: Cresselia|Stored Power|p1a: Gliscor 2.0\n|-supereffective|p1a: Gliscor 2.0\n|-damage|p1a: Gliscor 2.0|37\/100\n|move|p1a: Gliscor 2.0|Recover|p1a: Gliscor 2.0\n|-heal|p1a: Gliscor 2.0|87\/100\n|\n|-heal|p2a: Cresselia|21\/100 tox|[from] item: Leftovers\n|-heal|p1a: Gliscor 2.0|94\/100|[from] item: Leftovers\n|-damage|p2a: Cresselia|0 fnt|[from] psn\n|faint|p2a: Cresselia\n|upkeep\n|\n|t:|1700625527\n|switch|p2a: Great Tusk|Great Tusk|87\/100\n|turn|49\n|\n|t:|1700625548\n|switch|p1a: Amomaloamala|Alomomola, M|100\/100\n|move|p2a: Great Tusk|Rapid Spin|p1a: Amomaloamala\n|-damage|p1a: Amomaloamala|91\/100\n|-boost|p2a: Great Tusk|spe|1\n|-sideend|p2: manaphymoments|Spikes|[from] move: Rapid Spin|[of] p2a: Great Tusk\n|\n|upkeep\n|turn|50\n|inactive|manaphymoments has 90 seconds left.\n|\n|t:|1700625575\n|move|p2a: Great Tusk|Earthquake|p1a: Amomaloamala\n|-damage|p1a: Amomaloamala|65\/100\n|move|p1a: Amomaloamala|Scald|p2a: Great Tusk\n|-supereffective|p2a: Great Tusk\n|-damage|p2a: Great Tusk|50\/100\n|\n|upkeep\n|turn|51\n|\n|t:|1700625584\n|-end|p2a: Great Tusk|Protosynthesis|[silent]\n|switch|p2a: Garganacl|Garganacl, M|54\/100\n|move|p1a: Amomaloamala|Wish|p1a: Amomaloamala\n|\n|upkeep\n|turn|52\n|\n|t:|1700625594\n|move|p1a: Amomaloamala|Flip Turn|p2a: Garganacl\n|-supereffective|p2a: Garganacl\n|-damage|p2a: Garganacl|31\/100\n|\n|t:|1700625595\n|switch|p1a: Gliscor 2.0|Clodsire, F|94\/100|[from] Flip Turn\n|move|p2a: Garganacl|Recover|p2a: Garganacl\n|-heal|p2a: Garganacl|81\/100\n|\n|-heal|p1a: Gliscor 2.0|100\/100|[from] move: Wish|[wisher] Amomaloamala\n|upkeep\n|turn|53\n|\n|t:|1700625611\n|move|p2a: Garganacl|Salt Cure|p1a: Gliscor 2.0\n|-resisted|p1a: Gliscor 2.0\n|-damage|p1a: Gliscor 2.0|92\/100\n|-start|p1a: Gliscor 2.0|Salt Cure\n|move|p1a: Gliscor 2.0|High Horsepower|p2a: Garganacl\n|-supereffective|p2a: Garganacl\n|-damage|p2a: Garganacl|49\/100\n|\n|-heal|p1a: Gliscor 2.0|99\/100|[from] item: Leftovers\n|-damage|p1a: Gliscor 2.0|86\/100|[from] Salt Cure\n|upkeep\n|turn|54\n|inactive|manaphymoments has 90 seconds left.\n|\n|t:|1700625630\n|move|p2a: Garganacl|Recover|p2a: Garganacl\n|-heal|p2a: Garganacl|99\/100\n|move|p1a: Gliscor 2.0|Spikes|p2a: Garganacl\n|-sidestart|p2: manaphymoments|Spikes\n|\n|-heal|p1a: Gliscor 2.0|92\/100|[from] item: Leftovers\n|-damage|p1a: Gliscor 2.0|80\/100|[from] Salt Cure\n|upkeep\n|turn|55\n|\n|t:|1700625635\n|switch|p2a: Great Tusk|Great Tusk|50\/100\n|move|p1a: Gliscor 2.0|Spikes|p2a: Great Tusk\n|-sidestart|p2: manaphymoments|Spikes\n|\n|-heal|p1a: Gliscor 2.0|86\/100|[from] item: Leftovers\n|-damage|p1a: Gliscor 2.0|74\/100|[from] Salt Cure\n|upkeep\n|turn|56\n|\n|t:|1700625644\n|move|p2a: Great Tusk|Earthquake|p1a: Gliscor 2.0\n|-supereffective|p1a: Gliscor 2.0\n|-damage|p1a: Gliscor 2.0|0 fnt\n|faint|p1a: Gliscor 2.0\n|\n|upkeep\n|\n|t:|1700625650\n|switch|p1a: Pew Pew|Dragapult, F, tera:Fire|30\/100\n|turn|57\n|\n|t:|1700625661\n|move|p1a: Pew Pew|Draco Meteor|p2a: Great Tusk\n|-damage|p2a: Great Tusk|0 fnt\n|-unboost|p1a: Pew Pew|spa|2\n|faint|p2a: Great Tusk\n|-end|p2a: Great Tusk|Protosynthesis|[silent]\n|\n|-heal|p1a: Pew Pew|36\/100|[from] item: Leftovers\n|upkeep\n|\n|t:|1700625663\n|switch|p2a: Garganacl|Garganacl, M|99\/100\n|-damage|p2a: Garganacl|82\/100|[from] Spikes\n|turn|58\n|\n|t:|1700625678\n|move|p1a: Pew Pew|U-turn|p2a: Garganacl\n|-damage|p2a: Garganacl|70\/100\n|\n|t:|1700625680\n|switch|p1a: Amomaloamala|Alomomola, M|98\/100|[from] U-turn\n|move|p2a: Garganacl|Salt Cure|p1a: Amomaloamala\n|-damage|p1a: Amomaloamala|90\/100\n|-start|p1a: Amomaloamala|Salt Cure\n|\n|-damage|p1a: Amomaloamala|65\/100|[from] Salt Cure\n|upkeep\n|turn|59\n|inactive|manaphymoments has 120 seconds left.\n|inactive|Siliciferous_sand has 120 seconds left.\n|\n|t:|1700625725\n|move|p1a: Amomaloamala|Wish|p1a: Amomaloamala\n|move|p2a: Garganacl|Recover|p2a: Garganacl\n|-heal|p2a: Garganacl|100\/100\n|\n|-damage|p1a: Amomaloamala|40\/100|[from] Salt Cure\n|upkeep\n|turn|60\n|inactive|manaphymoments has 120 seconds left.\n|inactive|Siliciferous_sand has 120 seconds left.\n|\n|t:|1700625740\n|move|p1a: Amomaloamala|Scald|p2a: Garganacl\n|-supereffective|p2a: Garganacl\n|-damage|p2a: Garganacl|84\/100\n|move|p2a: Garganacl|Salt Cure|p1a: Amomaloamala\n|-damage|p1a: Amomaloamala|32\/100\n|\n|-heal|p1a: Amomaloamala|82\/100|[from] move: Wish|[wisher] Amomaloamala\n|-damage|p1a: Amomaloamala|57\/100|[from] Salt Cure\n|upkeep\n|turn|61\n|inactive|Siliciferous_sand has 120 seconds left.\n|inactive|manaphymoments has 120 seconds left.\n|\n|t:|1700625751\n|move|p1a: Amomaloamala|Wish|p1a: Amomaloamala\n|move|p2a: Garganacl|Iron Defense|p2a: Garganacl\n|-boost|p2a: Garganacl|def|2\n|\n|-damage|p1a: Amomaloamala|32\/100|[from] Salt Cure\n|upkeep\n|turn|62\n|inactive|Siliciferous_sand has 120 seconds left.\n|\n|t:|1700625772\n|move|p1a: Amomaloamala|Protect|p1a: Amomaloamala\n|-singleturn|p1a: Amomaloamala|Protect\n|move|p2a: Garganacl|Iron Defense|p2a: Garganacl\n|-boost|p2a: Garganacl|def|2\n|\n|-heal|p1a: Amomaloamala|82\/100|[from] move: Wish|[wisher] Amomaloamala\n|-damage|p1a: Amomaloamala|57\/100|[from] Salt Cure\n|upkeep\n|turn|63\n|\n|t:|1700625777\n|move|p1a: Amomaloamala|Scald|p2a: Garganacl\n|-supereffective|p2a: Garganacl\n|-damage|p2a: Garganacl|67\/100\n|move|p2a: Garganacl|Body Press|p1a: Amomaloamala\n|-damage|p1a: Amomaloamala|13\/100\n|\n|-damage|p1a: Amomaloamala|0 fnt|[from] Salt Cure\n|faint|p1a: Amomaloamala\n|upkeep\n|c|\u2606manaphymoments|ggs\n|inactive|Siliciferous_sand has 120 seconds left.\n|\n|t:|1700625783\n|switch|p1a: Pew Pew|Dragapult, F, tera:Fire|36\/100\n|turn|64\n|\n|t:|1700625786\n|move|p1a: Pew Pew|Draco Meteor|p2a: Garganacl\n|-damage|p2a: Garganacl|29\/100\n|-unboost|p1a: Pew Pew|spa|2\n|move|p2a: Garganacl|Body Press|p1a: Pew Pew\n|-damage|p1a: Pew Pew|0 fnt\n|faint|p1a: Pew Pew\n|\n|win|manaphymoments\n|raw|Siliciferous_sand's rating: 1227 &rarr; <strong>1210<\/strong><br \/>(-17 for losing)\n|raw|manaphymoments's rating: 1337 &rarr; <strong>1351<\/strong><br \/>(+14 for winning)\n|l|\u2606Siliciferous_sand\n","uploadtime":1700625796,"views":1,"p1id":"siliciferoussand","p2id":"manaphymoments","formatid":"gen9ou","rating":1210,"private":0,"password":""}