{"id":"gen9ou-1993105045","p1":"tottees","p2":"Juroni","format":"[Gen 9] OU","log":"|j|\u2606tottees\n|j|\u2606Juroni\n|t:|1700265322\n|gametype|singles\n|player|p1|tottees|guitarist|\n|player|p2|Juroni|marley|\n|teamsize|p1|6\n|teamsize|p2|6\n|gen|9\n|tier|[Gen 9] OU\n|rule|Sleep Clause Mod: Limit one foe put to sleep\n|rule|Species Clause: Limit one of each Pok\u00e9mon\n|rule|OHKO Clause: OHKO moves are banned\n|rule|Evasion Items Clause: Evasion items are banned\n|rule|Evasion Moves Clause: Evasion moves are banned\n|rule|Endless Battle Clause: Forcing endless battles is banned\n|rule|HP Percentage Mod: HP is shown in percentages\n|clearpoke\n|poke|p1|Slowking-Galar, F|\n|poke|p1|Iron Hands|\n|poke|p1|Hatterene, F|\n|poke|p1|Vaporeon, M|\n|poke|p1|Revavroom, F|\n|poke|p1|Kommo-o, M|\n|poke|p2|Umbreon, F|\n|poke|p2|Alomomola, F|\n|poke|p2|Ursaluna, F|\n|poke|p2|Corviknight, M|\n|poke|p2|Sinistcha|\n|poke|p2|Sneasler, F|\n|teampreview\n|l|\u2606tottees\n|player|p1|\n|c|\u2606Juroni|now here's the final battle!!!\n|j|\u2606tottees\n|player|p1|tottees|guitarist\n|\n|t:|1700265356\n|start\n|switch|p1a: Revavroom|Revavroom, F|100\/100\n|switch|p2a: Cordelia|Ursaluna, F|100\/100\n|turn|1\n|\n|t:|1700265369\n|switch|p1a: Kommo-o|Kommo-o, M|100\/100\n|move|p2a: Cordelia|Headlong Rush|p1a: Kommo-o\n|-damage|p1a: Kommo-o|36\/100\n|-unboost|p2a: Cordelia|def|1\n|-unboost|p2a: Cordelia|spd|1\n|\n|-status|p2a: Cordelia|brn|[from] item: Flame Orb\n|upkeep\n|turn|2\n|\n|t:|1700265387\n|switch|p2a: Caliban|Corviknight, M|100\/100\n|-ability|p2a: Caliban|Pressure\n|move|p1a: Kommo-o|Aura Sphere|p2a: Caliban\n|-damage|p2a: Caliban|65\/100\n|\n|upkeep\n|turn|3\n|\n|t:|1700265401\n|-terastallize|p2a: Caliban|Water\n|move|p1a: Kommo-o|Flamethrower|p2a: Caliban\n|-resisted|p2a: Caliban\n|-damage|p2a: Caliban|53\/100\n|move|p2a: Caliban|Brave Bird|p1a: Kommo-o\n|-supereffective|p1a: Kommo-o\n|-damage|p1a: Kommo-o|0 fnt\n|faint|p1a: Kommo-o\n|-damage|p2a: Caliban|44\/100|[from] Recoil\n|\n|upkeep\n|\n|t:|1700265412\n|switch|p1a: Iron Hands|Iron Hands|100\/100\n|turn|4\n|c|\u2606Juroni|ekusu calibaaaaaan\n|\n|t:|1700265426\n|-terastallize|p1a: Iron Hands|Flying\n|move|p2a: Caliban|Taunt|p1a: Iron Hands\n|-start|p1a: Iron Hands|move: Taunt\n|move|p1a: Iron Hands|Thunder Punch|p2a: Caliban\n|-supereffective|p2a: Caliban\n|-damage|p2a: Caliban|0 fnt\n|-damage|p1a: Iron Hands|84\/100|[from] item: Rocky Helmet|[of] p2a: Caliban\n|faint|p2a: Caliban\n|-damage|p1a: Iron Hands|74\/100|[from] item: Life Orb\n|\n|upkeep\n|\n|t:|1700265437\n|switch|p2a: Cordelia|Ursaluna, F|100\/100 brn\n|turn|5\n|\n|t:|1700265447\n|move|p1a: Iron Hands|Drain Punch|p2a: Cordelia\n|-supereffective|p2a: Cordelia\n|-damage|p2a: Cordelia|15\/100 brn\n|-heal|p1a: Iron Hands|100\/100|[from] drain|[of] p2a: Cordelia\n|-damage|p1a: Iron Hands|91\/100|[from] item: Life Orb\n|move|p2a: Cordelia|Avalanche|p1a: Iron Hands\n|-supereffective|p1a: Iron Hands\n|-damage|p1a: Iron Hands|17\/100\n|\n|-damage|p2a: Cordelia|8\/100 brn|[from] brn\n|upkeep\n|turn|6\n|c|\u2606Juroni|oh god that thing is phat\n|c|\u2606tottees|my baby boy\n|\n|t:|1700265488\n|move|p1a: Iron Hands|Drain Punch|p2a: Cordelia\n|-supereffective|p2a: Cordelia\n|-damage|p2a: Cordelia|0 fnt\n|-heal|p1a: Iron Hands|21\/100|[from] drain|[of] p2a: Cordelia\n|faint|p2a: Cordelia\n|-damage|p1a: Iron Hands|11\/100|[from] item: Life Orb\n|\n|-end|p1a: Iron Hands|move: Taunt\n|upkeep\n|\n|t:|1700265501\n|switch|p2a: Mab|Sinistcha|100\/100\n|turn|7\n|\n|t:|1700265510\n|-end|p1a: Iron Hands|Quark Drive|[silent]\n|switch|p1a: Vaporeon|Vaporeon, M|100\/100\n|move|p2a: Mab|Hex|p1a: Vaporeon\n|-damage|p1a: Vaporeon|75\/100\n|\n|-heal|p1a: Vaporeon|82\/100|[from] item: Leftovers\n|upkeep\n|turn|8\n|\n|t:|1700265532\n|move|p1a: Vaporeon|Protect|p1a: Vaporeon\n|-singleturn|p1a: Vaporeon|Protect\n|move|p2a: Mab|Calm Mind|p2a: Mab\n|-boost|p2a: Mab|spa|1\n|-boost|p2a: Mab|spd|1\n|\n|-heal|p1a: Vaporeon|88\/100|[from] item: Leftovers\n|upkeep\n|turn|9\n|\n|t:|1700265548\n|switch|p1a: Slowking|Slowking-Galar, F|100\/100\n|move|p2a: Mab|Matcha Gotcha|p1a: Slowking\n|-resisted|p1a: Slowking\n|-damage|p1a: Slowking|87\/100\n|-status|p1a: Slowking|brn\n|\n|-damage|p1a: Slowking|81\/100 brn|[from] brn\n|upkeep\n|turn|10\n|\n|t:|1700265562\n|move|p2a: Mab|Hex|p1a: Slowking\n|-supereffective|p1a: Slowking\n|-damage|p1a: Slowking|0 fnt\n|faint|p1a: Slowking\n|\n|upkeep\n|\n|t:|1700265570\n|switch|p1a: Revavroom|Revavroom, F|100\/100\n|turn|11\n|\n|t:|1700265595\n|move|p1a: Revavroom|Gunk Shot|p2a: Mab\n|-damage|p2a: Mab|5\/100\n|-damage|p1a: Revavroom|91\/100|[from] item: Life Orb\n|move|p2a: Mab|Hex|p1a: Revavroom\n|-damage|p1a: Revavroom|4\/100\n|\n|-heal|p2a: Mab|11\/100|[from] item: Leftovers\n|upkeep\n|turn|12\n|c|\u2606Juroni|*heavy sweating*\n|\n|t:|1700265616\n|move|p1a: Revavroom|Iron Head|p2a: Mab\n|-damage|p2a: Mab|0 fnt\n|faint|p2a: Mab\n|-damage|p1a: Revavroom|0 fnt|[from] item: Life Orb\n|faint|p1a: Revavroom\n|\n|upkeep\n|\n|t:|1700265642\n|switch|p1a: Hatterene|Hatterene, F|100\/100\n|switch|p2a: Ophelia|Alomomola, F|100\/100\n|turn|13\n|\n|t:|1700265658\n|move|p2a: Ophelia|Scald|p1a: Hatterene\n|-crit|p1a: Hatterene\n|-damage|p1a: Hatterene|85\/100\n|move|p1a: Hatterene|Trick Room|p1a: Hatterene\n|-fieldstart|move: Trick Room|[of] p1a: Hatterene\n|\n|-heal|p1a: Hatterene|91\/100|[from] item: Leftovers\n|upkeep\n|turn|14\n|c|\u2606Juroni|that's not good\n|\n|t:|1700265675\n|move|p1a: Hatterene|Psychic|p2a: Ophelia\n|-damage|p2a: Ophelia|50\/100\n|move|p2a: Ophelia|Scald|p1a: Hatterene\n|-damage|p1a: Hatterene|80\/100\n|\n|-heal|p1a: Hatterene|86\/100|[from] item: Leftovers\n|-heal|p2a: Ophelia|56\/100|[from] item: Leftovers\n|upkeep\n|turn|15\n|\n|t:|1700265685\n|move|p1a: Hatterene|Psychic|p2a: Ophelia\n|-damage|p2a: Ophelia|9\/100\n|move|p2a: Ophelia|Wish|p2a: Ophelia\n|\n|-heal|p1a: Hatterene|92\/100|[from] item: Leftovers\n|-heal|p2a: Ophelia|15\/100|[from] item: Leftovers\n|upkeep\n|turn|16\n|c|\u2606Juroni|that's really not good\n|\n|t:|1700265698\n|switch|p2a: Umbriel|Umbreon, F|100\/100\n|move|p1a: Hatterene|Psychic|p2a: Umbriel\n|-immune|p2a: Umbriel\n|\n|-heal|p1a: Hatterene|98\/100|[from] item: Leftovers\n|upkeep\n|turn|17\n|\n|t:|1700265707\n|switch|p1a: Vaporeon|Vaporeon, M|88\/100\n|move|p2a: Umbriel|Foul Play|p1a: Vaporeon\n|-damage|p1a: Vaporeon|75\/100\n|\n|-heal|p1a: Vaporeon|82\/100|[from] item: Leftovers\n|-fieldend|move: Trick Room\n|upkeep\n|turn|18\n|\n|t:|1700265720\n|move|p2a: Umbriel|Toxic|p1a: Vaporeon\n|-status|p1a: Vaporeon|tox\n|move|p1a: Vaporeon|Wish|p1a: Vaporeon\n|\n|-heal|p1a: Vaporeon|88\/100 tox|[from] item: Leftovers\n|-damage|p1a: Vaporeon|82\/100 tox|[from] psn\n|upkeep\n|turn|19\n|\n|t:|1700265728\n|switch|p2a: Ophelia|Alomomola, F|49\/100\n|move|p1a: Vaporeon|Scald|p2a: Ophelia\n|-resisted|p2a: Ophelia\n|-damage|p2a: Ophelia|32\/100\n|-status|p2a: Ophelia|brn\n|\n|-heal|p1a: Vaporeon|100\/100 tox|[from] move: Wish|[wisher] Vaporeon\n|-heal|p2a: Ophelia|39\/100 brn|[from] item: Leftovers\n|-damage|p1a: Vaporeon|88\/100 tox|[from] psn\n|-damage|p2a: Ophelia|32\/100 brn|[from] brn\n|upkeep\n|turn|20\n|\n|t:|1700265741\n|switch|p1a: Iron Hands|Iron Hands, tera:Flying|11\/100\n|move|p2a: Ophelia|Wish|p2a: Ophelia\n|\n|-heal|p2a: Ophelia|39\/100 brn|[from] item: Leftovers\n|-damage|p2a: Ophelia|32\/100 brn|[from] brn\n|upkeep\n|turn|21\n|\n|t:|1700265771\n|switch|p2a: Perdita|Sneasler, F|100\/100\n|-ability|p2a: Perdita|Pressure\n|move|p1a: Iron Hands|Thunder Punch|p2a: Perdita\n|-crit|p2a: Perdita\n|-enditem|p2a: Perdita|Focus Sash\n|-damage|p2a: Perdita|1\/100\n|-damage|p1a: Iron Hands|1\/100|[from] item: Life Orb\n|\n|-heal|p2a: Perdita|89\/100|[from] move: Wish|[wisher] Ophelia\n|upkeep\n|turn|22\n|c|\u2606Juroni|a shame Pursuit don't exists anymore huh\n|\n|t:|1700265793\n|-end|p1a: Iron Hands|Quark Drive|[silent]\n|switch|p1a: Vaporeon|Vaporeon, M|88\/100 tox\n|move|p2a: Perdita|Aerial Ace|p1a: Vaporeon\n|-damage|p1a: Vaporeon|72\/100 tox\n|\n|-heal|p1a: Vaporeon|79\/100 tox|[from] item: Leftovers\n|-damage|p1a: Vaporeon|72\/100 tox|[from] psn\n|upkeep\n|turn|23\n|\n|t:|1700265809\n|move|p2a: Perdita|Swords Dance|p2a: Perdita\n|-boost|p2a: Perdita|atk|2\n|move|p1a: Vaporeon|Scald|p2a: Perdita\n|-damage|p2a: Perdita|47\/100\n|\n|-heal|p1a: Vaporeon|79\/100 tox|[from] item: Leftovers\n|-damage|p1a: Vaporeon|66\/100 tox|[from] psn\n|upkeep\n|turn|24\n|\n|t:|1700265827\n|move|p2a: Perdita|Close Combat|p1a: Vaporeon\n|-damage|p1a: Vaporeon|0 fnt\n|-unboost|p2a: Perdita|def|1\n|-unboost|p2a: Perdita|spd|1\n|faint|p1a: Vaporeon\n|\n|upkeep\n|\n|t:|1700265845\n|switch|p1a: Hatterene|Hatterene, F|98\/100\n|turn|25\n|\n|t:|1700265860\n|move|p2a: Perdita|Dire Claw|p1a: Hatterene\n|-supereffective|p1a: Hatterene\n|-damage|p1a: Hatterene|0 fnt\n|faint|p1a: Hatterene\n|\n|upkeep\n|\n|t:|1700265864\n|switch|p1a: Iron Hands|Iron Hands, tera:Flying|1\/100\n|turn|26\n|\n|t:|1700265869\n|move|p2a: Perdita|Aerial Ace|p1a: Iron Hands\n|-damage|p1a: Iron Hands|0 fnt\n|faint|p1a: Iron Hands\n|-end|p1a: Iron Hands|Quark Drive|[silent]\n|\n|win|Juroni\n|c|\u2606tottees|gg\n|c|\u2606Juroni|great battles\n","uploadtime":1700265893,"views":31,"p1id":"tottees","p2id":"juroni","formatid":"gen9ou","rating":0,"private":0,"password":""}