{"id":"gen9ou-2000644547","p1":"ratatta17","p2":"i luv chief keef","format":"[Gen 9] OU","log":"|j|\u2606ratatta17\n|j|\u2606i luv chief keef\n|t:|1701213918\n|gametype|singles\n|player|p1|ratatta17|266|1444\n|player|p2|i luv chief keef|2|1334\n|teamsize|p1|6\n|teamsize|p2|6\n|gen|9\n|tier|[Gen 9] OU\n|rated|\n|rule|Sleep Clause Mod: Limit one foe put to sleep\n|rule|Species Clause: Limit one of each Pok\u00e9mon\n|rule|OHKO Clause: OHKO moves are banned\n|rule|Evasion Items Clause: Evasion items are banned\n|rule|Evasion Moves Clause: Evasion moves are banned\n|rule|Endless Battle Clause: Forcing endless battles is banned\n|rule|HP Percentage Mod: HP is shown in percentages\n|clearpoke\n|poke|p1|Azumarill, M|\n|poke|p1|Staraptor, F|\n|poke|p1|Toedscruel, F|\n|poke|p1|Skeledirge, M|\n|poke|p1|Ninetales-Alola, F|\n|poke|p1|Iron Valiant|\n|poke|p2|Alomomola, F|\n|poke|p2|Slowking-Galar, F|\n|poke|p2|Kingambit, F|\n|poke|p2|Great Tusk|\n|poke|p2|Cinderace, F|\n|poke|p2|Thundurus-Therian, M|\n|teampreview\n|inactive|Battle timer is ON: inactive players will automatically lose when time's up. (requested by ratatta17)\n|\n|t:|1701213928\n|start\n|switch|p1a: Staraptor|Staraptor, F|100\/100\n|switch|p2a: Slowking|Slowking-Galar, F|100\/100\n|-ability|p1a: Staraptor|Intimidate|boost\n|-unboost|p2a: Slowking|atk|1\n|turn|1\n|\n|t:|1701213938\n|switch|p2a: Great Tusk|Great Tusk|100\/100\n|move|p1a: Staraptor|U-turn|p2a: Great Tusk\n|-resisted|p2a: Great Tusk\n|-damage|p2a: Great Tusk|94\/100\n|-damage|p1a: Staraptor|84\/100|[from] item: Rocky Helmet|[of] p2a: Great Tusk\n|\n|t:|1701213948\n|switch|p1a: Ninetales|Ninetales-Alola, F|100\/100|[from] U-turn\n|-weather|Snow|[from] ability: Snow Warning|[of] p1a: Ninetales\n|\n|-weather|Snow|[upkeep]\n|upkeep\n|turn|2\n|\n|t:|1701213954\n|-end|p2a: Great Tusk|Protosynthesis|[silent]\n|switch|p2a: Cinderace|Cinderace, F|100\/100\n|move|p1a: Ninetales|Aurora Veil|p1a: Ninetales\n|-sidestart|p1: ratatta17|move: Aurora Veil\n|\n|-weather|Snow|[upkeep]\n|upkeep\n|turn|3\n|\n|t:|1701213958\n|move|p2a: Cinderace|Court Change|p2a: Cinderace\n|-start|p2a: Cinderace|typechange|Normal|[from] ability: Libero\n|-swapsideconditions\n|-activate|p2a: Cinderace|move: Court Change\n|move|p1a: Ninetales|Encore|p2a: Cinderace\n|-start|p2a: Cinderace|Encore\n|\n|-weather|Snow|[upkeep]\n|upkeep\n|turn|4\n|\n|t:|1701213966\n|switch|p2a: Kingambit|Kingambit, F|100\/100\n|move|p1a: Ninetales|Aurora Veil|p1a: Ninetales\n|-sidestart|p1: ratatta17|move: Aurora Veil\n|\n|-weather|Snow|[upkeep]\n|upkeep\n|turn|5\n|\n|t:|1701213971\n|switch|p1a: Toedscruel|Toedscruel, F|100\/100\n|move|p2a: Kingambit|Iron Head|p1a: Toedscruel\n|-damage|p1a: Toedscruel|71\/100\n|\n|-weather|none\n|-heal|p1a: Toedscruel|77\/100|[from] item: Leftovers\n|upkeep\n|turn|6\n|\n|t:|1701213979\n|-end|p2a: Kingambit|fallenundefined|[silent]\n|switch|p2a: Slowking|Slowking-Galar, F|100\/100\n|move|p1a: Toedscruel|Spore|p2a: Slowking\n|-status|p2a: Slowking|slp|[from] move: Spore\n|\n|-heal|p1a: Toedscruel|83\/100|[from] item: Leftovers\n|upkeep\n|turn|7\n|\n|t:|1701213986\n|switch|p1a: Skeledirge|Skeledirge, M|100\/100\n|cant|p2a: Slowking|slp\n|\n|upkeep\n|turn|8\n|\n|t:|1701213993\n|switch|p2a: Alomomola|Alomomola, F|100\/100\n|move|p1a: Skeledirge|Torch Song|p2a: Alomomola\n|-resisted|p2a: Alomomola\n|-damage|p2a: Alomomola|94\/100\n|-boost|p1a: Skeledirge|spa|1\n|-enditem|p2a: Alomomola|Red Card|[of] p1a: Skeledirge\n|drag|p1a: Ninetales|Ninetales-Alola, F|100\/100\n|-weather|Snow|[from] ability: Snow Warning|[of] p1a: Ninetales\n|\n|-weather|Snow|[upkeep]\n|upkeep\n|turn|9\n|\n|t:|1701214003\n|switch|p1a: Skeledirge|Skeledirge, M|100\/100\n|move|p2a: Alomomola|Flip Turn|p1a: Skeledirge\n|-supereffective|p1a: Skeledirge\n|-damage|p1a: Skeledirge|86\/100\n|\n|t:|1701214013\n|switch|p2a: Thundurus|Thundurus-Therian, M|100\/100|[from] Flip Turn\n|\n|-weather|Snow|[upkeep]\n|-heal|p1a: Skeledirge|92\/100|[from] item: Leftovers\n|-sideend|p2: i luv chief keef|move: Aurora Veil\n|upkeep\n|turn|10\n|\n|t:|1701214019\n|switch|p1a: Toedscruel|Toedscruel, F|83\/100\n|move|p2a: Thundurus|Knock Off|p1a: Toedscruel\n|-damage|p1a: Toedscruel|69\/100\n|-enditem|p1a: Toedscruel|Leftovers|[from] move: Knock Off|[of] p2a: Thundurus\n|\n|-weather|Snow|[upkeep]\n|upkeep\n|turn|11\n|\n|t:|1701214030\n|switch|p2a: Slowking|Slowking-Galar, F|100\/100 slp\n|move|p1a: Toedscruel|Knock Off|p2a: Slowking\n|-supereffective|p2a: Slowking\n|-crit|p2a: Slowking\n|-damage|p2a: Slowking|47\/100 slp\n|-enditem|p2a: Slowking|Heavy-Duty Boots|[from] move: Knock Off|[of] p1a: Toedscruel\n|\n|-weather|Snow|[upkeep]\n|-sideend|p1: ratatta17|move: Aurora Veil\n|upkeep\n|turn|12\n|\n|t:|1701214038\n|cant|p2a: Slowking|slp\n|move|p1a: Toedscruel|Leech Seed|p2a: Slowking\n|-start|p2a: Slowking|move: Leech Seed\n|\n|-weather|none\n|-damage|p2a: Slowking|34\/100 slp|[from] Leech Seed|[of] p1a: Toedscruel\n|-heal|p1a: Toedscruel|83\/100|[silent]\n|upkeep\n|turn|13\n|\n|t:|1701214048\n|switch|p1a: Staraptor|Staraptor, F|84\/100\n|-ability|p1a: Staraptor|Intimidate|boost\n|-unboost|p2a: Slowking|atk|1\n|cant|p2a: Slowking|slp\n|\n|-damage|p2a: Slowking|22\/100 slp|[from] Leech Seed|[of] p1a: Staraptor\n|-heal|p1a: Staraptor|97\/100|[silent]\n|upkeep\n|turn|14\n|\n|t:|1701214057\n|switch|p2a: Alomomola|Alomomola, F|100\/100\n|move|p1a: Staraptor|Final Gambit|p2a: Alomomola\n|-damage|p2a: Alomomola|24\/100\n|faint|p1a: Staraptor\n|\n|upkeep\n|\n|t:|1701214059\n|switch|p1a: Iron Valiant|Iron Valiant|100\/100\n|turn|15\n|\n|t:|1701214070\n|move|p1a: Iron Valiant|Aura Sphere|p2a: Alomomola\n|-damage|p2a: Alomomola|0 fnt\n|faint|p2a: Alomomola\n|-damage|p1a: Iron Valiant|91\/100|[from] item: Life Orb\n|\n|upkeep\n|\n|t:|1701214078\n|switch|p2a: Slowking|Slowking-Galar, F|55\/100 slp\n|turn|16\n|\n|t:|1701214081\n|move|p1a: Iron Valiant|Knock Off|p2a: Slowking\n|-supereffective|p2a: Slowking\n|-damage|p2a: Slowking|7\/100 slp\n|-damage|p1a: Iron Valiant|81\/100|[from] item: Life Orb\n|-curestatus|p2a: Slowking|slp|[msg]\n|move|p2a: Slowking|Thunder Wave|p1a: Iron Valiant\n|-status|p1a: Iron Valiant|par\n|\n|upkeep\n|turn|17\n|\n|t:|1701214096\n|switch|p2a: Great Tusk|Great Tusk|94\/100\n|move|p1a: Iron Valiant|Moonblast|p2a: Great Tusk\n|-supereffective|p2a: Great Tusk\n|-damage|p2a: Great Tusk|0 fnt\n|faint|p2a: Great Tusk\n|-end|p2a: Great Tusk|Protosynthesis|[silent]\n|-damage|p1a: Iron Valiant|71\/100 par|[from] item: Life Orb\n|\n|upkeep\n|\n|t:|1701214105\n|switch|p2a: Kingambit|Kingambit, F|100\/100\n|-activate|p2a: Kingambit|ability: Supreme Overlord\n|-start|p2a: Kingambit|fallen2|[silent]\n|turn|18\n|\n|t:|1701214115\n|-terastallize|p2a: Kingambit|Flying\n|cant|p1a: Iron Valiant|par\n|move|p2a: Kingambit|Swords Dance|p2a: Kingambit\n|-boost|p2a: Kingambit|atk|2\n|\n|upkeep\n|turn|19\n|\n|t:|1701214124\n|move|p1a: Iron Valiant|Thunderbolt|p2a: Kingambit\n|-supereffective|p2a: Kingambit\n|-damage|p2a: Kingambit|27\/100\n|-status|p2a: Kingambit|par\n|-damage|p1a: Iron Valiant|62\/100 par|[from] item: Life Orb\n|move|p2a: Kingambit|Iron Head|p1a: Iron Valiant\n|-supereffective|p1a: Iron Valiant\n|-damage|p1a: Iron Valiant|0 fnt\n|faint|p1a: Iron Valiant\n|-end|p1a: Iron Valiant|Quark Drive|[silent]\n|\n|-heal|p2a: Kingambit|33\/100 par|[from] item: Leftovers\n|upkeep\n|inactive|ratatta17 has 120 seconds left.\n|\n|t:|1701214180\n|switch|p1a: Skeledirge|Skeledirge, M|92\/100\n|turn|20\n|\n|t:|1701214183\n|move|p2a: Kingambit|Sucker Punch|p1a: Skeledirge\n|-supereffective|p1a: Skeledirge\n|-damage|p1a: Skeledirge|15\/100\n|move|p1a: Skeledirge|Hex|p2a: Kingambit\n|-damage|p2a: Kingambit|0 fnt\n|faint|p2a: Kingambit\n|-end|p2a: Kingambit|fallen2|[silent]\n|\n|-heal|p1a: Skeledirge|21\/100|[from] item: Leftovers\n|upkeep\n|\n|t:|1701214194\n|switch|p2a: Thundurus|Thundurus-Therian, M|100\/100\n|turn|21\n|\n|t:|1701214213\n|switch|p2a: Cinderace|Cinderace, F|100\/100\n|switch|p1a: Ninetales|Ninetales-Alola, F|100\/100\n|-weather|Snow|[from] ability: Snow Warning|[of] p1a: Ninetales\n|\n|-weather|Snow|[upkeep]\n|upkeep\n|turn|22\n|\n|t:|1701214224\n|move|p2a: Cinderace|Pyro Ball|p1a: Ninetales\n|-supereffective|p1a: Ninetales\n|-crit|p1a: Ninetales\n|-damage|p1a: Ninetales|0 fnt\n|faint|p1a: Ninetales\n|\n|-weather|Snow|[upkeep]\n|upkeep\n|\n|t:|1701214229\n|switch|p1a: Skeledirge|Skeledirge, M|21\/100\n|turn|23\n|\n|t:|1701214233\n|move|p2a: Cinderace|Pyro Ball|p1a: Skeledirge\n|-resisted|p1a: Skeledirge\n|-damage|p1a: Skeledirge|0 fnt\n|faint|p1a: Skeledirge\n|\n|-weather|Snow|[upkeep]\n|upkeep\n|\n|t:|1701214240\n|switch|p1a: Azumarill|Azumarill, M|100\/100\n|turn|24\n|\n|t:|1701214243\n|move|p2a: Cinderace|Will-O-Wisp|p1a: Azumarill\n|-status|p1a: Azumarill|brn\n|move|p1a: Azumarill|Belly Drum|p1a: Azumarill\n|-damage|p1a: Azumarill|50\/100 brn\n|-setboost|p1a: Azumarill|atk|6|[from] move: Belly Drum\n|-enditem|p1a: Azumarill|Sitrus Berry|[eat]\n|-heal|p1a: Azumarill|75\/100 brn|[from] item: Sitrus Berry\n|\n|-weather|Snow|[upkeep]\n|-damage|p1a: Azumarill|69\/100 brn|[from] brn\n|upkeep\n|turn|25\n|\n|t:|1701214254\n|switch|p2a: Slowking|Slowking-Galar, F|40\/100\n|move|p1a: Azumarill|Aqua Jet|p2a: Slowking\n|-damage|p2a: Slowking|0 fnt\n|faint|p2a: Slowking\n|\n|-weather|none\n|-damage|p1a: Azumarill|63\/100 brn|[from] brn\n|upkeep\n|\n|t:|1701214262\n|switch|p2a: Thundurus|Thundurus-Therian, M|100\/100\n|turn|26\n|\n|t:|1701214282\n|-terastallize|p1a: Azumarill|Steel\n|move|p1a: Azumarill|Aqua Jet|p2a: Thundurus\n|-damage|p2a: Thundurus|23\/100\n|move|p2a: Thundurus|Tera Blast|p1a: Azumarill\n|-resisted|p1a: Azumarill\n|-damage|p1a: Azumarill|42\/100 brn\n|\n|-damage|p1a: Azumarill|35\/100 brn|[from] brn\n|upkeep\n|turn|27\n|\n|t:|1701214290\n|move|p1a: Azumarill|Aqua Jet|p2a: Thundurus\n|-damage|p2a: Thundurus|0 fnt\n|faint|p2a: Thundurus\n|\n|-damage|p1a: Azumarill|29\/100 brn|[from] brn\n|upkeep\n|\n|t:|1701214296\n|switch|p2a: Cinderace|Cinderace, F|100\/100\n|turn|28\n|\n|t:|1701214300\n|move|p1a: Azumarill|Aqua Jet|p2a: Cinderace\n|-supereffective|p2a: Cinderace\n|-damage|p2a: Cinderace|0 fnt\n|faint|p2a: Cinderace\n|\n|win|ratatta17\n|raw|ratatta17's rating: 1444 &rarr; <strong>1458<\/strong><br \/>(+14 for winning)\n|raw|i luv chief keef's rating: 1334 &rarr; <strong>1320<\/strong><br \/>(-14 for losing)\n|l|\u2606i luv chief keef\n","uploadtime":1701214321,"views":1,"p1id":"ratatta17","p2id":"iluvchiefkeef","formatid":"gen9ou","rating":1320,"private":0,"password":""}