{"id":"gen9ou-1991437865","p1":"Foxight","p2":"newbeegs","format":"[Gen 9] OU","log":"|j|\u2606Foxight\n|j|\u2606newbeegs\n|t:|1700077082\n|gametype|singles\n|player|p1|Foxight|266|1176\n|player|p2|newbeegs|2|1242\n|teamsize|p1|6\n|teamsize|p2|6\n|gen|9\n|tier|[Gen 9] OU\n|rated|\n|rule|Sleep Clause Mod: Limit one foe put to sleep\n|rule|Species Clause: Limit one of each Pok\u00e9mon\n|rule|OHKO Clause: OHKO moves are banned\n|rule|Evasion Items Clause: Evasion items are banned\n|rule|Evasion Moves Clause: Evasion moves are banned\n|rule|Endless Battle Clause: Forcing endless battles is banned\n|rule|HP Percentage Mod: HP is shown in percentages\n|clearpoke\n|poke|p1|Dragonite, M|\n|poke|p1|Blissey, F|\n|poke|p1|Gholdengo|\n|poke|p1|Dondozo, M|\n|poke|p1|Cinderace, F|\n|poke|p1|Rotom-Wash|\n|poke|p2|Ogerpon-Wellspring, F|\n|poke|p2|Clefable, F|\n|poke|p2|Dragapult, M|\n|poke|p2|Rillaboom, F|\n|poke|p2|Heatran, M|\n|poke|p2|Walking Wake|\n|teampreview\n|inactive|Battle timer is ON: inactive players will automatically lose when time's up. (requested by Foxight)\n|\n|t:|1700077091\n|start\n|switch|p1a: Cinderace|Cinderace, F|100\/100\n|switch|p2a: Clefable|Clefable, F|100\/100\n|turn|1\n|\n|t:|1700077098\n|move|p1a: Cinderace|Pyro Ball|p2a: Clefable|[miss]\n|-miss|p1a: Cinderace|p2a: Clefable\n|move|p2a: Clefable|Cosmic Power|p2a: Clefable\n|-boost|p2a: Clefable|def|1\n|-boost|p2a: Clefable|spd|1\n|\n|upkeep\n|turn|2\n|\n|t:|1700077105\n|switch|p1a: Gholdengo|Gholdengo|100\/100\n|move|p2a: Clefable|Cosmic Power|p2a: Clefable\n|-boost|p2a: Clefable|def|1\n|-boost|p2a: Clefable|spd|1\n|\n|upkeep\n|turn|3\n|\n|t:|1700077129\n|move|p1a: Gholdengo|Make It Rain|p2a: Clefable\n|-supereffective|p2a: Clefable\n|-damage|p2a: Clefable|42\/100\n|-unboost|p1a: Gholdengo|spa|1\n|move|p2a: Clefable|Cosmic Power|p2a: Clefable\n|-boost|p2a: Clefable|def|1\n|-boost|p2a: Clefable|spd|1\n|\n|upkeep\n|turn|4\n|\n|t:|1700077138\n|move|p1a: Gholdengo|Make It Rain|p2a: Clefable\n|-supereffective|p2a: Clefable\n|-damage|p2a: Clefable|13\/100\n|-unboost|p1a: Gholdengo|spa|1\n|move|p2a: Clefable|Calm Mind|p2a: Clefable\n|-boost|p2a: Clefable|spa|1\n|-boost|p2a: Clefable|spd|1\n|\n|upkeep\n|turn|5\n|\n|t:|1700077146\n|move|p1a: Gholdengo|Make It Rain|p2a: Clefable\n|-supereffective|p2a: Clefable\n|-damage|p2a: Clefable|0 fnt\n|-unboost|p1a: Gholdengo|spa|1\n|faint|p2a: Clefable\n|\n|upkeep\n|c|\u2606newbeegs|okay i dumb\n|\n|t:|1700077153\n|switch|p2a: Dragapult|Dragapult, M|100\/100\n|turn|6\n|\n|t:|1700077162\n|switch|p1a: Blissey|Blissey, F|100\/100\n|move|p2a: Dragapult|U-turn|p1a: Blissey\n|-damage|p1a: Blissey|65\/100\n|\n|t:|1700077174\n|switch|p2a: Rillaboom|Rillaboom, F|100\/100|[from] U-turn\n|-fieldstart|move: Grassy Terrain|[from] ability: Grassy Surge|[of] p2a: Rillaboom\n|\n|-heal|p1a: Blissey|71\/100|[from] Grassy Terrain\n|-heal|p1a: Blissey|77\/100|[from] item: Leftovers\n|upkeep\n|turn|7\n|\n|t:|1700077183\n|switch|p1a: Dragonite|Dragonite, M|100\/100\n|move|p2a: Rillaboom|Knock Off|p1a: Dragonite\n|-damage|p1a: Dragonite|84\/100\n|-enditem|p1a: Dragonite|Heavy-Duty Boots|[from] move: Knock Off|[of] p2a: Rillaboom\n|\n|upkeep\n|turn|8\n|\n|t:|1700077200\n|switch|p2a: Heatran|Heatran, M|100\/100\n|-item|p2a: Heatran|Air Balloon\n|move|p1a: Dragonite|Extreme Speed|p2a: Heatran\n|-resisted|p2a: Heatran\n|-damage|p2a: Heatran|83\/100\n|-enditem|p2a: Heatran|Air Balloon\n|\n|-heal|p2a: Heatran|90\/100|[from] Grassy Terrain\n|upkeep\n|turn|9\n|\n|t:|1700077211\n|switch|p1a: Blissey|Blissey, F|77\/100\n|move|p2a: Heatran|Magma Storm|p1a: Blissey\n|-damage|p1a: Blissey|62\/100\n|-activate|p1a: Blissey|move: Magma Storm|[of] p2a: Heatran\n|\n|-heal|p2a: Heatran|96\/100|[from] Grassy Terrain\n|-heal|p1a: Blissey|69\/100|[from] Grassy Terrain\n|-heal|p1a: Blissey|75\/100|[from] item: Leftovers\n|-damage|p1a: Blissey|62\/100|[from] move: Magma Storm|[partiallytrapped]\n|upkeep\n|turn|10\n|\n|t:|1700077222\n|move|p2a: Heatran|Flame Charge|p1a: Blissey\n|-damage|p1a: Blissey|32\/100\n|-boost|p2a: Heatran|spe|1\n|move|p1a: Blissey|Thunder Wave|p2a: Heatran\n|-status|p2a: Heatran|par\n|\n|-heal|p2a: Heatran|100\/100 par|[from] Grassy Terrain\n|-heal|p1a: Blissey|38\/100|[from] Grassy Terrain\n|-heal|p1a: Blissey|44\/100|[from] item: Leftovers\n|-damage|p1a: Blissey|32\/100|[from] move: Magma Storm|[partiallytrapped]\n|-fieldend|move: Grassy Terrain\n|upkeep\n|turn|11\n|\n|t:|1700077234\n|move|p2a: Heatran|Flame Charge|p1a: Blissey\n|-damage|p1a: Blissey|3\/100\n|-boost|p2a: Heatran|spe|1\n|move|p1a: Blissey|Soft-Boiled|p1a: Blissey\n|-heal|p1a: Blissey|53\/100\n|\n|-heal|p1a: Blissey|59\/100|[from] item: Leftovers\n|-damage|p1a: Blissey|47\/100|[from] move: Magma Storm|[partiallytrapped]\n|upkeep\n|turn|12\n|\n|t:|1700077244\n|move|p2a: Heatran|Flame Charge|p1a: Blissey\n|-damage|p1a: Blissey|16\/100\n|-boost|p2a: Heatran|spe|1\n|move|p1a: Blissey|Soft-Boiled|p1a: Blissey\n|-heal|p1a: Blissey|66\/100\n|\n|-heal|p1a: Blissey|72\/100|[from] item: Leftovers\n|-damage|p1a: Blissey|60\/100|[from] move: Magma Storm|[partiallytrapped]\n|upkeep\n|turn|13\n|\n|t:|1700077264\n|cant|p2a: Heatran|par\n|move|p1a: Blissey|Soft-Boiled|p1a: Blissey\n|-heal|p1a: Blissey|100\/100\n|\n|-damage|p1a: Blissey|88\/100|[from] move: Magma Storm|[partiallytrapped]\n|upkeep\n|turn|14\n|\n|t:|1700077271\n|move|p2a: Heatran|Flame Charge|p1a: Blissey\n|-damage|p1a: Blissey|59\/100\n|-boost|p2a: Heatran|spe|1\n|move|p1a: Blissey|Seismic Toss|p2a: Heatran\n|-damage|p2a: Heatran|70\/100 par\n|\n|-heal|p1a: Blissey|66\/100|[from] item: Leftovers\n|-end|p1a: Blissey|Magma Storm|[partiallytrapped]\n|upkeep\n|turn|15\n|\n|t:|1700077282\n|switch|p1a: Rotom|Rotom-Wash|100\/100\n|cant|p2a: Heatran|par\n|\n|upkeep\n|turn|16\n|\n|t:|1700077291\n|move|p2a: Heatran|Magma Storm|p1a: Rotom\n|-resisted|p1a: Rotom\n|-damage|p1a: Rotom|64\/100\n|-activate|p1a: Rotom|move: Magma Storm|[of] p2a: Heatran\n|move|p1a: Rotom|Hydro Pump|p2a: Heatran\n|-supereffective|p2a: Heatran\n|-damage|p2a: Heatran|0 fnt\n|faint|p2a: Heatran\n|\n|-end|p1a: Rotom|Magma Storm|[partiallytrapped]|[silent]\n|upkeep\n|\n|t:|1700077299\n|switch|p2a: Ogerpon|Ogerpon-Wellspring, F|100\/100\n|turn|17\n|\n|t:|1700077314\n|switch|p1a: Dragonite|Dragonite, M|84\/100\n|move|p2a: Ogerpon|Swords Dance|p2a: Ogerpon\n|-boost|p2a: Ogerpon|atk|2\n|\n|upkeep\n|turn|18\n|\n|t:|1700077319\n|move|p1a: Dragonite|Extreme Speed|p2a: Ogerpon\n|-damage|p2a: Ogerpon|62\/100\n|move|p2a: Ogerpon|Ivy Cudgel|p1a: Dragonite|[anim] Ivy Cudgel Water\n|-resisted|p1a: Dragonite\n|-damage|p1a: Dragonite|24\/100\n|\n|upkeep\n|turn|19\n|\n|t:|1700077336\n|move|p1a: Dragonite|Extreme Speed|p2a: Ogerpon\n|-damage|p2a: Ogerpon|24\/100\n|move|p2a: Ogerpon|Ivy Cudgel|p1a: Dragonite|[anim] Ivy Cudgel Water\n|-resisted|p1a: Dragonite\n|-crit|p1a: Dragonite\n|-damage|p1a: Dragonite|0 fnt\n|faint|p1a: Dragonite\n|\n|upkeep\n|\n|t:|1700077346\n|switch|p1a: Cinderace|Cinderace, F|100\/100\n|turn|20\n|\n|t:|1700077353\n|switch|p2a: Dragapult|Dragapult, M|100\/100\n|move|p1a: Cinderace|U-turn|p2a: Dragapult\n|-start|p1a: Cinderace|typechange|Bug|[from] ability: Libero\n|-resisted|p2a: Dragapult\n|-damage|p2a: Dragapult|77\/100\n|\n|t:|1700077374\n|switch|p1a: Dondozo|Dondozo, M|100\/100|[from] U-turn\n|\n|upkeep\n|turn|21\n|\n|t:|1700077381\n|move|p2a: Dragapult|U-turn|p1a: Dondozo\n|-damage|p1a: Dondozo|93\/100\n|\n|t:|1700077383\n|switch|p2a: Ogerpon|Ogerpon-Wellspring, F|24\/100|[from] U-turn\n|move|p1a: Dondozo|Curse|p1a: Dondozo\n|-unboost|p1a: Dondozo|spe|1\n|-boost|p1a: Dondozo|atk|1\n|-boost|p1a: Dondozo|def|1\n|\n|-heal|p1a: Dondozo|99\/100|[from] item: Leftovers\n|upkeep\n|turn|22\n|\n|t:|1700077396\n|switch|p1a: Rotom|Rotom-Wash|64\/100\n|move|p2a: Ogerpon|Trailblaze|p1a: Rotom\n|-supereffective|p1a: Rotom\n|-damage|p1a: Rotom|0 fnt\n|-boost|p2a: Ogerpon|spe|1\n|faint|p1a: Rotom\n|\n|upkeep\n|\n|t:|1700077406\n|switch|p1a: Gholdengo|Gholdengo|100\/100\n|turn|23\n|\n|t:|1700077412\n|move|p2a: Ogerpon|Knock Off|p1a: Gholdengo\n|-supereffective|p1a: Gholdengo\n|-damage|p1a: Gholdengo|31\/100\n|-enditem|p1a: Gholdengo|Leftovers|[from] move: Knock Off|[of] p2a: Ogerpon\n|move|p1a: Gholdengo|Shadow Ball|p2a: Ogerpon\n|-damage|p2a: Ogerpon|0 fnt\n|faint|p2a: Ogerpon\n|\n|upkeep\n|\n|t:|1700077429\n|switch|p2a: Rillaboom|Rillaboom, F|100\/100\n|-fieldstart|move: Grassy Terrain|[from] ability: Grassy Surge|[of] p2a: Rillaboom\n|turn|24\n|\n|t:|1700077434\n|move|p2a: Rillaboom|Knock Off|p1a: Gholdengo\n|-supereffective|p1a: Gholdengo\n|-damage|p1a: Gholdengo|0 fnt\n|faint|p1a: Gholdengo\n|\n|upkeep\n|\n|t:|1700077438\n|switch|p1a: Cinderace|Cinderace, F|100\/100\n|turn|25\n|\n|t:|1700077447\n|move|p1a: Cinderace|U-turn|p2a: Rillaboom\n|-start|p1a: Cinderace|typechange|Bug|[from] ability: Libero\n|-supereffective|p2a: Rillaboom\n|-damage|p2a: Rillaboom|24\/100\n|\n|t:|1700077452\n|switch|p1a: Dondozo|Dondozo, M|99\/100|[from] U-turn\n|move|p2a: Rillaboom|Drum Beating|p1a: Dondozo\n|-supereffective|p1a: Dondozo\n|-damage|p1a: Dondozo|52\/100\n|-unboost|p1a: Dondozo|spe|1\n|\n|-heal|p2a: Rillaboom|30\/100|[from] Grassy Terrain\n|-heal|p1a: Dondozo|58\/100|[from] Grassy Terrain\n|-heal|p1a: Dondozo|64\/100|[from] item: Leftovers\n|upkeep\n|turn|26\n|\n|t:|1700077463\n|switch|p1a: Cinderace|Cinderace, F|100\/100\n|move|p2a: Rillaboom|Knock Off|p1a: Cinderace\n|-damage|p1a: Cinderace|54\/100\n|-enditem|p1a: Cinderace|Heavy-Duty Boots|[from] move: Knock Off|[of] p2a: Rillaboom\n|\n|-heal|p1a: Cinderace|60\/100|[from] Grassy Terrain\n|-heal|p2a: Rillaboom|37\/100|[from] Grassy Terrain\n|upkeep\n|turn|27\n|\n|t:|1700077473\n|switch|p2a: Dragapult|Dragapult, M|77\/100\n|move|p1a: Cinderace|U-turn|p2a: Dragapult\n|-start|p1a: Cinderace|typechange|Bug|[from] ability: Libero\n|-resisted|p2a: Dragapult\n|-damage|p2a: Dragapult|53\/100\n|\n|t:|1700077479\n|switch|p1a: Dondozo|Dondozo, M|64\/100|[from] U-turn\n|\n|-heal|p2a: Dragapult|59\/100|[from] Grassy Terrain\n|-heal|p1a: Dondozo|70\/100|[from] Grassy Terrain\n|-heal|p1a: Dondozo|76\/100|[from] item: Leftovers\n|upkeep\n|turn|28\n|\n|t:|1700077487\n|move|p2a: Dragapult|Shadow Ball|p1a: Dondozo\n|-damage|p1a: Dondozo|30\/100\n|move|p1a: Dondozo|Curse|p1a: Dondozo\n|-unboost|p1a: Dondozo|spe|1\n|-boost|p1a: Dondozo|atk|1\n|-boost|p1a: Dondozo|def|1\n|\n|-heal|p2a: Dragapult|65\/100|[from] Grassy Terrain\n|-heal|p1a: Dondozo|36\/100|[from] Grassy Terrain\n|-heal|p1a: Dondozo|42\/100|[from] item: Leftovers\n|-fieldend|move: Grassy Terrain\n|upkeep\n|turn|29\n|\n|t:|1700077498\n|switch|p1a: Blissey|Blissey, F|66\/100\n|move|p2a: Dragapult|Shadow Ball|p1a: Blissey\n|-immune|p1a: Blissey\n|\n|-heal|p1a: Blissey|72\/100|[from] item: Leftovers\n|upkeep\n|turn|30\n|\n|t:|1700077506\n|switch|p2a: Rillaboom|Rillaboom, F|37\/100\n|-fieldstart|move: Grassy Terrain|[from] ability: Grassy Surge|[of] p2a: Rillaboom\n|move|p1a: Blissey|Thunder Wave|p2a: Rillaboom\n|-status|p2a: Rillaboom|par\n|\n|-heal|p2a: Rillaboom|43\/100 par|[from] Grassy Terrain\n|-heal|p1a: Blissey|78\/100|[from] Grassy Terrain\n|-heal|p1a: Blissey|84\/100|[from] item: Leftovers\n|upkeep\n|turn|31\n|\n|t:|1700077516\n|switch|p1a: Cinderace|Cinderace, F|60\/100\n|move|p2a: Rillaboom|Drum Beating|p1a: Cinderace\n|-resisted|p1a: Cinderace\n|-damage|p1a: Cinderace|21\/100\n|-unboost|p1a: Cinderace|spe|1\n|\n|-heal|p1a: Cinderace|27\/100|[from] Grassy Terrain\n|-heal|p2a: Rillaboom|49\/100 par|[from] Grassy Terrain\n|upkeep\n|turn|32\n|\n|t:|1700077528\n|move|p2a: Rillaboom|Grassy Glide|p1a: Cinderace\n|-resisted|p1a: Cinderace\n|-damage|p1a: Cinderace|0 fnt\n|faint|p1a: Cinderace\n|\n|-heal|p2a: Rillaboom|55\/100 par|[from] Grassy Terrain\n|upkeep\n|\n|t:|1700077534\n|switch|p1a: Dondozo|Dondozo, M|42\/100\n|turn|33\n|\n|t:|1700077536\n|move|p2a: Rillaboom|Drum Beating|p1a: Dondozo\n|-supereffective|p1a: Dondozo\n|-damage|p1a: Dondozo|0 fnt\n|faint|p1a: Dondozo\n|\n|-heal|p2a: Rillaboom|61\/100 par|[from] Grassy Terrain\n|upkeep\n|c|\u2606newbeegs|gg\n|-message|Foxight forfeited.\n|\n|win|newbeegs\n|raw|Foxight's rating: 1176 &rarr; <strong>1156<\/strong><br \/>(-20 for losing)\n|raw|newbeegs's rating: 1242 &rarr; <strong>1262<\/strong><br \/>(+20 for winning)\n|l|\u2606Foxight\n|c|\u2606newbeegs|loser\n","uploadtime":1700077550,"views":8,"p1id":"foxight","p2id":"newbeegs","formatid":"gen9ou","rating":1156,"private":0,"password":""}