{"id":"gen9ou-1995622855","p1":"hggfg","p2":"Tokotorisaki","format":"[Gen 9] OU","log":"|j|\u2606hggfg\n|j|\u2606Tokotorisaki\n|t:|1700588373\n|gametype|singles\n|player|p1|hggfg|2|1130\n|player|p2|Tokotorisaki|caitlin-masters|1106\n|teamsize|p1|6\n|teamsize|p2|6\n|gen|9\n|tier|[Gen 9] OU\n|rated|\n|rule|Sleep Clause Mod: Limit one foe put to sleep\n|rule|Species Clause: Limit one of each Pok\u00e9mon\n|rule|OHKO Clause: OHKO moves are banned\n|rule|Evasion Items Clause: Evasion items are banned\n|rule|Evasion Moves Clause: Evasion moves are banned\n|rule|Endless Battle Clause: Forcing endless battles is banned\n|rule|HP Percentage Mod: HP is shown in percentages\n|clearpoke\n|poke|p1|Lilligant-Hisui, F|\n|poke|p1|Samurott-Hisui, M|\n|poke|p1|Rotom-Wash|\n|poke|p1|Gholdengo|\n|poke|p1|Maushold|\n|poke|p1|Great Tusk|\n|poke|p2|Haxorus, F|\n|poke|p2|Espeon, F|\n|poke|p2|Salazzle, F|\n|poke|p2|Magnezone|\n|poke|p2|Dragapult, M|\n|poke|p2|Ting-Lu|\n|teampreview\n|inactive|Battle timer is ON: inactive players will automatically lose when time's up. (requested by hggfg)\n|\n|t:|1700588381\n|start\n|switch|p1a: Maushold|Maushold|100\/100\n|switch|p2a: Hatchet|Haxorus, F|100\/100\n|-ability|p2a: Hatchet|Mold Breaker\n|turn|1\n|\n|t:|1700588395\n|move|p1a: Maushold|Population Bomb|p2a: Hatchet\n|-damage|p2a: Hatchet|90\/100\n|-damage|p2a: Hatchet|79\/100\n|-damage|p2a: Hatchet|69\/100\n|-damage|p2a: Hatchet|58\/100\n|-damage|p2a: Hatchet|48\/100\n|-damage|p2a: Hatchet|37\/100\n|-damage|p2a: Hatchet|27\/100\n|-damage|p2a: Hatchet|15\/100\n|-damage|p2a: Hatchet|3\/100\n|-damage|p2a: Hatchet|0 fnt\n|faint|p2a: Hatchet\n|-hitcount|p2: Hatchet|10\n|\n|upkeep\n|\n|t:|1700588405\n|switch|p2a: Vix|Salazzle, F|100\/100\n|turn|2\n|\n|t:|1700588422\n|move|p2a: Vix|Overheat|p1a: Maushold\n|-damage|p1a: Maushold|8\/100\n|-unboost|p2a: Vix|spa|2\n|move|p1a: Maushold|Tidy Up|p1a: Maushold\n|-boost|p1a: Maushold|atk|1\n|-boost|p1a: Maushold|spe|1\n|\n|upkeep\n|turn|3\n|\n|t:|1700588428\n|move|p2a: Vix|Overheat|p1a: Maushold\n|-damage|p1a: Maushold|0 fnt\n|-unboost|p2a: Vix|spa|2\n|faint|p1a: Maushold\n|\n|upkeep\n|\n|t:|1700588438\n|switch|p1a: Samurott|Samurott-Hisui, M|100\/100\n|turn|4\n|\n|t:|1700588442\n|switch|p2a: Grudge|Ting-Lu|100\/100\n|-ability|p2a: Grudge|Vessel of Ruin\n|move|p1a: Samurott|Swords Dance|p1a: Samurott\n|-boost|p1a: Samurott|atk|2\n|\n|upkeep\n|turn|5\n|\n|t:|1700588451\n|move|p1a: Samurott|Aqua Cutter|p2a: Grudge\n|-supereffective|p2a: Grudge\n|-damage|p2a: Grudge|0 fnt\n|faint|p2a: Grudge\n|\n|upkeep\n|\n|t:|1700588456\n|switch|p2a: Alicia|Espeon, F|100\/100\n|turn|6\n|\n|t:|1700588465\n|move|p2a: Alicia|Dazzling Gleam|p1a: Samurott\n|-supereffective|p1a: Samurott\n|-damage|p1a: Samurott|0 fnt\n|faint|p1a: Samurott\n|\n|upkeep\n|\n|t:|1700588471\n|switch|p1a: Rotom|Rotom-Wash, shiny|100\/100\n|turn|7\n|\n|t:|1700588477\n|move|p2a: Alicia|Dazzling Gleam|p1a: Rotom\n|-damage|p1a: Rotom|52\/100\n|move|p1a: Rotom|Hydro Pump|p2a: Alicia|[miss]\n|-miss|p1a: Rotom|p2a: Alicia\n|\n|-heal|p1a: Rotom|58\/100|[from] item: Leftovers\n|upkeep\n|turn|8\n|\n|t:|1700588481\n|move|p2a: Alicia|Dazzling Gleam|p1a: Rotom\n|-damage|p1a: Rotom|7\/100\n|move|p1a: Rotom|Hydro Pump|p2a: Alicia|[miss]\n|-miss|p1a: Rotom|p2a: Alicia\n|\n|-heal|p1a: Rotom|13\/100|[from] item: Leftovers\n|upkeep\n|turn|9\n|\n|t:|1700588486\n|move|p2a: Alicia|Dazzling Gleam|p1a: Rotom\n|-damage|p1a: Rotom|0 fnt\n|faint|p1a: Rotom\n|\n|upkeep\n|\n|t:|1700588489\n|switch|p1a: Gholdengo|Gholdengo|100\/100\n|-item|p1a: Gholdengo|Air Balloon\n|turn|10\n|\n|t:|1700588493\n|switch|p2a: Fridge|Magnezone|100\/100\n|-item|p2a: Fridge|Air Balloon\n|move|p1a: Gholdengo|Nasty Plot|p1a: Gholdengo\n|-boost|p1a: Gholdengo|spa|2\n|\n|upkeep\n|turn|11\n|\n|t:|1700588502\n|move|p1a: Gholdengo|Shadow Ball|p2a: Fridge\n|-damage|p2a: Fridge|11\/100\n|-enditem|p2a: Fridge|Air Balloon\n|move|p2a: Fridge|Volt Switch|p1a: Gholdengo\n|-damage|p1a: Gholdengo|34\/100\n|-enditem|p1a: Gholdengo|Air Balloon\n|\n|t:|1700588505\n|switch|p2a: Alicia|Espeon, F|100\/100|[from] Volt Switch\n|\n|upkeep\n|turn|12\n|\n|t:|1700588513\n|switch|p2a: Fridge|Magnezone|11\/100\n|move|p1a: Gholdengo|Recover|p1a: Gholdengo\n|-heal|p1a: Gholdengo|85\/100\n|\n|upkeep\n|turn|13\n|\n|t:|1700588519\n|move|p1a: Gholdengo|Shadow Ball|p2a: Fridge\n|-damage|p2a: Fridge|0 fnt\n|faint|p2a: Fridge\n|\n|upkeep\n|\n|t:|1700588524\n|switch|p2a: Dragapult|Dragapult, M|100\/100\n|turn|14\n|\n|t:|1700588529\n|-terastallize|p1a: Gholdengo|Flying\n|move|p2a: Dragapult|Phantom Force||[still]\n|-prepare|p2a: Dragapult|Phantom Force\n|move|p1a: Gholdengo|Shadow Ball|p2a: Dragapult|[miss]\n|-miss|p1a: Gholdengo|p2a: Dragapult\n|\n|upkeep\n|turn|15\n|\n|t:|1700588536\n|move|p2a: Dragapult|Phantom Force|p1a: Gholdengo|[from]lockedmove\n|-damage|p1a: Gholdengo|17\/100\n|-damage|p2a: Dragapult|91\/100|[from] item: Life Orb\n|move|p1a: Gholdengo|Shadow Ball|p2a: Dragapult\n|-supereffective|p2a: Dragapult\n|-damage|p2a: Dragapult|0 fnt\n|faint|p2a: Dragapult\n|\n|upkeep\n|\n|t:|1700588539\n|switch|p2a: Vix|Salazzle, F|100\/100\n|turn|16\n|\n|t:|1700588546\n|-terastallize|p2a: Vix|Psychic\n|move|p2a: Vix|Tera Blast|p1a: Gholdengo|[anim] Tera Blast Psychic\n|-damage|p1a: Gholdengo|0 fnt\n|faint|p1a: Gholdengo\n|\n|upkeep\n|\n|t:|1700588561\n|switch|p1a: Great Tusk|Great Tusk|100\/100\n|turn|17\n|\n|t:|1700588563\n|move|p2a: Vix|Tera Blast|p1a: Great Tusk|[anim] Tera Blast Psychic\n|-supereffective|p1a: Great Tusk\n|-damage|p1a: Great Tusk|9\/100\n|move|p1a: Great Tusk|Heavy Slam|p2a: Vix\n|-damage|p2a: Vix|41\/100\n|\n|-heal|p1a: Great Tusk|15\/100|[from] item: Leftovers\n|upkeep\n|turn|18\n|\n|t:|1700588569\n|move|p2a: Vix|Tera Blast|p1a: Great Tusk|[anim] Tera Blast Psychic\n|-supereffective|p1a: Great Tusk\n|-damage|p1a: Great Tusk|0 fnt\n|faint|p1a: Great Tusk\n|-end|p1a: Great Tusk|Protosynthesis|[silent]\n|\n|upkeep\n|\n|t:|1700588570\n|switch|p1a: Lilligant|Lilligant-Hisui, F, shiny|100\/100\n|turn|19\n|\n|t:|1700588574\n|move|p2a: Vix|Tera Blast|p1a: Lilligant|[anim] Tera Blast Psychic\n|-supereffective|p1a: Lilligant\n|-damage|p1a: Lilligant|0 fnt\n|faint|p1a: Lilligant\n|\n|win|Tokotorisaki\n|raw|hggfg's rating: 1130 &rarr; <strong>1103<\/strong><br \/>(-27 for losing)\n|raw|Tokotorisaki's rating: 1106 &rarr; <strong>1133<\/strong><br \/>(+27 for winning)\n|l|\u2606hggfg\n|l|\u2606Tokotorisaki\n|j|\u2606Tokotorisaki\n|player|p2|Tokotorisaki|caitlin-masters\n","uploadtime":1700588589,"views":1,"p1id":"hggfg","p2id":"tokotorisaki","formatid":"gen9ou","rating":1103,"private":0,"password":""}