{"id":"gen9ou-1998383935","p1":"liaoya","p2":"yes munchlax","format":"[Gen 9] OU","log":"|j|\u2606liaoya\n|j|\u2606yes munchlax\n|t:|1700936251\n|gametype|singles\n|player|p1|liaoya|petrel|1574\n|player|p2|yes munchlax|psychic-gen4|1523\n|teamsize|p1|6\n|teamsize|p2|6\n|gen|9\n|tier|[Gen 9] OU\n|rated|\n|rule|Sleep Clause Mod: Limit one foe put to sleep\n|rule|Species Clause: Limit one of each Pok\u00e9mon\n|rule|OHKO Clause: OHKO moves are banned\n|rule|Evasion Items Clause: Evasion items are banned\n|rule|Evasion Moves Clause: Evasion moves are banned\n|rule|Endless Battle Clause: Forcing endless battles is banned\n|rule|HP Percentage Mod: HP is shown in percentages\n|clearpoke\n|poke|p1|Drifblim, F|\n|poke|p1|Garganacl, M|\n|poke|p1|Umbreon, F|\n|poke|p1|Rotom-Wash|\n|poke|p1|Glimmora, M|\n|poke|p1|Espeon, F|\n|poke|p2|Arcanine-Hisui, F|\n|poke|p2|Greninja-*, M|\n|poke|p2|Corviknight, F|\n|poke|p2|Iron Hands|\n|poke|p2|Slowking-Galar, M|\n|poke|p2|Landorus-Therian, M|\n|teampreview\n|inactive|Battle timer is ON: inactive players will automatically lose when time's up. (requested by liaoya)\n|inactive|yes munchlax has 120 seconds left.\n|inactive|yes munchlax has 90 seconds left.\n|c|\u2606liaoya|Yuri's Revenge\n|c|\u2606liaoya|I am loyal to Yuri\n|inactive|yes munchlax has 60 seconds left.\n|c|\u2606liaoya|There's only one true Yuri\n|c|\u2606yes munchlax|ok\n|c|\u2606liaoya|Give me strength, Yuri!\n|\n|t:|1700936357\n|start\n|switch|p1a: Rotom|Rotom-Wash|100\/100\n|switch|p2a: Landorus|Landorus-Therian, M|100\/100\n|-ability|p2a: Landorus|Intimidate|boost\n|-unboost|p1a: Rotom|atk|1\n|turn|1\n|c|\u2606liaoya|Hail to the great Yuri\n|\n|t:|1700936364\n|switch|p2a: Slowking|Slowking-Galar, M|100\/100\n|move|p1a: Rotom|Trick|p2a: Slowking\n|-activate|p1a: Rotom|move: Trick|[of] p2a: Slowking\n|-item|p2a: Slowking|Choice Scarf|[from] move: Trick\n|-item|p1a: Rotom|Heavy-Duty Boots|[from] move: Trick\n|\n|upkeep\n|turn|2\n|\n|t:|1700936373\n|move|p1a: Rotom|Volt Switch|p2a: Slowking\n|-damage|p2a: Slowking|80\/100\n|\n|t:|1700936380\n|switch|p1a: Garganacl|Garganacl, M, shiny|100\/100|[from] Volt Switch\n|move|p2a: Slowking|Chilly Reception|p2a: Slowking\n|-weather|Snow\n|\n|t:|1700936390\n|switch|p2a: Iron Hands|Iron Hands|100\/100|[from] Chilly Reception\n|\n|-weather|Snow|[upkeep]\n|upkeep\n|turn|3\n|\n|t:|1700936399\n|-terastallize|p1a: Garganacl|Ghost\n|move|p2a: Iron Hands|Wild Charge|p1a: Garganacl\n|-damage|p1a: Garganacl|60\/100\n|-damage|p2a: Iron Hands|92\/100|[from] Recoil\n|move|p1a: Garganacl|Iron Defense|p1a: Garganacl\n|-boost|p1a: Garganacl|def|2\n|\n|-weather|Snow|[upkeep]\n|-heal|p1a: Garganacl|67\/100|[from] item: Leftovers\n|upkeep\n|turn|4\n|\n|t:|1700936410\n|-end|p2a: Iron Hands|Quark Drive|[silent]\n|switch|p2a: Greninja|Greninja, M|100\/100\n|move|p1a: Garganacl|Recover|p1a: Garganacl\n|-heal|p1a: Garganacl|100\/100\n|\n|-weather|Snow|[upkeep]\n|upkeep\n|turn|5\n|\n|t:|1700936414\n|switch|p1a: Umbreon|Umbreon, F, shiny|100\/100\n|move|p2a: Greninja|Dark Pulse|p1a: Umbreon\n|-resisted|p1a: Umbreon\n|-damage|p1a: Umbreon|85\/100\n|\n|-weather|Snow|[upkeep]\n|-heal|p1a: Umbreon|91\/100|[from] item: Leftovers\n|upkeep\n|turn|6\n|\n|t:|1700936423\n|switch|p2a: Corviknight|Corviknight, F|100\/100\n|-ability|p2a: Corviknight|Pressure\n|move|p1a: Umbreon|Yawn|p2a: Corviknight\n|-start|p2a: Corviknight|move: Yawn|[of] p1a: Umbreon\n|\n|-weather|none\n|-heal|p1a: Umbreon|97\/100|[from] item: Leftovers\n|upkeep\n|turn|7\n|\n|t:|1700936438\n|switch|p1a: Rotom|Rotom-Wash|100\/100\n|move|p2a: Corviknight|U-turn|p1a: Rotom\n|-crit|p1a: Rotom\n|-damage|p1a: Rotom|79\/100\n|c|\u2606liaoya|Yuri is master\n|\n|t:|1700936462\n|switch|p2a: Slowking|Slowking-Galar, M|100\/100|[from] U-turn\n|\n|upkeep\n|turn|8\n|\n|t:|1700936467\n|move|p1a: Rotom|Will-O-Wisp|p2a: Slowking\n|-status|p2a: Slowking|brn\n|move|p2a: Slowking|Future Sight|p1a: Rotom\n|-start|p2a: Slowking|move: Future Sight\n|\n|-damage|p2a: Slowking|94\/100 brn|[from] brn\n|upkeep\n|turn|9\n|\n|t:|1700936479\n|switch|p2a: Iron Hands|Iron Hands|92\/100\n|move|p1a: Rotom|Hydro Pump|p2a: Iron Hands\n|-damage|p2a: Iron Hands|62\/100\n|\n|upkeep\n|turn|10\n|c|\u2606yes munchlax|Good thing I know who this person is\n|\n|t:|1700936485\n|move|p1a: Rotom|Will-O-Wisp|p2a: Iron Hands|[miss]\n|-miss|p1a: Rotom|p2a: Iron Hands\n|move|p2a: Iron Hands|Close Combat|p1a: Rotom\n|-damage|p1a: Rotom|1\/100\n|-unboost|p2a: Iron Hands|def|1\n|-unboost|p2a: Iron Hands|spd|1\n|\n|-end|p1a: Rotom|move: Future Sight\n|-damage|p1a: Rotom|0 fnt\n|faint|p1a: Rotom\n|upkeep\n|c|\u2606yes munchlax|asking would be a pain\n|\n|t:|1700936506\n|switch|p1a: Glimmora|Glimmora, M|100\/100\n|turn|11\n|\n|t:|1700936512\n|-end|p2a: Iron Hands|Quark Drive|[silent]\n|switch|p2a: Landorus|Landorus-Therian, M|100\/100\n|-ability|p2a: Landorus|Intimidate|boost\n|-unboost|p1a: Glimmora|atk|1\n|move|p1a: Glimmora|Stealth Rock|p2a: Landorus\n|-sidestart|p2: yes munchlax|move: Stealth Rock\n|\n|upkeep\n|turn|12\n|\n|t:|1700936523\n|switch|p1a: Garganacl|Garganacl, M, shiny, tera:Ghost|100\/100\n|move|p2a: Landorus|Earth Power|p1a: Garganacl\n|-damage|p1a: Garganacl|80\/100\n|\n|-heal|p1a: Garganacl|87\/100|[from] item: Leftovers\n|upkeep\n|turn|13\n|\n|t:|1700936531\n|move|p2a: Landorus|U-turn|p1a: Garganacl\n|-resisted|p1a: Garganacl\n|-damage|p1a: Garganacl|80\/100\n|\n|t:|1700936533\n|switch|p2a: Slowking|Slowking-Galar, M|100\/100 brn|[from] U-turn\n|-damage|p2a: Slowking|88\/100 brn|[from] Stealth Rock\n|move|p1a: Garganacl|Salt Cure|p2a: Slowking\n|-damage|p2a: Slowking|74\/100 brn\n|-start|p2a: Slowking|Salt Cure\n|\n|-heal|p1a: Garganacl|86\/100|[from] item: Leftovers\n|-damage|p2a: Slowking|68\/100 brn|[from] brn\n|-damage|p2a: Slowking|55\/100 brn|[from] Salt Cure\n|upkeep\n|turn|14\n|\n|t:|1700936556\n|switch|p1a: Umbreon|Umbreon, F, shiny|97\/100\n|move|p2a: Slowking|Future Sight|p1a: Umbreon\n|-start|p2a: Slowking|move: Future Sight\n|\n|-heal|p1a: Umbreon|100\/100|[from] item: Leftovers\n|-damage|p2a: Slowking|49\/100 brn|[from] brn\n|-damage|p2a: Slowking|37\/100 brn|[from] Salt Cure\n|upkeep\n|turn|15\n|\n|t:|1700936564\n|switch|p2a: Corviknight|Corviknight, F|100\/100\n|-damage|p2a: Corviknight|88\/100|[from] Stealth Rock\n|-ability|p2a: Corviknight|Pressure\n|move|p1a: Umbreon|Yawn|p2a: Corviknight\n|-start|p2a: Corviknight|move: Yawn|[of] p1a: Umbreon\n|\n|upkeep\n|turn|16\n|\n|t:|1700936572\n|move|p1a: Umbreon|Protect|p1a: Umbreon\n|-singleturn|p1a: Umbreon|Protect\n|move|p2a: Corviknight|Defog|p1a: Umbreon\n|-activate|p1a: Umbreon|move: Protect\n|\n|-end|p1a: Umbreon|move: Future Sight\n|-immune|p1a: Umbreon\n|-end|p2a: Corviknight|move: Yawn|[silent]\n|-status|p2a: Corviknight|slp\n|upkeep\n|turn|17\n|\n|t:|1700936585\n|switch|p1a: Garganacl|Garganacl, M, shiny, tera:Ghost|86\/100\n|cant|p2a: Corviknight|slp\n|\n|-heal|p1a: Garganacl|93\/100|[from] item: Leftovers\n|upkeep\n|turn|18\n|\n|t:|1700936591\n|switch|p2a: Slowking|Slowking-Galar, M|70\/100 brn\n|-damage|p2a: Slowking|57\/100 brn|[from] Stealth Rock\n|move|p1a: Garganacl|Salt Cure|p2a: Slowking\n|-damage|p2a: Slowking|43\/100 brn\n|-start|p2a: Slowking|Salt Cure\n|\n|-heal|p1a: Garganacl|99\/100|[from] item: Leftovers\n|-damage|p2a: Slowking|37\/100 brn|[from] brn\n|-damage|p2a: Slowking|25\/100 brn|[from] Salt Cure\n|upkeep\n|turn|19\n|\n|t:|1700936615\n|switch|p1a: Espeon|Espeon, F|100\/100\n|move|p2a: Slowking|Chilly Reception|p2a: Slowking\n|-weather|Snow\n|\n|t:|1700936625\n|switch|p2a: Greninja|Greninja, M|100\/100|[from] Chilly Reception\n|-damage|p2a: Greninja|88\/100|[from] Stealth Rock\n|\n|-weather|Snow|[upkeep]\n|upkeep\n|turn|20\n|\n|t:|1700936631\n|switch|p1a: Umbreon|Umbreon, F, shiny|100\/100\n|move|p2a: Greninja|Hydro Pump|p1a: Umbreon\n|-damage|p1a: Umbreon|53\/100\n|\n|-weather|Snow|[upkeep]\n|-heal|p1a: Umbreon|59\/100|[from] item: Leftovers\n|upkeep\n|turn|21\n|\n|t:|1700936637\n|-terastallize|p2a: Greninja|Water\n|move|p1a: Umbreon|Protect|p1a: Umbreon\n|-singleturn|p1a: Umbreon|Protect\n|move|p2a: Greninja|Hydro Pump|p1a: Umbreon\n|-activate|p1a: Umbreon|move: Protect\n|\n|-weather|Snow|[upkeep]\n|-heal|p1a: Umbreon|65\/100|[from] item: Leftovers\n|upkeep\n|turn|22\n|\n|t:|1700936654\n|move|p2a: Greninja|Hydro Pump|p1a: Umbreon\n|-damage|p1a: Umbreon|2\/100\n|move|p1a: Umbreon|Wish|p1a: Umbreon\n|\n|-weather|Snow|[upkeep]\n|-heal|p1a: Umbreon|8\/100|[from] item: Leftovers\n|upkeep\n|turn|23\n|\n|t:|1700936666\n|switch|p2a: Corviknight|Corviknight, F|88\/100 slp\n|-damage|p2a: Corviknight|76\/100 slp|[from] Stealth Rock\n|-ability|p2a: Corviknight|Pressure\n|move|p1a: Umbreon|Protect||[still]\n|-fail|p1a: Umbreon\n|\n|-weather|none\n|-heal|p1a: Umbreon|58\/100|[from] move: Wish|[wisher] Umbreon\n|-heal|p1a: Umbreon|64\/100|[from] item: Leftovers\n|upkeep\n|turn|24\n|\n|t:|1700936675\n|switch|p1a: Drifblim|Drifblim, F|100\/100\n|cant|p2a: Corviknight|slp\n|\n|upkeep\n|turn|25\n|\n|t:|1700936687\n|move|p1a: Drifblim|Trick|p2a: Corviknight\n|-activate|p1a: Drifblim|move: Trick|[of] p2a: Corviknight\n|-item|p2a: Corviknight|Choice Scarf|[from] move: Trick\n|-item|p1a: Drifblim|Rocky Helmet|[from] move: Trick\n|cant|p2a: Corviknight|slp\n|\n|upkeep\n|turn|26\n|\n|t:|1700936698\n|switch|p1a: Garganacl|Garganacl, M, shiny, tera:Ghost|99\/100\n|-curestatus|p2a: Corviknight|slp|[msg]\n|move|p2a: Corviknight|Defog|p1a: Garganacl\n|-unboost|p1a: Garganacl|evasion|1\n|-sideend|p2: yes munchlax|Stealth Rock|[from] move: Defog|[of] p2a: Corviknight\n|\n|-heal|p1a: Garganacl|100\/100|[from] item: Leftovers\n|upkeep\n|turn|27\n|j| SoulDewRegice\n|\n|t:|1700936708\n|switch|p2a: Arcanine|Arcanine-Hisui, F|100\/100\n|move|p1a: Garganacl|Salt Cure|p2a: Arcanine\n|-supereffective|p2a: Arcanine\n|-damage|p2a: Arcanine|67\/100\n|-start|p2a: Arcanine|Salt Cure\n|\n|-damage|p2a: Arcanine|55\/100|[from] Salt Cure\n|upkeep\n|turn|28\n|\n|t:|1700936714\n|switch|p2a: Corviknight|Corviknight, F|76\/100\n|-ability|p2a: Corviknight|Pressure\n|move|p1a: Garganacl|Iron Defense|p1a: Garganacl\n|-boost|p1a: Garganacl|def|2\n|\n|upkeep\n|turn|29\n|\n|t:|1700936719\n|move|p2a: Corviknight|U-turn|p1a: Garganacl\n|-resisted|p1a: Garganacl\n|-damage|p1a: Garganacl|98\/100\n|\n|t:|1700936722\n|switch|p2a: Slowking|Slowking-Galar, M|58\/100 brn|[from] U-turn\n|move|p1a: Garganacl|Salt Cure|p2a: Slowking\n|-damage|p2a: Slowking|44\/100 brn\n|-start|p2a: Slowking|Salt Cure\n|\n|-heal|p1a: Garganacl|100\/100|[from] item: Leftovers\n|-damage|p2a: Slowking|38\/100 brn|[from] brn\n|-damage|p2a: Slowking|26\/100 brn|[from] Salt Cure\n|upkeep\n|turn|30\n|j| dfghhhg\n|\n|t:|1700936728\n|move|p1a: Garganacl|Iron Defense|p1a: Garganacl\n|-boost|p1a: Garganacl|def|2\n|move|p2a: Slowking|Future Sight|p1a: Garganacl\n|-start|p2a: Slowking|move: Future Sight\n|\n|-damage|p2a: Slowking|20\/100 brn|[from] brn\n|-damage|p2a: Slowking|7\/100 brn|[from] Salt Cure\n|upkeep\n|turn|31\n|\n|t:|1700936740\n|move|p1a: Garganacl|Salt Cure|p2a: Slowking\n|-damage|p2a: Slowking|0 fnt\n|faint|p2a: Slowking\n|\n|upkeep\n|\n|t:|1700936742\n|switch|p2a: Greninja|Greninja, M, tera:Water|88\/100\n|turn|32\n|j| Bad Dragoon\n|\n|t:|1700936750\n|switch|p1a: Drifblim|Drifblim, F|100\/100\n|move|p2a: Greninja|Hydro Pump|p1a: Drifblim\n|-damage|p1a: Drifblim|0 fnt\n|faint|p1a: Drifblim\n|-ability|p2a: Greninja|Battle Bond|boost\n|-boost|p2a: Greninja|atk|1\n|-boost|p2a: Greninja|spa|1\n|-boost|p2a: Greninja|spe|1\n|-activate|p2a: Greninja|ability: Battle Bond\n|\n|-hint|Future Sight did not hit because the target is fainted.\n|upkeep\n|\n|t:|1700936759\n|switch|p1a: Glimmora|Glimmora, M|100\/100\n|turn|33\n|\n|t:|1700936772\n|move|p2a: Greninja|Hydro Pump|p1a: Glimmora|[miss]\n|-miss|p2a: Greninja|p1a: Glimmora\n|move|p1a: Glimmora|Mortal Spin|p2a: Greninja\n|-damage|p2a: Greninja|79\/100\n|-status|p2a: Greninja|psn\n|\n|-damage|p2a: Greninja|66\/100 psn|[from] psn\n|upkeep\n|turn|34\n|\n|t:|1700936775\n|move|p2a: Greninja|Hydro Pump|p1a: Glimmora|[miss]\n|-miss|p2a: Greninja|p1a: Glimmora\n|move|p1a: Glimmora|Light Screen|p1a: Glimmora\n|-sidestart|p1: liaoya|move: Light Screen\n|\n|-damage|p2a: Greninja|54\/100 psn|[from] psn\n|upkeep\n|turn|35\n|\n|t:|1700936780\n|switch|p1a: Umbreon|Umbreon, F, shiny|64\/100\n|move|p2a: Greninja|Hydro Pump|p1a: Umbreon\n|-damage|p1a: Umbreon|19\/100\n|\n|-heal|p1a: Umbreon|25\/100|[from] item: Leftovers\n|-damage|p2a: Greninja|42\/100 psn|[from] psn\n|upkeep\n|turn|36\n|\n|t:|1700936782\n|move|p1a: Umbreon|Protect|p1a: Umbreon\n|-singleturn|p1a: Umbreon|Protect\n|move|p2a: Greninja|Hydro Pump|p1a: Umbreon\n|-activate|p1a: Umbreon|move: Protect\n|\n|-heal|p1a: Umbreon|31\/100|[from] item: Leftovers\n|-damage|p2a: Greninja|30\/100 psn|[from] psn\n|upkeep\n|turn|37\n|\n|t:|1700936791\n|switch|p2a: Iron Hands|Iron Hands|62\/100\n|switch|p1a: Espeon|Espeon, F|100\/100\n|\n|upkeep\n|turn|38\n|\n|t:|1700936794\n|move|p1a: Espeon|Trick|p2a: Iron Hands\n|-activate|p1a: Espeon|move: Trick|[of] p2a: Iron Hands\n|-item|p2a: Iron Hands|Choice Scarf|[from] move: Trick\n|-item|p1a: Espeon|Assault Vest|[from] move: Trick\n|move|p2a: Iron Hands|Wild Charge|p1a: Espeon\n|-damage|p1a: Espeon|40\/100\n|-damage|p2a: Iron Hands|52\/100|[from] Recoil\n|\n|-sideend|p1: liaoya|move: Light Screen\n|upkeep\n|turn|39\n|\n|t:|1700936802\n|move|p1a: Espeon|Psyshock|p2a: Iron Hands\n|-supereffective|p2a: Iron Hands\n|-damage|p2a: Iron Hands|8\/100\n|move|p2a: Iron Hands|Wild Charge|p1a: Espeon\n|-damage|p1a: Espeon|0 fnt\n|faint|p1a: Espeon\n|-damage|p2a: Iron Hands|1\/100|[from] Recoil\n|\n|upkeep\n|\n|t:|1700936810\n|switch|p1a: Glimmora|Glimmora, M|100\/100\n|turn|40\n|\n|t:|1700936812\n|move|p2a: Iron Hands|Wild Charge|p1a: Glimmora\n|-damage|p1a: Glimmora|60\/100\n|-activate|p1a: Glimmora|ability: Toxic Debris\n|-sidestart|p2: yes munchlax|move: Toxic Spikes\n|-damage|p2a: Iron Hands|0 fnt|[from] Recoil\n|faint|p2a: Iron Hands\n|-end|p2a: Iron Hands|Quark Drive|[silent]\n|move|p1a: Glimmora|Light Screen|p1a: Glimmora\n|-sidestart|p1: liaoya|move: Light Screen\n|\n|upkeep\n|\n|t:|1700936820\n|switch|p2a: Landorus|Landorus-Therian, M|100\/100\n|-ability|p2a: Landorus|Intimidate|boost\n|-unboost|p1a: Glimmora|atk|1\n|turn|41\n|\n|t:|1700936827\n|switch|p1a: Garganacl|Garganacl, M, shiny, tera:Ghost|100\/100\n|move|p2a: Landorus|Stealth Rock|p1a: Garganacl\n|-sidestart|p1: liaoya|move: Stealth Rock\n|\n|upkeep\n|turn|42\n|\n|t:|1700936831\n|move|p2a: Landorus|U-turn|p1a: Garganacl\n|-resisted|p1a: Garganacl\n|-damage|p1a: Garganacl|94\/100\n|\n|t:|1700936833\n|switch|p2a: Corviknight|Corviknight, F|76\/100|[from] U-turn\n|-ability|p2a: Corviknight|Pressure\n|move|p1a: Garganacl|Iron Defense|p1a: Garganacl\n|-boost|p1a: Garganacl|def|2\n|\n|-heal|p1a: Garganacl|99\/100|[from] item: Leftovers\n|upkeep\n|turn|43\n|\n|t:|1700936839\n|move|p2a: Corviknight|Defog|p1a: Garganacl\n|-unboost|p1a: Garganacl|evasion|1\n|-sideend|p1: liaoya|move: Light Screen\n|-sideend|p1: liaoya|Stealth Rock|[from] move: Defog|[of] p2a: Corviknight\n|-sideend|p2: yes munchlax|Toxic Spikes|[from] move: Defog|[of] p2a: Corviknight\n|move|p1a: Garganacl|Iron Defense|p1a: Garganacl\n|-boost|p1a: Garganacl|def|2\n|\n|-heal|p1a: Garganacl|100\/100|[from] item: Leftovers\n|upkeep\n|turn|44\n|\n|t:|1700936844\n|switch|p2a: Landorus|Landorus-Therian, M|100\/100\n|-ability|p2a: Landorus|Intimidate|boost\n|-unboost|p1a: Garganacl|atk|1\n|move|p1a: Garganacl|Salt Cure|p2a: Landorus\n|-damage|p2a: Landorus|94\/100\n|-start|p2a: Landorus|Salt Cure\n|\n|-heal|p2a: Landorus|99\/100|[from] item: Leftovers\n|-damage|p2a: Landorus|88\/100|[from] Salt Cure\n|upkeep\n|turn|45\n|\n|t:|1700936848\n|move|p2a: Landorus|Earth Power|p1a: Garganacl\n|-damage|p1a: Garganacl|79\/100\n|move|p1a: Garganacl|Iron Defense|p1a: Garganacl\n|-boost|p1a: Garganacl|def|2\n|\n|-heal|p2a: Landorus|94\/100|[from] item: Leftovers\n|-heal|p1a: Garganacl|86\/100|[from] item: Leftovers\n|-damage|p2a: Landorus|81\/100|[from] Salt Cure\n|upkeep\n|turn|46\n|\n|t:|1700936851\n|move|p2a: Landorus|Earth Power|p1a: Garganacl\n|-damage|p1a: Garganacl|65\/100\n|move|p1a: Garganacl|Salt Cure|p2a: Landorus\n|-damage|p2a: Landorus|75\/100\n|\n|-heal|p2a: Landorus|81\/100|[from] item: Leftovers\n|-heal|p1a: Garganacl|71\/100|[from] item: Leftovers\n|-damage|p2a: Landorus|69\/100|[from] Salt Cure\n|upkeep\n|turn|47\n|\n|t:|1700936854\n|move|p2a: Landorus|Earth Power|p1a: Garganacl\n|-damage|p1a: Garganacl|50\/100\n|move|p1a: Garganacl|Recover|p1a: Garganacl\n|-heal|p1a: Garganacl|99\/100\n|\n|-heal|p2a: Landorus|75\/100|[from] item: Leftovers\n|-heal|p1a: Garganacl|100\/100|[from] item: Leftovers\n|-damage|p2a: Landorus|62\/100|[from] Salt Cure\n|upkeep\n|turn|48\n|\n|t:|1700936858\n|move|p2a: Landorus|Earth Power|p1a: Garganacl\n|-damage|p1a: Garganacl|78\/100\n|move|p1a: Garganacl|Salt Cure|p2a: Landorus\n|-damage|p2a: Landorus|56\/100\n|\n|-heal|p2a: Landorus|62\/100|[from] item: Leftovers\n|-heal|p1a: Garganacl|84\/100|[from] item: Leftovers\n|-damage|p2a: Landorus|49\/100|[from] Salt Cure\n|upkeep\n|turn|49\n|\n|t:|1700936862\n|move|p2a: Landorus|Earth Power|p1a: Garganacl\n|-damage|p1a: Garganacl|63\/100\n|move|p1a: Garganacl|Recover|p1a: Garganacl\n|-heal|p1a: Garganacl|100\/100\n|\n|-heal|p2a: Landorus|55\/100|[from] item: Leftovers\n|-damage|p2a: Landorus|43\/100|[from] Salt Cure\n|upkeep\n|turn|50\n|\n|t:|1700936865\n|move|p2a: Landorus|Earth Power|p1a: Garganacl\n|-damage|p1a: Garganacl|80\/100\n|move|p1a: Garganacl|Iron Defense|p1a: Garganacl\n|-boost|p1a: Garganacl|def|0\n|\n|-heal|p2a: Landorus|49\/100|[from] item: Leftovers\n|-heal|p1a: Garganacl|86\/100|[from] item: Leftovers\n|-damage|p2a: Landorus|37\/100|[from] Salt Cure\n|upkeep\n|turn|51\n|\n|t:|1700936869\n|move|p2a: Landorus|Earth Power|p1a: Garganacl\n|-damage|p1a: Garganacl|63\/100\n|move|p1a: Garganacl|Salt Cure|p2a: Landorus\n|-damage|p2a: Landorus|30\/100\n|\n|-heal|p2a: Landorus|36\/100|[from] item: Leftovers\n|-heal|p1a: Garganacl|70\/100|[from] item: Leftovers\n|-damage|p2a: Landorus|24\/100|[from] Salt Cure\n|upkeep\n|turn|52\n|\n|t:|1700936873\n|move|p2a: Landorus|Earth Power|p1a: Garganacl\n|-damage|p1a: Garganacl|47\/100\n|move|p1a: Garganacl|Salt Cure|p2a: Landorus\n|-damage|p2a: Landorus|17\/100\n|\n|-heal|p2a: Landorus|23\/100|[from] item: Leftovers\n|-heal|p1a: Garganacl|53\/100|[from] item: Leftovers\n|-damage|p2a: Landorus|11\/100|[from] Salt Cure\n|upkeep\n|turn|53\n|\n|t:|1700936880\n|switch|p2a: Greninja|Greninja, M, tera:Water|30\/100 psn\n|move|p1a: Garganacl|Recover|p1a: Garganacl\n|-heal|p1a: Garganacl|100\/100\n|\n|-damage|p2a: Greninja|17\/100 psn|[from] psn\n|upkeep\n|turn|54\n|l| SoulDewRegice\n|\n|t:|1700936889\n|move|p2a: Greninja|Dark Pulse|p1a: Garganacl\n|-supereffective|p1a: Garganacl\n|-damage|p1a: Garganacl|29\/100\n|move|p1a: Garganacl|Recover|p1a: Garganacl\n|-heal|p1a: Garganacl|79\/100\n|\n|-heal|p1a: Garganacl|85\/100|[from] item: Leftovers\n|-damage|p2a: Greninja|5\/100 psn|[from] psn\n|upkeep\n|turn|55\n|\n|t:|1700936902\n|switch|p1a: Glimmora|Glimmora, M|60\/100\n|move|p2a: Greninja|Dark Pulse|p1a: Glimmora\n|-damage|p1a: Glimmora|0 fnt\n|faint|p1a: Glimmora\n|\n|-damage|p2a: Greninja|0 fnt|[from] psn\n|faint|p2a: Greninja\n|upkeep\n|\n|t:|1700936909\n|switch|p2a: Arcanine|Arcanine-Hisui, F|55\/100\n|switch|p1a: Garganacl|Garganacl, M, shiny, tera:Ghost|85\/100\n|turn|56\n|\n|t:|1700936913\n|move|p2a: Arcanine|Head Smash|p1a: Garganacl|[miss]\n|-miss|p2a: Arcanine|p1a: Garganacl\n|move|p1a: Garganacl|Iron Defense|p1a: Garganacl\n|-boost|p1a: Garganacl|def|2\n|\n|-heal|p1a: Garganacl|91\/100|[from] item: Leftovers\n|upkeep\n|turn|57\n|-message|yes munchlax forfeited.\n|\n|win|liaoya\n|raw|liaoya's rating: 1574 &rarr; <strong>1591<\/strong><br \/>(+17 for winning)\n|raw|yes munchlax's rating: 1523 &rarr; <strong>1506<\/strong><br \/>(-17 for losing)\n|l|\u2606yes munchlax\n|c|\u2606liaoya|gg\n","uploadtime":1700936925,"views":0,"p1id":"liaoya","p2id":"yesmunchlax","formatid":"gen9ou","rating":1506,"private":0,"password":""}