{"id":"gen9ou-1995195121","p1":"whichjuanz","p2":"alt no. 599","format":"[Gen 9] OU","log":"|j|\u2606whichjuanz\n|j|\u2606alt no. 599\n|t:|1700533264\n|gametype|singles\n|player|p1|whichjuanz|hiker-gen4|1514\n|player|p2|alt no. 599|acetrainersnowf|1571\n|teamsize|p1|6\n|teamsize|p2|6\n|gen|9\n|tier|[Gen 9] OU\n|rated|\n|rule|Sleep Clause Mod: Limit one foe put to sleep\n|rule|Species Clause: Limit one of each Pok\u00e9mon\n|rule|OHKO Clause: OHKO moves are banned\n|rule|Evasion Items Clause: Evasion items are banned\n|rule|Evasion Moves Clause: Evasion moves are banned\n|rule|Endless Battle Clause: Forcing endless battles is banned\n|rule|HP Percentage Mod: HP is shown in percentages\n|clearpoke\n|poke|p1|Samurott-Hisui, F|\n|poke|p1|Ursaluna, F|\n|poke|p1|Glimmora, F|\n|poke|p1|Alomomola, F|\n|poke|p1|Hoopa-Unbound|\n|poke|p1|Mimikyu, F|\n|poke|p2|Gastrodon, F|\n|poke|p2|Heatran, F|\n|poke|p2|Landorus-Therian, M|\n|poke|p2|Zapdos|\n|poke|p2|Zamazenta-*|\n|poke|p2|Meowscarada, F|\n|teampreview\n|inactive|Battle timer is ON: inactive players will automatically lose when time's up. (requested by whichjuanz)\n|\n|t:|1700533291\n|start\n|switch|p1a: Samurott|Samurott-Hisui, F|100\/100\n|switch|p2a: Landorus|Landorus-Therian, M|100\/100\n|-ability|p2a: Landorus|Intimidate|boost\n|-unboost|p1a: Samurott|atk|1\n|turn|1\n|\n|t:|1700533294\n|move|p2a: Landorus|U-turn|p1a: Samurott\n|-supereffective|p1a: Samurott\n|-damage|p1a: Samurott|51\/100\n|\n|t:|1700533301\n|switch|p2a: Gastrodon|Gastrodon, F|100\/100|[from] U-turn\n|move|p1a: Samurott|Ceaseless Edge|p2a: Gastrodon\n|-damage|p2a: Gastrodon|81\/100\n|-sidestart|p2: alt no. 599|Spikes\n|\n|upkeep\n|turn|2\n|\n|t:|1700533310\n|move|p1a: Samurott|Knock Off|p2a: Gastrodon\n|-damage|p2a: Gastrodon|61\/100\n|-enditem|p2a: Gastrodon|Covert Cloak|[from] move: Knock Off|[of] p1a: Samurott\n|move|p2a: Gastrodon|Spikes|p1a: Samurott\n|-sidestart|p1: whichjuanz|Spikes\n|\n|upkeep\n|turn|3\n|\n|t:|1700533316\n|move|p1a: Samurott|Knock Off|p2a: Gastrodon\n|-damage|p2a: Gastrodon|47\/100\n|move|p2a: Gastrodon|Recover|p2a: Gastrodon\n|-heal|p2a: Gastrodon|97\/100\n|\n|upkeep\n|turn|4\n|\n|t:|1700533320\n|move|p1a: Samurott|Ceaseless Edge|p2a: Gastrodon\n|-damage|p2a: Gastrodon|76\/100\n|-sidestart|p2: alt no. 599|Spikes\n|move|p2a: Gastrodon|Earth Power|p1a: Samurott\n|-damage|p1a: Samurott|34\/100\n|\n|upkeep\n|turn|5\n|\n|t:|1700533323\n|move|p1a: Samurott|Ceaseless Edge|p2a: Gastrodon\n|-damage|p2a: Gastrodon|56\/100\n|-sidestart|p2: alt no. 599|Spikes\n|move|p2a: Gastrodon|Earth Power|p1a: Samurott\n|-damage|p1a: Samurott|16\/100\n|-unboost|p1a: Samurott|spd|1\n|\n|upkeep\n|turn|6\n|\n|t:|1700533332\n|switch|p1a: Ursaluna|Ursaluna, F|100\/100\n|-damage|p1a: Ursaluna|88\/100|[from] Spikes\n|move|p2a: Gastrodon|Recover|p2a: Gastrodon\n|-heal|p2a: Gastrodon|100\/100\n|\n|-heal|p1a: Ursaluna|94\/100|[from] item: Leftovers\n|upkeep\n|turn|7\n|\n|t:|1700533344\n|move|p1a: Ursaluna|Bulk Up|p1a: Ursaluna\n|-boost|p1a: Ursaluna|atk|1\n|-boost|p1a: Ursaluna|def|1\n|move|p2a: Gastrodon|Earth Power|p1a: Ursaluna\n|-damage|p1a: Ursaluna|77\/100\n|\n|-heal|p1a: Ursaluna|83\/100|[from] item: Leftovers\n|upkeep\n|turn|8\n|\n|t:|1700533347\n|move|p1a: Ursaluna|Bulk Up|p1a: Ursaluna\n|-boost|p1a: Ursaluna|atk|1\n|-boost|p1a: Ursaluna|def|1\n|move|p2a: Gastrodon|Clear Smog|p1a: Ursaluna\n|-resisted|p1a: Ursaluna\n|-damage|p1a: Ursaluna|80\/100\n|-clearboost|p1a: Ursaluna\n|\n|-heal|p1a: Ursaluna|86\/100|[from] item: Leftovers\n|upkeep\n|turn|9\n|\n|t:|1700533350\n|move|p1a: Ursaluna|Drain Punch|p2a: Gastrodon\n|-damage|p2a: Gastrodon|82\/100\n|-heal|p1a: Ursaluna|94\/100|[from] drain|[of] p2a: Gastrodon\n|move|p2a: Gastrodon|Earth Power|p1a: Ursaluna\n|-damage|p1a: Ursaluna|77\/100\n|\n|-heal|p1a: Ursaluna|83\/100|[from] item: Leftovers\n|upkeep\n|turn|10\n|\n|t:|1700533354\n|move|p1a: Ursaluna|Bulk Up|p1a: Ursaluna\n|-boost|p1a: Ursaluna|atk|1\n|-boost|p1a: Ursaluna|def|1\n|move|p2a: Gastrodon|Earth Power|p1a: Ursaluna\n|-damage|p1a: Ursaluna|64\/100\n|\n|-heal|p1a: Ursaluna|70\/100|[from] item: Leftovers\n|upkeep\n|turn|11\n|\n|t:|1700533356\n|move|p1a: Ursaluna|Earthquake|p2a: Gastrodon\n|-damage|p2a: Gastrodon|21\/100\n|move|p2a: Gastrodon|Clear Smog|p1a: Ursaluna\n|-resisted|p1a: Ursaluna\n|-damage|p1a: Ursaluna|67\/100\n|-clearboost|p1a: Ursaluna\n|\n|-heal|p1a: Ursaluna|73\/100|[from] item: Leftovers\n|upkeep\n|turn|12\n|\n|t:|1700533358\n|move|p1a: Ursaluna|Bulk Up|p1a: Ursaluna\n|-boost|p1a: Ursaluna|atk|1\n|-boost|p1a: Ursaluna|def|1\n|move|p2a: Gastrodon|Earth Power|p1a: Ursaluna\n|-damage|p1a: Ursaluna|55\/100\n|\n|-heal|p1a: Ursaluna|62\/100|[from] item: Leftovers\n|upkeep\n|turn|13\n|\n|t:|1700533361\n|move|p1a: Ursaluna|Earthquake|p2a: Gastrodon\n|-damage|p2a: Gastrodon|0 fnt\n|faint|p2a: Gastrodon\n|\n|-heal|p1a: Ursaluna|68\/100|[from] item: Leftovers\n|upkeep\n|\n|t:|1700533366\n|switch|p2a: Landorus|Landorus-Therian, M|100\/100\n|-ability|p2a: Landorus|Intimidate|boost\n|-unboost|p1a: Ursaluna|atk|1\n|turn|14\n|\n|t:|1700533373\n|switch|p1a: Samurott|Samurott-Hisui, F|16\/100\n|-damage|p1a: Samurott|4\/100|[from] Spikes\n|move|p2a: Landorus|Grass Knot|p1a: Samurott\n|-supereffective|p1a: Samurott\n|-damage|p1a: Samurott|0 fnt\n|faint|p1a: Samurott\n|\n|upkeep\n|\n|t:|1700533385\n|switch|p1a: Hoopa|Hoopa-Unbound|100\/100\n|-damage|p1a: Hoopa|88\/100|[from] Spikes\n|turn|15\n|\n|t:|1700533395\n|move|p2a: Landorus|U-turn|p1a: Hoopa\n|-supereffective|p1a: Hoopa\n|-damage|p1a: Hoopa|0 fnt\n|faint|p1a: Hoopa\n|\n|t:|1700533402\n|switch|p2a: Meowscarada|Meowscarada, F|100\/100|[from] U-turn\n|\n|upkeep\n|\n|t:|1700533405\n|switch|p1a: Glimmora|Glimmora, F|100\/100\n|-damage|p1a: Glimmora|88\/100|[from] Spikes\n|turn|16\n|\n|t:|1700533413\n|switch|p2a: Landorus|Landorus-Therian, M|100\/100\n|-ability|p2a: Landorus|Intimidate|boost\n|-unboost|p1a: Glimmora|atk|1\n|move|p1a: Glimmora|Stealth Rock|p2a: Landorus\n|-sidestart|p2: alt no. 599|move: Stealth Rock\n|\n|upkeep\n|turn|17\n|\n|t:|1700533418\n|move|p2a: Landorus|Earthquake|p1a: Glimmora\n|-supereffective|p1a: Glimmora\n|-damage|p1a: Glimmora|0 fnt\n|-activate|p1a: Glimmora|ability: Toxic Debris\n|-sidestart|p2: alt no. 599|move: Toxic Spikes\n|faint|p1a: Glimmora\n|\n|upkeep\n|\n|t:|1700533422\n|switch|p1a: Mimikyu|Mimikyu, F|100\/100\n|-damage|p1a: Mimikyu|88\/100|[from] Spikes\n|turn|18\n|\n|t:|1700533426\n|move|p1a: Mimikyu|Swords Dance|p1a: Mimikyu\n|-boost|p1a: Mimikyu|atk|2\n|move|p2a: Landorus|Earthquake|p1a: Mimikyu\n|-activate|p1a: Mimikyu|ability: Disguise\n|-damage|p1a: Mimikyu|88\/100\n|detailschange|p1a: Mimikyu|Mimikyu-Busted, F\n|-damage|p1a: Mimikyu|76\/100|[from] pokemon: Mimikyu-Busted\n|-enditem|p1a: Mimikyu|Red Card|[of] p2a: Landorus\n|drag|p2a: Heatran|Heatran, F|100\/100\n|-damage|p2a: Heatran|76\/100|[from] Spikes\n|-damage|p2a: Heatran|63\/100|[from] Stealth Rock\n|\n|-heal|p2a: Heatran|69\/100|[from] item: Leftovers\n|upkeep\n|turn|19\n|\n|t:|1700533431\n|move|p1a: Mimikyu|Swords Dance|p1a: Mimikyu\n|-boost|p1a: Mimikyu|atk|2\n|move|p2a: Heatran|Magma Storm|p1a: Mimikyu\n|-damage|p1a: Mimikyu|17\/100\n|-activate|p1a: Mimikyu|move: Magma Storm|[of] p2a: Heatran\n|\n|-heal|p2a: Heatran|76\/100|[from] item: Leftovers\n|-damage|p1a: Mimikyu|5\/100|[from] move: Magma Storm|[partiallytrapped]\n|upkeep\n|turn|20\n|\n|t:|1700533434\n|move|p2a: Heatran|Protect|p2a: Heatran\n|-singleturn|p2a: Heatran|Protect\n|move|p1a: Mimikyu|Shadow Sneak|p2a: Heatran\n|-activate|p2a: Heatran|move: Protect\n|\n|-heal|p2a: Heatran|82\/100|[from] item: Leftovers\n|-damage|p1a: Mimikyu|0 fnt|[from] move: Magma Storm|[partiallytrapped]\n|faint|p1a: Mimikyu\n|upkeep\n|-message|whichjuanz forfeited.\n|\n|win|alt no. 599\n|raw|whichjuanz's rating: 1514 &rarr; <strong>1497<\/strong><br \/>(-17 for losing)\n|raw|alt no. 599's rating: 1571 &rarr; <strong>1588<\/strong><br \/>(+17 for winning)\n|l|\u2606whichjuanz\n","uploadtime":1700533440,"views":9,"p1id":"whichjuanz","p2id":"altno599","formatid":"gen9ou","rating":1497,"private":0,"password":""}