{"id":"gen9ou-1994145476","p1":"SethLikesCombusken","p2":"rezzerpl4","format":"[Gen 9] OU","log":"|j|\u2606SethLikesCombusken\n|j|\u2606rezzerpl4\n|t:|1700412196\n|gametype|singles\n|player|p1|SethLikesCombusken|palmer|1137\n|player|p2|rezzerpl4|giovanni|1211\n|teamsize|p1|6\n|teamsize|p2|6\n|gen|9\n|tier|[Gen 9] OU\n|rated|\n|rule|Sleep Clause Mod: Limit one foe put to sleep\n|rule|Species Clause: Limit one of each Pok\u00e9mon\n|rule|OHKO Clause: OHKO moves are banned\n|rule|Evasion Items Clause: Evasion items are banned\n|rule|Evasion Moves Clause: Evasion moves are banned\n|rule|Endless Battle Clause: Forcing endless battles is banned\n|rule|HP Percentage Mod: HP is shown in percentages\n|clearpoke\n|poke|p1|Rillaboom, F|\n|poke|p1|Sneasler, M|\n|poke|p1|Dragapult, M|\n|poke|p1|Gholdengo|\n|poke|p1|Kommo-o, M|\n|poke|p1|Glimmora, M|\n|poke|p2|Clodsire, F|\n|poke|p2|Gholdengo|\n|poke|p2|Volcanion|\n|poke|p2|Cinderace, F|\n|poke|p2|Ogerpon, F|\n|poke|p2|Hydreigon, F|\n|teampreview\n|inactive|Battle timer is ON: inactive players will automatically lose when time's up. (requested by rezzerpl4)\n|inactive|SethLikesCombusken also wants the timer to be on.\n|\n|t:|1700412218\n|start\n|switch|p1a: Dragapult|Dragapult, M|100\/100\n|switch|p2a: Jerry|Cinderace, F|100\/100\n|turn|1\n|\n|t:|1700412226\n|move|p1a: Dragapult|Draco Meteor|p2a: Jerry|[miss]\n|-miss|p1a: Dragapult|p2a: Jerry\n|move|p2a: Jerry|U-turn|p1a: Dragapult\n|-start|p2a: Jerry|typechange|Bug|[from] ability: Libero\n|-resisted|p1a: Dragapult\n|-damage|p1a: Dragapult|79\/100\n|c|\u2606SethLikesCombusken|LMAO\n|\n|t:|1700412235\n|switch|p2a: Barry|Hydreigon, F|100\/100|[from] U-turn\n|\n|upkeep\n|turn|2\n|\n|t:|1700412247\n|switch|p1a: Gholdengo|Gholdengo|100\/100\n|-terastallize|p2a: Barry|Fairy\n|move|p2a: Barry|Dragon Dance|p2a: Barry\n|-boost|p2a: Barry|atk|1\n|-boost|p2a: Barry|spe|1\n|\n|upkeep\n|turn|3\n|\n|t:|1700412257\n|-terastallize|p1a: Gholdengo|Flying\n|move|p2a: Barry|Crunch|p1a: Gholdengo\n|-damage|p1a: Gholdengo|63\/100\n|move|p1a: Gholdengo|Thunder Wave|p2a: Barry\n|-status|p2a: Barry|par\n|\n|-heal|p1a: Gholdengo|69\/100|[from] item: Leftovers\n|upkeep\n|turn|4\n|\n|t:|1700412280\n|switch|p1a: Sneasler|Sneasler, M|100\/100\n|move|p2a: Barry|Scale Shot|p1a: Sneasler\n|-damage|p1a: Sneasler|72\/100\n|-damage|p1a: Sneasler|42\/100\n|-damage|p1a: Sneasler|14\/100\n|-damage|p1a: Sneasler|0 fnt\n|faint|p1a: Sneasler\n|-hitcount|p1: Sneasler|4\n|-unboost|p2a: Barry|def|1\n|-boost|p2a: Barry|spe|1\n|\n|upkeep\n|\n|t:|1700412286\n|switch|p1a: Rillaboom|Rillaboom, F|100\/100\n|-fieldstart|move: Grassy Terrain|[from] ability: Grassy Surge|[of] p1a: Rillaboom\n|turn|5\n|\n|t:|1700412298\n|move|p2a: Barry|Scale Shot|p1a: Rillaboom\n|-damage|p1a: Rillaboom|83\/100\n|-damage|p1a: Rillaboom|65\/100\n|-damage|p1a: Rillaboom|45\/100\n|-damage|p1a: Rillaboom|25\/100\n|-hitcount|p1a: Rillaboom|4\n|-unboost|p2a: Barry|def|1\n|-boost|p2a: Barry|spe|1\n|move|p1a: Rillaboom|Wood Hammer|p2a: Barry\n|-damage|p2a: Barry|0 fnt\n|faint|p2a: Barry\n|-damage|p1a: Rillaboom|0 fnt|[from] Recoil\n|faint|p1a: Rillaboom\n|\n|upkeep\n|\n|t:|1700412314\n|switch|p2a: Gary|Clodsire, F|100\/100\n|switch|p1a: Dragapult|Dragapult, M|79\/100\n|turn|6\n|\n|t:|1700412320\n|move|p1a: Dragapult|U-turn|p2a: Gary\n|-resisted|p2a: Gary\n|-damage|p2a: Gary|92\/100\n|\n|t:|1700412322\n|switch|p1a: Glimmora|Glimmora, M|100\/100|[from] U-turn\n|move|p2a: Gary|Stealth Rock|p1a: Glimmora\n|-sidestart|p1: SethLikesCombusken|move: Stealth Rock\n|\n|-heal|p2a: Gary|98\/100|[from] Grassy Terrain\n|-heal|p2a: Gary|100\/100|[from] item: Black Sludge\n|upkeep\n|turn|7\n|\n|t:|1700412333\n|move|p1a: Glimmora|Earth Power|p2a: Gary\n|-supereffective|p2a: Gary\n|-damage|p2a: Gary|66\/100\n|move|p2a: Gary|Stomping Tantrum|p1a: Glimmora\n|-supereffective|p1a: Glimmora\n|-enditem|p1a: Glimmora|Focus Sash\n|-damage|p1a: Glimmora|1\/100\n|-activate|p1a: Glimmora|ability: Toxic Debris\n|-sidestart|p2: rezzerpl4|move: Toxic Spikes\n|\n|-heal|p1a: Glimmora|7\/100|[from] Grassy Terrain\n|-heal|p2a: Gary|72\/100|[from] Grassy Terrain\n|-heal|p2a: Gary|78\/100|[from] item: Black Sludge\n|upkeep\n|turn|8\n|\n|t:|1700412345\n|move|p1a: Glimmora|Stealth Rock|p2a: Gary\n|-sidestart|p2: rezzerpl4|move: Stealth Rock\n|move|p2a: Gary|Stomping Tantrum|p1a: Glimmora\n|-supereffective|p1a: Glimmora\n|-damage|p1a: Glimmora|0 fnt\n|-activate|p1a: Glimmora|ability: Toxic Debris\n|-sidestart|p2: rezzerpl4|move: Toxic Spikes\n|faint|p1a: Glimmora\n|\n|-heal|p2a: Gary|84\/100|[from] Grassy Terrain\n|-heal|p2a: Gary|90\/100|[from] item: Black Sludge\n|upkeep\n|\n|t:|1700412355\n|switch|p1a: Dragapult|Dragapult, M|79\/100\n|-damage|p1a: Dragapult|66\/100|[from] Stealth Rock\n|turn|9\n|\n|t:|1700412365\n|switch|p2a: Jerry|Cinderace, F|100\/100\n|move|p1a: Dragapult|Draco Meteor|p2a: Jerry\n|-damage|p2a: Jerry|0 fnt\n|-unboost|p1a: Dragapult|spa|2\n|faint|p2a: Jerry\n|\n|-heal|p1a: Dragapult|72\/100|[from] Grassy Terrain\n|-fieldend|move: Grassy Terrain\n|upkeep\n|\n|t:|1700412375\n|switch|p2a: Larry|Gholdengo|100\/100\n|-damage|p2a: Larry|94\/100|[from] Stealth Rock\n|turn|10\n|\n|t:|1700412386\n|switch|p1a: Kommo-o|Kommo-o, M|100\/100\n|-damage|p1a: Kommo-o|94\/100|[from] Stealth Rock\n|move|p2a: Larry|Nasty Plot|p2a: Larry\n|-boost|p2a: Larry|spa|2\n|\n|-heal|p2a: Larry|100\/100|[from] item: Leftovers\n|upkeep\n|turn|11\n|\n|t:|1700412401\n|move|p1a: Kommo-o|Flamethrower|p2a: Larry\n|-supereffective|p2a: Larry\n|-damage|p2a: Larry|51\/100\n|move|p2a: Larry|Make It Rain|p1a: Kommo-o\n|-damage|p1a: Kommo-o|0 fnt\n|-unboost|p2a: Larry|spa|1\n|faint|p1a: Kommo-o\n|\n|-heal|p2a: Larry|57\/100|[from] item: Leftovers\n|upkeep\n|\n|t:|1700412406\n|switch|p1a: Dragapult|Dragapult, M|72\/100\n|-damage|p1a: Dragapult|60\/100|[from] Stealth Rock\n|turn|12\n|\n|t:|1700412421\n|switch|p2a: Parry|Volcanion|100\/100\n|-status|p2a: Parry|tox\n|-damage|p2a: Parry|76\/100 tox|[from] Stealth Rock\n|move|p1a: Dragapult|Draco Meteor|p2a: Parry\n|-damage|p2a: Parry|23\/100 tox\n|-unboost|p1a: Dragapult|spa|2\n|\n|-damage|p2a: Parry|17\/100 tox|[from] psn\n|upkeep\n|turn|13\n|\n|t:|1700412433\n|move|p1a: Dragapult|Draco Meteor|p2a: Parry\n|-crit|p2a: Parry\n|-damage|p2a: Parry|0 fnt\n|-unboost|p1a: Dragapult|spa|2\n|faint|p2a: Parry\n|\n|upkeep\n|\n|t:|1700412441\n|switch|p2a: Larry|Gholdengo|57\/100\n|-damage|p2a: Larry|51\/100|[from] Stealth Rock\n|turn|14\n|\n|t:|1700412446\n|switch|p1a: Gholdengo|Gholdengo, tera:Flying|69\/100\n|-damage|p1a: Gholdengo|44\/100|[from] Stealth Rock\n|move|p2a: Larry|Recover|p2a: Larry\n|-heal|p2a: Larry|100\/100\n|\n|-heal|p1a: Gholdengo|50\/100|[from] item: Leftovers\n|upkeep\n|turn|15\n|\n|t:|1700412454\n|move|p1a: Gholdengo|Hex|p2a: Larry\n|-supereffective|p2a: Larry\n|-damage|p2a: Larry|45\/100\n|move|p2a: Larry|Shadow Ball|p1a: Gholdengo\n|-damage|p1a: Gholdengo|1\/100\n|\n|-heal|p2a: Larry|51\/100|[from] item: Leftovers\n|-heal|p1a: Gholdengo|7\/100|[from] item: Leftovers\n|upkeep\n|turn|16\n|\n|t:|1700412475\n|move|p1a: Gholdengo|Hex|p2a: Larry\n|-supereffective|p2a: Larry\n|-damage|p2a: Larry|0 fnt\n|faint|p2a: Larry\n|\n|-heal|p1a: Gholdengo|13\/100|[from] item: Leftovers\n|upkeep\n|\n|t:|1700412481\n|switch|p2a: Harry|Ogerpon, F|100\/100\n|-status|p2a: Harry|tox\n|-damage|p2a: Harry|88\/100 tox|[from] Stealth Rock\n|turn|17\n|\n|t:|1700412486\n|move|p2a: Harry|Knock Off|p1a: Gholdengo\n|-damage|p1a: Gholdengo|0 fnt\n|-enditem|p1a: Gholdengo|Leftovers|[from] move: Knock Off|[of] p2a: Harry\n|faint|p1a: Gholdengo\n|\n|-heal|p2a: Harry|94\/100 tox|[from] item: Leftovers\n|-damage|p2a: Harry|88\/100 tox|[from] psn\n|upkeep\n|\n|t:|1700412488\n|switch|p1a: Dragapult|Dragapult, M|60\/100\n|-damage|p1a: Dragapult|48\/100|[from] Stealth Rock\n|turn|18\n|\n|t:|1700412495\n|move|p1a: Dragapult|Draco Meteor|p2a: Harry\n|-damage|p2a: Harry|0 fnt\n|-unboost|p1a: Dragapult|spa|2\n|faint|p2a: Harry\n|\n|upkeep\n|\n|t:|1700412501\n|switch|p2a: Gary|Clodsire, F|90\/100\n|-sideend|p2: rezzerpl4|move: Toxic Spikes|[of] p2a: Gary\n|-damage|p2a: Gary|84\/100|[from] Stealth Rock\n|turn|19\n|\n|t:|1700412506\n|move|p1a: Dragapult|Draco Meteor|p2a: Gary\n|-damage|p2a: Gary|36\/100\n|-unboost|p1a: Dragapult|spa|2\n|move|p2a: Gary|Toxic|p1a: Dragapult\n|-status|p1a: Dragapult|tox\n|\n|-heal|p2a: Gary|42\/100|[from] item: Black Sludge\n|-damage|p1a: Dragapult|42\/100 tox|[from] psn\n|upkeep\n|turn|20\n|c|\u2606rezzerpl4|wp\n|\n|t:|1700412519\n|move|p1a: Dragapult|Draco Meteor|p2a: Gary\n|-damage|p2a: Gary|0 fnt\n|-unboost|p1a: Dragapult|spa|2\n|faint|p2a: Gary\n|\n|win|SethLikesCombusken\n|raw|SethLikesCombusken's rating: 1137 &rarr; <strong>1167<\/strong><br \/>(+30 for winning)\n|raw|rezzerpl4's rating: 1211 &rarr; <strong>1181<\/strong><br \/>(-30 for losing)\n|c|\u2606SethLikesCombusken|Ggwp\n|l|\u2606rezzerpl4\n","uploadtime":1700412535,"views":7,"p1id":"sethlikescombusken","p2id":"rezzerpl4","formatid":"gen9ou","rating":1167,"private":0,"password":""}