{"id":"gen9ou-1996226070","p1":"gosuBX","p2":"Lazysans42","format":"[Gen 9] OU","log":"|j|\u203dgosuBX\n|j|\u2606Lazysans42\n|t:|1700661371\n|gametype|singles\n|player|p1|gosuBX|101|1229\n|player|p2|Lazysans42|266|1202\n|teamsize|p1|6\n|teamsize|p2|6\n|gen|9\n|tier|[Gen 9] OU\n|rated|\n|rule|Sleep Clause Mod: Limit one foe put to sleep\n|rule|Species Clause: Limit one of each Pok\u00e9mon\n|rule|OHKO Clause: OHKO moves are banned\n|rule|Evasion Items Clause: Evasion items are banned\n|rule|Evasion Moves Clause: Evasion moves are banned\n|rule|Endless Battle Clause: Forcing endless battles is banned\n|rule|HP Percentage Mod: HP is shown in percentages\n|clearpoke\n|poke|p1|Lokix, M|\n|poke|p1|Braviary-Hisui, M|\n|poke|p1|Kommo-o, M|\n|poke|p1|Lilligant-Hisui, F|\n|poke|p1|Toxtricity, F|\n|poke|p1|Slowbro-Galar, M|\n|poke|p2|Houndoom, M|\n|poke|p2|Zapdos|\n|poke|p2|Iron Valiant|\n|poke|p2|Kleavor, F|\n|poke|p2|Garchomp, F|\n|poke|p2|Haunter, M|\n|teampreview\n|inactive|Battle timer is ON: inactive players will automatically lose when time's up. (requested by gosuBX)\n|\n|t:|1700661377\n|start\n|switch|p1a: Slowbro|Slowbro-Galar, M, shiny|100\/100\n|switch|p2a: Kleavor|Kleavor, F|100\/100\n|turn|1\n|\n|t:|1700661393\n|move|p2a: Kleavor|Stone Axe|p1a: Slowbro\n|-damage|p1a: Slowbro|52\/100\n|-sidestart|p1: gosuBX|move: Stealth Rock\n|move|p1a: Slowbro|Belly Drum|p1a: Slowbro\n|-damage|p1a: Slowbro|2\/100\n|-setboost|p1a: Slowbro|atk|6|[from] move: Belly Drum\n|\n|upkeep\n|turn|2\n|-activate|p1a: Slowbro|ability: Quick Draw\n|\n|t:|1700661400\n|move|p1a: Slowbro|Drain Punch|p2a: Kleavor\n|-damage|p2a: Kleavor|0 fnt\n|-heal|p1a: Slowbro|38\/100|[from] drain|[of] p2a: Kleavor\n|faint|p2a: Kleavor\n|\n|upkeep\n|\n|t:|1700661407\n|switch|p2a: Iron Valiant|Iron Valiant|100\/100\n|-enditem|p2a: Iron Valiant|Booster Energy\n|-activate|p2a: Iron Valiant|ability: Quark Drive|[fromitem]\n|-start|p2a: Iron Valiant|quarkdrivespe\n|turn|3\n|-activate|p1a: Slowbro|ability: Quick Draw\n|\n|t:|1700661427\n|move|p1a: Slowbro|Ice Punch|p2a: Iron Valiant\n|-damage|p2a: Iron Valiant|0 fnt\n|faint|p2a: Iron Valiant\n|-end|p2a: Iron Valiant|Quark Drive|[silent]\n|\n|upkeep\n|\n|t:|1700661433\n|switch|p2a: Houndoom|Houndoom, M|100\/100\n|turn|4\n|-activate|p1a: Slowbro|ability: Quick Draw\n|\n|t:|1700661437\n|move|p2a: Houndoom|Sucker Punch|p1a: Slowbro\n|-supereffective|p1a: Slowbro\n|-damage|p1a: Slowbro|0 fnt\n|faint|p1a: Slowbro\n|-damage|p2a: Houndoom|91\/100|[from] item: Life Orb\n|\n|upkeep\n|\n|t:|1700661450\n|switch|p1a: Lilligant|Lilligant-Hisui, F|100\/100\n|-damage|p1a: Lilligant|94\/100|[from] Stealth Rock\n|turn|5\n|\n|t:|1700661455\n|-terastallize|p1a: Lilligant|Fire\n|-terastallize|p2a: Houndoom|Poison\n|move|p1a: Lilligant|Victory Dance|p1a: Lilligant\n|-boost|p1a: Lilligant|atk|1\n|-boost|p1a: Lilligant|def|1\n|-boost|p1a: Lilligant|spe|1\n|move|p2a: Houndoom|Fire Blast|p1a: Lilligant\n|-resisted|p1a: Lilligant\n|-damage|p1a: Lilligant|45\/100\n|-damage|p2a: Houndoom|81\/100|[from] item: Life Orb\n|\n|-heal|p1a: Lilligant|51\/100|[from] item: Leftovers\n|upkeep\n|turn|6\n|inactive|gosuBX has 120 seconds left.\n|\n|t:|1700661495\n|move|p1a: Lilligant|Ice Spinner|p2a: Houndoom\n|-damage|p2a: Houndoom|5\/100\n|move|p2a: Houndoom|Dark Pulse|p1a: Lilligant\n|-damage|p1a: Lilligant|0 fnt\n|faint|p1a: Lilligant\n|-damage|p2a: Houndoom|0 fnt|[from] item: Life Orb\n|faint|p2a: Houndoom\n|\n|upkeep\n|inactive|gosuBX has 120 seconds left.\n|\n|t:|1700661515\n|switch|p1a: Lokix|Lokix, M, shiny|100\/100\n|switch|p2a: Zapdos|Zapdos|100\/100\n|-damage|p1a: Lokix|75\/100|[from] Stealth Rock\n|turn|7\n|\n|t:|1700661525\n|move|p1a: Lokix|Swords Dance|p1a: Lokix\n|-boost|p1a: Lokix|atk|2\n|move|p2a: Zapdos|Heat Wave|p1a: Lokix\n|-supereffective|p1a: Lokix\n|-damage|p1a: Lokix|0 fnt\n|faint|p1a: Lokix\n|\n|upkeep\n|\n|t:|1700661532\n|switch|p1a: Kommo-o|Kommo-o, M|100\/100\n|-damage|p1a: Kommo-o|94\/100|[from] Stealth Rock\n|turn|8\n|\n|t:|1700661538\n|move|p1a: Kommo-o|Belly Drum|p1a: Kommo-o\n|-damage|p1a: Kommo-o|44\/100\n|-setboost|p1a: Kommo-o|atk|6|[from] move: Belly Drum\n|move|p2a: Zapdos|Hurricane|p1a: Kommo-o\n|-supereffective|p1a: Kommo-o\n|-damage|p1a: Kommo-o|0 fnt\n|faint|p1a: Kommo-o\n|\n|upkeep\n|inactive|gosuBX has 120 seconds left.\n|\n|t:|1700661547\n|switch|p1a: Toxtricity|Toxtricity, F|100\/100\n|-damage|p1a: Toxtricity|88\/100|[from] Stealth Rock\n|turn|9\n|\n|t:|1700661557\n|move|p1a: Toxtricity|Shift Gear|p1a: Toxtricity\n|-boost|p1a: Toxtricity|spe|2\n|-boost|p1a: Toxtricity|atk|1\n|move|p2a: Zapdos|Volt Switch|p1a: Toxtricity\n|-resisted|p1a: Toxtricity\n|-damage|p1a: Toxtricity|59\/100\n|\n|t:|1700661563\n|switch|p2a: Garchomp|Garchomp, F|100\/100|[from] Volt Switch\n|\n|upkeep\n|turn|10\n|\n|t:|1700661575\n|move|p1a: Toxtricity|Boomburst|p2a: Garchomp\n|-damage|p2a: Garchomp|31\/100\n|-enditem|p1a: Toxtricity|Throat Spray\n|-boost|p1a: Toxtricity|spa|1|[from] item: Throat Spray\n|move|p2a: Garchomp|Scale Shot|p1a: Toxtricity|[miss]\n|-miss|p2a: Garchomp|p1a: Toxtricity\n|\n|upkeep\n|turn|11\n|\n|t:|1700661589\n|move|p1a: Toxtricity|Sludge Bomb|p2a: Garchomp\n|-resisted|p2a: Garchomp\n|-damage|p2a: Garchomp|0 fnt\n|faint|p2a: Garchomp\n|\n|upkeep\n|\n|t:|1700661592\n|switch|p2a: Haunter|Haunter, M|100\/100\n|turn|12\n|\n|t:|1700661597\n|move|p1a: Toxtricity|Overdrive|p2a: Haunter\n|-damage|p2a: Haunter|0 fnt\n|faint|p2a: Haunter\n|\n|upkeep\n|\n|t:|1700661601\n|switch|p2a: Zapdos|Zapdos|100\/100\n|turn|13\n|\n|t:|1700661613\n|move|p1a: Toxtricity|Boomburst|p2a: Zapdos\n|-damage|p2a: Zapdos|7\/100\n|move|p2a: Zapdos|Hurricane|p1a: Toxtricity\n|-resisted|p1a: Toxtricity\n|-damage|p1a: Toxtricity|15\/100\n|\n|upkeep\n|turn|14\n|\n|t:|1700661619\n|move|p1a: Toxtricity|Boomburst|p2a: Zapdos\n|-damage|p2a: Zapdos|0 fnt\n|faint|p2a: Zapdos\n|\n|win|gosuBX\n|raw|gosuBX's rating: 1229 &rarr; <strong>1252<\/strong><br \/>(+23 for winning)\n|raw|Lazysans42's rating: 1202 &rarr; <strong>1179<\/strong><br \/>(-23 for losing)\n|l|\u2606Lazysans42\n","uploadtime":1700661627,"views":7,"p1id":"gosubx","p2id":"lazysans42","formatid":"gen9ou","rating":1179,"private":0,"password":""}