{"id":"gen9ou-1988996604","p1":"Aq4","p2":"Phantasmagloria","format":"[Gen 9] OU","log":"|j|\u2606Aq4\n|j|\u2606Phantasmagloria\n|t:|1699800046\n|gametype|singles\n|player|p1|Aq4|169|1153\n|player|p2|Phantasmagloria|palmer|1149\n|teamsize|p1|6\n|teamsize|p2|6\n|gen|9\n|tier|[Gen 9] OU\n|rated|\n|rule|Sleep Clause Mod: Limit one foe put to sleep\n|rule|Species Clause: Limit one of each Pok\u00e9mon\n|rule|OHKO Clause: OHKO moves are banned\n|rule|Evasion Items Clause: Evasion items are banned\n|rule|Evasion Moves Clause: Evasion moves are banned\n|rule|Endless Battle Clause: Forcing endless battles is banned\n|rule|HP Percentage Mod: HP is shown in percentages\n|clearpoke\n|poke|p1|Torterra, F|\n|poke|p1|Infernape, M|\n|poke|p1|Empoleon, F|\n|poke|p1|Greninja-*, M|\n|poke|p1|Glimmora, M|\n|poke|p1|Kingambit, M|\n|poke|p2|Grimmsnarl, M|\n|poke|p2|Corviknight, M|\n|poke|p2|Rotom-Wash|\n|poke|p2|Landorus-Therian, M|\n|poke|p2|Munkidori, M|\n|poke|p2|Gardevoir, F|\n|teampreview\n|inactive|Battle timer is ON: inactive players will automatically lose when time's up. (requested by Aq4)\n|\n|t:|1699800055\n|start\n|switch|p1a: Greninja|Greninja, M|100\/100\n|switch|p2a: Munkidori|Munkidori, M|100\/100\n|turn|1\n|\n|t:|1699800063\n|move|p2a: Munkidori|Fake Out|p1a: Greninja\n|-damage|p1a: Greninja|90\/100\n|cant|p1a: Greninja|flinch\n|\n|upkeep\n|turn|2\n|\n|t:|1699800075\n|switch|p2a: Grimmsnarl|Grimmsnarl, M|100\/100\n|move|p1a: Greninja|Dark Pulse|p2a: Grimmsnarl\n|-resisted|p2a: Grimmsnarl\n|-damage|p2a: Grimmsnarl|92\/100\n|-damage|p1a: Greninja|80\/100|[from] item: Life Orb\n|\n|-heal|p2a: Grimmsnarl|98\/100|[from] item: Leftovers\n|upkeep\n|turn|3\n|\n|t:|1699800087\n|move|p2a: Grimmsnarl|Light Screen|p2a: Grimmsnarl\n|-sidestart|p2: Phantasmagloria|move: Light Screen\n|move|p1a: Greninja|Hydro Pump|p2a: Grimmsnarl\n|-damage|p2a: Grimmsnarl|76\/100\n|-damage|p1a: Greninja|70\/100|[from] item: Life Orb\n|\n|-heal|p2a: Grimmsnarl|82\/100|[from] item: Leftovers\n|upkeep\n|turn|4\n|\n|t:|1699800097\n|switch|p1a: Kingambit|Kingambit, M|100\/100\n|move|p2a: Grimmsnarl|Spirit Break|p1a: Kingambit\n|-damage|p1a: Kingambit|79\/100\n|-unboost|p1a: Kingambit|spa|1\n|\n|-heal|p2a: Grimmsnarl|88\/100|[from] item: Leftovers\n|upkeep\n|turn|5\n|\n|t:|1699800105\n|move|p2a: Grimmsnarl|Parting Shot|p1a: Kingambit\n|-hint|Since gen 7, Dark is immune to Prankster moves.\n|-immune|p1a: Kingambit\n|move|p1a: Kingambit|Swords Dance|p1a: Kingambit\n|-boost|p1a: Kingambit|atk|2\n|\n|-heal|p2a: Grimmsnarl|94\/100|[from] item: Leftovers\n|upkeep\n|turn|6\n|\n|t:|1699800118\n|move|p2a: Grimmsnarl|Reflect|p2a: Grimmsnarl\n|-sidestart|p2: Phantasmagloria|Reflect\n|move|p1a: Kingambit|Swords Dance|p1a: Kingambit\n|-boost|p1a: Kingambit|atk|2\n|\n|-heal|p2a: Grimmsnarl|99\/100|[from] item: Leftovers\n|upkeep\n|turn|7\n|\n|t:|1699800124\n|move|p2a: Grimmsnarl|Spirit Break|p1a: Kingambit\n|-damage|p1a: Kingambit|58\/100\n|-unboost|p1a: Kingambit|spa|1\n|move|p1a: Kingambit|Iron Head|p2a: Grimmsnarl\n|-supereffective|p2a: Grimmsnarl\n|-damage|p2a: Grimmsnarl|0 fnt\n|faint|p2a: Grimmsnarl\n|-damage|p1a: Kingambit|48\/100|[from] item: Life Orb\n|\n|-sideend|p2: Phantasmagloria|move: Light Screen\n|upkeep\n|\n|t:|1699800127\n|switch|p2a: Landorus|Landorus-Therian, M|100\/100\n|-ability|p2a: Landorus|Intimidate|boost\n|-unboost|p1a: Kingambit|atk|1\n|turn|8\n|\n|t:|1699800136\n|move|p1a: Kingambit|Sucker Punch|p2a: Landorus\n|-crit|p2a: Landorus\n|-damage|p2a: Landorus|0 fnt\n|faint|p2a: Landorus\n|-damage|p1a: Kingambit|38\/100|[from] item: Life Orb\n|\n|upkeep\n|\n|t:|1699800140\n|switch|p2a: Munkidori|Munkidori, M|100\/100\n|turn|9\n|\n|t:|1699800145\n|move|p2a: Munkidori|Fake Out|p1a: Kingambit\n|-resisted|p1a: Kingambit\n|-damage|p1a: Kingambit|35\/100\n|cant|p1a: Kingambit|flinch\n|\n|upkeep\n|turn|10\n|\n|t:|1699800152\n|move|p2a: Munkidori|Parting Shot|p1a: Kingambit\n|-unboost|p1a: Kingambit|atk|1\n|-unboost|p1a: Kingambit|spa|1\n|\n|t:|1699800155\n|switch|p2a: Corviknight|Corviknight, M|100\/100|[from] Parting Shot\n|move|p1a: Kingambit|Kowtow Cleave|p2a: Corviknight\n|-damage|p2a: Corviknight|59\/100\n|-damage|p1a: Kingambit|19\/100|[from] item: Rocky Helmet|[of] p2a: Corviknight\n|-damage|p1a: Kingambit|9\/100|[from] item: Life Orb\n|\n|-sideend|p2: Phantasmagloria|Reflect\n|upkeep\n|turn|11\n|\n|t:|1699800163\n|move|p1a: Kingambit|Sucker Punch||[still]\n|-fail|p1a: Kingambit\n|move|p2a: Corviknight|Roost|p2a: Corviknight\n|-heal|p2a: Corviknight|100\/100\n|-singleturn|p2a: Corviknight|move: Roost\n|\n|upkeep\n|turn|12\n|\n|t:|1699800169\n|move|p1a: Kingambit|Sucker Punch||[still]\n|-fail|p1a: Kingambit\n|move|p2a: Corviknight|Roost||[still]\n|-fail|p2a: Corviknight|heal\n|\n|upkeep\n|turn|13\n|\n|t:|1699800178\n|move|p1a: Kingambit|Sucker Punch|p2a: Corviknight\n|-damage|p2a: Corviknight|31\/100\n|-damage|p1a: Kingambit|0 fnt|[from] item: Rocky Helmet|[of] p2a: Corviknight\n|faint|p1a: Kingambit\n|-end|p1a: Kingambit|fallenundefined|[silent]\n|move|p2a: Corviknight|Brave Bird|p1: Kingambit|[notarget]\n|-fail|p2a: Corviknight\n|\n|upkeep\n|\n|t:|1699800186\n|switch|p1a: Greninja|Greninja, M|70\/100\n|turn|14\n|\n|t:|1699800195\n|move|p1a: Greninja|Dark Pulse|p2a: Corviknight\n|-damage|p2a: Corviknight|0 fnt\n|faint|p2a: Corviknight\n|-ability|p1a: Greninja|Battle Bond|boost\n|-boost|p1a: Greninja|atk|1\n|-boost|p1a: Greninja|spa|1\n|-boost|p1a: Greninja|spe|1\n|-activate|p1a: Greninja|ability: Battle Bond\n|-damage|p1a: Greninja|60\/100|[from] item: Life Orb\n|\n|upkeep\n|\n|t:|1699800199\n|switch|p2a: Munkidori|Munkidori, M|100\/100\n|turn|15\n|\n|t:|1699800205\n|move|p2a: Munkidori|Fake Out|p1a: Greninja\n|-damage|p1a: Greninja|49\/100\n|cant|p1a: Greninja|flinch\n|\n|upkeep\n|turn|16\n|\n|t:|1699800212\n|-terastallize|p2a: Munkidori|Poison\n|move|p1a: Greninja|Dark Pulse|p2a: Munkidori\n|-damage|p2a: Munkidori|17\/100\n|-damage|p1a: Greninja|39\/100|[from] item: Life Orb\n|move|p2a: Munkidori|Venoshock|p1a: Greninja\n|-damage|p1a: Greninja|0 fnt\n|faint|p1a: Greninja\n|\n|upkeep\n|\n|t:|1699800232\n|switch|p1a: Empoleon|Empoleon, F|100\/100\n|turn|17\n|\n|t:|1699800235\n|move|p2a: Munkidori|Parting Shot|p1a: Empoleon\n|-unboost|p1a: Empoleon|atk|1\n|-ability|p1a: Empoleon|Competitive|boost\n|-boost|p1a: Empoleon|spa|2\n|-unboost|p1a: Empoleon|spa|1\n|-ability|p1a: Empoleon|Competitive|boost\n|-boost|p1a: Empoleon|spa|2\n|\n|t:|1699800239\n|switch|p2a: Gardevoir|Gardevoir, F, shiny|100\/100|[from] Parting Shot\n|-ability|p2a: Gardevoir|Competitive|[from] ability: Trace|[of] p1a: Empoleon\n|move|p1a: Empoleon|Surf|p2a: Gardevoir\n|-damage|p2a: Gardevoir|0 fnt\n|faint|p2a: Gardevoir\n|\n|upkeep\n|\n|t:|1699800245\n|switch|p2a: Munkidori|Munkidori, M, tera:Poison|17\/100\n|turn|18\n|-message|Phantasmagloria forfeited.\n|\n|win|Aq4\n|raw|Aq4's rating: 1153 &rarr; <strong>1178<\/strong><br \/>(+25 for winning)\n|raw|Phantasmagloria's rating: 1149 &rarr; <strong>1124<\/strong><br \/>(-25 for losing)\n|l|\u2606Phantasmagloria\n|player|p1|Aq4|169\n","uploadtime":1699800396,"views":11,"p1id":"aq4","p2id":"phantasmagloria","formatid":"gen9ou","rating":1124,"private":0,"password":""}