{"id":"gen9ou-1991069703","p1":"NegativeVictoria","p2":"chainstench","format":"[Gen 9] OU","log":"|j|\u2606NegativeVictoria\n|j|\u2606chainstench\n|t:|1700037987\n|gametype|singles\n|player|p1|NegativeVictoria|plasmagruntf|1053\n|player|p2|chainstench|266|1054\n|teamsize|p1|6\n|teamsize|p2|6\n|gen|9\n|tier|[Gen 9] OU\n|rated|\n|rule|Sleep Clause Mod: Limit one foe put to sleep\n|rule|Species Clause: Limit one of each Pok\u00e9mon\n|rule|OHKO Clause: OHKO moves are banned\n|rule|Evasion Items Clause: Evasion items are banned\n|rule|Evasion Moves Clause: Evasion moves are banned\n|rule|Endless Battle Clause: Forcing endless battles is banned\n|rule|HP Percentage Mod: HP is shown in percentages\n|clearpoke\n|poke|p1|Arcanine-Hisui, F|\n|poke|p1|Lilligant-Hisui, F|\n|poke|p1|Torkoal, F|\n|poke|p1|Espeon, F|\n|poke|p1|Iron Moth|\n|poke|p1|Pincurchin, F|\n|poke|p2|Ogerpon-Wellspring, F|\n|poke|p2|Vikavolt, F|\n|poke|p2|Grimmsnarl, M|\n|poke|p2|Salamence, M|\n|poke|p2|Arcanine-Hisui, F|\n|poke|p2|Forretress, M|\n|teampreview\n|inactive|Battle timer is ON: inactive players will automatically lose when time's up. (requested by chainstench)\n|\n|t:|1700037999\n|start\n|switch|p1a: Torkoal|Torkoal, F|100\/100\n|switch|p2a: Vikavolt|Vikavolt, F|100\/100\n|-weather|SunnyDay|[from] ability: Drought|[of] p1a: Torkoal\n|turn|1\n|\n|t:|1700038005\n|move|p2a: Vikavolt|Charge Beam|p1a: Torkoal\n|-damage|p1a: Torkoal|57\/100\n|-boost|p2a: Vikavolt|spa|1\n|move|p1a: Torkoal|Flare Blitz|p2a: Vikavolt\n|-supereffective|p2a: Vikavolt\n|-damage|p2a: Vikavolt|0 fnt\n|faint|p2a: Vikavolt\n|-damage|p1a: Torkoal|28\/100|[from] Recoil\n|\n|-weather|SunnyDay|[upkeep]\n|upkeep\n|\n|t:|1700038016\n|switch|p2a: Salamence|Salamence, M|100\/100\n|-ability|p2a: Salamence|Intimidate|boost\n|-unboost|p1a: Torkoal|atk|1\n|turn|2\n|\n|t:|1700038024\n|switch|p1a: Arcanine|Arcanine-Hisui, F|100\/100\n|move|p2a: Salamence|Earthquake|p1a: Arcanine\n|-supereffective|p1a: Arcanine\n|-damage|p1a: Arcanine|0 fnt\n|faint|p1a: Arcanine\n|\n|-weather|SunnyDay|[upkeep]\n|upkeep\n|\n|t:|1700038030\n|switch|p1a: Lilligant|Lilligant-Hisui, F|100\/100\n|turn|3\n|\n|t:|1700038039\n|-terastallize|p2a: Salamence|Fairy\n|move|p1a: Lilligant|Ice Spinner|p2a: Salamence\n|-damage|p2a: Salamence|69\/100\n|move|p2a: Salamence|Dragon Dance|p2a: Salamence\n|-boost|p2a: Salamence|atk|1\n|-boost|p2a: Salamence|spe|1\n|\n|-weather|SunnyDay|[upkeep]\n|upkeep\n|turn|4\n|\n|t:|1700038045\n|-terastallize|p1a: Lilligant|Grass\n|move|p1a: Lilligant|Leaf Blade|p2a: Salamence\n|-damage|p2a: Salamence|0 fnt\n|faint|p2a: Salamence\n|\n|-weather|SunnyDay|[upkeep]\n|upkeep\n|\n|t:|1700038052\n|switch|p2a: Grimmsnarl|Grimmsnarl, M|100\/100\n|turn|5\n|\n|t:|1700038056\n|move|p2a: Grimmsnarl|Reflect|p2a: Grimmsnarl\n|-sidestart|p2: chainstench|Reflect\n|move|p1a: Lilligant|Victory Dance|p1a: Lilligant\n|-boost|p1a: Lilligant|atk|1\n|-boost|p1a: Lilligant|def|1\n|-boost|p1a: Lilligant|spe|1\n|\n|-weather|SunnyDay|[upkeep]\n|-status|p2a: Grimmsnarl|brn|[from] item: Flame Orb\n|upkeep\n|turn|6\n|\n|t:|1700038062\n|move|p1a: Lilligant|Leaf Blade|p2a: Grimmsnarl\n|-damage|p2a: Grimmsnarl|49\/100 brn\n|move|p2a: Grimmsnarl|Fling|p1a: Lilligant\n|-damage|p1a: Lilligant|94\/100\n|-status|p1a: Lilligant|brn\n|-enditem|p2a: Grimmsnarl|Flame Orb|[from] move: Fling\n|\n|-weather|SunnyDay|[upkeep]\n|-heal|p1a: Lilligant|99\/100 brn|[from] item: Leftovers\n|-damage|p1a: Lilligant|94\/100 brn|[from] brn\n|-damage|p2a: Grimmsnarl|43\/100 brn|[from] brn\n|upkeep\n|turn|7\n|\n|t:|1700038068\n|move|p2a: Grimmsnarl|Light Screen|p2a: Grimmsnarl\n|-sidestart|p2: chainstench|move: Light Screen\n|move|p1a: Lilligant|Victory Dance|p1a: Lilligant\n|-boost|p1a: Lilligant|atk|1\n|-boost|p1a: Lilligant|def|1\n|-boost|p1a: Lilligant|spe|1\n|\n|-weather|SunnyDay|[upkeep]\n|-heal|p1a: Lilligant|99\/100 brn|[from] item: Leftovers\n|-damage|p1a: Lilligant|94\/100 brn|[from] brn\n|-damage|p2a: Grimmsnarl|37\/100 brn|[from] brn\n|upkeep\n|turn|8\n|\n|t:|1700038074\n|move|p2a: Grimmsnarl|Parting Shot|p1a: Lilligant\n|-unboost|p1a: Lilligant|atk|1\n|-unboost|p1a: Lilligant|spa|1\n|\n|t:|1700038078\n|switch|p2a: Forretress|Forretress, M|100\/100|[from] Parting Shot\n|move|p1a: Lilligant|Brick Break|p2a: Forretress\n|-sideend|p2: chainstench|Reflect\n|-sideend|p2: chainstench|move: Light Screen\n|-damage|p2a: Forretress|85\/100\n|\n|-weather|none\n|-heal|p1a: Lilligant|99\/100 brn|[from] item: Leftovers\n|-damage|p1a: Lilligant|94\/100 brn|[from] brn\n|upkeep\n|turn|9\n|\n|t:|1700038088\n|move|p1a: Lilligant|Victory Dance|p1a: Lilligant\n|-boost|p1a: Lilligant|atk|1\n|-boost|p1a: Lilligant|def|1\n|-boost|p1a: Lilligant|spe|1\n|move|p2a: Forretress|Explosion|p1a: Lilligant\n|-damage|p1a: Lilligant|62\/100 brn\n|faint|p2a: Forretress\n|\n|-heal|p1a: Lilligant|68\/100 brn|[from] item: Leftovers\n|-damage|p1a: Lilligant|62\/100 brn|[from] brn\n|upkeep\n|-message|chainstench forfeited.\n|\n|win|NegativeVictoria\n|raw|NegativeVictoria's rating: 1053 &rarr; <strong>1085<\/strong><br \/>(+32 for winning)\n|raw|chainstench's rating: 1054 &rarr; <strong>1036<\/strong><br \/>(-18 for losing)\n|l|\u2606chainstench\n","uploadtime":1700038102,"views":12,"p1id":"negativevictoria","p2id":"chainstench","formatid":"gen9ou","rating":1036,"private":0,"password":""}