{"id":"gen9ou-1990707345","p1":"Raikyuu_1","p2":"Princevicious","format":"[Gen 9] OU","log":"|j|\u2606Raikyuu_1\n|j|\u2606Princevicious\n|t:|1699993538\n|gametype|singles\n|player|p1|Raikyuu_1|ingo|1308\n|player|p2|Princevicious|101|1209\n|teamsize|p1|6\n|teamsize|p2|6\n|gen|9\n|tier|[Gen 9] OU\n|rated|\n|rule|Sleep Clause Mod: Limit one foe put to sleep\n|rule|Species Clause: Limit one of each Pok\u00e9mon\n|rule|OHKO Clause: OHKO moves are banned\n|rule|Evasion Items Clause: Evasion items are banned\n|rule|Evasion Moves Clause: Evasion moves are banned\n|rule|Endless Battle Clause: Forcing endless battles is banned\n|rule|HP Percentage Mod: HP is shown in percentages\n|clearpoke\n|poke|p1|Glimmora, F|\n|poke|p1|Ursaring, F|\n|poke|p1|Indeedee, M|\n|poke|p1|Breloom, F|\n|poke|p1|Cinderace, F|\n|poke|p1|Flareon, F|\n|poke|p2|Torkoal, M|\n|poke|p2|Walking Wake|\n|poke|p2|Great Tusk|\n|poke|p2|Thundurus-Therian, M|\n|poke|p2|Heatran, F|\n|poke|p2|Slither Wing|\n|teampreview\n|inactive|Battle timer is ON: inactive players will automatically lose when time's up. (requested by Princevicious)\n|inactive|Princevicious has 120 seconds left.\n|\n|t:|1699993580\n|start\n|switch|p1a: Glimmora|Glimmora, F|100\/100\n|switch|p2a: Heatran|Heatran, F|100\/100\n|turn|1\n|\n|t:|1699993587\n|move|p1a: Glimmora|Toxic Spikes|p2a: Heatran\n|-sidestart|p2: Princevicious|move: Toxic Spikes\n|move|p2a: Heatran|Magma Storm|p1a: Glimmora|[miss]\n|-miss|p2a: Heatran|p1a: Glimmora\n|\n|upkeep\n|turn|2\n|\n|t:|1699993593\n|move|p1a: Glimmora|Toxic|p2a: Heatran\n|-status|p2a: Heatran|tox\n|move|p2a: Heatran|Magma Storm|p1a: Glimmora\n|-resisted|p1a: Glimmora\n|-damage|p1a: Glimmora|66\/100\n|-activate|p1a: Glimmora|move: Magma Storm|[of] p2a: Heatran\n|\n|-damage|p2a: Heatran|94\/100 tox|[from] psn\n|-damage|p1a: Glimmora|54\/100|[from] move: Magma Storm|[partiallytrapped]\n|upkeep\n|turn|3\n|\n|t:|1699993605\n|move|p1a: Glimmora|Memento|p2a: Heatran\n|-unboost|p2a: Heatran|atk|2\n|-unboost|p2a: Heatran|spa|2\n|faint|p1a: Glimmora\n|move|p2a: Heatran|Flash Cannon|p1: Glimmora|[notarget]\n|-fail|p2a: Heatran\n|\n|-heal|p2a: Heatran|100\/100 tox|[from] item: Leftovers\n|-damage|p2a: Heatran|88\/100 tox|[from] psn\n|upkeep\n|\n|t:|1699993613\n|switch|p1a: Cinderace|Cinderace, F|100\/100\n|turn|4\n|\n|t:|1699993624\n|switch|p2a: Great Tusk|Great Tusk|100\/100\n|-status|p2a: Great Tusk|psn\n|move|p1a: Cinderace|Court Change|p1a: Cinderace\n|-start|p1a: Cinderace|typechange|Normal|[from] ability: Libero\n|-swapsideconditions\n|-activate|p1a: Cinderace|move: Court Change\n|\n|-damage|p2a: Great Tusk|88\/100 psn|[from] psn\n|upkeep\n|turn|5\n|\n|t:|1699993642\n|move|p1a: Cinderace|Pyro Ball|p2a: Great Tusk\n|-damage|p2a: Great Tusk|70\/100 psn\n|move|p2a: Great Tusk|Rapid Spin|p1a: Cinderace\n|-damage|p1a: Cinderace|83\/100\n|-boost|p2a: Great Tusk|spe|1\n|\n|-heal|p2a: Great Tusk|76\/100 psn|[from] item: Leftovers\n|-damage|p2a: Great Tusk|64\/100 psn|[from] psn\n|upkeep\n|turn|6\n|\n|t:|1699993653\n|switch|p1a: Breloom|Breloom, F|100\/100\n|-status|p1a: Breloom|psn\n|move|p2a: Great Tusk|Body Press|p1a: Breloom\n|-damage|p1a: Breloom|47\/100 psn\n|\n|-heal|p2a: Great Tusk|70\/100 psn|[from] item: Leftovers\n|-heal|p1a: Breloom|53\/100 psn|[from] item: Leftovers\n|-damage|p2a: Great Tusk|57\/100 psn|[from] psn\n|-heal|p1a: Breloom|65\/100 psn|[from] ability: Poison Heal\n|upkeep\n|turn|7\n|\n|t:|1699993665\n|move|p2a: Great Tusk|Body Press|p1a: Breloom\n|-damage|p1a: Breloom|12\/100 psn\n|move|p1a: Breloom|Substitute|p1a: Breloom\n|-fail|p1a: Breloom|move: Substitute|[weak]\n|\n|-heal|p2a: Great Tusk|64\/100 psn|[from] item: Leftovers\n|-heal|p1a: Breloom|18\/100 psn|[from] item: Leftovers\n|-damage|p2a: Great Tusk|51\/100 psn|[from] psn\n|-heal|p1a: Breloom|30\/100 psn|[from] ability: Poison Heal\n|upkeep\n|turn|8\n|\n|t:|1699993677\n|switch|p1a: Cinderace|Cinderace, F|83\/100\n|move|p2a: Great Tusk|Body Press|p1a: Cinderace\n|-damage|p1a: Cinderace|32\/100\n|\n|-heal|p2a: Great Tusk|57\/100 psn|[from] item: Leftovers\n|-damage|p2a: Great Tusk|45\/100 psn|[from] psn\n|upkeep\n|turn|9\n|\n|t:|1699993685\n|move|p1a: Cinderace|Pyro Ball|p2a: Great Tusk\n|-damage|p2a: Great Tusk|21\/100 psn\n|move|p2a: Great Tusk|Rapid Spin|p1a: Cinderace\n|-damage|p1a: Cinderace|16\/100\n|-boost|p2a: Great Tusk|spe|1\n|\n|-heal|p2a: Great Tusk|27\/100 psn|[from] item: Leftovers\n|-damage|p2a: Great Tusk|14\/100 psn|[from] psn\n|upkeep\n|turn|10\n|\n|t:|1699993689\n|move|p2a: Great Tusk|Body Press|p1a: Cinderace\n|-damage|p1a: Cinderace|0 fnt\n|faint|p1a: Cinderace\n|\n|-heal|p2a: Great Tusk|20\/100 psn|[from] item: Leftovers\n|-damage|p2a: Great Tusk|8\/100 psn|[from] psn\n|upkeep\n|\n|t:|1699993693\n|switch|p1a: Breloom|Breloom, F|30\/100 psn\n|turn|11\n|\n|t:|1699993697\n|move|p1a: Breloom|Mach Punch|p2a: Great Tusk\n|-damage|p2a: Great Tusk|0 fnt\n|faint|p2a: Great Tusk\n|-end|p2a: Great Tusk|Protosynthesis|[silent]\n|\n|-heal|p1a: Breloom|36\/100 psn|[from] item: Leftovers\n|-heal|p1a: Breloom|49\/100 psn|[from] ability: Poison Heal\n|upkeep\n|\n|t:|1699993701\n|switch|p2a: Torkoal|Torkoal, M|100\/100\n|-weather|SunnyDay|[from] ability: Drought|[of] p2a: Torkoal\n|turn|12\n|\n|t:|1699993707\n|switch|p2a: Thundurus|Thundurus-Therian, M|100\/100\n|move|p1a: Breloom|Dig||[still]\n|-prepare|p1a: Breloom|Dig\n|\n|-weather|SunnyDay|[upkeep]\n|-heal|p1a: Breloom|55\/100 psn|[from] item: Leftovers\n|-heal|p1a: Breloom|67\/100 psn|[from] ability: Poison Heal\n|upkeep\n|turn|13\n|\n|t:|1699993716\n|move|p2a: Thundurus|Weather Ball|p1a: Breloom|[miss]\n|-miss|p2a: Thundurus|p1a: Breloom\n|move|p1a: Breloom|Dig|p2a: Thundurus|[from]lockedmove\n|-immune|p2a: Thundurus\n|\n|-weather|SunnyDay|[upkeep]\n|-heal|p1a: Breloom|73\/100 psn|[from] item: Leftovers\n|-heal|p1a: Breloom|86\/100 psn|[from] ability: Poison Heal\n|upkeep\n|turn|14\n|\n|t:|1699993734\n|switch|p1a: Flareon|Flareon, F|100\/100\n|-status|p1a: Flareon|psn\n|move|p2a: Thundurus|Weather Ball|p1a: Flareon\n|-resisted|p1a: Flareon\n|-damage|p1a: Flareon|67\/100 psn\n|\n|-weather|SunnyDay|[upkeep]\n|-damage|p1a: Flareon|55\/100 psn|[from] psn\n|upkeep\n|turn|15\n|\n|t:|1699993747\n|move|p2a: Thundurus|Discharge|p1a: Flareon\n|-damage|p1a: Flareon|0 fnt\n|faint|p1a: Flareon\n|\n|-weather|SunnyDay|[upkeep]\n|upkeep\n|\n|t:|1699993750\n|switch|p1a: Ursaring|Ursaring, F|100\/100\n|-status|p1a: Ursaring|psn\n|turn|16\n|\n|t:|1699993758\n|-terastallize|p2a: Thundurus|Fire\n|move|p1a: Ursaring|Facade|p2a: Thundurus\n|-damage|p2a: Thundurus|0 fnt\n|faint|p2a: Thundurus\n|-damage|p1a: Ursaring|91\/100 psn|[from] item: Life Orb\n|\n|-weather|SunnyDay|[upkeep]\n|-damage|p1a: Ursaring|78\/100 psn|[from] psn\n|upkeep\n|\n|t:|1699993764\n|switch|p2a: Slither Wing|Slither Wing|100\/100\n|-activate|p2a: Slither Wing|ability: Protosynthesis\n|-start|p2a: Slither Wing|protosynthesisatk\n|turn|17\n|\n|t:|1699993772\n|move|p1a: Ursaring|Facade|p2a: Slither Wing\n|-damage|p2a: Slither Wing|0 fnt\n|faint|p2a: Slither Wing\n|-end|p2a: Slither Wing|Protosynthesis|[silent]\n|-damage|p1a: Ursaring|68\/100 psn|[from] item: Life Orb\n|\n|-weather|SunnyDay|[upkeep]\n|-damage|p1a: Ursaring|56\/100 psn|[from] psn\n|upkeep\n|\n|t:|1699993782\n|switch|p2a: Heatran|Heatran, F|88\/100 tox\n|turn|18\n|\n|t:|1699993791\n|move|p1a: Ursaring|Earthquake|p2a: Heatran\n|-supereffective|p2a: Heatran\n|-damage|p2a: Heatran|0 fnt\n|faint|p2a: Heatran\n|-damage|p1a: Ursaring|46\/100 psn|[from] item: Life Orb\n|\n|-weather|SunnyDay|[upkeep]\n|-damage|p1a: Ursaring|33\/100 psn|[from] psn\n|upkeep\n|\n|t:|1699993797\n|switch|p2a: Walking Wake|Walking Wake|100\/100\n|-activate|p2a: Walking Wake|ability: Protosynthesis\n|-start|p2a: Walking Wake|protosynthesisspe\n|turn|19\n|inactive|Raikyuu_1 has 120 seconds left.\n|\n|t:|1699993831\n|move|p2a: Walking Wake|Hydro Steam|p1a: Ursaring\n|-damage|p1a: Ursaring|0 fnt\n|faint|p1a: Ursaring\n|\n|-weather|none\n|-end|p2a: Walking Wake|Protosynthesis\n|upkeep\n|\n|t:|1699993835\n|switch|p1a: Breloom|Breloom, F|86\/100 psn\n|turn|20\n|\n|t:|1699993842\n|-end|p2a: Walking Wake|Protosynthesis|[silent]\n|switch|p2a: Torkoal|Torkoal, M|100\/100\n|-weather|SunnyDay|[from] ability: Drought|[of] p2a: Torkoal\n|move|p1a: Breloom|Substitute|p1a: Breloom\n|-start|p1a: Breloom|Substitute\n|-damage|p1a: Breloom|61\/100 psn\n|\n|-weather|SunnyDay|[upkeep]\n|-heal|p1a: Breloom|67\/100 psn|[from] item: Leftovers\n|-heal|p1a: Breloom|79\/100 psn|[from] ability: Poison Heal\n|upkeep\n|turn|21\n|\n|t:|1699993857\n|move|p1a: Breloom|Swords Dance|p1a: Breloom\n|-boost|p1a: Breloom|atk|2\n|move|p2a: Torkoal|Lava Plume|p1a: Breloom\n|-supereffective|p1a: Breloom\n|-end|p1a: Breloom|Substitute\n|\n|-weather|SunnyDay|[upkeep]\n|-heal|p1a: Breloom|85\/100 psn|[from] item: Leftovers\n|-heal|p1a: Breloom|98\/100 psn|[from] ability: Poison Heal\n|upkeep\n|turn|22\n|\n|t:|1699993863\n|move|p1a: Breloom|Dig||[still]\n|-prepare|p1a: Breloom|Dig\n|move|p2a: Torkoal|Lava Plume|p1a: Breloom|[miss]\n|-miss|p2a: Torkoal|p1a: Breloom\n|\n|-weather|SunnyDay|[upkeep]\n|-heal|p1a: Breloom|100\/100 psn|[from] item: Leftovers\n|upkeep\n|turn|23\n|\n|t:|1699993868\n|move|p1a: Breloom|Dig|p2a: Torkoal|[from]lockedmove\n|-supereffective|p2a: Torkoal\n|-damage|p2a: Torkoal|24\/100\n|move|p2a: Torkoal|Lava Plume|p1a: Breloom\n|-supereffective|p1a: Breloom\n|-damage|p1a: Breloom|0 fnt\n|faint|p1a: Breloom\n|\n|-weather|SunnyDay|[upkeep]\n|upkeep\n|\n|t:|1699993871\n|switch|p1a: Indeedee|Indeedee, M|100\/100\n|-status|p1a: Indeedee|psn\n|-fieldstart|move: Psychic Terrain|[from] ability: Psychic Surge|[of] p1a: Indeedee\n|turn|24\n|\n|t:|1699993876\n|move|p1a: Indeedee|Draining Kiss|p2a: Torkoal\n|-resisted|p2a: Torkoal\n|-damage|p2a: Torkoal|14\/100\n|move|p2a: Torkoal|Lava Plume|p1a: Indeedee\n|-damage|p1a: Indeedee|52\/100 psn\n|\n|-weather|SunnyDay|[upkeep]\n|-damage|p1a: Indeedee|40\/100 psn|[from] psn\n|upkeep\n|turn|25\n|\n|t:|1699993879\n|move|p1a: Indeedee|Draining Kiss|p2a: Torkoal\n|-resisted|p2a: Torkoal\n|-damage|p2a: Torkoal|5\/100\n|-heal|p1a: Indeedee|49\/100 psn|[from] drain|[of] p2a: Torkoal\n|move|p2a: Torkoal|Lava Plume|p1a: Indeedee\n|-damage|p1a: Indeedee|2\/100 psn\n|\n|-weather|SunnyDay|[upkeep]\n|-damage|p1a: Indeedee|0 fnt|[from] psn\n|faint|p1a: Indeedee\n|\n|win|Princevicious\n|upkeep\n|raw|Raikyuu_1's rating: 1308 &rarr; <strong>1282<\/strong><br \/>(-26 for losing)\n|raw|Princevicious's rating: 1209 &rarr; <strong>1241<\/strong><br \/>(+32 for winning)\n|l|\u2606Raikyuu_1\n","uploadtime":1699993908,"views":23,"p1id":"raikyuu1","p2id":"princevicious","formatid":"gen9ou","rating":1241,"private":0,"password":""}