{"id":"gen9ou-2000046017","p1":"testin5ever","p2":"RggV","format":"[Gen 9] OU","log":"|j|\u2606testin5ever\n|j|\u2606RggV\n|t:|1701145575\n|gametype|singles\n|player|p1|testin5ever|lillie|1645\n|player|p2|RggV|#wcop2023latinamerica|1766\n|teamsize|p1|6\n|teamsize|p2|6\n|gen|9\n|tier|[Gen 9] OU\n|rated|\n|rule|Sleep Clause Mod: Limit one foe put to sleep\n|rule|Species Clause: Limit one of each Pok\u00e9mon\n|rule|OHKO Clause: OHKO moves are banned\n|rule|Evasion Items Clause: Evasion items are banned\n|rule|Evasion Moves Clause: Evasion moves are banned\n|rule|Endless Battle Clause: Forcing endless battles is banned\n|rule|HP Percentage Mod: HP is shown in percentages\n|clearpoke\n|poke|p1|Pelipper, M|\n|poke|p1|Barraskewda, M|\n|poke|p1|Basculegion-F, F|\n|poke|p1|Amoonguss, M|\n|poke|p1|Zapdos|\n|poke|p1|Iron Treads|\n|poke|p2|Infernape, M|\n|poke|p2|Ribombee, F|\n|poke|p2|Gholdengo|\n|poke|p2|Manaphy|\n|poke|p2|Landorus-Therian, M|\n|poke|p2|Kommo-o, F|\n|teampreview\n|inactive|Battle timer is ON: inactive players will automatically lose when time's up. (requested by RggV)\n|\n|t:|1701145581\n|start\n|switch|p1a: Pelipper|Pelipper, M|100\/100\n|switch|p2a: Ribombee|Ribombee, F|100\/100\n|-weather|RainDance|[from] ability: Drizzle|[of] p1a: Pelipper\n|turn|1\n|\n|t:|1701145589\n|move|p2a: Ribombee|Sticky Web|p1a: Pelipper\n|-sidestart|p1: testin5ever|move: Sticky Web\n|move|p1a: Pelipper|U-turn|p2a: Ribombee\n|-resisted|p2a: Ribombee\n|-damage|p2a: Ribombee|92\/100\n|\n|t:|1701145591\n|switch|p1a: Barraskewda|Barraskewda, M|100\/100|[from] U-turn\n|-activate|p1a: Barraskewda|move: Sticky Web\n|-unboost|p1a: Barraskewda|spe|1\n|\n|-weather|RainDance|[upkeep]\n|upkeep\n|turn|2\n|j| TuryWTF\n|\n|t:|1701145598\n|move|p1a: Barraskewda|Flip Turn|p2a: Ribombee\n|-damage|p2a: Ribombee|0 fnt\n|faint|p2a: Ribombee\n|\n|t:|1701145604\n|switch|p1a: Zapdos|Zapdos|100\/100|[from] Flip Turn\n|\n|-weather|RainDance|[upkeep]\n|upkeep\n|\n|t:|1701145614\n|switch|p2a: McFries|Gholdengo|100\/100\n|-item|p2a: McFries|Air Balloon\n|turn|3\n|\n|t:|1701145623\n|switch|p2a: Landorus|Landorus-Therian, M|100\/100\n|-ability|p2a: Landorus|Intimidate|boost\n|-unboost|p1a: Zapdos|atk|1\n|move|p1a: Zapdos|Thunder|p2a: Landorus\n|-immune|p2a: Landorus\n|\n|-weather|RainDance|[upkeep]\n|upkeep\n|turn|4\n|\n|t:|1701145627\n|move|p1a: Zapdos|Weather Ball|p2a: Landorus\n|-supereffective|p2a: Landorus\n|-damage|p2a: Landorus|0 fnt\n|faint|p2a: Landorus\n|\n|-weather|RainDance|[upkeep]\n|upkeep\n|\n|t:|1701145635\n|switch|p2a: McFries|Gholdengo|100\/100\n|-item|p2a: McFries|Air Balloon\n|turn|5\n|\n|t:|1701145640\n|move|p1a: Zapdos|Thunder|p2a: McFries\n|-damage|p2a: McFries|36\/100\n|-status|p2a: McFries|par\n|-enditem|p2a: McFries|Air Balloon\n|move|p2a: McFries|Shadow Ball|p1a: Zapdos\n|-damage|p1a: Zapdos|53\/100\n|-unboost|p1a: Zapdos|spd|1\n|\n|-weather|RainDance|[upkeep]\n|upkeep\n|turn|6\n|\n|t:|1701145652\n|move|p1a: Zapdos|Thunder|p2a: McFries\n|-damage|p2a: McFries|0 fnt\n|faint|p2a: McFries\n|\n|-weather|RainDance|[upkeep]\n|upkeep\n|\n|t:|1701145655\n|switch|p2a: Manaphy|Manaphy|100\/100\n|turn|7\n|\n|t:|1701145661\n|move|p1a: Zapdos|Thunder|p2a: Manaphy\n|-supereffective|p2a: Manaphy\n|-damage|p2a: Manaphy|0 fnt\n|faint|p2a: Manaphy\n|\n|-weather|RainDance|[upkeep]\n|upkeep\n|j| xxCOALLAxx\n|\n|t:|1701145666\n|switch|p2a: Son Goku|Infernape, M|100\/100\n|turn|8\n|\n|t:|1701145672\n|move|p2a: Son Goku|Fire Punch|p1a: Zapdos\n|-damage|p1a: Zapdos|24\/100\n|-damage|p2a: Son Goku|91\/100|[from] item: Life Orb\n|move|p1a: Zapdos|Hurricane|p2a: Son Goku\n|-supereffective|p2a: Son Goku\n|-damage|p2a: Son Goku|0 fnt\n|faint|p2a: Son Goku\n|\n|-weather|none\n|upkeep\n|\n|t:|1701145674\n|switch|p2a: Kommo-o|Kommo-o, F|100\/100\n|turn|9\n|\n|t:|1701145680\n|move|p1a: Zapdos|Hurricane|p2a: Kommo-o\n|-supereffective|p2a: Kommo-o\n|-damage|p2a: Kommo-o|0 fnt\n|faint|p2a: Kommo-o\n|\n|win|testin5ever\n|raw|testin5ever's rating: 1645 &rarr; <strong>1672<\/strong><br \/>(+27 for winning)\n|raw|RggV's rating: 1766 &rarr; <strong>1739<\/strong><br \/>(-27 for losing)\n|l|\u2606RggV\n","uploadtime":1701145691,"views":10,"p1id":"testin5ever","p2id":"rggv","formatid":"gen9ou","rating":1672,"private":0,"password":""}