{"id":"gen9ou-2000337875","p1":"testing a funni3","p2":"Darkmaniman+Minus","format":"[Gen 9] OU","log":"|j|\u2606testing a funni3\n|j|\u2606Darkmaniman+Minus\n|t:|1701186232\n|gametype|singles\n|player|p1|testing a funni3|unknownf|1449\n|player|p2|Darkmaniman+Minus|265|1414\n|teamsize|p1|6\n|teamsize|p2|6\n|gen|9\n|tier|[Gen 9] OU\n|rated|\n|rule|Sleep Clause Mod: Limit one foe put to sleep\n|rule|Species Clause: Limit one of each Pok\u00e9mon\n|rule|OHKO Clause: OHKO moves are banned\n|rule|Evasion Items Clause: Evasion items are banned\n|rule|Evasion Moves Clause: Evasion moves are banned\n|rule|Endless Battle Clause: Forcing endless battles is banned\n|rule|HP Percentage Mod: HP is shown in percentages\n|clearpoke\n|poke|p1|Walking Wake|\n|poke|p1|Maushold-Four|\n|poke|p1|Dragonite, F|\n|poke|p1|Weezing-Galar, M|\n|poke|p1|Great Tusk|\n|poke|p1|Muk-Alola, M|\n|poke|p2|Rillaboom, F|\n|poke|p2|Drifblim, F|\n|poke|p2|Magnezone|\n|poke|p2|Corviknight, M|\n|poke|p2|Muk-Alola, F|\n|poke|p2|Ceruledge, F|\n|teampreview\n|\n|t:|1701186258\n|start\n|switch|p1a: Soaring Wings|Dragonite, F|100\/100\n|switch|p2a: Magnezone|Magnezone|100\/100\n|turn|1\n|\n|t:|1701186264\n|move|p1a: Soaring Wings|Earthquake|p2a: Magnezone\n|-supereffective|p2a: Magnezone\n|-damage|p2a: Magnezone|0 fnt\n|faint|p2a: Magnezone\n|\n|upkeep\n|\n|t:|1701186269\n|switch|p2a: No Eye Contact|Rillaboom, F|100\/100\n|-fieldstart|move: Grassy Terrain|[from] ability: Grassy Surge|[of] p2a: No Eye Contact\n|turn|2\n|\n|t:|1701186274\n|switch|p1a: Wheezing Stache|Weezing-Galar, M|100\/100\n|move|p2a: No Eye Contact|Knock Off|p1a: Wheezing Stache\n|-resisted|p1a: Wheezing Stache\n|-damage|p1a: Wheezing Stache|82\/100\n|-enditem|p1a: Wheezing Stache|Choice Specs|[from] move: Knock Off|[of] p2a: No Eye Contact\n|\n|upkeep\n|turn|3\n|inactive|Battle timer is ON: inactive players will automatically lose when time's up. (requested by testing a funni3)\n|\n|t:|1701186310\n|switch|p2a: Ceruledge|Ceruledge, F|100\/100\n|move|p1a: Wheezing Stache|Shadow Ball|p2a: Ceruledge\n|-supereffective|p2a: Ceruledge\n|-damage|p2a: Ceruledge|67\/100\n|\n|-heal|p2a: Ceruledge|73\/100|[from] Grassy Terrain\n|upkeep\n|turn|4\n|\n|t:|1701186320\n|move|p1a: Wheezing Stache|Shadow Ball|p2a: Ceruledge\n|-supereffective|p2a: Ceruledge\n|-damage|p2a: Ceruledge|40\/100\n|move|p2a: Ceruledge|Bitter Blade|p1a: Wheezing Stache\n|-damage|p1a: Wheezing Stache|40\/100\n|-heal|p2a: Ceruledge|56\/100|[from] drain|[of] p1a: Wheezing Stache\n|\n|-heal|p2a: Ceruledge|62\/100|[from] Grassy Terrain\n|upkeep\n|turn|5\n|\n|t:|1701186326\n|switch|p1a: Great Tusk|Great Tusk|100\/100\n|move|p2a: Ceruledge|Bitter Blade|p1a: Great Tusk\n|-damage|p1a: Great Tusk|82\/100\n|-heal|p2a: Ceruledge|73\/100|[from] drain|[of] p1a: Great Tusk\n|-damage|p2a: Ceruledge|57\/100|[from] item: Rocky Helmet|[of] p1a: Great Tusk\n|\n|-heal|p1a: Great Tusk|89\/100|[from] Grassy Terrain\n|-heal|p2a: Ceruledge|63\/100|[from] Grassy Terrain\n|upkeep\n|turn|6\n|\n|t:|1701186333\n|move|p1a: Great Tusk|Stealth Rock|p2a: Ceruledge\n|-sidestart|p2: Darkmaniman+Minus|move: Stealth Rock\n|move|p2a: Ceruledge|Bulk Up|p2a: Ceruledge\n|-boost|p2a: Ceruledge|atk|1\n|-boost|p2a: Ceruledge|def|1\n|\n|-heal|p1a: Great Tusk|95\/100|[from] Grassy Terrain\n|-heal|p2a: Ceruledge|69\/100|[from] Grassy Terrain\n|upkeep\n|turn|7\n|inactive|Darkmaniman+Minus has 120 seconds left.\n|\n|t:|1701186365\n|-end|p1a: Great Tusk|Protosynthesis|[silent]\n|switch|p1a: Walking Wake|Walking Wake|100\/100\n|move|p2a: Ceruledge|Bulk Up|p2a: Ceruledge\n|-boost|p2a: Ceruledge|atk|1\n|-boost|p2a: Ceruledge|def|1\n|\n|-heal|p2a: Ceruledge|75\/100|[from] Grassy Terrain\n|upkeep\n|turn|8\n|\n|t:|1701186372\n|-terastallize|p2a: Ceruledge|Bug\n|move|p2a: Ceruledge|Shadow Sneak|p1a: Walking Wake\n|-damage|p1a: Walking Wake|62\/100\n|move|p1a: Walking Wake|Hydro Steam|p2a: Ceruledge\n|-damage|p2a: Ceruledge|46\/100\n|\n|-heal|p1a: Walking Wake|69\/100|[from] Grassy Terrain\n|-heal|p2a: Ceruledge|52\/100|[from] Grassy Terrain\n|upkeep\n|turn|9\n|\n|t:|1701186382\n|-end|p1a: Walking Wake|Protosynthesis|[silent]\n|switch|p1a: Great Tusk|Great Tusk|95\/100\n|move|p2a: Ceruledge|Shadow Sneak|p1a: Great Tusk\n|-damage|p1a: Great Tusk|80\/100\n|-damage|p2a: Ceruledge|35\/100|[from] item: Rocky Helmet|[of] p1a: Great Tusk\n|\n|-heal|p1a: Great Tusk|86\/100|[from] Grassy Terrain\n|-heal|p2a: Ceruledge|41\/100|[from] Grassy Terrain\n|-fieldend|move: Grassy Terrain\n|upkeep\n|turn|10\n|\n|t:|1701186392\n|move|p1a: Great Tusk|Rapid Spin|p2a: Ceruledge\n|-damage|p2a: Ceruledge|33\/100\n|-boost|p1a: Great Tusk|spe|1\n|move|p2a: Ceruledge|Bitter Blade|p1a: Great Tusk\n|-damage|p1a: Great Tusk|48\/100\n|-heal|p2a: Ceruledge|56\/100|[from] drain|[of] p1a: Great Tusk\n|-damage|p2a: Ceruledge|39\/100|[from] item: Rocky Helmet|[of] p1a: Great Tusk\n|\n|upkeep\n|turn|11\n|j| Autumn Blaz3\n|\n|t:|1701186400\n|move|p1a: Great Tusk|Ice Spinner|p2a: Ceruledge\n|-damage|p2a: Ceruledge|25\/100\n|move|p2a: Ceruledge|Bulk Up|p2a: Ceruledge\n|-boost|p2a: Ceruledge|atk|1\n|-boost|p2a: Ceruledge|def|1\n|\n|upkeep\n|turn|12\n|\n|t:|1701186416\n|-end|p1a: Great Tusk|Protosynthesis|[silent]\n|switch|p1a: Wheezing Stache|Weezing-Galar, M|40\/100\n|move|p2a: Ceruledge|Bulk Up|p2a: Ceruledge\n|-boost|p2a: Ceruledge|atk|1\n|-boost|p2a: Ceruledge|def|1\n|\n|upkeep\n|turn|13\n|\n|t:|1701186424\n|move|p1a: Wheezing Stache|Strange Steam|p2a: Ceruledge\n|-damage|p2a: Ceruledge|0 fnt\n|faint|p2a: Ceruledge\n|\n|upkeep\n|\n|t:|1701186428\n|switch|p2a: No Eye Contact|Rillaboom, F|100\/100\n|-damage|p2a: No Eye Contact|88\/100|[from] Stealth Rock\n|-fieldstart|move: Grassy Terrain|[from] ability: Grassy Surge|[of] p2a: No Eye Contact\n|turn|14\n|\n|t:|1701186434\n|switch|p2a: Muk|Muk-Alola, F|100\/100\n|-damage|p2a: Muk|88\/100|[from] Stealth Rock\n|move|p1a: Wheezing Stache|Sludge Bomb|p2a: Muk\n|-resisted|p2a: Muk\n|-damage|p2a: Muk|77\/100\n|\n|-heal|p2a: Muk|83\/100|[from] Grassy Terrain\n|-heal|p2a: Muk|89\/100|[from] item: Leftovers\n|upkeep\n|turn|15\n|\n|t:|1701186441\n|move|p1a: Wheezing Stache|Strange Steam|p2a: Muk\n|-crit|p2a: Muk\n|-damage|p2a: Muk|57\/100\n|move|p2a: Muk|Knock Off|p1a: Wheezing Stache\n|-resisted|p1a: Wheezing Stache\n|-damage|p1a: Wheezing Stache|27\/100\n|\n|-heal|p2a: Muk|63\/100|[from] Grassy Terrain\n|-heal|p2a: Muk|69\/100|[from] item: Leftovers\n|upkeep\n|turn|16\n|\n|t:|1701186446\n|move|p2a: Muk|Protect|p2a: Muk\n|-singleturn|p2a: Muk|Protect\n|move|p1a: Wheezing Stache|Strange Steam|p2a: Muk\n|-activate|p2a: Muk|move: Protect\n|\n|-heal|p2a: Muk|75\/100|[from] Grassy Terrain\n|-heal|p2a: Muk|81\/100|[from] item: Leftovers\n|upkeep\n|turn|17\n|\n|t:|1701186449\n|move|p1a: Wheezing Stache|Strange Steam|p2a: Muk\n|-damage|p2a: Muk|57\/100\n|-start|p2a: Muk|confusion\n|-activate|p2a: Muk|confusion\n|move|p2a: Muk|Poison Jab|p1a: Wheezing Stache\n|-damage|p1a: Wheezing Stache|0 fnt\n|faint|p1a: Wheezing Stache\n|\n|-heal|p2a: Muk|63\/100|[from] Grassy Terrain\n|-heal|p2a: Muk|69\/100|[from] item: Leftovers\n|upkeep\n|\n|t:|1701186461\n|switch|p1a: Walking Wake|Walking Wake|69\/100\n|turn|18\n|\n|t:|1701186467\n|move|p1a: Walking Wake|Flip Turn|p2a: Muk\n|-damage|p2a: Muk|51\/100\n|\n|t:|1701186469\n|-end|p1a: Walking Wake|Protosynthesis|[silent]\n|switch|p1a: Great Tusk|Great Tusk|48\/100|[from] Flip Turn\n|-activate|p2a: Muk|confusion\n|-damage|p2a: Muk|41\/100|[from] confusion\n|\n|-heal|p1a: Great Tusk|54\/100|[from] Grassy Terrain\n|-heal|p2a: Muk|47\/100|[from] Grassy Terrain\n|-heal|p2a: Muk|53\/100|[from] item: Leftovers\n|upkeep\n|turn|19\n|\n|t:|1701186476\n|-end|p2a: Muk|confusion\n|move|p2a: Muk|Protect|p2a: Muk\n|-singleturn|p2a: Muk|Protect\n|move|p1a: Great Tusk|Stealth Rock||[still]\n|-fail|p1a: Great Tusk\n|\n|-heal|p1a: Great Tusk|60\/100|[from] Grassy Terrain\n|-heal|p2a: Muk|59\/100|[from] Grassy Terrain\n|-heal|p2a: Muk|65\/100|[from] item: Leftovers\n|upkeep\n|turn|20\n|\n|t:|1701186479\n|move|p1a: Great Tusk|Earthquake|p2a: Muk\n|-supereffective|p2a: Muk\n|-crit|p2a: Muk\n|-damage|p2a: Muk|0 fnt\n|faint|p2a: Muk\n|\n|-heal|p1a: Great Tusk|67\/100|[from] Grassy Terrain\n|upkeep\n|\n|t:|1701186481\n|switch|p2a: Hypervortex7|Drifblim, F|100\/100\n|-damage|p2a: Hypervortex7|76\/100|[from] Stealth Rock\n|-enditem|p2a: Hypervortex7|Grassy Seed\n|-boost|p2a: Hypervortex7|def|1|[from] item: Grassy Seed\n|turn|21\n|\n|t:|1701186485\n|move|p2a: Hypervortex7|Calm Mind|p2a: Hypervortex7\n|-boost|p2a: Hypervortex7|spa|1\n|-boost|p2a: Hypervortex7|spd|1\n|move|p1a: Great Tusk|Ice Spinner|p2a: Hypervortex7\n|-supereffective|p2a: Hypervortex7\n|-damage|p2a: Hypervortex7|42\/100\n|-fieldend|move: Grassy Terrain\n|\n|upkeep\n|turn|22\n|\n|t:|1701186489\n|move|p2a: Hypervortex7|Strength Sap|p1a: Great Tusk\n|-unboost|p1a: Great Tusk|atk|1\n|-heal|p2a: Hypervortex7|100\/100\n|move|p1a: Great Tusk|Ice Spinner|p2a: Hypervortex7\n|-supereffective|p2a: Hypervortex7\n|-damage|p2a: Hypervortex7|74\/100\n|\n|upkeep\n|turn|23\n|\n|t:|1701186495\n|-end|p1a: Great Tusk|Protosynthesis|[silent]\n|switch|p1a: Lurid Blob|Muk-Alola, M|100\/100\n|move|p2a: Hypervortex7|Will-O-Wisp|p1a: Lurid Blob|[miss]\n|-miss|p2a: Hypervortex7|p1a: Lurid Blob\n|\n|upkeep\n|turn|24\n|\n|t:|1701186498\n|move|p2a: Hypervortex7|Will-O-Wisp|p1a: Lurid Blob\n|-status|p1a: Lurid Blob|brn\n|move|p1a: Lurid Blob|Knock Off|p2a: Hypervortex7\n|-supereffective|p2a: Hypervortex7\n|-damage|p2a: Hypervortex7|55\/100\n|\n|-damage|p1a: Lurid Blob|94\/100 brn|[from] brn\n|upkeep\n|turn|25\n|\n|t:|1701186504\n|move|p2a: Hypervortex7|Calm Mind|p2a: Hypervortex7\n|-boost|p2a: Hypervortex7|spa|1\n|-boost|p2a: Hypervortex7|spd|1\n|move|p1a: Lurid Blob|Poison Jab|p2a: Hypervortex7\n|-resisted|p2a: Hypervortex7\n|-damage|p2a: Hypervortex7|50\/100\n|-status|p2a: Hypervortex7|psn\n|\n|-heal|p1a: Lurid Blob|100\/100 brn|[from] item: Black Sludge\n|-damage|p2a: Hypervortex7|37\/100 psn|[from] psn\n|-damage|p1a: Lurid Blob|94\/100 brn|[from] brn\n|upkeep\n|turn|26\n|\n|t:|1701186510\n|move|p1a: Lurid Blob|Protect|p1a: Lurid Blob\n|-singleturn|p1a: Lurid Blob|Protect\n|move|p2a: Hypervortex7|Calm Mind|p2a: Hypervortex7\n|-boost|p2a: Hypervortex7|spa|1\n|-boost|p2a: Hypervortex7|spd|1\n|\n|-heal|p1a: Lurid Blob|100\/100 brn|[from] item: Black Sludge\n|-damage|p2a: Hypervortex7|25\/100 psn|[from] psn\n|-damage|p1a: Lurid Blob|94\/100 brn|[from] brn\n|upkeep\n|turn|27\n|\n|t:|1701186515\n|move|p2a: Hypervortex7|Strength Sap|p1a: Lurid Blob\n|-unboost|p1a: Lurid Blob|atk|1\n|-heal|p2a: Hypervortex7|81\/100 psn\n|move|p1a: Lurid Blob|Poison Jab|p2a: Hypervortex7\n|-resisted|p2a: Hypervortex7\n|-damage|p2a: Hypervortex7|77\/100 psn\n|\n|-heal|p1a: Lurid Blob|100\/100 brn|[from] item: Black Sludge\n|-damage|p2a: Hypervortex7|65\/100 psn|[from] psn\n|-damage|p1a: Lurid Blob|94\/100 brn|[from] brn\n|upkeep\n|turn|28\n|\n|t:|1701186521\n|move|p2a: Hypervortex7|Calm Mind|p2a: Hypervortex7\n|-boost|p2a: Hypervortex7|spa|1\n|-boost|p2a: Hypervortex7|spd|1\n|move|p1a: Lurid Blob|Poison Jab|p2a: Hypervortex7\n|-resisted|p2a: Hypervortex7\n|-damage|p2a: Hypervortex7|61\/100 psn\n|\n|-heal|p1a: Lurid Blob|100\/100 brn|[from] item: Black Sludge\n|-damage|p2a: Hypervortex7|48\/100 psn|[from] psn\n|-damage|p1a: Lurid Blob|94\/100 brn|[from] brn\n|upkeep\n|turn|29\n|\n|t:|1701186529\n|move|p1a: Lurid Blob|Protect|p1a: Lurid Blob\n|-singleturn|p1a: Lurid Blob|Protect\n|move|p2a: Hypervortex7|Strength Sap|p1a: Lurid Blob\n|-activate|p1a: Lurid Blob|move: Protect\n|\n|-heal|p1a: Lurid Blob|100\/100 brn|[from] item: Black Sludge\n|-damage|p2a: Hypervortex7|36\/100 psn|[from] psn\n|-damage|p1a: Lurid Blob|94\/100 brn|[from] brn\n|upkeep\n|turn|30\n|\n|t:|1701186535\n|move|p2a: Hypervortex7|Strength Sap|p1a: Lurid Blob\n|-unboost|p1a: Lurid Blob|atk|1\n|-heal|p2a: Hypervortex7|73\/100 psn\n|move|p1a: Lurid Blob|Poison Jab|p2a: Hypervortex7\n|-resisted|p2a: Hypervortex7\n|-damage|p2a: Hypervortex7|71\/100 psn\n|\n|-heal|p1a: Lurid Blob|100\/100 brn|[from] item: Black Sludge\n|-damage|p2a: Hypervortex7|58\/100 psn|[from] psn\n|-damage|p1a: Lurid Blob|94\/100 brn|[from] brn\n|upkeep\n|turn|31\n|\n|t:|1701186539\n|move|p2a: Hypervortex7|Strength Sap|p1a: Lurid Blob\n|-unboost|p1a: Lurid Blob|atk|1\n|-heal|p2a: Hypervortex7|86\/100 psn\n|move|p1a: Lurid Blob|Poison Jab|p2a: Hypervortex7\n|-resisted|p2a: Hypervortex7\n|-damage|p2a: Hypervortex7|84\/100 psn\n|\n|-heal|p1a: Lurid Blob|100\/100 brn|[from] item: Black Sludge\n|-damage|p2a: Hypervortex7|72\/100 psn|[from] psn\n|-damage|p1a: Lurid Blob|94\/100 brn|[from] brn\n|upkeep\n|turn|32\n|\n|t:|1701186544\n|move|p2a: Hypervortex7|Hex|p1a: Lurid Blob\n|-resisted|p1a: Lurid Blob\n|-damage|p1a: Lurid Blob|53\/100 brn\n|move|p1a: Lurid Blob|Poison Jab|p2a: Hypervortex7\n|-resisted|p2a: Hypervortex7\n|-damage|p2a: Hypervortex7|69\/100 psn\n|\n|-heal|p1a: Lurid Blob|59\/100 brn|[from] item: Black Sludge\n|-damage|p2a: Hypervortex7|57\/100 psn|[from] psn\n|-damage|p1a: Lurid Blob|53\/100 brn|[from] brn\n|upkeep\n|turn|33\n|\n|t:|1701186550\n|move|p1a: Lurid Blob|Protect|p1a: Lurid Blob\n|-singleturn|p1a: Lurid Blob|Protect\n|move|p2a: Hypervortex7|Calm Mind|p2a: Hypervortex7\n|-boost|p2a: Hypervortex7|spa|1\n|-boost|p2a: Hypervortex7|spd|1\n|\n|-heal|p1a: Lurid Blob|59\/100 brn|[from] item: Black Sludge\n|-damage|p2a: Hypervortex7|44\/100 psn|[from] psn\n|-damage|p1a: Lurid Blob|53\/100 brn|[from] brn\n|upkeep\n|turn|34\n|\n|t:|1701186559\n|move|p2a: Hypervortex7|Hex|p1a: Lurid Blob\n|-resisted|p1a: Lurid Blob\n|-damage|p1a: Lurid Blob|10\/100 brn\n|move|p1a: Lurid Blob|Poison Jab|p2a: Hypervortex7\n|-resisted|p2a: Hypervortex7\n|-damage|p2a: Hypervortex7|42\/100 psn\n|\n|-heal|p1a: Lurid Blob|16\/100 brn|[from] item: Black Sludge\n|-damage|p2a: Hypervortex7|30\/100 psn|[from] psn\n|-damage|p1a: Lurid Blob|10\/100 brn|[from] brn\n|upkeep\n|turn|35\n|\n|t:|1701186567\n|move|p1a: Lurid Blob|Protect|p1a: Lurid Blob\n|-singleturn|p1a: Lurid Blob|Protect\n|move|p2a: Hypervortex7|Calm Mind|p2a: Hypervortex7\n|-boost|p2a: Hypervortex7|spa|1\n|-boost|p2a: Hypervortex7|spd|1\n|\n|-heal|p1a: Lurid Blob|16\/100 brn|[from] item: Black Sludge\n|-damage|p2a: Hypervortex7|18\/100 psn|[from] psn\n|-damage|p1a: Lurid Blob|10\/100 brn|[from] brn\n|upkeep\n|turn|36\n|\n|t:|1701186576\n|switch|p1a: Maushold|Maushold-Four|100\/100\n|move|p2a: Hypervortex7|Strength Sap|p1a: Maushold\n|-unboost|p1a: Maushold|atk|1\n|-heal|p2a: Hypervortex7|74\/100 psn\n|\n|-damage|p2a: Hypervortex7|61\/100 psn|[from] psn\n|upkeep\n|turn|37\n|\n|t:|1701186583\n|move|p2a: Hypervortex7|Will-O-Wisp|p1a: Maushold|[miss]\n|-miss|p2a: Hypervortex7|p1a: Maushold\n|move|p1a: Maushold|Encore|p2a: Hypervortex7\n|-start|p2a: Hypervortex7|Encore\n|\n|-damage|p2a: Hypervortex7|49\/100 psn|[from] psn\n|upkeep\n|turn|38\n|\n|t:|1701186592\n|switch|p1a: Lurid Blob|Muk-Alola, M|10\/100 brn\n|move|p2a: Hypervortex7|Will-O-Wisp|p1a: Lurid Blob|[miss]\n|-miss|p2a: Hypervortex7|p1a: Lurid Blob\n|\n|-heal|p1a: Lurid Blob|16\/100 brn|[from] item: Black Sludge\n|-damage|p2a: Hypervortex7|37\/100 psn|[from] psn\n|-damage|p1a: Lurid Blob|10\/100 brn|[from] brn\n|upkeep\n|turn|39\n|\n|t:|1701186599\n|move|p2a: Hypervortex7|Will-O-Wisp|p1a: Lurid Blob\n|-fail|p1a: Lurid Blob|brn\n|move|p1a: Lurid Blob|Knock Off|p2a: Hypervortex7\n|-supereffective|p2a: Hypervortex7\n|-damage|p2a: Hypervortex7|18\/100 psn\n|\n|-heal|p1a: Lurid Blob|16\/100 brn|[from] item: Black Sludge\n|-damage|p2a: Hypervortex7|6\/100 psn|[from] psn\n|-damage|p1a: Lurid Blob|10\/100 brn|[from] brn\n|upkeep\n|turn|40\n|\n|t:|1701186608\n|switch|p2a: No Eye Contact|Rillaboom, F|88\/100\n|-damage|p2a: No Eye Contact|76\/100|[from] Stealth Rock\n|-fieldstart|move: Grassy Terrain|[from] ability: Grassy Surge|[of] p2a: No Eye Contact\n|move|p1a: Lurid Blob|Protect||[still]\n|-fail|p1a: Lurid Blob\n|\n|-heal|p2a: No Eye Contact|82\/100|[from] Grassy Terrain\n|-heal|p1a: Lurid Blob|16\/100 brn|[from] Grassy Terrain\n|-heal|p1a: Lurid Blob|23\/100 brn|[from] item: Black Sludge\n|-damage|p1a: Lurid Blob|16\/100 brn|[from] brn\n|upkeep\n|turn|41\n|\n|t:|1701186616\n|move|p2a: No Eye Contact|Swords Dance|p2a: No Eye Contact\n|-boost|p2a: No Eye Contact|atk|2\n|move|p1a: Lurid Blob|Poison Jab|p2a: No Eye Contact\n|-supereffective|p2a: No Eye Contact\n|-damage|p2a: No Eye Contact|54\/100\n|-status|p2a: No Eye Contact|psn|[from] ability: Poison Touch|[of] p1a: Lurid Blob\n|\n|-heal|p2a: No Eye Contact|61\/100 psn|[from] Grassy Terrain\n|-heal|p1a: Lurid Blob|23\/100 brn|[from] Grassy Terrain\n|-heal|p1a: Lurid Blob|29\/100 brn|[from] item: Black Sludge\n|-damage|p2a: No Eye Contact|48\/100 psn|[from] psn\n|-damage|p1a: Lurid Blob|23\/100 brn|[from] brn\n|upkeep\n|turn|42\n|\n|t:|1701186621\n|move|p1a: Lurid Blob|Protect|p1a: Lurid Blob\n|-singleturn|p1a: Lurid Blob|Protect\n|move|p2a: No Eye Contact|Swords Dance|p2a: No Eye Contact\n|-boost|p2a: No Eye Contact|atk|2\n|\n|-heal|p2a: No Eye Contact|54\/100 psn|[from] Grassy Terrain\n|-heal|p1a: Lurid Blob|29\/100 brn|[from] Grassy Terrain\n|-heal|p1a: Lurid Blob|35\/100 brn|[from] item: Black Sludge\n|-damage|p2a: No Eye Contact|42\/100 psn|[from] psn\n|-damage|p1a: Lurid Blob|29\/100 brn|[from] brn\n|upkeep\n|turn|43\n|\n|t:|1701186629\n|move|p2a: No Eye Contact|Drain Punch|p1a: Lurid Blob\n|-damage|p1a: Lurid Blob|0 fnt\n|-heal|p2a: No Eye Contact|56\/100 psn|[from] drain|[of] p1a: Lurid Blob\n|faint|p1a: Lurid Blob\n|\n|-heal|p2a: No Eye Contact|63\/100 psn|[from] Grassy Terrain\n|-damage|p2a: No Eye Contact|50\/100 psn|[from] psn\n|upkeep\n|\n|t:|1701186637\n|switch|p1a: Soaring Wings|Dragonite, F|100\/100\n|turn|44\n|\n|t:|1701186651\n|-terastallize|p1a: Soaring Wings|Normal\n|move|p1a: Soaring Wings|Extreme Speed|p2a: No Eye Contact\n|-damage|p2a: No Eye Contact|0 fnt\n|faint|p2a: No Eye Contact\n|\n|upkeep\n|\n|t:|1701186656\n|switch|p2a: Corviknight|Corviknight, M, shiny|100\/100\n|-damage|p2a: Corviknight|88\/100|[from] Stealth Rock\n|-ability|p2a: Corviknight|Pressure\n|turn|45\n|\n|t:|1701186662\n|switch|p1a: Great Tusk|Great Tusk|67\/100\n|move|p2a: Corviknight|Defog|p1a: Great Tusk\n|-unboost|p1a: Great Tusk|evasion|1\n|-sideend|p2: Darkmaniman+Minus|Stealth Rock|[from] move: Defog|[of] p2a: Corviknight\n|-fieldend|move: Grassy Terrain\n|\n|-heal|p2a: Corviknight|94\/100|[from] item: Leftovers\n|upkeep\n|turn|46\n|\n|t:|1701186668\n|move|p1a: Great Tusk|Stealth Rock|p2a: Corviknight\n|-sidestart|p2: Darkmaniman+Minus|move: Stealth Rock\n|move|p2a: Corviknight|Brave Bird|p1a: Great Tusk\n|-supereffective|p1a: Great Tusk\n|-damage|p1a: Great Tusk|32\/100\n|-damage|p2a: Corviknight|78\/100|[from] item: Rocky Helmet|[of] p1a: Great Tusk\n|-damage|p2a: Corviknight|65\/100|[from] Recoil\n|\n|-heal|p2a: Corviknight|71\/100|[from] item: Leftovers\n|upkeep\n|turn|47\n|\n|t:|1701186686\n|-end|p1a: Great Tusk|Protosynthesis|[silent]\n|switch|p1a: Maushold|Maushold-Four|100\/100\n|move|p2a: Corviknight|Defog|p1a: Maushold\n|-unboost|p1a: Maushold|evasion|1\n|-sideend|p2: Darkmaniman+Minus|Stealth Rock|[from] move: Defog|[of] p2a: Corviknight\n|\n|-heal|p2a: Corviknight|78\/100|[from] item: Leftovers\n|upkeep\n|turn|48\n|\n|t:|1701186690\n|switch|p2a: Hypervortex7|Drifblim, F|6\/100 psn\n|move|p1a: Maushold|Encore||[still]\n|-fail|p1a: Maushold\n|\n|-damage|p2a: Hypervortex7|0 fnt|[from] psn\n|faint|p2a: Hypervortex7\n|upkeep\n|\n|t:|1701186692\n|switch|p2a: Corviknight|Corviknight, M, shiny|78\/100\n|-ability|p2a: Corviknight|Pressure\n|turn|49\n|\n|t:|1701186695\n|switch|p1a: Great Tusk|Great Tusk|32\/100\n|move|p2a: Corviknight|Brave Bird|p1a: Great Tusk\n|-supereffective|p1a: Great Tusk\n|-damage|p1a: Great Tusk|0 fnt\n|-damage|p2a: Corviknight|61\/100|[from] item: Rocky Helmet|[of] p1a: Great Tusk\n|faint|p1a: Great Tusk\n|-end|p1a: Great Tusk|Protosynthesis|[silent]\n|-damage|p2a: Corviknight|50\/100|[from] Recoil\n|\n|-heal|p2a: Corviknight|56\/100|[from] item: Leftovers\n|upkeep\n|\n|t:|1701186699\n|switch|p1a: Walking Wake|Walking Wake|69\/100\n|turn|50\n|\n|t:|1701186701\n|move|p1a: Walking Wake|Flamethrower|p2a: Corviknight\n|-supereffective|p2a: Corviknight\n|-damage|p2a: Corviknight|0 fnt\n|faint|p2a: Corviknight\n|\n|win|testing a funni3\n|raw|testing a funni3's rating: 1449 &rarr; <strong>1467<\/strong><br \/>(+18 for winning)\n|raw|Darkmaniman+Minus's rating: 1414 &rarr; <strong>1396<\/strong><br \/>(-18 for losing)\n|l|\u2606Darkmaniman+Minus\n","uploadtime":1701186709,"views":10,"p1id":"testingafunni3","p2id":"darkmanimanminus","formatid":"gen9ou","rating":1396,"private":0,"password":""}