{"id":"gen9ou-1994481157","p1":"DuyBu","p2":"Pigelet","format":"[Gen 9] OU","log":"|j|\u2606DuyBu\n|j|\u2606Pigelet\n|t:|1700448923\n|gametype|singles\n|player|p1|DuyBu|hilda|1072\n|player|p2|Pigelet|2|1090\n|teamsize|p1|6\n|teamsize|p2|6\n|gen|9\n|tier|[Gen 9] OU\n|rated|\n|rule|Sleep Clause Mod: Limit one foe put to sleep\n|rule|Species Clause: Limit one of each Pok\u00e9mon\n|rule|OHKO Clause: OHKO moves are banned\n|rule|Evasion Items Clause: Evasion items are banned\n|rule|Evasion Moves Clause: Evasion moves are banned\n|rule|Endless Battle Clause: Forcing endless battles is banned\n|rule|HP Percentage Mod: HP is shown in percentages\n|clearpoke\n|poke|p1|Heatran, M|\n|poke|p1|Alomomola, F|\n|poke|p1|Zamazenta-*|\n|poke|p1|Dondozo, M|\n|poke|p1|Sneasler, M|\n|poke|p1|Rillaboom, F|\n|poke|p2|Torkoal, F|\n|poke|p2|Walking Wake|\n|poke|p2|Ninetales, M|\n|poke|p2|Great Tusk|\n|poke|p2|Sandy Shocks|\n|poke|p2|Glimmora, M|\n|teampreview\n|inactive|Battle timer is ON: inactive players will automatically lose when time's up. (requested by DuyBu)\n|\n|t:|1700448931\n|start\n|switch|p1a: Rillaboom|Rillaboom, F|100\/100\n|switch|p2a: Glimmora|Glimmora, M|100\/100\n|-fieldstart|move: Grassy Terrain|[from] ability: Grassy Surge|[of] p1a: Rillaboom\n|turn|1\n|\n|t:|1700448945\n|move|p2a: Glimmora|Sludge Wave|p1a: Rillaboom\n|-supereffective|p1a: Rillaboom\n|-damage|p1a: Rillaboom|0 fnt\n|faint|p1a: Rillaboom\n|-damage|p2a: Glimmora|91\/100|[from] item: Life Orb\n|\n|-heal|p2a: Glimmora|97\/100|[from] Grassy Terrain\n|upkeep\n|\n|t:|1700448956\n|switch|p1a: Sneasler|Sneasler, M|100\/100\n|-enditem|p1a: Sneasler|Grassy Seed\n|-boost|p1a: Sneasler|def|1|[from] item: Grassy Seed\n|turn|2\n|\n|t:|1700448971\n|move|p1a: Sneasler|Bulk Up|p1a: Sneasler\n|-boost|p1a: Sneasler|atk|1\n|-boost|p1a: Sneasler|def|1\n|move|p2a: Glimmora|Power Gem|p1a: Sneasler\n|-resisted|p1a: Sneasler\n|-damage|p1a: Sneasler|63\/100\n|-damage|p2a: Glimmora|87\/100|[from] item: Life Orb\n|\n|-heal|p1a: Sneasler|69\/100|[from] Grassy Terrain\n|-heal|p2a: Glimmora|93\/100|[from] Grassy Terrain\n|upkeep\n|turn|3\n|\n|t:|1700448984\n|switch|p2a: Ninetales|Ninetales, M|100\/100\n|-weather|SunnyDay|[from] ability: Drought|[of] p2a: Ninetales\n|move|p1a: Sneasler|Close Combat|p2a: Ninetales\n|-damage|p2a: Ninetales|0 fnt\n|-unboost|p1a: Sneasler|def|1\n|-unboost|p1a: Sneasler|spd|1\n|faint|p2a: Ninetales\n|\n|-weather|SunnyDay|[upkeep]\n|-heal|p1a: Sneasler|75\/100|[from] Grassy Terrain\n|upkeep\n|\n|t:|1700448990\n|switch|p2a: Sandy Shocks|Sandy Shocks|100\/100\n|-activate|p2a: Sandy Shocks|ability: Protosynthesis\n|-start|p2a: Sandy Shocks|protosynthesisspe\n|turn|4\n|\n|t:|1700449004\n|move|p1a: Sneasler|Close Combat|p2a: Sandy Shocks\n|-enditem|p2a: Sandy Shocks|Focus Sash\n|-damage|p2a: Sandy Shocks|1\/100\n|-unboost|p1a: Sneasler|def|1\n|-unboost|p1a: Sneasler|spd|1\n|move|p2a: Sandy Shocks|Earth Power|p1a: Sneasler\n|-supereffective|p1a: Sneasler\n|-damage|p1a: Sneasler|0 fnt\n|faint|p1a: Sneasler\n|\n|-weather|SunnyDay|[upkeep]\n|-heal|p2a: Sandy Shocks|7\/100|[from] Grassy Terrain\n|upkeep\n|\n|t:|1700449020\n|switch|p1a: Zamazenta|Zamazenta|100\/100\n|-ability|p1a: Zamazenta|Dauntless Shield|boost\n|-boost|p1a: Zamazenta|def|1\n|turn|5\n|\n|t:|1700449031\n|move|p2a: Sandy Shocks|Stealth Rock|p1a: Zamazenta\n|-sidestart|p1: DuyBu|move: Stealth Rock\n|move|p1a: Zamazenta|Iron Defense|p1a: Zamazenta\n|-boost|p1a: Zamazenta|def|2\n|\n|-weather|SunnyDay|[upkeep]\n|-heal|p2a: Sandy Shocks|13\/100|[from] Grassy Terrain\n|-fieldend|move: Grassy Terrain\n|upkeep\n|turn|6\n|\n|t:|1700449040\n|move|p2a: Sandy Shocks|Thunderbolt|p1a: Zamazenta\n|-damage|p1a: Zamazenta|69\/100\n|move|p1a: Zamazenta|Iron Defense|p1a: Zamazenta\n|-boost|p1a: Zamazenta|def|2\n|\n|-weather|SunnyDay|[upkeep]\n|-heal|p1a: Zamazenta|75\/100|[from] item: Leftovers\n|upkeep\n|turn|7\n|\n|t:|1700449050\n|move|p2a: Sandy Shocks|Spikes|p1a: Zamazenta\n|-sidestart|p1: DuyBu|Spikes\n|move|p1a: Zamazenta|Body Press|p2a: Sandy Shocks\n|-damage|p2a: Sandy Shocks|0 fnt\n|faint|p2a: Sandy Shocks\n|-end|p2a: Sandy Shocks|Protosynthesis|[silent]\n|\n|-weather|SunnyDay|[upkeep]\n|-heal|p1a: Zamazenta|82\/100|[from] item: Leftovers\n|upkeep\n|\n|t:|1700449056\n|switch|p2a: Great Tusk|Great Tusk|100\/100\n|-activate|p2a: Great Tusk|ability: Protosynthesis\n|-start|p2a: Great Tusk|protosynthesisdef\n|turn|8\n|\n|t:|1700449072\n|-end|p2a: Great Tusk|Protosynthesis|[silent]\n|switch|p2a: Glimmora|Glimmora, M|93\/100\n|move|p1a: Zamazenta|Body Press|p2a: Glimmora\n|-damage|p2a: Glimmora|0 fnt\n|-activate|p2a: Glimmora|ability: Toxic Debris\n|-sidestart|p1: DuyBu|move: Toxic Spikes\n|faint|p2a: Glimmora\n|\n|-weather|SunnyDay|[upkeep]\n|-heal|p1a: Zamazenta|88\/100|[from] item: Leftovers\n|upkeep\n|\n|t:|1700449074\n|switch|p2a: Walking Wake|Walking Wake|100\/100\n|-activate|p2a: Walking Wake|ability: Protosynthesis\n|-start|p2a: Walking Wake|protosynthesisspe\n|turn|9\n|\n|t:|1700449093\n|-terastallize|p2a: Walking Wake|Water\n|move|p2a: Walking Wake|Hydro Steam|p1a: Zamazenta\n|-damage|p1a: Zamazenta|0 fnt\n|faint|p1a: Zamazenta\n|-damage|p2a: Walking Wake|91\/100|[from] item: Life Orb\n|\n|-weather|SunnyDay|[upkeep]\n|upkeep\n|\n|t:|1700449102\n|switch|p1a: Heatran|Heatran, M|100\/100\n|-damage|p1a: Heatran|88\/100|[from] Stealth Rock\n|-item|p1a: Heatran|Air Balloon\n|turn|10\n|inactive|DuyBu has 120 seconds left.\n|\n|t:|1700449136\n|move|p2a: Walking Wake|Hydro Steam|p1a: Heatran\n|-supereffective|p1a: Heatran\n|-damage|p1a: Heatran|0 fnt\n|-enditem|p1a: Heatran|Air Balloon\n|faint|p1a: Heatran\n|-damage|p2a: Walking Wake|81\/100|[from] item: Life Orb\n|\n|-weather|none\n|-end|p2a: Walking Wake|Protosynthesis\n|upkeep\n|\n|t:|1700449145\n|switch|p1a: Alomomola|Alomomola, F|100\/100\n|-damage|p1a: Alomomola|88\/100|[from] Stealth Rock\n|-damage|p1a: Alomomola|76\/100|[from] Spikes\n|-status|p1a: Alomomola|psn\n|turn|11\n|inactive|DuyBu has 120 seconds left.\n|\n|t:|1700449163\n|-end|p2a: Walking Wake|Protosynthesis|[silent]\n|switch|p2a: Torkoal|Torkoal, F|100\/100\n|-weather|SunnyDay|[from] ability: Drought|[of] p2a: Torkoal\n|move|p1a: Alomomola|Pain Split|p2a: Torkoal\n|-sethp|p2a: Torkoal|100\/100|[from] move: Pain Split|[silent]\n|-sethp|p1a: Alomomola|70\/100 psn|[from] move: Pain Split\n|\n|-weather|SunnyDay|[upkeep]\n|-heal|p1a: Alomomola|76\/100 psn|[from] item: Leftovers\n|-damage|p1a: Alomomola|64\/100 psn|[from] psn\n|upkeep\n|turn|12\n|inactive|DuyBu has 120 seconds left.\n|\n|t:|1700449181\n|switch|p2a: Walking Wake|Walking Wake, tera:Water|81\/100\n|-activate|p2a: Walking Wake|ability: Protosynthesis\n|-start|p2a: Walking Wake|protosynthesisspe\n|move|p1a: Alomomola|Scald|p2a: Walking Wake\n|-resisted|p2a: Walking Wake\n|-damage|p2a: Walking Wake|77\/100\n|\n|-weather|SunnyDay|[upkeep]\n|-heal|p1a: Alomomola|70\/100 psn|[from] item: Leftovers\n|-damage|p1a: Alomomola|58\/100 psn|[from] psn\n|upkeep\n|turn|13\n|inactive|DuyBu has 120 seconds left.\n|\n|t:|1700449196\n|-end|p2a: Walking Wake|Protosynthesis|[silent]\n|switch|p2a: Great Tusk|Great Tusk|100\/100\n|-activate|p2a: Great Tusk|ability: Protosynthesis\n|-start|p2a: Great Tusk|protosynthesisdef\n|move|p1a: Alomomola|Pain Split|p2a: Great Tusk\n|-sethp|p2a: Great Tusk|88\/100|[from] move: Pain Split|[silent]\n|-sethp|p1a: Alomomola|67\/100 psn|[from] move: Pain Split\n|\n|-weather|SunnyDay|[upkeep]\n|-heal|p1a: Alomomola|73\/100 psn|[from] item: Leftovers\n|-damage|p1a: Alomomola|61\/100 psn|[from] psn\n|upkeep\n|turn|14\n|inactive|DuyBu has 120 seconds left.\n|\n|t:|1700449210\n|move|p2a: Great Tusk|Rapid Spin|p1a: Alomomola\n|-damage|p1a: Alomomola|52\/100 psn\n|-boost|p2a: Great Tusk|spe|1\n|move|p1a: Alomomola|Flip Turn|p2a: Great Tusk\n|-supereffective|p2a: Great Tusk\n|-damage|p2a: Great Tusk|80\/100\n|\n|t:|1700449217\n|switch|p1a: Dondozo|Dondozo, M|100\/100|[from] Flip Turn\n|-damage|p1a: Dondozo|88\/100|[from] Stealth Rock\n|-damage|p1a: Dondozo|75\/100|[from] Spikes\n|-status|p1a: Dondozo|psn\n|\n|-weather|SunnyDay|[upkeep]\n|-heal|p1a: Dondozo|82\/100 psn|[from] item: Leftovers\n|-damage|p1a: Dondozo|69\/100 psn|[from] psn\n|upkeep\n|turn|15\n|inactive|DuyBu has 120 seconds left.\n|\n|t:|1700449229\n|move|p2a: Great Tusk|Close Combat|p1a: Dondozo\n|-damage|p1a: Dondozo|37\/100 psn\n|-unboost|p2a: Great Tusk|def|1\n|-unboost|p2a: Great Tusk|spd|1\n|move|p1a: Dondozo|Rest|p1a: Dondozo\n|-status|p1a: Dondozo|slp|[from] move: Rest\n|-heal|p1a: Dondozo|100\/100 slp|[silent]\n|\n|-weather|SunnyDay|[upkeep]\n|upkeep\n|turn|16\n|inactive|DuyBu has 120 seconds left.\n|\n|t:|1700449243\n|move|p2a: Great Tusk|Close Combat|p1a: Dondozo\n|-damage|p1a: Dondozo|65\/100 slp\n|-unboost|p2a: Great Tusk|def|1\n|-unboost|p2a: Great Tusk|spd|1\n|cant|p1a: Dondozo|slp\n|move|p1a: Dondozo|Sleep Talk|p1a: Dondozo\n|move|p1a: Dondozo|Rest||[from]move: Sleep Talk|[still]\n|-fail|p1a: Dondozo\n|\n|-weather|SunnyDay|[upkeep]\n|-heal|p1a: Dondozo|71\/100 slp|[from] item: Leftovers\n|upkeep\n|turn|17\n|inactive|DuyBu has 120 seconds left.\n|\n|t:|1700449257\n|move|p2a: Great Tusk|Close Combat|p1a: Dondozo\n|-damage|p1a: Dondozo|39\/100 slp\n|-unboost|p2a: Great Tusk|def|1\n|-unboost|p2a: Great Tusk|spd|1\n|cant|p1a: Dondozo|slp\n|move|p1a: Dondozo|Sleep Talk|p1a: Dondozo\n|move|p1a: Dondozo|Avalanche|p2a: Great Tusk|[from]move: Sleep Talk\n|-supereffective|p2a: Great Tusk\n|-damage|p2a: Great Tusk|45\/100\n|\n|-weather|SunnyDay|[upkeep]\n|-heal|p1a: Dondozo|45\/100 slp|[from] item: Leftovers\n|upkeep\n|turn|18\n|inactive|DuyBu has 120 seconds left.\n|\n|t:|1700449271\n|move|p2a: Great Tusk|Close Combat|p1a: Dondozo\n|-damage|p1a: Dondozo|15\/100 slp\n|-unboost|p2a: Great Tusk|def|1\n|-unboost|p2a: Great Tusk|spd|1\n|-curestatus|p1a: Dondozo|slp|[msg]\n|move|p1a: Dondozo|Rest|p1a: Dondozo\n|-status|p1a: Dondozo|slp|[from] move: Rest\n|-heal|p1a: Dondozo|100\/100 slp|[silent]\n|\n|-weather|none\n|-end|p2a: Great Tusk|Protosynthesis\n|upkeep\n|turn|19\n|inactive|DuyBu has 120 seconds left.\n|\n|t:|1700449297\n|-end|p2a: Great Tusk|Protosynthesis|[silent]\n|switch|p2a: Walking Wake|Walking Wake, tera:Water|77\/100\n|cant|p1a: Dondozo|slp\n|move|p1a: Dondozo|Sleep Talk|p1a: Dondozo\n|move|p1a: Dondozo|Avalanche|p2a: Walking Wake|[from]move: Sleep Talk\n|-resisted|p2a: Walking Wake\n|-damage|p2a: Walking Wake|67\/100\n|\n|upkeep\n|turn|20\n|\n|t:|1700449308\n|move|p2a: Walking Wake|Draco Meteor|p1a: Dondozo\n|-crit|p1a: Dondozo\n|-damage|p1a: Dondozo|0 fnt\n|-unboost|p2a: Walking Wake|spa|2\n|faint|p1a: Dondozo\n|-damage|p2a: Walking Wake|57\/100|[from] item: Life Orb\n|\n|upkeep\n|-message|DuyBu forfeited.\n|\n|win|Pigelet\n|raw|DuyBu's rating: 1072 &rarr; <strong>1052<\/strong><br \/>(-20 for losing)\n|raw|Pigelet's rating: 1090 &rarr; <strong>1115<\/strong><br \/>(+25 for winning)\n|l|\u2606DuyBu\n","uploadtime":1700449322,"views":10,"p1id":"duybu","p2id":"pigelet","formatid":"gen9ou","rating":1052,"private":0,"password":""}