{"id":"gen9ou-1996033926","p1":"mtails142","p2":"MutanteCaliente","format":"[Gen 9] OU","log":"|j|\u2606mtails142\n|j|\u2606MutanteCaliente\n|t:|1700632672\n|gametype|singles\n|player|p1|mtails142|170|1157\n|player|p2|MutanteCaliente|firebreather|1132\n|teamsize|p1|6\n|teamsize|p2|6\n|gen|9\n|tier|[Gen 9] OU\n|rated|\n|rule|Sleep Clause Mod: Limit one foe put to sleep\n|rule|Species Clause: Limit one of each Pok\u00e9mon\n|rule|OHKO Clause: OHKO moves are banned\n|rule|Evasion Items Clause: Evasion items are banned\n|rule|Evasion Moves Clause: Evasion moves are banned\n|rule|Endless Battle Clause: Forcing endless battles is banned\n|rule|HP Percentage Mod: HP is shown in percentages\n|clearpoke\n|poke|p1|Gholdengo|\n|poke|p1|Kingambit, F|\n|poke|p1|Samurott-Hisui, F|\n|poke|p1|Ninetales-Alola, M|\n|poke|p1|Ogerpon-Wellspring, F|\n|poke|p1|Ribombee, F|\n|poke|p2|Zapdos|\n|poke|p2|Heatran, M|\n|poke|p2|Great Tusk|\n|poke|p2|Muk-Alola, M|\n|poke|p2|Rillaboom, M|\n|poke|p2|Ribombee, F|\n|teampreview\n|j| oracio7420\n|l| oracio7420\n|\n|t:|1700632683\n|start\n|switch|p1a: Ribombee|Ribombee, F|100\/100\n|switch|p2a: My \"Toy Planes!\"|Heatran, M|100\/100\n|turn|1\n|\n|t:|1700632689\n|move|p1a: Ribombee|Sticky Web|p2a: My \"Toy Planes!\"\n|-sidestart|p2: MutanteCaliente|move: Sticky Web\n|move|p2a: My \"Toy Planes!\"|Flash Cannon|p1a: Ribombee\n|-supereffective|p1a: Ribombee\n|-enditem|p1a: Ribombee|Focus Sash\n|-damage|p1a: Ribombee|1\/100\n|\n|upkeep\n|turn|2\n|\n|t:|1700632697\n|move|p1a: Ribombee|Light Screen|p1a: Ribombee\n|-sidestart|p1: mtails142|move: Light Screen\n|move|p2a: My \"Toy Planes!\"|Flash Cannon|p1a: Ribombee\n|-supereffective|p1a: Ribombee\n|-damage|p1a: Ribombee|0 fnt\n|faint|p1a: Ribombee\n|\n|upkeep\n|\n|t:|1700632702\n|switch|p1a: Ogerpon|Ogerpon-Wellspring, F|100\/100\n|turn|3\n|\n|t:|1700632706\n|switch|p2a: Kid Named Hive|Ribombee, F|100\/100\n|move|p1a: Ogerpon|Swords Dance|p1a: Ogerpon\n|-boost|p1a: Ogerpon|atk|2\n|\n|upkeep\n|turn|4\n|\n|t:|1700632714\n|move|p2a: Kid Named Hive|Sticky Web|p1a: Ogerpon\n|-sidestart|p1: mtails142|move: Sticky Web\n|move|p1a: Ogerpon|Trailblaze|p2a: Kid Named Hive\n|-resisted|p2a: Kid Named Hive\n|-damage|p2a: Kid Named Hive|48\/100\n|-boost|p1a: Ogerpon|spe|1\n|\n|upkeep\n|turn|5\n|\n|t:|1700632722\n|move|p1a: Ogerpon|Ivy Cudgel|p2a: Kid Named Hive|[anim] Ivy Cudgel Water\n|-damage|p2a: Kid Named Hive|0 fnt\n|faint|p2a: Kid Named Hive\n|\n|upkeep\n|\n|t:|1700632733\n|switch|p2a: The Spine Track 6|Zapdos|100\/100\n|turn|6\n|\n|t:|1700632737\n|move|p1a: Ogerpon|Ivy Cudgel|p2a: The Spine Track 6|[anim] Ivy Cudgel Water\n|-damage|p2a: The Spine Track 6|0 fnt\n|faint|p2a: The Spine Track 6\n|\n|-sideend|p1: mtails142|move: Light Screen\n|upkeep\n|\n|t:|1700632742\n|switch|p2a: New Jersey|Muk-Alola, M, shiny|100\/100\n|-activate|p2a: New Jersey|move: Sticky Web\n|-unboost|p2a: New Jersey|spe|1\n|turn|7\n|\n|t:|1700632749\n|move|p1a: Ogerpon|Ivy Cudgel|p2a: New Jersey|[anim] Ivy Cudgel Water\n|-damage|p2a: New Jersey|0 fnt\n|faint|p2a: New Jersey\n|\n|upkeep\n|\n|t:|1700632758\n|switch|p2a: Tuscan Raider|Great Tusk|100\/100\n|-activate|p2a: Tuscan Raider|move: Sticky Web\n|-unboost|p2a: Tuscan Raider|spe|1\n|turn|8\n|\n|t:|1700632768\n|-terastallize|p2a: Tuscan Raider|Ice\n|move|p1a: Ogerpon|Ivy Cudgel|p2a: Tuscan Raider|[anim] Ivy Cudgel Water\n|-damage|p2a: Tuscan Raider|11\/100\n|move|p2a: Tuscan Raider|Ice Spinner|p1a: Ogerpon\n|-damage|p1a: Ogerpon|47\/100\n|\n|upkeep\n|turn|9\n|\n|t:|1700632777\n|move|p1a: Ogerpon|Trailblaze|p2a: Tuscan Raider\n|-damage|p2a: Tuscan Raider|0 fnt\n|-boost|p1a: Ogerpon|spe|1\n|faint|p2a: Tuscan Raider\n|-end|p2a: Tuscan Raider|Protosynthesis|[silent]\n|\n|upkeep\n|\n|t:|1700632779\n|switch|p2a: My \"Toy Planes!\"|Heatran, M|100\/100\n|-activate|p2a: My \"Toy Planes!\"|move: Sticky Web\n|-unboost|p2a: My \"Toy Planes!\"|spe|1\n|turn|10\n|\n|t:|1700632785\n|move|p1a: Ogerpon|Ivy Cudgel|p2a: My \"Toy Planes!\"|[anim] Ivy Cudgel Water\n|-supereffective|p2a: My \"Toy Planes!\"\n|-damage|p2a: My \"Toy Planes!\"|0 fnt\n|faint|p2a: My \"Toy Planes!\"\n|\n|upkeep\n|\n|t:|1700632789\n|switch|p2a: Hello Kong.|Rillaboom, M|100\/100\n|-activate|p2a: Hello Kong.|move: Sticky Web\n|-unboost|p2a: Hello Kong.|spe|1\n|-fieldstart|move: Grassy Terrain|[from] ability: Grassy Surge|[of] p2a: Hello Kong.\n|turn|11\n|\n|t:|1700632794\n|move|p1a: Ogerpon|Swords Dance|p1a: Ogerpon\n|-boost|p1a: Ogerpon|atk|2\n|move|p2a: Hello Kong.|U-turn|p1a: Ogerpon\n|-supereffective|p1a: Ogerpon\n|-damage|p1a: Ogerpon|0 fnt\n|faint|p1a: Ogerpon\n|\n|upkeep\n|\n|t:|1700632800\n|switch|p1a: Ninetales|Ninetales-Alola, M|100\/100\n|-activate|p1a: Ninetales|move: Sticky Web\n|-unboost|p1a: Ninetales|spe|1\n|-weather|Snow|[from] ability: Snow Warning|[of] p1a: Ninetales\n|turn|12\n|\n|t:|1700632807\n|move|p1a: Ninetales|Aurora Veil|p1a: Ninetales\n|-sidestart|p1: mtails142|move: Aurora Veil\n|move|p2a: Hello Kong.|Drum Beating|p1a: Ninetales\n|-damage|p1a: Ninetales|74\/100\n|-unboost|p1a: Ninetales|spe|1\n|\n|-weather|Snow|[upkeep]\n|-heal|p1a: Ninetales|80\/100|[from] Grassy Terrain\n|upkeep\n|turn|13\n|\n|t:|1700632814\n|move|p2a: Hello Kong.|Knock Off|p1a: Ninetales\n|-resisted|p1a: Ninetales\n|-damage|p1a: Ninetales|71\/100\n|-enditem|p1a: Ninetales|Light Clay|[from] move: Knock Off|[of] p2a: Hello Kong.\n|move|p1a: Ninetales|Freeze-Dry|p2a: Hello Kong.\n|-supereffective|p2a: Hello Kong.\n|-damage|p2a: Hello Kong.|27\/100\n|\n|-weather|Snow|[upkeep]\n|-heal|p2a: Hello Kong.|33\/100|[from] Grassy Terrain\n|-heal|p1a: Ninetales|77\/100|[from] Grassy Terrain\n|upkeep\n|turn|14\n|\n|t:|1700632821\n|move|p2a: Hello Kong.|Drum Beating|p1a: Ninetales\n|-damage|p1a: Ninetales|50\/100\n|-unboost|p1a: Ninetales|spe|1\n|move|p1a: Ninetales|Freeze-Dry|p2a: Hello Kong.\n|-supereffective|p2a: Hello Kong.\n|-damage|p2a: Hello Kong.|0 fnt\n|faint|p2a: Hello Kong.\n|\n|win|mtails142\n|raw|mtails142's rating: 1179 &rarr; <strong>1201<\/strong><br \/>(+22 for winning)\n|raw|MutanteCaliente's rating: 1132 &rarr; <strong>1110<\/strong><br \/>(-22 for losing)\n|c|\u2606MutanteCaliente|gg\n|c|\u2606mtails142|gg\n","uploadtime":1700632832,"views":0,"p1id":"mtails142","p2id":"mutantecaliente","formatid":"gen9ou","rating":1110,"private":0,"password":""}