{"id":"gen9ou-1991417920","p1":"Docter_Peng99","p2":"RendingScizor","format":"[Gen 9] OU","log":"|j|\u2606Docter_Peng99\n|j|\u2606RendingScizor\n|inactive|Battle timer is ON: inactive players will automatically lose when time's up.\n|t:|1700075415\n|gametype|singles\n|player|p1|Docter_Peng99|larry|\n|player|p2|RendingScizor|kieran-festival|\n|teamsize|p1|6\n|teamsize|p2|6\n|gen|9\n|tier|[Gen 9] OU\n|rated|Tournament battle\n|rule|Sleep Clause Mod: Limit one foe put to sleep\n|rule|Species Clause: Limit one of each Pok\u00e9mon\n|rule|OHKO Clause: OHKO moves are banned\n|rule|Evasion Items Clause: Evasion items are banned\n|rule|Evasion Moves Clause: Evasion moves are banned\n|rule|Endless Battle Clause: Forcing endless battles is banned\n|rule|HP Percentage Mod: HP is shown in percentages\n|rule|Terastal Clause: You cannot Terastallize\n|clearpoke\n|poke|p1|Ribombee, F|\n|poke|p1|Great Tusk|\n|poke|p1|Gholdengo|\n|poke|p1|Iron Moth|\n|poke|p1|Iron Valiant|\n|poke|p1|Kingambit, M|\n|poke|p2|Ogerpon-Wellspring, F|\n|poke|p2|Kingambit, F|\n|poke|p2|Gholdengo|\n|poke|p2|Iron Moth|\n|poke|p2|Glimmora, F|\n|poke|p2|Samurott-Hisui, M|\n|teampreview\n|\n|t:|1700075421\n|start\n|switch|p1a: Spooky|Ribombee, F|100\/100\n|switch|p2a: CoryxKenshin|Samurott-Hisui, M|100\/100\n|turn|1\n|j| Dixie Ject\n|j| Fork you phil\n|\n|t:|1700075428\n|move|p1a: Spooky|Sticky Web|p2a: CoryxKenshin\n|-sidestart|p2: RendingScizor|move: Sticky Web\n|move|p2a: CoryxKenshin|Aqua Cutter|p1a: Spooky\n|-damage|p1a: Spooky|2\/100\n|\n|upkeep\n|turn|2\n|\n|t:|1700075432\n|move|p2a: CoryxKenshin|Aqua Jet|p1a: Spooky\n|-damage|p1a: Spooky|0 fnt\n|faint|p1a: Spooky\n|\n|upkeep\n|\n|t:|1700075435\n|switch|p1a: Ancient Elephant|Great Tusk|100\/100\n|turn|3\n|\n|t:|1700075439\n|move|p2a: CoryxKenshin|Aqua Cutter|p1a: Ancient Elephant\n|-supereffective|p1a: Ancient Elephant\n|-damage|p1a: Ancient Elephant|44\/100\n|move|p1a: Ancient Elephant|Earthquake|p2a: CoryxKenshin\n|-damage|p2a: CoryxKenshin|27\/100\n|\n|upkeep\n|turn|4\n|\n|t:|1700075444\n|move|p2a: CoryxKenshin|Aqua Cutter|p1a: Ancient Elephant\n|-supereffective|p1a: Ancient Elephant\n|-damage|p1a: Ancient Elephant|0 fnt\n|faint|p1a: Ancient Elephant\n|-end|p1a: Ancient Elephant|Protosynthesis|[silent]\n|\n|upkeep\n|\n|t:|1700075447\n|switch|p1a: Solarflare|Iron Moth|100\/100\n|-enditem|p1a: Solarflare|Booster Energy\n|-activate|p1a: Solarflare|ability: Quark Drive|[fromitem]\n|-start|p1a: Solarflare|quarkdrivespe\n|turn|5\n|\n|t:|1700075453\n|move|p2a: CoryxKenshin|Aqua Jet|p1a: Solarflare\n|-supereffective|p1a: Solarflare\n|-damage|p1a: Solarflare|44\/100\n|move|p1a: Solarflare|Fiery Dance|p2a: CoryxKenshin\n|-resisted|p2a: CoryxKenshin\n|-damage|p2a: CoryxKenshin|0 fnt\n|faint|p2a: CoryxKenshin\n|\n|upkeep\n|\n|t:|1700075465\n|switch|p2a: Gr1mm|Glimmora, F|100\/100\n|-activate|p2a: Gr1mm|move: Sticky Web\n|-unboost|p2a: Gr1mm|spe|1\n|turn|6\n|\n|t:|1700075468\n|move|p1a: Solarflare|Fiery Dance|p2a: Gr1mm\n|-resisted|p2a: Gr1mm\n|-damage|p2a: Gr1mm|70\/100\n|move|p2a: Gr1mm|Mortal Spin|p1a: Solarflare\n|-resisted|p1a: Solarflare\n|-damage|p1a: Solarflare|39\/100\n|-sideend|p2: RendingScizor|Sticky Web|[from] move: Mortal Spin|[of] p2a: Gr1mm\n|\n|upkeep\n|turn|7\n|\n|t:|1700075475\n|move|p1a: Solarflare|Fiery Dance|p2a: Gr1mm\n|-resisted|p2a: Gr1mm\n|-damage|p2a: Gr1mm|39\/100\n|move|p2a: Gr1mm|Earth Power|p1a: Solarflare\n|-supereffective|p1a: Solarflare\n|-damage|p1a: Solarflare|0 fnt\n|faint|p1a: Solarflare\n|-end|p1a: Solarflare|Quark Drive|[silent]\n|\n|upkeep\n|\n|t:|1700075478\n|switch|p1a: Anti-Defog|Gholdengo|100\/100\n|turn|8\n|\n|t:|1700075484\n|move|p1a: Anti-Defog|Trick|p2a: Gr1mm\n|-activate|p1a: Anti-Defog|move: Trick|[of] p2a: Gr1mm\n|-item|p2a: Gr1mm|Choice Scarf|[from] move: Trick\n|-item|p1a: Anti-Defog|Focus Sash|[from] move: Trick\n|move|p2a: Gr1mm|Earth Power|p1a: Anti-Defog\n|-supereffective|p1a: Anti-Defog\n|-damage|p1a: Anti-Defog|22\/100\n|\n|upkeep\n|turn|9\n|\n|t:|1700075489\n|move|p2a: Gr1mm|Earth Power|p1a: Anti-Defog\n|-supereffective|p1a: Anti-Defog\n|-damage|p1a: Anti-Defog|0 fnt\n|faint|p1a: Anti-Defog\n|\n|upkeep\n|\n|t:|1700075490\n|switch|p1a: Metaslayer|Iron Valiant|100\/100\n|-enditem|p1a: Metaslayer|Booster Energy\n|-activate|p1a: Metaslayer|ability: Quark Drive|[fromitem]\n|-start|p1a: Metaslayer|quarkdrivespe\n|turn|10\n|\n|t:|1700075494\n|move|p1a: Metaslayer|Moonblast|p2a: Gr1mm\n|-resisted|p2a: Gr1mm\n|-damage|p2a: Gr1mm|1\/100\n|move|p2a: Gr1mm|Earth Power|p1a: Metaslayer\n|-damage|p1a: Metaslayer|43\/100\n|\n|upkeep\n|turn|11\n|\n|t:|1700075498\n|move|p1a: Metaslayer|Psyshock|p2a: Gr1mm\n|-supereffective|p2a: Gr1mm\n|-damage|p2a: Gr1mm|0 fnt\n|faint|p2a: Gr1mm\n|\n|upkeep\n|\n|t:|1700075505\n|switch|p2a: Goldilocx|Gholdengo|100\/100\n|-item|p2a: Goldilocx|Air Balloon\n|turn|12\n|\n|t:|1700075508\n|move|p1a: Metaslayer|Destiny Bond|p1a: Metaslayer\n|-singlemove|p1a: Metaslayer|Destiny Bond\n|move|p2a: Goldilocx|Dazzling Gleam|p1a: Metaslayer\n|-supereffective|p1a: Metaslayer\n|-damage|p1a: Metaslayer|0 fnt\n|faint|p1a: Metaslayer\n|-activate|p1a: Metaslayer|move: Destiny Bond\n|-end|p1a: Metaslayer|Quark Drive|[silent]\n|faint|p2a: Goldilocx\n|\n|upkeep\n|\n|t:|1700075513\n|switch|p1a: Checkmate|Kingambit, M, shiny|100\/100\n|switch|p2a: Mothra|Iron Moth|100\/100\n|-activate|p1a: Checkmate|ability: Supreme Overlord\n|-start|p1a: Checkmate|fallen5|[silent]\n|-enditem|p2a: Mothra|Booster Energy\n|-activate|p2a: Mothra|ability: Quark Drive|[fromitem]\n|-start|p2a: Mothra|quarkdrivespe\n|turn|13\n|\n|t:|1700075517\n|move|p1a: Checkmate|Sucker Punch|p2a: Mothra\n|-damage|p2a: Mothra|8\/100\n|move|p2a: Mothra|Fiery Dance|p1a: Checkmate\n|-supereffective|p1a: Checkmate\n|-damage|p1a: Checkmate|15\/100\n|\n|-heal|p1a: Checkmate|21\/100|[from] item: Leftovers\n|upkeep\n|turn|14\n|\n|t:|1700075521\n|move|p1a: Checkmate|Sucker Punch|p2a: Mothra\n|-damage|p2a: Mothra|0 fnt\n|faint|p2a: Mothra\n|-end|p2a: Mothra|Quark Drive|[silent]\n|\n|-heal|p1a: Checkmate|27\/100|[from] item: Leftovers\n|upkeep\n|\n|t:|1700075524\n|switch|p2a: Ruy Lopez|Kingambit, F|100\/100\n|-activate|p2a: Ruy Lopez|ability: Supreme Overlord\n|-start|p2a: Ruy Lopez|fallen4|[silent]\n|turn|15\n|\n|t:|1700075528\n|move|p2a: Ruy Lopez|Sucker Punch|p1a: Checkmate\n|-resisted|p1a: Checkmate\n|-damage|p1a: Checkmate|0 fnt\n|faint|p1a: Checkmate\n|-end|p1a: Checkmate|fallen5|[silent]\n|\n|win|RendingScizor\n|n|\u2606Docter_Peng99|docterpeng99\n|n|\u2606RendingScizor|rendingscizor\n|n| Dixie Ject|dixieject\n|n| Fork you phil|forkyouphil\n|l|\u2606Docter_Peng99\n|c|\u2606RendingScizor|Gg\n","uploadtime":1700075540,"views":7,"p1id":"docterpeng99","p2id":"rendingscizor","formatid":"gen9ou","rating":0,"private":0,"password":""}