{"id":"gen9ou-1988737585","p1":"LuG_18","p2":"Wiseblood2707","format":"[Gen 9] OU","log":"|j|\u2606LuG_18\n|j|\u2606Wiseblood2707\n|t:|1699756765\n|gametype|singles\n|player|p1|LuG_18|ethan|\n|player|p2|Wiseblood2707|giovanni|\n|teamsize|p1|6\n|teamsize|p2|6\n|gen|9\n|tier|[Gen 9] OU\n|rule|Sleep Clause Mod: Limit one foe put to sleep\n|rule|Species Clause: Limit one of each Pok\u00e9mon\n|rule|OHKO Clause: OHKO moves are banned\n|rule|Evasion Items Clause: Evasion items are banned\n|rule|Evasion Moves Clause: Evasion moves are banned\n|rule|Endless Battle Clause: Forcing endless battles is banned\n|rule|HP Percentage Mod: HP is shown in percentages\n|clearpoke\n|poke|p1|Mienshao, M|\n|poke|p1|Ogerpon-Wellspring, F|\n|poke|p1|Rotom-Heat|\n|poke|p1|Toxapex, M|\n|poke|p1|Forretress, F|\n|poke|p1|Electrode-Hisui|\n|poke|p2|Golem-Alola, F|\n|poke|p2|Articuno|\n|poke|p2|Abomasnow, F|\n|poke|p2|Dragapult, F|\n|poke|p2|Rillaboom, M|\n|poke|p2|Crawdaunt, F|\n|teampreview\n|j| Due Lipa\n|j| LupinoFTW\n|j| LuichoX\n|\n|t:|1699756824\n|start\n|switch|p1a: clap clap|Mienshao, M, shiny|100\/100\n|switch|p2a: Memill\u00edn|Crawdaunt, F|100\/100\n|turn|1\n|\n|t:|1699756850\n|switch|p2a: Bocachico|Dragapult, F|100\/100\n|move|p1a: clap clap|Knock Off|p2a: Bocachico\n|-supereffective|p2a: Bocachico\n|-damage|p2a: Bocachico|29\/100\n|-enditem|p2a: Bocachico|Choice Specs|[from] move: Knock Off|[of] p1a: clap clap\n|\n|upkeep\n|turn|2\n|\n|t:|1699756870\n|move|p2a: Bocachico|Draco Meteor|p1a: clap clap\n|-damage|p1a: clap clap|13\/100\n|-unboost|p2a: Bocachico|spa|2\n|move|p1a: clap clap|Knock Off|p2a: Bocachico\n|-supereffective|p2a: Bocachico\n|-damage|p2a: Bocachico|0 fnt\n|faint|p2a: Bocachico\n|\n|upkeep\n|\n|t:|1699756890\n|switch|p2a: Deburas|Abomasnow, F|100\/100\n|-weather|Snow|[from] ability: Snow Warning|[of] p2a: Deburas\n|turn|3\n|c| LupinoFTW|CLAP CLAP LOS REYES DEL TRAP\n|c| LupinoFTW|BIGGEST AGENT\n|\n|t:|1699756902\n|move|p2a: Deburas|Ice Shard|p1a: clap clap\n|-damage|p1a: clap clap|0 fnt\n|faint|p1a: clap clap\n|\n|-weather|Snow|[upkeep]\n|upkeep\n|c| LupinoFTW|Menti\n|\n|t:|1699756912\n|switch|p1a: 30secs|Rotom-Heat, shiny|100\/100\n|turn|4\n|\n|t:|1699756969\n|-terastallize|p2a: Deburas|Ground\n|move|p1a: 30secs|Volt Switch|p2a: Deburas\n|-immune|p2a: Deburas\n|move|p2a: Deburas|Aurora Veil|p2a: Deburas\n|-sidestart|p2: Wiseblood2707|move: Aurora Veil\n|\n|-weather|Snow|[upkeep]\n|upkeep\n|turn|5\n|\n|t:|1699756987\n|switch|p1a: We don't miss u|Toxapex, M|100\/100\n|move|p2a: Deburas|Facade|p1a: We don't miss u\n|-crit|p1a: We don't miss u\n|-damage|p1a: We don't miss u|81\/100\n|\n|-weather|Snow|[upkeep]\n|-heal|p1a: We don't miss u|87\/100|[from] item: Leftovers\n|upkeep\n|turn|6\n|\n|t:|1699756998\n|switch|p2a: Ronaldinho|Articuno|100\/100\n|-ability|p2a: Ronaldinho|Pressure\n|move|p1a: We don't miss u|Toxic|p2a: Ronaldinho\n|-status|p2a: Ronaldinho|tox\n|\n|-weather|Snow|[upkeep]\n|-heal|p1a: We don't miss u|93\/100|[from] item: Leftovers\n|-damage|p2a: Ronaldinho|94\/100 tox|[from] psn\n|upkeep\n|turn|7\n|c| LupinoFTW|Can't stand midladder broooo\n|\n|t:|1699757009\n|move|p1a: We don't miss u|Baneful Bunker|p1a: We don't miss u\n|-singleturn|p1a: We don't miss u|move: Protect\n|move|p2a: Ronaldinho|Freeze-Dry|p1a: We don't miss u\n|-activate|p1a: We don't miss u|move: Protect\n|\n|-weather|none\n|-heal|p1a: We don't miss u|99\/100|[from] item: Leftovers\n|-damage|p2a: Ronaldinho|82\/100 tox|[from] psn\n|upkeep\n|turn|8\n|\n|t:|1699757037\n|move|p2a: Ronaldinho|Freeze-Dry|p1a: We don't miss u\n|-supereffective|p1a: We don't miss u\n|-damage|p1a: We don't miss u|48\/100\n|move|p1a: We don't miss u|Surf|p2a: Ronaldinho\n|-damage|p2a: Ronaldinho|74\/100 tox\n|\n|-heal|p1a: We don't miss u|54\/100|[from] item: Leftovers\n|-damage|p2a: Ronaldinho|56\/100 tox|[from] psn\n|upkeep\n|turn|9\n|\n|t:|1699757049\n|move|p1a: We don't miss u|Baneful Bunker|p1a: We don't miss u\n|-singleturn|p1a: We don't miss u|move: Protect\n|move|p2a: Ronaldinho|Freeze-Dry|p1a: We don't miss u\n|-activate|p1a: We don't miss u|move: Protect\n|\n|-heal|p1a: We don't miss u|60\/100|[from] item: Leftovers\n|-damage|p2a: Ronaldinho|31\/100 tox|[from] psn\n|upkeep\n|turn|10\n|\n|t:|1699757067\n|move|p2a: Ronaldinho|Freeze-Dry|p1a: We don't miss u\n|-supereffective|p1a: We don't miss u\n|-damage|p1a: We don't miss u|13\/100\n|move|p1a: We don't miss u|Recover|p1a: We don't miss u\n|-heal|p1a: We don't miss u|63\/100\n|\n|-heal|p1a: We don't miss u|69\/100|[from] item: Leftovers\n|-damage|p2a: Ronaldinho|0 fnt|[from] psn\n|faint|p2a: Ronaldinho\n|upkeep\n|\n|t:|1699757078\n|switch|p2a: Deburas|Abomasnow, F, tera:Ground|100\/100\n|-weather|Snow|[from] ability: Snow Warning|[of] p2a: Deburas\n|turn|11\n|\n|t:|1699757091\n|move|p2a: Deburas|Wood Hammer|p1a: We don't miss u\n|-damage|p1a: We don't miss u|33\/100\n|-damage|p2a: Deburas|89\/100|[from] Recoil\n|move|p1a: We don't miss u|Toxic|p2a: Deburas\n|-status|p2a: Deburas|tox\n|\n|-weather|Snow|[upkeep]\n|-heal|p1a: We don't miss u|40\/100|[from] item: Leftovers\n|-damage|p2a: Deburas|83\/100 tox|[from] psn\n|-sideend|p2: Wiseblood2707|move: Aurora Veil\n|upkeep\n|turn|12\n|\n|t:|1699757113\n|move|p2a: Deburas|Aurora Veil|p2a: Deburas\n|-sidestart|p2: Wiseblood2707|move: Aurora Veil\n|move|p1a: We don't miss u|Recover|p1a: We don't miss u\n|-heal|p1a: We don't miss u|90\/100\n|\n|-weather|Snow|[upkeep]\n|-heal|p1a: We don't miss u|96\/100|[from] item: Leftovers\n|-damage|p2a: Deburas|71\/100 tox|[from] psn\n|upkeep\n|turn|13\n|\n|t:|1699757135\n|switch|p2a: Shrek|Golem-Alola, F|100\/100\n|move|p1a: We don't miss u|Surf|p2a: Shrek\n|-supereffective|p2a: Shrek\n|-damage|p2a: Shrek|83\/100\n|\n|-weather|Snow|[upkeep]\n|-heal|p1a: We don't miss u|100\/100|[from] item: Leftovers\n|upkeep\n|turn|14\n|\n|t:|1699757144\n|move|p2a: Shrek|Wild Charge|p1a: We don't miss u\n|-supereffective|p1a: We don't miss u\n|-damage|p1a: We don't miss u|48\/100\n|-damage|p2a: Shrek|72\/100|[from] Recoil\n|move|p1a: We don't miss u|Toxic|p2a: Shrek\n|-status|p2a: Shrek|tox\n|\n|-weather|Snow|[upkeep]\n|-heal|p1a: We don't miss u|54\/100|[from] item: Leftovers\n|-damage|p2a: Shrek|66\/100 tox|[from] psn\n|upkeep\n|turn|15\n|c| LuichoX|big agent\n|\n|t:|1699757155\n|move|p1a: We don't miss u|Baneful Bunker|p1a: We don't miss u\n|-singleturn|p1a: We don't miss u|move: Protect\n|move|p2a: Shrek|Stealth Rock|p1a: We don't miss u\n|-sidestart|p1: LuG_18|move: Stealth Rock\n|\n|-weather|none\n|-heal|p1a: We don't miss u|60\/100|[from] item: Leftovers\n|-damage|p2a: Shrek|54\/100 tox|[from] psn\n|upkeep\n|turn|16\n|\n|t:|1699757186\n|move|p2a: Shrek|Wild Charge|p1a: We don't miss u\n|-supereffective|p1a: We don't miss u\n|-damage|p1a: We don't miss u|0 fnt\n|faint|p1a: We don't miss u\n|-damage|p2a: Shrek|41\/100 tox|[from] Recoil\n|\n|-damage|p2a: Shrek|23\/100 tox|[from] psn\n|upkeep\n|\n|t:|1699757189\n|switch|p1a: The Rock|Forretress, F|100\/100\n|-damage|p1a: The Rock|88\/100|[from] Stealth Rock\n|turn|17\n|c| Due Lipa|lug dijo no m\u00e1s cheese y empez\u00f3 a stallear\n|\n|t:|1699757202\n|move|p2a: Shrek|Explosion|p1a: The Rock\n|-resisted|p1a: The Rock\n|-damage|p1a: The Rock|71\/100\n|faint|p2a: Shrek\n|move|p1a: The Rock|Rapid Spin|p2: Shrek|[notarget]\n|-fail|p1a: The Rock\n|\n|-heal|p1a: The Rock|77\/100|[from] item: Leftovers\n|upkeep\n|c| LuichoX|JAJAJAJAJAJAJAJ\n|\n|t:|1699757210\n|switch|p2a: Deburas|Abomasnow, F, tera:Ground|71\/100 tox\n|-weather|Snow|[from] ability: Snow Warning|[of] p2a: Deburas\n|turn|18\n|c| Due Lipa|NO ES GALVANIZE\n|\n|t:|1699757220\n|move|p2a: Deburas|Facade|p1a: The Rock\n|-resisted|p1a: The Rock\n|-damage|p1a: The Rock|66\/100\n|move|p1a: The Rock|Rapid Spin|p2a: Deburas\n|-damage|p2a: Deburas|64\/100 tox\n|-boost|p1a: The Rock|spe|1\n|-sideend|p1: LuG_18|Stealth Rock|[from] move: Rapid Spin|[of] p1a: The Rock\n|\n|-weather|Snow|[upkeep]\n|-heal|p1a: The Rock|72\/100|[from] item: Leftovers\n|-damage|p2a: Deburas|58\/100 tox|[from] psn\n|upkeep\n|turn|19\n|\n|t:|1699757258\n|move|p2a: Deburas|Facade|p1a: The Rock\n|-resisted|p1a: The Rock\n|-damage|p1a: The Rock|62\/100\n|move|p1a: The Rock|Rapid Spin|p2a: Deburas\n|-damage|p2a: Deburas|51\/100 tox\n|-boost|p1a: The Rock|spe|1\n|\n|-weather|Snow|[upkeep]\n|-heal|p1a: The Rock|68\/100|[from] item: Leftovers\n|-damage|p2a: Deburas|39\/100 tox|[from] psn\n|-sideend|p2: Wiseblood2707|move: Aurora Veil\n|upkeep\n|turn|20\n|\n|t:|1699757276\n|move|p1a: The Rock|Spikes|p2a: Deburas\n|-sidestart|p2: Wiseblood2707|Spikes\n|move|p2a: Deburas|Aurora Veil|p2a: Deburas\n|-sidestart|p2: Wiseblood2707|move: Aurora Veil\n|\n|-weather|Snow|[upkeep]\n|-heal|p1a: The Rock|74\/100|[from] item: Leftovers\n|-damage|p2a: Deburas|20\/100 tox|[from] psn\n|upkeep\n|turn|21\n|\n|t:|1699757286\n|move|p1a: The Rock|Spikes|p2a: Deburas\n|-sidestart|p2: Wiseblood2707|Spikes\n|move|p2a: Deburas|Wood Hammer|p1a: The Rock\n|-resisted|p1a: The Rock\n|-damage|p1a: The Rock|67\/100\n|-damage|p2a: Deburas|18\/100 tox|[from] Recoil\n|\n|-weather|Snow|[upkeep]\n|-heal|p1a: The Rock|73\/100|[from] item: Leftovers\n|-damage|p2a: Deburas|0 fnt|[from] psn\n|faint|p2a: Deburas\n|upkeep\n|\n|t:|1699757297\n|switch|p2a: Memill\u00edn|Crawdaunt, F|100\/100\n|-damage|p2a: Memill\u00edn|84\/100|[from] Spikes\n|turn|22\n|\n|t:|1699757314\n|move|p1a: The Rock|Volt Switch|p2a: Memill\u00edn\n|-supereffective|p2a: Memill\u00edn\n|-damage|p2a: Memill\u00edn|68\/100\n|\n|t:|1699757321\n|switch|p1a: Crying Child \ud83d\ude2d|Ogerpon-Wellspring, F|100\/100|[from] Volt Switch\n|move|p2a: Memill\u00edn|Knock Off|p1a: Crying Child \ud83d\ude2d\n|-damage|p1a: Crying Child \ud83d\ude2d|42\/100\n|\n|-weather|none\n|upkeep\n|turn|23\n|\n|t:|1699757335\n|move|p1a: Crying Child \ud83d\ude2d|Horn Leech|p2a: Memill\u00edn\n|-supereffective|p2a: Memill\u00edn\n|-damage|p2a: Memill\u00edn|2\/100\n|-heal|p1a: Crying Child \ud83d\ude2d|72\/100|[from] drain|[of] p2a: Memill\u00edn\n|move|p2a: Memill\u00edn|Knock Off|p1a: Crying Child \ud83d\ude2d\n|-damage|p1a: Crying Child \ud83d\ude2d|14\/100\n|\n|upkeep\n|turn|24\n|\n|t:|1699757347\n|move|p1a: Crying Child \ud83d\ude2d|U-turn|p2a: Memill\u00edn\n|-supereffective|p2a: Memill\u00edn\n|-damage|p2a: Memill\u00edn|0 fnt\n|faint|p2a: Memill\u00edn\n|\n|t:|1699757350\n|switch|p1a: 30secs|Rotom-Heat, shiny|100\/100|[from] U-turn\n|\n|upkeep\n|\n|t:|1699757354\n|switch|p2a: Harambe|Rillaboom, M|100\/100\n|-damage|p2a: Harambe|84\/100|[from] Spikes\n|-fieldstart|move: Grassy Terrain|[from] ability: Grassy Surge|[of] p2a: Harambe\n|turn|25\n|\n|t:|1699757365\n|move|p1a: 30secs|Will-O-Wisp|p2a: Harambe\n|-status|p2a: Harambe|brn\n|move|p2a: Harambe|Knock Off|p1a: 30secs\n|-damage|p1a: 30secs|76\/100\n|-enditem|p1a: 30secs|Choice Scarf|[from] move: Knock Off|[of] p2a: Harambe\n|\n|-heal|p2a: Harambe|90\/100 brn|[from] Grassy Terrain\n|-damage|p2a: Harambe|84\/100 brn|[from] brn\n|upkeep\n|turn|26\n|c| Due Lipa|tira overheat ahora\n|c| LuichoX|COACHING\n|\n|t:|1699757385\n|move|p1a: 30secs|Overheat|p2a: Harambe\n|-supereffective|p2a: Harambe\n|-damage|p2a: Harambe|14\/100 brn\n|-unboost|p1a: 30secs|spa|2\n|move|p2a: Harambe|Wood Hammer|p1a: 30secs\n|-resisted|p1a: 30secs\n|-damage|p1a: 30secs|47\/100\n|-damage|p2a: Harambe|8\/100 brn|[from] Recoil\n|\n|-heal|p2a: Harambe|15\/100 brn|[from] Grassy Terrain\n|-damage|p2a: Harambe|8\/100 brn|[from] brn\n|upkeep\n|turn|27\n|\n|t:|1699757396\n|move|p1a: 30secs|Overheat|p2a: Harambe\n|-supereffective|p2a: Harambe\n|-damage|p2a: Harambe|0 fnt\n|-unboost|p1a: 30secs|spa|2\n|faint|p2a: Harambe\n|\n|win|LuG_18\n|c|\u2606LuG_18|ggs\n|c|\u2606Wiseblood2707|ggs\n|l| Due Lipa\n|l|\u2606Wiseblood2707\n|l|\u2606LuG_18\n","uploadtime":1699757430,"views":11,"p1id":"lug18","p2id":"wiseblood2707","formatid":"gen9ou","rating":0,"private":0,"password":""}