{"id":"gen9ou-1994135268","p1":"Overripe","p2":"ruinationn","format":"[Gen 9] OU","log":"|j|\u2606Overripe\n|j|\u2606ruinationn\n|t:|1700411035\n|gametype|singles\n|player|p1|Overripe|iris-gen5bw2|1421\n|player|p2|ruinationn|cyrus-masters|1396\n|teamsize|p1|6\n|teamsize|p2|6\n|gen|9\n|tier|[Gen 9] OU\n|rated|\n|rule|Sleep Clause Mod: Limit one foe put to sleep\n|rule|Species Clause: Limit one of each Pok\u00e9mon\n|rule|OHKO Clause: OHKO moves are banned\n|rule|Evasion Items Clause: Evasion items are banned\n|rule|Evasion Moves Clause: Evasion moves are banned\n|rule|Endless Battle Clause: Forcing endless battles is banned\n|rule|HP Percentage Mod: HP is shown in percentages\n|clearpoke\n|poke|p1|Pelipper, M|\n|poke|p1|Rillaboom, M|\n|poke|p1|Sneasler, F|\n|poke|p1|Barraskewda, M|\n|poke|p1|Zapdos|\n|poke|p1|Cinderace, M|\n|poke|p2|Rillaboom, M|\n|poke|p2|Sneasler, M|\n|poke|p2|Samurott-Hisui, F|\n|poke|p2|Gholdengo|\n|poke|p2|Kingambit, F|\n|poke|p2|Cinderace, F|\n|teampreview\n|inactive|Battle timer is ON: inactive players will automatically lose when time's up. (requested by Overripe)\n|\n|t:|1700411067\n|start\n|switch|p1a: \u98a8\u3068\u96f2|Zapdos, shiny|100\/100\n|switch|p2a: Samurott|Samurott-Hisui, F|100\/100\n|turn|1\n|\n|t:|1700411069\n|move|p1a: \u98a8\u3068\u96f2|Volt Switch|p2a: Samurott\n|-supereffective|p2a: Samurott\n|-damage|p2a: Samurott|0 fnt\n|faint|p2a: Samurott\n|n|\u2606ruinationn|ruinationn\n|\n|t:|1700411086\n|switch|p1a: Messi|Cinderace, M, shiny|100\/100|[from] Volt Switch\n|\n|upkeep\n|\n|t:|1700411094\n|switch|p2a: Cinderace|Cinderace, F|100\/100\n|turn|2\n|c|\u2606Overripe|No luck for your sneasler here.\n|\n|t:|1700411117\n|move|p1a: Messi|High Jump Kick|p2a: Cinderace\n|-start|p1a: Messi|typechange|Fighting|[from] ability: Libero\n|-crit|p2a: Cinderace\n|-damage|p2a: Cinderace|0 fnt\n|faint|p2a: Cinderace\n|\n|upkeep\n|\n|t:|1700411140\n|switch|p2a: Kingambit|Kingambit, F|100\/100\n|-activate|p2a: Kingambit|ability: Supreme Overlord\n|-start|p2a: Kingambit|fallen2|[silent]\n|turn|3\n|\n|t:|1700411151\n|switch|p1a: \u7dd1\u725b|Rillaboom, M, shiny|100\/100\n|-fieldstart|move: Grassy Terrain|[from] ability: Grassy Surge|[of] p1a: \u7dd1\u725b\n|-end|p2a: Kingambit|fallen2|[silent]\n|switch|p2a: Gholdengo|Gholdengo|100\/100\n|\n|upkeep\n|turn|4\n|\n|t:|1700411160\n|switch|p2a: Sneasler|Sneasler, M|100\/100\n|-enditem|p2a: Sneasler|Grassy Seed\n|-boost|p2a: Sneasler|def|1|[from] item: Grassy Seed\n|move|p1a: \u7dd1\u725b|Knock Off|p2a: Sneasler\n|-resisted|p2a: Sneasler\n|-damage|p2a: Sneasler|86\/100\n|\n|-heal|p2a: Sneasler|92\/100|[from] Grassy Terrain\n|upkeep\n|turn|5\n|\n|t:|1700411180\n|move|p1a: \u7dd1\u725b|Grassy Glide|p2a: Sneasler\n|-resisted|p2a: Sneasler\n|-damage|p2a: Sneasler|71\/100\n|move|p2a: Sneasler|Dire Claw|p1a: \u7dd1\u725b\n|-supereffective|p1a: \u7dd1\u725b\n|-damage|p1a: \u7dd1\u725b|14\/100\n|\n|-heal|p2a: Sneasler|77\/100|[from] Grassy Terrain\n|-heal|p1a: \u7dd1\u725b|21\/100|[from] Grassy Terrain\n|upkeep\n|turn|6\n|\n|t:|1700411183\n|move|p1a: \u7dd1\u725b|Grassy Glide|p2a: Sneasler\n|-resisted|p2a: Sneasler\n|-damage|p2a: Sneasler|55\/100\n|move|p2a: Sneasler|Swords Dance|p2a: Sneasler\n|-boost|p2a: Sneasler|atk|2\n|\n|-heal|p2a: Sneasler|61\/100|[from] Grassy Terrain\n|-heal|p1a: \u7dd1\u725b|27\/100|[from] Grassy Terrain\n|upkeep\n|turn|7\n|\n|t:|1700411185\n|move|p1a: \u7dd1\u725b|Grassy Glide|p2a: Sneasler\n|-resisted|p2a: Sneasler\n|-damage|p2a: Sneasler|39\/100\n|move|p2a: Sneasler|Dire Claw|p1a: \u7dd1\u725b\n|-supereffective|p1a: \u7dd1\u725b\n|-damage|p1a: \u7dd1\u725b|0 fnt\n|faint|p1a: \u7dd1\u725b\n|\n|-heal|p2a: Sneasler|45\/100|[from] Grassy Terrain\n|-fieldend|move: Grassy Terrain\n|upkeep\n|\n|t:|1700411192\n|switch|p1a: \u30d3\u30c3\u30b0\u30cb\u30e5\u30fc\u30b9|Pelipper, M, shiny|100\/100\n|-weather|RainDance|[from] ability: Drizzle|[of] p1a: \u30d3\u30c3\u30b0\u30cb\u30e5\u30fc\u30b9\n|turn|8\n|\n|t:|1700411197\n|-terastallize|p1a: \u30d3\u30c3\u30b0\u30cb\u30e5\u30fc\u30b9|Steel\n|move|p2a: Sneasler|Dire Claw|p1a: \u30d3\u30c3\u30b0\u30cb\u30e5\u30fc\u30b9\n|-immune|p1a: \u30d3\u30c3\u30b0\u30cb\u30e5\u30fc\u30b9\n|move|p1a: \u30d3\u30c3\u30b0\u30cb\u30e5\u30fc\u30b9|Hurricane|p2a: Sneasler\n|-supereffective|p2a: Sneasler\n|-damage|p2a: Sneasler|0 fnt\n|faint|p2a: Sneasler\n|\n|-weather|RainDance|[upkeep]\n|upkeep\n|-message|ruinationn forfeited.\n|\n|win|Overripe\n|raw|Overripe's rating: 1421 &rarr; <strong>1440<\/strong><br \/>(+19 for winning)\n|raw|ruinationn's rating: 1396 &rarr; <strong>1377<\/strong><br \/>(-19 for losing)\n|l|\u2606ruinationn\n|c|\u2606Overripe|Good try tho\n","uploadtime":1700411213,"views":7,"p1id":"overripe","p2id":"ruinationn","formatid":"gen9ou","rating":1377,"private":0,"password":""}