{"id":"gen9ou-1989275289","p1":"Fazykins","p2":"Barbruh67","format":"[Gen 9] OU","log":"|j|\u2606Fazykins\n|j|\u2606Barbruh67\n|t:|1699830755\n|gametype|singles\n|player|p1|Fazykins|169|1180\n|player|p2|Barbruh67|harlequin|1222\n|teamsize|p1|6\n|teamsize|p2|6\n|gen|9\n|tier|[Gen 9] OU\n|rated|\n|rule|Sleep Clause Mod: Limit one foe put to sleep\n|rule|Species Clause: Limit one of each Pok\u00e9mon\n|rule|OHKO Clause: OHKO moves are banned\n|rule|Evasion Items Clause: Evasion items are banned\n|rule|Evasion Moves Clause: Evasion moves are banned\n|rule|Endless Battle Clause: Forcing endless battles is banned\n|rule|HP Percentage Mod: HP is shown in percentages\n|clearpoke\n|poke|p1|Pelipper, M|\n|poke|p1|Floatzel, M|\n|poke|p1|Zapdos|\n|poke|p1|Rillaboom, M|\n|poke|p1|Clodsire, M|\n|poke|p1|Manaphy|\n|poke|p2|Kingambit, F|\n|poke|p2|Hatterene, F|\n|poke|p2|Dondozo, F|\n|poke|p2|Gholdengo|\n|poke|p2|Great Tusk|\n|poke|p2|Ribombee, F|\n|teampreview\n|inactive|Battle timer is ON: inactive players will automatically lose when time's up. (requested by Barbruh67)\n|\n|t:|1699830773\n|start\n|switch|p1a: Pelipper|Pelipper, M|100\/100\n|switch|p2a: Ribombee|Ribombee, F|100\/100\n|-weather|RainDance|[from] ability: Drizzle|[of] p1a: Pelipper\n|turn|1\n|\n|t:|1699830781\n|move|p2a: Ribombee|Sticky Web|p1a: Pelipper\n|-sidestart|p1: Fazykins|move: Sticky Web\n|move|p1a: Pelipper|U-turn|p2a: Ribombee\n|-resisted|p2a: Ribombee\n|-damage|p2a: Ribombee|93\/100\n|\n|t:|1699830784\n|switch|p1a: Zapdos|Zapdos|100\/100|[from] U-turn\n|\n|-weather|RainDance|[upkeep]\n|upkeep\n|turn|2\n|c|\u2606Fazykins|I uh\n|c|\u2606Fazykins|forgot my 4th move\n|c|\u2606Fazykins|tragedy but fuck it we ball\n|inactive|Fazykins has 120 seconds left.\n|\n|t:|1699830814\n|move|p2a: Ribombee|Quiver Dance|p2a: Ribombee\n|-boost|p2a: Ribombee|spa|1\n|-boost|p2a: Ribombee|spd|1\n|-boost|p2a: Ribombee|spe|1\n|move|p1a: Zapdos|Hurricane|p2a: Ribombee\n|-supereffective|p2a: Ribombee\n|-damage|p2a: Ribombee|0 fnt\n|faint|p2a: Ribombee\n|\n|-weather|RainDance|[upkeep]\n|upkeep\n|\n|t:|1699830827\n|switch|p2a: Hatterene|Hatterene, F|100\/100\n|turn|3\n|\n|t:|1699830833\n|move|p1a: Zapdos|Hurricane|p2a: Hatterene\n|-damage|p2a: Hatterene|42\/100\n|move|p2a: Hatterene|Calm Mind|p2a: Hatterene\n|-boost|p2a: Hatterene|spa|1\n|-boost|p2a: Hatterene|spd|1\n|\n|-weather|RainDance|[upkeep]\n|-heal|p2a: Hatterene|48\/100|[from] item: Leftovers\n|upkeep\n|turn|4\n|\n|t:|1699830840\n|move|p1a: Zapdos|Hurricane|p2a: Hatterene\n|-damage|p2a: Hatterene|4\/100\n|move|p2a: Hatterene|Draining Kiss|p1a: Zapdos\n|-damage|p1a: Zapdos|70\/100\n|-heal|p2a: Hatterene|31\/100|[from] drain|[of] p1a: Zapdos\n|\n|-weather|RainDance|[upkeep]\n|-heal|p2a: Hatterene|37\/100|[from] item: Leftovers\n|upkeep\n|turn|5\n|\n|t:|1699830849\n|move|p1a: Zapdos|Thunder|p2a: Hatterene\n|-damage|p2a: Hatterene|0 fnt\n|faint|p2a: Hatterene\n|\n|-weather|RainDance|[upkeep]\n|upkeep\n|\n|t:|1699830853\n|switch|p2a: Great Tusk|Great Tusk|100\/100\n|turn|6\n|\n|t:|1699830858\n|move|p1a: Zapdos|Hurricane|p2a: Great Tusk\n|-supereffective|p2a: Great Tusk\n|-damage|p2a: Great Tusk|0 fnt\n|faint|p2a: Great Tusk\n|-end|p2a: Great Tusk|Protosynthesis|[silent]\n|\n|-weather|RainDance|[upkeep]\n|upkeep\n|\n|t:|1699830873\n|switch|p2a: Dondozo|Dondozo, F|100\/100\n|turn|7\n|\n|t:|1699830876\n|move|p1a: Zapdos|Thunder|p2a: Dondozo\n|-supereffective|p2a: Dondozo\n|-damage|p2a: Dondozo|0 fnt\n|faint|p2a: Dondozo\n|\n|-weather|RainDance|[upkeep]\n|upkeep\n|\n|t:|1699830878\n|switch|p2a: Gholdengo|Gholdengo|100\/100\n|turn|8\n|\n|t:|1699830886\n|move|p1a: Zapdos|Thunder|p2a: Gholdengo\n|-damage|p2a: Gholdengo|38\/100\n|move|p2a: Gholdengo|Make It Rain|p1a: Zapdos\n|-resisted|p1a: Zapdos\n|-damage|p1a: Zapdos|38\/100\n|-unboost|p2a: Gholdengo|spa|1\n|\n|-weather|none\n|upkeep\n|turn|9\n|\n|t:|1699830904\n|move|p1a: Zapdos|Thunder|p2a: Gholdengo|[miss]\n|-miss|p1a: Zapdos|p2a: Gholdengo\n|move|p2a: Gholdengo|Recover|p2a: Gholdengo\n|-heal|p2a: Gholdengo|88\/100\n|\n|upkeep\n|turn|10\n|\n|t:|1699830918\n|switch|p1a: Pelipper|Pelipper, M|100\/100\n|-weather|RainDance|[from] ability: Drizzle|[of] p1a: Pelipper\n|move|p2a: Gholdengo|Nasty Plot|p2a: Gholdengo\n|-boost|p2a: Gholdengo|spa|2\n|\n|-weather|RainDance|[upkeep]\n|upkeep\n|turn|11\n|\n|t:|1699830929\n|move|p2a: Gholdengo|Nasty Plot|p2a: Gholdengo\n|-boost|p2a: Gholdengo|spa|2\n|move|p1a: Pelipper|Hydro Pump|p2a: Gholdengo\n|-damage|p2a: Gholdengo|31\/100\n|\n|-weather|RainDance|[upkeep]\n|upkeep\n|turn|12\n|\n|t:|1699830940\n|move|p2a: Gholdengo|Shadow Ball|p1a: Pelipper\n|-damage|p1a: Pelipper|0 fnt\n|faint|p1a: Pelipper\n|\n|-weather|RainDance|[upkeep]\n|upkeep\n|\n|t:|1699830943\n|switch|p1a: Floatzel|Floatzel, M|100\/100\n|-activate|p1a: Floatzel|move: Sticky Web\n|-unboost|p1a: Floatzel|spe|1\n|turn|13\n|\n|t:|1699830950\n|move|p1a: Floatzel|Flip Turn|p2a: Gholdengo\n|-damage|p2a: Gholdengo|0 fnt\n|faint|p2a: Gholdengo\n|\n|t:|1699830957\n|switch|p1a: Zapdos|Zapdos|38\/100|[from] Flip Turn\n|\n|-weather|RainDance|[upkeep]\n|upkeep\n|\n|t:|1699830968\n|switch|p2a: Kingambit|Kingambit, F|100\/100\n|-activate|p2a: Kingambit|ability: Supreme Overlord\n|-start|p2a: Kingambit|fallen5|[silent]\n|turn|14\n|\n|t:|1699830976\n|move|p2a: Kingambit|Sucker Punch||[still]\n|-fail|p2a: Kingambit\n|move|p1a: Zapdos|Thunder Wave|p2a: Kingambit\n|-status|p2a: Kingambit|par\n|\n|-weather|RainDance|[upkeep]\n|upkeep\n|turn|15\n|\n|t:|1699830983\n|move|p1a: Zapdos|Roost|p1a: Zapdos\n|-heal|p1a: Zapdos|88\/100\n|-singleturn|p1a: Zapdos|move: Roost\n|move|p2a: Kingambit|Kowtow Cleave|p1a: Zapdos\n|-damage|p1a: Zapdos|10\/100\n|\n|-weather|RainDance|[upkeep]\n|upkeep\n|turn|16\n|\n|t:|1699830990\n|move|p2a: Kingambit|Sucker Punch|p1a: Zapdos\n|-damage|p1a: Zapdos|0 fnt\n|faint|p1a: Zapdos\n|\n|-weather|RainDance|[upkeep]\n|upkeep\n|\n|t:|1699830993\n|switch|p1a: Floatzel|Floatzel, M|100\/100\n|-activate|p1a: Floatzel|move: Sticky Web\n|-unboost|p1a: Floatzel|spe|1\n|turn|17\n|\n|t:|1699830999\n|-terastallize|p1a: Floatzel|Water\n|cant|p2a: Kingambit|par\n|move|p1a: Floatzel|Wave Crash|p2a: Kingambit\n|-damage|p2a: Kingambit|0 fnt\n|faint|p2a: Kingambit\n|-end|p2a: Kingambit|fallen5|[silent]\n|-damage|p1a: Floatzel|58\/100|[from] Recoil\n|\n|win|Fazykins\n|raw|Fazykins's rating: 1180 &rarr; <strong>1208<\/strong><br \/>(+28 for winning)\n|raw|Barbruh67's rating: 1222 &rarr; <strong>1194<\/strong><br \/>(-28 for losing)\n|l|\u2606Barbruh67\n|c|\u2606Fazykins|Well\n","uploadtime":1699831021,"views":14,"p1id":"fazykins","p2id":"barbruh67","formatid":"gen9ou","rating":1194,"private":0,"password":""}