{"id":"gen9ou-1999855432","p1":"anatomy&physiology","p2":"ocokdncd","format":"[Gen 9] OU","log":"|j|\u2606anatomy&physiology\n|j|\u2606ocokdncd\n|t:|1701123163\n|gametype|singles\n|player|p1|anatomy&physiology|101|1055\n|player|p2|ocokdncd|bellelba|1000\n|teamsize|p1|6\n|teamsize|p2|6\n|gen|9\n|tier|[Gen 9] OU\n|rated|\n|rule|Sleep Clause Mod: Limit one foe put to sleep\n|rule|Species Clause: Limit one of each Pok\u00e9mon\n|rule|OHKO Clause: OHKO moves are banned\n|rule|Evasion Items Clause: Evasion items are banned\n|rule|Evasion Moves Clause: Evasion moves are banned\n|rule|Endless Battle Clause: Forcing endless battles is banned\n|rule|HP Percentage Mod: HP is shown in percentages\n|clearpoke\n|poke|p1|Greninja-*, M|\n|poke|p1|Pelipper, F|\n|poke|p1|Zapdos|\n|poke|p1|Floatzel, M|\n|poke|p1|Amoonguss, F|\n|poke|p1|Kingambit, M|\n|poke|p2|Dragapult, F|\n|poke|p2|Great Tusk|\n|poke|p2|Greninja-*, M|\n|poke|p2|Moltres|\n|poke|p2|Clodsire, F|\n|poke|p2|Cresselia, F|\n|teampreview\n|\n|t:|1701123179\n|start\n|switch|p1a: Greninja|Greninja, M|100\/100\n|switch|p2a: Genoide|Dragapult, F|100\/100\n|turn|1\n|\n|t:|1701123186\n|move|p2a: Genoide|Dragon Darts|p1a: Greninja\n|-damage|p1a: Greninja|35\/100\n|-anim|p2a: Genoide|Dragon Darts|p1a: Greninja\n|-damage|p1a: Greninja|0 fnt\n|faint|p1a: Greninja\n|\n|upkeep\n|\n|t:|1701123193\n|switch|p1a: Kingambit|Kingambit, M|100\/100\n|-activate|p1a: Kingambit|ability: Supreme Overlord\n|-start|p1a: Kingambit|fallen1|[silent]\n|turn|2\n|\n|t:|1701123198\n|switch|p2a: Uno Dos Moltres|Moltres|100\/100\n|move|p1a: Kingambit|Sucker Punch||[still]\n|-fail|p1a: Kingambit\n|\n|upkeep\n|turn|3\n|\n|t:|1701123203\n|-end|p1a: Kingambit|fallen1|[silent]\n|switch|p1a: Pelipper|Pelipper, F|100\/100\n|-weather|RainDance|[from] ability: Drizzle|[of] p1a: Pelipper\n|move|p2a: Uno Dos Moltres|Will-O-Wisp|p1a: Pelipper\n|-status|p1a: Pelipper|brn\n|\n|-weather|RainDance|[upkeep]\n|-damage|p1a: Pelipper|94\/100 brn|[from] brn\n|upkeep\n|turn|4\n|\n|t:|1701123211\n|move|p1a: Pelipper|Chilling Water|p2a: Uno Dos Moltres\n|-supereffective|p2a: Uno Dos Moltres\n|-damage|p2a: Uno Dos Moltres|47\/100\n|-unboost|p2a: Uno Dos Moltres|atk|1\n|move|p2a: Uno Dos Moltres|U-turn|p1a: Pelipper\n|-resisted|p1a: Pelipper\n|-damage|p1a: Pelipper|89\/100 brn\n|\n|t:|1701123219\n|switch|p2a: Genoide|Dragapult, F|100\/100|[from] U-turn\n|\n|-weather|RainDance|[upkeep]\n|-damage|p1a: Pelipper|83\/100 brn|[from] brn\n|upkeep\n|turn|5\n|\n|t:|1701123226\n|switch|p1a: Kingambit|Kingambit, M|100\/100\n|-activate|p1a: Kingambit|ability: Supreme Overlord\n|-start|p1a: Kingambit|fallen1|[silent]\n|move|p2a: Genoide|Dragon Darts|p1a: Kingambit\n|-resisted|p1a: Kingambit\n|-damage|p1a: Kingambit|85\/100\n|-anim|p2a: Genoide|Dragon Darts|p1a: Kingambit\n|-resisted|p1a: Kingambit\n|-damage|p1a: Kingambit|70\/100\n|\n|-weather|RainDance|[upkeep]\n|upkeep\n|turn|6\n|\n|t:|1701123231\n|switch|p2a: Agency|Great Tusk|100\/100\n|move|p1a: Kingambit|Kowtow Cleave|p2a: Agency\n|-resisted|p2a: Agency\n|-damage|p2a: Agency|80\/100\n|\n|-weather|RainDance|[upkeep]\n|-heal|p2a: Agency|87\/100|[from] item: Leftovers\n|upkeep\n|turn|7\n|\n|t:|1701123250\n|-end|p1a: Kingambit|fallen1|[silent]\n|switch|p1a: Zapdos|Zapdos|100\/100\n|move|p2a: Agency|Stealth Rock|p1a: Zapdos\n|-sidestart|p1: anatomy&physiology|move: Stealth Rock\n|\n|-weather|RainDance|[upkeep]\n|-heal|p2a: Agency|93\/100|[from] item: Leftovers\n|upkeep\n|turn|8\n|\n|t:|1701123258\n|-end|p2a: Agency|Protosynthesis|[silent]\n|switch|p2a: Bonogoat|Cresselia, F|100\/100\n|move|p1a: Zapdos|Tailwind|p1a: Zapdos\n|-sidestart|p1: anatomy&physiology|move: Tailwind\n|\n|-weather|RainDance|[upkeep]\n|upkeep\n|turn|9\n|\n|t:|1701123273\n|switch|p1a: Kingambit|Kingambit, M|70\/100\n|-damage|p1a: Kingambit|64\/100|[from] Stealth Rock\n|-activate|p1a: Kingambit|ability: Supreme Overlord\n|-start|p1a: Kingambit|fallen1|[silent]\n|move|p2a: Bonogoat|Moonblast|p1a: Kingambit\n|-damage|p1a: Kingambit|47\/100\n|-unboost|p1a: Kingambit|spa|1\n|\n|-weather|RainDance|[upkeep]\n|upkeep\n|turn|10\n|\n|t:|1701123284\n|switch|p2a: Agency|Great Tusk|93\/100\n|move|p1a: Kingambit|Kowtow Cleave|p2a: Agency\n|-resisted|p2a: Agency\n|-damage|p2a: Agency|73\/100\n|\n|-weather|none\n|-heal|p2a: Agency|80\/100|[from] item: Leftovers\n|upkeep\n|turn|11\n|\n|t:|1701123290\n|-end|p1a: Kingambit|fallen1|[silent]\n|switch|p1a: Pelipper|Pelipper, F|83\/100 brn\n|-damage|p1a: Pelipper|58\/100 brn|[from] Stealth Rock\n|-weather|RainDance|[from] ability: Drizzle|[of] p1a: Pelipper\n|move|p2a: Agency|Knock Off|p1a: Pelipper\n|-damage|p1a: Pelipper|29\/100 brn\n|-enditem|p1a: Pelipper|Damp Rock|[from] move: Knock Off|[of] p2a: Agency\n|\n|-weather|RainDance|[upkeep]\n|-heal|p2a: Agency|86\/100|[from] item: Leftovers\n|-damage|p1a: Pelipper|23\/100 brn|[from] brn\n|-sideend|p1: anatomy&physiology|move: Tailwind\n|upkeep\n|turn|12\n|\n|t:|1701123299\n|-end|p2a: Agency|Protosynthesis|[silent]\n|switch|p2a: Bonogoat|Cresselia, F|100\/100\n|move|p1a: Pelipper|Chilling Water|p2a: Bonogoat\n|-damage|p2a: Bonogoat|83\/100\n|-unboost|p2a: Bonogoat|atk|1\n|\n|-weather|RainDance|[upkeep]\n|-heal|p2a: Bonogoat|89\/100|[from] item: Leftovers\n|-damage|p1a: Pelipper|17\/100 brn|[from] brn\n|upkeep\n|turn|13\n|\n|t:|1701123307\n|move|p2a: Bonogoat|Moonblast|p1a: Pelipper\n|-damage|p1a: Pelipper|0 fnt\n|faint|p1a: Pelipper\n|\n|-weather|RainDance|[upkeep]\n|-heal|p2a: Bonogoat|96\/100|[from] item: Leftovers\n|upkeep\n|\n|t:|1701123309\n|switch|p1a: Kingambit|Kingambit, M|47\/100\n|-damage|p1a: Kingambit|41\/100|[from] Stealth Rock\n|-activate|p1a: Kingambit|ability: Supreme Overlord\n|-start|p1a: Kingambit|fallen2|[silent]\n|turn|14\n|\n|t:|1701123318\n|switch|p2a: Agency|Great Tusk|86\/100\n|move|p1a: Kingambit|Kowtow Cleave|p2a: Agency\n|-resisted|p2a: Agency\n|-damage|p2a: Agency|61\/100\n|\n|-weather|RainDance|[upkeep]\n|-heal|p2a: Agency|67\/100|[from] item: Leftovers\n|upkeep\n|turn|15\n|\n|t:|1701123327\n|-end|p1a: Kingambit|fallen2|[silent]\n|switch|p1a: Amoonguss|Amoonguss, F|100\/100\n|-damage|p1a: Amoonguss|88\/100|[from] Stealth Rock\n|move|p2a: Agency|Rapid Spin|p1a: Amoonguss\n|-damage|p1a: Amoonguss|76\/100\n|-boost|p2a: Agency|spe|1\n|\n|-weather|RainDance|[upkeep]\n|-heal|p2a: Agency|73\/100|[from] item: Leftovers\n|-heal|p1a: Amoonguss|82\/100|[from] item: Leftovers\n|upkeep\n|turn|16\n|\n|t:|1701123333\n|-end|p2a: Agency|Protosynthesis|[silent]\n|switch|p2a: Uno Dos Moltres|Moltres|47\/100\n|move|p1a: Amoonguss|Giga Drain|p2a: Uno Dos Moltres\n|-resisted|p2a: Uno Dos Moltres\n|-damage|p2a: Uno Dos Moltres|42\/100\n|-heal|p1a: Amoonguss|85\/100|[from] drain|[of] p2a: Uno Dos Moltres\n|\n|-weather|RainDance|[upkeep]\n|-heal|p1a: Amoonguss|91\/100|[from] item: Leftovers\n|upkeep\n|turn|17\n|\n|t:|1701123348\n|switch|p1a: Zapdos|Zapdos|100\/100\n|move|p2a: Uno Dos Moltres|Roost|p2a: Uno Dos Moltres\n|-heal|p2a: Uno Dos Moltres|92\/100\n|-singleturn|p2a: Uno Dos Moltres|move: Roost\n|\n|-weather|RainDance|[upkeep]\n|upkeep\n|turn|18\n|\n|t:|1701123356\n|switch|p2a: Bonogoat|Cresselia, F|96\/100\n|move|p1a: Zapdos|Hurricane|p2a: Bonogoat\n|-damage|p2a: Bonogoat|58\/100\n|-start|p2a: Bonogoat|confusion\n|\n|-weather|none\n|-heal|p2a: Bonogoat|64\/100|[from] item: Leftovers\n|upkeep\n|turn|19\n|\n|t:|1701123365\n|switch|p2a: Gamakishi|Greninja, M|100\/100\n|move|p1a: Zapdos|Volt Switch|p2a: Gamakishi\n|-supereffective|p2a: Gamakishi\n|-damage|p2a: Gamakishi|0 fnt\n|faint|p2a: Gamakishi\n|\n|t:|1701123380\n|switch|p1a: Amoonguss|Amoonguss, F|100\/100|[from] Volt Switch\n|-damage|p1a: Amoonguss|88\/100|[from] Stealth Rock\n|\n|-heal|p1a: Amoonguss|94\/100|[from] item: Leftovers\n|upkeep\n|\n|t:|1701123387\n|switch|p2a: Genoide|Dragapult, F|100\/100\n|turn|20\n|\n|t:|1701123390\n|-terastallize|p1a: Amoonguss|Dark\n|move|p2a: Genoide|Dragon Darts|p1a: Amoonguss\n|-damage|p1a: Amoonguss|63\/100\n|-anim|p2a: Genoide|Dragon Darts|p1a: Amoonguss\n|-damage|p1a: Amoonguss|29\/100\n|move|p1a: Amoonguss|Foul Play|p2a: Genoide\n|-supereffective|p2a: Genoide\n|-damage|p2a: Genoide|0 fnt\n|faint|p2a: Genoide\n|\n|-heal|p1a: Amoonguss|35\/100|[from] item: Leftovers\n|upkeep\n|\n|t:|1701123400\n|switch|p2a: Uno Dos Moltres|Moltres|92\/100\n|turn|21\n|\n|t:|1701123412\n|switch|p1a: Zapdos|Zapdos|100\/100\n|move|p2a: Uno Dos Moltres|U-turn|p1a: Zapdos\n|-resisted|p1a: Zapdos\n|-damage|p1a: Zapdos|93\/100\n|\n|t:|1701123416\n|switch|p2a: Bonogoat|Cresselia, F|64\/100|[from] U-turn\n|\n|-heal|p2a: Bonogoat|71\/100|[from] item: Leftovers\n|upkeep\n|turn|22\n|\n|t:|1701123425\n|move|p2a: Bonogoat|Calm Mind|p2a: Bonogoat\n|-boost|p2a: Bonogoat|spa|1\n|-boost|p2a: Bonogoat|spd|1\n|move|p1a: Zapdos|Hurricane|p2a: Bonogoat|[miss]\n|-miss|p1a: Zapdos|p2a: Bonogoat\n|\n|-heal|p2a: Bonogoat|77\/100|[from] item: Leftovers\n|upkeep\n|turn|23\n|\n|t:|1701123432\n|move|p2a: Bonogoat|Moonblast|p1a: Zapdos\n|-damage|p1a: Zapdos|66\/100\n|-unboost|p1a: Zapdos|spa|1\n|move|p1a: Zapdos|Hurricane|p2a: Bonogoat\n|-damage|p2a: Bonogoat|57\/100\n|\n|-heal|p2a: Bonogoat|64\/100|[from] item: Leftovers\n|upkeep\n|turn|24\n|\n|t:|1701123443\n|move|p2a: Bonogoat|Calm Mind|p2a: Bonogoat\n|-boost|p2a: Bonogoat|spa|1\n|-boost|p2a: Bonogoat|spd|1\n|move|p1a: Zapdos|Hurricane|p2a: Bonogoat\n|-damage|p2a: Bonogoat|50\/100\n|\n|-heal|p2a: Bonogoat|56\/100|[from] item: Leftovers\n|upkeep\n|turn|25\n|\n|t:|1701123450\n|move|p2a: Bonogoat|Calm Mind|p2a: Bonogoat\n|-boost|p2a: Bonogoat|spa|1\n|-boost|p2a: Bonogoat|spd|1\n|move|p1a: Zapdos|Hurricane|p2a: Bonogoat|[miss]\n|-miss|p1a: Zapdos|p2a: Bonogoat\n|\n|-heal|p2a: Bonogoat|62\/100|[from] item: Leftovers\n|upkeep\n|turn|26\n|inactive|Battle timer is ON: inactive players will automatically lose when time's up. (requested by ocokdncd)\n|\n|t:|1701123478\n|move|p2a: Bonogoat|Stored Power|p1a: Zapdos\n|-damage|p1a: Zapdos|0 fnt\n|faint|p1a: Zapdos\n|\n|-heal|p2a: Bonogoat|68\/100|[from] item: Leftovers\n|upkeep\n|\n|t:|1701123480\n|switch|p1a: Kingambit|Kingambit, M|41\/100\n|-damage|p1a: Kingambit|35\/100|[from] Stealth Rock\n|-activate|p1a: Kingambit|ability: Supreme Overlord\n|-start|p1a: Kingambit|fallen3|[silent]\n|turn|27\n|\n|t:|1701123500\n|-terastallize|p2a: Bonogoat|Poison\n|move|p1a: Kingambit|Sucker Punch|p2a: Bonogoat\n|-damage|p2a: Bonogoat|10\/100\n|move|p2a: Bonogoat|Moonblast|p1a: Kingambit\n|-damage|p1a: Kingambit|0 fnt\n|faint|p1a: Kingambit\n|-end|p1a: Kingambit|fallen3|[silent]\n|\n|-heal|p2a: Bonogoat|16\/100|[from] item: Leftovers\n|upkeep\n|\n|t:|1701123504\n|switch|p1a: Floatzel|Floatzel, M|100\/100\n|-damage|p1a: Floatzel|88\/100|[from] Stealth Rock\n|turn|28\n|\n|t:|1701123507\n|switch|p2a: A thing.|Clodsire, F|100\/100\n|move|p1a: Floatzel|Aqua Jet|p2a: A thing.\n|-immune|p2a: A thing.|[from] ability: Water Absorb\n|\n|upkeep\n|turn|29\n|\n|t:|1701123514\n|switch|p1a: Amoonguss|Amoonguss, F, tera:Dark|68\/100\n|-damage|p1a: Amoonguss|56\/100|[from] Stealth Rock\n|move|p2a: A thing.|Toxic|p1a: Amoonguss\n|-status|p1a: Amoonguss|tox\n|\n|-heal|p1a: Amoonguss|62\/100 tox|[from] item: Leftovers\n|-damage|p1a: Amoonguss|56\/100 tox|[from] psn\n|upkeep\n|turn|30\n|inactive|anatomy&physiology has 120 seconds left.\n|\n|t:|1701123545\n|switch|p2a: Uno Dos Moltres|Moltres|92\/100\n|move|p1a: Amoonguss|Spore|p2a: Uno Dos Moltres\n|-status|p2a: Uno Dos Moltres|slp|[from] move: Spore\n|\n|-heal|p1a: Amoonguss|62\/100 tox|[from] item: Leftovers\n|-damage|p1a: Amoonguss|50\/100 tox|[from] psn\n|upkeep\n|turn|31\n|\n|t:|1701123551\n|switch|p2a: A thing.|Clodsire, F|100\/100\n|switch|p1a: Floatzel|Floatzel, M|88\/100\n|-damage|p1a: Floatzel|75\/100|[from] Stealth Rock\n|\n|upkeep\n|turn|32\n|\n|t:|1701123557\n|move|p1a: Floatzel|Ice Spinner|p2a: A thing.\n|-supereffective|p2a: A thing.\n|-damage|p2a: A thing.|9\/100\n|move|p2a: A thing.|Toxic|p1a: Floatzel\n|-status|p1a: Floatzel|tox\n|\n|-damage|p1a: Floatzel|69\/100 tox|[from] psn\n|upkeep\n|turn|33\n|\n|t:|1701123563\n|switch|p2a: Uno Dos Moltres|Moltres|92\/100 slp\n|move|p1a: Floatzel|Ice Spinner|p2a: Uno Dos Moltres\n|-damage|p2a: Uno Dos Moltres|64\/100 slp\n|\n|-damage|p1a: Floatzel|57\/100 tox|[from] psn\n|upkeep\n|turn|34\n|\n|t:|1701123569\n|switch|p1a: Amoonguss|Amoonguss, F, tera:Dark|83\/100 tox\n|-damage|p1a: Amoonguss|70\/100 tox|[from] Stealth Rock\n|cant|p2a: Uno Dos Moltres|slp\n|\n|-heal|p1a: Amoonguss|77\/100 tox|[from] item: Leftovers\n|-damage|p1a: Amoonguss|70\/100 tox|[from] psn\n|upkeep\n|turn|35\n|\n|t:|1701123575\n|switch|p2a: A thing.|Clodsire, F|9\/100\n|move|p1a: Amoonguss|Giga Drain|p2a: A thing.\n|-damage|p2a: A thing.|0 fnt\n|-heal|p1a: Amoonguss|75\/100 tox|[from] drain|[of] p2a: A thing.\n|faint|p2a: A thing.\n|\n|-heal|p1a: Amoonguss|82\/100 tox|[from] item: Leftovers\n|-damage|p1a: Amoonguss|69\/100 tox|[from] psn\n|upkeep\n|\n|t:|1701123578\n|switch|p2a: Agency|Great Tusk|73\/100\n|turn|36\n|\n|t:|1701123584\n|move|p2a: Agency|Earthquake|p1a: Amoonguss\n|-damage|p1a: Amoonguss|34\/100 tox\n|move|p1a: Amoonguss|Giga Drain|p2a: Agency\n|-supereffective|p2a: Agency\n|-damage|p2a: Agency|19\/100\n|-heal|p1a: Amoonguss|62\/100 tox|[from] drain|[of] p2a: Agency\n|\n|-heal|p2a: Agency|25\/100|[from] item: Leftovers\n|-heal|p1a: Amoonguss|68\/100 tox|[from] item: Leftovers\n|-damage|p1a: Amoonguss|49\/100 tox|[from] psn\n|upkeep\n|turn|37\n|\n|t:|1701123591\n|move|p2a: Agency|Earthquake|p1a: Amoonguss\n|-damage|p1a: Amoonguss|15\/100 tox\n|move|p1a: Amoonguss|Giga Drain|p2a: Agency\n|-supereffective|p2a: Agency\n|-damage|p2a: Agency|0 fnt\n|-heal|p1a: Amoonguss|27\/100 tox|[from] drain|[of] p2a: Agency\n|faint|p2a: Agency\n|-end|p2a: Agency|Protosynthesis|[silent]\n|\n|-heal|p1a: Amoonguss|34\/100 tox|[from] item: Leftovers\n|-damage|p1a: Amoonguss|9\/100 tox|[from] psn\n|upkeep\n|\n|t:|1701123593\n|switch|p2a: Bonogoat|Cresselia, F, tera:Poison|16\/100\n|turn|38\n|\n|t:|1701123595\n|move|p2a: Bonogoat|Moonlight|p2a: Bonogoat\n|-heal|p2a: Bonogoat|66\/100\n|move|p1a: Amoonguss|Foul Play|p2a: Bonogoat\n|-damage|p2a: Bonogoat|55\/100\n|\n|-heal|p2a: Bonogoat|61\/100|[from] item: Leftovers\n|-heal|p1a: Amoonguss|15\/100 tox|[from] item: Leftovers\n|-damage|p1a: Amoonguss|0 fnt|[from] psn\n|faint|p1a: Amoonguss\n|upkeep\n|\n|t:|1701123597\n|switch|p1a: Floatzel|Floatzel, M|57\/100 tox\n|-damage|p1a: Floatzel|45\/100 tox|[from] Stealth Rock\n|turn|39\n|\n|t:|1701123603\n|move|p1a: Floatzel|Wave Crash|p2a: Bonogoat\n|-damage|p2a: Bonogoat|0 fnt\n|faint|p2a: Bonogoat\n|-damage|p1a: Floatzel|17\/100 tox|[from] Recoil\n|\n|-damage|p1a: Floatzel|10\/100 tox|[from] psn\n|upkeep\n|\n|t:|1701123605\n|switch|p2a: Uno Dos Moltres|Moltres|64\/100 slp\n|turn|40\n|\n|t:|1701123608\n|move|p1a: Floatzel|Wave Crash|p2a: Uno Dos Moltres\n|-supereffective|p2a: Uno Dos Moltres\n|-damage|p2a: Uno Dos Moltres|0 fnt\n|faint|p2a: Uno Dos Moltres\n|-damage|p1a: Floatzel|0 fnt|[from] Recoil\n|faint|p1a: Floatzel\n|\n|win|anatomy&physiology\n|raw|anatomy&amp;physiology's rating: 1055 &rarr; <strong>1082<\/strong><br \/>(+27 for winning)\n|raw|ocokdncd's rating: 1000 &rarr; <strong>1000<\/strong><br \/>(+0 for losing)\n|l|\u2606ocokdncd\n|c|\u2606anatomy&physiology|Gg\n","uploadtime":1701123631,"views":7,"p1id":"anatomyphysiology","p2id":"ocokdncd","formatid":"gen9ou","rating":1000,"private":0,"password":""}