{"id":"gen9ou-1999431367","p1":"x18186107691","p2":"Skaraptor2.1","format":"[Gen 9] OU","log":"|j|\u2606x18186107691\n|j|\u2606Skaraptor2.1\n|t:|1701079384\n|gametype|singles\n|player|p1|x18186107691|101|1317\n|player|p2|Skaraptor2.1|bodybuilderf-gen9|1354\n|teamsize|p1|6\n|teamsize|p2|6\n|gen|9\n|tier|[Gen 9] OU\n|rated|\n|rule|Sleep Clause Mod: Limit one foe put to sleep\n|rule|Species Clause: Limit one of each Pok\u00e9mon\n|rule|OHKO Clause: OHKO moves are banned\n|rule|Evasion Items Clause: Evasion items are banned\n|rule|Evasion Moves Clause: Evasion moves are banned\n|rule|Endless Battle Clause: Forcing endless battles is banned\n|rule|HP Percentage Mod: HP is shown in percentages\n|clearpoke\n|poke|p1|Torkoal, F|\n|poke|p1|Walking Wake|\n|poke|p1|Great Tusk|\n|poke|p1|Ninetales, F|\n|poke|p1|Ceruledge, F|\n|poke|p1|Iron Moth|\n|poke|p2|Ribombee, M|\n|poke|p2|Ogerpon-Wellspring, F|\n|poke|p2|Cinderace, M|\n|poke|p2|Zamazenta-*|\n|poke|p2|Iron Valiant|\n|poke|p2|Kingambit, F|\n|teampreview\n|inactive|Battle timer is ON: inactive players will automatically lose when time's up. (requested by Skaraptor2.1)\n|\n|t:|1701079391\n|start\n|switch|p1a: Torkoal|Torkoal, F|100\/100\n|switch|p2a: Transfem|Ogerpon-Wellspring, F|100\/100\n|-weather|SunnyDay|[from] ability: Drought|[of] p1a: Torkoal\n|turn|1\n|\n|t:|1701079394\n|move|p2a: Transfem|Knock Off|p1a: Torkoal\n|-damage|p1a: Torkoal|80\/100\n|-enditem|p1a: Torkoal|Heat Rock|[from] move: Knock Off|[of] p2a: Transfem\n|move|p1a: Torkoal|Stealth Rock|p2a: Transfem\n|-sidestart|p2: Skaraptor2.1|move: Stealth Rock\n|\n|-weather|SunnyDay|[upkeep]\n|upkeep\n|turn|2\n|\n|t:|1701079397\n|move|p2a: Transfem|Ivy Cudgel|p1a: Torkoal|[anim] Ivy Cudgel Water\n|-supereffective|p1a: Torkoal\n|-damage|p1a: Torkoal|50\/100\n|move|p1a: Torkoal|Lava Plume|p2a: Transfem\n|-damage|p2a: Transfem|61\/100\n|\n|-weather|SunnyDay|[upkeep]\n|upkeep\n|turn|3\n|\n|t:|1701079403\n|move|p2a: Transfem|Ivy Cudgel|p1a: Torkoal|[anim] Ivy Cudgel Water\n|-supereffective|p1a: Torkoal\n|-crit|p1a: Torkoal\n|-damage|p1a: Torkoal|0 fnt\n|faint|p1a: Torkoal\n|\n|-weather|SunnyDay|[upkeep]\n|upkeep\n|\n|t:|1701079411\n|switch|p1a: Ceruledge|Ceruledge, F|100\/100\n|turn|4\n|\n|t:|1701079414\n|move|p2a: Transfem|Knock Off|p1a: Ceruledge\n|-supereffective|p1a: Ceruledge\n|-enditem|p1a: Ceruledge|Focus Sash\n|-damage|p1a: Ceruledge|1\/100\n|-ability|p1a: Ceruledge|Weak Armor|boost\n|-unboost|p1a: Ceruledge|def|1\n|-boost|p1a: Ceruledge|spe|2\n|move|p1a: Ceruledge|Swords Dance|p1a: Ceruledge\n|-boost|p1a: Ceruledge|atk|2\n|\n|-weather|SunnyDay|[upkeep]\n|upkeep\n|turn|5\n|\n|t:|1701079421\n|move|p1a: Ceruledge|Bitter Blade|p2a: Transfem\n|-damage|p2a: Transfem|0 fnt\n|-heal|p1a: Ceruledge|32\/100|[from] drain|[of] p2a: Transfem\n|faint|p2a: Transfem\n|\n|-weather|SunnyDay|[upkeep]\n|upkeep\n|\n|t:|1701079428\n|switch|p2a: Bigender|Iron Valiant|100\/100\n|-damage|p2a: Bigender|94\/100|[from] Stealth Rock\n|-enditem|p2a: Bigender|Booster Energy\n|-activate|p2a: Bigender|ability: Quark Drive|[fromitem]\n|-start|p2a: Bigender|quarkdrivespe\n|turn|6\n|\n|t:|1701079433\n|move|p2a: Bigender|Destiny Bond|p2a: Bigender\n|-singlemove|p2a: Bigender|Destiny Bond\n|move|p1a: Ceruledge|Bitter Blade|p2a: Bigender\n|-damage|p2a: Bigender|0 fnt\n|-heal|p1a: Ceruledge|79\/100|[from] drain|[of] p2a: Bigender\n|faint|p2a: Bigender\n|-activate|p2a: Bigender|move: Destiny Bond\n|-end|p2a: Bigender|Quark Drive|[silent]\n|faint|p1a: Ceruledge\n|\n|-weather|SunnyDay|[upkeep]\n|upkeep\n|\n|t:|1701079441\n|switch|p2a: Queengambit|Kingambit, F|100\/100\n|switch|p1a: Iron Moth|Iron Moth|100\/100\n|-damage|p2a: Queengambit|94\/100|[from] Stealth Rock\n|-activate|p2a: Queengambit|ability: Supreme Overlord\n|-start|p2a: Queengambit|fallen2|[silent]\n|-enditem|p1a: Iron Moth|Booster Energy\n|-activate|p1a: Iron Moth|ability: Quark Drive|[fromitem]\n|-start|p1a: Iron Moth|quarkdrivespe\n|turn|7\n|\n|t:|1701079447\n|move|p1a: Iron Moth|Substitute|p1a: Iron Moth\n|-start|p1a: Iron Moth|Substitute\n|-damage|p1a: Iron Moth|75\/100\n|move|p2a: Queengambit|Iron Head|p1a: Iron Moth\n|-resisted|p1a: Iron Moth\n|-end|p1a: Iron Moth|Substitute\n|\n|-weather|SunnyDay|[upkeep]\n|-heal|p2a: Queengambit|100\/100|[from] item: Leftovers\n|upkeep\n|turn|8\n|\n|t:|1701079451\n|move|p2a: Queengambit|Sucker Punch|p1a: Iron Moth\n|-crit|p1a: Iron Moth\n|-damage|p1a: Iron Moth|0 fnt\n|faint|p1a: Iron Moth\n|-end|p1a: Iron Moth|Quark Drive|[silent]\n|\n|-weather|none\n|upkeep\n|\n|t:|1701079461\n|switch|p1a: Ninetales|Ninetales, F|100\/100\n|-weather|SunnyDay|[from] ability: Drought|[of] p1a: Ninetales\n|turn|9\n|\n|t:|1701079470\n|-end|p2a: Queengambit|fallen2|[silent]\n|switch|p2a: Twink again|Cinderace, M|100\/100\n|move|p1a: Ninetales|Hypnosis|p2a: Twink again|[miss]\n|-miss|p1a: Ninetales|p2a: Twink again\n|\n|-weather|SunnyDay|[upkeep]\n|upkeep\n|turn|10\n|\n|t:|1701079482\n|move|p2a: Twink again|Court Change|p2a: Twink again\n|-start|p2a: Twink again|typechange|Normal|[from] ability: Libero\n|-swapsideconditions\n|-activate|p2a: Twink again|move: Court Change\n|move|p1a: Ninetales|Hypnosis|p2a: Twink again\n|-status|p2a: Twink again|slp|[from] move: Hypnosis\n|\n|-weather|SunnyDay|[upkeep]\n|upkeep\n|turn|11\n|\n|t:|1701079489\n|switch|p2a: Twink|Ribombee, M|100\/100\n|move|p1a: Ninetales|Hypnosis|p2a: Twink|[miss]\n|-miss|p1a: Ninetales|p2a: Twink\n|\n|-weather|SunnyDay|[upkeep]\n|upkeep\n|turn|12\n|\n|t:|1701079495\n|move|p2a: Twink|Stun Spore|p1a: Ninetales|[miss]\n|-miss|p2a: Twink|p1a: Ninetales\n|move|p1a: Ninetales|Hypnosis|p2a: Twink\n|-message|Sleep Clause Mod activated.\n|-hint|Sleep Clause Mod prevents players from putting more than one of their opponent's Pok\u00e9mon to sleep at a time\n|\n|-weather|SunnyDay|[upkeep]\n|upkeep\n|turn|13\n|\n|t:|1701079498\n|move|p2a: Twink|Stun Spore|p1a: Ninetales\n|-status|p1a: Ninetales|par\n|cant|p1a: Ninetales|par\n|\n|-weather|SunnyDay|[upkeep]\n|upkeep\n|turn|14\n|\n|t:|1701079503\n|move|p2a: Twink|Sticky Web|p1a: Ninetales\n|-sidestart|p1: x18186107691|move: Sticky Web\n|move|p1a: Ninetales|Hypnosis|p2a: Twink\n|-message|Sleep Clause Mod activated.\n|-hint|Sleep Clause Mod prevents players from putting more than one of their opponent's Pok\u00e9mon to sleep at a time\n|\n|-weather|SunnyDay|[upkeep]\n|upkeep\n|turn|15\n|\n|t:|1701079507\n|move|p2a: Twink|Moonblast|p1a: Ninetales\n|-resisted|p1a: Ninetales\n|-damage|p1a: Ninetales|88\/100 par\n|move|p1a: Ninetales|Hypnosis|p2a: Twink\n|-message|Sleep Clause Mod activated.\n|-hint|Sleep Clause Mod prevents players from putting more than one of their opponent's Pok\u00e9mon to sleep at a time\n|\n|-weather|SunnyDay|[upkeep]\n|upkeep\n|turn|16\n|\n|t:|1701079510\n|move|p2a: Twink|Moonblast|p1a: Ninetales\n|-resisted|p1a: Ninetales\n|-damage|p1a: Ninetales|78\/100 par\n|-unboost|p1a: Ninetales|spa|1\n|move|p1a: Ninetales|Hypnosis|p2a: Twink|[miss]\n|-miss|p1a: Ninetales|p2a: Twink\n|\n|-weather|none\n|upkeep\n|turn|17\n|\n|t:|1701079517\n|move|p2a: Twink|Moonblast|p1a: Ninetales\n|-resisted|p1a: Ninetales\n|-damage|p1a: Ninetales|66\/100 par\n|-unboost|p1a: Ninetales|spa|1\n|move|p1a: Ninetales|Hypnosis|p2a: Twink\n|-message|Sleep Clause Mod activated.\n|-hint|Sleep Clause Mod prevents players from putting more than one of their opponent's Pok\u00e9mon to sleep at a time\n|\n|upkeep\n|turn|18\n|c|\u2606Skaraptor2.1|Hey\n|c|\u2606Skaraptor2.1|uh\n|c|\u2606Skaraptor2.1|you can\u2019t make me sleep, y\u2019know that, right?\n|j| prince5\n|j| InVincii\n|\n|t:|1701079543\n|switch|p2a: Defender of Trans|Zamazenta, shiny|100\/100\n|-ability|p2a: Defender of Trans|Dauntless Shield|boost\n|-boost|p2a: Defender of Trans|def|1\n|move|p1a: Ninetales|Hypnosis|p2a: Defender of Trans|[miss]\n|-miss|p1a: Ninetales|p2a: Defender of Trans\n|\n|upkeep\n|turn|19\n|inactive|x18186107691 has 120 seconds left.\n|inactive|x18186107691 has 90 seconds left.\n|l| InVincii\n|l|\u2606Skaraptor2.1\n|inactive|Skaraptor2.1 disconnected and has a minute to reconnect!\n|player|p2|\n|j|\u2606Skaraptor2.1\n|inactive|Skaraptor2.1 reconnected.\n|player|p2|Skaraptor2.1|bodybuilderf-gen9\n|c|\u2606Skaraptor2.1|Hey?\n|l| prince5\n|inactive|x18186107691 has 60 seconds left.\n|inactive|x18186107691 has 30 seconds left.\n|inactive|x18186107691 has 20 seconds left.\n|inactive|x18186107691 has 15 seconds left.\n|inactive|x18186107691 has 10 seconds left.\n|inactive|x18186107691 has 5 seconds left.\n|-message|x18186107691 lost due to inactivity.\n|\n|win|Skaraptor2.1\n|raw|x18186107691's rating: 1294 &rarr; <strong>1273<\/strong><br \/>(-21 for losing)\n|raw|Skaraptor2.1's rating: 1354 &rarr; <strong>1371<\/strong><br \/>(+17 for winning)\n","uploadtime":1701079698,"views":2,"p1id":"x18186107691","p2id":"skaraptor21","formatid":"gen9ou","rating":1273,"private":0,"password":""}