{"id":"gen9ou-1999800081","p1":"84m833","p2":"ArchBaka","format":"[Gen 9] OU","log":"|j|\u260684m833\n|j|\u2606ArchBaka\n|t:|1701117837\n|gametype|singles\n|player|p1|84m833|pokekid|\n|player|p2|ArchBaka|elesa|\n|teamsize|p1|6\n|teamsize|p2|6\n|gen|9\n|tier|[Gen 9] OU\n|rule|Sleep Clause Mod: Limit one foe put to sleep\n|rule|Species Clause: Limit one of each Pok\u00e9mon\n|rule|OHKO Clause: OHKO moves are banned\n|rule|Evasion Items Clause: Evasion items are banned\n|rule|Evasion Moves Clause: Evasion moves are banned\n|rule|Endless Battle Clause: Forcing endless battles is banned\n|rule|HP Percentage Mod: HP is shown in percentages\n|clearpoke\n|poke|p1|Iron Valiant|\n|poke|p1|Sylveon, F|\n|poke|p1|Glaceon, M|\n|poke|p1|Garchomp, F|\n|poke|p1|Kingambit, M|\n|poke|p1|Jolteon, F|\n|poke|p2|Cloyster, F|\n|poke|p2|Zarude-Dada|\n|poke|p2|Blissey, F|\n|poke|p2|Greninja-*, M|\n|poke|p2|Gallade, M|\n|poke|p2|Cinderace, F|\n|teampreview\n|j| coldgiga\n|j| SmiCat\n|\n|t:|1701117864\n|start\n|switch|p1a: (\u101d\u1037 \u0f8c \u101d\u1037)|Garchomp, F, shiny|100\/100\n|switch|p2a: Madoka|Blissey, F, shiny|100\/100\n|turn|1\n|\n|t:|1701117874\n|move|p1a: (\u101d\u1037 \u0f8c \u101d\u1037)|Earthquake|p2a: Madoka\n|-damage|p2a: Madoka|58\/100\n|move|p2a: Madoka|Light Screen|p2a: Madoka\n|-sidestart|p2: ArchBaka|move: Light Screen\n|\n|upkeep\n|turn|2\n|\n|t:|1701117892\n|move|p1a: (\u101d\u1037 \u0f8c \u101d\u1037)|Earthquake|p2a: Madoka\n|-damage|p2a: Madoka|14\/100\n|move|p2a: Madoka|Stealth Rock|p1a: (\u101d\u1037 \u0f8c \u101d\u1037)\n|-sidestart|p1: 84m833|move: Stealth Rock\n|\n|upkeep\n|turn|3\n|\n|t:|1701117901\n|move|p1a: (\u101d\u1037 \u0f8c \u101d\u1037)|Earthquake|p2a: Madoka\n|-damage|p2a: Madoka|0 fnt\n|faint|p2a: Madoka\n|\n|upkeep\n|\n|t:|1701117908\n|switch|p2a: Cloyster|Cloyster, F, shiny|100\/100\n|turn|4\n|\n|t:|1701117917\n|move|p1a: (\u101d\u1037 \u0f8c \u101d\u1037)|Stealth Rock|p2a: Cloyster\n|-sidestart|p2: ArchBaka|move: Stealth Rock\n|move|p2a: Cloyster|Icicle Spear|p1a: (\u101d\u1037 \u0f8c \u101d\u1037)\n|-supereffective|p1a: (\u101d\u1037 \u0f8c \u101d\u1037)\n|-damage|p1a: (\u101d\u1037 \u0f8c \u101d\u1037)|69\/100\n|-supereffective|p1a: (\u101d\u1037 \u0f8c \u101d\u1037)\n|-crit|p1a: (\u101d\u1037 \u0f8c \u101d\u1037)\n|-damage|p1a: (\u101d\u1037 \u0f8c \u101d\u1037)|19\/100\n|-supereffective|p1a: (\u101d\u1037 \u0f8c \u101d\u1037)\n|-damage|p1a: (\u101d\u1037 \u0f8c \u101d\u1037)|0 fnt\n|faint|p1a: (\u101d\u1037 \u0f8c \u101d\u1037)\n|-hitcount|p1: (\u101d\u1037 \u0f8c \u101d\u1037)|3\n|\n|upkeep\n|j| FigurativeIQ\n|\n|t:|1701117928\n|switch|p1a: (\u3063\u25d4\u25e1\u25d4)\u3063|Kingambit, M|100\/100\n|-damage|p1a: (\u3063\u25d4\u25e1\u25d4)\u3063|94\/100|[from] Stealth Rock\n|-activate|p1a: (\u3063\u25d4\u25e1\u25d4)\u3063|ability: Supreme Overlord\n|-start|p1a: (\u3063\u25d4\u25e1\u25d4)\u3063|fallen1|[silent]\n|turn|5\n|\n|t:|1701117955\n|switch|p2a: Anime Protagonist|Gallade, M, shiny|100\/100\n|-damage|p2a: Anime Protagonist|94\/100|[from] Stealth Rock\n|move|p1a: (\u3063\u25d4\u25e1\u25d4)\u3063|Iron Head|p2a: Anime Protagonist\n|-damage|p2a: Anime Protagonist|0 fnt\n|faint|p2a: Anime Protagonist\n|\n|-heal|p1a: (\u3063\u25d4\u25e1\u25d4)\u3063|100\/100|[from] item: Leftovers\n|-sideend|p2: ArchBaka|move: Light Screen\n|upkeep\n|\n|t:|1701117968\n|switch|p2a: Soccer Player|Cinderace, F, shiny|100\/100\n|turn|6\n|\n|t:|1701118005\n|move|p2a: Soccer Player|High Jump Kick|p1a: (\u3063\u25d4\u25e1\u25d4)\u3063\n|-start|p2a: Soccer Player|typechange|Fighting|[from] ability: Libero\n|-supereffective|p1a: (\u3063\u25d4\u25e1\u25d4)\u3063\n|-damage|p1a: (\u3063\u25d4\u25e1\u25d4)\u3063|0 fnt\n|faint|p1a: (\u3063\u25d4\u25e1\u25d4)\u3063\n|-end|p1a: (\u3063\u25d4\u25e1\u25d4)\u3063|fallen1|[silent]\n|\n|upkeep\n|\n|t:|1701118021\n|switch|p1a: ( \u00b0\u0f8c\u00b0 )|Jolteon, F|100\/100\n|turn|7\n|\n|t:|1701118032\n|move|p1a: ( \u00b0\u0f8c\u00b0 )|Thunderbolt|p2a: Soccer Player\n|-damage|p2a: Soccer Player|36\/100\n|move|p2a: Soccer Player|High Jump Kick|p1a: ( \u00b0\u0f8c\u00b0 )\n|-damage|p1a: ( \u00b0\u0f8c\u00b0 )|0 fnt\n|faint|p1a: ( \u00b0\u0f8c\u00b0 )\n|\n|upkeep\n|\n|t:|1701118041\n|switch|p1a: U\u0303wU\u0303|Sylveon, F|100\/100\n|-damage|p1a: U\u0303wU\u0303|88\/100|[from] Stealth Rock\n|turn|8\n|\n|t:|1701118074\n|move|p2a: Soccer Player|Gunk Shot|p1a: U\u0303wU\u0303\n|-supereffective|p1a: U\u0303wU\u0303\n|-damage|p1a: U\u0303wU\u0303|25\/100\n|move|p1a: U\u0303wU\u0303|Hyper Voice|p2a: Soccer Player\n|-supereffective|p2a: Soccer Player\n|-damage|p2a: Soccer Player|0 fnt\n|faint|p2a: Soccer Player\n|\n|-heal|p1a: U\u0303wU\u0303|31\/100|[from] item: Leftovers\n|upkeep\n|\n|t:|1701118087\n|switch|p2a: Cloyster|Cloyster, F, shiny|100\/100\n|-damage|p2a: Cloyster|76\/100|[from] Stealth Rock\n|turn|9\n|\n|t:|1701118092\n|move|p1a: U\u0303wU\u0303|Protect|p1a: U\u0303wU\u0303\n|-singleturn|p1a: U\u0303wU\u0303|Protect\n|move|p2a: Cloyster|Shell Smash|p2a: Cloyster\n|-unboost|p2a: Cloyster|def|1\n|-unboost|p2a: Cloyster|spd|1\n|-boost|p2a: Cloyster|atk|2\n|-boost|p2a: Cloyster|spa|2\n|-boost|p2a: Cloyster|spe|2\n|-enditem|p2a: Cloyster|White Herb\n|-clearnegativeboost|p2a: Cloyster|[silent]\n|\n|-heal|p1a: U\u0303wU\u0303|37\/100|[from] item: Leftovers\n|upkeep\n|turn|10\n|j| thesunthesunthesun\n|l| thesunthesunthesun\n|\n|t:|1701118130\n|move|p2a: Cloyster|Icicle Spear|p1a: U\u0303wU\u0303\n|-damage|p1a: U\u0303wU\u0303|19\/100\n|-damage|p1a: U\u0303wU\u0303|0 fnt\n|faint|p1a: U\u0303wU\u0303\n|-hitcount|p1: U\u0303wU\u0303|2\n|\n|upkeep\n|j| thesunthesunthesun\n|\n|t:|1701118137\n|switch|p1a: \u014d\u2022\u00d5|Iron Valiant|100\/100\n|-damage|p1a: \u014d\u2022\u00d5|94\/100|[from] Stealth Rock\n|-enditem|p1a: \u014d\u2022\u00d5|Booster Energy\n|-activate|p1a: \u014d\u2022\u00d5|ability: Quark Drive|[fromitem]\n|-start|p1a: \u014d\u2022\u00d5|quarkdrivespe\n|turn|11\n|\n|t:|1701118166\n|move|p1a: \u014d\u2022\u00d5|Thunderbolt|p2a: Cloyster\n|-supereffective|p2a: Cloyster\n|-damage|p2a: Cloyster|0 fnt\n|faint|p2a: Cloyster\n|\n|upkeep\n|\n|t:|1701118184\n|switch|p2a: Mikasa Ackerman|Greninja, M|100\/100\n|-damage|p2a: Mikasa Ackerman|88\/100|[from] Stealth Rock\n|turn|12\n|\n|t:|1701118223\n|-terastallize|p2a: Mikasa Ackerman|Water\n|move|p2a: Mikasa Ackerman|Water Shuriken|p1a: \u014d\u2022\u00d5\n|-damage|p1a: \u014d\u2022\u00d5|76\/100\n|-damage|p1a: \u014d\u2022\u00d5|60\/100\n|-damage|p1a: \u014d\u2022\u00d5|43\/100\n|-damage|p1a: \u014d\u2022\u00d5|26\/100\n|-hitcount|p1a: \u014d\u2022\u00d5|4\n|move|p1a: \u014d\u2022\u00d5|Thunderbolt|p2a: Mikasa Ackerman\n|-supereffective|p2a: Mikasa Ackerman\n|-damage|p2a: Mikasa Ackerman|0 fnt\n|faint|p2a: Mikasa Ackerman\n|\n|upkeep\n|\n|t:|1701118234\n|switch|p2a: Dadadadada|Zarude-Dada|100\/100\n|-damage|p2a: Dadadadada|88\/100|[from] Stealth Rock\n|turn|13\n|\n|t:|1701118260\n|-terastallize|p1a: \u014d\u2022\u00d5|Fighting\n|move|p1a: \u014d\u2022\u00d5|Close Combat|p2a: Dadadadada\n|-supereffective|p2a: Dadadadada\n|-damage|p2a: Dadadadada|0 fnt\n|-unboost|p1a: \u014d\u2022\u00d5|def|1\n|-unboost|p1a: \u014d\u2022\u00d5|spd|1\n|faint|p2a: Dadadadada\n|\n|win|84m833\n","uploadtime":1701118293,"views":17,"p1id":"84m833","p2id":"archbaka","formatid":"gen9ou","rating":0,"private":0,"password":""}