{"id":"gen9ou-1993070268","p1":"el_racoon_man","p2":"Thick and Creamy","format":"[Gen 9] OU","log":"|j|\u2606el_racoon_man\n|j|\u2606Thick and Creamy\n|t:|1700261372\n|gametype|singles\n|player|p1|el_racoon_man|red|1275\n|player|p2|Thick and Creamy|170|1365\n|teamsize|p1|6\n|teamsize|p2|6\n|gen|9\n|tier|[Gen 9] OU\n|rated|\n|rule|Sleep Clause Mod: Limit one foe put to sleep\n|rule|Species Clause: Limit one of each Pok\u00e9mon\n|rule|OHKO Clause: OHKO moves are banned\n|rule|Evasion Items Clause: Evasion items are banned\n|rule|Evasion Moves Clause: Evasion moves are banned\n|rule|Endless Battle Clause: Forcing endless battles is banned\n|rule|HP Percentage Mod: HP is shown in percentages\n|clearpoke\n|poke|p1|Iron Hands|\n|poke|p1|Ogerpon-Wellspring, F|\n|poke|p1|Zapdos|\n|poke|p1|Great Tusk|\n|poke|p1|Gholdengo|\n|poke|p1|Heatran, F|\n|poke|p2|Torkoal, F|\n|poke|p2|Ogerpon-Wellspring, F|\n|poke|p2|Walking Wake|\n|poke|p2|Great Tusk|\n|poke|p2|Corviknight, F|\n|poke|p2|Sandy Shocks|\n|teampreview\n|inactive|Battle timer is ON: inactive players will automatically lose when time's up. (requested by el_racoon_man)\n|inactive|Thick and Creamy has 120 seconds left.\n|\n|t:|1700261408\n|start\n|switch|p1a: Great Tusk|Great Tusk|100\/100\n|switch|p2a: Great Tusk|Great Tusk|100\/100\n|-enditem|p1a: Great Tusk|Booster Energy\n|-activate|p1a: Great Tusk|ability: Protosynthesis|[fromitem]\n|-start|p1a: Great Tusk|protosynthesisatk\n|turn|1\n|\n|t:|1700261424\n|-end|p2a: Great Tusk|Protosynthesis|[silent]\n|switch|p2a: Sandy Shocks|Sandy Shocks|100\/100\n|move|p1a: Great Tusk|Rapid Spin|p2a: Sandy Shocks\n|-damage|p2a: Sandy Shocks|77\/100\n|-boost|p1a: Great Tusk|spe|1\n|\n|upkeep\n|turn|2\n|\n|t:|1700261429\n|-terastallize|p2a: Sandy Shocks|Ice\n|move|p2a: Sandy Shocks|Tera Blast|p1a: Great Tusk|[anim] Tera Blast Ice\n|-supereffective|p1a: Great Tusk\n|-damage|p1a: Great Tusk|0 fnt\n|faint|p1a: Great Tusk\n|-end|p1a: Great Tusk|Protosynthesis|[silent]\n|\n|upkeep\n|\n|t:|1700261440\n|switch|p1a: Heatran|Heatran, F|100\/100\n|turn|3\n|\n|t:|1700261447\n|-end|p2a: Sandy Shocks|Protosynthesis|[silent]\n|switch|p2a: Torkoal|Torkoal, F|100\/100\n|-weather|SunnyDay|[from] ability: Drought|[of] p2a: Torkoal\n|move|p1a: Heatran|Magma Storm|p2a: Torkoal\n|-resisted|p2a: Torkoal\n|-damage|p2a: Torkoal|73\/100\n|-activate|p2a: Torkoal|move: Magma Storm|[of] p1a: Heatran\n|\n|-weather|SunnyDay|[upkeep]\n|-damage|p2a: Torkoal|61\/100|[from] move: Magma Storm|[partiallytrapped]\n|upkeep\n|turn|4\n|\n|t:|1700261456\n|move|p1a: Heatran|Stealth Rock|p2a: Torkoal\n|-sidestart|p2: Thick and Creamy|move: Stealth Rock\n|move|p2a: Torkoal|Stealth Rock|p1a: Heatran\n|-sidestart|p1: el_racoon_man|move: Stealth Rock\n|\n|-weather|SunnyDay|[upkeep]\n|-damage|p2a: Torkoal|49\/100|[from] move: Magma Storm|[partiallytrapped]\n|upkeep\n|turn|5\n|\n|t:|1700261460\n|move|p1a: Heatran|Earth Power|p2a: Torkoal\n|-supereffective|p2a: Torkoal\n|-damage|p2a: Torkoal|4\/100\n|move|p2a: Torkoal|Yawn|p1a: Heatran\n|-start|p1a: Heatran|move: Yawn|[of] p2a: Torkoal\n|\n|-weather|SunnyDay|[upkeep]\n|-damage|p2a: Torkoal|0 fnt|[from] move: Magma Storm|[partiallytrapped]\n|faint|p2a: Torkoal\n|upkeep\n|\n|t:|1700261484\n|switch|p2a: Walking Wake|Walking Wake|100\/100\n|-damage|p2a: Walking Wake|88\/100|[from] Stealth Rock\n|-activate|p2a: Walking Wake|ability: Protosynthesis\n|-start|p2a: Walking Wake|protosynthesisspa\n|turn|6\n|inactive|el_racoon_man has 120 seconds left.\n|inactive|el_racoon_man has 90 seconds left.\n|\n|t:|1700261553\n|switch|p1a: Ogerpon|Ogerpon-Wellspring, F|100\/100\n|-damage|p1a: Ogerpon|88\/100|[from] Stealth Rock\n|move|p2a: Walking Wake|Flamethrower|p1a: Ogerpon\n|-damage|p1a: Ogerpon|0 fnt\n|faint|p1a: Ogerpon\n|\n|-weather|SunnyDay|[upkeep]\n|upkeep\n|\n|t:|1700261570\n|switch|p1a: Iron Hands|Iron Hands|100\/100\n|-damage|p1a: Iron Hands|94\/100|[from] Stealth Rock\n|turn|7\n|\n|t:|1700261581\n|move|p2a: Walking Wake|Flamethrower|p1a: Iron Hands\n|-damage|p1a: Iron Hands|40\/100\n|move|p1a: Iron Hands|Drain Punch|p2a: Walking Wake\n|-crit|p2a: Walking Wake\n|-damage|p2a: Walking Wake|28\/100\n|-heal|p1a: Iron Hands|62\/100|[from] drain|[of] p2a: Walking Wake\n|\n|-weather|SunnyDay|[upkeep]\n|upkeep\n|turn|8\n|inactive|el_racoon_man has 90 seconds left.\n|\n|t:|1700261598\n|-end|p2a: Walking Wake|Protosynthesis|[silent]\n|switch|p2a: Great Tusk|Great Tusk|100\/100\n|-damage|p2a: Great Tusk|98\/100|[from] Stealth Rock\n|-activate|p2a: Great Tusk|ability: Protosynthesis\n|-start|p2a: Great Tusk|protosynthesisdef\n|move|p1a: Iron Hands|Drain Punch|p2a: Great Tusk\n|-damage|p2a: Great Tusk|84\/100\n|-heal|p1a: Iron Hands|68\/100|[from] drain|[of] p2a: Great Tusk\n|-damage|p1a: Iron Hands|51\/100|[from] item: Rocky Helmet|[of] p2a: Great Tusk\n|\n|-weather|SunnyDay|[upkeep]\n|upkeep\n|turn|9\n|inactive|el_racoon_man has 90 seconds left.\n|\n|t:|1700261608\n|move|p2a: Great Tusk|Knock Off|p1a: Iron Hands\n|-resisted|p1a: Iron Hands\n|-damage|p1a: Iron Hands|44\/100\n|-enditem|p1a: Iron Hands|Assault Vest|[from] move: Knock Off|[of] p2a: Great Tusk\n|move|p1a: Iron Hands|Ice Punch|p2a: Great Tusk\n|-supereffective|p2a: Great Tusk\n|-damage|p2a: Great Tusk|67\/100\n|-damage|p1a: Iron Hands|28\/100|[from] item: Rocky Helmet|[of] p2a: Great Tusk\n|\n|-weather|SunnyDay|[upkeep]\n|upkeep\n|turn|10\n|inactive|el_racoon_man has 90 seconds left.\n|\n|t:|1700261621\n|move|p2a: Great Tusk|Rapid Spin|p1a: Iron Hands\n|-damage|p1a: Iron Hands|21\/100\n|-boost|p2a: Great Tusk|spe|1\n|-sideend|p2: Thick and Creamy|Stealth Rock|[from] move: Rapid Spin|[of] p2a: Great Tusk\n|move|p1a: Iron Hands|Ice Punch|p2a: Great Tusk\n|-supereffective|p2a: Great Tusk\n|-damage|p2a: Great Tusk|49\/100\n|-damage|p1a: Iron Hands|4\/100|[from] item: Rocky Helmet|[of] p2a: Great Tusk\n|\n|-weather|none\n|-end|p2a: Great Tusk|Protosynthesis\n|upkeep\n|turn|11\n|\n|t:|1700261628\n|move|p2a: Great Tusk|Rapid Spin|p1a: Iron Hands\n|-crit|p1a: Iron Hands\n|-damage|p1a: Iron Hands|0 fnt\n|-boost|p2a: Great Tusk|spe|1\n|faint|p1a: Iron Hands\n|-end|p1a: Iron Hands|Quark Drive|[silent]\n|\n|upkeep\n|inactive|el_racoon_man has 90 seconds left.\n|\n|t:|1700261645\n|switch|p1a: Zapdos|Zapdos|100\/100\n|turn|12\n|\n|t:|1700261662\n|move|p2a: Great Tusk|Knock Off|p1a: Zapdos\n|-damage|p1a: Zapdos|75\/100\n|-enditem|p1a: Zapdos|Heavy-Duty Boots|[from] move: Knock Off|[of] p2a: Great Tusk\n|move|p1a: Zapdos|Hurricane|p2a: Great Tusk|[miss]\n|-miss|p1a: Zapdos|p2a: Great Tusk\n|\n|upkeep\n|turn|13\n|\n|t:|1700261674\n|-end|p2a: Great Tusk|Protosynthesis|[silent]\n|switch|p2a: Sandy Shocks|Sandy Shocks, tera:Ice|77\/100\n|move|p1a: Zapdos|Hurricane|p2a: Sandy Shocks\n|-damage|p2a: Sandy Shocks|22\/100\n|-start|p2a: Sandy Shocks|confusion\n|\n|upkeep\n|turn|14\n|\n|t:|1700261688\n|-activate|p2a: Sandy Shocks|confusion\n|move|p2a: Sandy Shocks|Earth Power|p1a: Zapdos\n|-immune|p1a: Zapdos\n|move|p1a: Zapdos|Heat Wave|p2a: Sandy Shocks\n|-supereffective|p2a: Sandy Shocks\n|-damage|p2a: Sandy Shocks|0 fnt\n|faint|p2a: Sandy Shocks\n|-end|p2a: Sandy Shocks|Protosynthesis|[silent]\n|\n|upkeep\n|inactive|Thick and Creamy has 120 seconds left.\n|\n|t:|1700261715\n|switch|p2a: Ogerpon|Ogerpon-Wellspring, F|100\/100\n|turn|15\n|inactive|Thick and Creamy has 120 seconds left.\n|\n|t:|1700261721\n|move|p2a: Ogerpon|Encore|p1a: Zapdos\n|-start|p1a: Zapdos|Encore\n|move|p1a: Zapdos|Heat Wave|p2a: Ogerpon\n|-damage|p2a: Ogerpon|70\/100\n|\n|upkeep\n|turn|16\n|\n|t:|1700261726\n|move|p2a: Ogerpon|Swords Dance|p2a: Ogerpon\n|-boost|p2a: Ogerpon|atk|2\n|move|p1a: Zapdos|Heat Wave|p2a: Ogerpon|[miss]\n|-miss|p1a: Zapdos|p2a: Ogerpon\n|\n|upkeep\n|turn|17\n|\n|t:|1700261732\n|move|p2a: Ogerpon|Swords Dance|p2a: Ogerpon\n|-boost|p2a: Ogerpon|atk|2\n|move|p1a: Zapdos|Heat Wave|p2a: Ogerpon\n|-damage|p2a: Ogerpon|39\/100\n|\n|-end|p1a: Zapdos|Encore\n|upkeep\n|turn|18\n|\n|t:|1700261741\n|move|p2a: Ogerpon|Ivy Cudgel|p1a: Zapdos|[anim] Ivy Cudgel Water\n|-damage|p1a: Zapdos|0 fnt\n|faint|p1a: Zapdos\n|\n|upkeep\n|\n|t:|1700261744\n|switch|p1a: Heatran|Heatran, F|100\/100\n|-damage|p1a: Heatran|88\/100|[from] Stealth Rock\n|turn|19\n|\n|t:|1700261765\n|-terastallize|p1a: Heatran|Grass\n|move|p2a: Ogerpon|Power Whip|p1a: Heatran\n|-resisted|p1a: Heatran\n|-damage|p1a: Heatran|0 fnt\n|faint|p1a: Heatran\n|\n|upkeep\n|\n|t:|1700261771\n|switch|p1a: Gholdengo|Gholdengo|100\/100\n|-damage|p1a: Gholdengo|94\/100|[from] Stealth Rock\n|turn|20\n|c|\u2606Thick and Creamy|tsk tsk tsk\n|c|\u2606Thick and Creamy|naughty heatran\n|\n|t:|1700261784\n|move|p1a: Gholdengo|Shadow Ball|p2a: Ogerpon\n|-damage|p2a: Ogerpon|0 fnt\n|faint|p2a: Ogerpon\n|\n|upkeep\n|c|\u2606el_racoon_man|hehe\n|\n|t:|1700261797\n|switch|p2a: Great Tusk|Great Tusk|49\/100\n|turn|21\n|\n|t:|1700261804\n|move|p1a: Gholdengo|Shadow Ball|p2a: Great Tusk\n|-damage|p2a: Great Tusk|0 fnt\n|faint|p2a: Great Tusk\n|-end|p2a: Great Tusk|Protosynthesis|[silent]\n|\n|upkeep\n|inactive|Thick and Creamy has 120 seconds left.\n|\n|t:|1700261829\n|switch|p2a: Corviknight|Corviknight, F|100\/100\n|-ability|p2a: Corviknight|Pressure\n|turn|22\n|inactive|Thick and Creamy has 120 seconds left.\n|\n|t:|1700261840\n|move|p1a: Gholdengo|Shadow Ball|p2a: Corviknight\n|-damage|p2a: Corviknight|69\/100\n|move|p2a: Corviknight|Brave Bird|p1a: Gholdengo\n|-resisted|p1a: Gholdengo\n|-damage|p1a: Gholdengo|74\/100\n|-damage|p2a: Corviknight|64\/100|[from] Recoil\n|\n|-heal|p2a: Corviknight|70\/100|[from] item: Leftovers\n|upkeep\n|turn|23\n|\n|t:|1700261846\n|move|p1a: Gholdengo|Shadow Ball|p2a: Corviknight\n|-crit|p2a: Corviknight\n|-damage|p2a: Corviknight|27\/100\n|-unboost|p2a: Corviknight|spd|1\n|move|p2a: Corviknight|Roost|p2a: Corviknight\n|-heal|p2a: Corviknight|77\/100\n|-singleturn|p2a: Corviknight|move: Roost\n|\n|-heal|p2a: Corviknight|83\/100|[from] item: Leftovers\n|upkeep\n|turn|24\n|\n|t:|1700261861\n|switch|p2a: Walking Wake|Walking Wake|28\/100\n|move|p1a: Gholdengo|Shadow Ball|p2a: Walking Wake\n|-damage|p2a: Walking Wake|0 fnt\n|faint|p2a: Walking Wake\n|-end|p2a: Walking Wake|Protosynthesis|[silent]\n|\n|upkeep\n|\n|t:|1700261863\n|switch|p2a: Corviknight|Corviknight, F|83\/100\n|-ability|p2a: Corviknight|Pressure\n|turn|25\n|\n|t:|1700261875\n|move|p1a: Gholdengo|Shadow Ball|p2a: Corviknight\n|-damage|p2a: Corviknight|56\/100\n|move|p2a: Corviknight|Brave Bird|p1a: Gholdengo\n|-resisted|p1a: Gholdengo\n|-damage|p1a: Gholdengo|53\/100\n|-damage|p2a: Corviknight|51\/100|[from] Recoil\n|\n|-heal|p2a: Corviknight|57\/100|[from] item: Leftovers\n|upkeep\n|turn|26\n|\n|t:|1700261892\n|move|p1a: Gholdengo|Shadow Ball|p2a: Corviknight\n|-damage|p2a: Corviknight|27\/100\n|move|p2a: Corviknight|Roost|p2a: Corviknight\n|-heal|p2a: Corviknight|77\/100\n|-singleturn|p2a: Corviknight|move: Roost\n|\n|-heal|p2a: Corviknight|84\/100|[from] item: Leftovers\n|upkeep\n|turn|27\n|\n|t:|1700261896\n|move|p1a: Gholdengo|Shadow Ball|p2a: Corviknight\n|-damage|p2a: Corviknight|57\/100\n|move|p2a: Corviknight|Brave Bird|p1a: Gholdengo\n|-resisted|p1a: Gholdengo\n|-damage|p1a: Gholdengo|30\/100\n|-damage|p2a: Corviknight|51\/100|[from] Recoil\n|\n|-heal|p2a: Corviknight|57\/100|[from] item: Leftovers\n|upkeep\n|turn|28\n|\n|t:|1700261902\n|move|p1a: Gholdengo|Shadow Ball|p2a: Corviknight\n|-damage|p2a: Corviknight|25\/100\n|move|p2a: Corviknight|Brave Bird|p1a: Gholdengo\n|-resisted|p1a: Gholdengo\n|-damage|p1a: Gholdengo|8\/100\n|-damage|p2a: Corviknight|19\/100|[from] Recoil\n|\n|-heal|p2a: Corviknight|26\/100|[from] item: Leftovers\n|upkeep\n|turn|29\n|\n|t:|1700261907\n|move|p1a: Gholdengo|Shadow Ball|p2a: Corviknight\n|-damage|p2a: Corviknight|0 fnt\n|faint|p2a: Corviknight\n|\n|win|el_racoon_man\n|raw|el_racoon_man's rating: 1275 &rarr; <strong>1306<\/strong><br \/>(+31 for winning)\n|raw|Thick and Creamy's rating: 1365 &rarr; <strong>1340<\/strong><br \/>(-25 for losing)\n|l|\u2606Thick and Creamy\n|c|\u2606el_racoon_man|its gholdover\n","uploadtime":1700261993,"views":29,"p1id":"elracoonman","p2id":"thickandcreamy","formatid":"gen9ou","rating":1306,"private":0,"password":""}