{"id":"gen9ou-1999445025","p1":"Donkelyn","p2":"wyverbal","format":"[Gen 9] OU","log":"|j|\u2606Donkelyn\n|j|\u2606wyverbal\n|t:|1701081622\n|gametype|singles\n|player|p1|Donkelyn|101|1112\n|player|p2|wyverbal|265|1167\n|teamsize|p1|6\n|teamsize|p2|6\n|gen|9\n|tier|[Gen 9] OU\n|rated|\n|rule|Sleep Clause Mod: Limit one foe put to sleep\n|rule|Species Clause: Limit one of each Pok\u00e9mon\n|rule|OHKO Clause: OHKO moves are banned\n|rule|Evasion Items Clause: Evasion items are banned\n|rule|Evasion Moves Clause: Evasion moves are banned\n|rule|Endless Battle Clause: Forcing endless battles is banned\n|rule|HP Percentage Mod: HP is shown in percentages\n|clearpoke\n|poke|p1|Ceruledge, M|\n|poke|p1|Torkoal, M|\n|poke|p1|Great Tusk|\n|poke|p1|Lilligant-Hisui, F|\n|poke|p1|Walking Wake|\n|poke|p1|Cinderace, M|\n|poke|p2|Dipplin, M|\n|poke|p2|Enamorus-Therian, F|\n|poke|p2|Glimmora, M|\n|poke|p2|Alomomola, M|\n|poke|p2|Grimmsnarl, M|\n|poke|p2|Kommo-o, M|\n|teampreview\n|inactive|Battle timer is ON: inactive players will automatically lose when time's up. (requested by wyverbal)\n|\n|t:|1701081631\n|start\n|switch|p1a: Torkoal|Torkoal, M|100\/100\n|switch|p2a: Enamorus|Enamorus-Therian, F, shiny|100\/100\n|-weather|SunnyDay|[from] ability: Drought|[of] p1a: Torkoal\n|turn|1\n|\n|t:|1701081641\n|move|p2a: Enamorus|Agility|p2a: Enamorus\n|-boost|p2a: Enamorus|spe|2\n|move|p1a: Torkoal|Stealth Rock|p2a: Enamorus\n|-sidestart|p2: wyverbal|move: Stealth Rock\n|\n|-weather|SunnyDay|[upkeep]\n|upkeep\n|turn|2\n|\n|t:|1701081659\n|move|p2a: Enamorus|Earth Power|p1a: Torkoal\n|-supereffective|p1a: Torkoal\n|-damage|p1a: Torkoal|11\/100\n|move|p1a: Torkoal|Yawn|p2a: Enamorus\n|-start|p2a: Enamorus|move: Yawn|[of] p1a: Torkoal\n|\n|-weather|SunnyDay|[upkeep]\n|upkeep\n|turn|3\n|\n|t:|1701081681\n|switch|p1a: Lilligant|Lilligant-Hisui, F|100\/100\n|move|p2a: Enamorus|Moonblast|p1a: Lilligant\n|-supereffective|p1a: Lilligant\n|-damage|p1a: Lilligant|0 fnt\n|faint|p1a: Lilligant\n|\n|-weather|SunnyDay|[upkeep]\n|-end|p2a: Enamorus|move: Yawn|[silent]\n|-status|p2a: Enamorus|slp\n|upkeep\n|\n|t:|1701081689\n|switch|p1a: Ceruledge|Ceruledge, M|100\/100\n|turn|4\n|\n|t:|1701081713\n|switch|p2a: Dipplin|Dipplin, M, shiny|100\/100\n|-damage|p2a: Dipplin|88\/100|[from] Stealth Rock\n|move|p1a: Ceruledge|Swords Dance|p1a: Ceruledge\n|-boost|p1a: Ceruledge|atk|2\n|\n|-weather|SunnyDay|[upkeep]\n|upkeep\n|turn|5\n|\n|t:|1701081722\n|move|p1a: Ceruledge|Bitter Blade|p2a: Dipplin\n|-damage|p2a: Dipplin|22\/100\n|move|p2a: Dipplin|Dragon Tail|p1a: Ceruledge\n|-damage|p1a: Ceruledge|79\/100\n|drag|p1a: Cinderace|Cinderace, M|100\/100\n|\n|-weather|SunnyDay|[upkeep]\n|upkeep\n|turn|6\n|\n|t:|1701081731\n|switch|p2a: Alomomola|Alomomola, M, shiny|100\/100\n|-damage|p2a: Alomomola|88\/100|[from] Stealth Rock\n|move|p1a: Cinderace|U-turn|p2a: Alomomola\n|-start|p1a: Cinderace|typechange|Bug|[from] ability: Libero\n|-damage|p2a: Alomomola|72\/100\n|\n|t:|1701081756\n|switch|p1a: Walking Wake|Walking Wake|100\/100|[from] U-turn\n|-activate|p1a: Walking Wake|ability: Protosynthesis\n|-start|p1a: Walking Wake|protosynthesisspe\n|\n|-weather|SunnyDay|[upkeep]\n|upkeep\n|turn|7\n|\n|t:|1701081767\n|switch|p2a: Grimmsnarl|Grimmsnarl, M, shiny|100\/100\n|-damage|p2a: Grimmsnarl|88\/100|[from] Stealth Rock\n|-terastallize|p1a: Walking Wake|Dragon\n|move|p1a: Walking Wake|Dragon Pulse|p2a: Grimmsnarl\n|-immune|p2a: Grimmsnarl\n|\n|-weather|SunnyDay|[upkeep]\n|upkeep\n|turn|8\n|\n|t:|1701081777\n|-end|p1a: Walking Wake|Protosynthesis|[silent]\n|switch|p1a: Great Tusk|Great Tusk|100\/100\n|-activate|p1a: Great Tusk|ability: Protosynthesis\n|-start|p1a: Great Tusk|protosynthesisatk\n|move|p2a: Grimmsnarl|Light Screen|p2a: Grimmsnarl\n|-sidestart|p2: wyverbal|move: Light Screen\n|\n|-weather|none\n|-end|p1a: Great Tusk|Protosynthesis\n|upkeep\n|turn|9\n|\n|t:|1701081787\n|move|p1a: Great Tusk|Headlong Rush|p2a: Grimmsnarl\n|-damage|p2a: Grimmsnarl|10\/100\n|-unboost|p1a: Great Tusk|def|1\n|-unboost|p1a: Great Tusk|spd|1\n|move|p2a: Grimmsnarl|Spirit Break|p1a: Great Tusk\n|-supereffective|p1a: Great Tusk\n|-damage|p1a: Great Tusk|11\/100\n|-unboost|p1a: Great Tusk|spa|1\n|\n|-heal|p1a: Great Tusk|17\/100|[from] item: Leftovers\n|upkeep\n|turn|10\n|\n|t:|1701081799\n|move|p2a: Grimmsnarl|Sucker Punch|p1a: Great Tusk\n|-resisted|p1a: Great Tusk\n|-damage|p1a: Great Tusk|0 fnt\n|faint|p1a: Great Tusk\n|-end|p1a: Great Tusk|Protosynthesis|[silent]\n|\n|upkeep\n|\n|t:|1701081802\n|switch|p1a: Torkoal|Torkoal, M|11\/100\n|-weather|SunnyDay|[from] ability: Drought|[of] p1a: Torkoal\n|turn|11\n|\n|t:|1701081809\n|move|p2a: Grimmsnarl|Parting Shot|p1a: Torkoal\n|-unboost|p1a: Torkoal|atk|1\n|-unboost|p1a: Torkoal|spa|1\n|\n|t:|1701081813\n|switch|p2a: Alomomola|Alomomola, M, shiny|100\/100|[from] Parting Shot\n|-damage|p2a: Alomomola|88\/100|[from] Stealth Rock\n|move|p1a: Torkoal|Yawn|p2a: Alomomola\n|-start|p2a: Alomomola|move: Yawn|[of] p1a: Torkoal\n|\n|-weather|SunnyDay|[upkeep]\n|upkeep\n|turn|12\n|\n|t:|1701081828\n|switch|p1a: Walking Wake|Walking Wake, tera:Dragon|100\/100\n|-activate|p1a: Walking Wake|ability: Protosynthesis\n|-start|p1a: Walking Wake|protosynthesisspe\n|move|p2a: Alomomola|Wish|p2a: Alomomola\n|\n|-weather|SunnyDay|[upkeep]\n|-end|p2a: Alomomola|move: Yawn|[silent]\n|-message|Sleep Clause Mod activated.\n|-hint|Sleep Clause Mod prevents players from putting more than one of their opponent's Pok\u00e9mon to sleep at a time\n|upkeep\n|turn|13\n|\n|t:|1701081842\n|move|p1a: Walking Wake|Hydro Steam|p2a: Alomomola\n|-resisted|p2a: Alomomola\n|-damage|p2a: Alomomola|66\/100\n|move|p2a: Alomomola|Flip Turn|p1a: Walking Wake\n|-resisted|p1a: Walking Wake\n|-damage|p1a: Walking Wake|98\/100\n|\n|t:|1701081856\n|switch|p2a: Grimmsnarl|Grimmsnarl, M, shiny|10\/100|[from] Flip Turn\n|-damage|p2a: Grimmsnarl|0 fnt|[from] Stealth Rock\n|faint|p2a: Grimmsnarl\n|\n|-weather|SunnyDay|[upkeep]\n|upkeep\n|\n|t:|1701081875\n|switch|p2a: Kommo-o|Kommo-o, M, shiny|100\/100\n|-damage|p2a: Kommo-o|94\/100|[from] Stealth Rock\n|turn|14\n|\n|t:|1701081892\n|-end|p1a: Walking Wake|Protosynthesis|[silent]\n|switch|p1a: Cinderace|Cinderace, M|100\/100\n|-terastallize|p2a: Kommo-o|Fire\n|move|p2a: Kommo-o|Clanging Scales|p1a: Cinderace\n|-damage|p1a: Cinderace|30\/100\n|-unboost|p2a: Kommo-o|def|1\n|\n|-weather|SunnyDay|[upkeep]\n|upkeep\n|turn|15\n|\n|t:|1701081906\n|move|p1a: Cinderace|High Jump Kick|p2a: Kommo-o\n|-start|p1a: Cinderace|typechange|Fighting|[from] ability: Libero\n|-damage|p2a: Kommo-o|20\/100\n|move|p2a: Kommo-o|Clanging Scales|p1a: Cinderace\n|-damage|p1a: Cinderace|0 fnt\n|faint|p1a: Cinderace\n|-unboost|p2a: Kommo-o|def|1\n|\n|-weather|SunnyDay|[upkeep]\n|-sideend|p2: wyverbal|move: Light Screen\n|upkeep\n|\n|t:|1701081916\n|switch|p1a: Ceruledge|Ceruledge, M|79\/100\n|turn|16\n|\n|t:|1701081935\n|move|p1a: Ceruledge|Swords Dance|p1a: Ceruledge\n|-boost|p1a: Ceruledge|atk|2\n|move|p2a: Kommo-o|Clanging Scales|p1a: Ceruledge\n|-damage|p1a: Ceruledge|33\/100\n|-unboost|p2a: Kommo-o|def|1\n|\n|-weather|SunnyDay|[upkeep]\n|-heal|p1a: Ceruledge|39\/100|[from] item: Leftovers\n|upkeep\n|turn|17\n|\n|t:|1701081950\n|move|p1a: Ceruledge|Bitter Blade|p2a: Kommo-o\n|-resisted|p2a: Kommo-o\n|-damage|p2a: Kommo-o|0 fnt\n|-heal|p1a: Ceruledge|48\/100|[from] drain|[of] p2a: Kommo-o\n|faint|p2a: Kommo-o\n|\n|-weather|SunnyDay|[upkeep]\n|-heal|p1a: Ceruledge|55\/100|[from] item: Leftovers\n|upkeep\n|\n|t:|1701081966\n|switch|p2a: Glimmora|Glimmora, M, shiny|100\/100\n|-damage|p2a: Glimmora|88\/100|[from] Stealth Rock\n|-item|p2a: Glimmora|Air Balloon\n|turn|18\n|\n|t:|1701081975\n|move|p2a: Glimmora|Power Gem|p1a: Ceruledge\n|-supereffective|p1a: Ceruledge\n|-crit|p1a: Ceruledge\n|-damage|p1a: Ceruledge|0 fnt\n|faint|p1a: Ceruledge\n|\n|-weather|none\n|upkeep\n|\n|t:|1701081981\n|switch|p1a: Torkoal|Torkoal, M|11\/100\n|-weather|SunnyDay|[from] ability: Drought|[of] p1a: Torkoal\n|turn|19\n|\n|t:|1701081989\n|move|p2a: Glimmora|Spiky Shield|p2a: Glimmora\n|-singleturn|p2a: Glimmora|move: Protect\n|move|p1a: Torkoal|Lava Plume|p2a: Glimmora\n|-activate|p2a: Glimmora|move: Protect\n|\n|-weather|SunnyDay|[upkeep]\n|upkeep\n|turn|20\n|\n|t:|1701082001\n|move|p2a: Glimmora|Toxic|p1a: Torkoal\n|-status|p1a: Torkoal|tox\n|move|p1a: Torkoal|Lava Plume|p2a: Glimmora\n|-resisted|p2a: Glimmora\n|-damage|p2a: Glimmora|69\/100\n|-status|p2a: Glimmora|brn\n|-enditem|p2a: Glimmora|Air Balloon\n|\n|-weather|SunnyDay|[upkeep]\n|-damage|p1a: Torkoal|5\/100 tox|[from] psn\n|-damage|p2a: Glimmora|63\/100 brn|[from] brn\n|upkeep\n|turn|21\n|\n|t:|1701082023\n|move|p2a: Glimmora|Mortal Spin|p1a: Torkoal\n|-damage|p1a: Torkoal|3\/100 tox\n|-sideend|p2: wyverbal|Stealth Rock|[from] move: Mortal Spin|[of] p2a: Glimmora\n|move|p1a: Torkoal|Lava Plume|p2a: Glimmora\n|-resisted|p2a: Glimmora\n|-damage|p2a: Glimmora|43\/100 brn\n|\n|-weather|SunnyDay|[upkeep]\n|-damage|p1a: Torkoal|0 fnt|[from] psn\n|faint|p1a: Torkoal\n|-damage|p2a: Glimmora|37\/100 brn|[from] brn\n|upkeep\n|\n|t:|1701082028\n|switch|p1a: Walking Wake|Walking Wake, tera:Dragon|98\/100\n|-activate|p1a: Walking Wake|ability: Protosynthesis\n|-start|p1a: Walking Wake|protosynthesisspe\n|turn|22\n|\n|t:|1701082044\n|move|p2a: Glimmora|Spiky Shield|p2a: Glimmora\n|-singleturn|p2a: Glimmora|move: Protect\n|move|p1a: Walking Wake|Hydro Steam|p2a: Glimmora\n|-activate|p2a: Glimmora|move: Protect\n|\n|-weather|SunnyDay|[upkeep]\n|-damage|p2a: Glimmora|31\/100 brn|[from] brn\n|upkeep\n|turn|23\n|\n|t:|1701082054\n|switch|p2a: Alomomola|Alomomola, M, shiny|99\/100\n|move|p1a: Walking Wake|Hydro Steam|p2a: Alomomola\n|-resisted|p2a: Alomomola\n|-damage|p2a: Alomomola|53\/100\n|\n|-weather|SunnyDay|[upkeep]\n|upkeep\n|turn|24\n|\n|t:|1701082063\n|move|p2a: Alomomola|Protect|p2a: Alomomola\n|-singleturn|p2a: Alomomola|Protect\n|move|p1a: Walking Wake|Hydro Steam|p2a: Alomomola\n|-activate|p2a: Alomomola|move: Protect\n|\n|-weather|SunnyDay|[upkeep]\n|upkeep\n|turn|25\n|\n|t:|1701082080\n|switch|p2a: Dipplin|Dipplin, M, shiny|22\/100\n|move|p1a: Walking Wake|Hydro Steam|p2a: Dipplin\n|-resisted|p2a: Dipplin\n|-damage|p2a: Dipplin|9\/100\n|\n|-weather|SunnyDay|[upkeep]\n|upkeep\n|turn|26\n|\n|t:|1701082094\n|move|p1a: Walking Wake|Hydro Steam|p2a: Dipplin\n|-resisted|p2a: Dipplin\n|-damage|p2a: Dipplin|0 fnt\n|faint|p2a: Dipplin\n|\n|-weather|none\n|-end|p1a: Walking Wake|Protosynthesis\n|upkeep\n|\n|t:|1701082116\n|switch|p2a: Alomomola|Alomomola, M, shiny|86\/100\n|turn|27\n|\n|t:|1701082119\n|move|p1a: Walking Wake|Hydro Steam|p2a: Alomomola\n|-resisted|p2a: Alomomola\n|-damage|p2a: Alomomola|56\/100\n|move|p2a: Alomomola|Wish|p2a: Alomomola\n|\n|upkeep\n|turn|28\n|\n|t:|1701082134\n|move|p1a: Walking Wake|Hydro Steam|p2a: Alomomola\n|-resisted|p2a: Alomomola\n|-damage|p2a: Alomomola|26\/100\n|move|p2a: Alomomola|Flip Turn|p1a: Walking Wake\n|-resisted|p1a: Walking Wake\n|-damage|p1a: Walking Wake|91\/100\n|\n|t:|1701082140\n|switch|p2a: Glimmora|Glimmora, M, shiny|31\/100 brn|[from] Flip Turn\n|\n|-heal|p2a: Glimmora|100\/100 brn|[from] move: Wish|[wisher] Alomomola\n|-damage|p2a: Glimmora|94\/100 brn|[from] brn\n|upkeep\n|turn|29\n|\n|t:|1701082154\n|move|p2a: Glimmora|Spiky Shield|p2a: Glimmora\n|-singleturn|p2a: Glimmora|move: Protect\n|move|p1a: Walking Wake|Hydro Steam|p2a: Glimmora\n|-activate|p2a: Glimmora|move: Protect\n|\n|-damage|p2a: Glimmora|88\/100 brn|[from] brn\n|upkeep\n|turn|30\n|\n|t:|1701082173\n|switch|p2a: Alomomola|Alomomola, M, shiny|59\/100\n|move|p1a: Walking Wake|Hydro Steam|p2a: Alomomola\n|-resisted|p2a: Alomomola\n|-damage|p2a: Alomomola|30\/100\n|\n|upkeep\n|turn|31\n|\n|t:|1701082180\n|move|p2a: Alomomola|Protect|p2a: Alomomola\n|-singleturn|p2a: Alomomola|Protect\n|move|p1a: Walking Wake|Hydro Steam|p2a: Alomomola\n|-activate|p2a: Alomomola|move: Protect\n|\n|upkeep\n|turn|32\n|\n|t:|1701082186\n|switch|p2a: Enamorus|Enamorus-Therian, F, shiny|100\/100 slp\n|move|p1a: Walking Wake|Hydro Steam|p2a: Enamorus\n|-damage|p2a: Enamorus|46\/100 slp\n|\n|upkeep\n|turn|33\n|\n|t:|1701082192\n|switch|p2a: Alomomola|Alomomola, M, shiny|63\/100\n|move|p1a: Walking Wake|Hydro Steam|p2a: Alomomola\n|-resisted|p2a: Alomomola\n|-damage|p2a: Alomomola|34\/100\n|\n|upkeep\n|turn|34\n|\n|t:|1701082199\n|move|p1a: Walking Wake|Hydro Steam|p2a: Alomomola\n|-resisted|p2a: Alomomola\n|-damage|p2a: Alomomola|6\/100\n|move|p2a: Alomomola|Wish|p2a: Alomomola\n|\n|upkeep\n|turn|35\n|\n|t:|1701082219\n|move|p2a: Alomomola|Protect|p2a: Alomomola\n|-singleturn|p2a: Alomomola|Protect\n|move|p1a: Walking Wake|Hydro Steam|p2a: Alomomola\n|-activate|p2a: Alomomola|move: Protect\n|\n|-heal|p2a: Alomomola|56\/100|[from] move: Wish|[wisher] Alomomola\n|upkeep\n|turn|36\n|\n|t:|1701082227\n|move|p1a: Walking Wake|Hydro Steam|p2a: Alomomola\n|-resisted|p2a: Alomomola\n|-damage|p2a: Alomomola|26\/100\n|move|p2a: Alomomola|Wish|p2a: Alomomola\n|\n|upkeep\n|turn|37\n|\n|t:|1701082231\n|move|p2a: Alomomola|Protect|p2a: Alomomola\n|-singleturn|p2a: Alomomola|Protect\n|move|p1a: Walking Wake|Hydro Steam|p2a: Alomomola\n|-activate|p2a: Alomomola|move: Protect\n|\n|-heal|p2a: Alomomola|76\/100|[from] move: Wish|[wisher] Alomomola\n|upkeep\n|turn|38\n|\n|t:|1701082236\n|move|p1a: Walking Wake|Hydro Steam|p2a: Alomomola\n|-resisted|p2a: Alomomola\n|-damage|p2a: Alomomola|44\/100\n|move|p2a: Alomomola|Wish|p2a: Alomomola\n|\n|upkeep\n|turn|39\n|\n|t:|1701082244\n|move|p2a: Alomomola|Protect|p2a: Alomomola\n|-singleturn|p2a: Alomomola|Protect\n|move|p1a: Walking Wake|Hydro Steam|p2a: Alomomola\n|-activate|p2a: Alomomola|move: Protect\n|\n|-heal|p2a: Alomomola|94\/100|[from] move: Wish|[wisher] Alomomola\n|upkeep\n|turn|40\n|\n|t:|1701082251\n|move|p1a: Walking Wake|Hydro Steam|p2a: Alomomola\n|-resisted|p2a: Alomomola\n|-damage|p2a: Alomomola|62\/100\n|move|p2a: Alomomola|Wish|p2a: Alomomola\n|\n|upkeep\n|turn|41\n|\n|t:|1701082257\n|move|p2a: Alomomola|Protect|p2a: Alomomola\n|-singleturn|p2a: Alomomola|Protect\n|move|p1a: Walking Wake|Hydro Steam|p2a: Alomomola\n|-activate|p2a: Alomomola|move: Protect\n|\n|-heal|p2a: Alomomola|100\/100|[from] move: Wish|[wisher] Alomomola\n|upkeep\n|turn|42\n|\n|t:|1701082261\n|move|p1a: Walking Wake|Hydro Steam|p2a: Alomomola\n|-resisted|p2a: Alomomola\n|-damage|p2a: Alomomola|69\/100\n|move|p2a: Alomomola|Wish|p2a: Alomomola\n|\n|upkeep\n|turn|43\n|\n|t:|1701082278\n|move|p2a: Alomomola|Protect|p2a: Alomomola\n|-singleturn|p2a: Alomomola|Protect\n|move|p1a: Walking Wake|Hydro Steam|p2a: Alomomola\n|-activate|p2a: Alomomola|move: Protect\n|\n|-heal|p2a: Alomomola|100\/100|[from] move: Wish|[wisher] Alomomola\n|upkeep\n|turn|44\n|-message|Donkelyn forfeited.\n|\n|win|wyverbal\n|raw|Donkelyn's rating: 1091 &rarr; <strong>1072<\/strong><br \/>(-19 for losing)\n|raw|wyverbal's rating: 1167 &rarr; <strong>1187<\/strong><br \/>(+20 for winning)\n|l|\u2606Donkelyn\n","uploadtime":1701082288,"views":6,"p1id":"donkelyn","p2id":"wyverbal","formatid":"gen9ou","rating":1072,"private":0,"password":""}