{"id":"gen9ou-1990795952","p1":"boltaway","p2":"seakingmissile","format":"[Gen 9] OU","log":"|j|\u203dboltaway\n|j|\u2606seakingmissile\n|t:|1700001674\n|gametype|singles\n|player|p1|boltaway|nemona-s|1455\n|player|p2|seakingmissile|larry|1434\n|teamsize|p1|6\n|teamsize|p2|6\n|gen|9\n|tier|[Gen 9] OU\n|rated|\n|rule|Sleep Clause Mod: Limit one foe put to sleep\n|rule|Species Clause: Limit one of each Pok\u00e9mon\n|rule|OHKO Clause: OHKO moves are banned\n|rule|Evasion Items Clause: Evasion items are banned\n|rule|Evasion Moves Clause: Evasion moves are banned\n|rule|Endless Battle Clause: Forcing endless battles is banned\n|rule|HP Percentage Mod: HP is shown in percentages\n|clearpoke\n|poke|p1|Manaphy|\n|poke|p1|Heatran, F|\n|poke|p1|Ogerpon, F|\n|poke|p1|Weavile, M|\n|poke|p1|Gholdengo|\n|poke|p1|Landorus-Therian, M|\n|poke|p2|Landorus-Therian, M|\n|poke|p2|Meloetta|\n|poke|p2|Zapdos|\n|poke|p2|Cinderace, F|\n|poke|p2|Slowking-Galar, F|\n|poke|p2|Iron Valiant|\n|teampreview\n|inactive|Battle timer is ON: inactive players will automatically lose when time's up. (requested by boltaway)\n|c|\u2606seakingmissile|glhf\n|\n|t:|1700001690\n|start\n|switch|p1a: Manaphy|Manaphy|100\/100\n|switch|p2a: Landorus|Landorus-Therian, M|100\/100\n|-ability|p2a: Landorus|Intimidate|boost\n|-unboost|p1a: Manaphy|atk|1\n|turn|1\n|\n|t:|1700001696\n|move|p2a: Landorus|Earthquake|p1a: Manaphy\n|-damage|p1a: Manaphy|56\/100\n|move|p1a: Manaphy|Ice Beam|p2a: Landorus\n|-supereffective|p2a: Landorus\n|-damage|p2a: Landorus|0 fnt\n|faint|p2a: Landorus\n|\n|upkeep\n|\n|t:|1700001700\n|switch|p2a: Meloetta|Meloetta|100\/100\n|turn|2\n|\n|t:|1700001705\n|move|p2a: Meloetta|Relic Song|p1a: Manaphy\n|-crit|p1a: Manaphy\n|-damage|p1a: Manaphy|36\/100\n|-status|p1a: Manaphy|slp|[from] move: Relic Song\n|-formechange|p2a: Meloetta|Meloetta-Pirouette|[msg]\n|cant|p1a: Manaphy|slp\n|\n|upkeep\n|turn|3\n|\n|t:|1700001714\n|switch|p1a: Gholdengo|Gholdengo|100\/100\n|-item|p1a: Gholdengo|Air Balloon\n|move|p2a: Meloetta|Swords Dance|p2a: Meloetta\n|-boost|p2a: Meloetta|atk|2\n|\n|upkeep\n|turn|4\n|\n|t:|1700001720\n|move|p2a: Meloetta|Knock Off|p1a: Gholdengo\n|-supereffective|p1a: Gholdengo\n|-damage|p1a: Gholdengo|0 fnt\n|-enditem|p1a: Gholdengo|Air Balloon\n|faint|p1a: Gholdengo\n|\n|upkeep\n|\n|t:|1700001726\n|switch|p1a: Landorus|Landorus-Therian, M|100\/100\n|-ability|p1a: Landorus|Intimidate|boost\n|-unboost|p2a: Meloetta|atk|1\n|turn|5\n|\n|t:|1700001735\n|move|p2a: Meloetta|Swords Dance|p2a: Meloetta\n|-boost|p2a: Meloetta|atk|2\n|move|p1a: Landorus|Earthquake|p2a: Meloetta\n|-damage|p2a: Meloetta|36\/100\n|\n|-heal|p2a: Meloetta|42\/100|[from] item: Leftovers\n|upkeep\n|turn|6\n|\n|t:|1700001740\n|-terastallize|p2a: Meloetta|Dark\n|move|p2a: Meloetta|Knock Off|p1a: Landorus\n|-damage|p1a: Landorus|0 fnt\n|-enditem|p1a: Landorus|Leftovers|[from] move: Knock Off|[of] p2a: Meloetta\n|faint|p1a: Landorus\n|\n|-heal|p2a: Meloetta|48\/100|[from] item: Leftovers\n|upkeep\n|\n|t:|1700001757\n|switch|p1a: Ogerpon|Ogerpon, F|100\/100\n|turn|7\n|\n|t:|1700001765\n|-terastallize|p1a: Ogerpon|Grass\n|detailschange|p1a: Ogerpon|Ogerpon-Teal-Tera, F, tera:Grass\n|-ability|p1a: Ogerpon|Embody Aspect (Teal)|boost\n|-boost|p1a: Ogerpon|spe|1\n|move|p1a: Ogerpon|Ivy Cudgel|p2a: Meloetta\n|-damage|p2a: Meloetta|0 fnt\n|faint|p2a: Meloetta\n|\n|upkeep\n|\n|t:|1700001771\n|switch|p2a: Cinderace|Cinderace, F|100\/100\n|turn|8\n|\n|t:|1700001775\n|switch|p1a: Heatran|Heatran, F|100\/100\n|move|p2a: Cinderace|Pyro Ball|p1a: Heatran\n|-damage|p1a: Heatran|55\/100\n|\n|-heal|p1a: Heatran|61\/100|[from] item: Leftovers\n|upkeep\n|turn|9\n|\n|t:|1700001785\n|move|p2a: Cinderace|High Jump Kick|p1a: Heatran\n|-start|p2a: Cinderace|typechange|Fighting|[from] ability: Libero\n|-supereffective|p1a: Heatran\n|-damage|p1a: Heatran|0 fnt\n|faint|p1a: Heatran\n|\n|upkeep\n|\n|t:|1700001792\n|switch|p1a: Ogerpon|Ogerpon-Teal-Tera, F, tera:Grass|100\/100\n|-ability|p1a: Ogerpon|Embody Aspect (Teal)|boost\n|-boost|p1a: Ogerpon|spe|1\n|turn|10\n|\n|t:|1700001796\n|switch|p2a: Zapdos|Zapdos|100\/100\n|move|p1a: Ogerpon|Ivy Cudgel|p2a: Zapdos\n|-resisted|p2a: Zapdos\n|-damage|p2a: Zapdos|69\/100\n|\n|upkeep\n|turn|11\n|\n|t:|1700001804\n|move|p1a: Ogerpon|Swords Dance|p1a: Ogerpon\n|-boost|p1a: Ogerpon|atk|2\n|move|p2a: Zapdos|Roost|p2a: Zapdos\n|-heal|p2a: Zapdos|100\/100\n|-singleturn|p2a: Zapdos|move: Roost\n|\n|upkeep\n|turn|12\n|\n|t:|1700001810\n|move|p1a: Ogerpon|Knock Off|p2a: Zapdos\n|-damage|p2a: Zapdos|39\/100\n|-status|p1a: Ogerpon|par|[from] ability: Static|[of] p2a: Zapdos\n|-enditem|p2a: Zapdos|Heavy-Duty Boots|[from] move: Knock Off|[of] p1a: Ogerpon\n|move|p2a: Zapdos|Hurricane|p1a: Ogerpon\n|-supereffective|p1a: Ogerpon\n|-damage|p1a: Ogerpon|0 fnt\n|faint|p1a: Ogerpon\n|\n|upkeep\n|c|\u2606seakingmissile|what item even was that ogerpon\n|\n|t:|1700001818\n|switch|p1a: Weavile|Weavile, M|100\/100\n|-ability|p1a: Weavile|Pressure\n|turn|13\n|\n|t:|1700001823\n|move|p1a: Weavile|Swords Dance|p1a: Weavile\n|-boost|p1a: Weavile|atk|2\n|move|p2a: Zapdos|Roost|p2a: Zapdos\n|-heal|p2a: Zapdos|90\/100\n|-singleturn|p2a: Zapdos|move: Roost\n|\n|upkeep\n|turn|14\n|\n|t:|1700001830\n|move|p1a: Weavile|Ice Shard|p2a: Zapdos\n|-supereffective|p2a: Zapdos\n|-damage|p2a: Zapdos|4\/100\n|move|p2a: Zapdos|Discharge|p1a: Weavile\n|-damage|p1a: Weavile|42\/100\n|\n|upkeep\n|turn|15\n|\n|t:|1700001837\n|move|p1a: Weavile|Ice Shard|p2a: Zapdos\n|-supereffective|p2a: Zapdos\n|-damage|p2a: Zapdos|0 fnt\n|faint|p2a: Zapdos\n|\n|upkeep\n|\n|t:|1700001841\n|switch|p2a: Iron Valiant|Iron Valiant|100\/100\n|-enditem|p2a: Iron Valiant|Booster Energy\n|-activate|p2a: Iron Valiant|ability: Quark Drive|[fromitem]\n|-start|p2a: Iron Valiant|quarkdrivespe\n|turn|16\n|\n|t:|1700001846\n|move|p1a: Weavile|Ice Shard|p2a: Iron Valiant\n|-damage|p2a: Iron Valiant|46\/100\n|move|p2a: Iron Valiant|Moonblast|p1a: Weavile\n|-supereffective|p1a: Weavile\n|-crit|p1a: Weavile\n|-damage|p1a: Weavile|0 fnt\n|faint|p1a: Weavile\n|\n|upkeep\n|c|\u2606seakingmissile|gg\n|\n|t:|1700001852\n|switch|p1a: Manaphy|Manaphy|36\/100 slp\n|turn|17\n|\n|t:|1700001855\n|move|p2a: Iron Valiant|Moonblast|p1a: Manaphy\n|-damage|p1a: Manaphy|16\/100 slp\n|-unboost|p1a: Manaphy|spa|1\n|cant|p1a: Manaphy|slp\n|\n|upkeep\n|turn|18\n|-message|boltaway forfeited.\n|\n|win|seakingmissile\n|raw|boltaway's rating: 1455 &rarr; <strong>1434<\/strong><br \/>(-21 for losing)\n|raw|seakingmissile's rating: 1434 &rarr; <strong>1455<\/strong><br \/>(+21 for winning)\n|l|\u203dboltaway\n","uploadtime":1700001864,"views":17,"p1id":"boltaway","p2id":"seakingmissile","formatid":"gen9ou","rating":1434,"private":0,"password":""}