{"id":"gen9ou-1991378341","p1":"bebouno","p2":"AnvilPro","format":"[Gen 9] OU","log":"|j|\u2606bebouno\n|j|\u2606AnvilPro\n|t:|1700072139\n|gametype|singles\n|player|p1|bebouno|265|1067\n|player|p2|AnvilPro|backersf|1082\n|teamsize|p1|6\n|teamsize|p2|6\n|gen|9\n|tier|[Gen 9] OU\n|rated|\n|rule|Sleep Clause Mod: Limit one foe put to sleep\n|rule|Species Clause: Limit one of each Pok\u00e9mon\n|rule|OHKO Clause: OHKO moves are banned\n|rule|Evasion Items Clause: Evasion items are banned\n|rule|Evasion Moves Clause: Evasion moves are banned\n|rule|Endless Battle Clause: Forcing endless battles is banned\n|rule|HP Percentage Mod: HP is shown in percentages\n|clearpoke\n|poke|p1|Slowking, F|\n|poke|p1|Avalugg, M|\n|poke|p1|Greninja-*, F|\n|poke|p1|Ribombee, M|\n|poke|p1|Scizor, M|\n|poke|p1|Great Tusk|\n|poke|p2|Ogerpon-Cornerstone, F|\n|poke|p2|Clefable, F|\n|poke|p2|Dragonite, F|\n|poke|p2|Walking Wake|\n|poke|p2|Hatterene, F|\n|poke|p2|Great Tusk|\n|teampreview\n|inactive|Battle timer is ON: inactive players will automatically lose when time's up. (requested by AnvilPro)\n|\n|t:|1700072166\n|start\n|switch|p1a: Ribombee|Ribombee, M|100\/100\n|switch|p2a: Hatterene|Hatterene, F|100\/100\n|turn|1\n|\n|t:|1700072176\n|move|p1a: Ribombee|U-turn|p2a: Hatterene\n|-damage|p2a: Hatterene|82\/100\n|\n|t:|1700072195\n|switch|p1a: Slowking|Slowking, F|100\/100|[from] U-turn\n|move|p2a: Hatterene|Mystical Fire|p1a: Slowking\n|-resisted|p1a: Slowking\n|-damage|p1a: Slowking|91\/100\n|-unboost|p1a: Slowking|spa|1\n|\n|upkeep\n|turn|2\n|\n|t:|1700072217\n|move|p2a: Hatterene|Mystical Fire|p1a: Slowking\n|-resisted|p1a: Slowking\n|-damage|p1a: Slowking|82\/100\n|-unboost|p1a: Slowking|spa|1\n|move|p1a: Slowking|Future Sight|p2a: Hatterene\n|-start|p1a: Slowking|move: Future Sight\n|\n|upkeep\n|turn|3\n|\n|t:|1700072230\n|move|p2a: Hatterene|Mystical Fire|p1a: Slowking\n|-resisted|p1a: Slowking\n|-crit|p1a: Slowking\n|-damage|p1a: Slowking|69\/100\n|-unboost|p1a: Slowking|spa|1\n|move|p1a: Slowking|Chilly Reception|p1a: Slowking\n|-weather|Snow\n|\n|t:|1700072242\n|switch|p1a: Greninja|Greninja, F|100\/100|[from] Chilly Reception\n|\n|-weather|Snow|[upkeep]\n|upkeep\n|turn|4\n|\n|t:|1700072246\n|move|p1a: Greninja|Blizzard|p2a: Hatterene\n|-start|p1a: Greninja|typechange|Ice|[from] ability: Protean\n|-damage|p2a: Hatterene|0 fnt\n|faint|p2a: Hatterene\n|\n|-weather|Snow|[upkeep]\n|-hint|Future Sight did not hit because the target is fainted.\n|upkeep\n|\n|t:|1700072264\n|switch|p2a: Clefable|Clefable, F|100\/100\n|turn|5\n|\n|t:|1700072277\n|switch|p1a: Ribombee|Ribombee, M|100\/100\n|move|p2a: Clefable|Trick|p1a: Ribombee\n|-activate|p2a: Clefable|move: Trick|[of] p1a: Ribombee\n|-item|p1a: Ribombee|Lagging Tail|[from] move: Trick\n|-item|p2a: Clefable|Wide Lens|[from] move: Trick\n|\n|-weather|Snow|[upkeep]\n|upkeep\n|turn|6\n|\n|t:|1700072282\n|move|p2a: Clefable|Stealth Rock|p1a: Ribombee\n|-sidestart|p1: bebouno|move: Stealth Rock\n|move|p1a: Ribombee|Sticky Web|p2a: Clefable\n|-sidestart|p2: AnvilPro|move: Sticky Web\n|\n|-weather|Snow|[upkeep]\n|upkeep\n|turn|7\n|\n|t:|1700072289\n|switch|p2a: Great Tusk|Great Tusk|100\/100\n|-activate|p2a: Great Tusk|move: Sticky Web\n|-unboost|p2a: Great Tusk|spe|1\n|move|p1a: Ribombee|Stun Spore|p2a: Great Tusk\n|-status|p2a: Great Tusk|par\n|\n|-weather|Snow|[upkeep]\n|upkeep\n|turn|8\n|\n|t:|1700072292\n|move|p2a: Great Tusk|Rapid Spin|p1a: Ribombee\n|-damage|p1a: Ribombee|73\/100\n|-boost|p2a: Great Tusk|spe|1\n|-sideend|p2: AnvilPro|Sticky Web|[from] move: Rapid Spin|[of] p2a: Great Tusk\n|move|p1a: Ribombee|Moonblast|p2a: Great Tusk\n|-supereffective|p2a: Great Tusk\n|-damage|p2a: Great Tusk|2\/100 par\n|-unboost|p2a: Great Tusk|spa|1\n|\n|-weather|Snow|[upkeep]\n|upkeep\n|turn|9\n|\n|t:|1700072300\n|move|p2a: Great Tusk|Earthquake|p1a: Ribombee\n|-resisted|p1a: Ribombee\n|-damage|p1a: Ribombee|29\/100\n|move|p1a: Ribombee|Moonblast|p2a: Great Tusk\n|-supereffective|p2a: Great Tusk\n|-damage|p2a: Great Tusk|0 fnt\n|faint|p2a: Great Tusk\n|-end|p2a: Great Tusk|Protosynthesis|[silent]\n|\n|-weather|Snow|[upkeep]\n|upkeep\n|\n|t:|1700072308\n|switch|p2a: Ogerpon|Ogerpon-Cornerstone, F|100\/100\n|turn|10\n|\n|t:|1700072312\n|move|p2a: Ogerpon|Ivy Cudgel|p1a: Ribombee|[anim] Ivy Cudgel Rock\n|-supereffective|p1a: Ribombee\n|-damage|p1a: Ribombee|0 fnt\n|faint|p1a: Ribombee\n|\n|-weather|none\n|upkeep\n|\n|t:|1700072319\n|switch|p1a: Slowking|Slowking, F|100\/100\n|-damage|p1a: Slowking|88\/100|[from] Stealth Rock\n|turn|11\n|\n|t:|1700072327\n|-terastallize|p1a: Slowking|Steel\n|move|p2a: Ogerpon|Leech Seed|p1a: Slowking|[miss]\n|-miss|p2a: Ogerpon|p1a: Slowking\n|move|p1a: Slowking|Chilly Reception|p1a: Slowking\n|-weather|Snow\n|\n|t:|1700072330\n|switch|p1a: Avalugg|Avalugg, M|100\/100|[from] Chilly Reception\n|-damage|p1a: Avalugg|76\/100|[from] Stealth Rock\n|\n|-weather|Snow|[upkeep]\n|-heal|p1a: Avalugg|82\/100|[from] ability: Ice Body\n|-heal|p1a: Avalugg|88\/100|[from] item: Leftovers\n|upkeep\n|turn|12\n|\n|t:|1700072334\n|move|p2a: Ogerpon|Spiky Shield|p2a: Ogerpon\n|-singleturn|p2a: Ogerpon|move: Protect\n|move|p1a: Avalugg|Aurora Veil|p1a: Avalugg\n|-sidestart|p1: bebouno|move: Aurora Veil\n|\n|-weather|Snow|[upkeep]\n|-heal|p1a: Avalugg|94\/100|[from] ability: Ice Body\n|-heal|p1a: Avalugg|99\/100|[from] item: Leftovers\n|upkeep\n|turn|13\n|inactive|bebouno has 120 seconds left.\n|\n|t:|1700072373\n|move|p2a: Ogerpon|Encore|p1a: Avalugg\n|-start|p1a: Avalugg|Encore\n|move|p1a: Avalugg|Aurora Veil||[still]\n|-fail|p1a: Avalugg\n|\n|-weather|Snow|[upkeep]\n|-heal|p1a: Avalugg|100\/100|[from] ability: Ice Body\n|upkeep\n|turn|14\n|\n|t:|1700072380\n|switch|p1a: Slowking|Slowking, F, tera:Steel|100\/100\n|-damage|p1a: Slowking|94\/100|[from] Stealth Rock\n|move|p2a: Ogerpon|Leech Seed|p1a: Slowking\n|-start|p1a: Slowking|move: Leech Seed\n|\n|-weather|Snow|[upkeep]\n|-damage|p1a: Slowking|82\/100|[from] Leech Seed|[of] p2a: Ogerpon\n|upkeep\n|turn|15\n|\n|t:|1700072384\n|move|p2a: Ogerpon|Ivy Cudgel|p1a: Slowking|[anim] Ivy Cudgel Rock\n|-resisted|p1a: Slowking\n|-damage|p1a: Slowking|72\/100\n|move|p1a: Slowking|Future Sight|p2a: Ogerpon\n|-start|p1a: Slowking|move: Future Sight\n|\n|-weather|Snow|[upkeep]\n|-damage|p1a: Slowking|59\/100|[from] Leech Seed|[of] p2a: Ogerpon\n|upkeep\n|turn|16\n|\n|t:|1700072388\n|move|p2a: Ogerpon|Encore|p1a: Slowking\n|-start|p1a: Slowking|Encore\n|move|p1a: Slowking|Future Sight||[still]\n|-fail|p1a: Slowking\n|\n|-weather|Snow|[upkeep]\n|-damage|p1a: Slowking|47\/100|[from] Leech Seed|[of] p2a: Ogerpon\n|-sideend|p1: bebouno|move: Aurora Veil\n|upkeep\n|turn|17\n|\n|t:|1700072391\n|switch|p1a: Avalugg|Avalugg, M|100\/100\n|-damage|p1a: Avalugg|76\/100|[from] Stealth Rock\n|move|p2a: Ogerpon|Ivy Cudgel|p1a: Avalugg|[anim] Ivy Cudgel Rock\n|-supereffective|p1a: Avalugg\n|-damage|p1a: Avalugg|47\/100\n|\n|-weather|Snow|[upkeep]\n|-heal|p1a: Avalugg|53\/100|[from] ability: Ice Body\n|-end|p2a: Ogerpon|move: Future Sight\n|-damage|p2a: Ogerpon|58\/100\n|-heal|p1a: Avalugg|59\/100|[from] item: Leftovers\n|upkeep\n|turn|18\n|\n|t:|1700072396\n|move|p2a: Ogerpon|Ivy Cudgel|p1a: Avalugg|[anim] Ivy Cudgel Rock\n|-supereffective|p1a: Avalugg\n|-damage|p1a: Avalugg|33\/100\n|move|p1a: Avalugg|Body Press|p2a: Ogerpon\n|-supereffective|p2a: Ogerpon\n|-damage|p2a: Ogerpon|0 fnt\n|faint|p2a: Ogerpon\n|\n|-weather|none\n|-heal|p1a: Avalugg|39\/100|[from] item: Leftovers\n|upkeep\n|\n|t:|1700072401\n|switch|p2a: Dragonite|Dragonite, F|100\/100\n|turn|19\n|\n|t:|1700072403\n|move|p2a: Dragonite|Dragon Dance|p2a: Dragonite\n|-boost|p2a: Dragonite|atk|1\n|-boost|p2a: Dragonite|spe|1\n|move|p1a: Avalugg|Avalanche|p2a: Dragonite\n|-supereffective|p2a: Dragonite\n|-damage|p2a: Dragonite|52\/100\n|-enditem|p2a: Dragonite|Weakness Policy\n|-boost|p2a: Dragonite|atk|2|[from] item: Weakness Policy\n|-boost|p2a: Dragonite|spa|2|[from] item: Weakness Policy\n|\n|-heal|p1a: Avalugg|45\/100|[from] item: Leftovers\n|upkeep\n|turn|20\n|\n|t:|1700072415\n|-terastallize|p2a: Dragonite|Normal\n|move|p2a: Dragonite|Roost|p2a: Dragonite\n|-heal|p2a: Dragonite|100\/100\n|move|p1a: Avalugg|Avalanche|p2a: Dragonite\n|-damage|p2a: Dragonite|87\/100\n|\n|-heal|p1a: Avalugg|51\/100|[from] item: Leftovers\n|upkeep\n|turn|21\n|\n|t:|1700072420\n|move|p2a: Dragonite|Earthquake|p1a: Avalugg\n|-damage|p1a: Avalugg|14\/100\n|move|p1a: Avalugg|Body Press|p2a: Dragonite\n|-supereffective|p2a: Dragonite\n|-damage|p2a: Dragonite|6\/100\n|\n|-heal|p1a: Avalugg|20\/100|[from] item: Leftovers\n|upkeep\n|turn|22\n|\n|t:|1700072424\n|move|p2a: Dragonite|Earthquake|p1a: Avalugg\n|-damage|p1a: Avalugg|0 fnt\n|faint|p1a: Avalugg\n|\n|upkeep\n|\n|t:|1700072427\n|switch|p1a: Scizor|Scizor, M|100\/100\n|-damage|p1a: Scizor|88\/100|[from] Stealth Rock\n|turn|23\n|\n|t:|1700072431\n|move|p2a: Dragonite|Extreme Speed|p1a: Scizor\n|-resisted|p1a: Scizor\n|-damage|p1a: Scizor|37\/100\n|move|p1a: Scizor|Bullet Punch|p2a: Dragonite\n|-damage|p2a: Dragonite|0 fnt\n|faint|p2a: Dragonite\n|-damage|p1a: Scizor|27\/100|[from] item: Life Orb\n|\n|upkeep\n|\n|t:|1700072438\n|switch|p2a: Walking Wake|Walking Wake|100\/100\n|-enditem|p2a: Walking Wake|Booster Energy\n|-activate|p2a: Walking Wake|ability: Protosynthesis|[fromitem]\n|-start|p2a: Walking Wake|protosynthesisspa\n|turn|24\n|\n|t:|1700072443\n|move|p2a: Walking Wake|Flamethrower|p1a: Scizor\n|-supereffective|p1a: Scizor\n|-damage|p1a: Scizor|0 fnt\n|faint|p1a: Scizor\n|\n|upkeep\n|\n|t:|1700072446\n|switch|p1a: Slowking|Slowking, F, tera:Steel|80\/100\n|-damage|p1a: Slowking|74\/100|[from] Stealth Rock\n|turn|25\n|\n|t:|1700072449\n|move|p2a: Walking Wake|Flamethrower|p1a: Slowking\n|-supereffective|p1a: Slowking\n|-crit|p1a: Slowking\n|-damage|p1a: Slowking|2\/100\n|move|p1a: Slowking|Chilly Reception|p1a: Slowking\n|-weather|Snow\n|\n|t:|1700072452\n|switch|p1a: Greninja|Greninja, F|100\/100|[from] Chilly Reception\n|-damage|p1a: Greninja|88\/100|[from] Stealth Rock\n|\n|-weather|Snow|[upkeep]\n|upkeep\n|turn|26\n|\n|t:|1700072459\n|move|p1a: Greninja|Blizzard|p2a: Walking Wake\n|-start|p1a: Greninja|typechange|Ice|[from] ability: Protean\n|-damage|p2a: Walking Wake|10\/100\n|move|p2a: Walking Wake|Flamethrower|p1a: Greninja\n|-supereffective|p1a: Greninja\n|-damage|p1a: Greninja|0 fnt\n|faint|p1a: Greninja\n|\n|-weather|Snow|[upkeep]\n|upkeep\n|\n|t:|1700072465\n|switch|p1a: Great Tusk|Great Tusk|100\/100\n|-damage|p1a: Great Tusk|98\/100|[from] Stealth Rock\n|turn|27\n|\n|t:|1700072469\n|move|p2a: Walking Wake|Surf|p1a: Great Tusk\n|-supereffective|p1a: Great Tusk\n|-damage|p1a: Great Tusk|0 fnt\n|faint|p1a: Great Tusk\n|-end|p1a: Great Tusk|Protosynthesis|[silent]\n|\n|-weather|Snow|[upkeep]\n|upkeep\n|\n|t:|1700072471\n|switch|p1a: Slowking|Slowking, F, tera:Steel|36\/100\n|-damage|p1a: Slowking|29\/100|[from] Stealth Rock\n|turn|28\n|-message|bebouno forfeited.\n|\n|win|AnvilPro\n|raw|bebouno's rating: 1067 &rarr; <strong>1048<\/strong><br \/>(-19 for losing)\n|raw|AnvilPro's rating: 1082 &rarr; <strong>1109<\/strong><br \/>(+27 for winning)\n|l|\u2606bebouno\n","uploadtime":1700072477,"views":8,"p1id":"bebouno","p2id":"anvilpro","formatid":"gen9ou","rating":1048,"private":0,"password":""}