{"id":"gen9ou-1998116490","p1":"dunderguy","p2":"TheZalmancer","format":"[Gen 9] OU","log":"|j|\u2606dunderguy\n|j|\u2606TheZalmancer\n|t:|1700894246\n|gametype|singles\n|player|p1|dunderguy|depotagent|1327\n|player|p2|TheZalmancer|skyla|1391\n|teamsize|p1|6\n|teamsize|p2|6\n|gen|9\n|tier|[Gen 9] OU\n|rated|\n|rule|Sleep Clause Mod: Limit one foe put to sleep\n|rule|Species Clause: Limit one of each Pok\u00e9mon\n|rule|OHKO Clause: OHKO moves are banned\n|rule|Evasion Items Clause: Evasion items are banned\n|rule|Evasion Moves Clause: Evasion moves are banned\n|rule|Endless Battle Clause: Forcing endless battles is banned\n|rule|HP Percentage Mod: HP is shown in percentages\n|clearpoke\n|poke|p1|Grafaiai, M|\n|poke|p1|Greninja-*, M|\n|poke|p1|Rillaboom, M|\n|poke|p1|Iron Moth|\n|poke|p1|Magnezone|\n|poke|p1|Manaphy|\n|poke|p2|Ogerpon-Wellspring, F|\n|poke|p2|Ninetales-Alola, F|\n|poke|p2|Corviknight, M|\n|poke|p2|Slowking-Galar, F|\n|poke|p2|Iron Moth|\n|poke|p2|Zamazenta-*|\n|teampreview\n|inactive|Battle timer is ON: inactive players will automatically lose when time's up. (requested by dunderguy)\n|\n|t:|1700894259\n|start\n|switch|p1a: Greninja|Greninja, M|100\/100\n|switch|p2a: Ninetales|Ninetales-Alola, F, shiny|100\/100\n|-weather|Snow|[from] ability: Snow Warning|[of] p2a: Ninetales\n|turn|1\n|\n|t:|1700894264\n|move|p1a: Greninja|Taunt|p2a: Ninetales\n|-start|p2a: Ninetales|move: Taunt\n|cant|p2a: Ninetales|move: Taunt|Aurora Veil\n|\n|-weather|Snow|[upkeep]\n|upkeep\n|turn|2\n|\n|t:|1700894267\n|move|p1a: Greninja|Spikes|p2a: Ninetales\n|-sidestart|p2: TheZalmancer|Spikes\n|move|p2a: Ninetales|Freeze-Dry|p1a: Greninja\n|-supereffective|p1a: Greninja\n|-damage|p1a: Greninja|39\/100\n|\n|-weather|Snow|[upkeep]\n|upkeep\n|turn|3\n|\n|t:|1700894271\n|switch|p2a: Corviknight|Corviknight, M, shiny|100\/100\n|-ability|p2a: Corviknight|Pressure\n|move|p1a: Greninja|Spikes|p2a: Corviknight\n|-sidestart|p2: TheZalmancer|Spikes\n|\n|-weather|Snow|[upkeep]\n|upkeep\n|turn|4\n|\n|t:|1700894275\n|move|p1a: Greninja|Taunt|p2a: Corviknight\n|-start|p2a: Corviknight|move: Taunt\n|cant|p2a: Corviknight|move: Taunt|Defog\n|\n|-weather|Snow|[upkeep]\n|upkeep\n|turn|5\n|\n|t:|1700894278\n|move|p1a: Greninja|Surf|p2a: Corviknight\n|-damage|p2a: Corviknight|63\/100\n|move|p2a: Corviknight|Body Press|p1a: Greninja\n|-supereffective|p1a: Greninja\n|-damage|p1a: Greninja|0 fnt\n|faint|p1a: Greninja\n|\n|-weather|none\n|-heal|p2a: Corviknight|70\/100|[from] item: Leftovers\n|upkeep\n|\n|t:|1700894280\n|switch|p1a: Magnezone|Magnezone|100\/100\n|turn|6\n|\n|t:|1700894293\n|move|p1a: Magnezone|Thunderbolt|p2a: Corviknight\n|-supereffective|p2a: Corviknight\n|-damage|p2a: Corviknight|0 fnt\n|faint|p2a: Corviknight\n|\n|upkeep\n|\n|t:|1700894302\n|switch|p2a: Ninetales|Ninetales-Alola, F, shiny|100\/100\n|-damage|p2a: Ninetales|84\/100|[from] Spikes\n|-weather|Snow|[from] ability: Snow Warning|[of] p2a: Ninetales\n|turn|7\n|\n|t:|1700894306\n|move|p2a: Ninetales|Aurora Veil|p2a: Ninetales\n|-sidestart|p2: TheZalmancer|move: Aurora Veil\n|move|p1a: Magnezone|Flash Cannon|p2a: Ninetales\n|-supereffective|p2a: Ninetales\n|-damage|p2a: Ninetales|15\/100\n|\n|-weather|Snow|[upkeep]\n|upkeep\n|turn|8\n|\n|t:|1700894315\n|move|p2a: Ninetales|Hypnosis|p1a: Magnezone\n|-status|p1a: Magnezone|slp|[from] move: Hypnosis\n|cant|p1a: Magnezone|slp\n|\n|-weather|Snow|[upkeep]\n|upkeep\n|turn|9\n|\n|t:|1700894321\n|switch|p2a: Iron Moth|Iron Moth|100\/100\n|-damage|p2a: Iron Moth|84\/100|[from] Spikes\n|-enditem|p2a: Iron Moth|Booster Energy\n|-activate|p2a: Iron Moth|ability: Quark Drive|[fromitem]\n|-start|p2a: Iron Moth|quarkdrivespe\n|switch|p1a: Iron Moth|Iron Moth|100\/100\n|-enditem|p1a: Iron Moth|Booster Energy\n|-activate|p1a: Iron Moth|ability: Quark Drive|[fromitem]\n|-start|p1a: Iron Moth|quarkdrivespe\n|\n|-weather|Snow|[upkeep]\n|upkeep\n|turn|10\n|\n|t:|1700894330\n|move|p2a: Iron Moth|Substitute|p2a: Iron Moth\n|-start|p2a: Iron Moth|Substitute\n|-damage|p2a: Iron Moth|59\/100\n|move|p1a: Iron Moth|Fiery Dance|p2a: Iron Moth\n|-resisted|p2a: Iron Moth\n|-activate|p2a: Iron Moth|move: Substitute|[damage]\n|\n|-weather|Snow|[upkeep]\n|upkeep\n|turn|11\n|\n|t:|1700894340\n|move|p1a: Iron Moth|Fiery Dance|p2a: Iron Moth\n|-resisted|p2a: Iron Moth\n|-activate|p2a: Iron Moth|move: Substitute|[damage]\n|move|p2a: Iron Moth|Fiery Dance|p1a: Iron Moth\n|-resisted|p1a: Iron Moth\n|-damage|p1a: Iron Moth|81\/100\n|\n|-weather|none\n|upkeep\n|turn|12\n|\n|t:|1700894345\n|move|p2a: Iron Moth|Fiery Dance|p1a: Iron Moth\n|-resisted|p1a: Iron Moth\n|-crit|p1a: Iron Moth\n|-damage|p1a: Iron Moth|49\/100\n|-boost|p2a: Iron Moth|spa|1\n|move|p1a: Iron Moth|Fiery Dance|p2a: Iron Moth\n|-resisted|p2a: Iron Moth\n|-end|p2a: Iron Moth|Substitute\n|\n|upkeep\n|turn|13\n|c|\u2606TheZalmancer|!weak poison\n|c| TheZalmancer|\/raw <div class=\"infobox\">Poison:<br \/><span class=\"message-effect-weak\">Weaknesses<\/span>: Ground, Psychic<br \/><span class=\"message-effect-resist\">Resistances<\/span>: Bug, Fairy, Fighting, Grass, Poison<br \/><span class=\"message-effect-immune\">Immunities<\/span>: Toxic<\/div>\n|\n|t:|1700894366\n|move|p1a: Iron Moth|Sludge Wave|p2a: Iron Moth\n|-resisted|p2a: Iron Moth\n|-damage|p2a: Iron Moth|48\/100\n|move|p2a: Iron Moth|Sludge Wave|p1a: Iron Moth\n|-resisted|p1a: Iron Moth\n|-damage|p1a: Iron Moth|10\/100\n|\n|upkeep\n|turn|14\n|\n|t:|1700894375\n|move|p1a: Iron Moth|Sludge Wave|p2a: Iron Moth\n|-resisted|p2a: Iron Moth\n|-damage|p2a: Iron Moth|36\/100\n|move|p2a: Iron Moth|Sludge Wave|p1a: Iron Moth\n|-resisted|p1a: Iron Moth\n|-damage|p1a: Iron Moth|0 fnt\n|faint|p1a: Iron Moth\n|-end|p1a: Iron Moth|Quark Drive|[silent]\n|\n|-sideend|p2: TheZalmancer|move: Aurora Veil\n|upkeep\n|\n|t:|1700894384\n|switch|p1a: Rillaboom|Rillaboom, M|100\/100\n|-fieldstart|move: Grassy Terrain|[from] ability: Grassy Surge|[of] p1a: Rillaboom\n|turn|15\n|\n|t:|1700894389\n|move|p2a: Iron Moth|Sludge Wave|p1a: Rillaboom\n|-supereffective|p1a: Rillaboom\n|-damage|p1a: Rillaboom|0 fnt\n|faint|p1a: Rillaboom\n|\n|-heal|p2a: Iron Moth|42\/100|[from] Grassy Terrain\n|upkeep\n|\n|t:|1700894391\n|switch|p1a: Grafaiai|Grafaiai, M|100\/100\n|-enditem|p1a: Grafaiai|Grassy Seed\n|-boost|p1a: Grafaiai|def|1|[from] item: Grassy Seed\n|turn|16\n|\n|t:|1700894396\n|move|p1a: Grafaiai|Acrobatics|p2a: Iron Moth\n|-damage|p2a: Iron Moth|0 fnt\n|faint|p2a: Iron Moth\n|-end|p2a: Iron Moth|Quark Drive|[silent]\n|\n|upkeep\n|\n|t:|1700894413\n|switch|p2a: Ninetales|Ninetales-Alola, F, shiny|15\/100\n|-damage|p2a: Ninetales|0 fnt|[from] Spikes\n|faint|p2a: Ninetales\n|\n|t:|1700894422\n|switch|p2a: Slowking|Slowking-Galar, F|100\/100\n|-damage|p2a: Slowking|84\/100|[from] Spikes\n|turn|17\n|\n|t:|1700894424\n|move|p1a: Grafaiai|Knock Off|p2a: Slowking\n|-supereffective|p2a: Slowking\n|-damage|p2a: Slowking|24\/100\n|-enditem|p2a: Slowking|Leftovers|[from] move: Knock Off|[of] p1a: Grafaiai\n|move|p2a: Slowking|Trick Room|p2a: Slowking\n|-fieldstart|move: Trick Room|[of] p2a: Slowking\n|\n|-heal|p2a: Slowking|30\/100|[from] Grassy Terrain\n|upkeep\n|turn|18\n|\n|t:|1700894439\n|move|p2a: Slowking|Flamethrower|p1a: Grafaiai\n|-damage|p1a: Grafaiai|51\/100\n|move|p1a: Grafaiai|Knock Off|p2a: Slowking\n|-supereffective|p2a: Slowking\n|-damage|p2a: Slowking|0 fnt\n|faint|p2a: Slowking\n|\n|-heal|p1a: Grafaiai|57\/100|[from] Grassy Terrain\n|upkeep\n|\n|t:|1700894442\n|switch|p2a: Ogerpon|Ogerpon-Wellspring, F|100\/100\n|-damage|p2a: Ogerpon|84\/100|[from] Spikes\n|turn|19\n|\n|t:|1700894453\n|move|p2a: Ogerpon|Ivy Cudgel|p1a: Grafaiai|[anim] Ivy Cudgel Water\n|-damage|p1a: Grafaiai|0 fnt\n|faint|p1a: Grafaiai\n|\n|-heal|p2a: Ogerpon|90\/100|[from] Grassy Terrain\n|-fieldend|move: Grassy Terrain\n|upkeep\n|\n|t:|1700894463\n|switch|p1a: The Storm|Manaphy|100\/100\n|turn|20\n|\n|t:|1700894468\n|-terastallize|p1a: The Storm|Ghost\n|move|p1a: The Storm|Acid Armor|p1a: The Storm\n|-boost|p1a: The Storm|def|2\n|move|p2a: Ogerpon|Horn Leech|p1a: The Storm\n|-damage|p1a: The Storm|82\/100\n|-heal|p2a: Ogerpon|100\/100|[from] drain|[of] p1a: The Storm\n|\n|-heal|p1a: The Storm|89\/100|[from] item: Leftovers\n|upkeep\n|turn|21\n|\n|t:|1700894475\n|move|p1a: The Storm|Acid Armor|p1a: The Storm\n|-boost|p1a: The Storm|def|2\n|move|p2a: Ogerpon|Swords Dance|p2a: Ogerpon\n|-boost|p2a: Ogerpon|atk|2\n|\n|-heal|p1a: The Storm|95\/100|[from] item: Leftovers\n|-fieldend|move: Trick Room\n|upkeep\n|turn|22\n|\n|t:|1700894479\n|move|p2a: Ogerpon|Swords Dance|p2a: Ogerpon\n|-boost|p2a: Ogerpon|atk|2\n|move|p1a: The Storm|Take Heart|p1a: The Storm\n|-boost|p1a: The Storm|spa|1\n|-boost|p1a: The Storm|spd|1\n|\n|-heal|p1a: The Storm|100\/100|[from] item: Leftovers\n|upkeep\n|turn|23\n|\n|t:|1700894485\n|move|p2a: Ogerpon|Ivy Cudgel|p1a: The Storm|[anim] Ivy Cudgel Water\n|-damage|p1a: The Storm|57\/100\n|move|p1a: The Storm|Stored Power|p2a: Ogerpon\n|-damage|p2a: Ogerpon|44\/100\n|\n|-heal|p1a: The Storm|63\/100|[from] item: Leftovers\n|upkeep\n|turn|24\n|\n|t:|1700894490\n|move|p2a: Ogerpon|Horn Leech|p1a: The Storm\n|-damage|p1a: The Storm|28\/100\n|-heal|p2a: Ogerpon|67\/100|[from] drain|[of] p1a: The Storm\n|move|p1a: The Storm|Stored Power|p2a: Ogerpon\n|-damage|p2a: Ogerpon|9\/100\n|\n|-heal|p1a: The Storm|34\/100|[from] item: Leftovers\n|upkeep\n|turn|25\n|\n|t:|1700894494\n|move|p2a: Ogerpon|Horn Leech|p1a: The Storm\n|-damage|p1a: The Storm|0 fnt\n|-heal|p2a: Ogerpon|31\/100|[from] drain|[of] p1a: The Storm\n|faint|p1a: The Storm\n|\n|upkeep\n|-message|dunderguy forfeited.\n|\n|win|TheZalmancer\n|raw|dunderguy's rating: 1327 &rarr; <strong>1311<\/strong><br \/>(-16 for losing)\n|raw|TheZalmancer's rating: 1391 &rarr; <strong>1407<\/strong><br \/>(+16 for winning)\n|l|\u2606dunderguy\n|c|\u2606TheZalmancer|ggs\n","uploadtime":1700894501,"views":17,"p1id":"dunderguy","p2id":"thezalmancer","formatid":"gen9ou","rating":1311,"private":0,"password":""}