{"id":"gen9ou-1990112726","p1":"apexofdelta","p2":"feetmaster6969","format":"[Gen 9] OU","log":"|j|\u2606apexofdelta\n|j|\u2606feetmaster6969\n|t:|1699925898\n|gametype|singles\n|player|p1|apexofdelta|alec-anime|1329\n|player|p2|feetmaster6969|petrel|1243\n|teamsize|p1|6\n|teamsize|p2|6\n|gen|9\n|tier|[Gen 9] OU\n|rated|\n|rule|Sleep Clause Mod: Limit one foe put to sleep\n|rule|Species Clause: Limit one of each Pok\u00e9mon\n|rule|OHKO Clause: OHKO moves are banned\n|rule|Evasion Items Clause: Evasion items are banned\n|rule|Evasion Moves Clause: Evasion moves are banned\n|rule|Endless Battle Clause: Forcing endless battles is banned\n|rule|HP Percentage Mod: HP is shown in percentages\n|clearpoke\n|poke|p1|Cinderace, M|\n|poke|p1|Great Tusk|\n|poke|p1|Weavile, M|\n|poke|p1|Kingambit, M|\n|poke|p1|Iron Valiant|\n|poke|p1|Dragapult, M|\n|poke|p2|Dondozo, F|\n|poke|p2|Skeledirge, F|\n|poke|p2|Cresselia, F|\n|poke|p2|Iron Valiant|\n|poke|p2|Donphan, M|\n|poke|p2|Breloom, F|\n|teampreview\n|inactive|Battle timer is ON: inactive players will automatically lose when time's up. (requested by feetmaster6969)\n|inactive|apexofdelta also wants the timer to be on.\n|\n|t:|1699925910\n|start\n|switch|p1a: Dragapult|Dragapult, M|100\/100\n|switch|p2a: Breloom|Breloom, F|100\/100\n|turn|1\n|\n|t:|1699925920\n|move|p1a: Dragapult|Shadow Ball|p2a: Breloom\n|-enditem|p2a: Breloom|Focus Sash\n|-damage|p2a: Breloom|1\/100\n|move|p2a: Breloom|Spore|p1a: Dragapult\n|-status|p1a: Dragapult|slp|[from] move: Spore\n|\n|upkeep\n|turn|2\n|\n|t:|1699925927\n|cant|p1a: Dragapult|slp\n|move|p2a: Breloom|Swords Dance|p2a: Breloom\n|-boost|p2a: Breloom|atk|2\n|\n|upkeep\n|turn|3\n|\n|t:|1699925931\n|cant|p1a: Dragapult|slp\n|move|p2a: Breloom|Bullet Seed|p1a: Dragapult\n|-resisted|p1a: Dragapult\n|-damage|p1a: Dragapult|72\/100 slp\n|-resisted|p1a: Dragapult\n|-damage|p1a: Dragapult|44\/100 slp\n|-hitcount|p1a: Dragapult|2\n|\n|upkeep\n|turn|4\n|\n|t:|1699925948\n|switch|p2a: Dondozo|Dondozo, F, shiny|100\/100\n|cant|p1a: Dragapult|slp\n|\n|upkeep\n|turn|5\n|\n|t:|1699925953\n|-curestatus|p1a: Dragapult|slp|[msg]\n|move|p1a: Dragapult|Shadow Ball|p2a: Dondozo\n|-damage|p2a: Dondozo|55\/100\n|move|p2a: Dondozo|Avalanche|p1a: Dragapult\n|-supereffective|p1a: Dragapult\n|-crit|p1a: Dragapult\n|-damage|p1a: Dragapult|0 fnt\n|faint|p1a: Dragapult\n|\n|-heal|p2a: Dondozo|61\/100|[from] item: Leftovers\n|upkeep\n|\n|t:|1699925967\n|switch|p1a: Iron Valiant|Iron Valiant, shiny|100\/100\n|-enditem|p1a: Iron Valiant|Booster Energy\n|-activate|p1a: Iron Valiant|ability: Quark Drive|[fromitem]\n|-start|p1a: Iron Valiant|quarkdrivespe\n|turn|6\n|\n|t:|1699925975\n|move|p1a: Iron Valiant|Thunderbolt|p2a: Dondozo\n|-supereffective|p2a: Dondozo\n|-damage|p2a: Dondozo|8\/100\n|move|p2a: Dondozo|Avalanche|p1a: Iron Valiant\n|-damage|p1a: Iron Valiant|48\/100\n|\n|-heal|p2a: Dondozo|14\/100|[from] item: Leftovers\n|upkeep\n|turn|7\n|\n|t:|1699925989\n|switch|p2a: Cresselia|Cresselia, F|100\/100\n|move|p1a: Iron Valiant|Moonblast|p2a: Cresselia\n|-damage|p2a: Cresselia|71\/100\n|\n|-heal|p2a: Cresselia|78\/100|[from] item: Leftovers\n|upkeep\n|turn|8\n|\n|t:|1699925996\n|move|p1a: Iron Valiant|Moonblast|p2a: Cresselia\n|-damage|p2a: Cresselia|47\/100\n|move|p2a: Cresselia|Calm Mind|p2a: Cresselia\n|-boost|p2a: Cresselia|spa|1\n|-boost|p2a: Cresselia|spd|1\n|\n|-heal|p2a: Cresselia|53\/100|[from] item: Leftovers\n|upkeep\n|turn|9\n|\n|t:|1699926004\n|-end|p1a: Iron Valiant|Quark Drive|[silent]\n|switch|p1a: Weavile|Weavile, M|100\/100\n|-ability|p1a: Weavile|Pressure\n|move|p2a: Cresselia|Moonlight|p2a: Cresselia\n|-heal|p2a: Cresselia|100\/100\n|\n|upkeep\n|turn|10\n|\n|t:|1699926015\n|-terastallize|p2a: Cresselia|Poison\n|move|p1a: Weavile|Swords Dance|p1a: Weavile\n|-boost|p1a: Weavile|atk|2\n|move|p2a: Cresselia|Moonblast|p1a: Weavile\n|-supereffective|p1a: Weavile\n|-damage|p1a: Weavile|0 fnt\n|faint|p1a: Weavile\n|\n|upkeep\n|\n|t:|1699926024\n|switch|p1a: Cinderace|Cinderace, M|100\/100\n|turn|11\n|\n|t:|1699926032\n|move|p1a: Cinderace|Taunt|p2a: Cresselia\n|-start|p1a: Cinderace|typechange|Dark|[from] ability: Libero\n|-start|p2a: Cresselia|move: Taunt\n|cant|p2a: Cresselia|move: Taunt|Calm Mind\n|\n|upkeep\n|turn|12\n|\n|t:|1699926039\n|move|p1a: Cinderace|Pyro Ball|p2a: Cresselia\n|-damage|p2a: Cresselia|75\/100\n|move|p2a: Cresselia|Moonblast|p1a: Cinderace\n|-supereffective|p1a: Cinderace\n|-damage|p1a: Cinderace|0 fnt\n|faint|p1a: Cinderace\n|\n|-heal|p2a: Cresselia|81\/100|[from] item: Leftovers\n|upkeep\n|\n|t:|1699926047\n|switch|p1a: Kingambit|Kingambit, M|100\/100\n|-activate|p1a: Kingambit|ability: Supreme Overlord\n|-start|p1a: Kingambit|fallen3|[silent]\n|turn|13\n|\n|t:|1699926055\n|switch|p2a: Dondozo|Dondozo, F, shiny|14\/100\n|move|p1a: Kingambit|Iron Head|p2a: Dondozo\n|-resisted|p2a: Dondozo\n|-damage|p2a: Dondozo|0 fnt\n|faint|p2a: Dondozo\n|\n|upkeep\n|\n|t:|1699926062\n|switch|p2a: Donphan|Donphan, M|100\/100\n|turn|14\n|\n|t:|1699926066\n|-end|p1a: Kingambit|fallen3|[silent]\n|switch|p1a: Iron Valiant|Iron Valiant, shiny|48\/100\n|move|p2a: Donphan|Earthquake|p1a: Iron Valiant\n|-damage|p1a: Iron Valiant|0 fnt\n|faint|p1a: Iron Valiant\n|-end|p1a: Iron Valiant|Quark Drive|[silent]\n|\n|upkeep\n|\n|t:|1699926072\n|switch|p1a: Great Tusk|Great Tusk|100\/100\n|turn|15\n|\n|t:|1699926088\n|switch|p2a: Breloom|Breloom, F|1\/100\n|move|p1a: Great Tusk|Bulk Up|p1a: Great Tusk\n|-boost|p1a: Great Tusk|atk|1\n|-boost|p1a: Great Tusk|def|1\n|\n|upkeep\n|turn|16\n|\n|t:|1699926097\n|move|p2a: Breloom|Spore|p1a: Great Tusk\n|-status|p1a: Great Tusk|slp|[from] move: Spore\n|cant|p1a: Great Tusk|slp\n|\n|upkeep\n|turn|17\n|\n|t:|1699926101\n|move|p2a: Breloom|Swords Dance|p2a: Breloom\n|-boost|p2a: Breloom|atk|2\n|-curestatus|p1a: Great Tusk|slp|[msg]\n|move|p1a: Great Tusk|Rapid Spin|p2a: Breloom\n|-damage|p2a: Breloom|0 fnt\n|-boost|p1a: Great Tusk|spe|1\n|faint|p2a: Breloom\n|\n|upkeep\n|\n|t:|1699926110\n|switch|p2a: Donphan|Donphan, M|100\/100\n|turn|18\n|\n|t:|1699926113\n|move|p1a: Great Tusk|Bulk Up|p1a: Great Tusk\n|-boost|p1a: Great Tusk|atk|1\n|-boost|p1a: Great Tusk|def|1\n|move|p2a: Donphan|Counter||[still]\n|-fail|p2a: Donphan\n|\n|upkeep\n|turn|19\n|\n|t:|1699926120\n|move|p1a: Great Tusk|Rapid Spin|p2a: Donphan\n|-damage|p2a: Donphan|73\/100\n|-boost|p1a: Great Tusk|spe|1\n|move|p2a: Donphan|Counter|p1a: Great Tusk\n|-damage|p1a: Great Tusk|43\/100\n|\n|-heal|p1a: Great Tusk|49\/100|[from] item: Leftovers\n|upkeep\n|turn|20\n|\n|t:|1699926130\n|move|p1a: Great Tusk|Headlong Rush|p2a: Donphan\n|-damage|p2a: Donphan|0 fnt\n|-unboost|p1a: Great Tusk|def|1\n|-unboost|p1a: Great Tusk|spd|1\n|faint|p2a: Donphan\n|\n|-heal|p1a: Great Tusk|55\/100|[from] item: Leftovers\n|upkeep\n|\n|t:|1699926139\n|switch|p2a: Iron Valiant|Iron Valiant|100\/100\n|-enditem|p2a: Iron Valiant|Booster Energy\n|-activate|p2a: Iron Valiant|ability: Quark Drive|[fromitem]\n|-start|p2a: Iron Valiant|quarkdrivespe\n|turn|21\n|\n|t:|1699926148\n|-terastallize|p1a: Great Tusk|Steel\n|move|p2a: Iron Valiant|Moonblast|p1a: Great Tusk\n|-resisted|p1a: Great Tusk\n|-damage|p1a: Great Tusk|4\/100\n|move|p1a: Great Tusk|Headlong Rush|p2a: Iron Valiant\n|-damage|p2a: Iron Valiant|0 fnt\n|-unboost|p1a: Great Tusk|def|1\n|-unboost|p1a: Great Tusk|spd|1\n|faint|p2a: Iron Valiant\n|-end|p2a: Iron Valiant|Quark Drive|[silent]\n|\n|-heal|p1a: Great Tusk|10\/100|[from] item: Leftovers\n|upkeep\n|\n|t:|1699926158\n|switch|p2a: Skeledirge|Skeledirge, F|100\/100\n|turn|22\n|\n|t:|1699926163\n|move|p1a: Great Tusk|Headlong Rush|p2a: Skeledirge\n|-supereffective|p2a: Skeledirge\n|-damage|p2a: Skeledirge|0 fnt\n|-unboost|p1a: Great Tusk|def|1\n|-unboost|p1a: Great Tusk|spd|1\n|faint|p2a: Skeledirge\n|\n|-heal|p1a: Great Tusk|17\/100|[from] item: Leftovers\n|upkeep\n|-message|feetmaster6969 forfeited.\n|\n|win|apexofdelta\n|raw|apexofdelta's rating: 1329 &rarr; <strong>1344<\/strong><br \/>(+15 for winning)\n|raw|feetmaster6969's rating: 1243 &rarr; <strong>1224<\/strong><br \/>(-19 for losing)\n|l|\u2606feetmaster6969\n","uploadtime":1699926174,"views":18,"p1id":"apexofdelta","p2id":"feetmaster6969","formatid":"gen9ou","rating":1224,"private":0,"password":""}