{"id":"gen9ou-1997895837","p1":"BlueKxllaShowdown","p2":"Pressure is Cool","format":"[Gen 9] OU","log":"|j|\u2606BlueKxllaShowdown\n|j|\u2606Pressure is Cool\n|t:|1700864782\n|gametype|singles\n|player|p1|BlueKxllaShowdown|1|1264\n|player|p2|Pressure is Cool|pokemonbreeder-gen4|1330\n|teamsize|p1|6\n|teamsize|p2|6\n|gen|9\n|tier|[Gen 9] OU\n|rated|\n|rule|Sleep Clause Mod: Limit one foe put to sleep\n|rule|Species Clause: Limit one of each Pok\u00e9mon\n|rule|OHKO Clause: OHKO moves are banned\n|rule|Evasion Items Clause: Evasion items are banned\n|rule|Evasion Moves Clause: Evasion moves are banned\n|rule|Endless Battle Clause: Forcing endless battles is banned\n|rule|HP Percentage Mod: HP is shown in percentages\n|clearpoke\n|poke|p1|Rillaboom, M|\n|poke|p1|Scizor, M|\n|poke|p1|Heatran, F|\n|poke|p1|Hatterene, F|\n|poke|p1|Glimmora, M|\n|poke|p1|Ogerpon-Wellspring, F|\n|poke|p2|Overqwil, M|\n|poke|p2|Empoleon, F|\n|poke|p2|Zapdos|\n|poke|p2|Walking Wake|\n|poke|p2|Tornadus-Therian, M|\n|poke|p2|Great Tusk|\n|teampreview\n|inactive|Battle timer is ON: inactive players will automatically lose when time's up. (requested by Pressure is Cool)\n|inactive|BlueKxllaShowdown also wants the timer to be on.\n|\n|t:|1700864797\n|start\n|switch|p1a: Glimmora|Glimmora, M|100\/100\n|switch|p2a: Empoleon|Empoleon, F|100\/100\n|turn|1\n|\n|t:|1700864801\n|move|p1a: Glimmora|Earth Power|p2a: Empoleon\n|-supereffective|p2a: Empoleon\n|-damage|p2a: Empoleon|61\/100\n|move|p2a: Empoleon|Surf|p1a: Glimmora\n|-supereffective|p1a: Glimmora\n|-crit|p1a: Glimmora\n|-enditem|p1a: Glimmora|Focus Sash\n|-damage|p1a: Glimmora|1\/100\n|\n|-heal|p2a: Empoleon|67\/100|[from] item: Leftovers\n|upkeep\n|turn|2\n|\n|t:|1700864810\n|move|p1a: Glimmora|Stealth Rock|p2a: Empoleon\n|-sidestart|p2: Pressure is Cool|move: Stealth Rock\n|move|p2a: Empoleon|Roost|p2a: Empoleon\n|-heal|p2a: Empoleon|100\/100\n|-singleturn|p2a: Empoleon|move: Roost\n|\n|upkeep\n|turn|3\n|\n|t:|1700864816\n|switch|p1a: Rillaboom|Rillaboom, M|100\/100\n|-fieldstart|move: Grassy Terrain|[from] ability: Grassy Surge|[of] p1a: Rillaboom\n|move|p2a: Empoleon|Flip Turn|p1a: Rillaboom\n|-resisted|p1a: Rillaboom\n|-damage|p1a: Rillaboom|91\/100\n|\n|t:|1700864821\n|switch|p2a: Overqwil|Overqwil, M|100\/100|[from] Flip Turn\n|-damage|p2a: Overqwil|88\/100|[from] Stealth Rock\n|-ability|p2a: Overqwil|Intimidate|boost\n|-unboost|p1a: Rillaboom|atk|1\n|\n|-heal|p1a: Rillaboom|97\/100|[from] Grassy Terrain\n|-heal|p2a: Overqwil|94\/100|[from] Grassy Terrain\n|-heal|p2a: Overqwil|100\/100|[from] item: Leftovers\n|upkeep\n|turn|4\n|\n|t:|1700864831\n|move|p1a: Rillaboom|U-turn|p2a: Overqwil\n|-damage|p2a: Overqwil|90\/100\n|\n|t:|1700864835\n|switch|p1a: Glimmora|Glimmora, M|1\/100|[from] U-turn\n|move|p2a: Overqwil|Barb Barrage|p1a: Glimmora\n|-resisted|p1a: Glimmora\n|-damage|p1a: Glimmora|0 fnt\n|-activate|p1a: Glimmora|ability: Toxic Debris\n|-sidestart|p2: Pressure is Cool|move: Toxic Spikes\n|faint|p1a: Glimmora\n|\n|-heal|p2a: Overqwil|96\/100|[from] Grassy Terrain\n|-heal|p2a: Overqwil|100\/100|[from] item: Leftovers\n|upkeep\n|\n|t:|1700864851\n|switch|p1a: Scizor|Scizor, M|100\/100\n|turn|5\n|\n|t:|1700864860\n|move|p2a: Overqwil|Spikes|p1a: Scizor\n|-sidestart|p1: BlueKxllaShowdown|Spikes\n|move|p1a: Scizor|Swords Dance|p1a: Scizor\n|-boost|p1a: Scizor|atk|2\n|\n|upkeep\n|turn|6\n|\n|t:|1700864863\n|move|p2a: Overqwil|Spikes|p1a: Scizor\n|-sidestart|p1: BlueKxllaShowdown|Spikes\n|move|p1a: Scizor|Swords Dance|p1a: Scizor\n|-boost|p1a: Scizor|atk|2\n|\n|upkeep\n|turn|7\n|\n|t:|1700864872\n|move|p2a: Overqwil|Destiny Bond|p2a: Overqwil\n|-singlemove|p2a: Overqwil|Destiny Bond\n|move|p1a: Scizor|Bug Bite|p2a: Overqwil\n|-damage|p2a: Overqwil|0 fnt\n|faint|p2a: Overqwil\n|-activate|p2a: Overqwil|move: Destiny Bond\n|faint|p1a: Scizor\n|\n|upkeep\n|\n|t:|1700864886\n|switch|p2a: Great Tusk|Great Tusk|100\/100\n|switch|p1a: Hatterene|Hatterene, F|100\/100\n|-damage|p2a: Great Tusk|98\/100|[from] Stealth Rock\n|-status|p2a: Great Tusk|psn\n|-damage|p1a: Hatterene|84\/100|[from] Spikes\n|-enditem|p2a: Great Tusk|Booster Energy\n|-activate|p2a: Great Tusk|ability: Protosynthesis|[fromitem]\n|-start|p2a: Great Tusk|protosynthesisspe\n|turn|8\n|\n|t:|1700864893\n|move|p2a: Great Tusk|Rapid Spin|p1a: Hatterene\n|-damage|p1a: Hatterene|73\/100\n|-boost|p2a: Great Tusk|spe|1\n|-sideend|p2: Pressure is Cool|Toxic Spikes|[from] move: Rapid Spin|[of] p2a: Great Tusk\n|-sideend|p2: Pressure is Cool|Stealth Rock|[from] move: Rapid Spin|[of] p2a: Great Tusk\n|-enditem|p1a: Hatterene|Kee Berry|[eat]\n|-boost|p1a: Hatterene|def|1|[from] item: Kee Berry\n|move|p1a: Hatterene|Agility|p1a: Hatterene\n|-boost|p1a: Hatterene|spe|2\n|\n|-heal|p2a: Great Tusk|100\/100 psn|[from] Grassy Terrain\n|-heal|p1a: Hatterene|78\/100|[from] Grassy Terrain\n|-damage|p2a: Great Tusk|88\/100 psn|[from] psn\n|upkeep\n|turn|9\n|\n|t:|1700864901\n|move|p2a: Great Tusk|Headlong Rush|p1a: Hatterene\n|-damage|p1a: Hatterene|49\/100\n|-unboost|p2a: Great Tusk|def|1\n|-unboost|p2a: Great Tusk|spd|1\n|move|p1a: Hatterene|Agility|p1a: Hatterene\n|-boost|p1a: Hatterene|spe|2\n|\n|-heal|p2a: Great Tusk|94\/100 psn|[from] Grassy Terrain\n|-heal|p1a: Hatterene|55\/100|[from] Grassy Terrain\n|-damage|p2a: Great Tusk|82\/100 psn|[from] psn\n|upkeep\n|turn|10\n|\n|t:|1700864915\n|-end|p2a: Great Tusk|Protosynthesis|[silent]\n|switch|p2a: Empoleon|Empoleon, F|100\/100\n|move|p1a: Hatterene|Agility|p1a: Hatterene\n|-boost|p1a: Hatterene|spe|2\n|\n|-heal|p1a: Hatterene|61\/100|[from] Grassy Terrain\n|-fieldend|move: Grassy Terrain\n|upkeep\n|turn|11\n|\n|t:|1700864924\n|-terastallize|p1a: Hatterene|Fire\n|move|p1a: Hatterene|Calm Mind|p1a: Hatterene\n|-boost|p1a: Hatterene|spa|1\n|-boost|p1a: Hatterene|spd|1\n|move|p2a: Empoleon|Surf|p1a: Hatterene\n|-supereffective|p1a: Hatterene\n|-damage|p1a: Hatterene|13\/100\n|\n|upkeep\n|turn|12\n|\n|t:|1700864937\n|move|p1a: Hatterene|Stored Power|p2a: Empoleon\n|-resisted|p2a: Empoleon\n|-damage|p2a: Empoleon|58\/100\n|move|p2a: Empoleon|Flip Turn|p1a: Hatterene\n|-supereffective|p1a: Hatterene\n|-damage|p1a: Hatterene|0 fnt\n|faint|p1a: Hatterene\n|\n|t:|1700864944\n|switch|p2a: Zapdos|Zapdos|100\/100|[from] Flip Turn\n|\n|upkeep\n|\n|t:|1700864951\n|switch|p1a: Rillaboom|Rillaboom, M|97\/100\n|-damage|p1a: Rillaboom|81\/100|[from] Spikes\n|-fieldstart|move: Grassy Terrain|[from] ability: Grassy Surge|[of] p1a: Rillaboom\n|turn|13\n|\n|t:|1700864957\n|move|p1a: Rillaboom|Knock Off|p2a: Zapdos\n|-damage|p2a: Zapdos|75\/100\n|-enditem|p2a: Zapdos|Heavy-Duty Boots|[from] move: Knock Off|[of] p1a: Rillaboom\n|move|p2a: Zapdos|Volt Switch|p1a: Rillaboom\n|-resisted|p1a: Rillaboom\n|-damage|p1a: Rillaboom|61\/100\n|\n|t:|1700864961\n|switch|p2a: Great Tusk|Great Tusk|82\/100 psn|[from] Volt Switch\n|\n|-heal|p2a: Great Tusk|88\/100 psn|[from] Grassy Terrain\n|-heal|p1a: Rillaboom|67\/100|[from] Grassy Terrain\n|-damage|p2a: Great Tusk|76\/100 psn|[from] psn\n|upkeep\n|turn|14\n|\n|t:|1700864977\n|move|p2a: Great Tusk|Ice Spinner|p1a: Rillaboom\n|-supereffective|p1a: Rillaboom\n|-damage|p1a: Rillaboom|13\/100\n|-fieldend|move: Grassy Terrain\n|move|p1a: Rillaboom|Swords Dance|p1a: Rillaboom\n|-boost|p1a: Rillaboom|atk|2\n|\n|-damage|p2a: Great Tusk|63\/100 psn|[from] psn\n|upkeep\n|turn|15\n|\n|t:|1700864983\n|move|p2a: Great Tusk|Rapid Spin|p1a: Rillaboom\n|-damage|p1a: Rillaboom|0 fnt\n|-boost|p2a: Great Tusk|spe|1\n|faint|p1a: Rillaboom\n|\n|-damage|p2a: Great Tusk|51\/100 psn|[from] psn\n|upkeep\n|\n|t:|1700864993\n|switch|p1a: Ogerpon|Ogerpon-Wellspring, F|100\/100\n|-damage|p1a: Ogerpon|84\/100|[from] Spikes\n|turn|16\n|\n|t:|1700864997\n|move|p2a: Great Tusk|Ice Spinner|p1a: Ogerpon\n|-damage|p1a: Ogerpon|56\/100\n|move|p1a: Ogerpon|Ivy Cudgel|p2a: Great Tusk|[anim] Ivy Cudgel Water\n|-supereffective|p2a: Great Tusk\n|-damage|p2a: Great Tusk|0 fnt\n|faint|p2a: Great Tusk\n|-end|p2a: Great Tusk|Protosynthesis|[silent]\n|\n|upkeep\n|\n|t:|1700865000\n|switch|p2a: Tornadus|Tornadus-Therian, M|100\/100\n|turn|17\n|\n|t:|1700865004\n|move|p2a: Tornadus|U-turn|p1a: Ogerpon\n|-supereffective|p1a: Ogerpon\n|-damage|p1a: Ogerpon|15\/100\n|\n|t:|1700865007\n|switch|p2a: Zapdos|Zapdos|75\/100|[from] U-turn\n|move|p1a: Ogerpon|Ivy Cudgel|p2a: Zapdos|[anim] Ivy Cudgel Water\n|-damage|p2a: Zapdos|35\/100\n|\n|upkeep\n|turn|18\n|\n|t:|1700865011\n|move|p1a: Ogerpon|Ivy Cudgel|p2a: Zapdos|[anim] Ivy Cudgel Water\n|-damage|p2a: Zapdos|0 fnt\n|faint|p2a: Zapdos\n|\n|upkeep\n|\n|t:|1700865013\n|switch|p2a: Tornadus|Tornadus-Therian, M|100\/100\n|turn|19\n|\n|t:|1700865018\n|move|p2a: Tornadus|U-turn|p1a: Ogerpon\n|-supereffective|p1a: Ogerpon\n|-damage|p1a: Ogerpon|0 fnt\n|faint|p1a: Ogerpon\n|\n|t:|1700865021\n|switch|p2a: Walking Wake|Walking Wake|100\/100|[from] U-turn\n|\n|upkeep\n|\n|t:|1700865024\n|switch|p1a: Heatran|Heatran, F|100\/100\n|-damage|p1a: Heatran|84\/100|[from] Spikes\n|turn|20\n|c|\u2606Pressure is Cool|gg\n|\n|t:|1700865032\n|move|p2a: Walking Wake|Hydro Pump|p1a: Heatran\n|-supereffective|p1a: Heatran\n|-damage|p1a: Heatran|0 fnt\n|faint|p1a: Heatran\n|\n|win|Pressure is Cool\n|raw|BlueKxllaShowdown's rating: 1264 &rarr; <strong>1244<\/strong><br \/>(-20 for losing)\n|raw|Pressure is Cool's rating: 1330 &rarr; <strong>1346<\/strong><br \/>(+16 for winning)\n|l|\u2606BlueKxllaShowdown\n","uploadtime":1700865042,"views":4,"p1id":"bluekxllashowdown","p2id":"pressureiscool","formatid":"gen9ou","rating":1244,"private":0,"password":""}