{"id":"gen9ou-1995965921","p1":"Steez Ibanez","p2":"knexhawk2","format":"[Gen 9] OU","log":"|j|\u2606Steez Ibanez\n|j|\u2606knexhawk2\n|t:|1700622988\n|gametype|singles\n|player|p1|Steez Ibanez|lance-gen2|1799\n|player|p2|knexhawk2|red-masters|1796\n|teamsize|p1|6\n|teamsize|p2|6\n|gen|9\n|tier|[Gen 9] OU\n|rated|\n|rule|Sleep Clause Mod: Limit one foe put to sleep\n|rule|Species Clause: Limit one of each Pok\u00e9mon\n|rule|OHKO Clause: OHKO moves are banned\n|rule|Evasion Items Clause: Evasion items are banned\n|rule|Evasion Moves Clause: Evasion moves are banned\n|rule|Endless Battle Clause: Forcing endless battles is banned\n|rule|HP Percentage Mod: HP is shown in percentages\n|clearpoke\n|poke|p1|Samurott-Hisui, M|\n|poke|p1|Ursaluna, M|\n|poke|p1|Weezing-Galar, M|\n|poke|p1|Dragapult, M|\n|poke|p1|Corviknight, M|\n|poke|p1|Ting-Lu|\n|poke|p2|Wo-Chien|\n|poke|p2|Talonflame, F|\n|poke|p2|Alomomola, M|\n|poke|p2|Blissey, F|\n|poke|p2|Cyclizar, M|\n|poke|p2|Clodsire, F|\n|teampreview\n|j| jesusptibr\n|c|\u2606knexhawk2|oh dear\n|c|\u2606Steez Ibanez|Hf old friend\n|c|\u2606knexhawk2|u2\n|\n|t:|1700623012\n|start\n|switch|p1a: Speedwagon|Weezing-Galar, M|100\/100\n|switch|p2a: You are my son|Alomomola, M|100\/100\n|-ability|p1a: Speedwagon|Neutralizing Gas\n|turn|1\n|\n|t:|1700623017\n|switch|p2a: Your father.|Talonflame, F|100\/100\n|move|p1a: Speedwagon|Will-O-Wisp|p2a: Your father.\n|-immune|p2a: Your father.\n|\n|upkeep\n|turn|2\n|\n|t:|1700623024\n|move|p2a: Your father.|Flamethrower|p1a: Speedwagon\n|-damage|p1a: Speedwagon|75\/100\n|move|p1a: Speedwagon|Strange Steam|p2a: Your father.\n|-resisted|p2a: Your father.\n|-damage|p2a: Your father.|82\/100\n|\n|upkeep\n|turn|3\n|\n|t:|1700623031\n|move|p2a: Your father.|Will-O-Wisp|p1a: Speedwagon|[miss]\n|-miss|p2a: Your father.|p1a: Speedwagon\n|move|p1a: Speedwagon|Toxic Spikes|p2a: Your father.\n|-sidestart|p2: knexhawk2|move: Toxic Spikes\n|\n|upkeep\n|turn|4\n|\n|t:|1700623037\n|-end|p1a: Speedwagon|ability: Neutralizing Gas\n|switch|p1a: Yogi|Ursaluna, M|100\/100\n|move|p2a: Your father.|Defog|p1a: Yogi\n|-unboost|p1a: Yogi|evasion|1\n|-sideend|p2: knexhawk2|Toxic Spikes|[from] move: Defog|[of] p2a: Your father.\n|\n|-status|p1a: Yogi|brn|[from] item: Flame Orb\n|upkeep\n|turn|5\n|\n|t:|1700623041\n|switch|p2a: You are my son|Alomomola, M|100\/100\n|move|p1a: Yogi|Facade|p2a: You are my son\n|-damage|p2a: You are my son|33\/100\n|-damage|p1a: Yogi|84\/100 brn|[from] item: Rocky Helmet|[of] p2a: You are my son\n|\n|-damage|p1a: Yogi|78\/100 brn|[from] brn\n|upkeep\n|turn|6\n|\n|t:|1700623051\n|move|p2a: You are my son|Protect|p2a: You are my son\n|-singleturn|p2a: You are my son|Protect\n|move|p1a: Yogi|Facade|p2a: You are my son\n|-activate|p2a: You are my son|move: Protect\n|\n|-damage|p1a: Yogi|72\/100 brn|[from] brn\n|upkeep\n|turn|7\n|\n|t:|1700623057\n|switch|p2a: ur my lizard|Cyclizar, M|100\/100\n|move|p1a: Yogi|Facade|p2a: ur my lizard\n|-damage|p2a: ur my lizard|0 fnt\n|faint|p2a: ur my lizard\n|\n|-damage|p1a: Yogi|66\/100 brn|[from] brn\n|upkeep\n|\n|t:|1700623058\n|switch|p2a: I own you.|Wo-Chien|100\/100\n|-ability|p2a: I own you.|Tablets of Ruin\n|turn|8\n|j| Porycomingback\n|\n|t:|1700623061\n|switch|p1a: Speedwagon|Weezing-Galar, M|75\/100\n|-ability|p1a: Speedwagon|Neutralizing Gas\n|move|p2a: I own you.|Knock Off|p1a: Speedwagon\n|-resisted|p1a: Speedwagon\n|-damage|p1a: Speedwagon|63\/100\n|-enditem|p1a: Speedwagon|Heavy-Duty Boots|[from] move: Knock Off|[of] p2a: I own you.\n|\n|upkeep\n|turn|9\n|\n|t:|1700623066\n|switch|p2a: I'm your mom.|Blissey, F|100\/100\n|move|p1a: Speedwagon|Strange Steam|p2a: I'm your mom.\n|-damage|p2a: I'm your mom.|92\/100\n|-start|p2a: I'm your mom.|confusion\n|\n|upkeep\n|turn|10\n|\n|t:|1700623069\n|switch|p2a: Your father.|Talonflame, F|82\/100\n|move|p1a: Speedwagon|Toxic Spikes|p2a: Your father.\n|-sidestart|p2: knexhawk2|move: Toxic Spikes\n|\n|upkeep\n|turn|11\n|\n|t:|1700623074\n|move|p2a: Your father.|Flamethrower|p1a: Speedwagon\n|-damage|p1a: Speedwagon|37\/100\n|move|p1a: Speedwagon|Strange Steam|p2a: Your father.\n|-resisted|p2a: Your father.\n|-damage|p2a: Your father.|64\/100\n|-start|p2a: Your father.|confusion\n|\n|upkeep\n|turn|12\n|\n|t:|1700623077\n|-activate|p2a: Your father.|confusion\n|move|p2a: Your father.|Will-O-Wisp|p1a: Speedwagon|[miss]\n|-miss|p2a: Your father.|p1a: Speedwagon\n|move|p1a: Speedwagon|Pain Split|p2a: Your father.\n|-sethp|p2a: Your father.|49\/100|[from] move: Pain Split|[silent]\n|-sethp|p1a: Speedwagon|53\/100|[from] move: Pain Split\n|\n|upkeep\n|turn|13\n|\n|t:|1700623080\n|-end|p1a: Speedwagon|ability: Neutralizing Gas\n|switch|p1a: Yogi|Ursaluna, M|66\/100 brn\n|-activate|p2a: Your father.|confusion\n|-damage|p2a: Your father.|44\/100|[from] confusion\n|\n|-damage|p1a: Yogi|60\/100 brn|[from] brn\n|upkeep\n|turn|14\n|\n|t:|1700623087\n|switch|p2a: you are my pet|Clodsire, F|100\/100\n|-sideend|p2: knexhawk2|move: Toxic Spikes|[of] p2a: you are my pet\n|move|p1a: Yogi|Facade|p2a: you are my pet\n|-damage|p2a: you are my pet|4\/100\n|\n|-heal|p2a: you are my pet|10\/100|[from] item: Leftovers\n|-damage|p1a: Yogi|54\/100 brn|[from] brn\n|upkeep\n|turn|15\n|c|\u2606knexhawk2|i lived?\n|c|\u2606knexhawk2|what\n|\n|t:|1700623095\n|switch|p2a: I own you.|Wo-Chien|100\/100\n|-ability|p2a: I own you.|Tablets of Ruin\n|move|p1a: Yogi|Facade|p2a: I own you.\n|-damage|p2a: I own you.|36\/100\n|\n|-heal|p2a: I own you.|42\/100|[from] item: Leftovers\n|-damage|p1a: Yogi|48\/100 brn|[from] brn\n|upkeep\n|turn|16\n|c|\u2606Steez Ibanez|Thats wild\n|c|\u2606knexhawk2|max def clod is crazy\n|\n|t:|1700623105\n|switch|p2a: you are my pet|Clodsire, F|10\/100\n|-terastallize|p1a: Yogi|Normal\n|move|p1a: Yogi|Facade|p2a: you are my pet\n|-damage|p2a: you are my pet|0 fnt\n|faint|p2a: you are my pet\n|\n|-damage|p1a: Yogi|42\/100 brn|[from] brn\n|upkeep\n|\n|t:|1700623109\n|switch|p2a: Your father.|Talonflame, F|44\/100\n|turn|17\n|\n|t:|1700623112\n|move|p2a: Your father.|Flamethrower|p1a: Yogi\n|-damage|p1a: Yogi|20\/100 brn\n|move|p1a: Yogi|Facade|p2a: Your father.\n|-damage|p2a: Your father.|0 fnt\n|faint|p2a: Your father.\n|\n|-damage|p1a: Yogi|14\/100 brn|[from] brn\n|upkeep\n|\n|t:|1700623114\n|switch|p2a: You are my son|Alomomola, M|67\/100\n|turn|18\n|\n|t:|1700623119\n|switch|p2a: I own you.|Wo-Chien|42\/100\n|-ability|p2a: I own you.|Tablets of Ruin\n|move|p1a: Yogi|Facade|p2a: I own you.\n|-damage|p2a: I own you.|0 fnt\n|faint|p2a: I own you.\n|\n|-damage|p1a: Yogi|8\/100 brn|[from] brn\n|upkeep\n|\n|t:|1700623120\n|switch|p2a: You are my son|Alomomola, M|99\/100\n|turn|19\n|\n|t:|1700623122\n|move|p1a: Yogi|Swords Dance|p1a: Yogi\n|-boost|p1a: Yogi|atk|2\n|move|p2a: You are my son|Wish|p2a: You are my son\n|\n|-damage|p1a: Yogi|2\/100 brn|[from] brn\n|upkeep\n|turn|20\n|\n|t:|1700623126\n|switch|p1a: Speedwagon|Weezing-Galar, M|53\/100\n|-ability|p1a: Speedwagon|Neutralizing Gas\n|move|p2a: You are my son|Protect||[still]\n|-fail|p2a: You are my son\n|\n|-heal|p2a: You are my son|100\/100|[from] move: Wish|[wisher] You are my son\n|upkeep\n|turn|21\n|c|\u2606knexhawk2|i believe iin blissey + mola\n|\n|t:|1700623131\n|move|p1a: Speedwagon|Pain Split|p2a: You are my son\n|-sethp|p2a: You are my son|67\/100|[from] move: Pain Split|[silent]\n|-sethp|p1a: Speedwagon|100\/100|[from] move: Pain Split\n|move|p2a: You are my son|Scald|p1a: Speedwagon\n|-damage|p1a: Speedwagon|85\/100\n|\n|upkeep\n|turn|22\n|\n|t:|1700623135\n|move|p1a: Speedwagon|Will-O-Wisp|p2a: You are my son\n|-status|p2a: You are my son|brn\n|move|p2a: You are my son|Scald|p1a: Speedwagon\n|-damage|p1a: Speedwagon|70\/100\n|\n|-damage|p2a: You are my son|61\/100 brn|[from] brn\n|upkeep\n|turn|23\n|j| Surgo\n|\n|t:|1700623138\n|move|p1a: Speedwagon|Strange Steam|p2a: You are my son\n|-damage|p2a: You are my son|30\/100 brn\n|-start|p2a: You are my son|confusion\n|-activate|p2a: You are my son|confusion\n|move|p2a: You are my son|Wish|p2a: You are my son\n|\n|-damage|p2a: You are my son|24\/100 brn|[from] brn\n|upkeep\n|turn|24\n|\n|t:|1700623146\n|-end|p1a: Speedwagon|ability: Neutralizing Gas\n|switch|p1a: Darth Tyranus|Samurott-Hisui, M|100\/100\n|switch|p2a: I'm your mom.|Blissey, F|92\/100\n|\n|-heal|p2a: I'm your mom.|100\/100|[from] move: Wish|[wisher] You are my son\n|upkeep\n|turn|25\n|l| Porycomingback\n|\n|t:|1700623153\n|-terastallize|p2a: I'm your mom.|Dark\n|move|p1a: Darth Tyranus|Swords Dance|p1a: Darth Tyranus\n|-boost|p1a: Darth Tyranus|atk|2\n|move|p2a: I'm your mom.|Seismic Toss|p1a: Darth Tyranus\n|-damage|p1a: Darth Tyranus|69\/100\n|\n|upkeep\n|turn|26\n|c|\u2606knexhawk2|oh lol no i lost\n|c|\u2606knexhawk2|gg\n|-message|knexhawk2 forfeited.\n|\n|win|Steez Ibanez\n|raw|Steez Ibanez's rating: 1799 &rarr; <strong>1819<\/strong><br \/>(+20 for winning)\n|raw|knexhawk2's rating: 1796 &rarr; <strong>1776<\/strong><br \/>(-20 for losing)\n|l|\u2606knexhawk2\n|l|\u2606Steez Ibanez\n","uploadtime":1700623231,"views":11,"p1id":"steezibanez","p2id":"knexhawk2","formatid":"gen9ou","rating":1776,"private":0,"password":""}