{"id":"gen9ou-1994804326","p1":"Home is wild","p2":"fireator","format":"[Gen 9] OU","log":"|j|\u2606Home is wild\n|j|\u2606fireator\n|t:|1700494366\n|gametype|singles\n|player|p1|Home is wild|170|1772\n|player|p2|fireator|gambler|1719\n|teamsize|p1|6\n|teamsize|p2|6\n|gen|9\n|tier|[Gen 9] OU\n|rated|\n|rule|Sleep Clause Mod: Limit one foe put to sleep\n|rule|Species Clause: Limit one of each Pok\u00e9mon\n|rule|OHKO Clause: OHKO moves are banned\n|rule|Evasion Items Clause: Evasion items are banned\n|rule|Evasion Moves Clause: Evasion moves are banned\n|rule|Endless Battle Clause: Forcing endless battles is banned\n|rule|HP Percentage Mod: HP is shown in percentages\n|clearpoke\n|poke|p1|Cinderace, M|\n|poke|p1|Muk-Alola, F|\n|poke|p1|Dondozo, M|\n|poke|p1|Landorus-Therian, M|\n|poke|p1|Zamazenta-*|\n|poke|p1|Clefable, M|\n|poke|p2|Iron Valiant|\n|poke|p2|Walking Wake|\n|poke|p2|Hatterene, F|\n|poke|p2|Zamazenta-*|\n|poke|p2|Torkoal, M|\n|poke|p2|Garganacl, M|\n|teampreview\n|inactive|Battle timer is ON: inactive players will automatically lose when time's up. (requested by Home is wild)\n|inactive|fireator has 120 seconds left.\n|inactive|fireator has 90 seconds left.\n|\n|t:|1700494429\n|start\n|switch|p1a: Muk|Muk-Alola, F|100\/100\n|switch|p2a: Hatterene|Hatterene, F|100\/100\n|turn|1\n|\n|t:|1700494454\n|switch|p2a: Garganacl|Garganacl, M|100\/100\n|move|p1a: Muk|Knock Off|p2a: Garganacl\n|-damage|p2a: Garganacl|77\/100\n|-enditem|p2a: Garganacl|Leftovers|[from] move: Knock Off|[of] p1a: Muk\n|\n|upkeep\n|turn|2\n|j| Ragnnis\n|\n|t:|1700494463\n|switch|p1a: Clefable|Clefable, M|100\/100\n|move|p2a: Garganacl|Salt Cure|p1a: Clefable\n|-damage|p1a: Clefable|91\/100\n|-start|p1a: Clefable|Salt Cure\n|\n|upkeep\n|turn|3\n|\n|t:|1700494468\n|switch|p2a: Hatterene|Hatterene, F|100\/100\n|move|p1a: Clefable|Knock Off|p2a: Hatterene\n|-damage|p2a: Hatterene|82\/100\n|-enditem|p2a: Hatterene|Assault Vest|[from] move: Knock Off|[of] p1a: Clefable\n|\n|upkeep\n|turn|4\n|\n|t:|1700494470\n|move|p1a: Clefable|Wish|p1a: Clefable\n|move|p2a: Hatterene|Nuzzle|p1a: Clefable\n|-damage|p1a: Clefable|88\/100\n|-status|p1a: Clefable|par\n|\n|-damage|p2a: Hatterene|69\/100|[from] item: Sticky Barb\n|upkeep\n|turn|5\n|\n|t:|1700494477\n|move|p2a: Hatterene|Dazzling Gleam|p1a: Clefable\n|-damage|p1a: Clefable|46\/100 par\n|move|p1a: Clefable|Moonblast|p2a: Hatterene\n|-damage|p2a: Hatterene|39\/100\n|-unboost|p2a: Hatterene|spa|1\n|\n|-heal|p1a: Clefable|96\/100 par|[from] move: Wish|[wisher] Clefable\n|-damage|p2a: Hatterene|26\/100|[from] item: Sticky Barb\n|upkeep\n|turn|6\n|\n|t:|1700494483\n|switch|p2a: Torkoal|Torkoal, M|100\/100\n|-weather|SunnyDay|[from] ability: Drought|[of] p2a: Torkoal\n|switch|p1a: Muk|Muk-Alola, F|100\/100\n|\n|-weather|SunnyDay|[upkeep]\n|upkeep\n|turn|7\n|\n|t:|1700494486\n|move|p1a: Muk|Knock Off|p2a: Torkoal\n|-damage|p2a: Torkoal|79\/100\n|-status|p2a: Torkoal|psn|[from] ability: Poison Touch|[of] p1a: Muk\n|-enditem|p2a: Torkoal|Heat Rock|[from] move: Knock Off|[of] p1a: Muk\n|move|p2a: Torkoal|Stealth Rock|p1a: Muk\n|-sidestart|p1: Home is wild|move: Stealth Rock\n|\n|-weather|SunnyDay|[upkeep]\n|-damage|p2a: Torkoal|67\/100 psn|[from] psn\n|upkeep\n|turn|8\n|\n|t:|1700494493\n|move|p1a: Muk|Protect|p1a: Muk\n|-singleturn|p1a: Muk|Protect\n|move|p2a: Torkoal|Yawn|p1a: Muk\n|-activate|p1a: Muk|move: Protect\n|\n|-weather|SunnyDay|[upkeep]\n|-damage|p2a: Torkoal|55\/100 psn|[from] psn\n|upkeep\n|turn|9\n|\n|t:|1700494495\n|move|p1a: Muk|Poison Jab|p2a: Torkoal\n|-damage|p2a: Torkoal|40\/100 psn\n|move|p2a: Torkoal|Yawn|p1a: Muk\n|-start|p1a: Muk|move: Yawn|[of] p2a: Torkoal\n|\n|-weather|SunnyDay|[upkeep]\n|-damage|p2a: Torkoal|28\/100 psn|[from] psn\n|upkeep\n|turn|10\n|\n|t:|1700494500\n|switch|p1a: Cinderace|Cinderace, M|100\/100\n|switch|p2a: Walking Wake|Walking Wake|100\/100\n|-activate|p2a: Walking Wake|ability: Protosynthesis\n|-start|p2a: Walking Wake|protosynthesisspe\n|\n|-weather|SunnyDay|[upkeep]\n|upkeep\n|turn|11\n|\n|t:|1700494505\n|switch|p1a: Clefable|Clefable, M|96\/100 par\n|-terastallize|p2a: Walking Wake|Water\n|move|p2a: Walking Wake|Hydro Steam|p1a: Clefable\n|-damage|p1a: Clefable|0 fnt\n|faint|p1a: Clefable\n|\n|-weather|SunnyDay|[upkeep]\n|upkeep\n|\n|t:|1700494511\n|switch|p1a: Dondozo|Dondozo, M|100\/100\n|-damage|p1a: Dondozo|88\/100|[from] Stealth Rock\n|turn|12\n|\n|t:|1700494513\n|move|p1a: Dondozo|Protect|p1a: Dondozo\n|-singleturn|p1a: Dondozo|Protect\n|move|p2a: Walking Wake|Hydro Steam|p1a: Dondozo\n|-activate|p1a: Dondozo|move: Protect\n|\n|-weather|SunnyDay|[upkeep]\n|-heal|p1a: Dondozo|94\/100|[from] item: Leftovers\n|upkeep\n|turn|13\n|\n|t:|1700494515\n|move|p2a: Walking Wake|Hydro Steam|p1a: Dondozo\n|-resisted|p1a: Dondozo\n|-damage|p1a: Dondozo|33\/100\n|move|p1a: Dondozo|Body Press|p2a: Walking Wake\n|-damage|p2a: Walking Wake|69\/100\n|\n|-weather|none\n|-end|p2a: Walking Wake|Protosynthesis\n|-heal|p1a: Dondozo|39\/100|[from] item: Leftovers\n|upkeep\n|turn|14\n|\n|t:|1700494522\n|switch|p1a: Cinderace|Cinderace, M|100\/100\n|move|p2a: Walking Wake|Hydro Steam|p1a: Cinderace\n|-supereffective|p1a: Cinderace\n|-damage|p1a: Cinderace|0 fnt\n|faint|p1a: Cinderace\n|\n|upkeep\n|\n|t:|1700494527\n|switch|p1a: Zamazenta|Zamazenta|100\/100\n|-damage|p1a: Zamazenta|94\/100|[from] Stealth Rock\n|-ability|p1a: Zamazenta|Dauntless Shield|boost\n|-boost|p1a: Zamazenta|def|1\n|turn|15\n|l| Ragnnis\n|\n|t:|1700494532\n|-end|p2a: Walking Wake|Protosynthesis|[silent]\n|switch|p2a: Torkoal|Torkoal, M|28\/100 psn\n|-weather|SunnyDay|[from] ability: Drought|[of] p2a: Torkoal\n|move|p1a: Zamazenta|Iron Defense|p1a: Zamazenta\n|-boost|p1a: Zamazenta|def|2\n|\n|-weather|SunnyDay|[upkeep]\n|-heal|p1a: Zamazenta|100\/100|[from] item: Leftovers\n|-damage|p2a: Torkoal|15\/100 psn|[from] psn\n|upkeep\n|turn|16\n|j| mew852\n|\n|t:|1700494536\n|move|p1a: Zamazenta|Substitute|p1a: Zamazenta\n|-start|p1a: Zamazenta|Substitute\n|-damage|p1a: Zamazenta|75\/100\n|move|p2a: Torkoal|Lava Plume|p1a: Zamazenta\n|-end|p1a: Zamazenta|Substitute\n|\n|-weather|SunnyDay|[upkeep]\n|-heal|p1a: Zamazenta|82\/100|[from] item: Leftovers\n|-damage|p2a: Torkoal|3\/100 psn|[from] psn\n|upkeep\n|turn|17\n|\n|t:|1700494539\n|move|p1a: Zamazenta|Body Press|p2a: Torkoal\n|-damage|p2a: Torkoal|0 fnt\n|faint|p2a: Torkoal\n|\n|-weather|SunnyDay|[upkeep]\n|-heal|p1a: Zamazenta|88\/100|[from] item: Leftovers\n|upkeep\n|\n|t:|1700494541\n|switch|p2a: Walking Wake|Walking Wake, tera:Water|69\/100\n|-activate|p2a: Walking Wake|ability: Protosynthesis\n|-start|p2a: Walking Wake|protosynthesisspe\n|turn|18\n|j| scaryblock11\n|\n|t:|1700494543\n|move|p2a: Walking Wake|Hydro Steam|p1a: Zamazenta\n|-damage|p1a: Zamazenta|0 fnt\n|faint|p1a: Zamazenta\n|\n|-weather|SunnyDay|[upkeep]\n|upkeep\n|-message|Home is wild forfeited.\n|\n|win|fireator\n|raw|Home is wild's rating: 1772 &rarr; <strong>1749<\/strong><br \/>(-23 for losing)\n|raw|fireator's rating: 1719 &rarr; <strong>1742<\/strong><br \/>(+23 for winning)\n|l|\u2606Home is wild\n|l|\u2606fireator\n","uploadtime":1700494617,"views":6,"p1id":"homeiswild","p2id":"fireator","formatid":"gen9ou","rating":1742,"private":0,"password":""}