{"id":"gen9ou-2000421781","p1":"VMaks","p2":"Gravebanes","format":"[Gen 9] OU","log":"|j|\u2606VMaks\n|j|\u2606Gravebanes\n|t:|1701193435\n|gametype|singles\n|player|p1|VMaks|will|1212\n|player|p2|Gravebanes|benga|1212\n|teamsize|p1|6\n|teamsize|p2|6\n|gen|9\n|tier|[Gen 9] OU\n|rated|\n|rule|Sleep Clause Mod: Limit one foe put to sleep\n|rule|Species Clause: Limit one of each Pok\u00e9mon\n|rule|OHKO Clause: OHKO moves are banned\n|rule|Evasion Items Clause: Evasion items are banned\n|rule|Evasion Moves Clause: Evasion moves are banned\n|rule|Endless Battle Clause: Forcing endless battles is banned\n|rule|HP Percentage Mod: HP is shown in percentages\n|clearpoke\n|poke|p1|Arcanine-Hisui, F|\n|poke|p1|Kingambit, F|\n|poke|p1|Great Tusk|\n|poke|p1|Corviknight, M|\n|poke|p1|Alomomola, F|\n|poke|p1|Dragapult, F|\n|poke|p2|Landorus-Therian, M|\n|poke|p2|Gholdengo|\n|poke|p2|Iron Treads|\n|poke|p2|Ogerpon-Cornerstone, F|\n|poke|p2|Rillaboom, M|\n|poke|p2|Greninja-*, M|\n|teampreview\n|inactive|Battle timer is ON: inactive players will automatically lose when time's up. (requested by Gravebanes)\n|inactive|VMaks also wants the timer to be on.\n|\n|t:|1701193464\n|start\n|switch|p1a: Dragapult|Dragapult, F|100\/100\n|switch|p2a: Iron Treads|Iron Treads|100\/100\n|-enditem|p2a: Iron Treads|Booster Energy\n|-activate|p2a: Iron Treads|ability: Quark Drive|[fromitem]\n|-start|p2a: Iron Treads|quarkdrivespe\n|turn|1\n|\n|t:|1701193469\n|switch|p1a: Alomomola|Alomomola, F, shiny|100\/100\n|move|p2a: Iron Treads|Knock Off|p1a: Alomomola\n|-damage|p1a: Alomomola|84\/100\n|-damage|p2a: Iron Treads|84\/100|[from] item: Rocky Helmet|[of] p1a: Alomomola\n|-enditem|p1a: Alomomola|Rocky Helmet|[from] move: Knock Off|[of] p2a: Iron Treads\n|\n|upkeep\n|turn|2\n|\n|t:|1701193477\n|move|p2a: Iron Treads|Stealth Rock|p1a: Alomomola\n|-sidestart|p1: VMaks|move: Stealth Rock\n|move|p1a: Alomomola|Scald|p2a: Iron Treads\n|-supereffective|p2a: Iron Treads\n|-damage|p2a: Iron Treads|47\/100\n|-status|p2a: Iron Treads|brn\n|\n|-damage|p2a: Iron Treads|40\/100 brn|[from] brn\n|upkeep\n|turn|3\n|\n|t:|1701193484\n|move|p2a: Iron Treads|Earthquake|p1a: Alomomola\n|-damage|p1a: Alomomola|72\/100\n|move|p1a: Alomomola|Wish|p1a: Alomomola\n|\n|-damage|p2a: Iron Treads|34\/100 brn|[from] brn\n|upkeep\n|turn|4\n|\n|t:|1701193492\n|move|p2a: Iron Treads|Earthquake|p1a: Alomomola\n|-damage|p1a: Alomomola|59\/100\n|move|p1a: Alomomola|Flip Turn|p2a: Iron Treads\n|-supereffective|p2a: Iron Treads\n|-damage|p2a: Iron Treads|6\/100 brn\n|\n|t:|1701193515\n|switch|p1a: Dragapult|Dragapult, F|100\/100|[from] Flip Turn\n|-damage|p1a: Dragapult|88\/100|[from] Stealth Rock\n|\n|-heal|p1a: Dragapult|100\/100|[from] move: Wish|[wisher] Alomomola\n|-damage|p2a: Iron Treads|0 fnt|[from] brn\n|faint|p2a: Iron Treads\n|-end|p2a: Iron Treads|Quark Drive|[silent]\n|upkeep\n|\n|t:|1701193524\n|switch|p2a: Landorus|Landorus-Therian, M|100\/100\n|-ability|p2a: Landorus|Intimidate|boost\n|-fail|p1a: Dragapult|unboost|[from] ability: Clear Body|[of] p1a: Dragapult\n|turn|5\n|\n|t:|1701193532\n|switch|p1a: Alomomola|Alomomola, F, shiny|92\/100\n|-damage|p1a: Alomomola|80\/100|[from] Stealth Rock\n|move|p2a: Landorus|Crunch|p1a: Alomomola\n|-damage|p1a: Alomomola|58\/100\n|\n|upkeep\n|turn|6\n|\n|t:|1701193536\n|switch|p2a: Rillaboom|Rillaboom, M|100\/100\n|-fieldstart|move: Grassy Terrain|[from] ability: Grassy Surge|[of] p2a: Rillaboom\n|move|p1a: Alomomola|Scald|p2a: Rillaboom\n|-resisted|p2a: Rillaboom\n|-crit|p2a: Rillaboom\n|-damage|p2a: Rillaboom|88\/100\n|\n|-heal|p2a: Rillaboom|94\/100|[from] Grassy Terrain\n|-heal|p1a: Alomomola|64\/100|[from] Grassy Terrain\n|upkeep\n|turn|7\n|\n|t:|1701193547\n|switch|p1a: Corviknight|Corviknight, M|100\/100\n|-damage|p1a: Corviknight|88\/100|[from] Stealth Rock\n|-ability|p1a: Corviknight|Pressure\n|move|p2a: Rillaboom|Knock Off|p1a: Corviknight\n|-crit|p1a: Corviknight\n|-damage|p1a: Corviknight|32\/100\n|-enditem|p1a: Corviknight|Leftovers|[from] move: Knock Off|[of] p2a: Rillaboom\n|-damage|p2a: Rillaboom|84\/100|[from] item: Life Orb\n|\n|-heal|p2a: Rillaboom|90\/100|[from] Grassy Terrain\n|upkeep\n|turn|8\n|\n|t:|1701193558\n|move|p2a: Rillaboom|Taunt|p1a: Corviknight\n|-start|p1a: Corviknight|move: Taunt\n|cant|p1a: Corviknight|move: Taunt|Roost\n|\n|-heal|p2a: Rillaboom|96\/100|[from] Grassy Terrain\n|upkeep\n|turn|9\n|\n|t:|1701193567\n|switch|p1a: Alomomola|Alomomola, F, shiny|98\/100\n|-damage|p1a: Alomomola|85\/100|[from] Stealth Rock\n|move|p2a: Rillaboom|Grassy Glide|p1a: Alomomola\n|-supereffective|p1a: Alomomola\n|-damage|p1a: Alomomola|37\/100\n|-damage|p2a: Rillaboom|86\/100|[from] item: Life Orb\n|\n|-heal|p2a: Rillaboom|93\/100|[from] Grassy Terrain\n|-heal|p1a: Alomomola|43\/100|[from] Grassy Terrain\n|upkeep\n|turn|10\n|\n|t:|1701193576\n|move|p1a: Alomomola|Protect|p1a: Alomomola\n|-singleturn|p1a: Alomomola|Protect\n|move|p2a: Rillaboom|Taunt|p1a: Alomomola\n|-activate|p1a: Alomomola|move: Protect\n|\n|-heal|p2a: Rillaboom|99\/100|[from] Grassy Terrain\n|-heal|p1a: Alomomola|49\/100|[from] Grassy Terrain\n|-fieldend|move: Grassy Terrain\n|upkeep\n|turn|11\n|\n|t:|1701193586\n|move|p2a: Rillaboom|Taunt|p1a: Alomomola\n|-start|p1a: Alomomola|move: Taunt\n|move|p1a: Alomomola|Flip Turn|p2a: Rillaboom\n|-resisted|p2a: Rillaboom\n|-damage|p2a: Rillaboom|91\/100\n|\n|t:|1701193590\n|switch|p1a: Arcanine|Arcanine-Hisui, F|100\/100|[from] Flip Turn\n|-damage|p1a: Arcanine|76\/100|[from] Stealth Rock\n|\n|upkeep\n|turn|12\n|\n|t:|1701193601\n|switch|p2a: Landorus|Landorus-Therian, M|100\/100\n|-ability|p2a: Landorus|Intimidate|boost\n|-unboost|p1a: Arcanine|atk|1\n|move|p1a: Arcanine|Flare Blitz|p2a: Landorus\n|-damage|p2a: Landorus|31\/100\n|\n|upkeep\n|turn|13\n|\n|t:|1701193612\n|switch|p1a: Alomomola|Alomomola, F, shiny|83\/100\n|-damage|p1a: Alomomola|70\/100|[from] Stealth Rock\n|move|p2a: Landorus|U-turn|p1a: Alomomola\n|-damage|p1a: Alomomola|50\/100\n|\n|t:|1701193616\n|switch|p2a: Ogerpon|Ogerpon-Cornerstone, F|100\/100|[from] U-turn\n|\n|upkeep\n|turn|14\n|\n|t:|1701193628\n|switch|p1a: Corviknight|Corviknight, M|32\/100\n|-damage|p1a: Corviknight|20\/100|[from] Stealth Rock\n|-ability|p1a: Corviknight|Pressure\n|move|p2a: Ogerpon|Horn Leech|p1a: Corviknight\n|-resisted|p1a: Corviknight\n|-damage|p1a: Corviknight|10\/100\n|\n|upkeep\n|turn|15\n|\n|t:|1701193631\n|move|p2a: Ogerpon|Ivy Cudgel|p1a: Corviknight|[anim] Ivy Cudgel Rock\n|-damage|p1a: Corviknight|0 fnt\n|faint|p1a: Corviknight\n|\n|upkeep\n|\n|t:|1701193639\n|switch|p1a: Dragapult|Dragapult, F|100\/100\n|-damage|p1a: Dragapult|88\/100|[from] Stealth Rock\n|turn|16\n|\n|t:|1701193645\n|move|p1a: Dragapult|U-turn|p2a: Ogerpon\n|-supereffective|p2a: Ogerpon\n|-damage|p2a: Ogerpon|52\/100\n|\n|t:|1701193654\n|switch|p1a: Kingambit|Kingambit, F|100\/100|[from] U-turn\n|-damage|p1a: Kingambit|94\/100|[from] Stealth Rock\n|-activate|p1a: Kingambit|ability: Supreme Overlord\n|-start|p1a: Kingambit|fallen1|[silent]\n|move|p2a: Ogerpon|Knock Off|p1a: Kingambit\n|-resisted|p1a: Kingambit\n|-damage|p1a: Kingambit|80\/100\n|-enditem|p1a: Kingambit|Leftovers|[from] move: Knock Off|[of] p2a: Ogerpon\n|\n|upkeep\n|turn|17\n|\n|t:|1701193663\n|move|p2a: Ogerpon|U-turn|p1a: Kingambit\n|-damage|p1a: Kingambit|61\/100\n|\n|t:|1701193665\n|switch|p2a: Landorus|Landorus-Therian, M|31\/100|[from] U-turn\n|-ability|p2a: Landorus|Intimidate|boost\n|-unboost|p1a: Kingambit|atk|1\n|move|p1a: Kingambit|Kowtow Cleave|p2a: Landorus\n|-damage|p2a: Landorus|0 fnt\n|faint|p2a: Landorus\n|\n|upkeep\n|\n|t:|1701193676\n|switch|p2a: Rillaboom|Rillaboom, M|91\/100\n|-fieldstart|move: Grassy Terrain|[from] ability: Grassy Surge|[of] p2a: Rillaboom\n|turn|18\n|inactive|VMaks has 120 seconds left.\n|\n|t:|1701193707\n|-end|p1a: Kingambit|fallen1|[silent]\n|switch|p1a: Great Tusk|Great Tusk, shiny|100\/100\n|-damage|p1a: Great Tusk|97\/100|[from] Stealth Rock\n|move|p2a: Rillaboom|U-turn|p1a: Great Tusk\n|-resisted|p1a: Great Tusk\n|-damage|p1a: Great Tusk|88\/100\n|-damage|p2a: Rillaboom|81\/100|[from] item: Life Orb\n|\n|t:|1701193713\n|switch|p2a: Ogerpon|Ogerpon-Cornerstone, F|52\/100|[from] U-turn\n|\n|-heal|p2a: Ogerpon|58\/100|[from] Grassy Terrain\n|-heal|p1a: Great Tusk|95\/100|[from] Grassy Terrain\n|-heal|p1a: Great Tusk|100\/100|[from] item: Leftovers\n|upkeep\n|turn|19\n|\n|t:|1701193724\n|move|p2a: Ogerpon|Horn Leech|p1a: Great Tusk\n|-supereffective|p1a: Great Tusk\n|-damage|p1a: Great Tusk|25\/100\n|-heal|p2a: Ogerpon|100\/100|[from] drain|[of] p1a: Great Tusk\n|move|p1a: Great Tusk|Earthquake|p2a: Ogerpon\n|-damage|p2a: Ogerpon|69\/100\n|\n|-heal|p2a: Ogerpon|75\/100|[from] Grassy Terrain\n|-heal|p1a: Great Tusk|31\/100|[from] Grassy Terrain\n|-heal|p1a: Great Tusk|38\/100|[from] item: Leftovers\n|upkeep\n|turn|20\n|\n|t:|1701193731\n|-end|p1a: Great Tusk|Protosynthesis|[silent]\n|switch|p1a: Kingambit|Kingambit, F|61\/100\n|-damage|p1a: Kingambit|55\/100|[from] Stealth Rock\n|-activate|p1a: Kingambit|ability: Supreme Overlord\n|-start|p1a: Kingambit|fallen1|[silent]\n|move|p2a: Ogerpon|Horn Leech|p1a: Kingambit\n|-resisted|p1a: Kingambit\n|-damage|p1a: Kingambit|34\/100\n|-heal|p2a: Ogerpon|90\/100|[from] drain|[of] p1a: Kingambit\n|\n|-heal|p2a: Ogerpon|96\/100|[from] Grassy Terrain\n|-heal|p1a: Kingambit|40\/100|[from] Grassy Terrain\n|upkeep\n|turn|21\n|inactive|Gravebanes has 120 seconds left.\n|\n|t:|1701193762\n|move|p2a: Ogerpon|U-turn|p1a: Kingambit\n|-crit|p1a: Kingambit\n|-damage|p1a: Kingambit|9\/100\n|inactive|Gravebanes has 120 seconds left.\n|\n|t:|1701193771\n|switch|p2a: Rillaboom|Rillaboom, M|81\/100|[from] U-turn\n|move|p1a: Kingambit|Iron Head|p2a: Rillaboom\n|-damage|p2a: Rillaboom|22\/100\n|\n|-heal|p2a: Rillaboom|28\/100|[from] Grassy Terrain\n|-heal|p1a: Kingambit|15\/100|[from] Grassy Terrain\n|upkeep\n|turn|22\n|\n|t:|1701193777\n|move|p2a: Rillaboom|Grassy Glide|p1a: Kingambit\n|-resisted|p1a: Kingambit\n|-damage|p1a: Kingambit|0 fnt\n|faint|p1a: Kingambit\n|-end|p1a: Kingambit|fallen1|[silent]\n|-damage|p2a: Rillaboom|18\/100|[from] item: Life Orb\n|\n|-heal|p2a: Rillaboom|24\/100|[from] Grassy Terrain\n|-fieldend|move: Grassy Terrain\n|upkeep\n|\n|t:|1701193788\n|switch|p1a: Arcanine|Arcanine-Hisui, F|76\/100\n|-damage|p1a: Arcanine|51\/100|[from] Stealth Rock\n|turn|23\n|\n|t:|1701193793\n|move|p1a: Arcanine|Flare Blitz|p2a: Rillaboom\n|-supereffective|p2a: Rillaboom\n|-damage|p2a: Rillaboom|0 fnt\n|faint|p2a: Rillaboom\n|\n|upkeep\n|\n|t:|1701193795\n|switch|p2a: Greninja|Greninja, M|100\/100\n|turn|24\n|\n|t:|1701193800\n|switch|p1a: Alomomola|Alomomola, F, shiny|83\/100\n|-damage|p1a: Alomomola|71\/100|[from] Stealth Rock\n|move|p2a: Greninja|Water Shuriken|p1a: Alomomola\n|-resisted|p1a: Alomomola\n|-damage|p1a: Alomomola|67\/100\n|-resisted|p1a: Alomomola\n|-damage|p1a: Alomomola|62\/100\n|-resisted|p1a: Alomomola\n|-damage|p1a: Alomomola|58\/100\n|-resisted|p1a: Alomomola\n|-damage|p1a: Alomomola|54\/100\n|-resisted|p1a: Alomomola\n|-damage|p1a: Alomomola|50\/100\n|-hitcount|p1a: Alomomola|5\n|\n|upkeep\n|turn|25\n|\n|t:|1701193803\n|move|p2a: Greninja|Taunt|p1a: Alomomola\n|-start|p1a: Alomomola|move: Taunt\n|move|p1a: Alomomola|Flip Turn|p2a: Greninja\n|-resisted|p2a: Greninja\n|-damage|p2a: Greninja|88\/100\n|\n|t:|1701193807\n|switch|p1a: Dragapult|Dragapult, F|88\/100|[from] Flip Turn\n|-damage|p1a: Dragapult|76\/100|[from] Stealth Rock\n|\n|upkeep\n|turn|26\n|\n|t:|1701193823\n|switch|p2a: Gholdengo|Gholdengo|100\/100\n|-item|p2a: Gholdengo|Air Balloon\n|move|p1a: Dragapult|U-turn|p2a: Gholdengo\n|-resisted|p2a: Gholdengo\n|-damage|p2a: Gholdengo|97\/100\n|-enditem|p2a: Gholdengo|Air Balloon\n|\n|t:|1701193828\n|switch|p1a: Arcanine|Arcanine-Hisui, F|51\/100|[from] U-turn\n|-damage|p1a: Arcanine|26\/100|[from] Stealth Rock\n|\n|upkeep\n|turn|27\n|\n|t:|1701193835\n|move|p1a: Arcanine|Flare Blitz|p2a: Gholdengo\n|-supereffective|p2a: Gholdengo\n|-damage|p2a: Gholdengo|0 fnt\n|faint|p2a: Gholdengo\n|\n|upkeep\n|\n|t:|1701193837\n|switch|p2a: Greninja|Greninja, M|88\/100\n|turn|28\n|\n|t:|1701193841\n|switch|p1a: Great Tusk|Great Tusk, shiny|38\/100\n|-damage|p1a: Great Tusk|35\/100|[from] Stealth Rock\n|move|p2a: Greninja|Dark Pulse|p1a: Great Tusk\n|-resisted|p1a: Great Tusk\n|-damage|p1a: Great Tusk|11\/100\n|\n|-heal|p1a: Great Tusk|18\/100|[from] item: Leftovers\n|upkeep\n|turn|29\n|\n|t:|1701193847\n|move|p2a: Greninja|Dark Pulse|p1a: Great Tusk\n|-resisted|p1a: Great Tusk\n|-damage|p1a: Great Tusk|0 fnt\n|faint|p1a: Great Tusk\n|-end|p1a: Great Tusk|Protosynthesis|[silent]\n|-ability|p2a: Greninja|Battle Bond|boost\n|-boost|p2a: Greninja|atk|1\n|-boost|p2a: Greninja|spa|1\n|-boost|p2a: Greninja|spe|1\n|-activate|p2a: Greninja|ability: Battle Bond\n|\n|upkeep\n|\n|t:|1701193857\n|switch|p1a: Arcanine|Arcanine-Hisui, F|26\/100\n|-damage|p1a: Arcanine|1\/100|[from] Stealth Rock\n|turn|30\n|\n|t:|1701193867\n|-terastallize|p1a: Arcanine|Normal\n|move|p1a: Arcanine|Extreme Speed|p2a: Greninja\n|-damage|p2a: Greninja|0 fnt\n|faint|p2a: Greninja\n|\n|upkeep\n|\n|t:|1701193872\n|switch|p2a: Ogerpon|Ogerpon-Cornerstone, F|96\/100\n|turn|31\n|\n|t:|1701193875\n|move|p1a: Arcanine|Extreme Speed|p2a: Ogerpon\n|-resisted|p2a: Ogerpon\n|-damage|p2a: Ogerpon|57\/100\n|move|p2a: Ogerpon|Knock Off|p1a: Arcanine\n|-damage|p1a: Arcanine|0 fnt\n|-enditem|p1a: Arcanine|Choice Band|[from] move: Knock Off|[of] p2a: Ogerpon\n|faint|p1a: Arcanine\n|\n|upkeep\n|\n|t:|1701193888\n|switch|p1a: Dragapult|Dragapult, F|76\/100\n|-damage|p1a: Dragapult|64\/100|[from] Stealth Rock\n|turn|32\n|\n|t:|1701193893\n|move|p1a: Dragapult|Shadow Ball|p2a: Ogerpon\n|-damage|p2a: Ogerpon|0 fnt\n|faint|p2a: Ogerpon\n|\n|win|VMaks\n|raw|VMaks's rating: 1212 &rarr; <strong>1237<\/strong><br \/>(+25 for winning)\n|raw|Gravebanes's rating: 1212 &rarr; <strong>1187<\/strong><br \/>(-25 for losing)\n","uploadtime":1701193899,"views":3,"p1id":"vmaks","p2id":"gravebanes","formatid":"gen9ou","rating":1187,"private":0,"password":""}