{"id":"gen9ou-1992066457","p1":"DIMU179","p2":"Puedo","format":"[Gen 9] OU","log":"|j|\u2606DIMU179\n|j|\u2606Puedo\n|inactive|Battle timer is ON: inactive players will automatically lose when time's up.\n|t:|1700152257\n|gametype|singles\n|player|p1|DIMU179|benga|\n|player|p2|Puedo|flannery|\n|teamsize|p1|5\n|teamsize|p2|5\n|gen|9\n|tier|[Gen 9] OU\n|rated|Tournament battle\n|rule|Sleep Clause Mod: Limit one foe put to sleep\n|rule|Species Clause: Limit one of each Pok\u00e9mon\n|rule|OHKO Clause: OHKO moves are banned\n|rule|Evasion Items Clause: Evasion items are banned\n|rule|Evasion Moves Clause: Evasion moves are banned\n|rule|Endless Battle Clause: Forcing endless battles is banned\n|rule|HP Percentage Mod: HP is shown in percentages\n|clearpoke\n|poke|p1|Clefable, F|\n|poke|p1|Graveler, M|\n|poke|p1|Magneton|\n|poke|p1|Duskull, M|\n|poke|p1|Dragonair, M|\n|poke|p2|Fennekin, F|\n|poke|p2|Bisharp, F|\n|poke|p2|Wattrel, F|\n|poke|p2|Wooper-Paldea, F|\n|poke|p2|Snom, M|\n|teampreview\n|j|*Lady Monita \u2746\n|inactive|DIMU179 also wants the timer to be on.\n|j| achiii\n|inactive|DIMU179 has 120 seconds left.\n|inactive|Puedo has 120 seconds left.\n|\n|t:|1700152294\n|start\n|switch|p1a: Magneton|Magneton|100\/100\n|switch|p2a: Wooper|Wooper-Paldea, F|100\/100\n|turn|1\n|c|\u2606Puedo|glhf\n|c|\u2606DIMU179|u2\n|\n|t:|1700152303\n|switch|p1a: Duskull|Duskull, M|100\/100\n|-item|p2a: Wooper|Eviolite|[from] ability: Frisk|[of] p1a: Duskull|[identify]\n|move|p2a: Wooper|Stealth Rock|p1a: Duskull\n|-sidestart|p1: DIMU179|move: Stealth Rock\n|\n|upkeep\n|turn|2\n|\n|t:|1700152309\n|move|p1a: Duskull|Will-O-Wisp|p2a: Wooper\n|-status|p2a: Wooper|brn\n|move|p2a: Wooper|Spikes|p1a: Duskull\n|-sidestart|p1: DIMU179|Spikes\n|\n|-damage|p2a: Wooper|94\/100 brn|[from] brn\n|upkeep\n|turn|3\n|\n|t:|1700152316\n|move|p1a: Duskull|Night Shade|p2a: Wooper\n|-damage|p2a: Wooper|63\/100 brn\n|move|p2a: Wooper|Poison Jab|p1a: Duskull\n|-resisted|p1a: Duskull\n|-damage|p1a: Duskull|94\/100\n|\n|-damage|p2a: Wooper|57\/100 brn|[from] brn\n|upkeep\n|turn|4\n|\n|t:|1700152320\n|move|p1a: Duskull|Night Shade|p2a: Wooper\n|-damage|p2a: Wooper|25\/100 brn\n|move|p2a: Wooper|Recover|p2a: Wooper\n|-heal|p2a: Wooper|75\/100 brn\n|\n|-damage|p2a: Wooper|69\/100 brn|[from] brn\n|upkeep\n|turn|5\n|\n|t:|1700152322\n|move|p1a: Duskull|Night Shade|p2a: Wooper\n|-damage|p2a: Wooper|37\/100 brn\n|move|p2a: Wooper|Poison Jab|p1a: Duskull\n|-resisted|p1a: Duskull\n|-damage|p1a: Duskull|88\/100\n|-status|p1a: Duskull|psn\n|\n|-damage|p1a: Duskull|76\/100 psn|[from] psn\n|-damage|p2a: Wooper|31\/100 brn|[from] brn\n|upkeep\n|turn|6\n|\n|t:|1700152325\n|move|p1a: Duskull|Night Shade|p2a: Wooper\n|-damage|p2a: Wooper|0 fnt\n|faint|p2a: Wooper\n|\n|-damage|p1a: Duskull|64\/100 psn|[from] psn\n|upkeep\n|\n|t:|1700152330\n|switch|p2a: Wattrel|Wattrel, F|100\/100\n|turn|7\n|\n|t:|1700152333\n|move|p2a: Wattrel|Volt Switch|p1a: Duskull\n|-damage|p1a: Duskull|39\/100 psn\n|\n|t:|1700152337\n|switch|p2a: Fennekin|Fennekin, F|100\/100|[from] Volt Switch\n|move|p1a: Duskull|Pain Split|p2a: Fennekin\n|-sethp|p2a: Fennekin|72\/100|[from] move: Pain Split|[silent]\n|-sethp|p1a: Duskull|65\/100 psn|[from] move: Pain Split\n|\n|-damage|p1a: Duskull|53\/100 psn|[from] psn\n|upkeep\n|turn|8\n|\n|t:|1700152349\n|move|p2a: Fennekin|Foul Play|p1a: Duskull\n|-supereffective|p1a: Duskull\n|-damage|p1a: Duskull|39\/100 psn\n|move|p1a: Duskull|Night Shade|p2a: Fennekin\n|-damage|p2a: Fennekin|26\/100\n|\n|-damage|p1a: Duskull|26\/100 psn|[from] psn\n|upkeep\n|turn|9\n|\n|t:|1700152354\n|move|p2a: Fennekin|Foul Play|p1a: Duskull\n|-supereffective|p1a: Duskull\n|-damage|p1a: Duskull|12\/100 psn\n|move|p1a: Duskull|Night Shade|p2a: Fennekin\n|-damage|p2a: Fennekin|0 fnt\n|faint|p2a: Fennekin\n|\n|-damage|p1a: Duskull|0 fnt|[from] psn\n|faint|p1a: Duskull\n|upkeep\n|\n|t:|1700152363\n|switch|p2a: Wattrel|Wattrel, F|100\/100\n|switch|p1a: Graveler|Graveler, M|100\/100\n|-damage|p1a: Graveler|94\/100|[from] Stealth Rock\n|-damage|p1a: Graveler|82\/100|[from] Spikes\n|turn|10\n|\n|t:|1700152367\n|move|p2a: Wattrel|Hurricane|p1a: Graveler|[miss]\n|-miss|p2a: Wattrel|p1a: Graveler\n|move|p1a: Graveler|Stone Edge|p2a: Wattrel\n|-supereffective|p2a: Wattrel\n|-damage|p2a: Wattrel|0 fnt\n|faint|p2a: Wattrel\n|\n|upkeep\n|j| poketough\n|\n|t:|1700152393\n|switch|p2a: Bisharp|Bisharp, F|100\/100\n|turn|11\n|\n|t:|1700152397\n|-terastallize|p2a: Bisharp|Steel\n|move|p2a: Bisharp|Iron Head|p1a: Graveler\n|-supereffective|p1a: Graveler\n|-damage|p1a: Graveler|0 fnt\n|faint|p1a: Graveler\n|\n|upkeep\n|\n|t:|1700152407\n|switch|p1a: Magneton|Magneton|100\/100\n|-damage|p1a: Magneton|95\/100|[from] Stealth Rock\n|-damage|p1a: Magneton|82\/100|[from] Spikes\n|turn|12\n|\n|t:|1700152418\n|move|p1a: Magneton|Thunderbolt|p2a: Bisharp\n|-damage|p2a: Bisharp|54\/100\n|move|p2a: Bisharp|Swords Dance|p2a: Bisharp\n|-boost|p2a: Bisharp|atk|2\n|\n|upkeep\n|turn|13\n|\n|t:|1700152424\n|move|p2a: Bisharp|Brick Break|p1a: Magneton\n|-supereffective|p1a: Magneton\n|-damage|p1a: Magneton|0 fnt\n|faint|p1a: Magneton\n|\n|upkeep\n|\n|t:|1700152433\n|switch|p1a: Dragonair|Dragonair, M|100\/100\n|-damage|p1a: Dragonair|88\/100|[from] Stealth Rock\n|-damage|p1a: Dragonair|76\/100|[from] Spikes\n|turn|14\n|\n|t:|1700152438\n|move|p2a: Bisharp|Sucker Punch|p1a: Dragonair\n|-damage|p1a: Dragonair|0 fnt\n|faint|p1a: Dragonair\n|\n|upkeep\n|j| volcaronaisboss\n|\n|t:|1700152440\n|switch|p1a: Clefable|Clefable, F|100\/100\n|-damage|p1a: Clefable|88\/100|[from] Stealth Rock\n|-damage|p1a: Clefable|76\/100|[from] Spikes\n|turn|15\n|\n|t:|1700152445\n|-terastallize|p1a: Clefable|Steel\n|move|p2a: Bisharp|Iron Head|p1a: Clefable\n|-resisted|p1a: Clefable\n|-damage|p1a: Clefable|46\/100\n|cant|p1a: Clefable|flinch\n|\n|-heal|p1a: Clefable|52\/100|[from] item: Leftovers\n|upkeep\n|turn|16\n|j| ParmesanBruh\n|\n|t:|1700152449\n|move|p2a: Bisharp|Brick Break|p1a: Clefable\n|-supereffective|p1a: Clefable\n|-damage|p1a: Clefable|4\/100\n|move|p1a: Clefable|Moonlight|p1a: Clefable\n|-heal|p1a: Clefable|54\/100\n|\n|-heal|p1a: Clefable|60\/100|[from] item: Leftovers\n|upkeep\n|turn|17\n|c| volcaronaisboss|oof\n|\n|t:|1700152457\n|move|p2a: Bisharp|Brick Break|p1a: Clefable\n|-supereffective|p1a: Clefable\n|-damage|p1a: Clefable|9\/100\n|move|p1a: Clefable|Thunder Wave|p2a: Bisharp|[miss]\n|-miss|p1a: Clefable|p2a: Bisharp\n|\n|-heal|p1a: Clefable|15\/100|[from] item: Leftovers\n|upkeep\n|turn|18\n|\n|t:|1700152462\n|move|p2a: Bisharp|Brick Break|p1a: Clefable\n|-supereffective|p1a: Clefable\n|-damage|p1a: Clefable|0 fnt\n|faint|p1a: Clefable\n|\n|win|Puedo\n|n|\u2606DIMU179|dimu179\n|n|\u2606Puedo|puedo\n|n|*Lady Monita \u2746|ladymonita\n|n| achiii|achiii\n|n| poketough|poketough\n|n| volcaronaisboss|volcaronaisboss\n|n| ParmesanBruh|parmesanbruh\n","uploadtime":1700152463,"views":7,"p1id":"dimu179","p2id":"puedo","formatid":"gen9ou","rating":0,"private":0,"password":""}