{"id":"gen9ou-1996307397","p1":"Mandrilo","p2":"JoeBidenXIsrael","format":"[Gen 9] OU","log":"|j|\u2606Mandrilo\n|j|\u2606JoeBidenXIsrael\n|t:|1700669637\n|gametype|singles\n|player|p1|Mandrilo|102|1166\n|player|p2|JoeBidenXIsrael|petrel|1249\n|teamsize|p1|6\n|teamsize|p2|6\n|gen|9\n|tier|[Gen 9] OU\n|rated|\n|rule|Sleep Clause Mod: Limit one foe put to sleep\n|rule|Species Clause: Limit one of each Pok\u00e9mon\n|rule|OHKO Clause: OHKO moves are banned\n|rule|Evasion Items Clause: Evasion items are banned\n|rule|Evasion Moves Clause: Evasion moves are banned\n|rule|Endless Battle Clause: Forcing endless battles is banned\n|rule|HP Percentage Mod: HP is shown in percentages\n|clearpoke\n|poke|p1|Zoroark-Hisui, M|\n|poke|p1|Zapdos|\n|poke|p1|Dragapult, M|\n|poke|p1|Alomomola, F|\n|poke|p1|Kingambit, M|\n|poke|p1|Gholdengo|\n|poke|p2|Iron Valiant|\n|poke|p2|Weavile, F|\n|poke|p2|Skeledirge, F|\n|poke|p2|Zapdos|\n|poke|p2|Clefable, M|\n|poke|p2|Clodsire, M|\n|teampreview\n|inactive|Battle timer is ON: inactive players will automatically lose when time's up. (requested by JoeBidenXIsrael)\n|\n|t:|1700669648\n|start\n|switch|p1a: Dragapult|Dragapult, M|100\/100\n|switch|p2a: Zapdos|Zapdos|100\/100\n|turn|1\n|\n|t:|1700669659\n|switch|p2a: Clefable|Clefable, M|100\/100\n|move|p1a: Dragapult|Draco Meteor|p2a: Clefable\n|-immune|p2a: Clefable\n|\n|upkeep\n|turn|2\n|\n|t:|1700669668\n|switch|p1a: Zapdos|Zapdos|100\/100\n|move|p2a: Clefable|Knock Off|p1a: Zapdos\n|-damage|p1a: Zapdos|85\/100\n|-enditem|p1a: Zapdos|Heavy-Duty Boots|[from] move: Knock Off|[of] p2a: Clefable\n|\n|upkeep\n|turn|3\n|\n|t:|1700669676\n|switch|p2a: Clodsire|Clodsire, M|100\/100\n|move|p1a: Zapdos|Volt Switch|p2a: Clodsire\n|-immune|p2a: Clodsire\n|\n|upkeep\n|turn|4\n|\n|t:|1700669688\n|switch|p1a: Gholdengo|Gholdengo|100\/100\n|move|p2a: Clodsire|Stealth Rock|p1a: Gholdengo\n|-sidestart|p1: Mandrilo|move: Stealth Rock\n|\n|upkeep\n|turn|5\n|\n|t:|1700669695\n|move|p1a: Gholdengo|Nasty Plot|p1a: Gholdengo\n|-boost|p1a: Gholdengo|spa|2\n|move|p2a: Clodsire|Earthquake|p1a: Gholdengo\n|-damage|p1a: Gholdengo|46\/100\n|replace|p1a: Zoroark|Zoroark-Hisui, M\n|-end|p1a: Zoroark|Illusion\n|\n|-heal|p1a: Zoroark|51\/100|[from] item: Leftovers\n|upkeep\n|turn|6\n|\n|t:|1700669705\n|move|p1a: Zoroark|Hyper Voice|p2a: Clodsire\n|-damage|p2a: Clodsire|74\/100\n|move|p2a: Clodsire|Earthquake|p1a: Zoroark\n|-damage|p1a: Zoroark|0 fnt\n|faint|p1a: Zoroark\n|\n|upkeep\n|\n|t:|1700669715\n|switch|p1a: Dragapult|Dragapult, M|100\/100\n|-damage|p1a: Dragapult|88\/100|[from] Stealth Rock\n|turn|7\n|\n|t:|1700669724\n|move|p1a: Dragapult|Draco Meteor|p2a: Clodsire\n|-damage|p2a: Clodsire|46\/100\n|-unboost|p1a: Dragapult|spa|2\n|move|p2a: Clodsire|Recover|p2a: Clodsire\n|-heal|p2a: Clodsire|96\/100\n|\n|upkeep\n|turn|8\n|\n|t:|1700669734\n|switch|p1a: Kingambit|Kingambit, M|100\/100\n|-damage|p1a: Kingambit|94\/100|[from] Stealth Rock\n|-activate|p1a: Kingambit|ability: Supreme Overlord\n|-start|p1a: Kingambit|fallen1|[silent]\n|move|p2a: Clodsire|Toxic Spikes|p1a: Kingambit\n|-sidestart|p1: Mandrilo|move: Toxic Spikes\n|\n|-heal|p1a: Kingambit|100\/100|[from] item: Leftovers\n|upkeep\n|turn|9\n|\n|t:|1700669748\n|switch|p2a: Zapdos|Zapdos|100\/100\n|-terastallize|p1a: Kingambit|Fairy\n|move|p1a: Kingambit|Kowtow Cleave|p2a: Zapdos\n|-damage|p2a: Zapdos|31\/100\n|-status|p1a: Kingambit|par|[from] ability: Static|[of] p2a: Zapdos\n|\n|upkeep\n|turn|10\n|\n|t:|1700669755\n|switch|p2a: Clefable|Clefable, M|100\/100\n|move|p1a: Kingambit|Swords Dance|p1a: Kingambit\n|-boost|p1a: Kingambit|atk|2\n|\n|upkeep\n|turn|11\n|\n|t:|1700669758\n|switch|p2a: Skeledirge|Skeledirge, F|100\/100\n|move|p1a: Kingambit|Iron Head|p2a: Skeledirge\n|-resisted|p2a: Skeledirge\n|-damage|p2a: Skeledirge|83\/100\n|\n|upkeep\n|turn|12\n|\n|t:|1700669767\n|move|p2a: Skeledirge|Torch Song|p1a: Kingambit\n|-damage|p1a: Kingambit|69\/100 par\n|-boost|p2a: Skeledirge|spa|1\n|move|p1a: Kingambit|Kowtow Cleave|p2a: Skeledirge\n|-supereffective|p2a: Skeledirge\n|-damage|p2a: Skeledirge|7\/100\n|\n|-heal|p1a: Kingambit|75\/100 par|[from] item: Leftovers\n|upkeep\n|turn|13\n|\n|t:|1700669776\n|move|p1a: Kingambit|Sucker Punch|p2a: Skeledirge\n|-supereffective|p2a: Skeledirge\n|-damage|p2a: Skeledirge|0 fnt\n|faint|p2a: Skeledirge\n|\n|-heal|p1a: Kingambit|82\/100 par|[from] item: Leftovers\n|upkeep\n|\n|t:|1700669792\n|switch|p2a: Clefable|Clefable, M|100\/100\n|turn|14\n|\n|t:|1700669796\n|move|p2a: Clefable|Knock Off|p1a: Kingambit\n|-resisted|p1a: Kingambit\n|-damage|p1a: Kingambit|76\/100 par\n|-enditem|p1a: Kingambit|Leftovers|[from] move: Knock Off|[of] p2a: Clefable\n|cant|p1a: Kingambit|par\n|\n|upkeep\n|turn|15\n|\n|t:|1700669805\n|move|p2a: Clefable|Moonblast|p1a: Kingambit\n|-damage|p1a: Kingambit|44\/100 par\n|move|p1a: Kingambit|Iron Head|p2a: Clefable\n|-supereffective|p2a: Clefable\n|-damage|p2a: Clefable|21\/100\n|\n|upkeep\n|turn|16\n|\n|t:|1700669812\n|move|p2a: Clefable|Moonblast|p1a: Kingambit\n|-damage|p1a: Kingambit|13\/100 par\n|move|p1a: Kingambit|Iron Head|p2a: Clefable\n|-supereffective|p2a: Clefable\n|-damage|p2a: Clefable|0 fnt\n|faint|p2a: Clefable\n|\n|upkeep\n|\n|t:|1700669815\n|switch|p2a: Iron Valiant|Iron Valiant|100\/100\n|turn|17\n|\n|t:|1700669833\n|-end|p1a: Kingambit|fallen1|[silent]\n|switch|p1a: Alomomola|Alomomola, F|100\/100\n|move|p2a: Iron Valiant|Moonblast|p1a: Alomomola\n|-damage|p1a: Alomomola|47\/100\n|-unboost|p1a: Alomomola|spa|1\n|\n|upkeep\n|turn|18\n|\n|t:|1700669851\n|move|p2a: Iron Valiant|Moonblast|p1a: Alomomola\n|-damage|p1a: Alomomola|0 fnt\n|faint|p1a: Alomomola\n|\n|upkeep\n|\n|t:|1700669866\n|switch|p1a: Gholdengo|Gholdengo|100\/100\n|-damage|p1a: Gholdengo|94\/100|[from] Stealth Rock\n|turn|19\n|-message|Mandrilo forfeited.\n|\n|win|JoeBidenXIsrael\n|raw|Mandrilo's rating: 1166 &rarr; <strong>1147<\/strong><br \/>(-19 for losing)\n|raw|JoeBidenXIsrael's rating: 1249 &rarr; <strong>1268<\/strong><br \/>(+19 for winning)\n|l|\u2606Mandrilo\n","uploadtime":1700670308,"views":2,"p1id":"mandrilo","p2id":"joebidenxisrael","formatid":"gen9ou","rating":1147,"private":0,"password":""}