{"id":"gen9ou-1997913206","p1":"pokemh","p2":"Darkpool","format":"[Gen 9] OU","log":"|j|\u203dpokemh\n|j|\u2606Darkpool\n|t:|1700866742\n|gametype|singles\n|player|p1|pokemh|265|1676\n|player|p2|Darkpool|pokemonranger|1574\n|teamsize|p1|6\n|teamsize|p2|6\n|gen|9\n|tier|[Gen 9] OU\n|rated|\n|rule|Sleep Clause Mod: Limit one foe put to sleep\n|rule|Species Clause: Limit one of each Pok\u00e9mon\n|rule|OHKO Clause: OHKO moves are banned\n|rule|Evasion Items Clause: Evasion items are banned\n|rule|Evasion Moves Clause: Evasion moves are banned\n|rule|Endless Battle Clause: Forcing endless battles is banned\n|rule|HP Percentage Mod: HP is shown in percentages\n|clearpoke\n|poke|p1|Iron Moth|\n|poke|p1|Lilligant-Hisui, F|\n|poke|p1|Hatterene, F|\n|poke|p1|Kingambit, F|\n|poke|p1|Torkoal, M|\n|poke|p1|Walking Wake|\n|poke|p2|Ribombee, F|\n|poke|p2|Yanmega, F|\n|poke|p2|Manaphy|\n|poke|p2|Ogerpon-Cornerstone, F|\n|poke|p2|Kingambit, F|\n|poke|p2|Gholdengo|\n|teampreview\n|\n|t:|1700866751\n|start\n|switch|p1a: Torkoal|Torkoal, M|100\/100\n|switch|p2a: Ribombee|Ribombee, F, shiny|100\/100\n|-weather|SunnyDay|[from] ability: Drought|[of] p1a: Torkoal\n|turn|1\n|\n|t:|1700866757\n|move|p2a: Ribombee|Sticky Web|p1a: Torkoal\n|-sidestart|p1: pokemh|move: Sticky Web\n|move|p1a: Torkoal|Stealth Rock|p2a: Ribombee\n|-sidestart|p2: Darkpool|move: Stealth Rock\n|\n|-weather|SunnyDay|[upkeep]\n|upkeep\n|turn|2\n|\n|t:|1700866770\n|move|p2a: Ribombee|Psychic|p1a: Torkoal\n|-damage|p1a: Torkoal|77\/100\n|move|p1a: Torkoal|Lava Plume|p2a: Ribombee\n|-supereffective|p2a: Ribombee\n|-enditem|p2a: Ribombee|Focus Sash\n|-damage|p2a: Ribombee|1\/100\n|\n|-weather|SunnyDay|[upkeep]\n|upkeep\n|turn|3\n|\n|t:|1700866788\n|switch|p2a: Gholdengo|Gholdengo|100\/100\n|-damage|p2a: Gholdengo|94\/100|[from] Stealth Rock\n|-item|p2a: Gholdengo|Air Balloon\n|move|p1a: Torkoal|Rapid Spin|p2a: Gholdengo\n|-immune|p2a: Gholdengo\n|\n|-weather|SunnyDay|[upkeep]\n|upkeep\n|turn|4\n|\n|t:|1700866798\n|move|p2a: Gholdengo|Nasty Plot|p2a: Gholdengo\n|-boost|p2a: Gholdengo|spa|2\n|move|p1a: Torkoal|Lava Plume|p2a: Gholdengo\n|-supereffective|p2a: Gholdengo\n|-damage|p2a: Gholdengo|5\/100\n|-status|p2a: Gholdengo|brn\n|-enditem|p2a: Gholdengo|Air Balloon\n|\n|-weather|SunnyDay|[upkeep]\n|-damage|p2a: Gholdengo|0 fnt|[from] brn\n|faint|p2a: Gholdengo\n|upkeep\n|\n|t:|1700866812\n|switch|p2a: Ogerpon|Ogerpon-Cornerstone, F|100\/100\n|-damage|p2a: Ogerpon|88\/100|[from] Stealth Rock\n|turn|5\n|\n|t:|1700866824\n|switch|p1a: Lilligant|Lilligant-Hisui, F|100\/100\n|-activate|p1a: Lilligant|move: Sticky Web\n|-unboost|p1a: Lilligant|spe|1\n|move|p2a: Ogerpon|Ivy Cudgel|p1a: Lilligant|[anim] Ivy Cudgel Rock\n|-resisted|p1a: Lilligant\n|-damage|p1a: Lilligant|54\/100\n|\n|-weather|SunnyDay|[upkeep]\n|upkeep\n|turn|6\n|\n|t:|1700866831\n|move|p1a: Lilligant|Solar Blade||[still]\n|-prepare|p1a: Lilligant|Solar Blade\n|-anim|p1a: Lilligant|Solar Blade|p2a: Ogerpon\n|-damage|p2a: Ogerpon|0 fnt\n|faint|p2a: Ogerpon\n|-damage|p1a: Lilligant|44\/100|[from] item: Life Orb\n|\n|-weather|SunnyDay|[upkeep]\n|upkeep\n|\n|t:|1700866846\n|switch|p2a: Yanmega|Yanmega, F|100\/100\n|-damage|p2a: Yanmega|51\/100|[from] Stealth Rock\n|turn|7\n|\n|t:|1700866852\n|move|p1a: Lilligant|Ice Spinner|p2a: Yanmega\n|-supereffective|p2a: Yanmega\n|-damage|p2a: Yanmega|0 fnt\n|faint|p2a: Yanmega\n|-damage|p1a: Lilligant|34\/100|[from] item: Life Orb\n|\n|-weather|SunnyDay|[upkeep]\n|upkeep\n|\n|t:|1700866855\n|switch|p2a: Kingambit|Kingambit, F|100\/100\n|-damage|p2a: Kingambit|95\/100|[from] Stealth Rock\n|-activate|p2a: Kingambit|ability: Supreme Overlord\n|-start|p2a: Kingambit|fallen3|[silent]\n|turn|8\n|\n|t:|1700866859\n|move|p2a: Kingambit|Sucker Punch||[still]\n|-fail|p2a: Kingambit\n|move|p1a: Lilligant|Victory Dance|p1a: Lilligant\n|-boost|p1a: Lilligant|atk|1\n|-boost|p1a: Lilligant|def|1\n|-boost|p1a: Lilligant|spe|1\n|\n|-weather|none\n|upkeep\n|turn|9\n|\n|t:|1700866863\n|move|p1a: Lilligant|Close Combat|p2a: Kingambit\n|-supereffective|p2a: Kingambit\n|-damage|p2a: Kingambit|0 fnt\n|-unboost|p1a: Lilligant|def|1\n|-unboost|p1a: Lilligant|spd|1\n|faint|p2a: Kingambit\n|-end|p2a: Kingambit|fallen3|[silent]\n|-damage|p1a: Lilligant|24\/100|[from] item: Life Orb\n|\n|upkeep\n|\n|t:|1700866866\n|switch|p2a: Manaphy|Manaphy|100\/100\n|-damage|p2a: Manaphy|88\/100|[from] Stealth Rock\n|turn|10\n|\n|t:|1700866880\n|-terastallize|p2a: Manaphy|Dragon\n|move|p1a: Lilligant|Close Combat|p2a: Manaphy\n|-damage|p2a: Manaphy|3\/100\n|-unboost|p1a: Lilligant|def|1\n|-unboost|p1a: Lilligant|spd|1\n|-damage|p1a: Lilligant|14\/100|[from] item: Life Orb\n|move|p2a: Manaphy|Acid Armor|p2a: Manaphy\n|-boost|p2a: Manaphy|def|2\n|\n|-heal|p2a: Manaphy|10\/100|[from] item: Leftovers\n|upkeep\n|turn|11\n|\n|t:|1700866887\n|move|p1a: Lilligant|Ice Spinner|p2a: Manaphy\n|-supereffective|p2a: Manaphy\n|-damage|p2a: Manaphy|0 fnt\n|faint|p2a: Manaphy\n|-damage|p1a: Lilligant|4\/100|[from] item: Life Orb\n|\n|upkeep\n|-message|Darkpool forfeited.\n|\n|win|pokemh\n|raw|pokemh's rating: 1676 &rarr; <strong>1690<\/strong><br \/>(+14 for winning)\n|raw|Darkpool's rating: 1574 &rarr; <strong>1560<\/strong><br \/>(-14 for losing)\n|l|\u2606Darkpool\n","uploadtime":1700866899,"views":7,"p1id":"pokemh","p2id":"darkpool","formatid":"gen9ou","rating":1560,"private":0,"password":""}