{"id":"gen9ou-1989598471","p1":"mummyNSFW","p2":"cmarvello","format":"[Gen 9] OU","log":"|j|\u2606mummyNSFW\n|j|\u2606cmarvello\n|t:|1699876931\n|gametype|singles\n|player|p1|mummyNSFW|cynthia-masters3|1150\n|player|p2|cmarvello|266|1214\n|teamsize|p1|6\n|teamsize|p2|6\n|gen|9\n|tier|[Gen 9] OU\n|rated|\n|rule|Sleep Clause Mod: Limit one foe put to sleep\n|rule|Species Clause: Limit one of each Pok\u00e9mon\n|rule|OHKO Clause: OHKO moves are banned\n|rule|Evasion Items Clause: Evasion items are banned\n|rule|Evasion Moves Clause: Evasion moves are banned\n|rule|Endless Battle Clause: Forcing endless battles is banned\n|rule|HP Percentage Mod: HP is shown in percentages\n|clearpoke\n|poke|p1|Landorus-Therian, M|\n|poke|p1|Rillaboom, F|\n|poke|p1|Iron Moth|\n|poke|p1|Staraptor, M|\n|poke|p1|Hydreigon, F|\n|poke|p1|Rotom-Wash|\n|poke|p2|Ribombee, M|\n|poke|p2|Typhlosion-Hisui, M|\n|poke|p2|Ogerpon-Wellspring, F|\n|poke|p2|Iron Valiant|\n|poke|p2|Lycanroc-Dusk, M|\n|poke|p2|Glimmora, M|\n|teampreview\n|\n|t:|1699876940\n|start\n|switch|p1a: UUbl|Staraptor, M|100\/100\n|switch|p2a: Lycanroc|Lycanroc-Dusk, M|100\/100\n|turn|1\n|\n|t:|1699876947\n|switch|p1a: monke|Rillaboom, F|100\/100\n|-fieldstart|move: Grassy Terrain|[from] ability: Grassy Surge|[of] p1a: monke\n|move|p2a: Lycanroc|Rock Blast|p1a: monke\n|-damage|p1a: monke|87\/100\n|-damage|p1a: monke|75\/100\n|-damage|p1a: monke|61\/100\n|-hitcount|p1a: monke|3\n|\n|-heal|p1a: monke|67\/100|[from] Grassy Terrain\n|upkeep\n|turn|2\n|\n|t:|1699876968\n|switch|p2a: Glimmora|Glimmora, M|100\/100\n|move|p1a: monke|Grassy Glide|p2a: Glimmora\n|-damage|p2a: Glimmora|51\/100\n|-activate|p2a: Glimmora|ability: Toxic Debris\n|-sidestart|p1: mummyNSFW|move: Toxic Spikes\n|\n|-heal|p2a: Glimmora|58\/100|[from] Grassy Terrain\n|-heal|p1a: monke|73\/100|[from] Grassy Terrain\n|upkeep\n|turn|3\n|\n|t:|1699876986\n|-terastallize|p2a: Glimmora|Grass\n|move|p2a: Glimmora|Sludge Wave|p1a: monke\n|-supereffective|p1a: monke\n|-damage|p1a: monke|0 fnt\n|faint|p1a: monke\n|\n|-heal|p2a: Glimmora|64\/100|[from] Grassy Terrain\n|upkeep\n|\n|t:|1699876994\n|switch|p1a: discount rona|Iron Moth|100\/100\n|-sideend|p1: mummyNSFW|move: Toxic Spikes|[of] p1a: discount rona\n|-enditem|p1a: discount rona|Booster Energy\n|-activate|p1a: discount rona|ability: Quark Drive|[fromitem]\n|-start|p1a: discount rona|quarkdrivespe\n|turn|4\n|\n|t:|1699877004\n|-terastallize|p1a: discount rona|Grass\n|move|p1a: discount rona|Fiery Dance|p2a: Glimmora\n|-supereffective|p2a: Glimmora\n|-damage|p2a: Glimmora|0 fnt\n|faint|p2a: Glimmora\n|\n|upkeep\n|\n|t:|1699877023\n|switch|p2a: Typhlosion|Typhlosion-Hisui, M|100\/100\n|turn|5\n|\n|t:|1699877029\n|move|p1a: discount rona|Sludge Wave|p2a: Typhlosion\n|-resisted|p2a: Typhlosion\n|-damage|p2a: Typhlosion|67\/100\n|move|p2a: Typhlosion|Eruption|p1a: discount rona\n|-supereffective|p1a: discount rona\n|-damage|p1a: discount rona|7\/100\n|\n|-heal|p1a: discount rona|13\/100|[from] Grassy Terrain\n|-heal|p2a: Typhlosion|73\/100|[from] Grassy Terrain\n|-fieldend|move: Grassy Terrain\n|upkeep\n|turn|6\n|\n|t:|1699877041\n|switch|p2a: Ribombee|Ribombee, M|100\/100\n|move|p1a: discount rona|Sludge Wave|p2a: Ribombee\n|-supereffective|p2a: Ribombee\n|-enditem|p2a: Ribombee|Focus Sash\n|-damage|p2a: Ribombee|1\/100\n|\n|upkeep\n|turn|7\n|\n|t:|1699877049\n|move|p1a: discount rona|Fiery Dance|p2a: Ribombee\n|-supereffective|p2a: Ribombee\n|-damage|p2a: Ribombee|0 fnt\n|faint|p2a: Ribombee\n|\n|upkeep\n|\n|t:|1699877053\n|switch|p2a: Lycanroc|Lycanroc-Dusk, M|100\/100\n|turn|8\n|\n|t:|1699877058\n|move|p1a: discount rona|Endure|p1a: discount rona\n|-singleturn|p1a: discount rona|move: Endure\n|move|p2a: Lycanroc|Accelerock|p1a: discount rona\n|-activate|p1a: discount rona|move: Endure\n|-damage|p1a: discount rona|1\/100\n|\n|upkeep\n|turn|9\n|\n|t:|1699877069\n|-end|p1a: discount rona|Quark Drive|[silent]\n|switch|p1a: jack-o-lantern|Rotom-Wash|100\/100\n|move|p2a: Lycanroc|Accelerock|p1a: jack-o-lantern\n|-damage|p1a: jack-o-lantern|75\/100\n|\n|-heal|p1a: jack-o-lantern|81\/100|[from] item: Leftovers\n|upkeep\n|turn|10\n|\n|t:|1699877078\n|switch|p2a: Typhlosion|Typhlosion-Hisui, M|73\/100\n|move|p1a: jack-o-lantern|Hydro Pump|p2a: Typhlosion\n|-supereffective|p2a: Typhlosion\n|-damage|p2a: Typhlosion|0 fnt\n|faint|p2a: Typhlosion\n|\n|-heal|p1a: jack-o-lantern|87\/100|[from] item: Leftovers\n|upkeep\n|\n|t:|1699877086\n|switch|p2a: Ogerpon|Ogerpon-Wellspring, F|100\/100\n|turn|11\n|\n|t:|1699877091\n|move|p2a: Ogerpon|Swords Dance|p2a: Ogerpon\n|-boost|p2a: Ogerpon|atk|2\n|move|p1a: jack-o-lantern|Will-O-Wisp|p2a: Ogerpon\n|-status|p2a: Ogerpon|brn\n|\n|-heal|p1a: jack-o-lantern|93\/100|[from] item: Leftovers\n|-damage|p2a: Ogerpon|95\/100 brn|[from] brn\n|upkeep\n|turn|12\n|\n|t:|1699877103\n|switch|p1a: discount rona|Iron Moth, tera:Grass|1\/100\n|move|p2a: Ogerpon|Swords Dance|p2a: Ogerpon\n|-boost|p2a: Ogerpon|atk|2\n|\n|-damage|p2a: Ogerpon|89\/100 brn|[from] brn\n|upkeep\n|turn|13\n|\n|t:|1699877116\n|move|p2a: Ogerpon|Horn Leech|p1a: discount rona\n|-resisted|p1a: discount rona\n|-damage|p1a: discount rona|0 fnt\n|-heal|p2a: Ogerpon|89\/100 brn|[from] drain|[of] p1a: discount rona\n|faint|p1a: discount rona\n|-end|p1a: discount rona|Quark Drive|[silent]\n|\n|-damage|p2a: Ogerpon|83\/100 brn|[from] brn\n|upkeep\n|\n|t:|1699877125\n|switch|p1a: UUbl|Staraptor, M|100\/100\n|turn|14\n|\n|t:|1699877131\n|move|p1a: UUbl|Brave Bird|p2a: Ogerpon\n|-supereffective|p2a: Ogerpon\n|-damage|p2a: Ogerpon|0 fnt\n|faint|p2a: Ogerpon\n|-damage|p1a: UUbl|74\/100|[from] Recoil\n|\n|upkeep\n|\n|t:|1699877140\n|switch|p2a: Iron Valiant|Iron Valiant|100\/100\n|-enditem|p2a: Iron Valiant|Booster Energy\n|-activate|p2a: Iron Valiant|ability: Quark Drive|[fromitem]\n|-start|p2a: Iron Valiant|quarkdrivespe\n|turn|15\n|\n|t:|1699877146\n|move|p2a: Iron Valiant|Calm Mind|p2a: Iron Valiant\n|-boost|p2a: Iron Valiant|spa|1\n|-boost|p2a: Iron Valiant|spd|1\n|move|p1a: UUbl|Brave Bird|p2a: Iron Valiant\n|-supereffective|p2a: Iron Valiant\n|-damage|p2a: Iron Valiant|0 fnt\n|faint|p2a: Iron Valiant\n|-end|p2a: Iron Valiant|Quark Drive|[silent]\n|-damage|p1a: UUbl|43\/100|[from] Recoil\n|\n|upkeep\n|\n|t:|1699877153\n|switch|p2a: Lycanroc|Lycanroc-Dusk, M|100\/100\n|turn|16\n|\n|t:|1699877161\n|move|p2a: Lycanroc|Rock Blast|p1a: UUbl\n|-supereffective|p1a: UUbl\n|-damage|p1a: UUbl|9\/100\n|-supereffective|p1a: UUbl\n|-damage|p1a: UUbl|0 fnt\n|faint|p1a: UUbl\n|-hitcount|p1: UUbl|2\n|\n|upkeep\n|\n|t:|1699877169\n|switch|p1a: its not lanover|Landorus-Therian, M|100\/100\n|-ability|p1a: its not lanover|Intimidate|boost\n|-unboost|p2a: Lycanroc|atk|1\n|turn|17\n|-message|cmarvello forfeited.\n|\n|win|mummyNSFW\n|raw|mummyNSFW's rating: 1150 &rarr; <strong>1180<\/strong><br \/>(+30 for winning)\n|raw|cmarvello's rating: 1214 &rarr; <strong>1184<\/strong><br \/>(-30 for losing)\n|l|\u2606cmarvello\n","uploadtime":1699877179,"views":6,"p1id":"mummynsfw","p2id":"cmarvello","formatid":"gen9ou","rating":1180,"private":0,"password":""}