{"id":"gen9ou-1991421785","p1":"FFK Foufakirby","p2":"SDK04","format":"[Gen 9] OU","log":"|j|\u2606FFK Foufakirby\n|j|\u2606SDK04\n|inactive|Battle timer is ON: inactive players will automatically lose when time's up.\n|t:|1700075742\n|gametype|singles\n|player|p1|FFK Foufakirby|heroine2-conquest|\n|player|p2|SDK04|unknown|\n|teamsize|p1|6\n|teamsize|p2|6\n|gen|9\n|tier|[Gen 9] OU\n|rated|Tournament battle\n|rule|Sleep Clause Mod: Limit one foe put to sleep\n|rule|Species Clause: Limit one of each Pok\u00e9mon\n|rule|OHKO Clause: OHKO moves are banned\n|rule|Evasion Items Clause: Evasion items are banned\n|rule|Evasion Moves Clause: Evasion moves are banned\n|rule|Endless Battle Clause: Forcing endless battles is banned\n|rule|HP Percentage Mod: HP is shown in percentages\n|rule|Terastal Clause: You cannot Terastallize\n|clearpoke\n|poke|p1|Slowking-Galar, M|\n|poke|p1|Crawdaunt, M|\n|poke|p1|Ursaluna, M|\n|poke|p1|Rillaboom, F|\n|poke|p1|Cresselia, F|\n|poke|p1|Kingambit, M|\n|poke|p2|Ninetales-Alola, M|\n|poke|p2|Ogerpon-Wellspring, F|\n|poke|p2|Iron Valiant|\n|poke|p2|Kingambit, F|\n|poke|p2|Gholdengo|\n|poke|p2|Salamence, M|\n|teampreview\n|inactive|FFK Foufakirby also wants the timer to be on.\n|j| Dixie Ject\n|j| Bad Players\n|c|\u2606FFK Foufakirby|hf\n|j| Weather_Agent67\n|\n|t:|1700075767\n|start\n|switch|p1a: Kingambit|Kingambit, M|100\/100\n|switch|p2a: cool window|Ninetales-Alola, M|100\/100\n|-weather|Snow|[from] ability: Snow Warning|[of] p2a: cool window\n|turn|1\n|c|\u2606SDK04|u2\n|\n|t:|1700075778\n|move|p2a: cool window|Aurora Veil|p2a: cool window\n|-sidestart|p2: SDK04|move: Aurora Veil\n|move|p1a: Kingambit|Iron Head|p2a: cool window\n|-supereffective|p2a: cool window\n|-damage|p2a: cool window|16\/100\n|\n|-weather|Snow|[upkeep]\n|upkeep\n|turn|2\n|\n|t:|1700075788\n|switch|p2a: I miss Himiko\u2026|Salamence, M|100\/100\n|move|p1a: Kingambit|Low Kick|p2a: I miss Himiko\u2026\n|-resisted|p2a: I miss Himiko\u2026\n|-damage|p2a: I miss Himiko\u2026|89\/100\n|\n|-weather|Snow|[upkeep]\n|upkeep\n|turn|3\n|\n|t:|1700075796\n|-end|p1a: Kingambit|fallenundefined|[silent]\n|switch|p1a: Rillaboom|Rillaboom, F|100\/100\n|-fieldstart|move: Grassy Terrain|[from] ability: Grassy Surge|[of] p1a: Rillaboom\n|move|p2a: I miss Himiko\u2026|Dragon Dance|p2a: I miss Himiko\u2026\n|-boost|p2a: I miss Himiko\u2026|atk|1\n|-boost|p2a: I miss Himiko\u2026|spe|1\n|\n|-weather|Snow|[upkeep]\n|upkeep\n|turn|4\n|\n|t:|1700075804\n|switch|p1a: Ursaluna|Ursaluna, M|100\/100\n|move|p2a: I miss Himiko\u2026|Dragon Dance|p2a: I miss Himiko\u2026\n|-boost|p2a: I miss Himiko\u2026|atk|1\n|-boost|p2a: I miss Himiko\u2026|spe|1\n|\n|-weather|Snow|[upkeep]\n|-status|p1a: Ursaluna|brn|[from] item: Flame Orb\n|upkeep\n|turn|5\n|\n|t:|1700075812\n|move|p2a: I miss Himiko\u2026|Dual Wingbeat|p1a: Ursaluna\n|-damage|p1a: Ursaluna|66\/100 brn\n|-damage|p1a: Ursaluna|35\/100 brn\n|-hitcount|p1a: Ursaluna|2\n|move|p1a: Ursaluna|Facade|p2a: I miss Himiko\u2026\n|-damage|p2a: I miss Himiko\u2026|13\/100\n|\n|-weather|none\n|-heal|p1a: Ursaluna|42\/100 brn|[from] Grassy Terrain\n|-damage|p1a: Ursaluna|35\/100 brn|[from] brn\n|upkeep\n|turn|6\n|\n|t:|1700075819\n|switch|p1a: Kingambit|Kingambit, M|100\/100\n|move|p2a: I miss Himiko\u2026|Dual Wingbeat|p1a: Kingambit\n|-resisted|p1a: Kingambit\n|-damage|p1a: Kingambit|83\/100\n|-resisted|p1a: Kingambit\n|-damage|p1a: Kingambit|68\/100\n|-hitcount|p1a: Kingambit|2\n|\n|-heal|p1a: Kingambit|74\/100|[from] Grassy Terrain\n|upkeep\n|turn|7\n|\n|t:|1700075833\n|move|p1a: Kingambit|Sucker Punch||[still]\n|-fail|p1a: Kingambit\n|move|p2a: I miss Himiko\u2026|Roost|p2a: I miss Himiko\u2026\n|-heal|p2a: I miss Himiko\u2026|63\/100\n|-singleturn|p2a: I miss Himiko\u2026|move: Roost\n|\n|-heal|p2a: I miss Himiko\u2026|69\/100|[from] Grassy Terrain\n|-heal|p1a: Kingambit|80\/100|[from] Grassy Terrain\n|-fieldend|move: Grassy Terrain\n|upkeep\n|turn|8\n|\n|t:|1700075842\n|-end|p1a: Kingambit|fallenundefined|[silent]\n|switch|p1a: Rillaboom|Rillaboom, F|100\/100\n|-fieldstart|move: Grassy Terrain|[from] ability: Grassy Surge|[of] p1a: Rillaboom\n|move|p2a: I miss Himiko\u2026|Earthquake|p1a: Rillaboom\n|-resisted|p1a: Rillaboom\n|-damage|p1a: Rillaboom|81\/100\n|\n|-heal|p1a: Rillaboom|87\/100|[from] Grassy Terrain\n|-sideend|p2: SDK04|move: Aurora Veil\n|upkeep\n|turn|9\n|\n|t:|1700075850\n|move|p2a: I miss Himiko\u2026|Dual Wingbeat|p1a: Rillaboom\n|-supereffective|p1a: Rillaboom\n|-damage|p1a: Rillaboom|0 fnt\n|faint|p1a: Rillaboom\n|-ability|p2a: I miss Himiko\u2026|Moxie|boost\n|-boost|p2a: I miss Himiko\u2026|atk|1\n|-hitcount|p1: Rillaboom|1\n|\n|upkeep\n|\n|t:|1700075853\n|switch|p1a: Cresselia|Cresselia, F|100\/100\n|turn|10\n|\n|t:|1700075856\n|move|p2a: I miss Himiko\u2026|Dual Wingbeat|p1a: Cresselia\n|-damage|p1a: Cresselia|71\/100\n|-damage|p1a: Cresselia|39\/100\n|-hitcount|p1a: Cresselia|2\n|move|p1a: Cresselia|Trick Room|p1a: Cresselia\n|-fieldstart|move: Trick Room|[of] p1a: Cresselia\n|\n|upkeep\n|turn|11\n|\n|t:|1700075860\n|move|p1a: Cresselia|Ice Beam|p2a: I miss Himiko\u2026\n|-supereffective|p2a: I miss Himiko\u2026\n|-damage|p2a: I miss Himiko\u2026|0 fnt\n|faint|p2a: I miss Himiko\u2026\n|\n|upkeep\n|\n|t:|1700075864\n|switch|p2a: cool window|Ninetales-Alola, M|16\/100\n|-weather|Snow|[from] ability: Snow Warning|[of] p2a: cool window\n|turn|12\n|\n|t:|1700075879\n|switch|p1a: Kingambit|Kingambit, M|80\/100\n|-activate|p1a: Kingambit|ability: Supreme Overlord\n|-start|p1a: Kingambit|fallen1|[silent]\n|move|p2a: cool window|Aurora Veil|p2a: cool window\n|-sidestart|p2: SDK04|move: Aurora Veil\n|\n|-weather|Snow|[upkeep]\n|-heal|p1a: Kingambit|86\/100|[from] Grassy Terrain\n|-heal|p2a: cool window|22\/100|[from] Grassy Terrain\n|-fieldend|move: Grassy Terrain\n|upkeep\n|turn|13\n|\n|t:|1700075886\n|move|p1a: Kingambit|Iron Head|p2a: cool window\n|-supereffective|p2a: cool window\n|-damage|p2a: cool window|0 fnt\n|faint|p2a: cool window\n|\n|-weather|Snow|[upkeep]\n|upkeep\n|\n|t:|1700075889\n|switch|p2a: \u201cI win\u201d button|Ogerpon-Wellspring, F|100\/100\n|turn|14\n|\n|t:|1700075912\n|move|p1a: Kingambit|Kowtow Cleave|p2a: \u201cI win\u201d button\n|-damage|p2a: \u201cI win\u201d button|54\/100\n|move|p2a: \u201cI win\u201d button|Swords Dance|p2a: \u201cI win\u201d button\n|-boost|p2a: \u201cI win\u201d button|atk|2\n|\n|-weather|Snow|[upkeep]\n|-fieldend|move: Trick Room\n|upkeep\n|turn|15\n|\n|t:|1700075940\n|-end|p1a: Kingambit|fallen1|[silent]\n|switch|p1a: Cresselia|Cresselia, F|39\/100\n|move|p2a: \u201cI win\u201d button|Ivy Cudgel|p1a: Cresselia|[anim] Ivy Cudgel Water\n|-damage|p1a: Cresselia|0 fnt\n|faint|p1a: Cresselia\n|\n|-weather|Snow|[upkeep]\n|upkeep\n|inactive|FFK Foufakirby has 120 seconds left.\n|\n|t:|1700075953\n|switch|p1a: Slowking|Slowking-Galar, M|100\/100\n|turn|16\n|c|\u2606SDK04|Hmm, I wonder if this will be Tera Grass at all\n|c|\u2606SDK04|Oh wait.\n|\n|t:|1700075971\n|move|p2a: \u201cI win\u201d button|Ivy Cudgel|p1a: Slowking|[anim] Ivy Cudgel Water\n|-crit|p1a: Slowking\n|-damage|p1a: Slowking|0 fnt\n|faint|p1a: Slowking\n|\n|-weather|none\n|upkeep\n|c|\u2606FFK Foufakirby|..............\n|c|\u2606FFK Foufakirby|bruh\n|inactive|FFK Foufakirby has 120 seconds left.\n|\n|t:|1700075991\n|switch|p1a: Kingambit|Kingambit, M|86\/100\n|-activate|p1a: Kingambit|ability: Supreme Overlord\n|-start|p1a: Kingambit|fallen3|[silent]\n|turn|17\n|inactive|FFK Foufakirby has 120 seconds left.\n|\n|t:|1700075998\n|move|p2a: \u201cI win\u201d button|Encore||[still]\n|-fail|p2a: \u201cI win\u201d button\n|move|p1a: Kingambit|Kowtow Cleave|p2a: \u201cI win\u201d button\n|-damage|p2a: \u201cI win\u201d button|1\/100\n|\n|upkeep\n|turn|18\n|\n|t:|1700076003\n|move|p1a: Kingambit|Sucker Punch||[still]\n|-fail|p1a: Kingambit\n|move|p2a: \u201cI win\u201d button|Encore|p1a: Kingambit\n|-start|p1a: Kingambit|Encore\n|\n|upkeep\n|turn|19\n|\n|t:|1700076011\n|-end|p1a: Kingambit|fallen3|[silent]\n|switch|p1a: Crawdaunt|Crawdaunt, M|100\/100\n|move|p2a: \u201cI win\u201d button|Swords Dance|p2a: \u201cI win\u201d button\n|-boost|p2a: \u201cI win\u201d button|atk|2\n|\n|-sideend|p2: SDK04|move: Aurora Veil\n|upkeep\n|turn|20\n|\n|t:|1700076014\n|switch|p1a: Kingambit|Kingambit, M|86\/100\n|-activate|p1a: Kingambit|ability: Supreme Overlord\n|-start|p1a: Kingambit|fallen3|[silent]\n|move|p2a: \u201cI win\u201d button|Ivy Cudgel|p1a: Kingambit|[anim] Ivy Cudgel Water\n|-damage|p1a: Kingambit|0 fnt\n|faint|p1a: Kingambit\n|-end|p1a: Kingambit|fallen3|[silent]\n|\n|upkeep\n|\n|t:|1700076018\n|switch|p1a: Crawdaunt|Crawdaunt, M|100\/100\n|turn|21\n|c|\u2606SDK04|gg\n|c|\u2606SDK04|wp\n|\n|t:|1700076021\n|move|p2a: \u201cI win\u201d button|Ivy Cudgel|p1a: Crawdaunt|[anim] Ivy Cudgel Water\n|-resisted|p1a: Crawdaunt\n|-damage|p1a: Crawdaunt|0 fnt\n|faint|p1a: Crawdaunt\n|\n|upkeep\n|c|\u2606FFK Foufakirby|nah\n|c|\u2606FFK Foufakirby|that crit\n|c|\u2606SDK04|Sorry about that\n|\n|t:|1700076034\n|switch|p1a: Ursaluna|Ursaluna, M|35\/100 brn\n|turn|22\n|c|\u2606SDK04|Not like it mattered anyways\n|c|\u2606FFK Foufakirby|it mattered\n|c|\u2606SDK04|120 Atk and effectively a 144 BP move\n|c|\u2606SDK04|At 2+\n|c|\u2606FFK Foufakirby|I'm full def\n|inactive|SDK04 has 120 seconds left.\n|inactive|FFK Foufakirby has 120 seconds left.\n|c|\u2606SDK04|Ahh\n|\n|t:|1700076094\n|move|p2a: \u201cI win\u201d button|Ivy Cudgel|p1a: Ursaluna|[anim] Ivy Cudgel Water\n|-supereffective|p1a: Ursaluna\n|-damage|p1a: Ursaluna|0 fnt\n|faint|p1a: Ursaluna\n|\n|win|SDK04\n|n|\u2606FFK Foufakirby|ffkfoufakirby\n|n|\u2606SDK04|sdk04\n|n| Dixie Ject|dixieject\n|n| Bad Players|badplayers\n|n| Weather_Agent67|weatheragent67\n|c|\u2606SDK04|Ok yeah that counted them\n|l| Dixie Ject\n","uploadtime":1700076102,"views":8,"p1id":"ffkfoufakirby","p2id":"sdk04","formatid":"gen9ou","rating":0,"private":0,"password":""}