{"id":"gen9ou-2000089159","p1":"jmoneystackzzz","p2":"SleepyTheGhost","format":"[Gen 9] OU","log":"|j|\u2606jmoneystackzzz\n|j|\u2606SleepyTheGhost\n|t:|1701152702\n|gametype|singles\n|player|p1|jmoneystackzzz|swimmer-gen4dp|\n|player|p2|SleepyTheGhost|pokemonbreederf|\n|teamsize|p1|6\n|teamsize|p2|6\n|gen|9\n|tier|[Gen 9] OU\n|rule|Sleep Clause Mod: Limit one foe put to sleep\n|rule|Species Clause: Limit one of each Pok\u00e9mon\n|rule|OHKO Clause: OHKO moves are banned\n|rule|Evasion Items Clause: Evasion items are banned\n|rule|Evasion Moves Clause: Evasion moves are banned\n|rule|Endless Battle Clause: Forcing endless battles is banned\n|rule|HP Percentage Mod: HP is shown in percentages\n|clearpoke\n|poke|p1|Ninetales-Alola, F|\n|poke|p1|Quagsire, F|\n|poke|p1|Garganacl, M|\n|poke|p1|Hatterene, F|\n|poke|p1|Decidueye-Hisui, M|\n|poke|p1|Bombirdier, F|\n|poke|p2|Cryogonal|\n|poke|p2|Mamoswine, F|\n|poke|p2|Wo-Chien|\n|poke|p2|Zapdos|\n|poke|p2|Goodra, F|\n|poke|p2|Basculegion-F, F|\n|teampreview\n|\n|t:|1701152721\n|start\n|switch|p1a: Mad Tail|Ninetales-Alola, F|100\/100\n|switch|p2a: Cryogonal|Cryogonal|100\/100\n|-weather|Snow|[from] ability: Snow Warning|[of] p1a: Mad Tail\n|turn|1\n|\n|t:|1701152740\n|move|p1a: Mad Tail|Aurora Veil|p1a: Mad Tail\n|-sidestart|p1: jmoneystackzzz|move: Aurora Veil\n|move|p2a: Cryogonal|Aurora Veil|p2a: Cryogonal\n|-sidestart|p2: SleepyTheGhost|move: Aurora Veil\n|\n|-weather|Snow|[upkeep]\n|upkeep\n|turn|2\n|j| ParadoxBanOfficial\n|\n|t:|1701152780\n|switch|p2a: Basculegion|Basculegion-F, F|100\/100\n|move|p1a: Mad Tail|Nasty Plot|p1a: Mad Tail\n|-boost|p1a: Mad Tail|spa|2\n|\n|-weather|Snow|[upkeep]\n|upkeep\n|turn|3\n|c| ParadoxBanOfficial|fire turn 1\n|\n|t:|1701152796\n|-terastallize|p2a: Basculegion|Water\n|move|p2a: Basculegion|Hydro Pump|p1a: Mad Tail\n|-damage|p1a: Mad Tail|58\/100\n|move|p1a: Mad Tail|Nasty Plot|p1a: Mad Tail\n|-boost|p1a: Mad Tail|spa|2\n|\n|-weather|Snow|[upkeep]\n|upkeep\n|turn|4\n|\n|t:|1701152814\n|move|p2a: Basculegion|Hydro Pump|p1a: Mad Tail\n|-damage|p1a: Mad Tail|13\/100\n|move|p1a: Mad Tail|Freeze-Dry|p2a: Basculegion\n|-supereffective|p2a: Basculegion\n|-damage|p2a: Basculegion|0 fnt\n|faint|p2a: Basculegion\n|-damage|p1a: Mad Tail|4\/100|[from] item: Life Orb\n|\n|-weather|Snow|[upkeep]\n|upkeep\n|\n|t:|1701152831\n|switch|p2a: Wo-Chien|Wo-Chien|100\/100\n|-ability|p2a: Wo-Chien|Tablets of Ruin\n|turn|5\n|\n|t:|1701152853\n|switch|p2a: Cryogonal|Cryogonal|100\/100\n|move|p1a: Mad Tail|Moonblast|p2a: Cryogonal\n|-damage|p2a: Cryogonal|48\/100\n|-unboost|p2a: Cryogonal|spa|1\n|-damage|p1a: Mad Tail|0 fnt|[from] item: Life Orb\n|faint|p1a: Mad Tail\n|\n|-weather|none\n|-sideend|p1: jmoneystackzzz|move: Aurora Veil\n|upkeep\n|\n|t:|1701152873\n|switch|p1a: Trans Icon|Hatterene, F|100\/100\n|turn|6\n|\n|t:|1701152909\n|switch|p2a: Goodra|Goodra, F|100\/100\n|move|p1a: Trans Icon|Mystical Fire|p2a: Goodra\n|-resisted|p2a: Goodra\n|-damage|p2a: Goodra|98\/100\n|-unboost|p2a: Goodra|spa|1\n|\n|upkeep\n|turn|7\n|\n|t:|1701152930\n|move|p2a: Goodra|Sludge Bomb|p1a: Trans Icon\n|-supereffective|p1a: Trans Icon\n|-damage|p1a: Trans Icon|72\/100\n|move|p1a: Trans Icon|Mystical Fire|p2a: Goodra\n|-resisted|p2a: Goodra\n|-damage|p2a: Goodra|94\/100\n|-unboost|p2a: Goodra|spa|1\n|\n|upkeep\n|turn|8\n|\n|t:|1701152953\n|switch|p2a: Zapdos|Zapdos|100\/100\n|move|p1a: Trans Icon|Mystical Fire|p2a: Zapdos\n|-damage|p2a: Zapdos|83\/100\n|-unboost|p2a: Zapdos|spa|1\n|\n|-sideend|p2: SleepyTheGhost|move: Aurora Veil\n|upkeep\n|turn|9\n|\n|t:|1701152972\n|move|p2a: Zapdos|Thunderbolt|p1a: Trans Icon\n|-damage|p1a: Trans Icon|39\/100\n|move|p1a: Trans Icon|Mystical Fire|p2a: Zapdos\n|-damage|p2a: Zapdos|48\/100\n|-unboost|p2a: Zapdos|spa|1\n|\n|upkeep\n|turn|10\n|\n|t:|1701152986\n|switch|p2a: Mamoswine|Mamoswine, F|100\/100\n|move|p1a: Trans Icon|Mystical Fire|p2a: Mamoswine\n|-supereffective|p2a: Mamoswine\n|-damage|p2a: Mamoswine|20\/100\n|-unboost|p2a: Mamoswine|spa|1\n|\n|upkeep\n|turn|11\n|\n|t:|1701153029\n|switch|p1a: Special Helmet|Quagsire, F|100\/100\n|move|p2a: Mamoswine|Icicle Crash|p1a: Special Helmet\n|-damage|p1a: Special Helmet|58\/100\n|\n|upkeep\n|turn|12\n|\n|t:|1701153051\n|move|p2a: Mamoswine|Trailblaze|p1a: Special Helmet\n|-supereffective|p1a: Special Helmet\n|-damage|p1a: Special Helmet|0 fnt\n|-boost|p2a: Mamoswine|spe|1\n|-damage|p2a: Mamoswine|3\/100|[from] item: Rocky Helmet|[of] p1a: Special Helmet\n|faint|p1a: Special Helmet\n|\n|upkeep\n|\n|t:|1701153123\n|switch|p1a: All Roost No Air|Decidueye-Hisui, M|100\/100\n|turn|13\n|\n|t:|1701153137\n|move|p2a: Mamoswine|Icicle Crash|p1a: All Roost No Air\n|-supereffective|p1a: All Roost No Air\n|-enditem|p1a: All Roost No Air|Yache Berry|[eat]\n|-enditem|p1a: All Roost No Air|Yache Berry|[weaken]\n|-damage|p1a: All Roost No Air|45\/100\n|move|p1a: All Roost No Air|Triple Arrows|p2a: Mamoswine\n|-supereffective|p2a: Mamoswine\n|-damage|p2a: Mamoswine|0 fnt\n|faint|p2a: Mamoswine\n|\n|upkeep\n|\n|t:|1701153160\n|switch|p2a: Zapdos|Zapdos|48\/100\n|turn|14\n|\n|t:|1701153167\n|switch|p1a: Thwomp Thwomp|Garganacl, M|100\/100\n|move|p2a: Zapdos|Heat Wave|p1a: Thwomp Thwomp\n|-resisted|p1a: Thwomp Thwomp\n|-damage|p1a: Thwomp Thwomp|85\/100\n|\n|-heal|p1a: Thwomp Thwomp|91\/100|[from] item: Leftovers\n|upkeep\n|turn|15\n|\n|t:|1701153178\n|switch|p2a: Wo-Chien|Wo-Chien|100\/100\n|-ability|p2a: Wo-Chien|Tablets of Ruin\n|move|p1a: Thwomp Thwomp|Salt Cure|p2a: Wo-Chien\n|-damage|p2a: Wo-Chien|91\/100\n|\n|-heal|p1a: Thwomp Thwomp|97\/100|[from] item: Leftovers\n|upkeep\n|turn|16\n|\n|t:|1701153188\n|switch|p1a: Trans Icon|Hatterene, F|39\/100\n|move|p2a: Wo-Chien|Leech Seed|p1a: Trans Icon\n|move|p1a: Trans Icon|Leech Seed|p2a: Wo-Chien|[from]ability: Magic Bounce\n|-immune|p2a: Wo-Chien\n|\n|upkeep\n|turn|17\n|\n|t:|1701153258\n|move|p2a: Wo-Chien|Giga Drain|p1a: Trans Icon\n|-damage|p1a: Trans Icon|20\/100\n|-heal|p2a: Wo-Chien|99\/100|[from] drain|[of] p1a: Trans Icon\n|move|p1a: Trans Icon|Dazzling Gleam|p2a: Wo-Chien\n|-supereffective|p2a: Wo-Chien\n|-damage|p2a: Wo-Chien|47\/100\n|\n|upkeep\n|turn|18\n|c| ParadoxBanOfficial|Also no nicknames Nik?\n|\n|t:|1701153281\n|move|p2a: Wo-Chien|Giga Drain|p1a: Trans Icon\n|-damage|p1a: Trans Icon|3\/100\n|-heal|p2a: Wo-Chien|54\/100|[from] drain|[of] p1a: Trans Icon\n|move|p1a: Trans Icon|Mystical Fire|p2a: Wo-Chien\n|-supereffective|p2a: Wo-Chien\n|-damage|p2a: Wo-Chien|23\/100\n|\n|upkeep\n|turn|19\n|\n|t:|1701153300\n|switch|p1a: Two Legs - Bipedal|Bombirdier, F|100\/100\n|move|p2a: Wo-Chien|Giga Drain|p1a: Two Legs - Bipedal\n|-resisted|p1a: Two Legs - Bipedal\n|-damage|p1a: Two Legs - Bipedal|83\/100\n|-heal|p2a: Wo-Chien|29\/100|[from] drain|[of] p1a: Two Legs - Bipedal\n|\n|upkeep\n|turn|20\n|\n|t:|1701153320\n|move|p1a: Two Legs - Bipedal|Taunt|p2a: Wo-Chien\n|-start|p2a: Wo-Chien|move: Taunt\n|cant|p2a: Wo-Chien|move: Taunt|Leech Seed\n|\n|upkeep\n|turn|21\n|\n|t:|1701153330\n|switch|p2a: Goodra|Goodra, F|94\/100\n|move|p1a: Two Legs - Bipedal|Knock Off|p2a: Goodra\n|-damage|p2a: Goodra|42\/100\n|-enditem|p2a: Goodra|Assault Vest|[from] move: Knock Off|[of] p1a: Two Legs - Bipedal\n|\n|upkeep\n|turn|22\n|\n|t:|1701153356\n|switch|p2a: Cryogonal|Cryogonal|48\/100\n|move|p1a: Two Legs - Bipedal|U-turn|p2a: Cryogonal\n|-crit|p2a: Cryogonal\n|-damage|p2a: Cryogonal|0 fnt\n|faint|p2a: Cryogonal\n|\n|t:|1701153374\n|switch|p1a: All Roost No Air|Decidueye-Hisui, M|45\/100|[from] U-turn\n|\n|upkeep\n|\n|t:|1701153379\n|switch|p2a: Zapdos|Zapdos|48\/100\n|turn|23\n|\n|t:|1701153394\n|switch|p1a: Thwomp Thwomp|Garganacl, M|97\/100\n|move|p2a: Zapdos|Hurricane|p1a: Thwomp Thwomp|[miss]\n|-miss|p2a: Zapdos|p1a: Thwomp Thwomp\n|\n|-heal|p1a: Thwomp Thwomp|100\/100|[from] item: Leftovers\n|upkeep\n|turn|24\n|\n|t:|1701153402\n|switch|p2a: Wo-Chien|Wo-Chien|29\/100\n|-ability|p2a: Wo-Chien|Tablets of Ruin\n|move|p1a: Thwomp Thwomp|Stealth Rock|p2a: Wo-Chien\n|-sidestart|p2: SleepyTheGhost|move: Stealth Rock\n|\n|upkeep\n|turn|25\n|\n|t:|1701153413\n|move|p1a: Thwomp Thwomp|Protect|p1a: Thwomp Thwomp\n|-singleturn|p1a: Thwomp Thwomp|Protect\n|move|p2a: Wo-Chien|Giga Drain|p1a: Thwomp Thwomp\n|-activate|p1a: Thwomp Thwomp|move: Protect\n|\n|upkeep\n|turn|26\n|\n|t:|1701153427\n|switch|p1a: Trans Icon|Hatterene, F|3\/100\n|move|p2a: Wo-Chien|Giga Drain|p1a: Trans Icon\n|-damage|p1a: Trans Icon|0 fnt\n|-heal|p2a: Wo-Chien|30\/100|[from] drain|[of] p1a: Trans Icon\n|faint|p1a: Trans Icon\n|\n|upkeep\n|\n|t:|1701153445\n|switch|p1a: Two Legs - Bipedal|Bombirdier, F|83\/100\n|turn|27\n|\n|t:|1701153455\n|move|p1a: Two Legs - Bipedal|U-turn|p2a: Wo-Chien\n|-supereffective|p2a: Wo-Chien\n|-damage|p2a: Wo-Chien|0 fnt\n|faint|p2a: Wo-Chien\n|\n|t:|1701153460\n|switch|p1a: Thwomp Thwomp|Garganacl, M|100\/100|[from] U-turn\n|\n|upkeep\n|\n|t:|1701153465\n|switch|p2a: Goodra|Goodra, F|42\/100\n|-damage|p2a: Goodra|30\/100|[from] Stealth Rock\n|turn|28\n|\n|t:|1701153473\n|move|p2a: Goodra|Scald|p1a: Thwomp Thwomp\n|-supereffective|p1a: Thwomp Thwomp\n|-damage|p1a: Thwomp Thwomp|63\/100\n|move|p1a: Thwomp Thwomp|Salt Cure|p2a: Goodra\n|-damage|p2a: Goodra|14\/100\n|-start|p2a: Goodra|Salt Cure\n|\n|-heal|p1a: Thwomp Thwomp|69\/100|[from] item: Leftovers\n|-damage|p2a: Goodra|2\/100|[from] Salt Cure\n|upkeep\n|turn|29\n|\n|t:|1701153500\n|move|p2a: Goodra|Scald|p1a: Thwomp Thwomp\n|-supereffective|p1a: Thwomp Thwomp\n|-damage|p1a: Thwomp Thwomp|35\/100\n|move|p1a: Thwomp Thwomp|Recover|p1a: Thwomp Thwomp\n|-heal|p1a: Thwomp Thwomp|85\/100\n|\n|-heal|p1a: Thwomp Thwomp|91\/100|[from] item: Leftovers\n|-damage|p2a: Goodra|0 fnt|[from] Salt Cure\n|faint|p2a: Goodra\n|upkeep\n|\n|t:|1701153509\n|switch|p2a: Zapdos|Zapdos|48\/100\n|-damage|p2a: Zapdos|24\/100|[from] Stealth Rock\n|turn|30\n|\n|t:|1701153518\n|move|p2a: Zapdos|Thunderbolt|p1a: Thwomp Thwomp\n|-damage|p1a: Thwomp Thwomp|46\/100\n|move|p1a: Thwomp Thwomp|Salt Cure|p2a: Zapdos\n|-supereffective|p2a: Zapdos\n|-damage|p2a: Zapdos|0 fnt\n|faint|p2a: Zapdos\n|\n|win|jmoneystackzzz\n|l|\u2606SleepyTheGhost\n","uploadtime":1701153534,"views":19,"p1id":"jmoneystackzzz","p2id":"sleepytheghost","formatid":"gen9ou","rating":0,"private":0,"password":""}