{"id":"gen9ou-1996564539","p1":"mint yerb","p2":"SDK04","format":"[Gen 9] OU","log":"|j|\u2606mint yerb\n|j|\u2606SDK04\n|inactive|Battle timer is ON: inactive players will automatically lose when time's up.\n|t:|1700694847\n|gametype|singles\n|player|p1|mint yerb|flannery|\n|player|p2|SDK04|unknown|\n|teamsize|p1|6\n|teamsize|p2|6\n|gen|9\n|tier|[Gen 9] OU\n|rated|Tournament battle\n|rule|Sleep Clause Mod: Limit one foe put to sleep\n|rule|Species Clause: Limit one of each Pok\u00e9mon\n|rule|OHKO Clause: OHKO moves are banned\n|rule|Evasion Items Clause: Evasion items are banned\n|rule|Evasion Moves Clause: Evasion moves are banned\n|rule|Endless Battle Clause: Forcing endless battles is banned\n|rule|HP Percentage Mod: HP is shown in percentages\n|clearpoke\n|poke|p1|Wo-Chien|\n|poke|p1|Scream Tail|\n|poke|p1|Cinderace, M|\n|poke|p1|Glimmora, F|\n|poke|p1|Rotom-Wash|\n|poke|p1|Kingambit, M|\n|poke|p2|Ninetales-Alola, M|\n|poke|p2|Ogerpon-Wellspring, F|\n|poke|p2|Mew|\n|poke|p2|Kingambit, M|\n|poke|p2|Gholdengo|\n|poke|p2|Salamence, M|\n|teampreview\n|\n|t:|1700694868\n|start\n|switch|p1a: Cinderace|Cinderace, M|100\/100\n|switch|p2a: cool window|Ninetales-Alola, M|100\/100\n|-weather|Snow|[from] ability: Snow Warning|[of] p2a: cool window\n|turn|1\n|\n|t:|1700694876\n|move|p1a: Cinderace|Will-O-Wisp|p2a: cool window|[miss]\n|-miss|p1a: Cinderace|p2a: cool window\n|move|p2a: cool window|Aurora Veil|p2a: cool window\n|-sidestart|p2: SDK04|move: Aurora Veil\n|\n|-weather|Snow|[upkeep]\n|upkeep\n|turn|2\n|\n|t:|1700694878\n|move|p1a: Cinderace|Pyro Ball|p2a: cool window\n|-supereffective|p2a: cool window\n|-damage|p2a: cool window|60\/100\n|move|p2a: cool window|Aurora Veil||[still]\n|-fail|p2a: cool window\n|\n|-weather|Snow|[upkeep]\n|upkeep\n|turn|3\n|\n|t:|1700694888\n|move|p1a: Cinderace|Pyro Ball|p2a: cool window\n|-supereffective|p2a: cool window\n|-damage|p2a: cool window|22\/100\n|-status|p2a: cool window|brn\n|move|p2a: cool window|Encore|p1a: Cinderace\n|-start|p1a: Cinderace|Encore\n|\n|-weather|Snow|[upkeep]\n|-damage|p2a: cool window|16\/100 brn|[from] brn\n|upkeep\n|turn|4\n|\n|t:|1700694899\n|switch|p1a: Glimmora|Glimmora, F|100\/100\n|switch|p2a: Cheese Demon|Mew|100\/100\n|\n|-weather|Snow|[upkeep]\n|upkeep\n|turn|5\n|\n|t:|1700694905\n|move|p1a: Glimmora|Toxic|p2a: Cheese Demon\n|-status|p2a: Cheese Demon|tox\n|-activate|p2a: Cheese Demon|ability: Synchronize\n|-immune|p1a: Glimmora\n|move|p2a: Cheese Demon|Agility|p2a: Cheese Demon\n|-boost|p2a: Cheese Demon|spe|2\n|\n|-weather|none\n|-damage|p2a: Cheese Demon|94\/100 tox|[from] psn\n|upkeep\n|turn|6\n|\n|t:|1700694914\n|switch|p1a: Scream Tail|Scream Tail|100\/100\n|move|p2a: Cheese Demon|Calm Mind|p2a: Cheese Demon\n|-boost|p2a: Cheese Demon|spa|1\n|-boost|p2a: Cheese Demon|spd|1\n|\n|-heal|p2a: Cheese Demon|100\/100 tox|[from] item: Leftovers\n|-damage|p2a: Cheese Demon|88\/100 tox|[from] psn\n|upkeep\n|turn|7\n|\n|t:|1700694918\n|move|p2a: Cheese Demon|Draining Kiss|p1a: Scream Tail\n|-damage|p1a: Scream Tail|86\/100\n|-heal|p2a: Cheese Demon|100\/100 tox|[from] drain|[of] p1a: Scream Tail\n|move|p1a: Scream Tail|Encore|p2a: Cheese Demon\n|-start|p2a: Cheese Demon|Encore\n|\n|-heal|p1a: Scream Tail|92\/100|[from] item: Leftovers\n|-damage|p2a: Cheese Demon|82\/100 tox|[from] psn\n|upkeep\n|turn|8\n|\n|t:|1700694924\n|-end|p1a: Scream Tail|Protosynthesis|[silent]\n|switch|p1a: Cinderace|Cinderace, M|100\/100\n|move|p2a: Cheese Demon|Draining Kiss|p1a: Cinderace\n|-resisted|p1a: Cinderace\n|-damage|p1a: Cinderace|88\/100\n|-heal|p2a: Cheese Demon|92\/100 tox|[from] drain|[of] p1a: Cinderace\n|\n|-heal|p2a: Cheese Demon|98\/100 tox|[from] item: Leftovers\n|-damage|p2a: Cheese Demon|74\/100 tox|[from] psn\n|-sideend|p2: SDK04|move: Aurora Veil\n|upkeep\n|turn|9\n|\n|t:|1700694928\n|move|p2a: Cheese Demon|Draining Kiss|p1a: Cinderace\n|-resisted|p1a: Cinderace\n|-damage|p1a: Cinderace|73\/100\n|-heal|p2a: Cheese Demon|86\/100 tox|[from] drain|[of] p1a: Cinderace\n|move|p1a: Cinderace|U-turn|p2a: Cheese Demon\n|-supereffective|p2a: Cheese Demon\n|-damage|p2a: Cheese Demon|54\/100 tox\n|\n|t:|1700694931\n|switch|p1a: Live Wo-Chien|Wo-Chien|100\/100|[from] U-turn\n|-ability|p1a: Live Wo-Chien|Tablets of Ruin\n|\n|-heal|p2a: Cheese Demon|61\/100 tox|[from] item: Leftovers\n|-damage|p2a: Cheese Demon|30\/100 tox|[from] psn\n|upkeep\n|turn|10\n|\n|t:|1700694939\n|-terastallize|p1a: Live Wo-Chien|Poison\n|move|p2a: Cheese Demon|Draining Kiss|p1a: Live Wo-Chien\n|-resisted|p1a: Live Wo-Chien\n|-damage|p1a: Live Wo-Chien|93\/100\n|-heal|p2a: Cheese Demon|36\/100 tox|[from] drain|[of] p1a: Live Wo-Chien\n|move|p1a: Live Wo-Chien|Knock Off|p2a: Cheese Demon\n|-supereffective|p2a: Cheese Demon\n|-damage|p2a: Cheese Demon|0 fnt\n|-enditem|p2a: Cheese Demon|Leftovers|[from] move: Knock Off|[of] p1a: Live Wo-Chien\n|faint|p2a: Cheese Demon\n|\n|-heal|p1a: Live Wo-Chien|99\/100|[from] item: Leftovers\n|upkeep\n|\n|t:|1700694943\n|switch|p2a: cool window|Ninetales-Alola, M|16\/100 brn\n|-weather|Snow|[from] ability: Snow Warning|[of] p2a: cool window\n|turn|11\n|\n|t:|1700694950\n|move|p2a: cool window|Aurora Veil|p2a: cool window\n|-sidestart|p2: SDK04|move: Aurora Veil\n|move|p1a: Live Wo-Chien|Giga Drain|p2a: cool window\n|-damage|p2a: cool window|4\/100 brn\n|-heal|p1a: Live Wo-Chien|100\/100|[from] drain|[of] p2a: cool window\n|\n|-weather|Snow|[upkeep]\n|-damage|p2a: cool window|0 fnt|[from] brn\n|faint|p2a: cool window\n|upkeep\n|\n|t:|1700694953\n|switch|p2a: I miss Himiko\u2026|Salamence, M|100\/100\n|turn|12\n|\n|t:|1700694981\n|move|p2a: I miss Himiko\u2026|Dragon Dance|p2a: I miss Himiko\u2026\n|-boost|p2a: I miss Himiko\u2026|atk|1\n|-boost|p2a: I miss Himiko\u2026|spe|1\n|move|p1a: Live Wo-Chien|Knock Off|p2a: I miss Himiko\u2026\n|-damage|p2a: I miss Himiko\u2026|84\/100\n|-enditem|p2a: I miss Himiko\u2026|Heavy-Duty Boots|[from] move: Knock Off|[of] p1a: Live Wo-Chien\n|\n|-weather|Snow|[upkeep]\n|upkeep\n|turn|13\n|\n|t:|1700694986\n|move|p2a: I miss Himiko\u2026|Dragon Dance|p2a: I miss Himiko\u2026\n|-boost|p2a: I miss Himiko\u2026|atk|1\n|-boost|p2a: I miss Himiko\u2026|spe|1\n|move|p1a: Live Wo-Chien|Leech Seed|p2a: I miss Himiko\u2026\n|-start|p2a: I miss Himiko\u2026|move: Leech Seed\n|\n|-weather|Snow|[upkeep]\n|-damage|p2a: I miss Himiko\u2026|71\/100|[from] Leech Seed|[of] p1a: Live Wo-Chien\n|upkeep\n|turn|14\n|\n|t:|1700694996\n|switch|p1a: Scream Tail|Scream Tail|92\/100\n|move|p2a: I miss Himiko\u2026|Dragon Dance|p2a: I miss Himiko\u2026\n|-boost|p2a: I miss Himiko\u2026|atk|1\n|-boost|p2a: I miss Himiko\u2026|spe|1\n|\n|-weather|Snow|[upkeep]\n|-heal|p1a: Scream Tail|98\/100|[from] item: Leftovers\n|-damage|p2a: I miss Himiko\u2026|59\/100|[from] Leech Seed|[of] p1a: Scream Tail\n|-heal|p1a: Scream Tail|100\/100|[silent]\n|upkeep\n|turn|15\n|\n|t:|1700695005\n|move|p2a: I miss Himiko\u2026|Dual Wingbeat|p1a: Scream Tail\n|-damage|p1a: Scream Tail|52\/100\n|-damage|p1a: Scream Tail|0 fnt\n|faint|p1a: Scream Tail\n|-end|p1a: Scream Tail|Protosynthesis|[silent]\n|-ability|p2a: I miss Himiko\u2026|Moxie|boost\n|-boost|p2a: I miss Himiko\u2026|atk|1\n|-hitcount|p1: Scream Tail|2\n|\n|-weather|none\n|upkeep\n|\n|t:|1700695024\n|switch|p1a: Rotom|Rotom-Wash|100\/100\n|turn|16\n|j| SandVeil10\n|\n|t:|1700695029\n|-terastallize|p2a: I miss Himiko\u2026|Flying\n|move|p2a: I miss Himiko\u2026|Dual Wingbeat|p1a: Rotom\n|-resisted|p1a: Rotom\n|-damage|p1a: Rotom|52\/100\n|-resisted|p1a: Rotom\n|-damage|p1a: Rotom|2\/100\n|-hitcount|p1a: Rotom|2\n|move|p1a: Rotom|Discharge|p2a: I miss Himiko\u2026\n|-supereffective|p2a: I miss Himiko\u2026\n|-damage|p2a: I miss Himiko\u2026|23\/100\n|\n|-heal|p1a: Rotom|8\/100|[from] item: Leftovers\n|-damage|p2a: I miss Himiko\u2026|11\/100|[from] Leech Seed|[of] p1a: Rotom\n|-heal|p1a: Rotom|23\/100|[silent]\n|upkeep\n|turn|17\n|inactive|mint yerb has 120 seconds left.\n|\n|t:|1700695061\n|move|p2a: I miss Himiko\u2026|Dual Wingbeat|p1a: Rotom\n|-resisted|p1a: Rotom\n|-damage|p1a: Rotom|0 fnt\n|faint|p1a: Rotom\n|-ability|p2a: I miss Himiko\u2026|Moxie|boost\n|-boost|p2a: I miss Himiko\u2026|atk|1\n|-hitcount|p1: Rotom|1\n|\n|upkeep\n|inactive|mint yerb has 120 seconds left.\n|\n|t:|1700695067\n|switch|p1a: Kingambit|Kingambit, M|100\/100\n|-activate|p1a: Kingambit|ability: Supreme Overlord\n|-start|p1a: Kingambit|fallen2|[silent]\n|turn|18\n|\n|t:|1700695074\n|move|p1a: Kingambit|Sucker Punch||[still]\n|-fail|p1a: Kingambit\n|move|p2a: I miss Himiko\u2026|Roost|p2a: I miss Himiko\u2026\n|-heal|p2a: I miss Himiko\u2026|61\/100\n|-hint|If a Flying Terastallized Pokemon uses Roost, it remains Flying-type.\n|\n|-damage|p2a: I miss Himiko\u2026|48\/100|[from] Leech Seed|[of] p1a: Kingambit\n|-sideend|p2: SDK04|move: Aurora Veil\n|upkeep\n|turn|19\n|inactive|mint yerb has 120 seconds left.\n|c|\u2606mint yerb|man I was waiting for that roost on rotom\n|j| Slashed-Zero\n|j| Bridgemaster58\n|inactive|SDK04 has 120 seconds left.\n|j| Mikirae1218\n|inactive|SDK04 has 90 seconds left.\n|\n|t:|1700695157\n|move|p1a: Kingambit|Sucker Punch||[still]\n|-fail|p1a: Kingambit\n|move|p2a: I miss Himiko\u2026|Roost|p2a: I miss Himiko\u2026\n|-heal|p2a: I miss Himiko\u2026|98\/100\n|-hint|If a Flying Terastallized Pokemon uses Roost, it remains Flying-type.\n|\n|-damage|p2a: I miss Himiko\u2026|86\/100|[from] Leech Seed|[of] p1a: Kingambit\n|upkeep\n|turn|20\n|\n|t:|1700695167\n|move|p1a: Kingambit|Sucker Punch|p2a: I miss Himiko\u2026\n|-damage|p2a: I miss Himiko\u2026|26\/100\n|move|p2a: I miss Himiko\u2026|Earthquake|p1a: Kingambit\n|-supereffective|p1a: Kingambit\n|-damage|p1a: Kingambit|0 fnt\n|faint|p1a: Kingambit\n|-end|p1a: Kingambit|fallen2|[silent]\n|-ability|p2a: I miss Himiko\u2026|Moxie|boost\n|-boost|p2a: I miss Himiko\u2026|atk|1\n|\n|upkeep\n|j| Kcaix03\n|\n|t:|1700695173\n|switch|p1a: Live Wo-Chien|Wo-Chien, tera:Poison|100\/100\n|-ability|p1a: Live Wo-Chien|Tablets of Ruin\n|turn|21\n|c|\u2606SDK04|gg\n|c|\u2606SDK04|wp\n|\n|t:|1700695182\n|move|p2a: I miss Himiko\u2026|Earthquake|p1a: Live Wo-Chien\n|-supereffective|p1a: Live Wo-Chien\n|-damage|p1a: Live Wo-Chien|0 fnt\n|faint|p1a: Live Wo-Chien\n|\n|upkeep\n|c|\u2606mint yerb|ggs\n|\n|t:|1700695198\n|switch|p1a: Glimmora|Glimmora, F|100\/100\n|turn|22\n|\n|t:|1700695201\n|move|p2a: I miss Himiko\u2026|Dual Wingbeat|p1a: Glimmora\n|-resisted|p1a: Glimmora\n|-damage|p1a: Glimmora|19\/100\n|-resisted|p1a: Glimmora\n|-damage|p1a: Glimmora|0 fnt\n|faint|p1a: Glimmora\n|-hitcount|p1: Glimmora|2\n|\n|upkeep\n|-message|mint yerb forfeited.\n|\n|win|SDK04\n|n|\u2606mint yerb|mintyerb\n|n|\u2606SDK04|sdk04\n|n| SandVeil10|sandveil10\n|n| Slashed-Zero|slashedzero\n|n| Bridgemaster58|bridgemaster58\n|n| Mikirae1218|mikirae1218\n|n| Kcaix03|kcaix03\n|l|\u2606mint yerb\n|l| Bridgemaster58\n|l| SandVeil10\n","uploadtime":1700695218,"views":4,"p1id":"mintyerb","p2id":"sdk04","formatid":"gen9ou","rating":0,"private":0,"password":""}