{"id":"gen9ou-1997337159","p1":"Gigachadium Z","p2":"d8nny","format":"[Gen 9] OU","log":"|j|\u2606Gigachadium Z\n|j|\u2606d8nny\n|t:|1700791121\n|gametype|singles\n|player|p1|Gigachadium Z|169|1303\n|player|p2|d8nny|pokemaniac|1361\n|teamsize|p1|6\n|teamsize|p2|6\n|gen|9\n|tier|[Gen 9] OU\n|rated|\n|rule|Sleep Clause Mod: Limit one foe put to sleep\n|rule|Species Clause: Limit one of each Pok\u00e9mon\n|rule|OHKO Clause: OHKO moves are banned\n|rule|Evasion Items Clause: Evasion items are banned\n|rule|Evasion Moves Clause: Evasion moves are banned\n|rule|Endless Battle Clause: Forcing endless battles is banned\n|rule|HP Percentage Mod: HP is shown in percentages\n|clearpoke\n|poke|p1|Ninetales-Alola, M|\n|poke|p1|Moltres-Galar|\n|poke|p1|Gholdengo|\n|poke|p1|Samurott-Hisui, M|\n|poke|p1|Great Tusk|\n|poke|p1|Heatran, F|\n|poke|p2|Muk-Alola, M|\n|poke|p2|Rotom-Wash|\n|poke|p2|Chandelure, M|\n|poke|p2|Chesnaught, F|\n|poke|p2|Decidueye, F|\n|poke|p2|Gholdengo|\n|teampreview\n|inactive|Battle timer is ON: inactive players will automatically lose when time's up. (requested by d8nny)\n|\n|t:|1700791135\n|start\n|switch|p1a: Al|Ninetales-Alola, M|100\/100\n|switch|p2a: Rotom|Rotom-Wash|100\/100\n|-weather|Snow|[from] ability: Snow Warning|[of] p1a: Al\n|turn|1\n|\n|t:|1700791150\n|move|p1a: Al|Aurora Veil|p1a: Al\n|-sidestart|p1: Gigachadium Z|move: Aurora Veil\n|move|p2a: Rotom|Thunder|p1a: Al\n|-damage|p1a: Al|74\/100\n|\n|-weather|Snow|[upkeep]\n|upkeep\n|turn|2\n|\n|t:|1700791157\n|switch|p2a: Gholdengo|Gholdengo|100\/100\n|move|p1a: Al|Encore|p2a: Gholdengo\n|-immune|p2a: Gholdengo|[from] ability: Good as Gold\n|\n|-weather|Snow|[upkeep]\n|upkeep\n|turn|3\n|\n|t:|1700791161\n|switch|p1a: Heat|Heatran, F|100\/100\n|move|p2a: Gholdengo|Shadow Ball|p1a: Heat\n|-damage|p1a: Heat|84\/100\n|\n|-weather|Snow|[upkeep]\n|-heal|p1a: Heat|90\/100|[from] item: Leftovers\n|upkeep\n|turn|4\n|inactive|Gigachadium Z has 120 seconds left.\n|\n|t:|1700791215\n|switch|p2a: Chandelure|Chandelure, M|100\/100\n|move|p1a: Heat|Magma Storm|p2a: Chandelure\n|-start|p2a: Chandelure|ability: Flash Fire\n|\n|-weather|Snow|[upkeep]\n|-heal|p1a: Heat|96\/100|[from] item: Leftovers\n|upkeep\n|turn|5\n|\n|t:|1700791222\n|move|p1a: Heat|Earth Power|p2a: Chandelure\n|-supereffective|p2a: Chandelure\n|-damage|p2a: Chandelure|33\/100\n|move|p2a: Chandelure|Calm Mind|p2a: Chandelure\n|-boost|p2a: Chandelure|spa|1\n|-boost|p2a: Chandelure|spd|1\n|\n|-weather|none\n|-heal|p1a: Heat|100\/100|[from] item: Leftovers\n|-heal|p2a: Chandelure|40\/100|[from] item: Leftovers\n|upkeep\n|turn|6\n|\n|t:|1700791230\n|-terastallize|p2a: Chandelure|Normal\n|move|p1a: Heat|Earth Power|p2a: Chandelure\n|-damage|p2a: Chandelure|18\/100\n|move|p2a: Chandelure|Pain Split|p1a: Heat\n|-sethp|p1a: Heat|58\/100|[from] move: Pain Split|[silent]\n|-sethp|p2a: Chandelure|65\/100|[from] move: Pain Split\n|\n|-heal|p1a: Heat|64\/100|[from] item: Leftovers\n|-heal|p2a: Chandelure|71\/100|[from] item: Leftovers\n|upkeep\n|turn|7\n|inactive|Gigachadium Z has 120 seconds left.\n|\n|t:|1700791242\n|move|p1a: Heat|Taunt|p2a: Chandelure\n|-start|p2a: Chandelure|move: Taunt\n|cant|p2a: Chandelure|move: Taunt|Calm Mind\n|\n|-heal|p1a: Heat|70\/100|[from] item: Leftovers\n|-heal|p2a: Chandelure|77\/100|[from] item: Leftovers\n|upkeep\n|turn|8\n|\n|t:|1700791246\n|move|p1a: Heat|Earth Power|p2a: Chandelure\n|-damage|p2a: Chandelure|54\/100\n|move|p2a: Chandelure|Shadow Ball|p1a: Heat\n|-damage|p1a: Heat|47\/100\n|\n|-heal|p1a: Heat|53\/100|[from] item: Leftovers\n|-heal|p2a: Chandelure|60\/100|[from] item: Leftovers\n|-sideend|p1: Gigachadium Z|move: Aurora Veil\n|upkeep\n|turn|9\n|\n|t:|1700791254\n|move|p1a: Heat|Earth Power|p2a: Chandelure\n|-damage|p2a: Chandelure|35\/100\n|move|p2a: Chandelure|Shadow Ball|p1a: Heat\n|-damage|p1a: Heat|8\/100\n|\n|-heal|p1a: Heat|14\/100|[from] item: Leftovers\n|-heal|p2a: Chandelure|41\/100|[from] item: Leftovers\n|-end|p2a: Chandelure|move: Taunt\n|upkeep\n|turn|10\n|\n|t:|1700791262\n|move|p1a: Heat|Taunt|p2a: Chandelure\n|-start|p2a: Chandelure|move: Taunt\n|move|p2a: Chandelure|Shadow Ball|p1a: Heat\n|-damage|p1a: Heat|0 fnt\n|faint|p1a: Heat\n|\n|-heal|p2a: Chandelure|47\/100|[from] item: Leftovers\n|upkeep\n|\n|t:|1700791265\n|switch|p1a: Red Rimmed Otter|Samurott-Hisui, M|100\/100\n|turn|11\n|\n|t:|1700791269\n|move|p1a: Red Rimmed Otter|Ceaseless Edge|p2a: Chandelure\n|-damage|p2a: Chandelure|14\/100\n|-sidestart|p2: d8nny|Spikes\n|move|p2a: Chandelure|Flamethrower|p1a: Red Rimmed Otter\n|-resisted|p1a: Red Rimmed Otter\n|-damage|p1a: Red Rimmed Otter|34\/100\n|\n|-heal|p2a: Chandelure|20\/100|[from] item: Leftovers\n|upkeep\n|turn|12\n|\n|t:|1700791283\n|move|p1a: Red Rimmed Otter|Ceaseless Edge|p2a: Chandelure\n|-damage|p2a: Chandelure|0 fnt\n|-sidestart|p2: d8nny|Spikes\n|faint|p2a: Chandelure\n|\n|upkeep\n|\n|t:|1700791289\n|switch|p2a: Muk|Muk-Alola, M|100\/100\n|-damage|p2a: Muk|84\/100|[from] Spikes\n|turn|13\n|\n|t:|1700791315\n|move|p1a: Red Rimmed Otter|Ceaseless Edge|p2a: Muk\n|-resisted|p2a: Muk\n|-damage|p2a: Muk|60\/100\n|-sidestart|p2: d8nny|Spikes\n|move|p2a: Muk|Poison Jab|p1a: Red Rimmed Otter\n|-damage|p1a: Red Rimmed Otter|0 fnt\n|faint|p1a: Red Rimmed Otter\n|\n|upkeep\n|\n|t:|1700791321\n|switch|p1a: Al|Ninetales-Alola, M|74\/100\n|-weather|Snow|[from] ability: Snow Warning|[of] p1a: Al\n|turn|14\n|\n|t:|1700791323\n|move|p1a: Al|Aurora Veil|p1a: Al\n|-sidestart|p1: Gigachadium Z|move: Aurora Veil\n|move|p2a: Muk|Poison Jab|p1a: Al\n|-supereffective|p1a: Al\n|-damage|p1a: Al|35\/100\n|-status|p1a: Al|psn|[from] ability: Poison Touch|[of] p2a: Muk\n|\n|-weather|Snow|[upkeep]\n|-damage|p1a: Al|23\/100 psn|[from] psn\n|upkeep\n|turn|15\n|\n|t:|1700791332\n|switch|p1a: Magnum Condo|Gholdengo|100\/100\n|-item|p1a: Magnum Condo|Air Balloon\n|move|p2a: Muk|Poison Jab|p1a: Magnum Condo\n|-immune|p1a: Magnum Condo\n|\n|-weather|Snow|[upkeep]\n|upkeep\n|turn|16\n|\n|t:|1700791335\n|move|p1a: Magnum Condo|Make It Rain|p2a: Muk\n|-damage|p2a: Muk|11\/100\n|-unboost|p1a: Magnum Condo|spa|1\n|move|p2a: Muk|Knock Off|p1a: Magnum Condo\n|-supereffective|p1a: Magnum Condo\n|-damage|p1a: Magnum Condo|35\/100\n|-enditem|p1a: Magnum Condo|Air Balloon\n|\n|-weather|Snow|[upkeep]\n|upkeep\n|turn|17\n|\n|t:|1700791344\n|move|p1a: Magnum Condo|Make It Rain|p2a: Muk\n|-damage|p2a: Muk|0 fnt\n|-unboost|p1a: Magnum Condo|spa|1\n|faint|p2a: Muk\n|\n|-weather|Snow|[upkeep]\n|upkeep\n|\n|t:|1700791348\n|switch|p2a: Rotom|Rotom-Wash|100\/100\n|turn|18\n|\n|t:|1700791353\n|switch|p1a: Manny Hoes|Great Tusk|100\/100\n|-enditem|p1a: Manny Hoes|Booster Energy\n|-activate|p1a: Manny Hoes|ability: Protosynthesis|[fromitem]\n|-start|p1a: Manny Hoes|protosynthesisatk\n|move|p2a: Rotom|Nasty Plot|p2a: Rotom\n|-boost|p2a: Rotom|spa|2\n|\n|-weather|none\n|upkeep\n|turn|19\n|\n|t:|1700791358\n|-end|p1a: Manny Hoes|Protosynthesis|[silent]\n|switch|p1a: Magnum Condo|Gholdengo|35\/100\n|move|p2a: Rotom|Hydro Pump|p1a: Magnum Condo\n|-damage|p1a: Magnum Condo|0 fnt\n|faint|p1a: Magnum Condo\n|\n|upkeep\n|\n|t:|1700791363\n|switch|p1a: Manny Hoes|Great Tusk|100\/100\n|turn|20\n|\n|t:|1700791366\n|move|p1a: Manny Hoes|Close Combat|p2a: Rotom\n|-damage|p2a: Rotom|37\/100\n|-unboost|p1a: Manny Hoes|def|1\n|-unboost|p1a: Manny Hoes|spd|1\n|move|p2a: Rotom|Hydro Pump|p1a: Manny Hoes\n|-supereffective|p1a: Manny Hoes\n|-damage|p1a: Manny Hoes|0 fnt\n|faint|p1a: Manny Hoes\n|-end|p1a: Manny Hoes|Protosynthesis|[silent]\n|\n|upkeep\n|\n|t:|1700791371\n|switch|p1a: Al|Ninetales-Alola, M|23\/100 psn\n|-weather|Snow|[from] ability: Snow Warning|[of] p1a: Al\n|turn|21\n|\n|t:|1700791374\n|move|p1a: Al|Freeze-Dry|p2a: Rotom\n|-supereffective|p2a: Rotom\n|-damage|p2a: Rotom|0 fnt\n|faint|p2a: Rotom\n|\n|-weather|Snow|[upkeep]\n|-damage|p1a: Al|10\/100 psn|[from] psn\n|-sideend|p1: Gigachadium Z|move: Aurora Veil\n|upkeep\n|\n|t:|1700791379\n|switch|p2a: Chesnaught|Chesnaught, F|100\/100\n|-damage|p2a: Chesnaught|75\/100|[from] Spikes\n|turn|22\n|\n|t:|1700791384\n|move|p1a: Al|Aurora Veil|p1a: Al\n|-sidestart|p1: Gigachadium Z|move: Aurora Veil\n|move|p2a: Chesnaught|Substitute|p2a: Chesnaught\n|-start|p2a: Chesnaught|Substitute\n|-damage|p2a: Chesnaught|50\/100\n|\n|-weather|Snow|[upkeep]\n|-damage|p1a: Al|0 fnt|[from] psn\n|faint|p1a: Al\n|upkeep\n|\n|t:|1700791387\n|switch|p1a: Nighthawk|Moltres-Galar|100\/100\n|turn|23\n|\n|t:|1700791391\n|move|p1a: Nighthawk|Nasty Plot|p1a: Nighthawk\n|-boost|p1a: Nighthawk|spa|2\n|move|p2a: Chesnaught|Leech Seed|p1a: Nighthawk\n|-start|p1a: Nighthawk|move: Leech Seed\n|\n|-weather|Snow|[upkeep]\n|-damage|p1a: Nighthawk|88\/100|[from] Leech Seed|[of] p2a: Chesnaught\n|-heal|p2a: Chesnaught|64\/100|[silent]\n|upkeep\n|turn|24\n|\n|t:|1700791396\n|move|p2a: Chesnaught|Spiky Shield|p2a: Chesnaught\n|-singleturn|p2a: Chesnaught|move: Protect\n|move|p1a: Nighthawk|Agility|p1a: Nighthawk\n|-boost|p1a: Nighthawk|spe|2\n|\n|-weather|Snow|[upkeep]\n|-damage|p1a: Nighthawk|76\/100|[from] Leech Seed|[of] p2a: Chesnaught\n|-heal|p2a: Chesnaught|78\/100|[silent]\n|upkeep\n|turn|25\n|\n|t:|1700791400\n|-terastallize|p1a: Nighthawk|Fairy\n|move|p1a: Nighthawk|Tera Blast|p2a: Chesnaught|[anim] Tera Blast Fairy\n|-supereffective|p2a: Chesnaught\n|-end|p2a: Chesnaught|Substitute\n|move|p2a: Chesnaught|Substitute|p2a: Chesnaught\n|-start|p2a: Chesnaught|Substitute\n|-damage|p2a: Chesnaught|53\/100\n|\n|-weather|none\n|-damage|p1a: Nighthawk|63\/100|[from] Leech Seed|[of] p2a: Chesnaught\n|-heal|p2a: Chesnaught|67\/100|[silent]\n|upkeep\n|turn|26\n|\n|t:|1700791407\n|move|p2a: Chesnaught|Spiky Shield|p2a: Chesnaught\n|-singleturn|p2a: Chesnaught|move: Protect\n|move|p1a: Nighthawk|Agility|p1a: Nighthawk\n|-boost|p1a: Nighthawk|spe|2\n|\n|-damage|p1a: Nighthawk|51\/100|[from] Leech Seed|[of] p2a: Chesnaught\n|-heal|p2a: Chesnaught|80\/100|[silent]\n|upkeep\n|turn|27\n|\n|t:|1700791410\n|move|p1a: Nighthawk|Tera Blast|p2a: Chesnaught|[anim] Tera Blast Fairy\n|-supereffective|p2a: Chesnaught\n|-end|p2a: Chesnaught|Substitute\n|move|p2a: Chesnaught|Substitute|p2a: Chesnaught\n|-start|p2a: Chesnaught|Substitute\n|-damage|p2a: Chesnaught|55\/100\n|\n|-damage|p1a: Nighthawk|38\/100|[from] Leech Seed|[of] p2a: Chesnaught\n|-heal|p2a: Chesnaught|69\/100|[silent]\n|upkeep\n|-enditem|p1a: Nighthawk|Sitrus Berry|[eat]\n|-heal|p1a: Nighthawk|63\/100|[from] item: Sitrus Berry\n|turn|28\n|\n|t:|1700791416\n|move|p2a: Chesnaught|Spiky Shield|p2a: Chesnaught\n|-singleturn|p2a: Chesnaught|move: Protect\n|move|p1a: Nighthawk|Tera Blast|p2a: Chesnaught|[anim] Tera Blast Fairy\n|-activate|p2a: Chesnaught|move: Protect\n|\n|-damage|p1a: Nighthawk|51\/100|[from] Leech Seed|[of] p2a: Chesnaught\n|-heal|p2a: Chesnaught|83\/100|[silent]\n|upkeep\n|turn|29\n|\n|t:|1700791421\n|move|p1a: Nighthawk|Tera Blast|p2a: Chesnaught|[anim] Tera Blast Fairy\n|-supereffective|p2a: Chesnaught\n|-end|p2a: Chesnaught|Substitute\n|move|p2a: Chesnaught|Substitute|p2a: Chesnaught\n|-start|p2a: Chesnaught|Substitute\n|-damage|p2a: Chesnaught|58\/100\n|\n|-damage|p1a: Nighthawk|38\/100|[from] Leech Seed|[of] p2a: Chesnaught\n|-heal|p2a: Chesnaught|71\/100|[silent]\n|-sideend|p1: Gigachadium Z|move: Aurora Veil\n|upkeep\n|turn|30\n|c|\u2606Gigachadium Z|nerd\n|-message|Gigachadium Z forfeited.\n|\n|win|d8nny\n|raw|Gigachadium Z's rating: 1303 &rarr; <strong>1286<\/strong><br \/>(-17 for losing)\n|raw|d8nny's rating: 1361 &rarr; <strong>1378<\/strong><br \/>(+17 for winning)\n|l|\u2606Gigachadium Z\n","uploadtime":1700791471,"views":4,"p1id":"gigachadiumz","p2id":"d8nny","formatid":"gen9ou","rating":1286,"private":0,"password":""}