{"id":"gen9ou-1992095271","p1":"grass knot zygarde","p2":"maybe6533","format":"[Gen 9] OU","log":"|j|\u2606grass knot zygarde\n|j|\u2606maybe6533\n|t:|1700154679\n|gametype|singles\n|player|p1|grass knot zygarde|dawn|\n|player|p2|maybe6533|hilbert|\n|teamsize|p1|6\n|teamsize|p2|6\n|gen|9\n|tier|[Gen 9] OU\n|rule|Sleep Clause Mod: Limit one foe put to sleep\n|rule|Species Clause: Limit one of each Pok\u00e9mon\n|rule|OHKO Clause: OHKO moves are banned\n|rule|Evasion Items Clause: Evasion items are banned\n|rule|Evasion Moves Clause: Evasion moves are banned\n|rule|Endless Battle Clause: Forcing endless battles is banned\n|rule|HP Percentage Mod: HP is shown in percentages\n|clearpoke\n|poke|p1|Ting-Lu|\n|poke|p1|Gholdengo|\n|poke|p1|Toxapex, F|\n|poke|p1|Dragonite, M|\n|poke|p1|Iron Valiant|\n|poke|p1|Great Tusk|\n|poke|p2|Scizor, F|\n|poke|p2|Great Tusk|\n|poke|p2|Ting-Lu|\n|poke|p2|Rotom-Wash|\n|poke|p2|Ceruledge, F|\n|poke|p2|Corviknight, F|\n|teampreview\n|inactive|Battle timer is ON: inactive players will automatically lose when time's up. (requested by grass knot zygarde)\n|inactive|maybe6533 also wants the timer to be on.\n|c|\u2606maybe6533|glhf\n|c|\u2606grass knot zygarde|im sigma.\n|\n|t:|1700154695\n|start\n|switch|p1a: Iron Valiant|Iron Valiant, shiny|100\/100\n|switch|p2a: Ceruledge|Ceruledge, F|100\/100\n|turn|1\n|\n|t:|1700154725\n|switch|p2a: Corviknight|Corviknight, F|100\/100\n|-ability|p2a: Corviknight|Pressure\n|move|p1a: Iron Valiant|Trick|p2a: Corviknight\n|-activate|p1a: Iron Valiant|move: Trick|[of] p2a: Corviknight\n|-item|p2a: Corviknight|Choice Specs|[from] move: Trick\n|-item|p1a: Iron Valiant|Rocky Helmet|[from] move: Trick\n|\n|upkeep\n|turn|2\n|\n|t:|1700154740\n|-end|p1a: Iron Valiant|Quark Drive|[silent]\n|switch|p1a: Gholdengo|Gholdengo, shiny|100\/100\n|move|p2a: Corviknight|Brave Bird|p1a: Gholdengo\n|-resisted|p1a: Gholdengo\n|-damage|p1a: Gholdengo|85\/100\n|-damage|p2a: Corviknight|96\/100|[from] Recoil\n|\n|-heal|p1a: Gholdengo|91\/100|[from] item: Leftovers\n|upkeep\n|turn|3\n|\n|t:|1700154753\n|switch|p2a: Scizor|Scizor, F|100\/100\n|move|p1a: Gholdengo|Nasty Plot|p1a: Gholdengo\n|-boost|p1a: Gholdengo|spa|2\n|\n|-heal|p1a: Gholdengo|98\/100|[from] item: Leftovers\n|upkeep\n|turn|4\n|inactive|maybe6533 has 270 seconds left.\n|\n|t:|1700154774\n|move|p1a: Gholdengo|Shadow Ball|p2a: Scizor\n|-damage|p2a: Scizor|12\/100\n|move|p2a: Scizor|U-turn|p1a: Gholdengo\n|-resisted|p1a: Gholdengo\n|-crit|p1a: Gholdengo\n|-damage|p1a: Gholdengo|83\/100\n|-damage|p2a: Scizor|3\/100|[from] item: Life Orb\n|\n|t:|1700154778\n|switch|p2a: Ting-Lu|Ting-Lu|100\/100|[from] U-turn\n|-ability|p2a: Ting-Lu|Vessel of Ruin\n|\n|-heal|p1a: Gholdengo|89\/100|[from] item: Leftovers\n|upkeep\n|turn|5\n|c|\u2606grass knot zygarde|orgh\n|\n|t:|1700154792\n|switch|p1a: Ting-Lu|Ting-Lu|100\/100\n|-ability|p1a: Ting-Lu|Vessel of Ruin\n|move|p2a: Ting-Lu|Earthquake|p1a: Ting-Lu\n|-damage|p1a: Ting-Lu|78\/100\n|\n|-heal|p1a: Ting-Lu|85\/100|[from] item: Leftovers\n|upkeep\n|turn|6\n|\n|t:|1700154796\n|move|p2a: Ting-Lu|Taunt|p1a: Ting-Lu\n|-start|p1a: Ting-Lu|move: Taunt\n|cant|p1a: Ting-Lu|move: Taunt|Spikes\n|\n|-heal|p1a: Ting-Lu|91\/100|[from] item: Leftovers\n|upkeep\n|turn|7\n|c|\u2606grass knot zygarde|not cool bro\n|\n|t:|1700154815\n|switch|p1a: Iron Valiant|Iron Valiant, shiny|100\/100\n|move|p2a: Ting-Lu|Spikes|p1a: Iron Valiant\n|-sidestart|p1: grass knot zygarde|Spikes\n|\n|upkeep\n|turn|8\n|\n|t:|1700154826\n|switch|p2a: Scizor|Scizor, F|3\/100\n|move|p1a: Iron Valiant|Moonblast|p2a: Scizor\n|-resisted|p2a: Scizor\n|-damage|p2a: Scizor|0 fnt\n|faint|p2a: Scizor\n|\n|upkeep\n|\n|t:|1700154839\n|switch|p2a: Great Tusk|Great Tusk|100\/100\n|turn|9\n|\n|t:|1700154850\n|move|p1a: Iron Valiant|Moonblast|p2a: Great Tusk\n|-supereffective|p2a: Great Tusk\n|-damage|p2a: Great Tusk|0 fnt\n|faint|p2a: Great Tusk\n|-end|p2a: Great Tusk|Protosynthesis|[silent]\n|\n|upkeep\n|c|\u2606maybe6533|i don't have anything for this shi\n|\n|t:|1700154864\n|switch|p2a: Rotom|Rotom-Wash|100\/100\n|turn|10\n|\n|t:|1700154871\n|move|p1a: Iron Valiant|Moonblast|p2a: Rotom\n|-damage|p2a: Rotom|52\/100\n|-unboost|p2a: Rotom|spa|1\n|move|p2a: Rotom|Hydro Pump|p1a: Iron Valiant|[miss]\n|-miss|p2a: Rotom|p1a: Iron Valiant\n|\n|upkeep\n|turn|11\n|c|\u2606maybe6533|WOW\n|c|\u2606grass knot zygarde|lol\n|\n|t:|1700154884\n|switch|p2a: Corviknight|Corviknight, F|96\/100\n|-ability|p2a: Corviknight|Pressure\n|move|p1a: Iron Valiant|Moonblast|p2a: Corviknight\n|-resisted|p2a: Corviknight\n|-damage|p2a: Corviknight|73\/100\n|\n|upkeep\n|turn|12\n|\n|t:|1700154890\n|move|p1a: Iron Valiant|Thunderbolt|p2a: Corviknight\n|-supereffective|p2a: Corviknight\n|-damage|p2a: Corviknight|16\/100\n|-status|p2a: Corviknight|par\n|move|p2a: Corviknight|Brave Bird|p1a: Iron Valiant\n|-supereffective|p1a: Iron Valiant\n|-damage|p1a: Iron Valiant|11\/100\n|-damage|p2a: Corviknight|0 fnt|[from] item: Rocky Helmet|[of] p1a: Iron Valiant\n|faint|p2a: Corviknight\n|\n|upkeep\n|\n|t:|1700154901\n|switch|p2a: Ceruledge|Ceruledge, F|100\/100\n|turn|13\n|\n|t:|1700154911\n|move|p2a: Ceruledge|Shadow Sneak|p1a: Iron Valiant\n|-crit|p1a: Iron Valiant\n|-damage|p1a: Iron Valiant|0 fnt\n|-damage|p2a: Ceruledge|84\/100|[from] item: Rocky Helmet|[of] p1a: Iron Valiant\n|faint|p1a: Iron Valiant\n|-end|p1a: Iron Valiant|Quark Drive|[silent]\n|\n|upkeep\n|\n|t:|1700154925\n|switch|p1a: Dragonite|Dragonite, M, shiny|100\/100\n|turn|14\n|\n|t:|1700154943\n|switch|p2a: Rotom|Rotom-Wash|52\/100\n|move|p1a: Dragonite|Dragon Dance|p1a: Dragonite\n|-boost|p1a: Dragonite|atk|1\n|-boost|p1a: Dragonite|spe|1\n|\n|upkeep\n|turn|15\n|\n|t:|1700154955\n|move|p1a: Dragonite|Extreme Speed|p2a: Rotom\n|-damage|p2a: Rotom|12\/100\n|move|p2a: Rotom|Volt Switch|p1a: Dragonite\n|-damage|p1a: Dragonite|72\/100\n|\n|t:|1700154962\n|switch|p2a: Ting-Lu|Ting-Lu|100\/100|[from] Volt Switch\n|-ability|p2a: Ting-Lu|Vessel of Ruin\n|\n|upkeep\n|turn|16\n|\n|t:|1700154968\n|move|p1a: Dragonite|Earthquake|p2a: Ting-Lu\n|-damage|p2a: Ting-Lu|70\/100\n|move|p2a: Ting-Lu|Ruination|p1a: Dragonite\n|-damage|p1a: Dragonite|36\/100\n|\n|upkeep\n|turn|17\n|\n|t:|1700154977\n|move|p1a: Dragonite|Dragon Dance|p1a: Dragonite\n|-boost|p1a: Dragonite|atk|1\n|-boost|p1a: Dragonite|spe|1\n|move|p2a: Ting-Lu|Spikes|p1a: Dragonite\n|-sidestart|p1: grass knot zygarde|Spikes\n|\n|upkeep\n|turn|18\n|\n|t:|1700154983\n|move|p1a: Dragonite|Earthquake|p2a: Ting-Lu\n|-damage|p2a: Ting-Lu|36\/100\n|move|p2a: Ting-Lu|Taunt|p1a: Dragonite\n|-start|p1a: Dragonite|move: Taunt\n|\n|upkeep\n|turn|19\n|\n|t:|1700154986\n|-terastallize|p1a: Dragonite|Normal\n|move|p1a: Dragonite|Extreme Speed|p2a: Ting-Lu\n|-damage|p2a: Ting-Lu|0 fnt\n|faint|p2a: Ting-Lu\n|\n|upkeep\n|c|\u2606grass knot zygarde|gg\n|c|\u2606maybe6533|shit\n|\n|t:|1700155004\n|switch|p2a: Ceruledge|Ceruledge, F|84\/100\n|turn|20\n|\n|t:|1700155010\n|move|p1a: Dragonite|Earthquake|p2a: Ceruledge\n|-supereffective|p2a: Ceruledge\n|-damage|p2a: Ceruledge|0 fnt\n|faint|p2a: Ceruledge\n|\n|upkeep\n|\n|t:|1700155013\n|switch|p2a: Rotom|Rotom-Wash|12\/100\n|turn|21\n|\n|t:|1700155017\n|move|p1a: Dragonite|Extreme Speed|p2a: Rotom\n|-damage|p2a: Rotom|0 fnt\n|faint|p2a: Rotom\n|\n|win|grass knot zygarde\n|c|\u2606maybe6533|gg\n|c|\u2606maybe6533|wp\n","uploadtime":1700155024,"views":7,"p1id":"grassknotzygarde","p2id":"maybe6533","formatid":"gen9ou","rating":0,"private":0,"password":""}