{"id":"gen9ou-1990468772","p1":"tap babies","p2":"dragonbrrr","format":"[Gen 9] OU","log":"|j|\u2606tap babies\n|j|\u2606dragonbrrr\n|t:|1699973816\n|gametype|singles\n|player|p1|tap babies|169|1355\n|player|p2|dragonbrrr|unknownf|1358\n|teamsize|p1|6\n|teamsize|p2|6\n|gen|9\n|tier|[Gen 9] OU\n|rated|\n|rule|Sleep Clause Mod: Limit one foe put to sleep\n|rule|Species Clause: Limit one of each Pok\u00e9mon\n|rule|OHKO Clause: OHKO moves are banned\n|rule|Evasion Items Clause: Evasion items are banned\n|rule|Evasion Moves Clause: Evasion moves are banned\n|rule|Endless Battle Clause: Forcing endless battles is banned\n|rule|HP Percentage Mod: HP is shown in percentages\n|clearpoke\n|poke|p1|Cinderace, M|\n|poke|p1|Zapdos|\n|poke|p1|Ogerpon-Wellspring, F|\n|poke|p1|Slowking-Galar, M|\n|poke|p1|Ting-Lu|\n|poke|p1|Dondozo, F|\n|poke|p2|Landorus-Therian, M|\n|poke|p2|Clefable, F|\n|poke|p2|Gholdengo|\n|poke|p2|Samurott-Hisui, M|\n|poke|p2|Iron Moth|\n|poke|p2|Maushold|\n|teampreview\n|inactive|Battle timer is ON: inactive players will automatically lose when time's up. (requested by tap babies)\n|\n|t:|1699973825\n|start\n|switch|p1a: Ogerpon|Ogerpon-Wellspring, F|100\/100\n|switch|p2a: Landorus|Landorus-Therian, M|100\/100\n|-ability|p2a: Landorus|Intimidate|boost\n|-unboost|p1a: Ogerpon|atk|1\n|turn|1\n|\n|t:|1699973838\n|switch|p2a: Gholdengo|Gholdengo|100\/100\n|move|p1a: Ogerpon|Knock Off|p2a: Gholdengo\n|-supereffective|p2a: Gholdengo\n|-damage|p2a: Gholdengo|65\/100\n|-enditem|p2a: Gholdengo|Leftovers|[from] move: Knock Off|[of] p1a: Ogerpon\n|\n|upkeep\n|turn|2\n|\n|t:|1699973847\n|switch|p1a: Ting-Lu|Ting-Lu|100\/100\n|-ability|p1a: Ting-Lu|Vessel of Ruin\n|move|p2a: Gholdengo|Recover|p2a: Gholdengo\n|-heal|p2a: Gholdengo|100\/100\n|\n|upkeep\n|turn|3\n|\n|t:|1699973850\n|switch|p2a: Landorus|Landorus-Therian, M|100\/100\n|-ability|p2a: Landorus|Intimidate|boost\n|-unboost|p1a: Ting-Lu|atk|1\n|move|p1a: Ting-Lu|Stealth Rock|p2a: Landorus\n|-sidestart|p2: dragonbrrr|move: Stealth Rock\n|\n|upkeep\n|turn|4\n|\n|t:|1699973856\n|switch|p1a: Ogerpon|Ogerpon-Wellspring, F|100\/100\n|move|p2a: Landorus|Taunt|p1a: Ogerpon\n|-start|p1a: Ogerpon|move: Taunt\n|\n|upkeep\n|turn|5\n|\n|t:|1699973863\n|switch|p2a: Gholdengo|Gholdengo|100\/100\n|-damage|p2a: Gholdengo|94\/100|[from] Stealth Rock\n|move|p1a: Ogerpon|Ivy Cudgel|p2a: Gholdengo|[anim] Ivy Cudgel Water\n|-damage|p2a: Gholdengo|56\/100\n|\n|upkeep\n|turn|6\n|\n|t:|1699973877\n|-terastallize|p1a: Ogerpon|Water\n|detailschange|p1a: Ogerpon|Ogerpon-Wellspring-Tera, F, tera:Water\n|-ability|p1a: Ogerpon|Embody Aspect (Wellspring)|boost\n|-boost|p1a: Ogerpon|spd|1\n|move|p1a: Ogerpon|Ivy Cudgel|p2a: Gholdengo|[anim] Ivy Cudgel Water\n|-damage|p2a: Gholdengo|6\/100\n|move|p2a: Gholdengo|Recover|p2a: Gholdengo\n|-heal|p2a: Gholdengo|56\/100\n|\n|-end|p1a: Ogerpon|move: Taunt\n|upkeep\n|turn|7\n|inactive|dragonbrrr has 120 seconds left.\n|\n|t:|1699973929\n|move|p1a: Ogerpon|Ivy Cudgel|p2a: Gholdengo|[anim] Ivy Cudgel Water\n|-crit|p2a: Gholdengo\n|-damage|p2a: Gholdengo|0 fnt\n|faint|p2a: Gholdengo\n|\n|upkeep\n|\n|t:|1699973933\n|switch|p2a: Landorus|Landorus-Therian, M|100\/100\n|-damage|p2a: Landorus|88\/100|[from] Stealth Rock\n|-ability|p2a: Landorus|Intimidate|boost\n|-unboost|p1a: Ogerpon|atk|1\n|turn|8\n|\n|t:|1699973947\n|switch|p1a: Zapdos|Zapdos|100\/100\n|-terastallize|p2a: Landorus|Water\n|move|p2a: Landorus|Earthquake|p1a: Zapdos\n|-immune|p1a: Zapdos\n|\n|-heal|p2a: Landorus|94\/100|[from] item: Leftovers\n|upkeep\n|turn|9\n|\n|t:|1699973953\n|switch|p2a: Iron Moth|Iron Moth|100\/100\n|-damage|p2a: Iron Moth|76\/100|[from] Stealth Rock\n|-enditem|p2a: Iron Moth|Booster Energy\n|-activate|p2a: Iron Moth|ability: Quark Drive|[fromitem]\n|-start|p2a: Iron Moth|quarkdrivespe\n|move|p1a: Zapdos|Volt Switch|p2a: Iron Moth\n|-damage|p2a: Iron Moth|44\/100\n|\n|t:|1699973960\n|switch|p1a: Ting-Lu|Ting-Lu|100\/100|[from] Volt Switch\n|-ability|p1a: Ting-Lu|Vessel of Ruin\n|\n|upkeep\n|turn|10\n|\n|t:|1699973965\n|move|p2a: Iron Moth|Substitute|p2a: Iron Moth\n|-start|p2a: Iron Moth|Substitute\n|-damage|p2a: Iron Moth|19\/100\n|move|p1a: Ting-Lu|Earthquake|p2a: Iron Moth\n|-supereffective|p2a: Iron Moth\n|-end|p2a: Iron Moth|Substitute\n|\n|upkeep\n|turn|11\n|\n|t:|1699973978\n|-end|p2a: Iron Moth|Quark Drive|[silent]\n|switch|p2a: Samurott|Samurott-Hisui, M|100\/100\n|-damage|p2a: Samurott|88\/100|[from] Stealth Rock\n|move|p1a: Ting-Lu|Earthquake|p2a: Samurott\n|-damage|p2a: Samurott|43\/100\n|\n|upkeep\n|turn|12\n|\n|t:|1699973990\n|move|p2a: Samurott|Ceaseless Edge|p1a: Ting-Lu\n|-resisted|p1a: Ting-Lu\n|-damage|p1a: Ting-Lu|88\/100\n|-sidestart|p1: tap babies|Spikes\n|move|p1a: Ting-Lu|Earthquake|p2a: Samurott\n|-damage|p2a: Samurott|0 fnt\n|faint|p2a: Samurott\n|\n|-heal|p1a: Ting-Lu|94\/100|[from] item: Leftovers\n|upkeep\n|\n|t:|1699973998\n|switch|p2a: Landorus|Landorus-Therian, M, tera:Water|94\/100\n|-damage|p2a: Landorus|82\/100|[from] Stealth Rock\n|-ability|p2a: Landorus|Intimidate|boost\n|-unboost|p1a: Ting-Lu|atk|1\n|turn|13\n|\n|t:|1699974005\n|switch|p1a: Zapdos|Zapdos|100\/100\n|move|p2a: Landorus|U-turn|p1a: Zapdos\n|-resisted|p1a: Zapdos\n|-damage|p1a: Zapdos|91\/100\n|-status|p2a: Landorus|par|[from] ability: Static|[of] p1a: Zapdos\n|\n|t:|1699974009\n|switch|p2a: Clefable|Clefable, F|100\/100|[from] U-turn\n|\n|upkeep\n|turn|14\n|\n|t:|1699974014\n|move|p1a: Zapdos|Thunder Wave|p2a: Clefable\n|-status|p2a: Clefable|par\n|move|p2a: Clefable|Moonblast|p1a: Zapdos\n|-damage|p1a: Zapdos|50\/100\n|-unboost|p1a: Zapdos|spa|1\n|\n|upkeep\n|turn|15\n|\n|t:|1699974018\n|move|p1a: Zapdos|Roost|p1a: Zapdos\n|-heal|p1a: Zapdos|100\/100\n|-singleturn|p1a: Zapdos|move: Roost\n|move|p2a: Clefable|Moonblast|p1a: Zapdos\n|-damage|p1a: Zapdos|58\/100\n|\n|upkeep\n|turn|16\n|\n|t:|1699974020\n|move|p1a: Zapdos|Roost|p1a: Zapdos\n|-heal|p1a: Zapdos|100\/100\n|-singleturn|p1a: Zapdos|move: Roost\n|cant|p2a: Clefable|par\n|\n|upkeep\n|turn|17\n|\n|t:|1699974023\n|move|p1a: Zapdos|Volt Switch|p2a: Clefable\n|-damage|p2a: Clefable|85\/100 par\n|\n|t:|1699974025\n|switch|p1a: Slowking|Slowking-Galar, M|100\/100|[from] Volt Switch\n|cant|p2a: Clefable|par\n|\n|upkeep\n|turn|18\n|\n|t:|1699974029\n|move|p1a: Slowking|Sludge Bomb|p2a: Clefable\n|-supereffective|p2a: Clefable\n|-damage|p2a: Clefable|37\/100 par\n|cant|p2a: Clefable|par\n|\n|upkeep\n|turn|19\n|c|\u2606dragonbrrr|:(\n|\n|t:|1699974042\n|move|p1a: Slowking|Sludge Bomb|p2a: Clefable\n|-supereffective|p2a: Clefable\n|-damage|p2a: Clefable|0 fnt\n|faint|p2a: Clefable\n|\n|upkeep\n|\n|t:|1699974047\n|switch|p2a: Landorus|Landorus-Therian, M, tera:Water|82\/100 par\n|-damage|p2a: Landorus|69\/100 par|[from] Stealth Rock\n|-ability|p2a: Landorus|Intimidate|boost\n|-unboost|p1a: Slowking|atk|1\n|turn|20\n|\n|t:|1699974051\n|switch|p1a: Zapdos|Zapdos|100\/100\n|cant|p2a: Landorus|par\n|\n|-heal|p2a: Landorus|75\/100 par|[from] item: Leftovers\n|upkeep\n|turn|21\n|c|\u2606dragonbrrr|:(\n|\n|t:|1699974063\n|move|p1a: Zapdos|Volt Switch|p2a: Landorus\n|-supereffective|p2a: Landorus\n|-damage|p2a: Landorus|2\/100 par\n|c|\u2606tap babies|Sadge\n|\n|t:|1699974073\n|switch|p1a: Slowking|Slowking-Galar, M|100\/100|[from] Volt Switch\n|move|p2a: Landorus|U-turn|p1a: Slowking\n|-damage|p1a: Slowking|83\/100\n|c|\u2606dragonbrrr|Spdef evs\n|c|\u2606dragonbrrr|but they dont matter\n|\n|t:|1699974086\n|switch|p2a: Iron Moth|Iron Moth|19\/100|[from] U-turn\n|-damage|p2a: Iron Moth|0 fnt|[from] Stealth Rock\n|faint|p2a: Iron Moth\n|-end|p2a: Iron Moth|Quark Drive|[silent]\n|\n|upkeep\n|\n|t:|1699974088\n|switch|p2a: Maushold|Maushold|100\/100\n|-damage|p2a: Maushold|88\/100|[from] Stealth Rock\n|turn|22\n|\n|t:|1699974100\n|move|p2a: Maushold|Tidy Up|p2a: Maushold\n|-sideend|p2: dragonbrrr|Stealth Rock\n|-sideend|p1: tap babies|Spikes\n|-activate|p2a: Maushold|move: Tidy Up\n|-boost|p2a: Maushold|atk|1\n|-boost|p2a: Maushold|spe|1\n|move|p1a: Slowking|Sludge Bomb|p2a: Maushold\n|-damage|p2a: Maushold|40\/100\n|-status|p2a: Maushold|psn\n|\n|-damage|p2a: Maushold|28\/100 psn|[from] psn\n|upkeep\n|turn|23\n|\n|t:|1699974108\n|move|p2a: Maushold|Population Bomb|p1a: Slowking\n|-damage|p1a: Slowking|71\/100\n|-damage|p1a: Slowking|60\/100\n|-damage|p1a: Slowking|47\/100\n|-damage|p1a: Slowking|35\/100\n|-damage|p1a: Slowking|22\/100\n|-damage|p1a: Slowking|8\/100\n|-damage|p1a: Slowking|0 fnt\n|faint|p1a: Slowking\n|-hitcount|p1: Slowking|7\n|\n|-damage|p2a: Maushold|15\/100 psn|[from] psn\n|upkeep\n|\n|t:|1699974112\n|switch|p1a: Dondozo|Dondozo, F|100\/100\n|turn|24\n|\n|t:|1699974117\n|move|p2a: Maushold|Population Bomb|p1a: Dondozo\n|-crit|p1a: Dondozo\n|-damage|p1a: Dondozo|93\/100\n|-damage|p1a: Dondozo|88\/100\n|-damage|p1a: Dondozo|83\/100\n|-damage|p1a: Dondozo|77\/100\n|-damage|p1a: Dondozo|72\/100\n|-damage|p1a: Dondozo|67\/100\n|-damage|p1a: Dondozo|62\/100\n|-damage|p1a: Dondozo|58\/100\n|-damage|p1a: Dondozo|53\/100\n|-damage|p1a: Dondozo|48\/100\n|-hitcount|p1a: Dondozo|10\n|move|p1a: Dondozo|Body Press|p2a: Maushold\n|-supereffective|p2a: Maushold\n|-damage|p2a: Maushold|0 fnt\n|faint|p2a: Maushold\n|\n|upkeep\n|\n|t:|1699974122\n|switch|p2a: Landorus|Landorus-Therian, M, tera:Water|2\/100 par\n|-ability|p2a: Landorus|Intimidate|boost\n|-unboost|p1a: Dondozo|atk|1\n|turn|25\n|\n|t:|1699974125\n|move|p2a: Landorus|Earthquake|p1a: Dondozo\n|-damage|p1a: Dondozo|28\/100\n|move|p1a: Dondozo|Body Press|p2a: Landorus\n|-damage|p2a: Landorus|0 fnt\n|faint|p2a: Landorus\n|\n|win|tap babies\n|raw|tap babies's rating: 1355 &rarr; <strong>1375<\/strong><br \/>(+20 for winning)\n|raw|dragonbrrr's rating: 1358 &rarr; <strong>1338<\/strong><br \/>(-20 for losing)\n|c|\u2606dragonbrrr|Gg\n|c|\u2606tap babies|GG\n|c|\u2606tap babies|\/log tap babies made this room public.\n","uploadtime":1699974137,"views":15,"p1id":"tapbabies","p2id":"dragonbrrr","formatid":"gen9ou","rating":1338,"private":0,"password":""}