{"id":"gen9ou-1994508036","p1":"Master of Ultramar","p2":"CarrotStix","format":"[Gen 9] OU","log":"|j|\u2606Master of Ultramar\n|j|\u2606CarrotStix\n|t:|1700452253\n|gametype|singles\n|player|p1|Master of Ultramar|swimmer-gen4dp|1226\n|player|p2|CarrotStix|beauty|1170\n|teamsize|p1|6\n|teamsize|p2|6\n|gen|9\n|tier|[Gen 9] OU\n|rated|\n|rule|Sleep Clause Mod: Limit one foe put to sleep\n|rule|Species Clause: Limit one of each Pok\u00e9mon\n|rule|OHKO Clause: OHKO moves are banned\n|rule|Evasion Items Clause: Evasion items are banned\n|rule|Evasion Moves Clause: Evasion moves are banned\n|rule|Endless Battle Clause: Forcing endless battles is banned\n|rule|HP Percentage Mod: HP is shown in percentages\n|clearpoke\n|poke|p1|Walking Wake|\n|poke|p1|Maushold-Four|\n|poke|p1|Dragonite, M|\n|poke|p1|Weezing-Galar, M|\n|poke|p1|Great Tusk|\n|poke|p1|Muk-Alola, F|\n|poke|p2|Empoleon, F|\n|poke|p2|Ting-Lu|\n|poke|p2|Gholdengo|\n|poke|p2|Dragonite, M|\n|poke|p2|Cinderace, M|\n|poke|p2|Ribombee, M|\n|teampreview\n|inactive|Battle timer is ON: inactive players will automatically lose when time's up. (requested by Master of Ultramar)\n|\n|t:|1700452263\n|start\n|switch|p1a: Walking Wake|Walking Wake|100\/100\n|switch|p2a: Empoleon|Empoleon, F|100\/100\n|turn|1\n|\n|t:|1700452267\n|move|p1a: Walking Wake|Flip Turn|p2a: Empoleon\n|-resisted|p2a: Empoleon\n|-damage|p2a: Empoleon|91\/100\n|\n|t:|1700452269\n|-end|p1a: Walking Wake|Protosynthesis|[silent]\n|switch|p1a: Muk|Muk-Alola, F|100\/100|[from] Flip Turn\n|move|p2a: Empoleon|Grass Knot|p1a: Muk\n|-resisted|p1a: Muk\n|-damage|p1a: Muk|89\/100\n|\n|-heal|p1a: Muk|95\/100|[from] item: Leftovers\n|upkeep\n|turn|2\n|\n|t:|1700452278\n|switch|p2a: Ting-Lu|Ting-Lu|100\/100\n|-ability|p2a: Ting-Lu|Vessel of Ruin\n|move|p1a: Muk|Knock Off|p2a: Ting-Lu\n|-resisted|p2a: Ting-Lu\n|-damage|p2a: Ting-Lu|94\/100\n|-enditem|p2a: Ting-Lu|Leftovers|[from] move: Knock Off|[of] p1a: Muk\n|\n|-heal|p1a: Muk|100\/100|[from] item: Leftovers\n|upkeep\n|turn|3\n|\n|t:|1700452289\n|switch|p1a: Great Tusk|Great Tusk|100\/100\n|move|p2a: Ting-Lu|Stealth Rock|p1a: Great Tusk\n|-sidestart|p1: Master of Ultramar|move: Stealth Rock\n|\n|upkeep\n|turn|4\n|\n|t:|1700452296\n|switch|p2a: Gholdengo|Gholdengo|100\/100\n|move|p1a: Great Tusk|Stealth Rock|p2a: Gholdengo\n|-sidestart|p2: CarrotStix|move: Stealth Rock\n|\n|upkeep\n|turn|5\n|\n|t:|1700452304\n|move|p2a: Gholdengo|Psychic|p1a: Great Tusk\n|-supereffective|p1a: Great Tusk\n|-damage|p1a: Great Tusk|15\/100\n|move|p1a: Great Tusk|Earthquake|p2a: Gholdengo\n|-supereffective|p2a: Gholdengo\n|-damage|p2a: Gholdengo|1\/100\n|\n|upkeep\n|turn|6\n|\n|t:|1700452312\n|-end|p1a: Great Tusk|Protosynthesis|[silent]\n|switch|p1a: Muk|Muk-Alola, F|100\/100\n|-damage|p1a: Muk|88\/100|[from] Stealth Rock\n|move|p2a: Gholdengo|Dazzling Gleam|p1a: Muk\n|-damage|p1a: Muk|72\/100\n|\n|-heal|p1a: Muk|78\/100|[from] item: Leftovers\n|upkeep\n|turn|7\n|\n|t:|1700452330\n|move|p2a: Gholdengo|Make It Rain|p1a: Muk\n|-damage|p1a: Muk|41\/100\n|-unboost|p2a: Gholdengo|spa|1\n|move|p1a: Muk|Knock Off|p2a: Gholdengo\n|-supereffective|p2a: Gholdengo\n|-damage|p2a: Gholdengo|0 fnt\n|-enditem|p2a: Gholdengo|Assault Vest|[from] move: Knock Off|[of] p1a: Muk\n|faint|p2a: Gholdengo\n|\n|-heal|p1a: Muk|47\/100|[from] item: Leftovers\n|upkeep\n|\n|t:|1700452347\n|switch|p2a: Empoleon|Empoleon, F|91\/100\n|-damage|p2a: Empoleon|85\/100|[from] Stealth Rock\n|turn|8\n|\n|t:|1700452355\n|move|p1a: Muk|Protect|p1a: Muk\n|-singleturn|p1a: Muk|Protect\n|move|p2a: Empoleon|Hydro Pump|p1a: Muk\n|-activate|p1a: Muk|move: Protect\n|\n|-heal|p1a: Muk|54\/100|[from] item: Leftovers\n|upkeep\n|turn|9\n|\n|t:|1700452373\n|move|p2a: Empoleon|Hydro Pump|p1a: Muk\n|-damage|p1a: Muk|5\/100\n|move|p1a: Muk|Knock Off|p2a: Empoleon\n|-damage|p2a: Empoleon|46\/100\n|-enditem|p2a: Empoleon|Choice Specs|[from] move: Knock Off|[of] p1a: Muk\n|\n|-heal|p1a: Muk|11\/100|[from] item: Leftovers\n|upkeep\n|turn|10\n|\n|t:|1700452384\n|move|p2a: Empoleon|Mud-Slap|p1a: Muk\n|-supereffective|p1a: Muk\n|-damage|p1a: Muk|2\/100\n|-unboost|p1a: Muk|accuracy|1\n|move|p1a: Muk|Drain Punch|p2a: Empoleon\n|-supereffective|p2a: Empoleon\n|-damage|p2a: Empoleon|1\/100\n|-heal|p1a: Muk|19\/100|[from] drain|[of] p2a: Empoleon\n|\n|-heal|p1a: Muk|25\/100|[from] item: Leftovers\n|upkeep\n|turn|11\n|\n|t:|1700452396\n|move|p2a: Empoleon|Flash Cannon|p1a: Muk\n|-damage|p1a: Muk|1\/100\n|move|p1a: Muk|Drain Punch|p2a: Empoleon\n|-supereffective|p2a: Empoleon\n|-crit|p2a: Empoleon\n|-damage|p2a: Empoleon|0 fnt\n|-heal|p1a: Muk|1\/100|[from] drain|[of] p2a: Empoleon\n|faint|p2a: Empoleon\n|\n|-heal|p1a: Muk|7\/100|[from] item: Leftovers\n|upkeep\n|\n|t:|1700452407\n|switch|p2a: Dragonite|Dragonite, M|100\/100\n|-damage|p2a: Dragonite|76\/100|[from] Stealth Rock\n|turn|12\n|\n|t:|1700452420\n|switch|p1a: Walking Wake|Walking Wake|100\/100\n|-damage|p1a: Walking Wake|88\/100|[from] Stealth Rock\n|move|p2a: Dragonite|Dragon Dance|p2a: Dragonite\n|-boost|p2a: Dragonite|atk|1\n|-boost|p2a: Dragonite|spe|1\n|\n|-heal|p2a: Dragonite|82\/100|[from] item: Leftovers\n|upkeep\n|turn|13\n|\n|t:|1700452431\n|-terastallize|p2a: Dragonite|Normal\n|move|p2a: Dragonite|Extreme Speed|p1a: Walking Wake\n|-damage|p1a: Walking Wake|8\/100\n|move|p1a: Walking Wake|Draco Meteor|p2a: Dragonite\n|-damage|p2a: Dragonite|18\/100\n|-unboost|p1a: Walking Wake|spa|2\n|\n|-heal|p2a: Dragonite|25\/100|[from] item: Leftovers\n|upkeep\n|turn|14\n|\n|t:|1700452437\n|move|p1a: Walking Wake|Draco Meteor|p2a: Dragonite\n|-damage|p2a: Dragonite|0 fnt\n|-unboost|p1a: Walking Wake|spa|2\n|faint|p2a: Dragonite\n|\n|upkeep\n|\n|t:|1700452446\n|switch|p2a: Ribombee|Ribombee, M|100\/100\n|-damage|p2a: Ribombee|76\/100|[from] Stealth Rock\n|turn|15\n|\n|t:|1700452456\n|-end|p1a: Walking Wake|Protosynthesis|[silent]\n|switch|p1a: Maushold|Maushold-Four|100\/100\n|-damage|p1a: Maushold|88\/100|[from] Stealth Rock\n|move|p2a: Ribombee|Sticky Web|p1a: Maushold\n|-sidestart|p1: Master of Ultramar|move: Sticky Web\n|\n|upkeep\n|turn|16\n|\n|t:|1700452466\n|move|p2a: Ribombee|Moonblast|p1a: Maushold\n|-damage|p1a: Maushold|28\/100\n|move|p1a: Maushold|Tidy Up|p1a: Maushold\n|-sideend|p1: Master of Ultramar|Stealth Rock\n|-sideend|p1: Master of Ultramar|Sticky Web\n|-sideend|p2: CarrotStix|Stealth Rock\n|-activate|p1a: Maushold|move: Tidy Up\n|-boost|p1a: Maushold|atk|1\n|-boost|p1a: Maushold|spe|1\n|\n|upkeep\n|turn|17\n|\n|t:|1700452473\n|move|p1a: Maushold|Population Bomb|p2a: Ribombee\n|-damage|p2a: Ribombee|45\/100\n|-damage|p2a: Ribombee|10\/100\n|-damage|p2a: Ribombee|0 fnt\n|faint|p2a: Ribombee\n|-hitcount|p2: Ribombee|3\n|\n|upkeep\n|\n|t:|1700452478\n|switch|p2a: Ting-Lu|Ting-Lu|94\/100\n|-ability|p2a: Ting-Lu|Vessel of Ruin\n|turn|18\n|\n|t:|1700452488\n|move|p1a: Maushold|Population Bomb|p2a: Ting-Lu\n|-damage|p2a: Ting-Lu|87\/100\n|-damage|p2a: Ting-Lu|80\/100\n|-damage|p2a: Ting-Lu|74\/100\n|-damage|p2a: Ting-Lu|66\/100\n|-damage|p2a: Ting-Lu|60\/100\n|-damage|p2a: Ting-Lu|53\/100\n|-damage|p2a: Ting-Lu|46\/100\n|-damage|p2a: Ting-Lu|39\/100\n|-damage|p2a: Ting-Lu|32\/100\n|-damage|p2a: Ting-Lu|25\/100\n|-hitcount|p2a: Ting-Lu|10\n|move|p2a: Ting-Lu|Earthquake|p1a: Maushold\n|-damage|p1a: Maushold|0 fnt\n|faint|p1a: Maushold\n|\n|upkeep\n|\n|t:|1700452503\n|switch|p1a: Walking Wake|Walking Wake|8\/100\n|turn|19\n|\n|t:|1700452507\n|move|p1a: Walking Wake|Hydro Steam|p2a: Ting-Lu\n|-supereffective|p2a: Ting-Lu\n|-damage|p2a: Ting-Lu|0 fnt\n|faint|p2a: Ting-Lu\n|\n|upkeep\n|\n|t:|1700452509\n|switch|p2a: Cinderace|Cinderace, M|100\/100\n|turn|20\n|\n|t:|1700452518\n|move|p1a: Walking Wake|Hydro Steam|p2a: Cinderace\n|-supereffective|p2a: Cinderace\n|-damage|p2a: Cinderace|0 fnt\n|faint|p2a: Cinderace\n|\n|win|Master of Ultramar\n|raw|Master of Ultramar's rating: 1226 &rarr; <strong>1247<\/strong><br \/>(+21 for winning)\n|raw|CarrotStix's rating: 1170 &rarr; <strong>1149<\/strong><br \/>(-21 for losing)\n|c|\u2606Master of Ultramar|gg\n|c|\u2606CarrotStix|ygg\n","uploadtime":1700452525,"views":26,"p1id":"masterofultramar","p2id":"carrotstix","formatid":"gen9ou","rating":1149,"private":0,"password":""}