{"id":"gen9ou-1989128025","p1":"Roasted Bacon","p2":"fwwfdwqwq","format":"[Gen 9] OU","log":"|j|\u2606Roasted Bacon\n|j|\u2606fwwfdwqwq\n|t:|1699815231\n|gametype|singles\n|player|p1|Roasted Bacon|1|1084\n|player|p2|fwwfdwqwq|265|1000\n|teamsize|p1|6\n|teamsize|p2|6\n|gen|9\n|tier|[Gen 9] OU\n|rated|\n|rule|Sleep Clause Mod: Limit one foe put to sleep\n|rule|Species Clause: Limit one of each Pok\u00e9mon\n|rule|OHKO Clause: OHKO moves are banned\n|rule|Evasion Items Clause: Evasion items are banned\n|rule|Evasion Moves Clause: Evasion moves are banned\n|rule|Endless Battle Clause: Forcing endless battles is banned\n|rule|HP Percentage Mod: HP is shown in percentages\n|clearpoke\n|poke|p1|Iron Valiant|\n|poke|p1|Ceruledge, F|\n|poke|p1|Dondozo, M|\n|poke|p1|Spidops, M|\n|poke|p1|Scream Tail|\n|poke|p1|Goodra-Hisui, M|\n|poke|p2|Garchomp, M|\n|poke|p2|Landorus-Therian, M|\n|poke|p2|Dragapult, F|\n|poke|p2|Ogerpon-Wellspring, F|\n|poke|p2|Weavile, F|\n|poke|p2|Scizor, M|\n|teampreview\n|\n|t:|1699815239\n|start\n|switch|p1a: Spidops|Spidops, M|100\/100\n|switch|p2a: Landorus|Landorus-Therian, M|100\/100\n|-ability|p2a: Landorus|Intimidate|boost\n|-unboost|p1a: Spidops|atk|1\n|turn|1\n|\n|t:|1699815248\n|move|p2a: Landorus|Stealth Rock|p1a: Spidops\n|-sidestart|p1: Roasted Bacon|move: Stealth Rock\n|move|p1a: Spidops|Sticky Web|p2a: Landorus\n|-sidestart|p2: fwwfdwqwq|move: Sticky Web\n|\n|upkeep\n|turn|2\n|\n|t:|1699815253\n|move|p2a: Landorus|U-turn|p1a: Spidops\n|-damage|p1a: Spidops|77\/100\n|\n|t:|1699815268\n|switch|p2a: Dragapult|Dragapult, F|100\/100|[from] U-turn\n|move|p1a: Spidops|Memento|p2a: Dragapult\n|-unboost|p2a: Dragapult|atk|2\n|-unboost|p2a: Dragapult|spa|2\n|faint|p1a: Spidops\n|\n|upkeep\n|\n|t:|1699815278\n|switch|p1a: Iron Valiant|Iron Valiant|100\/100\n|-damage|p1a: Iron Valiant|94\/100|[from] Stealth Rock\n|turn|3\n|\n|t:|1699815283\n|move|p2a: Dragapult|U-turn|p1a: Iron Valiant\n|-resisted|p1a: Iron Valiant\n|-damage|p1a: Iron Valiant|92\/100\n|\n|t:|1699815287\n|switch|p2a: Landorus|Landorus-Therian, M|100\/100|[from] U-turn\n|-ability|p2a: Landorus|Intimidate|boost\n|-unboost|p1a: Iron Valiant|atk|1\n|move|p1a: Iron Valiant|Moonblast|p2a: Landorus\n|-damage|p2a: Landorus|48\/100\n|-unboost|p2a: Landorus|spa|1\n|-damage|p1a: Iron Valiant|82\/100|[from] item: Life Orb\n|\n|-heal|p2a: Landorus|54\/100|[from] item: Leftovers\n|upkeep\n|turn|4\n|\n|t:|1699815300\n|move|p2a: Landorus|Protect|p2a: Landorus\n|-singleturn|p2a: Landorus|Protect\n|move|p1a: Iron Valiant|Moonblast|p2a: Landorus\n|-activate|p2a: Landorus|move: Protect\n|\n|-heal|p2a: Landorus|60\/100|[from] item: Leftovers\n|upkeep\n|turn|5\n|\n|t:|1699815305\n|-end|p1a: Iron Valiant|Quark Drive|[silent]\n|switch|p1a: Dondozo|Dondozo, M|100\/100\n|-damage|p1a: Dondozo|88\/100|[from] Stealth Rock\n|move|p2a: Landorus|Earthquake|p1a: Dondozo\n|-damage|p1a: Dondozo|62\/100\n|\n|-heal|p2a: Landorus|66\/100|[from] item: Leftovers\n|upkeep\n|turn|6\n|\n|t:|1699815314\n|move|p2a: Landorus|U-turn|p1a: Dondozo\n|-damage|p1a: Dondozo|47\/100\n|\n|t:|1699815319\n|switch|p2a: Weavile|Weavile, F|100\/100|[from] U-turn\n|-activate|p2a: Weavile|move: Sticky Web\n|-unboost|p2a: Weavile|spe|1\n|-ability|p2a: Weavile|Pressure\n|move|p1a: Dondozo|Avalanche|p2a: Weavile\n|-resisted|p2a: Weavile\n|-damage|p2a: Weavile|83\/100\n|\n|upkeep\n|turn|7\n|\n|t:|1699815324\n|move|p2a: Weavile|Knock Off|p1a: Dondozo\n|-damage|p1a: Dondozo|8\/100\n|-enditem|p1a: Dondozo|Assault Vest|[from] move: Knock Off|[of] p2a: Weavile\n|move|p1a: Dondozo|Liquidation|p2a: Weavile\n|-damage|p2a: Weavile|19\/100\n|\n|upkeep\n|turn|8\n|\n|t:|1699815330\n|move|p2a: Weavile|Knock Off|p1a: Dondozo\n|-damage|p1a: Dondozo|0 fnt\n|faint|p1a: Dondozo\n|\n|upkeep\n|\n|t:|1699815333\n|switch|p1a: Iron Valiant|Iron Valiant|82\/100\n|-damage|p1a: Iron Valiant|76\/100|[from] Stealth Rock\n|turn|9\n|\n|t:|1699815339\n|move|p1a: Iron Valiant|Moonblast|p2a: Weavile\n|-supereffective|p2a: Weavile\n|-damage|p2a: Weavile|0 fnt\n|faint|p2a: Weavile\n|-damage|p1a: Iron Valiant|66\/100|[from] item: Life Orb\n|\n|upkeep\n|\n|t:|1699815342\n|switch|p2a: Landorus|Landorus-Therian, M|66\/100\n|-ability|p2a: Landorus|Intimidate|boost\n|-unboost|p1a: Iron Valiant|atk|1\n|turn|10\n|\n|t:|1699815347\n|move|p2a: Landorus|Protect|p2a: Landorus\n|-singleturn|p2a: Landorus|Protect\n|move|p1a: Iron Valiant|Moonblast|p2a: Landorus\n|-activate|p2a: Landorus|move: Protect\n|\n|-heal|p2a: Landorus|72\/100|[from] item: Leftovers\n|upkeep\n|turn|11\n|\n|t:|1699815352\n|-end|p1a: Iron Valiant|Quark Drive|[silent]\n|switch|p1a: Scream Tail|Scream Tail|100\/100\n|-damage|p1a: Scream Tail|88\/100|[from] Stealth Rock\n|move|p2a: Landorus|Earthquake|p1a: Scream Tail\n|-damage|p1a: Scream Tail|46\/100\n|\n|-heal|p2a: Landorus|79\/100|[from] item: Leftovers\n|upkeep\n|turn|12\n|\n|t:|1699815360\n|move|p1a: Scream Tail|Reflect|p1a: Scream Tail\n|-sidestart|p1: Roasted Bacon|Reflect\n|move|p2a: Landorus|U-turn|p1a: Scream Tail\n|-damage|p1a: Scream Tail|35\/100\n|\n|t:|1699815368\n|switch|p2a: Dragapult|Dragapult, F|100\/100|[from] U-turn\n|\n|upkeep\n|turn|13\n|\n|t:|1699815374\n|move|p2a: Dragapult|Hex|p1a: Scream Tail\n|-supereffective|p1a: Scream Tail\n|-damage|p1a: Scream Tail|0 fnt\n|faint|p1a: Scream Tail\n|-end|p1a: Scream Tail|Protosynthesis|[silent]\n|\n|upkeep\n|\n|t:|1699815377\n|switch|p1a: Ceruledge|Ceruledge, F|100\/100\n|-damage|p1a: Ceruledge|76\/100|[from] Stealth Rock\n|turn|14\n|\n|t:|1699815389\n|-terastallize|p2a: Dragapult|Dragon\n|move|p1a: Ceruledge|Endure|p1a: Ceruledge\n|-singleturn|p1a: Ceruledge|move: Endure\n|move|p2a: Dragapult|Hex|p1a: Ceruledge\n|-supereffective|p1a: Ceruledge\n|-damage|p1a: Ceruledge|5\/100\n|-enditem|p1a: Ceruledge|Weakness Policy\n|-boost|p1a: Ceruledge|atk|2|[from] item: Weakness Policy\n|-boost|p1a: Ceruledge|spa|2|[from] item: Weakness Policy\n|\n|upkeep\n|turn|15\n|\n|t:|1699815399\n|move|p2a: Dragapult|Hex|p1a: Ceruledge\n|-supereffective|p1a: Ceruledge\n|-damage|p1a: Ceruledge|0 fnt\n|faint|p1a: Ceruledge\n|\n|upkeep\n|-message|Roasted Bacon forfeited.\n|\n|win|fwwfdwqwq\n|raw|Roasted Bacon's rating: 1084 &rarr; <strong>1056<\/strong><br \/>(-28 for losing)\n|raw|fwwfdwqwq's rating: 1000 &rarr; <strong>1049<\/strong><br \/>(+49 for winning)\n|l|\u2606Roasted Bacon\n","uploadtime":1699815429,"views":19,"p1id":"roastedbacon","p2id":"fwwfdwqwq","formatid":"gen9ou","rating":1049,"private":0,"password":""}