{"id":"gen9ou-1991107958","p1":"bubbalobill","p2":"BenTYM","format":"[Gen 9] OU","log":"|j|\u2606bubbalobill\n|j|\u2606BenTYM\n|t:|1700044104\n|gametype|singles\n|player|p1|bubbalobill|sage|1123\n|player|p2|BenTYM|170|1171\n|teamsize|p1|6\n|teamsize|p2|6\n|gen|9\n|tier|[Gen 9] OU\n|rated|\n|rule|Sleep Clause Mod: Limit one foe put to sleep\n|rule|Species Clause: Limit one of each Pok\u00e9mon\n|rule|OHKO Clause: OHKO moves are banned\n|rule|Evasion Items Clause: Evasion items are banned\n|rule|Evasion Moves Clause: Evasion moves are banned\n|rule|Endless Battle Clause: Forcing endless battles is banned\n|rule|HP Percentage Mod: HP is shown in percentages\n|clearpoke\n|poke|p1|Glimmora, M|\n|poke|p1|Ceruledge, M|\n|poke|p1|Iron Valiant|\n|poke|p1|Cinderace, F|\n|poke|p1|Corviknight, M|\n|poke|p1|Blissey, F|\n|poke|p2|Walking Wake|\n|poke|p2|Torkoal, M|\n|poke|p2|Scovillain, M|\n|poke|p2|Hatterene, F|\n|poke|p2|Great Tusk|\n|poke|p2|Clodsire, F|\n|teampreview\n|inactive|Battle timer is ON: inactive players will automatically lose when time's up. (requested by BenTYM)\n|\n|t:|1700044113\n|start\n|switch|p1a: Glimmora|Glimmora, M|100\/100\n|switch|p2a: Torkoal|Torkoal, M|100\/100\n|-weather|SunnyDay|[from] ability: Drought|[of] p2a: Torkoal\n|turn|1\n|\n|t:|1700044131\n|switch|p2a: Hatterene|Hatterene, F|100\/100\n|move|p1a: Glimmora|Power Gem|p2a: Hatterene\n|-damage|p2a: Hatterene|55\/100\n|-enditem|p2a: Hatterene|Eject Button\n|inactive|BenTYM has 120 seconds left.\n|\n|t:|1700044162\n|switch|p2a: Great Tusk|Great Tusk|100\/100\n|-activate|p2a: Great Tusk|ability: Protosynthesis\n|-start|p2a: Great Tusk|protosynthesisdef\n|\n|-weather|SunnyDay|[upkeep]\n|upkeep\n|turn|2\n|\n|t:|1700044180\n|-terastallize|p1a: Glimmora|Grass\n|move|p2a: Great Tusk|Rapid Spin|p1a: Glimmora\n|-damage|p1a: Glimmora|87\/100\n|-boost|p2a: Great Tusk|spe|1\n|-activate|p1a: Glimmora|ability: Toxic Debris\n|-sidestart|p2: BenTYM|move: Toxic Spikes\n|-sideend|p2: BenTYM|Toxic Spikes|[from] move: Rapid Spin|[of] p2a: Great Tusk\n|move|p1a: Glimmora|Energy Ball|p2a: Great Tusk\n|-supereffective|p2a: Great Tusk\n|-damage|p2a: Great Tusk|0 fnt\n|faint|p2a: Great Tusk\n|-end|p2a: Great Tusk|Protosynthesis|[silent]\n|\n|-weather|SunnyDay|[upkeep]\n|upkeep\n|inactive|BenTYM has 120 seconds left.\n|\n|t:|1700044196\n|switch|p2a: Clodsire|Clodsire, F|100\/100\n|turn|3\n|\n|t:|1700044209\n|move|p1a: Glimmora|Earth Power|p2a: Clodsire\n|-supereffective|p2a: Clodsire\n|-damage|p2a: Clodsire|61\/100\n|-unboost|p2a: Clodsire|spd|1\n|move|p2a: Clodsire|Toxic|p1a: Glimmora\n|-status|p1a: Glimmora|tox\n|\n|-weather|SunnyDay|[upkeep]\n|-heal|p2a: Clodsire|68\/100|[from] item: Leftovers\n|-damage|p1a: Glimmora|81\/100 tox|[from] psn\n|upkeep\n|turn|4\n|\n|t:|1700044222\n|switch|p2a: Hatterene|Hatterene, F|55\/100\n|move|p1a: Glimmora|Earth Power|p2a: Hatterene\n|-damage|p2a: Hatterene|15\/100\n|\n|-weather|SunnyDay|[upkeep]\n|-damage|p1a: Glimmora|68\/100 tox|[from] psn\n|upkeep\n|turn|5\n|\n|t:|1700044230\n|move|p1a: Glimmora|Earth Power|p2a: Hatterene\n|-damage|p2a: Hatterene|0 fnt\n|faint|p2a: Hatterene\n|\n|-weather|SunnyDay|[upkeep]\n|-damage|p1a: Glimmora|50\/100 tox|[from] psn\n|upkeep\n|\n|t:|1700044233\n|switch|p2a: Scovillain|Scovillain, M|100\/100\n|turn|6\n|\n|t:|1700044249\n|move|p2a: Scovillain|Flamethrower|p1a: Glimmora\n|-supereffective|p1a: Glimmora\n|-damage|p1a: Glimmora|0 fnt\n|faint|p1a: Glimmora\n|-damage|p2a: Scovillain|91\/100|[from] item: Life Orb\n|\n|-weather|SunnyDay|[upkeep]\n|upkeep\n|\n|t:|1700044268\n|switch|p1a: Cinderace|Cinderace, F|100\/100\n|turn|7\n|inactive|bubbalobill has 120 seconds left.\n|\n|t:|1700044291\n|move|p2a: Scovillain|Growth|p2a: Scovillain\n|-boost|p2a: Scovillain|atk|2\n|-boost|p2a: Scovillain|spa|2\n|move|p1a: Cinderace|High Jump Kick|p2a: Scovillain\n|-start|p1a: Cinderace|typechange|Fighting|[from] ability: Libero\n|-damage|p2a: Scovillain|0 fnt\n|faint|p2a: Scovillain\n|-damage|p1a: Cinderace|91\/100|[from] item: Life Orb\n|\n|-weather|SunnyDay|[upkeep]\n|upkeep\n|\n|t:|1700044301\n|switch|p2a: Walking Wake|Walking Wake|100\/100\n|-activate|p2a: Walking Wake|ability: Protosynthesis\n|-start|p2a: Walking Wake|protosynthesisspe\n|turn|8\n|inactive|bubbalobill has 120 seconds left.\n|-message|BenTYM forfeited.\n|\n|win|bubbalobill\n|raw|bubbalobill's rating: 1123 &rarr; <strong>1151<\/strong><br \/>(+28 for winning)\n|raw|BenTYM's rating: 1171 &rarr; <strong>1143<\/strong><br \/>(-28 for losing)\n|l|\u2606BenTYM\n","uploadtime":1700044324,"views":5,"p1id":"bubbalobill","p2id":"bentym","formatid":"gen9ou","rating":1143,"private":0,"password":""}