{"id":"gen9ou-1995479522","p1":"SoapierMage5794","p2":"GooALT","format":"[Gen 9] OU","log":"|j|\u2606SoapierMage5794\n|j|\u2606GooALT\n|t:|1700575392\n|gametype|singles\n|player|p1|SoapierMage5794|101|1305\n|player|p2|GooALT|ballguy|1323\n|teamsize|p1|6\n|teamsize|p2|6\n|gen|9\n|tier|[Gen 9] OU\n|rated|\n|rule|Sleep Clause Mod: Limit one foe put to sleep\n|rule|Species Clause: Limit one of each Pok\u00e9mon\n|rule|OHKO Clause: OHKO moves are banned\n|rule|Evasion Items Clause: Evasion items are banned\n|rule|Evasion Moves Clause: Evasion moves are banned\n|rule|Endless Battle Clause: Forcing endless battles is banned\n|rule|HP Percentage Mod: HP is shown in percentages\n|clearpoke\n|poke|p1|Manaphy|\n|poke|p1|Great Tusk|\n|poke|p1|Rillaboom, F|\n|poke|p1|Gholdengo|\n|poke|p1|Iron Valiant|\n|poke|p1|Ribombee, F|\n|poke|p2|Rillaboom, M|\n|poke|p2|Ogerpon-Wellspring, F|\n|poke|p2|Kingambit, M|\n|poke|p2|Iron Moth|\n|poke|p2|Dragapult, M|\n|poke|p2|Blissey, F|\n|teampreview\n|inactive|Battle timer is ON: inactive players will automatically lose when time's up. (requested by SoapierMage5794)\n|c|\u2606GooALT|hi glhf\n|\n|t:|1700575400\n|start\n|switch|p1a: Iron Valiant|Iron Valiant|100\/100\n|switch|p2a: Solar Panels|Iron Moth, shiny|100\/100\n|-enditem|p2a: Solar Panels|Booster Energy\n|-activate|p2a: Solar Panels|ability: Quark Drive|[fromitem]\n|-start|p2a: Solar Panels|quarkdrivespe\n|turn|1\n|\n|t:|1700575404\n|move|p1a: Iron Valiant|Psyshock|p2a: Solar Panels\n|-supereffective|p2a: Solar Panels\n|-crit|p2a: Solar Panels\n|-damage|p2a: Solar Panels|0 fnt\n|faint|p2a: Solar Panels\n|-end|p2a: Solar Panels|Quark Drive|[silent]\n|\n|upkeep\n|\n|t:|1700575415\n|switch|p2a: Checkmate|Kingambit, M|100\/100\n|-activate|p2a: Checkmate|ability: Supreme Overlord\n|-start|p2a: Checkmate|fallen1|[silent]\n|turn|2\n|\n|t:|1700575423\n|-end|p1a: Iron Valiant|Quark Drive|[silent]\n|switch|p1a: Great Tusk|Great Tusk|100\/100\n|move|p2a: Checkmate|Swords Dance|p2a: Checkmate\n|-boost|p2a: Checkmate|atk|2\n|\n|upkeep\n|turn|3\n|\n|t:|1700575430\n|-terastallize|p2a: Checkmate|Flying\n|move|p1a: Great Tusk|Close Combat|p2a: Checkmate\n|-resisted|p2a: Checkmate\n|-damage|p2a: Checkmate|85\/100\n|-unboost|p1a: Great Tusk|def|1\n|-unboost|p1a: Great Tusk|spd|1\n|move|p2a: Checkmate|Low Kick|p1a: Great Tusk\n|-damage|p1a: Great Tusk|11\/100\n|\n|-heal|p1a: Great Tusk|17\/100|[from] item: Leftovers\n|-heal|p2a: Checkmate|91\/100|[from] item: Leftovers\n|upkeep\n|turn|4\n|\n|t:|1700575441\n|move|p1a: Great Tusk|Stealth Rock|p2a: Checkmate\n|-sidestart|p2: GooALT|move: Stealth Rock\n|move|p2a: Checkmate|Low Kick|p1a: Great Tusk\n|-damage|p1a: Great Tusk|0 fnt\n|faint|p1a: Great Tusk\n|-end|p1a: Great Tusk|Protosynthesis|[silent]\n|\n|-heal|p2a: Checkmate|97\/100|[from] item: Leftovers\n|upkeep\n|\n|t:|1700575448\n|switch|p1a: Iron Valiant|Iron Valiant|100\/100\n|turn|5\n|\n|t:|1700575452\n|move|p1a: Iron Valiant|Thunderbolt|p2a: Checkmate\n|-supereffective|p2a: Checkmate\n|-damage|p2a: Checkmate|25\/100\n|move|p2a: Checkmate|Iron Head|p1a: Iron Valiant\n|-supereffective|p1a: Iron Valiant\n|-damage|p1a: Iron Valiant|0 fnt\n|faint|p1a: Iron Valiant\n|-end|p1a: Iron Valiant|Quark Drive|[silent]\n|\n|-heal|p2a: Checkmate|31\/100|[from] item: Leftovers\n|upkeep\n|\n|t:|1700575460\n|switch|p1a: Gholdengo|Gholdengo|100\/100\n|-item|p1a: Gholdengo|Air Balloon\n|turn|6\n|c|\u2606GooALT|Scarf isn't the best smh\n|\n|t:|1700575467\n|move|p2a: Checkmate|Sucker Punch||[still]\n|-fail|p2a: Checkmate\n|move|p1a: Gholdengo|Nasty Plot|p1a: Gholdengo\n|-boost|p1a: Gholdengo|spa|2\n|\n|-heal|p2a: Checkmate|37\/100|[from] item: Leftovers\n|upkeep\n|turn|7\n|\n|t:|1700575479\n|move|p2a: Checkmate|Sucker Punch||[still]\n|-fail|p2a: Checkmate\n|move|p1a: Gholdengo|Nasty Plot|p1a: Gholdengo\n|-boost|p1a: Gholdengo|spa|2\n|\n|-heal|p2a: Checkmate|43\/100|[from] item: Leftovers\n|upkeep\n|turn|8\n|c|\u2606GooALT|sucker mind games\n|\n|t:|1700575483\n|move|p1a: Gholdengo|Nasty Plot|p1a: Gholdengo\n|-boost|p1a: Gholdengo|spa|2\n|move|p2a: Checkmate|Iron Head|p1a: Gholdengo\n|-resisted|p1a: Gholdengo\n|-damage|p1a: Gholdengo|46\/100\n|-enditem|p1a: Gholdengo|Air Balloon\n|\n|-heal|p2a: Checkmate|50\/100|[from] item: Leftovers\n|upkeep\n|turn|9\n|c|\u2606SoapierMage5794|Damn\n|inactive|SoapierMage5794 has 120 seconds left.\n|c|\u2606GooALT|lol\n|\n|t:|1700575521\n|move|p2a: Checkmate|Sucker Punch||[still]\n|-fail|p2a: Checkmate\n|move|p1a: Gholdengo|Nasty Plot|p1a: Gholdengo\n|-boost|p1a: Gholdengo|spa|0\n|\n|-heal|p2a: Checkmate|56\/100|[from] item: Leftovers\n|upkeep\n|turn|10\n|c|\u2606GooALT|Hey WAIT BA SECOND\n|inactive|SoapierMage5794 has 120 seconds left.\n|c|\u2606SoapierMage5794|This is tough\n|\n|t:|1700575546\n|move|p1a: Gholdengo|Make It Rain|p2a: Checkmate\n|-crit|p2a: Checkmate\n|-damage|p2a: Checkmate|0 fnt\n|-unboost|p1a: Gholdengo|spa|1\n|faint|p2a: Checkmate\n|-end|p2a: Checkmate|fallen1|[silent]\n|\n|upkeep\n|c|\u2606SoapierMage5794|Lets gooo\n|inactive|GooALT has 120 seconds left.\n|c|\u2606GooALT|Bro lag\n|c|\u2606SoapierMage5794|Aye right\n|\n|t:|1700575580\n|switch|p2a: Nightmare|Dragapult, M|100\/100\n|-damage|p2a: Nightmare|88\/100|[from] Stealth Rock\n|turn|11\n|\n|t:|1700575597\n|switch|p1a: Manaphy|Manaphy|100\/100\n|move|p2a: Nightmare|Substitute|p2a: Nightmare\n|-start|p2a: Nightmare|Substitute\n|-damage|p2a: Nightmare|63\/100\n|\n|-heal|p2a: Nightmare|69\/100|[from] item: Leftovers\n|upkeep\n|turn|12\n|c|\u2606GooALT|Also I remember you\n|\n|t:|1700575610\n|move|p2a: Nightmare|Dragon Darts|p1a: Manaphy\n|-damage|p1a: Manaphy|78\/100\n|-anim|p2a: Nightmare|Dragon Darts|p1a: Manaphy\n|-damage|p1a: Manaphy|52\/100\n|move|p1a: Manaphy|Ice Beam|p2a: Nightmare\n|-supereffective|p2a: Nightmare\n|-end|p2a: Nightmare|Substitute\n|\n|-heal|p2a: Nightmare|75\/100|[from] item: Leftovers\n|-heal|p1a: Manaphy|58\/100|[from] item: Leftovers\n|upkeep\n|turn|13\n|\n|t:|1700575620\n|move|p2a: Nightmare|Dragon Darts|p1a: Manaphy\n|-damage|p1a: Manaphy|33\/100\n|-anim|p2a: Nightmare|Dragon Darts|p1a: Manaphy\n|-damage|p1a: Manaphy|8\/100\n|move|p1a: Manaphy|Ice Beam|p2a: Nightmare\n|-supereffective|p2a: Nightmare\n|-damage|p2a: Nightmare|0 fnt\n|faint|p2a: Nightmare\n|\n|-heal|p1a: Manaphy|14\/100|[from] item: Leftovers\n|upkeep\n|\n|t:|1700575629\n|switch|p2a: Fiona|Ogerpon-Wellspring, F|100\/100\n|-damage|p2a: Fiona|88\/100|[from] Stealth Rock\n|turn|14\n|\n|t:|1700575637\n|move|p2a: Fiona|Trailblaze|p1a: Manaphy\n|-supereffective|p1a: Manaphy\n|-damage|p1a: Manaphy|0 fnt\n|-boost|p2a: Fiona|spe|1\n|faint|p1a: Manaphy\n|\n|upkeep\n|\n|t:|1700575640\n|switch|p1a: Ribombee|Ribombee, F|100\/100\n|turn|15\n|\n|t:|1700575649\n|move|p2a: Fiona|Ivy Cudgel|p1a: Ribombee|[anim] Ivy Cudgel Water\n|-crit|p1a: Ribombee\n|-enditem|p1a: Ribombee|Focus Sash\n|-damage|p1a: Ribombee|1\/100\n|move|p1a: Ribombee|Bug Buzz|p2a: Fiona\n|-supereffective|p2a: Fiona\n|-damage|p2a: Fiona|0 fnt\n|faint|p2a: Fiona\n|\n|upkeep\n|inactive|GooALT has 120 seconds left.\n|\n|t:|1700575658\n|switch|p2a: Vine Boom|Rillaboom, M|100\/100\n|-damage|p2a: Vine Boom|88\/100|[from] Stealth Rock\n|-fieldstart|move: Grassy Terrain|[from] ability: Grassy Surge|[of] p2a: Vine Boom\n|turn|16\n|\n|t:|1700575667\n|move|p2a: Vine Boom|Grassy Glide|p1a: Ribombee\n|-resisted|p1a: Ribombee\n|-damage|p1a: Ribombee|0 fnt\n|faint|p1a: Ribombee\n|\n|-heal|p2a: Vine Boom|94\/100|[from] Grassy Terrain\n|upkeep\n|\n|t:|1700575671\n|switch|p1a: Gholdengo|Gholdengo|46\/100\n|turn|17\n|\n|t:|1700575677\n|move|p1a: Gholdengo|Make It Rain|p2a: Vine Boom\n|-damage|p2a: Vine Boom|59\/100\n|-unboost|p1a: Gholdengo|spa|1\n|move|p2a: Vine Boom|Knock Off|p1a: Gholdengo\n|-supereffective|p1a: Gholdengo\n|-damage|p1a: Gholdengo|0 fnt\n|faint|p1a: Gholdengo\n|\n|-heal|p2a: Vine Boom|65\/100|[from] Grassy Terrain\n|upkeep\n|\n|t:|1700575684\n|switch|p1a: Rillaboom|Rillaboom, F|100\/100\n|turn|18\n|\n|t:|1700575692\n|-terastallize|p1a: Rillaboom|Grass\n|move|p1a: Rillaboom|Grassy Glide|p2a: Vine Boom\n|-resisted|p2a: Vine Boom\n|-damage|p2a: Vine Boom|20\/100\n|move|p2a: Vine Boom|Knock Off|p1a: Rillaboom\n|-damage|p1a: Rillaboom|64\/100\n|-enditem|p1a: Rillaboom|Choice Band|[from] move: Knock Off|[of] p2a: Vine Boom\n|\n|-heal|p1a: Rillaboom|70\/100|[from] Grassy Terrain\n|-heal|p2a: Vine Boom|26\/100|[from] Grassy Terrain\n|upkeep\n|turn|19\n|c|\u2606SoapierMage5794|Damn not banded\n|c|\u2606GooALT|Nope\n|c|\u2606GooALT|!dt assault vest\n|raw|<ul class=\"utilichart\"><li class=\"result\"><span class=\"col itemiconcol\"><psicon item=\"assaultvest\"><\/span> <span class=\"col namecol\"><a href=\"https:\/\/dex.pokemonshowdown.com\/items\/assaultvest\">Assault Vest<\/a><\/span> <span class=\"col itemdesccol\">Holder's Sp. Def is 1.5x, but it can only select damaging moves.<\/span> <\/li><li style=\"clear:both\"><\/li><\/ul>\n|raw|<font size=\"1\"><font color=\"#686868\">Gen:<\/font> 6&nbsp;|&ThickSpace;<font color=\"#686868\">Fling Base Power:<\/font> 80<\/font>\n\n|inactive|GooALT has 120 seconds left.\n|c|\u2606SoapierMage5794|Cool\n|\n|t:|1700575729\n|switch|p2a: Eg|Blissey, F|100\/100\n|-damage|p2a: Eg|88\/100|[from] Stealth Rock\n|move|p1a: Rillaboom|Grassy Glide|p2a: Eg\n|-damage|p2a: Eg|0 fnt\n|faint|p2a: Eg\n|\n|-heal|p1a: Rillaboom|76\/100|[from] Grassy Terrain\n|upkeep\n|\n|t:|1700575733\n|switch|p2a: Vine Boom|Rillaboom, M|26\/100\n|-damage|p2a: Vine Boom|14\/100|[from] Stealth Rock\n|turn|20\n|\n|t:|1700575738\n|move|p1a: Rillaboom|Grassy Glide|p2a: Vine Boom\n|-resisted|p2a: Vine Boom\n|-damage|p2a: Vine Boom|0 fnt\n|faint|p2a: Vine Boom\n|\n|win|SoapierMage5794\n|raw|SoapierMage5794's rating: 1305 &rarr; <strong>1326<\/strong><br \/>(+21 for winning)\n|raw|GooALT's rating: 1323 &rarr; <strong>1302<\/strong><br \/>(-21 for losing)\n|c|\u2606GooALT|ly gg\n|c|\u2606SoapierMage5794|GG\n|c|\u2606GooALT|Bro frickin lag\n|c|\u2606SoapierMage5794|came down to the sucker read huh\n|l|\u2606GooALT\n","uploadtime":1700575766,"views":3,"p1id":"soapiermage5794","p2id":"gooalt","formatid":"gen9ou","rating":1302,"private":0,"password":""}