{"id":"gen9ou-1988724038","p1":"Big Test These","p2":"ratatta17","format":"[Gen 9] OU","log":"|j|\u2606Big Test These\n|j|\u2606ratatta17\n|t:|1699755109\n|gametype|singles\n|player|p1|Big Test These|169|1357\n|player|p2|ratatta17|1|1445\n|teamsize|p1|6\n|teamsize|p2|6\n|gen|9\n|tier|[Gen 9] OU\n|rated|\n|rule|Sleep Clause Mod: Limit one foe put to sleep\n|rule|Species Clause: Limit one of each Pok\u00e9mon\n|rule|OHKO Clause: OHKO moves are banned\n|rule|Evasion Items Clause: Evasion items are banned\n|rule|Evasion Moves Clause: Evasion moves are banned\n|rule|Endless Battle Clause: Forcing endless battles is banned\n|rule|HP Percentage Mod: HP is shown in percentages\n|clearpoke\n|poke|p1|Greninja-*, M|\n|poke|p1|Alomomola, F|\n|poke|p1|Slowking-Galar, F|\n|poke|p1|Great Tusk|\n|poke|p1|Thundurus-Therian, M|\n|poke|p1|Gliscor, F|\n|poke|p2|Azumarill, M|\n|poke|p2|Staraptor, F|\n|poke|p2|Toedscruel, M|\n|poke|p2|Skeledirge, F|\n|poke|p2|Ninetales-Alola, F|\n|poke|p2|Iron Valiant|\n|teampreview\n|\n|t:|1699755132\n|start\n|switch|p1a: Ogerpon-Keto|Greninja, M|100\/100\n|switch|p2a: Staraptor|Staraptor, F|100\/100\n|-ability|p2a: Staraptor|Intimidate|boost\n|-unboost|p1a: Ogerpon-Keto|atk|1\n|turn|1\n|inactive|Battle timer is ON: inactive players will automatically lose when time's up. (requested by Big Test These)\n|inactive|ratatta17 has 120 seconds left.\n|\n|t:|1699755205\n|switch|p1a: Gliscor|Gliscor, F|100\/100\n|move|p2a: Staraptor|Final Gambit|p1a: Gliscor\n|-damage|p1a: Gliscor|0 fnt\n|faint|p2a: Staraptor\n|faint|p1a: Gliscor\n|\n|upkeep\n|\n|t:|1699755215\n|switch|p2a: Iron Valiant|Iron Valiant|100\/100\n|switch|p1a: Ogerpon-Keto|Greninja, M|100\/100\n|turn|2\n|\n|t:|1699755221\n|move|p1a: Ogerpon-Keto|Hydro Pump|p2a: Iron Valiant\n|-start|p1a: Ogerpon-Keto|typechange|Water|[from] ability: Protean\n|-damage|p2a: Iron Valiant|0 fnt\n|faint|p2a: Iron Valiant\n|-end|p2a: Iron Valiant|Quark Drive|[silent]\n|\n|upkeep\n|\n|t:|1699755228\n|switch|p2a: Ninetales|Ninetales-Alola, F|100\/100\n|-weather|Snow|[from] ability: Snow Warning|[of] p2a: Ninetales\n|turn|3\n|\n|t:|1699755230\n|move|p1a: Ogerpon-Keto|Hydro Pump|p2a: Ninetales|[miss]\n|-miss|p1a: Ogerpon-Keto|p2a: Ninetales\n|move|p2a: Ninetales|Aurora Veil|p2a: Ninetales\n|-sidestart|p2: ratatta17|move: Aurora Veil\n|\n|-weather|Snow|[upkeep]\n|upkeep\n|turn|4\n|\n|t:|1699755234\n|switch|p1a: Blowking|Slowking-Galar, F|100\/100\n|move|p2a: Ninetales|Freeze-Dry|p1a: Blowking\n|-damage|p1a: Blowking|88\/100\n|\n|-weather|Snow|[upkeep]\n|upkeep\n|turn|5\n|\n|t:|1699755242\n|switch|p2a: Toedscruel|Toedscruel, M|100\/100\n|move|p1a: Blowking|Sludge Bomb|p2a: Toedscruel\n|-damage|p2a: Toedscruel|88\/100\n|\n|-weather|Snow|[upkeep]\n|-heal|p2a: Toedscruel|94\/100|[from] item: Leftovers\n|upkeep\n|turn|6\n|\n|t:|1699755249\n|move|p1a: Blowking|Chilly Reception|p1a: Blowking\n|\n|t:|1699755262\n|switch|p1a: Luvdisc 2|Alomomola, F|100\/100|[from] Chilly Reception\n|move|p2a: Toedscruel|Spore|p1a: Luvdisc 2\n|-status|p1a: Luvdisc 2|slp|[from] move: Spore\n|\n|-weather|Snow|[upkeep]\n|-heal|p2a: Toedscruel|99\/100|[from] item: Leftovers\n|upkeep\n|turn|7\n|\n|t:|1699755277\n|switch|p1a: Great Titz|Great Tusk|100\/100\n|-enditem|p1a: Great Titz|Booster Energy\n|-activate|p1a: Great Titz|ability: Protosynthesis|[fromitem]\n|-start|p1a: Great Titz|protosynthesisatk\n|move|p2a: Toedscruel|Knock Off|p1a: Great Titz\n|-resisted|p1a: Great Titz\n|-damage|p1a: Great Titz|96\/100\n|\n|-weather|none\n|-heal|p2a: Toedscruel|100\/100|[from] item: Leftovers\n|upkeep\n|turn|8\n|\n|t:|1699755291\n|switch|p2a: Ninetales|Ninetales-Alola, F|100\/100\n|-weather|Snow|[from] ability: Snow Warning|[of] p2a: Ninetales\n|move|p1a: Great Titz|Knock Off|p2a: Ninetales\n|-resisted|p2a: Ninetales\n|-damage|p2a: Ninetales|92\/100\n|-enditem|p2a: Ninetales|Light Clay|[from] move: Knock Off|[of] p1a: Great Titz\n|\n|-weather|Snow|[upkeep]\n|upkeep\n|turn|9\n|\n|t:|1699755301\n|-end|p1a: Great Titz|Protosynthesis|[silent]\n|switch|p1a: Blowking|Slowking-Galar, F|100\/100\n|move|p2a: Ninetales|Freeze-Dry|p1a: Blowking\n|-damage|p1a: Blowking|88\/100\n|\n|-weather|Snow|[upkeep]\n|upkeep\n|turn|10\n|\n|t:|1699755311\n|switch|p2a: Toedscruel|Toedscruel, M|100\/100\n|move|p1a: Blowking|Chilly Reception|p1a: Blowking\n|\n|t:|1699755313\n|switch|p1a: Great Titz|Great Tusk|96\/100|[from] Chilly Reception\n|\n|-weather|Snow|[upkeep]\n|-sideend|p2: ratatta17|move: Aurora Veil\n|upkeep\n|turn|11\n|\n|t:|1699755319\n|switch|p2a: Ninetales|Ninetales-Alola, F|92\/100\n|move|p1a: Great Titz|Rapid Spin|p2a: Ninetales\n|-damage|p2a: Ninetales|77\/100\n|-boost|p1a: Great Titz|spe|1\n|\n|-weather|Snow|[upkeep]\n|upkeep\n|turn|12\n|\n|t:|1699755325\n|move|p1a: Great Titz|Headlong Rush|p2a: Ninetales\n|-damage|p2a: Ninetales|27\/100\n|-unboost|p1a: Great Titz|def|1\n|-unboost|p1a: Great Titz|spd|1\n|move|p2a: Ninetales|Aurora Veil|p2a: Ninetales\n|-sidestart|p2: ratatta17|move: Aurora Veil\n|\n|-weather|none\n|upkeep\n|turn|13\n|\n|t:|1699755330\n|move|p1a: Great Titz|Headlong Rush|p2a: Ninetales\n|-damage|p2a: Ninetales|0 fnt\n|-unboost|p1a: Great Titz|def|1\n|-unboost|p1a: Great Titz|spd|1\n|faint|p2a: Ninetales\n|\n|upkeep\n|\n|t:|1699755348\n|switch|p2a: Azumarill|Azumarill, M|100\/100\n|turn|14\n|\n|t:|1699755360\n|move|p1a: Great Titz|Knock Off|p2a: Azumarill\n|-resisted|p2a: Azumarill\n|-damage|p2a: Azumarill|92\/100\n|-enditem|p2a: Azumarill|Sitrus Berry|[from] move: Knock Off|[of] p1a: Great Titz\n|move|p2a: Azumarill|Belly Drum|p2a: Azumarill\n|-damage|p2a: Azumarill|42\/100\n|-setboost|p2a: Azumarill|atk|6|[from] move: Belly Drum\n|\n|upkeep\n|turn|15\n|\n|t:|1699755368\n|-end|p1a: Great Titz|Protosynthesis|[silent]\n|switch|p1a: Luvdisc 2|Alomomola, F|100\/100 slp\n|move|p2a: Azumarill|Aqua Jet|p1a: Luvdisc 2\n|-resisted|p1a: Luvdisc 2\n|-damage|p1a: Luvdisc 2|73\/100 slp\n|-enditem|p1a: Luvdisc 2|Red Card|[of] p2a: Azumarill\n|drag|p2a: Skeledirge|Skeledirge, F|100\/100\n|\n|upkeep\n|turn|16\n|\n|t:|1699755378\n|switch|p1a: Blowking|Slowking-Galar, F|100\/100\n|move|p2a: Skeledirge|Torch Song|p1a: Blowking\n|-crit|p1a: Blowking\n|-damage|p1a: Blowking|75\/100\n|-boost|p2a: Skeledirge|spa|1\n|\n|-sideend|p2: ratatta17|move: Aurora Veil\n|upkeep\n|turn|17\n|\n|t:|1699755386\n|move|p2a: Skeledirge|Will-O-Wisp|p1a: Blowking\n|-status|p1a: Blowking|brn\n|move|p1a: Blowking|Chilly Reception|p1a: Blowking\n|-weather|Snow\n|\n|t:|1699755406\n|switch|p1a: Ogerpon-Keto|Greninja, M|100\/100|[from] Chilly Reception\n|\n|-weather|Snow|[upkeep]\n|upkeep\n|turn|18\n|inactive|ratatta17 has 120 seconds left.\n|\n|t:|1699755448\n|-terastallize|p2a: Skeledirge|Dragon\n|move|p1a: Ogerpon-Keto|Dark Pulse|p2a: Skeledirge\n|-start|p1a: Ogerpon-Keto|typechange|Dark|[from] ability: Protean\n|-damage|p2a: Skeledirge|63\/100\n|cant|p2a: Skeledirge|flinch\n|\n|-weather|Snow|[upkeep]\n|-heal|p2a: Skeledirge|69\/100|[from] item: Leftovers\n|upkeep\n|turn|19\n|inactive|ratatta17 has 120 seconds left.\n|\n|t:|1699755460\n|switch|p1a: Blowking|Slowking-Galar, F|100\/100 brn\n|move|p2a: Skeledirge|Hex|p1a: Blowking\n|-supereffective|p1a: Blowking\n|-damage|p1a: Blowking|16\/100 brn\n|\n|-weather|Snow|[upkeep]\n|-heal|p2a: Skeledirge|75\/100|[from] item: Leftovers\n|-damage|p1a: Blowking|10\/100 brn|[from] brn\n|upkeep\n|turn|20\n|\n|t:|1699755465\n|move|p2a: Skeledirge|Torch Song|p1a: Blowking\n|-damage|p1a: Blowking|0 fnt\n|-boost|p2a: Skeledirge|spa|1\n|faint|p1a: Blowking\n|\n|-weather|Snow|[upkeep]\n|-heal|p2a: Skeledirge|81\/100|[from] item: Leftovers\n|upkeep\n|\n|t:|1699755468\n|switch|p1a: Ogerpon-Keto|Greninja, M|100\/100\n|turn|21\n|\n|t:|1699755472\n|switch|p2a: Azumarill|Azumarill, M|42\/100\n|move|p1a: Ogerpon-Keto|Ice Beam|p2a: Azumarill\n|-start|p1a: Ogerpon-Keto|typechange|Ice|[from] ability: Protean\n|-resisted|p2a: Azumarill\n|-damage|p2a: Azumarill|14\/100\n|\n|-weather|none\n|upkeep\n|turn|22\n|\n|t:|1699755487\n|-terastallize|p1a: Ogerpon-Keto|Water\n|move|p2a: Azumarill|Aqua Jet|p1a: Ogerpon-Keto\n|-resisted|p1a: Ogerpon-Keto\n|-damage|p1a: Ogerpon-Keto|80\/100\n|move|p1a: Ogerpon-Keto|Ice Beam|p2a: Azumarill\n|-resisted|p2a: Azumarill\n|-damage|p2a: Azumarill|0 fnt\n|faint|p2a: Azumarill\n|\n|upkeep\n|\n|t:|1699755502\n|switch|p2a: Toedscruel|Toedscruel, M|100\/100\n|turn|23\n|\n|t:|1699755506\n|switch|p1a: Great Titz|Great Tusk|96\/100\n|move|p2a: Toedscruel|Knock Off|p1a: Great Titz\n|-resisted|p1a: Great Titz\n|-damage|p1a: Great Titz|92\/100\n|\n|upkeep\n|turn|24\n|\n|t:|1699755516\n|move|p1a: Great Titz|Close Combat|p2a: Toedscruel\n|-damage|p2a: Toedscruel|49\/100\n|-unboost|p1a: Great Titz|def|1\n|-unboost|p1a: Great Titz|spd|1\n|move|p2a: Toedscruel|Leech Seed|p1a: Great Titz\n|-start|p1a: Great Titz|move: Leech Seed\n|\n|-heal|p2a: Toedscruel|55\/100|[from] item: Leftovers\n|-damage|p1a: Great Titz|80\/100|[from] Leech Seed|[of] p2a: Toedscruel\n|-heal|p2a: Toedscruel|68\/100|[silent]\n|upkeep\n|turn|25\n|\n|t:|1699755526\n|-end|p1a: Great Titz|Protosynthesis|[silent]\n|switch|p1a: Ogerpon-Keto|Greninja, M, tera:Water|80\/100\n|switch|p2a: Skeledirge|Skeledirge, F, tera:Dragon|81\/100\n|\n|-heal|p2a: Skeledirge|87\/100|[from] item: Leftovers\n|upkeep\n|turn|26\n|\n|t:|1699755530\n|move|p1a: Ogerpon-Keto|Ice Beam|p2a: Skeledirge\n|-supereffective|p2a: Skeledirge\n|-damage|p2a: Skeledirge|29\/100\n|move|p2a: Skeledirge|Hex|p1a: Ogerpon-Keto\n|-damage|p1a: Ogerpon-Keto|41\/100\n|\n|-heal|p2a: Skeledirge|35\/100|[from] item: Leftovers\n|upkeep\n|turn|27\n|\n|t:|1699755535\n|move|p1a: Ogerpon-Keto|Ice Beam|p2a: Skeledirge\n|-supereffective|p2a: Skeledirge\n|-damage|p2a: Skeledirge|0 fnt\n|faint|p2a: Skeledirge\n|\n|upkeep\n|\n|t:|1699755537\n|switch|p2a: Toedscruel|Toedscruel, M|68\/100\n|turn|28\n|\n|t:|1699755540\n|move|p1a: Ogerpon-Keto|Ice Beam|p2a: Toedscruel\n|-supereffective|p2a: Toedscruel\n|-damage|p2a: Toedscruel|0 fnt\n|faint|p2a: Toedscruel\n|\n|win|Big Test These\n|raw|Big Test These's rating: 1357 &rarr; <strong>1382<\/strong><br \/>(+25 for winning)\n|raw|ratatta17's rating: 1445 &rarr; <strong>1420<\/strong><br \/>(-25 for losing)\n|l|\u2606ratatta17\n","uploadtime":1699755549,"views":15,"p1id":"bigtestthese","p2id":"ratatta17","formatid":"gen9ou","rating":1382,"private":0,"password":""}