{"id":"gen9ou-1989925924","p1":"Welcometoearth420","p2":"ba2ozknRR","format":"[Gen 9] OU","log":"|j|\u2606Welcometoearth420\n|j|\u2606ba2ozknRR\n|t:|1699907309\n|gametype|singles\n|player|p1|Welcometoearth420|265|1595\n|player|p2|ba2ozknRR|1|1565\n|teamsize|p1|6\n|teamsize|p2|6\n|gen|9\n|tier|[Gen 9] OU\n|rated|\n|rule|Sleep Clause Mod: Limit one foe put to sleep\n|rule|Species Clause: Limit one of each Pok\u00e9mon\n|rule|OHKO Clause: OHKO moves are banned\n|rule|Evasion Items Clause: Evasion items are banned\n|rule|Evasion Moves Clause: Evasion moves are banned\n|rule|Endless Battle Clause: Forcing endless battles is banned\n|rule|HP Percentage Mod: HP is shown in percentages\n|clearpoke\n|poke|p1|Corviknight, M|\n|poke|p1|Dragapult, M|\n|poke|p1|Slowking-Galar, F|\n|poke|p1|Mandibuzz, F|\n|poke|p1|Iron Valiant|\n|poke|p1|Milotic, F|\n|poke|p2|Samurott-Hisui, F|\n|poke|p2|Great Tusk|\n|poke|p2|Kingambit, F|\n|poke|p2|Gholdengo|\n|poke|p2|Iron Moth|\n|poke|p2|Rillaboom, M|\n|teampreview\n|\n|t:|1699907323\n|start\n|switch|p1a: Dragapult|Dragapult, M|100\/100\n|switch|p2a: Korkut Dede|Samurott-Hisui, F, shiny|100\/100\n|turn|1\n|\n|t:|1699907326\n|switch|p1a: Corviknight|Corviknight, M|100\/100\n|move|p2a: Korkut Dede|Ceaseless Edge|p1a: Corviknight\n|-damage|p1a: Corviknight|74\/100\n|-damage|p2a: Korkut Dede|84\/100|[from] item: Rocky Helmet|[of] p1a: Corviknight\n|-sidestart|p1: Welcometoearth420|Spikes\n|\n|upkeep\n|turn|2\n|\n|t:|1699907331\n|switch|p2a: Make it rain babyy|Gholdengo|100\/100\n|-item|p2a: Make it rain babyy|Air Balloon\n|move|p1a: Corviknight|Body Press|p2a: Make it rain babyy\n|-immune|p2a: Make it rain babyy\n|\n|upkeep\n|turn|3\n|\n|t:|1699907338\n|switch|p1a: Milotic|Milotic, F|100\/100\n|move|p2a: Make it rain babyy|Shadow Ball|p1a: Milotic\n|-damage|p1a: Milotic|75\/100\n|\n|upkeep\n|turn|4\n|\n|t:|1699907343\n|move|p2a: Make it rain babyy|Nasty Plot|p2a: Make it rain babyy\n|-boost|p2a: Make it rain babyy|spa|2\n|move|p1a: Milotic|Scald|p2a: Make it rain babyy\n|-damage|p2a: Make it rain babyy|72\/100\n|-enditem|p2a: Make it rain babyy|Air Balloon\n|\n|upkeep\n|turn|5\n|\n|t:|1699907345\n|move|p2a: Make it rain babyy|Shadow Ball|p1a: Milotic\n|-damage|p1a: Milotic|28\/100\n|move|p1a: Milotic|Haze|p1a: Milotic\n|-clearallboost\n|\n|upkeep\n|turn|6\n|\n|t:|1699907349\n|move|p2a: Make it rain babyy|Shadow Ball|p1a: Milotic\n|-damage|p1a: Milotic|4\/100\n|move|p1a: Milotic|Recover|p1a: Milotic\n|-heal|p1a: Milotic|54\/100\n|\n|upkeep\n|turn|7\n|\n|t:|1699907356\n|switch|p2a: Rillaboom|Rillaboom, M, shiny|100\/100\n|-fieldstart|move: Grassy Terrain|[from] ability: Grassy Surge|[of] p2a: Rillaboom\n|move|p1a: Milotic|Recover|p1a: Milotic\n|-heal|p1a: Milotic|100\/100\n|\n|upkeep\n|turn|8\n|\n|t:|1699907364\n|switch|p1a: Corviknight|Corviknight, M|74\/100\n|move|p2a: Rillaboom|Wood Hammer|p1a: Corviknight\n|-resisted|p1a: Corviknight\n|-damage|p1a: Corviknight|55\/100\n|-damage|p2a: Rillaboom|84\/100|[from] item: Rocky Helmet|[of] p1a: Corviknight\n|-damage|p2a: Rillaboom|77\/100|[from] Recoil\n|\n|-heal|p2a: Rillaboom|83\/100|[from] Grassy Terrain\n|upkeep\n|turn|9\n|\n|t:|1699907368\n|switch|p2a: Make it rain babyy|Gholdengo|72\/100\n|move|p1a: Corviknight|Roost|p1a: Corviknight\n|-heal|p1a: Corviknight|100\/100\n|-singleturn|p1a: Corviknight|move: Roost\n|\n|-heal|p2a: Make it rain babyy|78\/100|[from] Grassy Terrain\n|upkeep\n|turn|10\n|\n|t:|1699907372\n|switch|p1a: Milotic|Milotic, F|100\/100\n|move|p2a: Make it rain babyy|Nasty Plot|p2a: Make it rain babyy\n|-boost|p2a: Make it rain babyy|spa|2\n|\n|-heal|p2a: Make it rain babyy|84\/100|[from] Grassy Terrain\n|upkeep\n|turn|11\n|\n|t:|1699907375\n|move|p2a: Make it rain babyy|Shadow Ball|p1a: Milotic\n|-damage|p1a: Milotic|53\/100\n|move|p1a: Milotic|Flip Turn|p2a: Make it rain babyy\n|-damage|p2a: Make it rain babyy|71\/100\n|\n|t:|1699907380\n|switch|p1a: Dragapult|Dragapult, M|100\/100|[from] Flip Turn\n|-damage|p1a: Dragapult|88\/100|[from] Spikes\n|\n|-heal|p1a: Dragapult|94\/100|[from] Grassy Terrain\n|-heal|p2a: Make it rain babyy|77\/100|[from] Grassy Terrain\n|-fieldend|move: Grassy Terrain\n|upkeep\n|turn|12\n|\n|t:|1699907385\n|-terastallize|p2a: Make it rain babyy|Fairy\n|move|p1a: Dragapult|Shadow Ball|p2a: Make it rain babyy\n|-crit|p2a: Make it rain babyy\n|-damage|p2a: Make it rain babyy|0 fnt\n|faint|p2a: Make it rain babyy\n|\n|upkeep\n|\n|t:|1699907390\n|switch|p2a: Korkut Dede|Samurott-Hisui, F, shiny|84\/100\n|turn|13\n|\n|t:|1699907392\n|switch|p1a: Corviknight|Corviknight, M|100\/100\n|move|p2a: Korkut Dede|Sucker Punch||[still]\n|-fail|p2a: Korkut Dede\n|\n|upkeep\n|turn|14\n|\n|t:|1699907396\n|switch|p2a: Iron Moth|Iron Moth|100\/100\n|-enditem|p2a: Iron Moth|Booster Energy\n|-activate|p2a: Iron Moth|ability: Quark Drive|[fromitem]\n|-start|p2a: Iron Moth|quarkdrivespe\n|move|p1a: Corviknight|Body Press|p2a: Iron Moth\n|-resisted|p2a: Iron Moth\n|-damage|p2a: Iron Moth|83\/100\n|\n|upkeep\n|turn|15\n|\n|t:|1699907401\n|switch|p1a: Milotic|Milotic, F|53\/100\n|move|p2a: Iron Moth|Substitute|p2a: Iron Moth\n|-start|p2a: Iron Moth|Substitute\n|-damage|p2a: Iron Moth|58\/100\n|\n|upkeep\n|turn|16\n|\n|t:|1699907404\n|move|p2a: Iron Moth|Fiery Dance|p1a: Milotic\n|-resisted|p1a: Milotic\n|-damage|p1a: Milotic|43\/100\n|move|p1a: Milotic|Recover|p1a: Milotic\n|-heal|p1a: Milotic|93\/100\n|\n|upkeep\n|turn|17\n|\n|t:|1699907407\n|move|p2a: Iron Moth|Fiery Dance|p1a: Milotic\n|-resisted|p1a: Milotic\n|-damage|p1a: Milotic|81\/100\n|-boost|p2a: Iron Moth|spa|1\n|move|p1a: Milotic|Scald|p2a: Iron Moth\n|-supereffective|p2a: Iron Moth\n|-end|p2a: Iron Moth|Substitute\n|\n|upkeep\n|turn|18\n|\n|t:|1699907413\n|move|p2a: Iron Moth|Sludge Wave|p1a: Milotic\n|-damage|p1a: Milotic|43\/100\n|move|p1a: Milotic|Scald|p2a: Iron Moth\n|-supereffective|p2a: Iron Moth\n|-damage|p2a: Iron Moth|0 fnt\n|faint|p2a: Iron Moth\n|-end|p2a: Iron Moth|Quark Drive|[silent]\n|\n|upkeep\n|\n|t:|1699907416\n|switch|p2a: Rillaboom|Rillaboom, M, shiny|83\/100\n|-fieldstart|move: Grassy Terrain|[from] ability: Grassy Surge|[of] p2a: Rillaboom\n|turn|19\n|\n|t:|1699907425\n|switch|p1a: Mandibuzz|Mandibuzz, F|100\/100\n|move|p2a: Rillaboom|Drain Punch|p1a: Mandibuzz\n|-damage|p1a: Mandibuzz|76\/100\n|-heal|p2a: Rillaboom|98\/100|[from] drain|[of] p1a: Mandibuzz\n|\n|-heal|p2a: Rillaboom|100\/100|[from] Grassy Terrain\n|upkeep\n|turn|20\n|inactive|Battle timer is ON: inactive players will automatically lose when time's up. (requested by ba2ozknRR)\n|\n|t:|1699907429\n|move|p2a: Rillaboom|Drain Punch|p1a: Mandibuzz\n|-damage|p1a: Mandibuzz|53\/100\n|move|p1a: Mandibuzz|Foul Play|p2a: Rillaboom\n|-damage|p2a: Rillaboom|40\/100\n|\n|-heal|p2a: Rillaboom|47\/100|[from] Grassy Terrain\n|upkeep\n|turn|21\n|\n|t:|1699907434\n|move|p2a: Rillaboom|Drain Punch|p1a: Mandibuzz\n|-damage|p1a: Mandibuzz|29\/100\n|-heal|p2a: Rillaboom|61\/100|[from] drain|[of] p1a: Mandibuzz\n|move|p1a: Mandibuzz|Roost|p1a: Mandibuzz\n|-heal|p1a: Mandibuzz|79\/100\n|-singleturn|p1a: Mandibuzz|move: Roost\n|\n|-heal|p2a: Rillaboom|68\/100|[from] Grassy Terrain\n|-heal|p1a: Mandibuzz|85\/100|[from] Grassy Terrain\n|upkeep\n|turn|22\n|-message|ba2ozknRR forfeited.\n|\n|win|Welcometoearth420\n|raw|Welcometoearth420's rating: 1595 &rarr; <strong>1613<\/strong><br \/>(+18 for winning)\n|raw|ba2ozknRR's rating: 1565 &rarr; <strong>1547<\/strong><br \/>(-18 for losing)\n|l|\u2606ba2ozknRR\n","uploadtime":1699907443,"views":13,"p1id":"welcometoearth420","p2id":"ba2ozknrr","formatid":"gen9ou","rating":1547,"private":0,"password":""}