{"id":"gen9ou-1991065839","p1":"GodOfTor","p2":"Diereta","format":"[Gen 9] OU","log":"|j|\u2606GodOfTor\n|j|\u2606Diereta\n|t:|1700037353\n|gametype|singles\n|player|p1|GodOfTor|266|1564\n|player|p2|Diereta|gambler|1814\n|teamsize|p1|6\n|teamsize|p2|6\n|gen|9\n|tier|[Gen 9] OU\n|rated|\n|rule|Sleep Clause Mod: Limit one foe put to sleep\n|rule|Species Clause: Limit one of each Pok\u00e9mon\n|rule|OHKO Clause: OHKO moves are banned\n|rule|Evasion Items Clause: Evasion items are banned\n|rule|Evasion Moves Clause: Evasion moves are banned\n|rule|Endless Battle Clause: Forcing endless battles is banned\n|rule|HP Percentage Mod: HP is shown in percentages\n|clearpoke\n|poke|p1|Rillaboom, M|\n|poke|p1|Cinderace, M|\n|poke|p1|Ogerpon-Cornerstone, F|\n|poke|p1|Kingambit, M|\n|poke|p1|Great Tusk|\n|poke|p1|Iron Valiant|\n|poke|p2|Goodra-Hisui, F|\n|poke|p2|Ogerpon-Wellspring, F|\n|poke|p2|Donphan, M|\n|poke|p2|Zamazenta-*|\n|poke|p2|Cinderace, M|\n|poke|p2|Zapdos|\n|teampreview\n|inactive|Battle timer is ON: inactive players will automatically lose when time's up. (requested by GodOfTor)\n|\n|t:|1700037375\n|start\n|switch|p1a: Cinderace|Cinderace, M|100\/100\n|switch|p2a: Rammot|Cinderace, M|100\/100\n|turn|1\n|\n|t:|1700037396\n|move|p2a: Rammot|U-turn|p1a: Cinderace\n|-resisted|p1a: Cinderace\n|-damage|p1a: Cinderace|88\/100\n|\n|t:|1700037402\n|switch|p2a: Zip-Zap-Dos|Zapdos|100\/100|[from] U-turn\n|move|p1a: Cinderace|U-turn|p2a: Zip-Zap-Dos\n|-resisted|p2a: Zip-Zap-Dos\n|-crit|p2a: Zip-Zap-Dos\n|-damage|p2a: Zip-Zap-Dos|85\/100\n|-damage|p1a: Cinderace|72\/100|[from] item: Rocky Helmet|[of] p2a: Zip-Zap-Dos\n|-status|p1a: Cinderace|par|[from] ability: Static|[of] p2a: Zip-Zap-Dos\n|\n|t:|1700037409\n|switch|p1a: Ogerpon|Ogerpon-Cornerstone, F|100\/100|[from] U-turn\n|\n|upkeep\n|turn|2\n|inactive|Diereta has 120 seconds left.\n|\n|t:|1700037455\n|switch|p2a: Rhaenyra|Goodra-Hisui, F|100\/100\n|move|p1a: Ogerpon|Ivy Cudgel|p2a: Rhaenyra|[anim] Ivy Cudgel Rock\n|-resisted|p2a: Rhaenyra\n|-damage|p2a: Rhaenyra|72\/100\n|\n|upkeep\n|turn|3\n|\n|t:|1700037459\n|-terastallize|p2a: Rhaenyra|Fairy\n|move|p1a: Ogerpon|Low Kick|p2a: Rhaenyra\n|-resisted|p2a: Rhaenyra\n|-damage|p2a: Rhaenyra|48\/100\n|move|p2a: Rhaenyra|Flash Cannon|p1a: Ogerpon\n|-supereffective|p1a: Ogerpon\n|-damage|p1a: Ogerpon|1\/100\n|\n|upkeep\n|turn|4\n|inactive|Diereta has 120 seconds left.\n|inactive|Diereta has 90 seconds left.\n|\n|t:|1700037516\n|switch|p2a: WhatTheDogDoing?|Zamazenta|100\/100\n|-ability|p2a: WhatTheDogDoing?|Dauntless Shield|boost\n|-boost|p2a: WhatTheDogDoing?|def|1\n|move|p1a: Ogerpon|Ivy Cudgel|p2a: WhatTheDogDoing?|[anim] Ivy Cudgel Rock\n|-resisted|p2a: WhatTheDogDoing?\n|-crit|p2a: WhatTheDogDoing?\n|-damage|p2a: WhatTheDogDoing?|59\/100\n|\n|upkeep\n|turn|5\n|\n|t:|1700037527\n|switch|p1a: Great Tusk|Great Tusk|100\/100\n|move|p2a: WhatTheDogDoing?|Close Combat|p1a: Great Tusk\n|-damage|p1a: Great Tusk|62\/100\n|-unboost|p2a: WhatTheDogDoing?|def|1\n|-unboost|p2a: WhatTheDogDoing?|spd|1\n|-damage|p2a: WhatTheDogDoing?|42\/100|[from] item: Rocky Helmet|[of] p1a: Great Tusk\n|\n|upkeep\n|turn|6\n|\n|t:|1700037542\n|switch|p2a: Zip-Zap-Dos|Zapdos|85\/100\n|move|p1a: Great Tusk|Stealth Rock|p2a: Zip-Zap-Dos\n|-sidestart|p2: Diereta|move: Stealth Rock\n|\n|upkeep\n|turn|7\n|\n|t:|1700037549\n|move|p1a: Great Tusk|Ice Spinner|p2a: Zip-Zap-Dos\n|-supereffective|p2a: Zip-Zap-Dos\n|-damage|p2a: Zip-Zap-Dos|35\/100\n|-damage|p1a: Great Tusk|45\/100|[from] item: Rocky Helmet|[of] p2a: Zip-Zap-Dos\n|move|p2a: Zip-Zap-Dos|Hurricane|p1a: Great Tusk\n|-supereffective|p1a: Great Tusk\n|-damage|p1a: Great Tusk|0 fnt\n|faint|p1a: Great Tusk\n|-end|p1a: Great Tusk|Protosynthesis|[silent]\n|\n|upkeep\n|\n|t:|1700037555\n|switch|p1a: Ogerpon|Ogerpon-Cornerstone, F|1\/100\n|turn|8\n|inactive|Diereta has 90 seconds left.\n|inactive|Diereta has 60 seconds left.\n|j| teamtester48\n|\n|t:|1700037599\n|switch|p2a: Kandula|Donphan, M|100\/100\n|move|p1a: Ogerpon|Ivy Cudgel|p2a: Kandula|[anim] Ivy Cudgel Rock\n|-resisted|p2a: Kandula\n|-damage|p2a: Kandula|72\/100\n|\n|upkeep\n|turn|9\n|\n|t:|1700037610\n|switch|p1a: Rillaboom|Rillaboom, M|100\/100\n|-fieldstart|move: Grassy Terrain|[from] ability: Grassy Surge|[of] p1a: Rillaboom\n|move|p2a: Kandula|Ice Shard|p1a: Rillaboom\n|-supereffective|p1a: Rillaboom\n|-damage|p1a: Rillaboom|71\/100\n|\n|-heal|p1a: Rillaboom|77\/100|[from] Grassy Terrain\n|-heal|p2a: Kandula|78\/100|[from] Grassy Terrain\n|upkeep\n|turn|10\n|\n|t:|1700037618\n|switch|p2a: Rhaenyra|Goodra-Hisui, F, tera:Fairy|48\/100\n|-damage|p2a: Rhaenyra|36\/100|[from] Stealth Rock\n|move|p1a: Rillaboom|Knock Off|p2a: Rhaenyra\n|-resisted|p2a: Rhaenyra\n|-damage|p2a: Rhaenyra|12\/100\n|-enditem|p2a: Rhaenyra|Assault Vest|[from] move: Knock Off|[of] p1a: Rillaboom\n|\n|-heal|p1a: Rillaboom|83\/100|[from] Grassy Terrain\n|-heal|p2a: Rhaenyra|18\/100|[from] Grassy Terrain\n|upkeep\n|turn|11\n|\n|t:|1700037629\n|switch|p1a: Cinderace|Cinderace, M|72\/100 par\n|move|p2a: Rhaenyra|Draco Meteor|p1a: Cinderace\n|-damage|p1a: Cinderace|0 fnt\n|-unboost|p2a: Rhaenyra|spa|2\n|faint|p1a: Cinderace\n|\n|-heal|p2a: Rhaenyra|24\/100|[from] Grassy Terrain\n|upkeep\n|\n|t:|1700037638\n|switch|p1a: Ogerpon|Ogerpon-Cornerstone, F|1\/100\n|turn|12\n|\n|t:|1700037642\n|move|p1a: Ogerpon|Ivy Cudgel|p2a: Rhaenyra|[anim] Ivy Cudgel Rock\n|-damage|p2a: Rhaenyra|0 fnt\n|faint|p2a: Rhaenyra\n|\n|-heal|p1a: Ogerpon|7\/100|[from] Grassy Terrain\n|upkeep\n|\n|t:|1700037644\n|switch|p2a: Rammot|Cinderace, M|100\/100\n|turn|13\n|\n|t:|1700037657\n|switch|p1a: Iron Valiant|Iron Valiant|100\/100\n|-enditem|p1a: Iron Valiant|Booster Energy\n|-activate|p1a: Iron Valiant|ability: Quark Drive|[fromitem]\n|-start|p1a: Iron Valiant|quarkdrivespe\n|move|p2a: Rammot|Pyro Ball|p1a: Iron Valiant\n|-crit|p1a: Iron Valiant\n|-damage|p1a: Iron Valiant|9\/100\n|\n|-heal|p1a: Iron Valiant|15\/100|[from] Grassy Terrain\n|-fieldend|move: Grassy Terrain\n|upkeep\n|turn|14\n|inactive|Diereta has 120 seconds left.\n|\n|t:|1700037668\n|move|p1a: Iron Valiant|Thunderbolt|p2a: Rammot\n|-damage|p2a: Rammot|63\/100\n|move|p2a: Rammot|Court Change|p2a: Rammot\n|-swapsideconditions\n|-activate|p2a: Rammot|move: Court Change\n|\n|upkeep\n|turn|15\n|inactive|Diereta has 120 seconds left.\n|\n|t:|1700037674\n|switch|p2a: Kandula|Donphan, M|78\/100\n|move|p1a: Iron Valiant|Encore||[still]\n|-fail|p1a: Iron Valiant\n|\n|upkeep\n|turn|16\n|\n|t:|1700037677\n|move|p2a: Kandula|Ice Shard|p1a: Iron Valiant\n|-damage|p1a: Iron Valiant|0 fnt\n|faint|p1a: Iron Valiant\n|-end|p1a: Iron Valiant|Quark Drive|[silent]\n|\n|upkeep\n|\n|t:|1700037684\n|switch|p1a: Rillaboom|Rillaboom, M|83\/100\n|-damage|p1a: Rillaboom|71\/100|[from] Stealth Rock\n|-fieldstart|move: Grassy Terrain|[from] ability: Grassy Surge|[of] p1a: Rillaboom\n|turn|17\n|\n|t:|1700037688\n|switch|p2a: Zip-Zap-Dos|Zapdos|35\/100\n|move|p1a: Rillaboom|Grassy Glide|p2a: Zip-Zap-Dos\n|-resisted|p2a: Zip-Zap-Dos\n|-damage|p2a: Zip-Zap-Dos|2\/100\n|-damage|p1a: Rillaboom|54\/100|[from] item: Rocky Helmet|[of] p2a: Zip-Zap-Dos\n|\n|-heal|p1a: Rillaboom|60\/100|[from] Grassy Terrain\n|upkeep\n|turn|18\n|\n|t:|1700037692\n|move|p1a: Rillaboom|Grassy Glide|p2a: Zip-Zap-Dos\n|-resisted|p2a: Zip-Zap-Dos\n|-damage|p2a: Zip-Zap-Dos|0 fnt\n|-damage|p1a: Rillaboom|44\/100|[from] item: Rocky Helmet|[of] p2a: Zip-Zap-Dos\n|faint|p2a: Zip-Zap-Dos\n|\n|-heal|p1a: Rillaboom|50\/100|[from] Grassy Terrain\n|upkeep\n|\n|t:|1700037694\n|switch|p2a: Rammot|Cinderace, M|63\/100\n|turn|19\n|\n|t:|1700037708\n|move|p1a: Rillaboom|Grassy Glide|p2a: Rammot\n|-resisted|p2a: Rammot\n|-damage|p2a: Rammot|27\/100\n|move|p2a: Rammot|Pyro Ball|p1a: Rillaboom\n|-supereffective|p1a: Rillaboom\n|-damage|p1a: Rillaboom|0 fnt\n|faint|p1a: Rillaboom\n|\n|-heal|p2a: Rammot|33\/100|[from] Grassy Terrain\n|upkeep\n|\n|t:|1700037714\n|switch|p1a: Kingambit|Kingambit, M|100\/100\n|-damage|p1a: Kingambit|94\/100|[from] Stealth Rock\n|-activate|p1a: Kingambit|ability: Supreme Overlord\n|-start|p1a: Kingambit|fallen4|[silent]\n|-item|p1a: Kingambit|Air Balloon\n|turn|20\n|\n|t:|1700037725\n|-terastallize|p1a: Kingambit|Fighting\n|move|p2a: Rammot|Will-O-Wisp|p1a: Kingambit|[miss]\n|-miss|p2a: Rammot|p1a: Kingambit\n|move|p1a: Kingambit|Low Kick|p2a: Rammot\n|-damage|p2a: Rammot|0 fnt\n|faint|p2a: Rammot\n|\n|upkeep\n|\n|t:|1700037730\n|switch|p2a: Kandula|Donphan, M|78\/100\n|turn|21\n|\n|t:|1700037736\n|move|p2a: Kandula|Encore|p1a: Kingambit\n|-start|p1a: Kingambit|Encore\n|move|p1a: Kingambit|Low Kick|p2a: Kandula\n|-damage|p2a: Kandula|3\/100\n|\n|-heal|p2a: Kandula|9\/100|[from] Grassy Terrain\n|-fieldend|move: Grassy Terrain\n|upkeep\n|turn|22\n|\n|t:|1700037744\n|move|p2a: Kandula|Endeavor|p1a: Kingambit\n|-damage|p1a: Kingambit|7\/100\n|-enditem|p1a: Kingambit|Air Balloon\n|move|p1a: Kingambit|Low Kick|p2a: Kandula\n|-damage|p2a: Kandula|0 fnt\n|faint|p2a: Kandula\n|\n|upkeep\n|c|\u2606Diereta|Gg.\n|\n|t:|1700037753\n|switch|p2a: Ogo|Ogerpon-Wellspring, F|100\/100\n|turn|23\n|\n|t:|1700037756\n|-end|p1a: Kingambit|fallen4|[silent]\n|switch|p1a: Ogerpon|Ogerpon-Cornerstone, F|7\/100\n|-damage|p1a: Ogerpon|0 fnt|[from] Stealth Rock\n|faint|p1a: Ogerpon\n|move|p2a: Ogo|Ivy Cudgel|p1: Ogerpon|[notarget]\n|-fail|p2a: Ogo\n|\n|upkeep\n|\n|t:|1700037759\n|switch|p1a: Kingambit|Kingambit, M, tera:Fighting|7\/100\n|-damage|p1a: Kingambit|1\/100|[from] Stealth Rock\n|-activate|p1a: Kingambit|ability: Supreme Overlord\n|-start|p1a: Kingambit|fallen5|[silent]\n|turn|24\n|\n|t:|1700037765\n|move|p2a: Ogo|Substitute|p2a: Ogo\n|-start|p2a: Ogo|Substitute\n|-damage|p2a: Ogo|76\/100\n|move|p1a: Kingambit|Low Kick|p2a: Ogo\n|-end|p2a: Ogo|Substitute\n|\n|upkeep\n|turn|25\n|\n|t:|1700037769\n|move|p2a: Ogo|Substitute|p2a: Ogo\n|-start|p2a: Ogo|Substitute\n|-damage|p2a: Ogo|51\/100\n|move|p1a: Kingambit|Low Kick|p2a: Ogo\n|-end|p2a: Ogo|Substitute\n|\n|upkeep\n|turn|26\n|\n|t:|1700037771\n|move|p1a: Kingambit|Sucker Punch||[still]\n|-fail|p1a: Kingambit\n|move|p2a: Ogo|Substitute|p2a: Ogo\n|-start|p2a: Ogo|Substitute\n|-damage|p2a: Ogo|26\/100\n|\n|upkeep\n|turn|27\n|\n|t:|1700037774\n|move|p1a: Kingambit|Sucker Punch|p2a: Ogo\n|-end|p2a: Ogo|Substitute\n|move|p2a: Ogo|Ivy Cudgel|p1a: Kingambit|[anim] Ivy Cudgel Water\n|-damage|p1a: Kingambit|0 fnt\n|faint|p1a: Kingambit\n|-end|p1a: Kingambit|fallen5|[silent]\n|\n|win|Diereta\n|raw|GodOfTor's rating: 1564 &rarr; <strong>1557<\/strong><br \/>(-7 for losing)\n|raw|Diereta's rating: 1829 &rarr; <strong>1836<\/strong><br \/>(+7 for winning)\n|l|\u2606GodOfTor\n|l| teamtester48\n","uploadtime":1700037785,"views":25,"p1id":"godoftor","p2id":"diereta","formatid":"gen9ou","rating":1557,"private":0,"password":""}