{"id":"gen9ou-1991989644","p1":"Spacethug22","p2":"ddddddwqeassss","format":"[Gen 9] OU","log":"|j|\u2606Spacethug22\n|j|\u2606ddddddwqeassss\n|t:|1700145595\n|gametype|singles\n|player|p1|Spacethug22|102|1141\n|player|p2|ddddddwqeassss|gentleman|1040\n|teamsize|p1|6\n|teamsize|p2|6\n|gen|9\n|tier|[Gen 9] OU\n|rated|\n|rule|Sleep Clause Mod: Limit one foe put to sleep\n|rule|Species Clause: Limit one of each Pok\u00e9mon\n|rule|OHKO Clause: OHKO moves are banned\n|rule|Evasion Items Clause: Evasion items are banned\n|rule|Evasion Moves Clause: Evasion moves are banned\n|rule|Endless Battle Clause: Forcing endless battles is banned\n|rule|HP Percentage Mod: HP is shown in percentages\n|clearpoke\n|poke|p1|Kingambit, M|\n|poke|p1|Walking Wake|\n|poke|p1|Toxapex, F|\n|poke|p1|Torkoal, M|\n|poke|p1|Enamorus, F|\n|poke|p1|Great Tusk|\n|poke|p2|Zapdos|\n|poke|p2|Slowking-Galar, M|\n|poke|p2|Perrserker, M|\n|poke|p2|Great Tusk|\n|poke|p2|Crawdaunt, F|\n|poke|p2|Mandibuzz, F|\n|teampreview\n|\n|t:|1700145605\n|start\n|switch|p1a: me|Enamorus, F|100\/100\n|switch|p2a: Slowking|Slowking-Galar, M|100\/100\n|turn|1\n|\n|t:|1700145614\n|move|p1a: me|Earth Power|p2a: Slowking\n|-supereffective|p2a: Slowking\n|-damage|p2a: Slowking|50\/100\n|-unboost|p2a: Slowking|spd|1\n|move|p2a: Slowking|Future Sight|p1a: me\n|-start|p2a: Slowking|move: Future Sight\n|\n|upkeep\n|turn|2\n|\n|t:|1700145621\n|switch|p2a: Zapdos|Zapdos|100\/100\n|move|p1a: me|Earth Power|p2a: Zapdos\n|-immune|p2a: Zapdos\n|\n|upkeep\n|turn|3\n|\n|t:|1700145630\n|switch|p1a: Kanye West|Toxapex, F, shiny|100\/100\n|move|p2a: Zapdos|Volt Switch|p1a: Kanye West\n|-supereffective|p1a: Kanye West\n|-damage|p1a: Kanye West|56\/100\n|\n|t:|1700145636\n|switch|p2a: Crawdaunt|Crawdaunt, F|100\/100|[from] Volt Switch\n|\n|-end|p1a: Kanye West|move: Future Sight\n|-supereffective|p1a: Kanye West\n|-damage|p1a: Kanye West|0 fnt\n|faint|p1a: Kanye West\n|upkeep\n|\n|t:|1700145645\n|switch|p1a: me|Enamorus, F|100\/100\n|turn|4\n|\n|t:|1700145652\n|switch|p2a: Slowking|Slowking-Galar, M|83\/100\n|move|p1a: me|Earth Power|p2a: Slowking\n|-supereffective|p2a: Slowking\n|-damage|p2a: Slowking|36\/100\n|\n|upkeep\n|turn|5\n|\n|t:|1700145667\n|switch|p1a: Torkoal|Torkoal, M|100\/100\n|-weather|SunnyDay|[from] ability: Drought|[of] p1a: Torkoal\n|switch|p2a: Zapdos|Zapdos|100\/100\n|\n|-weather|SunnyDay|[upkeep]\n|upkeep\n|turn|6\n|\n|t:|1700145676\n|move|p2a: Zapdos|Volt Switch|p1a: Torkoal\n|-damage|p1a: Torkoal|74\/100\n|\n|t:|1700145679\n|switch|p2a: Slowking|Slowking-Galar, M|70\/100|[from] Volt Switch\n|move|p1a: Torkoal|Yawn|p2a: Slowking\n|-start|p2a: Slowking|move: Yawn|[of] p1a: Torkoal\n|\n|-weather|SunnyDay|[upkeep]\n|upkeep\n|turn|7\n|\n|t:|1700145688\n|move|p1a: Torkoal|Lava Plume|p2a: Slowking\n|-damage|p2a: Slowking|41\/100\n|-status|p2a: Slowking|brn\n|move|p2a: Slowking|Chilly Reception|p2a: Slowking\n|-weather|Snow\n|\n|t:|1700145698\n|switch|p2a: Crawdaunt|Crawdaunt, F|100\/100|[from] Chilly Reception\n|\n|-weather|Snow|[upkeep]\n|upkeep\n|turn|8\n|\n|t:|1700145708\n|switch|p1a: me|Enamorus, F|100\/100\n|move|p2a: Crawdaunt|Knock Off|p1a: me\n|-resisted|p1a: me\n|-damage|p1a: me|6\/100\n|-enditem|p1a: me|Choice Scarf|[from] move: Knock Off|[of] p2a: Crawdaunt\n|\n|-weather|Snow|[upkeep]\n|upkeep\n|turn|9\n|\n|t:|1700145728\n|switch|p2a: Zapdos|Zapdos|100\/100\n|move|p1a: me|Moonblast|p2a: Zapdos\n|-damage|p2a: Zapdos|67\/100\n|-unboost|p2a: Zapdos|spa|1\n|\n|-weather|Snow|[upkeep]\n|upkeep\n|turn|10\n|\n|t:|1700145743\n|-terastallize|p1a: me|Fairy\n|move|p1a: me|Moonblast|p2a: Zapdos\n|-damage|p2a: Zapdos|23\/100\n|move|p2a: Zapdos|Roost|p2a: Zapdos\n|-heal|p2a: Zapdos|73\/100\n|-singleturn|p2a: Zapdos|move: Roost\n|\n|-weather|Snow|[upkeep]\n|upkeep\n|turn|11\n|\n|t:|1700145754\n|move|p1a: me|Moonblast|p2a: Zapdos\n|-damage|p2a: Zapdos|26\/100\n|move|p2a: Zapdos|Roost|p2a: Zapdos\n|-heal|p2a: Zapdos|76\/100\n|-singleturn|p2a: Zapdos|move: Roost\n|\n|-weather|none\n|upkeep\n|turn|12\n|\n|t:|1700145762\n|switch|p2a: Slowking|Slowking-Galar, M|74\/100 brn\n|move|p1a: me|Moonblast|p2a: Slowking\n|-resisted|p2a: Slowking\n|-damage|p2a: Slowking|50\/100 brn\n|-unboost|p2a: Slowking|spa|1\n|\n|-damage|p2a: Slowking|44\/100 brn|[from] brn\n|upkeep\n|turn|13\n|\n|t:|1700145772\n|switch|p2a: Perrserker|Perrserker, M|100\/100\n|move|p1a: me|Earth Power|p2a: Perrserker\n|-supereffective|p2a: Perrserker\n|-damage|p2a: Perrserker|7\/100\n|\n|upkeep\n|turn|14\n|\n|t:|1700145779\n|move|p1a: me|Earth Power|p2a: Perrserker\n|-supereffective|p2a: Perrserker\n|-damage|p2a: Perrserker|0 fnt\n|faint|p2a: Perrserker\n|\n|upkeep\n|\n|t:|1700145793\n|switch|p2a: Slowking|Slowking-Galar, M|77\/100 brn\n|turn|15\n|\n|t:|1700145799\n|move|p1a: me|Earth Power|p2a: Slowking\n|-supereffective|p2a: Slowking\n|-damage|p2a: Slowking|30\/100 brn\n|move|p2a: Slowking|Ice Beam|p1a: me\n|-damage|p1a: me|0 fnt\n|faint|p1a: me\n|\n|-damage|p2a: Slowking|24\/100 brn|[from] brn\n|upkeep\n|\n|t:|1700145809\n|switch|p1a: Torkoal|Torkoal, M|74\/100\n|-weather|SunnyDay|[from] ability: Drought|[of] p1a: Torkoal\n|turn|16\n|\n|t:|1700145821\n|-terastallize|p2a: Slowking|Water\n|move|p1a: Torkoal|Lava Plume|p2a: Slowking\n|-resisted|p2a: Slowking\n|-damage|p2a: Slowking|11\/100 brn\n|move|p2a: Slowking|Chilly Reception|p2a: Slowking\n|-weather|Snow\n|\n|t:|1700145842\n|switch|p2a: Zapdos|Zapdos|76\/100|[from] Chilly Reception\n|\n|-weather|Snow|[upkeep]\n|upkeep\n|turn|17\n|\n|t:|1700145850\n|switch|p1a: John|Great Tusk|100\/100\n|move|p2a: Zapdos|Volt Switch|p1a: John\n|-immune|p1a: John\n|\n|-weather|Snow|[upkeep]\n|upkeep\n|turn|18\n|\n|t:|1700145859\n|move|p2a: Zapdos|Volt Switch|p1a: John\n|-immune|p1a: John\n|move|p1a: John|Knock Off|p2a: Zapdos\n|-damage|p2a: Zapdos|46\/100\n|-enditem|p2a: Zapdos|Heavy-Duty Boots|[from] move: Knock Off|[of] p1a: John\n|\n|-weather|Snow|[upkeep]\n|upkeep\n|turn|19\n|\n|t:|1700145870\n|move|p2a: Zapdos|Hurricane|p1a: John\n|-supereffective|p1a: John\n|-damage|p1a: John|0 fnt\n|faint|p1a: John\n|-end|p1a: John|Protosynthesis|[silent]\n|\n|-weather|Snow|[upkeep]\n|upkeep\n|\n|t:|1700145879\n|switch|p1a: Torkoal|Torkoal, M|74\/100\n|-weather|SunnyDay|[from] ability: Drought|[of] p1a: Torkoal\n|turn|20\n|\n|t:|1700145884\n|move|p2a: Zapdos|Roost|p2a: Zapdos\n|-heal|p2a: Zapdos|96\/100\n|-singleturn|p2a: Zapdos|move: Roost\n|move|p1a: Torkoal|Lava Plume|p2a: Zapdos\n|-damage|p2a: Zapdos|73\/100\n|-status|p2a: Zapdos|brn\n|\n|-weather|SunnyDay|[upkeep]\n|-damage|p2a: Zapdos|67\/100 brn|[from] brn\n|upkeep\n|turn|21\n|\n|t:|1700145898\n|switch|p1a: Jack|Walking Wake|100\/100\n|-activate|p1a: Jack|ability: Protosynthesis\n|-start|p1a: Jack|protosynthesisspa\n|move|p2a: Zapdos|Volt Switch|p1a: Jack\n|-damage|p1a: Jack|65\/100\n|\n|t:|1700145911\n|switch|p2a: Slowking|Slowking-Galar, M, tera:Water|44\/100 brn|[from] Volt Switch\n|\n|-weather|SunnyDay|[upkeep]\n|-damage|p2a: Slowking|38\/100 brn|[from] brn\n|upkeep\n|turn|22\n|\n|t:|1700145925\n|switch|p2a: Mandibuzz|Mandibuzz, F|100\/100\n|move|p1a: Jack|Hydro Steam|p2a: Mandibuzz\n|-damage|p2a: Mandibuzz|0 fnt\n|faint|p2a: Mandibuzz\n|\n|-weather|SunnyDay|[upkeep]\n|upkeep\n|\n|t:|1700145963\n|switch|p2a: Slowking|Slowking-Galar, M, tera:Water|71\/100 brn\n|turn|23\n|\n|t:|1700145972\n|move|p1a: Jack|Hydro Steam|p2a: Slowking\n|-resisted|p2a: Slowking\n|-damage|p2a: Slowking|20\/100 brn\n|move|p2a: Slowking|Chilly Reception|p2a: Slowking\n|-weather|Snow\n|-end|p1a: Jack|Protosynthesis\n|\n|t:|1700145977\n|switch|p2a: Crawdaunt|Crawdaunt, F|100\/100|[from] Chilly Reception\n|\n|-weather|Snow|[upkeep]\n|upkeep\n|turn|24\n|\n|t:|1700145985\n|-end|p1a: Jack|Protosynthesis|[silent]\n|switch|p1a: Torkoal|Torkoal, M|74\/100\n|-weather|SunnyDay|[from] ability: Drought|[of] p1a: Torkoal\n|move|p2a: Crawdaunt|Knock Off|p1a: Torkoal\n|-damage|p1a: Torkoal|0 fnt\n|-enditem|p1a: Torkoal|Heat Rock|[from] move: Knock Off|[of] p2a: Crawdaunt\n|faint|p1a: Torkoal\n|\n|-weather|SunnyDay|[upkeep]\n|upkeep\n|\n|t:|1700145996\n|switch|p1a: Jack|Walking Wake|65\/100\n|-activate|p1a: Jack|ability: Protosynthesis\n|-start|p1a: Jack|protosynthesisspa\n|turn|25\n|\n|t:|1700146005\n|switch|p2a: Zapdos|Zapdos|67\/100 brn\n|move|p1a: Jack|Draco Meteor|p2a: Zapdos\n|-damage|p2a: Zapdos|0 fnt\n|-unboost|p1a: Jack|spa|2\n|faint|p2a: Zapdos\n|\n|-weather|SunnyDay|[upkeep]\n|upkeep\n|\n|t:|1700146038\n|switch|p2a: Slowking|Slowking-Galar, M, tera:Water|53\/100 brn\n|turn|26\n|\n|t:|1700146049\n|-end|p1a: Jack|Protosynthesis|[silent]\n|switch|p1a: Not Pikachoo|Kingambit, M, shiny|100\/100\n|-activate|p1a: Not Pikachoo|ability: Supreme Overlord\n|-start|p1a: Not Pikachoo|fallen4|[silent]\n|move|p2a: Slowking|Chilly Reception|p2a: Slowking\n|-weather|Snow\n|\n|t:|1700146053\n|switch|p2a: Great Tusk|Great Tusk, shiny|100\/100|[from] Chilly Reception\n|\n|-weather|Snow|[upkeep]\n|upkeep\n|turn|27\n|\n|t:|1700146062\n|-end|p1a: Not Pikachoo|fallen4|[silent]\n|switch|p1a: Jack|Walking Wake|65\/100\n|move|p2a: Great Tusk|Earthquake|p1a: Jack\n|-damage|p1a: Jack|14\/100\n|\n|-weather|Snow|[upkeep]\n|upkeep\n|turn|28\n|\n|t:|1700146071\n|-end|p2a: Great Tusk|Protosynthesis|[silent]\n|switch|p2a: Crawdaunt|Crawdaunt, F|100\/100\n|move|p1a: Jack|Hydro Steam|p2a: Crawdaunt\n|-resisted|p2a: Crawdaunt\n|-damage|p2a: Crawdaunt|47\/100\n|\n|-weather|Snow|[upkeep]\n|upkeep\n|turn|29\n|\n|t:|1700146079\n|move|p2a: Crawdaunt|Aqua Jet|p1a: Jack\n|-resisted|p1a: Jack\n|-damage|p1a: Jack|2\/100\n|move|p1a: Jack|Hydro Steam|p2a: Crawdaunt\n|-resisted|p2a: Crawdaunt\n|-damage|p2a: Crawdaunt|0 fnt\n|faint|p2a: Crawdaunt\n|\n|-weather|Snow|[upkeep]\n|upkeep\n|\n|t:|1700146083\n|switch|p2a: Slowking|Slowking-Galar, M, tera:Water|86\/100 brn\n|turn|30\n|\n|t:|1700146094\n|-end|p1a: Jack|Protosynthesis|[silent]\n|switch|p1a: Not Pikachoo|Kingambit, M, shiny|100\/100\n|-activate|p1a: Not Pikachoo|ability: Supreme Overlord\n|-start|p1a: Not Pikachoo|fallen4|[silent]\n|move|p2a: Slowking|Ice Beam|p1a: Not Pikachoo\n|-resisted|p1a: Not Pikachoo\n|-damage|p1a: Not Pikachoo|90\/100\n|\n|-weather|none\n|-heal|p1a: Not Pikachoo|96\/100|[from] item: Leftovers\n|-damage|p2a: Slowking|80\/100 brn|[from] brn\n|upkeep\n|turn|31\n|\n|t:|1700146107\n|move|p1a: Not Pikachoo|Kowtow Cleave|p2a: Slowking\n|-damage|p2a: Slowking|31\/100 brn\n|move|p2a: Slowking|Chilly Reception|p2a: Slowking\n|-weather|Snow\n|\n|t:|1700146112\n|switch|p2a: Great Tusk|Great Tusk, shiny|100\/100|[from] Chilly Reception\n|\n|-weather|Snow|[upkeep]\n|-heal|p1a: Not Pikachoo|100\/100|[from] item: Leftovers\n|upkeep\n|turn|32\n|\n|t:|1700146141\n|move|p1a: Not Pikachoo|Sucker Punch|p2a: Great Tusk\n|-resisted|p2a: Great Tusk\n|-damage|p2a: Great Tusk|88\/100\n|move|p2a: Great Tusk|Earthquake|p1a: Not Pikachoo\n|-supereffective|p1a: Not Pikachoo\n|-damage|p1a: Not Pikachoo|43\/100\n|\n|-weather|Snow|[upkeep]\n|-heal|p2a: Great Tusk|94\/100|[from] item: Leftovers\n|-heal|p1a: Not Pikachoo|49\/100|[from] item: Leftovers\n|upkeep\n|turn|33\n|\n|t:|1700146154\n|move|p2a: Great Tusk|Earthquake|p1a: Not Pikachoo\n|-supereffective|p1a: Not Pikachoo\n|-damage|p1a: Not Pikachoo|0 fnt\n|faint|p1a: Not Pikachoo\n|-end|p1a: Not Pikachoo|fallen4|[silent]\n|\n|-weather|Snow|[upkeep]\n|-heal|p2a: Great Tusk|99\/100|[from] item: Leftovers\n|upkeep\n|\n|t:|1700146161\n|switch|p1a: Jack|Walking Wake|2\/100\n|turn|34\n|\n|t:|1700146169\n|move|p1a: Jack|Draco Meteor|p2a: Great Tusk\n|-damage|p2a: Great Tusk|0 fnt\n|-unboost|p1a: Jack|spa|2\n|faint|p2a: Great Tusk\n|-end|p2a: Great Tusk|Protosynthesis|[silent]\n|\n|-weather|Snow|[upkeep]\n|upkeep\n|\n|t:|1700146172\n|switch|p2a: Slowking|Slowking-Galar, M, tera:Water|64\/100 brn\n|turn|35\n|\n|t:|1700146179\n|move|p1a: Jack|Draco Meteor|p2a: Slowking\n|-damage|p2a: Slowking|27\/100 brn\n|-unboost|p1a: Jack|spa|2\n|move|p2a: Slowking|Ice Beam|p1a: Jack\n|-damage|p1a: Jack|0 fnt\n|faint|p1a: Jack\n|-end|p1a: Jack|Protosynthesis|[silent]\n|\n|win|ddddddwqeassss\n|raw|Spacethug22's rating: 1141 &rarr; <strong>1109<\/strong><br \/>(-32 for losing)\n|raw|ddddddwqeassss's rating: 1040 &rarr; <strong>1084<\/strong><br \/>(+44 for winning)\n","uploadtime":1700146184,"views":6,"p1id":"spacethug22","p2id":"ddddddwqeassss","formatid":"gen9ou","rating":1084,"private":0,"password":""}