{"id":"gen9ou-1990451839","p1":"Z-pokemaster2000","p2":"StazMTA","format":"[Gen 9] OU","log":"|j|\u2606Z-pokemaster2000\n|j|\u2606StazMTA\n|t:|1699972278\n|gametype|singles\n|player|p1|Z-pokemaster2000|veteran|1734\n|player|p2|StazMTA|iris-gen5bw2|1616\n|teamsize|p1|6\n|teamsize|p2|6\n|gen|9\n|tier|[Gen 9] OU\n|rated|\n|rule|Sleep Clause Mod: Limit one foe put to sleep\n|rule|Species Clause: Limit one of each Pok\u00e9mon\n|rule|OHKO Clause: OHKO moves are banned\n|rule|Evasion Items Clause: Evasion items are banned\n|rule|Evasion Moves Clause: Evasion moves are banned\n|rule|Endless Battle Clause: Forcing endless battles is banned\n|rule|HP Percentage Mod: HP is shown in percentages\n|clearpoke\n|poke|p1|Okidogi, M|\n|poke|p1|Clefable, F|\n|poke|p1|Great Tusk|\n|poke|p1|Grimmsnarl, M|\n|poke|p1|Sinistcha-Masterpiece|\n|poke|p1|Ceruledge, M|\n|poke|p2|Ogerpon-Wellspring, F|\n|poke|p2|Cinderace, M|\n|poke|p2|Iron Valiant|\n|poke|p2|Dragonite, M|\n|poke|p2|Clefable, F|\n|poke|p2|Kingambit, F|\n|teampreview\n|inactive|Battle timer is ON: inactive players will automatically lose when time's up. (requested by Z-pokemaster2000)\n|inactive|Z-pokemaster2000 has 120 seconds left.\n|inactive|StazMTA has 120 seconds left.\n|\n|t:|1699972320\n|start\n|switch|p1a: Grimmsnarl|Grimmsnarl, M, shiny|100\/100\n|switch|p2a: Cinderace|Cinderace, M|100\/100\n|turn|1\n|\n|t:|1699972324\n|move|p1a: Grimmsnarl|Reflect|p1a: Grimmsnarl\n|-sidestart|p1: Z-pokemaster2000|Reflect\n|move|p2a: Cinderace|Pyro Ball|p1a: Grimmsnarl\n|-damage|p1a: Grimmsnarl|75\/100\n|\n|upkeep\n|turn|2\n|\n|t:|1699972329\n|move|p1a: Grimmsnarl|Taunt|p2a: Cinderace\n|-start|p2a: Cinderace|move: Taunt\n|move|p2a: Cinderace|U-turn|p1a: Grimmsnarl\n|-start|p2a: Cinderace|typechange|Bug|[from] ability: Libero\n|-damage|p1a: Grimmsnarl|59\/100\n|\n|t:|1699972341\n|switch|p2a: Clefable|Clefable, F|100\/100|[from] U-turn\n|\n|upkeep\n|turn|3\n|\n|t:|1699972347\n|move|p1a: Grimmsnarl|Parting Shot|p2a: Clefable\n|-unboost|p2a: Clefable|atk|1\n|-unboost|p2a: Clefable|spa|1\n|j| Neutralist\n|j| Duoi bau\n|inactive|Z-pokemaster2000 has 120 seconds left.\n|\n|t:|1699972380\n|switch|p1a: Ceruledge|Ceruledge, M|100\/100|[from] Parting Shot\n|move|p2a: Clefable|Moonblast|p1a: Ceruledge\n|-resisted|p1a: Ceruledge\n|-damage|p1a: Ceruledge|85\/100\n|\n|-heal|p1a: Ceruledge|91\/100|[from] item: Leftovers\n|upkeep\n|turn|4\n|j| plasmaflare2001\n|\n|t:|1699972388\n|move|p1a: Ceruledge|Swords Dance|p1a: Ceruledge\n|-boost|p1a: Ceruledge|atk|2\n|move|p2a: Clefable|Thunder Wave|p1a: Ceruledge\n|-status|p1a: Ceruledge|par\n|\n|-heal|p1a: Ceruledge|98\/100 par|[from] item: Leftovers\n|upkeep\n|turn|5\n|j| bpewn\n|l| plasmaflare2001\n|l| bpewn\n|inactive|StazMTA has 120 seconds left.\n|\n|t:|1699972419\n|switch|p2a: Ogerpon|Ogerpon-Wellspring, F|100\/100\n|move|p1a: Ceruledge|Poltergeist|p2a: Ogerpon\n|-activate|p2a: Ogerpon|move: Poltergeist|Wellspring Mask\n|-damage|p2a: Ogerpon|0 fnt\n|faint|p2a: Ogerpon\n|\n|-heal|p1a: Ceruledge|100\/100 par|[from] item: Leftovers\n|upkeep\n|inactive|StazMTA has 120 seconds left.\n|c|\u2606Z-pokemaster2000|**OH**\n|\n|t:|1699972451\n|switch|p2a: Cinderace|Cinderace, M|100\/100\n|turn|6\n|\n|t:|1699972470\n|move|p2a: Cinderace|Sucker Punch||[still]\n|-fail|p2a: Cinderace\n|move|p1a: Ceruledge|Swords Dance|p1a: Ceruledge\n|-boost|p1a: Ceruledge|atk|2\n|\n|upkeep\n|turn|7\n|\n|t:|1699972483\n|move|p2a: Cinderace|Sucker Punch||[still]\n|-fail|p2a: Cinderace\n|move|p1a: Ceruledge|Swords Dance|p1a: Ceruledge\n|-boost|p1a: Ceruledge|atk|2\n|\n|upkeep\n|turn|8\n|\n|t:|1699972491\n|move|p2a: Cinderace|Sucker Punch||[still]\n|-fail|p2a: Cinderace\n|move|p1a: Ceruledge|Swords Dance|p1a: Ceruledge\n|-boost|p1a: Ceruledge|atk|0\n|\n|-sideend|p1: Z-pokemaster2000|Reflect\n|upkeep\n|turn|9\n|inactive|StazMTA has 120 seconds left.\n|\n|t:|1699972511\n|move|p2a: Cinderace|Sucker Punch||[still]\n|-fail|p2a: Cinderace\n|move|p1a: Ceruledge|Swords Dance|p1a: Ceruledge\n|-boost|p1a: Ceruledge|atk|0\n|\n|upkeep\n|turn|10\n|\n|t:|1699972522\n|move|p2a: Cinderace|Pyro Ball|p1a: Ceruledge\n|-start|p1a: Ceruledge|ability: Flash Fire\n|move|p1a: Ceruledge|Swords Dance|p1a: Ceruledge\n|-boost|p1a: Ceruledge|atk|0\n|\n|upkeep\n|turn|11\n|inactive|Z-pokemaster2000 has 120 seconds left.\n|\n|t:|1699972557\n|move|p2a: Cinderace|Sucker Punch||[still]\n|-fail|p2a: Cinderace\n|cant|p1a: Ceruledge|par\n|\n|upkeep\n|turn|12\n|\n|t:|1699972562\n|move|p2a: Cinderace|U-turn|p1a: Ceruledge\n|-start|p2a: Cinderace|typechange|Bug|[from] ability: Libero\n|-resisted|p1a: Ceruledge\n|-damage|p1a: Ceruledge|93\/100 par\n|inactive|StazMTA has 120 seconds left.\n|\n|t:|1699972576\n|switch|p2a: Kingambit|Kingambit, F|100\/100|[from] U-turn\n|-activate|p2a: Kingambit|ability: Supreme Overlord\n|-start|p2a: Kingambit|fallen1|[silent]\n|move|p1a: Ceruledge|Bitter Blade|p2a: Kingambit\n|-supereffective|p2a: Kingambit\n|-damage|p2a: Kingambit|0 fnt\n|-heal|p1a: Ceruledge|100\/100 par|[from] drain|[of] p2a: Kingambit\n|faint|p2a: Kingambit\n|-end|p2a: Kingambit|fallen1|[silent]\n|\n|upkeep\n|inactive|StazMTA has 120 seconds left.\n|\n|t:|1699972583\n|switch|p2a: Iron Valiant|Iron Valiant|100\/100\n|-enditem|p2a: Iron Valiant|Booster Energy\n|-activate|p2a: Iron Valiant|ability: Quark Drive|[fromitem]\n|-start|p2a: Iron Valiant|quarkdrivespe\n|turn|13\n|c|\u2606Z-pokemaster2000|**OH**\n|inactive|Z-pokemaster2000 has 120 seconds left.\n|\n|t:|1699972620\n|move|p2a: Iron Valiant|Destiny Bond|p2a: Iron Valiant\n|-singlemove|p2a: Iron Valiant|Destiny Bond\n|cant|p1a: Ceruledge|par\n|\n|upkeep\n|turn|14\n|-message|StazMTA forfeited.\n|\n|win|Z-pokemaster2000\n|raw|Z-pokemaster2000's rating: 1734 &rarr; <strong>1747<\/strong><br \/>(+13 for winning)\n|raw|StazMTA's rating: 1616 &rarr; <strong>1603<\/strong><br \/>(-13 for losing)\n|l|\u2606StazMTA\n|c|\u2606Z-pokemaster2000|...\n|l| Duoi bau\n","uploadtime":1699972699,"views":12,"p1id":"zpokemaster2000","p2id":"stazmta","formatid":"gen9ou","rating":1603,"private":0,"password":""}