{"id":"gen9ou-1996468194","p1":"mista_meaty","p2":"Maneloskiop","format":"[Gen 9] OU","log":"|j|\u2606mista_meaty\n|j|\u2606Maneloskiop\n|t:|1700684929\n|gametype|singles\n|player|p1|mista_meaty|hiker-gen4|1196\n|player|p2|Maneloskiop|265|1243\n|teamsize|p1|6\n|teamsize|p2|6\n|gen|9\n|tier|[Gen 9] OU\n|rated|\n|rule|Sleep Clause Mod: Limit one foe put to sleep\n|rule|Species Clause: Limit one of each Pok\u00e9mon\n|rule|OHKO Clause: OHKO moves are banned\n|rule|Evasion Items Clause: Evasion items are banned\n|rule|Evasion Moves Clause: Evasion moves are banned\n|rule|Endless Battle Clause: Forcing endless battles is banned\n|rule|HP Percentage Mod: HP is shown in percentages\n|clearpoke\n|poke|p1|Slowking-Galar, M|\n|poke|p1|Gholdengo|\n|poke|p1|Ogerpon-Wellspring, F|\n|poke|p1|Iron Moth|\n|poke|p1|Great Tusk|\n|poke|p1|Dragonite, F|\n|poke|p2|Kingambit, F|\n|poke|p2|Ceruledge, M|\n|poke|p2|Conkeldurr, F|\n|poke|p2|Dragonite, M|\n|poke|p2|Cinderace, F|\n|poke|p2|Slowking-Galar, F|\n|teampreview\n|inactive|Battle timer is ON: inactive players will automatically lose when time's up. (requested by Maneloskiop)\n|\n|t:|1700684948\n|start\n|switch|p1a: Slowking|Slowking-Galar, M, shiny|100\/100\n|switch|p2a: Conkeldurr|Conkeldurr, F|100\/100\n|turn|1\n|inactive|mista_meaty has 120 seconds left.\n|\n|t:|1700684981\n|switch|p2a: Slowking|Slowking-Galar, F|100\/100\n|move|p1a: Slowking|Future Sight|p2a: Slowking\n|-start|p1a: Slowking|move: Future Sight\n|\n|upkeep\n|turn|2\n|\n|t:|1700684987\n|move|p2a: Slowking|Chilly Reception|p2a: Slowking\n|-weather|Snow\n|\n|t:|1700684994\n|switch|p2a: Kingambit|Kingambit, F|100\/100|[from] Chilly Reception\n|-item|p2a: Kingambit|Air Balloon\n|move|p1a: Slowking|Flamethrower|p2a: Kingambit\n|-supereffective|p2a: Kingambit\n|-damage|p2a: Kingambit|55\/100\n|-enditem|p2a: Kingambit|Air Balloon\n|\n|-weather|Snow|[upkeep]\n|upkeep\n|turn|3\n|\n|t:|1700685005\n|switch|p1a: Great Tusk|Great Tusk|100\/100\n|-enditem|p1a: Great Tusk|Booster Energy\n|-activate|p1a: Great Tusk|ability: Protosynthesis|[fromitem]\n|-start|p1a: Great Tusk|protosynthesisspe\n|move|p2a: Kingambit|Iron Head|p1a: Great Tusk\n|-damage|p1a: Great Tusk|69\/100\n|\n|-weather|Snow|[upkeep]\n|-end|p2a: Kingambit|move: Future Sight\n|-immune|p2a: Kingambit\n|upkeep\n|turn|4\n|\n|t:|1700685019\n|-end|p2a: Kingambit|fallenundefined|[silent]\n|switch|p2a: Dragonite|Dragonite, M|100\/100\n|move|p1a: Great Tusk|Earthquake|p2a: Dragonite\n|-immune|p2a: Dragonite\n|\n|-weather|Snow|[upkeep]\n|upkeep\n|turn|5\n|\n|t:|1700685026\n|move|p1a: Great Tusk|Ice Spinner|p2a: Dragonite\n|-supereffective|p2a: Dragonite\n|-damage|p2a: Dragonite|47\/100\n|move|p2a: Dragonite|Earthquake|p1a: Great Tusk\n|-damage|p1a: Great Tusk|44\/100\n|\n|-weather|Snow|[upkeep]\n|upkeep\n|turn|6\n|\n|t:|1700685045\n|switch|p2a: Ceruledge|Ceruledge, M|100\/100\n|move|p1a: Great Tusk|Ice Spinner|p2a: Ceruledge\n|-resisted|p2a: Ceruledge\n|-damage|p2a: Ceruledge|84\/100\n|-ability|p2a: Ceruledge|Weak Armor|boost\n|-unboost|p2a: Ceruledge|def|1\n|-boost|p2a: Ceruledge|spe|2\n|\n|-weather|none\n|upkeep\n|turn|7\n|\n|t:|1700685054\n|move|p2a: Ceruledge|Poltergeist||[still]\n|-fail|p2a: Ceruledge\n|move|p1a: Great Tusk|Earthquake|p2a: Ceruledge\n|-supereffective|p2a: Ceruledge\n|-damage|p2a: Ceruledge|0 fnt\n|faint|p2a: Ceruledge\n|\n|upkeep\n|c|\u2606Maneloskiop|im fucking dumb\n|\n|t:|1700685066\n|switch|p2a: Conkeldurr|Conkeldurr, F|100\/100\n|turn|8\n|c|\u2606mista_meaty|it happens to the best of us\n|\n|t:|1700685086\n|move|p1a: Great Tusk|Close Combat|p2a: Conkeldurr\n|-damage|p2a: Conkeldurr|53\/100\n|-unboost|p1a: Great Tusk|def|1\n|-unboost|p1a: Great Tusk|spd|1\n|move|p2a: Conkeldurr|Drain Punch|p1a: Great Tusk\n|-damage|p1a: Great Tusk|0 fnt\n|-heal|p2a: Conkeldurr|75\/100|[from] drain|[of] p1a: Great Tusk\n|faint|p1a: Great Tusk\n|-end|p1a: Great Tusk|Protosynthesis|[silent]\n|\n|upkeep\n|c|\u2606Maneloskiop|but it has happened like 7 times today xdddd\n|\n|t:|1700685101\n|switch|p1a: Gholdengo|Gholdengo|100\/100\n|-item|p1a: Gholdengo|Air Balloon\n|turn|9\n|\n|t:|1700685107\n|-terastallize|p2a: Conkeldurr|Fire\n|move|p1a: Gholdengo|Nasty Plot|p1a: Gholdengo\n|-boost|p1a: Gholdengo|spa|2\n|move|p2a: Conkeldurr|Fire Punch|p1a: Gholdengo\n|-supereffective|p1a: Gholdengo\n|-damage|p1a: Gholdengo|0 fnt\n|-enditem|p1a: Gholdengo|Air Balloon\n|faint|p1a: Gholdengo\n|\n|upkeep\n|c|\u2606mista_meaty|ooooooooof\n|\n|t:|1700685121\n|switch|p1a: Iron Moth|Iron Moth, shiny|100\/100\n|-enditem|p1a: Iron Moth|Booster Energy\n|-activate|p1a: Iron Moth|ability: Quark Drive|[fromitem]\n|-start|p1a: Iron Moth|quarkdrivespe\n|turn|10\n|\n|t:|1700685128\n|-terastallize|p1a: Iron Moth|Water\n|move|p1a: Iron Moth|Tera Blast|p2a: Conkeldurr|[anim] Tera Blast Water\n|-supereffective|p2a: Conkeldurr\n|-damage|p2a: Conkeldurr|1\/100\n|move|p2a: Conkeldurr|Drain Punch|p1a: Iron Moth\n|-damage|p1a: Iron Moth|23\/100\n|-heal|p2a: Conkeldurr|34\/100|[from] drain|[of] p1a: Iron Moth\n|\n|upkeep\n|turn|11\n|\n|t:|1700685137\n|move|p2a: Conkeldurr|Mach Punch|p1a: Iron Moth\n|-damage|p1a: Iron Moth|0 fnt\n|faint|p1a: Iron Moth\n|-end|p1a: Iron Moth|Quark Drive|[silent]\n|\n|upkeep\n|c|\u2606Maneloskiop|bruuhhhhh\n|\n|t:|1700685144\n|switch|p1a: Ogerpon|Ogerpon-Wellspring, F|100\/100\n|turn|12\n|c|\u2606Maneloskiop|that hurts\n|\n|t:|1700685149\n|move|p2a: Conkeldurr|Mach Punch|p1a: Ogerpon\n|-damage|p1a: Ogerpon|64\/100\n|move|p1a: Ogerpon|Ivy Cudgel|p2a: Conkeldurr|[anim] Ivy Cudgel Water\n|-supereffective|p2a: Conkeldurr\n|-damage|p2a: Conkeldurr|0 fnt\n|faint|p2a: Conkeldurr\n|\n|upkeep\n|\n|t:|1700685155\n|switch|p2a: Cinderace|Cinderace, F|100\/100\n|turn|13\n|\n|t:|1700685164\n|switch|p1a: Slowking|Slowking-Galar, M, shiny|100\/100\n|move|p2a: Cinderace|Pyro Ball|p1a: Slowking\n|-damage|p1a: Slowking|44\/100\n|-status|p1a: Slowking|brn\n|\n|-damage|p1a: Slowking|38\/100 brn|[from] brn\n|upkeep\n|turn|14\n|\n|t:|1700685175\n|move|p2a: Cinderace|Pyro Ball|p1a: Slowking\n|-damage|p1a: Slowking|0 fnt\n|faint|p1a: Slowking\n|\n|upkeep\n|inactive|mista_meaty has 120 seconds left.\n|\n|t:|1700685212\n|switch|p1a: Ogerpon|Ogerpon-Wellspring, F|64\/100\n|turn|15\n|\n|t:|1700685216\n|move|p2a: Cinderace|High Jump Kick|p1a: Ogerpon\n|-start|p2a: Cinderace|typechange|Fighting|[from] ability: Libero\n|-damage|p1a: Ogerpon|0 fnt\n|faint|p1a: Ogerpon\n|\n|upkeep\n|inactive|mista_meaty has 120 seconds left.\n|\n|t:|1700685221\n|switch|p1a: Dragonite|Dragonite, F|100\/100\n|turn|16\n|\n|t:|1700685224\n|move|p2a: Cinderace|Pyro Ball|p1a: Dragonite|[miss]\n|-miss|p2a: Cinderace|p1a: Dragonite\n|move|p1a: Dragonite|Dragon Dance|p1a: Dragonite\n|-boost|p1a: Dragonite|atk|1\n|-boost|p1a: Dragonite|spe|1\n|\n|upkeep\n|turn|17\n|c|\u2606mista_meaty|theres a chance\n|\n|t:|1700685238\n|move|p2a: Cinderace|Pyro Ball|p1a: Dragonite\n|-resisted|p1a: Dragonite\n|-damage|p1a: Dragonite|91\/100\n|move|p1a: Dragonite|Earthquake|p2a: Cinderace\n|-damage|p2a: Cinderace|23\/100\n|\n|upkeep\n|turn|18\n|\n|t:|1700685245\n|move|p1a: Dragonite|Extreme Speed|p2a: Cinderace\n|-damage|p2a: Cinderace|0 fnt\n|faint|p2a: Cinderace\n|\n|upkeep\n|\n|t:|1700685246\n|switch|p2a: Slowking|Slowking-Galar, F|100\/100\n|turn|19\n|\n|t:|1700685251\n|move|p1a: Dragonite|Earthquake|p2a: Slowking\n|-supereffective|p2a: Slowking\n|-damage|p2a: Slowking|0 fnt\n|faint|p2a: Slowking\n|\n|upkeep\n|n|!Maneloskiop|maneloskiop\n|\n|t:|1700685261\n|switch|p2a: Kingambit|Kingambit, F|55\/100\n|-activate|p2a: Kingambit|ability: Supreme Overlord\n|-start|p2a: Kingambit|fallen4|[silent]\n|turn|20\n|\n|t:|1700685265\n|move|p2a: Kingambit|Sucker Punch|p1a: Dragonite\n|-damage|p1a: Dragonite|35\/100\n|move|p1a: Dragonite|Earthquake|p2a: Kingambit\n|-supereffective|p2a: Kingambit\n|-damage|p2a: Kingambit|0 fnt\n|faint|p2a: Kingambit\n|-end|p2a: Kingambit|fallen4|[silent]\n|\n|upkeep\n|\n|t:|1700685267\n|switch|p2a: Dragonite|Dragonite, M|47\/100\n|turn|21\n|\n|t:|1700685285\n|move|p1a: Dragonite|Extreme Speed|p2a: Dragonite\n|-damage|p2a: Dragonite|0 fnt\n|faint|p2a: Dragonite\n|\n|win|mista_meaty\n|raw|mista_meaty's rating: 1196 &rarr; <strong>1224<\/strong><br \/>(+28 for winning)\n|raw|Maneloskiop's rating: 1243 &rarr; <strong>1215<\/strong><br \/>(-28 for losing)\n","uploadtime":1700685257,"views":0,"p1id":"mistameaty","p2id":"maneloskiop","formatid":"gen9ou","rating":1215,"private":0,"password":""}