{"id":"gen9ou-1998305141","p1":"natcentre","p2":"empoleon9000","format":"[Gen 9] OU","log":"|j|\u2606natcentre\n|j|\u2606empoleon9000\n|t:|1700927230\n|gametype|singles\n|player|p1|natcentre|101|\n|player|p2|empoleon9000|169|\n|teamsize|p1|6\n|teamsize|p2|6\n|gen|9\n|tier|[Gen 9] OU\n|rule|Sleep Clause Mod: Limit one foe put to sleep\n|rule|Species Clause: Limit one of each Pok\u00e9mon\n|rule|OHKO Clause: OHKO moves are banned\n|rule|Evasion Items Clause: Evasion items are banned\n|rule|Evasion Moves Clause: Evasion moves are banned\n|rule|Endless Battle Clause: Forcing endless battles is banned\n|rule|HP Percentage Mod: HP is shown in percentages\n|clearpoke\n|poke|p1|Orthworm, F|\n|poke|p1|Dragapult, M|\n|poke|p1|Wo-Chien|\n|poke|p1|Glimmora, F|\n|poke|p1|Kingambit, M|\n|poke|p1|Volcanion|\n|poke|p2|Alomomola, F|\n|poke|p2|Slowking-Galar, F|\n|poke|p2|Frosmoth, F|\n|poke|p2|Kingambit, F|\n|poke|p2|Landorus-Therian, M|\n|poke|p2|Cinderace, M|\n|teampreview\n|c|\u2606empoleon9000|glhf\n|c|\u2606natcentre|u2\n|\n|t:|1700927281\n|start\n|switch|p1a: Orthworm|Orthworm, F|100\/100\n|switch|p2a: Landorus|Landorus-Therian, M|100\/100\n|-ability|p2a: Landorus|Intimidate|boost\n|-unboost|p1a: Orthworm|atk|1\n|turn|1\n|\n|t:|1700927299\n|move|p2a: Landorus|Taunt|p1a: Orthworm\n|-start|p1a: Orthworm|move: Taunt\n|cant|p1a: Orthworm|move: Taunt|Stealth Rock\n|\n|upkeep\n|turn|2\n|\n|t:|1700927306\n|switch|p1a: Wo-Chien|Wo-Chien|100\/100\n|-ability|p1a: Wo-Chien|Tablets of Ruin\n|move|p2a: Landorus|Stealth Rock|p1a: Wo-Chien\n|-sidestart|p1: natcentre|move: Stealth Rock\n|\n|upkeep\n|turn|3\n|\n|t:|1700927320\n|switch|p1a: Orthworm|Orthworm, F|100\/100\n|-damage|p1a: Orthworm|94\/100|[from] Stealth Rock\n|move|p2a: Landorus|U-turn|p1a: Orthworm\n|-resisted|p1a: Orthworm\n|-damage|p1a: Orthworm|86\/100\n|\n|t:|1700927348\n|switch|p2a: Cinderace|Cinderace, M|100\/100|[from] U-turn\n|\n|upkeep\n|turn|4\n|\n|t:|1700927366\n|-terastallize|p1a: Orthworm|Fire\n|move|p2a: Cinderace|U-turn|p1a: Orthworm\n|-start|p2a: Cinderace|typechange|Bug|[from] ability: Libero\n|-resisted|p1a: Orthworm\n|-damage|p1a: Orthworm|73\/100\n|\n|t:|1700927373\n|switch|p2a: Landorus|Landorus-Therian, M|100\/100|[from] U-turn\n|-ability|p2a: Landorus|Intimidate|boost\n|-unboost|p1a: Orthworm|atk|1\n|move|p1a: Orthworm|Iron Defense|p1a: Orthworm\n|-boost|p1a: Orthworm|def|2\n|\n|upkeep\n|turn|5\n|\n|t:|1700927393\n|switch|p2a: Slowking|Slowking-Galar, F|100\/100\n|move|p1a: Orthworm|Body Press|p2a: Slowking\n|-resisted|p2a: Slowking\n|-damage|p2a: Slowking|88\/100\n|\n|upkeep\n|turn|6\n|\n|t:|1700927401\n|move|p1a: Orthworm|Stealth Rock|p2a: Slowking\n|-sidestart|p2: empoleon9000|move: Stealth Rock\n|move|p2a: Slowking|Sludge Bomb|p1a: Orthworm\n|-damage|p1a: Orthworm|0 fnt\n|faint|p1a: Orthworm\n|\n|upkeep\n|\n|t:|1700927416\n|switch|p1a: Kingambit|Kingambit, M|100\/100\n|-damage|p1a: Kingambit|94\/100|[from] Stealth Rock\n|turn|7\n|\n|t:|1700927441\n|switch|p2a: Kingambit|Kingambit, F|100\/100\n|-damage|p2a: Kingambit|94\/100|[from] Stealth Rock\n|move|p1a: Kingambit|Swords Dance|p1a: Kingambit\n|-boost|p1a: Kingambit|atk|2\n|\n|upkeep\n|turn|8\n|\n|t:|1700927471\n|-terastallize|p2a: Kingambit|Fighting\n|move|p2a: Kingambit|Low Kick|p1a: Kingambit\n|-supereffective|p1a: Kingambit\n|-damage|p1a: Kingambit|0 fnt\n|faint|p1a: Kingambit\n|\n|upkeep\n|\n|t:|1700927486\n|switch|p1a: Volcanion|Volcanion|100\/100\n|turn|9\n|\n|t:|1700927493\n|-end|p2a: Kingambit|fallenundefined|[silent]\n|switch|p2a: Alomomola|Alomomola, F|100\/100\n|move|p1a: Volcanion|Steam Eruption|p2a: Alomomola\n|-resisted|p2a: Alomomola\n|-damage|p2a: Alomomola|63\/100\n|\n|upkeep\n|turn|10\n|\n|t:|1700927505\n|move|p1a: Volcanion|Focus Blast|p2a: Alomomola\n|-damage|p2a: Alomomola|6\/100\n|move|p2a: Alomomola|Wish|p2a: Alomomola\n|\n|upkeep\n|turn|11\n|\n|t:|1700927522\n|switch|p1a: Wo-Chien|Wo-Chien|100\/100\n|-damage|p1a: Wo-Chien|88\/100|[from] Stealth Rock\n|-ability|p1a: Wo-Chien|Tablets of Ruin\n|move|p2a: Alomomola|Protect||[still]\n|-fail|p2a: Alomomola\n|\n|-heal|p2a: Alomomola|56\/100|[from] move: Wish|[wisher] Alomomola\n|upkeep\n|turn|12\n|\n|t:|1700927533\n|switch|p2a: Kingambit|Kingambit, F, tera:Fighting|94\/100\n|-damage|p2a: Kingambit|88\/100|[from] Stealth Rock\n|move|p1a: Wo-Chien|Dark Pulse|p2a: Kingambit\n|-resisted|p2a: Kingambit\n|-damage|p2a: Kingambit|57\/100\n|\n|upkeep\n|turn|13\n|\n|t:|1700927562\n|switch|p1a: Dragapult|Dragapult, M|100\/100\n|-damage|p1a: Dragapult|88\/100|[from] Stealth Rock\n|move|p2a: Kingambit|Low Kick|p1a: Dragapult\n|-immune|p1a: Dragapult\n|\n|upkeep\n|turn|14\n|\n|t:|1700927571\n|move|p1a: Dragapult|Substitute|p1a: Dragapult\n|-start|p1a: Dragapult|Substitute\n|-damage|p1a: Dragapult|63\/100\n|move|p2a: Kingambit|Kowtow Cleave|p1a: Dragapult\n|-supereffective|p1a: Dragapult\n|-end|p1a: Dragapult|Substitute\n|\n|upkeep\n|turn|15\n|\n|t:|1700927588\n|move|p1a: Dragapult|Phantom Force||[still]\n|-prepare|p1a: Dragapult|Phantom Force\n|move|p2a: Kingambit|Kowtow Cleave|p1a: Dragapult|[miss]\n|-miss|p2a: Kingambit|p1a: Dragapult\n|\n|upkeep\n|turn|16\n|\n|t:|1700927595\n|move|p1a: Dragapult|Phantom Force|p2a: Kingambit|[from]lockedmove\n|-crit|p2a: Kingambit\n|-damage|p2a: Kingambit|0 fnt\n|faint|p2a: Kingambit\n|-end|p2a: Kingambit|fallenundefined|[silent]\n|-damage|p1a: Dragapult|53\/100|[from] item: Life Orb\n|\n|upkeep\n|\n|t:|1700927605\n|switch|p2a: Landorus|Landorus-Therian, M|100\/100\n|-damage|p2a: Landorus|88\/100|[from] Stealth Rock\n|-ability|p2a: Landorus|Intimidate|boost\n|-unboost|p1a: Dragapult|atk|1\n|turn|17\n|j| Hallowed_Hazel\n|\n|t:|1700927646\n|move|p1a: Dragapult|Dragon Dance|p1a: Dragapult\n|-boost|p1a: Dragapult|atk|1\n|-boost|p1a: Dragapult|spe|1\n|move|p2a: Landorus|Earthquake|p1a: Dragapult\n|-damage|p1a: Dragapult|0 fnt\n|faint|p1a: Dragapult\n|\n|upkeep\n|\n|t:|1700927652\n|switch|p1a: Volcanion|Volcanion|100\/100\n|turn|18\n|\n|t:|1700927656\n|switch|p2a: Slowking|Slowking-Galar, F|100\/100\n|-damage|p2a: Slowking|88\/100|[from] Stealth Rock\n|move|p1a: Volcanion|Steam Eruption|p2a: Slowking\n|-damage|p2a: Slowking|42\/100\n|-status|p2a: Slowking|brn\n|\n|-damage|p2a: Slowking|36\/100 brn|[from] brn\n|upkeep\n|turn|19\n|\n|t:|1700927684\n|switch|p2a: Alomomola|Alomomola, F|90\/100\n|move|p1a: Volcanion|Earth Power|p2a: Alomomola\n|-damage|p2a: Alomomola|47\/100\n|\n|upkeep\n|turn|20\n|\n|t:|1700927693\n|move|p1a: Volcanion|Focus Blast|p2a: Alomomola\n|-damage|p2a: Alomomola|0 fnt\n|faint|p2a: Alomomola\n|\n|upkeep\n|\n|t:|1700927746\n|switch|p2a: Slowking|Slowking-Galar, F|69\/100 brn\n|-damage|p2a: Slowking|57\/100 brn|[from] Stealth Rock\n|turn|21\n|\n|t:|1700927756\n|move|p1a: Volcanion|Earth Power|p2a: Slowking\n|-supereffective|p2a: Slowking\n|-damage|p2a: Slowking|7\/100 brn\n|move|p2a: Slowking|Sludge Bomb|p1a: Volcanion\n|-damage|p1a: Volcanion|15\/100\n|\n|-damage|p2a: Slowking|0 fnt|[from] brn\n|faint|p2a: Slowking\n|upkeep\n|\n|t:|1700927764\n|switch|p2a: Cinderace|Cinderace, M|100\/100\n|turn|22\n|\n|t:|1700927769\n|switch|p1a: Glimmora|Glimmora, F|100\/100\n|-damage|p1a: Glimmora|88\/100|[from] Stealth Rock\n|move|p2a: Cinderace|U-turn|p1a: Glimmora\n|-start|p2a: Cinderace|typechange|Bug|[from] ability: Libero\n|-resisted|p1a: Glimmora\n|-damage|p1a: Glimmora|67\/100\n|-activate|p1a: Glimmora|ability: Toxic Debris\n|-sidestart|p2: empoleon9000|move: Toxic Spikes\n|\n|t:|1700927786\n|switch|p2a: Landorus|Landorus-Therian, M|88\/100|[from] U-turn\n|-damage|p2a: Landorus|76\/100|[from] Stealth Rock\n|-ability|p2a: Landorus|Intimidate|boost\n|-unboost|p1a: Glimmora|atk|1\n|\n|upkeep\n|turn|23\n|\n|t:|1700927805\n|move|p1a: Glimmora|Explosion|p2a: Landorus\n|-damage|p2a: Landorus|37\/100\n|faint|p1a: Glimmora\n|move|p2a: Landorus|Earthquake|p1: Glimmora|[notarget]\n|-fail|p2a: Landorus\n|\n|upkeep\n|\n|t:|1700927810\n|switch|p1a: Volcanion|Volcanion|15\/100\n|turn|24\n|\n|t:|1700927818\n|move|p1a: Volcanion|Steam Eruption|p2a: Landorus\n|-supereffective|p2a: Landorus\n|-damage|p2a: Landorus|0 fnt\n|faint|p2a: Landorus\n|\n|upkeep\n|\n|t:|1700927823\n|switch|p2a: Cinderace|Cinderace, M|100\/100\n|turn|25\n|\n|t:|1700927840\n|move|p2a: Cinderace|U-turn|p1a: Volcanion\n|-start|p2a: Cinderace|typechange|Bug|[from] ability: Libero\n|-resisted|p1a: Volcanion\n|-damage|p1a: Volcanion|0 fnt\n|faint|p1a: Volcanion\n|\n|t:|1700927843\n|switch|p2a: Frosmoth|Frosmoth, F|100\/100|[from] U-turn\n|\n|upkeep\n|\n|t:|1700927846\n|switch|p1a: Wo-Chien|Wo-Chien|88\/100\n|-damage|p1a: Wo-Chien|76\/100|[from] Stealth Rock\n|-ability|p1a: Wo-Chien|Tablets of Ruin\n|turn|26\n|\n|t:|1700927849\n|move|p2a: Frosmoth|Ice Beam|p1a: Wo-Chien\n|-supereffective|p1a: Wo-Chien\n|-damage|p1a: Wo-Chien|12\/100\n|move|p1a: Wo-Chien|Dark Pulse|p2a: Frosmoth\n|-damage|p2a: Frosmoth|63\/100\n|\n|upkeep\n|turn|27\n|\n|t:|1700927852\n|move|p2a: Frosmoth|Ice Beam|p1a: Wo-Chien\n|-supereffective|p1a: Wo-Chien\n|-damage|p1a: Wo-Chien|0 fnt\n|faint|p1a: Wo-Chien\n|\n|win|empoleon9000\n|c|\u2606natcentre|gg\n|c|\u2606empoleon9000|gg\n|l|\u2606natcentre\n","uploadtime":1700927859,"views":4,"p1id":"natcentre","p2id":"empoleon9000","formatid":"gen9ou","rating":0,"private":0,"password":""}