{"id":"gen9ou-1990776262","p1":"CyberH3","p2":"harsh patel","format":"[Gen 9] OU","log":"|j|\u2606CyberH3\n|j|\u2606harsh patel\n|t:|1699999737\n|gametype|singles\n|player|p1|CyberH3|mars|1330\n|player|p2|harsh patel|170|1361\n|teamsize|p1|6\n|teamsize|p2|6\n|gen|9\n|tier|[Gen 9] OU\n|rated|\n|rule|Sleep Clause Mod: Limit one foe put to sleep\n|rule|Species Clause: Limit one of each Pok\u00e9mon\n|rule|OHKO Clause: OHKO moves are banned\n|rule|Evasion Items Clause: Evasion items are banned\n|rule|Evasion Moves Clause: Evasion moves are banned\n|rule|Endless Battle Clause: Forcing endless battles is banned\n|rule|HP Percentage Mod: HP is shown in percentages\n|clearpoke\n|poke|p1|Goodra-Hisui, F|\n|poke|p1|Scizor, M|\n|poke|p1|Mimikyu, F|\n|poke|p1|Grafaiai, M|\n|poke|p1|Azelf|\n|poke|p1|Dragapult, M|\n|poke|p2|Pincurchin, F|\n|poke|p2|Iron Valiant|\n|poke|p2|Iron Leaves|\n|poke|p2|Iron Hands|\n|poke|p2|Sneasler, F|\n|poke|p2|Landorus-Therian, M|\n|teampreview\n|inactive|Battle timer is ON: inactive players will automatically lose when time's up. (requested by harsh patel)\n|\n|t:|1699999747\n|start\n|switch|p1a: ina artist|Grafaiai, M|100\/100\n|switch|p2a: Landorus|Landorus-Therian, M|100\/100\n|-ability|p2a: Landorus|Intimidate|boost\n|-unboost|p1a: ina artist|atk|1\n|turn|1\n|\n|t:|1699999754\n|move|p1a: ina artist|Taunt|p2a: Landorus\n|-start|p2a: Landorus|move: Taunt\n|move|p2a: Landorus|U-turn|p1a: ina artist\n|-resisted|p1a: ina artist\n|-damage|p1a: ina artist|72\/100\n|\n|t:|1699999764\n|switch|p2a: Pincurchin|Pincurchin, F|100\/100|[from] U-turn\n|-fieldstart|move: Electric Terrain|[from] ability: Electric Surge|[of] p2a: Pincurchin\n|\n|upkeep\n|turn|2\n|\n|t:|1699999768\n|move|p1a: ina artist|Parting Shot|p2a: Pincurchin\n|-unboost|p2a: Pincurchin|atk|1\n|-unboost|p2a: Pincurchin|spa|1\n|\n|t:|1699999781\n|switch|p1a: bettel explodes|Azelf|100\/100|[from] Parting Shot\n|move|p2a: Pincurchin|Discharge|p1a: bettel explodes\n|-damage|p1a: bettel explodes|65\/100\n|\n|upkeep\n|turn|3\n|\n|t:|1699999791\n|switch|p2a: Landorus|Landorus-Therian, M|100\/100\n|-ability|p2a: Landorus|Intimidate|boost\n|-unboost|p1a: bettel explodes|atk|1\n|move|p1a: bettel explodes|Flamethrower|p2a: Landorus\n|-damage|p2a: Landorus|48\/100\n|\n|upkeep\n|turn|4\n|\n|t:|1699999815\n|switch|p2a: Pincurchin|Pincurchin, F|100\/100\n|move|p1a: bettel explodes|Flamethrower|p2a: Pincurchin\n|-damage|p2a: Pincurchin|56\/100\n|-status|p2a: Pincurchin|brn\n|\n|-damage|p2a: Pincurchin|50\/100 brn|[from] brn\n|upkeep\n|turn|5\n|\n|t:|1699999821\n|move|p1a: bettel explodes|Flamethrower|p2a: Pincurchin\n|-damage|p2a: Pincurchin|8\/100 brn\n|move|p2a: Pincurchin|Recover|p2a: Pincurchin\n|-heal|p2a: Pincurchin|58\/100 brn\n|\n|-damage|p2a: Pincurchin|52\/100 brn|[from] brn\n|upkeep\n|turn|6\n|\n|t:|1699999834\n|switch|p1a: Snailtare|Goodra-Hisui, F|100\/100\n|move|p2a: Pincurchin|Discharge|p1a: Snailtare\n|-resisted|p1a: Snailtare\n|-damage|p1a: Snailtare|90\/100\n|-status|p1a: Snailtare|par\n|\n|-heal|p1a: Snailtare|96\/100 par|[from] item: Leftovers\n|-damage|p2a: Pincurchin|46\/100 brn|[from] brn\n|upkeep\n|turn|7\n|\n|t:|1699999843\n|move|p1a: Snailtare|Ice Beam|p2a: Pincurchin\n|-damage|p2a: Pincurchin|17\/100 brn\n|move|p2a: Pincurchin|Recover|p2a: Pincurchin\n|-heal|p2a: Pincurchin|67\/100 brn\n|\n|-heal|p1a: Snailtare|100\/100 par|[from] item: Leftovers\n|-damage|p2a: Pincurchin|61\/100 brn|[from] brn\n|upkeep\n|turn|8\n|\n|t:|1699999850\n|switch|p2a: Landorus|Landorus-Therian, M|48\/100\n|-ability|p2a: Landorus|Intimidate|boost\n|-unboost|p1a: Snailtare|atk|1\n|move|p1a: Snailtare|Hydro Pump|p2a: Landorus\n|-supereffective|p2a: Landorus\n|-damage|p2a: Landorus|0 fnt\n|faint|p2a: Landorus\n|\n|-fieldend|move: Electric Terrain\n|upkeep\n|\n|t:|1699999858\n|switch|p2a: Pincurchin|Pincurchin, F|61\/100 brn\n|-fieldstart|move: Electric Terrain|[from] ability: Electric Surge|[of] p2a: Pincurchin\n|turn|9\n|\n|t:|1699999869\n|switch|p2a: Iron Leaves|Iron Leaves|100\/100\n|-activate|p2a: Iron Leaves|ability: Quark Drive\n|-start|p2a: Iron Leaves|quarkdrivespe\n|move|p1a: Snailtare|Draco Meteor|p2a: Iron Leaves\n|-damage|p2a: Iron Leaves|42\/100\n|-unboost|p1a: Snailtare|spa|2\n|\n|upkeep\n|turn|10\n|\n|t:|1699999884\n|move|p2a: Iron Leaves|Close Combat|p1a: Snailtare\n|-supereffective|p1a: Snailtare\n|-damage|p1a: Snailtare|0 fnt\n|-unboost|p2a: Iron Leaves|def|1\n|-unboost|p2a: Iron Leaves|spd|1\n|faint|p1a: Snailtare\n|-damage|p2a: Iron Leaves|33\/100|[from] item: Life Orb\n|\n|upkeep\n|\n|t:|1699999890\n|switch|p1a: Eat With Scissors|Scizor, M|100\/100\n|turn|11\n|\n|t:|1699999905\n|move|p1a: Eat With Scissors|Bullet Punch|p2a: Iron Leaves\n|-damage|p2a: Iron Leaves|0 fnt\n|faint|p2a: Iron Leaves\n|-end|p2a: Iron Leaves|Quark Drive|[silent]\n|-damage|p1a: Eat With Scissors|91\/100|[from] item: Life Orb\n|\n|upkeep\n|\n|t:|1699999917\n|switch|p2a: Pincurchin|Pincurchin, F|61\/100 brn\n|turn|12\n|\n|t:|1699999924\n|move|p1a: Eat With Scissors|Knock Off|p2a: Pincurchin\n|-damage|p2a: Pincurchin|6\/100 brn\n|-enditem|p2a: Pincurchin|Terrain Extender|[from] move: Knock Off|[of] p1a: Eat With Scissors\n|-damage|p1a: Eat With Scissors|81\/100|[from] item: Life Orb\n|move|p2a: Pincurchin|Recover|p2a: Pincurchin\n|-heal|p2a: Pincurchin|56\/100 brn\n|\n|-damage|p2a: Pincurchin|50\/100 brn|[from] brn\n|upkeep\n|turn|13\n|\n|t:|1699999930\n|move|p1a: Eat With Scissors|U-turn|p2a: Pincurchin\n|-damage|p2a: Pincurchin|0 fnt\n|faint|p2a: Pincurchin\n|-damage|p1a: Eat With Scissors|71\/100|[from] item: Life Orb\n|\n|t:|1699999939\n|switch|p1a: KIRYU|Dragapult, M|100\/100|[from] U-turn\n|\n|upkeep\n|\n|t:|1699999943\n|switch|p2a: Iron Valiant|Iron Valiant|100\/100\n|-activate|p2a: Iron Valiant|ability: Quark Drive\n|-start|p2a: Iron Valiant|quarkdrivespe\n|turn|14\n|\n|t:|1699999949\n|move|p2a: Iron Valiant|Knock Off|p1a: KIRYU\n|-supereffective|p1a: KIRYU\n|-damage|p1a: KIRYU|0 fnt\n|-enditem|p1a: KIRYU|Choice Band|[from] move: Knock Off|[of] p2a: Iron Valiant\n|faint|p1a: KIRYU\n|\n|upkeep\n|\n|t:|1699999953\n|switch|p1a: bettel explodes|Azelf|65\/100\n|turn|15\n|\n|t:|1699999961\n|move|p2a: Iron Valiant|Knock Off|p1a: bettel explodes\n|-supereffective|p1a: bettel explodes\n|-damage|p1a: bettel explodes|0 fnt\n|-enditem|p1a: bettel explodes|Choice Specs|[from] move: Knock Off|[of] p2a: Iron Valiant\n|faint|p1a: bettel explodes\n|\n|upkeep\n|\n|t:|1699999965\n|switch|p1a: ina artist|Grafaiai, M|72\/100\n|turn|16\n|\n|t:|1699999975\n|move|p1a: ina artist|Parting Shot|p2a: Iron Valiant\n|-unboost|p2a: Iron Valiant|atk|1\n|-unboost|p2a: Iron Valiant|spa|1\n|\n|t:|1699999978\n|switch|p1a: Eat With Scissors|Scizor, M|71\/100|[from] Parting Shot\n|move|p2a: Iron Valiant|Knock Off|p1a: Eat With Scissors\n|-damage|p1a: Eat With Scissors|35\/100\n|-enditem|p1a: Eat With Scissors|Life Orb|[from] move: Knock Off|[of] p2a: Iron Valiant\n|\n|-fieldend|move: Electric Terrain\n|-end|p2a: Iron Valiant|Quark Drive\n|upkeep\n|turn|17\n|\n|t:|1699999986\n|-end|p2a: Iron Valiant|Quark Drive|[silent]\n|switch|p2a: Iron Hands|Iron Hands|100\/100\n|move|p1a: Eat With Scissors|Bullet Punch|p2a: Iron Hands\n|-resisted|p2a: Iron Hands\n|-crit|p2a: Iron Hands\n|-damage|p2a: Iron Hands|82\/100\n|\n|upkeep\n|turn|18\n|\n|t:|1699999996\n|move|p2a: Iron Hands|Electric Terrain|p2a: Iron Hands\n|-fieldstart|move: Electric Terrain\n|-activate|p2a: Iron Hands|ability: Quark Drive\n|-start|p2a: Iron Hands|quarkdriveatk\n|move|p1a: Eat With Scissors|Knock Off|p2a: Iron Hands\n|-resisted|p2a: Iron Hands\n|-damage|p2a: Iron Hands|68\/100\n|-enditem|p2a: Iron Hands|Choice Band|[from] move: Knock Off|[of] p1a: Eat With Scissors\n|\n|upkeep\n|turn|19\n|\n|t:|1700000006\n|move|p2a: Iron Hands|Drain Punch|p1a: Eat With Scissors\n|-damage|p1a: Eat With Scissors|0 fnt\n|-heal|p2a: Iron Hands|81\/100|[from] drain|[of] p1a: Eat With Scissors\n|faint|p1a: Eat With Scissors\n|\n|upkeep\n|\n|t:|1700000010\n|switch|p1a: ina artist|Grafaiai, M|72\/100\n|turn|20\n|\n|t:|1700000019\n|move|p1a: ina artist|Encore|p2a: Iron Hands\n|-start|p2a: Iron Hands|Encore\n|move|p2a: Iron Hands|Drain Punch|p1a: ina artist\n|-damage|p1a: ina artist|0 fnt\n|-heal|p2a: Iron Hands|100\/100|[from] drain|[of] p1a: ina artist\n|faint|p1a: ina artist\n|\n|upkeep\n|\n|t:|1700000021\n|switch|p1a: OHAYOLLIE|Mimikyu, F|100\/100\n|turn|21\n|\n|t:|1700000025\n|-end|p2a: Iron Hands|Quark Drive|[silent]\n|switch|p2a: Iron Valiant|Iron Valiant|100\/100\n|-activate|p2a: Iron Valiant|ability: Quark Drive\n|-start|p2a: Iron Valiant|quarkdrivespe\n|move|p1a: OHAYOLLIE|Swords Dance|p1a: OHAYOLLIE\n|-boost|p1a: OHAYOLLIE|atk|2\n|\n|upkeep\n|turn|22\n|\n|t:|1700000038\n|move|p1a: OHAYOLLIE|Shadow Sneak|p2a: Iron Valiant\n|-damage|p2a: Iron Valiant|51\/100\n|-damage|p1a: OHAYOLLIE|91\/100|[from] item: Life Orb\n|move|p2a: Iron Valiant|Destiny Bond|p2a: Iron Valiant\n|-singlemove|p2a: Iron Valiant|Destiny Bond\n|\n|-fieldend|move: Electric Terrain\n|-end|p2a: Iron Valiant|Quark Drive\n|upkeep\n|turn|23\n|\n|t:|1700000044\n|move|p2a: Iron Valiant|Destiny Bond||[still]\n|-fail|p2a: Iron Valiant\n|move|p1a: OHAYOLLIE|Swords Dance|p1a: OHAYOLLIE\n|-boost|p1a: OHAYOLLIE|atk|2\n|\n|upkeep\n|turn|24\n|\n|t:|1700000048\n|move|p1a: OHAYOLLIE|Shadow Sneak|p2a: Iron Valiant\n|-damage|p2a: Iron Valiant|0 fnt\n|faint|p2a: Iron Valiant\n|-end|p2a: Iron Valiant|Quark Drive|[silent]\n|-damage|p1a: OHAYOLLIE|81\/100|[from] item: Life Orb\n|\n|upkeep\n|\n|t:|1700000052\n|switch|p2a: Iron Hands|Iron Hands|100\/100\n|turn|25\n|\n|t:|1700000075\n|-terastallize|p2a: Iron Hands|Electric\n|move|p1a: OHAYOLLIE|Play Rough|p2a: Iron Hands\n|-crit|p2a: Iron Hands\n|-damage|p2a: Iron Hands|0 fnt\n|faint|p2a: Iron Hands\n|-end|p2a: Iron Hands|Quark Drive|[silent]\n|-damage|p1a: OHAYOLLIE|71\/100|[from] item: Life Orb\n|\n|upkeep\n|\n|t:|1700000080\n|switch|p2a: Sneasler|Sneasler, F|100\/100\n|turn|26\n|\n|t:|1700000086\n|-terastallize|p1a: OHAYOLLIE|Ghost\n|move|p1a: OHAYOLLIE|Shadow Sneak|p2a: Sneasler\n|-damage|p2a: Sneasler|0 fnt\n|faint|p2a: Sneasler\n|-damage|p1a: OHAYOLLIE|61\/100|[from] item: Life Orb\n|\n|win|CyberH3\n|raw|CyberH3's rating: 1330 &rarr; <strong>1352<\/strong><br \/>(+22 for winning)\n|raw|harsh patel's rating: 1361 &rarr; <strong>1339<\/strong><br \/>(-22 for losing)\n|c|\u2606harsh patel|gg\n|c|\u2606CyberH3|gg\n","uploadtime":1700000096,"views":30,"p1id":"cyberh3","p2id":"harshpatel","formatid":"gen9ou","rating":1339,"private":0,"password":""}