{"id":"gen9ou-1997975709","p1":"withez","p2":"Leora_Bennett08","format":"[Gen 9] OU","log":"|j|\u2606withez\n|j|\u2606Leora_Bennett08\n|t:|1700874295\n|gametype|singles\n|player|p1|withez|riley|1027\n|player|p2|Leora_Bennett08|pokekid|1000\n|teamsize|p1|6\n|teamsize|p2|6\n|gen|9\n|tier|[Gen 9] OU\n|rated|\n|rule|Sleep Clause Mod: Limit one foe put to sleep\n|rule|Species Clause: Limit one of each Pok\u00e9mon\n|rule|OHKO Clause: OHKO moves are banned\n|rule|Evasion Items Clause: Evasion items are banned\n|rule|Evasion Moves Clause: Evasion moves are banned\n|rule|Endless Battle Clause: Forcing endless battles is banned\n|rule|HP Percentage Mod: HP is shown in percentages\n|clearpoke\n|poke|p1|Masquerain, F|\n|poke|p1|Alomomola, M|\n|poke|p1|Slowking-Galar, F|\n|poke|p1|Umbreon, F|\n|poke|p1|Rotom-Wash|\n|poke|p1|Ceruledge, F|\n|poke|p2|Lucario, M|\n|poke|p2|Iron Valiant|\n|poke|p2|Maushold-Four|\n|poke|p2|Gholdengo|\n|poke|p2|Ceruledge, M|\n|poke|p2|Gyarados, F|\n|teampreview\n|\n|t:|1700874302\n|start\n|switch|p1a: Masquerain|Masquerain, F|100\/100\n|switch|p2a: Maushold|Maushold-Four|100\/100\n|-ability|p1a: Masquerain|Intimidate|boost\n|-unboost|p2a: Maushold|atk|1\n|turn|1\n|\n|t:|1700874313\n|move|p2a: Maushold|Protect|p2a: Maushold\n|-singleturn|p2a: Maushold|Protect\n|move|p1a: Masquerain|Stun Spore|p2a: Maushold\n|-activate|p2a: Maushold|move: Protect\n|\n|upkeep\n|turn|2\n|\n|t:|1700874321\n|move|p2a: Maushold|Tidy Up|p2a: Maushold\n|-boost|p2a: Maushold|atk|1\n|-boost|p2a: Maushold|spe|1\n|move|p1a: Masquerain|Stun Spore|p2a: Maushold\n|-status|p2a: Maushold|par\n|\n|upkeep\n|turn|3\n|\n|t:|1700874330\n|move|p1a: Masquerain|Sticky Web|p2a: Maushold\n|-sidestart|p2: Leora_Bennett08|move: Sticky Web\n|move|p2a: Maushold|Population Bomb|p1a: Masquerain\n|-damage|p1a: Masquerain|85\/100\n|-crit|p1a: Masquerain\n|-damage|p1a: Masquerain|63\/100\n|-damage|p1a: Masquerain|47\/100\n|-damage|p1a: Masquerain|32\/100\n|-damage|p1a: Masquerain|15\/100\n|-damage|p1a: Masquerain|0 fnt\n|faint|p1a: Masquerain\n|-hitcount|p1: Masquerain|6\n|-damage|p2a: Maushold|91\/100 par|[from] item: Life Orb\n|\n|upkeep\n|\n|t:|1700874345\n|switch|p1a: Slowking|Slowking-Galar, F|100\/100\n|turn|4\n|\n|t:|1700874351\n|switch|p2a: Gholdengo|Gholdengo|100\/100\n|-activate|p2a: Gholdengo|move: Sticky Web\n|-unboost|p2a: Gholdengo|spe|1\n|move|p1a: Slowking|Sludge Bomb|p2a: Gholdengo\n|-immune|p2a: Gholdengo\n|\n|upkeep\n|turn|5\n|\n|t:|1700874363\n|switch|p1a: Alomomola|Alomomola, M|100\/100\n|move|p2a: Gholdengo|Hex|p1a: Alomomola\n|-damage|p1a: Alomomola|61\/100\n|\n|upkeep\n|turn|6\n|\n|t:|1700874370\n|move|p1a: Alomomola|Protect|p1a: Alomomola\n|-singleturn|p1a: Alomomola|Protect\n|move|p2a: Gholdengo|Nasty Plot|p2a: Gholdengo\n|-boost|p2a: Gholdengo|spa|2\n|\n|upkeep\n|turn|7\n|\n|t:|1700874377\n|move|p1a: Alomomola|Wish|p1a: Alomomola\n|move|p2a: Gholdengo|Flash Cannon|p1a: Alomomola\n|-resisted|p1a: Alomomola\n|-damage|p1a: Alomomola|13\/100\n|\n|upkeep\n|turn|8\n|\n|t:|1700874384\n|move|p1a: Alomomola|Protect|p1a: Alomomola\n|-singleturn|p1a: Alomomola|Protect\n|move|p2a: Gholdengo|Dazzling Gleam|p1a: Alomomola\n|-activate|p1a: Alomomola|move: Protect\n|\n|-heal|p1a: Alomomola|63\/100|[from] move: Wish|[wisher] Alomomola\n|upkeep\n|turn|9\n|\n|t:|1700874396\n|move|p1a: Alomomola|Protect||[still]\n|-fail|p1a: Alomomola\n|move|p2a: Gholdengo|Dazzling Gleam|p1a: Alomomola\n|-damage|p1a: Alomomola|4\/100\n|\n|upkeep\n|turn|10\n|\n|t:|1700874402\n|move|p1a: Alomomola|Wish|p1a: Alomomola\n|move|p2a: Gholdengo|Nasty Plot|p2a: Gholdengo\n|-boost|p2a: Gholdengo|spa|2\n|\n|upkeep\n|turn|11\n|\n|t:|1700874415\n|move|p1a: Alomomola|Flip Turn|p2a: Gholdengo\n|-damage|p2a: Gholdengo|85\/100\n|\n|t:|1700874422\n|switch|p1a: Ceruledge|Ceruledge, F|100\/100|[from] Flip Turn\n|move|p2a: Gholdengo|Dazzling Gleam|p1a: Ceruledge\n|-resisted|p1a: Ceruledge\n|-damage|p1a: Ceruledge|54\/100\n|\n|-heal|p1a: Ceruledge|100\/100|[from] move: Wish|[wisher] Alomomola\n|upkeep\n|turn|12\n|\n|t:|1700874432\n|move|p1a: Ceruledge|Swords Dance|p1a: Ceruledge\n|-boost|p1a: Ceruledge|atk|2\n|move|p2a: Gholdengo|Hex|p1a: Ceruledge\n|-supereffective|p1a: Ceruledge\n|-enditem|p1a: Ceruledge|Focus Sash\n|-damage|p1a: Ceruledge|1\/100\n|\n|upkeep\n|turn|13\n|\n|t:|1700874442\n|move|p1a: Ceruledge|Bitter Blade|p2a: Gholdengo\n|-supereffective|p2a: Gholdengo\n|-damage|p2a: Gholdengo|0 fnt\n|-heal|p1a: Ceruledge|47\/100|[from] drain|[of] p2a: Gholdengo\n|faint|p2a: Gholdengo\n|\n|upkeep\n|\n|t:|1700874448\n|switch|p2a: Ceruledge|Ceruledge, M|100\/100\n|-activate|p2a: Ceruledge|move: Sticky Web\n|-unboost|p2a: Ceruledge|spe|1\n|turn|14\n|\n|t:|1700874467\n|move|p1a: Ceruledge|Poltergeist|p2a: Ceruledge\n|-activate|p2a: Ceruledge|move: Poltergeist|Assault Vest\n|-supereffective|p2a: Ceruledge\n|-damage|p2a: Ceruledge|0 fnt\n|faint|p2a: Ceruledge\n|\n|upkeep\n|\n|t:|1700874474\n|switch|p2a: Iron Valiant|Iron Valiant|100\/100\n|-activate|p2a: Iron Valiant|move: Sticky Web\n|-unboost|p2a: Iron Valiant|spe|1\n|-enditem|p2a: Iron Valiant|Booster Energy\n|-activate|p2a: Iron Valiant|ability: Quark Drive|[fromitem]\n|-start|p2a: Iron Valiant|quarkdriveatk\n|turn|15\n|\n|t:|1700874484\n|move|p1a: Ceruledge|Bitter Blade|p2a: Iron Valiant\n|-damage|p2a: Iron Valiant|0 fnt\n|-heal|p1a: Ceruledge|99\/100|[from] drain|[of] p2a: Iron Valiant\n|faint|p2a: Iron Valiant\n|-end|p2a: Iron Valiant|Quark Drive|[silent]\n|\n|upkeep\n|\n|t:|1700874491\n|switch|p2a: Maushold|Maushold-Four|91\/100 par\n|-activate|p2a: Maushold|move: Sticky Web\n|-unboost|p2a: Maushold|spe|1\n|turn|16\n|\n|t:|1700874498\n|cant|p2a: Maushold|par\n|move|p1a: Ceruledge|Bitter Blade|p2a: Maushold\n|-damage|p2a: Maushold|0 fnt\n|-heal|p1a: Ceruledge|100\/100|[from] drain|[of] p2a: Maushold\n|faint|p2a: Maushold\n|\n|upkeep\n|\n|t:|1700874506\n|switch|p2a: Lucario|Lucario, M|100\/100\n|-activate|p2a: Lucario|move: Sticky Web\n|-unboost|p2a: Lucario|spe|1\n|turn|17\n|\n|t:|1700874514\n|move|p1a: Ceruledge|Poltergeist|p2a: Lucario\n|-activate|p2a: Lucario|move: Poltergeist|Life Orb\n|-damage|p2a: Lucario|0 fnt\n|faint|p2a: Lucario\n|\n|upkeep\n|\n|t:|1700874520\n|switch|p2a: Gyarados|Gyarados, F|100\/100\n|turn|18\n|\n|t:|1700874525\n|move|p1a: Ceruledge|Bitter Blade|p2a: Gyarados\n|-resisted|p2a: Gyarados\n|-damage|p2a: Gyarados|50\/100\n|move|p2a: Gyarados|Blizzard|p1a: Ceruledge\n|-resisted|p1a: Ceruledge\n|-damage|p1a: Ceruledge|90\/100\n|\n|upkeep\n|turn|19\n|\n|t:|1700874535\n|move|p1a: Ceruledge|Close Combat|p2a: Gyarados\n|-resisted|p2a: Gyarados\n|-damage|p2a: Gyarados|8\/100\n|-unboost|p1a: Ceruledge|def|1\n|-unboost|p1a: Ceruledge|spd|1\n|move|p2a: Gyarados|Aqua Tail|p1a: Ceruledge\n|-supereffective|p1a: Ceruledge\n|-damage|p1a: Ceruledge|0 fnt\n|faint|p1a: Ceruledge\n|-ability|p2a: Gyarados|Moxie|boost\n|-boost|p2a: Gyarados|atk|1\n|\n|upkeep\n|\n|t:|1700874549\n|switch|p1a: Rotom|Rotom-Wash|100\/100\n|turn|20\n|\n|t:|1700874555\n|-terastallize|p2a: Gyarados|Water\n|move|p1a: Rotom|Hydro Pump|p2a: Gyarados\n|-resisted|p2a: Gyarados\n|-damage|p2a: Gyarados|0 fnt\n|faint|p2a: Gyarados\n|\n|win|withez\n|raw|withez's rating: 1027 &rarr; <strong>1060<\/strong><br \/>(+33 for winning)\n|raw|Leora_Bennett08's rating: 1000 &rarr; <strong>1000<\/strong><br \/>(+0 for losing)\n|l|\u2606Leora_Bennett08\n","uploadtime":1700874569,"views":1,"p1id":"withez","p2id":"leorabennett08","formatid":"gen9ou","rating":1000,"private":0,"password":""}