{"id":"gen9ou-1996906851","p1":"310YM4N74N3R0","p2":"lajt","format":"[Gen 9] OU","log":"|j|\u2606310YM4N74N3R0\n|j|\u2606lajt\n|t:|1700743203\n|gametype|singles\n|player|p1|310YM4N74N3R0|pokemonrangerf|1729\n|player|p2|lajt|sightseerf|1724\n|teamsize|p1|6\n|teamsize|p2|6\n|gen|9\n|tier|[Gen 9] OU\n|rated|\n|rule|Sleep Clause Mod: Limit one foe put to sleep\n|rule|Species Clause: Limit one of each Pok\u00e9mon\n|rule|OHKO Clause: OHKO moves are banned\n|rule|Evasion Items Clause: Evasion items are banned\n|rule|Evasion Moves Clause: Evasion moves are banned\n|rule|Endless Battle Clause: Forcing endless battles is banned\n|rule|HP Percentage Mod: HP is shown in percentages\n|clearpoke\n|poke|p1|Clodsire, M|\n|poke|p1|Thundurus-Therian, M|\n|poke|p1|Breloom, F|\n|poke|p1|Ceruledge, F|\n|poke|p1|Slowking, F|\n|poke|p1|Corviknight, M|\n|poke|p2|Glimmora, M|\n|poke|p2|Ceruledge, M|\n|poke|p2|Dragonite, F|\n|poke|p2|Iron Valiant|\n|poke|p2|Kingambit, M|\n|poke|p2|Ogerpon-Wellspring, F|\n|teampreview\n|inactive|Battle timer is ON: inactive players will automatically lose when time's up. (requested by lajt)\n|\n|t:|1700743215\n|start\n|switch|p1a: Thundurus|Thundurus-Therian, M|100\/100\n|switch|p2a: Glimmora|Glimmora, M|100\/100\n|turn|1\n|\n|t:|1700743233\n|move|p1a: Thundurus|Volt Switch|p2a: Glimmora\n|-damage|p2a: Glimmora|39\/100\n|\n|t:|1700743246\n|switch|p1a: Corviknight|Corviknight, M, shiny|100\/100|[from] Volt Switch\n|move|p2a: Glimmora|Power Gem|p1a: Corviknight\n|-crit|p1a: Corviknight\n|-damage|p1a: Corviknight|56\/100\n|\n|-heal|p1a: Corviknight|62\/100|[from] item: Leftovers\n|upkeep\n|turn|2\n|\n|t:|1700743253\n|move|p2a: Glimmora|Power Gem|p1a: Corviknight\n|-damage|p1a: Corviknight|32\/100\n|move|p1a: Corviknight|Roost|p1a: Corviknight\n|-heal|p1a: Corviknight|82\/100\n|-singleturn|p1a: Corviknight|move: Roost\n|\n|-heal|p1a: Corviknight|88\/100|[from] item: Leftovers\n|upkeep\n|turn|3\n|\n|t:|1700743261\n|switch|p2a: Ceruledge|Ceruledge, M|100\/100\n|move|p1a: Corviknight|Bulk Up|p1a: Corviknight\n|-boost|p1a: Corviknight|atk|1\n|-boost|p1a: Corviknight|def|1\n|\n|-heal|p1a: Corviknight|94\/100|[from] item: Leftovers\n|upkeep\n|turn|4\n|\n|t:|1700743267\n|move|p2a: Ceruledge|Swords Dance|p2a: Ceruledge\n|-boost|p2a: Ceruledge|atk|2\n|move|p1a: Corviknight|Bulk Up|p1a: Corviknight\n|-boost|p1a: Corviknight|atk|1\n|-boost|p1a: Corviknight|def|1\n|\n|-heal|p1a: Corviknight|99\/100|[from] item: Leftovers\n|upkeep\n|turn|5\n|\n|t:|1700743278\n|move|p2a: Ceruledge|Bitter Blade|p1a: Corviknight\n|-supereffective|p1a: Corviknight\n|-damage|p1a: Corviknight|31\/100\n|move|p1a: Corviknight|Power Trip|p2a: Ceruledge\n|-supereffective|p2a: Ceruledge\n|-enditem|p2a: Ceruledge|Focus Sash\n|-damage|p2a: Ceruledge|1\/100\n|-ability|p2a: Ceruledge|Weak Armor|boost\n|-unboost|p2a: Ceruledge|def|1\n|-boost|p2a: Ceruledge|spe|2\n|\n|-heal|p1a: Corviknight|37\/100|[from] item: Leftovers\n|upkeep\n|turn|6\n|\n|t:|1700743295\n|move|p2a: Ceruledge|Bitter Blade|p1a: Corviknight\n|-supereffective|p1a: Corviknight\n|-damage|p1a: Corviknight|0 fnt\n|-heal|p2a: Ceruledge|26\/100|[from] drain|[of] p1a: Corviknight\n|faint|p1a: Corviknight\n|\n|upkeep\n|\n|t:|1700743298\n|switch|p1a: Ceruledge|Ceruledge, F|100\/100\n|turn|7\n|\n|t:|1700743302\n|move|p2a: Ceruledge|Shadow Sneak|p1a: Ceruledge\n|-supereffective|p1a: Ceruledge\n|-enditem|p1a: Ceruledge|Focus Sash\n|-damage|p1a: Ceruledge|1\/100\n|-ability|p1a: Ceruledge|Weak Armor|boost\n|-unboost|p1a: Ceruledge|def|1\n|-boost|p1a: Ceruledge|spe|2\n|move|p1a: Ceruledge|Bitter Blade|p2a: Ceruledge\n|-resisted|p2a: Ceruledge\n|-damage|p2a: Ceruledge|0 fnt\n|-heal|p1a: Ceruledge|14\/100|[from] drain|[of] p2a: Ceruledge\n|faint|p2a: Ceruledge\n|\n|upkeep\n|\n|t:|1700743310\n|switch|p2a: Kingambit|Kingambit, M|100\/100\n|-activate|p2a: Kingambit|ability: Supreme Overlord\n|-start|p2a: Kingambit|fallen1|[silent]\n|turn|8\n|\n|t:|1700743313\n|move|p1a: Ceruledge|Destiny Bond|p1a: Ceruledge\n|-singlemove|p1a: Ceruledge|Destiny Bond\n|move|p2a: Kingambit|Kowtow Cleave|p1a: Ceruledge\n|-supereffective|p1a: Ceruledge\n|-damage|p1a: Ceruledge|0 fnt\n|faint|p1a: Ceruledge\n|-activate|p1a: Ceruledge|move: Destiny Bond\n|faint|p2a: Kingambit\n|-end|p2a: Kingambit|fallen1|[silent]\n|\n|upkeep\n|\n|t:|1700743321\n|switch|p1a: Thundurus|Thundurus-Therian, M|100\/100\n|switch|p2a: Dragonite|Dragonite, F|100\/100\n|turn|9\n|\n|t:|1700743330\n|move|p1a: Thundurus|Volt Switch|p2a: Dragonite\n|-damage|p2a: Dragonite|80\/100\n|\n|t:|1700743335\n|switch|p1a: Clodsire|Clodsire, M|100\/100|[from] Volt Switch\n|move|p2a: Dragonite|Dragon Dance|p2a: Dragonite\n|-boost|p2a: Dragonite|atk|1\n|-boost|p2a: Dragonite|spe|1\n|\n|upkeep\n|turn|10\n|\n|t:|1700743344\n|move|p2a: Dragonite|Ice Spinner|p1a: Clodsire\n|-supereffective|p1a: Clodsire\n|-damage|p1a: Clodsire|35\/100\n|-damage|p2a: Dragonite|63\/100|[from] item: Rocky Helmet|[of] p1a: Clodsire\n|move|p1a: Clodsire|Counter|p2a: Dragonite\n|-damage|p2a: Dragonite|0 fnt\n|faint|p2a: Dragonite\n|\n|upkeep\n|j| mew852\n|\n|t:|1700743350\n|switch|p2a: Ogerpon|Ogerpon-Wellspring, F|100\/100\n|turn|11\n|\n|t:|1700743357\n|move|p2a: Ogerpon|Horn Leech|p1a: Clodsire\n|-damage|p1a: Clodsire|0 fnt\n|-damage|p2a: Ogerpon|84\/100|[from] item: Rocky Helmet|[of] p1a: Clodsire\n|faint|p1a: Clodsire\n|\n|upkeep\n|\n|t:|1700743368\n|switch|p1a: Breloom|Breloom, F|100\/100\n|turn|12\n|\n|t:|1700743379\n|move|p2a: Ogerpon|Ivy Cudgel|p1a: Breloom|[anim] Ivy Cudgel Water\n|-resisted|p1a: Breloom\n|-crit|p1a: Breloom\n|-damage|p1a: Breloom|29\/100\n|move|p1a: Breloom|Bullet Seed|p2a: Ogerpon\n|-damage|p2a: Ogerpon|56\/100\n|-damage|p2a: Ogerpon|28\/100\n|-damage|p2a: Ogerpon|1\/100\n|-damage|p2a: Ogerpon|0 fnt\n|faint|p2a: Ogerpon\n|-hitcount|p2: Ogerpon|4\n|\n|upkeep\n|\n|t:|1700743384\n|switch|p2a: Iron Valiant|Iron Valiant|100\/100\n|-enditem|p2a: Iron Valiant|Booster Energy\n|-activate|p2a: Iron Valiant|ability: Quark Drive|[fromitem]\n|-start|p2a: Iron Valiant|quarkdrivespe\n|turn|13\n|\n|t:|1700743389\n|move|p1a: Breloom|Mach Punch|p2a: Iron Valiant\n|-resisted|p2a: Iron Valiant\n|-damage|p2a: Iron Valiant|78\/100\n|move|p2a: Iron Valiant|Moonblast|p1a: Breloom\n|-supereffective|p1a: Breloom\n|-damage|p1a: Breloom|0 fnt\n|faint|p1a: Breloom\n|\n|upkeep\n|\n|t:|1700743395\n|switch|p1a: Slowking|Slowking, F|100\/100\n|turn|14\n|\n|t:|1700743399\n|move|p2a: Iron Valiant|Knock Off|p1a: Slowking\n|-supereffective|p1a: Slowking\n|-damage|p1a: Slowking|32\/100\n|-enditem|p1a: Slowking|Assault Vest|[from] move: Knock Off|[of] p2a: Iron Valiant\n|move|p1a: Slowking|Psyshock|p2a: Iron Valiant\n|-supereffective|p2a: Iron Valiant\n|-damage|p2a: Iron Valiant|0 fnt\n|faint|p2a: Iron Valiant\n|-end|p2a: Iron Valiant|Quark Drive|[silent]\n|\n|upkeep\n|\n|t:|1700743405\n|switch|p2a: Glimmora|Glimmora, M|39\/100\n|turn|15\n|\n|t:|1700743409\n|move|p2a: Glimmora|Power Gem|p1a: Slowking\n|-damage|p1a: Slowking|0 fnt\n|faint|p1a: Slowking\n|\n|upkeep\n|\n|t:|1700743413\n|switch|p1a: Thundurus|Thundurus-Therian, M|100\/100\n|turn|16\n|\n|t:|1700743417\n|-terastallize|p1a: Thundurus|Flying\n|move|p1a: Thundurus|Tera Blast|p2a: Glimmora|[anim] Tera Blast Flying\n|-resisted|p2a: Glimmora\n|-damage|p2a: Glimmora|0 fnt\n|faint|p2a: Glimmora\n|\n|win|310YM4N74N3R0\n|raw|310YM4N74N3R0's rating: 1729 &rarr; <strong>1749<\/strong><br \/>(+20 for winning)\n|raw|lajt's rating: 1724 &rarr; <strong>1704<\/strong><br \/>(-20 for losing)\n|l|\u2606lajt\n|l|\u2606310YM4N74N3R0\n","uploadtime":1700743461,"views":3,"p1id":"310ym4n74n3r0","p2id":"lajt","formatid":"gen9ou","rating":1704,"private":0,"password":""}