{"id":"gen9ou-1990934137","p1":"BUGG1N","p2":"supermonst","format":"[Gen 9] OU","log":"|j|\u2606BUGG1N\n|j|\u2606supermonst\n|t:|1700016836\n|gametype|singles\n|player|p1|BUGG1N|bugmaniac-gen3|1597\n|player|p2|supermonst|benga|1545\n|teamsize|p1|6\n|teamsize|p2|6\n|gen|9\n|tier|[Gen 9] OU\n|rated|\n|rule|Sleep Clause Mod: Limit one foe put to sleep\n|rule|Species Clause: Limit one of each Pok\u00e9mon\n|rule|OHKO Clause: OHKO moves are banned\n|rule|Evasion Items Clause: Evasion items are banned\n|rule|Evasion Moves Clause: Evasion moves are banned\n|rule|Endless Battle Clause: Forcing endless battles is banned\n|rule|HP Percentage Mod: HP is shown in percentages\n|clearpoke\n|poke|p1|Kommo-o, F|\n|poke|p1|Ogerpon, F|\n|poke|p1|Iron Valiant|\n|poke|p1|Enamorus, F|\n|poke|p1|Iron Treads|\n|poke|p1|Dragonite, F|\n|poke|p2|Heatran, F|\n|poke|p2|Alomomola, M|\n|poke|p2|Ting-Lu|\n|poke|p2|Jirachi|\n|poke|p2|Rillaboom, M|\n|poke|p2|Great Tusk|\n|teampreview\n|inactive|Battle timer is ON: inactive players will automatically lose when time's up. (requested by BUGG1N)\n|\n|t:|1700016859\n|start\n|switch|p1a: Ogerpon|Ogerpon, F|100\/100\n|switch|p2a: Jirachi|Jirachi|100\/100\n|turn|1\n|\n|t:|1700016866\n|move|p2a: Jirachi|U-turn|p1a: Ogerpon\n|-supereffective|p1a: Ogerpon\n|-damage|p1a: Ogerpon|43\/100\n|\n|t:|1700016872\n|switch|p2a: Heatran|Heatran, F|100\/100|[from] U-turn\n|-item|p2a: Heatran|Air Balloon\n|move|p1a: Ogerpon|U-turn|p2a: Heatran\n|-resisted|p2a: Heatran\n|-damage|p2a: Heatran|93\/100\n|-enditem|p2a: Heatran|Air Balloon\n|inactive|BUGG1N has 120 seconds left.\n|\n|t:|1700016908\n|switch|p1a: Enamorus|Enamorus, F|100\/100|[from] U-turn\n|\n|upkeep\n|turn|2\n|inactive|BUGG1N has 120 seconds left.\n|\n|t:|1700016914\n|-terastallize|p2a: Heatran|Grass\n|move|p1a: Enamorus|Moonblast|p2a: Heatran\n|-damage|p2a: Heatran|40\/100\n|-damage|p1a: Enamorus|91\/100|[from] item: Life Orb\n|move|p2a: Heatran|Stealth Rock|p1a: Enamorus\n|-sidestart|p1: BUGG1N|move: Stealth Rock\n|\n|upkeep\n|turn|3\n|inactive|BUGG1N has 120 seconds left.\n|\n|t:|1700016926\n|switch|p2a: Jirachi|Jirachi|100\/100\n|move|p1a: Enamorus|Moonblast|p2a: Jirachi\n|-resisted|p2a: Jirachi\n|-damage|p2a: Jirachi|70\/100\n|-damage|p1a: Enamorus|81\/100|[from] item: Life Orb\n|\n|upkeep\n|turn|4\n|\n|t:|1700016931\n|switch|p1a: Iron Treads|Iron Treads|100\/100\n|-damage|p1a: Iron Treads|97\/100|[from] Stealth Rock\n|-enditem|p1a: Iron Treads|Booster Energy\n|-activate|p1a: Iron Treads|ability: Quark Drive|[fromitem]\n|-start|p1a: Iron Treads|quarkdrivespe\n|move|p2a: Jirachi|U-turn|p1a: Iron Treads\n|-resisted|p1a: Iron Treads\n|-damage|p1a: Iron Treads|88\/100\n|\n|t:|1700016935\n|switch|p2a: Heatran|Heatran, F, tera:Grass|40\/100|[from] U-turn\n|\n|upkeep\n|turn|5\n|j| Domin0999\n|l| Domin0999\n|\n|t:|1700016950\n|move|p1a: Iron Treads|Rapid Spin|p2a: Heatran\n|-damage|p2a: Heatran|25\/100\n|-boost|p1a: Iron Treads|spe|1\n|-sideend|p1: BUGG1N|Stealth Rock|[from] move: Rapid Spin|[of] p1a: Iron Treads\n|move|p2a: Heatran|Magma Storm|p1a: Iron Treads|[miss]\n|-miss|p2a: Heatran|p1a: Iron Treads\n|\n|upkeep\n|turn|6\n|\n|t:|1700016961\n|move|p1a: Iron Treads|Stealth Rock|p2a: Heatran\n|-sidestart|p2: supermonst|move: Stealth Rock\n|move|p2a: Heatran|Magma Storm|p1a: Iron Treads\n|-supereffective|p1a: Iron Treads\n|-damage|p1a: Iron Treads|0 fnt\n|faint|p1a: Iron Treads\n|-end|p1a: Iron Treads|Quark Drive|[silent]\n|\n|upkeep\n|\n|t:|1700016971\n|switch|p1a: Ogerpon|Ogerpon, F|43\/100\n|turn|7\n|\n|t:|1700016976\n|move|p1a: Ogerpon|U-turn|p2a: Heatran\n|-supereffective|p2a: Heatran\n|-damage|p2a: Heatran|0 fnt\n|faint|p2a: Heatran\n|\n|t:|1700016987\n|switch|p1a: Dragonite|Dragonite, F|100\/100|[from] U-turn\n|\n|upkeep\n|\n|t:|1700016990\n|switch|p2a: Jirachi|Jirachi|70\/100\n|-damage|p2a: Jirachi|64\/100|[from] Stealth Rock\n|turn|8\n|\n|t:|1700017012\n|-terastallize|p1a: Dragonite|Normal\n|move|p2a: Jirachi|Iron Head|p1a: Dragonite\n|-damage|p1a: Dragonite|81\/100\n|move|p1a: Dragonite|Earthquake|p2a: Jirachi\n|-supereffective|p2a: Jirachi\n|-damage|p2a: Jirachi|0 fnt\n|faint|p2a: Jirachi\n|\n|upkeep\n|\n|t:|1700017018\n|switch|p2a: Great Tusk|Great Tusk|100\/100\n|-damage|p2a: Great Tusk|98\/100|[from] Stealth Rock\n|-enditem|p2a: Great Tusk|Booster Energy\n|-activate|p2a: Great Tusk|ability: Protosynthesis|[fromitem]\n|-start|p2a: Great Tusk|protosynthesisspe\n|turn|9\n|inactive|BUGG1N has 120 seconds left.\n|\n|t:|1700017048\n|move|p1a: Dragonite|Extreme Speed|p2a: Great Tusk\n|-damage|p2a: Great Tusk|70\/100\n|move|p2a: Great Tusk|Bulk Up|p2a: Great Tusk\n|-boost|p2a: Great Tusk|atk|1\n|-boost|p2a: Great Tusk|def|1\n|\n|upkeep\n|turn|10\n|inactive|BUGG1N has 120 seconds left.\n|\n|t:|1700017067\n|move|p1a: Dragonite|Extreme Speed|p2a: Great Tusk\n|-damage|p2a: Great Tusk|50\/100\n|move|p2a: Great Tusk|Bulk Up|p2a: Great Tusk\n|-boost|p2a: Great Tusk|atk|1\n|-boost|p2a: Great Tusk|def|1\n|\n|upkeep\n|turn|11\n|\n|t:|1700017080\n|move|p1a: Dragonite|Extreme Speed|p2a: Great Tusk\n|-damage|p2a: Great Tusk|36\/100\n|move|p2a: Great Tusk|Rapid Spin|p1a: Dragonite\n|-damage|p1a: Dragonite|51\/100\n|-boost|p2a: Great Tusk|spe|1\n|-sideend|p2: supermonst|Stealth Rock|[from] move: Rapid Spin|[of] p2a: Great Tusk\n|\n|upkeep\n|turn|12\n|\n|t:|1700017088\n|move|p1a: Dragonite|Extreme Speed|p2a: Great Tusk\n|-damage|p2a: Great Tusk|20\/100\n|move|p2a: Great Tusk|Bulk Up|p2a: Great Tusk\n|-boost|p2a: Great Tusk|atk|1\n|-boost|p2a: Great Tusk|def|1\n|\n|upkeep\n|turn|13\n|inactive|BUGG1N has 120 seconds left.\n|c|\u2606BUGG1N|whyd you let this get so low\n|\n|t:|1700017109\n|move|p1a: Dragonite|Extreme Speed|p2a: Great Tusk\n|-damage|p2a: Great Tusk|7\/100\n|move|p2a: Great Tusk|Knock Off|p1a: Dragonite\n|-damage|p1a: Dragonite|0 fnt\n|-enditem|p1a: Dragonite|Heavy-Duty Boots|[from] move: Knock Off|[of] p2a: Great Tusk\n|faint|p1a: Dragonite\n|\n|upkeep\n|c|\u2606supermonst|i mean do u have other priority?\n|\n|t:|1700017116\n|switch|p1a: Iron Valiant|Iron Valiant|100\/100\n|-enditem|p1a: Iron Valiant|Booster Energy\n|-activate|p1a: Iron Valiant|ability: Quark Drive|[fromitem]\n|-start|p1a: Iron Valiant|quarkdrivespa\n|turn|14\n|\n|t:|1700017121\n|move|p1a: Iron Valiant|Vacuum Wave|p2a: Great Tusk\n|-damage|p2a: Great Tusk|0 fnt\n|faint|p2a: Great Tusk\n|-end|p2a: Great Tusk|Protosynthesis|[silent]\n|\n|upkeep\n|c|\u2606supermonst|o\n|c|\u2606supermonst|lol\n|c|\u2606supermonst|did know\n|c|\u2606BUGG1N|lol\n|\n|t:|1700017129\n|switch|p2a: Rillaboom|Rillaboom, M|100\/100\n|-fieldstart|move: Grassy Terrain|[from] ability: Grassy Surge|[of] p2a: Rillaboom\n|turn|15\n|\n|t:|1700017148\n|-end|p1a: Iron Valiant|Quark Drive|[silent]\n|switch|p1a: Enamorus|Enamorus, F|81\/100\n|move|p2a: Rillaboom|Grassy Glide|p1a: Enamorus\n|-resisted|p1a: Enamorus\n|-damage|p1a: Enamorus|31\/100\n|-start|p2a: Rillaboom|Attract|[from] ability: Cute Charm|[of] p1a: Enamorus\n|\n|upkeep\n|turn|16\n|\n|t:|1700017158\n|-activate|p2a: Rillaboom|move: Attract|[of] p1a: Enamorus\n|cant|p2a: Rillaboom|Attract\n|move|p1a: Enamorus|Moonblast|p2a: Rillaboom\n|-damage|p2a: Rillaboom|11\/100\n|-damage|p1a: Enamorus|22\/100|[from] item: Life Orb\n|\n|-heal|p2a: Rillaboom|17\/100|[from] Grassy Terrain\n|upkeep\n|turn|17\n|\n|t:|1700017166\n|-activate|p2a: Rillaboom|move: Attract|[of] p1a: Enamorus\n|cant|p2a: Rillaboom|Attract\n|move|p1a: Enamorus|Moonblast|p2a: Rillaboom\n|-damage|p2a: Rillaboom|0 fnt\n|faint|p2a: Rillaboom\n|-damage|p1a: Enamorus|12\/100|[from] item: Life Orb\n|\n|upkeep\n|c|\u2606supermonst|gg\n|c|\u2606BUGG1N|gg\n|-message|supermonst forfeited.\n|\n|win|BUGG1N\n|raw|BUGG1N's rating: 1597 &rarr; <strong>1614<\/strong><br \/>(+17 for winning)\n|raw|supermonst's rating: 1545 &rarr; <strong>1528<\/strong><br \/>(-17 for losing)\n|l|\u2606supermonst\n","uploadtime":1700017191,"views":8,"p1id":"bugg1n","p2id":"supermonst","formatid":"gen9ou","rating":1528,"private":0,"password":""}