{"id":"gen9ou-1993812526","p1":"mapss","p2":"Wiseblood2707","format":"[Gen 9] OU","log":"|j|\u2606mapss\n|j|\u2606Wiseblood2707\n|t:|1700360346\n|gametype|singles\n|player|p1|mapss|plasmagruntf|1413\n|player|p2|Wiseblood2707|giovanni|1317\n|teamsize|p1|6\n|teamsize|p2|6\n|gen|9\n|tier|[Gen 9] OU\n|rated|\n|rule|Sleep Clause Mod: Limit one foe put to sleep\n|rule|Species Clause: Limit one of each Pok\u00e9mon\n|rule|OHKO Clause: OHKO moves are banned\n|rule|Evasion Items Clause: Evasion items are banned\n|rule|Evasion Moves Clause: Evasion moves are banned\n|rule|Endless Battle Clause: Forcing endless battles is banned\n|rule|HP Percentage Mod: HP is shown in percentages\n|clearpoke\n|poke|p1|Torterra, M|\n|poke|p1|Ninetales-Alola, F|\n|poke|p1|Azelf|\n|poke|p1|Haxorus, M|\n|poke|p1|Quaquaval, F|\n|poke|p1|Ceruledge, M|\n|poke|p2|Kommo-o, F|\n|poke|p2|Ninetales-Alola, F|\n|poke|p2|Great Tusk|\n|poke|p2|Samurott-Hisui, F|\n|poke|p2|Iron Moth|\n|poke|p2|Enamorus, F|\n|teampreview\n|\n|t:|1700360353\n|start\n|switch|p1a: Azelf|Azelf, shiny|100\/100\n|switch|p2a: Vergil|Samurott-Hisui, F|100\/100\n|turn|1\n|\n|t:|1700360365\n|-terastallize|p2a: Vergil|Ghost\n|move|p1a: Azelf|Stealth Rock|p2a: Vergil\n|-sidestart|p2: Wiseblood2707|move: Stealth Rock\n|move|p2a: Vergil|Ceaseless Edge|p1a: Azelf\n|-supereffective|p1a: Azelf\n|-enditem|p1a: Azelf|Focus Sash\n|-damage|p1a: Azelf|1\/100\n|-sidestart|p1: mapss|Spikes\n|\n|upkeep\n|turn|2\n|\n|t:|1700360373\n|move|p2a: Vergil|Aqua Jet|p1a: Azelf\n|-damage|p1a: Azelf|0 fnt\n|faint|p1a: Azelf\n|\n|upkeep\n|\n|t:|1700360379\n|switch|p1a: Quaquaval|Quaquaval, F, shiny|100\/100\n|-damage|p1a: Quaquaval|88\/100|[from] Spikes\n|turn|3\n|\n|t:|1700360385\n|move|p2a: Vergil|Knock Off|p1a: Quaquaval\n|-resisted|p1a: Quaquaval\n|-damage|p1a: Quaquaval|64\/100\n|-enditem|p1a: Quaquaval|Assault Vest|[from] move: Knock Off|[of] p2a: Vergil\n|move|p1a: Quaquaval|Aqua Step|p2a: Vergil\n|-damage|p2a: Vergil|53\/100\n|-boost|p1a: Quaquaval|spe|1\n|\n|upkeep\n|turn|4\n|\n|t:|1700360401\n|switch|p2a: Let it go|Ninetales-Alola, F|100\/100\n|-damage|p2a: Let it go|76\/100|[from] Stealth Rock\n|-weather|Snow|[from] ability: Snow Warning|[of] p2a: Let it go\n|move|p1a: Quaquaval|Aqua Step|p2a: Let it go\n|-damage|p2a: Let it go|45\/100\n|-boost|p1a: Quaquaval|spe|1\n|\n|-weather|Snow|[upkeep]\n|upkeep\n|turn|5\n|\n|t:|1700360413\n|move|p1a: Quaquaval|Close Combat|p2a: Let it go\n|-damage|p2a: Let it go|0 fnt\n|-unboost|p1a: Quaquaval|def|1\n|-unboost|p1a: Quaquaval|spd|1\n|faint|p2a: Let it go\n|-ability|p1a: Quaquaval|Moxie|boost\n|-boost|p1a: Quaquaval|atk|1\n|\n|-weather|Snow|[upkeep]\n|upkeep\n|\n|t:|1700360442\n|switch|p2a: Goku|Kommo-o, F|100\/100\n|-damage|p2a: Goku|94\/100|[from] Stealth Rock\n|turn|6\n|\n|t:|1700360451\n|move|p1a: Quaquaval|Rapid Spin|p2a: Goku\n|-damage|p2a: Goku|70\/100\n|-boost|p1a: Quaquaval|spe|1\n|-sideend|p1: mapss|Spikes|[from] move: Rapid Spin|[of] p1a: Quaquaval\n|move|p2a: Goku|Boomburst|p1a: Quaquaval\n|-damage|p1a: Quaquaval|7\/100\n|-enditem|p2a: Goku|Throat Spray\n|-boost|p2a: Goku|spa|1|[from] item: Throat Spray\n|\n|-weather|Snow|[upkeep]\n|upkeep\n|turn|7\n|\n|t:|1700360462\n|move|p1a: Quaquaval|Close Combat|p2a: Goku\n|-damage|p2a: Goku|0 fnt\n|-unboost|p1a: Quaquaval|def|1\n|-unboost|p1a: Quaquaval|spd|1\n|faint|p2a: Goku\n|-ability|p1a: Quaquaval|Moxie|boost\n|-boost|p1a: Quaquaval|atk|1\n|\n|-weather|Snow|[upkeep]\n|upkeep\n|\n|t:|1700360470\n|switch|p2a: Vergil|Samurott-Hisui, F, tera:Ghost|53\/100\n|-damage|p2a: Vergil|40\/100|[from] Stealth Rock\n|turn|8\n|\n|t:|1700360477\n|move|p2a: Vergil|Aqua Jet|p1a: Quaquaval\n|-resisted|p1a: Quaquaval\n|-damage|p1a: Quaquaval|0 fnt\n|faint|p1a: Quaquaval\n|\n|-weather|none\n|upkeep\n|\n|t:|1700360486\n|switch|p1a: Ceruledge|Ceruledge, M|100\/100\n|turn|9\n|\n|t:|1700360495\n|move|p2a: Vergil|Ceaseless Edge|p1a: Ceruledge\n|-supereffective|p1a: Ceruledge\n|-enditem|p1a: Ceruledge|Focus Sash\n|-damage|p1a: Ceruledge|1\/100\n|-ability|p1a: Ceruledge|Weak Armor|boost\n|-unboost|p1a: Ceruledge|def|1\n|-boost|p1a: Ceruledge|spe|2\n|-sidestart|p1: mapss|Spikes\n|move|p1a: Ceruledge|Swords Dance|p1a: Ceruledge\n|-boost|p1a: Ceruledge|atk|2\n|\n|upkeep\n|turn|10\n|\n|t:|1700360505\n|move|p1a: Ceruledge|Shadow Sneak|p2a: Vergil\n|-supereffective|p2a: Vergil\n|-damage|p2a: Vergil|0 fnt\n|faint|p2a: Vergil\n|\n|upkeep\n|\n|t:|1700360513\n|switch|p2a: Gran Tosko|Great Tusk|100\/100\n|-damage|p2a: Gran Tosko|98\/100|[from] Stealth Rock\n|-enditem|p2a: Gran Tosko|Booster Energy\n|-activate|p2a: Gran Tosko|ability: Protosynthesis|[fromitem]\n|-start|p2a: Gran Tosko|protosynthesisatk\n|turn|11\n|\n|t:|1700360568\n|-terastallize|p1a: Ceruledge|Ghost\n|move|p1a: Ceruledge|Poltergeist||[still]\n|-fail|p1a: Ceruledge\n|move|p2a: Gran Tosko|Ice Spinner|p1a: Ceruledge\n|-damage|p1a: Ceruledge|0 fnt\n|faint|p1a: Ceruledge\n|\n|upkeep\n|c|\u2606mapss|i keep forgeting booster thingi is a one time item\n|\n|t:|1700360589\n|switch|p1a: Ninetales|Ninetales-Alola, F, shiny|100\/100\n|-damage|p1a: Ninetales|88\/100|[from] Spikes\n|-weather|Snow|[from] ability: Snow Warning|[of] p1a: Ninetales\n|turn|12\n|\n|t:|1700360605\n|move|p1a: Ninetales|Aurora Veil|p1a: Ninetales\n|-sidestart|p1: mapss|move: Aurora Veil\n|move|p2a: Gran Tosko|Rapid Spin|p1a: Ninetales\n|-damage|p1a: Ninetales|79\/100\n|-boost|p2a: Gran Tosko|spe|1\n|-sideend|p2: Wiseblood2707|Stealth Rock|[from] move: Rapid Spin|[of] p2a: Gran Tosko\n|\n|-weather|Snow|[upkeep]\n|upkeep\n|turn|13\n|\n|t:|1700360617\n|move|p2a: Gran Tosko|Close Combat|p1a: Ninetales\n|-damage|p1a: Ninetales|47\/100\n|-unboost|p2a: Gran Tosko|def|1\n|-unboost|p2a: Gran Tosko|spd|1\n|move|p1a: Ninetales|Roar|p2a: Gran Tosko\n|-end|p2a: Gran Tosko|Protosynthesis|[silent]\n|drag|p2a: KillerMoth|Iron Moth|100\/100\n|-enditem|p2a: KillerMoth|Booster Energy\n|-activate|p2a: KillerMoth|ability: Quark Drive|[fromitem]\n|-start|p2a: KillerMoth|quarkdrivespe\n|\n|-weather|Snow|[upkeep]\n|upkeep\n|turn|14\n|\n|t:|1700360629\n|move|p2a: KillerMoth|Sludge Wave|p1a: Ninetales\n|-supereffective|p1a: Ninetales\n|-damage|p1a: Ninetales|0 fnt\n|faint|p1a: Ninetales\n|\n|-weather|Snow|[upkeep]\n|upkeep\n|\n|t:|1700360637\n|switch|p1a: Torterra|Torterra, M|100\/100\n|-damage|p1a: Torterra|88\/100|[from] Spikes\n|turn|15\n|\n|t:|1700360646\n|move|p2a: KillerMoth|Fiery Dance|p1a: Torterra\n|-supereffective|p1a: Torterra\n|-damage|p1a: Torterra|37\/100\n|-boost|p2a: KillerMoth|spa|1\n|move|p1a: Torterra|Shell Smash|p1a: Torterra\n|-unboost|p1a: Torterra|def|1\n|-unboost|p1a: Torterra|spd|1\n|-boost|p1a: Torterra|atk|2\n|-boost|p1a: Torterra|spa|2\n|-boost|p1a: Torterra|spe|2\n|\n|-weather|Snow|[upkeep]\n|upkeep\n|turn|16\n|-message|mapss forfeited.\n|\n|win|Wiseblood2707\n|raw|mapss's rating: 1413 &rarr; <strong>1388<\/strong><br \/>(-25 for losing)\n|raw|Wiseblood2707's rating: 1317 &rarr; <strong>1342<\/strong><br \/>(+25 for winning)\n|l|\u2606mapss\n","uploadtime":1700360671,"views":9,"p1id":"mapss","p2id":"wiseblood2707","formatid":"gen9ou","rating":1342,"private":0,"password":""}