{"id":"gen9ou-1997479747","p1":"StinkyBinky609","p2":"TheIllustriousYUBI","format":"[Gen 9] OU","log":"|j|\u2606StinkyBinky609\n|j|\u2606TheIllustriousYUBI\n|t:|1700812648\n|gametype|singles\n|player|p1|StinkyBinky609|drayden|1225\n|player|p2|TheIllustriousYUBI|brycenman|1249\n|teamsize|p1|6\n|teamsize|p2|6\n|gen|9\n|tier|[Gen 9] OU\n|rated|\n|rule|Sleep Clause Mod: Limit one foe put to sleep\n|rule|Species Clause: Limit one of each Pok\u00e9mon\n|rule|OHKO Clause: OHKO moves are banned\n|rule|Evasion Items Clause: Evasion items are banned\n|rule|Evasion Moves Clause: Evasion moves are banned\n|rule|Endless Battle Clause: Forcing endless battles is banned\n|rule|HP Percentage Mod: HP is shown in percentages\n|clearpoke\n|poke|p1|Great Tusk|\n|poke|p1|Chandelure, F|\n|poke|p1|Kilowattrel, M|\n|poke|p1|Iron Valiant|\n|poke|p1|Piloswine, F|\n|poke|p1|Ludicolo, F|\n|poke|p2|Ogerpon, F|\n|poke|p2|Moltres|\n|poke|p2|Great Tusk|\n|poke|p2|Kingambit, M|\n|poke|p2|Greninja-*, M|\n|poke|p2|Dragapult, F|\n|teampreview\n|inactive|Battle timer is ON: inactive players will automatically lose when time's up. (requested by TheIllustriousYUBI)\n|\n|t:|1700812660\n|start\n|switch|p1a: Ogerpon-Shitspring|Ludicolo, F|100\/100\n|switch|p2a: Greninja|Greninja, M|100\/100\n|turn|1\n|\n|t:|1700812671\n|switch|p2a: Ogerpon|Ogerpon, F|100\/100\n|move|p1a: Ogerpon-Shitspring|Leaf Storm|p2a: Ogerpon\n|-resisted|p2a: Ogerpon\n|-damage|p2a: Ogerpon|51\/100\n|-unboost|p1a: Ogerpon-Shitspring|spa|2\n|\n|upkeep\n|turn|2\n|\n|t:|1700812686\n|switch|p1a: Trash|Iron Valiant|100\/100\n|move|p2a: Ogerpon|Swords Dance|p2a: Ogerpon\n|-boost|p2a: Ogerpon|atk|2\n|\n|upkeep\n|turn|3\n|\n|t:|1700812703\n|-terastallize|p2a: Ogerpon|Grass\n|detailschange|p2a: Ogerpon|Ogerpon-Teal-Tera, F, tera:Grass\n|-ability|p2a: Ogerpon|Embody Aspect (Teal)|boost\n|-boost|p2a: Ogerpon|spe|1\n|move|p2a: Ogerpon|Play Rough|p1a: Trash|[miss]\n|-miss|p2a: Ogerpon|p1a: Trash\n|move|p1a: Trash|Moonblast|p2a: Ogerpon\n|-damage|p2a: Ogerpon|4\/100\n|\n|upkeep\n|turn|4\n|\n|t:|1700812714\n|-end|p1a: Trash|Quark Drive|[silent]\n|switch|p1a: Small Tusk|Piloswine, F|100\/100\n|move|p2a: Ogerpon|Play Rough|p1a: Small Tusk|[miss]\n|-miss|p2a: Ogerpon|p1a: Small Tusk\n|\n|upkeep\n|turn|5\n|c|\u2606StinkyBinky609|Facts\n|\n|t:|1700812725\n|move|p1a: Small Tusk|Ice Shard|p2a: Ogerpon\n|-supereffective|p2a: Ogerpon\n|-damage|p2a: Ogerpon|0 fnt\n|faint|p2a: Ogerpon\n|\n|upkeep\n|\n|t:|1700812736\n|switch|p2a: Moltres|Moltres|100\/100\n|turn|6\n|\n|t:|1700812744\n|switch|p1a: Chandy|Chandelure, F|100\/100\n|move|p2a: Moltres|U-turn|p1a: Chandy\n|-resisted|p1a: Chandy\n|-damage|p1a: Chandy|96\/100\n|\n|t:|1700812750\n|switch|p2a: Dragapult|Dragapult, F|100\/100|[from] U-turn\n|\n|upkeep\n|turn|7\n|\n|t:|1700812754\n|-terastallize|p1a: Chandy|Fire\n|move|p2a: Dragapult|Shadow Ball|p1a: Chandy\n|-damage|p1a: Chandy|25\/100\n|-unboost|p1a: Chandy|spd|1\n|move|p1a: Chandy|Shadow Ball|p2a: Dragapult\n|-supereffective|p2a: Dragapult\n|-damage|p2a: Dragapult|0 fnt\n|faint|p2a: Dragapult\n|\n|upkeep\n|\n|t:|1700812760\n|switch|p2a: Greninja|Greninja, M|100\/100\n|turn|8\n|\n|t:|1700812766\n|switch|p1a: Ogerpon-Shitspring|Ludicolo, F|100\/100\n|move|p2a: Greninja|Hydro Pump|p1a: Ogerpon-Shitspring\n|-resisted|p1a: Ogerpon-Shitspring\n|-damage|p1a: Ogerpon-Shitspring|82\/100\n|-damage|p2a: Greninja|91\/100|[from] item: Life Orb\n|\n|upkeep\n|turn|9\n|\n|t:|1700812774\n|switch|p2a: Moltres|Moltres|100\/100\n|move|p1a: Ogerpon-Shitspring|Hydro Pump|p2a: Moltres\n|-supereffective|p2a: Moltres\n|-damage|p2a: Moltres|0 fnt\n|faint|p2a: Moltres\n|\n|upkeep\n|\n|t:|1700812778\n|switch|p2a: Greninja|Greninja, M|91\/100\n|turn|10\n|\n|t:|1700812781\n|move|p2a: Greninja|Dark Pulse|p1a: Ogerpon-Shitspring\n|-damage|p1a: Ogerpon-Shitspring|30\/100\n|-damage|p2a: Greninja|81\/100|[from] item: Life Orb\n|move|p1a: Ogerpon-Shitspring|Hydro Pump|p2a: Greninja\n|-resisted|p2a: Greninja\n|-damage|p2a: Greninja|20\/100\n|\n|upkeep\n|turn|11\n|\n|t:|1700812790\n|switch|p1a: Trash|Iron Valiant|100\/100\n|move|p2a: Greninja|Dark Pulse|p1a: Trash\n|-resisted|p1a: Trash\n|-damage|p1a: Trash|85\/100\n|-damage|p2a: Greninja|11\/100|[from] item: Life Orb\n|\n|upkeep\n|turn|12\n|\n|t:|1700812796\n|-end|p1a: Trash|Quark Drive|[silent]\n|switch|p1a: Ogerpon-Shitspring|Ludicolo, F|30\/100\n|move|p2a: Greninja|Hydro Pump|p1a: Ogerpon-Shitspring\n|-resisted|p1a: Ogerpon-Shitspring\n|-damage|p1a: Ogerpon-Shitspring|13\/100\n|-damage|p2a: Greninja|1\/100|[from] item: Life Orb\n|\n|upkeep\n|turn|13\n|\n|t:|1700812804\n|move|p2a: Greninja|Dark Pulse|p1a: Ogerpon-Shitspring\n|-crit|p1a: Ogerpon-Shitspring\n|-damage|p1a: Ogerpon-Shitspring|0 fnt\n|faint|p1a: Ogerpon-Shitspring\n|-ability|p2a: Greninja|Battle Bond|boost\n|-boost|p2a: Greninja|atk|1\n|-boost|p2a: Greninja|spa|1\n|-boost|p2a: Greninja|spe|1\n|-activate|p2a: Greninja|ability: Battle Bond\n|-damage|p2a: Greninja|0 fnt|[from] item: Life Orb\n|faint|p2a: Greninja\n|\n|upkeep\n|\n|t:|1700812812\n|switch|p2a: Great Tusk|Great Tusk|100\/100\n|switch|p1a: Trash|Iron Valiant|85\/100\n|turn|14\n|-message|TheIllustriousYUBI forfeited.\n|\n|win|StinkyBinky609\n|raw|StinkyBinky609's rating: 1225 &rarr; <strong>1252<\/strong><br \/>(+27 for winning)\n|raw|TheIllustriousYUBI's rating: 1249 &rarr; <strong>1222<\/strong><br \/>(-27 for losing)\n|l|\u2606TheIllustriousYUBI\n","uploadtime":1700812816,"views":3,"p1id":"stinkybinky609","p2id":"theillustriousyubi","formatid":"gen9ou","rating":1222,"private":0,"password":""}