{"id":"gen9ou-1989830901","p1":"noise mno","p2":"Aggron","format":"[Gen 9] OU","log":"|j|\u2606noise mno\n|j|\u2606Aggron\n|t:|1699899351\n|gametype|singles\n|player|p1|noise mno|101|1732\n|player|p2|Aggron|pokefan-gen4|1742\n|teamsize|p1|6\n|teamsize|p2|6\n|gen|9\n|tier|[Gen 9] OU\n|rated|\n|rule|Sleep Clause Mod: Limit one foe put to sleep\n|rule|Species Clause: Limit one of each Pok\u00e9mon\n|rule|OHKO Clause: OHKO moves are banned\n|rule|Evasion Items Clause: Evasion items are banned\n|rule|Evasion Moves Clause: Evasion moves are banned\n|rule|Endless Battle Clause: Forcing endless battles is banned\n|rule|HP Percentage Mod: HP is shown in percentages\n|clearpoke\n|poke|p1|Enamorus, F|\n|poke|p1|Corviknight, F|\n|poke|p1|Garchomp, F|\n|poke|p1|Slowking-Galar, F|\n|poke|p1|Lokix, F|\n|poke|p1|Ogerpon-Wellspring, F|\n|poke|p2|Sinistcha-Masterpiece|\n|poke|p2|Tyranitar, F|\n|poke|p2|Heatran, F|\n|poke|p2|Rillaboom, F|\n|poke|p2|Sneasler, F|\n|poke|p2|Samurott-Hisui, M|\n|teampreview\n|inactive|Battle timer is ON: inactive players will automatically lose when time's up. (requested by Aggron)\n|j| altseed\n|l| altseed\n|j| Jan7498\n|\n|t:|1699899361\n|start\n|switch|p1a: Lokix|Lokix, F|100\/100\n|switch|p2a: Sneasler|Sneasler, F|100\/100\n|turn|1\n|\n|t:|1699899368\n|move|p2a: Sneasler|Fake Out|p1a: Lokix\n|-damage|p1a: Lokix|80\/100\n|-status|p1a: Lokix|psn|[from] ability: Poison Touch|[of] p2a: Sneasler\n|cant|p1a: Lokix|flinch\n|\n|-damage|p1a: Lokix|68\/100 psn|[from] psn\n|upkeep\n|turn|2\n|\n|t:|1699899375\n|move|p1a: Lokix|U-turn|p2a: Sneasler\n|-resisted|p2a: Sneasler\n|-damage|p2a: Sneasler|71\/100\n|j| 22211111b\n|\n|t:|1699899380\n|switch|p1a: Slowking|Slowking-Galar, F|100\/100|[from] U-turn\n|move|p2a: Sneasler|U-turn|p1a: Slowking\n|-damage|p1a: Slowking|76\/100\n|\n|t:|1699899383\n|switch|p2a: Samurott|Samurott-Hisui, M|100\/100|[from] U-turn\n|\n|upkeep\n|turn|3\n|\n|t:|1699899393\n|switch|p1a: Lokix|Lokix, F|68\/100 psn\n|move|p2a: Samurott|Ceaseless Edge|p1a: Lokix\n|-resisted|p1a: Lokix\n|-damage|p1a: Lokix|35\/100 psn\n|-sidestart|p1: noise mno|Spikes\n|\n|-damage|p1a: Lokix|22\/100 psn|[from] psn\n|upkeep\n|turn|4\n|\n|t:|1699899400\n|switch|p2a: Sneasler|Sneasler, F|71\/100\n|move|p1a: Lokix|First Impression|p2a: Sneasler\n|-resisted|p2a: Sneasler\n|-damage|p2a: Sneasler|35\/100\n|\n|-damage|p1a: Lokix|10\/100 psn|[from] psn\n|upkeep\n|turn|5\n|\n|t:|1699899404\n|switch|p1a: Corviknight|Corviknight, F|100\/100\n|-ability|p1a: Corviknight|Pressure\n|move|p2a: Sneasler|U-turn|p1a: Corviknight\n|-resisted|p1a: Corviknight\n|-damage|p1a: Corviknight|97\/100\n|\n|t:|1699899406\n|switch|p2a: Heatran|Heatran, F|100\/100|[from] U-turn\n|-item|p2a: Heatran|Air Balloon\n|\n|-heal|p1a: Corviknight|100\/100|[from] item: Leftovers\n|upkeep\n|turn|6\n|inactive|noise mno has 120 seconds left.\n|\n|t:|1699899436\n|move|p2a: Heatran|Magma Storm|p1a: Corviknight\n|-supereffective|p1a: Corviknight\n|-damage|p1a: Corviknight|7\/100\n|-activate|p1a: Corviknight|move: Magma Storm|[of] p2a: Heatran\n|move|p1a: Corviknight|U-turn|p2a: Heatran\n|-resisted|p2a: Heatran\n|-damage|p2a: Heatran|96\/100\n|-enditem|p2a: Heatran|Air Balloon\n|inactive|noise mno has 120 seconds left.\n|\n|t:|1699899445\n|switch|p1a: Garchomp|Garchomp, F|100\/100|[from] U-turn\n|-damage|p1a: Garchomp|88\/100|[from] Spikes\n|\n|upkeep\n|turn|7\n|l| Jan7498\n|\n|t:|1699899458\n|switch|p2a: Rillaboom|Rillaboom, F|100\/100\n|-fieldstart|move: Grassy Terrain|[from] ability: Grassy Surge|[of] p2a: Rillaboom\n|move|p1a: Garchomp|Stealth Rock|p2a: Rillaboom\n|-sidestart|p2: Aggron|move: Stealth Rock\n|\n|-heal|p1a: Garchomp|94\/100|[from] Grassy Terrain\n|upkeep\n|turn|8\n|\n|t:|1699899471\n|-terastallize|p2a: Rillaboom|Grass\n|move|p1a: Garchomp|Fire Blast|p2a: Rillaboom\n|-supereffective|p2a: Rillaboom\n|-damage|p2a: Rillaboom|0 fnt\n|faint|p2a: Rillaboom\n|-damage|p1a: Garchomp|84\/100|[from] item: Life Orb\n|\n|-heal|p1a: Garchomp|90\/100|[from] Grassy Terrain\n|upkeep\n|l|22211111b\n|\n|t:|1699899481\n|switch|p2a: Sneasler|Sneasler, F|35\/100\n|-damage|p2a: Sneasler|29\/100|[from] Stealth Rock\n|turn|9\n|inactive|noise mno has 120 seconds left.\n|\n|t:|1699899512\n|move|p2a: Sneasler|Fake Out|p1a: Garchomp\n|-damage|p1a: Garchomp|78\/100\n|-activate|p1a: Garchomp|ability: Rough Skin\n|-activate|p2a: Sneasler|item: Protective Pads\n|cant|p1a: Garchomp|flinch\n|\n|-heal|p2a: Sneasler|35\/100|[from] Grassy Terrain\n|-heal|p1a: Garchomp|84\/100|[from] Grassy Terrain\n|upkeep\n|turn|10\n|\n|t:|1699899516\n|move|p2a: Sneasler|U-turn|p1a: Garchomp\n|-damage|p1a: Garchomp|59\/100\n|-activate|p1a: Garchomp|ability: Rough Skin\n|-activate|p2a: Sneasler|item: Protective Pads\n|\n|t:|1699899521\n|switch|p2a: Sinistcha|Sinistcha-Masterpiece|100\/100|[from] U-turn\n|move|p1a: Garchomp|Earth Power|p2a: Sinistcha\n|-resisted|p2a: Sinistcha\n|-damage|p2a: Sinistcha|73\/100\n|-damage|p1a: Garchomp|49\/100|[from] item: Life Orb\n|\n|-heal|p1a: Garchomp|55\/100|[from] Grassy Terrain\n|-heal|p2a: Sinistcha|79\/100|[from] Grassy Terrain\n|upkeep\n|turn|11\n|\n|t:|1699899531\n|move|p1a: Garchomp|Fire Blast|p2a: Sinistcha\n|-supereffective|p2a: Sinistcha\n|-damage|p2a: Sinistcha|35\/100\n|-damage|p1a: Garchomp|45\/100|[from] item: Life Orb\n|move|p2a: Sinistcha|Matcha Gotcha|p1a: Garchomp\n|-damage|p1a: Garchomp|0 fnt\n|-heal|p2a: Sinistcha|59\/100|[from] drain|[of] p1a: Garchomp\n|faint|p1a: Garchomp\n|\n|-heal|p2a: Sinistcha|65\/100|[from] Grassy Terrain\n|-fieldend|move: Grassy Terrain\n|upkeep\n|inactive|noise mno has 120 seconds left.\n|j| Joltinjoe18\n|\n|t:|1699899581\n|switch|p1a: Slowking|Slowking-Galar, F|100\/100\n|turn|12\n|\n|t:|1699899594\n|switch|p2a: Samurott|Samurott-Hisui, M|100\/100\n|move|p1a: Slowking|Future Sight|p2a: Samurott\n|-start|p1a: Slowking|move: Future Sight\n|\n|upkeep\n|turn|13\n|inactive|noise mno has 90 seconds left.\n|\n|t:|1699899639\n|switch|p1a: Lokix|Lokix, F|10\/100 psn\n|-damage|p1a: Lokix|0 fnt|[from] Spikes\n|faint|p1a: Lokix\n|move|p2a: Samurott|Razor Shell|p1: Lokix|[notarget]\n|-fail|p2a: Samurott\n|\n|upkeep\n|inactive|noise mno has 60 seconds left.\n|\n|t:|1699899664\n|switch|p1a: Enamorus|Enamorus, F|100\/100\n|turn|14\n|\n|t:|1699899672\n|switch|p2a: Tyranitar|Tyranitar, F|100\/100\n|-weather|Sandstorm|[from] ability: Sand Stream|[of] p2a: Tyranitar\n|move|p1a: Enamorus|Moonblast|p2a: Tyranitar\n|-supereffective|p2a: Tyranitar\n|-damage|p2a: Tyranitar|20\/100\n|\n|-weather|Sandstorm|[upkeep]\n|-damage|p1a: Enamorus|94\/100|[from] Sandstorm\n|-end|p2a: Tyranitar|move: Future Sight\n|-immune|p2a: Tyranitar\n|upkeep\n|turn|15\n|\n|t:|1699899678\n|switch|p2a: Heatran|Heatran, F|96\/100\n|-damage|p2a: Heatran|84\/100|[from] Stealth Rock\n|move|p1a: Enamorus|Moonblast|p2a: Heatran\n|-resisted|p2a: Heatran\n|-damage|p2a: Heatran|66\/100\n|-unboost|p2a: Heatran|spa|1\n|\n|-weather|Sandstorm|[upkeep]\n|-damage|p1a: Enamorus|88\/100|[from] Sandstorm\n|upkeep\n|turn|16\n|\n|t:|1699899689\n|switch|p1a: Corviknight|Corviknight, F|7\/100\n|-ability|p1a: Corviknight|Pressure\n|move|p2a: Heatran|Stealth Rock|p1a: Corviknight\n|-sidestart|p1: noise mno|move: Stealth Rock\n|\n|-weather|Sandstorm|[upkeep]\n|-heal|p1a: Corviknight|13\/100|[from] item: Leftovers\n|upkeep\n|turn|17\n|j| UmH0wD0IPlay?\n|\n|t:|1699899694\n|move|p2a: Heatran|Taunt|p1a: Corviknight\n|-start|p1a: Corviknight|move: Taunt\n|cant|p1a: Corviknight|move: Taunt|Defog\n|\n|-weather|Sandstorm|[upkeep]\n|-heal|p1a: Corviknight|19\/100|[from] item: Leftovers\n|upkeep\n|turn|18\n|\n|t:|1699899707\n|move|p2a: Heatran|Magma Storm|p1a: Corviknight\n|-supereffective|p1a: Corviknight\n|-damage|p1a: Corviknight|0 fnt\n|faint|p1a: Corviknight\n|\n|-weather|none\n|upkeep\n|\n|t:|1699899716\n|switch|p1a: Ogerpon|Ogerpon-Wellspring, F|100\/100\n|-damage|p1a: Ogerpon|88\/100|[from] Spikes\n|-damage|p1a: Ogerpon|76\/100|[from] Stealth Rock\n|turn|19\n|\n|t:|1699899724\n|switch|p2a: Tyranitar|Tyranitar, F|20\/100\n|-weather|Sandstorm|[from] ability: Sand Stream|[of] p2a: Tyranitar\n|move|p1a: Ogerpon|Ivy Cudgel|p2a: Tyranitar\n|-supereffective|p2a: Tyranitar\n|-damage|p2a: Tyranitar|0 fnt\n|faint|p2a: Tyranitar\n|\n|-weather|Sandstorm|[upkeep]\n|-damage|p1a: Ogerpon|70\/100|[from] Sandstorm\n|upkeep\n|\n|t:|1699899738\n|switch|p2a: Sinistcha|Sinistcha-Masterpiece|65\/100\n|turn|20\n|inactive|noise mno has 90 seconds left.\n|\n|t:|1699899751\n|switch|p1a: Slowking|Slowking-Galar, F|100\/100\n|move|p2a: Sinistcha|Shadow Ball|p1a: Slowking\n|-supereffective|p1a: Slowking\n|-damage|p1a: Slowking|56\/100\n|\n|-weather|Sandstorm|[upkeep]\n|-damage|p2a: Sinistcha|59\/100|[from] Sandstorm\n|-damage|p1a: Slowking|50\/100|[from] Sandstorm\n|upkeep\n|turn|21\n|\n|t:|1699899760\n|move|p2a: Sinistcha|Calm Mind|p2a: Sinistcha\n|-boost|p2a: Sinistcha|spa|1\n|-boost|p2a: Sinistcha|spd|1\n|move|p1a: Slowking|Chilly Reception|p1a: Slowking\n|-weather|Snow\n|\n|t:|1699899763\n|switch|p1a: Ogerpon|Ogerpon-Wellspring, F|70\/100|[from] Chilly Reception\n|-damage|p1a: Ogerpon|58\/100|[from] Spikes\n|-damage|p1a: Ogerpon|46\/100|[from] Stealth Rock\n|\n|-weather|Snow|[upkeep]\n|upkeep\n|turn|22\n|\n|t:|1699899777\n|move|p1a: Ogerpon|Ivy Cudgel|p2a: Sinistcha\n|-resisted|p2a: Sinistcha\n|-damage|p2a: Sinistcha|37\/100\n|move|p2a: Sinistcha|Strength Sap|p1a: Ogerpon\n|-unboost|p1a: Ogerpon|atk|1\n|-heal|p2a: Sinistcha|100\/100\n|\n|-weather|Snow|[upkeep]\n|upkeep\n|turn|23\n|\n|t:|1699899781\n|move|p1a: Ogerpon|Encore|p2a: Sinistcha\n|-start|p2a: Sinistcha|Encore\n|move|p2a: Sinistcha|Strength Sap|p1a: Ogerpon\n|-unboost|p1a: Ogerpon|atk|1\n|\n|-weather|Snow|[upkeep]\n|upkeep\n|turn|24\n|inactive|noise mno has 120 seconds left.\n|\n|t:|1699899789\n|switch|p1a: Slowking|Slowking-Galar, F|83\/100\n|switch|p2a: Samurott|Samurott-Hisui, M|100\/100\n|\n|-weather|Snow|[upkeep]\n|upkeep\n|turn|25\n|inactive|noise mno has 120 seconds left.\n|\n|t:|1699899804\n|-terastallize|p1a: Slowking|Water\n|move|p2a: Samurott|Ceaseless Edge|p1a: Slowking\n|-damage|p1a: Slowking|38\/100\n|-sidestart|p1: noise mno|Spikes\n|move|p1a: Slowking|Chilly Reception|p1a: Slowking\n|\n|t:|1699899809\n|switch|p1a: Enamorus|Enamorus, F|88\/100|[from] Chilly Reception\n|-damage|p1a: Enamorus|63\/100|[from] Stealth Rock\n|\n|-weather|none\n|upkeep\n|turn|26\n|inactive|noise mno has 120 seconds left.\n|\n|t:|1699899819\n|move|p2a: Samurott|Sucker Punch|p1a: Enamorus\n|-resisted|p1a: Enamorus\n|-damage|p1a: Enamorus|37\/100\n|move|p1a: Enamorus|Moonblast|p2a: Samurott\n|-supereffective|p2a: Samurott\n|-damage|p2a: Samurott|0 fnt\n|faint|p2a: Samurott\n|\n|upkeep\n|\n|t:|1699899831\n|switch|p2a: Heatran|Heatran, F|66\/100\n|-damage|p2a: Heatran|54\/100|[from] Stealth Rock\n|turn|27\n|\n|t:|1699899840\n|switch|p1a: Slowking|Slowking-Galar, F, tera:Water|71\/100\n|move|p2a: Heatran|Magma Storm|p1a: Slowking\n|-resisted|p1a: Slowking\n|-damage|p1a: Slowking|53\/100\n|-activate|p1a: Slowking|move: Magma Storm|[of] p2a: Heatran\n|\n|-damage|p1a: Slowking|41\/100|[from] move: Magma Storm|[partiallytrapped]\n|upkeep\n|turn|28\n|\n|t:|1699899843\n|move|p2a: Heatran|Taunt|p1a: Slowking\n|-start|p1a: Slowking|move: Taunt\n|cant|p1a: Slowking|move: Taunt|Chilly Reception\n|\n|-damage|p1a: Slowking|28\/100|[from] move: Magma Storm|[partiallytrapped]\n|upkeep\n|turn|29\n|\n|t:|1699899846\n|move|p2a: Heatran|Earth Power|p1a: Slowking\n|-damage|p1a: Slowking|5\/100\n|move|p1a: Slowking|Future Sight|p2a: Heatran\n|-start|p1a: Slowking|move: Future Sight\n|\n|-damage|p1a: Slowking|0 fnt|[from] move: Magma Storm|[partiallytrapped]\n|faint|p1a: Slowking\n|upkeep\n|\n|t:|1699899851\n|switch|p1a: Enamorus|Enamorus, F|37\/100\n|-damage|p1a: Enamorus|12\/100|[from] Stealth Rock\n|turn|30\n|\n|t:|1699899862\n|move|p1a: Enamorus|Healing Wish|p1a: Enamorus\n|faint|p1a: Enamorus\n|move|p2a: Heatran|Magma Storm|p1: Enamorus|[notarget]\n|-fail|p2a: Heatran\n|\n|upkeep\n|\n|t:|1699899866\n|switch|p1a: Ogerpon|Ogerpon-Wellspring, F|46\/100\n|-heal|p1a: Ogerpon|100\/100|[from] move: Healing Wish\n|-damage|p1a: Ogerpon|84\/100|[from] Spikes\n|-damage|p1a: Ogerpon|72\/100|[from] Stealth Rock\n|turn|31\n|\n|t:|1699899875\n|move|p1a: Ogerpon|Ivy Cudgel|p2a: Heatran\n|-supereffective|p2a: Heatran\n|-damage|p2a: Heatran|0 fnt\n|faint|p2a: Heatran\n|\n|-hint|Future Sight did not hit because the target is fainted.\n|upkeep\n|\n|t:|1699899879\n|switch|p2a: Sneasler|Sneasler, F|35\/100\n|-damage|p2a: Sneasler|29\/100|[from] Stealth Rock\n|turn|32\n|\n|t:|1699899882\n|move|p2a: Sneasler|Fake Out|p1a: Ogerpon\n|-damage|p1a: Ogerpon|52\/100\n|cant|p1a: Ogerpon|flinch\n|\n|upkeep\n|turn|33\n|\n|t:|1699899886\n|move|p2a: Sneasler|Dire Claw|p1a: Ogerpon\n|-supereffective|p1a: Ogerpon\n|-damage|p1a: Ogerpon|0 fnt\n|faint|p1a: Ogerpon\n|\n|win|Aggron\n|raw|noise mno's rating: 1732 &rarr; <strong>1713<\/strong><br \/>(-19 for losing)\n|raw|Aggron's rating: 1742 &rarr; <strong>1761<\/strong><br \/>(+19 for winning)\n","uploadtime":1699899894,"views":13,"p1id":"noisemno","p2id":"aggron","formatid":"gen9ou","rating":1713,"private":0,"password":""}