{"id":"gen9ou-1991010635","p1":"Dlord1765","p2":"lavatwocan","format":"[Gen 9] OU","log":"|j|\u2606Dlord1765\n|j|\u2606lavatwocan\n|t:|1700027500\n|gametype|singles\n|player|p1|Dlord1765|1|1334\n|player|p2|lavatwocan|dawn|1305\n|teamsize|p1|6\n|teamsize|p2|6\n|gen|9\n|tier|[Gen 9] OU\n|rated|\n|rule|Sleep Clause Mod: Limit one foe put to sleep\n|rule|Species Clause: Limit one of each Pok\u00e9mon\n|rule|OHKO Clause: OHKO moves are banned\n|rule|Evasion Items Clause: Evasion items are banned\n|rule|Evasion Moves Clause: Evasion moves are banned\n|rule|Endless Battle Clause: Forcing endless battles is banned\n|rule|HP Percentage Mod: HP is shown in percentages\n|clearpoke\n|poke|p1|Torkoal, F|\n|poke|p1|Walking Wake|\n|poke|p1|Ninetales, F|\n|poke|p1|Iron Moth|\n|poke|p1|Great Tusk|\n|poke|p1|Clefable, M|\n|poke|p2|Iron Valiant|\n|poke|p2|Garchomp, F|\n|poke|p2|Kingambit, F|\n|poke|p2|Zamazenta-*|\n|poke|p2|Greninja-*, M|\n|poke|p2|Ceruledge, F|\n|teampreview\n|inactive|Battle timer is ON: inactive players will automatically lose when time's up. (requested by Dlord1765)\n|\n|t:|1700027510\n|start\n|switch|p1a: Walking Wake|Walking Wake|100\/100\n|switch|p2a: Fly Me to UU|Garchomp, F|100\/100\n|turn|1\n|\n|t:|1700027516\n|-terastallize|p2a: Fly Me to UU|Fairy\n|move|p1a: Walking Wake|Flip Turn|p2a: Fly Me to UU\n|-damage|p2a: Fly Me to UU|85\/100\n|-damage|p1a: Walking Wake|88\/100|[from] ability: Rough Skin|[of] p2a: Fly Me to UU\n|\n|t:|1700027521\n|-end|p1a: Walking Wake|Protosynthesis|[silent]\n|switch|p1a: Torkoal|Torkoal, F|100\/100|[from] Flip Turn\n|-weather|SunnyDay|[from] ability: Drought|[of] p1a: Torkoal\n|move|p2a: Fly Me to UU|Swords Dance|p2a: Fly Me to UU\n|-boost|p2a: Fly Me to UU|atk|2\n|\n|-weather|SunnyDay|[upkeep]\n|upkeep\n|turn|2\n|\n|t:|1700027532\n|switch|p1a: Clefable|Clefable, M|100\/100\n|move|p2a: Fly Me to UU|Earthquake|p1a: Clefable\n|-damage|p1a: Clefable|0 fnt\n|faint|p1a: Clefable\n|\n|-weather|SunnyDay|[upkeep]\n|upkeep\n|\n|t:|1700027534\n|switch|p1a: Walking Wake|Walking Wake|88\/100\n|-activate|p1a: Walking Wake|ability: Protosynthesis\n|-start|p1a: Walking Wake|protosynthesisspe\n|turn|3\n|\n|t:|1700027543\n|move|p1a: Walking Wake|Hydro Steam|p2a: Fly Me to UU\n|-damage|p2a: Fly Me to UU|0 fnt\n|faint|p2a: Fly Me to UU\n|\n|-weather|SunnyDay|[upkeep]\n|upkeep\n|\n|t:|1700027551\n|switch|p2a: Trans Rights|Iron Valiant|100\/100\n|turn|4\n|\n|t:|1700027554\n|move|p1a: Walking Wake|Hydro Steam|p2a: Trans Rights\n|-damage|p2a: Trans Rights|0 fnt\n|faint|p2a: Trans Rights\n|-end|p2a: Trans Rights|Quark Drive|[silent]\n|\n|-weather|SunnyDay|[upkeep]\n|upkeep\n|\n|t:|1700027562\n|switch|p2a: WhatDaDogDoin|Zamazenta|100\/100\n|-ability|p2a: WhatDaDogDoin|Dauntless Shield|boost\n|-boost|p2a: WhatDaDogDoin|def|1\n|turn|5\n|\n|t:|1700027567\n|-terastallize|p1a: Walking Wake|Water\n|move|p1a: Walking Wake|Hydro Steam|p2a: WhatDaDogDoin\n|-damage|p2a: WhatDaDogDoin|0 fnt\n|faint|p2a: WhatDaDogDoin\n|\n|-weather|SunnyDay|[upkeep]\n|upkeep\n|\n|t:|1700027574\n|switch|p2a: En Passant|Kingambit, F|100\/100\n|-activate|p2a: En Passant|ability: Supreme Overlord\n|-start|p2a: En Passant|fallen3|[silent]\n|turn|6\n|\n|t:|1700027577\n|move|p2a: En Passant|Sucker Punch|p1a: Walking Wake\n|-damage|p1a: Walking Wake|31\/100\n|move|p1a: Walking Wake|Hydro Steam|p2a: En Passant\n|-damage|p2a: En Passant|0 fnt\n|faint|p2a: En Passant\n|-end|p2a: En Passant|fallen3|[silent]\n|\n|-weather|SunnyDay|[upkeep]\n|upkeep\n|\n|t:|1700027585\n|switch|p2a: Frogger|Greninja, M|100\/100\n|turn|7\n|\n|t:|1700027591\n|move|p2a: Frogger|Water Shuriken|p1a: Walking Wake\n|-resisted|p1a: Walking Wake\n|-crit|p1a: Walking Wake\n|-damage|p1a: Walking Wake|29\/100\n|-resisted|p1a: Walking Wake\n|-damage|p1a: Walking Wake|27\/100\n|-resisted|p1a: Walking Wake\n|-damage|p1a: Walking Wake|25\/100\n|-hitcount|p1a: Walking Wake|3\n|move|p1a: Walking Wake|Hydro Steam|p2a: Frogger\n|-resisted|p2a: Frogger\n|-damage|p2a: Frogger|0 fnt\n|faint|p2a: Frogger\n|\n|-weather|SunnyDay|[upkeep]\n|upkeep\n|\n|t:|1700027602\n|switch|p2a: Sekiro|Ceruledge, F|100\/100\n|turn|8\n|\n|t:|1700027605\n|move|p2a: Sekiro|Shadow Sneak|p1a: Walking Wake\n|-damage|p1a: Walking Wake|1\/100\n|move|p1a: Walking Wake|Hydro Steam|p2a: Sekiro\n|-supereffective|p2a: Sekiro\n|-damage|p2a: Sekiro|0 fnt\n|faint|p2a: Sekiro\n|\n|win|Dlord1765\n|raw|Dlord1765's rating: 1334 &rarr; <strong>1352<\/strong><br \/>(+18 for winning)\n|raw|lavatwocan's rating: 1305 &rarr; <strong>1287<\/strong><br \/>(-18 for losing)\n","uploadtime":1700027619,"views":6,"p1id":"dlord1765","p2id":"lavatwocan","formatid":"gen9ou","rating":1287,"private":0,"password":""}