{"id":"gen9ou-1994734339","p1":"Lamboyhito","p2":"Dechenhatthanh","format":"[Gen 9] OU","log":"|j|\u2606Lamboyhito\n|j|\u2606Dechenhatthanh\n|t:|1700487179\n|gametype|singles\n|player|p1|Lamboyhito|bruno|\n|player|p2|Dechenhatthanh|1|\n|teamsize|p1|6\n|teamsize|p2|6\n|gen|9\n|tier|[Gen 9] OU\n|rule|Sleep Clause Mod: Limit one foe put to sleep\n|rule|Species Clause: Limit one of each Pok\u00e9mon\n|rule|OHKO Clause: OHKO moves are banned\n|rule|Evasion Items Clause: Evasion items are banned\n|rule|Evasion Moves Clause: Evasion moves are banned\n|rule|Endless Battle Clause: Forcing endless battles is banned\n|rule|HP Percentage Mod: HP is shown in percentages\n|clearpoke\n|poke|p1|Dragonite, M|\n|poke|p1|Pelipper, F|\n|poke|p1|Overqwil, F|\n|poke|p1|Cloyster, M|\n|poke|p1|Maushold-Four|\n|poke|p1|Heatran, F|\n|poke|p2|Corviknight, F|\n|poke|p2|Heatran, M|\n|poke|p2|Blissey, F|\n|poke|p2|Dragapult, M|\n|poke|p2|Slowking, M|\n|poke|p2|Cinderace, M|\n|teampreview\n|\n|t:|1700487188\n|start\n|switch|p1a: Maushold|Maushold-Four|100\/100\n|switch|p2a: Heatran|Heatran, M|100\/100\n|turn|1\n|\n|t:|1700487198\n|move|p2a: Heatran|Flamethrower|p1a: Maushold\n|-damage|p1a: Maushold|23\/100\n|move|p1a: Maushold|Tidy Up|p1a: Maushold\n|-boost|p1a: Maushold|atk|1\n|-boost|p1a: Maushold|spe|1\n|\n|upkeep\n|turn|2\n|\n|t:|1700487205\n|move|p1a: Maushold|Population Bomb|p2a: Heatran\n|-resisted|p2a: Heatran\n|-damage|p2a: Heatran|91\/100\n|-hitcount|p2a: Heatran|1\n|-damage|p1a: Maushold|13\/100|[from] item: Life Orb\n|move|p2a: Heatran|Flamethrower|p1a: Maushold\n|-damage|p1a: Maushold|0 fnt\n|faint|p1a: Maushold\n|\n|upkeep\n|\n|t:|1700487211\n|switch|p1a: Pelipper|Pelipper, F|100\/100\n|-weather|RainDance|[from] ability: Drizzle|[of] p1a: Pelipper\n|turn|3\n|\n|t:|1700487215\n|switch|p2a: Blissey|Blissey, F|100\/100\n|move|p1a: Pelipper|Surf|p2a: Blissey\n|-damage|p2a: Blissey|79\/100\n|\n|-weather|RainDance|[upkeep]\n|-heal|p2a: Blissey|85\/100|[from] item: Leftovers\n|upkeep\n|turn|4\n|\n|t:|1700487219\n|move|p1a: Pelipper|U-turn|p2a: Blissey\n|-damage|p2a: Blissey|77\/100\n|\n|t:|1700487229\n|switch|p1a: Overqwil|Overqwil, F|100\/100|[from] U-turn\n|move|p2a: Blissey|Stealth Rock|p1a: Overqwil\n|-sidestart|p1: Lamboyhito|move: Stealth Rock\n|\n|-weather|RainDance|[upkeep]\n|-heal|p2a: Blissey|83\/100|[from] item: Leftovers\n|upkeep\n|turn|5\n|\n|t:|1700487236\n|move|p1a: Overqwil|Toxic Spikes|p2a: Blissey\n|-sidestart|p2: Dechenhatthanh|move: Toxic Spikes\n|move|p2a: Blissey|Thunder Wave|p1a: Overqwil\n|-status|p1a: Overqwil|par\n|\n|-weather|RainDance|[upkeep]\n|-heal|p2a: Blissey|89\/100|[from] item: Leftovers\n|upkeep\n|turn|6\n|\n|t:|1700487241\n|switch|p2a: Heatran|Heatran, M|91\/100\n|move|p1a: Overqwil|Swords Dance|p1a: Overqwil\n|-boost|p1a: Overqwil|atk|2\n|\n|-weather|RainDance|[upkeep]\n|upkeep\n|turn|7\n|\n|t:|1700487251\n|switch|p1a: Pelipper|Pelipper, F|100\/100\n|-damage|p1a: Pelipper|76\/100|[from] Stealth Rock\n|move|p2a: Heatran|Earth Power|p1a: Pelipper\n|-immune|p1a: Pelipper\n|\n|-weather|RainDance|[upkeep]\n|upkeep\n|turn|8\n|\n|t:|1700487260\n|switch|p2a: Blissey|Blissey, F|89\/100\n|-status|p2a: Blissey|psn\n|move|p1a: Pelipper|Hurricane|p2a: Blissey\n|-damage|p2a: Blissey|73\/100 psn\n|\n|-weather|RainDance|[upkeep]\n|-heal|p2a: Blissey|79\/100 psn|[from] item: Leftovers\n|-damage|p2a: Blissey|66\/100 psn|[from] psn\n|upkeep\n|turn|9\n|\n|t:|1700487271\n|move|p1a: Pelipper|U-turn|p2a: Blissey\n|-damage|p2a: Blissey|58\/100 psn\n|\n|t:|1700487276\n|switch|p1a: Cloyster|Cloyster, M|100\/100|[from] U-turn\n|-damage|p1a: Cloyster|76\/100|[from] Stealth Rock\n|move|p2a: Blissey|Thunder Wave|p1a: Cloyster\n|-status|p1a: Cloyster|par\n|\n|-weather|RainDance|[upkeep]\n|-heal|p2a: Blissey|65\/100 psn|[from] item: Leftovers\n|-heal|p1a: Cloyster|82\/100 par|[from] item: Leftovers\n|-damage|p2a: Blissey|52\/100 psn|[from] psn\n|upkeep\n|turn|10\n|\n|t:|1700487285\n|-curestatus|p2a: Blissey|psn|[from] ability: Natural Cure\n|switch|p2a: Heatran|Heatran, M|91\/100\n|move|p1a: Cloyster|Shell Smash|p1a: Cloyster\n|-unboost|p1a: Cloyster|def|1\n|-unboost|p1a: Cloyster|spd|1\n|-boost|p1a: Cloyster|atk|2\n|-boost|p1a: Cloyster|spa|2\n|-boost|p1a: Cloyster|spe|2\n|\n|-weather|none\n|-heal|p1a: Cloyster|88\/100 par|[from] item: Leftovers\n|upkeep\n|turn|11\n|\n|t:|1700487318\n|move|p2a: Heatran|Flash Cannon|p1a: Cloyster\n|-damage|p1a: Cloyster|0 fnt\n|faint|p1a: Cloyster\n|\n|upkeep\n|\n|t:|1700487320\n|switch|p1a: Pelipper|Pelipper, F|76\/100\n|-damage|p1a: Pelipper|51\/100|[from] Stealth Rock\n|-weather|RainDance|[from] ability: Drizzle|[of] p1a: Pelipper\n|turn|12\n|\n|t:|1700487326\n|move|p2a: Heatran|Flash Cannon|p1a: Pelipper\n|-resisted|p1a: Pelipper\n|-damage|p1a: Pelipper|11\/100\n|move|p1a: Pelipper|Roost|p1a: Pelipper\n|-heal|p1a: Pelipper|61\/100\n|-singleturn|p1a: Pelipper|move: Roost\n|\n|-weather|RainDance|[upkeep]\n|upkeep\n|turn|13\n|\n|t:|1700487330\n|switch|p2a: Blissey|Blissey, F|52\/100\n|-status|p2a: Blissey|psn\n|move|p1a: Pelipper|Roost|p1a: Pelipper\n|-heal|p1a: Pelipper|100\/100\n|-singleturn|p1a: Pelipper|move: Roost\n|\n|-weather|RainDance|[upkeep]\n|-heal|p2a: Blissey|58\/100 psn|[from] item: Leftovers\n|-damage|p2a: Blissey|46\/100 psn|[from] psn\n|upkeep\n|turn|14\n|\n|t:|1700487339\n|move|p1a: Pelipper|U-turn|p2a: Blissey\n|-damage|p2a: Blissey|38\/100 psn\n|\n|t:|1700487342\n|switch|p1a: Overqwil|Overqwil, F|100\/100 par|[from] U-turn\n|move|p2a: Blissey|Soft-Boiled|p2a: Blissey\n|-heal|p2a: Blissey|88\/100 psn\n|\n|-weather|RainDance|[upkeep]\n|-heal|p2a: Blissey|94\/100 psn|[from] item: Leftovers\n|-damage|p2a: Blissey|81\/100 psn|[from] psn\n|upkeep\n|turn|15\n|\n|t:|1700487352\n|-curestatus|p2a: Blissey|psn|[from] ability: Natural Cure\n|switch|p2a: Corviknight|Corviknight, F|100\/100\n|move|p1a: Overqwil|Waterfall|p2a: Corviknight\n|-damage|p2a: Corviknight|62\/100\n|\n|-weather|RainDance|[upkeep]\n|-heal|p2a: Corviknight|68\/100|[from] item: Leftovers\n|upkeep\n|turn|16\n|\n|t:|1700487368\n|move|p1a: Overqwil|Swords Dance|p1a: Overqwil\n|-boost|p1a: Overqwil|atk|2\n|move|p2a: Corviknight|Bulk Up|p2a: Corviknight\n|-boost|p2a: Corviknight|atk|1\n|-boost|p2a: Corviknight|def|1\n|\n|-weather|RainDance|[upkeep]\n|-heal|p2a: Corviknight|74\/100|[from] item: Leftovers\n|upkeep\n|turn|17\n|inactive|Battle timer is ON: inactive players will automatically lose when time's up. (requested by Lamboyhito)\n|\n|t:|1700487381\n|move|p1a: Overqwil|Waterfall|p2a: Corviknight\n|-damage|p2a: Corviknight|15\/100\n|move|p2a: Corviknight|Drill Peck|p1a: Overqwil\n|-damage|p1a: Overqwil|37\/100 par\n|\n|-weather|RainDance|[upkeep]\n|-heal|p2a: Corviknight|22\/100|[from] item: Leftovers\n|upkeep\n|turn|18\n|\n|t:|1700487386\n|move|p1a: Overqwil|Waterfall|p2a: Corviknight\n|-damage|p2a: Corviknight|0 fnt\n|faint|p2a: Corviknight\n|\n|-weather|RainDance|[upkeep]\n|upkeep\n|\n|t:|1700487393\n|switch|p2a: Slowking|Slowking, M|100\/100\n|-status|p2a: Slowking|psn\n|turn|19\n|\n|t:|1700487406\n|-terastallize|p2a: Slowking|Fairy\n|move|p1a: Overqwil|Toxic Spikes|p2a: Slowking\n|-sidestart|p2: Dechenhatthanh|move: Toxic Spikes\n|move|p2a: Slowking|Scald|p1a: Overqwil\n|-damage|p1a: Overqwil|0 fnt\n|faint|p1a: Overqwil\n|\n|-weather|none\n|-damage|p2a: Slowking|88\/100 psn|[from] psn\n|upkeep\n|\n|t:|1700487419\n|switch|p1a: Dragonite|Dragonite, M|100\/100\n|turn|20\n|\n|t:|1700487426\n|move|p1a: Dragonite|Dragon Dance|p1a: Dragonite\n|-boost|p1a: Dragonite|atk|1\n|-boost|p1a: Dragonite|spe|1\n|move|p2a: Slowking|Scald|p1a: Dragonite\n|-resisted|p1a: Dragonite\n|-damage|p1a: Dragonite|94\/100\n|\n|-heal|p2a: Slowking|94\/100 psn|[from] item: Leftovers\n|-damage|p2a: Slowking|82\/100 psn|[from] psn\n|upkeep\n|turn|21\n|\n|t:|1700487429\n|switch|p2a: Blissey|Blissey, F|81\/100\n|-status|p2a: Blissey|tox\n|move|p1a: Dragonite|Outrage|p2a: Blissey\n|-damage|p2a: Blissey|0 fnt\n|faint|p2a: Blissey\n|\n|upkeep\n|\n|t:|1700487433\n|switch|p2a: Heatran|Heatran, M|91\/100\n|turn|22\n|\n|t:|1700487435\n|move|p1a: Dragonite|Outrage|p2a: Heatran|[from]lockedmove\n|-resisted|p2a: Heatran\n|-damage|p2a: Heatran|35\/100\n|-start|p1a: Dragonite|confusion|[fatigue]\n|move|p2a: Heatran|Flash Cannon|p1a: Dragonite\n|-damage|p1a: Dragonite|41\/100\n|\n|upkeep\n|turn|23\n|\n|t:|1700487442\n|-terastallize|p1a: Dragonite|Normal\n|-activate|p1a: Dragonite|confusion\n|move|p1a: Dragonite|Outrage|p2a: Heatran\n|-resisted|p2a: Heatran\n|-damage|p2a: Heatran|0 fnt\n|faint|p2a: Heatran\n|\n|upkeep\n|\n|t:|1700487446\n|switch|p2a: Slowking|Slowking, M, tera:Fairy|100\/100 psn\n|turn|24\n|\n|t:|1700487449\n|-activate|p1a: Dragonite|confusion\n|move|p1a: Dragonite|Outrage|p2a: Slowking|[from]lockedmove\n|-immune|p2a: Slowking\n|move|p2a: Slowking|Scald|p1a: Dragonite\n|-damage|p1a: Dragonite|10\/100\n|\n|-damage|p2a: Slowking|88\/100 psn|[from] psn\n|upkeep\n|turn|25\n|\n|t:|1700487454\n|-activate|p1a: Dragonite|confusion\n|move|p1a: Dragonite|Outrage|p2a: Slowking\n|-immune|p2a: Slowking\n|move|p2a: Slowking|Scald|p1a: Dragonite\n|-damage|p1a: Dragonite|0 fnt\n|faint|p1a: Dragonite\n|\n|-heal|p2a: Slowking|94\/100 psn|[from] item: Leftovers\n|-damage|p2a: Slowking|82\/100 psn|[from] psn\n|upkeep\n|\n|t:|1700487457\n|switch|p1a: Pelipper|Pelipper, F|100\/100\n|-damage|p1a: Pelipper|76\/100|[from] Stealth Rock\n|-weather|RainDance|[from] ability: Drizzle|[of] p1a: Pelipper\n|turn|26\n|\n|t:|1700487465\n|move|p1a: Pelipper|Hurricane|p2a: Slowking\n|-damage|p2a: Slowking|42\/100 psn\n|-start|p2a: Slowking|confusion\n|-activate|p2a: Slowking|confusion\n|-damage|p2a: Slowking|38\/100 psn|[from] confusion\n|\n|-weather|RainDance|[upkeep]\n|-heal|p2a: Slowking|44\/100 psn|[from] item: Leftovers\n|-damage|p2a: Slowking|31\/100 psn|[from] psn\n|upkeep\n|turn|27\n|\n|t:|1700487472\n|switch|p2a: Cinderace|Cinderace, M|100\/100\n|-status|p2a: Cinderace|tox\n|move|p1a: Pelipper|Hurricane|p2a: Cinderace\n|-damage|p2a: Cinderace|38\/100 tox\n|\n|-weather|RainDance|[upkeep]\n|-damage|p2a: Cinderace|32\/100 tox|[from] psn\n|upkeep\n|turn|28\n|\n|t:|1700487478\n|move|p2a: Cinderace|Iron Head|p1a: Pelipper\n|-start|p2a: Cinderace|typechange|Steel|[from] ability: Libero\n|-resisted|p1a: Pelipper\n|-damage|p1a: Pelipper|54\/100\n|cant|p1a: Pelipper|flinch\n|\n|-weather|RainDance|[upkeep]\n|-damage|p2a: Cinderace|20\/100 tox|[from] psn\n|upkeep\n|-enditem|p2a: Cinderace|Aguav Berry|[eat]\n|-heal|p2a: Cinderace|54\/100 tox|[from] item: Aguav Berry\n|turn|29\n|\n|t:|1700487485\n|move|p2a: Cinderace|Court Change|p2a: Cinderace\n|-swapsideconditions\n|-activate|p2a: Cinderace|move: Court Change\n|move|p1a: Pelipper|Roost|p1a: Pelipper\n|-heal|p1a: Pelipper|100\/100\n|-singleturn|p1a: Pelipper|move: Roost\n|\n|-weather|RainDance|[upkeep]\n|-damage|p2a: Cinderace|36\/100 tox|[from] psn\n|upkeep\n|turn|30\n|\n|t:|1700487492\n|move|p2a: Cinderace|Court Change|p2a: Cinderace\n|-swapsideconditions\n|-activate|p2a: Cinderace|move: Court Change\n|move|p1a: Pelipper|Hurricane|p2a: Cinderace\n|-resisted|p2a: Cinderace\n|-damage|p2a: Cinderace|2\/100 tox\n|-start|p2a: Cinderace|confusion\n|\n|-weather|RainDance|[upkeep]\n|-damage|p2a: Cinderace|0 fnt|[from] psn\n|faint|p2a: Cinderace\n|upkeep\n|\n|t:|1700487495\n|switch|p2a: Slowking|Slowking, M, tera:Fairy|65\/100 psn\n|turn|31\n|\n|t:|1700487498\n|move|p1a: Pelipper|Hurricane|p2a: Slowking\n|-damage|p2a: Slowking|24\/100 psn\n|move|p2a: Slowking|Nasty Plot|p2a: Slowking\n|-boost|p2a: Slowking|spa|2\n|\n|-weather|RainDance|[upkeep]\n|-heal|p2a: Slowking|30\/100 psn|[from] item: Leftovers\n|-damage|p2a: Slowking|18\/100 psn|[from] psn\n|upkeep\n|turn|32\n|\n|t:|1700487504\n|move|p1a: Pelipper|Hurricane|p2a: Slowking\n|-damage|p2a: Slowking|0 fnt\n|faint|p2a: Slowking\n|\n|-weather|RainDance|[upkeep]\n|upkeep\n|\n|t:|1700487506\n|switch|p2a: Dragapult|Dragapult, M|100\/100\n|-status|p2a: Dragapult|tox\n|turn|33\n|\n|t:|1700487513\n|move|p2a: Dragapult|Dragon Dance|p2a: Dragapult\n|-boost|p2a: Dragapult|atk|1\n|-boost|p2a: Dragapult|spe|1\n|move|p1a: Pelipper|Hurricane|p2a: Dragapult\n|-damage|p2a: Dragapult|37\/100 tox\n|-start|p2a: Dragapult|confusion\n|\n|-weather|none\n|-damage|p2a: Dragapult|31\/100 tox|[from] psn\n|upkeep\n|turn|34\n|\n|t:|1700487517\n|-activate|p2a: Dragapult|confusion\n|move|p2a: Dragapult|Dragon Darts|p1a: Pelipper\n|-damage|p1a: Pelipper|58\/100\n|-anim|p2a: Dragapult|Dragon Darts|p1a: Pelipper\n|-damage|p1a: Pelipper|16\/100\n|move|p1a: Pelipper|Hurricane|p2a: Dragapult\n|-damage|p2a: Dragapult|0 fnt\n|faint|p2a: Dragapult\n|\n|win|Lamboyhito\n","uploadtime":1700487522,"views":18,"p1id":"lamboyhito","p2id":"dechenhatthanh","formatid":"gen9ou","rating":0,"private":0,"password":""}