{"id":"gen9ou-2000453885","p1":"Toxic Skarmory","p2":"Not Hell","format":"[Gen 9] OU","log":"|j|\u2606Toxic Skarmory\n|j|\u2606Not Hell\n|t:|1701196141\n|gametype|singles\n|player|p1|Toxic Skarmory|cameraman|\n|player|p2|Not Hell|morty-masters|\n|teamsize|p1|6\n|teamsize|p2|6\n|gen|9\n|tier|[Gen 9] OU\n|rule|Sleep Clause Mod: Limit one foe put to sleep\n|rule|Species Clause: Limit one of each Pok\u00e9mon\n|rule|OHKO Clause: OHKO moves are banned\n|rule|Evasion Items Clause: Evasion items are banned\n|rule|Evasion Moves Clause: Evasion moves are banned\n|rule|Endless Battle Clause: Forcing endless battles is banned\n|rule|HP Percentage Mod: HP is shown in percentages\n|clearpoke\n|poke|p1|Greninja-*, M|\n|poke|p1|Jolteon, F|\n|poke|p1|Garchomp, M|\n|poke|p1|Slither Wing|\n|poke|p1|Ninetales, M|\n|poke|p1|Rillaboom, F|\n|poke|p2|Corviknight, M|\n|poke|p2|Landorus-Therian, M|\n|poke|p2|Noivern, M|\n|poke|p2|Barraskewda, F|\n|poke|p2|Politoed, M|\n|poke|p2|Breloom, F|\n|teampreview\n|c|\u2606Not Hell|gl hffff\n|c|\u2606Toxic Skarmory|You too.\n|\n|t:|1701196242\n|start\n|switch|p1a: Rillaboom|Rillaboom, F|100\/100\n|switch|p2a: Landorus|Landorus-Therian, M|100\/100\n|-ability|p2a: Landorus|Intimidate|boost\n|-unboost|p1a: Rillaboom|atk|1\n|-fieldstart|move: Grassy Terrain|[from] ability: Grassy Surge|[of] p1a: Rillaboom\n|turn|1\n|\n|t:|1701196303\n|switch|p2a: Corviknight|Corviknight, M|100\/100\n|-ability|p2a: Corviknight|Pressure\n|move|p1a: Rillaboom|U-turn|p2a: Corviknight\n|-resisted|p2a: Corviknight\n|-damage|p2a: Corviknight|98\/100\n|\n|t:|1701196309\n|switch|p1a: Ninetales|Ninetales, M|100\/100|[from] U-turn\n|-weather|SunnyDay|[from] ability: Drought|[of] p1a: Ninetales\n|\n|-weather|SunnyDay|[upkeep]\n|upkeep\n|turn|2\n|\n|t:|1701196315\n|switch|p1a: Jolteon|Jolteon, F|100\/100\n|switch|p2a: Politoed|Politoed, M|100\/100\n|-weather|RainDance|[from] ability: Drizzle|[of] p2a: Politoed\n|\n|-weather|RainDance|[upkeep]\n|upkeep\n|turn|3\n|\n|t:|1701196327\n|move|p2a: Politoed|Protect|p2a: Politoed\n|-singleturn|p2a: Politoed|Protect\n|move|p1a: Jolteon|Weather Ball|p2a: Politoed\n|-activate|p2a: Politoed|move: Protect\n|\n|-weather|RainDance|[upkeep]\n|upkeep\n|turn|4\n|\n|t:|1701196339\n|switch|p1a: Rillaboom|Rillaboom, F|100\/100\n|move|p2a: Politoed|Substitute|p2a: Politoed\n|-start|p2a: Politoed|Substitute\n|-damage|p2a: Politoed|76\/100\n|\n|-weather|RainDance|[upkeep]\n|-heal|p2a: Politoed|82\/100|[from] Grassy Terrain\n|-heal|p2a: Politoed|88\/100|[from] item: Leftovers\n|upkeep\n|turn|5\n|j| Horrific17\n|\n|t:|1701196349\n|move|p1a: Rillaboom|U-turn|p2a: Politoed\n|-end|p2a: Politoed|Substitute\n|\n|t:|1701196353\n|switch|p1a: Ninetales|Ninetales, M|100\/100|[from] U-turn\n|-weather|SunnyDay|[from] ability: Drought|[of] p1a: Ninetales\n|move|p2a: Politoed|Ice Beam|p1a: Ninetales\n|-resisted|p1a: Ninetales\n|-damage|p1a: Ninetales|90\/100\n|\n|-weather|SunnyDay|[upkeep]\n|-heal|p1a: Ninetales|96\/100|[from] Grassy Terrain\n|-heal|p2a: Politoed|94\/100|[from] Grassy Terrain\n|-heal|p2a: Politoed|99\/100|[from] item: Leftovers\n|upkeep\n|turn|6\n|\n|t:|1701196383\n|switch|p2a: Noivern|Noivern, M|100\/100\n|move|p1a: Ninetales|Solar Beam||[still]\n|-prepare|p1a: Ninetales|Solar Beam\n|-anim|p1a: Ninetales|Solar Beam|p2a: Noivern\n|-resisted|p2a: Noivern\n|-damage|p2a: Noivern|88\/100\n|\n|-weather|SunnyDay|[upkeep]\n|-heal|p1a: Ninetales|100\/100|[from] Grassy Terrain\n|upkeep\n|turn|7\n|\n|t:|1701196420\n|switch|p1a: Garchomp|Garchomp, M|100\/100\n|move|p2a: Noivern|Draco Meteor|p1a: Garchomp\n|-supereffective|p1a: Garchomp\n|-enditem|p1a: Garchomp|Haban Berry|[eat]\n|-enditem|p1a: Garchomp|Haban Berry|[weaken]\n|-damage|p1a: Garchomp|42\/100\n|-unboost|p2a: Noivern|spa|2\n|\n|-weather|SunnyDay|[upkeep]\n|-heal|p1a: Garchomp|48\/100|[from] Grassy Terrain\n|upkeep\n|turn|8\n|\n|t:|1701196453\n|switch|p2a: Corviknight|Corviknight, M|98\/100\n|-ability|p2a: Corviknight|Pressure\n|switch|p1a: Jolteon|Jolteon, F|100\/100\n|\n|-weather|SunnyDay|[upkeep]\n|-fieldend|move: Grassy Terrain\n|upkeep\n|turn|9\n|\n|t:|1701196525\n|move|p1a: Jolteon|Weather Ball|p2a: Corviknight\n|-supereffective|p2a: Corviknight\n|-damage|p2a: Corviknight|0 fnt\n|faint|p2a: Corviknight\n|\n|-weather|none\n|upkeep\n|\n|t:|1701196545\n|switch|p2a: Landorus|Landorus-Therian, M|100\/100\n|-ability|p2a: Landorus|Intimidate|boost\n|-unboost|p1a: Jolteon|atk|1\n|turn|10\n|\n|t:|1701196561\n|switch|p1a: Rillaboom|Rillaboom, F|100\/100\n|-fieldstart|move: Grassy Terrain|[from] ability: Grassy Surge|[of] p1a: Rillaboom\n|move|p2a: Landorus|Swords Dance|p2a: Landorus\n|-boost|p2a: Landorus|atk|2\n|\n|upkeep\n|turn|11\n|\n|t:|1701196573\n|switch|p1a: Garchomp|Garchomp, M|48\/100\n|move|p2a: Landorus|Stone Edge|p1a: Garchomp\n|-resisted|p1a: Garchomp\n|-damage|p1a: Garchomp|15\/100\n|\n|-heal|p1a: Garchomp|21\/100|[from] Grassy Terrain\n|upkeep\n|turn|12\n|\n|t:|1701196604\n|move|p2a: Landorus|Earthquake|p1a: Garchomp\n|-damage|p1a: Garchomp|0 fnt\n|faint|p1a: Garchomp\n|\n|upkeep\n|\n|t:|1701196613\n|switch|p1a: Greninja|Greninja, M|100\/100\n|turn|13\n|\n|t:|1701196619\n|switch|p2a: Politoed|Politoed, M|99\/100\n|-weather|RainDance|[from] ability: Drizzle|[of] p2a: Politoed\n|move|p1a: Greninja|Grass Knot|p2a: Politoed\n|-supereffective|p2a: Politoed\n|-damage|p2a: Politoed|68\/100\n|\n|-weather|RainDance|[upkeep]\n|-heal|p2a: Politoed|74\/100|[from] Grassy Terrain\n|-heal|p2a: Politoed|80\/100|[from] item: Leftovers\n|upkeep\n|turn|14\n|\n|t:|1701196638\n|switch|p1a: Jolteon|Jolteon, F|100\/100\n|move|p2a: Politoed|Substitute|p2a: Politoed\n|-start|p2a: Politoed|Substitute\n|-damage|p2a: Politoed|55\/100\n|\n|-weather|RainDance|[upkeep]\n|-heal|p2a: Politoed|61\/100|[from] Grassy Terrain\n|-heal|p2a: Politoed|67\/100|[from] item: Leftovers\n|upkeep\n|turn|15\n|\n|t:|1701196643\n|move|p1a: Jolteon|Volt Switch|p2a: Politoed\n|-supereffective|p2a: Politoed\n|-end|p2a: Politoed|Substitute\n|\n|t:|1701196645\n|switch|p1a: Rillaboom|Rillaboom, F|100\/100|[from] Volt Switch\n|move|p2a: Politoed|Surf|p1a: Rillaboom\n|-resisted|p1a: Rillaboom\n|-damage|p1a: Rillaboom|77\/100\n|\n|-weather|RainDance|[upkeep]\n|-heal|p1a: Rillaboom|83\/100|[from] Grassy Terrain\n|-heal|p2a: Politoed|73\/100|[from] Grassy Terrain\n|-heal|p2a: Politoed|79\/100|[from] item: Leftovers\n|upkeep\n|turn|16\n|\n|t:|1701196661\n|move|p1a: Rillaboom|U-turn|p2a: Politoed\n|-damage|p2a: Politoed|50\/100\n|\n|t:|1701196668\n|switch|p1a: Ninetales|Ninetales, M|100\/100|[from] U-turn\n|-weather|SunnyDay|[from] ability: Drought|[of] p1a: Ninetales\n|move|p2a: Politoed|Surf|p1a: Ninetales\n|-supereffective|p1a: Ninetales\n|-crit|p1a: Ninetales\n|-damage|p1a: Ninetales|48\/100\n|\n|-weather|SunnyDay|[upkeep]\n|-heal|p1a: Ninetales|54\/100|[from] Grassy Terrain\n|-heal|p2a: Politoed|56\/100|[from] Grassy Terrain\n|-heal|p2a: Politoed|62\/100|[from] item: Leftovers\n|upkeep\n|turn|17\n|\n|t:|1701196685\n|switch|p2a: Noivern|Noivern, M|88\/100\n|move|p1a: Ninetales|Weather Ball|p2a: Noivern\n|-resisted|p2a: Noivern\n|-damage|p2a: Noivern|51\/100\n|\n|-weather|SunnyDay|[upkeep]\n|-heal|p1a: Ninetales|60\/100|[from] Grassy Terrain\n|-fieldend|move: Grassy Terrain\n|upkeep\n|turn|18\n|\n|t:|1701196768\n|switch|p1a: Rillaboom|Rillaboom, F|83\/100\n|-fieldstart|move: Grassy Terrain|[from] ability: Grassy Surge|[of] p1a: Rillaboom\n|move|p2a: Noivern|Draco Meteor|p1a: Rillaboom\n|-damage|p1a: Rillaboom|0 fnt\n|-unboost|p2a: Noivern|spa|2\n|faint|p1a: Rillaboom\n|\n|-weather|SunnyDay|[upkeep]\n|upkeep\n|\n|t:|1701196777\n|switch|p1a: Slither Wing|Slither Wing|100\/100\n|-activate|p1a: Slither Wing|ability: Protosynthesis\n|-start|p1a: Slither Wing|protosynthesisatk\n|turn|19\n|\n|t:|1701196789\n|switch|p2a: Landorus|Landorus-Therian, M|100\/100\n|-ability|p2a: Landorus|Intimidate|boost\n|-unboost|p1a: Slither Wing|atk|1\n|move|p1a: Slither Wing|Trailblaze|p2a: Landorus\n|-damage|p2a: Landorus|77\/100\n|-boost|p1a: Slither Wing|spe|1\n|\n|-weather|SunnyDay|[upkeep]\n|-heal|p2a: Landorus|83\/100|[from] item: Leftovers\n|upkeep\n|turn|20\n|\n|t:|1701196818\n|-end|p1a: Slither Wing|Protosynthesis|[silent]\n|switch|p1a: Jolteon|Jolteon, F|100\/100\n|move|p2a: Landorus|Swords Dance|p2a: Landorus\n|-boost|p2a: Landorus|atk|2\n|\n|-weather|none\n|-heal|p2a: Landorus|89\/100|[from] item: Leftovers\n|upkeep\n|turn|21\n|\n|t:|1701196829\n|switch|p2a: Politoed|Politoed, M|62\/100\n|-weather|RainDance|[from] ability: Drizzle|[of] p2a: Politoed\n|move|p1a: Jolteon|Volt Switch|p2a: Politoed\n|-supereffective|p2a: Politoed\n|-damage|p2a: Politoed|0 fnt\n|faint|p2a: Politoed\n|\n|t:|1701196835\n|switch|p1a: Ninetales|Ninetales, M|60\/100|[from] Volt Switch\n|-weather|SunnyDay|[from] ability: Drought|[of] p1a: Ninetales\n|\n|-weather|SunnyDay|[upkeep]\n|-heal|p1a: Ninetales|66\/100|[from] Grassy Terrain\n|upkeep\n|\n|t:|1701196853\n|switch|p2a: Noivern|Noivern, M|51\/100\n|turn|22\n|\n|t:|1701196867\n|move|p1a: Ninetales|Weather Ball|p2a: Noivern\n|-resisted|p2a: Noivern\n|-damage|p2a: Noivern|16\/100\n|move|p2a: Noivern|Draco Meteor|p1a: Ninetales\n|-damage|p1a: Ninetales|0 fnt\n|-unboost|p2a: Noivern|spa|2\n|faint|p1a: Ninetales\n|\n|-weather|SunnyDay|[upkeep]\n|upkeep\n|\n|t:|1701196885\n|switch|p1a: Jolteon|Jolteon, F|100\/100\n|turn|23\n|\n|t:|1701196919\n|switch|p2a: Barraskewda|Barraskewda, F|100\/100\n|move|p1a: Jolteon|Weather Ball|p2a: Barraskewda\n|-resisted|p2a: Barraskewda\n|-damage|p2a: Barraskewda|22\/100\n|\n|-weather|SunnyDay|[upkeep]\n|-heal|p2a: Barraskewda|28\/100|[from] Grassy Terrain\n|upkeep\n|turn|24\n|\n|t:|1701196928\n|move|p1a: Jolteon|Weather Ball|p2a: Barraskewda\n|-resisted|p2a: Barraskewda\n|-damage|p2a: Barraskewda|0 fnt\n|faint|p2a: Barraskewda\n|\n|-weather|SunnyDay|[upkeep]\n|upkeep\n|\n|t:|1701196940\n|switch|p2a: Breloom|Breloom, F|100\/100\n|turn|25\n|\n|t:|1701196948\n|move|p1a: Jolteon|Weather Ball|p2a: Breloom\n|-supereffective|p2a: Breloom\n|-enditem|p2a: Breloom|Focus Sash\n|-damage|p2a: Breloom|1\/100\n|move|p2a: Breloom|Swords Dance|p2a: Breloom\n|-boost|p2a: Breloom|atk|2\n|\n|-weather|none\n|-heal|p2a: Breloom|7\/100|[from] Grassy Terrain\n|-fieldend|move: Grassy Terrain\n|upkeep\n|turn|26\n|\n|t:|1701196973\n|move|p2a: Breloom|Mach Punch|p1a: Jolteon\n|-damage|p1a: Jolteon|0 fnt\n|faint|p1a: Jolteon\n|\n|upkeep\n|\n|t:|1701196978\n|switch|p1a: Slither Wing|Slither Wing|100\/100\n|turn|27\n|\n|t:|1701197008\n|switch|p2a: Landorus|Landorus-Therian, M|89\/100\n|-ability|p2a: Landorus|Intimidate|boost\n|-unboost|p1a: Slither Wing|atk|1\n|move|p1a: Slither Wing|First Impression|p2a: Landorus\n|-resisted|p2a: Landorus\n|-damage|p2a: Landorus|70\/100\n|\n|-heal|p2a: Landorus|76\/100|[from] item: Leftovers\n|upkeep\n|turn|28\n|\n|t:|1701197026\n|move|p2a: Landorus|Swords Dance|p2a: Landorus\n|-boost|p2a: Landorus|atk|2\n|move|p1a: Slither Wing|Trailblaze|p2a: Landorus\n|-damage|p2a: Landorus|60\/100\n|-boost|p1a: Slither Wing|spe|1\n|\n|-heal|p2a: Landorus|66\/100|[from] item: Leftovers\n|upkeep\n|turn|29\n|\n|t:|1701197039\n|move|p1a: Slither Wing|Close Combat|p2a: Landorus\n|-resisted|p2a: Landorus\n|-damage|p2a: Landorus|40\/100\n|-unboost|p1a: Slither Wing|def|1\n|-unboost|p1a: Slither Wing|spd|1\n|move|p2a: Landorus|Stone Edge|p1a: Slither Wing\n|-crit|p1a: Slither Wing\n|-damage|p1a: Slither Wing|0 fnt\n|faint|p1a: Slither Wing\n|-end|p1a: Slither Wing|Protosynthesis|[silent]\n|\n|-heal|p2a: Landorus|46\/100|[from] item: Leftovers\n|upkeep\n|\n|t:|1701197048\n|switch|p1a: Greninja|Greninja, M|100\/100\n|turn|30\n|\n|t:|1701197059\n|-terastallize|p1a: Greninja|Water\n|-terastallize|p2a: Landorus|Ice\n|move|p1a: Greninja|Surf|p2a: Landorus\n|-damage|p2a: Landorus|0 fnt\n|faint|p2a: Landorus\n|-ability|p1a: Greninja|Battle Bond|boost\n|-boost|p1a: Greninja|atk|1\n|-boost|p1a: Greninja|spa|1\n|-boost|p1a: Greninja|spe|1\n|-activate|p1a: Greninja|ability: Battle Bond\n|\n|upkeep\n|\n|t:|1701197072\n|switch|p2a: Breloom|Breloom, F|7\/100\n|turn|31\n|\n|t:|1701197079\n|move|p2a: Breloom|Mach Punch|p1a: Greninja\n|-damage|p1a: Greninja|39\/100\n|move|p1a: Greninja|Surf|p2a: Breloom\n|-resisted|p2a: Breloom\n|-damage|p2a: Breloom|0 fnt\n|faint|p2a: Breloom\n|\n|upkeep\n|\n|t:|1701197085\n|switch|p2a: Noivern|Noivern, M|16\/100\n|turn|32\n|c|\u2606Not Hell|aaa gg\n|c|\u2606Toxic Skarmory|gg\n|\n|t:|1701197093\n|move|p1a: Greninja|Dark Pulse|p2a: Noivern\n|-damage|p2a: Noivern|0 fnt\n|faint|p2a: Noivern\n|\n|win|Toxic Skarmory\n|l|\u2606Toxic Skarmory\n|l| Horrific17\n|l|\u2606Not Hell\n|j| Horrific17\n","uploadtime":1701197101,"views":9,"p1id":"toxicskarmory","p2id":"nothell","formatid":"gen9ou","rating":0,"private":0,"password":""}