{"id":"gen9ou-2000066120","p1":"doubletrouble83","p2":"Bramble berry bush","format":"[Gen 9] OU","log":"|j|\u2606doubletrouble83\n|j|\u2606Bramble berry bush\n|t:|1701148659\n|gametype|singles\n|player|p1|doubletrouble83|n|1000\n|player|p2|Bramble berry bush|blackbelt-gen4dp|1040\n|teamsize|p1|6\n|teamsize|p2|6\n|gen|9\n|tier|[Gen 9] OU\n|rated|\n|rule|Sleep Clause Mod: Limit one foe put to sleep\n|rule|Species Clause: Limit one of each Pok\u00e9mon\n|rule|OHKO Clause: OHKO moves are banned\n|rule|Evasion Items Clause: Evasion items are banned\n|rule|Evasion Moves Clause: Evasion moves are banned\n|rule|Endless Battle Clause: Forcing endless battles is banned\n|rule|HP Percentage Mod: HP is shown in percentages\n|clearpoke\n|poke|p1|Sylveon, M|\n|poke|p1|Rotom-Mow|\n|poke|p1|Bombirdier, M|\n|poke|p1|Eelektross, F|\n|poke|p1|Azumarill, M|\n|poke|p1|Haxorus, M|\n|poke|p2|Kingambit, F|\n|poke|p2|Clodsire, F|\n|poke|p2|Scizor, M|\n|poke|p2|Tinkaton, F|\n|poke|p2|Gengar, F|\n|poke|p2|Donphan, F|\n|teampreview\n|inactive|Battle timer is ON: inactive players will automatically lose when time's up. (requested by doubletrouble83)\n|\n|t:|1701148668\n|start\n|switch|p1a: Azumarill|Azumarill, M|100\/100\n|switch|p2a: Clodsire|Clodsire, F|100\/100\n|turn|1\n|\n|t:|1701148683\n|move|p1a: Azumarill|Belly Drum|p1a: Azumarill\n|-damage|p1a: Azumarill|51\/100\n|-setboost|p1a: Azumarill|atk|6|[from] move: Belly Drum\n|move|p2a: Clodsire|Stealth Rock|p1a: Azumarill\n|-sidestart|p1: doubletrouble83|move: Stealth Rock\n|\n|upkeep\n|turn|2\n|\n|t:|1701148691\n|move|p1a: Azumarill|Superpower|p2a: Clodsire\n|-resisted|p2a: Clodsire\n|-damage|p2a: Clodsire|0 fnt\n|-unboost|p1a: Azumarill|atk|1\n|-unboost|p1a: Azumarill|def|1\n|faint|p2a: Clodsire\n|\n|upkeep\n|\n|t:|1701148706\n|switch|p2a: Gengar|Gengar, F|100\/100\n|turn|3\n|\n|t:|1701148710\n|move|p2a: Gengar|Protect|p2a: Gengar\n|-singleturn|p2a: Gengar|Protect\n|move|p1a: Azumarill|Liquidation|p2a: Gengar\n|-activate|p2a: Gengar|move: Protect\n|\n|upkeep\n|turn|4\n|\n|t:|1701148728\n|-terastallize|p2a: Gengar|Steel\n|move|p2a: Gengar|Giga Drain|p1a: Azumarill\n|-supereffective|p1a: Azumarill\n|-damage|p1a: Azumarill|5\/100\n|move|p1a: Azumarill|Liquidation|p2a: Gengar\n|-damage|p2a: Gengar|0 fnt\n|-start|p1a: Azumarill|Disable|Liquidation|[from] ability: Cursed Body|[of] p2a: Gengar\n|faint|p2a: Gengar\n|\n|upkeep\n|\n|t:|1701148742\n|switch|p2a: Scizor|Scizor, M|100\/100\n|turn|5\n|\n|t:|1701148749\n|move|p2a: Scizor|Iron Head|p1a: Azumarill\n|-damage|p1a: Azumarill|0 fnt\n|faint|p1a: Azumarill\n|\n|upkeep\n|\n|t:|1701148760\n|switch|p1a: Bombirdier|Bombirdier, M|100\/100\n|-damage|p1a: Bombirdier|76\/100|[from] Stealth Rock\n|turn|6\n|\n|t:|1701148765\n|move|p1a: Bombirdier|Drill Run|p2a: Scizor\n|-crit|p2a: Scizor\n|-damage|p2a: Scizor|65\/100\n|-heal|p1a: Bombirdier|80\/100|[from] item: Shell Bell|[of] p2a: Scizor\n|move|p2a: Scizor|Counter|p1a: Bombirdier\n|-damage|p1a: Bombirdier|9\/100\n|\n|upkeep\n|turn|7\n|\n|t:|1701148776\n|move|p1a: Bombirdier|Brave Bird|p2a: Scizor\n|-damage|p2a: Scizor|14\/100\n|-enditem|p2a: Scizor|Sitrus Berry|[eat]\n|-heal|p2a: Scizor|39\/100|[from] item: Sitrus Berry\n|-damage|p1a: Bombirdier|0 fnt|[from] Recoil\n|faint|p1a: Bombirdier\n|move|p2a: Scizor|Brick Break|p1: Bombirdier|[notarget]\n|-fail|p2a: Scizor\n|\n|upkeep\n|\n|t:|1701148786\n|switch|p1a: Rotom|Rotom-Mow|100\/100\n|-damage|p1a: Rotom|88\/100|[from] Stealth Rock\n|turn|8\n|\n|t:|1701148792\n|move|p1a: Rotom|Thunderbolt|p2a: Scizor\n|-damage|p2a: Scizor|0 fnt\n|faint|p2a: Scizor\n|\n|upkeep\n|\n|t:|1701148799\n|switch|p2a: Donphan|Donphan, F|100\/100\n|turn|9\n|\n|t:|1701148804\n|move|p1a: Rotom|Leaf Storm|p2a: Donphan\n|-supereffective|p2a: Donphan\n|-ability|p2a: Donphan|Sturdy\n|-damage|p2a: Donphan|1\/100\n|-unboost|p1a: Rotom|spa|2\n|move|p2a: Donphan|Counter||[still]\n|-fail|p2a: Donphan\n|\n|upkeep\n|turn|10\n|\n|t:|1701148813\n|move|p1a: Rotom|Hyper Voice|p2a: Donphan\n|-damage|p2a: Donphan|0 fnt\n|faint|p2a: Donphan\n|-enditem|p1a: Rotom|Throat Spray\n|-boost|p1a: Rotom|spa|1|[from] item: Throat Spray\n|\n|upkeep\n|\n|t:|1701148820\n|switch|p2a: Tinkaton|Tinkaton, F|100\/100\n|-ability|p2a: Tinkaton|Mold Breaker\n|turn|11\n|\n|t:|1701148826\n|move|p2a: Tinkaton|Protect|p2a: Tinkaton\n|-singleturn|p2a: Tinkaton|Protect\n|move|p1a: Rotom|Thunderbolt|p2a: Tinkaton\n|-activate|p2a: Tinkaton|move: Protect\n|\n|upkeep\n|turn|12\n|\n|t:|1701148835\n|move|p1a: Rotom|Thunderbolt|p2a: Tinkaton\n|-damage|p2a: Tinkaton|73\/100\n|-status|p2a: Tinkaton|par\n|cant|p2a: Tinkaton|par\n|\n|upkeep\n|turn|13\n|\n|t:|1701148843\n|switch|p1a: Sylveon|Sylveon, M|100\/100\n|-damage|p1a: Sylveon|88\/100|[from] Stealth Rock\n|move|p2a: Tinkaton|Protect||[still]\n|-fail|p2a: Tinkaton\n|\n|upkeep\n|turn|14\n|\n|t:|1701148851\n|move|p1a: Sylveon|Mud-Slap|p2a: Tinkaton\n|-supereffective|p2a: Tinkaton\n|-damage|p2a: Tinkaton|58\/100 par\n|-unboost|p2a: Tinkaton|accuracy|1\n|-damage|p1a: Sylveon|78\/100|[from] item: Life Orb\n|move|p2a: Tinkaton|Gigaton Hammer|p1a: Sylveon|[miss]\n|-miss|p2a: Tinkaton|p1a: Sylveon\n|\n|upkeep\n|turn|15\n|\n|t:|1701148861\n|cant|p2a: Tinkaton|par\n|move|p1a: Sylveon|Mud-Slap|p2a: Tinkaton\n|-supereffective|p2a: Tinkaton\n|-damage|p2a: Tinkaton|42\/100 par\n|-unboost|p2a: Tinkaton|accuracy|1\n|-damage|p1a: Sylveon|68\/100|[from] item: Life Orb\n|\n|upkeep\n|turn|16\n|\n|t:|1701148870\n|move|p2a: Tinkaton|Protect|p2a: Tinkaton\n|-singleturn|p2a: Tinkaton|Protect\n|move|p1a: Sylveon|Mud-Slap|p2a: Tinkaton\n|-activate|p2a: Tinkaton|move: Protect\n|\n|upkeep\n|turn|17\n|\n|t:|1701148877\n|move|p1a: Sylveon|Mud-Slap|p2a: Tinkaton\n|-supereffective|p2a: Tinkaton\n|-damage|p2a: Tinkaton|25\/100 par\n|-unboost|p2a: Tinkaton|accuracy|1\n|-damage|p1a: Sylveon|58\/100|[from] item: Life Orb\n|cant|p2a: Tinkaton|par\n|\n|upkeep\n|turn|18\n|\n|t:|1701148886\n|move|p1a: Sylveon|Dazzling Gleam|p2a: Tinkaton\n|-resisted|p2a: Tinkaton\n|-damage|p2a: Tinkaton|1\/100 par\n|-damage|p1a: Sylveon|48\/100|[from] item: Life Orb\n|move|p2a: Tinkaton|Gigaton Hammer|p1a: Sylveon|[miss]\n|-miss|p2a: Tinkaton|p1a: Sylveon\n|\n|upkeep\n|turn|19\n|\n|t:|1701148895\n|move|p2a: Tinkaton|Protect|p2a: Tinkaton\n|-singleturn|p2a: Tinkaton|Protect\n|move|p1a: Sylveon|Dazzling Gleam|p2a: Tinkaton\n|-activate|p2a: Tinkaton|move: Protect\n|\n|upkeep\n|turn|20\n|\n|t:|1701148902\n|move|p1a: Sylveon|Dazzling Gleam|p2a: Tinkaton\n|-resisted|p2a: Tinkaton\n|-damage|p2a: Tinkaton|0 fnt\n|faint|p2a: Tinkaton\n|-damage|p1a: Sylveon|38\/100|[from] item: Life Orb\n|\n|upkeep\n|\n|t:|1701148909\n|switch|p2a: Kingambit|Kingambit, F|100\/100\n|-activate|p2a: Kingambit|ability: Supreme Overlord\n|-start|p2a: Kingambit|fallen5|[silent]\n|turn|21\n|\n|t:|1701148914\n|move|p2a: Kingambit|Sucker Punch|p1a: Sylveon\n|-resisted|p1a: Sylveon\n|-damage|p1a: Sylveon|0 fnt\n|faint|p1a: Sylveon\n|\n|upkeep\n|\n|t:|1701148919\n|switch|p1a: Eelektross|Eelektross, F|100\/100\n|-damage|p1a: Eelektross|88\/100|[from] Stealth Rock\n|turn|22\n|\n|t:|1701148924\n|move|p2a: Kingambit|Sucker Punch|p1a: Eelektross\n|-damage|p1a: Eelektross|19\/100\n|move|p1a: Eelektross|Brick Break|p2a: Kingambit\n|-supereffective|p2a: Kingambit\n|-damage|p2a: Kingambit|22\/100\n|\n|-heal|p2a: Kingambit|28\/100|[from] item: Leftovers\n|upkeep\n|turn|23\n|\n|t:|1701148933\n|move|p2a: Kingambit|Sucker Punch|p1a: Eelektross\n|-damage|p1a: Eelektross|0 fnt\n|faint|p1a: Eelektross\n|\n|-heal|p2a: Kingambit|34\/100|[from] item: Leftovers\n|upkeep\n|\n|t:|1701148938\n|switch|p1a: Haxorus|Haxorus, M|100\/100\n|-damage|p1a: Haxorus|88\/100|[from] Stealth Rock\n|-ability|p1a: Haxorus|Mold Breaker\n|turn|24\n|\n|t:|1701148945\n|move|p2a: Kingambit|Sucker Punch|p1a: Haxorus\n|-damage|p1a: Haxorus|13\/100\n|move|p1a: Haxorus|Close Combat|p2a: Kingambit\n|-supereffective|p2a: Kingambit\n|-damage|p2a: Kingambit|0 fnt\n|-unboost|p1a: Haxorus|def|1\n|-unboost|p1a: Haxorus|spd|1\n|faint|p2a: Kingambit\n|-end|p2a: Kingambit|fallen5|[silent]\n|\n|win|doubletrouble83\n|raw|doubletrouble83's rating: 1000 &rarr; <strong>1045<\/strong><br \/>(+45 for winning)\n|raw|Bramble berry bush's rating: 1040 &rarr; <strong>1022<\/strong><br \/>(-18 for losing)\n","uploadtime":1701148955,"views":3,"p1id":"doubletrouble83","p2id":"brambleberrybush","formatid":"gen9ou","rating":1022,"private":0,"password":""}