{"id":"gen9ou-1988748840","p1":"ZendesterX","p2":"Taxibird","format":"[Gen 9] OU","log":"|j|\u2606ZendesterX\n|j|\u2606Taxibird\n|t:|1699758166\n|gametype|singles\n|player|p1|ZendesterX|hilbert-wonderlauncher|1000\n|player|p2|Taxibird|giovanni|1070\n|teamsize|p1|6\n|teamsize|p2|6\n|gen|9\n|tier|[Gen 9] OU\n|rated|\n|rule|Sleep Clause Mod: Limit one foe put to sleep\n|rule|Species Clause: Limit one of each Pok\u00e9mon\n|rule|OHKO Clause: OHKO moves are banned\n|rule|Evasion Items Clause: Evasion items are banned\n|rule|Evasion Moves Clause: Evasion moves are banned\n|rule|Endless Battle Clause: Forcing endless battles is banned\n|rule|HP Percentage Mod: HP is shown in percentages\n|clearpoke\n|poke|p1|Cinderace, F|\n|poke|p1|Dragapult, M|\n|poke|p1|Toxapex, F|\n|poke|p1|Cresselia, F|\n|poke|p1|Landorus-Therian, M|\n|poke|p1|Ogerpon-Wellspring, F|\n|poke|p2|Alomomola, F|\n|poke|p2|Dragapult, F|\n|poke|p2|Ting-Lu|\n|poke|p2|Great Tusk|\n|poke|p2|Ogerpon-Wellspring, F|\n|poke|p2|Cinderace, F|\n|teampreview\n|\n|t:|1699758175\n|start\n|switch|p1a: Toxapex|Toxapex, F, shiny|100\/100\n|switch|p2a: Ting-Lu|Ting-Lu|100\/100\n|-ability|p2a: Ting-Lu|Vessel of Ruin\n|turn|1\n|inactive|Battle timer is ON: inactive players will automatically lose when time's up. (requested by Taxibird)\n|\n|t:|1699758183\n|move|p2a: Ting-Lu|Earthquake|p1a: Toxapex\n|-supereffective|p1a: Toxapex\n|-damage|p1a: Toxapex|28\/100\n|move|p1a: Toxapex|Toxic Spikes|p2a: Ting-Lu\n|-sidestart|p2: Taxibird|move: Toxic Spikes\n|\n|-heal|p1a: Toxapex|34\/100|[from] item: Leftovers\n|upkeep\n|turn|2\n|\n|t:|1699758201\n|move|p2a: Ting-Lu|Stealth Rock|p1a: Toxapex\n|-sidestart|p1: ZendesterX|move: Stealth Rock\n|move|p1a: Toxapex|Toxic Spikes|p2a: Ting-Lu\n|-sidestart|p2: Taxibird|move: Toxic Spikes\n|\n|-heal|p1a: Toxapex|40\/100|[from] item: Leftovers\n|upkeep\n|turn|3\n|\n|t:|1699758208\n|move|p2a: Ting-Lu|Earthquake|p1a: Toxapex\n|-supereffective|p1a: Toxapex\n|-damage|p1a: Toxapex|0 fnt\n|faint|p1a: Toxapex\n|\n|upkeep\n|\n|t:|1699758215\n|switch|p1a: Landorus|Landorus-Therian, M|100\/100\n|-damage|p1a: Landorus|88\/100|[from] Stealth Rock\n|-ability|p1a: Landorus|Intimidate|boost\n|-unboost|p2a: Ting-Lu|atk|1\n|turn|4\n|\n|t:|1699758233\n|switch|p2a: Great Tusk|Great Tusk|100\/100\n|-status|p2a: Great Tusk|tox\n|move|p1a: Landorus|Brick Break|p2a: Great Tusk\n|-damage|p2a: Great Tusk|80\/100 tox\n|\n|-damage|p2a: Great Tusk|74\/100 tox|[from] psn\n|upkeep\n|turn|5\n|\n|t:|1699758249\n|switch|p1a: Ogerpon|Ogerpon-Wellspring, F|100\/100\n|-damage|p1a: Ogerpon|88\/100|[from] Stealth Rock\n|move|p2a: Great Tusk|Rapid Spin|p1a: Ogerpon\n|-damage|p1a: Ogerpon|61\/100\n|-boost|p2a: Great Tusk|spe|1\n|-sideend|p2: Taxibird|Toxic Spikes|[from] move: Rapid Spin|[of] p2a: Great Tusk\n|\n|-damage|p2a: Great Tusk|62\/100 tox|[from] psn\n|upkeep\n|turn|6\n|\n|t:|1699758260\n|-end|p2a: Great Tusk|Protosynthesis|[silent]\n|switch|p2a: Alomomola|Alomomola, F|100\/100\n|-terastallize|p1a: Ogerpon|Water\n|detailschange|p1a: Ogerpon|Ogerpon-Wellspring-Tera, F, tera:Water\n|-ability|p1a: Ogerpon|Embody Aspect (Wellspring)|boost\n|-boost|p1a: Ogerpon|spd|1\n|move|p1a: Ogerpon|Ivy Cudgel|p2a: Alomomola\n|-resisted|p2a: Alomomola\n|-crit|p2a: Alomomola\n|-damage|p2a: Alomomola|67\/100\n|\n|-heal|p2a: Alomomola|73\/100|[from] item: Leftovers\n|upkeep\n|turn|7\n|\n|t:|1699758275\n|move|p1a: Ogerpon|Horn Leech|p2a: Alomomola\n|-supereffective|p2a: Alomomola\n|-damage|p2a: Alomomola|24\/100\n|-heal|p1a: Ogerpon|100\/100|[from] drain|[of] p2a: Alomomola\n|move|p2a: Alomomola|Scald|p1a: Ogerpon\n|-resisted|p1a: Ogerpon\n|-damage|p1a: Ogerpon|96\/100\n|\n|-heal|p2a: Alomomola|31\/100|[from] item: Leftovers\n|upkeep\n|turn|8\n|\n|t:|1699758287\n|move|p2a: Alomomola|Protect|p2a: Alomomola\n|-singleturn|p2a: Alomomola|Protect\n|move|p1a: Ogerpon|Horn Leech|p2a: Alomomola\n|-activate|p2a: Alomomola|move: Protect\n|\n|-heal|p2a: Alomomola|37\/100|[from] item: Leftovers\n|upkeep\n|turn|9\n|\n|t:|1699758296\n|switch|p2a: Cinderace|Cinderace, F|100\/100\n|move|p1a: Ogerpon|Horn Leech|p2a: Cinderace\n|-resisted|p2a: Cinderace\n|-damage|p2a: Cinderace|67\/100\n|-heal|p1a: Ogerpon|100\/100|[from] drain|[of] p2a: Cinderace\n|\n|upkeep\n|turn|10\n|\n|t:|1699758307\n|move|p2a: Cinderace|Gunk Shot|p1a: Ogerpon|[miss]\n|-start|p2a: Cinderace|typechange|Poison|[from] ability: Libero\n|-miss|p2a: Cinderace|p1a: Ogerpon\n|move|p1a: Ogerpon|Ivy Cudgel|p2a: Cinderace\n|-damage|p2a: Cinderace|0 fnt\n|faint|p2a: Cinderace\n|\n|upkeep\n|\n|t:|1699758320\n|switch|p2a: Dragapult|Dragapult, F, shiny|100\/100\n|turn|11\n|\n|t:|1699758325\n|move|p2a: Dragapult|U-turn|p1a: Ogerpon\n|-damage|p1a: Ogerpon|80\/100\n|\n|t:|1699758329\n|switch|p2a: Ogerpon|Ogerpon-Wellspring, F|100\/100|[from] U-turn\n|move|p1a: Ogerpon|Play Rough|p2a: Ogerpon\n|-damage|p2a: Ogerpon|53\/100\n|\n|upkeep\n|turn|12\n|\n|t:|1699758338\n|move|p1a: Ogerpon|Play Rough|p2a: Ogerpon\n|-damage|p2a: Ogerpon|10\/100\n|move|p2a: Ogerpon|Horn Leech|p1a: Ogerpon\n|-supereffective|p1a: Ogerpon\n|-damage|p1a: Ogerpon|0 fnt\n|-heal|p2a: Ogerpon|50\/100|[from] drain|[of] p1a: Ogerpon\n|faint|p1a: Ogerpon\n|\n|upkeep\n|\n|t:|1699758354\n|switch|p1a: Dragapult|Dragapult, M|100\/100\n|-damage|p1a: Dragapult|88\/100|[from] Stealth Rock\n|turn|13\n|\n|t:|1699758363\n|switch|p2a: Ting-Lu|Ting-Lu|100\/100\n|-ability|p2a: Ting-Lu|Vessel of Ruin\n|move|p1a: Dragapult|Dragon Darts|p2a: Ting-Lu\n|-damage|p2a: Ting-Lu|81\/100\n|-anim|p1a: Dragapult|Dragon Darts|p2a: Ting-Lu\n|-damage|p2a: Ting-Lu|62\/100\n|\n|upkeep\n|turn|14\n|\n|t:|1699758375\n|switch|p1a: Cresselia|Cresselia, F, shiny|100\/100\n|-damage|p1a: Cresselia|88\/100|[from] Stealth Rock\n|move|p2a: Ting-Lu|Earthquake|p1a: Cresselia\n|-immune|p1a: Cresselia|[from] ability: Levitate\n|\n|-status|p1a: Cresselia|tox|[from] item: Toxic Orb\n|upkeep\n|turn|15\n|\n|t:|1699758384\n|move|p1a: Cresselia|Trick|p2a: Ting-Lu\n|-activate|p1a: Cresselia|move: Trick|[of] p2a: Ting-Lu\n|-item|p2a: Ting-Lu|Toxic Orb|[from] move: Trick\n|-item|p1a: Cresselia|Rocky Helmet|[from] move: Trick\n|move|p2a: Ting-Lu|Heavy Slam|p1a: Cresselia\n|-damage|p1a: Cresselia|56\/100 tox\n|-damage|p2a: Ting-Lu|46\/100|[from] item: Rocky Helmet|[of] p1a: Cresselia\n|\n|-damage|p1a: Cresselia|50\/100 tox|[from] psn\n|-status|p2a: Ting-Lu|tox|[from] item: Toxic Orb\n|upkeep\n|turn|16\n|\n|t:|1699758396\n|move|p1a: Cresselia|Light Screen|p1a: Cresselia\n|-sidestart|p1: ZendesterX|move: Light Screen\n|move|p2a: Ting-Lu|Heavy Slam|p1a: Cresselia\n|-damage|p1a: Cresselia|20\/100 tox\n|-damage|p2a: Ting-Lu|29\/100 tox|[from] item: Rocky Helmet|[of] p1a: Cresselia\n|\n|-damage|p1a: Cresselia|8\/100 tox|[from] psn\n|-damage|p2a: Ting-Lu|23\/100 tox|[from] psn\n|upkeep\n|turn|17\n|\n|t:|1699758405\n|move|p1a: Cresselia|Safeguard|p1a: Cresselia\n|-sidestart|p1: ZendesterX|Safeguard\n|move|p2a: Ting-Lu|Heavy Slam|p1a: Cresselia\n|-damage|p1a: Cresselia|0 fnt\n|-damage|p2a: Ting-Lu|7\/100 tox|[from] item: Rocky Helmet|[of] p1a: Cresselia\n|faint|p1a: Cresselia\n|\n|-damage|p2a: Ting-Lu|0 fnt|[from] psn\n|faint|p2a: Ting-Lu\n|upkeep\n|\n|t:|1699758417\n|switch|p1a: Dragapult|Dragapult, M|88\/100\n|switch|p2a: Alomomola|Alomomola, F|70\/100\n|-damage|p1a: Dragapult|76\/100|[from] Stealth Rock\n|turn|18\n|\n|t:|1699758425\n|move|p2a: Alomomola|Protect|p2a: Alomomola\n|-singleturn|p2a: Alomomola|Protect\n|move|p1a: Dragapult|Dragon Darts|p2a: Alomomola\n|-activate|p2a: Alomomola|move: Protect\n|\n|-heal|p2a: Alomomola|76\/100|[from] item: Leftovers\n|upkeep\n|turn|19\n|\n|t:|1699758437\n|move|p1a: Dragapult|Dragon Darts|p2a: Alomomola\n|-damage|p2a: Alomomola|57\/100\n|-anim|p1a: Dragapult|Dragon Darts|p2a: Alomomola\n|-damage|p2a: Alomomola|38\/100\n|move|p2a: Alomomola|Scald|p1a: Dragapult\n|-resisted|p1a: Dragapult\n|-damage|p1a: Dragapult|72\/100\n|\n|-heal|p2a: Alomomola|44\/100|[from] item: Leftovers\n|upkeep\n|turn|20\n|\n|t:|1699758448\n|move|p2a: Alomomola|Protect|p2a: Alomomola\n|-singleturn|p2a: Alomomola|Protect\n|move|p1a: Dragapult|Dragon Darts|p2a: Alomomola\n|-activate|p2a: Alomomola|move: Protect\n|\n|-heal|p2a: Alomomola|50\/100|[from] item: Leftovers\n|-sideend|p1: ZendesterX|move: Light Screen\n|upkeep\n|turn|21\n|\n|t:|1699758460\n|switch|p1a: Cinderace|Cinderace, F, shiny|100\/100\n|-damage|p1a: Cinderace|76\/100|[from] Stealth Rock\n|move|p2a: Alomomola|Scald|p1a: Cinderace\n|-supereffective|p1a: Cinderace\n|-damage|p1a: Cinderace|40\/100\n|\n|-heal|p2a: Alomomola|56\/100|[from] item: Leftovers\n|-sideend|p1: ZendesterX|Safeguard\n|upkeep\n|turn|22\n|\n|t:|1699758474\n|move|p1a: Cinderace|U-turn|p2a: Alomomola\n|-start|p1a: Cinderace|typechange|Bug|[from] ability: Libero\n|-damage|p2a: Alomomola|33\/100\n|-damage|p1a: Cinderace|30\/100|[from] item: Life Orb\n|\n|t:|1699758480\n|switch|p1a: Dragapult|Dragapult, M|72\/100|[from] U-turn\n|-damage|p1a: Dragapult|60\/100|[from] Stealth Rock\n|move|p2a: Alomomola|Wish|p2a: Alomomola\n|\n|-heal|p2a: Alomomola|39\/100|[from] item: Leftovers\n|upkeep\n|turn|23\n|\n|t:|1699758491\n|move|p2a: Alomomola|Protect|p2a: Alomomola\n|-singleturn|p2a: Alomomola|Protect\n|move|p1a: Dragapult|Psychic Fangs|p2a: Alomomola\n|-activate|p2a: Alomomola|move: Protect\n|\n|-heal|p2a: Alomomola|89\/100|[from] move: Wish|[wisher] Alomomola\n|-heal|p2a: Alomomola|95\/100|[from] item: Leftovers\n|upkeep\n|turn|24\n|\n|t:|1699758500\n|move|p1a: Dragapult|Psychic Fangs|p2a: Alomomola\n|-damage|p2a: Alomomola|72\/100\n|move|p2a: Alomomola|Scald|p1a: Dragapult\n|-resisted|p1a: Dragapult\n|-damage|p1a: Dragapult|51\/100\n|\n|-heal|p2a: Alomomola|78\/100|[from] item: Leftovers\n|upkeep\n|turn|25\n|\n|t:|1699758510\n|move|p1a: Dragapult|Psychic Fangs|p2a: Alomomola\n|-damage|p2a: Alomomola|56\/100\n|move|p2a: Alomomola|Scald|p1a: Dragapult\n|-resisted|p1a: Dragapult\n|-damage|p1a: Dragapult|43\/100\n|\n|-heal|p2a: Alomomola|63\/100|[from] item: Leftovers\n|upkeep\n|turn|26\n|\n|t:|1699758522\n|switch|p1a: Landorus|Landorus-Therian, M|88\/100\n|-damage|p1a: Landorus|75\/100|[from] Stealth Rock\n|-ability|p1a: Landorus|Intimidate|boost\n|-unboost|p2a: Alomomola|atk|1\n|move|p2a: Alomomola|Wish|p2a: Alomomola\n|\n|-heal|p2a: Alomomola|69\/100|[from] item: Leftovers\n|upkeep\n|turn|27\n|\n|t:|1699758532\n|move|p2a: Alomomola|Protect|p2a: Alomomola\n|-singleturn|p2a: Alomomola|Protect\n|move|p1a: Landorus|Brick Break|p2a: Alomomola\n|-activate|p2a: Alomomola|move: Protect\n|\n|-heal|p2a: Alomomola|100\/100|[from] move: Wish|[wisher] Alomomola\n|upkeep\n|turn|28\n|\n|t:|1699758541\n|move|p1a: Landorus|Brick Break|p2a: Alomomola\n|-damage|p2a: Alomomola|85\/100\n|move|p2a: Alomomola|Flip Turn|p1a: Landorus\n|-supereffective|p1a: Landorus\n|-damage|p1a: Landorus|50\/100\n|\n|t:|1699758544\n|switch|p2a: Dragapult|Dragapult, F, shiny|100\/100|[from] Flip Turn\n|\n|upkeep\n|turn|29\n|\n|t:|1699758554\n|switch|p1a: Cinderace|Cinderace, F, shiny|30\/100\n|-damage|p1a: Cinderace|5\/100|[from] Stealth Rock\n|move|p2a: Dragapult|Draco Meteor|p1a: Cinderace\n|-damage|p1a: Cinderace|0 fnt\n|-unboost|p2a: Dragapult|spa|2\n|faint|p1a: Cinderace\n|\n|upkeep\n|\n|t:|1699758564\n|switch|p1a: Dragapult|Dragapult, M|43\/100\n|-damage|p1a: Dragapult|30\/100|[from] Stealth Rock\n|turn|30\n|\n|t:|1699758569\n|switch|p2a: Alomomola|Alomomola, F|100\/100\n|move|p1a: Dragapult|Dragon Darts|p2a: Alomomola\n|-damage|p2a: Alomomola|79\/100\n|-anim|p1a: Dragapult|Dragon Darts|p2a: Alomomola\n|-damage|p2a: Alomomola|59\/100\n|\n|-heal|p2a: Alomomola|65\/100|[from] item: Leftovers\n|upkeep\n|turn|31\n|\n|t:|1699758579\n|move|p1a: Dragapult|Dragon Darts|p2a: Alomomola\n|-damage|p2a: Alomomola|46\/100\n|-anim|p1a: Dragapult|Dragon Darts|p2a: Alomomola\n|-damage|p2a: Alomomola|25\/100\n|move|p2a: Alomomola|Scald|p1a: Dragapult\n|-resisted|p1a: Dragapult\n|-damage|p1a: Dragapult|22\/100\n|\n|-heal|p2a: Alomomola|31\/100|[from] item: Leftovers\n|upkeep\n|turn|32\n|\n|t:|1699758589\n|move|p2a: Alomomola|Protect|p2a: Alomomola\n|-singleturn|p2a: Alomomola|Protect\n|move|p1a: Dragapult|Dragon Darts|p2a: Alomomola\n|-activate|p2a: Alomomola|move: Protect\n|\n|-heal|p2a: Alomomola|38\/100|[from] item: Leftovers\n|upkeep\n|turn|33\n|\n|t:|1699758597\n|switch|p2a: Ogerpon|Ogerpon-Wellspring, F|50\/100\n|move|p1a: Dragapult|Dragon Darts|p2a: Ogerpon\n|-damage|p2a: Ogerpon|3\/100\n|-anim|p1a: Dragapult|Dragon Darts|p2a: Ogerpon\n|-damage|p2a: Ogerpon|0 fnt\n|faint|p2a: Ogerpon\n|\n|upkeep\n|\n|t:|1699758602\n|switch|p2a: Alomomola|Alomomola, F|71\/100\n|turn|34\n|\n|t:|1699758607\n|move|p1a: Dragapult|Dragon Darts|p2a: Alomomola\n|-damage|p2a: Alomomola|50\/100\n|-anim|p1a: Dragapult|Dragon Darts|p2a: Alomomola\n|-damage|p2a: Alomomola|28\/100\n|move|p2a: Alomomola|Scald|p1a: Dragapult\n|-resisted|p1a: Dragapult\n|-damage|p1a: Dragapult|12\/100\n|\n|-heal|p2a: Alomomola|35\/100|[from] item: Leftovers\n|upkeep\n|turn|35\n|\n|t:|1699758617\n|switch|p2a: Great Tusk|Great Tusk|62\/100 tox\n|move|p1a: Dragapult|Dragon Darts|p2a: Great Tusk\n|-damage|p2a: Great Tusk|38\/100 tox\n|-anim|p1a: Dragapult|Dragon Darts|p2a: Great Tusk\n|-damage|p2a: Great Tusk|13\/100 tox\n|\n|-damage|p2a: Great Tusk|7\/100 tox|[from] psn\n|upkeep\n|turn|36\n|\n|t:|1699758626\n|move|p1a: Dragapult|Dragon Darts|p2a: Great Tusk\n|-damage|p2a: Great Tusk|0 fnt\n|faint|p2a: Great Tusk\n|-end|p2a: Great Tusk|Protosynthesis|[silent]\n|\n|upkeep\n|\n|t:|1699758629\n|switch|p2a: Alomomola|Alomomola, F|68\/100\n|turn|37\n|\n|t:|1699758640\n|move|p1a: Dragapult|Dragon Darts|p2a: Alomomola\n|-damage|p2a: Alomomola|49\/100\n|-anim|p1a: Dragapult|Dragon Darts|p2a: Alomomola\n|-damage|p2a: Alomomola|28\/100\n|move|p2a: Alomomola|Scald|p1a: Dragapult\n|-resisted|p1a: Dragapult\n|-damage|p1a: Dragapult|2\/100\n|\n|-heal|p2a: Alomomola|34\/100|[from] item: Leftovers\n|upkeep\n|turn|38\n|\n|t:|1699758650\n|move|p2a: Alomomola|Protect|p2a: Alomomola\n|-singleturn|p2a: Alomomola|Protect\n|move|p1a: Dragapult|Dragon Darts|p2a: Alomomola\n|-activate|p2a: Alomomola|move: Protect\n|\n|-heal|p2a: Alomomola|41\/100|[from] item: Leftovers\n|upkeep\n|turn|39\n|\n|t:|1699758658\n|move|p1a: Dragapult|Dragon Darts|p2a: Alomomola\n|-damage|p2a: Alomomola|20\/100\n|-anim|p1a: Dragapult|Dragon Darts|p2a: Alomomola\n|-damage|p2a: Alomomola|0 fnt\n|faint|p2a: Alomomola\n|\n|upkeep\n|\n|t:|1699758662\n|switch|p2a: Dragapult|Dragapult, F, shiny|100\/100\n|turn|40\n|\n|t:|1699758668\n|-terastallize|p2a: Dragapult|Ghost\n|move|p1a: Dragapult|Dragon Darts|p2a: Dragapult\n|-damage|p2a: Dragapult|48\/100\n|-anim|p1a: Dragapult|Dragon Darts|p2a: Dragapult\n|-damage|p2a: Dragapult|0 fnt\n|faint|p2a: Dragapult\n|\n|win|ZendesterX\n|raw|ZendesterX's rating: 1000 &rarr; <strong>1048<\/strong><br \/>(+48 for winning)\n|raw|Taxibird's rating: 1070 &rarr; <strong>1045<\/strong><br \/>(-25 for losing)\n|l|\u2606Taxibird\n","uploadtime":1699758694,"views":9,"p1id":"zendesterx","p2id":"taxibird","formatid":"gen9ou","rating":1045,"private":0,"password":""}