{"id":"gen9ou-1988347661","p1":"Howling Commandos","p2":"Slaaaine","format":"[Gen 9] OU","log":"|j|\u2606Howling Commandos\n|j|\u2606Slaaaine\n|t:|1699712070\n|gametype|singles\n|player|p1|Howling Commandos|lance|1195\n|player|p2|Slaaaine|n|1108\n|teamsize|p1|6\n|teamsize|p2|6\n|gen|9\n|tier|[Gen 9] OU\n|rated|\n|rule|Sleep Clause Mod: Limit one foe put to sleep\n|rule|Species Clause: Limit one of each Pok\u00e9mon\n|rule|OHKO Clause: OHKO moves are banned\n|rule|Evasion Items Clause: Evasion items are banned\n|rule|Evasion Moves Clause: Evasion moves are banned\n|rule|Endless Battle Clause: Forcing endless battles is banned\n|rule|HP Percentage Mod: HP is shown in percentages\n|clearpoke\n|poke|p1|Iron Valiant|\n|poke|p1|Toxapex, F|\n|poke|p1|Ting-Lu|\n|poke|p1|Hoopa-Unbound|\n|poke|p1|Scizor, M|\n|poke|p1|Walking Wake|\n|poke|p2|Manaphy|\n|poke|p2|Kingambit, F|\n|poke|p2|Ribombee, F|\n|poke|p2|Gholdengo|\n|poke|p2|Iron Moth|\n|poke|p2|Ogerpon-Wellspring, F|\n|teampreview\n|inactive|Battle timer is ON: inactive players will automatically lose when time's up. (requested by Howling Commandos)\n|\n|t:|1699712082\n|start\n|switch|p1a: Scizor|Scizor, M|100\/100\n|switch|p2a: wildfiree|Ribombee, F|100\/100\n|turn|1\n|\n|t:|1699712089\n|move|p1a: Scizor|Bullet Punch|p2a: wildfiree\n|-supereffective|p2a: wildfiree\n|-enditem|p2a: wildfiree|Focus Sash\n|-damage|p2a: wildfiree|1\/100\n|move|p2a: wildfiree|Sticky Web|p1a: Scizor\n|-sidestart|p1: Howling Commandos|move: Sticky Web\n|\n|upkeep\n|turn|2\n|\n|t:|1699712098\n|move|p2a: wildfiree|Stun Spore|p1a: Scizor\n|-status|p1a: Scizor|par\n|cant|p1a: Scizor|par\n|\n|upkeep\n|turn|3\n|\n|t:|1699712102\n|move|p2a: wildfiree|Sticky Web||[still]\n|-fail|p2a: wildfiree\n|move|p1a: Scizor|Defog|p2a: wildfiree\n|-unboost|p2a: wildfiree|evasion|1\n|-sideend|p1: Howling Commandos|Sticky Web|[from] move: Defog|[of] p1a: Scizor\n|\n|upkeep\n|turn|4\n|\n|t:|1699712105\n|cant|p1a: Scizor|par\n|move|p2a: wildfiree|Sticky Web|p1a: Scizor\n|-sidestart|p1: Howling Commandos|move: Sticky Web\n|\n|upkeep\n|turn|5\n|\n|t:|1699712108\n|switch|p2a: scarlet|Iron Moth|100\/100\n|-enditem|p2a: scarlet|Booster Energy\n|-activate|p2a: scarlet|ability: Quark Drive|[fromitem]\n|-start|p2a: scarlet|quarkdrivespe\n|move|p1a: Scizor|Defog|p2a: scarlet\n|-unboost|p2a: scarlet|evasion|1\n|-sideend|p1: Howling Commandos|Sticky Web|[from] move: Defog|[of] p1a: Scizor\n|\n|upkeep\n|turn|6\n|\n|t:|1699712112\n|switch|p1a: Toxapex|Toxapex, F|100\/100\n|move|p2a: scarlet|Substitute|p2a: scarlet\n|-start|p2a: scarlet|Substitute\n|-damage|p2a: scarlet|76\/100\n|\n|upkeep\n|turn|7\n|\n|t:|1699712116\n|move|p2a: scarlet|Psychic|p1a: Toxapex\n|-supereffective|p1a: Toxapex\n|-crit|p1a: Toxapex\n|-damage|p1a: Toxapex|26\/100\n|move|p1a: Toxapex|Surf|p2a: scarlet\n|-supereffective|p2a: scarlet\n|-end|p2a: scarlet|Substitute\n|\n|-heal|p1a: Toxapex|32\/100|[from] item: Black Sludge\n|upkeep\n|turn|8\n|\n|t:|1699712126\n|switch|p1a: Ting-Lu|Ting-Lu|100\/100\n|-ability|p1a: Ting-Lu|Vessel of Ruin\n|move|p2a: scarlet|Substitute|p2a: scarlet\n|-start|p2a: scarlet|Substitute\n|-damage|p2a: scarlet|51\/100\n|\n|upkeep\n|turn|9\n|\n|t:|1699712129\n|move|p2a: scarlet|Fiery Dance|p1a: Ting-Lu\n|-damage|p1a: Ting-Lu|85\/100\n|move|p1a: Ting-Lu|Whirlwind|p2a: scarlet\n|-end|p2a: scarlet|Quark Drive|[silent]\n|drag|p2a: awyp|Kingambit, F|100\/100\n|\n|upkeep\n|turn|10\n|\n|t:|1699712135\n|-end|p2a: awyp|fallenundefined|[silent]\n|switch|p2a: wessin|Gholdengo|100\/100\n|-item|p2a: wessin|Air Balloon\n|move|p1a: Ting-Lu|Earthquake|p2a: wessin\n|-immune|p2a: wessin\n|\n|upkeep\n|turn|11\n|\n|t:|1699712157\n|switch|p2a: wildfiree|Ribombee, F|1\/100\n|switch|p1a: Toxapex|Toxapex, F|66\/100\n|\n|-heal|p1a: Toxapex|72\/100|[from] item: Black Sludge\n|upkeep\n|turn|12\n|\n|t:|1699712166\n|move|p2a: wildfiree|Sticky Web|p1a: Toxapex\n|-sidestart|p1: Howling Commandos|move: Sticky Web\n|move|p1a: Toxapex|Toxic|p2a: wildfiree\n|-status|p2a: wildfiree|tox\n|\n|-heal|p1a: Toxapex|78\/100|[from] item: Black Sludge\n|-damage|p2a: wildfiree|0 fnt|[from] psn\n|faint|p2a: wildfiree\n|upkeep\n|\n|t:|1699712184\n|switch|p2a: scarlet|Iron Moth|51\/100\n|turn|13\n|\n|t:|1699712200\n|move|p2a: scarlet|Dazzling Gleam|p1a: Toxapex\n|-resisted|p1a: Toxapex\n|-damage|p1a: Toxapex|66\/100\n|move|p1a: Toxapex|Surf|p2a: scarlet\n|-supereffective|p2a: scarlet\n|-damage|p2a: scarlet|11\/100\n|\n|-heal|p1a: Toxapex|73\/100|[from] item: Black Sludge\n|upkeep\n|turn|14\n|\n|t:|1699712216\n|move|p1a: Toxapex|Baneful Bunker|p1a: Toxapex\n|-singleturn|p1a: Toxapex|move: Protect\n|move|p2a: scarlet|Psychic|p1a: Toxapex\n|-activate|p1a: Toxapex|move: Protect\n|\n|-heal|p1a: Toxapex|79\/100|[from] item: Black Sludge\n|upkeep\n|turn|15\n|\n|t:|1699712240\n|move|p2a: scarlet|Dazzling Gleam|p1a: Toxapex\n|-resisted|p1a: Toxapex\n|-damage|p1a: Toxapex|67\/100\n|move|p1a: Toxapex|Surf|p2a: scarlet\n|-supereffective|p2a: scarlet\n|-damage|p2a: scarlet|0 fnt\n|faint|p2a: scarlet\n|-end|p2a: scarlet|Quark Drive|[silent]\n|\n|-heal|p1a: Toxapex|73\/100|[from] item: Black Sludge\n|upkeep\n|\n|t:|1699712247\n|switch|p2a: wessin|Gholdengo|100\/100\n|-item|p2a: wessin|Air Balloon\n|turn|16\n|\n|t:|1699712251\n|move|p2a: wessin|Nasty Plot|p2a: wessin\n|-boost|p2a: wessin|spa|2\n|move|p1a: Toxapex|Surf|p2a: wessin\n|-crit|p2a: wessin\n|-damage|p2a: wessin|71\/100\n|-enditem|p2a: wessin|Air Balloon\n|\n|-heal|p1a: Toxapex|79\/100|[from] item: Black Sludge\n|upkeep\n|turn|17\n|\n|t:|1699712279\n|switch|p1a: Ting-Lu|Ting-Lu|85\/100\n|-activate|p1a: Ting-Lu|move: Sticky Web\n|-unboost|p1a: Ting-Lu|spe|1\n|-ability|p1a: Ting-Lu|Vessel of Ruin\n|move|p2a: wessin|Psyshock|p1a: Ting-Lu\n|-immune|p1a: Ting-Lu\n|\n|upkeep\n|turn|18\n|\n|t:|1699712283\n|move|p2a: wessin|Make It Rain|p1a: Ting-Lu\n|-damage|p1a: Ting-Lu|27\/100\n|-unboost|p2a: wessin|spa|1\n|-enditem|p1a: Ting-Lu|Sitrus Berry|[eat]\n|-heal|p1a: Ting-Lu|52\/100|[from] item: Sitrus Berry\n|move|p1a: Ting-Lu|Earthquake|p2a: wessin\n|-supereffective|p2a: wessin\n|-damage|p2a: wessin|0 fnt\n|faint|p2a: wessin\n|\n|upkeep\n|\n|t:|1699712294\n|switch|p2a: faya|Ogerpon-Wellspring, F|100\/100\n|turn|19\n|\n|t:|1699712297\n|move|p2a: faya|Swords Dance|p2a: faya\n|-boost|p2a: faya|atk|2\n|move|p1a: Ting-Lu|Whirlwind|p2a: faya\n|drag|p2a: awyp|Kingambit, F|100\/100\n|-activate|p2a: awyp|ability: Supreme Overlord\n|-start|p2a: awyp|fallen3|[silent]\n|\n|upkeep\n|turn|20\n|\n|t:|1699712305\n|move|p2a: awyp|Low Kick|p1a: Ting-Lu\n|-supereffective|p1a: Ting-Lu\n|-damage|p1a: Ting-Lu|0 fnt\n|faint|p1a: Ting-Lu\n|\n|upkeep\n|\n|t:|1699712308\n|switch|p1a: Scizor|Scizor, M|100\/100 par\n|-activate|p1a: Scizor|move: Sticky Web\n|-unboost|p1a: Scizor|spe|1\n|turn|21\n|\n|t:|1699712316\n|move|p2a: awyp|Kowtow Cleave|p1a: Scizor\n|-damage|p1a: Scizor|24\/100 par\n|cant|p1a: Scizor|par\n|\n|-heal|p1a: Scizor|30\/100 par|[from] item: Leftovers\n|upkeep\n|turn|22\n|c|\u2606Howling Commandos|Oh come on\n|\n|t:|1699712326\n|move|p2a: awyp|Kowtow Cleave|p1a: Scizor\n|-damage|p1a: Scizor|0 fnt\n|faint|p1a: Scizor\n|\n|upkeep\n|\n|t:|1699712338\n|switch|p1a: Walking Wake|Walking Wake|100\/100\n|-activate|p1a: Walking Wake|move: Sticky Web\n|-unboost|p1a: Walking Wake|spe|1\n|turn|23\n|\n|t:|1699712351\n|move|p1a: Walking Wake|Flamethrower|p2a: awyp\n|-supereffective|p2a: awyp\n|-damage|p2a: awyp|4\/100\n|-damage|p1a: Walking Wake|91\/100|[from] item: Life Orb\n|move|p2a: awyp|Kowtow Cleave|p1a: Walking Wake\n|-damage|p1a: Walking Wake|13\/100\n|\n|upkeep\n|turn|24\n|\n|t:|1699712359\n|move|p2a: awyp|Sucker Punch|p1a: Walking Wake\n|-damage|p1a: Walking Wake|0 fnt\n|faint|p1a: Walking Wake\n|-end|p1a: Walking Wake|Protosynthesis|[silent]\n|\n|upkeep\n|\n|t:|1699712370\n|switch|p1a: Iron Valiant|Iron Valiant|100\/100\n|-activate|p1a: Iron Valiant|move: Sticky Web\n|-unboost|p1a: Iron Valiant|spe|1\n|-enditem|p1a: Iron Valiant|Booster Energy\n|-activate|p1a: Iron Valiant|ability: Quark Drive|[fromitem]\n|-start|p1a: Iron Valiant|quarkdriveatk\n|turn|25\n|\n|t:|1699712374\n|move|p2a: awyp|Sucker Punch|p1a: Iron Valiant\n|-resisted|p1a: Iron Valiant\n|-damage|p1a: Iron Valiant|81\/100\n|move|p1a: Iron Valiant|Spirit Break|p2a: awyp\n|-crit|p2a: awyp\n|-damage|p2a: awyp|0 fnt\n|faint|p2a: awyp\n|-end|p2a: awyp|fallen3|[silent]\n|\n|upkeep\n|\n|t:|1699712387\n|switch|p2a: faya|Ogerpon-Wellspring, F|100\/100\n|turn|26\n|inactive|Howling Commandos has 120 seconds left.\n|\n|t:|1699712442\n|-terastallize|p2a: faya|Water\n|detailschange|p2a: faya|Ogerpon-Wellspring-Tera, F, tera:Water\n|-ability|p2a: faya|Embody Aspect (Wellspring)|boost\n|-boost|p2a: faya|spd|1\n|move|p2a: faya|Ivy Cudgel|p1a: Iron Valiant\n|-damage|p1a: Iron Valiant|0 fnt\n|faint|p1a: Iron Valiant\n|-end|p1a: Iron Valiant|Quark Drive|[silent]\n|\n|upkeep\n|\n|t:|1699712448\n|switch|p1a: Toxapex|Toxapex, F|100\/100\n|-activate|p1a: Toxapex|move: Sticky Web\n|-unboost|p1a: Toxapex|spe|1\n|turn|27\n|\n|t:|1699712451\n|move|p2a: faya|Swords Dance|p2a: faya\n|-boost|p2a: faya|atk|2\n|move|p1a: Toxapex|Toxic|p2a: faya\n|-status|p2a: faya|tox\n|\n|-damage|p2a: faya|95\/100 tox|[from] psn\n|upkeep\n|turn|28\n|\n|t:|1699712457\n|move|p2a: faya|Encore|p1a: Toxapex\n|-start|p1a: Toxapex|Encore\n|move|p1a: Toxapex|Toxic|p2a: faya\n|-fail|p2a: faya|tox\n|\n|-damage|p2a: faya|83\/100 tox|[from] psn\n|upkeep\n|turn|29\n|\n|t:|1699712460\n|switch|p1a: Hoopa|Hoopa-Unbound|100\/100\n|-activate|p1a: Hoopa|move: Sticky Web\n|-unboost|p1a: Hoopa|spe|1\n|move|p2a: faya|Power Whip|p1a: Hoopa|[miss]\n|-miss|p2a: faya|p1a: Hoopa\n|\n|-damage|p2a: faya|65\/100 tox|[from] psn\n|upkeep\n|turn|30\n|\n|t:|1699712474\n|move|p2a: faya|Ivy Cudgel|p1a: Hoopa\n|-damage|p1a: Hoopa|0 fnt\n|faint|p1a: Hoopa\n|\n|-damage|p2a: faya|41\/100 tox|[from] psn\n|upkeep\n|\n|t:|1699712477\n|switch|p1a: Toxapex|Toxapex, F|100\/100\n|-activate|p1a: Toxapex|move: Sticky Web\n|-unboost|p1a: Toxapex|spe|1\n|turn|31\n|\n|t:|1699712492\n|move|p2a: faya|Power Whip|p1a: Toxapex|[miss]\n|-miss|p2a: faya|p1a: Toxapex\n|move|p1a: Toxapex|Toxic|p2a: faya\n|-fail|p2a: faya|tox\n|\n|-damage|p2a: faya|11\/100 tox|[from] psn\n|upkeep\n|turn|32\n|\n|t:|1699712496\n|move|p1a: Toxapex|Baneful Bunker|p1a: Toxapex\n|-singleturn|p1a: Toxapex|move: Protect\n|move|p2a: faya|Power Whip|p1a: Toxapex\n|-activate|p1a: Toxapex|move: Protect\n|\n|-damage|p2a: faya|0 fnt|[from] psn\n|faint|p2a: faya\n|upkeep\n|\n|t:|1699712498\n|switch|p2a: HPDARKEAGLE|Manaphy|100\/100\n|turn|33\n|\n|t:|1699712501\n|move|p2a: HPDARKEAGLE|Tail Glow|p2a: HPDARKEAGLE\n|-boost|p2a: HPDARKEAGLE|spa|3\n|move|p1a: Toxapex|Toxic|p2a: HPDARKEAGLE\n|-status|p2a: HPDARKEAGLE|tox\n|\n|-damage|p2a: HPDARKEAGLE|94\/100 tox|[from] psn\n|upkeep\n|turn|34\n|\n|t:|1699712510\n|move|p2a: HPDARKEAGLE|Tail Glow|p2a: HPDARKEAGLE\n|-boost|p2a: HPDARKEAGLE|spa|3\n|move|p1a: Toxapex|Recover||[still]\n|-fail|p1a: Toxapex|heal\n|\n|-heal|p2a: HPDARKEAGLE|100\/100 tox|[from] item: Leftovers\n|-damage|p2a: HPDARKEAGLE|88\/100 tox|[from] psn\n|upkeep\n|turn|35\n|\n|t:|1699712514\n|move|p1a: Toxapex|Baneful Bunker|p1a: Toxapex\n|-singleturn|p1a: Toxapex|move: Protect\n|move|p2a: HPDARKEAGLE|Energy Ball|p1a: Toxapex\n|-activate|p1a: Toxapex|move: Protect\n|\n|-heal|p2a: HPDARKEAGLE|94\/100 tox|[from] item: Leftovers\n|-damage|p2a: HPDARKEAGLE|76\/100 tox|[from] psn\n|upkeep\n|turn|36\n|\n|t:|1699712520\n|-terastallize|p1a: Toxapex|Steel\n|move|p2a: HPDARKEAGLE|Energy Ball|p1a: Toxapex\n|-resisted|p1a: Toxapex\n|-damage|p1a: Toxapex|58\/100\n|move|p1a: Toxapex|Recover|p1a: Toxapex\n|-heal|p1a: Toxapex|100\/100\n|\n|-heal|p2a: HPDARKEAGLE|82\/100 tox|[from] item: Leftovers\n|-damage|p1a: Toxapex|88\/100|[from] item: Black Sludge\n|-damage|p2a: HPDARKEAGLE|58\/100 tox|[from] psn\n|upkeep\n|turn|37\n|\n|t:|1699712528\n|move|p1a: Toxapex|Baneful Bunker|p1a: Toxapex\n|-singleturn|p1a: Toxapex|move: Protect\n|move|p2a: HPDARKEAGLE|Surf|p1a: Toxapex\n|-activate|p1a: Toxapex|move: Protect\n|\n|-heal|p2a: HPDARKEAGLE|64\/100 tox|[from] item: Leftovers\n|-damage|p1a: Toxapex|75\/100|[from] item: Black Sludge\n|-damage|p2a: HPDARKEAGLE|34\/100 tox|[from] psn\n|upkeep\n|turn|38\n|\n|t:|1699712532\n|move|p2a: HPDARKEAGLE|Surf|p1a: Toxapex\n|-damage|p1a: Toxapex|0 fnt\n|faint|p1a: Toxapex\n|\n|win|Slaaaine\n|raw|Howling Commandos's rating: 1195 &rarr; <strong>1164<\/strong><br \/>(-31 for losing)\n|raw|Slaaaine's rating: 1108 &rarr; <strong>1139<\/strong><br \/>(+31 for winning)\n|l|\u2606Howling Commandos\n","uploadtime":1699712919,"views":16,"p1id":"howlingcommandos","p2id":"slaaaine","formatid":"gen9ou","rating":1139,"private":0,"password":""}