{"id":"gen9ou-1991767095","p1":"Glissana-1","p2":"alt no. 598","format":"[Gen 9] OU","log":"|j|\u2606Glissana-1\n|j|\u2606alt no. 598\n|t:|1700113614\n|gametype|singles\n|player|p1|Glissana-1|101|1548\n|player|p2|alt no. 598|acetrainersnowf|1544\n|teamsize|p1|6\n|teamsize|p2|6\n|gen|9\n|tier|[Gen 9] OU\n|rated|\n|rule|Sleep Clause Mod: Limit one foe put to sleep\n|rule|Species Clause: Limit one of each Pok\u00e9mon\n|rule|OHKO Clause: OHKO moves are banned\n|rule|Evasion Items Clause: Evasion items are banned\n|rule|Evasion Moves Clause: Evasion moves are banned\n|rule|Endless Battle Clause: Forcing endless battles is banned\n|rule|HP Percentage Mod: HP is shown in percentages\n|clearpoke\n|poke|p1|Rillaboom, F|\n|poke|p1|Sneasler, F|\n|poke|p1|Zamazenta-*|\n|poke|p1|Manaphy|\n|poke|p1|Hatterene, F|\n|poke|p1|Kingambit, F|\n|poke|p2|Iron Valiant|\n|poke|p2|Rillaboom, F|\n|poke|p2|Samurott-Hisui, F|\n|poke|p2|Dragapult, M|\n|poke|p2|Great Tusk|\n|poke|p2|Cinderace, F|\n|teampreview\n|\n|t:|1700113634\n|start\n|switch|p1a: Rennala|Rillaboom, F|100\/100\n|switch|p2a: Samurott|Samurott-Hisui, F|100\/100\n|-fieldstart|move: Grassy Terrain|[from] ability: Grassy Surge|[of] p1a: Rennala\n|turn|1\n|\n|t:|1700113641\n|move|p2a: Samurott|Ceaseless Edge|p1a: Rennala\n|-damage|p1a: Rennala|54\/100\n|-sidestart|p1: Glissana-1|Spikes\n|move|p1a: Rennala|U-turn|p2a: Samurott\n|-supereffective|p2a: Samurott\n|-enditem|p2a: Samurott|Focus Sash\n|-damage|p2a: Samurott|1\/100\n|j| Thane_of_E\n|l| Thane_of_E\n|\n|t:|1700113694\n|switch|p1a: Astel|Manaphy|100\/100|[from] U-turn\n|-damage|p1a: Astel|88\/100|[from] Spikes\n|\n|-heal|p1a: Astel|94\/100|[from] Grassy Terrain\n|-heal|p1a: Astel|100\/100|[from] item: Leftovers\n|-heal|p2a: Samurott|7\/100|[from] Grassy Terrain\n|upkeep\n|turn|2\n|\n|t:|1700113698\n|move|p1a: Astel|Acid Armor|p1a: Astel\n|-boost|p1a: Astel|def|2\n|move|p2a: Samurott|Ceaseless Edge|p1a: Astel\n|-damage|p1a: Astel|82\/100\n|-sidestart|p1: Glissana-1|Spikes\n|\n|-heal|p1a: Astel|88\/100|[from] Grassy Terrain\n|-heal|p1a: Astel|94\/100|[from] item: Leftovers\n|-heal|p2a: Samurott|13\/100|[from] Grassy Terrain\n|upkeep\n|turn|3\n|\n|t:|1700113703\n|switch|p2a: Iron Valiant|Iron Valiant|100\/100\n|-enditem|p2a: Iron Valiant|Booster Energy\n|-activate|p2a: Iron Valiant|ability: Quark Drive|[fromitem]\n|-start|p2a: Iron Valiant|quarkdrivespe\n|move|p1a: Astel|Take Heart|p1a: Astel\n|-boost|p1a: Astel|spa|1\n|-boost|p1a: Astel|spd|1\n|\n|-heal|p1a: Astel|100\/100|[from] Grassy Terrain\n|upkeep\n|turn|4\n|\n|t:|1700113718\n|move|p2a: Iron Valiant|Encore|p1a: Astel\n|-start|p1a: Astel|Encore\n|move|p1a: Astel|Take Heart|p1a: Astel\n|-boost|p1a: Astel|spa|1\n|-boost|p1a: Astel|spd|1\n|\n|upkeep\n|turn|5\n|\n|t:|1700113721\n|switch|p1a: Malenia|Sneasler, F|100\/100\n|-damage|p1a: Malenia|84\/100|[from] Spikes\n|-enditem|p1a: Malenia|Grassy Seed\n|-boost|p1a: Malenia|def|1|[from] item: Grassy Seed\n|move|p2a: Iron Valiant|Calm Mind|p2a: Iron Valiant\n|-boost|p2a: Iron Valiant|spa|1\n|-boost|p2a: Iron Valiant|spd|1\n|\n|-heal|p1a: Malenia|90\/100|[from] Grassy Terrain\n|-fieldend|move: Grassy Terrain\n|upkeep\n|turn|6\n|\n|t:|1700113741\n|-terastallize|p2a: Iron Valiant|Electric\n|move|p1a: Malenia|Close Combat|p2a: Iron Valiant\n|-damage|p2a: Iron Valiant|11\/100\n|-unboost|p1a: Malenia|def|1\n|-unboost|p1a: Malenia|spd|1\n|move|p2a: Iron Valiant|Moonblast|p1a: Malenia\n|-damage|p1a: Malenia|0 fnt\n|faint|p1a: Malenia\n|\n|upkeep\n|\n|t:|1700113754\n|switch|p1a: Rennala|Rillaboom, F|54\/100\n|-damage|p1a: Rennala|38\/100|[from] Spikes\n|-fieldstart|move: Grassy Terrain|[from] ability: Grassy Surge|[of] p1a: Rennala\n|turn|7\n|\n|t:|1700113758\n|-end|p2a: Iron Valiant|Quark Drive|[silent]\n|switch|p2a: Samurott|Samurott-Hisui, F|13\/100\n|move|p1a: Rennala|Grassy Glide|p2a: Samurott\n|-supereffective|p2a: Samurott\n|-damage|p2a: Samurott|0 fnt\n|faint|p2a: Samurott\n|\n|-heal|p1a: Rennala|44\/100|[from] Grassy Terrain\n|upkeep\n|\n|t:|1700113791\n|switch|p2a: Rillaboom|Rillaboom, F|100\/100\n|turn|8\n|\n|t:|1700113801\n|switch|p1a: Elden Beast|Zamazenta|100\/100\n|-damage|p1a: Elden Beast|84\/100|[from] Spikes\n|-ability|p1a: Elden Beast|Dauntless Shield|boost\n|-boost|p1a: Elden Beast|def|1\n|move|p2a: Rillaboom|U-turn|p1a: Elden Beast\n|-resisted|p1a: Elden Beast\n|-damage|p1a: Elden Beast|75\/100\n|\n|t:|1700113806\n|switch|p2a: Dragapult|Dragapult, M|100\/100|[from] U-turn\n|\n|-heal|p1a: Elden Beast|81\/100|[from] Grassy Terrain\n|-heal|p1a: Elden Beast|87\/100|[from] item: Leftovers\n|upkeep\n|turn|9\n|\n|t:|1700113813\n|switch|p1a: Tanith|Kingambit, F|100\/100\n|-damage|p1a: Tanith|84\/100|[from] Spikes\n|-activate|p1a: Tanith|ability: Supreme Overlord\n|-start|p1a: Tanith|fallen1|[silent]\n|move|p2a: Dragapult|Shadow Ball|p1a: Tanith\n|-resisted|p1a: Tanith\n|-damage|p1a: Tanith|59\/100\n|\n|-heal|p1a: Tanith|65\/100|[from] Grassy Terrain\n|upkeep\n|turn|10\n|\n|t:|1700113824\n|switch|p2a: Great Tusk|Great Tusk|100\/100\n|-enditem|p2a: Great Tusk|Booster Energy\n|-activate|p2a: Great Tusk|ability: Protosynthesis|[fromitem]\n|-start|p2a: Great Tusk|protosynthesisspe\n|move|p1a: Tanith|Swords Dance|p1a: Tanith\n|-boost|p1a: Tanith|atk|2\n|\n|-heal|p1a: Tanith|72\/100|[from] Grassy Terrain\n|upkeep\n|turn|11\n|\n|t:|1700113860\n|-end|p1a: Tanith|fallen1|[silent]\n|switch|p1a: Elden Beast|Zamazenta|87\/100\n|-damage|p1a: Elden Beast|70\/100|[from] Spikes\n|move|p2a: Great Tusk|Bulk Up|p2a: Great Tusk\n|-boost|p2a: Great Tusk|atk|1\n|-boost|p2a: Great Tusk|def|1\n|\n|-heal|p1a: Elden Beast|77\/100|[from] Grassy Terrain\n|-heal|p1a: Elden Beast|83\/100|[from] item: Leftovers\n|-fieldend|move: Grassy Terrain\n|upkeep\n|turn|12\n|\n|t:|1700113867\n|move|p2a: Great Tusk|Headlong Rush|p1a: Elden Beast\n|-damage|p1a: Elden Beast|27\/100\n|-unboost|p2a: Great Tusk|def|1\n|-unboost|p2a: Great Tusk|spd|1\n|move|p1a: Elden Beast|Iron Defense|p1a: Elden Beast\n|-boost|p1a: Elden Beast|def|2\n|\n|-heal|p1a: Elden Beast|33\/100|[from] item: Leftovers\n|upkeep\n|turn|13\n|\n|t:|1700113874\n|move|p2a: Great Tusk|Headlong Rush|p1a: Elden Beast\n|-damage|p1a: Elden Beast|3\/100\n|-unboost|p2a: Great Tusk|def|1\n|-unboost|p2a: Great Tusk|spd|1\n|move|p1a: Elden Beast|Body Press|p2a: Great Tusk\n|-damage|p2a: Great Tusk|31\/100\n|\n|-heal|p1a: Elden Beast|10\/100|[from] item: Leftovers\n|upkeep\n|turn|14\n|\n|t:|1700113878\n|move|p2a: Great Tusk|Ice Spinner|p1a: Elden Beast\n|-crit|p1a: Elden Beast\n|-damage|p1a: Elden Beast|0 fnt\n|faint|p1a: Elden Beast\n|\n|upkeep\n|\n|t:|1700113884\n|switch|p1a: Rennala|Rillaboom, F|44\/100\n|-damage|p1a: Rennala|27\/100|[from] Spikes\n|-fieldstart|move: Grassy Terrain|[from] ability: Grassy Surge|[of] p1a: Rennala\n|turn|15\n|\n|t:|1700113892\n|move|p1a: Rennala|Grassy Glide|p2a: Great Tusk\n|-supereffective|p2a: Great Tusk\n|-damage|p2a: Great Tusk|0 fnt\n|faint|p2a: Great Tusk\n|-end|p2a: Great Tusk|Protosynthesis|[silent]\n|\n|-heal|p1a: Rennala|33\/100|[from] Grassy Terrain\n|upkeep\n|\n|t:|1700113902\n|switch|p2a: Cinderace|Cinderace, F|100\/100\n|turn|16\n|\n|t:|1700113908\n|move|p1a: Rennala|Grassy Glide|p2a: Cinderace\n|-resisted|p2a: Cinderace\n|-damage|p2a: Cinderace|61\/100\n|move|p2a: Cinderace|Pyro Ball|p1a: Rennala|[miss]\n|-miss|p2a: Cinderace|p1a: Rennala\n|\n|-heal|p2a: Cinderace|67\/100|[from] Grassy Terrain\n|-heal|p1a: Rennala|40\/100|[from] Grassy Terrain\n|upkeep\n|turn|17\n|\n|t:|1700113918\n|switch|p1a: Ranni|Hatterene, F|100\/100\n|-damage|p1a: Ranni|84\/100|[from] Spikes\n|-enditem|p1a: Ranni|Grassy Seed\n|-boost|p1a: Ranni|def|1|[from] item: Grassy Seed\n|move|p2a: Cinderace|Pyro Ball|p1a: Ranni\n|-damage|p1a: Ranni|50\/100\n|\n|-heal|p2a: Cinderace|73\/100|[from] Grassy Terrain\n|-heal|p1a: Ranni|56\/100|[from] Grassy Terrain\n|upkeep\n|turn|18\n|\n|t:|1700113934\n|move|p2a: Cinderace|Pyro Ball|p1a: Ranni\n|-damage|p1a: Ranni|21\/100\n|move|p1a: Ranni|Psyshock|p2a: Cinderace\n|-damage|p2a: Cinderace|18\/100\n|\n|-heal|p2a: Cinderace|24\/100|[from] Grassy Terrain\n|-heal|p1a: Ranni|27\/100|[from] Grassy Terrain\n|upkeep\n|turn|19\n|\n|t:|1700113938\n|move|p2a: Cinderace|Pyro Ball|p1a: Ranni\n|-damage|p1a: Ranni|0 fnt\n|faint|p1a: Ranni\n|\n|-heal|p2a: Cinderace|30\/100|[from] Grassy Terrain\n|-fieldend|move: Grassy Terrain\n|upkeep\n|\n|t:|1700113946\n|switch|p1a: Rennala|Rillaboom, F|40\/100\n|-damage|p1a: Rennala|23\/100|[from] Spikes\n|-fieldstart|move: Grassy Terrain|[from] ability: Grassy Surge|[of] p1a: Rennala\n|turn|20\n|\n|t:|1700113951\n|move|p1a: Rennala|Grassy Glide|p2a: Cinderace\n|-resisted|p2a: Cinderace\n|-damage|p2a: Cinderace|0 fnt\n|faint|p2a: Cinderace\n|\n|-heal|p1a: Rennala|29\/100|[from] Grassy Terrain\n|upkeep\n|\n|t:|1700113957\n|switch|p2a: Rillaboom|Rillaboom, F|100\/100\n|turn|21\n|\n|t:|1700113961\n|move|p1a: Rennala|Grassy Glide|p2a: Rillaboom\n|-resisted|p2a: Rillaboom\n|-damage|p2a: Rillaboom|66\/100\n|move|p2a: Rillaboom|Wood Hammer|p1a: Rennala\n|-resisted|p1a: Rennala\n|-damage|p1a: Rennala|0 fnt\n|faint|p1a: Rennala\n|-damage|p2a: Rillaboom|55\/100|[from] Recoil\n|\n|-heal|p2a: Rillaboom|61\/100|[from] Grassy Terrain\n|upkeep\n|\n|t:|1700113989\n|switch|p1a: Astel|Manaphy|100\/100\n|-damage|p1a: Astel|84\/100|[from] Spikes\n|turn|22\n|\n|t:|1700113995\n|switch|p2a: Dragapult|Dragapult, M|100\/100\n|-terastallize|p1a: Astel|Poison\n|move|p1a: Astel|Take Heart|p1a: Astel\n|-boost|p1a: Astel|spa|1\n|-boost|p1a: Astel|spd|1\n|\n|-heal|p1a: Astel|90\/100|[from] Grassy Terrain\n|-heal|p1a: Astel|97\/100|[from] item: Leftovers\n|upkeep\n|turn|23\n|\n|t:|1700114002\n|move|p2a: Dragapult|Shadow Ball|p1a: Astel\n|-damage|p1a: Astel|67\/100\n|move|p1a: Astel|Scald|p2a: Dragapult\n|-resisted|p2a: Dragapult\n|-damage|p2a: Dragapult|71\/100\n|-status|p2a: Dragapult|brn\n|\n|-heal|p2a: Dragapult|77\/100 brn|[from] Grassy Terrain\n|-heal|p1a: Astel|74\/100|[from] Grassy Terrain\n|-heal|p1a: Astel|80\/100|[from] item: Leftovers\n|-damage|p2a: Dragapult|71\/100 brn|[from] brn\n|upkeep\n|turn|24\n|\n|t:|1700114004\n|move|p2a: Dragapult|Shadow Ball|p1a: Astel\n|-damage|p1a: Astel|50\/100\n|move|p1a: Astel|Take Heart|p1a: Astel\n|-boost|p1a: Astel|spa|1\n|-boost|p1a: Astel|spd|1\n|\n|-heal|p2a: Dragapult|77\/100 brn|[from] Grassy Terrain\n|-heal|p1a: Astel|56\/100|[from] Grassy Terrain\n|-heal|p1a: Astel|62\/100|[from] item: Leftovers\n|-damage|p2a: Dragapult|71\/100 brn|[from] brn\n|-fieldend|move: Grassy Terrain\n|upkeep\n|turn|25\n|\n|t:|1700114014\n|move|p2a: Dragapult|Shadow Ball|p1a: Astel\n|-damage|p1a: Astel|41\/100\n|move|p1a: Astel|Stored Power|p2a: Dragapult\n|-damage|p2a: Dragapult|4\/100 brn\n|\n|-heal|p1a: Astel|47\/100|[from] item: Leftovers\n|-damage|p2a: Dragapult|0 fnt|[from] brn\n|faint|p2a: Dragapult\n|upkeep\n|\n|t:|1700114020\n|switch|p2a: Rillaboom|Rillaboom, F|61\/100\n|-fieldstart|move: Grassy Terrain|[from] ability: Grassy Surge|[of] p2a: Rillaboom\n|turn|26\n|\n|t:|1700114031\n|move|p1a: Astel|Stored Power|p2a: Rillaboom\n|-damage|p2a: Rillaboom|3\/100\n|move|p2a: Rillaboom|Wood Hammer|p1a: Astel\n|-resisted|p1a: Astel\n|-damage|p1a: Astel|0 fnt\n|faint|p1a: Astel\n|-damage|p2a: Rillaboom|0 fnt|[from] Recoil\n|faint|p2a: Rillaboom\n|\n|upkeep\n|\n|t:|1700114038\n|switch|p1a: Tanith|Kingambit, F|72\/100\n|switch|p2a: Iron Valiant|Iron Valiant, tera:Electric|11\/100\n|-damage|p1a: Tanith|55\/100|[from] Spikes\n|-activate|p1a: Tanith|ability: Supreme Overlord\n|-start|p1a: Tanith|fallen5|[silent]\n|turn|27\n|\n|t:|1700114043\n|move|p2a: Iron Valiant|Moonblast|p1a: Tanith\n|-damage|p1a: Tanith|6\/100\n|move|p1a: Tanith|Kowtow Cleave|p2a: Iron Valiant\n|-damage|p2a: Iron Valiant|0 fnt\n|faint|p2a: Iron Valiant\n|-end|p2a: Iron Valiant|Quark Drive|[silent]\n|\n|win|Glissana-1\n|raw|Glissana-1's rating: 1548 &rarr; <strong>1568<\/strong><br \/>(+20 for winning)\n|raw|alt no. 598's rating: 1544 &rarr; <strong>1524<\/strong><br \/>(-20 for losing)\n","uploadtime":1700114049,"views":8,"p1id":"glissana1","p2id":"altno598","formatid":"gen9ou","rating":1524,"private":0,"password":""}