{"id":"gen9ou-1999840103","p1":"0chamcham0","p2":"brownboy_blackbelt","format":"[Gen 9] OU","log":"|j|\u26060chamcham0\n|j|\u2606brownboy_blackbelt\n|t:|1701121648\n|gametype|singles\n|player|p1|0chamcham0|elesa|1156\n|player|p2|brownboy_blackbelt|2|1246\n|teamsize|p1|6\n|teamsize|p2|6\n|gen|9\n|tier|[Gen 9] OU\n|rated|\n|rule|Sleep Clause Mod: Limit one foe put to sleep\n|rule|Species Clause: Limit one of each Pok\u00e9mon\n|rule|OHKO Clause: OHKO moves are banned\n|rule|Evasion Items Clause: Evasion items are banned\n|rule|Evasion Moves Clause: Evasion moves are banned\n|rule|Endless Battle Clause: Forcing endless battles is banned\n|rule|HP Percentage Mod: HP is shown in percentages\n|clearpoke\n|poke|p1|Typhlosion, F|\n|poke|p1|Torkoal, F|\n|poke|p1|Scizor, M|\n|poke|p1|Great Tusk|\n|poke|p1|Walking Wake|\n|poke|p1|Muk-Alola, F|\n|poke|p2|Azumarill, F|\n|poke|p2|Polteageist|\n|poke|p2|Great Tusk|\n|poke|p2|Magnezone|\n|poke|p2|Rillaboom, M|\n|poke|p2|Cinderace, M|\n|teampreview\n|inactive|Battle timer is ON: inactive players will automatically lose when time's up. (requested by brownboy_blackbelt)\n|l|\u26060chamcham0\n|inactive|0chamcham0 disconnected and has a minute to reconnect!\n|player|p1|\n|j|\u26060chamcham0\n|inactive|0chamcham0 reconnected and has 125 seconds left.\n|player|p1|0chamcham0|elesa\n|\n|t:|1701121689\n|start\n|switch|p1a: Torkoal|Torkoal, F|100\/100\n|switch|p2a: Azumarill|Azumarill, F|100\/100\n|-weather|SunnyDay|[from] ability: Drought|[of] p1a: Torkoal\n|turn|1\n|\n|t:|1701121694\n|move|p2a: Azumarill|Belly Drum|p2a: Azumarill\n|-damage|p2a: Azumarill|51\/100\n|-setboost|p2a: Azumarill|atk|6|[from] move: Belly Drum\n|move|p1a: Torkoal|Yawn|p2a: Azumarill\n|-start|p2a: Azumarill|move: Yawn|[of] p1a: Torkoal\n|\n|-weather|SunnyDay|[upkeep]\n|upkeep\n|turn|2\n|\n|t:|1701121702\n|switch|p1a: Scizor|Scizor, M|100\/100\n|move|p2a: Azumarill|Aqua Jet|p1a: Scizor\n|-damage|p1a: Scizor|49\/100\n|\n|-weather|SunnyDay|[upkeep]\n|-end|p2a: Azumarill|move: Yawn|[silent]\n|-status|p2a: Azumarill|slp\n|upkeep\n|turn|3\n|\n|t:|1701121706\n|move|p1a: Scizor|U-turn|p2a: Azumarill\n|-resisted|p2a: Azumarill\n|-damage|p2a: Azumarill|29\/100 slp\n|-enditem|p2a: Azumarill|Sitrus Berry|[eat]\n|-heal|p2a: Azumarill|54\/100 slp|[from] item: Sitrus Berry\n|\n|t:|1701121714\n|switch|p1a: Muk|Muk-Alola, F|100\/100|[from] U-turn\n|cant|p2a: Azumarill|slp\n|\n|-weather|SunnyDay|[upkeep]\n|upkeep\n|turn|4\n|\n|t:|1701121718\n|-curestatus|p2a: Azumarill|slp|[msg]\n|move|p2a: Azumarill|Play Rough|p1a: Muk\n|-damage|p1a: Muk|0 fnt\n|faint|p1a: Muk\n|\n|-weather|SunnyDay|[upkeep]\n|upkeep\n|\n|t:|1701121724\n|switch|p1a: Walking Wake|Walking Wake|100\/100\n|-activate|p1a: Walking Wake|ability: Protosynthesis\n|-start|p1a: Walking Wake|protosynthesisspe\n|turn|5\n|\n|t:|1701121729\n|move|p1a: Walking Wake|Hydro Steam|p2a: Azumarill\n|-resisted|p2a: Azumarill\n|-damage|p2a: Azumarill|12\/100\n|move|p2a: Azumarill|Play Rough|p1a: Walking Wake\n|-supereffective|p1a: Walking Wake\n|-damage|p1a: Walking Wake|0 fnt\n|faint|p1a: Walking Wake\n|-end|p1a: Walking Wake|Protosynthesis|[silent]\n|\n|-weather|SunnyDay|[upkeep]\n|upkeep\n|\n|t:|1701121734\n|switch|p1a: Scizor|Scizor, M|49\/100\n|turn|6\n|\n|t:|1701121739\n|move|p1a: Scizor|Bullet Punch|p2a: Azumarill\n|-damage|p2a: Azumarill|0 fnt\n|faint|p2a: Azumarill\n|\n|-weather|SunnyDay|[upkeep]\n|upkeep\n|\n|t:|1701121743\n|switch|p2a: Great Tusk|Great Tusk|100\/100\n|-activate|p2a: Great Tusk|ability: Protosynthesis\n|-start|p2a: Great Tusk|protosynthesisspe\n|turn|7\n|\n|t:|1701121746\n|move|p2a: Great Tusk|Bulk Up|p2a: Great Tusk\n|-boost|p2a: Great Tusk|atk|1\n|-boost|p2a: Great Tusk|def|1\n|move|p1a: Scizor|Dual Wingbeat|p2a: Great Tusk|[miss]\n|-miss|p1a: Scizor|p2a: Great Tusk\n|\n|-weather|SunnyDay|[upkeep]\n|upkeep\n|turn|8\n|\n|t:|1701121760\n|move|p2a: Great Tusk|Headlong Rush|p1a: Scizor\n|-damage|p1a: Scizor|0 fnt\n|-unboost|p2a: Great Tusk|def|1\n|-unboost|p2a: Great Tusk|spd|1\n|faint|p1a: Scizor\n|\n|-weather|none\n|-end|p2a: Great Tusk|Protosynthesis\n|upkeep\n|-enditem|p2a: Great Tusk|Booster Energy\n|-activate|p2a: Great Tusk|ability: Protosynthesis|[fromitem]\n|-start|p2a: Great Tusk|protosynthesisatk\n|\n|t:|1701121765\n|switch|p1a: Typhlosion|Typhlosion, F|100\/100\n|turn|9\n|-message|0chamcham0 forfeited.\n|\n|win|brownboy_blackbelt\n|raw|0chamcham0's rating: 1156 &rarr; <strong>1137<\/strong><br \/>(-19 for losing)\n|raw|brownboy_blackbelt's rating: 1246 &rarr; <strong>1265<\/strong><br \/>(+19 for winning)\n|l|\u26060chamcham0\n","uploadtime":1701121772,"views":2,"p1id":"0chamcham0","p2id":"brownboyblackbelt","formatid":"gen9ou","rating":1137,"private":0,"password":""}