{"id":"gen9ou-1992127484","p1":"pok3monjake","p2":"Blurred Ace","format":"[Gen 9] OU","log":"|j|\u2606pok3monjake\n|j|\u2606Blurred Ace\n|t:|1700157319\n|gametype|singles\n|player|p1|pok3monjake|unknown|1520\n|player|p2|Blurred Ace|gambler|1485\n|teamsize|p1|6\n|teamsize|p2|6\n|gen|9\n|tier|[Gen 9] OU\n|rated|\n|rule|Sleep Clause Mod: Limit one foe put to sleep\n|rule|Species Clause: Limit one of each Pok\u00e9mon\n|rule|OHKO Clause: OHKO moves are banned\n|rule|Evasion Items Clause: Evasion items are banned\n|rule|Evasion Moves Clause: Evasion moves are banned\n|rule|Endless Battle Clause: Forcing endless battles is banned\n|rule|HP Percentage Mod: HP is shown in percentages\n|clearpoke\n|poke|p1|Sandslash-Alola, F|\n|poke|p1|Slowking-Galar, M|\n|poke|p1|Cinderace, F|\n|poke|p1|Ninetales-Alola, M|\n|poke|p1|Kingambit, M|\n|poke|p1|Great Tusk|\n|poke|p2|Dragapult, M|\n|poke|p2|Scizor, M|\n|poke|p2|Samurott-Hisui, M|\n|poke|p2|Garchomp, M|\n|poke|p2|Great Tusk|\n|poke|p2|Slowking, M|\n|teampreview\n|\n|t:|1700157326\n|start\n|switch|p1a: Ninetales|Ninetales-Alola, M|100\/100\n|switch|p2a: Scizor|Scizor, M|100\/100\n|-weather|Snow|[from] ability: Snow Warning|[of] p1a: Ninetales\n|turn|1\n|inactive|Battle timer is ON: inactive players will automatically lose when time's up. (requested by pok3monjake)\n|\n|t:|1700157330\n|switch|p1a: Great Tusk|Great Tusk|100\/100\n|move|p2a: Scizor|Bullet Punch|p1a: Great Tusk\n|-damage|p1a: Great Tusk|67\/100\n|\n|-weather|Snow|[upkeep]\n|-heal|p1a: Great Tusk|73\/100|[from] item: Leftovers\n|upkeep\n|turn|2\n|\n|t:|1700157337\n|switch|p2a: Garchomp|Garchomp, M|100\/100\n|move|p1a: Great Tusk|Earthquake|p2a: Garchomp\n|-damage|p2a: Garchomp|56\/100\n|\n|-weather|Snow|[upkeep]\n|-heal|p1a: Great Tusk|80\/100|[from] item: Leftovers\n|upkeep\n|turn|3\n|\n|t:|1700157347\n|move|p2a: Garchomp|Earthquake|p1a: Great Tusk\n|-damage|p1a: Great Tusk|45\/100\n|move|p1a: Great Tusk|Ice Spinner|p2a: Garchomp\n|-supereffective|p2a: Garchomp\n|-damage|p2a: Garchomp|0 fnt\n|-damage|p1a: Great Tusk|33\/100|[from] ability: Rough Skin|[of] p2a: Garchomp\n|-damage|p1a: Great Tusk|16\/100|[from] item: Rocky Helmet|[of] p2a: Garchomp\n|faint|p2a: Garchomp\n|\n|-weather|Snow|[upkeep]\n|-heal|p1a: Great Tusk|22\/100|[from] item: Leftovers\n|upkeep\n|\n|t:|1700157358\n|switch|p2a: Dragapult|Dragapult, M|100\/100\n|turn|4\n|\n|t:|1700157364\n|-end|p1a: Great Tusk|Protosynthesis|[silent]\n|switch|p1a: Slowking|Slowking-Galar, M|100\/100\n|move|p2a: Dragapult|Hex|p1a: Slowking\n|-supereffective|p1a: Slowking\n|-damage|p1a: Slowking|65\/100\n|\n|-weather|Snow|[upkeep]\n|upkeep\n|turn|5\n|\n|t:|1700157371\n|move|p2a: Dragapult|Will-O-Wisp|p1a: Slowking\n|-status|p1a: Slowking|brn\n|move|p1a: Slowking|Chilly Reception|p1a: Slowking\n|\n|t:|1700157373\n|switch|p1a: Sandslash|Sandslash-Alola, F|100\/100|[from] Chilly Reception\n|\n|-weather|Snow|[upkeep]\n|upkeep\n|turn|6\n|\n|t:|1700157399\n|move|p1a: Sandslash|Knock Off|p2a: Dragapult\n|-supereffective|p2a: Dragapult\n|-damage|p2a: Dragapult|4\/100\n|-enditem|p2a: Dragapult|Heavy-Duty Boots|[from] move: Knock Off|[of] p1a: Sandslash\n|move|p2a: Dragapult|Will-O-Wisp|p1a: Sandslash\n|-status|p1a: Sandslash|brn\n|\n|-weather|Snow|[upkeep]\n|-damage|p1a: Sandslash|94\/100 brn|[from] brn\n|upkeep\n|turn|7\n|\n|t:|1700157411\n|switch|p2a: Scizor|Scizor, M|100\/100\n|move|p1a: Sandslash|Knock Off|p2a: Scizor\n|-damage|p2a: Scizor|86\/100\n|-enditem|p2a: Scizor|Choice Band|[from] move: Knock Off|[of] p1a: Sandslash\n|\n|-weather|Snow|[upkeep]\n|-damage|p1a: Sandslash|88\/100 brn|[from] brn\n|upkeep\n|turn|8\n|inactive|pok3monjake has 120 seconds left.\n|\n|t:|1700157437\n|switch|p1a: Cinderace|Cinderace, F|100\/100\n|move|p2a: Scizor|Close Combat|p1a: Cinderace\n|-damage|p1a: Cinderace|30\/100\n|-unboost|p2a: Scizor|def|1\n|-unboost|p2a: Scizor|spd|1\n|\n|-weather|none\n|upkeep\n|turn|9\n|\n|t:|1700157457\n|switch|p2a: Great Tusk|Great Tusk|100\/100\n|move|p1a: Cinderace|Will-O-Wisp|p2a: Great Tusk\n|-status|p2a: Great Tusk|brn\n|\n|-damage|p2a: Great Tusk|94\/100 brn|[from] brn\n|upkeep\n|turn|10\n|inactive|pok3monjake has 120 seconds left.\n|\n|t:|1700157474\n|switch|p1a: Ninetales|Ninetales-Alola, M|100\/100\n|-weather|Snow|[from] ability: Snow Warning|[of] p1a: Ninetales\n|move|p2a: Great Tusk|Knock Off|p1a: Ninetales\n|-resisted|p1a: Ninetales\n|-damage|p1a: Ninetales|92\/100\n|-enditem|p1a: Ninetales|Icy Rock|[from] move: Knock Off|[of] p2a: Great Tusk\n|\n|-weather|Snow|[upkeep]\n|-heal|p2a: Great Tusk|100\/100 brn|[from] item: Leftovers\n|-damage|p2a: Great Tusk|94\/100 brn|[from] brn\n|upkeep\n|turn|11\n|\n|t:|1700157484\n|-end|p2a: Great Tusk|Protosynthesis|[silent]\n|switch|p2a: Slowking|Slowking, M|100\/100\n|move|p1a: Ninetales|Freeze-Dry|p2a: Slowking\n|-supereffective|p2a: Slowking\n|-damage|p2a: Slowking|72\/100\n|\n|-weather|Snow|[upkeep]\n|-heal|p2a: Slowking|78\/100|[from] item: Leftovers\n|upkeep\n|turn|12\n|inactive|pok3monjake has 120 seconds left.\n|\n|t:|1700157506\n|move|p1a: Ninetales|Freeze-Dry|p2a: Slowking\n|-supereffective|p2a: Slowking\n|-damage|p2a: Slowking|47\/100\n|move|p2a: Slowking|Future Sight|p1a: Ninetales\n|-start|p2a: Slowking|move: Future Sight\n|\n|-weather|Snow|[upkeep]\n|-heal|p2a: Slowking|53\/100|[from] item: Leftovers\n|upkeep\n|turn|13\n|inactive|pok3monjake has 120 seconds left.\n|\n|t:|1700157540\n|move|p1a: Ninetales|Freeze-Dry|p2a: Slowking\n|-supereffective|p2a: Slowking\n|-damage|p2a: Slowking|24\/100\n|move|p2a: Slowking|Chilly Reception|p2a: Slowking\n|\n|t:|1700157543\n|switch|p2a: Scizor|Scizor, M|86\/100|[from] Chilly Reception\n|\n|-weather|Snow|[upkeep]\n|upkeep\n|turn|14\n|\n|t:|1700157556\n|switch|p1a: Sandslash|Sandslash-Alola, F|88\/100 brn\n|move|p2a: Scizor|Close Combat|p1a: Sandslash\n|-supereffective|p1a: Sandslash\n|-damage|p1a: Sandslash|0 fnt\n|-unboost|p2a: Scizor|def|1\n|-unboost|p2a: Scizor|spd|1\n|faint|p1a: Sandslash\n|\n|-weather|Snow|[upkeep]\n|-hint|Future Sight did not hit because the target is fainted.\n|upkeep\n|inactive|pok3monjake has 90 seconds left.\n|\n|t:|1700157571\n|switch|p1a: Kingambit|Kingambit, M|100\/100\n|-activate|p1a: Kingambit|ability: Supreme Overlord\n|-start|p1a: Kingambit|fallen1|[silent]\n|turn|15\n|inactive|pok3monjake has 90 seconds left.\n|\n|t:|1700157590\n|-terastallize|p1a: Kingambit|Flying\n|move|p1a: Kingambit|Kowtow Cleave|p2a: Scizor\n|-damage|p2a: Scizor|2\/100\n|move|p2a: Scizor|Close Combat|p1a: Kingambit\n|-resisted|p1a: Kingambit\n|-damage|p1a: Kingambit|81\/100\n|-unboost|p2a: Scizor|def|1\n|-unboost|p2a: Scizor|spd|1\n|\n|-weather|Snow|[upkeep]\n|-heal|p1a: Kingambit|87\/100|[from] item: Leftovers\n|upkeep\n|turn|16\n|inactive|pok3monjake has 90 seconds left.\n|\n|t:|1700157608\n|switch|p2a: Great Tusk|Great Tusk|94\/100 brn\n|move|p1a: Kingambit|Iron Head|p2a: Great Tusk\n|-damage|p2a: Great Tusk|65\/100 brn\n|\n|-weather|Snow|[upkeep]\n|-heal|p2a: Great Tusk|71\/100 brn|[from] item: Leftovers\n|-heal|p1a: Kingambit|94\/100|[from] item: Leftovers\n|-damage|p2a: Great Tusk|65\/100 brn|[from] brn\n|upkeep\n|turn|17\n|\n|t:|1700157632\n|-end|p1a: Kingambit|fallen1|[silent]\n|switch|p1a: Slowking|Slowking-Galar, M|99\/100 brn\n|move|p2a: Great Tusk|Knock Off|p1a: Slowking\n|-supereffective|p1a: Slowking\n|-damage|p1a: Slowking|57\/100 brn\n|-enditem|p1a: Slowking|Heavy-Duty Boots|[from] move: Knock Off|[of] p2a: Great Tusk\n|\n|-weather|none\n|-heal|p2a: Great Tusk|71\/100 brn|[from] item: Leftovers\n|-damage|p2a: Great Tusk|65\/100 brn|[from] brn\n|-damage|p1a: Slowking|51\/100 brn|[from] brn\n|upkeep\n|turn|18\n|\n|t:|1700157637\n|switch|p1a: Ninetales|Ninetales-Alola, M|92\/100\n|-weather|Snow|[from] ability: Snow Warning|[of] p1a: Ninetales\n|move|p2a: Great Tusk|Earthquake|p1a: Ninetales\n|-damage|p1a: Ninetales|63\/100\n|\n|-weather|Snow|[upkeep]\n|-heal|p2a: Great Tusk|71\/100 brn|[from] item: Leftovers\n|-damage|p2a: Great Tusk|65\/100 brn|[from] brn\n|upkeep\n|turn|19\n|\n|t:|1700157654\n|switch|p1a: Kingambit|Kingambit, M, tera:Flying|94\/100\n|-activate|p1a: Kingambit|ability: Supreme Overlord\n|-start|p1a: Kingambit|fallen1|[silent]\n|-end|p2a: Great Tusk|Protosynthesis|[silent]\n|switch|p2a: Slowking|Slowking, M|58\/100\n|\n|-weather|Snow|[upkeep]\n|-heal|p1a: Kingambit|99\/100|[from] item: Leftovers\n|-heal|p2a: Slowking|64\/100|[from] item: Leftovers\n|upkeep\n|turn|20\n|\n|t:|1700157658\n|move|p1a: Kingambit|Kowtow Cleave|p2a: Slowking\n|-supereffective|p2a: Slowking\n|-damage|p2a: Slowking|0 fnt\n|faint|p2a: Slowking\n|\n|-weather|Snow|[upkeep]\n|-heal|p1a: Kingambit|100\/100|[from] item: Leftovers\n|upkeep\n|\n|t:|1700157666\n|switch|p2a: Samurott|Samurott-Hisui, M|100\/100\n|turn|21\n|inactive|pok3monjake has 90 seconds left.\n|inactive|pok3monjake has 60 seconds left.\n|\n|t:|1700157710\n|move|p2a: Samurott|Ceaseless Edge|p1a: Kingambit|[miss]\n|-miss|p2a: Samurott|p1a: Kingambit\n|move|p1a: Kingambit|Swords Dance|p1a: Kingambit\n|-boost|p1a: Kingambit|atk|2\n|\n|-weather|Snow|[upkeep]\n|upkeep\n|turn|22\n|\n|t:|1700157714\n|move|p2a: Samurott|Ceaseless Edge|p1a: Kingambit\n|-damage|p1a: Kingambit|69\/100\n|-sidestart|p1: pok3monjake|Spikes\n|move|p1a: Kingambit|Kowtow Cleave|p2a: Samurott\n|-resisted|p2a: Samurott\n|-damage|p2a: Samurott|24\/100\n|\n|-weather|none\n|-heal|p1a: Kingambit|75\/100|[from] item: Leftovers\n|upkeep\n|turn|23\n|\n|t:|1700157731\n|switch|p2a: Great Tusk|Great Tusk|65\/100 brn\n|move|p1a: Kingambit|Sucker Punch||[still]\n|-fail|p1a: Kingambit\n|\n|-heal|p2a: Great Tusk|71\/100 brn|[from] item: Leftovers\n|-heal|p1a: Kingambit|81\/100|[from] item: Leftovers\n|-damage|p2a: Great Tusk|65\/100 brn|[from] brn\n|upkeep\n|turn|24\n|\n|t:|1700157741\n|move|p2a: Great Tusk|Knock Off|p1a: Kingambit\n|-crit|p1a: Kingambit\n|-damage|p1a: Kingambit|59\/100\n|-enditem|p1a: Kingambit|Leftovers|[from] move: Knock Off|[of] p2a: Great Tusk\n|move|p1a: Kingambit|Iron Head|p2a: Great Tusk\n|-damage|p2a: Great Tusk|5\/100 brn\n|\n|-heal|p2a: Great Tusk|11\/100 brn|[from] item: Leftovers\n|-damage|p2a: Great Tusk|5\/100 brn|[from] brn\n|upkeep\n|turn|25\n|\n|t:|1700157759\n|move|p1a: Kingambit|Sucker Punch|p2a: Great Tusk\n|-resisted|p2a: Great Tusk\n|-damage|p2a: Great Tusk|0 fnt\n|faint|p2a: Great Tusk\n|-end|p2a: Great Tusk|Protosynthesis|[silent]\n|\n|upkeep\n|\n|t:|1700157765\n|switch|p2a: Scizor|Scizor, M|2\/100\n|turn|26\n|inactive|pok3monjake has 90 seconds left.\n|\n|t:|1700157776\n|-terastallize|p2a: Scizor|Steel\n|move|p2a: Scizor|Bullet Punch|p1a: Kingambit\n|-damage|p1a: Kingambit|23\/100\n|move|p1a: Kingambit|Kowtow Cleave|p2a: Scizor\n|-damage|p2a: Scizor|0 fnt\n|faint|p2a: Scizor\n|\n|upkeep\n|\n|t:|1700157781\n|switch|p2a: Samurott|Samurott-Hisui, M|24\/100\n|turn|27\n|\n|t:|1700157795\n|move|p2a: Samurott|Aqua Jet|p1a: Kingambit\n|-damage|p1a: Kingambit|7\/100\n|move|p1a: Kingambit|Sucker Punch||[still]\n|-fail|p1a: Kingambit\n|\n|upkeep\n|turn|28\n|\n|t:|1700157798\n|move|p2a: Samurott|Aqua Jet|p1a: Kingambit\n|-damage|p1a: Kingambit|0 fnt\n|faint|p1a: Kingambit\n|-end|p1a: Kingambit|fallen1|[silent]\n|\n|upkeep\n|\n|t:|1700157800\n|switch|p1a: Ninetales|Ninetales-Alola, M|63\/100\n|-damage|p1a: Ninetales|51\/100|[from] Spikes\n|-weather|Snow|[from] ability: Snow Warning|[of] p1a: Ninetales\n|turn|29\n|\n|t:|1700157805\n|move|p1a: Ninetales|Aurora Veil|p1a: Ninetales\n|-sidestart|p1: pok3monjake|move: Aurora Veil\n|move|p2a: Samurott|Aqua Cutter|p1a: Ninetales\n|-damage|p1a: Ninetales|28\/100\n|\n|-weather|Snow|[upkeep]\n|upkeep\n|turn|30\n|\n|t:|1700157812\n|move|p2a: Samurott|Aqua Jet|p1a: Ninetales\n|-damage|p1a: Ninetales|19\/100\n|move|p1a: Ninetales|Freeze-Dry|p2a: Samurott\n|-supereffective|p2a: Samurott\n|-crit|p2a: Samurott\n|-damage|p2a: Samurott|0 fnt\n|faint|p2a: Samurott\n|\n|-weather|Snow|[upkeep]\n|upkeep\n|\n|t:|1700157814\n|switch|p2a: Dragapult|Dragapult, M|4\/100\n|turn|31\n|\n|t:|1700157816\n|move|p2a: Dragapult|Hex|p1a: Ninetales\n|-damage|p1a: Ninetales|0 fnt\n|faint|p1a: Ninetales\n|\n|-weather|Snow|[upkeep]\n|upkeep\n|\n|t:|1700157819\n|switch|p1a: Slowking|Slowking-Galar, M|84\/100 brn\n|-damage|p1a: Slowking|72\/100 brn|[from] Spikes\n|turn|32\n|\n|t:|1700157821\n|move|p2a: Dragapult|Hex|p1a: Slowking\n|-supereffective|p1a: Slowking\n|-damage|p1a: Slowking|0 fnt\n|faint|p1a: Slowking\n|\n|-weather|Snow|[upkeep]\n|upkeep\n|\n|t:|1700157827\n|switch|p1a: Great Tusk|Great Tusk|22\/100\n|-damage|p1a: Great Tusk|10\/100|[from] Spikes\n|turn|33\n|\n|t:|1700157830\n|move|p2a: Dragapult|Hex|p1a: Great Tusk\n|-damage|p1a: Great Tusk|0 fnt\n|faint|p1a: Great Tusk\n|-end|p1a: Great Tusk|Protosynthesis|[silent]\n|\n|-weather|none\n|-sideend|p1: pok3monjake|move: Aurora Veil\n|upkeep\n|\n|t:|1700157831\n|switch|p1a: Cinderace|Cinderace, F|30\/100\n|turn|34\n|\n|t:|1700157833\n|move|p2a: Dragapult|Hex|p1a: Cinderace\n|-damage|p1a: Cinderace|0 fnt\n|faint|p1a: Cinderace\n|\n|win|Blurred Ace\n|raw|pok3monjake's rating: 1520 &rarr; <strong>1498<\/strong><br \/>(-22 for losing)\n|raw|Blurred Ace's rating: 1485 &rarr; <strong>1507<\/strong><br \/>(+22 for winning)\n|l|\u2606pok3monjake\n","uploadtime":1700157843,"views":7,"p1id":"pok3monjake","p2id":"blurredace","formatid":"gen9ou","rating":1498,"private":0,"password":""}