{"id":"gen9ou-1992933476","p1":"Xx_MomDestroyer_xX","p2":"Clemsoldaat","format":"[Gen 9] OU","log":"|j|\u2606Xx_MomDestroyer_xX\n|j|\u2606Clemsoldaat\n|t:|1700248083\n|gametype|singles\n|player|p1|Xx_MomDestroyer_xX|170|1015\n|player|p2|Clemsoldaat|unknown|1000\n|teamsize|p1|6\n|teamsize|p2|6\n|gen|9\n|tier|[Gen 9] OU\n|rated|\n|rule|Sleep Clause Mod: Limit one foe put to sleep\n|rule|Species Clause: Limit one of each Pok\u00e9mon\n|rule|OHKO Clause: OHKO moves are banned\n|rule|Evasion Items Clause: Evasion items are banned\n|rule|Evasion Moves Clause: Evasion moves are banned\n|rule|Endless Battle Clause: Forcing endless battles is banned\n|rule|HP Percentage Mod: HP is shown in percentages\n|clearpoke\n|poke|p1|Toxapex, M|\n|poke|p1|Cinderace, F|\n|poke|p1|Gholdengo|\n|poke|p1|Iron Valiant|\n|poke|p1|Thundurus-Therian, M|\n|poke|p1|Iron Moth|\n|poke|p2|Ogerpon-Cornerstone, F|\n|poke|p2|Gholdengo|\n|poke|p2|Garchomp, F|\n|poke|p2|Clefable, M|\n|poke|p2|Hatterene, F|\n|poke|p2|Spidops, F|\n|teampreview\n|inactive|Battle timer is ON: inactive players will automatically lose when time's up. (requested by Clemsoldaat)\n|inactive|Clemsoldaat has 120 seconds left.\n|\n|t:|1700248115\n|start\n|switch|p1a: Iron Valiant|Iron Valiant|100\/100\n|switch|p2a: Spidops|Spidops, F|100\/100\n|turn|1\n|\n|t:|1700248128\n|move|p1a: Iron Valiant|Knock Off|p2a: Spidops\n|-damage|p2a: Spidops|68\/100\n|-enditem|p2a: Spidops|Leftovers|[from] move: Knock Off|[of] p1a: Iron Valiant\n|move|p2a: Spidops|Sticky Web|p1a: Iron Valiant\n|-sidestart|p1: Xx_MomDestroyer_xX|move: Sticky Web\n|\n|upkeep\n|turn|2\n|\n|t:|1700248138\n|-end|p1a: Iron Valiant|Quark Drive|[silent]\n|switch|p1a: Cinderace|Cinderace, F|100\/100\n|move|p2a: Spidops|Leech Life|p1a: Cinderace\n|-resisted|p1a: Cinderace\n|-damage|p1a: Cinderace|70\/100\n|-heal|p2a: Spidops|83\/100|[from] drain|[of] p1a: Cinderace\n|\n|upkeep\n|turn|3\n|\n|t:|1700248146\n|move|p1a: Cinderace|Pyro Ball|p2a: Spidops\n|-supereffective|p2a: Spidops\n|-crit|p2a: Spidops\n|-damage|p2a: Spidops|0 fnt\n|faint|p2a: Spidops\n|\n|upkeep\n|\n|t:|1700248153\n|switch|p2a: Gholdengo|Gholdengo|100\/100\n|turn|4\n|\n|t:|1700248162\n|switch|p1a: Iron Valiant|Iron Valiant|100\/100\n|-activate|p1a: Iron Valiant|move: Sticky Web\n|-unboost|p1a: Iron Valiant|spe|1\n|move|p2a: Gholdengo|Thunder Wave|p1a: Iron Valiant\n|-status|p1a: Iron Valiant|par\n|\n|upkeep\n|turn|5\n|\n|t:|1700248176\n|move|p2a: Gholdengo|Shadow Ball|p1a: Iron Valiant\n|-damage|p1a: Iron Valiant|15\/100 par\n|cant|p1a: Iron Valiant|par\n|\n|upkeep\n|turn|6\n|inactive|Xx_MomDestroyer_xX has 120 seconds left.\n|\n|t:|1700248233\n|switch|p2a: Garchomp|Garchomp, F|100\/100\n|move|p1a: Iron Valiant|Trick|p2a: Garchomp\n|-activate|p1a: Iron Valiant|move: Trick|[of] p2a: Garchomp\n|-item|p2a: Garchomp|Choice Scarf|[from] move: Trick\n|-item|p1a: Iron Valiant|Leftovers|[from] move: Trick\n|\n|-heal|p1a: Iron Valiant|22\/100 par|[from] item: Leftovers\n|upkeep\n|turn|7\n|\n|t:|1700248240\n|move|p1a: Iron Valiant|Moonblast|p2a: Garchomp\n|-supereffective|p2a: Garchomp\n|-damage|p2a: Garchomp|18\/100\n|move|p2a: Garchomp|Dragon Tail|p1a: Iron Valiant\n|-immune|p1a: Iron Valiant\n|\n|-heal|p1a: Iron Valiant|28\/100 par|[from] item: Leftovers\n|upkeep\n|turn|8\n|inactive|Xx_MomDestroyer_xX has 90 seconds left.\n|\n|t:|1700248285\n|switch|p2a: Clefable|Clefable, M|100\/100\n|move|p1a: Iron Valiant|Close Combat|p2a: Clefable\n|-resisted|p2a: Clefable\n|-damage|p2a: Clefable|80\/100\n|-unboost|p1a: Iron Valiant|def|1\n|-unboost|p1a: Iron Valiant|spd|1\n|\n|-heal|p2a: Clefable|86\/100|[from] item: Leftovers\n|-heal|p1a: Iron Valiant|34\/100 par|[from] item: Leftovers\n|upkeep\n|turn|9\n|inactive|Xx_MomDestroyer_xX has 60 seconds left.\n|\n|t:|1700248335\n|move|p2a: Clefable|Knock Off|p1a: Iron Valiant\n|-resisted|p1a: Iron Valiant\n|-damage|p1a: Iron Valiant|26\/100 par\n|-enditem|p1a: Iron Valiant|Leftovers|[from] move: Knock Off|[of] p2a: Clefable\n|move|p1a: Iron Valiant|Knock Off|p2a: Clefable\n|-resisted|p2a: Clefable\n|-damage|p2a: Clefable|73\/100\n|-enditem|p2a: Clefable|Leftovers|[from] move: Knock Off|[of] p1a: Iron Valiant\n|\n|upkeep\n|turn|10\n|\n|t:|1700248344\n|move|p2a: Clefable|Wish|p2a: Clefable\n|move|p1a: Iron Valiant|Moonblast|p2a: Clefable\n|-damage|p2a: Clefable|27\/100\n|\n|upkeep\n|turn|11\n|\n|t:|1700248351\n|-end|p1a: Iron Valiant|Quark Drive|[silent]\n|switch|p1a: Cinderace|Cinderace, F|70\/100\n|move|p2a: Clefable|Knock Off|p1a: Cinderace\n|-damage|p1a: Cinderace|45\/100\n|-enditem|p1a: Cinderace|Heavy-Duty Boots|[from] move: Knock Off|[of] p2a: Clefable\n|\n|-heal|p2a: Clefable|77\/100|[from] move: Wish|[wisher] Clefable\n|upkeep\n|turn|12\n|\n|t:|1700248361\n|move|p1a: Cinderace|Court Change|p1a: Cinderace\n|-start|p1a: Cinderace|typechange|Normal|[from] ability: Libero\n|-swapsideconditions\n|-activate|p1a: Cinderace|move: Court Change\n|move|p2a: Clefable|Light Screen|p2a: Clefable\n|-sidestart|p2: Clemsoldaat|move: Light Screen\n|\n|upkeep\n|turn|13\n|inactive|Xx_MomDestroyer_xX has 60 seconds left.\n|\n|t:|1700248367\n|move|p1a: Cinderace|Taunt|p2a: Clefable\n|-start|p2a: Clefable|move: Taunt\n|cant|p2a: Clefable|move: Taunt|Wish\n|\n|upkeep\n|turn|14\n|\n|t:|1700248372\n|move|p1a: Cinderace|Pyro Ball|p2a: Clefable\n|-damage|p2a: Clefable|44\/100\n|move|p2a: Clefable|Knock Off|p1a: Cinderace\n|-damage|p1a: Cinderace|28\/100\n|\n|upkeep\n|turn|15\n|\n|t:|1700248377\n|move|p1a: Cinderace|U-turn|p2a: Clefable\n|-resisted|p2a: Clefable\n|-damage|p2a: Clefable|35\/100\n|\n|t:|1700248381\n|switch|p1a: Iron Moth|Iron Moth|100\/100|[from] U-turn\n|-enditem|p1a: Iron Moth|Booster Energy\n|-activate|p1a: Iron Moth|ability: Quark Drive|[fromitem]\n|-start|p1a: Iron Moth|quarkdrivespe\n|move|p2a: Clefable|Knock Off|p1a: Iron Moth\n|-damage|p1a: Iron Moth|83\/100\n|\n|-end|p2a: Clefable|move: Taunt\n|upkeep\n|turn|16\n|\n|t:|1700248396\n|move|p1a: Iron Moth|Fiery Dance|p2a: Clefable\n|-damage|p2a: Clefable|16\/100\n|-boost|p1a: Iron Moth|spa|1\n|move|p2a: Clefable|Wish|p2a: Clefable\n|\n|-sideend|p2: Clemsoldaat|move: Light Screen\n|upkeep\n|turn|17\n|inactive|Xx_MomDestroyer_xX has 90 seconds left.\n|\n|t:|1700248417\n|switch|p2a: Garchomp|Garchomp, F|18\/100\n|-activate|p2a: Garchomp|move: Sticky Web\n|-unboost|p2a: Garchomp|spe|1\n|move|p1a: Iron Moth|Fiery Dance|p2a: Garchomp\n|-resisted|p2a: Garchomp\n|-damage|p2a: Garchomp|0 fnt\n|-boost|p1a: Iron Moth|spa|1\n|faint|p2a: Garchomp\n|\n|upkeep\n|\n|t:|1700248426\n|switch|p2a: Ogerpon|Ogerpon-Cornerstone, F|100\/100\n|-activate|p2a: Ogerpon|move: Sticky Web\n|-unboost|p2a: Ogerpon|spe|1\n|turn|18\n|\n|t:|1700248436\n|-terastallize|p1a: Iron Moth|Fairy\n|move|p1a: Iron Moth|Fiery Dance|p2a: Ogerpon\n|-damage|p2a: Ogerpon|31\/100\n|-boost|p1a: Iron Moth|spa|1\n|move|p2a: Ogerpon|Grassy Terrain|p2a: Ogerpon\n|-fieldstart|move: Grassy Terrain\n|\n|-heal|p1a: Iron Moth|89\/100|[from] Grassy Terrain\n|-heal|p2a: Ogerpon|37\/100|[from] Grassy Terrain\n|upkeep\n|turn|19\n|inactive|Xx_MomDestroyer_xX has 90 seconds left.\n|\n|t:|1700248445\n|move|p1a: Iron Moth|Fiery Dance|p2a: Ogerpon\n|-damage|p2a: Ogerpon|0 fnt\n|-boost|p1a: Iron Moth|spa|1\n|faint|p2a: Ogerpon\n|\n|-heal|p1a: Iron Moth|95\/100|[from] Grassy Terrain\n|upkeep\n|\n|t:|1700248452\n|switch|p2a: Gholdengo|Gholdengo|100\/100\n|-activate|p2a: Gholdengo|move: Sticky Web\n|-unboost|p2a: Gholdengo|spe|1\n|turn|20\n|\n|t:|1700248458\n|move|p1a: Iron Moth|Fiery Dance|p2a: Gholdengo\n|-supereffective|p2a: Gholdengo\n|-damage|p2a: Gholdengo|0 fnt\n|-boost|p1a: Iron Moth|spa|1\n|faint|p2a: Gholdengo\n|\n|-heal|p1a: Iron Moth|100\/100|[from] Grassy Terrain\n|upkeep\n|-message|Clemsoldaat forfeited.\n|\n|win|Xx_MomDestroyer_xX\n|raw|Xx_MomDestroyer_xX's rating: 1015 &rarr; <strong>1051<\/strong><br \/>(+36 for winning)\n|raw|Clemsoldaat's rating: 1000 &rarr; <strong>1000<\/strong><br \/>(+0 for losing)\n|l|\u2606Clemsoldaat\n","uploadtime":1700248470,"views":10,"p1id":"xxmomdestroyerxx","p2id":"clemsoldaat","formatid":"gen9ou","rating":1000,"private":0,"password":""}