{"id":"gen9ou-1999692941","p1":"jazzcabbage2000","p2":"ijhgty","format":"[Gen 9] OU","log":"|j|\u2606jazzcabbage2000\n|j|\u2606ijhgty\n|t:|1701108352\n|gametype|singles\n|player|p1|jazzcabbage2000|caitlin|1291\n|player|p2|ijhgty|pokemaniac|1216\n|teamsize|p1|6\n|teamsize|p2|6\n|gen|9\n|tier|[Gen 9] OU\n|rated|\n|rule|Sleep Clause Mod: Limit one foe put to sleep\n|rule|Species Clause: Limit one of each Pok\u00e9mon\n|rule|OHKO Clause: OHKO moves are banned\n|rule|Evasion Items Clause: Evasion items are banned\n|rule|Evasion Moves Clause: Evasion moves are banned\n|rule|Endless Battle Clause: Forcing endless battles is banned\n|rule|HP Percentage Mod: HP is shown in percentages\n|clearpoke\n|poke|p1|Dragapult, F|\n|poke|p1|Ambipom, F|\n|poke|p1|Empoleon, M|\n|poke|p1|Kingambit, F|\n|poke|p1|Ribombee, M|\n|poke|p1|Conkeldurr, F|\n|poke|p2|Iron Moth|\n|poke|p2|Kommo-o, F|\n|poke|p2|Ninetales-Alola, F|\n|poke|p2|Hatterene, F|\n|poke|p2|Kingambit, M|\n|poke|p2|Great Tusk|\n|teampreview\n|\n|t:|1701108378\n|start\n|switch|p1a: Ambipom|Ambipom, F|100\/100\n|switch|p2a: Ninetales|Ninetales-Alola, F, shiny|100\/100\n|-weather|Snow|[from] ability: Snow Warning|[of] p2a: Ninetales\n|turn|1\n|inactive|Battle timer is ON: inactive players will automatically lose when time's up. (requested by ijhgty)\n|\n|t:|1701108387\n|move|p1a: Ambipom|Fake Out|p2a: Ninetales\n|-damage|p2a: Ninetales|72\/100\n|-damage|p1a: Ambipom|91\/100|[from] item: Life Orb\n|cant|p2a: Ninetales|flinch\n|\n|-weather|Snow|[upkeep]\n|upkeep\n|turn|2\n|\n|t:|1701108398\n|move|p1a: Ambipom|Double Hit|p2a: Ninetales\n|-damage|p2a: Ninetales|46\/100\n|-damage|p2a: Ninetales|20\/100\n|-hitcount|p2a: Ninetales|2\n|-damage|p1a: Ambipom|81\/100|[from] item: Life Orb\n|move|p2a: Ninetales|Aurora Veil|p2a: Ninetales\n|-sidestart|p2: ijhgty|move: Aurora Veil\n|\n|-weather|Snow|[upkeep]\n|upkeep\n|turn|3\n|\n|t:|1701108420\n|switch|p2a: Great Tusk|Great Tusk, shiny|100\/100\n|-enditem|p2a: Great Tusk|Booster Energy\n|-activate|p2a: Great Tusk|ability: Protosynthesis|[fromitem]\n|-start|p2a: Great Tusk|protosynthesisatk\n|move|p1a: Ambipom|Double Hit|p2a: Great Tusk\n|-damage|p2a: Great Tusk|90\/100\n|-damage|p2a: Great Tusk|79\/100\n|-hitcount|p2a: Great Tusk|2\n|-damage|p1a: Ambipom|71\/100|[from] item: Life Orb\n|\n|-weather|Snow|[upkeep]\n|upkeep\n|turn|4\n|\n|t:|1701108442\n|switch|p1a: Dragapult|Dragapult, F|100\/100\n|move|p2a: Great Tusk|Bulk Up|p2a: Great Tusk\n|-boost|p2a: Great Tusk|atk|1\n|-boost|p2a: Great Tusk|def|1\n|\n|-weather|Snow|[upkeep]\n|upkeep\n|turn|5\n|\n|t:|1701108458\n|move|p1a: Dragapult|Draco Meteor|p2a: Great Tusk\n|-damage|p2a: Great Tusk|0 fnt\n|-unboost|p1a: Dragapult|spa|2\n|faint|p2a: Great Tusk\n|-end|p2a: Great Tusk|Protosynthesis|[silent]\n|\n|-weather|none\n|upkeep\n|\n|t:|1701108473\n|switch|p2a: Iron Moth|Iron Moth, shiny|100\/100\n|-enditem|p2a: Iron Moth|Booster Energy\n|-activate|p2a: Iron Moth|ability: Quark Drive|[fromitem]\n|-start|p2a: Iron Moth|quarkdrivespe\n|turn|6\n|\n|t:|1701108489\n|switch|p1a: Empoleon|Empoleon, M|100\/100\n|move|p2a: Iron Moth|Dazzling Gleam|p1a: Empoleon\n|-resisted|p1a: Empoleon\n|-damage|p1a: Empoleon|92\/100\n|\n|upkeep\n|turn|7\n|\n|t:|1701108500\n|-end|p2a: Iron Moth|Quark Drive|[silent]\n|switch|p2a: Hatterene|Hatterene, F, shiny|100\/100\n|move|p1a: Empoleon|Surf|p2a: Hatterene\n|-damage|p2a: Hatterene|75\/100\n|\n|upkeep\n|turn|8\n|\n|t:|1701108508\n|move|p1a: Empoleon|Flash Cannon|p2a: Hatterene\n|-supereffective|p2a: Hatterene\n|-damage|p2a: Hatterene|29\/100\n|move|p2a: Hatterene|Nuzzle|p1a: Empoleon\n|-supereffective|p1a: Empoleon\n|-damage|p1a: Empoleon|85\/100\n|-status|p1a: Empoleon|par\n|\n|upkeep\n|turn|9\n|inactive|ijhgty has 120 seconds left.\n|\n|t:|1701108535\n|move|p2a: Hatterene|Mystical Fire|p1a: Empoleon\n|-damage|p1a: Empoleon|69\/100 par\n|-unboost|p1a: Empoleon|spa|1\n|-ability|p1a: Empoleon|Competitive|boost\n|-boost|p1a: Empoleon|spa|2\n|move|p1a: Empoleon|Flash Cannon|p2a: Hatterene\n|-supereffective|p2a: Hatterene\n|-damage|p2a: Hatterene|0 fnt\n|faint|p2a: Hatterene\n|\n|-sideend|p2: ijhgty|move: Aurora Veil\n|upkeep\n|inactive|ijhgty has 120 seconds left.\n|\n|t:|1701108558\n|switch|p2a: Ninetales|Ninetales-Alola, F, shiny|20\/100\n|-weather|Snow|[from] ability: Snow Warning|[of] p2a: Ninetales\n|turn|10\n|\n|t:|1701108564\n|move|p2a: Ninetales|Aurora Veil|p2a: Ninetales\n|-sidestart|p2: ijhgty|move: Aurora Veil\n|move|p1a: Empoleon|Flash Cannon|p2a: Ninetales\n|-supereffective|p2a: Ninetales\n|-damage|p2a: Ninetales|0 fnt\n|faint|p2a: Ninetales\n|\n|-weather|Snow|[upkeep]\n|upkeep\n|\n|t:|1701108571\n|switch|p2a: Kingambit|Kingambit, M, shiny|100\/100\n|-activate|p2a: Kingambit|ability: Supreme Overlord\n|-start|p2a: Kingambit|fallen3|[silent]\n|turn|11\n|\n|t:|1701108588\n|move|p2a: Kingambit|Low Kick|p1a: Empoleon\n|-supereffective|p1a: Empoleon\n|-damage|p1a: Empoleon|0 fnt\n|faint|p1a: Empoleon\n|\n|-weather|Snow|[upkeep]\n|upkeep\n|\n|t:|1701108595\n|switch|p1a: Ambipom|Ambipom, F|71\/100\n|turn|12\n|\n|t:|1701108604\n|-terastallize|p1a: Ambipom|Fighting\n|move|p1a: Ambipom|Low Kick|p2a: Kingambit\n|-supereffective|p2a: Kingambit\n|-damage|p2a: Kingambit|10\/100\n|-damage|p1a: Ambipom|61\/100|[from] item: Life Orb\n|move|p2a: Kingambit|Swords Dance|p2a: Kingambit\n|-boost|p2a: Kingambit|atk|2\n|\n|-weather|Snow|[upkeep]\n|-heal|p2a: Kingambit|16\/100|[from] item: Leftovers\n|upkeep\n|turn|13\n|\n|t:|1701108615\n|move|p2a: Kingambit|Sucker Punch|p1a: Ambipom\n|-resisted|p1a: Ambipom\n|-damage|p1a: Ambipom|0 fnt\n|faint|p1a: Ambipom\n|\n|-weather|Snow|[upkeep]\n|-heal|p2a: Kingambit|22\/100|[from] item: Leftovers\n|upkeep\n|\n|t:|1701108629\n|switch|p1a: Kingambit|Kingambit, F|100\/100\n|-activate|p1a: Kingambit|ability: Supreme Overlord\n|-start|p1a: Kingambit|fallen2|[silent]\n|turn|14\n|\n|t:|1701108640\n|move|p2a: Kingambit|Low Kick|p1a: Kingambit\n|-supereffective|p1a: Kingambit\n|-enditem|p1a: Kingambit|Focus Sash\n|-damage|p1a: Kingambit|1\/100\n|move|p1a: Kingambit|X-Scissor|p2a: Kingambit\n|-damage|p2a: Kingambit|7\/100\n|\n|-weather|none\n|-heal|p2a: Kingambit|14\/100|[from] item: Leftovers\n|upkeep\n|turn|15\n|\n|t:|1701108650\n|move|p2a: Kingambit|Sucker Punch|p1a: Kingambit\n|-resisted|p1a: Kingambit\n|-damage|p1a: Kingambit|0 fnt\n|faint|p1a: Kingambit\n|-end|p1a: Kingambit|fallen2|[silent]\n|\n|-heal|p2a: Kingambit|20\/100|[from] item: Leftovers\n|upkeep\n|\n|t:|1701108661\n|switch|p1a: Ribombee|Ribombee, M|100\/100\n|turn|16\n|\n|t:|1701108673\n|move|p2a: Kingambit|Sucker Punch|p1a: Ribombee\n|-resisted|p1a: Ribombee\n|-enditem|p1a: Ribombee|Focus Sash\n|-damage|p1a: Ribombee|1\/100\n|move|p1a: Ribombee|Moonblast|p2a: Kingambit\n|-damage|p2a: Kingambit|0 fnt\n|faint|p2a: Kingambit\n|-end|p2a: Kingambit|fallen3|[silent]\n|\n|upkeep\n|\n|t:|1701108694\n|switch|p2a: Iron Moth|Iron Moth, shiny|100\/100\n|turn|17\n|\n|t:|1701108711\n|move|p2a: Iron Moth|Sludge Wave|p1a: Ribombee\n|-supereffective|p1a: Ribombee\n|-damage|p1a: Ribombee|0 fnt\n|faint|p1a: Ribombee\n|\n|-sideend|p2: ijhgty|move: Aurora Veil\n|upkeep\n|inactive|jazzcabbage2000 has 120 seconds left.\n|\n|t:|1701108738\n|switch|p1a: Conkeldurr|Conkeldurr, F|100\/100\n|turn|18\n|\n|t:|1701108744\n|move|p2a: Iron Moth|Dazzling Gleam|p1a: Conkeldurr\n|-supereffective|p1a: Conkeldurr\n|-damage|p1a: Conkeldurr|41\/100\n|move|p1a: Conkeldurr|High Horsepower|p2a: Iron Moth\n|-supereffective|p2a: Iron Moth\n|-damage|p2a: Iron Moth|0 fnt\n|faint|p2a: Iron Moth\n|-end|p2a: Iron Moth|Quark Drive|[silent]\n|\n|-status|p1a: Conkeldurr|brn|[from] item: Flame Orb\n|upkeep\n|\n|t:|1701108755\n|switch|p2a: Kommo-o|Kommo-o, F, shiny|100\/100\n|turn|19\n|\n|t:|1701108766\n|-terastallize|p2a: Kommo-o|Normal\n|move|p2a: Kommo-o|Clangorous Soul|p2a: Kommo-o\n|-boost|p2a: Kommo-o|atk|1\n|-boost|p2a: Kommo-o|def|1\n|-boost|p2a: Kommo-o|spa|1\n|-boost|p2a: Kommo-o|spd|1\n|-boost|p2a: Kommo-o|spe|1\n|-damage|p2a: Kommo-o|68\/100\n|-enditem|p2a: Kommo-o|Throat Spray\n|-boost|p2a: Kommo-o|spa|1|[from] item: Throat Spray\n|move|p1a: Conkeldurr|Facade|p2a: Kommo-o\n|-damage|p2a: Kommo-o|14\/100\n|\n|-damage|p1a: Conkeldurr|35\/100 brn|[from] brn\n|upkeep\n|turn|20\n|\n|t:|1701108786\n|move|p1a: Conkeldurr|Mach Punch|p2a: Kommo-o\n|-supereffective|p2a: Kommo-o\n|-damage|p2a: Kommo-o|0 fnt\n|faint|p2a: Kommo-o\n|\n|win|jazzcabbage2000\n|raw|jazzcabbage2000's rating: 1291 &rarr; <strong>1311<\/strong><br \/>(+20 for winning)\n|raw|ijhgty's rating: 1216 &rarr; <strong>1196<\/strong><br \/>(-20 for losing)\n|c|\u2606jazzcabbage2000|gg\n","uploadtime":1701108793,"views":2,"p1id":"jazzcabbage2000","p2id":"ijhgty","formatid":"gen9ou","rating":1196,"private":0,"password":""}