{"id":"gen9ou-1989655800","p1":"Panchoaa","p2":"Gen23GOD","format":"[Gen 9] OU","log":"|j|\u2606Panchoaa\n|j|\u203dGen23GOD\n|t:|1699883793\n|gametype|singles\n|player|p1|Panchoaa|pokemonrangerf-gen4|1435\n|player|p2|Gen23GOD|1|1390\n|teamsize|p1|6\n|teamsize|p2|6\n|gen|9\n|tier|[Gen 9] OU\n|rated|\n|rule|Sleep Clause Mod: Limit one foe put to sleep\n|rule|Species Clause: Limit one of each Pok\u00e9mon\n|rule|OHKO Clause: OHKO moves are banned\n|rule|Evasion Items Clause: Evasion items are banned\n|rule|Evasion Moves Clause: Evasion moves are banned\n|rule|Endless Battle Clause: Forcing endless battles is banned\n|rule|HP Percentage Mod: HP is shown in percentages\n|clearpoke\n|poke|p1|Breloom, F|\n|poke|p1|Ninetales-Alola, F|\n|poke|p1|Ambipom, F|\n|poke|p1|Kingambit, M|\n|poke|p1|Heatran, M|\n|poke|p1|Ursaluna, F|\n|poke|p2|Sandaconda, F|\n|poke|p2|Iron Treads|\n|poke|p2|Tyranitar, M|\n|poke|p2|Garganacl, F|\n|poke|p2|Ogerpon-Cornerstone, F|\n|poke|p2|Diancie|\n|teampreview\n|inactive|Battle timer is ON: inactive players will automatically lose when time's up. (requested by Panchoaa)\n|\n|t:|1699883807\n|start\n|switch|p1a: Breloom|Breloom, F|100\/100\n|switch|p2a: Iron Treads|Iron Treads|100\/100\n|-enditem|p2a: Iron Treads|Booster Energy\n|-activate|p2a: Iron Treads|ability: Quark Drive|[fromitem]\n|-start|p2a: Iron Treads|quarkdrivespe\n|turn|1\n|\n|t:|1699883823\n|move|p2a: Iron Treads|Stealth Rock|p1a: Breloom\n|-sidestart|p1: Panchoaa|move: Stealth Rock\n|move|p1a: Breloom|Substitute|p1a: Breloom\n|-start|p1a: Breloom|Substitute\n|-damage|p1a: Breloom|75\/100\n|\n|-status|p1a: Breloom|tox|[from] item: Toxic Orb\n|upkeep\n|turn|2\n|\n|t:|1699883835\n|-singleturn|p1a: Breloom|move: Focus Punch\n|move|p2a: Iron Treads|Earth Power|p1a: Breloom\n|-resisted|p1a: Breloom\n|-activate|p1a: Breloom|move: Substitute|[damage]\n|move|p1a: Breloom|Focus Punch|p2a: Iron Treads\n|-supereffective|p2a: Iron Treads\n|-damage|p2a: Iron Treads|0 fnt\n|faint|p2a: Iron Treads\n|-end|p2a: Iron Treads|Quark Drive|[silent]\n|\n|-heal|p1a: Breloom|88\/100 tox|[from] ability: Poison Heal\n|upkeep\n|inactive|Gen23GOD has 120 seconds left.\n|\n|t:|1699883869\n|switch|p2a: Diancie|Diancie|100\/100\n|turn|3\n|\n|t:|1699883877\n|-singleturn|p1a: Breloom|move: Focus Punch\n|move|p2a: Diancie|Iron Defense|p2a: Diancie\n|-boost|p2a: Diancie|def|2\n|move|p1a: Breloom|Focus Punch|p2a: Diancie\n|-crit|p2a: Diancie\n|-damage|p2a: Diancie|5\/100\n|\n|-heal|p2a: Diancie|12\/100|[from] item: Leftovers\n|-heal|p1a: Breloom|99\/100 tox|[from] ability: Poison Heal\n|upkeep\n|turn|4\n|\n|t:|1699883889\n|move|p1a: Breloom|Mach Punch|p2a: Diancie\n|-damage|p2a: Diancie|3\/100\n|move|p2a: Diancie|Draining Kiss|p1a: Breloom\n|-supereffective|p1a: Breloom\n|-end|p1a: Breloom|Substitute\n|-heal|p2a: Diancie|4\/100|[from] drain|[of] p1a: Breloom\n|\n|-heal|p2a: Diancie|10\/100|[from] item: Leftovers\n|-heal|p1a: Breloom|100\/100 tox|[from] ability: Poison Heal\n|upkeep\n|turn|5\n|\n|t:|1699883894\n|move|p1a: Breloom|Seed Bomb|p2a: Diancie\n|-supereffective|p2a: Diancie\n|-damage|p2a: Diancie|0 fnt\n|faint|p2a: Diancie\n|\n|upkeep\n|\n|t:|1699883911\n|switch|p2a: Sandaconda|Sandaconda, F|100\/100\n|turn|6\n|\n|t:|1699883931\n|-terastallize|p2a: Sandaconda|Dragon\n|move|p2a: Sandaconda|Coil|p2a: Sandaconda\n|-boost|p2a: Sandaconda|atk|1\n|-boost|p2a: Sandaconda|def|1\n|-boost|p2a: Sandaconda|accuracy|1\n|move|p1a: Breloom|Substitute|p1a: Breloom\n|-start|p1a: Breloom|Substitute\n|-damage|p1a: Breloom|75\/100 tox\n|\n|-heal|p1a: Breloom|88\/100 tox|[from] ability: Poison Heal\n|upkeep\n|turn|7\n|\n|t:|1699883939\n|-singleturn|p1a: Breloom|move: Focus Punch\n|move|p2a: Sandaconda|Coil|p2a: Sandaconda\n|-boost|p2a: Sandaconda|atk|1\n|-boost|p2a: Sandaconda|def|1\n|-boost|p2a: Sandaconda|accuracy|1\n|move|p1a: Breloom|Focus Punch|p2a: Sandaconda\n|-damage|p2a: Sandaconda|66\/100\n|-weather|Sandstorm|[from] ability: Sand Spit|[of] p2a: Sandaconda\n|\n|-weather|Sandstorm|[upkeep]\n|-damage|p2a: Sandaconda|60\/100|[from] Sandstorm\n|-damage|p1a: Breloom|82\/100 tox|[from] Sandstorm\n|-heal|p2a: Sandaconda|66\/100|[from] item: Leftovers\n|-heal|p1a: Breloom|94\/100 tox|[from] ability: Poison Heal\n|upkeep\n|turn|8\n|\n|t:|1699883958\n|-singleturn|p1a: Breloom|move: Focus Punch\n|move|p2a: Sandaconda|Scale Shot|p1a: Breloom\n|-end|p1a: Breloom|Substitute\n|-crit|p1a: Breloom\n|-damage|p1a: Breloom|48\/100 tox\n|-hitcount|p1a: Breloom|2\n|-unboost|p2a: Sandaconda|def|1\n|-boost|p2a: Sandaconda|spe|1\n|cant|p1a: Breloom|Focus Punch|Focus Punch\n|\n|-weather|Sandstorm|[upkeep]\n|-damage|p2a: Sandaconda|60\/100|[from] Sandstorm\n|-damage|p1a: Breloom|42\/100 tox|[from] Sandstorm\n|-heal|p2a: Sandaconda|66\/100|[from] item: Leftovers\n|-heal|p1a: Breloom|55\/100 tox|[from] ability: Poison Heal\n|upkeep\n|turn|9\n|inactive|Panchoaa has 120 seconds left.\n|\n|t:|1699883990\n|switch|p1a: Ninetales|Ninetales-Alola, F|100\/100\n|-damage|p1a: Ninetales|76\/100|[from] Stealth Rock\n|-weather|Snow|[from] ability: Snow Warning|[of] p1a: Ninetales\n|move|p2a: Sandaconda|Scale Shot|p1a: Ninetales\n|-immune|p1a: Ninetales\n|\n|-weather|Snow|[upkeep]\n|-heal|p2a: Sandaconda|72\/100|[from] item: Leftovers\n|upkeep\n|turn|10\n|inactive|Panchoaa has 120 seconds left.\n|\n|t:|1699884012\n|switch|p2a: Tyranitar|Tyranitar, M|100\/100\n|-weather|Sandstorm|[from] ability: Sand Stream|[of] p2a: Tyranitar\n|move|p1a: Ninetales|Aurora Veil||[still]\n|-fail|p1a: Ninetales\n|\n|-weather|Sandstorm|[upkeep]\n|-damage|p1a: Ninetales|70\/100|[from] Sandstorm\n|upkeep\n|turn|11\n|\n|t:|1699884024\n|switch|p1a: Ursaluna|Ursaluna, F|100\/100\n|-damage|p1a: Ursaluna|94\/100|[from] Stealth Rock\n|move|p2a: Tyranitar|Knock Off|p1a: Ursaluna\n|-damage|p1a: Ursaluna|64\/100\n|-enditem|p1a: Ursaluna|Leftovers|[from] move: Knock Off|[of] p2a: Tyranitar\n|\n|-weather|Sandstorm|[upkeep]\n|upkeep\n|turn|12\n|\n|t:|1699884037\n|move|p2a: Tyranitar|Ice Beam|p1a: Ursaluna\n|-supereffective|p1a: Ursaluna\n|-damage|p1a: Ursaluna|25\/100\n|move|p1a: Ursaluna|Headlong Rush|p2a: Tyranitar\n|-supereffective|p2a: Tyranitar\n|-damage|p2a: Tyranitar|0 fnt\n|-unboost|p1a: Ursaluna|def|1\n|-unboost|p1a: Ursaluna|spd|1\n|faint|p2a: Tyranitar\n|\n|-weather|Sandstorm|[upkeep]\n|upkeep\n|\n|t:|1699884049\n|switch|p2a: Ogerpon|Ogerpon-Cornerstone, F|100\/100\n|turn|13\n|\n|t:|1699884061\n|move|p2a: Ogerpon|Horn Leech|p1a: Ursaluna\n|-supereffective|p1a: Ursaluna\n|-crit|p1a: Ursaluna\n|-damage|p1a: Ursaluna|0 fnt\n|faint|p1a: Ursaluna\n|\n|-weather|Sandstorm|[upkeep]\n|upkeep\n|\n|t:|1699884078\n|switch|p1a: Heatran|Heatran, M|100\/100\n|turn|14\n|\n|t:|1699884089\n|move|p2a: Ogerpon|Low Kick|p1a: Heatran\n|-supereffective|p1a: Heatran\n|-damage|p1a: Heatran|15\/100\n|move|p1a: Heatran|Magma Storm|p2a: Ogerpon\n|-damage|p2a: Ogerpon|53\/100\n|-activate|p2a: Ogerpon|move: Magma Storm|[of] p1a: Heatran\n|\n|-weather|Sandstorm|[upkeep]\n|-damage|p2a: Ogerpon|40\/100|[from] move: Magma Storm|[partiallytrapped]\n|upkeep\n|turn|15\n|\n|t:|1699884105\n|switch|p1a: Breloom|Breloom, F|55\/100 tox\n|-damage|p1a: Breloom|48\/100 tox|[from] Stealth Rock\n|move|p2a: Ogerpon|Ivy Cudgel|p1a: Breloom\n|-resisted|p1a: Breloom\n|-damage|p1a: Breloom|11\/100 tox\n|\n|-weather|Sandstorm|[upkeep]\n|-damage|p1a: Breloom|5\/100 tox|[from] Sandstorm\n|-heal|p1a: Breloom|17\/100 tox|[from] ability: Poison Heal\n|-end|p2a: Ogerpon|Magma Storm|[partiallytrapped]|[silent]\n|upkeep\n|turn|16\n|inactive|Panchoaa has 90 seconds left.\n|\n|t:|1699884121\n|switch|p2a: Sandaconda|Sandaconda, F, tera:Dragon|72\/100\n|move|p1a: Breloom|Mach Punch|p2a: Sandaconda\n|-damage|p2a: Sandaconda|54\/100\n|\n|-weather|Sandstorm|[upkeep]\n|-damage|p2a: Sandaconda|47\/100|[from] Sandstorm\n|-damage|p1a: Breloom|11\/100 tox|[from] Sandstorm\n|-heal|p2a: Sandaconda|54\/100|[from] item: Leftovers\n|-heal|p1a: Breloom|24\/100 tox|[from] ability: Poison Heal\n|upkeep\n|turn|17\n|inactive|Panchoaa has 90 seconds left.\n|\n|t:|1699884147\n|switch|p1a: Heatran|Heatran, M|15\/100\n|move|p2a: Sandaconda|Scale Shot|p1a: Heatran\n|-resisted|p1a: Heatran\n|-damage|p1a: Heatran|10\/100\n|-resisted|p1a: Heatran\n|-damage|p1a: Heatran|5\/100\n|-hitcount|p1a: Heatran|2\n|-unboost|p2a: Sandaconda|def|1\n|-boost|p2a: Sandaconda|spe|1\n|\n|-weather|none\n|-heal|p2a: Sandaconda|60\/100|[from] item: Leftovers\n|upkeep\n|turn|18\n|\n|t:|1699884157\n|move|p2a: Sandaconda|Earthquake|p1a: Heatran\n|-supereffective|p1a: Heatran\n|-damage|p1a: Heatran|0 fnt\n|faint|p1a: Heatran\n|\n|-heal|p2a: Sandaconda|66\/100|[from] item: Leftovers\n|upkeep\n|\n|t:|1699884162\n|switch|p1a: Ninetales|Ninetales-Alola, F|70\/100\n|-damage|p1a: Ninetales|45\/100|[from] Stealth Rock\n|-weather|Snow|[from] ability: Snow Warning|[of] p1a: Ninetales\n|turn|19\n|\n|t:|1699884189\n|move|p1a: Ninetales|Aurora Veil|p1a: Ninetales\n|-sidestart|p1: Panchoaa|move: Aurora Veil\n|move|p2a: Sandaconda|Glare|p1a: Ninetales\n|-status|p1a: Ninetales|par\n|\n|-weather|Snow|[upkeep]\n|-heal|p2a: Sandaconda|72\/100|[from] item: Leftovers\n|upkeep\n|turn|20\n|inactive|Panchoaa has 90 seconds left.\n|\n|t:|1699884204\n|switch|p2a: Garganacl|Garganacl, F|100\/100\n|move|p1a: Ninetales|Encore||[still]\n|-fail|p1a: Ninetales\n|\n|-weather|Snow|[upkeep]\n|upkeep\n|turn|21\n|inactive|Panchoaa has 90 seconds left.\n|\n|t:|1699884214\n|switch|p1a: Breloom|Breloom, F|24\/100 tox\n|-damage|p1a: Breloom|17\/100 tox|[from] Stealth Rock\n|move|p2a: Garganacl|Curse|p2a: Garganacl\n|-unboost|p2a: Garganacl|spe|1\n|-boost|p2a: Garganacl|atk|1\n|-boost|p2a: Garganacl|def|1\n|\n|-weather|Snow|[upkeep]\n|-heal|p1a: Breloom|30\/100 tox|[from] ability: Poison Heal\n|upkeep\n|turn|22\n|\n|t:|1699884220\n|move|p1a: Breloom|Substitute|p1a: Breloom\n|-start|p1a: Breloom|Substitute\n|-damage|p1a: Breloom|5\/100 tox\n|move|p2a: Garganacl|Curse|p2a: Garganacl\n|-unboost|p2a: Garganacl|spe|1\n|-boost|p2a: Garganacl|atk|1\n|-boost|p2a: Garganacl|def|1\n|\n|-weather|Snow|[upkeep]\n|-heal|p1a: Breloom|17\/100 tox|[from] ability: Poison Heal\n|upkeep\n|turn|23\n|\n|t:|1699884227\n|-singleturn|p1a: Breloom|move: Focus Punch\n|move|p2a: Garganacl|Curse|p2a: Garganacl\n|-unboost|p2a: Garganacl|spe|1\n|-boost|p2a: Garganacl|atk|1\n|-boost|p2a: Garganacl|def|1\n|move|p1a: Breloom|Focus Punch|p2a: Garganacl\n|-supereffective|p2a: Garganacl\n|-damage|p2a: Garganacl|65\/100\n|\n|-weather|none\n|-heal|p2a: Garganacl|71\/100|[from] item: Leftovers\n|-heal|p1a: Breloom|30\/100 tox|[from] ability: Poison Heal\n|upkeep\n|turn|24\n|\n|t:|1699884238\n|-singleturn|p1a: Breloom|move: Focus Punch\n|move|p2a: Garganacl|Recover|p2a: Garganacl\n|-heal|p2a: Garganacl|100\/100\n|move|p1a: Breloom|Focus Punch|p2a: Garganacl\n|-supereffective|p2a: Garganacl\n|-damage|p2a: Garganacl|63\/100\n|\n|-heal|p2a: Garganacl|70\/100|[from] item: Leftovers\n|-heal|p1a: Breloom|42\/100 tox|[from] ability: Poison Heal\n|upkeep\n|turn|25\n|\n|t:|1699884245\n|-singleturn|p1a: Breloom|move: Focus Punch\n|move|p2a: Garganacl|Recover|p2a: Garganacl\n|-heal|p2a: Garganacl|100\/100\n|move|p1a: Breloom|Focus Punch|p2a: Garganacl\n|-supereffective|p2a: Garganacl\n|-damage|p2a: Garganacl|66\/100\n|\n|-heal|p2a: Garganacl|73\/100|[from] item: Leftovers\n|-heal|p1a: Breloom|54\/100 tox|[from] ability: Poison Heal\n|upkeep\n|turn|26\n|\n|t:|1699884256\n|-singleturn|p1a: Breloom|move: Focus Punch\n|move|p2a: Garganacl|Earthquake|p1a: Breloom\n|-resisted|p1a: Breloom\n|-activate|p1a: Breloom|move: Substitute|[damage]\n|move|p1a: Breloom|Focus Punch|p2a: Garganacl\n|-supereffective|p2a: Garganacl\n|-crit|p2a: Garganacl\n|-damage|p2a: Garganacl|0 fnt\n|faint|p2a: Garganacl\n|\n|-heal|p1a: Breloom|67\/100 tox|[from] ability: Poison Heal\n|-sideend|p1: Panchoaa|move: Aurora Veil\n|upkeep\n|\n|t:|1699884267\n|switch|p2a: Sandaconda|Sandaconda, F, tera:Dragon|72\/100\n|turn|27\n|inactive|Panchoaa has 120 seconds left.\n|\n|t:|1699884277\n|switch|p1a: Ninetales|Ninetales-Alola, F|45\/100 par\n|-damage|p1a: Ninetales|20\/100 par|[from] Stealth Rock\n|-weather|Snow|[from] ability: Snow Warning|[of] p1a: Ninetales\n|move|p2a: Sandaconda|Scale Shot|p1a: Ninetales\n|-immune|p1a: Ninetales\n|\n|-weather|Snow|[upkeep]\n|-heal|p2a: Sandaconda|78\/100|[from] item: Leftovers\n|upkeep\n|turn|28\n|inactive|Panchoaa has 120 seconds left.\n|\n|t:|1699884297\n|move|p2a: Sandaconda|Earthquake|p1a: Ninetales\n|-damage|p1a: Ninetales|0 fnt\n|faint|p1a: Ninetales\n|\n|-weather|Snow|[upkeep]\n|-heal|p2a: Sandaconda|84\/100|[from] item: Leftovers\n|upkeep\n|inactive|Panchoaa has 90 seconds left.\n|inactive|Panchoaa has 60 seconds left.\n|c|\u2606Panchoaa|How do fast?\n|\n|t:|1699884367\n|switch|p1a: Breloom|Breloom, F|67\/100 tox\n|-damage|p1a: Breloom|60\/100 tox|[from] Stealth Rock\n|turn|29\n|inactive|Panchoaa has 60 seconds left.\n|\n|t:|1699884383\n|move|p2a: Sandaconda|Coil|p2a: Sandaconda\n|-boost|p2a: Sandaconda|atk|1\n|-boost|p2a: Sandaconda|def|1\n|-boost|p2a: Sandaconda|accuracy|1\n|move|p1a: Breloom|Substitute|p1a: Breloom\n|-start|p1a: Breloom|Substitute\n|-damage|p1a: Breloom|35\/100 tox\n|\n|-weather|Snow|[upkeep]\n|-heal|p2a: Sandaconda|90\/100|[from] item: Leftovers\n|-heal|p1a: Breloom|48\/100 tox|[from] ability: Poison Heal\n|upkeep\n|turn|30\n|\n|t:|1699884388\n|-singleturn|p1a: Breloom|move: Focus Punch\n|move|p2a: Sandaconda|Scale Shot|p1a: Breloom\n|-activate|p1a: Breloom|move: Substitute|[damage]\n|-end|p1a: Breloom|Substitute\n|-damage|p1a: Breloom|22\/100 tox\n|-damage|p1a: Breloom|0 fnt\n|faint|p1a: Breloom\n|-hitcount|p1: Breloom|4\n|-unboost|p2a: Sandaconda|def|1\n|-boost|p2a: Sandaconda|spe|1\n|\n|-weather|Snow|[upkeep]\n|-heal|p2a: Sandaconda|97\/100|[from] item: Leftovers\n|upkeep\n|inactive|Panchoaa has 60 seconds left.\n|\n|t:|1699884402\n|switch|p1a: Ambipom|Ambipom, F|100\/100\n|-damage|p1a: Ambipom|88\/100|[from] Stealth Rock\n|turn|31\n|inactive|Panchoaa has 60 seconds left.\n|\n|t:|1699884421\n|-terastallize|p1a: Ambipom|Normal\n|move|p1a: Ambipom|Double Hit|p2a: Sandaconda\n|-damage|p2a: Sandaconda|55\/100\n|-weather|Sandstorm|[from] ability: Sand Spit|[of] p2a: Sandaconda\n|-damage|p2a: Sandaconda|16\/100\n|-hitcount|p2a: Sandaconda|2\n|move|p2a: Sandaconda|Scale Shot|p1a: Ambipom\n|-damage|p1a: Ambipom|58\/100\n|-crit|p1a: Ambipom\n|-damage|p1a: Ambipom|9\/100\n|-hitcount|p1a: Ambipom|2\n|-unboost|p2a: Sandaconda|def|1\n|-boost|p2a: Sandaconda|spe|1\n|\n|-weather|Sandstorm|[upkeep]\n|-damage|p2a: Sandaconda|9\/100|[from] Sandstorm\n|-damage|p1a: Ambipom|3\/100|[from] Sandstorm\n|-heal|p2a: Sandaconda|16\/100|[from] item: Leftovers\n|upkeep\n|turn|32\n|\n|t:|1699884438\n|move|p2a: Sandaconda|Earthquake|p1a: Ambipom\n|-damage|p1a: Ambipom|0 fnt\n|faint|p1a: Ambipom\n|\n|-weather|Sandstorm|[upkeep]\n|-damage|p2a: Sandaconda|9\/100|[from] Sandstorm\n|-heal|p2a: Sandaconda|16\/100|[from] item: Leftovers\n|upkeep\n|\n|t:|1699884446\n|switch|p1a: Kingambit|Kingambit, M|100\/100\n|-damage|p1a: Kingambit|94\/100|[from] Stealth Rock\n|-activate|p1a: Kingambit|ability: Supreme Overlord\n|-start|p1a: Kingambit|fallen5|[silent]\n|turn|33\n|\n|t:|1699884461\n|move|p2a: Sandaconda|Glare|p1a: Kingambit\n|-status|p1a: Kingambit|par\n|move|p1a: Kingambit|Kowtow Cleave|p2a: Sandaconda\n|-damage|p2a: Sandaconda|0 fnt\n|faint|p2a: Sandaconda\n|\n|-weather|Sandstorm|[upkeep]\n|upkeep\n|\n|t:|1699884465\n|switch|p2a: Ogerpon|Ogerpon-Cornerstone, F|40\/100\n|turn|34\n|inactive|Panchoaa has 60 seconds left.\n|\n|t:|1699884472\n|move|p1a: Kingambit|Sucker Punch|p2a: Ogerpon\n|-damage|p2a: Ogerpon|0 fnt\n|faint|p2a: Ogerpon\n|\n|win|Panchoaa\n|raw|Panchoaa's rating: 1435 &rarr; <strong>1451<\/strong><br \/>(+16 for winning)\n|raw|Gen23GOD's rating: 1368 &rarr; <strong>1352<\/strong><br \/>(-16 for losing)\n|l|\u203dGen23GOD\n|l|\u2606Panchoaa\n|j|\u2606Panchoaa\n|player|p1|Panchoaa|pokemonrangerf-gen4\n|l|\u2606Panchoaa\n|player|p1|\n|j|\u2606Panchoaa\n|player|p1|Panchoaa|pokemonrangerf-gen4\n","uploadtime":1699885515,"views":37,"p1id":"panchoaa","p2id":"gen23god","formatid":"gen9ou","rating":1352,"private":0,"password":""}