{"id":"gen9ou-1998000129","p1":"bruhfam68","p2":"testset_2023","format":"[Gen 9] OU","log":"|j|\u2606bruhfam68\n|j|\u2606testset_2023\n|t:|1700877303\n|gametype|singles\n|player|p1|bruhfam68|gardenia|1344\n|player|p2|testset_2023|bellelba|1322\n|teamsize|p1|6\n|teamsize|p2|6\n|gen|9\n|tier|[Gen 9] OU\n|rated|\n|rule|Sleep Clause Mod: Limit one foe put to sleep\n|rule|Species Clause: Limit one of each Pok\u00e9mon\n|rule|OHKO Clause: OHKO moves are banned\n|rule|Evasion Items Clause: Evasion items are banned\n|rule|Evasion Moves Clause: Evasion moves are banned\n|rule|Endless Battle Clause: Forcing endless battles is banned\n|rule|HP Percentage Mod: HP is shown in percentages\n|clearpoke\n|poke|p1|Great Tusk|\n|poke|p1|Torkoal, F|\n|poke|p1|Iron Moth|\n|poke|p1|Samurott-Hisui, M|\n|poke|p1|Dragonite, F|\n|poke|p1|Sinistcha|\n|poke|p2|Tyranitar, M|\n|poke|p2|Kingambit, M|\n|poke|p2|Glimmora, M|\n|poke|p2|Gholdengo|\n|poke|p2|Rillaboom, F|\n|poke|p2|Enamorus, F|\n|teampreview\n|inactive|Battle timer is ON: inactive players will automatically lose when time's up. (requested by bruhfam68)\n|\n|t:|1700877311\n|start\n|switch|p1a: Samurott|Samurott-Hisui, M|100\/100\n|switch|p2a: Glimmora|Glimmora, M|100\/100\n|-item|p2a: Glimmora|Air Balloon\n|turn|1\n|\n|t:|1700877323\n|switch|p2a: Rillacoom|Rillaboom, F|100\/100\n|-fieldstart|move: Grassy Terrain|[from] ability: Grassy Surge|[of] p2a: Rillacoom\n|move|p1a: Samurott|Ceaseless Edge|p2a: Rillacoom\n|-damage|p2a: Rillacoom|54\/100\n|-sidestart|p2: testset_2023|Spikes\n|\n|-heal|p2a: Rillacoom|60\/100|[from] Grassy Terrain\n|upkeep\n|turn|2\n|\n|t:|1700877335\n|switch|p1a: Sinistcha|Sinistcha|100\/100\n|move|p2a: Rillacoom|Grassy Glide|p1a: Sinistcha\n|-resisted|p1a: Sinistcha\n|-damage|p1a: Sinistcha|79\/100\n|\n|-heal|p2a: Rillacoom|66\/100|[from] Grassy Terrain\n|-heal|p1a: Sinistcha|85\/100|[from] Grassy Terrain\n|-heal|p1a: Sinistcha|92\/100|[from] item: Leftovers\n|upkeep\n|turn|3\n|\n|t:|1700877342\n|switch|p2a: The GOAT|Tyranitar, M|100\/100\n|-damage|p2a: The GOAT|88\/100|[from] Spikes\n|-weather|Sandstorm|[from] ability: Sand Stream|[of] p2a: The GOAT\n|move|p1a: Sinistcha|Matcha Gotcha|p2a: The GOAT\n|-supereffective|p2a: The GOAT\n|-damage|p2a: The GOAT|44\/100\n|-heal|p1a: Sinistcha|100\/100|[from] drain|[of] p2a: The GOAT\n|\n|-weather|Sandstorm|[upkeep]\n|-damage|p1a: Sinistcha|94\/100|[from] Sandstorm\n|-heal|p1a: Sinistcha|100\/100|[from] Grassy Terrain\n|-heal|p2a: The GOAT|50\/100|[from] Grassy Terrain\n|-heal|p2a: The GOAT|56\/100|[from] item: Leftovers\n|upkeep\n|turn|4\n|\n|t:|1700877354\n|switch|p1a: Torkoal|Torkoal, F|100\/100\n|-weather|SunnyDay|[from] ability: Drought|[of] p1a: Torkoal\n|move|p2a: The GOAT|Knock Off|p1a: Torkoal\n|-crit|p1a: Torkoal\n|-damage|p1a: Torkoal|50\/100\n|-enditem|p1a: Torkoal|Heat Rock|[from] move: Knock Off|[of] p2a: The GOAT\n|\n|-weather|SunnyDay|[upkeep]\n|-heal|p2a: The GOAT|62\/100|[from] Grassy Terrain\n|-heal|p2a: The GOAT|68\/100|[from] item: Leftovers\n|-heal|p1a: Torkoal|56\/100|[from] Grassy Terrain\n|upkeep\n|turn|5\n|\n|t:|1700877372\n|move|p1a: Torkoal|Stealth Rock|p2a: The GOAT\n|-sidestart|p2: testset_2023|move: Stealth Rock\n|move|p2a: The GOAT|Dragon Tail|p1a: Torkoal\n|-damage|p1a: Torkoal|42\/100\n|drag|p1a: Samurott|Samurott-Hisui, M|100\/100\n|\n|-weather|SunnyDay|[upkeep]\n|-heal|p2a: The GOAT|75\/100|[from] Grassy Terrain\n|-heal|p2a: The GOAT|81\/100|[from] item: Leftovers\n|-fieldend|move: Grassy Terrain\n|upkeep\n|turn|6\n|\n|t:|1700877388\n|switch|p2a: Rillacoom|Rillaboom, F|66\/100\n|-damage|p2a: Rillacoom|54\/100|[from] Spikes\n|-damage|p2a: Rillacoom|42\/100|[from] Stealth Rock\n|-fieldstart|move: Grassy Terrain|[from] ability: Grassy Surge|[of] p2a: Rillacoom\n|move|p1a: Samurott|Ceaseless Edge|p2a: Rillacoom\n|-damage|p2a: Rillacoom|0 fnt\n|-sidestart|p2: testset_2023|Spikes\n|faint|p2a: Rillacoom\n|\n|-weather|SunnyDay|[upkeep]\n|upkeep\n|\n|t:|1700877400\n|switch|p2a: Glimmora|Glimmora, M|100\/100\n|-damage|p2a: Glimmora|88\/100|[from] Stealth Rock\n|-item|p2a: Glimmora|Air Balloon\n|turn|7\n|\n|t:|1700877403\n|move|p2a: Glimmora|Mortal Spin|p1a: Samurott\n|-damage|p1a: Samurott|92\/100\n|-status|p1a: Samurott|psn\n|-sideend|p2: testset_2023|Spikes|[from] move: Mortal Spin|[of] p2a: Glimmora\n|-sideend|p2: testset_2023|Stealth Rock|[from] move: Mortal Spin|[of] p2a: Glimmora\n|move|p1a: Samurott|Ceaseless Edge|p2a: Glimmora\n|-damage|p2a: Glimmora|47\/100\n|-activate|p2a: Glimmora|ability: Toxic Debris\n|-sidestart|p1: bruhfam68|move: Toxic Spikes\n|-enditem|p2a: Glimmora|Air Balloon\n|-sidestart|p2: testset_2023|Spikes\n|\n|-weather|SunnyDay|[upkeep]\n|-heal|p2a: Glimmora|53\/100|[from] Grassy Terrain\n|-heal|p1a: Samurott|98\/100 psn|[from] Grassy Terrain\n|-damage|p1a: Samurott|86\/100 psn|[from] psn\n|upkeep\n|turn|8\n|\n|t:|1700877428\n|move|p2a: Glimmora|Stealth Rock|p1a: Samurott\n|-sidestart|p1: bruhfam68|move: Stealth Rock\n|move|p1a: Samurott|Razor Shell|p2a: Glimmora\n|-supereffective|p2a: Glimmora\n|-damage|p2a: Glimmora|0 fnt\n|-activate|p2a: Glimmora|ability: Toxic Debris\n|-sidestart|p1: bruhfam68|move: Toxic Spikes\n|faint|p2a: Glimmora\n|\n|-weather|SunnyDay|[upkeep]\n|-heal|p1a: Samurott|92\/100 psn|[from] Grassy Terrain\n|-damage|p1a: Samurott|79\/100 psn|[from] psn\n|upkeep\n|inactive|testset_2023 has 120 seconds left.\n|\n|t:|1700877451\n|switch|p2a: Drag race|Enamorus, F|100\/100\n|turn|9\n|\n|t:|1700877459\n|move|p2a: Drag race|Moonblast|p1a: Samurott\n|-supereffective|p1a: Samurott\n|-damage|p1a: Samurott|0 fnt\n|faint|p1a: Samurott\n|\n|-weather|SunnyDay|[upkeep]\n|upkeep\n|\n|t:|1700877461\n|switch|p1a: Iron Moth|Iron Moth|100\/100\n|-sideend|p1: bruhfam68|move: Toxic Spikes|[of] p1a: Iron Moth\n|-damage|p1a: Iron Moth|76\/100|[from] Stealth Rock\n|turn|10\n|\n|t:|1700877466\n|switch|p2a: The GOAT|Tyranitar, M|81\/100\n|-damage|p2a: The GOAT|68\/100|[from] Spikes\n|-weather|Sandstorm|[from] ability: Sand Stream|[of] p2a: The GOAT\n|move|p1a: Iron Moth|Overheat|p2a: The GOAT\n|-resisted|p2a: The GOAT\n|-damage|p2a: The GOAT|37\/100\n|-unboost|p1a: Iron Moth|spa|2\n|\n|-weather|Sandstorm|[upkeep]\n|-damage|p1a: Iron Moth|70\/100|[from] Sandstorm\n|-heal|p1a: Iron Moth|76\/100|[from] Grassy Terrain\n|-heal|p2a: The GOAT|43\/100|[from] Grassy Terrain\n|-heal|p2a: The GOAT|50\/100|[from] item: Leftovers\n|-fieldend|move: Grassy Terrain\n|upkeep\n|turn|11\n|\n|t:|1700877479\n|-end|p1a: Iron Moth|Quark Drive|[silent]\n|switch|p1a: Great Tusk|Great Tusk|100\/100\n|move|p2a: The GOAT|Knock Off|p1a: Great Tusk\n|-resisted|p1a: Great Tusk\n|-damage|p1a: Great Tusk|79\/100\n|-enditem|p1a: Great Tusk|Heavy-Duty Boots|[from] move: Knock Off|[of] p2a: The GOAT\n|\n|-weather|Sandstorm|[upkeep]\n|-heal|p2a: The GOAT|56\/100|[from] item: Leftovers\n|upkeep\n|turn|12\n|\n|t:|1700877489\n|switch|p2a: Joyboy|Gholdengo|100\/100\n|-damage|p2a: Joyboy|88\/100|[from] Spikes\n|move|p1a: Great Tusk|Knock Off|p2a: Joyboy\n|-supereffective|p2a: Joyboy\n|-damage|p2a: Joyboy|7\/100\n|-enditem|p2a: Joyboy|Eject Pack|[from] move: Knock Off|[of] p1a: Great Tusk\n|\n|-weather|Sandstorm|[upkeep]\n|upkeep\n|turn|13\n|\n|t:|1700877504\n|move|p1a: Great Tusk|Knock Off|p2a: Joyboy\n|-supereffective|p2a: Joyboy\n|-damage|p2a: Joyboy|0 fnt\n|faint|p2a: Joyboy\n|\n|-weather|Sandstorm|[upkeep]\n|upkeep\n|\n|t:|1700877514\n|switch|p2a: Drag race|Enamorus, F|100\/100\n|turn|14\n|\n|t:|1700877529\n|-end|p1a: Great Tusk|Protosynthesis|[silent]\n|switch|p1a: Sinistcha|Sinistcha|100\/100\n|-damage|p1a: Sinistcha|88\/100|[from] Stealth Rock\n|move|p2a: Drag race|Moonblast|p1a: Sinistcha\n|-crit|p1a: Sinistcha\n|-damage|p1a: Sinistcha|0 fnt\n|faint|p1a: Sinistcha\n|\n|-weather|none\n|upkeep\n|\n|t:|1700877537\n|switch|p1a: Dragonite|Dragonite, F|100\/100\n|turn|15\n|\n|t:|1700877543\n|-terastallize|p1a: Dragonite|Normal\n|move|p2a: Drag race|Moonblast|p1a: Dragonite\n|-damage|p1a: Dragonite|74\/100\n|move|p1a: Dragonite|Dragon Dance|p1a: Dragonite\n|-boost|p1a: Dragonite|atk|1\n|-boost|p1a: Dragonite|spe|1\n|\n|upkeep\n|turn|16\n|inactive|testset_2023 has 120 seconds left.\n|\n|t:|1700877573\n|switch|p2a: The GOAT|Tyranitar, M|56\/100\n|-damage|p2a: The GOAT|43\/100|[from] Spikes\n|-weather|Sandstorm|[from] ability: Sand Stream|[of] p2a: The GOAT\n|move|p1a: Dragonite|Extreme Speed|p2a: The GOAT\n|-resisted|p2a: The GOAT\n|-damage|p2a: The GOAT|18\/100\n|\n|-weather|Sandstorm|[upkeep]\n|-damage|p1a: Dragonite|68\/100|[from] Sandstorm\n|-heal|p2a: The GOAT|24\/100|[from] item: Leftovers\n|upkeep\n|turn|17\n|inactive|testset_2023 has 120 seconds left.\n|\n|t:|1700877588\n|move|p1a: Dragonite|Earthquake|p2a: The GOAT\n|-supereffective|p2a: The GOAT\n|-damage|p2a: The GOAT|0 fnt\n|faint|p2a: The GOAT\n|\n|-weather|Sandstorm|[upkeep]\n|-damage|p1a: Dragonite|62\/100|[from] Sandstorm\n|upkeep\n|inactive|testset_2023 has 120 seconds left.\n|\n|t:|1700877609\n|switch|p2a: Kanpai|Kingambit, M|100\/100\n|-damage|p2a: Kanpai|88\/100|[from] Spikes\n|-activate|p2a: Kanpai|ability: Supreme Overlord\n|-start|p2a: Kanpai|fallen4|[silent]\n|turn|18\n|\n|t:|1700877614\n|move|p1a: Dragonite|Earthquake|p2a: Kanpai\n|-supereffective|p2a: Kanpai\n|-damage|p2a: Kanpai|2\/100\n|move|p2a: Kanpai|Kowtow Cleave|p1a: Dragonite\n|-damage|p1a: Dragonite|0 fnt\n|faint|p1a: Dragonite\n|\n|-weather|Sandstorm|[upkeep]\n|-heal|p2a: Kanpai|9\/100|[from] item: Leftovers\n|upkeep\n|\n|t:|1700877618\n|switch|p1a: Torkoal|Torkoal, F|42\/100\n|-damage|p1a: Torkoal|17\/100|[from] Stealth Rock\n|-weather|SunnyDay|[from] ability: Drought|[of] p1a: Torkoal\n|turn|19\n|inactive|testset_2023 has 120 seconds left.\n|\n|t:|1700877630\n|move|p2a: Kanpai|Sucker Punch|p1a: Torkoal\n|-damage|p1a: Torkoal|0 fnt\n|faint|p1a: Torkoal\n|\n|-weather|SunnyDay|[upkeep]\n|-heal|p2a: Kanpai|15\/100|[from] item: Leftovers\n|upkeep\n|\n|t:|1700877634\n|switch|p1a: Great Tusk|Great Tusk|79\/100\n|-damage|p1a: Great Tusk|76\/100|[from] Stealth Rock\n|-activate|p1a: Great Tusk|ability: Protosynthesis\n|-start|p1a: Great Tusk|protosynthesisatk\n|turn|20\n|\n|t:|1700877646\n|move|p2a: Kanpai|Sucker Punch|p1a: Great Tusk\n|-resisted|p1a: Great Tusk\n|-damage|p1a: Great Tusk|54\/100\n|move|p1a: Great Tusk|Rapid Spin|p2a: Kanpai\n|-resisted|p2a: Kanpai\n|-damage|p2a: Kanpai|7\/100\n|-boost|p1a: Great Tusk|spe|1\n|-sideend|p1: bruhfam68|Stealth Rock|[from] move: Rapid Spin|[of] p1a: Great Tusk\n|\n|-weather|SunnyDay|[upkeep]\n|-heal|p2a: Kanpai|13\/100|[from] item: Leftovers\n|upkeep\n|turn|21\n|\n|t:|1700877657\n|move|p2a: Kanpai|Sucker Punch|p1a: Great Tusk\n|-resisted|p1a: Great Tusk\n|-damage|p1a: Great Tusk|32\/100\n|move|p1a: Great Tusk|Close Combat|p2a: Kanpai\n|-supereffective|p2a: Kanpai\n|-damage|p2a: Kanpai|0 fnt\n|-unboost|p1a: Great Tusk|def|1\n|-unboost|p1a: Great Tusk|spd|1\n|faint|p2a: Kanpai\n|-end|p2a: Kanpai|fallen4|[silent]\n|\n|-weather|SunnyDay|[upkeep]\n|upkeep\n|\n|t:|1700877664\n|switch|p2a: Drag race|Enamorus, F|100\/100\n|turn|22\n|inactive|testset_2023 has 120 seconds left.\n|\n|t:|1700877687\n|move|p2a: Drag race|Earth Power|p1a: Great Tusk\n|-damage|p1a: Great Tusk|0 fnt\n|faint|p1a: Great Tusk\n|-end|p1a: Great Tusk|Protosynthesis|[silent]\n|\n|-weather|SunnyDay|[upkeep]\n|upkeep\n|\n|t:|1700877691\n|switch|p1a: Iron Moth|Iron Moth|76\/100\n|turn|23\n|\n|t:|1700877694\n|-terastallize|p2a: Drag race|Poison\n|move|p2a: Drag race|Earth Power|p1a: Iron Moth\n|-supereffective|p1a: Iron Moth\n|-damage|p1a: Iron Moth|0 fnt\n|faint|p1a: Iron Moth\n|-end|p1a: Iron Moth|Quark Drive|[silent]\n|\n|win|testset_2023\n|raw|bruhfam68's rating: 1344 &rarr; <strong>1323<\/strong><br \/>(-21 for losing)\n|raw|testset_2023's rating: 1322 &rarr; <strong>1343<\/strong><br \/>(+21 for winning)\n|c|\u2606testset_2023|GG\n","uploadtime":1700877718,"views":5,"p1id":"bruhfam68","p2id":"testset2023","formatid":"gen9ou","rating":1323,"private":0,"password":""}