{"id":"gen9ou-1990883873","p1":"Mr. 475","p2":"Perfect DarK 0707","format":"[Gen 9] OU","log":"|j|\u2606Mr. 475\n|j|\u2606Perfect DarK 0707\n|t:|1700011154\n|gametype|singles\n|player|p1|Mr. 475|blackbelt-gen2|1493\n|player|p2|Perfect DarK 0707|teamrocketgruntf-gen3|1501\n|teamsize|p1|6\n|teamsize|p2|6\n|gen|9\n|tier|[Gen 9] OU\n|rated|\n|rule|Sleep Clause Mod: Limit one foe put to sleep\n|rule|Species Clause: Limit one of each Pok\u00e9mon\n|rule|OHKO Clause: OHKO moves are banned\n|rule|Evasion Items Clause: Evasion items are banned\n|rule|Evasion Moves Clause: Evasion moves are banned\n|rule|Endless Battle Clause: Forcing endless battles is banned\n|rule|HP Percentage Mod: HP is shown in percentages\n|clearpoke\n|poke|p1|Breloom, F|\n|poke|p1|Quaquaval, M|\n|poke|p1|Iron Valiant|\n|poke|p1|Sneasler, M|\n|poke|p1|Zapdos-Galar|\n|poke|p1|Great Tusk|\n|poke|p2|Cinderace, M|\n|poke|p2|Gholdengo|\n|poke|p2|Iron Valiant|\n|poke|p2|Ogerpon-Wellspring, F|\n|poke|p2|Dragonite, M|\n|poke|p2|Great Tusk|\n|teampreview\n|inactive|Battle timer is ON: inactive players will automatically lose when time's up. (requested by Perfect DarK 0707)\n|inactive|Mr. 475 also wants the timer to be on.\n|inactive|Perfect DarK 0707 has 120 seconds left.\n|\n|t:|1700011185\n|start\n|switch|p1a: Great Tusk|Great Tusk|100\/100\n|switch|p2a: S1Lv3R Bull37|Cinderace, M, shiny|100\/100\n|turn|1\n|\n|t:|1700011192\n|move|p2a: S1Lv3R Bull37|U-turn|p1a: Great Tusk\n|-start|p2a: S1Lv3R Bull37|typechange|Bug|[from] ability: Libero\n|-resisted|p1a: Great Tusk\n|-damage|p1a: Great Tusk|91\/100\n|-damage|p2a: S1Lv3R Bull37|84\/100|[from] item: Rocky Helmet|[of] p1a: Great Tusk\n|\n|t:|1700011204\n|switch|p2a: 7usK|Great Tusk|100\/100|[from] U-turn\n|move|p1a: Great Tusk|Stealth Rock|p2a: 7usK\n|-sidestart|p2: Perfect DarK 0707|move: Stealth Rock\n|\n|upkeep\n|turn|2\n|\n|t:|1700011212\n|move|p2a: 7usK|Rapid Spin|p1a: Great Tusk\n|-damage|p1a: Great Tusk|82\/100\n|-boost|p2a: 7usK|spe|1\n|-damage|p2a: 7usK|84\/100|[from] item: Rocky Helmet|[of] p1a: Great Tusk\n|-sideend|p2: Perfect DarK 0707|Stealth Rock|[from] move: Rapid Spin|[of] p2a: 7usK\n|move|p1a: Great Tusk|Rapid Spin|p2a: 7usK\n|-damage|p2a: 7usK|75\/100\n|-boost|p1a: Great Tusk|spe|1\n|\n|-heal|p2a: 7usK|81\/100|[from] item: Leftovers\n|upkeep\n|turn|3\n|\n|t:|1700011224\n|move|p2a: 7usK|Knock Off|p1a: Great Tusk\n|-resisted|p1a: Great Tusk\n|-damage|p1a: Great Tusk|73\/100\n|-damage|p2a: 7usK|65\/100|[from] item: Rocky Helmet|[of] p1a: Great Tusk\n|-enditem|p1a: Great Tusk|Rocky Helmet|[from] move: Knock Off|[of] p2a: 7usK\n|move|p1a: Great Tusk|Stealth Rock|p2a: 7usK\n|-sidestart|p2: Perfect DarK 0707|move: Stealth Rock\n|\n|-heal|p2a: 7usK|71\/100|[from] item: Leftovers\n|upkeep\n|turn|4\n|\n|t:|1700011235\n|move|p2a: 7usK|Rapid Spin|p1a: Great Tusk\n|-damage|p1a: Great Tusk|64\/100\n|-boost|p2a: 7usK|spe|1\n|-sideend|p2: Perfect DarK 0707|Stealth Rock|[from] move: Rapid Spin|[of] p2a: 7usK\n|move|p1a: Great Tusk|Rapid Spin|p2a: 7usK\n|-damage|p2a: 7usK|61\/100\n|-boost|p1a: Great Tusk|spe|1\n|\n|-heal|p2a: 7usK|68\/100|[from] item: Leftovers\n|upkeep\n|turn|5\n|\n|t:|1700011246\n|move|p2a: 7usK|Earthquake|p1a: Great Tusk\n|-crit|p1a: Great Tusk\n|-damage|p1a: Great Tusk|23\/100\n|move|p1a: Great Tusk|Stealth Rock|p2a: 7usK\n|-sidestart|p2: Perfect DarK 0707|move: Stealth Rock\n|\n|-heal|p2a: 7usK|74\/100|[from] item: Leftovers\n|upkeep\n|turn|6\n|\n|t:|1700011258\n|-end|p1a: Great Tusk|Protosynthesis|[silent]\n|switch|p1a: Zapdos|Zapdos-Galar|100\/100\n|move|p2a: 7usK|Rapid Spin|p1a: Zapdos\n|-damage|p1a: Zapdos|84\/100\n|-boost|p2a: 7usK|spe|1\n|-sideend|p2: Perfect DarK 0707|Stealth Rock|[from] move: Rapid Spin|[of] p2a: 7usK\n|\n|-heal|p2a: 7usK|80\/100|[from] item: Leftovers\n|-heal|p1a: Zapdos|90\/100|[from] item: Leftovers\n|upkeep\n|turn|7\n|\n|t:|1700011273\n|-end|p2a: 7usK|Protosynthesis|[silent]\n|switch|p2a: 401 K|Gholdengo|100\/100\n|move|p1a: Zapdos|Substitute|p1a: Zapdos\n|-start|p1a: Zapdos|Substitute\n|-damage|p1a: Zapdos|65\/100\n|\n|-heal|p1a: Zapdos|71\/100|[from] item: Leftovers\n|upkeep\n|turn|8\n|\n|t:|1700011285\n|move|p2a: 401 K|Shadow Ball|p1a: Zapdos\n|-end|p1a: Zapdos|Substitute\n|move|p1a: Zapdos|Bulk Up|p1a: Zapdos\n|-boost|p1a: Zapdos|atk|1\n|-boost|p1a: Zapdos|def|1\n|\n|-heal|p1a: Zapdos|77\/100|[from] item: Leftovers\n|upkeep\n|turn|9\n|\n|t:|1700011295\n|move|p2a: 401 K|Shadow Ball|p1a: Zapdos\n|-damage|p1a: Zapdos|26\/100\n|-unboost|p1a: Zapdos|spd|1\n|-ability|p1a: Zapdos|Defiant|boost\n|-boost|p1a: Zapdos|atk|2\n|move|p1a: Zapdos|Drill Peck|p2a: 401 K\n|-resisted|p2a: 401 K\n|-damage|p2a: 401 K|48\/100\n|\n|-heal|p1a: Zapdos|32\/100|[from] item: Leftovers\n|upkeep\n|turn|10\n|\n|t:|1700011306\n|move|p2a: 401 K|Shadow Ball|p1a: Zapdos\n|-damage|p1a: Zapdos|0 fnt\n|faint|p1a: Zapdos\n|\n|upkeep\n|\n|t:|1700011325\n|switch|p1a: Mexican Birb|Quaquaval, M|100\/100\n|turn|11\n|\n|t:|1700011337\n|move|p2a: 401 K|Shadow Ball|p1a: Mexican Birb\n|-damage|p1a: Mexican Birb|46\/100\n|move|p1a: Mexican Birb|Aqua Step|p2a: 401 K\n|-damage|p2a: 401 K|3\/100\n|-boost|p1a: Mexican Birb|spe|1\n|\n|-heal|p1a: Mexican Birb|52\/100|[from] item: Leftovers\n|upkeep\n|turn|12\n|\n|t:|1700011367\n|move|p2a: 401 K|Shadow Ball|p1a: Mexican Birb\n|-damage|p1a: Mexican Birb|0 fnt\n|faint|p1a: Mexican Birb\n|\n|upkeep\n|\n|t:|1700011377\n|switch|p1a: Gundam|Iron Valiant|100\/100\n|-enditem|p1a: Gundam|Booster Energy\n|-activate|p1a: Gundam|ability: Quark Drive|[fromitem]\n|-start|p1a: Gundam|quarkdrivespe\n|turn|13\n|\n|t:|1700011383\n|move|p1a: Gundam|Swords Dance|p1a: Gundam\n|-boost|p1a: Gundam|atk|2\n|move|p2a: 401 K|Shadow Ball|p1a: Gundam\n|-damage|p1a: Gundam|30\/100\n|\n|upkeep\n|turn|14\n|\n|t:|1700011407\n|move|p1a: Gundam|Knock Off|p2a: 401 K\n|-supereffective|p2a: 401 K\n|-damage|p2a: 401 K|0 fnt\n|-enditem|p2a: 401 K|Choice Scarf|[from] move: Knock Off|[of] p1a: Gundam\n|faint|p2a: 401 K\n|\n|upkeep\n|\n|t:|1700011413\n|switch|p2a: Terrifying \ud83e\udeb6|Dragonite, M|100\/100\n|turn|15\n|\n|t:|1700011417\n|move|p2a: Terrifying \ud83e\udeb6|Extreme Speed|p1a: Gundam\n|-damage|p1a: Gundam|0 fnt\n|faint|p1a: Gundam\n|-end|p1a: Gundam|Quark Drive|[silent]\n|\n|upkeep\n|\n|t:|1700011423\n|switch|p1a: Great Tusk|Great Tusk|23\/100\n|turn|16\n|\n|t:|1700011431\n|move|p2a: Terrifying \ud83e\udeb6|Dragon Dance|p2a: Terrifying \ud83e\udeb6\n|-boost|p2a: Terrifying \ud83e\udeb6|atk|1\n|-boost|p2a: Terrifying \ud83e\udeb6|spe|1\n|move|p1a: Great Tusk|Stealth Rock|p2a: Terrifying \ud83e\udeb6\n|-sidestart|p2: Perfect DarK 0707|move: Stealth Rock\n|\n|upkeep\n|turn|17\n|\n|t:|1700011441\n|move|p2a: Terrifying \ud83e\udeb6|Earthquake|p1a: Great Tusk\n|-damage|p1a: Great Tusk|0 fnt\n|faint|p1a: Great Tusk\n|-end|p1a: Great Tusk|Protosynthesis|[silent]\n|\n|upkeep\n|\n|t:|1700011446\n|switch|p1a: Swiper|Sneasler, M|100\/100\n|-item|p1a: Swiper|Air Balloon\n|turn|18\n|\n|t:|1700011455\n|move|p2a: Terrifying \ud83e\udeb6|Fly||[still]\n|-prepare|p2a: Terrifying \ud83e\udeb6|Fly\n|move|p1a: Swiper|Rock Slide|p2a: Terrifying \ud83e\udeb6|[miss]\n|-miss|p1a: Swiper|p2a: Terrifying \ud83e\udeb6\n|\n|upkeep\n|turn|19\n|\n|t:|1700011468\n|-terastallize|p1a: Swiper|Flying\n|move|p2a: Terrifying \ud83e\udeb6|Fly|p1a: Swiper|[from]lockedmove\n|-damage|p1a: Swiper|0 fnt\n|-enditem|p1a: Swiper|Air Balloon\n|faint|p1a: Swiper\n|\n|upkeep\n|\n|t:|1700011476\n|switch|p1a: Chinese Dinosaur|Breloom, F, shiny|100\/100\n|turn|20\n|\n|t:|1700011480\n|-terastallize|p2a: Terrifying \ud83e\udeb6|Flying\n|move|p2a: Terrifying \ud83e\udeb6|Fly||[still]\n|-prepare|p2a: Terrifying \ud83e\udeb6|Fly\n|move|p1a: Chinese Dinosaur|Spore|p2a: Terrifying \ud83e\udeb6|[miss]\n|-miss|p1a: Chinese Dinosaur|p2a: Terrifying \ud83e\udeb6\n|\n|upkeep\n|turn|21\n|\n|t:|1700011487\n|move|p2a: Terrifying \ud83e\udeb6|Fly|p1a: Chinese Dinosaur|[from]lockedmove\n|-supereffective|p1a: Chinese Dinosaur\n|-enditem|p1a: Chinese Dinosaur|Focus Sash\n|-damage|p1a: Chinese Dinosaur|1\/100\n|move|p1a: Chinese Dinosaur|Spore|p2a: Terrifying \ud83e\udeb6\n|-status|p2a: Terrifying \ud83e\udeb6|slp|[from] move: Spore\n|\n|upkeep\n|turn|22\n|\n|t:|1700011499\n|switch|p2a: S1Lv3R Bull37|Cinderace, M, shiny|84\/100\n|move|p1a: Chinese Dinosaur|Swords Dance|p1a: Chinese Dinosaur\n|-boost|p1a: Chinese Dinosaur|atk|2\n|\n|upkeep\n|turn|23\n|\n|t:|1700011507\n|move|p1a: Chinese Dinosaur|Mach Punch|p2a: S1Lv3R Bull37\n|-damage|p2a: S1Lv3R Bull37|0 fnt\n|faint|p2a: S1Lv3R Bull37\n|\n|upkeep\n|\n|t:|1700011519\n|switch|p2a: Sailor Moon \ud83c\udf19|Iron Valiant, shiny|100\/100\n|-damage|p2a: Sailor Moon \ud83c\udf19|94\/100|[from] Stealth Rock\n|-enditem|p2a: Sailor Moon \ud83c\udf19|Booster Energy\n|-activate|p2a: Sailor Moon \ud83c\udf19|ability: Quark Drive|[fromitem]\n|-start|p2a: Sailor Moon \ud83c\udf19|quarkdrivespe\n|turn|24\n|\n|t:|1700011525\n|move|p2a: Sailor Moon \ud83c\udf19|Moonblast|p1a: Chinese Dinosaur\n|-supereffective|p1a: Chinese Dinosaur\n|-damage|p1a: Chinese Dinosaur|0 fnt\n|faint|p1a: Chinese Dinosaur\n|\n|win|Perfect DarK 0707\n|raw|Mr. 475's rating: 1493 &rarr; <strong>1473<\/strong><br \/>(-20 for losing)\n|raw|Perfect DarK 0707's rating: 1501 &rarr; <strong>1521<\/strong><br \/>(+20 for winning)\n|l|\u2606Mr. 475\n","uploadtime":1700011533,"views":16,"p1id":"mr475","p2id":"perfectdark0707","formatid":"gen9ou","rating":1473,"private":0,"password":""}