{"id":"gen9ou-1990934647","p1":"ManuSL","p2":"AubreyOmori1","format":"[Gen 9] OU","log":"|j|\u2606ManuSL\n|j|\u2606AubreyOmori1\n|t:|1700016897\n|gametype|singles\n|player|p1|ManuSL|shadowtriad|1236\n|player|p2|AubreyOmori1|roxie|1327\n|teamsize|p1|6\n|teamsize|p2|6\n|gen|9\n|tier|[Gen 9] OU\n|rated|\n|rule|Sleep Clause Mod: Limit one foe put to sleep\n|rule|Species Clause: Limit one of each Pok\u00e9mon\n|rule|OHKO Clause: OHKO moves are banned\n|rule|Evasion Items Clause: Evasion items are banned\n|rule|Evasion Moves Clause: Evasion moves are banned\n|rule|Endless Battle Clause: Forcing endless battles is banned\n|rule|HP Percentage Mod: HP is shown in percentages\n|clearpoke\n|poke|p1|Slither Wing|\n|poke|p1|Skeledirge, M|\n|poke|p1|Glimmora, M|\n|poke|p1|Gholdengo|\n|poke|p1|Iron Valiant|\n|poke|p1|Rotom-Wash|\n|poke|p2|Rillaboom, M|\n|poke|p2|Ogerpon-Wellspring, F|\n|poke|p2|Sneasler, F|\n|poke|p2|Manaphy|\n|poke|p2|Kingambit, M|\n|poke|p2|Heatran, M|\n|teampreview\n|\n|t:|1700016907\n|start\n|switch|p1a: Glimmora|Glimmora, M|100\/100\n|switch|p2a: Donkey Kong|Rillaboom, M, shiny|100\/100\n|-fieldstart|move: Grassy Terrain|[from] ability: Grassy Surge|[of] p2a: Donkey Kong\n|turn|1\n|inactive|Battle timer is ON: inactive players will automatically lose when time's up. (requested by AubreyOmori1)\n|\n|t:|1700016918\n|move|p1a: Glimmora|Mortal Spin|p2a: Donkey Kong\n|-supereffective|p2a: Donkey Kong\n|-damage|p2a: Donkey Kong|88\/100\n|-status|p2a: Donkey Kong|psn\n|move|p2a: Donkey Kong|Knock Off|p1a: Glimmora\n|-damage|p1a: Glimmora|32\/100\n|-activate|p1a: Glimmora|ability: Toxic Debris\n|-sidestart|p2: AubreyOmori1|move: Toxic Spikes\n|-enditem|p1a: Glimmora|Assault Vest|[from] move: Knock Off|[of] p2a: Donkey Kong\n|\n|-heal|p1a: Glimmora|38\/100|[from] Grassy Terrain\n|-heal|p2a: Donkey Kong|94\/100 psn|[from] Grassy Terrain\n|-damage|p2a: Donkey Kong|81\/100 psn|[from] psn\n|upkeep\n|turn|2\n|\n|t:|1700016928\n|move|p1a: Glimmora|Sludge Bomb|p2a: Donkey Kong\n|-supereffective|p2a: Donkey Kong\n|-damage|p2a: Donkey Kong|0 fnt\n|faint|p2a: Donkey Kong\n|\n|-heal|p1a: Glimmora|44\/100|[from] Grassy Terrain\n|upkeep\n|\n|t:|1700016939\n|switch|p2a: Ashlyn|Sneasler, F, shiny|100\/100\n|-sideend|p2: AubreyOmori1|move: Toxic Spikes|[of] p2a: Ashlyn\n|-enditem|p2a: Ashlyn|Grassy Seed\n|-boost|p2a: Ashlyn|def|1|[from] item: Grassy Seed\n|turn|3\n|\n|t:|1700016949\n|move|p2a: Ashlyn|Close Combat|p1a: Glimmora\n|-damage|p1a: Glimmora|0 fnt\n|-unboost|p2a: Ashlyn|def|1\n|-unboost|p2a: Ashlyn|spd|1\n|-activate|p1a: Glimmora|ability: Toxic Debris\n|-sidestart|p2: AubreyOmori1|move: Toxic Spikes\n|faint|p1a: Glimmora\n|\n|upkeep\n|\n|t:|1700016954\n|switch|p1a: Iron Valiant|Iron Valiant|100\/100\n|-enditem|p1a: Iron Valiant|Booster Energy\n|-activate|p1a: Iron Valiant|ability: Quark Drive|[fromitem]\n|-start|p1a: Iron Valiant|quarkdrivespe\n|turn|4\n|\n|t:|1700016962\n|move|p2a: Ashlyn|Acrobatics|p1a: Iron Valiant\n|-supereffective|p1a: Iron Valiant\n|-crit|p1a: Iron Valiant\n|-damage|p1a: Iron Valiant|0 fnt\n|faint|p1a: Iron Valiant\n|-end|p1a: Iron Valiant|Quark Drive|[silent]\n|\n|upkeep\n|\n|t:|1700016990\n|switch|p1a: Skeledirge|Skeledirge, M|100\/100\n|turn|5\n|\n|t:|1700016996\n|move|p2a: Ashlyn|Swords Dance|p2a: Ashlyn\n|-boost|p2a: Ashlyn|atk|2\n|move|p1a: Skeledirge|Shadow Ball|p2a: Ashlyn\n|-damage|p2a: Ashlyn|48\/100\n|-unboost|p2a: Ashlyn|spd|1\n|\n|-heal|p2a: Ashlyn|54\/100|[from] Grassy Terrain\n|-fieldend|move: Grassy Terrain\n|upkeep\n|turn|6\n|\n|t:|1700017010\n|move|p2a: Ashlyn|Acrobatics|p1a: Skeledirge\n|-damage|p1a: Skeledirge|57\/100\n|move|p1a: Skeledirge|Shadow Ball|p2a: Ashlyn\n|-damage|p2a: Ashlyn|0 fnt\n|faint|p2a: Ashlyn\n|\n|upkeep\n|\n|t:|1700017025\n|switch|p2a: Manaphy|Manaphy|100\/100\n|-status|p2a: Manaphy|psn\n|turn|7\n|\n|t:|1700017031\n|move|p2a: Manaphy|Tail Glow|p2a: Manaphy\n|-boost|p2a: Manaphy|spa|3\n|move|p1a: Skeledirge|Shadow Ball|p2a: Manaphy\n|-damage|p2a: Manaphy|68\/100 psn\n|\n|-damage|p2a: Manaphy|56\/100 psn|[from] psn\n|upkeep\n|turn|8\n|\n|t:|1700017040\n|move|p2a: Manaphy|Surf|p1a: Skeledirge\n|-supereffective|p1a: Skeledirge\n|-damage|p1a: Skeledirge|0 fnt\n|faint|p1a: Skeledirge\n|\n|-damage|p2a: Manaphy|43\/100 psn|[from] psn\n|upkeep\n|-enditem|p2a: Manaphy|Sitrus Berry|[eat]\n|-heal|p2a: Manaphy|68\/100 psn|[from] item: Sitrus Berry\n|\n|t:|1700017044\n|switch|p1a: Slither Wing|Slither Wing, shiny|100\/100\n|turn|9\n|\n|t:|1700017048\n|move|p1a: Slither Wing|First Impression|p2a: Manaphy\n|-damage|p2a: Manaphy|9\/100 psn\n|-damage|p1a: Slither Wing|91\/100|[from] item: Life Orb\n|move|p2a: Manaphy|Surf|p1a: Slither Wing\n|-damage|p1a: Slither Wing|5\/100\n|\n|-damage|p2a: Manaphy|0 fnt|[from] psn\n|faint|p2a: Manaphy\n|upkeep\n|\n|t:|1700017052\n|switch|p2a: Gangle|Ogerpon-Wellspring, F|100\/100\n|-status|p2a: Gangle|psn\n|turn|10\n|\n|t:|1700017059\n|-end|p1a: Slither Wing|Protosynthesis|[silent]\n|switch|p1a: Rotom|Rotom-Wash|100\/100\n|move|p2a: Gangle|Trailblaze|p1a: Rotom\n|-supereffective|p1a: Rotom\n|-damage|p1a: Rotom|21\/100\n|-boost|p2a: Gangle|spe|1\n|\n|-heal|p1a: Rotom|27\/100|[from] item: Leftovers\n|-damage|p2a: Gangle|88\/100 psn|[from] psn\n|upkeep\n|turn|11\n|\n|t:|1700017066\n|move|p2a: Gangle|Trailblaze|p1a: Rotom\n|-supereffective|p1a: Rotom\n|-damage|p1a: Rotom|0 fnt\n|-boost|p2a: Gangle|spe|1\n|faint|p1a: Rotom\n|\n|-damage|p2a: Gangle|76\/100 psn|[from] psn\n|upkeep\n|\n|t:|1700017069\n|switch|p1a: Slither Wing|Slither Wing, shiny|5\/100\n|turn|12\n|\n|t:|1700017074\n|-terastallize|p2a: Gangle|Water\n|detailschange|p2a: Gangle|Ogerpon-Wellspring-Tera, F, tera:Water\n|-ability|p2a: Gangle|Embody Aspect (Wellspring)|boost\n|-boost|p2a: Gangle|spd|1\n|move|p2a: Gangle|Swords Dance|p2a: Gangle\n|-boost|p2a: Gangle|atk|2\n|move|p1a: Slither Wing|Earthquake|p2a: Gangle\n|-damage|p2a: Gangle|12\/100 psn\n|-damage|p1a: Slither Wing|0 fnt|[from] item: Life Orb\n|faint|p1a: Slither Wing\n|-end|p1a: Slither Wing|Protosynthesis|[silent]\n|\n|-damage|p2a: Gangle|0 fnt|[from] psn\n|faint|p2a: Gangle\n|upkeep\n|\n|t:|1700017084\n|switch|p2a: Firey|Heatran, M, shiny|100\/100\n|switch|p1a: Gholdengo|Gholdengo|100\/100\n|-item|p1a: Gholdengo|Air Balloon\n|-item|p2a: Firey|Air Balloon\n|turn|13\n|\n|t:|1700017098\n|move|p1a: Gholdengo|Thunderbolt|p2a: Firey\n|-damage|p2a: Firey|81\/100\n|-enditem|p2a: Firey|Air Balloon\n|move|p2a: Firey|Magma Storm|p1a: Gholdengo|[miss]\n|-miss|p2a: Firey|p1a: Gholdengo\n|\n|upkeep\n|turn|14\n|\n|t:|1700017105\n|move|p1a: Gholdengo|Nasty Plot|p1a: Gholdengo\n|-boost|p1a: Gholdengo|spa|2\n|move|p2a: Firey|Magma Storm|p1a: Gholdengo|[miss]\n|-miss|p2a: Firey|p1a: Gholdengo\n|\n|upkeep\n|turn|15\n|\n|t:|1700017111\n|move|p1a: Gholdengo|Shadow Ball|p2a: Firey\n|-damage|p2a: Firey|31\/100\n|move|p2a: Firey|Magma Storm|p1a: Gholdengo\n|-supereffective|p1a: Gholdengo\n|-damage|p1a: Gholdengo|6\/100\n|-activate|p1a: Gholdengo|move: Magma Storm|[of] p2a: Firey\n|-enditem|p1a: Gholdengo|Air Balloon\n|\n|-damage|p1a: Gholdengo|0 fnt|[from] move: Magma Storm|[partiallytrapped]\n|faint|p1a: Gholdengo\n|\n|win|AubreyOmori1\n|upkeep\n|raw|ManuSL's rating: 1236 &rarr; <strong>1217<\/strong><br \/>(-19 for losing)\n|raw|AubreyOmori1's rating: 1327 &rarr; <strong>1342<\/strong><br \/>(+15 for winning)\n","uploadtime":1700017116,"views":8,"p1id":"manusl","p2id":"aubreyomori1","formatid":"gen9ou","rating":1217,"private":0,"password":""}