{"id":"gen9ou-1988245750","p1":"ricodandy","p2":"Usopp D Gawd","format":"[Gen 9] OU","log":"|j|\u2606ricodandy\n|j|\u2606Usopp D Gawd\n|t:|1699693460\n|gametype|singles\n|player|p1|ricodandy|hoopster|1355\n|player|p2|Usopp D Gawd|blue|1260\n|teamsize|p1|6\n|teamsize|p2|6\n|gen|9\n|tier|[Gen 9] OU\n|rated|\n|rule|Sleep Clause Mod: Limit one foe put to sleep\n|rule|Species Clause: Limit one of each Pok\u00e9mon\n|rule|OHKO Clause: OHKO moves are banned\n|rule|Evasion Items Clause: Evasion items are banned\n|rule|Evasion Moves Clause: Evasion moves are banned\n|rule|Endless Battle Clause: Forcing endless battles is banned\n|rule|HP Percentage Mod: HP is shown in percentages\n|clearpoke\n|poke|p1|Glimmora, F|\n|poke|p1|Kingambit, M|\n|poke|p1|Iron Moth|\n|poke|p1|Gholdengo|\n|poke|p1|Samurott-Hisui, F|\n|poke|p1|Dragapult, F|\n|poke|p2|Great Tusk|\n|poke|p2|Dragapult, M|\n|poke|p2|Iron Moth|\n|poke|p2|Ogerpon-Wellspring, F|\n|poke|p2|Uxie|\n|poke|p2|Clefable, F|\n|teampreview\n|c|\u2606ricodandy|gl hf!!\n|\n|t:|1699693476\n|start\n|switch|p1a: Sammy-hisui|Samurott-Hisui, F, shiny|100\/100\n|switch|p2a: The Fur.|Uxie, shiny|100\/100\n|turn|1\n|\n|t:|1699693487\n|move|p2a: The Fur.|U-turn|p1a: Sammy-hisui\n|-supereffective|p1a: Sammy-hisui\n|-damage|p1a: Sammy-hisui|70\/100\n|\n|t:|1699693490\n|switch|p2a: Ace Spectrum|Clefable, F|100\/100|[from] U-turn\n|move|p1a: Sammy-hisui|Ceaseless Edge|p2a: Ace Spectrum\n|-resisted|p2a: Ace Spectrum\n|-damage|p2a: Ace Spectrum|78\/100\n|-sidestart|p2: Usopp D Gawd|Spikes\n|\n|-heal|p2a: Ace Spectrum|84\/100|[from] item: Leftovers\n|upkeep\n|turn|2\n|\n|t:|1699693519\n|move|p1a: Sammy-hisui|Aqua Cutter|p2a: Ace Spectrum\n|-damage|p2a: Ace Spectrum|29\/100\n|move|p2a: Ace Spectrum|Calm Mind|p2a: Ace Spectrum\n|-boost|p2a: Ace Spectrum|spa|1\n|-boost|p2a: Ace Spectrum|spd|1\n|\n|-heal|p2a: Ace Spectrum|35\/100|[from] item: Leftovers\n|upkeep\n|turn|3\n|\n|t:|1699693529\n|switch|p2a: Sam Ezeh|Ogerpon-Wellspring, F|100\/100\n|-damage|p2a: Sam Ezeh|88\/100|[from] Spikes\n|move|p1a: Sammy-hisui|Encore||[still]\n|-fail|p1a: Sammy-hisui\n|\n|upkeep\n|turn|4\n|\n|t:|1699693536\n|move|p2a: Sam Ezeh|Horn Leech|p1a: Sammy-hisui\n|-supereffective|p1a: Sammy-hisui\n|-damage|p1a: Sammy-hisui|0 fnt\n|-heal|p2a: Sam Ezeh|100\/100|[from] drain|[of] p1a: Sammy-hisui\n|faint|p1a: Sammy-hisui\n|\n|upkeep\n|\n|t:|1699693552\n|switch|p1a: Dragapult|Dragapult, F|100\/100\n|turn|5\n|\n|t:|1699693573\n|-terastallize|p2a: Sam Ezeh|Water\n|detailschange|p2a: Sam Ezeh|Ogerpon-Wellspring-Tera, F, tera:Water\n|-ability|p2a: Sam Ezeh|Embody Aspect (Wellspring)|boost\n|-boost|p2a: Sam Ezeh|spd|1\n|move|p1a: Dragapult|U-turn|p2a: Sam Ezeh\n|-damage|p2a: Sam Ezeh|72\/100\n|\n|t:|1699693594\n|switch|p1a: Glimmorant|Glimmora, F|100\/100|[from] U-turn\n|move|p2a: Sam Ezeh|U-turn|p1a: Glimmorant\n|-resisted|p1a: Glimmorant\n|-damage|p1a: Glimmorant|83\/100\n|-activate|p1a: Glimmorant|ability: Toxic Debris\n|-sidestart|p2: Usopp D Gawd|move: Toxic Spikes\n|-enditem|p1a: Glimmorant|Red Card|[of] p2a: Sam Ezeh\n|drag|p2a: ScrewStache|Great Tusk|100\/100\n|\n|upkeep\n|turn|6\n|\n|t:|1699693606\n|move|p2a: ScrewStache|Rapid Spin|p1a: Glimmorant\n|-resisted|p1a: Glimmorant\n|-damage|p1a: Glimmorant|72\/100\n|-boost|p2a: ScrewStache|spe|1\n|-activate|p1a: Glimmorant|ability: Toxic Debris\n|-sidestart|p2: Usopp D Gawd|move: Toxic Spikes\n|-sideend|p2: Usopp D Gawd|Spikes|[from] move: Rapid Spin|[of] p2a: ScrewStache\n|-sideend|p2: Usopp D Gawd|Toxic Spikes|[from] move: Rapid Spin|[of] p2a: ScrewStache\n|move|p1a: Glimmorant|Stealth Rock|p2a: ScrewStache\n|-sidestart|p2: Usopp D Gawd|move: Stealth Rock\n|\n|upkeep\n|turn|7\n|\n|t:|1699693618\n|move|p2a: ScrewStache|Rapid Spin|p1a: Glimmorant\n|-resisted|p1a: Glimmorant\n|-damage|p1a: Glimmorant|62\/100\n|-boost|p2a: ScrewStache|spe|1\n|-activate|p1a: Glimmorant|ability: Toxic Debris\n|-sidestart|p2: Usopp D Gawd|move: Toxic Spikes\n|-sideend|p2: Usopp D Gawd|Toxic Spikes|[from] move: Rapid Spin|[of] p2a: ScrewStache\n|-sideend|p2: Usopp D Gawd|Stealth Rock|[from] move: Rapid Spin|[of] p2a: ScrewStache\n|move|p1a: Glimmorant|Dazzling Gleam|p2a: ScrewStache\n|-supereffective|p2a: ScrewStache\n|-damage|p2a: ScrewStache|13\/100\n|\n|upkeep\n|turn|8\n|\n|t:|1699693629\n|move|p2a: ScrewStache|Headlong Rush|p1a: Glimmorant\n|-supereffective|p1a: Glimmorant\n|-damage|p1a: Glimmorant|0 fnt\n|-unboost|p2a: ScrewStache|def|1\n|-unboost|p2a: ScrewStache|spd|1\n|-activate|p1a: Glimmorant|ability: Toxic Debris\n|-sidestart|p2: Usopp D Gawd|move: Toxic Spikes\n|faint|p1a: Glimmorant\n|\n|upkeep\n|\n|t:|1699693637\n|switch|p1a: Dragapult|Dragapult, F|100\/100\n|turn|9\n|\n|t:|1699693642\n|move|p2a: ScrewStache|Ice Spinner|p1a: Dragapult\n|-supereffective|p1a: Dragapult\n|-damage|p1a: Dragapult|15\/100\n|move|p1a: Dragapult|Shadow Ball|p2a: ScrewStache\n|-damage|p2a: ScrewStache|0 fnt\n|faint|p2a: ScrewStache\n|-end|p2a: ScrewStache|Protosynthesis|[silent]\n|\n|upkeep\n|\n|t:|1699693652\n|switch|p2a: Redveil|Iron Moth|100\/100\n|-sideend|p2: Usopp D Gawd|move: Toxic Spikes|[of] p2a: Redveil\n|-enditem|p2a: Redveil|Booster Energy\n|-activate|p2a: Redveil|ability: Quark Drive|[fromitem]\n|-start|p2a: Redveil|quarkdrivespe\n|turn|10\n|\n|t:|1699693665\n|switch|p1a: i h8 sucker punch|Kingambit, M|100\/100\n|-activate|p1a: i h8 sucker punch|ability: Supreme Overlord\n|-start|p1a: i h8 sucker punch|fallen2|[silent]\n|move|p2a: Redveil|Fiery Dance|p1a: i h8 sucker punch\n|-supereffective|p1a: i h8 sucker punch\n|-damage|p1a: i h8 sucker punch|8\/100\n|-boost|p2a: Redveil|spa|1\n|\n|upkeep\n|turn|11\n|\n|t:|1699693682\n|move|p1a: i h8 sucker punch|Sucker Punch|p2a: Redveil\n|-damage|p2a: Redveil|10\/100\n|move|p2a: Redveil|Fiery Dance|p1a: i h8 sucker punch\n|-supereffective|p1a: i h8 sucker punch\n|-damage|p1a: i h8 sucker punch|0 fnt\n|faint|p1a: i h8 sucker punch\n|-end|p1a: i h8 sucker punch|fallen2|[silent]\n|\n|upkeep\n|\n|t:|1699693690\n|switch|p1a: Iron goth|Iron Moth|100\/100\n|-enditem|p1a: Iron goth|Booster Energy\n|-activate|p1a: Iron goth|ability: Quark Drive|[fromitem]\n|-start|p1a: Iron goth|quarkdrivespe\n|turn|12\n|\n|t:|1699693695\n|move|p2a: Redveil|Psychic|p1a: Iron goth\n|-supereffective|p1a: Iron goth\n|-damage|p1a: Iron goth|3\/100\n|move|p1a: Iron goth|Fiery Dance|p2a: Redveil\n|-resisted|p2a: Redveil\n|-damage|p2a: Redveil|0 fnt\n|-boost|p1a: Iron goth|spa|1\n|faint|p2a: Redveil\n|-end|p2a: Redveil|Quark Drive|[silent]\n|\n|upkeep\n|\n|t:|1699693708\n|switch|p2a: Ace Spectrum|Clefable, F|35\/100\n|turn|13\n|\n|t:|1699693712\n|move|p1a: Iron goth|Fiery Dance|p2a: Ace Spectrum\n|-damage|p2a: Ace Spectrum|0 fnt\n|-boost|p1a: Iron goth|spa|1\n|faint|p2a: Ace Spectrum\n|\n|upkeep\n|\n|t:|1699693720\n|switch|p2a: Sam Ezeh|Ogerpon-Wellspring-Tera, F, tera:Water|72\/100\n|-ability|p2a: Sam Ezeh|Embody Aspect (Wellspring)|boost\n|-boost|p2a: Sam Ezeh|spd|1\n|turn|14\n|\n|t:|1699693749\n|-terastallize|p1a: Iron goth|Fairy\n|move|p1a: Iron goth|Dazzling Gleam|p2a: Sam Ezeh\n|-damage|p2a: Sam Ezeh|6\/100\n|move|p2a: Sam Ezeh|Horn Leech|p1a: Iron goth\n|-damage|p1a: Iron goth|0 fnt\n|-heal|p2a: Sam Ezeh|8\/100|[from] drain|[of] p1a: Iron goth\n|faint|p1a: Iron goth\n|-end|p1a: Iron goth|Quark Drive|[silent]\n|\n|upkeep\n|\n|t:|1699693758\n|switch|p1a: Dragapult|Dragapult, F|15\/100\n|turn|15\n|\n|t:|1699693765\n|move|p1a: Dragapult|U-turn|p2a: Sam Ezeh\n|-damage|p2a: Sam Ezeh|0 fnt\n|faint|p2a: Sam Ezeh\n|\n|t:|1699693770\n|switch|p1a: Gholdengo|Gholdengo|100\/100|[from] U-turn\n|-item|p1a: Gholdengo|Air Balloon\n|\n|upkeep\n|\n|t:|1699693776\n|switch|p2a: The Fur.|Uxie, shiny|100\/100\n|turn|16\n|\n|t:|1699693793\n|move|p2a: The Fur.|Stealth Rock|p1a: Gholdengo\n|-sidestart|p1: ricodandy|move: Stealth Rock\n|move|p1a: Gholdengo|Shadow Ball|p2a: The Fur.\n|-supereffective|p2a: The Fur.\n|-damage|p2a: The Fur.|25\/100\n|\n|-heal|p2a: The Fur.|32\/100|[from] item: Leftovers\n|upkeep\n|turn|17\n|\n|t:|1699693804\n|move|p2a: The Fur.|Psychic|p1a: Gholdengo\n|-resisted|p1a: Gholdengo\n|-damage|p1a: Gholdengo|88\/100\n|-enditem|p1a: Gholdengo|Air Balloon\n|move|p1a: Gholdengo|Dazzling Gleam|p2a: The Fur.\n|-damage|p2a: The Fur.|9\/100\n|\n|-heal|p2a: The Fur.|15\/100|[from] item: Leftovers\n|upkeep\n|turn|18\n|\n|t:|1699693814\n|move|p2a: The Fur.|Psychic|p1a: Gholdengo\n|-resisted|p1a: Gholdengo\n|-damage|p1a: Gholdengo|75\/100\n|-unboost|p1a: Gholdengo|spd|1\n|move|p1a: Gholdengo|Shadow Ball|p2a: The Fur.\n|-supereffective|p2a: The Fur.\n|-damage|p2a: The Fur.|0 fnt\n|faint|p2a: The Fur.\n|\n|upkeep\n|\n|t:|1699693823\n|switch|p2a: Jay Safari|Dragapult, M|100\/100\n|turn|19\n|\n|t:|1699693828\n|move|p2a: Jay Safari|Flamethrower|p1a: Gholdengo\n|-supereffective|p1a: Gholdengo\n|-damage|p1a: Gholdengo|0 fnt\n|faint|p1a: Gholdengo\n|-damage|p2a: Jay Safari|91\/100|[from] item: Life Orb\n|\n|upkeep\n|\n|t:|1699693834\n|switch|p1a: Dragapult|Dragapult, F|15\/100\n|-damage|p1a: Dragapult|3\/100|[from] Stealth Rock\n|turn|20\n|\n|t:|1699693841\n|move|p2a: Jay Safari|Shadow Ball|p1a: Dragapult\n|-supereffective|p1a: Dragapult\n|-damage|p1a: Dragapult|0 fnt\n|faint|p1a: Dragapult\n|-damage|p2a: Jay Safari|81\/100|[from] item: Life Orb\n|\n|win|Usopp D Gawd\n|raw|ricodandy's rating: 1355 &rarr; <strong>1330<\/strong><br \/>(-25 for losing)\n|raw|Usopp D Gawd's rating: 1260 &rarr; <strong>1292<\/strong><br \/>(+32 for winning)\n|c|\u2606ricodandy|gg wp\n|c|\u2606Usopp D Gawd|GG\n|c|\u2606Usopp D Gawd|THAT WAS CLOSE\n|l|\u2606ricodandy\n","uploadtime":1699693863,"views":33,"p1id":"ricodandy","p2id":"usoppdgawd","formatid":"gen9ou","rating":1292,"private":0,"password":""}