{"id":"gen9ou-1990942088","p1":"Cupids Curse","p2":"41udson","format":"[Gen 9] OU","log":"|j|\u2606Cupids Curse\n|j|\u260641udson\n|t:|1700017776\n|gametype|singles\n|player|p1|Cupids Curse|koga-lgpe|1519\n|player|p2|41udson|n-masters|1407\n|teamsize|p1|6\n|teamsize|p2|6\n|gen|9\n|tier|[Gen 9] OU\n|rated|\n|rule|Sleep Clause Mod: Limit one foe put to sleep\n|rule|Species Clause: Limit one of each Pok\u00e9mon\n|rule|OHKO Clause: OHKO moves are banned\n|rule|Evasion Items Clause: Evasion items are banned\n|rule|Evasion Moves Clause: Evasion moves are banned\n|rule|Endless Battle Clause: Forcing endless battles is banned\n|rule|HP Percentage Mod: HP is shown in percentages\n|clearpoke\n|poke|p1|Dragonite, M|\n|poke|p1|Ceruledge, M|\n|poke|p1|Dondozo, F|\n|poke|p1|Rotom-Wash|\n|poke|p1|Kleavor, M|\n|poke|p1|Great Tusk|\n|poke|p2|Toxapex, F|\n|poke|p2|Garganacl, F|\n|poke|p2|Great Tusk|\n|poke|p2|Rillaboom, F|\n|poke|p2|Hoopa-Unbound|\n|poke|p2|Moltres|\n|teampreview\n|c|\u260641udson|gl hf\n|c|\u260641udson|yooo my boi kleavor got 3d\n|c|\u260641udson|he looks awesome\n|\n|t:|1700017808\n|start\n|switch|p1a: RinTin|Rotom-Wash|100\/100\n|switch|p2a: Rillaboom|Rillaboom, F|100\/100\n|-fieldstart|move: Grassy Terrain|[from] ability: Grassy Surge|[of] p2a: Rillaboom\n|turn|1\n|c|\u2606Cupids Curse|You too\n|c|\u2606Cupids Curse|Ikr sneasler too\n|\n|t:|1700017858\n|move|p2a: Rillaboom|Grassy Glide|p1a: RinTin\n|-supereffective|p1a: RinTin\n|-damage|p1a: RinTin|0 fnt\n|faint|p1a: RinTin\n|\n|upkeep\n|c|\u260641udson|it did, also looks really cool\n|\n|t:|1700017861\n|switch|p1a: Chops|Kleavor, M|100\/100\n|turn|2\n|\n|t:|1700017868\n|switch|p2a: Toxapex|Toxapex, F|100\/100\n|move|p1a: Chops|Stone Axe|p2a: Toxapex\n|-damage|p2a: Toxapex|55\/100\n|-damage|p1a: Chops|84\/100|[from] item: Rocky Helmet|[of] p2a: Toxapex\n|-sidestart|p2: 41udson|move: Stealth Rock\n|\n|-heal|p1a: Chops|90\/100|[from] Grassy Terrain\n|-heal|p2a: Toxapex|61\/100|[from] Grassy Terrain\n|upkeep\n|turn|3\n|\n|t:|1700017873\n|switch|p1a: Azeur|Ceruledge, M|100\/100\n|move|p2a: Toxapex|Surf|p1a: Azeur\n|-supereffective|p1a: Azeur\n|-damage|p1a: Azeur|54\/100\n|\n|-heal|p1a: Azeur|60\/100|[from] Grassy Terrain\n|-heal|p2a: Toxapex|67\/100|[from] Grassy Terrain\n|upkeep\n|turn|4\n|\n|t:|1700017878\n|move|p1a: Azeur|Poltergeist|p2a: Toxapex\n|-activate|p2a: Toxapex|move: Poltergeist|Rocky Helmet\n|-damage|p2a: Toxapex|33\/100\n|move|p2a: Toxapex|Surf|p1a: Azeur\n|-supereffective|p1a: Azeur\n|-damage|p1a: Azeur|16\/100\n|\n|-heal|p1a: Azeur|23\/100|[from] Grassy Terrain\n|-heal|p2a: Toxapex|40\/100|[from] Grassy Terrain\n|upkeep\n|turn|5\n|\n|t:|1700017894\n|move|p1a: Azeur|Poltergeist|p2a: Toxapex\n|-activate|p2a: Toxapex|move: Poltergeist|Rocky Helmet\n|-damage|p2a: Toxapex|8\/100\n|move|p2a: Toxapex|Recover|p2a: Toxapex\n|-heal|p2a: Toxapex|58\/100\n|\n|-heal|p1a: Azeur|29\/100|[from] Grassy Terrain\n|-heal|p2a: Toxapex|64\/100|[from] Grassy Terrain\n|-fieldend|move: Grassy Terrain\n|upkeep\n|turn|6\n|\n|t:|1700017910\n|switch|p1a: Chops|Kleavor, M|90\/100\n|move|p2a: Toxapex|Toxic Spikes|p1a: Chops\n|-sidestart|p1: Cupids Curse|move: Toxic Spikes\n|\n|upkeep\n|turn|7\n|\n|t:|1700017913\n|move|p2a: Toxapex|Baneful Bunker|p2a: Toxapex\n|-singleturn|p2a: Toxapex|move: Protect\n|move|p1a: Chops|Stone Axe|p2a: Toxapex\n|-activate|p2a: Toxapex|move: Protect\n|-status|p1a: Chops|psn\n|\n|-damage|p1a: Chops|78\/100 psn|[from] psn\n|upkeep\n|turn|8\n|\n|t:|1700017919\n|move|p1a: Chops|Stone Axe|p2a: Toxapex\n|-damage|p2a: Toxapex|18\/100\n|-damage|p1a: Chops|61\/100 psn|[from] item: Rocky Helmet|[of] p2a: Toxapex\n|move|p2a: Toxapex|Recover|p2a: Toxapex\n|-heal|p2a: Toxapex|68\/100\n|\n|-damage|p1a: Chops|49\/100 psn|[from] psn\n|upkeep\n|turn|9\n|\n|t:|1700017929\n|switch|p1a: Cloud|Dragonite, M|100\/100\n|move|p2a: Toxapex|Baneful Bunker||[still]\n|-fail|p2a: Toxapex\n|\n|upkeep\n|turn|10\n|\n|t:|1700017933\n|switch|p2a: Moltres|Moltres|100\/100\n|move|p1a: Cloud|Dragon Dance|p1a: Cloud\n|-boost|p1a: Cloud|atk|1\n|-boost|p1a: Cloud|spe|1\n|\n|upkeep\n|turn|11\n|\n|t:|1700017941\n|switch|p1a: Chops|Kleavor, M|49\/100 psn\n|move|p2a: Moltres|Will-O-Wisp|p1a: Chops|[miss]\n|-miss|p2a: Moltres|p1a: Chops\n|\n|-damage|p1a: Chops|36\/100 psn|[from] psn\n|upkeep\n|turn|12\n|\n|t:|1700017946\n|switch|p2a: Toxapex|Toxapex, F|100\/100\n|-damage|p2a: Toxapex|88\/100|[from] Stealth Rock\n|move|p1a: Chops|Stone Axe|p2a: Toxapex\n|-damage|p2a: Toxapex|41\/100\n|-damage|p1a: Chops|20\/100 psn|[from] item: Rocky Helmet|[of] p2a: Toxapex\n|\n|-damage|p1a: Chops|8\/100 psn|[from] psn\n|upkeep\n|turn|13\n|\n|t:|1700017963\n|switch|p1a: Azeur|Ceruledge, M|29\/100\n|move|p2a: Toxapex|Baneful Bunker||[still]\n|-fail|p2a: Toxapex\n|\n|upkeep\n|turn|14\n|\n|t:|1700017966\n|move|p1a: Azeur|Poltergeist|p2a: Toxapex\n|-activate|p2a: Toxapex|move: Poltergeist|Rocky Helmet\n|-damage|p2a: Toxapex|7\/100\n|move|p2a: Toxapex|Recover|p2a: Toxapex\n|-heal|p2a: Toxapex|57\/100\n|\n|upkeep\n|turn|15\n|\n|t:|1700017971\n|move|p1a: Azeur|Poltergeist|p2a: Toxapex\n|-activate|p2a: Toxapex|move: Poltergeist|Rocky Helmet\n|-damage|p2a: Toxapex|27\/100\n|move|p2a: Toxapex|Recover|p2a: Toxapex\n|-heal|p2a: Toxapex|77\/100\n|\n|upkeep\n|turn|16\n|\n|t:|1700017975\n|move|p1a: Azeur|Will-O-Wisp|p2a: Toxapex\n|-status|p2a: Toxapex|brn\n|move|p2a: Toxapex|Surf|p1a: Azeur\n|-supereffective|p1a: Azeur\n|-damage|p1a: Azeur|0 fnt\n|faint|p1a: Azeur\n|\n|-damage|p2a: Toxapex|71\/100 brn|[from] brn\n|upkeep\n|\n|t:|1700017983\n|switch|p1a: Cloud|Dragonite, M|100\/100\n|turn|17\n|\n|t:|1700017987\n|switch|p2a: Moltres|Moltres|100\/100\n|move|p1a: Cloud|Dragon Dance|p1a: Cloud\n|-boost|p1a: Cloud|atk|1\n|-boost|p1a: Cloud|spe|1\n|\n|upkeep\n|turn|18\n|\n|t:|1700017994\n|move|p1a: Cloud|Dragon Dance|p1a: Cloud\n|-boost|p1a: Cloud|atk|1\n|-boost|p1a: Cloud|spe|1\n|move|p2a: Moltres|Will-O-Wisp|p1a: Cloud\n|-status|p1a: Cloud|brn\n|\n|-damage|p1a: Cloud|94\/100 brn|[from] brn\n|upkeep\n|turn|19\n|\n|t:|1700018000\n|move|p1a: Cloud|Dragon Dance|p1a: Cloud\n|-boost|p1a: Cloud|atk|1\n|-boost|p1a: Cloud|spe|1\n|move|p2a: Moltres|Hurricane|p1a: Cloud|[miss]\n|-miss|p2a: Moltres|p1a: Cloud\n|\n|-damage|p1a: Cloud|88\/100 brn|[from] brn\n|upkeep\n|turn|20\n|\n|t:|1700018005\n|move|p1a: Cloud|Dragon Dance|p1a: Cloud\n|-boost|p1a: Cloud|atk|1\n|-boost|p1a: Cloud|spe|1\n|move|p2a: Moltres|Hurricane|p1a: Cloud\n|-damage|p1a: Cloud|43\/100 brn\n|\n|-damage|p1a: Cloud|36\/100 brn|[from] brn\n|upkeep\n|turn|21\n|\n|t:|1700018020\n|-terastallize|p1a: Cloud|Flying\n|-terastallize|p2a: Moltres|Fairy\n|move|p1a: Cloud|Tera Blast|p2a: Moltres|[anim] Tera Blast Flying\n|-damage|p2a: Moltres|8\/100\n|move|p2a: Moltres|Hurricane|p1a: Cloud|[miss]\n|-miss|p2a: Moltres|p1a: Cloud\n|\n|-damage|p1a: Cloud|30\/100 brn|[from] brn\n|upkeep\n|turn|22\n|c|\u260641udson|not the outcome i wanted\n|\n|t:|1700018043\n|switch|p2a: Toxapex|Toxapex, F|100\/100 brn\n|-damage|p2a: Toxapex|88\/100 brn|[from] Stealth Rock\n|move|p1a: Cloud|Tera Blast|p2a: Toxapex|[anim] Tera Blast Flying\n|-damage|p2a: Toxapex|34\/100 brn\n|\n|-damage|p1a: Cloud|24\/100 brn|[from] brn\n|-damage|p2a: Toxapex|28\/100 brn|[from] brn\n|upkeep\n|turn|23\n|\n|t:|1700018046\n|move|p2a: Toxapex|Baneful Bunker|p2a: Toxapex\n|-singleturn|p2a: Toxapex|move: Protect\n|move|p1a: Cloud|Tera Blast|p2a: Toxapex|[anim] Tera Blast Flying\n|-activate|p2a: Toxapex|move: Protect\n|\n|-damage|p1a: Cloud|18\/100 brn|[from] brn\n|-damage|p2a: Toxapex|22\/100 brn|[from] brn\n|upkeep\n|turn|24\n|\n|t:|1700018049\n|switch|p2a: Moltres|Moltres, tera:Fairy|8\/100\n|move|p1a: Cloud|Tera Blast|p2a: Moltres|[anim] Tera Blast Flying\n|-damage|p2a: Moltres|0 fnt\n|faint|p2a: Moltres\n|\n|-damage|p1a: Cloud|12\/100 brn|[from] brn\n|upkeep\n|\n|t:|1700018052\n|switch|p2a: Toxapex|Toxapex, F|55\/100 brn\n|-damage|p2a: Toxapex|42\/100 brn|[from] Stealth Rock\n|turn|25\n|\n|t:|1700018055\n|move|p2a: Toxapex|Baneful Bunker|p2a: Toxapex\n|-singleturn|p2a: Toxapex|move: Protect\n|move|p1a: Cloud|Tera Blast|p2a: Toxapex|[anim] Tera Blast Flying\n|-activate|p2a: Toxapex|move: Protect\n|\n|-damage|p1a: Cloud|5\/100 brn|[from] brn\n|-damage|p2a: Toxapex|36\/100 brn|[from] brn\n|upkeep\n|turn|26\n|\n|t:|1700018062\n|switch|p2a: Garganacl|Garganacl, F|100\/100\n|-damage|p2a: Garganacl|88\/100|[from] Stealth Rock\n|move|p1a: Cloud|Earthquake|p2a: Garganacl\n|-supereffective|p2a: Garganacl\n|-crit|p2a: Garganacl\n|-damage|p2a: Garganacl|0 fnt\n|faint|p2a: Garganacl\n|\n|-damage|p1a: Cloud|0 fnt|[from] brn\n|faint|p1a: Cloud\n|upkeep\n|\n|t:|1700018076\n|switch|p1a: Basin|Dondozo, F|100\/100\n|switch|p2a: Great Tusk|Great Tusk|100\/100\n|-damage|p2a: Great Tusk|98\/100|[from] Stealth Rock\n|-status|p1a: Basin|psn\n|turn|27\n|\n|t:|1700018080\n|move|p2a: Great Tusk|Knock Off|p1a: Basin\n|-damage|p1a: Basin|87\/100 psn\n|-damage|p2a: Great Tusk|81\/100|[from] item: Rocky Helmet|[of] p1a: Basin\n|-enditem|p1a: Basin|Rocky Helmet|[from] move: Knock Off|[of] p2a: Great Tusk\n|move|p1a: Basin|Liquidation|p2a: Great Tusk\n|-supereffective|p2a: Great Tusk\n|-damage|p2a: Great Tusk|46\/100\n|-unboost|p2a: Great Tusk|def|1\n|\n|-heal|p2a: Great Tusk|53\/100|[from] item: Leftovers\n|-damage|p1a: Basin|75\/100 psn|[from] psn\n|upkeep\n|turn|28\n|\n|t:|1700018082\n|move|p2a: Great Tusk|Rapid Spin|p1a: Basin\n|-damage|p1a: Basin|68\/100 psn\n|-boost|p2a: Great Tusk|spe|1\n|-sideend|p2: 41udson|Stealth Rock|[from] move: Rapid Spin|[of] p2a: Great Tusk\n|move|p1a: Basin|Liquidation|p2a: Great Tusk\n|-supereffective|p2a: Great Tusk\n|-damage|p2a: Great Tusk|21\/100\n|\n|-heal|p2a: Great Tusk|27\/100|[from] item: Leftovers\n|-damage|p1a: Basin|56\/100 psn|[from] psn\n|upkeep\n|turn|29\n|\n|t:|1700018086\n|move|p2a: Great Tusk|Headlong Rush|p1a: Basin\n|-damage|p1a: Basin|32\/100 psn\n|-unboost|p2a: Great Tusk|def|1\n|-unboost|p2a: Great Tusk|spd|1\n|move|p1a: Basin|Rest|p1a: Basin\n|-status|p1a: Basin|slp|[from] move: Rest\n|-heal|p1a: Basin|100\/100 slp|[silent]\n|\n|-heal|p2a: Great Tusk|33\/100|[from] item: Leftovers\n|upkeep\n|turn|30\n|\n|t:|1700018091\n|-end|p2a: Great Tusk|Protosynthesis|[silent]\n|switch|p2a: Rillaboom|Rillaboom, F|100\/100\n|-fieldstart|move: Grassy Terrain|[from] ability: Grassy Surge|[of] p2a: Rillaboom\n|cant|p1a: Basin|slp\n|move|p1a: Basin|Sleep Talk|p1a: Basin\n|move|p1a: Basin|Rest||[from]move: Sleep Talk|[still]\n|-fail|p1a: Basin\n|\n|upkeep\n|turn|31\n|\n|t:|1700018094\n|move|p2a: Rillaboom|Wood Hammer|p1a: Basin\n|-supereffective|p1a: Basin\n|-damage|p1a: Basin|0 fnt\n|faint|p1a: Basin\n|-damage|p2a: Rillaboom|52\/100|[from] Recoil\n|\n|-heal|p2a: Rillaboom|58\/100|[from] Grassy Terrain\n|upkeep\n|\n|t:|1700018096\n|switch|p1a: Chops|Kleavor, M|8\/100 psn\n|turn|32\n|\n|t:|1700018100\n|switch|p2a: Great Tusk|Great Tusk|33\/100\n|move|p1a: Chops|U-turn|p2a: Great Tusk\n|-resisted|p2a: Great Tusk\n|-damage|p2a: Great Tusk|17\/100\n|\n|t:|1700018102\n|switch|p1a: Behemoth|Great Tusk|100\/100|[from] U-turn\n|-status|p1a: Behemoth|psn\n|\n|-heal|p2a: Great Tusk|24\/100|[from] Grassy Terrain\n|-heal|p2a: Great Tusk|30\/100|[from] item: Leftovers\n|-damage|p1a: Behemoth|88\/100 psn|[from] psn\n|upkeep\n|turn|33\n|\n|t:|1700018105\n|move|p1a: Behemoth|Close Combat|p2a: Great Tusk\n|-damage|p2a: Great Tusk|0 fnt\n|-unboost|p1a: Behemoth|def|1\n|-unboost|p1a: Behemoth|spd|1\n|faint|p2a: Great Tusk\n|-end|p2a: Great Tusk|Protosynthesis|[silent]\n|\n|-heal|p1a: Behemoth|94\/100 psn|[from] Grassy Terrain\n|-heal|p1a: Behemoth|100\/100 psn|[from] item: Leftovers\n|-damage|p1a: Behemoth|88\/100 psn|[from] psn\n|upkeep\n|\n|t:|1700018109\n|switch|p2a: Rillaboom|Rillaboom, F|58\/100\n|turn|34\n|\n|t:|1700018113\n|-end|p1a: Behemoth|Protosynthesis|[silent]\n|switch|p1a: Chops|Kleavor, M|8\/100 psn\n|move|p2a: Rillaboom|Grassy Glide|p1a: Chops\n|-damage|p1a: Chops|0 fnt\n|faint|p1a: Chops\n|\n|-heal|p2a: Rillaboom|64\/100|[from] Grassy Terrain\n|-fieldend|move: Grassy Terrain\n|upkeep\n|\n|t:|1700018114\n|switch|p1a: Behemoth|Great Tusk|88\/100 psn\n|turn|35\n|\n|t:|1700018121\n|switch|p2a: Hoopa|Hoopa-Unbound|100\/100\n|move|p1a: Behemoth|Close Combat|p2a: Hoopa\n|-crit|p2a: Hoopa\n|-damage|p2a: Hoopa|0 fnt\n|-unboost|p1a: Behemoth|def|1\n|-unboost|p1a: Behemoth|spd|1\n|faint|p2a: Hoopa\n|\n|-heal|p1a: Behemoth|94\/100 psn|[from] item: Leftovers\n|-damage|p1a: Behemoth|82\/100 psn|[from] psn\n|upkeep\n|\n|t:|1700018124\n|switch|p2a: Toxapex|Toxapex, F|69\/100 brn\n|turn|36\n|\n|t:|1700018126\n|move|p2a: Toxapex|Baneful Bunker|p2a: Toxapex\n|-singleturn|p2a: Toxapex|move: Protect\n|move|p1a: Behemoth|Headlong Rush|p2a: Toxapex\n|-activate|p2a: Toxapex|move: Protect\n|\n|-heal|p1a: Behemoth|88\/100 psn|[from] item: Leftovers\n|-damage|p1a: Behemoth|76\/100 psn|[from] psn\n|-damage|p2a: Toxapex|63\/100 brn|[from] brn\n|upkeep\n|turn|37\n|\n|t:|1700018130\n|move|p1a: Behemoth|Headlong Rush|p2a: Toxapex\n|-supereffective|p2a: Toxapex\n|-damage|p2a: Toxapex|0 fnt\n|-unboost|p1a: Behemoth|def|1\n|-unboost|p1a: Behemoth|spd|1\n|-damage|p1a: Behemoth|59\/100 psn|[from] item: Rocky Helmet|[of] p2a: Toxapex\n|faint|p2a: Toxapex\n|\n|-heal|p1a: Behemoth|65\/100 psn|[from] item: Leftovers\n|-damage|p1a: Behemoth|53\/100 psn|[from] psn\n|upkeep\n|\n|t:|1700018133\n|switch|p2a: Rillaboom|Rillaboom, F|64\/100\n|-fieldstart|move: Grassy Terrain|[from] ability: Grassy Surge|[of] p2a: Rillaboom\n|turn|38\n|\n|t:|1700018135\n|move|p2a: Rillaboom|Grassy Glide|p1a: Behemoth\n|-supereffective|p1a: Behemoth\n|-damage|p1a: Behemoth|0 fnt\n|faint|p1a: Behemoth\n|-end|p1a: Behemoth|Protosynthesis|[silent]\n|\n|win|41udson\n|raw|Cupids Curse's rating: 1519 &rarr; <strong>1493<\/strong><br \/>(-26 for losing)\n|raw|41udson's rating: 1407 &rarr; <strong>1433<\/strong><br \/>(+26 for winning)\n|c|\u260641udson|gg\n|c|\u2606Cupids Curse|Gg\n|l|\u2606Cupids Curse\n","uploadtime":1700018177,"views":6,"p1id":"cupidscurse","p2id":"41udson","formatid":"gen9ou","rating":1433,"private":0,"password":""}