{"id":"gen9ou-1995306810","p1":"Yeah32","p2":"Farstick","format":"[Gen 9] OU","log":"|j|\u2606Yeah32\n|j|\u2606Farstick\n|t:|1700550737\n|gametype|singles\n|player|p1|Yeah32|1|1297\n|player|p2|Farstick|170|1280\n|teamsize|p1|6\n|teamsize|p2|6\n|gen|9\n|tier|[Gen 9] OU\n|rated|\n|rule|Sleep Clause Mod: Limit one foe put to sleep\n|rule|Species Clause: Limit one of each Pok\u00e9mon\n|rule|OHKO Clause: OHKO moves are banned\n|rule|Evasion Items Clause: Evasion items are banned\n|rule|Evasion Moves Clause: Evasion moves are banned\n|rule|Endless Battle Clause: Forcing endless battles is banned\n|rule|HP Percentage Mod: HP is shown in percentages\n|clearpoke\n|poke|p1|Dragapult, M|\n|poke|p1|Tyranitar, M|\n|poke|p1|Goodra-Hisui, M|\n|poke|p1|Gholdengo|\n|poke|p1|Toxapex, M|\n|poke|p1|Hawlucha, F|\n|poke|p2|Ogerpon-Wellspring, F|\n|poke|p2|Gholdengo|\n|poke|p2|Kingambit, F|\n|poke|p2|Zamazenta-*|\n|poke|p2|Enamorus, F|\n|poke|p2|Glimmora, F|\n|teampreview\n|inactive|Battle timer is ON: inactive players will automatically lose when time's up. (requested by Farstick)\n|\n|t:|1700550748\n|start\n|switch|p1a: Tyranitar|Tyranitar, M|100\/100\n|switch|p2a: Glimmora|Glimmora, F|100\/100\n|-weather|Sandstorm|[from] ability: Sand Stream|[of] p1a: Tyranitar\n|turn|1\n|\n|t:|1700550761\n|move|p2a: Glimmora|Earth Power|p1a: Tyranitar\n|-supereffective|p1a: Tyranitar\n|-damage|p1a: Tyranitar|65\/100\n|move|p1a: Tyranitar|Thunder Wave|p2a: Glimmora\n|-status|p2a: Glimmora|par\n|\n|-weather|Sandstorm|[upkeep]\n|-heal|p1a: Tyranitar|72\/100|[from] item: Leftovers\n|upkeep\n|turn|2\n|\n|t:|1700550774\n|move|p1a: Tyranitar|Stealth Rock|p2a: Glimmora\n|-sidestart|p2: Farstick|move: Stealth Rock\n|move|p2a: Glimmora|Mortal Spin|p1a: Tyranitar\n|-resisted|p1a: Tyranitar\n|-damage|p1a: Tyranitar|70\/100\n|-status|p1a: Tyranitar|psn\n|-sideend|p2: Farstick|Stealth Rock|[from] move: Mortal Spin|[of] p2a: Glimmora\n|\n|-weather|Sandstorm|[upkeep]\n|-heal|p1a: Tyranitar|76\/100 psn|[from] item: Leftovers\n|-damage|p1a: Tyranitar|63\/100 psn|[from] psn\n|upkeep\n|turn|3\n|\n|t:|1700550782\n|move|p1a: Tyranitar|Crunch|p2a: Glimmora\n|-damage|p2a: Glimmora|46\/100 par\n|-activate|p2a: Glimmora|ability: Toxic Debris\n|-sidestart|p1: Yeah32|move: Toxic Spikes\n|move|p2a: Glimmora|Spikes|p1a: Tyranitar\n|-sidestart|p1: Yeah32|Spikes\n|\n|-weather|Sandstorm|[upkeep]\n|-heal|p1a: Tyranitar|70\/100 psn|[from] item: Leftovers\n|-damage|p1a: Tyranitar|57\/100 psn|[from] psn\n|upkeep\n|turn|4\n|\n|t:|1700550788\n|move|p1a: Tyranitar|Crunch|p2a: Glimmora\n|-damage|p2a: Glimmora|0 fnt\n|-activate|p2a: Glimmora|ability: Toxic Debris\n|-sidestart|p1: Yeah32|move: Toxic Spikes\n|faint|p2a: Glimmora\n|\n|-weather|Sandstorm|[upkeep]\n|-heal|p1a: Tyranitar|63\/100 psn|[from] item: Leftovers\n|-damage|p1a: Tyranitar|51\/100 psn|[from] psn\n|upkeep\n|\n|t:|1700550796\n|switch|p2a: Ogerpon|Ogerpon-Wellspring, F|100\/100\n|turn|5\n|\n|t:|1700550803\n|switch|p1a: Toxapex|Toxapex, M|100\/100\n|-sideend|p1: Yeah32|move: Toxic Spikes|[of] p1a: Toxapex\n|-damage|p1a: Toxapex|88\/100|[from] Spikes\n|move|p2a: Ogerpon|Ivy Cudgel|p1a: Toxapex|[anim] Ivy Cudgel Water\n|-resisted|p1a: Toxapex\n|-damage|p1a: Toxapex|63\/100\n|\n|-weather|none\n|-heal|p1a: Toxapex|69\/100|[from] item: Leftovers\n|upkeep\n|turn|6\n|inactive|Farstick has 120 seconds left.\n|\n|t:|1700550843\n|switch|p2a: Gholdengo|Gholdengo|100\/100\n|-item|p2a: Gholdengo|Air Balloon\n|move|p1a: Toxapex|Toxic|p2a: Gholdengo\n|-immune|p2a: Gholdengo|[from] ability: Good as Gold\n|\n|-heal|p1a: Toxapex|75\/100|[from] item: Leftovers\n|upkeep\n|turn|7\n|inactive|Farstick has 120 seconds left.\n|\n|t:|1700550851\n|move|p2a: Gholdengo|Psyshock|p1a: Toxapex\n|-supereffective|p1a: Toxapex\n|-damage|p1a: Toxapex|34\/100\n|move|p1a: Toxapex|Liquidation|p2a: Gholdengo\n|-damage|p2a: Gholdengo|76\/100\n|-enditem|p2a: Gholdengo|Air Balloon\n|\n|-heal|p1a: Toxapex|40\/100|[from] item: Leftovers\n|upkeep\n|turn|8\n|\n|t:|1700550859\n|switch|p1a: Goodra|Goodra-Hisui, M|100\/100\n|-damage|p1a: Goodra|88\/100|[from] Spikes\n|move|p2a: Gholdengo|Psyshock|p1a: Goodra\n|-resisted|p1a: Goodra\n|-crit|p1a: Goodra\n|-damage|p1a: Goodra|70\/100\n|\n|upkeep\n|turn|9\n|\n|t:|1700550870\n|switch|p2a: Zamazenta|Zamazenta|100\/100\n|-ability|p2a: Zamazenta|Dauntless Shield|boost\n|-boost|p2a: Zamazenta|def|1\n|move|p1a: Goodra|Fire Blast|p2a: Zamazenta\n|-damage|p2a: Zamazenta|75\/100\n|\n|-heal|p2a: Zamazenta|81\/100|[from] item: Leftovers\n|upkeep\n|turn|10\n|\n|t:|1700550885\n|switch|p1a: Dragapult|Dragapult, M, shiny|100\/100\n|-damage|p1a: Dragapult|88\/100|[from] Spikes\n|move|p2a: Zamazenta|Substitute|p2a: Zamazenta\n|-start|p2a: Zamazenta|Substitute\n|-damage|p2a: Zamazenta|56\/100\n|\n|-heal|p2a: Zamazenta|62\/100|[from] item: Leftovers\n|upkeep\n|turn|11\n|\n|t:|1700550892\n|move|p1a: Dragapult|Draco Meteor|p2a: Zamazenta\n|-damage|p2a: Zamazenta|0 fnt\n|-unboost|p1a: Dragapult|spa|2\n|faint|p2a: Zamazenta\n|\n|upkeep\n|\n|t:|1700550899\n|switch|p2a: Enamorus|Enamorus, F|100\/100\n|turn|12\n|\n|t:|1700550909\n|switch|p1a: Toxapex|Toxapex, M|73\/100\n|-damage|p1a: Toxapex|61\/100|[from] Spikes\n|move|p2a: Enamorus|Earth Power|p1a: Toxapex\n|-supereffective|p1a: Toxapex\n|-damage|p1a: Toxapex|20\/100\n|\n|-heal|p1a: Toxapex|26\/100|[from] item: Leftovers\n|upkeep\n|turn|13\n|\n|t:|1700550920\n|move|p2a: Enamorus|Earth Power|p1a: Toxapex\n|-supereffective|p1a: Toxapex\n|-damage|p1a: Toxapex|0 fnt\n|faint|p1a: Toxapex\n|\n|upkeep\n|\n|t:|1700550925\n|switch|p1a: Hawlucha|Hawlucha, F, shiny|100\/100\n|-ability|p1a: Hawlucha|Mold Breaker\n|turn|14\n|\n|t:|1700550932\n|switch|p2a: Gholdengo|Gholdengo|76\/100\n|move|p1a: Hawlucha|U-turn|p2a: Gholdengo\n|-resisted|p2a: Gholdengo\n|-damage|p2a: Gholdengo|72\/100\n|\n|t:|1700550938\n|switch|p1a: Gholdengo|Gholdengo|100\/100|[from] U-turn\n|-damage|p1a: Gholdengo|88\/100|[from] Spikes\n|\n|upkeep\n|turn|15\n|\n|t:|1700550946\n|switch|p2a: Kingambit|Kingambit, F|100\/100\n|-activate|p2a: Kingambit|ability: Supreme Overlord\n|-start|p2a: Kingambit|fallen2|[silent]\n|move|p1a: Gholdengo|Shadow Ball|p2a: Kingambit\n|-resisted|p2a: Kingambit\n|-damage|p2a: Kingambit|80\/100\n|\n|upkeep\n|turn|16\n|\n|t:|1700550956\n|switch|p1a: Hawlucha|Hawlucha, F, shiny|100\/100\n|-ability|p1a: Hawlucha|Mold Breaker\n|move|p2a: Kingambit|Kowtow Cleave|p1a: Hawlucha\n|-resisted|p1a: Hawlucha\n|-damage|p1a: Hawlucha|76\/100\n|\n|-heal|p1a: Hawlucha|82\/100|[from] item: Leftovers\n|upkeep\n|turn|17\n|\n|t:|1700550965\n|-end|p2a: Kingambit|fallen2|[silent]\n|switch|p2a: Gholdengo|Gholdengo|72\/100\n|move|p1a: Hawlucha|U-turn|p2a: Gholdengo\n|-resisted|p2a: Gholdengo\n|-damage|p2a: Gholdengo|68\/100\n|\n|t:|1700550978\n|switch|p1a: Dragapult|Dragapult, M, shiny|88\/100|[from] U-turn\n|-damage|p1a: Dragapult|76\/100|[from] Spikes\n|\n|upkeep\n|turn|18\n|\n|t:|1700550985\n|switch|p2a: Kingambit|Kingambit, F|80\/100\n|-activate|p2a: Kingambit|ability: Supreme Overlord\n|-start|p2a: Kingambit|fallen2|[silent]\n|move|p1a: Dragapult|Flamethrower|p2a: Kingambit\n|-supereffective|p2a: Kingambit\n|-damage|p2a: Kingambit|3\/100\n|\n|upkeep\n|turn|19\n|\n|t:|1700550993\n|switch|p1a: Hawlucha|Hawlucha, F, shiny|82\/100\n|-ability|p1a: Hawlucha|Mold Breaker\n|move|p2a: Kingambit|Sucker Punch||[still]\n|-fail|p2a: Kingambit\n|\n|-heal|p1a: Hawlucha|89\/100|[from] item: Leftovers\n|upkeep\n|turn|20\n|\n|t:|1700551003\n|-end|p2a: Kingambit|fallen2|[silent]\n|switch|p2a: Enamorus|Enamorus, F|100\/100\n|move|p1a: Hawlucha|Defog|p2a: Enamorus\n|-unboost|p2a: Enamorus|evasion|1\n|-sideend|p1: Yeah32|Spikes|[from] move: Defog|[of] p1a: Hawlucha\n|\n|-heal|p1a: Hawlucha|95\/100|[from] item: Leftovers\n|upkeep\n|turn|21\n|\n|t:|1700551010\n|switch|p1a: Tyranitar|Tyranitar, M|51\/100 psn\n|-weather|Sandstorm|[from] ability: Sand Stream|[of] p1a: Tyranitar\n|move|p2a: Enamorus|Moonblast|p1a: Tyranitar\n|-supereffective|p1a: Tyranitar\n|-damage|p1a: Tyranitar|0 fnt\n|faint|p1a: Tyranitar\n|\n|-weather|Sandstorm|[upkeep]\n|-damage|p2a: Enamorus|94\/100|[from] Sandstorm\n|upkeep\n|\n|t:|1700551018\n|switch|p1a: Gholdengo|Gholdengo|88\/100\n|turn|22\n|\n|t:|1700551032\n|switch|p2a: Gholdengo|Gholdengo|68\/100\n|move|p1a: Gholdengo|Shadow Ball|p2a: Gholdengo\n|-supereffective|p2a: Gholdengo\n|-damage|p2a: Gholdengo|0 fnt\n|faint|p2a: Gholdengo\n|\n|-weather|Sandstorm|[upkeep]\n|upkeep\n|\n|t:|1700551041\n|switch|p2a: Ogerpon|Ogerpon-Wellspring, F|100\/100\n|turn|23\n|\n|t:|1700551055\n|-terastallize|p2a: Ogerpon|Water\n|detailschange|p2a: Ogerpon|Ogerpon-Wellspring-Tera, F, tera:Water\n|-ability|p2a: Ogerpon|Embody Aspect (Wellspring)|boost\n|-boost|p2a: Ogerpon|spd|1\n|move|p1a: Gholdengo|Shadow Ball|p2a: Ogerpon\n|-damage|p2a: Ogerpon|66\/100\n|move|p2a: Ogerpon|Ivy Cudgel|p1a: Gholdengo|[anim] Ivy Cudgel Water\n|-damage|p1a: Gholdengo|1\/100\n|\n|-weather|Sandstorm|[upkeep]\n|-damage|p2a: Ogerpon|60\/100|[from] Sandstorm\n|upkeep\n|turn|24\n|\n|t:|1700551067\n|switch|p1a: Hawlucha|Hawlucha, F, shiny|95\/100\n|-ability|p1a: Hawlucha|Mold Breaker\n|move|p2a: Ogerpon|Ivy Cudgel|p1a: Hawlucha|[anim] Ivy Cudgel Water\n|-damage|p1a: Hawlucha|31\/100\n|\n|-weather|Sandstorm|[upkeep]\n|-damage|p2a: Ogerpon|54\/100|[from] Sandstorm\n|-damage|p1a: Hawlucha|25\/100|[from] Sandstorm\n|-heal|p1a: Hawlucha|31\/100|[from] item: Leftovers\n|upkeep\n|turn|25\n|\n|t:|1700551076\n|move|p2a: Ogerpon|Ivy Cudgel|p1a: Hawlucha|[anim] Ivy Cudgel Water\n|-damage|p1a: Hawlucha|0 fnt\n|faint|p1a: Hawlucha\n|\n|-weather|none\n|upkeep\n|\n|t:|1700551081\n|switch|p1a: Dragapult|Dragapult, M, shiny|76\/100\n|turn|26\n|\n|t:|1700551089\n|move|p1a: Dragapult|Draco Meteor|p2a: Ogerpon\n|-damage|p2a: Ogerpon|0 fnt\n|-unboost|p1a: Dragapult|spa|2\n|faint|p2a: Ogerpon\n|\n|upkeep\n|\n|t:|1700551097\n|switch|p2a: Enamorus|Enamorus, F|94\/100\n|turn|27\n|\n|t:|1700551100\n|switch|p1a: Goodra|Goodra-Hisui, M|70\/100\n|move|p2a: Enamorus|Earth Power|p1a: Goodra\n|-supereffective|p1a: Goodra\n|-damage|p1a: Goodra|40\/100\n|\n|upkeep\n|turn|28\n|\n|t:|1700551110\n|move|p2a: Enamorus|Earth Power|p1a: Goodra\n|-supereffective|p1a: Goodra\n|-damage|p1a: Goodra|13\/100\n|-unboost|p1a: Goodra|spd|1\n|move|p1a: Goodra|Iron Head|p2a: Enamorus\n|-supereffective|p2a: Enamorus\n|-damage|p2a: Enamorus|0 fnt\n|faint|p2a: Enamorus\n|\n|upkeep\n|\n|t:|1700551112\n|switch|p2a: Kingambit|Kingambit, F|3\/100\n|-activate|p2a: Kingambit|ability: Supreme Overlord\n|-start|p2a: Kingambit|fallen5|[silent]\n|turn|29\n|\n|t:|1700551117\n|move|p2a: Kingambit|Sucker Punch|p1a: Goodra\n|-damage|p1a: Goodra|0 fnt\n|faint|p1a: Goodra\n|\n|upkeep\n|\n|t:|1700551125\n|switch|p1a: Dragapult|Dragapult, M, shiny|76\/100\n|turn|30\n|\n|t:|1700551128\n|switch|p1a: Gholdengo|Gholdengo|1\/100\n|move|p2a: Kingambit|Sucker Punch||[still]\n|-fail|p2a: Kingambit\n|\n|upkeep\n|turn|31\n|\n|t:|1700551131\n|switch|p1a: Dragapult|Dragapult, M, shiny|76\/100\n|move|p2a: Kingambit|Sucker Punch||[still]\n|-fail|p2a: Kingambit\n|\n|upkeep\n|turn|32\n|\n|t:|1700551135\n|move|p2a: Kingambit|Sucker Punch|p1a: Dragapult\n|-supereffective|p1a: Dragapult\n|-damage|p1a: Dragapult|0 fnt\n|faint|p1a: Dragapult\n|\n|upkeep\n|\n|t:|1700551139\n|switch|p1a: Gholdengo|Gholdengo|1\/100\n|turn|33\n|\n|t:|1700551141\n|move|p2a: Kingambit|Sucker Punch||[still]\n|-fail|p2a: Kingambit\n|move|p1a: Gholdengo|Trick|p2a: Kingambit\n|-activate|p1a: Gholdengo|move: Trick|[of] p2a: Kingambit\n|-item|p2a: Kingambit|Choice Scarf|[from] move: Trick\n|-item|p1a: Gholdengo|Lum Berry|[from] move: Trick\n|\n|upkeep\n|turn|34\n|\n|t:|1700551151\n|move|p1a: Gholdengo|Trick|p2a: Kingambit\n|-activate|p1a: Gholdengo|move: Trick|[of] p2a: Kingambit\n|-item|p2a: Kingambit|Lum Berry|[from] move: Trick\n|-item|p1a: Gholdengo|Choice Scarf|[from] move: Trick\n|move|p2a: Kingambit|Kowtow Cleave|p1a: Gholdengo\n|-supereffective|p1a: Gholdengo\n|-damage|p1a: Gholdengo|0 fnt\n|faint|p1a: Gholdengo\n|\n|win|Farstick\n|raw|Yeah32's rating: 1297 &rarr; <strong>1271<\/strong><br \/>(-26 for losing)\n|raw|Farstick's rating: 1280 &rarr; <strong>1306<\/strong><br \/>(+26 for winning)\n|l|\u2606Yeah32\n|c|\u2606Farstick|gg\n","uploadtime":1700551168,"views":10,"p1id":"yeah32","p2id":"farstick","formatid":"gen9ou","rating":1271,"private":0,"password":""}