{"id":"gen9ou-2000550983","p1":"royalaegis1234","p2":"Gabriel5192","format":"[Gen 9] OU","log":"|j|\u2606royalaegis1234\n|j|\u2606Gabriel5192\n|t:|1701204540\n|gametype|singles\n|player|p1|royalaegis1234|benga|1387\n|player|p2|Gabriel5192|169|1506\n|teamsize|p1|6\n|teamsize|p2|6\n|gen|9\n|tier|[Gen 9] OU\n|rated|\n|rule|Sleep Clause Mod: Limit one foe put to sleep\n|rule|Species Clause: Limit one of each Pok\u00e9mon\n|rule|OHKO Clause: OHKO moves are banned\n|rule|Evasion Items Clause: Evasion items are banned\n|rule|Evasion Moves Clause: Evasion moves are banned\n|rule|Endless Battle Clause: Forcing endless battles is banned\n|rule|HP Percentage Mod: HP is shown in percentages\n|clearpoke\n|poke|p1|Azumarill, F|\n|poke|p1|Ninetales-Alola, F|\n|poke|p1|Toedscruel, F|\n|poke|p1|Ceruledge, F|\n|poke|p1|Iron Valiant|\n|poke|p1|Conkeldurr, M|\n|poke|p2|Maushold-Four|\n|poke|p2|Crawdaunt, F|\n|poke|p2|Grimmsnarl, M|\n|poke|p2|Kommo-o, M|\n|poke|p2|Iron Valiant|\n|poke|p2|Great Tusk|\n|teampreview\n|\n|t:|1701204561\n|start\n|switch|p1a: Ninetales|Ninetales-Alola, F|100\/100\n|switch|p2a: Maushold|Maushold-Four|100\/100\n|-weather|Snow|[from] ability: Snow Warning|[of] p1a: Ninetales\n|turn|1\n|\n|t:|1701204572\n|switch|p1a: Ceruledge|Ceruledge, F|100\/100\n|move|p2a: Maushold|Population Bomb|p1a: Ceruledge\n|-immune|p1a: Ceruledge\n|\n|-weather|Snow|[upkeep]\n|upkeep\n|turn|2\n|\n|t:|1701204582\n|move|p2a: Maushold|Tidy Up|p2a: Maushold\n|-boost|p2a: Maushold|atk|1\n|-boost|p2a: Maushold|spe|1\n|move|p1a: Ceruledge|Bitter Blade|p2a: Maushold\n|-damage|p2a: Maushold|26\/100\n|\n|-weather|Snow|[upkeep]\n|upkeep\n|turn|3\n|\n|t:|1701204594\n|-terastallize|p1a: Ceruledge|Grass\n|move|p2a: Maushold|Crunch|p1a: Ceruledge\n|-damage|p1a: Ceruledge|58\/100\n|move|p1a: Ceruledge|Bitter Blade|p2a: Maushold\n|-damage|p2a: Maushold|0 fnt\n|-heal|p1a: Ceruledge|71\/100|[from] drain|[of] p2a: Maushold\n|faint|p2a: Maushold\n|\n|-weather|Snow|[upkeep]\n|upkeep\n|\n|t:|1701204615\n|switch|p2a: Kommo-o|Kommo-o, M|100\/100\n|turn|4\n|\n|t:|1701204620\n|move|p1a: Ceruledge|Poltergeist|p2a: Kommo-o\n|-activate|p2a: Kommo-o|move: Poltergeist|Life Orb\n|-damage|p2a: Kommo-o|49\/100\n|move|p2a: Kommo-o|Dragon Dance|p2a: Kommo-o\n|-boost|p2a: Kommo-o|atk|1\n|-boost|p2a: Kommo-o|spe|1\n|\n|-weather|Snow|[upkeep]\n|upkeep\n|turn|5\n|\n|t:|1701204641\n|move|p1a: Ceruledge|Shadow Sneak|p2a: Kommo-o\n|-damage|p2a: Kommo-o|29\/100\n|move|p2a: Kommo-o|Ice Punch|p1a: Ceruledge\n|-supereffective|p1a: Ceruledge\n|-damage|p1a: Ceruledge|0 fnt\n|faint|p1a: Ceruledge\n|-damage|p2a: Kommo-o|19\/100|[from] item: Life Orb\n|\n|-weather|none\n|upkeep\n|\n|t:|1701204661\n|switch|p1a: Iron Valiant|Iron Valiant|100\/100\n|-enditem|p1a: Iron Valiant|Booster Energy\n|-activate|p1a: Iron Valiant|ability: Quark Drive|[fromitem]\n|-start|p1a: Iron Valiant|quarkdrivespe\n|turn|6\n|\n|t:|1701204675\n|move|p1a: Iron Valiant|Calm Mind|p1a: Iron Valiant\n|-boost|p1a: Iron Valiant|spa|1\n|-boost|p1a: Iron Valiant|spd|1\n|move|p2a: Kommo-o|Iron Head|p1a: Iron Valiant\n|-supereffective|p1a: Iron Valiant\n|-damage|p1a: Iron Valiant|0 fnt\n|faint|p1a: Iron Valiant\n|-end|p1a: Iron Valiant|Quark Drive|[silent]\n|-damage|p2a: Kommo-o|9\/100|[from] item: Life Orb\n|\n|upkeep\n|\n|t:|1701204682\n|switch|p1a: Conkeldurr|Conkeldurr, M|100\/100\n|turn|7\n|\n|t:|1701204688\n|move|p1a: Conkeldurr|Mach Punch|p2a: Kommo-o\n|-damage|p2a: Kommo-o|0 fnt\n|faint|p2a: Kommo-o\n|\n|-status|p1a: Conkeldurr|brn|[from] item: Flame Orb\n|upkeep\n|\n|t:|1701204701\n|switch|p2a: Grimmsnarl|Grimmsnarl, M|100\/100\n|turn|8\n|\n|t:|1701204711\n|move|p2a: Grimmsnarl|Reflect|p2a: Grimmsnarl\n|-sidestart|p2: Gabriel5192|Reflect\n|move|p1a: Conkeldurr|Knock Off|p2a: Grimmsnarl\n|-resisted|p2a: Grimmsnarl\n|-damage|p2a: Grimmsnarl|91\/100\n|-enditem|p2a: Grimmsnarl|Light Clay|[from] move: Knock Off|[of] p1a: Conkeldurr\n|\n|-damage|p1a: Conkeldurr|94\/100 brn|[from] brn\n|upkeep\n|turn|9\n|\n|t:|1701204723\n|move|p2a: Grimmsnarl|Spirit Break|p1a: Conkeldurr\n|-supereffective|p1a: Conkeldurr\n|-damage|p1a: Conkeldurr|44\/100 brn\n|-unboost|p1a: Conkeldurr|spa|1\n|move|p1a: Conkeldurr|Drain Punch|p2a: Grimmsnarl\n|-damage|p2a: Grimmsnarl|51\/100\n|-heal|p1a: Conkeldurr|63\/100 brn|[from] drain|[of] p2a: Grimmsnarl\n|\n|-damage|p1a: Conkeldurr|57\/100 brn|[from] brn\n|upkeep\n|turn|10\n|\n|t:|1701204737\n|move|p2a: Grimmsnarl|Parting Shot|p1a: Conkeldurr\n|-unboost|p1a: Conkeldurr|atk|1\n|-unboost|p1a: Conkeldurr|spa|1\n|\n|t:|1701204746\n|switch|p2a: Iron Valiant|Iron Valiant|100\/100|[from] Parting Shot\n|-enditem|p2a: Iron Valiant|Booster Energy\n|-activate|p2a: Iron Valiant|ability: Quark Drive|[fromitem]\n|-start|p2a: Iron Valiant|quarkdrivespe\n|move|p1a: Conkeldurr|Drain Punch|p2a: Iron Valiant\n|-resisted|p2a: Iron Valiant\n|-damage|p2a: Iron Valiant|87\/100\n|-heal|p1a: Conkeldurr|62\/100 brn|[from] drain|[of] p2a: Iron Valiant\n|\n|-damage|p1a: Conkeldurr|56\/100 brn|[from] brn\n|upkeep\n|turn|11\n|\n|t:|1701204773\n|move|p2a: Iron Valiant|Calm Mind|p2a: Iron Valiant\n|-boost|p2a: Iron Valiant|spa|1\n|-boost|p2a: Iron Valiant|spd|1\n|move|p1a: Conkeldurr|Earthquake|p2a: Iron Valiant\n|-damage|p2a: Iron Valiant|59\/100\n|\n|-damage|p1a: Conkeldurr|50\/100 brn|[from] brn\n|upkeep\n|turn|12\n|\n|t:|1701204783\n|move|p2a: Iron Valiant|Moonblast|p1a: Conkeldurr\n|-supereffective|p1a: Conkeldurr\n|-damage|p1a: Conkeldurr|0 fnt\n|faint|p1a: Conkeldurr\n|\n|upkeep\n|\n|t:|1701204800\n|switch|p1a: Ninetales|Ninetales-Alola, F|100\/100\n|-weather|Snow|[from] ability: Snow Warning|[of] p1a: Ninetales\n|turn|13\n|\n|t:|1701204822\n|move|p2a: Iron Valiant|Moonblast|p1a: Ninetales\n|-damage|p1a: Ninetales|10\/100\n|move|p1a: Ninetales|Moonblast|p2a: Iron Valiant\n|-supereffective|p2a: Iron Valiant\n|-damage|p2a: Iron Valiant|0 fnt\n|faint|p2a: Iron Valiant\n|-end|p2a: Iron Valiant|Quark Drive|[silent]\n|\n|-weather|Snow|[upkeep]\n|upkeep\n|\n|t:|1701204841\n|switch|p2a: Crawdaunt|Crawdaunt, F|100\/100\n|turn|14\n|\n|t:|1701204847\n|move|p2a: Crawdaunt|Aqua Jet|p1a: Ninetales\n|-damage|p1a: Ninetales|0 fnt\n|faint|p1a: Ninetales\n|-damage|p2a: Crawdaunt|91\/100|[from] item: Life Orb\n|\n|-weather|Snow|[upkeep]\n|upkeep\n|\n|t:|1701204850\n|switch|p1a: Toedscruel|Toedscruel, F|100\/100\n|turn|15\n|\n|t:|1701204862\n|switch|p2a: Grimmsnarl|Grimmsnarl, M|51\/100\n|move|p1a: Toedscruel|Spore|p2a: Grimmsnarl\n|-status|p2a: Grimmsnarl|slp|[from] move: Spore\n|\n|-weather|Snow|[upkeep]\n|-sideend|p2: Gabriel5192|Reflect\n|upkeep\n|turn|16\n|\n|t:|1701204872\n|cant|p2a: Grimmsnarl|slp\n|move|p1a: Toedscruel|Energy Ball|p2a: Grimmsnarl\n|-damage|p2a: Grimmsnarl|27\/100 slp\n|\n|-weather|Snow|[upkeep]\n|upkeep\n|turn|17\n|\n|t:|1701204880\n|cant|p2a: Grimmsnarl|slp\n|move|p1a: Toedscruel|Energy Ball|p2a: Grimmsnarl\n|-damage|p2a: Grimmsnarl|2\/100 slp\n|\n|-weather|none\n|upkeep\n|turn|18\n|\n|t:|1701204895\n|cant|p2a: Grimmsnarl|slp\n|move|p1a: Toedscruel|Energy Ball|p2a: Grimmsnarl\n|-damage|p2a: Grimmsnarl|0 fnt\n|faint|p2a: Grimmsnarl\n|\n|upkeep\n|\n|t:|1701204902\n|switch|p2a: Crawdaunt|Crawdaunt, F|91\/100\n|turn|19\n|\n|t:|1701204907\n|move|p1a: Toedscruel|Energy Ball|p2a: Crawdaunt\n|-supereffective|p2a: Crawdaunt\n|-damage|p2a: Crawdaunt|0 fnt\n|faint|p2a: Crawdaunt\n|\n|upkeep\n|\n|t:|1701204912\n|switch|p2a: Great Tusk|Great Tusk|100\/100\n|turn|20\n|c|\u2606royalaegis1234|gg get shroomed maybe\n|\n|t:|1701204920\n|-terastallize|p2a: Great Tusk|Poison\n|move|p1a: Toedscruel|Energy Ball|p2a: Great Tusk\n|-resisted|p2a: Great Tusk\n|-damage|p2a: Great Tusk|78\/100\n|move|p2a: Great Tusk|Rapid Spin|p1a: Toedscruel\n|-damage|p1a: Toedscruel|76\/100\n|-boost|p2a: Great Tusk|spe|1\n|\n|-heal|p1a: Toedscruel|82\/100|[from] item: Leftovers\n|-heal|p2a: Great Tusk|84\/100|[from] item: Leftovers\n|upkeep\n|turn|21\n|\n|t:|1701204933\n|move|p1a: Toedscruel|Earth Power|p2a: Great Tusk\n|-supereffective|p2a: Great Tusk\n|-damage|p2a: Great Tusk|0 fnt\n|faint|p2a: Great Tusk\n|-end|p2a: Great Tusk|Protosynthesis|[silent]\n|\n|win|royalaegis1234\n|raw|royalaegis1234's rating: 1387 &rarr; <strong>1414<\/strong><br \/>(+27 for winning)\n|raw|Gabriel5192's rating: 1506 &rarr; <strong>1479<\/strong><br \/>(-27 for losing)\n|c|\u2606royalaegis1234|yup\n|c|\u2606royalaegis1234|total shrooming\n|l|\u2606Gabriel5192\n","uploadtime":1701204948,"views":13,"p1id":"royalaegis1234","p2id":"gabriel5192","formatid":"gen9ou","rating":1414,"private":0,"password":""}