{"id":"gen9ou-1992569711","p1":"glorious123","p2":"Devinlol","format":"[Gen 9] OU","log":"|j|\u2606glorious123\n|j|\u2606Devinlol\n|t:|1700207576\n|gametype|singles\n|player|p1|glorious123|policeman-gen4|1000\n|player|p2|Devinlol|170|1046\n|teamsize|p1|6\n|teamsize|p2|6\n|gen|9\n|tier|[Gen 9] OU\n|rated|\n|rule|Sleep Clause Mod: Limit one foe put to sleep\n|rule|Species Clause: Limit one of each Pok\u00e9mon\n|rule|OHKO Clause: OHKO moves are banned\n|rule|Evasion Items Clause: Evasion items are banned\n|rule|Evasion Moves Clause: Evasion moves are banned\n|rule|Endless Battle Clause: Forcing endless battles is banned\n|rule|HP Percentage Mod: HP is shown in percentages\n|clearpoke\n|poke|p1|Cacturne, F|\n|poke|p1|Clodsire, M|\n|poke|p1|Kingambit, F|\n|poke|p1|Manaphy|\n|poke|p1|Pelipper, M|\n|poke|p1|Ceruledge, M|\n|poke|p2|Kingambit, F|\n|poke|p2|Corviknight, M|\n|poke|p2|Dragapult, F|\n|poke|p2|Greninja-*, M|\n|poke|p2|Enamorus, F|\n|poke|p2|Sneasler, F|\n|teampreview\n|\n|t:|1700207581\n|start\n|switch|p1a: Child Gropper|Clodsire, M|100\/100\n|switch|p2a: Sneasler|Sneasler, F|100\/100\n|turn|1\n|\n|t:|1700207588\n|move|p2a: Sneasler|Close Combat|p1a: Child Gropper\n|-resisted|p1a: Child Gropper\n|-damage|p1a: Child Gropper|60\/100\n|-unboost|p2a: Sneasler|def|1\n|-unboost|p2a: Sneasler|spd|1\n|-enditem|p2a: Sneasler|White Herb\n|-clearnegativeboost|p2a: Sneasler|[silent]\n|move|p1a: Child Gropper|Stealth Rock|p2a: Sneasler\n|-sidestart|p2: Devinlol|move: Stealth Rock\n|\n|-heal|p1a: Child Gropper|67\/100|[from] item: Leftovers\n|upkeep\n|turn|2\n|\n|t:|1700207601\n|move|p2a: Sneasler|Acrobatics|p1a: Child Gropper\n|-damage|p1a: Child Gropper|22\/100\n|move|p1a: Child Gropper|Earthquake|p2a: Sneasler\n|-supereffective|p2a: Sneasler\n|-damage|p2a: Sneasler|9\/100\n|\n|-heal|p1a: Child Gropper|28\/100|[from] item: Leftovers\n|upkeep\n|turn|3\n|\n|t:|1700207607\n|move|p2a: Sneasler|Acrobatics|p1a: Child Gropper\n|-damage|p1a: Child Gropper|0 fnt\n|faint|p1a: Child Gropper\n|\n|upkeep\n|\n|t:|1700207620\n|switch|p1a: Woody|Cacturne, F, shiny|100\/100\n|turn|4\n|\n|t:|1700207625\n|move|p1a: Woody|Sucker Punch|p2a: Sneasler\n|-resisted|p2a: Sneasler\n|-damage|p2a: Sneasler|0 fnt\n|faint|p2a: Sneasler\n|-damage|p1a: Woody|91\/100|[from] item: Life Orb\n|\n|upkeep\n|\n|t:|1700207637\n|switch|p2a: Enamorus|Enamorus, F|100\/100\n|-damage|p2a: Enamorus|76\/100|[from] Stealth Rock\n|turn|5\n|\n|t:|1700207646\n|switch|p1a: Goofy Ahh Looking|Pelipper, M, shiny|100\/100\n|-weather|RainDance|[from] ability: Drizzle|[of] p1a: Goofy Ahh Looking\n|move|p2a: Enamorus|Moonblast|p1a: Goofy Ahh Looking\n|-damage|p1a: Goofy Ahh Looking|7\/100\n|\n|-weather|RainDance|[upkeep]\n|upkeep\n|turn|6\n|\n|t:|1700207654\n|move|p2a: Enamorus|Moonblast|p1a: Goofy Ahh Looking\n|-damage|p1a: Goofy Ahh Looking|0 fnt\n|faint|p1a: Goofy Ahh Looking\n|\n|-weather|RainDance|[upkeep]\n|upkeep\n|\n|t:|1700207659\n|switch|p1a: Sun Tzu|Kingambit, F|100\/100\n|-activate|p1a: Sun Tzu|ability: Supreme Overlord\n|-start|p1a: Sun Tzu|fallen2|[silent]\n|turn|7\n|\n|t:|1700207665\n|-terastallize|p2a: Enamorus|Fairy\n|move|p2a: Enamorus|Moonblast|p1a: Sun Tzu\n|-damage|p1a: Sun Tzu|0 fnt\n|faint|p1a: Sun Tzu\n|-end|p1a: Sun Tzu|fallen2|[silent]\n|\n|-weather|RainDance|[upkeep]\n|upkeep\n|\n|t:|1700207670\n|switch|p1a: Not a Sweeper|Manaphy|100\/100\n|turn|8\n|\n|t:|1700207673\n|move|p2a: Enamorus|Moonblast|p1a: Not a Sweeper\n|-damage|p1a: Not a Sweeper|5\/100\n|-unboost|p1a: Not a Sweeper|spa|1\n|move|p1a: Not a Sweeper|Tail Glow|p1a: Not a Sweeper\n|-boost|p1a: Not a Sweeper|spa|3\n|\n|-weather|RainDance|[upkeep]\n|upkeep\n|turn|9\n|\n|t:|1700207679\n|move|p2a: Enamorus|Moonblast|p1a: Not a Sweeper\n|-damage|p1a: Not a Sweeper|0 fnt\n|faint|p1a: Not a Sweeper\n|\n|-weather|none\n|upkeep\n|\n|t:|1700207687\n|switch|p1a: Gundam|Ceruledge, M|100\/100\n|turn|10\n|\n|t:|1700207691\n|-terastallize|p1a: Gundam|Fire\n|move|p2a: Enamorus|Moonblast|p1a: Gundam\n|-resisted|p1a: Gundam\n|-damage|p1a: Gundam|56\/100\n|move|p1a: Gundam|Swords Dance|p1a: Gundam\n|-boost|p1a: Gundam|atk|2\n|\n|upkeep\n|turn|11\n|\n|t:|1700207700\n|move|p2a: Enamorus|Moonblast|p1a: Gundam\n|-resisted|p1a: Gundam\n|-damage|p1a: Gundam|11\/100\n|move|p1a: Gundam|Bitter Blade|p2a: Enamorus\n|-damage|p2a: Enamorus|0 fnt\n|-heal|p1a: Gundam|49\/100|[from] drain|[of] p2a: Enamorus\n|faint|p2a: Enamorus\n|-damage|p1a: Gundam|39\/100|[from] item: Life Orb\n|\n|upkeep\n|\n|t:|1700207703\n|switch|p2a: Dragapult|Dragapult, F|100\/100\n|-damage|p2a: Dragapult|88\/100|[from] Stealth Rock\n|turn|12\n|\n|t:|1700207714\n|move|p1a: Gundam|Shadow Sneak|p2a: Dragapult\n|-supereffective|p2a: Dragapult\n|-damage|p2a: Dragapult|0 fnt\n|faint|p2a: Dragapult\n|-damage|p1a: Gundam|29\/100|[from] item: Life Orb\n|\n|upkeep\n|\n|t:|1700207717\n|switch|p2a: Greninja|Greninja, M|100\/100\n|-damage|p2a: Greninja|88\/100|[from] Stealth Rock\n|turn|13\n|\n|t:|1700207725\n|move|p1a: Gundam|Shadow Sneak|p2a: Greninja\n|-resisted|p2a: Greninja\n|-damage|p2a: Greninja|35\/100\n|-damage|p1a: Gundam|19\/100|[from] item: Life Orb\n|move|p2a: Greninja|Hydro Pump|p1a: Gundam\n|-supereffective|p1a: Gundam\n|-damage|p1a: Gundam|0 fnt\n|faint|p1a: Gundam\n|-ability|p2a: Greninja|Battle Bond|boost\n|-boost|p2a: Greninja|atk|1\n|-boost|p2a: Greninja|spa|1\n|-boost|p2a: Greninja|spe|1\n|-activate|p2a: Greninja|ability: Battle Bond\n|\n|upkeep\n|\n|t:|1700207732\n|switch|p1a: Woody|Cacturne, F, shiny|91\/100\n|turn|14\n|\n|t:|1700207740\n|move|p2a: Greninja|Ice Beam|p1a: Woody\n|-supereffective|p1a: Woody\n|-damage|p1a: Woody|0 fnt\n|faint|p1a: Woody\n|\n|win|Devinlol\n|raw|glorious123's rating: 1000 &rarr; <strong>1000<\/strong><br \/>(+0 for losing)\n|raw|Devinlol's rating: 1046 &rarr; <strong>1075<\/strong><br \/>(+29 for winning)\n|l|\u2606glorious123\n","uploadtime":1700207749,"views":7,"p1id":"glorious123","p2id":"devinlol","formatid":"gen9ou","rating":1000,"private":0,"password":""}