{"id":"gen9ou-1999378034","p1":"wyverbal","p2":"MontYeeT","format":"[Gen 9] OU","log":"|j|\u2606wyverbal\n|j|\u2606MontYeeT\n|t:|1701069996\n|gametype|singles\n|player|p1|wyverbal|101|1188\n|player|p2|MontYeeT|101|1119\n|teamsize|p1|6\n|teamsize|p2|6\n|gen|9\n|tier|[Gen 9] OU\n|rated|\n|rule|Sleep Clause Mod: Limit one foe put to sleep\n|rule|Species Clause: Limit one of each Pok\u00e9mon\n|rule|OHKO Clause: OHKO moves are banned\n|rule|Evasion Items Clause: Evasion items are banned\n|rule|Evasion Moves Clause: Evasion moves are banned\n|rule|Endless Battle Clause: Forcing endless battles is banned\n|rule|HP Percentage Mod: HP is shown in percentages\n|clearpoke\n|poke|p1|Dipplin, F|\n|poke|p1|Enamorus-Therian, F|\n|poke|p1|Glimmora, F|\n|poke|p1|Alomomola, M|\n|poke|p1|Grimmsnarl, M|\n|poke|p1|Kommo-o, F|\n|poke|p2|Torkoal, F|\n|poke|p2|Mimikyu, F|\n|poke|p2|Dragonite, M|\n|poke|p2|Scyther, M|\n|poke|p2|Iron Hands|\n|poke|p2|Iron Moth|\n|teampreview\n|inactive|Battle timer is ON: inactive players will automatically lose when time's up. (requested by wyverbal)\n|\n|t:|1701070018\n|start\n|switch|p1a: Glimmora|Glimmora, F, shiny|100\/100\n|switch|p2a: Iron Hands|Iron Hands|100\/100\n|-item|p1a: Glimmora|Air Balloon\n|-enditem|p2a: Iron Hands|Booster Energy\n|-activate|p2a: Iron Hands|ability: Quark Drive|[fromitem]\n|-start|p2a: Iron Hands|quarkdriveatk\n|turn|1\n|\n|t:|1701070027\n|move|p1a: Glimmora|Toxic|p2a: Iron Hands\n|-status|p2a: Iron Hands|tox\n|move|p2a: Iron Hands|Swords Dance|p2a: Iron Hands\n|-boost|p2a: Iron Hands|atk|2\n|\n|-damage|p2a: Iron Hands|94\/100 tox|[from] psn\n|upkeep\n|turn|2\n|\n|t:|1701070035\n|move|p1a: Glimmora|Spiky Shield|p1a: Glimmora\n|-singleturn|p1a: Glimmora|move: Protect\n|move|p2a: Iron Hands|Swords Dance|p2a: Iron Hands\n|-boost|p2a: Iron Hands|atk|2\n|\n|-damage|p2a: Iron Hands|82\/100 tox|[from] psn\n|upkeep\n|turn|3\n|\n|t:|1701070049\n|move|p1a: Glimmora|Spiky Shield|p1a: Glimmora\n|-singleturn|p1a: Glimmora|move: Protect\n|move|p2a: Iron Hands|Drain Punch|p1a: Glimmora\n|-activate|p1a: Glimmora|move: Protect\n|-damage|p2a: Iron Hands|70\/100 tox|[from] Spiky Shield|[of] p1a: Glimmora\n|\n|-damage|p2a: Iron Hands|52\/100 tox|[from] psn\n|upkeep\n|turn|4\n|\n|t:|1701070058\n|switch|p1a: Enamorus|Enamorus-Therian, F, shiny|100\/100\n|move|p2a: Iron Hands|Drain Punch|p1a: Enamorus\n|-resisted|p1a: Enamorus\n|-damage|p1a: Enamorus|50\/100\n|-heal|p2a: Iron Hands|66\/100 tox|[from] drain|[of] p1a: Enamorus\n|\n|-damage|p2a: Iron Hands|42\/100 tox|[from] psn\n|upkeep\n|turn|5\n|\n|t:|1701070077\n|switch|p1a: Dipplin|Dipplin, F, shiny|100\/100\n|move|p2a: Iron Hands|Thunder Punch|p1a: Dipplin\n|-resisted|p1a: Dipplin\n|-damage|p1a: Dipplin|82\/100\n|\n|-damage|p2a: Iron Hands|11\/100 tox|[from] psn\n|upkeep\n|turn|6\n|\n|t:|1701070087\n|move|p2a: Iron Hands|Drain Punch|p1a: Dipplin\n|-damage|p1a: Dipplin|3\/100\n|-heal|p2a: Iron Hands|40\/100 tox|[from] drain|[of] p1a: Dipplin\n|move|p1a: Dipplin|Recover|p1a: Dipplin\n|-heal|p1a: Dipplin|53\/100\n|\n|-damage|p2a: Iron Hands|3\/100 tox|[from] psn\n|upkeep\n|turn|7\n|c|\u2606MontYeeT|Well played\n|\n|t:|1701070106\n|switch|p1a: Enamorus|Enamorus-Therian, F, shiny|50\/100\n|move|p2a: Iron Hands|Drain Punch|p1a: Enamorus\n|-resisted|p1a: Enamorus\n|-damage|p1a: Enamorus|3\/100\n|-heal|p2a: Iron Hands|17\/100 tox|[from] drain|[of] p1a: Enamorus\n|\n|-damage|p2a: Iron Hands|0 fnt|[from] psn\n|faint|p2a: Iron Hands\n|-end|p2a: Iron Hands|Quark Drive|[silent]\n|upkeep\n|inactive|MontYeeT has 120 seconds left.\n|l|\u2606MontYeeT\n|inactive|MontYeeT disconnected and has a minute to reconnect!\n|player|p2|\n|inactive|MontYeeT has 30 seconds to reconnect!\n|inactive|MontYeeT has 20 seconds to reconnect!\n|inactive|MontYeeT has 15 seconds to reconnect!\n|inactive|MontYeeT has 10 seconds to reconnect!\n|inactive|MontYeeT has 5 seconds to reconnect!\n|-message|MontYeeT lost due to inactivity.\n|\n|win|wyverbal\n|raw|wyverbal's rating: 1188 &rarr; <strong>1208<\/strong><br \/>(+20 for winning)\n|raw|MontYeeT's rating: 1119 &rarr; <strong>1099<\/strong><br \/>(-20 for losing)\n","uploadtime":1701070225,"views":8,"p1id":"wyverbal","p2id":"montyeet","formatid":"gen9ou","rating":1099,"private":0,"password":""}