{"id":"gen9ou-1988960099","p1":"deetznutzzzz","p2":"Pokeman208115","format":"[Gen 9] OU","log":"|j|\u2606deetznutzzzz\n|j|\u2606Pokeman208115\n|t:|1699794822\n|gametype|singles\n|player|p1|deetznutzzzz|266|1181\n|player|p2|Pokeman208115|red|1270\n|teamsize|p1|6\n|teamsize|p2|6\n|gen|9\n|tier|[Gen 9] OU\n|rated|\n|rule|Sleep Clause Mod: Limit one foe put to sleep\n|rule|Species Clause: Limit one of each Pok\u00e9mon\n|rule|OHKO Clause: OHKO moves are banned\n|rule|Evasion Items Clause: Evasion items are banned\n|rule|Evasion Moves Clause: Evasion moves are banned\n|rule|Endless Battle Clause: Forcing endless battles is banned\n|rule|HP Percentage Mod: HP is shown in percentages\n|clearpoke\n|poke|p1|Fezandipiti, M|\n|poke|p1|Walking Wake|\n|poke|p1|Cinderace, M|\n|poke|p1|Empoleon, F|\n|poke|p1|Landorus-Therian, M|\n|poke|p1|Great Tusk|\n|poke|p2|Grafaiai, F|\n|poke|p2|Ribombee, M|\n|poke|p2|Great Tusk|\n|poke|p2|Gholdengo|\n|poke|p2|Goodra-Hisui, F|\n|poke|p2|Iron Moth|\n|teampreview\n|\n|t:|1699794826\n|start\n|switch|p1a: Landorus|Landorus-Therian, M|100\/100\n|switch|p2a: Ribombee|Ribombee, M|100\/100\n|-ability|p1a: Landorus|Intimidate|boost\n|-unboost|p2a: Ribombee|atk|1\n|turn|1\n|\n|t:|1699794832\n|move|p2a: Ribombee|Stun Spore|p1a: Landorus\n|-status|p1a: Landorus|par\n|move|p1a: Landorus|Bulk Up|p1a: Landorus\n|-boost|p1a: Landorus|atk|1\n|-boost|p1a: Landorus|def|1\n|\n|upkeep\n|turn|2\n|\n|t:|1699794843\n|move|p2a: Ribombee|Moonblast|p1a: Landorus\n|-damage|p1a: Landorus|72\/100 par\n|-unboost|p1a: Landorus|spa|1\n|cant|p1a: Landorus|par\n|\n|-heal|p1a: Landorus|78\/100 par|[from] item: Leftovers\n|upkeep\n|turn|3\n|\n|t:|1699794851\n|move|p2a: Ribombee|U-turn|p1a: Landorus\n|-resisted|p1a: Landorus\n|-damage|p1a: Landorus|75\/100 par\n|\n|t:|1699794854\n|switch|p2a: Great Tusk|Great Tusk|100\/100|[from] U-turn\n|move|p1a: Landorus|Smack Down|p2a: Great Tusk\n|-resisted|p2a: Great Tusk\n|-damage|p2a: Great Tusk|98\/100\n|\n|-heal|p2a: Great Tusk|100\/100|[from] item: Leftovers\n|-heal|p1a: Landorus|81\/100 par|[from] item: Leftovers\n|upkeep\n|turn|4\n|\n|t:|1699794862\n|-terastallize|p1a: Landorus|Water\n|move|p2a: Great Tusk|Bulk Up|p2a: Great Tusk\n|-boost|p2a: Great Tusk|atk|1\n|-boost|p2a: Great Tusk|def|1\n|move|p1a: Landorus|Bulk Up|p1a: Landorus\n|-boost|p1a: Landorus|atk|1\n|-boost|p1a: Landorus|def|1\n|\n|-heal|p1a: Landorus|87\/100 par|[from] item: Leftovers\n|upkeep\n|turn|5\n|\n|t:|1699794872\n|move|p2a: Great Tusk|Bulk Up|p2a: Great Tusk\n|-boost|p2a: Great Tusk|atk|1\n|-boost|p2a: Great Tusk|def|1\n|move|p1a: Landorus|Bulk Up|p1a: Landorus\n|-boost|p1a: Landorus|atk|1\n|-boost|p1a: Landorus|def|1\n|\n|-heal|p1a: Landorus|93\/100 par|[from] item: Leftovers\n|upkeep\n|turn|6\n|\n|t:|1699794880\n|move|p2a: Great Tusk|Earthquake|p1a: Landorus\n|-damage|p1a: Landorus|60\/100 par\n|cant|p1a: Landorus|par\n|\n|-heal|p1a: Landorus|66\/100 par|[from] item: Leftovers\n|upkeep\n|turn|7\n|\n|t:|1699794887\n|-terastallize|p2a: Great Tusk|Water\n|move|p2a: Great Tusk|Bulk Up|p2a: Great Tusk\n|-boost|p2a: Great Tusk|atk|1\n|-boost|p2a: Great Tusk|def|1\n|move|p1a: Landorus|Earthquake|p2a: Great Tusk\n|-damage|p2a: Great Tusk|78\/100\n|\n|-heal|p2a: Great Tusk|85\/100|[from] item: Leftovers\n|-heal|p1a: Landorus|72\/100 par|[from] item: Leftovers\n|upkeep\n|turn|8\n|\n|t:|1699794896\n|move|p2a: Great Tusk|Knock Off|p1a: Landorus\n|-damage|p1a: Landorus|46\/100 par\n|-enditem|p1a: Landorus|Leftovers|[from] move: Knock Off|[of] p2a: Great Tusk\n|cant|p1a: Landorus|par\n|\n|-heal|p2a: Great Tusk|91\/100|[from] item: Leftovers\n|upkeep\n|turn|9\n|\n|t:|1699794906\n|move|p2a: Great Tusk|Rapid Spin|p1a: Landorus\n|-damage|p1a: Landorus|31\/100 par\n|-boost|p2a: Great Tusk|spe|1\n|move|p1a: Landorus|U-turn|p2a: Great Tusk\n|-damage|p2a: Great Tusk|79\/100\n|\n|t:|1699794913\n|switch|p1a: Great Tusk|Great Tusk|100\/100|[from] U-turn\n|\n|-heal|p2a: Great Tusk|86\/100|[from] item: Leftovers\n|upkeep\n|turn|10\n|\n|t:|1699794920\n|move|p2a: Great Tusk|Bulk Up|p2a: Great Tusk\n|-boost|p2a: Great Tusk|atk|1\n|-boost|p2a: Great Tusk|def|1\n|move|p1a: Great Tusk|Knock Off|p2a: Great Tusk\n|-damage|p2a: Great Tusk|81\/100\n|-enditem|p2a: Great Tusk|Leftovers|[from] move: Knock Off|[of] p1a: Great Tusk\n|\n|upkeep\n|turn|11\n|\n|t:|1699794928\n|move|p2a: Great Tusk|Rapid Spin|p1a: Great Tusk\n|-damage|p1a: Great Tusk|77\/100\n|-boost|p2a: Great Tusk|spe|1\n|move|p1a: Great Tusk|Rapid Spin|p2a: Great Tusk\n|-damage|p2a: Great Tusk|79\/100\n|-boost|p1a: Great Tusk|spe|1\n|\n|-heal|p1a: Great Tusk|83\/100|[from] item: Leftovers\n|upkeep\n|turn|12\n|\n|t:|1699794936\n|move|p2a: Great Tusk|Bulk Up|p2a: Great Tusk\n|-boost|p2a: Great Tusk|atk|1\n|-boost|p2a: Great Tusk|def|1\n|move|p1a: Great Tusk|Rapid Spin|p2a: Great Tusk\n|-damage|p2a: Great Tusk|76\/100\n|-boost|p1a: Great Tusk|spe|1\n|\n|-heal|p1a: Great Tusk|89\/100|[from] item: Leftovers\n|upkeep\n|turn|13\n|\n|t:|1699794945\n|move|p2a: Great Tusk|Bulk Up|p2a: Great Tusk\n|-boost|p2a: Great Tusk|atk|1\n|-boost|p2a: Great Tusk|def|1\n|move|p1a: Great Tusk|Earthquake|p2a: Great Tusk\n|-crit|p2a: Great Tusk\n|-damage|p2a: Great Tusk|45\/100\n|\n|-heal|p1a: Great Tusk|96\/100|[from] item: Leftovers\n|upkeep\n|turn|14\n|\n|t:|1699794953\n|move|p2a: Great Tusk|Earthquake|p1a: Great Tusk\n|-damage|p1a: Great Tusk|2\/100\n|move|p1a: Great Tusk|Rapid Spin|p2a: Great Tusk\n|-crit|p2a: Great Tusk\n|-damage|p2a: Great Tusk|35\/100\n|-boost|p1a: Great Tusk|spe|1\n|\n|-heal|p1a: Great Tusk|8\/100|[from] item: Leftovers\n|upkeep\n|turn|15\n|\n|t:|1699794961\n|move|p1a: Great Tusk|Earthquake|p2a: Great Tusk\n|-crit|p2a: Great Tusk\n|-damage|p2a: Great Tusk|4\/100\n|move|p2a: Great Tusk|Rapid Spin|p1a: Great Tusk\n|-damage|p1a: Great Tusk|0 fnt\n|-boost|p2a: Great Tusk|spe|1\n|faint|p1a: Great Tusk\n|-end|p1a: Great Tusk|Protosynthesis|[silent]\n|\n|upkeep\n|\n|t:|1699794970\n|switch|p1a: Landorus|Landorus-Therian, M, tera:Water|31\/100 par\n|-ability|p1a: Landorus|Intimidate|boost\n|-unboost|p2a: Great Tusk|atk|1\n|turn|16\n|c|\u2606Pokeman208115|Wow dude really\n|c|\u2606Pokeman208115|three Crits in a row\n|\n|t:|1699794994\n|move|p2a: Great Tusk|Earthquake|p1a: Landorus\n|-damage|p1a: Landorus|0 fnt\n|faint|p1a: Landorus\n|\n|upkeep\n|\n|t:|1699795001\n|switch|p1a: Walking Wake|Walking Wake|100\/100\n|turn|17\n|\n|t:|1699795004\n|move|p2a: Great Tusk|Earthquake|p1a: Walking Wake\n|-damage|p1a: Walking Wake|0 fnt\n|faint|p1a: Walking Wake\n|-end|p1a: Walking Wake|Protosynthesis|[silent]\n|\n|upkeep\n|-message|deetznutzzzz forfeited.\n|\n|win|Pokeman208115\n|raw|deetznutzzzz's rating: 1181 &rarr; <strong>1162<\/strong><br \/>(-19 for losing)\n|raw|Pokeman208115's rating: 1270 &rarr; <strong>1289<\/strong><br \/>(+19 for winning)\n|l|\u2606deetznutzzzz\n","uploadtime":1699795022,"views":16,"p1id":"deetznutzzzz","p2id":"pokeman208115","formatid":"gen9ou","rating":1162,"private":0,"password":""}