{"id":"gen9ou-1997679106","p1":"Pls_help__me_god","p2":"Brakeyoke","format":"[Gen 9] OU","log":"|j|\u2606Pls_help__me_god\n|j|\u2606Brakeyoke\n|t:|1700840915\n|gametype|singles\n|player|p1|Pls_help__me_god|pokemonranger|1402\n|player|p2|Brakeyoke|idol|1298\n|teamsize|p1|6\n|teamsize|p2|6\n|gen|9\n|tier|[Gen 9] OU\n|rated|\n|rule|Sleep Clause Mod: Limit one foe put to sleep\n|rule|Species Clause: Limit one of each Pok\u00e9mon\n|rule|OHKO Clause: OHKO moves are banned\n|rule|Evasion Items Clause: Evasion items are banned\n|rule|Evasion Moves Clause: Evasion moves are banned\n|rule|Endless Battle Clause: Forcing endless battles is banned\n|rule|HP Percentage Mod: HP is shown in percentages\n|clearpoke\n|poke|p1|Maushold|\n|poke|p1|Samurott-Hisui, M|\n|poke|p1|Kingambit, M|\n|poke|p1|Garganacl, M|\n|poke|p1|Amoonguss, M|\n|poke|p1|Weavile, F|\n|poke|p2|Dragapult, F|\n|poke|p2|Corviknight, F|\n|poke|p2|Floatzel, M|\n|poke|p2|Pelipper, M|\n|poke|p2|Pawmot, M|\n|poke|p2|Kilowattrel, F|\n|teampreview\n|c|\u2606Brakeyoke|glhf\n|inactive|Battle timer is ON: inactive players will automatically lose when time's up. (requested by Brakeyoke)\n|\n|t:|1700840926\n|start\n|switch|p1a: Maushold|Maushold|100\/100\n|switch|p2a: Pelipper|Pelipper, M, shiny|100\/100\n|-weather|RainDance|[from] ability: Drizzle|[of] p2a: Pelipper\n|turn|1\n|\n|t:|1700840932\n|switch|p2a: Corviknight|Corviknight, F, shiny|100\/100\n|-ability|p2a: Corviknight|Pressure\n|move|p1a: Maushold|Population Bomb|p2a: Corviknight\n|-resisted|p2a: Corviknight\n|-damage|p2a: Corviknight|96\/100\n|-damage|p1a: Maushold|84\/100|[from] item: Rocky Helmet|[of] p2a: Corviknight\n|-resisted|p2a: Corviknight\n|-damage|p2a: Corviknight|91\/100\n|-damage|p1a: Maushold|67\/100|[from] item: Rocky Helmet|[of] p2a: Corviknight\n|-resisted|p2a: Corviknight\n|-damage|p2a: Corviknight|87\/100\n|-damage|p1a: Maushold|51\/100|[from] item: Rocky Helmet|[of] p2a: Corviknight\n|-resisted|p2a: Corviknight\n|-damage|p2a: Corviknight|83\/100\n|-damage|p1a: Maushold|34\/100|[from] item: Rocky Helmet|[of] p2a: Corviknight\n|-resisted|p2a: Corviknight\n|-damage|p2a: Corviknight|78\/100\n|-damage|p1a: Maushold|17\/100|[from] item: Rocky Helmet|[of] p2a: Corviknight\n|-resisted|p2a: Corviknight\n|-damage|p2a: Corviknight|74\/100\n|-damage|p1a: Maushold|1\/100|[from] item: Rocky Helmet|[of] p2a: Corviknight\n|-resisted|p2a: Corviknight\n|-damage|p2a: Corviknight|69\/100\n|-damage|p1a: Maushold|0 fnt|[from] item: Rocky Helmet|[of] p2a: Corviknight\n|faint|p1a: Maushold\n|-hitcount|p2a: Corviknight|7\n|\n|-weather|RainDance|[upkeep]\n|upkeep\n|\n|t:|1700840942\n|switch|p1a: Samurott|Samurott-Hisui, M, shiny|100\/100\n|turn|2\n|c|\u2606Brakeyoke|population officially bombed\n|\n|t:|1700840956\n|move|p1a: Samurott|Aqua Cutter|p2a: Corviknight\n|-damage|p2a: Corviknight|0 fnt\n|faint|p2a: Corviknight\n|\n|-weather|RainDance|[upkeep]\n|upkeep\n|\n|t:|1700840961\n|switch|p2a: Better Zapdos|Kilowattrel, F, shiny|100\/100\n|turn|3\n|\n|t:|1700840967\n|move|p1a: Samurott|Aqua Jet|p2a: Better Zapdos\n|-damage|p2a: Better Zapdos|35\/100\n|move|p2a: Better Zapdos|Thunder|p1a: Samurott\n|-supereffective|p1a: Samurott\n|-damage|p1a: Samurott|0 fnt\n|faint|p1a: Samurott\n|\n|-weather|RainDance|[upkeep]\n|upkeep\n|\n|t:|1700840972\n|switch|p1a: Garganacl|Garganacl, M|100\/100\n|turn|4\n|\n|t:|1700840976\n|move|p2a: Better Zapdos|Thunder|p1a: Garganacl\n|-damage|p1a: Garganacl|54\/100\n|move|p1a: Garganacl|Salt Cure|p2a: Better Zapdos\n|-supereffective|p2a: Better Zapdos\n|-damage|p2a: Better Zapdos|0 fnt\n|faint|p2a: Better Zapdos\n|\n|-weather|RainDance|[upkeep]\n|-heal|p1a: Garganacl|60\/100|[from] item: Leftovers\n|upkeep\n|\n|t:|1700840985\n|switch|p2a: Floatzel|Floatzel, M, shiny|100\/100\n|turn|5\n|\n|t:|1700840989\n|switch|p1a: Amoonguss|Amoonguss, M, shiny|100\/100\n|-terastallize|p2a: Floatzel|Water\n|move|p2a: Floatzel|Flip Turn|p1a: Amoonguss\n|-resisted|p1a: Amoonguss\n|-damage|p1a: Amoonguss|68\/100\n|-enditem|p1a: Amoonguss|Red Card|[of] p2a: Floatzel\n|drag|p2a: Pawmot|Pawmot, M, shiny|100\/100\n|\n|-weather|RainDance|[upkeep]\n|upkeep\n|turn|6\n|c|\u2606Brakeyoke|sus\n|\n|t:|1700841002\n|move|p2a: Pawmot|Revival Blessing|p2a: Pawmot\n|-enditem|p2a: Pawmot|Leppa Berry|[eat]\n|-activate|p2a: Pawmot|item: Leppa Berry|Revival Blessing|[consumed]\n|\n|t:|1700841006\n|-heal|p2: Better Zapdos|50\/100|[from] move: Revival Blessing\n|move|p1a: Amoonguss|Spore|p2a: Pawmot\n|-status|p2a: Pawmot|slp|[from] move: Spore\n|\n|-weather|RainDance|[upkeep]\n|upkeep\n|turn|7\n|\n|t:|1700841017\n|switch|p2a: Dragapult|Dragapult, F, shiny|100\/100\n|switch|p1a: Weavile|Weavile, F|100\/100\n|-ability|p1a: Weavile|Pressure\n|\n|-weather|RainDance|[upkeep]\n|upkeep\n|turn|8\n|\n|t:|1700841026\n|switch|p2a: Floatzel|Floatzel, M, shiny, tera:Water|100\/100\n|move|p1a: Weavile|Swords Dance|p1a: Weavile\n|-boost|p1a: Weavile|atk|2\n|\n|-weather|none\n|upkeep\n|turn|9\n|\n|t:|1700841033\n|switch|p2a: Pelipper|Pelipper, M, shiny|100\/100\n|-weather|RainDance|[from] ability: Drizzle|[of] p2a: Pelipper\n|move|p1a: Weavile|Knock Off|p2a: Pelipper\n|-damage|p2a: Pelipper|5\/100\n|-enditem|p2a: Pelipper|Damp Rock|[from] move: Knock Off|[of] p1a: Weavile\n|\n|-weather|RainDance|[upkeep]\n|upkeep\n|turn|10\n|\n|t:|1700841041\n|move|p1a: Weavile|Knock Off|p2a: Pelipper\n|-damage|p2a: Pelipper|0 fnt\n|faint|p2a: Pelipper\n|\n|-weather|RainDance|[upkeep]\n|upkeep\n|\n|t:|1700841045\n|switch|p2a: Floatzel|Floatzel, M, shiny, tera:Water|100\/100\n|turn|11\n|\n|t:|1700841050\n|switch|p1a: Amoonguss|Amoonguss, M, shiny|100\/100\n|move|p2a: Floatzel|Wave Crash|p1a: Amoonguss\n|-resisted|p1a: Amoonguss\n|-damage|p1a: Amoonguss|41\/100\n|-damage|p2a: Floatzel|73\/100|[from] Recoil\n|\n|-weather|RainDance|[upkeep]\n|upkeep\n|turn|12\n|\n|t:|1700841061\n|move|p2a: Floatzel|Wave Crash|p1a: Amoonguss\n|-resisted|p1a: Amoonguss\n|-damage|p1a: Amoonguss|0 fnt\n|faint|p1a: Amoonguss\n|-damage|p2a: Floatzel|55\/100|[from] Recoil\n|\n|-weather|RainDance|[upkeep]\n|upkeep\n|\n|t:|1700841067\n|switch|p1a: Kingambit|Kingambit, M|100\/100\n|-activate|p1a: Kingambit|ability: Supreme Overlord\n|-start|p1a: Kingambit|fallen3|[silent]\n|turn|13\n|\n|t:|1700841072\n|switch|p2a: Pawmot|Pawmot, M, shiny|100\/100 slp\n|move|p1a: Kingambit|Sucker Punch||[still]\n|-fail|p1a: Kingambit\n|\n|-weather|RainDance|[upkeep]\n|upkeep\n|turn|14\n|\n|t:|1700841090\n|cant|p2a: Pawmot|slp\n|move|p1a: Kingambit|Swords Dance|p1a: Kingambit\n|-boost|p1a: Kingambit|atk|2\n|\n|-weather|RainDance|[upkeep]\n|upkeep\n|turn|15\n|\n|t:|1700841094\n|cant|p2a: Pawmot|slp\n|move|p1a: Kingambit|Kowtow Cleave|p2a: Pawmot\n|-resisted|p2a: Pawmot\n|-damage|p2a: Pawmot|16\/100 slp\n|\n|-weather|RainDance|[upkeep]\n|upkeep\n|turn|16\n|\n|t:|1700841106\n|-curestatus|p2a: Pawmot|slp|[msg]\n|move|p2a: Pawmot|Mach Punch|p1a: Kingambit\n|-supereffective|p1a: Kingambit\n|-damage|p1a: Kingambit|47\/100\n|move|p1a: Kingambit|Kowtow Cleave|p2a: Pawmot\n|-resisted|p2a: Pawmot\n|-damage|p2a: Pawmot|0 fnt\n|faint|p2a: Pawmot\n|\n|-weather|none\n|-heal|p1a: Kingambit|53\/100|[from] item: Leftovers\n|upkeep\n|\n|t:|1700841115\n|switch|p2a: Floatzel|Floatzel, M, shiny, tera:Water|55\/100\n|turn|17\n|\n|t:|1700841119\n|move|p2a: Floatzel|Aqua Jet|p1a: Kingambit\n|-damage|p1a: Kingambit|18\/100\n|move|p1a: Kingambit|Sucker Punch||[still]\n|-fail|p1a: Kingambit\n|\n|-heal|p1a: Kingambit|24\/100|[from] item: Leftovers\n|upkeep\n|turn|18\n|\n|t:|1700841127\n|move|p2a: Floatzel|Aqua Jet|p1a: Kingambit\n|-damage|p1a: Kingambit|0 fnt\n|faint|p1a: Kingambit\n|-end|p1a: Kingambit|fallen3|[silent]\n|\n|upkeep\n|\n|t:|1700841129\n|switch|p1a: Garganacl|Garganacl, M|60\/100\n|turn|19\n|\n|t:|1700841135\n|switch|p2a: Dragapult|Dragapult, F, shiny|100\/100\n|-terastallize|p1a: Garganacl|Fairy\n|move|p1a: Garganacl|Iron Defense|p1a: Garganacl\n|-boost|p1a: Garganacl|def|2\n|\n|-heal|p1a: Garganacl|67\/100|[from] item: Leftovers\n|upkeep\n|turn|20\n|\n|t:|1700841146\n|move|p2a: Dragapult|Flamethrower|p1a: Garganacl\n|-damage|p1a: Garganacl|49\/100\n|move|p1a: Garganacl|Recover|p1a: Garganacl\n|-heal|p1a: Garganacl|99\/100\n|\n|-heal|p1a: Garganacl|100\/100|[from] item: Leftovers\n|upkeep\n|turn|21\n|\n|t:|1700841154\n|move|p2a: Dragapult|Flamethrower|p1a: Garganacl\n|-damage|p1a: Garganacl|81\/100\n|move|p1a: Garganacl|Salt Cure|p2a: Dragapult\n|-damage|p2a: Dragapult|80\/100\n|-start|p2a: Dragapult|Salt Cure\n|\n|-heal|p1a: Garganacl|88\/100|[from] item: Leftovers\n|-damage|p2a: Dragapult|68\/100|[from] Salt Cure\n|upkeep\n|turn|22\n|\n|t:|1700841161\n|move|p2a: Dragapult|Flamethrower|p1a: Garganacl\n|-damage|p1a: Garganacl|70\/100\n|move|p1a: Garganacl|Iron Defense|p1a: Garganacl\n|-boost|p1a: Garganacl|def|2\n|\n|-heal|p1a: Garganacl|76\/100|[from] item: Leftovers\n|-damage|p2a: Dragapult|56\/100|[from] Salt Cure\n|upkeep\n|turn|23\n|\n|t:|1700841175\n|move|p2a: Dragapult|Flamethrower|p1a: Garganacl\n|-damage|p1a: Garganacl|58\/100\n|move|p1a: Garganacl|Iron Defense|p1a: Garganacl\n|-boost|p1a: Garganacl|def|2\n|\n|-heal|p1a: Garganacl|64\/100|[from] item: Leftovers\n|-damage|p2a: Dragapult|43\/100|[from] Salt Cure\n|upkeep\n|turn|24\n|\n|t:|1700841179\n|move|p2a: Dragapult|Flamethrower|p1a: Garganacl\n|-damage|p1a: Garganacl|46\/100\n|move|p1a: Garganacl|Recover|p1a: Garganacl\n|-heal|p1a: Garganacl|96\/100\n|\n|-heal|p1a: Garganacl|100\/100|[from] item: Leftovers\n|-damage|p2a: Dragapult|31\/100|[from] Salt Cure\n|upkeep\n|turn|25\n|\n|t:|1700841182\n|switch|p2a: Better Zapdos|Kilowattrel, F, shiny|50\/100\n|move|p1a: Garganacl|Salt Cure|p2a: Better Zapdos\n|-supereffective|p2a: Better Zapdos\n|-damage|p2a: Better Zapdos|0 fnt\n|faint|p2a: Better Zapdos\n|\n|upkeep\n|\n|t:|1700841185\n|switch|p2a: Floatzel|Floatzel, M, shiny, tera:Water|55\/100\n|turn|26\n|\n|t:|1700841188\n|move|p2a: Floatzel|Flip Turn|p1a: Garganacl\n|-damage|p1a: Garganacl|91\/100\n|\n|t:|1700841191\n|switch|p2a: Dragapult|Dragapult, F, shiny|31\/100|[from] Flip Turn\n|move|p1a: Garganacl|Body Press|p2a: Dragapult\n|-immune|p2a: Dragapult\n|\n|-heal|p1a: Garganacl|97\/100|[from] item: Leftovers\n|upkeep\n|turn|27\n|\n|t:|1700841195\n|move|p2a: Dragapult|U-turn|p1a: Garganacl\n|-resisted|p1a: Garganacl\n|-damage|p1a: Garganacl|95\/100\n|\n|t:|1700841199\n|switch|p2a: Floatzel|Floatzel, M, shiny, tera:Water|55\/100|[from] U-turn\n|move|p1a: Garganacl|Salt Cure|p2a: Floatzel\n|-damage|p2a: Floatzel|30\/100\n|-start|p2a: Floatzel|Salt Cure\n|\n|-heal|p1a: Garganacl|100\/100|[from] item: Leftovers\n|-damage|p2a: Floatzel|5\/100|[from] Salt Cure\n|upkeep\n|turn|28\n|\n|t:|1700841211\n|move|p2a: Floatzel|Flip Turn|p1a: Garganacl\n|-damage|p1a: Garganacl|90\/100\n|\n|t:|1700841218\n|switch|p2a: Dragapult|Dragapult, F, shiny|31\/100|[from] Flip Turn\n|move|p1a: Garganacl|Salt Cure|p2a: Dragapult\n|-damage|p2a: Dragapult|10\/100\n|-start|p2a: Dragapult|Salt Cure\n|\n|-heal|p1a: Garganacl|96\/100|[from] item: Leftovers\n|-damage|p2a: Dragapult|0 fnt|[from] Salt Cure\n|faint|p2a: Dragapult\n|upkeep\n|\n|t:|1700841222\n|switch|p2a: Floatzel|Floatzel, M, shiny, tera:Water|5\/100\n|turn|29\n|\n|t:|1700841226\n|move|p2a: Floatzel|Wave Crash|p1a: Garganacl\n|-damage|p1a: Garganacl|77\/100\n|-damage|p2a: Floatzel|0 fnt|[from] Recoil\n|faint|p2a: Floatzel\n|\n|win|Pls_help__me_god\n|raw|Pls_help__me_god's rating: 1402 &rarr; <strong>1416<\/strong><br \/>(+14 for winning)\n|raw|Brakeyoke's rating: 1298 &rarr; <strong>1280<\/strong><br \/>(-18 for losing)\n|c|\u2606Brakeyoke|gg wp\n|l|\u2606Brakeyoke\n","uploadtime":1700841246,"views":10,"p1id":"plshelpmegod","p2id":"brakeyoke","formatid":"gen9ou","rating":1280,"private":0,"password":""}