{"id":"gen9ou-1997367879","p1":"mathismathin","p2":"TrepYT","format":"[Gen 9] OU","log":"|j|\u2606mathismathin\n|j|\u203dTrepYT\n|t:|1700794995\n|gametype|singles\n|player|p1|mathismathin|nate|1686\n|player|p2|TrepYT|swimmerf|1731\n|teamsize|p1|6\n|teamsize|p2|6\n|gen|9\n|tier|[Gen 9] OU\n|rated|\n|rule|Sleep Clause Mod: Limit one foe put to sleep\n|rule|Species Clause: Limit one of each Pok\u00e9mon\n|rule|OHKO Clause: OHKO moves are banned\n|rule|Evasion Items Clause: Evasion items are banned\n|rule|Evasion Moves Clause: Evasion moves are banned\n|rule|Endless Battle Clause: Forcing endless battles is banned\n|rule|HP Percentage Mod: HP is shown in percentages\n|clearpoke\n|poke|p1|Amoonguss, F|\n|poke|p1|Walking Wake|\n|poke|p1|Corviknight, F|\n|poke|p1|Blissey, F|\n|poke|p1|Heatran, F|\n|poke|p1|Kingambit, F|\n|poke|p2|Samurott-Hisui, F|\n|poke|p2|Cresselia, F|\n|poke|p2|Kingambit, M|\n|poke|p2|Scizor, F|\n|poke|p2|Garchomp, F|\n|poke|p2|Heatran, M|\n|teampreview\n|\n|t:|1700795011\n|start\n|switch|p1a: Amoonguss|Amoonguss, F|100\/100\n|switch|p2a: Samurott|Samurott-Hisui, F|100\/100\n|turn|1\n|\n|t:|1700795013\n|move|p2a: Samurott|Flip Turn|p1a: Amoonguss\n|-resisted|p1a: Amoonguss\n|-damage|p1a: Amoonguss|90\/100\n|\n|t:|1700795018\n|switch|p2a: Garchomp|Garchomp, F|100\/100|[from] Flip Turn\n|move|p1a: Amoonguss|Grass Knot|p2a: Garchomp\n|-damage|p2a: Garchomp|77\/100\n|-damage|p1a: Amoonguss|78\/100|[from] ability: Rough Skin|[of] p2a: Garchomp\n|-damage|p1a: Amoonguss|61\/100|[from] item: Rocky Helmet|[of] p2a: Garchomp\n|\n|upkeep\n|turn|2\n|\n|t:|1700795024\n|move|p2a: Garchomp|Stealth Rock|p1a: Amoonguss\n|-sidestart|p1: mathismathin|move: Stealth Rock\n|move|p1a: Amoonguss|Spore|p2a: Garchomp\n|-status|p2a: Garchomp|slp|[from] move: Spore\n|\n|upkeep\n|turn|3\n|\n|t:|1700795027\n|switch|p2a: Heatran|Heatran, M|100\/100\n|switch|p1a: Walking Wake|Walking Wake|100\/100\n|-damage|p1a: Walking Wake|88\/100|[from] Stealth Rock\n|\n|-heal|p1a: Walking Wake|94\/100|[from] item: Leftovers\n|upkeep\n|turn|4\n|\n|t:|1700795029\n|switch|p2a: Samurott|Samurott-Hisui, F|100\/100\n|move|p1a: Walking Wake|Substitute|p1a: Walking Wake\n|-start|p1a: Walking Wake|Substitute\n|-damage|p1a: Walking Wake|70\/100\n|\n|-heal|p1a: Walking Wake|76\/100|[from] item: Leftovers\n|upkeep\n|turn|5\n|\n|t:|1700795032\n|move|p1a: Walking Wake|Dragon Pulse|p2a: Samurott\n|-damage|p2a: Samurott|65\/100\n|move|p2a: Samurott|Ceaseless Edge|p1a: Walking Wake\n|-end|p1a: Walking Wake|Substitute\n|-sidestart|p1: mathismathin|Spikes\n|\n|-heal|p1a: Walking Wake|82\/100|[from] item: Leftovers\n|upkeep\n|turn|6\n|\n|t:|1700795038\n|-end|p1a: Walking Wake|Protosynthesis|[silent]\n|switch|p1a: Amoonguss|Amoonguss, F|94\/100\n|move|p2a: Samurott|Flip Turn|p1a: Amoonguss\n|-resisted|p1a: Amoonguss\n|-damage|p1a: Amoonguss|84\/100\n|\n|t:|1700795040\n|switch|p2a: Heatran|Heatran, M|100\/100|[from] Flip Turn\n|\n|upkeep\n|turn|7\n|\n|t:|1700795047\n|switch|p1a: Blissey|Blissey, F|100\/100\n|move|p2a: Heatran|Substitute|p2a: Heatran\n|-start|p2a: Heatran|Substitute\n|-damage|p2a: Heatran|76\/100\n|\n|-heal|p2a: Heatran|82\/100|[from] item: Leftovers\n|upkeep\n|turn|8\n|\n|t:|1700795050\n|move|p2a: Heatran|Magma Storm|p1a: Blissey\n|-damage|p1a: Blissey|83\/100\n|-activate|p1a: Blissey|move: Magma Storm|[of] p2a: Heatran\n|move|p1a: Blissey|Seismic Toss|p2a: Heatran\n|-end|p2a: Heatran|Substitute\n|\n|-heal|p2a: Heatran|88\/100|[from] item: Leftovers\n|-damage|p1a: Blissey|71\/100|[from] move: Magma Storm|[partiallytrapped]\n|upkeep\n|turn|9\n|\n|t:|1700795055\n|move|p2a: Heatran|Substitute|p2a: Heatran\n|-start|p2a: Heatran|Substitute\n|-damage|p2a: Heatran|63\/100\n|move|p1a: Blissey|Seismic Toss|p2a: Heatran\n|-end|p2a: Heatran|Substitute\n|\n|-heal|p2a: Heatran|69\/100|[from] item: Leftovers\n|-damage|p1a: Blissey|58\/100|[from] move: Magma Storm|[partiallytrapped]\n|upkeep\n|turn|10\n|\n|t:|1700795057\n|move|p2a: Heatran|Taunt|p1a: Blissey\n|-start|p1a: Blissey|move: Taunt\n|cant|p1a: Blissey|move: Taunt|Soft-Boiled\n|\n|-heal|p2a: Heatran|75\/100|[from] item: Leftovers\n|-damage|p1a: Blissey|46\/100|[from] move: Magma Storm|[partiallytrapped]\n|upkeep\n|turn|11\n|\n|t:|1700795066\n|move|p2a: Heatran|Earth Power|p1a: Blissey\n|-damage|p1a: Blissey|36\/100\n|-unboost|p1a: Blissey|spd|1\n|move|p1a: Blissey|Seismic Toss|p2a: Heatran\n|-damage|p2a: Heatran|49\/100\n|\n|-heal|p2a: Heatran|55\/100|[from] item: Leftovers\n|-damage|p1a: Blissey|24\/100|[from] move: Magma Storm|[partiallytrapped]\n|upkeep\n|turn|12\n|\n|t:|1700795072\n|move|p2a: Heatran|Earth Power|p1a: Blissey\n|-damage|p1a: Blissey|6\/100\n|move|p1a: Blissey|Seismic Toss|p2a: Heatran\n|-damage|p2a: Heatran|29\/100\n|\n|-heal|p2a: Heatran|35\/100|[from] item: Leftovers\n|-damage|p1a: Blissey|0 fnt|[from] move: Magma Storm|[partiallytrapped]\n|faint|p1a: Blissey\n|upkeep\n|\n|t:|1700795075\n|switch|p1a: Walking Wake|Walking Wake|82\/100\n|-damage|p1a: Walking Wake|70\/100|[from] Stealth Rock\n|-damage|p1a: Walking Wake|57\/100|[from] Spikes\n|turn|13\n|\n|t:|1700795077\n|move|p1a: Walking Wake|Substitute|p1a: Walking Wake\n|-start|p1a: Walking Wake|Substitute\n|-damage|p1a: Walking Wake|32\/100\n|move|p2a: Heatran|Earth Power|p1a: Walking Wake\n|-end|p1a: Walking Wake|Substitute\n|\n|-heal|p1a: Walking Wake|39\/100|[from] item: Leftovers\n|-heal|p2a: Heatran|41\/100|[from] item: Leftovers\n|upkeep\n|turn|14\n|\n|t:|1700795081\n|switch|p2a: Samurott|Samurott-Hisui, F|65\/100\n|move|p1a: Walking Wake|Scald|p2a: Samurott\n|-resisted|p2a: Samurott\n|-damage|p2a: Samurott|48\/100\n|\n|-heal|p1a: Walking Wake|45\/100|[from] item: Leftovers\n|upkeep\n|turn|15\n|\n|t:|1700795085\n|-end|p1a: Walking Wake|Protosynthesis|[silent]\n|switch|p1a: Amoonguss|Amoonguss, F|100\/100\n|move|p2a: Samurott|Ceaseless Edge|p1a: Amoonguss\n|-crit|p1a: Amoonguss\n|-damage|p1a: Amoonguss|46\/100\n|-sidestart|p1: mathismathin|Spikes\n|\n|upkeep\n|turn|16\n|\n|t:|1700795088\n|move|p2a: Samurott|Flip Turn|p1a: Amoonguss\n|-resisted|p1a: Amoonguss\n|-damage|p1a: Amoonguss|35\/100\n|\n|t:|1700795089\n|switch|p2a: Heatran|Heatran, M|41\/100|[from] Flip Turn\n|move|p1a: Amoonguss|Spore|p2a: Heatran\n|-message|Sleep Clause Mod activated.\n|-hint|Sleep Clause Mod prevents players from putting more than one of their opponent's Pok\u00e9mon to sleep at a time\n|\n|-heal|p2a: Heatran|47\/100|[from] item: Leftovers\n|upkeep\n|turn|17\n|\n|t:|1700795097\n|switch|p1a: Heatran|Heatran, F|100\/100\n|-damage|p1a: Heatran|88\/100|[from] Stealth Rock\n|-damage|p1a: Heatran|71\/100|[from] Spikes\n|move|p2a: Heatran|Substitute|p2a: Heatran\n|-start|p2a: Heatran|Substitute\n|-damage|p2a: Heatran|22\/100\n|\n|-heal|p1a: Heatran|78\/100|[from] item: Leftovers\n|-heal|p2a: Heatran|28\/100|[from] item: Leftovers\n|upkeep\n|turn|18\n|j| Oscarbolt\n|\n|t:|1700795100\n|-terastallize|p1a: Heatran|Ghost\n|move|p1a: Heatran|Earth Power|p2a: Heatran\n|-supereffective|p2a: Heatran\n|-end|p2a: Heatran|Substitute\n|move|p2a: Heatran|Earth Power|p1a: Heatran\n|-damage|p1a: Heatran|50\/100\n|\n|-heal|p1a: Heatran|56\/100|[from] item: Leftovers\n|-heal|p2a: Heatran|34\/100|[from] item: Leftovers\n|upkeep\n|turn|19\n|\n|t:|1700795105\n|switch|p2a: Samurott|Samurott-Hisui, F|48\/100\n|move|p1a: Heatran|Magma Storm|p2a: Samurott\n|-resisted|p2a: Samurott\n|-damage|p2a: Samurott|26\/100\n|-activate|p2a: Samurott|move: Magma Storm|[of] p1a: Heatran\n|\n|-heal|p1a: Heatran|62\/100|[from] item: Leftovers\n|-damage|p2a: Samurott|14\/100|[from] move: Magma Storm|[partiallytrapped]\n|upkeep\n|turn|20\n|\n|t:|1700795111\n|move|p1a: Heatran|Protect|p1a: Heatran\n|-singleturn|p1a: Heatran|Protect\n|move|p2a: Samurott|Ceaseless Edge|p1a: Heatran\n|-activate|p1a: Heatran|move: Protect\n|\n|-heal|p1a: Heatran|68\/100|[from] item: Leftovers\n|-damage|p2a: Samurott|2\/100|[from] move: Magma Storm|[partiallytrapped]\n|upkeep\n|turn|21\n|\n|t:|1700795114\n|switch|p1a: Corviknight|Corviknight, F|100\/100\n|-damage|p1a: Corviknight|88\/100|[from] Stealth Rock\n|-ability|p1a: Corviknight|Pressure\n|move|p2a: Samurott|Flip Turn|p1a: Corviknight\n|-damage|p1a: Corviknight|66\/100\n|\n|t:|1700795116\n|switch|p2a: Heatran|Heatran, M|34\/100|[from] Flip Turn\n|\n|-heal|p1a: Corviknight|72\/100|[from] item: Leftovers\n|-heal|p2a: Heatran|40\/100|[from] item: Leftovers\n|upkeep\n|turn|22\n|\n|t:|1700795120\n|switch|p1a: Heatran|Heatran, F, tera:Ghost|68\/100\n|-damage|p1a: Heatran|56\/100|[from] Stealth Rock\n|-damage|p1a: Heatran|39\/100|[from] Spikes\n|move|p2a: Heatran|Magma Storm|p1a: Heatran\n|-start|p1a: Heatran|ability: Flash Fire\n|\n|-heal|p1a: Heatran|46\/100|[from] item: Leftovers\n|-heal|p2a: Heatran|46\/100|[from] item: Leftovers\n|upkeep\n|turn|23\n|\n|t:|1700795124\n|switch|p2a: Samurott|Samurott-Hisui, F|2\/100\n|move|p1a: Heatran|Earth Power|p2a: Samurott\n|-damage|p2a: Samurott|0 fnt\n|faint|p2a: Samurott\n|\n|-heal|p1a: Heatran|52\/100|[from] item: Leftovers\n|upkeep\n|\n|t:|1700795135\n|switch|p2a: Kingambit|Kingambit, M|100\/100\n|-activate|p2a: Kingambit|ability: Supreme Overlord\n|-start|p2a: Kingambit|fallen1|[silent]\n|turn|24\n|\n|t:|1700795153\n|-end|p1a: Heatran|ability: Flash Fire|[silent]\n|switch|p1a: Corviknight|Corviknight, F|72\/100\n|-damage|p1a: Corviknight|60\/100|[from] Stealth Rock\n|-ability|p1a: Corviknight|Pressure\n|-end|p2a: Kingambit|fallen1|[silent]\n|switch|p2a: Heatran|Heatran, M|46\/100\n|\n|-heal|p1a: Corviknight|66\/100|[from] item: Leftovers\n|-heal|p2a: Heatran|52\/100|[from] item: Leftovers\n|upkeep\n|turn|25\n|\n|t:|1700795159\n|switch|p1a: Heatran|Heatran, F, tera:Ghost|52\/100\n|-damage|p1a: Heatran|39\/100|[from] Stealth Rock\n|-damage|p1a: Heatran|23\/100|[from] Spikes\n|move|p2a: Heatran|Magma Storm|p1a: Heatran\n|-start|p1a: Heatran|ability: Flash Fire\n|\n|-heal|p1a: Heatran|29\/100|[from] item: Leftovers\n|-heal|p2a: Heatran|58\/100|[from] item: Leftovers\n|upkeep\n|turn|26\n|\n|t:|1700795180\n|move|p1a: Heatran|Magma Storm|p2a: Heatran|[miss]\n|-miss|p1a: Heatran|p2a: Heatran\n|move|p2a: Heatran|Earth Power|p1a: Heatran\n|-damage|p1a: Heatran|1\/100\n|\n|-heal|p1a: Heatran|7\/100|[from] item: Leftovers\n|-heal|p2a: Heatran|64\/100|[from] item: Leftovers\n|upkeep\n|turn|27\n|j| adyu1\n|\n|t:|1700795193\n|switch|p2a: Kingambit|Kingambit, M|100\/100\n|-activate|p2a: Kingambit|ability: Supreme Overlord\n|-start|p2a: Kingambit|fallen1|[silent]\n|move|p1a: Heatran|Magma Storm|p2a: Kingambit\n|-supereffective|p2a: Kingambit\n|-damage|p2a: Kingambit|0 fnt\n|faint|p2a: Kingambit\n|-end|p2a: Kingambit|fallen1|[silent]\n|\n|-heal|p1a: Heatran|14\/100|[from] item: Leftovers\n|upkeep\n|\n|t:|1700795195\n|switch|p2a: Scizor|Scizor, F|100\/100\n|turn|28\n|\n|t:|1700795199\n|move|p1a: Heatran|Protect|p1a: Heatran\n|-singleturn|p1a: Heatran|Protect\n|move|p2a: Scizor|Bullet Punch|p1a: Heatran\n|-activate|p1a: Heatran|move: Protect\n|\n|-heal|p1a: Heatran|20\/100|[from] item: Leftovers\n|upkeep\n|turn|29\n|\n|t:|1700795204\n|switch|p2a: Heatran|Heatran, M|64\/100\n|move|p1a: Heatran|Earth Power|p2a: Heatran\n|-supereffective|p2a: Heatran\n|-damage|p2a: Heatran|0 fnt\n|faint|p2a: Heatran\n|\n|-heal|p1a: Heatran|26\/100|[from] item: Leftovers\n|upkeep\n|\n|t:|1700795207\n|switch|p2a: Cresselia|Cresselia, F|100\/100\n|turn|30\n|\n|t:|1700795210\n|move|p1a: Heatran|Taunt|p2a: Cresselia\n|-start|p2a: Cresselia|move: Taunt\n|cant|p2a: Cresselia|move: Taunt|Calm Mind\n|\n|-heal|p1a: Heatran|32\/100|[from] item: Leftovers\n|upkeep\n|turn|31\n|\n|t:|1700795215\n|switch|p2a: Garchomp|Garchomp, F|77\/100 slp\n|move|p1a: Heatran|Protect||[still]\n|-fail|p1a: Heatran\n|\n|-heal|p1a: Heatran|39\/100|[from] item: Leftovers\n|upkeep\n|turn|32\n|\n|t:|1700795219\n|-end|p1a: Heatran|ability: Flash Fire|[silent]\n|switch|p1a: Corviknight|Corviknight, F|66\/100\n|-damage|p1a: Corviknight|54\/100|[from] Stealth Rock\n|-ability|p1a: Corviknight|Pressure\n|cant|p2a: Garchomp|slp\n|\n|-heal|p1a: Corviknight|60\/100|[from] item: Leftovers\n|upkeep\n|turn|33\n|\n|t:|1700795224\n|switch|p2a: Cresselia|Cresselia, F|100\/100\n|move|p1a: Corviknight|Defog|p2a: Cresselia\n|-unboost|p2a: Cresselia|evasion|1\n|-sideend|p1: mathismathin|Spikes|[from] move: Defog|[of] p1a: Corviknight\n|-sideend|p1: mathismathin|Stealth Rock|[from] move: Defog|[of] p1a: Corviknight\n|\n|-heal|p1a: Corviknight|66\/100|[from] item: Leftovers\n|upkeep\n|turn|34\n|\n|t:|1700795234\n|switch|p1a: Kingambit|Kingambit, F|100\/100\n|-activate|p1a: Kingambit|ability: Supreme Overlord\n|-start|p1a: Kingambit|fallen1|[silent]\n|move|p2a: Cresselia|Calm Mind|p2a: Cresselia\n|-boost|p2a: Cresselia|spa|1\n|-boost|p2a: Cresselia|spd|1\n|\n|upkeep\n|turn|35\n|\n|t:|1700795237\n|switch|p2a: Garchomp|Garchomp, F|77\/100 slp\n|move|p1a: Kingambit|Swords Dance|p1a: Kingambit\n|-boost|p1a: Kingambit|atk|2\n|\n|upkeep\n|turn|36\n|\n|t:|1700795242\n|-end|p1a: Kingambit|fallen1|[silent]\n|switch|p1a: Corviknight|Corviknight, F|66\/100\n|-ability|p1a: Corviknight|Pressure\n|cant|p2a: Garchomp|slp\n|\n|-heal|p1a: Corviknight|72\/100|[from] item: Leftovers\n|upkeep\n|turn|37\n|\n|t:|1700795244\n|-curestatus|p2a: Garchomp|slp|[msg]\n|move|p2a: Garchomp|Stealth Rock|p1a: Corviknight\n|-sidestart|p1: mathismathin|move: Stealth Rock\n|move|p1a: Corviknight|Iron Defense|p1a: Corviknight\n|-boost|p1a: Corviknight|def|2\n|\n|-heal|p1a: Corviknight|79\/100|[from] item: Leftovers\n|upkeep\n|turn|38\n|\n|t:|1700795246\n|move|p1a: Corviknight|Defog|p2a: Garchomp\n|-unboost|p2a: Garchomp|evasion|1\n|-sideend|p1: mathismathin|Stealth Rock|[from] move: Defog|[of] p1a: Corviknight\n|move|p2a: Garchomp|Dragon Tail|p1a: Corviknight\n|-resisted|p1a: Corviknight\n|-damage|p1a: Corviknight|74\/100\n|drag|p1a: Heatran|Heatran, F, tera:Ghost|39\/100\n|\n|-heal|p1a: Heatran|45\/100|[from] item: Leftovers\n|upkeep\n|turn|39\n|\n|t:|1700795250\n|switch|p1a: Corviknight|Corviknight, F|74\/100\n|-ability|p1a: Corviknight|Pressure\n|move|p2a: Garchomp|Stealth Rock|p1a: Corviknight\n|-sidestart|p1: mathismathin|move: Stealth Rock\n|\n|-heal|p1a: Corviknight|81\/100|[from] item: Leftovers\n|upkeep\n|turn|40\n|\n|t:|1700795253\n|move|p1a: Corviknight|Defog|p2a: Garchomp\n|-unboost|p2a: Garchomp|evasion|1\n|-sideend|p1: mathismathin|Stealth Rock|[from] move: Defog|[of] p1a: Corviknight\n|move|p2a: Garchomp|Dragon Tail|p1a: Corviknight\n|-resisted|p1a: Corviknight\n|-damage|p1a: Corviknight|72\/100\n|drag|p1a: Amoonguss|Amoonguss, F|68\/100\n|\n|upkeep\n|turn|41\n|\n|t:|1700795257\n|switch|p1a: Corviknight|Corviknight, F|72\/100\n|-ability|p1a: Corviknight|Pressure\n|move|p2a: Garchomp|Stealth Rock|p1a: Corviknight\n|-sidestart|p1: mathismathin|move: Stealth Rock\n|\n|-heal|p1a: Corviknight|78\/100|[from] item: Leftovers\n|upkeep\n|turn|42\n|\n|t:|1700795260\n|move|p1a: Corviknight|Defog|p2a: Garchomp\n|-unboost|p2a: Garchomp|evasion|1\n|-sideend|p1: mathismathin|Stealth Rock|[from] move: Defog|[of] p1a: Corviknight\n|move|p2a: Garchomp|Dragon Tail|p1a: Corviknight\n|-resisted|p1a: Corviknight\n|-damage|p1a: Corviknight|69\/100\n|drag|p1a: Walking Wake|Walking Wake|45\/100\n|\n|-heal|p1a: Walking Wake|51\/100|[from] item: Leftovers\n|upkeep\n|turn|43\n|\n|t:|1700795265\n|switch|p2a: Scizor|Scizor, F|100\/100\n|move|p1a: Walking Wake|Dragon Pulse|p2a: Scizor\n|-resisted|p2a: Scizor\n|-damage|p2a: Scizor|76\/100\n|\n|-heal|p1a: Walking Wake|57\/100|[from] item: Leftovers\n|upkeep\n|turn|44\n|\n|t:|1700795269\n|-end|p1a: Walking Wake|Protosynthesis|[silent]\n|switch|p1a: Amoonguss|Amoonguss, F|100\/100\n|move|p2a: Scizor|Knock Off|p1a: Amoonguss\n|-damage|p1a: Amoonguss|62\/100\n|-enditem|p1a: Amoonguss|Heavy-Duty Boots|[from] move: Knock Off|[of] p2a: Scizor\n|\n|upkeep\n|turn|45\n|\n|t:|1700795273\n|switch|p2a: Garchomp|Garchomp, F|77\/100\n|move|p1a: Amoonguss|Spore|p2a: Garchomp\n|-status|p2a: Garchomp|slp|[from] move: Spore\n|\n|upkeep\n|turn|46\n|\n|t:|1700795277\n|switch|p2a: Cresselia|Cresselia, F|100\/100\n|switch|p1a: Walking Wake|Walking Wake|57\/100\n|\n|-heal|p1a: Walking Wake|63\/100|[from] item: Leftovers\n|upkeep\n|turn|47\n|\n|t:|1700795279\n|move|p1a: Walking Wake|Knock Off|p2a: Cresselia\n|-supereffective|p2a: Cresselia\n|-damage|p2a: Cresselia|82\/100\n|-enditem|p2a: Cresselia|Kee Berry|[from] move: Knock Off|[of] p1a: Walking Wake\n|move|p2a: Cresselia|Calm Mind|p2a: Cresselia\n|-boost|p2a: Cresselia|spa|1\n|-boost|p2a: Cresselia|spd|1\n|\n|-heal|p1a: Walking Wake|70\/100|[from] item: Leftovers\n|upkeep\n|turn|48\n|\n|t:|1700795281\n|-end|p1a: Walking Wake|Protosynthesis|[silent]\n|switch|p1a: Kingambit|Kingambit, F|100\/100\n|-activate|p1a: Kingambit|ability: Supreme Overlord\n|-start|p1a: Kingambit|fallen1|[silent]\n|move|p2a: Cresselia|Calm Mind|p2a: Cresselia\n|-boost|p2a: Cresselia|spa|1\n|-boost|p2a: Cresselia|spd|1\n|\n|upkeep\n|turn|49\n|\n|t:|1700795283\n|move|p2a: Cresselia|Calm Mind|p2a: Cresselia\n|-boost|p2a: Cresselia|spa|1\n|-boost|p2a: Cresselia|spd|1\n|move|p1a: Kingambit|Swords Dance|p1a: Kingambit\n|-boost|p1a: Kingambit|atk|2\n|\n|upkeep\n|turn|50\n|\n|t:|1700795285\n|-terastallize|p2a: Cresselia|Poison\n|move|p2a: Cresselia|Moonblast|p1a: Kingambit\n|-damage|p1a: Kingambit|57\/100\n|move|p1a: Kingambit|Kowtow Cleave|p2a: Cresselia\n|-damage|p2a: Cresselia|28\/100\n|\n|-heal|p1a: Kingambit|63\/100|[from] item: Leftovers\n|upkeep\n|turn|51\n|\n|t:|1700795289\n|move|p2a: Cresselia|Moonblast|p1a: Kingambit\n|-damage|p1a: Kingambit|18\/100\n|move|p1a: Kingambit|Kowtow Cleave|p2a: Cresselia\n|-damage|p2a: Cresselia|0 fnt\n|faint|p2a: Cresselia\n|\n|-heal|p1a: Kingambit|25\/100|[from] item: Leftovers\n|upkeep\n|\n|t:|1700795290\n|switch|p2a: Scizor|Scizor, F|76\/100\n|turn|52\n|-message|TrepYT forfeited.\n|\n|win|mathismathin\n|raw|mathismathin's rating: 1703 &rarr; <strong>1725<\/strong><br \/>(+22 for winning)\n|raw|TrepYT's rating: 1731 &rarr; <strong>1709<\/strong><br \/>(-22 for losing)\n|l|\u203dTrepYT\n","uploadtime":1700795300,"views":11,"p1id":"mathismathin","p2id":"trepyt","formatid":"gen9ou","rating":1709,"private":0,"password":""}