{"id":"gen9ou-1989378811","p1":"wooloo supremacy","p2":"Quamnckkk","format":"[Gen 9] OU","log":"|j|\u2606wooloo supremacy\n|j|\u2606Quamnckkk\n|t:|1699842800\n|gametype|singles\n|player|p1|wooloo supremacy|adaman|1648\n|player|p2|Quamnckkk|yellow|1693\n|teamsize|p1|6\n|teamsize|p2|6\n|gen|9\n|tier|[Gen 9] OU\n|rated|\n|rule|Sleep Clause Mod: Limit one foe put to sleep\n|rule|Species Clause: Limit one of each Pok\u00e9mon\n|rule|OHKO Clause: OHKO moves are banned\n|rule|Evasion Items Clause: Evasion items are banned\n|rule|Evasion Moves Clause: Evasion moves are banned\n|rule|Endless Battle Clause: Forcing endless battles is banned\n|rule|HP Percentage Mod: HP is shown in percentages\n|clearpoke\n|poke|p1|Great Tusk|\n|poke|p1|Hatterene, F|\n|poke|p1|Dondozo, F|\n|poke|p1|Mandibuzz, F|\n|poke|p1|Heatran, M|\n|poke|p1|Dragapult, M|\n|poke|p2|Amoonguss, F|\n|poke|p2|Ting-Lu|\n|poke|p2|Blissey, F|\n|poke|p2|Ditto|\n|poke|p2|Corviknight, F|\n|poke|p2|Alomomola, F|\n|teampreview\n|inactive|Battle timer is ON: inactive players will automatically lose when time's up. (requested by Quamnckkk)\n|inactive|wooloo supremacy also wants the timer to be on.\n|\n|t:|1699842826\n|start\n|switch|p1a: Hatterene|Hatterene, F|100\/100\n|switch|p2a: Alomomola|Alomomola, F|100\/100\n|turn|1\n|\n|t:|1699842833\n|move|p2a: Alomomola|Flip Turn|p1a: Hatterene\n|-damage|p1a: Hatterene|86\/100\n|\n|t:|1699842836\n|switch|p2a: Blissey|Blissey, F|100\/100|[from] Flip Turn\n|move|p1a: Hatterene|Nuzzle|p2a: Blissey\n|-damage|p2a: Blissey|96\/100\n|-status|p2a: Blissey|par\n|\n|-heal|p1a: Hatterene|92\/100|[from] item: Leftovers\n|upkeep\n|turn|2\n|\n|t:|1699842847\n|move|p1a: Hatterene|Calm Mind|p1a: Hatterene\n|-boost|p1a: Hatterene|spa|1\n|-boost|p1a: Hatterene|spd|1\n|cant|p2a: Blissey|par\n|\n|-heal|p1a: Hatterene|98\/100|[from] item: Leftovers\n|upkeep\n|turn|3\n|\n|t:|1699842853\n|move|p1a: Hatterene|Nuzzle|p2a: Blissey\n|-damage|p2a: Blissey|92\/100 par\n|move|p2a: Blissey|Calm Mind|p2a: Blissey\n|-boost|p2a: Blissey|spa|1\n|-boost|p2a: Blissey|spd|1\n|\n|-heal|p1a: Hatterene|100\/100|[from] item: Leftovers\n|upkeep\n|turn|4\n|\n|t:|1699842856\n|move|p1a: Hatterene|Psyshock|p2a: Blissey\n|-damage|p2a: Blissey|38\/100 par\n|move|p2a: Blissey|Calm Mind|p2a: Blissey\n|-boost|p2a: Blissey|spa|1\n|-boost|p2a: Blissey|spd|1\n|\n|upkeep\n|turn|5\n|\n|t:|1699842863\n|-terastallize|p2a: Blissey|Dark\n|move|p1a: Hatterene|Calm Mind|p1a: Hatterene\n|-boost|p1a: Hatterene|spa|1\n|-boost|p1a: Hatterene|spd|1\n|cant|p2a: Blissey|par\n|\n|upkeep\n|turn|6\n|\n|t:|1699842869\n|move|p1a: Hatterene|Draining Kiss|p2a: Blissey\n|-supereffective|p2a: Blissey\n|-damage|p2a: Blissey|25\/100 par\n|move|p2a: Blissey|Soft-Boiled|p2a: Blissey\n|-heal|p2a: Blissey|75\/100 par\n|\n|upkeep\n|turn|7\n|\n|t:|1699842873\n|move|p1a: Hatterene|Calm Mind|p1a: Hatterene\n|-boost|p1a: Hatterene|spa|1\n|-boost|p1a: Hatterene|spd|1\n|move|p2a: Blissey|Calm Mind|p2a: Blissey\n|-boost|p2a: Blissey|spa|1\n|-boost|p2a: Blissey|spd|1\n|\n|upkeep\n|turn|8\n|\n|t:|1699842877\n|move|p1a: Hatterene|Calm Mind|p1a: Hatterene\n|-boost|p1a: Hatterene|spa|1\n|-boost|p1a: Hatterene|spd|1\n|cant|p2a: Blissey|par\n|\n|upkeep\n|turn|9\n|c|\u2606Quamnckkk|man\n|c|\u2606wooloo supremacy|wait is this quacc\n|c|\u2606Quamnckkk|yeah\n|\n|t:|1699842888\n|move|p1a: Hatterene|Nuzzle|p2a: Blissey\n|-damage|p2a: Blissey|72\/100 par\n|move|p2a: Blissey|Calm Mind|p2a: Blissey\n|-boost|p2a: Blissey|spa|1\n|-boost|p2a: Blissey|spd|1\n|\n|upkeep\n|turn|10\n|\n|t:|1699842894\n|move|p1a: Hatterene|Calm Mind|p1a: Hatterene\n|-boost|p1a: Hatterene|spa|1\n|-boost|p1a: Hatterene|spd|1\n|move|p2a: Blissey|Calm Mind|p2a: Blissey\n|-boost|p2a: Blissey|spa|1\n|-boost|p2a: Blissey|spd|1\n|\n|upkeep\n|turn|11\n|c|\u2606wooloo supremacy|bro i've run into two people from the stall dscr in the last day\n|\n|t:|1699842914\n|move|p1a: Hatterene|Calm Mind|p1a: Hatterene\n|-boost|p1a: Hatterene|spa|1\n|-boost|p1a: Hatterene|spd|1\n|cant|p2a: Blissey|par\n|\n|upkeep\n|turn|12\n|\n|t:|1699842916\n|move|p1a: Hatterene|Draining Kiss|p2a: Blissey\n|-supereffective|p2a: Blissey\n|-damage|p2a: Blissey|55\/100 par\n|move|p2a: Blissey|Calm Mind|p2a: Blissey\n|-boost|p2a: Blissey|spa|1\n|-boost|p2a: Blissey|spd|1\n|\n|upkeep\n|turn|13\n|\n|t:|1699842919\n|move|p1a: Hatterene|Nuzzle|p2a: Blissey\n|-damage|p2a: Blissey|51\/100 par\n|move|p2a: Blissey|Soft-Boiled|p2a: Blissey\n|-heal|p2a: Blissey|100\/100 par\n|\n|upkeep\n|turn|14\n|\n|t:|1699842923\n|move|p1a: Hatterene|Draining Kiss|p2a: Blissey\n|-supereffective|p2a: Blissey\n|-damage|p2a: Blissey|88\/100 par\n|move|p2a: Blissey|Shadow Ball|p1a: Hatterene\n|-supereffective|p1a: Hatterene\n|-damage|p1a: Hatterene|70\/100\n|-unboost|p1a: Hatterene|spd|1\n|\n|-heal|p1a: Hatterene|76\/100|[from] item: Leftovers\n|upkeep\n|turn|15\n|\n|t:|1699842928\n|move|p1a: Hatterene|Draining Kiss|p2a: Blissey\n|-supereffective|p2a: Blissey\n|-damage|p2a: Blissey|74\/100 par\n|-heal|p1a: Hatterene|97\/100|[from] drain|[of] p2a: Blissey\n|move|p2a: Blissey|Shadow Ball|p1a: Hatterene\n|-supereffective|p1a: Hatterene\n|-damage|p1a: Hatterene|63\/100\n|\n|-heal|p1a: Hatterene|69\/100|[from] item: Leftovers\n|upkeep\n|turn|16\n|\n|t:|1699842936\n|switch|p1a: Mandibuzz|Mandibuzz, F|100\/100\n|move|p2a: Blissey|Shadow Ball|p1a: Mandibuzz\n|-resisted|p1a: Mandibuzz\n|-damage|p1a: Mandibuzz|76\/100\n|\n|upkeep\n|turn|17\n|\n|t:|1699842941\n|-curestatus|p2a: Blissey|par|[from] ability: Natural Cure\n|switch|p2a: Alomomola|Alomomola, F|100\/100\n|move|p1a: Mandibuzz|U-turn|p2a: Alomomola\n|-damage|p2a: Alomomola|93\/100\n|\n|t:|1699842948\n|switch|p1a: Hatterene|Hatterene, F|69\/100|[from] U-turn\n|\n|-heal|p1a: Hatterene|75\/100|[from] item: Leftovers\n|upkeep\n|turn|18\n|\n|t:|1699842953\n|move|p2a: Alomomola|Flip Turn|p1a: Hatterene\n|-damage|p1a: Hatterene|61\/100\n|\n|t:|1699842958\n|switch|p2a: Blissey|Blissey, F, tera:Dark|74\/100|[from] Flip Turn\n|move|p1a: Hatterene|Nuzzle|p2a: Blissey\n|-damage|p2a: Blissey|69\/100\n|-status|p2a: Blissey|par\n|\n|-heal|p1a: Hatterene|67\/100|[from] item: Leftovers\n|upkeep\n|turn|19\n|\n|t:|1699842963\n|move|p1a: Hatterene|Draining Kiss|p2a: Blissey\n|-supereffective|p2a: Blissey\n|-damage|p2a: Blissey|55\/100 par\n|-heal|p1a: Hatterene|88\/100|[from] drain|[of] p2a: Blissey\n|move|p2a: Blissey|Calm Mind|p2a: Blissey\n|-boost|p2a: Blissey|spa|1\n|-boost|p2a: Blissey|spd|1\n|\n|-heal|p1a: Hatterene|94\/100|[from] item: Leftovers\n|upkeep\n|turn|20\n|\n|t:|1699842969\n|switch|p1a: Mandibuzz|Mandibuzz, F|76\/100\n|move|p2a: Blissey|Soft-Boiled|p2a: Blissey\n|-heal|p2a: Blissey|100\/100 par\n|\n|upkeep\n|turn|21\n|\n|t:|1699842976\n|-curestatus|p2a: Blissey|par|[from] ability: Natural Cure\n|switch|p2a: Alomomola|Alomomola, F|100\/100\n|move|p1a: Mandibuzz|U-turn|p2a: Alomomola\n|-damage|p2a: Alomomola|94\/100\n|\n|t:|1699842986\n|switch|p1a: Great Tusk|Great Tusk|100\/100|[from] U-turn\n|\n|upkeep\n|turn|22\n|\n|t:|1699842989\n|-end|p1a: Great Tusk|Protosynthesis|[silent]\n|switch|p1a: Heatran|Heatran, M|100\/100\n|move|p2a: Alomomola|Scald|p1a: Heatran\n|-supereffective|p1a: Heatran\n|-damage|p1a: Heatran|83\/100\n|\n|-heal|p1a: Heatran|90\/100|[from] item: Leftovers\n|upkeep\n|turn|23\n|\n|t:|1699842995\n|move|p1a: Heatran|Protect|p1a: Heatran\n|-singleturn|p1a: Heatran|Protect\n|move|p2a: Alomomola|Flip Turn|p1a: Heatran\n|-activate|p1a: Heatran|move: Protect\n|\n|-heal|p1a: Heatran|96\/100|[from] item: Leftovers\n|upkeep\n|turn|24\n|\n|t:|1699843004\n|switch|p1a: Dondozo|Dondozo, F|100\/100\n|move|p2a: Alomomola|Flip Turn|p1a: Dondozo\n|-resisted|p1a: Dondozo\n|-damage|p1a: Dondozo|96\/100\n|\n|t:|1699843007\n|switch|p2a: Ditto|Ditto|100\/100|[from] Flip Turn\n|-transform|p2a: Ditto|p1a: Dondozo|[from] ability: Imposter\n|\n|-heal|p1a: Dondozo|100\/100|[from] item: Leftovers\n|upkeep\n|turn|25\n|\n|t:|1699843020\n|switch|p2a: Amoonguss|Amoonguss, F|100\/100\n|switch|p1a: Mandibuzz|Mandibuzz, F|76\/100\n|\n|upkeep\n|turn|26\n|\n|t:|1699843026\n|move|p1a: Mandibuzz|U-turn|p2a: Amoonguss\n|-damage|p2a: Amoonguss|92\/100\n|-enditem|p2a: Amoonguss|Eject Button\n|\n|t:|1699843028\n|switch|p2a: Ditto|Ditto|100\/100\n|-transform|p2a: Ditto|p1a: Mandibuzz|[from] ability: Imposter\n|\n|upkeep\n|turn|27\n|\n|t:|1699843033\n|move|p2a: Ditto|U-turn|p1a: Mandibuzz\n|-damage|p1a: Mandibuzz|70\/100\n|\n|t:|1699843036\n|switch|p2a: Alomomola|Alomomola, F|100\/100|[from] U-turn\n|move|p1a: Mandibuzz|U-turn|p2a: Alomomola\n|-damage|p2a: Alomomola|94\/100\n|\n|t:|1699843042\n|switch|p1a: Dragapult|Dragapult, M|100\/100|[from] U-turn\n|\n|upkeep\n|turn|28\n|\n|t:|1699843047\n|switch|p1a: Heatran|Heatran, M|96\/100\n|move|p2a: Alomomola|Protect||[still]\n|-fail|p2a: Alomomola\n|\n|-heal|p1a: Heatran|100\/100|[from] item: Leftovers\n|upkeep\n|turn|29\n|\n|t:|1699843054\n|switch|p1a: Dondozo|Dondozo, F|100\/100\n|move|p2a: Alomomola|Flip Turn|p1a: Dondozo\n|-resisted|p1a: Dondozo\n|-damage|p1a: Dondozo|96\/100\n|\n|t:|1699843059\n|switch|p2a: Ting-Lu|Ting-Lu|100\/100|[from] Flip Turn\n|-ability|p2a: Ting-Lu|Vessel of Ruin\n|\n|-heal|p1a: Dondozo|100\/100|[from] item: Leftovers\n|upkeep\n|turn|30\n|\n|t:|1699843062\n|switch|p1a: Hatterene|Hatterene, F|94\/100\n|move|p2a: Ting-Lu|Spikes|p1a: Hatterene\n|move|p1a: Hatterene|Spikes|p2a: Ting-Lu|[from]ability: Magic Bounce\n|-sidestart|p2: Quamnckkk|Spikes\n|\n|-heal|p1a: Hatterene|99\/100|[from] item: Leftovers\n|upkeep\n|turn|31\n|\n|t:|1699843074\n|switch|p2a: Blissey|Blissey, F, tera:Dark|100\/100\n|move|p1a: Hatterene|Calm Mind|p1a: Hatterene\n|-boost|p1a: Hatterene|spa|1\n|-boost|p1a: Hatterene|spd|1\n|\n|-heal|p1a: Hatterene|100\/100|[from] item: Leftovers\n|upkeep\n|turn|32\n|\n|t:|1699843078\n|switch|p1a: Heatran|Heatran, M|100\/100\n|move|p2a: Blissey|Calm Mind|p2a: Blissey\n|-boost|p2a: Blissey|spa|1\n|-boost|p2a: Blissey|spd|1\n|\n|upkeep\n|turn|33\n|\n|t:|1699843083\n|switch|p2a: Alomomola|Alomomola, F|100\/100\n|move|p1a: Heatran|Earth Power|p2a: Alomomola\n|-damage|p2a: Alomomola|75\/100\n|\n|upkeep\n|turn|34\n|\n|t:|1699843088\n|switch|p1a: Dondozo|Dondozo, F|100\/100\n|move|p2a: Alomomola|Wish|p2a: Alomomola\n|\n|upkeep\n|turn|35\n|\n|t:|1699843093\n|switch|p2a: Corviknight|Corviknight, F|100\/100\n|-ability|p2a: Corviknight|Pressure\n|move|p1a: Dondozo|Liquidation|p2a: Corviknight\n|-damage|p2a: Corviknight|82\/100\n|\n|-heal|p2a: Corviknight|100\/100|[from] move: Wish|[wisher] Alomomola\n|upkeep\n|turn|36\n|\n|t:|1699843098\n|switch|p1a: Heatran|Heatran, M|100\/100\n|move|p2a: Corviknight|Defog|p1a: Heatran\n|-unboost|p1a: Heatran|evasion|1\n|-sideend|p2: Quamnckkk|Spikes|[from] move: Defog|[of] p2a: Corviknight\n|\n|upkeep\n|turn|37\n|\n|t:|1699843102\n|switch|p2a: Alomomola|Alomomola, F|100\/100\n|move|p1a: Heatran|Taunt|p2a: Alomomola\n|-start|p2a: Alomomola|move: Taunt\n|\n|upkeep\n|turn|38\n|\n|t:|1699843106\n|switch|p1a: Dondozo|Dondozo, F|100\/100\n|move|p2a: Alomomola|Flip Turn|p1a: Dondozo\n|-resisted|p1a: Dondozo\n|-damage|p1a: Dondozo|96\/100\n|\n|t:|1699843110\n|switch|p2a: Amoonguss|Amoonguss, F|100\/100|[from] Flip Turn\n|\n|-heal|p1a: Dondozo|100\/100|[from] item: Leftovers\n|upkeep\n|turn|39\n|\n|t:|1699843116\n|switch|p1a: Mandibuzz|Mandibuzz, F|70\/100\n|move|p2a: Amoonguss|Spore|p1a: Mandibuzz\n|-immune|p1a: Mandibuzz|[from] ability: Overcoat\n|\n|upkeep\n|turn|40\n|\n|t:|1699843121\n|switch|p1a: Heatran|Heatran, M|100\/100\n|move|p2a: Amoonguss|Spore|p1a: Heatran\n|-status|p1a: Heatran|slp|[from] move: Spore\n|\n|upkeep\n|turn|41\n|\n|t:|1699843127\n|switch|p2a: Ditto|Ditto|100\/100\n|-transform|p2a: Ditto|p1a: Heatran|[from] ability: Imposter\n|cant|p1a: Heatran|slp\n|\n|upkeep\n|turn|42\n|\n|t:|1699843136\n|switch|p1a: Dondozo|Dondozo, F|100\/100\n|move|p2a: Ditto|Magma Storm|p1a: Dondozo\n|-resisted|p1a: Dondozo\n|-damage|p1a: Dondozo|87\/100\n|-activate|p1a: Dondozo|move: Magma Storm|[of] p2a: Ditto\n|\n|-heal|p1a: Dondozo|94\/100|[from] item: Leftovers\n|-damage|p1a: Dondozo|81\/100|[from] move: Magma Storm|[partiallytrapped]\n|upkeep\n|turn|43\n|\n|t:|1699843143\n|switch|p2a: Amoonguss|Amoonguss, F|100\/100\n|move|p1a: Dondozo|Liquidation|p2a: Amoonguss\n|-resisted|p2a: Amoonguss\n|-damage|p2a: Amoonguss|90\/100\n|\n|-heal|p1a: Dondozo|87\/100|[from] item: Leftovers\n|-end|p1a: Dondozo|Magma Storm|[partiallytrapped]|[silent]\n|upkeep\n|turn|44\n|\n|t:|1699843150\n|switch|p1a: Heatran|Heatran, M|100\/100 slp\n|switch|p2a: Ditto|Ditto|100\/100\n|-transform|p2a: Ditto|p1a: Heatran|[from] ability: Imposter\n|\n|upkeep\n|turn|45\n|\n|t:|1699843158\n|switch|p1a: Dondozo|Dondozo, F|87\/100\n|move|p2a: Ditto|Magma Storm|p1a: Dondozo\n|-resisted|p1a: Dondozo\n|-damage|p1a: Dondozo|74\/100\n|-activate|p1a: Dondozo|move: Magma Storm|[of] p2a: Ditto\n|\n|-heal|p1a: Dondozo|80\/100|[from] item: Leftovers\n|-damage|p1a: Dondozo|67\/100|[from] move: Magma Storm|[partiallytrapped]\n|upkeep\n|turn|46\n|\n|t:|1699843171\n|switch|p2a: Alomomola|Alomomola, F|100\/100\n|move|p1a: Dondozo|Liquidation|p2a: Alomomola\n|-resisted|p2a: Alomomola\n|-damage|p2a: Alomomola|91\/100\n|\n|-heal|p1a: Dondozo|73\/100|[from] item: Leftovers\n|-end|p1a: Dondozo|Magma Storm|[partiallytrapped]|[silent]\n|upkeep\n|turn|47\n|\n|t:|1699843181\n|move|p2a: Alomomola|Flip Turn|p1a: Dondozo\n|-resisted|p1a: Dondozo\n|-damage|p1a: Dondozo|69\/100\n|\n|t:|1699843183\n|switch|p2a: Ting-Lu|Ting-Lu|100\/100|[from] Flip Turn\n|-ability|p2a: Ting-Lu|Vessel of Ruin\n|move|p1a: Dondozo|Liquidation|p2a: Ting-Lu\n|-supereffective|p2a: Ting-Lu\n|-damage|p2a: Ting-Lu|71\/100\n|\n|-heal|p1a: Dondozo|75\/100|[from] item: Leftovers\n|upkeep\n|turn|48\n|\n|t:|1699843191\n|switch|p1a: Hatterene|Hatterene, F|100\/100\n|move|p2a: Ting-Lu|Earthquake|p1a: Hatterene\n|-damage|p1a: Hatterene|72\/100\n|\n|-heal|p1a: Hatterene|78\/100|[from] item: Leftovers\n|upkeep\n|turn|49\n|\n|t:|1699843196\n|switch|p2a: Amoonguss|Amoonguss, F|100\/100\n|move|p1a: Hatterene|Calm Mind|p1a: Hatterene\n|-boost|p1a: Hatterene|spa|1\n|-boost|p1a: Hatterene|spd|1\n|\n|-heal|p1a: Hatterene|84\/100|[from] item: Leftovers\n|upkeep\n|turn|50\n|\n|t:|1699843201\n|switch|p1a: Heatran|Heatran, M|100\/100 slp\n|move|p2a: Amoonguss|Sludge Bomb|p1a: Heatran\n|-immune|p1a: Heatran\n|\n|upkeep\n|turn|51\n|\n|t:|1699843208\n|switch|p1a: Mandibuzz|Mandibuzz, F|70\/100\n|switch|p2a: Alomomola|Alomomola, F|100\/100\n|\n|upkeep\n|turn|52\n|\n|t:|1699843213\n|move|p1a: Mandibuzz|U-turn|p2a: Alomomola\n|-damage|p2a: Alomomola|94\/100\n|\n|t:|1699843216\n|switch|p1a: Dondozo|Dondozo, F|75\/100|[from] U-turn\n|move|p2a: Alomomola|Wish|p2a: Alomomola\n|\n|-heal|p1a: Dondozo|81\/100|[from] item: Leftovers\n|upkeep\n|turn|53\n|\n|t:|1699843222\n|switch|p2a: Ting-Lu|Ting-Lu|71\/100\n|-ability|p2a: Ting-Lu|Vessel of Ruin\n|move|p1a: Dondozo|Liquidation|p2a: Ting-Lu\n|-supereffective|p2a: Ting-Lu\n|-damage|p2a: Ting-Lu|37\/100\n|\n|-heal|p2a: Ting-Lu|83\/100|[from] move: Wish|[wisher] Alomomola\n|-heal|p1a: Dondozo|87\/100|[from] item: Leftovers\n|upkeep\n|turn|54\n|\n|t:|1699843233\n|switch|p2a: Ditto|Ditto|100\/100\n|-transform|p2a: Ditto|p1a: Dondozo|[from] ability: Imposter\n|move|p1a: Dondozo|Liquidation|p2a: Ditto\n|-resisted|p2a: Ditto\n|-damage|p2a: Ditto|84\/100\n|-unboost|p2a: Ditto|def|1\n|\n|-heal|p1a: Dondozo|93\/100|[from] item: Leftovers\n|upkeep\n|turn|55\n|j| YB is BETTER\n|inactive|wooloo supremacy has 120 seconds left.\n|\n|t:|1699843267\n|switch|p2a: Alomomola|Alomomola, F|100\/100\n|switch|p1a: Mandibuzz|Mandibuzz, F|70\/100\n|\n|upkeep\n|turn|56\n|\n|t:|1699843272\n|move|p1a: Mandibuzz|U-turn|p2a: Alomomola\n|-damage|p2a: Alomomola|94\/100\n|\n|t:|1699843284\n|switch|p1a: Hatterene|Hatterene, F|84\/100|[from] U-turn\n|move|p2a: Alomomola|Scald|p1a: Hatterene\n|-damage|p1a: Hatterene|70\/100\n|\n|-heal|p1a: Hatterene|76\/100|[from] item: Leftovers\n|upkeep\n|turn|57\n|\n|t:|1699843292\n|move|p2a: Alomomola|Flip Turn|p1a: Hatterene\n|-damage|p1a: Hatterene|62\/100\n|\n|t:|1699843297\n|switch|p2a: Blissey|Blissey, F, tera:Dark|100\/100|[from] Flip Turn\n|move|p1a: Hatterene|Nuzzle|p2a: Blissey\n|-damage|p2a: Blissey|97\/100\n|-status|p2a: Blissey|par\n|\n|-heal|p1a: Hatterene|68\/100|[from] item: Leftovers\n|upkeep\n|turn|58\n|\n|t:|1699843302\n|switch|p1a: Great Tusk|Great Tusk|100\/100\n|move|p2a: Blissey|Calm Mind|p2a: Blissey\n|-boost|p2a: Blissey|spa|1\n|-boost|p2a: Blissey|spd|1\n|\n|upkeep\n|turn|59\n|\n|t:|1699843306\n|-curestatus|p2a: Blissey|par|[from] ability: Natural Cure\n|switch|p2a: Alomomola|Alomomola, F|100\/100\n|move|p1a: Great Tusk|Close Combat|p2a: Alomomola\n|-damage|p2a: Alomomola|44\/100\n|-unboost|p1a: Great Tusk|def|1\n|-unboost|p1a: Great Tusk|spd|1\n|\n|upkeep\n|turn|60\n|\n|t:|1699843315\n|switch|p2a: Amoonguss|Amoonguss, F|100\/100\n|move|p1a: Great Tusk|Close Combat|p2a: Amoonguss\n|-resisted|p2a: Amoonguss\n|-damage|p2a: Amoonguss|66\/100\n|-unboost|p1a: Great Tusk|def|1\n|-unboost|p1a: Great Tusk|spd|1\n|\n|upkeep\n|turn|61\n|\n|t:|1699843322\n|-end|p1a: Great Tusk|Protosynthesis|[silent]\n|switch|p1a: Heatran|Heatran, M|100\/100 slp\n|move|p2a: Amoonguss|Giga Drain|p1a: Heatran\n|-resisted|p1a: Heatran\n|-damage|p1a: Heatran|97\/100 slp\n|-heal|p2a: Amoonguss|68\/100|[from] drain|[of] p1a: Heatran\n|\n|-heal|p1a: Heatran|100\/100 slp|[from] item: Leftovers\n|upkeep\n|turn|62\n|\n|t:|1699843328\n|switch|p2a: Alomomola|Alomomola, F|78\/100\n|cant|p1a: Heatran|slp\n|\n|upkeep\n|turn|63\n|\n|t:|1699843333\n|-curestatus|p1a: Heatran|slp|[msg]\n|move|p1a: Heatran|Magma Storm|p2a: Alomomola\n|-resisted|p2a: Alomomola\n|-damage|p2a: Alomomola|59\/100\n|-activate|p2a: Alomomola|move: Magma Storm|[of] p1a: Heatran\n|move|p2a: Alomomola|Flip Turn|p1a: Heatran\n|-supereffective|p1a: Heatran\n|-damage|p1a: Heatran|74\/100\n|\n|t:|1699843343\n|switch|p2a: Ditto|Ditto|84\/100|[from] Flip Turn\n|-transform|p2a: Ditto|p1a: Heatran|[from] ability: Imposter\n|\n|-heal|p1a: Heatran|80\/100|[from] item: Leftovers\n|upkeep\n|turn|64\n|\n|t:|1699843347\n|switch|p2a: Alomomola|Alomomola, F|92\/100\n|move|p1a: Heatran|Protect||[still]\n|-fail|p1a: Heatran\n|\n|-heal|p1a: Heatran|86\/100|[from] item: Leftovers\n|upkeep\n|turn|65\n|\n|t:|1699843352\n|switch|p1a: Dondozo|Dondozo, F|93\/100\n|move|p2a: Alomomola|Flip Turn|p1a: Dondozo\n|-resisted|p1a: Dondozo\n|-damage|p1a: Dondozo|88\/100\n|\n|t:|1699843371\n|switch|p2a: Amoonguss|Amoonguss, F|100\/100|[from] Flip Turn\n|\n|-heal|p1a: Dondozo|94\/100|[from] item: Leftovers\n|upkeep\n|turn|66\n|\n|t:|1699843378\n|switch|p1a: Mandibuzz|Mandibuzz, F|70\/100\n|move|p2a: Amoonguss|Foul Play|p1a: Mandibuzz\n|-resisted|p1a: Mandibuzz\n|-damage|p1a: Mandibuzz|66\/100\n|\n|upkeep\n|turn|67\n|\n|t:|1699843384\n|move|p1a: Mandibuzz|U-turn|p2a: Amoonguss\n|-damage|p2a: Amoonguss|92\/100\n|\n|t:|1699843387\n|switch|p1a: Heatran|Heatran, M|86\/100|[from] U-turn\n|move|p2a: Amoonguss|Sludge Bomb|p1a: Heatran\n|-immune|p1a: Heatran\n|\n|-heal|p1a: Heatran|92\/100|[from] item: Leftovers\n|upkeep\n|turn|68\n|\n|t:|1699843390\n|switch|p2a: Alomomola|Alomomola, F|100\/100\n|move|p1a: Heatran|Taunt|p2a: Alomomola\n|-start|p2a: Alomomola|move: Taunt\n|\n|-heal|p1a: Heatran|98\/100|[from] item: Leftovers\n|upkeep\n|turn|69\n|\n|t:|1699843394\n|move|p1a: Heatran|Earth Power|p2a: Alomomola\n|-damage|p2a: Alomomola|76\/100\n|move|p2a: Alomomola|Flip Turn|p1a: Heatran\n|-supereffective|p1a: Heatran\n|-damage|p1a: Heatran|70\/100\n|\n|t:|1699843412\n|switch|p2a: Ditto|Ditto|84\/100|[from] Flip Turn\n|-transform|p2a: Ditto|p1a: Heatran|[from] ability: Imposter\n|\n|-heal|p1a: Heatran|76\/100|[from] item: Leftovers\n|upkeep\n|turn|70\n|\n|t:|1699843425\n|switch|p2a: Alomomola|Alomomola, F|100\/100\n|move|p1a: Heatran|Protect||[still]\n|-fail|p1a: Heatran\n|\n|-heal|p1a: Heatran|82\/100|[from] item: Leftovers\n|upkeep\n|turn|71\n|\n|t:|1699843435\n|move|p1a: Heatran|Protect|p1a: Heatran\n|-singleturn|p1a: Heatran|Protect\n|move|p2a: Alomomola|Flip Turn|p1a: Heatran\n|-activate|p1a: Heatran|move: Protect\n|\n|-heal|p1a: Heatran|89\/100|[from] item: Leftovers\n|upkeep\n|turn|72\n|\n|t:|1699843457\n|switch|p1a: Dondozo|Dondozo, F|94\/100\n|move|p2a: Alomomola|Flip Turn|p1a: Dondozo\n|-resisted|p1a: Dondozo\n|-damage|p1a: Dondozo|89\/100\n|\n|t:|1699843470\n|switch|p2a: Ting-Lu|Ting-Lu|83\/100|[from] Flip Turn\n|-ability|p2a: Ting-Lu|Vessel of Ruin\n|\n|-heal|p1a: Dondozo|95\/100|[from] item: Leftovers\n|upkeep\n|turn|73\n|inactive|wooloo supremacy has 120 seconds left.\n|\n|t:|1699843514\n|switch|p1a: Mandibuzz|Mandibuzz, F|66\/100\n|move|p2a: Ting-Lu|Earthquake|p1a: Mandibuzz\n|-immune|p1a: Mandibuzz\n|\n|upkeep\n|turn|74\n|\n|t:|1699843522\n|move|p1a: Mandibuzz|U-turn|p2a: Ting-Lu\n|-supereffective|p2a: Ting-Lu\n|-damage|p2a: Ting-Lu|71\/100\n|-message|Quamnckkk forfeited.\n|\n|win|wooloo supremacy\n|raw|wooloo supremacy's rating: 1648 &rarr; <strong>1671<\/strong><br \/>(+23 for winning)\n|raw|Quamnckkk's rating: 1693 &rarr; <strong>1670<\/strong><br \/>(-23 for losing)\n|l|\u2606Quamnckkk\n","uploadtime":1699843535,"views":23,"p1id":"wooloosupremacy","p2id":"quamnckkk","formatid":"gen9ou","rating":1670,"private":0,"password":""}