{"id":"gen9ou-1995154479","p1":"syano29","p2":"MSandsV","format":"[Gen 9] OU","log":"|j|\u2606syano29\n|j|\u2606MSandsV\n|t:|1700528654\n|gametype|singles\n|player|p1|syano29|lady-gen4|\n|player|p2|MSandsV|cyclist-gen4|\n|teamsize|p1|6\n|teamsize|p2|6\n|gen|9\n|tier|[Gen 9] OU\n|rule|Sleep Clause Mod: Limit one foe put to sleep\n|rule|Species Clause: Limit one of each Pok\u00e9mon\n|rule|OHKO Clause: OHKO moves are banned\n|rule|Evasion Items Clause: Evasion items are banned\n|rule|Evasion Moves Clause: Evasion moves are banned\n|rule|Endless Battle Clause: Forcing endless battles is banned\n|rule|HP Percentage Mod: HP is shown in percentages\n|clearpoke\n|poke|p1|Dragapult, M|\n|poke|p1|Skeledirge, M|\n|poke|p1|Zapdos-Galar|\n|poke|p1|Toedscruel, F|\n|poke|p1|Wo-Chien|\n|poke|p1|Crabominable, F|\n|poke|p2|Gholdengo|\n|poke|p2|Enamorus, F|\n|poke|p2|Hoopa-Unbound|\n|poke|p2|Weavile, F|\n|poke|p2|Dragalge, M|\n|poke|p2|Dudunsparce-*, F|\n|teampreview\n|j| Crunning\n|c|\u2606syano29|hello friends\n|c|\u2606syano29|ready freddy? are we waiting for anyone\n|c|\u2606MSandsV|let's roll\n|\n|t:|1700528874\n|start\n|switch|p1a: Jason Funderberker|Crabominable, F|100\/100\n|switch|p2a: Mashed Potato|Dudunsparce-Three-Segment, F|100\/100\n|turn|1\n|\n|t:|1700528901\n|-terastallize|p2a: Mashed Potato|Ghost\n|-terastallize|p1a: Jason Funderberker|Fighting\n|move|p2a: Mashed Potato|Stealth Rock|p1a: Jason Funderberker\n|-sidestart|p1: syano29|move: Stealth Rock\n|move|p1a: Jason Funderberker|Close Combat|p2a: Mashed Potato\n|-immune|p2a: Mashed Potato\n|\n|upkeep\n|turn|2\n|c|\u2606syano29|nice lol\n|c|\u2606MSandsV|ty\n|j| jamsfield\n|\n|t:|1700528961\n|move|p2a: Mashed Potato|Body Slam|p1a: Jason Funderberker\n|-crit|p1a: Jason Funderberker\n|-damage|p1a: Jason Funderberker|57\/100\n|-status|p1a: Jason Funderberker|par\n|cant|p1a: Jason Funderberker|par\n|\n|upkeep\n|turn|3\n|\n|t:|1700528974\n|move|p2a: Mashed Potato|Body Slam|p1a: Jason Funderberker\n|-damage|p1a: Jason Funderberker|27\/100 par\n|move|p1a: Jason Funderberker|Ice Hammer|p2a: Mashed Potato\n|-damage|p2a: Mashed Potato|53\/100\n|-unboost|p1a: Jason Funderberker|spe|1\n|\n|-heal|p2a: Mashed Potato|60\/100|[from] item: Leftovers\n|upkeep\n|turn|4\n|\n|t:|1700528989\n|switch|p1a: Thriller|Dragapult, M|100\/100\n|-damage|p1a: Thriller|88\/100|[from] Stealth Rock\n|move|p2a: Mashed Potato|Body Slam|p1a: Thriller\n|-immune|p1a: Thriller\n|\n|-heal|p2a: Mashed Potato|66\/100|[from] item: Leftovers\n|upkeep\n|turn|5\n|\n|t:|1700529048\n|switch|p1a: Doja Cat|Wo-Chien|100\/100\n|-damage|p1a: Doja Cat|88\/100|[from] Stealth Rock\n|-ability|p1a: Doja Cat|Tablets of Ruin\n|move|p2a: Mashed Potato|Dragon Tail|p1a: Doja Cat\n|-damage|p1a: Doja Cat|79\/100\n|drag|p1a: Jason Funderberker|Crabominable, F, tera:Fighting|27\/100 par\n|-damage|p1a: Jason Funderberker|21\/100 par|[from] Stealth Rock\n|\n|-heal|p2a: Mashed Potato|72\/100|[from] item: Leftovers\n|upkeep\n|turn|6\n|\n|t:|1700529073\n|switch|p1a: Doja Cat|Wo-Chien|79\/100\n|-damage|p1a: Doja Cat|67\/100|[from] Stealth Rock\n|-ability|p1a: Doja Cat|Tablets of Ruin\n|move|p2a: Mashed Potato|Dragon Tail|p1a: Doja Cat\n|-damage|p1a: Doja Cat|56\/100\n|drag|p1a: Jason Funderberker|Crabominable, F, tera:Fighting|21\/100 par\n|-damage|p1a: Jason Funderberker|15\/100 par|[from] Stealth Rock\n|\n|-heal|p2a: Mashed Potato|78\/100|[from] item: Leftovers\n|upkeep\n|turn|7\n|\n|t:|1700529102\n|move|p2a: Mashed Potato|Body Slam|p1a: Jason Funderberker\n|-damage|p1a: Jason Funderberker|0 fnt\n|faint|p1a: Jason Funderberker\n|\n|-heal|p2a: Mashed Potato|84\/100|[from] item: Leftovers\n|upkeep\n|\n|t:|1700529168\n|switch|p1a: l8r|Skeledirge, M|100\/100\n|turn|8\n|\n|t:|1700529207\n|switch|p2a: Turkey|Hoopa-Unbound|100\/100\n|move|p1a: l8r|Torch Song|p2a: Turkey\n|-damage|p2a: Turkey|85\/100\n|-boost|p1a: l8r|spa|1\n|\n|upkeep\n|turn|9\n|\n|t:|1700529243\n|switch|p1a: Doja Cat|Wo-Chien|56\/100\n|-damage|p1a: Doja Cat|44\/100|[from] Stealth Rock\n|-ability|p1a: Doja Cat|Tablets of Ruin\n|move|p2a: Turkey|Knock Off|p1a: Doja Cat\n|-resisted|p1a: Doja Cat\n|-damage|p1a: Doja Cat|23\/100\n|-enditem|p1a: Doja Cat|Leftovers|[from] move: Knock Off|[of] p2a: Turkey\n|\n|upkeep\n|turn|10\n|\n|t:|1700529252\n|move|p2a: Turkey|Drain Punch|p1a: Doja Cat\n|-supereffective|p1a: Doja Cat\n|-damage|p1a: Doja Cat|0 fnt\n|-heal|p2a: Turkey|97\/100|[from] drain|[of] p1a: Doja Cat\n|faint|p1a: Doja Cat\n|\n|upkeep\n|c| jamsfield|you're telling me dragalge isn't the turkey??\n|c|\u2606MSandsV|missed opportunity =(\n|\n|t:|1700529311\n|switch|p1a: Thriller|Dragapult, M|88\/100\n|-damage|p1a: Thriller|76\/100|[from] Stealth Rock\n|turn|11\n|\n|t:|1700529325\n|switch|p2a: Mashed Potato|Dudunsparce-Three-Segment, F, tera:Ghost|84\/100\n|move|p1a: Thriller|Dragon Darts|p2a: Mashed Potato\n|-damage|p2a: Mashed Potato|73\/100\n|-anim|p1a: Thriller|Dragon Darts|p2a: Mashed Potato\n|-damage|p2a: Mashed Potato|60\/100\n|\n|-heal|p2a: Mashed Potato|66\/100|[from] item: Leftovers\n|upkeep\n|turn|12\n|j| APucci\n|\n|t:|1700529387\n|switch|p1a: l8r|Skeledirge, M|100\/100\n|move|p2a: Mashed Potato|Dragon Tail|p1a: l8r\n|-damage|p1a: l8r|90\/100\n|drag|p1a: Thriller|Dragapult, M|76\/100\n|-damage|p1a: Thriller|63\/100|[from] Stealth Rock\n|\n|-heal|p2a: Mashed Potato|72\/100|[from] item: Leftovers\n|upkeep\n|turn|13\n|\n|t:|1700529398\n|move|p1a: Thriller|Light Screen|p1a: Thriller\n|-sidestart|p1: syano29|move: Light Screen\n|move|p2a: Mashed Potato|Dragon Tail|p1a: Thriller\n|-supereffective|p1a: Thriller\n|-damage|p1a: Thriller|32\/100\n|-start|p2a: Mashed Potato|Disable|Dragon Tail|[from] ability: Cursed Body|[of] p1a: Thriller\n|drag|p1a: TentaGhoul|Toedscruel, F|100\/100\n|-damage|p1a: TentaGhoul|94\/100|[from] Stealth Rock\n|\n|-heal|p2a: Mashed Potato|78\/100|[from] item: Leftovers\n|upkeep\n|turn|14\n|\n|t:|1700529411\n|move|p1a: TentaGhoul|Rapid Spin|p2a: Mashed Potato\n|-immune|p2a: Mashed Potato\n|move|p2a: Mashed Potato|Body Slam|p1a: TentaGhoul\n|-damage|p1a: TentaGhoul|57\/100\n|\n|-heal|p2a: Mashed Potato|85\/100|[from] item: Leftovers\n|upkeep\n|turn|15\n|\n|t:|1700529421\n|move|p2a: Mashed Potato|Body Slam|p1a: TentaGhoul\n|-crit|p1a: TentaGhoul\n|-damage|p1a: TentaGhoul|4\/100\n|-status|p1a: TentaGhoul|par\n|move|p1a: TentaGhoul|Spore|p2a: Mashed Potato\n|-status|p2a: Mashed Potato|slp|[from] move: Spore\n|\n|-heal|p2a: Mashed Potato|91\/100 slp|[from] item: Leftovers\n|upkeep\n|turn|16\n|c|\u2606MSandsV|the tera that keeps on giving\n|\n|t:|1700529435\n|switch|p2a: Corn Bread|Gholdengo|100\/100\n|switch|p1a: l8r|Skeledirge, M|90\/100\n|\n|upkeep\n|turn|17\n|c| jamsfield|macaroni and cheese erasure\n|\n|t:|1700529458\n|switch|p2a: Turkey|Hoopa-Unbound|97\/100\n|move|p1a: l8r|Torch Song|p2a: Turkey\n|-damage|p2a: Turkey|83\/100\n|-boost|p1a: l8r|spa|1\n|\n|upkeep\n|turn|18\n|c| jamsfield|Hoopa coming out in the puffy vest like it's 1999 again\n|\n|t:|1700529535\n|switch|p1a: Lewis|Zapdos-Galar|100\/100\n|-damage|p1a: Lewis|88\/100|[from] Stealth Rock\n|move|p2a: Turkey|Knock Off|p1a: Lewis\n|-resisted|p1a: Lewis\n|-damage|p1a: Lewis|50\/100\n|-enditem|p1a: Lewis|Choice Band|[from] move: Knock Off|[of] p2a: Turkey\n|\n|upkeep\n|turn|19\n|c|\u2606MSandsV|it's called fashion sweaty\n|\n|t:|1700529585\n|switch|p2a: Mashed Potato|Dudunsparce-Three-Segment, F, tera:Ghost|91\/100 slp\n|move|p1a: Lewis|U-turn|p2a: Mashed Potato\n|-resisted|p2a: Mashed Potato\n|-damage|p2a: Mashed Potato|84\/100 slp\n|\n|t:|1700529600\n|switch|p1a: Thriller|Dragapult, M|32\/100|[from] U-turn\n|-damage|p1a: Thriller|19\/100|[from] Stealth Rock\n|\n|-heal|p2a: Mashed Potato|90\/100 slp|[from] item: Leftovers\n|upkeep\n|turn|20\n|\n|t:|1700529606\n|move|p1a: Thriller|Dragon Darts|p2a: Mashed Potato\n|-damage|p2a: Mashed Potato|77\/100 slp\n|-anim|p1a: Thriller|Dragon Darts|p2a: Mashed Potato\n|-damage|p2a: Mashed Potato|64\/100 slp\n|cant|p2a: Mashed Potato|slp\n|\n|-heal|p2a: Mashed Potato|70\/100 slp|[from] item: Leftovers\n|-sideend|p1: syano29|move: Light Screen\n|upkeep\n|turn|21\n|\n|t:|1700529641\n|switch|p2a: Cranberry|Enamorus, F|100\/100\n|move|p1a: Thriller|Dragon Darts|p2a: Cranberry\n|-immune|p2a: Cranberry\n|\n|upkeep\n|turn|22\n|\n|t:|1700529674\n|switch|p1a: Lewis|Zapdos-Galar|50\/100\n|-damage|p1a: Lewis|38\/100|[from] Stealth Rock\n|move|p2a: Cranberry|Moonblast|p1a: Lewis\n|-supereffective|p1a: Lewis\n|-damage|p1a: Lewis|0 fnt\n|faint|p1a: Lewis\n|\n|upkeep\n|\n|t:|1700529676\n|switch|p1a: Thriller|Dragapult, M|19\/100\n|-damage|p1a: Thriller|7\/100|[from] Stealth Rock\n|turn|23\n|\n|t:|1700529684\n|move|p2a: Cranberry|Moonblast|p1a: Thriller\n|-supereffective|p1a: Thriller\n|-damage|p1a: Thriller|0 fnt\n|-start|p2a: Cranberry|Disable|Moonblast|[from] ability: Cursed Body|[of] p1a: Thriller\n|faint|p1a: Thriller\n|\n|upkeep\n|\n|t:|1700529710\n|switch|p1a: TentaGhoul|Toedscruel, F|4\/100 par\n|-damage|p1a: TentaGhoul|0 fnt|[from] Stealth Rock\n|faint|p1a: TentaGhoul\n|c|\u2606syano29|oops\n|\n|t:|1700529717\n|switch|p1a: l8r|Skeledirge, M|90\/100\n|turn|24\n|\n|t:|1700529732\n|switch|p2a: Turkey|Hoopa-Unbound|83\/100\n|move|p1a: l8r|Torch Song|p2a: Turkey\n|-damage|p2a: Turkey|69\/100\n|-boost|p1a: l8r|spa|1\n|\n|upkeep\n|turn|25\n|c|\u2606MSandsV|I thought about just struggling there\n|\n|t:|1700529759\n|move|p2a: Turkey|Knock Off|p1a: l8r\n|-supereffective|p1a: l8r\n|-damage|p1a: l8r|0 fnt\n|-enditem|p1a: l8r|Heavy-Duty Boots|[from] move: Knock Off|[of] p2a: Turkey\n|faint|p1a: l8r\n|\n|win|MSandsV\n|c|\u2606syano29|out\n|c|\u2606MSandsV|gg\n|c|\u2606syano29|CC\n|c|\u2606syano29|GG\n|c|\u2606syano29|i cannot typoe\n","uploadtime":1700529778,"views":29,"p1id":"syano29","p2id":"msandsv","formatid":"gen9ou","rating":0,"private":0,"password":""}