{"id":"gen9ou-1988479172","p1":"punkmag","p2":"Winter_Redstone","format":"[Gen 9] OU","log":"|j|\u2606punkmag\n|j|\u2606Winter_Redstone\n|t:|1699727341\n|gametype|singles\n|player|p1|punkmag|waitress-gen4|1139\n|player|p2|Winter_Redstone|1|1186\n|teamsize|p1|6\n|teamsize|p2|6\n|gen|9\n|tier|[Gen 9] OU\n|rated|\n|rule|Sleep Clause Mod: Limit one foe put to sleep\n|rule|Species Clause: Limit one of each Pok\u00e9mon\n|rule|OHKO Clause: OHKO moves are banned\n|rule|Evasion Items Clause: Evasion items are banned\n|rule|Evasion Moves Clause: Evasion moves are banned\n|rule|Endless Battle Clause: Forcing endless battles is banned\n|rule|HP Percentage Mod: HP is shown in percentages\n|clearpoke\n|poke|p1|Hoopa-Unbound|\n|poke|p1|Dragapult, F|\n|poke|p1|Maushold|\n|poke|p1|Gliscor, M|\n|poke|p1|Fezandipiti, M|\n|poke|p1|Grafaiai, M|\n|poke|p2|Cramorant, M|\n|poke|p2|Lokix, M|\n|poke|p2|Zamazenta-*|\n|poke|p2|Glimmora, F|\n|poke|p2|Gholdengo|\n|poke|p2|Ursaluna, M|\n|teampreview\n|inactive|Battle timer is ON: inactive players will automatically lose when time's up. (requested by punkmag)\n|\n|t:|1699727367\n|start\n|switch|p1a: Hoopa|Hoopa-Unbound|100\/100\n|switch|p2a: Military|Lokix, M|100\/100\n|turn|1\n|inactive|punkmag has 120 seconds left.\n|\n|t:|1699727397\n|switch|p1a: Fezandipiti|Fezandipiti, M|100\/100\n|-item|p1a: Fezandipiti|Air Balloon\n|move|p2a: Military|U-turn|p1a: Fezandipiti\n|-resisted|p1a: Fezandipiti\n|-damage|p1a: Fezandipiti|76\/100\n|-enditem|p1a: Fezandipiti|Air Balloon\n|\n|t:|1699727411\n|switch|p2a: StringCheese|Gholdengo|100\/100|[from] U-turn\n|\n|upkeep\n|turn|2\n|inactive|punkmag has 120 seconds left.\n|\n|t:|1699727427\n|move|p1a: Fezandipiti|U-turn|p2a: StringCheese\n|-resisted|p2a: StringCheese\n|-damage|p2a: StringCheese|96\/100\n|inactive|punkmag has 120 seconds left.\n|\n|t:|1699727435\n|switch|p1a: Grafaiai|Grafaiai, M|100\/100|[from] U-turn\n|move|p2a: StringCheese|Make It Rain|p1a: Grafaiai\n|-damage|p1a: Grafaiai|21\/100\n|-unboost|p2a: StringCheese|spa|1\n|\n|-heal|p1a: Grafaiai|27\/100|[from] item: Leftovers\n|-heal|p2a: StringCheese|100\/100|[from] item: Leftovers\n|upkeep\n|turn|3\n|inactive|punkmag has 120 seconds left.\n|\n|t:|1699727448\n|move|p1a: Grafaiai|Knock Off|p2a: StringCheese\n|-supereffective|p2a: StringCheese\n|-damage|p2a: StringCheese|53\/100\n|-enditem|p2a: StringCheese|Leftovers|[from] move: Knock Off|[of] p1a: Grafaiai\n|move|p2a: StringCheese|Make It Rain|p1a: Grafaiai\n|-damage|p1a: Grafaiai|0 fnt\n|-unboost|p2a: StringCheese|spa|1\n|faint|p1a: Grafaiai\n|\n|upkeep\n|inactive|punkmag has 120 seconds left.\n|\n|t:|1699727475\n|switch|p1a: Dragapult|Dragapult, F|100\/100\n|turn|4\n|\n|t:|1699727489\n|switch|p2a: Military|Lokix, M|100\/100\n|move|p1a: Dragapult|Draco Meteor|p2a: Military\n|-damage|p2a: Military|0 fnt\n|-unboost|p1a: Dragapult|spa|2\n|faint|p2a: Military\n|\n|upkeep\n|\n|t:|1699727501\n|switch|p2a: StringCheese|Gholdengo|53\/100\n|turn|5\n|\n|t:|1699727507\n|switch|p1a: Gliscor|Gliscor, M|100\/100\n|move|p2a: StringCheese|Shadow Ball|p1a: Gliscor\n|-damage|p1a: Gliscor|44\/100\n|-unboost|p1a: Gliscor|spd|1\n|\n|-status|p1a: Gliscor|tox|[from] item: Toxic Orb\n|upkeep\n|turn|6\n|\n|t:|1699727526\n|switch|p1a: Fezandipiti|Fezandipiti, M|76\/100\n|move|p2a: StringCheese|Shadow Ball|p1a: Fezandipiti\n|-damage|p1a: Fezandipiti|48\/100\n|\n|upkeep\n|turn|7\n|\n|t:|1699727535\n|move|p1a: Fezandipiti|Tailwind|p1a: Fezandipiti\n|-sidestart|p1: punkmag|move: Tailwind\n|move|p2a: StringCheese|Nasty Plot|p2a: StringCheese\n|-boost|p2a: StringCheese|spa|2\n|\n|upkeep\n|turn|8\n|\n|t:|1699727550\n|move|p1a: Fezandipiti|Play Rough|p2a: StringCheese\n|-resisted|p2a: StringCheese\n|-damage|p2a: StringCheese|36\/100\n|move|p2a: StringCheese|Recover|p2a: StringCheese\n|-heal|p2a: StringCheese|87\/100\n|\n|upkeep\n|turn|9\n|\n|t:|1699727560\n|move|p1a: Fezandipiti|U-turn|p2a: StringCheese\n|-resisted|p2a: StringCheese\n|-damage|p2a: StringCheese|82\/100\n|\n|t:|1699727564\n|switch|p1a: Gliscor|Gliscor, M|44\/100 tox|[from] U-turn\n|move|p2a: StringCheese|Nasty Plot|p2a: StringCheese\n|-boost|p2a: StringCheese|spa|2\n|\n|-heal|p1a: Gliscor|56\/100 tox|[from] ability: Poison Heal\n|upkeep\n|turn|10\n|inactive|punkmag has 120 seconds left.\n|\n|t:|1699727572\n|-terastallize|p2a: StringCheese|Fighting\n|move|p1a: Gliscor|Earthquake|p2a: StringCheese\n|-damage|p2a: StringCheese|39\/100\n|move|p2a: StringCheese|Make It Rain|p1a: Gliscor\n|-damage|p1a: Gliscor|0 fnt\n|-unboost|p2a: StringCheese|spa|1\n|faint|p1a: Gliscor\n|\n|-sideend|p1: punkmag|move: Tailwind\n|upkeep\n|inactive|punkmag has 120 seconds left.\n|\n|t:|1699727586\n|switch|p1a: Hoopa|Hoopa-Unbound|100\/100\n|turn|11\n|\n|t:|1699727589\n|move|p1a: Hoopa|Psychic|p2a: StringCheese\n|-supereffective|p2a: StringCheese\n|-damage|p2a: StringCheese|0 fnt\n|faint|p2a: StringCheese\n|\n|upkeep\n|\n|t:|1699727602\n|switch|p2a: Derp|Cramorant, M|100\/100\n|turn|12\n|inactive|punkmag has 120 seconds left.\n|\n|t:|1699727628\n|switch|p1a: Fezandipiti|Fezandipiti, M|48\/100\n|move|p2a: Derp|Surf|p1a: Fezandipiti\n|-formechange|p2a: Derp|Cramorant-Gulping|\n|-damage|p1a: Fezandipiti|21\/100\n|\n|upkeep\n|turn|13\n|inactive|punkmag has 120 seconds left.\n|\n|t:|1699727638\n|move|p1a: Fezandipiti|Play Rough|p2a: Derp\n|-damage|p2a: Derp|48\/100\n|-damage|p1a: Fezandipiti|0 fnt|[from] ability: Gulp Missile|[of] p2a: Derp\n|-formechange|p2a: Derp|Cramorant|\n|-status|p2a: Derp|tox|[from] ability: Toxic Chain|[of] p1a: Fezandipiti\n|faint|p1a: Fezandipiti\n|move|p2a: Derp|Surf|p1: Fezandipiti|[notarget]\n|-fail|p2a: Derp\n|\n|-damage|p2a: Derp|42\/100 tox|[from] psn\n|upkeep\n|inactive|punkmag has 120 seconds left.\n|\n|t:|1699727653\n|switch|p1a: Hoopa|Hoopa-Unbound|100\/100\n|turn|14\n|\n|t:|1699727659\n|move|p1a: Hoopa|Psychic|p2a: Derp\n|-damage|p2a: Derp|0 fnt\n|faint|p2a: Derp\n|\n|upkeep\n|\n|t:|1699727663\n|switch|p2a: Aluna|Ursaluna, M|100\/100\n|turn|15\n|inactive|punkmag has 120 seconds left.\n|\n|t:|1699727673\n|move|p1a: Hoopa|Psychic|p2a: Aluna\n|-damage|p2a: Aluna|50\/100\n|move|p2a: Aluna|Swords Dance|p2a: Aluna\n|-boost|p2a: Aluna|atk|2\n|\n|-status|p2a: Aluna|brn|[from] item: Flame Orb\n|upkeep\n|turn|16\n|\n|t:|1699727680\n|move|p1a: Hoopa|Psychic|p2a: Aluna\n|-damage|p2a: Aluna|0 fnt\n|faint|p2a: Aluna\n|\n|upkeep\n|\n|t:|1699727683\n|switch|p2a: Wormy|Glimmora, F|100\/100\n|turn|17\n|\n|t:|1699727693\n|move|p1a: Hoopa|Psychic|p2a: Wormy\n|-supereffective|p2a: Wormy\n|-enditem|p2a: Wormy|Focus Sash\n|-damage|p2a: Wormy|1\/100\n|move|p2a: Wormy|Earth Power|p1a: Hoopa\n|-damage|p1a: Hoopa|73\/100\n|\n|upkeep\n|turn|18\n|-message|Winter_Redstone forfeited.\n|\n|win|punkmag\n|raw|punkmag's rating: 1139 &rarr; <strong>1167<\/strong><br \/>(+28 for winning)\n|raw|Winter_Redstone's rating: 1186 &rarr; <strong>1158<\/strong><br \/>(-28 for losing)\n|l|\u2606Winter_Redstone\n","uploadtime":1699727702,"views":14,"p1id":"punkmag","p2id":"winterredstone","formatid":"gen9ou","rating":1158,"private":0,"password":""}