{"id":"gen9ou-1989278368","p1":"TestGamer776","p2":"OUFC Test1","format":"[Gen 9] OU","log":"|j|\u2606TestGamer776\n|j|\u2606OUFC Test1\n|t:|1699831109\n|gametype|singles\n|player|p1|TestGamer776|169|\n|player|p2|OUFC Test1|iono|\n|teamsize|p1|1\n|teamsize|p2|6\n|gen|9\n|tier|[Gen 9] OU\n|rule|Sleep Clause Mod: Limit one foe put to sleep\n|rule|Species Clause: Limit one of each Pok\u00e9mon\n|rule|OHKO Clause: OHKO moves are banned\n|rule|Evasion Items Clause: Evasion items are banned\n|rule|Evasion Moves Clause: Evasion moves are banned\n|rule|Endless Battle Clause: Forcing endless battles is banned\n|rule|HP Percentage Mod: HP is shown in percentages\n|clearpoke\n|poke|p1|Whiscash, M|\n|poke|p2|Hydreigon, M|\n|poke|p2|Corviknight, M|\n|poke|p2|Zamazenta-*|\n|poke|p2|Garganacl, M|\n|poke|p2|Slowking-Galar, F|\n|poke|p2|Ogerpon-Wellspring, F|\n|teampreview\n|\n|t:|1699831119\n|start\n|switch|p1a: Whiscash|Whiscash, M|100\/100\n|switch|p2a: Ogerpon|Ogerpon-Wellspring, F|100\/100\n|turn|1\n|\n|t:|1699831126\n|move|p2a: Ogerpon|Swords Dance|p2a: Ogerpon\n|-boost|p2a: Ogerpon|atk|2\n|move|p1a: Whiscash|Stealth Rock|p2a: Ogerpon\n|-sidestart|p2: OUFC Test1|move: Stealth Rock\n|\n|upkeep\n|turn|2\n|\n|t:|1699831132\n|move|p2a: Ogerpon|Swords Dance|p2a: Ogerpon\n|-boost|p2a: Ogerpon|atk|2\n|move|p1a: Whiscash|Spikes|p2a: Ogerpon\n|-sidestart|p2: OUFC Test1|Spikes\n|\n|upkeep\n|turn|3\n|\n|t:|1699831137\n|move|p2a: Ogerpon|Swords Dance|p2a: Ogerpon\n|-boost|p2a: Ogerpon|atk|2\n|move|p1a: Whiscash|Spikes|p2a: Ogerpon\n|-sidestart|p2: OUFC Test1|Spikes\n|\n|upkeep\n|turn|4\n|\n|t:|1699831141\n|move|p2a: Ogerpon|Swords Dance|p2a: Ogerpon\n|-boost|p2a: Ogerpon|atk|0\n|move|p1a: Whiscash|Spikes|p2a: Ogerpon\n|-sidestart|p2: OUFC Test1|Spikes\n|\n|upkeep\n|turn|5\n|\n|t:|1699831146\n|switch|p2a: Corviknight|Corviknight, M|100\/100\n|-damage|p2a: Corviknight|88\/100|[from] Stealth Rock\n|-ability|p2a: Corviknight|Pressure\n|move|p1a: Whiscash|Spikes||[still]\n|-fail|p1a: Whiscash\n|\n|upkeep\n|turn|6\n|\n|t:|1699831150\n|move|p1a: Whiscash|Spikes||[still]\n|-fail|p1a: Whiscash\n|move|p2a: Corviknight|Defog|p1a: Whiscash\n|-fail|p1a: Whiscash|unboost|[from] item: Clear Amulet|[of] p1a: Whiscash\n|-sideend|p2: OUFC Test1|Spikes|[from] move: Defog|[of] p2a: Corviknight\n|-sideend|p2: OUFC Test1|Stealth Rock|[from] move: Defog|[of] p2a: Corviknight\n|\n|upkeep\n|turn|7\n|-message|OUFC Test1 forfeited.\n|\n|win|TestGamer776\n|l|\u2606OUFC Test1\n","uploadtime":1699831161,"views":19,"p1id":"testgamer776","p2id":"oufctest1","formatid":"gen9ou","rating":0,"private":0,"password":""}