{"id":"gen9ou-1997724543","p1":"Upbeatostrich","p2":"Marineti","format":"[Gen 9] OU","log":"|j|\u2606Upbeatostrich\n|j|\u2606Marineti\n|t:|1700845943\n|gametype|singles\n|player|p1|Upbeatostrich|clown|1101\n|player|p2|Marineti|cynthia|1170\n|teamsize|p1|6\n|teamsize|p2|6\n|gen|9\n|tier|[Gen 9] OU\n|rated|\n|rule|Sleep Clause Mod: Limit one foe put to sleep\n|rule|Species Clause: Limit one of each Pok\u00e9mon\n|rule|OHKO Clause: OHKO moves are banned\n|rule|Evasion Items Clause: Evasion items are banned\n|rule|Evasion Moves Clause: Evasion moves are banned\n|rule|Endless Battle Clause: Forcing endless battles is banned\n|rule|HP Percentage Mod: HP is shown in percentages\n|clearpoke\n|poke|p1|Salazzle, F|\n|poke|p1|Clodsire, M|\n|poke|p1|Grafaiai, M|\n|poke|p1|Alomomola, M|\n|poke|p1|Altaria, M|\n|poke|p1|Ting-Lu|\n|poke|p2|Ting-Lu|\n|poke|p2|Amoonguss, M|\n|poke|p2|Ursaluna, F|\n|poke|p2|Rotom-Wash|\n|poke|p2|Gholdengo|\n|poke|p2|Corviknight, M|\n|teampreview\n|inactive|Battle timer is ON: inactive players will automatically lose when time's up. (requested by Upbeatostrich)\n|inactive|Marineti has 120 seconds left.\n|\n|t:|1700845974\n|start\n|switch|p1a: Big|Clodsire, M|100\/100\n|switch|p2a: Ting-Lu|Ting-Lu|100\/100\n|-ability|p2a: Ting-Lu|Vessel of Ruin\n|turn|1\n|\n|t:|1700845982\n|move|p2a: Ting-Lu|Stealth Rock|p1a: Big\n|-sidestart|p1: Upbeatostrich|move: Stealth Rock\n|move|p1a: Big|Toxic Spikes|p2a: Ting-Lu\n|-sidestart|p2: Marineti|move: Toxic Spikes\n|\n|upkeep\n|turn|2\n|\n|t:|1700845992\n|move|p2a: Ting-Lu|Earthquake|p1a: Big\n|-supereffective|p1a: Big\n|-damage|p1a: Big|16\/100\n|move|p1a: Big|Toxic Spikes|p2a: Ting-Lu\n|-sidestart|p2: Marineti|move: Toxic Spikes\n|\n|upkeep\n|turn|3\n|\n|t:|1700846009\n|switch|p1a: Whistle|Ting-Lu|100\/100\n|-ability|p1a: Whistle|Vessel of Ruin\n|move|p2a: Ting-Lu|Throat Chop|p1a: Whistle\n|-resisted|p1a: Whistle\n|-damage|p1a: Whistle|94\/100\n|-start|p1a: Whistle|Throat Chop|[silent]\n|\n|upkeep\n|turn|4\n|\n|t:|1700846017\n|switch|p2a: Amoonguss|Amoonguss, M, shiny|100\/100\n|-sideend|p2: Marineti|move: Toxic Spikes|[of] p2a: Amoonguss\n|move|p1a: Whistle|Whirlwind|p2a: Amoonguss\n|drag|p2a: Ting-Lu|Ting-Lu|100\/100\n|-ability|p2a: Ting-Lu|Vessel of Ruin\n|\n|-end|p1a: Whistle|Throat Chop|[silent]\n|upkeep\n|turn|5\n|\n|t:|1700846028\n|switch|p2a: Ursaluna|Ursaluna, F, shiny|100\/100\n|move|p1a: Whistle|Stealth Rock|p2a: Ursaluna\n|-sidestart|p2: Marineti|move: Stealth Rock\n|\n|-status|p2a: Ursaluna|brn|[from] item: Flame Orb\n|upkeep\n|turn|6\n|\n|t:|1700846036\n|-terastallize|p1a: Whistle|Ghost\n|move|p2a: Ursaluna|Facade|p1a: Whistle\n|-immune|p1a: Whistle\n|move|p1a: Whistle|Ruination|p2a: Ursaluna\n|-damage|p2a: Ursaluna|50\/100 brn\n|\n|-damage|p2a: Ursaluna|44\/100 brn|[from] brn\n|upkeep\n|turn|7\n|\n|t:|1700846057\n|move|p2a: Ursaluna|Crunch|p1a: Whistle\n|-supereffective|p1a: Whistle\n|-damage|p1a: Whistle|50\/100\n|move|p1a: Whistle|Ruination|p2a: Ursaluna|[miss]\n|-miss|p1a: Whistle|p2a: Ursaluna\n|\n|-damage|p2a: Ursaluna|38\/100 brn|[from] brn\n|upkeep\n|turn|8\n|\n|t:|1700846068\n|move|p2a: Ursaluna|Earthquake|p1a: Whistle\n|-damage|p1a: Whistle|15\/100\n|move|p1a: Whistle|Ruination|p2a: Ursaluna\n|-damage|p2a: Ursaluna|20\/100 brn\n|\n|-damage|p2a: Ursaluna|14\/100 brn|[from] brn\n|upkeep\n|turn|9\n|\n|t:|1700846084\n|switch|p1a: Sweetie|Altaria, M, shiny|100\/100\n|move|p2a: Ursaluna|Crunch|p1a: Sweetie\n|-damage|p1a: Sweetie|64\/100\n|-unboost|p1a: Sweetie|def|1\n|\n|-damage|p2a: Ursaluna|7\/100 brn|[from] brn\n|upkeep\n|turn|10\n|\n|t:|1700846094\n|move|p1a: Sweetie|Ice Beam|p2a: Ursaluna\n|-supereffective|p2a: Ursaluna\n|-damage|p2a: Ursaluna|0 fnt\n|faint|p2a: Ursaluna\n|\n|upkeep\n|\n|t:|1700846106\n|switch|p2a: Ting-Lu|Ting-Lu|100\/100\n|-damage|p2a: Ting-Lu|94\/100|[from] Stealth Rock\n|-ability|p2a: Ting-Lu|Vessel of Ruin\n|turn|11\n|\n|t:|1700846111\n|move|p1a: Sweetie|Rest|p1a: Sweetie\n|-status|p1a: Sweetie|slp|[from] move: Rest\n|-heal|p1a: Sweetie|100\/100 slp|[silent]\n|move|p2a: Ting-Lu|Throat Chop|p1a: Sweetie\n|-damage|p1a: Sweetie|60\/100 slp\n|-start|p1a: Sweetie|Throat Chop|[silent]\n|\n|-heal|p2a: Ting-Lu|100\/100|[from] item: Leftovers\n|upkeep\n|turn|12\n|\n|t:|1700846125\n|-curestatus|p1a: Sweetie|slp|[from] ability: Natural Cure\n|switch|p1a: Cupid|Alomomola, M, shiny|100\/100\n|move|p2a: Ting-Lu|Throat Chop|p1a: Cupid\n|-crit|p1a: Cupid\n|-damage|p1a: Cupid|70\/100\n|-start|p1a: Cupid|Throat Chop|[silent]\n|\n|upkeep\n|turn|13\n|\n|t:|1700846142\n|switch|p2a: Gholdengo|Gholdengo, shiny|100\/100\n|-damage|p2a: Gholdengo|94\/100|[from] Stealth Rock\n|-item|p2a: Gholdengo|Air Balloon\n|move|p1a: Cupid|Wish|p1a: Cupid\n|\n|-end|p1a: Cupid|Throat Chop|[silent]\n|upkeep\n|turn|14\n|\n|t:|1700846157\n|switch|p1a: Mole|Grafaiai, M, shiny|100\/100\n|-damage|p1a: Mole|88\/100|[from] Stealth Rock\n|move|p2a: Gholdengo|Nasty Plot|p2a: Gholdengo\n|-boost|p2a: Gholdengo|spa|2\n|\n|-heal|p1a: Mole|100\/100|[from] move: Wish|[wisher] Cupid\n|upkeep\n|turn|15\n|\n|t:|1700846168\n|move|p2a: Gholdengo|Make It Rain|p1a: Mole\n|-damage|p1a: Mole|0 fnt\n|-unboost|p2a: Gholdengo|spa|1\n|faint|p1a: Mole\n|\n|upkeep\n|\n|t:|1700846178\n|switch|p1a: Smack Ya|Salazzle, F, shiny|100\/100\n|turn|16\n|\n|t:|1700846185\n|-terastallize|p2a: Gholdengo|Fighting\n|move|p1a: Smack Ya|Overheat|p2a: Gholdengo\n|-damage|p2a: Gholdengo|33\/100\n|-unboost|p1a: Smack Ya|spa|2\n|-enditem|p2a: Gholdengo|Air Balloon\n|move|p2a: Gholdengo|Shadow Ball|p1a: Smack Ya\n|-damage|p1a: Smack Ya|0 fnt\n|faint|p1a: Smack Ya\n|\n|upkeep\n|\n|t:|1700846198\n|switch|p1a: Sweetie|Altaria, M, shiny|60\/100\n|turn|17\n|\n|t:|1700846202\n|switch|p2a: Ting-Lu|Ting-Lu|100\/100\n|-damage|p2a: Ting-Lu|94\/100|[from] Stealth Rock\n|-ability|p2a: Ting-Lu|Vessel of Ruin\n|move|p1a: Sweetie|Fire Spin|p2a: Ting-Lu\n|-damage|p2a: Ting-Lu|92\/100\n|-activate|p2a: Ting-Lu|move: Fire Spin|[of] p1a: Sweetie\n|\n|-heal|p2a: Ting-Lu|98\/100|[from] item: Leftovers\n|-damage|p2a: Ting-Lu|86\/100|[from] move: Fire Spin|[partiallytrapped]\n|upkeep\n|turn|18\n|\n|t:|1700846215\n|move|p1a: Sweetie|Ice Beam|p2a: Ting-Lu\n|-supereffective|p2a: Ting-Lu\n|-damage|p2a: Ting-Lu|71\/100\n|move|p2a: Ting-Lu|Throat Chop|p1a: Sweetie\n|-damage|p1a: Sweetie|32\/100\n|-start|p1a: Sweetie|Throat Chop|[silent]\n|\n|-heal|p2a: Ting-Lu|77\/100|[from] item: Leftovers\n|-damage|p2a: Ting-Lu|65\/100|[from] move: Fire Spin|[partiallytrapped]\n|upkeep\n|turn|19\n|-message|Upbeatostrich forfeited.\n|\n|win|Marineti\n|raw|Upbeatostrich's rating: 1101 &rarr; <strong>1081<\/strong><br \/>(-20 for losing)\n|raw|Marineti's rating: 1170 &rarr; <strong>1190<\/strong><br \/>(+20 for winning)\n|l|\u2606Upbeatostrich\n","uploadtime":1700846239,"views":2,"p1id":"upbeatostrich","p2id":"marineti","formatid":"gen9ou","rating":1081,"private":0,"password":""}