{"id":"gen9ou-1993736197","p1":"makisenjo","p2":"FinchinatorTwo","format":"[Gen 9] OU","log":"|j|\u2606makisenjo\n|j|\u2606FinchinatorTwo\n|t:|1700351147\n|gametype|singles\n|player|p1|makisenjo|170|1440\n|player|p2|FinchinatorTwo|argenta|1432\n|teamsize|p1|6\n|teamsize|p2|6\n|gen|9\n|tier|[Gen 9] OU\n|rated|\n|rule|Sleep Clause Mod: Limit one foe put to sleep\n|rule|Species Clause: Limit one of each Pok\u00e9mon\n|rule|OHKO Clause: OHKO moves are banned\n|rule|Evasion Items Clause: Evasion items are banned\n|rule|Evasion Moves Clause: Evasion moves are banned\n|rule|Endless Battle Clause: Forcing endless battles is banned\n|rule|HP Percentage Mod: HP is shown in percentages\n|clearpoke\n|poke|p1|Rillaboom, F|\n|poke|p1|Cinderace, M|\n|poke|p1|Ogerpon-Cornerstone, F|\n|poke|p1|Kingambit, M|\n|poke|p1|Great Tusk|\n|poke|p1|Iron Valiant|\n|poke|p2|Clefable, M|\n|poke|p2|Alomomola, M|\n|poke|p2|Blissey, F|\n|poke|p2|Clodsire, F|\n|poke|p2|Dondozo, F|\n|poke|p2|Amoonguss, F|\n|teampreview\n|inactive|Battle timer is ON: inactive players will automatically lose when time's up. (requested by FinchinatorTwo)\n|inactive|makisenjo has 120 seconds left.\n|inactive|FinchinatorTwo has 120 seconds left.\n|\n|t:|1700351197\n|start\n|switch|p1a: Great Tusk|Great Tusk|100\/100\n|switch|p2a: amoung|Amoonguss, F|100\/100\n|turn|1\n|\n|t:|1700351204\n|-end|p1a: Great Tusk|Protosynthesis|[silent]\n|switch|p1a: Cinderace|Cinderace, M|100\/100\n|move|p2a: amoung|Toxic|p1a: Cinderace\n|-status|p1a: Cinderace|tox\n|\n|-damage|p1a: Cinderace|94\/100 tox|[from] psn\n|upkeep\n|turn|2\n|\n|t:|1700351212\n|move|p1a: Cinderace|U-turn|p2a: amoung\n|-damage|p2a: amoung|88\/100\n|\n|t:|1700351215\n|switch|p1a: Kingambit|Kingambit, M|100\/100|[from] U-turn\n|-item|p1a: Kingambit|Air Balloon\n|move|p2a: amoung|Foul Play|p1a: Kingambit\n|-resisted|p1a: Kingambit\n|-damage|p1a: Kingambit|88\/100\n|-enditem|p1a: Kingambit|Air Balloon\n|\n|upkeep\n|turn|3\n|\n|t:|1700351228\n|-end|p1a: Kingambit|fallenundefined|[silent]\n|switch|p1a: Rillaboom|Rillaboom, F|100\/100\n|-fieldstart|move: Grassy Terrain|[from] ability: Grassy Surge|[of] p1a: Rillaboom\n|switch|p2a: Dondozo|Dondozo, F|100\/100\n|\n|upkeep\n|turn|4\n|\n|t:|1700351235\n|switch|p2a: amoung|Amoonguss, F|100\/100\n|move|p1a: Rillaboom|Knock Off|p2a: amoung\n|-damage|p2a: amoung|63\/100\n|-enditem|p2a: amoung|Heavy-Duty Boots|[from] move: Knock Off|[of] p1a: Rillaboom\n|\n|-heal|p2a: amoung|69\/100|[from] Grassy Terrain\n|upkeep\n|turn|5\n|\n|t:|1700351242\n|switch|p1a: Cinderace|Cinderace, M|94\/100 tox\n|move|p2a: amoung|Foul Play|p1a: Cinderace\n|-damage|p1a: Cinderace|62\/100 tox\n|\n|-heal|p1a: Cinderace|68\/100 tox|[from] Grassy Terrain\n|-heal|p2a: amoung|75\/100|[from] Grassy Terrain\n|-damage|p1a: Cinderace|62\/100 tox|[from] psn\n|upkeep\n|turn|6\n|\n|t:|1700351248\n|switch|p2a: Alomomola|Alomomola, M|100\/100\n|move|p1a: Cinderace|Will-O-Wisp|p2a: Alomomola\n|-status|p2a: Alomomola|brn\n|\n|-heal|p1a: Cinderace|68\/100 tox|[from] Grassy Terrain\n|-damage|p1a: Cinderace|56\/100 tox|[from] psn\n|-damage|p2a: Alomomola|94\/100 brn|[from] brn\n|upkeep\n|turn|7\n|\n|t:|1700351255\n|move|p1a: Cinderace|U-turn|p2a: Alomomola\n|-damage|p2a: Alomomola|84\/100 brn\n|\n|t:|1700351262\n|switch|p1a: Rillaboom|Rillaboom, F|100\/100|[from] U-turn\n|move|p2a: Alomomola|Flip Turn|p1a: Rillaboom\n|-resisted|p1a: Rillaboom\n|-damage|p1a: Rillaboom|96\/100\n|\n|t:|1700351267\n|switch|p2a: amoung|Amoonguss, F|100\/100|[from] Flip Turn\n|\n|-heal|p1a: Rillaboom|100\/100|[from] Grassy Terrain\n|-fieldend|move: Grassy Terrain\n|upkeep\n|turn|8\n|\n|t:|1700351271\n|move|p1a: Rillaboom|U-turn|p2a: amoung\n|-damage|p2a: amoung|73\/100\n|\n|t:|1700351275\n|switch|p1a: Cinderace|Cinderace, M|56\/100 tox|[from] U-turn\n|move|p2a: amoung|Toxic|p1a: Cinderace\n|-fail|p1a: Cinderace|tox\n|\n|-damage|p1a: Cinderace|50\/100 tox|[from] psn\n|upkeep\n|turn|9\n|\n|t:|1700351280\n|switch|p2a: Alomomola|Alomomola, M|100\/100 brn\n|move|p1a: Cinderace|U-turn|p2a: Alomomola\n|-crit|p2a: Alomomola\n|-damage|p2a: Alomomola|85\/100 brn\n|\n|t:|1700351283\n|switch|p1a: Ogerpon|Ogerpon-Cornerstone, F|100\/100|[from] U-turn\n|\n|-damage|p2a: Alomomola|79\/100 brn|[from] brn\n|upkeep\n|turn|10\n|\n|t:|1700351290\n|switch|p1a: Rillaboom|Rillaboom, F|100\/100\n|-fieldstart|move: Grassy Terrain|[from] ability: Grassy Surge|[of] p1a: Rillaboom\n|move|p2a: Alomomola|Flip Turn|p1a: Rillaboom\n|-resisted|p1a: Rillaboom\n|-damage|p1a: Rillaboom|96\/100\n|\n|t:|1700351294\n|switch|p2a: amoung|Amoonguss, F|100\/100|[from] Flip Turn\n|\n|-heal|p1a: Rillaboom|100\/100|[from] Grassy Terrain\n|upkeep\n|turn|11\n|\n|t:|1700351303\n|move|p1a: Rillaboom|U-turn|p2a: amoung\n|-damage|p2a: amoung|73\/100\n|\n|t:|1700351309\n|switch|p1a: Cinderace|Cinderace, M|50\/100 tox|[from] U-turn\n|move|p2a: amoung|Foul Play|p1a: Cinderace\n|-damage|p1a: Cinderace|20\/100 tox\n|\n|-heal|p1a: Cinderace|27\/100 tox|[from] Grassy Terrain\n|-heal|p2a: amoung|79\/100|[from] Grassy Terrain\n|-damage|p1a: Cinderace|20\/100 tox|[from] psn\n|upkeep\n|turn|12\n|\n|t:|1700351315\n|switch|p2a: Alomomola|Alomomola, M|100\/100 brn\n|move|p1a: Cinderace|U-turn|p2a: Alomomola\n|-damage|p2a: Alomomola|89\/100 brn\n|\n|t:|1700351318\n|switch|p1a: Ogerpon|Ogerpon-Cornerstone, F|100\/100|[from] U-turn\n|\n|-heal|p2a: Alomomola|96\/100 brn|[from] Grassy Terrain\n|-damage|p2a: Alomomola|89\/100 brn|[from] brn\n|upkeep\n|turn|13\n|\n|t:|1700351324\n|move|p1a: Ogerpon|Swords Dance|p1a: Ogerpon\n|-boost|p1a: Ogerpon|atk|2\n|move|p2a: Alomomola|Flip Turn|p1a: Ogerpon\n|-damage|p1a: Ogerpon|90\/100\n|\n|t:|1700351332\n|switch|p2a: amoung|Amoonguss, F|100\/100|[from] Flip Turn\n|\n|-heal|p1a: Ogerpon|96\/100|[from] Grassy Terrain\n|upkeep\n|turn|14\n|\n|t:|1700351336\n|-terastallize|p1a: Ogerpon|Rock\n|detailschange|p1a: Ogerpon|Ogerpon-Cornerstone-Tera, F, tera:Rock\n|-ability|p1a: Ogerpon|Embody Aspect (Cornerstone)|boost\n|-boost|p1a: Ogerpon|def|1\n|move|p1a: Ogerpon|Ivy Cudgel|p2a: amoung|[anim] Ivy Cudgel Rock\n|-damage|p2a: amoung|0 fnt\n|faint|p2a: amoung\n|\n|-heal|p1a: Ogerpon|100\/100|[from] Grassy Terrain\n|-fieldend|move: Grassy Terrain\n|upkeep\n|\n|t:|1700351346\n|switch|p2a: Dondozo|Dondozo, F|100\/100\n|turn|15\n|\n|t:|1700351361\n|switch|p1a: Cinderace|Cinderace, M|20\/100 tox\n|move|p2a: Dondozo|Body Press|p1a: Cinderace\n|-damage|p1a: Cinderace|0 fnt\n|faint|p1a: Cinderace\n|\n|upkeep\n|\n|t:|1700351365\n|switch|p1a: Rillaboom|Rillaboom, F|100\/100\n|-fieldstart|move: Grassy Terrain|[from] ability: Grassy Surge|[of] p1a: Rillaboom\n|turn|16\n|\n|t:|1700351371\n|switch|p2a: Clefable|Clefable, M|100\/100\n|move|p1a: Rillaboom|Knock Off|p2a: Clefable\n|-resisted|p2a: Clefable\n|-damage|p2a: Clefable|81\/100\n|-enditem|p2a: Clefable|Leftovers|[from] move: Knock Off|[of] p1a: Rillaboom\n|\n|-heal|p2a: Clefable|87\/100|[from] Grassy Terrain\n|upkeep\n|turn|17\n|\n|t:|1700351378\n|switch|p1a: Kingambit|Kingambit, M|88\/100\n|-activate|p1a: Kingambit|ability: Supreme Overlord\n|-start|p1a: Kingambit|fallen1|[silent]\n|move|p2a: Clefable|Knock Off|p1a: Kingambit\n|-resisted|p1a: Kingambit\n|-damage|p1a: Kingambit|84\/100\n|\n|-heal|p2a: Clefable|93\/100|[from] Grassy Terrain\n|-heal|p1a: Kingambit|90\/100|[from] Grassy Terrain\n|upkeep\n|turn|18\n|\n|t:|1700351388\n|switch|p2a: Dondozo|Dondozo, F|100\/100\n|-end|p1a: Kingambit|fallen1|[silent]\n|switch|p1a: Rillaboom|Rillaboom, F|100\/100\n|\n|upkeep\n|turn|19\n|\n|t:|1700351392\n|switch|p2a: Clefable|Clefable, M|93\/100\n|move|p1a: Rillaboom|Wood Hammer|p2a: Clefable\n|-damage|p2a: Clefable|0 fnt\n|faint|p2a: Clefable\n|-damage|p1a: Rillaboom|65\/100|[from] Recoil\n|\n|-heal|p1a: Rillaboom|71\/100|[from] Grassy Terrain\n|upkeep\n|-message|FinchinatorTwo forfeited.\n|\n|win|makisenjo\n|raw|makisenjo's rating: 1440 &rarr; <strong>1460<\/strong><br \/>(+20 for winning)\n|raw|FinchinatorTwo's rating: 1432 &rarr; <strong>1412<\/strong><br \/>(-20 for losing)\n|l|\u2606FinchinatorTwo\n","uploadtime":1700351500,"views":9,"p1id":"makisenjo","p2id":"finchinatortwo","formatid":"gen9ou","rating":1412,"private":0,"password":""}