{"id":"gen9ou-1988412929","p1":"TheGr8est2EverDoIt","p2":"BlueDevil81","format":"[Gen 9] OU","log":"|j|\u2606TheGr8est2EverDoIt\n|j|\u2606BlueDevil81\n|t:|1699720190\n|gametype|singles\n|player|p1|TheGr8est2EverDoIt|lucas|1590\n|player|p2|BlueDevil81|cynthia|1546\n|teamsize|p1|6\n|teamsize|p2|6\n|gen|9\n|tier|[Gen 9] OU\n|rated|\n|rule|Sleep Clause Mod: Limit one foe put to sleep\n|rule|Species Clause: Limit one of each Pok\u00e9mon\n|rule|OHKO Clause: OHKO moves are banned\n|rule|Evasion Items Clause: Evasion items are banned\n|rule|Evasion Moves Clause: Evasion moves are banned\n|rule|Endless Battle Clause: Forcing endless battles is banned\n|rule|HP Percentage Mod: HP is shown in percentages\n|clearpoke\n|poke|p1|Ursaluna, F|\n|poke|p1|Ninetales-Alola, F|\n|poke|p1|Samurott-Hisui, F|\n|poke|p1|Manaphy|\n|poke|p1|Haxorus, F|\n|poke|p1|Iron Moth|\n|poke|p2|Kingambit, F|\n|poke|p2|Glimmora, M|\n|poke|p2|Zamazenta-*|\n|poke|p2|Iron Valiant|\n|poke|p2|Iron Moth|\n|poke|p2|Ogerpon-Wellspring, F|\n|teampreview\n|\n|t:|1699720196\n|start\n|switch|p1a: Samurott|Samurott-Hisui, F|100\/100\n|switch|p2a: Glimmora|Glimmora, M|100\/100\n|turn|1\n|\n|t:|1699720198\n|move|p2a: Glimmora|Mortal Spin|p1a: Samurott\n|-damage|p1a: Samurott|92\/100\n|-status|p1a: Samurott|psn\n|move|p1a: Samurott|Razor Shell|p2a: Glimmora\n|-supereffective|p2a: Glimmora\n|-enditem|p2a: Glimmora|Focus Sash\n|-damage|p2a: Glimmora|1\/100\n|-activate|p2a: Glimmora|ability: Toxic Debris\n|-sidestart|p1: TheGr8est2EverDoIt|move: Toxic Spikes\n|\n|-damage|p1a: Samurott|79\/100 psn|[from] psn\n|upkeep\n|turn|2\n|\n|t:|1699720205\n|move|p2a: Glimmora|Stealth Rock|p1a: Samurott\n|-sidestart|p1: TheGr8est2EverDoIt|move: Stealth Rock\n|move|p1a: Samurott|Ceaseless Edge|p2a: Glimmora\n|-damage|p2a: Glimmora|0 fnt\n|-activate|p2a: Glimmora|ability: Toxic Debris\n|-sidestart|p1: TheGr8est2EverDoIt|move: Toxic Spikes\n|-sidestart|p2: BlueDevil81|Spikes\n|faint|p2a: Glimmora\n|\n|-damage|p1a: Samurott|67\/100 psn|[from] psn\n|upkeep\n|\n|t:|1699720218\n|switch|p2a: Zamazenta|Zamazenta, shiny|100\/100\n|-damage|p2a: Zamazenta|88\/100|[from] Spikes\n|-ability|p2a: Zamazenta|Dauntless Shield|boost\n|-boost|p2a: Zamazenta|def|1\n|turn|3\n|\n|t:|1699720222\n|switch|p1a: Iron Moth|Iron Moth|100\/100\n|-sideend|p1: TheGr8est2EverDoIt|move: Toxic Spikes|[of] p1a: Iron Moth\n|-damage|p1a: Iron Moth|76\/100|[from] Stealth Rock\n|-enditem|p1a: Iron Moth|Booster Energy\n|-activate|p1a: Iron Moth|ability: Quark Drive|[fromitem]\n|-start|p1a: Iron Moth|quarkdrivespe\n|move|p2a: Zamazenta|Body Press|p1a: Iron Moth\n|-resisted|p1a: Iron Moth\n|-damage|p1a: Iron Moth|37\/100\n|\n|-heal|p2a: Zamazenta|94\/100|[from] item: Leftovers\n|upkeep\n|turn|4\n|\n|t:|1699720226\n|move|p1a: Iron Moth|Psychic|p2a: Zamazenta\n|-supereffective|p2a: Zamazenta\n|-damage|p2a: Zamazenta|38\/100\n|-unboost|p2a: Zamazenta|spd|1\n|move|p2a: Zamazenta|Body Press|p1a: Iron Moth\n|-resisted|p1a: Iron Moth\n|-damage|p1a: Iron Moth|0 fnt\n|faint|p1a: Iron Moth\n|-end|p1a: Iron Moth|Quark Drive|[silent]\n|\n|-heal|p2a: Zamazenta|44\/100|[from] item: Leftovers\n|upkeep\n|\n|t:|1699720232\n|switch|p1a: Manaphy|Manaphy|100\/100\n|-damage|p1a: Manaphy|88\/100|[from] Stealth Rock\n|turn|5\n|\n|t:|1699720238\n|move|p2a: Zamazenta|Iron Defense|p2a: Zamazenta\n|-boost|p2a: Zamazenta|def|2\n|move|p1a: Manaphy|Scald|p2a: Zamazenta\n|-damage|p2a: Zamazenta|3\/100\n|-status|p2a: Zamazenta|brn\n|\n|-heal|p2a: Zamazenta|9\/100 brn|[from] item: Leftovers\n|-heal|p1a: Manaphy|94\/100|[from] item: Leftovers\n|-damage|p2a: Zamazenta|3\/100 brn|[from] brn\n|upkeep\n|turn|6\n|\n|t:|1699720241\n|move|p2a: Zamazenta|Body Press|p1a: Manaphy\n|-damage|p1a: Manaphy|67\/100\n|move|p1a: Manaphy|Acid Armor|p1a: Manaphy\n|-boost|p1a: Manaphy|def|2\n|\n|-heal|p2a: Zamazenta|9\/100 brn|[from] item: Leftovers\n|-heal|p1a: Manaphy|73\/100|[from] item: Leftovers\n|-damage|p2a: Zamazenta|3\/100 brn|[from] brn\n|upkeep\n|turn|7\n|\n|t:|1699720247\n|switch|p2a: Iron Valiant|Iron Valiant|100\/100\n|-damage|p2a: Iron Valiant|88\/100|[from] Spikes\n|-enditem|p2a: Iron Valiant|Booster Energy\n|-activate|p2a: Iron Valiant|ability: Quark Drive|[fromitem]\n|-start|p2a: Iron Valiant|quarkdrivespe\n|move|p1a: Manaphy|Take Heart|p1a: Manaphy\n|-boost|p1a: Manaphy|spa|1\n|-boost|p1a: Manaphy|spd|1\n|\n|-heal|p1a: Manaphy|79\/100|[from] item: Leftovers\n|upkeep\n|turn|8\n|\n|t:|1699720253\n|switch|p1a: Ninetales|Ninetales-Alola, F|100\/100\n|-damage|p1a: Ninetales|76\/100|[from] Stealth Rock\n|-weather|Snow|[from] ability: Snow Warning|[of] p1a: Ninetales\n|move|p2a: Iron Valiant|Hypnosis|p1a: Ninetales|[miss]\n|-miss|p2a: Iron Valiant|p1a: Ninetales\n|\n|-weather|Snow|[upkeep]\n|upkeep\n|turn|9\n|\n|t:|1699720261\n|move|p2a: Iron Valiant|Moonblast|p1a: Ninetales\n|-damage|p1a: Ninetales|30\/100\n|move|p1a: Ninetales|Aurora Veil|p1a: Ninetales\n|-sidestart|p1: TheGr8est2EverDoIt|move: Aurora Veil\n|\n|-weather|Snow|[upkeep]\n|upkeep\n|turn|10\n|\n|t:|1699720266\n|move|p2a: Iron Valiant|Calm Mind|p2a: Iron Valiant\n|-boost|p2a: Iron Valiant|spa|1\n|-boost|p2a: Iron Valiant|spd|1\n|move|p1a: Ninetales|Encore|p2a: Iron Valiant\n|-start|p2a: Iron Valiant|Encore\n|\n|-weather|Snow|[upkeep]\n|upkeep\n|turn|11\n|\n|t:|1699720268\n|switch|p1a: Ursaluna|Ursaluna, F|100\/100\n|-damage|p1a: Ursaluna|94\/100|[from] Stealth Rock\n|move|p2a: Iron Valiant|Calm Mind|p2a: Iron Valiant\n|-boost|p2a: Iron Valiant|spa|1\n|-boost|p2a: Iron Valiant|spd|1\n|\n|-weather|Snow|[upkeep]\n|upkeep\n|turn|12\n|\n|t:|1699720272\n|move|p2a: Iron Valiant|Calm Mind|p2a: Iron Valiant\n|-boost|p2a: Iron Valiant|spa|1\n|-boost|p2a: Iron Valiant|spd|1\n|move|p1a: Ursaluna|Bulk Up|p1a: Ursaluna\n|-boost|p1a: Ursaluna|atk|1\n|-boost|p1a: Ursaluna|def|1\n|\n|-weather|none\n|upkeep\n|turn|13\n|\n|t:|1699720275\n|move|p2a: Iron Valiant|Calm Mind|p2a: Iron Valiant\n|-boost|p2a: Iron Valiant|spa|1\n|-boost|p2a: Iron Valiant|spd|1\n|move|p1a: Ursaluna|Headlong Rush|p2a: Iron Valiant\n|-damage|p2a: Iron Valiant|0 fnt\n|-unboost|p1a: Ursaluna|def|1\n|-unboost|p1a: Ursaluna|spd|1\n|faint|p2a: Iron Valiant\n|-end|p2a: Iron Valiant|Quark Drive|[silent]\n|\n|upkeep\n|\n|t:|1699720284\n|switch|p2a: Ogerpon|Ogerpon-Wellspring, F|100\/100\n|-damage|p2a: Ogerpon|88\/100|[from] Spikes\n|turn|14\n|\n|t:|1699720292\n|switch|p2a: Zamazenta|Zamazenta, shiny|3\/100 brn\n|-damage|p2a: Zamazenta|0 fnt|[from] Spikes\n|faint|p2a: Zamazenta\n|-terastallize|p1a: Ursaluna|Fighting\n|move|p1a: Ursaluna|Drain Punch|p2: Zamazenta|[notarget]\n|-fail|p1a: Ursaluna\n|\n|upkeep\n|\n|t:|1699720300\n|switch|p2a: Iron Moth|Iron Moth|100\/100\n|-damage|p2a: Iron Moth|88\/100|[from] Spikes\n|-enditem|p2a: Iron Moth|Booster Energy\n|-activate|p2a: Iron Moth|ability: Quark Drive|[fromitem]\n|-start|p2a: Iron Moth|quarkdrivespe\n|turn|15\n|\n|t:|1699720304\n|move|p2a: Iron Moth|Fiery Dance|p1a: Ursaluna\n|-damage|p1a: Ursaluna|65\/100\n|-boost|p2a: Iron Moth|spa|1\n|move|p1a: Ursaluna|Headlong Rush|p2a: Iron Moth\n|-supereffective|p2a: Iron Moth\n|-damage|p2a: Iron Moth|0 fnt\n|-unboost|p1a: Ursaluna|def|1\n|-unboost|p1a: Ursaluna|spd|1\n|faint|p2a: Iron Moth\n|-end|p2a: Iron Moth|Quark Drive|[silent]\n|\n|upkeep\n|j| Loculaa\n|\n|t:|1699720317\n|switch|p2a: Kingambit|Kingambit, F|100\/100\n|-damage|p2a: Kingambit|88\/100|[from] Spikes\n|-activate|p2a: Kingambit|ability: Supreme Overlord\n|-start|p2a: Kingambit|fallen4|[silent]\n|turn|16\n|\n|t:|1699720325\n|move|p2a: Kingambit|Iron Head|p1a: Ursaluna\n|-damage|p1a: Ursaluna|25\/100\n|cant|p1a: Ursaluna|flinch\n|\n|-sideend|p1: TheGr8est2EverDoIt|move: Aurora Veil\n|upkeep\n|turn|17\n|\n|t:|1699720331\n|move|p1a: Ursaluna|Drain Punch|p2a: Kingambit\n|-supereffective|p2a: Kingambit\n|-damage|p2a: Kingambit|0 fnt\n|-heal|p1a: Ursaluna|62\/100|[from] drain|[of] p2a: Kingambit\n|faint|p2a: Kingambit\n|-end|p2a: Kingambit|fallen4|[silent]\n|\n|upkeep\n|\n|t:|1699720335\n|switch|p2a: Ogerpon|Ogerpon-Wellspring, F|88\/100\n|-damage|p2a: Ogerpon|76\/100|[from] Spikes\n|turn|18\n|\n|t:|1699720342\n|-terastallize|p2a: Ogerpon|Water\n|detailschange|p2a: Ogerpon|Ogerpon-Wellspring-Tera, F, tera:Water\n|-ability|p2a: Ogerpon|Embody Aspect (Wellspring)|boost\n|-boost|p2a: Ogerpon|spd|1\n|move|p2a: Ogerpon|Ivy Cudgel|p1a: Ursaluna\n|-crit|p1a: Ursaluna\n|-damage|p1a: Ursaluna|0 fnt\n|faint|p1a: Ursaluna\n|\n|upkeep\n|\n|t:|1699720350\n|switch|p1a: Haxorus|Haxorus, F|100\/100\n|-damage|p1a: Haxorus|88\/100|[from] Stealth Rock\n|-ability|p1a: Haxorus|Mold Breaker\n|turn|19\n|\n|t:|1699720352\n|move|p2a: Ogerpon|Knock Off|p1a: Haxorus\n|-damage|p1a: Haxorus|36\/100\n|-enditem|p1a: Haxorus|Loaded Dice|[from] move: Knock Off|[of] p2a: Ogerpon\n|move|p1a: Haxorus|Scale Shot|p2a: Ogerpon\n|-damage|p2a: Ogerpon|58\/100\n|-damage|p2a: Ogerpon|39\/100\n|-damage|p2a: Ogerpon|18\/100\n|-damage|p2a: Ogerpon|0 fnt\n|faint|p2a: Ogerpon\n|-hitcount|p2: Ogerpon|4\n|\n|win|TheGr8est2EverDoIt\n|raw|TheGr8est2EverDoIt's rating: 1590 &rarr; <strong>1607<\/strong><br \/>(+17 for winning)\n|raw|BlueDevil81's rating: 1546 &rarr; <strong>1529<\/strong><br \/>(-17 for losing)\n|l|\u2606BlueDevil81\n","uploadtime":1699720360,"views":18,"p1id":"thegr8est2everdoit","p2id":"bluedevil81","formatid":"gen9ou","rating":1529,"private":0,"password":""}