{"id":"gen9ou-1996084736","p1":"Manjack","p2":"d3720","format":"[Gen 9] OU","log":"|j|\u2606Manjack\n|j|\u2606d3720\n|t:|1700641569\n|gametype|singles\n|player|p1|Manjack|preschooler|1625\n|player|p2|d3720|crasherwake|1561\n|teamsize|p1|6\n|teamsize|p2|6\n|gen|9\n|tier|[Gen 9] OU\n|rated|\n|rule|Sleep Clause Mod: Limit one foe put to sleep\n|rule|Species Clause: Limit one of each Pok\u00e9mon\n|rule|OHKO Clause: OHKO moves are banned\n|rule|Evasion Items Clause: Evasion items are banned\n|rule|Evasion Moves Clause: Evasion moves are banned\n|rule|Endless Battle Clause: Forcing endless battles is banned\n|rule|HP Percentage Mod: HP is shown in percentages\n|clearpoke\n|poke|p1|Ogerpon, F|\n|poke|p1|Garganacl, F|\n|poke|p1|Dachsbun, F|\n|poke|p1|Landorus-Therian, M|\n|poke|p1|Rotom-Wash|\n|poke|p1|Clodsire, M|\n|poke|p2|Tornadus-Therian, M|\n|poke|p2|Pelipper, F|\n|poke|p2|Barraskewda, M|\n|poke|p2|Ting-Lu|\n|poke|p2|Gholdengo|\n|poke|p2|Dragonite, F|\n|teampreview\n|c|\u2606Manjack|Glhf\n|\n|t:|1700641597\n|start\n|switch|p1a: Clodsire|Clodsire, M|100\/100\n|switch|p2a: Gholdengo|Gholdengo|100\/100\n|turn|1\n|\n|t:|1700641630\n|move|p2a: Gholdengo|Make It Rain|p1a: Clodsire\n|-damage|p1a: Clodsire|71\/100\n|-unboost|p2a: Gholdengo|spa|1\n|-enditem|p2a: Gholdengo|Eject Pack\n|\n|t:|1700641632\n|switch|p2a: Ting-Lu|Ting-Lu|100\/100\n|-ability|p2a: Ting-Lu|Vessel of Ruin\n|move|p1a: Clodsire|Earthquake|p2a: Ting-Lu\n|-damage|p2a: Ting-Lu|88\/100\n|\n|-heal|p2a: Ting-Lu|94\/100|[from] item: Leftovers\n|-heal|p1a: Clodsire|77\/100|[from] item: Leftovers\n|upkeep\n|turn|2\n|\n|t:|1700641652\n|switch|p1a: Dachsbun|Dachsbun, F|100\/100\n|move|p2a: Ting-Lu|Stealth Rock|p1a: Dachsbun\n|-sidestart|p1: Manjack|move: Stealth Rock\n|\n|-heal|p2a: Ting-Lu|99\/100|[from] item: Leftovers\n|upkeep\n|turn|3\n|\n|t:|1700641658\n|move|p1a: Dachsbun|Copycat|p1a: Dachsbun\n|move|p1a: Dachsbun|Stealth Rock|p2a: Ting-Lu|[from]move: Copycat\n|-sidestart|p2: d3720|move: Stealth Rock\n|move|p2a: Ting-Lu|Spikes|p1a: Dachsbun\n|-sidestart|p1: Manjack|Spikes\n|\n|-heal|p2a: Ting-Lu|100\/100|[from] item: Leftovers\n|upkeep\n|turn|4\n|\n|t:|1700641672\n|move|p1a: Dachsbun|Copycat|p1a: Dachsbun\n|move|p1a: Dachsbun|Spikes|p2a: Ting-Lu|[from]move: Copycat\n|-sidestart|p2: d3720|Spikes\n|move|p2a: Ting-Lu|Spikes|p1a: Dachsbun\n|-sidestart|p1: Manjack|Spikes\n|\n|upkeep\n|turn|5\n|\n|t:|1700641676\n|move|p1a: Dachsbun|Copycat|p1a: Dachsbun\n|move|p1a: Dachsbun|Spikes|p2a: Ting-Lu|[from]move: Copycat\n|-sidestart|p2: d3720|Spikes\n|move|p2a: Ting-Lu|Spikes|p1a: Dachsbun\n|-sidestart|p1: Manjack|Spikes\n|\n|upkeep\n|turn|6\n|\n|t:|1700641691\n|switch|p2a: Pelipper|Pelipper, F|100\/100\n|-damage|p2a: Pelipper|76\/100|[from] Stealth Rock\n|-weather|RainDance|[from] ability: Drizzle|[of] p2a: Pelipper\n|move|p1a: Dachsbun|Copycat|p1a: Dachsbun\n|move|p1a: Dachsbun|Spikes|p2a: Pelipper|[from]move: Copycat\n|-sidestart|p2: d3720|Spikes\n|\n|-weather|RainDance|[upkeep]\n|upkeep\n|turn|7\n|\n|t:|1700641707\n|move|p1a: Dachsbun|Wish|p1a: Dachsbun\n|move|p2a: Pelipper|Knock Off|p1a: Dachsbun\n|-resisted|p1a: Dachsbun\n|-damage|p1a: Dachsbun|95\/100\n|-enditem|p1a: Dachsbun|Leftovers|[from] move: Knock Off|[of] p2a: Pelipper\n|\n|-weather|RainDance|[upkeep]\n|upkeep\n|turn|8\n|\n|t:|1700641716\n|move|p1a: Dachsbun|Copycat|p1a: Dachsbun\n|move|p1a: Dachsbun|Knock Off|p2a: Pelipper|[from]move: Copycat\n|-damage|p2a: Pelipper|61\/100\n|-enditem|p2a: Pelipper|Damp Rock|[from] move: Knock Off|[of] p1a: Dachsbun\n|move|p2a: Pelipper|Knock Off|p1a: Dachsbun\n|-resisted|p1a: Dachsbun\n|-damage|p1a: Dachsbun|91\/100\n|\n|-weather|RainDance|[upkeep]\n|-heal|p1a: Dachsbun|100\/100|[from] move: Wish|[wisher] Dachsbun\n|upkeep\n|turn|9\n|\n|t:|1700641725\n|move|p1a: Dachsbun|Copycat|p1a: Dachsbun\n|move|p1a: Dachsbun|Knock Off|p2a: Pelipper|[from]move: Copycat\n|-damage|p2a: Pelipper|51\/100\n|move|p2a: Pelipper|U-turn|p1a: Dachsbun\n|-resisted|p1a: Dachsbun\n|-damage|p1a: Dachsbun|96\/100\n|\n|t:|1700641740\n|switch|p2a: Tornadus|Tornadus-Therian, M|100\/100|[from] U-turn\n|\n|-weather|RainDance|[upkeep]\n|upkeep\n|turn|10\n|\n|t:|1700641759\n|switch|p1a: Clodsire|Clodsire, M|77\/100\n|-damage|p1a: Clodsire|71\/100|[from] Stealth Rock\n|-damage|p1a: Clodsire|47\/100|[from] Spikes\n|move|p2a: Tornadus|Nasty Plot|p2a: Tornadus\n|-boost|p2a: Tornadus|spa|2\n|\n|-weather|RainDance|[upkeep]\n|-heal|p1a: Clodsire|53\/100|[from] item: Leftovers\n|upkeep\n|turn|11\n|\n|t:|1700641763\n|move|p2a: Tornadus|Taunt|p1a: Clodsire\n|-start|p1a: Clodsire|move: Taunt\n|cant|p1a: Clodsire|move: Taunt|Recover\n|\n|-weather|RainDance|[upkeep]\n|-heal|p1a: Clodsire|59\/100|[from] item: Leftovers\n|upkeep\n|turn|12\n|\n|t:|1700641768\n|move|p2a: Tornadus|Hurricane|p1a: Clodsire\n|-damage|p1a: Clodsire|33\/100\n|-start|p1a: Clodsire|confusion\n|-activate|p1a: Clodsire|confusion\n|move|p1a: Clodsire|Poison Jab|p2a: Tornadus\n|-damage|p2a: Tornadus|74\/100\n|\n|-weather|RainDance|[upkeep]\n|-heal|p1a: Clodsire|39\/100|[from] item: Leftovers\n|upkeep\n|turn|13\n|\n|t:|1700641775\n|move|p2a: Tornadus|Weather Ball|p1a: Clodsire\n|-supereffective|p1a: Clodsire\n|-damage|p1a: Clodsire|0 fnt\n|faint|p1a: Clodsire\n|\n|-weather|none\n|upkeep\n|\n|t:|1700641786\n|switch|p1a: Rotom|Rotom-Wash|100\/100\n|-damage|p1a: Rotom|88\/100|[from] Stealth Rock\n|turn|14\n|\n|t:|1700641794\n|move|p2a: Tornadus|Hurricane|p1a: Rotom\n|-resisted|p1a: Rotom\n|-damage|p1a: Rotom|35\/100\n|move|p1a: Rotom|Volt Switch|p2a: Tornadus\n|-supereffective|p2a: Tornadus\n|-damage|p2a: Tornadus|16\/100\n|\n|t:|1700641797\n|switch|p1a: Garganacl|Garganacl, F|100\/100|[from] Volt Switch\n|-damage|p1a: Garganacl|88\/100|[from] Stealth Rock\n|-damage|p1a: Garganacl|63\/100|[from] Spikes\n|\n|-heal|p1a: Garganacl|69\/100|[from] item: Leftovers\n|upkeep\n|turn|15\n|\n|t:|1700641823\n|switch|p2a: Ting-Lu|Ting-Lu|100\/100\n|-damage|p2a: Ting-Lu|94\/100|[from] Stealth Rock\n|-damage|p2a: Ting-Lu|69\/100|[from] Spikes\n|-ability|p2a: Ting-Lu|Vessel of Ruin\n|-terastallize|p1a: Garganacl|Electric\n|move|p1a: Garganacl|Salt Cure|p2a: Ting-Lu\n|-resisted|p2a: Ting-Lu\n|-damage|p2a: Ting-Lu|66\/100\n|-start|p2a: Ting-Lu|Salt Cure\n|\n|-heal|p2a: Ting-Lu|72\/100|[from] item: Leftovers\n|-heal|p1a: Garganacl|75\/100|[from] item: Leftovers\n|-damage|p2a: Ting-Lu|59\/100|[from] Salt Cure\n|upkeep\n|turn|16\n|\n|t:|1700641836\n|move|p1a: Garganacl|Earthquake|p2a: Ting-Lu\n|-damage|p2a: Ting-Lu|49\/100\n|move|p2a: Ting-Lu|Whirlwind|p1a: Garganacl\n|drag|p1a: Ogerpon|Ogerpon, F|100\/100\n|-damage|p1a: Ogerpon|88\/100|[from] Stealth Rock\n|-damage|p1a: Ogerpon|63\/100|[from] Spikes\n|\n|-heal|p1a: Ogerpon|69\/100|[from] item: Leftovers\n|-heal|p2a: Ting-Lu|55\/100|[from] item: Leftovers\n|-damage|p2a: Ting-Lu|42\/100|[from] Salt Cure\n|upkeep\n|turn|17\n|\n|t:|1700641848\n|switch|p2a: Tornadus|Tornadus-Therian, M|49\/100\n|move|p1a: Ogerpon|Horn Leech|p2a: Tornadus\n|-resisted|p2a: Tornadus\n|-damage|p2a: Tornadus|24\/100\n|-heal|p1a: Ogerpon|80\/100|[from] drain|[of] p2a: Tornadus\n|\n|-heal|p1a: Ogerpon|86\/100|[from] item: Leftovers\n|upkeep\n|turn|18\n|\n|t:|1700641859\n|switch|p1a: Landorus|Landorus-Therian, M|100\/100\n|-damage|p1a: Landorus|88\/100|[from] Stealth Rock\n|-ability|p1a: Landorus|Intimidate|boost\n|-unboost|p2a: Tornadus|atk|1\n|move|p2a: Tornadus|Hurricane|p1a: Landorus|[miss]\n|-miss|p2a: Tornadus|p1a: Landorus\n|\n|-heal|p1a: Landorus|94\/100|[from] item: Leftovers\n|upkeep\n|turn|19\n|\n|t:|1700641868\n|move|p2a: Tornadus|Taunt|p1a: Landorus\n|-start|p1a: Landorus|move: Taunt\n|cant|p1a: Landorus|move: Taunt|Gravity\n|\n|-heal|p1a: Landorus|99\/100|[from] item: Leftovers\n|upkeep\n|turn|20\n|c|\u2606d3720|sheesh\n|\n|t:|1700641884\n|move|p2a: Tornadus|Hurricane|p1a: Landorus\n|-damage|p1a: Landorus|62\/100\n|-start|p1a: Landorus|confusion\n|-activate|p1a: Landorus|confusion\n|move|p1a: Landorus|U-turn|p2a: Tornadus\n|-resisted|p2a: Tornadus\n|-damage|p2a: Tornadus|10\/100\n|\n|t:|1700641892\n|switch|p1a: Dachsbun|Dachsbun, F|96\/100|[from] U-turn\n|-damage|p1a: Dachsbun|84\/100|[from] Stealth Rock\n|-damage|p1a: Dachsbun|59\/100|[from] Spikes\n|\n|upkeep\n|turn|21\n|\n|t:|1700641907\n|switch|p2a: Pelipper|Pelipper, F|51\/100\n|-damage|p2a: Pelipper|27\/100|[from] Stealth Rock\n|-weather|RainDance|[from] ability: Drizzle|[of] p2a: Pelipper\n|move|p1a: Dachsbun|Copycat|p1a: Dachsbun\n|move|p1a: Dachsbun|U-turn|p2a: Pelipper|[from]move: Copycat\n|-resisted|p2a: Pelipper\n|-damage|p2a: Pelipper|21\/100\n|\n|t:|1700641915\n|switch|p1a: Ogerpon|Ogerpon, F|86\/100|[from] U-turn\n|-damage|p1a: Ogerpon|74\/100|[from] Stealth Rock\n|-damage|p1a: Ogerpon|49\/100|[from] Spikes\n|\n|-weather|RainDance|[upkeep]\n|-heal|p1a: Ogerpon|55\/100|[from] item: Leftovers\n|upkeep\n|turn|22\n|\n|t:|1700641922\n|move|p1a: Ogerpon|Rock Tomb|p2a: Pelipper\n|-supereffective|p2a: Pelipper\n|-damage|p2a: Pelipper|0 fnt\n|faint|p2a: Pelipper\n|\n|-weather|RainDance|[upkeep]\n|-heal|p1a: Ogerpon|61\/100|[from] item: Leftovers\n|upkeep\n|\n|t:|1700641972\n|switch|p2a: Barraskewda|Barraskewda, M|100\/100\n|-damage|p2a: Barraskewda|88\/100|[from] Stealth Rock\n|-damage|p2a: Barraskewda|64\/100|[from] Spikes\n|turn|23\n|\n|t:|1700641978\n|move|p2a: Barraskewda|Liquidation|p1a: Ogerpon\n|-resisted|p1a: Ogerpon\n|-damage|p1a: Ogerpon|3\/100\n|move|p1a: Ogerpon|Horn Leech|p2a: Barraskewda\n|-supereffective|p2a: Barraskewda\n|-damage|p2a: Barraskewda|0 fnt\n|-heal|p1a: Ogerpon|25\/100|[from] drain|[of] p2a: Barraskewda\n|faint|p2a: Barraskewda\n|\n|-weather|RainDance|[upkeep]\n|-heal|p1a: Ogerpon|32\/100|[from] item: Leftovers\n|upkeep\n|\n|t:|1700641986\n|switch|p2a: Tornadus|Tornadus-Therian, M|44\/100\n|turn|24\n|\n|t:|1700641995\n|move|p2a: Tornadus|Hurricane|p1a: Ogerpon\n|-supereffective|p1a: Ogerpon\n|-damage|p1a: Ogerpon|0 fnt\n|faint|p1a: Ogerpon\n|\n|-weather|RainDance|[upkeep]\n|upkeep\n|\n|t:|1700642006\n|switch|p1a: Garganacl|Garganacl, F, tera:Electric|75\/100\n|-damage|p1a: Garganacl|63\/100|[from] Stealth Rock\n|-damage|p1a: Garganacl|38\/100|[from] Spikes\n|turn|25\n|\n|t:|1700642019\n|move|p2a: Tornadus|Weather Ball|p1a: Garganacl\n|-damage|p1a: Garganacl|0 fnt\n|faint|p1a: Garganacl\n|\n|-weather|none\n|upkeep\n|\n|t:|1700642028\n|switch|p1a: Rotom|Rotom-Wash|35\/100\n|-damage|p1a: Rotom|22\/100|[from] Stealth Rock\n|turn|26\n|j| dfghhhg\n|\n|t:|1700642071\n|switch|p2a: Ting-Lu|Ting-Lu|42\/100\n|-damage|p2a: Ting-Lu|36\/100|[from] Stealth Rock\n|-damage|p2a: Ting-Lu|11\/100|[from] Spikes\n|-ability|p2a: Ting-Lu|Vessel of Ruin\n|move|p1a: Rotom|Protect||[still]\n|-fail|p1a: Rotom\n|\n|-heal|p1a: Rotom|28\/100|[from] item: Leftovers\n|-heal|p2a: Ting-Lu|17\/100|[from] item: Leftovers\n|upkeep\n|turn|27\n|\n|t:|1700642078\n|move|p1a: Rotom|Hydro Pump|p2a: Ting-Lu\n|-supereffective|p2a: Ting-Lu\n|-damage|p2a: Ting-Lu|0 fnt\n|faint|p2a: Ting-Lu\n|\n|-heal|p1a: Rotom|35\/100|[from] item: Leftovers\n|upkeep\n|\n|t:|1700642082\n|switch|p2a: Gholdengo|Gholdengo|100\/100\n|-damage|p2a: Gholdengo|94\/100|[from] Stealth Rock\n|-damage|p2a: Gholdengo|70\/100|[from] Spikes\n|turn|28\n|\n|t:|1700642084\n|move|p1a: Rotom|Protect|p1a: Rotom\n|-singleturn|p1a: Rotom|Protect\n|move|p2a: Gholdengo|Shadow Ball|p1a: Rotom\n|-activate|p1a: Rotom|move: Protect\n|\n|-heal|p1a: Rotom|41\/100|[from] item: Leftovers\n|upkeep\n|turn|29\n|\n|t:|1700642087\n|switch|p1a: Dachsbun|Dachsbun, F|59\/100\n|-damage|p1a: Dachsbun|46\/100|[from] Stealth Rock\n|-damage|p1a: Dachsbun|22\/100|[from] Spikes\n|move|p2a: Gholdengo|Shadow Ball|p1a: Dachsbun\n|-damage|p1a: Dachsbun|0 fnt\n|faint|p1a: Dachsbun\n|\n|upkeep\n|\n|t:|1700642089\n|switch|p1a: Landorus|Landorus-Therian, M|62\/100\n|-damage|p1a: Landorus|50\/100|[from] Stealth Rock\n|-ability|p1a: Landorus|Intimidate|boost\n|-unboost|p2a: Gholdengo|atk|1\n|turn|30\n|\n|t:|1700642107\n|move|p2a: Gholdengo|Make It Rain|p1a: Landorus\n|-damage|p1a: Landorus|4\/100\n|-unboost|p2a: Gholdengo|spa|1\n|move|p1a: Landorus|Gravity|p1a: Landorus\n|-fieldstart|move: Gravity\n|\n|-heal|p1a: Landorus|10\/100|[from] item: Leftovers\n|upkeep\n|turn|31\n|\n|t:|1700642114\n|move|p2a: Gholdengo|Shadow Ball|p1a: Landorus\n|-damage|p1a: Landorus|0 fnt\n|faint|p1a: Landorus\n|\n|upkeep\n|c|\u2606Manjack|Gg\n|c|\u2606d3720|gg\n|-message|Manjack forfeited.\n|\n|win|d3720\n|raw|Manjack's rating: 1625 &rarr; <strong>1601<\/strong><br \/>(-24 for losing)\n|raw|d3720's rating: 1561 &rarr; <strong>1585<\/strong><br \/>(+24 for winning)\n|l|\u2606Manjack\n","uploadtime":1700642129,"views":6,"p1id":"manjack","p2id":"d3720","formatid":"gen9ou","rating":1585,"private":0,"password":""}