{"id":"gen9ou-1992894880","p1":"TMcNic7","p2":"Gabriel5192","format":"[Gen 9] OU","log":"|j|\u2606TMcNic7\n|j|\u2606Gabriel5192\n|t:|1700244690\n|gametype|singles\n|player|p1|TMcNic7|clair|1699\n|player|p2|Gabriel5192|266|1597\n|teamsize|p1|6\n|teamsize|p2|6\n|gen|9\n|tier|[Gen 9] OU\n|rated|\n|rule|Sleep Clause Mod: Limit one foe put to sleep\n|rule|Species Clause: Limit one of each Pok\u00e9mon\n|rule|OHKO Clause: OHKO moves are banned\n|rule|Evasion Items Clause: Evasion items are banned\n|rule|Evasion Moves Clause: Evasion moves are banned\n|rule|Endless Battle Clause: Forcing endless battles is banned\n|rule|HP Percentage Mod: HP is shown in percentages\n|clearpoke\n|poke|p1|Samurott-Hisui, F|\n|poke|p1|Ceruledge, F|\n|poke|p1|Thundurus-Therian, M|\n|poke|p1|Amoonguss, M|\n|poke|p1|Great Tusk|\n|poke|p1|Gholdengo|\n|poke|p2|Torkoal, F|\n|poke|p2|Victreebel, M|\n|poke|p2|Ceruledge, M|\n|poke|p2|Cinderace, M|\n|poke|p2|Great Tusk|\n|poke|p2|Walking Wake|\n|teampreview\n|inactive|Battle timer is ON: inactive players will automatically lose when time's up. (requested by TMcNic7)\n|\n|t:|1700244710\n|start\n|switch|p1a: Sekiro|Samurott-Hisui, F, shiny|100\/100\n|switch|p2a: Cinderace|Cinderace, M, shiny|100\/100\n|turn|1\n|j| UrSheerForce\n|\n|t:|1700244717\n|switch|p1a: Dumbo|Great Tusk, shiny|100\/100\n|move|p2a: Cinderace|U-turn|p1a: Dumbo\n|-start|p2a: Cinderace|typechange|Bug|[from] ability: Libero\n|-resisted|p1a: Dumbo\n|-damage|p1a: Dumbo|91\/100\n|\n|t:|1700244724\n|switch|p2a: Walking Wake|Walking Wake|100\/100|[from] U-turn\n|\n|-heal|p1a: Dumbo|98\/100|[from] item: Leftovers\n|upkeep\n|turn|2\n|\n|t:|1700244731\n|-end|p1a: Dumbo|Protosynthesis|[silent]\n|switch|p1a: Amanita Phalloides|Amoonguss, M, shiny|100\/100\n|move|p2a: Walking Wake|Hydro Steam|p1a: Amanita Phalloides\n|-resisted|p1a: Amanita Phalloides\n|-damage|p1a: Amanita Phalloides|76\/100\n|-enditem|p1a: Amanita Phalloides|Red Card|[of] p2a: Walking Wake\n|-end|p2a: Walking Wake|Protosynthesis|[silent]\n|drag|p2a: Torkoal|Torkoal, F, shiny|100\/100\n|-weather|SunnyDay|[from] ability: Drought|[of] p2a: Torkoal\n|\n|-weather|SunnyDay|[upkeep]\n|upkeep\n|turn|3\n|\n|t:|1700244744\n|move|p1a: Amanita Phalloides|Spore|p2a: Torkoal\n|-status|p2a: Torkoal|slp|[from] move: Spore\n|cant|p2a: Torkoal|slp\n|\n|-weather|SunnyDay|[upkeep]\n|upkeep\n|turn|4\n|\n|t:|1700244754\n|move|p1a: Amanita Phalloides|Sludge Bomb|p2a: Torkoal\n|-damage|p2a: Torkoal|67\/100 slp\n|cant|p2a: Torkoal|slp\n|\n|-weather|SunnyDay|[upkeep]\n|upkeep\n|turn|5\n|\n|t:|1700244764\n|switch|p1a: Palpatin|Ceruledge, F, shiny|100\/100\n|cant|p2a: Torkoal|slp\n|\n|-weather|SunnyDay|[upkeep]\n|upkeep\n|turn|6\n|\n|t:|1700244773\n|switch|p2a: Walking Wake|Walking Wake|100\/100\n|-activate|p2a: Walking Wake|ability: Protosynthesis\n|-start|p2a: Walking Wake|protosynthesisspa\n|move|p1a: Palpatin|Swords Dance|p1a: Palpatin\n|-boost|p1a: Palpatin|atk|2\n|\n|-weather|SunnyDay|[upkeep]\n|upkeep\n|turn|7\n|\n|t:|1700244783\n|-terastallize|p1a: Palpatin|Fairy\n|move|p2a: Walking Wake|Hydro Steam|p1a: Palpatin\n|-damage|p1a: Palpatin|0 fnt\n|faint|p1a: Palpatin\n|\n|-weather|SunnyDay|[upkeep]\n|upkeep\n|-message|TMcNic7 forfeited.\n|\n|win|Gabriel5192\n|raw|TMcNic7's rating: 1699 &rarr; <strong>1673<\/strong><br \/>(-26 for losing)\n|raw|Gabriel5192's rating: 1597 &rarr; <strong>1623<\/strong><br \/>(+26 for winning)\n|l|\u2606TMcNic7\n|l|\u2606Gabriel5192\n","uploadtime":1700244804,"views":14,"p1id":"tmcnic7","p2id":"gabriel5192","formatid":"gen9ou","rating":1623,"private":0,"password":""}