{"id":"gen9ou-1992871976","p1":"ratatta17","p2":"lightoflights","format":"[Gen 9] OU","log":"|j|\u2606ratatta17\n|j|\u2606lightoflights\n|t:|1700242719\n|gametype|singles\n|player|p1|ratatta17|169|1534\n|player|p2|lightoflights|lucas|1502\n|teamsize|p1|6\n|teamsize|p2|6\n|gen|9\n|tier|[Gen 9] OU\n|rated|\n|rule|Sleep Clause Mod: Limit one foe put to sleep\n|rule|Species Clause: Limit one of each Pok\u00e9mon\n|rule|OHKO Clause: OHKO moves are banned\n|rule|Evasion Items Clause: Evasion items are banned\n|rule|Evasion Moves Clause: Evasion moves are banned\n|rule|Endless Battle Clause: Forcing endless battles is banned\n|rule|HP Percentage Mod: HP is shown in percentages\n|clearpoke\n|poke|p1|Azumarill, F|\n|poke|p1|Staraptor, M|\n|poke|p1|Toedscruel, F|\n|poke|p1|Skeledirge, M|\n|poke|p1|Ninetales-Alola, F|\n|poke|p1|Iron Valiant|\n|poke|p2|Cinderace, M|\n|poke|p2|Corviknight, M|\n|poke|p2|Haxorus, M|\n|poke|p2|Enamorus-Therian, F|\n|poke|p2|Iron Moth|\n|poke|p2|Toxapex, F|\n|teampreview\n|\n|t:|1700242728\n|start\n|switch|p1a: Staraptor|Staraptor, M|100\/100\n|switch|p2a: Haxorus|Haxorus, M|100\/100\n|-ability|p1a: Staraptor|Intimidate|boost\n|-unboost|p2a: Haxorus|atk|1\n|-ability|p2a: Haxorus|Mold Breaker\n|turn|1\n|\n|t:|1700242733\n|move|p1a: Staraptor|Final Gambit|p2a: Haxorus\n|-damage|p2a: Haxorus|0 fnt\n|faint|p1a: Staraptor\n|faint|p2a: Haxorus\n|\n|upkeep\n|\n|t:|1700242741\n|switch|p1a: Toedscruel|Toedscruel, F|100\/100\n|switch|p2a: Iron Moth|Iron Moth|100\/100\n|-enditem|p2a: Iron Moth|Booster Energy\n|-activate|p2a: Iron Moth|ability: Quark Drive|[fromitem]\n|-start|p2a: Iron Moth|quarkdrivespa\n|turn|2\n|\n|t:|1700242749\n|-end|p2a: Iron Moth|Quark Drive|[silent]\n|switch|p2a: Enamorus|Enamorus-Therian, F, shiny|100\/100\n|switch|p1a: Skeledirge|Skeledirge, M|100\/100\n|\n|upkeep\n|turn|3\n|\n|t:|1700242756\n|switch|p2a: Toxapex|Toxapex, F|100\/100\n|move|p1a: Skeledirge|Will-O-Wisp|p2a: Toxapex\n|-status|p2a: Toxapex|brn\n|\n|-damage|p2a: Toxapex|94\/100 brn|[from] brn\n|upkeep\n|turn|4\n|\n|t:|1700242763\n|switch|p1a: Toedscruel|Toedscruel, F|100\/100\n|move|p2a: Toxapex|Toxic|p1a: Toedscruel\n|-status|p1a: Toedscruel|tox\n|\n|-heal|p2a: Toxapex|100\/100 brn|[from] item: Leftovers\n|-damage|p1a: Toedscruel|94\/100 tox|[from] psn\n|-damage|p2a: Toxapex|94\/100 brn|[from] brn\n|upkeep\n|turn|5\n|\n|t:|1700242775\n|move|p1a: Toedscruel|Knock Off|p2a: Toxapex\n|-damage|p2a: Toxapex|80\/100 brn\n|-enditem|p2a: Toxapex|Leftovers|[from] move: Knock Off|[of] p1a: Toedscruel\n|move|p2a: Toxapex|Venoshock|p1a: Toedscruel\n|-crit|p1a: Toedscruel\n|-damage|p1a: Toedscruel|52\/100 tox\n|\n|-heal|p1a: Toedscruel|58\/100 tox|[from] item: Leftovers\n|-damage|p1a: Toedscruel|46\/100 tox|[from] psn\n|-damage|p2a: Toxapex|74\/100 brn|[from] brn\n|upkeep\n|turn|6\n|\n|t:|1700242780\n|move|p2a: Toxapex|Surf|p1a: Toedscruel\n|-crit|p1a: Toedscruel\n|-damage|p1a: Toedscruel|13\/100 tox\n|move|p1a: Toedscruel|Leech Seed|p2a: Toxapex\n|-start|p2a: Toxapex|move: Leech Seed\n|\n|-heal|p1a: Toedscruel|19\/100 tox|[from] item: Leftovers\n|-damage|p2a: Toxapex|61\/100 brn|[from] Leech Seed|[of] p1a: Toedscruel\n|-heal|p1a: Toedscruel|29\/100 tox|[silent]\n|-damage|p1a: Toedscruel|11\/100 tox|[from] psn\n|-damage|p2a: Toxapex|55\/100 brn|[from] brn\n|upkeep\n|turn|7\n|\n|t:|1700242789\n|switch|p2a: Iron Moth|Iron Moth|100\/100\n|move|p1a: Toedscruel|Knock Off|p2a: Iron Moth\n|-damage|p2a: Iron Moth|83\/100\n|\n|-heal|p1a: Toedscruel|17\/100 tox|[from] item: Leftovers\n|-damage|p1a: Toedscruel|0 fnt|[from] psn\n|faint|p1a: Toedscruel\n|upkeep\n|\n|t:|1700242794\n|switch|p1a: Skeledirge|Skeledirge, M|100\/100\n|turn|8\n|\n|t:|1700242797\n|-end|p2a: Iron Moth|Quark Drive|[silent]\n|switch|p2a: Toxapex|Toxapex, F|55\/100 brn\n|move|p1a: Skeledirge|Torch Song|p2a: Toxapex\n|-resisted|p2a: Toxapex\n|-crit|p2a: Toxapex\n|-damage|p2a: Toxapex|36\/100 brn\n|-boost|p1a: Skeledirge|spa|1\n|\n|-damage|p2a: Toxapex|30\/100 brn|[from] brn\n|upkeep\n|turn|9\n|\n|t:|1700242804\n|move|p1a: Skeledirge|Hex|p2a: Toxapex\n|-damage|p2a: Toxapex|0 fnt\n|faint|p2a: Toxapex\n|\n|upkeep\n|\n|t:|1700242813\n|switch|p2a: Cinderace|Cinderace, M|100\/100\n|turn|10\n|\n|t:|1700242826\n|move|p2a: Cinderace|Gunk Shot|p1a: Skeledirge\n|-start|p2a: Cinderace|typechange|Poison|[from] ability: Libero\n|-resisted|p1a: Skeledirge\n|-damage|p1a: Skeledirge|75\/100\n|move|p1a: Skeledirge|Torch Song|p2a: Cinderace\n|-damage|p2a: Cinderace|34\/100\n|-boost|p1a: Skeledirge|spa|1\n|\n|-heal|p1a: Skeledirge|81\/100|[from] item: Leftovers\n|upkeep\n|turn|11\n|\n|t:|1700242831\n|move|p2a: Cinderace|Gunk Shot|p1a: Skeledirge\n|-resisted|p1a: Skeledirge\n|-damage|p1a: Skeledirge|56\/100\n|-status|p1a: Skeledirge|psn\n|move|p1a: Skeledirge|Torch Song|p2a: Cinderace\n|-damage|p2a: Cinderace|0 fnt\n|-boost|p1a: Skeledirge|spa|1\n|faint|p2a: Cinderace\n|\n|-heal|p1a: Skeledirge|62\/100 psn|[from] item: Leftovers\n|-damage|p1a: Skeledirge|50\/100 psn|[from] psn\n|upkeep\n|\n|t:|1700242837\n|switch|p2a: Iron Moth|Iron Moth|83\/100\n|turn|12\n|\n|t:|1700242846\n|move|p2a: Iron Moth|Sludge Wave|p1a: Skeledirge\n|-resisted|p1a: Skeledirge\n|-damage|p1a: Skeledirge|28\/100 psn\n|move|p1a: Skeledirge|Slack Off|p1a: Skeledirge\n|-heal|p1a: Skeledirge|78\/100 psn\n|\n|-heal|p1a: Skeledirge|84\/100 psn|[from] item: Leftovers\n|-damage|p1a: Skeledirge|72\/100 psn|[from] psn\n|upkeep\n|turn|13\n|\n|t:|1700242850\n|move|p2a: Iron Moth|Fiery Dance|p1a: Skeledirge\n|-resisted|p1a: Skeledirge\n|-damage|p1a: Skeledirge|55\/100 psn\n|-boost|p2a: Iron Moth|spa|1\n|move|p1a: Skeledirge|Slack Off|p1a: Skeledirge\n|-heal|p1a: Skeledirge|100\/100 psn\n|\n|-damage|p1a: Skeledirge|88\/100 psn|[from] psn\n|upkeep\n|turn|14\n|\n|t:|1700242855\n|move|p2a: Iron Moth|Sludge Wave|p1a: Skeledirge\n|-resisted|p1a: Skeledirge\n|-damage|p1a: Skeledirge|67\/100 psn\n|move|p1a: Skeledirge|Torch Song|p2a: Iron Moth\n|-resisted|p2a: Iron Moth\n|-damage|p2a: Iron Moth|47\/100\n|-boost|p1a: Skeledirge|spa|1\n|\n|-heal|p1a: Skeledirge|74\/100 psn|[from] item: Leftovers\n|-damage|p1a: Skeledirge|61\/100 psn|[from] psn\n|upkeep\n|turn|15\n|\n|t:|1700242860\n|move|p2a: Iron Moth|Sludge Wave|p1a: Skeledirge\n|-resisted|p1a: Skeledirge\n|-damage|p1a: Skeledirge|42\/100 psn\n|move|p1a: Skeledirge|Slack Off|p1a: Skeledirge\n|-heal|p1a: Skeledirge|92\/100 psn\n|\n|-heal|p1a: Skeledirge|98\/100 psn|[from] item: Leftovers\n|-damage|p1a: Skeledirge|85\/100 psn|[from] psn\n|upkeep\n|turn|16\n|\n|t:|1700242863\n|move|p2a: Iron Moth|Sludge Wave|p1a: Skeledirge\n|-resisted|p1a: Skeledirge\n|-damage|p1a: Skeledirge|66\/100 psn\n|move|p1a: Skeledirge|Slack Off|p1a: Skeledirge\n|-heal|p1a: Skeledirge|100\/100 psn\n|\n|-damage|p1a: Skeledirge|88\/100 psn|[from] psn\n|upkeep\n|turn|17\n|\n|t:|1700242866\n|move|p2a: Iron Moth|Sludge Wave|p1a: Skeledirge\n|-resisted|p1a: Skeledirge\n|-damage|p1a: Skeledirge|68\/100 psn\n|move|p1a: Skeledirge|Torch Song|p2a: Iron Moth\n|-resisted|p2a: Iron Moth\n|-damage|p2a: Iron Moth|4\/100\n|-boost|p1a: Skeledirge|spa|1\n|\n|-heal|p1a: Skeledirge|75\/100 psn|[from] item: Leftovers\n|-damage|p1a: Skeledirge|62\/100 psn|[from] psn\n|upkeep\n|turn|18\n|\n|t:|1700242870\n|move|p2a: Iron Moth|Sludge Wave|p1a: Skeledirge\n|-resisted|p1a: Skeledirge\n|-damage|p1a: Skeledirge|41\/100 psn\n|move|p1a: Skeledirge|Slack Off|p1a: Skeledirge\n|-heal|p1a: Skeledirge|91\/100 psn\n|\n|-heal|p1a: Skeledirge|97\/100 psn|[from] item: Leftovers\n|-damage|p1a: Skeledirge|84\/100 psn|[from] psn\n|upkeep\n|turn|19\n|\n|t:|1700242874\n|move|p2a: Iron Moth|Sludge Wave|p1a: Skeledirge\n|-resisted|p1a: Skeledirge\n|-damage|p1a: Skeledirge|66\/100 psn\n|move|p1a: Skeledirge|Slack Off|p1a: Skeledirge\n|-heal|p1a: Skeledirge|100\/100 psn\n|\n|-damage|p1a: Skeledirge|88\/100 psn|[from] psn\n|upkeep\n|turn|20\n|\n|t:|1700242876\n|move|p2a: Iron Moth|Sludge Wave|p1a: Skeledirge\n|-resisted|p1a: Skeledirge\n|-damage|p1a: Skeledirge|67\/100 psn\n|move|p1a: Skeledirge|Torch Song|p2a: Iron Moth\n|-resisted|p2a: Iron Moth\n|-damage|p2a: Iron Moth|0 fnt\n|-boost|p1a: Skeledirge|spa|1\n|faint|p2a: Iron Moth\n|-end|p2a: Iron Moth|Quark Drive|[silent]\n|\n|-heal|p1a: Skeledirge|74\/100 psn|[from] item: Leftovers\n|-damage|p1a: Skeledirge|61\/100 psn|[from] psn\n|upkeep\n|\n|t:|1700242882\n|switch|p2a: Corviknight|Corviknight, M, shiny|100\/100\n|-ability|p2a: Corviknight|Pressure\n|turn|21\n|\n|t:|1700242891\n|-terastallize|p2a: Corviknight|Dark\n|move|p2a: Corviknight|Agility|p2a: Corviknight\n|-boost|p2a: Corviknight|spe|2\n|move|p1a: Skeledirge|Torch Song|p2a: Corviknight\n|-damage|p2a: Corviknight|9\/100\n|\n|-heal|p2a: Corviknight|16\/100|[from] item: Leftovers\n|-heal|p1a: Skeledirge|67\/100 psn|[from] item: Leftovers\n|-damage|p1a: Skeledirge|55\/100 psn|[from] psn\n|upkeep\n|turn|22\n|inactive|Battle timer is ON: inactive players will automatically lose when time's up. (requested by lightoflights)\n|\n|t:|1700242950\n|move|p2a: Corviknight|Bulk Up|p2a: Corviknight\n|-boost|p2a: Corviknight|atk|1\n|-boost|p2a: Corviknight|def|1\n|move|p1a: Skeledirge|Torch Song|p2a: Corviknight\n|-damage|p2a: Corviknight|0 fnt\n|faint|p2a: Corviknight\n|\n|-heal|p1a: Skeledirge|61\/100 psn|[from] item: Leftovers\n|-damage|p1a: Skeledirge|49\/100 psn|[from] psn\n|upkeep\n|\n|t:|1700242953\n|switch|p2a: Enamorus|Enamorus-Therian, F, shiny|100\/100\n|turn|23\n|\n|t:|1700242955\n|move|p1a: Skeledirge|Hex|p2a: Enamorus\n|-damage|p2a: Enamorus|18\/100\n|move|p2a: Enamorus|Draining Kiss|p1a: Skeledirge\n|-resisted|p1a: Skeledirge\n|-damage|p1a: Skeledirge|41\/100 psn\n|-heal|p2a: Enamorus|27\/100|[from] drain|[of] p1a: Skeledirge\n|\n|-heal|p1a: Skeledirge|47\/100 psn|[from] item: Leftovers\n|-heal|p2a: Enamorus|33\/100|[from] item: Leftovers\n|-damage|p1a: Skeledirge|34\/100 psn|[from] psn\n|upkeep\n|turn|24\n|\n|t:|1700242961\n|move|p1a: Skeledirge|Hex|p2a: Enamorus\n|-damage|p2a: Enamorus|0 fnt\n|faint|p2a: Enamorus\n|\n|win|ratatta17\n|raw|ratatta17's rating: 1534 &rarr; <strong>1552<\/strong><br \/>(+18 for winning)\n|raw|lightoflights's rating: 1502 &rarr; <strong>1484<\/strong><br \/>(-18 for losing)\n|l|\u2606lightoflights\n","uploadtime":1700243012,"views":11,"p1id":"ratatta17","p2id":"lightoflights","formatid":"gen9ou","rating":1484,"private":0,"password":""}