{"id":"gen9ou-1988579866","p1":"punkmag","p2":"RUSSIANMEN69","format":"[Gen 9] OU","log":"|j|\u2606punkmag\n|j|\u2606RUSSIANMEN69\n|t:|1699738309\n|gametype|singles\n|player|p1|punkmag|waitress-gen4|1140\n|player|p2|RUSSIANMEN69|101|1096\n|teamsize|p1|6\n|teamsize|p2|6\n|gen|9\n|tier|[Gen 9] OU\n|rated|\n|rule|Sleep Clause Mod: Limit one foe put to sleep\n|rule|Species Clause: Limit one of each Pok\u00e9mon\n|rule|OHKO Clause: OHKO moves are banned\n|rule|Evasion Items Clause: Evasion items are banned\n|rule|Evasion Moves Clause: Evasion moves are banned\n|rule|Endless Battle Clause: Forcing endless battles is banned\n|rule|HP Percentage Mod: HP is shown in percentages\n|clearpoke\n|poke|p1|Hoopa-Unbound|\n|poke|p1|Dragapult, F|\n|poke|p1|Maushold|\n|poke|p1|Gliscor, M|\n|poke|p1|Clefable, M|\n|poke|p1|Grafaiai, F|\n|poke|p2|Dragonite, F|\n|poke|p2|Iron Valiant|\n|poke|p2|Glimmora, F|\n|poke|p2|Rotom-Wash|\n|poke|p2|Gholdengo|\n|poke|p2|Great Tusk|\n|teampreview\n|inactive|Battle timer is ON: inactive players will automatically lose when time's up. (requested by punkmag)\n|\n|t:|1699738320\n|start\n|switch|p1a: Hoopa|Hoopa-Unbound|100\/100\n|switch|p2a: Glimmora|Glimmora, F|100\/100\n|turn|1\n|\n|t:|1699738333\n|move|p1a: Hoopa|Psychic|p2a: Glimmora\n|-supereffective|p2a: Glimmora\n|-enditem|p2a: Glimmora|Focus Sash\n|-damage|p2a: Glimmora|1\/100\n|move|p2a: Glimmora|Stealth Rock|p1a: Hoopa\n|-sidestart|p1: punkmag|move: Stealth Rock\n|\n|upkeep\n|turn|2\n|\n|t:|1699738345\n|switch|p2a: Iron Valiant|Iron Valiant|100\/100\n|-enditem|p2a: Iron Valiant|Booster Energy\n|-activate|p2a: Iron Valiant|ability: Quark Drive|[fromitem]\n|-start|p2a: Iron Valiant|quarkdrivespe\n|move|p1a: Hoopa|Psychic|p2a: Iron Valiant\n|-supereffective|p2a: Iron Valiant\n|-damage|p2a: Iron Valiant|0 fnt\n|faint|p2a: Iron Valiant\n|-end|p2a: Iron Valiant|Quark Drive|[silent]\n|\n|upkeep\n|\n|t:|1699738357\n|switch|p2a: Gholdengo|Gholdengo|100\/100\n|-item|p2a: Gholdengo|Air Balloon\n|turn|3\n|\n|t:|1699738365\n|move|p1a: Hoopa|Psychic|p2a: Gholdengo\n|-resisted|p2a: Gholdengo\n|-damage|p2a: Gholdengo|67\/100\n|-enditem|p2a: Gholdengo|Air Balloon\n|move|p2a: Gholdengo|Shadow Ball|p1a: Hoopa\n|-damage|p1a: Hoopa|62\/100\n|\n|upkeep\n|turn|4\n|\n|t:|1699738376\n|switch|p1a: Grafaiai|Grafaiai, F|100\/100\n|-damage|p1a: Grafaiai|88\/100|[from] Stealth Rock\n|move|p2a: Gholdengo|Make It Rain|p1a: Grafaiai\n|-damage|p1a: Grafaiai|2\/100\n|-unboost|p2a: Gholdengo|spa|1\n|\n|-heal|p1a: Grafaiai|8\/100|[from] item: Leftovers\n|upkeep\n|turn|5\n|\n|t:|1699738393\n|move|p1a: Grafaiai|Knock Off|p2a: Gholdengo\n|-supereffective|p2a: Gholdengo\n|-damage|p2a: Gholdengo|32\/100\n|move|p2a: Gholdengo|Shadow Ball|p1a: Grafaiai\n|-immune|p1a: Grafaiai\n|\n|-heal|p1a: Grafaiai|14\/100|[from] item: Leftovers\n|upkeep\n|turn|6\n|inactive|RUSSIANMEN69 has 120 seconds left.\n|\n|t:|1699738423\n|move|p1a: Grafaiai|Copycat|p1a: Grafaiai\n|move|p1a: Grafaiai|Shadow Ball|p2a: Gholdengo|[from]move: Copycat\n|-supereffective|p2a: Gholdengo\n|-damage|p2a: Gholdengo|0 fnt\n|faint|p2a: Gholdengo\n|\n|-heal|p1a: Grafaiai|20\/100|[from] item: Leftovers\n|upkeep\n|\n|t:|1699738433\n|switch|p2a: Dragonite|Dragonite, F|100\/100\n|turn|7\n|\n|t:|1699738437\n|move|p1a: Grafaiai|Knock Off|p2a: Dragonite\n|-damage|p2a: Dragonite|88\/100\n|-enditem|p2a: Dragonite|Heavy-Duty Boots|[from] move: Knock Off|[of] p1a: Grafaiai\n|move|p2a: Dragonite|Dragon Dance|p2a: Dragonite\n|-boost|p2a: Dragonite|atk|1\n|-boost|p2a: Dragonite|spe|1\n|\n|-heal|p1a: Grafaiai|27\/100|[from] item: Leftovers\n|upkeep\n|turn|8\n|\n|t:|1699738448\n|move|p1a: Grafaiai|Encore|p2a: Dragonite\n|-start|p2a: Dragonite|Encore\n|move|p2a: Dragonite|Dragon Dance|p2a: Dragonite\n|-boost|p2a: Dragonite|atk|1\n|-boost|p2a: Dragonite|spe|1\n|\n|-heal|p1a: Grafaiai|33\/100|[from] item: Leftovers\n|upkeep\n|turn|9\n|\n|t:|1699738456\n|move|p1a: Grafaiai|Parting Shot|p2a: Dragonite\n|-unboost|p2a: Dragonite|atk|1\n|-unboost|p2a: Dragonite|spa|1\n|\n|t:|1699738465\n|switch|p1a: Dragapult|Dragapult, F|100\/100|[from] Parting Shot\n|-damage|p1a: Dragapult|88\/100|[from] Stealth Rock\n|move|p2a: Dragonite|Dragon Dance|p2a: Dragonite\n|-boost|p2a: Dragonite|atk|1\n|-boost|p2a: Dragonite|spe|1\n|\n|upkeep\n|turn|10\n|\n|t:|1699738476\n|switch|p2a: Great Tusk|Great Tusk|100\/100\n|-terastallize|p1a: Dragapult|Dragon\n|move|p1a: Dragapult|Draco Meteor|p2a: Great Tusk\n|-crit|p2a: Great Tusk\n|-damage|p2a: Great Tusk|0 fnt\n|-unboost|p1a: Dragapult|spa|2\n|faint|p2a: Great Tusk\n|-end|p2a: Great Tusk|Protosynthesis|[silent]\n|\n|upkeep\n|\n|t:|1699738487\n|switch|p2a: Rotom|Rotom-Wash|100\/100\n|turn|11\n|\n|t:|1699738492\n|switch|p1a: Gliscor|Gliscor, M|100\/100\n|-damage|p1a: Gliscor|88\/100|[from] Stealth Rock\n|move|p2a: Rotom|Volt Switch|p1a: Gliscor\n|-immune|p1a: Gliscor\n|\n|-status|p1a: Gliscor|tox|[from] item: Toxic Orb\n|upkeep\n|turn|12\n|\n|t:|1699738504\n|move|p1a: Gliscor|Facade|p2a: Rotom\n|-damage|p2a: Rotom|57\/100\n|move|p2a: Rotom|Hydro Pump|p1a: Gliscor\n|-supereffective|p1a: Gliscor\n|-damage|p1a: Gliscor|0 fnt\n|faint|p1a: Gliscor\n|\n|-heal|p2a: Rotom|64\/100|[from] item: Leftovers\n|upkeep\n|\n|t:|1699738513\n|switch|p1a: Hoopa|Hoopa-Unbound|62\/100\n|-damage|p1a: Hoopa|49\/100|[from] Stealth Rock\n|turn|13\n|\n|t:|1699738519\n|move|p1a: Hoopa|Psychic|p2a: Rotom\n|-damage|p2a: Rotom|0 fnt\n|faint|p2a: Rotom\n|\n|upkeep\n|\n|t:|1699738525\n|switch|p2a: Dragonite|Dragonite, F|88\/100\n|turn|14\n|\n|t:|1699738531\n|move|p1a: Hoopa|Psychic|p2a: Dragonite\n|-damage|p2a: Dragonite|27\/100\n|move|p2a: Dragonite|Dragon Dance|p2a: Dragonite\n|-boost|p2a: Dragonite|atk|1\n|-boost|p2a: Dragonite|spe|1\n|\n|upkeep\n|turn|15\n|\n|t:|1699738538\n|-terastallize|p2a: Dragonite|Normal\n|move|p1a: Hoopa|Psychic|p2a: Dragonite\n|-damage|p2a: Dragonite|0 fnt\n|faint|p2a: Dragonite\n|\n|upkeep\n|\n|t:|1699738547\n|switch|p2a: Glimmora|Glimmora, F|1\/100\n|turn|16\n|\n|t:|1699738550\n|move|p1a: Hoopa|Psychic|p2a: Glimmora\n|-supereffective|p2a: Glimmora\n|-damage|p2a: Glimmora|0 fnt\n|faint|p2a: Glimmora\n|\n|win|punkmag\n|raw|punkmag's rating: 1140 &rarr; <strong>1162<\/strong><br \/>(+22 for winning)\n|raw|RUSSIANMEN69's rating: 1096 &rarr; <strong>1075<\/strong><br \/>(-21 for losing)\n|l|\u2606RUSSIANMEN69\n","uploadtime":1699738555,"views":10,"p1id":"punkmag","p2id":"russianmen69","formatid":"gen9ou","rating":1075,"private":0,"password":""}