{"id":"gen9ou-1990255739","p1":"Ah Ok Got It","p2":"Can'tCucktheShuck","format":"[Gen 9] OU","log":"|j|\u2606Ah Ok Got It\n|j|\u2606Can'tCucktheShuck\n|t:|1699945592\n|gametype|singles\n|player|p1|Ah Ok Got It|102|1094\n|player|p2|Can'tCucktheShuck|cyrus|1110\n|teamsize|p1|6\n|teamsize|p2|6\n|gen|9\n|tier|[Gen 9] OU\n|rated|\n|rule|Sleep Clause Mod: Limit one foe put to sleep\n|rule|Species Clause: Limit one of each Pok\u00e9mon\n|rule|OHKO Clause: OHKO moves are banned\n|rule|Evasion Items Clause: Evasion items are banned\n|rule|Evasion Moves Clause: Evasion moves are banned\n|rule|Endless Battle Clause: Forcing endless battles is banned\n|rule|HP Percentage Mod: HP is shown in percentages\n|clearpoke\n|poke|p1|Manaphy|\n|poke|p1|Kingambit, M|\n|poke|p1|Ribombee, F|\n|poke|p1|Gholdengo|\n|poke|p1|Iron Moth|\n|poke|p1|Alomomola, F|\n|poke|p2|Torterra, M|\n|poke|p2|Empoleon, F|\n|poke|p2|Manaphy|\n|poke|p2|Politoed, F|\n|poke|p2|Cresselia, F|\n|poke|p2|Dusknoir, M|\n|teampreview\n|inactive|Battle timer is ON: inactive players will automatically lose when time's up. (requested by Ah Ok Got It)\n|inactive|Can'tCucktheShuck also wants the timer to be on.\n|\n|t:|1699945617\n|start\n|switch|p1a: Ribombee|Ribombee, F, shiny|100\/100\n|switch|p2a: Cresselia|Cresselia, F, shiny|100\/100\n|turn|1\n|\n|t:|1699945629\n|move|p1a: Ribombee|Sticky Web|p2a: Cresselia\n|-sidestart|p2: Can'tCucktheShuck|move: Sticky Web\n|move|p2a: Cresselia|Thunder Wave|p1a: Ribombee\n|-status|p1a: Ribombee|par\n|\n|upkeep\n|turn|2\n|\n|t:|1699945634\n|move|p2a: Cresselia|Future Sight|p1a: Ribombee\n|-start|p2a: Cresselia|move: Future Sight\n|move|p1a: Ribombee|Stun Spore|p2a: Cresselia\n|-status|p2a: Cresselia|par\n|\n|upkeep\n|turn|3\n|inactive|Can'tCucktheShuck has 120 seconds left.\n|\n|t:|1699945666\n|switch|p2a: Politoed|Politoed, F, shiny|100\/100\n|-activate|p2a: Politoed|move: Sticky Web\n|-unboost|p2a: Politoed|spe|1\n|-weather|RainDance|[from] ability: Drizzle|[of] p2a: Politoed\n|move|p1a: Ribombee|Moonblast|p2a: Politoed\n|-damage|p2a: Politoed|68\/100\n|-unboost|p2a: Politoed|spa|1\n|\n|-weather|RainDance|[upkeep]\n|upkeep\n|turn|4\n|inactive|Can'tCucktheShuck has 120 seconds left.\n|\n|t:|1699945695\n|switch|p1a: Manaphy|Manaphy|100\/100\n|switch|p2a: Empoleon|Empoleon, F, shiny|100\/100\n|-activate|p2a: Empoleon|move: Sticky Web\n|-unboost|p2a: Empoleon|spe|1\n|-ability|p2a: Empoleon|Competitive|boost\n|-boost|p2a: Empoleon|spa|2\n|\n|-weather|RainDance|[upkeep]\n|-end|p1a: Manaphy|move: Future Sight\n|-damage|p1a: Manaphy|52\/100\n|-heal|p1a: Manaphy|58\/100|[from] item: Leftovers\n|upkeep\n|turn|5\n|inactive|Can'tCucktheShuck has 120 seconds left.\n|\n|t:|1699945712\n|switch|p1a: Gholdengo|Gholdengo|100\/100\n|-item|p1a: Gholdengo|Air Balloon\n|move|p2a: Empoleon|Hydro Pump|p1a: Gholdengo\n|-damage|p1a: Gholdengo|0 fnt\n|-enditem|p1a: Gholdengo|Air Balloon\n|faint|p1a: Gholdengo\n|\n|-weather|RainDance|[upkeep]\n|upkeep\n|\n|t:|1699945721\n|switch|p1a: Manaphy|Manaphy|58\/100\n|turn|6\n|\n|t:|1699945725\n|move|p1a: Manaphy|Take Heart|p1a: Manaphy\n|-boost|p1a: Manaphy|spa|1\n|-boost|p1a: Manaphy|spd|1\n|move|p2a: Empoleon|Knock Off|p1a: Manaphy\n|-damage|p1a: Manaphy|30\/100\n|-enditem|p1a: Manaphy|Leftovers|[from] move: Knock Off|[of] p2a: Empoleon\n|\n|-weather|RainDance|[upkeep]\n|upkeep\n|turn|7\n|\n|t:|1699945732\n|move|p1a: Manaphy|Take Heart|p1a: Manaphy\n|-boost|p1a: Manaphy|spa|1\n|-boost|p1a: Manaphy|spd|1\n|move|p2a: Empoleon|Hydro Pump|p1a: Manaphy\n|-resisted|p1a: Manaphy\n|-damage|p1a: Manaphy|1\/100\n|\n|-weather|RainDance|[upkeep]\n|upkeep\n|turn|8\n|\n|t:|1699945740\n|move|p1a: Manaphy|Scald|p2a: Empoleon\n|-resisted|p2a: Empoleon\n|-damage|p2a: Empoleon|48\/100\n|move|p2a: Empoleon|Knock Off|p1a: Manaphy\n|-damage|p1a: Manaphy|0 fnt\n|faint|p1a: Manaphy\n|\n|-weather|RainDance|[upkeep]\n|-heal|p2a: Empoleon|54\/100|[from] item: Leftovers\n|upkeep\n|\n|t:|1699945749\n|switch|p1a: Kingambit|Kingambit, M|100\/100\n|-activate|p1a: Kingambit|ability: Supreme Overlord\n|-start|p1a: Kingambit|fallen2|[silent]\n|turn|9\n|\n|t:|1699945757\n|move|p1a: Kingambit|Kowtow Cleave|p2a: Empoleon\n|-damage|p2a: Empoleon|0 fnt\n|faint|p2a: Empoleon\n|\n|-weather|RainDance|[upkeep]\n|upkeep\n|\n|t:|1699945769\n|switch|p2a: Dusknoir|Dusknoir, M, shiny|100\/100\n|-activate|p2a: Dusknoir|move: Sticky Web\n|-unboost|p2a: Dusknoir|spe|1\n|-ability|p2a: Dusknoir|Pressure\n|turn|10\n|\n|t:|1699945775\n|move|p1a: Kingambit|Kowtow Cleave|p2a: Dusknoir\n|-supereffective|p2a: Dusknoir\n|-damage|p2a: Dusknoir|0 fnt\n|faint|p2a: Dusknoir\n|\n|-weather|none\n|upkeep\n|\n|t:|1699945780\n|switch|p2a: Politoed|Politoed, F, shiny|68\/100\n|-activate|p2a: Politoed|move: Sticky Web\n|-unboost|p2a: Politoed|spe|1\n|-weather|RainDance|[from] ability: Drizzle|[of] p2a: Politoed\n|turn|11\n|\n|t:|1699945786\n|move|p1a: Kingambit|Kowtow Cleave|p2a: Politoed\n|-damage|p2a: Politoed|0 fnt\n|faint|p2a: Politoed\n|\n|-weather|RainDance|[upkeep]\n|upkeep\n|\n|t:|1699945795\n|switch|p2a: Manaphy|Manaphy, shiny|100\/100\n|-activate|p2a: Manaphy|move: Sticky Web\n|-unboost|p2a: Manaphy|spe|1\n|turn|12\n|\n|t:|1699945800\n|move|p2a: Manaphy|Tail Glow|p2a: Manaphy\n|-boost|p2a: Manaphy|spa|3\n|move|p1a: Kingambit|Kowtow Cleave|p2a: Manaphy\n|-damage|p2a: Manaphy|32\/100\n|\n|-weather|RainDance|[upkeep]\n|upkeep\n|turn|13\n|\n|t:|1699945806\n|move|p1a: Kingambit|Sucker Punch|p2a: Manaphy\n|-damage|p2a: Manaphy|0 fnt\n|faint|p2a: Manaphy\n|\n|-weather|RainDance|[upkeep]\n|upkeep\n|\n|t:|1699945811\n|switch|p2a: Torterra|Torterra, M|100\/100\n|-activate|p2a: Torterra|move: Sticky Web\n|-unboost|p2a: Torterra|spe|1\n|turn|14\n|\n|t:|1699945820\n|-terastallize|p1a: Kingambit|Flying\n|move|p1a: Kingambit|Swords Dance|p1a: Kingambit\n|-boost|p1a: Kingambit|atk|2\n|move|p2a: Torterra|Shell Smash|p2a: Torterra\n|-unboost|p2a: Torterra|def|1\n|-unboost|p2a: Torterra|spd|1\n|-boost|p2a: Torterra|atk|2\n|-boost|p2a: Torterra|spa|2\n|-boost|p2a: Torterra|spe|2\n|\n|-weather|RainDance|[upkeep]\n|upkeep\n|turn|15\n|\n|t:|1699945830\n|-terastallize|p2a: Torterra|Rock\n|move|p1a: Kingambit|Sucker Punch|p2a: Torterra\n|-damage|p2a: Torterra|0 fnt\n|faint|p2a: Torterra\n|\n|-weather|RainDance|[upkeep]\n|upkeep\n|-message|Can'tCucktheShuck forfeited.\n|\n|win|Ah Ok Got It\n|raw|Ah Ok Got It's rating: 1094 &rarr; <strong>1121<\/strong><br \/>(+27 for winning)\n|raw|Can&apos;tCucktheShuck's rating: 1110 &rarr; <strong>1084<\/strong><br \/>(-26 for losing)\n|l|\u2606Can'tCucktheShuck\n|c|\u2606Ah Ok Got It|lol\n","uploadtime":1699945843,"views":15,"p1id":"ahokgotit","p2id":"cantcucktheshuck","formatid":"gen9ou","rating":1084,"private":0,"password":""}