{"id":"gen9ou-1990692401","p1":"Pokenada","p2":"Sherlock4580","format":"[Gen 9] OU","log":"|j|\u2606Pokenada\n|j|\u2606Sherlock4580\n|t:|1699992235\n|gametype|singles\n|player|p1|Pokenada|elesa|1120\n|player|p2|Sherlock4580|silver|1101\n|teamsize|p1|6\n|teamsize|p2|6\n|gen|9\n|tier|[Gen 9] OU\n|rated|\n|rule|Sleep Clause Mod: Limit one foe put to sleep\n|rule|Species Clause: Limit one of each Pok\u00e9mon\n|rule|OHKO Clause: OHKO moves are banned\n|rule|Evasion Items Clause: Evasion items are banned\n|rule|Evasion Moves Clause: Evasion moves are banned\n|rule|Endless Battle Clause: Forcing endless battles is banned\n|rule|HP Percentage Mod: HP is shown in percentages\n|clearpoke\n|poke|p1|Ribombee, M|\n|poke|p1|Arbok, F|\n|poke|p1|Bellibolt, F|\n|poke|p1|Clawitzer, M|\n|poke|p1|Ditto|\n|poke|p1|Electrode|\n|poke|p2|Kingambit, M|\n|poke|p2|Great Tusk|\n|poke|p2|Alomomola, F|\n|poke|p2|Breloom, M|\n|poke|p2|Heatran, F|\n|poke|p2|Lokix, M|\n|teampreview\n|inactive|Battle timer is ON: inactive players will automatically lose when time's up. (requested by Pokenada)\n|inactive|Sherlock4580 has 120 seconds left.\n|\n|t:|1699992272\n|start\n|switch|p1a: Ribombee|Ribombee, M|100\/100\n|switch|p2a: Heatran|Heatran, F|100\/100\n|-item|p2a: Heatran|Air Balloon\n|turn|1\n|\n|t:|1699992280\n|move|p1a: Ribombee|Sticky Web|p2a: Heatran\n|-sidestart|p2: Sherlock4580|move: Sticky Web\n|move|p2a: Heatran|Magma Storm|p1a: Ribombee\n|-supereffective|p1a: Ribombee\n|-enditem|p1a: Ribombee|Focus Sash\n|-damage|p1a: Ribombee|1\/100\n|-activate|p1a: Ribombee|move: Magma Storm|[of] p2a: Heatran\n|\n|-damage|p1a: Ribombee|0 fnt|[from] move: Magma Storm|[partiallytrapped]\n|faint|p1a: Ribombee\n|upkeep\n|\n|t:|1699992295\n|switch|p1a: Electrode|Electrode|100\/100\n|turn|2\n|\n|t:|1699992301\n|move|p1a: Electrode|Rain Dance|p1a: Electrode\n|-weather|RainDance\n|move|p2a: Heatran|Earth Power|p1a: Electrode\n|-supereffective|p1a: Electrode\n|-damage|p1a: Electrode|10\/100\n|\n|-weather|RainDance|[upkeep]\n|upkeep\n|turn|3\n|\n|t:|1699992315\n|move|p1a: Electrode|Thunderbolt|p2a: Heatran\n|-damage|p2a: Heatran|79\/100\n|-status|p2a: Heatran|par\n|-enditem|p2a: Heatran|Air Balloon\n|move|p2a: Heatran|Earth Power|p1a: Electrode\n|-supereffective|p1a: Electrode\n|-damage|p1a: Electrode|0 fnt\n|faint|p1a: Electrode\n|\n|-weather|RainDance|[upkeep]\n|upkeep\n|\n|t:|1699992327\n|switch|p1a: Ditto|Ditto|100\/100\n|-transform|p1a: Ditto|p2a: Heatran|[from] ability: Imposter\n|turn|4\n|\n|t:|1699992336\n|switch|p2a: Alomomola|Alomomola, F|100\/100\n|-activate|p2a: Alomomola|move: Sticky Web\n|-unboost|p2a: Alomomola|spe|1\n|move|p1a: Ditto|Earth Power|p2a: Alomomola\n|-damage|p2a: Alomomola|60\/100\n|\n|-weather|RainDance|[upkeep]\n|upkeep\n|turn|5\n|\n|t:|1699992344\n|switch|p1a: Clawitzer|Clawitzer, M|100\/100\n|move|p2a: Alomomola|Scald|p1a: Clawitzer\n|-resisted|p1a: Clawitzer\n|-damage|p1a: Clawitzer|90\/100\n|-status|p1a: Clawitzer|brn\n|\n|-weather|RainDance|[upkeep]\n|-damage|p1a: Clawitzer|84\/100 brn|[from] brn\n|upkeep\n|turn|6\n|\n|t:|1699992352\n|move|p1a: Clawitzer|Weather Ball|p2a: Alomomola\n|-resisted|p2a: Alomomola\n|-damage|p2a: Alomomola|0 fnt\n|faint|p2a: Alomomola\n|-damage|p1a: Clawitzer|74\/100 brn|[from] item: Life Orb\n|\n|-weather|RainDance|[upkeep]\n|-damage|p1a: Clawitzer|68\/100 brn|[from] brn\n|upkeep\n|\n|t:|1699992358\n|switch|p2a: Great Tusk|Great Tusk|100\/100\n|-activate|p2a: Great Tusk|move: Sticky Web\n|-unboost|p2a: Great Tusk|spe|1\n|turn|7\n|\n|t:|1699992365\n|move|p2a: Great Tusk|Rapid Spin|p1a: Clawitzer\n|-damage|p1a: Clawitzer|50\/100 brn\n|-boost|p2a: Great Tusk|spe|1\n|-sideend|p2: Sherlock4580|Sticky Web|[from] move: Rapid Spin|[of] p2a: Great Tusk\n|move|p1a: Clawitzer|Weather Ball|p2a: Great Tusk\n|-supereffective|p2a: Great Tusk\n|-damage|p2a: Great Tusk|0 fnt\n|faint|p2a: Great Tusk\n|-end|p2a: Great Tusk|Protosynthesis|[silent]\n|-damage|p1a: Clawitzer|40\/100 brn|[from] item: Life Orb\n|\n|-weather|RainDance|[upkeep]\n|-damage|p1a: Clawitzer|34\/100 brn|[from] brn\n|upkeep\n|\n|t:|1699992373\n|switch|p2a: Breloom|Breloom, M|100\/100\n|turn|8\n|\n|t:|1699992385\n|move|p2a: Breloom|Bullet Seed|p1a: Clawitzer\n|-supereffective|p1a: Clawitzer\n|-damage|p1a: Clawitzer|2\/100 brn\n|-supereffective|p1a: Clawitzer\n|-damage|p1a: Clawitzer|0 fnt\n|faint|p1a: Clawitzer\n|-hitcount|p1: Clawitzer|2\n|\n|-weather|RainDance|[upkeep]\n|upkeep\n|\n|t:|1699992389\n|switch|p1a: Arbok|Arbok, F|100\/100\n|turn|9\n|\n|t:|1699992396\n|move|p1a: Arbok|Scale Shot|p2a: Breloom\n|-damage|p2a: Breloom|91\/100\n|-damage|p2a: Breloom|83\/100\n|-damage|p2a: Breloom|74\/100\n|-damage|p2a: Breloom|66\/100\n|-damage|p2a: Breloom|56\/100\n|-hitcount|p2a: Breloom|5\n|-unboost|p1a: Arbok|def|1\n|-boost|p1a: Arbok|spe|1\n|move|p2a: Breloom|Swords Dance|p2a: Breloom\n|-boost|p2a: Breloom|atk|2\n|\n|-weather|none\n|upkeep\n|turn|10\n|\n|t:|1699992408\n|-terastallize|p2a: Breloom|Grass\n|move|p1a: Arbok|Coil|p1a: Arbok\n|-boost|p1a: Arbok|atk|1\n|-boost|p1a: Arbok|def|1\n|-boost|p1a: Arbok|accuracy|1\n|move|p2a: Breloom|Bullet Seed|p1a: Arbok\n|-resisted|p1a: Arbok\n|-damage|p1a: Arbok|69\/100\n|-resisted|p1a: Arbok\n|-damage|p1a: Arbok|32\/100\n|-resisted|p1a: Arbok\n|-crit|p1a: Arbok\n|-damage|p1a: Arbok|0 fnt\n|faint|p1a: Arbok\n|-hitcount|p1: Arbok|3\n|\n|upkeep\n|\n|t:|1699992418\n|switch|p1a: Ditto|Ditto|100\/100\n|-transform|p1a: Ditto|p2a: Breloom|[from] ability: Imposter\n|-start|p1a: Ditto|typechange|Grass\/Fighting|[silent]\n|turn|11\n|\n|t:|1699992428\n|move|p1a: Ditto|Close Combat|p2a: Breloom\n|-damage|p2a: Breloom|0 fnt\n|-unboost|p1a: Ditto|def|1\n|-unboost|p1a: Ditto|spd|1\n|faint|p2a: Breloom\n|\n|upkeep\n|\n|t:|1699992431\n|switch|p2a: Lokix|Lokix, M|100\/100\n|turn|12\n|\n|t:|1699992434\n|move|p2a: Lokix|First Impression|p1a: Ditto\n|-damage|p1a: Ditto|7\/100\n|move|p1a: Ditto|Close Combat|p2a: Lokix\n|-crit|p2a: Lokix\n|-damage|p2a: Lokix|0 fnt\n|-unboost|p1a: Ditto|def|1\n|-unboost|p1a: Ditto|spd|1\n|faint|p2a: Lokix\n|\n|upkeep\n|\n|t:|1699992439\n|switch|p2a: Heatran|Heatran, F|79\/100 par\n|turn|13\n|\n|t:|1699992443\n|move|p1a: Ditto|Close Combat|p2a: Heatran\n|-supereffective|p2a: Heatran\n|-damage|p2a: Heatran|0 fnt\n|-unboost|p1a: Ditto|def|1\n|-unboost|p1a: Ditto|spd|1\n|faint|p2a: Heatran\n|\n|upkeep\n|\n|t:|1699992446\n|switch|p2a: Kingambit|Kingambit, M|100\/100\n|-activate|p2a: Kingambit|ability: Supreme Overlord\n|-start|p2a: Kingambit|fallen5|[silent]\n|turn|14\n|\n|t:|1699992448\n|move|p2a: Kingambit|Sucker Punch|p1a: Ditto\n|-resisted|p1a: Ditto\n|-damage|p1a: Ditto|0 fnt\n|faint|p1a: Ditto\n|-damage|p2a: Kingambit|91\/100|[from] item: Life Orb\n|\n|upkeep\n|\n|t:|1699992451\n|switch|p1a: Bellibolt|Bellibolt, F|100\/100\n|turn|15\n|\n|t:|1699992455\n|move|p2a: Kingambit|Kowtow Cleave|p1a: Bellibolt\n|-damage|p1a: Bellibolt|25\/100\n|-start|p1a: Bellibolt|Charge|Kowtow Cleave|[from] ability: Electromorphosis\n|-damage|p2a: Kingambit|81\/100|[from] item: Life Orb\n|move|p1a: Bellibolt|Parabolic Charge|p2a: Kingambit\n|-damage|p2a: Kingambit|22\/100\n|-heal|p1a: Bellibolt|54\/100|[from] drain|[of] p2a: Kingambit\n|-end|p1a: Bellibolt|Charge|[silent]\n|\n|upkeep\n|turn|16\n|\n|t:|1699992484\n|-terastallize|p1a: Bellibolt|Water\n|move|p2a: Kingambit|Sucker Punch|p1a: Bellibolt\n|-damage|p1a: Bellibolt|0 fnt\n|faint|p1a: Bellibolt\n|-damage|p2a: Kingambit|12\/100|[from] item: Life Orb\n|\n|win|Sherlock4580\n|raw|Pokenada's rating: 1141 &rarr; <strong>1113<\/strong><br \/>(-28 for losing)\n|raw|Sherlock4580's rating: 1101 &rarr; <strong>1129<\/strong><br \/>(+28 for winning)\n|l|\u2606Pokenada\n","uploadtime":1699992490,"views":9,"p1id":"pokenada","p2id":"sherlock4580","formatid":"gen9ou","rating":1113,"private":0,"password":""}