{"id":"gen9ou-1996182911","p1":"Salty Nz","p2":"GTNDA","format":"[Gen 9] OU","log":"|j|\u2606Salty Nz\n|j|\u2606GTNDA\n|t:|1700656172\n|gametype|singles\n|player|p1|Salty Nz|leon|1170\n|player|p2|GTNDA|dawn|1097\n|teamsize|p1|6\n|teamsize|p2|6\n|gen|9\n|tier|[Gen 9] OU\n|rated|\n|rule|Sleep Clause Mod: Limit one foe put to sleep\n|rule|Species Clause: Limit one of each Pok\u00e9mon\n|rule|OHKO Clause: OHKO moves are banned\n|rule|Evasion Items Clause: Evasion items are banned\n|rule|Evasion Moves Clause: Evasion moves are banned\n|rule|Endless Battle Clause: Forcing endless battles is banned\n|rule|HP Percentage Mod: HP is shown in percentages\n|clearpoke\n|poke|p1|Lycanroc-Midnight, M|\n|poke|p1|Gholdengo|\n|poke|p1|Blissey, F|\n|poke|p1|Ogerpon-Wellspring, F|\n|poke|p1|Great Tusk|\n|poke|p1|Swadloon, F|\n|poke|p2|Gholdengo|\n|poke|p2|Iron Moth|\n|poke|p2|Garchomp, M|\n|poke|p2|Dragapult, M|\n|poke|p2|Rotom-Wash|\n|poke|p2|Iron Valiant|\n|teampreview\n|inactive|Battle timer is ON: inactive players will automatically lose when time's up. (requested by GTNDA)\n|\n|t:|1700656182\n|start\n|switch|p1a: je suis sous c\u00f4t\u00e9|Swadloon, F|100\/100\n|switch|p2a: Garchomp|Garchomp, M|100\/100\n|turn|1\n|\n|t:|1700656191\n|move|p2a: Garchomp|Stealth Rock|p1a: je suis sous c\u00f4t\u00e9\n|-sidestart|p1: Salty Nz|move: Stealth Rock\n|move|p1a: je suis sous c\u00f4t\u00e9|Sticky Web|p2a: Garchomp\n|-sidestart|p2: GTNDA|move: Sticky Web\n|\n|upkeep\n|turn|2\n|\n|t:|1700656197\n|switch|p1a: je suis top tier|Great Tusk|100\/100\n|-damage|p1a: je suis top tier|98\/100|[from] Stealth Rock\n|move|p2a: Garchomp|Spikes|p1a: je suis top tier\n|-sidestart|p1: Salty Nz|Spikes\n|\n|-heal|p1a: je suis top tier|100\/100|[from] item: Leftovers\n|upkeep\n|turn|3\n|\n|t:|1700656211\n|switch|p2a: Gholdengo|Gholdengo|100\/100\n|-item|p2a: Gholdengo|Air Balloon\n|move|p1a: je suis top tier|Ice Spinner|p2a: Gholdengo\n|-resisted|p2a: Gholdengo\n|-damage|p2a: Gholdengo|85\/100\n|-enditem|p2a: Gholdengo|Air Balloon\n|\n|upkeep\n|turn|4\n|\n|t:|1700656219\n|switch|p2a: Rotom|Rotom-Wash|100\/100\n|move|p1a: je suis top tier|Headlong Rush|p2a: Rotom\n|-immune|p2a: Rotom|[from] ability: Levitate\n|\n|upkeep\n|turn|5\n|\n|t:|1700656227\n|move|p2a: Rotom|Will-O-Wisp|p1a: je suis top tier\n|-status|p1a: je suis top tier|brn\n|move|p1a: je suis top tier|Rapid Spin|p2a: Rotom\n|-damage|p2a: Rotom|92\/100\n|-boost|p1a: je suis top tier|spe|1\n|-sideend|p1: Salty Nz|Spikes|[from] move: Rapid Spin|[of] p1a: je suis top tier\n|-sideend|p1: Salty Nz|Stealth Rock|[from] move: Rapid Spin|[of] p1a: je suis top tier\n|\n|-damage|p1a: je suis top tier|94\/100 brn|[from] brn\n|upkeep\n|turn|6\n|\n|t:|1700656236\n|-end|p1a: je suis top tier|Protosynthesis|[silent]\n|switch|p1a: jtm|Blissey, F|100\/100\n|move|p2a: Rotom|Will-O-Wisp|p1a: jtm\n|-status|p1a: jtm|brn\n|\n|-damage|p1a: jtm|94\/100 brn|[from] brn\n|upkeep\n|turn|7\n|\n|t:|1700656243\n|switch|p2a: Gholdengo|Gholdengo|85\/100\n|-activate|p2a: Gholdengo|move: Sticky Web\n|-unboost|p2a: Gholdengo|spe|1\n|move|p1a: jtm|Stealth Rock|p2a: Gholdengo\n|-sidestart|p2: GTNDA|move: Stealth Rock\n|\n|-heal|p1a: jtm|100\/100 brn|[from] item: Leftovers\n|-damage|p1a: jtm|94\/100 brn|[from] brn\n|upkeep\n|turn|8\n|\n|t:|1700656267\n|move|p2a: Gholdengo|Nasty Plot|p2a: Gholdengo\n|-boost|p2a: Gholdengo|spa|2\n|move|p1a: jtm|Soft-Boiled|p1a: jtm\n|-heal|p1a: jtm|100\/100 brn\n|\n|-damage|p1a: jtm|94\/100 brn|[from] brn\n|upkeep\n|turn|9\n|\n|t:|1700656275\n|-curestatus|p1a: jtm|brn|[from] ability: Natural Cure\n|switch|p1a: Lycanroc|Lycanroc-Midnight, M|100\/100\n|move|p2a: Gholdengo|Shadow Ball|p1a: Lycanroc\n|-damage|p1a: Lycanroc|0 fnt\n|faint|p1a: Lycanroc\n|\n|upkeep\n|\n|t:|1700656284\n|switch|p1a: ficello|Gholdengo|100\/100\n|turn|10\n|\n|t:|1700656292\n|-terastallize|p2a: Gholdengo|Normal\n|move|p1a: ficello|Shadow Ball|p2a: Gholdengo\n|-immune|p2a: Gholdengo\n|move|p2a: Gholdengo|Shadow Ball|p1a: ficello\n|-supereffective|p1a: ficello\n|-damage|p1a: ficello|0 fnt\n|faint|p1a: ficello\n|\n|upkeep\n|\n|t:|1700656297\n|switch|p1a: stall fucker|Ogerpon-Wellspring, F|100\/100\n|turn|11\n|\n|t:|1700656318\n|switch|p2a: Rotom|Rotom-Wash|92\/100\n|-damage|p2a: Rotom|79\/100|[from] Stealth Rock\n|-terastallize|p1a: stall fucker|Water\n|detailschange|p1a: stall fucker|Ogerpon-Wellspring-Tera, F, tera:Water\n|-ability|p1a: stall fucker|Embody Aspect (Wellspring)|boost\n|-boost|p1a: stall fucker|spd|1\n|move|p1a: stall fucker|Swords Dance|p1a: stall fucker\n|-boost|p1a: stall fucker|atk|2\n|\n|upkeep\n|turn|12\n|\n|t:|1700656330\n|move|p2a: Rotom|Will-O-Wisp|p1a: stall fucker\n|-status|p1a: stall fucker|brn\n|move|p1a: stall fucker|Horn Leech|p2a: Rotom\n|-supereffective|p2a: Rotom\n|-damage|p2a: Rotom|0 fnt\n|faint|p2a: Rotom\n|\n|-damage|p1a: stall fucker|95\/100 brn|[from] brn\n|upkeep\n|\n|t:|1700656340\n|switch|p2a: Dragapult|Dragapult, M|100\/100\n|turn|13\n|\n|t:|1700656344\n|move|p2a: Dragapult|Hex|p1a: stall fucker\n|-damage|p1a: stall fucker|46\/100 brn\n|move|p1a: stall fucker|Ivy Cudgel|p2a: Dragapult|[anim] Ivy Cudgel Water\n|-resisted|p2a: Dragapult\n|-crit|p2a: Dragapult\n|-damage|p2a: Dragapult|17\/100\n|\n|-damage|p1a: stall fucker|40\/100 brn|[from] brn\n|upkeep\n|turn|14\n|\n|t:|1700656353\n|move|p2a: Dragapult|Thunderbolt|p1a: stall fucker\n|-supereffective|p1a: stall fucker\n|-damage|p1a: stall fucker|0 fnt\n|faint|p1a: stall fucker\n|\n|upkeep\n|n|!Salty Nz|saltynz\n|-message|Salty Nz forfeited.\n|\n|win|GTNDA\n|raw|Salty Nz's rating: 1170 &rarr; <strong>1140<\/strong><br \/>(-30 for losing)\n|raw|GTNDA's rating: 1097 &rarr; <strong>1128<\/strong><br \/>(+31 for winning)\n","uploadtime":1700656376,"views":0,"p1id":"saltynz","p2id":"gtnda","formatid":"gen9ou","rating":1128,"private":0,"password":""}