{"id":"gen9ou-1989407369","p1":"BeardoftheRed","p2":"CRIPPYwitdaGRIPPY","format":"[Gen 9] OU","log":"|j|\u2606BeardoftheRed\n|j|\u2606CRIPPYwitdaGRIPPY\n|t:|1699846294\n|gametype|singles\n|player|p1|BeardoftheRed|101|\n|player|p2|CRIPPYwitdaGRIPPY|caitlin|\n|teamsize|p1|6\n|teamsize|p2|6\n|gen|9\n|tier|[Gen 9] OU\n|rule|Sleep Clause Mod: Limit one foe put to sleep\n|rule|Species Clause: Limit one of each Pok\u00e9mon\n|rule|OHKO Clause: OHKO moves are banned\n|rule|Evasion Items Clause: Evasion items are banned\n|rule|Evasion Moves Clause: Evasion moves are banned\n|rule|Endless Battle Clause: Forcing endless battles is banned\n|rule|HP Percentage Mod: HP is shown in percentages\n|clearpoke\n|poke|p1|Ninetales-Alola, M|\n|poke|p1|Gastrodon, M|\n|poke|p1|Glimmora, M|\n|poke|p1|Gardevoir, M|\n|poke|p1|Jirachi|\n|poke|p1|Iron Moth|\n|poke|p2|Toxapex, F|\n|poke|p2|Garchomp, M|\n|poke|p2|Breloom, M|\n|poke|p2|Infernape, M|\n|poke|p2|Magnezone|\n|poke|p2|Yanmega, M|\n|teampreview\n|inactive|Battle timer is ON: inactive players will automatically lose when time's up. (requested by BeardoftheRed)\n|j| S3PP1\n|\n|t:|1699846306\n|start\n|switch|p1a: Iron Moth|Iron Moth|100\/100\n|switch|p2a: toxabussy|Toxapex, F, shiny|100\/100\n|-enditem|p1a: Iron Moth|Booster Energy\n|-activate|p1a: Iron Moth|ability: Quark Drive|[fromitem]\n|-start|p1a: Iron Moth|quarkdrivespa\n|turn|1\n|inactive|CRIPPYwitdaGRIPPY has 270 seconds left.\n|\n|t:|1699846342\n|-terastallize|p1a: Iron Moth|Fire\n|move|p1a: Iron Moth|Fiery Dance|p2a: toxabussy\n|-resisted|p2a: toxabussy\n|-damage|p2a: toxabussy|81\/100\n|-boost|p1a: Iron Moth|spa|1\n|move|p2a: toxabussy|Hydro Pump|p1a: Iron Moth\n|-supereffective|p1a: Iron Moth\n|-crit|p1a: Iron Moth\n|-damage|p1a: Iron Moth|0 fnt\n|faint|p1a: Iron Moth\n|-end|p1a: Iron Moth|Quark Drive|[silent]\n|\n|upkeep\n|\n|t:|1699846348\n|switch|p1a: Gastrodon|Gastrodon, M|100\/100\n|turn|2\n|inactive|CRIPPYwitdaGRIPPY has 270 seconds left.\n|\n|t:|1699846359\n|move|p2a: toxabussy|Sludge Bomb|p1a: Gastrodon\n|-resisted|p1a: Gastrodon\n|-damage|p1a: Gastrodon|90\/100\n|move|p1a: Gastrodon|Ancient Power|p2a: toxabussy\n|-damage|p2a: toxabussy|74\/100\n|-boost|p1a: Gastrodon|atk|1\n|-boost|p1a: Gastrodon|def|1\n|-boost|p1a: Gastrodon|spa|1\n|-boost|p1a: Gastrodon|spd|1\n|-boost|p1a: Gastrodon|spe|1\n|\n|-heal|p1a: Gastrodon|96\/100|[from] item: Leftovers\n|upkeep\n|turn|3\n|inactive|CRIPPYwitdaGRIPPY has 270 seconds left.\n|\n|t:|1699846377\n|move|p1a: Gastrodon|Earthquake|p2a: toxabussy\n|-supereffective|p2a: toxabussy\n|-damage|p2a: toxabussy|10\/100\n|move|p2a: toxabussy|Hydro Pump|p1a: Gastrodon\n|-ability|p1a: Gastrodon|Storm Drain|boost\n|-boost|p1a: Gastrodon|spa|1\n|\n|-heal|p1a: Gastrodon|100\/100|[from] item: Leftovers\n|upkeep\n|turn|4\n|inactive|CRIPPYwitdaGRIPPY has 270 seconds left.\n|\n|t:|1699846392\n|switch|p2a: toad|Breloom, M, shiny|100\/100\n|move|p1a: Gastrodon|Counter||[still]\n|-fail|p1a: Gastrodon\n|\n|upkeep\n|turn|5\n|inactive|CRIPPYwitdaGRIPPY has 270 seconds left.\n|\n|t:|1699846403\n|move|p2a: toad|Bullet Seed|p1a: Gastrodon\n|-supereffective|p1a: Gastrodon\n|-damage|p1a: Gastrodon|40\/100\n|-supereffective|p1a: Gastrodon\n|-damage|p1a: Gastrodon|0 fnt\n|faint|p1a: Gastrodon\n|-hitcount|p1: Gastrodon|2\n|\n|upkeep\n|\n|t:|1699846410\n|switch|p1a: Ninetales|Ninetales-Alola, M|100\/100\n|-weather|Snow|[from] ability: Snow Warning|[of] p1a: Ninetales\n|turn|6\n|inactive|CRIPPYwitdaGRIPPY has 270 seconds left.\n|\n|t:|1699846423\n|switch|p2a: blm|Infernape, M|100\/100\n|move|p1a: Ninetales|Aurora Veil|p1a: Ninetales\n|-sidestart|p1: BeardoftheRed|move: Aurora Veil\n|\n|-weather|Snow|[upkeep]\n|upkeep\n|turn|7\n|c| S3PP1|hi\n|\n|t:|1699846431\n|switch|p1a: Glimmora|Glimmora, M|100\/100\n|move|p2a: blm|Fire Blast|p1a: Glimmora\n|-resisted|p1a: Glimmora\n|-damage|p1a: Glimmora|83\/100\n|-damage|p2a: blm|91\/100|[from] item: Life Orb\n|\n|-weather|Snow|[upkeep]\n|upkeep\n|turn|8\n|\n|t:|1699846446\n|move|p2a: blm|Nasty Plot|p2a: blm\n|-boost|p2a: blm|spa|2\n|move|p1a: Glimmora|Earth Power|p2a: blm\n|-supereffective|p2a: blm\n|-damage|p2a: blm|11\/100\n|\n|-weather|Snow|[upkeep]\n|upkeep\n|turn|9\n|inactive|CRIPPYwitdaGRIPPY has 270 seconds left.\n|\n|t:|1699846476\n|switch|p2a: garchompmyd1ck|Garchomp, M|100\/100\n|move|p1a: Glimmora|Mortal Spin|p2a: garchompmyd1ck\n|-resisted|p2a: garchompmyd1ck\n|-damage|p2a: garchompmyd1ck|98\/100\n|-status|p2a: garchompmyd1ck|psn\n|-damage|p1a: Glimmora|70\/100|[from] ability: Rough Skin|[of] p2a: garchompmyd1ck\n|\n|-weather|Snow|[upkeep]\n|-damage|p2a: garchompmyd1ck|85\/100 psn|[from] psn\n|upkeep\n|turn|10\n|\n|t:|1699846494\n|switch|p1a: Ninetales|Ninetales-Alola, M|100\/100\n|move|p2a: garchompmyd1ck|Draco Meteor|p1a: Ninetales\n|-immune|p1a: Ninetales\n|\n|-weather|none\n|-damage|p2a: garchompmyd1ck|73\/100 psn|[from] psn\n|upkeep\n|turn|11\n|\n|t:|1699846507\n|move|p1a: Ninetales|Nasty Plot|p1a: Ninetales\n|-boost|p1a: Ninetales|spa|2\n|move|p2a: garchompmyd1ck|Stealth Rock|p1a: Ninetales\n|-sidestart|p1: BeardoftheRed|move: Stealth Rock\n|\n|-damage|p2a: garchompmyd1ck|61\/100 psn|[from] psn\n|upkeep\n|turn|12\n|\n|t:|1699846514\n|move|p1a: Ninetales|Freeze-Dry|p2a: garchompmyd1ck\n|-supereffective|p2a: garchompmyd1ck\n|-damage|p2a: garchompmyd1ck|0 fnt\n|faint|p2a: garchompmyd1ck\n|\n|upkeep\n|\n|t:|1699846523\n|switch|p2a: blm|Infernape, M|11\/100\n|turn|13\n|\n|t:|1699846532\n|move|p1a: Ninetales|Aurora Veil||[still]\n|-fail|p1a: Ninetales\n|move|p2a: blm|Fire Blast|p1a: Ninetales\n|-supereffective|p1a: Ninetales\n|-damage|p1a: Ninetales|0 fnt\n|faint|p1a: Ninetales\n|-damage|p2a: blm|2\/100|[from] item: Life Orb\n|\n|-sideend|p1: BeardoftheRed|move: Aurora Veil\n|upkeep\n|\n|t:|1699846535\n|switch|p1a: Glimmora|Glimmora, M|70\/100\n|-damage|p1a: Glimmora|58\/100|[from] Stealth Rock\n|turn|14\n|inactive|CRIPPYwitdaGRIPPY has 270 seconds left.\n|\n|t:|1699846554\n|move|p2a: blm|Fire Blast|p1a: Glimmora\n|-resisted|p1a: Glimmora\n|-damage|p1a: Glimmora|4\/100\n|-damage|p2a: blm|0 fnt|[from] item: Life Orb\n|faint|p2a: blm\n|move|p1a: Glimmora|Mortal Spin|p2: blm|[notarget]\n|-fail|p1a: Glimmora\n|\n|upkeep\n|\n|t:|1699846575\n|switch|p2a: toad|Breloom, M, shiny|100\/100\n|turn|15\n|\n|t:|1699846579\n|move|p2a: toad|Mach Punch|p1a: Glimmora\n|-damage|p1a: Glimmora|0 fnt\n|-damage|p2a: toad|84\/100|[from] item: Rocky Helmet|[of] p1a: Glimmora\n|-activate|p1a: Glimmora|ability: Toxic Debris\n|-sidestart|p2: CRIPPYwitdaGRIPPY|move: Toxic Spikes\n|faint|p1a: Glimmora\n|\n|upkeep\n|\n|t:|1699846586\n|switch|p1a: Gardevoir|Gardevoir, M|100\/100\n|-damage|p1a: Gardevoir|88\/100|[from] Stealth Rock\n|-ability|p1a: Gardevoir|Technician|[from] ability: Trace|[of] p2a: toad\n|turn|16\n|\n|t:|1699846598\n|move|p1a: Gardevoir|Healing Wish|p1a: Gardevoir\n|faint|p1a: Gardevoir\n|move|p2a: toad|Tera Blast|p1: Gardevoir|[notarget]\n|-fail|p2a: toad\n|\n|upkeep\n|\n|t:|1699846603\n|switch|p1a: Jirachi|Jirachi|100\/100\n|-damage|p1a: Jirachi|94\/100|[from] Stealth Rock\n|turn|17\n|inactive|CRIPPYwitdaGRIPPY has 270 seconds left.\n|\n|t:|1699846614\n|move|p1a: Jirachi|Psyshock|p2a: toad\n|-supereffective|p2a: toad\n|-crit|p2a: toad\n|-damage|p2a: toad|0 fnt\n|faint|p2a: toad\n|\n|upkeep\n|\n|t:|1699846623\n|switch|p2a: stewie|Magnezone|100\/100\n|turn|18\n|\n|t:|1699846628\n|move|p1a: Jirachi|Psyshock|p2a: stewie\n|-resisted|p2a: stewie\n|-damage|p2a: stewie|87\/100\n|move|p2a: stewie|Tera Blast|p1a: Jirachi\n|-resisted|p1a: Jirachi\n|-damage|p1a: Jirachi|75\/100\n|\n|upkeep\n|turn|19\n|\n|t:|1699846641\n|move|p1a: Jirachi|Psyshock|p2a: stewie\n|-resisted|p2a: stewie\n|-damage|p2a: stewie|73\/100\n|move|p2a: stewie|Tera Blast|p1a: Jirachi\n|-resisted|p1a: Jirachi\n|-damage|p1a: Jirachi|54\/100\n|\n|upkeep\n|turn|20\n|\n|t:|1699846648\n|move|p1a: Jirachi|Psyshock|p2a: stewie\n|-resisted|p2a: stewie\n|-damage|p2a: stewie|61\/100\n|move|p2a: stewie|Tera Blast|p1a: Jirachi\n|-resisted|p1a: Jirachi\n|-damage|p1a: Jirachi|32\/100\n|\n|upkeep\n|turn|21\n|\n|t:|1699846656\n|move|p1a: Jirachi|Psyshock|p2a: stewie\n|-resisted|p2a: stewie\n|-damage|p2a: stewie|46\/100\n|move|p2a: stewie|Tera Blast|p1a: Jirachi\n|-resisted|p1a: Jirachi\n|-damage|p1a: Jirachi|10\/100\n|\n|upkeep\n|turn|22\n|\n|t:|1699846664\n|move|p1a: Jirachi|Psyshock|p2a: stewie\n|-resisted|p2a: stewie\n|-damage|p2a: stewie|33\/100\n|move|p2a: stewie|Tera Blast|p1a: Jirachi\n|-resisted|p1a: Jirachi\n|-damage|p1a: Jirachi|0 fnt\n|faint|p1a: Jirachi\n|\n|win|CRIPPYwitdaGRIPPY\n","uploadtime":1699846681,"views":29,"p1id":"beardofthered","p2id":"crippywitdagrippy","formatid":"gen9ou","rating":0,"private":0,"password":""}