{"id":"gen9ou-1999543550","p1":"Annler_Regi","p2":"pigff","format":"[Gen 9] OU","log":"|j|\u2606Annler_Regi\n|j|\u2606pigff\n|t:|1701094471\n|gametype|singles\n|player|p1|Annler_Regi|selene|1105\n|player|p2|pigff|1|1048\n|teamsize|p1|6\n|teamsize|p2|6\n|gen|9\n|tier|[Gen 9] OU\n|rated|\n|rule|Sleep Clause Mod: Limit one foe put to sleep\n|rule|Species Clause: Limit one of each Pok\u00e9mon\n|rule|OHKO Clause: OHKO moves are banned\n|rule|Evasion Items Clause: Evasion items are banned\n|rule|Evasion Moves Clause: Evasion moves are banned\n|rule|Endless Battle Clause: Forcing endless battles is banned\n|rule|HP Percentage Mod: HP is shown in percentages\n|clearpoke\n|poke|p1|Clefable, F|\n|poke|p1|Dondozo, M|\n|poke|p1|Clodsire, M|\n|poke|p1|Skeledirge, M|\n|poke|p1|Quagsire, M|\n|poke|p1|Crocalor, M|\n|poke|p2|Great Tusk|\n|poke|p2|Cinderace, F|\n|poke|p2|Clodsire, M|\n|poke|p2|Heatran, F|\n|poke|p2|Ogerpon-Wellspring, F|\n|poke|p2|Dragonite, F|\n|teampreview\n|inactive|Battle timer is ON: inactive players will automatically lose when time's up. (requested by Annler_Regi)\n|inactive|Annler_Regi has 120 seconds left.\n|\n|t:|1701094524\n|start\n|switch|p1a: Crocalor|Crocalor, M|100\/100\n|switch|p2a: Cinderace|Cinderace, F|100\/100\n|turn|1\n|\n|t:|1701094536\n|-terastallize|p2a: Cinderace|Ground\n|move|p2a: Cinderace|Tera Blast|p1a: Crocalor|[anim] Tera Blast Ground\n|-supereffective|p1a: Crocalor\n|-damage|p1a: Crocalor|12\/100\n|move|p1a: Crocalor|Will-O-Wisp|p2a: Cinderace\n|-status|p2a: Cinderace|brn\n|\n|-damage|p2a: Cinderace|95\/100 brn|[from] brn\n|upkeep\n|turn|2\n|\n|t:|1701094550\n|move|p1a: Crocalor|Protect|p1a: Crocalor\n|-singleturn|p1a: Crocalor|Protect\n|move|p2a: Cinderace|Tera Blast|p1a: Crocalor|[anim] Tera Blast Ground\n|-activate|p1a: Crocalor|move: Protect\n|\n|-damage|p2a: Cinderace|89\/100 brn|[from] brn\n|upkeep\n|turn|3\n|\n|t:|1701094564\n|switch|p1a: Dondozo|Dondozo, M|100\/100\n|move|p2a: Cinderace|Tera Blast|p1a: Dondozo|[anim] Tera Blast Ground\n|-crit|p1a: Dondozo\n|-damage|p1a: Dondozo|76\/100\n|\n|-heal|p1a: Dondozo|82\/100|[from] item: Leftovers\n|-damage|p2a: Cinderace|83\/100 brn|[from] brn\n|upkeep\n|turn|4\n|\n|t:|1701094576\n|switch|p2a: Ogerpon|Ogerpon-Wellspring, F|100\/100\n|move|p1a: Dondozo|Yawn|p2a: Ogerpon\n|-start|p2a: Ogerpon|move: Yawn|[of] p1a: Dondozo\n|\n|-heal|p1a: Dondozo|88\/100|[from] item: Leftovers\n|upkeep\n|turn|5\n|\n|t:|1701094593\n|switch|p2a: Clodsire|Clodsire, M|100\/100\n|switch|p1a: Quagsire|Quagsire, M|100\/100\n|\n|upkeep\n|turn|6\n|\n|t:|1701094600\n|move|p1a: Quagsire|Spikes|p2a: Clodsire\n|-sidestart|p2: pigff|Spikes\n|move|p2a: Clodsire|Toxic|p1a: Quagsire\n|-status|p1a: Quagsire|tox\n|\n|-damage|p1a: Quagsire|94\/100 tox|[from] psn\n|upkeep\n|turn|7\n|\n|t:|1701094609\n|switch|p2a: Dragonite|Dragonite, F|100\/100\n|move|p1a: Quagsire|Spikes|p2a: Dragonite\n|-sidestart|p2: pigff|Spikes\n|\n|-heal|p1a: Quagsire|100\/100 tox|[from] item: Leftovers\n|-damage|p1a: Quagsire|88\/100 tox|[from] psn\n|upkeep\n|turn|8\n|\n|t:|1701094618\n|switch|p1a: Clefable|Clefable, F|100\/100\n|move|p2a: Dragonite|Encore||[still]\n|-fail|p2a: Dragonite\n|\n|upkeep\n|turn|9\n|\n|t:|1701094627\n|switch|p2a: Cinderace|Cinderace, F, tera:Ground|83\/100 brn\n|-damage|p2a: Cinderace|66\/100 brn|[from] Spikes\n|move|p1a: Clefable|Wish|p1a: Clefable\n|\n|-damage|p2a: Cinderace|60\/100 brn|[from] brn\n|upkeep\n|turn|10\n|\n|t:|1701094639\n|switch|p1a: Crocalor|Crocalor, M|12\/100\n|move|p2a: Cinderace|U-turn|p1a: Crocalor\n|-resisted|p1a: Crocalor\n|-damage|p1a: Crocalor|6\/100\n|\n|t:|1701094649\n|switch|p2a: Great Tusk|Great Tusk|100\/100|[from] U-turn\n|-damage|p2a: Great Tusk|84\/100|[from] Spikes\n|\n|-heal|p1a: Crocalor|60\/100|[from] move: Wish|[wisher] Clefable\n|upkeep\n|turn|11\n|\n|t:|1701094657\n|move|p2a: Great Tusk|Ice Spinner|p1a: Crocalor\n|-resisted|p1a: Crocalor\n|-damage|p1a: Crocalor|52\/100\n|move|p1a: Crocalor|Will-O-Wisp|p2a: Great Tusk\n|-status|p2a: Great Tusk|brn\n|\n|-damage|p2a: Great Tusk|78\/100 brn|[from] brn\n|upkeep\n|turn|12\n|\n|t:|1701094667\n|move|p1a: Crocalor|Protect|p1a: Crocalor\n|-singleturn|p1a: Crocalor|Protect\n|move|p2a: Great Tusk|Rapid Spin|p1a: Crocalor\n|-activate|p1a: Crocalor|move: Protect\n|\n|-damage|p2a: Great Tusk|71\/100 brn|[from] brn\n|upkeep\n|turn|13\n|\n|t:|1701094675\n|switch|p1a: Skeledirge|Skeledirge, M|100\/100\n|move|p2a: Great Tusk|Rapid Spin|p1a: Skeledirge\n|-immune|p1a: Skeledirge\n|\n|-damage|p2a: Great Tusk|65\/100 brn|[from] brn\n|upkeep\n|turn|14\n|\n|t:|1701094683\n|move|p1a: Skeledirge|Protect|p1a: Skeledirge\n|-singleturn|p1a: Skeledirge|Protect\n|move|p2a: Great Tusk|Earthquake|p1a: Skeledirge\n|-activate|p1a: Skeledirge|move: Protect\n|\n|-damage|p2a: Great Tusk|59\/100 brn|[from] brn\n|upkeep\n|turn|15\n|\n|t:|1701094695\n|switch|p1a: Dondozo|Dondozo, M|88\/100\n|move|p2a: Great Tusk|Earthquake|p1a: Dondozo\n|-damage|p1a: Dondozo|76\/100\n|\n|-heal|p1a: Dondozo|82\/100|[from] item: Leftovers\n|-damage|p2a: Great Tusk|53\/100 brn|[from] brn\n|upkeep\n|turn|16\n|\n|t:|1701094705\n|-end|p2a: Great Tusk|Protosynthesis|[silent]\n|switch|p2a: Clodsire|Clodsire, M|100\/100\n|-damage|p2a: Clodsire|84\/100|[from] Spikes\n|move|p1a: Dondozo|Protect||[still]\n|-fail|p1a: Dondozo\n|\n|-heal|p1a: Dondozo|88\/100|[from] item: Leftovers\n|-heal|p2a: Clodsire|90\/100|[from] item: Leftovers\n|upkeep\n|turn|17\n|\n|t:|1701094716\n|switch|p1a: Clodsire|Clodsire, M|100\/100\n|move|p2a: Clodsire|Toxic|p1a: Clodsire\n|-immune|p1a: Clodsire\n|\n|-heal|p2a: Clodsire|96\/100|[from] item: Leftovers\n|upkeep\n|turn|18\n|\n|t:|1701094727\n|switch|p2a: Great Tusk|Great Tusk|53\/100 brn\n|-damage|p2a: Great Tusk|36\/100 brn|[from] Spikes\n|move|p1a: Clodsire|Stealth Rock|p2a: Great Tusk\n|-sidestart|p2: pigff|move: Stealth Rock\n|\n|-damage|p2a: Great Tusk|30\/100 brn|[from] brn\n|upkeep\n|turn|19\n|\n|t:|1701094738\n|move|p1a: Clodsire|Protect|p1a: Clodsire\n|-singleturn|p1a: Clodsire|Protect\n|move|p2a: Great Tusk|Earthquake|p1a: Clodsire\n|-activate|p1a: Clodsire|move: Protect\n|\n|-damage|p2a: Great Tusk|24\/100 brn|[from] brn\n|upkeep\n|turn|20\n|\n|t:|1701094752\n|switch|p1a: Skeledirge|Skeledirge, M|100\/100\n|move|p2a: Great Tusk|Rapid Spin|p1a: Skeledirge\n|-immune|p1a: Skeledirge\n|\n|-damage|p2a: Great Tusk|18\/100 brn|[from] brn\n|upkeep\n|turn|21\n|\n|t:|1701094760\n|move|p1a: Skeledirge|Protect|p1a: Skeledirge\n|-singleturn|p1a: Skeledirge|Protect\n|move|p2a: Great Tusk|Earthquake|p1a: Skeledirge\n|-activate|p1a: Skeledirge|move: Protect\n|\n|-damage|p2a: Great Tusk|11\/100 brn|[from] brn\n|upkeep\n|turn|22\n|\n|t:|1701094776\n|switch|p1a: Quagsire|Quagsire, M|88\/100 tox\n|move|p2a: Great Tusk|Earthquake|p1a: Quagsire\n|-damage|p1a: Quagsire|70\/100 tox\n|\n|-heal|p1a: Quagsire|76\/100 tox|[from] item: Leftovers\n|-damage|p1a: Quagsire|70\/100 tox|[from] psn\n|-damage|p2a: Great Tusk|5\/100 brn|[from] brn\n|upkeep\n|turn|23\n|\n|t:|1701094790\n|move|p1a: Quagsire|Protect|p1a: Quagsire\n|-singleturn|p1a: Quagsire|Protect\n|move|p2a: Great Tusk|Rapid Spin|p1a: Quagsire\n|-activate|p1a: Quagsire|move: Protect\n|\n|-heal|p1a: Quagsire|76\/100 tox|[from] item: Leftovers\n|-damage|p1a: Quagsire|64\/100 tox|[from] psn\n|-damage|p2a: Great Tusk|0 fnt|[from] brn\n|faint|p2a: Great Tusk\n|-end|p2a: Great Tusk|Protosynthesis|[silent]\n|upkeep\n|\n|t:|1701094802\n|switch|p2a: Dragonite|Dragonite, F|100\/100\n|turn|24\n|\n|t:|1701094810\n|move|p2a: Dragonite|Extreme Speed|p1a: Quagsire\n|-damage|p1a: Quagsire|36\/100 tox\n|move|p1a: Quagsire|Spikes|p2a: Dragonite\n|-sidestart|p2: pigff|Spikes\n|\n|-heal|p1a: Quagsire|42\/100 tox|[from] item: Leftovers\n|-damage|p1a: Quagsire|23\/100 tox|[from] psn\n|upkeep\n|turn|25\n|\n|t:|1701094821\n|switch|p1a: Dondozo|Dondozo, M|88\/100\n|move|p2a: Dragonite|Extreme Speed|p1a: Dondozo\n|-damage|p1a: Dondozo|72\/100\n|\n|-heal|p1a: Dondozo|78\/100|[from] item: Leftovers\n|upkeep\n|turn|26\n|-message|pigff forfeited.\n|\n|win|Annler_Regi\n|raw|Annler_Regi's rating: 1105 &rarr; <strong>1126<\/strong><br \/>(+21 for winning)\n|raw|pigff's rating: 1048 &rarr; <strong>1034<\/strong><br \/>(-14 for losing)\n|l|\u2606pigff\n","uploadtime":1701094840,"views":6,"p1id":"annlerregi","p2id":"pigff","formatid":"gen9ou","rating":1034,"private":0,"password":""}