{"id":"gen9ou-1996681478","p1":"Ottonaut","p2":"mathismathin","format":"[Gen 9] OU","log":"|j|\u2606Ottonaut\n|j|\u2606mathismathin\n|t:|1700709039\n|gametype|singles\n|player|p1|Ottonaut|170|1536\n|player|p2|mathismathin|nate|1685\n|teamsize|p1|6\n|teamsize|p2|6\n|gen|9\n|tier|[Gen 9] OU\n|rated|\n|rule|Sleep Clause Mod: Limit one foe put to sleep\n|rule|Species Clause: Limit one of each Pok\u00e9mon\n|rule|OHKO Clause: OHKO moves are banned\n|rule|Evasion Items Clause: Evasion items are banned\n|rule|Evasion Moves Clause: Evasion moves are banned\n|rule|Endless Battle Clause: Forcing endless battles is banned\n|rule|HP Percentage Mod: HP is shown in percentages\n|clearpoke\n|poke|p1|Kingambit, M|\n|poke|p1|Ribombee, F|\n|poke|p1|Gholdengo|\n|poke|p1|Iron Moth|\n|poke|p1|Ogerpon-Wellspring, F|\n|poke|p1|Manaphy|\n|poke|p2|Staraptor, F|\n|poke|p2|Vaporeon, M|\n|poke|p2|Enamorus, F|\n|poke|p2|Weezing-Galar, F|\n|poke|p2|Blissey, F|\n|poke|p2|Kingambit, F|\n|teampreview\n|inactive|Battle timer is ON: inactive players will automatically lose when time's up. (requested by Ottonaut)\n|\n|t:|1700709074\n|start\n|switch|p1a: Ribombee|Ribombee, F, shiny|100\/100\n|switch|p2a: Blissey|Blissey, F|100\/100\n|turn|1\n|inactive|mathismathin has 120 seconds left.\n|inactive|mathismathin has 90 seconds left.\n|\n|t:|1700709145\n|move|p1a: Ribombee|Sticky Web|p2a: Blissey\n|-sidestart|p2: mathismathin|move: Sticky Web\n|move|p2a: Blissey|Copycat|p2a: Blissey\n|move|p2a: Blissey|Sticky Web|p1a: Ribombee|[from]move: Copycat\n|-sidestart|p1: Ottonaut|move: Sticky Web\n|\n|upkeep\n|turn|2\n|j| ouzp umbre\n|\n|t:|1700709159\n|switch|p1a: Kingambit|Kingambit, M|100\/100\n|-activate|p1a: Kingambit|move: Sticky Web\n|-unboost|p1a: Kingambit|spe|1\n|move|p2a: Blissey|Copycat|p2a: Blissey\n|move|p2a: Blissey|Sticky Web||[from]move: Copycat|[still]\n|-fail|p2a: Blissey\n|\n|upkeep\n|turn|3\n|inactive|mathismathin has 90 seconds left.\n|\n|t:|1700709177\n|switch|p2a: Staraptor|Staraptor, F|100\/100\n|move|p1a: Kingambit|Swords Dance|p1a: Kingambit\n|-boost|p1a: Kingambit|atk|2\n|\n|upkeep\n|turn|4\n|\n|t:|1700709189\n|-end|p1a: Kingambit|fallenundefined|[silent]\n|switch|p1a: Ribombee|Ribombee, F, shiny|100\/100\n|-activate|p1a: Ribombee|move: Sticky Web\n|-unboost|p1a: Ribombee|spe|1\n|move|p2a: Staraptor|Final Gambit|p1a: Ribombee\n|-enditem|p1a: Ribombee|Focus Sash\n|-damage|p1a: Ribombee|1\/100\n|faint|p2a: Staraptor\n|\n|upkeep\n|inactive|mathismathin has 90 seconds left.\n|\n|t:|1700709202\n|switch|p2a: Vaporeon|Vaporeon, M|100\/100\n|-activate|p2a: Vaporeon|move: Sticky Web\n|-unboost|p2a: Vaporeon|spe|1\n|turn|5\n|\n|t:|1700709213\n|move|p1a: Ribombee|Moonblast|p2a: Vaporeon\n|-damage|p2a: Vaporeon|72\/100\n|move|p2a: Vaporeon|Copycat|p2a: Vaporeon\n|move|p2a: Vaporeon|Moonblast|p1a: Ribombee|[from]move: Copycat\n|-damage|p1a: Ribombee|0 fnt\n|faint|p1a: Ribombee\n|\n|upkeep\n|\n|t:|1700709220\n|switch|p1a: Ogerpon|Ogerpon-Wellspring, F|100\/100\n|-activate|p1a: Ogerpon|move: Sticky Web\n|-unboost|p1a: Ogerpon|spe|1\n|turn|6\n|\n|t:|1700709235\n|switch|p2a: Weezing|Weezing-Galar, F|100\/100\n|-activate|p2a: Weezing|move: Sticky Web\n|-unboost|p2a: Weezing|spe|1\n|-fieldstart|move: Misty Terrain|[from] ability: Misty Surge|[of] p2a: Weezing\n|move|p1a: Ogerpon|Swords Dance|p1a: Ogerpon\n|-boost|p1a: Ogerpon|atk|2\n|\n|upkeep\n|turn|7\n|\n|t:|1700709245\n|move|p1a: Ogerpon|Ivy Cudgel|p2a: Weezing|[anim] Ivy Cudgel Water\n|-damage|p2a: Weezing|0 fnt\n|faint|p2a: Weezing\n|\n|upkeep\n|\n|t:|1700709255\n|switch|p2a: Enamorus|Enamorus, F|100\/100\n|turn|8\n|j| craw me maybe\n|c| craw me maybe|hoot hoot\n|\n|t:|1700709267\n|switch|p1a: Gholdengo|Gholdengo|100\/100\n|-item|p1a: Gholdengo|Air Balloon\n|move|p2a: Enamorus|Misty Explosion|p1a: Gholdengo\n|-resisted|p1a: Gholdengo\n|-damage|p1a: Gholdengo|55\/100\n|-enditem|p1a: Gholdengo|Air Balloon\n|faint|p2a: Enamorus\n|\n|upkeep\n|\n|t:|1700709281\n|switch|p2a: Blissey|Blissey, F|100\/100\n|-activate|p2a: Blissey|move: Sticky Web\n|-unboost|p2a: Blissey|spe|1\n|turn|9\n|\n|t:|1700709303\n|switch|p1a: Kingambit|Kingambit, M|100\/100\n|-activate|p1a: Kingambit|move: Sticky Web\n|-unboost|p1a: Kingambit|spe|1\n|-activate|p1a: Kingambit|ability: Supreme Overlord\n|-start|p1a: Kingambit|fallen1|[silent]\n|move|p2a: Blissey|Copycat|p2a: Blissey\n|move|p2a: Blissey|Misty Explosion|p1a: Kingambit|[from]move: Copycat\n|-crit|p1a: Kingambit\n|-damage|p1a: Kingambit|34\/100\n|faint|p2a: Blissey\n|\n|upkeep\n|inactive|mathismathin has 120 seconds left.\n|\n|t:|1700709312\n|switch|p2a: Vaporeon|Vaporeon, M|72\/100\n|-activate|p2a: Vaporeon|move: Sticky Web\n|-unboost|p2a: Vaporeon|spe|1\n|turn|10\n|\n|t:|1700709319\n|-end|p1a: Kingambit|fallen1|[silent]\n|switch|p1a: Ogerpon|Ogerpon-Wellspring, F|100\/100\n|-activate|p1a: Ogerpon|move: Sticky Web\n|-unboost|p1a: Ogerpon|spe|1\n|move|p2a: Vaporeon|Copycat|p2a: Vaporeon\n|move|p2a: Vaporeon|Misty Explosion|p1a: Ogerpon|[from]move: Copycat\n|-damage|p1a: Ogerpon|58\/100\n|faint|p2a: Vaporeon\n|\n|-fieldend|Misty Terrain\n|upkeep\n|\n|t:|1700709331\n|switch|p2a: God.|Kingambit, F|100\/100\n|-activate|p2a: God.|move: Sticky Web\n|-unboost|p2a: God.|spe|1\n|-activate|p2a: God.|ability: Supreme Overlord\n|-start|p2a: God.|fallen5|[silent]\n|turn|11\n|\n|t:|1700709336\n|move|p1a: Ogerpon|Swords Dance|p1a: Ogerpon\n|-boost|p1a: Ogerpon|atk|2\n|move|p2a: God.|Kowtow Cleave|p1a: Ogerpon\n|-damage|p1a: Ogerpon|0 fnt\n|faint|p1a: Ogerpon\n|-damage|p2a: God.|91\/100|[from] item: Life Orb\n|\n|upkeep\n|\n|t:|1700709346\n|switch|p1a: Iron Moth|Iron Moth|100\/100\n|-activate|p1a: Iron Moth|move: Sticky Web\n|-unboost|p1a: Iron Moth|spe|1\n|-enditem|p1a: Iron Moth|Booster Energy\n|-activate|p1a: Iron Moth|ability: Quark Drive|[fromitem]\n|-start|p1a: Iron Moth|quarkdrivespa\n|turn|12\n|\n|t:|1700709363\n|-terastallize|p2a: God.|Dark\n|move|p1a: Iron Moth|Fiery Dance|p2a: God.\n|-damage|p2a: God.|31\/100\n|move|p2a: God.|Kowtow Cleave|p1a: Iron Moth\n|-damage|p1a: Iron Moth|0 fnt\n|faint|p1a: Iron Moth\n|-end|p1a: Iron Moth|Quark Drive|[silent]\n|-damage|p2a: God.|21\/100|[from] item: Life Orb\n|\n|upkeep\n|\n|t:|1700709383\n|switch|p1a: Gholdengo|Gholdengo|55\/100\n|-activate|p1a: Gholdengo|move: Sticky Web\n|-unboost|p1a: Gholdengo|spe|1\n|turn|13\n|\n|t:|1700709389\n|move|p2a: God.|Sucker Punch|p1a: Gholdengo\n|-supereffective|p1a: Gholdengo\n|-damage|p1a: Gholdengo|0 fnt\n|faint|p1a: Gholdengo\n|-damage|p2a: God.|11\/100|[from] item: Life Orb\n|\n|upkeep\n|\n|t:|1700709397\n|switch|p1a: Kingambit|Kingambit, M|34\/100\n|-activate|p1a: Kingambit|move: Sticky Web\n|-unboost|p1a: Kingambit|spe|1\n|-activate|p1a: Kingambit|ability: Supreme Overlord\n|-start|p1a: Kingambit|fallen4|[silent]\n|turn|14\n|\n|t:|1700709399\n|move|p2a: God.|Sucker Punch|p1a: Kingambit\n|-resisted|p1a: Kingambit\n|-damage|p1a: Kingambit|0 fnt\n|faint|p1a: Kingambit\n|-end|p1a: Kingambit|fallen4|[silent]\n|-damage|p2a: God.|1\/100|[from] item: Life Orb\n|\n|upkeep\n|\n|t:|1700709401\n|switch|p1a: Manaphy|Manaphy|100\/100\n|-activate|p1a: Manaphy|move: Sticky Web\n|-unboost|p1a: Manaphy|spe|1\n|turn|15\n|j| FireWizard312\n|c| FireWizard312|GO MATHIS\n|c| FireWizard312|o wait you're cooked\n|c| FireWizard312|nvm\n|inactive|mathismathin has 120 seconds left.\n|\n|t:|1700709452\n|move|p2a: God.|Sucker Punch||[still]\n|-fail|p2a: God.\n|move|p1a: Manaphy|Acid Armor|p1a: Manaphy\n|-boost|p1a: Manaphy|def|2\n|\n|upkeep\n|turn|16\n|\n|t:|1700709461\n|move|p2a: God.|Sucker Punch||[still]\n|-fail|p2a: God.\n|move|p1a: Manaphy|Acid Armor|p1a: Manaphy\n|-boost|p1a: Manaphy|def|2\n|\n|upkeep\n|turn|17\n|\n|t:|1700709465\n|move|p1a: Manaphy|Scald|p2a: God.\n|-damage|p2a: God.|0 fnt\n|faint|p2a: God.\n|-end|p2a: God.|fallen5|[silent]\n|\n|win|Ottonaut\n|raw|Ottonaut's rating: 1536 &rarr; <strong>1565<\/strong><br \/>(+29 for winning)\n|raw|mathismathin's rating: 1701 &rarr; <strong>1672<\/strong><br \/>(-29 for losing)\n|c|\u2606mathismathin|gg\n","uploadtime":1700709469,"views":2,"p1id":"ottonaut","p2id":"mathismathin","formatid":"gen9ou","rating":1565,"private":0,"password":""}