{"id":"gen9ou-1992011166","p1":"Paappan1","p2":"sir sardou","format":"[Gen 9] OU","log":"|j|\u2606Paappan1\n|j|\u2606sir sardou\n|t:|1700147545\n|gametype|singles\n|player|p1|Paappan1|cyclistf-gen4|1377\n|player|p2|sir sardou|veteran|1443\n|teamsize|p1|6\n|teamsize|p2|6\n|gen|9\n|tier|[Gen 9] OU\n|rated|\n|rule|Sleep Clause Mod: Limit one foe put to sleep\n|rule|Species Clause: Limit one of each Pok\u00e9mon\n|rule|OHKO Clause: OHKO moves are banned\n|rule|Evasion Items Clause: Evasion items are banned\n|rule|Evasion Moves Clause: Evasion moves are banned\n|rule|Endless Battle Clause: Forcing endless battles is banned\n|rule|HP Percentage Mod: HP is shown in percentages\n|clearpoke\n|poke|p1|Zapdos|\n|poke|p1|Slowking-Galar, M|\n|poke|p1|Perrserker, F|\n|poke|p1|Great Tusk|\n|poke|p1|Crawdaunt, M|\n|poke|p1|Mandibuzz, F|\n|poke|p2|Ribombee, F|\n|poke|p2|Torterra, M|\n|poke|p2|Rillaboom, F|\n|poke|p2|Iron Moth|\n|poke|p2|Manaphy|\n|poke|p2|Gholdengo|\n|teampreview\n|j| BobbyTheFool\n|\n|t:|1700147567\n|start\n|switch|p1a: Slowking|Slowking-Galar, M|100\/100\n|switch|p2a: I set Sticky Web|Ribombee, F, shiny|100\/100\n|turn|1\n|inactive|Battle timer is ON: inactive players will automatically lose when time's up. (requested by sir sardou)\n|\n|t:|1700147576\n|move|p2a: I set Sticky Web|Sticky Web|p1a: Slowking\n|-sidestart|p1: Paappan1|move: Sticky Web\n|move|p1a: Slowking|Future Sight|p2a: I set Sticky Web\n|-start|p1a: Slowking|move: Future Sight\n|\n|upkeep\n|turn|2\n|\n|t:|1700147584\n|switch|p1a: Zapdos|Zapdos|100\/100\n|move|p2a: I set Sticky Web|Stun Spore|p1a: Zapdos\n|-immune|p1a: Zapdos\n|\n|upkeep\n|turn|3\n|\n|t:|1700147589\n|move|p2a: I set Sticky Web|Moonblast|p1a: Zapdos\n|-damage|p1a: Zapdos|71\/100\n|move|p1a: Zapdos|Hurricane|p2a: I set Sticky Web\n|-supereffective|p2a: I set Sticky Web\n|-enditem|p2a: I set Sticky Web|Focus Sash\n|-damage|p2a: I set Sticky Web|1\/100\n|\n|-end|p2a: I set Sticky Web|move: Future Sight\n|-damage|p2a: I set Sticky Web|0 fnt\n|faint|p2a: I set Sticky Web\n|upkeep\n|\n|t:|1700147606\n|switch|p2a: Deku|Torterra, M|100\/100\n|turn|4\n|\n|t:|1700147614\n|-terastallize|p2a: Deku|Fire\n|move|p1a: Zapdos|Hurricane|p2a: Deku|[miss]\n|-miss|p1a: Zapdos|p2a: Deku\n|move|p2a: Deku|Shell Smash|p2a: Deku\n|-unboost|p2a: Deku|def|1\n|-unboost|p2a: Deku|spd|1\n|-boost|p2a: Deku|atk|2\n|-boost|p2a: Deku|spa|2\n|-boost|p2a: Deku|spe|2\n|-enditem|p2a: Deku|White Herb\n|-clearnegativeboost|p2a: Deku|[silent]\n|\n|upkeep\n|turn|5\n|\n|t:|1700147625\n|move|p2a: Deku|Tera Blast|p1a: Zapdos|[anim] Tera Blast Fire\n|-damage|p1a: Zapdos|0 fnt\n|faint|p1a: Zapdos\n|\n|upkeep\n|c|\u2606Paappan1|This shit gets flamethrower?\n|c|\u2606Paappan1|Oh it was tera blast\n|inactive|Paappan1 has 120 seconds left.\n|\n|t:|1700147655\n|switch|p1a: Slowking|Slowking-Galar, M|100\/100\n|turn|6\n|c|\u2606sir sardou|^^\n|\n|t:|1700147660\n|-terastallize|p1a: Slowking|Water\n|move|p2a: Deku|Headlong Rush|p1a: Slowking\n|-damage|p1a: Slowking|7\/100\n|-unboost|p2a: Deku|def|1\n|-unboost|p2a: Deku|spd|1\n|move|p1a: Slowking|Trick Room|p1a: Slowking\n|-fieldstart|move: Trick Room|[of] p1a: Slowking\n|\n|upkeep\n|turn|7\n|inactive|Paappan1 has 120 seconds left.\n|\n|t:|1700147680\n|move|p1a: Slowking|Future Sight|p2a: Deku\n|-start|p1a: Slowking|move: Future Sight\n|move|p2a: Deku|Wood Hammer|p1a: Slowking\n|-supereffective|p1a: Slowking\n|-damage|p1a: Slowking|0 fnt\n|faint|p1a: Slowking\n|-damage|p2a: Deku|98\/100|[from] Recoil\n|\n|upkeep\n|inactive|Paappan1 has 120 seconds left.\n|\n|t:|1700147688\n|switch|p1a: Crawdaunt|Crawdaunt, M|100\/100\n|-activate|p1a: Crawdaunt|move: Sticky Web\n|-unboost|p1a: Crawdaunt|spe|1\n|turn|8\n|\n|t:|1700147704\n|switch|p2a: Nature\u2019s Nuke|Rillaboom, F|100\/100\n|-fieldstart|move: Grassy Terrain|[from] ability: Grassy Surge|[of] p2a: Nature\u2019s Nuke\n|move|p1a: Crawdaunt|Crabhammer|p2a: Nature\u2019s Nuke\n|-resisted|p2a: Nature\u2019s Nuke\n|-damage|p2a: Nature\u2019s Nuke|39\/100\n|\n|-heal|p2a: Nature\u2019s Nuke|45\/100|[from] Grassy Terrain\n|upkeep\n|turn|9\n|\n|t:|1700147713\n|move|p2a: Nature\u2019s Nuke|Grassy Glide|p1a: Crawdaunt\n|-supereffective|p1a: Crawdaunt\n|-damage|p1a: Crawdaunt|4\/100\n|move|p1a: Crawdaunt|Crabhammer|p2a: Nature\u2019s Nuke|[miss]\n|-miss|p1a: Crawdaunt|p2a: Nature\u2019s Nuke\n|\n|-end|p2a: Nature\u2019s Nuke|move: Future Sight\n|-damage|p2a: Nature\u2019s Nuke|0 fnt\n|faint|p2a: Nature\u2019s Nuke\n|-heal|p1a: Crawdaunt|10\/100|[from] Grassy Terrain\n|upkeep\n|\n|t:|1700147719\n|switch|p2a: click button \u2192 win|Manaphy, shiny|100\/100\n|turn|10\n|c|\u2606Paappan1|blind fucking crab\n|\n|t:|1700147727\n|move|p1a: Crawdaunt|Crabhammer|p2a: click button \u2192 win\n|-resisted|p2a: click button \u2192 win\n|-damage|p2a: click button \u2192 win|53\/100\n|move|p2a: click button \u2192 win|Tail Glow|p2a: click button \u2192 win\n|-boost|p2a: click button \u2192 win|spa|3\n|\n|-heal|p1a: Crawdaunt|16\/100|[from] Grassy Terrain\n|-heal|p2a: click button \u2192 win|59\/100|[from] Grassy Terrain\n|-heal|p2a: click button \u2192 win|66\/100|[from] item: Leftovers\n|-fieldend|move: Trick Room\n|upkeep\n|turn|11\n|\n|t:|1700147737\n|move|p2a: click button \u2192 win|Dazzling Gleam|p1a: Crawdaunt\n|-supereffective|p1a: Crawdaunt\n|-damage|p1a: Crawdaunt|0 fnt\n|faint|p1a: Crawdaunt\n|\n|-heal|p2a: click button \u2192 win|72\/100|[from] Grassy Terrain\n|-heal|p2a: click button \u2192 win|78\/100|[from] item: Leftovers\n|upkeep\n|\n|t:|1700147745\n|switch|p1a: Perrserker|Perrserker, F|100\/100\n|-activate|p1a: Perrserker|move: Sticky Web\n|-unboost|p1a: Perrserker|spe|1\n|turn|12\n|\n|t:|1700147750\n|move|p2a: click button \u2192 win|Surf|p1a: Perrserker\n|-damage|p1a: Perrserker|0 fnt\n|faint|p1a: Perrserker\n|\n|-heal|p2a: click button \u2192 win|84\/100|[from] Grassy Terrain\n|-heal|p2a: click button \u2192 win|91\/100|[from] item: Leftovers\n|-fieldend|move: Grassy Terrain\n|upkeep\n|-message|Paappan1 forfeited.\n|\n|win|sir sardou\n|raw|Paappan1's rating: 1377 &rarr; <strong>1361<\/strong><br \/>(-16 for losing)\n|raw|sir sardou's rating: 1443 &rarr; <strong>1459<\/strong><br \/>(+16 for winning)\n|l|\u2606Paappan1\n","uploadtime":1700147725,"views":7,"p1id":"paappan1","p2id":"sirsardou","formatid":"gen9ou","rating":1361,"private":0,"password":""}