{"id":"gen9ou-1989838801","p1":"Rev832","p2":"BigMacishere","format":"[Gen 9] OU","log":"|j|\u2606Rev832\n|j|\u2606BigMacishere\n|t:|1699899988\n|gametype|singles\n|player|p1|Rev832|will|1025\n|player|p2|BigMacishere|chili|1026\n|teamsize|p1|6\n|teamsize|p2|6\n|gen|9\n|tier|[Gen 9] OU\n|rated|\n|rule|Sleep Clause Mod: Limit one foe put to sleep\n|rule|Species Clause: Limit one of each Pok\u00e9mon\n|rule|OHKO Clause: OHKO moves are banned\n|rule|Evasion Items Clause: Evasion items are banned\n|rule|Evasion Moves Clause: Evasion moves are banned\n|rule|Endless Battle Clause: Forcing endless battles is banned\n|rule|HP Percentage Mod: HP is shown in percentages\n|clearpoke\n|poke|p1|Infernape, M|\n|poke|p1|Greninja-*, M|\n|poke|p1|Ogerpon-Wellspring, F|\n|poke|p1|Sneasler, F|\n|poke|p1|Braviary-Hisui, M|\n|poke|p1|Thundurus-Therian, M|\n|poke|p2|Great Tusk|\n|poke|p2|Heatran, F|\n|poke|p2|Gholdengo|\n|poke|p2|Ogerpon-Wellspring, F|\n|poke|p2|Dragonite, M|\n|poke|p2|Iron Valiant|\n|teampreview\n|inactive|Battle timer is ON: inactive players will automatically lose when time's up. (requested by BigMacishere)\n|inactive|Rev832 also wants the timer to be on.\n|\n|t:|1699900011\n|start\n|switch|p1a: Infernape|Infernape, M|100\/100\n|switch|p2a: Heatran|Heatran, F|100\/100\n|turn|1\n|\n|t:|1699900017\n|move|p1a: Infernape|Fake Out|p2a: Heatran\n|-resisted|p2a: Heatran\n|-crit|p2a: Heatran\n|-damage|p2a: Heatran|93\/100\n|cant|p2a: Heatran|flinch\n|\n|-heal|p2a: Heatran|99\/100|[from] item: Leftovers\n|upkeep\n|turn|2\n|\n|t:|1699900020\n|move|p1a: Infernape|Stealth Rock|p2a: Heatran\n|-sidestart|p2: BigMacishere|move: Stealth Rock\n|move|p2a: Heatran|Earth Power|p1a: Infernape\n|-supereffective|p1a: Infernape\n|-damage|p1a: Infernape|19\/100\n|\n|-heal|p2a: Heatran|100\/100|[from] item: Leftovers\n|upkeep\n|turn|3\n|\n|t:|1699900022\n|move|p1a: Infernape|Knock Off|p2a: Heatran\n|-damage|p2a: Heatran|78\/100\n|-enditem|p2a: Heatran|Leftovers|[from] move: Knock Off|[of] p1a: Infernape\n|move|p2a: Heatran|Earth Power|p1a: Infernape\n|-supereffective|p1a: Infernape\n|-damage|p1a: Infernape|0 fnt\n|faint|p1a: Infernape\n|\n|upkeep\n|\n|t:|1699900032\n|switch|p1a: Thundurus|Thundurus-Therian, M|100\/100\n|turn|4\n|\n|t:|1699900036\n|move|p1a: Thundurus|Focus Blast|p2a: Heatran\n|-supereffective|p2a: Heatran\n|-damage|p2a: Heatran|17\/100\n|move|p2a: Heatran|Magma Storm|p1a: Thundurus\n|-damage|p1a: Thundurus|42\/100\n|-activate|p1a: Thundurus|move: Magma Storm|[of] p2a: Heatran\n|\n|-damage|p1a: Thundurus|30\/100|[from] move: Magma Storm|[partiallytrapped]\n|upkeep\n|turn|5\n|\n|t:|1699900043\n|switch|p2a: Great Tusk|Great Tusk|100\/100\n|move|p1a: Thundurus|Focus Blast|p2a: Great Tusk\n|-damage|p2a: Great Tusk|33\/100\n|-unboost|p2a: Great Tusk|spd|1\n|\n|-end|p1a: Thundurus|Magma Storm|[partiallytrapped]|[silent]\n|upkeep\n|turn|6\n|\n|t:|1699900046\n|move|p1a: Thundurus|Focus Blast|p2a: Great Tusk\n|-damage|p2a: Great Tusk|0 fnt\n|faint|p2a: Great Tusk\n|-end|p2a: Great Tusk|Protosynthesis|[silent]\n|\n|upkeep\n|\n|t:|1699900057\n|switch|p2a: Dragonite|Dragonite, M|100\/100\n|turn|7\n|\n|t:|1699900061\n|switch|p1a: Greninja|Greninja, M|100\/100\n|move|p2a: Dragonite|Extreme Speed|p1a: Greninja\n|-damage|p1a: Greninja|49\/100\n|\n|upkeep\n|turn|8\n|\n|t:|1699900066\n|move|p1a: Greninja|Ice Beam|p2a: Dragonite\n|-supereffective|p2a: Dragonite\n|-damage|p2a: Dragonite|34\/100\n|-damage|p1a: Greninja|39\/100|[from] item: Life Orb\n|move|p2a: Dragonite|Dragon Dance|p2a: Dragonite\n|-boost|p2a: Dragonite|atk|1\n|-boost|p2a: Dragonite|spe|1\n|\n|upkeep\n|turn|9\n|\n|t:|1699900070\n|move|p2a: Dragonite|Extreme Speed|p1a: Greninja\n|-damage|p1a: Greninja|0 fnt\n|faint|p1a: Greninja\n|\n|upkeep\n|\n|t:|1699900075\n|switch|p1a: Braviary|Braviary-Hisui, M|100\/100\n|turn|10\n|\n|t:|1699900085\n|move|p2a: Dragonite|Extreme Speed|p1a: Braviary\n|-damage|p1a: Braviary|46\/100\n|move|p1a: Braviary|Esper Wing|p2a: Dragonite\n|-damage|p2a: Dragonite|0 fnt\n|-boost|p1a: Braviary|spe|1\n|faint|p2a: Dragonite\n|\n|upkeep\n|\n|t:|1699900089\n|switch|p2a: Gholdengo|Gholdengo|100\/100\n|-damage|p2a: Gholdengo|94\/100|[from] Stealth Rock\n|turn|11\n|\n|t:|1699900095\n|move|p1a: Braviary|Heat Wave|p2a: Gholdengo\n|-supereffective|p2a: Gholdengo\n|-damage|p2a: Gholdengo|21\/100\n|move|p2a: Gholdengo|Shadow Ball|p1a: Braviary\n|-supereffective|p1a: Braviary\n|-damage|p1a: Braviary|0 fnt\n|faint|p1a: Braviary\n|\n|upkeep\n|\n|t:|1699900102\n|switch|p1a: Ogerpon|Ogerpon-Wellspring, F|100\/100\n|turn|12\n|\n|t:|1699900113\n|switch|p2a: Heatran|Heatran, F|17\/100\n|-damage|p2a: Heatran|4\/100|[from] Stealth Rock\n|move|p1a: Ogerpon|Knock Off|p2a: Heatran\n|-damage|p2a: Heatran|0 fnt\n|faint|p2a: Heatran\n|\n|upkeep\n|\n|t:|1699900127\n|switch|p2a: Ogerpon|Ogerpon-Wellspring, F|100\/100\n|-damage|p2a: Ogerpon|88\/100|[from] Stealth Rock\n|turn|13\n|\n|t:|1699900130\n|move|p2a: Ogerpon|U-turn|p1a: Ogerpon\n|-supereffective|p1a: Ogerpon\n|-damage|p1a: Ogerpon|32\/100\n|\n|t:|1699900133\n|switch|p2a: Gholdengo|Gholdengo|21\/100|[from] U-turn\n|-damage|p2a: Gholdengo|15\/100|[from] Stealth Rock\n|move|p1a: Ogerpon|Swords Dance|p1a: Ogerpon\n|-boost|p1a: Ogerpon|atk|2\n|\n|upkeep\n|turn|14\n|\n|t:|1699900136\n|move|p1a: Ogerpon|Ivy Cudgel|p2a: Gholdengo\n|-damage|p2a: Gholdengo|0 fnt\n|faint|p2a: Gholdengo\n|\n|upkeep\n|\n|t:|1699900138\n|switch|p2a: Ogerpon|Ogerpon-Wellspring, F|88\/100\n|-damage|p2a: Ogerpon|76\/100|[from] Stealth Rock\n|turn|15\n|\n|t:|1699900141\n|move|p1a: Ogerpon|Horn Leech|p2a: Ogerpon\n|-damage|p2a: Ogerpon|0 fnt\n|-heal|p1a: Ogerpon|70\/100|[from] drain|[of] p2a: Ogerpon\n|faint|p2a: Ogerpon\n|\n|upkeep\n|\n|t:|1699900144\n|switch|p2a: Iron Valiant|Iron Valiant|100\/100\n|-damage|p2a: Iron Valiant|94\/100|[from] Stealth Rock\n|-enditem|p2a: Iron Valiant|Booster Energy\n|-activate|p2a: Iron Valiant|ability: Quark Drive|[fromitem]\n|-start|p2a: Iron Valiant|quarkdrivespe\n|turn|16\n|\n|t:|1699900151\n|-terastallize|p2a: Iron Valiant|Fairy\n|move|p2a: Iron Valiant|Moonblast|p1a: Ogerpon\n|-damage|p1a: Ogerpon|0 fnt\n|faint|p1a: Ogerpon\n|\n|upkeep\n|\n|t:|1699900155\n|switch|p1a: Sneasler|Sneasler, F|100\/100\n|turn|17\n|\n|t:|1699900159\n|move|p2a: Iron Valiant|Psyshock|p1a: Sneasler\n|-supereffective|p1a: Sneasler\n|-damage|p1a: Sneasler|0 fnt\n|faint|p1a: Sneasler\n|\n|upkeep\n|\n|t:|1699900161\n|switch|p1a: Thundurus|Thundurus-Therian, M|30\/100\n|turn|18\n|\n|t:|1699900163\n|-terastallize|p1a: Thundurus|Flying\n|move|p2a: Iron Valiant|Moonblast|p1a: Thundurus\n|-damage|p1a: Thundurus|0 fnt\n|faint|p1a: Thundurus\n|\n|win|BigMacishere\n|raw|Rev832's rating: 1025 &rarr; <strong>1011<\/strong><br \/>(-14 for losing)\n|raw|BigMacishere's rating: 1026 &rarr; <strong>1062<\/strong><br \/>(+36 for winning)\n|l|\u2606Rev832\n","uploadtime":1699900173,"views":19,"p1id":"rev832","p2id":"bigmacishere","formatid":"gen9ou","rating":1011,"private":0,"password":""}