{"id":"gen9ou-1990583478","p1":"ShinyPending","p2":"Lostlighter","format":"[Gen 9] OU","log":"|j|\u2606ShinyPending\n|j|\u2606Lostlighter\n|t:|1699983359\n|gametype|singles\n|player|p1|ShinyPending|shauntal|1270\n|player|p2|Lostlighter|101|1336\n|teamsize|p1|6\n|teamsize|p2|6\n|gen|9\n|tier|[Gen 9] OU\n|rated|\n|rule|Sleep Clause Mod: Limit one foe put to sleep\n|rule|Species Clause: Limit one of each Pok\u00e9mon\n|rule|OHKO Clause: OHKO moves are banned\n|rule|Evasion Items Clause: Evasion items are banned\n|rule|Evasion Moves Clause: Evasion moves are banned\n|rule|Endless Battle Clause: Forcing endless battles is banned\n|rule|HP Percentage Mod: HP is shown in percentages\n|clearpoke\n|poke|p1|Iron Moth|\n|poke|p1|Rillaboom, F|\n|poke|p1|Sneasler, M|\n|poke|p1|Corviknight, M|\n|poke|p1|Dragonite, F|\n|poke|p1|Alomomola, F|\n|poke|p2|Magnezone|\n|poke|p2|Dragapult, F|\n|poke|p2|Sneasler, F|\n|poke|p2|Blissey, F|\n|poke|p2|Zapdos-Galar|\n|poke|p2|Hatterene, F|\n|teampreview\n|inactive|Battle timer is ON: inactive players will automatically lose when time's up. (requested by Lostlighter)\n|\n|t:|1699983369\n|start\n|switch|p1a: Rillaboom|Rillaboom, F|100\/100\n|switch|p2a: Dragapult|Dragapult, F, shiny|100\/100\n|-fieldstart|move: Grassy Terrain|[from] ability: Grassy Surge|[of] p1a: Rillaboom\n|turn|1\n|\n|t:|1699983375\n|move|p2a: Dragapult|Draco Meteor|p1a: Rillaboom\n|-damage|p1a: Rillaboom|0 fnt\n|-unboost|p2a: Dragapult|spa|2\n|faint|p1a: Rillaboom\n|\n|upkeep\n|\n|t:|1699983379\n|switch|p1a: Sneasler|Sneasler, M|100\/100\n|-enditem|p1a: Sneasler|Grassy Seed\n|-boost|p1a: Sneasler|def|1|[from] item: Grassy Seed\n|turn|2\n|\n|t:|1699983383\n|move|p1a: Sneasler|Swords Dance|p1a: Sneasler\n|-boost|p1a: Sneasler|atk|2\n|move|p2a: Dragapult|Draco Meteor|p1a: Sneasler\n|-damage|p1a: Sneasler|44\/100\n|-unboost|p2a: Dragapult|spa|2\n|\n|-heal|p1a: Sneasler|50\/100|[from] Grassy Terrain\n|upkeep\n|turn|3\n|\n|t:|1699983393\n|switch|p2a: Magnezone|Magnezone|100\/100\n|move|p1a: Sneasler|Dire Claw|p2a: Magnezone\n|-immune|p2a: Magnezone\n|\n|-heal|p1a: Sneasler|56\/100|[from] Grassy Terrain\n|upkeep\n|turn|4\n|\n|t:|1699983397\n|move|p1a: Sneasler|Close Combat|p2a: Magnezone\n|-supereffective|p2a: Magnezone\n|-damage|p2a: Magnezone|0 fnt\n|-unboost|p1a: Sneasler|def|1\n|-unboost|p1a: Sneasler|spd|1\n|faint|p2a: Magnezone\n|\n|-heal|p1a: Sneasler|62\/100|[from] Grassy Terrain\n|upkeep\n|\n|t:|1699983407\n|switch|p2a: Dragapult|Dragapult, F, shiny|100\/100\n|turn|5\n|inactive|ShinyPending has 120 seconds left.\n|\n|t:|1699983458\n|-terastallize|p1a: Sneasler|Flying\n|move|p1a: Sneasler|Acrobatics|p2a: Dragapult\n|-damage|p2a: Dragapult|0 fnt\n|faint|p2a: Dragapult\n|\n|-fieldend|move: Grassy Terrain\n|upkeep\n|\n|t:|1699983471\n|switch|p2a: Blissey|Blissey, F|100\/100\n|turn|6\n|\n|t:|1699983496\n|move|p1a: Sneasler|Acrobatics|p2a: Blissey\n|-damage|p2a: Blissey|0 fnt\n|faint|p2a: Blissey\n|\n|upkeep\n|\n|t:|1699983499\n|switch|p2a: Sneasler|Sneasler, F, shiny|100\/100\n|-item|p2a: Sneasler|Air Balloon\n|turn|7\n|\n|t:|1699983503\n|-terastallize|p2a: Sneasler|Flying\n|move|p1a: Sneasler|Acrobatics|p2a: Sneasler\n|-damage|p2a: Sneasler|0 fnt\n|-enditem|p2a: Sneasler|Air Balloon\n|faint|p2a: Sneasler\n|\n|upkeep\n|\n|t:|1699983508\n|switch|p2a: Zapdos|Zapdos-Galar, shiny|100\/100\n|turn|8\n|\n|t:|1699983512\n|move|p1a: Sneasler|Acrobatics|p2a: Zapdos\n|-supereffective|p2a: Zapdos\n|-damage|p2a: Zapdos|0 fnt\n|faint|p2a: Zapdos\n|\n|upkeep\n|\n|t:|1699983514\n|switch|p2a: Hatterene|Hatterene, F|100\/100\n|turn|9\n|\n|t:|1699983515\n|move|p1a: Sneasler|Dire Claw|p2a: Hatterene\n|-supereffective|p2a: Hatterene\n|-crit|p2a: Hatterene\n|-damage|p2a: Hatterene|0 fnt\n|faint|p2a: Hatterene\n|\n|win|ShinyPending\n|raw|ShinyPending's rating: 1270 &rarr; <strong>1300<\/strong><br \/>(+30 for winning)\n|raw|Lostlighter's rating: 1336 &rarr; <strong>1312<\/strong><br \/>(-24 for losing)\n|l|\u2606Lostlighter\n|c|\u2606ShinyPending|Gg\n","uploadtime":1699983526,"views":5,"p1id":"shinypending","p2id":"lostlighter","formatid":"gen9ou","rating":1300,"private":0,"password":""}