{"id":"gen9ou-1999683066","p1":"ChosenLotion","p2":"RiskYourLif3","format":"[Gen 9] OU","log":"|j|\u2606ChosenLotion\n|j|\u2606RiskYourLif3\n|t:|1701107475\n|gametype|singles\n|player|p1|ChosenLotion|morty|1341\n|player|p2|RiskYourLif3|volkner|1301\n|teamsize|p1|6\n|teamsize|p2|6\n|gen|9\n|tier|[Gen 9] OU\n|rated|\n|rule|Sleep Clause Mod: Limit one foe put to sleep\n|rule|Species Clause: Limit one of each Pok\u00e9mon\n|rule|OHKO Clause: OHKO moves are banned\n|rule|Evasion Items Clause: Evasion items are banned\n|rule|Evasion Moves Clause: Evasion moves are banned\n|rule|Endless Battle Clause: Forcing endless battles is banned\n|rule|HP Percentage Mod: HP is shown in percentages\n|clearpoke\n|poke|p1|Ceruledge, M|\n|poke|p1|Torkoal, M|\n|poke|p1|Walking Wake|\n|poke|p1|Great Tusk|\n|poke|p1|Clodsire, M|\n|poke|p1|Dragonite, F|\n|poke|p2|Heatran, F|\n|poke|p2|Greninja-*, F|\n|poke|p2|Rillaboom, F|\n|poke|p2|Dragapult, F|\n|poke|p2|Iron Valiant|\n|poke|p2|Kingambit, F|\n|teampreview\n|inactive|Battle timer is ON: inactive players will automatically lose when time's up. (requested by ChosenLotion)\n|\n|t:|1701107485\n|start\n|switch|p1a: Walking Wake|Walking Wake|100\/100\n|switch|p2a: Greninja|Greninja, F|100\/100\n|turn|1\n|\n|t:|1701107500\n|move|p2a: Greninja|Grass Knot|p1a: Walking Wake\n|-start|p2a: Greninja|typechange|Grass|[from] ability: Protean\n|-damage|p1a: Walking Wake|0 fnt\n|faint|p1a: Walking Wake\n|-end|p1a: Walking Wake|Protosynthesis|[silent]\n|\n|upkeep\n|\n|t:|1701107510\n|switch|p1a: Ceruledge|Ceruledge, M, shiny|100\/100\n|turn|2\n|\n|t:|1701107518\n|switch|p2a: Heatran|Heatran, F|100\/100\n|-item|p2a: Heatran|Air Balloon\n|move|p1a: Ceruledge|Swords Dance|p1a: Ceruledge\n|-boost|p1a: Ceruledge|atk|2\n|\n|upkeep\n|turn|3\n|\n|t:|1701107531\n|switch|p2a: Dragapult|Dragapult, F|100\/100\n|move|p1a: Ceruledge|Close Combat|p2a: Dragapult\n|-immune|p2a: Dragapult\n|\n|upkeep\n|turn|4\n|\n|t:|1701107539\n|-terastallize|p2a: Dragapult|Dragon\n|move|p1a: Ceruledge|Shadow Sneak|p2a: Dragapult\n|-damage|p2a: Dragapult|42\/100\n|move|p2a: Dragapult|Dragon Darts|p1a: Ceruledge\n|-damage|p1a: Ceruledge|37\/100\n|-anim|p2a: Dragapult|Dragon Darts|p1a: Ceruledge\n|-damage|p1a: Ceruledge|0 fnt\n|faint|p1a: Ceruledge\n|-damage|p2a: Dragapult|32\/100|[from] item: Life Orb\n|\n|upkeep\n|\n|t:|1701107556\n|switch|p1a: Dragonite|Dragonite, F, shiny|100\/100\n|turn|5\n|\n|t:|1701107559\n|move|p1a: Dragonite|Extreme Speed|p2a: Dragapult\n|-damage|p2a: Dragapult|0 fnt\n|faint|p2a: Dragapult\n|\n|upkeep\n|\n|t:|1701107563\n|switch|p2a: Greninja|Greninja, F|100\/100\n|turn|6\n|\n|t:|1701107568\n|switch|p1a: Torkoal|Torkoal, M, shiny|100\/100\n|-weather|SunnyDay|[from] ability: Drought|[of] p1a: Torkoal\n|move|p2a: Greninja|Ice Beam|p1a: Torkoal\n|-start|p2a: Greninja|typechange|Ice|[from] ability: Protean\n|-resisted|p1a: Torkoal\n|-damage|p1a: Torkoal|61\/100\n|\n|-weather|SunnyDay|[upkeep]\n|upkeep\n|turn|7\n|\n|t:|1701107580\n|switch|p2a: Heatran|Heatran, F|100\/100\n|-item|p2a: Heatran|Air Balloon\n|move|p1a: Torkoal|Yawn|p2a: Heatran\n|-start|p2a: Heatran|move: Yawn|[of] p1a: Torkoal\n|\n|-weather|SunnyDay|[upkeep]\n|upkeep\n|turn|8\n|\n|t:|1701107588\n|move|p2a: Heatran|Stealth Rock|p1a: Torkoal\n|-sidestart|p1: ChosenLotion|move: Stealth Rock\n|move|p1a: Torkoal|Stealth Rock|p2a: Heatran\n|-sidestart|p2: RiskYourLif3|move: Stealth Rock\n|\n|-weather|SunnyDay|[upkeep]\n|-end|p2a: Heatran|move: Yawn|[silent]\n|-status|p2a: Heatran|slp\n|upkeep\n|turn|9\n|\n|t:|1701107597\n|switch|p1a: Great Tusk|Great Tusk|100\/100\n|-damage|p1a: Great Tusk|98\/100|[from] Stealth Rock\n|-activate|p1a: Great Tusk|ability: Protosynthesis\n|-start|p1a: Great Tusk|protosynthesisatk\n|cant|p2a: Heatran|slp\n|\n|-weather|SunnyDay|[upkeep]\n|-heal|p1a: Great Tusk|100\/100|[from] item: Leftovers\n|upkeep\n|turn|10\n|\n|t:|1701107608\n|switch|p2a: Rillaboom|Rillaboom, F|100\/100\n|-damage|p2a: Rillaboom|88\/100|[from] Stealth Rock\n|-fieldstart|move: Grassy Terrain|[from] ability: Grassy Surge|[of] p2a: Rillaboom\n|move|p1a: Great Tusk|Rapid Spin|p2a: Rillaboom\n|-damage|p2a: Rillaboom|65\/100\n|-boost|p1a: Great Tusk|spe|1\n|-sideend|p1: ChosenLotion|Stealth Rock|[from] move: Rapid Spin|[of] p1a: Great Tusk\n|\n|-weather|SunnyDay|[upkeep]\n|-heal|p2a: Rillaboom|71\/100|[from] Grassy Terrain\n|upkeep\n|turn|11\n|\n|t:|1701107623\n|-end|p1a: Great Tusk|Protosynthesis|[silent]\n|switch|p1a: Dragonite|Dragonite, F, shiny|100\/100\n|move|p2a: Rillaboom|Wood Hammer|p1a: Dragonite\n|-resisted|p1a: Dragonite\n|-damage|p1a: Dragonite|87\/100\n|-damage|p2a: Rillaboom|66\/100|[from] Recoil\n|-damage|p2a: Rillaboom|56\/100|[from] item: Life Orb\n|\n|-weather|SunnyDay|[upkeep]\n|-heal|p2a: Rillaboom|62\/100|[from] Grassy Terrain\n|upkeep\n|turn|12\n|\n|t:|1701107635\n|move|p2a: Rillaboom|Knock Off|p1a: Dragonite\n|-damage|p1a: Dragonite|43\/100\n|-enditem|p1a: Dragonite|Heavy-Duty Boots|[from] move: Knock Off|[of] p2a: Rillaboom\n|-damage|p2a: Rillaboom|52\/100|[from] item: Life Orb\n|move|p1a: Dragonite|Dragon Dance|p1a: Dragonite\n|-boost|p1a: Dragonite|atk|1\n|-boost|p1a: Dragonite|spe|1\n|\n|-weather|SunnyDay|[upkeep]\n|-heal|p2a: Rillaboom|59\/100|[from] Grassy Terrain\n|upkeep\n|turn|13\n|\n|t:|1701107649\n|move|p1a: Dragonite|Roost|p1a: Dragonite\n|-heal|p1a: Dragonite|94\/100\n|-singleturn|p1a: Dragonite|move: Roost\n|move|p2a: Rillaboom|U-turn|p1a: Dragonite\n|-damage|p1a: Dragonite|65\/100\n|-damage|p2a: Rillaboom|49\/100|[from] item: Life Orb\n|\n|t:|1701107653\n|switch|p2a: Iron Valiant|Iron Valiant|100\/100|[from] U-turn\n|-damage|p2a: Iron Valiant|94\/100|[from] Stealth Rock\n|-enditem|p2a: Iron Valiant|Booster Energy\n|-activate|p2a: Iron Valiant|ability: Quark Drive|[fromitem]\n|-start|p2a: Iron Valiant|quarkdrivespe\n|\n|-weather|none\n|-heal|p2a: Iron Valiant|100\/100|[from] Grassy Terrain\n|-heal|p1a: Dragonite|72\/100|[from] Grassy Terrain\n|upkeep\n|turn|14\n|\n|t:|1701107668\n|-terastallize|p1a: Dragonite|Normal\n|move|p1a: Dragonite|Extreme Speed|p2a: Iron Valiant\n|-damage|p2a: Iron Valiant|11\/100\n|move|p2a: Iron Valiant|Moonblast|p1a: Dragonite\n|-damage|p1a: Dragonite|27\/100\n|-unboost|p1a: Dragonite|spa|1\n|\n|-heal|p2a: Iron Valiant|17\/100|[from] Grassy Terrain\n|-heal|p1a: Dragonite|33\/100|[from] Grassy Terrain\n|-fieldend|move: Grassy Terrain\n|upkeep\n|turn|15\n|\n|t:|1701107681\n|move|p1a: Dragonite|Extreme Speed|p2a: Iron Valiant\n|-damage|p2a: Iron Valiant|0 fnt\n|faint|p2a: Iron Valiant\n|-end|p2a: Iron Valiant|Quark Drive|[silent]\n|\n|upkeep\n|\n|t:|1701107693\n|switch|p2a: Greninja|Greninja, F|100\/100\n|-damage|p2a: Greninja|88\/100|[from] Stealth Rock\n|turn|16\n|\n|t:|1701107699\n|move|p1a: Dragonite|Extreme Speed|p2a: Greninja\n|-damage|p2a: Greninja|0 fnt\n|faint|p2a: Greninja\n|\n|upkeep\n|\n|t:|1701107706\n|switch|p2a: Heatran|Heatran, F|100\/100 slp\n|-damage|p2a: Heatran|88\/100 slp|[from] Stealth Rock\n|-item|p2a: Heatran|Air Balloon\n|turn|17\n|\n|t:|1701107712\n|move|p1a: Dragonite|Roost|p1a: Dragonite\n|-heal|p1a: Dragonite|83\/100\n|cant|p2a: Heatran|slp\n|\n|upkeep\n|turn|18\n|\n|t:|1701107719\n|move|p1a: Dragonite|Extreme Speed|p2a: Heatran\n|-resisted|p2a: Heatran\n|-damage|p2a: Heatran|59\/100 slp\n|-enditem|p2a: Heatran|Air Balloon\n|cant|p2a: Heatran|slp\n|\n|upkeep\n|turn|19\n|\n|t:|1701107727\n|move|p1a: Dragonite|Earthquake|p2a: Heatran\n|-supereffective|p2a: Heatran\n|-damage|p2a: Heatran|0 fnt\n|faint|p2a: Heatran\n|\n|upkeep\n|c|\u2606RiskYourLif3|3 turn sleep nice\n|\n|t:|1701107730\n|switch|p2a: Kingambit|Kingambit, F|100\/100\n|-damage|p2a: Kingambit|94\/100|[from] Stealth Rock\n|-activate|p2a: Kingambit|ability: Supreme Overlord\n|-start|p2a: Kingambit|fallen4|[silent]\n|turn|20\n|\n|t:|1701107736\n|move|p1a: Dragonite|Roost|p1a: Dragonite\n|-heal|p1a: Dragonite|100\/100\n|move|p2a: Kingambit|Kowtow Cleave|p1a: Dragonite\n|-damage|p1a: Dragonite|64\/100\n|\n|-heal|p2a: Kingambit|100\/100|[from] item: Leftovers\n|upkeep\n|turn|21\n|\n|t:|1701107757\n|move|p1a: Dragonite|Earthquake|p2a: Kingambit\n|-supereffective|p2a: Kingambit\n|-damage|p2a: Kingambit|21\/100\n|move|p2a: Kingambit|Kowtow Cleave|p1a: Dragonite\n|-damage|p1a: Dragonite|0 fnt\n|faint|p1a: Dragonite\n|\n|-heal|p2a: Kingambit|27\/100|[from] item: Leftovers\n|upkeep\n|\n|t:|1701107771\n|switch|p1a: Torkoal|Torkoal, M, shiny|61\/100\n|-weather|SunnyDay|[from] ability: Drought|[of] p1a: Torkoal\n|turn|22\n|\n|t:|1701107788\n|move|p2a: Kingambit|Sucker Punch|p1a: Torkoal\n|-damage|p1a: Torkoal|28\/100\n|move|p1a: Torkoal|Lava Plume|p2a: Kingambit\n|-supereffective|p2a: Kingambit\n|-damage|p2a: Kingambit|0 fnt\n|faint|p2a: Kingambit\n|-end|p2a: Kingambit|fallen4|[silent]\n|\n|-weather|SunnyDay|[upkeep]\n|upkeep\n|\n|t:|1701107790\n|switch|p2a: Rillaboom|Rillaboom, F|49\/100\n|-damage|p2a: Rillaboom|36\/100|[from] Stealth Rock\n|-fieldstart|move: Grassy Terrain|[from] ability: Grassy Surge|[of] p2a: Rillaboom\n|turn|23\n|\n|t:|1701107802\n|move|p2a: Rillaboom|Knock Off|p1a: Torkoal\n|-damage|p1a: Torkoal|3\/100\n|-enditem|p1a: Torkoal|Heat Rock|[from] move: Knock Off|[of] p2a: Rillaboom\n|-damage|p2a: Rillaboom|26\/100|[from] item: Life Orb\n|move|p1a: Torkoal|Lava Plume|p2a: Rillaboom\n|-supereffective|p2a: Rillaboom\n|-damage|p2a: Rillaboom|0 fnt\n|faint|p2a: Rillaboom\n|\n|win|ChosenLotion\n|raw|ChosenLotion's rating: 1341 &rarr; <strong>1359<\/strong><br \/>(+18 for winning)\n|raw|RiskYourLif3's rating: 1301 &rarr; <strong>1283<\/strong><br \/>(-18 for losing)\n|c|\u2606ChosenLotion|GG\n|l|\u2606RiskYourLif3\n","uploadtime":1701107831,"views":10,"p1id":"chosenlotion","p2id":"riskyourlif3","formatid":"gen9ou","rating":1283,"private":0,"password":""}