{"id":"gen9ou-1997074658","p1":"AKAKingACE","p2":"RepeatUntilTired3","format":"[Gen 9] OU","log":"|j|\u2606AKAKingACE\n|j|\u2606RepeatUntilTired3\n|t:|1700761928\n|gametype|singles\n|player|p1|AKAKingACE|101|1392\n|player|p2|RepeatUntilTired3|marlon|1551\n|teamsize|p1|6\n|teamsize|p2|6\n|gen|9\n|tier|[Gen 9] OU\n|rated|\n|rule|Sleep Clause Mod: Limit one foe put to sleep\n|rule|Species Clause: Limit one of each Pok\u00e9mon\n|rule|OHKO Clause: OHKO moves are banned\n|rule|Evasion Items Clause: Evasion items are banned\n|rule|Evasion Moves Clause: Evasion moves are banned\n|rule|Endless Battle Clause: Forcing endless battles is banned\n|rule|HP Percentage Mod: HP is shown in percentages\n|clearpoke\n|poke|p1|Zapdos|\n|poke|p1|Iron Hands|\n|poke|p1|Kingambit, F|\n|poke|p1|Iron Moth|\n|poke|p1|Iron Valiant|\n|poke|p1|Zamazenta-*|\n|poke|p2|Basculegion-F, F|\n|poke|p2|Thundurus-Therian, M|\n|poke|p2|Tornadus-Therian, M|\n|poke|p2|Pelipper, M|\n|poke|p2|Iron Treads|\n|poke|p2|Samurott-Hisui, M|\n|teampreview\n|inactive|Battle timer is ON: inactive players will automatically lose when time's up. (requested by RepeatUntilTired3)\n|\n|t:|1700761939\n|start\n|switch|p1a: Zapdos|Zapdos|100\/100\n|switch|p2a: BigDaddyPel|Pelipper, M|100\/100\n|-weather|RainDance|[from] ability: Drizzle|[of] p2a: BigDaddyPel\n|turn|1\n|\n|t:|1700761945\n|switch|p2a: Droideka|Iron Treads|100\/100\n|move|p1a: Zapdos|Volt Switch|p2a: Droideka\n|-immune|p2a: Droideka\n|\n|-weather|RainDance|[upkeep]\n|upkeep\n|turn|2\n|\n|t:|1700761952\n|move|p1a: Zapdos|Hurricane|p2a: Droideka\n|-resisted|p2a: Droideka\n|-damage|p2a: Droideka|81\/100\n|move|p2a: Droideka|Stealth Rock|p1a: Zapdos\n|-sidestart|p1: AKAKingACE|move: Stealth Rock\n|\n|-weather|RainDance|[upkeep]\n|-heal|p2a: Droideka|87\/100|[from] item: Leftovers\n|upkeep\n|turn|3\n|\n|t:|1700761959\n|move|p1a: Zapdos|Hurricane|p2a: Droideka\n|-resisted|p2a: Droideka\n|-damage|p2a: Droideka|68\/100\n|move|p2a: Droideka|Volt Switch|p1a: Zapdos\n|-damage|p1a: Zapdos|88\/100\n|\n|t:|1700761968\n|-end|p2a: Droideka|Quark Drive|[silent]\n|switch|p2a: FatThor|Thundurus-Therian, M|100\/100|[from] Volt Switch\n|\n|-weather|RainDance|[upkeep]\n|upkeep\n|turn|4\n|\n|t:|1700761977\n|move|p2a: FatThor|Thunder|p1a: Zapdos\n|-damage|p1a: Zapdos|28\/100\n|move|p1a: Zapdos|Hurricane|p2a: FatThor\n|-resisted|p2a: FatThor\n|-damage|p2a: FatThor|69\/100\n|\n|-weather|RainDance|[upkeep]\n|upkeep\n|turn|5\n|\n|t:|1700761985\n|switch|p1a: Iron Hands|Iron Hands|100\/100\n|-damage|p1a: Iron Hands|94\/100|[from] Stealth Rock\n|move|p2a: FatThor|Thunder|p1a: Iron Hands\n|-resisted|p1a: Iron Hands\n|-damage|p1a: Iron Hands|75\/100\n|\n|-weather|RainDance|[upkeep]\n|upkeep\n|turn|6\n|\n|t:|1700762004\n|-terastallize|p2a: FatThor|Water\n|move|p2a: FatThor|Weather Ball|p1a: Iron Hands\n|-damage|p1a: Iron Hands|27\/100\n|move|p1a: Iron Hands|Ice Punch|p2a: FatThor\n|-resisted|p2a: FatThor\n|-damage|p2a: FatThor|44\/100\n|\n|-weather|RainDance|[upkeep]\n|upkeep\n|turn|7\n|\n|t:|1700762013\n|move|p2a: FatThor|Weather Ball|p1a: Iron Hands\n|-damage|p1a: Iron Hands|0 fnt\n|faint|p1a: Iron Hands\n|-end|p1a: Iron Hands|Quark Drive|[silent]\n|\n|-weather|RainDance|[upkeep]\n|upkeep\n|-message|AKAKingACE forfeited.\n|\n|win|RepeatUntilTired3\n|raw|AKAKingACE's rating: 1392 &rarr; <strong>1381<\/strong><br \/>(-11 for losing)\n|raw|RepeatUntilTired3's rating: 1551 &rarr; <strong>1562<\/strong><br \/>(+11 for winning)\n|l|\u2606AKAKingACE\n","uploadtime":1700762022,"views":25,"p1id":"akakingace","p2id":"repeatuntiltired3","formatid":"gen9ou","rating":1381,"private":0,"password":""}