{"id":"gen9ou-1989267139","p1":"oldworm","p2":"NYC Red","format":"[Gen 9] OU","log":"|j|\u2606oldworm\n|j|\u2606NYC Red\n|t:|1699829834\n|gametype|singles\n|player|p1|oldworm|170|1179\n|player|p2|NYC Red|170|1106\n|teamsize|p1|6\n|teamsize|p2|6\n|gen|9\n|tier|[Gen 9] OU\n|rated|\n|rule|Sleep Clause Mod: Limit one foe put to sleep\n|rule|Species Clause: Limit one of each Pok\u00e9mon\n|rule|OHKO Clause: OHKO moves are banned\n|rule|Evasion Items Clause: Evasion items are banned\n|rule|Evasion Moves Clause: Evasion moves are banned\n|rule|Endless Battle Clause: Forcing endless battles is banned\n|rule|HP Percentage Mod: HP is shown in percentages\n|clearpoke\n|poke|p1|Alomomola, F|\n|poke|p1|Slowking-Galar, F|\n|poke|p1|Kingambit, F|\n|poke|p1|Great Tusk|\n|poke|p1|Cinderace, F|\n|poke|p1|Thundurus-Therian, M|\n|poke|p2|Ribombee, F|\n|poke|p2|Empoleon, F|\n|poke|p2|Gholdengo|\n|poke|p2|Great Tusk|\n|poke|p2|Greninja-*, M|\n|poke|p2|Iron Moth|\n|teampreview\n|\n|t:|1699829844\n|start\n|switch|p1a: Cinderace|Cinderace, F|100\/100\n|switch|p2a: Amazon Lily|Ribombee, F|100\/100\n|turn|1\n|inactive|Battle timer is ON: inactive players will automatically lose when time's up. (requested by NYC Red)\n|\n|t:|1699829859\n|move|p2a: Amazon Lily|Stun Spore|p1a: Cinderace\n|-status|p1a: Cinderace|par\n|move|p1a: Cinderace|Court Change||[still]\n|-start|p1a: Cinderace|typechange|Normal|[from] ability: Libero\n|-swapsideconditions\n|-fail|p1a: Cinderace\n|\n|upkeep\n|turn|2\n|\n|t:|1699829871\n|move|p2a: Amazon Lily|Moonblast|p1a: Cinderace\n|-damage|p1a: Cinderace|42\/100 par\n|-unboost|p1a: Cinderace|spa|1\n|move|p1a: Cinderace|Pyro Ball|p2a: Amazon Lily\n|-supereffective|p2a: Amazon Lily\n|-enditem|p2a: Amazon Lily|Focus Sash\n|-damage|p2a: Amazon Lily|1\/100\n|\n|upkeep\n|turn|3\n|\n|t:|1699829883\n|switch|p1a: Thundurus|Thundurus-Therian, M|100\/100\n|move|p2a: Amazon Lily|Moonblast|p1a: Thundurus\n|-damage|p1a: Thundurus|45\/100\n|\n|upkeep\n|turn|4\n|\n|t:|1699829894\n|switch|p1a: Slowking|Slowking-Galar, F|100\/100\n|move|p2a: Amazon Lily|Moonblast|p1a: Slowking\n|-resisted|p1a: Slowking\n|-damage|p1a: Slowking|88\/100\n|\n|upkeep\n|turn|5\n|\n|t:|1699829906\n|move|p2a: Amazon Lily|Sticky Web|p1a: Slowking\n|-sidestart|p1: oldworm|move: Sticky Web\n|move|p1a: Slowking|Future Sight|p2a: Amazon Lily\n|-start|p1a: Slowking|move: Future Sight\n|\n|upkeep\n|turn|6\n|\n|t:|1699829918\n|move|p2a: Amazon Lily|Stun Spore|p1a: Slowking\n|-status|p1a: Slowking|par\n|move|p1a: Slowking|Sludge Bomb|p2a: Amazon Lily\n|-supereffective|p2a: Amazon Lily\n|-damage|p2a: Amazon Lily|0 fnt\n|faint|p2a: Amazon Lily\n|\n|upkeep\n|\n|t:|1699829923\n|switch|p2a: Baratie|Empoleon, F|100\/100\n|turn|7\n|\n|t:|1699829930\n|move|p2a: Baratie|Stealth Rock|p1a: Slowking\n|-sidestart|p1: oldworm|move: Stealth Rock\n|move|p1a: Slowking|Chilly Reception|p1a: Slowking\n|-weather|Snow\n|\n|t:|1699829951\n|switch|p1a: Alomomola|Alomomola, F|100\/100|[from] Chilly Reception\n|-activate|p1a: Alomomola|move: Sticky Web\n|-unboost|p1a: Alomomola|spe|1\n|-damage|p1a: Alomomola|88\/100|[from] Stealth Rock\n|\n|-weather|Snow|[upkeep]\n|-end|p2a: Baratie|move: Future Sight\n|-resisted|p2a: Baratie\n|-damage|p2a: Baratie|85\/100\n|-heal|p2a: Baratie|91\/100|[from] item: Leftovers\n|upkeep\n|turn|8\n|\n|t:|1699829960\n|move|p2a: Baratie|Flip Turn|p1a: Alomomola\n|-resisted|p1a: Alomomola\n|-damage|p1a: Alomomola|83\/100\n|-enditem|p1a: Alomomola|Red Card|[of] p2a: Baratie\n|drag|p2a: Sabaody|Greninja, M|100\/100\n|move|p1a: Alomomola|Wish|p1a: Alomomola\n|\n|-weather|Snow|[upkeep]\n|upkeep\n|turn|9\n|\n|t:|1699829970\n|move|p2a: Sabaody|Spikes|p1a: Alomomola\n|-sidestart|p1: oldworm|Spikes\n|move|p1a: Alomomola|Flip Turn|p2a: Sabaody\n|-resisted|p2a: Sabaody\n|-damage|p2a: Sabaody|87\/100\n|inactive|oldworm has 120 seconds left.\n|\n|t:|1699829991\n|switch|p1a: Cinderace|Cinderace, F|42\/100 par|[from] Flip Turn\n|\n|-weather|Snow|[upkeep]\n|-heal|p1a: Cinderace|100\/100 par|[from] move: Wish|[wisher] Alomomola\n|upkeep\n|turn|10\n|\n|t:|1699830001\n|-terastallize|p1a: Cinderace|Grass\n|move|p2a: Sabaody|Hydro Pump|p1a: Cinderace\n|-resisted|p1a: Cinderace\n|-damage|p1a: Cinderace|56\/100 par\n|-damage|p2a: Sabaody|77\/100|[from] item: Life Orb\n|cant|p1a: Cinderace|par\n|\n|-weather|Snow|[upkeep]\n|upkeep\n|turn|11\n|inactive|oldworm has 120 seconds left.\n|\n|t:|1699830023\n|switch|p1a: Alomomola|Alomomola, F|100\/100\n|-activate|p1a: Alomomola|move: Sticky Web\n|-unboost|p1a: Alomomola|spe|1\n|-damage|p1a: Alomomola|88\/100|[from] Stealth Rock\n|-damage|p1a: Alomomola|76\/100|[from] Spikes\n|move|p2a: Sabaody|Ice Beam|p1a: Alomomola\n|-resisted|p1a: Alomomola\n|-damage|p1a: Alomomola|60\/100\n|-damage|p2a: Sabaody|67\/100|[from] item: Life Orb\n|\n|-weather|none\n|upkeep\n|turn|12\n|inactive|oldworm has 120 seconds left.\n|\n|t:|1699830030\n|move|p2a: Sabaody|Spikes|p1a: Alomomola\n|-sidestart|p1: oldworm|Spikes\n|move|p1a: Alomomola|Acrobatics|p2a: Sabaody\n|-damage|p2a: Sabaody|37\/100\n|\n|upkeep\n|turn|13\n|\n|t:|1699830038\n|move|p2a: Sabaody|Spikes|p1a: Alomomola\n|-sidestart|p1: oldworm|Spikes\n|move|p1a: Alomomola|Acrobatics|p2a: Sabaody\n|-damage|p2a: Sabaody|4\/100\n|\n|upkeep\n|turn|14\n|inactive|oldworm has 120 seconds left.\n|\n|t:|1699830078\n|move|p2a: Sabaody|Dark Pulse|p1a: Alomomola\n|-damage|p1a: Alomomola|15\/100\n|-damage|p2a: Sabaody|0 fnt|[from] item: Life Orb\n|faint|p2a: Sabaody\n|move|p1a: Alomomola|Flip Turn|p2: Sabaody|[notarget]\n|-fail|p1a: Alomomola\n|\n|upkeep\n|\n|t:|1699830089\n|switch|p2a: Egghead|Iron Moth|100\/100\n|-enditem|p2a: Egghead|Booster Energy\n|-activate|p2a: Egghead|ability: Quark Drive|[fromitem]\n|-start|p2a: Egghead|quarkdrivespe\n|turn|15\n|\n|t:|1699830100\n|switch|p1a: Slowking|Slowking-Galar, F|100\/100 par\n|move|p2a: Egghead|Fiery Dance|p1a: Slowking\n|-damage|p1a: Slowking|75\/100 par\n|-boost|p2a: Egghead|spa|1\n|\n|upkeep\n|turn|16\n|\n|t:|1699830109\n|move|p2a: Egghead|Substitute|p2a: Egghead\n|-start|p2a: Egghead|Substitute\n|-damage|p2a: Egghead|76\/100\n|cant|p1a: Slowking|par\n|\n|upkeep\n|turn|17\n|\n|t:|1699830115\n|move|p2a: Egghead|Fiery Dance|p1a: Slowking\n|-damage|p1a: Slowking|39\/100 par\n|-boost|p2a: Egghead|spa|1\n|cant|p1a: Slowking|par\n|\n|upkeep\n|turn|18\n|inactive|oldworm has 120 seconds left.\n|\n|t:|1699830143\n|switch|p1a: Kingambit|Kingambit, F|100\/100\n|-activate|p1a: Kingambit|move: Sticky Web\n|-unboost|p1a: Kingambit|spe|1\n|-damage|p1a: Kingambit|94\/100|[from] Stealth Rock\n|-damage|p1a: Kingambit|69\/100|[from] Spikes\n|move|p2a: Egghead|Fiery Dance|p1a: Kingambit\n|-supereffective|p1a: Kingambit\n|-damage|p1a: Kingambit|0 fnt\n|faint|p1a: Kingambit\n|-end|p1a: Kingambit|fallenundefined|[silent]\n|\n|upkeep\n|inactive|oldworm has 90 seconds left.\n|\n|t:|1699830160\n|switch|p1a: Slowking|Slowking-Galar, F|72\/100 par\n|turn|19\n|\n|t:|1699830163\n|move|p2a: Egghead|Fiery Dance|p1a: Slowking\n|-damage|p1a: Slowking|25\/100 par\n|move|p1a: Slowking|Future Sight|p2a: Egghead\n|-start|p1a: Slowking|move: Future Sight\n|\n|upkeep\n|turn|20\n|inactive|oldworm has 90 seconds left.\n|\n|t:|1699830188\n|switch|p1a: Great Tusk|Great Tusk|100\/100\n|-activate|p1a: Great Tusk|move: Sticky Web\n|-unboost|p1a: Great Tusk|spe|1\n|-damage|p1a: Great Tusk|98\/100|[from] Stealth Rock\n|-damage|p1a: Great Tusk|73\/100|[from] Spikes\n|move|p2a: Egghead|Fiery Dance|p1a: Great Tusk\n|-damage|p1a: Great Tusk|0 fnt\n|-boost|p2a: Egghead|spa|1\n|faint|p1a: Great Tusk\n|-end|p1a: Great Tusk|Protosynthesis|[silent]\n|\n|upkeep\n|\n|t:|1699830193\n|switch|p1a: Slowking|Slowking-Galar, F|59\/100 par\n|turn|21\n|\n|t:|1699830199\n|move|p2a: Egghead|Fiery Dance|p1a: Slowking\n|-damage|p1a: Slowking|0 fnt\n|-boost|p2a: Egghead|spa|1\n|faint|p1a: Slowking\n|\n|-end|p2a: Egghead|move: Future Sight\n|-supereffective|p2a: Egghead\n|-end|p2a: Egghead|Substitute\n|upkeep\n|-message|oldworm forfeited.\n|\n|win|NYC Red\n|raw|oldworm's rating: 1179 &rarr; <strong>1149<\/strong><br \/>(-30 for losing)\n|raw|NYC Red's rating: 1106 &rarr; <strong>1136<\/strong><br \/>(+30 for winning)\n|l|\u2606oldworm\n","uploadtime":1699830217,"views":11,"p1id":"oldworm","p2id":"nycred","formatid":"gen9ou","rating":1136,"private":0,"password":""}