{"id":"gen9ou-1990878484","p1":"Angerybee","p2":"goodbye oreo","format":"[Gen 9] OU","log":"|j|\u2606Angerybee\n|j|\u2606goodbye oreo\n|t:|1700010557\n|gametype|singles\n|player|p1|Angerybee|fisherman-gen4|1174\n|player|p2|goodbye oreo|steven|1124\n|teamsize|p1|6\n|teamsize|p2|6\n|gen|9\n|tier|[Gen 9] OU\n|rated|\n|rule|Sleep Clause Mod: Limit one foe put to sleep\n|rule|Species Clause: Limit one of each Pok\u00e9mon\n|rule|OHKO Clause: OHKO moves are banned\n|rule|Evasion Items Clause: Evasion items are banned\n|rule|Evasion Moves Clause: Evasion moves are banned\n|rule|Endless Battle Clause: Forcing endless battles is banned\n|rule|HP Percentage Mod: HP is shown in percentages\n|clearpoke\n|poke|p1|Pelipper, M|\n|poke|p1|Jolteon, F|\n|poke|p1|Ludicolo, F|\n|poke|p1|Ogerpon-Wellspring, F|\n|poke|p1|Tornadus-Therian, M|\n|poke|p1|Ribombee, M|\n|poke|p2|Regidrago|\n|poke|p2|Gholdengo|\n|poke|p2|Kingambit, F|\n|poke|p2|Great Tusk|\n|poke|p2|Dondozo, F|\n|poke|p2|Zapdos|\n|teampreview\n|inactive|Battle timer is ON: inactive players will automatically lose when time's up. (requested by goodbye oreo)\n|\n|t:|1700010563\n|start\n|switch|p1a: Ludicolo|Ludicolo, F|100\/100\n|switch|p2a: Zapdos|Zapdos|100\/100\n|turn|1\n|\n|t:|1700010577\n|switch|p1a: Jolteon|Jolteon, F|100\/100\n|move|p2a: Zapdos|Volt Switch|p1a: Jolteon\n|-immune|p1a: Jolteon|[from] ability: Volt Absorb\n|\n|upkeep\n|turn|2\n|\n|t:|1700010585\n|switch|p2a: Great Tusk|Great Tusk|100\/100\n|move|p1a: Jolteon|Volt Switch|p2a: Great Tusk\n|-immune|p2a: Great Tusk\n|\n|upkeep\n|turn|3\n|\n|t:|1700010592\n|switch|p1a: Pelipper|Pelipper, M|100\/100\n|-weather|RainDance|[from] ability: Drizzle|[of] p1a: Pelipper\n|move|p2a: Great Tusk|Stealth Rock|p1a: Pelipper\n|-sidestart|p1: Angerybee|move: Stealth Rock\n|\n|-weather|RainDance|[upkeep]\n|upkeep\n|turn|4\n|\n|t:|1700010600\n|-end|p2a: Great Tusk|Protosynthesis|[silent]\n|switch|p2a: Zapdos|Zapdos|100\/100\n|move|p1a: Pelipper|Hurricane|p2a: Zapdos\n|-resisted|p2a: Zapdos\n|-damage|p2a: Zapdos|86\/100\n|\n|-weather|RainDance|[upkeep]\n|-heal|p2a: Zapdos|92\/100|[from] item: Leftovers\n|upkeep\n|turn|5\n|\n|t:|1700010608\n|switch|p1a: Jolteon|Jolteon, F|100\/100\n|-damage|p1a: Jolteon|88\/100|[from] Stealth Rock\n|move|p2a: Zapdos|Volt Switch|p1a: Jolteon\n|-heal|p1a: Jolteon|100\/100|[from] ability: Volt Absorb|[of] p2a: Zapdos\n|\n|-weather|RainDance|[upkeep]\n|-heal|p2a: Zapdos|98\/100|[from] item: Leftovers\n|upkeep\n|turn|6\n|\n|t:|1700010611\n|switch|p2a: Great Tusk|Great Tusk|100\/100\n|move|p1a: Jolteon|Weather Ball|p2a: Great Tusk\n|-supereffective|p2a: Great Tusk\n|-damage|p2a: Great Tusk|0 fnt\n|faint|p2a: Great Tusk\n|-end|p2a: Great Tusk|Protosynthesis|[silent]\n|\n|-weather|RainDance|[upkeep]\n|upkeep\n|c|\u2606goodbye oreo|ow\n|\n|t:|1700010628\n|switch|p2a: Gholdengo|Gholdengo|100\/100\n|turn|7\n|\n|t:|1700010632\n|move|p1a: Jolteon|Weather Ball|p2a: Gholdengo\n|-damage|p2a: Gholdengo|40\/100\n|move|p2a: Gholdengo|Make It Rain|p1a: Jolteon\n|-resisted|p1a: Jolteon\n|-damage|p1a: Jolteon|55\/100\n|-unboost|p2a: Gholdengo|spa|1\n|\n|-weather|RainDance|[upkeep]\n|upkeep\n|turn|8\n|\n|t:|1700010636\n|move|p1a: Jolteon|Weather Ball|p2a: Gholdengo\n|-damage|p2a: Gholdengo|0 fnt\n|faint|p2a: Gholdengo\n|\n|-weather|RainDance|[upkeep]\n|upkeep\n|\n|t:|1700010643\n|switch|p2a: Kingambit|Kingambit, F|100\/100\n|-activate|p2a: Kingambit|ability: Supreme Overlord\n|-start|p2a: Kingambit|fallen2|[silent]\n|turn|9\n|\n|t:|1700010647\n|move|p1a: Jolteon|Weather Ball|p2a: Kingambit\n|-damage|p2a: Kingambit|50\/100\n|move|p2a: Kingambit|Swords Dance|p2a: Kingambit\n|-boost|p2a: Kingambit|atk|2\n|\n|-weather|RainDance|[upkeep]\n|-heal|p2a: Kingambit|56\/100|[from] item: Leftovers\n|upkeep\n|turn|10\n|\n|t:|1700010654\n|move|p2a: Kingambit|Sucker Punch|p1a: Jolteon\n|-damage|p1a: Jolteon|0 fnt\n|faint|p1a: Jolteon\n|\n|-weather|none\n|-heal|p2a: Kingambit|62\/100|[from] item: Leftovers\n|upkeep\n|\n|t:|1700010658\n|switch|p1a: Pelipper|Pelipper, M|100\/100\n|-damage|p1a: Pelipper|76\/100|[from] Stealth Rock\n|-weather|RainDance|[from] ability: Drizzle|[of] p1a: Pelipper\n|turn|11\n|\n|t:|1700010663\n|move|p2a: Kingambit|Sucker Punch|p1a: Pelipper\n|-damage|p1a: Pelipper|0 fnt\n|faint|p1a: Pelipper\n|\n|-weather|RainDance|[upkeep]\n|-heal|p2a: Kingambit|68\/100|[from] item: Leftovers\n|upkeep\n|\n|t:|1700010666\n|switch|p1a: Ogerpon|Ogerpon-Wellspring, F|100\/100\n|-damage|p1a: Ogerpon|88\/100|[from] Stealth Rock\n|turn|12\n|\n|t:|1700010671\n|move|p1a: Ogerpon|Swords Dance|p1a: Ogerpon\n|-boost|p1a: Ogerpon|atk|2\n|move|p2a: Kingambit|Kowtow Cleave|p1a: Ogerpon\n|-damage|p1a: Ogerpon|0 fnt\n|faint|p1a: Ogerpon\n|\n|-weather|RainDance|[upkeep]\n|-heal|p2a: Kingambit|75\/100|[from] item: Leftovers\n|upkeep\n|\n|t:|1700010676\n|switch|p1a: Tornadus|Tornadus-Therian, M|100\/100\n|-damage|p1a: Tornadus|76\/100|[from] Stealth Rock\n|turn|13\n|\n|t:|1700010682\n|move|p2a: Kingambit|Sucker Punch|p1a: Tornadus\n|-damage|p1a: Tornadus|0 fnt\n|faint|p1a: Tornadus\n|\n|-weather|RainDance|[upkeep]\n|-heal|p2a: Kingambit|81\/100|[from] item: Leftovers\n|upkeep\n|\n|t:|1700010685\n|switch|p1a: Ribombee|Ribombee, M|100\/100\n|-damage|p1a: Ribombee|76\/100|[from] Stealth Rock\n|turn|14\n|\n|t:|1700010689\n|move|p1a: Ribombee|Stun Spore|p2a: Kingambit\n|-status|p2a: Kingambit|par\n|move|p2a: Kingambit|Iron Head|p1a: Ribombee\n|-supereffective|p1a: Ribombee\n|-damage|p1a: Ribombee|0 fnt\n|faint|p1a: Ribombee\n|\n|-weather|RainDance|[upkeep]\n|-heal|p2a: Kingambit|87\/100 par|[from] item: Leftovers\n|upkeep\n|\n|t:|1700010694\n|switch|p1a: Ludicolo|Ludicolo, F|100\/100\n|-damage|p1a: Ludicolo|88\/100|[from] Stealth Rock\n|turn|15\n|\n|t:|1700010698\n|-terastallize|p1a: Ludicolo|Water\n|move|p1a: Ludicolo|Weather Ball|p2a: Kingambit\n|-damage|p2a: Kingambit|0 fnt\n|faint|p2a: Kingambit\n|-end|p2a: Kingambit|fallen2|[silent]\n|\n|-weather|RainDance|[upkeep]\n|upkeep\n|\n|t:|1700010713\n|switch|p2a: Zapdos|Zapdos|98\/100\n|turn|16\n|\n|t:|1700010716\n|move|p1a: Ludicolo|Weather Ball|p2a: Zapdos\n|-damage|p2a: Zapdos|0 fnt\n|faint|p2a: Zapdos\n|\n|-weather|RainDance|[upkeep]\n|upkeep\n|\n|t:|1700010719\n|switch|p2a: Dondozo|Dondozo, F|100\/100\n|turn|17\n|\n|t:|1700010723\n|move|p1a: Ludicolo|Giga Drain|p2a: Dondozo\n|-supereffective|p2a: Dondozo\n|-damage|p2a: Dondozo|38\/100\n|-heal|p1a: Ludicolo|100\/100|[from] drain|[of] p2a: Dondozo\n|move|p2a: Dondozo|Rest|p2a: Dondozo\n|-status|p2a: Dondozo|slp|[from] move: Rest\n|-heal|p2a: Dondozo|100\/100 slp|[silent]\n|\n|-weather|RainDance|[upkeep]\n|upkeep\n|turn|18\n|\n|t:|1700010726\n|move|p1a: Ludicolo|Giga Drain|p2a: Dondozo\n|-supereffective|p2a: Dondozo\n|-damage|p2a: Dondozo|29\/100 slp\n|cant|p2a: Dondozo|slp\n|move|p2a: Dondozo|Sleep Talk|p2a: Dondozo\n|move|p2a: Dondozo|Curse|p2a: Dondozo|[from]move: Sleep Talk\n|-unboost|p2a: Dondozo|spe|1\n|-boost|p2a: Dondozo|atk|1\n|-boost|p2a: Dondozo|def|1\n|\n|-weather|none\n|-heal|p2a: Dondozo|35\/100 slp|[from] item: Leftovers\n|upkeep\n|turn|19\n|\n|t:|1700010730\n|move|p1a: Ludicolo|Rain Dance|p1a: Ludicolo\n|-weather|RainDance\n|cant|p2a: Dondozo|slp\n|move|p2a: Dondozo|Sleep Talk|p2a: Dondozo\n|move|p2a: Dondozo|Rest||[from]move: Sleep Talk|[still]\n|-fail|p2a: Dondozo\n|\n|-weather|RainDance|[upkeep]\n|-heal|p2a: Dondozo|41\/100 slp|[from] item: Leftovers\n|upkeep\n|turn|20\n|\n|t:|1700010735\n|move|p1a: Ludicolo|Giga Drain|p2a: Dondozo\n|-supereffective|p2a: Dondozo\n|-damage|p2a: Dondozo|0 fnt\n|faint|p2a: Dondozo\n|\n|-weather|RainDance|[upkeep]\n|upkeep\n|\n|t:|1700010736\n|switch|p2a: Nuke|Regidrago|100\/100\n|turn|21\n|\n|t:|1700010738\n|-terastallize|p2a: Nuke|Dragon\n|move|p1a: Ludicolo|Ice Beam|p2a: Nuke\n|-supereffective|p2a: Nuke\n|-damage|p2a: Nuke|38\/100\n|move|p2a: Nuke|Dragon Pulse|p1a: Ludicolo\n|-damage|p1a: Ludicolo|1\/100\n|\n|-weather|RainDance|[upkeep]\n|upkeep\n|turn|22\n|c|\u2606goodbye oreo|bruhhhhhhhh\n|\n|t:|1700010746\n|move|p1a: Ludicolo|Ice Beam|p2a: Nuke\n|-supereffective|p2a: Nuke\n|-damage|p2a: Nuke|0 fnt\n|faint|p2a: Nuke\n|\n|win|Angerybee\n|raw|Angerybee's rating: 1174 &rarr; <strong>1195<\/strong><br \/>(+21 for winning)\n|raw|goodbye oreo's rating: 1124 &rarr; <strong>1103<\/strong><br \/>(-21 for losing)\n|c|\u2606goodbye oreo|gg\n|l|\u2606goodbye oreo\n|c|\u2606Angerybee|Gg\n","uploadtime":1700010993,"views":31,"p1id":"angerybee","p2id":"goodbyeoreo","formatid":"gen9ou","rating":1103,"private":0,"password":""}