{"id":"gen9ou-1993273415","p1":"gett guuud","p2":"chomp Resurection","format":"[Gen 9] OU","log":"|j|\u2606gett guuud\n|j|\u2606chomp Resurection\n|t:|1700288144\n|gametype|singles\n|player|p1|gett guuud|cyclist|1602\n|player|p2|chomp Resurection|shauntal|1625\n|teamsize|p1|6\n|teamsize|p2|6\n|gen|9\n|tier|[Gen 9] OU\n|rated|\n|rule|Sleep Clause Mod: Limit one foe put to sleep\n|rule|Species Clause: Limit one of each Pok\u00e9mon\n|rule|OHKO Clause: OHKO moves are banned\n|rule|Evasion Items Clause: Evasion items are banned\n|rule|Evasion Moves Clause: Evasion moves are banned\n|rule|Endless Battle Clause: Forcing endless battles is banned\n|rule|HP Percentage Mod: HP is shown in percentages\n|clearpoke\n|poke|p1|Hatterene, F|\n|poke|p1|Ursaluna, F|\n|poke|p1|Zamazenta-*|\n|poke|p1|Slowking-Galar, F|\n|poke|p1|Corviknight, M|\n|poke|p1|Dragapult, M|\n|poke|p2|Ninetales-Alola, M|\n|poke|p2|Garchomp, F|\n|poke|p2|Glimmora, F|\n|poke|p2|Iron Valiant|\n|poke|p2|Kingambit, M|\n|poke|p2|Dragonite, F|\n|teampreview\n|inactive|Battle timer is ON: inactive players will automatically lose when time's up. (requested by gett guuud)\n|inactive|chomp Resurection has 120 seconds left.\n|\n|t:|1700288179\n|start\n|switch|p1a: Slowking|Slowking-Galar, F|100\/100\n|switch|p2a: Glimmora|Glimmora, F|100\/100\n|turn|1\n|j| joeldengo\n|\n|t:|1700288195\n|move|p2a: Glimmora|Toxic|p1a: Slowking\n|-status|p1a: Slowking|tox\n|move|p1a: Slowking|Trick Room|p1a: Slowking\n|-fieldstart|move: Trick Room|[of] p1a: Slowking\n|\n|-damage|p1a: Slowking|94\/100 tox|[from] psn\n|upkeep\n|turn|2\n|\n|t:|1700288201\n|move|p2a: Glimmora|Spiky Shield|p2a: Glimmora\n|-singleturn|p2a: Glimmora|move: Protect\n|move|p1a: Slowking|Surf|p2a: Glimmora\n|-activate|p2a: Glimmora|move: Protect\n|\n|-damage|p1a: Slowking|82\/100 tox|[from] psn\n|upkeep\n|turn|3\n|\n|t:|1700288206\n|switch|p2a: Kingambit|Kingambit, M|100\/100\n|move|p1a: Slowking|Surf|p2a: Kingambit\n|-damage|p2a: Kingambit|75\/100\n|-damage|p1a: Slowking|72\/100 tox|[from] item: Life Orb\n|\n|-damage|p1a: Slowking|54\/100 tox|[from] psn\n|upkeep\n|turn|4\n|\n|t:|1700288209\n|switch|p1a: Corviknight|Corviknight, M|100\/100\n|-ability|p1a: Corviknight|Pressure\n|move|p2a: Kingambit|Sucker Punch||[still]\n|-fail|p2a: Kingambit\n|\n|upkeep\n|turn|5\n|\n|t:|1700288217\n|-end|p2a: Kingambit|fallenundefined|[silent]\n|switch|p2a: Ninetales|Ninetales-Alola, M|100\/100\n|-weather|Snow|[from] ability: Snow Warning|[of] p2a: Ninetales\n|move|p1a: Corviknight|Body Press|p2a: Ninetales\n|-damage|p2a: Ninetales|78\/100\n|\n|-weather|Snow|[upkeep]\n|-fieldend|move: Trick Room\n|upkeep\n|turn|6\n|\n|t:|1700288223\n|move|p2a: Ninetales|Aurora Veil|p2a: Ninetales\n|-sidestart|p2: chomp Resurection|move: Aurora Veil\n|move|p1a: Corviknight|Defog|p2a: Ninetales\n|-unboost|p2a: Ninetales|evasion|1\n|-sideend|p2: chomp Resurection|move: Aurora Veil\n|\n|-weather|Snow|[upkeep]\n|upkeep\n|turn|7\n|\n|t:|1700288227\n|move|p2a: Ninetales|Encore|p1a: Corviknight\n|-start|p1a: Corviknight|Encore\n|move|p1a: Corviknight|Defog|p2a: Ninetales\n|-unboost|p2a: Ninetales|evasion|1\n|\n|-weather|Snow|[upkeep]\n|upkeep\n|turn|8\n|\n|t:|1700288231\n|switch|p2a: Glimmora|Glimmora, F|100\/100\n|move|p1a: Corviknight|Defog|p2a: Glimmora\n|-unboost|p2a: Glimmora|evasion|1\n|\n|-weather|Snow|[upkeep]\n|upkeep\n|turn|9\n|\n|t:|1700288235\n|switch|p1a: Slowking|Slowking-Galar, F|87\/100 tox\n|move|p2a: Glimmora|Substitute|p2a: Glimmora\n|-start|p2a: Glimmora|Substitute\n|-damage|p2a: Glimmora|76\/100\n|\n|-weather|none\n|-heal|p2a: Glimmora|82\/100|[from] item: Leftovers\n|-damage|p1a: Slowking|81\/100 tox|[from] psn\n|upkeep\n|turn|10\n|j| SandGetsEverywhere\n|\n|t:|1700288243\n|move|p2a: Glimmora|Mortal Spin|p1a: Slowking\n|-resisted|p1a: Slowking\n|-damage|p1a: Slowking|78\/100 tox\n|move|p1a: Slowking|Trick Room|p1a: Slowking\n|-fieldstart|move: Trick Room|[of] p1a: Slowking\n|\n|-heal|p2a: Glimmora|88\/100|[from] item: Leftovers\n|-damage|p1a: Slowking|66\/100 tox|[from] psn\n|upkeep\n|turn|11\n|\n|t:|1700288246\n|move|p2a: Glimmora|Spiky Shield|p2a: Glimmora\n|-singleturn|p2a: Glimmora|move: Protect\n|move|p1a: Slowking|Surf|p2a: Glimmora\n|-activate|p2a: Glimmora|move: Protect\n|\n|-heal|p2a: Glimmora|94\/100|[from] item: Leftovers\n|-damage|p1a: Slowking|48\/100 tox|[from] psn\n|upkeep\n|turn|12\n|\n|t:|1700288250\n|move|p1a: Slowking|Surf|p2a: Glimmora\n|-supereffective|p2a: Glimmora\n|-end|p2a: Glimmora|Substitute\n|-damage|p1a: Slowking|38\/100 tox|[from] item: Life Orb\n|move|p2a: Glimmora|Substitute|p2a: Glimmora\n|-start|p2a: Glimmora|Substitute\n|-damage|p2a: Glimmora|69\/100\n|\n|-heal|p2a: Glimmora|75\/100|[from] item: Leftovers\n|-damage|p1a: Slowking|13\/100 tox|[from] psn\n|upkeep\n|turn|13\n|\n|t:|1700288255\n|switch|p1a: Ursaluna|Ursaluna, F|100\/100\n|move|p2a: Glimmora|Toxic|p1a: Ursaluna\n|-status|p1a: Ursaluna|tox\n|\n|-heal|p2a: Glimmora|81\/100|[from] item: Leftovers\n|-damage|p1a: Ursaluna|94\/100 tox|[from] psn\n|upkeep\n|turn|14\n|j| DeepFriedMagikarp\n|\n|t:|1700288262\n|move|p2a: Glimmora|Spiky Shield|p2a: Glimmora\n|-singleturn|p2a: Glimmora|move: Protect\n|move|p1a: Ursaluna|Facade|p2a: Glimmora\n|-activate|p2a: Glimmora|move: Protect\n|-damage|p1a: Ursaluna|82\/100 tox|[from] Spiky Shield|[of] p2a: Glimmora\n|\n|-heal|p2a: Glimmora|88\/100|[from] item: Leftovers\n|-damage|p1a: Ursaluna|70\/100 tox|[from] psn\n|-fieldend|move: Trick Room\n|upkeep\n|turn|15\n|\n|t:|1700288267\n|move|p2a: Glimmora|Substitute|p2a: Glimmora\n|-fail|p2a: Glimmora|move: Substitute\n|move|p1a: Ursaluna|Facade|p2a: Glimmora\n|-resisted|p2a: Glimmora\n|-end|p2a: Glimmora|Substitute\n|\n|-heal|p2a: Glimmora|94\/100|[from] item: Leftovers\n|-damage|p1a: Ursaluna|52\/100 tox|[from] psn\n|upkeep\n|turn|16\n|j| PantyPhantom\n|\n|t:|1700288286\n|switch|p1a: Dragapult|Dragapult, M|100\/100\n|move|p2a: Glimmora|Spiky Shield||[still]\n|-fail|p2a: Glimmora\n|\n|-heal|p2a: Glimmora|99\/100|[from] item: Leftovers\n|upkeep\n|turn|17\n|\n|t:|1700288291\n|move|p1a: Dragapult|Substitute|p1a: Dragapult\n|-start|p1a: Dragapult|Substitute\n|-damage|p1a: Dragapult|76\/100\n|move|p2a: Glimmora|Toxic||[still]\n|-fail|p2a: Glimmora\n|\n|-heal|p1a: Dragapult|82\/100|[from] item: Leftovers\n|-heal|p2a: Glimmora|100\/100|[from] item: Leftovers\n|upkeep\n|turn|18\n|\n|t:|1700288296\n|switch|p2a: Garchomp|Garchomp, F|100\/100\n|move|p1a: Dragapult|Will-O-Wisp|p2a: Garchomp\n|-status|p2a: Garchomp|brn\n|\n|-heal|p1a: Dragapult|88\/100|[from] item: Leftovers\n|-damage|p2a: Garchomp|94\/100 brn|[from] brn\n|upkeep\n|turn|19\n|\n|t:|1700288304\n|move|p1a: Dragapult|Hex|p2a: Garchomp\n|-damage|p2a: Garchomp|39\/100 brn\n|move|p2a: Garchomp|Scale Shot|p1a: Dragapult|[miss]\n|-miss|p2a: Garchomp|p1a: Dragapult\n|\n|-heal|p1a: Dragapult|94\/100|[from] item: Leftovers\n|-damage|p2a: Garchomp|33\/100 brn|[from] brn\n|upkeep\n|turn|20\n|\n|t:|1700288308\n|move|p1a: Dragapult|Hex|p2a: Garchomp\n|-damage|p2a: Garchomp|0 fnt\n|faint|p2a: Garchomp\n|\n|-heal|p1a: Dragapult|100\/100|[from] item: Leftovers\n|upkeep\n|\n|t:|1700288318\n|switch|p2a: Ninetales|Ninetales-Alola, M|78\/100\n|-weather|Snow|[from] ability: Snow Warning|[of] p2a: Ninetales\n|turn|21\n|\n|t:|1700288322\n|move|p1a: Dragapult|Thunder Wave|p2a: Ninetales\n|-status|p2a: Ninetales|par\n|move|p2a: Ninetales|Moonblast|p1a: Dragapult\n|-supereffective|p1a: Dragapult\n|-end|p1a: Dragapult|Substitute\n|\n|-weather|Snow|[upkeep]\n|upkeep\n|turn|22\n|\n|t:|1700288328\n|switch|p1a: Slowking|Slowking-Galar, F|47\/100 tox\n|move|p2a: Ninetales|Encore||[still]\n|-fail|p2a: Ninetales\n|\n|-weather|Snow|[upkeep]\n|-damage|p1a: Slowking|41\/100 tox|[from] psn\n|upkeep\n|turn|23\n|\n|t:|1700288331\n|move|p2a: Ninetales|Aurora Veil|p2a: Ninetales\n|-sidestart|p2: chomp Resurection|move: Aurora Veil\n|move|p1a: Slowking|Trick Room|p1a: Slowking\n|-fieldstart|move: Trick Room|[of] p1a: Slowking\n|\n|-weather|Snow|[upkeep]\n|-damage|p1a: Slowking|28\/100 tox|[from] psn\n|upkeep\n|turn|24\n|\n|t:|1700288335\n|switch|p1a: Corviknight|Corviknight, M|100\/100\n|-ability|p1a: Corviknight|Pressure\n|cant|p2a: Ninetales|par\n|\n|-weather|Snow|[upkeep]\n|upkeep\n|turn|25\n|\n|t:|1700288342\n|switch|p2a: Glimmora|Glimmora, F|100\/100\n|move|p1a: Corviknight|Defog|p2a: Glimmora\n|-unboost|p2a: Glimmora|evasion|1\n|-sideend|p2: chomp Resurection|move: Aurora Veil\n|\n|-weather|none\n|upkeep\n|turn|26\n|\n|t:|1700288349\n|switch|p1a: Slowking|Slowking-Galar, F|62\/100 tox\n|move|p2a: Glimmora|Toxic|p1a: Slowking\n|-fail|p1a: Slowking|tox\n|\n|-damage|p1a: Slowking|56\/100 tox|[from] psn\n|upkeep\n|turn|27\n|\n|t:|1700288356\n|switch|p1a: Dragapult|Dragapult, M|100\/100\n|move|p2a: Glimmora|Spiky Shield||[still]\n|-fail|p2a: Glimmora\n|\n|-fieldend|move: Trick Room\n|upkeep\n|turn|28\n|\n|t:|1700288359\n|switch|p2a: Iron Valiant|Iron Valiant|100\/100\n|-enditem|p2a: Iron Valiant|Booster Energy\n|-activate|p2a: Iron Valiant|ability: Quark Drive|[fromitem]\n|-start|p2a: Iron Valiant|quarkdrivespe\n|move|p1a: Dragapult|Substitute|p1a: Dragapult\n|-start|p1a: Dragapult|Substitute\n|-damage|p1a: Dragapult|76\/100\n|\n|-heal|p1a: Dragapult|82\/100|[from] item: Leftovers\n|upkeep\n|turn|29\n|c|\u2606gett guuud|played\n|\n|t:|1700288364\n|move|p2a: Iron Valiant|Moonblast|p1a: Dragapult\n|-supereffective|p1a: Dragapult\n|-end|p1a: Dragapult|Substitute\n|move|p1a: Dragapult|Thunder Wave|p2a: Iron Valiant\n|-status|p2a: Iron Valiant|par\n|\n|-heal|p1a: Dragapult|88\/100|[from] item: Leftovers\n|upkeep\n|turn|30\n|\n|t:|1700288372\n|switch|p1a: Slowking|Slowking-Galar, F|89\/100 tox\n|move|p2a: Iron Valiant|Moonblast|p1a: Slowking\n|-resisted|p1a: Slowking\n|-damage|p1a: Slowking|71\/100 tox\n|\n|-damage|p1a: Slowking|65\/100 tox|[from] psn\n|upkeep\n|turn|31\n|j| isoptera\n|c|\u2606chomp Resurection|not going to read all that happy for you or sorry that happened :)\n|\n|t:|1700288396\n|move|p2a: Iron Valiant|Shadow Ball|p1a: Slowking\n|-supereffective|p1a: Slowking\n|-damage|p1a: Slowking|22\/100 tox\n|move|p1a: Slowking|Trick Room|p1a: Slowking\n|-fieldstart|move: Trick Room|[of] p1a: Slowking\n|\n|-damage|p1a: Slowking|10\/100 tox|[from] psn\n|upkeep\n|turn|32\n|c|\u2606gett guuud|love chomp\n|\n|t:|1700288412\n|move|p1a: Slowking|Sludge Bomb|p2a: Iron Valiant\n|-supereffective|p2a: Iron Valiant\n|-damage|p2a: Iron Valiant|0 fnt\n|faint|p2a: Iron Valiant\n|-end|p2a: Iron Valiant|Quark Drive|[silent]\n|-damage|p1a: Slowking|0 fnt|[from] item: Life Orb\n|faint|p1a: Slowking\n|\n|upkeep\n|j| SwabbyYabby\n|\n|t:|1700288417\n|switch|p1a: Ursaluna|Ursaluna, F|52\/100 tox\n|switch|p2a: Kingambit|Kingambit, M|75\/100\n|-activate|p2a: Kingambit|ability: Supreme Overlord\n|-start|p2a: Kingambit|fallen2|[silent]\n|turn|33\n|c|\u2606gett guuud|can it fly?\n|c|\u2606chomp Resurection|it can\n|\n|t:|1700288432\n|move|p1a: Ursaluna|Facade|p2a: Kingambit\n|-resisted|p2a: Kingambit\n|-damage|p2a: Kingambit|31\/100\n|move|p2a: Kingambit|Low Kick|p1a: Ursaluna\n|-supereffective|p1a: Ursaluna\n|-damage|p1a: Ursaluna|0 fnt\n|faint|p1a: Ursaluna\n|\n|upkeep\n|c|\u2606chomp Resurection|but it wont\n|\n|t:|1700288443\n|switch|p1a: Corviknight|Corviknight, M|100\/100\n|-ability|p1a: Corviknight|Pressure\n|turn|34\n|\n|t:|1700288452\n|move|p2a: Kingambit|Kowtow Cleave|p1a: Corviknight\n|-crit|p1a: Corviknight\n|-damage|p1a: Corviknight|47\/100\n|move|p1a: Corviknight|Body Press|p2a: Kingambit\n|-supereffective|p2a: Kingambit\n|-damage|p2a: Kingambit|0 fnt\n|faint|p2a: Kingambit\n|-end|p2a: Kingambit|fallen2|[silent]\n|\n|-heal|p1a: Corviknight|53\/100|[from] item: Leftovers\n|upkeep\n|\n|t:|1700288460\n|switch|p2a: Glimmora|Glimmora, F|100\/100\n|turn|35\n|l| joeldengo\n|c|\u2606gett guuud|toxic staller\n|c|\u2606chomp Resurection|only when i have to be\n|c|\u2606chomp Resurection|both my sweepers died\n|\n|t:|1700288482\n|switch|p1a: Hatterene|Hatterene, F|100\/100\n|move|p2a: Glimmora|Substitute|p2a: Glimmora\n|-start|p2a: Glimmora|Substitute\n|-damage|p2a: Glimmora|76\/100\n|\n|-heal|p2a: Glimmora|82\/100|[from] item: Leftovers\n|-fieldend|move: Trick Room\n|upkeep\n|turn|36\n|\n|t:|1700288499\n|move|p2a: Glimmora|Mortal Spin|p1a: Hatterene\n|-supereffective|p1a: Hatterene\n|-damage|p1a: Hatterene|91\/100\n|-status|p1a: Hatterene|psn\n|move|p1a: Hatterene|Stored Power|p2a: Glimmora\n|-supereffective|p2a: Glimmora\n|-activate|p2a: Glimmora|move: Substitute|[damage]\n|\n|-heal|p2a: Glimmora|88\/100|[from] item: Leftovers\n|-heal|p1a: Hatterene|97\/100 psn|[from] item: Leftovers\n|-damage|p1a: Hatterene|85\/100 psn|[from] psn\n|upkeep\n|turn|37\n|\n|t:|1700288507\n|move|p2a: Glimmora|Spiky Shield|p2a: Glimmora\n|-singleturn|p2a: Glimmora|move: Protect\n|move|p1a: Hatterene|Stored Power|p2a: Glimmora\n|-activate|p2a: Glimmora|move: Protect\n|\n|-heal|p2a: Glimmora|94\/100|[from] item: Leftovers\n|-heal|p1a: Hatterene|91\/100 psn|[from] item: Leftovers\n|-damage|p1a: Hatterene|78\/100 psn|[from] psn\n|upkeep\n|turn|38\n|\n|t:|1700288512\n|move|p2a: Glimmora|Mortal Spin|p1a: Hatterene\n|-supereffective|p1a: Hatterene\n|-damage|p1a: Hatterene|69\/100 psn\n|move|p1a: Hatterene|Calm Mind|p1a: Hatterene\n|-boost|p1a: Hatterene|spa|1\n|-boost|p1a: Hatterene|spd|1\n|\n|-heal|p2a: Glimmora|99\/100|[from] item: Leftovers\n|-heal|p1a: Hatterene|75\/100 psn|[from] item: Leftovers\n|-damage|p1a: Hatterene|63\/100 psn|[from] psn\n|upkeep\n|turn|39\n|\n|t:|1700288525\n|move|p2a: Glimmora|Mortal Spin|p1a: Hatterene\n|-supereffective|p1a: Hatterene\n|-damage|p1a: Hatterene|53\/100 psn\n|move|p1a: Hatterene|Draining Kiss|p2a: Glimmora\n|-resisted|p2a: Glimmora\n|-end|p2a: Glimmora|Substitute\n|-heal|p1a: Hatterene|58\/100 psn|[from] drain|[of] p2a: Glimmora\n|\n|-heal|p2a: Glimmora|100\/100|[from] item: Leftovers\n|-heal|p1a: Hatterene|64\/100 psn|[from] item: Leftovers\n|-damage|p1a: Hatterene|51\/100 psn|[from] psn\n|upkeep\n|turn|40\n|\n|t:|1700288531\n|move|p2a: Glimmora|Spiky Shield|p2a: Glimmora\n|-singleturn|p2a: Glimmora|move: Protect\n|move|p1a: Hatterene|Draining Kiss|p2a: Glimmora\n|-activate|p2a: Glimmora|move: Protect\n|-damage|p1a: Hatterene|39\/100 psn|[from] Spiky Shield|[of] p2a: Glimmora\n|\n|-heal|p1a: Hatterene|45\/100 psn|[from] item: Leftovers\n|-damage|p1a: Hatterene|33\/100 psn|[from] psn\n|upkeep\n|turn|41\n|\n|t:|1700288537\n|switch|p2a: Ninetales|Ninetales-Alola, M|78\/100 par\n|-weather|Snow|[from] ability: Snow Warning|[of] p2a: Ninetales\n|move|p1a: Hatterene|Draining Kiss|p2a: Ninetales\n|-damage|p2a: Ninetales|45\/100 par\n|-heal|p1a: Hatterene|60\/100 psn|[from] drain|[of] p2a: Ninetales\n|\n|-weather|Snow|[upkeep]\n|-heal|p1a: Hatterene|66\/100 psn|[from] item: Leftovers\n|-damage|p1a: Hatterene|53\/100 psn|[from] psn\n|upkeep\n|turn|42\n|\n|t:|1700288546\n|move|p2a: Ninetales|Encore|p1a: Hatterene\n|move|p1a: Hatterene|Encore||[from]ability: Magic Bounce|[still]\n|-fail|p1a: Hatterene\n|move|p1a: Hatterene|Draining Kiss|p2a: Ninetales\n|-damage|p2a: Ninetales|11\/100 par\n|-heal|p1a: Hatterene|82\/100 psn|[from] drain|[of] p2a: Ninetales\n|\n|-weather|Snow|[upkeep]\n|-heal|p1a: Hatterene|88\/100 psn|[from] item: Leftovers\n|-damage|p1a: Hatterene|76\/100 psn|[from] psn\n|upkeep\n|turn|43\n|c|\u2606gett guuud|wow\n|\n|t:|1700288552\n|move|p2a: Ninetales|Freeze-Dry|p1a: Hatterene\n|-damage|p1a: Hatterene|62\/100 psn\n|move|p1a: Hatterene|Draining Kiss|p2a: Ninetales\n|-damage|p2a: Ninetales|0 fnt\n|-heal|p1a: Hatterene|70\/100 psn|[from] drain|[of] p2a: Ninetales\n|faint|p2a: Ninetales\n|\n|-weather|Snow|[upkeep]\n|-heal|p1a: Hatterene|76\/100 psn|[from] item: Leftovers\n|-damage|p1a: Hatterene|64\/100 psn|[from] psn\n|upkeep\n|\n|t:|1700288554\n|switch|p2a: The Dick Smasher|Dragonite, F|100\/100\n|turn|44\n|\n|t:|1700288562\n|switch|p1a: Corviknight|Corviknight, M|53\/100\n|-ability|p1a: Corviknight|Pressure\n|-terastallize|p2a: The Dick Smasher|Normal\n|move|p2a: The Dick Smasher|Extreme Speed|p1a: Corviknight\n|-resisted|p1a: Corviknight\n|-damage|p1a: Corviknight|32\/100\n|\n|-weather|Snow|[upkeep]\n|-heal|p1a: Corviknight|38\/100|[from] item: Leftovers\n|upkeep\n|turn|45\n|\n|t:|1700288565\n|switch|p2a: Glimmora|Glimmora, F|100\/100\n|move|p1a: Corviknight|Roost|p1a: Corviknight\n|-heal|p1a: Corviknight|88\/100\n|-singleturn|p1a: Corviknight|move: Roost\n|\n|-weather|none\n|-heal|p1a: Corviknight|94\/100|[from] item: Leftovers\n|upkeep\n|turn|46\n|\n|t:|1700288569\n|switch|p1a: Hatterene|Hatterene, F|64\/100 psn\n|move|p2a: Glimmora|Mortal Spin|p1a: Hatterene\n|-supereffective|p1a: Hatterene\n|-damage|p1a: Hatterene|54\/100 psn\n|\n|-heal|p1a: Hatterene|60\/100 psn|[from] item: Leftovers\n|-damage|p1a: Hatterene|48\/100 psn|[from] psn\n|upkeep\n|turn|47\n|\n|t:|1700288573\n|move|p2a: Glimmora|Spiky Shield|p2a: Glimmora\n|-singleturn|p2a: Glimmora|move: Protect\n|move|p1a: Hatterene|Draining Kiss|p2a: Glimmora\n|-activate|p2a: Glimmora|move: Protect\n|-damage|p1a: Hatterene|36\/100 psn|[from] Spiky Shield|[of] p2a: Glimmora\n|\n|-heal|p1a: Hatterene|42\/100 psn|[from] item: Leftovers\n|-damage|p1a: Hatterene|30\/100 psn|[from] psn\n|upkeep\n|turn|48\n|\n|t:|1700288577\n|move|p2a: Glimmora|Substitute|p2a: Glimmora\n|-start|p2a: Glimmora|Substitute\n|-damage|p2a: Glimmora|76\/100\n|move|p1a: Hatterene|Draining Kiss|p2a: Glimmora\n|-resisted|p2a: Glimmora\n|-activate|p2a: Glimmora|move: Substitute|[damage]\n|-heal|p1a: Hatterene|37\/100 psn|[from] drain|[of] p2a: Glimmora\n|\n|-heal|p2a: Glimmora|82\/100|[from] item: Leftovers\n|-heal|p1a: Hatterene|43\/100 psn|[from] item: Leftovers\n|-damage|p1a: Hatterene|31\/100 psn|[from] psn\n|upkeep\n|turn|49\n|c|\u2606gett guuud|letting hatt die\n|c|\u2606gett guuud|then drag\n|\n|t:|1700288595\n|move|p2a: Glimmora|Mortal Spin|p1a: Hatterene\n|-supereffective|p1a: Hatterene\n|-damage|p1a: Hatterene|22\/100 psn\n|move|p1a: Hatterene|Stored Power|p2a: Glimmora\n|-supereffective|p2a: Glimmora\n|-end|p2a: Glimmora|Substitute\n|\n|-heal|p2a: Glimmora|88\/100|[from] item: Leftovers\n|-heal|p1a: Hatterene|28\/100 psn|[from] item: Leftovers\n|-damage|p1a: Hatterene|15\/100 psn|[from] psn\n|upkeep\n|turn|50\n|\n|t:|1700288599\n|move|p2a: Glimmora|Spiky Shield|p2a: Glimmora\n|-singleturn|p2a: Glimmora|move: Protect\n|move|p1a: Hatterene|Draining Kiss|p2a: Glimmora\n|-activate|p2a: Glimmora|move: Protect\n|-damage|p1a: Hatterene|3\/100 psn|[from] Spiky Shield|[of] p2a: Glimmora\n|\n|-heal|p2a: Glimmora|94\/100|[from] item: Leftovers\n|-heal|p1a: Hatterene|9\/100 psn|[from] item: Leftovers\n|-damage|p1a: Hatterene|0 fnt|[from] psn\n|faint|p1a: Hatterene\n|upkeep\n|\n|t:|1700288601\n|switch|p1a: Dragapult|Dragapult, M|88\/100\n|turn|51\n|\n|t:|1700288604\n|switch|p2a: The Dick Smasher|Dragonite, F, tera:Normal|100\/100\n|move|p1a: Dragapult|Substitute|p1a: Dragapult\n|-start|p1a: Dragapult|Substitute\n|-damage|p1a: Dragapult|63\/100\n|\n|-heal|p1a: Dragapult|70\/100|[from] item: Leftovers\n|upkeep\n|turn|52\n|\n|t:|1700288609\n|move|p1a: Dragapult|Will-O-Wisp|p2a: The Dick Smasher\n|-status|p2a: The Dick Smasher|brn\n|move|p2a: The Dick Smasher|Dragon Claw|p1a: Dragapult\n|-supereffective|p1a: Dragapult\n|-end|p1a: Dragapult|Substitute\n|\n|-heal|p1a: Dragapult|76\/100|[from] item: Leftovers\n|-damage|p2a: The Dick Smasher|94\/100 brn|[from] brn\n|upkeep\n|turn|53\n|c|\u2606gett guuud|gg no ree\n|c|\u2606chomp Resurection|i wouldnt want to\n|\n|t:|1700288624\n|switch|p1a: Corviknight|Corviknight, M|94\/100\n|-ability|p1a: Corviknight|Pressure\n|move|p2a: The Dick Smasher|Dragon Claw|p1a: Corviknight\n|-resisted|p1a: Corviknight\n|-damage|p1a: Corviknight|84\/100\n|\n|-heal|p1a: Corviknight|90\/100|[from] item: Leftovers\n|-damage|p2a: The Dick Smasher|88\/100 brn|[from] brn\n|upkeep\n|turn|54\n|n|!chomp Resurection|chompresurection\n|\n|t:|1700288636\n|switch|p2a: Glimmora|Glimmora, F|94\/100\n|switch|p1a: Dragapult|Dragapult, M|76\/100\n|\n|-heal|p1a: Dragapult|82\/100|[from] item: Leftovers\n|-heal|p2a: Glimmora|99\/100|[from] item: Leftovers\n|upkeep\n|turn|55\n|\n|t:|1700288638\n|switch|p2a: The Dick Smasher|Dragonite, F, tera:Normal|88\/100 brn\n|move|p1a: Dragapult|Substitute|p1a: Dragapult\n|-start|p1a: Dragapult|Substitute\n|-damage|p1a: Dragapult|57\/100\n|\n|-heal|p1a: Dragapult|63\/100|[from] item: Leftovers\n|-damage|p2a: The Dick Smasher|82\/100 brn|[from] brn\n|upkeep\n|turn|56\n|\n|t:|1700288642\n|move|p1a: Dragapult|Will-O-Wisp|p2a: The Dick Smasher\n|-fail|p2a: The Dick Smasher|brn\n|move|p2a: The Dick Smasher|Dragon Claw|p1a: Dragapult\n|-supereffective|p1a: Dragapult\n|-end|p1a: Dragapult|Substitute\n|\n|-heal|p1a: Dragapult|70\/100|[from] item: Leftovers\n|-damage|p2a: The Dick Smasher|76\/100 brn|[from] brn\n|upkeep\n|turn|57\n|\n|t:|1700288652\n|switch|p1a: Zamazenta|Zamazenta|100\/100\n|-ability|p1a: Zamazenta|Dauntless Shield|boost\n|-boost|p1a: Zamazenta|def|1\n|switch|p2a: Glimmora|Glimmora, F|99\/100\n|\n|-heal|p2a: Glimmora|100\/100|[from] item: Leftovers\n|upkeep\n|turn|58\n|\n|t:|1700288656\n|move|p1a: Zamazenta|Substitute|p1a: Zamazenta\n|-start|p1a: Zamazenta|Substitute\n|-damage|p1a: Zamazenta|76\/100\n|move|p2a: Glimmora|Toxic||[still]\n|-fail|p2a: Glimmora\n|\n|-heal|p1a: Zamazenta|82\/100|[from] item: Leftovers\n|upkeep\n|turn|59\n|-message|chomp Resurection forfeited.\n|\n|win|gett guuud\n|raw|gett guuud's rating: 1602 &rarr; <strong>1623<\/strong><br \/>(+21 for winning)\n|raw|chomp Resurection's rating: 1625 &rarr; <strong>1604<\/strong><br \/>(-21 for losing)\n","uploadtime":1700288626,"views":21,"p1id":"gettguuud","p2id":"chompresurection","formatid":"gen9ou","rating":1604,"private":0,"password":""}