{"id":"gen9ou-1996293440","p1":"Heihachi Mishima","p2":"metrobotalt","format":"[Gen 9] OU","log":"|j|\u2606Heihachi Mishima\n|j|\u2606metrobotalt\n|t:|1700668306\n|gametype|singles\n|player|p1|Heihachi Mishima|bruno-gen1|1477\n|player|p2|metrobotalt|266|1562\n|teamsize|p1|6\n|teamsize|p2|6\n|gen|9\n|tier|[Gen 9] OU\n|rated|\n|rule|Sleep Clause Mod: Limit one foe put to sleep\n|rule|Species Clause: Limit one of each Pok\u00e9mon\n|rule|OHKO Clause: OHKO moves are banned\n|rule|Evasion Items Clause: Evasion items are banned\n|rule|Evasion Moves Clause: Evasion moves are banned\n|rule|Endless Battle Clause: Forcing endless battles is banned\n|rule|HP Percentage Mod: HP is shown in percentages\n|clearpoke\n|poke|p1|Weavile, M|\n|poke|p1|Gholdengo|\n|poke|p1|Ogerpon-Wellspring, F|\n|poke|p1|Enamorus, F|\n|poke|p1|Slowking-Galar, F|\n|poke|p1|Great Tusk|\n|poke|p2|Rillaboom, F|\n|poke|p2|Breloom, F|\n|poke|p2|Volcanion|\n|poke|p2|Gholdengo|\n|poke|p2|Ting-Lu|\n|poke|p2|Great Tusk|\n|teampreview\n|inactive|Battle timer is ON: inactive players will automatically lose when time's up. (requested by Heihachi Mishima)\n|\n|t:|1700668313\n|start\n|switch|p1a: Slan \ud83d\udc8b|Enamorus, F|100\/100\n|switch|p2a: Ting-Lu|Ting-Lu|100\/100\n|-ability|p2a: Ting-Lu|Vessel of Ruin\n|turn|1\n|\n|t:|1700668319\n|move|p1a: Slan \ud83d\udc8b|Moonblast|p2a: Ting-Lu\n|-supereffective|p2a: Ting-Lu\n|-damage|p2a: Ting-Lu|50\/100\n|move|p2a: Ting-Lu|Ruination|p1a: Slan \ud83d\udc8b\n|-damage|p1a: Slan \ud83d\udc8b|51\/100\n|\n|-heal|p2a: Ting-Lu|56\/100|[from] item: Leftovers\n|upkeep\n|turn|2\n|\n|t:|1700668324\n|switch|p2a: Volcanion|Volcanion|100\/100\n|move|p1a: Slan \ud83d\udc8b|Moonblast|p2a: Volcanion\n|-resisted|p2a: Volcanion\n|-damage|p2a: Volcanion|74\/100\n|\n|upkeep\n|turn|3\n|\n|t:|1700668328\n|switch|p1a: Slowking|Slowking-Galar, F|100\/100\n|move|p2a: Volcanion|Earth Power|p1a: Slowking\n|-supereffective|p1a: Slowking\n|-damage|p1a: Slowking|60\/100\n|\n|upkeep\n|turn|4\n|\n|t:|1700668331\n|move|p2a: Volcanion|Taunt|p1a: Slowking\n|-start|p1a: Slowking|move: Taunt\n|cant|p1a: Slowking|move: Taunt|Chilly Reception\n|\n|upkeep\n|turn|5\n|\n|t:|1700668343\n|switch|p1a: Slan \ud83d\udc8b|Enamorus, F|51\/100\n|move|p2a: Volcanion|Flamethrower|p1a: Slan \ud83d\udc8b\n|-damage|p1a: Slan \ud83d\udc8b|0 fnt\n|faint|p1a: Slan \ud83d\udc8b\n|\n|upkeep\n|\n|t:|1700668346\n|switch|p1a: Jack the Drought|Great Tusk|100\/100\n|turn|6\n|\n|t:|1700668355\n|switch|p2a: Rillaboom|Rillaboom, F|100\/100\n|-fieldstart|move: Grassy Terrain|[from] ability: Grassy Surge|[of] p2a: Rillaboom\n|move|p1a: Jack the Drought|Ice Spinner|p2a: Rillaboom\n|-supereffective|p2a: Rillaboom\n|-damage|p2a: Rillaboom|53\/100\n|-fieldend|move: Grassy Terrain\n|\n|upkeep\n|turn|7\n|\n|t:|1700668379\n|switch|p2a: Great Tusk|Great Tusk|100\/100\n|-enditem|p2a: Great Tusk|Booster Energy\n|-activate|p2a: Great Tusk|ability: Protosynthesis|[fromitem]\n|-start|p2a: Great Tusk|protosynthesisspe\n|move|p1a: Jack the Drought|Ice Spinner|p2a: Great Tusk\n|-supereffective|p2a: Great Tusk\n|-damage|p2a: Great Tusk|74\/100\n|\n|upkeep\n|turn|8\n|\n|t:|1700668385\n|-end|p1a: Jack the Drought|Protosynthesis|[silent]\n|switch|p1a: Katara \ud83c\udf0a|Ogerpon-Wellspring, F|100\/100\n|move|p2a: Great Tusk|Bulk Up|p2a: Great Tusk\n|-boost|p2a: Great Tusk|atk|1\n|-boost|p2a: Great Tusk|def|1\n|\n|upkeep\n|turn|9\n|\n|t:|1700668390\n|-terastallize|p2a: Great Tusk|Poison\n|move|p2a: Great Tusk|Ice Spinner|p1a: Katara \ud83c\udf0a\n|-damage|p1a: Katara \ud83c\udf0a|52\/100\n|move|p1a: Katara \ud83c\udf0a|Encore|p2a: Great Tusk\n|-start|p2a: Great Tusk|Encore\n|\n|upkeep\n|turn|10\n|\n|t:|1700668401\n|switch|p1a: SickboyRari \ud83d\udcb0|Gholdengo|100\/100\n|-item|p1a: SickboyRari \ud83d\udcb0|Air Balloon\n|move|p2a: Great Tusk|Ice Spinner|p1a: SickboyRari \ud83d\udcb0\n|-resisted|p1a: SickboyRari \ud83d\udcb0\n|-damage|p1a: SickboyRari \ud83d\udcb0|88\/100\n|-enditem|p1a: SickboyRari \ud83d\udcb0|Air Balloon\n|\n|upkeep\n|turn|11\n|\n|t:|1700668407\n|-end|p2a: Great Tusk|Protosynthesis|[silent]\n|switch|p2a: Ting-Lu|Ting-Lu|56\/100\n|-ability|p2a: Ting-Lu|Vessel of Ruin\n|move|p1a: SickboyRari \ud83d\udcb0|Make It Rain|p2a: Ting-Lu\n|-damage|p2a: Ting-Lu|30\/100\n|-unboost|p1a: SickboyRari \ud83d\udcb0|spa|1\n|\n|-heal|p2a: Ting-Lu|36\/100|[from] item: Leftovers\n|upkeep\n|turn|12\n|\n|t:|1700668419\n|-terastallize|p1a: SickboyRari \ud83d\udcb0|Flying\n|move|p1a: SickboyRari \ud83d\udcb0|Nasty Plot|p1a: SickboyRari \ud83d\udcb0\n|-boost|p1a: SickboyRari \ud83d\udcb0|spa|2\n|move|p2a: Ting-Lu|Spikes|p1a: SickboyRari \ud83d\udcb0\n|-sidestart|p1: Heihachi Mishima|Spikes\n|\n|-heal|p2a: Ting-Lu|42\/100|[from] item: Leftovers\n|upkeep\n|turn|13\n|\n|t:|1700668425\n|move|p1a: SickboyRari \ud83d\udcb0|Nasty Plot|p1a: SickboyRari \ud83d\udcb0\n|-boost|p1a: SickboyRari \ud83d\udcb0|spa|2\n|move|p2a: Ting-Lu|Stone Edge|p1a: SickboyRari \ud83d\udcb0\n|-supereffective|p1a: SickboyRari \ud83d\udcb0\n|-crit|p1a: SickboyRari \ud83d\udcb0\n|-damage|p1a: SickboyRari \ud83d\udcb0|31\/100\n|\n|-heal|p2a: Ting-Lu|48\/100|[from] item: Leftovers\n|upkeep\n|turn|14\n|\n|t:|1700668440\n|switch|p2a: Volcanion|Volcanion|74\/100\n|move|p1a: SickboyRari \ud83d\udcb0|Recover|p1a: SickboyRari \ud83d\udcb0\n|-heal|p1a: SickboyRari \ud83d\udcb0|81\/100\n|\n|upkeep\n|turn|15\n|\n|t:|1700668451\n|move|p1a: SickboyRari \ud83d\udcb0|Shadow Ball|p2a: Volcanion\n|-damage|p2a: Volcanion|0 fnt\n|faint|p2a: Volcanion\n|\n|upkeep\n|\n|t:|1700668453\n|switch|p2a: Great Tusk|Great Tusk, tera:Poison|74\/100\n|turn|16\n|\n|t:|1700668459\n|move|p2a: Great Tusk|Ice Spinner|p1a: SickboyRari \ud83d\udcb0\n|-supereffective|p1a: SickboyRari \ud83d\udcb0\n|-damage|p1a: SickboyRari \ud83d\udcb0|49\/100\n|move|p1a: SickboyRari \ud83d\udcb0|Recover|p1a: SickboyRari \ud83d\udcb0\n|-heal|p1a: SickboyRari \ud83d\udcb0|99\/100\n|\n|upkeep\n|turn|17\n|-message|metrobotalt forfeited.\n|\n|win|Heihachi Mishima\n|raw|Heihachi Mishima's rating: 1477 &rarr; <strong>1502<\/strong><br \/>(+25 for winning)\n|raw|metrobotalt's rating: 1562 &rarr; <strong>1537<\/strong><br \/>(-25 for losing)\n|l|\u2606metrobotalt\n","uploadtime":1700668486,"views":4,"p1id":"heihachimishima","p2id":"metrobotalt","formatid":"gen9ou","rating":1502,"private":0,"password":""}