{"id":"gen9ou-1996181898","p1":"PoisedHD","p2":"Pierdeligasx3","format":"[Gen 9] OU","log":"|j|\u2606PoisedHD\n|j|\u2606Pierdeligasx3\n|t:|1700656040\n|gametype|singles\n|player|p1|PoisedHD|brycenman|1408\n|player|p2|Pierdeligasx3|hilda|1420\n|teamsize|p1|6\n|teamsize|p2|6\n|gen|9\n|tier|[Gen 9] OU\n|rated|\n|rule|Sleep Clause Mod: Limit one foe put to sleep\n|rule|Species Clause: Limit one of each Pok\u00e9mon\n|rule|OHKO Clause: OHKO moves are banned\n|rule|Evasion Items Clause: Evasion items are banned\n|rule|Evasion Moves Clause: Evasion moves are banned\n|rule|Endless Battle Clause: Forcing endless battles is banned\n|rule|HP Percentage Mod: HP is shown in percentages\n|clearpoke\n|poke|p1|Rillaboom, F|\n|poke|p1|Gholdengo|\n|poke|p1|Jirachi|\n|poke|p1|Iron Valiant|\n|poke|p1|Ting-Lu|\n|poke|p1|Great Tusk|\n|poke|p2|Skeledirge, M|\n|poke|p2|Kingambit, F|\n|poke|p2|Great Tusk|\n|poke|p2|Ninetales-Alola, M|\n|poke|p2|Corviknight, M|\n|poke|p2|Greninja-*, F|\n|teampreview\n|c|\u2606PoisedHD|hf\n|inactive|Battle timer is ON: inactive players will automatically lose when time's up. (requested by PoisedHD)\n|inactive|Pierdeligasx3 also wants the timer to be on.\n|\n|t:|1700656063\n|start\n|switch|p1a: Jirachi|Jirachi|100\/100\n|switch|p2a: Greninja|Greninja, F|100\/100\n|turn|1\n|\n|t:|1700656071\n|move|p1a: Jirachi|Thunder|p2a: Greninja\n|-supereffective|p2a: Greninja\n|-damage|p2a: Greninja|0 fnt\n|faint|p2a: Greninja\n|\n|upkeep\n|\n|t:|1700656075\n|switch|p2a: Great Tusk|Great Tusk|100\/100\n|turn|2\n|\n|t:|1700656084\n|switch|p1a: Rillaboom|Rillaboom, F|100\/100\n|-fieldstart|move: Grassy Terrain|[from] ability: Grassy Surge|[of] p1a: Rillaboom\n|move|p2a: Great Tusk|Ice Spinner|p1a: Rillaboom\n|-supereffective|p1a: Rillaboom\n|-damage|p1a: Rillaboom|51\/100\n|-fieldend|move: Grassy Terrain\n|\n|upkeep\n|turn|3\n|\n|t:|1700656092\n|-end|p2a: Great Tusk|Protosynthesis|[silent]\n|switch|p2a: Corviknight|Corviknight, M|100\/100\n|-ability|p2a: Corviknight|Pressure\n|switch|p1a: Jirachi|Jirachi|100\/100\n|\n|upkeep\n|turn|4\n|\n|t:|1700656098\n|switch|p2a: Great Tusk|Great Tusk|100\/100\n|move|p1a: Jirachi|Future Sight|p2a: Great Tusk\n|-start|p1a: Jirachi|move: Future Sight\n|\n|upkeep\n|turn|5\n|\n|t:|1700656107\n|switch|p1a: Great Tusk|Great Tusk|100\/100\n|-end|p2a: Great Tusk|Protosynthesis|[silent]\n|switch|p2a: Kingambit|Kingambit, F|100\/100\n|-activate|p2a: Kingambit|ability: Supreme Overlord\n|-start|p2a: Kingambit|fallen1|[silent]\n|-item|p2a: Kingambit|Air Balloon\n|\n|upkeep\n|turn|6\n|\n|t:|1700656117\n|move|p1a: Great Tusk|Rapid Spin|p2a: Kingambit\n|-resisted|p2a: Kingambit\n|-damage|p2a: Kingambit|96\/100\n|-boost|p1a: Great Tusk|spe|1\n|-enditem|p2a: Kingambit|Air Balloon\n|move|p2a: Kingambit|Low Kick|p1a: Great Tusk\n|-damage|p1a: Great Tusk|76\/100\n|\n|-end|p2a: Kingambit|move: Future Sight\n|-immune|p2a: Kingambit\n|-heal|p1a: Great Tusk|82\/100|[from] item: Leftovers\n|upkeep\n|turn|7\n|\n|t:|1700656125\n|-end|p2a: Kingambit|fallen1|[silent]\n|switch|p2a: Corviknight|Corviknight, M|100\/100\n|-ability|p2a: Corviknight|Pressure\n|move|p1a: Great Tusk|Knock Off|p2a: Corviknight\n|-damage|p2a: Corviknight|80\/100\n|-enditem|p2a: Corviknight|Leftovers|[from] move: Knock Off|[of] p1a: Great Tusk\n|\n|-heal|p1a: Great Tusk|89\/100|[from] item: Leftovers\n|upkeep\n|turn|8\n|\n|t:|1700656142\n|-end|p1a: Great Tusk|Protosynthesis|[silent]\n|switch|p1a: Jirachi|Jirachi|100\/100\n|move|p2a: Corviknight|Brave Bird|p1a: Jirachi\n|-resisted|p1a: Jirachi\n|-crit|p1a: Jirachi\n|-damage|p1a: Jirachi|72\/100\n|-damage|p2a: Corviknight|72\/100|[from] Recoil\n|\n|upkeep\n|turn|9\n|\n|t:|1700656150\n|switch|p2a: Great Tusk|Great Tusk|100\/100\n|move|p1a: Jirachi|Future Sight|p2a: Great Tusk\n|-start|p1a: Jirachi|move: Future Sight\n|\n|upkeep\n|turn|10\n|\n|t:|1700656161\n|switch|p1a: Great Tusk|Great Tusk|89\/100\n|move|p2a: Great Tusk|Stealth Rock|p1a: Great Tusk\n|-sidestart|p1: PoisedHD|move: Stealth Rock\n|\n|-heal|p1a: Great Tusk|95\/100|[from] item: Leftovers\n|upkeep\n|turn|11\n|\n|t:|1700656165\n|-end|p2a: Great Tusk|Protosynthesis|[silent]\n|switch|p2a: Corviknight|Corviknight, M|72\/100\n|-ability|p2a: Corviknight|Pressure\n|move|p1a: Great Tusk|Earthquake|p2a: Corviknight\n|-immune|p2a: Corviknight\n|\n|-end|p2a: Corviknight|move: Future Sight\n|-resisted|p2a: Corviknight\n|-damage|p2a: Corviknight|50\/100\n|-heal|p1a: Great Tusk|100\/100|[from] item: Leftovers\n|upkeep\n|turn|12\n|\n|t:|1700656170\n|move|p1a: Great Tusk|Rapid Spin|p2a: Corviknight\n|-resisted|p2a: Corviknight\n|-damage|p2a: Corviknight|45\/100\n|-boost|p1a: Great Tusk|spe|1\n|-sideend|p1: PoisedHD|Stealth Rock|[from] move: Rapid Spin|[of] p1a: Great Tusk\n|move|p2a: Corviknight|Roost|p2a: Corviknight\n|-heal|p2a: Corviknight|95\/100\n|-singleturn|p2a: Corviknight|move: Roost\n|\n|upkeep\n|turn|13\n|\n|t:|1700656178\n|-end|p1a: Great Tusk|Protosynthesis|[silent]\n|switch|p1a: Ting-Lu|Ting-Lu|100\/100\n|-ability|p1a: Ting-Lu|Vessel of Ruin\n|move|p2a: Corviknight|U-turn|p1a: Ting-Lu\n|-supereffective|p1a: Ting-Lu\n|-damage|p1a: Ting-Lu|83\/100\n|\n|t:|1700656187\n|switch|p2a: Ninetales|Ninetales-Alola, M|100\/100|[from] U-turn\n|-weather|Snow|[from] ability: Snow Warning|[of] p2a: Ninetales\n|\n|-weather|Snow|[upkeep]\n|-heal|p1a: Ting-Lu|89\/100|[from] item: Leftovers\n|upkeep\n|turn|14\n|\n|t:|1700656193\n|move|p2a: Ninetales|Aurora Veil|p2a: Ninetales\n|-sidestart|p2: Pierdeligasx3|move: Aurora Veil\n|move|p1a: Ting-Lu|Stealth Rock|p2a: Ninetales\n|-sidestart|p2: Pierdeligasx3|move: Stealth Rock\n|\n|-weather|Snow|[upkeep]\n|-heal|p1a: Ting-Lu|95\/100|[from] item: Leftovers\n|upkeep\n|turn|15\n|\n|t:|1700656197\n|move|p2a: Ninetales|Encore|p1a: Ting-Lu\n|-start|p1a: Ting-Lu|Encore\n|move|p1a: Ting-Lu|Stealth Rock||[still]\n|-fail|p1a: Ting-Lu\n|\n|-weather|Snow|[upkeep]\n|-heal|p1a: Ting-Lu|100\/100|[from] item: Leftovers\n|upkeep\n|turn|16\n|\n|t:|1700656212\n|switch|p2a: Great Tusk|Great Tusk|100\/100\n|-damage|p2a: Great Tusk|97\/100|[from] Stealth Rock\n|switch|p1a: Rillaboom|Rillaboom, F|51\/100\n|-fieldstart|move: Grassy Terrain|[from] ability: Grassy Surge|[of] p1a: Rillaboom\n|\n|-weather|Snow|[upkeep]\n|-heal|p2a: Great Tusk|100\/100|[from] Grassy Terrain\n|-heal|p1a: Rillaboom|57\/100|[from] Grassy Terrain\n|upkeep\n|turn|17\n|\n|t:|1700656220\n|-end|p2a: Great Tusk|Protosynthesis|[silent]\n|switch|p2a: Skeledirge|Skeledirge, M|100\/100\n|switch|p1a: Gholdengo|Gholdengo|100\/100\n|\n|-weather|none\n|upkeep\n|turn|18\n|\n|t:|1700656227\n|move|p1a: Gholdengo|Shadow Ball|p2a: Skeledirge\n|-supereffective|p2a: Skeledirge\n|-damage|p2a: Skeledirge|62\/100\n|move|p2a: Skeledirge|Torch Song|p1a: Gholdengo\n|-supereffective|p1a: Gholdengo\n|-damage|p1a: Gholdengo|32\/100\n|-boost|p2a: Skeledirge|spa|1\n|\n|-heal|p1a: Gholdengo|38\/100|[from] Grassy Terrain\n|-heal|p2a: Skeledirge|69\/100|[from] Grassy Terrain\n|upkeep\n|turn|19\n|\n|t:|1700656249\n|switch|p1a: Ting-Lu|Ting-Lu|100\/100\n|-ability|p1a: Ting-Lu|Vessel of Ruin\n|switch|p2a: Kingambit|Kingambit, F|96\/100\n|-damage|p2a: Kingambit|89\/100|[from] Stealth Rock\n|-activate|p2a: Kingambit|ability: Supreme Overlord\n|-start|p2a: Kingambit|fallen1|[silent]\n|\n|-heal|p2a: Kingambit|96\/100|[from] Grassy Terrain\n|upkeep\n|turn|20\n|\n|t:|1700656259\n|move|p2a: Kingambit|Low Kick|p1a: Ting-Lu\n|-supereffective|p1a: Ting-Lu\n|-damage|p1a: Ting-Lu|45\/100\n|move|p1a: Ting-Lu|Whirlwind|p2a: Kingambit\n|-end|p2a: Kingambit|fallen1|[silent]\n|drag|p2a: Ninetales|Ninetales-Alola, M|100\/100\n|-damage|p2a: Ninetales|76\/100|[from] Stealth Rock\n|-weather|Snow|[from] ability: Snow Warning|[of] p2a: Ninetales\n|\n|-weather|Snow|[upkeep]\n|-heal|p2a: Ninetales|82\/100|[from] Grassy Terrain\n|-heal|p1a: Ting-Lu|51\/100|[from] Grassy Terrain\n|-heal|p1a: Ting-Lu|58\/100|[from] item: Leftovers\n|upkeep\n|turn|21\n|\n|t:|1700656267\n|move|p2a: Ninetales|Moonblast|p1a: Ting-Lu\n|-supereffective|p1a: Ting-Lu\n|-damage|p1a: Ting-Lu|34\/100\n|move|p1a: Ting-Lu|Spikes|p2a: Ninetales\n|-sidestart|p2: Pierdeligasx3|Spikes\n|\n|-weather|Snow|[upkeep]\n|-heal|p2a: Ninetales|88\/100|[from] Grassy Terrain\n|-heal|p1a: Ting-Lu|40\/100|[from] Grassy Terrain\n|-heal|p1a: Ting-Lu|46\/100|[from] item: Leftovers\n|-sideend|p2: Pierdeligasx3|move: Aurora Veil\n|upkeep\n|turn|22\n|\n|t:|1700656277\n|move|p2a: Ninetales|Encore|p1a: Ting-Lu\n|-start|p1a: Ting-Lu|Encore\n|move|p1a: Ting-Lu|Spikes|p2a: Ninetales\n|-sidestart|p2: Pierdeligasx3|Spikes\n|\n|-weather|Snow|[upkeep]\n|-heal|p2a: Ninetales|94\/100|[from] Grassy Terrain\n|-heal|p1a: Ting-Lu|53\/100|[from] Grassy Terrain\n|-heal|p1a: Ting-Lu|59\/100|[from] item: Leftovers\n|upkeep\n|turn|23\n|\n|t:|1700656280\n|move|p2a: Ninetales|Aurora Veil|p2a: Ninetales\n|-sidestart|p2: Pierdeligasx3|move: Aurora Veil\n|move|p1a: Ting-Lu|Spikes|p2a: Ninetales\n|-sidestart|p2: Pierdeligasx3|Spikes\n|\n|-weather|Snow|[upkeep]\n|-heal|p2a: Ninetales|99\/100|[from] Grassy Terrain\n|-heal|p1a: Ting-Lu|65\/100|[from] Grassy Terrain\n|-heal|p1a: Ting-Lu|71\/100|[from] item: Leftovers\n|-fieldend|move: Grassy Terrain\n|upkeep\n|turn|24\n|\n|t:|1700656286\n|switch|p1a: Rillaboom|Rillaboom, F|57\/100\n|-fieldstart|move: Grassy Terrain|[from] ability: Grassy Surge|[of] p1a: Rillaboom\n|move|p2a: Ninetales|Freeze-Dry|p1a: Rillaboom\n|-supereffective|p1a: Rillaboom\n|-damage|p1a: Rillaboom|15\/100\n|\n|-weather|none\n|-heal|p2a: Ninetales|100\/100|[from] Grassy Terrain\n|-heal|p1a: Rillaboom|22\/100|[from] Grassy Terrain\n|upkeep\n|turn|25\n|\n|t:|1700656296\n|switch|p2a: Corviknight|Corviknight, M|95\/100\n|-damage|p2a: Corviknight|82\/100|[from] Stealth Rock\n|-ability|p2a: Corviknight|Pressure\n|switch|p1a: Jirachi|Jirachi|72\/100\n|\n|-heal|p1a: Jirachi|79\/100|[from] Grassy Terrain\n|upkeep\n|turn|26\n|\n|t:|1700656305\n|move|p1a: Jirachi|Grass Knot|p2a: Corviknight\n|-resisted|p2a: Corviknight\n|-damage|p2a: Corviknight|79\/100\n|move|p2a: Corviknight|Defog|p1a: Jirachi\n|-unboost|p1a: Jirachi|evasion|1\n|-sideend|p2: Pierdeligasx3|Spikes|[from] move: Defog|[of] p2a: Corviknight\n|-sideend|p2: Pierdeligasx3|Stealth Rock|[from] move: Defog|[of] p2a: Corviknight\n|-fieldend|move: Grassy Terrain\n|\n|upkeep\n|turn|27\n|\n|t:|1700656316\n|switch|p1a: Ting-Lu|Ting-Lu|71\/100\n|-ability|p1a: Ting-Lu|Vessel of Ruin\n|move|p2a: Corviknight|U-turn|p1a: Ting-Lu\n|-supereffective|p1a: Ting-Lu\n|-damage|p1a: Ting-Lu|55\/100\n|\n|t:|1700656324\n|switch|p2a: Ninetales|Ninetales-Alola, M|100\/100|[from] U-turn\n|-weather|Snow|[from] ability: Snow Warning|[of] p2a: Ninetales\n|\n|-weather|Snow|[upkeep]\n|-heal|p1a: Ting-Lu|61\/100|[from] item: Leftovers\n|upkeep\n|turn|28\n|\n|t:|1700656328\n|move|p2a: Ninetales|Moonblast|p1a: Ting-Lu\n|-supereffective|p1a: Ting-Lu\n|-damage|p1a: Ting-Lu|40\/100\n|move|p1a: Ting-Lu|Spikes|p2a: Ninetales\n|-sidestart|p2: Pierdeligasx3|Spikes\n|\n|-weather|Snow|[upkeep]\n|-heal|p1a: Ting-Lu|46\/100|[from] item: Leftovers\n|upkeep\n|turn|29\n|\n|t:|1700656341\n|switch|p1a: Jirachi|Jirachi|79\/100\n|move|p2a: Ninetales|Moonblast|p1a: Jirachi\n|-resisted|p1a: Jirachi\n|-damage|p1a: Jirachi|65\/100\n|-unboost|p1a: Jirachi|spa|1\n|\n|-weather|Snow|[upkeep]\n|upkeep\n|turn|30\n|-message|PoisedHD forfeited.\n|\n|win|Pierdeligasx3\n|raw|PoisedHD's rating: 1408 &rarr; <strong>1389<\/strong><br \/>(-19 for losing)\n|raw|Pierdeligasx3's rating: 1420 &rarr; <strong>1439<\/strong><br \/>(+19 for winning)\n|l|\u2606PoisedHD\n","uploadtime":1700656365,"views":4,"p1id":"poisedhd","p2id":"pierdeligasx3","formatid":"gen9ou","rating":1389,"private":0,"password":""}