{"id":"gen9ou-1995348219","p1":"J. Guzman752","p2":"JachiMalz","format":"[Gen 9] OU","log":"|j|\u2606J. Guzman752\n|j|\u2606JachiMalz\n|t:|1700557798\n|gametype|singles\n|player|p1|J. Guzman752|steven|1269\n|player|p2|JachiMalz|rocketgruntf|1317\n|teamsize|p1|6\n|teamsize|p2|6\n|gen|9\n|tier|[Gen 9] OU\n|rated|\n|rule|Sleep Clause Mod: Limit one foe put to sleep\n|rule|Species Clause: Limit one of each Pok\u00e9mon\n|rule|OHKO Clause: OHKO moves are banned\n|rule|Evasion Items Clause: Evasion items are banned\n|rule|Evasion Moves Clause: Evasion moves are banned\n|rule|Endless Battle Clause: Forcing endless battles is banned\n|rule|HP Percentage Mod: HP is shown in percentages\n|clearpoke\n|poke|p1|Rillaboom, M|\n|poke|p1|Great Tusk|\n|poke|p1|Heatran, F|\n|poke|p1|Greninja-*, F|\n|poke|p1|Gholdengo|\n|poke|p1|Ceruledge, M|\n|poke|p2|Carbink|\n|poke|p2|Weezing-Galar, M|\n|poke|p2|Enamorus-Therian, F|\n|poke|p2|Hatterene, F|\n|poke|p2|Typhlosion-Hisui, M|\n|poke|p2|Gardevoir, F|\n|teampreview\n|inactive|Battle timer is ON: inactive players will automatically lose when time's up. (requested by J. Guzman752)\n|\n|t:|1700557806\n|start\n|switch|p1a: Greninja|Greninja, F|100\/100\n|switch|p2a: Hatterene|Hatterene, F|100\/100\n|turn|1\n|\n|t:|1700557810\n|move|p1a: Greninja|U-turn|p2a: Hatterene\n|-start|p1a: Greninja|typechange|Bug|[from] ability: Protean\n|-damage|p2a: Hatterene|68\/100\n|\n|t:|1700557812\n|switch|p1a: Heatran|Heatran, F|100\/100|[from] U-turn\n|move|p2a: Hatterene|Trick Room|p2a: Hatterene\n|-fieldstart|move: Trick Room|[of] p2a: Hatterene\n|\n|upkeep\n|turn|2\n|\n|t:|1700557816\n|switch|p2a: Typhlosion|Typhlosion-Hisui, M|100\/100\n|move|p1a: Heatran|Magma Storm|p2a: Typhlosion\n|-resisted|p2a: Typhlosion\n|-damage|p2a: Typhlosion|64\/100\n|-activate|p2a: Typhlosion|move: Magma Storm|[of] p1a: Heatran\n|\n|-damage|p2a: Typhlosion|52\/100|[from] move: Magma Storm|[partiallytrapped]\n|upkeep\n|turn|3\n|\n|t:|1700557828\n|move|p1a: Heatran|Earth Power|p2a: Typhlosion\n|-supereffective|p2a: Typhlosion\n|-damage|p2a: Typhlosion|0 fnt\n|faint|p2a: Typhlosion\n|\n|upkeep\n|\n|t:|1700557832\n|switch|p2a: Weezing|Weezing-Galar, M|100\/100\n|-fieldstart|move: Misty Terrain|[from] ability: Misty Surge|[of] p2a: Weezing\n|turn|4\n|\n|t:|1700557838\n|move|p2a: Weezing|Misty Explosion|p1a: Heatran\n|-resisted|p1a: Heatran\n|-damage|p1a: Heatran|82\/100\n|faint|p2a: Weezing\n|move|p1a: Heatran|Magma Storm|p2: Weezing|[notarget]\n|-fail|p1a: Heatran\n|\n|-heal|p1a: Heatran|88\/100|[from] item: Leftovers\n|upkeep\n|\n|t:|1700557841\n|switch|p2a: Enamorus|Enamorus-Therian, F|100\/100\n|turn|5\n|\n|t:|1700557849\n|-terastallize|p2a: Enamorus|Fairy\n|-terastallize|p1a: Heatran|Grass\n|move|p2a: Enamorus|Misty Explosion|p1a: Heatran\n|-damage|p1a: Heatran|0 fnt\n|faint|p2a: Enamorus\n|faint|p1a: Heatran\n|\n|-fieldend|move: Trick Room\n|upkeep\n|c|\u2606J. Guzman752|....\n|c|\u2606J. Guzman752|What\n|inactive|J. Guzman752 has 120 seconds left.\n|\n|t:|1700557879\n|switch|p1a: Greninja|Greninja, F|100\/100\n|switch|p2a: Gardevoir|Gardevoir, F|100\/100\n|-ability|p2a: Gardevoir|Protean|[from] ability: Trace|[of] p1a: Greninja\n|turn|6\n|\n|t:|1700557884\n|move|p1a: Greninja|Spikes|p2a: Gardevoir\n|-start|p1a: Greninja|typechange|Ground|[from] ability: Protean\n|-sidestart|p2: JachiMalz|Spikes\n|move|p2a: Gardevoir|Misty Explosion|p1a: Greninja\n|-start|p2a: Gardevoir|typechange|Fairy|[from] ability: Protean\n|-damage|p1a: Greninja|0 fnt\n|faint|p2a: Gardevoir\n|faint|p1a: Greninja\n|\n|upkeep\n|\n|t:|1700557898\n|switch|p1a: Rillaboom|Rillaboom, M|100\/100\n|switch|p2a: Carbink|Carbink|100\/100\n|-fieldstart|move: Grassy Terrain|[from] ability: Grassy Surge|[of] p1a: Rillaboom\n|turn|7\n|\n|t:|1700557905\n|move|p1a: Rillaboom|Wood Hammer|p2a: Carbink\n|-supereffective|p2a: Carbink\n|-ability|p2a: Carbink|Sturdy\n|-damage|p2a: Carbink|1\/100\n|-damage|p1a: Rillaboom|71\/100|[from] Recoil\n|move|p2a: Carbink|Trick Room|p2a: Carbink\n|-fieldstart|move: Trick Room|[of] p2a: Carbink\n|\n|-heal|p2a: Carbink|7\/100|[from] Grassy Terrain\n|-heal|p1a: Rillaboom|77\/100|[from] Grassy Terrain\n|upkeep\n|turn|8\n|\n|t:|1700557908\n|move|p2a: Carbink|Misty Explosion|p1a: Rillaboom\n|-damage|p1a: Rillaboom|35\/100\n|faint|p2a: Carbink\n|move|p1a: Rillaboom|Wood Hammer|p2: Carbink|[notarget]\n|-fail|p1a: Rillaboom\n|\n|-heal|p1a: Rillaboom|41\/100|[from] Grassy Terrain\n|upkeep\n|\n|t:|1700557911\n|switch|p2a: Hatterene|Hatterene, F|68\/100\n|-damage|p2a: Hatterene|56\/100|[from] Spikes\n|turn|9\n|-message|J. Guzman752 forfeited.\n|\n|win|JachiMalz\n|raw|J. Guzman752's rating: 1269 &rarr; <strong>1247<\/strong><br \/>(-22 for losing)\n|raw|JachiMalz's rating: 1317 &rarr; <strong>1334<\/strong><br \/>(+17 for winning)\n|l|\u2606J. Guzman752\n","uploadtime":1700557924,"views":14,"p1id":"jguzman752","p2id":"jachimalz","formatid":"gen9ou","rating":1247,"private":0,"password":""}