{"id":"gen9ou-1992340340","p1":"dagger4275","p2":"pyro2021","format":"[Gen 9] OU","log":"|j|\u2606dagger4275\n|j|\u2606pyro2021\n|t:|1700176441\n|gametype|singles\n|player|p1|dagger4275|fisherman-gen4|1100\n|player|p2|pyro2021|1|1045\n|teamsize|p1|6\n|teamsize|p2|6\n|gen|9\n|tier|[Gen 9] OU\n|rated|\n|rule|Sleep Clause Mod: Limit one foe put to sleep\n|rule|Species Clause: Limit one of each Pok\u00e9mon\n|rule|OHKO Clause: OHKO moves are banned\n|rule|Evasion Items Clause: Evasion items are banned\n|rule|Evasion Moves Clause: Evasion moves are banned\n|rule|Endless Battle Clause: Forcing endless battles is banned\n|rule|HP Percentage Mod: HP is shown in percentages\n|clearpoke\n|poke|p1|Lokix, F|\n|poke|p1|Garchomp, M|\n|poke|p1|Braviary-Hisui, M|\n|poke|p1|Brambleghast, F|\n|poke|p1|Jolteon, F|\n|poke|p1|Milotic, M|\n|poke|p2|Ogerpon, F|\n|poke|p2|Moltres|\n|poke|p2|Great Tusk|\n|poke|p2|Kingambit, M|\n|poke|p2|Greninja-*, M|\n|poke|p2|Dragapult, F|\n|teampreview\n|inactive|Battle timer is ON: inactive players will automatically lose when time's up. (requested by dagger4275)\n|\n|t:|1700176472\n|start\n|switch|p1a: Jolteon|Jolteon, F|100\/100\n|switch|p2a: Great Tusk|Great Tusk|100\/100\n|turn|1\n|\n|t:|1700176479\n|-end|p2a: Great Tusk|Protosynthesis|[silent]\n|switch|p2a: Moltres|Moltres|100\/100\n|-terastallize|p1a: Jolteon|Water\n|move|p1a: Jolteon|Tera Blast|p2a: Moltres|[anim] Tera Blast Water\n|-supereffective|p2a: Moltres\n|-damage|p2a: Moltres|6\/100\n|-damage|p1a: Jolteon|91\/100|[from] item: Life Orb\n|\n|upkeep\n|turn|2\n|\n|t:|1700176488\n|switch|p2a: Ogerpon|Ogerpon, F|100\/100\n|move|p1a: Jolteon|Volt Switch|p2a: Ogerpon\n|-resisted|p2a: Ogerpon\n|-damage|p2a: Ogerpon|74\/100\n|-damage|p1a: Jolteon|81\/100|[from] item: Life Orb\n|\n|t:|1700176499\n|switch|p1a: Lokix|Lokix, F, shiny|100\/100|[from] Volt Switch\n|\n|upkeep\n|turn|3\n|inactive|pyro2021 has 120 seconds left.\n|\n|t:|1700176542\n|switch|p2a: Moltres|Moltres|6\/100\n|move|p1a: Lokix|U-turn|p2a: Moltres\n|-resisted|p2a: Moltres\n|-damage|p2a: Moltres|0 fnt\n|faint|p2a: Moltres\n|-damage|p1a: Lokix|91\/100|[from] item: Life Orb\n|\n|t:|1700176564\n|switch|p1a: Jolteon|Jolteon, F, tera:Water|81\/100|[from] U-turn\n|\n|upkeep\n|\n|t:|1700176573\n|switch|p2a: Dragapult|Dragapult, F|100\/100\n|turn|4\n|\n|t:|1700176576\n|move|p2a: Dragapult|Shadow Ball|p1a: Jolteon\n|-damage|p1a: Jolteon|10\/100\n|move|p1a: Jolteon|Shadow Ball|p2a: Dragapult\n|-supereffective|p2a: Dragapult\n|-damage|p2a: Dragapult|19\/100\n|-damage|p1a: Jolteon|0 fnt|[from] item: Life Orb\n|faint|p1a: Jolteon\n|\n|upkeep\n|\n|t:|1700176583\n|switch|p1a: Brambleghast|Brambleghast, F|100\/100\n|turn|5\n|\n|t:|1700176586\n|switch|p2a: Kingambit|Kingambit, M|100\/100\n|-activate|p2a: Kingambit|ability: Supreme Overlord\n|-start|p2a: Kingambit|fallen1|[silent]\n|move|p1a: Brambleghast|Shadow Sneak|p2a: Kingambit\n|-resisted|p2a: Kingambit\n|-damage|p2a: Kingambit|91\/100\n|\n|-heal|p2a: Kingambit|97\/100|[from] item: Leftovers\n|upkeep\n|turn|6\n|\n|t:|1700176597\n|switch|p1a: Garchomp|Garchomp, M|100\/100\n|move|p2a: Kingambit|Kowtow Cleave|p1a: Garchomp\n|-damage|p1a: Garchomp|48\/100\n|-damage|p2a: Kingambit|85\/100|[from] ability: Rough Skin|[of] p1a: Garchomp\n|-damage|p2a: Kingambit|68\/100|[from] item: Rocky Helmet|[of] p1a: Garchomp\n|\n|-heal|p2a: Kingambit|74\/100|[from] item: Leftovers\n|upkeep\n|turn|7\n|\n|t:|1700176611\n|-end|p2a: Kingambit|fallen1|[silent]\n|switch|p2a: Ogerpon|Ogerpon, F|74\/100\n|move|p1a: Garchomp|Earthquake|p2a: Ogerpon\n|-resisted|p2a: Ogerpon\n|-damage|p2a: Ogerpon|40\/100\n|\n|upkeep\n|turn|8\n|\n|t:|1700176619\n|switch|p1a: Braviary|Braviary-Hisui, M, shiny|100\/100\n|move|p2a: Ogerpon|Play Rough|p1a: Braviary\n|-damage|p1a: Braviary|66\/100\n|-unboost|p1a: Braviary|atk|1\n|\n|-heal|p1a: Braviary|72\/100|[from] item: Leftovers\n|upkeep\n|turn|9\n|\n|t:|1700176629\n|move|p2a: Ogerpon|Knock Off|p1a: Braviary\n|-supereffective|p1a: Braviary\n|-damage|p1a: Braviary|0 fnt\n|-enditem|p1a: Braviary|Leftovers|[from] move: Knock Off|[of] p2a: Ogerpon\n|faint|p1a: Braviary\n|\n|upkeep\n|\n|t:|1700176632\n|switch|p1a: Lokix|Lokix, F, shiny|91\/100\n|turn|10\n|\n|t:|1700176666\n|switch|p2a: Great Tusk|Great Tusk|100\/100\n|move|p1a: Lokix|Sucker Punch||[still]\n|-fail|p1a: Lokix\n|\n|upkeep\n|turn|11\n|\n|t:|1700176678\n|move|p2a: Great Tusk|Ice Spinner|p1a: Lokix\n|-damage|p1a: Lokix|51\/100\n|move|p1a: Lokix|U-turn|p2a: Great Tusk\n|-resisted|p2a: Great Tusk\n|-damage|p2a: Great Tusk|71\/100\n|-damage|p1a: Lokix|41\/100|[from] item: Life Orb\n|\n|t:|1700176696\n|switch|p1a: Milotic|Milotic, M|100\/100|[from] U-turn\n|\n|-heal|p2a: Great Tusk|77\/100|[from] item: Leftovers\n|upkeep\n|turn|12\n|\n|t:|1700176706\n|move|p2a: Great Tusk|Stealth Rock|p1a: Milotic\n|-sidestart|p1: dagger4275|move: Stealth Rock\n|move|p1a: Milotic|Ice Beam|p2a: Great Tusk\n|-supereffective|p2a: Great Tusk\n|-damage|p2a: Great Tusk|9\/100\n|\n|-heal|p2a: Great Tusk|15\/100|[from] item: Leftovers\n|upkeep\n|turn|13\n|\n|t:|1700176712\n|move|p2a: Great Tusk|Earthquake|p1a: Milotic\n|-damage|p1a: Milotic|49\/100\n|move|p1a: Milotic|Ice Beam|p2a: Great Tusk\n|-supereffective|p2a: Great Tusk\n|-crit|p2a: Great Tusk\n|-damage|p2a: Great Tusk|0 fnt\n|faint|p2a: Great Tusk\n|-end|p2a: Great Tusk|Protosynthesis|[silent]\n|\n|-heal|p1a: Milotic|55\/100|[from] item: Leftovers\n|upkeep\n|inactive|pyro2021 has 120 seconds left.\n|\n|t:|1700176741\n|switch|p2a: Dragapult|Dragapult, F|19\/100\n|turn|14\n|inactive|pyro2021 has 120 seconds left.\n|\n|t:|1700176754\n|move|p2a: Dragapult|Shadow Ball|p1a: Milotic\n|-damage|p1a: Milotic|26\/100\n|move|p1a: Milotic|Recover|p1a: Milotic\n|-heal|p1a: Milotic|76\/100\n|\n|-heal|p1a: Milotic|82\/100|[from] item: Leftovers\n|upkeep\n|turn|15\n|\n|t:|1700176761\n|move|p2a: Dragapult|Shadow Ball|p1a: Milotic\n|-crit|p1a: Milotic\n|-damage|p1a: Milotic|41\/100\n|move|p1a: Milotic|Ice Beam|p2a: Dragapult\n|-supereffective|p2a: Dragapult\n|-damage|p2a: Dragapult|0 fnt\n|faint|p2a: Dragapult\n|\n|-heal|p1a: Milotic|47\/100|[from] item: Leftovers\n|upkeep\n|inactive|pyro2021 has 120 seconds left.\n|\n|t:|1700176773\n|switch|p2a: Ogerpon|Ogerpon, F|40\/100\n|turn|16\n|inactive|pyro2021 has 120 seconds left.\n|\n|t:|1700176799\n|switch|p1a: Garchomp|Garchomp, M|48\/100\n|-damage|p1a: Garchomp|42\/100|[from] Stealth Rock\n|move|p2a: Ogerpon|Knock Off|p1a: Garchomp\n|-damage|p1a: Garchomp|9\/100\n|-damage|p2a: Ogerpon|28\/100|[from] ability: Rough Skin|[of] p1a: Garchomp\n|-damage|p2a: Ogerpon|11\/100|[from] item: Rocky Helmet|[of] p1a: Garchomp\n|-enditem|p1a: Garchomp|Rocky Helmet|[from] move: Knock Off|[of] p2a: Ogerpon\n|\n|upkeep\n|turn|17\n|\n|t:|1700176816\n|move|p2a: Ogerpon|Knock Off|p1a: Garchomp\n|-damage|p1a: Garchomp|0 fnt\n|-damage|p2a: Ogerpon|0 fnt|[from] ability: Rough Skin|[of] p1a: Garchomp\n|faint|p1a: Garchomp\n|faint|p2a: Ogerpon\n|\n|upkeep\n|\n|t:|1700176822\n|switch|p2a: Kingambit|Kingambit, M|74\/100\n|switch|p1a: Brambleghast|Brambleghast, F|100\/100\n|-damage|p1a: Brambleghast|88\/100|[from] Stealth Rock\n|-activate|p2a: Kingambit|ability: Supreme Overlord\n|-start|p2a: Kingambit|fallen4|[silent]\n|turn|18\n|\n|t:|1700176829\n|move|p1a: Brambleghast|Rapid Spin|p2a: Kingambit\n|-resisted|p2a: Kingambit\n|-damage|p2a: Kingambit|66\/100\n|-boost|p1a: Brambleghast|spe|1\n|-sideend|p1: dagger4275|Stealth Rock|[from] move: Rapid Spin|[of] p1a: Brambleghast\n|move|p2a: Kingambit|Kowtow Cleave|p1a: Brambleghast\n|-supereffective|p1a: Brambleghast\n|-damage|p1a: Brambleghast|0 fnt\n|faint|p1a: Brambleghast\n|\n|-heal|p2a: Kingambit|73\/100|[from] item: Leftovers\n|upkeep\n|\n|t:|1700176834\n|switch|p1a: Lokix|Lokix, F, shiny|41\/100\n|turn|19\n|\n|t:|1700176843\n|move|p1a: Lokix|Axe Kick|p2a: Kingambit\n|-supereffective|p2a: Kingambit\n|-damage|p2a: Kingambit|0 fnt\n|faint|p2a: Kingambit\n|-end|p2a: Kingambit|fallen4|[silent]\n|-damage|p1a: Lokix|32\/100|[from] item: Life Orb\n|\n|upkeep\n|\n|t:|1700176848\n|switch|p2a: Greninja|Greninja, M|100\/100\n|turn|20\n|inactive|pyro2021 has 120 seconds left.\n|\n|t:|1700176882\n|move|p2a: Greninja|Water Shuriken|p1a: Lokix\n|-damage|p1a: Lokix|15\/100\n|-crit|p1a: Lokix\n|-damage|p1a: Lokix|0 fnt\n|faint|p1a: Lokix\n|-ability|p2a: Greninja|Battle Bond|boost\n|-boost|p2a: Greninja|atk|1\n|-boost|p2a: Greninja|spa|1\n|-boost|p2a: Greninja|spe|1\n|-activate|p2a: Greninja|ability: Battle Bond\n|-hitcount|p1: Lokix|2\n|-damage|p2a: Greninja|91\/100|[from] item: Life Orb\n|\n|upkeep\n|\n|t:|1700176885\n|switch|p1a: Milotic|Milotic, M|47\/100\n|turn|21\n|\n|t:|1700176894\n|move|p2a: Greninja|Dark Pulse|p1a: Milotic\n|-damage|p1a: Milotic|9\/100\n|-damage|p2a: Greninja|81\/100|[from] item: Life Orb\n|move|p1a: Milotic|Recover|p1a: Milotic\n|-heal|p1a: Milotic|59\/100\n|\n|-heal|p1a: Milotic|65\/100|[from] item: Leftovers\n|upkeep\n|turn|22\n|inactive|pyro2021 has 120 seconds left.\n|\n|t:|1700176908\n|move|p2a: Greninja|Dark Pulse|p1a: Milotic\n|-damage|p1a: Milotic|29\/100\n|-damage|p2a: Greninja|71\/100|[from] item: Life Orb\n|move|p1a: Milotic|Haze|p1a: Milotic\n|-clearallboost\n|\n|-heal|p1a: Milotic|36\/100|[from] item: Leftovers\n|upkeep\n|turn|23\n|\n|t:|1700176916\n|move|p2a: Greninja|Dark Pulse|p1a: Milotic\n|-damage|p1a: Milotic|11\/100\n|-damage|p2a: Greninja|61\/100|[from] item: Life Orb\n|move|p1a: Milotic|Recover|p1a: Milotic\n|-heal|p1a: Milotic|61\/100\n|\n|-heal|p1a: Milotic|68\/100|[from] item: Leftovers\n|upkeep\n|turn|24\n|\n|t:|1700176925\n|move|p2a: Greninja|Dark Pulse|p1a: Milotic\n|-damage|p1a: Milotic|40\/100\n|-damage|p2a: Greninja|51\/100|[from] item: Life Orb\n|cant|p1a: Milotic|flinch\n|\n|-heal|p1a: Milotic|46\/100|[from] item: Leftovers\n|upkeep\n|turn|25\n|\n|t:|1700176932\n|move|p2a: Greninja|Dark Pulse|p1a: Milotic\n|-damage|p1a: Milotic|22\/100\n|-damage|p2a: Greninja|42\/100|[from] item: Life Orb\n|move|p1a: Milotic|Recover|p1a: Milotic\n|-heal|p1a: Milotic|72\/100\n|\n|-heal|p1a: Milotic|78\/100|[from] item: Leftovers\n|upkeep\n|turn|26\n|\n|t:|1700176942\n|move|p2a: Greninja|Dark Pulse|p1a: Milotic\n|-damage|p1a: Milotic|54\/100\n|-damage|p2a: Greninja|32\/100|[from] item: Life Orb\n|move|p1a: Milotic|Recover|p1a: Milotic\n|-heal|p1a: Milotic|100\/100\n|\n|upkeep\n|turn|27\n|-message|pyro2021 forfeited.\n|\n|win|dagger4275\n|raw|dagger4275's rating: 1100 &rarr; <strong>1121<\/strong><br \/>(+21 for winning)\n|raw|pyro2021's rating: 1045 &rarr; <strong>1031<\/strong><br \/>(-14 for losing)\n|l|\u2606pyro2021\n","uploadtime":1700176955,"views":7,"p1id":"dagger4275","p2id":"pyro2021","formatid":"gen9ou","rating":1031,"private":0,"password":""}