{"id":"gen9ou-1999353888","p1":"mr.pickup","p2":"Zelcra","format":"[Gen 9] OU","log":"|j|\u2606mr.pickup\n|j|\u2606Zelcra\n|inactive|Battle timer is ON: inactive players will automatically lose when time's up.\n|t:|1701065413\n|gametype|singles\n|player|p1|mr.pickup|skierf|\n|player|p2|Zelcra|piers|\n|teamsize|p1|6\n|teamsize|p2|6\n|gen|9\n|tier|[Gen 9] OU\n|rated|Tournament battle\n|rule|Sleep Clause Mod: Limit one foe put to sleep\n|rule|Species Clause: Limit one of each Pok\u00e9mon\n|rule|OHKO Clause: OHKO moves are banned\n|rule|Evasion Items Clause: Evasion items are banned\n|rule|Evasion Moves Clause: Evasion moves are banned\n|rule|Endless Battle Clause: Forcing endless battles is banned\n|rule|HP Percentage Mod: HP is shown in percentages\n|clearpoke\n|poke|p1|Alomomola, F|\n|poke|p1|Delibird, F|\n|poke|p1|Haxorus, F|\n|poke|p1|Oranguru, M|\n|poke|p1|Froslass, F|\n|poke|p1|Ting-Lu|\n|poke|p2|Alomomola, F|\n|poke|p2|Delibird, F|\n|poke|p2|Haxorus, M|\n|poke|p2|Oranguru, F|\n|poke|p2|Froslass, F|\n|poke|p2|Ting-Lu|\n|teampreview\n|j|*Lady Monita \u2746\n|inactive|mr.pickup also wants the timer to be on.\n|inactive|Zelcra also wants the timer to be on.\n|c|\u2606Zelcra|gl hf\n|c|\u2606mr.pickup|u2\n|\n|t:|1701065422\n|start\n|switch|p1a: Froslass|Froslass, F|100\/100\n|switch|p2a: Froslass|Froslass, F|100\/100\n|turn|1\n|\n|t:|1701065434\n|switch|p1a: Ting-Lu|Ting-Lu|100\/100\n|-ability|p1a: Ting-Lu|Vessel of Ruin\n|move|p2a: Froslass|Spikes|p1a: Ting-Lu\n|-sidestart|p1: mr.pickup|Spikes\n|\n|upkeep\n|turn|2\n|\n|t:|1701065438\n|move|p2a: Froslass|Will-O-Wisp|p1a: Ting-Lu\n|-status|p1a: Ting-Lu|brn\n|move|p1a: Ting-Lu|Stealth Rock|p2a: Froslass\n|-sidestart|p2: Zelcra|move: Stealth Rock\n|\n|-damage|p1a: Ting-Lu|94\/100 brn|[from] brn\n|upkeep\n|turn|3\n|\n|t:|1701065441\n|move|p2a: Froslass|Spikes|p1a: Ting-Lu\n|-sidestart|p1: mr.pickup|Spikes\n|move|p1a: Ting-Lu|Payback|p2a: Froslass\n|-supereffective|p2a: Froslass\n|-damage|p2a: Froslass|39\/100\n|-start|p1a: Ting-Lu|Disable|Payback|[from] ability: Cursed Body|[of] p2a: Froslass\n|\n|-heal|p1a: Ting-Lu|100\/100 brn|[from] item: Leftovers\n|-damage|p1a: Ting-Lu|94\/100 brn|[from] brn\n|upkeep\n|turn|4\n|\n|t:|1701065449\n|move|p2a: Froslass|Spikes|p1a: Ting-Lu\n|-sidestart|p1: mr.pickup|Spikes\n|move|p1a: Ting-Lu|Whirlwind|p2a: Froslass\n|drag|p2a: Oranguru|Oranguru, F|100\/100\n|-damage|p2a: Oranguru|88\/100|[from] Stealth Rock\n|\n|-heal|p1a: Ting-Lu|100\/100 brn|[from] item: Leftovers\n|-damage|p1a: Ting-Lu|94\/100 brn|[from] brn\n|upkeep\n|turn|5\n|\n|t:|1701065469\n|switch|p2a: Alomomola|Alomomola, F|100\/100\n|move|p1a: Ting-Lu|Whirlwind|p2a: Alomomola\n|drag|p2a: Ting-Lu|Ting-Lu|100\/100\n|-damage|p2a: Ting-Lu|94\/100|[from] Stealth Rock\n|-ability|p2a: Ting-Lu|Vessel of Ruin\n|\n|-heal|p1a: Ting-Lu|100\/100 brn|[from] item: Leftovers\n|-damage|p1a: Ting-Lu|94\/100 brn|[from] brn\n|upkeep\n|turn|6\n|\n|t:|1701065477\n|switch|p1a: Oranguru|Oranguru, M|100\/100\n|-damage|p1a: Oranguru|75\/100|[from] Spikes\n|move|p2a: Ting-Lu|Body Press|p1a: Oranguru\n|-damage|p1a: Oranguru|59\/100\n|\n|-heal|p1a: Oranguru|65\/100|[from] item: Leftovers\n|upkeep\n|turn|7\n|\n|t:|1701065495\n|switch|p2a: Froslass|Froslass, F|39\/100\n|-damage|p2a: Froslass|14\/100|[from] Stealth Rock\n|move|p1a: Oranguru|Knock Off|p2a: Froslass\n|-supereffective|p2a: Froslass\n|-damage|p2a: Froslass|0 fnt\n|-start|p1a: Oranguru|Disable|Knock Off|[from] ability: Cursed Body|[of] p2a: Froslass\n|-enditem|p2a: Froslass|Focus Sash|[from] move: Knock Off|[of] p1a: Oranguru\n|faint|p2a: Froslass\n|\n|-heal|p1a: Oranguru|71\/100|[from] item: Leftovers\n|upkeep\n|j| poketough\n|\n|t:|1701065515\n|switch|p2a: Delibird|Delibird, F|100\/100\n|turn|8\n|\n|t:|1701065518\n|move|p1a: Oranguru|Protect|p1a: Oranguru\n|-singleturn|p1a: Oranguru|Protect\n|move|p2a: Delibird|Fake Out|p1a: Oranguru\n|-activate|p1a: Oranguru|move: Protect\n|\n|-heal|p1a: Oranguru|78\/100|[from] item: Leftovers\n|upkeep\n|turn|9\n|\n|t:|1701065525\n|switch|p2a: Alomomola|Alomomola, F|100\/100\n|switch|p1a: Alomomola|Alomomola, F|100\/100\n|\n|upkeep\n|turn|10\n|\n|t:|1701065530\n|move|p1a: Alomomola|Scald|p2a: Alomomola\n|-resisted|p2a: Alomomola\n|-damage|p2a: Alomomola|93\/100\n|move|p2a: Alomomola|Flip Turn|p1a: Alomomola\n|-resisted|p1a: Alomomola\n|-damage|p1a: Alomomola|96\/100\n|\n|t:|1701065535\n|switch|p2a: Oranguru|Oranguru, F|88\/100|[from] Flip Turn\n|-damage|p2a: Oranguru|76\/100|[from] Stealth Rock\n|\n|upkeep\n|turn|11\n|\n|t:|1701065542\n|move|p1a: Alomomola|Flip Turn|p2a: Oranguru\n|-damage|p2a: Oranguru|61\/100\n|\n|t:|1701065545\n|switch|p1a: Ting-Lu|Ting-Lu|94\/100 brn|[from] Flip Turn\n|-damage|p1a: Ting-Lu|69\/100 brn|[from] Spikes\n|-ability|p1a: Ting-Lu|Vessel of Ruin\n|move|p2a: Oranguru|Hyper Voice|p1a: Ting-Lu\n|-damage|p1a: Ting-Lu|34\/100 brn\n|\n|-heal|p1a: Ting-Lu|41\/100 brn|[from] item: Leftovers\n|-damage|p1a: Ting-Lu|34\/100 brn|[from] brn\n|upkeep\n|turn|12\n|\n|t:|1701065553\n|move|p2a: Oranguru|Hyper Voice|p1a: Ting-Lu\n|-crit|p1a: Ting-Lu\n|-damage|p1a: Ting-Lu|0 fnt\n|faint|p1a: Ting-Lu\n|\n|upkeep\n|\n|t:|1701065555\n|switch|p1a: Delibird|Delibird, F|100\/100\n|turn|13\n|\n|t:|1701065560\n|move|p1a: Delibird|Rapid Spin|p2a: Oranguru\n|-damage|p2a: Oranguru|45\/100\n|-boost|p1a: Delibird|spe|1\n|-sideend|p1: mr.pickup|Spikes|[from] move: Rapid Spin|[of] p1a: Delibird\n|move|p2a: Oranguru|Hyper Voice|p1a: Delibird\n|-enditem|p1a: Delibird|Focus Sash\n|-damage|p1a: Delibird|1\/100\n|\n|upkeep\n|turn|14\n|\n|t:|1701065569\n|move|p1a: Delibird|Ice Spinner|p2a: Oranguru\n|-damage|p2a: Oranguru|8\/100\n|move|p2a: Oranguru|Hyper Voice|p1a: Delibird\n|-damage|p1a: Delibird|0 fnt\n|faint|p1a: Delibird\n|\n|upkeep\n|\n|t:|1701065575\n|switch|p1a: Alomomola|Alomomola, F|100\/100\n|turn|15\n|\n|t:|1701065579\n|move|p1a: Alomomola|Flip Turn|p2a: Oranguru\n|-damage|p2a: Oranguru|0 fnt\n|faint|p2a: Oranguru\n|\n|t:|1701065582\n|switch|p1a: Froslass|Froslass, F|100\/100|[from] Flip Turn\n|\n|upkeep\n|\n|t:|1701065586\n|switch|p2a: Ting-Lu|Ting-Lu|94\/100\n|-damage|p2a: Ting-Lu|88\/100|[from] Stealth Rock\n|-ability|p2a: Ting-Lu|Vessel of Ruin\n|turn|16\n|\n|t:|1701065592\n|move|p1a: Froslass|Switcheroo|p2a: Ting-Lu\n|-activate|p1a: Froslass|move: Trick|[of] p2a: Ting-Lu\n|-item|p2a: Ting-Lu|Choice Scarf|[from] move: Switcheroo\n|-item|p1a: Froslass|Assault Vest|[from] move: Switcheroo\n|move|p2a: Ting-Lu|Throat Chop|p1a: Froslass\n|-supereffective|p1a: Froslass\n|-damage|p1a: Froslass|0 fnt\n|faint|p1a: Froslass\n|\n|upkeep\n|\n|t:|1701065599\n|switch|p1a: Alomomola|Alomomola, F|100\/100\n|turn|17\n|\n|t:|1701065604\n|switch|p2a: Alomomola|Alomomola, F|100\/100\n|move|p1a: Alomomola|Scald|p2a: Alomomola\n|-resisted|p2a: Alomomola\n|-damage|p2a: Alomomola|93\/100\n|\n|upkeep\n|turn|18\n|\n|t:|1701065606\n|move|p1a: Alomomola|Scald|p2a: Alomomola\n|-resisted|p2a: Alomomola\n|-damage|p2a: Alomomola|84\/100\n|move|p2a: Alomomola|Scald|p1a: Alomomola\n|-resisted|p1a: Alomomola\n|-damage|p1a: Alomomola|93\/100\n|\n|upkeep\n|turn|19\n|\n|t:|1701065611\n|move|p1a: Alomomola|Scald|p2a: Alomomola\n|-resisted|p2a: Alomomola\n|-damage|p2a: Alomomola|77\/100\n|move|p2a: Alomomola|Scald|p1a: Alomomola\n|-resisted|p1a: Alomomola\n|-damage|p1a: Alomomola|85\/100\n|\n|upkeep\n|turn|20\n|\n|t:|1701065613\n|move|p1a: Alomomola|Scald|p2a: Alomomola\n|-resisted|p2a: Alomomola\n|-damage|p2a: Alomomola|69\/100\n|move|p2a: Alomomola|Scald|p1a: Alomomola\n|-resisted|p1a: Alomomola\n|-damage|p1a: Alomomola|78\/100\n|\n|upkeep\n|turn|21\n|\n|t:|1701065615\n|move|p1a: Alomomola|Scald|p2a: Alomomola\n|-resisted|p2a: Alomomola\n|-damage|p2a: Alomomola|61\/100\n|-status|p2a: Alomomola|brn\n|move|p2a: Alomomola|Scald|p1a: Alomomola\n|-resisted|p1a: Alomomola\n|-damage|p1a: Alomomola|70\/100\n|\n|-damage|p2a: Alomomola|55\/100 brn|[from] brn\n|upkeep\n|turn|22\n|c|\u2606Zelcra|gameplay\n|\n|t:|1701065622\n|move|p1a: Alomomola|Flip Turn|p2a: Alomomola\n|-resisted|p2a: Alomomola\n|-damage|p2a: Alomomola|51\/100 brn\n|\n|t:|1701065624\n|switch|p1a: Oranguru|Oranguru, M|78\/100|[from] Flip Turn\n|move|p2a: Alomomola|Wish|p2a: Alomomola\n|\n|-heal|p1a: Oranguru|84\/100|[from] item: Leftovers\n|-damage|p2a: Alomomola|45\/100 brn|[from] brn\n|upkeep\n|turn|23\n|\n|t:|1701065627\n|move|p2a: Alomomola|Protect|p2a: Alomomola\n|-singleturn|p2a: Alomomola|Protect\n|move|p1a: Oranguru|Knock Off|p2a: Alomomola\n|-activate|p2a: Alomomola|move: Protect\n|\n|-heal|p2a: Alomomola|95\/100 brn|[from] move: Wish|[wisher] Alomomola\n|-heal|p1a: Oranguru|90\/100|[from] item: Leftovers\n|-damage|p2a: Alomomola|89\/100 brn|[from] brn\n|upkeep\n|turn|24\n|j| Oofy hh\n|\n|t:|1701065631\n|move|p1a: Oranguru|Knock Off|p2a: Alomomola\n|-damage|p2a: Alomomola|80\/100 brn\n|-enditem|p2a: Alomomola|Heavy-Duty Boots|[from] move: Knock Off|[of] p1a: Oranguru\n|move|p2a: Alomomola|Flip Turn|p1a: Oranguru\n|-damage|p1a: Oranguru|84\/100\n|\n|t:|1701065637\n|switch|p2a: Delibird|Delibird, F|100\/100|[from] Flip Turn\n|\n|-heal|p1a: Oranguru|90\/100|[from] item: Leftovers\n|upkeep\n|turn|25\n|\n|t:|1701065641\n|move|p1a: Oranguru|Protect|p1a: Oranguru\n|-singleturn|p1a: Oranguru|Protect\n|move|p2a: Delibird|Fake Out|p1a: Oranguru\n|-activate|p1a: Oranguru|move: Protect\n|\n|-heal|p1a: Oranguru|96\/100|[from] item: Leftovers\n|upkeep\n|turn|26\n|\n|t:|1701065645\n|move|p2a: Delibird|Rapid Spin|p1a: Oranguru\n|-damage|p1a: Oranguru|85\/100\n|-boost|p2a: Delibird|spe|1\n|-sideend|p2: Zelcra|Stealth Rock|[from] move: Rapid Spin|[of] p2a: Delibird\n|move|p1a: Oranguru|Knock Off|p2a: Delibird\n|-damage|p2a: Delibird|62\/100\n|-enditem|p2a: Delibird|Heavy-Duty Boots|[from] move: Knock Off|[of] p1a: Oranguru\n|\n|-heal|p1a: Oranguru|91\/100|[from] item: Leftovers\n|upkeep\n|turn|27\n|l| Oofy hh\n|\n|t:|1701065653\n|move|p2a: Delibird|Ice Spinner|p1a: Oranguru\n|-damage|p1a: Oranguru|61\/100\n|move|p1a: Oranguru|Knock Off|p2a: Delibird\n|-damage|p2a: Delibird|34\/100\n|\n|-heal|p1a: Oranguru|67\/100|[from] item: Leftovers\n|upkeep\n|turn|28\n|\n|t:|1701065658\n|switch|p2a: Alomomola|Alomomola, F|100\/100 brn\n|move|p1a: Oranguru|Knock Off|p2a: Alomomola\n|-damage|p2a: Alomomola|95\/100 brn\n|\n|-heal|p1a: Oranguru|74\/100|[from] item: Leftovers\n|-damage|p2a: Alomomola|89\/100 brn|[from] brn\n|upkeep\n|turn|29\n|\n|t:|1701065662\n|move|p1a: Oranguru|Taunt|p2a: Alomomola\n|-start|p2a: Alomomola|move: Taunt\n|move|p2a: Alomomola|Scald|p1a: Oranguru\n|-damage|p1a: Oranguru|63\/100\n|\n|-heal|p1a: Oranguru|70\/100|[from] item: Leftovers\n|-damage|p2a: Alomomola|83\/100 brn|[from] brn\n|upkeep\n|turn|30\n|j| Legobff\n|\n|t:|1701065668\n|move|p1a: Oranguru|Knock Off|p2a: Alomomola\n|-damage|p2a: Alomomola|78\/100 brn\n|move|p2a: Alomomola|Scald|p1a: Oranguru\n|-damage|p1a: Oranguru|59\/100\n|\n|-heal|p1a: Oranguru|65\/100|[from] item: Leftovers\n|-damage|p2a: Alomomola|72\/100 brn|[from] brn\n|upkeep\n|turn|31\n|\n|t:|1701065670\n|move|p1a: Oranguru|Knock Off|p2a: Alomomola\n|-crit|p2a: Alomomola\n|-damage|p2a: Alomomola|63\/100 brn\n|move|p2a: Alomomola|Scald|p1a: Oranguru\n|-damage|p1a: Oranguru|54\/100\n|\n|-heal|p1a: Oranguru|61\/100|[from] item: Leftovers\n|-damage|p2a: Alomomola|57\/100 brn|[from] brn\n|-end|p2a: Alomomola|move: Taunt\n|upkeep\n|turn|32\n|\n|t:|1701065675\n|move|p1a: Oranguru|Taunt|p2a: Alomomola\n|-start|p2a: Alomomola|move: Taunt\n|move|p2a: Alomomola|Scald|p1a: Oranguru\n|-damage|p1a: Oranguru|49\/100\n|\n|-heal|p1a: Oranguru|56\/100|[from] item: Leftovers\n|-damage|p2a: Alomomola|51\/100 brn|[from] brn\n|upkeep\n|turn|33\n|\n|t:|1701065679\n|move|p1a: Oranguru|Knock Off|p2a: Alomomola\n|-damage|p2a: Alomomola|45\/100 brn\n|move|p2a: Alomomola|Flip Turn|p1a: Oranguru\n|-damage|p1a: Oranguru|50\/100\n|\n|t:|1701065682\n|switch|p2a: Delibird|Delibird, F|34\/100|[from] Flip Turn\n|\n|-heal|p1a: Oranguru|56\/100|[from] item: Leftovers\n|upkeep\n|turn|34\n|\n|t:|1701065685\n|move|p2a: Delibird|Fake Out|p1a: Oranguru\n|-damage|p1a: Oranguru|47\/100\n|move|p1a: Oranguru|Knock Off|p2a: Delibird\n|-damage|p2a: Delibird|5\/100\n|\n|-heal|p1a: Oranguru|53\/100|[from] item: Leftovers\n|upkeep\n|turn|35\n|\n|t:|1701065692\n|switch|p2a: Alomomola|Alomomola, F|78\/100 brn\n|move|p1a: Oranguru|Knock Off|p2a: Alomomola\n|-damage|p2a: Alomomola|73\/100 brn\n|\n|-heal|p1a: Oranguru|60\/100|[from] item: Leftovers\n|-damage|p2a: Alomomola|66\/100 brn|[from] brn\n|upkeep\n|turn|36\n|\n|t:|1701065695\n|move|p1a: Oranguru|Taunt|p2a: Alomomola\n|-start|p2a: Alomomola|move: Taunt\n|move|p2a: Alomomola|Scald|p1a: Oranguru\n|-damage|p1a: Oranguru|49\/100\n|\n|-heal|p1a: Oranguru|55\/100|[from] item: Leftovers\n|-damage|p2a: Alomomola|60\/100 brn|[from] brn\n|upkeep\n|turn|37\n|\n|t:|1701065698\n|move|p1a: Oranguru|Knock Off|p2a: Alomomola\n|-damage|p2a: Alomomola|55\/100 brn\n|move|p2a: Alomomola|Flip Turn|p1a: Oranguru\n|-damage|p1a: Oranguru|49\/100\n|\n|t:|1701065700\n|switch|p2a: Delibird|Delibird, F|5\/100|[from] Flip Turn\n|\n|-heal|p1a: Oranguru|55\/100|[from] item: Leftovers\n|upkeep\n|turn|38\n|\n|t:|1701065702\n|switch|p2a: Alomomola|Alomomola, F|89\/100 brn\n|move|p1a: Oranguru|Knock Off|p2a: Alomomola\n|-damage|p2a: Alomomola|83\/100 brn\n|\n|-heal|p1a: Oranguru|61\/100|[from] item: Leftovers\n|-damage|p2a: Alomomola|77\/100 brn|[from] brn\n|upkeep\n|turn|39\n|\n|t:|1701065704\n|move|p1a: Oranguru|Taunt|p2a: Alomomola\n|-start|p2a: Alomomola|move: Taunt\n|move|p2a: Alomomola|Scald|p1a: Oranguru\n|-damage|p1a: Oranguru|50\/100\n|\n|-heal|p1a: Oranguru|56\/100|[from] item: Leftovers\n|-damage|p2a: Alomomola|71\/100 brn|[from] brn\n|upkeep\n|turn|40\n|\n|t:|1701065707\n|move|p1a: Oranguru|Knock Off|p2a: Alomomola\n|-damage|p2a: Alomomola|65\/100 brn\n|move|p2a: Alomomola|Scald|p1a: Oranguru\n|-damage|p1a: Oranguru|46\/100\n|\n|-heal|p1a: Oranguru|52\/100|[from] item: Leftovers\n|-damage|p2a: Alomomola|59\/100 brn|[from] brn\n|upkeep\n|turn|41\n|\n|t:|1701065709\n|move|p1a: Oranguru|Protect|p1a: Oranguru\n|-singleturn|p1a: Oranguru|Protect\n|move|p2a: Alomomola|Flip Turn|p1a: Oranguru\n|-activate|p1a: Oranguru|move: Protect\n|\n|-heal|p1a: Oranguru|59\/100|[from] item: Leftovers\n|-damage|p2a: Alomomola|53\/100 brn|[from] brn\n|-end|p2a: Alomomola|move: Taunt\n|upkeep\n|turn|42\n|\n|t:|1701065711\n|move|p1a: Oranguru|Taunt|p2a: Alomomola\n|-start|p2a: Alomomola|move: Taunt\n|move|p2a: Alomomola|Flip Turn|p1a: Oranguru\n|-damage|p1a: Oranguru|52\/100\n|\n|t:|1701065713\n|switch|p2a: Delibird|Delibird, F|5\/100|[from] Flip Turn\n|\n|-heal|p1a: Oranguru|59\/100|[from] item: Leftovers\n|upkeep\n|turn|43\n|\n|t:|1701065715\n|switch|p2a: Alomomola|Alomomola, F|86\/100 brn\n|move|p1a: Oranguru|Knock Off|p2a: Alomomola\n|-damage|p2a: Alomomola|81\/100 brn\n|\n|-heal|p1a: Oranguru|65\/100|[from] item: Leftovers\n|-damage|p2a: Alomomola|75\/100 brn|[from] brn\n|upkeep\n|turn|44\n|c| Legobff|no special moves?\n|\n|t:|1701065718\n|move|p1a: Oranguru|Protect|p1a: Oranguru\n|-singleturn|p1a: Oranguru|Protect\n|move|p2a: Alomomola|Scald|p1a: Oranguru\n|-activate|p1a: Oranguru|move: Protect\n|\n|-heal|p1a: Oranguru|71\/100|[from] item: Leftovers\n|-damage|p2a: Alomomola|69\/100 brn|[from] brn\n|upkeep\n|turn|45\n|c|\u2606Zelcra|?\n|c|\u2606mr.pickup|Nope do not need em\n|\n|t:|1701065727\n|move|p1a: Oranguru|Taunt|p2a: Alomomola\n|-start|p2a: Alomomola|move: Taunt\n|move|p2a: Alomomola|Scald|p1a: Oranguru\n|-damage|p1a: Oranguru|60\/100\n|\n|-heal|p1a: Oranguru|66\/100|[from] item: Leftovers\n|-damage|p2a: Alomomola|62\/100 brn|[from] brn\n|upkeep\n|turn|46\n|\n|t:|1701065730\n|move|p1a: Oranguru|Protect|p1a: Oranguru\n|-singleturn|p1a: Oranguru|Protect\n|move|p2a: Alomomola|Scald|p1a: Oranguru\n|-activate|p1a: Oranguru|move: Protect\n|\n|-heal|p1a: Oranguru|72\/100|[from] item: Leftovers\n|-damage|p2a: Alomomola|56\/100 brn|[from] brn\n|upkeep\n|turn|47\n|\n|t:|1701065732\n|move|p1a: Oranguru|Knock Off|p2a: Alomomola\n|-damage|p2a: Alomomola|51\/100 brn\n|move|p2a: Alomomola|Flip Turn|p1a: Oranguru\n|-damage|p1a: Oranguru|66\/100\n|\n|t:|1701065734\n|switch|p2a: Delibird|Delibird, F|5\/100|[from] Flip Turn\n|\n|-heal|p1a: Oranguru|72\/100|[from] item: Leftovers\n|upkeep\n|turn|48\n|\n|t:|1701065737\n|switch|p2a: Alomomola|Alomomola, F|85\/100 brn\n|move|p1a: Oranguru|Knock Off|p2a: Alomomola\n|-damage|p2a: Alomomola|79\/100 brn\n|\n|-heal|p1a: Oranguru|79\/100|[from] item: Leftovers\n|-damage|p2a: Alomomola|73\/100 brn|[from] brn\n|upkeep\n|turn|49\n|l| poketough\n|\n|t:|1701065739\n|move|p1a: Oranguru|Taunt|p2a: Alomomola\n|-start|p2a: Alomomola|move: Taunt\n|move|p2a: Alomomola|Scald|p1a: Oranguru\n|-damage|p1a: Oranguru|67\/100\n|\n|-heal|p1a: Oranguru|74\/100|[from] item: Leftovers\n|-damage|p2a: Alomomola|67\/100 brn|[from] brn\n|upkeep\n|turn|50\n|c|\u2606Zelcra|my scald rolls are top 10\n|c|\u2606Zelcra|!calc 0.3^15\n|c| Zelcra|\/raw <div class=\"infobox\">0.3^15<br \/>= <strong>1.4348906999999992e-8<\/strong><\/div>\n|c|\u2606Zelcra|my odds are GODLY\n|c|\u2606mr.pickup|Yeah Im kinda of just waiting to die lol\n|\n|t:|1701065758\n|move|p1a: Oranguru|Knock Off|p2a: Alomomola\n|-damage|p2a: Alomomola|62\/100 brn\n|move|p2a: Alomomola|Scald|p1a: Oranguru\n|-damage|p1a: Oranguru|63\/100\n|\n|-heal|p1a: Oranguru|70\/100|[from] item: Leftovers\n|-damage|p2a: Alomomola|56\/100 brn|[from] brn\n|upkeep\n|turn|51\n|\n|t:|1701065761\n|move|p1a: Oranguru|Protect|p1a: Oranguru\n|-singleturn|p1a: Oranguru|Protect\n|move|p2a: Alomomola|Scald|p1a: Oranguru\n|-activate|p1a: Oranguru|move: Protect\n|\n|-heal|p1a: Oranguru|76\/100|[from] item: Leftovers\n|-damage|p2a: Alomomola|49\/100 brn|[from] brn\n|-end|p2a: Alomomola|move: Taunt\n|upkeep\n|turn|52\n|\n|t:|1701065765\n|move|p1a: Oranguru|Knock Off|p2a: Alomomola\n|-damage|p2a: Alomomola|44\/100 brn\n|move|p2a: Alomomola|Flip Turn|p1a: Oranguru\n|-damage|p1a: Oranguru|70\/100\n|\n|t:|1701065768\n|switch|p2a: Delibird|Delibird, F|5\/100|[from] Flip Turn\n|\n|-heal|p1a: Oranguru|77\/100|[from] item: Leftovers\n|upkeep\n|turn|53\n|\n|t:|1701065773\n|switch|p2a: Alomomola|Alomomola, F|77\/100 brn\n|move|p1a: Oranguru|Knock Off|p2a: Alomomola\n|-damage|p2a: Alomomola|71\/100 brn\n|\n|-heal|p1a: Oranguru|83\/100|[from] item: Leftovers\n|-damage|p2a: Alomomola|65\/100 brn|[from] brn\n|upkeep\n|turn|54\n|\n|t:|1701065777\n|move|p1a: Oranguru|Taunt|p2a: Alomomola\n|-start|p2a: Alomomola|move: Taunt\n|move|p2a: Alomomola|Flip Turn|p1a: Oranguru\n|-damage|p1a: Oranguru|77\/100\n|c| Legobff|where is the burn omg\n|\n|t:|1701065780\n|switch|p2a: Delibird|Delibird, F|5\/100|[from] Flip Turn\n|\n|-heal|p1a: Oranguru|83\/100|[from] item: Leftovers\n|upkeep\n|turn|55\n|\n|t:|1701065786\n|switch|p2a: Alomomola|Alomomola, F|99\/100 brn\n|move|p1a: Oranguru|Knock Off|p2a: Alomomola\n|-damage|p2a: Alomomola|93\/100 brn\n|\n|-heal|p1a: Oranguru|89\/100|[from] item: Leftovers\n|-damage|p2a: Alomomola|87\/100 brn|[from] brn\n|upkeep\n|turn|56\n|c|\u2606Zelcra|i genuinely think these odds are like\n|c|\u2606Zelcra|several magnitudes lower than shiny odds\n|c|\u2606mr.pickup|Maybe the worst odds i have ever seen\n|c|\u2606Zelcra|!calc (1\/4096)^2\n|c| Zelcra|\/raw <div class=\"infobox\">(1\/4096)^2<br \/>= <strong>5.960464477539063e-8<\/strong><\/div>\n|inactive|Zelcra has 120 seconds left.\n|c|\u2606Zelcra|!calc 0.3^(24-7)\n|c| Zelcra|\/raw <div class=\"infobox\">0.3^(24-7)<br \/>= <strong>1.291401629999999e-9<\/strong><\/div>\n|c|\u2606mr.pickup|Might break a record\n|c|\u2606Zelcra|literally rarer than getting two shinies in a row\n|c|\u2606Zelcra|wtf\n|\n|t:|1701065838\n|move|p1a: Oranguru|Protect|p1a: Oranguru\n|-singleturn|p1a: Oranguru|Protect\n|move|p2a: Alomomola|Scald|p1a: Oranguru\n|-activate|p1a: Oranguru|move: Protect\n|\n|-heal|p1a: Oranguru|95\/100|[from] item: Leftovers\n|-damage|p2a: Alomomola|81\/100 brn|[from] brn\n|upkeep\n|turn|57\n|\n|t:|1701065841\n|move|p1a: Oranguru|Knock Off|p2a: Alomomola\n|-damage|p2a: Alomomola|76\/100 brn\n|move|p2a: Alomomola|Scald|p1a: Oranguru\n|-damage|p1a: Oranguru|85\/100\n|\n|-heal|p1a: Oranguru|91\/100|[from] item: Leftovers\n|-damage|p2a: Alomomola|70\/100 brn|[from] brn\n|upkeep\n|turn|58\n|c|\u2606Zelcra|ok not all of the scalds hit so\n|c|\u2606Zelcra|ig\n|\n|t:|1701065848\n|move|p1a: Oranguru|Protect|p1a: Oranguru\n|-singleturn|p1a: Oranguru|Protect\n|move|p2a: Alomomola|Scald|p1a: Oranguru\n|-activate|p1a: Oranguru|move: Protect\n|\n|-heal|p1a: Oranguru|97\/100|[from] item: Leftovers\n|-damage|p2a: Alomomola|64\/100 brn|[from] brn\n|upkeep\n|turn|59\n|\n|t:|1701065851\n|move|p1a: Oranguru|Knock Off|p2a: Alomomola\n|-damage|p2a: Alomomola|58\/100 brn\n|move|p2a: Alomomola|Flip Turn|p1a: Oranguru\n|-damage|p1a: Oranguru|91\/100\n|\n|t:|1701065853\n|switch|p2a: Delibird|Delibird, F|5\/100|[from] Flip Turn\n|\n|-heal|p1a: Oranguru|97\/100|[from] item: Leftovers\n|upkeep\n|turn|60\n|c| Legobff|don't forget protect\n|\n|t:|1701065857\n|switch|p2a: Alomomola|Alomomola, F|91\/100 brn\n|move|p1a: Oranguru|Knock Off|p2a: Alomomola\n|-damage|p2a: Alomomola|85\/100 brn\n|\n|-heal|p1a: Oranguru|100\/100|[from] item: Leftovers\n|-damage|p2a: Alomomola|79\/100 brn|[from] brn\n|upkeep\n|turn|61\n|c|\u2606Zelcra|yeah that's what im saying\n|\n|t:|1701065864\n|move|p2a: Alomomola|Protect|p2a: Alomomola\n|-singleturn|p2a: Alomomola|Protect\n|move|p1a: Oranguru|Taunt|p2a: Alomomola\n|-activate|p2a: Alomomola|move: Protect\n|\n|-damage|p2a: Alomomola|73\/100 brn|[from] brn\n|upkeep\n|turn|62\n|c|\u2606mr.pickup|Like just let my hax come in for free please\n|\n|t:|1701065880\n|move|p1a: Oranguru|Taunt|p2a: Alomomola\n|-start|p2a: Alomomola|move: Taunt\n|move|p2a: Alomomola|Scald|p1a: Oranguru\n|-damage|p1a: Oranguru|88\/100\n|\n|-heal|p1a: Oranguru|94\/100|[from] item: Leftovers\n|-damage|p2a: Alomomola|67\/100 brn|[from] brn\n|upkeep\n|turn|63\n|\n|t:|1701065884\n|move|p1a: Oranguru|Protect|p1a: Oranguru\n|-singleturn|p1a: Oranguru|Protect\n|move|p2a: Alomomola|Flip Turn|p1a: Oranguru\n|-activate|p1a: Oranguru|move: Protect\n|\n|-heal|p1a: Oranguru|100\/100|[from] item: Leftovers\n|-damage|p2a: Alomomola|61\/100 brn|[from] brn\n|upkeep\n|turn|64\n|\n|t:|1701065886\n|move|p1a: Oranguru|Knock Off|p2a: Alomomola\n|-damage|p2a: Alomomola|55\/100 brn\n|move|p2a: Alomomola|Flip Turn|p1a: Oranguru\n|-damage|p1a: Oranguru|94\/100\n|\n|t:|1701065888\n|switch|p2a: Delibird|Delibird, F|5\/100|[from] Flip Turn\n|\n|-heal|p1a: Oranguru|100\/100|[from] item: Leftovers\n|upkeep\n|turn|65\n|\n|t:|1701065891\n|switch|p2a: Alomomola|Alomomola, F|88\/100 brn\n|move|p1a: Oranguru|Protect||[still]\n|-fail|p1a: Oranguru\n|\n|-damage|p2a: Alomomola|82\/100 brn|[from] brn\n|upkeep\n|turn|66\n|\n|t:|1701065898\n|move|p1a: Oranguru|Taunt|p2a: Alomomola\n|-start|p2a: Alomomola|move: Taunt\n|cant|p2a: Alomomola|move: Taunt|Wish\n|\n|-damage|p2a: Alomomola|76\/100 brn|[from] brn\n|upkeep\n|turn|67\n|\n|t:|1701065902\n|move|p1a: Oranguru|Knock Off|p2a: Alomomola\n|-damage|p2a: Alomomola|70\/100 brn\n|move|p2a: Alomomola|Flip Turn|p1a: Oranguru\n|-damage|p1a: Oranguru|94\/100\n|\n|t:|1701065904\n|switch|p2a: Delibird|Delibird, F|5\/100|[from] Flip Turn\n|\n|-heal|p1a: Oranguru|100\/100|[from] item: Leftovers\n|upkeep\n|turn|68\n|\n|t:|1701065909\n|switch|p2a: Alomomola|Alomomola, F|100\/100 brn\n|move|p1a: Oranguru|Taunt|p2a: Alomomola\n|-start|p2a: Alomomola|move: Taunt\n|\n|-damage|p2a: Alomomola|94\/100 brn|[from] brn\n|upkeep\n|turn|69\n|\n|t:|1701065913\n|move|p1a: Oranguru|Taunt||[still]\n|-fail|p1a: Oranguru\n|move|p2a: Alomomola|Scald|p1a: Oranguru\n|-damage|p1a: Oranguru|89\/100\n|-status|p1a: Oranguru|brn\n|\n|-heal|p1a: Oranguru|95\/100 brn|[from] item: Leftovers\n|-damage|p1a: Oranguru|89\/100 brn|[from] brn\n|-damage|p2a: Alomomola|88\/100 brn|[from] brn\n|upkeep\n|turn|70\n|c|\u2606Zelcra|finally\n|c|\u2606mr.pickup|LETS GO IT HAPPEND\n|\n|t:|1701065925\n|move|p1a: Oranguru|Knock Off|p2a: Alomomola\n|-damage|p2a: Alomomola|86\/100 brn\n|move|p2a: Alomomola|Scald|p1a: Oranguru\n|-damage|p1a: Oranguru|78\/100 brn\n|\n|-heal|p1a: Oranguru|84\/100 brn|[from] item: Leftovers\n|-damage|p1a: Oranguru|78\/100 brn|[from] brn\n|-damage|p2a: Alomomola|79\/100 brn|[from] brn\n|-end|p2a: Alomomola|move: Taunt\n|upkeep\n|turn|71\n|\n|t:|1701065931\n|move|p1a: Oranguru|Taunt|p2a: Alomomola\n|-start|p2a: Alomomola|move: Taunt\n|move|p2a: Alomomola|Scald|p1a: Oranguru\n|-damage|p1a: Oranguru|68\/100 brn\n|\n|-heal|p1a: Oranguru|74\/100 brn|[from] item: Leftovers\n|-damage|p1a: Oranguru|68\/100 brn|[from] brn\n|-damage|p2a: Alomomola|73\/100 brn|[from] brn\n|upkeep\n|turn|72\n|\n|t:|1701065934\n|move|p1a: Oranguru|Knock Off|p2a: Alomomola\n|-damage|p2a: Alomomola|70\/100 brn\n|move|p2a: Alomomola|Flip Turn|p1a: Oranguru\n|-damage|p1a: Oranguru|62\/100 brn\n|\n|t:|1701065943\n|switch|p2a: Ting-Lu|Ting-Lu|88\/100|[from] Flip Turn\n|-ability|p2a: Ting-Lu|Vessel of Ruin\n|\n|-heal|p1a: Oranguru|68\/100 brn|[from] item: Leftovers\n|-damage|p1a: Oranguru|62\/100 brn|[from] brn\n|upkeep\n|turn|73\n|\n|t:|1701065947\n|move|p1a: Oranguru|Protect|p1a: Oranguru\n|-singleturn|p1a: Oranguru|Protect\n|move|p2a: Ting-Lu|Throat Chop|p1a: Oranguru\n|-activate|p1a: Oranguru|move: Protect\n|\n|-heal|p1a: Oranguru|68\/100 brn|[from] item: Leftovers\n|-damage|p1a: Oranguru|62\/100 brn|[from] brn\n|upkeep\n|turn|74\n|\n|t:|1701065952\n|switch|p1a: Alomomola|Alomomola, F|100\/100\n|move|p2a: Ting-Lu|Throat Chop|p1a: Alomomola\n|-damage|p1a: Alomomola|77\/100\n|-start|p1a: Alomomola|Throat Chop|[silent]\n|\n|upkeep\n|turn|75\n|\n|t:|1701065956\n|switch|p2a: Alomomola|Alomomola, F|100\/100 brn\n|move|p1a: Alomomola|Scald|p2a: Alomomola\n|-resisted|p2a: Alomomola\n|-damage|p2a: Alomomola|92\/100 brn\n|\n|-damage|p2a: Alomomola|86\/100 brn|[from] brn\n|-end|p1a: Alomomola|Throat Chop|[silent]\n|upkeep\n|turn|76\n|\n|t:|1701065963\n|move|p1a: Alomomola|Flip Turn|p2a: Alomomola\n|-resisted|p2a: Alomomola\n|-damage|p2a: Alomomola|82\/100 brn\n|\n|t:|1701065965\n|switch|p1a: Haxorus|Haxorus, F|100\/100|[from] Flip Turn\n|move|p2a: Alomomola|Flip Turn|p1a: Haxorus\n|-resisted|p1a: Haxorus\n|-damage|p1a: Haxorus|95\/100\n|\n|t:|1701065970\n|switch|p2a: Delibird|Delibird, F|5\/100|[from] Flip Turn\n|\n|upkeep\n|turn|77\n|\n|t:|1701065978\n|move|p2a: Delibird|Fake Out|p1a: Haxorus|[miss]\n|-miss|p2a: Delibird|p1a: Haxorus\n|move|p1a: Haxorus|Close Combat|p2a: Delibird\n|-damage|p2a: Delibird|0 fnt\n|-unboost|p1a: Haxorus|def|1\n|-unboost|p1a: Haxorus|spd|1\n|faint|p2a: Delibird\n|\n|upkeep\n|c|\u2606Zelcra|that's so real\n|c|\u2606mr.pickup|Hustle gaming\n|inactive|Zelcra has 120 seconds left.\n|j| poketough\n|c|\u2606mr.pickup|If this comes down to hax vs hax i will forfeit for those odds lol\n|\n|t:|1701066033\n|switch|p2a: Alomomola|Alomomola, F|100\/100 brn\n|turn|78\n|c|\u2606Zelcra|yeah after that scald shitshow\n|\n|t:|1701066039\n|switch|p1a: Oranguru|Oranguru, M|62\/100 brn\n|move|p2a: Alomomola|Flip Turn|p1a: Oranguru\n|-damage|p1a: Oranguru|56\/100 brn\n|inactive|Zelcra has 90 seconds left.\n|\n|t:|1701066054\n|switch|p2a: Ting-Lu|Ting-Lu|88\/100|[from] Flip Turn\n|-ability|p2a: Ting-Lu|Vessel of Ruin\n|\n|-heal|p1a: Oranguru|62\/100 brn|[from] item: Leftovers\n|-damage|p1a: Oranguru|56\/100 brn|[from] brn\n|upkeep\n|turn|79\n|c| poketough|Why phy oran\n|\n|t:|1701066059\n|move|p1a: Oranguru|Protect|p1a: Oranguru\n|-singleturn|p1a: Oranguru|Protect\n|move|p2a: Ting-Lu|Throat Chop|p1a: Oranguru\n|-activate|p1a: Oranguru|move: Protect\n|\n|-heal|p1a: Oranguru|62\/100 brn|[from] item: Leftovers\n|-damage|p1a: Oranguru|56\/100 brn|[from] brn\n|upkeep\n|turn|80\n|c|\u2606Zelcra|bc funny knock spam\n|\n|t:|1701066069\n|switch|p1a: Alomomola|Alomomola, F|100\/100\n|move|p2a: Ting-Lu|Throat Chop|p1a: Alomomola\n|-damage|p1a: Alomomola|78\/100\n|-start|p1a: Alomomola|Throat Chop|[silent]\n|\n|upkeep\n|turn|81\n|\n|t:|1701066072\n|switch|p2a: Alomomola|Alomomola, F|100\/100 brn\n|move|p1a: Alomomola|Scald|p2a: Alomomola\n|-resisted|p2a: Alomomola\n|-damage|p2a: Alomomola|93\/100 brn\n|\n|-damage|p2a: Alomomola|87\/100 brn|[from] brn\n|-end|p1a: Alomomola|Throat Chop|[silent]\n|upkeep\n|turn|82\n|\n|t:|1701066076\n|move|p1a: Alomomola|Scald|p2a: Alomomola\n|-resisted|p2a: Alomomola\n|-damage|p2a: Alomomola|78\/100 brn\n|move|p2a: Alomomola|Flip Turn|p1a: Alomomola\n|-resisted|p1a: Alomomola\n|-damage|p1a: Alomomola|76\/100\n|\n|t:|1701066082\n|switch|p2a: Ting-Lu|Ting-Lu|88\/100|[from] Flip Turn\n|-ability|p2a: Ting-Lu|Vessel of Ruin\n|\n|upkeep\n|turn|83\n|\n|t:|1701066085\n|switch|p2a: Alomomola|Alomomola, F|100\/100 brn\n|move|p1a: Alomomola|Protect||[still]\n|-fail|p1a: Alomomola\n|\n|-damage|p2a: Alomomola|94\/100 brn|[from] brn\n|upkeep\n|turn|84\n|\n|t:|1701066092\n|move|p1a: Alomomola|Scald|p2a: Alomomola\n|-resisted|p2a: Alomomola\n|-damage|p2a: Alomomola|86\/100 brn\n|move|p2a: Alomomola|Flip Turn|p1a: Alomomola\n|-resisted|p1a: Alomomola\n|-damage|p1a: Alomomola|74\/100\n|\n|t:|1701066101\n|switch|p2a: Ting-Lu|Ting-Lu|88\/100|[from] Flip Turn\n|-ability|p2a: Ting-Lu|Vessel of Ruin\n|\n|upkeep\n|turn|85\n|\n|t:|1701066104\n|switch|p2a: Alomomola|Alomomola, F|100\/100 brn\n|move|p1a: Alomomola|Flip Turn|p2a: Alomomola\n|-resisted|p2a: Alomomola\n|-damage|p2a: Alomomola|97\/100 brn\n|\n|t:|1701066106\n|switch|p1a: Haxorus|Haxorus, F|95\/100|[from] Flip Turn\n|\n|-damage|p2a: Alomomola|91\/100 brn|[from] brn\n|upkeep\n|turn|86\n|\n|t:|1701066111\n|move|p1a: Haxorus|Outrage|p2a: Alomomola\n|-damage|p2a: Alomomola|19\/100 brn\n|move|p2a: Alomomola|Flip Turn|p1a: Haxorus\n|-resisted|p1a: Haxorus\n|-damage|p1a: Haxorus|90\/100\n|inactive|Zelcra has 120 seconds left.\n|c| Legobff|regenerator and flip turn is kinda nice\n|\n|t:|1701066140\n|switch|p2a: Haxorus|Haxorus, M|100\/100|[from] Flip Turn\n|-ability|p2a: Haxorus|Mold Breaker\n|\n|upkeep\n|turn|87\n|\n|t:|1701066147\n|-terastallize|p2a: Haxorus|Steel\n|move|p1a: Haxorus|Outrage|p2a: Haxorus|[from]lockedmove\n|-resisted|p2a: Haxorus\n|-damage|p2a: Haxorus|51\/100\n|move|p2a: Haxorus|Swords Dance|p2a: Haxorus\n|-boost|p2a: Haxorus|atk|2\n|\n|upkeep\n|turn|88\n|\n|t:|1701066152\n|move|p1a: Haxorus|Outrage|p2a: Haxorus|[from]lockedmove\n|-resisted|p2a: Haxorus\n|-damage|p2a: Haxorus|6\/100\n|-start|p1a: Haxorus|confusion|[fatigue]\n|move|p2a: Haxorus|Scale Shot|p1a: Haxorus\n|-supereffective|p1a: Haxorus\n|-damage|p1a: Haxorus|10\/100\n|-supereffective|p1a: Haxorus\n|-damage|p1a: Haxorus|0 fnt\n|faint|p1a: Haxorus\n|-hitcount|p1: Haxorus|2\n|-unboost|p2a: Haxorus|def|1\n|-boost|p2a: Haxorus|spe|1\n|\n|upkeep\n|\n|t:|1701066154\n|switch|p1a: Alomomola|Alomomola, F|100\/100\n|turn|89\n|c| Legobff|it survive\n|\n|t:|1701066165\n|-terastallize|p1a: Alomomola|Fairy\n|move|p2a: Haxorus|Scale Shot|p1a: Alomomola\n|-immune|p1a: Alomomola\n|move|p1a: Alomomola|Scald|p2a: Haxorus\n|-damage|p2a: Haxorus|0 fnt\n|faint|p2a: Haxorus\n|\n|upkeep\n|c|\u2606mr.pickup|Defo\n|c|\u2606Zelcra|i should'ved predicted lmao\n|\n|t:|1701066176\n|switch|p2a: Alomomola|Alomomola, F|53\/100 brn\n|turn|90\n|\n|t:|1701066182\n|move|p1a: Alomomola|Protect|p1a: Alomomola\n|-singleturn|p1a: Alomomola|Protect\n|move|p2a: Alomomola|Wish|p2a: Alomomola\n|\n|-damage|p2a: Alomomola|46\/100 brn|[from] brn\n|upkeep\n|turn|91\n|c| poketough|do we get a kill\n|c| Legobff|it is gonna be so slow\n|c|\u2606Zelcra|nah\n|c|\u2606mr.pickup|Not for a while\n|\n|t:|1701066192\n|move|p2a: Alomomola|Protect|p2a: Alomomola\n|-singleturn|p2a: Alomomola|Protect\n|move|p1a: Alomomola|Wish|p1a: Alomomola\n|\n|-heal|p2a: Alomomola|96\/100 brn|[from] move: Wish|[wisher] Alomomola\n|-damage|p2a: Alomomola|90\/100 brn|[from] brn\n|upkeep\n|turn|92\n|\n|t:|1701066198\n|switch|p1a: Oranguru|Oranguru, M|56\/100 brn\n|move|p2a: Alomomola|Flip Turn|p1a: Oranguru\n|-damage|p1a: Oranguru|49\/100 brn\n|\n|t:|1701066200\n|switch|p2a: Ting-Lu|Ting-Lu|88\/100|[from] Flip Turn\n|-ability|p2a: Ting-Lu|Vessel of Ruin\n|\n|-heal|p1a: Oranguru|100\/100 brn|[from] move: Wish|[wisher] Alomomola\n|-damage|p1a: Oranguru|94\/100 brn|[from] brn\n|upkeep\n|turn|93\n|\n|t:|1701066204\n|move|p1a: Oranguru|Protect|p1a: Oranguru\n|-singleturn|p1a: Oranguru|Protect\n|move|p2a: Ting-Lu|Throat Chop|p1a: Oranguru\n|-activate|p1a: Oranguru|move: Protect\n|\n|-heal|p1a: Oranguru|100\/100 brn|[from] item: Leftovers\n|-damage|p1a: Oranguru|94\/100 brn|[from] brn\n|upkeep\n|turn|94\n|inactive|Zelcra has 120 seconds left.\n|\n|t:|1701066210\n|switch|p2a: Alomomola|Alomomola, F|100\/100 brn\n|switch|p1a: Alomomola|Alomomola, F, tera:Fairy|100\/100\n|\n|-damage|p2a: Alomomola|94\/100 brn|[from] brn\n|upkeep\n|turn|95\n|\n|t:|1701066213\n|switch|p1a: Oranguru|Oranguru, M|94\/100 brn\n|move|p2a: Alomomola|Flip Turn|p1a: Oranguru\n|-damage|p1a: Oranguru|88\/100 brn\n|\n|t:|1701066216\n|switch|p2a: Ting-Lu|Ting-Lu|88\/100|[from] Flip Turn\n|-ability|p2a: Ting-Lu|Vessel of Ruin\n|\n|-heal|p1a: Oranguru|94\/100 brn|[from] item: Leftovers\n|-damage|p1a: Oranguru|88\/100 brn|[from] brn\n|upkeep\n|turn|96\n|\n|t:|1701066220\n|switch|p2a: Alomomola|Alomomola, F|100\/100 brn\n|switch|p1a: Alomomola|Alomomola, F, tera:Fairy|100\/100\n|\n|-damage|p2a: Alomomola|94\/100 brn|[from] brn\n|upkeep\n|turn|97\n|c|\u2606mr.pickup|Wait this is just a tie\n|\n|t:|1701066229\n|switch|p1a: Oranguru|Oranguru, M|88\/100 brn\n|switch|p2a: Ting-Lu|Ting-Lu|88\/100\n|-ability|p2a: Ting-Lu|Vessel of Ruin\n|\n|-heal|p1a: Oranguru|94\/100 brn|[from] item: Leftovers\n|-damage|p1a: Oranguru|88\/100 brn|[from] brn\n|upkeep\n|turn|98\n|\n|t:|1701066233\n|switch|p1a: Alomomola|Alomomola, F, tera:Fairy|100\/100\n|move|p2a: Ting-Lu|Heavy Slam|p1a: Alomomola\n|-supereffective|p1a: Alomomola\n|-damage|p1a: Alomomola|59\/100\n|\n|upkeep\n|turn|99\n|\n|t:|1701066241\n|move|p2a: Ting-Lu|Heavy Slam|p1a: Alomomola\n|-supereffective|p1a: Alomomola\n|-damage|p1a: Alomomola|12\/100\n|move|p1a: Alomomola|Scald|p2a: Ting-Lu\n|-supereffective|p2a: Ting-Lu\n|-damage|p2a: Ting-Lu|72\/100\n|\n|upkeep\n|turn|100\n|\n|t:|1701066244\n|move|p1a: Alomomola|Protect|p1a: Alomomola\n|-singleturn|p1a: Alomomola|Protect\n|move|p2a: Ting-Lu|Heavy Slam|p1a: Alomomola\n|-activate|p1a: Alomomola|move: Protect\n|\n|upkeep\n|turn|101\n|\n|t:|1701066246\n|switch|p1a: Oranguru|Oranguru, M|88\/100 brn\n|move|p2a: Ting-Lu|Heavy Slam|p1a: Oranguru\n|-damage|p1a: Oranguru|56\/100 brn\n|\n|-heal|p1a: Oranguru|62\/100 brn|[from] item: Leftovers\n|-damage|p1a: Oranguru|56\/100 brn|[from] brn\n|upkeep\n|turn|102\n|\n|t:|1701066250\n|switch|p2a: Alomomola|Alomomola, F|100\/100 brn\n|move|p1a: Oranguru|Protect||[still]\n|-fail|p1a: Oranguru\n|\n|-heal|p1a: Oranguru|62\/100 brn|[from] item: Leftovers\n|-damage|p1a: Oranguru|56\/100 brn|[from] brn\n|-damage|p2a: Alomomola|94\/100 brn|[from] brn\n|upkeep\n|turn|103\n|\n|t:|1701066255\n|switch|p1a: Alomomola|Alomomola, F, tera:Fairy|45\/100\n|move|p2a: Alomomola|Flip Turn|p1a: Alomomola\n|-damage|p1a: Alomomola|41\/100\n|\n|t:|1701066258\n|switch|p2a: Ting-Lu|Ting-Lu|72\/100|[from] Flip Turn\n|-ability|p2a: Ting-Lu|Vessel of Ruin\n|\n|upkeep\n|turn|104\n|\n|t:|1701066263\n|move|p1a: Alomomola|Protect|p1a: Alomomola\n|-singleturn|p1a: Alomomola|Protect\n|move|p2a: Ting-Lu|Heavy Slam|p1a: Alomomola\n|-activate|p1a: Alomomola|move: Protect\n|\n|upkeep\n|turn|105\n|\n|t:|1701066266\n|switch|p1a: Oranguru|Oranguru, M|56\/100 brn\n|move|p2a: Ting-Lu|Heavy Slam|p1a: Oranguru\n|-damage|p1a: Oranguru|28\/100 brn\n|\n|-heal|p1a: Oranguru|35\/100 brn|[from] item: Leftovers\n|-damage|p1a: Oranguru|28\/100 brn|[from] brn\n|upkeep\n|turn|106\n|\n|t:|1701066270\n|move|p1a: Oranguru|Protect|p1a: Oranguru\n|-singleturn|p1a: Oranguru|Protect\n|move|p2a: Ting-Lu|Heavy Slam|p1a: Oranguru\n|-activate|p1a: Oranguru|move: Protect\n|\n|-heal|p1a: Oranguru|35\/100 brn|[from] item: Leftovers\n|-damage|p1a: Oranguru|28\/100 brn|[from] brn\n|upkeep\n|turn|107\n|\n|t:|1701066277\n|switch|p1a: Alomomola|Alomomola, F, tera:Fairy|74\/100\n|move|p2a: Ting-Lu|Heavy Slam|p1a: Alomomola\n|-supereffective|p1a: Alomomola\n|-damage|p1a: Alomomola|34\/100\n|\n|upkeep\n|turn|108\n|\n|t:|1701066281\n|move|p1a: Alomomola|Protect|p1a: Alomomola\n|-singleturn|p1a: Alomomola|Protect\n|move|p2a: Ting-Lu|Heavy Slam|p1a: Alomomola\n|-activate|p1a: Alomomola|move: Protect\n|\n|upkeep\n|turn|109\n|\n|t:|1701066287\n|move|p2a: Ting-Lu|Heavy Slam|p1a: Alomomola\n|-supereffective|p1a: Alomomola\n|-damage|p1a: Alomomola|0 fnt\n|faint|p1a: Alomomola\n|\n|upkeep\n|c|\u2606mr.pickup|gg\n|-message|mr.pickup forfeited.\n|\n|win|Zelcra\n|n|\u2606mr.pickup|mrpickup\n|n|\u2606Zelcra|zelcra\n|n|*Lady Monita \u2746|ladymonita\n|n| Legobff|legobff\n|n| poketough|poketough\n|l|*Lady Monita \u2746\n|l|\u2606mr.pickup\n|c|\u2606Zelcra|gg\n|l|\u2606Zelcra\n|l| Legobff\n|l| poketough\n|j|\u2606Zelcra\n|player|p2|Zelcra|piers\n","uploadtime":1701066582,"views":3,"p1id":"mrpickup","p2id":"zelcra","formatid":"gen9ou","rating":0,"private":0,"password":""}