{"id":"gen9ou-1996988100","p1":"thedebatablereaper","p2":"OUVT Zamorakism","format":"[Gen 9] OU","log":"|j|\u2606thedebatablereaper\n|j|\u2606OUVT Zamorakism\n|t:|1700752963\n|gametype|singles\n|player|p1|thedebatablereaper|170|1701\n|player|p2|OUVT Zamorakism|archer|1801\n|teamsize|p1|6\n|teamsize|p2|6\n|gen|9\n|tier|[Gen 9] OU\n|rated|\n|rule|Sleep Clause Mod: Limit one foe put to sleep\n|rule|Species Clause: Limit one of each Pok\u00e9mon\n|rule|OHKO Clause: OHKO moves are banned\n|rule|Evasion Items Clause: Evasion items are banned\n|rule|Evasion Moves Clause: Evasion moves are banned\n|rule|Endless Battle Clause: Forcing endless battles is banned\n|rule|HP Percentage Mod: HP is shown in percentages\n|clearpoke\n|poke|p1|Gholdengo|\n|poke|p1|Garganacl, F|\n|poke|p1|Ogerpon-Wellspring, F|\n|poke|p1|Kingambit, F|\n|poke|p1|Zapdos-Galar|\n|poke|p1|Iron Valiant|\n|poke|p2|Amoonguss, F|\n|poke|p2|Alomomola, F|\n|poke|p2|Cinderace, F|\n|poke|p2|Ogerpon-Wellspring, F|\n|poke|p2|Dondozo, M|\n|poke|p2|Ting-Lu|\n|teampreview\n|\n|t:|1700752972\n|start\n|switch|p1a: Garganacl|Garganacl, F|100\/100\n|switch|p2a: Amoonguss|Amoonguss, F|100\/100\n|turn|1\n|j| Outdated Ahh Team\n|\n|t:|1700752979\n|move|p1a: Garganacl|Stealth Rock|p2a: Amoonguss\n|-sidestart|p2: OUVT Zamorakism|move: Stealth Rock\n|move|p2a: Amoonguss|Giga Drain|p1a: Garganacl\n|-supereffective|p1a: Garganacl\n|-damage|p1a: Garganacl|62\/100\n|\n|-heal|p1a: Garganacl|68\/100|[from] item: Leftovers\n|upkeep\n|turn|2\n|\n|t:|1700752985\n|move|p1a: Garganacl|Salt Cure|p2a: Amoonguss\n|-damage|p2a: Amoonguss|88\/100\n|-start|p2a: Amoonguss|Salt Cure\n|move|p2a: Amoonguss|Giga Drain|p1a: Garganacl\n|-supereffective|p1a: Garganacl\n|-damage|p1a: Garganacl|31\/100\n|-heal|p2a: Amoonguss|100\/100|[from] drain|[of] p1a: Garganacl\n|\n|-heal|p1a: Garganacl|37\/100|[from] item: Leftovers\n|-damage|p2a: Amoonguss|88\/100|[from] Salt Cure\n|upkeep\n|turn|3\n|\n|t:|1700752995\n|move|p1a: Garganacl|Recover|p1a: Garganacl\n|-heal|p1a: Garganacl|87\/100\n|move|p2a: Amoonguss|Giga Drain|p1a: Garganacl\n|-supereffective|p1a: Garganacl\n|-damage|p1a: Garganacl|48\/100\n|-heal|p2a: Amoonguss|100\/100|[from] drain|[of] p1a: Garganacl\n|\n|-heal|p1a: Garganacl|54\/100|[from] item: Leftovers\n|-damage|p2a: Amoonguss|88\/100|[from] Salt Cure\n|upkeep\n|turn|4\n|\n|t:|1700753008\n|switch|p1a: Zapdos|Zapdos-Galar|100\/100\n|switch|p2a: Alomomola|Alomomola, F|100\/100\n|-damage|p2a: Alomomola|88\/100|[from] Stealth Rock\n|\n|-heal|p2a: Alomomola|94\/100|[from] item: Leftovers\n|upkeep\n|turn|5\n|\n|t:|1700753018\n|move|p2a: Alomomola|Protect|p2a: Alomomola\n|-singleturn|p2a: Alomomola|Protect\n|move|p1a: Zapdos|U-turn|p2a: Alomomola\n|-activate|p2a: Alomomola|move: Protect\n|\n|-heal|p2a: Alomomola|100\/100|[from] item: Leftovers\n|upkeep\n|turn|6\n|\n|t:|1700753024\n|move|p1a: Zapdos|U-turn|p2a: Alomomola\n|-damage|p2a: Alomomola|75\/100\n|\n|t:|1700753027\n|switch|p1a: Ogerpon|Ogerpon-Wellspring, F|100\/100|[from] U-turn\n|move|p2a: Alomomola|Wish|p2a: Alomomola\n|\n|-heal|p2a: Alomomola|81\/100|[from] item: Leftovers\n|upkeep\n|turn|7\n|\n|t:|1700753035\n|switch|p1a: Garganacl|Garganacl, F|54\/100\n|switch|p2a: Amoonguss|Amoonguss, F|100\/100\n|-damage|p2a: Amoonguss|88\/100|[from] Stealth Rock\n|\n|-heal|p2a: Amoonguss|100\/100|[from] move: Wish|[wisher] Alomomola\n|-heal|p1a: Garganacl|60\/100|[from] item: Leftovers\n|upkeep\n|turn|8\n|\n|t:|1700753044\n|move|p1a: Garganacl|Protect|p1a: Garganacl\n|-singleturn|p1a: Garganacl|Protect\n|move|p2a: Amoonguss|Giga Drain|p1a: Garganacl\n|-activate|p1a: Garganacl|move: Protect\n|\n|-heal|p1a: Garganacl|67\/100|[from] item: Leftovers\n|upkeep\n|turn|9\n|\n|t:|1700753051\n|switch|p1a: Gholdengo|Gholdengo|100\/100\n|move|p2a: Amoonguss|Giga Drain|p1a: Gholdengo\n|-resisted|p1a: Gholdengo\n|-damage|p1a: Gholdengo|90\/100\n|\n|-heal|p1a: Gholdengo|97\/100|[from] item: Leftovers\n|upkeep\n|turn|10\n|\n|t:|1700753059\n|switch|p1a: Zapdos|Zapdos-Galar|100\/100\n|switch|p2a: Alomomola|Alomomola, F|100\/100\n|-damage|p2a: Alomomola|88\/100|[from] Stealth Rock\n|\n|-heal|p2a: Alomomola|94\/100|[from] item: Leftovers\n|upkeep\n|turn|11\n|\n|t:|1700753083\n|move|p2a: Alomomola|Protect|p2a: Alomomola\n|-singleturn|p2a: Alomomola|Protect\n|move|p1a: Zapdos|Knock Off|p2a: Alomomola\n|-activate|p2a: Alomomola|move: Protect\n|\n|-heal|p2a: Alomomola|100\/100|[from] item: Leftovers\n|upkeep\n|turn|12\n|\n|t:|1700753091\n|switch|p1a: Ogerpon|Ogerpon-Wellspring, F|100\/100\n|move|p2a: Alomomola|Whirlpool|p1a: Ogerpon\n|-immune|p1a: Ogerpon|[from] ability: Water Absorb\n|\n|upkeep\n|turn|13\n|\n|t:|1700753098\n|switch|p1a: Zapdos|Zapdos-Galar|100\/100\n|switch|p2a: Amoonguss|Amoonguss, F|100\/100\n|-damage|p2a: Amoonguss|88\/100|[from] Stealth Rock\n|\n|-heal|p2a: Amoonguss|94\/100|[from] item: Leftovers\n|upkeep\n|turn|14\n|\n|t:|1700753106\n|switch|p2a: Alomomola|Alomomola, F|100\/100\n|-damage|p2a: Alomomola|88\/100|[from] Stealth Rock\n|move|p1a: Zapdos|Brave Bird|p2a: Alomomola\n|-damage|p2a: Alomomola|29\/100\n|-damage|p1a: Zapdos|70\/100|[from] Recoil\n|\n|-heal|p2a: Alomomola|35\/100|[from] item: Leftovers\n|upkeep\n|turn|15\n|\n|t:|1700753117\n|move|p2a: Alomomola|Protect|p2a: Alomomola\n|-singleturn|p2a: Alomomola|Protect\n|move|p1a: Zapdos|Brave Bird|p2a: Alomomola\n|-activate|p2a: Alomomola|move: Protect\n|\n|-heal|p2a: Alomomola|41\/100|[from] item: Leftovers\n|upkeep\n|turn|16\n|j| dfghhhg\n|\n|t:|1700753127\n|switch|p2a: Ting-Lu|Ting-Lu|100\/100\n|-damage|p2a: Ting-Lu|94\/100|[from] Stealth Rock\n|-ability|p2a: Ting-Lu|Vessel of Ruin\n|move|p1a: Zapdos|Brave Bird|p2a: Ting-Lu\n|-damage|p2a: Ting-Lu|49\/100\n|-damage|p1a: Zapdos|47\/100|[from] Recoil\n|\n|-heal|p2a: Ting-Lu|56\/100|[from] item: Leftovers\n|upkeep\n|turn|17\n|j| darms324\n|j| Bjfair13\n|\n|t:|1700753141\n|move|p1a: Zapdos|Brave Bird|p2a: Ting-Lu\n|-damage|p2a: Ting-Lu|4\/100\n|-damage|p1a: Zapdos|21\/100|[from] Recoil\n|move|p2a: Ting-Lu|Ruination|p1a: Zapdos|[miss]\n|-miss|p2a: Ting-Lu|p1a: Zapdos\n|\n|-heal|p2a: Ting-Lu|10\/100|[from] item: Leftovers\n|upkeep\n|turn|18\n|\n|t:|1700753154\n|switch|p2a: Dondozo|Dondozo, M|100\/100\n|-damage|p2a: Dondozo|88\/100|[from] Stealth Rock\n|move|p1a: Zapdos|Brave Bird|p2a: Dondozo\n|-damage|p2a: Dondozo|45\/100\n|-damage|p1a: Zapdos|0 fnt|[from] Recoil\n|faint|p1a: Zapdos\n|\n|-heal|p2a: Dondozo|51\/100|[from] item: Leftovers\n|upkeep\n|j| deepesh1\n|l| deepesh1\n|\n|t:|1700753185\n|switch|p1a: Iron Valiant|Iron Valiant|100\/100\n|-enditem|p1a: Iron Valiant|Booster Energy\n|-activate|p1a: Iron Valiant|ability: Quark Drive|[fromitem]\n|-start|p1a: Iron Valiant|quarkdrivespa\n|turn|19\n|\n|t:|1700753191\n|switch|p2a: Amoonguss|Amoonguss, F|100\/100\n|-damage|p2a: Amoonguss|88\/100|[from] Stealth Rock\n|move|p1a: Iron Valiant|Calm Mind|p1a: Iron Valiant\n|-boost|p1a: Iron Valiant|spa|1\n|-boost|p1a: Iron Valiant|spd|1\n|\n|-heal|p2a: Amoonguss|94\/100|[from] item: Leftovers\n|upkeep\n|turn|20\n|j| Modachi\n|\n|t:|1700753199\n|move|p1a: Iron Valiant|Psyshock|p2a: Amoonguss\n|-supereffective|p2a: Amoonguss\n|-damage|p2a: Amoonguss|0 fnt\n|faint|p2a: Amoonguss\n|\n|upkeep\n|\n|t:|1700753220\n|switch|p2a: Ogerpon|Ogerpon-Wellspring, F|100\/100\n|-damage|p2a: Ogerpon|88\/100|[from] Stealth Rock\n|turn|21\n|\n|t:|1700753225\n|-terastallize|p2a: Ogerpon|Water\n|detailschange|p2a: Ogerpon|Ogerpon-Wellspring-Tera, F, tera:Water\n|-ability|p2a: Ogerpon|Embody Aspect (Wellspring)|boost\n|-boost|p2a: Ogerpon|spd|1\n|move|p2a: Ogerpon|Ivy Cudgel|p1a: Iron Valiant|[anim] Ivy Cudgel Water\n|-damage|p1a: Iron Valiant|6\/100\n|move|p1a: Iron Valiant|Moonblast|p2a: Ogerpon\n|-damage|p2a: Ogerpon|9\/100\n|\n|upkeep\n|turn|22\n|\n|t:|1700753235\n|move|p1a: Iron Valiant|Vacuum Wave|p2a: Ogerpon\n|-damage|p2a: Ogerpon|0 fnt\n|faint|p2a: Ogerpon\n|\n|upkeep\n|\n|t:|1700753241\n|switch|p2a: Cinderace|Cinderace, F|100\/100\n|turn|23\n|\n|t:|1700753246\n|move|p2a: Cinderace|Quick Attack|p1a: Iron Valiant\n|-damage|p1a: Iron Valiant|0 fnt\n|faint|p1a: Iron Valiant\n|-end|p1a: Iron Valiant|Quark Drive|[silent]\n|\n|upkeep\n|\n|t:|1700753253\n|switch|p1a: Garganacl|Garganacl, F|67\/100\n|turn|24\n|\n|t:|1700753270\n|move|p2a: Cinderace|Court Change|p2a: Cinderace\n|-swapsideconditions\n|-activate|p2a: Cinderace|move: Court Change\n|move|p1a: Garganacl|Salt Cure|p2a: Cinderace\n|-supereffective|p2a: Cinderace\n|-damage|p2a: Cinderace|62\/100\n|-start|p2a: Cinderace|Salt Cure\n|\n|-heal|p1a: Garganacl|73\/100|[from] item: Leftovers\n|-damage|p2a: Cinderace|50\/100|[from] Salt Cure\n|upkeep\n|turn|25\n|j| galacman\n|\n|t:|1700753279\n|switch|p2a: Alomomola|Alomomola, F|74\/100\n|move|p1a: Garganacl|Stealth Rock|p2a: Alomomola\n|-sidestart|p2: OUVT Zamorakism|move: Stealth Rock\n|\n|-heal|p2a: Alomomola|80\/100|[from] item: Leftovers\n|-heal|p1a: Garganacl|79\/100|[from] item: Leftovers\n|upkeep\n|turn|26\n|\n|t:|1700753288\n|-terastallize|p1a: Garganacl|Fairy\n|move|p2a: Alomomola|Wish|p2a: Alomomola\n|move|p1a: Garganacl|Salt Cure|p2a: Alomomola\n|-damage|p2a: Alomomola|70\/100\n|-start|p2a: Alomomola|Salt Cure\n|\n|-heal|p2a: Alomomola|76\/100|[from] item: Leftovers\n|-heal|p1a: Garganacl|85\/100|[from] item: Leftovers\n|-damage|p2a: Alomomola|51\/100|[from] Salt Cure\n|upkeep\n|turn|27\n|\n|t:|1700753299\n|switch|p2a: Dondozo|Dondozo, M|51\/100\n|-damage|p2a: Dondozo|38\/100|[from] Stealth Rock\n|move|p1a: Garganacl|Salt Cure|p2a: Dondozo\n|-damage|p2a: Dondozo|32\/100\n|-start|p2a: Dondozo|Salt Cure\n|\n|-heal|p2a: Dondozo|85\/100|[from] move: Wish|[wisher] Alomomola\n|-heal|p2a: Dondozo|91\/100|[from] item: Leftovers\n|-heal|p1a: Garganacl|91\/100|[from] item: Leftovers\n|-damage|p2a: Dondozo|66\/100|[from] Salt Cure\n|upkeep\n|turn|28\n|j| Antonyo4\n|\n|t:|1700753310\n|switch|p2a: Alomomola|Alomomola, F|85\/100\n|-damage|p2a: Alomomola|72\/100|[from] Stealth Rock\n|move|p1a: Garganacl|Salt Cure|p2a: Alomomola\n|-damage|p2a: Alomomola|63\/100\n|-start|p2a: Alomomola|Salt Cure\n|\n|-heal|p2a: Alomomola|69\/100|[from] item: Leftovers\n|-heal|p1a: Garganacl|98\/100|[from] item: Leftovers\n|-damage|p2a: Alomomola|44\/100|[from] Salt Cure\n|upkeep\n|turn|29\n|j| Muke100\n|\n|t:|1700753326\n|switch|p1a: Ogerpon|Ogerpon-Wellspring, F|100\/100\n|-damage|p1a: Ogerpon|88\/100|[from] Stealth Rock\n|move|p2a: Alomomola|Wish|p2a: Alomomola\n|\n|-heal|p2a: Alomomola|50\/100|[from] item: Leftovers\n|-damage|p2a: Alomomola|25\/100|[from] Salt Cure\n|upkeep\n|turn|30\n|\n|t:|1700753345\n|switch|p2a: Ting-Lu|Ting-Lu|10\/100\n|-damage|p2a: Ting-Lu|4\/100|[from] Stealth Rock\n|-ability|p2a: Ting-Lu|Vessel of Ruin\n|move|p1a: Ogerpon|Power Whip|p2a: Ting-Lu|[miss]\n|-miss|p1a: Ogerpon|p2a: Ting-Lu\n|\n|-heal|p2a: Ting-Lu|56\/100|[from] move: Wish|[wisher] Alomomola\n|-heal|p2a: Ting-Lu|62\/100|[from] item: Leftovers\n|upkeep\n|turn|31\n|l| Bjfair13\n|\n|t:|1700753358\n|move|p1a: Ogerpon|Power Whip|p2a: Ting-Lu\n|-supereffective|p2a: Ting-Lu\n|-damage|p2a: Ting-Lu|0 fnt\n|faint|p2a: Ting-Lu\n|\n|upkeep\n|\n|t:|1700753364\n|switch|p2a: Cinderace|Cinderace, F|50\/100\n|turn|32\n|j| qiuw\n|\n|t:|1700753371\n|switch|p1a: Garganacl|Garganacl, F, tera:Fairy|98\/100\n|-damage|p1a: Garganacl|85\/100|[from] Stealth Rock\n|move|p2a: Cinderace|U-turn|p1a: Garganacl\n|-resisted|p1a: Garganacl\n|-damage|p1a: Garganacl|79\/100\n|\n|t:|1700753374\n|switch|p2a: Alomomola|Alomomola, F|59\/100|[from] U-turn\n|-damage|p2a: Alomomola|46\/100|[from] Stealth Rock\n|\n|-heal|p2a: Alomomola|52\/100|[from] item: Leftovers\n|-heal|p1a: Garganacl|85\/100|[from] item: Leftovers\n|upkeep\n|turn|33\n|\n|t:|1700753394\n|switch|p1a: Ogerpon|Ogerpon-Wellspring, F|88\/100\n|-damage|p1a: Ogerpon|76\/100|[from] Stealth Rock\n|move|p2a: Alomomola|Wish|p2a: Alomomola\n|\n|-heal|p2a: Alomomola|59\/100|[from] item: Leftovers\n|upkeep\n|turn|34\n|l| Modachi\n|\n|t:|1700753402\n|switch|p2a: Cinderace|Cinderace, F|50\/100\n|move|p1a: Ogerpon|Power Whip|p2a: Cinderace\n|-resisted|p2a: Cinderace\n|-damage|p2a: Cinderace|0 fnt\n|faint|p2a: Cinderace\n|\n|upkeep\n|l|\u2606OUVT Zamorakism\n|player|p2|\n|l| Antonyo4\n|inactive|Battle timer is ON: inactive players will automatically lose when time's up. (requested by thedebatablereaper)\n|l| darms324\n|inactive|OUVT Zamorakism has 30 seconds to reconnect!\n|inactive|OUVT Zamorakism has 20 seconds to reconnect!\n|inactive|OUVT Zamorakism has 15 seconds to reconnect!\n|inactive|OUVT Zamorakism has 10 seconds to reconnect!\n|inactive|OUVT Zamorakism has 5 seconds to reconnect!\n|-message|OUVT Zamorakism lost due to inactivity.\n|\n|win|thedebatablereaper\n|raw|thedebatablereaper's rating: 1701 &rarr; <strong>1727<\/strong><br \/>(+26 for winning)\n|raw|OUVT Zamorakism's rating: 1801 &rarr; <strong>1775<\/strong><br \/>(-26 for losing)\n|l|\u2606thedebatablereaper\n|l| Muke100\n|l| qiuw\n|l| dfghhhg\n|l| galacman\n","uploadtime":1700753512,"views":1,"p1id":"thedebatablereaper","p2id":"ouvtzamorakism","formatid":"gen9ou","rating":1727,"private":0,"password":""}