{"id":"gen9ou-1988599603","p1":"gilululllklkuglukg","p2":"Chibsu","format":"[Gen 9] OU","log":"|j|\u2606gilululllklkuglukg\n|j|\u2606Chibsu\n|t:|1699740495\n|gametype|singles\n|player|p1|gilululllklkuglukg|kimonogirl|1106\n|player|p2|Chibsu|preschooler|1144\n|teamsize|p1|6\n|teamsize|p2|6\n|gen|9\n|tier|[Gen 9] OU\n|rated|\n|rule|Sleep Clause Mod: Limit one foe put to sleep\n|rule|Species Clause: Limit one of each Pok\u00e9mon\n|rule|OHKO Clause: OHKO moves are banned\n|rule|Evasion Items Clause: Evasion items are banned\n|rule|Evasion Moves Clause: Evasion moves are banned\n|rule|Endless Battle Clause: Forcing endless battles is banned\n|rule|HP Percentage Mod: HP is shown in percentages\n|clearpoke\n|poke|p1|Tornadus-Therian, M|\n|poke|p1|Toxapex, F|\n|poke|p1|Scizor, M|\n|poke|p1|Garchomp, F|\n|poke|p1|Basculegion-F, F|\n|poke|p1|Iron Valiant|\n|poke|p2|Pelipper, M|\n|poke|p2|Crawdaunt, F|\n|poke|p2|Thundurus-Therian, M|\n|poke|p2|Manaphy|\n|poke|p2|Corviknight, M|\n|poke|p2|Cinderace, F|\n|teampreview\n|inactive|Battle timer is ON: inactive players will automatically lose when time's up. (requested by Chibsu)\n|inactive|gilululllklkuglukg has 120 seconds left.\n|\n|t:|1699740531\n|start\n|switch|p1a: Basculegion|Basculegion-F, F|100\/100\n|switch|p2a: Pelipper|Pelipper, M|100\/100\n|-weather|RainDance|[from] ability: Drizzle|[of] p2a: Pelipper\n|turn|1\n|\n|t:|1699740544\n|move|p1a: Basculegion|Shadow Ball|p2a: Pelipper\n|-damage|p2a: Pelipper|38\/100\n|move|p2a: Pelipper|U-turn|p1a: Basculegion\n|-resisted|p1a: Basculegion\n|-damage|p1a: Basculegion|94\/100\n|\n|t:|1699740551\n|switch|p2a: Thundurus|Thundurus-Therian, M|100\/100|[from] U-turn\n|\n|-weather|RainDance|[upkeep]\n|upkeep\n|turn|2\n|\n|t:|1699740575\n|switch|p1a: Garchomp|Garchomp, F|100\/100\n|move|p2a: Thundurus|Agility|p2a: Thundurus\n|-boost|p2a: Thundurus|spe|2\n|\n|-weather|RainDance|[upkeep]\n|upkeep\n|turn|3\n|\n|t:|1699740589\n|-terastallize|p2a: Thundurus|Ice\n|move|p2a: Thundurus|Tera Blast|p1a: Garchomp|[anim] Tera Blast Ice\n|-supereffective|p1a: Garchomp\n|-damage|p1a: Garchomp|0 fnt\n|faint|p1a: Garchomp\n|\n|-weather|RainDance|[upkeep]\n|upkeep\n|\n|t:|1699740596\n|switch|p1a: Scizor|Scizor, M, shiny|100\/100\n|turn|4\n|\n|t:|1699740604\n|-terastallize|p1a: Scizor|Steel\n|move|p1a: Scizor|Bullet Punch|p2a: Thundurus\n|-supereffective|p2a: Thundurus\n|-damage|p2a: Thundurus|0 fnt\n|faint|p2a: Thundurus\n|\n|-weather|RainDance|[upkeep]\n|upkeep\n|\n|t:|1699740623\n|switch|p2a: Manaphy|Manaphy|100\/100\n|turn|5\n|\n|t:|1699740630\n|switch|p1a: Toxapex|Toxapex, F|100\/100\n|move|p2a: Manaphy|Acid Armor|p2a: Manaphy\n|-boost|p2a: Manaphy|def|2\n|\n|-weather|RainDance|[upkeep]\n|upkeep\n|turn|6\n|\n|t:|1699740636\n|move|p2a: Manaphy|Take Heart|p2a: Manaphy\n|-boost|p2a: Manaphy|spa|1\n|-boost|p2a: Manaphy|spd|1\n|move|p1a: Toxapex|Haze|p1a: Toxapex\n|-clearallboost\n|\n|-weather|RainDance|[upkeep]\n|upkeep\n|turn|7\n|\n|t:|1699740655\n|switch|p1a: Tornadus|Tornadus-Therian, M|100\/100\n|move|p2a: Manaphy|Acid Armor|p2a: Manaphy\n|-boost|p2a: Manaphy|def|2\n|\n|-weather|RainDance|[upkeep]\n|upkeep\n|turn|8\n|\n|t:|1699740662\n|move|p2a: Manaphy|Take Heart|p2a: Manaphy\n|-boost|p2a: Manaphy|spa|1\n|-boost|p2a: Manaphy|spd|1\n|move|p1a: Tornadus|Taunt|p2a: Manaphy\n|-start|p2a: Manaphy|move: Taunt\n|\n|-weather|none\n|upkeep\n|turn|9\n|\n|t:|1699740672\n|switch|p1a: Toxapex|Toxapex, F|100\/100\n|move|p2a: Manaphy|Scald|p1a: Toxapex\n|-resisted|p1a: Toxapex\n|-damage|p1a: Toxapex|85\/100\n|-status|p1a: Toxapex|brn\n|\n|-damage|p1a: Toxapex|79\/100 brn|[from] brn\n|upkeep\n|turn|10\n|\n|t:|1699740677\n|move|p2a: Manaphy|Stored Power|p1a: Toxapex\n|-supereffective|p1a: Toxapex\n|-damage|p1a: Toxapex|26\/100 brn\n|move|p1a: Toxapex|Haze|p1a: Toxapex\n|-clearallboost\n|\n|-damage|p1a: Toxapex|20\/100 brn|[from] brn\n|upkeep\n|turn|11\n|\n|t:|1699740685\n|switch|p1a: Tornadus|Tornadus-Therian, M|100\/100\n|move|p2a: Manaphy|Stored Power|p1a: Tornadus\n|-damage|p1a: Tornadus|97\/100\n|\n|-heal|p1a: Tornadus|100\/100|[from] item: Leftovers\n|-end|p2a: Manaphy|move: Taunt\n|upkeep\n|turn|12\n|\n|t:|1699740696\n|move|p2a: Manaphy|Take Heart|p2a: Manaphy\n|-boost|p2a: Manaphy|spa|1\n|-boost|p2a: Manaphy|spd|1\n|move|p1a: Tornadus|Taunt|p2a: Manaphy\n|-start|p2a: Manaphy|move: Taunt\n|\n|upkeep\n|turn|13\n|\n|t:|1699740704\n|move|p2a: Manaphy|Stored Power|p1a: Tornadus\n|-damage|p1a: Tornadus|85\/100\n|move|p1a: Tornadus|Knock Off|p2a: Manaphy\n|-damage|p2a: Manaphy|86\/100\n|-enditem|p2a: Manaphy|Leftovers|[from] move: Knock Off|[of] p1a: Tornadus\n|\n|-heal|p1a: Tornadus|91\/100|[from] item: Leftovers\n|upkeep\n|turn|14\n|\n|t:|1699740720\n|move|p2a: Manaphy|Scald|p1a: Tornadus\n|-damage|p1a: Tornadus|63\/100\n|move|p1a: Tornadus|U-turn|p2a: Manaphy\n|-damage|p2a: Manaphy|76\/100\n|\n|t:|1699740724\n|switch|p1a: Iron Valiant|Iron Valiant|100\/100|[from] U-turn\n|-enditem|p1a: Iron Valiant|Booster Energy\n|-activate|p1a: Iron Valiant|ability: Quark Drive|[fromitem]\n|-start|p1a: Iron Valiant|quarkdrivespa\n|\n|upkeep\n|turn|15\n|\n|t:|1699740739\n|move|p1a: Iron Valiant|Charge Beam|p2a: Manaphy\n|-supereffective|p2a: Manaphy\n|-damage|p2a: Manaphy|50\/100\n|-boost|p1a: Iron Valiant|spa|1\n|move|p2a: Manaphy|Stored Power|p1a: Iron Valiant\n|-supereffective|p1a: Iron Valiant\n|-damage|p1a: Iron Valiant|33\/100\n|\n|-end|p2a: Manaphy|move: Taunt\n|upkeep\n|turn|16\n|\n|t:|1699740744\n|move|p1a: Iron Valiant|Charge Beam|p2a: Manaphy\n|-supereffective|p2a: Manaphy\n|-damage|p2a: Manaphy|11\/100\n|move|p2a: Manaphy|Stored Power|p1a: Iron Valiant\n|-supereffective|p1a: Iron Valiant\n|-damage|p1a: Iron Valiant|0 fnt\n|faint|p1a: Iron Valiant\n|-end|p1a: Iron Valiant|Quark Drive|[silent]\n|\n|upkeep\n|\n|t:|1699740750\n|switch|p1a: Basculegion|Basculegion-F, F|94\/100\n|turn|17\n|\n|t:|1699740762\n|move|p1a: Basculegion|Shadow Ball|p2a: Manaphy\n|-damage|p2a: Manaphy|0 fnt\n|faint|p2a: Manaphy\n|\n|upkeep\n|\n|t:|1699740770\n|switch|p2a: Cinderace|Cinderace, F|100\/100\n|turn|18\n|\n|t:|1699740779\n|switch|p1a: Toxapex|Toxapex, F|53\/100 brn\n|move|p2a: Cinderace|Sucker Punch||[still]\n|-fail|p2a: Cinderace\n|\n|-damage|p1a: Toxapex|46\/100 brn|[from] brn\n|upkeep\n|turn|19\n|\n|t:|1699740791\n|move|p1a: Toxapex|Baneful Bunker|p1a: Toxapex\n|-singleturn|p1a: Toxapex|move: Protect\n|move|p2a: Cinderace|U-turn|p1a: Toxapex\n|-start|p2a: Cinderace|typechange|Bug|[from] ability: Libero\n|-activate|p1a: Toxapex|move: Protect\n|-status|p2a: Cinderace|psn\n|\n|-damage|p2a: Cinderace|88\/100 psn|[from] psn\n|-damage|p1a: Toxapex|40\/100 brn|[from] brn\n|upkeep\n|turn|20\n|\n|t:|1699740817\n|move|p2a: Cinderace|U-turn|p1a: Toxapex\n|-resisted|p1a: Toxapex\n|-damage|p1a: Toxapex|26\/100 brn\n|\n|t:|1699740823\n|switch|p2a: Corviknight|Corviknight, M|100\/100|[from] U-turn\n|-ability|p2a: Corviknight|Pressure\n|move|p1a: Toxapex|Recover|p1a: Toxapex\n|-heal|p1a: Toxapex|76\/100 brn\n|\n|-damage|p1a: Toxapex|70\/100 brn|[from] brn\n|upkeep\n|turn|21\n|\n|t:|1699740834\n|switch|p1a: Tornadus|Tornadus-Therian, M|96\/100\n|move|p2a: Corviknight|Brave Bird|p1a: Tornadus\n|-damage|p1a: Tornadus|55\/100\n|-damage|p2a: Corviknight|88\/100|[from] Recoil\n|\n|-heal|p1a: Tornadus|61\/100|[from] item: Leftovers\n|upkeep\n|turn|22\n|\n|t:|1699740843\n|move|p1a: Tornadus|Knock Off|p2a: Corviknight\n|-damage|p2a: Corviknight|75\/100\n|-damage|p1a: Tornadus|44\/100|[from] item: Rocky Helmet|[of] p2a: Corviknight\n|-enditem|p2a: Corviknight|Rocky Helmet|[from] move: Knock Off|[of] p1a: Tornadus\n|move|p2a: Corviknight|U-turn|p1a: Tornadus\n|-resisted|p1a: Tornadus\n|-damage|p1a: Tornadus|36\/100\n|\n|t:|1699740847\n|switch|p2a: Crawdaunt|Crawdaunt, F|100\/100|[from] U-turn\n|\n|-heal|p1a: Tornadus|42\/100|[from] item: Leftovers\n|upkeep\n|turn|23\n|\n|t:|1699740856\n|move|p1a: Tornadus|U-turn|p2a: Crawdaunt\n|-supereffective|p2a: Crawdaunt\n|-damage|p2a: Crawdaunt|49\/100\n|\n|t:|1699740862\n|switch|p1a: Toxapex|Toxapex, F|100\/100 brn|[from] U-turn\n|move|p2a: Crawdaunt|Swords Dance|p2a: Crawdaunt\n|-boost|p2a: Crawdaunt|atk|2\n|\n|-damage|p1a: Toxapex|94\/100 brn|[from] brn\n|upkeep\n|turn|24\n|\n|t:|1699740873\n|move|p2a: Crawdaunt|Knock Off|p1a: Toxapex\n|-damage|p1a: Toxapex|0 fnt\n|-enditem|p1a: Toxapex|Heavy-Duty Boots|[from] move: Knock Off|[of] p2a: Crawdaunt\n|faint|p1a: Toxapex\n|-damage|p2a: Crawdaunt|39\/100|[from] item: Life Orb\n|\n|upkeep\n|c|\u2606Chibsu|L\n|\n|t:|1699740882\n|switch|p1a: Tornadus|Tornadus-Therian, M|75\/100\n|turn|25\n|\n|t:|1699740886\n|move|p2a: Crawdaunt|Aqua Jet|p1a: Tornadus\n|-damage|p1a: Tornadus|0 fnt\n|faint|p1a: Tornadus\n|-damage|p2a: Crawdaunt|29\/100|[from] item: Life Orb\n|\n|upkeep\n|c|\u2606Chibsu|L\n|\n|t:|1699740911\n|switch|p1a: Scizor|Scizor, M, shiny, tera:Steel|100\/100\n|turn|26\n|\n|t:|1699740921\n|move|p2a: Crawdaunt|Aqua Jet|p1a: Scizor\n|-damage|p1a: Scizor|7\/100\n|-damage|p2a: Crawdaunt|20\/100|[from] item: Life Orb\n|move|p1a: Scizor|U-turn|p2a: Crawdaunt\n|-supereffective|p2a: Crawdaunt\n|-damage|p2a: Crawdaunt|0 fnt\n|faint|p2a: Crawdaunt\n|\n|t:|1699740924\n|switch|p1a: Basculegion|Basculegion-F, F|94\/100|[from] U-turn\n|\n|upkeep\n|\n|t:|1699740927\n|switch|p2a: Cinderace|Cinderace, F|88\/100 psn\n|turn|27\n|\n|t:|1699740934\n|switch|p1a: Scizor|Scizor, M, shiny, tera:Steel|7\/100\n|move|p2a: Cinderace|Sucker Punch||[still]\n|-fail|p2a: Cinderace\n|\n|-damage|p2a: Cinderace|76\/100 psn|[from] psn\n|upkeep\n|turn|28\n|\n|t:|1699740950\n|switch|p1a: Basculegion|Basculegion-F, F|94\/100\n|move|p2a: Cinderace|U-turn|p1a: Basculegion\n|-start|p2a: Cinderace|typechange|Bug|[from] ability: Libero\n|-resisted|p1a: Basculegion\n|-damage|p1a: Basculegion|72\/100\n|\n|t:|1699740954\n|switch|p2a: Corviknight|Corviknight, M|75\/100|[from] U-turn\n|-ability|p2a: Corviknight|Pressure\n|\n|upkeep\n|turn|29\n|\n|t:|1699740961\n|move|p1a: Basculegion|Shadow Ball|p2a: Corviknight\n|-damage|p2a: Corviknight|28\/100\n|move|p2a: Corviknight|Brave Bird|p1a: Basculegion\n|-damage|p1a: Basculegion|24\/100\n|-damage|p2a: Corviknight|13\/100|[from] Recoil\n|\n|upkeep\n|turn|30\n|\n|t:|1699740968\n|move|p1a: Basculegion|Shadow Ball|p2a: Corviknight\n|-damage|p2a: Corviknight|0 fnt\n|faint|p2a: Corviknight\n|\n|upkeep\n|\n|t:|1699740970\n|switch|p2a: Cinderace|Cinderace, F|76\/100 psn\n|turn|31\n|\n|t:|1699740972\n|move|p1a: Basculegion|Shadow Ball|p2a: Cinderace\n|-damage|p2a: Cinderace|11\/100 psn\n|move|p2a: Cinderace|U-turn|p1a: Basculegion\n|-start|p2a: Cinderace|typechange|Bug|[from] ability: Libero\n|-resisted|p1a: Basculegion\n|-damage|p1a: Basculegion|2\/100\n|\n|t:|1699740982\n|switch|p2a: Pelipper|Pelipper, M|38\/100|[from] U-turn\n|-weather|RainDance|[from] ability: Drizzle|[of] p2a: Pelipper\n|\n|-weather|RainDance|[upkeep]\n|upkeep\n|turn|32\n|\n|t:|1699740990\n|move|p1a: Basculegion|Shadow Ball|p2a: Pelipper\n|-damage|p2a: Pelipper|0 fnt\n|faint|p2a: Pelipper\n|\n|-weather|RainDance|[upkeep]\n|upkeep\n|\n|t:|1699740992\n|switch|p2a: Cinderace|Cinderace, F|11\/100 psn\n|turn|33\n|inactiveoff|Battle timer is now OFF.\n|inactive|Battle timer is ON: inactive players will automatically lose when time's up. (requested by gilululllklkuglukg)\n|c|\u2606Chibsu|Pce toxapex weirdo\n|inactive|Chibsu has 120 seconds left.\n|inactive|Chibsu has 90 seconds left.\n|inactive|Chibsu has 60 seconds left.\n|n|\u2606gilululllklkuglukg|gilululllklkuglukg\n|inactive|Chibsu has 30 seconds left.\n|inactive|Chibsu has 20 seconds left.\n|inactive|Chibsu has 15 seconds left.\n|inactive|Chibsu has 10 seconds left.\n|inactive|Chibsu has 5 seconds left.\n|-message|Chibsu lost due to inactivity.\n|\n|win|gilululllklkuglukg\n|raw|gilululllklkuglukg's rating: 1106 &rarr; <strong>1134<\/strong><br \/>(+28 for winning)\n|raw|Chibsu's rating: 1144 &rarr; <strong>1116<\/strong><br \/>(-28 for losing)\n","uploadtime":1699741174,"views":33,"p1id":"gilululllklkuglukg","p2id":"chibsu","formatid":"gen9ou","rating":1116,"private":0,"password":""}