{"id":"gen9ou-1988329100","p1":"whowasinparis11","p2":"simplegent","format":"[Gen 9] OU","log":"|j|\u2606whowasinparis11\n|j|\u2606simplegent\n|t:|1699709380\n|gametype|singles\n|player|p1|whowasinparis11|ghetsis|1608\n|player|p2|simplegent|1|1714\n|teamsize|p1|6\n|teamsize|p2|6\n|gen|9\n|tier|[Gen 9] OU\n|rated|\n|rule|Sleep Clause Mod: Limit one foe put to sleep\n|rule|Species Clause: Limit one of each Pok\u00e9mon\n|rule|OHKO Clause: OHKO moves are banned\n|rule|Evasion Items Clause: Evasion items are banned\n|rule|Evasion Moves Clause: Evasion moves are banned\n|rule|Endless Battle Clause: Forcing endless battles is banned\n|rule|HP Percentage Mod: HP is shown in percentages\n|clearpoke\n|poke|p1|Heatran, F|\n|poke|p1|Hatterene, F|\n|poke|p1|Ursaluna, M|\n|poke|p1|Sneasler, M|\n|poke|p1|Rillaboom, M|\n|poke|p1|Iron Valiant|\n|poke|p2|Dragapult, F|\n|poke|p2|Mandibuzz, F|\n|poke|p2|Corviknight, F|\n|poke|p2|Samurott-Hisui, M|\n|poke|p2|Sandy Shocks|\n|poke|p2|Sneasler, M|\n|teampreview\n|inactive|Battle timer is ON: inactive players will automatically lose when time's up. (requested by whowasinparis11)\n|\n|t:|1699709396\n|start\n|switch|p1a: Rillaboom|Rillaboom, M|100\/100\n|switch|p2a: Sneasler|Sneasler, M|100\/100\n|-fieldstart|move: Grassy Terrain|[from] ability: Grassy Surge|[of] p1a: Rillaboom\n|turn|1\n|j| MarburgCOVEbola\n|\n|t:|1699709425\n|move|p2a: Sneasler|U-turn|p1a: Rillaboom\n|-supereffective|p1a: Rillaboom\n|-damage|p1a: Rillaboom|56\/100\n|\n|t:|1699709430\n|switch|p2a: Corviknight|Corviknight, F|100\/100|[from] U-turn\n|-ability|p2a: Corviknight|Pressure\n|move|p1a: Rillaboom|U-turn|p2a: Corviknight\n|-resisted|p2a: Corviknight\n|-damage|p2a: Corviknight|96\/100\n|\n|t:|1699709435\n|switch|p1a: Heatran|Heatran, F|100\/100|[from] U-turn\n|-item|p1a: Heatran|Air Balloon\n|\n|-heal|p2a: Corviknight|100\/100|[from] item: Leftovers\n|upkeep\n|turn|2\n|\n|t:|1699709448\n|switch|p2a: Samurott|Samurott-Hisui, M|100\/100\n|move|p1a: Heatran|Magma Storm|p2a: Samurott|[miss]\n|-miss|p1a: Heatran|p2a: Samurott\n|\n|upkeep\n|turn|3\n|inactive|whowasinparis11 has 120 seconds left.\n|\n|t:|1699709487\n|move|p2a: Samurott|Flip Turn|p1a: Heatran\n|-supereffective|p1a: Heatran\n|-damage|p1a: Heatran|42\/100\n|-enditem|p1a: Heatran|Air Balloon\n|\n|t:|1699709497\n|switch|p2a: Sandy Shocks|Sandy Shocks|100\/100|[from] Flip Turn\n|move|p1a: Heatran|Stealth Rock|p2a: Sandy Shocks\n|-sidestart|p2: simplegent|move: Stealth Rock\n|\n|-heal|p1a: Heatran|48\/100|[from] Grassy Terrain\n|upkeep\n|turn|4\n|\n|t:|1699709529\n|switch|p1a: Ursaluna|Ursaluna, M|100\/100\n|move|p2a: Sandy Shocks|Volt Switch|p1a: Ursaluna\n|-immune|p1a: Ursaluna\n|\n|-status|p1a: Ursaluna|brn|[from] item: Flame Orb\n|upkeep\n|turn|5\n|\n|t:|1699709536\n|-terastallize|p2a: Sandy Shocks|Ice\n|move|p2a: Sandy Shocks|Tera Blast|p1a: Ursaluna|[anim] Tera Blast Ice\n|-supereffective|p1a: Ursaluna\n|-damage|p1a: Ursaluna|22\/100 brn\n|move|p1a: Ursaluna|Fire Punch|p2a: Sandy Shocks\n|-supereffective|p2a: Sandy Shocks\n|-damage|p2a: Sandy Shocks|0 fnt\n|faint|p2a: Sandy Shocks\n|-end|p2a: Sandy Shocks|Protosynthesis|[silent]\n|\n|-heal|p1a: Ursaluna|28\/100 brn|[from] Grassy Terrain\n|-damage|p1a: Ursaluna|22\/100 brn|[from] brn\n|-fieldend|move: Grassy Terrain\n|upkeep\n|\n|t:|1699709549\n|switch|p2a: Samurott|Samurott-Hisui, M|100\/100\n|-damage|p2a: Samurott|88\/100|[from] Stealth Rock\n|turn|6\n|\n|t:|1699709562\n|switch|p1a: Hatterene|Hatterene, F|100\/100\n|move|p2a: Samurott|Flip Turn|p1a: Hatterene\n|-damage|p1a: Hatterene|77\/100\n|\n|t:|1699709570\n|switch|p2a: Sneasler|Sneasler, M|100\/100|[from] Flip Turn\n|-damage|p2a: Sneasler|95\/100|[from] Stealth Rock\n|\n|upkeep\n|turn|7\n|j| VicBossMG\n|j| Tiranito\n|\n|t:|1699709598\n|move|p2a: Sneasler|Dire Claw|p1a: Hatterene\n|-supereffective|p1a: Hatterene\n|-damage|p1a: Hatterene|14\/100\n|-status|p1a: Hatterene|psn\n|move|p1a: Hatterene|Trick Room|p1a: Hatterene\n|-fieldstart|move: Trick Room|[of] p1a: Hatterene\n|\n|-damage|p1a: Hatterene|1\/100 psn|[from] psn\n|upkeep\n|turn|8\n|j| gosuBX\n|inactive|simplegent has 120 seconds left.\n|inactive|whowasinparis11 has 90 seconds left.\n|inactive|whowasinparis11 has 60 seconds left.\n|\n|t:|1699709663\n|switch|p2a: Samurott|Samurott-Hisui, M|88\/100\n|-damage|p2a: Samurott|76\/100|[from] Stealth Rock\n|move|p1a: Hatterene|Misty Explosion|p2a: Samurott\n|-supereffective|p2a: Samurott\n|-damage|p2a: Samurott|0 fnt\n|faint|p1a: Hatterene\n|faint|p2a: Samurott\n|\n|upkeep\n|j| Regimidas\n|inactive|simplegent has 120 seconds left.\n|\n|t:|1699709679\n|switch|p1a: Ursaluna|Ursaluna, M|22\/100 brn\n|switch|p2a: Mandibuzz|Mandibuzz, F|100\/100\n|turn|9\n|\n|t:|1699709690\n|move|p1a: Ursaluna|Facade|p2a: Mandibuzz\n|-damage|p2a: Mandibuzz|34\/100\n|move|p2a: Mandibuzz|Foul Play|p1a: Ursaluna\n|-damage|p1a: Ursaluna|0 fnt\n|faint|p1a: Ursaluna\n|\n|upkeep\n|\n|t:|1699709697\n|switch|p1a: Heatran|Heatran, F|48\/100\n|turn|10\n|j| DR NEFARIO MD\n|inactive|simplegent has 120 seconds left.\n|\n|t:|1699709712\n|move|p2a: Mandibuzz|Roost|p2a: Mandibuzz\n|-heal|p2a: Mandibuzz|84\/100\n|-singleturn|p2a: Mandibuzz|move: Roost\n|move|p1a: Heatran|Magma Storm|p2a: Mandibuzz\n|-crit|p2a: Mandibuzz\n|-damage|p2a: Mandibuzz|21\/100\n|-activate|p2a: Mandibuzz|move: Magma Storm|[of] p1a: Heatran\n|\n|-damage|p2a: Mandibuzz|9\/100|[from] move: Magma Storm|[partiallytrapped]\n|upkeep\n|turn|11\n|inactive|whowasinparis11 has 60 seconds left.\n|\n|t:|1699709738\n|move|p2a: Mandibuzz|Foul Play|p1a: Heatran\n|-damage|p1a: Heatran|25\/100\n|move|p1a: Heatran|Taunt|p2a: Mandibuzz\n|-start|p2a: Mandibuzz|move: Taunt\n|\n|-damage|p2a: Mandibuzz|0 fnt|[from] move: Magma Storm|[partiallytrapped]\n|faint|p2a: Mandibuzz\n|-fieldend|move: Trick Room\n|upkeep\n|j| THICC GOTHIC CHICA\n|\n|t:|1699709746\n|switch|p2a: Sneasler|Sneasler, M|95\/100\n|-damage|p2a: Sneasler|89\/100|[from] Stealth Rock\n|turn|12\n|inactive|whowasinparis11 has 60 seconds left.\n|\n|t:|1699709761\n|move|p2a: Sneasler|U-turn|p1a: Heatran\n|-resisted|p1a: Heatran\n|-damage|p1a: Heatran|19\/100\n|\n|t:|1699709765\n|switch|p2a: Dragapult|Dragapult, F|100\/100|[from] U-turn\n|-damage|p2a: Dragapult|88\/100|[from] Stealth Rock\n|move|p1a: Heatran|Earth Power|p2a: Dragapult\n|-damage|p2a: Dragapult|48\/100\n|\n|upkeep\n|turn|13\n|\n|t:|1699709770\n|switch|p1a: Rillaboom|Rillaboom, M|56\/100\n|-fieldstart|move: Grassy Terrain|[from] ability: Grassy Surge|[of] p1a: Rillaboom\n|move|p2a: Dragapult|Dragon Darts|p1a: Rillaboom\n|-damage|p1a: Rillaboom|25\/100\n|-anim|p2a: Dragapult|Dragon Darts|p1a: Rillaboom\n|-damage|p1a: Rillaboom|0 fnt\n|faint|p1a: Rillaboom\n|\n|-heal|p2a: Dragapult|53\/100|[from] Grassy Terrain\n|upkeep\n|inactive|whowasinparis11 has 60 seconds left.\n|\n|t:|1699709781\n|switch|p1a: Sneasler|Sneasler, M|100\/100\n|-enditem|p1a: Sneasler|Grassy Seed\n|-boost|p1a: Sneasler|def|1|[from] item: Grassy Seed\n|turn|14\n|\n|t:|1699709785\n|move|p1a: Sneasler|Swords Dance|p1a: Sneasler\n|-boost|p1a: Sneasler|atk|2\n|move|p2a: Dragapult|Dragon Darts|p1a: Sneasler\n|-damage|p1a: Sneasler|64\/100\n|-anim|p2a: Dragapult|Dragon Darts|p1a: Sneasler\n|-damage|p1a: Sneasler|26\/100\n|\n|-heal|p1a: Sneasler|32\/100|[from] Grassy Terrain\n|-heal|p2a: Dragapult|59\/100|[from] Grassy Terrain\n|upkeep\n|turn|15\n|l| gosuBX\n|\n|t:|1699709802\n|move|p1a: Sneasler|Dire Claw|p2a: Dragapult\n|-resisted|p2a: Dragapult\n|-damage|p2a: Dragapult|0 fnt\n|faint|p2a: Dragapult\n|\n|-heal|p1a: Sneasler|38\/100|[from] Grassy Terrain\n|upkeep\n|\n|t:|1699709804\n|switch|p2a: Sneasler|Sneasler, M|89\/100\n|-damage|p2a: Sneasler|83\/100|[from] Stealth Rock\n|turn|16\n|inactive|whowasinparis11 has 90 seconds left.\n|\n|t:|1699709813\n|move|p1a: Sneasler|Dire Claw|p2a: Sneasler\n|-resisted|p2a: Sneasler\n|-damage|p2a: Sneasler|4\/100\n|move|p2a: Sneasler|Close Combat|p1a: Sneasler\n|-resisted|p1a: Sneasler\n|-damage|p1a: Sneasler|11\/100\n|-unboost|p2a: Sneasler|def|1\n|-unboost|p2a: Sneasler|spd|1\n|\n|-heal|p1a: Sneasler|17\/100|[from] Grassy Terrain\n|-heal|p2a: Sneasler|10\/100|[from] Grassy Terrain\n|upkeep\n|turn|17\n|\n|t:|1699709821\n|move|p1a: Sneasler|Low Kick|p2a: Sneasler\n|-resisted|p2a: Sneasler\n|-damage|p2a: Sneasler|0 fnt\n|faint|p2a: Sneasler\n|\n|-heal|p1a: Sneasler|23\/100|[from] Grassy Terrain\n|-fieldend|move: Grassy Terrain\n|upkeep\n|\n|t:|1699709824\n|switch|p2a: Corviknight|Corviknight, F|100\/100\n|-damage|p2a: Corviknight|88\/100|[from] Stealth Rock\n|-ability|p2a: Corviknight|Pressure\n|turn|18\n|\n|t:|1699709838\n|move|p1a: Sneasler|Low Kick|p2a: Corviknight\n|-crit|p2a: Corviknight\n|-damage|p2a: Corviknight|0 fnt\n|faint|p2a: Corviknight\n|\n|win|whowasinparis11\n|raw|whowasinparis11's rating: 1608 &rarr; <strong>1634<\/strong><br \/>(+26 for winning)\n|raw|simplegent's rating: 1714 &rarr; <strong>1688<\/strong><br \/>(-26 for losing)\n|l|\u2606simplegent\n","uploadtime":1699709843,"views":15,"p1id":"whowasinparis11","p2id":"simplegent","formatid":"gen9ou","rating":1634,"private":0,"password":""}