{"id":"gen9ou-1999821019","p1":"karlachsimp","p2":"Zkakajj","format":"[Gen 9] OU","log":"|j|\u2606karlachsimp\n|j|\u2606Zkakajj\n|t:|1701119816\n|gametype|singles\n|player|p1|karlachsimp|wallace|1000\n|player|p2|Zkakajj|266|1000\n|teamsize|p1|6\n|teamsize|p2|6\n|gen|9\n|tier|[Gen 9] OU\n|rated|\n|rule|Sleep Clause Mod: Limit one foe put to sleep\n|rule|Species Clause: Limit one of each Pok\u00e9mon\n|rule|OHKO Clause: OHKO moves are banned\n|rule|Evasion Items Clause: Evasion items are banned\n|rule|Evasion Moves Clause: Evasion moves are banned\n|rule|Endless Battle Clause: Forcing endless battles is banned\n|rule|HP Percentage Mod: HP is shown in percentages\n|clearpoke\n|poke|p1|Leafeon, F|\n|poke|p1|Torkoal, F|\n|poke|p1|Milotic, F|\n|poke|p1|Kingambit, F|\n|poke|p1|Enamorus, F|\n|poke|p1|Frosmoth, M|\n|poke|p2|Blissey, F|\n|poke|p2|Scream Tail|\n|poke|p2|Dondozo, F|\n|poke|p2|Toxapex, F|\n|poke|p2|Alomomola, M|\n|poke|p2|Ting-Lu|\n|teampreview\n|inactive|Battle timer is ON: inactive players will automatically lose when time's up. (requested by karlachsimp)\n|\n|t:|1701119838\n|start\n|switch|p1a: Enamorus|Enamorus, F|100\/100\n|switch|p2a: Alomomola|Alomomola, M|100\/100\n|turn|1\n|\n|t:|1701119844\n|move|p2a: Alomomola|Protect|p2a: Alomomola\n|-singleturn|p2a: Alomomola|Protect\n|move|p1a: Enamorus|Superpower|p2a: Alomomola\n|-activate|p2a: Alomomola|move: Protect\n|\n|upkeep\n|turn|2\n|\n|t:|1701119848\n|move|p1a: Enamorus|Superpower|p2a: Alomomola\n|-damage|p2a: Alomomola|75\/100\n|-boost|p1a: Enamorus|atk|1\n|-boost|p1a: Enamorus|def|1\n|-damage|p1a: Enamorus|91\/100|[from] item: Life Orb\n|move|p2a: Alomomola|Scald|p1a: Enamorus\n|-damage|p1a: Enamorus|70\/100\n|\n|upkeep\n|turn|3\n|\n|t:|1701119853\n|move|p1a: Enamorus|Superpower|p2a: Alomomola\n|-damage|p2a: Alomomola|38\/100\n|-boost|p1a: Enamorus|atk|1\n|-boost|p1a: Enamorus|def|1\n|-damage|p1a: Enamorus|60\/100|[from] item: Life Orb\n|move|p2a: Alomomola|Scald|p1a: Enamorus\n|-damage|p1a: Enamorus|41\/100\n|\n|upkeep\n|turn|4\n|\n|t:|1701119860\n|switch|p2a: Toxapex|Toxapex, F|100\/100\n|move|p1a: Enamorus|Play Rough|p2a: Toxapex\n|-resisted|p2a: Toxapex\n|-damage|p2a: Toxapex|65\/100\n|-damage|p1a: Enamorus|32\/100|[from] item: Life Orb\n|\n|upkeep\n|turn|5\n|\n|t:|1701119864\n|move|p1a: Enamorus|Zen Headbutt|p2a: Toxapex\n|-supereffective|p2a: Toxapex\n|-damage|p2a: Toxapex|0 fnt\n|faint|p2a: Toxapex\n|-damage|p1a: Enamorus|22\/100|[from] item: Life Orb\n|\n|upkeep\n|\n|t:|1701119869\n|switch|p2a: Dondozo|Dondozo, F|100\/100\n|turn|6\n|\n|t:|1701119876\n|move|p1a: Enamorus|Superpower|p2a: Dondozo\n|-damage|p2a: Dondozo|80\/100\n|-boost|p1a: Enamorus|atk|1\n|-boost|p1a: Enamorus|def|1\n|-damage|p1a: Enamorus|12\/100|[from] item: Life Orb\n|move|p2a: Dondozo|Avalanche|p1a: Enamorus\n|-supereffective|p1a: Enamorus\n|-damage|p1a: Enamorus|0 fnt\n|faint|p1a: Enamorus\n|\n|upkeep\n|\n|t:|1701119885\n|switch|p1a: Torkoal|Torkoal, F|100\/100\n|-weather|SunnyDay|[from] ability: Drought|[of] p1a: Torkoal\n|turn|7\n|\n|t:|1701119893\n|switch|p2a: Alomomola|Alomomola, M|71\/100\n|move|p1a: Torkoal|Solar Beam||[still]\n|-prepare|p1a: Torkoal|Solar Beam\n|-anim|p1a: Torkoal|Solar Beam|p2a: Alomomola\n|-supereffective|p2a: Alomomola\n|-damage|p2a: Alomomola|14\/100\n|\n|-weather|SunnyDay|[upkeep]\n|upkeep\n|turn|8\n|\n|t:|1701119898\n|switch|p2a: Scream Tail|Scream Tail|100\/100\n|-activate|p2a: Scream Tail|ability: Protosynthesis\n|-start|p2a: Scream Tail|protosynthesisspd\n|move|p1a: Torkoal|Solar Beam||[still]\n|-prepare|p1a: Torkoal|Solar Beam\n|-anim|p1a: Torkoal|Solar Beam|p2a: Scream Tail\n|-damage|p2a: Scream Tail|90\/100\n|\n|-weather|SunnyDay|[upkeep]\n|-heal|p2a: Scream Tail|96\/100|[from] item: Leftovers\n|upkeep\n|turn|9\n|\n|t:|1701119903\n|move|p2a: Scream Tail|Encore|p1a: Torkoal\n|-start|p1a: Torkoal|Encore\n|move|p1a: Torkoal|Solar Beam||[still]\n|-prepare|p1a: Torkoal|Solar Beam\n|-anim|p1a: Torkoal|Solar Beam|p2a: Scream Tail\n|-damage|p2a: Scream Tail|84\/100\n|\n|-weather|SunnyDay|[upkeep]\n|-heal|p2a: Scream Tail|91\/100|[from] item: Leftovers\n|upkeep\n|turn|10\n|\n|t:|1701119911\n|switch|p1a: Frosmoth|Frosmoth, M|100\/100\n|move|p2a: Scream Tail|Dazzling Gleam|p1a: Frosmoth\n|-damage|p1a: Frosmoth|89\/100\n|\n|-weather|SunnyDay|[upkeep]\n|-heal|p2a: Scream Tail|97\/100|[from] item: Leftovers\n|upkeep\n|turn|11\n|\n|t:|1701119914\n|move|p2a: Scream Tail|Encore||[still]\n|-fail|p2a: Scream Tail\n|move|p1a: Frosmoth|Quiver Dance|p1a: Frosmoth\n|-boost|p1a: Frosmoth|spa|1\n|-boost|p1a: Frosmoth|spd|1\n|-boost|p1a: Frosmoth|spe|1\n|\n|-weather|SunnyDay|[upkeep]\n|-heal|p2a: Scream Tail|100\/100|[from] item: Leftovers\n|upkeep\n|turn|12\n|\n|t:|1701119921\n|move|p1a: Frosmoth|Quiver Dance|p1a: Frosmoth\n|-boost|p1a: Frosmoth|spa|1\n|-boost|p1a: Frosmoth|spd|1\n|-boost|p1a: Frosmoth|spe|1\n|move|p2a: Scream Tail|Encore|p1a: Frosmoth\n|-start|p1a: Frosmoth|Encore\n|\n|-weather|SunnyDay|[upkeep]\n|upkeep\n|turn|13\n|\n|t:|1701119928\n|-end|p2a: Scream Tail|Protosynthesis|[silent]\n|switch|p2a: Ting-Lu|Ting-Lu|100\/100\n|-ability|p2a: Ting-Lu|Vessel of Ruin\n|move|p1a: Frosmoth|Quiver Dance|p1a: Frosmoth\n|-boost|p1a: Frosmoth|spa|1\n|-boost|p1a: Frosmoth|spd|1\n|-boost|p1a: Frosmoth|spe|1\n|\n|-weather|SunnyDay|[upkeep]\n|upkeep\n|turn|14\n|\n|t:|1701119934\n|move|p1a: Frosmoth|Quiver Dance|p1a: Frosmoth\n|-boost|p1a: Frosmoth|spa|1\n|-boost|p1a: Frosmoth|spd|1\n|-boost|p1a: Frosmoth|spe|1\n|move|p2a: Ting-Lu|Whirlwind|p1a: Frosmoth\n|drag|p1a: Torkoal|Torkoal, F|100\/100\n|\n|-weather|none\n|upkeep\n|turn|15\n|\n|t:|1701119941\n|move|p2a: Ting-Lu|Stealth Rock|p1a: Torkoal\n|-sidestart|p1: karlachsimp|move: Stealth Rock\n|move|p1a: Torkoal|Will-O-Wisp|p2a: Ting-Lu\n|-status|p2a: Ting-Lu|brn\n|\n|-damage|p2a: Ting-Lu|94\/100 brn|[from] brn\n|upkeep\n|turn|16\n|\n|t:|1701119948\n|move|p2a: Ting-Lu|Spikes|p1a: Torkoal\n|-sidestart|p1: karlachsimp|Spikes\n|move|p1a: Torkoal|Rapid Spin|p2a: Ting-Lu\n|-damage|p2a: Ting-Lu|89\/100 brn\n|-boost|p1a: Torkoal|spe|1\n|-sideend|p1: karlachsimp|Spikes|[from] move: Rapid Spin|[of] p1a: Torkoal\n|-sideend|p1: karlachsimp|Stealth Rock|[from] move: Rapid Spin|[of] p1a: Torkoal\n|\n|-heal|p2a: Ting-Lu|95\/100 brn|[from] item: Leftovers\n|-damage|p2a: Ting-Lu|89\/100 brn|[from] brn\n|upkeep\n|turn|17\n|\n|t:|1701119954\n|move|p1a: Torkoal|Solar Beam||[still]\n|-prepare|p1a: Torkoal|Solar Beam\n|move|p2a: Ting-Lu|Whirlwind|p1a: Torkoal\n|drag|p1a: Leafeon|Leafeon, F|100\/100\n|\n|-heal|p2a: Ting-Lu|95\/100 brn|[from] item: Leftovers\n|-damage|p2a: Ting-Lu|89\/100 brn|[from] brn\n|upkeep\n|turn|18\n|\n|t:|1701119960\n|switch|p2a: Scream Tail|Scream Tail|100\/100\n|move|p1a: Leafeon|Swords Dance|p1a: Leafeon\n|-boost|p1a: Leafeon|atk|2\n|\n|upkeep\n|turn|19\n|\n|t:|1701119968\n|move|p2a: Scream Tail|Encore|p1a: Leafeon\n|-start|p1a: Leafeon|Encore\n|move|p1a: Leafeon|Swords Dance|p1a: Leafeon\n|-boost|p1a: Leafeon|atk|2\n|\n|upkeep\n|turn|20\n|\n|t:|1701119978\n|-end|p2a: Scream Tail|Protosynthesis|[silent]\n|switch|p2a: Dondozo|Dondozo, F|80\/100\n|move|p1a: Leafeon|Swords Dance|p1a: Leafeon\n|-boost|p1a: Leafeon|atk|2\n|\n|upkeep\n|turn|21\n|\n|t:|1701119982\n|-terastallize|p2a: Dondozo|Ghost\n|move|p1a: Leafeon|Swords Dance|p1a: Leafeon\n|-boost|p1a: Leafeon|atk|0\n|move|p2a: Dondozo|Avalanche|p1a: Leafeon\n|-supereffective|p1a: Leafeon\n|-damage|p1a: Leafeon|72\/100\n|\n|-end|p1a: Leafeon|Encore\n|upkeep\n|turn|22\n|\n|t:|1701119986\n|move|p1a: Leafeon|Knock Off|p2a: Dondozo\n|-supereffective|p2a: Dondozo\n|-damage|p2a: Dondozo|41\/100\n|-enditem|p2a: Dondozo|Heavy-Duty Boots|[from] move: Knock Off|[of] p1a: Leafeon\n|-damage|p1a: Leafeon|62\/100|[from] item: Life Orb\n|move|p2a: Dondozo|Avalanche|p1a: Leafeon\n|-supereffective|p1a: Leafeon\n|-crit|p1a: Leafeon\n|-damage|p1a: Leafeon|0 fnt\n|faint|p1a: Leafeon\n|\n|upkeep\n|\n|t:|1701119995\n|switch|p1a: Frosmoth|Frosmoth, M|89\/100\n|turn|23\n|\n|t:|1701120003\n|switch|p2a: Blissey|Blissey, F|100\/100\n|move|p1a: Frosmoth|Quiver Dance|p1a: Frosmoth\n|-boost|p1a: Frosmoth|spa|1\n|-boost|p1a: Frosmoth|spd|1\n|-boost|p1a: Frosmoth|spe|1\n|\n|upkeep\n|turn|24\n|\n|t:|1701120011\n|switch|p1a: Kingambit|Kingambit, F|100\/100\n|move|p2a: Blissey|Calm Mind|p2a: Blissey\n|-boost|p2a: Blissey|spa|1\n|-boost|p2a: Blissey|spd|1\n|\n|upkeep\n|turn|25\n|\n|t:|1701120017\n|switch|p2a: Ting-Lu|Ting-Lu|89\/100 brn\n|-ability|p2a: Ting-Lu|Vessel of Ruin\n|move|p1a: Kingambit|Swords Dance|p1a: Kingambit\n|-boost|p1a: Kingambit|atk|2\n|\n|-heal|p2a: Ting-Lu|95\/100 brn|[from] item: Leftovers\n|-damage|p2a: Ting-Lu|89\/100 brn|[from] brn\n|upkeep\n|turn|26\n|\n|t:|1701120025\n|move|p1a: Kingambit|Swords Dance|p1a: Kingambit\n|-boost|p1a: Kingambit|atk|2\n|move|p2a: Ting-Lu|Whirlwind|p1a: Kingambit\n|drag|p1a: Milotic|Milotic, F|100\/100\n|\n|-heal|p2a: Ting-Lu|95\/100 brn|[from] item: Leftovers\n|-damage|p2a: Ting-Lu|89\/100 brn|[from] brn\n|upkeep\n|turn|27\n|\n|t:|1701120033\n|switch|p2a: Alomomola|Alomomola, M|47\/100\n|move|p1a: Milotic|Scald|p2a: Alomomola\n|-resisted|p2a: Alomomola\n|-damage|p2a: Alomomola|30\/100\n|\n|upkeep\n|turn|28\n|\n|t:|1701120040\n|move|p2a: Alomomola|Protect|p2a: Alomomola\n|-singleturn|p2a: Alomomola|Protect\n|move|p1a: Milotic|Scald|p2a: Alomomola\n|-activate|p2a: Alomomola|move: Protect\n|\n|upkeep\n|turn|29\n|\n|t:|1701120049\n|switch|p1a: Torkoal|Torkoal, F|100\/100\n|-weather|SunnyDay|[from] ability: Drought|[of] p1a: Torkoal\n|move|p2a: Alomomola|Wish|p2a: Alomomola\n|\n|-weather|SunnyDay|[upkeep]\n|upkeep\n|turn|30\n|\n|t:|1701120054\n|move|p2a: Alomomola|Protect|p2a: Alomomola\n|-singleturn|p2a: Alomomola|Protect\n|move|p1a: Torkoal|Solar Beam||[still]\n|-prepare|p1a: Torkoal|Solar Beam\n|-anim|p1a: Torkoal|Solar Beam|p2a: Alomomola\n|-activate|p2a: Alomomola|move: Protect\n|\n|-weather|SunnyDay|[upkeep]\n|-heal|p2a: Alomomola|80\/100|[from] move: Wish|[wisher] Alomomola\n|upkeep\n|turn|31\n|\n|t:|1701120056\n|switch|p2a: Scream Tail|Scream Tail|100\/100\n|-activate|p2a: Scream Tail|ability: Protosynthesis\n|-start|p2a: Scream Tail|protosynthesisspd\n|move|p1a: Torkoal|Solar Beam||[still]\n|-prepare|p1a: Torkoal|Solar Beam\n|-anim|p1a: Torkoal|Solar Beam|p2a: Scream Tail\n|-damage|p2a: Scream Tail|90\/100\n|\n|-weather|SunnyDay|[upkeep]\n|-heal|p2a: Scream Tail|96\/100|[from] item: Leftovers\n|upkeep\n|turn|32\n|\n|t:|1701120062\n|move|p2a: Scream Tail|Dazzling Gleam|p1a: Torkoal\n|-resisted|p1a: Torkoal\n|-damage|p1a: Torkoal|92\/100\n|move|p1a: Torkoal|Will-O-Wisp|p2a: Scream Tail\n|-status|p2a: Scream Tail|brn\n|\n|-weather|SunnyDay|[upkeep]\n|-heal|p2a: Scream Tail|100\/100 brn|[from] item: Leftovers\n|-damage|p2a: Scream Tail|94\/100 brn|[from] brn\n|upkeep\n|turn|33\n|\n|t:|1701120067\n|switch|p1a: Frosmoth|Frosmoth, M|89\/100\n|move|p2a: Scream Tail|Dazzling Gleam|p1a: Frosmoth\n|-damage|p1a: Frosmoth|75\/100\n|\n|-weather|SunnyDay|[upkeep]\n|-heal|p2a: Scream Tail|100\/100 brn|[from] item: Leftovers\n|-damage|p2a: Scream Tail|94\/100 brn|[from] brn\n|upkeep\n|turn|34\n|\n|t:|1701120072\n|move|p2a: Scream Tail|Dazzling Gleam|p1a: Frosmoth\n|-damage|p1a: Frosmoth|62\/100\n|move|p1a: Frosmoth|Quiver Dance|p1a: Frosmoth\n|-boost|p1a: Frosmoth|spa|1\n|-boost|p1a: Frosmoth|spd|1\n|-boost|p1a: Frosmoth|spe|1\n|\n|-weather|SunnyDay|[upkeep]\n|-heal|p2a: Scream Tail|100\/100 brn|[from] item: Leftovers\n|-damage|p2a: Scream Tail|94\/100 brn|[from] brn\n|upkeep\n|turn|35\n|\n|t:|1701120078\n|move|p1a: Frosmoth|Quiver Dance|p1a: Frosmoth\n|-boost|p1a: Frosmoth|spa|1\n|-boost|p1a: Frosmoth|spd|1\n|-boost|p1a: Frosmoth|spe|1\n|move|p2a: Scream Tail|Encore|p1a: Frosmoth\n|-start|p1a: Frosmoth|Encore\n|\n|-weather|SunnyDay|[upkeep]\n|-heal|p2a: Scream Tail|100\/100 brn|[from] item: Leftovers\n|-damage|p2a: Scream Tail|94\/100 brn|[from] brn\n|upkeep\n|turn|36\n|\n|t:|1701120082\n|-end|p2a: Scream Tail|Protosynthesis|[silent]\n|switch|p2a: Blissey|Blissey, F|100\/100\n|move|p1a: Frosmoth|Quiver Dance|p1a: Frosmoth\n|-boost|p1a: Frosmoth|spa|1\n|-boost|p1a: Frosmoth|spd|1\n|-boost|p1a: Frosmoth|spe|1\n|\n|-weather|none\n|upkeep\n|turn|37\n|\n|t:|1701120086\n|move|p1a: Frosmoth|Quiver Dance|p1a: Frosmoth\n|-boost|p1a: Frosmoth|spa|1\n|-boost|p1a: Frosmoth|spd|1\n|-boost|p1a: Frosmoth|spe|1\n|move|p2a: Blissey|Calm Mind|p2a: Blissey\n|-boost|p2a: Blissey|spa|1\n|-boost|p2a: Blissey|spd|1\n|\n|upkeep\n|turn|38\n|\n|t:|1701120088\n|move|p1a: Frosmoth|Quiver Dance|p1a: Frosmoth\n|-boost|p1a: Frosmoth|spa|1\n|-boost|p1a: Frosmoth|spd|1\n|-boost|p1a: Frosmoth|spe|1\n|move|p2a: Blissey|Calm Mind|p2a: Blissey\n|-boost|p2a: Blissey|spa|1\n|-boost|p2a: Blissey|spd|1\n|\n|-end|p1a: Frosmoth|Encore\n|upkeep\n|turn|39\n|\n|t:|1701120095\n|move|p1a: Frosmoth|Hurricane|p2a: Blissey\n|-damage|p2a: Blissey|77\/100\n|move|p2a: Blissey|Calm Mind|p2a: Blissey\n|-boost|p2a: Blissey|spa|1\n|-boost|p2a: Blissey|spd|1\n|\n|upkeep\n|turn|40\n|\n|t:|1701120099\n|move|p1a: Frosmoth|Quiver Dance|p1a: Frosmoth\n|-boost|p1a: Frosmoth|spa|1\n|-boost|p1a: Frosmoth|spd|1\n|-boost|p1a: Frosmoth|spe|1\n|move|p2a: Blissey|Stealth Rock|p1a: Frosmoth\n|-sidestart|p1: karlachsimp|move: Stealth Rock\n|\n|upkeep\n|turn|41\n|\n|t:|1701120101\n|move|p1a: Frosmoth|Hurricane|p2a: Blissey\n|-damage|p2a: Blissey|58\/100\n|move|p2a: Blissey|Calm Mind|p2a: Blissey\n|-boost|p2a: Blissey|spa|1\n|-boost|p2a: Blissey|spd|1\n|\n|upkeep\n|turn|42\n|\n|t:|1701120106\n|move|p1a: Frosmoth|Hurricane|p2a: Blissey\n|-damage|p2a: Blissey|41\/100\n|move|p2a: Blissey|Soft-Boiled|p2a: Blissey\n|-heal|p2a: Blissey|91\/100\n|\n|upkeep\n|turn|43\n|\n|t:|1701120118\n|move|p1a: Frosmoth|Bug Buzz|p2a: Blissey\n|-damage|p2a: Blissey|72\/100\n|move|p2a: Blissey|Seismic Toss|p1a: Frosmoth\n|-damage|p1a: Frosmoth|27\/100\n|\n|upkeep\n|turn|44\n|\n|t:|1701120123\n|move|p1a: Frosmoth|Bug Buzz|p2a: Blissey\n|-damage|p2a: Blissey|52\/100\n|move|p2a: Blissey|Seismic Toss|p1a: Frosmoth\n|-damage|p1a: Frosmoth|0 fnt\n|faint|p1a: Frosmoth\n|\n|upkeep\n|\n|t:|1701120126\n|switch|p1a: Torkoal|Torkoal, F|92\/100\n|-damage|p1a: Torkoal|67\/100|[from] Stealth Rock\n|-weather|SunnyDay|[from] ability: Drought|[of] p1a: Torkoal\n|turn|45\n|\n|t:|1701120130\n|move|p2a: Blissey|Soft-Boiled|p2a: Blissey\n|-heal|p2a: Blissey|100\/100\n|move|p1a: Torkoal|Rapid Spin|p2a: Blissey\n|-damage|p2a: Blissey|91\/100\n|-boost|p1a: Torkoal|spe|1\n|-sideend|p1: karlachsimp|Stealth Rock|[from] move: Rapid Spin|[of] p1a: Torkoal\n|\n|-weather|SunnyDay|[upkeep]\n|upkeep\n|turn|46\n|\n|t:|1701120141\n|switch|p1a: Kingambit|Kingambit, F|100\/100\n|move|p2a: Blissey|Seismic Toss|p1a: Kingambit\n|-damage|p1a: Kingambit|76\/100\n|\n|-weather|SunnyDay|[upkeep]\n|-heal|p1a: Kingambit|82\/100|[from] item: Leftovers\n|upkeep\n|turn|47\n|\n|t:|1701120165\n|switch|p2a: Alomomola|Alomomola, M|100\/100\n|move|p1a: Kingambit|Swords Dance|p1a: Kingambit\n|-boost|p1a: Kingambit|atk|2\n|\n|-weather|SunnyDay|[upkeep]\n|-heal|p1a: Kingambit|88\/100|[from] item: Leftovers\n|upkeep\n|turn|48\n|\n|t:|1701120168\n|move|p2a: Alomomola|Scald|p1a: Kingambit\n|-damage|p1a: Kingambit|81\/100\n|move|p1a: Kingambit|Swords Dance|p1a: Kingambit\n|-boost|p1a: Kingambit|atk|2\n|\n|-weather|SunnyDay|[upkeep]\n|-heal|p1a: Kingambit|88\/100|[from] item: Leftovers\n|upkeep\n|turn|49\n|\n|t:|1701120174\n|move|p2a: Alomomola|Scald|p1a: Kingambit\n|-crit|p1a: Kingambit\n|-damage|p1a: Kingambit|78\/100\n|-status|p1a: Kingambit|brn\n|move|p1a: Kingambit|Kowtow Cleave|p2a: Alomomola\n|-damage|p2a: Alomomola|63\/100\n|\n|-weather|SunnyDay|[upkeep]\n|-heal|p1a: Kingambit|84\/100 brn|[from] item: Leftovers\n|-damage|p1a: Kingambit|78\/100 brn|[from] brn\n|upkeep\n|turn|50\n|l|\u2606karlachsimp\n|inactive|karlachsimp disconnected and has a minute to reconnect!\n|player|p1|\n|inactive|karlachsimp has 30 seconds to reconnect!\n|inactive|karlachsimp has 20 seconds to reconnect!\n|inactive|karlachsimp has 15 seconds to reconnect!\n|inactive|karlachsimp has 10 seconds to reconnect!\n|inactive|karlachsimp has 5 seconds to reconnect!\n|-message|karlachsimp lost due to inactivity.\n|\n|win|Zkakajj\n|raw|karlachsimp's rating: 1000 &rarr; <strong>1000<\/strong><br \/>(+0 for losing)\n|raw|Zkakajj's rating: 1000 &rarr; <strong>1040<\/strong><br \/>(+40 for winning)\n","uploadtime":1701120257,"views":9,"p1id":"karlachsimp","p2id":"zkakajj","formatid":"gen9ou","rating":1000,"private":0,"password":""}