{"id":"gen9ou-1997737230","p1":"PLAYB0I R0BBIE B","p2":"AlexKindaGoodDoe","format":"[Gen 9] OU","log":"|j|\u2606PLAYB0I R0BBIE B\n|j|\u2606AlexKindaGoodDoe\n|t:|1700847305\n|gametype|singles\n|player|p1|PLAYB0I R0BBIE B|eusine|1311\n|player|p2|AlexKindaGoodDoe|ninjaboy|1348\n|teamsize|p1|6\n|teamsize|p2|6\n|gen|9\n|tier|[Gen 9] OU\n|rated|\n|rule|Sleep Clause Mod: Limit one foe put to sleep\n|rule|Species Clause: Limit one of each Pok\u00e9mon\n|rule|OHKO Clause: OHKO moves are banned\n|rule|Evasion Items Clause: Evasion items are banned\n|rule|Evasion Moves Clause: Evasion moves are banned\n|rule|Endless Battle Clause: Forcing endless battles is banned\n|rule|HP Percentage Mod: HP is shown in percentages\n|clearpoke\n|poke|p1|Meowscarada, F|\n|poke|p1|Heatran, F|\n|poke|p1|Thundurus-Therian, M|\n|poke|p1|Dragapult, F|\n|poke|p1|Great Tusk|\n|poke|p1|Azumarill, F|\n|poke|p2|Slowking-Galar, F|\n|poke|p2|Lokix, M|\n|poke|p2|Corviknight, F|\n|poke|p2|Skeledirge, F|\n|poke|p2|Greninja-*, M|\n|poke|p2|Zamazenta-*|\n|teampreview\n|inactive|Battle timer is ON: inactive players will automatically lose when time's up. (requested by PLAYB0I R0BBIE B)\n|\n|t:|1700847323\n|start\n|switch|p1a: YOSEMITE|Great Tusk|100\/100\n|switch|p2a: Lokix|Lokix, M|100\/100\n|turn|1\n|\n|t:|1700847329\n|move|p1a: YOSEMITE|Stealth Rock|p2a: Lokix\n|-sidestart|p2: AlexKindaGoodDoe|move: Stealth Rock\n|move|p2a: Lokix|U-turn|p1a: YOSEMITE\n|-resisted|p1a: YOSEMITE\n|-damage|p1a: YOSEMITE|64\/100\n|\n|t:|1700847342\n|switch|p2a: Greninja|Greninja, M|100\/100|[from] U-turn\n|-damage|p2a: Greninja|88\/100|[from] Stealth Rock\n|\n|upkeep\n|turn|2\n|\n|t:|1700847352\n|-end|p1a: YOSEMITE|Protosynthesis|[silent]\n|switch|p1a: CAN'T SAY|Azumarill, F|100\/100\n|move|p2a: Greninja|Blizzard|p1a: CAN'T SAY|[miss]\n|-miss|p2a: Greninja|p1a: CAN'T SAY\n|\n|upkeep\n|turn|3\n|\n|t:|1700847360\n|-terastallize|p2a: Greninja|Poison\n|move|p2a: Greninja|Gunk Shot|p1a: CAN'T SAY\n|-supereffective|p1a: CAN'T SAY\n|-damage|p1a: CAN'T SAY|26\/100\n|move|p1a: CAN'T SAY|Play Rough|p2a: Greninja\n|-resisted|p2a: Greninja\n|-damage|p2a: Greninja|37\/100\n|\n|upkeep\n|turn|4\n|\n|t:|1700847383\n|switch|p2a: Corviknight|Corviknight, F|100\/100\n|-ability|p2a: Corviknight|Pressure\n|move|p1a: CAN'T SAY|Aqua Jet|p2a: Corviknight\n|-damage|p2a: Corviknight|85\/100\n|\n|upkeep\n|turn|5\n|\n|t:|1700847392\n|switch|p1a: ASTROTHUNDER|Thundurus-Therian, M|100\/100\n|move|p2a: Corviknight|U-turn|p1a: ASTROTHUNDER\n|-resisted|p1a: ASTROTHUNDER\n|-damage|p1a: ASTROTHUNDER|89\/100\n|\n|t:|1700847401\n|switch|p2a: Slowking|Slowking-Galar, F|100\/100|[from] U-turn\n|-damage|p2a: Slowking|88\/100|[from] Stealth Rock\n|\n|upkeep\n|turn|6\n|\n|t:|1700847405\n|move|p1a: ASTROTHUNDER|Knock Off|p2a: Slowking\n|-supereffective|p2a: Slowking\n|-crit|p2a: Slowking\n|-damage|p2a: Slowking|26\/100\n|-enditem|p2a: Slowking|Assault Vest|[from] move: Knock Off|[of] p1a: ASTROTHUNDER\n|move|p2a: Slowking|Future Sight|p1a: ASTROTHUNDER\n|-start|p2a: Slowking|move: Future Sight\n|\n|upkeep\n|turn|7\n|\n|t:|1700847420\n|move|p1a: ASTROTHUNDER|Knock Off|p2a: Slowking\n|-supereffective|p2a: Slowking\n|-damage|p2a: Slowking|0 fnt\n|faint|p2a: Slowking\n|\n|upkeep\n|\n|t:|1700847425\n|switch|p2a: Greninja|Greninja, M, tera:Poison|37\/100\n|-damage|p2a: Greninja|24\/100|[from] Stealth Rock\n|turn|8\n|\n|t:|1700847435\n|switch|p1a: 5% TINT|Heatran, F|100\/100\n|-item|p1a: 5% TINT|Air Balloon\n|move|p2a: Greninja|Hydro Pump|p1a: 5% TINT\n|-supereffective|p1a: 5% TINT\n|-damage|p1a: 5% TINT|13\/100\n|-enditem|p1a: 5% TINT|Air Balloon\n|\n|-end|p1a: 5% TINT|move: Future Sight\n|-resisted|p1a: 5% TINT\n|-damage|p1a: 5% TINT|0 fnt\n|faint|p1a: 5% TINT\n|upkeep\n|\n|t:|1700847449\n|switch|p1a: CAN'T SAY|Azumarill, F|26\/100\n|turn|9\n|\n|t:|1700847452\n|switch|p2a: Corviknight|Corviknight, F|85\/100\n|-ability|p2a: Corviknight|Pressure\n|move|p1a: CAN'T SAY|Aqua Jet|p2a: Corviknight\n|-damage|p2a: Corviknight|71\/100\n|\n|upkeep\n|turn|10\n|\n|t:|1700847459\n|switch|p1a: ASTROTHUNDER|Thundurus-Therian, M|89\/100\n|move|p2a: Corviknight|U-turn|p1a: ASTROTHUNDER\n|-resisted|p1a: ASTROTHUNDER\n|-damage|p1a: ASTROTHUNDER|79\/100\n|\n|t:|1700847467\n|switch|p2a: Zamazenta|Zamazenta|100\/100|[from] U-turn\n|-damage|p2a: Zamazenta|94\/100|[from] Stealth Rock\n|-ability|p2a: Zamazenta|Dauntless Shield|boost\n|-boost|p2a: Zamazenta|def|1\n|\n|upkeep\n|turn|11\n|\n|t:|1700847478\n|-terastallize|p1a: ASTROTHUNDER|Flying\n|move|p2a: Zamazenta|Stone Edge|p1a: ASTROTHUNDER|[miss]\n|-miss|p2a: Zamazenta|p1a: ASTROTHUNDER\n|move|p1a: ASTROTHUNDER|Tera Blast|p2a: Zamazenta|[anim] Tera Blast Flying\n|-supereffective|p2a: Zamazenta\n|-damage|p2a: Zamazenta|2\/100\n|\n|upkeep\n|turn|12\n|\n|t:|1700847485\n|switch|p1a: YOSEMITE|Great Tusk|64\/100\n|move|p2a: Zamazenta|Stone Edge|p1a: YOSEMITE|[miss]\n|-miss|p2a: Zamazenta|p1a: YOSEMITE\n|\n|upkeep\n|turn|13\n|\n|t:|1700847494\n|switch|p2a: Corviknight|Corviknight, F|71\/100\n|-ability|p2a: Corviknight|Pressure\n|move|p1a: YOSEMITE|Rapid Spin|p2a: Corviknight\n|-resisted|p2a: Corviknight\n|-damage|p2a: Corviknight|66\/100\n|-boost|p1a: YOSEMITE|spe|1\n|\n|upkeep\n|turn|14\n|\n|t:|1700847502\n|-end|p1a: YOSEMITE|Protosynthesis|[silent]\n|switch|p1a: ASTROTHUNDER|Thundurus-Therian, M, tera:Flying|79\/100\n|move|p2a: Corviknight|Brave Bird|p1a: ASTROTHUNDER\n|-damage|p1a: ASTROTHUNDER|19\/100\n|-damage|p2a: Corviknight|51\/100|[from] Recoil\n|\n|upkeep\n|turn|15\n|\n|t:|1700847510\n|switch|p2a: Zamazenta|Zamazenta|2\/100\n|-damage|p2a: Zamazenta|0 fnt|[from] Stealth Rock\n|faint|p2a: Zamazenta\n|move|p1a: ASTROTHUNDER|Volt Switch|p2: Zamazenta|[notarget]\n|-fail|p1a: ASTROTHUNDER\n|\n|upkeep\n|\n|t:|1700847512\n|switch|p2a: Greninja|Greninja, M, tera:Poison|24\/100\n|-damage|p2a: Greninja|12\/100|[from] Stealth Rock\n|turn|16\n|\n|t:|1700847524\n|move|p2a: Greninja|Blizzard|p1a: ASTROTHUNDER\n|-supereffective|p1a: ASTROTHUNDER\n|-damage|p1a: ASTROTHUNDER|0 fnt\n|faint|p1a: ASTROTHUNDER\n|-ability|p2a: Greninja|Battle Bond|boost\n|-boost|p2a: Greninja|atk|1\n|-boost|p2a: Greninja|spa|1\n|-boost|p2a: Greninja|spe|1\n|-activate|p2a: Greninja|ability: Battle Bond\n|\n|upkeep\n|\n|t:|1700847527\n|switch|p1a: CAN'T SAY|Azumarill, F|26\/100\n|turn|17\n|\n|t:|1700847532\n|move|p1a: CAN'T SAY|Aqua Jet|p2a: Greninja\n|-damage|p2a: Greninja|0 fnt\n|faint|p2a: Greninja\n|\n|upkeep\n|\n|t:|1700847534\n|switch|p2a: Corviknight|Corviknight, F|51\/100\n|-ability|p2a: Corviknight|Pressure\n|turn|18\n|\n|t:|1700847539\n|move|p2a: Corviknight|Roost|p2a: Corviknight\n|-heal|p2a: Corviknight|100\/100\n|-singleturn|p2a: Corviknight|move: Roost\n|move|p1a: CAN'T SAY|Liquidation|p2a: Corviknight\n|-damage|p2a: Corviknight|68\/100\n|\n|upkeep\n|turn|19\n|\n|t:|1700847544\n|switch|p1a: NO BYSTANDERS|Dragapult, F|100\/100\n|move|p2a: Corviknight|Defog|p1a: NO BYSTANDERS\n|-unboost|p1a: NO BYSTANDERS|evasion|1\n|-sideend|p2: AlexKindaGoodDoe|Stealth Rock|[from] move: Defog|[of] p2a: Corviknight\n|\n|upkeep\n|turn|20\n|\n|t:|1700847550\n|move|p1a: NO BYSTANDERS|Thunder Wave|p2a: Corviknight\n|-status|p2a: Corviknight|par\n|move|p2a: Corviknight|U-turn|p1a: NO BYSTANDERS\n|-resisted|p1a: NO BYSTANDERS\n|-damage|p1a: NO BYSTANDERS|89\/100\n|\n|t:|1700847557\n|switch|p2a: Lokix|Lokix, M|100\/100|[from] U-turn\n|\n|upkeep\n|turn|21\n|\n|t:|1700847564\n|switch|p1a: YOSEMITE|Great Tusk|64\/100\n|move|p2a: Lokix|U-turn|p1a: YOSEMITE\n|-resisted|p1a: YOSEMITE\n|-damage|p1a: YOSEMITE|30\/100\n|\n|t:|1700847568\n|switch|p2a: Corviknight|Corviknight, F|68\/100 par|[from] U-turn\n|-ability|p2a: Corviknight|Pressure\n|\n|upkeep\n|turn|22\n|\n|t:|1700847571\n|move|p1a: YOSEMITE|Stealth Rock|p2a: Corviknight\n|-sidestart|p2: AlexKindaGoodDoe|move: Stealth Rock\n|move|p2a: Corviknight|Brave Bird|p1a: YOSEMITE\n|-supereffective|p1a: YOSEMITE\n|-damage|p1a: YOSEMITE|0 fnt\n|faint|p1a: YOSEMITE\n|-end|p1a: YOSEMITE|Protosynthesis|[silent]\n|-damage|p2a: Corviknight|59\/100 par|[from] Recoil\n|\n|upkeep\n|\n|t:|1700847576\n|switch|p1a: NO BYSTANDERS|Dragapult, F|89\/100\n|turn|23\n|\n|t:|1700847579\n|move|p1a: NO BYSTANDERS|Hex|p2a: Corviknight\n|-damage|p2a: Corviknight|6\/100 par\n|move|p2a: Corviknight|Brave Bird|p1a: NO BYSTANDERS\n|-damage|p1a: NO BYSTANDERS|34\/100\n|-damage|p2a: Corviknight|0 fnt|[from] Recoil\n|faint|p2a: Corviknight\n|\n|upkeep\n|\n|t:|1700847582\n|switch|p2a: Lokix|Lokix, M|100\/100\n|-damage|p2a: Lokix|76\/100|[from] Stealth Rock\n|turn|24\n|\n|t:|1700847588\n|move|p2a: Lokix|First Impression|p1a: NO BYSTANDERS\n|-resisted|p1a: NO BYSTANDERS\n|-damage|p1a: NO BYSTANDERS|0 fnt\n|faint|p1a: NO BYSTANDERS\n|\n|upkeep\n|\n|t:|1700847599\n|switch|p1a: SICKO MODE|Meowscarada, F|100\/100\n|turn|25\n|\n|t:|1700847609\n|switch|p2a: Skeledirge|Skeledirge, F|100\/100\n|move|p1a: SICKO MODE|U-turn|p2a: Skeledirge\n|-start|p1a: SICKO MODE|typechange|Bug|[from] ability: Protean\n|-resisted|p2a: Skeledirge\n|-damage|p2a: Skeledirge|93\/100\n|\n|t:|1700847611\n|switch|p1a: CAN'T SAY|Azumarill, F|26\/100|[from] U-turn\n|\n|upkeep\n|turn|26\n|\n|t:|1700847621\n|move|p2a: Skeledirge|Shadow Ball|p1a: CAN'T SAY\n|-damage|p1a: CAN'T SAY|4\/100\n|move|p1a: CAN'T SAY|Liquidation|p2a: Skeledirge\n|-supereffective|p2a: Skeledirge\n|-damage|p2a: Skeledirge|24\/100\n|\n|upkeep\n|turn|27\n|\n|t:|1700847629\n|move|p1a: CAN'T SAY|Aqua Jet|p2a: Skeledirge\n|-supereffective|p2a: Skeledirge\n|-damage|p2a: Skeledirge|0 fnt\n|faint|p2a: Skeledirge\n|\n|upkeep\n|\n|t:|1700847632\n|switch|p2a: Lokix|Lokix, M|76\/100\n|-damage|p2a: Lokix|51\/100|[from] Stealth Rock\n|turn|28\n|\n|t:|1700847637\n|move|p2a: Lokix|Sucker Punch|p1a: CAN'T SAY\n|-resisted|p1a: CAN'T SAY\n|-damage|p1a: CAN'T SAY|0 fnt\n|faint|p1a: CAN'T SAY\n|\n|upkeep\n|\n|t:|1700847640\n|switch|p1a: SICKO MODE|Meowscarada, F|100\/100\n|turn|29\n|\n|t:|1700847643\n|move|p2a: Lokix|Sucker Punch|p1a: SICKO MODE\n|-resisted|p1a: SICKO MODE\n|-damage|p1a: SICKO MODE|22\/100\n|move|p1a: SICKO MODE|U-turn|p2a: Lokix\n|-start|p1a: SICKO MODE|typechange|Bug|[from] ability: Protean\n|-supereffective|p2a: Lokix\n|-damage|p2a: Lokix|0 fnt\n|faint|p2a: Lokix\n|\n|win|PLAYB0I R0BBIE B\n|raw|PLAYB0I R0BBIE B's rating: 1311 &rarr; <strong>1333<\/strong><br \/>(+22 for winning)\n|raw|AlexKindaGoodDoe's rating: 1348 &rarr; <strong>1326<\/strong><br \/>(-22 for losing)\n","uploadtime":1700847650,"views":1,"p1id":"playb0ir0bbieb","p2id":"alexkindagooddoe","formatid":"gen9ou","rating":1326,"private":0,"password":""}