{"id":"gen9ou-1999894719","p1":"Magnus69x","p2":"frogsprinter","format":"[Gen 9] OU","log":"|j|\u2606Magnus69x\n|j|\u2606frogsprinter\n|t:|1701127300\n|gametype|singles\n|player|p1|Magnus69x|red|1068\n|player|p2|frogsprinter|170|1144\n|teamsize|p1|6\n|teamsize|p2|6\n|gen|9\n|tier|[Gen 9] OU\n|rated|\n|rule|Sleep Clause Mod: Limit one foe put to sleep\n|rule|Species Clause: Limit one of each Pok\u00e9mon\n|rule|OHKO Clause: OHKO moves are banned\n|rule|Evasion Items Clause: Evasion items are banned\n|rule|Evasion Moves Clause: Evasion moves are banned\n|rule|Endless Battle Clause: Forcing endless battles is banned\n|rule|HP Percentage Mod: HP is shown in percentages\n|clearpoke\n|poke|p1|Greninja-*, M|\n|poke|p1|Weavile, M|\n|poke|p1|Dragapult, M|\n|poke|p1|Great Tusk|\n|poke|p1|Bisharp, M|\n|poke|p1|Garchomp, M|\n|poke|p2|Kingambit, F|\n|poke|p2|Glimmora, F|\n|poke|p2|Zamazenta-*|\n|poke|p2|Iron Valiant|\n|poke|p2|Iron Moth|\n|poke|p2|Ogerpon-Wellspring, F|\n|teampreview\n|\n|t:|1701127306\n|start\n|switch|p1a: Dragapult|Dragapult, M|100\/100\n|switch|p2a: Glimmora|Glimmora, F|100\/100\n|turn|1\n|\n|t:|1701127321\n|switch|p2a: Iron Valiant|Iron Valiant|100\/100\n|-enditem|p2a: Iron Valiant|Booster Energy\n|-activate|p2a: Iron Valiant|ability: Quark Drive|[fromitem]\n|-start|p2a: Iron Valiant|quarkdrivespe\n|move|p1a: Dragapult|Light Screen|p1a: Dragapult\n|-sidestart|p1: Magnus69x|move: Light Screen\n|\n|upkeep\n|turn|2\n|\n|t:|1701127332\n|move|p2a: Iron Valiant|Moonblast|p1a: Dragapult\n|-supereffective|p1a: Dragapult\n|-damage|p1a: Dragapult|49\/100\n|-unboost|p1a: Dragapult|spa|1\n|-enditem|p1a: Dragapult|Sitrus Berry|[eat]\n|-heal|p1a: Dragapult|74\/100|[from] item: Sitrus Berry\n|move|p1a: Dragapult|Thunder Wave|p2a: Iron Valiant\n|-status|p2a: Iron Valiant|par\n|\n|upkeep\n|turn|3\n|\n|t:|1701127343\n|move|p1a: Dragapult|U-turn|p2a: Iron Valiant\n|-resisted|p2a: Iron Valiant\n|-damage|p2a: Iron Valiant|95\/100 par\n|\n|t:|1701127355\n|switch|p1a: Bisharp|Bisharp, M|100\/100|[from] U-turn\n|move|p2a: Iron Valiant|Moonblast|p1a: Bisharp\n|-damage|p1a: Bisharp|80\/100\n|\n|upkeep\n|turn|4\n|\n|t:|1701127366\n|-end|p2a: Iron Valiant|Quark Drive|[silent]\n|switch|p2a: Zamazenta|Zamazenta, shiny|100\/100\n|-ability|p2a: Zamazenta|Dauntless Shield|boost\n|-boost|p2a: Zamazenta|def|1\n|move|p1a: Bisharp|Iron Head|p2a: Zamazenta\n|-damage|p2a: Zamazenta|74\/100\n|\n|-heal|p2a: Zamazenta|80\/100|[from] item: Leftovers\n|upkeep\n|turn|5\n|\n|t:|1701127377\n|switch|p1a: Dragapult|Dragapult, M|74\/100\n|move|p2a: Zamazenta|Iron Defense|p2a: Zamazenta\n|-boost|p2a: Zamazenta|def|2\n|\n|-heal|p2a: Zamazenta|87\/100|[from] item: Leftovers\n|-sideend|p1: Magnus69x|move: Light Screen\n|upkeep\n|turn|6\n|\n|t:|1701127386\n|move|p1a: Dragapult|Reflect|p1a: Dragapult\n|-sidestart|p1: Magnus69x|Reflect\n|move|p2a: Zamazenta|Crunch|p1a: Dragapult\n|-supereffective|p1a: Dragapult\n|-damage|p1a: Dragapult|44\/100\n|\n|-heal|p2a: Zamazenta|93\/100|[from] item: Leftovers\n|upkeep\n|turn|7\n|\n|t:|1701127394\n|move|p1a: Dragapult|Thunder Wave|p2a: Zamazenta\n|-status|p2a: Zamazenta|par\n|move|p2a: Zamazenta|Crunch|p1a: Dragapult\n|-supereffective|p1a: Dragapult\n|-damage|p1a: Dragapult|13\/100\n|\n|-heal|p2a: Zamazenta|99\/100 par|[from] item: Leftovers\n|upkeep\n|turn|8\n|\n|t:|1701127404\n|move|p1a: Dragapult|U-turn|p2a: Zamazenta\n|-resisted|p2a: Zamazenta\n|-damage|p2a: Zamazenta|96\/100 par\n|\n|t:|1701127409\n|switch|p1a: Greninja|Greninja, M|100\/100|[from] U-turn\n|move|p2a: Zamazenta|Stone Edge|p1a: Greninja\n|-damage|p1a: Greninja|71\/100\n|\n|-heal|p2a: Zamazenta|100\/100 par|[from] item: Leftovers\n|upkeep\n|turn|9\n|\n|t:|1701127427\n|switch|p2a: Ogerpon|Ogerpon-Wellspring, F|100\/100\n|move|p1a: Greninja|Grass Knot|p2a: Ogerpon\n|-damage|p2a: Ogerpon|81\/100\n|\n|upkeep\n|turn|10\n|\n|t:|1701127438\n|move|p1a: Greninja|Dark Pulse|p2a: Ogerpon\n|-damage|p2a: Ogerpon|40\/100\n|cant|p2a: Ogerpon|flinch\n|\n|-sideend|p1: Magnus69x|Reflect\n|upkeep\n|turn|11\n|\n|t:|1701127445\n|move|p1a: Greninja|Dark Pulse|p2a: Ogerpon\n|-damage|p2a: Ogerpon|0 fnt\n|faint|p2a: Ogerpon\n|-ability|p1a: Greninja|Battle Bond|boost\n|-boost|p1a: Greninja|atk|1\n|-boost|p1a: Greninja|spa|1\n|-boost|p1a: Greninja|spe|1\n|-activate|p1a: Greninja|ability: Battle Bond\n|\n|upkeep\n|\n|t:|1701127463\n|switch|p2a: Iron Valiant|Iron Valiant|95\/100 par\n|turn|12\n|\n|t:|1701127477\n|-terastallize|p1a: Greninja|Water\n|move|p1a: Greninja|Water Shuriken|p2a: Iron Valiant\n|-damage|p2a: Iron Valiant|70\/100 par\n|-damage|p2a: Iron Valiant|46\/100 par\n|-hitcount|p2a: Iron Valiant|2\n|move|p2a: Iron Valiant|Hypnosis|p1a: Greninja\n|-status|p1a: Greninja|slp|[from] move: Hypnosis\n|\n|upkeep\n|turn|13\n|c|\u2606Magnus69x|Fucking shit\n|\n|t:|1701127494\n|cant|p1a: Greninja|slp\n|move|p2a: Iron Valiant|Calm Mind|p2a: Iron Valiant\n|-boost|p2a: Iron Valiant|spa|1\n|-boost|p2a: Iron Valiant|spd|1\n|\n|upkeep\n|turn|14\n|c|\u2606frogsprinter|sorry\n|\n|t:|1701127509\n|-curestatus|p1a: Greninja|slp|[msg]\n|move|p1a: Greninja|Water Shuriken|p2a: Iron Valiant\n|-damage|p2a: Iron Valiant|30\/100 par\n|-damage|p2a: Iron Valiant|14\/100 par\n|-damage|p2a: Iron Valiant|0 fnt\n|faint|p2a: Iron Valiant\n|-end|p2a: Iron Valiant|Quark Drive|[silent]\n|-hitcount|p2: Iron Valiant|3\n|\n|upkeep\n|\n|t:|1701127529\n|switch|p2a: Kingambit|Kingambit, F|100\/100\n|-activate|p2a: Kingambit|ability: Supreme Overlord\n|-start|p2a: Kingambit|fallen2|[silent]\n|turn|15\n|\n|t:|1701127540\n|move|p1a: Greninja|Water Shuriken|p2a: Kingambit\n|-damage|p2a: Kingambit|86\/100\n|-damage|p2a: Kingambit|71\/100\n|-damage|p2a: Kingambit|54\/100\n|-damage|p2a: Kingambit|39\/100\n|-crit|p2a: Kingambit\n|-damage|p2a: Kingambit|18\/100\n|-hitcount|p2a: Kingambit|5\n|move|p2a: Kingambit|Kowtow Cleave|p1a: Greninja\n|-damage|p1a: Greninja|0 fnt\n|faint|p1a: Greninja\n|\n|upkeep\n|\n|t:|1701127554\n|switch|p1a: Weavile|Weavile, M|100\/100\n|turn|16\n|\n|t:|1701127567\n|move|p1a: Weavile|Fake Out|p2a: Kingambit\n|-resisted|p2a: Kingambit\n|-damage|p2a: Kingambit|10\/100\n|-damage|p1a: Weavile|91\/100|[from] item: Life Orb\n|cant|p2a: Kingambit|flinch\n|\n|upkeep\n|turn|17\n|\n|t:|1701127574\n|move|p2a: Kingambit|Sucker Punch|p1a: Weavile\n|-resisted|p1a: Weavile\n|-damage|p1a: Weavile|36\/100\n|move|p1a: Weavile|Knock Off|p2a: Kingambit\n|-resisted|p2a: Kingambit\n|-damage|p2a: Kingambit|0 fnt\n|-enditem|p2a: Kingambit|Black Glasses|[from] move: Knock Off|[of] p1a: Weavile\n|faint|p2a: Kingambit\n|-end|p2a: Kingambit|fallen2|[silent]\n|-damage|p1a: Weavile|26\/100|[from] item: Life Orb\n|\n|upkeep\n|\n|t:|1701127583\n|switch|p2a: Glimmora|Glimmora, F|100\/100\n|turn|18\n|\n|t:|1701127588\n|move|p1a: Weavile|Knock Off|p2a: Glimmora\n|-damage|p2a: Glimmora|14\/100\n|-activate|p2a: Glimmora|ability: Toxic Debris\n|-sidestart|p1: Magnus69x|move: Toxic Spikes\n|-enditem|p2a: Glimmora|Focus Sash|[from] move: Knock Off|[of] p1a: Weavile\n|-damage|p1a: Weavile|16\/100|[from] item: Life Orb\n|move|p2a: Glimmora|Stealth Rock|p1a: Weavile\n|-sidestart|p1: Magnus69x|move: Stealth Rock\n|\n|upkeep\n|turn|19\n|\n|t:|1701127602\n|move|p1a: Weavile|Knock Off|p2a: Glimmora\n|-damage|p2a: Glimmora|0 fnt\n|-activate|p2a: Glimmora|ability: Toxic Debris\n|-sidestart|p1: Magnus69x|move: Toxic Spikes\n|faint|p2a: Glimmora\n|-damage|p1a: Weavile|7\/100|[from] item: Life Orb\n|\n|upkeep\n|\n|t:|1701127611\n|switch|p2a: Zamazenta|Zamazenta, shiny|100\/100 par\n|turn|20\n|\n|t:|1701127616\n|move|p1a: Weavile|Knock Off|p2a: Zamazenta\n|-resisted|p2a: Zamazenta\n|-damage|p2a: Zamazenta|74\/100 par\n|-enditem|p2a: Zamazenta|Leftovers|[from] move: Knock Off|[of] p1a: Weavile\n|-damage|p1a: Weavile|0 fnt|[from] item: Life Orb\n|faint|p1a: Weavile\n|move|p2a: Zamazenta|Iron Defense|p2a: Zamazenta\n|-boost|p2a: Zamazenta|def|2\n|\n|upkeep\n|\n|t:|1701127625\n|switch|p1a: Great Tusk|Great Tusk, shiny|100\/100\n|-status|p1a: Great Tusk|tox\n|-damage|p1a: Great Tusk|98\/100 tox|[from] Stealth Rock\n|turn|21\n|\n|t:|1701127636\n|move|p1a: Great Tusk|Rapid Spin|p2a: Zamazenta\n|-damage|p2a: Zamazenta|66\/100 par\n|-boost|p1a: Great Tusk|spe|1\n|-sideend|p1: Magnus69x|Toxic Spikes|[from] move: Rapid Spin|[of] p1a: Great Tusk\n|-sideend|p1: Magnus69x|Stealth Rock|[from] move: Rapid Spin|[of] p1a: Great Tusk\n|move|p2a: Zamazenta|Body Press|p1a: Great Tusk\n|-damage|p1a: Great Tusk|53\/100 tox\n|\n|-damage|p1a: Great Tusk|46\/100 tox|[from] psn\n|upkeep\n|turn|22\n|\n|t:|1701127650\n|move|p1a: Great Tusk|Close Combat|p2a: Zamazenta\n|-damage|p2a: Zamazenta|42\/100 par\n|-unboost|p1a: Great Tusk|def|1\n|-unboost|p1a: Great Tusk|spd|1\n|move|p2a: Zamazenta|Body Press|p1a: Great Tusk\n|-damage|p1a: Great Tusk|0 fnt\n|faint|p1a: Great Tusk\n|-end|p1a: Great Tusk|Protosynthesis|[silent]\n|\n|upkeep\n|\n|t:|1701127660\n|switch|p1a: Dragapult|Dragapult, M|13\/100\n|turn|23\n|\n|t:|1701127666\n|move|p1a: Dragapult|Reflect|p1a: Dragapult\n|-sidestart|p1: Magnus69x|Reflect\n|move|p2a: Zamazenta|Crunch|p1a: Dragapult\n|-supereffective|p1a: Dragapult\n|-damage|p1a: Dragapult|0 fnt\n|faint|p1a: Dragapult\n|\n|upkeep\n|\n|t:|1701127678\n|switch|p1a: OU -> UU|Garchomp, M|100\/100\n|turn|24\n|\n|t:|1701127693\n|move|p1a: OU -> UU|Earthquake|p2a: Zamazenta\n|-damage|p2a: Zamazenta|19\/100 par\n|move|p2a: Zamazenta|Body Press|p1a: OU -> UU\n|-damage|p1a: OU -> UU|68\/100\n|-damage|p2a: Zamazenta|7\/100 par|[from] ability: Rough Skin|[of] p1a: OU -> UU\n|-damage|p2a: Zamazenta|0 fnt|[from] item: Rocky Helmet|[of] p1a: OU -> UU\n|faint|p2a: Zamazenta\n|\n|upkeep\n|\n|t:|1701127702\n|switch|p2a: Iron Moth|Iron Moth|100\/100\n|-enditem|p2a: Iron Moth|Booster Energy\n|-activate|p2a: Iron Moth|ability: Quark Drive|[fromitem]\n|-start|p2a: Iron Moth|quarkdrivespe\n|turn|25\n|\n|t:|1701127712\n|-terastallize|p2a: Iron Moth|Fairy\n|move|p2a: Iron Moth|Dazzling Gleam|p1a: OU -> UU\n|-supereffective|p1a: OU -> UU\n|-damage|p1a: OU -> UU|0 fnt\n|faint|p1a: OU -> UU\n|\n|upkeep\n|\n|t:|1701127720\n|switch|p1a: Bisharp|Bisharp, M|80\/100\n|turn|26\n|\n|t:|1701127727\n|move|p2a: Iron Moth|Fiery Dance|p1a: Bisharp\n|-supereffective|p1a: Bisharp\n|-damage|p1a: Bisharp|7\/100\n|-boost|p2a: Iron Moth|spa|1\n|move|p1a: Bisharp|Iron Head|p2a: Iron Moth\n|-supereffective|p2a: Iron Moth\n|-damage|p2a: Iron Moth|0 fnt\n|faint|p2a: Iron Moth\n|-end|p2a: Iron Moth|Quark Drive|[silent]\n|\n|win|Magnus69x\n|raw|Magnus69x's rating: 1068 &rarr; <strong>1104<\/strong><br \/>(+36 for winning)\n|raw|frogsprinter's rating: 1144 &rarr; <strong>1114<\/strong><br \/>(-30 for losing)\n","uploadtime":1701127494,"views":2,"p1id":"magnus69x","p2id":"frogsprinter","formatid":"gen9ou","rating":1104,"private":0,"password":""}