{"id":"gen9ou-1993637185","p1":"Atomix2","p2":"JuneBug17","format":"[Gen 9] OU","log":"|j|\u2606Atomix2\n|j|\u2606JuneBug17\n|t:|1700340140\n|gametype|singles\n|player|p1|Atomix2|hiker-gen4|\n|player|p2|JuneBug17|steven|\n|teamsize|p1|6\n|teamsize|p2|4\n|gen|9\n|tier|[Gen 9] OU\n|rule|Sleep Clause Mod: Limit one foe put to sleep\n|rule|Species Clause: Limit one of each Pok\u00e9mon\n|rule|OHKO Clause: OHKO moves are banned\n|rule|Evasion Items Clause: Evasion items are banned\n|rule|Evasion Moves Clause: Evasion moves are banned\n|rule|Endless Battle Clause: Forcing endless battles is banned\n|rule|HP Percentage Mod: HP is shown in percentages\n|clearpoke\n|poke|p1|Moltres|\n|poke|p1|Landorus-Therian, M|\n|poke|p1|Gastrodon, M|\n|poke|p1|Zapdos-Galar|\n|poke|p1|Dragonite, F|\n|poke|p1|Ogerpon-Wellspring, F|\n|poke|p2|Weavile, F|\n|poke|p2|Meowscarada, F|\n|poke|p2|Gholdengo|\n|poke|p2|Rotom-Wash|\n|teampreview\n|j| guzmfran\n|c|\u2606Atomix2|good luck,lets have fun\n|c|\u2606JuneBug17|same to you\n|j| GodEater55\n|j| MrBearmanchild\n|\n|t:|1700340190\n|start\n|switch|p1a: Landorus|Landorus-Therian, M|100\/100\n|switch|p2a: Rotom|Rotom-Wash, shiny|100\/100\n|-ability|p1a: Landorus|Intimidate|boost\n|-unboost|p2a: Rotom|atk|1\n|turn|1\n|\n|t:|1700340210\n|move|p1a: Landorus|U-turn|p2a: Rotom\n|-damage|p2a: Rotom|78\/100\n|\n|t:|1700340214\n|switch|p1a: Phil|Gastrodon, M|100\/100|[from] U-turn\n|move|p2a: Rotom|Will-O-Wisp|p1a: Phil\n|-status|p1a: Phil|brn\n|\n|-heal|p2a: Rotom|84\/100|[from] item: Leftovers\n|-damage|p1a: Phil|94\/100 brn|[from] brn\n|upkeep\n|turn|2\n|\n|t:|1700340262\n|move|p2a: Rotom|Protect|p2a: Rotom\n|-singleturn|p2a: Rotom|Protect\n|move|p1a: Phil|Stealth Rock|p2a: Rotom\n|-sidestart|p2: JuneBug17|move: Stealth Rock\n|\n|-heal|p2a: Rotom|90\/100|[from] item: Leftovers\n|-heal|p1a: Phil|100\/100 brn|[from] item: Leftovers\n|-damage|p1a: Phil|94\/100 brn|[from] brn\n|upkeep\n|turn|3\n|\n|t:|1700340279\n|switch|p2a: Meowscarada|Meowscarada, F, shiny|100\/100\n|-damage|p2a: Meowscarada|88\/100|[from] Stealth Rock\n|move|p1a: Phil|Sludge Bomb|p2a: Meowscarada\n|-supereffective|p2a: Meowscarada\n|-damage|p2a: Meowscarada|32\/100\n|\n|-heal|p1a: Phil|100\/100 brn|[from] item: Leftovers\n|-damage|p1a: Phil|94\/100 brn|[from] brn\n|upkeep\n|turn|4\n|\n|t:|1700340327\n|switch|p1a: Zapdos|Zapdos-Galar|100\/100\n|move|p2a: Meowscarada|Knock Off|p1a: Zapdos\n|-start|p2a: Meowscarada|typechange|Dark|[from] ability: Protean\n|-resisted|p1a: Zapdos\n|-damage|p1a: Zapdos|65\/100\n|-enditem|p1a: Zapdos|Choice Scarf|[from] move: Knock Off|[of] p2a: Meowscarada\n|\n|upkeep\n|turn|5\n|j| Notgeeta101\n|\n|t:|1700340341\n|switch|p2a: Rotom|Rotom-Wash, shiny|90\/100\n|-damage|p2a: Rotom|78\/100|[from] Stealth Rock\n|move|p1a: Zapdos|U-turn|p2a: Rotom\n|-damage|p2a: Rotom|59\/100\n|\n|t:|1700340351\n|switch|p1a: Landorus|Landorus-Therian, M|100\/100|[from] U-turn\n|-ability|p1a: Landorus|Intimidate|boost\n|-unboost|p2a: Rotom|atk|1\n|\n|-heal|p2a: Rotom|65\/100|[from] item: Leftovers\n|upkeep\n|turn|6\n|\n|t:|1700340369\n|move|p2a: Rotom|Protect|p2a: Rotom\n|-singleturn|p2a: Rotom|Protect\n|move|p1a: Landorus|U-turn|p2a: Rotom\n|-activate|p2a: Rotom|move: Protect\n|\n|-heal|p2a: Rotom|70\/100|[from] item: Leftovers\n|upkeep\n|turn|7\n|l| guzmfran\n|j| guzmfran\n|\n|t:|1700340384\n|move|p1a: Landorus|U-turn|p2a: Rotom\n|-damage|p2a: Rotom|47\/100\n|\n|t:|1700340387\n|switch|p1a: Phil|Gastrodon, M|94\/100 brn|[from] U-turn\n|move|p2a: Rotom|Volt Switch|p1a: Phil\n|-immune|p1a: Phil\n|\n|-heal|p2a: Rotom|53\/100|[from] item: Leftovers\n|-heal|p1a: Phil|100\/100 brn|[from] item: Leftovers\n|-damage|p1a: Phil|94\/100 brn|[from] brn\n|upkeep\n|turn|8\n|\n|t:|1700340446\n|switch|p2a: Gholdengo|Gholdengo|100\/100\n|-damage|p2a: Gholdengo|94\/100|[from] Stealth Rock\n|move|p1a: Phil|Sludge Bomb|p2a: Gholdengo\n|-immune|p2a: Gholdengo\n|\n|-heal|p1a: Phil|100\/100 brn|[from] item: Leftovers\n|-damage|p1a: Phil|94\/100 brn|[from] brn\n|upkeep\n|turn|9\n|\n|t:|1700340456\n|move|p2a: Gholdengo|Trick|p1a: Phil\n|-activate|p2a: Gholdengo|move: Trick|[of] p1a: Phil\n|-item|p1a: Phil|Choice Scarf|[from] move: Trick\n|-item|p2a: Gholdengo|Leftovers|[from] move: Trick\n|move|p1a: Phil|Earth Power|p2a: Gholdengo\n|-supereffective|p2a: Gholdengo\n|-damage|p2a: Gholdengo|36\/100\n|\n|-heal|p2a: Gholdengo|42\/100|[from] item: Leftovers\n|-damage|p1a: Phil|88\/100 brn|[from] brn\n|upkeep\n|turn|10\n|\n|t:|1700340477\n|switch|p2a: Meowscarada|Meowscarada, F, shiny|32\/100\n|-damage|p2a: Meowscarada|20\/100|[from] Stealth Rock\n|switch|p1a: Dragonite|Dragonite, F|100\/100\n|\n|upkeep\n|turn|11\n|l| GodEater55\n|j| GodEater55\n|\n|t:|1700340559\n|move|p2a: Meowscarada|Knock Off|p1a: Dragonite\n|-start|p2a: Meowscarada|typechange|Dark|[from] ability: Protean\n|-damage|p1a: Dragonite|61\/100\n|-enditem|p1a: Dragonite|Lum Berry|[from] move: Knock Off|[of] p2a: Meowscarada\n|move|p1a: Dragonite|Dragon Dance|p1a: Dragonite\n|-boost|p1a: Dragonite|atk|1\n|-boost|p1a: Dragonite|spe|1\n|\n|upkeep\n|turn|12\n|\n|t:|1700340589\n|switch|p2a: Rotom|Rotom-Wash, shiny|53\/100\n|-damage|p2a: Rotom|40\/100|[from] Stealth Rock\n|move|p1a: Dragonite|Earthquake|p2a: Rotom\n|-immune|p2a: Rotom|[from] ability: Levitate\n|\n|-heal|p2a: Rotom|46\/100|[from] item: Leftovers\n|upkeep\n|turn|13\n|\n|t:|1700340612\n|-terastallize|p2a: Rotom|Ghost\n|move|p1a: Dragonite|Outrage|p2a: Rotom\n|-crit|p2a: Rotom\n|-damage|p2a: Rotom|0 fnt\n|faint|p2a: Rotom\n|\n|upkeep\n|j| Rokaithewolf\n|\n|t:|1700340684\n|switch|p2a: Weavile|Weavile, F|100\/100\n|-damage|p2a: Weavile|76\/100|[from] Stealth Rock\n|-ability|p2a: Weavile|Pressure\n|turn|14\n|\n|t:|1700340694\n|move|p1a: Dragonite|Outrage|p2a: Weavile|[from]lockedmove\n|-damage|p2a: Weavile|0 fnt\n|faint|p2a: Weavile\n|\n|upkeep\n|\n|t:|1700340718\n|switch|p2a: Gholdengo|Gholdengo|42\/100\n|-damage|p2a: Gholdengo|36\/100|[from] Stealth Rock\n|turn|15\n|\n|t:|1700340729\n|move|p1a: Dragonite|Outrage|p2a: Gholdengo|[from]lockedmove\n|-resisted|p2a: Gholdengo\n|-damage|p2a: Gholdengo|0 fnt\n|faint|p2a: Gholdengo\n|-start|p1a: Dragonite|confusion|[fatigue]\n|\n|upkeep\n|\n|t:|1700340735\n|switch|p2a: Meowscarada|Meowscarada, F, shiny|20\/100\n|-damage|p2a: Meowscarada|8\/100|[from] Stealth Rock\n|turn|16\n|\n|t:|1700340742\n|-activate|p1a: Dragonite|confusion\n|move|p1a: Dragonite|Earthquake|p2a: Meowscarada\n|-resisted|p2a: Meowscarada\n|-damage|p2a: Meowscarada|0 fnt\n|faint|p2a: Meowscarada\n|\n|win|Atomix2\n|c|\u2606JuneBug17|gg\n|c|\u2606Atomix2|gg\n|l| Notgeeta101\n","uploadtime":1700340749,"views":42,"p1id":"atomix2","p2id":"junebug17","formatid":"gen9ou","rating":0,"private":0,"password":""}