{"id":"gen9ou-1994990363","p1":"Fun trading","p2":"SDK04","format":"[Gen 9] OU","log":"|j|\u2606Fun trading\n|j|\u2606SDK04\n|inactive|Battle timer is ON: inactive players will automatically lose when time's up.\n|t:|1700511107\n|gametype|singles\n|player|p1|Fun trading|carmine|\n|player|p2|SDK04|unknown|\n|teamsize|p1|6\n|teamsize|p2|6\n|gen|9\n|tier|[Gen 9] OU\n|rated|Tournament battle\n|rule|Sleep Clause Mod: Limit one foe put to sleep\n|rule|Species Clause: Limit one of each Pok\u00e9mon\n|rule|OHKO Clause: OHKO moves are banned\n|rule|Evasion Items Clause: Evasion items are banned\n|rule|Evasion Moves Clause: Evasion moves are banned\n|rule|Endless Battle Clause: Forcing endless battles is banned\n|rule|HP Percentage Mod: HP is shown in percentages\n|clearpoke\n|poke|p1|Breloom, M|\n|poke|p1|Samurott-Hisui, M|\n|poke|p1|Great Tusk|\n|poke|p1|Gholdengo|\n|poke|p1|Zapdos|\n|poke|p1|Slowking-Galar, M|\n|poke|p2|Ribombee, M|\n|poke|p2|Torterra, M|\n|poke|p2|Rillaboom, F|\n|poke|p2|Iron Moth|\n|poke|p2|Manaphy|\n|poke|p2|Gholdengo|\n|teampreview\n|j| Idomenee\n|\n|t:|1700511130\n|start\n|switch|p1a: Gholdengo|Gholdengo|100\/100\n|switch|p2a: I set Sticky Web|Ribombee, M, shiny|100\/100\n|turn|1\n|\n|t:|1700511135\n|move|p1a: Gholdengo|Shadow Ball|p2a: I set Sticky Web\n|-damage|p2a: I set Sticky Web|25\/100\n|move|p2a: I set Sticky Web|Moonblast|p1a: Gholdengo\n|-resisted|p1a: Gholdengo\n|-damage|p1a: Gholdengo|76\/100\n|\n|upkeep\n|turn|2\n|\n|t:|1700511140\n|switch|p2a: Dyson|Iron Moth|100\/100\n|-enditem|p2a: Dyson|Booster Energy\n|-activate|p2a: Dyson|ability: Quark Drive|[fromitem]\n|-start|p2a: Dyson|quarkdrivespa\n|move|p1a: Gholdengo|Shadow Ball|p2a: Dyson\n|-damage|p2a: Dyson|58\/100\n|\n|upkeep\n|turn|3\n|\n|t:|1700511145\n|switch|p1a: Samurott|Samurott-Hisui, M|100\/100\n|move|p2a: Dyson|Fiery Dance|p1a: Samurott\n|-resisted|p1a: Samurott\n|-damage|p1a: Samurott|75\/100\n|\n|upkeep\n|turn|4\n|\n|t:|1700511152\n|move|p2a: Dyson|Sludge Wave|p1a: Samurott\n|-damage|p1a: Samurott|14\/100\n|move|p1a: Samurott|Ceaseless Edge|p2a: Dyson\n|-damage|p2a: Dyson|0 fnt\n|-sidestart|p2: SDK04|Spikes\n|faint|p2a: Dyson\n|-end|p2a: Dyson|Quark Drive|[silent]\n|\n|upkeep\n|\n|t:|1700511160\n|switch|p2a: I set Sticky Web|Ribombee, M, shiny|25\/100\n|-damage|p2a: I set Sticky Web|12\/100|[from] Spikes\n|turn|5\n|\n|t:|1700511165\n|move|p2a: I set Sticky Web|Sticky Web|p1a: Samurott\n|-sidestart|p1: Fun trading|move: Sticky Web\n|move|p1a: Samurott|Ceaseless Edge|p2a: I set Sticky Web\n|-resisted|p2a: I set Sticky Web\n|-damage|p2a: I set Sticky Web|0 fnt\n|-sidestart|p2: SDK04|Spikes\n|faint|p2a: I set Sticky Web\n|\n|upkeep\n|\n|t:|1700511187\n|switch|p2a: Nature\u2019s Nuke|Rillaboom, F|100\/100\n|-damage|p2a: Nature\u2019s Nuke|84\/100|[from] Spikes\n|-fieldstart|move: Grassy Terrain|[from] ability: Grassy Surge|[of] p2a: Nature\u2019s Nuke\n|turn|6\n|\n|t:|1700511192\n|move|p2a: Nature\u2019s Nuke|Swords Dance|p2a: Nature\u2019s Nuke\n|-boost|p2a: Nature\u2019s Nuke|atk|2\n|move|p1a: Samurott|Ceaseless Edge|p2a: Nature\u2019s Nuke\n|-damage|p2a: Nature\u2019s Nuke|30\/100\n|-sidestart|p2: SDK04|Spikes\n|\n|-heal|p2a: Nature\u2019s Nuke|37\/100|[from] Grassy Terrain\n|-heal|p1a: Samurott|21\/100|[from] Grassy Terrain\n|upkeep\n|turn|7\n|\n|t:|1700511200\n|move|p2a: Nature\u2019s Nuke|Grassy Glide|p1a: Samurott\n|-supereffective|p1a: Samurott\n|-damage|p1a: Samurott|0 fnt\n|faint|p1a: Samurott\n|\n|-heal|p2a: Nature\u2019s Nuke|43\/100|[from] Grassy Terrain\n|upkeep\n|\n|t:|1700511206\n|switch|p1a: Zapdos|Zapdos|100\/100\n|turn|8\n|\n|t:|1700511209\n|move|p2a: Nature\u2019s Nuke|Wood Hammer|p1a: Zapdos\n|-resisted|p1a: Zapdos\n|-damage|p1a: Zapdos|0 fnt\n|-status|p2a: Nature\u2019s Nuke|par|[from] ability: Static|[of] p1a: Zapdos\n|faint|p1a: Zapdos\n|-damage|p2a: Nature\u2019s Nuke|6\/100 par|[from] Recoil\n|\n|-heal|p2a: Nature\u2019s Nuke|12\/100 par|[from] Grassy Terrain\n|upkeep\n|c|\u2606SDK04|There\u2019s a reason why I named it that\n|inactive|Fun trading has 120 seconds left.\n|\n|t:|1700511244\n|switch|p1a: Gholdengo|Gholdengo|76\/100\n|-activate|p1a: Gholdengo|move: Sticky Web\n|-unboost|p1a: Gholdengo|spe|1\n|turn|9\n|\n|t:|1700511252\n|move|p2a: Nature\u2019s Nuke|Grassy Glide|p1a: Gholdengo\n|-resisted|p1a: Gholdengo\n|-damage|p1a: Gholdengo|24\/100\n|move|p1a: Gholdengo|Shadow Ball|p2a: Nature\u2019s Nuke\n|-damage|p2a: Nature\u2019s Nuke|0 fnt\n|faint|p2a: Nature\u2019s Nuke\n|\n|-heal|p1a: Gholdengo|30\/100|[from] Grassy Terrain\n|upkeep\n|\n|t:|1700511261\n|switch|p2a: click button \u2192 win|Manaphy, shiny|100\/100\n|-damage|p2a: click button \u2192 win|75\/100|[from] Spikes\n|turn|10\n|\n|t:|1700511276\n|move|p1a: Gholdengo|Shadow Ball|p2a: click button \u2192 win\n|-damage|p2a: click button \u2192 win|40\/100\n|move|p2a: click button \u2192 win|Surf|p1a: Gholdengo\n|-damage|p1a: Gholdengo|0 fnt\n|faint|p1a: Gholdengo\n|\n|-heal|p2a: click button \u2192 win|47\/100|[from] Grassy Terrain\n|-heal|p2a: click button \u2192 win|53\/100|[from] item: Leftovers\n|-fieldend|move: Grassy Terrain\n|upkeep\n|\n|t:|1700511288\n|switch|p1a: Breloom|Breloom, M|100\/100\n|-activate|p1a: Breloom|move: Sticky Web\n|-unboost|p1a: Breloom|spe|1\n|turn|11\n|\n|t:|1700511290\n|move|p2a: click button \u2192 win|Ice Beam|p1a: Breloom\n|-supereffective|p1a: Breloom\n|-damage|p1a: Breloom|0 fnt\n|faint|p1a: Breloom\n|\n|-heal|p2a: click button \u2192 win|59\/100|[from] item: Leftovers\n|upkeep\n|\n|t:|1700511295\n|switch|p1a: Slowking|Slowking-Galar, M|100\/100\n|turn|12\n|\n|t:|1700511299\n|move|p2a: click button \u2192 win|Tail Glow|p2a: click button \u2192 win\n|-boost|p2a: click button \u2192 win|spa|3\n|move|p1a: Slowking|Future Sight|p2a: click button \u2192 win\n|-start|p1a: Slowking|move: Future Sight\n|\n|-heal|p2a: click button \u2192 win|65\/100|[from] item: Leftovers\n|upkeep\n|turn|13\n|\n|t:|1700511301\n|move|p2a: click button \u2192 win|Tail Glow|p2a: click button \u2192 win\n|-boost|p2a: click button \u2192 win|spa|3\n|move|p1a: Slowking|Thunder Wave|p2a: click button \u2192 win\n|-status|p2a: click button \u2192 win|par\n|\n|-heal|p2a: click button \u2192 win|72\/100 par|[from] item: Leftovers\n|upkeep\n|turn|14\n|\n|t:|1700511307\n|move|p2a: click button \u2192 win|Surf|p1a: Slowking\n|-damage|p1a: Slowking|2\/100\n|move|p1a: Slowking|Toxic Spikes|p2a: click button \u2192 win\n|-sidestart|p2: SDK04|move: Toxic Spikes\n|\n|-end|p2a: click button \u2192 win|move: Future Sight\n|-damage|p2a: click button \u2192 win|29\/100 par\n|-heal|p2a: click button \u2192 win|36\/100 par|[from] item: Leftovers\n|upkeep\n|turn|15\n|\n|t:|1700511310\n|move|p2a: click button \u2192 win|Surf|p1a: Slowking\n|-damage|p1a: Slowking|0 fnt\n|faint|p1a: Slowking\n|\n|-heal|p2a: click button \u2192 win|42\/100 par|[from] item: Leftovers\n|upkeep\n|\n|t:|1700511314\n|switch|p1a: Great Tusk|Great Tusk|100\/100\n|-activate|p1a: Great Tusk|move: Sticky Web\n|-unboost|p1a: Great Tusk|spe|1\n|turn|16\n|\n|t:|1700511323\n|move|p1a: Great Tusk|Earthquake|p2a: click button \u2192 win\n|-damage|p2a: click button \u2192 win|0 fnt\n|faint|p2a: click button \u2192 win\n|\n|upkeep\n|\n|t:|1700511330\n|switch|p2a: Deku|Torterra, M|100\/100\n|-damage|p2a: Deku|76\/100|[from] Spikes\n|-status|p2a: Deku|psn\n|turn|17\n|\n|t:|1700511340\n|move|p2a: Deku|Wood Hammer|p1a: Great Tusk\n|-supereffective|p1a: Great Tusk\n|-damage|p1a: Great Tusk|44\/100\n|-damage|p2a: Deku|51\/100 psn|[from] Recoil\n|move|p1a: Great Tusk|Knock Off|p2a: Deku\n|-damage|p2a: Deku|22\/100 psn\n|-enditem|p2a: Deku|White Herb|[from] move: Knock Off|[of] p1a: Great Tusk\n|\n|-heal|p1a: Great Tusk|50\/100|[from] item: Leftovers\n|-damage|p2a: Deku|10\/100 psn|[from] psn\n|upkeep\n|turn|18\n|c|\u2606SDK04|gg\n|\n|t:|1700511346\n|-terastallize|p1a: Great Tusk|Water\n|move|p2a: Deku|Wood Hammer|p1a: Great Tusk\n|-supereffective|p1a: Great Tusk\n|-damage|p1a: Great Tusk|0 fnt\n|faint|p1a: Great Tusk\n|-end|p1a: Great Tusk|Protosynthesis|[silent]\n|-damage|p2a: Deku|0 fnt|[from] Recoil\n|faint|p2a: Deku\n|\n|win|SDK04\n|n|\u2606Fun trading|funtrading\n|n|\u2606SDK04|sdk04\n|n| Idomenee|idomenee\n|c|\u2606SDK04|wp\n|l|\u2606Fun trading\n|c|\u2606SDK04|detroit smash lmao\n","uploadtime":1700511361,"views":5,"p1id":"funtrading","p2id":"sdk04","formatid":"gen9ou","rating":0,"private":0,"password":""}