{"id":"gen9ou-1988795846","p1":"swumpy mumpus","p2":"iron tusk 69","format":"[Gen 9] OU","log":"|j|\u2606swumpy mumpus\n|j|\u2606iron tusk 69\n|t:|1699764331\n|gametype|singles\n|player|p1|swumpy mumpus|1|1584\n|player|p2|iron tusk 69|biker-gen4|1566\n|teamsize|p1|6\n|teamsize|p2|6\n|gen|9\n|tier|[Gen 9] OU\n|rated|\n|rule|Sleep Clause Mod: Limit one foe put to sleep\n|rule|Species Clause: Limit one of each Pok\u00e9mon\n|rule|OHKO Clause: OHKO moves are banned\n|rule|Evasion Items Clause: Evasion items are banned\n|rule|Evasion Moves Clause: Evasion moves are banned\n|rule|Endless Battle Clause: Forcing endless battles is banned\n|rule|HP Percentage Mod: HP is shown in percentages\n|clearpoke\n|poke|p1|Great Tusk|\n|poke|p1|Greninja-*, M|\n|poke|p1|Rillaboom, F|\n|poke|p1|Dragapult, F|\n|poke|p1|Fezandipiti, M|\n|poke|p1|Zapdos|\n|poke|p2|Ninetales-Alola, M|\n|poke|p2|Ogerpon-Wellspring, F|\n|poke|p2|Kingambit, M|\n|poke|p2|Iron Valiant|\n|poke|p2|Gholdengo|\n|poke|p2|Gliscor, F|\n|teampreview\n|inactive|Battle timer is ON: inactive players will automatically lose when time's up. (requested by iron tusk 69)\n|j| OMG WEMBANYAMA\n|\n|t:|1699764338\n|start\n|switch|p1a: Fezandipiti|Fezandipiti, M|100\/100\n|switch|p2a: It's Ogre|Ogerpon-Wellspring, F|100\/100\n|turn|1\n|\n|t:|1699764345\n|move|p2a: It's Ogre|Ivy Cudgel|p1a: Fezandipiti\n|-damage|p1a: Fezandipiti|46\/100\n|move|p1a: Fezandipiti|U-turn|p2a: It's Ogre\n|-supereffective|p2a: It's Ogre\n|-damage|p2a: It's Ogre|66\/100\n|-status|p2a: It's Ogre|tox|[from] ability: Toxic Chain|[of] p1a: Fezandipiti\n|\n|t:|1699764349\n|switch|p1a: Dragapult|Dragapult, F|100\/100|[from] U-turn\n|\n|-damage|p2a: It's Ogre|60\/100 tox|[from] psn\n|upkeep\n|turn|2\n|\n|t:|1699764351\n|move|p1a: Dragapult|Substitute|p1a: Dragapult\n|-start|p1a: Dragapult|Substitute\n|-damage|p1a: Dragapult|76\/100\n|move|p2a: It's Ogre|Knock Off|p1a: Dragapult\n|-supereffective|p1a: Dragapult\n|-end|p1a: Dragapult|Substitute\n|\n|-heal|p1a: Dragapult|82\/100|[from] item: Leftovers\n|-damage|p2a: It's Ogre|48\/100 tox|[from] psn\n|upkeep\n|turn|3\n|\n|t:|1699764356\n|move|p1a: Dragapult|Hex|p2a: It's Ogre\n|-damage|p2a: It's Ogre|0 fnt\n|faint|p2a: It's Ogre\n|\n|-heal|p1a: Dragapult|88\/100|[from] item: Leftovers\n|upkeep\n|\n|t:|1699764365\n|switch|p2a: Ogregone|Iron Valiant|100\/100\n|-enditem|p2a: Ogregone|Booster Energy\n|-activate|p2a: Ogregone|ability: Quark Drive|[fromitem]\n|-start|p2a: Ogregone|quarkdrivespe\n|turn|4\n|\n|t:|1699764373\n|switch|p1a: Zapdos|Zapdos|100\/100\n|move|p2a: Ogregone|Calm Mind|p2a: Ogregone\n|-boost|p2a: Ogregone|spa|1\n|-boost|p2a: Ogregone|spd|1\n|\n|upkeep\n|turn|5\n|\n|t:|1699764375\n|move|p2a: Ogregone|Moonblast|p1a: Zapdos\n|-damage|p1a: Zapdos|28\/100\n|-unboost|p1a: Zapdos|spa|1\n|move|p1a: Zapdos|Hurricane|p2a: Ogregone\n|-supereffective|p2a: Ogregone\n|-damage|p2a: Ogregone|26\/100\n|\n|upkeep\n|turn|6\n|\n|t:|1699764380\n|move|p2a: Ogregone|Moonblast|p1a: Zapdos\n|-damage|p1a: Zapdos|0 fnt\n|faint|p1a: Zapdos\n|\n|upkeep\n|j|+Shellnuts\n|\n|t:|1699764383\n|switch|p1a: Rillaboom|Rillaboom, F|100\/100\n|-fieldstart|move: Grassy Terrain|[from] ability: Grassy Surge|[of] p1a: Rillaboom\n|turn|7\n|\n|t:|1699764388\n|-end|p2a: Ogregone|Quark Drive|[silent]\n|switch|p2a: 69tales|Ninetales-Alola, M|100\/100\n|-weather|Snow|[from] ability: Snow Warning|[of] p2a: 69tales\n|move|p1a: Rillaboom|Grassy Glide|p2a: 69tales\n|-damage|p2a: 69tales|52\/100\n|\n|-weather|Snow|[upkeep]\n|-heal|p2a: 69tales|58\/100|[from] Grassy Terrain\n|upkeep\n|turn|8\n|\n|t:|1699764393\n|-terastallize|p1a: Rillaboom|Grass\n|move|p1a: Rillaboom|Grassy Glide|p2a: 69tales\n|-damage|p2a: 69tales|0 fnt\n|faint|p2a: 69tales\n|\n|-weather|Snow|[upkeep]\n|upkeep\n|\n|t:|1699764399\n|switch|p2a: It's Balanced|Gholdengo|100\/100\n|-item|p2a: It's Balanced|Air Balloon\n|turn|9\n|\n|t:|1699764413\n|move|p1a: Rillaboom|Grassy Glide|p2a: It's Balanced\n|-resisted|p2a: It's Balanced\n|-damage|p2a: It's Balanced|58\/100\n|-enditem|p2a: It's Balanced|Air Balloon\n|move|p2a: It's Balanced|Nasty Plot|p2a: It's Balanced\n|-boost|p2a: It's Balanced|spa|2\n|\n|-weather|Snow|[upkeep]\n|-heal|p2a: It's Balanced|64\/100|[from] Grassy Terrain\n|upkeep\n|turn|10\n|\n|t:|1699764425\n|switch|p1a: Greninja|Greninja, M|100\/100\n|move|p2a: It's Balanced|Focus Blast|p1a: Greninja\n|-supereffective|p1a: Greninja\n|-damage|p1a: Greninja|0 fnt\n|faint|p1a: Greninja\n|\n|-weather|Snow|[upkeep]\n|-heal|p2a: It's Balanced|70\/100|[from] Grassy Terrain\n|upkeep\n|\n|t:|1699764430\n|switch|p1a: Great Tusk|Great Tusk, shiny|100\/100\n|turn|11\n|\n|t:|1699764434\n|move|p1a: Great Tusk|Headlong Rush|p2a: It's Balanced\n|-supereffective|p2a: It's Balanced\n|-damage|p2a: It's Balanced|0 fnt\n|-unboost|p1a: Great Tusk|def|1\n|-unboost|p1a: Great Tusk|spd|1\n|faint|p2a: It's Balanced\n|\n|-weather|none\n|-fieldend|move: Grassy Terrain\n|upkeep\n|\n|t:|1699764440\n|switch|p2a: Ogregone|Iron Valiant|26\/100\n|turn|12\n|\n|t:|1699764446\n|-end|p1a: Great Tusk|Protosynthesis|[silent]\n|switch|p1a: Fezandipiti|Fezandipiti, M|46\/100\n|move|p2a: Ogregone|Moonblast|p1a: Fezandipiti\n|-resisted|p1a: Fezandipiti\n|-damage|p1a: Fezandipiti|32\/100\n|\n|upkeep\n|turn|13\n|l|+Shellnuts\n|\n|t:|1699764462\n|move|p2a: Ogregone|Thunderbolt|p1a: Fezandipiti\n|-damage|p1a: Fezandipiti|13\/100\n|move|p1a: Fezandipiti|Roost|p1a: Fezandipiti\n|-heal|p1a: Fezandipiti|63\/100\n|-singleturn|p1a: Fezandipiti|move: Roost\n|\n|upkeep\n|turn|14\n|\n|t:|1699764466\n|move|p2a: Ogregone|Encore|p1a: Fezandipiti\n|-start|p1a: Fezandipiti|Encore\n|move|p1a: Fezandipiti|Roost|p1a: Fezandipiti\n|-heal|p1a: Fezandipiti|100\/100\n|-singleturn|p1a: Fezandipiti|move: Roost\n|\n|upkeep\n|turn|15\n|\n|t:|1699764469\n|switch|p1a: Rillaboom|Rillaboom, F, tera:Grass|100\/100\n|-fieldstart|move: Grassy Terrain|[from] ability: Grassy Surge|[of] p1a: Rillaboom\n|move|p2a: Ogregone|Calm Mind|p2a: Ogregone\n|-boost|p2a: Ogregone|spa|1\n|-boost|p2a: Ogregone|spd|1\n|\n|-heal|p2a: Ogregone|32\/100|[from] Grassy Terrain\n|upkeep\n|turn|16\n|j| jdbysjwwh\n|\n|t:|1699764473\n|move|p1a: Rillaboom|Grassy Glide|p2a: Ogregone\n|-crit|p2a: Ogregone\n|-damage|p2a: Ogregone|0 fnt\n|faint|p2a: Ogregone\n|-end|p2a: Ogregone|Quark Drive|[silent]\n|\n|upkeep\n|\n|t:|1699764479\n|switch|p2a: Rigged Suspect|Kingambit, M|100\/100\n|-activate|p2a: Rigged Suspect|ability: Supreme Overlord\n|-start|p2a: Rigged Suspect|fallen4|[silent]\n|turn|17\n|\n|t:|1699764484\n|switch|p1a: Fezandipiti|Fezandipiti, M|100\/100\n|move|p2a: Rigged Suspect|Kowtow Cleave|p1a: Fezandipiti\n|-resisted|p1a: Fezandipiti\n|-damage|p1a: Fezandipiti|72\/100\n|\n|-heal|p1a: Fezandipiti|78\/100|[from] Grassy Terrain\n|upkeep\n|turn|18\n|\n|t:|1699764487\n|-end|p2a: Rigged Suspect|fallen4|[silent]\n|switch|p2a: Himiko|Gliscor, F|100\/100\n|move|p1a: Fezandipiti|Heat Wave|p2a: Himiko\n|-damage|p2a: Himiko|79\/100\n|\n|-heal|p1a: Fezandipiti|84\/100|[from] Grassy Terrain\n|-status|p2a: Himiko|tox|[from] item: Toxic Orb\n|upkeep\n|turn|19\n|\n|t:|1699764500\n|move|p2a: Himiko|Agility|p2a: Himiko\n|-boost|p2a: Himiko|spe|2\n|move|p1a: Fezandipiti|U-turn|p2a: Himiko\n|-resisted|p2a: Himiko\n|-damage|p2a: Himiko|73\/100 tox\n|\n|t:|1699764504\n|switch|p1a: Great Tusk|Great Tusk, shiny|100\/100|[from] U-turn\n|\n|-heal|p2a: Himiko|85\/100 tox|[from] ability: Poison Heal\n|-fieldend|move: Grassy Terrain\n|upkeep\n|turn|20\n|\n|t:|1699764509\n|-terastallize|p2a: Himiko|Flying\n|move|p2a: Himiko|Swords Dance|p2a: Himiko\n|-boost|p2a: Himiko|atk|2\n|move|p1a: Great Tusk|Ice Spinner|p2a: Himiko\n|-supereffective|p2a: Himiko\n|-damage|p2a: Himiko|34\/100 tox\n|\n|-heal|p2a: Himiko|47\/100 tox|[from] ability: Poison Heal\n|upkeep\n|turn|21\n|\n|t:|1699764526\n|move|p2a: Himiko|Dual Wingbeat|p1a: Great Tusk\n|-supereffective|p1a: Great Tusk\n|-damage|p1a: Great Tusk|28\/100\n|-supereffective|p1a: Great Tusk\n|-damage|p1a: Great Tusk|0 fnt\n|faint|p1a: Great Tusk\n|-end|p1a: Great Tusk|Protosynthesis|[silent]\n|-hitcount|p1: Great Tusk|2\n|\n|-heal|p2a: Himiko|59\/100 tox|[from] ability: Poison Heal\n|upkeep\n|inactive|swumpy mumpus has 120 seconds left.\n|\n|t:|1699764546\n|switch|p1a: Fezandipiti|Fezandipiti, M|84\/100\n|turn|22\n|\n|t:|1699764551\n|move|p2a: Himiko|Earthquake|p1a: Fezandipiti\n|-supereffective|p1a: Fezandipiti\n|-damage|p1a: Fezandipiti|0 fnt\n|faint|p1a: Fezandipiti\n|\n|-heal|p2a: Himiko|72\/100 tox|[from] ability: Poison Heal\n|upkeep\n|\n|t:|1699764557\n|switch|p1a: Rillaboom|Rillaboom, F, tera:Grass|100\/100\n|-fieldstart|move: Grassy Terrain|[from] ability: Grassy Surge|[of] p1a: Rillaboom\n|turn|23\n|\n|t:|1699764563\n|move|p1a: Rillaboom|Grassy Glide|p2a: Himiko\n|-resisted|p2a: Himiko\n|-damage|p2a: Himiko|38\/100 tox\n|move|p2a: Himiko|Dual Wingbeat|p1a: Rillaboom\n|-supereffective|p1a: Rillaboom\n|-damage|p1a: Rillaboom|0 fnt\n|faint|p1a: Rillaboom\n|-hitcount|p1: Rillaboom|1\n|\n|-heal|p2a: Himiko|50\/100 tox|[from] ability: Poison Heal\n|upkeep\n|\n|t:|1699764566\n|switch|p1a: Dragapult|Dragapult, F|88\/100\n|turn|24\n|\n|t:|1699764588\n|move|p2a: Himiko|Earthquake|p1a: Dragapult\n|-damage|p1a: Dragapult|19\/100\n|move|p1a: Dragapult|Hex|p2a: Himiko\n|-damage|p2a: Himiko|0 fnt\n|faint|p2a: Himiko\n|\n|-heal|p1a: Dragapult|25\/100|[from] Grassy Terrain\n|-heal|p1a: Dragapult|31\/100|[from] item: Leftovers\n|upkeep\n|\n|t:|1699764591\n|switch|p2a: Rigged Suspect|Kingambit, M|100\/100\n|-activate|p2a: Rigged Suspect|ability: Supreme Overlord\n|-start|p2a: Rigged Suspect|fallen5|[silent]\n|turn|25\n|\n|t:|1699764594\n|move|p1a: Dragapult|Will-O-Wisp|p2a: Rigged Suspect\n|-status|p2a: Rigged Suspect|brn\n|move|p2a: Rigged Suspect|Kowtow Cleave|p1a: Dragapult\n|-supereffective|p1a: Dragapult\n|-damage|p1a: Dragapult|0 fnt\n|faint|p1a: Dragapult\n|\n|win|iron tusk 69\n|raw|swumpy mumpus's rating: 1584 &rarr; <strong>1563<\/strong><br \/>(-21 for losing)\n|raw|iron tusk 69's rating: 1566 &rarr; <strong>1587<\/strong><br \/>(+21 for winning)\n|l|\u2606swumpy mumpus\n|j| ghostvein\n|l| ghostvein\n|j| SDK04\n|j|+Shellnuts\n|j| kingmickey143\n|l| kingmickey143\n|l|+Shellnuts\n","uploadtime":1699764663,"views":9,"p1id":"swumpymumpus","p2id":"irontusk69","formatid":"gen9ou","rating":1563,"private":0,"password":""}