{"id":"gen9ou-1995374146","p1":"Dickenz","p2":"Gliscorium Z","format":"[Gen 9] OU","log":"|j|\u2606Dickenz\n|j|\u2606Gliscorium Z\n|t:|1700561907\n|gametype|singles\n|player|p1|Dickenz|acetrainerf-gen4|1396\n|player|p2|Gliscorium Z|caitlin|1373\n|teamsize|p1|6\n|teamsize|p2|6\n|gen|9\n|tier|[Gen 9] OU\n|rated|\n|rule|Sleep Clause Mod: Limit one foe put to sleep\n|rule|Species Clause: Limit one of each Pok\u00e9mon\n|rule|OHKO Clause: OHKO moves are banned\n|rule|Evasion Items Clause: Evasion items are banned\n|rule|Evasion Moves Clause: Evasion moves are banned\n|rule|Endless Battle Clause: Forcing endless battles is banned\n|rule|HP Percentage Mod: HP is shown in percentages\n|clearpoke\n|poke|p1|Clefable, M|\n|poke|p1|Corviknight, M|\n|poke|p1|Great Tusk|\n|poke|p1|Clodsire, M|\n|poke|p1|Dragapult, F|\n|poke|p1|Samurott-Hisui, M|\n|poke|p2|Weavile, F|\n|poke|p2|Clefable, M|\n|poke|p2|Tornadus-Therian, M|\n|poke|p2|Kingambit, M|\n|poke|p2|Great Tusk|\n|poke|p2|Garchomp, F|\n|teampreview\n|inactive|Battle timer is ON: inactive players will automatically lose when time's up. (requested by Gliscorium Z)\n|inactive|Dickenz also wants the timer to be on.\n|\n|t:|1700561919\n|start\n|switch|p1a: Samurott|Samurott-Hisui, M|100\/100\n|switch|p2a: Great Tusk|Great Tusk|100\/100\n|-enditem|p2a: Great Tusk|Booster Energy\n|-activate|p2a: Great Tusk|ability: Protosynthesis|[fromitem]\n|-start|p2a: Great Tusk|protosynthesisatk\n|turn|1\n|\n|t:|1700561932\n|move|p1a: Samurott|Flip Turn|p2a: Great Tusk\n|-supereffective|p2a: Great Tusk\n|-damage|p2a: Great Tusk|60\/100\n|\n|t:|1700561935\n|switch|p1a: Corviknight|Corviknight, M|100\/100|[from] Flip Turn\n|-ability|p1a: Corviknight|Pressure\n|move|p2a: Great Tusk|Headlong Rush|p1a: Corviknight\n|-immune|p1a: Corviknight\n|\n|upkeep\n|turn|2\n|\n|t:|1700561942\n|move|p2a: Great Tusk|Close Combat|p1a: Corviknight\n|-damage|p1a: Corviknight|50\/100\n|-unboost|p2a: Great Tusk|def|1\n|-unboost|p2a: Great Tusk|spd|1\n|move|p1a: Corviknight|U-turn|p2a: Great Tusk\n|-resisted|p2a: Great Tusk\n|-damage|p2a: Great Tusk|52\/100\n|\n|t:|1700561949\n|switch|p1a: Samurott|Samurott-Hisui, M|100\/100|[from] U-turn\n|\n|upkeep\n|turn|3\n|\n|t:|1700561955\n|move|p1a: Samurott|Flip Turn|p2a: Great Tusk\n|-supereffective|p2a: Great Tusk\n|-damage|p2a: Great Tusk|0 fnt\n|faint|p2a: Great Tusk\n|-end|p2a: Great Tusk|Protosynthesis|[silent]\n|\n|t:|1700561961\n|switch|p1a: Corviknight|Corviknight, M|50\/100|[from] Flip Turn\n|-ability|p1a: Corviknight|Pressure\n|\n|-heal|p1a: Corviknight|56\/100|[from] item: Leftovers\n|upkeep\n|\n|t:|1700561967\n|switch|p2a: i'm back too|Clefable, M|100\/100\n|turn|4\n|\n|t:|1700561984\n|move|p1a: Corviknight|U-turn|p2a: i'm back too\n|-resisted|p2a: i'm back too\n|-damage|p2a: i'm back too|95\/100\n|\n|t:|1700561990\n|switch|p1a: Clodsire|Clodsire, M|100\/100|[from] U-turn\n|move|p2a: i'm back too|Knock Off|p1a: Clodsire\n|-damage|p1a: Clodsire|85\/100\n|-enditem|p1a: Clodsire|Leftovers|[from] move: Knock Off|[of] p2a: i'm back too\n|\n|-heal|p2a: i'm back too|100\/100|[from] item: Leftovers\n|upkeep\n|turn|5\n|\n|t:|1700561999\n|switch|p2a: i am back|Weavile, F|100\/100\n|-ability|p2a: i am back|Pressure\n|move|p1a: Clodsire|Stealth Rock|p2a: i am back\n|-sidestart|p2: Gliscorium Z|move: Stealth Rock\n|\n|upkeep\n|turn|6\n|\n|t:|1700562008\n|move|p2a: i am back|Icicle Crash|p1a: Clodsire\n|-supereffective|p1a: Clodsire\n|-damage|p1a: Clodsire|0 fnt\n|faint|p1a: Clodsire\n|\n|upkeep\n|\n|t:|1700562013\n|switch|p1a: Samurott|Samurott-Hisui, M|100\/100\n|turn|7\n|\n|t:|1700562021\n|switch|p2a: return to ou|Tornadus-Therian, M|100\/100\n|move|p1a: Samurott|Sacred Sword|p2a: return to ou\n|-resisted|p2a: return to ou\n|-damage|p2a: return to ou|78\/100\n|\n|upkeep\n|turn|8\n|\n|t:|1700562027\n|switch|p1a: Corviknight|Corviknight, M|56\/100\n|-ability|p1a: Corviknight|Pressure\n|move|p2a: return to ou|Knock Off|p1a: Corviknight\n|-damage|p1a: Corviknight|44\/100\n|-enditem|p1a: Corviknight|Leftovers|[from] move: Knock Off|[of] p2a: return to ou\n|\n|upkeep\n|turn|9\n|\n|t:|1700562033\n|move|p2a: return to ou|Taunt|p1a: Corviknight\n|-start|p1a: Corviknight|move: Taunt\n|cant|p1a: Corviknight|move: Taunt|Roost\n|\n|upkeep\n|turn|10\n|\n|t:|1700562037\n|move|p2a: return to ou|Hurricane|p1a: Corviknight|[miss]\n|-miss|p2a: return to ou|p1a: Corviknight\n|move|p1a: Corviknight|U-turn|p2a: return to ou\n|-resisted|p2a: return to ou\n|-damage|p2a: return to ou|71\/100\n|\n|t:|1700562042\n|switch|p1a: Clefable|Clefable, M|100\/100|[from] U-turn\n|\n|upkeep\n|turn|11\n|\n|t:|1700562045\n|move|p2a: return to ou|Taunt|p1a: Clefable\n|-start|p1a: Clefable|move: Taunt\n|move|p1a: Clefable|Moonblast|p2a: return to ou\n|-damage|p2a: return to ou|15\/100\n|\n|upkeep\n|turn|12\n|\n|t:|1700562055\n|move|p2a: return to ou|U-turn|p1a: Clefable\n|-resisted|p1a: Clefable\n|-damage|p1a: Clefable|93\/100\n|\n|t:|1700562059\n|switch|p2a: i'm back too|Clefable, M|100\/100|[from] U-turn\n|move|p1a: Clefable|Moonblast|p2a: i'm back too\n|-damage|p2a: i'm back too|46\/100\n|\n|-heal|p2a: i'm back too|52\/100|[from] item: Leftovers\n|upkeep\n|turn|13\n|\n|t:|1700562067\n|move|p2a: i'm back too|Knock Off|p1a: Clefable\n|-resisted|p1a: Clefable\n|-damage|p1a: Clefable|85\/100\n|-enditem|p1a: Clefable|Life Orb|[from] move: Knock Off|[of] p2a: i'm back too\n|move|p1a: Clefable|Moonblast|p2a: i'm back too\n|-damage|p2a: i'm back too|9\/100\n|\n|-heal|p2a: i'm back too|15\/100|[from] item: Leftovers\n|-end|p1a: Clefable|move: Taunt\n|upkeep\n|turn|14\n|\n|t:|1700562074\n|move|p1a: Clefable|Moonblast|p2a: i'm back too\n|-damage|p2a: i'm back too|0 fnt\n|faint|p2a: i'm back too\n|\n|upkeep\n|\n|t:|1700562084\n|switch|p2a: i will stay ou|Garchomp, F|100\/100\n|-damage|p2a: i will stay ou|94\/100|[from] Stealth Rock\n|turn|15\n|\n|t:|1700562092\n|move|p2a: i will stay ou|Poison Jab|p1a: Clefable\n|-supereffective|p1a: Clefable\n|-damage|p1a: Clefable|26\/100\n|move|p1a: Clefable|Ice Beam|p2a: i will stay ou\n|-supereffective|p2a: i will stay ou\n|-damage|p2a: i will stay ou|0 fnt\n|faint|p2a: i will stay ou\n|\n|upkeep\n|\n|t:|1700562099\n|switch|p2a: i am back|Weavile, F|100\/100\n|-ability|p2a: i am back|Pressure\n|turn|16\n|\n|t:|1700562107\n|move|p2a: i am back|Icicle Crash|p1a: Clefable\n|-damage|p1a: Clefable|0 fnt\n|faint|p1a: Clefable\n|\n|upkeep\n|\n|t:|1700562112\n|switch|p1a: Samurott|Samurott-Hisui, M|100\/100\n|turn|17\n|\n|t:|1700562118\n|switch|p2a: return to ou|Tornadus-Therian, M|49\/100\n|move|p1a: Samurott|Ceaseless Edge|p2a: return to ou\n|-damage|p2a: return to ou|0 fnt\n|-sidestart|p2: Gliscorium Z|Spikes\n|faint|p2a: return to ou\n|\n|upkeep\n|\n|t:|1700562124\n|switch|p2a: i am back|Weavile, F|100\/100\n|-ability|p2a: i am back|Pressure\n|turn|18\n|\n|t:|1700562129\n|switch|p1a: Corviknight|Corviknight, M|44\/100\n|-ability|p1a: Corviknight|Pressure\n|move|p2a: i am back|Swords Dance|p2a: i am back\n|-boost|p2a: i am back|atk|2\n|\n|upkeep\n|turn|19\n|\n|t:|1700562136\n|move|p2a: i am back|Icicle Crash|p1a: Corviknight\n|-damage|p1a: Corviknight|0 fnt\n|faint|p1a: Corviknight\n|\n|upkeep\n|\n|t:|1700562140\n|switch|p1a: Samurott|Samurott-Hisui, M|100\/100\n|turn|20\n|\n|t:|1700562145\n|move|p2a: i am back|Ice Shard|p1a: Samurott\n|-resisted|p1a: Samurott\n|-damage|p1a: Samurott|73\/100\n|move|p1a: Samurott|Sacred Sword|p2a: i am back\n|-supereffective|p2a: i am back\n|-damage|p2a: i am back|0 fnt\n|faint|p2a: i am back\n|\n|upkeep\n|\n|t:|1700562148\n|switch|p2a: Kingambit|Kingambit, M|100\/100\n|-damage|p2a: Kingambit|94\/100|[from] Stealth Rock\n|-damage|p2a: Kingambit|82\/100|[from] Spikes\n|-activate|p2a: Kingambit|ability: Supreme Overlord\n|-start|p2a: Kingambit|fallen5|[silent]\n|turn|21\n|\n|t:|1700562157\n|-terastallize|p2a: Kingambit|Fairy\n|move|p1a: Samurott|Sacred Sword|p2a: Kingambit\n|-resisted|p2a: Kingambit\n|-damage|p2a: Kingambit|66\/100\n|move|p2a: Kingambit|Swords Dance|p2a: Kingambit\n|-boost|p2a: Kingambit|atk|2\n|\n|-heal|p2a: Kingambit|72\/100|[from] item: Leftovers\n|upkeep\n|turn|22\n|\n|t:|1700562167\n|switch|p1a: Dragapult|Dragapult, F|100\/100\n|move|p2a: Kingambit|Tera Blast|p1a: Dragapult|[anim] Tera Blast Fairy\n|-supereffective|p1a: Dragapult\n|-damage|p1a: Dragapult|0 fnt\n|faint|p1a: Dragapult\n|\n|-heal|p2a: Kingambit|78\/100|[from] item: Leftovers\n|upkeep\n|\n|t:|1700562180\n|switch|p1a: Samurott|Samurott-Hisui, M|73\/100\n|turn|23\n|\n|t:|1700562184\n|move|p2a: Kingambit|Sucker Punch|p1a: Samurott\n|-resisted|p1a: Samurott\n|-damage|p1a: Samurott|0 fnt\n|faint|p1a: Samurott\n|\n|-heal|p2a: Kingambit|85\/100|[from] item: Leftovers\n|upkeep\n|\n|t:|1700562187\n|switch|p1a: Great Tusk|Great Tusk|100\/100\n|turn|24\n|\n|t:|1700562192\n|-terastallize|p1a: Great Tusk|Fighting\n|move|p1a: Great Tusk|Headlong Rush|p2a: Kingambit\n|-damage|p2a: Kingambit|41\/100\n|-unboost|p1a: Great Tusk|def|1\n|-unboost|p1a: Great Tusk|spd|1\n|move|p2a: Kingambit|Tera Blast|p1a: Great Tusk|[anim] Tera Blast Fairy\n|-supereffective|p1a: Great Tusk\n|-damage|p1a: Great Tusk|0 fnt\n|faint|p1a: Great Tusk\n|-end|p1a: Great Tusk|Protosynthesis|[silent]\n|\n|win|Gliscorium Z\n|raw|Dickenz's rating: 1396 &rarr; <strong>1375<\/strong><br \/>(-21 for losing)\n|raw|Gliscorium Z's rating: 1373 &rarr; <strong>1394<\/strong><br \/>(+21 for winning)\n|c|\u2606Gliscorium Z|gg\n|l|\u2606Dickenz\n","uploadtime":1700562199,"views":1,"p1id":"dickenz","p2id":"gliscoriumz","formatid":"gen9ou","rating":1375,"private":0,"password":""}