{"id":"gen9ou-1995921022","p1":"Legendary crybaby","p2":"rainydayshere","format":"[Gen 9] OU","log":"|j|\u2606Legendary crybaby\n|j|\u2606rainydayshere\n|t:|1700617612\n|gametype|singles\n|player|p1|Legendary crybaby|169|1000\n|player|p2|rainydayshere|fisherman-gen4|1011\n|teamsize|p1|6\n|teamsize|p2|6\n|gen|9\n|tier|[Gen 9] OU\n|rated|\n|rule|Sleep Clause Mod: Limit one foe put to sleep\n|rule|Species Clause: Limit one of each Pok\u00e9mon\n|rule|OHKO Clause: OHKO moves are banned\n|rule|Evasion Items Clause: Evasion items are banned\n|rule|Evasion Moves Clause: Evasion moves are banned\n|rule|Endless Battle Clause: Forcing endless battles is banned\n|rule|HP Percentage Mod: HP is shown in percentages\n|clearpoke\n|poke|p1|Grimmsnarl, M|\n|poke|p1|Grafaiai, M|\n|poke|p1|Quaquaval, M|\n|poke|p1|Scizor, M|\n|poke|p1|Drifblim, M|\n|poke|p1|Gallade, M|\n|poke|p2|Gligar, M|\n|poke|p2|Hippowdon, M|\n|poke|p2|Tyranitar, M|\n|poke|p2|Landorus-Therian, M|\n|poke|p2|Gastrodon, F|\n|poke|p2|Sandy Shocks|\n|teampreview\n|\n|t:|1700617617\n|start\n|switch|p1a: Straight Trollin|Grimmsnarl, M|100\/100\n|switch|p2a: Tyranitar|Tyranitar, M|100\/100\n|-weather|Sandstorm|[from] ability: Sand Stream|[of] p2a: Tyranitar\n|turn|1\n|\n|t:|1700617624\n|move|p2a: Tyranitar|Stealth Rock|p1a: Straight Trollin\n|-sidestart|p1: Legendary crybaby|move: Stealth Rock\n|move|p1a: Straight Trollin|Spirit Break|p2a: Tyranitar\n|-supereffective|p2a: Tyranitar\n|-damage|p2a: Tyranitar|52\/100\n|-unboost|p2a: Tyranitar|spa|1\n|\n|-weather|Sandstorm|[upkeep]\n|-damage|p1a: Straight Trollin|94\/100|[from] Sandstorm\n|upkeep\n|turn|2\n|c|\u2606rainydayshere|same sand sucks\n|\n|t:|1700617634\n|move|p2a: Tyranitar|Rock Blast|p1a: Straight Trollin\n|-damage|p1a: Straight Trollin|80\/100\n|-damage|p1a: Straight Trollin|64\/100\n|-damage|p1a: Straight Trollin|47\/100\n|-crit|p1a: Straight Trollin\n|-damage|p1a: Straight Trollin|25\/100\n|-damage|p1a: Straight Trollin|11\/100\n|-hitcount|p1a: Straight Trollin|5\n|move|p1a: Straight Trollin|Spirit Break|p2a: Tyranitar\n|-supereffective|p2a: Tyranitar\n|-damage|p2a: Tyranitar|5\/100\n|-unboost|p2a: Tyranitar|spa|1\n|\n|-weather|Sandstorm|[upkeep]\n|-damage|p1a: Straight Trollin|5\/100|[from] Sandstorm\n|upkeep\n|turn|3\n|\n|t:|1700617644\n|move|p2a: Tyranitar|Rock Blast|p1a: Straight Trollin|[miss]\n|-miss|p2a: Tyranitar|p1a: Straight Trollin\n|move|p1a: Straight Trollin|Spirit Break|p2a: Tyranitar\n|-supereffective|p2a: Tyranitar\n|-damage|p2a: Tyranitar|0 fnt\n|faint|p2a: Tyranitar\n|\n|-weather|Sandstorm|[upkeep]\n|-damage|p1a: Straight Trollin|0 fnt|[from] Sandstorm\n|faint|p1a: Straight Trollin\n|upkeep\n|c|\u2606Legendary crybaby|Fuck ya!!!\n|\n|t:|1700617664\n|switch|p2a: Gligar|Gligar, M|100\/100\n|switch|p1a: Obviously Trollin|Grafaiai, M|100\/100\n|-damage|p1a: Obviously Trollin|88\/100|[from] Stealth Rock\n|turn|4\n|c|\u2606rainydayshere|i mean im just glad i have spikes up tbf\n|\n|t:|1700617675\n|move|p2a: Gligar|Substitute|p2a: Gligar\n|-start|p2a: Gligar|Substitute\n|-damage|p2a: Gligar|75\/100\n|move|p1a: Obviously Trollin|Knock Off|p2a: Gligar\n|-end|p2a: Gligar|Substitute\n|\n|-weather|Sandstorm|[upkeep]\n|-damage|p1a: Obviously Trollin|82\/100|[from] Sandstorm\n|-heal|p1a: Obviously Trollin|88\/100|[from] item: Leftovers\n|upkeep\n|turn|5\n|\n|t:|1700617683\n|move|p1a: Obviously Trollin|Copycat|p1a: Obviously Trollin\n|move|p1a: Obviously Trollin|Knock Off|p2a: Gligar|[from]move: Copycat\n|-damage|p2a: Gligar|50\/100\n|-enditem|p2a: Gligar|Salac Berry|[from] move: Knock Off|[of] p1a: Obviously Trollin\n|move|p2a: Gligar|Swords Dance|p2a: Gligar\n|-boost|p2a: Gligar|atk|2\n|\n|-weather|none\n|-heal|p1a: Obviously Trollin|94\/100|[from] item: Leftovers\n|upkeep\n|turn|6\n|\n|t:|1700617697\n|move|p1a: Obviously Trollin|Parting Shot|p2a: Gligar\n|-fail|p2a: Gligar|unboost|Attack|[from] ability: Hyper Cutter|[of] p2a: Gligar\n|-unboost|p2a: Gligar|spa|1\n|\n|t:|1700617715\n|switch|p1a: Game Over!|Gallade, M|100\/100|[from] Parting Shot\n|-damage|p1a: Game Over!|94\/100|[from] Stealth Rock\n|move|p2a: Gligar|Earthquake|p1a: Game Over!\n|-damage|p1a: Game Over!|0 fnt\n|faint|p1a: Game Over!\n|\n|upkeep\n|\n|t:|1700617721\n|switch|p1a: Trolldier|Quaquaval, M|100\/100\n|-damage|p1a: Trolldier|94\/100|[from] Stealth Rock\n|turn|7\n|\n|t:|1700617730\n|move|p2a: Gligar|Acrobatics|p1a: Trolldier\n|-supereffective|p1a: Trolldier\n|-damage|p1a: Trolldier|0 fnt\n|faint|p1a: Trolldier\n|\n|upkeep\n|\n|t:|1700617742\n|switch|p1a: Kinda buggin|Scizor, M|100\/100\n|-damage|p1a: Kinda buggin|88\/100|[from] Stealth Rock\n|turn|8\n|\n|t:|1700617749\n|move|p1a: Kinda buggin|Bullet Punch|p2a: Gligar\n|-damage|p2a: Gligar|8\/100\n|-heal|p1a: Kinda buggin|93\/100|[from] item: Shell Bell|[of] p2a: Gligar\n|move|p2a: Gligar|Earthquake|p1a: Kinda buggin\n|-damage|p1a: Kinda buggin|0 fnt\n|faint|p1a: Kinda buggin\n|\n|upkeep\n|\n|t:|1700617754\n|switch|p1a: Obviously Trollin|Grafaiai, M|94\/100\n|-damage|p1a: Obviously Trollin|82\/100|[from] Stealth Rock\n|turn|9\n|\n|t:|1700617760\n|move|p1a: Obviously Trollin|Copycat|p1a: Obviously Trollin\n|move|p1a: Obviously Trollin|Earthquake|p2a: Gligar|[from]move: Copycat\n|-immune|p2a: Gligar\n|move|p2a: Gligar|Earthquake|p1a: Obviously Trollin\n|-supereffective|p1a: Obviously Trollin\n|-damage|p1a: Obviously Trollin|0 fnt\n|faint|p1a: Obviously Trollin\n|\n|upkeep\n|\n|t:|1700617764\n|switch|p1a: Don't trust it...|Drifblim, M|100\/100\n|-damage|p1a: Don't trust it...|76\/100|[from] Stealth Rock\n|turn|10\n|\n|t:|1700617769\n|-terastallize|p1a: Don't trust it...|Flying\n|move|p2a: Gligar|Acrobatics|p1a: Don't trust it...\n|-damage|p1a: Don't trust it...|0 fnt\n|faint|p1a: Don't trust it...\n|\n|win|rainydayshere\n|raw|Legendary crybaby's rating: 1000 &rarr; <strong>1000<\/strong><br \/>(+0 for losing)\n|raw|rainydayshere's rating: 1011 &rarr; <strong>1048<\/strong><br \/>(+37 for winning)\n","uploadtime":1700617657,"views":0,"p1id":"legendarycrybaby","p2id":"rainydayshere","formatid":"gen9ou","rating":1000,"private":0,"password":""}