{"id":"gen9ou-1999845991","p1":"kkonehunnid","p2":"DeluxeL5","format":"[Gen 9] OU","log":"|j|\u2606kkonehunnid\n|j|\u2606DeluxeL5\n|t:|1701122220\n|gametype|singles\n|player|p1|kkonehunnid|harlequin|1104\n|player|p2|DeluxeL5|169|1186\n|teamsize|p1|6\n|teamsize|p2|6\n|gen|9\n|tier|[Gen 9] OU\n|rated|\n|rule|Sleep Clause Mod: Limit one foe put to sleep\n|rule|Species Clause: Limit one of each Pok\u00e9mon\n|rule|OHKO Clause: OHKO moves are banned\n|rule|Evasion Items Clause: Evasion items are banned\n|rule|Evasion Moves Clause: Evasion moves are banned\n|rule|Endless Battle Clause: Forcing endless battles is banned\n|rule|HP Percentage Mod: HP is shown in percentages\n|clearpoke\n|poke|p1|Kingambit, F|\n|poke|p1|Ninetales-Alola, M|\n|poke|p1|Ariados, F|\n|poke|p1|Great Tusk|\n|poke|p1|Iron Jugulis|\n|poke|p1|Manaphy|\n|poke|p2|Garchomp, F|\n|poke|p2|Iron Hands|\n|poke|p2|Ninetales-Alola, F|\n|poke|p2|Kingambit, M|\n|poke|p2|Azumarill, F|\n|poke|p2|Gholdengo|\n|teampreview\n|inactive|Battle timer is ON: inactive players will automatically lose when time's up. (requested by kkonehunnid)\n|\n|t:|1701122225\n|start\n|switch|p1a: Iron Jugulis|Iron Jugulis|100\/100\n|switch|p2a: Ninetales|Ninetales-Alola, F|100\/100\n|-weather|Snow|[from] ability: Snow Warning|[of] p2a: Ninetales\n|-enditem|p1a: Iron Jugulis|Booster Energy\n|-activate|p1a: Iron Jugulis|ability: Quark Drive|[fromitem]\n|-start|p1a: Iron Jugulis|quarkdrivespe\n|turn|1\n|\n|t:|1701122234\n|move|p1a: Iron Jugulis|Taunt|p2a: Ninetales\n|-start|p2a: Ninetales|move: Taunt\n|cant|p2a: Ninetales|move: Taunt|Aurora Veil\n|\n|-weather|Snow|[upkeep]\n|upkeep\n|turn|2\n|\n|t:|1701122240\n|-end|p1a: Iron Jugulis|Quark Drive|[silent]\n|switch|p1a: Ninetales|Ninetales-Alola, M|100\/100\n|move|p2a: Ninetales|Moonblast|p1a: Ninetales\n|-damage|p1a: Ninetales|75\/100\n|\n|-weather|Snow|[upkeep]\n|upkeep\n|turn|3\n|\n|t:|1701122252\n|switch|p2a: Iron Hands|Iron Hands|100\/100\n|move|p1a: Ninetales|Aurora Veil|p1a: Ninetales\n|-sidestart|p1: kkonehunnid|move: Aurora Veil\n|\n|-weather|Snow|[upkeep]\n|upkeep\n|turn|4\n|\n|t:|1701122262\n|move|p1a: Ninetales|Hypnosis|p2a: Iron Hands\n|-status|p2a: Iron Hands|slp|[from] move: Hypnosis\n|cant|p2a: Iron Hands|slp\n|\n|-weather|Snow|[upkeep]\n|upkeep\n|turn|5\n|c|\u2606DeluxeL5|bruh\n|\n|t:|1701122269\n|switch|p1a: Ariados|Ariados, F|100\/100\n|-curestatus|p2a: Iron Hands|slp|[msg]\n|move|p2a: Iron Hands|Substitute|p2a: Iron Hands\n|-start|p2a: Iron Hands|Substitute\n|-damage|p2a: Iron Hands|75\/100\n|\n|-weather|none\n|-heal|p2a: Iron Hands|82\/100|[from] item: Leftovers\n|upkeep\n|turn|6\n|c|\u2606kkonehunnid|Yes\n|c|\u2606kkonehunnid|Oh fuck\n|\n|t:|1701122279\n|switch|p1a: Great Tusk|Great Tusk|100\/100\n|-enditem|p1a: Great Tusk|Booster Energy\n|-activate|p1a: Great Tusk|ability: Protosynthesis|[fromitem]\n|-start|p1a: Great Tusk|protosynthesisatk\n|move|p2a: Iron Hands|Swords Dance|p2a: Iron Hands\n|-boost|p2a: Iron Hands|atk|2\n|\n|-heal|p2a: Iron Hands|88\/100|[from] item: Leftovers\n|upkeep\n|turn|7\n|c|\u2606DeluxeL5|wait why did i wake up after 1 turn\n|c|\u2606kkonehunnid|Luck\n|\n|t:|1701122299\n|move|p1a: Great Tusk|Bulk Up|p1a: Great Tusk\n|-boost|p1a: Great Tusk|atk|1\n|-boost|p1a: Great Tusk|def|1\n|move|p2a: Iron Hands|Drain Punch|p1a: Great Tusk\n|-damage|p1a: Great Tusk|79\/100\n|-heal|p2a: Iron Hands|96\/100|[from] drain|[of] p1a: Great Tusk\n|\n|-heal|p2a: Iron Hands|100\/100|[from] item: Leftovers\n|upkeep\n|turn|8\n|c|\u2606kkonehunnid|U can sleep from 1-5 turns\n|c|\u2606DeluxeL5|hm\n|c|\u2606DeluxeL5|cool\n|\n|t:|1701122312\n|move|p1a: Great Tusk|Bulk Up|p1a: Great Tusk\n|-boost|p1a: Great Tusk|atk|1\n|-boost|p1a: Great Tusk|def|1\n|move|p2a: Iron Hands|Swords Dance|p2a: Iron Hands\n|-boost|p2a: Iron Hands|atk|2\n|\n|upkeep\n|turn|9\n|c|\u2606kkonehunnid|Yee\n|\n|t:|1701122319\n|move|p1a: Great Tusk|Headlong Rush|p2a: Iron Hands\n|-supereffective|p2a: Iron Hands\n|-end|p2a: Iron Hands|Substitute\n|-unboost|p1a: Great Tusk|def|1\n|-unboost|p1a: Great Tusk|spd|1\n|move|p2a: Iron Hands|Swords Dance|p2a: Iron Hands\n|-boost|p2a: Iron Hands|atk|2\n|\n|upkeep\n|turn|10\n|c|\u2606DeluxeL5|im gonna pray i can live a hit\n|\n|t:|1701122335\n|move|p1a: Great Tusk|Headlong Rush|p2a: Iron Hands\n|-supereffective|p2a: Iron Hands\n|-damage|p2a: Iron Hands|0 fnt\n|-unboost|p1a: Great Tusk|def|1\n|-unboost|p1a: Great Tusk|spd|1\n|faint|p2a: Iron Hands\n|-end|p2a: Iron Hands|Quark Drive|[silent]\n|\n|-sideend|p1: kkonehunnid|move: Aurora Veil\n|upkeep\n|c|\u2606DeluxeL5|welp\n|c|\u2606DeluxeL5|i guess not\n|\n|t:|1701122351\n|switch|p2a: Ninetales|Ninetales-Alola, F|100\/100\n|-weather|Snow|[from] ability: Snow Warning|[of] p2a: Ninetales\n|turn|11\n|\n|t:|1701122358\n|-end|p1a: Great Tusk|Protosynthesis|[silent]\n|switch|p1a: Ninetales|Ninetales-Alola, M|75\/100\n|move|p2a: Ninetales|Aurora Veil|p2a: Ninetales\n|-sidestart|p2: DeluxeL5|move: Aurora Veil\n|\n|-weather|Snow|[upkeep]\n|upkeep\n|turn|12\n|\n|t:|1701122368\n|switch|p2a: Azumarill|Azumarill, F|100\/100\n|move|p1a: Ninetales|Aurora Veil|p1a: Ninetales\n|-sidestart|p1: kkonehunnid|move: Aurora Veil\n|\n|-weather|Snow|[upkeep]\n|upkeep\n|turn|13\n|\n|t:|1701122375\n|move|p1a: Ninetales|Freeze-Dry|p2a: Azumarill\n|-supereffective|p2a: Azumarill\n|-damage|p2a: Azumarill|75\/100\n|-status|p2a: Azumarill|frz\n|cant|p2a: Azumarill|frz\n|\n|-weather|Snow|[upkeep]\n|upkeep\n|turn|14\n|c|\u2606kkonehunnid|Oh\n|c|\u2606DeluxeL5|are you kidding me\n|\n|t:|1701122399\n|switch|p1a: Ariados|Ariados, F|100\/100\n|switch|p2a: Garchomp|Garchomp, F|100\/100\n|\n|-weather|Snow|[upkeep]\n|upkeep\n|turn|15\n|\n|t:|1701122415\n|move|p2a: Garchomp|Earthquake|p1a: Ariados\n|-damage|p1a: Ariados|61\/100\n|move|p1a: Ariados|Focus Energy|p1a: Ariados\n|-start|p1a: Ariados|move: Focus Energy\n|\n|-weather|none\n|upkeep\n|turn|16\n|\n|t:|1701122427\n|move|p2a: Garchomp|Earthquake|p1a: Ariados\n|-damage|p1a: Ariados|21\/100\n|move|p1a: Ariados|Megahorn|p2a: Garchomp\n|-crit|p2a: Garchomp\n|-damage|p2a: Garchomp|0 fnt\n|-damage|p1a: Ariados|9\/100|[from] ability: Rough Skin|[of] p2a: Garchomp\n|faint|p2a: Garchomp\n|\n|upkeep\n|c|\u2606kkonehunnid|LOL\n|\n|t:|1701122437\n|switch|p2a: Gholdengo|Gholdengo|100\/100\n|turn|17\n|\n|t:|1701122443\n|move|p1a: Ariados|Sucker Punch||[still]\n|-fail|p1a: Ariados\n|move|p2a: Gholdengo|Nasty Plot|p2a: Gholdengo\n|-boost|p2a: Gholdengo|spa|2\n|\n|upkeep\n|turn|18\n|c|\u2606kkonehunnid|NOOO\n|c|\u2606kkonehunnid|U goof\n|c|\u2606kkonehunnid|Attack me\n|c|\u2606DeluxeL5|ok\n|\n|t:|1701122451\n|move|p1a: Ariados|Sucker Punch||[still]\n|-fail|p1a: Ariados\n|move|p2a: Gholdengo|Nasty Plot|p2a: Gholdengo\n|-boost|p2a: Gholdengo|spa|2\n|\n|-sideend|p2: DeluxeL5|move: Aurora Veil\n|upkeep\n|turn|19\n|c|\u2606DeluxeL5|alr im gonna hit u now\n|\n|t:|1701122463\n|-terastallize|p2a: Gholdengo|Fighting\n|move|p1a: Ariados|Sucker Punch|p2a: Gholdengo\n|-resisted|p2a: Gholdengo\n|-crit|p2a: Gholdengo\n|-damage|p2a: Gholdengo|73\/100\n|move|p2a: Gholdengo|Make It Rain|p1a: Ariados\n|-damage|p1a: Ariados|0 fnt\n|-unboost|p2a: Gholdengo|spa|1\n|faint|p1a: Ariados\n|\n|-sideend|p1: kkonehunnid|move: Aurora Veil\n|upkeep\n|c|\u2606kkonehunnid|Damnit\n|c|\u2606DeluxeL5|i shouldve shadow balled\n|\n|t:|1701122477\n|switch|p1a: Great Tusk|Great Tusk|79\/100\n|turn|20\n|c|\u2606DeluxeL5|it decreased for no reason\n|c|\u2606DeluxeL5|oh well\n|c|\u2606DeluxeL5|do i outspeed\n|c|\u2606kkonehunnid|Now u face my band\n|c|\u2606DeluxeL5|whats ur speed\n|c|\u2606DeluxeL5|300 max?\n|c|\u2606kkonehunnid|3 hunnid on kizzy\n|inactive|DeluxeL5 has 120 seconds left.\n|\n|t:|1701122518\n|move|p1a: Great Tusk|Headlong Rush|p2a: Gholdengo\n|-damage|p2a: Gholdengo|0 fnt\n|-unboost|p1a: Great Tusk|def|1\n|-unboost|p1a: Great Tusk|spd|1\n|faint|p2a: Gholdengo\n|\n|upkeep\n|c|\u2606kkonehunnid|I told u boy\n|c|\u2606DeluxeL5|u mad gay\n|\n|t:|1701122530\n|switch|p2a: Ninetales|Ninetales-Alola, F|100\/100\n|-weather|Snow|[from] ability: Snow Warning|[of] p2a: Ninetales\n|turn|21\n|c|\u2606kkonehunnid|Everyone runs jolly tusk\n|\n|t:|1701122547\n|-end|p1a: Great Tusk|Protosynthesis|[silent]\n|switch|p1a: Ninetales|Ninetales-Alola, M|75\/100\n|move|p2a: Ninetales|Aurora Veil|p2a: Ninetales\n|-sidestart|p2: DeluxeL5|move: Aurora Veil\n|\n|-weather|Snow|[upkeep]\n|upkeep\n|turn|22\n|c|\u2606DeluxeL5|gotta set it up one last time\n|\n|t:|1701122555\n|move|p1a: Ninetales|Aurora Veil|p1a: Ninetales\n|-sidestart|p1: kkonehunnid|move: Aurora Veil\n|move|p2a: Ninetales|Moonblast|p1a: Ninetales\n|-damage|p1a: Ninetales|63\/100\n|\n|-weather|Snow|[upkeep]\n|upkeep\n|turn|23\n|c|\u2606DeluxeL5|bruh if my azumarill wasnt frozen i woulda been winning\n|\n|t:|1701122578\n|move|p1a: Ninetales|Encore|p2a: Ninetales\n|-start|p2a: Ninetales|Encore\n|move|p2a: Ninetales|Moonblast|p1a: Ninetales\n|-damage|p1a: Ninetales|50\/100\n|-unboost|p1a: Ninetales|spa|1\n|\n|-weather|Snow|[upkeep]\n|upkeep\n|turn|24\n|c|\u2606DeluxeL5|fricking monkey\n|\n|t:|1701122592\n|switch|p2a: Kingambit|Kingambit, M|100\/100\n|-activate|p2a: Kingambit|ability: Supreme Overlord\n|-start|p2a: Kingambit|fallen3|[silent]\n|switch|p1a: Kingambit|Kingambit, F|100\/100\n|-activate|p1a: Kingambit|ability: Supreme Overlord\n|-start|p1a: Kingambit|fallen1|[silent]\n|\n|-weather|Snow|[upkeep]\n|upkeep\n|turn|25\n|c|\u2606kkonehunnid|Fr man\n|\n|t:|1701122604\n|move|p1a: Kingambit|Swords Dance|p1a: Kingambit\n|-boost|p1a: Kingambit|atk|2\n|move|p2a: Kingambit|Swords Dance|p2a: Kingambit\n|-boost|p2a: Kingambit|atk|2\n|\n|-weather|none\n|upkeep\n|turn|26\n|\n|t:|1701122611\n|move|p1a: Kingambit|Low Kick|p2a: Kingambit\n|-supereffective|p2a: Kingambit\n|-damage|p2a: Kingambit|0 fnt\n|faint|p2a: Kingambit\n|-end|p2a: Kingambit|fallen3|[silent]\n|\n|upkeep\n|c|\u2606kkonehunnid|;)\n|inactive|DeluxeL5 has 90 seconds left.\n|c|\u2606DeluxeL5|u mad gay\n|c|\u2606DeluxeL5|ima suck yo penis dry boi\n|-message|DeluxeL5 forfeited.\n|\n|win|kkonehunnid\n|raw|kkonehunnid's rating: 1104 &rarr; <strong>1135<\/strong><br \/>(+31 for winning)\n|raw|DeluxeL5's rating: 1186 &rarr; <strong>1155<\/strong><br \/>(-31 for losing)\n|l|\u2606DeluxeL5\n|c|\u2606kkonehunnid|Ariados balled on u\n","uploadtime":1701122639,"views":2,"p1id":"kkonehunnid","p2id":"deluxel5","formatid":"gen9ou","rating":1135,"private":0,"password":""}