{"id":"gen9ou-1989414423","p1":"Oshwottking","p2":"Fcastelll","format":"[Gen 9] OU","log":"|j|\u2606Oshwottking\n|j|\u2606Fcastelll\n|t:|1699847187\n|gametype|singles\n|player|p1|Oshwottking|silver|1153\n|player|p2|Fcastelll|shadowtriad|1127\n|teamsize|p1|6\n|teamsize|p2|6\n|gen|9\n|tier|[Gen 9] OU\n|rated|\n|rule|Sleep Clause Mod: Limit one foe put to sleep\n|rule|Species Clause: Limit one of each Pok\u00e9mon\n|rule|OHKO Clause: OHKO moves are banned\n|rule|Evasion Items Clause: Evasion items are banned\n|rule|Evasion Moves Clause: Evasion moves are banned\n|rule|Endless Battle Clause: Forcing endless battles is banned\n|rule|HP Percentage Mod: HP is shown in percentages\n|clearpoke\n|poke|p1|Ogerpon, F|\n|poke|p1|Blissey, F|\n|poke|p1|Corviknight, M|\n|poke|p1|Volcanion|\n|poke|p1|Great Tusk|\n|poke|p1|Goodra-Hisui, F|\n|poke|p2|Toxapex, M|\n|poke|p2|Gholdengo|\n|poke|p2|Goodra, M|\n|poke|p2|Pelipper, M|\n|poke|p2|Basculegion-F, F|\n|poke|p2|Barraskewda, M|\n|teampreview\n|inactive|Battle timer is ON: inactive players will automatically lose when time's up. (requested by Oshwottking)\n|\n|t:|1699847211\n|start\n|switch|p1a: Blissey|Blissey, F|100\/100\n|switch|p2a: Pelipper|Pelipper, M|100\/100\n|-weather|RainDance|[from] ability: Drizzle|[of] p2a: Pelipper\n|turn|1\n|\n|t:|1699847222\n|switch|p2a: Barraskewda|Barraskewda, M, shiny|100\/100\n|move|p1a: Blissey|Stealth Rock|p2a: Barraskewda\n|-sidestart|p2: Fcastelll|move: Stealth Rock\n|\n|-weather|RainDance|[upkeep]\n|upkeep\n|turn|2\n|\n|t:|1699847231\n|switch|p1a: Corviknight|Corviknight, M|100\/100\n|-ability|p1a: Corviknight|Pressure\n|move|p2a: Barraskewda|Close Combat|p1a: Corviknight\n|-damage|p1a: Corviknight|75\/100\n|-unboost|p2a: Barraskewda|def|1\n|-unboost|p2a: Barraskewda|spd|1\n|-damage|p2a: Barraskewda|84\/100|[from] item: Rocky Helmet|[of] p1a: Corviknight\n|\n|-weather|RainDance|[upkeep]\n|upkeep\n|turn|3\n|\n|t:|1699847244\n|switch|p2a: Goodra|Goodra, M|100\/100\n|-damage|p2a: Goodra|88\/100|[from] Stealth Rock\n|move|p1a: Corviknight|U-turn|p2a: Goodra\n|-damage|p2a: Goodra|75\/100\n|\n|t:|1699847251\n|switch|p1a: Blissey|Blissey, F|100\/100|[from] U-turn\n|\n|-weather|RainDance|[upkeep]\n|upkeep\n|turn|4\n|\n|t:|1699847260\n|move|p2a: Goodra|Thunder|p1a: Blissey\n|-damage|p1a: Blissey|90\/100\n|move|p1a: Blissey|Thunder Wave|p2a: Goodra\n|-status|p2a: Goodra|par\n|\n|-weather|RainDance|[upkeep]\n|-activate|p2a: Goodra|ability: Hydration\n|-curestatus|p2a: Goodra|par|[msg]\n|upkeep\n|turn|5\n|\n|t:|1699847271\n|move|p2a: Goodra|Earthquake|p1a: Blissey\n|-damage|p1a: Blissey|70\/100\n|move|p1a: Blissey|Seismic Toss|p2a: Goodra\n|-damage|p2a: Goodra|49\/100\n|\n|-weather|RainDance|[upkeep]\n|upkeep\n|turn|6\n|\n|t:|1699847280\n|move|p2a: Goodra|Outrage|p1a: Blissey\n|-damage|p1a: Blissey|34\/100\n|move|p1a: Blissey|Soft-Boiled|p1a: Blissey\n|-heal|p1a: Blissey|84\/100\n|\n|-weather|RainDance|[upkeep]\n|upkeep\n|turn|7\n|\n|t:|1699847289\n|switch|p1a: Corviknight|Corviknight, M|75\/100\n|-ability|p1a: Corviknight|Pressure\n|move|p2a: Goodra|Outrage|p1a: Corviknight|[from]lockedmove\n|-resisted|p1a: Corviknight\n|-damage|p1a: Corviknight|62\/100\n|-damage|p2a: Goodra|33\/100|[from] item: Rocky Helmet|[of] p1a: Corviknight\n|\n|-weather|RainDance|[upkeep]\n|upkeep\n|turn|8\n|\n|t:|1699847301\n|move|p2a: Goodra|Outrage|p1a: Corviknight|[from]lockedmove\n|-resisted|p1a: Corviknight\n|-damage|p1a: Corviknight|49\/100\n|-damage|p2a: Goodra|16\/100|[from] item: Rocky Helmet|[of] p1a: Corviknight\n|-start|p2a: Goodra|confusion|[fatigue]\n|move|p1a: Corviknight|Roost|p1a: Corviknight\n|-heal|p1a: Corviknight|99\/100\n|-singleturn|p1a: Corviknight|move: Roost\n|\n|-weather|none\n|upkeep\n|turn|9\n|\n|t:|1699847316\n|-activate|p2a: Goodra|confusion\n|-damage|p2a: Goodra|8\/100|[from] confusion\n|move|p1a: Corviknight|U-turn|p2a: Goodra\n|-damage|p2a: Goodra|0 fnt\n|faint|p2a: Goodra\n|\n|t:|1699847330\n|switch|p1a: Blissey|Blissey, F|84\/100|[from] U-turn\n|\n|upkeep\n|\n|t:|1699847336\n|switch|p2a: Toxapex|Toxapex, M|100\/100\n|-damage|p2a: Toxapex|88\/100|[from] Stealth Rock\n|turn|10\n|\n|t:|1699847342\n|move|p1a: Blissey|Thunder Wave|p2a: Toxapex\n|-status|p2a: Toxapex|par\n|move|p2a: Toxapex|Poison Jab|p1a: Blissey\n|-damage|p1a: Blissey|66\/100\n|\n|upkeep\n|turn|11\n|\n|t:|1699847350\n|switch|p1a: Great Tusk|Great Tusk|100\/100\n|move|p2a: Toxapex|Poison Jab|p1a: Great Tusk\n|-resisted|p1a: Great Tusk\n|-damage|p1a: Great Tusk|96\/100\n|-status|p1a: Great Tusk|psn\n|\n|-damage|p1a: Great Tusk|84\/100 psn|[from] psn\n|upkeep\n|turn|12\n|\n|t:|1699847364\n|move|p2a: Toxapex|Baneful Bunker|p2a: Toxapex\n|-singleturn|p2a: Toxapex|move: Protect\n|move|p1a: Great Tusk|Knock Off|p2a: Toxapex\n|-activate|p2a: Toxapex|move: Protect\n|\n|-damage|p1a: Great Tusk|72\/100 psn|[from] psn\n|upkeep\n|turn|13\n|\n|t:|1699847373\n|move|p1a: Great Tusk|Knock Off|p2a: Toxapex\n|-damage|p2a: Toxapex|71\/100 par\n|-damage|p1a: Great Tusk|55\/100 psn|[from] item: Rocky Helmet|[of] p2a: Toxapex\n|-enditem|p2a: Toxapex|Rocky Helmet|[from] move: Knock Off|[of] p1a: Great Tusk\n|cant|p2a: Toxapex|par\n|\n|-damage|p1a: Great Tusk|43\/100 psn|[from] psn\n|upkeep\n|turn|14\n|\n|t:|1699847383\n|-end|p1a: Great Tusk|Protosynthesis|[silent]\n|switch|p1a: Goodra|Goodra-Hisui, F|100\/100\n|move|p2a: Toxapex|Liquidation|p1a: Goodra\n|-resisted|p1a: Goodra\n|-damage|p1a: Goodra|91\/100\n|\n|upkeep\n|turn|15\n|\n|t:|1699847393\n|move|p1a: Goodra|Draco Meteor|p2a: Toxapex\n|-damage|p2a: Toxapex|14\/100 par\n|-unboost|p1a: Goodra|spa|2\n|move|p2a: Toxapex|Ice Spinner|p1a: Goodra\n|-damage|p1a: Goodra|79\/100\n|\n|upkeep\n|turn|16\n|\n|t:|1699847406\n|move|p2a: Toxapex|Baneful Bunker|p2a: Toxapex\n|-singleturn|p2a: Toxapex|move: Protect\n|move|p1a: Goodra|Draco Meteor|p2a: Toxapex\n|-activate|p2a: Toxapex|move: Protect\n|\n|upkeep\n|turn|17\n|\n|t:|1699847415\n|move|p1a: Goodra|Draco Meteor|p2a: Toxapex\n|-damage|p2a: Toxapex|0 fnt\n|-unboost|p1a: Goodra|spa|2\n|faint|p2a: Toxapex\n|\n|upkeep\n|\n|t:|1699847429\n|switch|p2a: Pelipper|Pelipper, M|100\/100\n|-damage|p2a: Pelipper|75\/100|[from] Stealth Rock\n|-weather|RainDance|[from] ability: Drizzle|[of] p2a: Pelipper\n|turn|18\n|\n|t:|1699847437\n|switch|p1a: Blissey|Blissey, F|66\/100\n|move|p2a: Pelipper|Ice Beam|p1a: Blissey\n|-damage|p1a: Blissey|59\/100\n|\n|-weather|RainDance|[upkeep]\n|upkeep\n|turn|19\n|\n|t:|1699847447\n|-terastallize|p2a: Pelipper|Ground\n|move|p2a: Pelipper|Hurricane|p1a: Blissey\n|-damage|p1a: Blissey|45\/100\n|move|p1a: Blissey|Thunder Wave|p2a: Pelipper\n|-immune|p2a: Pelipper\n|\n|-weather|RainDance|[upkeep]\n|upkeep\n|turn|20\n|\n|t:|1699847457\n|move|p2a: Pelipper|Hurricane|p1a: Blissey\n|-damage|p1a: Blissey|30\/100\n|move|p1a: Blissey|Soft-Boiled|p1a: Blissey\n|-heal|p1a: Blissey|80\/100\n|\n|-weather|RainDance|[upkeep]\n|upkeep\n|turn|21\n|\n|t:|1699847465\n|move|p2a: Pelipper|Hurricane|p1a: Blissey\n|-damage|p1a: Blissey|67\/100\n|-start|p1a: Blissey|confusion\n|-activate|p1a: Blissey|confusion\n|move|p1a: Blissey|Seismic Toss|p2a: Pelipper\n|-damage|p2a: Pelipper|45\/100\n|\n|-weather|RainDance|[upkeep]\n|upkeep\n|turn|22\n|\n|t:|1699847475\n|move|p2a: Pelipper|Surf|p1a: Blissey\n|-damage|p1a: Blissey|51\/100\n|-activate|p1a: Blissey|confusion\n|-damage|p1a: Blissey|50\/100|[from] confusion\n|\n|-weather|RainDance|[upkeep]\n|upkeep\n|turn|23\n|\n|t:|1699847483\n|move|p2a: Pelipper|Roost|p2a: Pelipper\n|-heal|p2a: Pelipper|95\/100\n|-end|p1a: Blissey|confusion\n|move|p1a: Blissey|Soft-Boiled|p1a: Blissey\n|-heal|p1a: Blissey|99\/100\n|\n|-weather|RainDance|[upkeep]\n|upkeep\n|turn|24\n|\n|t:|1699847492\n|move|p2a: Pelipper|Hurricane|p1a: Blissey\n|-damage|p1a: Blissey|86\/100\n|-start|p1a: Blissey|confusion\n|-activate|p1a: Blissey|confusion\n|-damage|p1a: Blissey|85\/100|[from] confusion\n|\n|-weather|RainDance|[upkeep]\n|upkeep\n|turn|25\n|\n|t:|1699847503\n|switch|p2a: Gholdengo|Gholdengo|100\/100\n|-damage|p2a: Gholdengo|94\/100|[from] Stealth Rock\n|-activate|p1a: Blissey|confusion\n|move|p1a: Blissey|Seismic Toss|p2a: Gholdengo\n|-immune|p2a: Gholdengo\n|\n|-weather|none\n|-heal|p2a: Gholdengo|100\/100|[from] item: Leftovers\n|upkeep\n|turn|26\n|\n|t:|1699847516\n|switch|p1a: Goodra|Goodra-Hisui, F|79\/100\n|move|p2a: Gholdengo|Make It Rain|p1a: Goodra\n|-resisted|p1a: Goodra\n|-damage|p1a: Goodra|66\/100\n|-unboost|p2a: Gholdengo|spa|1\n|\n|upkeep\n|turn|27\n|\n|t:|1699847526\n|switch|p2a: Pelipper|Pelipper, M, tera:Ground|95\/100\n|-damage|p2a: Pelipper|88\/100|[from] Stealth Rock\n|-weather|RainDance|[from] ability: Drizzle|[of] p2a: Pelipper\n|move|p1a: Goodra|Draco Meteor|p2a: Pelipper\n|-damage|p2a: Pelipper|18\/100\n|-unboost|p1a: Goodra|spa|2\n|\n|-weather|RainDance|[upkeep]\n|upkeep\n|turn|28\n|\n|t:|1699847539\n|move|p2a: Pelipper|Roost|p2a: Pelipper\n|-heal|p2a: Pelipper|68\/100\n|move|p1a: Goodra|Ice Beam|p2a: Pelipper\n|-supereffective|p2a: Pelipper\n|-damage|p2a: Pelipper|34\/100\n|\n|-weather|RainDance|[upkeep]\n|upkeep\n|turn|29\n|\n|t:|1699847548\n|switch|p2a: Gholdengo|Gholdengo|100\/100\n|-damage|p2a: Gholdengo|94\/100|[from] Stealth Rock\n|switch|p1a: Ogerpon|Ogerpon, F|100\/100\n|\n|-weather|RainDance|[upkeep]\n|-heal|p2a: Gholdengo|100\/100|[from] item: Leftovers\n|upkeep\n|turn|30\n|\n|t:|1699847564\n|move|p1a: Ogerpon|U-turn|p2a: Gholdengo\n|-resisted|p2a: Gholdengo\n|-damage|p2a: Gholdengo|93\/100\n|\n|t:|1699847570\n|switch|p1a: Blissey|Blissey, F|85\/100|[from] U-turn\n|move|p2a: Gholdengo|Thunder|p1a: Blissey\n|-damage|p1a: Blissey|71\/100\n|\n|-weather|RainDance|[upkeep]\n|-heal|p2a: Gholdengo|99\/100|[from] item: Leftovers\n|upkeep\n|turn|31\n|\n|t:|1699847581\n|switch|p1a: Goodra|Goodra-Hisui, F|66\/100\n|move|p2a: Gholdengo|Make It Rain|p1a: Goodra\n|-resisted|p1a: Goodra\n|-damage|p1a: Goodra|53\/100\n|-unboost|p2a: Gholdengo|spa|1\n|\n|-weather|RainDance|[upkeep]\n|-heal|p2a: Gholdengo|100\/100|[from] item: Leftovers\n|upkeep\n|turn|32\n|\n|t:|1699847594\n|move|p2a: Gholdengo|Dazzling Gleam|p1a: Goodra\n|-damage|p1a: Goodra|46\/100\n|move|p1a: Goodra|Ice Beam|p2a: Gholdengo\n|-resisted|p2a: Gholdengo\n|-damage|p2a: Gholdengo|89\/100\n|\n|-weather|RainDance|[upkeep]\n|-heal|p2a: Gholdengo|95\/100|[from] item: Leftovers\n|upkeep\n|turn|33\n|\n|t:|1699847604\n|move|p2a: Gholdengo|Shadow Ball|p1a: Goodra\n|-damage|p1a: Goodra|35\/100\n|-unboost|p1a: Goodra|spd|1\n|move|p1a: Goodra|Flamethrower|p2a: Gholdengo\n|-supereffective|p2a: Gholdengo\n|-damage|p2a: Gholdengo|69\/100\n|\n|-weather|RainDance|[upkeep]\n|-heal|p2a: Gholdengo|76\/100|[from] item: Leftovers\n|upkeep\n|turn|34\n|\n|t:|1699847614\n|switch|p1a: Ogerpon|Ogerpon, F|100\/100\n|move|p2a: Gholdengo|Shadow Ball|p1a: Ogerpon\n|-damage|p1a: Ogerpon|69\/100\n|\n|-weather|none\n|-heal|p2a: Gholdengo|82\/100|[from] item: Leftovers\n|upkeep\n|turn|35\n|\n|t:|1699847624\n|switch|p2a: Pelipper|Pelipper, M, tera:Ground|34\/100\n|-damage|p2a: Pelipper|27\/100|[from] Stealth Rock\n|-weather|RainDance|[from] ability: Drizzle|[of] p2a: Pelipper\n|move|p1a: Ogerpon|Stomping Tantrum|p2a: Pelipper\n|-damage|p2a: Pelipper|0 fnt\n|faint|p2a: Pelipper\n|\n|-weather|RainDance|[upkeep]\n|upkeep\n|\n|t:|1699847637\n|switch|p2a: Basculegion|Basculegion-F, F|100\/100\n|turn|36\n|\n|t:|1699847648\n|switch|p1a: Great Tusk|Great Tusk|43\/100 psn\n|move|p2a: Basculegion|Ice Beam|p1a: Great Tusk\n|-supereffective|p1a: Great Tusk\n|-damage|p1a: Great Tusk|0 fnt\n|faint|p1a: Great Tusk\n|-end|p1a: Great Tusk|Protosynthesis|[silent]\n|\n|-weather|RainDance|[upkeep]\n|upkeep\n|\n|t:|1699847653\n|switch|p1a: Blissey|Blissey, F|71\/100\n|turn|37\n|\n|t:|1699847662\n|move|p2a: Basculegion|Surf|p1a: Blissey\n|-damage|p1a: Blissey|50\/100\n|move|p1a: Blissey|Soft-Boiled|p1a: Blissey\n|-heal|p1a: Blissey|99\/100\n|\n|-weather|RainDance|[upkeep]\n|upkeep\n|turn|38\n|\n|t:|1699847671\n|move|p2a: Basculegion|Ice Beam|p1a: Blissey\n|-damage|p1a: Blissey|91\/100\n|move|p1a: Blissey|Thunder Wave|p2a: Basculegion\n|-status|p2a: Basculegion|par\n|\n|-weather|RainDance|[upkeep]\n|upkeep\n|turn|39\n|\n|t:|1699847687\n|switch|p1a: Volcanion|Volcanion|100\/100\n|move|p2a: Basculegion|Ice Beam|p1a: Volcanion\n|-resisted|p1a: Volcanion\n|-damage|p1a: Volcanion|92\/100\n|\n|-weather|RainDance|[upkeep]\n|upkeep\n|turn|40\n|\n|t:|1699847700\n|move|p1a: Volcanion|Steam Eruption|p2a: Basculegion\n|-resisted|p2a: Basculegion\n|-damage|p2a: Basculegion|45\/100 par\n|move|p2a: Basculegion|Shadow Ball|p1a: Volcanion\n|-damage|p1a: Volcanion|46\/100\n|\n|-weather|RainDance|[upkeep]\n|upkeep\n|turn|41\n|\n|t:|1699847709\n|move|p1a: Volcanion|Steam Eruption|p2a: Basculegion\n|-resisted|p2a: Basculegion\n|-damage|p2a: Basculegion|0 fnt\n|faint|p2a: Basculegion\n|\n|-weather|RainDance|[upkeep]\n|upkeep\n|\n|t:|1699847716\n|switch|p2a: Gholdengo|Gholdengo|82\/100\n|-damage|p2a: Gholdengo|76\/100|[from] Stealth Rock\n|turn|42\n|\n|t:|1699847724\n|move|p1a: Volcanion|Steam Eruption|p2a: Gholdengo\n|-damage|p2a: Gholdengo|0 fnt\n|faint|p2a: Gholdengo\n|\n|-weather|none\n|upkeep\n|\n|t:|1699847730\n|switch|p2a: Barraskewda|Barraskewda, M, shiny|84\/100\n|turn|43\n|\n|t:|1699847745\n|move|p2a: Barraskewda|Drill Run|p1a: Volcanion\n|-supereffective|p1a: Volcanion\n|-crit|p1a: Volcanion\n|-damage|p1a: Volcanion|0 fnt\n|faint|p1a: Volcanion\n|\n|upkeep\n|\n|t:|1699847749\n|switch|p1a: Ogerpon|Ogerpon, F|69\/100\n|turn|44\n|\n|t:|1699847754\n|-terastallize|p1a: Ogerpon|Grass\n|detailschange|p1a: Ogerpon|Ogerpon-Teal-Tera, F, tera:Grass\n|-ability|p1a: Ogerpon|Embody Aspect (Teal)|boost\n|-boost|p1a: Ogerpon|spe|1\n|move|p1a: Ogerpon|Ivy Cudgel|p2a: Barraskewda\n|-supereffective|p2a: Barraskewda\n|-damage|p2a: Barraskewda|0 fnt\n|faint|p2a: Barraskewda\n|\n|win|Oshwottking\n|raw|Oshwottking's rating: 1153 &rarr; <strong>1176<\/strong><br \/>(+23 for winning)\n|raw|Fcastelll's rating: 1127 &rarr; <strong>1104<\/strong><br \/>(-23 for losing)\n","uploadtime":1699847760,"views":28,"p1id":"oshwottking","p2id":"fcastelll","formatid":"gen9ou","rating":1104,"private":0,"password":""}