{"id":"gen9ou-2000358242","p1":"Gofydex","p2":"Jacataca37","format":"[Gen 9] OU","log":"|j|\u2606Gofydex\n|j|\u2606Jacataca37\n|t:|1701188035\n|gametype|singles\n|player|p1|Gofydex|2|1119\n|player|p2|Jacataca37|medium|1069\n|teamsize|p1|6\n|teamsize|p2|6\n|gen|9\n|tier|[Gen 9] OU\n|rated|\n|rule|Sleep Clause Mod: Limit one foe put to sleep\n|rule|Species Clause: Limit one of each Pok\u00e9mon\n|rule|OHKO Clause: OHKO moves are banned\n|rule|Evasion Items Clause: Evasion items are banned\n|rule|Evasion Moves Clause: Evasion moves are banned\n|rule|Endless Battle Clause: Forcing endless battles is banned\n|rule|HP Percentage Mod: HP is shown in percentages\n|clearpoke\n|poke|p1|Ribombee, M|\n|poke|p1|Ogerpon-Cornerstone, F|\n|poke|p1|Gyarados, M|\n|poke|p1|Greninja-*, M|\n|poke|p1|Torkoal, F|\n|poke|p1|Arcanine-Hisui, F|\n|poke|p2|Kleavor, M|\n|poke|p2|Zapdos|\n|poke|p2|Great Tusk|\n|poke|p2|Froslass, F|\n|poke|p2|Toedscruel, M|\n|poke|p2|Alomomola, F|\n|teampreview\n|inactive|Battle timer is ON: inactive players will automatically lose when time's up. (requested by Jacataca37)\n|inactive|Gofydex has 120 seconds left.\n|\n|t:|1701188083\n|start\n|switch|p1a: Ogerpon|Ogerpon-Cornerstone, F|100\/100\n|switch|p2a: Kleavor|Kleavor, M|100\/100\n|turn|1\n|\n|t:|1701188097\n|move|p2a: Kleavor|U-turn|p1a: Ogerpon\n|-supereffective|p1a: Ogerpon\n|-ability|p1a: Ogerpon|Sturdy\n|-damage|p1a: Ogerpon|1\/100\n|\n|t:|1701188109\n|switch|p2a: Toedscruel|Toedscruel, M|100\/100|[from] U-turn\n|move|p1a: Ogerpon|Swords Dance|p1a: Ogerpon\n|-boost|p1a: Ogerpon|atk|2\n|\n|upkeep\n|turn|2\n|\n|t:|1701188122\n|move|p1a: Ogerpon|Trailblaze|p2a: Toedscruel\n|-enditem|p2a: Toedscruel|Focus Sash\n|-damage|p2a: Toedscruel|1\/100\n|-boost|p1a: Ogerpon|spe|1\n|move|p2a: Toedscruel|Rapid Spin|p1a: Ogerpon\n|-resisted|p1a: Ogerpon\n|-damage|p1a: Ogerpon|0 fnt\n|-boost|p2a: Toedscruel|spe|1\n|faint|p1a: Ogerpon\n|\n|upkeep\n|\n|t:|1701188134\n|switch|p1a: Gyarados|Gyarados, M|100\/100\n|turn|3\n|\n|t:|1701188138\n|move|p2a: Toedscruel|Leaf Storm|p1a: Gyarados\n|-damage|p1a: Gyarados|48\/100\n|-unboost|p2a: Toedscruel|spa|2\n|move|p1a: Gyarados|Dragon Dance|p1a: Gyarados\n|-boost|p1a: Gyarados|atk|1\n|-boost|p1a: Gyarados|spe|1\n|\n|upkeep\n|turn|4\n|\n|t:|1701188150\n|move|p1a: Gyarados|Waterfall|p2a: Toedscruel\n|-damage|p2a: Toedscruel|0 fnt\n|faint|p2a: Toedscruel\n|-ability|p1a: Gyarados|Moxie|boost\n|-boost|p1a: Gyarados|atk|1\n|-damage|p1a: Gyarados|38\/100|[from] item: Life Orb\n|\n|upkeep\n|\n|t:|1701188158\n|switch|p2a: Kleavor|Kleavor, M|100\/100\n|turn|5\n|\n|t:|1701188162\n|move|p2a: Kleavor|Stone Axe|p1a: Gyarados\n|-supereffective|p1a: Gyarados\n|-damage|p1a: Gyarados|0 fnt\n|-sidestart|p1: Gofydex|move: Stealth Rock\n|faint|p1a: Gyarados\n|\n|upkeep\n|\n|t:|1701188175\n|switch|p1a: Torkoal|Torkoal, F|100\/100\n|-damage|p1a: Torkoal|76\/100|[from] Stealth Rock\n|-weather|SunnyDay|[from] ability: Drought|[of] p1a: Torkoal\n|turn|6\n|\n|t:|1701188183\n|move|p2a: Kleavor|Stone Axe|p1a: Torkoal\n|-supereffective|p1a: Torkoal\n|-damage|p1a: Torkoal|5\/100\n|-damage|p2a: Kleavor|84\/100|[from] item: Rocky Helmet|[of] p1a: Torkoal\n|move|p1a: Torkoal|Rapid Spin|p2a: Kleavor\n|-resisted|p2a: Kleavor\n|-crit|p2a: Kleavor\n|-damage|p2a: Kleavor|75\/100\n|-boost|p1a: Torkoal|spe|1\n|-sideend|p1: Gofydex|Stealth Rock|[from] move: Rapid Spin|[of] p1a: Torkoal\n|\n|-weather|SunnyDay|[upkeep]\n|upkeep\n|turn|7\n|\n|t:|1701188197\n|move|p2a: Kleavor|Stone Axe|p1a: Torkoal\n|-supereffective|p1a: Torkoal\n|-damage|p1a: Torkoal|0 fnt\n|-damage|p2a: Kleavor|59\/100|[from] item: Rocky Helmet|[of] p1a: Torkoal\n|-sidestart|p1: Gofydex|move: Stealth Rock\n|faint|p1a: Torkoal\n|\n|-weather|SunnyDay|[upkeep]\n|upkeep\n|\n|t:|1701188205\n|switch|p1a: Arcanine|Arcanine-Hisui, F|100\/100\n|-damage|p1a: Arcanine|76\/100|[from] Stealth Rock\n|turn|8\n|\n|t:|1701188214\n|switch|p2a: Alomomola|Alomomola, F|100\/100\n|move|p1a: Arcanine|Flare Blitz|p2a: Alomomola\n|-resisted|p2a: Alomomola\n|-damage|p2a: Alomomola|77\/100\n|-damage|p1a: Arcanine|59\/100|[from] item: Rocky Helmet|[of] p2a: Alomomola\n|\n|-weather|SunnyDay|[upkeep]\n|-heal|p1a: Arcanine|65\/100|[from] item: Leftovers\n|upkeep\n|turn|9\n|\n|t:|1701188227\n|move|p1a: Arcanine|Head Smash|p2a: Alomomola\n|-damage|p2a: Alomomola|38\/100\n|-damage|p1a: Arcanine|49\/100|[from] item: Rocky Helmet|[of] p2a: Alomomola\n|move|p2a: Alomomola|Flip Turn|p1a: Arcanine\n|-supereffective|p1a: Arcanine\n|-damage|p1a: Arcanine|16\/100\n|\n|t:|1701188237\n|switch|p2a: Kleavor|Kleavor, M|59\/100|[from] Flip Turn\n|\n|-weather|SunnyDay|[upkeep]\n|-heal|p1a: Arcanine|22\/100|[from] item: Leftovers\n|upkeep\n|turn|10\n|\n|t:|1701188245\n|move|p2a: Kleavor|Close Combat|p1a: Arcanine\n|-supereffective|p1a: Arcanine\n|-damage|p1a: Arcanine|0 fnt\n|-unboost|p2a: Kleavor|def|1\n|-unboost|p2a: Kleavor|spd|1\n|faint|p1a: Arcanine\n|\n|-weather|none\n|upkeep\n|\n|t:|1701188253\n|switch|p1a: Ribombee|Ribombee, M|100\/100\n|-damage|p1a: Ribombee|76\/100|[from] Stealth Rock\n|turn|11\n|\n|t:|1701188261\n|switch|p2a: Zapdos|Zapdos|100\/100\n|move|p1a: Ribombee|Sticky Web|p2a: Zapdos\n|-sidestart|p2: Jacataca37|move: Sticky Web\n|\n|upkeep\n|turn|12\n|\n|t:|1701188266\n|move|p1a: Ribombee|Tera Blast|p2a: Zapdos\n|-damage|p2a: Zapdos|78\/100\n|move|p2a: Zapdos|Hurricane|p1a: Ribombee\n|-supereffective|p1a: Ribombee\n|-damage|p1a: Ribombee|0 fnt\n|faint|p1a: Ribombee\n|\n|-heal|p2a: Zapdos|84\/100|[from] item: Leftovers\n|upkeep\n|\n|t:|1701188276\n|switch|p1a: Greninja|Greninja, M|100\/100\n|-damage|p1a: Greninja|88\/100|[from] Stealth Rock\n|turn|13\n|\n|t:|1701188285\n|-terastallize|p1a: Greninja|Water\n|-terastallize|p2a: Zapdos|Water\n|move|p1a: Greninja|Surf|p2a: Zapdos\n|-resisted|p2a: Zapdos\n|-damage|p2a: Zapdos|55\/100\n|-damage|p1a: Greninja|78\/100|[from] item: Life Orb\n|move|p2a: Zapdos|Discharge|p1a: Greninja\n|-supereffective|p1a: Greninja\n|-damage|p1a: Greninja|0 fnt\n|faint|p1a: Greninja\n|\n|win|Jacataca37\n|raw|Gofydex's rating: 1119 &rarr; <strong>1090<\/strong><br \/>(-29 for losing)\n|raw|Jacataca37's rating: 1069 &rarr; <strong>1103<\/strong><br \/>(+34 for winning)\n","uploadtime":1701188303,"views":2,"p1id":"gofydex","p2id":"jacataca37","formatid":"gen9ou","rating":1090,"private":0,"password":""}