{"id":"gen9ou-1991794102","p1":"thehigharbiter","p2":"UI sign Lucario","format":"[Gen 9] OU","log":"|j|\u2606thehigharbiter\n|j|\u2606UI sign Lucario\n|t:|1700118565\n|gametype|singles\n|player|p1|thehigharbiter|170|1329\n|player|p2|UI sign Lucario|kieran-festival|1298\n|teamsize|p1|6\n|teamsize|p2|6\n|gen|9\n|tier|[Gen 9] OU\n|rated|\n|rule|Sleep Clause Mod: Limit one foe put to sleep\n|rule|Species Clause: Limit one of each Pok\u00e9mon\n|rule|OHKO Clause: OHKO moves are banned\n|rule|Evasion Items Clause: Evasion items are banned\n|rule|Evasion Moves Clause: Evasion moves are banned\n|rule|Endless Battle Clause: Forcing endless battles is banned\n|rule|HP Percentage Mod: HP is shown in percentages\n|clearpoke\n|poke|p1|Crawdaunt, M|\n|poke|p1|Rillaboom, F|\n|poke|p1|Iron Valiant|\n|poke|p1|Sneasler, F|\n|poke|p1|Glimmora, F|\n|poke|p1|Dragonite, M|\n|poke|p2|Weavile, M|\n|poke|p2|Corviknight, M|\n|poke|p2|Landorus-Therian, M|\n|poke|p2|Kommo-o, F|\n|poke|p2|Cinderace, F|\n|poke|p2|Kingambit, M|\n|teampreview\n|\n|t:|1700118570\n|start\n|switch|p1a: Glimmora|Glimmora, F|100\/100\n|switch|p2a: Kommo-o|Kommo-o, F|100\/100\n|turn|1\n|\n|t:|1700118577\n|move|p1a: Glimmora|Stealth Rock|p2a: Kommo-o\n|-sidestart|p2: UI sign Lucario|move: Stealth Rock\n|move|p2a: Kommo-o|Clangorous Soul|p2a: Kommo-o\n|-boost|p2a: Kommo-o|atk|1\n|-boost|p2a: Kommo-o|def|1\n|-boost|p2a: Kommo-o|spa|1\n|-boost|p2a: Kommo-o|spd|1\n|-boost|p2a: Kommo-o|spe|1\n|-damage|p2a: Kommo-o|68\/100\n|-enditem|p2a: Kommo-o|Throat Spray\n|-boost|p2a: Kommo-o|spa|1|[from] item: Throat Spray\n|\n|upkeep\n|turn|2\n|\n|t:|1700118591\n|move|p2a: Kommo-o|Clangorous Soul|p2a: Kommo-o\n|-boost|p2a: Kommo-o|atk|1\n|-boost|p2a: Kommo-o|def|1\n|-boost|p2a: Kommo-o|spa|1\n|-boost|p2a: Kommo-o|spd|1\n|-boost|p2a: Kommo-o|spe|1\n|-damage|p2a: Kommo-o|35\/100\n|move|p1a: Glimmora|Mortal Spin|p2a: Kommo-o\n|-damage|p2a: Kommo-o|31\/100\n|-status|p2a: Kommo-o|psn\n|\n|-damage|p2a: Kommo-o|19\/100 psn|[from] psn\n|upkeep\n|turn|3\n|\n|t:|1700118605\n|-terastallize|p1a: Glimmora|Ghost\n|move|p2a: Kommo-o|Clanging Scales|p1a: Glimmora\n|-enditem|p1a: Glimmora|Focus Sash\n|-damage|p1a: Glimmora|1\/100\n|-unboost|p2a: Kommo-o|def|1\n|move|p1a: Glimmora|Sludge Wave|p2a: Kommo-o\n|-damage|p2a: Kommo-o|0 fnt\n|faint|p2a: Kommo-o\n|\n|upkeep\n|\n|t:|1700118611\n|switch|p2a: Corviknight|Corviknight, M|100\/100\n|-damage|p2a: Corviknight|88\/100|[from] Stealth Rock\n|-ability|p2a: Corviknight|Pressure\n|turn|4\n|\n|t:|1700118622\n|move|p1a: Glimmora|Stealth Rock||[still]\n|-fail|p1a: Glimmora\n|move|p2a: Corviknight|Defog|p1a: Glimmora\n|-unboost|p1a: Glimmora|evasion|1\n|-sideend|p2: UI sign Lucario|Stealth Rock|[from] move: Defog|[of] p2a: Corviknight\n|\n|upkeep\n|turn|5\n|\n|t:|1700118627\n|move|p1a: Glimmora|Stealth Rock|p2a: Corviknight\n|-sidestart|p2: UI sign Lucario|move: Stealth Rock\n|move|p2a: Corviknight|Brave Bird|p1a: Glimmora\n|-damage|p1a: Glimmora|0 fnt\n|-activate|p1a: Glimmora|ability: Toxic Debris\n|-sidestart|p2: UI sign Lucario|move: Toxic Spikes\n|faint|p1a: Glimmora\n|-damage|p2a: Corviknight|88\/100|[from] Recoil\n|\n|upkeep\n|\n|t:|1700118637\n|switch|p1a: thestarmich|Crawdaunt, M|100\/100\n|turn|6\n|\n|t:|1700118640\n|move|p1a: thestarmich|Crabhammer|p2a: Corviknight\n|-damage|p2a: Corviknight|28\/100\n|-damage|p1a: thestarmich|84\/100|[from] item: Rocky Helmet|[of] p2a: Corviknight\n|move|p2a: Corviknight|U-turn|p1a: thestarmich\n|-supereffective|p1a: thestarmich\n|-damage|p1a: thestarmich|40\/100\n|\n|t:|1700118643\n|switch|p2a: Cinderace|Cinderace, F|100\/100|[from] U-turn\n|\n|upkeep\n|turn|7\n|\n|t:|1700118656\n|move|p2a: Cinderace|Court Change|p2a: Cinderace\n|-swapsideconditions\n|-activate|p2a: Cinderace|move: Court Change\n|move|p1a: thestarmich|Crabhammer|p2a: Cinderace\n|-supereffective|p2a: Cinderace\n|-damage|p2a: Cinderace|0 fnt\n|faint|p2a: Cinderace\n|\n|upkeep\n|\n|t:|1700118659\n|switch|p2a: Landorus|Landorus-Therian, M|100\/100\n|-ability|p2a: Landorus|Intimidate|boost\n|-unboost|p1a: thestarmich|atk|1\n|turn|8\n|\n|t:|1700118689\n|switch|p1a: Dragonite|Dragonite, M|100\/100\n|move|p2a: Landorus|U-turn|p1a: Dragonite\n|-resisted|p1a: Dragonite\n|-damage|p1a: Dragonite|96\/100\n|\n|t:|1700118693\n|switch|p2a: Weavile|Weavile, M|100\/100|[from] U-turn\n|-ability|p2a: Weavile|Pressure\n|\n|upkeep\n|turn|9\n|\n|t:|1700118704\n|switch|p1a: Sneasler|Sneasler, F|100\/100\n|-damage|p1a: Sneasler|95\/100|[from] Stealth Rock\n|-sideend|p1: thehigharbiter|move: Toxic Spikes|[of] p1a: Sneasler\n|move|p2a: Weavile|Icicle Spear|p1a: Sneasler\n|-damage|p1a: Sneasler|74\/100\n|-damage|p1a: Sneasler|51\/100\n|-crit|p1a: Sneasler\n|-damage|p1a: Sneasler|18\/100\n|-damage|p1a: Sneasler|0 fnt\n|faint|p1a: Sneasler\n|-hitcount|p1: Sneasler|4\n|\n|upkeep\n|\n|t:|1700118716\n|switch|p1a: thestarmich|Crawdaunt, M|40\/100\n|-damage|p1a: thestarmich|27\/100|[from] Stealth Rock\n|turn|10\n|\n|t:|1700118724\n|move|p1a: thestarmich|Aqua Jet|p2a: Weavile\n|-damage|p2a: Weavile|31\/100\n|move|p2a: Weavile|Swords Dance|p2a: Weavile\n|-boost|p2a: Weavile|atk|2\n|\n|upkeep\n|turn|11\n|\n|t:|1700118732\n|move|p2a: Weavile|Ice Shard|p1a: thestarmich\n|-resisted|p1a: thestarmich\n|-damage|p1a: thestarmich|0 fnt\n|faint|p1a: thestarmich\n|\n|upkeep\n|\n|t:|1700118737\n|switch|p1a: Dragonite|Dragonite, M|96\/100\n|turn|12\n|\n|t:|1700118742\n|move|p1a: Dragonite|Extreme Speed|p2a: Weavile\n|-damage|p2a: Weavile|0 fnt\n|faint|p2a: Weavile\n|\n|upkeep\n|\n|t:|1700118744\n|switch|p2a: Landorus|Landorus-Therian, M|100\/100\n|-ability|p2a: Landorus|Intimidate|boost\n|-unboost|p1a: Dragonite|atk|1\n|turn|13\n|\n|t:|1700118749\n|move|p1a: Dragonite|Dragon Dance|p1a: Dragonite\n|-boost|p1a: Dragonite|atk|1\n|-boost|p1a: Dragonite|spe|1\n|move|p2a: Landorus|U-turn|p1a: Dragonite\n|-resisted|p1a: Dragonite\n|-damage|p1a: Dragonite|84\/100\n|\n|t:|1700118756\n|switch|p2a: Corviknight|Corviknight, M|28\/100|[from] U-turn\n|-ability|p2a: Corviknight|Pressure\n|\n|upkeep\n|turn|14\n|\n|t:|1700118762\n|switch|p2a: Landorus|Landorus-Therian, M|100\/100\n|-ability|p2a: Landorus|Intimidate|boost\n|-unboost|p1a: Dragonite|atk|1\n|move|p1a: Dragonite|Dragon Dance|p1a: Dragonite\n|-boost|p1a: Dragonite|atk|1\n|-boost|p1a: Dragonite|spe|1\n|\n|upkeep\n|turn|15\n|\n|t:|1700118771\n|switch|p2a: Corviknight|Corviknight, M|28\/100\n|-ability|p2a: Corviknight|Pressure\n|move|p1a: Dragonite|Dragon Dance|p1a: Dragonite\n|-boost|p1a: Dragonite|atk|1\n|-boost|p1a: Dragonite|spe|1\n|\n|upkeep\n|turn|16\n|inactive|Battle timer is ON: inactive players will automatically lose when time's up. (requested by UI sign Lucario)\n|\n|t:|1700118781\n|switch|p2a: Landorus|Landorus-Therian, M|100\/100\n|-ability|p2a: Landorus|Intimidate|boost\n|-unboost|p1a: Dragonite|atk|1\n|move|p1a: Dragonite|Roost|p1a: Dragonite\n|-heal|p1a: Dragonite|100\/100\n|-singleturn|p1a: Dragonite|move: Roost\n|\n|upkeep\n|turn|17\n|\n|t:|1700118792\n|switch|p2a: Corviknight|Corviknight, M|28\/100\n|-ability|p2a: Corviknight|Pressure\n|move|p1a: Dragonite|Extreme Speed|p2a: Corviknight\n|-resisted|p2a: Corviknight\n|-damage|p2a: Corviknight|19\/100\n|-damage|p1a: Dragonite|84\/100|[from] item: Rocky Helmet|[of] p2a: Corviknight\n|\n|upkeep\n|turn|18\n|\n|t:|1700118800\n|move|p1a: Dragonite|Dragon Dance|p1a: Dragonite\n|-boost|p1a: Dragonite|atk|1\n|-boost|p1a: Dragonite|spe|1\n|move|p2a: Corviknight|Roost|p2a: Corviknight\n|-heal|p2a: Corviknight|69\/100\n|-singleturn|p2a: Corviknight|move: Roost\n|\n|upkeep\n|turn|19\n|\n|t:|1700118808\n|switch|p2a: Landorus|Landorus-Therian, M|100\/100\n|-ability|p2a: Landorus|Intimidate|boost\n|-unboost|p1a: Dragonite|atk|1\n|move|p1a: Dragonite|Dragon Dance|p1a: Dragonite\n|-boost|p1a: Dragonite|atk|1\n|-boost|p1a: Dragonite|spe|1\n|\n|upkeep\n|turn|20\n|\n|t:|1700118815\n|move|p1a: Dragonite|Roost|p1a: Dragonite\n|-heal|p1a: Dragonite|100\/100\n|-singleturn|p1a: Dragonite|move: Roost\n|move|p2a: Landorus|U-turn|p1a: Dragonite\n|-damage|p1a: Dragonite|89\/100\n|\n|t:|1700118817\n|switch|p2a: Corviknight|Corviknight, M|69\/100|[from] U-turn\n|-ability|p2a: Corviknight|Pressure\n|\n|upkeep\n|turn|21\n|\n|t:|1700118825\n|switch|p2a: Landorus|Landorus-Therian, M|100\/100\n|-ability|p2a: Landorus|Intimidate|boost\n|-unboost|p1a: Dragonite|atk|1\n|move|p1a: Dragonite|Extreme Speed|p2a: Landorus\n|-damage|p2a: Landorus|70\/100\n|-damage|p1a: Dragonite|72\/100|[from] item: Rocky Helmet|[of] p2a: Landorus\n|\n|upkeep\n|turn|22\n|\n|t:|1700118838\n|switch|p1a: Rillaboom|Rillaboom, F|100\/100\n|-damage|p1a: Rillaboom|88\/100|[from] Stealth Rock\n|-fieldstart|move: Grassy Terrain|[from] ability: Grassy Surge|[of] p1a: Rillaboom\n|move|p2a: Landorus|U-turn|p1a: Rillaboom\n|-supereffective|p1a: Rillaboom\n|-damage|p1a: Rillaboom|47\/100\n|\n|t:|1700118840\n|switch|p2a: Corviknight|Corviknight, M|69\/100|[from] U-turn\n|-ability|p2a: Corviknight|Pressure\n|\n|-heal|p1a: Rillaboom|53\/100|[from] Grassy Terrain\n|upkeep\n|turn|23\n|\n|t:|1700118852\n|move|p1a: Rillaboom|Drain Punch|p2a: Corviknight\n|-damage|p2a: Corviknight|52\/100\n|-heal|p1a: Rillaboom|61\/100|[from] drain|[of] p2a: Corviknight\n|-damage|p1a: Rillaboom|45\/100|[from] item: Rocky Helmet|[of] p2a: Corviknight\n|move|p2a: Corviknight|Roost|p2a: Corviknight\n|-heal|p2a: Corviknight|100\/100\n|-singleturn|p2a: Corviknight|move: Roost\n|\n|-heal|p1a: Rillaboom|51\/100|[from] Grassy Terrain\n|upkeep\n|turn|24\n|-message|thehigharbiter forfeited.\n|\n|win|UI sign Lucario\n|raw|thehigharbiter's rating: 1329 &rarr; <strong>1307<\/strong><br \/>(-22 for losing)\n|raw|UI sign Lucario's rating: 1298 &rarr; <strong>1325<\/strong><br \/>(+27 for winning)\n|l|\u2606thehigharbiter\n","uploadtime":1700118869,"views":23,"p1id":"thehigharbiter","p2id":"uisignlucario","formatid":"gen9ou","rating":1307,"private":0,"password":""}