{"id":"gen9ou-1997025871","p1":"King132","p2":"yamiyami17","format":"[Gen 9] OU","log":"|j|\u203dKing132\n|j|\u2606yamiyami17\n|t:|1700757002\n|gametype|singles\n|player|p1|King132|lucas|1090\n|player|p2|yamiyami17|1|1204\n|teamsize|p1|6\n|teamsize|p2|6\n|gen|9\n|tier|[Gen 9] OU\n|rated|\n|rule|Sleep Clause Mod: Limit one foe put to sleep\n|rule|Species Clause: Limit one of each Pok\u00e9mon\n|rule|OHKO Clause: OHKO moves are banned\n|rule|Evasion Items Clause: Evasion items are banned\n|rule|Evasion Moves Clause: Evasion moves are banned\n|rule|Endless Battle Clause: Forcing endless battles is banned\n|rule|HP Percentage Mod: HP is shown in percentages\n|clearpoke\n|poke|p1|Landorus-Therian, M|\n|poke|p1|Kingambit, M|\n|poke|p1|Dondozo, M|\n|poke|p1|Iron Moth|\n|poke|p1|Enamorus, F|\n|poke|p1|Ogerpon-Wellspring, F|\n|poke|p2|Sinistcha-Masterpiece|\n|poke|p2|Snorlax, F|\n|poke|p2|Cloyster, M|\n|poke|p2|Glimmora, M|\n|poke|p2|Ceruledge, M|\n|poke|p2|Kommo-o, F|\n|teampreview\n|inactive|Battle timer is ON: inactive players will automatically lose when time's up. (requested by King132)\n|\n|t:|1700757007\n|start\n|switch|p1a: Landorus|Landorus-Therian, M|100\/100\n|switch|p2a: Sinistcha|Sinistcha-Masterpiece|100\/100\n|-ability|p1a: Landorus|Intimidate|boost\n|-unboost|p2a: Sinistcha|atk|1\n|turn|1\n|\n|t:|1700757019\n|move|p1a: Landorus|Swords Dance|p1a: Landorus\n|-boost|p1a: Landorus|atk|2\n|move|p2a: Sinistcha|Iron Defense|p2a: Sinistcha\n|-boost|p2a: Sinistcha|def|2\n|\n|upkeep\n|turn|2\n|\n|t:|1700757027\n|move|p1a: Landorus|Earthquake|p2a: Sinistcha\n|-resisted|p2a: Sinistcha\n|-damage|p2a: Sinistcha|77\/100\n|-damage|p1a: Landorus|91\/100|[from] item: Life Orb\n|move|p2a: Sinistcha|Iron Defense|p2a: Sinistcha\n|-boost|p2a: Sinistcha|def|2\n|\n|-heal|p2a: Sinistcha|83\/100|[from] item: Leftovers\n|upkeep\n|turn|3\n|\n|t:|1700757036\n|move|p1a: Landorus|Swords Dance|p1a: Landorus\n|-boost|p1a: Landorus|atk|2\n|move|p2a: Sinistcha|Calm Mind|p2a: Sinistcha\n|-boost|p2a: Sinistcha|spa|1\n|-boost|p2a: Sinistcha|spd|1\n|\n|-heal|p2a: Sinistcha|89\/100|[from] item: Leftovers\n|upkeep\n|turn|4\n|\n|t:|1700757045\n|move|p1a: Landorus|Stealth Rock|p2a: Sinistcha\n|-sidestart|p2: yamiyami17|move: Stealth Rock\n|move|p2a: Sinistcha|Matcha Gotcha|p1a: Landorus\n|-damage|p1a: Landorus|27\/100\n|-heal|p2a: Sinistcha|100\/100|[from] drain|[of] p1a: Landorus\n|-status|p1a: Landorus|brn\n|\n|-damage|p1a: Landorus|21\/100 brn|[from] brn\n|upkeep\n|turn|5\n|\n|t:|1700757058\n|move|p1a: Landorus|Rock Slide|p2a: Sinistcha\n|-damage|p2a: Sinistcha|89\/100\n|-damage|p1a: Landorus|11\/100 brn|[from] item: Life Orb\n|move|p2a: Sinistcha|Calm Mind|p2a: Sinistcha\n|-boost|p2a: Sinistcha|spa|1\n|-boost|p2a: Sinistcha|spd|1\n|\n|-heal|p2a: Sinistcha|95\/100|[from] item: Leftovers\n|-damage|p1a: Landorus|5\/100 brn|[from] brn\n|upkeep\n|turn|6\n|\n|t:|1700757073\n|move|p1a: Landorus|Earthquake|p2a: Sinistcha\n|-resisted|p2a: Sinistcha\n|-damage|p2a: Sinistcha|81\/100\n|-damage|p1a: Landorus|0 fnt|[from] item: Life Orb\n|faint|p1a: Landorus\n|move|p2a: Sinistcha|Matcha Gotcha|p1: Landorus|[notarget]\n|-fail|p2a: Sinistcha\n|\n|-heal|p2a: Sinistcha|87\/100|[from] item: Leftovers\n|upkeep\n|\n|t:|1700757083\n|switch|p1a: Iron Moth|Iron Moth|100\/100\n|-enditem|p1a: Iron Moth|Booster Energy\n|-activate|p1a: Iron Moth|ability: Quark Drive|[fromitem]\n|-start|p1a: Iron Moth|quarkdrivespa\n|turn|7\n|\n|t:|1700757091\n|move|p1a: Iron Moth|Fiery Dance|p2a: Sinistcha\n|-supereffective|p2a: Sinistcha\n|-damage|p2a: Sinistcha|56\/100\n|move|p2a: Sinistcha|Shadow Ball|p1a: Iron Moth\n|-damage|p1a: Iron Moth|31\/100\n|\n|-heal|p2a: Sinistcha|62\/100|[from] item: Leftovers\n|upkeep\n|turn|8\n|\n|t:|1700757103\n|move|p1a: Iron Moth|U-turn|p2a: Sinistcha\n|-damage|p2a: Sinistcha|59\/100\n|\n|t:|1700757107\n|-end|p1a: Iron Moth|Quark Drive|[silent]\n|switch|p1a: Kingambit|Kingambit, M|100\/100|[from] U-turn\n|-activate|p1a: Kingambit|ability: Supreme Overlord\n|-start|p1a: Kingambit|fallen1|[silent]\n|move|p2a: Sinistcha|Shadow Ball|p1a: Kingambit\n|-resisted|p1a: Kingambit\n|-damage|p1a: Kingambit|72\/100\n|-unboost|p1a: Kingambit|spd|1\n|\n|-heal|p2a: Sinistcha|65\/100|[from] item: Leftovers\n|-heal|p1a: Kingambit|78\/100|[from] item: Leftovers\n|upkeep\n|turn|9\n|\n|t:|1700757125\n|move|p2a: Sinistcha|Matcha Gotcha|p1a: Kingambit\n|-resisted|p1a: Kingambit\n|-damage|p1a: Kingambit|28\/100\n|-heal|p2a: Sinistcha|94\/100|[from] drain|[of] p1a: Kingambit\n|move|p1a: Kingambit|Kowtow Cleave|p2a: Sinistcha\n|-supereffective|p2a: Sinistcha\n|-damage|p2a: Sinistcha|68\/100\n|\n|-heal|p2a: Sinistcha|74\/100|[from] item: Leftovers\n|-heal|p1a: Kingambit|35\/100|[from] item: Leftovers\n|upkeep\n|turn|10\n|\n|t:|1700757137\n|move|p1a: Kingambit|Sucker Punch|p2a: Sinistcha\n|-supereffective|p2a: Sinistcha\n|-damage|p2a: Sinistcha|53\/100\n|move|p2a: Sinistcha|Matcha Gotcha|p1a: Kingambit\n|-resisted|p1a: Kingambit\n|-damage|p1a: Kingambit|0 fnt\n|-heal|p2a: Sinistcha|73\/100|[from] drain|[of] p1a: Kingambit\n|faint|p1a: Kingambit\n|-end|p1a: Kingambit|fallen1|[silent]\n|\n|-heal|p2a: Sinistcha|79\/100|[from] item: Leftovers\n|upkeep\n|l|\u203dKing132\n|inactive|King132 disconnected and has a minute to reconnect!\n|player|p1|\n|inactive|King132 has 30 seconds to reconnect!\n|inactive|King132 has 20 seconds to reconnect!\n|inactive|King132 has 15 seconds to reconnect!\n|inactive|King132 has 10 seconds to reconnect!\n|inactive|King132 has 5 seconds to reconnect!\n|-message|King132 lost due to inactivity.\n|\n|win|yamiyami17\n|raw|King132's rating: 1090 &rarr; <strong>1074<\/strong><br \/>(-16 for losing)\n|raw|yamiyami17's rating: 1204 &rarr; <strong>1221<\/strong><br \/>(+17 for winning)\n","uploadtime":1700757215,"views":8,"p1id":"king132","p2id":"yamiyami17","formatid":"gen9ou","rating":1074,"private":0,"password":""}