{"id":"gen9ou-2000316328","p1":"testing195","p2":"TreeNinja13","format":"[Gen 9] OU","log":"|j|\u2606testing195\n|j|\u2606TreeNinja13\n|t:|1701184314\n|gametype|singles\n|player|p1|testing195|roughneck-gen4|1159\n|player|p2|TreeNinja13|pokemonranger-gen3rs|1254\n|teamsize|p1|6\n|teamsize|p2|6\n|gen|9\n|tier|[Gen 9] OU\n|rated|\n|rule|Sleep Clause Mod: Limit one foe put to sleep\n|rule|Species Clause: Limit one of each Pok\u00e9mon\n|rule|OHKO Clause: OHKO moves are banned\n|rule|Evasion Items Clause: Evasion items are banned\n|rule|Evasion Moves Clause: Evasion moves are banned\n|rule|Endless Battle Clause: Forcing endless battles is banned\n|rule|HP Percentage Mod: HP is shown in percentages\n|clearpoke\n|poke|p1|Gardevoir, M|\n|poke|p1|Slowking-Galar, F|\n|poke|p1|Slowbro, F|\n|poke|p1|Indeedee, M|\n|poke|p1|Hoopa-Unbound|\n|poke|p1|Chimecho, F|\n|poke|p2|Zamazenta-*|\n|poke|p2|Cinderace, M|\n|poke|p2|Iron Valiant|\n|poke|p2|Ogerpon-Wellspring, F|\n|poke|p2|Corviknight, F|\n|poke|p2|Gholdengo|\n|teampreview\n|inactive|Battle timer is ON: inactive players will automatically lose when time's up. (requested by TreeNinja13)\n|c|\u2606TreeNinja13|mono psychic team?\n|\n|t:|1701184329\n|start\n|switch|p1a: Hoopa|Hoopa-Unbound|100\/100\n|switch|p2a: Cinderace|Cinderace, M|100\/100\n|turn|1\n|c|\u2606testing195|ye\n|\n|t:|1701184336\n|switch|p1a: Slowbro|Slowbro, F, shiny|100\/100\n|move|p2a: Cinderace|U-turn|p1a: Slowbro\n|-start|p2a: Cinderace|typechange|Bug|[from] ability: Libero\n|-supereffective|p1a: Slowbro\n|-crit|p1a: Slowbro\n|-damage|p1a: Slowbro|36\/100\n|-damage|p2a: Cinderace|84\/100|[from] item: Rocky Helmet|[of] p1a: Slowbro\n|c|\u2606TreeNinja13|sick\n|c|\u2606TreeNinja13|however\n|c|\u2606TreeNinja13|uturn\n|c|\u2606testing195|tyty\n|c|\u2606testing195|true\n|\n|t:|1701184347\n|switch|p2a: Corviknight|Corviknight, F|100\/100|[from] U-turn\n|\n|upkeep\n|turn|2\n|c|\u2606testing195|however\n|c|\u2606testing195|slowbro\n|\n|t:|1701184370\n|move|p2a: Corviknight|U-turn|p1a: Slowbro\n|-supereffective|p1a: Slowbro\n|-damage|p1a: Slowbro|18\/100\n|-damage|p2a: Corviknight|84\/100|[from] item: Rocky Helmet|[of] p1a: Slowbro\n|\n|t:|1701184375\n|switch|p2a: Cinderace|Cinderace, M|84\/100|[from] U-turn\n|move|p1a: Slowbro|Slack Off|p1a: Slowbro\n|-heal|p1a: Slowbro|68\/100\n|\n|upkeep\n|turn|3\n|\n|t:|1701184388\n|move|p2a: Cinderace|U-turn|p1a: Slowbro\n|-start|p2a: Cinderace|typechange|Bug|[from] ability: Libero\n|-supereffective|p1a: Slowbro\n|-damage|p1a: Slowbro|25\/100\n|-damage|p2a: Cinderace|67\/100|[from] item: Rocky Helmet|[of] p1a: Slowbro\n|\n|t:|1701184390\n|switch|p2a: Gholdengo|Gholdengo|100\/100|[from] U-turn\n|move|p1a: Slowbro|Future Sight|p2a: Gholdengo\n|-start|p1a: Slowbro|move: Future Sight\n|\n|upkeep\n|turn|4\n|\n|t:|1701184398\n|switch|p1a: Indeedee|Indeedee, M|100\/100\n|-fieldstart|move: Psychic Terrain|[from] ability: Psychic Surge|[of] p1a: Indeedee\n|move|p2a: Gholdengo|Nasty Plot|p2a: Gholdengo\n|-boost|p2a: Gholdengo|spa|2\n|\n|upkeep\n|turn|5\n|\n|t:|1701184411\n|move|p2a: Gholdengo|Nasty Plot|p2a: Gholdengo\n|-boost|p2a: Gholdengo|spa|2\n|move|p1a: Indeedee|Healing Wish|p1a: Indeedee\n|faint|p1a: Indeedee\n|\n|-end|p2a: Gholdengo|move: Future Sight\n|-resisted|p2a: Gholdengo\n|-damage|p2a: Gholdengo|64\/100\n|-heal|p2a: Gholdengo|70\/100|[from] item: Leftovers\n|upkeep\n|\n|t:|1701184414\n|switch|p1a: Gardevoir|Gardevoir, M, shiny|100\/100\n|-ability|p1a: Gardevoir|Good as Gold|[from] ability: Trace|[of] p2a: Gholdengo\n|turn|6\n|\n|t:|1701184419\n|-terastallize|p1a: Gardevoir|Fire\n|move|p1a: Gardevoir|Mystical Fire|p2a: Gholdengo\n|-supereffective|p2a: Gholdengo\n|-damage|p2a: Gholdengo|0 fnt\n|faint|p2a: Gholdengo\n|\n|upkeep\n|\n|t:|1701184425\n|switch|p2a: Ogerpon|Ogerpon-Wellspring, F|100\/100\n|turn|7\n|\n|t:|1701184429\n|switch|p1a: Slowbro|Slowbro, F, shiny|58\/100\n|-heal|p1a: Slowbro|100\/100|[from] move: Healing Wish\n|move|p2a: Ogerpon|Ivy Cudgel|p1a: Slowbro|[anim] Ivy Cudgel Water\n|-resisted|p1a: Slowbro\n|-damage|p1a: Slowbro|83\/100\n|\n|upkeep\n|turn|8\n|\n|t:|1701184434\n|switch|p1a: Slowking|Slowking-Galar, F, shiny|100\/100\n|move|p2a: Ogerpon|Horn Leech|p1a: Slowking\n|-resisted|p1a: Slowking\n|-damage|p1a: Slowking|79\/100\n|\n|upkeep\n|turn|9\n|\n|t:|1701184438\n|move|p2a: Ogerpon|Knock Off|p1a: Slowking\n|-supereffective|p1a: Slowking\n|-damage|p1a: Slowking|4\/100\n|-enditem|p1a: Slowking|Assault Vest|[from] move: Knock Off|[of] p2a: Ogerpon\n|move|p1a: Slowking|Sludge Bomb|p2a: Ogerpon\n|-supereffective|p2a: Ogerpon\n|-damage|p2a: Ogerpon|7\/100\n|-status|p2a: Ogerpon|psn\n|\n|-damage|p2a: Ogerpon|0 fnt|[from] psn\n|faint|p2a: Ogerpon\n|upkeep\n|\n|t:|1701184444\n|switch|p2a: Zamazenta|Zamazenta|100\/100\n|-ability|p2a: Zamazenta|Dauntless Shield|boost\n|-boost|p2a: Zamazenta|def|1\n|turn|10\n|\n|t:|1701184451\n|switch|p1a: Gardevoir|Gardevoir, M, shiny, tera:Fire|100\/100\n|-ability|p1a: Gardevoir|Dauntless Shield|boost\n|-boost|p1a: Gardevoir|def|1\n|-ability|p1a: Gardevoir|Dauntless Shield|[from] ability: Trace|[of] p2a: Zamazenta\n|move|p2a: Zamazenta|Iron Head|p1a: Gardevoir\n|-resisted|p1a: Gardevoir\n|-damage|p1a: Gardevoir|82\/100\n|\n|upkeep\n|turn|11\n|\n|t:|1701184463\n|switch|p2a: Corviknight|Corviknight, F|84\/100\n|move|p1a: Gardevoir|Psychic|p2a: Corviknight\n|-resisted|p2a: Corviknight\n|-damage|p2a: Corviknight|53\/100\n|\n|-heal|p2a: Corviknight|59\/100|[from] item: Leftovers\n|-fieldend|move: Psychic Terrain\n|upkeep\n|turn|12\n|\n|t:|1701184472\n|switch|p1a: Slowking|Slowking-Galar, F, shiny|37\/100\n|move|p2a: Corviknight|Roost|p2a: Corviknight\n|-heal|p2a: Corviknight|100\/100\n|-singleturn|p2a: Corviknight|move: Roost\n|\n|upkeep\n|turn|13\n|\n|t:|1701184479\n|switch|p1a: Slowbro|Slowbro, F, shiny|100\/100\n|move|p2a: Corviknight|Brave Bird|p1a: Slowbro\n|-damage|p1a: Slowbro|76\/100\n|-damage|p2a: Corviknight|84\/100|[from] item: Rocky Helmet|[of] p1a: Slowbro\n|-damage|p2a: Corviknight|76\/100|[from] Recoil\n|\n|-heal|p2a: Corviknight|82\/100|[from] item: Leftovers\n|upkeep\n|turn|14\n|\n|t:|1701184485\n|move|p2a: Corviknight|U-turn|p1a: Slowbro\n|-supereffective|p1a: Slowbro\n|-damage|p1a: Slowbro|57\/100\n|-damage|p2a: Corviknight|66\/100|[from] item: Rocky Helmet|[of] p1a: Slowbro\n|\n|t:|1701184491\n|switch|p2a: Iron Valiant|Iron Valiant|100\/100|[from] U-turn\n|-enditem|p2a: Iron Valiant|Booster Energy\n|-activate|p2a: Iron Valiant|ability: Quark Drive|[fromitem]\n|-start|p2a: Iron Valiant|quarkdrivespe\n|move|p1a: Slowbro|Future Sight|p2a: Iron Valiant\n|-start|p1a: Slowbro|move: Future Sight\n|\n|upkeep\n|turn|15\n|\n|t:|1701184494\n|switch|p1a: Slowking|Slowking-Galar, F, shiny|70\/100\n|move|p2a: Iron Valiant|Encore||[still]\n|-fail|p2a: Iron Valiant\n|\n|upkeep\n|turn|16\n|\n|t:|1701184506\n|-end|p2a: Iron Valiant|Quark Drive|[silent]\n|switch|p2a: Corviknight|Corviknight, F|66\/100\n|move|p1a: Slowking|Psyshock|p2a: Corviknight\n|-resisted|p2a: Corviknight\n|-damage|p2a: Corviknight|56\/100\n|\n|-end|p2a: Corviknight|move: Future Sight\n|-resisted|p2a: Corviknight\n|-damage|p2a: Corviknight|34\/100\n|-heal|p2a: Corviknight|40\/100|[from] item: Leftovers\n|upkeep\n|turn|17\n|\n|t:|1701184510\n|switch|p1a: Slowbro|Slowbro, F, shiny|90\/100\n|move|p2a: Corviknight|Roost|p2a: Corviknight\n|-heal|p2a: Corviknight|90\/100\n|-singleturn|p2a: Corviknight|move: Roost\n|\n|-heal|p2a: Corviknight|96\/100|[from] item: Leftovers\n|upkeep\n|turn|18\n|\n|t:|1701184514\n|move|p2a: Corviknight|U-turn|p1a: Slowbro\n|-supereffective|p1a: Slowbro\n|-damage|p1a: Slowbro|71\/100\n|-damage|p2a: Corviknight|80\/100|[from] item: Rocky Helmet|[of] p1a: Slowbro\n|\n|t:|1701184519\n|switch|p2a: Zamazenta|Zamazenta|100\/100|[from] U-turn\n|move|p1a: Slowbro|Scald|p2a: Zamazenta\n|-damage|p2a: Zamazenta|77\/100\n|\n|-heal|p2a: Zamazenta|83\/100|[from] item: Leftovers\n|upkeep\n|turn|19\n|\n|t:|1701184531\n|move|p2a: Zamazenta|Body Press|p1a: Slowbro\n|-resisted|p1a: Slowbro\n|-damage|p1a: Slowbro|62\/100\n|-damage|p2a: Zamazenta|67\/100|[from] item: Rocky Helmet|[of] p1a: Slowbro\n|move|p1a: Slowbro|Scald|p2a: Zamazenta\n|-damage|p2a: Zamazenta|43\/100\n|-status|p2a: Zamazenta|brn\n|\n|-heal|p2a: Zamazenta|49\/100 brn|[from] item: Leftovers\n|-damage|p2a: Zamazenta|43\/100 brn|[from] brn\n|upkeep\n|turn|20\n|c|\u2606TreeNinja13|haugh\n|\n|t:|1701184541\n|switch|p2a: Corviknight|Corviknight, F|80\/100\n|switch|p1a: Gardevoir|Gardevoir, M, shiny, tera:Fire|82\/100\n|-ability|p1a: Gardevoir|Mirror Armor|[from] ability: Trace|[of] p2a: Corviknight\n|\n|-heal|p2a: Corviknight|86\/100|[from] item: Leftovers\n|upkeep\n|turn|21\n|\n|t:|1701184550\n|switch|p2a: Cinderace|Cinderace, M|67\/100\n|move|p1a: Gardevoir|Mystical Fire|p2a: Cinderace\n|-resisted|p2a: Cinderace\n|-damage|p2a: Cinderace|40\/100\n|-unboost|p2a: Cinderace|spa|1\n|\n|upkeep\n|turn|22\n|\n|t:|1701184558\n|switch|p1a: Slowbro|Slowbro, F, shiny|95\/100\n|-terastallize|p2a: Cinderace|Dark\n|move|p2a: Cinderace|Pyro Ball|p1a: Slowbro\n|-resisted|p1a: Slowbro\n|-damage|p1a: Slowbro|77\/100\n|\n|upkeep\n|turn|23\n|\n|t:|1701184566\n|move|p2a: Cinderace|U-turn|p1a: Slowbro\n|-supereffective|p1a: Slowbro\n|-damage|p1a: Slowbro|51\/100\n|-damage|p2a: Cinderace|24\/100|[from] item: Rocky Helmet|[of] p1a: Slowbro\n|\n|t:|1701184572\n|switch|p2a: Iron Valiant|Iron Valiant|100\/100|[from] U-turn\n|move|p1a: Slowbro|Slack Off|p1a: Slowbro\n|-heal|p1a: Slowbro|100\/100\n|\n|upkeep\n|turn|24\n|\n|t:|1701184576\n|switch|p1a: Slowking|Slowking-Galar, F, shiny|100\/100\n|move|p2a: Iron Valiant|Thunderbolt|p1a: Slowking\n|-damage|p1a: Slowking|83\/100\n|\n|upkeep\n|turn|25\n|\n|t:|1701184581\n|move|p2a: Iron Valiant|Thunderbolt|p1a: Slowking\n|-damage|p1a: Slowking|66\/100\n|move|p1a: Slowking|Surf|p2a: Iron Valiant\n|-crit|p2a: Iron Valiant\n|-damage|p2a: Iron Valiant|39\/100\n|\n|upkeep\n|turn|26\n|\n|t:|1701184586\n|-end|p2a: Iron Valiant|Quark Drive|[silent]\n|switch|p2a: Corviknight|Corviknight, F|86\/100\n|move|p1a: Slowking|Surf|p2a: Corviknight\n|-damage|p2a: Corviknight|63\/100\n|\n|-heal|p2a: Corviknight|70\/100|[from] item: Leftovers\n|upkeep\n|turn|27\n|c|\u2606testing195|sorry\n|c|\u2606TreeNinja13|its mono psychic stall\n|c|\u2606TreeNinja13|lmao\n|c|\u2606TreeNinja13|yeah it's joever\n|c|\u2606testing195|no its a regen core\n|c|\u2606TreeNinja13|oh that makes more sense\n|c|\u2606testing195|I need to have some backbone\n|\n|t:|1701184615\n|switch|p1a: Slowbro|Slowbro, F, shiny|100\/100\n|move|p2a: Corviknight|Brave Bird|p1a: Slowbro\n|-damage|p1a: Slowbro|78\/100\n|-damage|p2a: Corviknight|53\/100|[from] item: Rocky Helmet|[of] p1a: Slowbro\n|-damage|p2a: Corviknight|46\/100|[from] Recoil\n|\n|-heal|p2a: Corviknight|52\/100|[from] item: Leftovers\n|upkeep\n|turn|28\n|\n|t:|1701184620\n|move|p2a: Corviknight|Roost|p2a: Corviknight\n|-heal|p2a: Corviknight|100\/100\n|-singleturn|p2a: Corviknight|move: Roost\n|move|p1a: Slowbro|Scald|p2a: Corviknight\n|-damage|p2a: Corviknight|69\/100\n|\n|-heal|p2a: Corviknight|75\/100|[from] item: Leftovers\n|upkeep\n|turn|29\n|\n|t:|1701184623\n|move|p2a: Corviknight|U-turn|p1a: Slowbro\n|-supereffective|p1a: Slowbro\n|-damage|p1a: Slowbro|58\/100\n|-damage|p2a: Corviknight|58\/100|[from] item: Rocky Helmet|[of] p1a: Slowbro\n|\n|t:|1701184626\n|switch|p2a: Zamazenta|Zamazenta|43\/100 brn|[from] U-turn\n|move|p1a: Slowbro|Scald|p2a: Zamazenta\n|-damage|p2a: Zamazenta|21\/100 brn\n|\n|-heal|p2a: Zamazenta|27\/100 brn|[from] item: Leftovers\n|-damage|p2a: Zamazenta|21\/100 brn|[from] brn\n|upkeep\n|turn|30\n|c|\u2606testing195|this team falls to garganacl really easily\n|\n|t:|1701184641\n|move|p2a: Zamazenta|Iron Defense|p2a: Zamazenta\n|-boost|p2a: Zamazenta|def|2\n|move|p1a: Slowbro|Future Sight|p2a: Zamazenta\n|-start|p1a: Slowbro|move: Future Sight\n|\n|-heal|p2a: Zamazenta|27\/100 brn|[from] item: Leftovers\n|-damage|p2a: Zamazenta|21\/100 brn|[from] brn\n|upkeep\n|turn|31\n|c|\u2606TreeNinja13|wheres garganacl\n|c|\u2606testing195|not on your team but\n|c|\u2606TreeNinja13|also this is right after i swapped crunch off zam\n|c|\u2606testing195|I fail to it a lot\n|c|\u2606testing195|oof\n|\n|t:|1701184666\n|move|p2a: Zamazenta|Play Rough|p1a: Slowbro\n|-damage|p1a: Slowbro|49\/100\n|-damage|p2a: Zamazenta|4\/100 brn|[from] item: Rocky Helmet|[of] p1a: Slowbro\n|move|p1a: Slowbro|Scald|p2a: Zamazenta\n|-damage|p2a: Zamazenta|0 fnt\n|faint|p2a: Zamazenta\n|\n|upkeep\n|\n|t:|1701184670\n|switch|p2a: Cinderace|Cinderace, M, tera:Dark|24\/100\n|turn|32\n|\n|t:|1701184678\n|move|p2a: Cinderace|Pyro Ball|p1a: Slowbro\n|-resisted|p1a: Slowbro\n|-damage|p1a: Slowbro|32\/100\n|move|p1a: Slowbro|Slack Off|p1a: Slowbro\n|-heal|p1a: Slowbro|82\/100\n|\n|-end|p2a: Cinderace|move: Future Sight\n|-immune|p2a: Cinderace\n|upkeep\n|turn|33\n|c|\u2606TreeNinja13|i shouldn't of gambled\n|\n|t:|1701184690\n|move|p2a: Cinderace|U-turn|p1a: Slowbro\n|-supereffective|p1a: Slowbro\n|-damage|p1a: Slowbro|53\/100\n|-damage|p2a: Cinderace|7\/100|[from] item: Rocky Helmet|[of] p1a: Slowbro\n|\n|t:|1701184693\n|switch|p2a: Corviknight|Corviknight, F|58\/100|[from] U-turn\n|move|p1a: Slowbro|Body Press|p2a: Corviknight\n|-damage|p2a: Corviknight|43\/100\n|\n|-heal|p2a: Corviknight|50\/100|[from] item: Leftovers\n|upkeep\n|turn|34\n|\n|t:|1701184700\n|move|p2a: Corviknight|Roost|p2a: Corviknight\n|-heal|p2a: Corviknight|99\/100\n|-singleturn|p2a: Corviknight|move: Roost\n|move|p1a: Slowbro|Slack Off|p1a: Slowbro\n|-heal|p1a: Slowbro|100\/100\n|\n|-heal|p2a: Corviknight|100\/100|[from] item: Leftovers\n|upkeep\n|turn|35\n|c|\u2606TreeNinja13|yeah i can't win anymore\n|c|\u2606TreeNinja13|gg\n|c|\u2606testing195|my slow twins both has the same special attack stats\n|c|\u2606testing195|gg\n|-message|TreeNinja13 forfeited.\n|\n|win|testing195\n|raw|testing195's rating: 1159 &rarr; <strong>1191<\/strong><br \/>(+32 for winning)\n|raw|TreeNinja13's rating: 1254 &rarr; <strong>1222<\/strong><br \/>(-32 for losing)\n","uploadtime":1701184722,"views":6,"p1id":"testing195","p2id":"treeninja13","formatid":"gen9ou","rating":1191,"private":0,"password":""}