{"id":"gen9ou-1993086002","p1":"littensalt","p2":"ShadowDawg","format":"[Gen 9] OU","log":"|j|\u2606littensalt\n|j|\u2606ShadowDawg\n|t:|1700263107\n|gametype|singles\n|player|p1|littensalt|calem|1382\n|player|p2|ShadowDawg|brawly|1438\n|teamsize|p1|6\n|teamsize|p2|6\n|gen|9\n|tier|[Gen 9] OU\n|rated|\n|rule|Sleep Clause Mod: Limit one foe put to sleep\n|rule|Species Clause: Limit one of each Pok\u00e9mon\n|rule|OHKO Clause: OHKO moves are banned\n|rule|Evasion Items Clause: Evasion items are banned\n|rule|Evasion Moves Clause: Evasion moves are banned\n|rule|Endless Battle Clause: Forcing endless battles is banned\n|rule|HP Percentage Mod: HP is shown in percentages\n|clearpoke\n|poke|p1|Thundurus-Therian, M|\n|poke|p1|Weezing-Galar, F|\n|poke|p1|Cinderace, M|\n|poke|p1|Dragapult, M|\n|poke|p1|Ting-Lu|\n|poke|p1|Zamazenta-*|\n|poke|p2|Ceruledge, M|\n|poke|p2|Samurott-Hisui, F|\n|poke|p2|Zapdos|\n|poke|p2|Zoroark-Hisui, M|\n|poke|p2|Greninja-*, M|\n|poke|p2|Sneasler, F|\n|teampreview\n|inactive|Battle timer is ON: inactive players will automatically lose when time's up. (requested by ShadowDawg)\n|\n|t:|1700263127\n|start\n|switch|p1a: FRANCHISE|Cinderace, M|100\/100\n|switch|p2a: Samurott|Samurott-Hisui, F|100\/100\n|turn|1\n|\n|t:|1700263131\n|move|p1a: FRANCHISE|U-turn|p2a: Samurott\n|-start|p1a: FRANCHISE|typechange|Bug|[from] ability: Libero\n|-supereffective|p2a: Samurott\n|-damage|p2a: Samurott|21\/100\n|\n|t:|1700263135\n|switch|p1a: wheezy outta here|Weezing-Galar, F, shiny|100\/100|[from] U-turn\n|-ability|p1a: wheezy outta here|Neutralizing Gas\n|move|p2a: Samurott|Flip Turn|p1a: wheezy outta here\n|-damage|p1a: wheezy outta here|81\/100\n|-damage|p2a: Samurott|5\/100|[from] item: Rocky Helmet|[of] p1a: wheezy outta here\n|\n|t:|1700263144\n|switch|p2a: Ceruledge|Ceruledge, M|100\/100|[from] Flip Turn\n|\n|upkeep\n|turn|2\n|\n|t:|1700263153\n|-end|p1a: wheezy outta here|ability: Neutralizing Gas\n|switch|p1a: Ting-Lu|Ting-Lu|100\/100\n|-ability|p1a: Ting-Lu|Vessel of Ruin\n|move|p2a: Ceruledge|Bitter Blade|p1a: Ting-Lu\n|-damage|p1a: Ting-Lu|76\/100\n|\n|-heal|p1a: Ting-Lu|82\/100|[from] item: Leftovers\n|upkeep\n|turn|3\n|\n|t:|1700263163\n|-terastallize|p2a: Ceruledge|Grass\n|move|p2a: Ceruledge|Bitter Blade|p1a: Ting-Lu\n|-damage|p1a: Ting-Lu|56\/100\n|move|p1a: Ting-Lu|Earthquake|p2a: Ceruledge\n|-resisted|p2a: Ceruledge\n|-damage|p2a: Ceruledge|76\/100\n|\n|-heal|p1a: Ting-Lu|63\/100|[from] item: Leftovers\n|upkeep\n|turn|4\n|\n|t:|1700263172\n|switch|p1a: FRANCHISE|Cinderace, M|100\/100\n|move|p2a: Ceruledge|Bitter Blade|p1a: FRANCHISE\n|-resisted|p1a: FRANCHISE\n|-damage|p1a: FRANCHISE|70\/100\n|-heal|p2a: Ceruledge|93\/100|[from] drain|[of] p1a: FRANCHISE\n|\n|upkeep\n|turn|5\n|\n|t:|1700263179\n|move|p1a: FRANCHISE|U-turn|p2a: Ceruledge\n|-start|p1a: FRANCHISE|typechange|Bug|[from] ability: Libero\n|-supereffective|p2a: Ceruledge\n|-damage|p2a: Ceruledge|0 fnt\n|faint|p2a: Ceruledge\n|\n|t:|1700263184\n|switch|p1a: 5g|Thundurus-Therian, M, shiny|100\/100|[from] U-turn\n|\n|upkeep\n|\n|t:|1700263207\n|switch|p2a: Zapdos|Zapdos|100\/100\n|turn|6\n|\n|t:|1700263216\n|move|p2a: Zapdos|Heat Wave|p1a: 5g\n|-damage|p1a: 5g|62\/100\n|move|p1a: 5g|Volt Switch|p2a: Zapdos\n|-damage|p2a: Zapdos|38\/100\n|\n|t:|1700263222\n|switch|p1a: KIDS SEE GHOST|Dragapult, M, shiny|100\/100|[from] Volt Switch\n|\n|upkeep\n|turn|7\n|\n|t:|1700263229\n|switch|p2a: Samurott|Samurott-Hisui, F|5\/100\n|move|p1a: KIDS SEE GHOST|Draco Meteor|p2a: Samurott\n|-damage|p2a: Samurott|0 fnt\n|-unboost|p1a: KIDS SEE GHOST|spa|2\n|faint|p2a: Samurott\n|\n|upkeep\n|\n|t:|1700263240\n|switch|p2a: Greninja|Greninja, M|100\/100\n|turn|8\n|\n|t:|1700263250\n|switch|p1a: Ting-Lu|Ting-Lu|63\/100\n|-ability|p1a: Ting-Lu|Vessel of Ruin\n|move|p2a: Greninja|Dark Pulse|p1a: Ting-Lu\n|-resisted|p1a: Ting-Lu\n|-damage|p1a: Ting-Lu|52\/100\n|-damage|p2a: Greninja|91\/100|[from] item: Life Orb\n|\n|-heal|p1a: Ting-Lu|58\/100|[from] item: Leftovers\n|upkeep\n|turn|9\n|\n|t:|1700263260\n|switch|p1a: KIDS SEE GHOST|Dragapult, M, shiny|100\/100\n|move|p2a: Greninja|Surf|p1a: KIDS SEE GHOST\n|-resisted|p1a: KIDS SEE GHOST\n|-damage|p1a: KIDS SEE GHOST|64\/100\n|-damage|p2a: Greninja|81\/100|[from] item: Life Orb\n|\n|upkeep\n|turn|10\n|\n|t:|1700263268\n|switch|p2a: Zapdos|Zapdos|38\/100\n|move|p1a: KIDS SEE GHOST|Draco Meteor|p2a: Zapdos\n|-damage|p2a: Zapdos|0 fnt\n|-unboost|p1a: KIDS SEE GHOST|spa|2\n|faint|p2a: Zapdos\n|\n|upkeep\n|\n|t:|1700263275\n|switch|p2a: Greninja|Greninja, M|81\/100\n|turn|11\n|\n|t:|1700263279\n|switch|p1a: wheezy outta here|Weezing-Galar, F, shiny|81\/100\n|-ability|p1a: wheezy outta here|Neutralizing Gas\n|move|p2a: Greninja|Surf|p1a: wheezy outta here\n|-damage|p1a: wheezy outta here|7\/100\n|-damage|p2a: Greninja|71\/100|[from] item: Life Orb\n|\n|upkeep\n|turn|12\n|\n|t:|1700263287\n|-end|p1a: wheezy outta here|ability: Neutralizing Gas\n|switch|p1a: KIDS SEE GHOST|Dragapult, M, shiny|64\/100\n|move|p2a: Greninja|Dark Pulse|p1a: KIDS SEE GHOST\n|-supereffective|p1a: KIDS SEE GHOST\n|-damage|p1a: KIDS SEE GHOST|0 fnt\n|faint|p1a: KIDS SEE GHOST\n|-ability|p2a: Greninja|Battle Bond|boost\n|-boost|p2a: Greninja|atk|1\n|-boost|p2a: Greninja|spa|1\n|-boost|p2a: Greninja|spe|1\n|-activate|p2a: Greninja|ability: Battle Bond\n|-damage|p2a: Greninja|61\/100|[from] item: Life Orb\n|\n|upkeep\n|\n|t:|1700263298\n|switch|p1a: november|Zamazenta|100\/100\n|-ability|p1a: november|Dauntless Shield|boost\n|-boost|p1a: november|def|1\n|turn|13\n|\n|t:|1700263305\n|move|p2a: Greninja|Surf|p1a: november\n|-damage|p1a: november|39\/100\n|-damage|p2a: Greninja|51\/100|[from] item: Life Orb\n|move|p1a: november|Body Press|p2a: Greninja\n|-supereffective|p2a: Greninja\n|-damage|p2a: Greninja|0 fnt\n|faint|p2a: Greninja\n|\n|-heal|p1a: november|45\/100|[from] item: Leftovers\n|upkeep\n|\n|t:|1700263314\n|switch|p2a: Sneasler|Sneasler, F|100\/100\n|turn|14\n|\n|t:|1700263319\n|move|p1a: november|Substitute|p1a: november\n|-start|p1a: november|Substitute\n|-damage|p1a: november|20\/100\n|move|p2a: Sneasler|Shadow Ball|p1a: november\n|-end|p1a: november|Substitute\n|-damage|p2a: Sneasler|91\/100|[from] item: Life Orb\n|\n|-heal|p1a: november|26\/100|[from] item: Leftovers\n|upkeep\n|turn|15\n|\n|t:|1700263328\n|switch|p1a: Ting-Lu|Ting-Lu|58\/100\n|-ability|p1a: Ting-Lu|Vessel of Ruin\n|move|p2a: Sneasler|Shadow Ball|p1a: Ting-Lu\n|-resisted|p1a: Ting-Lu\n|-damage|p1a: Ting-Lu|47\/100\n|-damage|p2a: Sneasler|81\/100|[from] item: Life Orb\n|\n|-heal|p1a: Ting-Lu|54\/100|[from] item: Leftovers\n|upkeep\n|turn|16\n|\n|t:|1700263338\n|switch|p2a: Sneasler|Sneasler, F|100\/100\n|move|p1a: Ting-Lu|Spikes|p2a: Sneasler\n|-sidestart|p2: ShadowDawg|Spikes\n|\n|-heal|p1a: Ting-Lu|60\/100|[from] item: Leftovers\n|upkeep\n|turn|17\n|\n|t:|1700263343\n|move|p2a: Sneasler|Dire Claw|p1a: Ting-Lu\n|-resisted|p1a: Ting-Lu\n|-damage|p1a: Ting-Lu|42\/100\n|-status|p1a: Ting-Lu|par\n|move|p1a: Ting-Lu|Earthquake|p2a: Sneasler\n|-supereffective|p2a: Sneasler\n|-damage|p2a: Sneasler|0 fnt\n|faint|p2a: Sneasler\n|\n|-heal|p1a: Ting-Lu|48\/100 par|[from] item: Leftovers\n|upkeep\n|\n|t:|1700263354\n|switch|p2a: Zoroark|Zoroark-Hisui, M|81\/100\n|-damage|p2a: Zoroark|68\/100|[from] Spikes\n|turn|18\n|\n|t:|1700263360\n|move|p2a: Zoroark|Nasty Plot|p2a: Zoroark\n|-boost|p2a: Zoroark|spa|2\n|move|p1a: Ting-Lu|Earthquake|p2a: Zoroark\n|-damage|p2a: Zoroark|0 fnt\n|faint|p2a: Zoroark\n|\n|win|littensalt\n|raw|littensalt's rating: 1382 &rarr; <strong>1405<\/strong><br \/>(+23 for winning)\n|raw|ShadowDawg's rating: 1438 &rarr; <strong>1415<\/strong><br \/>(-23 for losing)\n|l|\u2606ShadowDawg\n","uploadtime":1700263370,"views":11,"p1id":"littensalt","p2id":"shadowdawg","formatid":"gen9ou","rating":1405,"private":0,"password":""}