{"id":"gen9ou-1988517331","p1":"Wa17ace","p2":"penguinUSA17","format":"[Gen 9] OU","log":"|j|\u2606Wa17ace\n|j|\u2606penguinUSA17\n|t:|1699731414\n|gametype|singles\n|player|p1|Wa17ace|102|1168\n|player|p2|penguinUSA17|170|1170\n|teamsize|p1|6\n|teamsize|p2|6\n|gen|9\n|tier|[Gen 9] OU\n|rated|\n|rule|Sleep Clause Mod: Limit one foe put to sleep\n|rule|Species Clause: Limit one of each Pok\u00e9mon\n|rule|OHKO Clause: OHKO moves are banned\n|rule|Evasion Items Clause: Evasion items are banned\n|rule|Evasion Moves Clause: Evasion moves are banned\n|rule|Endless Battle Clause: Forcing endless battles is banned\n|rule|HP Percentage Mod: HP is shown in percentages\n|clearpoke\n|poke|p1|Mandibuzz, F|\n|poke|p1|Jirachi|\n|poke|p1|Garchomp, M|\n|poke|p1|Slowking-Galar, M|\n|poke|p1|Ogerpon, F|\n|poke|p1|Tauros-Paldea-Aqua, M|\n|poke|p2|Tyranitar, M|\n|poke|p2|Rillaboom, M|\n|poke|p2|Kingambit, F|\n|poke|p2|Dragapult, F|\n|poke|p2|Zapdos|\n|poke|p2|Alomomola, M|\n|teampreview\n|inactive|Battle timer is ON: inactive players will automatically lose when time's up. (requested by penguinUSA17)\n|\n|t:|1699731428\n|start\n|switch|p1a: Mandibuzz|Mandibuzz, F|100\/100\n|switch|p2a: Alomomola|Alomomola, M|100\/100\n|turn|1\n|\n|t:|1699731435\n|move|p2a: Alomomola|Flip Turn|p1a: Mandibuzz\n|-damage|p1a: Mandibuzz|92\/100\n|\n|t:|1699731440\n|switch|p2a: Tyranitar|Tyranitar, M|100\/100|[from] Flip Turn\n|-weather|Sandstorm|[from] ability: Sand Stream|[of] p2a: Tyranitar\n|move|p1a: Mandibuzz|Whirlwind|p2a: Tyranitar\n|drag|p2a: Dragapult|Dragapult, F|100\/100\n|\n|-weather|Sandstorm|[upkeep]\n|-damage|p2a: Dragapult|95\/100|[from] Sandstorm\n|-damage|p1a: Mandibuzz|86\/100|[from] Sandstorm\n|upkeep\n|turn|2\n|\n|t:|1699731457\n|move|p2a: Dragapult|Draco Meteor|p1a: Mandibuzz\n|-damage|p1a: Mandibuzz|19\/100\n|-unboost|p2a: Dragapult|spa|2\n|move|p1a: Mandibuzz|Foul Play|p2a: Dragapult\n|-supereffective|p2a: Dragapult\n|-crit|p2a: Dragapult\n|-damage|p2a: Dragapult|0 fnt\n|faint|p2a: Dragapult\n|\n|-weather|Sandstorm|[upkeep]\n|-damage|p1a: Mandibuzz|13\/100|[from] Sandstorm\n|upkeep\n|\n|t:|1699731472\n|switch|p2a: Alomomola|Alomomola, M|100\/100\n|turn|3\n|\n|t:|1699731478\n|switch|p1a: Slowking|Slowking-Galar, M|100\/100\n|move|p2a: Alomomola|Scald|p1a: Slowking\n|-damage|p1a: Slowking|89\/100\n|\n|-weather|Sandstorm|[upkeep]\n|-damage|p2a: Alomomola|94\/100|[from] Sandstorm\n|-damage|p1a: Slowking|83\/100|[from] Sandstorm\n|-heal|p1a: Slowking|89\/100|[from] item: Black Sludge\n|upkeep\n|turn|4\n|\n|t:|1699731491\n|move|p2a: Alomomola|Flip Turn|p1a: Slowking\n|-damage|p1a: Slowking|78\/100\n|\n|t:|1699731494\n|switch|p2a: Kingambit|Kingambit, F|100\/100|[from] Flip Turn\n|-activate|p2a: Kingambit|ability: Supreme Overlord\n|-start|p2a: Kingambit|fallen1|[silent]\n|move|p1a: Slowking|Trick|p2a: Kingambit\n|-activate|p1a: Slowking|move: Trick|[of] p2a: Kingambit\n|-item|p2a: Kingambit|Black Sludge|[from] move: Trick\n|-item|p1a: Slowking|Leftovers|[from] move: Trick\n|\n|-weather|Sandstorm|[upkeep]\n|-damage|p1a: Slowking|72\/100|[from] Sandstorm\n|-damage|p2a: Kingambit|88\/100|[from] item: Black Sludge\n|-heal|p1a: Slowking|78\/100|[from] item: Leftovers\n|upkeep\n|turn|5\n|\n|t:|1699731508\n|switch|p1a: Tauros|Tauros-Paldea-Aqua, M|100\/100\n|-ability|p1a: Tauros|Intimidate|boost\n|-unboost|p2a: Kingambit|atk|1\n|move|p2a: Kingambit|Kowtow Cleave|p1a: Tauros\n|-resisted|p1a: Tauros\n|-damage|p1a: Tauros|88\/100\n|\n|-weather|none\n|-heal|p1a: Tauros|94\/100|[from] item: Leftovers\n|-damage|p2a: Kingambit|76\/100|[from] item: Black Sludge\n|upkeep\n|turn|6\n|\n|t:|1699731522\n|-end|p2a: Kingambit|fallen1|[silent]\n|switch|p2a: Alomomola|Alomomola, M|100\/100\n|move|p1a: Tauros|Bulk Up|p1a: Tauros\n|-boost|p1a: Tauros|atk|1\n|-boost|p1a: Tauros|def|1\n|\n|-heal|p1a: Tauros|100\/100|[from] item: Leftovers\n|upkeep\n|turn|7\n|\n|t:|1699731531\n|move|p1a: Tauros|Bulk Up|p1a: Tauros\n|-boost|p1a: Tauros|atk|1\n|-boost|p1a: Tauros|def|1\n|move|p2a: Alomomola|Scald|p1a: Tauros\n|-resisted|p1a: Tauros\n|-damage|p1a: Tauros|92\/100\n|\n|-heal|p1a: Tauros|98\/100|[from] item: Leftovers\n|upkeep\n|turn|8\n|\n|t:|1699731541\n|move|p1a: Tauros|Body Press|p2a: Alomomola\n|-damage|p2a: Alomomola|62\/100\n|move|p2a: Alomomola|Scald|p1a: Tauros\n|-resisted|p1a: Tauros\n|-damage|p1a: Tauros|90\/100\n|\n|-heal|p1a: Tauros|96\/100|[from] item: Leftovers\n|upkeep\n|turn|9\n|\n|t:|1699731551\n|switch|p1a: Slowking|Slowking-Galar, M|100\/100\n|move|p2a: Alomomola|Scald|p1a: Slowking\n|-damage|p1a: Slowking|90\/100\n|\n|-heal|p1a: Slowking|96\/100|[from] item: Leftovers\n|upkeep\n|turn|10\n|\n|t:|1699731560\n|move|p2a: Alomomola|Wish|p2a: Alomomola\n|move|p1a: Slowking|Future Sight|p2a: Alomomola\n|-start|p1a: Slowking|move: Future Sight\n|\n|-heal|p1a: Slowking|100\/100|[from] item: Leftovers\n|upkeep\n|turn|11\n|\n|t:|1699731568\n|switch|p2a: Kingambit|Kingambit, F|76\/100\n|-activate|p2a: Kingambit|ability: Supreme Overlord\n|-start|p2a: Kingambit|fallen1|[silent]\n|move|p1a: Slowking|Chilly Reception|p1a: Slowking\n|-weather|Snow\n|\n|t:|1699731590\n|switch|p1a: Happy|Jirachi|100\/100|[from] Chilly Reception\n|\n|-weather|Snow|[upkeep]\n|-heal|p2a: Kingambit|100\/100|[from] move: Wish|[wisher] Alomomola\n|-damage|p2a: Kingambit|88\/100|[from] item: Black Sludge\n|upkeep\n|turn|12\n|\n|t:|1699731617\n|move|p1a: Happy|Aura Sphere|p2a: Kingambit\n|-supereffective|p2a: Kingambit\n|-damage|p2a: Kingambit|0 fnt\n|faint|p2a: Kingambit\n|-end|p2a: Kingambit|fallen1|[silent]\n|\n|-weather|Snow|[upkeep]\n|-hint|Future Sight did not hit because the target is fainted.\n|upkeep\n|\n|t:|1699731627\n|switch|p2a: Tyranitar|Tyranitar, M|100\/100\n|-weather|Sandstorm|[from] ability: Sand Stream|[of] p2a: Tyranitar\n|turn|13\n|\n|t:|1699731632\n|-terastallize|p2a: Tyranitar|Flying\n|move|p1a: Happy|Aura Sphere|p2a: Tyranitar\n|-resisted|p2a: Tyranitar\n|-damage|p2a: Tyranitar|94\/100\n|move|p2a: Tyranitar|Knock Off|p1a: Happy\n|-supereffective|p1a: Happy\n|-damage|p1a: Happy|10\/100\n|-enditem|p1a: Happy|Leftovers|[from] move: Knock Off|[of] p2a: Tyranitar\n|\n|-weather|Sandstorm|[upkeep]\n|-damage|p2a: Tyranitar|88\/100|[from] Sandstorm\n|-heal|p2a: Tyranitar|94\/100|[from] item: Leftovers\n|upkeep\n|turn|14\n|\n|t:|1699731651\n|move|p1a: Happy|U-turn|p2a: Tyranitar\n|-resisted|p2a: Tyranitar\n|-damage|p2a: Tyranitar|88\/100\n|\n|t:|1699731653\n|switch|p1a: Tauros|Tauros-Paldea-Aqua, M|96\/100|[from] U-turn\n|-ability|p1a: Tauros|Intimidate|boost\n|-unboost|p2a: Tyranitar|atk|1\n|move|p2a: Tyranitar|Knock Off|p1a: Tauros\n|-resisted|p1a: Tauros\n|-damage|p1a: Tauros|88\/100\n|-enditem|p1a: Tauros|Leftovers|[from] move: Knock Off|[of] p2a: Tyranitar\n|\n|-weather|Sandstorm|[upkeep]\n|-damage|p1a: Tauros|81\/100|[from] Sandstorm\n|-damage|p2a: Tyranitar|82\/100|[from] Sandstorm\n|-heal|p2a: Tyranitar|88\/100|[from] item: Leftovers\n|upkeep\n|turn|15\n|\n|t:|1699731667\n|move|p1a: Tauros|Bulk Up|p1a: Tauros\n|-boost|p1a: Tauros|atk|1\n|-boost|p1a: Tauros|def|1\n|move|p2a: Tyranitar|Thunder Wave|p1a: Tauros\n|-status|p1a: Tauros|par\n|\n|-weather|Sandstorm|[upkeep]\n|-damage|p2a: Tyranitar|82\/100|[from] Sandstorm\n|-damage|p1a: Tauros|75\/100 par|[from] Sandstorm\n|-heal|p2a: Tyranitar|88\/100|[from] item: Leftovers\n|upkeep\n|turn|16\n|\n|t:|1699731690\n|switch|p2a: Zapdos|Zapdos|100\/100\n|move|p1a: Tauros|Raging Bull|p2a: Zapdos\n|-damage|p2a: Zapdos|52\/100\n|\n|-weather|Sandstorm|[upkeep]\n|-damage|p2a: Zapdos|46\/100|[from] Sandstorm\n|-damage|p1a: Tauros|69\/100 par|[from] Sandstorm\n|upkeep\n|turn|17\n|\n|t:|1699731701\n|switch|p1a: Garchomp|Garchomp, M|100\/100\n|move|p2a: Zapdos|Roost|p2a: Zapdos\n|-heal|p2a: Zapdos|96\/100\n|-singleturn|p2a: Zapdos|move: Roost\n|\n|-weather|none\n|upkeep\n|turn|18\n|\n|t:|1699731713\n|switch|p2a: Alomomola|Alomomola, M|95\/100\n|move|p1a: Garchomp|Stealth Rock|p2a: Alomomola\n|-sidestart|p2: penguinUSA17|move: Stealth Rock\n|\n|upkeep\n|turn|19\n|\n|t:|1699731721\n|move|p1a: Garchomp|Spikes|p2a: Alomomola\n|-sidestart|p2: penguinUSA17|Spikes\n|move|p2a: Alomomola|Scald|p1a: Garchomp\n|-crit|p1a: Garchomp\n|-damage|p1a: Garchomp|86\/100\n|\n|-heal|p1a: Garchomp|92\/100|[from] item: Leftovers\n|upkeep\n|turn|20\n|\n|t:|1699731730\n|switch|p1a: Slowking|Slowking-Galar, M|100\/100\n|move|p2a: Alomomola|Scald|p1a: Slowking\n|-damage|p1a: Slowking|89\/100\n|\n|-heal|p1a: Slowking|95\/100|[from] item: Leftovers\n|upkeep\n|turn|21\n|\n|t:|1699731742\n|switch|p2a: Tyranitar|Tyranitar, M, tera:Flying|88\/100\n|-damage|p2a: Tyranitar|63\/100|[from] Stealth Rock\n|-weather|Sandstorm|[from] ability: Sand Stream|[of] p2a: Tyranitar\n|move|p1a: Slowking|Future Sight|p2a: Tyranitar\n|-start|p1a: Slowking|move: Future Sight\n|\n|-weather|Sandstorm|[upkeep]\n|-damage|p2a: Tyranitar|57\/100|[from] Sandstorm\n|-damage|p1a: Slowking|89\/100|[from] Sandstorm\n|-heal|p2a: Tyranitar|63\/100|[from] item: Leftovers\n|-heal|p1a: Slowking|95\/100|[from] item: Leftovers\n|upkeep\n|turn|22\n|\n|t:|1699731768\n|switch|p1a: Tauros|Tauros-Paldea-Aqua, M|69\/100 par\n|-ability|p1a: Tauros|Intimidate|boost\n|-unboost|p2a: Tyranitar|atk|1\n|move|p2a: Tyranitar|Knock Off|p1a: Tauros\n|-resisted|p1a: Tauros\n|-damage|p1a: Tauros|63\/100 par\n|\n|-weather|Sandstorm|[upkeep]\n|-damage|p2a: Tyranitar|57\/100|[from] Sandstorm\n|-damage|p1a: Tauros|57\/100 par|[from] Sandstorm\n|-heal|p2a: Tyranitar|63\/100|[from] item: Leftovers\n|upkeep\n|turn|23\n|\n|t:|1699731782\n|move|p2a: Tyranitar|Stone Edge|p1a: Tauros|[miss]\n|-miss|p2a: Tyranitar|p1a: Tauros\n|cant|p1a: Tauros|par\n|\n|-weather|Sandstorm|[upkeep]\n|-damage|p2a: Tyranitar|57\/100|[from] Sandstorm\n|-damage|p1a: Tauros|50\/100 par|[from] Sandstorm\n|-end|p2a: Tyranitar|move: Future Sight\n|-damage|p2a: Tyranitar|32\/100\n|-heal|p2a: Tyranitar|38\/100|[from] item: Leftovers\n|upkeep\n|turn|24\n|\n|t:|1699731793\n|move|p2a: Tyranitar|Stone Edge|p1a: Tauros\n|-resisted|p1a: Tauros\n|-damage|p1a: Tauros|40\/100 par\n|move|p1a: Tauros|Raging Bull|p2a: Tyranitar\n|-damage|p2a: Tyranitar|13\/100\n|\n|-weather|Sandstorm|[upkeep]\n|-damage|p2a: Tyranitar|6\/100|[from] Sandstorm\n|-damage|p1a: Tauros|34\/100 par|[from] Sandstorm\n|-heal|p2a: Tyranitar|13\/100|[from] item: Leftovers\n|upkeep\n|turn|25\n|\n|t:|1699731805\n|move|p2a: Tyranitar|Protect|p2a: Tyranitar\n|-singleturn|p2a: Tyranitar|Protect\n|move|p1a: Tauros|Protect||[still]\n|-fail|p1a: Tauros\n|\n|-weather|none\n|-heal|p2a: Tyranitar|19\/100|[from] item: Leftovers\n|upkeep\n|turn|26\n|inactive|Wa17ace has 120 seconds left.\n|\n|t:|1699731828\n|switch|p1a: Mandibuzz|Mandibuzz, F|13\/100\n|move|p2a: Tyranitar|Stone Edge|p1a: Mandibuzz\n|-supereffective|p1a: Mandibuzz\n|-crit|p1a: Mandibuzz\n|-damage|p1a: Mandibuzz|0 fnt\n|faint|p1a: Mandibuzz\n|\n|-heal|p2a: Tyranitar|25\/100|[from] item: Leftovers\n|upkeep\n|inactive|Wa17ace has 120 seconds left.\n|\n|t:|1699731842\n|switch|p1a: Slowking|Slowking-Galar, M|100\/100\n|turn|27\n|\n|t:|1699731850\n|move|p2a: Tyranitar|Knock Off|p1a: Slowking\n|-supereffective|p1a: Slowking\n|-damage|p1a: Slowking|59\/100\n|-enditem|p1a: Slowking|Leftovers|[from] move: Knock Off|[of] p2a: Tyranitar\n|move|p1a: Slowking|Ice Beam|p2a: Tyranitar\n|-supereffective|p2a: Tyranitar\n|-damage|p2a: Tyranitar|0 fnt\n|faint|p2a: Tyranitar\n|\n|upkeep\n|\n|t:|1699731862\n|switch|p2a: Zapdos|Zapdos|96\/100\n|turn|28\n|\n|t:|1699731876\n|move|p2a: Zapdos|Volt Switch|p1a: Slowking\n|-damage|p1a: Slowking|39\/100\n|\n|t:|1699731880\n|switch|p2a: Alomomola|Alomomola, M|100\/100|[from] Volt Switch\n|move|p1a: Slowking|Chilly Reception|p1a: Slowking\n|-weather|Snow\n|\n|t:|1699731894\n|switch|p1a: Ogerpon|Ogerpon, F|100\/100|[from] Chilly Reception\n|\n|-weather|Snow|[upkeep]\n|upkeep\n|turn|29\n|\n|t:|1699731900\n|move|p1a: Ogerpon|Knock Off|p2a: Alomomola\n|-damage|p2a: Alomomola|84\/100\n|-enditem|p2a: Alomomola|Heavy-Duty Boots|[from] move: Knock Off|[of] p1a: Ogerpon\n|move|p2a: Alomomola|Scald|p1a: Ogerpon\n|-resisted|p1a: Ogerpon\n|-damage|p1a: Ogerpon|92\/100\n|-status|p1a: Ogerpon|brn\n|\n|-weather|Snow|[upkeep]\n|-damage|p1a: Ogerpon|86\/100 brn|[from] brn\n|upkeep\n|turn|30\n|\n|t:|1699731913\n|switch|p1a: Slowking|Slowking-Galar, M|72\/100\n|move|p2a: Alomomola|Wish|p2a: Alomomola\n|\n|-weather|Snow|[upkeep]\n|upkeep\n|turn|31\n|\n|t:|1699731921\n|switch|p2a: Rillaboom|Rillaboom, M|100\/100\n|-damage|p2a: Rillaboom|88\/100|[from] Stealth Rock\n|-damage|p2a: Rillaboom|76\/100|[from] Spikes\n|-fieldstart|move: Grassy Terrain|[from] ability: Grassy Surge|[of] p2a: Rillaboom\n|move|p1a: Slowking|Future Sight|p2a: Rillaboom\n|-start|p1a: Slowking|move: Future Sight\n|\n|-weather|Snow|[upkeep]\n|-heal|p2a: Rillaboom|100\/100|[from] move: Wish|[wisher] Alomomola\n|-heal|p1a: Slowking|78\/100|[from] Grassy Terrain\n|upkeep\n|turn|32\n|\n|t:|1699731935\n|move|p2a: Rillaboom|U-turn|p1a: Slowking\n|-damage|p1a: Slowking|53\/100\n|\n|t:|1699731938\n|switch|p2a: Zapdos|Zapdos|96\/100|[from] U-turn\n|move|p1a: Slowking|Ice Beam|p2a: Zapdos\n|-supereffective|p2a: Zapdos\n|-damage|p2a: Zapdos|60\/100\n|\n|-weather|none\n|-heal|p1a: Slowking|59\/100|[from] Grassy Terrain\n|upkeep\n|turn|33\n|\n|t:|1699731953\n|move|p2a: Zapdos|Volt Switch|p1a: Slowking\n|-damage|p1a: Slowking|37\/100\n|\n|t:|1699731962\n|switch|p2a: Rillaboom|Rillaboom, M|100\/100|[from] Volt Switch\n|-damage|p2a: Rillaboom|88\/100|[from] Stealth Rock\n|-damage|p2a: Rillaboom|76\/100|[from] Spikes\n|move|p1a: Slowking|Trick|p2a: Rillaboom\n|-activate|p1a: Slowking|move: Trick|[of] p2a: Rillaboom\n|-enditem|p2a: Rillaboom|Choice Band|[silent]|[from] move: Trick\n|-item|p1a: Slowking|Choice Band|[from] move: Trick\n|\n|-end|p2a: Rillaboom|move: Future Sight\n|-damage|p2a: Rillaboom|13\/100\n|-heal|p2a: Rillaboom|20\/100|[from] Grassy Terrain\n|-heal|p1a: Slowking|43\/100|[from] Grassy Terrain\n|upkeep\n|turn|34\n|inactive|Wa17ace has 120 seconds left.\n|\n|t:|1699731998\n|switch|p1a: Happy|Jirachi|10\/100\n|move|p2a: Rillaboom|Knock Off|p1a: Happy\n|-supereffective|p1a: Happy\n|-damage|p1a: Happy|0 fnt\n|faint|p1a: Happy\n|\n|-heal|p2a: Rillaboom|26\/100|[from] Grassy Terrain\n|upkeep\n|\n|t:|1699732001\n|switch|p1a: Ogerpon|Ogerpon, F|86\/100 brn\n|turn|35\n|\n|t:|1699732022\n|move|p1a: Ogerpon|Swords Dance|p1a: Ogerpon\n|-boost|p1a: Ogerpon|atk|2\n|move|p2a: Rillaboom|U-turn|p1a: Ogerpon\n|-supereffective|p1a: Ogerpon\n|-damage|p1a: Ogerpon|25\/100 brn\n|\n|t:|1699732028\n|switch|p2a: Zapdos|Zapdos|60\/100|[from] U-turn\n|\n|-heal|p1a: Ogerpon|31\/100 brn|[from] Grassy Terrain\n|-damage|p1a: Ogerpon|25\/100 brn|[from] brn\n|-fieldend|move: Grassy Terrain\n|upkeep\n|turn|36\n|\n|t:|1699732042\n|move|p1a: Ogerpon|Knock Off|p2a: Zapdos\n|-damage|p2a: Zapdos|30\/100\n|-enditem|p2a: Zapdos|Heavy-Duty Boots|[from] move: Knock Off|[of] p1a: Ogerpon\n|move|p2a: Zapdos|Volt Switch|p1a: Ogerpon\n|-resisted|p1a: Ogerpon\n|-damage|p1a: Ogerpon|9\/100 brn\n|\n|t:|1699732050\n|switch|p2a: Rillaboom|Rillaboom, M|26\/100|[from] Volt Switch\n|-damage|p2a: Rillaboom|13\/100|[from] Stealth Rock\n|-damage|p2a: Rillaboom|1\/100|[from] Spikes\n|-fieldstart|move: Grassy Terrain|[from] ability: Grassy Surge|[of] p2a: Rillaboom\n|\n|-heal|p1a: Ogerpon|15\/100 brn|[from] Grassy Terrain\n|-heal|p2a: Rillaboom|7\/100|[from] Grassy Terrain\n|-damage|p1a: Ogerpon|9\/100 brn|[from] brn\n|upkeep\n|turn|37\n|\n|t:|1699732062\n|switch|p1a: Garchomp|Garchomp, M|92\/100\n|move|p2a: Rillaboom|U-turn|p1a: Garchomp\n|-damage|p1a: Garchomp|71\/100\n|-damage|p2a: Rillaboom|0 fnt|[from] ability: Rough Skin|[of] p1a: Garchomp\n|faint|p2a: Rillaboom\n|\n|-heal|p1a: Garchomp|78\/100|[from] Grassy Terrain\n|-heal|p1a: Garchomp|84\/100|[from] item: Leftovers\n|upkeep\n|\n|t:|1699732075\n|switch|p2a: Alomomola|Alomomola, M|100\/100\n|-damage|p2a: Alomomola|88\/100|[from] Stealth Rock\n|-damage|p2a: Alomomola|76\/100|[from] Spikes\n|turn|38\n|\n|t:|1699732080\n|switch|p1a: Slowking|Slowking-Galar, M|77\/100\n|move|p2a: Alomomola|Wish|p2a: Alomomola\n|\n|-heal|p2a: Alomomola|82\/100|[from] Grassy Terrain\n|-heal|p1a: Slowking|83\/100|[from] Grassy Terrain\n|upkeep\n|turn|39\n|\n|t:|1699732088\n|switch|p2a: Zapdos|Zapdos|30\/100\n|-damage|p2a: Zapdos|5\/100|[from] Stealth Rock\n|move|p1a: Slowking|Trick|p2a: Zapdos\n|-activate|p1a: Slowking|move: Trick|[of] p2a: Zapdos\n|-item|p2a: Zapdos|Choice Band|[from] move: Trick\n|-enditem|p1a: Slowking|Choice Band|[silent]|[from] move: Trick\n|\n|-heal|p2a: Zapdos|74\/100|[from] move: Wish|[wisher] Alomomola\n|-heal|p1a: Slowking|89\/100|[from] Grassy Terrain\n|upkeep\n|turn|40\n|-message|penguinUSA17 forfeited.\n|\n|win|Wa17ace\n|raw|Wa17ace's rating: 1168 &rarr; <strong>1193<\/strong><br \/>(+25 for winning)\n|raw|penguinUSA17's rating: 1170 &rarr; <strong>1145<\/strong><br \/>(-25 for losing)\n|l|\u2606penguinUSA17\n","uploadtime":1699732111,"views":27,"p1id":"wa17ace","p2id":"penguinusa17","formatid":"gen9ou","rating":1145,"private":0,"password":""}