{"id":"gen9ou-1989840236","p1":"Animepedia","p2":"Forec","format":"[Gen 9] OU","log":"|j|\u2606Animepedia\n|j|\u2606Forec\n|t:|1699900109\n|gametype|singles\n|player|p1|Animepedia|cynthia-gen4|1290\n|player|p2|Forec|buck|1257\n|teamsize|p1|6\n|teamsize|p2|6\n|gen|9\n|tier|[Gen 9] OU\n|rated|\n|rule|Sleep Clause Mod: Limit one foe put to sleep\n|rule|Species Clause: Limit one of each Pok\u00e9mon\n|rule|OHKO Clause: OHKO moves are banned\n|rule|Evasion Items Clause: Evasion items are banned\n|rule|Evasion Moves Clause: Evasion moves are banned\n|rule|Endless Battle Clause: Forcing endless battles is banned\n|rule|HP Percentage Mod: HP is shown in percentages\n|clearpoke\n|poke|p1|Samurott-Hisui, M|\n|poke|p1|Gholdengo|\n|poke|p1|Heatran, F|\n|poke|p1|Rillaboom, F|\n|poke|p1|Sneasler, M|\n|poke|p1|Iron Treads|\n|poke|p2|Vikavolt, F|\n|poke|p2|Enamorus, F|\n|poke|p2|Great Tusk|\n|poke|p2|Gholdengo|\n|poke|p2|Kommo-o, M|\n|poke|p2|Iron Moth|\n|teampreview\n|inactive|Battle timer is ON: inactive players will automatically lose when time's up. (requested by Animepedia)\n|\n|t:|1699900114\n|start\n|switch|p1a: Samurott|Samurott-Hisui, M|100\/100\n|switch|p2a: Vikavolt|Vikavolt, F|100\/100\n|turn|1\n|\n|t:|1699900133\n|move|p1a: Samurott|Ceaseless Edge|p2a: Vikavolt\n|-damage|p2a: Vikavolt|51\/100\n|-sidestart|p2: Forec|Spikes\n|move|p2a: Vikavolt|Thunder Wave|p1a: Samurott\n|-status|p1a: Samurott|par\n|\n|upkeep\n|turn|2\n|\n|t:|1699900143\n|switch|p1a: Iron Treads|Iron Treads|100\/100\n|move|p2a: Vikavolt|Sticky Web|p1a: Iron Treads\n|-sidestart|p1: Animepedia|move: Sticky Web\n|\n|upkeep\n|turn|3\n|inactive|Forec has 120 seconds left.\n|\n|t:|1699900178\n|switch|p2a: Enamorus|Enamorus, F, shiny|100\/100\n|move|p1a: Iron Treads|Knock Off|p2a: Enamorus\n|-resisted|p2a: Enamorus\n|-damage|p2a: Enamorus|82\/100\n|-enditem|p2a: Enamorus|Life Orb|[from] move: Knock Off|[of] p1a: Iron Treads\n|\n|upkeep\n|turn|4\n|inactive|Forec has 120 seconds left.\n|\n|t:|1699900186\n|move|p2a: Enamorus|Mystical Fire|p1a: Iron Treads\n|-supereffective|p1a: Iron Treads\n|-damage|p1a: Iron Treads|35\/100\n|-unboost|p1a: Iron Treads|spa|1\n|move|p1a: Iron Treads|Rapid Spin|p2a: Enamorus\n|-damage|p2a: Enamorus|60\/100\n|-boost|p1a: Iron Treads|spe|1\n|-sideend|p1: Animepedia|Sticky Web|[from] move: Rapid Spin|[of] p1a: Iron Treads\n|\n|upkeep\n|turn|5\n|\n|t:|1699900195\n|move|p1a: Iron Treads|Iron Head|p2a: Enamorus\n|-supereffective|p2a: Enamorus\n|-damage|p2a: Enamorus|0 fnt\n|faint|p2a: Enamorus\n|\n|upkeep\n|\n|t:|1699900204\n|switch|p2a: Iron Moth|Iron Moth|100\/100\n|-damage|p2a: Iron Moth|88\/100|[from] Spikes\n|-enditem|p2a: Iron Moth|Booster Energy\n|-activate|p2a: Iron Moth|ability: Quark Drive|[fromitem]\n|-start|p2a: Iron Moth|quarkdrivespe\n|turn|6\n|\n|t:|1699900219\n|-end|p1a: Iron Treads|Quark Drive|[silent]\n|switch|p1a: Heatran|Heatran, F|100\/100\n|-terastallize|p2a: Iron Moth|Ground\n|move|p2a: Iron Moth|Tera Blast|p1a: Heatran|[anim] Tera Blast Ground\n|-supereffective|p1a: Heatran\n|-damage|p1a: Heatran|0 fnt\n|faint|p1a: Heatran\n|\n|upkeep\n|c|\u2606Forec|:o\n|inactive|Animepedia has 120 seconds left.\n|\n|t:|1699900249\n|switch|p1a: Rillaboom|Rillaboom, F|100\/100\n|-fieldstart|move: Grassy Terrain|[from] ability: Grassy Surge|[of] p1a: Rillaboom\n|turn|7\n|\n|t:|1699900260\n|-end|p2a: Iron Moth|Quark Drive|[silent]\n|switch|p2a: Vikavolt|Vikavolt, F|51\/100\n|move|p1a: Rillaboom|Grassy Glide|p2a: Vikavolt\n|-resisted|p2a: Vikavolt\n|-damage|p2a: Vikavolt|21\/100\n|\n|upkeep\n|turn|8\n|\n|t:|1699900267\n|move|p1a: Rillaboom|Grassy Glide|p2a: Vikavolt\n|-resisted|p2a: Vikavolt\n|-damage|p2a: Vikavolt|0 fnt\n|faint|p2a: Vikavolt\n|\n|upkeep\n|\n|t:|1699900271\n|switch|p2a: Kommo-o|Kommo-o, M|100\/100\n|-damage|p2a: Kommo-o|88\/100|[from] Spikes\n|turn|9\n|\n|t:|1699900278\n|move|p1a: Rillaboom|Grassy Glide|p2a: Kommo-o\n|-resisted|p2a: Kommo-o\n|-damage|p2a: Kommo-o|57\/100\n|move|p2a: Kommo-o|Clangorous Soul|p2a: Kommo-o\n|-boost|p2a: Kommo-o|atk|1\n|-boost|p2a: Kommo-o|def|1\n|-boost|p2a: Kommo-o|spa|1\n|-boost|p2a: Kommo-o|spd|1\n|-boost|p2a: Kommo-o|spe|1\n|-damage|p2a: Kommo-o|24\/100\n|\n|-heal|p2a: Kommo-o|30\/100|[from] Grassy Terrain\n|-heal|p2a: Kommo-o|36\/100|[from] item: Leftovers\n|upkeep\n|turn|10\n|\n|t:|1699900288\n|switch|p1a: Iron Treads|Iron Treads|35\/100\n|move|p2a: Kommo-o|Flamethrower|p1a: Iron Treads\n|-supereffective|p1a: Iron Treads\n|-damage|p1a: Iron Treads|0 fnt\n|faint|p1a: Iron Treads\n|-end|p1a: Iron Treads|Quark Drive|[silent]\n|\n|-heal|p2a: Kommo-o|42\/100|[from] Grassy Terrain\n|-heal|p2a: Kommo-o|48\/100|[from] item: Leftovers\n|upkeep\n|\n|t:|1699900301\n|switch|p1a: Gholdengo|Gholdengo|100\/100\n|-item|p1a: Gholdengo|Air Balloon\n|turn|11\n|\n|t:|1699900309\n|move|p2a: Kommo-o|Flamethrower|p1a: Gholdengo\n|-supereffective|p1a: Gholdengo\n|-damage|p1a: Gholdengo|15\/100\n|-status|p1a: Gholdengo|brn\n|-enditem|p1a: Gholdengo|Air Balloon\n|move|p1a: Gholdengo|Nasty Plot|p1a: Gholdengo\n|-boost|p1a: Gholdengo|spa|2\n|\n|-heal|p2a: Kommo-o|54\/100|[from] Grassy Terrain\n|-heal|p2a: Kommo-o|61\/100|[from] item: Leftovers\n|-heal|p1a: Gholdengo|21\/100 brn|[from] Grassy Terrain\n|-damage|p1a: Gholdengo|15\/100 brn|[from] brn\n|-fieldend|move: Grassy Terrain\n|upkeep\n|turn|12\n|\n|t:|1699900315\n|move|p2a: Kommo-o|Flamethrower|p1a: Gholdengo\n|-supereffective|p1a: Gholdengo\n|-damage|p1a: Gholdengo|0 fnt\n|faint|p1a: Gholdengo\n|\n|-heal|p2a: Kommo-o|67\/100|[from] item: Leftovers\n|upkeep\n|\n|t:|1699900319\n|switch|p1a: Rillaboom|Rillaboom, F|100\/100\n|-fieldstart|move: Grassy Terrain|[from] ability: Grassy Surge|[of] p1a: Rillaboom\n|turn|13\n|\n|t:|1699900328\n|move|p2a: Kommo-o|Drain Punch|p1a: Rillaboom\n|-crit|p1a: Rillaboom\n|-damage|p1a: Rillaboom|34\/100\n|-heal|p2a: Kommo-o|100\/100|[from] drain|[of] p1a: Rillaboom\n|move|p1a: Rillaboom|Knock Off|p2a: Kommo-o\n|-resisted|p2a: Kommo-o\n|-damage|p2a: Kommo-o|84\/100\n|-enditem|p2a: Kommo-o|Leftovers|[from] move: Knock Off|[of] p1a: Rillaboom\n|\n|-heal|p2a: Kommo-o|91\/100|[from] Grassy Terrain\n|-heal|p1a: Rillaboom|40\/100|[from] Grassy Terrain\n|upkeep\n|turn|14\n|-message|Animepedia forfeited.\n|\n|win|Forec\n|raw|Animepedia's rating: 1290 &rarr; <strong>1263<\/strong><br \/>(-27 for losing)\n|raw|Forec's rating: 1257 &rarr; <strong>1284<\/strong><br \/>(+27 for winning)\n|l|\u2606Animepedia\n","uploadtime":1699900342,"views":11,"p1id":"animepedia","p2id":"forec","formatid":"gen9ou","rating":1263,"private":0,"password":""}