{"id":"gen9ou-1997382288","p1":"steffen curry","p2":"Powerboston27","format":"[Gen 9] OU","log":"|j|\u2606steffen curry\n|j|\u2606Powerboston27\n|t:|1700796873\n|gametype|singles\n|player|p1|steffen curry|triathletebikerf-gen3|1199\n|player|p2|Powerboston27|silver|1282\n|teamsize|p1|6\n|teamsize|p2|6\n|gen|9\n|tier|[Gen 9] OU\n|rated|\n|rule|Sleep Clause Mod: Limit one foe put to sleep\n|rule|Species Clause: Limit one of each Pok\u00e9mon\n|rule|OHKO Clause: OHKO moves are banned\n|rule|Evasion Items Clause: Evasion items are banned\n|rule|Evasion Moves Clause: Evasion moves are banned\n|rule|Endless Battle Clause: Forcing endless battles is banned\n|rule|HP Percentage Mod: HP is shown in percentages\n|clearpoke\n|poke|p1|Abomasnow, M|\n|poke|p1|Grimmsnarl, M|\n|poke|p1|Diancie|\n|poke|p1|Uxie|\n|poke|p1|Zamazenta-*|\n|poke|p1|Gholdengo|\n|poke|p2|Alomomola, F|\n|poke|p2|Toxapex, F|\n|poke|p2|Ogerpon-Wellspring, F|\n|poke|p2|Samurott-Hisui, M|\n|poke|p2|Walking Wake|\n|poke|p2|Pelipper, F|\n|teampreview\n|\n|t:|1700796891\n|start\n|switch|p1a: Grimmsnarl|Grimmsnarl, M|100\/100\n|switch|p2a: Samurott|Samurott-Hisui, M|100\/100\n|turn|1\n|inactive|Battle timer is ON: inactive players will automatically lose when time's up. (requested by Powerboston27)\n|\n|t:|1700796902\n|move|p2a: Samurott|Ceaseless Edge|p1a: Grimmsnarl\n|-resisted|p1a: Grimmsnarl\n|-damage|p1a: Grimmsnarl|85\/100\n|-sidestart|p1: steffen curry|Spikes\n|move|p1a: Grimmsnarl|Spirit Break|p2a: Samurott\n|-supereffective|p2a: Samurott\n|-crit|p2a: Samurott\n|-damage|p2a: Samurott|3\/100\n|-unboost|p2a: Samurott|spa|1\n|\n|upkeep\n|turn|2\n|\n|t:|1700796921\n|switch|p2a: Toxapex|Toxapex, F|100\/100\n|move|p1a: Grimmsnarl|Reflect|p1a: Grimmsnarl\n|-sidestart|p1: steffen curry|Reflect\n|\n|upkeep\n|turn|3\n|\n|t:|1700796931\n|move|p1a: Grimmsnarl|Light Screen|p1a: Grimmsnarl\n|-sidestart|p1: steffen curry|move: Light Screen\n|move|p2a: Toxapex|Toxic Spikes|p1a: Grimmsnarl\n|-sidestart|p1: steffen curry|move: Toxic Spikes\n|\n|upkeep\n|turn|4\n|\n|t:|1700796959\n|switch|p2a: Pelipper|Pelipper, F|100\/100\n|-weather|RainDance|[from] ability: Drizzle|[of] p2a: Pelipper\n|move|p1a: Grimmsnarl|Parting Shot|p2a: Pelipper\n|-unboost|p2a: Pelipper|atk|1\n|-unboost|p2a: Pelipper|spa|1\n|inactive|steffen curry has 120 seconds left.\n|\n|t:|1700796996\n|switch|p1a: Uxie|Uxie|100\/100|[from] Parting Shot\n|\n|-weather|RainDance|[upkeep]\n|upkeep\n|turn|5\n|\n|t:|1700797008\n|move|p1a: Uxie|Mystical Power|p2a: Pelipper\n|-damage|p2a: Pelipper|71\/100\n|-boost|p1a: Uxie|spa|1\n|move|p2a: Pelipper|U-turn|p1a: Uxie\n|-supereffective|p1a: Uxie\n|-damage|p1a: Uxie|97\/100\n|\n|t:|1700797020\n|switch|p2a: Samurott|Samurott-Hisui, M|3\/100|[from] U-turn\n|\n|-weather|RainDance|[upkeep]\n|upkeep\n|turn|6\n|\n|t:|1700797027\n|-terastallize|p1a: Uxie|Electric\n|move|p2a: Samurott|Ceaseless Edge|p1a: Uxie\n|-damage|p1a: Uxie|84\/100\n|-sidestart|p1: steffen curry|Spikes\n|move|p1a: Uxie|Draining Kiss|p2a: Samurott\n|-supereffective|p2a: Samurott\n|-damage|p2a: Samurott|0 fnt\n|-heal|p1a: Uxie|86\/100|[from] drain|[of] p2a: Samurott\n|faint|p2a: Samurott\n|\n|-weather|RainDance|[upkeep]\n|upkeep\n|inactive|Powerboston27 has 120 seconds left.\n|\n|t:|1700797063\n|switch|p2a: Ogerpon|Ogerpon-Wellspring, F|100\/100\n|turn|7\n|\n|t:|1700797080\n|move|p2a: Ogerpon|Swords Dance|p2a: Ogerpon\n|-boost|p2a: Ogerpon|atk|2\n|move|p1a: Uxie|Mystical Power|p2a: Ogerpon\n|-damage|p2a: Ogerpon|69\/100\n|-boost|p1a: Uxie|spa|1\n|\n|-weather|RainDance|[upkeep]\n|upkeep\n|turn|8\n|inactive|Powerboston27 has 90 seconds left.\n|\n|t:|1700797100\n|-terastallize|p2a: Ogerpon|Water\n|detailschange|p2a: Ogerpon|Ogerpon-Wellspring-Tera, F, tera:Water\n|-ability|p2a: Ogerpon|Embody Aspect (Wellspring)|boost\n|-boost|p2a: Ogerpon|spd|1\n|move|p2a: Ogerpon|Ivy Cudgel|p1a: Uxie|[anim] Ivy Cudgel Water\n|-damage|p1a: Uxie|11\/100\n|move|p1a: Uxie|Psyshock|p2a: Ogerpon\n|-damage|p2a: Ogerpon|10\/100\n|\n|-weather|RainDance|[upkeep]\n|upkeep\n|turn|9\n|inactive|Powerboston27 has 90 seconds left.\n|\n|t:|1700797116\n|move|p2a: Ogerpon|Ivy Cudgel|p1a: Uxie|[anim] Ivy Cudgel Water\n|-damage|p1a: Uxie|0 fnt\n|faint|p1a: Uxie\n|\n|-weather|RainDance|[upkeep]\n|-sideend|p1: steffen curry|Reflect\n|upkeep\n|\n|t:|1700797121\n|switch|p1a: Grimmsnarl|Grimmsnarl, M|85\/100\n|-damage|p1a: Grimmsnarl|69\/100|[from] Spikes\n|-status|p1a: Grimmsnarl|psn\n|turn|10\n|inactive|Powerboston27 has 90 seconds left.\n|\n|t:|1700797134\n|switch|p2a: Alomomola|Alomomola, F|100\/100\n|move|p1a: Grimmsnarl|Reflect|p1a: Grimmsnarl\n|-sidestart|p1: steffen curry|Reflect\n|\n|-weather|RainDance|[upkeep]\n|-damage|p1a: Grimmsnarl|56\/100 psn|[from] psn\n|-sideend|p1: steffen curry|move: Light Screen\n|upkeep\n|turn|11\n|inactive|Powerboston27 has 90 seconds left.\n|\n|t:|1700797143\n|move|p1a: Grimmsnarl|Light Screen|p1a: Grimmsnarl\n|-sidestart|p1: steffen curry|move: Light Screen\n|move|p2a: Alomomola|Wish|p2a: Alomomola\n|\n|-weather|none\n|-damage|p1a: Grimmsnarl|44\/100 psn|[from] psn\n|upkeep\n|turn|12\n|\n|t:|1700797155\n|move|p1a: Grimmsnarl|Parting Shot|p2a: Alomomola\n|-unboost|p2a: Alomomola|atk|1\n|-unboost|p2a: Alomomola|spa|1\n|\n|t:|1700797161\n|switch|p1a: Gholdengo|Gholdengo|100\/100|[from] Parting Shot\n|-damage|p1a: Gholdengo|84\/100|[from] Spikes\n|move|p2a: Alomomola|Flip Turn|p1a: Gholdengo\n|-damage|p1a: Gholdengo|80\/100\n|\n|t:|1700797172\n|switch|p2a: Ogerpon|Ogerpon-Wellspring-Tera, F, tera:Water|10\/100|[from] Flip Turn\n|-ability|p2a: Ogerpon|Embody Aspect (Wellspring)|boost\n|-boost|p2a: Ogerpon|spd|1\n|\n|-heal|p2a: Ogerpon|97\/100|[from] move: Wish|[wisher] Alomomola\n|upkeep\n|turn|13\n|inactive|Powerboston27 has 90 seconds left.\n|\n|t:|1700797189\n|switch|p1a: Zamazenta|Zamazenta|100\/100\n|-damage|p1a: Zamazenta|84\/100|[from] Spikes\n|-status|p1a: Zamazenta|psn\n|-ability|p1a: Zamazenta|Dauntless Shield|boost\n|-boost|p1a: Zamazenta|def|1\n|move|p2a: Ogerpon|Swords Dance|p2a: Ogerpon\n|-boost|p2a: Ogerpon|atk|2\n|\n|-damage|p1a: Zamazenta|72\/100 psn|[from] psn\n|upkeep\n|turn|14\n|inactive|Powerboston27 has 90 seconds left.\n|\n|t:|1700797202\n|move|p1a: Zamazenta|Body Press|p2a: Ogerpon\n|-damage|p2a: Ogerpon|15\/100\n|move|p2a: Ogerpon|Zen Headbutt|p1a: Zamazenta\n|-supereffective|p1a: Zamazenta\n|-damage|p1a: Zamazenta|46\/100 psn\n|\n|-damage|p1a: Zamazenta|34\/100 psn|[from] psn\n|upkeep\n|turn|15\n|inactive|Powerboston27 has 90 seconds left.\n|\n|t:|1700797213\n|switch|p2a: Toxapex|Toxapex, F|100\/100\n|move|p1a: Zamazenta|Body Press|p2a: Toxapex\n|-resisted|p2a: Toxapex\n|-damage|p2a: Toxapex|80\/100\n|\n|-heal|p2a: Toxapex|86\/100|[from] item: Black Sludge\n|-damage|p1a: Zamazenta|21\/100 psn|[from] psn\n|upkeep\n|turn|16\n|inactive|Powerboston27 has 90 seconds left.\n|\n|t:|1700797228\n|move|p1a: Zamazenta|Psychic Fangs|p2a: Toxapex\n|-supereffective|p2a: Toxapex\n|-damage|p2a: Toxapex|55\/100\n|move|p2a: Toxapex|Toxic Spikes|p1a: Zamazenta\n|-sidestart|p1: steffen curry|move: Toxic Spikes\n|\n|-heal|p2a: Toxapex|61\/100|[from] item: Black Sludge\n|-damage|p1a: Zamazenta|9\/100 psn|[from] psn\n|upkeep\n|turn|17\n|inactive|Powerboston27 has 90 seconds left.\n|\n|t:|1700797239\n|switch|p1a: Grimmsnarl|Grimmsnarl, M|44\/100 psn\n|-damage|p1a: Grimmsnarl|27\/100 psn|[from] Spikes\n|move|p2a: Toxapex|Baneful Bunker||[still]\n|-fail|p2a: Toxapex\n|\n|-heal|p2a: Toxapex|67\/100|[from] item: Black Sludge\n|-damage|p1a: Grimmsnarl|15\/100 psn|[from] psn\n|-sideend|p1: steffen curry|Reflect\n|upkeep\n|turn|18\n|inactive|Powerboston27 has 90 seconds left.\n|\n|t:|1700797256\n|switch|p2a: Pelipper|Pelipper, F|71\/100\n|-weather|RainDance|[from] ability: Drizzle|[of] p2a: Pelipper\n|move|p1a: Grimmsnarl|Reflect|p1a: Grimmsnarl\n|-sidestart|p1: steffen curry|Reflect\n|\n|-weather|RainDance|[upkeep]\n|-damage|p1a: Grimmsnarl|3\/100 psn|[from] psn\n|-sideend|p1: steffen curry|move: Light Screen\n|upkeep\n|turn|19\n|\n|t:|1700797268\n|move|p1a: Grimmsnarl|Light Screen|p1a: Grimmsnarl\n|-sidestart|p1: steffen curry|move: Light Screen\n|move|p2a: Pelipper|U-turn|p1a: Grimmsnarl\n|-damage|p1a: Grimmsnarl|0 fnt\n|faint|p1a: Grimmsnarl\n|\n|t:|1700797275\n|switch|p2a: Alomomola|Alomomola, F|100\/100|[from] U-turn\n|\n|-weather|RainDance|[upkeep]\n|upkeep\n|\n|t:|1700797284\n|switch|p1a: Gholdengo|Gholdengo|80\/100\n|-damage|p1a: Gholdengo|64\/100|[from] Spikes\n|turn|20\n|inactive|Powerboston27 has 90 seconds left.\n|\n|t:|1700797303\n|move|p1a: Gholdengo|Charge Beam|p2a: Alomomola\n|-supereffective|p2a: Alomomola\n|-damage|p2a: Alomomola|78\/100\n|-boost|p1a: Gholdengo|spa|1\n|move|p2a: Alomomola|Wish|p2a: Alomomola\n|\n|-weather|RainDance|[upkeep]\n|-heal|p2a: Alomomola|84\/100|[from] item: Leftovers\n|upkeep\n|turn|21\n|\n|t:|1700797313\n|move|p1a: Gholdengo|Charge Beam|p2a: Alomomola\n|-supereffective|p2a: Alomomola\n|-damage|p2a: Alomomola|52\/100\n|-boost|p1a: Gholdengo|spa|1\n|move|p2a: Alomomola|Flip Turn|p1a: Gholdengo\n|-damage|p1a: Gholdengo|56\/100\n|\n|t:|1700797322\n|switch|p2a: Ogerpon|Ogerpon-Wellspring-Tera, F, tera:Water|15\/100|[from] Flip Turn\n|-ability|p2a: Ogerpon|Embody Aspect (Wellspring)|boost\n|-boost|p2a: Ogerpon|spd|1\n|\n|-weather|RainDance|[upkeep]\n|-heal|p2a: Ogerpon|100\/100|[from] move: Wish|[wisher] Alomomola\n|upkeep\n|turn|22\n|inactive|Powerboston27 has 90 seconds left.\n|\n|t:|1700797336\n|switch|p1a: Abomasnow|Abomasnow, M|100\/100\n|-damage|p1a: Abomasnow|84\/100|[from] Spikes\n|-status|p1a: Abomasnow|tox\n|-weather|Snow|[from] ability: Snow Warning|[of] p1a: Abomasnow\n|move|p2a: Ogerpon|Ivy Cudgel|p1a: Abomasnow|[anim] Ivy Cudgel Water\n|-resisted|p1a: Abomasnow\n|-damage|p1a: Abomasnow|67\/100 tox\n|\n|-weather|Snow|[upkeep]\n|-damage|p1a: Abomasnow|61\/100 tox|[from] psn\n|upkeep\n|turn|23\n|inactive|Powerboston27 has 90 seconds left.\n|\n|t:|1700797349\n|switch|p2a: Pelipper|Pelipper, F|71\/100\n|-weather|RainDance|[from] ability: Drizzle|[of] p2a: Pelipper\n|move|p1a: Abomasnow|Leech Seed|p2a: Pelipper\n|-start|p2a: Pelipper|move: Leech Seed\n|\n|-weather|RainDance|[upkeep]\n|-damage|p2a: Pelipper|58\/100|[from] Leech Seed|[of] p1a: Abomasnow\n|-heal|p1a: Abomasnow|72\/100 tox|[silent]\n|-damage|p1a: Abomasnow|60\/100 tox|[from] psn\n|upkeep\n|turn|24\n|inactive|Powerboston27 has 90 seconds left.\n|\n|t:|1700797362\n|switch|p1a: Zamazenta|Zamazenta|9\/100 psn\n|-damage|p1a: Zamazenta|0 fnt|[from] Spikes\n|faint|p1a: Zamazenta\n|move|p2a: Pelipper|Hurricane|p1: Zamazenta|[notarget]\n|-fail|p2a: Pelipper\n|\n|-weather|RainDance|[upkeep]\n|upkeep\n|\n|t:|1700797364\n|switch|p1a: Abomasnow|Abomasnow, M|60\/100 tox\n|-damage|p1a: Abomasnow|43\/100 tox|[from] Spikes\n|-weather|Snow|[from] ability: Snow Warning|[of] p1a: Abomasnow\n|turn|25\n|inactive|Powerboston27 has 90 seconds left.\n|\n|t:|1700797376\n|move|p2a: Pelipper|U-turn|p1a: Abomasnow\n|-supereffective|p1a: Abomasnow\n|-damage|p1a: Abomasnow|37\/100 tox\n|inactive|Powerboston27 has 90 seconds left.\n|\n|t:|1700797383\n|switch|p2a: Toxapex|Toxapex, F|100\/100|[from] U-turn\n|move|p1a: Abomasnow|Aurora Veil|p1a: Abomasnow\n|-sidestart|p1: steffen curry|move: Aurora Veil\n|\n|-weather|Snow|[upkeep]\n|-damage|p1a: Abomasnow|31\/100 tox|[from] psn\n|-sideend|p1: steffen curry|Reflect\n|upkeep\n|turn|26\n|inactive|Powerboston27 has 90 seconds left.\n|\n|t:|1700797395\n|move|p1a: Abomasnow|Leech Seed|p2a: Toxapex\n|-start|p2a: Toxapex|move: Leech Seed\n|move|p2a: Toxapex|Gunk Shot|p1a: Abomasnow\n|-supereffective|p1a: Abomasnow\n|-damage|p1a: Abomasnow|11\/100 tox\n|\n|-weather|Snow|[upkeep]\n|-damage|p2a: Toxapex|88\/100|[from] Leech Seed|[of] p1a: Abomasnow\n|-heal|p1a: Abomasnow|21\/100 tox|[silent]\n|-damage|p1a: Abomasnow|9\/100 tox|[from] psn\n|-sideend|p1: steffen curry|move: Light Screen\n|upkeep\n|turn|27\n|inactive|Powerboston27 has 90 seconds left.\n|\n|t:|1700797410\n|switch|p2a: Pelipper|Pelipper, F|58\/100\n|-weather|RainDance|[from] ability: Drizzle|[of] p2a: Pelipper\n|move|p1a: Abomasnow|Leech Seed|p2a: Pelipper\n|-start|p2a: Pelipper|move: Leech Seed\n|\n|-weather|RainDance|[upkeep]\n|-damage|p2a: Pelipper|46\/100|[from] Leech Seed|[of] p1a: Abomasnow\n|-heal|p1a: Abomasnow|20\/100 tox|[silent]\n|-damage|p1a: Abomasnow|2\/100 tox|[from] psn\n|upkeep\n|turn|28\n|inactive|Powerboston27 has 90 seconds left.\n|\n|t:|1700797422\n|move|p1a: Abomasnow|Protect|p1a: Abomasnow\n|-singleturn|p1a: Abomasnow|Protect\n|move|p2a: Pelipper|Roost|p2a: Pelipper\n|-heal|p2a: Pelipper|96\/100\n|-singleturn|p2a: Pelipper|move: Roost\n|\n|-weather|RainDance|[upkeep]\n|-damage|p2a: Pelipper|84\/100|[from] Leech Seed|[of] p1a: Abomasnow\n|-heal|p1a: Abomasnow|12\/100 tox|[silent]\n|-damage|p1a: Abomasnow|0 fnt|[from] psn\n|faint|p1a: Abomasnow\n|upkeep\n|\n|t:|1700797441\n|switch|p1a: Diancie|Diancie|100\/100\n|-damage|p1a: Diancie|84\/100|[from] Spikes\n|-status|p1a: Diancie|tox\n|turn|29\n|\n|t:|1700797452\n|move|p2a: Pelipper|U-turn|p1a: Diancie\n|-resisted|p1a: Diancie\n|-damage|p1a: Diancie|83\/100 tox\n|\n|t:|1700797461\n|switch|p2a: Toxapex|Toxapex, F|100\/100|[from] U-turn\n|move|p1a: Diancie|Diamond Storm|p2a: Toxapex\n|-damage|p2a: Toxapex|77\/100\n|\n|-weather|RainDance|[upkeep]\n|-heal|p2a: Toxapex|84\/100|[from] item: Black Sludge\n|-damage|p1a: Diancie|76\/100 tox|[from] psn\n|upkeep\n|turn|30\n|-message|steffen curry forfeited.\n|\n|win|Powerboston27\n|raw|steffen curry's rating: 1199 &rarr; <strong>1180<\/strong><br \/>(-19 for losing)\n|raw|Powerboston27's rating: 1282 &rarr; <strong>1301<\/strong><br \/>(+19 for winning)\n|l|\u2606steffen curry\n","uploadtime":1700797500,"views":5,"p1id":"steffencurry","p2id":"powerboston27","formatid":"gen9ou","rating":1180,"private":0,"password":""}