{"id":"gen9ou-1999474808","p1":"SpasDeUzi","p2":"antdursan98","format":"[Gen 9] OU","log":"|j|\u2606SpasDeUzi\n|j|\u2606antdursan98\n|t:|1701086125\n|gametype|singles\n|player|p1|SpasDeUzi|169|1121\n|player|p2|antdursan98|170|1114\n|teamsize|p1|6\n|teamsize|p2|6\n|gen|9\n|tier|[Gen 9] OU\n|rated|\n|rule|Sleep Clause Mod: Limit one foe put to sleep\n|rule|Species Clause: Limit one of each Pok\u00e9mon\n|rule|OHKO Clause: OHKO moves are banned\n|rule|Evasion Items Clause: Evasion items are banned\n|rule|Evasion Moves Clause: Evasion moves are banned\n|rule|Endless Battle Clause: Forcing endless battles is banned\n|rule|HP Percentage Mod: HP is shown in percentages\n|clearpoke\n|poke|p1|Torterra, M|\n|poke|p1|Toxapex, F|\n|poke|p1|Grimmsnarl, M|\n|poke|p1|Skeledirge, M|\n|poke|p1|Ninetales-Alola, F|\n|poke|p1|Jirachi|\n|poke|p2|Hariyama, F|\n|poke|p2|Moltres|\n|poke|p2|Rotom-Wash|\n|poke|p2|Hatterene, F|\n|poke|p2|Dragapult, M|\n|poke|p2|Meowscarada, M|\n|teampreview\n|inactive|Battle timer is ON: inactive players will automatically lose when time's up. (requested by SpasDeUzi)\n|\n|t:|1701086144\n|start\n|switch|p1a: Ninetales|Ninetales-Alola, F, shiny|100\/100\n|switch|p2a: Meowscarada|Meowscarada, M|100\/100\n|-weather|Snow|[from] ability: Snow Warning|[of] p1a: Ninetales\n|turn|1\n|\n|t:|1701086151\n|move|p2a: Meowscarada|U-turn|p1a: Ninetales\n|-start|p2a: Meowscarada|typechange|Bug|[from] ability: Protean\n|-resisted|p1a: Ninetales\n|-damage|p1a: Ninetales|83\/100\n|\n|t:|1701086157\n|switch|p2a: Hariyama|Hariyama, F|100\/100|[from] U-turn\n|move|p1a: Ninetales|Aurora Veil|p1a: Ninetales\n|-sidestart|p1: SpasDeUzi|move: Aurora Veil\n|\n|-weather|Snow|[upkeep]\n|-status|p2a: Hariyama|brn|[from] item: Flame Orb\n|upkeep\n|turn|2\n|\n|t:|1701086167\n|-terastallize|p2a: Hariyama|Steel\n|move|p1a: Ninetales|Moonblast|p2a: Hariyama\n|-resisted|p2a: Hariyama\n|-damage|p2a: Hariyama|78\/100 brn\n|-unboost|p2a: Hariyama|spa|1\n|move|p2a: Hariyama|Facade|p1a: Ninetales\n|-damage|p1a: Ninetales|44\/100\n|\n|-weather|Snow|[upkeep]\n|-damage|p2a: Hariyama|72\/100 brn|[from] brn\n|upkeep\n|turn|3\n|\n|t:|1701086177\n|switch|p1a: Jirachi|Jirachi|100\/100\n|move|p2a: Hariyama|Bullet Punch|p1a: Jirachi\n|-resisted|p1a: Jirachi\n|-damage|p1a: Jirachi|95\/100\n|\n|-weather|Snow|[upkeep]\n|-heal|p1a: Jirachi|100\/100|[from] item: Leftovers\n|-damage|p2a: Hariyama|66\/100 brn|[from] brn\n|upkeep\n|turn|4\n|\n|t:|1701086189\n|switch|p2a: Rotom|Rotom-Wash|100\/100\n|move|p1a: Jirachi|Doom Desire|p2a: Rotom\n|-start|p1a: Jirachi|Doom Desire\n|\n|-weather|Snow|[upkeep]\n|upkeep\n|turn|5\n|\n|t:|1701086197\n|move|p1a: Jirachi|Wish|p1a: Jirachi\n|move|p2a: Rotom|Volt Switch|p1a: Jirachi\n|-damage|p1a: Jirachi|91\/100\n|\n|t:|1701086205\n|switch|p2a: Moltres|Moltres|100\/100|[from] Volt Switch\n|\n|-weather|none\n|-heal|p1a: Jirachi|97\/100|[from] item: Leftovers\n|upkeep\n|turn|6\n|\n|t:|1701086211\n|move|p1a: Jirachi|Calm Mind|p1a: Jirachi\n|-boost|p1a: Jirachi|spa|1\n|-boost|p1a: Jirachi|spd|1\n|move|p2a: Moltres|Flamethrower|p1a: Jirachi\n|-supereffective|p1a: Jirachi\n|-damage|p1a: Jirachi|75\/100\n|\n|-end|p2a: Moltres|move: Doom Desire\n|-resisted|p2a: Moltres\n|-damage|p2a: Moltres|74\/100\n|-heal|p1a: Jirachi|100\/100|[from] move: Wish|[wisher] Jirachi\n|upkeep\n|turn|7\n|-message|antdursan98 forfeited.\n|\n|win|SpasDeUzi\n|raw|SpasDeUzi's rating: 1121 &rarr; <strong>1145<\/strong><br \/>(+24 for winning)\n|raw|antdursan98's rating: 1114 &rarr; <strong>1090<\/strong><br \/>(-24 for losing)\n|l|\u2606antdursan98\n","uploadtime":1701086236,"views":11,"p1id":"spasdeuzi","p2id":"antdursan98","formatid":"gen9ou","rating":1090,"private":0,"password":""}