{"id":"gen9ou-1997042497","p1":"sansbeatings","p2":"Cryptic_Brawler","format":"[Gen 9] OU","log":"|j|\u2606sansbeatings\n|j|\u2606Cryptic_Brawler\n|t:|1700758702\n|gametype|singles\n|player|p1|sansbeatings|wallace|\n|player|p2|Cryptic_Brawler|ghetsis-gen5bw|\n|teamsize|p1|6\n|teamsize|p2|6\n|gen|9\n|tier|[Gen 9] OU\n|rule|Sleep Clause Mod: Limit one foe put to sleep\n|rule|Species Clause: Limit one of each Pok\u00e9mon\n|rule|OHKO Clause: OHKO moves are banned\n|rule|Evasion Items Clause: Evasion items are banned\n|rule|Evasion Moves Clause: Evasion moves are banned\n|rule|Endless Battle Clause: Forcing endless battles is banned\n|rule|HP Percentage Mod: HP is shown in percentages\n|clearpoke\n|poke|p1|Ursaluna, M|\n|poke|p1|Cresselia, F|\n|poke|p1|Kingambit, M|\n|poke|p1|Volcanion|\n|poke|p1|Thundurus-Therian, M|\n|poke|p1|Mamoswine, F|\n|poke|p2|Decidueye-Hisui, M|\n|poke|p2|Great Tusk|\n|poke|p2|Milotic, F|\n|poke|p2|Ceruledge, F|\n|poke|p2|Gengar, F|\n|poke|p2|Hawlucha, F|\n|teampreview\n|\n|t:|1700758716\n|start\n|switch|p1a: Mamoswine|Mamoswine, F|100\/100\n|switch|p2a: Gengar|Gengar, F|100\/100\n|turn|1\n|\n|t:|1700758725\n|-terastallize|p2a: Gengar|Ghost\n|move|p2a: Gengar|Trick|p1a: Mamoswine\n|-activate|p2a: Gengar|move: Trick|[of] p1a: Mamoswine\n|-item|p1a: Mamoswine|Black Sludge|[from] move: Trick\n|-item|p2a: Gengar|Leftovers|[from] move: Trick\n|move|p1a: Mamoswine|Stealth Rock|p2a: Gengar\n|-sidestart|p2: Cryptic_Brawler|move: Stealth Rock\n|\n|-damage|p1a: Mamoswine|88\/100|[from] item: Black Sludge\n|upkeep\n|turn|2\n|\n|t:|1700758739\n|switch|p2a: Hawlucha|Hawlucha, F|100\/100\n|-damage|p2a: Hawlucha|88\/100|[from] Stealth Rock\n|move|p1a: Mamoswine|High Horsepower|p2a: Hawlucha\n|-immune|p2a: Hawlucha\n|\n|-damage|p1a: Mamoswine|76\/100|[from] item: Black Sludge\n|upkeep\n|turn|3\n|\n|t:|1700758747\n|move|p2a: Hawlucha|U-turn|p1a: Mamoswine\n|-damage|p1a: Mamoswine|50\/100\n|c|\u2606sansbeatings|the timer is coming\n|\n|t:|1700758781\n|switch|p2a: Milotic|Milotic, F|100\/100|[from] U-turn\n|-damage|p2a: Milotic|88\/100|[from] Stealth Rock\n|move|p1a: Mamoswine|Icicle Crash|p2a: Milotic\n|-resisted|p2a: Milotic\n|-damage|p2a: Milotic|73\/100\n|\n|-damage|p1a: Mamoswine|38\/100|[from] item: Black Sludge\n|-status|p2a: Milotic|brn|[from] item: Flame Orb\n|upkeep\n|turn|4\n|\n|t:|1700758795\n|move|p1a: Mamoswine|Double-Edge|p2a: Milotic\n|-damage|p2a: Milotic|52\/100 brn\n|-damage|p1a: Mamoswine|30\/100|[from] Recoil\n|move|p2a: Milotic|Scald|p1a: Mamoswine\n|-supereffective|p1a: Mamoswine\n|-damage|p1a: Mamoswine|0 fnt\n|faint|p1a: Mamoswine\n|\n|-damage|p2a: Milotic|46\/100 brn|[from] brn\n|upkeep\n|\n|t:|1700758808\n|switch|p1a: Thundurus|Thundurus-Therian, M|100\/100\n|turn|5\n|c|\u2606Cryptic_Brawler|double edge is mad\n|\n|t:|1700758815\n|switch|p2a: Great Tusk|Great Tusk|100\/100\n|-damage|p2a: Great Tusk|98\/100|[from] Stealth Rock\n|-enditem|p2a: Great Tusk|Booster Energy\n|-activate|p2a: Great Tusk|ability: Protosynthesis|[fromitem]\n|-start|p2a: Great Tusk|protosynthesisatk\n|move|p1a: Thundurus|Grass Knot|p2a: Great Tusk\n|-supereffective|p2a: Great Tusk\n|-damage|p2a: Great Tusk|0 fnt\n|faint|p2a: Great Tusk\n|-end|p2a: Great Tusk|Protosynthesis|[silent]\n|\n|upkeep\n|c|\u2606sansbeatings|HEHEHE\n|\n|t:|1700758821\n|switch|p2a: Gengar|Gengar, F, tera:Ghost|100\/100\n|-damage|p2a: Gengar|88\/100|[from] Stealth Rock\n|turn|6\n|\n|t:|1700758830\n|move|p1a: Thundurus|Volt Switch|p2a: Gengar\n|-damage|p2a: Gengar|27\/100\n|-start|p1a: Thundurus|Disable|Volt Switch|[from] ability: Cursed Body|[of] p2a: Gengar\n|\n|t:|1700758835\n|switch|p1a: Cresselia|Cresselia, F, shiny|100\/100|[from] Volt Switch\n|move|p2a: Gengar|Trick Room|p2a: Gengar\n|-fieldstart|move: Trick Room|[of] p2a: Gengar\n|\n|-heal|p2a: Gengar|33\/100|[from] item: Leftovers\n|upkeep\n|turn|7\n|c|\u2606Cryptic_Brawler|tf\n|c|\u2606Cryptic_Brawler|choice scarf\n|c|\u2606sansbeatings|i was about to use trick room\n|\n|t:|1700758849\n|move|p1a: Cresselia|Psychic|p2a: Gengar\n|-damage|p2a: Gengar|0 fnt\n|faint|p2a: Gengar\n|\n|upkeep\n|c|\u2606Cryptic_Brawler|how\n|c|\u2606Cryptic_Brawler|howh\n|\n|t:|1700758859\n|switch|p2a: Decidueye|Decidueye-Hisui, M|100\/100\n|-damage|p2a: Decidueye|94\/100|[from] Stealth Rock\n|turn|8\n|c|\u2606Cryptic_Brawler|almost clicked tailwind\n|\n|t:|1700758872\n|move|p2a: Decidueye|Leaf Blade|p1a: Cresselia\n|-damage|p1a: Cresselia|66\/100\n|move|p1a: Cresselia|Moonlight|p1a: Cresselia\n|-heal|p1a: Cresselia|100\/100\n|\n|upkeep\n|turn|9\n|\n|t:|1700758878\n|move|p2a: Decidueye|Leaf Blade|p1a: Cresselia\n|-damage|p1a: Cresselia|70\/100\n|move|p1a: Cresselia|Psychic|p2a: Decidueye\n|-supereffective|p2a: Decidueye\n|-damage|p2a: Decidueye|50\/100\n|\n|upkeep\n|turn|10\n|\n|t:|1700758889\n|move|p2a: Decidueye|Sucker Punch||[still]\n|-fail|p2a: Decidueye\n|move|p1a: Cresselia|Moonlight|p1a: Cresselia\n|-heal|p1a: Cresselia|100\/100\n|\n|-fieldend|move: Trick Room\n|upkeep\n|turn|11\n|\n|t:|1700758896\n|move|p2a: Decidueye|Leaf Blade|p1a: Cresselia\n|-damage|p1a: Cresselia|67\/100\n|move|p1a: Cresselia|Trick Room|p1a: Cresselia\n|-fieldstart|move: Trick Room|[of] p1a: Cresselia\n|\n|upkeep\n|turn|12\n|c|\u2606sansbeatings|the time has come\n|\n|t:|1700758910\n|move|p2a: Decidueye|Sucker Punch||[still]\n|-fail|p2a: Decidueye\n|move|p1a: Cresselia|Lunar Dance|p1a: Cresselia\n|faint|p1a: Cresselia\n|\n|upkeep\n|c|\u2606Cryptic_Brawler|what bruh\n|c|\u2606Cryptic_Brawler|wtf\n|\n|t:|1700758915\n|switch|p1a: Ursaluna|Ursaluna, M|100\/100\n|turn|13\n|\n|t:|1700758939\n|move|p1a: Ursaluna|Facade|p2a: Decidueye\n|-damage|p2a: Decidueye|8\/100\n|move|p2a: Decidueye|Triple Arrows|p1a: Ursaluna\n|-supereffective|p1a: Ursaluna\n|-damage|p1a: Ursaluna|39\/100\n|-unboost|p1a: Ursaluna|def|1\n|\n|-status|p1a: Ursaluna|brn|[from] item: Flame Orb\n|upkeep\n|turn|14\n|c|\u2606Cryptic_Brawler|no way\n|\n|t:|1700758950\n|move|p2a: Decidueye|Sucker Punch|p1a: Ursaluna\n|-damage|p1a: Ursaluna|13\/100 brn\n|move|p1a: Ursaluna|Headlong Rush|p2a: Decidueye\n|-resisted|p2a: Decidueye\n|-damage|p2a: Decidueye|0 fnt\n|-unboost|p1a: Ursaluna|def|1\n|-unboost|p1a: Ursaluna|spd|1\n|faint|p2a: Decidueye\n|\n|-damage|p1a: Ursaluna|7\/100 brn|[from] brn\n|upkeep\n|c|\u2606Cryptic_Brawler|NNNNNNNNNNN\n|c|\u2606Cryptic_Brawler|O\n|\n|t:|1700758962\n|switch|p2a: Milotic|Milotic, F|46\/100 brn\n|-damage|p2a: Milotic|33\/100 brn|[from] Stealth Rock\n|turn|15\n|c|\u2606sansbeatings|im still standing\n|\n|t:|1700758966\n|move|p1a: Ursaluna|Facade|p2a: Milotic\n|-damage|p2a: Milotic|0 fnt\n|faint|p2a: Milotic\n|\n|-damage|p1a: Ursaluna|1\/100 brn|[from] brn\n|-fieldend|move: Trick Room\n|upkeep\n|c|\u2606sansbeatings|after all this time\n|c|\u2606Cryptic_Brawler|this game is shit\n|\n|t:|1700758974\n|switch|p2a: Ceruledge|Ceruledge, F|100\/100\n|-damage|p2a: Ceruledge|76\/100|[from] Stealth Rock\n|turn|16\n|\n|t:|1700758984\n|switch|p2a: Hawlucha|Hawlucha, F|88\/100\n|-damage|p2a: Hawlucha|76\/100|[from] Stealth Rock\n|move|p1a: Ursaluna|Headlong Rush|p2a: Hawlucha\n|-immune|p2a: Hawlucha\n|\n|-damage|p1a: Ursaluna|0 fnt|[from] brn\n|faint|p1a: Ursaluna\n|upkeep\n|c|\u2606sansbeatings|noo my trick room\n|c|\u2606Cryptic_Brawler|omg i was so scared\n|\n|t:|1700758996\n|switch|p1a: Volcanion|Volcanion|100\/100\n|turn|17\n|\n|t:|1700759007\n|move|p2a: Hawlucha|Poison Jab|p1a: Volcanion\n|-damage|p1a: Volcanion|82\/100\n|-status|p1a: Volcanion|psn\n|move|p1a: Volcanion|Steam Eruption|p2a: Hawlucha\n|-damage|p2a: Hawlucha|0 fnt\n|faint|p2a: Hawlucha\n|\n|-heal|p1a: Volcanion|88\/100 psn|[from] item: Leftovers\n|-damage|p1a: Volcanion|76\/100 psn|[from] psn\n|upkeep\n|c|\u2606Cryptic_Brawler|why is volcanion in ou\n|c|\u2606Cryptic_Brawler|and zamazento\n|c|\u2606Cryptic_Brawler|whats worng with this trash game\n|\n|t:|1700759020\n|switch|p2a: Ceruledge|Ceruledge, F|76\/100\n|-damage|p2a: Ceruledge|51\/100|[from] Stealth Rock\n|turn|18\n|c|\u2606sansbeatings|steam eruption busted\n|\n|t:|1700759028\n|move|p2a: Ceruledge|Poltergeist|p1a: Volcanion\n|-activate|p1a: Volcanion|move: Poltergeist|Leftovers\n|-damage|p1a: Volcanion|30\/100 psn\n|move|p1a: Volcanion|Steam Eruption|p2a: Ceruledge\n|-supereffective|p2a: Ceruledge\n|-damage|p2a: Ceruledge|0 fnt\n|faint|p2a: Ceruledge\n|\n|win|sansbeatings\n|c|\u2606Cryptic_Brawler|this game sucks\n|c|\u2606Cryptic_Brawler|i refuse to follow the meta\n","uploadtime":1700759039,"views":3,"p1id":"sansbeatings","p2id":"crypticbrawler","formatid":"gen9ou","rating":0,"private":0,"password":""}