{"id":"gen9ou-1988861999","p1":"phlawg","p2":"VariannVN","format":"[Gen 9] OU","log":"|j|\u2606phlawg\n|j|\u2606VariannVN\n|t:|1699776006\n|gametype|singles\n|player|p1|phlawg|cilan|1373\n|player|p2|VariannVN|pokemonrangerf-gen4|1300\n|teamsize|p1|6\n|teamsize|p2|6\n|gen|9\n|tier|[Gen 9] OU\n|rated|\n|rule|Sleep Clause Mod: Limit one foe put to sleep\n|rule|Species Clause: Limit one of each Pok\u00e9mon\n|rule|OHKO Clause: OHKO moves are banned\n|rule|Evasion Items Clause: Evasion items are banned\n|rule|Evasion Moves Clause: Evasion moves are banned\n|rule|Endless Battle Clause: Forcing endless battles is banned\n|rule|HP Percentage Mod: HP is shown in percentages\n|clearpoke\n|poke|p1|Dragapult, F|\n|poke|p1|Clefable, F|\n|poke|p1|Alomomola, M|\n|poke|p1|Ting-Lu|\n|poke|p1|Moltres|\n|poke|p1|Garganacl, F|\n|poke|p2|Hatterene, F|\n|poke|p2|Great Tusk|\n|poke|p2|Dragapult, M|\n|poke|p2|Ogerpon-Wellspring, F|\n|poke|p2|Heatran, F|\n|poke|p2|Zapdos|\n|teampreview\n|inactive|Battle timer is ON: inactive players will automatically lose when time's up. (requested by phlawg)\n|\n|t:|1699776029\n|start\n|switch|p1a: Dragapult|Dragapult, F|100\/100\n|switch|p2a: Dragapult|Dragapult, M|100\/100\n|turn|1\n|l|\u2606phlawg\n|inactive|phlawg disconnected and has a minute to reconnect!\n|player|p1|\n|j|\u2606phlawg\n|inactive|phlawg reconnected and has 145 seconds left.\n|player|p1|phlawg|cilan\n|\n|t:|1699776043\n|switch|p2a: Heatran|Heatran, F|100\/100\n|switch|p1a: Moltres|Moltres|100\/100\n|\n|upkeep\n|turn|2\n|\n|t:|1699776050\n|move|p1a: Moltres|U-turn|p2a: Heatran\n|-resisted|p2a: Heatran\n|-damage|p2a: Heatran|97\/100\n|\n|t:|1699776056\n|switch|p1a: Clefable|Clefable, F|100\/100|[from] U-turn\n|move|p2a: Heatran|Stealth Rock|p1a: Clefable\n|-sidestart|p1: phlawg|move: Stealth Rock\n|\n|-heal|p2a: Heatran|100\/100|[from] item: Leftovers\n|upkeep\n|turn|3\n|\n|t:|1699776061\n|move|p1a: Clefable|Protect|p1a: Clefable\n|-singleturn|p1a: Clefable|Protect\n|move|p2a: Heatran|Taunt|p1a: Clefable\n|-activate|p1a: Clefable|move: Protect\n|\n|upkeep\n|turn|4\n|\n|t:|1699776073\n|switch|p1a: Moltres|Moltres|100\/100\n|move|p2a: Heatran|Magma Storm|p1a: Moltres|[miss]\n|-miss|p2a: Heatran|p1a: Moltres\n|\n|upkeep\n|turn|5\n|\n|t:|1699776080\n|move|p1a: Moltres|U-turn|p2a: Heatran\n|-resisted|p2a: Heatran\n|-damage|p2a: Heatran|97\/100\n|\n|t:|1699776095\n|switch|p1a: Garganacl|Garganacl, F|100\/100|[from] U-turn\n|-damage|p1a: Garganacl|88\/100|[from] Stealth Rock\n|move|p2a: Heatran|Taunt|p1a: Garganacl\n|-start|p1a: Garganacl|move: Taunt\n|\n|-heal|p2a: Heatran|100\/100|[from] item: Leftovers\n|-heal|p1a: Garganacl|94\/100|[from] item: Leftovers\n|upkeep\n|turn|6\n|\n|t:|1699776098\n|-terastallize|p1a: Garganacl|Water\n|move|p2a: Heatran|Earth Power|p1a: Garganacl\n|-damage|p1a: Garganacl|70\/100\n|-unboost|p1a: Garganacl|spd|1\n|move|p1a: Garganacl|Salt Cure|p2a: Heatran\n|-damage|p2a: Heatran|90\/100\n|-start|p2a: Heatran|Salt Cure\n|\n|-heal|p2a: Heatran|96\/100|[from] item: Leftovers\n|-heal|p1a: Garganacl|76\/100|[from] item: Leftovers\n|-damage|p2a: Heatran|71\/100|[from] Salt Cure\n|upkeep\n|turn|7\n|\n|t:|1699776105\n|switch|p2a: Great Tusk|Great Tusk|100\/100\n|switch|p1a: Moltres|Moltres|100\/100\n|\n|upkeep\n|turn|8\n|\n|t:|1699776113\n|-end|p2a: Great Tusk|Protosynthesis|[silent]\n|switch|p2a: Zapdos|Zapdos|100\/100\n|move|p1a: Moltres|Will-O-Wisp|p2a: Zapdos\n|-status|p2a: Zapdos|brn\n|\n|-damage|p2a: Zapdos|94\/100 brn|[from] brn\n|upkeep\n|turn|9\n|\n|t:|1699776119\n|switch|p1a: Clefable|Clefable, F|100\/100\n|move|p2a: Zapdos|Hurricane|p1a: Clefable|[miss]\n|-miss|p2a: Zapdos|p1a: Clefable\n|\n|-damage|p2a: Zapdos|88\/100 brn|[from] brn\n|upkeep\n|turn|10\n|\n|t:|1699776124\n|move|p2a: Zapdos|Volt Switch|p1a: Clefable\n|-damage|p1a: Clefable|80\/100\n|\n|t:|1699776128\n|switch|p2a: Heatran|Heatran, F|71\/100|[from] Volt Switch\n|move|p1a: Clefable|Calm Mind|p1a: Clefable\n|-boost|p1a: Clefable|spa|1\n|-boost|p1a: Clefable|spd|1\n|\n|-heal|p2a: Heatran|77\/100|[from] item: Leftovers\n|upkeep\n|turn|11\n|\n|t:|1699776135\n|move|p1a: Clefable|Protect|p1a: Clefable\n|-singleturn|p1a: Clefable|Protect\n|move|p2a: Heatran|Taunt|p1a: Clefable\n|-activate|p1a: Clefable|move: Protect\n|\n|-heal|p2a: Heatran|83\/100|[from] item: Leftovers\n|upkeep\n|turn|12\n|\n|t:|1699776143\n|switch|p1a: Moltres|Moltres|100\/100\n|move|p2a: Heatran|Taunt|p1a: Moltres\n|-start|p1a: Moltres|move: Taunt\n|\n|-heal|p2a: Heatran|90\/100|[from] item: Leftovers\n|upkeep\n|turn|13\n|\n|t:|1699776146\n|move|p1a: Moltres|U-turn|p2a: Heatran\n|-resisted|p2a: Heatran\n|-damage|p2a: Heatran|87\/100\n|\n|t:|1699776152\n|switch|p1a: Garganacl|Garganacl, F, tera:Water|76\/100|[from] U-turn\n|-damage|p1a: Garganacl|63\/100|[from] Stealth Rock\n|move|p2a: Heatran|Magma Storm|p1a: Garganacl\n|-resisted|p1a: Garganacl\n|-crit|p1a: Garganacl\n|-damage|p1a: Garganacl|36\/100\n|-activate|p1a: Garganacl|move: Magma Storm|[of] p2a: Heatran\n|\n|-heal|p2a: Heatran|93\/100|[from] item: Leftovers\n|-heal|p1a: Garganacl|42\/100|[from] item: Leftovers\n|-damage|p1a: Garganacl|29\/100|[from] move: Magma Storm|[partiallytrapped]\n|upkeep\n|turn|14\n|\n|t:|1699776160\n|move|p2a: Heatran|Taunt|p1a: Garganacl\n|-start|p1a: Garganacl|move: Taunt\n|move|p1a: Garganacl|Salt Cure|p2a: Heatran\n|-damage|p2a: Heatran|82\/100\n|-start|p2a: Heatran|Salt Cure\n|\n|-heal|p2a: Heatran|88\/100|[from] item: Leftovers\n|-heal|p1a: Garganacl|36\/100|[from] item: Leftovers\n|-damage|p2a: Heatran|63\/100|[from] Salt Cure\n|-damage|p1a: Garganacl|23\/100|[from] move: Magma Storm|[partiallytrapped]\n|upkeep\n|turn|15\n|\n|t:|1699776170\n|switch|p2a: Dragapult|Dragapult, M|100\/100\n|move|p1a: Garganacl|Salt Cure|p2a: Dragapult\n|-damage|p2a: Dragapult|83\/100\n|-start|p2a: Dragapult|Salt Cure\n|\n|-heal|p1a: Garganacl|29\/100|[from] item: Leftovers\n|-damage|p2a: Dragapult|71\/100|[from] Salt Cure\n|-end|p1a: Garganacl|Magma Storm|[partiallytrapped]|[silent]\n|upkeep\n|turn|16\n|\n|t:|1699776177\n|switch|p1a: Moltres|Moltres|100\/100\n|move|p2a: Dragapult|U-turn|p1a: Moltres\n|-resisted|p1a: Moltres\n|-damage|p1a: Moltres|97\/100\n|\n|t:|1699776180\n|switch|p2a: Ogerpon|Ogerpon-Wellspring, F|100\/100|[from] U-turn\n|\n|upkeep\n|turn|17\n|\n|t:|1699776192\n|-terastallize|p2a: Ogerpon|Water\n|detailschange|p2a: Ogerpon|Ogerpon-Wellspring-Tera, F, tera:Water\n|-ability|p2a: Ogerpon|Embody Aspect (Wellspring)|boost\n|-boost|p2a: Ogerpon|spd|1\n|move|p2a: Ogerpon|Swords Dance|p2a: Ogerpon\n|-boost|p2a: Ogerpon|atk|2\n|move|p1a: Moltres|Will-O-Wisp|p2a: Ogerpon\n|-status|p2a: Ogerpon|brn\n|\n|-damage|p2a: Ogerpon|95\/100 brn|[from] brn\n|upkeep\n|turn|18\n|\n|t:|1699776201\n|switch|p1a: Ting-Lu|Ting-Lu|100\/100\n|-damage|p1a: Ting-Lu|94\/100|[from] Stealth Rock\n|-ability|p1a: Ting-Lu|Vessel of Ruin\n|move|p2a: Ogerpon|Ivy Cudgel|p1a: Ting-Lu\n|-supereffective|p1a: Ting-Lu\n|-damage|p1a: Ting-Lu|34\/100\n|-enditem|p1a: Ting-Lu|Red Card|[of] p2a: Ogerpon\n|drag|p2a: Dragapult|Dragapult, M|71\/100\n|\n|upkeep\n|turn|19\n|\n|t:|1699776212\n|switch|p1a: Clefable|Clefable, F|80\/100\n|move|p2a: Dragapult|U-turn|p1a: Clefable\n|-resisted|p1a: Clefable\n|-damage|p1a: Clefable|71\/100\n|\n|t:|1699776215\n|switch|p2a: Heatran|Heatran, F|63\/100|[from] U-turn\n|\n|-heal|p2a: Heatran|69\/100|[from] item: Leftovers\n|upkeep\n|turn|20\n|\n|t:|1699776224\n|switch|p1a: Moltres|Moltres|97\/100\n|move|p2a: Heatran|Taunt|p1a: Moltres\n|-start|p1a: Moltres|move: Taunt\n|\n|-heal|p2a: Heatran|76\/100|[from] item: Leftovers\n|upkeep\n|turn|21\n|\n|t:|1699776229\n|move|p1a: Moltres|U-turn|p2a: Heatran\n|-resisted|p2a: Heatran\n|-damage|p2a: Heatran|73\/100\n|\n|t:|1699776236\n|switch|p1a: Alomomola|Alomomola, M|100\/100|[from] U-turn\n|move|p2a: Heatran|Taunt|p1a: Alomomola\n|-start|p1a: Alomomola|move: Taunt\n|\n|-heal|p2a: Heatran|79\/100|[from] item: Leftovers\n|upkeep\n|turn|22\n|\n|t:|1699776240\n|move|p2a: Heatran|Magma Storm|p1a: Alomomola|[miss]\n|-miss|p2a: Heatran|p1a: Alomomola\n|move|p1a: Alomomola|Flip Turn|p2a: Heatran\n|-supereffective|p2a: Heatran\n|-damage|p2a: Heatran|54\/100\n|\n|t:|1699776243\n|switch|p1a: Dragapult|Dragapult, F|100\/100|[from] Flip Turn\n|-damage|p1a: Dragapult|88\/100|[from] Stealth Rock\n|\n|-heal|p2a: Heatran|60\/100|[from] item: Leftovers\n|upkeep\n|turn|23\n|\n|t:|1699776249\n|move|p1a: Dragapult|Shadow Ball|p2a: Heatran\n|-damage|p2a: Heatran|29\/100\n|move|p2a: Heatran|Magma Storm|p1a: Dragapult\n|-resisted|p1a: Dragapult\n|-damage|p1a: Dragapult|62\/100\n|-activate|p1a: Dragapult|move: Magma Storm|[of] p2a: Heatran\n|\n|-heal|p2a: Heatran|35\/100|[from] item: Leftovers\n|-damage|p1a: Dragapult|49\/100|[from] move: Magma Storm|[partiallytrapped]\n|upkeep\n|turn|24\n|\n|t:|1699776256\n|switch|p2a: Ogerpon|Ogerpon-Wellspring-Tera, F, tera:Water|95\/100 brn\n|-ability|p2a: Ogerpon|Embody Aspect (Wellspring)|boost\n|-boost|p2a: Ogerpon|spd|1\n|move|p1a: Dragapult|Shadow Ball|p2a: Ogerpon\n|-damage|p2a: Ogerpon|51\/100 brn\n|\n|-damage|p2a: Ogerpon|45\/100 brn|[from] brn\n|-end|p1a: Dragapult|Magma Storm|[partiallytrapped]|[silent]\n|upkeep\n|turn|25\n|\n|t:|1699776262\n|move|p1a: Dragapult|Shadow Ball|p2a: Ogerpon\n|-damage|p2a: Ogerpon|0 fnt\n|faint|p2a: Ogerpon\n|\n|upkeep\n|\n|t:|1699776268\n|switch|p2a: Dragapult|Dragapult, M|71\/100\n|turn|26\n|l|\u2606phlawg\n|inactive|phlawg disconnected and has a minute to reconnect!\n|player|p1|\n|j|\u2606phlawg\n|inactive|phlawg reconnected and has 145 seconds left.\n|player|p1|phlawg|cilan\n|\n|t:|1699776280\n|switch|p2a: Zapdos|Zapdos|88\/100 brn\n|move|p1a: Dragapult|Shadow Ball|p2a: Zapdos\n|-damage|p2a: Zapdos|40\/100 brn\n|\n|-damage|p2a: Zapdos|33\/100 brn|[from] brn\n|upkeep\n|turn|27\n|\n|t:|1699776289\n|move|p1a: Dragapult|Shadow Ball|p2a: Zapdos\n|-damage|p2a: Zapdos|0 fnt\n|faint|p2a: Zapdos\n|\n|upkeep\n|\n|t:|1699776291\n|switch|p2a: Hatterene|Hatterene, F|100\/100\n|turn|28\n|\n|t:|1699776298\n|switch|p1a: Moltres|Moltres|97\/100\n|move|p2a: Hatterene|Calm Mind|p2a: Hatterene\n|-boost|p2a: Hatterene|spa|1\n|-boost|p2a: Hatterene|spd|1\n|\n|upkeep\n|turn|29\n|\n|t:|1699776303\n|move|p1a: Moltres|U-turn|p2a: Hatterene\n|-damage|p2a: Hatterene|88\/100\n|\n|t:|1699776305\n|switch|p1a: Clefable|Clefable, F|71\/100|[from] U-turn\n|move|p2a: Hatterene|Calm Mind|p2a: Hatterene\n|-boost|p2a: Hatterene|spa|1\n|-boost|p2a: Hatterene|spd|1\n|\n|-heal|p2a: Hatterene|94\/100|[from] item: Leftovers\n|upkeep\n|turn|30\n|\n|t:|1699776310\n|move|p1a: Clefable|Calm Mind|p1a: Clefable\n|-boost|p1a: Clefable|spa|1\n|-boost|p1a: Clefable|spd|1\n|move|p2a: Hatterene|Calm Mind|p2a: Hatterene\n|-boost|p2a: Hatterene|spa|1\n|-boost|p2a: Hatterene|spd|1\n|\n|-heal|p2a: Hatterene|99\/100|[from] item: Leftovers\n|upkeep\n|turn|31\n|\n|t:|1699776312\n|move|p1a: Clefable|Calm Mind|p1a: Clefable\n|-boost|p1a: Clefable|spa|1\n|-boost|p1a: Clefable|spd|1\n|move|p2a: Hatterene|Calm Mind|p2a: Hatterene\n|-boost|p2a: Hatterene|spa|1\n|-boost|p2a: Hatterene|spd|1\n|\n|-heal|p2a: Hatterene|100\/100|[from] item: Leftovers\n|upkeep\n|turn|32\n|\n|t:|1699776316\n|move|p1a: Clefable|Wish|p1a: Clefable\n|move|p2a: Hatterene|Psyshock|p1a: Clefable\n|-damage|p1a: Clefable|27\/100\n|\n|upkeep\n|turn|33\n|\n|t:|1699776318\n|move|p1a: Clefable|Protect|p1a: Clefable\n|-singleturn|p1a: Clefable|Protect\n|move|p2a: Hatterene|Calm Mind|p2a: Hatterene\n|-boost|p2a: Hatterene|spa|1\n|-boost|p2a: Hatterene|spd|1\n|\n|-heal|p1a: Clefable|77\/100|[from] move: Wish|[wisher] Clefable\n|upkeep\n|turn|34\n|\n|t:|1699776331\n|move|p1a: Clefable|Moonblast|p2a: Hatterene\n|-damage|p2a: Hatterene|40\/100\n|-unboost|p2a: Hatterene|spa|1\n|move|p2a: Hatterene|Psyshock|p1a: Clefable\n|-damage|p1a: Clefable|36\/100\n|\n|-heal|p2a: Hatterene|46\/100|[from] item: Leftovers\n|upkeep\n|turn|35\n|\n|t:|1699776337\n|move|p1a: Clefable|Moonblast|p2a: Hatterene\n|-damage|p2a: Hatterene|0 fnt\n|faint|p2a: Hatterene\n|\n|upkeep\n|\n|t:|1699776340\n|switch|p2a: Great Tusk|Great Tusk|100\/100\n|turn|36\n|\n|t:|1699776344\n|move|p1a: Clefable|Protect|p1a: Clefable\n|-singleturn|p1a: Clefable|Protect\n|move|p2a: Great Tusk|Earthquake|p1a: Clefable\n|-activate|p1a: Clefable|move: Protect\n|\n|upkeep\n|turn|37\n|\n|t:|1699776351\n|-end|p2a: Great Tusk|Protosynthesis|[silent]\n|switch|p2a: Dragapult|Dragapult, M|71\/100\n|switch|p1a: Moltres|Moltres|97\/100\n|\n|upkeep\n|turn|38\n|\n|t:|1699776355\n|move|p2a: Dragapult|Draco Meteor|p1a: Moltres\n|-damage|p1a: Moltres|35\/100\n|-unboost|p2a: Dragapult|spa|2\n|move|p1a: Moltres|U-turn|p2a: Dragapult\n|-resisted|p2a: Dragapult\n|-damage|p2a: Dragapult|60\/100\n|\n|t:|1699776378\n|switch|p1a: Clefable|Clefable, F|36\/100|[from] U-turn\n|\n|upkeep\n|turn|39\n|\n|t:|1699776380\n|switch|p2a: Heatran|Heatran, F|35\/100\n|move|p1a: Clefable|Wish|p1a: Clefable\n|\n|-heal|p2a: Heatran|41\/100|[from] item: Leftovers\n|upkeep\n|turn|40\n|\n|t:|1699776385\n|switch|p1a: Ting-Lu|Ting-Lu|34\/100\n|-damage|p1a: Ting-Lu|27\/100|[from] Stealth Rock\n|-ability|p1a: Ting-Lu|Vessel of Ruin\n|move|p2a: Heatran|Magma Storm|p1a: Ting-Lu\n|-damage|p1a: Ting-Lu|2\/100\n|-activate|p1a: Ting-Lu|move: Magma Storm|[of] p2a: Heatran\n|\n|-heal|p1a: Ting-Lu|41\/100|[from] move: Wish|[wisher] Clefable\n|-heal|p2a: Heatran|47\/100|[from] item: Leftovers\n|-damage|p1a: Ting-Lu|28\/100|[from] move: Magma Storm|[partiallytrapped]\n|upkeep\n|turn|41\n|\n|t:|1699776393\n|switch|p2a: Great Tusk|Great Tusk|100\/100\n|move|p1a: Ting-Lu|Earthquake|p2a: Great Tusk\n|-damage|p2a: Great Tusk|83\/100\n|\n|-heal|p2a: Great Tusk|89\/100|[from] item: Leftovers\n|-end|p1a: Ting-Lu|Magma Storm|[partiallytrapped]|[silent]\n|upkeep\n|turn|42\n|\n|t:|1699776399\n|-end|p2a: Great Tusk|Protosynthesis|[silent]\n|switch|p2a: Dragapult|Dragapult, M|60\/100\n|switch|p1a: Alomomola|Alomomola, M|100\/100\n|\n|upkeep\n|turn|43\n|\n|t:|1699776404\n|move|p1a: Alomomola|Protect|p1a: Alomomola\n|-singleturn|p1a: Alomomola|Protect\n|move|p2a: Dragapult|Draco Meteor|p1a: Alomomola\n|-activate|p1a: Alomomola|move: Protect\n|\n|upkeep\n|turn|44\n|\n|t:|1699776410\n|switch|p2a: Heatran|Heatran, F|47\/100\n|switch|p1a: Clefable|Clefable, F|36\/100\n|\n|-heal|p2a: Heatran|54\/100|[from] item: Leftovers\n|upkeep\n|turn|45\n|\n|t:|1699776430\n|switch|p1a: Garganacl|Garganacl, F, tera:Water|29\/100\n|-damage|p1a: Garganacl|17\/100|[from] Stealth Rock\n|move|p2a: Heatran|Taunt|p1a: Garganacl\n|-start|p1a: Garganacl|move: Taunt\n|\n|-heal|p2a: Heatran|60\/100|[from] item: Leftovers\n|-heal|p1a: Garganacl|23\/100|[from] item: Leftovers\n|upkeep\n|turn|46\n|\n|t:|1699776434\n|move|p2a: Heatran|Earth Power|p1a: Garganacl\n|-damage|p1a: Garganacl|1\/100\n|move|p1a: Garganacl|Salt Cure|p2a: Heatran\n|-damage|p2a: Heatran|47\/100\n|-start|p2a: Heatran|Salt Cure\n|\n|-heal|p2a: Heatran|54\/100|[from] item: Leftovers\n|-heal|p1a: Garganacl|7\/100|[from] item: Leftovers\n|-damage|p2a: Heatran|29\/100|[from] Salt Cure\n|upkeep\n|turn|47\n|\n|t:|1699776442\n|switch|p2a: Great Tusk|Great Tusk|89\/100\n|move|p1a: Garganacl|Salt Cure|p2a: Great Tusk\n|-resisted|p2a: Great Tusk\n|-damage|p2a: Great Tusk|87\/100\n|-start|p2a: Great Tusk|Salt Cure\n|\n|-heal|p2a: Great Tusk|93\/100|[from] item: Leftovers\n|-heal|p1a: Garganacl|13\/100|[from] item: Leftovers\n|-damage|p2a: Great Tusk|81\/100|[from] Salt Cure\n|-end|p1a: Garganacl|move: Taunt\n|upkeep\n|turn|48\n|\n|t:|1699776448\n|move|p1a: Garganacl|Protect|p1a: Garganacl\n|-singleturn|p1a: Garganacl|Protect\n|move|p2a: Great Tusk|Rapid Spin|p1a: Garganacl\n|-activate|p1a: Garganacl|move: Protect\n|\n|-heal|p2a: Great Tusk|87\/100|[from] item: Leftovers\n|-heal|p1a: Garganacl|19\/100|[from] item: Leftovers\n|-damage|p2a: Great Tusk|75\/100|[from] Salt Cure\n|upkeep\n|turn|49\n|\n|t:|1699776455\n|switch|p1a: Moltres|Moltres|35\/100\n|move|p2a: Great Tusk|Bulk Up|p2a: Great Tusk\n|-boost|p2a: Great Tusk|atk|1\n|-boost|p2a: Great Tusk|def|1\n|\n|-heal|p2a: Great Tusk|81\/100|[from] item: Leftovers\n|-damage|p2a: Great Tusk|68\/100|[from] Salt Cure\n|upkeep\n|turn|50\n|\n|t:|1699776459\n|-end|p2a: Great Tusk|Protosynthesis|[silent]\n|switch|p2a: Heatran|Heatran, F|29\/100\n|move|p1a: Moltres|Roost|p1a: Moltres\n|-heal|p1a: Moltres|86\/100\n|-singleturn|p1a: Moltres|move: Roost\n|\n|-heal|p2a: Heatran|35\/100|[from] item: Leftovers\n|upkeep\n|turn|51\n|\n|t:|1699776465\n|move|p1a: Moltres|U-turn|p2a: Heatran\n|-resisted|p2a: Heatran\n|-damage|p2a: Heatran|32\/100\n|\n|t:|1699776466\n|switch|p1a: Alomomola|Alomomola, M|100\/100|[from] U-turn\n|move|p2a: Heatran|Magma Storm|p1a: Alomomola\n|-resisted|p1a: Alomomola\n|-damage|p1a: Alomomola|76\/100\n|-activate|p1a: Alomomola|move: Magma Storm|[of] p2a: Heatran\n|\n|-heal|p2a: Heatran|38\/100|[from] item: Leftovers\n|-damage|p1a: Alomomola|64\/100|[from] move: Magma Storm|[partiallytrapped]\n|upkeep\n|turn|52\n|\n|t:|1699776486\n|move|p2a: Heatran|Earth Power|p1a: Alomomola\n|-damage|p1a: Alomomola|35\/100\n|move|p1a: Alomomola|Flip Turn|p2a: Heatran\n|-supereffective|p2a: Heatran\n|-damage|p2a: Heatran|15\/100\n|\n|t:|1699776492\n|switch|p1a: Dragapult|Dragapult, F|49\/100|[from] Flip Turn\n|-damage|p1a: Dragapult|37\/100|[from] Stealth Rock\n|\n|-heal|p2a: Heatran|21\/100|[from] item: Leftovers\n|upkeep\n|turn|53\n|\n|t:|1699776495\n|move|p1a: Dragapult|Shadow Ball|p2a: Heatran\n|-damage|p2a: Heatran|0 fnt\n|faint|p2a: Heatran\n|\n|upkeep\n|\n|t:|1699776497\n|switch|p2a: Dragapult|Dragapult, M|60\/100\n|turn|54\n|\n|t:|1699776500\n|move|p2a: Dragapult|Shadow Ball|p1a: Dragapult\n|-supereffective|p1a: Dragapult\n|-damage|p1a: Dragapult|0 fnt\n|faint|p1a: Dragapult\n|\n|upkeep\n|\n|t:|1699776506\n|switch|p1a: Moltres|Moltres|86\/100\n|turn|55\n|\n|t:|1699776509\n|move|p2a: Dragapult|Shadow Ball|p1a: Moltres\n|-damage|p1a: Moltres|50\/100\n|move|p1a: Moltres|Will-O-Wisp|p2a: Dragapult\n|-status|p2a: Dragapult|brn\n|\n|-damage|p2a: Dragapult|54\/100 brn|[from] brn\n|upkeep\n|turn|56\n|\n|t:|1699776511\n|move|p2a: Dragapult|Shadow Ball|p1a: Moltres\n|-damage|p1a: Moltres|15\/100\n|move|p1a: Moltres|Roost|p1a: Moltres\n|-heal|p1a: Moltres|65\/100\n|-singleturn|p1a: Moltres|move: Roost\n|\n|-damage|p2a: Dragapult|48\/100 brn|[from] brn\n|upkeep\n|turn|57\n|\n|t:|1699776514\n|move|p2a: Dragapult|Shadow Ball|p1a: Moltres\n|-damage|p1a: Moltres|30\/100\n|move|p1a: Moltres|Roost|p1a: Moltres\n|-heal|p1a: Moltres|80\/100\n|-singleturn|p1a: Moltres|move: Roost\n|\n|-damage|p2a: Dragapult|42\/100 brn|[from] brn\n|upkeep\n|turn|58\n|\n|t:|1699776517\n|move|p2a: Dragapult|Shadow Ball|p1a: Moltres\n|-damage|p1a: Moltres|41\/100\n|move|p1a: Moltres|Roost|p1a: Moltres\n|-heal|p1a: Moltres|92\/100\n|-singleturn|p1a: Moltres|move: Roost\n|\n|-damage|p2a: Dragapult|36\/100 brn|[from] brn\n|upkeep\n|turn|59\n|\n|t:|1699776520\n|move|p2a: Dragapult|Shadow Ball|p1a: Moltres\n|-damage|p1a: Moltres|52\/100\n|move|p1a: Moltres|Flamethrower|p2a: Dragapult\n|-resisted|p2a: Dragapult\n|-damage|p2a: Dragapult|9\/100 brn\n|\n|-damage|p2a: Dragapult|3\/100 brn|[from] brn\n|upkeep\n|turn|60\n|\n|t:|1699776522\n|move|p2a: Dragapult|Shadow Ball|p1a: Moltres\n|-damage|p1a: Moltres|13\/100\n|move|p1a: Moltres|Roost|p1a: Moltres\n|-heal|p1a: Moltres|63\/100\n|-singleturn|p1a: Moltres|move: Roost\n|\n|-damage|p2a: Dragapult|0 fnt|[from] brn\n|faint|p2a: Dragapult\n|upkeep\n|\n|t:|1699776525\n|switch|p2a: Great Tusk|Great Tusk|68\/100\n|turn|61\n|\n|t:|1699776528\n|move|p2a: Great Tusk|Bulk Up|p2a: Great Tusk\n|-boost|p2a: Great Tusk|atk|1\n|-boost|p2a: Great Tusk|def|1\n|move|p1a: Moltres|Will-O-Wisp|p2a: Great Tusk|[miss]\n|-miss|p1a: Moltres|p2a: Great Tusk\n|\n|-heal|p2a: Great Tusk|75\/100|[from] item: Leftovers\n|upkeep\n|turn|62\n|\n|t:|1699776530\n|move|p2a: Great Tusk|Rapid Spin|p1a: Moltres\n|-damage|p1a: Moltres|43\/100\n|-boost|p2a: Great Tusk|spe|1\n|move|p1a: Moltres|Will-O-Wisp|p2a: Great Tusk\n|-status|p2a: Great Tusk|brn\n|\n|-heal|p2a: Great Tusk|81\/100 brn|[from] item: Leftovers\n|-damage|p2a: Great Tusk|75\/100 brn|[from] brn\n|upkeep\n|turn|63\n|\n|t:|1699776537\n|move|p2a: Great Tusk|Bulk Up|p2a: Great Tusk\n|-boost|p2a: Great Tusk|atk|1\n|-boost|p2a: Great Tusk|def|1\n|move|p1a: Moltres|Roost|p1a: Moltres\n|-heal|p1a: Moltres|93\/100\n|-singleturn|p1a: Moltres|move: Roost\n|\n|-heal|p2a: Great Tusk|81\/100 brn|[from] item: Leftovers\n|-damage|p2a: Great Tusk|75\/100 brn|[from] brn\n|upkeep\n|turn|64\n|\n|t:|1699776540\n|move|p2a: Great Tusk|Bulk Up|p2a: Great Tusk\n|-boost|p2a: Great Tusk|atk|1\n|-boost|p2a: Great Tusk|def|1\n|move|p1a: Moltres|Flamethrower|p2a: Great Tusk\n|-damage|p2a: Great Tusk|27\/100 brn\n|\n|-heal|p2a: Great Tusk|34\/100 brn|[from] item: Leftovers\n|-damage|p2a: Great Tusk|27\/100 brn|[from] brn\n|upkeep\n|turn|65\n|\n|t:|1699776542\n|move|p2a: Great Tusk|Ice Spinner|p1a: Moltres\n|-damage|p1a: Moltres|67\/100\n|move|p1a: Moltres|Flamethrower|p2a: Great Tusk\n|-damage|p2a: Great Tusk|0 fnt\n|faint|p2a: Great Tusk\n|-end|p2a: Great Tusk|Protosynthesis|[silent]\n|\n|win|phlawg\n|raw|phlawg's rating: 1373 &rarr; <strong>1389<\/strong><br \/>(+16 for winning)\n|raw|VariannVN's rating: 1300 &rarr; <strong>1280<\/strong><br \/>(-20 for losing)\n|l|\u2606VariannVN\n","uploadtime":1699776560,"views":29,"p1id":"phlawg","p2id":"variannvn","formatid":"gen9ou","rating":1280,"private":0,"password":""}