{"id":"gen9ou-1996526565","p1":"Username momento","p2":"lucascarneiro","format":"[Gen 9] OU","log":"|j|\u2606Username momento\n|j|\u2606lucascarneiro\n|t:|1700690739\n|gametype|singles\n|player|p1|Username momento|ninjaboy|1571\n|player|p2|lucascarneiro|266|1512\n|teamsize|p1|6\n|teamsize|p2|6\n|gen|9\n|tier|[Gen 9] OU\n|rated|\n|rule|Sleep Clause Mod: Limit one foe put to sleep\n|rule|Species Clause: Limit one of each Pok\u00e9mon\n|rule|OHKO Clause: OHKO moves are banned\n|rule|Evasion Items Clause: Evasion items are banned\n|rule|Evasion Moves Clause: Evasion moves are banned\n|rule|Endless Battle Clause: Forcing endless battles is banned\n|rule|HP Percentage Mod: HP is shown in percentages\n|clearpoke\n|poke|p1|Meowscarada, F|\n|poke|p1|Kingambit, M|\n|poke|p1|Zapdos|\n|poke|p1|Zamazenta-*|\n|poke|p1|Great Tusk|\n|poke|p1|Iron Moth|\n|poke|p2|Zarude|\n|poke|p2|Ribombee, F|\n|poke|p2|Gholdengo|\n|poke|p2|Great Tusk|\n|poke|p2|Indeedee, M|\n|poke|p2|Glimmora, M|\n|teampreview\n|\n|t:|1700690746\n|start\n|switch|p1a: Zapdos|Zapdos|100\/100\n|switch|p2a: Ribombee|Ribombee, F|100\/100\n|turn|1\n|\n|t:|1700690751\n|move|p2a: Ribombee|Sticky Web|p1a: Zapdos\n|-sidestart|p1: Username momento|move: Sticky Web\n|move|p1a: Zapdos|Discharge|p2a: Ribombee\n|-damage|p2a: Ribombee|56\/100\n|\n|upkeep\n|turn|2\n|\n|t:|1700690758\n|switch|p2a: Glimmora|Glimmora, M|100\/100\n|move|p1a: Zapdos|Hurricane|p2a: Glimmora\n|-resisted|p2a: Glimmora\n|-damage|p2a: Glimmora|72\/100\n|-start|p2a: Glimmora|confusion\n|\n|upkeep\n|turn|3\n|inactive|Battle timer is ON: inactive players will automatically lose when time's up. (requested by lucascarneiro)\n|\n|t:|1700690766\n|-activate|p2a: Glimmora|confusion\n|move|p2a: Glimmora|Power Gem|p1a: Zapdos\n|-supereffective|p1a: Zapdos\n|-damage|p1a: Zapdos|0 fnt\n|faint|p1a: Zapdos\n|\n|upkeep\n|\n|t:|1700690769\n|switch|p1a: Great Tusk|Great Tusk|100\/100\n|-activate|p1a: Great Tusk|move: Sticky Web\n|-unboost|p1a: Great Tusk|spe|1\n|-enditem|p1a: Great Tusk|Booster Energy\n|-activate|p1a: Great Tusk|ability: Protosynthesis|[fromitem]\n|-start|p1a: Great Tusk|protosynthesisatk\n|turn|4\n|\n|t:|1700690776\n|switch|p2a: Gholdengo|Gholdengo|100\/100\n|-item|p2a: Gholdengo|Air Balloon\n|move|p1a: Great Tusk|Knock Off|p2a: Gholdengo\n|-supereffective|p2a: Gholdengo\n|-damage|p2a: Gholdengo|0 fnt\n|-enditem|p2a: Gholdengo|Air Balloon\n|faint|p2a: Gholdengo\n|\n|upkeep\n|\n|t:|1700690788\n|switch|p2a: Glimmora|Glimmora, M|72\/100\n|turn|5\n|\n|t:|1700690801\n|-terastallize|p1a: Great Tusk|Steel\n|move|p2a: Glimmora|Energy Ball|p1a: Great Tusk\n|-resisted|p1a: Great Tusk\n|-damage|p1a: Great Tusk|66\/100\n|move|p1a: Great Tusk|Earthquake|p2a: Glimmora\n|-supereffective|p2a: Glimmora\n|-damage|p2a: Glimmora|0 fnt\n|-activate|p2a: Glimmora|ability: Toxic Debris\n|-sidestart|p1: Username momento|move: Toxic Spikes\n|faint|p2a: Glimmora\n|\n|upkeep\n|\n|t:|1700690812\n|switch|p2a: Great Tusk|Great Tusk|100\/100\n|-enditem|p2a: Great Tusk|Booster Energy\n|-activate|p2a: Great Tusk|ability: Protosynthesis|[fromitem]\n|-start|p2a: Great Tusk|protosynthesisatk\n|turn|6\n|\n|t:|1700690817\n|-end|p1a: Great Tusk|Protosynthesis|[silent]\n|switch|p1a: Zamazenta|Zamazenta|100\/100\n|-activate|p1a: Zamazenta|move: Sticky Web\n|-unboost|p1a: Zamazenta|spe|1\n|-status|p1a: Zamazenta|psn\n|-ability|p1a: Zamazenta|Dauntless Shield|boost\n|-boost|p1a: Zamazenta|def|1\n|move|p2a: Great Tusk|Headlong Rush|p1a: Zamazenta\n|-damage|p1a: Zamazenta|57\/100 psn\n|-unboost|p2a: Great Tusk|def|1\n|-unboost|p2a: Great Tusk|spd|1\n|\n|-heal|p1a: Zamazenta|63\/100 psn|[from] item: Leftovers\n|-damage|p1a: Zamazenta|51\/100 psn|[from] psn\n|upkeep\n|turn|7\n|\n|t:|1700690833\n|move|p2a: Great Tusk|Close Combat|p1a: Zamazenta\n|-damage|p1a: Zamazenta|12\/100 psn\n|-unboost|p2a: Great Tusk|def|1\n|-unboost|p2a: Great Tusk|spd|1\n|move|p1a: Zamazenta|Body Press|p2a: Great Tusk\n|-damage|p2a: Great Tusk|10\/100\n|\n|-heal|p1a: Zamazenta|18\/100 psn|[from] item: Leftovers\n|-damage|p1a: Zamazenta|6\/100 psn|[from] psn\n|upkeep\n|turn|8\n|\n|t:|1700690852\n|move|p2a: Great Tusk|Headlong Rush|p1a: Zamazenta\n|-crit|p1a: Zamazenta\n|-damage|p1a: Zamazenta|0 fnt\n|-unboost|p2a: Great Tusk|def|1\n|-unboost|p2a: Great Tusk|spd|1\n|faint|p1a: Zamazenta\n|\n|upkeep\n|\n|t:|1700690861\n|switch|p1a: Kingambit|Kingambit, M|100\/100\n|-activate|p1a: Kingambit|move: Sticky Web\n|-unboost|p1a: Kingambit|spe|1\n|-activate|p1a: Kingambit|ability: Supreme Overlord\n|-start|p1a: Kingambit|fallen2|[silent]\n|turn|9\n|\n|t:|1700690866\n|move|p1a: Kingambit|Sucker Punch||[still]\n|-fail|p1a: Kingambit\n|move|p2a: Great Tusk|Stealth Rock|p1a: Kingambit\n|-sidestart|p1: Username momento|move: Stealth Rock\n|\n|upkeep\n|turn|10\n|\n|t:|1700690884\n|-end|p2a: Great Tusk|Protosynthesis|[silent]\n|switch|p2a: Ribombee|Ribombee, F|56\/100\n|move|p1a: Kingambit|Sucker Punch||[still]\n|-fail|p1a: Kingambit\n|\n|upkeep\n|turn|11\n|\n|t:|1700690893\n|move|p2a: Ribombee|Stun Spore|p1a: Kingambit\n|-status|p1a: Kingambit|par\n|move|p1a: Kingambit|Iron Head|p2a: Ribombee\n|-supereffective|p2a: Ribombee\n|-damage|p2a: Ribombee|0 fnt\n|faint|p2a: Ribombee\n|\n|upkeep\n|\n|t:|1700690900\n|switch|p2a: Indeedee|Indeedee, M|100\/100\n|-fieldstart|move: Psychic Terrain|[from] ability: Psychic Surge|[of] p2a: Indeedee\n|turn|12\n|\n|t:|1700690910\n|move|p2a: Indeedee|Dazzling Gleam|p1a: Kingambit\n|-crit|p1a: Kingambit\n|-damage|p1a: Kingambit|66\/100 par\n|move|p1a: Kingambit|Kowtow Cleave|p2a: Indeedee\n|-supereffective|p2a: Indeedee\n|-damage|p2a: Indeedee|0 fnt\n|faint|p2a: Indeedee\n|\n|-heal|p1a: Kingambit|73\/100 par|[from] item: Leftovers\n|upkeep\n|\n|t:|1700690925\n|switch|p2a: Zarude|Zarude|100\/100\n|-enditem|p2a: Zarude|Psychic Seed\n|-boost|p2a: Zarude|spd|1|[from] item: Psychic Seed\n|turn|13\n|\n|t:|1700690929\n|move|p2a: Zarude|Bulk Up|p2a: Zarude\n|-boost|p2a: Zarude|atk|1\n|-boost|p2a: Zarude|def|1\n|move|p1a: Kingambit|Iron Head|p2a: Zarude\n|-damage|p2a: Zarude|65\/100\n|\n|-heal|p1a: Kingambit|79\/100 par|[from] item: Leftovers\n|upkeep\n|turn|14\n|\n|t:|1700690942\n|move|p2a: Zarude|Bulk Up|p2a: Zarude\n|-boost|p2a: Zarude|atk|1\n|-boost|p2a: Zarude|def|1\n|move|p1a: Kingambit|Iron Head|p2a: Zarude\n|-damage|p2a: Zarude|38\/100\n|\n|-heal|p1a: Kingambit|85\/100 par|[from] item: Leftovers\n|upkeep\n|turn|15\n|\n|t:|1700690950\n|move|p2a: Zarude|Drain Punch|p1a: Kingambit\n|-supereffective|p1a: Kingambit\n|-crit|p1a: Kingambit\n|-damage|p1a: Kingambit|0 fnt\n|-heal|p2a: Zarude|87\/100|[from] drain|[of] p1a: Kingambit\n|faint|p1a: Kingambit\n|-end|p1a: Kingambit|fallen2|[silent]\n|\n|upkeep\n|\n|t:|1700690954\n|switch|p1a: Iron Moth|Iron Moth|100\/100\n|-activate|p1a: Iron Moth|move: Sticky Web\n|-unboost|p1a: Iron Moth|spe|1\n|-sideend|p1: Username momento|move: Toxic Spikes|[of] p1a: Iron Moth\n|-damage|p1a: Iron Moth|76\/100|[from] Stealth Rock\n|-enditem|p1a: Iron Moth|Booster Energy\n|-activate|p1a: Iron Moth|ability: Quark Drive|[fromitem]\n|-start|p1a: Iron Moth|quarkdrivespa\n|turn|16\n|\n|t:|1700690963\n|move|p2a: Zarude|Crunch|p1a: Iron Moth\n|-crit|p1a: Iron Moth\n|-damage|p1a: Iron Moth|0 fnt\n|faint|p1a: Iron Moth\n|-end|p1a: Iron Moth|Quark Drive|[silent]\n|\n|-fieldend|move: Psychic Terrain\n|upkeep\n|\n|t:|1700690968\n|switch|p1a: Meowscarada|Meowscarada, F|100\/100\n|-activate|p1a: Meowscarada|move: Sticky Web\n|-unboost|p1a: Meowscarada|spe|1\n|-damage|p1a: Meowscarada|88\/100|[from] Stealth Rock\n|turn|17\n|\n|t:|1700690977\n|-terastallize|p2a: Zarude|Flying\n|move|p2a: Zarude|Acrobatics|p1a: Meowscarada\n|-supereffective|p1a: Meowscarada\n|-damage|p1a: Meowscarada|0 fnt\n|faint|p1a: Meowscarada\n|\n|upkeep\n|-message|Username momento forfeited.\n|\n|win|lucascarneiro\n|raw|Username momento's rating: 1571 &rarr; <strong>1548<\/strong><br \/>(-23 for losing)\n|raw|lucascarneiro's rating: 1512 &rarr; <strong>1535<\/strong><br \/>(+23 for winning)\n|l|\u2606Username momento\n","uploadtime":1700690984,"views":2,"p1id":"usernamemomento","p2id":"lucascarneiro","formatid":"gen9ou","rating":1535,"private":0,"password":""}