{"id":"gen9ou-1996537665","p1":"Redboy128","p2":"Defog emolga","format":"[Gen 9] OU","log":"|j|\u2606Redboy128\n|j|\u2606Defog emolga\n|t:|1700691892\n|gametype|singles\n|player|p1|Redboy128|red|1332\n|player|p2|Defog emolga|265|1438\n|teamsize|p1|6\n|teamsize|p2|6\n|gen|9\n|tier|[Gen 9] OU\n|rated|\n|rule|Sleep Clause Mod: Limit one foe put to sleep\n|rule|Species Clause: Limit one of each Pok\u00e9mon\n|rule|OHKO Clause: OHKO moves are banned\n|rule|Evasion Items Clause: Evasion items are banned\n|rule|Evasion Moves Clause: Evasion moves are banned\n|rule|Endless Battle Clause: Forcing endless battles is banned\n|rule|HP Percentage Mod: HP is shown in percentages\n|clearpoke\n|poke|p1|Donphan, F|\n|poke|p1|Azelf|\n|poke|p1|Chesnaught, M|\n|poke|p1|Delphox, F|\n|poke|p1|Kommo-o, F|\n|poke|p1|Vivillon-Pokeball, F|\n|poke|p2|Yanmega, M|\n|poke|p2|Cinderace, F|\n|poke|p2|Zamazenta-*|\n|poke|p2|Sinistcha|\n|poke|p2|Froslass, F|\n|poke|p2|Maushold|\n|teampreview\n|inactive|Battle timer is ON: inactive players will automatically lose when time's up. (requested by Redboy128)\n|\n|t:|1700691903\n|start\n|switch|p1a: Azelf|Azelf|100\/100\n|switch|p2a: Froslass|Froslass, F|100\/100\n|turn|1\n|\n|t:|1700691911\n|move|p1a: Azelf|Taunt|p2a: Froslass\n|-start|p2a: Froslass|move: Taunt\n|move|p2a: Froslass|Shadow Ball|p1a: Azelf\n|-supereffective|p1a: Azelf\n|-damage|p1a: Azelf|30\/100\n|\n|upkeep\n|turn|2\n|\n|t:|1700691918\n|move|p1a: Azelf|Thunder Wave|p2a: Froslass\n|-status|p2a: Froslass|par\n|cant|p2a: Froslass|par\n|\n|upkeep\n|turn|3\n|\n|t:|1700691921\n|move|p1a: Azelf|Stealth Rock|p2a: Froslass\n|-sidestart|p2: Defog emolga|move: Stealth Rock\n|move|p2a: Froslass|Shadow Ball|p1a: Azelf\n|-supereffective|p1a: Azelf\n|-damage|p1a: Azelf|0 fnt\n|faint|p1a: Azelf\n|\n|-end|p2a: Froslass|move: Taunt\n|upkeep\n|\n|t:|1700691936\n|switch|p1a: Delphox|Delphox, F, shiny|100\/100\n|turn|4\n|\n|t:|1700691942\n|move|p1a: Delphox|Overheat|p2a: Froslass\n|-supereffective|p2a: Froslass\n|-enditem|p2a: Froslass|Focus Sash\n|-damage|p2a: Froslass|1\/100 par\n|-unboost|p1a: Delphox|spa|2\n|-enditem|p1a: Delphox|White Herb\n|-clearnegativeboost|p1a: Delphox|[silent]\n|cant|p2a: Froslass|par\n|\n|upkeep\n|turn|5\n|\n|t:|1700691953\n|move|p1a: Delphox|Future Sight|p2a: Froslass\n|-start|p1a: Delphox|move: Future Sight\n|move|p2a: Froslass|Shadow Ball|p1a: Delphox\n|-supereffective|p1a: Delphox\n|-damage|p1a: Delphox|44\/100\n|\n|upkeep\n|turn|6\n|inactive|Defog emolga has 120 seconds left.\n|\n|t:|1700691990\n|move|p1a: Delphox|Overheat|p2a: Froslass\n|-supereffective|p2a: Froslass\n|-crit|p2a: Froslass\n|-damage|p2a: Froslass|0 fnt\n|-unboost|p1a: Delphox|spa|2\n|-start|p1a: Delphox|Disable|Overheat|[from] ability: Cursed Body|[of] p2a: Froslass\n|faint|p2a: Froslass\n|\n|upkeep\n|\n|t:|1700691997\n|switch|p2a: Yanmega|Yanmega, M|100\/100\n|-damage|p2a: Yanmega|51\/100|[from] Stealth Rock\n|turn|7\n|inactive|Defog emolga has 120 seconds left.\n|\n|t:|1700692007\n|move|p2a: Yanmega|Protect|p2a: Yanmega\n|-singleturn|p2a: Yanmega|Protect\n|move|p1a: Delphox|Will-O-Wisp|p2a: Yanmega\n|-activate|p2a: Yanmega|move: Protect\n|\n|-end|p2a: Yanmega|move: Future Sight\n|-damage|p2a: Yanmega|0 fnt\n|faint|p2a: Yanmega\n|upkeep\n|\n|t:|1700692010\n|switch|p2a: Maushold|Maushold|100\/100\n|-damage|p2a: Maushold|88\/100|[from] Stealth Rock\n|turn|8\n|\n|t:|1700692013\n|move|p2a: Maushold|Population Bomb|p1a: Delphox\n|-damage|p1a: Delphox|26\/100\n|-damage|p1a: Delphox|9\/100\n|-damage|p1a: Delphox|0 fnt\n|faint|p1a: Delphox\n|-hitcount|p1: Delphox|3\n|\n|upkeep\n|\n|t:|1700692016\n|switch|p1a: Chesnuts|Chesnaught, M, shiny|100\/100\n|turn|9\n|\n|t:|1700692046\n|switch|p2a: Sinistcha|Sinistcha|100\/100\n|-damage|p2a: Sinistcha|88\/100|[from] Stealth Rock\n|move|p1a: Chesnuts|Leech Seed|p2a: Sinistcha\n|-immune|p2a: Sinistcha\n|\n|-heal|p2a: Sinistcha|94\/100|[from] item: Leftovers\n|upkeep\n|turn|10\n|\n|t:|1700692050\n|move|p2a: Sinistcha|Calm Mind|p2a: Sinistcha\n|-boost|p2a: Sinistcha|spa|1\n|-boost|p2a: Sinistcha|spd|1\n|move|p1a: Chesnuts|Knock Off|p2a: Sinistcha\n|-supereffective|p2a: Sinistcha\n|-damage|p2a: Sinistcha|59\/100\n|-enditem|p2a: Sinistcha|Leftovers|[from] move: Knock Off|[of] p1a: Chesnuts\n|\n|upkeep\n|turn|11\n|\n|t:|1700692057\n|move|p2a: Sinistcha|Strength Sap|p1a: Chesnuts\n|-unboost|p1a: Chesnuts|atk|1\n|-heal|p2a: Sinistcha|100\/100\n|move|p1a: Chesnuts|Knock Off|p2a: Sinistcha\n|-supereffective|p2a: Sinistcha\n|-damage|p2a: Sinistcha|84\/100\n|\n|upkeep\n|turn|12\n|\n|t:|1700692071\n|switch|p1a: Vivillon|Vivillon-Pokeball, F|100\/100\n|move|p2a: Sinistcha|Calm Mind|p2a: Sinistcha\n|-boost|p2a: Sinistcha|spa|1\n|-boost|p2a: Sinistcha|spd|1\n|\n|upkeep\n|turn|13\n|\n|t:|1700692075\n|-terastallize|p2a: Sinistcha|Poison\n|move|p1a: Vivillon|Substitute|p1a: Vivillon\n|-start|p1a: Vivillon|Substitute\n|-damage|p1a: Vivillon|76\/100\n|move|p2a: Sinistcha|Shadow Ball|p1a: Vivillon\n|-end|p1a: Vivillon|Substitute\n|\n|upkeep\n|turn|14\n|\n|t:|1700692078\n|move|p1a: Vivillon|Sleep Powder|p2a: Sinistcha\n|-status|p2a: Sinistcha|slp|[from] move: Sleep Powder\n|cant|p2a: Sinistcha|slp\n|\n|upkeep\n|turn|15\n|\n|t:|1700692084\n|move|p1a: Vivillon|Quiver Dance|p1a: Vivillon\n|-boost|p1a: Vivillon|spa|1\n|-boost|p1a: Vivillon|spd|1\n|-boost|p1a: Vivillon|spe|1\n|cant|p2a: Sinistcha|slp\n|\n|upkeep\n|turn|16\n|\n|t:|1700692087\n|move|p1a: Vivillon|Quiver Dance|p1a: Vivillon\n|-boost|p1a: Vivillon|spa|1\n|-boost|p1a: Vivillon|spd|1\n|-boost|p1a: Vivillon|spe|1\n|-curestatus|p2a: Sinistcha|slp|[msg]\n|move|p2a: Sinistcha|Shadow Ball|p1a: Vivillon\n|-damage|p1a: Vivillon|17\/100\n|\n|upkeep\n|turn|17\n|\n|t:|1700692090\n|move|p1a: Vivillon|Sleep Powder|p2a: Sinistcha\n|-status|p2a: Sinistcha|slp|[from] move: Sleep Powder\n|cant|p2a: Sinistcha|slp\n|\n|upkeep\n|turn|18\n|\n|t:|1700692094\n|move|p1a: Vivillon|Hurricane|p2a: Sinistcha\n|-damage|p2a: Sinistcha|32\/100 slp\n|cant|p2a: Sinistcha|slp\n|\n|upkeep\n|turn|19\n|\n|t:|1700692100\n|move|p1a: Vivillon|Hurricane|p2a: Sinistcha|[miss]\n|-miss|p1a: Vivillon|p2a: Sinistcha\n|-curestatus|p2a: Sinistcha|slp|[msg]\n|move|p2a: Sinistcha|Shadow Ball|p1a: Vivillon\n|-damage|p1a: Vivillon|0 fnt\n|faint|p1a: Vivillon\n|\n|upkeep\n|\n|t:|1700692108\n|switch|p1a: Kommo-o|Kommo-o, F|100\/100\n|turn|20\n|\n|t:|1700692138\n|move|p1a: Kommo-o|Substitute|p1a: Kommo-o\n|-start|p1a: Kommo-o|Substitute\n|-damage|p1a: Kommo-o|76\/100\n|move|p2a: Sinistcha|Strength Sap||[still]\n|-fail|p2a: Sinistcha\n|\n|-heal|p1a: Kommo-o|82\/100|[from] item: Leftovers\n|upkeep\n|turn|21\n|\n|t:|1700692142\n|move|p1a: Kommo-o|Clangorous Soul|p1a: Kommo-o\n|-boost|p1a: Kommo-o|atk|1\n|-boost|p1a: Kommo-o|def|1\n|-boost|p1a: Kommo-o|spa|1\n|-boost|p1a: Kommo-o|spd|1\n|-boost|p1a: Kommo-o|spe|1\n|-damage|p1a: Kommo-o|49\/100\n|move|p2a: Sinistcha|Matcha Gotcha|p1a: Kommo-o\n|-resisted|p1a: Kommo-o\n|-end|p1a: Kommo-o|Substitute\n|-heal|p2a: Sinistcha|42\/100|[from] drain|[of] p1a: Kommo-o\n|\n|-heal|p1a: Kommo-o|55\/100|[from] item: Leftovers\n|upkeep\n|turn|22\n|\n|t:|1700692148\n|-terastallize|p1a: Kommo-o|Water\n|move|p1a: Kommo-o|Tera Blast|p2a: Sinistcha|[anim] Tera Blast Water\n|-damage|p2a: Sinistcha|0 fnt\n|faint|p2a: Sinistcha\n|\n|-heal|p1a: Kommo-o|61\/100|[from] item: Leftovers\n|upkeep\n|\n|t:|1700692160\n|switch|p2a: Zamazenta|Zamazenta|100\/100\n|-damage|p2a: Zamazenta|94\/100|[from] Stealth Rock\n|-ability|p2a: Zamazenta|Dauntless Shield|boost\n|-boost|p2a: Zamazenta|def|1\n|turn|23\n|\n|t:|1700692165\n|move|p1a: Kommo-o|Drain Punch|p2a: Zamazenta\n|-damage|p2a: Zamazenta|62\/100\n|-heal|p1a: Kommo-o|80\/100|[from] drain|[of] p2a: Zamazenta\n|move|p2a: Zamazenta|Close Combat|p1a: Kommo-o\n|-damage|p1a: Kommo-o|20\/100\n|-unboost|p2a: Zamazenta|def|1\n|-unboost|p2a: Zamazenta|spd|1\n|\n|-heal|p1a: Kommo-o|26\/100|[from] item: Leftovers\n|upkeep\n|turn|24\n|\n|t:|1700692172\n|move|p1a: Kommo-o|Drain Punch|p2a: Zamazenta\n|-damage|p2a: Zamazenta|15\/100\n|-heal|p1a: Kommo-o|52\/100|[from] drain|[of] p2a: Zamazenta\n|move|p2a: Zamazenta|Close Combat|p1a: Kommo-o\n|-damage|p1a: Kommo-o|0 fnt\n|-unboost|p2a: Zamazenta|def|1\n|-unboost|p2a: Zamazenta|spd|1\n|faint|p1a: Kommo-o\n|\n|upkeep\n|\n|t:|1700692185\n|switch|p1a: Chesnuts|Chesnaught, M, shiny|100\/100\n|turn|25\n|\n|t:|1700692189\n|move|p1a: Chesnuts|Spiky Shield|p1a: Chesnuts\n|-singleturn|p1a: Chesnuts|move: Protect\n|move|p2a: Zamazenta|Close Combat|p1a: Chesnuts\n|-activate|p1a: Chesnuts|move: Protect\n|-damage|p2a: Zamazenta|2\/100|[from] Spiky Shield|[of] p1a: Chesnuts\n|\n|upkeep\n|turn|26\n|\n|t:|1700692191\n|move|p2a: Zamazenta|Close Combat|p1a: Chesnuts\n|-damage|p1a: Chesnuts|54\/100\n|-unboost|p2a: Zamazenta|def|1\n|-unboost|p2a: Zamazenta|spd|1\n|move|p1a: Chesnuts|Substitute|p1a: Chesnuts\n|-start|p1a: Chesnuts|Substitute\n|-damage|p1a: Chesnuts|30\/100\n|\n|-heal|p1a: Chesnuts|36\/100|[from] item: Leftovers\n|upkeep\n|turn|27\n|\n|t:|1700692197\n|move|p1a: Chesnuts|Spiky Shield|p1a: Chesnuts\n|-singleturn|p1a: Chesnuts|move: Protect\n|move|p2a: Zamazenta|Close Combat|p1a: Chesnuts\n|-activate|p1a: Chesnuts|move: Protect\n|-damage|p2a: Zamazenta|0 fnt|[from] Spiky Shield|[of] p1a: Chesnuts\n|faint|p2a: Zamazenta\n|\n|-heal|p1a: Chesnuts|42\/100|[from] item: Leftovers\n|upkeep\n|\n|t:|1700692203\n|switch|p2a: Cinderace|Cinderace, F|100\/100\n|turn|28\n|\n|t:|1700692208\n|move|p2a: Cinderace|U-turn|p1a: Chesnuts\n|-start|p2a: Cinderace|typechange|Bug|[from] ability: Libero\n|-activate|p1a: Chesnuts|move: Substitute|[damage]\n|\n|t:|1700692210\n|switch|p2a: Maushold|Maushold|88\/100|[from] U-turn\n|-damage|p2a: Maushold|76\/100|[from] Stealth Rock\n|move|p1a: Chesnuts|Leech Seed|p2a: Maushold\n|-start|p2a: Maushold|move: Leech Seed\n|\n|-heal|p1a: Chesnuts|48\/100|[from] item: Leftovers\n|-damage|p2a: Maushold|63\/100|[from] Leech Seed|[of] p1a: Chesnuts\n|-heal|p1a: Chesnuts|57\/100|[silent]\n|upkeep\n|turn|29\n|\n|t:|1700692227\n|move|p1a: Chesnuts|Spiky Shield|p1a: Chesnuts\n|-singleturn|p1a: Chesnuts|move: Protect\n|move|p2a: Maushold|Encore|p1a: Chesnuts\n|-activate|p1a: Chesnuts|move: Protect\n|\n|-heal|p1a: Chesnuts|63\/100|[from] item: Leftovers\n|-damage|p2a: Maushold|51\/100|[from] Leech Seed|[of] p1a: Chesnuts\n|-heal|p1a: Chesnuts|73\/100|[silent]\n|upkeep\n|turn|30\n|\n|t:|1700692231\n|move|p2a: Maushold|Encore|p1a: Chesnuts\n|-start|p1a: Chesnuts|Encore\n|move|p1a: Chesnuts|Spiky Shield||[still]\n|-fail|p1a: Chesnuts\n|\n|-heal|p1a: Chesnuts|79\/100|[from] item: Leftovers\n|-damage|p2a: Maushold|38\/100|[from] Leech Seed|[of] p1a: Chesnuts\n|-heal|p1a: Chesnuts|88\/100|[silent]\n|upkeep\n|turn|31\n|\n|t:|1700692235\n|move|p1a: Chesnuts|Spiky Shield|p1a: Chesnuts\n|-singleturn|p1a: Chesnuts|move: Protect\n|move|p2a: Maushold|Tidy Up|p2a: Maushold\n|-end|p1a: Chesnuts|Substitute\n|-sideend|p2: Defog emolga|Stealth Rock\n|-activate|p2a: Maushold|move: Tidy Up\n|-boost|p2a: Maushold|atk|1\n|-boost|p2a: Maushold|spe|1\n|\n|-heal|p1a: Chesnuts|94\/100|[from] item: Leftovers\n|-damage|p2a: Maushold|26\/100|[from] Leech Seed|[of] p1a: Chesnuts\n|-heal|p1a: Chesnuts|100\/100|[silent]\n|upkeep\n|turn|32\n|\n|t:|1700692237\n|move|p1a: Chesnuts|Spiky Shield||[still]\n|-fail|p1a: Chesnuts\n|move|p2a: Maushold|Population Bomb|p1a: Chesnuts\n|-damage|p1a: Chesnuts|91\/100\n|-damage|p1a: Chesnuts|82\/100\n|-damage|p1a: Chesnuts|72\/100\n|-crit|p1a: Chesnuts\n|-damage|p1a: Chesnuts|57\/100\n|-damage|p1a: Chesnuts|48\/100\n|-damage|p1a: Chesnuts|39\/100\n|-damage|p1a: Chesnuts|29\/100\n|-damage|p1a: Chesnuts|20\/100\n|-damage|p1a: Chesnuts|10\/100\n|-damage|p1a: Chesnuts|1\/100\n|-hitcount|p1a: Chesnuts|10\n|\n|-heal|p1a: Chesnuts|7\/100|[from] item: Leftovers\n|-damage|p2a: Maushold|13\/100|[from] Leech Seed|[of] p1a: Chesnuts\n|-heal|p1a: Chesnuts|17\/100|[silent]\n|-end|p1a: Chesnuts|Encore\n|upkeep\n|turn|33\n|\n|t:|1700692243\n|switch|p2a: Cinderace|Cinderace, F|100\/100\n|move|p1a: Chesnuts|Spiky Shield||[still]\n|-fail|p1a: Chesnuts\n|\n|-heal|p1a: Chesnuts|23\/100|[from] item: Leftovers\n|upkeep\n|turn|34\n|\n|t:|1700692245\n|move|p2a: Cinderace|Pyro Ball|p1a: Chesnuts\n|-immune|p1a: Chesnuts|[from] ability: Bulletproof\n|move|p1a: Chesnuts|Leech Seed|p2a: Cinderace\n|-start|p2a: Cinderace|move: Leech Seed\n|\n|-heal|p1a: Chesnuts|29\/100|[from] item: Leftovers\n|-damage|p2a: Cinderace|88\/100|[from] Leech Seed|[of] p1a: Chesnuts\n|-heal|p1a: Chesnuts|38\/100|[silent]\n|upkeep\n|turn|35\n|\n|t:|1700692248\n|move|p2a: Cinderace|U-turn|p1a: Chesnuts\n|-start|p2a: Cinderace|typechange|Bug|[from] ability: Libero\n|-damage|p1a: Chesnuts|19\/100\n|\n|t:|1700692250\n|switch|p2a: Maushold|Maushold|13\/100|[from] U-turn\n|move|p1a: Chesnuts|Leech Seed|p2a: Maushold\n|-start|p2a: Maushold|move: Leech Seed\n|\n|-heal|p1a: Chesnuts|25\/100|[from] item: Leftovers\n|-damage|p2a: Maushold|1\/100|[from] Leech Seed|[of] p1a: Chesnuts\n|-heal|p1a: Chesnuts|35\/100|[silent]\n|upkeep\n|turn|36\n|\n|t:|1700692256\n|switch|p2a: Cinderace|Cinderace, F|88\/100\n|move|p1a: Chesnuts|Spiky Shield||[still]\n|-fail|p1a: Chesnuts\n|\n|-heal|p1a: Chesnuts|41\/100|[from] item: Leftovers\n|upkeep\n|turn|37\n|\n|t:|1700692258\n|move|p2a: Cinderace|U-turn|p1a: Chesnuts\n|-start|p2a: Cinderace|typechange|Bug|[from] ability: Libero\n|-damage|p1a: Chesnuts|21\/100\n|\n|t:|1700692260\n|switch|p2a: Maushold|Maushold|1\/100|[from] U-turn\n|move|p1a: Chesnuts|Leech Seed|p2a: Maushold\n|-start|p2a: Maushold|move: Leech Seed\n|\n|-heal|p1a: Chesnuts|27\/100|[from] item: Leftovers\n|-damage|p2a: Maushold|0 fnt|[from] Leech Seed|[of] p1a: Chesnuts\n|-heal|p1a: Chesnuts|27\/100|[silent]\n|faint|p2a: Maushold\n|upkeep\n|\n|t:|1700692261\n|switch|p2a: Cinderace|Cinderace, F|88\/100\n|turn|38\n|\n|t:|1700692264\n|move|p1a: Chesnuts|Spiky Shield|p1a: Chesnuts\n|-singleturn|p1a: Chesnuts|move: Protect\n|move|p2a: Cinderace|U-turn|p1a: Chesnuts\n|-start|p2a: Cinderace|typechange|Bug|[from] ability: Libero\n|-activate|p1a: Chesnuts|move: Protect\n|-damage|p2a: Cinderace|76\/100|[from] Spiky Shield|[of] p1a: Chesnuts\n|\n|-heal|p1a: Chesnuts|33\/100|[from] item: Leftovers\n|upkeep\n|turn|39\n|\n|t:|1700692267\n|move|p2a: Cinderace|U-turn|p1a: Chesnuts\n|-damage|p1a: Chesnuts|16\/100\n|move|p1a: Chesnuts|Leech Seed|p2a: Cinderace\n|-start|p2a: Cinderace|move: Leech Seed\n|\n|-heal|p1a: Chesnuts|22\/100|[from] item: Leftovers\n|-damage|p2a: Cinderace|64\/100|[from] Leech Seed|[of] p1a: Chesnuts\n|-heal|p1a: Chesnuts|32\/100|[silent]\n|upkeep\n|turn|40\n|\n|t:|1700692270\n|move|p1a: Chesnuts|Spiky Shield|p1a: Chesnuts\n|-singleturn|p1a: Chesnuts|move: Protect\n|move|p2a: Cinderace|U-turn|p1a: Chesnuts\n|-activate|p1a: Chesnuts|move: Protect\n|-damage|p2a: Cinderace|51\/100|[from] Spiky Shield|[of] p1a: Chesnuts\n|\n|-heal|p1a: Chesnuts|38\/100|[from] item: Leftovers\n|-damage|p2a: Cinderace|39\/100|[from] Leech Seed|[of] p1a: Chesnuts\n|-heal|p1a: Chesnuts|47\/100|[silent]\n|upkeep\n|turn|41\n|\n|t:|1700692275\n|switch|p1a: Regular Tusk|Donphan, F, shiny|100\/100\n|move|p2a: Cinderace|U-turn|p1a: Regular Tusk\n|-damage|p1a: Regular Tusk|77\/100\n|\n|-damage|p2a: Cinderace|27\/100|[from] Leech Seed|[of] p1a: Regular Tusk\n|-heal|p1a: Regular Tusk|88\/100|[silent]\n|upkeep\n|turn|42\n|\n|t:|1700692279\n|move|p2a: Cinderace|Pyro Ball|p1a: Regular Tusk\n|-damage|p1a: Regular Tusk|61\/100\n|move|p1a: Regular Tusk|Rapid Spin|p2a: Cinderace\n|-damage|p2a: Cinderace|1\/100\n|-boost|p1a: Regular Tusk|spe|1\n|\n|-damage|p2a: Cinderace|0 fnt|[from] Leech Seed|[of] p1a: Regular Tusk\n|-heal|p1a: Regular Tusk|62\/100|[silent]\n|faint|p2a: Cinderace\n|\n|win|Redboy128\n|upkeep\n|raw|Redboy128's rating: 1332 &rarr; <strong>1357<\/strong><br \/>(+25 for winning)\n|raw|Defog emolga's rating: 1417 &rarr; <strong>1392<\/strong><br \/>(-25 for losing)\n|l|\u2606Defog emolga\n","uploadtime":1700692290,"views":21,"p1id":"redboy128","p2id":"defogemolga","formatid":"gen9ou","rating":1357,"private":0,"password":""}