{"id":"gen9ou-1994569943","p1":"Generys","p2":"KITSUMOX","format":"[Gen 9] OU","log":"|j|\u2606Generys\n|j|\u2606KITSUMOX\n|t:|1700461622\n|gametype|singles\n|player|p1|Generys|102|1093\n|player|p2|KITSUMOX|harlequin|1040\n|teamsize|p1|6\n|teamsize|p2|4\n|gen|9\n|tier|[Gen 9] OU\n|rated|\n|rule|Sleep Clause Mod: Limit one foe put to sleep\n|rule|Species Clause: Limit one of each Pok\u00e9mon\n|rule|OHKO Clause: OHKO moves are banned\n|rule|Evasion Items Clause: Evasion items are banned\n|rule|Evasion Moves Clause: Evasion moves are banned\n|rule|Endless Battle Clause: Forcing endless battles is banned\n|rule|HP Percentage Mod: HP is shown in percentages\n|clearpoke\n|poke|p1|Dusclops, F|\n|poke|p1|Skeledirge, M|\n|poke|p1|Garganacl, M|\n|poke|p1|Toxapex, M|\n|poke|p1|Ting-Lu|\n|poke|p1|Kingambit, M|\n|poke|p2|Heracross, M|\n|poke|p2|Lokix, F|\n|poke|p2|Rabsca, M|\n|poke|p2|Kleavor, F|\n|teampreview\n|\n|t:|1700461635\n|start\n|switch|p1a: Dusclops|Dusclops, F|100\/100\n|switch|p2a: Heracross|Heracross, M, shiny|100\/100\n|-ability|p1a: Dusclops|Pressure\n|turn|1\n|l|\u2606Generys\n|player|p1|\n|inactive|Battle timer is ON: inactive players will automatically lose when time's up. (requested by KITSUMOX)\n|j|\u2606Generys\n|inactive|Generys reconnected and has 130 seconds left.\n|player|p1|Generys|102\n|\n|t:|1700461679\n|switch|p1a: Skeledirge|Skeledirge, M|100\/100\n|move|p2a: Heracross|Lunge|p1a: Skeledirge\n|-resisted|p1a: Skeledirge\n|-crit|p1a: Skeledirge\n|-damage|p1a: Skeledirge|90\/100\n|-unboost|p1a: Skeledirge|atk|1\n|\n|-heal|p1a: Skeledirge|96\/100|[from] item: Leftovers\n|-status|p2a: Heracross|brn|[from] item: Flame Orb\n|upkeep\n|turn|2\n|\n|t:|1700461690\n|move|p2a: Heracross|Megahorn|p1a: Skeledirge|[miss]\n|-miss|p2a: Heracross|p1a: Skeledirge\n|move|p1a: Skeledirge|Torch Song|p2a: Heracross\n|-supereffective|p2a: Heracross\n|-damage|p2a: Heracross|46\/100 brn\n|-boost|p1a: Skeledirge|spa|1\n|\n|-heal|p1a: Skeledirge|100\/100|[from] item: Leftovers\n|-damage|p2a: Heracross|39\/100 brn|[from] brn\n|upkeep\n|turn|3\n|\n|t:|1700461703\n|move|p2a: Heracross|Megahorn|p1a: Skeledirge\n|-resisted|p1a: Skeledirge\n|-damage|p1a: Skeledirge|84\/100\n|move|p1a: Skeledirge|Torch Song|p2a: Heracross\n|-supereffective|p2a: Heracross\n|-damage|p2a: Heracross|0 fnt\n|-boost|p1a: Skeledirge|spa|1\n|faint|p2a: Heracross\n|\n|-heal|p1a: Skeledirge|90\/100|[from] item: Leftovers\n|upkeep\n|\n|t:|1700461716\n|switch|p2a: Lokix|Lokix, F|100\/100\n|turn|4\n|\n|t:|1700461723\n|move|p2a: Lokix|Sucker Punch|p1a: Skeledirge\n|-supereffective|p1a: Skeledirge\n|-crit|p1a: Skeledirge\n|-damage|p1a: Skeledirge|11\/100\n|move|p1a: Skeledirge|Torch Song|p2a: Lokix\n|-supereffective|p2a: Lokix\n|-crit|p2a: Lokix\n|-damage|p2a: Lokix|0 fnt\n|-boost|p1a: Skeledirge|spa|1\n|faint|p2a: Lokix\n|\n|-heal|p1a: Skeledirge|17\/100|[from] item: Leftovers\n|upkeep\n|\n|t:|1700461737\n|switch|p2a: Kleavor|Kleavor, F|100\/100\n|turn|5\n|\n|t:|1700461745\n|-terastallize|p2a: Kleavor|Normal\n|move|p2a: Kleavor|Night Slash|p1a: Skeledirge\n|-supereffective|p1a: Skeledirge\n|-damage|p1a: Skeledirge|0 fnt\n|faint|p1a: Skeledirge\n|\n|upkeep\n|\n|t:|1700461757\n|switch|p1a: Dusclops|Dusclops, F|100\/100\n|-ability|p1a: Dusclops|Pressure\n|turn|6\n|\n|t:|1700461772\n|move|p2a: Kleavor|Night Slash|p1a: Dusclops\n|-supereffective|p1a: Dusclops\n|-damage|p1a: Dusclops|53\/100\n|move|p1a: Dusclops|Will-O-Wisp|p2a: Kleavor\n|-status|p2a: Kleavor|brn\n|\n|-damage|p2a: Kleavor|94\/100 brn|[from] brn\n|upkeep\n|turn|7\n|\n|t:|1700461783\n|move|p2a: Kleavor|Swords Dance|p2a: Kleavor\n|-boost|p2a: Kleavor|atk|2\n|move|p1a: Dusclops|Pain Split|p2a: Kleavor\n|-sethp|p2a: Kleavor|74\/100 brn|[from] move: Pain Split|[silent]\n|-sethp|p1a: Dusclops|73\/100|[from] move: Pain Split\n|\n|-damage|p2a: Kleavor|68\/100 brn|[from] brn\n|upkeep\n|turn|8\n|\n|t:|1700461794\n|move|p2a: Kleavor|Night Slash|p1a: Dusclops\n|-supereffective|p1a: Dusclops\n|-damage|p1a: Dusclops|25\/100\n|move|p1a: Dusclops|Night Shade|p2a: Kleavor\n|-immune|p2a: Kleavor\n|\n|-damage|p2a: Kleavor|62\/100 brn|[from] brn\n|upkeep\n|turn|9\n|\n|t:|1700461807\n|move|p2a: Kleavor|Night Slash|p1a: Dusclops\n|-supereffective|p1a: Dusclops\n|-damage|p1a: Dusclops|0 fnt\n|faint|p1a: Dusclops\n|\n|-damage|p2a: Kleavor|56\/100 brn|[from] brn\n|upkeep\n|\n|t:|1700461820\n|switch|p1a: Garganacl|Garganacl, M|100\/100\n|turn|10\n|\n|t:|1700461825\n|move|p2a: Kleavor|Tera Blast|p1a: Garganacl|[anim] Tera Blast Normal\n|-enditem|p2a: Kleavor|Normal Gem|[from] gem\n|-resisted|p1a: Garganacl\n|-damage|p1a: Garganacl|82\/100\n|move|p1a: Garganacl|Salt Cure|p2a: Kleavor\n|-damage|p2a: Kleavor|39\/100 brn\n|-start|p2a: Kleavor|Salt Cure\n|\n|-heal|p1a: Garganacl|88\/100|[from] item: Leftovers\n|-damage|p2a: Kleavor|33\/100 brn|[from] brn\n|-damage|p2a: Kleavor|20\/100 brn|[from] Salt Cure\n|upkeep\n|turn|11\n|\n|t:|1700461840\n|move|p1a: Garganacl|Protect|p1a: Garganacl\n|-singleturn|p1a: Garganacl|Protect\n|move|p2a: Kleavor|Night Slash|p1a: Garganacl\n|-activate|p1a: Garganacl|move: Protect\n|\n|-heal|p1a: Garganacl|94\/100|[from] item: Leftovers\n|-damage|p2a: Kleavor|14\/100 brn|[from] brn\n|-damage|p2a: Kleavor|2\/100 brn|[from] Salt Cure\n|upkeep\n|turn|12\n|\n|t:|1700461853\n|move|p2a: Kleavor|Night Slash|p1a: Garganacl\n|-crit|p1a: Garganacl\n|-damage|p1a: Garganacl|60\/100\n|move|p1a: Garganacl|Stealth Rock|p2a: Kleavor\n|-sidestart|p2: KITSUMOX|move: Stealth Rock\n|\n|-heal|p1a: Garganacl|67\/100|[from] item: Leftovers\n|-damage|p2a: Kleavor|0 fnt|[from] brn\n|faint|p2a: Kleavor\n|upkeep\n|\n|t:|1700461861\n|switch|p2a: Rabsca|Rabsca, M|100\/100\n|-damage|p2a: Rabsca|75\/100|[from] Stealth Rock\n|turn|13\n|\n|t:|1700461868\n|move|p2a: Rabsca|Revival Blessing|p2a: Rabsca\n|\n|t:|1700461872\n|-heal|p2: Heracross|50\/100|[from] move: Revival Blessing\n|move|p1a: Garganacl|Recover|p1a: Garganacl\n|-heal|p1a: Garganacl|100\/100\n|\n|upkeep\n|turn|14\n|\n|t:|1700461879\n|move|p2a: Rabsca|Memento|p1a: Garganacl\n|-unboost|p1a: Garganacl|atk|2\n|-unboost|p1a: Garganacl|spa|2\n|faint|p2a: Rabsca\n|move|p1a: Garganacl|Salt Cure|p2: Rabsca|[notarget]\n|-fail|p1a: Garganacl\n|\n|upkeep\n|\n|t:|1700461885\n|switch|p2a: Heracross|Heracross, M, shiny|50\/100\n|-damage|p2a: Heracross|38\/100|[from] Stealth Rock\n|turn|15\n|\n|t:|1700461896\n|move|p2a: Heracross|Seismic Toss|p1a: Garganacl\n|-damage|p1a: Garganacl|76\/100\n|move|p1a: Garganacl|Salt Cure|p2a: Heracross\n|-damage|p2a: Heracross|30\/100\n|-start|p2a: Heracross|Salt Cure\n|\n|-heal|p1a: Garganacl|82\/100|[from] item: Leftovers\n|-damage|p2a: Heracross|18\/100|[from] Salt Cure\n|-status|p2a: Heracross|brn|[from] item: Flame Orb\n|upkeep\n|turn|16\n|\n|t:|1700461910\n|move|p2a: Heracross|Facade|p1a: Garganacl\n|-resisted|p1a: Garganacl\n|-damage|p1a: Garganacl|60\/100\n|move|p1a: Garganacl|Salt Cure|p2a: Heracross\n|-damage|p2a: Heracross|10\/100 brn\n|\n|-heal|p1a: Garganacl|66\/100|[from] item: Leftovers\n|-damage|p2a: Heracross|3\/100 brn|[from] brn\n|-damage|p2a: Heracross|0 fnt|[from] Salt Cure\n|faint|p2a: Heracross\n|\n|win|Generys\n|upkeep\n|raw|Generys's rating: 1093 &rarr; <strong>1115<\/strong><br \/>(+22 for winning)\n|raw|KITSUMOX's rating: 1040 &rarr; <strong>1026<\/strong><br \/>(-14 for losing)\n|c|\u2606KITSUMOX|gg\n|l|\u2606Generys\n|c|\u2606KITSUMOX|gargnacl is a beast\n","uploadtime":1700461928,"views":10,"p1id":"generys","p2id":"kitsumox","formatid":"gen9ou","rating":1026,"private":0,"password":""}