{"id":"gen9ou-1989770498","p1":"MrexGamer","p2":"romandg","format":"[Gen 9] OU","log":"|j|\u2606MrexGamer\n|j|\u2606romandg\n|t:|1699894279\n|gametype|singles\n|player|p1|MrexGamer|workerice|1182\n|player|p2|romandg|102|1249\n|teamsize|p1|6\n|teamsize|p2|6\n|gen|9\n|tier|[Gen 9] OU\n|rated|\n|rule|Sleep Clause Mod: Limit one foe put to sleep\n|rule|Species Clause: Limit one of each Pok\u00e9mon\n|rule|OHKO Clause: OHKO moves are banned\n|rule|Evasion Items Clause: Evasion items are banned\n|rule|Evasion Moves Clause: Evasion moves are banned\n|rule|Endless Battle Clause: Forcing endless battles is banned\n|rule|HP Percentage Mod: HP is shown in percentages\n|clearpoke\n|poke|p1|Hatterene, F|\n|poke|p1|Ogerpon-Wellspring, F|\n|poke|p1|Hawlucha, F|\n|poke|p1|Iron Moth|\n|poke|p1|Iron Treads|\n|poke|p1|Scizor, M|\n|poke|p2|Kilowattrel, M|\n|poke|p2|Haxorus, F|\n|poke|p2|Rillaboom, M|\n|poke|p2|Samurott-Hisui, F|\n|poke|p2|Ditto|\n|poke|p2|Ribombee, F|\n|teampreview\n|inactive|Battle timer is ON: inactive players will automatically lose when time's up. (requested by MrexGamer)\n|\n|t:|1699894287\n|start\n|switch|p1a: Hawlucha|Hawlucha, F|100\/100\n|switch|p2a: Samurott|Samurott-Hisui, F|100\/100\n|turn|1\n|\n|t:|1699894289\n|move|p1a: Hawlucha|Swords Dance|p1a: Hawlucha\n|-boost|p1a: Hawlucha|atk|2\n|move|p2a: Samurott|Razor Shell|p1a: Hawlucha\n|-damage|p1a: Hawlucha|32\/100\n|-unboost|p1a: Hawlucha|def|1\n|-enditem|p1a: Hawlucha|Red Card|[of] p2a: Samurott\n|drag|p2a: Kilowattrel|Kilowattrel, M|100\/100\n|\n|upkeep\n|turn|2\n|\n|t:|1699894297\n|move|p1a: Hawlucha|Acrobatics|p2a: Kilowattrel\n|-resisted|p2a: Kilowattrel\n|-damage|p2a: Kilowattrel|15\/100\n|move|p2a: Kilowattrel|Charge Beam|p1a: Hawlucha\n|-supereffective|p1a: Hawlucha\n|-damage|p1a: Hawlucha|0 fnt\n|faint|p1a: Hawlucha\n|\n|upkeep\n|\n|t:|1699894303\n|switch|p1a: Scizor|Scizor, M|100\/100\n|turn|3\n|\n|t:|1699894308\n|switch|p2a: Rillaboom|Rillaboom, M|100\/100\n|-fieldstart|move: Grassy Terrain|[from] ability: Grassy Surge|[of] p2a: Rillaboom\n|move|p1a: Scizor|Bullet Punch|p2a: Rillaboom\n|-crit|p2a: Rillaboom\n|-damage|p2a: Rillaboom|11\/100\n|\n|-heal|p2a: Rillaboom|17\/100|[from] Grassy Terrain\n|upkeep\n|turn|4\n|\n|t:|1699894315\n|move|p2a: Rillaboom|Grassy Glide|p1a: Scizor\n|-resisted|p1a: Scizor\n|-damage|p1a: Scizor|91\/100\n|move|p1a: Scizor|Bullet Punch|p2a: Rillaboom\n|-damage|p2a: Rillaboom|0 fnt\n|faint|p2a: Rillaboom\n|\n|-heal|p1a: Scizor|98\/100|[from] Grassy Terrain\n|upkeep\n|\n|t:|1699894321\n|switch|p2a: Samurott|Samurott-Hisui, F|100\/100\n|turn|5\n|\n|t:|1699894343\n|move|p1a: Scizor|Bullet Punch|p2a: Samurott\n|-resisted|p2a: Samurott\n|-damage|p2a: Samurott|69\/100\n|move|p2a: Samurott|Razor Shell|p1a: Scizor\n|-damage|p1a: Scizor|45\/100\n|\n|-heal|p2a: Samurott|75\/100|[from] Grassy Terrain\n|-heal|p1a: Scizor|51\/100|[from] Grassy Terrain\n|upkeep\n|turn|6\n|\n|t:|1699894363\n|switch|p1a: Ogerpon|Ogerpon-Wellspring, F|100\/100\n|move|p2a: Samurott|Ceaseless Edge|p1a: Ogerpon\n|-damage|p1a: Ogerpon|40\/100\n|-sidestart|p1: MrexGamer|Spikes\n|\n|-heal|p1a: Ogerpon|46\/100|[from] Grassy Terrain\n|-heal|p2a: Samurott|81\/100|[from] Grassy Terrain\n|upkeep\n|turn|7\n|\n|t:|1699894371\n|switch|p2a: Kilowattrel|Kilowattrel, M|15\/100\n|move|p1a: Ogerpon|Horn Leech|p2a: Kilowattrel\n|-resisted|p2a: Kilowattrel\n|-damage|p2a: Kilowattrel|0 fnt\n|-heal|p1a: Ogerpon|53\/100|[from] drain|[of] p2a: Kilowattrel\n|faint|p2a: Kilowattrel\n|\n|-heal|p1a: Ogerpon|59\/100|[from] Grassy Terrain\n|upkeep\n|\n|t:|1699894379\n|switch|p2a: Haxorus|Haxorus, F, shiny|100\/100\n|-ability|p2a: Haxorus|Mold Breaker\n|turn|8\n|\n|t:|1699894381\n|move|p1a: Ogerpon|Play Rough|p2a: Haxorus\n|-supereffective|p2a: Haxorus\n|-damage|p2a: Haxorus|13\/100\n|-enditem|p2a: Haxorus|Red Card|[of] p1a: Ogerpon\n|drag|p1a: Iron Moth|Iron Moth, shiny|100\/100\n|-damage|p1a: Iron Moth|88\/100|[from] Spikes\n|move|p2a: Haxorus|Dragon Dance|p2a: Haxorus\n|-boost|p2a: Haxorus|atk|1\n|-boost|p2a: Haxorus|spe|1\n|\n|-heal|p2a: Haxorus|19\/100|[from] Grassy Terrain\n|-heal|p1a: Iron Moth|94\/100|[from] Grassy Terrain\n|-heal|p1a: Iron Moth|99\/100|[from] item: Black Sludge\n|upkeep\n|turn|9\n|\n|t:|1699894389\n|-end|p1a: Iron Moth|Quark Drive|[silent]\n|switch|p1a: Hatterene|Hatterene, F|100\/100\n|-damage|p1a: Hatterene|88\/100|[from] Spikes\n|move|p2a: Haxorus|Earthquake|p1a: Hatterene\n|-damage|p1a: Hatterene|50\/100\n|\n|-heal|p2a: Haxorus|25\/100|[from] Grassy Terrain\n|-heal|p1a: Hatterene|56\/100|[from] Grassy Terrain\n|-heal|p1a: Hatterene|62\/100|[from] item: Leftovers\n|upkeep\n|turn|10\n|\n|t:|1699894392\n|move|p1a: Hatterene|Protect|p1a: Hatterene\n|-singleturn|p1a: Hatterene|Protect\n|move|p2a: Haxorus|Iron Head|p1a: Hatterene\n|-activate|p1a: Hatterene|move: Protect\n|\n|-heal|p2a: Haxorus|31\/100|[from] Grassy Terrain\n|-heal|p1a: Hatterene|68\/100|[from] Grassy Terrain\n|-heal|p1a: Hatterene|74\/100|[from] item: Leftovers\n|-fieldend|move: Grassy Terrain\n|upkeep\n|turn|11\n|\n|t:|1699894398\n|move|p2a: Haxorus|Iron Head|p1a: Hatterene\n|-supereffective|p1a: Hatterene\n|-damage|p1a: Hatterene|0 fnt\n|faint|p1a: Hatterene\n|\n|upkeep\n|\n|t:|1699894407\n|switch|p1a: Ogerpon|Ogerpon-Wellspring, F|59\/100\n|-damage|p1a: Ogerpon|47\/100|[from] Spikes\n|turn|12\n|\n|t:|1699894413\n|move|p1a: Ogerpon|Spiky Shield|p1a: Ogerpon\n|-singleturn|p1a: Ogerpon|move: Protect\n|move|p2a: Haxorus|Scale Shot|p1a: Ogerpon\n|-activate|p1a: Ogerpon|move: Protect\n|\n|upkeep\n|turn|13\n|\n|t:|1699894419\n|move|p2a: Haxorus|Scale Shot|p1a: Ogerpon\n|-damage|p1a: Ogerpon|19\/100\n|-damage|p1a: Ogerpon|0 fnt\n|faint|p1a: Ogerpon\n|-hitcount|p1: Ogerpon|2\n|-unboost|p2a: Haxorus|def|1\n|-boost|p2a: Haxorus|spe|1\n|\n|upkeep\n|\n|t:|1699894423\n|switch|p1a: Scizor|Scizor, M|51\/100\n|-damage|p1a: Scizor|39\/100|[from] Spikes\n|turn|14\n|\n|t:|1699894427\n|-terastallize|p2a: Haxorus|Steel\n|-terastallize|p1a: Scizor|Steel\n|move|p2a: Haxorus|Earthquake|p1a: Scizor\n|-supereffective|p1a: Scizor\n|-damage|p1a: Scizor|0 fnt\n|faint|p1a: Scizor\n|\n|upkeep\n|\n|t:|1699894435\n|switch|p1a: Iron Treads|Iron Treads, shiny|100\/100\n|-damage|p1a: Iron Treads|88\/100|[from] Spikes\n|turn|15\n|\n|t:|1699894437\n|move|p2a: Haxorus|Earthquake|p1a: Iron Treads\n|-supereffective|p1a: Iron Treads\n|-damage|p1a: Iron Treads|0 fnt\n|faint|p1a: Iron Treads\n|-end|p1a: Iron Treads|Quark Drive|[silent]\n|\n|upkeep\n|\n|t:|1699894439\n|switch|p1a: Iron Moth|Iron Moth, shiny|99\/100\n|-damage|p1a: Iron Moth|88\/100|[from] Spikes\n|turn|16\n|\n|t:|1699894440\n|move|p2a: Haxorus|Earthquake|p1a: Iron Moth\n|-supereffective|p1a: Iron Moth\n|-damage|p1a: Iron Moth|0 fnt\n|faint|p1a: Iron Moth\n|-end|p1a: Iron Moth|Quark Drive|[silent]\n|\n|win|romandg\n|raw|MrexGamer's rating: 1182 &rarr; <strong>1163<\/strong><br \/>(-19 for losing)\n|raw|romandg's rating: 1268 &rarr; <strong>1287<\/strong><br \/>(+19 for winning)\n|l|\u2606MrexGamer\n","uploadtime":1699894452,"views":9,"p1id":"mrexgamer","p2id":"romandg","formatid":"gen9ou","rating":1163,"private":0,"password":""}