{"id":"gen9ou-1995075605","p1":"hrhrtj","p2":"Vizsla_falconer","format":"[Gen 9] OU","log":"|j|\u2606hrhrtj\n|j|\u2606Vizsla_falconer\n|t:|1700519868\n|gametype|singles\n|player|p1|hrhrtj|unknown|1270\n|player|p2|Vizsla_falconer|266|1370\n|teamsize|p1|6\n|teamsize|p2|6\n|gen|9\n|tier|[Gen 9] OU\n|rated|\n|rule|Sleep Clause Mod: Limit one foe put to sleep\n|rule|Species Clause: Limit one of each Pok\u00e9mon\n|rule|OHKO Clause: OHKO moves are banned\n|rule|Evasion Items Clause: Evasion items are banned\n|rule|Evasion Moves Clause: Evasion moves are banned\n|rule|Endless Battle Clause: Forcing endless battles is banned\n|rule|HP Percentage Mod: HP is shown in percentages\n|clearpoke\n|poke|p1|Toxapex, F|\n|poke|p1|Tyranitar, M|\n|poke|p1|Great Tusk|\n|poke|p1|Glimmora, M|\n|poke|p1|Gastrodon-East, M|\n|poke|p1|Hippowdon, F|\n|poke|p2|Torkoal, F|\n|poke|p2|Walking Wake|\n|poke|p2|Scovillain, M|\n|poke|p2|Landorus-Therian, M|\n|poke|p2|Mimikyu, M|\n|poke|p2|Gholdengo|\n|teampreview\n|\n|t:|1700519892\n|start\n|switch|p1a: Tyranitar|Tyranitar, M|100\/100\n|switch|p2a: Landorus|Landorus-Therian, M|100\/100\n|-ability|p2a: Landorus|Intimidate|boost\n|-unboost|p1a: Tyranitar|atk|1\n|-weather|Sandstorm|[from] ability: Sand Stream|[of] p1a: Tyranitar\n|turn|1\n|\n|t:|1700519902\n|switch|p1a: Hippowdon|Hippowdon, F|100\/100\n|move|p2a: Landorus|Taunt|p1a: Hippowdon\n|-start|p1a: Hippowdon|move: Taunt\n|\n|-weather|Sandstorm|[upkeep]\n|upkeep\n|turn|2\n|\n|t:|1700519914\n|move|p2a: Landorus|U-turn|p1a: Hippowdon\n|-damage|p1a: Hippowdon|86\/100\n|\n|t:|1700519918\n|switch|p2a: Torkoal|Torkoal, F|100\/100|[from] U-turn\n|-weather|SunnyDay|[from] ability: Drought|[of] p2a: Torkoal\n|move|p1a: Hippowdon|Stone Edge|p2a: Torkoal\n|-supereffective|p2a: Torkoal\n|-damage|p2a: Torkoal|43\/100\n|\n|-weather|SunnyDay|[upkeep]\n|upkeep\n|turn|3\n|\n|t:|1700519940\n|switch|p2a: Walking Wake|Walking Wake|100\/100\n|-activate|p2a: Walking Wake|ability: Protosynthesis\n|-start|p2a: Walking Wake|protosynthesisspa\n|move|p1a: Hippowdon|Stone Edge|p2a: Walking Wake\n|-damage|p2a: Walking Wake|49\/100\n|\n|-weather|SunnyDay|[upkeep]\n|-end|p1a: Hippowdon|move: Taunt\n|upkeep\n|turn|4\n|\n|t:|1700519952\n|switch|p1a: Gastrodon|Gastrodon-East, M|100\/100\n|move|p2a: Walking Wake|Hydro Steam|p1a: Gastrodon\n|-ability|p1a: Gastrodon|Storm Drain|boost\n|-boost|p1a: Gastrodon|spa|1\n|\n|-weather|SunnyDay|[upkeep]\n|upkeep\n|turn|5\n|\n|t:|1700519969\n|-end|p2a: Walking Wake|Protosynthesis|[silent]\n|switch|p2a: Scovillain|Scovillain, M|100\/100\n|move|p1a: Gastrodon|Sludge Bomb|p2a: Scovillain\n|-supereffective|p2a: Scovillain\n|-damage|p2a: Scovillain|0 fnt\n|faint|p2a: Scovillain\n|\n|-weather|SunnyDay|[upkeep]\n|upkeep\n|c|\u2606Vizsla_falconer|Jesus straight outplayed. Gg\n|\n|t:|1700519999\n|switch|p2a: Gholdengo|Gholdengo|100\/100\n|turn|6\n|\n|t:|1700520004\n|-terastallize|p2a: Gholdengo|Flying\n|move|p2a: Gholdengo|Substitute|p2a: Gholdengo\n|-start|p2a: Gholdengo|Substitute\n|-damage|p2a: Gholdengo|76\/100\n|move|p1a: Gastrodon|Earth Power|p2a: Gholdengo\n|-immune|p2a: Gholdengo\n|\n|-weather|SunnyDay|[upkeep]\n|-heal|p2a: Gholdengo|82\/100|[from] item: Leftovers\n|upkeep\n|turn|7\n|\n|t:|1700520019\n|move|p2a: Gholdengo|Nasty Plot|p2a: Gholdengo\n|-boost|p2a: Gholdengo|spa|2\n|move|p1a: Gastrodon|Sludge Bomb|p2a: Gholdengo\n|-end|p2a: Gholdengo|Substitute\n|\n|-weather|SunnyDay|[upkeep]\n|-heal|p2a: Gholdengo|88\/100|[from] item: Leftovers\n|upkeep\n|turn|8\n|\n|t:|1700520039\n|move|p2a: Gholdengo|Substitute|p2a: Gholdengo\n|-start|p2a: Gholdengo|Substitute\n|-damage|p2a: Gholdengo|63\/100\n|move|p1a: Gastrodon|Sludge Bomb|p2a: Gholdengo\n|-end|p2a: Gholdengo|Substitute\n|\n|-weather|SunnyDay|[upkeep]\n|-heal|p2a: Gholdengo|69\/100|[from] item: Leftovers\n|upkeep\n|turn|9\n|\n|t:|1700520048\n|move|p2a: Gholdengo|Shadow Ball|p1a: Gastrodon\n|-damage|p1a: Gastrodon|35\/100\n|-unboost|p1a: Gastrodon|spd|1\n|move|p1a: Gastrodon|Sludge Bomb|p2a: Gholdengo\n|-damage|p2a: Gholdengo|31\/100\n|\n|-weather|none\n|-heal|p2a: Gholdengo|37\/100|[from] item: Leftovers\n|-heal|p1a: Gastrodon|41\/100|[from] item: Leftovers\n|upkeep\n|turn|10\n|\n|t:|1700520064\n|move|p2a: Gholdengo|Substitute|p2a: Gholdengo\n|-start|p2a: Gholdengo|Substitute\n|-damage|p2a: Gholdengo|12\/100\n|move|p1a: Gastrodon|Sludge Bomb|p2a: Gholdengo\n|-end|p2a: Gholdengo|Substitute\n|\n|-heal|p2a: Gholdengo|18\/100|[from] item: Leftovers\n|-heal|p1a: Gastrodon|48\/100|[from] item: Leftovers\n|upkeep\n|turn|11\n|\n|t:|1700520073\n|move|p2a: Gholdengo|Shadow Ball|p1a: Gastrodon\n|-damage|p1a: Gastrodon|0 fnt\n|faint|p1a: Gastrodon\n|\n|-heal|p2a: Gholdengo|24\/100|[from] item: Leftovers\n|upkeep\n|\n|t:|1700520087\n|switch|p1a: Tyranitar|Tyranitar, M|100\/100\n|-weather|Sandstorm|[from] ability: Sand Stream|[of] p1a: Tyranitar\n|turn|12\n|\n|t:|1700520094\n|-terastallize|p1a: Tyranitar|Water\n|move|p2a: Gholdengo|Make It Rain|p1a: Tyranitar\n|-resisted|p1a: Tyranitar\n|-damage|p1a: Tyranitar|64\/100\n|-unboost|p2a: Gholdengo|spa|1\n|move|p1a: Tyranitar|Knock Off|p2a: Gholdengo\n|-damage|p2a: Gholdengo|0 fnt\n|-enditem|p2a: Gholdengo|Leftovers|[from] move: Knock Off|[of] p1a: Tyranitar\n|faint|p2a: Gholdengo\n|\n|-weather|Sandstorm|[upkeep]\n|-damage|p1a: Tyranitar|58\/100|[from] Sandstorm\n|-heal|p1a: Tyranitar|64\/100|[from] item: Leftovers\n|upkeep\n|\n|t:|1700520111\n|switch|p2a: Torkoal|Torkoal, F|43\/100\n|-weather|SunnyDay|[from] ability: Drought|[of] p2a: Torkoal\n|turn|13\n|\n|t:|1700520122\n|move|p1a: Tyranitar|Stealth Rock|p2a: Torkoal\n|-sidestart|p2: Vizsla_falconer|move: Stealth Rock\n|move|p2a: Torkoal|Yawn|p1a: Tyranitar\n|-start|p1a: Tyranitar|move: Yawn|[of] p2a: Torkoal\n|\n|-weather|SunnyDay|[upkeep]\n|-heal|p1a: Tyranitar|70\/100|[from] item: Leftovers\n|upkeep\n|turn|14\n|\n|t:|1700520134\n|move|p1a: Tyranitar|Earthquake|p2a: Torkoal\n|-supereffective|p2a: Torkoal\n|-damage|p2a: Torkoal|11\/100\n|move|p2a: Torkoal|Rapid Spin|p1a: Tyranitar\n|-damage|p1a: Tyranitar|62\/100\n|-boost|p2a: Torkoal|spe|1\n|-sideend|p2: Vizsla_falconer|Stealth Rock|[from] move: Rapid Spin|[of] p2a: Torkoal\n|\n|-weather|SunnyDay|[upkeep]\n|-heal|p1a: Tyranitar|69\/100|[from] item: Leftovers\n|-end|p1a: Tyranitar|move: Yawn|[silent]\n|-status|p1a: Tyranitar|slp\n|upkeep\n|turn|15\n|\n|t:|1700520146\n|switch|p2a: Walking Wake|Walking Wake|49\/100\n|-activate|p2a: Walking Wake|ability: Protosynthesis\n|-start|p2a: Walking Wake|protosynthesisspa\n|cant|p1a: Tyranitar|slp\n|\n|-weather|SunnyDay|[upkeep]\n|-heal|p1a: Tyranitar|75\/100 slp|[from] item: Leftovers\n|upkeep\n|turn|16\n|\n|t:|1700520158\n|switch|p1a: Toxapex|Toxapex, F|100\/100\n|move|p2a: Walking Wake|Agility|p2a: Walking Wake\n|-boost|p2a: Walking Wake|spe|2\n|\n|-weather|SunnyDay|[upkeep]\n|upkeep\n|turn|17\n|\n|t:|1700520170\n|switch|p1a: Tyranitar|Tyranitar, M, tera:Water|75\/100 slp\n|-weather|Sandstorm|[from] ability: Sand Stream|[of] p1a: Tyranitar\n|-end|p2a: Walking Wake|Protosynthesis\n|move|p2a: Walking Wake|Dragon Pulse|p1a: Tyranitar\n|-damage|p1a: Tyranitar|38\/100 slp\n|-damage|p2a: Walking Wake|39\/100|[from] item: Life Orb\n|\n|-weather|Sandstorm|[upkeep]\n|-damage|p2a: Walking Wake|33\/100|[from] Sandstorm\n|-damage|p1a: Tyranitar|32\/100 slp|[from] Sandstorm\n|-heal|p1a: Tyranitar|38\/100 slp|[from] item: Leftovers\n|upkeep\n|turn|18\n|inactive|Battle timer is ON: inactive players will automatically lose when time's up. (requested by Vizsla_falconer)\n|\n|t:|1700520183\n|switch|p1a: Toxapex|Toxapex, F|100\/100\n|move|p2a: Walking Wake|Dragon Pulse|p1a: Toxapex\n|-damage|p1a: Toxapex|50\/100\n|-damage|p2a: Walking Wake|23\/100|[from] item: Life Orb\n|\n|-weather|Sandstorm|[upkeep]\n|-damage|p2a: Walking Wake|17\/100|[from] Sandstorm\n|-damage|p1a: Toxapex|44\/100|[from] Sandstorm\n|-heal|p1a: Toxapex|50\/100|[from] item: Leftovers\n|upkeep\n|turn|19\n|\n|t:|1700520196\n|move|p1a: Toxapex|Baneful Bunker|p1a: Toxapex\n|-singleturn|p1a: Toxapex|move: Protect\n|move|p2a: Walking Wake|Dragon Pulse|p1a: Toxapex\n|-activate|p1a: Toxapex|move: Protect\n|\n|-weather|Sandstorm|[upkeep]\n|-damage|p2a: Walking Wake|11\/100|[from] Sandstorm\n|-damage|p1a: Toxapex|44\/100|[from] Sandstorm\n|-heal|p1a: Toxapex|50\/100|[from] item: Leftovers\n|upkeep\n|turn|20\n|\n|t:|1700520210\n|move|p2a: Walking Wake|Dragon Pulse|p1a: Toxapex\n|-damage|p1a: Toxapex|0 fnt\n|faint|p1a: Toxapex\n|-damage|p2a: Walking Wake|1\/100|[from] item: Life Orb\n|\n|-weather|Sandstorm|[upkeep]\n|-damage|p2a: Walking Wake|0 fnt|[from] Sandstorm\n|faint|p2a: Walking Wake\n|-end|p2a: Walking Wake|Protosynthesis|[silent]\n|upkeep\n|\n|t:|1700520232\n|switch|p2a: Torkoal|Torkoal, F|11\/100\n|switch|p1a: Great Tusk|Great Tusk|100\/100\n|-weather|SunnyDay|[from] ability: Drought|[of] p2a: Torkoal\n|-activate|p1a: Great Tusk|ability: Protosynthesis\n|-start|p1a: Great Tusk|protosynthesisatk\n|turn|21\n|\n|t:|1700520243\n|switch|p2a: Landorus|Landorus-Therian, M|100\/100\n|-ability|p2a: Landorus|Intimidate|boost\n|-unboost|p1a: Great Tusk|atk|1\n|move|p1a: Great Tusk|Rapid Spin|p2a: Landorus\n|-damage|p2a: Landorus|86\/100\n|-boost|p1a: Great Tusk|spe|1\n|-damage|p1a: Great Tusk|84\/100|[from] item: Rocky Helmet|[of] p2a: Landorus\n|\n|-weather|SunnyDay|[upkeep]\n|-heal|p1a: Great Tusk|90\/100|[from] item: Leftovers\n|upkeep\n|turn|22\n|\n|t:|1700520259\n|move|p1a: Great Tusk|Bulk Up|p1a: Great Tusk\n|-boost|p1a: Great Tusk|atk|1\n|-boost|p1a: Great Tusk|def|1\n|move|p2a: Landorus|Earthquake|p1a: Great Tusk\n|-damage|p1a: Great Tusk|69\/100\n|\n|-weather|SunnyDay|[upkeep]\n|-heal|p1a: Great Tusk|75\/100|[from] item: Leftovers\n|upkeep\n|turn|23\n|\n|t:|1700520270\n|move|p1a: Great Tusk|Bulk Up|p1a: Great Tusk\n|-boost|p1a: Great Tusk|atk|1\n|-boost|p1a: Great Tusk|def|1\n|move|p2a: Landorus|Taunt|p1a: Great Tusk\n|-start|p1a: Great Tusk|move: Taunt\n|\n|-weather|SunnyDay|[upkeep]\n|-heal|p1a: Great Tusk|81\/100|[from] item: Leftovers\n|upkeep\n|turn|24\n|\n|t:|1700520292\n|move|p1a: Great Tusk|Ice Spinner|p2a: Landorus\n|-supereffective|p2a: Landorus\n|-damage|p2a: Landorus|0 fnt\n|-damage|p1a: Great Tusk|64\/100|[from] item: Rocky Helmet|[of] p2a: Landorus\n|faint|p2a: Landorus\n|\n|-weather|SunnyDay|[upkeep]\n|-heal|p1a: Great Tusk|70\/100|[from] item: Leftovers\n|upkeep\n|\n|t:|1700520302\n|switch|p2a: Mimikyu|Mimikyu, M|100\/100\n|turn|25\n|\n|t:|1700520314\n|move|p1a: Great Tusk|Earthquake|p2a: Mimikyu\n|-activate|p2a: Mimikyu|ability: Disguise\n|-damage|p2a: Mimikyu|100\/100\n|detailschange|p2a: Mimikyu|Mimikyu-Busted, M\n|-damage|p2a: Mimikyu|88\/100|[from] pokemon: Mimikyu-Busted\n|move|p2a: Mimikyu|Play Rough|p1a: Great Tusk\n|-supereffective|p1a: Great Tusk\n|-damage|p1a: Great Tusk|35\/100\n|-damage|p2a: Mimikyu|78\/100|[from] item: Life Orb\n|\n|-weather|SunnyDay|[upkeep]\n|-heal|p1a: Great Tusk|41\/100|[from] item: Leftovers\n|upkeep\n|turn|26\n|-message|Vizsla_falconer forfeited.\n|\n|win|hrhrtj\n|raw|hrhrtj's rating: 1270 &rarr; <strong>1302<\/strong><br \/>(+32 for winning)\n|raw|Vizsla_falconer's rating: 1370 &rarr; <strong>1344<\/strong><br \/>(-26 for losing)\n|l|\u2606Vizsla_falconer\n","uploadtime":1700520334,"views":10,"p1id":"hrhrtj","p2id":"vizslafalconer","formatid":"gen9ou","rating":1302,"private":0,"password":""}