{"id":"gen9ou-1990243226","p1":"tacodog 123412","p2":"twinklover254","format":"[Gen 9] OU","log":"|j|\u2606tacodog 123412\n|j|\u2606twinklover254\n|t:|1699943306\n|gametype|singles\n|player|p1|tacodog 123412|kieran-festival|1499\n|player|p2|twinklover254|2|1464\n|teamsize|p1|6\n|teamsize|p2|6\n|gen|9\n|tier|[Gen 9] OU\n|rated|\n|rule|Sleep Clause Mod: Limit one foe put to sleep\n|rule|Species Clause: Limit one of each Pok\u00e9mon\n|rule|OHKO Clause: OHKO moves are banned\n|rule|Evasion Items Clause: Evasion items are banned\n|rule|Evasion Moves Clause: Evasion moves are banned\n|rule|Endless Battle Clause: Forcing endless battles is banned\n|rule|HP Percentage Mod: HP is shown in percentages\n|clearpoke\n|poke|p1|Weavile, F|\n|poke|p1|Amoonguss, M|\n|poke|p1|Garganacl, F|\n|poke|p1|Maushold|\n|poke|p1|Kingambit, M|\n|poke|p1|Samurott-Hisui, M|\n|poke|p2|Rillaboom, F|\n|poke|p2|Sneasler, F|\n|poke|p2|Zamazenta-*|\n|poke|p2|Heatran, M|\n|poke|p2|Manaphy|\n|poke|p2|Mew|\n|teampreview\n|inactive|Battle timer is ON: inactive players will automatically lose when time's up. (requested by tacodog 123412)\n|\n|t:|1699943321\n|start\n|switch|p1a: Garganacl|Garganacl, F|100\/100\n|switch|p2a: Infinity|Mew|100\/100\n|turn|1\n|\n|t:|1699943329\n|move|p2a: Infinity|Imprison|p2a: Infinity\n|-start|p2a: Infinity|move: Imprison\n|move|p1a: Garganacl|Salt Cure|p2a: Infinity\n|-damage|p2a: Infinity|92\/100\n|-start|p2a: Infinity|Salt Cure\n|\n|-heal|p2a: Infinity|99\/100|[from] item: Leftovers\n|-damage|p2a: Infinity|86\/100|[from] Salt Cure\n|upkeep\n|turn|2\n|\n|t:|1699943339\n|switch|p1a: Weavile|Weavile, F|100\/100\n|-ability|p1a: Weavile|Pressure\n|move|p2a: Infinity|Transform|p1a: Weavile\n|-transform|p2a: Infinity|p1a: Weavile\n|-ability|p2a: Infinity|Pressure\n|\n|-heal|p2a: Infinity|92\/100|[from] item: Leftovers\n|-damage|p2a: Infinity|80\/100|[from] Salt Cure\n|upkeep\n|turn|3\n|\n|t:|1699943350\n|switch|p1a: Garganacl|Garganacl, F|100\/100\n|move|p2a: Infinity|Swords Dance|p2a: Infinity\n|-boost|p2a: Infinity|atk|2\n|\n|-heal|p2a: Infinity|86\/100|[from] item: Leftovers\n|-damage|p2a: Infinity|74\/100|[from] Salt Cure\n|upkeep\n|turn|4\n|\n|t:|1699943356\n|-terastallize|p1a: Garganacl|Fairy\n|move|p2a: Infinity|Knock Off|p1a: Garganacl\n|-resisted|p1a: Garganacl\n|-damage|p1a: Garganacl|67\/100\n|-enditem|p1a: Garganacl|Leftovers|[from] move: Knock Off|[of] p2a: Infinity\n|move|p1a: Garganacl|Body Press|p2a: Infinity\n|-supereffective|p2a: Infinity\n|-damage|p2a: Infinity|0 fnt\n|faint|p2a: Infinity\n|\n|upkeep\n|\n|t:|1699943363\n|switch|p2a: Vanguard|Zamazenta|100\/100\n|-ability|p2a: Vanguard|Dauntless Shield|boost\n|-boost|p2a: Vanguard|def|1\n|turn|5\n|\n|t:|1699943373\n|move|p2a: Vanguard|Iron Defense|p2a: Vanguard\n|-boost|p2a: Vanguard|def|2\n|move|p1a: Garganacl|Iron Defense|p1a: Garganacl\n|-boost|p1a: Garganacl|def|2\n|\n|upkeep\n|turn|6\n|\n|t:|1699943379\n|switch|p2a: Chosen|Manaphy|100\/100\n|move|p1a: Garganacl|Salt Cure|p2a: Chosen\n|-damage|p2a: Chosen|89\/100\n|-start|p2a: Chosen|Salt Cure\n|\n|-heal|p2a: Chosen|96\/100|[from] item: Leftovers\n|-damage|p2a: Chosen|71\/100|[from] Salt Cure\n|upkeep\n|turn|7\n|\n|t:|1699943385\n|switch|p2a: Isagi|Heatran, M|100\/100\n|-item|p2a: Isagi|Air Balloon\n|move|p1a: Garganacl|Body Press|p2a: Isagi\n|-supereffective|p2a: Isagi\n|-damage|p2a: Isagi|17\/100\n|-enditem|p2a: Isagi|Air Balloon\n|\n|upkeep\n|turn|8\n|\n|t:|1699943388\n|move|p2a: Isagi|Magma Storm|p1a: Garganacl\n|-damage|p1a: Garganacl|40\/100\n|-activate|p1a: Garganacl|move: Magma Storm|[of] p2a: Isagi\n|move|p1a: Garganacl|Recover|p1a: Garganacl\n|-heal|p1a: Garganacl|90\/100\n|\n|-damage|p1a: Garganacl|77\/100|[from] move: Magma Storm|[partiallytrapped]\n|upkeep\n|turn|9\n|\n|t:|1699943393\n|move|p2a: Isagi|Taunt|p1a: Garganacl\n|-start|p1a: Garganacl|move: Taunt\n|move|p1a: Garganacl|Salt Cure|p2a: Isagi\n|-damage|p2a: Isagi|6\/100\n|-start|p2a: Isagi|Salt Cure\n|\n|-damage|p2a: Isagi|0 fnt|[from] Salt Cure\n|faint|p2a: Isagi\n|-end|p1a: Garganacl|Magma Storm|[partiallytrapped]|[silent]\n|upkeep\n|\n|t:|1699943399\n|switch|p2a: Violeta|Sneasler, F|100\/100\n|turn|10\n|\n|t:|1699943402\n|move|p2a: Violeta|Swords Dance|p2a: Violeta\n|-boost|p2a: Violeta|atk|2\n|move|p1a: Garganacl|Salt Cure|p2a: Violeta\n|-resisted|p2a: Violeta\n|-damage|p2a: Violeta|89\/100\n|-start|p2a: Violeta|Salt Cure\n|\n|-damage|p2a: Violeta|77\/100|[from] Salt Cure\n|upkeep\n|turn|11\n|\n|t:|1699943407\n|move|p2a: Violeta|Dire Claw|p1a: Garganacl\n|-supereffective|p1a: Garganacl\n|-damage|p1a: Garganacl|17\/100\n|move|p1a: Garganacl|Body Press|p2a: Violeta\n|-resisted|p2a: Violeta\n|-crit|p2a: Violeta\n|-damage|p2a: Violeta|20\/100\n|\n|-damage|p2a: Violeta|8\/100|[from] Salt Cure\n|-end|p1a: Garganacl|move: Taunt\n|upkeep\n|turn|12\n|\n|t:|1699943420\n|switch|p1a: Samurott|Samurott-Hisui, M, shiny|100\/100\n|move|p2a: Violeta|Dire Claw|p1a: Samurott\n|-crit|p1a: Samurott\n|-damage|p1a: Samurott|0 fnt\n|faint|p1a: Samurott\n|\n|-damage|p2a: Violeta|0 fnt|[from] Salt Cure\n|faint|p2a: Violeta\n|upkeep\n|inactive|twinklover254 has 120 seconds left.\n|\n|t:|1699943455\n|switch|p2a: Chosen|Manaphy|71\/100\n|switch|p1a: Maushold|Maushold|100\/100\n|turn|13\n|\n|t:|1699943464\n|move|p1a: Maushold|Tidy Up|p1a: Maushold\n|-boost|p1a: Maushold|atk|1\n|-boost|p1a: Maushold|spe|1\n|move|p2a: Chosen|Acid Armor|p2a: Chosen\n|-boost|p2a: Chosen|def|2\n|\n|-heal|p2a: Chosen|77\/100|[from] item: Leftovers\n|upkeep\n|turn|14\n|\n|t:|1699943477\n|move|p1a: Maushold|Encore|p2a: Chosen\n|-start|p2a: Chosen|Encore\n|move|p2a: Chosen|Acid Armor|p2a: Chosen\n|-boost|p2a: Chosen|def|2\n|\n|-heal|p2a: Chosen|83\/100|[from] item: Leftovers\n|upkeep\n|turn|15\n|\n|t:|1699943480\n|move|p1a: Maushold|Tidy Up|p1a: Maushold\n|-boost|p1a: Maushold|atk|1\n|-boost|p1a: Maushold|spe|1\n|move|p2a: Chosen|Acid Armor|p2a: Chosen\n|-boost|p2a: Chosen|def|2\n|\n|-heal|p2a: Chosen|89\/100|[from] item: Leftovers\n|upkeep\n|turn|16\n|\n|t:|1699943484\n|switch|p2a: Vanguard|Zamazenta|100\/100\n|move|p1a: Maushold|Population Bomb|p2a: Vanguard\n|-damage|p2a: Vanguard|83\/100\n|-crit|p2a: Vanguard\n|-damage|p2a: Vanguard|60\/100\n|-damage|p2a: Vanguard|42\/100\n|-damage|p2a: Vanguard|27\/100\n|-damage|p2a: Vanguard|11\/100\n|-damage|p2a: Vanguard|0 fnt\n|faint|p2a: Vanguard\n|-hitcount|p2: Vanguard|6\n|\n|upkeep\n|\n|t:|1699943489\n|switch|p2a: Effie|Rillaboom, F|100\/100\n|-fieldstart|move: Grassy Terrain|[from] ability: Grassy Surge|[of] p2a: Effie\n|turn|17\n|\n|t:|1699943491\n|move|p2a: Effie|Grassy Glide|p1a: Maushold\n|-damage|p1a: Maushold|13\/100\n|move|p1a: Maushold|Population Bomb|p2a: Effie\n|-crit|p2a: Effie\n|-damage|p2a: Effie|65\/100\n|-damage|p2a: Effie|43\/100\n|-damage|p2a: Effie|20\/100\n|-damage|p2a: Effie|0 fnt\n|faint|p2a: Effie\n|-hitcount|p2: Effie|4\n|\n|-heal|p1a: Maushold|19\/100|[from] Grassy Terrain\n|upkeep\n|\n|t:|1699943494\n|switch|p2a: Chosen|Manaphy|89\/100\n|turn|18\n|c|\u2606tacodog 123412|gg\n|\n|t:|1699943498\n|move|p1a: Maushold|Population Bomb|p2a: Chosen\n|-damage|p2a: Chosen|74\/100\n|-damage|p2a: Chosen|58\/100\n|-crit|p2a: Chosen\n|-damage|p2a: Chosen|31\/100\n|-damage|p2a: Chosen|15\/100\n|-damage|p2a: Chosen|0 fnt\n|faint|p2a: Chosen\n|-hitcount|p2: Chosen|5\n|\n|win|tacodog 123412\n|raw|tacodog 123412's rating: 1499 &rarr; <strong>1517<\/strong><br \/>(+18 for winning)\n|raw|twinklover254's rating: 1464 &rarr; <strong>1446<\/strong><br \/>(-18 for losing)\n|l|\u2606twinklover254\n","uploadtime":1699943503,"views":19,"p1id":"tacodog123412","p2id":"twinklover254","formatid":"gen9ou","rating":1446,"private":0,"password":""}