{"id":"gen9ou-1993781442","p1":"Nnnname","p2":"Shabadawi_122","format":"[Gen 9] OU","log":"|j|\u2606Nnnname\n|j|\u2606Shabadawi_122\n|t:|1700356521\n|gametype|singles\n|player|p1|Nnnname|maid|1092\n|player|p2|Shabadawi_122|blue|1038\n|teamsize|p1|6\n|teamsize|p2|6\n|gen|9\n|tier|[Gen 9] OU\n|rated|\n|rule|Sleep Clause Mod: Limit one foe put to sleep\n|rule|Species Clause: Limit one of each Pok\u00e9mon\n|rule|OHKO Clause: OHKO moves are banned\n|rule|Evasion Items Clause: Evasion items are banned\n|rule|Evasion Moves Clause: Evasion moves are banned\n|rule|Endless Battle Clause: Forcing endless battles is banned\n|rule|HP Percentage Mod: HP is shown in percentages\n|clearpoke\n|poke|p1|Breloom, F|\n|poke|p1|Cinderace, F|\n|poke|p1|Zamazenta-*|\n|poke|p1|Ribombee, F|\n|poke|p1|Hatterene, F|\n|poke|p1|Samurott-Hisui, M|\n|poke|p2|Glimmora, F|\n|poke|p2|Landorus-Therian, M|\n|poke|p2|Enamorus, F|\n|poke|p2|Gholdengo|\n|poke|p2|Infernape, F|\n|poke|p2|Walking Wake|\n|teampreview\n|\n|t:|1700356525\n|start\n|switch|p1a: Ribombee|Ribombee, F|100\/100\n|switch|p2a: Glimmora|Glimmora, F|100\/100\n|turn|1\n|\n|t:|1700356538\n|move|p1a: Ribombee|Sticky Web|p2a: Glimmora\n|-sidestart|p2: Shabadawi_122|move: Sticky Web\n|move|p2a: Glimmora|Stealth Rock|p1a: Ribombee\n|-sidestart|p1: Nnnname|move: Stealth Rock\n|\n|upkeep\n|turn|2\n|\n|t:|1700356544\n|switch|p1a: Breloom|Breloom, F|100\/100\n|-damage|p1a: Breloom|94\/100|[from] Stealth Rock\n|move|p2a: Glimmora|Spikes|p1a: Breloom\n|-sidestart|p1: Nnnname|Spikes\n|\n|upkeep\n|turn|3\n|\n|t:|1700356552\n|move|p2a: Glimmora|Spikes|p1a: Breloom\n|-sidestart|p1: Nnnname|Spikes\n|move|p1a: Breloom|Spore|p2a: Glimmora\n|-status|p2a: Glimmora|slp|[from] move: Spore\n|\n|upkeep\n|turn|4\n|\n|t:|1700356559\n|cant|p2a: Glimmora|slp\n|move|p1a: Breloom|Swords Dance|p1a: Breloom\n|-boost|p1a: Breloom|atk|2\n|\n|upkeep\n|turn|5\n|\n|t:|1700356573\n|-curestatus|p2a: Glimmora|slp|[msg]\n|move|p2a: Glimmora|Spikes|p1a: Breloom\n|-sidestart|p1: Nnnname|Spikes\n|move|p1a: Breloom|Bullet Seed|p2a: Glimmora\n|-damage|p2a: Glimmora|62\/100\n|-activate|p2a: Glimmora|ability: Toxic Debris\n|-sidestart|p1: Nnnname|move: Toxic Spikes\n|-damage|p2a: Glimmora|21\/100\n|-activate|p2a: Glimmora|ability: Toxic Debris\n|-sidestart|p1: Nnnname|move: Toxic Spikes\n|-damage|p2a: Glimmora|0 fnt\n|faint|p2a: Glimmora\n|-hitcount|p2: Glimmora|3\n|\n|upkeep\n|\n|t:|1700356589\n|switch|p2a: Enamorus|Enamorus, F|100\/100\n|turn|6\n|\n|t:|1700356600\n|move|p2a: Enamorus|Earth Power|p1a: Breloom\n|-resisted|p1a: Breloom\n|-damage|p1a: Breloom|65\/100\n|move|p1a: Breloom|Spore|p2a: Enamorus\n|-status|p2a: Enamorus|slp|[from] move: Spore\n|\n|upkeep\n|turn|7\n|\n|t:|1700356612\n|cant|p2a: Enamorus|slp\n|move|p1a: Breloom|Swords Dance|p1a: Breloom\n|-boost|p1a: Breloom|atk|2\n|\n|upkeep\n|turn|8\n|\n|t:|1700356620\n|cant|p2a: Enamorus|slp\n|move|p1a: Breloom|Bullet Seed|p2a: Enamorus\n|-resisted|p2a: Enamorus\n|-damage|p2a: Enamorus|46\/100 slp\n|-resisted|p2a: Enamorus\n|-damage|p2a: Enamorus|0 fnt\n|faint|p2a: Enamorus\n|-hitcount|p2: Enamorus|2\n|\n|upkeep\n|\n|t:|1700356637\n|switch|p2a: Infernape|Infernape, F|100\/100\n|-activate|p2a: Infernape|move: Sticky Web\n|-unboost|p2a: Infernape|spe|1\n|turn|9\n|\n|t:|1700356652\n|-terastallize|p2a: Infernape|Flying\n|move|p1a: Breloom|Mach Punch|p2a: Infernape\n|-resisted|p2a: Infernape\n|-damage|p2a: Infernape|32\/100\n|move|p2a: Infernape|Acrobatics|p1a: Breloom\n|-supereffective|p1a: Breloom\n|-damage|p1a: Breloom|0 fnt\n|faint|p1a: Breloom\n|-damage|p2a: Infernape|22\/100|[from] item: Life Orb\n|\n|upkeep\n|c|\u2606Nnnname|wp\n|\n|t:|1700356665\n|switch|p1a: Cinderace|Cinderace, F, shiny|100\/100\n|-damage|p1a: Cinderace|76\/100|[from] Stealth Rock\n|-damage|p1a: Cinderace|51\/100|[from] Spikes\n|-status|p1a: Cinderace|tox\n|turn|10\n|c|\u2606Nnnname|ow\n|\n|t:|1700356675\n|move|p1a: Cinderace|Pyro Ball|p2a: Infernape\n|-damage|p2a: Infernape|0 fnt\n|faint|p2a: Infernape\n|-heal|p1a: Cinderace|53\/100 tox|[from] item: Shell Bell|[of] p2: Infernape\n|\n|-damage|p1a: Cinderace|47\/100 tox|[from] psn\n|upkeep\n|\n|t:|1700356699\n|switch|p2a: Landorus|Landorus-Therian, M|100\/100\n|-ability|p2a: Landorus|Intimidate|boost\n|-unboost|p1a: Cinderace|atk|1\n|turn|11\n|\n|t:|1700356709\n|move|p1a: Cinderace|Court Change|p1a: Cinderace\n|-swapsideconditions\n|-activate|p1a: Cinderace|move: Court Change\n|move|p2a: Landorus|Earthquake|p1a: Cinderace\n|-supereffective|p1a: Cinderace\n|-damage|p1a: Cinderace|0 fnt\n|faint|p1a: Cinderace\n|-damage|p2a: Landorus|91\/100|[from] item: Life Orb\n|\n|upkeep\n|c|\u2606Shabadawi_122|ooh\n|\n|t:|1700356728\n|switch|p1a: Zamazenta|Zamazenta|100\/100\n|-activate|p1a: Zamazenta|move: Sticky Web\n|-unboost|p1a: Zamazenta|spe|1\n|-ability|p1a: Zamazenta|Dauntless Shield|boost\n|-boost|p1a: Zamazenta|def|1\n|turn|12\n|c|\u2606Nnnname|Uno reverse card!\n|c|\u2606Nnnname|Idk why I have so many hazards and court change on the same team\n|\n|t:|1700356752\n|move|p2a: Landorus|Fly||[still]\n|-prepare|p2a: Landorus|Fly\n|move|p1a: Zamazenta|Iron Defense|p1a: Zamazenta\n|-boost|p1a: Zamazenta|def|2\n|\n|upkeep\n|turn|13\n|\n|t:|1700356757\n|move|p2a: Landorus|Fly|p1a: Zamazenta|[from]lockedmove\n|-supereffective|p1a: Zamazenta\n|-crit|p1a: Zamazenta\n|-damage|p1a: Zamazenta|0 fnt\n|faint|p1a: Zamazenta\n|-damage|p2a: Landorus|81\/100|[from] item: Life Orb\n|\n|upkeep\n|c|\u2606Nnnname|ow\n|c|\u2606Nnnname|That's probably gg\n|\n|t:|1700356780\n|switch|p1a: Ribombee|Ribombee, F|100\/100\n|-activate|p1a: Ribombee|move: Sticky Web\n|-unboost|p1a: Ribombee|spe|1\n|turn|14\n|\n|t:|1700356791\n|move|p2a: Landorus|Fly||[still]\n|-prepare|p2a: Landorus|Fly\n|move|p1a: Ribombee|Moonblast|p2a: Landorus|[miss]\n|-miss|p1a: Ribombee|p2a: Landorus\n|\n|upkeep\n|turn|15\n|\n|t:|1700356805\n|move|p2a: Landorus|Fly|p1a: Ribombee|[from]lockedmove\n|-supereffective|p1a: Ribombee\n|-enditem|p1a: Ribombee|Focus Sash\n|-damage|p1a: Ribombee|1\/100\n|-damage|p2a: Landorus|71\/100|[from] item: Life Orb\n|move|p1a: Ribombee|Moonblast|p2a: Landorus\n|-damage|p2a: Landorus|14\/100\n|\n|upkeep\n|turn|16\n|\n|t:|1700356821\n|switch|p1a: Samurott|Samurott-Hisui, M|100\/100\n|-activate|p1a: Samurott|move: Sticky Web\n|-unboost|p1a: Samurott|spe|1\n|move|p2a: Landorus|Crunch|p1a: Samurott\n|-resisted|p1a: Samurott\n|-crit|p1a: Samurott\n|-damage|p1a: Samurott|63\/100\n|-damage|p2a: Landorus|4\/100|[from] item: Life Orb\n|\n|upkeep\n|turn|17\n|\n|t:|1700356839\n|move|p2a: Landorus|Fly||[still]\n|-prepare|p2a: Landorus|Fly\n|move|p1a: Samurott|Knock Off|p2a: Landorus|[miss]\n|-miss|p1a: Samurott|p2a: Landorus\n|\n|upkeep\n|turn|18\n|\n|t:|1700356848\n|move|p2a: Landorus|Fly|p1a: Samurott|[from]lockedmove\n|-damage|p1a: Samurott|0 fnt\n|faint|p1a: Samurott\n|-damage|p2a: Landorus|0 fnt|[from] item: Life Orb\n|faint|p2a: Landorus\n|\n|upkeep\n|c|\u2606Shabadawi_122|mmm\n|c|\u2606Shabadawi_122|OH WAIT!\n|\n|t:|1700356881\n|switch|p2a: Gholdengo|Gholdengo|100\/100\n|switch|p1a: Hatterene|Hatterene, F|100\/100\n|-damage|p2a: Gholdengo|94\/100|[from] Stealth Rock\n|-damage|p2a: Gholdengo|70\/100|[from] Spikes\n|-activate|p1a: Hatterene|move: Sticky Web\n|-unboost|p1a: Hatterene|spe|1\n|turn|19\n|\n|t:|1700356913\n|-terastallize|p1a: Hatterene|Water\n|move|p2a: Gholdengo|Flash Cannon|p1a: Hatterene\n|-resisted|p1a: Hatterene\n|-damage|p1a: Hatterene|78\/100\n|move|p1a: Hatterene|Mystical Fire|p2a: Gholdengo\n|-supereffective|p2a: Gholdengo\n|-damage|p2a: Gholdengo|4\/100\n|-unboost|p2a: Gholdengo|spa|1\n|\n|-heal|p1a: Hatterene|84\/100|[from] item: Leftovers\n|upkeep\n|turn|20\n|c|\u2606Nnnname|I planned for this exact scenario haha\n|\n|t:|1700356935\n|move|p2a: Gholdengo|Dazzling Gleam|p1a: Hatterene\n|-damage|p1a: Hatterene|64\/100\n|move|p1a: Hatterene|Calm Mind|p1a: Hatterene\n|-boost|p1a: Hatterene|spa|1\n|-boost|p1a: Hatterene|spd|1\n|\n|-heal|p1a: Hatterene|70\/100|[from] item: Leftovers\n|upkeep\n|turn|21\n|c|\u2606Shabadawi_122|uhhh... rematch?\n|c|\u2606Nnnname|Sure :D\n|c|\u2606Nnnname|(I say that, but tbh I completely forgot I had terra water and mystical fire on this thing)\n|inactive|Battle timer is ON: inactive players will automatically lose when time's up. (requested by Shabadawi_122)\n|inactive|Shabadawi_122 has 120 seconds left.\n|inactive|Shabadawi_122 has 90 seconds left.\n|inactive|Shabadawi_122 has 60 seconds left.\n|inactive|Shabadawi_122 has 30 seconds left.\n|inactive|Shabadawi_122 has 20 seconds left.\n|inactive|Shabadawi_122 has 15 seconds left.\n|inactive|Shabadawi_122 has 10 seconds left.\n|inactive|Shabadawi_122 has 5 seconds left.\n|-message|Shabadawi_122 lost due to inactivity.\n|\n|win|Nnnname\n|raw|Nnnname's rating: 1092 &rarr; <strong>1114<\/strong><br \/>(+22 for winning)\n|raw|Shabadawi_122's rating: 1038 &rarr; <strong>1025<\/strong><br \/>(-13 for losing)\n|l|\u2606Shabadawi_122\n","uploadtime":1700357507,"views":12,"p1id":"nnnname","p2id":"shabadawi122","formatid":"gen9ou","rating":1025,"private":0,"password":""}