{"id":"gen9ou-1999960281","p1":"WDgaste","p2":"Fumimico","format":"[Gen 9] OU","log":"|j|\u2606WDgaste\n|j|\u2606Fumimico\n|t:|1701134823\n|gametype|singles\n|player|p1|WDgaste|harlequin|1564\n|player|p2|Fumimico|lady|1540\n|teamsize|p1|6\n|teamsize|p2|6\n|gen|9\n|tier|[Gen 9] OU\n|rated|\n|rule|Sleep Clause Mod: Limit one foe put to sleep\n|rule|Species Clause: Limit one of each Pok\u00e9mon\n|rule|OHKO Clause: OHKO moves are banned\n|rule|Evasion Items Clause: Evasion items are banned\n|rule|Evasion Moves Clause: Evasion moves are banned\n|rule|Endless Battle Clause: Forcing endless battles is banned\n|rule|HP Percentage Mod: HP is shown in percentages\n|clearpoke\n|poke|p1|Gholdengo|\n|poke|p1|Great Tusk|\n|poke|p1|Samurott-Hisui, F|\n|poke|p1|Ribombee, M|\n|poke|p1|Iron Valiant|\n|poke|p1|Glimmora, F|\n|poke|p2|Moltres-Galar|\n|poke|p2|Ting-Lu|\n|poke|p2|Heatran, F|\n|poke|p2|Great Tusk|\n|poke|p2|Gholdengo|\n|poke|p2|Rillaboom, F|\n|teampreview\n|inactive|Battle timer is ON: inactive players will automatically lose when time's up. (requested by Fumimico)\n|\n|t:|1701134845\n|start\n|switch|p1a: Ribombee|Ribombee, M|100\/100\n|switch|p2a: Heatran|Heatran, F|100\/100\n|turn|1\n|\n|t:|1701134860\n|move|p1a: Ribombee|Sticky Web|p2a: Heatran\n|-sidestart|p2: Fumimico|move: Sticky Web\n|move|p2a: Heatran|Magma Storm|p1a: Ribombee\n|-supereffective|p1a: Ribombee\n|-enditem|p1a: Ribombee|Focus Sash\n|-damage|p1a: Ribombee|1\/100\n|-activate|p1a: Ribombee|move: Magma Storm|[of] p2a: Heatran\n|\n|-damage|p1a: Ribombee|0 fnt|[from] move: Magma Storm|[partiallytrapped]\n|faint|p1a: Ribombee\n|upkeep\n|\n|t:|1701134867\n|switch|p1a: Glimmora|Glimmora, F|100\/100\n|-item|p1a: Glimmora|Air Balloon\n|turn|2\n|\n|t:|1701134885\n|switch|p2a: Moltres|Moltres-Galar|100\/100\n|move|p1a: Glimmora|Earth Power|p2a: Moltres\n|-immune|p2a: Moltres\n|\n|upkeep\n|turn|3\n|\n|t:|1701134890\n|move|p1a: Glimmora|Power Gem|p2a: Moltres\n|-supereffective|p2a: Moltres\n|-damage|p2a: Moltres|33\/100\n|-ability|p2a: Moltres|Berserk|boost\n|-boost|p2a: Moltres|spa|1\n|-enditem|p2a: Moltres|Sitrus Berry|[eat]\n|-heal|p2a: Moltres|58\/100|[from] item: Sitrus Berry\n|move|p2a: Moltres|Nasty Plot|p2a: Moltres\n|-boost|p2a: Moltres|spa|2\n|\n|upkeep\n|turn|4\n|\n|t:|1701134902\n|-terastallize|p2a: Moltres|Fairy\n|move|p1a: Glimmora|Power Gem|p2a: Moltres\n|-damage|p2a: Moltres|21\/100\n|-ability|p2a: Moltres|Berserk|boost\n|-boost|p2a: Moltres|spa|1\n|move|p2a: Moltres|Agility|p2a: Moltres\n|-boost|p2a: Moltres|spe|2\n|\n|upkeep\n|turn|5\n|\n|t:|1701134908\n|move|p2a: Moltres|Fiery Wrath|p1a: Glimmora\n|-damage|p1a: Glimmora|0 fnt\n|-enditem|p1a: Glimmora|Air Balloon\n|faint|p1a: Glimmora\n|\n|upkeep\n|\n|t:|1701134911\n|switch|p1a: Samurott|Samurott-Hisui, F|100\/100\n|turn|6\n|\n|t:|1701134914\n|move|p1a: Samurott|Sucker Punch|p2a: Moltres\n|-resisted|p2a: Moltres\n|-damage|p2a: Moltres|2\/100\n|move|p2a: Moltres|Tera Blast|p1a: Samurott|[anim] Tera Blast Fairy\n|-supereffective|p1a: Samurott\n|-damage|p1a: Samurott|0 fnt\n|faint|p1a: Samurott\n|\n|upkeep\n|\n|t:|1701134921\n|switch|p1a: Iron Valiant|Iron Valiant|100\/100\n|turn|7\n|\n|t:|1701134926\n|-terastallize|p1a: Iron Valiant|Ghost\n|move|p2a: Moltres|Tera Blast|p1a: Iron Valiant|[anim] Tera Blast Fairy\n|-damage|p1a: Iron Valiant|0 fnt\n|faint|p1a: Iron Valiant\n|-end|p1a: Iron Valiant|Quark Drive|[silent]\n|\n|upkeep\n|-message|WDgaste forfeited.\n|\n|win|Fumimico\n|raw|WDgaste's rating: 1564 &rarr; <strong>1543<\/strong><br \/>(-21 for losing)\n|raw|Fumimico's rating: 1540 &rarr; <strong>1561<\/strong><br \/>(+21 for winning)\n|l|\u2606WDgaste\n","uploadtime":1701135058,"views":3,"p1id":"wdgaste","p2id":"fumimico","formatid":"gen9ou","rating":1543,"private":0,"password":""}