{"id":"gen9ou-1990296737","p1":"Locko2004","p2":"ChillLanturnYT","format":"[Gen 9] OU","log":"|j|\u2606Locko2004\n|j|\u2606ChillLanturnYT\n|t:|1699952595\n|gametype|singles\n|player|p1|Locko2004|yellow|1138\n|player|p2|ChillLanturnYT|palmer|1115\n|teamsize|p1|6\n|teamsize|p2|6\n|gen|9\n|tier|[Gen 9] OU\n|rated|\n|rule|Sleep Clause Mod: Limit one foe put to sleep\n|rule|Species Clause: Limit one of each Pok\u00e9mon\n|rule|OHKO Clause: OHKO moves are banned\n|rule|Evasion Items Clause: Evasion items are banned\n|rule|Evasion Moves Clause: Evasion moves are banned\n|rule|Endless Battle Clause: Forcing endless battles is banned\n|rule|HP Percentage Mod: HP is shown in percentages\n|clearpoke\n|poke|p1|Moltres-Galar|\n|poke|p1|Goodra-Hisui, F|\n|poke|p1|Ceruledge, M|\n|poke|p1|Rotom-Wash|\n|poke|p1|Iron Treads|\n|poke|p1|Ninetales-Alola, F|\n|poke|p2|Ninetales-Alola, F|\n|poke|p2|Gholdengo|\n|poke|p2|Mew|\n|poke|p2|Clefable, M|\n|poke|p2|Mandibuzz, F|\n|poke|p2|Overqwil, F|\n|teampreview\n|\n|t:|1699952627\n|start\n|switch|p1a: Rotom|Rotom-Wash|100\/100\n|switch|p2a: Overqwil|Overqwil, F|100\/100\n|-ability|p2a: Overqwil|Intimidate|boost\n|-unboost|p1a: Rotom|atk|1\n|turn|1\n|\n|t:|1699952633\n|move|p2a: Overqwil|Barb Barrage|p1a: Rotom\n|-damage|p1a: Rotom|70\/100\n|move|p1a: Rotom|Will-O-Wisp|p2a: Overqwil\n|-status|p2a: Overqwil|brn\n|\n|-damage|p2a: Overqwil|94\/100 brn|[from] brn\n|upkeep\n|turn|2\n|\n|t:|1699952642\n|switch|p1a: Iron Treads|Iron Treads|100\/100\n|move|p2a: Overqwil|Barb Barrage|p1a: Iron Treads\n|-immune|p1a: Iron Treads\n|\n|-heal|p2a: Overqwil|100\/100 brn|[from] item: Black Sludge\n|-damage|p2a: Overqwil|94\/100 brn|[from] brn\n|upkeep\n|turn|3\n|\n|t:|1699952651\n|switch|p2a: Mew|Mew|100\/100\n|move|p1a: Iron Treads|Ice Spinner|p2a: Mew\n|-damage|p2a: Mew|85\/100\n|\n|-heal|p2a: Mew|91\/100|[from] item: Leftovers\n|upkeep\n|turn|4\n|\n|t:|1699952657\n|move|p1a: Iron Treads|Earthquake|p2a: Mew\n|-damage|p2a: Mew|61\/100\n|move|p2a: Mew|Stealth Rock|p1a: Iron Treads\n|-sidestart|p1: Locko2004|move: Stealth Rock\n|\n|-heal|p2a: Mew|67\/100|[from] item: Leftovers\n|upkeep\n|turn|5\n|\n|t:|1699952660\n|switch|p2a: Gholdengo|Gholdengo|100\/100\n|move|p1a: Iron Treads|Rapid Spin|p2a: Gholdengo\n|-immune|p2a: Gholdengo\n|\n|upkeep\n|turn|6\n|\n|t:|1699952666\n|switch|p2a: Mandibuzz|Mandibuzz, F|100\/100\n|move|p1a: Iron Treads|Earthquake|p2a: Mandibuzz\n|-immune|p2a: Mandibuzz\n|\n|upkeep\n|turn|7\n|\n|t:|1699952670\n|move|p1a: Iron Treads|Ice Spinner|p2a: Mandibuzz\n|-supereffective|p2a: Mandibuzz\n|-damage|p2a: Mandibuzz|70\/100\n|move|p2a: Mandibuzz|Foul Play|p1a: Iron Treads\n|-damage|p1a: Iron Treads|56\/100\n|\n|upkeep\n|turn|8\n|\n|t:|1699952681\n|switch|p2a: Overqwil|Overqwil, F|94\/100 brn\n|-ability|p2a: Overqwil|Intimidate|boost\n|-unboost|p1a: Iron Treads|atk|1\n|move|p1a: Iron Treads|Rapid Spin|p2a: Overqwil\n|-damage|p2a: Overqwil|80\/100 brn\n|-boost|p1a: Iron Treads|spe|1\n|-sideend|p1: Locko2004|Stealth Rock|[from] move: Rapid Spin|[of] p1a: Iron Treads\n|\n|-heal|p2a: Overqwil|86\/100 brn|[from] item: Black Sludge\n|-damage|p2a: Overqwil|80\/100 brn|[from] brn\n|upkeep\n|turn|9\n|\n|t:|1699952688\n|-end|p1a: Iron Treads|Quark Drive|[silent]\n|switch|p1a: Goodra|Goodra-Hisui, F|100\/100\n|switch|p2a: Mandibuzz|Mandibuzz, F|70\/100\n|\n|upkeep\n|turn|10\n|\n|t:|1699952693\n|move|p2a: Mandibuzz|Roost|p2a: Mandibuzz\n|-heal|p2a: Mandibuzz|100\/100\n|-singleturn|p2a: Mandibuzz|move: Roost\n|move|p1a: Goodra|Dragon Tail|p2a: Mandibuzz\n|-damage|p2a: Mandibuzz|88\/100\n|drag|p2a: Clefable|Clefable, M|100\/100\n|\n|upkeep\n|turn|11\n|\n|t:|1699952698\n|move|p2a: Clefable|Calm Mind|p2a: Clefable\n|-boost|p2a: Clefable|spa|1\n|-boost|p2a: Clefable|spd|1\n|move|p1a: Goodra|Curse|p1a: Goodra\n|-unboost|p1a: Goodra|spe|1\n|-boost|p1a: Goodra|atk|1\n|-boost|p1a: Goodra|def|1\n|\n|upkeep\n|turn|12\n|\n|t:|1699952703\n|move|p2a: Clefable|Calm Mind|p2a: Clefable\n|-boost|p2a: Clefable|spa|1\n|-boost|p2a: Clefable|spd|1\n|move|p1a: Goodra|Heavy Slam|p2a: Clefable\n|-supereffective|p2a: Clefable\n|-damage|p2a: Clefable|0 fnt\n|faint|p2a: Clefable\n|\n|upkeep\n|\n|t:|1699952709\n|switch|p2a: Gholdengo|Gholdengo|100\/100\n|turn|13\n|\n|t:|1699952717\n|move|p2a: Gholdengo|Focus Blast|p1a: Goodra\n|-supereffective|p1a: Goodra\n|-damage|p1a: Goodra|49\/100\n|move|p1a: Goodra|Dragon Tail|p2a: Gholdengo\n|-resisted|p2a: Gholdengo\n|-damage|p2a: Gholdengo|82\/100\n|drag|p2a: Overqwil|Overqwil, F|80\/100 brn\n|-ability|p2a: Overqwil|Intimidate|boost\n|-unboost|p1a: Goodra|atk|1\n|\n|-heal|p2a: Overqwil|86\/100 brn|[from] item: Black Sludge\n|-heal|p1a: Goodra|55\/100|[from] item: Leftovers\n|-damage|p2a: Overqwil|80\/100 brn|[from] brn\n|upkeep\n|turn|14\n|\n|t:|1699952724\n|switch|p2a: Gholdengo|Gholdengo|82\/100\n|move|p1a: Goodra|Heavy Slam|p2a: Gholdengo\n|-resisted|p2a: Gholdengo\n|-damage|p2a: Gholdengo|58\/100\n|\n|-heal|p1a: Goodra|61\/100|[from] item: Leftovers\n|upkeep\n|turn|15\n|\n|t:|1699952726\n|move|p2a: Gholdengo|Trick|p1a: Goodra\n|-activate|p2a: Gholdengo|move: Trick|[of] p1a: Goodra\n|-item|p1a: Goodra|Choice Scarf|[from] move: Trick\n|-item|p2a: Gholdengo|Leftovers|[from] move: Trick\n|move|p1a: Goodra|Dragon Tail|p2a: Gholdengo\n|-resisted|p2a: Gholdengo\n|-damage|p2a: Gholdengo|46\/100\n|drag|p2a: Mandibuzz|Mandibuzz, F|88\/100\n|\n|upkeep\n|turn|16\n|\n|t:|1699952738\n|switch|p2a: Ninetales|Ninetales-Alola, F|100\/100\n|-weather|Snow|[from] ability: Snow Warning|[of] p2a: Ninetales\n|switch|p1a: Iron Treads|Iron Treads|56\/100\n|\n|-weather|Snow|[upkeep]\n|upkeep\n|turn|17\n|\n|t:|1699952749\n|move|p2a: Ninetales|Blizzard|p1a: Iron Treads\n|-damage|p1a: Iron Treads|0 fnt\n|faint|p1a: Iron Treads\n|-end|p1a: Iron Treads|Quark Drive|[silent]\n|\n|-weather|Snow|[upkeep]\n|upkeep\n|\n|t:|1699952752\n|switch|p1a: Ceruledge|Ceruledge, M|100\/100\n|turn|18\n|\n|t:|1699952758\n|switch|p2a: Overqwil|Overqwil, F|80\/100 brn\n|-ability|p2a: Overqwil|Intimidate|boost\n|-unboost|p1a: Ceruledge|atk|1\n|move|p1a: Ceruledge|Swords Dance|p1a: Ceruledge\n|-boost|p1a: Ceruledge|atk|2\n|\n|-weather|Snow|[upkeep]\n|-heal|p2a: Overqwil|86\/100 brn|[from] item: Black Sludge\n|-damage|p2a: Overqwil|80\/100 brn|[from] brn\n|upkeep\n|turn|19\n|\n|t:|1699952764\n|move|p2a: Overqwil|Crunch|p1a: Ceruledge\n|-supereffective|p1a: Ceruledge\n|-damage|p1a: Ceruledge|53\/100\n|-ability|p1a: Ceruledge|Weak Armor|boost\n|-unboost|p1a: Ceruledge|def|1\n|-boost|p1a: Ceruledge|spe|2\n|move|p1a: Ceruledge|Bitter Blade|p2a: Overqwil\n|-damage|p2a: Overqwil|0 fnt\n|-heal|p1a: Ceruledge|88\/100|[from] drain|[of] p2a: Overqwil\n|faint|p2a: Overqwil\n|\n|-weather|Snow|[upkeep]\n|upkeep\n|\n|t:|1699952770\n|switch|p2a: Mandibuzz|Mandibuzz, F|88\/100\n|turn|20\n|\n|t:|1699952777\n|move|p1a: Ceruledge|Bitter Blade|p2a: Mandibuzz\n|-damage|p2a: Mandibuzz|49\/100\n|-heal|p1a: Ceruledge|100\/100|[from] drain|[of] p2a: Mandibuzz\n|move|p2a: Mandibuzz|Foul Play|p1a: Ceruledge\n|-supereffective|p1a: Ceruledge\n|-enditem|p1a: Ceruledge|Focus Sash\n|-damage|p1a: Ceruledge|1\/100\n|-ability|p1a: Ceruledge|Weak Armor|boost\n|-unboost|p1a: Ceruledge|def|1\n|-boost|p1a: Ceruledge|spe|2\n|\n|-weather|none\n|upkeep\n|turn|21\n|\n|t:|1699952785\n|move|p1a: Ceruledge|Bitter Blade|p2a: Mandibuzz\n|-damage|p2a: Mandibuzz|5\/100\n|-heal|p1a: Ceruledge|27\/100|[from] drain|[of] p2a: Mandibuzz\n|move|p2a: Mandibuzz|Roost|p2a: Mandibuzz\n|-heal|p2a: Mandibuzz|55\/100\n|-singleturn|p2a: Mandibuzz|move: Roost\n|\n|upkeep\n|turn|22\n|\n|t:|1699952790\n|move|p1a: Ceruledge|Bitter Blade|p2a: Mandibuzz\n|-damage|p2a: Mandibuzz|14\/100\n|-heal|p1a: Ceruledge|52\/100|[from] drain|[of] p2a: Mandibuzz\n|move|p2a: Mandibuzz|Foul Play|p1a: Ceruledge\n|-supereffective|p1a: Ceruledge\n|-damage|p1a: Ceruledge|0 fnt\n|faint|p1a: Ceruledge\n|\n|upkeep\n|\n|t:|1699952796\n|switch|p1a: Ninetales|Ninetales-Alola, F|100\/100\n|-weather|Snow|[from] ability: Snow Warning|[of] p1a: Ninetales\n|turn|23\n|\n|t:|1699952801\n|switch|p2a: Gholdengo|Gholdengo|46\/100\n|move|p1a: Ninetales|Blizzard|p2a: Gholdengo\n|-resisted|p2a: Gholdengo\n|-damage|p2a: Gholdengo|12\/100\n|-damage|p1a: Ninetales|91\/100|[from] item: Life Orb\n|\n|-weather|Snow|[upkeep]\n|-heal|p2a: Gholdengo|18\/100|[from] item: Leftovers\n|upkeep\n|turn|24\n|\n|t:|1699952806\n|move|p1a: Ninetales|Blizzard|p2a: Gholdengo\n|-resisted|p2a: Gholdengo\n|-damage|p2a: Gholdengo|0 fnt\n|faint|p2a: Gholdengo\n|-damage|p1a: Ninetales|81\/100|[from] item: Life Orb\n|\n|-weather|Snow|[upkeep]\n|upkeep\n|\n|t:|1699952813\n|switch|p2a: Ninetales|Ninetales-Alola, F|100\/100\n|turn|25\n|\n|t:|1699952818\n|-terastallize|p2a: Ninetales|Fire\n|move|p2a: Ninetales|Tera Blast|p1a: Ninetales|[anim] Tera Blast Fire\n|-supereffective|p1a: Ninetales\n|-damage|p1a: Ninetales|0 fnt\n|faint|p1a: Ninetales\n|\n|-weather|Snow|[upkeep]\n|upkeep\n|\n|t:|1699952824\n|switch|p1a: Rotom|Rotom-Wash|70\/100\n|turn|26\n|\n|t:|1699952827\n|switch|p2a: Mew|Mew|67\/100\n|move|p1a: Rotom|Hydro Pump|p2a: Mew\n|-damage|p2a: Mew|20\/100\n|\n|-weather|Snow|[upkeep]\n|-heal|p2a: Mew|26\/100|[from] item: Leftovers\n|upkeep\n|turn|27\n|\n|t:|1699952830\n|move|p2a: Mew|Stealth Rock|p1a: Rotom\n|-sidestart|p1: Locko2004|move: Stealth Rock\n|move|p1a: Rotom|Discharge|p2a: Mew\n|-damage|p2a: Mew|0 fnt\n|faint|p2a: Mew\n|\n|-weather|none\n|upkeep\n|\n|t:|1699952835\n|switch|p2a: Ninetales|Ninetales-Alola, F, tera:Fire|100\/100\n|-weather|Snow|[from] ability: Snow Warning|[of] p2a: Ninetales\n|turn|28\n|\n|t:|1699952838\n|move|p2a: Ninetales|Freeze-Dry|p1a: Rotom\n|-supereffective|p1a: Rotom\n|-crit|p1a: Rotom\n|-damage|p1a: Rotom|0 fnt\n|faint|p1a: Rotom\n|\n|-weather|Snow|[upkeep]\n|upkeep\n|\n|t:|1699952846\n|switch|p1a: Moltres|Moltres-Galar|100\/100\n|-damage|p1a: Moltres|75\/100|[from] Stealth Rock\n|turn|29\n|\n|t:|1699952849\n|-terastallize|p1a: Moltres|Steel\n|move|p2a: Ninetales|Freeze-Dry|p1a: Moltres\n|-resisted|p1a: Moltres\n|-damage|p1a: Moltres|61\/100\n|move|p1a: Moltres|Tera Blast|p2a: Ninetales|[anim] Tera Blast Steel\n|-resisted|p2a: Ninetales\n|-damage|p2a: Ninetales|84\/100\n|\n|-weather|Snow|[upkeep]\n|upkeep\n|turn|30\n|-message|Locko2004 forfeited.\n|\n|win|ChillLanturnYT\n|raw|Locko2004's rating: 1138 &rarr; <strong>1111<\/strong><br \/>(-27 for losing)\n|raw|ChillLanturnYT's rating: 1115 &rarr; <strong>1142<\/strong><br \/>(+27 for winning)\n|l|\u2606Locko2004\n","uploadtime":1699952861,"views":11,"p1id":"locko2004","p2id":"chilllanturnyt","formatid":"gen9ou","rating":1111,"private":0,"password":""}