{"id":"gen9ou-1996721847","p1":"ghostgallade","p2":"Sugoikemono","format":"[Gen 9] OU","log":"|j|\u2606ghostgallade\n|j|\u2606Sugoikemono\n|t:|1700714464\n|gametype|singles\n|player|p1|ghostgallade|n|1520\n|player|p2|Sugoikemono|1|1527\n|teamsize|p1|6\n|teamsize|p2|6\n|gen|9\n|tier|[Gen 9] OU\n|rated|\n|rule|Sleep Clause Mod: Limit one foe put to sleep\n|rule|Species Clause: Limit one of each Pok\u00e9mon\n|rule|OHKO Clause: OHKO moves are banned\n|rule|Evasion Items Clause: Evasion items are banned\n|rule|Evasion Moves Clause: Evasion moves are banned\n|rule|Endless Battle Clause: Forcing endless battles is banned\n|rule|HP Percentage Mod: HP is shown in percentages\n|clearpoke\n|poke|p1|Glimmora, M|\n|poke|p1|Kingambit, F|\n|poke|p1|Iron Valiant|\n|poke|p1|Dragapult, M|\n|poke|p1|Landorus-Therian, M|\n|poke|p1|Hatterene, F|\n|poke|p2|Ting-Lu|\n|poke|p2|Meowscarada, F|\n|poke|p2|Greninja-*, M|\n|poke|p2|Mamoswine, F|\n|poke|p2|Gholdengo|\n|poke|p2|Hatterene, F|\n|teampreview\n|\n|t:|1700714475\n|start\n|switch|p1a: Glimmora|Glimmora, M|100\/100\n|switch|p2a: Hatterene|Hatterene, F|100\/100\n|turn|1\n|\n|t:|1700714480\n|move|p1a: Glimmora|Mortal Spin|p2a: Hatterene\n|-supereffective|p2a: Hatterene\n|-enditem|p2a: Hatterene|Kebia Berry|[eat]\n|-enditem|p2a: Hatterene|Kebia Berry|[weaken]\n|-damage|p2a: Hatterene|94\/100\n|-status|p2a: Hatterene|psn\n|move|p2a: Hatterene|Trick Room|p2a: Hatterene\n|-fieldstart|move: Trick Room|[of] p2a: Hatterene\n|\n|-damage|p2a: Hatterene|82\/100 psn|[from] psn\n|upkeep\n|turn|2\n|\n|t:|1700714515\n|move|p2a: Hatterene|Psyshock|p1a: Glimmora\n|-supereffective|p1a: Glimmora\n|-enditem|p1a: Glimmora|Focus Sash\n|-damage|p1a: Glimmora|1\/100\n|move|p1a: Glimmora|Earth Power|p2a: Hatterene\n|-damage|p2a: Hatterene|46\/100 psn\n|\n|-damage|p2a: Hatterene|34\/100 psn|[from] psn\n|upkeep\n|turn|3\n|\n|t:|1700714525\n|switch|p1a: Hatterene|Hatterene, F|100\/100\n|move|p2a: Hatterene|Draining Kiss|p1a: Hatterene\n|-damage|p1a: Hatterene|68\/100\n|-heal|p2a: Hatterene|58\/100 psn|[from] drain|[of] p1a: Hatterene\n|-enditem|p1a: Hatterene|Eject Button\n|\n|t:|1700714531\n|switch|p1a: Kingambit|Kingambit, F|100\/100\n|\n|-damage|p2a: Hatterene|46\/100 psn|[from] psn\n|upkeep\n|turn|4\n|\n|t:|1700714535\n|switch|p2a: Ting-Lu|Ting-Lu|100\/100\n|-ability|p2a: Ting-Lu|Vessel of Ruin\n|move|p1a: Kingambit|Sucker Punch||[still]\n|-fail|p1a: Kingambit\n|\n|upkeep\n|turn|5\n|\n|t:|1700714552\n|switch|p2a: Greninja|Greninja, M|100\/100\n|-end|p1a: Kingambit|fallenundefined|[silent]\n|switch|p1a: Glimmora|Glimmora, M|1\/100\n|\n|-fieldend|move: Trick Room\n|upkeep\n|turn|6\n|j| Bijets\n|\n|t:|1700714566\n|switch|p1a: Dragapult|Dragapult, M|100\/100\n|move|p2a: Greninja|Ice Beam|p1a: Dragapult\n|-start|p2a: Greninja|typechange|Ice|[from] ability: Protean\n|-supereffective|p1a: Dragapult\n|-damage|p1a: Dragapult|0 fnt\n|faint|p1a: Dragapult\n|-damage|p2a: Greninja|91\/100|[from] item: Life Orb\n|\n|upkeep\n|\n|t:|1700714580\n|switch|p1a: Glimmora|Glimmora, M|1\/100\n|turn|7\n|\n|t:|1700714590\n|move|p2a: Greninja|Ice Beam|p1a: Glimmora\n|-damage|p1a: Glimmora|0 fnt\n|faint|p1a: Glimmora\n|-damage|p2a: Greninja|81\/100|[from] item: Life Orb\n|\n|upkeep\n|\n|t:|1700714594\n|switch|p1a: Iron Valiant|Iron Valiant|100\/100\n|-enditem|p1a: Iron Valiant|Booster Energy\n|-activate|p1a: Iron Valiant|ability: Quark Drive|[fromitem]\n|-start|p1a: Iron Valiant|quarkdrivespe\n|turn|8\n|\n|t:|1700714602\n|switch|p2a: Gholdengo|Gholdengo|100\/100\n|move|p1a: Iron Valiant|Swords Dance|p1a: Iron Valiant\n|-boost|p1a: Iron Valiant|atk|2\n|\n|upkeep\n|turn|9\n|\n|t:|1700714610\n|-terastallize|p1a: Iron Valiant|Fire\n|move|p1a: Iron Valiant|Knock Off|p2a: Gholdengo\n|-supereffective|p2a: Gholdengo\n|-damage|p2a: Gholdengo|0 fnt\n|-enditem|p2a: Gholdengo|Choice Scarf|[from] move: Knock Off|[of] p1a: Iron Valiant\n|faint|p2a: Gholdengo\n|\n|upkeep\n|\n|t:|1700714614\n|switch|p2a: Mamoswine|Mamoswine, F|100\/100\n|turn|10\n|\n|t:|1700714617\n|-terastallize|p2a: Mamoswine|Ghost\n|move|p1a: Iron Valiant|Close Combat|p2a: Mamoswine\n|-immune|p2a: Mamoswine\n|move|p2a: Mamoswine|Earthquake|p1a: Iron Valiant\n|-supereffective|p1a: Iron Valiant\n|-damage|p1a: Iron Valiant|0 fnt\n|faint|p1a: Iron Valiant\n|-end|p1a: Iron Valiant|Quark Drive|[silent]\n|\n|upkeep\n|\n|t:|1700714620\n|switch|p1a: Landorus|Landorus-Therian, M|100\/100\n|-ability|p1a: Landorus|Intimidate|boost\n|-unboost|p2a: Mamoswine|atk|1\n|turn|11\n|\n|t:|1700714625\n|move|p1a: Landorus|U-turn|p2a: Mamoswine\n|-resisted|p2a: Mamoswine\n|-damage|p2a: Mamoswine|87\/100\n|\n|t:|1700714627\n|switch|p1a: Hatterene|Hatterene, F|68\/100|[from] U-turn\n|move|p2a: Mamoswine|Icicle Spear|p1a: Hatterene\n|-damage|p1a: Hatterene|60\/100\n|-damage|p1a: Hatterene|52\/100\n|-damage|p1a: Hatterene|44\/100\n|-damage|p1a: Hatterene|35\/100\n|-damage|p1a: Hatterene|27\/100\n|-hitcount|p1a: Hatterene|5\n|\n|upkeep\n|turn|12\n|\n|t:|1700714634\n|move|p2a: Mamoswine|Earthquake|p1a: Hatterene\n|-damage|p1a: Hatterene|0 fnt\n|faint|p1a: Hatterene\n|\n|upkeep\n|\n|t:|1700714638\n|switch|p1a: Kingambit|Kingambit, F|100\/100\n|-activate|p1a: Kingambit|ability: Supreme Overlord\n|-start|p1a: Kingambit|fallen4|[silent]\n|turn|13\n|\n|t:|1700714644\n|switch|p2a: Meowscarada|Meowscarada, F|100\/100\n|move|p1a: Kingambit|Kowtow Cleave|p2a: Meowscarada\n|-resisted|p2a: Meowscarada\n|-damage|p2a: Meowscarada|46\/100\n|\n|upkeep\n|turn|14\n|\n|t:|1700714652\n|move|p2a: Meowscarada|Low Kick|p1a: Kingambit\n|-start|p2a: Meowscarada|typechange|Fighting|[from] ability: Protean\n|-supereffective|p1a: Kingambit\n|-damage|p1a: Kingambit|0 fnt\n|faint|p1a: Kingambit\n|-end|p1a: Kingambit|fallen4|[silent]\n|-damage|p2a: Meowscarada|36\/100|[from] item: Life Orb\n|\n|upkeep\n|\n|t:|1700714656\n|switch|p1a: Landorus|Landorus-Therian, M|100\/100\n|-ability|p1a: Landorus|Intimidate|boost\n|-unboost|p2a: Meowscarada|atk|1\n|turn|15\n|\n|t:|1700714659\n|move|p1a: Landorus|Earthquake|p2a: Meowscarada\n|-damage|p2a: Meowscarada|0 fnt\n|faint|p2a: Meowscarada\n|\n|upkeep\n|\n|t:|1700714665\n|switch|p2a: Mamoswine|Mamoswine, F, tera:Ghost|87\/100\n|turn|16\n|\n|t:|1700714667\n|move|p1a: Landorus|Earthquake|p2a: Mamoswine\n|-damage|p2a: Mamoswine|23\/100\n|move|p2a: Mamoswine|Icicle Spear|p1a: Landorus\n|-supereffective|p1a: Landorus\n|-damage|p1a: Landorus|37\/100\n|-supereffective|p1a: Landorus\n|-damage|p1a: Landorus|0 fnt\n|faint|p1a: Landorus\n|-hitcount|p1: Landorus|2\n|\n|win|Sugoikemono\n|raw|ghostgallade's rating: 1520 &rarr; <strong>1500<\/strong><br \/>(-20 for losing)\n|raw|Sugoikemono's rating: 1527 &rarr; <strong>1547<\/strong><br \/>(+20 for winning)\n","uploadtime":1700714670,"views":10,"p1id":"ghostgallade","p2id":"sugoikemono","formatid":"gen9ou","rating":1500,"private":0,"password":""}