{"id":"gen9ou-1989019000","p1":"ryanodacool","p2":"Pearsquare","format":"[Gen 9] OU","log":"|j|\u2606ryanodacool\n|j|\u2606Pearsquare\n|t:|1699802885\n|gametype|singles\n|player|p1|ryanodacool|dragontamer|1020\n|player|p2|Pearsquare|caitlin|1112\n|teamsize|p1|6\n|teamsize|p2|6\n|gen|9\n|tier|[Gen 9] OU\n|rated|\n|rule|Sleep Clause Mod: Limit one foe put to sleep\n|rule|Species Clause: Limit one of each Pok\u00e9mon\n|rule|OHKO Clause: OHKO moves are banned\n|rule|Evasion Items Clause: Evasion items are banned\n|rule|Evasion Moves Clause: Evasion moves are banned\n|rule|Endless Battle Clause: Forcing endless battles is banned\n|rule|HP Percentage Mod: HP is shown in percentages\n|clearpoke\n|poke|p1|Gholdengo|\n|poke|p1|Empoleon, M|\n|poke|p1|Ogerpon, F|\n|poke|p1|Manaphy|\n|poke|p1|Clefable, M|\n|poke|p1|Salamence, M|\n|poke|p2|Meloetta|\n|poke|p2|Gardevoir, F|\n|poke|p2|Ninetales-Alola, M|\n|poke|p2|Ceruledge, F|\n|poke|p2|Lilligant-Hisui, F|\n|poke|p2|Tatsugiri, M|\n|teampreview\n|\n|t:|1699802929\n|start\n|switch|p1a: Salamence|Salamence, M|100\/100\n|switch|p2a: Mitsuki|Lilligant-Hisui, F|100\/100\n|turn|1\n|\n|t:|1699802952\n|switch|p2a: Fluff|Ninetales-Alola, M|100\/100\n|-weather|Snow|[from] ability: Snow Warning|[of] p2a: Fluff\n|-terastallize|p1a: Salamence|Fire\n|move|p1a: Salamence|Dragon Dance|p1a: Salamence\n|-boost|p1a: Salamence|atk|1\n|-boost|p1a: Salamence|spe|1\n|\n|-weather|Snow|[upkeep]\n|upkeep\n|turn|2\n|\n|t:|1699802962\n|move|p1a: Salamence|Tera Blast|p2a: Fluff|[anim] Tera Blast Fire\n|-supereffective|p2a: Fluff\n|-damage|p2a: Fluff|2\/100\n|move|p2a: Fluff|Aurora Veil|p2a: Fluff\n|-sidestart|p2: Pearsquare|move: Aurora Veil\n|\n|-weather|Snow|[upkeep]\n|upkeep\n|turn|3\n|\n|t:|1699802990\n|move|p1a: Salamence|Tera Blast|p2a: Fluff|[anim] Tera Blast Fire\n|-supereffective|p2a: Fluff\n|-damage|p2a: Fluff|0 fnt\n|faint|p2a: Fluff\n|-ability|p1a: Salamence|Moxie|boost\n|-boost|p1a: Salamence|atk|1\n|\n|-weather|Snow|[upkeep]\n|upkeep\n|\n|t:|1699802996\n|switch|p2a: Allison|Gardevoir, F|100\/100\n|-ability|p2a: Allison|Moxie|[from] ability: Trace|[of] p1a: Salamence\n|turn|4\n|\n|t:|1699803004\n|move|p1a: Salamence|Earthquake|p2a: Allison\n|-damage|p2a: Allison|50\/100\n|move|p2a: Allison|Destiny Bond|p2a: Allison\n|-singlemove|p2a: Allison|Destiny Bond\n|\n|-weather|Snow|[upkeep]\n|upkeep\n|turn|5\n|\n|t:|1699803015\n|move|p1a: Salamence|Dual Wingbeat|p2a: Allison\n|-damage|p2a: Allison|17\/100\n|-damage|p2a: Allison|0 fnt\n|faint|p2a: Allison\n|-activate|p2a: Allison|move: Destiny Bond\n|faint|p1a: Salamence\n|-hitcount|p2: Allison|2\n|\n|-weather|none\n|upkeep\n|\n|t:|1699803043\n|switch|p1a: Clefable|Clefable, M|100\/100\n|switch|p2a: Lin|Ceruledge, F|100\/100\n|turn|6\n|\n|t:|1699803049\n|move|p2a: Lin|Bulk Up|p2a: Lin\n|-boost|p2a: Lin|atk|1\n|-boost|p2a: Lin|def|1\n|move|p1a: Clefable|Shadow Ball|p2a: Lin\n|-supereffective|p2a: Lin\n|-damage|p2a: Lin|79\/100\n|-unboost|p2a: Lin|spd|1\n|\n|upkeep\n|turn|7\n|\n|t:|1699803056\n|move|p2a: Lin|Taunt|p1a: Clefable\n|-start|p1a: Clefable|move: Taunt\n|move|p1a: Clefable|Shadow Ball|p2a: Lin\n|-supereffective|p2a: Lin\n|-damage|p2a: Lin|58\/100\n|\n|upkeep\n|turn|8\n|\n|t:|1699803067\n|-terastallize|p2a: Lin|Fairy\n|move|p2a: Lin|Bitter Blade|p1a: Clefable\n|-damage|p1a: Clefable|58\/100\n|-heal|p2a: Lin|83\/100|[from] drain|[of] p1a: Clefable\n|move|p1a: Clefable|Shadow Ball|p2a: Lin\n|-damage|p2a: Lin|73\/100\n|\n|-heal|p1a: Clefable|64\/100|[from] item: Leftovers\n|upkeep\n|turn|9\n|\n|t:|1699803079\n|switch|p1a: Gholdengo|Gholdengo, shiny|100\/100\n|move|p2a: Lin|Bulk Up|p2a: Lin\n|-boost|p2a: Lin|atk|1\n|-boost|p2a: Lin|def|1\n|\n|-sideend|p2: Pearsquare|move: Aurora Veil\n|upkeep\n|turn|10\n|\n|t:|1699803086\n|move|p2a: Lin|Bitter Blade|p1a: Gholdengo\n|-supereffective|p1a: Gholdengo\n|-damage|p1a: Gholdengo|0 fnt\n|-heal|p2a: Lin|100\/100|[from] drain|[of] p1a: Gholdengo\n|faint|p1a: Gholdengo\n|\n|upkeep\n|\n|t:|1699803097\n|switch|p1a: Ogerpon|Ogerpon, F|100\/100\n|turn|11\n|\n|t:|1699803101\n|move|p1a: Ogerpon|Ivy Cudgel|p2a: Lin\n|-damage|p2a: Lin|59\/100\n|move|p2a: Lin|Bitter Blade|p1a: Ogerpon\n|-supereffective|p1a: Ogerpon\n|-damage|p1a: Ogerpon|0 fnt\n|-heal|p2a: Lin|100\/100|[from] drain|[of] p1a: Ogerpon\n|faint|p1a: Ogerpon\n|\n|upkeep\n|\n|t:|1699803103\n|switch|p1a: Empoleon|Empoleon, M, shiny|100\/100\n|turn|12\n|\n|t:|1699803112\n|move|p2a: Lin|Bitter Blade|p1a: Empoleon\n|-damage|p1a: Empoleon|11\/100\n|move|p1a: Empoleon|Flash Cannon|p2a: Lin\n|-supereffective|p2a: Lin\n|-damage|p2a: Lin|0 fnt\n|faint|p2a: Lin\n|\n|upkeep\n|\n|t:|1699803126\n|switch|p2a: Mitsuki|Lilligant-Hisui, F|100\/100\n|turn|13\n|\n|t:|1699803129\n|move|p2a: Mitsuki|Leaf Blade|p1a: Empoleon\n|-damage|p1a: Empoleon|0 fnt\n|faint|p1a: Empoleon\n|\n|upkeep\n|\n|t:|1699803133\n|switch|p1a: Clefable|Clefable, M|64\/100\n|turn|14\n|\n|t:|1699803154\n|move|p2a: Mitsuki|Leaf Blade|p1a: Clefable\n|-damage|p1a: Clefable|0 fnt\n|faint|p1a: Clefable\n|\n|upkeep\n|\n|t:|1699803157\n|switch|p1a: Manaphy|Manaphy|100\/100\n|turn|15\n|\n|t:|1699803162\n|move|p2a: Mitsuki|Leaf Blade|p1a: Manaphy\n|-supereffective|p1a: Manaphy\n|-damage|p1a: Manaphy|0 fnt\n|faint|p1a: Manaphy\n|\n|win|Pearsquare\n|raw|ryanodacool's rating: 1020 &rarr; <strong>1010<\/strong><br \/>(-10 for losing)\n|raw|Pearsquare's rating: 1112 &rarr; <strong>1131<\/strong><br \/>(+19 for winning)\n|l|\u2606ryanodacool\n","uploadtime":1699803169,"views":31,"p1id":"ryanodacool","p2id":"pearsquare","formatid":"gen9ou","rating":1010,"private":0,"password":""}