{"id":"gen9ou-1993478458","p1":"kamikaze banzai","p2":"B B A U M","format":"[Gen 9] OU","log":"|j|\u2606kamikaze banzai\n|j|\u2606B B A U M\n|t:|1700322767\n|gametype|singles\n|player|p1|kamikaze banzai|102|1407\n|player|p2|B B A U M|roxanne|1326\n|teamsize|p1|6\n|teamsize|p2|6\n|gen|9\n|tier|[Gen 9] OU\n|rated|\n|rule|Sleep Clause Mod: Limit one foe put to sleep\n|rule|Species Clause: Limit one of each Pok\u00e9mon\n|rule|OHKO Clause: OHKO moves are banned\n|rule|Evasion Items Clause: Evasion items are banned\n|rule|Evasion Moves Clause: Evasion moves are banned\n|rule|Endless Battle Clause: Forcing endless battles is banned\n|rule|HP Percentage Mod: HP is shown in percentages\n|clearpoke\n|poke|p1|Indeedee, M|\n|poke|p1|Polteageist-Antique|\n|poke|p1|Zamazenta-*|\n|poke|p1|Sneasler, F|\n|poke|p1|Greninja-*, M|\n|poke|p1|Iron Treads|\n|poke|p2|Cinderace, M|\n|poke|p2|Umbreon, M|\n|poke|p2|Dragapult, M|\n|poke|p2|Breloom, M|\n|poke|p2|Gengar, F|\n|poke|p2|Azumarill, M|\n|teampreview\n|inactive|Battle timer is ON: inactive players will automatically lose when time's up. (requested by kamikaze banzai)\n|inactive|B B A U M has 120 seconds left.\n|c|\u2606kamikaze banzai|glhf\n|\n|t:|1700322817\n|start\n|switch|p1a: Indeedee|Indeedee, M|100\/100\n|switch|p2a: Gengar|Gengar, F|100\/100\n|-fieldstart|move: Psychic Terrain|[from] ability: Psychic Surge|[of] p1a: Indeedee\n|turn|1\n|\n|t:|1700322825\n|move|p2a: Gengar|Shadow Ball|p1a: Indeedee\n|-immune|p1a: Indeedee\n|move|p1a: Indeedee|Psychic|p2a: Gengar\n|-supereffective|p2a: Gengar\n|-enditem|p2a: Gengar|Focus Sash\n|-damage|p2a: Gengar|1\/100\n|\n|upkeep\n|turn|2\n|\n|t:|1700322834\n|switch|p1a: Iron Treads|Iron Treads|100\/100\n|move|p2a: Gengar|Destiny Bond|p2a: Gengar\n|-singlemove|p2a: Gengar|Destiny Bond\n|\n|upkeep\n|turn|3\n|\n|t:|1700322846\n|move|p2a: Gengar|Shadow Ball|p1a: Iron Treads\n|-damage|p1a: Iron Treads|42\/100\n|move|p1a: Iron Treads|Earthquake|p2a: Gengar\n|-supereffective|p2a: Gengar\n|-damage|p2a: Gengar|0 fnt\n|faint|p2a: Gengar\n|\n|upkeep\n|\n|t:|1700322858\n|switch|p2a: Azumarill|Azumarill, M|100\/100\n|turn|4\n|\n|t:|1700322861\n|move|p1a: Iron Treads|Iron Head|p2a: Azumarill\n|-damage|p2a: Azumarill|61\/100\n|move|p2a: Azumarill|Liquidation|p1a: Iron Treads\n|-supereffective|p1a: Iron Treads\n|-damage|p1a: Iron Treads|0 fnt\n|faint|p1a: Iron Treads\n|-end|p1a: Iron Treads|Quark Drive|[silent]\n|\n|upkeep\n|\n|t:|1700322869\n|switch|p1a: Sneasler|Sneasler, F|100\/100\n|-ability|p1a: Sneasler|Pressure\n|-enditem|p1a: Sneasler|Psychic Seed\n|-boost|p1a: Sneasler|spd|1|[from] item: Psychic Seed\n|turn|5\n|\n|t:|1700322877\n|-terastallize|p2a: Azumarill|Water\n|move|p1a: Sneasler|Dire Claw|p2a: Azumarill\n|-damage|p2a: Azumarill|16\/100\n|move|p2a: Azumarill|Liquidation|p1a: Sneasler\n|-damage|p1a: Sneasler|0 fnt\n|faint|p1a: Sneasler\n|\n|upkeep\n|\n|t:|1700322887\n|switch|p1a: Greninja|Greninja, M|100\/100\n|-enditem|p1a: Greninja|Psychic Seed\n|-boost|p1a: Greninja|spd|1|[from] item: Psychic Seed\n|turn|6\n|\n|t:|1700322890\n|move|p1a: Greninja|Dark Pulse|p2a: Azumarill\n|-damage|p2a: Azumarill|0 fnt\n|faint|p2a: Azumarill\n|-ability|p1a: Greninja|Battle Bond|boost\n|-boost|p1a: Greninja|atk|1\n|-boost|p1a: Greninja|spa|1\n|-boost|p1a: Greninja|spe|1\n|-activate|p1a: Greninja|ability: Battle Bond\n|\n|upkeep\n|\n|t:|1700322901\n|switch|p2a: Umbreon|Umbreon, M|100\/100\n|turn|7\n|\n|t:|1700322906\n|move|p1a: Greninja|Surf|p2a: Umbreon\n|-damage|p2a: Umbreon|61\/100\n|move|p2a: Umbreon|Foul Play|p1a: Greninja\n|-resisted|p1a: Greninja\n|-damage|p1a: Greninja|64\/100\n|\n|upkeep\n|turn|8\n|\n|t:|1700322914\n|move|p1a: Greninja|Surf|p2a: Umbreon\n|-damage|p2a: Umbreon|20\/100\n|move|p2a: Umbreon|Wish|p2a: Umbreon\n|\n|-fieldend|move: Psychic Terrain\n|upkeep\n|turn|9\n|\n|t:|1700322919\n|move|p2a: Umbreon|Protect|p2a: Umbreon\n|-singleturn|p2a: Umbreon|Protect\n|move|p1a: Greninja|Surf|p2a: Umbreon\n|-activate|p2a: Umbreon|move: Protect\n|\n|-heal|p2a: Umbreon|70\/100|[from] move: Wish|[wisher] Umbreon\n|upkeep\n|turn|10\n|\n|t:|1700322929\n|move|p1a: Greninja|Surf|p2a: Umbreon\n|-crit|p2a: Umbreon\n|-damage|p2a: Umbreon|12\/100\n|move|p2a: Umbreon|Wish|p2a: Umbreon\n|\n|upkeep\n|turn|11\n|\n|t:|1700322934\n|move|p2a: Umbreon|Protect|p2a: Umbreon\n|-singleturn|p2a: Umbreon|Protect\n|move|p1a: Greninja|Surf|p2a: Umbreon\n|-activate|p2a: Umbreon|move: Protect\n|\n|-heal|p2a: Umbreon|62\/100|[from] move: Wish|[wisher] Umbreon\n|upkeep\n|turn|12\n|\n|t:|1700322940\n|move|p1a: Greninja|Surf|p2a: Umbreon\n|-damage|p2a: Umbreon|20\/100\n|move|p2a: Umbreon|Wish|p2a: Umbreon\n|\n|upkeep\n|turn|13\n|\n|t:|1700322945\n|move|p2a: Umbreon|Protect|p2a: Umbreon\n|-singleturn|p2a: Umbreon|Protect\n|move|p1a: Greninja|Surf|p2a: Umbreon\n|-activate|p2a: Umbreon|move: Protect\n|\n|-heal|p2a: Umbreon|70\/100|[from] move: Wish|[wisher] Umbreon\n|upkeep\n|turn|14\n|\n|t:|1700322952\n|move|p1a: Greninja|Surf|p2a: Umbreon\n|-damage|p2a: Umbreon|29\/100\n|move|p2a: Umbreon|Wish|p2a: Umbreon\n|\n|upkeep\n|turn|15\n|\n|t:|1700322956\n|move|p2a: Umbreon|Protect|p2a: Umbreon\n|-singleturn|p2a: Umbreon|Protect\n|move|p1a: Greninja|Surf|p2a: Umbreon\n|-activate|p2a: Umbreon|move: Protect\n|\n|-heal|p2a: Umbreon|79\/100|[from] move: Wish|[wisher] Umbreon\n|upkeep\n|turn|16\n|\n|t:|1700322963\n|move|p1a: Greninja|Surf|p2a: Umbreon\n|-damage|p2a: Umbreon|38\/100\n|move|p2a: Umbreon|Wish|p2a: Umbreon\n|\n|upkeep\n|turn|17\n|\n|t:|1700322967\n|move|p2a: Umbreon|Protect|p2a: Umbreon\n|-singleturn|p2a: Umbreon|Protect\n|move|p1a: Greninja|Surf|p2a: Umbreon\n|-activate|p2a: Umbreon|move: Protect\n|\n|-heal|p2a: Umbreon|88\/100|[from] move: Wish|[wisher] Umbreon\n|upkeep\n|turn|18\n|\n|t:|1700322978\n|move|p1a: Greninja|Surf|p2a: Umbreon\n|-damage|p2a: Umbreon|45\/100\n|move|p2a: Umbreon|Thunder Wave|p1a: Greninja\n|-status|p1a: Greninja|par\n|\n|upkeep\n|turn|19\n|\n|t:|1700322991\n|cant|p1a: Greninja|par\n|move|p2a: Umbreon|Wish|p2a: Umbreon\n|\n|upkeep\n|turn|20\n|\n|t:|1700322994\n|move|p2a: Umbreon|Protect|p2a: Umbreon\n|-singleturn|p2a: Umbreon|Protect\n|move|p1a: Greninja|Surf|p2a: Umbreon\n|-activate|p2a: Umbreon|move: Protect\n|\n|-heal|p2a: Umbreon|95\/100|[from] move: Wish|[wisher] Umbreon\n|upkeep\n|turn|21\n|\n|t:|1700323002\n|move|p1a: Greninja|Surf|p2a: Umbreon\n|-damage|p2a: Umbreon|57\/100\n|move|p2a: Umbreon|Foul Play|p1a: Greninja\n|-resisted|p1a: Greninja\n|-damage|p1a: Greninja|32\/100 par\n|\n|upkeep\n|turn|22\n|\n|t:|1700323008\n|cant|p1a: Greninja|par\n|move|p2a: Umbreon|Wish|p2a: Umbreon\n|\n|upkeep\n|turn|23\n|\n|t:|1700323011\n|move|p2a: Umbreon|Protect|p2a: Umbreon\n|-singleturn|p2a: Umbreon|Protect\n|move|p1a: Greninja|Surf|p2a: Umbreon\n|-activate|p2a: Umbreon|move: Protect\n|\n|-heal|p2a: Umbreon|100\/100|[from] move: Wish|[wisher] Umbreon\n|upkeep\n|turn|24\n|\n|t:|1700323016\n|cant|p1a: Greninja|par\n|move|p2a: Umbreon|Wish|p2a: Umbreon\n|\n|upkeep\n|turn|25\n|\n|t:|1700323018\n|move|p1a: Greninja|Surf|p2a: Umbreon\n|-damage|p2a: Umbreon|59\/100\n|move|p2a: Umbreon|Foul Play|p1a: Greninja\n|-resisted|p1a: Greninja\n|-damage|p1a: Greninja|0 fnt\n|faint|p1a: Greninja\n|\n|-heal|p2a: Umbreon|100\/100|[from] move: Wish|[wisher] Umbreon\n|upkeep\n|\n|t:|1700323022\n|switch|p1a: Indeedee|Indeedee, M|100\/100\n|-fieldstart|move: Psychic Terrain|[from] ability: Psychic Surge|[of] p1a: Indeedee\n|turn|26\n|\n|t:|1700323046\n|switch|p1a: Zamazenta|Zamazenta|100\/100\n|-ability|p1a: Zamazenta|Dauntless Shield|boost\n|-boost|p1a: Zamazenta|def|1\n|-enditem|p1a: Zamazenta|Psychic Seed\n|-boost|p1a: Zamazenta|spd|1|[from] item: Psychic Seed\n|move|p2a: Umbreon|Thunder Wave|p1a: Zamazenta\n|-status|p1a: Zamazenta|par\n|\n|upkeep\n|turn|27\n|inactive|B B A U M has 120 seconds left.\n|inactive|B B A U M has 90 seconds left.\n|\n|t:|1700323114\n|switch|p2a: Dragapult|Dragapult, M|100\/100\n|cant|p1a: Zamazenta|par\n|\n|upkeep\n|turn|28\n|c|\u2606kamikaze banzai|bruh\n|c|\u2606kamikaze banzai|the paras\n|inactive|B B A U M has 60 seconds left.\n|\n|t:|1700323143\n|move|p2a: Dragapult|Draco Meteor|p1a: Zamazenta\n|-damage|p1a: Zamazenta|49\/100 par\n|-unboost|p2a: Dragapult|spa|2\n|move|p1a: Zamazenta|Crunch|p2a: Dragapult\n|-supereffective|p2a: Dragapult\n|-crit|p2a: Dragapult\n|-damage|p2a: Dragapult|0 fnt\n|faint|p2a: Dragapult\n|\n|upkeep\n|inactive|B B A U M has 60 seconds left.\n|c|\u2606kamikaze banzai|thas what u get\n|\n|t:|1700323156\n|switch|p2a: Cinderace|Cinderace, M|100\/100\n|turn|29\n|\n|t:|1700323158\n|move|p2a: Cinderace|Pyro Ball|p1a: Zamazenta\n|-damage|p1a: Zamazenta|20\/100 par\n|move|p1a: Zamazenta|Body Press|p2a: Cinderace\n|-damage|p2a: Cinderace|29\/100\n|\n|upkeep\n|turn|30\n|\n|t:|1700323164\n|move|p2a: Cinderace|Pyro Ball|p1a: Zamazenta\n|-damage|p1a: Zamazenta|0 fnt\n|faint|p1a: Zamazenta\n|\n|upkeep\n|\n|t:|1700323168\n|switch|p1a: Polteageist|Polteageist-Antique|100\/100\n|turn|31\n|\n|t:|1700323179\n|move|p2a: Cinderace|U-turn|p1a: Polteageist\n|-resisted|p1a: Polteageist\n|-damage|p1a: Polteageist|79\/100\n|-ability|p1a: Polteageist|Weak Armor|boost\n|-unboost|p1a: Polteageist|def|1\n|-boost|p1a: Polteageist|spe|2\n|\n|t:|1700323184\n|switch|p2a: Umbreon|Umbreon, M|100\/100|[from] U-turn\n|move|p1a: Polteageist|Shell Smash|p1a: Polteageist\n|-unboost|p1a: Polteageist|def|1\n|-unboost|p1a: Polteageist|spd|1\n|-boost|p1a: Polteageist|atk|2\n|-boost|p1a: Polteageist|spa|2\n|-boost|p1a: Polteageist|spe|2\n|\n|upkeep\n|turn|32\n|\n|t:|1700323201\n|-terastallize|p1a: Polteageist|Fire\n|move|p1a: Polteageist|Tera Blast|p2a: Umbreon|[anim] Tera Blast Fire\n|-damage|p2a: Umbreon|41\/100\n|move|p2a: Umbreon|Foul Play|p1a: Polteageist\n|-damage|p1a: Polteageist|0 fnt\n|faint|p1a: Polteageist\n|\n|upkeep\n|\n|t:|1700323207\n|switch|p1a: Indeedee|Indeedee, M|100\/100\n|turn|33\n|\n|t:|1700323222\n|move|p1a: Indeedee|Hyper Voice|p2a: Umbreon\n|-damage|p2a: Umbreon|14\/100\n|move|p2a: Umbreon|Wish|p2a: Umbreon\n|\n|-fieldend|move: Psychic Terrain\n|upkeep\n|turn|34\n|-message|kamikaze banzai forfeited.\n|\n|win|B B A U M\n|raw|kamikaze banzai's rating: 1407 &rarr; <strong>1382<\/strong><br \/>(-25 for losing)\n|raw|B B A U M's rating: 1326 &rarr; <strong>1351<\/strong><br \/>(+25 for winning)\n|l|\u2606kamikaze banzai\n|c|\u2606B B A U M|Gg\n","uploadtime":1700323278,"views":23,"p1id":"kamikazebanzai","p2id":"bbaum","formatid":"gen9ou","rating":1351,"private":0,"password":""}