{"id":"gen9ou-1992956856","p1":"JuneBug17","p2":"VGCsavant","format":"[Gen 9] OU","log":"|j|\u2606JuneBug17\n|j|\u2606VGCsavant\n|t:|1700250172\n|gametype|singles\n|player|p1|JuneBug17|steven|\n|player|p2|VGCsavant|salvatore|\n|teamsize|p1|5\n|teamsize|p2|4\n|gen|9\n|tier|[Gen 9] OU\n|rule|Sleep Clause Mod: Limit one foe put to sleep\n|rule|Species Clause: Limit one of each Pok\u00e9mon\n|rule|OHKO Clause: OHKO moves are banned\n|rule|Evasion Items Clause: Evasion items are banned\n|rule|Evasion Moves Clause: Evasion moves are banned\n|rule|Endless Battle Clause: Forcing endless battles is banned\n|rule|HP Percentage Mod: HP is shown in percentages\n|clearpoke\n|poke|p1|Weavile, F|\n|poke|p1|Iron Hands|\n|poke|p1|Meowscarada, M|\n|poke|p1|Gholdengo|\n|poke|p1|Rotom-Wash|\n|poke|p2|Enamorus, F|\n|poke|p2|Gastrodon, F|\n|poke|p2|Rotom-Wash|\n|poke|p2|Basculegion, M|\n|teampreview\n|inactive|Battle timer is ON: inactive players will automatically lose when time's up. (requested by VGCsavant)\n|c|\u2606JuneBug17|hf\n|c|\u2606VGCsavant|glhf\n|inactive|VGCsavant has 270 seconds left.\n|\n|t:|1700250214\n|start\n|switch|p1a: Gholdengo|Gholdengo|100\/100\n|switch|p2a: Rotom|Rotom-Wash|100\/100\n|turn|1\n|j| MrBearmanchild\n|inactive|JuneBug17 has 270 seconds left.\n|\n|t:|1700250262\n|move|p2a: Rotom|Volt Switch|p1a: Gholdengo\n|-crit|p1a: Gholdengo\n|-damage|p1a: Gholdengo|62\/100\n|\n|t:|1700250270\n|switch|p2a: Gastrodon|Gastrodon, F|100\/100|[from] Volt Switch\n|move|p1a: Gholdengo|Shadow Ball|p2a: Gastrodon\n|-damage|p2a: Gastrodon|56\/100\n|\n|upkeep\n|turn|2\n|inactive|VGCsavant has 270 seconds left.\n|inactive|JuneBug17 has 240 seconds left.\n|\n|t:|1700250313\n|switch|p1a: Rotom|Rotom-Wash, shiny|100\/100\n|move|p2a: Gastrodon|Rain Dance|p2a: Gastrodon\n|-weather|RainDance\n|\n|-weather|RainDance|[upkeep]\n|upkeep\n|turn|3\n|inactive|JuneBug17 has 240 seconds left.\n|\n|t:|1700250327\n|switch|p2a: Rotom|Rotom-Wash|100\/100\n|move|p1a: Rotom|Will-O-Wisp|p2a: Rotom\n|-status|p2a: Rotom|brn\n|\n|-weather|RainDance|[upkeep]\n|-damage|p2a: Rotom|94\/100 brn|[from] brn\n|upkeep\n|turn|4\n|inactive|JuneBug17 has 240 seconds left.\n|\n|t:|1700250345\n|move|p2a: Rotom|Will-O-Wisp|p1a: Rotom\n|-status|p1a: Rotom|brn\n|move|p1a: Rotom|Volt Switch|p2a: Rotom\n|-damage|p2a: Rotom|65\/100 brn\n|j| LogIce\n|\n|t:|1700250353\n|switch|p1a: Gholdengo|Gholdengo|62\/100|[from] Volt Switch\n|\n|-weather|RainDance|[upkeep]\n|-damage|p2a: Rotom|59\/100 brn|[from] brn\n|upkeep\n|turn|5\n|inactive|JuneBug17 has 240 seconds left.\n|\n|t:|1700250365\n|switch|p2a: Gastrodon|Gastrodon, F|56\/100\n|move|p1a: Gholdengo|Shadow Ball|p2a: Gastrodon\n|-damage|p2a: Gastrodon|10\/100\n|\n|-weather|RainDance|[upkeep]\n|upkeep\n|turn|6\n|inactive|JuneBug17 has 240 seconds left.\n|\n|t:|1700250374\n|move|p1a: Gholdengo|Shadow Ball|p2a: Gastrodon\n|-crit|p2a: Gastrodon\n|-damage|p2a: Gastrodon|0 fnt\n|faint|p2a: Gastrodon\n|\n|-weather|RainDance|[upkeep]\n|upkeep\n|\n|t:|1700250376\n|switch|p2a: Basculegion|Basculegion, M|100\/100\n|turn|7\n|inactive|VGCsavant has 270 seconds left.\n|inactive|JuneBug17 has 240 seconds left.\n|inactive|JuneBug17 has 210 seconds left.\n|\n|t:|1700250426\n|switch|p1a: Iron Hands|Iron Hands|100\/100\n|move|p2a: Basculegion|Wave Crash|p1a: Iron Hands\n|-damage|p1a: Iron Hands|28\/100\n|-damage|p2a: Basculegion|68\/100|[from] Recoil\n|\n|-weather|RainDance|[upkeep]\n|upkeep\n|turn|8\n|inactive|JuneBug17 has 210 seconds left.\n|inactive|JuneBug17 has 180 seconds left.\n|\n|t:|1700250472\n|move|p1a: Iron Hands|Fake Out|p2a: Basculegion\n|-immune|p2a: Basculegion\n|move|p2a: Basculegion|Wave Crash|p1a: Iron Hands\n|-damage|p1a: Iron Hands|0 fnt\n|faint|p1a: Iron Hands\n|-end|p1a: Iron Hands|Quark Drive|[silent]\n|-damage|p2a: Basculegion|56\/100|[from] Recoil\n|\n|-weather|RainDance|[upkeep]\n|upkeep\n|\n|t:|1700250489\n|switch|p1a: Rotom|Rotom-Wash, shiny|100\/100 brn\n|turn|9\n|inactive|VGCsavant has 270 seconds left.\n|\n|t:|1700250511\n|move|p2a: Basculegion|Wave Crash|p1a: Rotom\n|-resisted|p1a: Rotom\n|-damage|p1a: Rotom|33\/100 brn\n|-damage|p2a: Basculegion|38\/100|[from] Recoil\n|move|p1a: Rotom|Volt Switch|p2a: Basculegion\n|-supereffective|p2a: Basculegion\n|-damage|p2a: Basculegion|0 fnt\n|faint|p2a: Basculegion\n|\n|t:|1700250535\n|switch|p1a: Gholdengo|Gholdengo|62\/100|[from] Volt Switch\n|\n|-weather|none\n|upkeep\n|\n|t:|1700250540\n|switch|p2a: Enamorus|Enamorus, F|100\/100\n|turn|10\n|inactive|JuneBug17 has 150 seconds left.\n|\n|t:|1700250568\n|move|p2a: Enamorus|Earth Power|p1a: Gholdengo\n|-supereffective|p1a: Gholdengo\n|-damage|p1a: Gholdengo|2\/100\n|move|p1a: Gholdengo|Flash Cannon|p2a: Enamorus\n|-supereffective|p2a: Enamorus\n|-damage|p2a: Enamorus|0 fnt\n|faint|p2a: Enamorus\n|\n|upkeep\n|\n|t:|1700250572\n|switch|p2a: Rotom|Rotom-Wash|59\/100 brn\n|turn|11\n|l| LogIce\n|j| LogIce\n|inactive|JuneBug17 has 150 seconds left.\n|l| LogIce\n|inactive|VGCsavant has 240 seconds left.\n|inactive|JuneBug17 has 120 seconds left.\n|\n|t:|1700250618\n|switch|p1a: Meowscarada|Meowscarada, M, shiny|100\/100\n|move|p2a: Rotom|Hydro Pump|p1a: Meowscarada\n|-resisted|p1a: Meowscarada\n|-damage|p1a: Meowscarada|69\/100\n|\n|-damage|p2a: Rotom|53\/100 brn|[from] brn\n|upkeep\n|turn|12\n|\n|t:|1700250626\n|move|p2a: Rotom|Hydro Pump|p1a: Meowscarada\n|-resisted|p1a: Meowscarada\n|-damage|p1a: Meowscarada|39\/100\n|move|p1a: Meowscarada|Flower Trick|p2a: Rotom\n|-start|p1a: Meowscarada|typechange|Grass|[from] ability: Protean\n|-supereffective|p2a: Rotom\n|-crit|p2a: Rotom\n|-damage|p2a: Rotom|0 fnt\n|faint|p2a: Rotom\n|\n|win|JuneBug17\n|c|\u2606VGCsavant|ggs\n|c|\u2606JuneBug17|gg\n","uploadtime":1700250642,"views":53,"p1id":"junebug17","p2id":"vgcsavant","formatid":"gen9ou","rating":0,"private":0,"password":""}