{"id":"gen9ou-2000221128","p1":"Alice Sapphic","p2":"Rflthi","format":"[Gen 9] OU","log":"|j|\u2606Alice Sapphic\n|j|\u2606Rflthi\n|t:|1701173991\n|gametype|singles\n|player|p1|Alice Sapphic|dawn-gen4pt|1177\n|player|p2|Rflthi|170|1191\n|teamsize|p1|6\n|teamsize|p2|6\n|gen|9\n|tier|[Gen 9] OU\n|rated|\n|rule|Sleep Clause Mod: Limit one foe put to sleep\n|rule|Species Clause: Limit one of each Pok\u00e9mon\n|rule|OHKO Clause: OHKO moves are banned\n|rule|Evasion Items Clause: Evasion items are banned\n|rule|Evasion Moves Clause: Evasion moves are banned\n|rule|Endless Battle Clause: Forcing endless battles is banned\n|rule|HP Percentage Mod: HP is shown in percentages\n|clearpoke\n|poke|p1|Meowscarada, F|\n|poke|p1|Glimmora, F|\n|poke|p1|Ursaluna, F|\n|poke|p1|Slowking-Galar, F|\n|poke|p1|Thundurus-Therian, M|\n|poke|p1|Iron Valiant|\n|poke|p2|Walking Wake|\n|poke|p2|Azumarill, M|\n|poke|p2|Dondozo, M|\n|poke|p2|Pelipper, F|\n|poke|p2|Samurott-Hisui, M|\n|poke|p2|Basculegion-F, F|\n|teampreview\n|\n|t:|1701174006\n|start\n|switch|p1a: Thundurus|Thundurus-Therian, M|100\/100\n|switch|p2a: Samurott|Samurott-Hisui, M|100\/100\n|turn|1\n|\n|t:|1701174025\n|switch|p2a: Walking Wake|Walking Wake|100\/100\n|move|p1a: Thundurus|Volt Switch|p2a: Walking Wake\n|-damage|p2a: Walking Wake|54\/100\n|\n|t:|1701174038\n|switch|p1a: Iron Valiant|Iron Valiant|100\/100|[from] Volt Switch\n|-enditem|p1a: Iron Valiant|Booster Energy\n|-activate|p1a: Iron Valiant|ability: Quark Drive|[fromitem]\n|-start|p1a: Iron Valiant|quarkdrivespe\n|\n|upkeep\n|turn|2\n|\n|t:|1701174049\n|-end|p2a: Walking Wake|Protosynthesis|[silent]\n|switch|p2a: Pelipper|Pelipper, F|100\/100\n|-weather|RainDance|[from] ability: Drizzle|[of] p2a: Pelipper\n|move|p1a: Iron Valiant|Moonblast|p2a: Pelipper\n|-damage|p2a: Pelipper|42\/100\n|-unboost|p2a: Pelipper|spa|1\n|\n|-weather|RainDance|[upkeep]\n|upkeep\n|turn|3\n|\n|t:|1701174061\n|switch|p2a: Dondozo|Dondozo, M|100\/100\n|move|p1a: Iron Valiant|Thunderbolt|p2a: Dondozo\n|-supereffective|p2a: Dondozo\n|-damage|p2a: Dondozo|49\/100\n|\n|-weather|RainDance|[upkeep]\n|-heal|p2a: Dondozo|55\/100|[from] item: Leftovers\n|upkeep\n|turn|4\n|\n|t:|1701174071\n|move|p1a: Iron Valiant|Thunderbolt|p2a: Dondozo\n|-supereffective|p2a: Dondozo\n|-damage|p2a: Dondozo|2\/100\n|-status|p2a: Dondozo|par\n|move|p2a: Dondozo|Wave Crash|p1a: Iron Valiant\n|-damage|p1a: Iron Valiant|5\/100\n|-damage|p2a: Dondozo|0 fnt|[from] Recoil\n|faint|p2a: Dondozo\n|\n|-weather|RainDance|[upkeep]\n|upkeep\n|\n|t:|1701174084\n|switch|p2a: Azumarill|Azumarill, M|100\/100\n|turn|5\n|\n|t:|1701174090\n|move|p2a: Azumarill|Aqua Jet|p1a: Iron Valiant\n|-damage|p1a: Iron Valiant|0 fnt\n|faint|p1a: Iron Valiant\n|-end|p1a: Iron Valiant|Quark Drive|[silent]\n|\n|-weather|RainDance|[upkeep]\n|upkeep\n|\n|t:|1701174105\n|switch|p1a: Glimmora|Glimmora, F|100\/100\n|turn|6\n|\n|t:|1701174115\n|switch|p2a: Walking Wake|Walking Wake|54\/100\n|move|p1a: Glimmora|Sludge Wave|p2a: Walking Wake\n|-damage|p2a: Walking Wake|14\/100\n|\n|-weather|RainDance|[upkeep]\n|upkeep\n|turn|7\n|\n|t:|1701174127\n|switch|p1a: Slowking|Slowking-Galar, F|100\/100\n|move|p2a: Walking Wake|Hydro Steam|p1a: Slowking\n|-damage|p1a: Slowking|45\/100\n|\n|-weather|RainDance|[upkeep]\n|upkeep\n|turn|8\n|\n|t:|1701174138\n|move|p2a: Walking Wake|Hydro Steam|p1a: Slowking\n|-damage|p1a: Slowking|0 fnt\n|faint|p1a: Slowking\n|\n|-weather|RainDance|[upkeep]\n|upkeep\n|\n|t:|1701174146\n|switch|p1a: Meowscarada|Meowscarada, F|100\/100\n|turn|9\n|\n|t:|1701174163\n|-end|p2a: Walking Wake|Protosynthesis|[silent]\n|switch|p2a: Samurott|Samurott-Hisui, M|100\/100\n|move|p1a: Meowscarada|Flower Trick|p2a: Samurott\n|-start|p1a: Meowscarada|typechange|Grass|[from] ability: Protean\n|-supereffective|p2a: Samurott\n|-crit|p2a: Samurott\n|-damage|p2a: Samurott|0 fnt\n|faint|p2a: Samurott\n|\n|-weather|none\n|upkeep\n|\n|t:|1701174170\n|switch|p2a: Basculegion|Basculegion-F, F|100\/100\n|turn|10\n|\n|t:|1701174187\n|move|p1a: Meowscarada|Flower Trick|p2a: Basculegion\n|-supereffective|p2a: Basculegion\n|-crit|p2a: Basculegion\n|-enditem|p2a: Basculegion|Focus Sash\n|-damage|p2a: Basculegion|1\/100\n|move|p2a: Basculegion|Endeavor|p1a: Meowscarada\n|-damage|p1a: Meowscarada|1\/100\n|\n|upkeep\n|turn|11\n|\n|t:|1701174197\n|switch|p1a: Ursaluna|Ursaluna, F|100\/100\n|move|p2a: Basculegion|Aqua Jet|p1a: Ursaluna\n|-supereffective|p1a: Ursaluna\n|-damage|p1a: Ursaluna|80\/100\n|\n|-status|p1a: Ursaluna|brn|[from] item: Flame Orb\n|upkeep\n|turn|12\n|\n|t:|1701174207\n|switch|p2a: Pelipper|Pelipper, F|42\/100\n|-weather|RainDance|[from] ability: Drizzle|[of] p2a: Pelipper\n|switch|p1a: Meowscarada|Meowscarada, F|1\/100\n|\n|-weather|RainDance|[upkeep]\n|upkeep\n|turn|13\n|\n|t:|1701174219\n|switch|p2a: Walking Wake|Walking Wake|14\/100\n|move|p1a: Meowscarada|Flower Trick|p2a: Walking Wake\n|-start|p1a: Meowscarada|typechange|Grass|[from] ability: Protean\n|-crit|p2a: Walking Wake\n|-damage|p2a: Walking Wake|0 fnt\n|faint|p2a: Walking Wake\n|-end|p2a: Walking Wake|Protosynthesis|[silent]\n|\n|-weather|RainDance|[upkeep]\n|upkeep\n|\n|t:|1701174225\n|switch|p2a: Basculegion|Basculegion-F, F|1\/100\n|turn|14\n|\n|t:|1701174234\n|move|p2a: Basculegion|Aqua Jet|p1a: Meowscarada\n|-resisted|p1a: Meowscarada\n|-damage|p1a: Meowscarada|0 fnt\n|faint|p1a: Meowscarada\n|\n|-weather|RainDance|[upkeep]\n|upkeep\n|\n|t:|1701174246\n|switch|p1a: Glimmora|Glimmora, F|100\/100\n|turn|15\n|\n|t:|1701174251\n|move|p2a: Basculegion|Endeavor|p1a: Glimmora\n|-damage|p1a: Glimmora|1\/100\n|-activate|p1a: Glimmora|ability: Toxic Debris\n|-sidestart|p2: Rflthi|move: Toxic Spikes\n|move|p1a: Glimmora|Sludge Wave|p2a: Basculegion\n|-resisted|p2a: Basculegion\n|-damage|p2a: Basculegion|0 fnt\n|faint|p2a: Basculegion\n|\n|-weather|RainDance|[upkeep]\n|upkeep\n|\n|t:|1701174261\n|switch|p2a: Azumarill|Azumarill, M|100\/100\n|-status|p2a: Azumarill|psn\n|turn|16\n|\n|t:|1701174269\n|move|p2a: Azumarill|Aqua Jet|p1a: Glimmora\n|-supereffective|p1a: Glimmora\n|-damage|p1a: Glimmora|0 fnt\n|-activate|p1a: Glimmora|ability: Toxic Debris\n|-sidestart|p2: Rflthi|move: Toxic Spikes\n|faint|p1a: Glimmora\n|\n|-weather|RainDance|[upkeep]\n|-damage|p2a: Azumarill|88\/100 psn|[from] psn\n|upkeep\n|\n|t:|1701174278\n|switch|p1a: Thundurus|Thundurus-Therian, M|100\/100\n|turn|17\n|\n|t:|1701174287\n|-terastallize|p1a: Thundurus|Water\n|-terastallize|p2a: Azumarill|Grass\n|move|p1a: Thundurus|Thunderbolt|p2a: Azumarill\n|-resisted|p2a: Azumarill\n|-damage|p2a: Azumarill|46\/100 psn\n|-enditem|p2a: Azumarill|Sitrus Berry|[eat]\n|-heal|p2a: Azumarill|70\/100 psn|[from] item: Sitrus Berry\n|move|p2a: Azumarill|Belly Drum|p2a: Azumarill\n|-damage|p2a: Azumarill|21\/100 psn\n|-setboost|p2a: Azumarill|atk|6|[from] move: Belly Drum\n|\n|-weather|RainDance|[upkeep]\n|-damage|p2a: Azumarill|8\/100 psn|[from] psn\n|upkeep\n|turn|18\n|\n|t:|1701174308\n|switch|p1a: Ursaluna|Ursaluna, F|80\/100 brn\n|move|p2a: Azumarill|Aqua Jet|p1a: Ursaluna\n|-supereffective|p1a: Ursaluna\n|-damage|p1a: Ursaluna|0 fnt\n|faint|p1a: Ursaluna\n|\n|-weather|RainDance|[upkeep]\n|-damage|p2a: Azumarill|0 fnt|[from] psn\n|faint|p2a: Azumarill\n|upkeep\n|\n|t:|1701174319\n|switch|p1a: Thundurus|Thundurus-Therian, M, tera:Water|100\/100\n|switch|p2a: Pelipper|Pelipper, F|42\/100\n|turn|19\n|\n|t:|1701174325\n|move|p1a: Thundurus|Thunderbolt|p2a: Pelipper\n|-supereffective|p2a: Pelipper\n|-damage|p2a: Pelipper|0 fnt\n|faint|p2a: Pelipper\n|\n|win|Alice Sapphic\n|raw|Alice Sapphic's rating: 1177 &rarr; <strong>1203<\/strong><br \/>(+26 for winning)\n|raw|Rflthi's rating: 1191 &rarr; <strong>1165<\/strong><br \/>(-26 for losing)\n|l|\u2606Rflthi\n","uploadtime":1701174334,"views":11,"p1id":"alicesapphic","p2id":"rflthi","formatid":"gen9ou","rating":1165,"private":0,"password":""}