{"id":"gen9ou-1991533444","p1":"swawsold","p2":"Vizen","format":"[Gen 9] OU","log":"|j|\u2606swawsold\n|j|\u2606Vizen\n|t:|1700085749\n|gametype|singles\n|player|p1|swawsold|hiker|1223\n|player|p2|Vizen|101|1218\n|teamsize|p1|6\n|teamsize|p2|6\n|gen|9\n|tier|[Gen 9] OU\n|rated|\n|rule|Sleep Clause Mod: Limit one foe put to sleep\n|rule|Species Clause: Limit one of each Pok\u00e9mon\n|rule|OHKO Clause: OHKO moves are banned\n|rule|Evasion Items Clause: Evasion items are banned\n|rule|Evasion Moves Clause: Evasion moves are banned\n|rule|Endless Battle Clause: Forcing endless battles is banned\n|rule|HP Percentage Mod: HP is shown in percentages\n|clearpoke\n|poke|p1|Kingambit, M|\n|poke|p1|Sneasler, F|\n|poke|p1|Rillaboom, F|\n|poke|p1|Milotic, M|\n|poke|p1|Mandibuzz, F|\n|poke|p1|Ting-Lu|\n|poke|p2|Ogerpon-Wellspring, F|\n|poke|p2|Okidogi, M|\n|poke|p2|Cinderace, M|\n|poke|p2|Corviknight, F|\n|poke|p2|Zapdos|\n|poke|p2|Ting-Lu|\n|teampreview\n|\n|t:|1700085770\n|start\n|switch|p1a: Milotic|Milotic, M|100\/100\n|switch|p2a: Cinderace|Cinderace, M|100\/100\n|turn|1\n|\n|t:|1700085779\n|move|p2a: Cinderace|U-turn|p1a: Milotic\n|-start|p2a: Cinderace|typechange|Bug|[from] ability: Libero\n|-damage|p1a: Milotic|65\/100\n|\n|t:|1700085804\n|switch|p2a: Zapdos|Zapdos|100\/100|[from] U-turn\n|move|p1a: Milotic|Scald|p2a: Zapdos\n|-damage|p2a: Zapdos|67\/100\n|\n|upkeep\n|turn|2\n|\n|t:|1700085815\n|move|p2a: Zapdos|U-turn|p1a: Milotic\n|-damage|p1a: Milotic|52\/100\n|\n|t:|1700085834\n|switch|p2a: Okidogi|Okidogi, M|100\/100|[from] U-turn\n|move|p1a: Milotic|Recover|p1a: Milotic\n|-heal|p1a: Milotic|100\/100\n|\n|upkeep\n|turn|3\n|\n|t:|1700085851\n|move|p2a: Okidogi|Knock Off|p1a: Milotic\n|-crit|p1a: Milotic\n|-damage|p1a: Milotic|63\/100\n|-status|p1a: Milotic|tox|[from] ability: Toxic Chain|[of] p2a: Okidogi\n|-enditem|p1a: Milotic|Heavy-Duty Boots|[from] move: Knock Off|[of] p2a: Okidogi\n|move|p1a: Milotic|Scald|p2a: Okidogi\n|-damage|p2a: Okidogi|78\/100\n|\n|-heal|p2a: Okidogi|84\/100|[from] item: Leftovers\n|-damage|p1a: Milotic|57\/100 tox|[from] psn\n|upkeep\n|turn|4\n|\n|t:|1700085873\n|switch|p1a: Ting-Lu|Ting-Lu|100\/100\n|-ability|p1a: Ting-Lu|Vessel of Ruin\n|move|p2a: Okidogi|Bulk Up|p2a: Okidogi\n|-boost|p2a: Okidogi|atk|1\n|-boost|p2a: Okidogi|def|1\n|\n|-heal|p2a: Okidogi|90\/100|[from] item: Leftovers\n|upkeep\n|turn|5\n|\n|t:|1700085888\n|-terastallize|p1a: Ting-Lu|Poison\n|move|p2a: Okidogi|Drain Punch|p1a: Ting-Lu\n|-resisted|p1a: Ting-Lu\n|-damage|p1a: Ting-Lu|86\/100\n|-heal|p2a: Okidogi|99\/100|[from] drain|[of] p1a: Ting-Lu\n|move|p1a: Ting-Lu|Spikes|p2a: Okidogi\n|-sidestart|p2: Vizen|Spikes\n|\n|-heal|p2a: Okidogi|100\/100|[from] item: Leftovers\n|-heal|p1a: Ting-Lu|93\/100|[from] item: Leftovers\n|upkeep\n|turn|6\n|\n|t:|1700085900\n|move|p2a: Okidogi|Knock Off|p1a: Ting-Lu\n|-damage|p1a: Ting-Lu|70\/100\n|-enditem|p1a: Ting-Lu|Leftovers|[from] move: Knock Off|[of] p2a: Okidogi\n|move|p1a: Ting-Lu|Spikes|p2a: Okidogi\n|-sidestart|p2: Vizen|Spikes\n|\n|upkeep\n|turn|7\n|\n|t:|1700085907\n|move|p2a: Okidogi|Bulk Up|p2a: Okidogi\n|-boost|p2a: Okidogi|atk|1\n|-boost|p2a: Okidogi|def|1\n|move|p1a: Ting-Lu|Spikes|p2a: Okidogi\n|-sidestart|p2: Vizen|Spikes\n|\n|upkeep\n|turn|8\n|\n|t:|1700085913\n|move|p2a: Okidogi|Ice Punch|p1a: Ting-Lu\n|-damage|p1a: Ting-Lu|46\/100\n|move|p1a: Ting-Lu|Whirlwind|p2a: Okidogi\n|drag|p2a: Corviknight|Corviknight, F|100\/100\n|-ability|p2a: Corviknight|Pressure\n|\n|upkeep\n|turn|9\n|\n|t:|1700085924\n|switch|p1a: Mandibuzz|Mandibuzz, F|100\/100\n|move|p2a: Corviknight|Iron Defense|p2a: Corviknight\n|-boost|p2a: Corviknight|def|2\n|\n|upkeep\n|turn|10\n|\n|t:|1700085931\n|move|p1a: Mandibuzz|Knock Off|p2a: Corviknight\n|-damage|p2a: Corviknight|93\/100\n|-damage|p1a: Mandibuzz|84\/100|[from] item: Rocky Helmet|[of] p2a: Corviknight\n|-enditem|p2a: Corviknight|Rocky Helmet|[from] move: Knock Off|[of] p1a: Mandibuzz\n|move|p2a: Corviknight|Iron Defense|p2a: Corviknight\n|-boost|p2a: Corviknight|def|2\n|\n|upkeep\n|turn|11\n|\n|t:|1700085941\n|switch|p1a: Ting-Lu|Ting-Lu, tera:Poison|46\/100\n|-ability|p1a: Ting-Lu|Vessel of Ruin\n|move|p2a: Corviknight|Iron Defense|p2a: Corviknight\n|-boost|p2a: Corviknight|def|2\n|\n|upkeep\n|turn|12\n|\n|t:|1700085951\n|move|p2a: Corviknight|Body Press|p1a: Ting-Lu\n|-resisted|p1a: Ting-Lu\n|-damage|p1a: Ting-Lu|16\/100\n|move|p1a: Ting-Lu|Whirlwind|p2a: Corviknight\n|drag|p2a: Ogerpon|Ogerpon-Wellspring, F|100\/100\n|-damage|p2a: Ogerpon|76\/100|[from] Spikes\n|\n|upkeep\n|turn|13\n|\n|t:|1700085962\n|switch|p1a: Mandibuzz|Mandibuzz, F|84\/100\n|move|p2a: Ogerpon|Power Whip|p1a: Mandibuzz\n|-resisted|p1a: Mandibuzz\n|-damage|p1a: Mandibuzz|63\/100\n|\n|upkeep\n|turn|14\n|\n|t:|1700085979\n|switch|p2a: Corviknight|Corviknight, F|93\/100\n|-ability|p2a: Corviknight|Pressure\n|move|p1a: Mandibuzz|Foul Play|p2a: Corviknight\n|-damage|p2a: Corviknight|77\/100\n|\n|upkeep\n|turn|15\n|\n|t:|1700085994\n|switch|p1a: Ting-Lu|Ting-Lu, tera:Poison|16\/100\n|-ability|p1a: Ting-Lu|Vessel of Ruin\n|move|p2a: Corviknight|Iron Defense|p2a: Corviknight\n|-boost|p2a: Corviknight|def|2\n|\n|upkeep\n|turn|16\n|\n|t:|1700086001\n|move|p2a: Corviknight|Body Press|p1a: Ting-Lu\n|-resisted|p1a: Ting-Lu\n|-damage|p1a: Ting-Lu|1\/100\n|move|p1a: Ting-Lu|Whirlwind|p2a: Corviknight\n|drag|p2a: Zapdos|Zapdos|67\/100\n|\n|upkeep\n|turn|17\n|\n|t:|1700086010\n|move|p2a: Zapdos|U-turn|p1a: Ting-Lu\n|-resisted|p1a: Ting-Lu\n|-damage|p1a: Ting-Lu|0 fnt\n|faint|p1a: Ting-Lu\n|\n|t:|1700086014\n|switch|p2a: Cinderace|Cinderace, M|100\/100|[from] U-turn\n|\n|upkeep\n|\n|t:|1700086022\n|switch|p1a: Mandibuzz|Mandibuzz, F|63\/100\n|turn|18\n|\n|t:|1700086027\n|move|p2a: Cinderace|Court Change|p2a: Cinderace\n|-start|p2a: Cinderace|typechange|Normal|[from] ability: Libero\n|-swapsideconditions\n|-activate|p2a: Cinderace|move: Court Change\n|move|p1a: Mandibuzz|Roost|p1a: Mandibuzz\n|-heal|p1a: Mandibuzz|100\/100\n|-singleturn|p1a: Mandibuzz|move: Roost\n|\n|upkeep\n|turn|19\n|\n|t:|1700086035\n|move|p2a: Cinderace|U-turn|p1a: Mandibuzz\n|-damage|p1a: Mandibuzz|88\/100\n|\n|t:|1700086038\n|switch|p2a: Corviknight|Corviknight, F|77\/100|[from] U-turn\n|-ability|p2a: Corviknight|Pressure\n|move|p1a: Mandibuzz|Defog|p2a: Corviknight\n|-unboost|p2a: Corviknight|evasion|1\n|-sideend|p1: swawsold|Spikes|[from] move: Defog|[of] p1a: Mandibuzz\n|\n|upkeep\n|turn|20\n|\n|t:|1700086047\n|switch|p1a: Milotic|Milotic, M|57\/100 tox\n|move|p2a: Corviknight|Iron Defense|p2a: Corviknight\n|-boost|p2a: Corviknight|def|2\n|\n|-damage|p1a: Milotic|51\/100 tox|[from] psn\n|upkeep\n|turn|21\n|\n|t:|1700086066\n|move|p1a: Milotic|Haze|p1a: Milotic\n|-clearallboost\n|move|p2a: Corviknight|Iron Defense|p2a: Corviknight\n|-boost|p2a: Corviknight|def|2\n|\n|-damage|p1a: Milotic|39\/100 tox|[from] psn\n|upkeep\n|turn|22\n|\n|t:|1700086074\n|move|p1a: Milotic|Recover|p1a: Milotic\n|-heal|p1a: Milotic|89\/100 tox\n|move|p2a: Corviknight|Body Press|p1a: Milotic\n|-damage|p1a: Milotic|34\/100 tox\n|\n|-damage|p1a: Milotic|16\/100 tox|[from] psn\n|upkeep\n|turn|23\n|\n|t:|1700086082\n|move|p1a: Milotic|Recover|p1a: Milotic\n|-heal|p1a: Milotic|66\/100 tox\n|move|p2a: Corviknight|Body Press|p1a: Milotic\n|-damage|p1a: Milotic|15\/100 tox\n|-start|p2a: Corviknight|Attract|[from] ability: Cute Charm|[of] p1a: Milotic\n|\n|-damage|p1a: Milotic|0 fnt|[from] psn\n|faint|p1a: Milotic\n|upkeep\n|-end|p2a: Corviknight|Attract|[silent]\n|inactive|Battle timer is ON: inactive players will automatically lose when time's up. (requested by Vizen)\n|\n|t:|1700086108\n|switch|p1a: Rillaboom|Rillaboom, F|100\/100\n|-fieldstart|move: Grassy Terrain|[from] ability: Grassy Surge|[of] p1a: Rillaboom\n|turn|24\n|\n|t:|1700086117\n|move|p1a: Rillaboom|U-turn|p2a: Corviknight\n|-resisted|p2a: Corviknight\n|-damage|p2a: Corviknight|75\/100\n|\n|t:|1700086120\n|switch|p1a: Sneasler|Sneasler, F|100\/100|[from] U-turn\n|-enditem|p1a: Sneasler|Grassy Seed\n|-boost|p1a: Sneasler|def|1|[from] item: Grassy Seed\n|move|p2a: Corviknight|Iron Defense|p2a: Corviknight\n|-boost|p2a: Corviknight|def|2\n|\n|upkeep\n|turn|25\n|\n|t:|1700086132\n|move|p1a: Sneasler|Swords Dance|p1a: Sneasler\n|-boost|p1a: Sneasler|atk|2\n|move|p2a: Corviknight|Roost|p2a: Corviknight\n|-heal|p2a: Corviknight|100\/100\n|-singleturn|p2a: Corviknight|move: Roost\n|\n|upkeep\n|turn|26\n|\n|t:|1700086140\n|move|p1a: Sneasler|Low Kick|p2a: Corviknight\n|-damage|p2a: Corviknight|82\/100\n|move|p2a: Corviknight|Iron Defense|p2a: Corviknight\n|-boost|p2a: Corviknight|def|2\n|\n|upkeep\n|turn|27\n|-message|swawsold forfeited.\n|\n|win|Vizen\n|raw|swawsold's rating: 1223 &rarr; <strong>1198<\/strong><br \/>(-25 for losing)\n|raw|Vizen's rating: 1218 &rarr; <strong>1243<\/strong><br \/>(+25 for winning)\n|l|\u2606swawsold\n","uploadtime":1700086150,"views":8,"p1id":"swawsold","p2id":"vizen","formatid":"gen9ou","rating":1198,"private":0,"password":""}