{"id":"gen9ou-1995013270","p1":"Cashamari3","p2":"PLAYB0I R0BBIE B","format":"[Gen 9] OU","log":"|j|\u2606Cashamari3\n|j|\u2606PLAYB0I R0BBIE B\n|t:|1700513372\n|gametype|singles\n|player|p1|Cashamari3|giovanni|1294\n|player|p2|PLAYB0I R0BBIE B|eusine|1295\n|teamsize|p1|6\n|teamsize|p2|6\n|gen|9\n|tier|[Gen 9] OU\n|rated|\n|rule|Sleep Clause Mod: Limit one foe put to sleep\n|rule|Species Clause: Limit one of each Pok\u00e9mon\n|rule|OHKO Clause: OHKO moves are banned\n|rule|Evasion Items Clause: Evasion items are banned\n|rule|Evasion Moves Clause: Evasion moves are banned\n|rule|Endless Battle Clause: Forcing endless battles is banned\n|rule|HP Percentage Mod: HP is shown in percentages\n|clearpoke\n|poke|p1|Venomoth, F|\n|poke|p1|Muk-Alola, F|\n|poke|p1|Electrode-Hisui|\n|poke|p1|Ceruledge, F|\n|poke|p1|Mamoswine, M|\n|poke|p1|Braviary-Hisui, M|\n|poke|p2|Meowscarada, F|\n|poke|p2|Heatran, F|\n|poke|p2|Thundurus-Therian, M|\n|poke|p2|Dragapult, F|\n|poke|p2|Great Tusk|\n|poke|p2|Azumarill, F|\n|teampreview\n|\n|t:|1700513410\n|start\n|switch|p1a: Electrode|Electrode-Hisui|100\/100\n|switch|p2a: SICKO MODE|Meowscarada, F|100\/100\n|turn|1\n|\n|t:|1700513425\n|move|p2a: SICKO MODE|U-turn|p1a: Electrode\n|-start|p2a: SICKO MODE|typechange|Bug|[from] ability: Protean\n|-supereffective|p1a: Electrode\n|-damage|p1a: Electrode|0 fnt\n|-damage|p2a: SICKO MODE|76\/100|[from] ability: Aftermath|[of] p1a: Electrode\n|faint|p1a: Electrode\n|inactive|Battle timer is ON: inactive players will automatically lose when time's up. (requested by PLAYB0I R0BBIE B)\n|\n|t:|1700513448\n|switch|p2a: ASTROTHUNDER|Thundurus-Therian, M|100\/100|[from] U-turn\n|\n|upkeep\n|\n|t:|1700513467\n|switch|p1a: Venomoth|Venomoth, F|100\/100\n|turn|2\n|\n|t:|1700513477\n|-terastallize|p2a: ASTROTHUNDER|Flying\n|move|p2a: ASTROTHUNDER|Tera Blast|p1a: Venomoth|[anim] Tera Blast Flying\n|-supereffective|p1a: Venomoth\n|-damage|p1a: Venomoth|0 fnt\n|faint|p1a: Venomoth\n|\n|upkeep\n|\n|t:|1700513488\n|switch|p1a: Mamoswine|Mamoswine, M|100\/100\n|turn|3\n|\n|t:|1700513494\n|switch|p2a: CAN'T SAY|Azumarill, F|100\/100\n|move|p1a: Mamoswine|Ice Shard|p2a: CAN'T SAY\n|-resisted|p2a: CAN'T SAY\n|-damage|p2a: CAN'T SAY|90\/100\n|\n|upkeep\n|turn|4\n|\n|t:|1700513497\n|move|p1a: Mamoswine|Earthquake|p2a: CAN'T SAY\n|-damage|p2a: CAN'T SAY|40\/100\n|move|p2a: CAN'T SAY|Liquidation|p1a: Mamoswine\n|-supereffective|p1a: Mamoswine\n|-damage|p1a: Mamoswine|4\/100\n|\n|-heal|p1a: Mamoswine|10\/100|[from] item: Leftovers\n|upkeep\n|turn|5\n|\n|t:|1700513507\n|move|p2a: CAN'T SAY|Aqua Jet|p1a: Mamoswine\n|-supereffective|p1a: Mamoswine\n|-damage|p1a: Mamoswine|0 fnt\n|faint|p1a: Mamoswine\n|\n|upkeep\n|\n|t:|1700513514\n|switch|p1a: Braviary|Braviary-Hisui, M|100\/100\n|turn|6\n|\n|t:|1700513526\n|move|p1a: Braviary|Agility|p1a: Braviary\n|-boost|p1a: Braviary|spe|2\n|move|p2a: CAN'T SAY|Ice Spinner|p1a: Braviary\n|-supereffective|p1a: Braviary\n|-damage|p1a: Braviary|17\/100\n|\n|upkeep\n|turn|7\n|\n|t:|1700513535\n|move|p2a: CAN'T SAY|Aqua Jet|p1a: Braviary\n|-damage|p1a: Braviary|0 fnt\n|faint|p1a: Braviary\n|\n|upkeep\n|-message|Cashamari3 forfeited.\n|\n|win|PLAYB0I R0BBIE B\n|raw|Cashamari3's rating: 1294 &rarr; <strong>1269<\/strong><br \/>(-25 for losing)\n|raw|PLAYB0I R0BBIE B's rating: 1295 &rarr; <strong>1320<\/strong><br \/>(+25 for winning)\n|l|\u2606Cashamari3\n","uploadtime":1700513547,"views":15,"p1id":"cashamari3","p2id":"playb0ir0bbieb","formatid":"gen9ou","rating":1269,"private":0,"password":""}