{"id":"gen9ou-1988714587","p1":"LizardoDracoX","p2":"swampass911","format":"[Gen 9] OU","log":"|j|\u2606LizardoDracoX\n|j|\u2606swampass911\n|t:|1699753977\n|gametype|singles\n|player|p1|LizardoDracoX|red|1594\n|player|p2|swampass911|swimmerf|1629\n|teamsize|p1|6\n|teamsize|p2|6\n|gen|9\n|tier|[Gen 9] OU\n|rated|\n|rule|Sleep Clause Mod: Limit one foe put to sleep\n|rule|Species Clause: Limit one of each Pok\u00e9mon\n|rule|OHKO Clause: OHKO moves are banned\n|rule|Evasion Items Clause: Evasion items are banned\n|rule|Evasion Moves Clause: Evasion moves are banned\n|rule|Endless Battle Clause: Forcing endless battles is banned\n|rule|HP Percentage Mod: HP is shown in percentages\n|clearpoke\n|poke|p1|Scovillain, M|\n|poke|p1|Walking Wake|\n|poke|p1|Great Tusk|\n|poke|p1|Torkoal, M|\n|poke|p1|Fezandipiti, M|\n|poke|p1|Hoopa-Unbound|\n|poke|p2|Clefable, M|\n|poke|p2|Dragapult, F|\n|poke|p2|Mandibuzz, F|\n|poke|p2|Milotic, F|\n|poke|p2|Skeledirge, M|\n|poke|p2|Gliscor, M|\n|teampreview\n|inactive|Battle timer is ON: inactive players will automatically lose when time's up. (requested by swampass911)\n|\n|t:|1699753990\n|start\n|switch|p1a: Hoopa|Hoopa-Unbound|100\/100\n|switch|p2a: Dragapult|Dragapult, F|100\/100\n|turn|1\n|\n|t:|1699754001\n|switch|p1a: Torkoal|Torkoal, M, shiny|100\/100\n|-weather|SunnyDay|[from] ability: Drought|[of] p1a: Torkoal\n|move|p2a: Dragapult|U-turn|p1a: Torkoal\n|-resisted|p1a: Torkoal\n|-damage|p1a: Torkoal|94\/100\n|\n|t:|1699754014\n|switch|p2a: Gliscor|Gliscor, M|100\/100|[from] U-turn\n|\n|-weather|SunnyDay|[upkeep]\n|-status|p2a: Gliscor|tox|[from] item: Toxic Orb\n|upkeep\n|turn|2\n|\n|t:|1699754024\n|switch|p1a: Walking Wake|Walking Wake|100\/100\n|-activate|p1a: Walking Wake|ability: Protosynthesis\n|-start|p1a: Walking Wake|protosynthesisspe\n|move|p2a: Gliscor|Toxic|p1a: Walking Wake|[miss]\n|-miss|p2a: Gliscor|p1a: Walking Wake\n|\n|-weather|SunnyDay|[upkeep]\n|upkeep\n|turn|3\n|\n|t:|1699754029\n|move|p2a: Gliscor|Protect|p2a: Gliscor\n|-singleturn|p2a: Gliscor|Protect\n|move|p1a: Walking Wake|Hydro Steam|p2a: Gliscor\n|-activate|p2a: Gliscor|move: Protect\n|\n|-weather|SunnyDay|[upkeep]\n|upkeep\n|turn|4\n|\n|t:|1699754035\n|-end|p1a: Walking Wake|Protosynthesis|[silent]\n|switch|p1a: Scovillain|Scovillain, M|100\/100\n|switch|p2a: Milotic|Milotic, F|100\/100\n|\n|-weather|SunnyDay|[upkeep]\n|upkeep\n|turn|5\n|\n|t:|1699754042\n|switch|p1a: Hoopa|Hoopa-Unbound|100\/100\n|switch|p2a: Skeledirge|Skeledirge, M|100\/100\n|\n|-weather|SunnyDay|[upkeep]\n|upkeep\n|turn|6\n|\n|t:|1699754049\n|-terastallize|p2a: Skeledirge|Water\n|move|p1a: Hoopa|Hyperspace Fury|p2a: Skeledirge\n|-damage|p2a: Skeledirge|33\/100\n|-unboost|p1a: Hoopa|def|1\n|move|p2a: Skeledirge|Will-O-Wisp|p1a: Hoopa\n|-status|p1a: Hoopa|brn\n|\n|-weather|SunnyDay|[upkeep]\n|-damage|p1a: Hoopa|95\/100 brn|[from] brn\n|upkeep\n|turn|7\n|\n|t:|1699754062\n|switch|p2a: Mandibuzz|Mandibuzz, F|100\/100\n|move|p1a: Hoopa|Hyperspace Fury|p2a: Mandibuzz\n|-resisted|p2a: Mandibuzz\n|-damage|p2a: Mandibuzz|87\/100\n|-unboost|p1a: Hoopa|def|1\n|\n|-weather|SunnyDay|[upkeep]\n|-damage|p1a: Hoopa|89\/100 brn|[from] brn\n|upkeep\n|turn|8\n|\n|t:|1699754068\n|switch|p1a: Fezandipiti|Fezandipiti, M|100\/100\n|move|p2a: Mandibuzz|Knock Off|p1a: Fezandipiti\n|-resisted|p1a: Fezandipiti\n|-damage|p1a: Fezandipiti|89\/100\n|-enditem|p1a: Fezandipiti|Heavy-Duty Boots|[from] move: Knock Off|[of] p2a: Mandibuzz\n|\n|-weather|none\n|upkeep\n|turn|9\n|\n|t:|1699754076\n|switch|p2a: Gliscor|Gliscor, M|100\/100 tox\n|move|p1a: Fezandipiti|Calm Mind|p1a: Fezandipiti\n|-boost|p1a: Fezandipiti|spa|1\n|-boost|p1a: Fezandipiti|spd|1\n|\n|upkeep\n|turn|10\n|\n|t:|1699754084\n|-terastallize|p1a: Fezandipiti|Water\n|move|p1a: Fezandipiti|Taunt|p2a: Gliscor\n|-start|p2a: Gliscor|move: Taunt\n|move|p2a: Gliscor|Earthquake|p1a: Fezandipiti\n|-damage|p1a: Fezandipiti|60\/100\n|\n|upkeep\n|turn|11\n|\n|t:|1699754088\n|move|p1a: Fezandipiti|Calm Mind|p1a: Fezandipiti\n|-boost|p1a: Fezandipiti|spa|1\n|-boost|p1a: Fezandipiti|spd|1\n|move|p2a: Gliscor|Earthquake|p1a: Fezandipiti\n|-damage|p1a: Fezandipiti|29\/100\n|\n|upkeep\n|turn|12\n|\n|t:|1699754091\n|move|p1a: Fezandipiti|Roost|p1a: Fezandipiti\n|-heal|p1a: Fezandipiti|79\/100\n|move|p2a: Gliscor|Earthquake|p1a: Fezandipiti\n|-damage|p1a: Fezandipiti|47\/100\n|\n|-end|p2a: Gliscor|move: Taunt\n|upkeep\n|turn|13\n|\n|t:|1699754099\n|switch|p2a: Milotic|Milotic, F|100\/100\n|move|p1a: Fezandipiti|Taunt|p2a: Milotic\n|-start|p2a: Milotic|move: Taunt\n|\n|upkeep\n|turn|14\n|\n|t:|1699754104\n|move|p1a: Fezandipiti|Roost|p1a: Fezandipiti\n|-heal|p1a: Fezandipiti|97\/100\n|move|p2a: Milotic|Mirror Coat||[still]\n|-fail|p2a: Milotic\n|\n|upkeep\n|turn|15\n|\n|t:|1699754107\n|move|p1a: Fezandipiti|Calm Mind|p1a: Fezandipiti\n|-boost|p1a: Fezandipiti|spa|1\n|-boost|p1a: Fezandipiti|spd|1\n|move|p2a: Milotic|Scald|p1a: Fezandipiti\n|-resisted|p1a: Fezandipiti\n|-damage|p1a: Fezandipiti|93\/100\n|-status|p1a: Fezandipiti|brn\n|\n|-damage|p1a: Fezandipiti|87\/100 brn|[from] brn\n|-end|p2a: Milotic|move: Taunt\n|upkeep\n|turn|16\n|\n|t:|1699754114\n|switch|p2a: Skeledirge|Skeledirge, M, tera:Water|33\/100\n|move|p1a: Fezandipiti|Taunt|p2a: Skeledirge\n|-start|p2a: Skeledirge|move: Taunt\n|\n|-damage|p1a: Fezandipiti|81\/100 brn|[from] brn\n|upkeep\n|turn|17\n|\n|t:|1699754122\n|move|p1a: Fezandipiti|Moonblast|p2a: Skeledirge\n|-damage|p2a: Skeledirge|13\/100\n|-status|p2a: Skeledirge|tox|[from] ability: Toxic Chain|[of] p1a: Fezandipiti\n|move|p2a: Skeledirge|Hex|p1a: Fezandipiti\n|-damage|p1a: Fezandipiti|42\/100 brn\n|\n|-damage|p2a: Skeledirge|7\/100 tox|[from] psn\n|-damage|p1a: Fezandipiti|36\/100 brn|[from] brn\n|upkeep\n|turn|18\n|\n|t:|1699754132\n|move|p1a: Fezandipiti|Roost|p1a: Fezandipiti\n|-heal|p1a: Fezandipiti|86\/100 brn\n|move|p2a: Skeledirge|Hex|p1a: Fezandipiti\n|-damage|p1a: Fezandipiti|51\/100 brn\n|\n|-damage|p2a: Skeledirge|0 fnt|[from] psn\n|faint|p2a: Skeledirge\n|-damage|p1a: Fezandipiti|45\/100 brn|[from] brn\n|upkeep\n|inactive|swampass911 has 120 seconds left.\n|\n|t:|1699754187\n|switch|p2a: Gliscor|Gliscor, M|100\/100 tox\n|turn|19\n|\n|t:|1699754194\n|move|p1a: Fezandipiti|Roost|p1a: Fezandipiti\n|-heal|p1a: Fezandipiti|95\/100 brn\n|move|p2a: Gliscor|Earthquake|p1a: Fezandipiti\n|-damage|p1a: Fezandipiti|64\/100 brn\n|\n|-damage|p1a: Fezandipiti|58\/100 brn|[from] brn\n|upkeep\n|turn|20\n|\n|t:|1699754200\n|move|p1a: Fezandipiti|Moonblast|p2a: Gliscor\n|-damage|p2a: Gliscor|40\/100 tox\n|-unboost|p2a: Gliscor|spa|1\n|move|p2a: Gliscor|Earthquake|p1a: Fezandipiti\n|-damage|p1a: Fezandipiti|26\/100 brn\n|\n|-heal|p2a: Gliscor|52\/100 tox|[from] ability: Poison Heal\n|-damage|p1a: Fezandipiti|19\/100 brn|[from] brn\n|upkeep\n|turn|21\n|\n|t:|1699754205\n|move|p1a: Fezandipiti|Roost|p1a: Fezandipiti\n|-heal|p1a: Fezandipiti|70\/100 brn\n|move|p2a: Gliscor|Earthquake|p1a: Fezandipiti\n|-damage|p1a: Fezandipiti|40\/100 brn\n|\n|-heal|p2a: Gliscor|65\/100 tox|[from] ability: Poison Heal\n|-damage|p1a: Fezandipiti|34\/100 brn|[from] brn\n|upkeep\n|turn|22\n|\n|t:|1699754210\n|move|p2a: Gliscor|Protect|p2a: Gliscor\n|-singleturn|p2a: Gliscor|Protect\n|move|p1a: Fezandipiti|Roost|p1a: Fezandipiti\n|-heal|p1a: Fezandipiti|84\/100 brn\n|\n|-heal|p2a: Gliscor|77\/100 tox|[from] ability: Poison Heal\n|-damage|p1a: Fezandipiti|78\/100 brn|[from] brn\n|upkeep\n|turn|23\n|\n|t:|1699754213\n|move|p1a: Fezandipiti|Moonblast|p2a: Gliscor\n|-damage|p2a: Gliscor|17\/100 tox\n|-unboost|p2a: Gliscor|spa|1\n|move|p2a: Gliscor|Earthquake|p1a: Fezandipiti\n|-damage|p1a: Fezandipiti|46\/100 brn\n|\n|-heal|p2a: Gliscor|29\/100 tox|[from] ability: Poison Heal\n|-damage|p1a: Fezandipiti|40\/100 brn|[from] brn\n|upkeep\n|turn|24\n|\n|t:|1699754216\n|move|p2a: Gliscor|Protect|p2a: Gliscor\n|-singleturn|p2a: Gliscor|Protect\n|move|p1a: Fezandipiti|Moonblast|p2a: Gliscor\n|-activate|p2a: Gliscor|move: Protect\n|\n|-heal|p2a: Gliscor|42\/100 tox|[from] ability: Poison Heal\n|-damage|p1a: Fezandipiti|34\/100 brn|[from] brn\n|upkeep\n|turn|25\n|\n|t:|1699754221\n|switch|p2a: Milotic|Milotic, F|100\/100\n|move|p1a: Fezandipiti|Moonblast|p2a: Milotic\n|-damage|p2a: Milotic|62\/100\n|-unboost|p2a: Milotic|spa|1\n|-status|p2a: Milotic|tox|[from] ability: Toxic Chain|[of] p1a: Fezandipiti\n|\n|-damage|p2a: Milotic|56\/100 tox|[from] psn\n|-damage|p1a: Fezandipiti|28\/100 brn|[from] brn\n|upkeep\n|turn|26\n|\n|t:|1699754228\n|move|p1a: Fezandipiti|Taunt|p2a: Milotic\n|-start|p2a: Milotic|move: Taunt\n|move|p2a: Milotic|Mirror Coat||[still]\n|-fail|p2a: Milotic\n|\n|-damage|p2a: Milotic|44\/100 tox|[from] psn\n|-damage|p1a: Fezandipiti|22\/100 brn|[from] brn\n|upkeep\n|turn|27\n|\n|t:|1699754232\n|move|p1a: Fezandipiti|Roost|p1a: Fezandipiti\n|-heal|p1a: Fezandipiti|72\/100 brn\n|move|p2a: Milotic|Mirror Coat||[still]\n|-fail|p2a: Milotic\n|\n|-damage|p2a: Milotic|26\/100 tox|[from] psn\n|-damage|p1a: Fezandipiti|66\/100 brn|[from] brn\n|upkeep\n|turn|28\n|\n|t:|1699754237\n|move|p1a: Fezandipiti|Calm Mind|p1a: Fezandipiti\n|-boost|p1a: Fezandipiti|spa|1\n|-boost|p1a: Fezandipiti|spd|1\n|move|p2a: Milotic|Mirror Coat||[still]\n|-fail|p2a: Milotic\n|\n|-damage|p2a: Milotic|1\/100 tox|[from] psn\n|-damage|p1a: Fezandipiti|60\/100 brn|[from] brn\n|-end|p2a: Milotic|move: Taunt\n|upkeep\n|turn|29\n|\n|t:|1699754246\n|move|p1a: Fezandipiti|Moonblast|p2a: Milotic\n|-damage|p2a: Milotic|0 fnt\n|faint|p2a: Milotic\n|\n|-damage|p1a: Fezandipiti|54\/100 brn|[from] brn\n|upkeep\n|-message|swampass911 forfeited.\n|\n|win|LizardoDracoX\n|raw|LizardoDracoX's rating: 1594 &rarr; <strong>1616<\/strong><br \/>(+22 for winning)\n|raw|swampass911's rating: 1629 &rarr; <strong>1607<\/strong><br \/>(-22 for losing)\n|l|\u2606swampass911\n","uploadtime":1699754256,"views":8,"p1id":"lizardodracox","p2id":"swampass911","formatid":"gen9ou","rating":1607,"private":0,"password":""}