{"id":"gen9ou-1989393044","p1":"sorrow132","p2":"gock glocker","format":"[Gen 9] OU","log":"|j|\u2606sorrow132\n|j|\u2606gock glocker\n|t:|1699844520\n|gametype|singles\n|player|p1|sorrow132|102|1667\n|player|p2|gock glocker|acerola-masters|1696\n|teamsize|p1|6\n|teamsize|p2|6\n|gen|9\n|tier|[Gen 9] OU\n|rated|\n|rule|Sleep Clause Mod: Limit one foe put to sleep\n|rule|Species Clause: Limit one of each Pok\u00e9mon\n|rule|OHKO Clause: OHKO moves are banned\n|rule|Evasion Items Clause: Evasion items are banned\n|rule|Evasion Moves Clause: Evasion moves are banned\n|rule|Endless Battle Clause: Forcing endless battles is banned\n|rule|HP Percentage Mod: HP is shown in percentages\n|clearpoke\n|poke|p1|Weezing-Galar, F|\n|poke|p1|Dondozo, F|\n|poke|p1|Wo-Chien|\n|poke|p1|Clefable, F|\n|poke|p1|Moltres|\n|poke|p1|Clodsire, M|\n|poke|p2|Landorus-Therian, M|\n|poke|p2|Kingambit, M|\n|poke|p2|Ogerpon-Wellspring, F|\n|poke|p2|Glimmora, F|\n|poke|p2|Dragapult, M|\n|poke|p2|Zapdos|\n|teampreview\n|inactive|Battle timer is ON: inactive players will automatically lose when time's up. (requested by gock glocker)\n|\n|t:|1699844529\n|start\n|switch|p1a: Moltres|Moltres|100\/100\n|switch|p2a: Glimmora|Glimmora, F|100\/100\n|turn|1\n|\n|t:|1699844539\n|switch|p1a: Clodsire|Clodsire, M, shiny|100\/100\n|move|p2a: Glimmora|Stealth Rock|p1a: Clodsire\n|-sidestart|p1: sorrow132|move: Stealth Rock\n|\n|upkeep\n|turn|2\n|\n|t:|1699844547\n|switch|p2a: Landorus|Landorus-Therian, M|100\/100\n|-ability|p2a: Landorus|Intimidate|boost\n|-unboost|p1a: Clodsire|atk|1\n|move|p1a: Clodsire|Earthquake|p2a: Landorus\n|-immune|p2a: Landorus\n|\n|upkeep\n|turn|3\n|\n|t:|1699844556\n|switch|p1a: Moltres|Moltres|100\/100\n|move|p2a: Landorus|Substitute|p2a: Landorus\n|-start|p2a: Landorus|Substitute\n|-damage|p2a: Landorus|76\/100\n|\n|-heal|p2a: Landorus|82\/100|[from] item: Leftovers\n|upkeep\n|turn|4\n|\n|t:|1699844569\n|move|p2a: Landorus|Bulk Up|p2a: Landorus\n|-boost|p2a: Landorus|atk|1\n|-boost|p2a: Landorus|def|1\n|move|p1a: Moltres|Flamethrower|p2a: Landorus\n|-end|p2a: Landorus|Substitute\n|\n|-heal|p2a: Landorus|88\/100|[from] item: Leftovers\n|upkeep\n|turn|5\n|\n|t:|1699844581\n|switch|p2a: Dragapult|Dragapult, M|100\/100\n|move|p1a: Moltres|Will-O-Wisp|p2a: Dragapult\n|-status|p2a: Dragapult|brn\n|\n|-damage|p2a: Dragapult|95\/100 brn|[from] brn\n|upkeep\n|turn|6\n|\n|t:|1699844591\n|switch|p1a: Clefable|Clefable, F, shiny|100\/100\n|move|p2a: Dragapult|Draco Meteor|p1a: Clefable\n|-immune|p1a: Clefable\n|\n|-damage|p2a: Dragapult|89\/100 brn|[from] brn\n|upkeep\n|turn|7\n|\n|t:|1699844596\n|switch|p2a: Zapdos|Zapdos|100\/100\n|move|p1a: Clefable|Stealth Rock|p2a: Zapdos\n|-sidestart|p2: gock glocker|move: Stealth Rock\n|\n|upkeep\n|turn|8\n|\n|t:|1699844598\n|move|p2a: Zapdos|Hurricane|p1a: Clefable|[miss]\n|-miss|p2a: Zapdos|p1a: Clefable\n|move|p1a: Clefable|Knock Off|p2a: Zapdos\n|-damage|p2a: Zapdos|82\/100\n|-status|p1a: Clefable|par|[from] ability: Static|[of] p2a: Zapdos\n|-enditem|p2a: Zapdos|Heavy-Duty Boots|[from] move: Knock Off|[of] p1a: Clefable\n|\n|upkeep\n|turn|9\n|\n|t:|1699844607\n|move|p2a: Zapdos|Volt Switch|p1a: Clefable\n|-crit|p1a: Clefable\n|-damage|p1a: Clefable|64\/100 par\n|\n|t:|1699844609\n|switch|p2a: Glimmora|Glimmora, F|100\/100|[from] Volt Switch\n|-damage|p2a: Glimmora|88\/100|[from] Stealth Rock\n|move|p1a: Clefable|Knock Off|p2a: Glimmora\n|-damage|p2a: Glimmora|70\/100\n|-activate|p2a: Glimmora|ability: Toxic Debris\n|-sidestart|p1: sorrow132|move: Toxic Spikes\n|-enditem|p2a: Glimmora|Focus Sash|[from] move: Knock Off|[of] p1a: Clefable\n|\n|-heal|p1a: Clefable|70\/100 par|[from] item: Leftovers\n|upkeep\n|turn|10\n|\n|t:|1699844625\n|switch|p1a: Clodsire|Clodsire, M, shiny|100\/100\n|-damage|p1a: Clodsire|94\/100|[from] Stealth Rock\n|-sideend|p1: sorrow132|move: Toxic Spikes|[of] p1a: Clodsire\n|move|p2a: Glimmora|Mortal Spin|p1a: Clodsire\n|-resisted|p1a: Clodsire\n|-crit|p1a: Clodsire\n|-damage|p1a: Clodsire|92\/100\n|-sideend|p2: gock glocker|Stealth Rock|[from] move: Mortal Spin|[of] p2a: Glimmora\n|\n|-heal|p1a: Clodsire|98\/100|[from] item: Leftovers\n|upkeep\n|turn|11\n|\n|t:|1699844633\n|switch|p2a: Dragapult|Dragapult, M|89\/100 brn\n|move|p1a: Clodsire|Spikes|p2a: Dragapult\n|-sidestart|p2: gock glocker|Spikes\n|\n|-heal|p1a: Clodsire|100\/100|[from] item: Leftovers\n|-damage|p2a: Dragapult|83\/100 brn|[from] brn\n|upkeep\n|turn|12\n|\n|t:|1699844639\n|switch|p1a: Clefable|Clefable, F, shiny|70\/100 par\n|move|p2a: Dragapult|U-turn|p1a: Clefable\n|-resisted|p1a: Clefable\n|-damage|p1a: Clefable|65\/100 par\n|\n|t:|1699844641\n|switch|p2a: Glimmora|Glimmora, F|70\/100|[from] U-turn\n|-damage|p2a: Glimmora|58\/100|[from] Spikes\n|\n|-heal|p1a: Clefable|71\/100 par|[from] item: Leftovers\n|upkeep\n|turn|13\n|\n|t:|1699844651\n|switch|p1a: Clodsire|Clodsire, M, shiny|100\/100\n|-damage|p1a: Clodsire|94\/100|[from] Stealth Rock\n|move|p2a: Glimmora|Mortal Spin|p1a: Clodsire\n|-resisted|p1a: Clodsire\n|-damage|p1a: Clodsire|93\/100\n|-sideend|p2: gock glocker|Spikes|[from] move: Mortal Spin|[of] p2a: Glimmora\n|\n|-heal|p1a: Clodsire|99\/100|[from] item: Leftovers\n|upkeep\n|turn|14\n|\n|t:|1699844661\n|move|p2a: Glimmora|Earth Power|p1a: Clodsire\n|-supereffective|p1a: Clodsire\n|-damage|p1a: Clodsire|66\/100\n|move|p1a: Clodsire|Poison Jab|p2a: Glimmora\n|-resisted|p2a: Glimmora\n|-damage|p2a: Glimmora|51\/100\n|-activate|p2a: Glimmora|ability: Toxic Debris\n|-sidestart|p1: sorrow132|move: Toxic Spikes\n|\n|-heal|p1a: Clodsire|72\/100|[from] item: Leftovers\n|upkeep\n|turn|15\n|\n|t:|1699844666\n|move|p2a: Glimmora|Earth Power|p1a: Clodsire\n|-supereffective|p1a: Clodsire\n|-crit|p1a: Clodsire\n|-damage|p1a: Clodsire|22\/100\n|move|p1a: Clodsire|Recover|p1a: Clodsire\n|-heal|p1a: Clodsire|72\/100\n|\n|-heal|p1a: Clodsire|78\/100|[from] item: Leftovers\n|upkeep\n|turn|16\n|\n|t:|1699844670\n|switch|p2a: Kingambit|Kingambit, M|100\/100\n|move|p1a: Clodsire|Earthquake|p2a: Kingambit\n|-supereffective|p2a: Kingambit\n|-damage|p2a: Kingambit|62\/100\n|\n|-heal|p2a: Kingambit|69\/100|[from] item: Leftovers\n|-heal|p1a: Clodsire|85\/100|[from] item: Leftovers\n|upkeep\n|turn|17\n|\n|t:|1699844677\n|switch|p1a: Moltres|Moltres|100\/100\n|move|p2a: Kingambit|Kowtow Cleave|p1a: Moltres\n|-damage|p1a: Moltres|69\/100\n|\n|-heal|p2a: Kingambit|75\/100|[from] item: Leftovers\n|upkeep\n|turn|18\n|\n|t:|1699844683\n|-end|p2a: Kingambit|fallenundefined|[silent]\n|switch|p2a: Dragapult|Dragapult, M|83\/100 brn\n|move|p1a: Moltres|Will-O-Wisp|p2a: Dragapult\n|-fail|p2a: Dragapult|brn\n|\n|-damage|p2a: Dragapult|77\/100 brn|[from] brn\n|upkeep\n|turn|19\n|\n|t:|1699844690\n|switch|p1a: Clefable|Clefable, F, shiny|71\/100 par\n|move|p2a: Dragapult|Shadow Ball|p1a: Clefable\n|-damage|p1a: Clefable|33\/100 par\n|\n|-heal|p1a: Clefable|40\/100 par|[from] item: Leftovers\n|-damage|p2a: Dragapult|71\/100 brn|[from] brn\n|upkeep\n|turn|20\n|\n|t:|1699844698\n|switch|p2a: Glimmora|Glimmora, F|51\/100\n|move|p1a: Clefable|Moonlight|p1a: Clefable\n|-heal|p1a: Clefable|90\/100 par\n|\n|-heal|p1a: Clefable|96\/100 par|[from] item: Leftovers\n|upkeep\n|turn|21\n|\n|t:|1699844704\n|switch|p1a: Clodsire|Clodsire, M, shiny|85\/100\n|-damage|p1a: Clodsire|78\/100|[from] Stealth Rock\n|-sideend|p1: sorrow132|move: Toxic Spikes|[of] p1a: Clodsire\n|move|p2a: Glimmora|Earth Power|p1a: Clodsire\n|-supereffective|p1a: Clodsire\n|-damage|p1a: Clodsire|43\/100\n|-unboost|p1a: Clodsire|spd|1\n|\n|-heal|p1a: Clodsire|49\/100|[from] item: Leftovers\n|upkeep\n|turn|22\n|\n|t:|1699844725\n|switch|p2a: Dragapult|Dragapult, M|71\/100 brn\n|switch|p1a: Dondozo|Dondozo, F, shiny|100\/100\n|-damage|p1a: Dondozo|88\/100|[from] Stealth Rock\n|\n|-heal|p1a: Dondozo|94\/100|[from] item: Leftovers\n|-damage|p2a: Dragapult|65\/100 brn|[from] brn\n|upkeep\n|turn|23\n|j| ferragamo belt\n|\n|t:|1699844743\n|switch|p1a: Clefable|Clefable, F, shiny|96\/100 par\n|move|p2a: Dragapult|U-turn|p1a: Clefable\n|-resisted|p1a: Clefable\n|-damage|p1a: Clefable|91\/100 par\n|\n|t:|1699844746\n|switch|p2a: Kingambit|Kingambit, M|75\/100|[from] U-turn\n|\n|-heal|p2a: Kingambit|81\/100|[from] item: Leftovers\n|-heal|p1a: Clefable|97\/100 par|[from] item: Leftovers\n|upkeep\n|turn|24\n|\n|t:|1699844754\n|switch|p1a: Moltres|Moltres|69\/100\n|move|p2a: Kingambit|Kowtow Cleave|p1a: Moltres\n|-damage|p1a: Moltres|31\/100\n|\n|-heal|p2a: Kingambit|87\/100|[from] item: Leftovers\n|upkeep\n|turn|25\n|\n|t:|1699844760\n|-end|p2a: Kingambit|fallenundefined|[silent]\n|switch|p2a: Dragapult|Dragapult, M|65\/100 brn\n|move|p1a: Moltres|Roost|p1a: Moltres\n|-heal|p1a: Moltres|81\/100\n|-singleturn|p1a: Moltres|move: Roost\n|\n|-damage|p2a: Dragapult|59\/100 brn|[from] brn\n|upkeep\n|turn|26\n|\n|t:|1699844764\n|switch|p1a: Clefable|Clefable, F, shiny|97\/100 par\n|move|p2a: Dragapult|Draco Meteor|p1a: Clefable\n|-immune|p1a: Clefable\n|\n|-heal|p1a: Clefable|100\/100 par|[from] item: Leftovers\n|-damage|p2a: Dragapult|53\/100 brn|[from] brn\n|upkeep\n|turn|27\n|\n|t:|1699844771\n|switch|p2a: Glimmora|Glimmora, F|51\/100\n|move|p1a: Clefable|Moonblast|p2a: Glimmora\n|-resisted|p2a: Glimmora\n|-damage|p2a: Glimmora|31\/100\n|\n|upkeep\n|turn|28\n|\n|t:|1699844785\n|switch|p1a: Dondozo|Dondozo, F, shiny|94\/100\n|-damage|p1a: Dondozo|82\/100|[from] Stealth Rock\n|move|p2a: Glimmora|Earth Power|p1a: Dondozo\n|-damage|p1a: Dondozo|61\/100\n|\n|-heal|p1a: Dondozo|68\/100|[from] item: Leftovers\n|upkeep\n|turn|29\n|\n|t:|1699844793\n|move|p2a: Glimmora|Energy Ball|p1a: Dondozo\n|-supereffective|p1a: Dondozo\n|-damage|p1a: Dondozo|29\/100\n|-unboost|p1a: Dondozo|spd|1\n|move|p1a: Dondozo|Body Press|p2a: Glimmora\n|-damage|p2a: Glimmora|6\/100\n|-activate|p2a: Glimmora|ability: Toxic Debris\n|-sidestart|p1: sorrow132|move: Toxic Spikes\n|\n|-heal|p1a: Dondozo|35\/100|[from] item: Leftovers\n|upkeep\n|turn|30\n|\n|t:|1699844800\n|switch|p1a: Clefable|Clefable, F, shiny|100\/100 par\n|move|p2a: Glimmora|Mortal Spin|p1a: Clefable\n|-supereffective|p1a: Clefable\n|-damage|p1a: Clefable|88\/100 par\n|\n|-heal|p1a: Clefable|94\/100 par|[from] item: Leftovers\n|upkeep\n|turn|31\n|\n|t:|1699844805\n|move|p2a: Glimmora|Earth Power|p1a: Clefable\n|-damage|p1a: Clefable|74\/100 par\n|move|p1a: Clefable|Knock Off|p2a: Glimmora\n|-damage|p2a: Glimmora|0 fnt\n|-activate|p2a: Glimmora|ability: Toxic Debris\n|-sidestart|p1: sorrow132|move: Toxic Spikes\n|faint|p2a: Glimmora\n|\n|-heal|p1a: Clefable|80\/100 par|[from] item: Leftovers\n|upkeep\n|\n|t:|1699844819\n|switch|p2a: Zapdos|Zapdos|82\/100\n|turn|32\n|\n|t:|1699844823\n|move|p2a: Zapdos|Hurricane|p1a: Clefable\n|-damage|p1a: Clefable|41\/100 par\n|move|p1a: Clefable|Stealth Rock|p2a: Zapdos\n|-sidestart|p2: gock glocker|move: Stealth Rock\n|\n|-heal|p1a: Clefable|47\/100 par|[from] item: Leftovers\n|upkeep\n|turn|33\n|\n|t:|1699844827\n|move|p2a: Zapdos|Hurricane|p1a: Clefable\n|-damage|p1a: Clefable|8\/100 par\n|-start|p1a: Clefable|confusion\n|-activate|p1a: Clefable|confusion\n|-damage|p1a: Clefable|1\/100 par|[from] confusion\n|\n|-heal|p1a: Clefable|7\/100 par|[from] item: Leftovers\n|upkeep\n|turn|34\n|\n|t:|1699844831\n|move|p2a: Zapdos|Volt Switch|p1a: Clefable\n|-damage|p1a: Clefable|0 fnt\n|faint|p1a: Clefable\n|\n|t:|1699844839\n|switch|p2a: Dragapult|Dragapult, M|53\/100 brn|[from] Volt Switch\n|-damage|p2a: Dragapult|40\/100 brn|[from] Stealth Rock\n|\n|-damage|p2a: Dragapult|34\/100 brn|[from] brn\n|upkeep\n|\n|t:|1699844855\n|switch|p1a: Weezing|Weezing-Galar, F, shiny|100\/100\n|-ability|p1a: Weezing|Neutralizing Gas\n|-sideend|p1: sorrow132|move: Toxic Spikes|[of] p1a: Weezing\n|turn|35\n|\n|t:|1699844861\n|move|p2a: Dragapult|Shadow Ball|p1a: Weezing\n|-crit|p1a: Weezing\n|-damage|p1a: Weezing|0 fnt\n|faint|p1a: Weezing\n|-end|p1a: Weezing|ability: Neutralizing Gas\n|\n|-damage|p2a: Dragapult|28\/100 brn|[from] brn\n|upkeep\n|c|\u2606gock glocker|oh\n|j| renknock123\n|c|\u2606sorrow132|Dam\n|\n|t:|1699844877\n|switch|p1a: Clodsire|Clodsire, M, shiny|49\/100\n|-damage|p1a: Clodsire|43\/100|[from] Stealth Rock\n|turn|36\n|c|\u2606gock glocker|sorry\n|\n|t:|1699844890\n|switch|p2a: Kingambit|Kingambit, M|87\/100\n|-damage|p2a: Kingambit|81\/100|[from] Stealth Rock\n|-activate|p2a: Kingambit|ability: Supreme Overlord\n|-start|p2a: Kingambit|fallen1|[silent]\n|move|p1a: Clodsire|Recover|p1a: Clodsire\n|-heal|p1a: Clodsire|93\/100\n|\n|-heal|p2a: Kingambit|87\/100|[from] item: Leftovers\n|-heal|p1a: Clodsire|99\/100|[from] item: Leftovers\n|upkeep\n|turn|37\n|\n|t:|1699844895\n|switch|p1a: Moltres|Moltres|81\/100\n|move|p2a: Kingambit|Kowtow Cleave|p1a: Moltres\n|-damage|p1a: Moltres|42\/100\n|\n|-heal|p2a: Kingambit|94\/100|[from] item: Leftovers\n|upkeep\n|turn|38\n|\n|t:|1699844901\n|-end|p2a: Kingambit|fallen1|[silent]\n|switch|p2a: Dragapult|Dragapult, M|28\/100 brn\n|-damage|p2a: Dragapult|16\/100 brn|[from] Stealth Rock\n|move|p1a: Moltres|Roost|p1a: Moltres\n|-heal|p1a: Moltres|92\/100\n|-singleturn|p1a: Moltres|move: Roost\n|\n|-damage|p2a: Dragapult|10\/100 brn|[from] brn\n|upkeep\n|turn|39\n|\n|t:|1699844911\n|switch|p1a: Clodsire|Clodsire, M, shiny|99\/100\n|-damage|p1a: Clodsire|93\/100|[from] Stealth Rock\n|move|p2a: Dragapult|Draco Meteor|p1a: Clodsire\n|-damage|p1a: Clodsire|48\/100\n|-unboost|p2a: Dragapult|spa|2\n|\n|-heal|p1a: Clodsire|54\/100|[from] item: Leftovers\n|-damage|p2a: Dragapult|4\/100 brn|[from] brn\n|upkeep\n|turn|40\n|\n|t:|1699844917\n|move|p2a: Dragapult|Draco Meteor|p1a: Clodsire\n|-crit|p1a: Clodsire\n|-damage|p1a: Clodsire|0 fnt\n|-unboost|p2a: Dragapult|spa|2\n|faint|p1a: Clodsire\n|\n|-damage|p2a: Dragapult|0 fnt|[from] brn\n|faint|p2a: Dragapult\n|upkeep\n|c|\u2606gock glocker|im sorry man\n|j| DR NEFARIO MD\n|\n|t:|1699844929\n|switch|p2a: Ogerpon|Ogerpon-Wellspring, F|100\/100\n|switch|p1a: Wo-Chien|Wo-Chien|100\/100\n|-damage|p2a: Ogerpon|88\/100|[from] Stealth Rock\n|-damage|p1a: Wo-Chien|88\/100|[from] Stealth Rock\n|-ability|p1a: Wo-Chien|Tablets of Ruin\n|turn|41\n|c|\u2606sorrow132|Lmao its all good\n|c|\u2606sorrow132|It happens\n|\n|t:|1699844942\n|move|p2a: Ogerpon|U-turn|p1a: Wo-Chien\n|-supereffective|p1a: Wo-Chien\n|-damage|p1a: Wo-Chien|33\/100\n|\n|t:|1699844946\n|switch|p2a: Zapdos|Zapdos|82\/100|[from] U-turn\n|-damage|p2a: Zapdos|57\/100|[from] Stealth Rock\n|move|p1a: Wo-Chien|Giga Drain|p2a: Zapdos\n|-resisted|p2a: Zapdos\n|-damage|p2a: Zapdos|44\/100\n|-heal|p1a: Wo-Chien|38\/100|[from] drain|[of] p2a: Zapdos\n|\n|-heal|p1a: Wo-Chien|44\/100|[from] item: Leftovers\n|upkeep\n|turn|42\n|\n|t:|1699844952\n|move|p2a: Zapdos|Roost|p2a: Zapdos\n|-heal|p2a: Zapdos|94\/100\n|-singleturn|p2a: Zapdos|move: Roost\n|move|p1a: Wo-Chien|Leech Seed|p2a: Zapdos\n|-start|p2a: Zapdos|move: Leech Seed\n|\n|-heal|p1a: Wo-Chien|50\/100|[from] item: Leftovers\n|-damage|p2a: Zapdos|82\/100|[from] Leech Seed|[of] p1a: Wo-Chien\n|-heal|p1a: Wo-Chien|61\/100|[silent]\n|upkeep\n|turn|43\n|\n|t:|1699844957\n|move|p1a: Wo-Chien|Protect|p1a: Wo-Chien\n|-singleturn|p1a: Wo-Chien|Protect\n|move|p2a: Zapdos|Hurricane|p1a: Wo-Chien\n|-activate|p1a: Wo-Chien|move: Protect\n|\n|-heal|p1a: Wo-Chien|67\/100|[from] item: Leftovers\n|-damage|p2a: Zapdos|69\/100|[from] Leech Seed|[of] p1a: Wo-Chien\n|-heal|p1a: Wo-Chien|78\/100|[silent]\n|upkeep\n|turn|44\n|\n|t:|1699844965\n|move|p2a: Zapdos|Hurricane|p1a: Wo-Chien\n|-supereffective|p1a: Wo-Chien\n|-damage|p1a: Wo-Chien|0 fnt\n|faint|p1a: Wo-Chien\n|\n|upkeep\n|\n|t:|1699844967\n|switch|p1a: Dondozo|Dondozo, F, shiny|35\/100\n|-damage|p1a: Dondozo|23\/100|[from] Stealth Rock\n|turn|45\n|\n|t:|1699844971\n|-terastallize|p1a: Dondozo|Normal\n|move|p2a: Zapdos|Thunderbolt|p1a: Dondozo\n|-crit|p1a: Dondozo\n|-damage|p1a: Dondozo|0 fnt\n|faint|p1a: Dondozo\n|\n|upkeep\n|\n|t:|1699844975\n|switch|p1a: Moltres|Moltres|92\/100\n|turn|46\n|\n|t:|1699844979\n|-terastallize|p2a: Zapdos|Electric\n|move|p2a: Zapdos|Thunderbolt|p1a: Moltres\n|-supereffective|p1a: Moltres\n|-damage|p1a: Moltres|0 fnt\n|faint|p1a: Moltres\n|\n|win|gock glocker\n|raw|sorrow132's rating: 1667 &rarr; <strong>1649<\/strong><br \/>(-18 for losing)\n|raw|gock glocker's rating: 1696 &rarr; <strong>1714<\/strong><br \/>(+18 for winning)\n|c|\u2606gock glocker|gg\n|c|\u2606sorrow132|Gg\n","uploadtime":1699844986,"views":27,"p1id":"sorrow132","p2id":"gockglocker","formatid":"gen9ou","rating":1649,"private":0,"password":""}