{"id":"gen9ou-1994573742","p1":"OUFC Test1","p2":"Saimasseuh v10","format":"[Gen 9] OU","log":"|j|\u203dOUFC Test1\n|j|\u2606Saimasseuh v10\n|t:|1700462317\n|gametype|singles\n|player|p1|OUFC Test1|iono|1632\n|player|p2|Saimasseuh v10|170|1840\n|teamsize|p1|6\n|teamsize|p2|6\n|gen|9\n|tier|[Gen 9] OU\n|rated|\n|rule|Sleep Clause Mod: Limit one foe put to sleep\n|rule|Species Clause: Limit one of each Pok\u00e9mon\n|rule|OHKO Clause: OHKO moves are banned\n|rule|Evasion Items Clause: Evasion items are banned\n|rule|Evasion Moves Clause: Evasion moves are banned\n|rule|Endless Battle Clause: Forcing endless battles is banned\n|rule|HP Percentage Mod: HP is shown in percentages\n|clearpoke\n|poke|p1|Meowscarada, F|\n|poke|p1|Ogerpon, F|\n|poke|p1|Moltres|\n|poke|p1|Garganacl, M|\n|poke|p1|Samurott-Hisui, F|\n|poke|p1|Gholdengo|\n|poke|p2|Ting-Lu|\n|poke|p2|Iron Valiant|\n|poke|p2|Clodsire, M|\n|poke|p2|Dragonite, M|\n|poke|p2|Gholdengo|\n|poke|p2|Great Tusk|\n|teampreview\n|inactive|Battle timer is ON: inactive players will automatically lose when time's up. (requested by Saimasseuh v10)\n|\n|t:|1700462334\n|start\n|switch|p1a: Meowscarada|Meowscarada, F|100\/100\n|switch|p2a: Clodsire|Clodsire, M|100\/100\n|turn|1\n|\n|t:|1700462343\n|move|p1a: Meowscarada|Spikes|p2a: Clodsire\n|-sidestart|p2: Saimasseuh v10|Spikes\n|move|p2a: Clodsire|Poison Jab|p1a: Meowscarada\n|-supereffective|p1a: Meowscarada\n|-damage|p1a: Meowscarada|32\/100\n|\n|upkeep\n|turn|2\n|\n|t:|1700462348\n|switch|p1a: Garganacl|Garganacl, M|100\/100\n|move|p2a: Clodsire|Poison Jab|p1a: Garganacl\n|-resisted|p1a: Garganacl\n|-damage|p1a: Garganacl|95\/100\n|\n|-heal|p1a: Garganacl|100\/100|[from] item: Leftovers\n|upkeep\n|turn|3\n|\n|t:|1700462351\n|move|p1a: Garganacl|Salt Cure|p2a: Clodsire\n|-resisted|p2a: Clodsire\n|-damage|p2a: Clodsire|96\/100\n|-start|p2a: Clodsire|Salt Cure\n|move|p2a: Clodsire|Toxic Spikes|p1a: Garganacl\n|-sidestart|p1: OUFC Test1|move: Toxic Spikes\n|\n|-heal|p2a: Clodsire|100\/100|[from] item: Black Sludge\n|-damage|p2a: Clodsire|88\/100|[from] Salt Cure\n|upkeep\n|turn|4\n|\n|t:|1700462357\n|move|p1a: Garganacl|Earthquake|p2a: Clodsire\n|-supereffective|p2a: Clodsire\n|-damage|p2a: Clodsire|52\/100\n|move|p2a: Clodsire|Toxic Spikes|p1a: Garganacl\n|-sidestart|p1: OUFC Test1|move: Toxic Spikes\n|\n|-heal|p2a: Clodsire|58\/100|[from] item: Black Sludge\n|-damage|p2a: Clodsire|46\/100|[from] Salt Cure\n|upkeep\n|turn|5\n|\n|t:|1700462363\n|move|p1a: Garganacl|Salt Cure|p2a: Clodsire\n|-resisted|p2a: Clodsire\n|-damage|p2a: Clodsire|41\/100\n|move|p2a: Clodsire|Recover|p2a: Clodsire\n|-heal|p2a: Clodsire|91\/100\n|\n|-heal|p2a: Clodsire|97\/100|[from] item: Black Sludge\n|-damage|p2a: Clodsire|85\/100|[from] Salt Cure\n|upkeep\n|turn|6\n|\n|t:|1700462370\n|switch|p2a: Great Tusk|Great Tusk|100\/100\n|-damage|p2a: Great Tusk|88\/100|[from] Spikes\n|move|p1a: Garganacl|Curse|p1a: Garganacl\n|-unboost|p1a: Garganacl|spe|1\n|-boost|p1a: Garganacl|atk|1\n|-boost|p1a: Garganacl|def|1\n|\n|-heal|p2a: Great Tusk|94\/100|[from] item: Leftovers\n|upkeep\n|turn|7\n|\n|t:|1700462373\n|move|p2a: Great Tusk|Knock Off|p1a: Garganacl\n|-damage|p1a: Garganacl|90\/100\n|-enditem|p1a: Garganacl|Leftovers|[from] move: Knock Off|[of] p2a: Great Tusk\n|move|p1a: Garganacl|Salt Cure|p2a: Great Tusk\n|-resisted|p2a: Great Tusk\n|-damage|p2a: Great Tusk|92\/100\n|-start|p2a: Great Tusk|Salt Cure\n|\n|-heal|p2a: Great Tusk|98\/100|[from] item: Leftovers\n|-damage|p2a: Great Tusk|86\/100|[from] Salt Cure\n|upkeep\n|turn|8\n|\n|t:|1700462385\n|-end|p2a: Great Tusk|Protosynthesis|[silent]\n|switch|p2a: Ting-Lu|Ting-Lu|100\/100\n|-damage|p2a: Ting-Lu|88\/100|[from] Spikes\n|-ability|p2a: Ting-Lu|Vessel of Ruin\n|move|p1a: Garganacl|Curse|p1a: Garganacl\n|-unboost|p1a: Garganacl|spe|1\n|-boost|p1a: Garganacl|atk|1\n|-boost|p1a: Garganacl|def|1\n|\n|-heal|p2a: Ting-Lu|94\/100|[from] item: Leftovers\n|upkeep\n|turn|9\n|\n|t:|1700462388\n|move|p2a: Ting-Lu|Stealth Rock|p1a: Garganacl\n|-sidestart|p1: OUFC Test1|move: Stealth Rock\n|move|p1a: Garganacl|Salt Cure|p2a: Ting-Lu\n|-resisted|p2a: Ting-Lu\n|-damage|p2a: Ting-Lu|86\/100\n|-start|p2a: Ting-Lu|Salt Cure\n|\n|-heal|p2a: Ting-Lu|92\/100|[from] item: Leftovers\n|-damage|p2a: Ting-Lu|80\/100|[from] Salt Cure\n|upkeep\n|turn|10\n|\n|t:|1700462393\n|move|p2a: Ting-Lu|Spikes|p1a: Garganacl\n|-sidestart|p1: OUFC Test1|Spikes\n|move|p1a: Garganacl|Earthquake|p2a: Ting-Lu\n|-damage|p2a: Ting-Lu|53\/100\n|\n|-heal|p2a: Ting-Lu|59\/100|[from] item: Leftovers\n|-damage|p2a: Ting-Lu|47\/100|[from] Salt Cure\n|upkeep\n|turn|11\n|\n|t:|1700462401\n|switch|p2a: Dragonite|Dragonite, M|100\/100\n|move|p1a: Garganacl|Earthquake|p2a: Dragonite\n|-immune|p2a: Dragonite\n|\n|upkeep\n|turn|12\n|\n|t:|1700462420\n|switch|p2a: Great Tusk|Great Tusk|86\/100\n|-damage|p2a: Great Tusk|73\/100|[from] Spikes\n|move|p1a: Garganacl|Salt Cure|p2a: Great Tusk\n|-resisted|p2a: Great Tusk\n|-damage|p2a: Great Tusk|70\/100\n|-start|p2a: Great Tusk|Salt Cure\n|\n|-heal|p2a: Great Tusk|76\/100|[from] item: Leftovers\n|-damage|p2a: Great Tusk|64\/100|[from] Salt Cure\n|upkeep\n|turn|13\n|\n|t:|1700462430\n|-end|p2a: Great Tusk|Protosynthesis|[silent]\n|switch|p2a: Iron Valiant|Iron Valiant|100\/100\n|-damage|p2a: Iron Valiant|88\/100|[from] Spikes\n|-terastallize|p1a: Garganacl|Water\n|move|p1a: Garganacl|Curse|p1a: Garganacl\n|-unboost|p1a: Garganacl|spe|1\n|-boost|p1a: Garganacl|atk|1\n|-boost|p1a: Garganacl|def|1\n|\n|upkeep\n|turn|14\n|\n|t:|1700462441\n|switch|p1a: Moltres|Moltres|100\/100\n|move|p2a: Iron Valiant|Moonblast|p1a: Moltres\n|-resisted|p1a: Moltres\n|-damage|p1a: Moltres|61\/100\n|\n|upkeep\n|turn|15\n|j| Bad Dragoon\n|\n|t:|1700462447\n|-terastallize|p2a: Iron Valiant|Fairy\n|move|p2a: Iron Valiant|Moonblast|p1a: Moltres\n|-resisted|p1a: Moltres\n|-damage|p1a: Moltres|11\/100\n|move|p1a: Moltres|Will-O-Wisp|p2a: Iron Valiant|[miss]\n|-miss|p1a: Moltres|p2a: Iron Valiant\n|\n|upkeep\n|turn|16\n|\n|t:|1700462452\n|move|p2a: Iron Valiant|Moonblast|p1a: Moltres\n|-resisted|p1a: Moltres\n|-damage|p1a: Moltres|0 fnt\n|faint|p1a: Moltres\n|\n|upkeep\n|\n|t:|1700462455\n|switch|p1a: Gholdengo|Gholdengo|100\/100\n|-damage|p1a: Gholdengo|94\/100|[from] Stealth Rock\n|-damage|p1a: Gholdengo|82\/100|[from] Spikes\n|turn|17\n|\n|t:|1700462460\n|-end|p2a: Iron Valiant|Quark Drive|[silent]\n|switch|p2a: Clodsire|Clodsire, M|85\/100\n|-damage|p2a: Clodsire|72\/100|[from] Spikes\n|move|p1a: Gholdengo|Nasty Plot|p1a: Gholdengo\n|-boost|p1a: Gholdengo|spa|2\n|\n|-heal|p1a: Gholdengo|88\/100|[from] item: Leftovers\n|-heal|p2a: Clodsire|79\/100|[from] item: Black Sludge\n|upkeep\n|turn|18\n|\n|t:|1700462469\n|switch|p2a: Ting-Lu|Ting-Lu|47\/100\n|-damage|p2a: Ting-Lu|35\/100|[from] Spikes\n|-ability|p2a: Ting-Lu|Vessel of Ruin\n|move|p1a: Gholdengo|Shadow Ball|p2a: Ting-Lu\n|-resisted|p2a: Ting-Lu\n|-damage|p2a: Ting-Lu|20\/100\n|\n|-heal|p1a: Gholdengo|94\/100|[from] item: Leftovers\n|-heal|p2a: Ting-Lu|26\/100|[from] item: Leftovers\n|upkeep\n|turn|19\n|\n|t:|1700462474\n|move|p1a: Gholdengo|Tera Blast|p2a: Ting-Lu\n|-damage|p2a: Ting-Lu|7\/100\n|move|p2a: Ting-Lu|Spikes|p1a: Gholdengo\n|-sidestart|p1: OUFC Test1|Spikes\n|\n|-heal|p1a: Gholdengo|100\/100|[from] item: Leftovers\n|-heal|p2a: Ting-Lu|13\/100|[from] item: Leftovers\n|upkeep\n|turn|20\n|\n|t:|1700462477\n|move|p1a: Gholdengo|Tera Blast|p2a: Ting-Lu\n|-damage|p2a: Ting-Lu|0 fnt\n|faint|p2a: Ting-Lu\n|\n|upkeep\n|\n|t:|1700462482\n|switch|p2a: Gholdengo|Gholdengo|100\/100\n|-damage|p2a: Gholdengo|88\/100|[from] Spikes\n|turn|21\n|\n|t:|1700462484\n|move|p2a: Gholdengo|Shadow Ball|p1a: Gholdengo\n|-supereffective|p1a: Gholdengo\n|-damage|p1a: Gholdengo|29\/100\n|move|p1a: Gholdengo|Shadow Ball|p2a: Gholdengo\n|-supereffective|p2a: Gholdengo\n|-damage|p2a: Gholdengo|0 fnt\n|faint|p2a: Gholdengo\n|\n|-heal|p1a: Gholdengo|36\/100|[from] item: Leftovers\n|upkeep\n|\n|t:|1700462486\n|switch|p2a: Iron Valiant|Iron Valiant, tera:Fairy|88\/100\n|-damage|p2a: Iron Valiant|76\/100|[from] Spikes\n|turn|22\n|\n|t:|1700462505\n|move|p2a: Iron Valiant|Moonblast|p1a: Gholdengo\n|-resisted|p1a: Gholdengo\n|-damage|p1a: Gholdengo|0 fnt\n|faint|p1a: Gholdengo\n|\n|upkeep\n|\n|t:|1700462507\n|switch|p1a: Meowscarada|Meowscarada, F|32\/100\n|-status|p1a: Meowscarada|tox\n|-damage|p1a: Meowscarada|20\/100 tox|[from] Stealth Rock\n|-damage|p1a: Meowscarada|4\/100 tox|[from] Spikes\n|turn|23\n|j| josephgomes619\n|\n|t:|1700462521\n|-end|p2a: Iron Valiant|Quark Drive|[silent]\n|switch|p2a: Dragonite|Dragonite, M|100\/100\n|move|p1a: Meowscarada|Knock Off|p2a: Dragonite\n|-damage|p2a: Dragonite|69\/100\n|-enditem|p2a: Dragonite|Heavy-Duty Boots|[from] move: Knock Off|[of] p1a: Meowscarada\n|\n|-damage|p1a: Meowscarada|0 fnt|[from] psn\n|faint|p1a: Meowscarada\n|upkeep\n|j| conqhak\n|\n|t:|1700462527\n|switch|p1a: Garganacl|Garganacl, M, tera:Water|90\/100\n|-damage|p1a: Garganacl|78\/100|[from] Stealth Rock\n|-damage|p1a: Garganacl|61\/100|[from] Spikes\n|turn|24\n|\n|t:|1700462533\n|move|p2a: Dragonite|Hurricane|p1a: Garganacl\n|-damage|p1a: Garganacl|28\/100\n|move|p1a: Garganacl|Salt Cure|p2a: Dragonite\n|-supereffective|p2a: Dragonite\n|-damage|p2a: Dragonite|35\/100\n|-start|p2a: Dragonite|Salt Cure\n|\n|-damage|p2a: Dragonite|23\/100|[from] Salt Cure\n|upkeep\n|turn|25\n|\n|t:|1700462538\n|switch|p2a: Iron Valiant|Iron Valiant, tera:Fairy|76\/100\n|-damage|p2a: Iron Valiant|63\/100|[from] Spikes\n|move|p1a: Garganacl|Recover|p1a: Garganacl\n|-heal|p1a: Garganacl|78\/100\n|\n|upkeep\n|turn|26\n|\n|t:|1700462540\n|move|p2a: Iron Valiant|Moonblast|p1a: Garganacl\n|-damage|p1a: Garganacl|0 fnt\n|faint|p1a: Garganacl\n|\n|upkeep\n|\n|t:|1700462544\n|switch|p1a: Samurott|Samurott-Hisui, F|100\/100\n|turn|27\n|\n|t:|1700462547\n|move|p1a: Samurott|Aqua Jet|p2a: Iron Valiant\n|-damage|p2a: Iron Valiant|40\/100\n|move|p2a: Iron Valiant|Moonblast|p1a: Samurott\n|-supereffective|p1a: Samurott\n|-damage|p1a: Samurott|0 fnt\n|faint|p1a: Samurott\n|\n|upkeep\n|-message|OUFC Test1 forfeited.\n|\n|win|Saimasseuh v10\n|raw|OUFC Test1's rating: 1632 &rarr; <strong>1623<\/strong><br \/>(-9 for losing)\n|raw|Saimasseuh v10's rating: 1840 &rarr; <strong>1849<\/strong><br \/>(+9 for winning)\n|l|\u203dOUFC Test1\n|j|\u203dOUFC Test1\n|player|p1|OUFC Test1|iono\n","uploadtime":1700462555,"views":11,"p1id":"oufctest1","p2id":"saimasseuhv10","formatid":"gen9ou","rating":1623,"private":0,"password":""}