{"id":"gen9ou-1989013980","p1":"HicHac","p2":"al-my69","format":"[Gen 9] OU","log":"|j|\u2606HicHac\n|j|\u2606al-my69\n|t:|1699802269\n|gametype|singles\n|player|p1|HicHac|1|1344\n|player|p2|al-my69|yellow|1450\n|teamsize|p1|6\n|teamsize|p2|6\n|gen|9\n|tier|[Gen 9] OU\n|rated|\n|rule|Sleep Clause Mod: Limit one foe put to sleep\n|rule|Species Clause: Limit one of each Pok\u00e9mon\n|rule|OHKO Clause: OHKO moves are banned\n|rule|Evasion Items Clause: Evasion items are banned\n|rule|Evasion Moves Clause: Evasion moves are banned\n|rule|Endless Battle Clause: Forcing endless battles is banned\n|rule|HP Percentage Mod: HP is shown in percentages\n|clearpoke\n|poke|p1|Sinistcha|\n|poke|p1|Tyranitar, M|\n|poke|p1|Moltres|\n|poke|p1|Ogerpon-Cornerstone, F|\n|poke|p1|Rillaboom, F|\n|poke|p1|Arcanine-Hisui, F|\n|poke|p2|Ribombee, M|\n|poke|p2|Heatran, F|\n|poke|p2|Gholdengo|\n|poke|p2|Great Tusk|\n|poke|p2|Kingambit, F|\n|poke|p2|Dragonite, F|\n|teampreview\n|inactive|Battle timer is ON: inactive players will automatically lose when time's up. (requested by al-my69)\n|inactive|al-my69 has 120 seconds left.\n|\n|t:|1699802304\n|start\n|switch|p1a: Tyranitar|Tyranitar, M|100\/100\n|switch|p2a: heatransgender|Heatran, F|100\/100\n|-weather|Sandstorm|[from] ability: Sand Stream|[of] p1a: Tyranitar\n|turn|1\n|\n|t:|1699802312\n|move|p2a: heatransgender|Earth Power|p1a: Tyranitar\n|-supereffective|p1a: Tyranitar\n|-crit|p1a: Tyranitar\n|-damage|p1a: Tyranitar|49\/100\n|move|p1a: Tyranitar|Stealth Rock|p2a: heatransgender\n|-sidestart|p2: al-my69|move: Stealth Rock\n|\n|-weather|Sandstorm|[upkeep]\n|upkeep\n|turn|2\n|\n|t:|1699802320\n|switch|p1a: Moltres|Moltres|100\/100\n|move|p2a: heatransgender|Stealth Rock|p1a: Moltres\n|-sidestart|p1: HicHac|move: Stealth Rock\n|\n|-weather|Sandstorm|[upkeep]\n|-damage|p1a: Moltres|94\/100|[from] Sandstorm\n|upkeep\n|turn|3\n|\n|t:|1699802324\n|move|p2a: heatransgender|Taunt|p1a: Moltres\n|-start|p1a: Moltres|move: Taunt\n|move|p1a: Moltres|U-turn|p2a: heatransgender\n|-resisted|p2a: heatransgender\n|-damage|p2a: heatransgender|96\/100\n|\n|t:|1699802336\n|switch|p1a: Arcanine|Arcanine-Hisui, F|100\/100|[from] U-turn\n|-damage|p1a: Arcanine|76\/100|[from] Stealth Rock\n|\n|-weather|Sandstorm|[upkeep]\n|-heal|p2a: heatransgender|100\/100|[from] item: Leftovers\n|upkeep\n|turn|4\n|\n|t:|1699802340\n|move|p1a: Arcanine|Close Combat|p2a: heatransgender\n|-supereffective|p2a: heatransgender\n|-damage|p2a: heatransgender|0 fnt\n|-unboost|p1a: Arcanine|def|1\n|-unboost|p1a: Arcanine|spd|1\n|faint|p2a: heatransgender\n|\n|-weather|Sandstorm|[upkeep]\n|upkeep\n|\n|t:|1699802344\n|switch|p2a: GET ME OUT OF OU|Ribombee, M|100\/100\n|-damage|p2a: GET ME OUT OF OU|76\/100|[from] Stealth Rock\n|turn|5\n|\n|t:|1699802351\n|switch|p1a: Moltres|Moltres|94\/100\n|move|p2a: GET ME OUT OF OU|Sticky Web|p1a: Moltres\n|-sidestart|p1: HicHac|move: Sticky Web\n|\n|-weather|none\n|upkeep\n|turn|6\n|\n|t:|1699802354\n|move|p2a: GET ME OUT OF OU|Stun Spore|p1a: Moltres\n|-status|p1a: Moltres|par\n|move|p1a: Moltres|Flamethrower|p2a: GET ME OUT OF OU\n|-supereffective|p2a: GET ME OUT OF OU\n|-crit|p2a: GET ME OUT OF OU\n|-damage|p2a: GET ME OUT OF OU|0 fnt\n|faint|p2a: GET ME OUT OF OU\n|\n|upkeep\n|\n|t:|1699802358\n|switch|p2a: lando-T|Great Tusk|100\/100\n|turn|7\n|\n|t:|1699802361\n|move|p2a: lando-T|Knock Off|p1a: Moltres\n|-damage|p1a: Moltres|70\/100 par\n|-status|p2a: lando-T|brn|[from] ability: Flame Body|[of] p1a: Moltres\n|-enditem|p1a: Moltres|Heavy-Duty Boots|[from] move: Knock Off|[of] p2a: lando-T\n|move|p1a: Moltres|Will-O-Wisp|p2a: lando-T\n|-fail|p2a: lando-T|brn\n|\n|-damage|p2a: lando-T|94\/100 brn|[from] brn\n|upkeep\n|turn|8\n|\n|t:|1699802366\n|move|p2a: lando-T|Rapid Spin|p1a: Moltres\n|-damage|p1a: Moltres|64\/100 par\n|-boost|p2a: lando-T|spe|1\n|-sideend|p2: al-my69|Stealth Rock|[from] move: Rapid Spin|[of] p2a: lando-T\n|move|p1a: Moltres|U-turn|p2a: lando-T\n|-resisted|p2a: lando-T\n|-damage|p2a: lando-T|89\/100 brn\n|\n|t:|1699802371\n|switch|p1a: Rillaboom|Rillaboom, F|100\/100|[from] U-turn\n|-damage|p1a: Rillaboom|88\/100|[from] Stealth Rock\n|-activate|p1a: Rillaboom|move: Sticky Web\n|-unboost|p1a: Rillaboom|spe|1\n|-fieldstart|move: Grassy Terrain|[from] ability: Grassy Surge|[of] p1a: Rillaboom\n|\n|-heal|p2a: lando-T|95\/100 brn|[from] Grassy Terrain\n|-heal|p1a: Rillaboom|94\/100|[from] Grassy Terrain\n|-damage|p2a: lando-T|89\/100 brn|[from] brn\n|upkeep\n|turn|9\n|\n|t:|1699802375\n|-end|p2a: lando-T|Protosynthesis|[silent]\n|switch|p2a: NA UH|Gholdengo|100\/100\n|move|p1a: Rillaboom|Grassy Glide|p2a: NA UH\n|-resisted|p2a: NA UH\n|-damage|p2a: NA UH|64\/100\n|\n|-heal|p2a: NA UH|70\/100|[from] Grassy Terrain\n|-heal|p1a: Rillaboom|100\/100|[from] Grassy Terrain\n|upkeep\n|turn|10\n|\n|t:|1699802381\n|switch|p1a: Tyranitar|Tyranitar, M|49\/100\n|-weather|Sandstorm|[from] ability: Sand Stream|[of] p1a: Tyranitar\n|move|p2a: NA UH|Nasty Plot|p2a: NA UH\n|-boost|p2a: NA UH|spa|2\n|\n|-weather|Sandstorm|[upkeep]\n|-heal|p2a: NA UH|76\/100|[from] Grassy Terrain\n|-heal|p1a: Tyranitar|55\/100|[from] Grassy Terrain\n|upkeep\n|turn|11\n|\n|t:|1699802387\n|move|p2a: NA UH|Make It Rain|p1a: Tyranitar\n|-supereffective|p1a: Tyranitar\n|-damage|p1a: Tyranitar|0 fnt\n|-unboost|p2a: NA UH|spa|1\n|faint|p1a: Tyranitar\n|\n|-weather|Sandstorm|[upkeep]\n|-heal|p2a: NA UH|82\/100|[from] Grassy Terrain\n|upkeep\n|\n|t:|1699802398\n|switch|p1a: Moltres|Moltres|64\/100 par\n|-damage|p1a: Moltres|14\/100 par|[from] Stealth Rock\n|turn|12\n|\n|t:|1699802401\n|move|p2a: NA UH|Shadow Ball|p1a: Moltres\n|-damage|p1a: Moltres|0 fnt\n|faint|p1a: Moltres\n|\n|-weather|Sandstorm|[upkeep]\n|-heal|p2a: NA UH|88\/100|[from] Grassy Terrain\n|-fieldend|move: Grassy Terrain\n|upkeep\n|\n|t:|1699802405\n|switch|p1a: Rillaboom|Rillaboom, F|100\/100\n|-damage|p1a: Rillaboom|88\/100|[from] Stealth Rock\n|-activate|p1a: Rillaboom|move: Sticky Web\n|-unboost|p1a: Rillaboom|spe|1\n|-fieldstart|move: Grassy Terrain|[from] ability: Grassy Surge|[of] p1a: Rillaboom\n|turn|13\n|\n|t:|1699802409\n|move|p2a: NA UH|Make It Rain|p1a: Rillaboom\n|-damage|p1a: Rillaboom|0 fnt\n|-unboost|p2a: NA UH|spa|1\n|faint|p1a: Rillaboom\n|\n|-weather|Sandstorm|[upkeep]\n|-heal|p2a: NA UH|94\/100|[from] Grassy Terrain\n|upkeep\n|inactive|HicHac has 120 seconds left.\n|\n|t:|1699802461\n|switch|p1a: Sinistcha|Sinistcha|100\/100\n|-damage|p1a: Sinistcha|88\/100|[from] Stealth Rock\n|-activate|p1a: Sinistcha|move: Sticky Web\n|-unboost|p1a: Sinistcha|spe|1\n|turn|14\n|\n|t:|1699802474\n|-terastallize|p1a: Sinistcha|Poison\n|move|p2a: NA UH|Shadow Ball|p1a: Sinistcha\n|-damage|p1a: Sinistcha|40\/100\n|-unboost|p1a: Sinistcha|spd|1\n|move|p1a: Sinistcha|Calm Mind|p1a: Sinistcha\n|-boost|p1a: Sinistcha|spa|1\n|-boost|p1a: Sinistcha|spd|1\n|\n|-weather|none\n|-heal|p2a: NA UH|99\/100|[from] Grassy Terrain\n|-heal|p1a: Sinistcha|46\/100|[from] Grassy Terrain\n|-heal|p1a: Sinistcha|53\/100|[from] item: Leftovers\n|upkeep\n|turn|15\n|\n|t:|1699802484\n|move|p2a: NA UH|Nasty Plot|p2a: NA UH\n|-boost|p2a: NA UH|spa|2\n|move|p1a: Sinistcha|Strength Sap|p2a: NA UH\n|-immune|p2a: NA UH|[from] ability: Good as Gold\n|\n|-heal|p2a: NA UH|100\/100|[from] Grassy Terrain\n|-heal|p1a: Sinistcha|59\/100|[from] Grassy Terrain\n|-heal|p1a: Sinistcha|65\/100|[from] item: Leftovers\n|upkeep\n|turn|16\n|\n|t:|1699802489\n|move|p2a: NA UH|Make It Rain|p1a: Sinistcha\n|-damage|p1a: Sinistcha|0 fnt\n|-unboost|p2a: NA UH|spa|1\n|faint|p1a: Sinistcha\n|\n|upkeep\n|\n|t:|1699802493\n|switch|p1a: Arcanine|Arcanine-Hisui, F|76\/100\n|-damage|p1a: Arcanine|51\/100|[from] Stealth Rock\n|-activate|p1a: Arcanine|move: Sticky Web\n|-unboost|p1a: Arcanine|spe|1\n|turn|17\n|\n|t:|1699802496\n|move|p2a: NA UH|Shadow Ball|p1a: Arcanine\n|-damage|p1a: Arcanine|0 fnt\n|faint|p1a: Arcanine\n|\n|-fieldend|move: Grassy Terrain\n|upkeep\n|\n|t:|1699802500\n|switch|p1a: Ogerpon|Ogerpon-Cornerstone, F|100\/100\n|-damage|p1a: Ogerpon|88\/100|[from] Stealth Rock\n|-activate|p1a: Ogerpon|move: Sticky Web\n|-unboost|p1a: Ogerpon|spe|1\n|turn|18\n|c|\u2606al-my69|gg\n|-message|HicHac forfeited.\n|\n|win|al-my69\n|raw|HicHac's rating: 1344 &rarr; <strong>1330<\/strong><br \/>(-14 for losing)\n|raw|al-my69's rating: 1450 &rarr; <strong>1464<\/strong><br \/>(+14 for winning)\n|l|\u2606HicHac\n","uploadtime":1699802514,"views":33,"p1id":"hichac","p2id":"almy69","formatid":"gen9ou","rating":1330,"private":0,"password":""}