{"id":"gen9ou-1989655948","p1":"jus_Rose","p2":"littensalt","format":"[Gen 9] OU","log":"|j|\u2606jus_Rose\n|j|\u2606littensalt\n|t:|1699883809\n|gametype|singles\n|player|p1|jus_Rose|lusamine-nihilego|1225\n|player|p2|littensalt|calem|1319\n|teamsize|p1|6\n|teamsize|p2|6\n|gen|9\n|tier|[Gen 9] OU\n|rated|\n|rule|Sleep Clause Mod: Limit one foe put to sleep\n|rule|Species Clause: Limit one of each Pok\u00e9mon\n|rule|OHKO Clause: OHKO moves are banned\n|rule|Evasion Items Clause: Evasion items are banned\n|rule|Evasion Moves Clause: Evasion moves are banned\n|rule|Endless Battle Clause: Forcing endless battles is banned\n|rule|HP Percentage Mod: HP is shown in percentages\n|clearpoke\n|poke|p1|Sneasler, F|\n|poke|p1|Alomomola, M|\n|poke|p1|Thundurus-Therian, M|\n|poke|p1|Slowking-Galar, F|\n|poke|p1|Great Tusk|\n|poke|p1|Kingambit, M|\n|poke|p2|Thundurus-Therian, M|\n|poke|p2|Weezing-Galar, M|\n|poke|p2|Cinderace, F|\n|poke|p2|Dragapult, M|\n|poke|p2|Greninja-*, M|\n|poke|p2|Zamazenta-*|\n|teampreview\n|inactive|Battle timer is ON: inactive players will automatically lose when time's up. (requested by jus_Rose)\n|\n|t:|1699883818\n|start\n|switch|p1a: Sneasler|Sneasler, F|100\/100\n|switch|p2a: FRANCHISE|Cinderace, F|100\/100\n|turn|1\n|\n|t:|1699883831\n|switch|p2a: wheezy outta here|Weezing-Galar, M, shiny|100\/100\n|-ability|p2a: wheezy outta here|Neutralizing Gas\n|move|p1a: Sneasler|U-turn|p2a: wheezy outta here\n|-resisted|p2a: wheezy outta here\n|-damage|p2a: wheezy outta here|97\/100\n|-damage|p1a: Sneasler|84\/100|[from] item: Rocky Helmet|[of] p2a: wheezy outta here\n|\n|t:|1699883837\n|switch|p1a: Great Tusk|Great Tusk|100\/100|[from] U-turn\n|\n|upkeep\n|turn|2\n|\n|t:|1699883841\n|move|p1a: Great Tusk|Stealth Rock|p2a: wheezy outta here\n|-sidestart|p2: littensalt|move: Stealth Rock\n|move|p2a: wheezy outta here|Will-O-Wisp|p1a: Great Tusk\n|-status|p1a: Great Tusk|brn\n|\n|-damage|p1a: Great Tusk|94\/100 brn|[from] brn\n|upkeep\n|turn|3\n|\n|t:|1699883844\n|move|p1a: Great Tusk|Knock Off|p2a: wheezy outta here\n|-resisted|p2a: wheezy outta here\n|-damage|p2a: wheezy outta here|93\/100\n|-damage|p1a: Great Tusk|78\/100 brn|[from] item: Rocky Helmet|[of] p2a: wheezy outta here\n|-enditem|p2a: wheezy outta here|Rocky Helmet|[from] move: Knock Off|[of] p1a: Great Tusk\n|move|p2a: wheezy outta here|Strange Steam|p1a: Great Tusk\n|-supereffective|p1a: Great Tusk\n|-damage|p1a: Great Tusk|0 fnt\n|faint|p1a: Great Tusk\n|-end|p1a: Great Tusk|Protosynthesis|[silent]\n|\n|upkeep\n|\n|t:|1699883847\n|switch|p1a: Thundurus|Thundurus-Therian, M|100\/100\n|turn|4\n|\n|t:|1699883854\n|move|p1a: Thundurus|Nasty Plot|p1a: Thundurus\n|-boost|p1a: Thundurus|spa|2\n|move|p2a: wheezy outta here|Pain Split|p1a: Thundurus\n|-sethp|p1a: Thundurus|100\/100|[from] move: Pain Split|[silent]\n|-sethp|p2a: wheezy outta here|92\/100|[from] move: Pain Split\n|\n|upkeep\n|turn|5\n|\n|t:|1699883857\n|-terastallize|p1a: Thundurus|Flying\n|move|p1a: Thundurus|Tera Blast|p2a: wheezy outta here|[anim] Tera Blast Flying\n|-damage|p2a: wheezy outta here|0 fnt\n|faint|p2a: wheezy outta here\n|-end|p2a: wheezy outta here|ability: Neutralizing Gas\n|\n|upkeep\n|\n|t:|1699883861\n|switch|p2a: FRANCHISE|Cinderace, F|100\/100\n|turn|6\n|\n|t:|1699883870\n|switch|p1a: Alomomola|Alomomola, M|100\/100\n|move|p2a: FRANCHISE|Court Change|p2a: FRANCHISE\n|-start|p2a: FRANCHISE|typechange|Normal|[from] ability: Libero\n|-swapsideconditions\n|-activate|p2a: FRANCHISE|move: Court Change\n|\n|upkeep\n|turn|7\n|\n|t:|1699883872\n|move|p2a: FRANCHISE|U-turn|p1a: Alomomola\n|-damage|p1a: Alomomola|88\/100\n|-enditem|p1a: Alomomola|Red Card|[of] p2a: FRANCHISE\n|drag|p2a: Zamazenta|Zamazenta|100\/100\n|-ability|p2a: Zamazenta|Dauntless Shield|boost\n|-boost|p2a: Zamazenta|def|1\n|move|p1a: Alomomola|Flip Turn|p2a: Zamazenta\n|-damage|p2a: Zamazenta|93\/100\n|\n|t:|1699883875\n|switch|p1a: Slowking|Slowking-Galar, F|100\/100|[from] Flip Turn\n|\n|-heal|p2a: Zamazenta|99\/100|[from] item: Leftovers\n|upkeep\n|turn|8\n|\n|t:|1699883881\n|move|p2a: Zamazenta|Iron Defense|p2a: Zamazenta\n|-boost|p2a: Zamazenta|def|2\n|move|p1a: Slowking|Thunder Wave|p2a: Zamazenta\n|-status|p2a: Zamazenta|par\n|\n|-heal|p2a: Zamazenta|100\/100 par|[from] item: Leftovers\n|upkeep\n|turn|9\n|\n|t:|1699883883\n|move|p2a: Zamazenta|Crunch|p1a: Slowking\n|-supereffective|p1a: Slowking\n|-damage|p1a: Slowking|54\/100\n|-unboost|p1a: Slowking|def|1\n|move|p1a: Slowking|Future Sight|p2a: Zamazenta\n|-start|p1a: Slowking|move: Future Sight\n|\n|upkeep\n|turn|10\n|\n|t:|1699883894\n|switch|p1a: Alomomola|Alomomola, M|100\/100\n|-damage|p1a: Alomomola|88\/100|[from] Stealth Rock\n|move|p2a: Zamazenta|Crunch|p1a: Alomomola\n|-damage|p1a: Alomomola|77\/100\n|\n|upkeep\n|turn|11\n|\n|t:|1699883898\n|switch|p2a: N95|Greninja, M|100\/100\n|move|p1a: Alomomola|Flip Turn|p2a: N95\n|-resisted|p2a: N95\n|-damage|p2a: N95|86\/100\n|\n|t:|1699883901\n|switch|p1a: Sneasler|Sneasler, F|84\/100|[from] Flip Turn\n|-damage|p1a: Sneasler|78\/100|[from] Stealth Rock\n|\n|-end|p2a: N95|move: Future Sight\n|-immune|p2a: N95\n|upkeep\n|turn|12\n|\n|t:|1699883909\n|switch|p2a: KIDS SEE GHOST|Dragapult, M, shiny|100\/100\n|move|p1a: Sneasler|U-turn|p2a: KIDS SEE GHOST\n|-resisted|p2a: KIDS SEE GHOST\n|-damage|p2a: KIDS SEE GHOST|83\/100\n|\n|t:|1699883937\n|switch|p1a: Kingambit|Kingambit, M|100\/100|[from] U-turn\n|-activate|p1a: Kingambit|ability: Supreme Overlord\n|-start|p1a: Kingambit|fallen1|[silent]\n|\n|upkeep\n|turn|13\n|\n|t:|1699883958\n|switch|p2a: Zamazenta|Zamazenta|100\/100 par\n|move|p1a: Kingambit|Kowtow Cleave|p2a: Zamazenta\n|-resisted|p2a: Zamazenta\n|-damage|p2a: Zamazenta|82\/100 par\n|\n|-heal|p2a: Zamazenta|88\/100 par|[from] item: Leftovers\n|upkeep\n|turn|14\n|\n|t:|1699883967\n|-end|p1a: Kingambit|fallen1|[silent]\n|switch|p1a: Alomomola|Alomomola, M|100\/100\n|-damage|p1a: Alomomola|88\/100|[from] Stealth Rock\n|cant|p2a: Zamazenta|par\n|\n|-heal|p2a: Zamazenta|94\/100 par|[from] item: Leftovers\n|upkeep\n|turn|15\n|\n|t:|1699883979\n|move|p2a: Zamazenta|Body Press|p1a: Alomomola\n|-damage|p1a: Alomomola|69\/100\n|move|p1a: Alomomola|Wish|p1a: Alomomola\n|\n|-heal|p2a: Zamazenta|100\/100 par|[from] item: Leftovers\n|upkeep\n|turn|16\n|inactive|jus_Rose has 120 seconds left.\n|\n|t:|1699884011\n|cant|p2a: Zamazenta|par\n|move|p1a: Alomomola|Flip Turn|p2a: Zamazenta\n|-damage|p2a: Zamazenta|89\/100 par\n|\n|t:|1699884012\n|switch|p1a: Slowking|Slowking-Galar, F|88\/100|[from] Flip Turn\n|\n|-heal|p1a: Slowking|100\/100|[from] move: Wish|[wisher] Alomomola\n|-heal|p2a: Zamazenta|95\/100 par|[from] item: Leftovers\n|upkeep\n|turn|17\n|\n|t:|1699884019\n|move|p2a: Zamazenta|Crunch|p1a: Slowking\n|-supereffective|p1a: Slowking\n|-damage|p1a: Slowking|56\/100\n|move|p1a: Slowking|Chilly Reception|p1a: Slowking\n|-weather|Snow\n|\n|t:|1699884024\n|switch|p1a: Alomomola|Alomomola, M|100\/100|[from] Chilly Reception\n|-damage|p1a: Alomomola|88\/100|[from] Stealth Rock\n|\n|-weather|Snow|[upkeep]\n|-heal|p2a: Zamazenta|100\/100 par|[from] item: Leftovers\n|upkeep\n|turn|18\n|\n|t:|1699884027\n|move|p2a: Zamazenta|Substitute|p2a: Zamazenta\n|-start|p2a: Zamazenta|Substitute\n|-damage|p2a: Zamazenta|75\/100 par\n|move|p1a: Alomomola|Flip Turn|p2a: Zamazenta\n|-activate|p2a: Zamazenta|move: Substitute|[damage]\n|\n|t:|1699884029\n|switch|p1a: Slowking|Slowking-Galar, F|89\/100|[from] Flip Turn\n|\n|-weather|Snow|[upkeep]\n|-heal|p2a: Zamazenta|82\/100 par|[from] item: Leftovers\n|upkeep\n|turn|19\n|\n|t:|1699884033\n|cant|p2a: Zamazenta|par\n|move|p1a: Slowking|Sludge Bomb|p2a: Zamazenta\n|-end|p2a: Zamazenta|Substitute\n|\n|-weather|Snow|[upkeep]\n|-heal|p2a: Zamazenta|88\/100 par|[from] item: Leftovers\n|upkeep\n|turn|20\n|\n|t:|1699884038\n|cant|p2a: Zamazenta|par\n|move|p1a: Slowking|Future Sight|p2a: Zamazenta\n|-start|p1a: Slowking|move: Future Sight\n|\n|-weather|Snow|[upkeep]\n|-heal|p2a: Zamazenta|94\/100 par|[from] item: Leftovers\n|upkeep\n|turn|21\n|\n|t:|1699884042\n|move|p2a: Zamazenta|Crunch|p1a: Slowking\n|-supereffective|p1a: Slowking\n|-damage|p1a: Slowking|44\/100\n|-unboost|p1a: Slowking|def|1\n|move|p1a: Slowking|Sludge Bomb|p2a: Zamazenta\n|-damage|p2a: Zamazenta|68\/100 par\n|\n|-weather|none\n|-heal|p2a: Zamazenta|74\/100 par|[from] item: Leftovers\n|upkeep\n|turn|22\n|\n|t:|1699884050\n|switch|p2a: N95|Greninja, M|86\/100\n|switch|p1a: Alomomola|Alomomola, M|100\/100\n|-damage|p1a: Alomomola|88\/100|[from] Stealth Rock\n|\n|-end|p2a: N95|move: Future Sight\n|-immune|p2a: N95\n|upkeep\n|turn|23\n|\n|t:|1699884054\n|move|p2a: N95|Dark Pulse|p1a: Alomomola\n|-damage|p1a: Alomomola|30\/100\n|-damage|p2a: N95|77\/100|[from] item: Life Orb\n|move|p1a: Alomomola|Flip Turn|p2a: N95\n|-resisted|p2a: N95\n|-damage|p2a: N95|63\/100\n|\n|t:|1699884057\n|switch|p1a: Sneasler|Sneasler, F|78\/100|[from] Flip Turn\n|-damage|p1a: Sneasler|72\/100|[from] Stealth Rock\n|\n|upkeep\n|turn|24\n|\n|t:|1699884060\n|switch|p2a: KIDS SEE GHOST|Dragapult, M, shiny|83\/100\n|move|p1a: Sneasler|U-turn|p2a: KIDS SEE GHOST\n|-resisted|p2a: KIDS SEE GHOST\n|-damage|p2a: KIDS SEE GHOST|68\/100\n|\n|t:|1699884065\n|switch|p1a: Kingambit|Kingambit, M|100\/100|[from] U-turn\n|-activate|p1a: Kingambit|ability: Supreme Overlord\n|-start|p1a: Kingambit|fallen1|[silent]\n|\n|upkeep\n|turn|25\n|\n|t:|1699884073\n|switch|p2a: FRANCHISE|Cinderace, F|100\/100\n|move|p1a: Kingambit|Iron Head|p2a: FRANCHISE\n|-resisted|p2a: FRANCHISE\n|-damage|p2a: FRANCHISE|63\/100\n|\n|upkeep\n|turn|26\n|\n|t:|1699884079\n|-end|p1a: Kingambit|fallen1|[silent]\n|switch|p1a: Alomomola|Alomomola, M|64\/100\n|-damage|p1a: Alomomola|51\/100|[from] Stealth Rock\n|move|p2a: FRANCHISE|Sucker Punch||[still]\n|-fail|p2a: FRANCHISE\n|\n|upkeep\n|turn|27\n|\n|t:|1699884084\n|switch|p2a: Zamazenta|Zamazenta|74\/100 par\n|move|p1a: Alomomola|Wish|p1a: Alomomola\n|\n|-heal|p2a: Zamazenta|80\/100 par|[from] item: Leftovers\n|upkeep\n|turn|28\n|\n|t:|1699884088\n|move|p1a: Alomomola|Protect|p1a: Alomomola\n|-singleturn|p1a: Alomomola|Protect\n|move|p2a: Zamazenta|Crunch|p1a: Alomomola\n|-activate|p1a: Alomomola|move: Protect\n|\n|-heal|p1a: Alomomola|100\/100|[from] move: Wish|[wisher] Alomomola\n|-heal|p2a: Zamazenta|86\/100 par|[from] item: Leftovers\n|upkeep\n|turn|29\n|\n|t:|1699884090\n|move|p2a: Zamazenta|Crunch|p1a: Alomomola\n|-damage|p1a: Alomomola|89\/100\n|move|p1a: Alomomola|Wish|p1a: Alomomola\n|\n|-heal|p2a: Zamazenta|93\/100 par|[from] item: Leftovers\n|upkeep\n|turn|30\n|\n|t:|1699884098\n|switch|p2a: Thundurus|Thundurus-Therian, M, shiny|100\/100\n|move|p1a: Alomomola|Flip Turn|p2a: Thundurus\n|-damage|p2a: Thundurus|75\/100\n|\n|t:|1699884101\n|switch|p1a: Slowking|Slowking-Galar, F|77\/100|[from] Flip Turn\n|\n|-heal|p1a: Slowking|100\/100|[from] move: Wish|[wisher] Alomomola\n|upkeep\n|turn|31\n|\n|t:|1699884104\n|move|p2a: Thundurus|Volt Switch|p1a: Slowking\n|-damage|p1a: Slowking|65\/100\n|\n|t:|1699884111\n|switch|p2a: Zamazenta|Zamazenta|93\/100 par|[from] Volt Switch\n|move|p1a: Slowking|Sludge Bomb|p2a: Zamazenta\n|-damage|p2a: Zamazenta|64\/100 par\n|\n|-heal|p2a: Zamazenta|71\/100 par|[from] item: Leftovers\n|upkeep\n|turn|32\n|\n|t:|1699884117\n|move|p2a: Zamazenta|Crunch|p1a: Slowking\n|-supereffective|p1a: Slowking\n|-damage|p1a: Slowking|19\/100\n|move|p1a: Slowking|Future Sight|p2a: Zamazenta\n|-start|p1a: Slowking|move: Future Sight\n|\n|-heal|p2a: Zamazenta|77\/100 par|[from] item: Leftovers\n|upkeep\n|turn|33\n|\n|t:|1699884124\n|switch|p2a: N95|Greninja, M|63\/100\n|switch|p1a: Alomomola|Alomomola, M|100\/100\n|-damage|p1a: Alomomola|88\/100|[from] Stealth Rock\n|\n|upkeep\n|turn|34\n|\n|t:|1699884129\n|move|p2a: N95|Dark Pulse|p1a: Alomomola\n|-damage|p1a: Alomomola|31\/100\n|-damage|p2a: N95|53\/100|[from] item: Life Orb\n|cant|p1a: Alomomola|flinch\n|\n|-end|p2a: N95|move: Future Sight\n|-immune|p2a: N95\n|upkeep\n|turn|35\n|\n|t:|1699884134\n|switch|p1a: Kingambit|Kingambit, M|100\/100\n|-activate|p1a: Kingambit|ability: Supreme Overlord\n|-start|p1a: Kingambit|fallen1|[silent]\n|move|p2a: N95|Dark Pulse|p1a: Kingambit\n|-resisted|p1a: Kingambit\n|-damage|p1a: Kingambit|75\/100\n|-damage|p2a: N95|43\/100|[from] item: Life Orb\n|\n|upkeep\n|turn|36\n|\n|t:|1699884143\n|switch|p2a: Zamazenta|Zamazenta|77\/100 par\n|move|p1a: Kingambit|Iron Head|p2a: Zamazenta\n|-damage|p2a: Zamazenta|37\/100 par\n|\n|-heal|p2a: Zamazenta|44\/100 par|[from] item: Leftovers\n|upkeep\n|turn|37\n|\n|t:|1699884149\n|switch|p2a: FRANCHISE|Cinderace, F|63\/100\n|-end|p1a: Kingambit|fallen1|[silent]\n|switch|p1a: Alomomola|Alomomola, M|65\/100\n|-damage|p1a: Alomomola|52\/100|[from] Stealth Rock\n|\n|upkeep\n|turn|38\n|\n|t:|1699884155\n|move|p2a: FRANCHISE|U-turn|p1a: Alomomola\n|-start|p2a: FRANCHISE|typechange|Bug|[from] ability: Libero\n|-damage|p1a: Alomomola|35\/100\n|\n|t:|1699884157\n|switch|p2a: Zamazenta|Zamazenta|44\/100 par|[from] U-turn\n|move|p1a: Alomomola|Wish|p1a: Alomomola\n|\n|-heal|p2a: Zamazenta|50\/100 par|[from] item: Leftovers\n|upkeep\n|turn|39\n|\n|t:|1699884162\n|move|p1a: Alomomola|Protect|p1a: Alomomola\n|-singleturn|p1a: Alomomola|Protect\n|cant|p2a: Zamazenta|par\n|\n|-heal|p1a: Alomomola|85\/100|[from] move: Wish|[wisher] Alomomola\n|-heal|p2a: Zamazenta|56\/100 par|[from] item: Leftovers\n|upkeep\n|turn|40\n|\n|t:|1699884164\n|cant|p2a: Zamazenta|par\n|move|p1a: Alomomola|Flip Turn|p2a: Zamazenta\n|-damage|p2a: Zamazenta|44\/100 par\n|\n|t:|1699884166\n|switch|p1a: Thundurus|Thundurus-Therian, M, tera:Flying|100\/100|[from] Flip Turn\n|\n|-heal|p2a: Zamazenta|50\/100 par|[from] item: Leftovers\n|upkeep\n|turn|41\n|\n|t:|1699884173\n|move|p1a: Thundurus|Tera Blast|p2a: Zamazenta|[anim] Tera Blast Flying\n|-supereffective|p2a: Zamazenta\n|-damage|p2a: Zamazenta|0 fnt\n|faint|p2a: Zamazenta\n|\n|upkeep\n|\n|t:|1699884176\n|switch|p2a: KIDS SEE GHOST|Dragapult, M, shiny|68\/100\n|turn|42\n|\n|t:|1699884189\n|switch|p1a: Kingambit|Kingambit, M|75\/100\n|-activate|p1a: Kingambit|ability: Supreme Overlord\n|-start|p1a: Kingambit|fallen1|[silent]\n|move|p2a: KIDS SEE GHOST|Draco Meteor|p1a: Kingambit\n|-resisted|p1a: Kingambit\n|-damage|p1a: Kingambit|28\/100\n|-unboost|p2a: KIDS SEE GHOST|spa|2\n|\n|upkeep\n|turn|43\n|\n|t:|1699884195\n|switch|p2a: FRANCHISE|Cinderace, F|63\/100\n|-end|p1a: Kingambit|fallen1|[silent]\n|switch|p1a: Thundurus|Thundurus-Therian, M, tera:Flying|100\/100\n|\n|upkeep\n|turn|44\n|\n|t:|1699884202\n|move|p2a: FRANCHISE|U-turn|p1a: Thundurus\n|-start|p2a: FRANCHISE|typechange|Bug|[from] ability: Libero\n|-resisted|p1a: Thundurus\n|-damage|p1a: Thundurus|74\/100\n|\n|t:|1699884203\n|switch|p2a: Thundurus|Thundurus-Therian, M, shiny|75\/100|[from] U-turn\n|move|p1a: Thundurus|Volt Switch|p2a: Thundurus\n|-heal|p2a: Thundurus|99\/100|[from] ability: Volt Absorb|[of] p1a: Thundurus\n|\n|upkeep\n|turn|45\n|\n|t:|1699884210\n|move|p1a: Thundurus|Tera Blast|p2a: Thundurus|[anim] Tera Blast Flying\n|-resisted|p2a: Thundurus\n|-damage|p2a: Thundurus|61\/100\n|move|p2a: Thundurus|Tera Blast|p1a: Thundurus\n|-damage|p1a: Thundurus|3\/100\n|\n|upkeep\n|turn|46\n|\n|t:|1699884215\n|move|p1a: Thundurus|Tera Blast|p2a: Thundurus|[anim] Tera Blast Flying\n|-resisted|p2a: Thundurus\n|-damage|p2a: Thundurus|21\/100\n|move|p2a: Thundurus|Tera Blast|p1a: Thundurus\n|-damage|p1a: Thundurus|0 fnt\n|faint|p1a: Thundurus\n|\n|upkeep\n|\n|t:|1699884218\n|switch|p1a: Sneasler|Sneasler, F|72\/100\n|-damage|p1a: Sneasler|66\/100|[from] Stealth Rock\n|turn|47\n|\n|t:|1699884221\n|switch|p2a: KIDS SEE GHOST|Dragapult, M, shiny|68\/100\n|move|p1a: Sneasler|Dire Claw|p2a: KIDS SEE GHOST\n|-resisted|p2a: KIDS SEE GHOST\n|-damage|p2a: KIDS SEE GHOST|38\/100\n|-status|p2a: KIDS SEE GHOST|par\n|\n|upkeep\n|turn|48\n|\n|t:|1699884227\n|move|p1a: Sneasler|Dire Claw|p2a: KIDS SEE GHOST\n|-resisted|p2a: KIDS SEE GHOST\n|-damage|p2a: KIDS SEE GHOST|10\/100 par\n|move|p2a: KIDS SEE GHOST|Draco Meteor|p1a: Sneasler\n|-damage|p1a: Sneasler|0 fnt\n|-unboost|p2a: KIDS SEE GHOST|spa|2\n|faint|p1a: Sneasler\n|\n|upkeep\n|\n|t:|1699884229\n|switch|p1a: Alomomola|Alomomola, M|100\/100\n|-damage|p1a: Alomomola|88\/100|[from] Stealth Rock\n|turn|49\n|\n|t:|1699884235\n|cant|p2a: KIDS SEE GHOST|par\n|move|p1a: Alomomola|Flip Turn|p2a: KIDS SEE GHOST\n|-resisted|p2a: KIDS SEE GHOST\n|-damage|p2a: KIDS SEE GHOST|0 fnt\n|faint|p2a: KIDS SEE GHOST\n|\n|t:|1699884239\n|switch|p1a: Slowking|Slowking-Galar, F|52\/100|[from] Flip Turn\n|\n|upkeep\n|\n|t:|1699884243\n|switch|p2a: Thundurus|Thundurus-Therian, M, shiny|21\/100\n|turn|50\n|\n|t:|1699884248\n|move|p2a: Thundurus|Dark Pulse|p1a: Slowking\n|-supereffective|p1a: Slowking\n|-damage|p1a: Slowking|0 fnt\n|faint|p1a: Slowking\n|\n|upkeep\n|\n|t:|1699884251\n|switch|p1a: Kingambit|Kingambit, M|28\/100\n|-activate|p1a: Kingambit|ability: Supreme Overlord\n|-start|p1a: Kingambit|fallen4|[silent]\n|turn|51\n|\n|t:|1699884254\n|switch|p2a: FRANCHISE|Cinderace, F|63\/100\n|move|p1a: Kingambit|Kowtow Cleave|p2a: FRANCHISE\n|-damage|p2a: FRANCHISE|0 fnt\n|faint|p2a: FRANCHISE\n|\n|upkeep\n|\n|t:|1699884259\n|switch|p2a: N95|Greninja, M|43\/100\n|turn|52\n|\n|t:|1699884261\n|-end|p1a: Kingambit|fallen4|[silent]\n|switch|p1a: Alomomola|Alomomola, M|100\/100\n|-damage|p1a: Alomomola|88\/100|[from] Stealth Rock\n|-terastallize|p2a: N95|Water\n|move|p2a: N95|Water Shuriken|p1a: Alomomola\n|-resisted|p1a: Alomomola\n|-damage|p1a: Alomomola|82\/100\n|-resisted|p1a: Alomomola\n|-damage|p1a: Alomomola|74\/100\n|-resisted|p1a: Alomomola\n|-damage|p1a: Alomomola|68\/100\n|-hitcount|p1a: Alomomola|3\n|-damage|p2a: N95|33\/100|[from] item: Life Orb\n|\n|upkeep\n|turn|53\n|\n|t:|1699884266\n|move|p1a: Alomomola|Protect|p1a: Alomomola\n|-singleturn|p1a: Alomomola|Protect\n|move|p2a: N95|Dark Pulse|p1a: Alomomola\n|-activate|p1a: Alomomola|move: Protect\n|\n|upkeep\n|turn|54\n|\n|t:|1699884269\n|move|p2a: N95|Dark Pulse|p1a: Alomomola\n|-damage|p1a: Alomomola|16\/100\n|-damage|p2a: N95|23\/100|[from] item: Life Orb\n|move|p1a: Alomomola|Wish|p1a: Alomomola\n|\n|upkeep\n|turn|55\n|\n|t:|1699884273\n|move|p1a: Alomomola|Protect|p1a: Alomomola\n|-singleturn|p1a: Alomomola|Protect\n|move|p2a: N95|Dark Pulse|p1a: Alomomola\n|-activate|p1a: Alomomola|move: Protect\n|\n|-heal|p1a: Alomomola|66\/100|[from] move: Wish|[wisher] Alomomola\n|upkeep\n|turn|56\n|\n|t:|1699884276\n|move|p2a: N95|Dark Pulse|p1a: Alomomola\n|-damage|p1a: Alomomola|9\/100\n|-damage|p2a: N95|13\/100|[from] item: Life Orb\n|cant|p1a: Alomomola|flinch\n|\n|upkeep\n|turn|57\n|\n|t:|1699884285\n|move|p1a: Alomomola|Protect|p1a: Alomomola\n|-singleturn|p1a: Alomomola|Protect\n|move|p2a: N95|Dark Pulse|p1a: Alomomola\n|-activate|p1a: Alomomola|move: Protect\n|\n|upkeep\n|turn|58\n|\n|t:|1699884286\n|move|p2a: N95|Dark Pulse|p1a: Alomomola\n|-damage|p1a: Alomomola|0 fnt\n|faint|p1a: Alomomola\n|-ability|p2a: N95|Battle Bond|boost\n|-boost|p2a: N95|atk|1\n|-boost|p2a: N95|spa|1\n|-boost|p2a: N95|spe|1\n|-activate|p2a: N95|ability: Battle Bond\n|-damage|p2a: N95|4\/100|[from] item: Life Orb\n|\n|upkeep\n|\n|t:|1699884287\n|switch|p1a: Kingambit|Kingambit, M|28\/100\n|-activate|p1a: Kingambit|ability: Supreme Overlord\n|-start|p1a: Kingambit|fallen5|[silent]\n|turn|59\n|\n|t:|1699884292\n|move|p2a: N95|Water Shuriken|p1a: Kingambit\n|-damage|p1a: Kingambit|9\/100\n|-damage|p1a: Kingambit|0 fnt\n|faint|p1a: Kingambit\n|-end|p1a: Kingambit|fallen5|[silent]\n|-hitcount|p1: Kingambit|2\n|-damage|p2a: N95|0 fnt|[from] item: Life Orb\n|faint|p2a: N95\n|\n|win|littensalt\n|raw|jus_Rose's rating: 1199 &rarr; <strong>1182<\/strong><br \/>(-17 for losing)\n|raw|littensalt's rating: 1319 &rarr; <strong>1332<\/strong><br \/>(+13 for winning)\n|l|\u2606jus_Rose\n|c|\u2606littensalt|ggwp\n","uploadtime":1699884304,"views":6,"p1id":"jusrose","p2id":"littensalt","formatid":"gen9ou","rating":1182,"private":0,"password":""}