{"id":"gen9ou-1989781066","p1":"somebodyuknow2","p2":"EpicGamer069420","format":"[Gen 9] OU","log":"|j|\u2606somebodyuknow2\n|j|\u2606EpicGamer069420\n|t:|1699895190\n|gametype|singles\n|player|p1|somebodyuknow2|gentleman-gen4|1531\n|player|p2|EpicGamer069420|lucas|1609\n|teamsize|p1|6\n|teamsize|p2|6\n|gen|9\n|tier|[Gen 9] OU\n|rated|\n|rule|Sleep Clause Mod: Limit one foe put to sleep\n|rule|Species Clause: Limit one of each Pok\u00e9mon\n|rule|OHKO Clause: OHKO moves are banned\n|rule|Evasion Items Clause: Evasion items are banned\n|rule|Evasion Moves Clause: Evasion moves are banned\n|rule|Endless Battle Clause: Forcing endless battles is banned\n|rule|HP Percentage Mod: HP is shown in percentages\n|clearpoke\n|poke|p1|Alomomola, M|\n|poke|p1|Amoonguss, F|\n|poke|p1|Blissey, F|\n|poke|p1|Clefable, M|\n|poke|p1|Clodsire, F|\n|poke|p1|Dondozo, M|\n|poke|p2|Kingambit, F|\n|poke|p2|Glimmora, M|\n|poke|p2|Zamazenta-*|\n|poke|p2|Iron Valiant|\n|poke|p2|Iron Moth|\n|poke|p2|Ogerpon-Wellspring, F|\n|teampreview\n|inactive|Battle timer is ON: inactive players will automatically lose when time's up. (requested by EpicGamer069420)\n|inactive|somebodyuknow2 also wants the timer to be on.\n|\n|t:|1699895199\n|start\n|switch|p1a: B.blob|Blissey, F|100\/100\n|switch|p2a: Ogerpon|Ogerpon-Wellspring, F|100\/100\n|turn|1\n|\n|t:|1699895203\n|switch|p1a: A.sus|Amoonguss, F, shiny|100\/100\n|move|p2a: Ogerpon|Knock Off|p1a: A.sus\n|-damage|p1a: A.sus|73\/100\n|-enditem|p1a: A.sus|Heavy-Duty Boots|[from] move: Knock Off|[of] p2a: Ogerpon\n|\n|upkeep\n|turn|2\n|\n|t:|1699895214\n|switch|p2a: Kingambit|Kingambit, F|100\/100\n|move|p1a: A.sus|Foul Play|p2a: Kingambit\n|-resisted|p2a: Kingambit\n|-damage|p2a: Kingambit|84\/100\n|\n|upkeep\n|turn|3\n|\n|t:|1699895221\n|-end|p2a: Kingambit|fallenundefined|[silent]\n|switch|p2a: Glimmora|Glimmora, M|100\/100\n|switch|p1a: A.fish|Alomomola, M|100\/100\n|\n|upkeep\n|turn|4\n|\n|t:|1699895229\n|move|p2a: Glimmora|Mortal Spin|p1a: A.fish\n|-damage|p1a: A.fish|97\/100\n|-status|p1a: A.fish|psn\n|move|p1a: A.fish|Mirror Coat||[still]\n|-fail|p1a: A.fish\n|\n|-damage|p1a: A.fish|85\/100 psn|[from] psn\n|upkeep\n|turn|5\n|\n|t:|1699895235\n|move|p2a: Glimmora|Stealth Rock|p1a: A.fish\n|-sidestart|p1: somebodyuknow2|move: Stealth Rock\n|move|p1a: A.fish|Flip Turn|p2a: Glimmora\n|-supereffective|p2a: Glimmora\n|-damage|p2a: Glimmora|59\/100\n|-activate|p2a: Glimmora|ability: Toxic Debris\n|-sidestart|p1: somebodyuknow2|move: Toxic Spikes\n|\n|t:|1699895242\n|switch|p1a: B.blob|Blissey, F|100\/100|[from] Flip Turn\n|\n|upkeep\n|turn|6\n|\n|t:|1699895270\n|move|p2a: Glimmora|Power Gem|p1a: B.blob\n|-damage|p1a: B.blob|88\/100\n|move|p1a: B.blob|Seismic Toss|p2a: Glimmora\n|-damage|p2a: Glimmora|26\/100\n|-activate|p2a: Glimmora|ability: Toxic Debris\n|-sidestart|p1: somebodyuknow2|move: Toxic Spikes\n|\n|upkeep\n|turn|7\n|\n|t:|1699895275\n|move|p2a: Glimmora|Mortal Spin|p1a: B.blob\n|-damage|p1a: B.blob|77\/100\n|-status|p1a: B.blob|psn\n|move|p1a: B.blob|Seismic Toss|p2a: Glimmora\n|-damage|p2a: Glimmora|0 fnt\n|faint|p2a: Glimmora\n|\n|-damage|p1a: B.blob|64\/100 psn|[from] psn\n|upkeep\n|\n|t:|1699895285\n|switch|p2a: Ogerpon|Ogerpon-Wellspring, F|100\/100\n|turn|8\n|\n|t:|1699895299\n|switch|p2a: Iron Valiant|Iron Valiant|100\/100\n|-enditem|p2a: Iron Valiant|Booster Energy\n|-activate|p2a: Iron Valiant|ability: Quark Drive|[fromitem]\n|-start|p2a: Iron Valiant|quarkdrivespe\n|-curestatus|p1a: B.blob|psn|[from] ability: Natural Cure\n|switch|p1a: A.sus|Amoonguss, F, shiny|100\/100\n|-damage|p1a: A.sus|88\/100|[from] Stealth Rock\n|-sideend|p1: somebodyuknow2|move: Toxic Spikes|[of] p1a: A.sus\n|\n|upkeep\n|turn|9\n|\n|t:|1699895310\n|move|p2a: Iron Valiant|Hypnosis|p1a: A.sus\n|-status|p1a: A.sus|slp|[from] move: Hypnosis\n|cant|p1a: A.sus|slp\n|\n|upkeep\n|turn|10\n|\n|t:|1699895322\n|move|p2a: Iron Valiant|Psyshock|p1a: A.sus\n|-supereffective|p1a: A.sus\n|-damage|p1a: A.sus|50\/100 slp\n|cant|p1a: A.sus|slp\n|\n|upkeep\n|turn|11\n|\n|t:|1699895334\n|switch|p1a: C.moon|Clefable, M|100\/100\n|move|p2a: Iron Valiant|Calm Mind|p2a: Iron Valiant\n|-boost|p2a: Iron Valiant|spa|1\n|-boost|p2a: Iron Valiant|spd|1\n|\n|upkeep\n|turn|12\n|\n|t:|1699895349\n|-end|p2a: Iron Valiant|Quark Drive|[silent]\n|switch|p2a: Iron Moth|Iron Moth|100\/100\n|-enditem|p2a: Iron Moth|Booster Energy\n|-activate|p2a: Iron Moth|ability: Quark Drive|[fromitem]\n|-start|p2a: Iron Moth|quarkdrivespe\n|move|p1a: C.moon|Moonblast|p2a: Iron Moth\n|-resisted|p2a: Iron Moth\n|-damage|p2a: Iron Moth|92\/100\n|\n|upkeep\n|turn|13\n|\n|t:|1699895358\n|-end|p2a: Iron Moth|Quark Drive|[silent]\n|switch|p2a: Ogerpon|Ogerpon-Wellspring, F|100\/100\n|switch|p1a: C.friend|Clodsire, F|100\/100\n|\n|upkeep\n|turn|14\n|\n|t:|1699895382\n|switch|p1a: C.moon|Clefable, M|100\/100\n|move|p2a: Ogerpon|Ivy Cudgel|p1a: C.moon\n|-damage|p1a: C.moon|59\/100\n|\n|-heal|p1a: C.moon|65\/100|[from] item: Leftovers\n|upkeep\n|turn|15\n|\n|t:|1699895400\n|-terastallize|p2a: Ogerpon|Water\n|detailschange|p2a: Ogerpon|Ogerpon-Wellspring-Tera, F, tera:Water\n|-ability|p2a: Ogerpon|Embody Aspect (Wellspring)|boost\n|-boost|p2a: Ogerpon|spd|1\n|move|p2a: Ogerpon|Ivy Cudgel|p1a: C.moon\n|-crit|p1a: C.moon\n|-damage|p1a: C.moon|0 fnt\n|faint|p1a: C.moon\n|\n|upkeep\n|\n|t:|1699895420\n|switch|p1a: D.dozo|Dondozo, M|100\/100\n|turn|16\n|\n|t:|1699895424\n|-terastallize|p1a: D.dozo|Dragon\n|move|p2a: Ogerpon|Knock Off|p1a: D.dozo\n|-damage|p1a: D.dozo|83\/100\n|-enditem|p1a: D.dozo|Heavy-Duty Boots|[from] move: Knock Off|[of] p2a: Ogerpon\n|move|p1a: D.dozo|Body Press|p2a: Ogerpon\n|-damage|p2a: Ogerpon|65\/100\n|\n|upkeep\n|turn|17\n|\n|t:|1699895434\n|switch|p2a: Iron Valiant|Iron Valiant|100\/100\n|move|p1a: D.dozo|Body Press|p2a: Iron Valiant\n|-resisted|p2a: Iron Valiant\n|-damage|p2a: Iron Valiant|83\/100\n|\n|upkeep\n|turn|18\n|\n|t:|1699895442\n|switch|p1a: A.fish|Alomomola, M|100\/100 psn\n|move|p2a: Iron Valiant|Calm Mind|p2a: Iron Valiant\n|-boost|p2a: Iron Valiant|spa|1\n|-boost|p2a: Iron Valiant|spd|1\n|\n|-damage|p1a: A.fish|88\/100 psn|[from] psn\n|upkeep\n|turn|19\n|\n|t:|1699895447\n|move|p2a: Iron Valiant|Moonblast|p1a: A.fish\n|-damage|p1a: A.fish|5\/100 psn\n|move|p1a: A.fish|Mirror Coat|p2a: Iron Valiant\n|-damage|p2a: Iron Valiant|0 fnt\n|faint|p2a: Iron Valiant\n|-end|p2a: Iron Valiant|Quark Drive|[silent]\n|\n|-damage|p1a: A.fish|0 fnt|[from] psn\n|faint|p1a: A.fish\n|upkeep\n|\n|t:|1699895467\n|switch|p2a: Iron Moth|Iron Moth|92\/100\n|switch|p1a: A.sus|Amoonguss, F, shiny|83\/100 slp\n|-damage|p1a: A.sus|71\/100 slp|[from] Stealth Rock\n|turn|20\n|\n|t:|1699895473\n|switch|p1a: C.friend|Clodsire, F|100\/100\n|move|p2a: Iron Moth|Fiery Dance|p1a: C.friend\n|-damage|p1a: C.friend|78\/100\n|\n|upkeep\n|turn|21\n|\n|t:|1699895482\n|-end|p2a: Iron Moth|Quark Drive|[silent]\n|switch|p2a: Ogerpon|Ogerpon-Wellspring-Tera, F, tera:Water|65\/100\n|-ability|p2a: Ogerpon|Embody Aspect (Wellspring)|boost\n|-boost|p2a: Ogerpon|spd|1\n|move|p1a: C.friend|Spikes|p2a: Ogerpon\n|-sidestart|p2: EpicGamer069420|Spikes\n|\n|upkeep\n|turn|22\n|\n|t:|1699895490\n|switch|p2a: Iron Moth|Iron Moth|92\/100\n|-damage|p2a: Iron Moth|80\/100|[from] Spikes\n|switch|p1a: D.dozo|Dondozo, M, tera:Dragon|83\/100\n|-damage|p1a: D.dozo|71\/100|[from] Stealth Rock\n|\n|upkeep\n|turn|23\n|\n|t:|1699895499\n|-end|p2a: Iron Moth|Quark Drive|[silent]\n|switch|p2a: Ogerpon|Ogerpon-Wellspring-Tera, F, tera:Water|65\/100\n|-damage|p2a: Ogerpon|52\/100|[from] Spikes\n|-ability|p2a: Ogerpon|Embody Aspect (Wellspring)|boost\n|-boost|p2a: Ogerpon|spd|1\n|move|p1a: D.dozo|Rest|p1a: D.dozo\n|-status|p1a: D.dozo|slp|[from] move: Rest\n|-heal|p1a: D.dozo|100\/100 slp|[silent]\n|\n|upkeep\n|turn|24\n|\n|t:|1699895510\n|move|p2a: Ogerpon|Ivy Cudgel|p1a: D.dozo\n|-resisted|p1a: D.dozo\n|-damage|p1a: D.dozo|84\/100 slp\n|cant|p1a: D.dozo|slp\n|move|p1a: D.dozo|Sleep Talk|p1a: D.dozo\n|move|p1a: D.dozo|Body Press|p2a: Ogerpon|[from]move: Sleep Talk\n|-damage|p2a: Ogerpon|12\/100\n|\n|upkeep\n|turn|25\n|\n|t:|1699895518\n|move|p2a: Ogerpon|Knock Off|p1a: D.dozo\n|-damage|p1a: D.dozo|72\/100 slp\n|cant|p1a: D.dozo|slp\n|move|p1a: D.dozo|Sleep Talk|p1a: D.dozo\n|move|p1a: D.dozo|Body Press|p2a: Ogerpon|[from]move: Sleep Talk\n|-damage|p2a: Ogerpon|0 fnt\n|faint|p2a: Ogerpon\n|\n|upkeep\n|\n|t:|1699895526\n|switch|p2a: Zamazenta|Zamazenta, shiny|100\/100\n|-damage|p2a: Zamazenta|88\/100|[from] Spikes\n|-ability|p2a: Zamazenta|Dauntless Shield|boost\n|-boost|p2a: Zamazenta|def|1\n|turn|26\n|\n|t:|1699895549\n|move|p2a: Zamazenta|Body Press|p1a: D.dozo\n|-damage|p1a: D.dozo|60\/100 slp\n|-curestatus|p1a: D.dozo|slp|[msg]\n|move|p1a: D.dozo|Waterfall|p2a: Zamazenta\n|-damage|p2a: Zamazenta|63\/100\n|\n|-heal|p2a: Zamazenta|69\/100|[from] item: Leftovers\n|upkeep\n|turn|27\n|\n|t:|1699895554\n|move|p2a: Zamazenta|Body Press|p1a: D.dozo\n|-damage|p1a: D.dozo|46\/100\n|move|p1a: D.dozo|Waterfall|p2a: Zamazenta\n|-damage|p2a: Zamazenta|44\/100\n|\n|-heal|p2a: Zamazenta|50\/100|[from] item: Leftovers\n|upkeep\n|turn|28\n|\n|t:|1699895563\n|switch|p2a: Iron Moth|Iron Moth|80\/100\n|-damage|p2a: Iron Moth|67\/100|[from] Spikes\n|move|p1a: D.dozo|Rest|p1a: D.dozo\n|-status|p1a: D.dozo|slp|[from] move: Rest\n|-heal|p1a: D.dozo|100\/100 slp|[silent]\n|\n|upkeep\n|turn|29\n|\n|t:|1699895568\n|switch|p1a: B.blob|Blissey, F|64\/100\n|move|p2a: Iron Moth|Dazzling Gleam|p1a: B.blob\n|-damage|p1a: B.blob|56\/100\n|\n|upkeep\n|turn|30\n|\n|t:|1699895583\n|move|p2a: Iron Moth|Fiery Dance|p1a: B.blob\n|-damage|p1a: B.blob|45\/100\n|-boost|p2a: Iron Moth|spa|1\n|move|p1a: B.blob|Seismic Toss|p2a: Iron Moth\n|-damage|p2a: Iron Moth|34\/100\n|\n|upkeep\n|turn|31\n|\n|t:|1699895587\n|-end|p2a: Iron Moth|Quark Drive|[silent]\n|switch|p2a: Kingambit|Kingambit, F|84\/100\n|-damage|p2a: Kingambit|72\/100|[from] Spikes\n|-activate|p2a: Kingambit|ability: Supreme Overlord\n|-start|p2a: Kingambit|fallen3|[silent]\n|move|p1a: B.blob|Seismic Toss|p2a: Kingambit\n|-damage|p2a: Kingambit|43\/100\n|\n|upkeep\n|turn|32\n|\n|t:|1699895595\n|switch|p1a: D.dozo|Dondozo, M, tera:Dragon|100\/100 slp\n|-damage|p1a: D.dozo|88\/100 slp|[from] Stealth Rock\n|move|p2a: Kingambit|Kowtow Cleave|p1a: D.dozo\n|-damage|p1a: D.dozo|52\/100 slp\n|\n|upkeep\n|turn|33\n|\n|t:|1699895599\n|move|p2a: Kingambit|Kowtow Cleave|p1a: D.dozo\n|-damage|p1a: D.dozo|17\/100 slp\n|cant|p1a: D.dozo|slp\n|move|p1a: D.dozo|Sleep Talk|p1a: D.dozo\n|move|p1a: D.dozo|Waterfall|p2a: Kingambit|[from]move: Sleep Talk\n|-damage|p2a: Kingambit|17\/100\n|\n|upkeep\n|turn|34\n|\n|t:|1699895610\n|move|p2a: Kingambit|Kowtow Cleave|p1a: D.dozo\n|-damage|p1a: D.dozo|0 fnt\n|faint|p1a: D.dozo\n|\n|upkeep\n|\n|t:|1699895614\n|switch|p1a: A.sus|Amoonguss, F, shiny|100\/100 slp\n|-damage|p1a: A.sus|88\/100 slp|[from] Stealth Rock\n|turn|35\n|\n|t:|1699895631\n|-end|p2a: Kingambit|fallen3|[silent]\n|switch|p2a: Zamazenta|Zamazenta, shiny|50\/100\n|-damage|p2a: Zamazenta|37\/100|[from] Spikes\n|-curestatus|p1a: A.sus|slp|[msg]\n|move|p1a: A.sus|Foul Play|p2a: Zamazenta\n|-resisted|p2a: Zamazenta\n|-damage|p2a: Zamazenta|22\/100\n|\n|-heal|p2a: Zamazenta|28\/100|[from] item: Leftovers\n|upkeep\n|turn|36\n|\n|t:|1699895648\n|move|p2a: Zamazenta|Crunch|p1a: A.sus\n|-damage|p1a: A.sus|68\/100\n|move|p1a: A.sus|Spore|p2a: Zamazenta\n|-status|p2a: Zamazenta|slp|[from] move: Spore\n|\n|-heal|p2a: Zamazenta|34\/100 slp|[from] item: Leftovers\n|upkeep\n|turn|37\n|\n|t:|1699895654\n|switch|p2a: Iron Moth|Iron Moth|34\/100\n|-damage|p2a: Iron Moth|22\/100|[from] Spikes\n|move|p1a: A.sus|Giga Drain|p2a: Iron Moth\n|-resisted|p2a: Iron Moth\n|-damage|p2a: Iron Moth|16\/100\n|-heal|p1a: A.sus|70\/100|[from] drain|[of] p2a: Iron Moth\n|\n|upkeep\n|turn|38\n|\n|t:|1699895664\n|switch|p1a: B.blob|Blissey, F|45\/100\n|move|p2a: Iron Moth|Fiery Dance|p1a: B.blob\n|-damage|p1a: B.blob|34\/100\n|-boost|p2a: Iron Moth|spa|1\n|\n|upkeep\n|turn|39\n|\n|t:|1699895668\n|move|p2a: Iron Moth|Sludge Wave|p1a: B.blob\n|-damage|p1a: B.blob|13\/100\n|move|p1a: B.blob|Stealth Rock|p2a: Iron Moth\n|-sidestart|p2: EpicGamer069420|move: Stealth Rock\n|\n|upkeep\n|turn|40\n|\n|t:|1699895672\n|move|p2a: Iron Moth|Sludge Wave|p1a: B.blob\n|-damage|p1a: B.blob|0 fnt\n|faint|p1a: B.blob\n|\n|upkeep\n|\n|t:|1699895674\n|switch|p1a: C.friend|Clodsire, F|78\/100\n|turn|41\n|\n|t:|1699895681\n|move|p2a: Iron Moth|Fiery Dance|p1a: C.friend\n|-damage|p1a: C.friend|56\/100\n|-boost|p2a: Iron Moth|spa|1\n|move|p1a: C.friend|Poison Jab|p2a: Iron Moth\n|-resisted|p2a: Iron Moth\n|-damage|p2a: Iron Moth|1\/100\n|\n|upkeep\n|turn|42\n|\n|t:|1699895687\n|move|p2a: Iron Moth|Fiery Dance|p1a: C.friend\n|-damage|p1a: C.friend|35\/100\n|move|p1a: C.friend|Recover|p1a: C.friend\n|-heal|p1a: C.friend|85\/100\n|\n|upkeep\n|turn|43\n|\n|t:|1699895694\n|move|p2a: Iron Moth|Fiery Dance|p1a: C.friend\n|-damage|p1a: C.friend|62\/100\n|move|p1a: C.friend|Spikes|p2a: Iron Moth\n|-sidestart|p2: EpicGamer069420|Spikes\n|\n|upkeep\n|turn|44\n|\n|t:|1699895702\n|move|p2a: Iron Moth|Fiery Dance|p1a: C.friend\n|-damage|p1a: C.friend|42\/100\n|move|p1a: C.friend|Poison Jab|p2a: Iron Moth\n|-resisted|p2a: Iron Moth\n|-damage|p2a: Iron Moth|0 fnt\n|faint|p2a: Iron Moth\n|-end|p2a: Iron Moth|Quark Drive|[silent]\n|\n|upkeep\n|\n|t:|1699895708\n|switch|p2a: Kingambit|Kingambit, F|17\/100\n|-damage|p2a: Kingambit|0 fnt|[from] Spikes\n|faint|p2a: Kingambit\n|-end|p2a: Kingambit|fallen3|[silent]\n|\n|t:|1699895709\n|switch|p2a: Zamazenta|Zamazenta, shiny|34\/100 slp\n|-damage|p2a: Zamazenta|18\/100 slp|[from] Spikes\n|-damage|p2a: Zamazenta|12\/100 slp|[from] Stealth Rock\n|turn|45\n|\n|t:|1699895715\n|cant|p2a: Zamazenta|slp\n|move|p1a: C.friend|Poison Jab|p2a: Zamazenta\n|-damage|p2a: Zamazenta|0 fnt\n|faint|p2a: Zamazenta\n|\n|win|somebodyuknow2\n|raw|somebodyuknow2's rating: 1531 &rarr; <strong>1555<\/strong><br \/>(+24 for winning)\n|raw|EpicGamer069420's rating: 1609 &rarr; <strong>1585<\/strong><br \/>(-24 for losing)\n|l|\u2606EpicGamer069420\n","uploadtime":1699895732,"views":12,"p1id":"somebodyuknow2","p2id":"epicgamer069420","formatid":"gen9ou","rating":1555,"private":0,"password":""}