{"id":"gen9ou-1991428116","p1":"Defog Conk Enjoyer","p2":"tylerishere0118","format":"[Gen 9] OU","log":"|j|\u2606Defog Conk Enjoyer\n|j|\u2606tylerishere0118\n|t:|1700076278\n|gametype|singles\n|player|p1|Defog Conk Enjoyer|102|1261\n|player|p2|tylerishere0118|169|1295\n|teamsize|p1|6\n|teamsize|p2|6\n|gen|9\n|tier|[Gen 9] OU\n|rated|\n|rule|Sleep Clause Mod: Limit one foe put to sleep\n|rule|Species Clause: Limit one of each Pok\u00e9mon\n|rule|OHKO Clause: OHKO moves are banned\n|rule|Evasion Items Clause: Evasion items are banned\n|rule|Evasion Moves Clause: Evasion moves are banned\n|rule|Endless Battle Clause: Forcing endless battles is banned\n|rule|HP Percentage Mod: HP is shown in percentages\n|clearpoke\n|poke|p1|Ogerpon-Wellspring, F|\n|poke|p1|Rillaboom, M|\n|poke|p1|Sneasler, M|\n|poke|p1|Glimmora, F|\n|poke|p1|Gholdengo|\n|poke|p1|Iron Valiant|\n|poke|p2|Dragapult, F|\n|poke|p2|Enamorus, F|\n|poke|p2|Heatran, M|\n|poke|p2|Samurott-Hisui, M|\n|poke|p2|Landorus-Therian, M|\n|poke|p2|Slowking-Galar, M|\n|teampreview\n|\n|t:|1700076283\n|start\n|switch|p1a: Beyblade|Glimmora, F|100\/100\n|switch|p2a: Samurott|Samurott-Hisui, M|100\/100\n|turn|1\n|\n|t:|1700076294\n|switch|p1a: Rei|Ogerpon-Wellspring, F|100\/100\n|move|p2a: Samurott|Taunt|p1a: Rei\n|-start|p1a: Rei|move: Taunt\n|\n|upkeep\n|turn|2\n|\n|t:|1700076299\n|move|p1a: Rei|Horn Leech|p2a: Samurott\n|-supereffective|p2a: Samurott\n|-crit|p2a: Samurott\n|-enditem|p2a: Samurott|Focus Sash\n|-damage|p2a: Samurott|1\/100\n|move|p2a: Samurott|Ceaseless Edge|p1a: Rei\n|-damage|p1a: Rei|39\/100\n|-sidestart|p1: Defog Conk Enjoyer|Spikes\n|\n|upkeep\n|turn|3\n|\n|t:|1700076315\n|switch|p2a: Slowking|Slowking-Galar, M|100\/100\n|move|p1a: Rei|Knock Off|p2a: Slowking\n|-supereffective|p2a: Slowking\n|-damage|p2a: Slowking|18\/100\n|-enditem|p2a: Slowking|Heavy-Duty Boots|[from] move: Knock Off|[of] p1a: Rei\n|\n|-end|p1a: Rei|move: Taunt\n|upkeep\n|turn|4\n|\n|t:|1700076321\n|switch|p2a: Landorus|Landorus-Therian, M|100\/100\n|-ability|p2a: Landorus|Intimidate|boost\n|-unboost|p1a: Rei|atk|1\n|move|p1a: Rei|Knock Off|p2a: Landorus\n|-crit|p2a: Landorus\n|-damage|p2a: Landorus|62\/100\n|-enditem|p2a: Landorus|Leftovers|[from] move: Knock Off|[of] p1a: Rei\n|\n|upkeep\n|turn|5\n|\n|t:|1700076327\n|move|p1a: Rei|Ivy Cudgel|p2a: Landorus|[anim] Ivy Cudgel Water\n|-supereffective|p2a: Landorus\n|-damage|p2a: Landorus|4\/100\n|move|p2a: Landorus|U-turn|p1a: Rei\n|-supereffective|p1a: Rei\n|-damage|p1a: Rei|0 fnt\n|faint|p1a: Rei\n|\n|t:|1700076334\n|switch|p2a: Slowking|Slowking-Galar, M|52\/100|[from] U-turn\n|\n|upkeep\n|\n|t:|1700076350\n|switch|p1a: Harambe|Rillaboom, M, shiny|100\/100\n|-damage|p1a: Harambe|88\/100|[from] Spikes\n|-fieldstart|move: Grassy Terrain|[from] ability: Grassy Surge|[of] p1a: Harambe\n|turn|6\n|\n|t:|1700076362\n|move|p1a: Harambe|Knock Off|p2a: Slowking\n|-supereffective|p2a: Slowking\n|-damage|p2a: Slowking|1\/100\n|move|p2a: Slowking|Chilly Reception|p2a: Slowking\n|-weather|Snow\n|\n|t:|1700076366\n|switch|p2a: Heatran|Heatran, M|100\/100|[from] Chilly Reception\n|\n|-weather|Snow|[upkeep]\n|-heal|p1a: Harambe|94\/100|[from] Grassy Terrain\n|upkeep\n|turn|7\n|\n|t:|1700076373\n|switch|p1a: Beyblade|Glimmora, F|100\/100\n|-damage|p1a: Beyblade|88\/100|[from] Spikes\n|move|p2a: Heatran|Magma Storm|p1a: Beyblade\n|-resisted|p1a: Beyblade\n|-damage|p1a: Beyblade|46\/100\n|-activate|p1a: Beyblade|move: Magma Storm|[of] p2a: Heatran\n|\n|-weather|Snow|[upkeep]\n|-heal|p1a: Beyblade|52\/100|[from] Grassy Terrain\n|-damage|p1a: Beyblade|39\/100|[from] move: Magma Storm|[partiallytrapped]\n|upkeep\n|turn|8\n|\n|t:|1700076383\n|move|p1a: Beyblade|Earth Power|p2a: Heatran\n|-supereffective|p2a: Heatran\n|-damage|p2a: Heatran|0 fnt\n|faint|p2a: Heatran\n|\n|-weather|Snow|[upkeep]\n|-heal|p1a: Beyblade|46\/100|[from] Grassy Terrain\n|-end|p1a: Beyblade|Magma Storm|[partiallytrapped]|[silent]\n|upkeep\n|\n|t:|1700076394\n|switch|p2a: Slowking|Slowking-Galar, M|35\/100\n|turn|9\n|\n|t:|1700076399\n|switch|p2a: Landorus|Landorus-Therian, M|4\/100\n|-ability|p2a: Landorus|Intimidate|boost\n|-unboost|p1a: Beyblade|atk|1\n|move|p1a: Beyblade|Stealth Rock|p2a: Landorus\n|-sidestart|p2: tylerishere0118|move: Stealth Rock\n|\n|-weather|Snow|[upkeep]\n|-heal|p1a: Beyblade|52\/100|[from] Grassy Terrain\n|upkeep\n|turn|10\n|\n|t:|1700076406\n|move|p1a: Beyblade|Mortal Spin|p2a: Landorus\n|-resisted|p2a: Landorus\n|-damage|p2a: Landorus|3\/100\n|-status|p2a: Landorus|psn\n|-sideend|p1: Defog Conk Enjoyer|Spikes|[from] move: Mortal Spin|[of] p1a: Beyblade\n|move|p2a: Landorus|Earthquake|p1a: Beyblade\n|-supereffective|p1a: Beyblade\n|-damage|p1a: Beyblade|0 fnt\n|-activate|p1a: Beyblade|ability: Toxic Debris\n|-sidestart|p2: tylerishere0118|move: Toxic Spikes\n|faint|p1a: Beyblade\n|\n|-weather|none\n|-damage|p2a: Landorus|0 fnt|[from] psn\n|faint|p2a: Landorus\n|-fieldend|move: Grassy Terrain\n|upkeep\n|\n|t:|1700076414\n|switch|p1a: Harambe|Rillaboom, M, shiny|94\/100\n|switch|p2a: Slowking|Slowking-Galar, M|68\/100\n|-fieldstart|move: Grassy Terrain|[from] ability: Grassy Surge|[of] p1a: Harambe\n|-damage|p2a: Slowking|55\/100|[from] Stealth Rock\n|-sideend|p2: tylerishere0118|move: Toxic Spikes|[of] p2a: Slowking\n|turn|11\n|\n|t:|1700076420\n|move|p1a: Harambe|Knock Off|p2a: Slowking\n|-supereffective|p2a: Slowking\n|-damage|p2a: Slowking|6\/100\n|move|p2a: Slowking|Chilly Reception|p2a: Slowking\n|-weather|Snow\n|\n|t:|1700076429\n|switch|p2a: Enamorus|Enamorus, F|100\/100|[from] Chilly Reception\n|-damage|p2a: Enamorus|76\/100|[from] Stealth Rock\n|\n|-weather|Snow|[upkeep]\n|-heal|p1a: Harambe|100\/100|[from] Grassy Terrain\n|upkeep\n|turn|12\n|\n|t:|1700076451\n|move|p2a: Enamorus|Mystical Fire|p1a: Harambe\n|-supereffective|p1a: Harambe\n|-damage|p1a: Harambe|59\/100\n|-unboost|p1a: Harambe|spa|1\n|move|p1a: Harambe|U-turn|p2a: Enamorus\n|-resisted|p2a: Enamorus\n|-damage|p2a: Enamorus|66\/100\n|\n|t:|1700076454\n|switch|p1a: Once-ler|Sneasler, M, shiny|100\/100|[from] U-turn\n|-enditem|p1a: Once-ler|Grassy Seed\n|-boost|p1a: Once-ler|def|1|[from] item: Grassy Seed\n|\n|-weather|Snow|[upkeep]\n|upkeep\n|turn|13\n|\n|t:|1700076459\n|switch|p2a: Slowking|Slowking-Galar, M|39\/100\n|-damage|p2a: Slowking|27\/100|[from] Stealth Rock\n|move|p1a: Once-ler|Dire Claw|p2a: Slowking\n|-resisted|p2a: Slowking\n|-crit|p2a: Slowking\n|-damage|p2a: Slowking|0 fnt\n|faint|p2a: Slowking\n|\n|-weather|Snow|[upkeep]\n|upkeep\n|\n|t:|1700076470\n|switch|p2a: Enamorus|Enamorus, F|66\/100\n|-damage|p2a: Enamorus|41\/100|[from] Stealth Rock\n|turn|14\n|\n|t:|1700076472\n|move|p1a: Once-ler|Dire Claw|p2a: Enamorus\n|-supereffective|p2a: Enamorus\n|-damage|p2a: Enamorus|0 fnt\n|faint|p2a: Enamorus\n|\n|-weather|Snow|[upkeep]\n|upkeep\n|\n|t:|1700076480\n|switch|p2a: Dragapult|Dragapult, F|100\/100\n|-damage|p2a: Dragapult|88\/100|[from] Stealth Rock\n|turn|15\n|\n|t:|1700076483\n|-terastallize|p1a: Once-ler|Flying\n|move|p1a: Once-ler|Acrobatics|p2a: Dragapult\n|-crit|p2a: Dragapult\n|-damage|p2a: Dragapult|0 fnt\n|faint|p2a: Dragapult\n|\n|-weather|none\n|-fieldend|move: Grassy Terrain\n|upkeep\n|-message|tylerishere0118 forfeited.\n|\n|win|Defog Conk Enjoyer\n|raw|Defog Conk Enjoyer's rating: 1261 &rarr; <strong>1288<\/strong><br \/>(+27 for winning)\n|raw|tylerishere0118's rating: 1295 &rarr; <strong>1268<\/strong><br \/>(-27 for losing)\n|l|\u2606tylerishere0118\n","uploadtime":1700076520,"views":19,"p1id":"defogconkenjoyer","p2id":"tylerishere0118","formatid":"gen9ou","rating":1268,"private":0,"password":""}