{"id":"gen9ou-1996138633","p1":"Niknak841","p2":"twowhispers","format":"[Gen 9] OU","log":"|j|\u2606Niknak841\n|j|\u2606twowhispers\n|t:|1700649973\n|gametype|singles\n|player|p1|Niknak841|elesa|1863\n|player|p2|twowhispers|sabrina|1760\n|teamsize|p1|6\n|teamsize|p2|6\n|gen|9\n|tier|[Gen 9] OU\n|rated|\n|rule|Sleep Clause Mod: Limit one foe put to sleep\n|rule|Species Clause: Limit one of each Pok\u00e9mon\n|rule|OHKO Clause: OHKO moves are banned\n|rule|Evasion Items Clause: Evasion items are banned\n|rule|Evasion Moves Clause: Evasion moves are banned\n|rule|Endless Battle Clause: Forcing endless battles is banned\n|rule|HP Percentage Mod: HP is shown in percentages\n|clearpoke\n|poke|p1|Ribombee, M|\n|poke|p1|Gholdengo|\n|poke|p1|Manaphy|\n|poke|p1|Dragapult, M|\n|poke|p1|Iron Moth|\n|poke|p1|Great Tusk|\n|poke|p2|Kingambit, F|\n|poke|p2|Hatterene, F|\n|poke|p2|Torkoal, M|\n|poke|p2|Enamorus-Therian, F|\n|poke|p2|Cresselia, F|\n|poke|p2|Diancie|\n|teampreview\n|inactive|Battle timer is ON: inactive players will automatically lose when time's up. (requested by twowhispers)\n|inactive|Niknak841 also wants the timer to be on.\n|\n|t:|1700649982\n|start\n|switch|p1a: Iron Moth|Iron Moth|100\/100\n|switch|p2a: my hat is my shell|Hatterene, F|100\/100\n|-enditem|p1a: Iron Moth|Booster Energy\n|-activate|p1a: Iron Moth|ability: Quark Drive|[fromitem]\n|-start|p1a: Iron Moth|quarkdrivespa\n|turn|1\n|\n|t:|1700649986\n|move|p1a: Iron Moth|Sludge Wave|p2a: my hat is my shell\n|-supereffective|p2a: my hat is my shell\n|-enditem|p2a: my hat is my shell|Focus Sash\n|-damage|p2a: my hat is my shell|1\/100\n|move|p2a: my hat is my shell|Trick Room|p2a: my hat is my shell\n|-fieldstart|move: Trick Room|[of] p2a: my hat is my shell\n|\n|upkeep\n|turn|2\n|\n|t:|1700649993\n|-end|p1a: Iron Moth|Quark Drive|[silent]\n|switch|p1a: Ribombee|Ribombee, M|100\/100\n|move|p2a: my hat is my shell|Healing Wish|p2a: my hat is my shell\n|faint|p2a: my hat is my shell\n|\n|upkeep\n|\n|t:|1700650001\n|switch|p2a: pink shelly|Enamorus-Therian, F|100\/100\n|turn|3\n|\n|t:|1700650003\n|move|p2a: pink shelly|Mystical Fire|p1a: Ribombee\n|-supereffective|p1a: Ribombee\n|-enditem|p1a: Ribombee|Focus Sash\n|-damage|p1a: Ribombee|1\/100\n|-damage|p2a: pink shelly|91\/100|[from] item: Life Orb\n|move|p1a: Ribombee|Stun Spore|p2a: pink shelly\n|-immune|p2a: pink shelly|[from] ability: Overcoat\n|\n|upkeep\n|turn|4\n|\n|t:|1700650018\n|move|p2a: pink shelly|Moonblast|p1a: Ribombee\n|-damage|p1a: Ribombee|0 fnt\n|faint|p1a: Ribombee\n|-damage|p2a: pink shelly|81\/100|[from] item: Life Orb\n|\n|upkeep\n|\n|t:|1700650022\n|switch|p1a: Gholdengo|Gholdengo|100\/100\n|-item|p1a: Gholdengo|Air Balloon\n|turn|5\n|j| Meditate Golisopod\n|\n|t:|1700650031\n|switch|p2a: dark sasuk-shelly|Kingambit, F|100\/100\n|-activate|p2a: dark sasuk-shelly|ability: Supreme Overlord\n|-start|p2a: dark sasuk-shelly|fallen1|[silent]\n|switch|p1a: Iron Moth|Iron Moth|100\/100\n|\n|-fieldend|move: Trick Room\n|upkeep\n|turn|6\n|j| mew852\n|\n|t:|1700650038\n|-end|p2a: dark sasuk-shelly|fallen1|[silent]\n|switch|p2a: lunatic shelly|Cresselia, F|100\/100\n|move|p1a: Iron Moth|Fiery Dance|p2a: lunatic shelly\n|-damage|p2a: lunatic shelly|81\/100\n|-boost|p1a: Iron Moth|spa|1\n|\n|upkeep\n|turn|7\n|\n|t:|1700650040\n|move|p1a: Iron Moth|Sludge Wave|p2a: lunatic shelly\n|-damage|p2a: lunatic shelly|46\/100\n|move|p2a: lunatic shelly|Trick Room|p2a: lunatic shelly\n|-fieldstart|move: Trick Room|[of] p2a: lunatic shelly\n|\n|upkeep\n|turn|8\n|\n|t:|1700650049\n|switch|p2a: rocky shell|Diancie, shiny|100\/100\n|move|p1a: Iron Moth|Fiery Dance|p2a: rocky shell\n|-resisted|p2a: rocky shell\n|-damage|p2a: rocky shell|73\/100\n|\n|-heal|p2a: rocky shell|79\/100|[from] item: Leftovers\n|upkeep\n|turn|9\n|\n|t:|1700650058\n|-end|p1a: Iron Moth|Quark Drive|[silent]\n|switch|p1a: Great Tusk|Great Tusk|100\/100\n|-enditem|p1a: Great Tusk|Booster Energy\n|-activate|p1a: Great Tusk|ability: Protosynthesis|[fromitem]\n|-start|p1a: Great Tusk|protosynthesisatk\n|move|p2a: rocky shell|Diamond Storm|p1a: Great Tusk\n|-resisted|p1a: Great Tusk\n|-damage|p1a: Great Tusk|95\/100\n|\n|-heal|p2a: rocky shell|86\/100|[from] item: Leftovers\n|upkeep\n|turn|10\n|\n|t:|1700650069\n|switch|p2a: pink shelly|Enamorus-Therian, F|81\/100\n|-heal|p2a: pink shelly|100\/100|[from] move: Healing Wish\n|move|p1a: Great Tusk|Headlong Rush|p2a: pink shelly\n|-immune|p2a: pink shelly\n|\n|upkeep\n|turn|11\n|\n|t:|1700650077\n|-end|p1a: Great Tusk|Protosynthesis|[silent]\n|switch|p1a: Iron Moth|Iron Moth|100\/100\n|move|p2a: pink shelly|Mystical Fire|p1a: Iron Moth\n|-resisted|p1a: Iron Moth\n|-crit|p1a: Iron Moth\n|-damage|p1a: Iron Moth|72\/100\n|-unboost|p1a: Iron Moth|spa|1\n|-damage|p2a: pink shelly|91\/100|[from] item: Life Orb\n|\n|-fieldend|move: Trick Room\n|upkeep\n|turn|12\n|j| dfghhhg\n|\n|t:|1700650082\n|move|p1a: Iron Moth|Sludge Wave|p2a: pink shelly\n|-supereffective|p2a: pink shelly\n|-damage|p2a: pink shelly|20\/100\n|move|p2a: pink shelly|Earth Power|p1a: Iron Moth\n|-supereffective|p1a: Iron Moth\n|-damage|p1a: Iron Moth|0 fnt\n|faint|p1a: Iron Moth\n|-end|p1a: Iron Moth|Quark Drive|[silent]\n|-damage|p2a: pink shelly|10\/100|[from] item: Life Orb\n|\n|upkeep\n|\n|t:|1700650100\n|switch|p1a: Gholdengo|Gholdengo|100\/100\n|-item|p1a: Gholdengo|Air Balloon\n|turn|13\n|\n|t:|1700650108\n|switch|p2a: dark sasuk-shelly|Kingambit, F|100\/100\n|-activate|p2a: dark sasuk-shelly|ability: Supreme Overlord\n|-start|p2a: dark sasuk-shelly|fallen1|[silent]\n|-terastallize|p1a: Gholdengo|Fairy\n|move|p1a: Gholdengo|Nasty Plot|p1a: Gholdengo\n|-boost|p1a: Gholdengo|spa|2\n|\n|upkeep\n|turn|14\n|\n|t:|1700650113\n|move|p1a: Gholdengo|Dazzling Gleam|p2a: dark sasuk-shelly\n|-damage|p2a: dark sasuk-shelly|0 fnt\n|faint|p2a: dark sasuk-shelly\n|-end|p2a: dark sasuk-shelly|fallen1|[silent]\n|\n|upkeep\n|inactive|twowhispers has 120 seconds left.\n|\n|t:|1700650145\n|switch|p2a: rocky shell|Diancie, shiny|86\/100\n|turn|15\n|\n|t:|1700650149\n|-terastallize|p2a: rocky shell|Grass\n|move|p1a: Gholdengo|Shadow Ball|p2a: rocky shell\n|-damage|p2a: rocky shell|24\/100\n|move|p2a: rocky shell|Trick Room|p2a: rocky shell\n|-fieldstart|move: Trick Room|[of] p2a: rocky shell\n|\n|-heal|p2a: rocky shell|30\/100|[from] item: Leftovers\n|upkeep\n|turn|16\n|\n|t:|1700650155\n|switch|p2a: pink shelly|Enamorus-Therian, F|10\/100\n|move|p1a: Gholdengo|Nasty Plot|p1a: Gholdengo\n|-boost|p1a: Gholdengo|spa|2\n|\n|upkeep\n|turn|17\n|\n|t:|1700650166\n|switch|p1a: Dragapult|Dragapult, M|100\/100\n|move|p2a: pink shelly|Sludge Bomb|p1a: Dragapult\n|-resisted|p1a: Dragapult\n|-damage|p1a: Dragapult|71\/100\n|-damage|p2a: pink shelly|0 fnt|[from] item: Life Orb\n|faint|p2a: pink shelly\n|\n|upkeep\n|\n|t:|1700650178\n|switch|p2a: rocky shell|Diancie, shiny, tera:Grass|30\/100\n|turn|18\n|\n|t:|1700650183\n|move|p2a: rocky shell|Diamond Storm|p1a: Dragapult\n|-damage|p1a: Dragapult|19\/100\n|-boost|p2a: rocky shell|def|2\n|move|p1a: Dragapult|Shadow Ball|p2a: rocky shell\n|-damage|p2a: rocky shell|0 fnt\n|faint|p2a: rocky shell\n|\n|upkeep\n|\n|t:|1700650188\n|switch|p2a: lunatic shelly|Cresselia, F|46\/100\n|turn|19\n|\n|t:|1700650193\n|move|p2a: lunatic shelly|Moonblast|p1a: Dragapult\n|-supereffective|p1a: Dragapult\n|-damage|p1a: Dragapult|0 fnt\n|faint|p1a: Dragapult\n|\n|-fieldend|move: Trick Room\n|upkeep\n|\n|t:|1700650197\n|switch|p1a: Gholdengo|Gholdengo, tera:Fairy|100\/100\n|-item|p1a: Gholdengo|Air Balloon\n|turn|20\n|\n|t:|1700650200\n|move|p1a: Gholdengo|Shadow Ball|p2a: lunatic shelly\n|-supereffective|p2a: lunatic shelly\n|-damage|p2a: lunatic shelly|2\/100\n|move|p2a: lunatic shelly|Moonlight|p2a: lunatic shelly\n|-heal|p2a: lunatic shelly|52\/100\n|\n|upkeep\n|turn|21\n|\n|t:|1700650204\n|move|p1a: Gholdengo|Nasty Plot|p1a: Gholdengo\n|-boost|p1a: Gholdengo|spa|2\n|move|p2a: lunatic shelly|Trick Room|p2a: lunatic shelly\n|-fieldstart|move: Trick Room|[of] p2a: lunatic shelly\n|\n|upkeep\n|turn|22\n|\n|t:|1700650211\n|move|p2a: lunatic shelly|Lunar Dance|p2a: lunatic shelly\n|faint|p2a: lunatic shelly\n|move|p1a: Gholdengo|Shadow Ball|p2: lunatic shelly|[notarget]\n|-fail|p1a: Gholdengo\n|\n|upkeep\n|\n|t:|1700650213\n|switch|p2a: Shelly boy|Torkoal, M, shiny|100\/100\n|-weather|SunnyDay|[from] ability: Drought|[of] p2a: Shelly boy\n|turn|23\n|\n|t:|1700650224\n|move|p2a: Shelly boy|Flamethrower|p1a: Gholdengo\n|-damage|p1a: Gholdengo|0 fnt\n|-enditem|p1a: Gholdengo|Air Balloon\n|faint|p1a: Gholdengo\n|\n|-weather|SunnyDay|[upkeep]\n|upkeep\n|\n|t:|1700650226\n|switch|p1a: Manaphy|Manaphy|100\/100\n|turn|24\n|\n|t:|1700650232\n|move|p2a: Shelly boy|Flamethrower|p1a: Manaphy\n|-resisted|p1a: Manaphy\n|-damage|p1a: Manaphy|60\/100\n|-status|p1a: Manaphy|brn\n|move|p1a: Manaphy|Take Heart|p1a: Manaphy\n|-boost|p1a: Manaphy|spa|1\n|-boost|p1a: Manaphy|spd|1\n|-curestatus|p1a: Manaphy|brn|[msg]\n|\n|-weather|SunnyDay|[upkeep]\n|-heal|p1a: Manaphy|66\/100|[from] item: Leftovers\n|upkeep\n|turn|25\n|c|\u2606twowhispers|gg\n|-message|twowhispers forfeited.\n|\n|win|Niknak841\n|raw|Niknak841's rating: 1863 &rarr; <strong>1877<\/strong><br \/>(+14 for winning)\n|raw|twowhispers's rating: 1760 &rarr; <strong>1746<\/strong><br \/>(-14 for losing)\n|l|\u2606twowhispers\n|l| Meditate Golisopod\n|l|\u2606Niknak841\n","uploadtime":1700650398,"views":2,"p1id":"niknak841","p2id":"twowhispers","formatid":"gen9ou","rating":1746,"private":0,"password":""}