{"id":"gen9ou-1996532429","p1":"Furious Literature","p2":"Slo Overdose","format":"[Gen 9] OU","log":"|j|\u2606Furious Literature\n|j|\u2606Slo Overdose\n|t:|1700691351\n|gametype|singles\n|player|p1|Furious Literature|cyclistf-gen4|1444\n|player|p2|Slo Overdose|anabel|1398\n|teamsize|p1|6\n|teamsize|p2|6\n|gen|9\n|tier|[Gen 9] OU\n|rated|\n|rule|Sleep Clause Mod: Limit one foe put to sleep\n|rule|Species Clause: Limit one of each Pok\u00e9mon\n|rule|OHKO Clause: OHKO moves are banned\n|rule|Evasion Items Clause: Evasion items are banned\n|rule|Evasion Moves Clause: Evasion moves are banned\n|rule|Endless Battle Clause: Forcing endless battles is banned\n|rule|HP Percentage Mod: HP is shown in percentages\n|clearpoke\n|poke|p1|Blissey, F|\n|poke|p1|Zapdos|\n|poke|p1|Heatran, F|\n|poke|p1|Iron Valiant|\n|poke|p1|Kingambit, F|\n|poke|p1|Manaphy|\n|poke|p2|Iron Jugulis|\n|poke|p2|Iron Leaves|\n|poke|p2|Iron Hands|\n|poke|p2|Iron Valiant|\n|poke|p2|Dragapult, M|\n|poke|p2|Great Tusk|\n|teampreview\n|inactive|Battle timer is ON: inactive players will automatically lose when time's up. (requested by Furious Literature)\n|inactive|Slo Overdose also wants the timer to be on.\n|\n|t:|1700691361\n|start\n|switch|p1a: Tag Force|Iron Valiant|100\/100\n|switch|p2a: Dragapult|Dragapult, M|100\/100\n|-enditem|p1a: Tag Force|Booster Energy\n|-activate|p1a: Tag Force|ability: Quark Drive|[fromitem]\n|-start|p1a: Tag Force|quarkdrivespe\n|turn|1\n|\n|t:|1700691377\n|move|p1a: Tag Force|Moonblast|p2a: Dragapult\n|-supereffective|p2a: Dragapult\n|-damage|p2a: Dragapult|0 fnt\n|faint|p2a: Dragapult\n|\n|upkeep\n|\n|t:|1700691383\n|switch|p2a: Iron Leaves|Iron Leaves|100\/100\n|-enditem|p2a: Iron Leaves|Booster Energy\n|-activate|p2a: Iron Leaves|ability: Quark Drive|[fromitem]\n|-start|p2a: Iron Leaves|quarkdriveatk\n|turn|2\n|\n|t:|1700691395\n|move|p1a: Tag Force|Shadow Ball|p2a: Iron Leaves\n|-supereffective|p2a: Iron Leaves\n|-damage|p2a: Iron Leaves|49\/100\n|move|p2a: Iron Leaves|Psyblade|p1a: Tag Force\n|-supereffective|p1a: Tag Force\n|-damage|p1a: Tag Force|0 fnt\n|faint|p1a: Tag Force\n|-end|p1a: Tag Force|Quark Drive|[silent]\n|\n|upkeep\n|\n|t:|1700691418\n|switch|p1a: CA $vaness82love|Heatran, F|100\/100\n|turn|3\n|\n|t:|1700691422\n|move|p2a: Iron Leaves|Close Combat|p1a: CA $vaness82love\n|-supereffective|p1a: CA $vaness82love\n|-damage|p1a: CA $vaness82love|0 fnt\n|-unboost|p2a: Iron Leaves|def|1\n|-unboost|p2a: Iron Leaves|spd|1\n|faint|p1a: CA $vaness82love\n|\n|upkeep\n|\n|t:|1700691427\n|switch|p1a: VanessLife|Zapdos|100\/100\n|turn|4\n|\n|t:|1700691431\n|move|p2a: Iron Leaves|Psyblade|p1a: VanessLife\n|-damage|p1a: VanessLife|39\/100\n|move|p1a: VanessLife|Ancient Power|p2a: Iron Leaves\n|-damage|p2a: Iron Leaves|20\/100\n|\n|upkeep\n|turn|5\n|\n|t:|1700691441\n|switch|p1a: Kingambit|Kingambit, F|100\/100\n|-activate|p1a: Kingambit|ability: Supreme Overlord\n|-start|p1a: Kingambit|fallen2|[silent]\n|move|p2a: Iron Leaves|Close Combat|p1a: Kingambit\n|-supereffective|p1a: Kingambit\n|-damage|p1a: Kingambit|0 fnt\n|-unboost|p2a: Iron Leaves|def|1\n|-unboost|p2a: Iron Leaves|spd|1\n|faint|p1a: Kingambit\n|-end|p1a: Kingambit|fallen2|[silent]\n|\n|upkeep\n|\n|t:|1700691447\n|switch|p1a: C.App Vaness82love|Manaphy|100\/100\n|turn|6\n|-message|Furious Literature forfeited.\n|\n|win|Slo Overdose\n|raw|Furious Literature's rating: 1444 &rarr; <strong>1421<\/strong><br \/>(-23 for losing)\n|raw|Slo Overdose's rating: 1398 &rarr; <strong>1421<\/strong><br \/>(+23 for winning)\n|l|\u2606Furious Literature\n","uploadtime":1700691453,"views":2,"p1id":"furiousliterature","p2id":"slooverdose","formatid":"gen9ou","rating":1421,"private":0,"password":""}