{"id":"gen9ou-1990266916","p1":"CyberH3","p2":"bxkwx","format":"[Gen 9] OU","log":"|j|\u2606CyberH3\n|j|\u2606bxkwx\n|t:|1699947608\n|gametype|singles\n|player|p1|CyberH3|mars|1352\n|player|p2|bxkwx|marley|1349\n|teamsize|p1|6\n|teamsize|p2|6\n|gen|9\n|tier|[Gen 9] OU\n|rated|\n|rule|Sleep Clause Mod: Limit one foe put to sleep\n|rule|Species Clause: Limit one of each Pok\u00e9mon\n|rule|OHKO Clause: OHKO moves are banned\n|rule|Evasion Items Clause: Evasion items are banned\n|rule|Evasion Moves Clause: Evasion moves are banned\n|rule|Endless Battle Clause: Forcing endless battles is banned\n|rule|HP Percentage Mod: HP is shown in percentages\n|clearpoke\n|poke|p1|Landorus-Therian, M|\n|poke|p1|Goodra-Hisui, F|\n|poke|p1|Kleavor, M|\n|poke|p1|Scizor, M|\n|poke|p1|Mimikyu, M|\n|poke|p1|Thundurus-Therian, M|\n|poke|p2|Shaymin|\n|poke|p2|Rillaboom, F|\n|poke|p2|Sneasler, M|\n|poke|p2|Gholdengo|\n|poke|p2|Great Tusk|\n|poke|p2|Cinderace, M|\n|teampreview\n|\n|t:|1699947635\n|start\n|switch|p1a: suicopath|Kleavor, M|100\/100\n|switch|p2a: Great Tusk|Great Tusk|100\/100\n|turn|1\n|\n|t:|1699947647\n|move|p1a: suicopath|Dual Wingbeat|p2a: Great Tusk\n|-supereffective|p2a: Great Tusk\n|-damage|p2a: Great Tusk|79\/100\n|-supereffective|p2a: Great Tusk\n|-damage|p2a: Great Tusk|57\/100\n|-hitcount|p2a: Great Tusk|2\n|move|p2a: Great Tusk|Stealth Rock|p1a: suicopath\n|-sidestart|p1: CyberH3|move: Stealth Rock\n|\n|upkeep\n|turn|2\n|\n|t:|1699947674\n|switch|p1a: Sora Soaring|Thundurus-Therian, M|100\/100\n|-damage|p1a: Sora Soaring|76\/100|[from] Stealth Rock\n|-end|p2a: Great Tusk|Protosynthesis|[silent]\n|switch|p2a: Gholdengo|Gholdengo|100\/100\n|\n|upkeep\n|turn|3\n|\n|t:|1699947686\n|move|p2a: Gholdengo|Shadow Ball|p1a: Sora Soaring\n|-damage|p1a: Sora Soaring|14\/100\n|move|p1a: Sora Soaring|Dark Pulse|p2a: Gholdengo\n|-supereffective|p2a: Gholdengo\n|-damage|p2a: Gholdengo|8\/100\n|-damage|p1a: Sora Soaring|5\/100|[from] item: Life Orb\n|\n|upkeep\n|turn|4\n|\n|t:|1699947707\n|move|p2a: Gholdengo|Shadow Ball|p1a: Sora Soaring\n|-damage|p1a: Sora Soaring|0 fnt\n|faint|p1a: Sora Soaring\n|\n|upkeep\n|\n|t:|1699947712\n|switch|p1a: eat with scissors|Scizor, M|100\/100\n|-damage|p1a: eat with scissors|88\/100|[from] Stealth Rock\n|turn|5\n|\n|t:|1699947730\n|switch|p2a: Great Tusk|Great Tusk|57\/100\n|move|p1a: eat with scissors|Bullet Punch|p2a: Great Tusk\n|-damage|p2a: Great Tusk|27\/100\n|-damage|p1a: eat with scissors|78\/100|[from] item: Life Orb\n|\n|upkeep\n|turn|6\n|\n|t:|1699947741\n|-end|p2a: Great Tusk|Protosynthesis|[silent]\n|switch|p2a: Cinderace|Cinderace, M|100\/100\n|move|p1a: eat with scissors|Bullet Punch|p2a: Cinderace\n|-resisted|p2a: Cinderace\n|-damage|p2a: Cinderace|66\/100\n|-damage|p1a: eat with scissors|68\/100|[from] item: Life Orb\n|\n|upkeep\n|turn|7\n|\n|t:|1699947764\n|switch|p1a: my idol|Landorus-Therian, M|100\/100\n|-damage|p1a: my idol|88\/100|[from] Stealth Rock\n|-ability|p1a: my idol|Intimidate|boost\n|-unboost|p2a: Cinderace|atk|1\n|move|p2a: Cinderace|U-turn|p1a: my idol\n|-start|p2a: Cinderace|typechange|Bug|[from] ability: Libero\n|-resisted|p1a: my idol\n|-damage|p1a: my idol|81\/100\n|-damage|p2a: Cinderace|49\/100|[from] item: Rocky Helmet|[of] p1a: my idol\n|\n|t:|1699947769\n|switch|p2a: Rillaboom|Rillaboom, F|100\/100|[from] U-turn\n|-fieldstart|move: Grassy Terrain|[from] ability: Grassy Surge|[of] p2a: Rillaboom\n|\n|upkeep\n|turn|8\n|\n|t:|1699947776\n|move|p2a: Rillaboom|U-turn|p1a: my idol\n|-resisted|p1a: my idol\n|-damage|p1a: my idol|66\/100\n|-damage|p2a: Rillaboom|84\/100|[from] item: Rocky Helmet|[of] p1a: my idol\n|\n|t:|1699947785\n|switch|p2a: Sneasler|Sneasler, M|100\/100|[from] U-turn\n|-enditem|p2a: Sneasler|Grassy Seed\n|-boost|p2a: Sneasler|def|1|[from] item: Grassy Seed\n|move|p1a: my idol|Stealth Rock|p2a: Sneasler\n|-sidestart|p2: bxkwx|move: Stealth Rock\n|\n|upkeep\n|turn|9\n|\n|t:|1699947819\n|move|p2a: Sneasler|Swords Dance|p2a: Sneasler\n|-boost|p2a: Sneasler|atk|2\n|move|p1a: my idol|Earthquake|p2a: Sneasler\n|-supereffective|p2a: Sneasler\n|-damage|p2a: Sneasler|53\/100\n|\n|-heal|p2a: Sneasler|59\/100|[from] Grassy Terrain\n|upkeep\n|turn|10\n|\n|t:|1699947827\n|-terastallize|p2a: Sneasler|Flying\n|move|p2a: Sneasler|Swords Dance|p2a: Sneasler\n|-boost|p2a: Sneasler|atk|2\n|move|p1a: my idol|Earthquake|p2a: Sneasler\n|-immune|p2a: Sneasler\n|\n|upkeep\n|turn|11\n|\n|t:|1699947837\n|move|p2a: Sneasler|Acrobatics|p1a: my idol\n|-damage|p1a: my idol|0 fnt\n|-damage|p2a: Sneasler|43\/100|[from] item: Rocky Helmet|[of] p1a: my idol\n|faint|p1a: my idol\n|\n|-fieldend|move: Grassy Terrain\n|upkeep\n|\n|t:|1699947859\n|switch|p1a: eat with scissors|Scizor, M|68\/100\n|-damage|p1a: eat with scissors|56\/100|[from] Stealth Rock\n|turn|12\n|\n|t:|1699947872\n|move|p1a: eat with scissors|Bullet Punch|p2a: Sneasler\n|-damage|p2a: Sneasler|0 fnt\n|faint|p2a: Sneasler\n|-damage|p1a: eat with scissors|46\/100|[from] item: Life Orb\n|\n|upkeep\n|\n|t:|1699947892\n|switch|p2a: Cinderace|Cinderace, M|49\/100\n|turn|13\n|inactive|Battle timer is ON: inactive players will automatically lose when time's up. (requested by bxkwx)\n|\n|t:|1699947936\n|switch|p1a: suicopath|Kleavor, M|100\/100\n|-damage|p1a: suicopath|76\/100|[from] Stealth Rock\n|move|p2a: Cinderace|Pyro Ball|p1a: suicopath\n|-damage|p1a: suicopath|7\/100\n|\n|upkeep\n|turn|14\n|\n|t:|1699947958\n|switch|p2a: Great Tusk|Great Tusk|27\/100\n|move|p1a: suicopath|Night Slash|p2a: Great Tusk\n|-resisted|p2a: Great Tusk\n|-damage|p2a: Great Tusk|12\/100\n|\n|upkeep\n|turn|15\n|inactive|bxkwx has 120 seconds left.\n|\n|t:|1699947987\n|move|p1a: suicopath|Night Slash|p2a: Great Tusk\n|-resisted|p2a: Great Tusk\n|-damage|p2a: Great Tusk|0 fnt\n|faint|p2a: Great Tusk\n|-end|p2a: Great Tusk|Protosynthesis|[silent]\n|\n|upkeep\n|\n|t:|1699947991\n|switch|p2a: Cinderace|Cinderace, M|49\/100\n|turn|16\n|\n|t:|1699948009\n|move|p2a: Cinderace|Sucker Punch|p1a: suicopath\n|-start|p2a: Cinderace|typechange|Dark|[from] ability: Libero\n|-damage|p1a: suicopath|0 fnt\n|faint|p1a: suicopath\n|\n|upkeep\n|\n|t:|1699948027\n|switch|p1a: eat with scissors|Scizor, M|46\/100\n|-damage|p1a: eat with scissors|34\/100|[from] Stealth Rock\n|turn|17\n|\n|t:|1699948033\n|switch|p2a: Gholdengo|Gholdengo|8\/100\n|-damage|p2a: Gholdengo|2\/100|[from] Stealth Rock\n|switch|p1a: OHAYOLLIE|Mimikyu, M|100\/100\n|-damage|p1a: OHAYOLLIE|88\/100|[from] Stealth Rock\n|\n|upkeep\n|turn|18\n|\n|t:|1699948046\n|move|p1a: OHAYOLLIE|Shadow Sneak|p2a: Gholdengo\n|-supereffective|p2a: Gholdengo\n|-damage|p2a: Gholdengo|0 fnt\n|faint|p2a: Gholdengo\n|-damage|p1a: OHAYOLLIE|78\/100|[from] item: Life Orb\n|\n|upkeep\n|\n|t:|1699948052\n|switch|p2a: Rillaboom|Rillaboom, F|84\/100\n|-damage|p2a: Rillaboom|72\/100|[from] Stealth Rock\n|-fieldstart|move: Grassy Terrain|[from] ability: Grassy Surge|[of] p2a: Rillaboom\n|turn|19\n|\n|t:|1699948070\n|move|p1a: OHAYOLLIE|Shadow Claw|p2a: Rillaboom\n|-damage|p2a: Rillaboom|28\/100\n|-damage|p1a: OHAYOLLIE|68\/100|[from] item: Life Orb\n|move|p2a: Rillaboom|Knock Off|p1a: OHAYOLLIE\n|-activate|p1a: OHAYOLLIE|ability: Disguise\n|-damage|p1a: OHAYOLLIE|68\/100\n|-enditem|p1a: OHAYOLLIE|Life Orb|[from] move: Knock Off|[of] p2a: Rillaboom\n|detailschange|p1a: OHAYOLLIE|Mimikyu-Busted, M\n|-damage|p1a: OHAYOLLIE|56\/100|[from] pokemon: Mimikyu-Busted\n|\n|-heal|p1a: OHAYOLLIE|62\/100|[from] Grassy Terrain\n|-heal|p2a: Rillaboom|35\/100|[from] Grassy Terrain\n|upkeep\n|turn|20\n|\n|t:|1699948094\n|move|p1a: OHAYOLLIE|Shadow Claw|p2a: Rillaboom\n|-damage|p2a: Rillaboom|2\/100\n|move|p2a: Rillaboom|Knock Off|p1a: OHAYOLLIE\n|-damage|p1a: OHAYOLLIE|6\/100\n|\n|-heal|p1a: OHAYOLLIE|12\/100|[from] Grassy Terrain\n|-heal|p2a: Rillaboom|8\/100|[from] Grassy Terrain\n|upkeep\n|turn|21\n|\n|t:|1699948103\n|move|p1a: OHAYOLLIE|Drain Punch|p2a: Rillaboom\n|-damage|p2a: Rillaboom|0 fnt\n|-heal|p1a: OHAYOLLIE|17\/100|[from] drain|[of] p2a: Rillaboom\n|faint|p2a: Rillaboom\n|\n|-heal|p1a: OHAYOLLIE|23\/100|[from] Grassy Terrain\n|upkeep\n|\n|t:|1699948108\n|switch|p2a: Shaymin|Shaymin|100\/100\n|-damage|p2a: Shaymin|88\/100|[from] Stealth Rock\n|turn|22\n|\n|t:|1699948122\n|move|p1a: OHAYOLLIE|Shadow Sneak|p2a: Shaymin\n|-damage|p2a: Shaymin|72\/100\n|move|p2a: Shaymin|Earth Power|p1a: OHAYOLLIE\n|-damage|p1a: OHAYOLLIE|0 fnt\n|faint|p1a: OHAYOLLIE\n|-damage|p2a: Shaymin|62\/100|[from] item: Life Orb\n|\n|-heal|p2a: Shaymin|68\/100|[from] Grassy Terrain\n|upkeep\n|\n|t:|1699948125\n|switch|p1a: eat with scissors|Scizor, M|34\/100\n|-damage|p1a: eat with scissors|22\/100|[from] Stealth Rock\n|turn|23\n|\n|t:|1699948131\n|switch|p2a: Cinderace|Cinderace, M|49\/100\n|move|p1a: eat with scissors|Bullet Punch|p2a: Cinderace\n|-resisted|p2a: Cinderace\n|-damage|p2a: Cinderace|17\/100\n|-damage|p1a: eat with scissors|12\/100|[from] item: Life Orb\n|\n|-heal|p2a: Cinderace|23\/100|[from] Grassy Terrain\n|-heal|p1a: eat with scissors|18\/100|[from] Grassy Terrain\n|-fieldend|move: Grassy Terrain\n|upkeep\n|turn|24\n|\n|t:|1699948142\n|move|p2a: Cinderace|Sucker Punch|p1a: eat with scissors\n|-start|p2a: Cinderace|typechange|Dark|[from] ability: Libero\n|-damage|p1a: eat with scissors|0 fnt\n|faint|p1a: eat with scissors\n|\n|upkeep\n|\n|t:|1699948144\n|switch|p1a: Snail Altare|Goodra-Hisui, F|100\/100\n|-damage|p1a: Snail Altare|94\/100|[from] Stealth Rock\n|turn|25\n|\n|t:|1699948152\n|move|p1a: Snail Altare|Protect|p1a: Snail Altare\n|-singleturn|p1a: Snail Altare|Protect\n|move|p2a: Cinderace|Pyro Ball|p1a: Snail Altare\n|-activate|p1a: Snail Altare|move: Protect\n|\n|-heal|p1a: Snail Altare|100\/100|[from] item: Leftovers\n|upkeep\n|turn|26\n|\n|t:|1699948161\n|-terastallize|p1a: Snail Altare|Dragon\n|move|p2a: Cinderace|Pyro Ball|p1a: Snail Altare\n|-resisted|p1a: Snail Altare\n|-damage|p1a: Snail Altare|83\/100\n|move|p1a: Snail Altare|Ice Beam|p2a: Cinderace\n|-damage|p2a: Cinderace|0 fnt\n|faint|p2a: Cinderace\n|\n|-heal|p1a: Snail Altare|89\/100|[from] item: Leftovers\n|upkeep\n|\n|t:|1699948170\n|switch|p2a: Shaymin|Shaymin|68\/100\n|-damage|p2a: Shaymin|56\/100|[from] Stealth Rock\n|turn|27\n|\n|t:|1699948175\n|move|p2a: Shaymin|Synthesis|p2a: Shaymin\n|-heal|p2a: Shaymin|100\/100\n|move|p1a: Snail Altare|Ice Beam|p2a: Shaymin\n|-supereffective|p2a: Shaymin\n|-damage|p2a: Shaymin|35\/100\n|\n|-heal|p1a: Snail Altare|95\/100|[from] item: Leftovers\n|upkeep\n|turn|28\n|\n|t:|1699948179\n|move|p2a: Shaymin|Seed Flare|p1a: Snail Altare\n|-ability|p1a: Snail Altare|Sap Sipper|boost\n|-boost|p1a: Snail Altare|atk|1\n|move|p1a: Snail Altare|Ice Beam|p2a: Shaymin\n|-supereffective|p2a: Shaymin\n|-damage|p2a: Shaymin|0 fnt\n|faint|p2a: Shaymin\n|\n|win|CyberH3\n|raw|CyberH3's rating: 1352 &rarr; <strong>1372<\/strong><br \/>(+20 for winning)\n|raw|bxkwx's rating: 1349 &rarr; <strong>1329<\/strong><br \/>(-20 for losing)\n|c|\u2606CyberH3|gg\n|c|\u2606bxkwx|gg\n","uploadtime":1699948189,"views":12,"p1id":"cyberh3","p2id":"bxkwx","formatid":"gen9ou","rating":1329,"private":0,"password":""}