{"id":"gen9ou-1992421111","p1":"Cashamari3","p2":"TheZalmancer","format":"[Gen 9] OU","log":"|j|\u2606Cashamari3\n|j|\u2606TheZalmancer\n|t:|1700185570\n|gametype|singles\n|player|p1|Cashamari3|giovanni|1124\n|player|p2|TheZalmancer|skyla|1142\n|teamsize|p1|6\n|teamsize|p2|6\n|gen|9\n|tier|[Gen 9] OU\n|rated|\n|rule|Sleep Clause Mod: Limit one foe put to sleep\n|rule|Species Clause: Limit one of each Pok\u00e9mon\n|rule|OHKO Clause: OHKO moves are banned\n|rule|Evasion Items Clause: Evasion items are banned\n|rule|Evasion Moves Clause: Evasion moves are banned\n|rule|Endless Battle Clause: Forcing endless battles is banned\n|rule|HP Percentage Mod: HP is shown in percentages\n|clearpoke\n|poke|p1|Toedscruel, F|\n|poke|p1|Regidrago|\n|poke|p1|Hatterene, F|\n|poke|p1|Mamoswine, M|\n|poke|p1|Sinistcha|\n|poke|p1|Slowking-Galar, M|\n|poke|p2|Poliwrath, F|\n|poke|p2|Pelipper, F|\n|poke|p2|Overqwil, M|\n|poke|p2|Rillaboom, F|\n|poke|p2|Iron Treads|\n|poke|p2|Zapdos|\n|teampreview\n|\n|t:|1700185593\n|start\n|switch|p1a: Regidrago|Regidrago|100\/100\n|switch|p2a: Pelipper|Pelipper, F|100\/100\n|-weather|RainDance|[from] ability: Drizzle|[of] p2a: Pelipper\n|turn|1\n|\n|t:|1700185603\n|move|p1a: Regidrago|Dragon Energy|p2a: Pelipper\n|-damage|p2a: Pelipper|0 fnt\n|faint|p2a: Pelipper\n|\n|-weather|RainDance|[upkeep]\n|upkeep\n|\n|t:|1700185616\n|switch|p2a: Overqwil|Overqwil, M|100\/100\n|turn|2\n|\n|t:|1700185641\n|switch|p1a: Toedscruel|Toedscruel, F|100\/100\n|move|p2a: Overqwil|Swords Dance|p2a: Overqwil\n|-boost|p2a: Overqwil|atk|2\n|\n|-weather|RainDance|[upkeep]\n|upkeep\n|turn|3\n|c|\u2606TheZalmancer|!data Mycelium MIght\n|raw|<ul class=\"utilichart\"><li class=\"result\"><span class=\"col namecol\"><a href=\"https:\/\/dex.pokemonshowdown.com\/abilities\/myceliummight\">Mycelium Might<\/a><\/span> <span class=\"col abilitydesccol\">This Pokemon's Status moves go last in their priority bracket and ignore Abilities.<\/span> <\/li><li style=\"clear:both\"><\/li><\/ul>\n\n|\n|t:|1700185670\n|move|p2a: Overqwil|Liquidation|p1a: Toedscruel\n|-damage|p1a: Toedscruel|0 fnt\n|faint|p1a: Toedscruel\n|-damage|p2a: Overqwil|91\/100|[from] item: Life Orb\n|\n|-weather|RainDance|[upkeep]\n|upkeep\n|\n|t:|1700185691\n|switch|p1a: Slowking|Slowking-Galar, M|100\/100\n|turn|4\n|\n|t:|1700185696\n|move|p2a: Overqwil|Crunch|p1a: Slowking\n|-supereffective|p1a: Slowking\n|-damage|p1a: Slowking|0 fnt\n|-damage|p2a: Overqwil|74\/100|[from] item: Rocky Helmet|[of] p1a: Slowking\n|faint|p1a: Slowking\n|-damage|p2a: Overqwil|64\/100|[from] item: Life Orb\n|\n|-weather|RainDance|[upkeep]\n|upkeep\n|\n|t:|1700185713\n|switch|p1a: Mamoswine|Mamoswine, M|100\/100\n|turn|5\n|\n|t:|1700185718\n|move|p2a: Overqwil|Liquidation|p1a: Mamoswine\n|-supereffective|p1a: Mamoswine\n|-damage|p1a: Mamoswine|0 fnt\n|faint|p1a: Mamoswine\n|-damage|p2a: Overqwil|55\/100|[from] item: Life Orb\n|\n|-weather|RainDance|[upkeep]\n|upkeep\n|\n|t:|1700185724\n|switch|p1a: Sinistcha|Sinistcha|100\/100\n|turn|6\n|\n|t:|1700185730\n|move|p2a: Overqwil|Crunch|p1a: Sinistcha\n|-supereffective|p1a: Sinistcha\n|-damage|p1a: Sinistcha|0 fnt\n|-damage|p2a: Overqwil|38\/100|[from] item: Rocky Helmet|[of] p1a: Sinistcha\n|faint|p1a: Sinistcha\n|-damage|p2a: Overqwil|28\/100|[from] item: Life Orb\n|\n|-weather|RainDance|[upkeep]\n|upkeep\n|\n|t:|1700185737\n|switch|p1a: Regidrago|Regidrago|100\/100\n|turn|7\n|\n|t:|1700185741\n|move|p2a: Overqwil|Gunk Shot|p1a: Regidrago\n|-damage|p1a: Regidrago|0 fnt\n|faint|p1a: Regidrago\n|-damage|p2a: Overqwil|19\/100|[from] item: Life Orb\n|\n|-weather|RainDance|[upkeep]\n|upkeep\n|\n|t:|1700185743\n|switch|p1a: Hatterene|Hatterene, F|100\/100\n|turn|8\n|\n|t:|1700185748\n|move|p2a: Overqwil|Gunk Shot|p1a: Hatterene\n|-supereffective|p1a: Hatterene\n|-damage|p1a: Hatterene|0 fnt\n|faint|p1a: Hatterene\n|-damage|p2a: Overqwil|9\/100|[from] item: Life Orb\n|\n|win|TheZalmancer\n|raw|Cashamari3's rating: 1124 &rarr; <strong>1100<\/strong><br \/>(-24 for losing)\n|raw|TheZalmancer's rating: 1142 &rarr; <strong>1166<\/strong><br \/>(+24 for winning)\n|l|\u2606Cashamari3\n","uploadtime":1700185761,"views":9,"p1id":"cashamari3","p2id":"thezalmancer","formatid":"gen9ou","rating":1100,"private":0,"password":""}