{"id":"gen9ou-2000173605","p1":"unimulticorn","p2":"tom-bomb117","format":"[Gen 9] OU","log":"|j|\u2606unimulticorn\n|j|\u2606tom-bomb117\n|t:|1701167237\n|gametype|singles\n|player|p1|unimulticorn|caitlin|1140\n|player|p2|tom-bomb117|102|1038\n|teamsize|p1|6\n|teamsize|p2|6\n|gen|9\n|tier|[Gen 9] OU\n|rated|\n|rule|Sleep Clause Mod: Limit one foe put to sleep\n|rule|Species Clause: Limit one of each Pok\u00e9mon\n|rule|OHKO Clause: OHKO moves are banned\n|rule|Evasion Items Clause: Evasion items are banned\n|rule|Evasion Moves Clause: Evasion moves are banned\n|rule|Endless Battle Clause: Forcing endless battles is banned\n|rule|HP Percentage Mod: HP is shown in percentages\n|clearpoke\n|poke|p1|Dragonite, F|\n|poke|p1|Corviknight, M|\n|poke|p1|Quaquaval, F|\n|poke|p1|Cinderace, M|\n|poke|p1|Kingambit, F|\n|poke|p1|Iron Leaves|\n|poke|p2|Cinderace, F|\n|poke|p2|Glimmora, M|\n|poke|p2|Greninja-*, M|\n|poke|p2|Ambipom, M|\n|poke|p2|Zangoose, M|\n|poke|p2|Heracross, M|\n|teampreview\n|inactive|Battle timer is ON: inactive players will automatically lose when time's up. (requested by unimulticorn)\n|\n|t:|1701167242\n|start\n|switch|p1a: Quaquaval|Quaquaval, F|100\/100\n|switch|p2a: Glimmora|Glimmora, M|100\/100\n|turn|1\n|\n|t:|1701167249\n|move|p2a: Glimmora|Spiky Shield|p2a: Glimmora\n|-singleturn|p2a: Glimmora|move: Protect\n|move|p1a: Quaquaval|Aqua Step|p2a: Glimmora\n|-activate|p2a: Glimmora|move: Protect\n|-damage|p1a: Quaquaval|88\/100|[from] Spiky Shield|[of] p2a: Glimmora\n|\n|upkeep\n|turn|2\n|j| young shiner\n|\n|t:|1701167263\n|move|p1a: Quaquaval|Aqua Step|p2a: Glimmora\n|-supereffective|p2a: Glimmora\n|-damage|p2a: Glimmora|28\/100\n|-boost|p1a: Quaquaval|spe|1\n|-activate|p2a: Glimmora|ability: Toxic Debris\n|-sidestart|p1: unimulticorn|move: Toxic Spikes\n|-enditem|p2a: Glimmora|Eject Button\n|\n|t:|1701167274\n|switch|p2a: Ambipom|Ambipom, M|100\/100\n|\n|upkeep\n|turn|3\n|\n|t:|1701167279\n|move|p2a: Ambipom|Fake Out|p1a: Quaquaval\n|-damage|p1a: Quaquaval|39\/100\n|cant|p1a: Quaquaval|flinch\n|\n|upkeep\n|turn|4\n|\n|t:|1701167291\n|move|p1a: Quaquaval|Reversal|p2a: Ambipom\n|-supereffective|p2a: Ambipom\n|-damage|p2a: Ambipom|32\/100\n|move|p2a: Ambipom|U-turn|p1a: Quaquaval\n|-resisted|p1a: Quaquaval\n|-damage|p1a: Quaquaval|24\/100\n|inactive|tom-bomb117 has 120 seconds left.\n|\n|t:|1701167319\n|switch|p2a: Glimmora|Glimmora, M|28\/100|[from] U-turn\n|\n|upkeep\n|turn|5\n|\n|t:|1701167324\n|move|p2a: Glimmora|Spiky Shield|p2a: Glimmora\n|-singleturn|p2a: Glimmora|move: Protect\n|move|p1a: Quaquaval|Aqua Step|p2a: Glimmora\n|-activate|p2a: Glimmora|move: Protect\n|-damage|p1a: Quaquaval|11\/100|[from] Spiky Shield|[of] p2a: Glimmora\n|\n|upkeep\n|turn|6\n|\n|t:|1701167342\n|move|p2a: Glimmora|Spiky Shield||[still]\n|-fail|p2a: Glimmora\n|move|p1a: Quaquaval|Rapid Spin|p2a: Glimmora\n|-resisted|p2a: Glimmora\n|-damage|p2a: Glimmora|19\/100\n|-boost|p1a: Quaquaval|spe|1\n|-activate|p2a: Glimmora|ability: Toxic Debris\n|-sidestart|p1: unimulticorn|move: Toxic Spikes\n|-sideend|p1: unimulticorn|Toxic Spikes|[from] move: Rapid Spin|[of] p1a: Quaquaval\n|\n|upkeep\n|turn|7\n|\n|t:|1701167352\n|switch|p1a: Dragonite|Dragonite, F|100\/100\n|move|p2a: Glimmora|Spiky Shield||[still]\n|-fail|p2a: Glimmora\n|\n|upkeep\n|turn|8\n|\n|t:|1701167359\n|move|p1a: Dragonite|Dragon Dance|p1a: Dragonite\n|-boost|p1a: Dragonite|atk|1\n|-boost|p1a: Dragonite|spe|1\n|move|p2a: Glimmora|Sludge Wave|p1a: Dragonite\n|-crit|p1a: Dragonite\n|-damage|p1a: Dragonite|60\/100\n|\n|upkeep\n|turn|9\n|\n|t:|1701167366\n|move|p1a: Dragonite|Dragon Dance|p1a: Dragonite\n|-boost|p1a: Dragonite|atk|1\n|-boost|p1a: Dragonite|spe|1\n|move|p2a: Glimmora|Sludge Wave|p1a: Dragonite\n|-damage|p1a: Dragonite|9\/100\n|\n|upkeep\n|turn|10\n|\n|t:|1701167371\n|move|p1a: Dragonite|Waterfall|p2a: Glimmora\n|-supereffective|p2a: Glimmora\n|-damage|p2a: Glimmora|0 fnt\n|-activate|p2a: Glimmora|ability: Toxic Debris\n|-sidestart|p1: unimulticorn|move: Toxic Spikes\n|faint|p2a: Glimmora\n|\n|upkeep\n|\n|t:|1701167375\n|switch|p2a: Ambipom|Ambipom, M|32\/100\n|turn|11\n|\n|t:|1701167387\n|switch|p1a: Kingambit|Kingambit, F|100\/100\n|move|p2a: Ambipom|Fake Out|p1a: Kingambit\n|-resisted|p1a: Kingambit\n|-damage|p1a: Kingambit|89\/100\n|\n|-heal|p1a: Kingambit|95\/100|[from] item: Leftovers\n|upkeep\n|turn|12\n|\n|t:|1701167405\n|-end|p1a: Kingambit|fallenundefined|[silent]\n|switch|p1a: Dragonite|Dragonite, F|9\/100\n|move|p2a: Ambipom|U-turn|p1a: Dragonite\n|-resisted|p1a: Dragonite\n|-damage|p1a: Dragonite|1\/100\n|\n|t:|1701167416\n|switch|p2a: Cinderace|Cinderace, F|100\/100|[from] U-turn\n|\n|upkeep\n|turn|13\n|\n|t:|1701167419\n|move|p2a: Cinderace|Court Change|p2a: Cinderace\n|-start|p2a: Cinderace|typechange|Normal|[from] ability: Libero\n|-swapsideconditions\n|-activate|p2a: Cinderace|move: Court Change\n|move|p1a: Dragonite|Waterfall|p2a: Cinderace\n|-crit|p2a: Cinderace\n|-damage|p2a: Cinderace|48\/100\n|\n|upkeep\n|turn|14\n|\n|t:|1701167434\n|move|p2a: Cinderace|U-turn|p1a: Dragonite\n|-resisted|p1a: Dragonite\n|-damage|p1a: Dragonite|0 fnt\n|faint|p1a: Dragonite\n|\n|t:|1701167441\n|switch|p2a: Zangoose|Zangoose, M, shiny|100\/100|[from] U-turn\n|-status|p2a: Zangoose|psn\n|\n|-damage|p2a: Zangoose|88\/100 psn|[from] psn\n|upkeep\n|\n|t:|1701167449\n|switch|p1a: Cinderace|Cinderace, M|100\/100\n|turn|15\n|\n|t:|1701167453\n|-terastallize|p2a: Zangoose|Normal\n|move|p2a: Zangoose|Facade|p1a: Cinderace\n|-damage|p1a: Cinderace|0 fnt\n|faint|p1a: Cinderace\n|\n|-damage|p2a: Zangoose|75\/100 psn|[from] psn\n|upkeep\n|\n|t:|1701167461\n|switch|p1a: Corviknight|Corviknight, M|100\/100\n|turn|16\n|\n|t:|1701167464\n|move|p2a: Zangoose|Facade|p1a: Corviknight\n|-resisted|p1a: Corviknight\n|-damage|p1a: Corviknight|41\/100\n|move|p1a: Corviknight|Body Press|p2a: Zangoose\n|-supereffective|p2a: Zangoose\n|-damage|p2a: Zangoose|11\/100 psn\n|\n|-heal|p1a: Corviknight|47\/100|[from] item: Leftovers\n|-damage|p2a: Zangoose|0 fnt|[from] psn\n|faint|p2a: Zangoose\n|upkeep\n|\n|t:|1701167474\n|switch|p2a: Heracross|Heracross, M|100\/100\n|-status|p2a: Heracross|psn\n|turn|17\n|\n|t:|1701167489\n|move|p2a: Heracross|Rock Blast|p1a: Corviknight\n|-damage|p1a: Corviknight|37\/100\n|-damage|p1a: Corviknight|27\/100\n|-damage|p1a: Corviknight|17\/100\n|-damage|p1a: Corviknight|6\/100\n|-hitcount|p1a: Corviknight|4\n|move|p1a: Corviknight|U-turn|p2a: Heracross\n|-resisted|p2a: Heracross\n|-damage|p2a: Heracross|90\/100 psn\n|\n|t:|1701167502\n|switch|p1a: Iron Leaves|Iron Leaves|100\/100|[from] U-turn\n|\n|-damage|p2a: Heracross|78\/100 psn|[from] psn\n|upkeep\n|turn|18\n|\n|t:|1701167517\n|switch|p2a: Greninja|Greninja, M|100\/100\n|-status|p2a: Greninja|psn\n|move|p1a: Iron Leaves|Agility|p1a: Iron Leaves\n|-boost|p1a: Iron Leaves|spe|2\n|\n|-damage|p2a: Greninja|88\/100 psn|[from] psn\n|upkeep\n|turn|19\n|\n|t:|1701167528\n|move|p1a: Iron Leaves|Leaf Blade|p2a: Greninja\n|-supereffective|p2a: Greninja\n|-damage|p2a: Greninja|0 fnt\n|faint|p2a: Greninja\n|\n|upkeep\n|\n|t:|1701167538\n|switch|p2a: Ambipom|Ambipom, M|32\/100\n|-status|p2a: Ambipom|psn\n|turn|20\n|\n|t:|1701167541\n|move|p2a: Ambipom|Fake Out|p1a: Iron Leaves\n|-damage|p1a: Iron Leaves|71\/100\n|cant|p1a: Iron Leaves|flinch\n|\n|-heal|p1a: Iron Leaves|78\/100|[from] item: Leftovers\n|-damage|p2a: Ambipom|20\/100 psn|[from] psn\n|upkeep\n|turn|21\n|\n|t:|1701167547\n|move|p1a: Iron Leaves|Leaf Blade|p2a: Ambipom\n|-damage|p2a: Ambipom|0 fnt\n|faint|p2a: Ambipom\n|\n|-heal|p1a: Iron Leaves|84\/100|[from] item: Leftovers\n|upkeep\n|\n|t:|1701167551\n|switch|p2a: Heracross|Heracross, M|78\/100 psn\n|turn|22\n|\n|t:|1701167557\n|move|p1a: Iron Leaves|Psyblade|p2a: Heracross\n|-supereffective|p2a: Heracross\n|-damage|p2a: Heracross|0 fnt\n|faint|p2a: Heracross\n|\n|-heal|p1a: Iron Leaves|90\/100|[from] item: Leftovers\n|upkeep\n|\n|t:|1701167560\n|switch|p2a: Cinderace|Cinderace, F|48\/100\n|-status|p2a: Cinderace|psn\n|turn|23\n|\n|t:|1701167563\n|move|p1a: Iron Leaves|Psyblade|p2a: Cinderace\n|-damage|p2a: Cinderace|0 fnt\n|faint|p2a: Cinderace\n|\n|win|unimulticorn\n|raw|unimulticorn's rating: 1140 &rarr; <strong>1158<\/strong><br \/>(+18 for winning)\n|raw|tom-bomb117's rating: 1038 &rarr; <strong>1027<\/strong><br \/>(-11 for losing)\n|l|\u2606tom-bomb117\n|c|\u2606unimulticorn|gg lol\n","uploadtime":1701167578,"views":15,"p1id":"unimulticorn","p2id":"tombomb117","formatid":"gen9ou","rating":1027,"private":0,"password":""}