{"id":"gen9ou-2000616828","p1":"2(H2O)-Alt","p2":"Poison Ivy Thorns","format":"[Gen 9] OU","log":"|j|\u26062(H2O)-Alt\n|j|\u2606Poison Ivy Thorns\n|t:|1701210927\n|gametype|singles\n|player|p1|2(H2O)-Alt|chase|1737\n|player|p2|Poison Ivy Thorns|hilda-masters3|1720\n|teamsize|p1|6\n|teamsize|p2|6\n|gen|9\n|tier|[Gen 9] OU\n|rated|\n|rule|Sleep Clause Mod: Limit one foe put to sleep\n|rule|Species Clause: Limit one of each Pok\u00e9mon\n|rule|OHKO Clause: OHKO moves are banned\n|rule|Evasion Items Clause: Evasion items are banned\n|rule|Evasion Moves Clause: Evasion moves are banned\n|rule|Endless Battle Clause: Forcing endless battles is banned\n|rule|HP Percentage Mod: HP is shown in percentages\n|clearpoke\n|poke|p1|Iron Valiant|\n|poke|p1|Greninja-*, M|\n|poke|p1|Glimmora, M|\n|poke|p1|Kingambit, M|\n|poke|p1|Iron Jugulis|\n|poke|p1|Iron Moth|\n|poke|p2|Iron Valiant|\n|poke|p2|Rillaboom, F|\n|poke|p2|Hawlucha, F|\n|poke|p2|Iron Moth|\n|poke|p2|Iron Treads|\n|poke|p2|Hydreigon, M|\n|teampreview\n|inactive|Battle timer is ON: inactive players will automatically lose when time's up. (requested by Poison Ivy Thorns)\n|inactive|2(H2O)-Alt also wants the timer to be on.\n|\n|t:|1701210950\n|start\n|switch|p1a: Iron Jugulis|Iron Jugulis|100\/100\n|switch|p2a: Iron Treads|Iron Treads|100\/100\n|-enditem|p1a: Iron Jugulis|Booster Energy\n|-activate|p1a: Iron Jugulis|ability: Quark Drive|[fromitem]\n|-start|p1a: Iron Jugulis|quarkdrivespe\n|turn|1\n|\n|t:|1701210955\n|-end|p2a: Iron Treads|Quark Drive|[silent]\n|switch|p2a: Hydreigon|Hydreigon, M|100\/100\n|move|p1a: Iron Jugulis|Taunt|p2a: Hydreigon\n|-start|p2a: Hydreigon|move: Taunt\n|\n|upkeep\n|turn|2\n|\n|t:|1701210960\n|move|p1a: Iron Jugulis|Hurricane|p2a: Hydreigon|[miss]\n|-miss|p1a: Iron Jugulis|p2a: Hydreigon\n|move|p2a: Hydreigon|Draco Meteor|p1a: Iron Jugulis\n|-damage|p1a: Iron Jugulis|20\/100\n|-unboost|p2a: Hydreigon|spa|2\n|\n|upkeep\n|turn|3\n|\n|t:|1701210966\n|move|p1a: Iron Jugulis|Hurricane|p2a: Hydreigon\n|-damage|p2a: Hydreigon|33\/100\n|move|p2a: Hydreigon|Draco Meteor|p1a: Iron Jugulis|[miss]\n|-miss|p2a: Hydreigon|p1a: Iron Jugulis\n|\n|-end|p2a: Hydreigon|move: Taunt\n|upkeep\n|turn|4\n|\n|t:|1701210971\n|switch|p2a: Iron Treads|Iron Treads|100\/100\n|move|p1a: Iron Jugulis|Hurricane|p2a: Iron Treads|[miss]\n|-miss|p1a: Iron Jugulis|p2a: Iron Treads\n|\n|upkeep\n|turn|5\n|j| sendpais\n|\n|t:|1701210979\n|-end|p2a: Iron Treads|Quark Drive|[silent]\n|switch|p2a: Rillaboom|Rillaboom, F|100\/100\n|-fieldstart|move: Grassy Terrain|[from] ability: Grassy Surge|[of] p2a: Rillaboom\n|move|p1a: Iron Jugulis|Fire Blast|p2a: Rillaboom\n|-supereffective|p2a: Rillaboom\n|-damage|p2a: Rillaboom|2\/100\n|\n|-heal|p2a: Rillaboom|8\/100|[from] Grassy Terrain\n|upkeep\n|turn|6\n|j| NicksRokaya\n|\n|t:|1701210990\n|-end|p1a: Iron Jugulis|Quark Drive|[silent]\n|switch|p1a: Glimmora|Glimmora, M|100\/100\n|move|p2a: Rillaboom|Grassy Glide|p1a: Glimmora\n|-damage|p1a: Glimmora|34\/100\n|-activate|p1a: Glimmora|ability: Toxic Debris\n|-sidestart|p2: Poison Ivy Thorns|move: Toxic Spikes\n|\n|-heal|p1a: Glimmora|40\/100|[from] Grassy Terrain\n|-heal|p2a: Rillaboom|14\/100|[from] Grassy Terrain\n|upkeep\n|turn|7\n|\n|t:|1701210995\n|move|p2a: Rillaboom|Grassy Glide|p1a: Glimmora\n|-damage|p1a: Glimmora|0 fnt\n|-activate|p1a: Glimmora|ability: Toxic Debris\n|-sidestart|p2: Poison Ivy Thorns|move: Toxic Spikes\n|faint|p1a: Glimmora\n|\n|-heal|p2a: Rillaboom|20\/100|[from] Grassy Terrain\n|upkeep\n|\n|t:|1701211004\n|switch|p1a: Iron Moth|Iron Moth|100\/100\n|-enditem|p1a: Iron Moth|Booster Energy\n|-activate|p1a: Iron Moth|ability: Quark Drive|[fromitem]\n|-start|p1a: Iron Moth|quarkdrivespe\n|turn|8\n|j| CDW1025\n|\n|t:|1701211011\n|switch|p2a: Iron Treads|Iron Treads|100\/100\n|move|p1a: Iron Moth|Fiery Dance|p2a: Iron Treads\n|-supereffective|p2a: Iron Treads\n|-damage|p2a: Iron Treads|0 fnt\n|faint|p2a: Iron Treads\n|-end|p2a: Iron Treads|Quark Drive|[silent]\n|\n|upkeep\n|\n|t:|1701211019\n|switch|p2a: Iron Moth|Iron Moth|100\/100\n|-sideend|p2: Poison Ivy Thorns|move: Toxic Spikes|[of] p2a: Iron Moth\n|-enditem|p2a: Iron Moth|Booster Energy\n|-activate|p2a: Iron Moth|ability: Quark Drive|[fromitem]\n|-start|p2a: Iron Moth|quarkdrivespe\n|turn|9\n|\n|t:|1701211022\n|move|p1a: Iron Moth|Fiery Dance|p2a: Iron Moth\n|-resisted|p2a: Iron Moth\n|-damage|p2a: Iron Moth|81\/100\n|move|p2a: Iron Moth|Psychic|p1a: Iron Moth\n|-supereffective|p1a: Iron Moth\n|-damage|p1a: Iron Moth|32\/100\n|-unboost|p1a: Iron Moth|spd|1\n|\n|-heal|p1a: Iron Moth|38\/100|[from] Grassy Terrain\n|-heal|p2a: Iron Moth|87\/100|[from] Grassy Terrain\n|-fieldend|move: Grassy Terrain\n|upkeep\n|turn|10\n|\n|t:|1701211027\n|move|p1a: Iron Moth|Psychic|p2a: Iron Moth\n|-supereffective|p2a: Iron Moth\n|-damage|p2a: Iron Moth|26\/100\n|move|p2a: Iron Moth|Psychic|p1a: Iron Moth\n|-supereffective|p1a: Iron Moth\n|-damage|p1a: Iron Moth|0 fnt\n|faint|p1a: Iron Moth\n|-end|p1a: Iron Moth|Quark Drive|[silent]\n|\n|upkeep\n|\n|t:|1701211031\n|switch|p1a: Greninja|Greninja, M|100\/100\n|turn|11\n|\n|t:|1701211039\n|-end|p2a: Iron Moth|Quark Drive|[silent]\n|switch|p2a: Hydreigon|Hydreigon, M|33\/100\n|move|p1a: Greninja|Water Shuriken|p2a: Hydreigon\n|-resisted|p2a: Hydreigon\n|-crit|p2a: Hydreigon\n|-damage|p2a: Hydreigon|26\/100\n|-resisted|p2a: Hydreigon\n|-damage|p2a: Hydreigon|21\/100\n|-resisted|p2a: Hydreigon\n|-damage|p2a: Hydreigon|16\/100\n|-hitcount|p2a: Hydreigon|3\n|-damage|p1a: Greninja|91\/100|[from] item: Life Orb\n|\n|upkeep\n|turn|12\n|\n|t:|1701211051\n|move|p2a: Hydreigon|Draco Meteor|p1a: Greninja\n|-damage|p1a: Greninja|0 fnt\n|-unboost|p2a: Hydreigon|spa|2\n|faint|p1a: Greninja\n|\n|upkeep\n|\n|t:|1701211055\n|switch|p1a: Iron Valiant|Iron Valiant|100\/100\n|-enditem|p1a: Iron Valiant|Booster Energy\n|-activate|p1a: Iron Valiant|ability: Quark Drive|[fromitem]\n|-start|p1a: Iron Valiant|quarkdrivespe\n|turn|13\n|\n|t:|1701211059\n|switch|p2a: Iron Moth|Iron Moth|26\/100\n|move|p1a: Iron Valiant|Swords Dance|p1a: Iron Valiant\n|-boost|p1a: Iron Valiant|atk|2\n|\n|upkeep\n|turn|14\n|\n|t:|1701211064\n|move|p1a: Iron Valiant|Knock Off|p2a: Iron Moth\n|-damage|p2a: Iron Moth|0 fnt\n|faint|p2a: Iron Moth\n|-end|p2a: Iron Moth|Quark Drive|[silent]\n|\n|upkeep\n|\n|t:|1701211068\n|switch|p2a: Rillaboom|Rillaboom, F|20\/100\n|-fieldstart|move: Grassy Terrain|[from] ability: Grassy Surge|[of] p2a: Rillaboom\n|turn|15\n|\n|t:|1701211072\n|move|p2a: Rillaboom|Grassy Glide|p1a: Iron Valiant\n|-damage|p1a: Iron Valiant|32\/100\n|move|p1a: Iron Valiant|Spirit Break|p2a: Rillaboom\n|-crit|p2a: Rillaboom\n|-damage|p2a: Rillaboom|0 fnt\n|faint|p2a: Rillaboom\n|\n|-heal|p1a: Iron Valiant|38\/100|[from] Grassy Terrain\n|upkeep\n|\n|t:|1701211080\n|switch|p2a: Hawlucha|Hawlucha, F|100\/100\n|-enditem|p2a: Hawlucha|Grassy Seed\n|-boost|p2a: Hawlucha|def|1|[from] item: Grassy Seed\n|turn|16\n|\n|t:|1701211083\n|-end|p1a: Iron Valiant|Quark Drive|[silent]\n|switch|p1a: Iron Jugulis|Iron Jugulis|20\/100\n|move|p2a: Hawlucha|Acrobatics|p1a: Iron Jugulis\n|-damage|p1a: Iron Jugulis|0 fnt\n|faint|p1a: Iron Jugulis\n|-end|p1a: Iron Jugulis|Quark Drive|[silent]\n|\n|upkeep\n|\n|t:|1701211086\n|switch|p1a: Kingambit|Kingambit, M|100\/100\n|-activate|p1a: Kingambit|ability: Supreme Overlord\n|-start|p1a: Kingambit|fallen4|[silent]\n|turn|17\n|\n|t:|1701211094\n|-terastallize|p1a: Kingambit|Fighting\n|move|p2a: Hawlucha|Fire Punch|p1a: Kingambit\n|-damage|p1a: Kingambit|82\/100\n|move|p1a: Kingambit|Iron Head|p2a: Hawlucha\n|-damage|p2a: Hawlucha|31\/100\n|\n|-heal|p1a: Kingambit|88\/100|[from] Grassy Terrain\n|-heal|p1a: Kingambit|94\/100|[from] item: Leftovers\n|upkeep\n|turn|18\n|\n|t:|1701211103\n|-end|p1a: Kingambit|fallen4|[silent]\n|switch|p1a: Iron Valiant|Iron Valiant|38\/100\n|move|p2a: Hawlucha|Acrobatics|p1a: Iron Valiant\n|-supereffective|p1a: Iron Valiant\n|-damage|p1a: Iron Valiant|0 fnt\n|faint|p1a: Iron Valiant\n|-end|p1a: Iron Valiant|Quark Drive|[silent]\n|\n|upkeep\n|\n|t:|1701211105\n|switch|p1a: Kingambit|Kingambit, M, tera:Fighting|94\/100\n|-activate|p1a: Kingambit|ability: Supreme Overlord\n|-start|p1a: Kingambit|fallen5|[silent]\n|turn|19\n|\n|t:|1701211108\n|move|p1a: Kingambit|Sucker Punch|p2a: Hawlucha\n|-resisted|p2a: Hawlucha\n|-damage|p2a: Hawlucha|2\/100\n|move|p2a: Hawlucha|Acrobatics|p1a: Kingambit\n|-supereffective|p1a: Kingambit\n|-damage|p1a: Kingambit|6\/100\n|\n|-heal|p1a: Kingambit|12\/100|[from] Grassy Terrain\n|-heal|p1a: Kingambit|18\/100|[from] item: Leftovers\n|-fieldend|move: Grassy Terrain\n|upkeep\n|turn|20\n|\n|t:|1701211113\n|move|p1a: Kingambit|Sucker Punch|p2a: Hawlucha\n|-resisted|p2a: Hawlucha\n|-damage|p2a: Hawlucha|0 fnt\n|faint|p2a: Hawlucha\n|\n|-heal|p1a: Kingambit|25\/100|[from] item: Leftovers\n|upkeep\n|\n|t:|1701211116\n|switch|p2a: Iron Valiant|Iron Valiant|100\/100\n|-enditem|p2a: Iron Valiant|Booster Energy\n|-activate|p2a: Iron Valiant|ability: Quark Drive|[fromitem]\n|-start|p2a: Iron Valiant|quarkdrivespe\n|turn|21\n|\n|t:|1701211119\n|move|p1a: Kingambit|Sucker Punch|p2a: Iron Valiant\n|-resisted|p2a: Iron Valiant\n|-damage|p2a: Iron Valiant|80\/100\n|move|p2a: Iron Valiant|Moonblast|p1a: Kingambit\n|-supereffective|p1a: Kingambit\n|-damage|p1a: Kingambit|0 fnt\n|faint|p1a: Kingambit\n|-end|p1a: Kingambit|fallen5|[silent]\n|\n|win|Poison Ivy Thorns\n|raw|2(H2O)-Alt's rating: 1737 &rarr; <strong>1716<\/strong><br \/>(-21 for losing)\n|raw|Poison Ivy Thorns's rating: 1720 &rarr; <strong>1741<\/strong><br \/>(+21 for winning)\n|c|\u2606Poison Ivy Thorns|gg\n","uploadtime":1701211134,"views":2,"p1id":"2h2oalt","p2id":"poisonivythorns","formatid":"gen9ou","rating":1716,"private":0,"password":""}