{"id":"gen9ou-2000254367","p1":"adrianan","p2":"khote","format":"[Gen 9] OU","log":"|j|\u2606adrianan\n|j|\u2606khote\n|t:|1701178016\n|gametype|singles\n|player|p1|adrianan|red|1759\n|player|p2|khote|burglar|1736\n|teamsize|p1|6\n|teamsize|p2|6\n|gen|9\n|tier|[Gen 9] OU\n|rated|\n|rule|Sleep Clause Mod: Limit one foe put to sleep\n|rule|Species Clause: Limit one of each Pok\u00e9mon\n|rule|OHKO Clause: OHKO moves are banned\n|rule|Evasion Items Clause: Evasion items are banned\n|rule|Evasion Moves Clause: Evasion moves are banned\n|rule|Endless Battle Clause: Forcing endless battles is banned\n|rule|HP Percentage Mod: HP is shown in percentages\n|clearpoke\n|poke|p1|Hariyama, F|\n|poke|p1|Azumarill, M|\n|poke|p1|Goodra-Hisui, M|\n|poke|p1|Glimmora, M|\n|poke|p1|Thundurus-Therian, M|\n|poke|p1|Garchomp, M|\n|poke|p2|Great Tusk|\n|poke|p2|Ogerpon-Wellspring, F|\n|poke|p2|Iron Moth|\n|poke|p2|Dragonite, M|\n|poke|p2|Slowking-Galar, M|\n|poke|p2|Zamazenta-*|\n|teampreview\n|inactive|Battle timer is ON: inactive players will automatically lose when time's up. (requested by adrianan)\n|\n|t:|1701178033\n|start\n|switch|p1a: Azumarill|Azumarill, M|100\/100\n|switch|p2a: Great Tusk|Great Tusk|100\/100\n|turn|1\n|\n|t:|1701178046\n|move|p2a: Great Tusk|Stealth Rock|p1a: Azumarill\n|-sidestart|p1: adrianan|move: Stealth Rock\n|move|p1a: Azumarill|Play Rough|p2a: Great Tusk\n|-supereffective|p2a: Great Tusk\n|-damage|p2a: Great Tusk|12\/100\n|\n|upkeep\n|turn|2\n|\n|t:|1701178054\n|move|p1a: Azumarill|Aqua Jet|p2a: Great Tusk\n|-supereffective|p2a: Great Tusk\n|-damage|p2a: Great Tusk|0 fnt\n|faint|p2a: Great Tusk\n|-end|p2a: Great Tusk|Protosynthesis|[silent]\n|\n|upkeep\n|\n|t:|1701178058\n|switch|p2a: Ogerpon|Ogerpon-Wellspring, F|100\/100\n|turn|3\n|\n|t:|1701178065\n|switch|p1a: Garchomp|Garchomp, M|100\/100\n|-damage|p1a: Garchomp|94\/100|[from] Stealth Rock\n|move|p2a: Ogerpon|Horn Leech|p1a: Garchomp\n|-damage|p1a: Garchomp|69\/100\n|-damage|p2a: Ogerpon|88\/100|[from] ability: Rough Skin|[of] p1a: Garchomp\n|-damage|p2a: Ogerpon|72\/100|[from] item: Rocky Helmet|[of] p1a: Garchomp\n|\n|upkeep\n|turn|4\n|j| ndghj76dbds\n|\n|t:|1701178076\n|move|p2a: Ogerpon|Ivy Cudgel|p1a: Garchomp|[anim] Ivy Cudgel Water\n|-damage|p1a: Garchomp|33\/100\n|move|p1a: Garchomp|Stealth Rock|p2a: Ogerpon\n|-sidestart|p2: khote|move: Stealth Rock\n|\n|upkeep\n|turn|5\n|\n|t:|1701178090\n|move|p2a: Ogerpon|Ivy Cudgel|p1a: Garchomp|[anim] Ivy Cudgel Water\n|-crit|p1a: Garchomp\n|-damage|p1a: Garchomp|0 fnt\n|faint|p1a: Garchomp\n|\n|upkeep\n|\n|t:|1701178097\n|switch|p1a: Thundurus|Thundurus-Therian, M|100\/100\n|-damage|p1a: Thundurus|76\/100|[from] Stealth Rock\n|turn|6\n|\n|t:|1701178101\n|switch|p2a: Slowking|Slowking-Galar, M|100\/100\n|-terastallize|p1a: Thundurus|Flying\n|move|p1a: Thundurus|Tera Blast|p2a: Slowking|[anim] Tera Blast Flying\n|-damage|p2a: Slowking|65\/100\n|\n|upkeep\n|turn|7\n|j| Elaia_64\n|j| Ran Kob\n|\n|t:|1701178110\n|switch|p1a: Glimmora|Glimmora, M|100\/100\n|-damage|p1a: Glimmora|88\/100|[from] Stealth Rock\n|move|p2a: Slowking|Chilly Reception|p2a: Slowking\n|-weather|Snow\n|\n|t:|1701178114\n|switch|p2a: Ogerpon|Ogerpon-Wellspring, F|72\/100|[from] Chilly Reception\n|-damage|p2a: Ogerpon|59\/100|[from] Stealth Rock\n|\n|-weather|Snow|[upkeep]\n|upkeep\n|turn|8\n|\n|t:|1701178129\n|switch|p1a: Goodra|Goodra-Hisui, M|100\/100\n|-damage|p1a: Goodra|94\/100|[from] Stealth Rock\n|move|p2a: Ogerpon|Ivy Cudgel|p1a: Goodra|[anim] Ivy Cudgel Water\n|-resisted|p1a: Goodra\n|-damage|p1a: Goodra|73\/100\n|\n|-weather|Snow|[upkeep]\n|upkeep\n|turn|9\n|\n|t:|1701178134\n|switch|p2a: Slowking|Slowking-Galar, M|98\/100\n|move|p1a: Goodra|Dragon Pulse|p2a: Slowking\n|-damage|p2a: Slowking|78\/100\n|\n|-weather|Snow|[upkeep]\n|upkeep\n|turn|10\n|\n|t:|1701178141\n|move|p1a: Goodra|Earthquake|p2a: Slowking\n|-supereffective|p2a: Slowking\n|-damage|p2a: Slowking|36\/100\n|move|p2a: Slowking|Chilly Reception|p2a: Slowking\n|j| cdx\n|j| xxCOALLAxx\n|j| fmn027\n|\n|t:|1701178146\n|switch|p2a: Zamazenta|Zamazenta|100\/100|[from] Chilly Reception\n|-damage|p2a: Zamazenta|94\/100|[from] Stealth Rock\n|-ability|p2a: Zamazenta|Dauntless Shield|boost\n|-boost|p2a: Zamazenta|def|1\n|\n|-weather|Snow|[upkeep]\n|-heal|p2a: Zamazenta|100\/100|[from] item: Leftovers\n|upkeep\n|turn|11\n|\n|t:|1701178153\n|switch|p1a: Glimmora|Glimmora, M|88\/100\n|-damage|p1a: Glimmora|76\/100|[from] Stealth Rock\n|move|p2a: Zamazenta|Body Press|p1a: Glimmora\n|-damage|p1a: Glimmora|12\/100\n|-activate|p1a: Glimmora|ability: Toxic Debris\n|-sidestart|p2: khote|move: Toxic Spikes\n|\n|-weather|none\n|upkeep\n|turn|12\n|\n|t:|1701178161\n|move|p2a: Zamazenta|Body Press|p1a: Glimmora\n|-damage|p1a: Glimmora|0 fnt\n|-activate|p1a: Glimmora|ability: Toxic Debris\n|-sidestart|p2: khote|move: Toxic Spikes\n|faint|p1a: Glimmora\n|\n|upkeep\n|\n|t:|1701178170\n|switch|p1a: Azumarill|Azumarill, M|100\/100\n|-damage|p1a: Azumarill|88\/100|[from] Stealth Rock\n|turn|13\n|\n|t:|1701178182\n|-terastallize|p2a: Zamazenta|Steel\n|move|p2a: Zamazenta|Iron Defense|p2a: Zamazenta\n|-boost|p2a: Zamazenta|def|2\n|move|p1a: Azumarill|Play Rough|p2a: Zamazenta\n|-resisted|p2a: Zamazenta\n|-damage|p2a: Zamazenta|92\/100\n|\n|-heal|p2a: Zamazenta|99\/100|[from] item: Leftovers\n|upkeep\n|turn|14\n|\n|t:|1701178189\n|move|p2a: Zamazenta|Body Press|p1a: Azumarill\n|-resisted|p1a: Azumarill\n|-damage|p1a: Azumarill|38\/100\n|-enditem|p1a: Azumarill|Sitrus Berry|[eat]\n|-heal|p1a: Azumarill|63\/100|[from] item: Sitrus Berry\n|move|p1a: Azumarill|Knock Off|p2a: Zamazenta\n|-damage|p2a: Zamazenta|86\/100\n|-enditem|p2a: Zamazenta|Leftovers|[from] move: Knock Off|[of] p1a: Azumarill\n|\n|upkeep\n|turn|15\n|\n|t:|1701178196\n|move|p2a: Zamazenta|Body Press|p1a: Azumarill\n|-resisted|p1a: Azumarill\n|-damage|p1a: Azumarill|14\/100\n|move|p1a: Azumarill|Brick Break|p2a: Zamazenta\n|-supereffective|p2a: Zamazenta\n|-damage|p2a: Zamazenta|69\/100\n|\n|upkeep\n|turn|16\n|\n|t:|1701178201\n|move|p1a: Azumarill|Aqua Jet|p2a: Zamazenta\n|-damage|p2a: Zamazenta|62\/100\n|move|p2a: Zamazenta|Body Press|p1a: Azumarill\n|-resisted|p1a: Azumarill\n|-damage|p1a: Azumarill|0 fnt\n|faint|p1a: Azumarill\n|\n|upkeep\n|\n|t:|1701178204\n|switch|p1a: Thundurus|Thundurus-Therian, M, tera:Flying|76\/100\n|-damage|p1a: Thundurus|51\/100|[from] Stealth Rock\n|turn|17\n|-message|adrianan forfeited.\n|\n|win|khote\n|raw|adrianan's rating: 1759 &rarr; <strong>1738<\/strong><br \/>(-21 for losing)\n|raw|khote's rating: 1736 &rarr; <strong>1757<\/strong><br \/>(+21 for winning)\n|l|\u2606adrianan\n|l| cdx\n|l| Elaia_64\n|l| fmn027\n|l|\u2606khote\n","uploadtime":1701178529,"views":4,"p1id":"adrianan","p2id":"khote","formatid":"gen9ou","rating":1738,"private":0,"password":""}