{"id":"gen9ou-1989410786","p1":"woomyink\u2022","p2":"helpimbadatthislol","format":"[Gen 9] OU","log":"|j|\u2606woomyink\u2022\n|j|\u2606helpimbadatthislol\n|t:|1699846725\n|gametype|singles\n|player|p1|woomyink\u2022|waiter-gen4dp|\n|player|p2|helpimbadatthislol|1|\n|teamsize|p1|6\n|teamsize|p2|6\n|gen|9\n|tier|[Gen 9] OU\n|rule|Sleep Clause Mod: Limit one foe put to sleep\n|rule|Species Clause: Limit one of each Pok\u00e9mon\n|rule|OHKO Clause: OHKO moves are banned\n|rule|Evasion Items Clause: Evasion items are banned\n|rule|Evasion Moves Clause: Evasion moves are banned\n|rule|Endless Battle Clause: Forcing endless battles is banned\n|rule|HP Percentage Mod: HP is shown in percentages\n|clearpoke\n|poke|p1|Tsareena, F|\n|poke|p1|Gholdengo|\n|poke|p1|Cloyster, M|\n|poke|p1|Ninetales-Alola, F|\n|poke|p1|Clefable, F|\n|poke|p1|Clodsire, M|\n|poke|p2|Dipplin, F|\n|poke|p2|Blissey, F|\n|poke|p2|Great Tusk|\n|poke|p2|Toxapex, F|\n|poke|p2|Ditto|\n|poke|p2|Ribombee, M|\n|teampreview\n|c|\u2606helpimbadatthislol|hehe\n|\n|t:|1699846735\n|start\n|switch|p1a: Clodsire|Clodsire, M|100\/100\n|switch|p2a: not a b truss me|Ribombee, M|100\/100\n|turn|1\n|\n|t:|1699846745\n|move|p2a: not a b truss me|Stun Spore|p1a: Clodsire\n|-status|p1a: Clodsire|par\n|cant|p1a: Clodsire|par\n|\n|upkeep\n|turn|2\n|\n|t:|1699846752\n|move|p2a: not a b truss me|Sticky Web|p1a: Clodsire\n|-sidestart|p1: woomyink\u2022|move: Sticky Web\n|move|p1a: Clodsire|Yawn|p2a: not a b truss me\n|-start|p2a: not a b truss me|move: Yawn|[of] p1a: Clodsire\n|\n|upkeep\n|turn|3\n|\n|t:|1699846762\n|switch|p2a: sleepi|Great Tusk|100\/100\n|cant|p1a: Clodsire|par\n|\n|upkeep\n|turn|4\n|\n|t:|1699846770\n|move|p2a: sleepi|Headlong Rush|p1a: Clodsire\n|-supereffective|p1a: Clodsire\n|-damage|p1a: Clodsire|0 fnt\n|-unboost|p2a: sleepi|def|1\n|-unboost|p2a: sleepi|spd|1\n|faint|p1a: Clodsire\n|\n|upkeep\n|\n|t:|1699846777\n|switch|p1a: Clefable|Clefable, F|100\/100\n|-activate|p1a: Clefable|move: Sticky Web\n|-unboost|p1a: Clefable|spe|1\n|turn|5\n|\n|t:|1699846782\n|-end|p2a: sleepi|Protosynthesis|[silent]\n|switch|p2a: stallster|Toxapex, F|100\/100\n|move|p1a: Clefable|Cosmic Power|p1a: Clefable\n|-boost|p1a: Clefable|def|1\n|-boost|p1a: Clefable|spd|1\n|\n|upkeep\n|turn|6\n|\n|t:|1699846789\n|move|p2a: stallster|Haze|p2a: stallster\n|-clearallboost\n|move|p1a: Clefable|Cosmic Power|p1a: Clefable\n|-boost|p1a: Clefable|def|1\n|-boost|p1a: Clefable|spd|1\n|\n|upkeep\n|turn|7\n|\n|t:|1699846797\n|move|p1a: Clefable|Psychic|p2a: stallster\n|-supereffective|p2a: stallster\n|-damage|p2a: stallster|71\/100\n|move|p2a: stallster|Liquidation|p1a: Clefable\n|-damage|p1a: Clefable|84\/100\n|-damage|p2a: stallster|54\/100|[from] item: Rocky Helmet|[of] p1a: Clefable\n|\n|-heal|p2a: stallster|61\/100|[from] item: Leftovers\n|upkeep\n|turn|8\n|\n|t:|1699846807\n|move|p1a: Clefable|Cosmic Power|p1a: Clefable\n|-boost|p1a: Clefable|def|1\n|-boost|p1a: Clefable|spd|1\n|move|p2a: stallster|Haze|p2a: stallster\n|-clearallboost\n|\n|-heal|p2a: stallster|67\/100|[from] item: Leftovers\n|upkeep\n|turn|9\n|\n|t:|1699846816\n|move|p1a: Clefable|Cosmic Power|p1a: Clefable\n|-boost|p1a: Clefable|def|1\n|-boost|p1a: Clefable|spd|1\n|move|p2a: stallster|Toxic|p1a: Clefable\n|-status|p1a: Clefable|tox\n|\n|-heal|p2a: stallster|73\/100|[from] item: Leftovers\n|upkeep\n|turn|10\n|\n|t:|1699846824\n|move|p1a: Clefable|Cosmic Power|p1a: Clefable\n|-boost|p1a: Clefable|def|1\n|-boost|p1a: Clefable|spd|1\n|move|p2a: stallster|Haze|p2a: stallster\n|-clearallboost\n|\n|-heal|p2a: stallster|79\/100|[from] item: Leftovers\n|upkeep\n|turn|11\n|\n|t:|1699846839\n|move|p1a: Clefable|Psychic|p2a: stallster\n|-supereffective|p2a: stallster\n|-damage|p2a: stallster|45\/100\n|move|p2a: stallster|Liquidation|p1a: Clefable\n|-damage|p1a: Clefable|60\/100 tox\n|-damage|p2a: stallster|29\/100|[from] item: Rocky Helmet|[of] p1a: Clefable\n|\n|-heal|p2a: stallster|35\/100|[from] item: Leftovers\n|upkeep\n|turn|12\n|c|\u2606helpimbadatthislol|hehe\n|\n|t:|1699846849\n|move|p1a: Clefable|Wish|p1a: Clefable\n|move|p2a: stallster|Recover|p2a: stallster\n|-heal|p2a: stallster|85\/100\n|\n|-heal|p2a: stallster|91\/100|[from] item: Leftovers\n|upkeep\n|turn|13\n|\n|t:|1699846860\n|move|p1a: Clefable|Cosmic Power|p1a: Clefable\n|-boost|p1a: Clefable|def|1\n|-boost|p1a: Clefable|spd|1\n|move|p2a: stallster|Liquidation|p1a: Clefable\n|-damage|p1a: Clefable|42\/100 tox\n|-unboost|p1a: Clefable|def|1\n|-damage|p2a: stallster|74\/100|[from] item: Rocky Helmet|[of] p1a: Clefable\n|\n|-heal|p1a: Clefable|92\/100 tox|[from] move: Wish|[wisher] Clefable\n|-heal|p2a: stallster|80\/100|[from] item: Leftovers\n|upkeep\n|turn|14\n|inactive|Battle timer is ON: inactive players will automatically lose when time's up. (requested by helpimbadatthislol)\n|\n|t:|1699846873\n|move|p1a: Clefable|Psychic|p2a: stallster\n|-supereffective|p2a: stallster\n|-damage|p2a: stallster|46\/100\n|move|p2a: stallster|Haze|p2a: stallster\n|-clearallboost\n|\n|-heal|p2a: stallster|52\/100|[from] item: Leftovers\n|upkeep\n|turn|15\n|\n|t:|1699846882\n|move|p1a: Clefable|Psychic|p2a: stallster\n|-supereffective|p2a: stallster\n|-damage|p2a: stallster|20\/100\n|move|p2a: stallster|Recover|p2a: stallster\n|-heal|p2a: stallster|70\/100\n|\n|-heal|p2a: stallster|76\/100|[from] item: Leftovers\n|upkeep\n|turn|16\n|\n|t:|1699846892\n|switch|p2a: bliss-e|Blissey, F|100\/100\n|move|p1a: Clefable|Cosmic Power|p1a: Clefable\n|-boost|p1a: Clefable|def|1\n|-boost|p1a: Clefable|spd|1\n|\n|upkeep\n|turn|17\n|\n|t:|1699846901\n|switch|p2a: stallster|Toxapex, F|100\/100\n|move|p1a: Clefable|Cosmic Power|p1a: Clefable\n|-boost|p1a: Clefable|def|1\n|-boost|p1a: Clefable|spd|1\n|\n|upkeep\n|turn|18\n|\n|t:|1699846912\n|move|p1a: Clefable|Cosmic Power|p1a: Clefable\n|-boost|p1a: Clefable|def|1\n|-boost|p1a: Clefable|spd|1\n|move|p2a: stallster|Haze|p2a: stallster\n|-clearallboost\n|\n|upkeep\n|turn|19\n|c|\u2606helpimbadatthislol|??\n|\n|t:|1699846920\n|switch|p2a: bliss-e|Blissey, F|100\/100\n|move|p1a: Clefable|Cosmic Power|p1a: Clefable\n|-boost|p1a: Clefable|def|1\n|-boost|p1a: Clefable|spd|1\n|\n|upkeep\n|turn|20\n|\n|t:|1699846927\n|switch|p2a: stallster|Toxapex, F|100\/100\n|move|p1a: Clefable|Psychic|p2a: stallster\n|-supereffective|p2a: stallster\n|-crit|p2a: stallster\n|-damage|p2a: stallster|54\/100\n|\n|-heal|p2a: stallster|61\/100|[from] item: Leftovers\n|upkeep\n|turn|21\n|\n|t:|1699846938\n|move|p1a: Clefable|Psychic|p2a: stallster\n|-supereffective|p2a: stallster\n|-damage|p2a: stallster|28\/100\n|move|p2a: stallster|Recover|p2a: stallster\n|-heal|p2a: stallster|78\/100\n|\n|-heal|p2a: stallster|84\/100|[from] item: Leftovers\n|upkeep\n|turn|22\n|\n|t:|1699846947\n|move|p1a: Clefable|Cosmic Power|p1a: Clefable\n|-boost|p1a: Clefable|def|1\n|-boost|p1a: Clefable|spd|1\n|move|p2a: stallster|Haze|p2a: stallster\n|-clearallboost\n|\n|-heal|p2a: stallster|90\/100|[from] item: Leftovers\n|upkeep\n|turn|23\n|\n|t:|1699846958\n|switch|p1a: Gholdengo|Gholdengo|100\/100\n|-activate|p1a: Gholdengo|move: Sticky Web\n|-unboost|p1a: Gholdengo|spe|1\n|move|p2a: stallster|Haze|p2a: stallster\n|-clearallboost\n|\n|-heal|p2a: stallster|97\/100|[from] item: Leftovers\n|upkeep\n|turn|24\n|\n|t:|1699846969\n|switch|p2a: bliss-e|Blissey, F|100\/100\n|move|p1a: Gholdengo|Nasty Plot|p1a: Gholdengo\n|-boost|p1a: Gholdengo|spa|2\n|\n|upkeep\n|turn|25\n|\n|t:|1699846977\n|move|p1a: Gholdengo|Dazzling Gleam|p2a: bliss-e\n|-damage|p2a: bliss-e|70\/100\n|-damage|p1a: Gholdengo|91\/100|[from] item: Life Orb\n|move|p2a: bliss-e|Calm Mind|p2a: bliss-e\n|-boost|p2a: bliss-e|spa|1\n|-boost|p2a: bliss-e|spd|1\n|\n|-heal|p2a: bliss-e|76\/100|[from] item: Leftovers\n|upkeep\n|turn|26\n|\n|t:|1699846987\n|move|p1a: Gholdengo|Nasty Plot|p1a: Gholdengo\n|-boost|p1a: Gholdengo|spa|2\n|move|p2a: bliss-e|Calm Mind|p2a: bliss-e\n|-boost|p2a: bliss-e|spa|1\n|-boost|p2a: bliss-e|spd|1\n|\n|-heal|p2a: bliss-e|82\/100|[from] item: Leftovers\n|upkeep\n|turn|27\n|\n|t:|1699846996\n|move|p1a: Gholdengo|Thunderbolt|p2a: bliss-e\n|-damage|p2a: bliss-e|56\/100\n|-damage|p1a: Gholdengo|81\/100|[from] item: Life Orb\n|move|p2a: bliss-e|Calm Mind|p2a: bliss-e\n|-boost|p2a: bliss-e|spa|1\n|-boost|p2a: bliss-e|spd|1\n|\n|-heal|p2a: bliss-e|62\/100|[from] item: Leftovers\n|upkeep\n|turn|28\n|\n|t:|1699847005\n|move|p1a: Gholdengo|Thunderbolt|p2a: bliss-e\n|-damage|p2a: bliss-e|41\/100\n|-damage|p1a: Gholdengo|71\/100|[from] item: Life Orb\n|move|p2a: bliss-e|Soft-Boiled|p2a: bliss-e\n|-heal|p2a: bliss-e|91\/100\n|\n|-heal|p2a: bliss-e|97\/100|[from] item: Leftovers\n|upkeep\n|turn|29\n|\n|t:|1699847014\n|move|p1a: Gholdengo|Thunderbolt|p2a: bliss-e\n|-damage|p2a: bliss-e|77\/100\n|-damage|p1a: Gholdengo|61\/100|[from] item: Life Orb\n|move|p2a: bliss-e|Calm Mind|p2a: bliss-e\n|-boost|p2a: bliss-e|spa|1\n|-boost|p2a: bliss-e|spd|1\n|\n|-heal|p2a: bliss-e|83\/100|[from] item: Leftovers\n|upkeep\n|turn|30\n|c|\u2606helpimbadatthislol|hehe\n|c|\u2606helpimbadatthislol|blissey\n|\n|t:|1699847023\n|move|p1a: Gholdengo|Nasty Plot|p1a: Gholdengo\n|-boost|p1a: Gholdengo|spa|2\n|move|p2a: bliss-e|Calm Mind|p2a: bliss-e\n|-boost|p2a: bliss-e|spa|1\n|-boost|p2a: bliss-e|spd|1\n|\n|-heal|p2a: bliss-e|89\/100|[from] item: Leftovers\n|upkeep\n|turn|31\n|\n|t:|1699847035\n|move|p1a: Gholdengo|Thunderbolt|p2a: bliss-e\n|-damage|p2a: bliss-e|71\/100\n|-damage|p1a: Gholdengo|51\/100|[from] item: Life Orb\n|move|p2a: bliss-e|Calm Mind|p2a: bliss-e\n|-boost|p2a: bliss-e|spa|1\n|-boost|p2a: bliss-e|spd|1\n|\n|-heal|p2a: bliss-e|77\/100|[from] item: Leftovers\n|upkeep\n|turn|32\n|\n|t:|1699847045\n|move|p1a: Gholdengo|Recover|p1a: Gholdengo\n|-heal|p1a: Gholdengo|100\/100\n|move|p2a: bliss-e|Ice Beam|p1a: Gholdengo\n|-resisted|p1a: Gholdengo\n|-damage|p1a: Gholdengo|47\/100\n|\n|-heal|p2a: bliss-e|83\/100|[from] item: Leftovers\n|upkeep\n|turn|33\n|\n|t:|1699847053\n|move|p1a: Gholdengo|Thunderbolt|p2a: bliss-e\n|-damage|p2a: bliss-e|66\/100\n|-damage|p1a: Gholdengo|37\/100|[from] item: Life Orb\n|move|p2a: bliss-e|Ice Beam|p1a: Gholdengo\n|-resisted|p1a: Gholdengo\n|-damage|p1a: Gholdengo|0 fnt\n|faint|p1a: Gholdengo\n|\n|-heal|p2a: bliss-e|72\/100|[from] item: Leftovers\n|upkeep\n|\n|t:|1699847071\n|switch|p1a: Tsareena|Tsareena, F|100\/100\n|-activate|p1a: Tsareena|move: Sticky Web\n|-unboost|p1a: Tsareena|spe|1\n|turn|34\n|\n|t:|1699847088\n|move|p2a: bliss-e|Ice Beam|p1a: Tsareena\n|-supereffective|p1a: Tsareena\n|-damage|p1a: Tsareena|0 fnt\n|faint|p1a: Tsareena\n|\n|-heal|p2a: bliss-e|78\/100|[from] item: Leftovers\n|upkeep\n|c|\u2606woomyink\u2022|THAT FRIKEN PIH\n|inactive|woomyink\u2022 has 270 seconds left.\n|c|\u2606helpimbadatthislol|web\n|c|\u2606helpimbadatthislol|:3\n|\n|t:|1699847107\n|switch|p1a: Cloyster|Cloyster, M|100\/100\n|-activate|p1a: Cloyster|move: Sticky Web\n|-unboost|p1a: Cloyster|spe|1\n|turn|35\n|\n|t:|1699847114\n|move|p1a: Cloyster|Shell Smash|p1a: Cloyster\n|-unboost|p1a: Cloyster|def|1\n|-unboost|p1a: Cloyster|spd|1\n|-boost|p1a: Cloyster|atk|2\n|-boost|p1a: Cloyster|spa|2\n|-boost|p1a: Cloyster|spe|2\n|move|p2a: bliss-e|Hyper Voice|p1a: Cloyster\n|-damage|p1a: Cloyster|0 fnt\n|faint|p1a: Cloyster\n|\n|-heal|p2a: bliss-e|84\/100|[from] item: Leftovers\n|upkeep\n|c|\u2606helpimbadatthislol|WHY NOT ATTACK LOL\n|inactive|woomyink\u2022 has 270 seconds left.\n|\n|t:|1699847126\n|switch|p1a: Ninetales|Ninetales-Alola, F|100\/100\n|-activate|p1a: Ninetales|move: Sticky Web\n|-unboost|p1a: Ninetales|spe|1\n|-weather|Snow|[from] ability: Snow Warning|[of] p1a: Ninetales\n|turn|36\n|\n|t:|1699847133\n|move|p1a: Ninetales|Aurora Veil|p1a: Ninetales\n|-sidestart|p1: woomyink\u2022|move: Aurora Veil\n|move|p2a: bliss-e|Hyper Voice|p1a: Ninetales\n|-damage|p1a: Ninetales|23\/100\n|\n|-weather|Snow|[upkeep]\n|-heal|p2a: bliss-e|91\/100|[from] item: Leftovers\n|upkeep\n|turn|37\n|\n|t:|1699847149\n|switch|p1a: Clefable|Clefable, F|92\/100 tox\n|-activate|p1a: Clefable|move: Sticky Web\n|-unboost|p1a: Clefable|spe|1\n|move|p2a: bliss-e|Calm Mind|p2a: bliss-e\n|-boost|p2a: bliss-e|spa|0\n|-boost|p2a: bliss-e|spd|0\n|\n|-weather|Snow|[upkeep]\n|-heal|p2a: bliss-e|97\/100|[from] item: Leftovers\n|upkeep\n|turn|38\n|\n|t:|1699847160\n|-terastallize|p2a: bliss-e|Normal\n|move|p2a: bliss-e|Hyper Voice|p1a: Clefable\n|-damage|p1a: Clefable|38\/100 tox\n|move|p1a: Clefable|Cosmic Power|p1a: Clefable\n|-boost|p1a: Clefable|def|1\n|-boost|p1a: Clefable|spd|1\n|\n|-weather|Snow|[upkeep]\n|-heal|p2a: bliss-e|100\/100|[from] item: Leftovers\n|upkeep\n|turn|39\n|\n|t:|1699847171\n|move|p2a: bliss-e|Hyper Voice|p1a: Clefable\n|-damage|p1a: Clefable|0 fnt\n|faint|p1a: Clefable\n|\n|-weather|Snow|[upkeep]\n|upkeep\n|c|\u2606helpimbadatthislol|gg :3\n|\n|t:|1699847177\n|switch|p1a: Ninetales|Ninetales-Alola, F|23\/100\n|-activate|p1a: Ninetales|move: Sticky Web\n|-unboost|p1a: Ninetales|spe|1\n|turn|40\n|\n|t:|1699847185\n|move|p1a: Ninetales|Blizzard|p2a: bliss-e\n|-damage|p2a: bliss-e|94\/100\n|move|p2a: bliss-e|Hyper Voice|p1a: Ninetales\n|-damage|p1a: Ninetales|0 fnt\n|faint|p1a: Ninetales\n|\n|win|helpimbadatthislol\n","uploadtime":1699847189,"views":33,"p1id":"woomyink","p2id":"helpimbadatthislol","formatid":"gen9ou","rating":0,"private":0,"password":""}