{"id":"gen9ou-1992554837","p1":"grass knot zygarde","p2":"N-Zoroark stan","format":"[Gen 9] OU","log":"|j|\u2606grass knot zygarde\n|j|\u2606N-Zoroark stan\n|t:|1700204868\n|gametype|singles\n|player|p1|grass knot zygarde|dawn|1511\n|player|p2|N-Zoroark stan|riley|1574\n|teamsize|p1|6\n|teamsize|p2|6\n|gen|9\n|tier|[Gen 9] OU\n|rated|\n|rule|Sleep Clause Mod: Limit one foe put to sleep\n|rule|Species Clause: Limit one of each Pok\u00e9mon\n|rule|OHKO Clause: OHKO moves are banned\n|rule|Evasion Items Clause: Evasion items are banned\n|rule|Evasion Moves Clause: Evasion moves are banned\n|rule|Endless Battle Clause: Forcing endless battles is banned\n|rule|HP Percentage Mod: HP is shown in percentages\n|clearpoke\n|poke|p1|Rillaboom, F|\n|poke|p1|Great Tusk|\n|poke|p1|Kingambit, F|\n|poke|p1|Zapdos|\n|poke|p1|Slowking-Galar, M|\n|poke|p1|Cinderace, M|\n|poke|p2|Zoroark-Hisui, F|\n|poke|p2|Corviknight, F|\n|poke|p2|Slowking-Galar, F|\n|poke|p2|Sandy Shocks|\n|poke|p2|Lokix, M|\n|poke|p2|Greninja-*, F|\n|teampreview\n|inactive|Battle timer is ON: inactive players will automatically lose when time's up. (requested by N-Zoroark stan)\n|inactive|grass knot zygarde also wants the timer to be on.\n|inactive|N-Zoroark stan has 120 seconds left.\n|\n|t:|1700204904\n|start\n|switch|p1a: BLAME IT ON BABY|Zapdos|100\/100\n|switch|p2a: Greninja|Greninja, F|100\/100\n|turn|1\n|\n|t:|1700204913\n|switch|p2a: Sandy Shocks|Sandy Shocks|100\/100\n|move|p1a: BLAME IT ON BABY|Thunder Wave|p2a: Sandy Shocks\n|-immune|p2a: Sandy Shocks\n|\n|upkeep\n|turn|2\n|\n|t:|1700204922\n|switch|p1a: PEEP HOLE|Rillaboom, F|100\/100\n|-fieldstart|move: Grassy Terrain|[from] ability: Grassy Surge|[of] p1a: PEEP HOLE\n|move|p2a: Sandy Shocks|Volt Switch|p1a: PEEP HOLE\n|-resisted|p1a: PEEP HOLE\n|-crit|p1a: PEEP HOLE\n|-damage|p1a: PEEP HOLE|65\/100\n|\n|t:|1700204925\n|-end|p2a: Sandy Shocks|Protosynthesis|[silent]\n|switch|p2a: Corviknight|Corviknight, F|100\/100|[from] Volt Switch\n|-ability|p2a: Corviknight|Pressure\n|\n|-heal|p1a: PEEP HOLE|71\/100|[from] Grassy Terrain\n|upkeep\n|turn|3\n|\n|t:|1700204932\n|switch|p1a: BLAME IT ON BABY|Zapdos|100\/100\n|move|p2a: Corviknight|U-turn|p1a: BLAME IT ON BABY\n|-resisted|p1a: BLAME IT ON BABY\n|-damage|p1a: BLAME IT ON BABY|95\/100\n|\n|t:|1700204937\n|switch|p2a: Sandy Shocks|Sandy Shocks|100\/100|[from] U-turn\n|\n|upkeep\n|turn|4\n|\n|t:|1700204943\n|switch|p1a: BLIND|Slowking-Galar, M|100\/100\n|-terastallize|p2a: Sandy Shocks|Ice\n|move|p2a: Sandy Shocks|Tera Blast|p1a: BLIND|[anim] Tera Blast Ice\n|-damage|p1a: BLIND|83\/100\n|\n|-heal|p1a: BLIND|90\/100|[from] Grassy Terrain\n|upkeep\n|turn|5\n|\n|t:|1700204951\n|move|p2a: Sandy Shocks|Volt Switch|p1a: BLIND\n|-damage|p1a: BLIND|75\/100\n|\n|t:|1700204954\n|-end|p2a: Sandy Shocks|Protosynthesis|[silent]\n|switch|p2a: Slowking|Slowking-Galar, F|100\/100|[from] Volt Switch\n|move|p1a: BLIND|Flamethrower|p2a: Slowking\n|-damage|p2a: Slowking|84\/100\n|-status|p2a: Slowking|brn\n|\n|-heal|p1a: BLIND|81\/100|[from] Grassy Terrain\n|-heal|p2a: Slowking|90\/100 brn|[from] Grassy Terrain\n|-heal|p2a: Slowking|96\/100 brn|[from] item: Leftovers\n|-damage|p2a: Slowking|90\/100 brn|[from] brn\n|upkeep\n|turn|6\n|\n|t:|1700204961\n|move|p1a: BLIND|Psyshock|p2a: Slowking\n|-damage|p2a: Slowking|56\/100 brn\n|move|p2a: Slowking|Chilly Reception|p2a: Slowking\n|-weather|Snow\n|\n|t:|1700204966\n|switch|p2a: Greninja|Greninja, F|100\/100|[from] Chilly Reception\n|\n|-weather|Snow|[upkeep]\n|-heal|p1a: BLIND|87\/100|[from] Grassy Terrain\n|-fieldend|move: Grassy Terrain\n|upkeep\n|turn|7\n|\n|t:|1700204970\n|move|p2a: Greninja|U-turn|p1a: BLIND\n|-start|p2a: Greninja|typechange|Bug|[from] ability: Protean\n|-damage|p1a: BLIND|65\/100\n|\n|t:|1700204972\n|switch|p2a: Slowking|Slowking-Galar, F|89\/100 brn|[from] U-turn\n|move|p1a: BLIND|Sludge Bomb|p2a: Slowking\n|-resisted|p2a: Slowking\n|-damage|p2a: Slowking|78\/100 brn\n|\n|-weather|Snow|[upkeep]\n|-heal|p2a: Slowking|84\/100 brn|[from] item: Leftovers\n|-damage|p2a: Slowking|78\/100 brn|[from] brn\n|upkeep\n|turn|8\n|\n|t:|1700204976\n|move|p1a: BLIND|Psyshock|p2a: Slowking\n|-damage|p2a: Slowking|44\/100 brn\n|move|p2a: Slowking|Chilly Reception|p2a: Slowking\n|\n|t:|1700204978\n|switch|p2a: Lokix|Lokix, M|100\/100|[from] Chilly Reception\n|\n|-weather|Snow|[upkeep]\n|upkeep\n|turn|9\n|\n|t:|1700204983\n|switch|p1a: ROCKSTAR|Great Tusk|100\/100\n|move|p2a: Lokix|Knock Off|p1a: ROCKSTAR\n|-resisted|p1a: ROCKSTAR\n|-damage|p1a: ROCKSTAR|62\/100\n|-enditem|p1a: ROCKSTAR|Leftovers|[from] move: Knock Off|[of] p2a: Lokix\n|\n|-weather|Snow|[upkeep]\n|upkeep\n|turn|10\n|\n|t:|1700204989\n|switch|p2a: Corviknight|Corviknight, F|100\/100\n|-ability|p2a: Corviknight|Pressure\n|move|p1a: ROCKSTAR|Rapid Spin|p2a: Corviknight\n|-resisted|p2a: Corviknight\n|-damage|p2a: Corviknight|96\/100\n|-boost|p1a: ROCKSTAR|spe|1\n|-damage|p1a: ROCKSTAR|45\/100|[from] item: Rocky Helmet|[of] p2a: Corviknight\n|\n|-weather|none\n|upkeep\n|turn|11\n|\n|t:|1700204992\n|-end|p1a: ROCKSTAR|Protosynthesis|[silent]\n|switch|p1a: BLAME IT ON BABY|Zapdos|95\/100\n|move|p2a: Corviknight|U-turn|p1a: BLAME IT ON BABY\n|-resisted|p1a: BLAME IT ON BABY\n|-damage|p1a: BLAME IT ON BABY|90\/100\n|-status|p2a: Corviknight|par|[from] ability: Static|[of] p1a: BLAME IT ON BABY\n|\n|t:|1700204996\n|switch|p2a: Sandy Shocks|Sandy Shocks, tera:Ice|100\/100|[from] U-turn\n|\n|upkeep\n|turn|12\n|\n|t:|1700205003\n|switch|p1a: BLIND|Slowking-Galar, M|99\/100\n|move|p2a: Sandy Shocks|Volt Switch|p1a: BLIND\n|-damage|p1a: BLIND|83\/100\n|\n|t:|1700205005\n|-end|p2a: Sandy Shocks|Protosynthesis|[silent]\n|switch|p2a: Lokix|Lokix, M|100\/100|[from] Volt Switch\n|\n|upkeep\n|turn|13\n|\n|t:|1700205008\n|switch|p1a: BLAME IT ON BABY|Zapdos|90\/100\n|move|p2a: Lokix|Knock Off|p1a: BLAME IT ON BABY\n|-damage|p1a: BLAME IT ON BABY|42\/100\n|-enditem|p1a: BLAME IT ON BABY|Heavy-Duty Boots|[from] move: Knock Off|[of] p2a: Lokix\n|\n|upkeep\n|turn|14\n|\n|t:|1700205016\n|switch|p2a: Sandy Shocks|Sandy Shocks, tera:Ice|100\/100\n|move|p1a: BLAME IT ON BABY|Roost|p1a: BLAME IT ON BABY\n|-heal|p1a: BLAME IT ON BABY|92\/100\n|-singleturn|p1a: BLAME IT ON BABY|move: Roost\n|\n|upkeep\n|turn|15\n|\n|t:|1700205021\n|switch|p1a: BLIND|Slowking-Galar, M|100\/100\n|move|p2a: Sandy Shocks|Earth Power|p1a: BLIND\n|-supereffective|p1a: BLIND\n|-damage|p1a: BLIND|57\/100\n|\n|upkeep\n|turn|16\n|\n|t:|1700205026\n|move|p2a: Sandy Shocks|Volt Switch|p1a: BLIND\n|-damage|p1a: BLIND|42\/100\n|\n|t:|1700205029\n|-end|p2a: Sandy Shocks|Protosynthesis|[silent]\n|switch|p2a: Slowking|Slowking-Galar, F|77\/100 brn|[from] Volt Switch\n|move|p1a: BLIND|Sludge Bomb|p2a: Slowking\n|-resisted|p2a: Slowking\n|-damage|p2a: Slowking|65\/100 brn\n|\n|-heal|p2a: Slowking|71\/100 brn|[from] item: Leftovers\n|-damage|p2a: Slowking|65\/100 brn|[from] brn\n|upkeep\n|turn|17\n|\n|t:|1700205036\n|switch|p1a: ROCKSTAR|Great Tusk|45\/100\n|move|p2a: Slowking|Chilly Reception|p2a: Slowking\n|-weather|Snow\n|\n|t:|1700205040\n|switch|p2a: Sandy Shocks|Sandy Shocks, tera:Ice|100\/100|[from] Chilly Reception\n|\n|-weather|Snow|[upkeep]\n|upkeep\n|turn|18\n|\n|t:|1700205047\n|-end|p1a: ROCKSTAR|Protosynthesis|[silent]\n|switch|p1a: PEEP HOLE|Rillaboom, F|71\/100\n|-fieldstart|move: Grassy Terrain|[from] ability: Grassy Surge|[of] p1a: PEEP HOLE\n|move|p2a: Sandy Shocks|Earth Power|p1a: PEEP HOLE\n|-resisted|p1a: PEEP HOLE\n|-damage|p1a: PEEP HOLE|39\/100\n|\n|-weather|Snow|[upkeep]\n|-heal|p1a: PEEP HOLE|45\/100|[from] Grassy Terrain\n|upkeep\n|turn|19\n|\n|t:|1700205053\n|move|p1a: PEEP HOLE|Grassy Glide|p2a: Sandy Shocks\n|-damage|p2a: Sandy Shocks|55\/100\n|move|p2a: Sandy Shocks|Volt Switch|p1a: PEEP HOLE\n|-resisted|p1a: PEEP HOLE\n|-damage|p1a: PEEP HOLE|24\/100\n|\n|t:|1700205057\n|-end|p2a: Sandy Shocks|Protosynthesis|[silent]\n|switch|p2a: Corviknight|Corviknight, F|96\/100 par|[from] Volt Switch\n|-ability|p2a: Corviknight|Pressure\n|\n|-weather|Snow|[upkeep]\n|-heal|p1a: PEEP HOLE|30\/100|[from] Grassy Terrain\n|upkeep\n|turn|20\n|\n|t:|1700205060\n|switch|p1a: BLAME IT ON BABY|Zapdos|92\/100\n|move|p2a: Corviknight|U-turn|p1a: BLAME IT ON BABY\n|-resisted|p1a: BLAME IT ON BABY\n|-damage|p1a: BLAME IT ON BABY|86\/100\n|\n|t:|1700205063\n|switch|p2a: Sandy Shocks|Sandy Shocks, tera:Ice|55\/100|[from] U-turn\n|\n|-weather|Snow|[upkeep]\n|-heal|p2a: Sandy Shocks|61\/100|[from] Grassy Terrain\n|upkeep\n|turn|21\n|\n|t:|1700205067\n|switch|p1a: BLIND|Slowking-Galar, M|75\/100\n|move|p2a: Sandy Shocks|Stealth Rock|p1a: BLIND\n|-sidestart|p1: grass knot zygarde|move: Stealth Rock\n|\n|-weather|none\n|-heal|p2a: Sandy Shocks|67\/100|[from] Grassy Terrain\n|-heal|p1a: BLIND|81\/100|[from] Grassy Terrain\n|upkeep\n|turn|22\n|\n|t:|1700205074\n|move|p2a: Sandy Shocks|Volt Switch|p1a: BLIND\n|-damage|p1a: BLIND|64\/100\n|\n|t:|1700205077\n|-end|p2a: Sandy Shocks|Protosynthesis|[silent]\n|switch|p2a: Slowking|Slowking-Galar, F|98\/100 brn|[from] Volt Switch\n|move|p1a: BLIND|Flamethrower|p2a: Slowking\n|-damage|p2a: Slowking|83\/100 brn\n|\n|-heal|p1a: BLIND|71\/100|[from] Grassy Terrain\n|-heal|p2a: Slowking|90\/100 brn|[from] Grassy Terrain\n|-heal|p2a: Slowking|96\/100 brn|[from] item: Leftovers\n|-damage|p2a: Slowking|90\/100 brn|[from] brn\n|-fieldend|move: Grassy Terrain\n|upkeep\n|turn|23\n|\n|t:|1700205081\n|switch|p1a: ROCKSTAR|Great Tusk|45\/100\n|-damage|p1a: ROCKSTAR|42\/100|[from] Stealth Rock\n|move|p2a: Slowking|Chilly Reception|p2a: Slowking\n|-weather|Snow\n|\n|t:|1700205085\n|switch|p2a: Sandy Shocks|Sandy Shocks, tera:Ice|67\/100|[from] Chilly Reception\n|\n|-weather|Snow|[upkeep]\n|upkeep\n|turn|24\n|\n|t:|1700205093\n|-end|p1a: ROCKSTAR|Protosynthesis|[silent]\n|switch|p1a: PEEP HOLE|Rillaboom, F|30\/100\n|-damage|p1a: PEEP HOLE|18\/100|[from] Stealth Rock\n|-fieldstart|move: Grassy Terrain|[from] ability: Grassy Surge|[of] p1a: PEEP HOLE\n|move|p2a: Sandy Shocks|Tera Blast|p1a: PEEP HOLE|[anim] Tera Blast Ice\n|-supereffective|p1a: PEEP HOLE\n|-damage|p1a: PEEP HOLE|0 fnt\n|faint|p1a: PEEP HOLE\n|\n|-weather|Snow|[upkeep]\n|-heal|p2a: Sandy Shocks|73\/100|[from] Grassy Terrain\n|upkeep\n|\n|t:|1700205095\n|switch|p1a: GO|Cinderace, M|100\/100\n|turn|25\n|\n|t:|1700205101\n|-end|p2a: Sandy Shocks|Protosynthesis|[silent]\n|switch|p2a: Greninja|Greninja, F|100\/100\n|move|p1a: GO|Court Change|p1a: GO\n|-swapsideconditions\n|-activate|p1a: GO|move: Court Change\n|\n|-weather|Snow|[upkeep]\n|upkeep\n|turn|26\n|\n|t:|1700205109\n|switch|p1a: BLIND|Slowking-Galar, M|100\/100\n|move|p2a: Greninja|Hydro Pump|p1a: BLIND\n|-start|p2a: Greninja|typechange|Water|[from] ability: Protean\n|-damage|p1a: BLIND|80\/100\n|\n|-weather|Snow|[upkeep]\n|-heal|p1a: BLIND|86\/100|[from] Grassy Terrain\n|upkeep\n|turn|27\n|\n|t:|1700205116\n|switch|p2a: Slowking|Slowking-Galar, F|100\/100 brn\n|-damage|p2a: Slowking|88\/100 brn|[from] Stealth Rock\n|move|p1a: BLIND|Psyshock|p2a: Slowking\n|-damage|p2a: Slowking|52\/100 brn\n|\n|-weather|none\n|-heal|p1a: BLIND|92\/100|[from] Grassy Terrain\n|-heal|p2a: Slowking|58\/100 brn|[from] Grassy Terrain\n|-heal|p2a: Slowking|64\/100 brn|[from] item: Leftovers\n|-damage|p2a: Slowking|58\/100 brn|[from] brn\n|upkeep\n|turn|28\n|\n|t:|1700205120\n|move|p1a: BLIND|Psyshock|p2a: Slowking\n|-damage|p2a: Slowking|20\/100 brn\n|move|p2a: Slowking|Chilly Reception|p2a: Slowking\n|-weather|Snow\n|\n|t:|1700205126\n|switch|p2a: Corviknight|Corviknight, F|96\/100 par|[from] Chilly Reception\n|-damage|p2a: Corviknight|84\/100 par|[from] Stealth Rock\n|-ability|p2a: Corviknight|Pressure\n|\n|-weather|Snow|[upkeep]\n|-heal|p1a: BLIND|99\/100|[from] Grassy Terrain\n|-fieldend|move: Grassy Terrain\n|upkeep\n|turn|29\n|\n|t:|1700205130\n|move|p1a: BLIND|Flamethrower|p2a: Corviknight\n|-supereffective|p2a: Corviknight\n|-damage|p2a: Corviknight|31\/100 par\n|move|p2a: Corviknight|Defog|p1a: BLIND\n|-unboost|p1a: BLIND|evasion|1\n|-sideend|p2: N-Zoroark stan|Stealth Rock|[from] move: Defog|[of] p2a: Corviknight\n|\n|-weather|Snow|[upkeep]\n|upkeep\n|turn|30\n|\n|t:|1700205136\n|switch|p2a: Slowking|Slowking-Galar, F|53\/100 brn\n|move|p1a: BLIND|Flamethrower|p2a: Slowking\n|-damage|p2a: Slowking|39\/100 brn\n|\n|-weather|Snow|[upkeep]\n|-heal|p2a: Slowking|45\/100 brn|[from] item: Leftovers\n|-damage|p2a: Slowking|39\/100 brn|[from] brn\n|upkeep\n|turn|31\n|\n|t:|1700205138\n|move|p1a: BLIND|Psyshock|p2a: Slowking\n|-damage|p2a: Slowking|3\/100 brn\n|move|p2a: Slowking|Chilly Reception|p2a: Slowking\n|\n|t:|1700205141\n|switch|p2a: Lokix|Lokix, M|100\/100|[from] Chilly Reception\n|\n|-weather|Snow|[upkeep]\n|upkeep\n|turn|32\n|\n|t:|1700205145\n|switch|p1a: BLAME IT ON BABY|Zapdos|86\/100\n|move|p2a: Lokix|U-turn|p1a: BLAME IT ON BABY\n|-resisted|p1a: BLAME IT ON BABY\n|-crit|p1a: BLAME IT ON BABY\n|-damage|p1a: BLAME IT ON BABY|33\/100\n|\n|t:|1700205150\n|switch|p2a: Sandy Shocks|Sandy Shocks, tera:Ice|73\/100|[from] U-turn\n|\n|-weather|none\n|upkeep\n|turn|33\n|\n|t:|1700205153\n|move|p2a: Sandy Shocks|Volt Switch|p1a: BLAME IT ON BABY\n|-damage|p1a: BLAME IT ON BABY|0 fnt\n|faint|p1a: BLAME IT ON BABY\n|\n|t:|1700205160\n|-end|p2a: Sandy Shocks|Protosynthesis|[silent]\n|switch|p2a: Greninja|Greninja, F|100\/100|[from] Volt Switch\n|\n|upkeep\n|\n|t:|1700205168\n|switch|p1a: BLIND|Slowking-Galar, M|100\/100\n|turn|34\n|\n|t:|1700205172\n|move|p2a: Greninja|Shadow Ball|p1a: BLIND\n|-supereffective|p1a: BLIND\n|-damage|p1a: BLIND|66\/100\n|move|p1a: BLIND|Sludge Bomb|p2a: Greninja\n|-resisted|p2a: Greninja\n|-damage|p2a: Greninja|62\/100\n|replace|p2a: Zoroark|Zoroark-Hisui, F, shiny\n|-end|p2a: Zoroark|Illusion\n|\n|upkeep\n|turn|35\n|\n|t:|1700205178\n|switch|p1a: TLC|Kingambit, F|100\/100\n|-activate|p1a: TLC|ability: Supreme Overlord\n|-start|p1a: TLC|fallen2|[silent]\n|move|p2a: Zoroark|Shadow Ball|p1a: TLC\n|-resisted|p1a: TLC\n|-damage|p1a: TLC|78\/100\n|-unboost|p1a: TLC|spd|1\n|\n|upkeep\n|turn|36\n|\n|t:|1700205182\n|move|p2a: Zoroark|Focus Blast|p1a: TLC|[miss]\n|-miss|p2a: Zoroark|p1a: TLC\n|move|p1a: TLC|Kowtow Cleave|p2a: Zoroark\n|-supereffective|p2a: Zoroark\n|-damage|p2a: Zoroark|0 fnt\n|faint|p2a: Zoroark\n|\n|upkeep\n|\n|t:|1700205192\n|switch|p2a: Lokix|Lokix, M|100\/100\n|turn|37\n|\n|t:|1700205197\n|-end|p1a: TLC|fallen2|[silent]\n|switch|p1a: ROCKSTAR|Great Tusk|42\/100\n|move|p2a: Lokix|Axe Kick|p1a: ROCKSTAR\n|-damage|p1a: ROCKSTAR|9\/100\n|\n|upkeep\n|turn|38\n|\n|t:|1700205202\n|move|p2a: Lokix|Axe Kick|p1a: ROCKSTAR\n|-damage|p1a: ROCKSTAR|0 fnt\n|faint|p1a: ROCKSTAR\n|-end|p1a: ROCKSTAR|Protosynthesis|[silent]\n|\n|upkeep\n|\n|t:|1700205207\n|switch|p1a: GO|Cinderace, M|100\/100\n|turn|39\n|\n|t:|1700205215\n|switch|p2a: Corviknight|Corviknight, F|31\/100 par\n|-ability|p2a: Corviknight|Pressure\n|move|p1a: GO|U-turn|p2a: Corviknight\n|-resisted|p2a: Corviknight\n|-damage|p2a: Corviknight|28\/100 par\n|-damage|p1a: GO|84\/100|[from] item: Rocky Helmet|[of] p2a: Corviknight\n|\n|t:|1700205219\n|switch|p1a: BLIND|Slowking-Galar, M|99\/100|[from] U-turn\n|\n|upkeep\n|turn|40\n|\n|t:|1700205228\n|move|p1a: BLIND|Flamethrower|p2a: Corviknight\n|-supereffective|p2a: Corviknight\n|-damage|p2a: Corviknight|0 fnt\n|faint|p2a: Corviknight\n|\n|upkeep\n|\n|t:|1700205230\n|switch|p2a: Lokix|Lokix, M|100\/100\n|turn|41\n|\n|t:|1700205250\n|move|p2a: Lokix|Knock Off|p1a: BLIND\n|-supereffective|p1a: BLIND\n|-damage|p1a: BLIND|0 fnt\n|-enditem|p1a: BLIND|Assault Vest|[from] move: Knock Off|[of] p2a: Lokix\n|faint|p1a: BLIND\n|\n|upkeep\n|\n|t:|1700205253\n|switch|p1a: GO|Cinderace, M|84\/100\n|turn|42\n|\n|t:|1700205258\n|switch|p2a: Slowking|Slowking-Galar, F|37\/100 brn\n|move|p1a: GO|Pyro Ball|p2a: Slowking\n|-damage|p2a: Slowking|0 fnt\n|faint|p2a: Slowking\n|\n|upkeep\n|\n|t:|1700205262\n|switch|p2a: Greninja|Greninja, F|100\/100\n|turn|43\n|\n|t:|1700205271\n|move|p2a: Greninja|U-turn|p1a: GO\n|-start|p2a: Greninja|typechange|Bug|[from] ability: Protean\n|-resisted|p1a: GO\n|-damage|p1a: GO|71\/100\n|\n|t:|1700205274\n|switch|p2a: Sandy Shocks|Sandy Shocks, tera:Ice|73\/100|[from] U-turn\n|move|p1a: GO|U-turn|p2a: Sandy Shocks\n|-damage|p2a: Sandy Shocks|52\/100\n|\n|t:|1700205278\n|switch|p1a: TLC|Kingambit, F|78\/100|[from] U-turn\n|-activate|p1a: TLC|ability: Supreme Overlord\n|-start|p1a: TLC|fallen4|[silent]\n|\n|upkeep\n|turn|44\n|\n|t:|1700205289\n|-terastallize|p1a: TLC|Flying\n|move|p2a: Sandy Shocks|Earth Power|p1a: TLC\n|-immune|p1a: TLC\n|move|p1a: TLC|Iron Head|p2a: Sandy Shocks\n|-supereffective|p2a: Sandy Shocks\n|-damage|p2a: Sandy Shocks|0 fnt\n|faint|p2a: Sandy Shocks\n|-end|p2a: Sandy Shocks|Protosynthesis|[silent]\n|\n|upkeep\n|\n|t:|1700205293\n|switch|p2a: Greninja|Greninja, F|100\/100\n|turn|45\n|\n|t:|1700205300\n|move|p2a: Greninja|Hydro Pump|p1a: TLC|[miss]\n|-start|p2a: Greninja|typechange|Water|[from] ability: Protean\n|-miss|p2a: Greninja|p1a: TLC\n|move|p1a: TLC|Kowtow Cleave|p2a: Greninja\n|-damage|p2a: Greninja|0 fnt\n|faint|p2a: Greninja\n|\n|upkeep\n|\n|t:|1700205305\n|switch|p2a: Lokix|Lokix, M|100\/100\n|turn|46\n|-message|N-Zoroark stan forfeited.\n|\n|win|grass knot zygarde\n|raw|grass knot zygarde's rating: 1511 &rarr; <strong>1535<\/strong><br \/>(+24 for winning)\n|raw|N-Zoroark stan's rating: 1574 &rarr; <strong>1550<\/strong><br \/>(-24 for losing)\n|l|\u2606N-Zoroark stan\n","uploadtime":1700205324,"views":7,"p1id":"grassknotzygarde","p2id":"nzoroarkstan","formatid":"gen9ou","rating":1535,"private":0,"password":""}