{"id":"gen9ou-1993045447","p1":"ShidHereShawty","p2":"klewlol","format":"[Gen 9] OU","log":"|j|\u2606ShidHereShawty\n|j|\u2606klewlol\n|t:|1700258736\n|gametype|singles\n|player|p1|ShidHereShawty|266|1231\n|player|p2|klewlol|2|1134\n|teamsize|p1|6\n|teamsize|p2|6\n|gen|9\n|tier|[Gen 9] OU\n|rated|\n|rule|Sleep Clause Mod: Limit one foe put to sleep\n|rule|Species Clause: Limit one of each Pok\u00e9mon\n|rule|OHKO Clause: OHKO moves are banned\n|rule|Evasion Items Clause: Evasion items are banned\n|rule|Evasion Moves Clause: Evasion moves are banned\n|rule|Endless Battle Clause: Forcing endless battles is banned\n|rule|HP Percentage Mod: HP is shown in percentages\n|clearpoke\n|poke|p1|Gholdengo|\n|poke|p1|Iron Treads|\n|poke|p1|Slowking-Galar, F|\n|poke|p1|Dondozo, F|\n|poke|p1|Kommo-o, M|\n|poke|p1|Clodsire, M|\n|poke|p2|Conkeldurr, F|\n|poke|p2|Carbink|\n|poke|p2|Krookodile, M|\n|poke|p2|Amoonguss, M|\n|poke|p2|Alomomola, F|\n|poke|p2|Ogerpon-Wellspring, F|\n|teampreview\n|inactive|Battle timer is ON: inactive players will automatically lose when time's up. (requested by ShidHereShawty)\n|\n|t:|1700258745\n|start\n|switch|p1a: Pogsire|Clodsire, M|100\/100\n|switch|p2a: Carbink|Carbink, shiny|100\/100\n|turn|1\n|\n|t:|1700258757\n|move|p2a: Carbink|Stealth Rock|p1a: Pogsire\n|-sidestart|p1: ShidHereShawty|move: Stealth Rock\n|move|p1a: Pogsire|Spikes|p2a: Carbink\n|-sidestart|p2: klewlol|Spikes\n|\n|upkeep\n|turn|2\n|\n|t:|1700258765\n|move|p1a: Pogsire|Earthquake|p2a: Carbink\n|-supereffective|p2a: Carbink\n|-damage|p2a: Carbink|60\/100\n|move|p2a: Carbink|Trick Room|p2a: Carbink\n|-fieldstart|move: Trick Room|[of] p2a: Carbink\n|\n|-heal|p2a: Carbink|67\/100|[from] item: Leftovers\n|upkeep\n|turn|3\n|\n|t:|1700258771\n|switch|p2a: Conkeldurr|Conkeldurr, F|100\/100\n|-damage|p2a: Conkeldurr|88\/100|[from] Spikes\n|move|p1a: Pogsire|Spikes|p2a: Conkeldurr\n|-sidestart|p2: klewlol|Spikes\n|\n|-status|p2a: Conkeldurr|brn|[from] item: Flame Orb\n|upkeep\n|turn|4\n|\n|t:|1700258786\n|move|p2a: Conkeldurr|Facade|p1a: Pogsire\n|-damage|p1a: Pogsire|35\/100\n|-damage|p2a: Conkeldurr|72\/100 brn|[from] item: Rocky Helmet|[of] p1a: Pogsire\n|move|p1a: Pogsire|Counter|p2a: Conkeldurr\n|-damage|p2a: Conkeldurr|0 fnt\n|faint|p2a: Conkeldurr\n|\n|upkeep\n|inactive|klewlol has 120 seconds left.\n|\n|t:|1700258808\n|switch|p2a: Amoonguss|Amoonguss, M|100\/100\n|-damage|p2a: Amoonguss|84\/100|[from] Spikes\n|turn|5\n|inactive|klewlol has 120 seconds left.\n|\n|t:|1700258823\n|move|p1a: Pogsire|Recover|p1a: Pogsire\n|-heal|p1a: Pogsire|85\/100\n|move|p2a: Amoonguss|Giga Drain|p1a: Pogsire\n|-damage|p1a: Pogsire|62\/100\n|-heal|p2a: Amoonguss|96\/100|[from] drain|[of] p1a: Pogsire\n|\n|upkeep\n|turn|6\n|\n|t:|1700258830\n|move|p1a: Pogsire|Spikes|p2a: Amoonguss\n|-sidestart|p2: klewlol|Spikes\n|move|p2a: Amoonguss|Spore|p1a: Pogsire\n|-status|p1a: Pogsire|slp|[from] move: Spore\n|\n|-fieldend|move: Trick Room\n|upkeep\n|turn|7\n|inactive|klewlol has 120 seconds left.\n|\n|t:|1700258848\n|move|p2a: Amoonguss|Foul Play|p1a: Pogsire\n|-damage|p1a: Pogsire|49\/100 slp\n|-damage|p2a: Amoonguss|80\/100|[from] item: Rocky Helmet|[of] p1a: Pogsire\n|cant|p1a: Pogsire|slp\n|\n|upkeep\n|turn|8\n|\n|t:|1700258854\n|move|p2a: Amoonguss|Giga Drain|p1a: Pogsire\n|-damage|p1a: Pogsire|27\/100 slp\n|-heal|p2a: Amoonguss|92\/100|[from] drain|[of] p1a: Pogsire\n|cant|p1a: Pogsire|slp\n|\n|upkeep\n|turn|9\n|\n|t:|1700258860\n|move|p2a: Amoonguss|Giga Drain|p1a: Pogsire\n|-damage|p1a: Pogsire|2\/100 slp\n|-heal|p2a: Amoonguss|100\/100|[from] drain|[of] p1a: Pogsire\n|cant|p1a: Pogsire|slp\n|\n|upkeep\n|turn|10\n|inactive|klewlol has 120 seconds left.\n|\n|t:|1700258880\n|move|p2a: Amoonguss|Giga Drain|p1a: Pogsire\n|-damage|p1a: Pogsire|0 fnt\n|faint|p1a: Pogsire\n|\n|upkeep\n|\n|t:|1700258886\n|switch|p1a: Throwbot|Iron Treads|100\/100\n|-damage|p1a: Throwbot|97\/100|[from] Stealth Rock\n|turn|11\n|inactive|klewlol has 120 seconds left.\n|\n|t:|1700258902\n|move|p1a: Throwbot|Rapid Spin|p2a: Amoonguss\n|-damage|p2a: Amoonguss|85\/100\n|-boost|p1a: Throwbot|spe|1\n|-damage|p1a: Throwbot|81\/100|[from] item: Rocky Helmet|[of] p2a: Amoonguss\n|-sideend|p1: ShidHereShawty|Stealth Rock|[from] move: Rapid Spin|[of] p1a: Throwbot\n|move|p2a: Amoonguss|Sludge Bomb|p1a: Throwbot\n|-immune|p1a: Throwbot\n|\n|upkeep\n|turn|12\n|\n|t:|1700258910\n|move|p1a: Throwbot|Knock Off|p2a: Amoonguss\n|-damage|p2a: Amoonguss|51\/100\n|-damage|p1a: Throwbot|64\/100|[from] item: Rocky Helmet|[of] p2a: Amoonguss\n|-enditem|p2a: Amoonguss|Rocky Helmet|[from] move: Knock Off|[of] p1a: Throwbot\n|move|p2a: Amoonguss|Giga Drain|p1a: Throwbot\n|-damage|p1a: Throwbot|36\/100\n|-heal|p2a: Amoonguss|62\/100|[from] drain|[of] p1a: Throwbot\n|\n|upkeep\n|turn|13\n|\n|t:|1700258919\n|move|p1a: Throwbot|Earthquake|p2a: Amoonguss\n|-damage|p2a: Amoonguss|15\/100\n|move|p2a: Amoonguss|Giga Drain|p1a: Throwbot\n|-damage|p1a: Throwbot|11\/100\n|-heal|p2a: Amoonguss|25\/100|[from] drain|[of] p1a: Throwbot\n|\n|upkeep\n|turn|14\n|\n|t:|1700258927\n|move|p1a: Throwbot|Earthquake|p2a: Amoonguss\n|-damage|p2a: Amoonguss|0 fnt\n|faint|p2a: Amoonguss\n|\n|upkeep\n|\n|t:|1700258943\n|switch|p2a: Carbink|Carbink, shiny|67\/100\n|-damage|p2a: Carbink|42\/100|[from] Spikes\n|turn|15\n|\n|t:|1700258947\n|move|p1a: Throwbot|Earthquake|p2a: Carbink\n|-supereffective|p2a: Carbink\n|-damage|p2a: Carbink|0 fnt\n|faint|p2a: Carbink\n|\n|upkeep\n|\n|t:|1700258953\n|switch|p2a: Krookodile|Krookodile, M, shiny|100\/100\n|-damage|p2a: Krookodile|76\/100|[from] Spikes\n|turn|16\n|\n|t:|1700258960\n|move|p1a: Throwbot|Megahorn|p2a: Krookodile\n|-supereffective|p2a: Krookodile\n|-damage|p2a: Krookodile|0 fnt\n|faint|p2a: Krookodile\n|\n|upkeep\n|\n|t:|1700258972\n|switch|p2a: Ogerpon|Ogerpon-Wellspring, F|100\/100\n|-damage|p2a: Ogerpon|76\/100|[from] Spikes\n|turn|17\n|\n|t:|1700258978\n|move|p1a: Throwbot|Megahorn|p2a: Ogerpon\n|-supereffective|p2a: Ogerpon\n|-damage|p2a: Ogerpon|0 fnt\n|faint|p2a: Ogerpon\n|\n|upkeep\n|\n|t:|1700258983\n|switch|p2a: Alomomola|Alomomola, F, shiny|100\/100\n|-damage|p2a: Alomomola|76\/100|[from] Spikes\n|turn|18\n|\n|t:|1700258997\n|move|p1a: Throwbot|Knock Off|p2a: Alomomola\n|-damage|p2a: Alomomola|59\/100\n|-enditem|p2a: Alomomola|Leftovers|[from] move: Knock Off|[of] p1a: Throwbot\n|move|p2a: Alomomola|Chilling Water|p1a: Throwbot\n|-supereffective|p1a: Throwbot\n|-damage|p1a: Throwbot|0 fnt\n|faint|p1a: Throwbot\n|-end|p1a: Throwbot|Quark Drive|[silent]\n|\n|upkeep\n|\n|t:|1700259004\n|switch|p1a: Mr Kraft|Gholdengo|100\/100\n|turn|19\n|\n|t:|1700259010\n|move|p1a: Mr Kraft|Thunderbolt|p2a: Alomomola\n|-supereffective|p2a: Alomomola\n|-damage|p2a: Alomomola|0 fnt\n|faint|p2a: Alomomola\n|\n|win|ShidHereShawty\n|raw|ShidHereShawty's rating: 1231 &rarr; <strong>1249<\/strong><br \/>(+18 for winning)\n|raw|klewlol's rating: 1134 &rarr; <strong>1116<\/strong><br \/>(-18 for losing)\n|l|\u2606klewlol\n","uploadtime":1700259028,"views":36,"p1id":"shidhereshawty","p2id":"klewlol","formatid":"gen9ou","rating":1116,"private":0,"password":""}