{"id":"gen9ou-1996948914","p1":"Benjamin 4455","p2":"Gran B","format":"[Gen 9] OU","log":"|j|\u2606Benjamin 4455\n|j|\u2606Gran B\n|t:|1700748508\n|gametype|singles\n|player|p1|Benjamin 4455|266|\n|player|p2|Gran B|2|\n|teamsize|p1|6\n|teamsize|p2|6\n|gen|9\n|tier|[Gen 9] OU\n|rule|Sleep Clause Mod: Limit one foe put to sleep\n|rule|Species Clause: Limit one of each Pok\u00e9mon\n|rule|OHKO Clause: OHKO moves are banned\n|rule|Evasion Items Clause: Evasion items are banned\n|rule|Evasion Moves Clause: Evasion moves are banned\n|rule|Endless Battle Clause: Forcing endless battles is banned\n|rule|HP Percentage Mod: HP is shown in percentages\n|clearpoke\n|poke|p1|Corviknight, F|\n|poke|p1|Zamazenta-*|\n|poke|p1|Blissey, F|\n|poke|p1|Iron Moth|\n|poke|p1|Meowscarada, F|\n|poke|p1|Gholdengo|\n|poke|p2|Cinderace, M|\n|poke|p2|Iron Moth|\n|poke|p2|Ogerpon-Wellspring, F|\n|poke|p2|Umbreon, F|\n|poke|p2|Sinistcha|\n|poke|p2|Ninetales-Alola, M|\n|teampreview\n|\n|t:|1700748521\n|start\n|switch|p1a: Meowscarada|Meowscarada, F, shiny|100\/100\n|switch|p2a: Cinderace|Cinderace, M|100\/100\n|turn|1\n|\n|t:|1700748535\n|move|p1a: Meowscarada|U-turn|p2a: Cinderace\n|-start|p1a: Meowscarada|typechange|Bug|[from] ability: Protean\n|-resisted|p2a: Cinderace\n|-damage|p2a: Cinderace|77\/100\n|\n|t:|1700748540\n|switch|p1a: Iron Moth|Iron Moth|100\/100|[from] U-turn\n|-enditem|p1a: Iron Moth|Booster Energy\n|-activate|p1a: Iron Moth|ability: Quark Drive|[fromitem]\n|-start|p1a: Iron Moth|quarkdrivespe\n|move|p2a: Cinderace|U-turn|p1a: Iron Moth\n|-start|p2a: Cinderace|typechange|Bug|[from] ability: Libero\n|-resisted|p1a: Iron Moth\n|-damage|p1a: Iron Moth|88\/100\n|\n|t:|1700748564\n|switch|p2a: Iron Moth|Iron Moth|100\/100|[from] U-turn\n|-enditem|p2a: Iron Moth|Booster Energy\n|-activate|p2a: Iron Moth|ability: Quark Drive|[fromitem]\n|-start|p2a: Iron Moth|quarkdrivespe\n|\n|upkeep\n|turn|2\n|\n|t:|1700748576\n|-terastallize|p1a: Iron Moth|Ground\n|move|p1a: Iron Moth|Tera Blast|p2a: Iron Moth|[anim] Tera Blast Ground\n|-supereffective|p2a: Iron Moth\n|-damage|p2a: Iron Moth|0 fnt\n|faint|p2a: Iron Moth\n|-end|p2a: Iron Moth|Quark Drive|[silent]\n|\n|upkeep\n|\n|t:|1700748591\n|switch|p2a: Ninetales|Ninetales-Alola, M|100\/100\n|-weather|Snow|[from] ability: Snow Warning|[of] p2a: Ninetales\n|turn|3\n|\n|t:|1700748599\n|move|p1a: Iron Moth|Sludge Wave|p2a: Ninetales\n|-supereffective|p2a: Ninetales\n|-damage|p2a: Ninetales|0 fnt\n|faint|p2a: Ninetales\n|\n|-weather|Snow|[upkeep]\n|upkeep\n|\n|t:|1700748606\n|switch|p2a: Ogerpon|Ogerpon-Wellspring, F|100\/100\n|turn|4\n|\n|t:|1700748614\n|-terastallize|p2a: Ogerpon|Water\n|detailschange|p2a: Ogerpon|Ogerpon-Wellspring-Tera, F, tera:Water\n|-ability|p2a: Ogerpon|Embody Aspect (Wellspring)|boost\n|-boost|p2a: Ogerpon|spd|1\n|move|p1a: Iron Moth|Sludge Wave|p2a: Ogerpon\n|-damage|p2a: Ogerpon|64\/100\n|move|p2a: Ogerpon|Ivy Cudgel|p1a: Iron Moth|[anim] Ivy Cudgel Water\n|-supereffective|p1a: Iron Moth\n|-damage|p1a: Iron Moth|0 fnt\n|faint|p1a: Iron Moth\n|-end|p1a: Iron Moth|Quark Drive|[silent]\n|\n|-weather|Snow|[upkeep]\n|upkeep\n|\n|t:|1700748629\n|switch|p1a: Meowscarada|Meowscarada, F, shiny|100\/100\n|turn|5\n|\n|t:|1700748637\n|switch|p2a: Sinistcha|Sinistcha|100\/100\n|move|p1a: Meowscarada|Knock Off|p2a: Sinistcha\n|-start|p1a: Meowscarada|typechange|Dark|[from] ability: Protean\n|-supereffective|p2a: Sinistcha\n|-damage|p2a: Sinistcha|27\/100\n|-enditem|p2a: Sinistcha|Leftovers|[from] move: Knock Off|[of] p1a: Meowscarada\n|\n|-weather|Snow|[upkeep]\n|upkeep\n|turn|6\n|\n|t:|1700748649\n|switch|p2a: Umbreon|Umbreon, F|100\/100\n|move|p1a: Meowscarada|Knock Off|p2a: Umbreon\n|-resisted|p2a: Umbreon\n|-damage|p2a: Umbreon|84\/100\n|-enditem|p2a: Umbreon|Leftovers|[from] move: Knock Off|[of] p1a: Meowscarada\n|\n|-weather|Snow|[upkeep]\n|upkeep\n|turn|7\n|\n|t:|1700748659\n|switch|p1a: Corviknight|Corviknight, F, shiny|100\/100\n|move|p2a: Umbreon|Wish|p2a: Umbreon\n|\n|-weather|none\n|upkeep\n|turn|8\n|\n|t:|1700748675\n|switch|p2a: Sinistcha|Sinistcha|27\/100\n|move|p1a: Corviknight|Brave Bird|p2a: Sinistcha\n|-supereffective|p2a: Sinistcha\n|-damage|p2a: Sinistcha|0 fnt\n|faint|p2a: Sinistcha\n|-damage|p1a: Corviknight|93\/100|[from] Recoil\n|\n|upkeep\n|\n|t:|1700748685\n|switch|p2a: Umbreon|Umbreon, F|84\/100\n|turn|9\n|\n|t:|1700748693\n|move|p1a: Corviknight|Body Press|p2a: Umbreon\n|-supereffective|p2a: Umbreon\n|-damage|p2a: Umbreon|43\/100\n|move|p2a: Umbreon|Wish|p2a: Umbreon\n|\n|upkeep\n|turn|10\n|l|\u2606Gran B\n|player|p2|\n|j|\u2606Gran B\n|player|p2|Gran B|2\n|l|\u2606Benjamin 4455\n|player|p1|\n|j|\u2606Benjamin 4455\n|player|p1|Benjamin 4455|266\n|\n|t:|1700748781\n|switch|p1a: Meowscarada|Meowscarada, F, shiny|100\/100\n|move|p2a: Umbreon|Protect||[still]\n|-fail|p2a: Umbreon\n|\n|-heal|p2a: Umbreon|93\/100|[from] move: Wish|[wisher] Umbreon\n|upkeep\n|turn|11\n|\n|t:|1700748797\n|move|p1a: Meowscarada|U-turn|p2a: Umbreon\n|-start|p1a: Meowscarada|typechange|Bug|[from] ability: Protean\n|-supereffective|p2a: Umbreon\n|-damage|p2a: Umbreon|38\/100\n|\n|t:|1700748802\n|switch|p1a: Zamazenta|Zamazenta, shiny|100\/100|[from] U-turn\n|-ability|p1a: Zamazenta|Dauntless Shield|boost\n|-boost|p1a: Zamazenta|def|1\n|move|p2a: Umbreon|Wish|p2a: Umbreon\n|\n|upkeep\n|turn|12\n|\n|t:|1700748818\n|switch|p2a: Ogerpon|Ogerpon-Wellspring-Tera, F, tera:Water|64\/100\n|-ability|p2a: Ogerpon|Embody Aspect (Wellspring)|boost\n|-boost|p2a: Ogerpon|spd|1\n|move|p1a: Zamazenta|Iron Defense|p1a: Zamazenta\n|-boost|p1a: Zamazenta|def|2\n|\n|-heal|p2a: Ogerpon|100\/100|[from] move: Wish|[wisher] Umbreon\n|upkeep\n|turn|13\n|\n|t:|1700748834\n|move|p1a: Zamazenta|Body Press|p2a: Ogerpon\n|-damage|p2a: Ogerpon|0 fnt\n|faint|p2a: Ogerpon\n|\n|upkeep\n|\n|t:|1700748841\n|switch|p2a: Cinderace|Cinderace, M|77\/100\n|turn|14\n|\n|t:|1700748849\n|move|p1a: Zamazenta|Body Press|p2a: Cinderace\n|-damage|p2a: Cinderace|0 fnt\n|faint|p2a: Cinderace\n|\n|upkeep\n|\n|t:|1700748854\n|switch|p2a: Umbreon|Umbreon, F|38\/100\n|turn|15\n|\n|t:|1700748859\n|move|p1a: Zamazenta|Body Press|p2a: Umbreon\n|-supereffective|p2a: Umbreon\n|-damage|p2a: Umbreon|0 fnt\n|faint|p2a: Umbreon\n|\n|win|Benjamin 4455\n|l|\u2606Gran B\n","uploadtime":1700749467,"views":21,"p1id":"benjamin4455","p2id":"granb","formatid":"gen9ou","rating":0,"private":0,"password":""}