{"id":"gen9ou-1991581358","p1":"sir sardou","p2":"East Yellow","format":"[Gen 9] OU","log":"|j|\u2606sir sardou\n|j|\u2606East Yellow\n|t:|1700090693\n|gametype|singles\n|player|p1|sir sardou|veteran|1445\n|player|p2|East Yellow|battlegirl-gen4|1534\n|teamsize|p1|6\n|teamsize|p2|6\n|gen|9\n|tier|[Gen 9] OU\n|rated|\n|rule|Sleep Clause Mod: Limit one foe put to sleep\n|rule|Species Clause: Limit one of each Pok\u00e9mon\n|rule|OHKO Clause: OHKO moves are banned\n|rule|Evasion Items Clause: Evasion items are banned\n|rule|Evasion Moves Clause: Evasion moves are banned\n|rule|Endless Battle Clause: Forcing endless battles is banned\n|rule|HP Percentage Mod: HP is shown in percentages\n|clearpoke\n|poke|p1|Ribombee, M|\n|poke|p1|Torterra, M|\n|poke|p1|Rillaboom, M|\n|poke|p1|Iron Moth|\n|poke|p1|Manaphy|\n|poke|p1|Gholdengo|\n|poke|p2|Sneasler, M|\n|poke|p2|Dragapult, F|\n|poke|p2|Heatran, F|\n|poke|p2|Ogerpon-Wellspring, F|\n|poke|p2|Zapdos|\n|poke|p2|Great Tusk|\n|teampreview\n|inactive|Battle timer is ON: inactive players will automatically lose when time's up. (requested by East Yellow)\n|\n|t:|1700090728\n|start\n|switch|p1a: Nature\u2019s Nuke|Rillaboom, M|100\/100\n|switch|p2a: Zapdos|Zapdos|100\/100\n|-fieldstart|move: Grassy Terrain|[from] ability: Grassy Surge|[of] p1a: Nature\u2019s Nuke\n|turn|1\n|\n|t:|1700090748\n|move|p1a: Nature\u2019s Nuke|Knock Off|p2a: Zapdos\n|-damage|p2a: Zapdos|62\/100\n|-enditem|p2a: Zapdos|Heavy-Duty Boots|[from] move: Knock Off|[of] p1a: Nature\u2019s Nuke\n|move|p2a: Zapdos|Hurricane|p1a: Nature\u2019s Nuke\n|-supereffective|p1a: Nature\u2019s Nuke\n|-damage|p1a: Nature\u2019s Nuke|0 fnt\n|faint|p1a: Nature\u2019s Nuke\n|\n|upkeep\n|\n|t:|1700090755\n|switch|p1a: I set Sticky Web|Ribombee, M, shiny|100\/100\n|turn|2\n|\n|t:|1700090760\n|move|p1a: I set Sticky Web|Moonblast|p2a: Zapdos\n|-damage|p2a: Zapdos|21\/100\n|move|p2a: Zapdos|Roost|p2a: Zapdos\n|-heal|p2a: Zapdos|71\/100\n|-singleturn|p2a: Zapdos|move: Roost\n|\n|-heal|p2a: Zapdos|77\/100|[from] Grassy Terrain\n|upkeep\n|turn|3\n|\n|t:|1700090764\n|move|p1a: I set Sticky Web|Sticky Web|p2a: Zapdos\n|-sidestart|p2: East Yellow|move: Sticky Web\n|move|p2a: Zapdos|Discharge|p1a: I set Sticky Web\n|-damage|p1a: I set Sticky Web|22\/100\n|\n|-heal|p1a: I set Sticky Web|28\/100|[from] Grassy Terrain\n|upkeep\n|turn|4\n|\n|t:|1700090772\n|move|p1a: I set Sticky Web|Moonblast|p2a: Zapdos\n|-damage|p2a: Zapdos|38\/100\n|move|p2a: Zapdos|Roost|p2a: Zapdos\n|-heal|p2a: Zapdos|88\/100\n|-singleturn|p2a: Zapdos|move: Roost\n|\n|-heal|p1a: I set Sticky Web|34\/100|[from] Grassy Terrain\n|-heal|p2a: Zapdos|94\/100|[from] Grassy Terrain\n|upkeep\n|turn|5\n|\n|t:|1700090778\n|move|p1a: I set Sticky Web|Sticky Web||[still]\n|-fail|p1a: I set Sticky Web\n|move|p2a: Zapdos|Discharge|p1a: I set Sticky Web\n|-damage|p1a: I set Sticky Web|0 fnt\n|faint|p1a: I set Sticky Web\n|\n|-fieldend|move: Grassy Terrain\n|upkeep\n|\n|t:|1700090784\n|switch|p1a: Deku|Torterra, M|100\/100\n|turn|6\n|\n|t:|1700090787\n|move|p2a: Zapdos|Hurricane|p1a: Deku|[miss]\n|-miss|p2a: Zapdos|p1a: Deku\n|move|p1a: Deku|Shell Smash|p1a: Deku\n|-unboost|p1a: Deku|def|1\n|-unboost|p1a: Deku|spd|1\n|-boost|p1a: Deku|atk|2\n|-boost|p1a: Deku|spa|2\n|-boost|p1a: Deku|spe|2\n|-enditem|p1a: Deku|White Herb\n|-clearnegativeboost|p1a: Deku|[silent]\n|\n|upkeep\n|turn|7\n|\n|t:|1700090795\n|-terastallize|p1a: Deku|Fire\n|move|p1a: Deku|Tera Blast|p2a: Zapdos|[anim] Tera Blast Fire\n|-damage|p2a: Zapdos|13\/100\n|move|p2a: Zapdos|Hurricane|p1a: Deku|[miss]\n|-miss|p2a: Zapdos|p1a: Deku\n|\n|upkeep\n|turn|8\n|c|\u2606East Yellow|lol\n|\n|t:|1700090807\n|move|p1a: Deku|Wood Hammer|p2a: Zapdos\n|-resisted|p2a: Zapdos\n|-damage|p2a: Zapdos|0 fnt\n|-status|p1a: Deku|par|[from] ability: Static|[of] p2a: Zapdos\n|faint|p2a: Zapdos\n|-damage|p1a: Deku|96\/100 par|[from] Recoil\n|\n|upkeep\n|inactive|East Yellow has 120 seconds left.\n|\n|t:|1700090851\n|switch|p2a: Great Tusk|Great Tusk|100\/100\n|-activate|p2a: Great Tusk|move: Sticky Web\n|-unboost|p2a: Great Tusk|spe|1\n|turn|9\n|\n|t:|1700090859\n|move|p1a: Deku|Wood Hammer|p2a: Great Tusk\n|-supereffective|p2a: Great Tusk\n|-damage|p2a: Great Tusk|0 fnt\n|faint|p2a: Great Tusk\n|-end|p2a: Great Tusk|Protosynthesis|[silent]\n|-damage|p1a: Deku|59\/100 par|[from] Recoil\n|\n|upkeep\n|\n|t:|1700090866\n|switch|p2a: Sneasler|Sneasler, M|100\/100\n|-activate|p2a: Sneasler|move: Sticky Web\n|-unboost|p2a: Sneasler|spe|1\n|-ability|p2a: Sneasler|Pressure\n|-enditem|p2a: Sneasler|White Herb\n|-clearnegativeboost|p2a: Sneasler|[silent]\n|turn|10\n|\n|t:|1700090875\n|move|p2a: Sneasler|Close Combat|p1a: Deku\n|-damage|p1a: Deku|0 fnt\n|-unboost|p2a: Sneasler|def|1\n|-unboost|p2a: Sneasler|spd|1\n|faint|p1a: Deku\n|\n|upkeep\n|\n|t:|1700090882\n|switch|p1a: Dyson|Iron Moth|100\/100\n|-enditem|p1a: Dyson|Booster Energy\n|-activate|p1a: Dyson|ability: Quark Drive|[fromitem]\n|-start|p1a: Dyson|quarkdrivespa\n|turn|11\n|inactive|East Yellow has 120 seconds left.\n|c|\u2606East Yellow|forgot to set teras and make this unburden lol\n|\n|t:|1700090916\n|switch|p2a: Heatran|Heatran, F|100\/100\n|-activate|p2a: Heatran|move: Sticky Web\n|-unboost|p2a: Heatran|spe|1\n|move|p1a: Dyson|Psychic|p2a: Heatran\n|-resisted|p2a: Heatran\n|-damage|p2a: Heatran|84\/100\n|\n|-heal|p2a: Heatran|90\/100|[from] item: Leftovers\n|upkeep\n|turn|12\n|\n|t:|1700090926\n|move|p1a: Dyson|Substitute|p1a: Dyson\n|-start|p1a: Dyson|Substitute\n|-damage|p1a: Dyson|76\/100\n|move|p2a: Heatran|Earth Power|p1a: Dyson\n|-supereffective|p1a: Dyson\n|-end|p1a: Dyson|Substitute\n|\n|-heal|p2a: Heatran|96\/100|[from] item: Leftovers\n|upkeep\n|turn|13\n|\n|t:|1700090931\n|move|p1a: Dyson|Psychic|p2a: Heatran\n|-resisted|p2a: Heatran\n|-damage|p2a: Heatran|79\/100\n|move|p2a: Heatran|Earth Power|p1a: Dyson\n|-supereffective|p1a: Dyson\n|-damage|p1a: Dyson|0 fnt\n|faint|p1a: Dyson\n|-end|p1a: Dyson|Quark Drive|[silent]\n|\n|-heal|p2a: Heatran|85\/100|[from] item: Leftovers\n|upkeep\n|\n|t:|1700090934\n|switch|p1a: click button \u2192 win|Manaphy, shiny|100\/100\n|turn|14\n|\n|t:|1700090943\n|switch|p2a: Ogerpon|Ogerpon-Wellspring, F|100\/100\n|-activate|p2a: Ogerpon|move: Sticky Web\n|-unboost|p2a: Ogerpon|spe|1\n|move|p1a: click button \u2192 win|Tail Glow|p1a: click button \u2192 win\n|-boost|p1a: click button \u2192 win|spa|3\n|\n|upkeep\n|turn|15\n|\n|t:|1700090950\n|-terastallize|p2a: Ogerpon|Water\n|detailschange|p2a: Ogerpon|Ogerpon-Wellspring-Tera, F, tera:Water\n|-ability|p2a: Ogerpon|Embody Aspect (Wellspring)|boost\n|-boost|p2a: Ogerpon|spd|1\n|move|p1a: click button \u2192 win|Ice Beam|p2a: Ogerpon\n|-resisted|p2a: Ogerpon\n|-damage|p2a: Ogerpon|74\/100\n|move|p2a: Ogerpon|Horn Leech|p1a: click button \u2192 win\n|-supereffective|p1a: click button \u2192 win\n|-damage|p1a: click button \u2192 win|15\/100\n|-heal|p2a: Ogerpon|100\/100|[from] drain|[of] p1a: click button \u2192 win\n|\n|-heal|p1a: click button \u2192 win|21\/100|[from] item: Leftovers\n|upkeep\n|turn|16\n|-message|sir sardou forfeited.\n|\n|win|East Yellow\n|raw|sir sardou's rating: 1445 &rarr; <strong>1430<\/strong><br \/>(-15 for losing)\n|raw|East Yellow's rating: 1534 &rarr; <strong>1549<\/strong><br \/>(+15 for winning)\n|l|\u2606sir sardou\n","uploadtime":1700090975,"views":7,"p1id":"sirsardou","p2id":"eastyellow","formatid":"gen9ou","rating":1430,"private":0,"password":""}