{"id":"gen9ou-1994310326","p1":"S3nKay","p2":"Jaketr4","format":"[Gen 9] OU","log":"|j|\u2606S3nKay\n|j|\u2606Jaketr4\n|t:|1700429688\n|gametype|singles\n|player|p1|S3nKay|170|\n|player|p2|Jaketr4|hilbert|\n|teamsize|p1|6\n|teamsize|p2|6\n|gen|9\n|tier|[Gen 9] OU\n|rule|Sleep Clause Mod: Limit one foe put to sleep\n|rule|Species Clause: Limit one of each Pok\u00e9mon\n|rule|OHKO Clause: OHKO moves are banned\n|rule|Evasion Items Clause: Evasion items are banned\n|rule|Evasion Moves Clause: Evasion moves are banned\n|rule|Endless Battle Clause: Forcing endless battles is banned\n|rule|HP Percentage Mod: HP is shown in percentages\n|clearpoke\n|poke|p1|Sableye, M|\n|poke|p1|Raichu, F|\n|poke|p1|Great Tusk|\n|poke|p1|Pawmot, M|\n|poke|p1|Torkoal, M|\n|poke|p1|Murkrow, F|\n|poke|p2|Luvdisc, M|\n|poke|p2|Dunsparce, M|\n|poke|p2|Brambleghast, F|\n|poke|p2|Munchlax, F|\n|poke|p2|Espeon, M|\n|poke|p2|Arcanine-Hisui, F|\n|teampreview\n|\n|t:|1700429704\n|start\n|switch|p1a: Murkrow|Murkrow, F|100\/100\n|switch|p2a: Espeon|Espeon, M|100\/100\n|turn|1\n|\n|t:|1700429712\n|move|p1a: Murkrow|Perish Song|p1a: Murkrow\n|-start|p1a: Murkrow|perish3|[silent]\n|-start|p2a: Espeon|perish3|[silent]\n|-fieldactivate|move: Perish Song\n|move|p2a: Espeon|Dazzling Gleam|p1a: Murkrow\n|-supereffective|p1a: Murkrow\n|-enditem|p1a: Murkrow|Focus Sash\n|-damage|p1a: Murkrow|1\/100\n|\n|-start|p2a: Espeon|perish3\n|-start|p1a: Murkrow|perish3\n|upkeep\n|turn|2\n|\n|t:|1700429718\n|switch|p2a: Dunsparce|Dunsparce, M|100\/100\n|move|p1a: Murkrow|Tailwind|p1a: Murkrow\n|-sidestart|p1: S3nKay|move: Tailwind\n|\n|-start|p1a: Murkrow|perish2\n|upkeep\n|turn|3\n|\n|t:|1700429728\n|switch|p1a: Raichu|Raichu, F|100\/100\n|move|p2a: Dunsparce|Stealth Rock|p1a: Raichu\n|-sidestart|p1: S3nKay|move: Stealth Rock\n|\n|upkeep\n|turn|4\n|\n|t:|1700429745\n|switch|p2a: Brambleghast|Brambleghast, F|100\/100\n|move|p1a: Raichu|Nasty Plot|p1a: Raichu\n|-boost|p1a: Raichu|spa|2\n|\n|upkeep\n|turn|5\n|\n|t:|1700429751\n|-terastallize|p1a: Raichu|Flying\n|move|p1a: Raichu|Tera Blast|p2a: Brambleghast|[anim] Tera Blast Flying\n|-supereffective|p2a: Brambleghast\n|-damage|p2a: Brambleghast|0 fnt\n|faint|p2a: Brambleghast\n|\n|-sideend|p1: S3nKay|move: Tailwind\n|upkeep\n|\n|t:|1700429760\n|switch|p2a: Arcanine|Arcanine-Hisui, F|100\/100\n|turn|6\n|\n|t:|1700429765\n|move|p2a: Arcanine|Head Smash|p1a: Raichu\n|-supereffective|p1a: Raichu\n|-enditem|p1a: Raichu|Focus Sash\n|-damage|p1a: Raichu|1\/100\n|move|p1a: Raichu|Thunder|p2a: Arcanine\n|-damage|p2a: Arcanine|0 fnt\n|faint|p2a: Arcanine\n|\n|upkeep\n|\n|t:|1700429777\n|switch|p2a: Munchlax|Munchlax, F|100\/100\n|turn|7\n|\n|t:|1700429780\n|move|p1a: Raichu|Tera Blast|p2a: Munchlax|[anim] Tera Blast Flying\n|-damage|p2a: Munchlax|66\/100\n|move|p2a: Munchlax|Body Slam|p1a: Raichu\n|-damage|p1a: Raichu|0 fnt\n|faint|p1a: Raichu\n|\n|upkeep\n|\n|t:|1700429788\n|switch|p1a: Torkoal|Torkoal, M|100\/100\n|-damage|p1a: Torkoal|76\/100|[from] Stealth Rock\n|-weather|SunnyDay|[from] ability: Drought|[of] p1a: Torkoal\n|turn|8\n|\n|t:|1700429796\n|switch|p1a: Great Tusk|Great Tusk|100\/100\n|-damage|p1a: Great Tusk|98\/100|[from] Stealth Rock\n|-activate|p1a: Great Tusk|ability: Protosynthesis\n|-start|p1a: Great Tusk|protosynthesisatk\n|move|p2a: Munchlax|Earthquake|p1a: Great Tusk\n|-damage|p1a: Great Tusk|75\/100\n|\n|-weather|SunnyDay|[upkeep]\n|upkeep\n|turn|9\n|\n|t:|1700429805\n|move|p1a: Great Tusk|Close Combat|p2a: Munchlax\n|-supereffective|p2a: Munchlax\n|-damage|p2a: Munchlax|0 fnt\n|-unboost|p1a: Great Tusk|def|1\n|-unboost|p1a: Great Tusk|spd|1\n|faint|p2a: Munchlax\n|\n|-weather|SunnyDay|[upkeep]\n|upkeep\n|\n|t:|1700429807\n|switch|p2a: Dunsparce|Dunsparce, M|100\/100\n|turn|10\n|\n|t:|1700429810\n|-terastallize|p2a: Dunsparce|Ghost\n|move|p1a: Great Tusk|Close Combat|p2a: Dunsparce\n|-immune|p2a: Dunsparce\n|move|p2a: Dunsparce|Coil|p2a: Dunsparce\n|-boost|p2a: Dunsparce|atk|1\n|-boost|p2a: Dunsparce|def|1\n|-boost|p2a: Dunsparce|accuracy|1\n|\n|-weather|SunnyDay|[upkeep]\n|upkeep\n|turn|11\n|\n|t:|1700429816\n|-end|p1a: Great Tusk|Protosynthesis|[silent]\n|switch|p1a: Sableye|Sableye, M|100\/100\n|-damage|p1a: Sableye|88\/100|[from] Stealth Rock\n|move|p2a: Dunsparce|Coil|p2a: Dunsparce\n|-boost|p2a: Dunsparce|atk|1\n|-boost|p2a: Dunsparce|def|1\n|-boost|p2a: Dunsparce|accuracy|1\n|\n|-weather|SunnyDay|[upkeep]\n|upkeep\n|turn|12\n|\n|t:|1700429822\n|move|p1a: Sableye|Trick|p2a: Dunsparce\n|-activate|p1a: Sableye|move: Trick|[of] p2a: Dunsparce\n|-item|p2a: Dunsparce|Lagging Tail|[from] move: Trick\n|-item|p1a: Sableye|Eviolite|[from] move: Trick\n|move|p2a: Dunsparce|Tera Blast|p1a: Sableye|[anim] Tera Blast Ghost\n|-damage|p1a: Sableye|9\/100\n|\n|-weather|SunnyDay|[upkeep]\n|upkeep\n|turn|13\n|\n|t:|1700429832\n|move|p1a: Sableye|Foul Play|p2a: Dunsparce\n|-supereffective|p2a: Dunsparce\n|-damage|p2a: Dunsparce|13\/100\n|move|p2a: Dunsparce|Tera Blast|p1a: Sableye|[anim] Tera Blast Ghost\n|-damage|p1a: Sableye|0 fnt\n|faint|p1a: Sableye\n|\n|-weather|SunnyDay|[upkeep]\n|upkeep\n|\n|t:|1700429843\n|switch|p1a: Great Tusk|Great Tusk|75\/100\n|-damage|p1a: Great Tusk|72\/100|[from] Stealth Rock\n|-activate|p1a: Great Tusk|ability: Protosynthesis\n|-start|p1a: Great Tusk|protosynthesisatk\n|turn|14\n|\n|t:|1700429852\n|move|p1a: Great Tusk|Knock Off|p2a: Dunsparce\n|-supereffective|p2a: Dunsparce\n|-damage|p2a: Dunsparce|0 fnt\n|-enditem|p2a: Dunsparce|Lagging Tail|[from] move: Knock Off|[of] p1a: Great Tusk\n|faint|p2a: Dunsparce\n|\n|-weather|SunnyDay|[upkeep]\n|upkeep\n|\n|t:|1700429854\n|switch|p2a: Luvdisc|Luvdisc, M|100\/100\n|turn|15\n|\n|t:|1700429863\n|-end|p1a: Great Tusk|Protosynthesis|[silent]\n|switch|p1a: Murkrow|Murkrow, F|1\/100\n|-damage|p1a: Murkrow|0 fnt|[from] Stealth Rock\n|faint|p1a: Murkrow\n|move|p2a: Luvdisc|Protect||[still]\n|-fail|p2a: Luvdisc\n|\n|-weather|none\n|upkeep\n|\n|t:|1700429867\n|switch|p1a: Pawmot|Pawmot, M|100\/100\n|-damage|p1a: Pawmot|94\/100|[from] Stealth Rock\n|turn|16\n|\n|t:|1700429871\n|move|p2a: Luvdisc|Protect|p2a: Luvdisc\n|-singleturn|p2a: Luvdisc|Protect\n|move|p1a: Pawmot|Double Shock|p2a: Luvdisc\n|-activate|p2a: Luvdisc|move: Protect\n|\n|upkeep\n|turn|17\n|\n|t:|1700429891\n|move|p2a: Luvdisc|Hydro Pump|p1a: Pawmot|[miss]\n|-miss|p2a: Luvdisc|p1a: Pawmot\n|move|p1a: Pawmot|Double Shock|p2a: Luvdisc\n|-supereffective|p2a: Luvdisc\n|-damage|p2a: Luvdisc|0 fnt\n|-start|p1a: Pawmot|typechange|???\/Fighting|[from] move: Double Shock\n|faint|p2a: Luvdisc\n|-damage|p1a: Pawmot|84\/100|[from] item: Life Orb\n|\n|upkeep\n|\n|t:|1700429895\n|switch|p2a: Espeon|Espeon, M|100\/100\n|turn|18\n|\n|t:|1700429902\n|switch|p1a: Torkoal|Torkoal, M|76\/100\n|-damage|p1a: Torkoal|51\/100|[from] Stealth Rock\n|-weather|SunnyDay|[from] ability: Drought|[of] p1a: Torkoal\n|move|p2a: Espeon|Psychic|p1a: Torkoal\n|-damage|p1a: Torkoal|0 fnt\n|faint|p1a: Torkoal\n|\n|-weather|SunnyDay|[upkeep]\n|upkeep\n|\n|t:|1700429903\n|switch|p1a: Great Tusk|Great Tusk|72\/100\n|-damage|p1a: Great Tusk|69\/100|[from] Stealth Rock\n|-activate|p1a: Great Tusk|ability: Protosynthesis\n|-start|p1a: Great Tusk|protosynthesisatk\n|turn|19\n|\n|t:|1700429905\n|move|p1a: Great Tusk|Knock Off|p2a: Espeon\n|-supereffective|p2a: Espeon\n|-damage|p2a: Espeon|0 fnt\n|-enditem|p2a: Espeon|Choice Specs|[from] move: Knock Off|[of] p1a: Great Tusk\n|faint|p2a: Espeon\n|\n|win|S3nKay\n","uploadtime":1700429941,"views":33,"p1id":"s3nkay","p2id":"jaketr4","formatid":"gen9ou","rating":0,"private":0,"password":""}