{"id":"gen9ou-1989891677","p1":"Tarkus474","p2":"superiax","format":"[Gen 9] OU","log":"|j|\u2606Tarkus474\n|j|\u2606superiax\n|t:|1699904377\n|gametype|singles\n|player|p1|Tarkus474|n|1260\n|player|p2|superiax|whitney|1325\n|teamsize|p1|6\n|teamsize|p2|6\n|gen|9\n|tier|[Gen 9] OU\n|rated|\n|rule|Sleep Clause Mod: Limit one foe put to sleep\n|rule|Species Clause: Limit one of each Pok\u00e9mon\n|rule|OHKO Clause: OHKO moves are banned\n|rule|Evasion Items Clause: Evasion items are banned\n|rule|Evasion Moves Clause: Evasion moves are banned\n|rule|Endless Battle Clause: Forcing endless battles is banned\n|rule|HP Percentage Mod: HP is shown in percentages\n|clearpoke\n|poke|p1|Ninetales-Alola, F|\n|poke|p1|Sandslash-Alola, F|\n|poke|p1|Alomomola, F|\n|poke|p1|Samurott-Hisui, F|\n|poke|p1|Slowking-Galar, F|\n|poke|p1|Tornadus-Therian, M|\n|poke|p2|Ribombee, F|\n|poke|p2|Ninetales-Alola, F|\n|poke|p2|Kingambit, M|\n|poke|p2|Iron Moth|\n|poke|p2|Gholdengo|\n|poke|p2|Ogerpon-Wellspring, F|\n|teampreview\n|inactive|Battle timer is ON: inactive players will automatically lose when time's up. (requested by superiax)\n|\n|t:|1699904386\n|start\n|switch|p1a: Tornadus|Tornadus-Therian, M|100\/100\n|switch|p2a: Mirror Master|Ribombee, F, shiny|100\/100\n|turn|1\n|\n|t:|1699904402\n|move|p2a: Mirror Master|Stun Spore|p1a: Tornadus|[miss]\n|-miss|p2a: Mirror Master|p1a: Tornadus\n|move|p1a: Tornadus|Bleakwind Storm|p2a: Mirror Master\n|-supereffective|p2a: Mirror Master\n|-enditem|p2a: Mirror Master|Focus Sash\n|-damage|p2a: Mirror Master|1\/100\n|\n|upkeep\n|turn|2\n|\n|t:|1699904409\n|move|p2a: Mirror Master|Sticky Web|p1a: Tornadus\n|-sidestart|p1: Tarkus474|move: Sticky Web\n|move|p1a: Tornadus|U-turn|p2a: Mirror Master\n|-resisted|p2a: Mirror Master\n|-damage|p2a: Mirror Master|0 fnt\n|faint|p2a: Mirror Master\n|\n|t:|1699904416\n|switch|p1a: Sandslash|Sandslash-Alola, F|100\/100|[from] U-turn\n|-activate|p1a: Sandslash|move: Sticky Web\n|-unboost|p1a: Sandslash|spe|1\n|\n|upkeep\n|\n|t:|1699904421\n|switch|p2a: Heatwave|Iron Moth, shiny|100\/100\n|turn|3\n|\n|t:|1699904427\n|switch|p1a: Slowking|Slowking-Galar, F|100\/100\n|move|p2a: Heatwave|Fiery Dance|p1a: Slowking\n|-damage|p1a: Slowking|75\/100\n|-boost|p2a: Heatwave|spa|1\n|\n|upkeep\n|turn|4\n|\n|t:|1699904439\n|move|p2a: Heatwave|Fiery Dance|p1a: Slowking\n|-damage|p1a: Slowking|38\/100\n|move|p1a: Slowking|Chilly Reception|p1a: Slowking\n|-weather|Snow\n|\n|t:|1699904444\n|switch|p1a: Samurott|Samurott-Hisui, F|100\/100|[from] Chilly Reception\n|-activate|p1a: Samurott|move: Sticky Web\n|-unboost|p1a: Samurott|spe|1\n|\n|-weather|Snow|[upkeep]\n|upkeep\n|turn|5\n|\n|t:|1699904472\n|-end|p2a: Heatwave|Quark Drive|[silent]\n|switch|p2a: Captain Cold|Ninetales-Alola, F, shiny|100\/100\n|move|p1a: Samurott|Razor Shell|p2a: Captain Cold\n|-damage|p2a: Captain Cold|56\/100\n|-unboost|p2a: Captain Cold|def|1\n|\n|-weather|Snow|[upkeep]\n|upkeep\n|turn|6\n|\n|t:|1699904480\n|move|p2a: Captain Cold|Aurora Veil|p2a: Captain Cold\n|-sidestart|p2: superiax|move: Aurora Veil\n|move|p1a: Samurott|Razor Shell|p2a: Captain Cold\n|-crit|p2a: Captain Cold\n|-damage|p2a: Captain Cold|0 fnt\n|faint|p2a: Captain Cold\n|\n|-weather|Snow|[upkeep]\n|upkeep\n|\n|t:|1699904486\n|switch|p2a: Weather Wizard|Ogerpon-Wellspring, F|100\/100\n|turn|7\n|\n|t:|1699904492\n|switch|p1a: Sandslash|Sandslash-Alola, F|100\/100\n|-activate|p1a: Sandslash|move: Sticky Web\n|-unboost|p1a: Sandslash|spe|1\n|move|p2a: Weather Wizard|Swords Dance|p2a: Weather Wizard\n|-boost|p2a: Weather Wizard|atk|2\n|\n|-weather|Snow|[upkeep]\n|upkeep\n|turn|8\n|\n|t:|1699904500\n|move|p2a: Weather Wizard|Ivy Cudgel|p1a: Sandslash\n|-damage|p1a: Sandslash|24\/100\n|move|p1a: Sandslash|Icicle Crash|p2a: Weather Wizard\n|-damage|p2a: Weather Wizard|62\/100\n|\n|-weather|none\n|upkeep\n|turn|9\n|\n|t:|1699904530\n|move|p2a: Weather Wizard|Ivy Cudgel|p1a: Sandslash\n|-crit|p1a: Sandslash\n|-damage|p1a: Sandslash|0 fnt\n|faint|p1a: Sandslash\n|\n|upkeep\n|\n|t:|1699904533\n|switch|p1a: Alomomola|Alomomola, F|100\/100\n|turn|10\n|\n|t:|1699904545\n|-terastallize|p1a: Alomomola|Dragon\n|move|p2a: Weather Wizard|Horn Leech|p1a: Alomomola\n|-resisted|p1a: Alomomola\n|-crit|p1a: Alomomola\n|-damage|p1a: Alomomola|65\/100\n|-heal|p2a: Weather Wizard|93\/100|[from] drain|[of] p1a: Alomomola\n|move|p1a: Alomomola|Wish|p1a: Alomomola\n|\n|upkeep\n|turn|11\n|\n|t:|1699904556\n|switch|p2a: Heatwave|Iron Moth, shiny|100\/100\n|move|p1a: Alomomola|Protect||[still]\n|-fail|p1a: Alomomola\n|\n|-heal|p1a: Alomomola|100\/100|[from] move: Wish|[wisher] Alomomola\n|upkeep\n|turn|12\n|\n|t:|1699904563\n|switch|p1a: Slowking|Slowking-Galar, F|71\/100\n|move|p2a: Heatwave|Fiery Dance|p1a: Slowking\n|-damage|p1a: Slowking|43\/100\n|\n|upkeep\n|turn|13\n|\n|t:|1699904569\n|move|p2a: Heatwave|Fiery Dance|p1a: Slowking\n|-damage|p1a: Slowking|16\/100\n|move|p1a: Slowking|Slack Off|p1a: Slowking\n|-heal|p1a: Slowking|66\/100\n|\n|-sideend|p2: superiax|move: Aurora Veil\n|upkeep\n|turn|14\n|\n|t:|1699904578\n|move|p2a: Heatwave|Fiery Dance|p1a: Slowking\n|-damage|p1a: Slowking|38\/100\n|-boost|p2a: Heatwave|spa|1\n|move|p1a: Slowking|Slack Off|p1a: Slowking\n|-heal|p1a: Slowking|88\/100\n|\n|upkeep\n|turn|15\n|\n|t:|1699904585\n|switch|p1a: Samurott|Samurott-Hisui, F|100\/100\n|-activate|p1a: Samurott|move: Sticky Web\n|-unboost|p1a: Samurott|spe|1\n|move|p2a: Heatwave|Fiery Dance|p1a: Samurott\n|-resisted|p1a: Samurott\n|-damage|p1a: Samurott|51\/100\n|\n|upkeep\n|turn|16\n|\n|t:|1699904593\n|move|p2a: Heatwave|Energy Ball|p1a: Samurott\n|-supereffective|p1a: Samurott\n|-damage|p1a: Samurott|0 fnt\n|faint|p1a: Samurott\n|\n|upkeep\n|\n|t:|1699904605\n|switch|p1a: Tornadus|Tornadus-Therian, M|100\/100\n|turn|17\n|\n|t:|1699904613\n|move|p1a: Tornadus|Knock Off|p2a: Heatwave\n|-damage|p2a: Heatwave|66\/100\n|-enditem|p2a: Heatwave|Heavy-Duty Boots|[from] move: Knock Off|[of] p1a: Tornadus\n|move|p2a: Heatwave|Sludge Wave|p1a: Tornadus\n|-damage|p1a: Tornadus|13\/100\n|\n|upkeep\n|turn|18\n|\n|t:|1699904620\n|move|p1a: Tornadus|Bleakwind Storm|p2a: Heatwave\n|-damage|p2a: Heatwave|28\/100\n|move|p2a: Heatwave|Fiery Dance|p1a: Tornadus\n|-damage|p1a: Tornadus|0 fnt\n|faint|p1a: Tornadus\n|\n|upkeep\n|\n|t:|1699904625\n|switch|p1a: Slowking|Slowking-Galar, F|100\/100\n|turn|19\n|\n|t:|1699904632\n|-end|p2a: Heatwave|Quark Drive|[silent]\n|switch|p2a: Captain Boomerang|Kingambit, M, shiny|100\/100\n|-activate|p2a: Captain Boomerang|ability: Supreme Overlord\n|-start|p2a: Captain Boomerang|fallen2|[silent]\n|move|p1a: Slowking|Flamethrower|p2a: Captain Boomerang\n|-supereffective|p2a: Captain Boomerang\n|-damage|p2a: Captain Boomerang|56\/100\n|\n|upkeep\n|turn|20\n|\n|t:|1699904643\n|switch|p1a: Ninetales|Ninetales-Alola, F|100\/100\n|-activate|p1a: Ninetales|move: Sticky Web\n|-unboost|p1a: Ninetales|spe|1\n|-weather|Snow|[from] ability: Snow Warning|[of] p1a: Ninetales\n|-terastallize|p2a: Captain Boomerang|Flying\n|move|p2a: Captain Boomerang|Swords Dance|p2a: Captain Boomerang\n|-boost|p2a: Captain Boomerang|atk|2\n|\n|-weather|Snow|[upkeep]\n|upkeep\n|turn|21\n|\n|t:|1699904652\n|move|p1a: Ninetales|Encore|p2a: Captain Boomerang\n|-start|p2a: Captain Boomerang|Encore\n|move|p2a: Captain Boomerang|Swords Dance|p2a: Captain Boomerang\n|-boost|p2a: Captain Boomerang|atk|2\n|\n|-weather|Snow|[upkeep]\n|upkeep\n|turn|22\n|\n|t:|1699904658\n|move|p1a: Ninetales|Freeze-Dry|p2a: Captain Boomerang\n|-supereffective|p2a: Captain Boomerang\n|-damage|p2a: Captain Boomerang|0 fnt\n|faint|p2a: Captain Boomerang\n|-end|p2a: Captain Boomerang|fallen2|[silent]\n|\n|-weather|Snow|[upkeep]\n|upkeep\n|\n|t:|1699904663\n|switch|p2a: Golden Glider|Gholdengo|100\/100\n|turn|23\n|\n|t:|1699904671\n|switch|p1a: Slowking|Slowking-Galar, F|100\/100\n|move|p2a: Golden Glider|Shadow Ball|p1a: Slowking\n|-supereffective|p1a: Slowking\n|-damage|p1a: Slowking|58\/100\n|\n|-weather|Snow|[upkeep]\n|upkeep\n|turn|24\n|\n|t:|1699904678\n|move|p2a: Golden Glider|Nasty Plot|p2a: Golden Glider\n|-boost|p2a: Golden Glider|spa|2\n|move|p1a: Slowking|Slack Off|p1a: Slowking\n|-heal|p1a: Slowking|100\/100\n|\n|-weather|Snow|[upkeep]\n|upkeep\n|turn|25\n|\n|t:|1699904688\n|move|p2a: Golden Glider|Shadow Ball|p1a: Slowking\n|-supereffective|p1a: Slowking\n|-damage|p1a: Slowking|16\/100\n|move|p1a: Slowking|Flamethrower|p2a: Golden Glider\n|-supereffective|p2a: Golden Glider\n|-damage|p2a: Golden Glider|59\/100\n|\n|-weather|Snow|[upkeep]\n|upkeep\n|turn|26\n|\n|t:|1699904695\n|move|p2a: Golden Glider|Shadow Ball|p1a: Slowking\n|-supereffective|p1a: Slowking\n|-damage|p1a: Slowking|0 fnt\n|faint|p1a: Slowking\n|\n|-weather|Snow|[upkeep]\n|upkeep\n|\n|t:|1699904699\n|switch|p1a: Alomomola|Alomomola, F, tera:Dragon|100\/100\n|turn|27\n|\n|t:|1699904705\n|move|p2a: Golden Glider|Nasty Plot|p2a: Golden Glider\n|-boost|p2a: Golden Glider|spa|2\n|move|p1a: Alomomola|Scald|p2a: Golden Glider\n|-damage|p2a: Golden Glider|45\/100\n|\n|-weather|none\n|upkeep\n|turn|28\n|\n|t:|1699904712\n|move|p2a: Golden Glider|Recover|p2a: Golden Glider\n|-heal|p2a: Golden Glider|95\/100\n|move|p1a: Alomomola|Flip Turn|p2a: Golden Glider\n|-damage|p2a: Golden Glider|85\/100\n|\n|t:|1699904716\n|switch|p1a: Ninetales|Ninetales-Alola, F|100\/100|[from] Flip Turn\n|-activate|p1a: Ninetales|move: Sticky Web\n|-unboost|p1a: Ninetales|spe|1\n|-weather|Snow|[from] ability: Snow Warning|[of] p1a: Ninetales\n|\n|-weather|Snow|[upkeep]\n|upkeep\n|turn|29\n|\n|t:|1699904723\n|move|p1a: Ninetales|Encore|p2a: Golden Glider\n|-immune|p2a: Golden Glider|[from] ability: Good as Gold\n|move|p2a: Golden Glider|Make It Rain|p1a: Ninetales\n|-supereffective|p1a: Ninetales\n|-damage|p1a: Ninetales|0 fnt\n|-unboost|p2a: Golden Glider|spa|1\n|faint|p1a: Ninetales\n|\n|-weather|Snow|[upkeep]\n|upkeep\n|-message|Tarkus474 forfeited.\n|\n|win|superiax\n|raw|Tarkus474's rating: 1260 &rarr; <strong>1240<\/strong><br \/>(-20 for losing)\n|raw|superiax's rating: 1325 &rarr; <strong>1341<\/strong><br \/>(+16 for winning)\n|l|\u2606Tarkus474\n","uploadtime":1699904735,"views":10,"p1id":"tarkus474","p2id":"superiax","formatid":"gen9ou","rating":1240,"private":0,"password":""}