{"id":"gen9ou-1996607719","p1":"Agnine","p2":"Mister Huang","format":"[Gen 9] OU","log":"|j|\u2606Agnine\n|j|\u2606Mister Huang\n|t:|1700699993\n|gametype|singles\n|player|p1|Agnine|flannery|1274\n|player|p2|Mister Huang|ghetsis|1287\n|teamsize|p1|6\n|teamsize|p2|6\n|gen|9\n|tier|[Gen 9] OU\n|rated|\n|rule|Sleep Clause Mod: Limit one foe put to sleep\n|rule|Species Clause: Limit one of each Pok\u00e9mon\n|rule|OHKO Clause: OHKO moves are banned\n|rule|Evasion Items Clause: Evasion items are banned\n|rule|Evasion Moves Clause: Evasion moves are banned\n|rule|Endless Battle Clause: Forcing endless battles is banned\n|rule|HP Percentage Mod: HP is shown in percentages\n|clearpoke\n|poke|p1|Ting-Lu|\n|poke|p1|Ogerpon-Wellspring, F|\n|poke|p1|Corviknight, F|\n|poke|p1|Zapdos|\n|poke|p1|Cinderace, F|\n|poke|p1|Gholdengo|\n|poke|p2|Dondozo, F|\n|poke|p2|Glimmora, F|\n|poke|p2|Gholdengo|\n|poke|p2|Meowscarada, F|\n|poke|p2|Kingambit, M|\n|poke|p2|Corviknight, F|\n|teampreview\n|inactive|Battle timer is ON: inactive players will automatically lose when time's up. (requested by Agnine)\n|\n|t:|1700700015\n|start\n|switch|p1a: Ogerpon|Ogerpon-Wellspring, F|100\/100\n|switch|p2a: Mahoraga|Meowscarada, F, shiny|100\/100\n|turn|1\n|\n|t:|1700700020\n|switch|p1a: Corviknight|Corviknight, F|100\/100\n|-ability|p1a: Corviknight|Pressure\n|move|p2a: Mahoraga|Knock Off|p1a: Corviknight\n|-start|p2a: Mahoraga|typechange|Dark|[from] ability: Protean\n|-damage|p1a: Corviknight|74\/100\n|-damage|p2a: Mahoraga|84\/100|[from] item: Rocky Helmet|[of] p1a: Corviknight\n|-enditem|p1a: Corviknight|Rocky Helmet|[from] move: Knock Off|[of] p2a: Mahoraga\n|\n|upkeep\n|turn|2\n|\n|t:|1700700026\n|switch|p2a: Dondozo|Dondozo, F, shiny|100\/100\n|move|p1a: Corviknight|U-turn|p2a: Dondozo\n|-damage|p2a: Dondozo|94\/100\n|\n|t:|1700700034\n|switch|p1a: Gholdengo|Gholdengo|100\/100|[from] U-turn\n|\n|-heal|p2a: Dondozo|99\/100|[from] item: Leftovers\n|upkeep\n|turn|3\n|\n|t:|1700700038\n|move|p1a: Gholdengo|Shadow Ball|p2a: Dondozo\n|-damage|p2a: Dondozo|68\/100\n|move|p2a: Dondozo|Earthquake|p1a: Gholdengo\n|-supereffective|p1a: Gholdengo\n|-damage|p1a: Gholdengo|69\/100\n|\n|-heal|p1a: Gholdengo|75\/100|[from] item: Leftovers\n|-heal|p2a: Dondozo|74\/100|[from] item: Leftovers\n|upkeep\n|turn|4\n|\n|t:|1700700046\n|switch|p1a: Zapdos|Zapdos|100\/100\n|move|p2a: Dondozo|Wave Crash|p1a: Zapdos\n|-damage|p1a: Zapdos|52\/100\n|-damage|p2a: Dondozo|64\/100|[from] Recoil\n|\n|-heal|p2a: Dondozo|70\/100|[from] item: Leftovers\n|upkeep\n|turn|5\n|\n|t:|1700700052\n|move|p1a: Zapdos|Thunderbolt|p2a: Dondozo\n|-supereffective|p2a: Dondozo\n|-damage|p2a: Dondozo|0 fnt\n|faint|p2a: Dondozo\n|\n|upkeep\n|\n|t:|1700700054\n|switch|p2a: Gojo|Glimmora, F|100\/100\n|turn|6\n|\n|t:|1700700059\n|move|p1a: Zapdos|Roost|p1a: Zapdos\n|-heal|p1a: Zapdos|100\/100\n|-singleturn|p1a: Zapdos|move: Roost\n|move|p2a: Gojo|Power Gem|p1a: Zapdos\n|-damage|p1a: Zapdos|47\/100\n|\n|upkeep\n|turn|7\n|\n|t:|1700700069\n|switch|p1a: Ting-Lu|Ting-Lu|100\/100\n|-ability|p1a: Ting-Lu|Vessel of Ruin\n|move|p2a: Gojo|Power Gem|p1a: Ting-Lu\n|-resisted|p1a: Ting-Lu\n|-damage|p1a: Ting-Lu|89\/100\n|\n|-heal|p1a: Ting-Lu|95\/100|[from] item: Leftovers\n|upkeep\n|turn|8\n|\n|t:|1700700076\n|-terastallize|p2a: Gojo|Grass\n|move|p2a: Gojo|Energy Ball|p1a: Ting-Lu\n|-supereffective|p1a: Ting-Lu\n|-damage|p1a: Ting-Lu|48\/100\n|-unboost|p1a: Ting-Lu|spd|1\n|move|p1a: Ting-Lu|Ruination|p2a: Gojo\n|-damage|p2a: Gojo|50\/100\n|\n|-heal|p1a: Ting-Lu|54\/100|[from] item: Leftovers\n|upkeep\n|turn|9\n|\n|t:|1700700084\n|switch|p1a: Cinderace|Cinderace, F|100\/100\n|move|p2a: Gojo|Energy Ball|p1a: Cinderace\n|-resisted|p1a: Cinderace\n|-damage|p1a: Cinderace|61\/100\n|\n|upkeep\n|turn|10\n|\n|t:|1700700087\n|move|p1a: Cinderace|Pyro Ball|p2a: Gojo\n|-supereffective|p2a: Gojo\n|-damage|p2a: Gojo|0 fnt\n|-activate|p2a: Gojo|ability: Toxic Debris\n|-sidestart|p1: Agnine|move: Toxic Spikes\n|faint|p2a: Gojo\n|\n|upkeep\n|\n|t:|1700700090\n|switch|p2a: Mahoraga|Meowscarada, F, shiny|84\/100\n|turn|11\n|\n|t:|1700700097\n|switch|p1a: Corviknight|Corviknight, F|74\/100\n|-ability|p1a: Corviknight|Pressure\n|move|p2a: Mahoraga|Knock Off|p1a: Corviknight\n|-start|p2a: Mahoraga|typechange|Dark|[from] ability: Protean\n|-damage|p1a: Corviknight|56\/100\n|\n|upkeep\n|turn|12\n|\n|t:|1700700104\n|switch|p2a: Kashimo|Gholdengo|100\/100\n|move|p1a: Corviknight|U-turn|p2a: Kashimo\n|-resisted|p2a: Kashimo\n|-damage|p2a: Kashimo|96\/100\n|\n|t:|1700700113\n|switch|p1a: Ogerpon|Ogerpon-Wellspring, F|100\/100|[from] U-turn\n|-status|p1a: Ogerpon|psn\n|\n|-damage|p1a: Ogerpon|88\/100 psn|[from] psn\n|upkeep\n|turn|13\n|\n|t:|1700700124\n|-terastallize|p1a: Ogerpon|Water\n|detailschange|p1a: Ogerpon|Ogerpon-Wellspring-Tera, F, tera:Water\n|-ability|p1a: Ogerpon|Embody Aspect (Wellspring)|boost\n|-boost|p1a: Ogerpon|spd|1\n|move|p1a: Ogerpon|Ivy Cudgel|p2a: Kashimo|[anim] Ivy Cudgel Water\n|-damage|p2a: Kashimo|0 fnt\n|faint|p2a: Kashimo\n|\n|-damage|p1a: Ogerpon|76\/100 psn|[from] psn\n|upkeep\n|\n|t:|1700700132\n|switch|p2a: Mahoraga|Meowscarada, F, shiny|84\/100\n|turn|14\n|\n|t:|1700700141\n|move|p2a: Mahoraga|Flower Trick|p1a: Ogerpon\n|-start|p2a: Mahoraga|typechange|Grass|[from] ability: Protean\n|-supereffective|p1a: Ogerpon\n|-crit|p1a: Ogerpon\n|-damage|p1a: Ogerpon|0 fnt\n|faint|p1a: Ogerpon\n|\n|upkeep\n|\n|t:|1700700145\n|switch|p1a: Corviknight|Corviknight, F|56\/100\n|-ability|p1a: Corviknight|Pressure\n|turn|15\n|\n|t:|1700700157\n|move|p2a: Mahoraga|Brick Break|p1a: Corviknight\n|-damage|p1a: Corviknight|43\/100\n|move|p1a: Corviknight|Iron Defense|p1a: Corviknight\n|-boost|p1a: Corviknight|def|2\n|\n|upkeep\n|turn|16\n|\n|t:|1700700165\n|switch|p2a: Corviknight|Corviknight, F|100\/100\n|move|p1a: Corviknight|Roost|p1a: Corviknight\n|-heal|p1a: Corviknight|93\/100\n|-singleturn|p1a: Corviknight|move: Roost\n|\n|upkeep\n|turn|17\n|\n|t:|1700700170\n|switch|p1a: Zapdos|Zapdos|47\/100\n|move|p2a: Corviknight|Iron Defense|p2a: Corviknight\n|-boost|p2a: Corviknight|def|2\n|\n|upkeep\n|turn|18\n|\n|t:|1700700173\n|move|p1a: Zapdos|Thunderbolt|p2a: Corviknight\n|-supereffective|p2a: Corviknight\n|-damage|p2a: Corviknight|16\/100\n|move|p2a: Corviknight|Body Press|p1a: Zapdos\n|-resisted|p1a: Zapdos\n|-damage|p1a: Zapdos|13\/100\n|\n|upkeep\n|turn|19\n|\n|t:|1700700178\n|move|p1a: Zapdos|Thunderbolt|p2a: Corviknight\n|-supereffective|p2a: Corviknight\n|-damage|p2a: Corviknight|0 fnt\n|faint|p2a: Corviknight\n|\n|upkeep\n|\n|t:|1700700183\n|switch|p2a: Mahoraga|Meowscarada, F, shiny|84\/100\n|turn|20\n|\n|t:|1700700188\n|move|p2a: Mahoraga|Knock Off|p1a: Zapdos\n|-start|p2a: Mahoraga|typechange|Dark|[from] ability: Protean\n|-damage|p1a: Zapdos|0 fnt\n|-enditem|p1a: Zapdos|Heavy-Duty Boots|[from] move: Knock Off|[of] p2a: Mahoraga\n|faint|p1a: Zapdos\n|\n|upkeep\n|\n|t:|1700700191\n|switch|p1a: Corviknight|Corviknight, F|93\/100\n|-ability|p1a: Corviknight|Pressure\n|turn|21\n|\n|t:|1700700196\n|move|p2a: Mahoraga|Brick Break|p1a: Corviknight\n|-damage|p1a: Corviknight|78\/100\n|move|p1a: Corviknight|Iron Defense|p1a: Corviknight\n|-boost|p1a: Corviknight|def|2\n|\n|upkeep\n|turn|22\n|\n|t:|1700700201\n|move|p2a: Mahoraga|Brick Break|p1a: Corviknight\n|-damage|p1a: Corviknight|71\/100\n|move|p1a: Corviknight|Iron Defense|p1a: Corviknight\n|-boost|p1a: Corviknight|def|2\n|\n|upkeep\n|turn|23\n|\n|t:|1700700206\n|move|p2a: Mahoraga|Flower Trick|p1a: Corviknight\n|-resisted|p1a: Corviknight\n|-crit|p1a: Corviknight\n|-damage|p1a: Corviknight|66\/100\n|move|p1a: Corviknight|Iron Defense|p1a: Corviknight\n|-boost|p1a: Corviknight|def|2\n|\n|upkeep\n|turn|24\n|\n|t:|1700700209\n|move|p2a: Mahoraga|Flower Trick|p1a: Corviknight\n|-resisted|p1a: Corviknight\n|-crit|p1a: Corviknight\n|-damage|p1a: Corviknight|61\/100\n|move|p1a: Corviknight|Roost|p1a: Corviknight\n|-heal|p1a: Corviknight|100\/100\n|-singleturn|p1a: Corviknight|move: Roost\n|\n|upkeep\n|turn|25\n|\n|t:|1700700212\n|move|p2a: Mahoraga|Flower Trick|p1a: Corviknight\n|-resisted|p1a: Corviknight\n|-crit|p1a: Corviknight\n|-damage|p1a: Corviknight|96\/100\n|move|p1a: Corviknight|Body Press|p2a: Mahoraga\n|-supereffective|p2a: Mahoraga\n|-damage|p2a: Mahoraga|0 fnt\n|faint|p2a: Mahoraga\n|\n|upkeep\n|\n|t:|1700700215\n|switch|p2a: Ry\u014dmen Sukuna|Kingambit, M|100\/100\n|-activate|p2a: Ry\u014dmen Sukuna|ability: Supreme Overlord\n|-start|p2a: Ry\u014dmen Sukuna|fallen5|[silent]\n|turn|26\n|\n|t:|1700700219\n|move|p1a: Corviknight|Body Press|p2a: Ry\u014dmen Sukuna\n|-supereffective|p2a: Ry\u014dmen Sukuna\n|-damage|p2a: Ry\u014dmen Sukuna|0 fnt\n|-damage|p1a: Corviknight|79\/100|[from] item: Rocky Helmet|[of] p2a: Ry\u014dmen Sukuna\n|faint|p2a: Ry\u014dmen Sukuna\n|-end|p2a: Ry\u014dmen Sukuna|fallen5|[silent]\n|\n|win|Agnine\n|raw|Agnine's rating: 1274 &rarr; <strong>1300<\/strong><br \/>(+26 for winning)\n|raw|Mister Huang's rating: 1287 &rarr; <strong>1261<\/strong><br \/>(-26 for losing)\n|l|\u2606Mister Huang\n","uploadtime":1700700267,"views":8,"p1id":"agnine","p2id":"misterhuang","formatid":"gen9ou","rating":1261,"private":0,"password":""}