{"id":"gen9ou-1988627920","p1":"Bi11 Russell","p2":"Gillnite","format":"[Gen 9] OU","log":"|j|\u2606Bi11 Russell\n|j|\u2606Gillnite\n|t:|1699743669\n|gametype|singles\n|player|p1|Bi11 Russell|hoopster|1071\n|player|p2|Gillnite|169|1059\n|teamsize|p1|6\n|teamsize|p2|6\n|gen|9\n|tier|[Gen 9] OU\n|rated|\n|rule|Sleep Clause Mod: Limit one foe put to sleep\n|rule|Species Clause: Limit one of each Pok\u00e9mon\n|rule|OHKO Clause: OHKO moves are banned\n|rule|Evasion Items Clause: Evasion items are banned\n|rule|Evasion Moves Clause: Evasion moves are banned\n|rule|Endless Battle Clause: Forcing endless battles is banned\n|rule|HP Percentage Mod: HP is shown in percentages\n|clearpoke\n|poke|p1|Gliscor, M|\n|poke|p1|Kingambit, F|\n|poke|p1|Gholdengo|\n|poke|p1|Sneasler, F|\n|poke|p1|Great Tusk|\n|poke|p1|Samurott-Hisui, M|\n|poke|p2|Toxapex, M|\n|poke|p2|Corviknight, M|\n|poke|p2|Dipplin, M|\n|poke|p2|Grimmsnarl, M|\n|poke|p2|Glimmora, F|\n|poke|p2|Mimikyu, M|\n|teampreview\n|\n|t:|1699743679\n|start\n|switch|p1a: Samurott|Samurott-Hisui, M|100\/100\n|switch|p2a: Toxapex|Toxapex, M|100\/100\n|turn|1\n|\n|t:|1699743683\n|move|p2a: Toxapex|Baneful Bunker|p2a: Toxapex\n|-singleturn|p2a: Toxapex|move: Protect\n|move|p1a: Samurott|Ceaseless Edge|p2a: Toxapex\n|-activate|p2a: Toxapex|move: Protect\n|-status|p1a: Samurott|psn\n|\n|-damage|p1a: Samurott|88\/100 psn|[from] psn\n|upkeep\n|turn|2\n|\n|t:|1699743691\n|move|p1a: Samurott|Ceaseless Edge|p2a: Toxapex\n|-damage|p2a: Toxapex|68\/100\n|-sidestart|p2: Gillnite|Spikes\n|move|p2a: Toxapex|Infestation|p1a: Samurott\n|-supereffective|p1a: Samurott\n|-damage|p1a: Samurott|83\/100 psn\n|-activate|p1a: Samurott|move: Infestation|[of] p2a: Toxapex\n|\n|-heal|p2a: Toxapex|74\/100|[from] item: Black Sludge\n|-damage|p1a: Samurott|71\/100 psn|[from] psn\n|-damage|p1a: Samurott|58\/100 psn|[from] move: Infestation|[partiallytrapped]\n|upkeep\n|turn|3\n|\n|t:|1699743702\n|move|p2a: Toxapex|Baneful Bunker|p2a: Toxapex\n|-singleturn|p2a: Toxapex|move: Protect\n|move|p1a: Samurott|Knock Off|p2a: Toxapex\n|-activate|p2a: Toxapex|move: Protect\n|\n|-heal|p2a: Toxapex|80\/100|[from] item: Black Sludge\n|-damage|p1a: Samurott|46\/100 psn|[from] psn\n|-damage|p1a: Samurott|33\/100 psn|[from] move: Infestation|[partiallytrapped]\n|upkeep\n|turn|4\n|inactive|Battle timer is ON: inactive players will automatically lose when time's up. (requested by Bi11 Russell)\n|c|\u2606Gillnite|is that steel type?\n|c|\u2606Gillnite|or water?\n|c|\u2606Gillnite|edge\n|\n|t:|1699743752\n|switch|p2a: Corviknight|Corviknight, M|100\/100\n|move|p1a: Samurott|Knock Off|p2a: Corviknight\n|-damage|p2a: Corviknight|60\/100\n|-enditem|p2a: Corviknight|Covert Cloak|[from] move: Knock Off|[of] p1a: Samurott\n|\n|-damage|p1a: Samurott|21\/100 psn|[from] psn\n|-end|p1a: Samurott|Infestation|[partiallytrapped]|[silent]\n|upkeep\n|turn|5\n|inactive|Bi11 Russell has 120 seconds left.\n|\n|t:|1699743784\n|move|p1a: Samurott|Ceaseless Edge|p2a: Corviknight|[miss]\n|-miss|p1a: Samurott|p2a: Corviknight\n|move|p2a: Corviknight|Roost|p2a: Corviknight\n|-heal|p2a: Corviknight|100\/100\n|-singleturn|p2a: Corviknight|move: Roost\n|\n|-damage|p1a: Samurott|8\/100 psn|[from] psn\n|upkeep\n|turn|6\n|inactive|Bi11 Russell has 120 seconds left.\n|\n|t:|1699743798\n|switch|p2a: Toxapex|Toxapex, M|100\/100\n|-damage|p2a: Toxapex|88\/100|[from] Spikes\n|move|p1a: Samurott|Knock Off|p2a: Toxapex\n|-damage|p2a: Toxapex|58\/100\n|-enditem|p2a: Toxapex|Black Sludge|[from] move: Knock Off|[of] p1a: Samurott\n|\n|-damage|p1a: Samurott|0 fnt|[from] psn\n|faint|p1a: Samurott\n|upkeep\n|inactive|Bi11 Russell has 120 seconds left.\n|c|\u2606Gillnite|welp\n|inactive|Bi11 Russell has 90 seconds left.\n|\n|t:|1699743835\n|switch|p1a: Great Tusk|Great Tusk|100\/100\n|turn|7\n|\n|t:|1699743842\n|move|p2a: Toxapex|Baneful Bunker|p2a: Toxapex\n|-singleturn|p2a: Toxapex|move: Protect\n|move|p1a: Great Tusk|Taunt|p2a: Toxapex\n|-activate|p2a: Toxapex|move: Protect\n|\n|upkeep\n|turn|8\n|c|\u2606Gillnite|uhhh\n|\n|t:|1699743865\n|-end|p1a: Great Tusk|Protosynthesis|[silent]\n|switch|p1a: Gholdengo|Gholdengo|100\/100\n|switch|p2a: Glimmora|Glimmora, F|100\/100\n|-damage|p2a: Glimmora|88\/100|[from] Spikes\n|\n|upkeep\n|turn|9\n|inactive|Bi11 Russell has 90 seconds left.\n|\n|t:|1699743885\n|switch|p1a: Gliscor|Gliscor, M|100\/100\n|move|p2a: Glimmora|Earth Power|p1a: Gliscor\n|-immune|p1a: Gliscor\n|\n|-status|p1a: Gliscor|tox|[from] item: Toxic Orb\n|upkeep\n|turn|10\n|\n|t:|1699743897\n|move|p2a: Glimmora|Power Gem|p1a: Gliscor\n|-damage|p1a: Gliscor|53\/100 tox\n|move|p1a: Gliscor|Spikes|p2a: Glimmora\n|-sidestart|p2: Gillnite|Spikes\n|\n|-heal|p1a: Gliscor|65\/100 tox|[from] ability: Poison Heal\n|upkeep\n|turn|11\n|\n|t:|1699743905\n|move|p1a: Gliscor|Protect|p1a: Gliscor\n|-singleturn|p1a: Gliscor|Protect\n|move|p2a: Glimmora|Mortal Spin|p1a: Gliscor\n|-activate|p1a: Gliscor|move: Protect\n|\n|-heal|p1a: Gliscor|78\/100 tox|[from] ability: Poison Heal\n|upkeep\n|turn|12\n|\n|t:|1699743913\n|move|p2a: Glimmora|Mortal Spin|p1a: Gliscor\n|-resisted|p1a: Gliscor\n|-damage|p1a: Gliscor|75\/100 tox\n|-sideend|p2: Gillnite|Spikes|[from] move: Mortal Spin|[of] p2a: Glimmora\n|move|p1a: Gliscor|Earthquake|p2a: Glimmora\n|-supereffective|p2a: Glimmora\n|-damage|p2a: Glimmora|0 fnt\n|faint|p2a: Glimmora\n|\n|-heal|p1a: Gliscor|88\/100 tox|[from] ability: Poison Heal\n|upkeep\n|\n|t:|1699743922\n|switch|p2a: Corviknight|Corviknight, M|100\/100\n|turn|13\n|inactive|Bi11 Russell has 120 seconds left.\n|\n|t:|1699743931\n|switch|p1a: Gholdengo|Gholdengo|100\/100\n|move|p2a: Corviknight|Agility|p2a: Corviknight\n|-boost|p2a: Corviknight|spe|2\n|\n|upkeep\n|turn|14\n|\n|t:|1699743940\n|move|p2a: Corviknight|Bulk Up|p2a: Corviknight\n|-boost|p2a: Corviknight|atk|1\n|-boost|p2a: Corviknight|def|1\n|move|p1a: Gholdengo|Nasty Plot|p1a: Gholdengo\n|-boost|p1a: Gholdengo|spa|2\n|\n|upkeep\n|turn|15\n|\n|t:|1699743952\n|move|p2a: Corviknight|Bulk Up|p2a: Corviknight\n|-boost|p2a: Corviknight|atk|1\n|-boost|p2a: Corviknight|def|1\n|move|p1a: Gholdengo|Shadow Ball|p2a: Corviknight\n|-damage|p2a: Corviknight|0 fnt\n|faint|p2a: Corviknight\n|\n|upkeep\n|\n|t:|1699743959\n|switch|p2a: Mimikyu|Mimikyu, M|100\/100\n|turn|16\n|\n|t:|1699743979\n|-terastallize|p1a: Gholdengo|Steel\n|move|p2a: Mimikyu|Swords Dance|p2a: Mimikyu\n|-boost|p2a: Mimikyu|atk|2\n|move|p1a: Gholdengo|Shadow Ball|p2a: Mimikyu\n|-activate|p2a: Mimikyu|ability: Disguise\n|-damage|p2a: Mimikyu|100\/100\n|detailschange|p2a: Mimikyu|Mimikyu-Busted, M\n|-damage|p2a: Mimikyu|88\/100|[from] pokemon: Mimikyu-Busted\n|\n|upkeep\n|turn|17\n|\n|t:|1699743989\n|move|p2a: Mimikyu|Phantom Force||[still]\n|-prepare|p2a: Mimikyu|Phantom Force\n|move|p1a: Gholdengo|Shadow Ball|p2a: Mimikyu|[miss]\n|-miss|p1a: Gholdengo|p2a: Mimikyu\n|\n|upkeep\n|turn|18\n|\n|t:|1699743996\n|move|p2a: Mimikyu|Phantom Force|p1a: Gholdengo|[from]lockedmove\n|-damage|p1a: Gholdengo|0 fnt\n|faint|p1a: Gholdengo\n|-damage|p2a: Mimikyu|78\/100|[from] item: Life Orb\n|\n|upkeep\n|\n|t:|1699744003\n|switch|p1a: Sneasler|Sneasler, F|100\/100\n|turn|19\n|\n|t:|1699744014\n|move|p2a: Mimikyu|Shadow Sneak|p1a: Sneasler\n|-damage|p1a: Sneasler|25\/100\n|-damage|p2a: Mimikyu|68\/100|[from] item: Life Orb\n|move|p1a: Sneasler|Dire Claw|p2a: Mimikyu\n|-damage|p2a: Mimikyu|0 fnt\n|faint|p2a: Mimikyu\n|\n|upkeep\n|\n|t:|1699744025\n|switch|p2a: Grimmsnarl|Grimmsnarl, M|100\/100\n|turn|20\n|\n|t:|1699744028\n|move|p2a: Grimmsnarl|Parting Shot|p1a: Sneasler\n|-unboost|p1a: Sneasler|atk|1\n|-unboost|p1a: Sneasler|spa|1\n|\n|t:|1699744032\n|switch|p2a: Toxapex|Toxapex, M|92\/100|[from] Parting Shot\n|move|p1a: Sneasler|Dire Claw|p2a: Toxapex\n|-resisted|p2a: Toxapex\n|-damage|p2a: Toxapex|76\/100\n|\n|upkeep\n|turn|21\n|\n|t:|1699744044\n|switch|p1a: Gliscor|Gliscor, M|88\/100 tox\n|move|p2a: Toxapex|Infestation|p1a: Gliscor\n|-resisted|p1a: Gliscor\n|-damage|p1a: Gliscor|86\/100 tox\n|-activate|p1a: Gliscor|move: Infestation|[of] p2a: Toxapex\n|\n|-heal|p1a: Gliscor|99\/100 tox|[from] ability: Poison Heal\n|-damage|p1a: Gliscor|86\/100 tox|[from] move: Infestation|[partiallytrapped]\n|upkeep\n|turn|22\n|\n|t:|1699744055\n|switch|p2a: Dipplin|Dipplin, M|100\/100\n|move|p1a: Gliscor|Earthquake|p2a: Dipplin\n|-resisted|p2a: Dipplin\n|-damage|p2a: Dipplin|91\/100\n|\n|-heal|p1a: Gliscor|99\/100 tox|[from] ability: Poison Heal\n|-end|p1a: Gliscor|Infestation|[partiallytrapped]|[silent]\n|upkeep\n|turn|23\n|\n|t:|1699744068\n|move|p1a: Gliscor|Toxic|p2a: Dipplin|[miss]\n|-miss|p1a: Gliscor|p2a: Dipplin\n|move|p2a: Dipplin|Gyro Ball|p1a: Gliscor\n|-crit|p1a: Gliscor\n|-damage|p1a: Gliscor|85\/100 tox\n|\n|-heal|p1a: Gliscor|97\/100 tox|[from] ability: Poison Heal\n|upkeep\n|turn|24\n|\n|t:|1699744086\n|-terastallize|p2a: Dipplin|Steel\n|move|p1a: Gliscor|Toxic|p2a: Dipplin\n|-immune|p2a: Dipplin\n|move|p2a: Dipplin|Dragon Tail|p1a: Gliscor\n|-damage|p1a: Gliscor|87\/100 tox\n|drag|p1a: Sneasler|Sneasler, F|25\/100\n|\n|upkeep\n|turn|25\n|\n|t:|1699744097\n|switch|p2a: Toxapex|Toxapex, M|100\/100\n|move|p1a: Sneasler|U-turn|p2a: Toxapex\n|-resisted|p2a: Toxapex\n|-damage|p2a: Toxapex|87\/100\n|\n|t:|1699744105\n|switch|p1a: Great Tusk|Great Tusk|100\/100|[from] U-turn\n|\n|upkeep\n|turn|26\n|\n|t:|1699744111\n|move|p2a: Toxapex|Baneful Bunker|p2a: Toxapex\n|-singleturn|p2a: Toxapex|move: Protect\n|move|p1a: Great Tusk|Earthquake|p2a: Toxapex\n|-activate|p2a: Toxapex|move: Protect\n|\n|upkeep\n|turn|27\n|\n|t:|1699744118\n|move|p1a: Great Tusk|Earthquake|p2a: Toxapex\n|-supereffective|p2a: Toxapex\n|-damage|p2a: Toxapex|16\/100\n|move|p2a: Toxapex|Toxic|p1a: Great Tusk\n|-status|p1a: Great Tusk|tox\n|\n|-damage|p1a: Great Tusk|94\/100 tox|[from] psn\n|upkeep\n|turn|28\n|\n|t:|1699744126\n|move|p2a: Toxapex|Baneful Bunker|p2a: Toxapex\n|-singleturn|p2a: Toxapex|move: Protect\n|move|p1a: Great Tusk|Earthquake|p2a: Toxapex\n|-activate|p2a: Toxapex|move: Protect\n|\n|-damage|p1a: Great Tusk|82\/100 tox|[from] psn\n|upkeep\n|turn|29\n|\n|t:|1699744137\n|switch|p2a: Grimmsnarl|Grimmsnarl, M|100\/100\n|move|p1a: Great Tusk|Earthquake|p2a: Grimmsnarl\n|-damage|p2a: Grimmsnarl|35\/100\n|\n|-damage|p1a: Great Tusk|63\/100 tox|[from] psn\n|upkeep\n|turn|30\n|\n|t:|1699744149\n|move|p2a: Grimmsnarl|Swagger|p1a: Great Tusk|[miss]\n|-miss|p2a: Grimmsnarl|p1a: Great Tusk\n|move|p1a: Great Tusk|Earthquake|p2a: Grimmsnarl\n|-damage|p2a: Grimmsnarl|0 fnt\n|faint|p2a: Grimmsnarl\n|\n|-damage|p1a: Great Tusk|39\/100 tox|[from] psn\n|upkeep\n|\n|t:|1699744156\n|switch|p2a: Toxapex|Toxapex, M|50\/100\n|turn|31\n|\n|t:|1699744168\n|move|p1a: Great Tusk|Earthquake|p2a: Toxapex\n|-supereffective|p2a: Toxapex\n|-damage|p2a: Toxapex|0 fnt\n|faint|p2a: Toxapex\n|\n|-damage|p1a: Great Tusk|8\/100 tox|[from] psn\n|upkeep\n|\n|t:|1699744174\n|switch|p2a: Dipplin|Dipplin, M, tera:Steel|91\/100\n|turn|32\n|\n|t:|1699744177\n|move|p1a: Great Tusk|Earthquake|p2a: Dipplin\n|-supereffective|p2a: Dipplin\n|-damage|p2a: Dipplin|36\/100\n|move|p2a: Dipplin|Recover|p2a: Dipplin\n|-heal|p2a: Dipplin|86\/100\n|\n|-damage|p1a: Great Tusk|0 fnt|[from] psn\n|faint|p1a: Great Tusk\n|-end|p1a: Great Tusk|Protosynthesis|[silent]\n|upkeep\n|\n|t:|1699744183\n|switch|p1a: Sneasler|Sneasler, F|25\/100\n|turn|33\n|\n|t:|1699744189\n|move|p1a: Sneasler|Close Combat|p2a: Dipplin\n|-supereffective|p2a: Dipplin\n|-damage|p2a: Dipplin|0 fnt\n|-unboost|p1a: Sneasler|def|1\n|-unboost|p1a: Sneasler|spd|1\n|faint|p2a: Dipplin\n|\n|win|Bi11 Russell\n|raw|Bi11 Russell's rating: 1071 &rarr; <strong>1099<\/strong><br \/>(+28 for winning)\n|raw|Gillnite's rating: 1059 &rarr; <strong>1041<\/strong><br \/>(-18 for losing)\n","uploadtime":1699744197,"views":13,"p1id":"bi11russell","p2id":"gillnite","formatid":"gen9ou","rating":1041,"private":0,"password":""}