{"id":"gen9ou-1997442757","p1":"plat nvm","p2":"doogstar56","format":"[Gen 9] OU","log":"|j|\u2606plat nvm\n|j|\u2606doogstar56\n|t:|1700805996\n|gametype|singles\n|player|p1|plat nvm|1|1150\n|player|p2|doogstar56|brock|1180\n|teamsize|p1|6\n|teamsize|p2|6\n|gen|9\n|tier|[Gen 9] OU\n|rated|\n|rule|Sleep Clause Mod: Limit one foe put to sleep\n|rule|Species Clause: Limit one of each Pok\u00e9mon\n|rule|OHKO Clause: OHKO moves are banned\n|rule|Evasion Items Clause: Evasion items are banned\n|rule|Evasion Moves Clause: Evasion moves are banned\n|rule|Endless Battle Clause: Forcing endless battles is banned\n|rule|HP Percentage Mod: HP is shown in percentages\n|clearpoke\n|poke|p1|Garganacl, F|\n|poke|p1|Breloom, M|\n|poke|p1|Great Tusk|\n|poke|p1|Hatterene, F|\n|poke|p1|Heatran, M|\n|poke|p1|Walking Wake|\n|poke|p2|Hawlucha, F|\n|poke|p2|Rillaboom, M|\n|poke|p2|Dondozo, F|\n|poke|p2|Kingambit, M|\n|poke|p2|Cinderace, F|\n|poke|p2|Ninetales-Alola, M|\n|teampreview\n|\n|t:|1700806009\n|start\n|switch|p1a: He Ran|Heatran, M|100\/100\n|switch|p2a: Ninetales|Ninetales-Alola, M|100\/100\n|-weather|Snow|[from] ability: Snow Warning|[of] p2a: Ninetales\n|turn|1\n|\n|t:|1700806019\n|move|p2a: Ninetales|Aurora Veil|p2a: Ninetales\n|-sidestart|p2: doogstar56|move: Aurora Veil\n|move|p1a: He Ran|Magma Storm|p2a: Ninetales\n|-supereffective|p2a: Ninetales\n|-crit|p2a: Ninetales\n|-damage|p2a: Ninetales|0 fnt\n|faint|p2a: Ninetales\n|\n|-weather|Snow|[upkeep]\n|upkeep\n|\n|t:|1700806031\n|switch|p2a: Rillaboom|Rillaboom, M|100\/100\n|-fieldstart|move: Grassy Terrain|[from] ability: Grassy Surge|[of] p2a: Rillaboom\n|turn|2\n|\n|t:|1700806072\n|switch|p2a: Dondozo|Dondozo, F|100\/100\n|move|p1a: He Ran|Magma Storm|p2a: Dondozo|[miss]\n|-miss|p1a: He Ran|p2a: Dondozo\n|\n|-weather|Snow|[upkeep]\n|upkeep\n|turn|3\n|inactive|Battle timer is ON: inactive players will automatically lose when time's up. (requested by doogstar56)\n|\n|t:|1700806096\n|switch|p1a: brendan|Breloom, M|100\/100\n|switch|p2a: Hawlucha|Hawlucha, F|100\/100\n|-enditem|p2a: Hawlucha|Grassy Seed\n|-boost|p2a: Hawlucha|def|1|[from] item: Grassy Seed\n|\n|-weather|Snow|[upkeep]\n|-status|p1a: brendan|tox|[from] item: Toxic Orb\n|upkeep\n|turn|4\n|\n|t:|1700806121\n|move|p2a: Hawlucha|Bulk Up|p2a: Hawlucha\n|-boost|p2a: Hawlucha|atk|1\n|-boost|p2a: Hawlucha|def|1\n|move|p1a: brendan|Toxic|p2a: Hawlucha\n|-status|p2a: Hawlucha|tox\n|\n|-weather|Snow|[upkeep]\n|-damage|p2a: Hawlucha|94\/100 tox|[from] psn\n|upkeep\n|turn|5\n|\n|t:|1700806136\n|switch|p1a: Garganacl|Garganacl, F|100\/100\n|move|p2a: Hawlucha|Acrobatics|p1a: Garganacl\n|-resisted|p1a: Garganacl\n|-damage|p1a: Garganacl|75\/100\n|\n|-weather|none\n|-heal|p1a: Garganacl|81\/100|[from] Grassy Terrain\n|-heal|p1a: Garganacl|87\/100|[from] item: Leftovers\n|-damage|p2a: Hawlucha|82\/100 tox|[from] psn\n|upkeep\n|turn|6\n|inactive|plat nvm has 120 seconds left.\n|\n|t:|1700806158\n|-terastallize|p1a: Garganacl|Water\n|move|p2a: Hawlucha|Drain Punch|p1a: Garganacl\n|-damage|p1a: Garganacl|53\/100\n|-heal|p2a: Hawlucha|100\/100 tox|[from] drain|[of] p1a: Garganacl\n|move|p1a: Garganacl|Curse|p1a: Garganacl\n|-unboost|p1a: Garganacl|spe|1\n|-boost|p1a: Garganacl|atk|1\n|-boost|p1a: Garganacl|def|1\n|\n|-heal|p1a: Garganacl|59\/100|[from] Grassy Terrain\n|-heal|p1a: Garganacl|66\/100|[from] item: Leftovers\n|-damage|p2a: Hawlucha|82\/100 tox|[from] psn\n|upkeep\n|turn|7\n|inactive|plat nvm has 120 seconds left.\n|\n|t:|1700806176\n|move|p2a: Hawlucha|Acrobatics|p1a: Garganacl\n|-damage|p1a: Garganacl|35\/100\n|move|p1a: Garganacl|Recover|p1a: Garganacl\n|-heal|p1a: Garganacl|85\/100\n|\n|-heal|p1a: Garganacl|91\/100|[from] Grassy Terrain\n|-heal|p1a: Garganacl|97\/100|[from] item: Leftovers\n|-damage|p2a: Hawlucha|58\/100 tox|[from] psn\n|upkeep\n|turn|8\n|inactive|plat nvm has 120 seconds left.\n|\n|t:|1700806196\n|switch|p2a: Rillaboom|Rillaboom, M|100\/100\n|move|p1a: Garganacl|Salt Cure|p2a: Rillaboom\n|-damage|p2a: Rillaboom|90\/100\n|-start|p2a: Rillaboom|Salt Cure\n|\n|-heal|p2a: Rillaboom|96\/100|[from] Grassy Terrain\n|-heal|p1a: Garganacl|100\/100|[from] Grassy Terrain\n|-damage|p2a: Rillaboom|84\/100|[from] Salt Cure\n|-sideend|p2: doogstar56|move: Aurora Veil\n|upkeep\n|turn|9\n|\n|t:|1700806207\n|switch|p1a: brendan|Breloom, M|100\/100 tox\n|move|p2a: Rillaboom|Wood Hammer|p1a: brendan\n|-resisted|p1a: brendan\n|-damage|p1a: brendan|67\/100 tox\n|-damage|p2a: Rillaboom|73\/100|[from] Recoil\n|\n|-heal|p2a: Rillaboom|79\/100|[from] Grassy Terrain\n|-heal|p1a: brendan|73\/100 tox|[from] Grassy Terrain\n|-heal|p1a: brendan|86\/100 tox|[from] ability: Poison Heal\n|-damage|p2a: Rillaboom|67\/100|[from] Salt Cure\n|-fieldend|move: Grassy Terrain\n|upkeep\n|turn|10\n|inactive|plat nvm has 120 seconds left.\n|\n|t:|1700806243\n|switch|p2a: Cinderace|Cinderace, F|100\/100\n|move|p1a: brendan|Substitute|p1a: brendan\n|-start|p1a: brendan|Substitute\n|-damage|p1a: brendan|61\/100 tox\n|\n|-heal|p1a: brendan|73\/100 tox|[from] ability: Poison Heal\n|upkeep\n|turn|11\n|\n|t:|1700806254\n|move|p2a: Cinderace|Pyro Ball|p1a: brendan\n|-supereffective|p1a: brendan\n|-end|p1a: brendan|Substitute\n|move|p1a: brendan|Toxic|p2a: Cinderace\n|-status|p2a: Cinderace|tox\n|\n|-damage|p2a: Cinderace|94\/100 tox|[from] psn\n|-heal|p1a: brendan|86\/100 tox|[from] ability: Poison Heal\n|upkeep\n|turn|12\n|\n|t:|1700806276\n|switch|p1a: Garganacl|Garganacl, F, tera:Water|100\/100\n|move|p2a: Cinderace|U-turn|p1a: Garganacl\n|-damage|p1a: Garganacl|88\/100\n|\n|t:|1700806284\n|switch|p2a: Rillaboom|Rillaboom, M|67\/100|[from] U-turn\n|-fieldstart|move: Grassy Terrain|[from] ability: Grassy Surge|[of] p2a: Rillaboom\n|\n|-heal|p2a: Rillaboom|73\/100|[from] Grassy Terrain\n|-heal|p1a: Garganacl|94\/100|[from] Grassy Terrain\n|-heal|p1a: Garganacl|99\/100|[from] item: Leftovers\n|upkeep\n|turn|13\n|\n|t:|1700806292\n|switch|p1a: brendan|Breloom, M|86\/100 tox\n|move|p2a: Rillaboom|Knock Off|p1a: brendan\n|-resisted|p1a: brendan\n|-damage|p1a: brendan|72\/100 tox\n|-enditem|p1a: brendan|Toxic Orb|[from] move: Knock Off|[of] p2a: Rillaboom\n|\n|-heal|p2a: Rillaboom|79\/100|[from] Grassy Terrain\n|-heal|p1a: brendan|78\/100 tox|[from] Grassy Terrain\n|-heal|p1a: brendan|90\/100 tox|[from] ability: Poison Heal\n|upkeep\n|turn|14\n|inactive|plat nvm has 90 seconds left.\n|\n|t:|1700806331\n|move|p2a: Rillaboom|U-turn|p1a: brendan\n|-damage|p1a: brendan|70\/100 tox\n|\n|t:|1700806337\n|switch|p2a: Hawlucha|Hawlucha, F|58\/100 tox|[from] U-turn\n|move|p1a: brendan|Substitute|p1a: brendan\n|-start|p1a: brendan|Substitute\n|-damage|p1a: brendan|45\/100 tox\n|\n|-heal|p1a: brendan|52\/100 tox|[from] Grassy Terrain\n|-damage|p2a: Hawlucha|52\/100 tox|[from] psn\n|-heal|p1a: brendan|64\/100 tox|[from] ability: Poison Heal\n|upkeep\n|turn|15\n|\n|t:|1700806347\n|move|p2a: Hawlucha|Acrobatics|p1a: brendan\n|-supereffective|p1a: brendan\n|-end|p1a: brendan|Substitute\n|move|p1a: brendan|Leech Seed|p2a: Hawlucha\n|-start|p2a: Hawlucha|move: Leech Seed\n|\n|-heal|p1a: brendan|70\/100 tox|[from] Grassy Terrain\n|-damage|p2a: Hawlucha|40\/100 tox|[from] Leech Seed|[of] p1a: brendan\n|-heal|p1a: brendan|82\/100 tox|[silent]\n|-damage|p2a: Hawlucha|27\/100 tox|[from] psn\n|-heal|p1a: brendan|94\/100 tox|[from] ability: Poison Heal\n|upkeep\n|turn|16\n|-message|doogstar56 forfeited.\n|\n|win|plat nvm\n|raw|plat nvm's rating: 1150 &rarr; <strong>1177<\/strong><br \/>(+27 for winning)\n|raw|doogstar56's rating: 1180 &rarr; <strong>1153<\/strong><br \/>(-27 for losing)\n|l|\u2606doogstar56\n","uploadtime":1700806379,"views":14,"p1id":"platnvm","p2id":"doogstar56","formatid":"gen9ou","rating":1153,"private":0,"password":""}