{"id":"gen9ou-1990597247","p1":"geniebara","p2":"greedent ramsay","format":"[Gen 9] OU","log":"|j|\u2606geniebara\n|j|\u2606greedent ramsay\n|t:|1699984468\n|gametype|singles\n|player|p1|geniebara|169|1144\n|player|p2|greedent ramsay|allister|1126\n|teamsize|p1|6\n|teamsize|p2|6\n|gen|9\n|tier|[Gen 9] OU\n|rated|\n|rule|Sleep Clause Mod: Limit one foe put to sleep\n|rule|Species Clause: Limit one of each Pok\u00e9mon\n|rule|OHKO Clause: OHKO moves are banned\n|rule|Evasion Items Clause: Evasion items are banned\n|rule|Evasion Moves Clause: Evasion moves are banned\n|rule|Endless Battle Clause: Forcing endless battles is banned\n|rule|HP Percentage Mod: HP is shown in percentages\n|clearpoke\n|poke|p1|Skeledirge, F|\n|poke|p1|Quaquaval, M|\n|poke|p1|Meowscarada, M|\n|poke|p1|Gholdengo|\n|poke|p1|Kleavor, M|\n|poke|p1|Cresselia, F|\n|poke|p2|Gyarados, M|\n|poke|p2|Ribombee, M|\n|poke|p2|Gholdengo|\n|poke|p2|Great Tusk|\n|poke|p2|Sneasler, F|\n|poke|p2|Mandibuzz, F|\n|teampreview\n|\n|t:|1699984475\n|start\n|switch|p1a: Kleavor|Kleavor, M|100\/100\n|switch|p2a: Ribombee|Ribombee, M|100\/100\n|turn|1\n|\n|t:|1699984486\n|move|p2a: Ribombee|Sticky Web|p1a: Kleavor\n|-sidestart|p1: geniebara|move: Sticky Web\n|move|p1a: Kleavor|Trailblaze|p2a: Ribombee\n|-resisted|p2a: Ribombee\n|-crit|p2a: Ribombee\n|-damage|p2a: Ribombee|73\/100\n|-boost|p1a: Kleavor|spe|1\n|\n|upkeep\n|turn|2\n|\n|t:|1699984494\n|move|p2a: Ribombee|Dazzling Gleam|p1a: Kleavor\n|-damage|p1a: Kleavor|48\/100\n|-enditem|p1a: Kleavor|Sitrus Berry|[eat]\n|-heal|p1a: Kleavor|73\/100|[from] item: Sitrus Berry\n|move|p1a: Kleavor|Trailblaze|p2a: Ribombee\n|-resisted|p2a: Ribombee\n|-damage|p2a: Ribombee|54\/100\n|-boost|p1a: Kleavor|spe|1\n|\n|upkeep\n|turn|3\n|\n|t:|1699984507\n|move|p1a: Kleavor|Stone Axe|p2a: Ribombee\n|-supereffective|p2a: Ribombee\n|-crit|p2a: Ribombee\n|-damage|p2a: Ribombee|0 fnt\n|-sidestart|p2: greedent ramsay|move: Stealth Rock\n|faint|p2a: Ribombee\n|\n|upkeep\n|\n|t:|1699984521\n|switch|p2a: Sneasler|Sneasler, F|100\/100\n|-damage|p2a: Sneasler|95\/100|[from] Stealth Rock\n|turn|4\n|\n|t:|1699984525\n|-terastallize|p1a: Kleavor|Ghost\n|move|p2a: Sneasler|Fake Out|p1a: Kleavor\n|-immune|p1a: Kleavor\n|move|p1a: Kleavor|Acrobatics|p2a: Sneasler\n|-supereffective|p2a: Sneasler\n|-damage|p2a: Sneasler|0 fnt\n|faint|p2a: Sneasler\n|\n|upkeep\n|\n|t:|1699984543\n|switch|p2a: Mandibuzz|Mandibuzz, F|100\/100\n|turn|5\n|\n|t:|1699984562\n|move|p1a: Kleavor|Stone Axe|p2a: Mandibuzz\n|-supereffective|p2a: Mandibuzz\n|-damage|p2a: Mandibuzz|14\/100\n|move|p2a: Mandibuzz|Foul Play|p1a: Kleavor\n|-supereffective|p1a: Kleavor\n|-damage|p1a: Kleavor|0 fnt\n|faint|p1a: Kleavor\n|\n|upkeep\n|\n|t:|1699984569\n|switch|p1a: Quaquaval|Quaquaval, M|100\/100\n|-activate|p1a: Quaquaval|move: Sticky Web\n|-unboost|p1a: Quaquaval|spe|1\n|turn|6\n|\n|t:|1699984576\n|move|p2a: Mandibuzz|Roost|p2a: Mandibuzz\n|-heal|p2a: Mandibuzz|64\/100\n|-singleturn|p2a: Mandibuzz|move: Roost\n|move|p1a: Quaquaval|Aqua Step|p2a: Mandibuzz\n|-damage|p2a: Mandibuzz|34\/100\n|-boost|p1a: Quaquaval|spe|1\n|\n|upkeep\n|turn|7\n|\n|t:|1699984585\n|move|p1a: Quaquaval|Rapid Spin|p2a: Mandibuzz\n|-damage|p2a: Mandibuzz|21\/100\n|-boost|p1a: Quaquaval|spe|1\n|-sideend|p1: geniebara|Sticky Web|[from] move: Rapid Spin|[of] p1a: Quaquaval\n|move|p2a: Mandibuzz|Iron Defense|p2a: Mandibuzz\n|-boost|p2a: Mandibuzz|def|2\n|\n|upkeep\n|turn|8\n|\n|t:|1699984594\n|move|p1a: Quaquaval|Close Combat|p2a: Mandibuzz\n|-damage|p2a: Mandibuzz|0 fnt\n|-unboost|p1a: Quaquaval|def|1\n|-unboost|p1a: Quaquaval|spd|1\n|faint|p2a: Mandibuzz\n|-ability|p1a: Quaquaval|Moxie|boost\n|-boost|p1a: Quaquaval|atk|1\n|\n|upkeep\n|\n|t:|1699984603\n|switch|p2a: Gholdengo|Gholdengo|100\/100\n|-damage|p2a: Gholdengo|94\/100|[from] Stealth Rock\n|turn|9\n|\n|t:|1699984609\n|move|p2a: Gholdengo|Psyshock|p1a: Quaquaval\n|-supereffective|p1a: Quaquaval\n|-damage|p1a: Quaquaval|0 fnt\n|faint|p1a: Quaquaval\n|\n|upkeep\n|\n|t:|1699984614\n|switch|p1a: Meowscarada|Meowscarada, M|100\/100\n|turn|10\n|\n|t:|1699984629\n|switch|p2a: Great Tusk|Great Tusk|100\/100\n|-damage|p2a: Great Tusk|98\/100|[from] Stealth Rock\n|move|p1a: Meowscarada|Flower Trick|p2a: Great Tusk\n|-start|p1a: Meowscarada|typechange|Grass|[from] ability: Protean\n|-supereffective|p2a: Great Tusk\n|-crit|p2a: Great Tusk\n|-damage|p2a: Great Tusk|28\/100\n|\n|upkeep\n|turn|11\n|inactive|Battle timer is ON: inactive players will automatically lose when time's up. (requested by geniebara)\n|\n|t:|1699984642\n|move|p1a: Meowscarada|Flower Trick|p2a: Great Tusk\n|-supereffective|p2a: Great Tusk\n|-crit|p2a: Great Tusk\n|-damage|p2a: Great Tusk|0 fnt\n|faint|p2a: Great Tusk\n|-end|p2a: Great Tusk|Protosynthesis|[silent]\n|\n|upkeep\n|\n|t:|1699984648\n|switch|p2a: Gyarados|Gyarados, M|100\/100\n|-damage|p2a: Gyarados|76\/100|[from] Stealth Rock\n|turn|12\n|\n|t:|1699984662\n|switch|p1a: Cresselia|Cresselia, F|100\/100\n|-terastallize|p2a: Gyarados|Flying\n|move|p2a: Gyarados|Dragon Dance|p2a: Gyarados\n|-boost|p2a: Gyarados|atk|1\n|-boost|p2a: Gyarados|spe|1\n|\n|upkeep\n|turn|13\n|inactive|geniebara has 120 seconds left.\n|\n|t:|1699984694\n|move|p2a: Gyarados|Dragon Dance|p2a: Gyarados\n|-boost|p2a: Gyarados|atk|1\n|-boost|p2a: Gyarados|spe|1\n|move|p1a: Cresselia|Ice Beam|p2a: Gyarados\n|-supereffective|p2a: Gyarados\n|-damage|p2a: Gyarados|41\/100\n|\n|upkeep\n|turn|14\n|\n|t:|1699984699\n|move|p2a: Gyarados|Tera Blast|p1a: Cresselia|[anim] Tera Blast Flying\n|-damage|p1a: Cresselia|23\/100\n|move|p1a: Cresselia|Ice Beam|p2a: Gyarados\n|-supereffective|p2a: Gyarados\n|-damage|p2a: Gyarados|6\/100\n|\n|-heal|p1a: Cresselia|30\/100|[from] item: Leftovers\n|upkeep\n|turn|15\n|\n|t:|1699984703\n|move|p2a: Gyarados|Tera Blast|p1a: Cresselia|[anim] Tera Blast Flying\n|-crit|p1a: Cresselia\n|-damage|p1a: Cresselia|0 fnt\n|faint|p1a: Cresselia\n|-ability|p2a: Gyarados|Moxie|boost\n|-boost|p2a: Gyarados|atk|1\n|\n|upkeep\n|\n|t:|1699984705\n|switch|p1a: Meowscarada|Meowscarada, M|100\/100\n|turn|16\n|\n|t:|1699984708\n|move|p2a: Gyarados|Tera Blast|p1a: Meowscarada|[anim] Tera Blast Flying\n|-supereffective|p1a: Meowscarada\n|-crit|p1a: Meowscarada\n|-damage|p1a: Meowscarada|0 fnt\n|faint|p1a: Meowscarada\n|-ability|p2a: Gyarados|Moxie|boost\n|-boost|p2a: Gyarados|atk|1\n|\n|upkeep\n|\n|t:|1699984711\n|switch|p1a: Gholdengo|Gholdengo|100\/100\n|turn|17\n|\n|t:|1699984716\n|move|p2a: Gyarados|Waterfall|p1a: Gholdengo\n|-damage|p1a: Gholdengo|0 fnt\n|faint|p1a: Gholdengo\n|-ability|p2a: Gyarados|Moxie|boost\n|-boost|p2a: Gyarados|atk|1\n|\n|upkeep\n|\n|t:|1699984719\n|switch|p1a: Skeledirge|Skeledirge, F|100\/100\n|turn|18\n|\n|t:|1699984724\n|move|p2a: Gyarados|Waterfall|p1a: Skeledirge\n|-supereffective|p1a: Skeledirge\n|-damage|p1a: Skeledirge|31\/100\n|move|p1a: Skeledirge|Shadow Ball|p2a: Gyarados\n|-crit|p2a: Gyarados\n|-damage|p2a: Gyarados|0 fnt\n|faint|p2a: Gyarados\n|\n|upkeep\n|\n|t:|1699984728\n|switch|p2a: Gholdengo|Gholdengo|94\/100\n|-damage|p2a: Gholdengo|88\/100|[from] Stealth Rock\n|turn|19\n|c|\u2606greedent ramsay|ggwp\n|\n|t:|1699984733\n|move|p2a: Gholdengo|Shadow Ball|p1a: Skeledirge\n|-supereffective|p1a: Skeledirge\n|-damage|p1a: Skeledirge|0 fnt\n|faint|p1a: Skeledirge\n|\n|win|greedent ramsay\n|raw|geniebara's rating: 1144 &rarr; <strong>1118<\/strong><br \/>(-26 for losing)\n|raw|greedent ramsay's rating: 1126 &rarr; <strong>1152<\/strong><br \/>(+26 for winning)\n|l|\u2606geniebara\n","uploadtime":1699984746,"views":5,"p1id":"geniebara","p2id":"greedentramsay","formatid":"gen9ou","rating":1118,"private":0,"password":""}