{"id":"gen9ou-1992394911","p1":"Argusbonusest","p2":"Poison Ivy Thorns","format":"[Gen 9] OU","log":"|j|\u2606Argusbonusest\n|j|\u2606Poison Ivy Thorns\n|t:|1700182549\n|gametype|singles\n|player|p1|Argusbonusest|steven|1372\n|player|p2|Poison Ivy Thorns|barry|1317\n|teamsize|p1|6\n|teamsize|p2|6\n|gen|9\n|tier|[Gen 9] OU\n|rated|\n|rule|Sleep Clause Mod: Limit one foe put to sleep\n|rule|Species Clause: Limit one of each Pok\u00e9mon\n|rule|OHKO Clause: OHKO moves are banned\n|rule|Evasion Items Clause: Evasion items are banned\n|rule|Evasion Moves Clause: Evasion moves are banned\n|rule|Endless Battle Clause: Forcing endless battles is banned\n|rule|HP Percentage Mod: HP is shown in percentages\n|clearpoke\n|poke|p1|Ribombee, M|\n|poke|p1|Gholdengo|\n|poke|p1|Manaphy|\n|poke|p1|Dragapult, F|\n|poke|p1|Iron Moth|\n|poke|p1|Great Tusk|\n|poke|p2|Glimmora, M|\n|poke|p2|Ogerpon-Wellspring, F|\n|poke|p2|Zapdos|\n|poke|p2|Arcanine, F|\n|poke|p2|Gholdengo|\n|poke|p2|Great Tusk|\n|teampreview\n|inactive|Battle timer is ON: inactive players will automatically lose when time's up. (requested by Argusbonusest)\n|c|\u2606Argusbonusest|glhf\n|c|\u2606Poison Ivy Thorns|U2\n|c|\u2606Argusbonusest|thx\n|\n|t:|1700182579\n|start\n|switch|p1a: Ribombee|Ribombee, M|100\/100\n|switch|p2a: Glimmora|Glimmora, M|100\/100\n|turn|1\n|\n|t:|1700182590\n|move|p1a: Ribombee|Psychic|p2a: Glimmora\n|-supereffective|p2a: Glimmora\n|-damage|p2a: Glimmora|41\/100\n|move|p2a: Glimmora|Mortal Spin|p1a: Ribombee\n|-supereffective|p1a: Ribombee\n|-damage|p1a: Ribombee|78\/100\n|\n|upkeep\n|turn|2\n|\n|t:|1700182595\n|move|p1a: Ribombee|Psychic|p2a: Glimmora\n|-supereffective|p2a: Glimmora\n|-damage|p2a: Glimmora|0 fnt\n|faint|p2a: Glimmora\n|\n|upkeep\n|\n|t:|1700182600\n|switch|p2a: Gholdengo|Gholdengo|100\/100\n|turn|3\n|\n|t:|1700182603\n|move|p2a: Gholdengo|Make It Rain|p1a: Ribombee\n|-supereffective|p1a: Ribombee\n|-damage|p1a: Ribombee|0 fnt\n|-unboost|p2a: Gholdengo|spa|1\n|faint|p1a: Ribombee\n|\n|upkeep\n|inactive|Argusbonusest has 120 seconds left.\n|\n|t:|1700182639\n|switch|p1a: Iron Moth|Iron Moth|100\/100\n|-enditem|p1a: Iron Moth|Booster Energy\n|-activate|p1a: Iron Moth|ability: Quark Drive|[fromitem]\n|-start|p1a: Iron Moth|quarkdrivespe\n|turn|4\n|\n|t:|1700182646\n|switch|p2a: Arcanine|Arcanine, F|100\/100\n|move|p1a: Iron Moth|Fiery Dance|p2a: Arcanine\n|-start|p2a: Arcanine|ability: Flash Fire\n|\n|upkeep\n|turn|5\n|inactive|Argusbonusest has 120 seconds left.\n|\n|t:|1700182663\n|move|p1a: Iron Moth|Sludge Wave|p2a: Arcanine\n|-damage|p2a: Arcanine|36\/100\n|move|p2a: Arcanine|Flare Blitz|p1a: Iron Moth\n|-resisted|p1a: Iron Moth\n|-damage|p1a: Iron Moth|11\/100\n|-damage|p2a: Arcanine|8\/100|[from] Recoil\n|\n|upkeep\n|turn|6\n|inactive|Argusbonusest has 120 seconds left.\n|\n|t:|1700182680\n|-end|p2a: Arcanine|ability: Flash Fire|[silent]\n|switch|p2a: Gholdengo|Gholdengo|100\/100\n|move|p1a: Iron Moth|Sludge Wave|p2a: Gholdengo\n|-immune|p2a: Gholdengo\n|\n|upkeep\n|turn|7\n|\n|t:|1700182684\n|move|p1a: Iron Moth|Fiery Dance|p2a: Gholdengo\n|-supereffective|p2a: Gholdengo\n|-damage|p2a: Gholdengo|1\/100\n|move|p2a: Gholdengo|Shadow Ball|p1a: Iron Moth\n|-damage|p1a: Iron Moth|0 fnt\n|faint|p1a: Iron Moth\n|-end|p1a: Iron Moth|Quark Drive|[silent]\n|\n|upkeep\n|c|\u2606Poison Ivy Thorns|oh I lived\n|inactive|Argusbonusest has 120 seconds left.\n|\n|t:|1700182713\n|switch|p1a: Manaphy|Manaphy|100\/100\n|turn|8\n|\n|t:|1700182720\n|switch|p2a: Ogerpon|Ogerpon-Wellspring, F|100\/100\n|move|p1a: Manaphy|Dazzling Gleam|p2a: Ogerpon\n|-damage|p2a: Ogerpon|73\/100\n|\n|upkeep\n|turn|9\n|\n|t:|1700182734\n|switch|p1a: Dragapult|Dragapult, F|100\/100\n|move|p2a: Ogerpon|Knock Off|p1a: Dragapult\n|-supereffective|p1a: Dragapult\n|-damage|p1a: Dragapult|0 fnt\n|-enditem|p1a: Dragapult|Leftovers|[from] move: Knock Off|[of] p2a: Ogerpon\n|faint|p1a: Dragapult\n|\n|upkeep\n|\n|t:|1700182745\n|switch|p1a: Manaphy|Manaphy|100\/100\n|turn|10\n|\n|t:|1700182752\n|switch|p2a: Arcanine|Arcanine, F|8\/100\n|move|p1a: Manaphy|Tail Glow|p1a: Manaphy\n|-boost|p1a: Manaphy|spa|3\n|\n|upkeep\n|turn|11\n|\n|t:|1700182755\n|move|p1a: Manaphy|Scald|p2a: Arcanine\n|-supereffective|p2a: Arcanine\n|-damage|p2a: Arcanine|0 fnt\n|faint|p2a: Arcanine\n|\n|upkeep\n|\n|t:|1700182759\n|switch|p2a: Gholdengo|Gholdengo|1\/100\n|turn|12\n|\n|t:|1700182762\n|move|p2a: Gholdengo|Trick|p1a: Manaphy\n|-activate|p2a: Gholdengo|move: Trick|[of] p1a: Manaphy\n|-item|p1a: Manaphy|Choice Scarf|[from] move: Trick\n|-item|p2a: Gholdengo|Leftovers|[from] move: Trick\n|move|p1a: Manaphy|Scald|p2a: Gholdengo\n|-damage|p2a: Gholdengo|0 fnt\n|faint|p2a: Gholdengo\n|\n|upkeep\n|\n|t:|1700182765\n|switch|p2a: Ogerpon|Ogerpon-Wellspring, F|73\/100\n|turn|13\n|\n|t:|1700182769\n|switch|p1a: Gholdengo|Gholdengo|100\/100\n|-item|p1a: Gholdengo|Air Balloon\n|move|p2a: Ogerpon|Ivy Cudgel|p1a: Gholdengo|[anim] Ivy Cudgel Water\n|-damage|p1a: Gholdengo|34\/100\n|-enditem|p1a: Gholdengo|Air Balloon\n|\n|upkeep\n|turn|14\n|\n|t:|1700182774\n|move|p2a: Ogerpon|Ivy Cudgel|p1a: Gholdengo|[anim] Ivy Cudgel Water\n|-damage|p1a: Gholdengo|0 fnt\n|faint|p1a: Gholdengo\n|\n|upkeep\n|\n|t:|1700182783\n|switch|p1a: Great Tusk|Great Tusk|100\/100\n|turn|15\n|inactive|Argusbonusest has 120 seconds left.\n|\n|t:|1700182819\n|-terastallize|p1a: Great Tusk|Electric\n|move|p2a: Ogerpon|Ivy Cudgel|p1a: Great Tusk|[anim] Ivy Cudgel Water\n|-damage|p1a: Great Tusk|56\/100\n|move|p1a: Great Tusk|Rapid Spin|p2a: Ogerpon\n|-damage|p2a: Ogerpon|48\/100\n|-boost|p1a: Great Tusk|spe|1\n|\n|-heal|p1a: Great Tusk|62\/100|[from] item: Leftovers\n|upkeep\n|turn|16\n|inactive|Argusbonusest has 120 seconds left.\n|\n|t:|1700182845\n|switch|p2a: Great Tusk|Great Tusk|100\/100\n|move|p1a: Great Tusk|Ice Spinner|p2a: Great Tusk\n|-supereffective|p2a: Great Tusk\n|-damage|p2a: Great Tusk|59\/100\n|\n|-heal|p1a: Great Tusk|68\/100|[from] item: Leftovers\n|upkeep\n|turn|17\n|inactive|Argusbonusest has 90 seconds left.\n|inactive|Poison Ivy Thorns has 120 seconds left.\n|inactive|Argusbonusest has 60 seconds left.\n|\n|t:|1700182919\n|move|p1a: Great Tusk|Ice Spinner|p2a: Great Tusk\n|-supereffective|p2a: Great Tusk\n|-damage|p2a: Great Tusk|19\/100\n|move|p2a: Great Tusk|Headlong Rush|p1a: Great Tusk\n|-supereffective|p1a: Great Tusk\n|-damage|p1a: Great Tusk|0 fnt\n|-unboost|p2a: Great Tusk|def|1\n|-unboost|p2a: Great Tusk|spd|1\n|faint|p1a: Great Tusk\n|-end|p1a: Great Tusk|Protosynthesis|[silent]\n|\n|upkeep\n|\n|t:|1700182922\n|switch|p1a: Manaphy|Manaphy|100\/100\n|turn|18\n|\n|t:|1700182925\n|move|p1a: Manaphy|Scald|p2a: Great Tusk\n|-supereffective|p2a: Great Tusk\n|-damage|p2a: Great Tusk|0 fnt\n|faint|p2a: Great Tusk\n|-end|p2a: Great Tusk|Protosynthesis|[silent]\n|\n|upkeep\n|c|\u2606Argusbonusest|oops\n|c|\u2606Argusbonusest|ggwp\n|\n|t:|1700182930\n|switch|p2a: Ogerpon|Ogerpon-Wellspring, F|48\/100\n|turn|19\n|-message|Argusbonusest forfeited.\n|\n|win|Poison Ivy Thorns\n|raw|Argusbonusest's rating: 1372 &rarr; <strong>1349<\/strong><br \/>(-23 for losing)\n|raw|Poison Ivy Thorns's rating: 1317 &rarr; <strong>1340<\/strong><br \/>(+23 for winning)\n|l|\u2606Argusbonusest\n|c|\u2606Poison Ivy Thorns|gg\n","uploadtime":1700182936,"views":7,"p1id":"argusbonusest","p2id":"poisonivythorns","formatid":"gen9ou","rating":1340,"private":0,"password":""}