{"id":"gen9ou-1994302637","p1":"Idiotech","p2":"Lawrence1307","format":"[Gen 9] OU","log":"|j|\u2606Idiotech\n|j|\u2606Lawrence1307\n|t:|1700428875\n|gametype|singles\n|player|p1|Idiotech|eusine|1137\n|player|p2|Lawrence1307|101|1132\n|teamsize|p1|6\n|teamsize|p2|6\n|gen|9\n|tier|[Gen 9] OU\n|rated|\n|rule|Sleep Clause Mod: Limit one foe put to sleep\n|rule|Species Clause: Limit one of each Pok\u00e9mon\n|rule|OHKO Clause: OHKO moves are banned\n|rule|Evasion Items Clause: Evasion items are banned\n|rule|Evasion Moves Clause: Evasion moves are banned\n|rule|Endless Battle Clause: Forcing endless battles is banned\n|rule|HP Percentage Mod: HP is shown in percentages\n|clearpoke\n|poke|p1|Garganacl, F|\n|poke|p1|Cinderace, F|\n|poke|p1|Polteageist|\n|poke|p1|Milotic, M|\n|poke|p1|Iron Hands|\n|poke|p1|Grafaiai, F|\n|poke|p2|Ninetales, M|\n|poke|p2|Gardevoir, F|\n|poke|p2|Walking Wake|\n|poke|p2|Corviknight, F|\n|poke|p2|Great Tusk|\n|poke|p2|Volcanion|\n|teampreview\n|\n|t:|1700428885\n|start\n|switch|p1a: Grafaiai|Grafaiai, F|100\/100\n|switch|p2a: Ninetales|Ninetales, M|100\/100\n|-weather|SunnyDay|[from] ability: Drought|[of] p2a: Ninetales\n|turn|1\n|\n|t:|1700428897\n|switch|p2a: Volcanion|Volcanion|100\/100\n|move|p1a: Grafaiai|Toxic|p2a: Volcanion\n|-status|p2a: Volcanion|tox\n|\n|-weather|SunnyDay|[upkeep]\n|-damage|p2a: Volcanion|95\/100 tox|[from] psn\n|upkeep\n|turn|2\n|\n|t:|1700428908\n|move|p1a: Grafaiai|Knock Off|p2a: Volcanion\n|-damage|p2a: Volcanion|73\/100 tox\n|-enditem|p2a: Volcanion|Heavy-Duty Boots|[from] move: Knock Off|[of] p1a: Grafaiai\n|move|p2a: Volcanion|Steam Eruption|p1a: Grafaiai\n|-damage|p1a: Grafaiai|71\/100\n|\n|-weather|SunnyDay|[upkeep]\n|-heal|p1a: Grafaiai|77\/100|[from] item: Black Sludge\n|-damage|p2a: Volcanion|61\/100 tox|[from] psn\n|upkeep\n|turn|3\n|\n|t:|1700428922\n|move|p1a: Grafaiai|Parting Shot|p2a: Volcanion\n|-unboost|p2a: Volcanion|atk|1\n|-unboost|p2a: Volcanion|spa|1\n|\n|t:|1700428928\n|switch|p1a: Milotic|Milotic, M|100\/100|[from] Parting Shot\n|move|p2a: Volcanion|Earth Power|p1a: Milotic\n|-damage|p1a: Milotic|83\/100\n|\n|-weather|SunnyDay|[upkeep]\n|-damage|p2a: Volcanion|43\/100 tox|[from] psn\n|-status|p1a: Milotic|brn|[from] item: Flame Orb\n|upkeep\n|turn|4\n|\n|t:|1700428944\n|switch|p2a: Gardevoir|Gardevoir, F, shiny|100\/100\n|-ability|p2a: Gardevoir|Marvel Scale|[from] ability: Trace|[of] p1a: Milotic\n|move|p1a: Milotic|Dragon Pulse|p2a: Gardevoir\n|-immune|p2a: Gardevoir\n|\n|-weather|SunnyDay|[upkeep]\n|-damage|p1a: Milotic|77\/100 brn|[from] brn\n|upkeep\n|turn|5\n|\n|t:|1700428960\n|move|p2a: Gardevoir|Thunderbolt|p1a: Milotic\n|-supereffective|p1a: Milotic\n|-damage|p1a: Milotic|34\/100 brn\n|move|p1a: Milotic|Scald|p2a: Gardevoir\n|-damage|p2a: Gardevoir|85\/100\n|\n|-weather|SunnyDay|[upkeep]\n|-damage|p1a: Milotic|28\/100 brn|[from] brn\n|upkeep\n|turn|6\n|\n|t:|1700428970\n|switch|p1a: Iron Hands|Iron Hands|100\/100\n|move|p2a: Gardevoir|Thunderbolt|p1a: Iron Hands\n|-resisted|p1a: Iron Hands\n|-damage|p1a: Iron Hands|91\/100\n|\n|-weather|SunnyDay|[upkeep]\n|upkeep\n|turn|7\n|\n|t:|1700428979\n|switch|p2a: Corviknight|Corviknight, F, shiny|100\/100\n|-ability|p2a: Corviknight|Pressure\n|move|p1a: Iron Hands|Fake Out|p2a: Corviknight\n|-resisted|p2a: Corviknight\n|-damage|p2a: Corviknight|96\/100\n|\n|-weather|SunnyDay|[upkeep]\n|-heal|p2a: Corviknight|100\/100|[from] item: Leftovers\n|upkeep\n|turn|8\n|\n|t:|1700428991\n|move|p2a: Corviknight|Iron Defense|p2a: Corviknight\n|-boost|p2a: Corviknight|def|2\n|move|p1a: Iron Hands|Wild Charge|p2a: Corviknight\n|-supereffective|p2a: Corviknight\n|-damage|p2a: Corviknight|69\/100\n|-damage|p1a: Iron Hands|85\/100|[from] Recoil\n|\n|-weather|none\n|-heal|p2a: Corviknight|75\/100|[from] item: Leftovers\n|upkeep\n|turn|9\n|\n|t:|1700429004\n|-end|p1a: Iron Hands|Quark Drive|[silent]\n|switch|p1a: Grafaiai|Grafaiai, F|77\/100\n|move|p2a: Corviknight|Body Press|p1a: Grafaiai\n|-damage|p1a: Grafaiai|3\/100\n|\n|-heal|p1a: Grafaiai|9\/100|[from] item: Black Sludge\n|-heal|p2a: Corviknight|81\/100|[from] item: Leftovers\n|upkeep\n|turn|10\n|\n|t:|1700429015\n|move|p1a: Grafaiai|Knock Off|p2a: Corviknight\n|-damage|p2a: Corviknight|75\/100\n|-enditem|p2a: Corviknight|Leftovers|[from] move: Knock Off|[of] p1a: Grafaiai\n|move|p2a: Corviknight|U-turn|p1a: Grafaiai\n|-resisted|p1a: Grafaiai\n|-damage|p1a: Grafaiai|0 fnt\n|faint|p1a: Grafaiai\n|\n|t:|1700429025\n|switch|p2a: Ninetales|Ninetales, M|100\/100|[from] U-turn\n|-weather|SunnyDay|[from] ability: Drought|[of] p2a: Ninetales\n|\n|-weather|SunnyDay|[upkeep]\n|upkeep\n|\n|t:|1700429037\n|switch|p1a: Milotic|Milotic, M|28\/100 brn\n|turn|11\n|\n|t:|1700429040\n|move|p2a: Ninetales|Solar Beam||[still]\n|-prepare|p2a: Ninetales|Solar Beam\n|-anim|p2a: Ninetales|Solar Beam|p1a: Milotic\n|-supereffective|p1a: Milotic\n|-damage|p1a: Milotic|0 fnt\n|faint|p1a: Milotic\n|\n|-weather|SunnyDay|[upkeep]\n|upkeep\n|\n|t:|1700429048\n|switch|p1a: Iron Hands|Iron Hands|85\/100\n|turn|12\n|\n|t:|1700429057\n|switch|p2a: Corviknight|Corviknight, F, shiny|75\/100\n|-ability|p2a: Corviknight|Pressure\n|move|p1a: Iron Hands|Fake Out|p2a: Corviknight\n|-resisted|p2a: Corviknight\n|-damage|p2a: Corviknight|70\/100\n|\n|-weather|SunnyDay|[upkeep]\n|upkeep\n|turn|13\n|\n|t:|1700429068\n|move|p2a: Corviknight|Iron Defense|p2a: Corviknight\n|-boost|p2a: Corviknight|def|2\n|move|p1a: Iron Hands|Close Combat|p2a: Corviknight\n|-damage|p2a: Corviknight|49\/100\n|-unboost|p1a: Iron Hands|def|1\n|-unboost|p1a: Iron Hands|spd|1\n|\n|-weather|SunnyDay|[upkeep]\n|upkeep\n|turn|14\n|\n|t:|1700429077\n|-end|p1a: Iron Hands|Quark Drive|[silent]\n|switch|p1a: Garganacl|Garganacl, F|100\/100\n|move|p2a: Corviknight|Body Press|p1a: Garganacl\n|-supereffective|p1a: Garganacl\n|-damage|p1a: Garganacl|51\/100\n|-damage|p2a: Corviknight|32\/100|[from] item: Rocky Helmet|[of] p1a: Garganacl\n|\n|-weather|SunnyDay|[upkeep]\n|upkeep\n|turn|15\n|\n|t:|1700429086\n|-terastallize|p1a: Garganacl|Ghost\n|move|p2a: Corviknight|Roost|p2a: Corviknight\n|-heal|p2a: Corviknight|82\/100\n|-singleturn|p2a: Corviknight|move: Roost\n|move|p1a: Garganacl|Salt Cure|p2a: Corviknight\n|-resisted|p2a: Corviknight\n|-damage|p2a: Corviknight|80\/100\n|-start|p2a: Corviknight|Salt Cure\n|\n|-weather|SunnyDay|[upkeep]\n|-damage|p2a: Corviknight|55\/100|[from] Salt Cure\n|upkeep\n|turn|16\n|\n|t:|1700429103\n|move|p2a: Corviknight|Body Press|p1a: Garganacl\n|-immune|p1a: Garganacl\n|move|p1a: Garganacl|Recover|p1a: Garganacl\n|-heal|p1a: Garganacl|100\/100\n|\n|-weather|SunnyDay|[upkeep]\n|-damage|p2a: Corviknight|30\/100|[from] Salt Cure\n|upkeep\n|turn|17\n|\n|t:|1700429111\n|move|p2a: Corviknight|Roost|p2a: Corviknight\n|-heal|p2a: Corviknight|80\/100\n|-singleturn|p2a: Corviknight|move: Roost\n|move|p1a: Garganacl|Salt Cure|p2a: Corviknight\n|-resisted|p2a: Corviknight\n|-damage|p2a: Corviknight|78\/100\n|\n|-weather|none\n|-damage|p2a: Corviknight|53\/100|[from] Salt Cure\n|upkeep\n|turn|18\n|\n|t:|1700429122\n|move|p2a: Corviknight|U-turn|p1a: Garganacl\n|-resisted|p1a: Garganacl\n|-damage|p1a: Garganacl|97\/100\n|-damage|p2a: Corviknight|36\/100|[from] item: Rocky Helmet|[of] p1a: Garganacl\n|\n|t:|1700429128\n|switch|p2a: Ninetales|Ninetales, M|100\/100|[from] U-turn\n|-weather|SunnyDay|[from] ability: Drought|[of] p2a: Ninetales\n|move|p1a: Garganacl|Salt Cure|p2a: Ninetales\n|-supereffective|p2a: Ninetales\n|-damage|p2a: Ninetales|66\/100\n|-start|p2a: Ninetales|Salt Cure\n|\n|-weather|SunnyDay|[upkeep]\n|-damage|p2a: Ninetales|53\/100|[from] Salt Cure\n|upkeep\n|turn|19\n|\n|t:|1700429140\n|move|p2a: Ninetales|Fire Blast|p1a: Garganacl\n|-damage|p1a: Garganacl|42\/100\n|move|p1a: Garganacl|Earthquake|p2a: Ninetales\n|-supereffective|p2a: Ninetales\n|-damage|p2a: Ninetales|0 fnt\n|faint|p2a: Ninetales\n|\n|-weather|SunnyDay|[upkeep]\n|upkeep\n|\n|t:|1700429152\n|switch|p2a: Volcanion|Volcanion|43\/100 tox\n|turn|20\n|\n|t:|1700429162\n|move|p2a: Volcanion|Flamethrower|p1a: Garganacl\n|-damage|p1a: Garganacl|0 fnt\n|faint|p1a: Garganacl\n|\n|-weather|SunnyDay|[upkeep]\n|-damage|p2a: Volcanion|37\/100 tox|[from] psn\n|upkeep\n|\n|t:|1700429169\n|switch|p1a: Cinderace|Cinderace, F|100\/100\n|turn|21\n|\n|t:|1700429174\n|move|p1a: Cinderace|U-turn|p2a: Volcanion\n|-start|p1a: Cinderace|typechange|Bug|[from] ability: Libero\n|-resisted|p2a: Volcanion\n|-damage|p2a: Volcanion|20\/100 tox\n|\n|t:|1700429178\n|switch|p1a: Iron Hands|Iron Hands|85\/100|[from] U-turn\n|move|p2a: Volcanion|Steam Eruption|p1a: Iron Hands\n|-damage|p1a: Iron Hands|66\/100\n|\n|-weather|SunnyDay|[upkeep]\n|-damage|p2a: Volcanion|8\/100 tox|[from] psn\n|upkeep\n|turn|22\n|\n|t:|1700429189\n|switch|p2a: Corviknight|Corviknight, F, shiny|36\/100\n|-ability|p2a: Corviknight|Pressure\n|move|p1a: Iron Hands|Fake Out|p2a: Corviknight\n|-resisted|p2a: Corviknight\n|-damage|p2a: Corviknight|32\/100\n|\n|-weather|SunnyDay|[upkeep]\n|upkeep\n|turn|23\n|\n|t:|1700429206\n|move|p2a: Corviknight|Roost|p2a: Corviknight\n|-heal|p2a: Corviknight|82\/100\n|-singleturn|p2a: Corviknight|move: Roost\n|move|p1a: Iron Hands|Wild Charge|p2a: Corviknight\n|-damage|p2a: Corviknight|47\/100\n|-damage|p1a: Iron Hands|59\/100|[from] Recoil\n|\n|-weather|SunnyDay|[upkeep]\n|upkeep\n|turn|24\n|\n|t:|1700429220\n|move|p2a: Corviknight|Body Press|p1a: Iron Hands\n|-damage|p1a: Iron Hands|43\/100\n|move|p1a: Iron Hands|Close Combat|p2a: Corviknight\n|-damage|p2a: Corviknight|3\/100\n|-unboost|p1a: Iron Hands|def|1\n|-unboost|p1a: Iron Hands|spd|1\n|\n|-weather|SunnyDay|[upkeep]\n|upkeep\n|turn|25\n|\n|t:|1700429230\n|move|p2a: Corviknight|Roost|p2a: Corviknight\n|-heal|p2a: Corviknight|53\/100\n|-singleturn|p2a: Corviknight|move: Roost\n|move|p1a: Iron Hands|Close Combat|p2a: Corviknight\n|-supereffective|p2a: Corviknight\n|-damage|p2a: Corviknight|0 fnt\n|-unboost|p1a: Iron Hands|def|1\n|-unboost|p1a: Iron Hands|spd|1\n|faint|p2a: Corviknight\n|\n|-weather|none\n|upkeep\n|\n|t:|1700429242\n|switch|p2a: Gardevoir|Gardevoir, F, shiny|85\/100\n|turn|26\n|\n|t:|1700429248\n|-end|p1a: Iron Hands|Quark Drive|[silent]\n|switch|p1a: Cinderace|Cinderace, F|100\/100\n|-ability|p2a: Gardevoir|Libero|[from] ability: Trace|[of] p1a: Cinderace\n|move|p2a: Gardevoir|Psyshock|p1a: Cinderace\n|-start|p2a: Gardevoir|typechange|Psychic|[from] ability: Libero\n|-damage|p1a: Cinderace|37\/100\n|\n|upkeep\n|turn|27\n|\n|t:|1700429262\n|switch|p2a: Great Tusk|Great Tusk|100\/100\n|move|p1a: Cinderace|U-turn|p2a: Great Tusk\n|-start|p1a: Cinderace|typechange|Bug|[from] ability: Libero\n|-resisted|p2a: Great Tusk\n|-damage|p2a: Great Tusk|90\/100\n|-damage|p1a: Cinderace|20\/100|[from] item: Rocky Helmet|[of] p2a: Great Tusk\n|\n|t:|1700429268\n|switch|p1a: Polteageist|Polteageist|100\/100|[from] U-turn\n|\n|upkeep\n|turn|28\n|\n|t:|1700429275\n|move|p1a: Polteageist|Shell Smash|p1a: Polteageist\n|-unboost|p1a: Polteageist|def|1\n|-unboost|p1a: Polteageist|spd|1\n|-boost|p1a: Polteageist|atk|2\n|-boost|p1a: Polteageist|spa|2\n|-boost|p1a: Polteageist|spe|2\n|move|p2a: Great Tusk|Knock Off|p1a: Polteageist\n|-supereffective|p1a: Polteageist\n|-enditem|p1a: Polteageist|Focus Sash\n|-damage|p1a: Polteageist|1\/100\n|-ability|p1a: Polteageist|Weak Armor|boost\n|-unboost|p1a: Polteageist|def|1\n|-boost|p1a: Polteageist|spe|2\n|\n|upkeep\n|turn|29\n|\n|t:|1700429290\n|move|p1a: Polteageist|Stored Power|p2a: Great Tusk\n|-supereffective|p2a: Great Tusk\n|-damage|p2a: Great Tusk|0 fnt\n|faint|p2a: Great Tusk\n|-end|p2a: Great Tusk|Protosynthesis|[silent]\n|\n|upkeep\n|\n|t:|1700429298\n|switch|p2a: Gardevoir|Gardevoir, F, shiny|85\/100\n|-ability|p2a: Gardevoir|Weak Armor|[from] ability: Trace|[of] p1a: Polteageist\n|turn|30\n|\n|t:|1700429303\n|move|p1a: Polteageist|Shadow Ball|p2a: Gardevoir\n|-supereffective|p2a: Gardevoir\n|-damage|p2a: Gardevoir|0 fnt\n|faint|p2a: Gardevoir\n|\n|upkeep\n|\n|t:|1700429309\n|switch|p2a: Walking Wake|Walking Wake|100\/100\n|turn|31\n|\n|t:|1700429317\n|-terastallize|p2a: Walking Wake|Water\n|move|p1a: Polteageist|Stored Power|p2a: Walking Wake\n|-damage|p2a: Walking Wake|0 fnt\n|faint|p2a: Walking Wake\n|-end|p2a: Walking Wake|Protosynthesis|[silent]\n|\n|upkeep\n|\n|t:|1700429327\n|switch|p2a: Volcanion|Volcanion|8\/100 tox\n|turn|32\n|\n|t:|1700429332\n|move|p1a: Polteageist|Stored Power|p2a: Volcanion\n|-damage|p2a: Volcanion|0 fnt\n|faint|p2a: Volcanion\n|\n|win|Idiotech\n|raw|Idiotech's rating: 1137 &rarr; <strong>1162<\/strong><br \/>(+25 for winning)\n|raw|Lawrence1307's rating: 1132 &rarr; <strong>1107<\/strong><br \/>(-25 for losing)\n|l|\u2606Idiotech\n","uploadtime":1700429341,"views":31,"p1id":"idiotech","p2id":"lawrence1307","formatid":"gen9ou","rating":1107,"private":0,"password":""}