{"id":"gen9ou-1993280859","p1":"warsame123","p2":"snotnosezill","format":"[Gen 9] OU","log":"|j|\u2606warsame123\n|j|\u2606snotnosezill\n|t:|1700289498\n|gametype|singles\n|player|p1|warsame123|1|1060\n|player|p2|snotnosezill|2|1146\n|teamsize|p1|6\n|teamsize|p2|6\n|gen|9\n|tier|[Gen 9] OU\n|rated|\n|rule|Sleep Clause Mod: Limit one foe put to sleep\n|rule|Species Clause: Limit one of each Pok\u00e9mon\n|rule|OHKO Clause: OHKO moves are banned\n|rule|Evasion Items Clause: Evasion items are banned\n|rule|Evasion Moves Clause: Evasion moves are banned\n|rule|Endless Battle Clause: Forcing endless battles is banned\n|rule|HP Percentage Mod: HP is shown in percentages\n|clearpoke\n|poke|p1|Landorus-Therian, M|\n|poke|p1|Heatran, F|\n|poke|p1|Ribombee, F|\n|poke|p1|Gyarados, F|\n|poke|p1|Lucario, M|\n|poke|p1|Kingambit, M|\n|poke|p2|Ninetales, F|\n|poke|p2|Skeledirge, M|\n|poke|p2|Heatran, F|\n|poke|p2|Walking Wake|\n|poke|p2|Moltres-Galar|\n|poke|p2|Landorus-Therian, M|\n|teampreview\n|inactive|Battle timer is ON: inactive players will automatically lose when time's up. (requested by warsame123)\n|\n|t:|1700289519\n|start\n|switch|p1a: Ribombee|Ribombee, F|100\/100\n|switch|p2a: Landorus|Landorus-Therian, M|100\/100\n|-ability|p2a: Landorus|Intimidate|boost\n|-unboost|p1a: Ribombee|atk|1\n|turn|1\n|\n|t:|1700289534\n|move|p2a: Landorus|Rock Slide|p1a: Ribombee\n|-supereffective|p1a: Ribombee\n|-enditem|p1a: Ribombee|Focus Sash\n|-damage|p1a: Ribombee|1\/100\n|cant|p1a: Ribombee|flinch\n|\n|upkeep\n|turn|2\n|\n|t:|1700289542\n|move|p2a: Landorus|Rock Slide|p1a: Ribombee\n|-supereffective|p1a: Ribombee\n|-damage|p1a: Ribombee|0 fnt\n|faint|p1a: Ribombee\n|\n|upkeep\n|\n|t:|1700289551\n|switch|p1a: Gyarados|Gyarados, F|100\/100\n|-ability|p1a: Gyarados|Intimidate|boost\n|-unboost|p2a: Landorus|atk|1\n|turn|3\n|inactive|snotnosezill has 120 seconds left.\n|inactive|snotnosezill has 90 seconds left.\n|\n|t:|1700289625\n|switch|p2a: Ninetales|Ninetales, F|100\/100\n|-weather|SunnyDay|[from] ability: Drought|[of] p2a: Ninetales\n|-terastallize|p1a: Gyarados|Water\n|move|p1a: Gyarados|Dragon Dance|p1a: Gyarados\n|-boost|p1a: Gyarados|atk|1\n|-boost|p1a: Gyarados|spe|1\n|\n|-weather|SunnyDay|[upkeep]\n|upkeep\n|turn|4\n|inactive|snotnosezill has 60 seconds left.\n|\n|t:|1700289676\n|-terastallize|p2a: Ninetales|Grass\n|move|p1a: Gyarados|Aqua Tail|p2a: Ninetales\n|-resisted|p2a: Ninetales\n|-damage|p2a: Ninetales|75\/100\n|move|p2a: Ninetales|Solar Beam||[still]\n|-prepare|p2a: Ninetales|Solar Beam\n|-anim|p2a: Ninetales|Solar Beam|p1a: Gyarados\n|-supereffective|p1a: Gyarados\n|-damage|p1a: Gyarados|26\/100\n|\n|-weather|SunnyDay|[upkeep]\n|-heal|p1a: Gyarados|32\/100|[from] item: Leftovers\n|upkeep\n|turn|5\n|inactive|snotnosezill has 30 seconds left.\n|\n|t:|1700289696\n|move|p1a: Gyarados|Crunch|p2a: Ninetales\n|-damage|p2a: Ninetales|20\/100\n|-unboost|p2a: Ninetales|def|1\n|move|p2a: Ninetales|Will-O-Wisp|p1a: Gyarados\n|-status|p1a: Gyarados|brn\n|\n|-weather|SunnyDay|[upkeep]\n|-heal|p1a: Gyarados|38\/100 brn|[from] item: Leftovers\n|-damage|p1a: Gyarados|32\/100 brn|[from] brn\n|upkeep\n|turn|6\n|inactive|snotnosezill has 30 seconds left.\n|\n|t:|1700289711\n|switch|p2a: Landorus|Landorus-Therian, M|100\/100\n|-ability|p2a: Landorus|Intimidate|boost\n|-unboost|p1a: Gyarados|atk|1\n|move|p1a: Gyarados|Crunch|p2a: Landorus\n|-crit|p2a: Landorus\n|-damage|p2a: Landorus|76\/100\n|-unboost|p2a: Landorus|def|1\n|\n|-weather|SunnyDay|[upkeep]\n|-heal|p1a: Gyarados|38\/100 brn|[from] item: Leftovers\n|-damage|p1a: Gyarados|32\/100 brn|[from] brn\n|upkeep\n|turn|7\n|inactive|snotnosezill has 30 seconds left.\n|inactive|snotnosezill has 20 seconds left.\n|inactive|snotnosezill has 15 seconds left.\n|\n|t:|1700289741\n|move|p2a: Landorus|U-turn|p1a: Gyarados\n|-damage|p1a: Gyarados|0 fnt\n|faint|p1a: Gyarados\n|inactive|snotnosezill has 20 seconds left this turn.\n|inactive|snotnosezill has 15 seconds left.\n|inactive|snotnosezill has 10 seconds left.\n|\n|t:|1700289754\n|switch|p2a: Walking Wake|Walking Wake|100\/100|[from] U-turn\n|-activate|p2a: Walking Wake|ability: Protosynthesis\n|-start|p2a: Walking Wake|protosynthesisspe\n|\n|-weather|SunnyDay|[upkeep]\n|upkeep\n|inactive|snotnosezill has 15 seconds left this turn.\n|\n|t:|1700289779\n|switch|p1a: Lucario|Lucario, M|100\/100\n|turn|8\n|inactive|snotnosezill has 25 seconds left this turn.\n|inactive|snotnosezill has 20 seconds left.\n|inactive|snotnosezill has 15 seconds left.\n|inactive|snotnosezill has 10 seconds left.\n|\n|t:|1700289797\n|move|p2a: Walking Wake|Hydro Steam|p1a: Lucario\n|-damage|p1a: Lucario|0 fnt\n|faint|p1a: Lucario\n|\n|-weather|SunnyDay|[upkeep]\n|upkeep\n|inactive|snotnosezill has 15 seconds left this turn.\n|\n|t:|1700289801\n|switch|p1a: Kingambit|Kingambit, M|100\/100\n|-activate|p1a: Kingambit|ability: Supreme Overlord\n|-start|p1a: Kingambit|fallen3|[silent]\n|turn|9\n|inactive|snotnosezill has 25 seconds left this turn.\n|inactive|snotnosezill has 20 seconds left.\n|\n|t:|1700289808\n|move|p2a: Walking Wake|Substitute|p2a: Walking Wake\n|-start|p2a: Walking Wake|Substitute\n|-damage|p2a: Walking Wake|76\/100\n|move|p1a: Kingambit|Swords Dance|p1a: Kingambit\n|-boost|p1a: Kingambit|atk|2\n|\n|-weather|SunnyDay|[upkeep]\n|upkeep\n|turn|10\n|inactive|snotnosezill has 30 seconds left this turn.\n|inactive|snotnosezill has 20 seconds left.\n|inactive|snotnosezill has 15 seconds left.\n|inactive|snotnosezill has 10 seconds left.\n|\n|t:|1700289833\n|move|p2a: Walking Wake|Hydro Steam|p1a: Kingambit\n|-damage|p1a: Kingambit|26\/100\n|move|p1a: Kingambit|Foul Play|p2a: Walking Wake\n|-end|p2a: Walking Wake|Substitute\n|\n|-weather|none\n|-end|p2a: Walking Wake|Protosynthesis\n|-heal|p1a: Kingambit|32\/100|[from] item: Leftovers\n|upkeep\n|-enditem|p2a: Walking Wake|Booster Energy\n|-activate|p2a: Walking Wake|ability: Protosynthesis|[fromitem]\n|-start|p2a: Walking Wake|protosynthesisspe\n|turn|11\n|inactive|snotnosezill has 20 seconds left this turn.\n|inactive|snotnosezill has 15 seconds left.\n|inactive|snotnosezill has 10 seconds left.\n|\n|t:|1700289847\n|move|p1a: Kingambit|Sucker Punch||[still]\n|-fail|p1a: Kingambit\n|move|p2a: Walking Wake|Substitute|p2a: Walking Wake\n|-start|p2a: Walking Wake|Substitute\n|-damage|p2a: Walking Wake|51\/100\n|\n|-heal|p1a: Kingambit|38\/100|[from] item: Leftovers\n|upkeep\n|turn|12\n|inactive|snotnosezill has 20 seconds left this turn.\n|inactive|snotnosezill has 15 seconds left.\n|\n|t:|1700289855\n|move|p1a: Kingambit|Sucker Punch|p2a: Walking Wake\n|-end|p2a: Walking Wake|Substitute\n|move|p2a: Walking Wake|Hydro Steam|p1a: Kingambit\n|-damage|p1a: Kingambit|0 fnt\n|faint|p1a: Kingambit\n|-end|p1a: Kingambit|fallen3|[silent]\n|\n|upkeep\n|inactive|snotnosezill has 20 seconds left this turn.\n|\n|t:|1700289858\n|switch|p1a: Heatran|Heatran, F|100\/100\n|-item|p1a: Heatran|Air Balloon\n|turn|13\n|inactive|snotnosezill has 30 seconds left this turn.\n|inactive|snotnosezill has 20 seconds left.\n|inactive|snotnosezill has 15 seconds left.\n|inactive|snotnosezill has 10 seconds left.\n|inactive|snotnosezill has 5 seconds left.\n|\n|t:|1700289887\n|-end|p2a: Walking Wake|Protosynthesis|[silent]\n|switch|p2a: Heatran|Heatran, F|100\/100\n|-item|p2a: Heatran|Air Balloon\n|move|p1a: Heatran|Earth Power|p2a: Heatran\n|-immune|p2a: Heatran\n|\n|upkeep\n|turn|14\n|inactive|snotnosezill has 15 seconds left this turn.\n|inactive|snotnosezill has 10 seconds left.\n|inactive|snotnosezill has 5 seconds left.\n|\n|t:|1700289900\n|move|p2a: Heatran|Solar Beam||[still]\n|-prepare|p2a: Heatran|Solar Beam\n|move|p1a: Heatran|Body Press|p2a: Heatran\n|-supereffective|p2a: Heatran\n|-damage|p2a: Heatran|60\/100\n|-enditem|p2a: Heatran|Air Balloon\n|\n|upkeep\n|turn|15\n|inactive|snotnosezill has 15 seconds left this turn.\n|inactive|snotnosezill has 10 seconds left.\n|\n|t:|1700289909\n|move|p2a: Heatran|Solar Beam|p1a: Heatran|[from]lockedmove\n|-resisted|p1a: Heatran\n|-damage|p1a: Heatran|89\/100\n|-enditem|p1a: Heatran|Air Balloon\n|move|p1a: Heatran|Earth Power|p2a: Heatran\n|-supereffective|p2a: Heatran\n|-damage|p2a: Heatran|0 fnt\n|faint|p2a: Heatran\n|\n|upkeep\n|inactive|snotnosezill has 15 seconds left this turn.\n|inactive|snotnosezill has 10 seconds left.\n|inactive|snotnosezill has 5 seconds left.\n|\n|t:|1700289919\n|switch|p2a: Landorus|Landorus-Therian, M|76\/100\n|-ability|p2a: Landorus|Intimidate|boost\n|-unboost|p1a: Heatran|atk|1\n|turn|16\n|inactive|snotnosezill has 15 seconds left this turn.\n|inactive|snotnosezill has 10 seconds left.\n|inactive|snotnosezill has 5 seconds left.\n|\n|t:|1700289933\n|move|p2a: Landorus|Earthquake|p1a: Heatran\n|-supereffective|p1a: Heatran\n|-damage|p1a: Heatran|0 fnt\n|faint|p1a: Heatran\n|\n|upkeep\n|inactive|snotnosezill has 10 seconds left this turn.\n|\n|t:|1700289938\n|switch|p1a: Landorus|Landorus-Therian, M|100\/100\n|-ability|p1a: Landorus|Intimidate|boost\n|-unboost|p2a: Landorus|atk|1\n|turn|17\n|inactive|snotnosezill has 20 seconds left this turn.\n|inactive|snotnosezill has 15 seconds left.\n|inactive|snotnosezill has 10 seconds left.\n|\n|t:|1700289950\n|switch|p2a: Moltres|Moltres-Galar|100\/100\n|move|p1a: Landorus|Swords Dance|p1a: Landorus\n|-boost|p1a: Landorus|atk|2\n|\n|upkeep\n|turn|18\n|inactive|snotnosezill has 20 seconds left this turn.\n|inactive|snotnosezill has 15 seconds left.\n|inactive|snotnosezill has 10 seconds left.\n|\n|t:|1700289965\n|move|p1a: Landorus|Tera Blast|p2a: Moltres\n|-damage|p2a: Moltres|84\/100\n|move|p2a: Moltres|Agility|p2a: Moltres\n|-boost|p2a: Moltres|spe|2\n|\n|upkeep\n|turn|19\n|inactive|snotnosezill has 20 seconds left this turn.\n|inactive|snotnosezill has 15 seconds left.\n|\n|t:|1700289973\n|move|p2a: Moltres|Nasty Plot|p2a: Moltres\n|-boost|p2a: Moltres|spa|2\n|move|p1a: Landorus|U-turn|p2a: Moltres\n|-damage|p2a: Moltres|23\/100\n|-ability|p2a: Moltres|Berserk|boost\n|-boost|p2a: Moltres|spa|1\n|-enditem|p2a: Moltres|Sitrus Berry|[eat]\n|-heal|p2a: Moltres|48\/100|[from] item: Sitrus Berry\n|\n|upkeep\n|turn|20\n|inactive|snotnosezill has 25 seconds left this turn.\n|inactive|snotnosezill has 20 seconds left.\n|\n|t:|1700289982\n|move|p2a: Moltres|Fiery Wrath|p1a: Landorus\n|-damage|p1a: Landorus|0 fnt\n|faint|p1a: Landorus\n|\n|win|snotnosezill\n|inactive|snotnosezill has 25 seconds left this turn.\n|raw|warsame123's rating: 1060 &rarr; <strong>1046<\/strong><br \/>(-14 for losing)\n|raw|snotnosezill's rating: 1146 &rarr; <strong>1165<\/strong><br \/>(+19 for winning)\n","uploadtime":1700290019,"views":10,"p1id":"warsame123","p2id":"snotnosezill","formatid":"gen9ou","rating":1046,"private":0,"password":""}