{"id":"gen9ou-1990277561","p1":"AkiDes","p2":"Lime832","format":"[Gen 9] OU","log":"|j|\u2606AkiDes\n|j|\u2606Lime832\n|t:|1699949447\n|gametype|singles\n|player|p1|AkiDes|volkner|1260\n|player|p2|Lime832|169|1292\n|teamsize|p1|6\n|teamsize|p2|6\n|gen|9\n|tier|[Gen 9] OU\n|rated|\n|rule|Sleep Clause Mod: Limit one foe put to sleep\n|rule|Species Clause: Limit one of each Pok\u00e9mon\n|rule|OHKO Clause: OHKO moves are banned\n|rule|Evasion Items Clause: Evasion items are banned\n|rule|Evasion Moves Clause: Evasion moves are banned\n|rule|Endless Battle Clause: Forcing endless battles is banned\n|rule|HP Percentage Mod: HP is shown in percentages\n|clearpoke\n|poke|p1|Greninja-*, F|\n|poke|p1|Dragonite, M|\n|poke|p1|Cinderace, M|\n|poke|p1|Mandibuzz, F|\n|poke|p1|Jolteon, F|\n|poke|p1|Gengar, M|\n|poke|p2|Ninetales-Alola, F|\n|poke|p2|Kingambit, M|\n|poke|p2|Ogerpon-Wellspring, F|\n|poke|p2|Iron Valiant|\n|poke|p2|Slowking-Galar, F|\n|poke|p2|Corviknight, M|\n|teampreview\n|inactive|Battle timer is ON: inactive players will automatically lose when time's up. (requested by Lime832)\n|\n|t:|1699949457\n|start\n|switch|p1a: Cinderace|Cinderace, M|100\/100\n|switch|p2a: Ninetales|Ninetales-Alola, F|100\/100\n|-weather|Snow|[from] ability: Snow Warning|[of] p2a: Ninetales\n|turn|1\n|inactive|Lime832 has 120 seconds left.\n|\n|t:|1699949494\n|switch|p2a: Slowking|Slowking-Galar, F|100\/100\n|move|p1a: Cinderace|U-turn|p2a: Slowking\n|-start|p1a: Cinderace|typechange|Bug|[from] ability: Libero\n|-damage|p2a: Slowking|68\/100\n|\n|t:|1699949506\n|switch|p1a: Greninja|Greninja, F, shiny|100\/100|[from] U-turn\n|\n|-weather|Snow|[upkeep]\n|-heal|p2a: Slowking|74\/100|[from] item: Leftovers\n|upkeep\n|turn|2\n|\n|t:|1699949514\n|move|p1a: Greninja|Dark Pulse|p2a: Slowking\n|-start|p1a: Greninja|typechange|Dark|[from] ability: Protean\n|-supereffective|p2a: Slowking\n|-damage|p2a: Slowking|31\/100\n|move|p2a: Slowking|Thunder Wave|p1a: Greninja\n|-status|p1a: Greninja|par\n|\n|-weather|Snow|[upkeep]\n|-heal|p2a: Slowking|37\/100|[from] item: Leftovers\n|upkeep\n|turn|3\n|\n|t:|1699949527\n|switch|p2a: Corviknight|Corviknight, M|100\/100\n|move|p1a: Greninja|Dark Pulse|p2a: Corviknight\n|-damage|p2a: Corviknight|67\/100\n|\n|-weather|Snow|[upkeep]\n|-heal|p2a: Corviknight|73\/100|[from] item: Leftovers\n|upkeep\n|turn|4\n|\n|t:|1699949542\n|switch|p1a: Mandibuzz|Mandibuzz, F|100\/100\n|move|p2a: Corviknight|U-turn|p1a: Mandibuzz\n|-damage|p1a: Mandibuzz|92\/100\n|inactive|Lime832 has 120 seconds left.\n|\n|t:|1699949553\n|switch|p2a: Ninetales|Ninetales-Alola, F|100\/100|[from] U-turn\n|\n|-weather|Snow|[upkeep]\n|upkeep\n|turn|5\n|\n|t:|1699949562\n|move|p2a: Ninetales|Aurora Veil|p2a: Ninetales\n|-sidestart|p2: Lime832|move: Aurora Veil\n|move|p1a: Mandibuzz|Toxic|p2a: Ninetales\n|-status|p2a: Ninetales|tox\n|\n|-weather|none\n|-damage|p2a: Ninetales|94\/100 tox|[from] psn\n|upkeep\n|turn|6\n|\n|t:|1699949577\n|switch|p2a: Iron Valiant|Iron Valiant|100\/100\n|-enditem|p2a: Iron Valiant|Booster Energy\n|-activate|p2a: Iron Valiant|ability: Quark Drive|[fromitem]\n|-start|p2a: Iron Valiant|quarkdrivespe\n|move|p1a: Mandibuzz|Roost|p1a: Mandibuzz\n|-heal|p1a: Mandibuzz|100\/100\n|-singleturn|p1a: Mandibuzz|move: Roost\n|\n|upkeep\n|turn|7\n|\n|t:|1699949588\n|move|p2a: Iron Valiant|Calm Mind|p2a: Iron Valiant\n|-boost|p2a: Iron Valiant|spa|1\n|-boost|p2a: Iron Valiant|spd|1\n|move|p1a: Mandibuzz|Toxic|p2a: Iron Valiant\n|-status|p2a: Iron Valiant|tox\n|\n|-damage|p2a: Iron Valiant|94\/100 tox|[from] psn\n|upkeep\n|turn|8\n|\n|t:|1699949597\n|move|p2a: Iron Valiant|Moonblast|p1a: Mandibuzz\n|-supereffective|p1a: Mandibuzz\n|-damage|p1a: Mandibuzz|0 fnt\n|faint|p1a: Mandibuzz\n|\n|-damage|p2a: Iron Valiant|82\/100 tox|[from] psn\n|upkeep\n|\n|t:|1699949607\n|switch|p1a: Greninja|Greninja, F, shiny|100\/100 par\n|turn|9\n|\n|t:|1699949613\n|move|p2a: Iron Valiant|Moonblast|p1a: Greninja\n|-supereffective|p1a: Greninja\n|-damage|p1a: Greninja|0 fnt\n|faint|p1a: Greninja\n|\n|-damage|p2a: Iron Valiant|63\/100 tox|[from] psn\n|upkeep\n|\n|t:|1699949618\n|switch|p1a: Cinderace|Cinderace, M|100\/100\n|turn|10\n|\n|t:|1699949624\n|move|p2a: Iron Valiant|Psyshock|p1a: Cinderace\n|-damage|p1a: Cinderace|41\/100\n|move|p1a: Cinderace|Pyro Ball|p2a: Iron Valiant\n|-damage|p2a: Iron Valiant|24\/100 tox\n|\n|-damage|p2a: Iron Valiant|0 fnt|[from] psn\n|faint|p2a: Iron Valiant\n|-end|p2a: Iron Valiant|Quark Drive|[silent]\n|upkeep\n|\n|t:|1699949635\n|switch|p2a: Ogerpon|Ogerpon-Wellspring, F|100\/100\n|turn|11\n|\n|t:|1699949640\n|move|p1a: Cinderace|U-turn|p2a: Ogerpon\n|-start|p1a: Cinderace|typechange|Bug|[from] ability: Libero\n|-supereffective|p2a: Ogerpon\n|-damage|p2a: Ogerpon|54\/100\n|\n|t:|1699949645\n|switch|p1a: Dragonite|Dragonite, M|100\/100|[from] U-turn\n|move|p2a: Ogerpon|Trailblaze|p1a: Dragonite\n|-resisted|p1a: Dragonite\n|-damage|p1a: Dragonite|97\/100\n|-boost|p2a: Ogerpon|spe|1\n|\n|upkeep\n|turn|12\n|\n|t:|1699949657\n|-terastallize|p1a: Dragonite|Normal\n|move|p2a: Ogerpon|Play Rough|p1a: Dragonite\n|-damage|p1a: Dragonite|57\/100\n|move|p1a: Dragonite|Dragon Dance|p1a: Dragonite\n|-boost|p1a: Dragonite|atk|1\n|-boost|p1a: Dragonite|spe|1\n|\n|-sideend|p2: Lime832|move: Aurora Veil\n|upkeep\n|turn|13\n|\n|t:|1699949674\n|switch|p2a: Corviknight|Corviknight, M|73\/100\n|move|p1a: Dragonite|Extreme Speed|p2a: Corviknight\n|-resisted|p2a: Corviknight\n|-damage|p2a: Corviknight|53\/100\n|\n|-heal|p2a: Corviknight|59\/100|[from] item: Leftovers\n|upkeep\n|turn|14\n|\n|t:|1699949685\n|move|p1a: Dragonite|Fire Punch|p2a: Corviknight\n|-supereffective|p2a: Corviknight\n|-damage|p2a: Corviknight|5\/100\n|move|p2a: Corviknight|Roost|p2a: Corviknight\n|-heal|p2a: Corviknight|56\/100\n|-singleturn|p2a: Corviknight|move: Roost\n|\n|-heal|p2a: Corviknight|62\/100|[from] item: Leftovers\n|upkeep\n|turn|15\n|\n|t:|1699949704\n|move|p1a: Dragonite|Fire Punch|p2a: Corviknight\n|-supereffective|p2a: Corviknight\n|-damage|p2a: Corviknight|9\/100\n|move|p2a: Corviknight|Roost|p2a: Corviknight\n|-heal|p2a: Corviknight|59\/100\n|-singleturn|p2a: Corviknight|move: Roost\n|\n|-heal|p2a: Corviknight|65\/100|[from] item: Leftovers\n|upkeep\n|turn|16\n|inactive|Lime832 has 120 seconds left.\n|\n|t:|1699949748\n|move|p1a: Dragonite|Dragon Dance|p1a: Dragonite\n|-boost|p1a: Dragonite|atk|1\n|-boost|p1a: Dragonite|spe|1\n|move|p2a: Corviknight|Roost|p2a: Corviknight\n|-heal|p2a: Corviknight|100\/100\n|-singleturn|p2a: Corviknight|move: Roost\n|\n|upkeep\n|turn|17\n|inactive|Lime832 has 90 seconds left.\n|\n|t:|1699949783\n|move|p1a: Dragonite|Fire Punch|p2a: Corviknight\n|-supereffective|p2a: Corviknight\n|-damage|p2a: Corviknight|30\/100\n|move|p2a: Corviknight|Brave Bird|p1a: Dragonite\n|-damage|p1a: Dragonite|14\/100\n|-damage|p2a: Corviknight|19\/100|[from] Recoil\n|\n|-heal|p2a: Corviknight|25\/100|[from] item: Leftovers\n|upkeep\n|turn|18\n|\n|t:|1699949797\n|move|p1a: Dragonite|Fire Punch|p2a: Corviknight\n|-supereffective|p2a: Corviknight\n|-damage|p2a: Corviknight|0 fnt\n|faint|p2a: Corviknight\n|\n|upkeep\n|inactive|Lime832 has 60 seconds left.\n|\n|t:|1699949843\n|switch|p2a: Kingambit|Kingambit, M|100\/100\n|-activate|p2a: Kingambit|ability: Supreme Overlord\n|-start|p2a: Kingambit|fallen2|[silent]\n|turn|19\n|inactive|Lime832 has 30 seconds left.\n|inactive|Lime832 has 20 seconds left.\n|inactive|Lime832 has 15 seconds left.\n|\n|t:|1699949878\n|-terastallize|p2a: Kingambit|Flying\n|move|p1a: Dragonite|Earthquake|p2a: Kingambit\n|-immune|p2a: Kingambit\n|move|p2a: Kingambit|Kowtow Cleave|p1a: Dragonite\n|-damage|p1a: Dragonite|0 fnt\n|faint|p1a: Dragonite\n|\n|upkeep\n|inactive|Lime832 has 20 seconds left this turn.\n|\n|t:|1699949887\n|switch|p1a: Jolteon|Jolteon, F|100\/100\n|turn|20\n|inactive|Lime832 has 30 seconds left this turn.\n|inactive|Lime832 has 20 seconds left.\n|inactive|Lime832 has 15 seconds left.\n|inactive|Lime832 has 10 seconds left.\n|inactive|Lime832 has 5 seconds left.\n|-message|Lime832 lost due to inactivity.\n|\n|win|AkiDes\n|raw|AkiDes's rating: 1260 &rarr; <strong>1287<\/strong><br \/>(+27 for winning)\n|raw|Lime832's rating: 1292 &rarr; <strong>1265<\/strong><br \/>(-27 for losing)\n","uploadtime":1699949923,"views":10,"p1id":"akides","p2id":"lime832","formatid":"gen9ou","rating":1265,"private":0,"password":""}