{"id":"gen9ou-1990042501","p1":"Petahh10","p2":"Wolfblaze","format":"[Gen 9] OU","log":"|j|\u2606Petahh10\n|j|\u2606Wolfblaze\n|t:|1699918361\n|gametype|singles\n|player|p1|Petahh10|ethan|1088\n|player|p2|Wolfblaze|1|1185\n|teamsize|p1|6\n|teamsize|p2|6\n|gen|9\n|tier|[Gen 9] OU\n|rated|\n|rule|Sleep Clause Mod: Limit one foe put to sleep\n|rule|Species Clause: Limit one of each Pok\u00e9mon\n|rule|OHKO Clause: OHKO moves are banned\n|rule|Evasion Items Clause: Evasion items are banned\n|rule|Evasion Moves Clause: Evasion moves are banned\n|rule|Endless Battle Clause: Forcing endless battles is banned\n|rule|HP Percentage Mod: HP is shown in percentages\n|clearpoke\n|poke|p1|Torkoal, F|\n|poke|p1|Walking Wake|\n|poke|p1|Charizard, M|\n|poke|p1|Sableye, F|\n|poke|p1|Quagsire, F|\n|poke|p1|Victreebel, M|\n|poke|p2|Ceruledge, M|\n|poke|p2|Great Tusk|\n|poke|p2|Ninetales-Alola, M|\n|poke|p2|Clodsire, M|\n|poke|p2|Ribombee, F|\n|poke|p2|Jolteon, M|\n|teampreview\n|\n|t:|1699918373\n|start\n|switch|p1a: Torkoal|Torkoal, F|100\/100\n|switch|p2a: Ribombee|Ribombee, F|100\/100\n|-weather|SunnyDay|[from] ability: Drought|[of] p1a: Torkoal\n|turn|1\n|\n|t:|1699918380\n|move|p2a: Ribombee|Sticky Web|p1a: Torkoal\n|-sidestart|p1: Petahh10|move: Sticky Web\n|move|p1a: Torkoal|Stealth Rock|p2a: Ribombee\n|-sidestart|p2: Wolfblaze|move: Stealth Rock\n|\n|-weather|SunnyDay|[upkeep]\n|upkeep\n|turn|2\n|\n|t:|1699918385\n|move|p2a: Ribombee|Stun Spore|p1a: Torkoal|[miss]\n|-miss|p2a: Ribombee|p1a: Torkoal\n|move|p1a: Torkoal|Rapid Spin|p2a: Ribombee\n|-damage|p2a: Ribombee|83\/100\n|-boost|p1a: Torkoal|spe|1\n|-sideend|p1: Petahh10|Sticky Web|[from] move: Rapid Spin|[of] p1a: Torkoal\n|\n|-weather|SunnyDay|[upkeep]\n|upkeep\n|turn|3\n|\n|t:|1699918398\n|switch|p2a: Great Tusk|Great Tusk|100\/100\n|-damage|p2a: Great Tusk|98\/100|[from] Stealth Rock\n|-activate|p2a: Great Tusk|ability: Protosynthesis\n|-start|p2a: Great Tusk|protosynthesisatk\n|move|p1a: Torkoal|Lava Plume|p2a: Great Tusk\n|-damage|p2a: Great Tusk|43\/100\n|\n|-weather|SunnyDay|[upkeep]\n|upkeep\n|turn|4\n|\n|t:|1699918413\n|switch|p1a: Victreebel|Victreebel, M|100\/100\n|move|p2a: Great Tusk|Headlong Rush|p1a: Victreebel\n|-damage|p1a: Victreebel|0 fnt\n|-unboost|p2a: Great Tusk|def|1\n|-unboost|p2a: Great Tusk|spd|1\n|faint|p1a: Victreebel\n|\n|-weather|SunnyDay|[upkeep]\n|upkeep\n|\n|t:|1699918427\n|switch|p1a: Walking Wake|Walking Wake|100\/100\n|-activate|p1a: Walking Wake|ability: Protosynthesis\n|-start|p1a: Walking Wake|protosynthesisspe\n|turn|5\n|\n|t:|1699918444\n|-end|p2a: Great Tusk|Protosynthesis|[silent]\n|switch|p2a: Jolteon|Jolteon, M|100\/100\n|-damage|p2a: Jolteon|88\/100|[from] Stealth Rock\n|move|p1a: Walking Wake|Flamethrower|p2a: Jolteon\n|-damage|p2a: Jolteon|3\/100\n|\n|-weather|SunnyDay|[upkeep]\n|upkeep\n|turn|6\n|\n|t:|1699918461\n|move|p1a: Walking Wake|Flamethrower|p2a: Jolteon\n|-damage|p2a: Jolteon|0 fnt\n|faint|p2a: Jolteon\n|\n|-weather|SunnyDay|[upkeep]\n|upkeep\n|\n|t:|1699918472\n|switch|p2a: Clodsire|Clodsire, M|100\/100\n|-damage|p2a: Clodsire|94\/100|[from] Stealth Rock\n|turn|7\n|\n|t:|1699918488\n|-end|p1a: Walking Wake|Protosynthesis|[silent]\n|switch|p1a: Sableye|Sableye, F|100\/100\n|-terastallize|p2a: Clodsire|Flying\n|move|p2a: Clodsire|Toxic|p1a: Sableye|[miss]\n|-miss|p2a: Clodsire|p1a: Sableye\n|\n|-weather|SunnyDay|[upkeep]\n|-heal|p2a: Clodsire|100\/100|[from] item: Leftovers\n|upkeep\n|turn|8\n|\n|t:|1699918498\n|move|p1a: Sableye|Taunt|p2a: Clodsire\n|-start|p2a: Clodsire|move: Taunt\n|cant|p2a: Clodsire|move: Taunt|Toxic\n|\n|-weather|none\n|upkeep\n|turn|9\n|\n|t:|1699918509\n|switch|p2a: Ninetales|Ninetales-Alola, M|100\/100\n|-damage|p2a: Ninetales|76\/100|[from] Stealth Rock\n|-weather|Snow|[from] ability: Snow Warning|[of] p2a: Ninetales\n|move|p1a: Sableye|Knock Off|p2a: Ninetales\n|-resisted|p2a: Ninetales\n|-damage|p2a: Ninetales|63\/100\n|-enditem|p2a: Ninetales|Light Clay|[from] move: Knock Off|[of] p1a: Sableye\n|\n|-weather|Snow|[upkeep]\n|upkeep\n|turn|10\n|\n|t:|1699918521\n|move|p2a: Ninetales|Moonblast|p1a: Sableye\n|-supereffective|p1a: Sableye\n|-damage|p1a: Sableye|31\/100\n|move|p1a: Sableye|Sunny Day|p1a: Sableye\n|-weather|SunnyDay\n|\n|-weather|SunnyDay|[upkeep]\n|-heal|p1a: Sableye|37\/100|[from] item: Leftovers\n|upkeep\n|turn|11\n|\n|t:|1699918533\n|switch|p1a: Quagsire|Quagsire, F|100\/100\n|move|p2a: Ninetales|Moonblast|p1a: Quagsire\n|-damage|p1a: Quagsire|69\/100\n|\n|-weather|SunnyDay|[upkeep]\n|-heal|p1a: Quagsire|75\/100|[from] item: Leftovers\n|upkeep\n|turn|12\n|\n|t:|1699918542\n|switch|p2a: Clodsire|Clodsire, M, tera:Flying|100\/100\n|-damage|p2a: Clodsire|75\/100|[from] Stealth Rock\n|move|p1a: Quagsire|Spikes|p2a: Clodsire\n|-sidestart|p2: Wolfblaze|Spikes\n|\n|-weather|SunnyDay|[upkeep]\n|-heal|p1a: Quagsire|81\/100|[from] item: Leftovers\n|-heal|p2a: Clodsire|82\/100|[from] item: Leftovers\n|upkeep\n|turn|13\n|\n|t:|1699918550\n|move|p1a: Quagsire|Toxic|p2a: Clodsire\n|-status|p2a: Clodsire|tox\n|move|p2a: Clodsire|Toxic|p1a: Quagsire\n|-status|p1a: Quagsire|tox\n|\n|-weather|SunnyDay|[upkeep]\n|-heal|p1a: Quagsire|87\/100 tox|[from] item: Leftovers\n|-heal|p2a: Clodsire|88\/100 tox|[from] item: Leftovers\n|-damage|p1a: Quagsire|81\/100 tox|[from] psn\n|-damage|p2a: Clodsire|82\/100 tox|[from] psn\n|upkeep\n|turn|14\n|\n|t:|1699918560\n|switch|p2a: Great Tusk|Great Tusk|43\/100\n|-damage|p2a: Great Tusk|40\/100|[from] Stealth Rock\n|-damage|p2a: Great Tusk|28\/100|[from] Spikes\n|-activate|p2a: Great Tusk|ability: Protosynthesis\n|-start|p2a: Great Tusk|protosynthesisatk\n|move|p1a: Quagsire|Spikes|p2a: Great Tusk\n|-sidestart|p2: Wolfblaze|Spikes\n|\n|-weather|none\n|-end|p2a: Great Tusk|Protosynthesis\n|-heal|p1a: Quagsire|87\/100 tox|[from] item: Leftovers\n|-damage|p1a: Quagsire|75\/100 tox|[from] psn\n|upkeep\n|turn|15\n|\n|t:|1699918571\n|switch|p1a: Sableye|Sableye, F|37\/100\n|move|p2a: Great Tusk|Rapid Spin|p1a: Sableye\n|-immune|p1a: Sableye\n|\n|-heal|p1a: Sableye|43\/100|[from] item: Leftovers\n|upkeep\n|turn|16\n|\n|t:|1699918580\n|move|p2a: Great Tusk|Headlong Rush|p1a: Sableye\n|-damage|p1a: Sableye|0 fnt\n|-unboost|p2a: Great Tusk|def|1\n|-unboost|p2a: Great Tusk|spd|1\n|faint|p1a: Sableye\n|\n|upkeep\n|\n|t:|1699918590\n|switch|p1a: Walking Wake|Walking Wake|100\/100\n|turn|17\n|\n|t:|1699918606\n|-end|p2a: Great Tusk|Protosynthesis|[silent]\n|switch|p2a: Ceruledge|Ceruledge, M|100\/100\n|-damage|p2a: Ceruledge|76\/100|[from] Stealth Rock\n|-damage|p2a: Ceruledge|59\/100|[from] Spikes\n|move|p1a: Walking Wake|Dragon Pulse|p2a: Ceruledge\n|-damage|p2a: Ceruledge|0 fnt\n|faint|p2a: Ceruledge\n|\n|upkeep\n|\n|t:|1699918618\n|switch|p2a: Ribombee|Ribombee, F|83\/100\n|-damage|p2a: Ribombee|58\/100|[from] Stealth Rock\n|-damage|p2a: Ribombee|42\/100|[from] Spikes\n|turn|18\n|\n|t:|1699918624\n|-end|p1a: Walking Wake|Protosynthesis|[silent]\n|switch|p1a: Torkoal|Torkoal, F|100\/100\n|-weather|SunnyDay|[from] ability: Drought|[of] p1a: Torkoal\n|move|p2a: Ribombee|Stun Spore|p1a: Torkoal|[miss]\n|-miss|p2a: Ribombee|p1a: Torkoal\n|\n|-weather|SunnyDay|[upkeep]\n|upkeep\n|turn|19\n|\n|t:|1699918634\n|move|p2a: Ribombee|Stun Spore|p1a: Torkoal\n|-status|p1a: Torkoal|par\n|move|p1a: Torkoal|Lava Plume|p2a: Ribombee\n|-supereffective|p2a: Ribombee\n|-damage|p2a: Ribombee|0 fnt\n|faint|p2a: Ribombee\n|\n|-weather|SunnyDay|[upkeep]\n|upkeep\n|\n|t:|1699918642\n|switch|p2a: Great Tusk|Great Tusk|28\/100\n|-damage|p2a: Great Tusk|25\/100|[from] Stealth Rock\n|-damage|p2a: Great Tusk|8\/100|[from] Spikes\n|-activate|p2a: Great Tusk|ability: Protosynthesis\n|-start|p2a: Great Tusk|protosynthesisatk\n|turn|20\n|\n|t:|1699918653\n|switch|p1a: Quagsire|Quagsire, F|75\/100 tox\n|move|p2a: Great Tusk|Rapid Spin|p1a: Quagsire\n|-damage|p1a: Quagsire|50\/100 tox\n|-boost|p2a: Great Tusk|spe|1\n|-sideend|p2: Wolfblaze|Spikes|[from] move: Rapid Spin|[of] p2a: Great Tusk\n|-sideend|p2: Wolfblaze|Stealth Rock|[from] move: Rapid Spin|[of] p2a: Great Tusk\n|\n|-weather|SunnyDay|[upkeep]\n|-heal|p1a: Quagsire|57\/100 tox|[from] item: Leftovers\n|-damage|p1a: Quagsire|50\/100 tox|[from] psn\n|upkeep\n|turn|21\n|\n|t:|1699918662\n|move|p2a: Great Tusk|Close Combat|p1a: Quagsire\n|-damage|p1a: Quagsire|0 fnt\n|-unboost|p2a: Great Tusk|def|1\n|-unboost|p2a: Great Tusk|spd|1\n|faint|p1a: Quagsire\n|\n|-weather|SunnyDay|[upkeep]\n|upkeep\n|\n|t:|1699918680\n|switch|p1a: Walking Wake|Walking Wake|100\/100\n|-activate|p1a: Walking Wake|ability: Protosynthesis\n|-start|p1a: Walking Wake|protosynthesisspe\n|turn|22\n|\n|t:|1699918690\n|move|p1a: Walking Wake|Flamethrower|p2a: Great Tusk\n|-damage|p2a: Great Tusk|0 fnt\n|faint|p2a: Great Tusk\n|-end|p2a: Great Tusk|Protosynthesis|[silent]\n|\n|-weather|SunnyDay|[upkeep]\n|upkeep\n|\n|t:|1699918695\n|switch|p2a: Ninetales|Ninetales-Alola, M|63\/100\n|-weather|Snow|[from] ability: Snow Warning|[of] p2a: Ninetales\n|-end|p1a: Walking Wake|Protosynthesis\n|turn|23\n|\n|t:|1699918704\n|switch|p2a: Clodsire|Clodsire, M, tera:Flying|82\/100 tox\n|move|p1a: Walking Wake|Flamethrower|p2a: Clodsire\n|-crit|p2a: Clodsire\n|-damage|p2a: Clodsire|48\/100 tox\n|\n|-weather|Snow|[upkeep]\n|-heal|p2a: Clodsire|54\/100 tox|[from] item: Leftovers\n|-damage|p2a: Clodsire|48\/100 tox|[from] psn\n|upkeep\n|turn|24\n|\n|t:|1699918729\n|-end|p1a: Walking Wake|Protosynthesis|[silent]\n|switch|p1a: Torkoal|Torkoal, F|100\/100 par\n|-weather|SunnyDay|[from] ability: Drought|[of] p1a: Torkoal\n|move|p2a: Clodsire|Recover|p2a: Clodsire\n|-heal|p2a: Clodsire|98\/100 tox\n|\n|-weather|SunnyDay|[upkeep]\n|-heal|p2a: Clodsire|100\/100 tox|[from] item: Leftovers\n|-damage|p2a: Clodsire|88\/100 tox|[from] psn\n|upkeep\n|turn|25\n|\n|t:|1699918739\n|move|p2a: Clodsire|Earthquake|p1a: Torkoal\n|-supereffective|p1a: Torkoal\n|-damage|p1a: Torkoal|72\/100 par\n|move|p1a: Torkoal|Stealth Rock|p2a: Clodsire\n|-sidestart|p2: Wolfblaze|move: Stealth Rock\n|\n|-weather|SunnyDay|[upkeep]\n|-heal|p2a: Clodsire|94\/100 tox|[from] item: Leftovers\n|-damage|p2a: Clodsire|75\/100 tox|[from] psn\n|upkeep\n|turn|26\n|inactive|Battle timer is ON: inactive players will automatically lose when time's up. (requested by Petahh10)\n|\n|t:|1699918773\n|switch|p2a: Ninetales|Ninetales-Alola, M|63\/100\n|-damage|p2a: Ninetales|38\/100|[from] Stealth Rock\n|-weather|Snow|[from] ability: Snow Warning|[of] p2a: Ninetales\n|move|p1a: Torkoal|Lava Plume|p2a: Ninetales\n|-supereffective|p2a: Ninetales\n|-damage|p2a: Ninetales|0 fnt\n|faint|p2a: Ninetales\n|\n|-weather|Snow|[upkeep]\n|upkeep\n|\n|t:|1699918783\n|switch|p2a: Clodsire|Clodsire, M, tera:Flying|75\/100 tox\n|-damage|p2a: Clodsire|50\/100 tox|[from] Stealth Rock\n|turn|27\n|\n|t:|1699918788\n|switch|p1a: Walking Wake|Walking Wake|100\/100\n|move|p2a: Clodsire|Recover|p2a: Clodsire\n|-heal|p2a: Clodsire|100\/100 tox\n|\n|-weather|Snow|[upkeep]\n|-damage|p2a: Clodsire|94\/100 tox|[from] psn\n|upkeep\n|turn|28\n|\n|t:|1699918796\n|-end|p1a: Walking Wake|Protosynthesis|[silent]\n|switch|p1a: Torkoal|Torkoal, F|72\/100 par\n|-weather|SunnyDay|[from] ability: Drought|[of] p1a: Torkoal\n|move|p2a: Clodsire|Earthquake|p1a: Torkoal\n|-supereffective|p1a: Torkoal\n|-damage|p1a: Torkoal|38\/100 par\n|\n|-weather|SunnyDay|[upkeep]\n|-heal|p2a: Clodsire|100\/100 tox|[from] item: Leftovers\n|-damage|p2a: Clodsire|88\/100 tox|[from] psn\n|upkeep\n|turn|29\n|\n|t:|1699918805\n|move|p2a: Clodsire|Earthquake|p1a: Torkoal\n|-supereffective|p1a: Torkoal\n|-damage|p1a: Torkoal|10\/100 par\n|move|p1a: Torkoal|Lava Plume|p2a: Clodsire\n|-damage|p2a: Clodsire|69\/100 tox\n|\n|-weather|SunnyDay|[upkeep]\n|-heal|p2a: Clodsire|75\/100 tox|[from] item: Leftovers\n|-damage|p2a: Clodsire|57\/100 tox|[from] psn\n|upkeep\n|turn|30\n|\n|t:|1699918815\n|move|p2a: Clodsire|Earthquake|p1a: Torkoal\n|-supereffective|p1a: Torkoal\n|-damage|p1a: Torkoal|0 fnt\n|faint|p1a: Torkoal\n|\n|-weather|SunnyDay|[upkeep]\n|-heal|p2a: Clodsire|63\/100 tox|[from] item: Leftovers\n|-damage|p2a: Clodsire|38\/100 tox|[from] psn\n|upkeep\n|\n|t:|1699918822\n|switch|p1a: Charizard|Charizard, M, shiny|100\/100\n|turn|31\n|\n|t:|1699918826\n|-terastallize|p1a: Charizard|Fire\n|move|p1a: Charizard|Flamethrower|p2a: Clodsire\n|-damage|p2a: Clodsire|0 fnt\n|faint|p2a: Clodsire\n|\n|win|Petahh10\n|raw|Petahh10's rating: 1088 &rarr; <strong>1122<\/strong><br \/>(+34 for winning)\n|raw|Wolfblaze's rating: 1185 &rarr; <strong>1153<\/strong><br \/>(-32 for losing)\n|c|\u2606Wolfblaze|gg\n|c|\u2606Petahh10|gg\n|l|\u2606Wolfblaze\n","uploadtime":1699918848,"views":8,"p1id":"petahh10","p2id":"wolfblaze","formatid":"gen9ou","rating":1122,"private":0,"password":""}