{"id":"gen9ou-1991640988","p1":"fkh61","p2":"ou suds","format":"[Gen 9] OU","log":"|j|\u2606fkh61\n|j|\u2606ou suds\n|t:|1700097399\n|gametype|singles\n|player|p1|fkh61|dancer|1045\n|player|p2|ou suds|supernerd|1137\n|teamsize|p1|6\n|teamsize|p2|6\n|gen|9\n|tier|[Gen 9] OU\n|rated|\n|rule|Sleep Clause Mod: Limit one foe put to sleep\n|rule|Species Clause: Limit one of each Pok\u00e9mon\n|rule|OHKO Clause: OHKO moves are banned\n|rule|Evasion Items Clause: Evasion items are banned\n|rule|Evasion Moves Clause: Evasion moves are banned\n|rule|Endless Battle Clause: Forcing endless battles is banned\n|rule|HP Percentage Mod: HP is shown in percentages\n|clearpoke\n|poke|p1|Iron Moth|\n|poke|p1|Sneasler, M|\n|poke|p1|Great Tusk|\n|poke|p1|Rillaboom, M|\n|poke|p1|Iron Valiant|\n|poke|p1|Kingambit, F|\n|poke|p2|Kingambit, M|\n|poke|p2|Ceruledge, F|\n|poke|p2|Iron Valiant|\n|poke|p2|Cinderace, M|\n|poke|p2|Slowking-Galar, F|\n|poke|p2|Ditto|\n|teampreview\n|inactive|Battle timer is ON: inactive players will automatically lose when time's up. (requested by ou suds)\n|\n|t:|1700097414\n|start\n|switch|p1a: Great Tusk|Great Tusk|100\/100\n|switch|p2a: Slowking|Slowking-Galar, F|100\/100\n|turn|1\n|\n|t:|1700097424\n|-terastallize|p2a: Slowking|Water\n|move|p1a: Great Tusk|Earthquake|p2a: Slowking\n|-damage|p2a: Slowking|69\/100\n|move|p2a: Slowking|Iron Defense|p2a: Slowking\n|-boost|p2a: Slowking|def|2\n|\n|-heal|p2a: Slowking|75\/100|[from] item: Leftovers\n|upkeep\n|turn|2\n|\n|t:|1700097430\n|move|p1a: Great Tusk|Knock Off|p2a: Slowking\n|-damage|p2a: Slowking|65\/100\n|-enditem|p2a: Slowking|Leftovers|[from] move: Knock Off|[of] p1a: Great Tusk\n|move|p2a: Slowking|Calm Mind|p2a: Slowking\n|-boost|p2a: Slowking|spa|1\n|-boost|p2a: Slowking|spd|1\n|\n|upkeep\n|turn|3\n|\n|t:|1700097447\n|-end|p1a: Great Tusk|Protosynthesis|[silent]\n|switch|p1a: Rillaboom|Rillaboom, M|100\/100\n|-fieldstart|move: Grassy Terrain|[from] ability: Grassy Surge|[of] p1a: Rillaboom\n|move|p2a: Slowking|Iron Defense|p2a: Slowking\n|-boost|p2a: Slowking|def|2\n|\n|-heal|p2a: Slowking|71\/100|[from] Grassy Terrain\n|upkeep\n|turn|4\n|\n|t:|1700097450\n|-terastallize|p1a: Rillaboom|Grass\n|move|p1a: Rillaboom|Grassy Glide|p2a: Slowking\n|-supereffective|p2a: Slowking\n|-damage|p2a: Slowking|30\/100\n|move|p2a: Slowking|Slack Off|p2a: Slowking\n|-heal|p2a: Slowking|80\/100\n|\n|-heal|p2a: Slowking|86\/100|[from] Grassy Terrain\n|upkeep\n|turn|5\n|\n|t:|1700097458\n|move|p1a: Rillaboom|Grassy Glide|p2a: Slowking\n|-supereffective|p2a: Slowking\n|-damage|p2a: Slowking|46\/100\n|move|p2a: Slowking|Calm Mind|p2a: Slowking\n|-boost|p2a: Slowking|spa|1\n|-boost|p2a: Slowking|spd|1\n|\n|-heal|p2a: Slowking|52\/100|[from] Grassy Terrain\n|upkeep\n|turn|6\n|\n|t:|1700097465\n|move|p1a: Rillaboom|Grassy Glide|p2a: Slowking\n|-supereffective|p2a: Slowking\n|-damage|p2a: Slowking|9\/100\n|move|p2a: Slowking|Slack Off|p2a: Slowking\n|-heal|p2a: Slowking|59\/100\n|\n|-heal|p2a: Slowking|65\/100|[from] Grassy Terrain\n|upkeep\n|turn|7\n|\n|t:|1700097469\n|move|p1a: Rillaboom|Grassy Glide|p2a: Slowking\n|-supereffective|p2a: Slowking\n|-damage|p2a: Slowking|25\/100\n|move|p2a: Slowking|Slack Off|p2a: Slowking\n|-heal|p2a: Slowking|75\/100\n|\n|-heal|p2a: Slowking|81\/100|[from] Grassy Terrain\n|-fieldend|move: Grassy Terrain\n|upkeep\n|turn|8\n|\n|t:|1700097477\n|move|p1a: Rillaboom|Grassy Glide|p2a: Slowking\n|-supereffective|p2a: Slowking\n|-damage|p2a: Slowking|46\/100\n|move|p2a: Slowking|Iron Defense|p2a: Slowking\n|-boost|p2a: Slowking|def|2\n|\n|upkeep\n|turn|9\n|\n|t:|1700097481\n|move|p1a: Rillaboom|Grassy Glide|p2a: Slowking\n|-supereffective|p2a: Slowking\n|-damage|p2a: Slowking|17\/100\n|move|p2a: Slowking|Slack Off|p2a: Slowking\n|-heal|p2a: Slowking|67\/100\n|\n|upkeep\n|turn|10\n|\n|t:|1700097488\n|switch|p1a: Iron Moth|Iron Moth|100\/100\n|-enditem|p1a: Iron Moth|Booster Energy\n|-activate|p1a: Iron Moth|ability: Quark Drive|[fromitem]\n|-start|p1a: Iron Moth|quarkdrivespe\n|move|p2a: Slowking|Slack Off|p2a: Slowking\n|-heal|p2a: Slowking|100\/100\n|\n|upkeep\n|turn|11\n|\n|t:|1700097490\n|move|p1a: Iron Moth|Energy Ball|p2a: Slowking\n|-supereffective|p2a: Slowking\n|-crit|p2a: Slowking\n|-damage|p2a: Slowking|39\/100\n|-unboost|p2a: Slowking|spd|1\n|move|p2a: Slowking|Stored Power|p1a: Iron Moth\n|-supereffective|p1a: Iron Moth\n|-damage|p1a: Iron Moth|0 fnt\n|faint|p1a: Iron Moth\n|-end|p1a: Iron Moth|Quark Drive|[silent]\n|\n|upkeep\n|\n|t:|1700097505\n|switch|p1a: Sneasler|Sneasler, M|100\/100\n|turn|12\n|\n|t:|1700097510\n|move|p1a: Sneasler|Dire Claw|p2a: Slowking\n|-damage|p2a: Slowking|30\/100\n|move|p2a: Slowking|Slack Off|p2a: Slowking\n|-heal|p2a: Slowking|80\/100\n|\n|upkeep\n|turn|13\n|\n|t:|1700097529\n|move|p1a: Sneasler|Dire Claw|p2a: Slowking\n|-damage|p2a: Slowking|71\/100\n|-status|p2a: Slowking|par\n|move|p2a: Slowking|Stored Power|p1a: Sneasler\n|-supereffective|p1a: Sneasler\n|-damage|p1a: Sneasler|0 fnt\n|faint|p1a: Sneasler\n|\n|upkeep\n|\n|t:|1700097536\n|switch|p1a: Rillaboom|Rillaboom, M, tera:Grass|100\/100\n|-fieldstart|move: Grassy Terrain|[from] ability: Grassy Surge|[of] p1a: Rillaboom\n|turn|14\n|\n|t:|1700097542\n|move|p1a: Rillaboom|Grassy Glide|p2a: Slowking\n|-supereffective|p2a: Slowking\n|-damage|p2a: Slowking|35\/100 par\n|cant|p2a: Slowking|par\n|\n|-heal|p2a: Slowking|41\/100 par|[from] Grassy Terrain\n|upkeep\n|turn|15\n|\n|t:|1700097547\n|move|p1a: Rillaboom|Grassy Glide|p2a: Slowking\n|-supereffective|p2a: Slowking\n|-damage|p2a: Slowking|9\/100 par\n|move|p2a: Slowking|Slack Off|p2a: Slowking\n|-heal|p2a: Slowking|59\/100 par\n|\n|-heal|p2a: Slowking|65\/100 par|[from] Grassy Terrain\n|upkeep\n|turn|16\n|\n|t:|1700097550\n|move|p1a: Rillaboom|Grassy Glide|p2a: Slowking\n|-supereffective|p2a: Slowking\n|-damage|p2a: Slowking|34\/100 par\n|move|p2a: Slowking|Slack Off|p2a: Slowking\n|-heal|p2a: Slowking|84\/100 par\n|\n|-heal|p2a: Slowking|90\/100 par|[from] Grassy Terrain\n|upkeep\n|turn|17\n|\n|t:|1700097553\n|move|p1a: Rillaboom|Grassy Glide|p2a: Slowking\n|-supereffective|p2a: Slowking\n|-damage|p2a: Slowking|59\/100 par\n|move|p2a: Slowking|Stored Power|p1a: Rillaboom\n|-damage|p1a: Rillaboom|0 fnt\n|faint|p1a: Rillaboom\n|\n|-heal|p2a: Slowking|65\/100 par|[from] Grassy Terrain\n|upkeep\n|\n|t:|1700097558\n|switch|p1a: Iron Valiant|Iron Valiant|100\/100\n|-enditem|p1a: Iron Valiant|Booster Energy\n|-activate|p1a: Iron Valiant|ability: Quark Drive|[fromitem]\n|-start|p1a: Iron Valiant|quarkdrivespe\n|turn|18\n|\n|t:|1700097566\n|move|p1a: Iron Valiant|Thunderbolt|p2a: Slowking\n|-supereffective|p2a: Slowking\n|-damage|p2a: Slowking|37\/100 par\n|move|p2a: Slowking|Stored Power|p1a: Iron Valiant\n|-supereffective|p1a: Iron Valiant\n|-damage|p1a: Iron Valiant|0 fnt\n|faint|p1a: Iron Valiant\n|-end|p1a: Iron Valiant|Quark Drive|[silent]\n|\n|-heal|p2a: Slowking|43\/100 par|[from] Grassy Terrain\n|-fieldend|move: Grassy Terrain\n|upkeep\n|\n|t:|1700097571\n|switch|p1a: Kingambit|Kingambit, F|100\/100\n|-activate|p1a: Kingambit|ability: Supreme Overlord\n|-start|p1a: Kingambit|fallen4|[silent]\n|turn|19\n|\n|t:|1700097590\n|move|p1a: Kingambit|Swords Dance|p1a: Kingambit\n|-boost|p1a: Kingambit|atk|2\n|cant|p2a: Slowking|par\n|\n|upkeep\n|turn|20\n|\n|t:|1700097597\n|switch|p2a: Ditto|Ditto|100\/100\n|-transform|p2a: Ditto|p1a: Kingambit|[from] ability: Imposter\n|move|p1a: Kingambit|Kowtow Cleave|p2a: Ditto\n|-resisted|p2a: Ditto\n|-crit|p2a: Ditto\n|-damage|p2a: Ditto|1\/100\n|\n|upkeep\n|turn|21\n|\n|t:|1700097606\n|move|p2a: Ditto|Sucker Punch|p1a: Kingambit\n|-resisted|p1a: Kingambit\n|-damage|p1a: Kingambit|65\/100\n|move|p1a: Kingambit|Sucker Punch||[still]\n|-fail|p1a: Kingambit\n|\n|-heal|p1a: Kingambit|72\/100|[from] item: Leftovers\n|upkeep\n|turn|22\n|\n|t:|1700097613\n|move|p2a: Ditto|Sucker Punch||[still]\n|-fail|p2a: Ditto\n|move|p1a: Kingambit|Swords Dance|p1a: Kingambit\n|-boost|p1a: Kingambit|atk|2\n|-enditem|p2a: Ditto|Mirror Herb\n|-boost|p2a: Ditto|atk|2|[from] item: Mirror Herb\n|\n|-heal|p1a: Kingambit|78\/100|[from] item: Leftovers\n|upkeep\n|turn|23\n|\n|t:|1700097618\n|move|p2a: Ditto|Sucker Punch||[still]\n|-fail|p2a: Ditto\n|move|p1a: Kingambit|Swords Dance|p1a: Kingambit\n|-boost|p1a: Kingambit|atk|2\n|\n|-heal|p1a: Kingambit|84\/100|[from] item: Leftovers\n|upkeep\n|turn|24\n|\n|t:|1700097622\n|move|p2a: Ditto|Kowtow Cleave|p1a: Kingambit\n|-resisted|p1a: Kingambit\n|-damage|p1a: Kingambit|23\/100\n|move|p1a: Kingambit|Swords Dance|p1a: Kingambit\n|-boost|p1a: Kingambit|atk|0\n|\n|-heal|p1a: Kingambit|29\/100|[from] item: Leftovers\n|upkeep\n|turn|25\n|\n|t:|1700097627\n|move|p2a: Ditto|Sucker Punch|p1a: Kingambit\n|-resisted|p1a: Kingambit\n|-crit|p1a: Kingambit\n|-damage|p1a: Kingambit|0 fnt\n|faint|p1a: Kingambit\n|-end|p1a: Kingambit|fallen4|[silent]\n|\n|upkeep\n|\n|t:|1700097630\n|switch|p1a: Great Tusk|Great Tusk|100\/100\n|turn|26\n|\n|t:|1700097633\n|move|p1a: Great Tusk|Earthquake|p2a: Ditto\n|-supereffective|p2a: Ditto\n|-damage|p2a: Ditto|0 fnt\n|faint|p2a: Ditto\n|-end|p2a: Ditto|fallenundefined|[silent]\n|\n|upkeep\n|\n|t:|1700097639\n|switch|p2a: Iron Valiant|Iron Valiant|100\/100\n|-enditem|p2a: Iron Valiant|Booster Energy\n|-activate|p2a: Iron Valiant|ability: Quark Drive|[fromitem]\n|-start|p2a: Iron Valiant|quarkdrivespe\n|turn|27\n|\n|t:|1700097643\n|move|p2a: Iron Valiant|Moonblast|p1a: Great Tusk\n|-supereffective|p1a: Great Tusk\n|-damage|p1a: Great Tusk|0 fnt\n|faint|p1a: Great Tusk\n|-end|p1a: Great Tusk|Protosynthesis|[silent]\n|\n|win|ou suds\n|raw|fkh61's rating: 1045 &rarr; <strong>1033<\/strong><br \/>(-12 for losing)\n|raw|ou suds's rating: 1137 &rarr; <strong>1156<\/strong><br \/>(+19 for winning)\n|l|\u2606fkh61\n","uploadtime":1700097688,"views":41,"p1id":"fkh61","p2id":"ousuds","formatid":"gen9ou","rating":1033,"private":0,"password":""}