{"id":"gen9ou-1988719061","p1":"LizardoDracoX","p2":"ChandosH","format":"[Gen 9] OU","log":"|j|\u2606LizardoDracoX\n|j|\u2606ChandosH\n|t:|1699754516\n|gametype|singles\n|player|p1|LizardoDracoX|red|1616\n|player|p2|ChandosH|n-masters|1701\n|teamsize|p1|6\n|teamsize|p2|6\n|gen|9\n|tier|[Gen 9] OU\n|rated|\n|rule|Sleep Clause Mod: Limit one foe put to sleep\n|rule|Species Clause: Limit one of each Pok\u00e9mon\n|rule|OHKO Clause: OHKO moves are banned\n|rule|Evasion Items Clause: Evasion items are banned\n|rule|Evasion Moves Clause: Evasion moves are banned\n|rule|Endless Battle Clause: Forcing endless battles is banned\n|rule|HP Percentage Mod: HP is shown in percentages\n|clearpoke\n|poke|p1|Scovillain, M|\n|poke|p1|Walking Wake|\n|poke|p1|Great Tusk|\n|poke|p1|Torkoal, M|\n|poke|p1|Fezandipiti, M|\n|poke|p1|Hoopa-Unbound|\n|poke|p2|Alomomola, F|\n|poke|p2|Great Tusk|\n|poke|p2|Weavile, F|\n|poke|p2|Slowking-Galar, M|\n|poke|p2|Cinderace, M|\n|poke|p2|Thundurus-Therian, M|\n|teampreview\n|\n|t:|1699754559\n|start\n|switch|p1a: Fezandipiti|Fezandipiti, M|100\/100\n|switch|p2a: Thundurus|Thundurus-Therian, M|100\/100\n|turn|1\n|\n|t:|1699754567\n|move|p2a: Thundurus|Volt Switch|p1a: Fezandipiti\n|-damage|p1a: Fezandipiti|56\/100\n|\n|t:|1699754571\n|switch|p2a: Slowking|Slowking-Galar, M|100\/100|[from] Volt Switch\n|move|p1a: Fezandipiti|Moonblast|p2a: Slowking\n|-resisted|p2a: Slowking\n|-damage|p2a: Slowking|94\/100\n|-unboost|p2a: Slowking|spa|1\n|\n|upkeep\n|turn|2\n|\n|t:|1699754576\n|switch|p1a: Hoopa|Hoopa-Unbound|100\/100\n|move|p2a: Slowking|Chilly Reception|p2a: Slowking\n|-weather|Snow\n|\n|t:|1699754583\n|switch|p2a: Cinderace|Cinderace, M|100\/100|[from] Chilly Reception\n|\n|-weather|Snow|[upkeep]\n|upkeep\n|turn|3\n|\n|t:|1699754588\n|switch|p1a: Torkoal|Torkoal, M, shiny|100\/100\n|-weather|SunnyDay|[from] ability: Drought|[of] p1a: Torkoal\n|move|p2a: Cinderace|U-turn|p1a: Torkoal\n|-resisted|p1a: Torkoal\n|-damage|p1a: Torkoal|93\/100\n|\n|t:|1699754613\n|switch|p2a: Thundurus|Thundurus-Therian, M|100\/100|[from] U-turn\n|\n|-weather|SunnyDay|[upkeep]\n|upkeep\n|turn|4\n|\n|t:|1699754624\n|move|p2a: Thundurus|Tera Blast|p1a: Torkoal\n|-damage|p1a: Torkoal|55\/100\n|move|p1a: Torkoal|Stealth Rock|p2a: Thundurus\n|-sidestart|p2: ChandosH|move: Stealth Rock\n|\n|-weather|SunnyDay|[upkeep]\n|upkeep\n|turn|5\n|\n|t:|1699754637\n|switch|p2a: Cinderace|Cinderace, M|100\/100\n|switch|p1a: Fezandipiti|Fezandipiti, M|56\/100\n|\n|-weather|SunnyDay|[upkeep]\n|upkeep\n|turn|6\n|\n|t:|1699754645\n|switch|p1a: Torkoal|Torkoal, M, shiny|55\/100\n|move|p2a: Cinderace|Court Change|p2a: Cinderace\n|-swapsideconditions\n|-activate|p2a: Cinderace|move: Court Change\n|\n|-weather|SunnyDay|[upkeep]\n|upkeep\n|turn|7\n|\n|t:|1699754649\n|move|p2a: Cinderace|U-turn|p1a: Torkoal\n|-resisted|p1a: Torkoal\n|-damage|p1a: Torkoal|48\/100\n|\n|t:|1699754652\n|switch|p2a: Great Tusk|Great Tusk|100\/100|[from] U-turn\n|-activate|p2a: Great Tusk|ability: Protosynthesis\n|-start|p2a: Great Tusk|protosynthesisdef\n|move|p1a: Torkoal|Stealth Rock|p2a: Great Tusk\n|-sidestart|p2: ChandosH|move: Stealth Rock\n|\n|-weather|SunnyDay|[upkeep]\n|upkeep\n|turn|8\n|\n|t:|1699754658\n|move|p2a: Great Tusk|Rapid Spin|p1a: Torkoal\n|-damage|p1a: Torkoal|37\/100\n|-boost|p2a: Great Tusk|spe|1\n|-sideend|p2: ChandosH|Stealth Rock|[from] move: Rapid Spin|[of] p2a: Great Tusk\n|move|p1a: Torkoal|Lava Plume|p2a: Great Tusk\n|-damage|p2a: Great Tusk|41\/100\n|-status|p2a: Great Tusk|brn\n|\n|-weather|SunnyDay|[upkeep]\n|-damage|p2a: Great Tusk|34\/100 brn|[from] brn\n|upkeep\n|turn|9\n|\n|t:|1699754667\n|switch|p1a: Great Tusk|Great Tusk|100\/100\n|-activate|p1a: Great Tusk|ability: Protosynthesis\n|-start|p1a: Great Tusk|protosynthesisatk\n|move|p2a: Great Tusk|Earthquake|p1a: Great Tusk\n|-damage|p1a: Great Tusk|84\/100\n|\n|-weather|SunnyDay|[upkeep]\n|-damage|p2a: Great Tusk|28\/100 brn|[from] brn\n|upkeep\n|turn|10\n|\n|t:|1699754674\n|-end|p2a: Great Tusk|Protosynthesis|[silent]\n|switch|p2a: Alomomola|Alomomola, F|100\/100\n|move|p1a: Great Tusk|Rapid Spin|p2a: Alomomola\n|-damage|p2a: Alomomola|88\/100\n|-boost|p1a: Great Tusk|spe|1\n|-sideend|p1: LizardoDracoX|Stealth Rock|[from] move: Rapid Spin|[of] p1a: Great Tusk\n|\n|-weather|none\n|-end|p1a: Great Tusk|Protosynthesis\n|upkeep\n|turn|11\n|\n|t:|1699754687\n|-end|p1a: Great Tusk|Protosynthesis|[silent]\n|switch|p1a: Torkoal|Torkoal, M, shiny|37\/100\n|-weather|SunnyDay|[from] ability: Drought|[of] p1a: Torkoal\n|move|p2a: Alomomola|Flip Turn|p1a: Torkoal\n|-supereffective|p1a: Torkoal\n|-damage|p1a: Torkoal|26\/100\n|\n|t:|1699754712\n|switch|p2a: Weavile|Weavile, F|100\/100|[from] Flip Turn\n|-ability|p2a: Weavile|Pressure\n|\n|-weather|SunnyDay|[upkeep]\n|upkeep\n|turn|12\n|\n|t:|1699754724\n|switch|p1a: Walking Wake|Walking Wake|100\/100\n|-activate|p1a: Walking Wake|ability: Protosynthesis\n|-start|p1a: Walking Wake|protosynthesisspe\n|move|p2a: Weavile|Knock Off|p1a: Walking Wake\n|-damage|p1a: Walking Wake|22\/100\n|-enditem|p1a: Walking Wake|Choice Specs|[from] move: Knock Off|[of] p2a: Weavile\n|\n|-weather|SunnyDay|[upkeep]\n|upkeep\n|turn|13\n|\n|t:|1699754734\n|switch|p2a: Slowking|Slowking-Galar, M|100\/100\n|move|p1a: Walking Wake|Hydro Steam|p2a: Slowking\n|-damage|p2a: Slowking|66\/100\n|\n|-weather|SunnyDay|[upkeep]\n|upkeep\n|turn|14\n|\n|t:|1699754743\n|move|p1a: Walking Wake|Hydro Steam|p2a: Slowking\n|-damage|p2a: Slowking|33\/100\n|move|p2a: Slowking|Chilly Reception|p2a: Slowking\n|-weather|Snow\n|-end|p1a: Walking Wake|Protosynthesis\n|\n|t:|1699754765\n|switch|p2a: Weavile|Weavile, F|100\/100|[from] Chilly Reception\n|-ability|p2a: Weavile|Pressure\n|\n|-weather|Snow|[upkeep]\n|upkeep\n|turn|15\n|\n|t:|1699754778\n|-end|p1a: Walking Wake|Protosynthesis|[silent]\n|switch|p1a: Torkoal|Torkoal, M, shiny|26\/100\n|-weather|SunnyDay|[from] ability: Drought|[of] p1a: Torkoal\n|move|p2a: Weavile|Knock Off|p1a: Torkoal\n|-damage|p1a: Torkoal|0 fnt\n|-enditem|p1a: Torkoal|Heat Rock|[from] move: Knock Off|[of] p2a: Weavile\n|faint|p1a: Torkoal\n|\n|-weather|SunnyDay|[upkeep]\n|upkeep\n|\n|t:|1699754782\n|switch|p1a: Scovillain|Scovillain, M|100\/100\n|turn|16\n|\n|t:|1699754792\n|switch|p2a: Great Tusk|Great Tusk|28\/100 brn\n|-activate|p2a: Great Tusk|ability: Protosynthesis\n|-start|p2a: Great Tusk|protosynthesisdef\n|move|p1a: Scovillain|Growth|p1a: Scovillain\n|-boost|p1a: Scovillain|atk|2\n|-boost|p1a: Scovillain|spa|2\n|\n|-weather|SunnyDay|[upkeep]\n|-damage|p2a: Great Tusk|22\/100 brn|[from] brn\n|upkeep\n|turn|17\n|\n|t:|1699754800\n|move|p1a: Scovillain|Giga Drain|p2a: Great Tusk\n|-supereffective|p2a: Great Tusk\n|-damage|p2a: Great Tusk|0 fnt\n|faint|p2a: Great Tusk\n|-end|p2a: Great Tusk|Protosynthesis|[silent]\n|-damage|p1a: Scovillain|91\/100|[from] item: Life Orb\n|\n|-weather|SunnyDay|[upkeep]\n|upkeep\n|\n|t:|1699754812\n|switch|p2a: Cinderace|Cinderace, M|100\/100\n|turn|18\n|\n|t:|1699754818\n|move|p1a: Scovillain|Flamethrower|p2a: Cinderace\n|-resisted|p2a: Cinderace\n|-damage|p2a: Cinderace|10\/100\n|-damage|p1a: Scovillain|81\/100|[from] item: Life Orb\n|move|p2a: Cinderace|Pyro Ball|p1a: Scovillain\n|-damage|p1a: Scovillain|0 fnt\n|faint|p1a: Scovillain\n|\n|-weather|SunnyDay|[upkeep]\n|upkeep\n|\n|t:|1699754827\n|switch|p1a: Walking Wake|Walking Wake|22\/100\n|-activate|p1a: Walking Wake|ability: Protosynthesis\n|-start|p1a: Walking Wake|protosynthesisspe\n|turn|19\n|\n|t:|1699754842\n|switch|p2a: Alomomola|Alomomola, F|100\/100\n|move|p1a: Walking Wake|Hydro Steam|p2a: Alomomola\n|-resisted|p2a: Alomomola\n|-damage|p2a: Alomomola|62\/100\n|\n|-weather|SunnyDay|[upkeep]\n|upkeep\n|turn|20\n|\n|t:|1699754863\n|switch|p2a: Cinderace|Cinderace, M|10\/100\n|move|p1a: Walking Wake|Draco Meteor|p2a: Cinderace\n|-damage|p2a: Cinderace|0 fnt\n|-unboost|p1a: Walking Wake|spa|2\n|faint|p2a: Cinderace\n|\n|-weather|SunnyDay|[upkeep]\n|upkeep\n|\n|t:|1699754869\n|switch|p2a: Slowking|Slowking-Galar, M|66\/100\n|turn|21\n|\n|t:|1699754874\n|move|p1a: Walking Wake|Flip Turn|p2a: Slowking\n|-damage|p2a: Slowking|58\/100\n|\n|t:|1699754880\n|-end|p1a: Walking Wake|Protosynthesis|[silent]\n|switch|p1a: Fezandipiti|Fezandipiti, M|56\/100|[from] Flip Turn\n|move|p2a: Slowking|Chilly Reception|p2a: Slowking\n|-weather|Snow\n|\n|t:|1699754887\n|switch|p2a: Weavile|Weavile, F|100\/100|[from] Chilly Reception\n|-ability|p2a: Weavile|Pressure\n|\n|-weather|Snow|[upkeep]\n|upkeep\n|turn|22\n|inactive|Battle timer is ON: inactive players will automatically lose when time's up. (requested by LizardoDracoX)\n|inactive|ChandosH has 120 seconds left.\n|\n|t:|1699754960\n|switch|p2a: Slowking|Slowking-Galar, M|91\/100\n|-terastallize|p1a: Fezandipiti|Water\n|move|p1a: Fezandipiti|Moonblast|p2a: Slowking\n|-resisted|p2a: Slowking\n|-damage|p2a: Slowking|84\/100\n|\n|-weather|Snow|[upkeep]\n|upkeep\n|turn|23\n|\n|t:|1699754967\n|move|p1a: Fezandipiti|Calm Mind|p1a: Fezandipiti\n|-boost|p1a: Fezandipiti|spa|1\n|-boost|p1a: Fezandipiti|spd|1\n|move|p2a: Slowking|Chilly Reception|p2a: Slowking\n|\n|t:|1699754991\n|switch|p2a: Thundurus|Thundurus-Therian, M|100\/100|[from] Chilly Reception\n|\n|-weather|Snow|[upkeep]\n|upkeep\n|turn|24\n|\n|t:|1699755001\n|switch|p1a: Great Tusk|Great Tusk|84\/100\n|move|p2a: Thundurus|Thunderbolt|p1a: Great Tusk\n|-immune|p1a: Great Tusk\n|\n|-weather|Snow|[upkeep]\n|upkeep\n|turn|25\n|\n|t:|1699755007\n|switch|p2a: Alomomola|Alomomola, F|96\/100\n|move|p1a: Great Tusk|Headlong Rush|p2a: Alomomola\n|-damage|p2a: Alomomola|59\/100\n|-unboost|p1a: Great Tusk|def|1\n|-unboost|p1a: Great Tusk|spd|1\n|\n|-weather|none\n|upkeep\n|turn|26\n|\n|t:|1699755016\n|-end|p1a: Great Tusk|Protosynthesis|[silent]\n|switch|p1a: Walking Wake|Walking Wake|22\/100\n|move|p2a: Alomomola|Flip Turn|p1a: Walking Wake\n|-resisted|p1a: Walking Wake\n|-damage|p1a: Walking Wake|18\/100\n|\n|t:|1699755026\n|switch|p2a: Weavile|Weavile, F|100\/100|[from] Flip Turn\n|-ability|p2a: Weavile|Pressure\n|\n|upkeep\n|turn|27\n|\n|t:|1699755032\n|move|p2a: Weavile|Knock Off|p1a: Walking Wake\n|-damage|p1a: Walking Wake|0 fnt\n|faint|p1a: Walking Wake\n|-end|p1a: Walking Wake|Protosynthesis|[silent]\n|\n|upkeep\n|\n|t:|1699755053\n|switch|p1a: Hoopa|Hoopa-Unbound|100\/100\n|turn|28\n|inactive|ChandosH has 120 seconds left.\n|\n|t:|1699755107\n|move|p2a: Weavile|Knock Off|p1a: Hoopa\n|-damage|p1a: Hoopa|0 fnt\n|-enditem|p1a: Hoopa|Choice Band|[from] move: Knock Off|[of] p2a: Weavile\n|faint|p1a: Hoopa\n|\n|upkeep\n|\n|t:|1699755113\n|switch|p1a: Great Tusk|Great Tusk|84\/100\n|turn|29\n|\n|t:|1699755118\n|switch|p2a: Alomomola|Alomomola, F|93\/100\n|move|p1a: Great Tusk|Rapid Spin|p2a: Alomomola\n|-damage|p2a: Alomomola|83\/100\n|-boost|p1a: Great Tusk|spe|1\n|\n|upkeep\n|turn|30\n|\n|t:|1699755121\n|move|p1a: Great Tusk|Bulk Up|p1a: Great Tusk\n|-boost|p1a: Great Tusk|atk|1\n|-boost|p1a: Great Tusk|def|1\n|move|p2a: Alomomola|Scald|p1a: Great Tusk\n|-supereffective|p1a: Great Tusk\n|-damage|p1a: Great Tusk|45\/100\n|-status|p1a: Great Tusk|brn\n|\n|-damage|p1a: Great Tusk|39\/100 brn|[from] brn\n|upkeep\n|turn|31\n|-message|LizardoDracoX forfeited.\n|\n|win|ChandosH\n|raw|LizardoDracoX's rating: 1616 &rarr; <strong>1601<\/strong><br \/>(-15 for losing)\n|raw|ChandosH's rating: 1701 &rarr; <strong>1716<\/strong><br \/>(+15 for winning)\n|l|\u2606LizardoDracoX\n|l|\u2606ChandosH\n|j|\u2606ChandosH\n|player|p2|ChandosH|n-masters\n","uploadtime":1699755130,"views":8,"p1id":"lizardodracox","p2id":"chandosh","formatid":"gen9ou","rating":1601,"private":0,"password":""}