{"id":"gen9ou-1993323638","p1":"AubreyOmori1","p2":"PokeAManLOL","format":"[Gen 9] OU","log":"|j|\u2606AubreyOmori1\n|j|\u2606PokeAManLOL\n|t:|1700298333\n|gametype|singles\n|player|p1|AubreyOmori1|roxie|1237\n|player|p2|PokeAManLOL|blackbelt-gen4dp|1210\n|teamsize|p1|6\n|teamsize|p2|6\n|gen|9\n|tier|[Gen 9] OU\n|rated|\n|rule|Sleep Clause Mod: Limit one foe put to sleep\n|rule|Species Clause: Limit one of each Pok\u00e9mon\n|rule|OHKO Clause: OHKO moves are banned\n|rule|Evasion Items Clause: Evasion items are banned\n|rule|Evasion Moves Clause: Evasion moves are banned\n|rule|Endless Battle Clause: Forcing endless battles is banned\n|rule|HP Percentage Mod: HP is shown in percentages\n|clearpoke\n|poke|p1|Rillaboom, M|\n|poke|p1|Sneasler, F|\n|poke|p1|Zamazenta-*|\n|poke|p1|Heatran, M|\n|poke|p1|Hatterene, F|\n|poke|p1|Manaphy|\n|poke|p2|Blissey, F|\n|poke|p2|Dondozo, F|\n|poke|p2|Maushold-Four|\n|poke|p2|Salazzle, F|\n|poke|p2|Skeledirge, F|\n|poke|p2|Meowscarada, F|\n|teampreview\n|\n|t:|1700298337\n|start\n|switch|p1a: Donkey Kong|Rillaboom, M, shiny|100\/100\n|switch|p2a: Maushold|Maushold-Four|100\/100\n|-fieldstart|move: Grassy Terrain|[from] ability: Grassy Surge|[of] p1a: Donkey Kong\n|turn|1\n|\n|t:|1700298344\n|move|p2a: Maushold|U-turn|p1a: Donkey Kong\n|-supereffective|p1a: Donkey Kong\n|-damage|p1a: Donkey Kong|67\/100\n|\n|t:|1700298353\n|switch|p2a: Salazzle|Salazzle, F|100\/100|[from] U-turn\n|move|p1a: Donkey Kong|Knock Off|p2a: Salazzle\n|-damage|p2a: Salazzle|24\/100\n|-enditem|p2a: Salazzle|Leftovers|[from] move: Knock Off|[of] p1a: Donkey Kong\n|\n|-heal|p2a: Salazzle|31\/100|[from] Grassy Terrain\n|-heal|p1a: Donkey Kong|73\/100|[from] Grassy Terrain\n|upkeep\n|turn|2\n|\n|t:|1700298360\n|switch|p1a: Owen|Heatran, M, shiny|100\/100\n|-item|p1a: Owen|Air Balloon\n|move|p2a: Salazzle|Flamethrower|p1a: Owen\n|-start|p1a: Owen|ability: Flash Fire\n|\n|-heal|p2a: Salazzle|37\/100|[from] Grassy Terrain\n|upkeep\n|turn|3\n|\n|t:|1700298369\n|move|p2a: Salazzle|Toxic|p1a: Owen\n|-status|p1a: Owen|tox\n|move|p1a: Owen|Earth Power|p2a: Salazzle\n|-supereffective|p2a: Salazzle\n|-damage|p2a: Salazzle|0 fnt\n|faint|p2a: Salazzle\n|\n|-damage|p1a: Owen|94\/100 tox|[from] psn\n|upkeep\n|\n|t:|1700298385\n|switch|p2a: Dondozo|Dondozo, F|100\/100\n|turn|4\n|\n|t:|1700298392\n|move|p1a: Owen|Will-O-Wisp|p2a: Dondozo\n|-status|p2a: Dondozo|brn\n|move|p2a: Dondozo|Curse|p2a: Dondozo\n|-unboost|p2a: Dondozo|spe|1\n|-boost|p2a: Dondozo|atk|1\n|-boost|p2a: Dondozo|def|1\n|\n|-damage|p1a: Owen|82\/100 tox|[from] psn\n|-damage|p2a: Dondozo|94\/100 brn|[from] brn\n|upkeep\n|turn|5\n|\n|t:|1700298397\n|move|p1a: Owen|Taunt|p2a: Dondozo\n|-start|p2a: Dondozo|move: Taunt\n|cant|p2a: Dondozo|move: Taunt|Curse\n|\n|-heal|p2a: Dondozo|100\/100 brn|[from] Grassy Terrain\n|-damage|p1a: Owen|63\/100 tox|[from] psn\n|-damage|p2a: Dondozo|94\/100 brn|[from] brn\n|-fieldend|move: Grassy Terrain\n|upkeep\n|turn|6\n|\n|t:|1700298402\n|-end|p1a: Owen|ability: Flash Fire|[silent]\n|switch|p1a: Donkey Kong|Rillaboom, M, shiny|73\/100\n|-fieldstart|move: Grassy Terrain|[from] ability: Grassy Surge|[of] p1a: Donkey Kong\n|move|p2a: Dondozo|Wave Crash|p1a: Donkey Kong\n|-resisted|p1a: Donkey Kong\n|-damage|p1a: Donkey Kong|57\/100\n|-damage|p2a: Dondozo|90\/100 brn|[from] Recoil\n|\n|-heal|p1a: Donkey Kong|63\/100|[from] Grassy Terrain\n|-heal|p2a: Dondozo|97\/100 brn|[from] Grassy Terrain\n|-heal|p2a: Dondozo|100\/100 brn|[from] item: Leftovers\n|-damage|p2a: Dondozo|94\/100 brn|[from] brn\n|upkeep\n|turn|7\n|\n|t:|1700298408\n|-terastallize|p2a: Dondozo|Fighting\n|move|p1a: Donkey Kong|U-turn|p2a: Dondozo\n|-resisted|p2a: Dondozo\n|-damage|p2a: Dondozo|88\/100 brn\n|\n|t:|1700298412\n|switch|p1a: Ashlyn|Sneasler, F, shiny|100\/100|[from] U-turn\n|-enditem|p1a: Ashlyn|Grassy Seed\n|-boost|p1a: Ashlyn|def|1|[from] item: Grassy Seed\n|move|p2a: Dondozo|Body Press|p1a: Ashlyn\n|-resisted|p1a: Ashlyn\n|-damage|p1a: Ashlyn|77\/100\n|\n|-heal|p1a: Ashlyn|83\/100|[from] Grassy Terrain\n|-heal|p2a: Dondozo|94\/100 brn|[from] Grassy Terrain\n|-heal|p2a: Dondozo|100\/100 brn|[from] item: Leftovers\n|-damage|p2a: Dondozo|94\/100 brn|[from] brn\n|-end|p2a: Dondozo|move: Taunt\n|upkeep\n|turn|8\n|\n|t:|1700298421\n|move|p1a: Ashlyn|Dire Claw|p2a: Dondozo\n|-damage|p2a: Dondozo|82\/100 brn\n|move|p2a: Dondozo|Curse|p2a: Dondozo\n|-unboost|p2a: Dondozo|spe|1\n|-boost|p2a: Dondozo|atk|1\n|-boost|p2a: Dondozo|def|1\n|\n|-heal|p1a: Ashlyn|89\/100|[from] Grassy Terrain\n|-heal|p2a: Dondozo|88\/100 brn|[from] Grassy Terrain\n|-heal|p2a: Dondozo|94\/100 brn|[from] item: Leftovers\n|-damage|p2a: Dondozo|88\/100 brn|[from] brn\n|upkeep\n|turn|9\n|\n|t:|1700298426\n|move|p1a: Ashlyn|Close Combat|p2a: Dondozo\n|-damage|p2a: Dondozo|72\/100 brn\n|-unboost|p1a: Ashlyn|def|1\n|-unboost|p1a: Ashlyn|spd|1\n|move|p2a: Dondozo|Curse|p2a: Dondozo\n|-unboost|p2a: Dondozo|spe|1\n|-boost|p2a: Dondozo|atk|1\n|-boost|p2a: Dondozo|def|1\n|\n|-heal|p1a: Ashlyn|95\/100|[from] Grassy Terrain\n|-heal|p2a: Dondozo|78\/100 brn|[from] Grassy Terrain\n|-heal|p2a: Dondozo|84\/100 brn|[from] item: Leftovers\n|-damage|p2a: Dondozo|78\/100 brn|[from] brn\n|upkeep\n|turn|10\n|\n|t:|1700298432\n|move|p1a: Ashlyn|Swords Dance|p1a: Ashlyn\n|-boost|p1a: Ashlyn|atk|2\n|move|p2a: Dondozo|Curse|p2a: Dondozo\n|-unboost|p2a: Dondozo|spe|1\n|-boost|p2a: Dondozo|atk|1\n|-boost|p2a: Dondozo|def|1\n|\n|-heal|p1a: Ashlyn|100\/100|[from] Grassy Terrain\n|-heal|p2a: Dondozo|84\/100 brn|[from] Grassy Terrain\n|-heal|p2a: Dondozo|90\/100 brn|[from] item: Leftovers\n|-damage|p2a: Dondozo|84\/100 brn|[from] brn\n|-fieldend|move: Grassy Terrain\n|upkeep\n|turn|11\n|\n|t:|1700298438\n|move|p1a: Ashlyn|Close Combat|p2a: Dondozo\n|-damage|p2a: Dondozo|73\/100 brn\n|-unboost|p1a: Ashlyn|def|1\n|-unboost|p1a: Ashlyn|spd|1\n|move|p2a: Dondozo|Curse|p2a: Dondozo\n|-unboost|p2a: Dondozo|spe|1\n|-boost|p2a: Dondozo|atk|1\n|-boost|p2a: Dondozo|def|1\n|\n|-heal|p2a: Dondozo|79\/100 brn|[from] item: Leftovers\n|-damage|p2a: Dondozo|73\/100 brn|[from] brn\n|upkeep\n|turn|12\n|\n|t:|1700298442\n|switch|p1a: Mari|Hatterene, F, shiny|100\/100\n|move|p2a: Dondozo|Curse|p2a: Dondozo\n|-unboost|p2a: Dondozo|spe|1\n|-boost|p2a: Dondozo|atk|1\n|-boost|p2a: Dondozo|def|1\n|\n|-heal|p2a: Dondozo|79\/100 brn|[from] item: Leftovers\n|-damage|p2a: Dondozo|73\/100 brn|[from] brn\n|upkeep\n|turn|13\n|\n|t:|1700298447\n|move|p1a: Mari|Psyshock|p2a: Dondozo\n|-supereffective|p2a: Dondozo\n|-damage|p2a: Dondozo|66\/100 brn\n|move|p2a: Dondozo|Wave Crash|p1a: Mari\n|-damage|p1a: Mari|28\/100\n|-damage|p2a: Dondozo|51\/100 brn|[from] Recoil\n|\n|-heal|p2a: Dondozo|57\/100 brn|[from] item: Leftovers\n|-damage|p2a: Dondozo|51\/100 brn|[from] brn\n|upkeep\n|turn|14\n|\n|t:|1700298455\n|-terastallize|p1a: Mari|Water\n|move|p1a: Mari|Draining Kiss|p2a: Dondozo\n|-supereffective|p2a: Dondozo\n|-damage|p2a: Dondozo|5\/100 brn\n|-heal|p1a: Mari|83\/100|[from] drain|[of] p2a: Dondozo\n|move|p2a: Dondozo|Wave Crash|p1a: Mari\n|-resisted|p1a: Mari\n|-damage|p1a: Mari|51\/100\n|-damage|p2a: Dondozo|0 fnt|[from] Recoil\n|faint|p2a: Dondozo\n|\n|upkeep\n|\n|t:|1700298460\n|switch|p2a: Maushold|Maushold-Four|100\/100\n|turn|15\n|\n|t:|1700298465\n|move|p2a: Maushold|Bullet Seed|p1a: Mari\n|-supereffective|p1a: Mari\n|-damage|p1a: Mari|35\/100\n|-supereffective|p1a: Mari\n|-crit|p1a: Mari\n|-damage|p1a: Mari|13\/100\n|-hitcount|p1a: Mari|2\n|move|p1a: Mari|Draining Kiss|p2a: Maushold\n|-damage|p2a: Maushold|64\/100\n|-heal|p1a: Mari|39\/100|[from] drain|[of] p2a: Maushold\n|\n|upkeep\n|turn|16\n|\n|t:|1700298478\n|move|p2a: Maushold|Population Bomb|p1a: Mari\n|-damage|p1a: Mari|29\/100\n|-damage|p1a: Mari|20\/100\n|-damage|p1a: Mari|11\/100\n|-damage|p1a: Mari|1\/100\n|-damage|p1a: Mari|0 fnt\n|faint|p1a: Mari\n|-hitcount|p1: Mari|5\n|\n|upkeep\n|\n|t:|1700298482\n|switch|p1a: Donkey Kong|Rillaboom, M, shiny|63\/100\n|-fieldstart|move: Grassy Terrain|[from] ability: Grassy Surge|[of] p1a: Donkey Kong\n|turn|17\n|\n|t:|1700298491\n|move|p2a: Maushold|U-turn|p1a: Donkey Kong\n|-supereffective|p1a: Donkey Kong\n|-damage|p1a: Donkey Kong|28\/100\n|\n|t:|1700298496\n|switch|p2a: Meowscarada|Meowscarada, F, shiny|100\/100|[from] U-turn\n|move|p1a: Donkey Kong|U-turn|p2a: Meowscarada\n|-supereffective|p2a: Meowscarada\n|-crit|p2a: Meowscarada\n|-damage|p2a: Meowscarada|0 fnt\n|faint|p2a: Meowscarada\n|c|\u2606AubreyOmori1|lol\n|\n|t:|1700298502\n|switch|p1a: Oatchi|Zamazenta, shiny|100\/100|[from] U-turn\n|-ability|p1a: Oatchi|Dauntless Shield|boost\n|-boost|p1a: Oatchi|def|1\n|\n|upkeep\n|\n|t:|1700298510\n|switch|p2a: Maushold|Maushold-Four|64\/100\n|turn|18\n|c|\u2606PokeAManLOL|insecurity moment\n|\n|t:|1700298520\n|move|p1a: Oatchi|Body Press|p2a: Maushold\n|-supereffective|p2a: Maushold\n|-damage|p2a: Maushold|0 fnt\n|faint|p2a: Maushold\n|\n|upkeep\n|\n|t:|1700298523\n|switch|p2a: Skeledirge|Skeledirge, F|100\/100\n|turn|19\n|\n|t:|1700298526\n|move|p1a: Oatchi|Crunch|p2a: Skeledirge\n|-supereffective|p2a: Skeledirge\n|-damage|p2a: Skeledirge|74\/100\n|move|p2a: Skeledirge|Torch Song|p1a: Oatchi\n|-damage|p1a: Oatchi|73\/100\n|-boost|p2a: Skeledirge|spa|1\n|\n|-heal|p1a: Oatchi|80\/100|[from] Grassy Terrain\n|-heal|p1a: Oatchi|86\/100|[from] item: Leftovers\n|-heal|p2a: Skeledirge|80\/100|[from] Grassy Terrain\n|upkeep\n|turn|20\n|\n|t:|1700298532\n|switch|p1a: Owen|Heatran, M, shiny|63\/100 tox\n|-item|p1a: Owen|Air Balloon\n|move|p2a: Skeledirge|Torch Song|p1a: Owen\n|-start|p1a: Owen|ability: Flash Fire\n|\n|-heal|p2a: Skeledirge|86\/100|[from] Grassy Terrain\n|-damage|p1a: Owen|57\/100 tox|[from] psn\n|upkeep\n|turn|21\n|\n|t:|1700298537\n|move|p1a: Owen|Earth Power|p2a: Skeledirge\n|-supereffective|p2a: Skeledirge\n|-damage|p2a: Skeledirge|31\/100\n|move|p2a: Skeledirge|Shadow Ball|p1a: Owen\n|-crit|p1a: Owen\n|-damage|p1a: Owen|16\/100 tox\n|-enditem|p1a: Owen|Air Balloon\n|\n|-heal|p1a: Owen|22\/100 tox|[from] Grassy Terrain\n|-heal|p2a: Skeledirge|37\/100|[from] Grassy Terrain\n|-damage|p1a: Owen|9\/100 tox|[from] psn\n|-fieldend|move: Grassy Terrain\n|upkeep\n|turn|22\n|\n|t:|1700298541\n|switch|p2a: Blissey|Blissey, F, shiny|100\/100\n|move|p1a: Owen|Earth Power|p2a: Blissey\n|-damage|p2a: Blissey|93\/100\n|\n|-heal|p2a: Blissey|99\/100|[from] item: Leftovers\n|-damage|p1a: Owen|0 fnt|[from] psn\n|faint|p1a: Owen\n|upkeep\n|\n|t:|1700298543\n|switch|p1a: Ashlyn|Sneasler, F, shiny|100\/100\n|turn|23\n|\n|t:|1700298547\n|move|p1a: Ashlyn|Close Combat|p2a: Blissey\n|-supereffective|p2a: Blissey\n|-damage|p2a: Blissey|0 fnt\n|-unboost|p1a: Ashlyn|def|1\n|-unboost|p1a: Ashlyn|spd|1\n|faint|p2a: Blissey\n|\n|upkeep\n|-message|PokeAManLOL forfeited.\n|\n|win|AubreyOmori1\n|raw|AubreyOmori1's rating: 1237 &rarr; <strong>1260<\/strong><br \/>(+23 for winning)\n|raw|PokeAManLOL's rating: 1210 &rarr; <strong>1187<\/strong><br \/>(-23 for losing)\n|l|\u2606PokeAManLOL\n|c|\u2606AubreyOmori1|gg\n","uploadtime":1700298558,"views":10,"p1id":"aubreyomori1","p2id":"pokeamanlol","formatid":"gen9ou","rating":1187,"private":0,"password":""}