{"id":"gen9ou-1995110038","p1":"Bud410","p2":"sorryforbeingfat","format":"[Gen 9] OU","log":"|j|\u2606Bud410\n|j|\u2606sorryforbeingfat\n|t:|1700523645\n|gametype|singles\n|player|p1|Bud410|101|1144\n|player|p2|sorryforbeingfat|raifort|1040\n|teamsize|p1|6\n|teamsize|p2|6\n|gen|9\n|tier|[Gen 9] OU\n|rated|\n|rule|Sleep Clause Mod: Limit one foe put to sleep\n|rule|Species Clause: Limit one of each Pok\u00e9mon\n|rule|OHKO Clause: OHKO moves are banned\n|rule|Evasion Items Clause: Evasion items are banned\n|rule|Evasion Moves Clause: Evasion moves are banned\n|rule|Endless Battle Clause: Forcing endless battles is banned\n|rule|HP Percentage Mod: HP is shown in percentages\n|clearpoke\n|poke|p1|Great Tusk|\n|poke|p1|Greninja-*, M|\n|poke|p1|Landorus-Therian, M|\n|poke|p1|Iron Jugulis|\n|poke|p1|Dragapult, F|\n|poke|p1|Corviknight, M|\n|poke|p2|Garchomp, F|\n|poke|p2|Great Tusk|\n|poke|p2|Ribombee, M|\n|poke|p2|Pelipper, M|\n|poke|p2|Gholdengo|\n|poke|p2|Dragapult, M|\n|teampreview\n|\n|t:|1700523675\n|start\n|switch|p1a: Iron Jugulis|Iron Jugulis|100\/100\n|switch|p2a: Dragapult|Dragapult, M|100\/100\n|turn|1\n|\n|t:|1700523683\n|move|p2a: Dragapult|U-turn|p1a: Iron Jugulis\n|-damage|p1a: Iron Jugulis|79\/100\n|\n|t:|1700523688\n|switch|p2a: Pelipper|Pelipper, M|100\/100|[from] U-turn\n|-weather|RainDance|[from] ability: Drizzle|[of] p2a: Pelipper\n|move|p1a: Iron Jugulis|Dark Pulse|p2a: Pelipper\n|-damage|p2a: Pelipper|45\/100\n|\n|-weather|RainDance|[upkeep]\n|upkeep\n|turn|2\n|\n|t:|1700523700\n|switch|p2a: Great Tusk|Great Tusk|100\/100\n|move|p1a: Iron Jugulis|Hurricane|p2a: Great Tusk\n|-supereffective|p2a: Great Tusk\n|-damage|p2a: Great Tusk|0 fnt\n|faint|p2a: Great Tusk\n|-end|p2a: Great Tusk|Protosynthesis|[silent]\n|\n|-weather|RainDance|[upkeep]\n|upkeep\n|\n|t:|1700523709\n|switch|p2a: Ribombee|Ribombee, M|100\/100\n|turn|3\n|c|\u2606sorryforbeingfat|Good thing ur not scarf\n|\n|t:|1700523739\n|-end|p1a: Iron Jugulis|Quark Drive|[silent]\n|switch|p1a: Corviknight|Corviknight, M|100\/100\n|-ability|p1a: Corviknight|Pressure\n|move|p2a: Ribombee|Moonblast|p1a: Corviknight\n|-resisted|p1a: Corviknight\n|-damage|p1a: Corviknight|82\/100\n|-unboost|p1a: Corviknight|spa|1\n|\n|-weather|RainDance|[upkeep]\n|-heal|p1a: Corviknight|88\/100|[from] item: Leftovers\n|upkeep\n|turn|4\n|\n|t:|1700523747\n|move|p2a: Ribombee|Sticky Web|p1a: Corviknight\n|-sidestart|p1: Bud410|move: Sticky Web\n|move|p1a: Corviknight|U-turn|p2a: Ribombee\n|-resisted|p2a: Ribombee\n|-damage|p2a: Ribombee|87\/100\n|\n|t:|1700523766\n|switch|p1a: Dragapult|Dragapult, F|100\/100|[from] U-turn\n|-activate|p1a: Dragapult|move: Sticky Web\n|-unboost|p1a: Dragapult|spe|1\n|\n|-weather|RainDance|[upkeep]\n|upkeep\n|turn|5\n|\n|t:|1700523778\n|switch|p1a: Landorus|Landorus-Therian, M|100\/100\n|-ability|p1a: Landorus|Intimidate|boost\n|-unboost|p2a: Ribombee|atk|1\n|move|p2a: Ribombee|Moonblast|p1a: Landorus\n|-damage|p1a: Landorus|61\/100\n|\n|-weather|RainDance|[upkeep]\n|-heal|p1a: Landorus|67\/100|[from] item: Leftovers\n|upkeep\n|turn|6\n|\n|t:|1700523791\n|switch|p2a: Pelipper|Pelipper, M|45\/100\n|move|p1a: Landorus|Stealth Rock|p2a: Pelipper\n|-sidestart|p2: sorryforbeingfat|move: Stealth Rock\n|\n|-weather|RainDance|[upkeep]\n|-heal|p1a: Landorus|73\/100|[from] item: Leftovers\n|upkeep\n|turn|7\n|\n|t:|1700523799\n|switch|p1a: Corviknight|Corviknight, M|88\/100\n|-ability|p1a: Corviknight|Pressure\n|move|p2a: Pelipper|Roost|p2a: Pelipper\n|-heal|p2a: Pelipper|95\/100\n|-singleturn|p2a: Pelipper|move: Roost\n|\n|-weather|RainDance|[upkeep]\n|-heal|p1a: Corviknight|94\/100|[from] item: Leftovers\n|upkeep\n|turn|8\n|c|\u2606sorryforbeingfat|Free surf\n|\n|t:|1700523835\n|switch|p1a: Iron Jugulis|Iron Jugulis|79\/100\n|switch|p2a: Gholdengo|Gholdengo|100\/100\n|-damage|p2a: Gholdengo|94\/100|[from] Stealth Rock\n|-item|p2a: Gholdengo|Air Balloon\n|\n|-weather|none\n|upkeep\n|turn|9\n|c|\u2606sorryforbeingfat|Ripsquqd\n|\n|t:|1700523851\n|-terastallize|p2a: Gholdengo|Fairy\n|move|p1a: Iron Jugulis|Dark Pulse|p2a: Gholdengo\n|-resisted|p2a: Gholdengo\n|-damage|p2a: Gholdengo|74\/100\n|-enditem|p2a: Gholdengo|Air Balloon\n|move|p2a: Gholdengo|Shadow Ball|p1a: Iron Jugulis\n|-resisted|p1a: Iron Jugulis\n|-damage|p1a: Iron Jugulis|56\/100\n|\n|upkeep\n|turn|10\n|\n|t:|1700523863\n|move|p1a: Iron Jugulis|Hurricane|p2a: Gholdengo\n|-damage|p2a: Gholdengo|20\/100\n|move|p2a: Gholdengo|Nasty Plot|p2a: Gholdengo\n|-boost|p2a: Gholdengo|spa|2\n|\n|upkeep\n|turn|11\n|\n|t:|1700523871\n|move|p1a: Iron Jugulis|Earth Power|p2a: Gholdengo\n|-crit|p2a: Gholdengo\n|-damage|p2a: Gholdengo|0 fnt\n|faint|p2a: Gholdengo\n|\n|upkeep\n|\n|t:|1700523877\n|switch|p2a: Dragapult|Dragapult, M|100\/100\n|-damage|p2a: Dragapult|88\/100|[from] Stealth Rock\n|turn|12\n|\n|t:|1700523886\n|-end|p1a: Iron Jugulis|Quark Drive|[silent]\n|switch|p1a: Landorus|Landorus-Therian, M|73\/100\n|-ability|p1a: Landorus|Intimidate|boost\n|-unboost|p2a: Dragapult|atk|1\n|move|p2a: Dragapult|Draco Meteor|p1a: Landorus|[miss]\n|-miss|p2a: Dragapult|p1a: Landorus\n|\n|-heal|p1a: Landorus|79\/100|[from] item: Leftovers\n|upkeep\n|turn|13\n|\n|t:|1700523892\n|switch|p2a: Pelipper|Pelipper, M|95\/100\n|-damage|p2a: Pelipper|70\/100|[from] Stealth Rock\n|-weather|RainDance|[from] ability: Drizzle|[of] p2a: Pelipper\n|move|p1a: Landorus|Taunt|p2a: Pelipper\n|-start|p2a: Pelipper|move: Taunt\n|\n|-weather|RainDance|[upkeep]\n|-heal|p1a: Landorus|85\/100|[from] item: Leftovers\n|upkeep\n|turn|14\n|inactive|Battle timer is ON: inactive players will automatically lose when time's up. (requested by Bud410)\n|\n|t:|1700523905\n|switch|p1a: Corviknight|Corviknight, M|94\/100\n|-ability|p1a: Corviknight|Pressure\n|switch|p2a: Garchomp|Garchomp, F|100\/100\n|-damage|p2a: Garchomp|94\/100|[from] Stealth Rock\n|\n|-weather|RainDance|[upkeep]\n|-heal|p1a: Corviknight|99\/100|[from] item: Leftovers\n|upkeep\n|turn|15\n|\n|t:|1700523918\n|switch|p1a: Landorus|Landorus-Therian, M|85\/100\n|-ability|p1a: Landorus|Intimidate|boost\n|-unboost|p2a: Garchomp|atk|1\n|move|p2a: Garchomp|Swords Dance|p2a: Garchomp\n|-boost|p2a: Garchomp|atk|2\n|\n|-weather|RainDance|[upkeep]\n|-heal|p1a: Landorus|91\/100|[from] item: Leftovers\n|upkeep\n|turn|16\n|\n|t:|1700523930\n|move|p2a: Garchomp|Swords Dance|p2a: Garchomp\n|-boost|p2a: Garchomp|atk|2\n|move|p1a: Landorus|Earthquake|p2a: Garchomp\n|-damage|p2a: Garchomp|46\/100\n|\n|-weather|RainDance|[upkeep]\n|-heal|p1a: Landorus|97\/100|[from] item: Leftovers\n|upkeep\n|turn|17\n|\n|t:|1700523937\n|move|p2a: Garchomp|Scale Shot|p1a: Landorus\n|-damage|p1a: Landorus|69\/100\n|-damage|p1a: Landorus|41\/100\n|-damage|p1a: Landorus|12\/100\n|-damage|p1a: Landorus|0 fnt\n|faint|p1a: Landorus\n|-hitcount|p1: Landorus|4\n|-unboost|p2a: Garchomp|def|1\n|-boost|p2a: Garchomp|spe|1\n|\n|-weather|RainDance|[upkeep]\n|upkeep\n|\n|t:|1700523949\n|switch|p1a: Corviknight|Corviknight, M|99\/100\n|-ability|p1a: Corviknight|Pressure\n|turn|18\n|c|\u2606sorryforbeingfat|I lost\n|\n|t:|1700523956\n|move|p2a: Garchomp|Liquidation|p1a: Corviknight\n|-damage|p1a: Corviknight|33\/100\n|move|p1a: Corviknight|Body Press|p2a: Garchomp\n|-damage|p2a: Garchomp|6\/100\n|-damage|p1a: Corviknight|21\/100|[from] ability: Rough Skin|[of] p2a: Garchomp\n|\n|-weather|RainDance|[upkeep]\n|-heal|p1a: Corviknight|27\/100|[from] item: Leftovers\n|upkeep\n|turn|19\n|\n|t:|1700523963\n|move|p2a: Garchomp|Liquidation|p1a: Corviknight\n|-damage|p1a: Corviknight|0 fnt\n|faint|p1a: Corviknight\n|\n|-weather|RainDance|[upkeep]\n|upkeep\n|\n|t:|1700523971\n|switch|p1a: Great Tusk|Great Tusk|100\/100\n|turn|20\n|\n|t:|1700523974\n|move|p2a: Garchomp|Liquidation|p1a: Great Tusk\n|-supereffective|p1a: Great Tusk\n|-crit|p1a: Great Tusk\n|-damage|p1a: Great Tusk|0 fnt\n|faint|p1a: Great Tusk\n|-end|p1a: Great Tusk|Protosynthesis|[silent]\n|\n|-weather|none\n|upkeep\n|\n|t:|1700523981\n|switch|p1a: Iron Jugulis|Iron Jugulis|56\/100\n|turn|21\n|\n|t:|1700523986\n|move|p2a: Garchomp|Liquidation|p1a: Iron Jugulis\n|-damage|p1a: Iron Jugulis|0 fnt\n|faint|p1a: Iron Jugulis\n|-end|p1a: Iron Jugulis|Quark Drive|[silent]\n|\n|upkeep\n|-message|Bud410 forfeited.\n|\n|win|sorryforbeingfat\n|raw|Bud410's rating: 1144 &rarr; <strong>1112<\/strong><br \/>(-32 for losing)\n|raw|sorryforbeingfat's rating: 1040 &rarr; <strong>1084<\/strong><br \/>(+44 for winning)\n|l|\u2606Bud410\n|c|\u2606sorryforbeingfat|U have gren right there\n|c|\u2606sorryforbeingfat|What\n","uploadtime":1700523995,"views":11,"p1id":"bud410","p2id":"sorryforbeingfat","formatid":"gen9ou","rating":1084,"private":0,"password":""}