{"id":"gen9ou-1999513262","p1":"Pini_Zahavi","p2":"FRiolu","format":"[Gen 9] OU","log":"|j|\u2606Pini_Zahavi\n|j|\u2606FRiolu\n|t:|1701091127\n|gametype|singles\n|player|p1|Pini_Zahavi|artist-gen4|1247\n|player|p2|FRiolu|pokemonranger-gen6xy|1299\n|teamsize|p1|6\n|teamsize|p2|6\n|gen|9\n|tier|[Gen 9] OU\n|rated|\n|rule|Sleep Clause Mod: Limit one foe put to sleep\n|rule|Species Clause: Limit one of each Pok\u00e9mon\n|rule|OHKO Clause: OHKO moves are banned\n|rule|Evasion Items Clause: Evasion items are banned\n|rule|Evasion Moves Clause: Evasion moves are banned\n|rule|Endless Battle Clause: Forcing endless battles is banned\n|rule|HP Percentage Mod: HP is shown in percentages\n|clearpoke\n|poke|p1|Manaphy|\n|poke|p1|Glimmora, F|\n|poke|p1|Enamorus, F|\n|poke|p1|Dragapult, F|\n|poke|p1|Kingambit, M|\n|poke|p1|Iron Moth|\n|poke|p2|Iron Valiant|\n|poke|p2|Thundurus-Therian, M|\n|poke|p2|Garganacl, M|\n|poke|p2|Manaphy|\n|poke|p2|Samurott-Hisui, F|\n|poke|p2|Heatran, F|\n|teampreview\n|inactive|Battle timer is ON: inactive players will automatically lose when time's up. (requested by Pini_Zahavi)\n|\n|t:|1701091145\n|start\n|switch|p1a: Enamorus|Enamorus, F|100\/100\n|switch|p2a: Thundurus|Thundurus-Therian, M|100\/100\n|turn|1\n|\n|t:|1701091158\n|switch|p1a: Glimmora|Glimmora, F|100\/100\n|move|p2a: Thundurus|Volt Switch|p1a: Glimmora\n|-damage|p1a: Glimmora|46\/100\n|\n|t:|1701091178\n|switch|p2a: Manaphy|Manaphy|100\/100|[from] Volt Switch\n|\n|upkeep\n|turn|2\n|\n|t:|1701091186\n|move|p1a: Glimmora|Mortal Spin|p2a: Manaphy\n|-damage|p2a: Manaphy|96\/100\n|-status|p2a: Manaphy|psn\n|move|p2a: Manaphy|Scald|p1a: Glimmora\n|-supereffective|p1a: Glimmora\n|-damage|p1a: Glimmora|0 fnt\n|faint|p1a: Glimmora\n|\n|-heal|p2a: Manaphy|100\/100 psn|[from] item: Leftovers\n|-damage|p2a: Manaphy|88\/100 psn|[from] psn\n|upkeep\n|\n|t:|1701091204\n|switch|p1a: Enamorus|Enamorus, F|100\/100\n|turn|3\n|\n|t:|1701091214\n|move|p1a: Enamorus|Substitute|p1a: Enamorus\n|-start|p1a: Enamorus|Substitute\n|-damage|p1a: Enamorus|76\/100\n|move|p2a: Manaphy|Take Heart|p2a: Manaphy\n|-boost|p2a: Manaphy|spa|1\n|-boost|p2a: Manaphy|spd|1\n|-curestatus|p2a: Manaphy|psn|[msg]\n|\n|-heal|p1a: Enamorus|82\/100|[from] item: Leftovers\n|-heal|p2a: Manaphy|94\/100|[from] item: Leftovers\n|upkeep\n|turn|4\n|\n|t:|1701091223\n|move|p1a: Enamorus|Calm Mind|p1a: Enamorus\n|-boost|p1a: Enamorus|spa|1\n|-boost|p1a: Enamorus|spd|1\n|move|p2a: Manaphy|Scald|p1a: Enamorus\n|-end|p1a: Enamorus|Substitute\n|\n|-heal|p1a: Enamorus|88\/100|[from] item: Leftovers\n|-heal|p2a: Manaphy|100\/100|[from] item: Leftovers\n|upkeep\n|turn|5\n|\n|t:|1701091243\n|move|p1a: Enamorus|Moonblast|p2a: Manaphy\n|-damage|p2a: Manaphy|54\/100\n|move|p2a: Manaphy|Scald|p1a: Enamorus\n|-damage|p1a: Enamorus|32\/100\n|\n|-heal|p1a: Enamorus|38\/100|[from] item: Leftovers\n|-heal|p2a: Manaphy|61\/100|[from] item: Leftovers\n|upkeep\n|turn|6\n|\n|t:|1701091253\n|move|p1a: Enamorus|Moonblast|p2a: Manaphy\n|-damage|p2a: Manaphy|16\/100\n|-unboost|p2a: Manaphy|spa|1\n|move|p2a: Manaphy|Scald|p1a: Enamorus\n|-damage|p1a: Enamorus|2\/100\n|\n|-heal|p1a: Enamorus|8\/100|[from] item: Leftovers\n|-heal|p2a: Manaphy|22\/100|[from] item: Leftovers\n|upkeep\n|turn|7\n|\n|t:|1701091263\n|move|p1a: Enamorus|Moonblast|p2a: Manaphy\n|-damage|p2a: Manaphy|0 fnt\n|faint|p2a: Manaphy\n|\n|-heal|p1a: Enamorus|15\/100|[from] item: Leftovers\n|upkeep\n|\n|t:|1701091268\n|switch|p2a: Samurott|Samurott-Hisui, F|100\/100\n|turn|8\n|\n|t:|1701091276\n|switch|p1a: Manaphy|Manaphy, shiny|100\/100\n|move|p2a: Samurott|Aqua Jet|p1a: Manaphy\n|-resisted|p1a: Manaphy\n|-damage|p1a: Manaphy|92\/100\n|\n|-heal|p1a: Manaphy|98\/100|[from] item: Leftovers\n|upkeep\n|turn|9\n|\n|t:|1701091285\n|move|p1a: Manaphy|Energy Ball|p2a: Samurott\n|-supereffective|p2a: Samurott\n|-damage|p2a: Samurott|51\/100\n|move|p2a: Samurott|Ceaseless Edge|p1a: Manaphy\n|-damage|p1a: Manaphy|51\/100\n|-sidestart|p1: Pini_Zahavi|Spikes\n|\n|-heal|p1a: Manaphy|57\/100|[from] item: Leftovers\n|upkeep\n|turn|10\n|\n|t:|1701091300\n|switch|p2a: Thundurus|Thundurus-Therian, M|100\/100\n|move|p1a: Manaphy|Energy Ball|p2a: Thundurus\n|-resisted|p2a: Thundurus\n|-damage|p2a: Thundurus|82\/100\n|\n|-heal|p1a: Manaphy|64\/100|[from] item: Leftovers\n|upkeep\n|turn|11\n|\n|t:|1701091323\n|-terastallize|p1a: Manaphy|Grass\n|move|p2a: Thundurus|Thunderbolt|p1a: Manaphy\n|-resisted|p1a: Manaphy\n|-damage|p1a: Manaphy|36\/100\n|move|p1a: Manaphy|Ice Beam|p2a: Thundurus\n|-supereffective|p2a: Thundurus\n|-damage|p2a: Thundurus|15\/100\n|-status|p2a: Thundurus|frz\n|\n|-heal|p1a: Manaphy|42\/100|[from] item: Leftovers\n|upkeep\n|turn|12\n|\n|t:|1701091339\n|switch|p2a: Samurott|Samurott-Hisui, F|51\/100\n|move|p1a: Manaphy|Surf|p2a: Samurott\n|-resisted|p2a: Samurott\n|-damage|p2a: Samurott|31\/100\n|\n|-heal|p1a: Manaphy|49\/100|[from] item: Leftovers\n|upkeep\n|turn|13\n|\n|t:|1701091348\n|move|p1a: Manaphy|Energy Ball|p2a: Samurott\n|-supereffective|p2a: Samurott\n|-damage|p2a: Samurott|0 fnt\n|faint|p2a: Samurott\n|\n|-heal|p1a: Manaphy|55\/100|[from] item: Leftovers\n|upkeep\n|\n|t:|1701091352\n|switch|p2a: Iron Valiant|Iron Valiant|100\/100\n|turn|14\n|inactive|Pini_Zahavi has 120 seconds left.\n|\n|t:|1701091387\n|move|p2a: Iron Valiant|Moonblast|p1a: Manaphy\n|-damage|p1a: Manaphy|11\/100\n|move|p1a: Manaphy|Energy Ball|p2a: Iron Valiant\n|-damage|p2a: Iron Valiant|18\/100\n|\n|-heal|p1a: Manaphy|18\/100|[from] item: Leftovers\n|upkeep\n|turn|15\n|inactive|Pini_Zahavi has 120 seconds left.\n|\n|t:|1701091397\n|move|p2a: Iron Valiant|Moonblast|p1a: Manaphy\n|-damage|p1a: Manaphy|0 fnt\n|faint|p1a: Manaphy\n|\n|upkeep\n|inactive|Pini_Zahavi has 120 seconds left.\n|\n|t:|1701091406\n|switch|p1a: Iron Moth|Iron Moth|100\/100\n|-damage|p1a: Iron Moth|88\/100|[from] Spikes\n|-enditem|p1a: Iron Moth|Booster Energy\n|-activate|p1a: Iron Moth|ability: Quark Drive|[fromitem]\n|-start|p1a: Iron Moth|quarkdrivespe\n|turn|16\n|\n|t:|1701091413\n|-end|p2a: Iron Valiant|Quark Drive|[silent]\n|switch|p2a: Heatran|Heatran, F|100\/100\n|move|p1a: Iron Moth|Substitute|p1a: Iron Moth\n|-start|p1a: Iron Moth|Substitute\n|-damage|p1a: Iron Moth|63\/100\n|\n|upkeep\n|turn|17\n|\n|t:|1701091428\n|move|p1a: Iron Moth|Dazzling Gleam|p2a: Heatran\n|-resisted|p2a: Heatran\n|-damage|p2a: Heatran|96\/100\n|move|p2a: Heatran|Earth Power|p1a: Iron Moth\n|-supereffective|p1a: Iron Moth\n|-end|p1a: Iron Moth|Substitute\n|\n|-heal|p2a: Heatran|100\/100|[from] item: Leftovers\n|upkeep\n|turn|18\n|\n|t:|1701091437\n|-end|p1a: Iron Moth|Quark Drive|[silent]\n|switch|p1a: Enamorus|Enamorus, F|15\/100\n|move|p2a: Heatran|Lava Plume|p1a: Enamorus\n|-damage|p1a: Enamorus|0 fnt\n|faint|p1a: Enamorus\n|\n|upkeep\n|\n|t:|1701091448\n|switch|p1a: Dragapult|Dragapult, F|100\/100\n|-damage|p1a: Dragapult|88\/100|[from] Spikes\n|turn|19\n|\n|t:|1701091456\n|switch|p2a: Garganacl|Garganacl, M|100\/100\n|move|p1a: Dragapult|Dragon Dance|p1a: Dragapult\n|-boost|p1a: Dragapult|atk|1\n|-boost|p1a: Dragapult|spe|1\n|\n|upkeep\n|turn|20\n|\n|t:|1701091477\n|move|p1a: Dragapult|Dragon Darts|p2a: Garganacl\n|-damage|p2a: Garganacl|79\/100\n|-anim|p1a: Dragapult|Dragon Darts|p2a: Garganacl\n|-damage|p2a: Garganacl|60\/100\n|move|p2a: Garganacl|Salt Cure|p1a: Dragapult\n|-damage|p1a: Dragapult|67\/100\n|-start|p1a: Dragapult|Salt Cure\n|\n|-heal|p2a: Garganacl|66\/100|[from] item: Leftovers\n|-damage|p1a: Dragapult|55\/100|[from] Salt Cure\n|upkeep\n|turn|21\n|\n|t:|1701091488\n|switch|p1a: Kingambit|Kingambit, M|100\/100\n|-damage|p1a: Kingambit|88\/100|[from] Spikes\n|-activate|p1a: Kingambit|ability: Supreme Overlord\n|-start|p1a: Kingambit|fallen3|[silent]\n|move|p2a: Garganacl|Recover|p2a: Garganacl\n|-heal|p2a: Garganacl|100\/100\n|\n|upkeep\n|turn|22\n|inactive|Pini_Zahavi has 120 seconds left.\n|\n|t:|1701091504\n|move|p1a: Kingambit|Iron Head|p2a: Garganacl\n|-supereffective|p2a: Garganacl\n|-damage|p2a: Garganacl|36\/100\n|move|p2a: Garganacl|Salt Cure|p1a: Kingambit\n|-resisted|p1a: Kingambit\n|-damage|p1a: Kingambit|83\/100\n|-start|p1a: Kingambit|Salt Cure\n|\n|-heal|p2a: Garganacl|42\/100|[from] item: Leftovers\n|-damage|p1a: Kingambit|58\/100|[from] Salt Cure\n|upkeep\n|turn|23\n|inactive|Pini_Zahavi has 120 seconds left.\n|\n|t:|1701091522\n|-terastallize|p2a: Garganacl|Ghost\n|move|p1a: Kingambit|Low Kick|p2a: Garganacl\n|-immune|p2a: Garganacl\n|move|p2a: Garganacl|Recover|p2a: Garganacl\n|-heal|p2a: Garganacl|92\/100\n|\n|-heal|p2a: Garganacl|99\/100|[from] item: Leftovers\n|-damage|p1a: Kingambit|33\/100|[from] Salt Cure\n|upkeep\n|turn|24\n|\n|t:|1701091531\n|-end|p1a: Kingambit|fallen3|[silent]\n|switch|p1a: Dragapult|Dragapult, F|55\/100\n|-damage|p1a: Dragapult|43\/100|[from] Spikes\n|move|p2a: Garganacl|Protect||[still]\n|-fail|p2a: Garganacl\n|\n|-heal|p2a: Garganacl|100\/100|[from] item: Leftovers\n|upkeep\n|turn|25\n|\n|t:|1701091539\n|move|p1a: Dragapult|Dragon Dance|p1a: Dragapult\n|-boost|p1a: Dragapult|atk|1\n|-boost|p1a: Dragapult|spe|1\n|move|p2a: Garganacl|Salt Cure|p1a: Dragapult\n|-damage|p1a: Dragapult|24\/100\n|-start|p1a: Dragapult|Salt Cure\n|\n|-damage|p1a: Dragapult|12\/100|[from] Salt Cure\n|upkeep\n|turn|26\n|\n|t:|1701091549\n|move|p2a: Garganacl|Protect|p2a: Garganacl\n|-singleturn|p2a: Garganacl|Protect\n|move|p1a: Dragapult|Phantom Force||[still]\n|-prepare|p1a: Dragapult|Phantom Force\n|\n|-damage|p1a: Dragapult|0 fnt|[from] Salt Cure\n|faint|p1a: Dragapult\n|upkeep\n|-message|Pini_Zahavi forfeited.\n|\n|win|FRiolu\n|raw|Pini_Zahavi's rating: 1247 &rarr; <strong>1226<\/strong><br \/>(-21 for losing)\n|raw|FRiolu's rating: 1299 &rarr; <strong>1320<\/strong><br \/>(+21 for winning)\n|l|\u2606Pini_Zahavi\n","uploadtime":1701091564,"views":3,"p1id":"pinizahavi","p2id":"friolu","formatid":"gen9ou","rating":1226,"private":0,"password":""}