{"id":"gen9ou-1992780807","p1":"chidantamio","p2":"lysmile","format":"[Gen 9] OU","log":"|j|\u2606chidantamio\n|j|\u203dlysmile\n|t:|1700234858\n|gametype|singles\n|player|p1|chidantamio|kimonogirl|1479\n|player|p2|lysmile|erika|1556\n|teamsize|p1|6\n|teamsize|p2|6\n|gen|9\n|tier|[Gen 9] OU\n|rated|\n|rule|Sleep Clause Mod: Limit one foe put to sleep\n|rule|Species Clause: Limit one of each Pok\u00e9mon\n|rule|OHKO Clause: OHKO moves are banned\n|rule|Evasion Items Clause: Evasion items are banned\n|rule|Evasion Moves Clause: Evasion moves are banned\n|rule|Endless Battle Clause: Forcing endless battles is banned\n|rule|HP Percentage Mod: HP is shown in percentages\n|clearpoke\n|poke|p1|Polteageist-Antique|\n|poke|p1|Indeedee-F, F|\n|poke|p1|Sneasler, F|\n|poke|p1|Armarouge, F|\n|poke|p1|Cinderace, M|\n|poke|p1|Great Tusk|\n|poke|p2|Hatterene, F|\n|poke|p2|Enamorus-Therian, F|\n|poke|p2|Ursaluna, M|\n|poke|p2|Rillaboom, M|\n|poke|p2|Kingambit, M|\n|poke|p2|Cresselia, F|\n|teampreview\n|\n|t:|1700234863\n|start\n|switch|p1a: Indeedee|Indeedee-F, F|100\/100\n|switch|p2a: Hatterene|Hatterene, F|100\/100\n|-fieldstart|move: Psychic Terrain|[from] ability: Psychic Surge|[of] p1a: Indeedee\n|turn|1\n|inactive|Battle timer is ON: inactive players will automatically lose when time's up. (requested by chidantamio)\n|\n|t:|1700234871\n|move|p1a: Indeedee|Psyshock|p2a: Hatterene\n|-resisted|p2a: Hatterene\n|-damage|p2a: Hatterene|82\/100\n|move|p2a: Hatterene|Trick Room|p2a: Hatterene\n|-fieldstart|move: Trick Room|[of] p2a: Hatterene\n|\n|upkeep\n|turn|2\n|\n|t:|1700234885\n|move|p2a: Hatterene|Misty Explosion|p1a: Indeedee\n|-damage|p1a: Indeedee|46\/100\n|faint|p2a: Hatterene\n|move|p1a: Indeedee|Psychic|p2: Hatterene|[notarget]\n|-fail|p1a: Indeedee\n|\n|upkeep\n|\n|t:|1700234890\n|switch|p2a: Ursaluna|Ursaluna, M|100\/100\n|turn|3\n|\n|t:|1700234902\n|move|p2a: Ursaluna|Headlong Rush|p1a: Indeedee\n|-damage|p1a: Indeedee|0 fnt\n|-unboost|p2a: Ursaluna|def|1\n|-unboost|p2a: Ursaluna|spd|1\n|faint|p1a: Indeedee\n|\n|-status|p2a: Ursaluna|brn|[from] item: Flame Orb\n|upkeep\n|\n|t:|1700234924\n|switch|p1a: Cinderace|Cinderace, M|100\/100\n|turn|4\n|\n|t:|1700234930\n|move|p2a: Ursaluna|Facade|p1a: Cinderace\n|-damage|p1a: Cinderace|0 fnt\n|faint|p1a: Cinderace\n|\n|-damage|p2a: Ursaluna|94\/100 brn|[from] brn\n|upkeep\n|\n|t:|1700234938\n|switch|p1a: Armarouge|Armarouge, F|100\/100\n|turn|5\n|\n|t:|1700234947\n|move|p2a: Ursaluna|Headlong Rush|p1a: Armarouge\n|-supereffective|p1a: Armarouge\n|-enditem|p1a: Armarouge|Focus Sash\n|-damage|p1a: Armarouge|1\/100\n|-unboost|p2a: Ursaluna|def|1\n|-unboost|p2a: Ursaluna|spd|1\n|-ability|p1a: Armarouge|Weak Armor|boost\n|-unboost|p1a: Armarouge|def|1\n|-boost|p1a: Armarouge|spe|2\n|move|p1a: Armarouge|Expanding Force|p2a: Ursaluna\n|-damage|p2a: Ursaluna|0 fnt\n|faint|p2a: Ursaluna\n|\n|-fieldend|move: Trick Room\n|upkeep\n|\n|t:|1700234951\n|switch|p2a: Rillaboom|Rillaboom, M|100\/100\n|-fieldstart|move: Grassy Terrain|[from] ability: Grassy Surge|[of] p2a: Rillaboom\n|turn|6\n|\n|t:|1700234967\n|switch|p1a: Sneasler|Sneasler, F|100\/100\n|move|p2a: Rillaboom|Grassy Glide|p1a: Sneasler\n|-resisted|p1a: Sneasler\n|-damage|p1a: Sneasler|54\/100\n|-damage|p2a: Rillaboom|90\/100|[from] item: Life Orb\n|\n|-heal|p1a: Sneasler|60\/100|[from] Grassy Terrain\n|-heal|p2a: Rillaboom|97\/100|[from] Grassy Terrain\n|upkeep\n|turn|7\n|\n|t:|1700234987\n|switch|p2a: Cresselia|Cresselia, F|100\/100\n|move|p1a: Sneasler|Swords Dance|p1a: Sneasler\n|-boost|p1a: Sneasler|atk|2\n|\n|-heal|p1a: Sneasler|66\/100|[from] Grassy Terrain\n|upkeep\n|turn|8\n|\n|t:|1700234994\n|move|p1a: Sneasler|Dire Claw|p2a: Cresselia\n|-damage|p2a: Cresselia|38\/100\n|-status|p2a: Cresselia|par\n|move|p2a: Cresselia|Trick Room|p2a: Cresselia\n|-fieldstart|move: Trick Room|[of] p2a: Cresselia\n|\n|-heal|p1a: Sneasler|72\/100|[from] Grassy Terrain\n|upkeep\n|turn|9\n|\n|t:|1700235004\n|cant|p2a: Cresselia|par\n|move|p1a: Sneasler|Dire Claw|p2a: Cresselia\n|-damage|p2a: Cresselia|0 fnt\n|faint|p2a: Cresselia\n|\n|-heal|p1a: Sneasler|78\/100|[from] Grassy Terrain\n|upkeep\n|\n|t:|1700235006\n|switch|p2a: Enamorus|Enamorus-Therian, F|100\/100\n|turn|10\n|\n|t:|1700235018\n|move|p2a: Enamorus|Moonblast|p1a: Sneasler\n|-damage|p1a: Sneasler|0 fnt\n|faint|p1a: Sneasler\n|\n|-fieldend|move: Grassy Terrain\n|upkeep\n|\n|t:|1700235032\n|switch|p1a: Armarouge|Armarouge, F|1\/100\n|turn|11\n|\n|t:|1700235034\n|move|p2a: Enamorus|Moonblast|p1a: Armarouge\n|-resisted|p1a: Armarouge\n|-damage|p1a: Armarouge|0 fnt\n|faint|p1a: Armarouge\n|\n|upkeep\n|\n|t:|1700235040\n|switch|p1a: Polteageist|Polteageist-Antique|100\/100\n|turn|12\n|\n|t:|1700235044\n|move|p2a: Enamorus|Moonblast|p1a: Polteageist\n|-damage|p1a: Polteageist|3\/100\n|move|p1a: Polteageist|Shell Smash|p1a: Polteageist\n|-unboost|p1a: Polteageist|def|1\n|-unboost|p1a: Polteageist|spd|1\n|-boost|p1a: Polteageist|atk|2\n|-boost|p1a: Polteageist|spa|2\n|-boost|p1a: Polteageist|spe|2\n|\n|-fieldend|move: Trick Room\n|upkeep\n|turn|13\n|\n|t:|1700235052\n|move|p1a: Polteageist|Stored Power|p2a: Enamorus\n|-damage|p2a: Enamorus|9\/100\n|move|p2a: Enamorus|Moonblast|p1a: Polteageist\n|-damage|p1a: Polteageist|0 fnt\n|faint|p1a: Polteageist\n|\n|upkeep\n|\n|t:|1700235059\n|switch|p1a: Great Tusk|Great Tusk|100\/100\n|turn|14\n|\n|t:|1700235072\n|-terastallize|p1a: Great Tusk|Water\n|move|p1a: Great Tusk|Rapid Spin|p2a: Enamorus\n|-damage|p2a: Enamorus|0 fnt\n|-boost|p1a: Great Tusk|spe|1\n|faint|p2a: Enamorus\n|\n|upkeep\n|\n|t:|1700235075\n|switch|p2a: Rillaboom|Rillaboom, M|97\/100\n|-fieldstart|move: Grassy Terrain|[from] ability: Grassy Surge|[of] p2a: Rillaboom\n|turn|15\n|\n|t:|1700235084\n|move|p1a: Great Tusk|Knock Off|p2a: Rillaboom\n|-damage|p2a: Rillaboom|67\/100\n|-enditem|p2a: Rillaboom|Life Orb|[from] move: Knock Off|[of] p1a: Great Tusk\n|move|p2a: Rillaboom|Wood Hammer|p1a: Great Tusk\n|-supereffective|p1a: Great Tusk\n|-damage|p1a: Great Tusk|3\/100\n|-damage|p2a: Rillaboom|38\/100|[from] Recoil\n|\n|-heal|p1a: Great Tusk|9\/100|[from] Grassy Terrain\n|-heal|p2a: Rillaboom|44\/100|[from] Grassy Terrain\n|upkeep\n|turn|16\n|\n|t:|1700235094\n|-terastallize|p2a: Rillaboom|Grass\n|move|p2a: Rillaboom|Grassy Glide|p1a: Great Tusk\n|-supereffective|p1a: Great Tusk\n|-damage|p1a: Great Tusk|0 fnt\n|faint|p1a: Great Tusk\n|-end|p1a: Great Tusk|Protosynthesis|[silent]\n|\n|win|lysmile\n|raw|chidantamio's rating: 1479 &rarr; <strong>1463<\/strong><br \/>(-16 for losing)\n|raw|lysmile's rating: 1556 &rarr; <strong>1572<\/strong><br \/>(+16 for winning)\n|l|\u2606chidantamio\n","uploadtime":1700235106,"views":11,"p1id":"chidantamio","p2id":"lysmile","formatid":"gen9ou","rating":1463,"private":0,"password":""}