{"id":"gen9ou-1991069849","p1":"emrysthemay","p2":"ljkfjgfdsljfg","format":"[Gen 9] OU","log":"|j|\u2606emrysthemay\n|j|\u203dljkfjgfdsljfg\n|t:|1700038010\n|gametype|singles\n|player|p1|emrysthemay|clair|1034\n|player|p2|ljkfjgfdsljfg|2|1085\n|teamsize|p1|6\n|teamsize|p2|6\n|gen|9\n|tier|[Gen 9] OU\n|rated|\n|rule|Sleep Clause Mod: Limit one foe put to sleep\n|rule|Species Clause: Limit one of each Pok\u00e9mon\n|rule|OHKO Clause: OHKO moves are banned\n|rule|Evasion Items Clause: Evasion items are banned\n|rule|Evasion Moves Clause: Evasion moves are banned\n|rule|Endless Battle Clause: Forcing endless battles is banned\n|rule|HP Percentage Mod: HP is shown in percentages\n|clearpoke\n|poke|p1|Dondozo, M|\n|poke|p1|Pelipper, M|\n|poke|p1|Azumarill, M|\n|poke|p1|Garchomp, F|\n|poke|p1|Vaporeon, M|\n|poke|p1|Basculegion-F, F|\n|poke|p2|Braviary-Hisui, M|\n|poke|p2|Quagsire, F|\n|poke|p2|Ninetales-Alola, M|\n|poke|p2|Zoroark-Hisui, M|\n|poke|p2|Goodra-Hisui, F|\n|poke|p2|Pikachu, M|\n|teampreview\n|inactive|Battle timer is ON: inactive players will automatically lose when time's up. (requested by ljkfjgfdsljfg)\n|\n|t:|1700038018\n|start\n|switch|p1a: Pelipper|Pelipper, M|100\/100\n|switch|p2a: Pikachu|Pikachu, M|100\/100\n|-weather|RainDance|[from] ability: Drizzle|[of] p1a: Pelipper\n|turn|1\n|\n|t:|1700038037\n|switch|p1a: Garchomp|Garchomp, F|100\/100\n|move|p2a: Pikachu|Grass Knot|p1a: Garchomp\n|-damage|p1a: Garchomp|67\/100\n|-damage|p2a: Pikachu|88\/100|[from] ability: Rough Skin|[of] p1a: Garchomp\n|\n|-weather|RainDance|[upkeep]\n|upkeep\n|turn|2\n|\n|t:|1700038051\n|switch|p2a: Quagsire|Quagsire, F|100\/100\n|move|p1a: Garchomp|Dragon Claw|p2a: Quagsire\n|-damage|p2a: Quagsire|71\/100\n|\n|-weather|RainDance|[upkeep]\n|-heal|p2a: Quagsire|77\/100|[from] item: Leftovers\n|upkeep\n|turn|3\n|inactive|ljkfjgfdsljfg has 120 seconds left.\n|inactive|ljkfjgfdsljfg has 90 seconds left.\n|inactive|ljkfjgfdsljfg has 60 seconds left.\n|inactive|ljkfjgfdsljfg has 30 seconds left.\n|inactive|ljkfjgfdsljfg has 20 seconds left.\n|inactive|ljkfjgfdsljfg has 15 seconds left.\n|\n|t:|1700038187\n|switch|p1a: Basculegion|Basculegion-F, F|100\/100\n|move|p2a: Quagsire|Toxic|p1a: Basculegion\n|-status|p1a: Basculegion|tox\n|\n|-weather|RainDance|[upkeep]\n|-heal|p2a: Quagsire|83\/100|[from] item: Leftovers\n|-damage|p1a: Basculegion|94\/100 tox|[from] psn\n|upkeep\n|turn|4\n|inactive|ljkfjgfdsljfg has 25 seconds left this turn.\n|inactive|ljkfjgfdsljfg has 20 seconds left.\n|\n|t:|1700038200\n|move|p1a: Basculegion|Surf|p2a: Quagsire\n|-damage|p2a: Quagsire|10\/100\n|move|p2a: Quagsire|Recover|p2a: Quagsire\n|-heal|p2a: Quagsire|60\/100\n|\n|-weather|RainDance|[upkeep]\n|-heal|p2a: Quagsire|66\/100|[from] item: Leftovers\n|-damage|p1a: Basculegion|82\/100 tox|[from] psn\n|upkeep\n|turn|5\n|inactive|ljkfjgfdsljfg has 30 seconds left this turn.\n|\n|t:|1700038208\n|switch|p2a: Goodra|Goodra-Hisui, F|100\/100\n|move|p1a: Basculegion|Surf|p2a: Goodra\n|-resisted|p2a: Goodra\n|-damage|p2a: Goodra|87\/100\n|\n|-weather|RainDance|[upkeep]\n|-damage|p1a: Basculegion|64\/100 tox|[from] psn\n|upkeep\n|turn|6\n|inactive|ljkfjgfdsljfg has 30 seconds left.\n|\n|t:|1700038216\n|move|p1a: Basculegion|Ice Beam|p2a: Goodra\n|-damage|p2a: Goodra|74\/100\n|move|p2a: Goodra|Surf|p1a: Basculegion\n|-resisted|p1a: Basculegion\n|-damage|p1a: Basculegion|39\/100 tox\n|\n|-weather|RainDance|[upkeep]\n|-damage|p1a: Basculegion|15\/100 tox|[from] psn\n|upkeep\n|turn|7\n|\n|t:|1700038225\n|move|p1a: Basculegion|Flip Turn|p2a: Goodra\n|-resisted|p2a: Goodra\n|-damage|p2a: Goodra|62\/100\n|\n|t:|1700038231\n|switch|p1a: Garchomp|Garchomp, F|67\/100|[from] Flip Turn\n|move|p2a: Goodra|Surf|p1a: Garchomp\n|-damage|p1a: Garchomp|21\/100\n|\n|-weather|RainDance|[upkeep]\n|upkeep\n|turn|8\n|\n|t:|1700038246\n|switch|p2a: Quagsire|Quagsire, F|66\/100\n|move|p1a: Garchomp|Outrage|p2a: Quagsire\n|-damage|p2a: Quagsire|24\/100\n|\n|-weather|none\n|-heal|p2a: Quagsire|30\/100|[from] item: Leftovers\n|upkeep\n|turn|9\n|\n|t:|1700038254\n|switch|p2a: Ninetales|Ninetales-Alola, M|100\/100\n|-weather|Snow|[from] ability: Snow Warning|[of] p2a: Ninetales\n|move|p1a: Garchomp|Outrage|p2a: Ninetales|[from]lockedmove\n|-immune|p2a: Ninetales\n|-start|p1a: Garchomp|confusion|[fatigue]\n|\n|-weather|Snow|[upkeep]\n|upkeep\n|turn|10\n|inactive|ljkfjgfdsljfg has 60 seconds left.\n|\n|t:|1700038267\n|switch|p1a: Pelipper|Pelipper, M|100\/100\n|-weather|RainDance|[from] ability: Drizzle|[of] p1a: Pelipper\n|move|p2a: Ninetales|Encore||[still]\n|-fail|p2a: Ninetales\n|\n|-weather|RainDance|[upkeep]\n|upkeep\n|turn|11\n|\n|t:|1700038275\n|move|p2a: Ninetales|Freeze-Dry|p1a: Pelipper\n|-supereffective|p1a: Pelipper\n|-damage|p1a: Pelipper|0 fnt\n|faint|p1a: Pelipper\n|\n|-weather|RainDance|[upkeep]\n|upkeep\n|\n|t:|1700038288\n|switch|p1a: Vaporeon|Vaporeon, M|100\/100\n|turn|12\n|\n|t:|1700038297\n|move|p2a: Ninetales|Freeze-Dry|p1a: Vaporeon\n|-supereffective|p1a: Vaporeon\n|-damage|p1a: Vaporeon|71\/100\n|move|p1a: Vaporeon|Surf|p2a: Ninetales\n|-damage|p2a: Ninetales|19\/100\n|\n|-weather|RainDance|[upkeep]\n|upkeep\n|turn|13\n|\n|t:|1700038308\n|move|p2a: Ninetales|Aurora Veil||[still]\n|-fail|p2a: Ninetales\n|move|p1a: Vaporeon|Surf|p2a: Ninetales\n|-damage|p2a: Ninetales|0 fnt\n|faint|p2a: Ninetales\n|\n|-weather|RainDance|[upkeep]\n|upkeep\n|inactive|ljkfjgfdsljfg has 90 seconds left.\n|\n|t:|1700038323\n|switch|p2a: Pikachu|Pikachu, M|88\/100\n|turn|14\n|\n|t:|1700038332\n|move|p2a: Pikachu|Surf|p1a: Vaporeon\n|-resisted|p1a: Vaporeon\n|-damage|p1a: Vaporeon|52\/100\n|move|p1a: Vaporeon|Surf|p2a: Pikachu\n|-damage|p2a: Pikachu|0 fnt\n|faint|p2a: Pikachu\n|\n|-weather|RainDance|[upkeep]\n|upkeep\n|\n|t:|1700038346\n|switch|p2a: Quagsire|Quagsire, F|30\/100\n|turn|15\n|\n|t:|1700038348\n|move|p1a: Vaporeon|Surf|p2a: Quagsire\n|-damage|p2a: Quagsire|0 fnt\n|faint|p2a: Quagsire\n|\n|-weather|RainDance|[upkeep]\n|upkeep\n|inactive|ljkfjgfdsljfg has 90 seconds left.\n|\n|t:|1700038355\n|switch|p2a: Goodra|Goodra-Hisui, F|100\/100\n|turn|16\n|\n|t:|1700038362\n|move|p2a: Goodra|Shadow Ball|p1a: Vaporeon\n|-damage|p1a: Vaporeon|8\/100\n|-unboost|p1a: Vaporeon|spd|1\n|move|p1a: Vaporeon|Ice Beam|p2a: Goodra\n|-damage|p2a: Goodra|40\/100\n|replace|p2a: Zoroark|Zoroark-Hisui, M\n|-end|p2a: Zoroark|Illusion\n|\n|-weather|RainDance|[upkeep]\n|upkeep\n|turn|17\n|\n|t:|1700038372\n|move|p2a: Zoroark|Shadow Ball|p1a: Vaporeon\n|-crit|p1a: Vaporeon\n|-damage|p1a: Vaporeon|0 fnt\n|faint|p1a: Vaporeon\n|\n|-weather|none\n|upkeep\n|\n|t:|1700038382\n|switch|p1a: Jimbo Ding|Azumarill, M|100\/100\n|turn|18\n|inactive|ljkfjgfdsljfg has 120 seconds left.\n|\n|t:|1700038392\n|move|p1a: Jimbo Ding|Aqua Jet|p2a: Zoroark\n|-damage|p2a: Zoroark|0 fnt\n|faint|p2a: Zoroark\n|\n|upkeep\n|\n|t:|1700038397\n|switch|p2a: Goodra|Goodra-Hisui, F|62\/100\n|turn|19\n|\n|t:|1700038410\n|move|p2a: Goodra|Flash Cannon|p1a: Jimbo Ding\n|-damage|p1a: Jimbo Ding|61\/100\n|move|p1a: Jimbo Ding|Liquidation|p2a: Goodra\n|-resisted|p2a: Goodra\n|-damage|p2a: Goodra|30\/100\n|\n|upkeep\n|turn|20\n|\n|t:|1700038419\n|move|p2a: Goodra|Flash Cannon|p1a: Jimbo Ding\n|-damage|p1a: Jimbo Ding|22\/100\n|move|p1a: Jimbo Ding|Liquidation|p2a: Goodra\n|-resisted|p2a: Goodra\n|-damage|p2a: Goodra|1\/100\n|\n|upkeep\n|turn|21\n|\n|t:|1700038425\n|move|p1a: Jimbo Ding|Aqua Jet|p2a: Goodra\n|-resisted|p2a: Goodra\n|-damage|p2a: Goodra|0 fnt\n|faint|p2a: Goodra\n|\n|upkeep\n|\n|t:|1700038428\n|switch|p2a: Braviary|Braviary-Hisui, M|100\/100\n|turn|22\n|\n|t:|1700038434\n|move|p2a: Braviary|Agility|p2a: Braviary\n|-boost|p2a: Braviary|spe|2\n|move|p1a: Jimbo Ding|Liquidation|p2a: Braviary\n|-damage|p2a: Braviary|15\/100\n|\n|upkeep\n|turn|23\n|\n|t:|1700038441\n|move|p1a: Jimbo Ding|Aqua Jet|p2a: Braviary\n|-damage|p2a: Braviary|0 fnt\n|faint|p2a: Braviary\n|\n|win|emrysthemay\n|raw|emrysthemay's rating: 1034 &rarr; <strong>1074<\/strong><br \/>(+40 for winning)\n|raw|ljkfjgfdsljfg's rating: 1085 &rarr; <strong>1059<\/strong><br \/>(-26 for losing)\n|l|\u203dljkfjgfdsljfg\n","uploadtime":1700038468,"views":9,"p1id":"emrysthemay","p2id":"ljkfjgfdsljfg","formatid":"gen9ou","rating":1059,"private":0,"password":""}