{"id":"gen9ou-1996830063","p1":"Nice_Goat","p2":"Dizay69","format":"[Gen 9] OU","log":"|j|\u2606Nice_Goat\n|j|\u2606Dizay69\n|t:|1700732146\n|gametype|singles\n|player|p1|Nice_Goat|169|1645\n|player|p2|Dizay69|n|1758\n|teamsize|p1|6\n|teamsize|p2|6\n|gen|9\n|tier|[Gen 9] OU\n|rated|\n|rule|Sleep Clause Mod: Limit one foe put to sleep\n|rule|Species Clause: Limit one of each Pok\u00e9mon\n|rule|OHKO Clause: OHKO moves are banned\n|rule|Evasion Items Clause: Evasion items are banned\n|rule|Evasion Moves Clause: Evasion moves are banned\n|rule|Endless Battle Clause: Forcing endless battles is banned\n|rule|HP Percentage Mod: HP is shown in percentages\n|clearpoke\n|poke|p1|Breloom, M|\n|poke|p1|Iron Valiant|\n|poke|p1|Gholdengo|\n|poke|p1|Garganacl, F|\n|poke|p1|Great Tusk|\n|poke|p1|Ogerpon-Wellspring, F|\n|poke|p2|Clefable, M|\n|poke|p2|Kingambit, F|\n|poke|p2|Landorus-Therian, M|\n|poke|p2|Cinderace, M|\n|poke|p2|Greninja-*, F|\n|poke|p2|Gholdengo|\n|teampreview\n|j| atec123\n|\n|t:|1700732171\n|start\n|switch|p1a: First|Breloom, M|100\/100\n|switch|p2a: Greninja|Greninja, F|100\/100\n|turn|1\n|inactive|Battle timer is ON: inactive players will automatically lose when time's up. (requested by Nice_Goat)\n|\n|t:|1700732174\n|switch|p2a: Landorus|Landorus-Therian, M|100\/100\n|-ability|p2a: Landorus|Intimidate|boost\n|-unboost|p1a: First|atk|1\n|move|p1a: First|Mach Punch|p2a: Landorus\n|-resisted|p2a: Landorus\n|-damage|p2a: Landorus|94\/100\n|-damage|p1a: First|84\/100|[from] item: Rocky Helmet|[of] p2a: Landorus\n|\n|upkeep\n|turn|2\n|\n|t:|1700732180\n|move|p1a: First|Spore|p2a: Landorus\n|-status|p2a: Landorus|slp|[from] move: Spore\n|cant|p2a: Landorus|slp\n|\n|upkeep\n|turn|3\n|\n|t:|1700732185\n|switch|p1a: U salty?|Garganacl, F|100\/100\n|cant|p2a: Landorus|slp\n|\n|upkeep\n|turn|4\n|\n|t:|1700732189\n|cant|p2a: Landorus|slp\n|move|p1a: U salty?|Stealth Rock|p2a: Landorus\n|-sidestart|p2: Dizay69|move: Stealth Rock\n|\n|upkeep\n|turn|5\n|\n|t:|1700732192\n|-curestatus|p2a: Landorus|slp|[msg]\n|move|p2a: Landorus|U-turn|p1a: U salty?\n|-damage|p1a: U salty?|89\/100\n|\n|t:|1700732194\n|switch|p2a: Clefable|Clefable, M|100\/100|[from] U-turn\n|move|p1a: U salty?|Salt Cure|p2a: Clefable\n|-damage|p2a: Clefable|85\/100\n|-start|p2a: Clefable|Salt Cure\n|\n|-heal|p2a: Clefable|91\/100|[from] item: Leftovers\n|-heal|p1a: U salty?|95\/100|[from] item: Leftovers\n|upkeep\n|turn|6\n|\n|t:|1700732213\n|switch|p1a: I should be ban|Gholdengo|100\/100\n|move|p2a: Clefable|Knock Off|p1a: I should be ban\n|-supereffective|p1a: I should be ban\n|-crit|p1a: I should be ban\n|-damage|p1a: I should be ban|50\/100\n|-enditem|p1a: I should be ban|Choice Scarf|[from] move: Knock Off|[of] p2a: Clefable\n|\n|-heal|p2a: Clefable|97\/100|[from] item: Leftovers\n|upkeep\n|turn|7\n|\n|t:|1700732232\n|move|p2a: Clefable|Protect|p2a: Clefable\n|-singleturn|p2a: Clefable|Protect\n|move|p1a: I should be ban|Shadow Ball|p2a: Clefable\n|-activate|p2a: Clefable|move: Protect\n|\n|-heal|p2a: Clefable|100\/100|[from] item: Leftovers\n|upkeep\n|turn|8\n|\n|t:|1700732242\n|move|p1a: I should be ban|Trick|p2a: Clefable\n|-activate|p1a: I should be ban|move: Trick|[of] p2a: Clefable\n|-enditem|p2a: Clefable|Leftovers|[silent]|[from] move: Trick\n|-item|p1a: I should be ban|Leftovers|[from] move: Trick\n|move|p2a: Clefable|Wish|p2a: Clefable\n|\n|-heal|p1a: I should be ban|56\/100|[from] item: Leftovers\n|upkeep\n|turn|9\n|\n|t:|1700732255\n|switch|p2a: Cinderace|Cinderace, M|100\/100\n|move|p1a: I should be ban|Make It Rain|p2a: Cinderace\n|-resisted|p2a: Cinderace\n|-damage|p2a: Cinderace|58\/100\n|-unboost|p1a: I should be ban|spa|1\n|\n|-heal|p2a: Cinderace|100\/100|[from] move: Wish|[wisher] Clefable\n|-heal|p1a: I should be ban|62\/100|[from] item: Leftovers\n|upkeep\n|turn|10\n|\n|t:|1700732261\n|switch|p1a: U salty?|Garganacl, F|95\/100\n|move|p2a: Cinderace|Court Change|p2a: Cinderace\n|-start|p2a: Cinderace|typechange|Normal|[from] ability: Libero\n|-swapsideconditions\n|-activate|p2a: Cinderace|move: Court Change\n|\n|-heal|p1a: U salty?|100\/100|[from] item: Leftovers\n|upkeep\n|turn|11\n|\n|t:|1700732263\n|move|p2a: Cinderace|U-turn|p1a: U salty?\n|-damage|p1a: U salty?|89\/100\n|\n|t:|1700732265\n|switch|p2a: Greninja|Greninja, F|100\/100|[from] U-turn\n|move|p1a: U salty?|Stealth Rock|p2a: Greninja\n|-sidestart|p2: Dizay69|move: Stealth Rock\n|\n|-heal|p1a: U salty?|96\/100|[from] item: Leftovers\n|upkeep\n|turn|12\n|\n|t:|1700732270\n|-terastallize|p1a: U salty?|Fairy\n|move|p2a: Greninja|Grass Knot|p1a: U salty?\n|-start|p2a: Greninja|typechange|Grass|[from] ability: Protean\n|-damage|p1a: U salty?|21\/100\n|move|p1a: U salty?|Salt Cure|p2a: Greninja\n|-damage|p2a: Greninja|77\/100\n|-start|p2a: Greninja|Salt Cure\n|\n|-heal|p1a: U salty?|27\/100|[from] item: Leftovers\n|-damage|p2a: Greninja|65\/100|[from] Salt Cure\n|upkeep\n|turn|13\n|inactive|Nice_Goat has 120 seconds left.\n|\n|t:|1700732312\n|switch|p2a: Gholdengo|Gholdengo|100\/100\n|-damage|p2a: Gholdengo|94\/100|[from] Stealth Rock\n|-item|p2a: Gholdengo|Air Balloon\n|move|p1a: U salty?|Recover|p1a: U salty?\n|-heal|p1a: U salty?|77\/100\n|\n|-heal|p1a: U salty?|83\/100|[from] item: Leftovers\n|upkeep\n|turn|14\n|\n|t:|1700732323\n|switch|p1a: First|Breloom, M|84\/100\n|-damage|p1a: First|78\/100|[from] Stealth Rock\n|move|p2a: Gholdengo|Make It Rain|p1a: First\n|-damage|p1a: First|0 fnt\n|-unboost|p2a: Gholdengo|spa|1\n|faint|p1a: First\n|\n|upkeep\n|inactive|Nice_Goat has 120 seconds left.\n|\n|t:|1700732334\n|switch|p1a: Spinnnnnnnnnnnn|Great Tusk|100\/100\n|-damage|p1a: Spinnnnnnnnnnnn|98\/100|[from] Stealth Rock\n|turn|15\n|\n|t:|1700732338\n|switch|p2a: Landorus|Landorus-Therian, M|94\/100\n|-damage|p2a: Landorus|82\/100|[from] Stealth Rock\n|-ability|p2a: Landorus|Intimidate|boost\n|-unboost|p1a: Spinnnnnnnnnnnn|atk|1\n|move|p1a: Spinnnnnnnnnnnn|Knock Off|p2a: Landorus\n|-damage|p2a: Landorus|66\/100\n|-damage|p1a: Spinnnnnnnnnnnn|81\/100|[from] item: Rocky Helmet|[of] p2a: Landorus\n|-enditem|p2a: Landorus|Rocky Helmet|[from] move: Knock Off|[of] p1a: Spinnnnnnnnnnnn\n|\n|-heal|p1a: Spinnnnnnnnnnnn|87\/100|[from] item: Leftovers\n|upkeep\n|turn|16\n|\n|t:|1700732342\n|move|p1a: Spinnnnnnnnnnnn|Rapid Spin|p2a: Landorus\n|-damage|p2a: Landorus|58\/100\n|-boost|p1a: Spinnnnnnnnnnnn|spe|1\n|-sideend|p1: Nice_Goat|Stealth Rock|[from] move: Rapid Spin|[of] p1a: Spinnnnnnnnnnnn\n|move|p2a: Landorus|Grass Knot|p1a: Spinnnnnnnnnnnn\n|-supereffective|p1a: Spinnnnnnnnnnnn\n|-damage|p1a: Spinnnnnnnnnnnn|8\/100\n|\n|-heal|p1a: Spinnnnnnnnnnnn|14\/100|[from] item: Leftovers\n|upkeep\n|turn|17\n|\n|t:|1700732348\n|move|p1a: Spinnnnnnnnnnnn|Ice Spinner|p2a: Landorus\n|-supereffective|p2a: Landorus\n|-damage|p2a: Landorus|11\/100\n|move|p2a: Landorus|Earthquake|p1a: Spinnnnnnnnnnnn\n|-damage|p1a: Spinnnnnnnnnnnn|0 fnt\n|faint|p1a: Spinnnnnnnnnnnn\n|-end|p1a: Spinnnnnnnnnnnn|Protosynthesis|[silent]\n|\n|upkeep\n|\n|t:|1700732351\n|switch|p1a: Kawai UwU|Ogerpon-Wellspring, F|100\/100\n|turn|18\n|\n|t:|1700732355\n|move|p1a: Kawai UwU|Trailblaze|p2a: Landorus\n|-damage|p2a: Landorus|0 fnt\n|-boost|p1a: Kawai UwU|spe|1\n|faint|p2a: Landorus\n|\n|upkeep\n|\n|t:|1700732363\n|switch|p2a: Kingambit|Kingambit, F|100\/100\n|-activate|p2a: Kingambit|ability: Supreme Overlord\n|-start|p2a: Kingambit|fallen1|[silent]\n|turn|19\n|\n|t:|1700732369\n|switch|p1a: Gardeblade|Iron Valiant|100\/100\n|-enditem|p1a: Gardeblade|Booster Energy\n|-activate|p1a: Gardeblade|ability: Quark Drive|[fromitem]\n|-start|p1a: Gardeblade|quarkdrivespe\n|move|p2a: Kingambit|Kowtow Cleave|p1a: Gardeblade\n|-resisted|p1a: Gardeblade\n|-crit|p1a: Gardeblade\n|-damage|p1a: Gardeblade|76\/100\n|\n|upkeep\n|turn|20\n|\n|t:|1700732385\n|-end|p2a: Kingambit|fallen1|[silent]\n|switch|p2a: Clefable|Clefable, M|100\/100\n|move|p1a: Gardeblade|Moonblast|p2a: Clefable\n|-damage|p2a: Clefable|66\/100\n|\n|upkeep\n|turn|21\n|\n|t:|1700732401\n|move|p1a: Gardeblade|Moonblast|p2a: Clefable\n|-damage|p2a: Clefable|32\/100\n|-unboost|p2a: Clefable|spa|1\n|move|p2a: Clefable|Moonblast|p1a: Gardeblade\n|-supereffective|p1a: Gardeblade\n|-damage|p1a: Gardeblade|0 fnt\n|faint|p1a: Gardeblade\n|-end|p1a: Gardeblade|Quark Drive|[silent]\n|\n|upkeep\n|\n|t:|1700732412\n|switch|p1a: Kawai UwU|Ogerpon-Wellspring, F|100\/100\n|turn|22\n|\n|t:|1700732426\n|move|p1a: Kawai UwU|Swords Dance|p1a: Kawai UwU\n|-boost|p1a: Kawai UwU|atk|2\n|move|p2a: Clefable|Wish|p2a: Clefable\n|\n|upkeep\n|turn|23\n|\n|t:|1700732440\n|move|p1a: Kawai UwU|Trailblaze|p2a: Clefable\n|-damage|p2a: Clefable|0 fnt\n|-boost|p1a: Kawai UwU|spe|1\n|faint|p2a: Clefable\n|\n|upkeep\n|inactive|Dizay69 has 120 seconds left.\n|inactive|Dizay69 has 90 seconds left.\n|\n|t:|1700732504\n|switch|p2a: Gholdengo|Gholdengo|94\/100\n|-damage|p2a: Gholdengo|88\/100|[from] Stealth Rock\n|-item|p2a: Gholdengo|Air Balloon\n|turn|24\n|j| mew852\n|\n|t:|1700732510\n|move|p1a: Kawai UwU|Ivy Cudgel|p2a: Gholdengo|[anim] Ivy Cudgel Water\n|-damage|p2a: Gholdengo|0 fnt\n|-enditem|p2a: Gholdengo|Air Balloon\n|faint|p2a: Gholdengo\n|\n|upkeep\n|\n|t:|1700732515\n|switch|p2a: Cinderace|Cinderace, M|100\/100\n|turn|25\n|\n|t:|1700732518\n|move|p1a: Kawai UwU|Ivy Cudgel|p2a: Cinderace|[anim] Ivy Cudgel Water\n|-supereffective|p2a: Cinderace\n|-damage|p2a: Cinderace|0 fnt\n|faint|p2a: Cinderace\n|\n|upkeep\n|\n|t:|1700732520\n|switch|p2a: Greninja|Greninja, F|65\/100\n|-damage|p2a: Greninja|53\/100|[from] Stealth Rock\n|turn|26\n|\n|t:|1700732529\n|move|p1a: Kawai UwU|Horn Leech|p2a: Greninja\n|-supereffective|p2a: Greninja\n|-damage|p2a: Greninja|0 fnt\n|faint|p2a: Greninja\n|\n|upkeep\n|\n|t:|1700732530\n|switch|p2a: Kingambit|Kingambit, F|100\/100\n|-activate|p2a: Kingambit|ability: Supreme Overlord\n|-start|p2a: Kingambit|fallen5|[silent]\n|turn|27\n|\n|t:|1700732533\n|move|p2a: Kingambit|Sucker Punch|p1a: Kawai UwU\n|-damage|p1a: Kawai UwU|25\/100\n|move|p1a: Kawai UwU|Ivy Cudgel|p2a: Kingambit|[anim] Ivy Cudgel Water\n|-damage|p2a: Kingambit|12\/100\n|\n|upkeep\n|turn|28\n|\n|t:|1700732552\n|move|p2a: Kingambit|Sucker Punch|p1a: Kawai UwU\n|-damage|p1a: Kawai UwU|0 fnt\n|faint|p1a: Kawai UwU\n|\n|upkeep\n|\n|t:|1700732565\n|switch|p1a: U salty?|Garganacl, F, tera:Fairy|83\/100\n|turn|29\n|\n|t:|1700732569\n|move|p2a: Kingambit|Iron Head|p1a: U salty?\n|-supereffective|p1a: U salty?\n|-damage|p1a: U salty?|16\/100\n|move|p1a: U salty?|Body Press|p2a: Kingambit\n|-supereffective|p2a: Kingambit\n|-damage|p2a: Kingambit|0 fnt\n|faint|p2a: Kingambit\n|-end|p2a: Kingambit|fallen5|[silent]\n|\n|win|Nice_Goat\n|raw|Nice_Goat's rating: 1645 &rarr; <strong>1671<\/strong><br \/>(+26 for winning)\n|raw|Dizay69's rating: 1758 &rarr; <strong>1732<\/strong><br \/>(-26 for losing)\n|l|\u2606Dizay69\n|c|\u2606Nice_Goat|gg\n|l|\u2606Nice_Goat\n|l| atec123\n","uploadtime":1700733262,"views":10,"p1id":"nicegoat","p2id":"dizay69","formatid":"gen9ou","rating":1671,"private":0,"password":""}