{"id":"gen9ou-1990910610","p1":"moolacat","p2":"King MuffinTop","format":"[Gen 9] OU","log":"|j|\u2606moolacat\n|j|\u2606King MuffinTop\n|t:|1700014149\n|gametype|singles\n|player|p1|moolacat|gardenia|1216\n|player|p2|King MuffinTop|ingo|1143\n|teamsize|p1|6\n|teamsize|p2|6\n|gen|9\n|tier|[Gen 9] OU\n|rated|\n|rule|Sleep Clause Mod: Limit one foe put to sleep\n|rule|Species Clause: Limit one of each Pok\u00e9mon\n|rule|OHKO Clause: OHKO moves are banned\n|rule|Evasion Items Clause: Evasion items are banned\n|rule|Evasion Moves Clause: Evasion moves are banned\n|rule|Endless Battle Clause: Forcing endless battles is banned\n|rule|HP Percentage Mod: HP is shown in percentages\n|clearpoke\n|poke|p1|Moltres-Galar|\n|poke|p1|Haxorus, M|\n|poke|p1|Kingambit, M|\n|poke|p1|Gyarados, F|\n|poke|p1|Chesnaught, M|\n|poke|p1|Scizor, M|\n|poke|p2|Kingambit, M|\n|poke|p2|Landorus-Therian, M|\n|poke|p2|Great Tusk|\n|poke|p2|Iron Valiant|\n|poke|p2|Hatterene, F|\n|poke|p2|Dragapult, F|\n|teampreview\n|inactive|Battle timer is ON: inactive players will automatically lose when time's up. (requested by King MuffinTop)\n|\n|t:|1700014158\n|start\n|switch|p1a: ancient wrath|Gyarados, F, shiny|100\/100\n|switch|p2a: Landorus-Theriman|Landorus-Therian, M|100\/100\n|-ability|p2a: Landorus-Theriman|Intimidate|boost\n|-unboost|p1a: ancient wrath|atk|1\n|turn|1\n|\n|t:|1700014161\n|move|p2a: Landorus-Theriman|U-turn|p1a: ancient wrath\n|-resisted|p1a: ancient wrath\n|-damage|p1a: ancient wrath|75\/100\n|\n|t:|1700014166\n|switch|p2a: Hatterene|Hatterene, F|100\/100|[from] U-turn\n|move|p1a: ancient wrath|Dragon Dance|p1a: ancient wrath\n|-boost|p1a: ancient wrath|atk|1\n|-boost|p1a: ancient wrath|spe|1\n|\n|upkeep\n|turn|2\n|\n|t:|1700014168\n|move|p1a: ancient wrath|Waterfall|p2a: Hatterene\n|-damage|p2a: Hatterene|50\/100\n|move|p2a: Hatterene|Nuzzle|p1a: ancient wrath\n|-supereffective|p1a: ancient wrath\n|-crit|p1a: ancient wrath\n|-damage|p1a: ancient wrath|48\/100\n|-status|p1a: ancient wrath|par\n|\n|upkeep\n|turn|3\n|\n|t:|1700014173\n|move|p1a: ancient wrath|Waterfall|p2a: Hatterene\n|-damage|p2a: Hatterene|0 fnt\n|faint|p2a: Hatterene\n|-ability|p1a: ancient wrath|Moxie|boost\n|-boost|p1a: ancient wrath|atk|1\n|\n|upkeep\n|\n|t:|1700014191\n|switch|p2a: Dragapult|Dragapult, F|100\/100\n|turn|4\n|\n|t:|1700014193\n|move|p2a: Dragapult|Dragon Dance|p2a: Dragapult\n|-boost|p2a: Dragapult|atk|1\n|-boost|p2a: Dragapult|spe|1\n|move|p1a: ancient wrath|Scale Shot|p2a: Dragapult\n|-supereffective|p2a: Dragapult\n|-crit|p2a: Dragapult\n|-damage|p2a: Dragapult|42\/100\n|-supereffective|p2a: Dragapult\n|-damage|p2a: Dragapult|6\/100\n|-supereffective|p2a: Dragapult\n|-damage|p2a: Dragapult|0 fnt\n|faint|p2a: Dragapult\n|-ability|p1a: ancient wrath|Moxie|boost\n|-boost|p1a: ancient wrath|atk|1\n|-hitcount|p2: Dragapult|3\n|-unboost|p1a: ancient wrath|def|1\n|-boost|p1a: ancient wrath|spe|1\n|\n|upkeep\n|\n|t:|1700014197\n|switch|p2a: Gender|Iron Valiant|100\/100\n|-enditem|p2a: Gender|Booster Energy\n|-activate|p2a: Gender|ability: Quark Drive|[fromitem]\n|-start|p2a: Gender|quarkdrivespe\n|turn|5\n|\n|t:|1700014201\n|move|p2a: Gender|Calm Mind|p2a: Gender\n|-boost|p2a: Gender|spa|1\n|-boost|p2a: Gender|spd|1\n|move|p1a: ancient wrath|Waterfall|p2a: Gender\n|-damage|p2a: Gender|0 fnt\n|faint|p2a: Gender\n|-end|p2a: Gender|Quark Drive|[silent]\n|-ability|p1a: ancient wrath|Moxie|boost\n|-boost|p1a: ancient wrath|atk|1\n|\n|upkeep\n|c|\u2606moolacat|bro\n|-message|King MuffinTop forfeited.\n|\n|win|moolacat\n|raw|moolacat's rating: 1216 &rarr; <strong>1236<\/strong><br \/>(+20 for winning)\n|raw|King MuffinTop's rating: 1143 &rarr; <strong>1123<\/strong><br \/>(-20 for losing)\n|l|\u2606King MuffinTop\n|c|\u2606moolacat|respect the wrath\n","uploadtime":1700014213,"views":26,"p1id":"moolacat","p2id":"kingmuffintop","formatid":"gen9ou","rating":1123,"private":0,"password":""}