{"id":"gen9ou-1988945615","p1":"Drakuron","p2":"Chaotic Annoyance","format":"[Gen 9] OU","log":"|j|\u2606Drakuron\n|j|\u2606Chaotic Annoyance\n|t:|1699792501\n|gametype|singles\n|player|p1|Drakuron|266|1167\n|player|p2|Chaotic Annoyance|will|1268\n|teamsize|p1|6\n|teamsize|p2|6\n|gen|9\n|tier|[Gen 9] OU\n|rated|\n|rule|Sleep Clause Mod: Limit one foe put to sleep\n|rule|Species Clause: Limit one of each Pok\u00e9mon\n|rule|OHKO Clause: OHKO moves are banned\n|rule|Evasion Items Clause: Evasion items are banned\n|rule|Evasion Moves Clause: Evasion moves are banned\n|rule|Endless Battle Clause: Forcing endless battles is banned\n|rule|HP Percentage Mod: HP is shown in percentages\n|clearpoke\n|poke|p1|Sneasler, F|\n|poke|p1|Rillaboom, F|\n|poke|p1|Squawkabilly-Blue, M|\n|poke|p1|Quagsire, F|\n|poke|p1|Goodra-Hisui, M|\n|poke|p1|Coalossal, F|\n|poke|p2|Gallade, M|\n|poke|p2|Gholdengo|\n|poke|p2|Ninetales-Alola, M|\n|poke|p2|Ogerpon, F|\n|poke|p2|Ribombee, M|\n|poke|p2|Dondozo, F|\n|teampreview\n|inactive|Battle timer is ON: inactive players will automatically lose when time's up. (requested by Chaotic Annoyance)\n|inactive|Drakuron also wants the timer to be on.\n|\n|t:|1699792527\n|start\n|switch|p1a: Coalossal|Coalossal, F|100\/100\n|switch|p2a: Ribombee|Ribombee, M, shiny|100\/100\n|turn|1\n|\n|t:|1699792535\n|move|p2a: Ribombee|Sticky Web|p1a: Coalossal\n|-sidestart|p1: Drakuron|move: Sticky Web\n|move|p1a: Coalossal|Rapid Spin|p2a: Ribombee\n|-damage|p2a: Ribombee|83\/100\n|-boost|p1a: Coalossal|spe|1\n|-sideend|p1: Drakuron|Sticky Web|[from] move: Rapid Spin|[of] p1a: Coalossal\n|\n|upkeep\n|turn|2\n|\n|t:|1699792543\n|move|p2a: Ribombee|Stun Spore|p1a: Coalossal\n|-status|p1a: Coalossal|par\n|move|p1a: Coalossal|Flamethrower|p2a: Ribombee\n|-supereffective|p2a: Ribombee\n|-damage|p2a: Ribombee|0 fnt\n|faint|p2a: Ribombee\n|\n|upkeep\n|\n|t:|1699792550\n|switch|p2a: Gholdengo|Gholdengo, shiny|100\/100\n|turn|3\n|\n|t:|1699792553\n|move|p2a: Gholdengo|Make It Rain|p1a: Coalossal\n|-damage|p1a: Coalossal|38\/100 par\n|-unboost|p2a: Gholdengo|spa|1\n|move|p1a: Coalossal|Flamethrower|p2a: Gholdengo\n|-supereffective|p2a: Gholdengo\n|-damage|p2a: Gholdengo|53\/100\n|\n|-heal|p2a: Gholdengo|59\/100|[from] item: Leftovers\n|upkeep\n|turn|4\n|\n|t:|1699792561\n|switch|p1a: Goodra|Goodra-Hisui, M|100\/100\n|move|p2a: Gholdengo|Make It Rain|p1a: Goodra\n|-resisted|p1a: Goodra\n|-damage|p1a: Goodra|88\/100\n|-unboost|p2a: Gholdengo|spa|1\n|\n|-heal|p2a: Gholdengo|65\/100|[from] item: Leftovers\n|upkeep\n|turn|5\n|\n|t:|1699792566\n|switch|p2a: Dondozo|Dondozo, F, shiny|100\/100\n|move|p1a: Goodra|Earthquake|p2a: Dondozo\n|-damage|p2a: Dondozo|91\/100\n|\n|-heal|p2a: Dondozo|97\/100|[from] item: Leftovers\n|upkeep\n|turn|6\n|\n|t:|1699792572\n|switch|p1a: Badumtsss|Rillaboom, F|100\/100\n|-fieldstart|move: Grassy Terrain|[from] ability: Grassy Surge|[of] p1a: Badumtsss\n|move|p2a: Dondozo|Curse|p2a: Dondozo\n|-unboost|p2a: Dondozo|spe|1\n|-boost|p2a: Dondozo|atk|1\n|-boost|p2a: Dondozo|def|1\n|\n|-heal|p2a: Dondozo|100\/100|[from] Grassy Terrain\n|upkeep\n|turn|7\n|\n|t:|1699792578\n|move|p1a: Badumtsss|Knock Off|p2a: Dondozo\n|-damage|p2a: Dondozo|91\/100\n|-enditem|p2a: Dondozo|Leftovers|[from] move: Knock Off|[of] p1a: Badumtsss\n|move|p2a: Dondozo|Body Press|p1a: Badumtsss\n|-damage|p1a: Badumtsss|58\/100\n|\n|-heal|p1a: Badumtsss|64\/100|[from] Grassy Terrain\n|-heal|p2a: Dondozo|98\/100|[from] Grassy Terrain\n|upkeep\n|turn|8\n|\n|t:|1699792583\n|move|p1a: Badumtsss|Drum Beating|p2a: Dondozo\n|-supereffective|p2a: Dondozo\n|-damage|p2a: Dondozo|64\/100\n|-unboost|p2a: Dondozo|spe|1\n|move|p2a: Dondozo|Body Press|p1a: Badumtsss\n|-damage|p1a: Badumtsss|16\/100\n|\n|-heal|p1a: Badumtsss|22\/100|[from] Grassy Terrain\n|-heal|p2a: Dondozo|70\/100|[from] Grassy Terrain\n|upkeep\n|turn|9\n|\n|t:|1699792589\n|switch|p1a: Quagsire|Quagsire, F|100\/100\n|move|p2a: Dondozo|Body Press|p1a: Quagsire\n|-damage|p1a: Quagsire|80\/100\n|\n|-heal|p1a: Quagsire|86\/100|[from] Grassy Terrain\n|-heal|p1a: Quagsire|92\/100|[from] item: Leftovers\n|-heal|p2a: Dondozo|76\/100|[from] Grassy Terrain\n|upkeep\n|turn|10\n|\n|t:|1699792595\n|switch|p2a: Ogerpon|Ogerpon, F|100\/100\n|move|p1a: Quagsire|Toxic|p2a: Ogerpon\n|-status|p2a: Ogerpon|tox\n|\n|-heal|p1a: Quagsire|98\/100|[from] Grassy Terrain\n|-heal|p1a: Quagsire|100\/100|[from] item: Leftovers\n|-damage|p2a: Ogerpon|95\/100 tox|[from] psn\n|upkeep\n|turn|11\n|\n|t:|1699792605\n|switch|p1a: Goodra|Goodra-Hisui, M|88\/100\n|move|p2a: Ogerpon|Swords Dance|p2a: Ogerpon\n|-boost|p2a: Ogerpon|atk|2\n|\n|-heal|p2a: Ogerpon|100\/100 tox|[from] Grassy Terrain\n|-heal|p1a: Goodra|95\/100|[from] Grassy Terrain\n|-damage|p2a: Ogerpon|89\/100 tox|[from] psn\n|upkeep\n|turn|12\n|\n|t:|1699792611\n|move|p2a: Ogerpon|Knock Off|p1a: Goodra\n|-damage|p1a: Goodra|35\/100\n|-enditem|p1a: Goodra|Assault Vest|[from] move: Knock Off|[of] p2a: Ogerpon\n|move|p1a: Goodra|Flamethrower|p2a: Ogerpon\n|-supereffective|p2a: Ogerpon\n|-damage|p2a: Ogerpon|21\/100 tox\n|\n|-heal|p2a: Ogerpon|27\/100 tox|[from] Grassy Terrain\n|-heal|p1a: Goodra|41\/100|[from] Grassy Terrain\n|-damage|p2a: Ogerpon|9\/100 tox|[from] psn\n|upkeep\n|turn|13\n|\n|t:|1699792619\n|switch|p1a: Coalossal|Coalossal, F|38\/100 par\n|move|p2a: Ogerpon|Knock Off|p1a: Coalossal\n|-damage|p1a: Coalossal|5\/100 par\n|-enditem|p1a: Coalossal|Heavy-Duty Boots|[from] move: Knock Off|[of] p2a: Ogerpon\n|\n|-heal|p2a: Ogerpon|15\/100 tox|[from] Grassy Terrain\n|-heal|p1a: Coalossal|11\/100 par|[from] Grassy Terrain\n|-damage|p2a: Ogerpon|0 fnt|[from] psn\n|faint|p2a: Ogerpon\n|-fieldend|move: Grassy Terrain\n|upkeep\n|\n|t:|1699792622\n|switch|p2a: Ninetales|Ninetales-Alola, M, shiny|100\/100\n|-weather|Snow|[from] ability: Snow Warning|[of] p2a: Ninetales\n|turn|14\n|\n|t:|1699792629\n|move|p2a: Ninetales|Blizzard|p1a: Coalossal\n|-resisted|p1a: Coalossal\n|-damage|p1a: Coalossal|0 fnt\n|faint|p1a: Coalossal\n|\n|-weather|Snow|[upkeep]\n|upkeep\n|\n|t:|1699792635\n|switch|p1a: Badumtsss|Rillaboom, F|22\/100\n|-fieldstart|move: Grassy Terrain|[from] ability: Grassy Surge|[of] p1a: Badumtsss\n|turn|15\n|\n|t:|1699792640\n|move|p2a: Ninetales|Aurora Veil|p2a: Ninetales\n|-sidestart|p2: Chaotic Annoyance|move: Aurora Veil\n|move|p1a: Badumtsss|Drain Punch|p2a: Ninetales\n|-damage|p2a: Ninetales|87\/100\n|-heal|p1a: Badumtsss|28\/100|[from] drain|[of] p2a: Ninetales\n|\n|-weather|Snow|[upkeep]\n|-heal|p2a: Ninetales|92\/100|[from] Grassy Terrain\n|-heal|p1a: Badumtsss|35\/100|[from] Grassy Terrain\n|upkeep\n|turn|16\n|\n|t:|1699792644\n|move|p2a: Ninetales|Blizzard|p1a: Badumtsss\n|-supereffective|p1a: Badumtsss\n|-damage|p1a: Badumtsss|0 fnt\n|faint|p1a: Badumtsss\n|\n|-weather|Snow|[upkeep]\n|-heal|p2a: Ninetales|98\/100|[from] Grassy Terrain\n|upkeep\n|\n|t:|1699792646\n|switch|p1a: Goes brrrrrr|Sneasler, F|100\/100\n|-enditem|p1a: Goes brrrrrr|Grassy Seed\n|-boost|p1a: Goes brrrrrr|def|1|[from] item: Grassy Seed\n|turn|17\n|c|\u2606Chaotic Annoyance|AYO\n|c|\u2606Chaotic Annoyance|THEY GAVE SNEASLER A 3D MODEL\n|c|\u2606Chaotic Annoyance|AWESOME\n|\n|t:|1699792662\n|move|p1a: Goes brrrrrr|Dire Claw|p2a: Ninetales\n|-supereffective|p2a: Ninetales\n|-damage|p2a: Ninetales|52\/100\n|-status|p2a: Ninetales|psn\n|move|p2a: Ninetales|Blizzard|p1a: Goes brrrrrr\n|-damage|p1a: Goes brrrrrr|43\/100\n|\n|-weather|Snow|[upkeep]\n|-heal|p1a: Goes brrrrrr|49\/100|[from] Grassy Terrain\n|-heal|p2a: Ninetales|58\/100 psn|[from] Grassy Terrain\n|-damage|p2a: Ninetales|46\/100 psn|[from] psn\n|upkeep\n|turn|18\n|\n|t:|1699792669\n|move|p1a: Goes brrrrrr|Dire Claw|p2a: Ninetales\n|-supereffective|p2a: Ninetales\n|-damage|p2a: Ninetales|0 fnt\n|faint|p2a: Ninetales\n|\n|-weather|none\n|-heal|p1a: Goes brrrrrr|55\/100|[from] Grassy Terrain\n|upkeep\n|\n|t:|1699792672\n|switch|p2a: Gholdengo|Gholdengo, shiny|65\/100\n|turn|19\n|\n|t:|1699792676\n|-terastallize|p1a: Goes brrrrrr|Flying\n|move|p1a: Goes brrrrrr|Acrobatics|p2a: Gholdengo\n|-resisted|p2a: Gholdengo\n|-damage|p2a: Gholdengo|50\/100\n|move|p2a: Gholdengo|Make It Rain|p1a: Goes brrrrrr\n|-damage|p1a: Goes brrrrrr|0 fnt\n|-unboost|p2a: Gholdengo|spa|1\n|faint|p1a: Goes brrrrrr\n|\n|-heal|p2a: Gholdengo|57\/100|[from] Grassy Terrain\n|-heal|p2a: Gholdengo|63\/100|[from] item: Leftovers\n|upkeep\n|\n|t:|1699792687\n|switch|p1a: Goodra|Goodra-Hisui, M|41\/100\n|turn|20\n|\n|t:|1699792689\n|move|p2a: Gholdengo|Nasty Plot|p2a: Gholdengo\n|-boost|p2a: Gholdengo|spa|2\n|move|p1a: Goodra|Earthquake|p2a: Gholdengo\n|-supereffective|p2a: Gholdengo\n|-damage|p2a: Gholdengo|53\/100\n|\n|-heal|p2a: Gholdengo|59\/100|[from] Grassy Terrain\n|-heal|p2a: Gholdengo|65\/100|[from] item: Leftovers\n|-heal|p1a: Goodra|47\/100|[from] Grassy Terrain\n|upkeep\n|turn|21\n|\n|t:|1699792696\n|move|p2a: Gholdengo|Nasty Plot|p2a: Gholdengo\n|-boost|p2a: Gholdengo|spa|2\n|move|p1a: Goodra|Flamethrower|p2a: Gholdengo\n|-supereffective|p2a: Gholdengo\n|-damage|p2a: Gholdengo|35\/100\n|\n|-heal|p2a: Gholdengo|41\/100|[from] Grassy Terrain\n|-heal|p2a: Gholdengo|47\/100|[from] item: Leftovers\n|-heal|p1a: Goodra|53\/100|[from] Grassy Terrain\n|upkeep\n|turn|22\n|\n|t:|1699792701\n|move|p2a: Gholdengo|Shadow Ball|p1a: Goodra\n|-damage|p1a: Goodra|0 fnt\n|faint|p1a: Goodra\n|\n|-heal|p2a: Gholdengo|53\/100|[from] Grassy Terrain\n|-heal|p2a: Gholdengo|59\/100|[from] item: Leftovers\n|-sideend|p2: Chaotic Annoyance|move: Aurora Veil\n|-fieldend|move: Grassy Terrain\n|upkeep\n|\n|t:|1699792705\n|switch|p1a: Quagsire|Quagsire, F|100\/100\n|turn|23\n|\n|t:|1699792709\n|move|p2a: Gholdengo|Make It Rain|p1a: Quagsire\n|-resisted|p1a: Quagsire\n|-damage|p1a: Quagsire|57\/100\n|-unboost|p2a: Gholdengo|spa|1\n|move|p1a: Quagsire|Earthquake|p2a: Gholdengo\n|-supereffective|p2a: Gholdengo\n|-damage|p2a: Gholdengo|0 fnt\n|faint|p2a: Gholdengo\n|\n|-heal|p1a: Quagsire|63\/100|[from] item: Leftovers\n|upkeep\n|\n|t:|1699792713\n|switch|p2a: Gallade|Gallade, M, shiny|100\/100\n|turn|24\n|\n|t:|1699792717\n|move|p2a: Gallade|Leaf Blade|p1a: Quagsire\n|-supereffective|p1a: Quagsire\n|-damage|p1a: Quagsire|0 fnt\n|faint|p1a: Quagsire\n|-damage|p2a: Gallade|91\/100|[from] item: Life Orb\n|\n|upkeep\n|\n|t:|1699792719\n|switch|p1a: Pajaroto|Squawkabilly-Blue, M|100\/100\n|turn|25\n|\n|t:|1699792721\n|move|p1a: Pajaroto|Protect|p1a: Pajaroto\n|-singleturn|p1a: Pajaroto|Protect\n|move|p2a: Gallade|Psycho Cut|p1a: Pajaroto\n|-activate|p1a: Pajaroto|move: Protect\n|\n|-status|p1a: Pajaroto|brn|[from] item: Flame Orb\n|upkeep\n|turn|26\n|\n|t:|1699792725\n|move|p1a: Pajaroto|Brave Bird|p2a: Gallade\n|-supereffective|p2a: Gallade\n|-damage|p2a: Gallade|0 fnt\n|faint|p2a: Gallade\n|-damage|p1a: Pajaroto|73\/100 brn|[from] Recoil\n|\n|-damage|p1a: Pajaroto|67\/100 brn|[from] brn\n|upkeep\n|\n|t:|1699792727\n|switch|p2a: Dondozo|Dondozo, F, shiny|76\/100\n|turn|27\n|\n|t:|1699792730\n|move|p1a: Pajaroto|Facade|p2a: Dondozo\n|-damage|p2a: Dondozo|39\/100\n|move|p2a: Dondozo|Curse|p2a: Dondozo\n|-unboost|p2a: Dondozo|spe|1\n|-boost|p2a: Dondozo|atk|1\n|-boost|p2a: Dondozo|def|1\n|\n|-damage|p1a: Pajaroto|61\/100 brn|[from] brn\n|upkeep\n|turn|28\n|\n|t:|1699792733\n|move|p1a: Pajaroto|Facade|p2a: Dondozo\n|-damage|p2a: Dondozo|15\/100\n|move|p2a: Dondozo|Rest|p2a: Dondozo\n|-status|p2a: Dondozo|slp|[from] move: Rest\n|-heal|p2a: Dondozo|100\/100 slp|[silent]\n|\n|-damage|p1a: Pajaroto|55\/100 brn|[from] brn\n|upkeep\n|turn|29\n|\n|t:|1699792738\n|move|p1a: Pajaroto|Facade|p2a: Dondozo\n|-damage|p2a: Dondozo|75\/100 slp\n|cant|p2a: Dondozo|slp\n|\n|-damage|p1a: Pajaroto|48\/100 brn|[from] brn\n|upkeep\n|turn|30\n|\n|t:|1699792741\n|move|p1a: Pajaroto|Facade|p2a: Dondozo\n|-damage|p2a: Dondozo|50\/100 slp\n|cant|p2a: Dondozo|slp\n|\n|-damage|p1a: Pajaroto|42\/100 brn|[from] brn\n|upkeep\n|turn|31\n|\n|t:|1699792744\n|move|p1a: Pajaroto|Facade|p2a: Dondozo\n|-crit|p2a: Dondozo\n|-damage|p2a: Dondozo|0 fnt\n|faint|p2a: Dondozo\n|\n|win|Drakuron\n|raw|Drakuron's rating: 1167 &rarr; <strong>1199<\/strong><br \/>(+32 for winning)\n|raw|Chaotic Annoyance's rating: 1268 &rarr; <strong>1236<\/strong><br \/>(-32 for losing)\n|l|\u2606Chaotic Annoyance\n","uploadtime":1699792757,"views":12,"p1id":"drakuron","p2id":"chaoticannoyance","formatid":"gen9ou","rating":1199,"private":0,"password":""}