{"id":"gen9ou-1993557665","p1":"AquiIo","p2":"Iceman8911","format":"[Gen 9] OU","log":"|j|\u2606AquiIo\n|j|\u2606Iceman8911\n|inactive|Battle timer is ON: inactive players will automatically lose when time's up.\n|t:|1700331521\n|gametype|singles\n|player|p1|AquiIo|volo-ginkgo|\n|player|p2|Iceman8911|1|\n|teamsize|p1|6\n|teamsize|p2|6\n|gen|9\n|tier|[Gen 9] OU\n|rated|Tournament battle\n|rule|Sleep Clause Mod: Limit one foe put to sleep\n|rule|Species Clause: Limit one of each Pok\u00e9mon\n|rule|OHKO Clause: OHKO moves are banned\n|rule|Evasion Items Clause: Evasion items are banned\n|rule|Evasion Moves Clause: Evasion moves are banned\n|rule|Endless Battle Clause: Forcing endless battles is banned\n|rule|HP Percentage Mod: HP is shown in percentages\n|clearpoke\n|poke|p1|Ogerpon-Wellspring, F|\n|poke|p1|Zapdos|\n|poke|p1|Kingambit, F|\n|poke|p1|Rillaboom, F|\n|poke|p1|Slowking, M|\n|poke|p1|Heatran, F|\n|poke|p2|Alomomola, M|\n|poke|p2|Dondozo, F|\n|poke|p2|Blissey, F|\n|poke|p2|Clefable, F|\n|poke|p2|Corviknight, F|\n|poke|p2|Toxapex, M|\n|teampreview\n|inactive|AquiIo also wants the timer to be on.\n|inactive|Iceman8911 also wants the timer to be on.\n|c|\u2606AquiIo|glhf!\n|c|\u2606Iceman8911|u2\n|\n|t:|1700331540\n|start\n|switch|p1a: Lyria|Ogerpon-Wellspring, F|100\/100\n|switch|p2a: Alomomola|Alomomola, M, shiny|100\/100\n|turn|1\n|\n|t:|1700331560\n|switch|p2a: Toxapex|Toxapex, M, shiny|100\/100\n|move|p1a: Lyria|Knock Off|p2a: Toxapex\n|-damage|p2a: Toxapex|75\/100\n|-enditem|p2a: Toxapex|Heavy-Duty Boots|[from] move: Knock Off|[of] p1a: Lyria\n|\n|upkeep\n|turn|2\n|\n|t:|1700331570\n|move|p1a: Lyria|Spikes|p2a: Toxapex\n|-sidestart|p2: Iceman8911|Spikes\n|move|p2a: Toxapex|Toxic|p1a: Lyria\n|-status|p1a: Lyria|tox\n|\n|-damage|p1a: Lyria|95\/100 tox|[from] psn\n|upkeep\n|turn|3\n|\n|t:|1700331580\n|move|p1a: Lyria|Spikes|p2a: Toxapex\n|-sidestart|p2: Iceman8911|Spikes\n|move|p2a: Toxapex|Toxic|p1a: Lyria\n|-fail|p1a: Lyria|tox\n|\n|-damage|p1a: Lyria|83\/100 tox|[from] psn\n|upkeep\n|turn|4\n|\n|t:|1700331591\n|move|p1a: Lyria|U-turn|p2a: Toxapex\n|-resisted|p2a: Toxapex\n|-damage|p2a: Toxapex|67\/100\n|\n|t:|1700331595\n|switch|p1a: Kleg|Heatran, F|100\/100|[from] U-turn\n|-item|p1a: Kleg|Air Balloon\n|move|p2a: Toxapex|Toxic|p1a: Kleg\n|-immune|p1a: Kleg\n|\n|upkeep\n|turn|5\n|\n|t:|1700331599\n|switch|p2a: Alomomola|Alomomola, M, shiny|100\/100\n|move|p1a: Kleg|Stealth Rock|p2a: Alomomola\n|-sidestart|p2: Iceman8911|move: Stealth Rock\n|\n|upkeep\n|turn|6\n|\n|t:|1700331605\n|switch|p1a: Lyria|Ogerpon-Wellspring, F|83\/100 tox\n|move|p2a: Alomomola|Scald|p1a: Lyria\n|-heal|p1a: Lyria|100\/100 tox|[from] ability: Water Absorb|[of] p2a: Alomomola\n|\n|-damage|p1a: Lyria|95\/100 tox|[from] psn\n|upkeep\n|turn|7\n|\n|t:|1700331613\n|switch|p2a: Toxapex|Toxapex, M, shiny|99\/100\n|-damage|p2a: Toxapex|83\/100|[from] Spikes\n|-damage|p2a: Toxapex|71\/100|[from] Stealth Rock\n|move|p1a: Lyria|Knock Off|p2a: Toxapex\n|-damage|p2a: Toxapex|55\/100\n|\n|-damage|p1a: Lyria|83\/100 tox|[from] psn\n|upkeep\n|turn|8\n|\n|t:|1700331620\n|move|p1a: Lyria|Spikes|p2a: Toxapex\n|-sidestart|p2: Iceman8911|Spikes\n|move|p2a: Toxapex|Recover|p2a: Toxapex\n|-heal|p2a: Toxapex|100\/100\n|\n|-damage|p1a: Lyria|65\/100 tox|[from] psn\n|upkeep\n|turn|9\n|\n|t:|1700331623\n|move|p1a: Lyria|U-turn|p2a: Toxapex\n|-resisted|p2a: Toxapex\n|-damage|p2a: Toxapex|92\/100\n|\n|t:|1700331625\n|switch|p1a: Kleg|Heatran, F|100\/100|[from] U-turn\n|-item|p1a: Kleg|Air Balloon\n|move|p2a: Toxapex|Surf|p1a: Kleg\n|-supereffective|p1a: Kleg\n|-damage|p1a: Kleg|77\/100\n|-enditem|p1a: Kleg|Air Balloon\n|\n|upkeep\n|turn|10\n|\n|t:|1700331629\n|switch|p2a: Alomomola|Alomomola, M, shiny|100\/100\n|move|p1a: Kleg|Magma Storm|p2a: Alomomola\n|-resisted|p2a: Alomomola\n|-damage|p2a: Alomomola|76\/100\n|-activate|p2a: Alomomola|move: Magma Storm|[of] p1a: Kleg\n|\n|-damage|p2a: Alomomola|64\/100|[from] move: Magma Storm|[partiallytrapped]\n|upkeep\n|turn|11\n|\n|t:|1700331638\n|move|p1a: Kleg|Taunt|p2a: Alomomola\n|-start|p2a: Alomomola|move: Taunt\n|move|p2a: Alomomola|Flip Turn|p1a: Kleg\n|-supereffective|p1a: Kleg\n|-crit|p1a: Kleg\n|-damage|p1a: Kleg|32\/100\n|\n|t:|1700331656\n|switch|p2a: Blissey|Blissey, F, shiny|100\/100|[from] Flip Turn\n|\n|upkeep\n|turn|12\n|\n|t:|1700331670\n|switch|p1a: Strix|Zapdos|100\/100\n|move|p2a: Blissey|Seismic Toss|p1a: Strix\n|-damage|p1a: Strix|74\/100\n|-status|p2a: Blissey|par|[from] ability: Static|[of] p1a: Strix\n|\n|upkeep\n|turn|13\n|\n|t:|1700331680\n|move|p1a: Strix|Volt Switch|p2a: Blissey\n|-damage|p2a: Blissey|92\/100 par\n|\n|t:|1700331683\n|switch|p1a: Lyria|Ogerpon-Wellspring, F|65\/100 tox|[from] Volt Switch\n|move|p2a: Blissey|Seismic Toss|p1a: Lyria\n|-damage|p1a: Lyria|31\/100 tox\n|\n|-damage|p1a: Lyria|25\/100 tox|[from] psn\n|upkeep\n|turn|14\n|\n|t:|1700331692\n|-curestatus|p2a: Blissey|par|[from] ability: Natural Cure\n|switch|p2a: Toxapex|Toxapex, M, shiny|100\/100\n|-damage|p2a: Toxapex|76\/100|[from] Spikes\n|-damage|p2a: Toxapex|64\/100|[from] Stealth Rock\n|move|p1a: Lyria|Knock Off|p2a: Toxapex\n|-damage|p2a: Toxapex|48\/100\n|\n|-damage|p1a: Lyria|13\/100 tox|[from] psn\n|upkeep\n|turn|15\n|j| IConsumeChairs\n|\n|t:|1700331702\n|switch|p2a: Alomomola|Alomomola, M, shiny|97\/100\n|move|p1a: Lyria|U-turn|p2a: Alomomola\n|-damage|p2a: Alomomola|83\/100\n|\n|t:|1700331704\n|switch|p1a: Strix|Zapdos|74\/100|[from] U-turn\n|\n|upkeep\n|turn|16\n|\n|t:|1700331711\n|switch|p2a: Clefable|Clefable, F|100\/100\n|move|p1a: Strix|Volt Switch|p2a: Clefable\n|-damage|p2a: Clefable|79\/100\n|\n|t:|1700331715\n|switch|p1a: Boji|Rillaboom, F|100\/100|[from] Volt Switch\n|-fieldstart|move: Grassy Terrain|[from] ability: Grassy Surge|[of] p1a: Boji\n|\n|-heal|p2a: Clefable|85\/100|[from] Grassy Terrain\n|-heal|p2a: Clefable|91\/100|[from] item: Leftovers\n|upkeep\n|turn|17\n|\n|t:|1700331720\n|switch|p2a: Corviknight|Corviknight, F, shiny|100\/100\n|-damage|p2a: Corviknight|88\/100|[from] Stealth Rock\n|-ability|p2a: Corviknight|Pressure\n|move|p1a: Boji|Wood Hammer|p2a: Corviknight\n|-resisted|p2a: Corviknight\n|-damage|p2a: Corviknight|66\/100\n|-damage|p1a: Boji|94\/100|[from] Recoil\n|\n|-heal|p1a: Boji|99\/100|[from] Grassy Terrain\n|-heal|p2a: Corviknight|72\/100|[from] item: Leftovers\n|upkeep\n|turn|18\n|\n|t:|1700331724\n|switch|p1a: Strix|Zapdos|74\/100\n|move|p2a: Corviknight|Defog|p1a: Strix\n|-unboost|p1a: Strix|evasion|1\n|-sideend|p2: Iceman8911|Spikes|[from] move: Defog|[of] p2a: Corviknight\n|-sideend|p2: Iceman8911|Stealth Rock|[from] move: Defog|[of] p2a: Corviknight\n|-fieldend|move: Grassy Terrain\n|\n|-heal|p2a: Corviknight|79\/100|[from] item: Leftovers\n|upkeep\n|turn|19\n|\n|t:|1700331739\n|switch|p2a: Clefable|Clefable, F|91\/100\n|move|p1a: Strix|Volt Switch|p2a: Clefable\n|-damage|p2a: Clefable|73\/100\n|\n|t:|1700331747\n|switch|p1a: Boji|Rillaboom, F|99\/100|[from] Volt Switch\n|-fieldstart|move: Grassy Terrain|[from] ability: Grassy Surge|[of] p1a: Boji\n|\n|-heal|p1a: Boji|100\/100|[from] Grassy Terrain\n|-heal|p2a: Clefable|79\/100|[from] Grassy Terrain\n|-heal|p2a: Clefable|85\/100|[from] item: Leftovers\n|upkeep\n|turn|20\n|\n|t:|1700331756\n|switch|p1a: Strix|Zapdos|74\/100\n|switch|p2a: Toxapex|Toxapex, M, shiny|82\/100\n|\n|-heal|p2a: Toxapex|88\/100|[from] Grassy Terrain\n|upkeep\n|turn|21\n|\n|t:|1700331763\n|switch|p2a: Blissey|Blissey, F, shiny|92\/100\n|move|p1a: Strix|Thunder Wave|p2a: Blissey\n|-status|p2a: Blissey|par\n|\n|-heal|p2a: Blissey|98\/100 par|[from] Grassy Terrain\n|upkeep\n|turn|22\n|\n|t:|1700331770\n|-curestatus|p2a: Blissey|par|[from] ability: Natural Cure\n|switch|p2a: Clefable|Clefable, F|85\/100\n|move|p1a: Strix|Volt Switch|p2a: Clefable\n|-damage|p2a: Clefable|65\/100\n|\n|t:|1700331772\n|switch|p1a: Boji|Rillaboom, F|100\/100|[from] Volt Switch\n|\n|-heal|p2a: Clefable|71\/100|[from] Grassy Terrain\n|-heal|p2a: Clefable|77\/100|[from] item: Leftovers\n|upkeep\n|turn|23\n|\n|t:|1700331778\n|switch|p2a: Corviknight|Corviknight, F, shiny|79\/100\n|-ability|p2a: Corviknight|Pressure\n|move|p1a: Boji|Wood Hammer|p2a: Corviknight\n|-resisted|p2a: Corviknight\n|-damage|p2a: Corviknight|57\/100\n|-damage|p1a: Boji|94\/100|[from] Recoil\n|\n|-heal|p1a: Boji|99\/100|[from] Grassy Terrain\n|-heal|p2a: Corviknight|63\/100|[from] item: Leftovers\n|-fieldend|move: Grassy Terrain\n|upkeep\n|turn|24\n|\n|t:|1700331791\n|switch|p1a: Kleg|Heatran, F|32\/100\n|switch|p2a: Clefable|Clefable, F|77\/100\n|\n|-heal|p2a: Clefable|83\/100|[from] item: Leftovers\n|upkeep\n|turn|25\n|\n|t:|1700331801\n|move|p1a: Kleg|Stealth Rock|p2a: Clefable\n|-sidestart|p2: Iceman8911|move: Stealth Rock\n|move|p2a: Clefable|Knock Off|p1a: Kleg\n|-damage|p1a: Kleg|24\/100\n|\n|-heal|p2a: Clefable|89\/100|[from] item: Leftovers\n|upkeep\n|turn|26\n|\n|t:|1700331810\n|switch|p2a: Alomomola|Alomomola, M, shiny|100\/100\n|move|p1a: Kleg|Magma Storm|p2a: Alomomola\n|-resisted|p2a: Alomomola\n|-damage|p2a: Alomomola|74\/100\n|-activate|p2a: Alomomola|move: Magma Storm|[of] p1a: Kleg\n|\n|-damage|p2a: Alomomola|61\/100|[from] move: Magma Storm|[partiallytrapped]\n|upkeep\n|turn|27\n|\n|t:|1700331818\n|switch|p1a: Lyria|Ogerpon-Wellspring, F|13\/100 tox\n|move|p2a: Alomomola|Wish|p2a: Alomomola\n|\n|-damage|p1a: Lyria|7\/100 tox|[from] psn\n|-end|p2a: Alomomola|Magma Storm|[partiallytrapped]|[silent]\n|upkeep\n|turn|28\n|\n|t:|1700331826\n|move|p2a: Alomomola|Protect|p2a: Alomomola\n|-singleturn|p2a: Alomomola|Protect\n|move|p1a: Lyria|Spikes|p2a: Alomomola\n|-sidestart|p2: Iceman8911|Spikes\n|\n|-heal|p2a: Alomomola|100\/100|[from] move: Wish|[wisher] Alomomola\n|-damage|p1a: Lyria|0 fnt|[from] psn\n|faint|p1a: Lyria\n|upkeep\n|\n|t:|1700331831\n|switch|p1a: Boji|Rillaboom, F|99\/100\n|-fieldstart|move: Grassy Terrain|[from] ability: Grassy Surge|[of] p1a: Boji\n|turn|29\n|\n|t:|1700331844\n|switch|p2a: Toxapex|Toxapex, M, shiny|100\/100\n|-damage|p2a: Toxapex|88\/100|[from] Stealth Rock\n|-damage|p2a: Toxapex|76\/100|[from] Spikes\n|move|p1a: Boji|U-turn|p2a: Toxapex\n|-resisted|p2a: Toxapex\n|-damage|p2a: Toxapex|63\/100\n|\n|t:|1700331848\n|switch|p1a: Strix|Zapdos|74\/100|[from] U-turn\n|\n|-heal|p2a: Toxapex|69\/100|[from] Grassy Terrain\n|upkeep\n|turn|30\n|\n|t:|1700331854\n|switch|p2a: Blissey|Blissey, F, shiny|98\/100\n|move|p1a: Strix|Volt Switch|p2a: Blissey\n|-damage|p2a: Blissey|90\/100\n|\n|t:|1700331858\n|switch|p1a: Boji|Rillaboom, F|99\/100|[from] Volt Switch\n|\n|-heal|p1a: Boji|100\/100|[from] Grassy Terrain\n|-heal|p2a: Blissey|96\/100|[from] Grassy Terrain\n|upkeep\n|turn|31\n|\n|t:|1700331863\n|move|p2a: Blissey|Protect|p2a: Blissey\n|-singleturn|p2a: Blissey|Protect\n|move|p1a: Boji|Knock Off|p2a: Blissey\n|-activate|p2a: Blissey|move: Protect\n|\n|-heal|p2a: Blissey|100\/100|[from] Grassy Terrain\n|upkeep\n|turn|32\n|\n|t:|1700331868\n|switch|p2a: Toxapex|Toxapex, M, shiny|100\/100\n|-damage|p2a: Toxapex|88\/100|[from] Stealth Rock\n|-damage|p2a: Toxapex|76\/100|[from] Spikes\n|move|p1a: Boji|Knock Off|p2a: Toxapex\n|-crit|p2a: Toxapex\n|-damage|p2a: Toxapex|39\/100\n|\n|-heal|p2a: Toxapex|45\/100|[from] Grassy Terrain\n|upkeep\n|turn|33\n|\n|t:|1700331875\n|switch|p1a: Strix|Zapdos|74\/100\n|move|p2a: Toxapex|Recover|p2a: Toxapex\n|-heal|p2a: Toxapex|96\/100\n|\n|-heal|p2a: Toxapex|100\/100|[from] Grassy Terrain\n|-fieldend|move: Grassy Terrain\n|upkeep\n|turn|34\n|\n|t:|1700331880\n|move|p1a: Strix|Volt Switch|p2a: Toxapex\n|-supereffective|p2a: Toxapex\n|-damage|p2a: Toxapex|54\/100\n|\n|t:|1700331884\n|switch|p1a: Kleg|Heatran, F|24\/100|[from] Volt Switch\n|move|p2a: Toxapex|Toxic|p1a: Kleg\n|-immune|p1a: Kleg\n|\n|upkeep\n|turn|35\n|\n|t:|1700331893\n|switch|p1a: Boji|Rillaboom, F|100\/100\n|-fieldstart|move: Grassy Terrain|[from] ability: Grassy Surge|[of] p1a: Boji\n|switch|p2a: Alomomola|Alomomola, M, shiny|100\/100\n|\n|upkeep\n|turn|36\n|\n|t:|1700331902\n|move|p2a: Alomomola|Protect|p2a: Alomomola\n|-singleturn|p2a: Alomomola|Protect\n|move|p1a: Boji|U-turn|p2a: Alomomola\n|-activate|p2a: Alomomola|move: Protect\n|\n|upkeep\n|turn|37\n|\n|t:|1700331909\n|move|p1a: Boji|U-turn|p2a: Alomomola\n|-damage|p2a: Alomomola|81\/100\n|\n|t:|1700331911\n|switch|p1a: Strix|Zapdos|74\/100|[from] U-turn\n|move|p2a: Alomomola|Wish|p2a: Alomomola\n|\n|-heal|p2a: Alomomola|88\/100|[from] Grassy Terrain\n|upkeep\n|turn|38\n|\n|t:|1700331918\n|switch|p2a: Blissey|Blissey, F, shiny|100\/100\n|move|p1a: Strix|Volt Switch|p2a: Blissey\n|-damage|p2a: Blissey|92\/100\n|\n|t:|1700331931\n|switch|p1a: Xeril|Kingambit, F|100\/100|[from] Volt Switch\n|-activate|p1a: Xeril|ability: Supreme Overlord\n|-start|p1a: Xeril|fallen1|[silent]\n|\n|-heal|p2a: Blissey|100\/100|[from] move: Wish|[wisher] Alomomola\n|upkeep\n|turn|39\n|\n|t:|1700331938\n|-end|p1a: Xeril|fallen1|[silent]\n|switch|p1a: Boji|Rillaboom, F|100\/100\n|switch|p2a: Corviknight|Corviknight, F, shiny|63\/100\n|-damage|p2a: Corviknight|51\/100|[from] Stealth Rock\n|-ability|p2a: Corviknight|Pressure\n|\n|-heal|p2a: Corviknight|57\/100|[from] item: Leftovers\n|-fieldend|move: Grassy Terrain\n|upkeep\n|turn|40\n|j| AxelFactor_34\n|\n|t:|1700331952\n|move|p1a: Boji|Knock Off|p2a: Corviknight\n|-damage|p2a: Corviknight|20\/100\n|-enditem|p2a: Corviknight|Leftovers|[from] move: Knock Off|[of] p1a: Boji\n|move|p2a: Corviknight|Roost|p2a: Corviknight\n|-heal|p2a: Corviknight|70\/100\n|-singleturn|p2a: Corviknight|move: Roost\n|\n|upkeep\n|turn|41\n|\n|t:|1700331957\n|switch|p1a: Strix|Zapdos|74\/100\n|move|p2a: Corviknight|Defog|p1a: Strix\n|-unboost|p1a: Strix|evasion|1\n|-sideend|p2: Iceman8911|Spikes|[from] move: Defog|[of] p2a: Corviknight\n|-sideend|p2: Iceman8911|Stealth Rock|[from] move: Defog|[of] p2a: Corviknight\n|\n|upkeep\n|turn|42\n|\n|t:|1700331962\n|switch|p2a: Blissey|Blissey, F, shiny|100\/100\n|move|p1a: Strix|Volt Switch|p2a: Blissey\n|-crit|p2a: Blissey\n|-damage|p2a: Blissey|88\/100\n|\n|t:|1700331965\n|switch|p1a: Kleg|Heatran, F|24\/100|[from] Volt Switch\n|\n|upkeep\n|turn|43\n|\n|t:|1700331968\n|move|p1a: Kleg|Stealth Rock|p2a: Blissey\n|-sidestart|p2: Iceman8911|move: Stealth Rock\n|move|p2a: Blissey|Seismic Toss|p1a: Kleg\n|-damage|p1a: Kleg|0 fnt\n|faint|p1a: Kleg\n|\n|upkeep\n|\n|t:|1700331974\n|switch|p1a: Xeril|Kingambit, F|100\/100\n|-activate|p1a: Xeril|ability: Supreme Overlord\n|-start|p1a: Xeril|fallen2|[silent]\n|turn|44\n|\n|t:|1700331980\n|switch|p2a: Alomomola|Alomomola, M, shiny|100\/100\n|move|p1a: Xeril|Kowtow Cleave|p2a: Alomomola\n|-damage|p2a: Alomomola|61\/100\n|\n|upkeep\n|turn|45\n|c|\u2606Iceman8911|black glasses i believe?\n|\n|t:|1700332009\n|-end|p1a: Xeril|fallen2|[silent]\n|switch|p1a: Strix|Zapdos|74\/100\n|move|p2a: Alomomola|Flip Turn|p1a: Strix\n|-damage|p1a: Strix|60\/100\n|\n|t:|1700332016\n|switch|p2a: Clefable|Clefable, F|89\/100|[from] Flip Turn\n|\n|-heal|p2a: Clefable|95\/100|[from] item: Leftovers\n|upkeep\n|turn|46\n|c|\u2606AquiIo|indeed\n|\n|t:|1700332030\n|move|p1a: Strix|Thunder Wave|p2a: Clefable\n|-status|p2a: Clefable|par\n|move|p2a: Clefable|Knock Off|p1a: Strix\n|-damage|p1a: Strix|46\/100\n|-enditem|p1a: Strix|Heavy-Duty Boots|[from] move: Knock Off|[of] p2a: Clefable\n|\n|-heal|p2a: Clefable|100\/100 par|[from] item: Leftovers\n|upkeep\n|turn|47\n|\n|t:|1700332035\n|move|p1a: Strix|Roost|p1a: Strix\n|-heal|p1a: Strix|96\/100\n|-singleturn|p1a: Strix|move: Roost\n|move|p2a: Clefable|Stealth Rock|p1a: Strix\n|-sidestart|p1: AquiIo|move: Stealth Rock\n|\n|upkeep\n|turn|48\n|\n|t:|1700332041\n|move|p1a: Strix|Hurricane|p2a: Clefable\n|-damage|p2a: Clefable|71\/100 par\n|-start|p2a: Clefable|confusion\n|-activate|p2a: Clefable|confusion\n|-damage|p2a: Clefable|64\/100 par|[from] confusion\n|\n|-heal|p2a: Clefable|70\/100 par|[from] item: Leftovers\n|upkeep\n|turn|49\n|\n|t:|1700332046\n|move|p1a: Strix|Volt Switch|p2a: Clefable\n|-damage|p2a: Clefable|50\/100 par\n|\n|t:|1700332057\n|switch|p1a: Ferok|Slowking, M, shiny|100\/100|[from] Volt Switch\n|-activate|p2a: Clefable|confusion\n|move|p2a: Clefable|Moonlight|p2a: Clefable\n|-heal|p2a: Clefable|99\/100 par\n|\n|-heal|p2a: Clefable|100\/100 par|[from] item: Leftovers\n|upkeep\n|turn|50\n|\n|t:|1700332063\n|-end|p2a: Clefable|confusion\n|cant|p2a: Clefable|par\n|move|p1a: Ferok|Future Sight|p2a: Clefable\n|-start|p1a: Ferok|move: Future Sight\n|\n|upkeep\n|turn|51\n|\n|t:|1700332068\n|switch|p2a: Blissey|Blissey, F, shiny|88\/100\n|move|p1a: Ferok|Chilly Reception|p1a: Ferok\n|-weather|Snow\n|c| AxelFactor_34|one must image sisyphus happy\n|\n|t:|1700332077\n|switch|p1a: Xeril|Kingambit, F|100\/100|[from] Chilly Reception\n|-damage|p1a: Xeril|94\/100|[from] Stealth Rock\n|-activate|p1a: Xeril|ability: Supreme Overlord\n|-start|p1a: Xeril|fallen2|[silent]\n|\n|-weather|Snow|[upkeep]\n|upkeep\n|turn|52\n|c|\u2606Iceman8911|lol\n|c| AxelFactor_34|*imagine\n|\n|t:|1700332083\n|move|p2a: Blissey|Protect|p2a: Blissey\n|-singleturn|p2a: Blissey|Protect\n|move|p1a: Xeril|Kowtow Cleave|p2a: Blissey\n|-activate|p2a: Blissey|move: Protect\n|\n|-weather|Snow|[upkeep]\n|-end|p2a: Blissey|move: Future Sight\n|-damage|p2a: Blissey|77\/100\n|upkeep\n|turn|53\n|\n|t:|1700332092\n|switch|p2a: Dondozo|Dondozo, F, shiny|100\/100\n|move|p1a: Xeril|Kowtow Cleave|p2a: Dondozo\n|-damage|p2a: Dondozo|71\/100\n|\n|-weather|Snow|[upkeep]\n|upkeep\n|turn|54\n|\n|t:|1700332099\n|-end|p1a: Xeril|fallen2|[silent]\n|switch|p1a: Boji|Rillaboom, F|100\/100\n|-damage|p1a: Boji|88\/100|[from] Stealth Rock\n|-fieldstart|move: Grassy Terrain|[from] ability: Grassy Surge|[of] p1a: Boji\n|move|p2a: Dondozo|Waterfall|p1a: Boji\n|-resisted|p1a: Boji\n|-damage|p1a: Boji|74\/100\n|\n|-weather|Snow|[upkeep]\n|-heal|p1a: Boji|81\/100|[from] Grassy Terrain\n|-heal|p2a: Dondozo|77\/100|[from] Grassy Terrain\n|upkeep\n|turn|55\n|\n|t:|1700332106\n|switch|p2a: Corviknight|Corviknight, F, shiny|70\/100\n|-damage|p2a: Corviknight|58\/100|[from] Stealth Rock\n|-ability|p2a: Corviknight|Pressure\n|move|p1a: Boji|U-turn|p2a: Corviknight\n|-resisted|p2a: Corviknight\n|-damage|p2a: Corviknight|52\/100\n|\n|t:|1700332108\n|switch|p1a: Strix|Zapdos|96\/100|[from] U-turn\n|-damage|p1a: Strix|71\/100|[from] Stealth Rock\n|\n|-weather|none\n|upkeep\n|turn|56\n|\n|t:|1700332116\n|switch|p2a: Blissey|Blissey, F, shiny|77\/100\n|move|p1a: Strix|Volt Switch|p2a: Blissey\n|-damage|p2a: Blissey|68\/100\n|\n|t:|1700332124\n|switch|p1a: Xeril|Kingambit, F|94\/100|[from] Volt Switch\n|-damage|p1a: Xeril|88\/100|[from] Stealth Rock\n|-activate|p1a: Xeril|ability: Supreme Overlord\n|-start|p1a: Xeril|fallen2|[silent]\n|\n|-heal|p1a: Xeril|94\/100|[from] Grassy Terrain\n|-heal|p2a: Blissey|74\/100|[from] Grassy Terrain\n|upkeep\n|turn|57\n|\n|t:|1700332127\n|switch|p2a: Alomomola|Alomomola, M, shiny|94\/100\n|move|p1a: Xeril|Kowtow Cleave|p2a: Alomomola\n|-damage|p2a: Alomomola|53\/100\n|\n|-heal|p1a: Xeril|100\/100|[from] Grassy Terrain\n|-heal|p2a: Alomomola|59\/100|[from] Grassy Terrain\n|upkeep\n|turn|58\n|\n|t:|1700332133\n|move|p1a: Xeril|Swords Dance|p1a: Xeril\n|-boost|p1a: Xeril|atk|2\n|move|p2a: Alomomola|Wish|p2a: Alomomola\n|\n|-heal|p2a: Alomomola|65\/100|[from] Grassy Terrain\n|-fieldend|move: Grassy Terrain\n|upkeep\n|turn|59\n|\n|t:|1700332136\n|switch|p2a: Dondozo|Dondozo, F, shiny|77\/100\n|move|p1a: Xeril|Kowtow Cleave|p2a: Dondozo\n|-damage|p2a: Dondozo|45\/100\n|\n|-heal|p2a: Dondozo|98\/100|[from] move: Wish|[wisher] Alomomola\n|upkeep\n|turn|60\n|\n|t:|1700332143\n|-end|p1a: Xeril|fallen2|[silent]\n|switch|p1a: Boji|Rillaboom, F|81\/100\n|-damage|p1a: Boji|68\/100|[from] Stealth Rock\n|-fieldstart|move: Grassy Terrain|[from] ability: Grassy Surge|[of] p1a: Boji\n|move|p2a: Dondozo|Body Press|p1a: Boji\n|-damage|p1a: Boji|42\/100\n|\n|-heal|p1a: Boji|48\/100|[from] Grassy Terrain\n|-heal|p2a: Dondozo|100\/100|[from] Grassy Terrain\n|upkeep\n|turn|61\n|\n|t:|1700332158\n|switch|p2a: Toxapex|Toxapex, M, shiny|88\/100\n|-damage|p2a: Toxapex|75\/100|[from] Stealth Rock\n|move|p1a: Boji|Wood Hammer|p2a: Toxapex\n|-damage|p2a: Toxapex|0 fnt\n|faint|p2a: Toxapex\n|-damage|p1a: Boji|30\/100|[from] Recoil\n|\n|-heal|p1a: Boji|36\/100|[from] Grassy Terrain\n|upkeep\n|\n|t:|1700332161\n|switch|p2a: Corviknight|Corviknight, F, shiny|52\/100\n|-damage|p2a: Corviknight|40\/100|[from] Stealth Rock\n|-ability|p2a: Corviknight|Pressure\n|turn|62\n|\n|t:|1700332167\n|switch|p1a: Strix|Zapdos|71\/100\n|-damage|p1a: Strix|46\/100|[from] Stealth Rock\n|move|p2a: Corviknight|Defog|p1a: Strix\n|-unboost|p1a: Strix|evasion|1\n|-sideend|p1: AquiIo|Stealth Rock|[from] move: Defog|[of] p2a: Corviknight\n|-sideend|p2: Iceman8911|Stealth Rock|[from] move: Defog|[of] p2a: Corviknight\n|-fieldend|move: Grassy Terrain\n|\n|upkeep\n|turn|63\n|\n|t:|1700332171\n|switch|p2a: Clefable|Clefable, F|100\/100 par\n|move|p1a: Strix|Roost|p1a: Strix\n|-heal|p1a: Strix|96\/100\n|-singleturn|p1a: Strix|move: Roost\n|\n|upkeep\n|turn|64\n|\n|t:|1700332175\n|move|p1a: Strix|Volt Switch|p2a: Clefable\n|-damage|p2a: Clefable|82\/100 par\n|\n|t:|1700332180\n|switch|p1a: Ferok|Slowking, M, shiny|100\/100|[from] Volt Switch\n|move|p2a: Clefable|Stealth Rock|p1a: Ferok\n|-sidestart|p1: AquiIo|move: Stealth Rock\n|\n|-heal|p2a: Clefable|88\/100 par|[from] item: Leftovers\n|upkeep\n|turn|65\n|\n|t:|1700332188\n|switch|p2a: Alomomola|Alomomola, M, shiny|99\/100\n|move|p1a: Ferok|Future Sight|p2a: Alomomola\n|-start|p1a: Ferok|move: Future Sight\n|\n|upkeep\n|turn|66\n|\n|t:|1700332192\n|move|p2a: Alomomola|Wish|p2a: Alomomola\n|move|p1a: Ferok|Chilly Reception|p1a: Ferok\n|-weather|Snow\n|\n|t:|1700332216\n|switch|p1a: Xeril|Kingambit, F|100\/100|[from] Chilly Reception\n|-damage|p1a: Xeril|94\/100|[from] Stealth Rock\n|-activate|p1a: Xeril|ability: Supreme Overlord\n|-start|p1a: Xeril|fallen2|[silent]\n|\n|-weather|Snow|[upkeep]\n|upkeep\n|turn|67\n|\n|t:|1700332229\n|move|p1a: Xeril|Kowtow Cleave|p2a: Alomomola\n|-damage|p2a: Alomomola|62\/100\n|move|p2a: Alomomola|Flip Turn|p1a: Xeril\n|-damage|p1a: Xeril|80\/100\n|\n|t:|1700332234\n|switch|p2a: Corviknight|Corviknight, F, shiny|40\/100|[from] Flip Turn\n|-ability|p2a: Corviknight|Pressure\n|\n|-weather|Snow|[upkeep]\n|-end|p2a: Corviknight|move: Future Sight\n|-resisted|p2a: Corviknight\n|-damage|p2a: Corviknight|17\/100\n|-heal|p2a: Corviknight|88\/100|[from] move: Wish|[wisher] Alomomola\n|upkeep\n|turn|68\n|\n|t:|1700332244\n|-end|p1a: Xeril|fallen2|[silent]\n|switch|p1a: Strix|Zapdos|96\/100\n|-damage|p1a: Strix|71\/100|[from] Stealth Rock\n|move|p2a: Corviknight|Iron Defense|p2a: Corviknight\n|-boost|p2a: Corviknight|def|2\n|\n|-weather|Snow|[upkeep]\n|upkeep\n|turn|69\n|\n|t:|1700332249\n|switch|p2a: Blissey|Blissey, F, shiny|74\/100\n|move|p1a: Strix|Volt Switch|p2a: Blissey\n|-damage|p2a: Blissey|66\/100\n|\n|t:|1700332256\n|switch|p1a: Xeril|Kingambit, F|80\/100|[from] Volt Switch\n|-damage|p1a: Xeril|74\/100|[from] Stealth Rock\n|-activate|p1a: Xeril|ability: Supreme Overlord\n|-start|p1a: Xeril|fallen2|[silent]\n|\n|-weather|Snow|[upkeep]\n|upkeep\n|turn|70\n|c|\u2606Iceman8911|aight\n|c|\u2606Iceman8911|I doubt you can break through this now\n|c|\u2606AquiIo|i also doubt it\n|c|\u2606AquiIo|but not gonna forfeit just yet\n|c|\u2606Iceman8911|lol\n|inactive|AquiIo has 120 seconds left.\n|c|\u2606AquiIo|feel like there's still a chance\n|c|\u2606Iceman8911|Lets see\n|\n|t:|1700332294\n|switch|p2a: Corviknight|Corviknight, F, shiny|88\/100\n|-ability|p2a: Corviknight|Pressure\n|move|p1a: Xeril|Swords Dance|p1a: Xeril\n|-boost|p1a: Xeril|atk|2\n|\n|-weather|none\n|upkeep\n|turn|71\n|inactive|AquiIo has 120 seconds left.\n|\n|t:|1700332302\n|-terastallize|p1a: Xeril|Dark\n|move|p2a: Corviknight|Iron Defense|p2a: Corviknight\n|-boost|p2a: Corviknight|def|2\n|move|p1a: Xeril|Kowtow Cleave|p2a: Corviknight\n|-damage|p2a: Corviknight|32\/100\n|\n|upkeep\n|turn|72\n|\n|t:|1700332309\n|move|p2a: Corviknight|Roost|p2a: Corviknight\n|-heal|p2a: Corviknight|82\/100\n|-singleturn|p2a: Corviknight|move: Roost\n|move|p1a: Xeril|Kowtow Cleave|p2a: Corviknight\n|-damage|p2a: Corviknight|25\/100\n|\n|upkeep\n|turn|73\n|\n|t:|1700332319\n|move|p1a: Xeril|Sucker Punch||[still]\n|-fail|p1a: Xeril\n|move|p2a: Corviknight|Roost|p2a: Corviknight\n|-heal|p2a: Corviknight|75\/100\n|-singleturn|p2a: Corviknight|move: Roost\n|\n|upkeep\n|turn|74\n|\n|t:|1700332322\n|move|p2a: Corviknight|Body Press|p1a: Xeril\n|-supereffective|p1a: Xeril\n|-damage|p1a: Xeril|0 fnt\n|faint|p1a: Xeril\n|-end|p1a: Xeril|fallen2|[silent]\n|\n|upkeep\n|c|\u2606AquiIo|yeah okay gg\n|c|\u2606AquiIo|wp\n|\n|t:|1700332330\n|switch|p1a: Strix|Zapdos|71\/100\n|-damage|p1a: Strix|46\/100|[from] Stealth Rock\n|turn|75\n|c|\u2606Iceman8911|u2\n|\n|t:|1700332335\n|switch|p2a: Blissey|Blissey, F, shiny|66\/100\n|move|p1a: Strix|Roost|p1a: Strix\n|-heal|p1a: Strix|96\/100\n|-singleturn|p1a: Strix|move: Roost\n|\n|upkeep\n|turn|76\n|\n|t:|1700332342\n|move|p1a: Strix|Hurricane|p2a: Blissey\n|-damage|p2a: Blissey|53\/100\n|-start|p2a: Blissey|confusion\n|-activate|p2a: Blissey|confusion\n|move|p2a: Blissey|Seismic Toss|p1a: Strix\n|-damage|p1a: Strix|70\/100\n|\n|upkeep\n|turn|77\n|l| AxelFactor_34\n|\n|t:|1700332349\n|move|p1a: Strix|Volt Switch|p2a: Blissey\n|-damage|p2a: Blissey|45\/100\n|\n|t:|1700332352\n|switch|p1a: Ferok|Slowking, M, shiny|100\/100|[from] Volt Switch\n|-activate|p2a: Blissey|confusion\n|-damage|p2a: Blissey|44\/100|[from] confusion\n|\n|upkeep\n|turn|78\n|\n|t:|1700332358\n|-activate|p2a: Blissey|confusion\n|move|p2a: Blissey|Soft-Boiled|p2a: Blissey\n|-heal|p2a: Blissey|94\/100\n|move|p1a: Ferok|Future Sight|p2a: Blissey\n|-start|p1a: Ferok|move: Future Sight\n|\n|upkeep\n|turn|79\n|\n|t:|1700332367\n|-activate|p2a: Blissey|confusion\n|move|p2a: Blissey|Seismic Toss|p1a: Ferok\n|-damage|p1a: Ferok|75\/100\n|move|p1a: Ferok|Chilly Reception|p1a: Ferok\n|-weather|Snow\n|\n|t:|1700332370\n|switch|p1a: Boji|Rillaboom, F|36\/100|[from] Chilly Reception\n|-damage|p1a: Boji|23\/100|[from] Stealth Rock\n|-fieldstart|move: Grassy Terrain|[from] ability: Grassy Surge|[of] p1a: Boji\n|\n|-weather|Snow|[upkeep]\n|-heal|p1a: Boji|30\/100|[from] Grassy Terrain\n|-heal|p2a: Blissey|99\/100|[from] Grassy Terrain\n|upkeep\n|turn|80\n|\n|t:|1700332378\n|-end|p2a: Blissey|confusion\n|move|p2a: Blissey|Protect|p2a: Blissey\n|-singleturn|p2a: Blissey|Protect\n|move|p1a: Boji|Wood Hammer|p2a: Blissey\n|-activate|p2a: Blissey|move: Protect\n|\n|-weather|Snow|[upkeep]\n|-end|p2a: Blissey|move: Future Sight\n|-damage|p2a: Blissey|89\/100\n|-heal|p1a: Boji|36\/100|[from] Grassy Terrain\n|-heal|p2a: Blissey|95\/100|[from] Grassy Terrain\n|upkeep\n|turn|81\n|\n|t:|1700332387\n|switch|p2a: Corviknight|Corviknight, F, shiny|75\/100\n|-ability|p2a: Corviknight|Pressure\n|move|p1a: Boji|Wood Hammer|p2a: Corviknight\n|-resisted|p2a: Corviknight\n|-crit|p2a: Corviknight\n|-damage|p2a: Corviknight|42\/100\n|-damage|p1a: Boji|26\/100|[from] Recoil\n|\n|-weather|Snow|[upkeep]\n|-heal|p1a: Boji|32\/100|[from] Grassy Terrain\n|upkeep\n|turn|82\n|\n|t:|1700332393\n|switch|p1a: Strix|Zapdos|70\/100\n|-damage|p1a: Strix|45\/100|[from] Stealth Rock\n|move|p2a: Corviknight|Roost|p2a: Corviknight\n|-heal|p2a: Corviknight|92\/100\n|-singleturn|p2a: Corviknight|move: Roost\n|\n|-weather|Snow|[upkeep]\n|-heal|p2a: Corviknight|98\/100|[from] Grassy Terrain\n|upkeep\n|turn|83\n|\n|t:|1700332398\n|switch|p2a: Clefable|Clefable, F|88\/100 par\n|move|p1a: Strix|Roost|p1a: Strix\n|-heal|p1a: Strix|95\/100\n|-singleturn|p1a: Strix|move: Roost\n|\n|-weather|none\n|-heal|p1a: Strix|100\/100|[from] Grassy Terrain\n|-heal|p2a: Clefable|94\/100 par|[from] Grassy Terrain\n|-heal|p2a: Clefable|99\/100 par|[from] item: Leftovers\n|-fieldend|move: Grassy Terrain\n|upkeep\n|turn|84\n|\n|t:|1700332406\n|move|p1a: Strix|Hurricane|p2a: Clefable\n|-damage|p2a: Clefable|69\/100 par\n|move|p2a: Clefable|Knock Off|p1a: Strix\n|-damage|p1a: Strix|91\/100\n|\n|-heal|p2a: Clefable|75\/100 par|[from] item: Leftovers\n|upkeep\n|turn|85\n|\n|t:|1700332411\n|move|p1a: Strix|Hurricane|p2a: Clefable|[miss]\n|-miss|p1a: Strix|p2a: Clefable\n|move|p2a: Clefable|Moonblast|p1a: Strix\n|-damage|p1a: Strix|62\/100\n|\n|-heal|p2a: Clefable|81\/100 par|[from] item: Leftovers\n|upkeep\n|turn|86\n|\n|t:|1700332419\n|move|p1a: Strix|Hurricane|p2a: Clefable|[miss]\n|-miss|p1a: Strix|p2a: Clefable\n|cant|p2a: Clefable|par\n|\n|-heal|p2a: Clefable|87\/100 par|[from] item: Leftovers\n|upkeep\n|turn|87\n|\n|t:|1700332431\n|move|p1a: Strix|Hurricane|p2a: Clefable|[miss]\n|-miss|p1a: Strix|p2a: Clefable\n|cant|p2a: Clefable|par\n|\n|-heal|p2a: Clefable|93\/100 par|[from] item: Leftovers\n|upkeep\n|turn|88\n|\n|t:|1700332447\n|move|p1a: Strix|Hurricane|p2a: Clefable\n|-damage|p2a: Clefable|62\/100 par\n|move|p2a: Clefable|Moonblast|p1a: Strix\n|-damage|p1a: Strix|31\/100\n|\n|-heal|p2a: Clefable|68\/100 par|[from] item: Leftovers\n|upkeep\n|turn|89\n|\n|t:|1700332456\n|move|p1a: Strix|Hurricane|p2a: Clefable\n|-damage|p2a: Clefable|35\/100 par\n|-start|p2a: Clefable|confusion\n|-activate|p2a: Clefable|confusion\n|move|p2a: Clefable|Moonblast|p1a: Strix\n|-damage|p1a: Strix|0 fnt\n|faint|p1a: Strix\n|\n|-heal|p2a: Clefable|41\/100 par|[from] item: Leftovers\n|upkeep\n|\n|t:|1700332467\n|switch|p1a: Boji|Rillaboom, F|32\/100\n|-damage|p1a: Boji|20\/100|[from] Stealth Rock\n|-fieldstart|move: Grassy Terrain|[from] ability: Grassy Surge|[of] p1a: Boji\n|turn|90\n|\n|t:|1700332473\n|switch|p2a: Corviknight|Corviknight, F, shiny|98\/100\n|-ability|p2a: Corviknight|Pressure\n|move|p1a: Boji|U-turn|p2a: Corviknight\n|-resisted|p2a: Corviknight\n|-damage|p2a: Corviknight|92\/100\n|\n|t:|1700332475\n|switch|p1a: Ferok|Slowking, M, shiny|100\/100|[from] U-turn\n|\n|upkeep\n|turn|91\n|\n|t:|1700332480\n|switch|p2a: Clefable|Clefable, F|41\/100 par\n|move|p1a: Ferok|Scald|p2a: Clefable\n|-damage|p2a: Clefable|23\/100 par\n|\n|-heal|p2a: Clefable|30\/100 par|[from] Grassy Terrain\n|-heal|p2a: Clefable|36\/100 par|[from] item: Leftovers\n|upkeep\n|turn|92\n|\n|t:|1700332487\n|move|p2a: Clefable|Moonlight|p2a: Clefable\n|-heal|p2a: Clefable|85\/100 par\n|move|p1a: Ferok|Future Sight|p2a: Clefable\n|-start|p1a: Ferok|move: Future Sight\n|\n|-heal|p2a: Clefable|92\/100 par|[from] Grassy Terrain\n|-heal|p2a: Clefable|98\/100 par|[from] item: Leftovers\n|upkeep\n|turn|93\n|j| AxelFactor_34\n|\n|t:|1700332492\n|switch|p2a: Blissey|Blissey, F, shiny|95\/100\n|move|p1a: Ferok|Scald|p2a: Blissey\n|-damage|p2a: Blissey|87\/100\n|\n|-heal|p2a: Blissey|93\/100|[from] Grassy Terrain\n|upkeep\n|turn|94\n|l| IConsumeChairs\n|\n|t:|1700332499\n|move|p2a: Blissey|Protect|p2a: Blissey\n|-singleturn|p2a: Blissey|Protect\n|move|p1a: Ferok|Chilly Reception|p1a: Ferok\n|-weather|Snow\n|\n|t:|1700332501\n|switch|p1a: Boji|Rillaboom, F|20\/100|[from] Chilly Reception\n|-damage|p1a: Boji|7\/100|[from] Stealth Rock\n|\n|-weather|Snow|[upkeep]\n|-end|p2a: Blissey|move: Future Sight\n|-damage|p2a: Blissey|82\/100\n|-heal|p1a: Boji|13\/100|[from] Grassy Terrain\n|-heal|p2a: Blissey|88\/100|[from] Grassy Terrain\n|-fieldend|move: Grassy Terrain\n|upkeep\n|turn|95\n|\n|t:|1700332508\n|switch|p2a: Corviknight|Corviknight, F, shiny|92\/100\n|-ability|p2a: Corviknight|Pressure\n|move|p1a: Boji|Wood Hammer|p2a: Corviknight\n|-resisted|p2a: Corviknight\n|-damage|p2a: Corviknight|76\/100\n|-damage|p1a: Boji|9\/100|[from] Recoil\n|\n|-weather|Snow|[upkeep]\n|upkeep\n|turn|96\n|c| AxelFactor_34|he's already dead\n|\n|t:|1700332516\n|move|p1a: Boji|Wood Hammer|p2a: Corviknight\n|-resisted|p2a: Corviknight\n|-damage|p2a: Corviknight|61\/100\n|-damage|p1a: Boji|4\/100|[from] Recoil\n|move|p2a: Corviknight|Body Press|p1a: Boji\n|-damage|p1a: Boji|0 fnt\n|faint|p1a: Boji\n|\n|-weather|Snow|[upkeep]\n|upkeep\n|\n|t:|1700332518\n|switch|p1a: Ferok|Slowking, M, shiny|100\/100\n|turn|97\n|c| AxelFactor_34|lmao\n|\n|t:|1700332524\n|switch|p2a: Clefable|Clefable, F|98\/100 par\n|move|p1a: Ferok|Scald|p2a: Clefable\n|-damage|p2a: Clefable|80\/100 par\n|\n|-weather|Snow|[upkeep]\n|-heal|p2a: Clefable|86\/100 par|[from] item: Leftovers\n|upkeep\n|turn|98\n|c|\u2606AquiIo|slowking 1v5\n|c|\u2606AquiIo|i believe\n|c|\u2606Iceman8911|lmao\n|c| AxelFactor_34|this is torture\n|\n|t:|1700332551\n|cant|p2a: Clefable|par\n|move|p1a: Ferok|Future Sight|p2a: Clefable\n|-start|p1a: Ferok|move: Future Sight\n|\n|-weather|none\n|-heal|p2a: Clefable|92\/100 par|[from] item: Leftovers\n|upkeep\n|turn|99\n|l|\u2606Iceman8911\n|inactive|Iceman8911 disconnected and has a minute to reconnect!\n|player|p2|\n|c|\u2606AquiIo|unless?\n|inactive|Iceman8911 has 30 seconds to reconnect!\n|c|\u2606AquiIo|highkey if i win due to disconnect\n|inactive|Iceman8911 has 20 seconds to reconnect!\n|c|\u2606AquiIo|would be kinda silly\n|inactive|Iceman8911 has 15 seconds to reconnect!\n|inactive|Iceman8911 has 10 seconds to reconnect!\n|c|\u2606AquiIo|surely they will reconnect\n|c| AxelFactor_34|bruh moment\n|inactive|Iceman8911 has 5 seconds to reconnect!\n|c|\u2606AquiIo|surely\n|j|\u2606Iceman8911\n|inactive|Iceman8911 reconnected and has 70 seconds left.\n|player|p2|Iceman8911|1\n|inactive|Iceman8911 has 60 seconds left.\n|c| AxelFactor_34|crueltu\n|c|\u2606Iceman8911|Oof\n|c| AxelFactor_34|*y\n|\n|t:|1700332645\n|cant|p2a: Clefable|par\n|move|p1a: Ferok|Scald|p2a: Clefable\n|-damage|p2a: Clefable|73\/100 par\n|\n|-heal|p2a: Clefable|79\/100 par|[from] item: Leftovers\n|upkeep\n|turn|100\n|\n|t:|1700332658\n|move|p2a: Clefable|Knock Off|p1a: Ferok\n|-supereffective|p1a: Ferok\n|-damage|p1a: Ferok|70\/100\n|-enditem|p1a: Ferok|Heavy-Duty Boots|[from] move: Knock Off|[of] p2a: Clefable\n|move|p1a: Ferok|Scald|p2a: Clefable\n|-damage|p2a: Clefable|61\/100 par\n|\n|-end|p2a: Clefable|move: Future Sight\n|-damage|p2a: Clefable|34\/100 par\n|-heal|p2a: Clefable|40\/100 par|[from] item: Leftovers\n|upkeep\n|turn|101\n|\n|t:|1700332668\n|move|p2a: Clefable|Moonlight|p2a: Clefable\n|-heal|p2a: Clefable|90\/100 par\n|move|p1a: Ferok|Future Sight|p2a: Clefable\n|-start|p1a: Ferok|move: Future Sight\n|\n|-heal|p2a: Clefable|96\/100 par|[from] item: Leftovers\n|upkeep\n|turn|102\n|inactive|Iceman8911 has 60 seconds left.\n|\n|t:|1700332683\n|switch|p2a: Blissey|Blissey, F, shiny|88\/100\n|move|p1a: Ferok|Scald|p2a: Blissey\n|-damage|p2a: Blissey|80\/100\n|\n|upkeep\n|turn|103\n|\n|t:|1700332691\n|move|p2a: Blissey|Calm Mind|p2a: Blissey\n|-boost|p2a: Blissey|spa|1\n|-boost|p2a: Blissey|spd|1\n|move|p1a: Ferok|Chilly Reception|p1a: Ferok\n|-weather|Snow\n|\n|-weather|Snow|[upkeep]\n|-end|p2a: Blissey|move: Future Sight\n|-damage|p2a: Blissey|73\/100\n|upkeep\n|turn|104\n|\n|t:|1700332706\n|move|p2a: Blissey|Calm Mind|p2a: Blissey\n|-boost|p2a: Blissey|spa|1\n|-boost|p2a: Blissey|spd|1\n|move|p1a: Ferok|Scald|p2a: Blissey\n|-damage|p2a: Blissey|69\/100\n|\n|-weather|Snow|[upkeep]\n|upkeep\n|turn|105\n|inactive|Iceman8911 has 60 seconds left.\n|\n|t:|1700332745\n|move|p2a: Blissey|Seismic Toss|p1a: Ferok\n|-damage|p1a: Ferok|45\/100\n|move|p1a: Ferok|Future Sight|p2a: Blissey\n|-start|p1a: Ferok|move: Future Sight\n|\n|-weather|Snow|[upkeep]\n|upkeep\n|turn|106\n|inactive|AquiIo has 120 seconds left.\n|c|\u2606AquiIo|loving how we are playing the only remaining round one game\n|\n|t:|1700332769\n|move|p2a: Blissey|Seismic Toss|p1a: Ferok\n|-damage|p1a: Ferok|19\/100\n|move|p1a: Ferok|Slack Off|p1a: Ferok\n|-heal|p1a: Ferok|69\/100\n|\n|-weather|Snow|[upkeep]\n|upkeep\n|turn|107\n|\n|t:|1700332777\n|move|p2a: Blissey|Seismic Toss|p1a: Ferok\n|-damage|p1a: Ferok|44\/100\n|move|p1a: Ferok|Scald|p2a: Blissey\n|-crit|p2a: Blissey\n|-damage|p2a: Blissey|57\/100\n|-status|p2a: Blissey|brn\n|\n|-weather|none\n|-end|p2a: Blissey|move: Future Sight\n|-damage|p2a: Blissey|51\/100 brn\n|-damage|p2a: Blissey|45\/100 brn|[from] brn\n|upkeep\n|turn|108\n|j| Light Tbuild\n|\n|t:|1700332781\n|move|p2a: Blissey|Seismic Toss|p1a: Ferok\n|-damage|p1a: Ferok|19\/100\n|move|p1a: Ferok|Slack Off|p1a: Ferok\n|-heal|p1a: Ferok|69\/100\n|\n|-damage|p2a: Blissey|39\/100 brn|[from] brn\n|upkeep\n|turn|109\n|\n|t:|1700332784\n|move|p2a: Blissey|Soft-Boiled|p2a: Blissey\n|-heal|p2a: Blissey|89\/100 brn\n|move|p1a: Ferok|Future Sight|p2a: Blissey\n|-start|p1a: Ferok|move: Future Sight\n|\n|-damage|p2a: Blissey|83\/100 brn|[from] brn\n|upkeep\n|turn|110\n|\n|t:|1700332788\n|move|p2a: Blissey|Seismic Toss|p1a: Ferok\n|-damage|p1a: Ferok|43\/100\n|move|p1a: Ferok|Scald|p2a: Blissey\n|-crit|p2a: Blissey\n|-damage|p2a: Blissey|71\/100 brn\n|\n|-damage|p2a: Blissey|65\/100 brn|[from] brn\n|upkeep\n|turn|111\n|\n|t:|1700332792\n|move|p2a: Blissey|Seismic Toss|p1a: Ferok\n|-damage|p1a: Ferok|18\/100\n|move|p1a: Ferok|Slack Off|p1a: Ferok\n|-heal|p1a: Ferok|68\/100\n|\n|-end|p2a: Blissey|move: Future Sight\n|-damage|p2a: Blissey|59\/100 brn\n|-damage|p2a: Blissey|53\/100 brn|[from] brn\n|upkeep\n|turn|112\n|l| Light Tbuild\n|\n|t:|1700332798\n|move|p2a: Blissey|Seismic Toss|p1a: Ferok\n|-damage|p1a: Ferok|42\/100\n|move|p1a: Ferok|Future Sight|p2a: Blissey\n|-start|p1a: Ferok|move: Future Sight\n|\n|-damage|p2a: Blissey|47\/100 brn|[from] brn\n|upkeep\n|turn|113\n|c| AxelFactor_34|PLEASE\n|c| AxelFactor_34|IM NEXT\n|c| AxelFactor_34|FORFIET\n|\n|t:|1700332812\n|move|p2a: Blissey|Seismic Toss|p1a: Ferok\n|-damage|p1a: Ferok|17\/100\n|move|p1a: Ferok|Slack Off|p1a: Ferok\n|-heal|p1a: Ferok|67\/100\n|\n|-damage|p2a: Blissey|41\/100 brn|[from] brn\n|upkeep\n|turn|114\n|c| AxelFactor_34|THIS IS AGONT\n|c| AxelFactor_34|AGONY\n|c|\u2606AquiIo|never!!\n|\n|t:|1700332822\n|move|p2a: Blissey|Soft-Boiled|p2a: Blissey\n|-heal|p2a: Blissey|91\/100 brn\n|move|p1a: Ferok|Scald|p2a: Blissey\n|-damage|p2a: Blissey|86\/100 brn\n|\n|-end|p2a: Blissey|move: Future Sight\n|-damage|p2a: Blissey|80\/100 brn\n|-damage|p2a: Blissey|74\/100 brn|[from] brn\n|upkeep\n|turn|115\n|\n|t:|1700332832\n|move|p2a: Blissey|Seismic Toss|p1a: Ferok\n|-damage|p1a: Ferok|42\/100\n|move|p1a: Ferok|Future Sight|p2a: Blissey\n|-start|p1a: Ferok|move: Future Sight\n|\n|-damage|p2a: Blissey|68\/100 brn|[from] brn\n|upkeep\n|turn|116\n|c|\u2606AquiIo|i believe in slowking\n|c|\u2606Iceman8911|lol\n|\n|t:|1700332848\n|move|p2a: Blissey|Seismic Toss|p1a: Ferok\n|-damage|p1a: Ferok|16\/100\n|move|p1a: Ferok|Slack Off|p1a: Ferok\n|-heal|p1a: Ferok|66\/100\n|\n|-damage|p2a: Blissey|62\/100 brn|[from] brn\n|upkeep\n|turn|117\n|j| goofsterino\n|\n|t:|1700332858\n|move|p2a: Blissey|Seismic Toss|p1a: Ferok\n|-damage|p1a: Ferok|41\/100\n|move|p1a: Ferok|Scald|p2a: Blissey\n|-damage|p2a: Blissey|58\/100 brn\n|\n|-end|p2a: Blissey|move: Future Sight\n|-damage|p2a: Blissey|52\/100 brn\n|-damage|p2a: Blissey|46\/100 brn|[from] brn\n|upkeep\n|turn|118\n|j| Lacksatives\n|\n|t:|1700332867\n|move|p2a: Blissey|Soft-Boiled|p2a: Blissey\n|-heal|p2a: Blissey|96\/100 brn\n|move|p1a: Ferok|Slack Off|p1a: Ferok\n|-heal|p1a: Ferok|91\/100\n|\n|-damage|p2a: Blissey|90\/100 brn|[from] brn\n|upkeep\n|turn|119\n|j| poXSD\n|\n|t:|1700332877\n|move|p2a: Blissey|Seismic Toss|p1a: Ferok\n|-damage|p1a: Ferok|65\/100\n|move|p1a: Ferok|Future Sight|p2a: Blissey\n|-start|p1a: Ferok|move: Future Sight\n|\n|-damage|p2a: Blissey|83\/100 brn|[from] brn\n|upkeep\n|turn|120\n|inactive|Iceman8911 has 60 seconds left.\n|\n|t:|1700332888\n|move|p2a: Blissey|Seismic Toss|p1a: Ferok\n|-damage|p1a: Ferok|40\/100\n|move|p1a: Ferok|Scald|p2a: Blissey\n|-damage|p2a: Blissey|80\/100 brn\n|\n|-damage|p2a: Blissey|73\/100 brn|[from] brn\n|upkeep\n|turn|121\n|\n|t:|1700332892\n|move|p2a: Blissey|Seismic Toss|p1a: Ferok\n|-damage|p1a: Ferok|15\/100\n|move|p1a: Ferok|Slack Off|p1a: Ferok\n|-heal|p1a: Ferok|65\/100\n|\n|-end|p2a: Blissey|move: Future Sight\n|-damage|p2a: Blissey|67\/100 brn\n|-damage|p2a: Blissey|61\/100 brn|[from] brn\n|upkeep\n|turn|122\n|\n|t:|1700332899\n|move|p2a: Blissey|Seismic Toss|p1a: Ferok\n|-damage|p1a: Ferok|39\/100\n|move|p1a: Ferok|Future Sight|p2a: Blissey\n|-start|p1a: Ferok|move: Future Sight\n|\n|-damage|p2a: Blissey|55\/100 brn|[from] brn\n|upkeep\n|turn|123\n|c|\u2606AquiIo|fellas\n|c|\u2606AquiIo|the end is near\n|\n|t:|1700332907\n|move|p2a: Blissey|Seismic Toss|p1a: Ferok\n|-damage|p1a: Ferok|14\/100\n|move|p1a: Ferok|Slack Off|p1a: Ferok\n|-heal|p1a: Ferok|64\/100\n|\n|-damage|p2a: Blissey|49\/100 brn|[from] brn\n|upkeep\n|turn|124\n|inactive|Iceman8911 has 60 seconds left.\n|\n|t:|1700332930\n|move|p2a: Blissey|Seismic Toss|p1a: Ferok\n|-damage|p1a: Ferok|39\/100\n|move|p1a: Ferok|Scald|p2a: Blissey\n|-damage|p2a: Blissey|45\/100 brn\n|\n|-end|p2a: Blissey|move: Future Sight\n|-damage|p2a: Blissey|38\/100 brn\n|-damage|p2a: Blissey|32\/100 brn|[from] brn\n|upkeep\n|turn|125\n|\n|t:|1700332943\n|move|p2a: Blissey|Seismic Toss|p1a: Ferok\n|-damage|p1a: Ferok|13\/100\n|move|p1a: Ferok|Scald|p2a: Blissey\n|-damage|p2a: Blissey|29\/100 brn\n|\n|-damage|p2a: Blissey|23\/100 brn|[from] brn\n|upkeep\n|turn|126\n|c|\u2606AquiIo|ggs\n|c|\u2606AquiIo|wp\n|\n|t:|1700332950\n|move|p2a: Blissey|Seismic Toss|p1a: Ferok\n|-damage|p1a: Ferok|0 fnt\n|faint|p1a: Ferok\n|\n|win|Iceman8911\n|n|\u2606AquiIo|aquiio\n|n| AxelFactor_34|axelfactor34\n|n|\u2606Iceman8911|iceman8911\n|n| goofsterino|goofsterino\n|n| Lacksatives|lacksatives\n|n| poXSD|poxsd\n","uploadtime":1700332956,"views":24,"p1id":"aquiio","p2id":"iceman8911","formatid":"gen9ou","rating":0,"private":0,"password":""}