{"id":"gen9ou-1996525243","p1":"Hunter_of_Keys","p2":"Vizsla_falconer","format":"[Gen 9] OU","log":"|j|\u203dHunter_of_Keys\n|j|\u2606Vizsla_falconer\n|t:|1700690603\n|gametype|singles\n|player|p1|Hunter_of_Keys|clerk-boss|1436\n|player|p2|Vizsla_falconer|169|1332\n|teamsize|p1|6\n|teamsize|p2|6\n|gen|9\n|tier|[Gen 9] OU\n|rated|\n|rule|Sleep Clause Mod: Limit one foe put to sleep\n|rule|Species Clause: Limit one of each Pok\u00e9mon\n|rule|OHKO Clause: OHKO moves are banned\n|rule|Evasion Items Clause: Evasion items are banned\n|rule|Evasion Moves Clause: Evasion moves are banned\n|rule|Endless Battle Clause: Forcing endless battles is banned\n|rule|HP Percentage Mod: HP is shown in percentages\n|clearpoke\n|poke|p1|Espeon, F|\n|poke|p1|Armarouge, M|\n|poke|p1|Indeedee, M|\n|poke|p1|Gallade, M|\n|poke|p1|Cresselia, F|\n|poke|p1|Articuno-Galar|\n|poke|p2|Torkoal, F|\n|poke|p2|Walking Wake|\n|poke|p2|Scovillain, M|\n|poke|p2|Landorus-Therian, M|\n|poke|p2|Mimikyu, M|\n|poke|p2|Gholdengo|\n|teampreview\n|inactive|Battle timer is ON: inactive players will automatically lose when time's up. (requested by Hunter_of_Keys)\n|c|\u2606Vizsla_falconer|Cool mono team!\n|\n|t:|1700690624\n|start\n|switch|p1a: Indeedee|Indeedee, M|100\/100\n|switch|p2a: Landorus|Landorus-Therian, M|100\/100\n|-fieldstart|move: Psychic Terrain|[from] ability: Psychic Surge|[of] p1a: Indeedee\n|-ability|p2a: Landorus|Intimidate|boost\n|-unboost|p1a: Indeedee|atk|1\n|turn|1\n|\n|t:|1700690641\n|switch|p1a: Armarouge|Armarouge, M|100\/100\n|move|p2a: Landorus|U-turn|p1a: Armarouge\n|-damage|p1a: Armarouge|78\/100\n|-ability|p1a: Armarouge|Weak Armor|boost\n|-unboost|p1a: Armarouge|def|1\n|-boost|p1a: Armarouge|spe|2\n|\n|t:|1700690652\n|switch|p2a: Torkoal|Torkoal, F|100\/100|[from] U-turn\n|-weather|SunnyDay|[from] ability: Drought|[of] p2a: Torkoal\n|\n|-weather|SunnyDay|[upkeep]\n|upkeep\n|turn|2\n|\n|t:|1700690659\n|move|p1a: Armarouge|Expanding Force|p2a: Torkoal\n|-damage|p2a: Torkoal|0 fnt\n|faint|p2a: Torkoal\n|\n|-weather|SunnyDay|[upkeep]\n|upkeep\n|\n|t:|1700690668\n|switch|p2a: Scovillain|Scovillain, M|100\/100\n|turn|3\n|\n|t:|1700690679\n|move|p1a: Armarouge|Expanding Force|p2a: Scovillain\n|-damage|p2a: Scovillain|0 fnt\n|faint|p2a: Scovillain\n|\n|-weather|SunnyDay|[upkeep]\n|upkeep\n|inactive|Vizsla_falconer has 120 seconds left.\n|\n|t:|1700690720\n|switch|p2a: Mimikyu|Mimikyu, M|100\/100\n|turn|4\n|\n|t:|1700690738\n|move|p1a: Armarouge|Expanding Force|p2a: Mimikyu\n|-activate|p2a: Mimikyu|ability: Disguise\n|-damage|p2a: Mimikyu|100\/100\n|detailschange|p2a: Mimikyu|Mimikyu-Busted, M\n|-damage|p2a: Mimikyu|88\/100|[from] pokemon: Mimikyu-Busted\n|move|p2a: Mimikyu|Drain Punch|p1a: Armarouge\n|-resisted|p1a: Armarouge\n|-damage|p1a: Armarouge|53\/100\n|-heal|p2a: Mimikyu|100\/100|[from] drain|[of] p1a: Armarouge\n|-ability|p1a: Armarouge|Weak Armor|boost\n|-unboost|p1a: Armarouge|def|1\n|-boost|p1a: Armarouge|spe|2\n|-damage|p2a: Mimikyu|91\/100|[from] item: Life Orb\n|\n|-weather|SunnyDay|[upkeep]\n|upkeep\n|turn|5\n|inactive|Vizsla_falconer has 90 seconds left.\n|\n|t:|1700690779\n|switch|p2a: Landorus|Landorus-Therian, M|100\/100\n|-ability|p2a: Landorus|Intimidate|boost\n|-unboost|p1a: Armarouge|atk|1\n|move|p1a: Armarouge|Expanding Force|p2a: Landorus\n|-damage|p2a: Landorus|16\/100\n|\n|-weather|SunnyDay|[upkeep]\n|upkeep\n|turn|6\n|\n|t:|1700690796\n|move|p1a: Armarouge|Expanding Force|p2a: Landorus\n|-damage|p2a: Landorus|0 fnt\n|faint|p2a: Landorus\n|\n|-weather|SunnyDay|[upkeep]\n|upkeep\n|\n|t:|1700690804\n|switch|p2a: Walking Wake|Walking Wake|100\/100\n|-activate|p2a: Walking Wake|ability: Protosynthesis\n|-start|p2a: Walking Wake|protosynthesisspa\n|turn|7\n|\n|t:|1700690820\n|move|p1a: Armarouge|Endure|p1a: Armarouge\n|-singleturn|p1a: Armarouge|move: Endure\n|move|p2a: Walking Wake|Hydro Steam|p1a: Armarouge\n|-supereffective|p1a: Armarouge\n|-activate|p1a: Armarouge|move: Endure\n|-damage|p1a: Armarouge|1\/100\n|-enditem|p1a: Armarouge|Weakness Policy\n|-boost|p1a: Armarouge|atk|2|[from] item: Weakness Policy\n|-boost|p1a: Armarouge|spa|2|[from] item: Weakness Policy\n|-damage|p2a: Walking Wake|91\/100|[from] item: Life Orb\n|\n|-weather|SunnyDay|[upkeep]\n|upkeep\n|turn|8\n|inactive|Vizsla_falconer has 60 seconds left.\n|\n|t:|1700690836\n|move|p1a: Armarouge|Expanding Force|p2a: Walking Wake\n|-damage|p2a: Walking Wake|0 fnt\n|faint|p2a: Walking Wake\n|-end|p2a: Walking Wake|Protosynthesis|[silent]\n|\n|-weather|none\n|-fieldend|move: Psychic Terrain\n|upkeep\n|inactive|Vizsla_falconer has 60 seconds left.\n|\n|t:|1700690843\n|switch|p2a: Mimikyu|Mimikyu-Busted, M|91\/100\n|turn|9\n|\n|t:|1700690852\n|switch|p1a: Indeedee|Indeedee, M|100\/100\n|-fieldstart|move: Psychic Terrain|[from] ability: Psychic Surge|[of] p1a: Indeedee\n|move|p2a: Mimikyu|Shadow Sneak|p1a: Indeedee\n|-activate|p1a: Indeedee|move: Psychic Terrain\n|\n|upkeep\n|turn|10\n|\n|t:|1700690859\n|switch|p2a: Gholdengo|Gholdengo|100\/100\n|move|p1a: Indeedee|Psychic|p2a: Gholdengo\n|-resisted|p2a: Gholdengo\n|-damage|p2a: Gholdengo|69\/100\n|\n|-heal|p2a: Gholdengo|75\/100|[from] item: Leftovers\n|upkeep\n|turn|11\n|\n|t:|1700690871\n|move|p1a: Indeedee|Shadow Ball|p2a: Gholdengo\n|-supereffective|p2a: Gholdengo\n|-damage|p2a: Gholdengo|16\/100\n|-unboost|p2a: Gholdengo|spd|1\n|move|p2a: Gholdengo|Substitute|p2a: Gholdengo\n|-fail|p2a: Gholdengo|move: Substitute|[weak]\n|\n|-heal|p2a: Gholdengo|22\/100|[from] item: Leftovers\n|upkeep\n|turn|12\n|c|\u2606Vizsla_falconer|Jfc\n|\n|t:|1700690887\n|move|p1a: Indeedee|Shadow Ball|p2a: Gholdengo\n|-supereffective|p2a: Gholdengo\n|-damage|p2a: Gholdengo|0 fnt\n|faint|p2a: Gholdengo\n|\n|upkeep\n|\n|t:|1700690894\n|switch|p2a: Mimikyu|Mimikyu-Busted, M|91\/100\n|turn|13\n|c|\u2606Vizsla_falconer|I haven\u2019t been 6-0 with this team ever let alone by mono\n|inactive|Vizsla_falconer has 60 seconds left.\n|\n|t:|1700690918\n|move|p1a: Indeedee|Shadow Ball|p2a: Mimikyu\n|-supereffective|p2a: Mimikyu\n|-damage|p2a: Mimikyu|23\/100\n|-unboost|p2a: Mimikyu|spd|1\n|move|p2a: Mimikyu|Play Rough|p1a: Indeedee\n|-damage|p1a: Indeedee|0 fnt\n|faint|p1a: Indeedee\n|-damage|p2a: Mimikyu|13\/100|[from] item: Life Orb\n|\n|upkeep\n|\n|t:|1700690925\n|switch|p1a: Gallade|Gallade, M|100\/100\n|turn|14\n|inactive|Vizsla_falconer has 60 seconds left.\n|\n|t:|1700690943\n|move|p2a: Mimikyu|Play Rough|p1a: Gallade|[miss]\n|-miss|p2a: Mimikyu|p1a: Gallade\n|move|p1a: Gallade|Psycho Cut|p2a: Mimikyu\n|-damage|p2a: Mimikyu|0 fnt\n|faint|p2a: Mimikyu\n|\n|win|Hunter_of_Keys\n|raw|Hunter_of_Keys's rating: 1436 &rarr; <strong>1450<\/strong><br \/>(+14 for winning)\n|raw|Vizsla_falconer's rating: 1332 &rarr; <strong>1318<\/strong><br \/>(-14 for losing)\n|l|\u203dHunter_of_Keys\n","uploadtime":1700690956,"views":9,"p1id":"hunterofkeys","p2id":"vizslafalconer","formatid":"gen9ou","rating":1318,"private":0,"password":""}