{"id":"gen9ou-1997698378","p1":"OhLookARock3","p2":"Lohashka","format":"[Gen 9] OU","log":"|j|\u2606OhLookARock3\n|j|\u2606Lohashka\n|t:|1700843056\n|gametype|singles\n|player|p1|OhLookARock3|lady|1428\n|player|p2|Lohashka|elesa-gen5bw2|1368\n|teamsize|p1|6\n|teamsize|p2|6\n|gen|9\n|tier|[Gen 9] OU\n|rated|\n|rule|Sleep Clause Mod: Limit one foe put to sleep\n|rule|Species Clause: Limit one of each Pok\u00e9mon\n|rule|OHKO Clause: OHKO moves are banned\n|rule|Evasion Items Clause: Evasion items are banned\n|rule|Evasion Moves Clause: Evasion moves are banned\n|rule|Endless Battle Clause: Forcing endless battles is banned\n|rule|HP Percentage Mod: HP is shown in percentages\n|clearpoke\n|poke|p1|Ribombee, F|\n|poke|p1|Great Tusk|\n|poke|p1|Gholdengo|\n|poke|p1|Zapdos|\n|poke|p1|Kingambit, F|\n|poke|p1|Enamorus, F|\n|poke|p2|Samurott-Hisui, M|\n|poke|p2|Landorus-Therian, M|\n|poke|p2|Gholdengo|\n|poke|p2|Zamazenta-*|\n|poke|p2|Iron Valiant|\n|poke|p2|Slowking-Galar, M|\n|teampreview\n|inactive|Battle timer is ON: inactive players will automatically lose when time's up. (requested by OhLookARock3)\n|c|\u2606OhLookARock3|glhf!\n|\n|t:|1700843066\n|start\n|switch|p1a: Wriggle|Ribombee, F, shiny|100\/100\n|switch|p2a: Landorus|Landorus-Therian, M|100\/100\n|-ability|p2a: Landorus|Intimidate|boost\n|-unboost|p1a: Wriggle|atk|1\n|turn|1\n|\n|t:|1700843074\n|move|p1a: Wriggle|Sticky Web|p2a: Landorus\n|-sidestart|p2: Lohashka|move: Sticky Web\n|move|p2a: Landorus|Stealth Rock|p1a: Wriggle\n|-sidestart|p1: OhLookARock3|move: Stealth Rock\n|\n|upkeep\n|turn|2\n|\n|t:|1700843082\n|move|p1a: Wriggle|Stun Spore|p2a: Landorus\n|-status|p2a: Landorus|par\n|move|p2a: Landorus|U-turn|p1a: Wriggle\n|-resisted|p1a: Wriggle\n|-damage|p1a: Wriggle|77\/100\n|\n|t:|1700843090\n|switch|p2a: Zamazenta|Zamazenta|100\/100|[from] U-turn\n|-ability|p2a: Zamazenta|Dauntless Shield|boost\n|-boost|p2a: Zamazenta|def|1\n|\n|upkeep\n|turn|3\n|\n|t:|1700843096\n|move|p2a: Zamazenta|Iron Head|p1a: Wriggle\n|-supereffective|p1a: Wriggle\n|-damage|p1a: Wriggle|0 fnt\n|faint|p1a: Wriggle\n|\n|upkeep\n|\n|t:|1700843106\n|switch|p1a: Yuugi|Great Tusk|100\/100\n|-damage|p1a: Yuugi|97\/100|[from] Stealth Rock\n|-enditem|p1a: Yuugi|Booster Energy\n|-activate|p1a: Yuugi|ability: Protosynthesis|[fromitem]\n|-start|p1a: Yuugi|protosynthesisspe\n|turn|4\n|\n|t:|1700843112\n|switch|p2a: Landorus|Landorus-Therian, M|100\/100 par\n|-ability|p2a: Landorus|Intimidate|boost\n|-unboost|p1a: Yuugi|atk|1\n|move|p1a: Yuugi|Bulk Up|p1a: Yuugi\n|-boost|p1a: Yuugi|atk|1\n|-boost|p1a: Yuugi|def|1\n|\n|upkeep\n|turn|5\n|\n|t:|1700843119\n|move|p1a: Yuugi|Bulk Up|p1a: Yuugi\n|-boost|p1a: Yuugi|atk|1\n|-boost|p1a: Yuugi|def|1\n|move|p2a: Landorus|Grass Knot|p1a: Yuugi\n|-supereffective|p1a: Yuugi\n|-damage|p1a: Yuugi|28\/100\n|\n|upkeep\n|turn|6\n|\n|t:|1700843127\n|move|p1a: Yuugi|Ice Spinner|p2a: Landorus\n|-supereffective|p2a: Landorus\n|-damage|p2a: Landorus|0 fnt\n|-damage|p1a: Yuugi|12\/100|[from] item: Rocky Helmet|[of] p2a: Landorus\n|faint|p2a: Landorus\n|\n|upkeep\n|\n|t:|1700843136\n|switch|p2a: Iron Valiant|Iron Valiant|100\/100\n|turn|7\n|\n|t:|1700843140\n|move|p1a: Yuugi|Headlong Rush|p2a: Iron Valiant\n|-damage|p2a: Iron Valiant|8\/100\n|-unboost|p1a: Yuugi|def|1\n|-unboost|p1a: Yuugi|spd|1\n|move|p2a: Iron Valiant|Moonblast|p1a: Yuugi\n|-supereffective|p1a: Yuugi\n|-crit|p1a: Yuugi\n|-damage|p1a: Yuugi|0 fnt\n|faint|p1a: Yuugi\n|-end|p1a: Yuugi|Protosynthesis|[silent]\n|\n|upkeep\n|\n|t:|1700843144\n|switch|p1a: Iku|Zapdos|100\/100\n|turn|8\n|\n|t:|1700843159\n|move|p2a: Iron Valiant|Moonblast|p1a: Iku\n|-damage|p1a: Iku|43\/100\n|move|p1a: Iku|Volt Switch|p2a: Iron Valiant\n|-damage|p2a: Iron Valiant|0 fnt\n|faint|p2a: Iron Valiant\n|-end|p2a: Iron Valiant|Quark Drive|[silent]\n|\n|t:|1700843171\n|switch|p1a: Chimata|Gholdengo|100\/100|[from] Volt Switch\n|-damage|p1a: Chimata|94\/100|[from] Stealth Rock\n|-item|p1a: Chimata|Air Balloon\n|\n|upkeep\n|\n|t:|1700843177\n|switch|p2a: Samurott|Samurott-Hisui, M|100\/100\n|turn|9\n|\n|t:|1700843183\n|switch|p1a: Iku|Zapdos|43\/100\n|move|p2a: Samurott|Ceaseless Edge|p1a: Iku\n|-damage|p1a: Iku|0 fnt\n|-sidestart|p1: OhLookARock3|Spikes\n|faint|p1a: Iku\n|\n|upkeep\n|\n|t:|1700843195\n|switch|p1a: Yukari|Enamorus, F|100\/100\n|-damage|p1a: Yukari|76\/100|[from] Stealth Rock\n|turn|10\n|\n|t:|1700843210\n|switch|p2a: Gholdengo|Gholdengo|100\/100\n|-item|p2a: Gholdengo|Air Balloon\n|move|p1a: Yukari|Moonblast|p2a: Gholdengo\n|-resisted|p2a: Gholdengo\n|-damage|p2a: Gholdengo|70\/100\n|-enditem|p2a: Gholdengo|Air Balloon\n|\n|upkeep\n|turn|11\n|\n|t:|1700843227\n|switch|p2a: Zamazenta|Zamazenta|100\/100\n|move|p1a: Yukari|Moonblast|p2a: Zamazenta\n|-supereffective|p2a: Zamazenta\n|-damage|p2a: Zamazenta|6\/100\n|\n|upkeep\n|turn|12\n|c|\u2606Lohashka|???\n|c|\u2606OhLookARock3|what\n|c|\u2606Lohashka|why on earth you didn't switch\n|c|\u2606OhLookARock3|:D\n|inactive|Lohashka has 120 seconds left.\n|c|\u2606Lohashka|i want to understand\n|c|\u2606OhLookARock3|no\n|\n|t:|1700843256\n|switch|p2a: Slowking|Slowking-Galar, M|100\/100\n|move|p1a: Yukari|Moonblast|p2a: Slowking\n|-resisted|p2a: Slowking\n|-damage|p2a: Slowking|86\/100\n|\n|upkeep\n|turn|13\n|inactive|Lohashka has 120 seconds left.\n|\n|t:|1700843266\n|switch|p1a: Zanmu|Kingambit, F|100\/100\n|-damage|p1a: Zanmu|94\/100|[from] Stealth Rock\n|-damage|p1a: Zanmu|82\/100|[from] Spikes\n|-activate|p1a: Zanmu|ability: Supreme Overlord\n|-start|p1a: Zanmu|fallen3|[silent]\n|move|p2a: Slowking|Sludge Bomb|p1a: Zanmu\n|-immune|p1a: Zanmu\n|\n|upkeep\n|turn|14\n|inactive|Lohashka has 120 seconds left.\n|\n|t:|1700843278\n|-terastallize|p2a: Slowking|Water\n|move|p1a: Zanmu|Swords Dance|p1a: Zanmu\n|-boost|p1a: Zanmu|atk|2\n|move|p2a: Slowking|Surf|p1a: Zanmu\n|-damage|p1a: Zanmu|41\/100\n|\n|upkeep\n|turn|15\n|\n|t:|1700843290\n|move|p1a: Zanmu|Kowtow Cleave|p2a: Slowking\n|-damage|p2a: Slowking|0 fnt\n|faint|p2a: Slowking\n|\n|upkeep\n|\n|t:|1700843297\n|switch|p2a: Samurott|Samurott-Hisui, M|100\/100\n|turn|16\n|\n|t:|1700843302\n|move|p2a: Samurott|Razor Shell|p1a: Zanmu\n|-damage|p1a: Zanmu|2\/100\n|move|p1a: Zanmu|Kowtow Cleave|p2a: Samurott\n|-resisted|p2a: Samurott\n|-damage|p2a: Samurott|26\/100\n|\n|upkeep\n|turn|17\n|\n|t:|1700843308\n|move|p2a: Samurott|Sucker Punch|p1a: Zanmu\n|-resisted|p1a: Zanmu\n|-damage|p1a: Zanmu|0 fnt\n|faint|p1a: Zanmu\n|-end|p1a: Zanmu|fallen3|[silent]\n|\n|upkeep\n|\n|t:|1700843319\n|switch|p1a: Chimata|Gholdengo|94\/100\n|-damage|p1a: Chimata|88\/100|[from] Stealth Rock\n|-item|p1a: Chimata|Air Balloon\n|turn|18\n|\n|t:|1700843326\n|-terastallize|p1a: Chimata|Fighting\n|move|p2a: Samurott|Ceaseless Edge|p1a: Chimata\n|-resisted|p1a: Chimata\n|-damage|p1a: Chimata|63\/100\n|-enditem|p1a: Chimata|Air Balloon\n|-sidestart|p1: OhLookARock3|Spikes\n|move|p1a: Chimata|Nasty Plot|p1a: Chimata\n|-boost|p1a: Chimata|spa|2\n|\n|upkeep\n|turn|19\n|\n|t:|1700843335\n|move|p2a: Samurott|Razor Shell|p1a: Chimata\n|-damage|p1a: Chimata|7\/100\n|move|p1a: Chimata|Shadow Ball|p2a: Samurott\n|-resisted|p2a: Samurott\n|-damage|p2a: Samurott|0 fnt\n|faint|p2a: Samurott\n|\n|upkeep\n|\n|t:|1700843343\n|switch|p2a: Zamazenta|Zamazenta|6\/100\n|turn|20\n|\n|t:|1700843348\n|move|p2a: Zamazenta|Close Combat|p1a: Chimata\n|-damage|p1a: Chimata|0 fnt\n|-unboost|p2a: Zamazenta|def|1\n|-unboost|p2a: Zamazenta|spd|1\n|faint|p1a: Chimata\n|\n|upkeep\n|\n|t:|1700843350\n|switch|p1a: Yukari|Enamorus, F|76\/100\n|-damage|p1a: Yukari|51\/100|[from] Stealth Rock\n|turn|21\n|\n|t:|1700843356\n|move|p1a: Yukari|Earth Power|p2a: Zamazenta\n|-damage|p2a: Zamazenta|0 fnt\n|faint|p2a: Zamazenta\n|\n|upkeep\n|\n|t:|1700843360\n|switch|p2a: Gholdengo|Gholdengo|70\/100\n|-activate|p2a: Gholdengo|move: Sticky Web\n|-unboost|p2a: Gholdengo|spe|1\n|turn|22\n|\n|t:|1700843365\n|move|p1a: Yukari|Earth Power|p2a: Gholdengo\n|-supereffective|p2a: Gholdengo\n|-crit|p2a: Gholdengo\n|-damage|p2a: Gholdengo|0 fnt\n|faint|p2a: Gholdengo\n|\n|win|OhLookARock3\n|raw|OhLookARock3's rating: 1428 &rarr; <strong>1445<\/strong><br \/>(+17 for winning)\n|raw|Lohashka's rating: 1368 &rarr; <strong>1351<\/strong><br \/>(-17 for losing)\n|c|\u2606OhLookARock3|gg, wp!\n|c|\u2606Lohashka|stfu\n|l|\u2606Lohashka\n|c|\u2606OhLookARock3|lol\n","uploadtime":1700843400,"views":13,"p1id":"ohlookarock3","p2id":"lohashka","formatid":"gen9ou","rating":1351,"private":0,"password":""}