{"id":"gen9ou-1996100874","p1":"kweeko","p2":"ChillLanturnYT","format":"[Gen 9] OU","log":"|j|\u2606kweeko\n|j|\u2606ChillLanturnYT\n|t:|1700644204\n|gametype|singles\n|player|p1|kweeko|fisherman-gen4|1386\n|player|p2|ChillLanturnYT|palmer|1302\n|teamsize|p1|6\n|teamsize|p2|6\n|gen|9\n|tier|[Gen 9] OU\n|rated|\n|rule|Sleep Clause Mod: Limit one foe put to sleep\n|rule|Species Clause: Limit one of each Pok\u00e9mon\n|rule|OHKO Clause: OHKO moves are banned\n|rule|Evasion Items Clause: Evasion items are banned\n|rule|Evasion Moves Clause: Evasion moves are banned\n|rule|Endless Battle Clause: Forcing endless battles is banned\n|rule|HP Percentage Mod: HP is shown in percentages\n|clearpoke\n|poke|p1|Kingambit, F|\n|poke|p1|Great Tusk|\n|poke|p1|Dragapult, M|\n|poke|p1|Ogerpon-Wellspring, F|\n|poke|p1|Blissey, F|\n|poke|p1|Zapdos|\n|poke|p2|Empoleon, F|\n|poke|p2|Milotic, F|\n|poke|p2|Primeape, F|\n|poke|p2|Great Tusk|\n|poke|p2|Lurantis, F|\n|poke|p2|Goodra-Hisui, M|\n|teampreview\n|inactive|Battle timer is ON: inactive players will automatically lose when time's up. (requested by kweeko)\n|\n|t:|1700644213\n|start\n|switch|p1a: Great Tusk|Great Tusk|100\/100\n|switch|p2a: Primeape|Primeape, F|100\/100\n|turn|1\n|\n|t:|1700644223\n|move|p2a: Primeape|U-turn|p1a: Great Tusk\n|-resisted|p1a: Great Tusk\n|-damage|p1a: Great Tusk|94\/100\n|\n|t:|1700644227\n|switch|p2a: Lurantis|Lurantis, F|100\/100|[from] U-turn\n|move|p1a: Great Tusk|Bulk Up|p1a: Great Tusk\n|-boost|p1a: Great Tusk|atk|1\n|-boost|p1a: Great Tusk|def|1\n|\n|-heal|p1a: Great Tusk|100\/100|[from] item: Leftovers\n|upkeep\n|turn|2\n|\n|t:|1700644235\n|move|p1a: Great Tusk|Knock Off|p2a: Lurantis\n|-damage|p2a: Lurantis|58\/100\n|-enditem|p2a: Lurantis|Assault Vest|[from] move: Knock Off|[of] p1a: Great Tusk\n|move|p2a: Lurantis|Leaf Storm|p1a: Great Tusk\n|-supereffective|p1a: Great Tusk\n|-damage|p1a: Great Tusk|9\/100\n|-boost|p2a: Lurantis|spa|2\n|\n|-heal|p1a: Great Tusk|15\/100|[from] item: Leftovers\n|upkeep\n|turn|3\n|\n|t:|1700644247\n|-end|p1a: Great Tusk|Protosynthesis|[silent]\n|switch|p1a: Zapdos|Zapdos|100\/100\n|move|p2a: Lurantis|Superpower|p1a: Zapdos\n|-resisted|p1a: Zapdos\n|-damage|p1a: Zapdos|84\/100\n|-boost|p2a: Lurantis|atk|1\n|-boost|p2a: Lurantis|def|1\n|\n|upkeep\n|turn|4\n|\n|t:|1700644276\n|move|p1a: Zapdos|Volt Switch|p2a: Lurantis\n|-resisted|p2a: Lurantis\n|-damage|p2a: Lurantis|42\/100\n|\n|t:|1700644280\n|switch|p1a: Great Tusk|Great Tusk|15\/100|[from] Volt Switch\n|move|p2a: Lurantis|Poison Jab|p1a: Great Tusk\n|-resisted|p1a: Great Tusk\n|-damage|p1a: Great Tusk|2\/100\n|-status|p1a: Great Tusk|psn\n|\n|-heal|p1a: Great Tusk|8\/100 psn|[from] item: Leftovers\n|-damage|p1a: Great Tusk|0 fnt|[from] psn\n|faint|p1a: Great Tusk\n|-end|p1a: Great Tusk|Protosynthesis|[silent]\n|upkeep\n|\n|t:|1700644293\n|switch|p1a: Dragapult|Dragapult, M|100\/100\n|turn|5\n|\n|t:|1700644300\n|move|p1a: Dragapult|Shadow Ball|p2a: Lurantis\n|-damage|p2a: Lurantis|0 fnt\n|faint|p2a: Lurantis\n|\n|upkeep\n|\n|t:|1700644312\n|switch|p2a: Milotic|Milotic, F|100\/100\n|turn|6\n|\n|t:|1700644321\n|switch|p1a: Ogerpon|Ogerpon-Wellspring, F|100\/100\n|move|p2a: Milotic|Coil|p2a: Milotic\n|-boost|p2a: Milotic|atk|1\n|-boost|p2a: Milotic|def|1\n|-boost|p2a: Milotic|accuracy|1\n|\n|upkeep\n|turn|7\n|\n|t:|1700644327\n|switch|p2a: Goodra|Goodra-Hisui, M|100\/100\n|move|p1a: Ogerpon|Encore||[still]\n|-fail|p1a: Ogerpon\n|\n|upkeep\n|turn|8\n|\n|t:|1700644343\n|switch|p1a: Blissey|Blissey, F|100\/100\n|move|p2a: Goodra|Dragon Tail|p1a: Blissey\n|-damage|p1a: Blissey|77\/100\n|drag|p1a: Dragapult|Dragapult, M|100\/100\n|\n|upkeep\n|turn|9\n|\n|t:|1700644358\n|switch|p2a: Milotic|Milotic, F|100\/100\n|move|p1a: Dragapult|U-turn|p2a: Milotic\n|-damage|p2a: Milotic|83\/100\n|\n|t:|1700644371\n|switch|p1a: Zapdos|Zapdos|84\/100|[from] U-turn\n|\n|-heal|p2a: Milotic|89\/100|[from] item: Leftovers\n|upkeep\n|turn|10\n|\n|t:|1700644377\n|move|p1a: Zapdos|Volt Switch|p2a: Milotic\n|-supereffective|p2a: Milotic\n|-damage|p2a: Milotic|54\/100\n|\n|t:|1700644380\n|switch|p1a: Ogerpon|Ogerpon-Wellspring, F|100\/100|[from] Volt Switch\n|move|p2a: Milotic|Blizzard|p1a: Ogerpon\n|-damage|p1a: Ogerpon|71\/100\n|\n|-heal|p2a: Milotic|60\/100|[from] item: Leftovers\n|upkeep\n|turn|11\n|\n|t:|1700644391\n|switch|p2a: Goodra|Goodra-Hisui, M|100\/100\n|move|p1a: Ogerpon|Power Whip|p2a: Goodra\n|-ability|p2a: Goodra|Sap Sipper|boost\n|-boost|p2a: Goodra|atk|1\n|\n|upkeep\n|turn|12\n|\n|t:|1700644397\n|move|p1a: Ogerpon|U-turn|p2a: Goodra\n|-resisted|p2a: Goodra\n|-damage|p2a: Goodra|88\/100\n|\n|t:|1700644400\n|switch|p1a: Blissey|Blissey, F|77\/100|[from] U-turn\n|move|p2a: Goodra|Shelter|p2a: Goodra\n|-boost|p2a: Goodra|def|2\n|\n|-heal|p2a: Goodra|94\/100|[from] item: Leftovers\n|upkeep\n|turn|13\n|\n|t:|1700644413\n|switch|p1a: Ogerpon|Ogerpon-Wellspring, F|71\/100\n|move|p2a: Goodra|Body Press|p1a: Ogerpon\n|-damage|p1a: Ogerpon|24\/100\n|\n|-heal|p2a: Goodra|99\/100|[from] item: Leftovers\n|upkeep\n|turn|14\n|\n|t:|1700644423\n|switch|p1a: Dragapult|Dragapult, M|100\/100\n|move|p2a: Goodra|Heavy Slam|p1a: Dragapult\n|-damage|p1a: Dragapult|0 fnt\n|faint|p1a: Dragapult\n|\n|-heal|p2a: Goodra|100\/100|[from] item: Leftovers\n|upkeep\n|\n|t:|1700644433\n|switch|p1a: Kingambit|Kingambit, F|100\/100\n|-activate|p1a: Kingambit|ability: Supreme Overlord\n|-start|p1a: Kingambit|fallen2|[silent]\n|turn|15\n|\n|t:|1700644439\n|-terastallize|p1a: Kingambit|Dark\n|move|p1a: Kingambit|Swords Dance|p1a: Kingambit\n|-boost|p1a: Kingambit|atk|2\n|move|p2a: Goodra|Body Press|p1a: Kingambit\n|-supereffective|p1a: Kingambit\n|-damage|p1a: Kingambit|43\/100\n|\n|upkeep\n|turn|16\n|\n|t:|1700644447\n|move|p1a: Kingambit|Kowtow Cleave|p2a: Goodra\n|-damage|p2a: Goodra|24\/100\n|move|p2a: Goodra|Body Press|p1a: Kingambit\n|-supereffective|p1a: Kingambit\n|-crit|p1a: Kingambit\n|-damage|p1a: Kingambit|0 fnt\n|faint|p1a: Kingambit\n|-end|p1a: Kingambit|fallen2|[silent]\n|\n|-heal|p2a: Goodra|30\/100|[from] item: Leftovers\n|upkeep\n|\n|t:|1700644456\n|switch|p1a: Zapdos|Zapdos|84\/100\n|turn|17\n|\n|t:|1700644463\n|move|p1a: Zapdos|Heat Wave|p2a: Goodra\n|-damage|p2a: Goodra|11\/100\n|move|p2a: Goodra|Dragon Tail|p1a: Zapdos\n|-damage|p1a: Zapdos|50\/100\n|drag|p1a: Ogerpon|Ogerpon-Wellspring, F|24\/100\n|\n|-heal|p2a: Goodra|17\/100|[from] item: Leftovers\n|upkeep\n|turn|18\n|\n|t:|1700644476\n|move|p1a: Ogerpon|Encore|p2a: Goodra\n|-start|p2a: Goodra|Encore\n|move|p2a: Goodra|Dragon Tail|p1a: Ogerpon\n|-damage|p1a: Ogerpon|0 fnt\n|faint|p1a: Ogerpon\n|\n|-heal|p2a: Goodra|23\/100|[from] item: Leftovers\n|upkeep\n|-message|kweeko forfeited.\n|\n|win|ChillLanturnYT\n|raw|kweeko's rating: 1386 &rarr; <strong>1361<\/strong><br \/>(-25 for losing)\n|raw|ChillLanturnYT's rating: 1302 &rarr; <strong>1327<\/strong><br \/>(+25 for winning)\n|l|\u2606kweeko\n","uploadtime":1700644489,"views":1,"p1id":"kweeko","p2id":"chilllanturnyt","formatid":"gen9ou","rating":1327,"private":0,"password":""}