{"id":"gen9ou-1995192359","p1":"alt no. 599","p2":"pessii","format":"[Gen 9] OU","log":"|j|\u2606alt no. 599\n|j|\u2606pessii\n|t:|1700532953\n|gametype|singles\n|player|p1|alt no. 599|acetrainersnowf|1549\n|player|p2|pessii|preschooler|1588\n|teamsize|p1|6\n|teamsize|p2|6\n|gen|9\n|tier|[Gen 9] OU\n|rated|\n|rule|Sleep Clause Mod: Limit one foe put to sleep\n|rule|Species Clause: Limit one of each Pok\u00e9mon\n|rule|OHKO Clause: OHKO moves are banned\n|rule|Evasion Items Clause: Evasion items are banned\n|rule|Evasion Moves Clause: Evasion moves are banned\n|rule|Endless Battle Clause: Forcing endless battles is banned\n|rule|HP Percentage Mod: HP is shown in percentages\n|clearpoke\n|poke|p1|Gastrodon, F|\n|poke|p1|Heatran, M|\n|poke|p1|Landorus-Therian, M|\n|poke|p1|Zapdos|\n|poke|p1|Zamazenta-*|\n|poke|p1|Meowscarada, M|\n|poke|p2|Manaphy|\n|poke|p2|Kingambit, M|\n|poke|p2|Ribombee, F|\n|poke|p2|Gholdengo|\n|poke|p2|Iron Moth|\n|poke|p2|Ogerpon-Wellspring, F|\n|teampreview\n|inactive|Battle timer is ON: inactive players will automatically lose when time's up. (requested by pessii)\n|\n|t:|1700532972\n|start\n|switch|p1a: Gastrodon|Gastrodon, F|100\/100\n|switch|p2a: wildfiree|Ribombee, F, shiny|100\/100\n|turn|1\n|\n|t:|1700532976\n|move|p2a: wildfiree|Sticky Web|p1a: Gastrodon\n|-sidestart|p1: alt no. 599|move: Sticky Web\n|move|p1a: Gastrodon|Spikes|p2a: wildfiree\n|-sidestart|p2: pessii|Spikes\n|\n|upkeep\n|turn|2\n|\n|t:|1700532982\n|switch|p2a: faya|Ogerpon-Wellspring, F|100\/100\n|-damage|p2a: faya|88\/100|[from] Spikes\n|switch|p1a: Zapdos|Zapdos|100\/100\n|\n|upkeep\n|turn|3\n|\n|t:|1700532988\n|switch|p2a: wildfiree|Ribombee, F, shiny|100\/100\n|-damage|p2a: wildfiree|88\/100|[from] Spikes\n|move|p1a: Zapdos|Thunder Wave|p2a: wildfiree\n|-status|p2a: wildfiree|par\n|\n|upkeep\n|turn|4\n|\n|t:|1700532992\n|move|p1a: Zapdos|Volt Switch|p2a: wildfiree\n|-damage|p2a: wildfiree|40\/100 par\n|\n|t:|1700533000\n|switch|p1a: Gastrodon|Gastrodon, F|100\/100|[from] Volt Switch\n|-activate|p1a: Gastrodon|move: Sticky Web\n|-unboost|p1a: Gastrodon|spe|1\n|move|p2a: wildfiree|Moonblast|p1a: Gastrodon\n|-damage|p1a: Gastrodon|67\/100\n|\n|upkeep\n|turn|5\n|\n|t:|1700533007\n|cant|p2a: wildfiree|par\n|move|p1a: Gastrodon|Recover|p1a: Gastrodon\n|-heal|p1a: Gastrodon|100\/100\n|\n|upkeep\n|turn|6\n|\n|t:|1700533009\n|move|p2a: wildfiree|Stun Spore|p1a: Gastrodon\n|-status|p1a: Gastrodon|par\n|move|p1a: Gastrodon|Earth Power|p2a: wildfiree\n|-resisted|p2a: wildfiree\n|-damage|p2a: wildfiree|16\/100 par\n|\n|upkeep\n|turn|7\n|\n|t:|1700533015\n|move|p2a: wildfiree|Moonblast|p1a: Gastrodon\n|-damage|p1a: Gastrodon|71\/100 par\n|move|p1a: Gastrodon|Earth Power|p2a: wildfiree\n|-resisted|p2a: wildfiree\n|-damage|p2a: wildfiree|0 fnt\n|faint|p2a: wildfiree\n|\n|upkeep\n|\n|t:|1700533024\n|switch|p2a: faya|Ogerpon-Wellspring, F|88\/100\n|-damage|p2a: faya|76\/100|[from] Spikes\n|turn|8\n|\n|t:|1700533045\n|move|p2a: faya|Swords Dance|p2a: faya\n|-boost|p2a: faya|atk|2\n|move|p1a: Gastrodon|Clear Smog|p2a: faya\n|-supereffective|p2a: faya\n|-damage|p2a: faya|51\/100\n|-clearboost|p2a: faya\n|\n|upkeep\n|turn|9\n|\n|t:|1700533052\n|move|p2a: faya|Swords Dance|p2a: faya\n|-boost|p2a: faya|atk|2\n|move|p1a: Gastrodon|Clear Smog|p2a: faya\n|-supereffective|p2a: faya\n|-damage|p2a: faya|25\/100\n|-clearboost|p2a: faya\n|\n|upkeep\n|turn|10\n|\n|t:|1700533054\n|move|p2a: faya|Power Whip|p1a: Gastrodon\n|-supereffective|p1a: Gastrodon\n|-damage|p1a: Gastrodon|0 fnt\n|faint|p1a: Gastrodon\n|\n|upkeep\n|\n|t:|1700533058\n|switch|p1a: Meowscarada|Meowscarada, M|100\/100\n|turn|11\n|\n|t:|1700533070\n|switch|p2a: scarlet|Iron Moth|100\/100\n|-damage|p2a: scarlet|88\/100|[from] Spikes\n|-enditem|p2a: scarlet|Booster Energy\n|-activate|p2a: scarlet|ability: Quark Drive|[fromitem]\n|-start|p2a: scarlet|quarkdrivespe\n|move|p1a: Meowscarada|Knock Off|p2a: scarlet\n|-start|p1a: Meowscarada|typechange|Dark|[from] ability: Protean\n|-damage|p2a: scarlet|47\/100\n|\n|upkeep\n|turn|12\n|\n|t:|1700533087\n|switch|p1a: Heatran|Heatran, M|100\/100\n|-activate|p1a: Heatran|move: Sticky Web\n|-unboost|p1a: Heatran|spe|1\n|move|p2a: scarlet|Psychic|p1a: Heatran\n|-resisted|p1a: Heatran\n|-damage|p1a: Heatran|91\/100\n|\n|-heal|p1a: Heatran|97\/100|[from] item: Leftovers\n|upkeep\n|turn|13\n|\n|t:|1700533094\n|-end|p2a: scarlet|Quark Drive|[silent]\n|switch|p2a: HPDARKEAGLE|Manaphy|100\/100\n|-damage|p2a: HPDARKEAGLE|88\/100|[from] Spikes\n|move|p1a: Heatran|Earth Power|p2a: HPDARKEAGLE\n|-damage|p2a: HPDARKEAGLE|65\/100\n|\n|-heal|p2a: HPDARKEAGLE|71\/100|[from] item: Leftovers\n|-heal|p1a: Heatran|100\/100|[from] item: Leftovers\n|upkeep\n|turn|14\n|\n|t:|1700533100\n|switch|p1a: Zapdos|Zapdos|100\/100\n|move|p2a: HPDARKEAGLE|Acid Armor|p2a: HPDARKEAGLE\n|-boost|p2a: HPDARKEAGLE|def|2\n|\n|-heal|p2a: HPDARKEAGLE|77\/100|[from] item: Leftovers\n|upkeep\n|turn|15\n|\n|t:|1700533108\n|-terastallize|p2a: HPDARKEAGLE|Poison\n|move|p1a: Zapdos|Volt Switch|p2a: HPDARKEAGLE\n|-damage|p2a: HPDARKEAGLE|52\/100\n|\n|t:|1700533117\n|switch|p1a: Heatran|Heatran, M|100\/100|[from] Volt Switch\n|-activate|p1a: Heatran|move: Sticky Web\n|-unboost|p1a: Heatran|spe|1\n|move|p2a: HPDARKEAGLE|Stored Power|p1a: Heatran\n|-resisted|p1a: Heatran\n|-damage|p1a: Heatran|94\/100\n|\n|-heal|p2a: HPDARKEAGLE|58\/100|[from] item: Leftovers\n|-heal|p1a: Heatran|100\/100|[from] item: Leftovers\n|upkeep\n|turn|16\n|\n|t:|1700533123\n|move|p2a: HPDARKEAGLE|Scald|p1a: Heatran\n|-supereffective|p1a: Heatran\n|-damage|p1a: Heatran|50\/100\n|move|p1a: Heatran|Magma Storm|p2a: HPDARKEAGLE|[miss]\n|-miss|p1a: Heatran|p2a: HPDARKEAGLE\n|\n|-heal|p2a: HPDARKEAGLE|64\/100|[from] item: Leftovers\n|-heal|p1a: Heatran|56\/100|[from] item: Leftovers\n|upkeep\n|turn|17\n|\n|t:|1700533131\n|move|p2a: HPDARKEAGLE|Take Heart|p2a: HPDARKEAGLE\n|-boost|p2a: HPDARKEAGLE|spa|1\n|-boost|p2a: HPDARKEAGLE|spd|1\n|move|p1a: Heatran|Earth Power|p2a: HPDARKEAGLE\n|-supereffective|p2a: HPDARKEAGLE\n|-damage|p2a: HPDARKEAGLE|30\/100\n|\n|-heal|p2a: HPDARKEAGLE|36\/100|[from] item: Leftovers\n|-heal|p1a: Heatran|63\/100|[from] item: Leftovers\n|upkeep\n|turn|18\n|\n|t:|1700533134\n|move|p2a: HPDARKEAGLE|Scald|p1a: Heatran\n|-supereffective|p1a: Heatran\n|-damage|p1a: Heatran|0 fnt\n|faint|p1a: Heatran\n|\n|-heal|p2a: HPDARKEAGLE|42\/100|[from] item: Leftovers\n|upkeep\n|\n|t:|1700533140\n|switch|p1a: Meowscarada|Meowscarada, M|100\/100\n|turn|19\n|\n|t:|1700533143\n|move|p1a: Meowscarada|Flower Trick|p2a: HPDARKEAGLE\n|-start|p1a: Meowscarada|typechange|Grass|[from] ability: Protean\n|-resisted|p2a: HPDARKEAGLE\n|-crit|p2a: HPDARKEAGLE\n|-damage|p2a: HPDARKEAGLE|18\/100\n|move|p2a: HPDARKEAGLE|Scald|p1a: Meowscarada\n|-resisted|p1a: Meowscarada\n|-damage|p1a: Meowscarada|54\/100\n|\n|-heal|p2a: HPDARKEAGLE|24\/100|[from] item: Leftovers\n|upkeep\n|turn|20\n|\n|t:|1700533149\n|move|p1a: Meowscarada|Flower Trick|p2a: HPDARKEAGLE\n|-resisted|p2a: HPDARKEAGLE\n|-crit|p2a: HPDARKEAGLE\n|-damage|p2a: HPDARKEAGLE|0 fnt\n|faint|p2a: HPDARKEAGLE\n|\n|upkeep\n|\n|t:|1700533159\n|switch|p2a: awyp|Kingambit, M|100\/100\n|-damage|p2a: awyp|88\/100|[from] Spikes\n|-activate|p2a: awyp|ability: Supreme Overlord\n|-start|p2a: awyp|fallen2|[silent]\n|turn|21\n|\n|t:|1700533168\n|switch|p1a: Landorus|Landorus-Therian, M|100\/100\n|-ability|p1a: Landorus|Intimidate|boost\n|-unboost|p2a: awyp|atk|1\n|move|p2a: awyp|Low Kick|p1a: Landorus\n|-resisted|p1a: Landorus\n|-damage|p1a: Landorus|89\/100\n|\n|-heal|p1a: Landorus|95\/100|[from] item: Leftovers\n|upkeep\n|turn|22\n|\n|t:|1700533175\n|-end|p2a: awyp|fallen2|[silent]\n|switch|p2a: wessin|Gholdengo|100\/100\n|-item|p2a: wessin|Air Balloon\n|move|p1a: Landorus|U-turn|p2a: wessin\n|-resisted|p2a: wessin\n|-damage|p2a: wessin|95\/100\n|-enditem|p2a: wessin|Air Balloon\n|\n|t:|1700533191\n|switch|p1a: Meowscarada|Meowscarada, M|54\/100|[from] U-turn\n|\n|upkeep\n|turn|23\n|\n|t:|1700533201\n|move|p1a: Meowscarada|Knock Off|p2a: wessin\n|-start|p1a: Meowscarada|typechange|Dark|[from] ability: Protean\n|-supereffective|p2a: wessin\n|-damage|p2a: wessin|35\/100\n|move|p2a: wessin|Make It Rain|p1a: Meowscarada\n|-damage|p1a: Meowscarada|0 fnt\n|-unboost|p2a: wessin|spa|1\n|faint|p1a: Meowscarada\n|\n|upkeep\n|\n|t:|1700533205\n|switch|p1a: Landorus|Landorus-Therian, M|95\/100\n|-ability|p1a: Landorus|Intimidate|boost\n|-unboost|p2a: wessin|atk|1\n|turn|24\n|\n|t:|1700533208\n|move|p1a: Landorus|Earthquake|p2a: wessin\n|-supereffective|p2a: wessin\n|-damage|p2a: wessin|0 fnt\n|faint|p2a: wessin\n|\n|-heal|p1a: Landorus|100\/100|[from] item: Leftovers\n|upkeep\n|\n|t:|1700533212\n|switch|p2a: faya|Ogerpon-Wellspring, F|25\/100\n|-damage|p2a: faya|12\/100|[from] Spikes\n|turn|25\n|\n|t:|1700533217\n|switch|p1a: Zapdos|Zapdos|100\/100\n|move|p2a: faya|Ivy Cudgel|p1a: Zapdos|[anim] Ivy Cudgel Water\n|-damage|p1a: Zapdos|52\/100\n|\n|upkeep\n|turn|26\n|\n|t:|1700533222\n|move|p2a: faya|Ivy Cudgel|p1a: Zapdos|[anim] Ivy Cudgel Water\n|-damage|p1a: Zapdos|0 fnt\n|faint|p1a: Zapdos\n|\n|upkeep\n|\n|t:|1700533224\n|switch|p1a: Zamazenta|Zamazenta|100\/100\n|-ability|p1a: Zamazenta|Dauntless Shield|boost\n|-boost|p1a: Zamazenta|def|1\n|turn|27\n|\n|t:|1700533231\n|move|p1a: Zamazenta|Body Press|p2a: faya\n|-damage|p2a: faya|0 fnt\n|faint|p2a: faya\n|\n|upkeep\n|\n|t:|1700533234\n|switch|p2a: scarlet|Iron Moth|47\/100\n|-damage|p2a: scarlet|35\/100|[from] Spikes\n|turn|28\n|\n|t:|1700533238\n|move|p1a: Zamazenta|Stone Edge|p2a: scarlet\n|-supereffective|p2a: scarlet\n|-damage|p2a: scarlet|0 fnt\n|faint|p2a: scarlet\n|-end|p2a: scarlet|Quark Drive|[silent]\n|\n|upkeep\n|\n|t:|1700533242\n|switch|p2a: awyp|Kingambit, M|88\/100\n|-damage|p2a: awyp|76\/100|[from] Spikes\n|-activate|p2a: awyp|ability: Supreme Overlord\n|-start|p2a: awyp|fallen5|[silent]\n|turn|29\n|\n|t:|1700533245\n|move|p1a: Zamazenta|Body Press|p2a: awyp\n|-supereffective|p2a: awyp\n|-damage|p2a: awyp|0 fnt\n|faint|p2a: awyp\n|-end|p2a: awyp|fallen5|[silent]\n|\n|win|alt no. 599\n|raw|alt no. 599's rating: 1549 &rarr; <strong>1571<\/strong><br \/>(+22 for winning)\n|raw|pessii's rating: 1588 &rarr; <strong>1566<\/strong><br \/>(-22 for losing)\n|l|\u2606pessii\n","uploadtime":1700533251,"views":5,"p1id":"altno599","p2id":"pessii","formatid":"gen9ou","rating":1566,"private":0,"password":""}