{"id":"gen9ou-1991397824","p1":"Cambrian James","p2":"HelloKittyEgirl","format":"[Gen 9] OU","log":"|j|\u2606Cambrian James\n|j|\u2606HelloKittyEgirl\n|t:|1700073720\n|gametype|singles\n|player|p1|Cambrian James|bugcatcher-gen4dp|1141\n|player|p2|HelloKittyEgirl|rosa|1131\n|teamsize|p1|6\n|teamsize|p2|6\n|gen|9\n|tier|[Gen 9] OU\n|rated|\n|rule|Sleep Clause Mod: Limit one foe put to sleep\n|rule|Species Clause: Limit one of each Pok\u00e9mon\n|rule|OHKO Clause: OHKO moves are banned\n|rule|Evasion Items Clause: Evasion items are banned\n|rule|Evasion Moves Clause: Evasion moves are banned\n|rule|Endless Battle Clause: Forcing endless battles is banned\n|rule|HP Percentage Mod: HP is shown in percentages\n|clearpoke\n|poke|p1|Ninetales-Alola, M|\n|poke|p1|Gholdengo|\n|poke|p1|Great Tusk|\n|poke|p1|Rillaboom, M|\n|poke|p1|Azumarill, M|\n|poke|p1|Kingambit, F|\n|poke|p2|Rillaboom, F|\n|poke|p2|Heatran, F|\n|poke|p2|Sneasler, F|\n|poke|p2|Kingambit, M|\n|poke|p2|Iron Valiant|\n|poke|p2|Ribombee, F|\n|teampreview\n|inactive|Battle timer is ON: inactive players will automatically lose when time's up. (requested by HelloKittyEgirl)\n|\n|t:|1700073723\n|start\n|switch|p1a: Ninetales|Ninetales-Alola, M|100\/100\n|switch|p2a: Ribombee|Ribombee, F|100\/100\n|-weather|Snow|[from] ability: Snow Warning|[of] p1a: Ninetales\n|turn|1\n|\n|t:|1700073730\n|move|p2a: Ribombee|Sticky Web|p1a: Ninetales\n|-sidestart|p1: Cambrian James|move: Sticky Web\n|move|p1a: Ninetales|Aurora Veil|p1a: Ninetales\n|-sidestart|p1: Cambrian James|move: Aurora Veil\n|\n|-weather|Snow|[upkeep]\n|upkeep\n|turn|2\n|\n|t:|1700073734\n|move|p2a: Ribombee|Stun Spore|p1a: Ninetales|[miss]\n|-miss|p2a: Ribombee|p1a: Ninetales\n|move|p1a: Ninetales|Nasty Plot|p1a: Ninetales\n|-boost|p1a: Ninetales|spa|2\n|\n|-weather|Snow|[upkeep]\n|upkeep\n|turn|3\n|\n|t:|1700073741\n|move|p2a: Ribombee|Stun Spore|p1a: Ninetales|[miss]\n|-miss|p2a: Ribombee|p1a: Ninetales\n|move|p1a: Ninetales|Blizzard|p2a: Ribombee\n|-enditem|p2a: Ribombee|Focus Sash\n|-damage|p2a: Ribombee|1\/100\n|\n|-weather|Snow|[upkeep]\n|upkeep\n|turn|4\n|\n|t:|1700073750\n|move|p2a: Ribombee|Stun Spore|p1a: Ninetales\n|-status|p1a: Ninetales|par\n|move|p1a: Ninetales|Blizzard|p2a: Ribombee\n|-damage|p2a: Ribombee|0 fnt\n|faint|p2a: Ribombee\n|\n|-weather|Snow|[upkeep]\n|upkeep\n|\n|t:|1700073761\n|switch|p2a: Heatran|Heatran, F|100\/100\n|turn|5\n|\n|t:|1700073767\n|switch|p1a: Great Tusk|Great Tusk|100\/100\n|move|p2a: Heatran|Magma Storm|p1a: Great Tusk|[miss]\n|-miss|p2a: Heatran|p1a: Great Tusk\n|\n|-weather|none\n|upkeep\n|turn|6\n|\n|t:|1700073774\n|move|p1a: Great Tusk|Rapid Spin|p2a: Heatran\n|-resisted|p2a: Heatran\n|-damage|p2a: Heatran|93\/100\n|-boost|p1a: Great Tusk|spe|1\n|-sideend|p1: Cambrian James|Sticky Web|[from] move: Rapid Spin|[of] p1a: Great Tusk\n|move|p2a: Heatran|Magma Storm|p1a: Great Tusk|[miss]\n|-miss|p2a: Heatran|p1a: Great Tusk\n|\n|-heal|p2a: Heatran|99\/100|[from] item: Leftovers\n|upkeep\n|turn|7\n|\n|t:|1700073788\n|switch|p2a: Rillaboom|Rillaboom, F|100\/100\n|-fieldstart|move: Grassy Terrain|[from] ability: Grassy Surge|[of] p2a: Rillaboom\n|move|p1a: Great Tusk|Headlong Rush|p2a: Rillaboom\n|-resisted|p2a: Rillaboom\n|-damage|p2a: Rillaboom|65\/100\n|-unboost|p1a: Great Tusk|def|1\n|-unboost|p1a: Great Tusk|spd|1\n|\n|-heal|p2a: Rillaboom|71\/100|[from] Grassy Terrain\n|upkeep\n|turn|8\n|\n|t:|1700073799\n|move|p1a: Great Tusk|Ice Spinner|p2a: Rillaboom\n|-supereffective|p2a: Rillaboom\n|-damage|p2a: Rillaboom|12\/100\n|-fieldend|move: Grassy Terrain\n|move|p2a: Rillaboom|Knock Off|p1a: Great Tusk\n|-resisted|p1a: Great Tusk\n|-damage|p1a: Great Tusk|85\/100\n|-enditem|p1a: Great Tusk|Heavy-Duty Boots|[from] move: Knock Off|[of] p2a: Rillaboom\n|\n|-sideend|p1: Cambrian James|move: Aurora Veil\n|upkeep\n|turn|9\n|c|\u2606HelloKittyEgirl|nah you breathing through your mouth alot\n|c|\u2606Cambrian James|huh\n|\n|t:|1700073819\n|switch|p2a: Heatran|Heatran, F|99\/100\n|move|p1a: Great Tusk|Rapid Spin|p2a: Heatran\n|-resisted|p2a: Heatran\n|-damage|p2a: Heatran|92\/100\n|-boost|p1a: Great Tusk|spe|1\n|\n|-heal|p2a: Heatran|98\/100|[from] item: Leftovers\n|upkeep\n|turn|10\n|-message|HelloKittyEgirl forfeited.\n|\n|win|Cambrian James\n|raw|Cambrian James's rating: 1141 &rarr; <strong>1165<\/strong><br \/>(+24 for winning)\n|raw|HelloKittyEgirl's rating: 1131 &rarr; <strong>1107<\/strong><br \/>(-24 for losing)\n|l|\u2606HelloKittyEgirl\n","uploadtime":1700073880,"views":7,"p1id":"cambrianjames","p2id":"hellokittyegirl","formatid":"gen9ou","rating":1107,"private":0,"password":""}