{"id":"gen9ou-1993021811","p1":"Psyscar","p2":"theory 8234","format":"[Gen 9] OU","log":"|j|\u2606Psyscar\n|j|\u2606theory 8234\n|t:|1700256308\n|gametype|singles\n|player|p1|Psyscar|jasmine|1031\n|player|p2|theory 8234|swimmer|1101\n|teamsize|p1|6\n|teamsize|p2|6\n|gen|9\n|tier|[Gen 9] OU\n|rated|\n|rule|Sleep Clause Mod: Limit one foe put to sleep\n|rule|Species Clause: Limit one of each Pok\u00e9mon\n|rule|OHKO Clause: OHKO moves are banned\n|rule|Evasion Items Clause: Evasion items are banned\n|rule|Evasion Moves Clause: Evasion moves are banned\n|rule|Endless Battle Clause: Forcing endless battles is banned\n|rule|HP Percentage Mod: HP is shown in percentages\n|clearpoke\n|poke|p1|Landorus-Therian, M|\n|poke|p1|Avalugg, F|\n|poke|p1|Corviknight, M|\n|poke|p1|Walking Wake|\n|poke|p1|Cinderace, M|\n|poke|p1|Chansey, F|\n|poke|p2|Iron Moth|\n|poke|p2|Iron Valiant|\n|poke|p2|Ogerpon-Wellspring, F|\n|poke|p2|Hatterene, F|\n|poke|p2|Rillaboom, M|\n|poke|p2|Sneasler, M|\n|teampreview\n|inactive|Battle timer is ON: inactive players will automatically lose when time's up. (requested by Psyscar)\n|\n|t:|1700256324\n|start\n|switch|p1a: Landorus|Landorus-Therian, M|100\/100\n|switch|p2a: Rillaboom|Rillaboom, M|100\/100\n|-ability|p1a: Landorus|Intimidate|boost\n|-unboost|p2a: Rillaboom|atk|1\n|-fieldstart|move: Grassy Terrain|[from] ability: Grassy Surge|[of] p2a: Rillaboom\n|turn|1\n|\n|t:|1700256328\n|switch|p2a: Hatterene|Hatterene, F|100\/100\n|move|p1a: Landorus|U-turn|p2a: Hatterene\n|-damage|p2a: Hatterene|76\/100\n|-enditem|p2a: Hatterene|Eject Button\n|\n|t:|1700256334\n|switch|p2a: Ogerpon|Ogerpon-Wellspring, F|100\/100\n|\n|upkeep\n|turn|2\n|c|\u2606Psyscar|Wait wtf\n|\n|t:|1700256360\n|switch|p1a: Corviknight|Corviknight, M|100\/100\n|-terastallize|p2a: Ogerpon|Water\n|detailschange|p2a: Ogerpon|Ogerpon-Wellspring-Tera, F, tera:Water\n|-ability|p2a: Ogerpon|Embody Aspect (Wellspring)|boost\n|-boost|p2a: Ogerpon|spd|1\n|move|p2a: Ogerpon|Ivy Cudgel|p1a: Corviknight|[anim] Ivy Cudgel Water\n|-damage|p1a: Corviknight|51\/100\n|\n|upkeep\n|turn|3\n|\n|t:|1700256374\n|move|p2a: Ogerpon|Ivy Cudgel|p1a: Corviknight|[anim] Ivy Cudgel Water\n|-damage|p1a: Corviknight|8\/100\n|move|p1a: Corviknight|Body Press|p2a: Ogerpon\n|-damage|p2a: Ogerpon|67\/100\n|\n|-heal|p2a: Ogerpon|73\/100|[from] Grassy Terrain\n|upkeep\n|turn|4\n|\n|t:|1700256384\n|move|p2a: Ogerpon|Ivy Cudgel|p1a: Corviknight|[anim] Ivy Cudgel Water\n|-damage|p1a: Corviknight|0 fnt\n|faint|p1a: Corviknight\n|\n|-heal|p2a: Ogerpon|79\/100|[from] Grassy Terrain\n|upkeep\n|\n|t:|1700256392\n|switch|p1a: Avalugg|Avalugg, F|100\/100\n|turn|5\n|\n|t:|1700256399\n|move|p2a: Ogerpon|Swords Dance|p2a: Ogerpon\n|-boost|p2a: Ogerpon|atk|2\n|move|p1a: Avalugg|Iron Defense|p1a: Avalugg\n|-boost|p1a: Avalugg|def|2\n|\n|-heal|p2a: Ogerpon|85\/100|[from] Grassy Terrain\n|upkeep\n|turn|6\n|\n|t:|1700256403\n|move|p2a: Ogerpon|Encore|p1a: Avalugg\n|-start|p1a: Avalugg|Encore\n|move|p1a: Avalugg|Iron Defense|p1a: Avalugg\n|-boost|p1a: Avalugg|def|2\n|\n|-heal|p2a: Ogerpon|91\/100|[from] Grassy Terrain\n|upkeep\n|turn|7\n|\n|t:|1700256408\n|switch|p2a: Iron Moth|Iron Moth|100\/100\n|-enditem|p2a: Iron Moth|Booster Energy\n|-activate|p2a: Iron Moth|ability: Quark Drive|[fromitem]\n|-start|p2a: Iron Moth|quarkdrivespe\n|switch|p1a: Cinderace|Cinderace, M|100\/100\n|\n|upkeep\n|turn|8\n|\n|t:|1700256418\n|move|p2a: Iron Moth|Fiery Dance|p1a: Cinderace\n|-resisted|p1a: Cinderace\n|-damage|p1a: Cinderace|71\/100\n|-boost|p2a: Iron Moth|spa|1\n|-enditem|p1a: Cinderace|Mirror Herb\n|-boost|p1a: Cinderace|spa|1|[from] item: Mirror Herb\n|move|p1a: Cinderace|U-turn|p2a: Iron Moth\n|-start|p1a: Cinderace|typechange|Bug|[from] ability: Libero\n|-resisted|p2a: Iron Moth\n|-damage|p2a: Iron Moth|88\/100\n|-message|Psyscar forfeited.\n|\n|win|theory 8234\n|raw|Psyscar's rating: 1031 &rarr; <strong>1019<\/strong><br \/>(-12 for losing)\n|raw|theory 8234's rating: 1101 &rarr; <strong>1121<\/strong><br \/>(+20 for winning)\n|l|\u2606Psyscar\n","uploadtime":1700256435,"views":27,"p1id":"psyscar","p2id":"theory8234","formatid":"gen9ou","rating":1019,"private":0,"password":""}