{"id":"gen9ou-1989849062","p1":"imtheworstbf","p2":"Leafeon Enjoyer","format":"[Gen 9] OU","log":"|j|\u2606imtheworstbf\n|j|\u2606Leafeon Enjoyer\n|t:|1699900838\n|gametype|singles\n|player|p1|imtheworstbf|ethan|1273\n|player|p2|Leafeon Enjoyer|rosa-masters|1194\n|teamsize|p1|6\n|teamsize|p2|6\n|gen|9\n|tier|[Gen 9] OU\n|rated|\n|rule|Sleep Clause Mod: Limit one foe put to sleep\n|rule|Species Clause: Limit one of each Pok\u00e9mon\n|rule|OHKO Clause: OHKO moves are banned\n|rule|Evasion Items Clause: Evasion items are banned\n|rule|Evasion Moves Clause: Evasion moves are banned\n|rule|Endless Battle Clause: Forcing endless battles is banned\n|rule|HP Percentage Mod: HP is shown in percentages\n|clearpoke\n|poke|p1|Ambipom, M|\n|poke|p1|Inteleon, M|\n|poke|p1|Uxie|\n|poke|p1|Garganacl, M|\n|poke|p1|Goodra-Hisui, F|\n|poke|p1|Rillaboom, F|\n|poke|p2|Landorus-Therian, M|\n|poke|p2|Sneasler, M|\n|poke|p2|Rillaboom, M|\n|poke|p2|Heatran, F|\n|poke|p2|Great Tusk|\n|poke|p2|Manaphy|\n|teampreview\n|inactive|Battle timer is ON: inactive players will automatically lose when time's up. (requested by Leafeon Enjoyer)\n|\n|t:|1699900848\n|start\n|switch|p1a: Rillaboom|Rillaboom, F|100\/100\n|switch|p2a: Landorus|Landorus-Therian, M|100\/100\n|-fieldstart|move: Grassy Terrain|[from] ability: Grassy Surge|[of] p1a: Rillaboom\n|-ability|p2a: Landorus|Intimidate|boost\n|-unboost|p1a: Rillaboom|atk|1\n|turn|1\n|\n|t:|1699900853\n|move|p1a: Rillaboom|U-turn|p2a: Landorus\n|-resisted|p2a: Landorus\n|-damage|p2a: Landorus|92\/100\n|\n|t:|1699900858\n|switch|p1a: Uxie|Uxie|100\/100|[from] U-turn\n|move|p2a: Landorus|U-turn|p1a: Uxie\n|-supereffective|p1a: Uxie\n|-damage|p1a: Uxie|68\/100\n|\n|t:|1699900870\n|switch|p2a: Rillaboom|Rillaboom, M|100\/100|[from] U-turn\n|\n|-heal|p1a: Uxie|75\/100|[from] item: Leftovers\n|upkeep\n|turn|2\n|\n|t:|1699900878\n|switch|p1a: Goodra|Goodra-Hisui, F|100\/100\n|move|p2a: Rillaboom|Wood Hammer|p1a: Goodra\n|-ability|p1a: Goodra|Sap Sipper|boost\n|-boost|p1a: Goodra|atk|1\n|\n|upkeep\n|turn|3\n|\n|t:|1699900890\n|move|p2a: Rillaboom|Knock Off|p1a: Goodra\n|-damage|p1a: Goodra|67\/100\n|-enditem|p1a: Goodra|Assault Vest|[from] move: Knock Off|[of] p2a: Rillaboom\n|move|p1a: Goodra|Ice Beam|p2a: Rillaboom\n|-supereffective|p2a: Rillaboom\n|-damage|p2a: Rillaboom|63\/100\n|\n|-heal|p2a: Rillaboom|69\/100|[from] Grassy Terrain\n|-heal|p1a: Goodra|73\/100|[from] Grassy Terrain\n|upkeep\n|turn|4\n|\n|t:|1699900903\n|switch|p2a: Heatran|Heatran, F|100\/100\n|move|p1a: Goodra|Ice Beam|p2a: Heatran\n|-resisted|p2a: Heatran\n|-damage|p2a: Heatran|96\/100\n|\n|-heal|p2a: Heatran|100\/100|[from] Grassy Terrain\n|-heal|p1a: Goodra|79\/100|[from] Grassy Terrain\n|upkeep\n|turn|5\n|\n|t:|1699900909\n|switch|p1a: Uxie|Uxie|75\/100\n|move|p2a: Heatran|Substitute|p2a: Heatran\n|-start|p2a: Heatran|Substitute\n|-damage|p2a: Heatran|76\/100\n|\n|-heal|p1a: Uxie|81\/100|[from] item: Leftovers\n|-heal|p2a: Heatran|82\/100|[from] Grassy Terrain\n|-heal|p2a: Heatran|88\/100|[from] item: Leftovers\n|-fieldend|move: Grassy Terrain\n|upkeep\n|turn|6\n|\n|t:|1699900913\n|move|p1a: Uxie|Stealth Rock|p2a: Heatran\n|-sidestart|p2: Leafeon Enjoyer|move: Stealth Rock\n|move|p2a: Heatran|Magma Storm|p1a: Uxie\n|-damage|p1a: Uxie|54\/100\n|-activate|p1a: Uxie|move: Magma Storm|[of] p2a: Heatran\n|\n|-heal|p1a: Uxie|60\/100|[from] item: Leftovers\n|-heal|p2a: Heatran|94\/100|[from] item: Leftovers\n|-damage|p1a: Uxie|47\/100|[from] move: Magma Storm|[partiallytrapped]\n|upkeep\n|turn|7\n|\n|t:|1699900918\n|move|p2a: Heatran|Protect|p2a: Heatran\n|-singleturn|p2a: Heatran|Protect\n|move|p1a: Uxie|Psychic|p2a: Heatran\n|-activate|p2a: Heatran|move: Protect\n|\n|-heal|p1a: Uxie|54\/100|[from] item: Leftovers\n|-heal|p2a: Heatran|100\/100|[from] item: Leftovers\n|-damage|p1a: Uxie|41\/100|[from] move: Magma Storm|[partiallytrapped]\n|upkeep\n|turn|8\n|\n|t:|1699900922\n|move|p1a: Uxie|Psychic|p2a: Heatran\n|-resisted|p2a: Heatran\n|-activate|p2a: Heatran|move: Substitute|[damage]\n|move|p2a: Heatran|Magma Storm|p1a: Uxie\n|-damage|p1a: Uxie|17\/100\n|\n|-heal|p1a: Uxie|23\/100|[from] item: Leftovers\n|-damage|p1a: Uxie|11\/100|[from] move: Magma Storm|[partiallytrapped]\n|upkeep\n|turn|9\n|\n|t:|1699900930\n|move|p2a: Heatran|Protect|p2a: Heatran\n|-singleturn|p2a: Heatran|Protect\n|move|p1a: Uxie|Psychic|p2a: Heatran\n|-activate|p2a: Heatran|move: Protect\n|\n|-heal|p1a: Uxie|17\/100|[from] item: Leftovers\n|-damage|p1a: Uxie|5\/100|[from] move: Magma Storm|[partiallytrapped]\n|upkeep\n|turn|10\n|\n|t:|1699900933\n|move|p1a: Uxie|Psychic|p2a: Heatran\n|-resisted|p2a: Heatran\n|-activate|p2a: Heatran|move: Substitute|[damage]\n|move|p2a: Heatran|Magma Storm|p1a: Uxie\n|-damage|p1a: Uxie|0 fnt\n|faint|p1a: Uxie\n|\n|upkeep\n|\n|t:|1699900942\n|switch|p1a: Inteleon|Inteleon, M|100\/100\n|turn|11\n|\n|t:|1699900951\n|move|p1a: Inteleon|U-turn|p2a: Heatran\n|-resisted|p2a: Heatran\n|-activate|p2a: Heatran|move: Substitute|[damage]\n|\n|t:|1699900959\n|switch|p1a: Goodra|Goodra-Hisui, F|79\/100|[from] U-turn\n|move|p2a: Heatran|Magma Storm|p1a: Goodra\n|-damage|p1a: Goodra|51\/100\n|-activate|p1a: Goodra|move: Magma Storm|[of] p2a: Heatran\n|\n|-damage|p1a: Goodra|38\/100|[from] move: Magma Storm|[partiallytrapped]\n|upkeep\n|turn|12\n|\n|t:|1699900966\n|move|p2a: Heatran|Protect|p2a: Heatran\n|-singleturn|p2a: Heatran|Protect\n|move|p1a: Goodra|Draco Meteor|p2a: Heatran\n|-activate|p2a: Heatran|move: Protect\n|\n|-damage|p1a: Goodra|26\/100|[from] move: Magma Storm|[partiallytrapped]\n|upkeep\n|turn|13\n|\n|t:|1699900968\n|move|p2a: Heatran|Earth Power|p1a: Goodra\n|-supereffective|p1a: Goodra\n|-damage|p1a: Goodra|0 fnt\n|faint|p1a: Goodra\n|\n|upkeep\n|\n|t:|1699900973\n|switch|p1a: Inteleon|Inteleon, M|100\/100\n|turn|14\n|\n|t:|1699900975\n|move|p1a: Inteleon|Hydro Pump|p2a: Heatran\n|-supereffective|p2a: Heatran\n|-end|p2a: Heatran|Substitute\n|move|p2a: Heatran|Magma Storm|p1a: Inteleon|[miss]\n|-miss|p2a: Heatran|p1a: Inteleon\n|\n|upkeep\n|turn|15\n|\n|t:|1699900981\n|move|p2a: Heatran|Protect|p2a: Heatran\n|-singleturn|p2a: Heatran|Protect\n|move|p1a: Inteleon|Hydro Pump|p2a: Heatran\n|-activate|p2a: Heatran|move: Protect\n|\n|upkeep\n|turn|16\n|\n|t:|1699900984\n|switch|p2a: Rillaboom|Rillaboom, M|69\/100\n|-damage|p2a: Rillaboom|57\/100|[from] Stealth Rock\n|-fieldstart|move: Grassy Terrain|[from] ability: Grassy Surge|[of] p2a: Rillaboom\n|move|p1a: Inteleon|Hydro Pump|p2a: Rillaboom|[miss]\n|-miss|p1a: Inteleon|p2a: Rillaboom\n|\n|-heal|p2a: Rillaboom|63\/100|[from] Grassy Terrain\n|upkeep\n|turn|17\n|\n|t:|1699900989\n|switch|p1a: Rillaboom|Rillaboom, F|100\/100\n|move|p2a: Rillaboom|Grassy Glide|p1a: Rillaboom\n|-resisted|p1a: Rillaboom\n|-damage|p1a: Rillaboom|80\/100\n|\n|-heal|p1a: Rillaboom|86\/100|[from] Grassy Terrain\n|-heal|p2a: Rillaboom|69\/100|[from] Grassy Terrain\n|upkeep\n|turn|18\n|\n|t:|1699900994\n|switch|p2a: Landorus|Landorus-Therian, M|92\/100\n|-damage|p2a: Landorus|80\/100|[from] Stealth Rock\n|-ability|p2a: Landorus|Intimidate|boost\n|-unboost|p1a: Rillaboom|atk|1\n|move|p1a: Rillaboom|U-turn|p2a: Landorus\n|-resisted|p2a: Landorus\n|-damage|p2a: Landorus|72\/100\n|\n|t:|1699901001\n|switch|p1a: Inteleon|Inteleon, M|100\/100|[from] U-turn\n|\n|-heal|p2a: Landorus|79\/100|[from] item: Leftovers\n|upkeep\n|turn|19\n|\n|t:|1699901008\n|move|p2a: Landorus|Protect|p2a: Landorus\n|-singleturn|p2a: Landorus|Protect\n|move|p1a: Inteleon|Hydro Pump|p2a: Landorus\n|-activate|p2a: Landorus|move: Protect\n|\n|-heal|p2a: Landorus|85\/100|[from] item: Leftovers\n|upkeep\n|turn|20\n|\n|t:|1699901013\n|switch|p2a: Rillaboom|Rillaboom, M|69\/100\n|-damage|p2a: Rillaboom|57\/100|[from] Stealth Rock\n|move|p1a: Inteleon|Hydro Pump|p2a: Rillaboom|[miss]\n|-miss|p1a: Inteleon|p2a: Rillaboom\n|\n|-heal|p2a: Rillaboom|63\/100|[from] Grassy Terrain\n|-fieldend|move: Grassy Terrain\n|upkeep\n|turn|21\n|\n|t:|1699901018\n|switch|p1a: Rillaboom|Rillaboom, F|86\/100\n|-fieldstart|move: Grassy Terrain|[from] ability: Grassy Surge|[of] p1a: Rillaboom\n|move|p2a: Rillaboom|U-turn|p1a: Rillaboom\n|-supereffective|p1a: Rillaboom\n|-damage|p1a: Rillaboom|28\/100\n|\n|t:|1699901023\n|switch|p2a: Sneasler|Sneasler, M|100\/100|[from] U-turn\n|-damage|p2a: Sneasler|95\/100|[from] Stealth Rock\n|-enditem|p2a: Sneasler|Grassy Seed\n|-boost|p2a: Sneasler|def|1|[from] item: Grassy Seed\n|\n|-heal|p2a: Sneasler|100\/100|[from] Grassy Terrain\n|-heal|p1a: Rillaboom|35\/100|[from] Grassy Terrain\n|upkeep\n|turn|22\n|\n|t:|1699901029\n|move|p1a: Rillaboom|Grassy Glide|p2a: Sneasler\n|-resisted|p2a: Sneasler\n|-damage|p2a: Sneasler|67\/100\n|move|p2a: Sneasler|Swords Dance|p2a: Sneasler\n|-boost|p2a: Sneasler|atk|2\n|\n|-heal|p2a: Sneasler|73\/100|[from] Grassy Terrain\n|-heal|p1a: Rillaboom|41\/100|[from] Grassy Terrain\n|upkeep\n|turn|23\n|\n|t:|1699901034\n|move|p1a: Rillaboom|Grassy Glide|p2a: Sneasler\n|-resisted|p2a: Sneasler\n|-damage|p2a: Sneasler|41\/100\n|move|p2a: Sneasler|Dire Claw|p1a: Rillaboom\n|-supereffective|p1a: Rillaboom\n|-damage|p1a: Rillaboom|0 fnt\n|faint|p1a: Rillaboom\n|\n|-heal|p2a: Sneasler|47\/100|[from] Grassy Terrain\n|upkeep\n|\n|t:|1699901037\n|switch|p1a: Ambipom|Ambipom, M|100\/100\n|turn|24\n|\n|t:|1699901041\n|-terastallize|p2a: Sneasler|Ghost\n|-terastallize|p1a: Ambipom|Normal\n|move|p1a: Ambipom|Fake Out|p2a: Sneasler\n|-immune|p2a: Sneasler\n|move|p2a: Sneasler|Dire Claw|p1a: Ambipom\n|-damage|p1a: Ambipom|0 fnt\n|faint|p1a: Ambipom\n|\n|-heal|p2a: Sneasler|53\/100|[from] Grassy Terrain\n|upkeep\n|c|\u2606imtheworstbf|gg\n|c|\u2606Leafeon Enjoyer|ggs\n|c|\u2606imtheworstbf|nice hax :)\n|-message|imtheworstbf forfeited.\n|\n|win|Leafeon Enjoyer\n|raw|imtheworstbf's rating: 1273 &rarr; <strong>1242<\/strong><br \/>(-31 for losing)\n|raw|Leafeon Enjoyer's rating: 1194 &rarr; <strong>1225<\/strong><br \/>(+31 for winning)\n|l|\u2606imtheworstbf\n|c|\u2606Leafeon Enjoyer|what\n","uploadtime":1699901058,"views":12,"p1id":"imtheworstbf","p2id":"leafeonenjoyer","formatid":"gen9ou","rating":1225,"private":0,"password":""}