{"id":"gen9ou-1992364642","p1":"gcy9","p2":"DoubleWarp","format":"[Gen 9] OU","log":"|j|\u2606gcy9\n|j|\u2606DoubleWarp\n|t:|1700179107\n|gametype|singles\n|player|p1|gcy9|170|1444\n|player|p2|DoubleWarp|102|1476\n|teamsize|p1|6\n|teamsize|p2|6\n|gen|9\n|tier|[Gen 9] OU\n|rated|\n|rule|Sleep Clause Mod: Limit one foe put to sleep\n|rule|Species Clause: Limit one of each Pok\u00e9mon\n|rule|OHKO Clause: OHKO moves are banned\n|rule|Evasion Items Clause: Evasion items are banned\n|rule|Evasion Moves Clause: Evasion moves are banned\n|rule|Endless Battle Clause: Forcing endless battles is banned\n|rule|HP Percentage Mod: HP is shown in percentages\n|clearpoke\n|poke|p1|Kingambit, M|\n|poke|p1|Great Tusk|\n|poke|p1|Scyther, F|\n|poke|p1|Hatterene, F|\n|poke|p1|Dondozo, F|\n|poke|p1|Chansey, F|\n|poke|p2|Torkoal, F|\n|poke|p2|Walking Wake|\n|poke|p2|Great Tusk|\n|poke|p2|Corviknight, F|\n|poke|p2|Slowking-Galar, F|\n|poke|p2|Kingambit, M|\n|teampreview\n|inactive|Battle timer is ON: inactive players will automatically lose when time's up. (requested by DoubleWarp)\n|\n|t:|1700179136\n|start\n|switch|p1a: Hatterene|Hatterene, F|100\/100\n|switch|p2a: Torkoal|Torkoal, F|100\/100\n|-weather|SunnyDay|[from] ability: Drought|[of] p2a: Torkoal\n|turn|1\n|\n|t:|1700179146\n|move|p1a: Hatterene|Nuzzle|p2a: Torkoal\n|-damage|p2a: Torkoal|97\/100\n|-status|p2a: Torkoal|par\n|cant|p2a: Torkoal|par\n|\n|-weather|SunnyDay|[upkeep]\n|upkeep\n|turn|2\n|\n|t:|1700179165\n|switch|p2a: Slowking|Slowking-Galar, F|100\/100\n|move|p1a: Hatterene|Calm Mind|p1a: Hatterene\n|-boost|p1a: Hatterene|spa|1\n|-boost|p1a: Hatterene|spd|1\n|\n|-weather|SunnyDay|[upkeep]\n|upkeep\n|turn|3\n|\n|t:|1700179170\n|move|p2a: Slowking|Sludge Bomb|p1a: Hatterene\n|-supereffective|p1a: Hatterene\n|-damage|p1a: Hatterene|45\/100\n|move|p1a: Hatterene|Psyshock|p2a: Slowking\n|-damage|p2a: Slowking|50\/100\n|\n|-weather|SunnyDay|[upkeep]\n|-heal|p1a: Hatterene|51\/100|[from] item: Leftovers\n|upkeep\n|turn|4\n|\n|t:|1700179191\n|switch|p2a: Kingambit|Kingambit, M|100\/100\n|move|p1a: Hatterene|Nuzzle|p2a: Kingambit\n|-damage|p2a: Kingambit|97\/100\n|-status|p2a: Kingambit|par\n|\n|-weather|SunnyDay|[upkeep]\n|-heal|p1a: Hatterene|57\/100|[from] item: Leftovers\n|upkeep\n|turn|5\n|\n|t:|1700179220\n|switch|p1a: Great Tusk|Great Tusk|100\/100\n|-activate|p1a: Great Tusk|ability: Protosynthesis\n|-start|p1a: Great Tusk|protosynthesisdef\n|move|p2a: Kingambit|Kowtow Cleave|p1a: Great Tusk\n|-resisted|p1a: Great Tusk\n|-damage|p1a: Great Tusk|89\/100\n|\n|-weather|SunnyDay|[upkeep]\n|-heal|p1a: Great Tusk|95\/100|[from] item: Leftovers\n|upkeep\n|turn|6\n|inactive|gcy9 has 120 seconds left.\n|\n|t:|1700179258\n|-end|p2a: Kingambit|fallenundefined|[silent]\n|switch|p2a: Corviknight|Corviknight, F|100\/100\n|-ability|p2a: Corviknight|Pressure\n|move|p1a: Great Tusk|Stealth Rock|p2a: Corviknight\n|-sidestart|p2: DoubleWarp|move: Stealth Rock\n|\n|-weather|SunnyDay|[upkeep]\n|-heal|p1a: Great Tusk|100\/100|[from] item: Leftovers\n|upkeep\n|turn|7\n|inactive|gcy9 has 90 seconds left.\n|inactive|gcy9 has 60 seconds left.\n|\n|t:|1700179320\n|-end|p1a: Great Tusk|Protosynthesis|[silent]\n|switch|p1a: Chansey|Chansey, F|100\/100\n|move|p2a: Corviknight|Defog|p1a: Chansey\n|-unboost|p1a: Chansey|evasion|1\n|-sideend|p2: DoubleWarp|Stealth Rock|[from] move: Defog|[of] p2a: Corviknight\n|\n|-weather|SunnyDay|[upkeep]\n|upkeep\n|turn|8\n|\n|t:|1700179339\n|move|p2a: Corviknight|U-turn|p1a: Chansey\n|-damage|p1a: Chansey|91\/100\n|\n|t:|1700179342\n|switch|p2a: Great Tusk|Great Tusk|100\/100|[from] U-turn\n|-activate|p2a: Great Tusk|ability: Protosynthesis\n|-start|p2a: Great Tusk|protosynthesisatk\n|move|p1a: Chansey|Thunder Wave|p2a: Great Tusk\n|-immune|p2a: Great Tusk\n|\n|-weather|none\n|-end|p2a: Great Tusk|Protosynthesis\n|upkeep\n|turn|9\n|\n|t:|1700179362\n|switch|p1a: Great Tusk|Great Tusk|100\/100\n|move|p2a: Great Tusk|Ice Spinner|p1a: Great Tusk\n|-supereffective|p1a: Great Tusk\n|-damage|p1a: Great Tusk|63\/100\n|\n|-heal|p1a: Great Tusk|69\/100|[from] item: Leftovers\n|upkeep\n|turn|10\n|\n|t:|1700179379\n|-end|p1a: Great Tusk|Protosynthesis|[silent]\n|switch|p1a: Dondozo|Dondozo, F|100\/100\n|move|p2a: Great Tusk|Ice Spinner|p1a: Dondozo\n|-resisted|p1a: Dondozo\n|-damage|p1a: Dondozo|88\/100\n|\n|-heal|p1a: Dondozo|94\/100|[from] item: Leftovers\n|upkeep\n|turn|11\n|inactive|gcy9 has 30 seconds left.\n|\n|t:|1700179401\n|-end|p2a: Great Tusk|Protosynthesis|[silent]\n|switch|p2a: Corviknight|Corviknight, F|100\/100\n|-ability|p2a: Corviknight|Pressure\n|move|p1a: Dondozo|Liquidation|p2a: Corviknight\n|-damage|p2a: Corviknight|84\/100\n|-unboost|p2a: Corviknight|def|1\n|-damage|p1a: Dondozo|77\/100|[from] item: Rocky Helmet|[of] p2a: Corviknight\n|\n|-heal|p1a: Dondozo|83\/100|[from] item: Leftovers\n|upkeep\n|turn|12\n|inactive|gcy9 has 30 seconds left.\n|\n|t:|1700179412\n|move|p2a: Corviknight|U-turn|p1a: Dondozo\n|-damage|p1a: Dondozo|74\/100\n|inactive|gcy9 has 30 seconds left this turn.\n|\n|t:|1700179415\n|switch|p2a: Torkoal|Torkoal, F|97\/100 par|[from] U-turn\n|-weather|SunnyDay|[from] ability: Drought|[of] p2a: Torkoal\n|move|p1a: Dondozo|Liquidation|p2a: Torkoal\n|-supereffective|p2a: Torkoal\n|-damage|p2a: Torkoal|77\/100 par\n|\n|-weather|SunnyDay|[upkeep]\n|-heal|p1a: Dondozo|80\/100|[from] item: Leftovers\n|upkeep\n|turn|13\n|inactive|gcy9 has 30 seconds left.\n|inactive|gcy9 has 20 seconds left.\n|\n|t:|1700179436\n|switch|p1a: Chansey|Chansey, F|91\/100\n|switch|p2a: Walking Wake|Walking Wake|100\/100\n|-activate|p2a: Walking Wake|ability: Protosynthesis\n|-start|p2a: Walking Wake|protosynthesisspa\n|\n|-weather|SunnyDay|[upkeep]\n|upkeep\n|turn|14\n|inactive|gcy9 has 30 seconds left this turn.\n|inactive|gcy9 has 20 seconds left.\n|inactive|gcy9 has 15 seconds left.\n|\n|t:|1700179454\n|-end|p2a: Walking Wake|Protosynthesis|[silent]\n|switch|p2a: Great Tusk|Great Tusk|100\/100\n|-activate|p2a: Great Tusk|ability: Protosynthesis\n|-start|p2a: Great Tusk|protosynthesisatk\n|switch|p1a: Scyther|Scyther, F, shiny|100\/100\n|\n|-weather|SunnyDay|[upkeep]\n|upkeep\n|turn|15\n|inactive|gcy9 has 25 seconds left this turn.\n|inactive|gcy9 has 20 seconds left.\n|inactive|gcy9 has 15 seconds left.\n|inactive|gcy9 has 10 seconds left.\n|inactive|gcy9 has 5 seconds left.\n|\n|t:|1700179475\n|move|p1a: Scyther|Swords Dance|p1a: Scyther\n|-boost|p1a: Scyther|atk|2\n|move|p2a: Great Tusk|Ice Spinner|p1a: Scyther\n|-supereffective|p1a: Scyther\n|-damage|p1a: Scyther|0 fnt\n|faint|p1a: Scyther\n|\n|-weather|SunnyDay|[upkeep]\n|upkeep\n|inactive|gcy9 has 10 seconds left this turn.\n|inactive|gcy9 has 5 seconds left.\n|\n|t:|1700179482\n|switch|p1a: Great Tusk|Great Tusk|69\/100\n|-activate|p1a: Great Tusk|ability: Protosynthesis\n|-start|p1a: Great Tusk|protosynthesisdef\n|turn|16\n|inactive|gcy9 has 15 seconds left this turn.\n|inactive|gcy9 has 10 seconds left.\n|\n|t:|1700179491\n|move|p2a: Great Tusk|Ice Spinner|p1a: Great Tusk\n|-supereffective|p1a: Great Tusk\n|-damage|p1a: Great Tusk|33\/100\n|move|p1a: Great Tusk|Ice Spinner|p2a: Great Tusk\n|-supereffective|p2a: Great Tusk\n|-damage|p2a: Great Tusk|67\/100\n|\n|-weather|SunnyDay|[upkeep]\n|-heal|p1a: Great Tusk|39\/100|[from] item: Leftovers\n|upkeep\n|turn|17\n|inactive|gcy9 has 20 seconds left this turn.\n|inactive|gcy9 has 15 seconds left.\n|\n|t:|1700179503\n|-end|p2a: Great Tusk|Protosynthesis|[silent]\n|switch|p2a: Corviknight|Corviknight, F|84\/100\n|-ability|p2a: Corviknight|Pressure\n|move|p1a: Great Tusk|Ice Spinner|p2a: Corviknight\n|-damage|p2a: Corviknight|71\/100\n|-damage|p1a: Great Tusk|22\/100|[from] item: Rocky Helmet|[of] p2a: Corviknight\n|\n|-weather|SunnyDay|[upkeep]\n|-heal|p1a: Great Tusk|28\/100|[from] item: Leftovers\n|upkeep\n|turn|18\n|inactive|gcy9 has 25 seconds left this turn.\n|\n|t:|1700179507\n|move|p1a: Great Tusk|Stealth Rock|p2a: Corviknight\n|-sidestart|p2: DoubleWarp|move: Stealth Rock\n|move|p2a: Corviknight|U-turn|p1a: Great Tusk\n|-resisted|p1a: Great Tusk\n|-damage|p1a: Great Tusk|26\/100\n|inactive|gcy9 has 30 seconds left this turn.\n|\n|t:|1700179513\n|switch|p2a: Walking Wake|Walking Wake|100\/100|[from] U-turn\n|-damage|p2a: Walking Wake|88\/100|[from] Stealth Rock\n|-activate|p2a: Walking Wake|ability: Protosynthesis\n|-start|p2a: Walking Wake|protosynthesisspa\n|\n|-weather|SunnyDay|[upkeep]\n|-heal|p1a: Great Tusk|32\/100|[from] item: Leftovers\n|upkeep\n|turn|19\n|\n|t:|1700179519\n|-end|p1a: Great Tusk|Protosynthesis|[silent]\n|switch|p1a: Chansey|Chansey, F|91\/100\n|move|p2a: Walking Wake|Hydro Steam|p1a: Chansey\n|-damage|p1a: Chansey|53\/100\n|\n|-weather|none\n|-end|p2a: Walking Wake|Protosynthesis\n|upkeep\n|turn|20\n|\n|t:|1700179527\n|-end|p2a: Walking Wake|Protosynthesis|[silent]\n|switch|p2a: Torkoal|Torkoal, F|77\/100 par\n|-damage|p2a: Torkoal|53\/100 par|[from] Stealth Rock\n|-weather|SunnyDay|[from] ability: Drought|[of] p2a: Torkoal\n|move|p1a: Chansey|Seismic Toss|p2a: Torkoal\n|-damage|p2a: Torkoal|24\/100 par\n|\n|-weather|SunnyDay|[upkeep]\n|upkeep\n|turn|21\n|\n|t:|1700179538\n|move|p1a: Chansey|Soft-Boiled|p1a: Chansey\n|-heal|p1a: Chansey|100\/100\n|move|p2a: Torkoal|Rapid Spin|p1a: Chansey\n|-damage|p1a: Chansey|95\/100\n|-boost|p2a: Torkoal|spe|1\n|-sideend|p2: DoubleWarp|Stealth Rock|[from] move: Rapid Spin|[of] p2a: Torkoal\n|\n|-weather|SunnyDay|[upkeep]\n|upkeep\n|turn|22\n|\n|t:|1700179544\n|move|p1a: Chansey|Seismic Toss|p2a: Torkoal\n|-damage|p2a: Torkoal|0 fnt\n|faint|p2a: Torkoal\n|\n|-weather|SunnyDay|[upkeep]\n|upkeep\n|\n|t:|1700179547\n|switch|p2a: Great Tusk|Great Tusk|67\/100\n|-activate|p2a: Great Tusk|ability: Protosynthesis\n|-start|p2a: Great Tusk|protosynthesisatk\n|turn|23\n|\n|t:|1700179552\n|switch|p1a: Dondozo|Dondozo, F|80\/100\n|move|p2a: Great Tusk|Close Combat|p1a: Dondozo\n|-damage|p1a: Dondozo|8\/100\n|-unboost|p2a: Great Tusk|def|1\n|-unboost|p2a: Great Tusk|spd|1\n|\n|-weather|SunnyDay|[upkeep]\n|-heal|p1a: Dondozo|14\/100|[from] item: Leftovers\n|upkeep\n|turn|24\n|\n|t:|1700179557\n|switch|p1a: Hatterene|Hatterene, F|57\/100\n|move|p2a: Great Tusk|Close Combat|p1a: Hatterene\n|-resisted|p1a: Hatterene\n|-damage|p1a: Hatterene|31\/100\n|-unboost|p2a: Great Tusk|def|1\n|-unboost|p2a: Great Tusk|spd|1\n|\n|-weather|SunnyDay|[upkeep]\n|-heal|p1a: Hatterene|37\/100|[from] item: Leftovers\n|upkeep\n|turn|25\n|\n|t:|1700179568\n|-end|p2a: Great Tusk|Protosynthesis|[silent]\n|switch|p2a: Slowking|Slowking-Galar, F|83\/100\n|switch|p1a: Kingambit|Kingambit, M|100\/100\n|-activate|p1a: Kingambit|ability: Supreme Overlord\n|-start|p1a: Kingambit|fallen1|[silent]\n|\n|-weather|SunnyDay|[upkeep]\n|upkeep\n|turn|26\n|\n|t:|1700179577\n|switch|p2a: Corviknight|Corviknight, F|71\/100\n|-ability|p2a: Corviknight|Pressure\n|move|p1a: Kingambit|Kowtow Cleave|p2a: Corviknight\n|-damage|p2a: Corviknight|38\/100\n|-damage|p1a: Kingambit|84\/100|[from] item: Rocky Helmet|[of] p2a: Corviknight\n|\n|-weather|SunnyDay|[upkeep]\n|upkeep\n|turn|27\n|inactive|gcy9 has 60 seconds left.\n|\n|t:|1700179631\n|move|p2a: Corviknight|Roost|p2a: Corviknight\n|-heal|p2a: Corviknight|88\/100\n|-singleturn|p2a: Corviknight|move: Roost\n|move|p1a: Kingambit|Swords Dance|p1a: Kingambit\n|-boost|p1a: Kingambit|atk|2\n|\n|-weather|none\n|upkeep\n|turn|28\n|inactive|gcy9 has 30 seconds left.\n|inactive|gcy9 has 20 seconds left.\n|inactive|DoubleWarp has 120 seconds left.\n|inactive|gcy9 has 15 seconds left.\n|\n|t:|1700179666\n|move|p2a: Corviknight|U-turn|p1a: Kingambit\n|-damage|p1a: Kingambit|74\/100\n|inactive|gcy9 has 20 seconds left this turn.\n|\n|t:|1700179672\n|switch|p2a: Great Tusk|Great Tusk|67\/100|[from] U-turn\n|move|p1a: Kingambit|Kowtow Cleave|p2a: Great Tusk\n|-resisted|p2a: Great Tusk\n|-damage|p2a: Great Tusk|25\/100\n|\n|upkeep\n|turn|29\n|inactive|gcy9 has 30 seconds left this turn.\n|inactive|DoubleWarp has 120 seconds left.\n|inactive|gcy9 has 20 seconds left.\n|\n|t:|1700179683\n|move|p1a: Kingambit|Sucker Punch|p2a: Great Tusk\n|-resisted|p2a: Great Tusk\n|-damage|p2a: Great Tusk|0 fnt\n|faint|p2a: Great Tusk\n|-end|p2a: Great Tusk|Protosynthesis|[silent]\n|\n|upkeep\n|inactive|gcy9 has 25 seconds left this turn.\n|\n|t:|1700179689\n|switch|p2a: Kingambit|Kingambit, M|97\/100 par\n|-activate|p2a: Kingambit|ability: Supreme Overlord\n|-start|p2a: Kingambit|fallen2|[silent]\n|turn|30\n|inactive|gcy9 has 30 seconds left.\n|\n|t:|1700179704\n|-terastallize|p2a: Kingambit|Flying\n|move|p1a: Kingambit|Kowtow Cleave|p2a: Kingambit\n|-damage|p2a: Kingambit|0 fnt\n|faint|p2a: Kingambit\n|-end|p2a: Kingambit|fallen2|[silent]\n|\n|upkeep\n|inactive|gcy9 has 30 seconds left this turn.\n|-message|DoubleWarp forfeited.\n|\n|win|gcy9\n|raw|gcy9's rating: 1444 &rarr; <strong>1466<\/strong><br \/>(+22 for winning)\n|raw|DoubleWarp's rating: 1476 &rarr; <strong>1454<\/strong><br \/>(-22 for losing)\n|l|\u2606DoubleWarp\n","uploadtime":1700179719,"views":8,"p1id":"gcy9","p2id":"doublewarp","formatid":"gen9ou","rating":1454,"private":0,"password":""}