{"id":"gen9ou-1999792408","p1":"whitepikmin","p2":"VanhominTest","format":"[Gen 9] OU","log":"|j|\u2606whitepikmin\n|j|\u2606VanhominTest\n|t:|1701117132\n|gametype|singles\n|player|p1|whitepikmin|wallace|\n|player|p2|VanhominTest|scientist-gen4|\n|teamsize|p1|6\n|teamsize|p2|6\n|gen|9\n|tier|[Gen 9] OU\n|rule|Sleep Clause Mod: Limit one foe put to sleep\n|rule|Species Clause: Limit one of each Pok\u00e9mon\n|rule|OHKO Clause: OHKO moves are banned\n|rule|Evasion Items Clause: Evasion items are banned\n|rule|Evasion Moves Clause: Evasion moves are banned\n|rule|Endless Battle Clause: Forcing endless battles is banned\n|rule|HP Percentage Mod: HP is shown in percentages\n|clearpoke\n|poke|p1|Weezing-Galar, M|\n|poke|p1|Samurott-Hisui, M|\n|poke|p1|Scream Tail|\n|poke|p1|Armarouge, M|\n|poke|p1|Slowking-Galar, M|\n|poke|p1|Iron Valiant|\n|poke|p2|Ditto|\n|poke|p2|Ninetales-Alola, M|\n|poke|p2|Garganacl, M|\n|poke|p2|Lokix, F|\n|poke|p2|Enamorus, F|\n|poke|p2|Corviknight, F|\n|teampreview\n|inactive|Battle timer is ON: inactive players will automatically lose when time's up. (requested by VanhominTest)\n|inactiveoff|Battle timer is now OFF.\n|c|\u2606VanhominTest|Not sure how long ago this challenge was haha\n|c|\u2606whitepikmin|me either tbh!\n|\n|t:|1701117327\n|start\n|switch|p1a: Shirohige|Samurott-Hisui, M, shiny|100\/100\n|switch|p2a: Blackleg|Lokix, F|100\/100\n|turn|1\n|\n|t:|1701118122\n|switch|p1a: Gent|Weezing-Galar, M, shiny|100\/100\n|move|p2a: Blackleg|First Impression|p1a: Gent\n|-resisted|p1a: Gent\n|-damage|p1a: Gent|87\/100\n|\n|-heal|p1a: Gent|93\/100|[from] item: Black Sludge\n|upkeep\n|turn|2\n|\n|t:|1701118183\n|move|p2a: Blackleg|U-turn|p1a: Gent\n|-resisted|p1a: Gent\n|-damage|p1a: Gent|84\/100\n|\n|t:|1701118203\n|switch|p2a: Giiwedin|Ninetales-Alola, M|100\/100|[from] U-turn\n|-weather|Snow|[from] ability: Snow Warning|[of] p2a: Giiwedin\n|move|p1a: Gent|Clear Smog|p2a: Giiwedin\n|-supereffective|p2a: Giiwedin\n|-damage|p2a: Giiwedin|69\/100\n|-clearboost|p2a: Giiwedin\n|\n|-weather|Snow|[upkeep]\n|-heal|p1a: Gent|90\/100|[from] item: Black Sludge\n|upkeep\n|turn|3\n|\n|t:|1701118373\n|switch|p1a: Jogo|Armarouge, M|100\/100\n|move|p2a: Giiwedin|Aurora Veil|p2a: Giiwedin\n|-sidestart|p2: VanhominTest|move: Aurora Veil\n|\n|-weather|Snow|[upkeep]\n|upkeep\n|turn|4\n|\n|t:|1701118398\n|switch|p2a: Catalyst|Garganacl, M|100\/100\n|-terastallize|p1a: Jogo|Fire\n|move|p1a: Jogo|Armor Cannon|p2a: Catalyst\n|-resisted|p2a: Catalyst\n|-damage|p2a: Catalyst|85\/100\n|-unboost|p1a: Jogo|def|1\n|-unboost|p1a: Jogo|spd|1\n|\n|-weather|Snow|[upkeep]\n|-heal|p2a: Catalyst|91\/100|[from] item: Leftovers\n|upkeep\n|turn|5\n|\n|t:|1701118451\n|switch|p1a: AngrySquare|Scream Tail|100\/100\n|move|p2a: Catalyst|Salt Cure|p1a: AngrySquare\n|-damage|p1a: AngrySquare|90\/100\n|-start|p1a: AngrySquare|Salt Cure\n|\n|-weather|Snow|[upkeep]\n|-heal|p2a: Catalyst|97\/100|[from] item: Leftovers\n|-damage|p1a: AngrySquare|77\/100|[from] Salt Cure\n|upkeep\n|turn|6\n|\n|t:|1701118478\n|move|p1a: AngrySquare|Reflect|p1a: AngrySquare\n|-sidestart|p1: whitepikmin|Reflect\n|move|p2a: Catalyst|Curse|p2a: Catalyst\n|-unboost|p2a: Catalyst|spe|1\n|-boost|p2a: Catalyst|atk|1\n|-boost|p2a: Catalyst|def|1\n|\n|-weather|none\n|-heal|p2a: Catalyst|100\/100|[from] item: Leftovers\n|-damage|p1a: AngrySquare|65\/100|[from] Salt Cure\n|upkeep\n|turn|7\n|\n|t:|1701118482\n|move|p1a: AngrySquare|Encore|p2a: Catalyst\n|-start|p2a: Catalyst|Encore\n|move|p2a: Catalyst|Curse|p2a: Catalyst\n|-unboost|p2a: Catalyst|spe|1\n|-boost|p2a: Catalyst|atk|1\n|-boost|p2a: Catalyst|def|1\n|\n|-damage|p1a: AngrySquare|53\/100|[from] Salt Cure\n|upkeep\n|turn|8\n|\n|t:|1701118484\n|-terastallize|p2a: Catalyst|Ghost\n|move|p1a: AngrySquare|Wish|p1a: AngrySquare\n|move|p2a: Catalyst|Curse|p1a: AngrySquare\n|-start|p1a: AngrySquare|Curse|[of] p2a: Catalyst\n|-damage|p2a: Catalyst|50\/100\n|\n|-heal|p2a: Catalyst|57\/100|[from] item: Leftovers\n|-damage|p1a: AngrySquare|28\/100|[from] Curse\n|-damage|p1a: AngrySquare|15\/100|[from] Salt Cure\n|upkeep\n|turn|9\n|\n|t:|1701118500\n|-end|p1a: AngrySquare|Protosynthesis|[silent]\n|switch|p1a: Gent|Weezing-Galar, M, shiny|90\/100\n|switch|p2a: Mordred|Corviknight, F|100\/100\n|-ability|p2a: Mordred|Pressure\n|\n|-heal|p1a: Gent|100\/100|[from] move: Wish|[wisher] AngrySquare\n|upkeep\n|turn|10\n|\n|t:|1701118513\n|switch|p1a: Jogo|Armarouge, M, tera:Fire|100\/100\n|move|p2a: Mordred|U-turn|p1a: Jogo\n|-resisted|p1a: Jogo\n|-damage|p1a: Jogo|97\/100\n|-ability|p1a: Jogo|Weak Armor|boost\n|-unboost|p1a: Jogo|def|1\n|-boost|p1a: Jogo|spe|2\n|\n|t:|1701118566\n|switch|p2a: Catalyst|Garganacl, M, tera:Ghost|57\/100|[from] U-turn\n|\n|-heal|p2a: Catalyst|63\/100|[from] item: Leftovers\n|-sideend|p2: VanhominTest|move: Aurora Veil\n|upkeep\n|turn|11\n|\n|t:|1701118632\n|move|p1a: Jogo|Psychic|p2a: Catalyst\n|-damage|p2a: Catalyst|28\/100\n|-unboost|p2a: Catalyst|spd|1\n|move|p2a: Catalyst|Salt Cure|p1a: Jogo\n|-supereffective|p1a: Jogo\n|-damage|p1a: Jogo|79\/100\n|-start|p1a: Jogo|Salt Cure\n|-ability|p1a: Jogo|Weak Armor|boost\n|-unboost|p1a: Jogo|def|1\n|-boost|p1a: Jogo|spe|2\n|\n|-heal|p2a: Catalyst|35\/100|[from] item: Leftovers\n|-damage|p1a: Jogo|66\/100|[from] Salt Cure\n|upkeep\n|turn|12\n|\n|t:|1701118650\n|move|p1a: Jogo|Armor Cannon|p2a: Catalyst\n|-damage|p2a: Catalyst|0 fnt\n|-unboost|p1a: Jogo|def|1\n|-unboost|p1a: Jogo|spd|1\n|faint|p2a: Catalyst\n|\n|-damage|p1a: Jogo|54\/100|[from] Salt Cure\n|upkeep\n|\n|t:|1701118656\n|switch|p2a: Recursion|Ditto|100\/100\n|-transform|p2a: Recursion|p1a: Jogo|[from] ability: Imposter\n|turn|13\n|\n|t:|1701118687\n|switch|p1a: Shirohige|Samurott-Hisui, M, shiny|100\/100\n|move|p2a: Recursion|Clear Smog|p1a: Shirohige\n|-damage|p1a: Shirohige|74\/100\n|-clearboost|p1a: Shirohige\n|\n|-sideend|p1: whitepikmin|Reflect\n|upkeep\n|turn|14\n|\n|t:|1701118710\n|switch|p2a: Mordred|Corviknight, F|100\/100\n|-ability|p2a: Mordred|Pressure\n|move|p1a: Shirohige|Ceaseless Edge|p2a: Mordred\n|-damage|p2a: Mordred|76\/100\n|-damage|p1a: Shirohige|58\/100|[from] item: Rocky Helmet|[of] p2a: Mordred\n|-sidestart|p2: VanhominTest|Spikes\n|\n|upkeep\n|turn|15\n|\n|t:|1701118724\n|switch|p1a: Jogo|Armarouge, M, tera:Fire|54\/100\n|move|p2a: Mordred|Defog|p1a: Jogo\n|-unboost|p1a: Jogo|evasion|1\n|-sideend|p2: VanhominTest|Spikes|[from] move: Defog|[of] p2a: Mordred\n|\n|upkeep\n|turn|16\n|\n|t:|1701118733\n|move|p1a: Jogo|Armor Cannon|p2a: Mordred\n|-supereffective|p2a: Mordred\n|-damage|p2a: Mordred|0 fnt\n|-unboost|p1a: Jogo|def|1\n|-unboost|p1a: Jogo|spd|1\n|faint|p2a: Mordred\n|\n|upkeep\n|\n|t:|1701118744\n|switch|p2a: Giiwedin|Ninetales-Alola, M|69\/100\n|-weather|Snow|[from] ability: Snow Warning|[of] p2a: Giiwedin\n|turn|17\n|\n|t:|1701118763\n|move|p2a: Giiwedin|Aurora Veil|p2a: Giiwedin\n|-sidestart|p2: VanhominTest|move: Aurora Veil\n|move|p1a: Jogo|Armor Cannon|p2a: Giiwedin\n|-supereffective|p2a: Giiwedin\n|-damage|p2a: Giiwedin|0 fnt\n|-unboost|p1a: Jogo|def|1\n|-unboost|p1a: Jogo|spd|1\n|faint|p2a: Giiwedin\n|\n|-weather|Snow|[upkeep]\n|upkeep\n|c|\u2606VanhominTest|hmmm\n|\n|t:|1701118833\n|switch|p2a: Enamorus|Enamorus, F|100\/100\n|turn|18\n|\n|t:|1701118874\n|move|p2a: Enamorus|Substitute|p2a: Enamorus\n|-start|p2a: Enamorus|Substitute\n|-damage|p2a: Enamorus|76\/100\n|move|p1a: Jogo|Armor Cannon|p2a: Enamorus\n|-end|p2a: Enamorus|Substitute\n|-unboost|p1a: Jogo|def|1\n|-unboost|p1a: Jogo|spd|1\n|\n|-weather|Snow|[upkeep]\n|-heal|p2a: Enamorus|82\/100|[from] item: Leftovers\n|upkeep\n|turn|19\n|\n|t:|1701118886\n|move|p2a: Enamorus|Earth Power|p1a: Jogo\n|-supereffective|p1a: Jogo\n|-damage|p1a: Jogo|0 fnt\n|faint|p1a: Jogo\n|\n|-weather|Snow|[upkeep]\n|-heal|p2a: Enamorus|88\/100|[from] item: Leftovers\n|upkeep\n|\n|t:|1701118922\n|switch|p1a: Iron Valiant|Iron Valiant|100\/100\n|-enditem|p1a: Iron Valiant|Booster Energy\n|-activate|p1a: Iron Valiant|ability: Quark Drive|[fromitem]\n|-start|p1a: Iron Valiant|quarkdrivespe\n|turn|20\n|\n|t:|1701118926\n|move|p1a: Iron Valiant|Spirit Break|p2a: Enamorus\n|-damage|p2a: Enamorus|55\/100\n|-unboost|p2a: Enamorus|spa|1\n|move|p2a: Enamorus|Moonblast|p1a: Iron Valiant\n|-supereffective|p1a: Iron Valiant\n|-damage|p1a: Iron Valiant|0 fnt\n|faint|p1a: Iron Valiant\n|-end|p1a: Iron Valiant|Quark Drive|[silent]\n|\n|-weather|Snow|[upkeep]\n|-heal|p2a: Enamorus|61\/100|[from] item: Leftovers\n|upkeep\n|c|\u2606VanhominTest|That drop may ruin me\n|\n|t:|1701118972\n|switch|p1a: Claude|Slowking-Galar, M, shiny|100\/100\n|turn|21\n|\n|t:|1701119058\n|move|p2a: Enamorus|Substitute|p2a: Enamorus\n|-start|p2a: Enamorus|Substitute\n|-damage|p2a: Enamorus|36\/100\n|move|p1a: Claude|Thunder Wave|p2a: Enamorus|[miss]\n|-miss|p1a: Claude|p2a: Enamorus\n|\n|-weather|none\n|-heal|p2a: Enamorus|43\/100|[from] item: Leftovers\n|upkeep\n|turn|22\n|c|\u2606whitepikmin|Uh oh\n|\n|t:|1701119099\n|move|p2a: Enamorus|Calm Mind|p2a: Enamorus\n|-boost|p2a: Enamorus|spa|1\n|-boost|p2a: Enamorus|spd|1\n|move|p1a: Claude|Sludge Bomb|p2a: Enamorus\n|-supereffective|p2a: Enamorus\n|-end|p2a: Enamorus|Substitute\n|\n|-heal|p2a: Enamorus|49\/100|[from] item: Leftovers\n|upkeep\n|turn|23\n|\n|t:|1701119105\n|move|p2a: Enamorus|Earth Power|p1a: Claude\n|-supereffective|p1a: Claude\n|-damage|p1a: Claude|61\/100\n|move|p1a: Claude|Sludge Bomb|p2a: Enamorus\n|-supereffective|p2a: Enamorus\n|-damage|p2a: Enamorus|17\/100\n|\n|-heal|p2a: Enamorus|24\/100|[from] item: Leftovers\n|upkeep\n|turn|24\n|\n|t:|1701119119\n|move|p2a: Enamorus|Earth Power|p1a: Claude\n|-supereffective|p1a: Claude\n|-damage|p1a: Claude|20\/100\n|move|p1a: Claude|Slack Off|p1a: Claude\n|-heal|p1a: Claude|70\/100\n|\n|-heal|p2a: Enamorus|30\/100|[from] item: Leftovers\n|-sideend|p2: VanhominTest|move: Aurora Veil\n|upkeep\n|turn|25\n|c|\u2606VanhominTest|I guess even at +1 I'd come up a bit short against slowking\n|\n|t:|1701119133\n|move|p2a: Enamorus|Earth Power|p1a: Claude\n|-supereffective|p1a: Claude\n|-damage|p1a: Claude|34\/100\n|move|p1a: Claude|Sludge Bomb|p2a: Enamorus\n|-supereffective|p2a: Enamorus\n|-damage|p2a: Enamorus|0 fnt\n|faint|p2a: Enamorus\n|\n|upkeep\n|\n|t:|1701119142\n|switch|p2a: Blackleg|Lokix, F|100\/100\n|turn|26\n|\n|t:|1701119151\n|switch|p1a: Gent|Weezing-Galar, M, shiny|100\/100\n|move|p2a: Blackleg|First Impression|p1a: Gent\n|-resisted|p1a: Gent\n|-damage|p1a: Gent|89\/100\n|\n|-heal|p1a: Gent|95\/100|[from] item: Black Sludge\n|upkeep\n|turn|27\n|\n|t:|1701119156\n|move|p2a: Blackleg|Knock Off|p1a: Gent\n|-resisted|p1a: Gent\n|-damage|p1a: Gent|68\/100\n|-enditem|p1a: Gent|Black Sludge|[from] move: Knock Off|[of] p2a: Blackleg\n|move|p1a: Gent|Clear Smog|p2a: Blackleg\n|-damage|p2a: Blackleg|70\/100\n|-clearboost|p2a: Blackleg\n|\n|upkeep\n|turn|28\n|\n|t:|1701119167\n|move|p2a: Blackleg|U-turn|p1a: Gent\n|-resisted|p1a: Gent\n|-damage|p1a: Gent|58\/100\n|\n|t:|1701119169\n|switch|p2a: Recursion|Ditto|100\/100|[from] U-turn\n|-transform|p2a: Recursion|p1a: Gent|[from] ability: Imposter\n|move|p1a: Gent|Clear Smog|p2a: Recursion\n|-damage|p2a: Recursion|79\/100\n|-clearboost|p2a: Recursion\n|\n|upkeep\n|turn|29\n|\n|t:|1701119182\n|move|p2a: Recursion|Clear Smog|p1a: Gent\n|-damage|p1a: Gent|37\/100\n|-clearboost|p1a: Gent\n|move|p1a: Gent|Pain Split|p2a: Recursion\n|-sethp|p2a: Recursion|60\/100|[from] move: Pain Split|[silent]\n|-sethp|p1a: Gent|54\/100|[from] move: Pain Split\n|\n|upkeep\n|turn|30\n|\n|t:|1701119187\n|switch|p1a: AngrySquare|Scream Tail|15\/100\n|move|p2a: Recursion|Clear Smog|p1a: AngrySquare\n|-supereffective|p1a: AngrySquare\n|-damage|p1a: AngrySquare|0 fnt\n|-clearboost|p1a: AngrySquare\n|faint|p1a: AngrySquare\n|-end|p1a: AngrySquare|Protosynthesis|[silent]\n|\n|upkeep\n|\n|t:|1701119191\n|switch|p1a: Shirohige|Samurott-Hisui, M, shiny|58\/100\n|turn|31\n|\n|t:|1701119197\n|switch|p2a: Blackleg|Lokix, F|70\/100\n|move|p1a: Shirohige|Ceaseless Edge|p2a: Blackleg\n|-resisted|p2a: Blackleg\n|-damage|p2a: Blackleg|35\/100\n|-sidestart|p2: VanhominTest|Spikes\n|\n|upkeep\n|turn|32\n|\n|t:|1701119200\n|switch|p1a: Gent|Weezing-Galar, M, shiny|54\/100\n|move|p2a: Blackleg|U-turn|p1a: Gent\n|-resisted|p1a: Gent\n|-damage|p1a: Gent|45\/100\n|\n|t:|1701119204\n|switch|p2a: Recursion|Ditto|60\/100|[from] U-turn\n|-damage|p2a: Recursion|48\/100|[from] Spikes\n|-transform|p2a: Recursion|p1a: Gent|[from] ability: Imposter\n|\n|upkeep\n|turn|33\n|\n|t:|1701119210\n|move|p1a: Gent|Protect|p1a: Gent\n|-singleturn|p1a: Gent|Protect\n|move|p2a: Recursion|Clear Smog|p1a: Gent\n|-activate|p1a: Gent|move: Protect\n|\n|upkeep\n|turn|34\n|\n|t:|1701119214\n|switch|p1a: Claude|Slowking-Galar, M, shiny|68\/100\n|move|p2a: Recursion|Clear Smog|p1a: Claude\n|-resisted|p1a: Claude\n|-damage|p1a: Claude|63\/100\n|-clearboost|p1a: Claude\n|\n|upkeep\n|turn|35\n|\n|t:|1701119217\n|move|p2a: Recursion|Clear Smog|p1a: Claude\n|-resisted|p1a: Claude\n|-damage|p1a: Claude|58\/100\n|-clearboost|p1a: Claude\n|move|p1a: Claude|Future Sight|p2a: Recursion\n|-start|p1a: Claude|move: Future Sight\n|\n|upkeep\n|turn|36\n|\n|t:|1701119219\n|move|p2a: Recursion|Clear Smog|p1a: Claude\n|-resisted|p1a: Claude\n|-damage|p1a: Claude|54\/100\n|-clearboost|p1a: Claude\n|move|p1a: Claude|Slack Off|p1a: Claude\n|-heal|p1a: Claude|100\/100\n|\n|upkeep\n|turn|37\n|\n|t:|1701119222\n|switch|p2a: Blackleg|Lokix, F|35\/100\n|move|p1a: Claude|Sludge Bomb|p2a: Blackleg\n|-damage|p2a: Blackleg|0 fnt\n|faint|p2a: Blackleg\n|\n|-hint|Future Sight did not hit because the target is fainted.\n|upkeep\n|\n|t:|1701119225\n|switch|p2a: Recursion|Ditto|48\/100\n|-damage|p2a: Recursion|36\/100|[from] Spikes\n|-transform|p2a: Recursion|p1a: Claude|[from] ability: Imposter\n|turn|38\n|\n|t:|1701119229\n|move|p2a: Recursion|Future Sight|p1a: Claude\n|-start|p2a: Recursion|move: Future Sight\n|move|p1a: Claude|Future Sight|p2a: Recursion\n|-start|p1a: Claude|move: Future Sight\n|\n|upkeep\n|turn|39\n|\n|t:|1701119231\n|move|p2a: Recursion|Future Sight||[still]\n|-fail|p2a: Recursion\n|move|p1a: Claude|Thunder Wave|p2a: Recursion\n|-status|p2a: Recursion|par\n|\n|upkeep\n|turn|40\n|c|\u2606VanhominTest|good game\n|c|\u2606whitepikmin|Gg sorry about the long pauses. Workers working on the house\n|\n|t:|1701119259\n|move|p1a: Claude|Future Sight||[still]\n|-fail|p1a: Claude\n|move|p2a: Recursion|Future Sight||[still]\n|-fail|p2a: Recursion\n|\n|-end|p2a: Recursion|move: Future Sight\n|-damage|p2a: Recursion|0 fnt\n|faint|p2a: Recursion\n|\n|win|whitepikmin\n|upkeep\n|c|\u2606VanhominTest|I had long pauses too because I am at work lmao\n","uploadtime":1701119284,"views":2,"p1id":"whitepikmin","p2id":"vanhomintest","formatid":"gen9ou","rating":0,"private":0,"password":""}