{"id":"gen9ou-1988395550","p1":"BH2","p2":"iamash420","format":"[Gen 9] OU","log":"|j|\u2606BH2\n|j|\u2606iamash420\n|t:|1699718168\n|gametype|singles\n|player|p1|BH2|brycen|1019\n|player|p2|iamash420|169|1123\n|teamsize|p1|6\n|teamsize|p2|6\n|gen|9\n|tier|[Gen 9] OU\n|rated|\n|rule|Sleep Clause Mod: Limit one foe put to sleep\n|rule|Species Clause: Limit one of each Pok\u00e9mon\n|rule|OHKO Clause: OHKO moves are banned\n|rule|Evasion Items Clause: Evasion items are banned\n|rule|Evasion Moves Clause: Evasion moves are banned\n|rule|Endless Battle Clause: Forcing endless battles is banned\n|rule|HP Percentage Mod: HP is shown in percentages\n|clearpoke\n|poke|p1|Snorlax, F|\n|poke|p1|Ceruledge, M|\n|poke|p1|Garganacl, F|\n|poke|p1|Sinistcha-Masterpiece|\n|poke|p1|Corviknight, F|\n|poke|p1|Greninja-*, M|\n|poke|p2|Great Tusk|\n|poke|p2|Pelipper, F|\n|poke|p2|Basculegion, M|\n|poke|p2|Manaphy|\n|poke|p2|Ludicolo, F|\n|poke|p2|Politoed, F|\n|teampreview\n|inactive|Battle timer is ON: inactive players will automatically lose when time's up. (requested by iamash420)\n|inactive|BH2 also wants the timer to be on.\n|\n|t:|1699718198\n|start\n|switch|p1a: Greninja|Greninja, M, shiny|100\/100\n|switch|p2a: Politoed|Politoed, F, shiny|100\/100\n|-weather|RainDance|[from] ability: Drizzle|[of] p2a: Politoed\n|turn|1\n|c|\u2606BH2|Thats a lot of water\n|\n|t:|1699718213\n|switch|p2a: Ludicolo|Ludicolo, F|100\/100\n|move|p1a: Greninja|Toxic Spikes|p2a: Ludicolo\n|-start|p1a: Greninja|typechange|Poison|[from] ability: Protean\n|-sidestart|p2: iamash420|move: Toxic Spikes\n|\n|-weather|RainDance|[upkeep]\n|upkeep\n|turn|2\n|\n|t:|1699718222\n|move|p2a: Ludicolo|Energy Ball|p1a: Greninja\n|-resisted|p1a: Greninja\n|-damage|p1a: Greninja|77\/100\n|move|p1a: Greninja|Toxic Spikes|p2a: Ludicolo\n|-sidestart|p2: iamash420|move: Toxic Spikes\n|\n|-weather|RainDance|[upkeep]\n|upkeep\n|turn|3\n|\n|t:|1699718227\n|move|p2a: Ludicolo|Leech Seed|p1a: Greninja\n|-start|p1a: Greninja|move: Leech Seed\n|move|p1a: Greninja|Spikes|p2a: Ludicolo\n|-sidestart|p2: iamash420|Spikes\n|\n|-weather|RainDance|[upkeep]\n|-damage|p1a: Greninja|65\/100|[from] Leech Seed|[of] p2a: Ludicolo\n|upkeep\n|turn|4\n|c|\u2606iamash420|Gotta stay hydrated\n|c|\u2606BH2|lol\n|\n|t:|1699718235\n|move|p2a: Ludicolo|Substitute|p2a: Ludicolo\n|-start|p2a: Ludicolo|Substitute\n|-damage|p2a: Ludicolo|76\/100\n|move|p1a: Greninja|Spikes|p2a: Ludicolo\n|-sidestart|p2: iamash420|Spikes\n|\n|-weather|RainDance|[upkeep]\n|-heal|p2a: Ludicolo|82\/100|[from] item: Leftovers\n|-damage|p1a: Greninja|52\/100|[from] Leech Seed|[of] p2a: Ludicolo\n|-heal|p2a: Ludicolo|94\/100|[silent]\n|upkeep\n|turn|5\n|c|\u2606BH2|That water can kill me tho\n|c|\u2606BH2|over-hydration is not a good thing lolololol\n|\n|t:|1699718255\n|move|p2a: Ludicolo|Energy Ball|p1a: Greninja\n|-resisted|p1a: Greninja\n|-damage|p1a: Greninja|30\/100\n|move|p1a: Greninja|Dark Pulse|p2a: Ludicolo\n|-end|p2a: Ludicolo|Substitute\n|\n|-weather|RainDance|[upkeep]\n|-heal|p2a: Ludicolo|99\/100|[from] item: Leftovers\n|-damage|p1a: Greninja|18\/100|[from] Leech Seed|[of] p2a: Ludicolo\n|-heal|p2a: Ludicolo|100\/100|[silent]\n|upkeep\n|-enditem|p1a: Greninja|Aguav Berry|[eat]\n|-heal|p1a: Greninja|51\/100|[from] item: Aguav Berry\n|turn|6\n|\n|t:|1699718265\n|move|p2a: Ludicolo|Substitute|p2a: Ludicolo\n|-start|p2a: Ludicolo|Substitute\n|-damage|p2a: Ludicolo|76\/100\n|move|p1a: Greninja|Dark Pulse|p2a: Ludicolo\n|-activate|p2a: Ludicolo|move: Substitute|[damage]\n|\n|-weather|RainDance|[upkeep]\n|-heal|p2a: Ludicolo|82\/100|[from] item: Leftovers\n|-damage|p1a: Greninja|39\/100|[from] Leech Seed|[of] p2a: Ludicolo\n|-heal|p2a: Ludicolo|94\/100|[silent]\n|upkeep\n|turn|7\n|l|\u2606iamash420\n|inactive|iamash420 disconnected and has a minute to reconnect!\n|player|p2|\n|j|\u2606iamash420\n|inactive|iamash420 reconnected and has 145 seconds left.\n|player|p2|iamash420|169\n|\n|t:|1699718285\n|move|p2a: Ludicolo|Energy Ball|p1a: Greninja\n|-resisted|p1a: Greninja\n|-damage|p1a: Greninja|18\/100\n|move|p1a: Greninja|Dark Pulse|p2a: Ludicolo\n|-end|p2a: Ludicolo|Substitute\n|\n|-weather|RainDance|[upkeep]\n|-heal|p2a: Ludicolo|99\/100|[from] item: Leftovers\n|-damage|p1a: Greninja|5\/100|[from] Leech Seed|[of] p2a: Ludicolo\n|-heal|p2a: Ludicolo|100\/100|[silent]\n|upkeep\n|turn|8\n|c|\u2606iamash420|It's sort of a meme strat but it can be good lol\n|inactive|BH2 has 120 seconds left.\n|l|\u2606iamash420\n|inactive|iamash420 disconnected and has a minute to reconnect!\n|player|p2|\n|inactive|BH2 has 90 seconds left.\n|inactive|BH2 has 60 seconds left.\n|j|\u2606iamash420\n|inactive|iamash420 reconnected.\n|player|p2|iamash420|169\n|inactive|BH2 has 30 seconds left.\n|inactive|BH2 has 20 seconds left.\n|inactive|BH2 has 15 seconds left.\n|inactive|BH2 has 10 seconds left.\n|inactive|BH2 has 5 seconds left.\n|\n|t:|1699718432\n|move|p2a: Ludicolo|Substitute|p2a: Ludicolo\n|-start|p2a: Ludicolo|Substitute\n|-damage|p2a: Ludicolo|76\/100\n|move|p1a: Greninja|Haze|p1a: Greninja\n|-clearallboost\n|\n|-weather|none\n|-heal|p2a: Ludicolo|82\/100|[from] item: Leftovers\n|-damage|p1a: Greninja|0 fnt|[from] Leech Seed|[of] p2a: Ludicolo\n|-heal|p2a: Ludicolo|87\/100|[silent]\n|faint|p1a: Greninja\n|upkeep\n|inactive|BH2 has 10 seconds left this turn.\n|\n|t:|1699718436\n|switch|p1a: Snorlax|Snorlax, F, shiny|100\/100\n|turn|9\n|inactive|BH2 has 20 seconds left this turn.\n|inactive|iamash420 has 120 seconds left.\n|\n|t:|1699718473\n|move|p2a: Ludicolo|Substitute|p2a: Ludicolo\n|-fail|p2a: Ludicolo|move: Substitute\n|move|p1a: Snorlax|Belly Drum|p1a: Snorlax\n|-damage|p1a: Snorlax|50\/100\n|-setboost|p1a: Snorlax|atk|6|[from] move: Belly Drum\n|-enditem|p1a: Snorlax|Aguav Berry|[eat]\n|-heal|p1a: Snorlax|84\/100|[from] item: Aguav Berry\n|\n|-heal|p2a: Ludicolo|93\/100|[from] item: Leftovers\n|upkeep\n|turn|10\n|inactive|BH2 has 30 seconds left this turn.\n|inactive|BH2 has 20 seconds left.\n|inactive|BH2 has 15 seconds left.\n|\n|t:|1699718489\n|move|p2a: Ludicolo|Leech Seed|p1a: Snorlax\n|-start|p1a: Snorlax|move: Leech Seed\n|move|p1a: Snorlax|Outrage|p2a: Ludicolo\n|-end|p2a: Ludicolo|Substitute\n|\n|-heal|p2a: Ludicolo|99\/100|[from] item: Leftovers\n|-damage|p1a: Snorlax|71\/100|[from] Leech Seed|[of] p2a: Ludicolo\n|-heal|p2a: Ludicolo|100\/100|[silent]\n|upkeep\n|turn|11\n|inactive|BH2 has 25 seconds left this turn.\n|\n|t:|1699718503\n|move|p2a: Ludicolo|Energy Ball|p1a: Snorlax\n|-damage|p1a: Snorlax|49\/100\n|move|p1a: Snorlax|Outrage|p2a: Ludicolo|[from]lockedmove\n|-damage|p2a: Ludicolo|0 fnt\n|faint|p2a: Ludicolo\n|-start|p1a: Snorlax|confusion|[fatigue]\n|\n|upkeep\n|inactive|BH2 has 30 seconds left this turn.\n|\n|t:|1699718512\n|switch|p2a: Great Tusk|Great Tusk|100\/100\n|-status|p2a: Great Tusk|tox\n|-damage|p2a: Great Tusk|84\/100 tox|[from] Spikes\n|-enditem|p2a: Great Tusk|Booster Energy\n|-activate|p2a: Great Tusk|ability: Protosynthesis|[fromitem]\n|-start|p2a: Great Tusk|protosynthesisspe\n|turn|12\n|\n|t:|1699718518\n|-activate|p1a: Snorlax|confusion\n|-damage|p1a: Snorlax|15\/100|[from] confusion\n|move|p2a: Great Tusk|Rapid Spin|p1a: Snorlax\n|-damage|p1a: Snorlax|5\/100\n|-boost|p2a: Great Tusk|spe|1\n|-sideend|p2: iamash420|Spikes|[from] move: Rapid Spin|[of] p2a: Great Tusk\n|-sideend|p2: iamash420|Toxic Spikes|[from] move: Rapid Spin|[of] p2a: Great Tusk\n|\n|-damage|p1a: Snorlax|0 fnt|[from] Leech Seed|[of] p2a: Great Tusk\n|-heal|p2a: Great Tusk|89\/100 tox|[silent]\n|faint|p1a: Snorlax\n|-damage|p2a: Great Tusk|83\/100 tox|[from] psn\n|upkeep\n|\n|t:|1699718527\n|switch|p1a: Sinistcha|Sinistcha-Masterpiece|100\/100\n|turn|13\n|\n|t:|1699718535\n|move|p2a: Great Tusk|Knock Off|p1a: Sinistcha\n|-supereffective|p1a: Sinistcha\n|-damage|p1a: Sinistcha|50\/100\n|-enditem|p1a: Sinistcha|Focus Sash|[from] move: Knock Off|[of] p2a: Great Tusk\n|move|p1a: Sinistcha|Strength Sap|p2a: Great Tusk\n|-unboost|p2a: Great Tusk|atk|1\n|-heal|p1a: Sinistcha|100\/100\n|\n|-damage|p2a: Great Tusk|71\/100 tox|[from] psn\n|upkeep\n|turn|14\n|\n|t:|1699718543\n|-end|p2a: Great Tusk|Protosynthesis|[silent]\n|switch|p2a: Politoed|Politoed, F, shiny|100\/100\n|-weather|RainDance|[from] ability: Drizzle|[of] p2a: Politoed\n|move|p1a: Sinistcha|Matcha Gotcha|p2a: Politoed\n|-supereffective|p2a: Politoed\n|-damage|p2a: Politoed|46\/100\n|\n|-weather|RainDance|[upkeep]\n|upkeep\n|turn|15\n|\n|t:|1699718559\n|move|p1a: Sinistcha|Matcha Gotcha|p2a: Politoed\n|-supereffective|p2a: Politoed\n|-damage|p2a: Politoed|0 fnt\n|faint|p2a: Politoed\n|\n|-weather|RainDance|[upkeep]\n|upkeep\n|\n|t:|1699718565\n|switch|p2a: Basculegion|Basculegion, M|100\/100\n|turn|16\n|c|\u2606BH2|I think you need a matcha gotcha counter\n|inactive|BH2 has 60 seconds left.\n|c|\u2606BH2|or a \"sinistcha\" coutner\n|c|\u2606BH2|counter*\n|\n|t:|1699718598\n|-terastallize|p1a: Sinistcha|Water\n|move|p2a: Basculegion|Wave Crash|p1a: Sinistcha\n|-resisted|p1a: Sinistcha\n|-damage|p1a: Sinistcha|38\/100\n|-damage|p2a: Basculegion|84\/100|[from] Recoil\n|move|p1a: Sinistcha|Matcha Gotcha|p2a: Basculegion\n|-supereffective|p2a: Basculegion\n|-damage|p2a: Basculegion|8\/100\n|-heal|p1a: Sinistcha|85\/100|[from] drain|[of] p2a: Basculegion\n|\n|-weather|RainDance|[upkeep]\n|upkeep\n|turn|17\n|c|\u2606iamash420|Yeah I'm very weak to goldenego too\n|\n|t:|1699718618\n|move|p2a: Basculegion|Wave Crash|p1a: Sinistcha\n|-resisted|p1a: Sinistcha\n|-damage|p1a: Sinistcha|24\/100\n|-damage|p2a: Basculegion|0 fnt|[from] Recoil\n|faint|p2a: Basculegion\n|move|p1a: Sinistcha|Matcha Gotcha|p2: Basculegion|[notarget]\n|-fail|p1a: Sinistcha\n|\n|-weather|RainDance|[upkeep]\n|upkeep\n|c|\u2606BH2|If only volcanion was available\n|\n|t:|1699718625\n|switch|p2a: Great Tusk|Great Tusk|71\/100 tox\n|turn|18\n|\n|t:|1699718636\n|move|p2a: Great Tusk|Stealth Rock|p1a: Sinistcha\n|-sidestart|p1: BH2|move: Stealth Rock\n|move|p1a: Sinistcha|Matcha Gotcha|p2a: Great Tusk\n|-supereffective|p2a: Great Tusk\n|-damage|p2a: Great Tusk|0 fnt\n|-heal|p1a: Sinistcha|70\/100|[from] drain|[of] p2a: Great Tusk\n|faint|p2a: Great Tusk\n|-end|p2a: Great Tusk|Protosynthesis|[silent]\n|\n|-weather|RainDance|[upkeep]\n|upkeep\n|\n|t:|1699718642\n|switch|p2a: Manaphy|Manaphy|100\/100\n|turn|19\n|\n|t:|1699718647\n|move|p2a: Manaphy|Calm Mind|p2a: Manaphy\n|-boost|p2a: Manaphy|spa|1\n|-boost|p2a: Manaphy|spd|1\n|move|p1a: Sinistcha|Matcha Gotcha|p2a: Manaphy\n|-supereffective|p2a: Manaphy\n|-damage|p2a: Manaphy|59\/100\n|-heal|p1a: Sinistcha|93\/100|[from] drain|[of] p2a: Manaphy\n|\n|-weather|RainDance|[upkeep]\n|-heal|p2a: Manaphy|66\/100|[from] item: Leftovers\n|upkeep\n|turn|20\n|\n|t:|1699718650\n|-terastallize|p2a: Manaphy|Steel\n|move|p2a: Manaphy|Calm Mind|p2a: Manaphy\n|-boost|p2a: Manaphy|spa|1\n|-boost|p2a: Manaphy|spd|1\n|move|p1a: Sinistcha|Calm Mind|p1a: Sinistcha\n|-boost|p1a: Sinistcha|spa|1\n|-boost|p1a: Sinistcha|spd|1\n|\n|-weather|RainDance|[upkeep]\n|-heal|p2a: Manaphy|72\/100|[from] item: Leftovers\n|upkeep\n|turn|21\n|\n|t:|1699718652\n|move|p2a: Manaphy|Rest|p2a: Manaphy\n|-status|p2a: Manaphy|slp|[from] move: Rest\n|-heal|p2a: Manaphy|100\/100 slp|[silent]\n|move|p1a: Sinistcha|Calm Mind|p1a: Sinistcha\n|-boost|p1a: Sinistcha|spa|1\n|-boost|p1a: Sinistcha|spd|1\n|\n|-weather|none\n|upkeep\n|turn|22\n|c|\u2606iamash420|Aw man\n|c|\u2606iamash420|Messed that up\n|c|\u2606iamash420|Gg\n|c|\u2606BH2|its all good\n|-message|iamash420 forfeited.\n|\n|win|BH2\n|raw|BH2's rating: 1019 &rarr; <strong>1067<\/strong><br \/>(+48 for winning)\n|raw|iamash420's rating: 1123 &rarr; <strong>1091<\/strong><br \/>(-32 for losing)\n|l|\u2606iamash420\n","uploadtime":1699718685,"views":14,"p1id":"bh2","p2id":"iamash420","formatid":"gen9ou","rating":1067,"private":0,"password":""}