{"id":"gen9ou-1997101987","p1":"VanhominTest","p2":"whitepikmin","format":"[Gen 9] OU","log":"|j|\u2606VanhominTest\n|j|\u2606whitepikmin\n|t:|1700764692\n|gametype|singles\n|player|p1|VanhominTest|scientist-gen4|\n|player|p2|whitepikmin|wallace|\n|teamsize|p1|6\n|teamsize|p2|6\n|gen|9\n|tier|[Gen 9] OU\n|rule|Sleep Clause Mod: Limit one foe put to sleep\n|rule|Species Clause: Limit one of each Pok\u00e9mon\n|rule|OHKO Clause: OHKO moves are banned\n|rule|Evasion Items Clause: Evasion items are banned\n|rule|Evasion Moves Clause: Evasion moves are banned\n|rule|Endless Battle Clause: Forcing endless battles is banned\n|rule|HP Percentage Mod: HP is shown in percentages\n|clearpoke\n|poke|p1|Ditto|\n|poke|p1|Ninetales-Alola, M|\n|poke|p1|Garganacl, M|\n|poke|p1|Ursaluna, M|\n|poke|p1|Enamorus, F|\n|poke|p1|Corviknight, F|\n|poke|p2|Weezing-Galar, M|\n|poke|p2|Iron Valiant|\n|poke|p2|Scream Tail|\n|poke|p2|Armarouge, M|\n|poke|p2|Slowking-Galar, M|\n|poke|p2|Ogerpon-Wellspring, F|\n|teampreview\n|\n|t:|1700764708\n|start\n|switch|p1a: Giiwedin|Ninetales-Alola, M|100\/100\n|switch|p2a: Scream Tail|Scream Tail|100\/100\n|-weather|Snow|[from] ability: Snow Warning|[of] p1a: Giiwedin\n|turn|1\n|\n|t:|1700764720\n|switch|p1a: Makwa|Ursaluna, M, shiny|100\/100\n|move|p2a: Scream Tail|Stealth Rock|p1a: Makwa\n|-sidestart|p1: VanhominTest|move: Stealth Rock\n|\n|-weather|Snow|[upkeep]\n|-status|p1a: Makwa|brn|[from] item: Flame Orb\n|upkeep\n|turn|2\n|\n|t:|1700764725\n|move|p2a: Scream Tail|Reflect|p2a: Scream Tail\n|-sidestart|p2: whitepikmin|Reflect\n|move|p1a: Makwa|Facade|p2a: Scream Tail\n|-damage|p2a: Scream Tail|52\/100\n|\n|-weather|Snow|[upkeep]\n|-damage|p1a: Makwa|94\/100 brn|[from] brn\n|upkeep\n|turn|3\n|\n|t:|1700764750\n|-end|p2a: Scream Tail|Protosynthesis|[silent]\n|switch|p2a: Weezing|Weezing-Galar, M, shiny|100\/100\n|move|p1a: Makwa|Bulk Up|p1a: Makwa\n|-boost|p1a: Makwa|atk|1\n|-boost|p1a: Makwa|def|1\n|\n|-weather|Snow|[upkeep]\n|-damage|p1a: Makwa|88\/100 brn|[from] brn\n|upkeep\n|turn|4\n|\n|t:|1700764756\n|move|p2a: Weezing|Clear Smog|p1a: Makwa\n|-resisted|p1a: Makwa\n|-damage|p1a: Makwa|81\/100 brn\n|-clearboost|p1a: Makwa\n|move|p1a: Makwa|Facade|p2a: Weezing\n|-damage|p2a: Weezing|62\/100\n|\n|-weather|Snow|[upkeep]\n|-heal|p2a: Weezing|68\/100|[from] item: Black Sludge\n|-damage|p1a: Makwa|75\/100 brn|[from] brn\n|upkeep\n|turn|5\n|c|\u2606whitepikmin|brb quickly\n|c|\u2606VanhominTest|okay\n|\n|t:|1700764915\n|switch|p1a: Mordred|Corviknight, F|100\/100\n|-damage|p1a: Mordred|88\/100|[from] Stealth Rock\n|-ability|p1a: Mordred|Pressure\n|move|p2a: Weezing|Protect||[still]\n|-fail|p2a: Weezing\n|\n|-weather|none\n|-heal|p2a: Weezing|74\/100|[from] item: Black Sludge\n|upkeep\n|turn|6\n|\n|t:|1700764923\n|switch|p2a: Jogo|Armarouge, M|100\/100\n|move|p1a: Mordred|Defog|p2a: Jogo\n|-unboost|p2a: Jogo|evasion|1\n|-sideend|p2: whitepikmin|Reflect\n|-sideend|p1: VanhominTest|Stealth Rock|[from] move: Defog|[of] p1a: Mordred\n|\n|upkeep\n|turn|7\n|\n|t:|1700764939\n|-terastallize|p1a: Mordred|Water\n|move|p2a: Jogo|Calm Mind|p2a: Jogo\n|-boost|p2a: Jogo|spa|1\n|-boost|p2a: Jogo|spd|1\n|move|p1a: Mordred|U-turn|p2a: Jogo\n|-damage|p2a: Jogo|86\/100\n|-ability|p2a: Jogo|Weak Armor|boost\n|-unboost|p2a: Jogo|def|1\n|-boost|p2a: Jogo|spe|2\n|\n|t:|1700764952\n|switch|p1a: Catalyst|Garganacl, M|100\/100|[from] U-turn\n|\n|upkeep\n|turn|8\n|c|\u2606VanhominTest|Maybe another sweeper instead of wall for once, a ceruledge to match your armarouge\n|\n|t:|1700765003\n|switch|p2a: Scream Tail|Scream Tail|52\/100\n|move|p1a: Catalyst|Salt Cure|p2a: Scream Tail\n|-damage|p2a: Scream Tail|41\/100\n|-start|p2a: Scream Tail|Salt Cure\n|\n|-damage|p2a: Scream Tail|28\/100|[from] Salt Cure\n|upkeep\n|turn|9\n|\n|t:|1700765028\n|switch|p1a: Giiwedin|Ninetales-Alola, M|100\/100\n|-weather|Snow|[from] ability: Snow Warning|[of] p1a: Giiwedin\n|move|p2a: Scream Tail|Reflect|p2a: Scream Tail\n|-sidestart|p2: whitepikmin|Reflect\n|\n|-weather|Snow|[upkeep]\n|-damage|p2a: Scream Tail|16\/100|[from] Salt Cure\n|upkeep\n|turn|10\n|\n|t:|1700765036\n|-end|p2a: Scream Tail|Protosynthesis|[silent]\n|switch|p2a: Project X|Iron Valiant|100\/100\n|-enditem|p2a: Project X|Booster Energy\n|-activate|p2a: Project X|ability: Quark Drive|[fromitem]\n|-start|p2a: Project X|quarkdrivespe\n|move|p1a: Giiwedin|Aurora Veil|p1a: Giiwedin\n|-sidestart|p1: VanhominTest|move: Aurora Veil\n|\n|-weather|Snow|[upkeep]\n|upkeep\n|turn|11\n|\n|t:|1700765045\n|move|p2a: Project X|Substitute|p2a: Project X\n|-start|p2a: Project X|Substitute\n|-damage|p2a: Project X|76\/100\n|move|p1a: Giiwedin|Moonblast|p2a: Project X\n|-supereffective|p2a: Project X\n|-end|p2a: Project X|Substitute\n|\n|-weather|Snow|[upkeep]\n|upkeep\n|turn|12\n|\n|t:|1700765063\n|-end|p2a: Project X|Quark Drive|[silent]\n|switch|p2a: Claude|Slowking-Galar, M, shiny|100\/100\n|move|p1a: Giiwedin|Moonblast|p2a: Claude\n|-resisted|p2a: Claude\n|-damage|p2a: Claude|92\/100\n|\n|-weather|Snow|[upkeep]\n|upkeep\n|turn|13\n|\n|t:|1700765136\n|switch|p1a: Makwa|Ursaluna, M, shiny|75\/100 brn\n|move|p2a: Claude|Future Sight|p1a: Makwa\n|-start|p2a: Claude|move: Future Sight\n|\n|-weather|none\n|-damage|p1a: Makwa|69\/100 brn|[from] brn\n|upkeep\n|turn|14\n|\n|t:|1700765184\n|switch|p2a: Weezing|Weezing-Galar, M, shiny|74\/100\n|move|p1a: Makwa|Facade|p2a: Weezing\n|-damage|p2a: Weezing|33\/100\n|\n|-heal|p2a: Weezing|39\/100|[from] item: Black Sludge\n|-damage|p1a: Makwa|63\/100 brn|[from] brn\n|upkeep\n|turn|15\n|\n|t:|1700765196\n|move|p2a: Weezing|Protect|p2a: Weezing\n|-singleturn|p2a: Weezing|Protect\n|move|p1a: Makwa|Facade|p2a: Weezing\n|-activate|p2a: Weezing|move: Protect\n|\n|-end|p1a: Makwa|move: Future Sight\n|-damage|p1a: Makwa|42\/100 brn\n|-heal|p2a: Weezing|45\/100|[from] item: Black Sludge\n|-damage|p1a: Makwa|36\/100 brn|[from] brn\n|upkeep\n|turn|16\n|\n|t:|1700765215\n|move|p2a: Weezing|Protect||[still]\n|-fail|p2a: Weezing\n|move|p1a: Makwa|Facade|p2a: Weezing\n|-damage|p2a: Weezing|5\/100\n|\n|-heal|p2a: Weezing|11\/100|[from] item: Black Sludge\n|-damage|p1a: Makwa|30\/100 brn|[from] brn\n|-sideend|p2: whitepikmin|Reflect\n|upkeep\n|turn|17\n|\n|t:|1700765228\n|move|p2a: Weezing|Clear Smog|p1a: Makwa\n|-resisted|p1a: Makwa\n|-damage|p1a: Makwa|27\/100 brn\n|-clearboost|p1a: Makwa\n|move|p1a: Makwa|Bulk Up|p1a: Makwa\n|-boost|p1a: Makwa|atk|1\n|-boost|p1a: Makwa|def|1\n|\n|-heal|p2a: Weezing|17\/100|[from] item: Black Sludge\n|-damage|p1a: Makwa|21\/100 brn|[from] brn\n|-sideend|p1: VanhominTest|move: Aurora Veil\n|upkeep\n|turn|18\n|\n|t:|1700765232\n|move|p2a: Weezing|Clear Smog|p1a: Makwa\n|-resisted|p1a: Makwa\n|-damage|p1a: Makwa|13\/100 brn\n|-clearboost|p1a: Makwa\n|move|p1a: Makwa|Drain Punch|p2a: Weezing\n|-resisted|p2a: Weezing\n|-damage|p2a: Weezing|10\/100\n|-heal|p1a: Makwa|16\/100 brn|[from] drain|[of] p2a: Weezing\n|\n|-heal|p2a: Weezing|16\/100|[from] item: Black Sludge\n|-damage|p1a: Makwa|10\/100 brn|[from] brn\n|upkeep\n|turn|19\n|\n|t:|1700765235\n|move|p2a: Weezing|Clear Smog|p1a: Makwa\n|-resisted|p1a: Makwa\n|-damage|p1a: Makwa|4\/100 brn\n|-clearboost|p1a: Makwa\n|move|p1a: Makwa|Facade|p2a: Weezing\n|-damage|p2a: Weezing|0 fnt\n|faint|p2a: Weezing\n|\n|-damage|p1a: Makwa|0 fnt|[from] brn\n|faint|p1a: Makwa\n|upkeep\n|c|\u2606VanhominTest|RIP\n|\n|t:|1700765252\n|switch|p2a: Scream Tail|Scream Tail|16\/100\n|switch|p1a: Enamorus|Enamorus, F|100\/100\n|turn|20\n|\n|t:|1700765255\n|move|p2a: Scream Tail|Light Screen|p2a: Scream Tail\n|-sidestart|p2: whitepikmin|move: Light Screen\n|move|p1a: Enamorus|Moonblast|p2a: Scream Tail\n|-damage|p2a: Scream Tail|0 fnt\n|faint|p2a: Scream Tail\n|-end|p2a: Scream Tail|Protosynthesis|[silent]\n|\n|upkeep\n|\n|t:|1700765263\n|switch|p2a: Kanye East|Ogerpon-Wellspring, F|100\/100\n|turn|21\n|\n|t:|1700765277\n|-terastallize|p2a: Kanye East|Water\n|detailschange|p2a: Kanye East|Ogerpon-Wellspring-Tera, F, tera:Water\n|-ability|p2a: Kanye East|Embody Aspect (Wellspring)|boost\n|-boost|p2a: Kanye East|spd|1\n|move|p2a: Kanye East|Ivy Cudgel|p1a: Enamorus|[anim] Ivy Cudgel Water\n|-damage|p1a: Enamorus|0 fnt\n|faint|p1a: Enamorus\n|\n|upkeep\n|\n|t:|1700765288\n|switch|p1a: Mordred|Corviknight, F, tera:Water|88\/100\n|-ability|p1a: Mordred|Pressure\n|turn|22\n|\n|t:|1700765295\n|move|p2a: Kanye East|Horn Leech|p1a: Mordred\n|-supereffective|p1a: Mordred\n|-damage|p1a: Mordred|34\/100\n|-damage|p2a: Kanye East|84\/100|[from] item: Rocky Helmet|[of] p1a: Mordred\n|move|p1a: Mordred|Roost|p1a: Mordred\n|-heal|p1a: Mordred|84\/100\n|\n|upkeep\n|turn|23\n|c|\u2606VanhominTest|hmmm\n|\n|t:|1700765329\n|move|p2a: Kanye East|Encore|p1a: Mordred\n|-start|p1a: Mordred|Encore\n|move|p1a: Mordred|Roost|p1a: Mordred\n|-heal|p1a: Mordred|100\/100\n|\n|upkeep\n|turn|24\n|\n|t:|1700765341\n|switch|p2a: Project X|Iron Valiant|76\/100\n|switch|p1a: Recursion|Ditto|100\/100\n|-transform|p1a: Recursion|p2a: Project X|[from] ability: Imposter\n|\n|upkeep\n|turn|25\n|\n|t:|1700765354\n|-end|p2a: Project X|Quark Drive|[silent]\n|switch|p2a: Jogo|Armarouge, M|86\/100\n|move|p1a: Recursion|Spirit Break|p2a: Jogo\n|-resisted|p2a: Jogo\n|-damage|p2a: Jogo|68\/100\n|-unboost|p2a: Jogo|spa|1\n|-ability|p2a: Jogo|Weak Armor|boost\n|-unboost|p2a: Jogo|def|1\n|-boost|p2a: Jogo|spe|2\n|\n|upkeep\n|turn|26\n|\n|t:|1700765365\n|-end|p1a: Recursion|Quark Drive|[silent]\n|switch|p1a: Catalyst|Garganacl, M|100\/100\n|move|p2a: Jogo|Psychic|p1a: Catalyst\n|-damage|p1a: Catalyst|78\/100\n|\n|-heal|p1a: Catalyst|84\/100|[from] item: Leftovers\n|upkeep\n|turn|27\n|\n|t:|1700765379\n|switch|p2a: Kanye East|Ogerpon-Wellspring-Tera, F, tera:Water|84\/100\n|-ability|p2a: Kanye East|Embody Aspect (Wellspring)|boost\n|-boost|p2a: Kanye East|spd|1\n|move|p1a: Catalyst|Salt Cure|p2a: Kanye East\n|-damage|p2a: Kanye East|66\/100\n|-start|p2a: Kanye East|Salt Cure\n|\n|-heal|p1a: Catalyst|91\/100|[from] item: Leftovers\n|-damage|p2a: Kanye East|41\/100|[from] Salt Cure\n|-sideend|p2: whitepikmin|move: Light Screen\n|upkeep\n|turn|28\n|\n|t:|1700765398\n|switch|p1a: Mordred|Corviknight, F, tera:Water|100\/100\n|-ability|p1a: Mordred|Pressure\n|move|p2a: Kanye East|Horn Leech|p1a: Mordred\n|-supereffective|p1a: Mordred\n|-damage|p1a: Mordred|51\/100\n|-heal|p2a: Kanye East|74\/100|[from] drain|[of] p1a: Mordred\n|-damage|p2a: Kanye East|57\/100|[from] item: Rocky Helmet|[of] p1a: Mordred\n|\n|-damage|p2a: Kanye East|32\/100|[from] Salt Cure\n|upkeep\n|turn|29\n|\n|t:|1700765415\n|switch|p2a: Claude|Slowking-Galar, M, shiny|100\/100\n|move|p1a: Mordred|Body Press|p2a: Claude\n|-resisted|p2a: Claude\n|-damage|p2a: Claude|94\/100\n|\n|upkeep\n|turn|30\n|\n|t:|1700765424\n|move|p1a: Mordred|Roost|p1a: Mordred\n|-heal|p1a: Mordred|100\/100\n|move|p2a: Claude|Future Sight|p1a: Mordred\n|-start|p2a: Claude|move: Future Sight\n|\n|upkeep\n|turn|31\n|\n|t:|1700765431\n|move|p1a: Mordred|U-turn|p2a: Claude\n|-damage|p2a: Claude|79\/100\n|\n|t:|1700765435\n|switch|p1a: Giiwedin|Ninetales-Alola, M|100\/100|[from] U-turn\n|-weather|Snow|[from] ability: Snow Warning|[of] p1a: Giiwedin\n|move|p2a: Claude|Thunder Wave|p1a: Giiwedin\n|-status|p1a: Giiwedin|par\n|\n|-weather|Snow|[upkeep]\n|upkeep\n|turn|32\n|\n|t:|1700765441\n|cant|p1a: Giiwedin|par\n|move|p2a: Claude|Sludge Bomb|p1a: Giiwedin\n|-supereffective|p1a: Giiwedin\n|-damage|p1a: Giiwedin|29\/100 par\n|\n|-weather|Snow|[upkeep]\n|-end|p1a: Giiwedin|move: Future Sight\n|-crit|p1a: Giiwedin\n|-damage|p1a: Giiwedin|0 fnt\n|faint|p1a: Giiwedin\n|upkeep\n|c|\u2606whitepikmin|that was a very unlucky turn for ninetails\n|c|\u2606VanhominTest|The thunder wave but I am pretty sure the future sight would kill anyway without the veil\n|\n|t:|1700765494\n|switch|p1a: Catalyst|Garganacl, M|91\/100\n|turn|33\n|\n|t:|1700765502\n|move|p1a: Catalyst|Curse|p1a: Catalyst\n|-unboost|p1a: Catalyst|spe|1\n|-boost|p1a: Catalyst|atk|1\n|-boost|p1a: Catalyst|def|1\n|move|p2a: Claude|Future Sight|p1a: Catalyst\n|-start|p2a: Claude|move: Future Sight\n|\n|-weather|Snow|[upkeep]\n|-heal|p1a: Catalyst|97\/100|[from] item: Leftovers\n|upkeep\n|turn|34\n|\n|t:|1700765509\n|switch|p2a: Kanye East|Ogerpon-Wellspring-Tera, F, tera:Water|32\/100\n|-ability|p2a: Kanye East|Embody Aspect (Wellspring)|boost\n|-boost|p2a: Kanye East|spd|1\n|move|p1a: Catalyst|Curse|p1a: Catalyst\n|-unboost|p1a: Catalyst|spe|1\n|-boost|p1a: Catalyst|atk|1\n|-boost|p1a: Catalyst|def|1\n|\n|-weather|Snow|[upkeep]\n|-heal|p1a: Catalyst|100\/100|[from] item: Leftovers\n|upkeep\n|turn|35\n|\n|t:|1700765515\n|move|p2a: Kanye East|Encore|p1a: Catalyst\n|-start|p1a: Catalyst|Encore\n|move|p1a: Catalyst|Curse|p1a: Catalyst\n|-unboost|p1a: Catalyst|spe|1\n|-boost|p1a: Catalyst|atk|1\n|-boost|p1a: Catalyst|def|1\n|\n|-weather|none\n|-end|p1a: Catalyst|move: Future Sight\n|-damage|p1a: Catalyst|68\/100\n|-heal|p1a: Catalyst|74\/100|[from] item: Leftovers\n|upkeep\n|turn|36\n|\n|t:|1700765519\n|switch|p1a: Mordred|Corviknight, F, tera:Water|100\/100\n|-ability|p1a: Mordred|Pressure\n|move|p2a: Kanye East|Swords Dance|p2a: Kanye East\n|-boost|p2a: Kanye East|atk|2\n|\n|upkeep\n|turn|37\n|\n|t:|1700765542\n|move|p2a: Kanye East|Horn Leech|p1a: Mordred\n|-supereffective|p1a: Mordred\n|-damage|p1a: Mordred|1\/100\n|-heal|p2a: Kanye East|98\/100|[from] drain|[of] p1a: Mordred\n|-damage|p2a: Kanye East|82\/100|[from] item: Rocky Helmet|[of] p1a: Mordred\n|move|p1a: Mordred|Body Press|p2a: Kanye East\n|-damage|p2a: Kanye East|49\/100\n|\n|upkeep\n|turn|38\n|c|\u2606whitepikmin|wow\n|\n|t:|1700765579\n|move|p2a: Kanye East|Ivy Cudgel|p1a: Mordred|[anim] Ivy Cudgel Water\n|-resisted|p1a: Mordred\n|-damage|p1a: Mordred|0 fnt\n|faint|p1a: Mordred\n|\n|upkeep\n|\n|t:|1700765590\n|switch|p1a: Recursion|Ditto|100\/100\n|turn|39\n|c|\u2606whitepikmin|oops\n|c|\u2606VanhominTest|What the\n|c|\u2606whitepikmin|ohhhh\n|c|\u2606whitepikmin|you cant copy ogrepons special wellspring mask tera form maybe?\n|c|\u2606VanhominTest|I can't copy the embody aspect mode , yeah\n|\n|t:|1700765624\n|move|p2a: Kanye East|Horn Leech|p1a: Recursion\n|-damage|p1a: Recursion|0 fnt\n|-heal|p2a: Kanye East|99\/100|[from] drain|[of] p1a: Recursion\n|faint|p1a: Recursion\n|\n|upkeep\n|\n|t:|1700765627\n|switch|p1a: Catalyst|Garganacl, M|74\/100\n|turn|40\n|c|\u2606whitepikmin|I thought I was done for....\n|\n|t:|1700765630\n|move|p2a: Kanye East|Ivy Cudgel|p1a: Catalyst|[anim] Ivy Cudgel Water\n|-supereffective|p1a: Catalyst\n|-damage|p1a: Catalyst|0 fnt\n|faint|p1a: Catalyst\n|\n|win|whitepikmin\n|c|\u2606VanhominTest|Me too! I will have to watch out for that\n|c|\u2606VanhominTest|good game\n|c|\u2606whitepikmin|gg! I did not mean to counter ditto like that\n","uploadtime":1700765644,"views":4,"p1id":"vanhomintest","p2id":"whitepikmin","formatid":"gen9ou","rating":0,"private":0,"password":""}