{"id":"gen9ou-1988819072","p1":"qa<3MeowscaRD","p2":"Leon033","format":"[Gen 9] OU","log":"|j|\u2606qa<3MeowscaRD\n|j|\u2606Leon033\n|t:|1699767842\n|gametype|singles\n|player|p1|qa<3MeowscaRD|ninjaboy|\n|player|p2|Leon033|hilbert-wonderlauncher|\n|teamsize|p1|6\n|teamsize|p2|6\n|gen|9\n|tier|[Gen 9] OU\n|rule|Sleep Clause Mod: Limit one foe put to sleep\n|rule|Species Clause: Limit one of each Pok\u00e9mon\n|rule|OHKO Clause: OHKO moves are banned\n|rule|Evasion Items Clause: Evasion items are banned\n|rule|Evasion Moves Clause: Evasion moves are banned\n|rule|Endless Battle Clause: Forcing endless battles is banned\n|rule|HP Percentage Mod: HP is shown in percentages\n|clearpoke\n|poke|p1|Milotic, M|\n|poke|p1|Umbreon, M|\n|poke|p1|Jumpluff, M|\n|poke|p1|Drifblim, M|\n|poke|p1|Illumise, F|\n|poke|p1|Tauros-Paldea-Combat, M|\n|poke|p2|Tropius, F|\n|poke|p2|Braviary-Hisui, M|\n|poke|p2|Spiritomb, M|\n|poke|p2|Swalot, M|\n|poke|p2|Sneasler, F|\n|poke|p2|Tornadus, M|\n|teampreview\n|inactive|Battle timer is ON: inactive players will automatically lose when time's up. (requested by Leon033)\n|l|\u2606qa<3MeowscaRD\n|inactive|qa<3MeowscaRD disconnected and has 300 seconds to reconnect!\n|player|p1|\n|j|\u2606qa<3MeowscaRD\n|inactive|qa<3MeowscaRD reconnected and has 280 seconds left.\n|player|p1|qa<3MeowscaRD|ninjaboy\n|\n|t:|1699767890\n|start\n|switch|p1a: Umbreon|Umbreon, M|100\/100\n|switch|p2a: Tornadus|Tornadus, M|100\/100\n|turn|1\n|inactive|qa<3MeowscaRD has 270 seconds left.\n|\n|t:|1699767924\n|switch|p2a: Sneasler|Sneasler, F|100\/100\n|move|p1a: Umbreon|Yawn|p2a: Sneasler\n|-start|p2a: Sneasler|move: Yawn|[of] p1a: Umbreon\n|\n|upkeep\n|turn|2\n|inactive|qa<3MeowscaRD has 270 seconds left.\n|j| poyetu\n|\n|t:|1699767949\n|switch|p2a: Swalot|Swalot, M|100\/100\n|switch|p1a: Milotic|Milotic, M|100\/100\n|\n|upkeep\n|turn|3\n|c| poyetu|T\u1eeb t\u1eeb n\u1eefa\n|\n|t:|1699767970\n|switch|p2a: Tropius|Tropius, F|100\/100\n|move|p1a: Milotic|Hydro Pump|p2a: Tropius\n|-resisted|p2a: Tropius\n|-damage|p2a: Tropius|86\/100\n|\n|upkeep\n|turn|4\n|c| poyetu|Team \u00f4ng leon d\u00f9ng sneasler r\u1ed3i m\u00e0\n|\n|t:|1699767985\n|switch|p1a: Jumpluff|Jumpluff, M|100\/100\n|-terastallize|p2a: Tropius|Fairy\n|move|p2a: Tropius|Leech Seed|p1a: Jumpluff\n|-immune|p1a: Jumpluff\n|\n|upkeep\n|turn|5\n|inactive|Leon033 has 270 seconds left.\n|\n|t:|1699768017\n|switch|p2a: Tornadus|Tornadus, M|100\/100\n|-terastallize|p1a: Jumpluff|Water\n|move|p1a: Jumpluff|Substitute|p1a: Jumpluff\n|-start|p1a: Jumpluff|Substitute\n|-damage|p1a: Jumpluff|76\/100\n|\n|upkeep\n|turn|6\n|inactive|Leon033 has 270 seconds left.\n|\n|t:|1699768028\n|move|p1a: Jumpluff|Protect|p1a: Jumpluff\n|-singleturn|p1a: Jumpluff|Protect\n|move|p2a: Tornadus|Substitute|p2a: Tornadus\n|-start|p2a: Tornadus|Substitute\n|-damage|p2a: Tornadus|76\/100\n|\n|-heal|p2a: Tornadus|82\/100|[from] item: Leftovers\n|upkeep\n|turn|7\n|inactive|Leon033 has 270 seconds left.\n|\n|t:|1699768040\n|switch|p1a: Umbreon|Umbreon, M|100\/100\n|move|p2a: Tornadus|Hurricane|p1a: Umbreon|[miss]\n|-miss|p2a: Tornadus|p1a: Umbreon\n|\n|-heal|p2a: Tornadus|88\/100|[from] item: Leftovers\n|upkeep\n|turn|8\n|inactive|qa<3MeowscaRD has 240 seconds left.\n|\n|t:|1699768058\n|move|p2a: Tornadus|Hurricane|p1a: Umbreon\n|-crit|p1a: Umbreon\n|-damage|p1a: Umbreon|39\/100\n|move|p1a: Umbreon|Foul Play|p2a: Tornadus\n|-end|p2a: Tornadus|Substitute\n|\n|-heal|p2a: Tornadus|94\/100|[from] item: Leftovers\n|upkeep\n|turn|9\n|inactive|qa<3MeowscaRD has 240 seconds left.\n|inactive|qa<3MeowscaRD has 210 seconds left.\n|\n|t:|1699768100\n|switch|p2a: Sneasler|Sneasler, F|100\/100\n|move|p1a: Umbreon|Yawn|p2a: Sneasler\n|-start|p2a: Sneasler|move: Yawn|[of] p1a: Umbreon\n|\n|upkeep\n|turn|10\n|inactive|qa<3MeowscaRD has 210 seconds left.\n|\n|t:|1699768112\n|switch|p2a: Tornadus|Tornadus, M|94\/100\n|move|p1a: Umbreon|Wish|p1a: Umbreon\n|\n|-heal|p2a: Tornadus|99\/100|[from] item: Leftovers\n|upkeep\n|turn|11\n|inactive|qa<3MeowscaRD has 210 seconds left.\n|\n|t:|1699768145\n|switch|p1a: Milotic|Milotic, M|100\/100\n|move|p2a: Tornadus|Substitute|p2a: Tornadus\n|-start|p2a: Tornadus|Substitute\n|-damage|p2a: Tornadus|75\/100\n|\n|-heal|p2a: Tornadus|81\/100|[from] item: Leftovers\n|upkeep\n|turn|12\n|\n|t:|1699768160\n|move|p1a: Milotic|Ice Beam|p2a: Tornadus\n|-supereffective|p2a: Tornadus\n|-end|p2a: Tornadus|Substitute\n|move|p2a: Tornadus|Grass Knot|p1a: Milotic\n|-supereffective|p1a: Milotic\n|-damage|p1a: Milotic|38\/100\n|\n|-heal|p2a: Tornadus|87\/100|[from] item: Leftovers\n|upkeep\n|turn|13\n|inactive|qa<3MeowscaRD has 180 seconds left.\n|c| poyetu|Jump \u0111i\n|inactive|Leon033 has 270 seconds left.\n|\n|t:|1699768188\n|switch|p1a: Umbreon|Umbreon, M|39\/100\n|switch|p2a: Sneasler|Sneasler, F|100\/100\n|\n|upkeep\n|turn|14\n|inactive|Leon033 has 270 seconds left.\n|\n|t:|1699768198\n|move|p2a: Sneasler|Swords Dance|p2a: Sneasler\n|-boost|p2a: Sneasler|atk|2\n|move|p1a: Umbreon|Yawn|p2a: Sneasler\n|-start|p2a: Sneasler|move: Yawn|[of] p1a: Umbreon\n|\n|upkeep\n|turn|15\n|inactive|Leon033 has 270 seconds left.\n|\n|t:|1699768211\n|move|p2a: Sneasler|Night Slash|p1a: Umbreon\n|-resisted|p1a: Umbreon\n|-crit|p1a: Umbreon\n|-damage|p1a: Umbreon|20\/100\n|-damage|p2a: Sneasler|84\/100|[from] item: Rocky Helmet|[of] p1a: Umbreon\n|move|p1a: Umbreon|Foul Play|p2a: Sneasler\n|-resisted|p2a: Sneasler\n|-damage|p2a: Sneasler|0 fnt\n|faint|p2a: Sneasler\n|\n|upkeep\n|inactive|Leon033 has 270 seconds left.\n|\n|t:|1699768224\n|switch|p2a: Tornadus|Tornadus, M|87\/100\n|turn|16\n|inactive|qa<3MeowscaRD has 180 seconds left.\n|\n|t:|1699768236\n|move|p2a: Tornadus|Hurricane|p1a: Umbreon\n|-damage|p1a: Umbreon|0 fnt\n|faint|p1a: Umbreon\n|\n|-heal|p2a: Tornadus|93\/100|[from] item: Leftovers\n|upkeep\n|inactive|qa<3MeowscaRD has 180 seconds left.\n|\n|t:|1699768257\n|switch|p1a: Illumise|Illumise, F|100\/100\n|turn|17\n|inactive|qa<3MeowscaRD has 150 seconds left.\n|\n|t:|1699768290\n|move|p2a: Tornadus|Taunt|p1a: Illumise\n|-start|p1a: Illumise|move: Taunt\n|cant|p1a: Illumise|move: Taunt|Trick\n|\n|-heal|p2a: Tornadus|99\/100|[from] item: Leftovers\n|-damage|p1a: Illumise|88\/100|[from] item: Black Sludge\n|upkeep\n|turn|18\n|inactive|qa<3MeowscaRD has 150 seconds left.\n|\n|t:|1699768314\n|switch|p1a: Jumpluff|Jumpluff, M, tera:Water|76\/100\n|move|p2a: Tornadus|Substitute|p2a: Tornadus\n|-start|p2a: Tornadus|Substitute\n|-damage|p2a: Tornadus|74\/100\n|\n|-heal|p2a: Tornadus|80\/100|[from] item: Leftovers\n|upkeep\n|turn|19\n|\n|t:|1699768336\n|move|p2a: Tornadus|Taunt|p1a: Jumpluff\n|-start|p1a: Jumpluff|move: Taunt\n|cant|p1a: Jumpluff|move: Taunt|Sleep Powder\n|\n|-heal|p2a: Tornadus|86\/100|[from] item: Leftovers\n|upkeep\n|turn|20\n|inactive|qa<3MeowscaRD has 120 seconds left.\n|\n|t:|1699768370\n|move|p2a: Tornadus|Hurricane|p1a: Jumpluff|[miss]\n|-miss|p2a: Tornadus|p1a: Jumpluff\n|-activate|p1a: Jumpluff|move: Struggle\n|move|p1a: Jumpluff|Struggle|p2a: Tornadus\n|-damage|p2a: Tornadus|78\/100\n|-damage|p1a: Jumpluff|51\/100|[from] recoil\n|\n|-heal|p2a: Tornadus|84\/100|[from] item: Leftovers\n|upkeep\n|turn|21\n|c| poyetu|Vl\n|\n|t:|1699768391\n|move|p2a: Tornadus|Grass Knot|p1a: Jumpluff\n|-supereffective|p1a: Jumpluff\n|-damage|p1a: Jumpluff|36\/100\n|-activate|p1a: Jumpluff|move: Struggle\n|move|p1a: Jumpluff|Struggle|p2a: Tornadus\n|-damage|p2a: Tornadus|75\/100\n|-damage|p1a: Jumpluff|11\/100|[from] recoil\n|\n|-heal|p2a: Tornadus|81\/100|[from] item: Leftovers\n|-end|p1a: Jumpluff|move: Taunt\n|upkeep\n|turn|22\n|c| poyetu|Protect\n|inactive|qa<3MeowscaRD has 90 seconds left.\n|\n|t:|1699768422\n|switch|p1a: Tauros|Tauros-Paldea-Combat, M|100\/100\n|-ability|p1a: Tauros|Intimidate|boost\n|-immune|p2a: Tornadus\n|move|p2a: Tornadus|Hurricane|p1a: Tauros|[miss]\n|-miss|p2a: Tornadus|p1a: Tauros\n|\n|-heal|p2a: Tornadus|87\/100|[from] item: Leftovers\n|upkeep\n|turn|23\n|inactive|qa<3MeowscaRD has 60 seconds left.\n|\n|t:|1699768453\n|switch|p1a: Jumpluff|Jumpluff, M, tera:Water|11\/100\n|move|p2a: Tornadus|Hurricane|p1a: Jumpluff|[miss]\n|-miss|p2a: Tornadus|p1a: Jumpluff\n|\n|-heal|p2a: Tornadus|93\/100|[from] item: Leftovers\n|upkeep\n|turn|24\n|inactive|qa<3MeowscaRD has 60 seconds left.\n|c|\u2606qa<3MeowscaRD|Protect \u0111\u00ea\u0309 la\u0300m j?\n|\n|t:|1699768471\n|move|p2a: Tornadus|Hurricane|p1a: Jumpluff|[miss]\n|-miss|p2a: Tornadus|p1a: Jumpluff\n|move|p1a: Jumpluff|Sleep Powder|p2a: Tornadus\n|-status|p2a: Tornadus|slp|[from] move: Sleep Powder\n|\n|-heal|p2a: Tornadus|99\/100 slp|[from] item: Leftovers\n|upkeep\n|turn|25\n|c|\u2606qa<3MeowscaRD|RNG\n|c| poyetu|M\u1ea1nh\n|\n|t:|1699768492\n|cant|p2a: Tornadus|slp\n|move|p1a: Jumpluff|Leech Seed|p2a: Tornadus\n|-start|p2a: Tornadus|move: Leech Seed\n|\n|-heal|p2a: Tornadus|100\/100 slp|[from] item: Leftovers\n|-damage|p2a: Tornadus|88\/100 slp|[from] Leech Seed|[of] p1a: Jumpluff\n|-heal|p1a: Jumpluff|24\/100|[silent]\n|upkeep\n|turn|26\n|c|\u2606Leon033|Tr\u01b0\u1ee3t l\u1eafm vcl\n|c| poyetu|Rng\n|\n|t:|1699768508\n|switch|p2a: Braviary|Braviary-Hisui, M|100\/100\n|move|p1a: Jumpluff|Protect||[still]\n|-fail|p1a: Jumpluff\n|\n|upkeep\n|turn|27\n|c|\u2606qa<3MeowscaRD|RNG\n|inactive|qa<3MeowscaRD has 30 seconds left.\n|\n|t:|1699768530\n|move|p2a: Braviary|Psychic|p1a: Jumpluff\n|-damage|p1a: Jumpluff|0 fnt\n|faint|p1a: Jumpluff\n|\n|upkeep\n|inactive|qa<3MeowscaRD has 30 seconds left.\n|inactive|qa<3MeowscaRD has 20 seconds left.\n|\n|t:|1699768549\n|switch|p1a: Illumise|Illumise, F|88\/100\n|turn|28\n|inactive|qa<3MeowscaRD has 30 seconds left this turn.\n|inactive|qa<3MeowscaRD has 20 seconds left.\n|\n|t:|1699768561\n|switch|p2a: Spiritomb|Spiritomb, M|100\/100\n|-ability|p2a: Spiritomb|Pressure\n|move|p1a: Illumise|Thunder Wave|p2a: Spiritomb\n|-hint|Since gen 7, Dark is immune to Prankster moves.\n|-immune|p2a: Spiritomb\n|\n|-damage|p1a: Illumise|76\/100|[from] item: Black Sludge\n|upkeep\n|turn|29\n|inactive|qa<3MeowscaRD has 30 seconds left this turn.\n|inactive|qa<3MeowscaRD has 20 seconds left.\n|inactive|qa<3MeowscaRD has 15 seconds left.\n|\n|t:|1699768580\n|switch|p1a: Drifblim|Drifblim, M|100\/100\n|move|p2a: Spiritomb|Toxic|p1a: Drifblim\n|-status|p1a: Drifblim|tox\n|\n|-damage|p1a: Drifblim|94\/100 tox|[from] psn\n|upkeep\n|turn|30\n|inactive|qa<3MeowscaRD has 25 seconds left this turn.\n|inactive|qa<3MeowscaRD has 20 seconds left.\n|\n|t:|1699768588\n|move|p1a: Drifblim|Acrobatics|p2a: Spiritomb\n|-damage|p2a: Spiritomb|76\/100\n|move|p2a: Spiritomb|Hex|p1a: Drifblim\n|-supereffective|p1a: Drifblim\n|-damage|p1a: Drifblim|3\/100 tox\n|-enditem|p1a: Drifblim|Sitrus Berry|[eat]\n|-heal|p1a: Drifblim|28\/100 tox|[from] item: Sitrus Berry\n|\n|-heal|p2a: Spiritomb|83\/100|[from] item: Leftovers\n|-damage|p1a: Drifblim|16\/100 tox|[from] psn\n|upkeep\n|turn|31\n|inactive|qa<3MeowscaRD has 30 seconds left this turn.\n|inactive|qa<3MeowscaRD has 20 seconds left.\n|\n|t:|1699768603\n|move|p1a: Drifblim|Acrobatics|p2a: Spiritomb\n|-damage|p2a: Spiritomb|33\/100\n|move|p2a: Spiritomb|Hex|p1a: Drifblim\n|-supereffective|p1a: Drifblim\n|-damage|p1a: Drifblim|0 fnt\n|faint|p1a: Drifblim\n|\n|-heal|p2a: Spiritomb|40\/100|[from] item: Leftovers\n|upkeep\n|inactive|qa<3MeowscaRD has 25 seconds left this turn.\n|inactive|qa<3MeowscaRD has 20 seconds left.\n|\n|t:|1699768614\n|switch|p1a: Illumise|Illumise, F|76\/100\n|turn|32\n|inactive|qa<3MeowscaRD has 30 seconds left this turn.\n|\n|t:|1699768621\n|move|p1a: Illumise|Tailwind|p1a: Illumise\n|-sidestart|p1: qa<3MeowscaRD|move: Tailwind\n|move|p2a: Spiritomb|Toxic|p1a: Illumise|[miss]\n|-miss|p2a: Spiritomb|p1a: Illumise\n|\n|-damage|p1a: Illumise|64\/100|[from] item: Black Sludge\n|-heal|p2a: Spiritomb|46\/100|[from] item: Leftovers\n|upkeep\n|turn|33\n|inactive|qa<3MeowscaRD has 30 seconds left.\n|\n|t:|1699768633\n|switch|p1a: Milotic|Milotic, M|38\/100\n|move|p2a: Spiritomb|Toxic|p1a: Milotic\n|-status|p1a: Milotic|tox\n|\n|-heal|p2a: Spiritomb|52\/100|[from] item: Leftovers\n|-damage|p1a: Milotic|32\/100 tox|[from] psn\n|upkeep\n|turn|34\n|inactive|qa<3MeowscaRD has 30 seconds left.\n|\n|t:|1699768648\n|switch|p2a: Tornadus|Tornadus, M|88\/100 slp\n|move|p1a: Milotic|Draining Kiss|p2a: Tornadus\n|-damage|p2a: Tornadus|69\/100 slp\n|-heal|p1a: Milotic|45\/100 tox|[from] drain|[of] p2a: Tornadus\n|\n|-heal|p2a: Tornadus|75\/100 slp|[from] item: Leftovers\n|-damage|p1a: Milotic|33\/100 tox|[from] psn\n|upkeep\n|turn|35\n|inactive|qa<3MeowscaRD has 30 seconds left.\n|\n|t:|1699768662\n|switch|p1a: Illumise|Illumise, F|64\/100\n|-curestatus|p2a: Tornadus|slp|[msg]\n|move|p2a: Tornadus|Grass Knot|p1a: Illumise\n|-resisted|p1a: Illumise\n|-damage|p1a: Illumise|57\/100\n|\n|-damage|p1a: Illumise|45\/100|[from] item: Black Sludge\n|-heal|p2a: Tornadus|81\/100|[from] item: Leftovers\n|-sideend|p1: qa<3MeowscaRD|move: Tailwind\n|upkeep\n|turn|36\n|inactive|qa<3MeowscaRD has 30 seconds left.\n|inactive|qa<3MeowscaRD has 20 seconds left.\n|\n|t:|1699768679\n|move|p2a: Tornadus|Taunt|p1a: Illumise\n|-start|p1a: Illumise|move: Taunt\n|cant|p1a: Illumise|move: Taunt|Trick\n|\n|-heal|p2a: Tornadus|87\/100|[from] item: Leftovers\n|-damage|p1a: Illumise|33\/100|[from] item: Black Sludge\n|upkeep\n|turn|37\n|inactive|qa<3MeowscaRD has 30 seconds left this turn.\n|\n|t:|1699768691\n|move|p2a: Tornadus|Hurricane|p1a: Illumise\n|-supereffective|p1a: Illumise\n|-damage|p1a: Illumise|0 fnt\n|faint|p1a: Illumise\n|\n|-heal|p2a: Tornadus|93\/100|[from] item: Leftovers\n|upkeep\n|inactive|qa<3MeowscaRD has 30 seconds left this turn.\n|\n|t:|1699768699\n|switch|p1a: Milotic|Milotic, M|33\/100 tox\n|turn|38\n|inactive|qa<3MeowscaRD has 30 seconds left.\n|\n|t:|1699768705\n|move|p1a: Milotic|Ice Beam|p2a: Tornadus\n|-supereffective|p2a: Tornadus\n|-damage|p2a: Tornadus|27\/100\n|move|p2a: Tornadus|Grass Knot|p1a: Milotic\n|-supereffective|p1a: Milotic\n|-damage|p1a: Milotic|0 fnt\n|faint|p1a: Milotic\n|\n|-heal|p2a: Tornadus|33\/100|[from] item: Leftovers\n|upkeep\n|inactive|qa<3MeowscaRD has 30 seconds left.\n|\n|t:|1699768716\n|switch|p1a: Tauros|Tauros-Paldea-Combat, M|100\/100\n|-ability|p1a: Tauros|Intimidate|boost\n|-unboost|p2a: Tornadus|atk|1\n|turn|39\n|inactive|qa<3MeowscaRD has 30 seconds left.\n|\n|t:|1699768724\n|move|p2a: Tornadus|Hurricane|p1a: Tauros|[miss]\n|-miss|p2a: Tornadus|p1a: Tauros\n|move|p1a: Tauros|Stone Edge|p2a: Tornadus\n|-supereffective|p2a: Tornadus\n|-crit|p2a: Tornadus\n|-damage|p2a: Tornadus|0 fnt\n|faint|p2a: Tornadus\n|-damage|p1a: Tauros|91\/100|[from] item: Life Orb\n|\n|upkeep\n|\n|t:|1699768735\n|switch|p2a: Braviary|Braviary-Hisui, M|100\/100\n|turn|40\n|\n|t:|1699768744\n|move|p2a: Braviary|Psychic|p1a: Tauros\n|-supereffective|p1a: Tauros\n|-damage|p1a: Tauros|0 fnt\n|faint|p1a: Tauros\n|\n|win|Leon033\n|c|\u2606qa<3MeowscaRD|Gg\n","uploadtime":1699768752,"views":43,"p1id":"qa3meowscard","p2id":"leon033","formatid":"gen9ou","rating":0,"private":0,"password":""}