{"id":"gen9ou-1989963762","p1":"Vince1314","p2":"Auburn Hills","format":"[Gen 9] OU","log":"|j|\u2606Vince1314\n|j|\u2606Auburn Hills\n|t:|1699910678\n|gametype|singles\n|player|p1|Vince1314|266|1656\n|player|p2|Auburn Hills|alder|1757\n|teamsize|p1|6\n|teamsize|p2|6\n|gen|9\n|tier|[Gen 9] OU\n|rated|\n|rule|Sleep Clause Mod: Limit one foe put to sleep\n|rule|Species Clause: Limit one of each Pok\u00e9mon\n|rule|OHKO Clause: OHKO moves are banned\n|rule|Evasion Items Clause: Evasion items are banned\n|rule|Evasion Moves Clause: Evasion moves are banned\n|rule|Endless Battle Clause: Forcing endless battles is banned\n|rule|HP Percentage Mod: HP is shown in percentages\n|clearpoke\n|poke|p1|Glimmora, F|\n|poke|p1|Iron Moth|\n|poke|p1|Kingambit, F|\n|poke|p1|Iron Valiant|\n|poke|p1|Ogerpon-Wellspring, F|\n|poke|p1|Zamazenta-*|\n|poke|p2|Iron Moth|\n|poke|p2|Umbreon, F|\n|poke|p2|Garchomp, M|\n|poke|p2|Glimmora, M|\n|poke|p2|Gholdengo|\n|poke|p2|Dragonite, M|\n|teampreview\n|inactive|Battle timer is ON: inactive players will automatically lose when time's up. (requested by Vince1314)\n|inactive|Auburn Hills has 120 seconds left.\n|\n|t:|1699910756\n|start\n|switch|p1a: Glimmora|Glimmora, F|100\/100\n|switch|p2a: Julia Jacklin|Glimmora, M|100\/100\n|turn|1\n|\n|t:|1699910761\n|move|p1a: Glimmora|Earth Power|p2a: Julia Jacklin\n|-supereffective|p2a: Julia Jacklin\n|-enditem|p2a: Julia Jacklin|Focus Sash\n|-damage|p2a: Julia Jacklin|1\/100\n|move|p2a: Julia Jacklin|Earth Power|p1a: Glimmora\n|-supereffective|p1a: Glimmora\n|-enditem|p1a: Glimmora|Focus Sash\n|-damage|p1a: Glimmora|1\/100\n|\n|upkeep\n|turn|2\n|\n|t:|1699910770\n|move|p1a: Glimmora|Mortal Spin|p2a: Julia Jacklin\n|-resisted|p2a: Julia Jacklin\n|-damage|p2a: Julia Jacklin|0 fnt\n|-activate|p2a: Julia Jacklin|ability: Toxic Debris\n|-sidestart|p1: Vince1314|move: Toxic Spikes\n|-sideend|p1: Vince1314|Toxic Spikes|[from] move: Mortal Spin|[of] p1a: Glimmora\n|faint|p2a: Julia Jacklin\n|\n|upkeep\n|\n|t:|1699910773\n|switch|p2a: Carly Rae|Iron Moth|100\/100\n|-enditem|p2a: Carly Rae|Booster Energy\n|-activate|p2a: Carly Rae|ability: Quark Drive|[fromitem]\n|-start|p2a: Carly Rae|quarkdrivespe\n|turn|3\n|\n|t:|1699910780\n|move|p2a: Carly Rae|Fiery Dance|p1a: Glimmora\n|-resisted|p1a: Glimmora\n|-damage|p1a: Glimmora|0 fnt\n|faint|p1a: Glimmora\n|\n|upkeep\n|\n|t:|1699910784\n|switch|p1a: Zamazenta|Zamazenta|100\/100\n|-ability|p1a: Zamazenta|Dauntless Shield|boost\n|-boost|p1a: Zamazenta|def|1\n|turn|4\n|\n|t:|1699910788\n|move|p2a: Carly Rae|Dazzling Gleam|p1a: Zamazenta\n|-supereffective|p1a: Zamazenta\n|-damage|p1a: Zamazenta|49\/100\n|move|p1a: Zamazenta|Psychic Fangs|p2a: Carly Rae\n|-supereffective|p2a: Carly Rae\n|-damage|p2a: Carly Rae|0 fnt\n|faint|p2a: Carly Rae\n|-end|p2a: Carly Rae|Quark Drive|[silent]\n|-damage|p1a: Zamazenta|40\/100|[from] item: Life Orb\n|\n|upkeep\n|\n|t:|1699910796\n|switch|p2a: Smino|Gholdengo|100\/100\n|turn|5\n|\n|t:|1699910799\n|move|p1a: Zamazenta|Crunch|p2a: Smino\n|-supereffective|p2a: Smino\n|-damage|p2a: Smino|21\/100\n|-damage|p1a: Zamazenta|30\/100|[from] item: Life Orb\n|move|p2a: Smino|Make It Rain|p1a: Zamazenta\n|-damage|p1a: Zamazenta|0 fnt\n|-unboost|p2a: Smino|spa|1\n|faint|p1a: Zamazenta\n|\n|upkeep\n|\n|t:|1699910826\n|switch|p1a: Iron Moth|Iron Moth|100\/100\n|-enditem|p1a: Iron Moth|Booster Energy\n|-activate|p1a: Iron Moth|ability: Quark Drive|[fromitem]\n|-start|p1a: Iron Moth|quarkdrivespe\n|turn|6\n|\n|t:|1699910831\n|switch|p2a: Alvvays|Umbreon, F|100\/100\n|move|p1a: Iron Moth|Fiery Dance|p2a: Alvvays\n|-damage|p2a: Alvvays|80\/100\n|-boost|p1a: Iron Moth|spa|1\n|\n|-heal|p2a: Alvvays|86\/100|[from] item: Leftovers\n|upkeep\n|turn|7\n|\n|t:|1699910838\n|move|p1a: Iron Moth|Fiery Dance|p2a: Alvvays\n|-damage|p2a: Alvvays|53\/100\n|-boost|p1a: Iron Moth|spa|1\n|move|p2a: Alvvays|Thunder Wave|p1a: Iron Moth|[miss]\n|-miss|p2a: Alvvays|p1a: Iron Moth\n|\n|-heal|p2a: Alvvays|59\/100|[from] item: Leftovers\n|upkeep\n|turn|8\n|\n|t:|1699910846\n|move|p2a: Alvvays|Protect|p2a: Alvvays\n|-singleturn|p2a: Alvvays|Protect\n|move|p1a: Iron Moth|Substitute|p1a: Iron Moth\n|-start|p1a: Iron Moth|Substitute\n|-damage|p1a: Iron Moth|76\/100\n|\n|-heal|p2a: Alvvays|65\/100|[from] item: Leftovers\n|upkeep\n|turn|9\n|\n|t:|1699910852\n|move|p1a: Iron Moth|Fiery Dance|p2a: Alvvays\n|-damage|p2a: Alvvays|23\/100\n|move|p2a: Alvvays|Wish|p2a: Alvvays\n|\n|-heal|p2a: Alvvays|29\/100|[from] item: Leftovers\n|upkeep\n|turn|10\n|\n|t:|1699910858\n|move|p2a: Alvvays|Protect|p2a: Alvvays\n|-singleturn|p2a: Alvvays|Protect\n|move|p1a: Iron Moth|Fiery Dance|p2a: Alvvays\n|-activate|p2a: Alvvays|move: Protect\n|\n|-heal|p2a: Alvvays|79\/100|[from] move: Wish|[wisher] Alvvays\n|-heal|p2a: Alvvays|85\/100|[from] item: Leftovers\n|upkeep\n|turn|11\n|\n|t:|1699910867\n|move|p1a: Iron Moth|Fiery Dance|p2a: Alvvays\n|-damage|p2a: Alvvays|40\/100\n|-boost|p1a: Iron Moth|spa|1\n|move|p2a: Alvvays|Wish|p2a: Alvvays\n|\n|-heal|p2a: Alvvays|46\/100|[from] item: Leftovers\n|upkeep\n|turn|12\n|\n|t:|1699910873\n|move|p2a: Alvvays|Protect|p2a: Alvvays\n|-singleturn|p2a: Alvvays|Protect\n|move|p1a: Iron Moth|Fiery Dance|p2a: Alvvays\n|-activate|p2a: Alvvays|move: Protect\n|\n|-heal|p2a: Alvvays|96\/100|[from] move: Wish|[wisher] Alvvays\n|-heal|p2a: Alvvays|100\/100|[from] item: Leftovers\n|upkeep\n|turn|13\n|\n|t:|1699910882\n|move|p1a: Iron Moth|Fiery Dance|p2a: Alvvays\n|-damage|p2a: Alvvays|46\/100\n|move|p2a: Alvvays|Foul Play|p1a: Iron Moth\n|-end|p1a: Iron Moth|Substitute\n|\n|-heal|p2a: Alvvays|52\/100|[from] item: Leftovers\n|upkeep\n|turn|14\n|\n|t:|1699910890\n|switch|p2a: Elucid|Dragonite, M|100\/100\n|move|p1a: Iron Moth|Substitute|p1a: Iron Moth\n|-start|p1a: Iron Moth|Substitute\n|-damage|p1a: Iron Moth|51\/100\n|\n|upkeep\n|turn|15\n|\n|t:|1699910895\n|move|p2a: Elucid|Extreme Speed|p1a: Iron Moth\n|-end|p1a: Iron Moth|Substitute\n|move|p1a: Iron Moth|Sludge Wave|p2a: Elucid\n|-damage|p2a: Elucid|43\/100\n|\n|upkeep\n|turn|16\n|\n|t:|1699910907\n|move|p2a: Elucid|Extreme Speed|p1a: Iron Moth\n|-damage|p1a: Iron Moth|1\/100\n|move|p1a: Iron Moth|Sludge Wave|p2a: Elucid\n|-damage|p2a: Elucid|0 fnt\n|faint|p2a: Elucid\n|\n|upkeep\n|\n|t:|1699910913\n|switch|p2a: Alvvays|Umbreon, F|52\/100\n|turn|17\n|\n|t:|1699910917\n|move|p2a: Alvvays|Protect|p2a: Alvvays\n|-singleturn|p2a: Alvvays|Protect\n|move|p1a: Iron Moth|Sludge Wave|p2a: Alvvays\n|-activate|p2a: Alvvays|move: Protect\n|\n|-heal|p2a: Alvvays|58\/100|[from] item: Leftovers\n|upkeep\n|turn|18\n|\n|t:|1699910925\n|move|p1a: Iron Moth|Sludge Wave|p2a: Alvvays\n|-damage|p2a: Alvvays|0 fnt\n|faint|p2a: Alvvays\n|\n|upkeep\n|-message|Auburn Hills forfeited.\n|\n|win|Vince1314\n|raw|Vince1314's rating: 1656 &rarr; <strong>1682<\/strong><br \/>(+26 for winning)\n|raw|Auburn Hills's rating: 1757 &rarr; <strong>1731<\/strong><br \/>(-26 for losing)\n|l|\u2606Auburn Hills\n","uploadtime":1699910936,"views":13,"p1id":"vince1314","p2id":"auburnhills","formatid":"gen9ou","rating":1682,"private":0,"password":""}