{"id":"gen9ou-1989587538","p1":"Alcarrod","p2":"Katsu6624","format":"[Gen 9] OU","log":"|j|\u2606Alcarrod\n|j|\u2606Katsu6624\n|t:|1699875406\n|gametype|singles\n|player|p1|Alcarrod|lucas-gen4pt|1118\n|player|p2|Katsu6624|cynthia-gen4|1124\n|teamsize|p1|6\n|teamsize|p2|6\n|gen|9\n|tier|[Gen 9] OU\n|rated|\n|rule|Sleep Clause Mod: Limit one foe put to sleep\n|rule|Species Clause: Limit one of each Pok\u00e9mon\n|rule|OHKO Clause: OHKO moves are banned\n|rule|Evasion Items Clause: Evasion items are banned\n|rule|Evasion Moves Clause: Evasion moves are banned\n|rule|Endless Battle Clause: Forcing endless battles is banned\n|rule|HP Percentage Mod: HP is shown in percentages\n|clearpoke\n|poke|p1|Ogerpon-Cornerstone, F|\n|poke|p1|Gholdengo|\n|poke|p1|Toxapex, F|\n|poke|p1|Blissey, F|\n|poke|p1|Ribombee, F|\n|poke|p1|Kingambit, M|\n|poke|p2|Garchomp, M|\n|poke|p2|Spiritomb, M|\n|poke|p2|Milotic, F|\n|poke|p2|Braviary-Hisui, M|\n|poke|p2|Lucario, M|\n|poke|p2|Glaceon, F|\n|teampreview\n|inactive|Battle timer is ON: inactive players will automatically lose when time's up. (requested by Katsu6624)\n|j| bolhado\n|\n|t:|1699875429\n|start\n|switch|p1a: Ribombee|Ribombee, F|100\/100\n|switch|p2a: CUI CUI|Braviary-Hisui, M, shiny|100\/100\n|turn|1\n|\n|t:|1699875434\n|move|p1a: Ribombee|Stun Spore|p2a: CUI CUI\n|-status|p2a: CUI CUI|par\n|cant|p2a: CUI CUI|par\n|\n|upkeep\n|turn|2\n|\n|t:|1699875441\n|move|p1a: Ribombee|Sticky Web|p2a: CUI CUI\n|-sidestart|p2: Katsu6624|move: Sticky Web\n|move|p2a: CUI CUI|Hurricane|p1a: Ribombee\n|-supereffective|p1a: Ribombee\n|-enditem|p1a: Ribombee|Focus Sash\n|-damage|p1a: Ribombee|1\/100\n|\n|upkeep\n|turn|3\n|\n|t:|1699875449\n|move|p1a: Ribombee|Moonblast|p2a: CUI CUI\n|-damage|p2a: CUI CUI|59\/100 par\n|-unboost|p2a: CUI CUI|spa|1\n|move|p2a: CUI CUI|Esper Wing|p1a: Ribombee\n|-damage|p1a: Ribombee|0 fnt\n|-boost|p2a: CUI CUI|spe|1\n|faint|p1a: Ribombee\n|\n|upkeep\n|\n|t:|1699875464\n|switch|p1a: Ogerpon|Ogerpon-Cornerstone, F|100\/100\n|turn|4\n|\n|t:|1699875469\n|move|p1a: Ogerpon|Swords Dance|p1a: Ogerpon\n|-boost|p1a: Ogerpon|atk|2\n|move|p2a: CUI CUI|Roost|p2a: CUI CUI\n|-heal|p2a: CUI CUI|100\/100 par\n|-singleturn|p2a: CUI CUI|move: Roost\n|\n|upkeep\n|turn|5\n|j| AshMegaLuxio\n|\n|t:|1699875476\n|move|p1a: Ogerpon|Ivy Cudgel|p2a: CUI CUI\n|-supereffective|p2a: CUI CUI\n|-damage|p2a: CUI CUI|0 fnt\n|faint|p2a: CUI CUI\n|\n|upkeep\n|l| AshMegaLuxio\n|\n|t:|1699875500\n|switch|p2a: AGROU GROU|Lucario, M|100\/100\n|-activate|p2a: AGROU GROU|move: Sticky Web\n|-unboost|p2a: AGROU GROU|spe|1\n|turn|6\n|\n|t:|1699875509\n|switch|p1a: Gholdengo|Gholdengo|100\/100\n|move|p2a: AGROU GROU|Bullet Punch|p1a: Gholdengo\n|-resisted|p1a: Gholdengo\n|-damage|p1a: Gholdengo|91\/100\n|-damage|p2a: AGROU GROU|91\/100|[from] item: Life Orb\n|\n|upkeep\n|turn|7\n|\n|t:|1699875519\n|switch|p2a: Je stall|Milotic, F|100\/100\n|move|p1a: Gholdengo|Nasty Plot|p1a: Gholdengo\n|-boost|p1a: Gholdengo|spa|2\n|\n|upkeep\n|turn|8\n|\n|t:|1699875530\n|switch|p1a: Ogerpon|Ogerpon-Cornerstone, F|100\/100\n|move|p2a: Je stall|Haze|p2a: Je stall\n|-clearallboost\n|\n|upkeep\n|turn|9\n|\n|t:|1699875544\n|-terastallize|p2a: Je stall|Dragon\n|move|p1a: Ogerpon|Ivy Cudgel|p2a: Je stall\n|-damage|p2a: Je stall|46\/100\n|move|p2a: Je stall|Scald|p1a: Ogerpon\n|-damage|p1a: Ogerpon|71\/100\n|\n|upkeep\n|turn|10\n|\n|t:|1699875552\n|switch|p2a: ZEHAHAHAHAHAHA|Garchomp, M|100\/100\n|-activate|p2a: ZEHAHAHAHAHAHA|move: Sticky Web\n|-unboost|p2a: ZEHAHAHAHAHAHA|spe|1\n|move|p1a: Ogerpon|Ivy Cudgel|p2a: ZEHAHAHAHAHAHA\n|-resisted|p2a: ZEHAHAHAHAHAHA\n|-damage|p2a: ZEHAHAHAHAHAHA|72\/100\n|\n|upkeep\n|turn|11\n|\n|t:|1699875566\n|move|p1a: Ogerpon|Power Whip|p2a: ZEHAHAHAHAHAHA\n|-damage|p2a: ZEHAHAHAHAHAHA|6\/100\n|-damage|p1a: Ogerpon|58\/100|[from] ability: Rough Skin|[of] p2a: ZEHAHAHAHAHAHA\n|move|p2a: ZEHAHAHAHAHAHA|Fire Blast|p1a: Ogerpon\n|-damage|p1a: Ogerpon|13\/100\n|-damage|p2a: ZEHAHAHAHAHAHA|0 fnt|[from] item: Life Orb\n|faint|p2a: ZEHAHAHAHAHAHA\n|\n|upkeep\n|\n|t:|1699875575\n|switch|p2a: Bzuuougururu|Spiritomb, M, shiny|100\/100\n|-activate|p2a: Bzuuougururu|move: Sticky Web\n|-unboost|p2a: Bzuuougururu|spe|1\n|-ability|p2a: Bzuuougururu|Pressure\n|turn|12\n|\n|t:|1699875587\n|move|p2a: Bzuuougururu|Shadow Sneak|p1a: Ogerpon\n|-damage|p1a: Ogerpon|0 fnt\n|faint|p1a: Ogerpon\n|\n|upkeep\n|\n|t:|1699875600\n|switch|p1a: Gholdengo|Gholdengo|91\/100\n|turn|13\n|\n|t:|1699875610\n|move|p2a: Bzuuougururu|Shadow Sneak|p1a: Gholdengo\n|-supereffective|p1a: Gholdengo\n|-crit|p1a: Gholdengo\n|-damage|p1a: Gholdengo|31\/100\n|move|p1a: Gholdengo|Nasty Plot|p1a: Gholdengo\n|-boost|p1a: Gholdengo|spa|2\n|\n|upkeep\n|turn|14\n|\n|t:|1699875615\n|move|p2a: Bzuuougururu|Shadow Sneak|p1a: Gholdengo\n|-supereffective|p1a: Gholdengo\n|-damage|p1a: Gholdengo|0 fnt\n|faint|p1a: Gholdengo\n|\n|upkeep\n|\n|t:|1699875625\n|switch|p1a: Toxapex|Toxapex, F|100\/100\n|turn|15\n|\n|t:|1699875634\n|switch|p2a: Je stall|Milotic, F, tera:Dragon|46\/100\n|move|p1a: Toxapex|Baneful Bunker||[still]\n|-fail|p1a: Toxapex\n|\n|upkeep\n|turn|16\n|\n|t:|1699875645\n|move|p1a: Toxapex|Baneful Bunker|p1a: Toxapex\n|-singleturn|p1a: Toxapex|move: Protect\n|move|p2a: Je stall|Recover|p2a: Je stall\n|-heal|p2a: Je stall|96\/100\n|\n|upkeep\n|turn|17\n|\n|t:|1699875651\n|switch|p2a: Poubelle|Glaceon, F, shiny|100\/100\n|-activate|p2a: Poubelle|move: Sticky Web\n|-unboost|p2a: Poubelle|spe|1\n|move|p1a: Toxapex|Toxic|p2a: Poubelle\n|-status|p2a: Poubelle|tox\n|\n|-damage|p2a: Poubelle|95\/100 tox|[from] psn\n|upkeep\n|turn|18\n|\n|t:|1699875660\n|move|p2a: Poubelle|Freeze-Dry|p1a: Toxapex\n|-supereffective|p1a: Toxapex\n|-damage|p1a: Toxapex|6\/100\n|move|p1a: Toxapex|Surf|p2a: Poubelle\n|-damage|p2a: Poubelle|69\/100 tox\n|\n|-heal|p1a: Toxapex|12\/100|[from] item: Leftovers\n|-damage|p2a: Poubelle|57\/100 tox|[from] psn\n|upkeep\n|turn|19\n|\n|t:|1699875669\n|switch|p2a: AGROU GROU|Lucario, M|91\/100\n|-activate|p2a: AGROU GROU|move: Sticky Web\n|-unboost|p2a: AGROU GROU|spe|1\n|move|p1a: Toxapex|Baneful Bunker||[still]\n|-fail|p1a: Toxapex\n|\n|-heal|p1a: Toxapex|18\/100|[from] item: Leftovers\n|upkeep\n|turn|20\n|\n|t:|1699875678\n|move|p1a: Toxapex|Baneful Bunker|p1a: Toxapex\n|-singleturn|p1a: Toxapex|move: Protect\n|move|p2a: AGROU GROU|Drain Punch|p1a: Toxapex\n|-activate|p1a: Toxapex|move: Protect\n|\n|-heal|p1a: Toxapex|25\/100|[from] item: Leftovers\n|upkeep\n|turn|21\n|\n|t:|1699875687\n|move|p2a: AGROU GROU|Swords Dance|p2a: AGROU GROU\n|-boost|p2a: AGROU GROU|atk|2\n|move|p1a: Toxapex|Recover|p1a: Toxapex\n|-heal|p1a: Toxapex|75\/100\n|\n|-heal|p1a: Toxapex|81\/100|[from] item: Leftovers\n|upkeep\n|turn|22\n|\n|t:|1699875700\n|move|p2a: AGROU GROU|Swords Dance|p2a: AGROU GROU\n|-boost|p2a: AGROU GROU|atk|2\n|move|p1a: Toxapex|Surf|p2a: AGROU GROU\n|-damage|p2a: AGROU GROU|60\/100\n|\n|-heal|p1a: Toxapex|87\/100|[from] item: Leftovers\n|upkeep\n|turn|23\n|\n|t:|1699875709\n|move|p2a: AGROU GROU|Drain Punch|p1a: Toxapex\n|-resisted|p1a: Toxapex\n|-damage|p1a: Toxapex|57\/100\n|-heal|p2a: AGROU GROU|76\/100|[from] drain|[of] p1a: Toxapex\n|-damage|p2a: AGROU GROU|66\/100|[from] item: Life Orb\n|move|p1a: Toxapex|Surf|p2a: AGROU GROU\n|-damage|p2a: AGROU GROU|37\/100\n|\n|-heal|p1a: Toxapex|63\/100|[from] item: Leftovers\n|upkeep\n|turn|24\n|\n|t:|1699875719\n|move|p2a: AGROU GROU|Drain Punch|p1a: Toxapex\n|-resisted|p1a: Toxapex\n|-damage|p1a: Toxapex|35\/100\n|-heal|p2a: AGROU GROU|52\/100|[from] drain|[of] p1a: Toxapex\n|-damage|p2a: AGROU GROU|42\/100|[from] item: Life Orb\n|move|p1a: Toxapex|Surf|p2a: AGROU GROU\n|-damage|p2a: AGROU GROU|10\/100\n|\n|-heal|p1a: Toxapex|41\/100|[from] item: Leftovers\n|upkeep\n|turn|25\n|\n|t:|1699875735\n|move|p2a: AGROU GROU|Extreme Speed|p1a: Toxapex\n|-damage|p1a: Toxapex|0 fnt\n|faint|p1a: Toxapex\n|-damage|p2a: AGROU GROU|0 fnt|[from] item: Life Orb\n|faint|p2a: AGROU GROU\n|\n|upkeep\n|\n|t:|1699875742\n|switch|p2a: Bzuuougururu|Spiritomb, M, shiny|100\/100\n|switch|p1a: Blissey|Blissey, F|100\/100\n|-activate|p2a: Bzuuougururu|move: Sticky Web\n|-unboost|p2a: Bzuuougururu|spe|1\n|-ability|p2a: Bzuuougururu|Pressure\n|turn|26\n|\n|t:|1699875750\n|switch|p2a: Poubelle|Glaceon, F, shiny|57\/100 tox\n|-activate|p2a: Poubelle|move: Sticky Web\n|-unboost|p2a: Poubelle|spe|1\n|move|p1a: Blissey|Stealth Rock|p2a: Poubelle\n|-sidestart|p2: Katsu6624|move: Stealth Rock\n|\n|-damage|p2a: Poubelle|51\/100 tox|[from] psn\n|upkeep\n|turn|27\n|\n|t:|1699875760\n|move|p2a: Poubelle|Blizzard|p1a: Blissey\n|-damage|p1a: Blissey|74\/100\n|move|p1a: Blissey|Seismic Toss|p2a: Poubelle\n|-damage|p2a: Poubelle|15\/100 tox\n|\n|-damage|p2a: Poubelle|3\/100 tox|[from] psn\n|upkeep\n|turn|28\n|\n|t:|1699875769\n|move|p2a: Poubelle|Blizzard|p1a: Blissey\n|-damage|p1a: Blissey|46\/100\n|-status|p1a: Blissey|frz\n|cant|p1a: Blissey|frz\n|\n|-damage|p2a: Poubelle|0 fnt|[from] psn\n|faint|p2a: Poubelle\n|upkeep\n|\n|t:|1699875777\n|switch|p2a: Bzuuougururu|Spiritomb, M, shiny|100\/100\n|-activate|p2a: Bzuuougururu|move: Sticky Web\n|-unboost|p2a: Bzuuougururu|spe|1\n|-damage|p2a: Bzuuougururu|88\/100|[from] Stealth Rock\n|-ability|p2a: Bzuuougururu|Pressure\n|turn|29\n|\n|t:|1699875785\n|cant|p1a: Blissey|frz\n|move|p2a: Bzuuougururu|Foul Play|p1a: Blissey\n|-damage|p1a: Blissey|38\/100 frz\n|\n|-heal|p2a: Bzuuougururu|94\/100|[from] item: Leftovers\n|upkeep\n|turn|30\n|\n|t:|1699875791\n|cant|p1a: Blissey|frz\n|move|p2a: Bzuuougururu|Foul Play|p1a: Blissey\n|-crit|p1a: Blissey\n|-damage|p1a: Blissey|28\/100 frz\n|\n|-heal|p2a: Bzuuougururu|100\/100|[from] item: Leftovers\n|upkeep\n|turn|31\n|\n|t:|1699875798\n|cant|p1a: Blissey|frz\n|move|p2a: Bzuuougururu|Foul Play|p1a: Blissey\n|-damage|p1a: Blissey|20\/100 frz\n|\n|upkeep\n|turn|32\n|\n|t:|1699875802\n|cant|p1a: Blissey|frz\n|move|p2a: Bzuuougururu|Foul Play|p1a: Blissey\n|-damage|p1a: Blissey|13\/100 frz\n|\n|upkeep\n|turn|33\n|\n|t:|1699875807\n|cant|p1a: Blissey|frz\n|move|p2a: Bzuuougururu|Foul Play|p1a: Blissey\n|-damage|p1a: Blissey|6\/100 frz\n|\n|upkeep\n|turn|34\n|\n|t:|1699875811\n|cant|p1a: Blissey|frz\n|move|p2a: Bzuuougururu|Foul Play|p1a: Blissey\n|-damage|p1a: Blissey|0 fnt\n|faint|p1a: Blissey\n|\n|upkeep\n|\n|t:|1699875817\n|switch|p1a: Kingambit|Kingambit, M|100\/100\n|-activate|p1a: Kingambit|ability: Supreme Overlord\n|-start|p1a: Kingambit|fallen5|[silent]\n|turn|35\n|\n|t:|1699875822\n|move|p1a: Kingambit|Sucker Punch||[still]\n|-fail|p1a: Kingambit\n|move|p2a: Bzuuougururu|Will-O-Wisp|p1a: Kingambit\n|-status|p1a: Kingambit|brn\n|\n|-damage|p1a: Kingambit|94\/100 brn|[from] brn\n|upkeep\n|turn|36\n|\n|t:|1699875831\n|switch|p2a: Je stall|Milotic, F, tera:Dragon|96\/100\n|move|p1a: Kingambit|Sucker Punch||[still]\n|-fail|p1a: Kingambit\n|\n|-heal|p1a: Kingambit|100\/100 brn|[from] item: Leftovers\n|-damage|p1a: Kingambit|94\/100 brn|[from] brn\n|upkeep\n|turn|37\n|\n|t:|1699875842\n|move|p1a: Kingambit|Sucker Punch|p2a: Je stall\n|-damage|p2a: Je stall|69\/100\n|move|p2a: Je stall|Scald|p1a: Kingambit\n|-damage|p1a: Kingambit|65\/100 brn\n|\n|-heal|p1a: Kingambit|71\/100 brn|[from] item: Leftovers\n|-damage|p1a: Kingambit|65\/100 brn|[from] brn\n|upkeep\n|turn|38\n|\n|t:|1699875850\n|move|p2a: Je stall|Scald|p1a: Kingambit\n|-damage|p1a: Kingambit|38\/100 brn\n|move|p1a: Kingambit|Kowtow Cleave|p2a: Je stall\n|-damage|p2a: Je stall|30\/100\n|\n|-heal|p1a: Kingambit|44\/100 brn|[from] item: Leftovers\n|-damage|p1a: Kingambit|38\/100 brn|[from] brn\n|upkeep\n|turn|39\n|\n|t:|1699875858\n|move|p2a: Je stall|Recover|p2a: Je stall\n|-heal|p2a: Je stall|80\/100\n|move|p1a: Kingambit|Kowtow Cleave|p2a: Je stall\n|-damage|p2a: Je stall|40\/100\n|\n|-heal|p1a: Kingambit|44\/100 brn|[from] item: Leftovers\n|-damage|p1a: Kingambit|38\/100 brn|[from] brn\n|upkeep\n|turn|40\n|\n|t:|1699875874\n|-terastallize|p1a: Kingambit|Fairy\n|move|p2a: Je stall|Recover|p2a: Je stall\n|-heal|p2a: Je stall|90\/100\n|move|p1a: Kingambit|Kowtow Cleave|p2a: Je stall\n|-damage|p2a: Je stall|57\/100\n|\n|-heal|p1a: Kingambit|44\/100 brn|[from] item: Leftovers\n|-damage|p1a: Kingambit|38\/100 brn|[from] brn\n|upkeep\n|turn|41\n|\n|t:|1699875883\n|move|p2a: Je stall|Scald|p1a: Kingambit\n|-damage|p1a: Kingambit|11\/100 brn\n|move|p1a: Kingambit|Swords Dance|p1a: Kingambit\n|-boost|p1a: Kingambit|atk|2\n|\n|-heal|p1a: Kingambit|18\/100 brn|[from] item: Leftovers\n|-damage|p1a: Kingambit|11\/100 brn|[from] brn\n|upkeep\n|turn|42\n|\n|t:|1699875892\n|move|p2a: Je stall|Scald|p1a: Kingambit\n|-damage|p1a: Kingambit|0 fnt\n|faint|p1a: Kingambit\n|-end|p1a: Kingambit|fallen5|[silent]\n|\n|win|Katsu6624\n|raw|Alcarrod's rating: 1118 &rarr; <strong>1093<\/strong><br \/>(-25 for losing)\n|raw|Katsu6624's rating: 1124 &rarr; <strong>1149<\/strong><br \/>(+25 for winning)\n","uploadtime":1699875898,"views":10,"p1id":"alcarrod","p2id":"katsu6624","formatid":"gen9ou","rating":1093,"private":0,"password":""}