{"id":"gen9ou-1995118608","p1":"sorryforbeingfat","p2":"alia420","format":"[Gen 9] OU","log":"|j|\u2606sorryforbeingfat\n|j|\u2606alia420\n|t:|1700524600\n|gametype|singles\n|player|p1|sorryforbeingfat|raifort|1119\n|player|p2|alia420|169|1063\n|teamsize|p1|6\n|teamsize|p2|6\n|gen|9\n|tier|[Gen 9] OU\n|rated|\n|rule|Sleep Clause Mod: Limit one foe put to sleep\n|rule|Species Clause: Limit one of each Pok\u00e9mon\n|rule|OHKO Clause: OHKO moves are banned\n|rule|Evasion Items Clause: Evasion items are banned\n|rule|Evasion Moves Clause: Evasion moves are banned\n|rule|Endless Battle Clause: Forcing endless battles is banned\n|rule|HP Percentage Mod: HP is shown in percentages\n|clearpoke\n|poke|p1|Alomomola, F|\n|poke|p1|Thundurus-Therian, M|\n|poke|p1|Cinderace, F|\n|poke|p1|Slowking-Galar, F|\n|poke|p1|Kingambit, F|\n|poke|p1|Great Tusk|\n|poke|p2|Heatran, M|\n|poke|p2|Gardevoir, M|\n|poke|p2|Amoonguss, M|\n|poke|p2|Dragapult, M|\n|poke|p2|Zapdos|\n|poke|p2|Greninja-*, M|\n|teampreview\n|inactive|Battle timer is ON: inactive players will automatically lose when time's up. (requested by alia420)\n|inactive|sorryforbeingfat also wants the timer to be on.\n|\n|t:|1700524621\n|start\n|switch|p1a: Rizzler|Thundurus-Therian, M|100\/100\n|switch|p2a: Heatran|Heatran, M|100\/100\n|turn|1\n|\n|t:|1700524637\n|move|p1a: Rizzler|Volt Switch|p2a: Heatran\n|-damage|p2a: Heatran|57\/100\n|\n|t:|1700524647\n|switch|p1a: fanum tax|Slowking-Galar, F|100\/100|[from] Volt Switch\n|move|p2a: Heatran|Stealth Rock|p1a: fanum tax\n|-sidestart|p1: sorryforbeingfat|move: Stealth Rock\n|\n|-heal|p2a: Heatran|63\/100|[from] item: Leftovers\n|upkeep\n|turn|2\n|\n|t:|1700524655\n|switch|p2a: Dragapult|Dragapult, M|100\/100\n|move|p1a: fanum tax|Chilly Reception|p1a: fanum tax\n|-weather|Snow\n|\n|t:|1700524663\n|switch|p1a: Sigma|Kingambit, F|100\/100|[from] Chilly Reception\n|-damage|p1a: Sigma|94\/100|[from] Stealth Rock\n|\n|-weather|Snow|[upkeep]\n|-heal|p1a: Sigma|100\/100|[from] item: Leftovers\n|upkeep\n|turn|3\n|inactive|alia420 has 120 seconds left.\n|\n|t:|1700524702\n|switch|p2a: Heatran|Heatran, M|63\/100\n|move|p1a: Sigma|Sucker Punch||[still]\n|-fail|p1a: Sigma\n|\n|-weather|Snow|[upkeep]\n|-heal|p2a: Heatran|69\/100|[from] item: Leftovers\n|upkeep\n|turn|4\n|inactive|alia420 has 120 seconds left.\n|\n|t:|1700524731\n|-end|p1a: Sigma|fallenundefined|[silent]\n|switch|p1a: fanum tax|Slowking-Galar, F|100\/100\n|move|p2a: Heatran|Sandstorm|p2a: Heatran\n|-weather|Sandstorm\n|\n|-weather|Sandstorm|[upkeep]\n|-damage|p1a: fanum tax|94\/100|[from] Sandstorm\n|-heal|p2a: Heatran|76\/100|[from] item: Leftovers\n|upkeep\n|turn|5\n|\n|t:|1700524740\n|move|p2a: Heatran|Earthquake|p1a: fanum tax\n|-supereffective|p1a: fanum tax\n|-damage|p1a: fanum tax|54\/100\n|move|p1a: fanum tax|Future Sight|p2a: Heatran\n|-start|p1a: fanum tax|move: Future Sight\n|\n|-weather|Sandstorm|[upkeep]\n|-damage|p1a: fanum tax|48\/100|[from] Sandstorm\n|-heal|p2a: Heatran|82\/100|[from] item: Leftovers\n|upkeep\n|turn|6\n|inactive|alia420 has 120 seconds left.\n|\n|t:|1700524748\n|switch|p1a: Ohio|Great Tusk|100\/100\n|-damage|p1a: Ohio|98\/100|[from] Stealth Rock\n|move|p2a: Heatran|Earthquake|p1a: Ohio\n|-damage|p1a: Ohio|82\/100\n|\n|-weather|Sandstorm|[upkeep]\n|-heal|p2a: Heatran|88\/100|[from] item: Leftovers\n|upkeep\n|turn|7\n|\n|t:|1700524758\n|switch|p2a: Zapdos|Zapdos|100\/100\n|move|p1a: Ohio|Rapid Spin|p2a: Zapdos\n|-damage|p2a: Zapdos|80\/100\n|-boost|p1a: Ohio|spe|1\n|-status|p1a: Ohio|par|[from] ability: Static|[of] p2a: Zapdos\n|-sideend|p1: sorryforbeingfat|Stealth Rock|[from] move: Rapid Spin|[of] p1a: Ohio\n|\n|-weather|Sandstorm|[upkeep]\n|-damage|p2a: Zapdos|74\/100|[from] Sandstorm\n|-end|p2a: Zapdos|move: Future Sight\n|-damage|p2a: Zapdos|23\/100\n|upkeep\n|turn|8\n|inactive|alia420 has 120 seconds left.\n|\n|t:|1700524778\n|move|p2a: Zapdos|Roost|p2a: Zapdos\n|-heal|p2a: Zapdos|73\/100\n|-singleturn|p2a: Zapdos|move: Roost\n|move|p1a: Ohio|Stealth Rock|p2a: Zapdos\n|-sidestart|p2: alia420|move: Stealth Rock\n|\n|-weather|none\n|upkeep\n|turn|9\n|inactive|alia420 has 120 seconds left.\n|\n|t:|1700524802\n|move|p2a: Zapdos|Hurricane|p1a: Ohio|[miss]\n|-miss|p2a: Zapdos|p1a: Ohio\n|move|p1a: Ohio|Ice Spinner|p2a: Zapdos\n|-supereffective|p2a: Zapdos\n|-damage|p2a: Zapdos|10\/100\n|\n|upkeep\n|turn|10\n|inactive|alia420 has 120 seconds left.\n|\n|t:|1700524815\n|-end|p1a: Ohio|Protosynthesis|[silent]\n|switch|p1a: fanum tax|Slowking-Galar, F|81\/100\n|move|p2a: Zapdos|Hurricane|p1a: fanum tax\n|-damage|p1a: fanum tax|44\/100\n|\n|upkeep\n|turn|11\n|inactive|alia420 has 120 seconds left.\n|\n|t:|1700524824\n|switch|p2a: Heatran|Heatran, M|88\/100\n|-damage|p2a: Heatran|76\/100|[from] Stealth Rock\n|move|p1a: fanum tax|Ice Beam|p2a: Heatran\n|-resisted|p2a: Heatran\n|-damage|p2a: Heatran|72\/100\n|\n|-heal|p2a: Heatran|78\/100|[from] item: Leftovers\n|upkeep\n|turn|12\n|inactive|alia420 has 120 seconds left.\n|\n|t:|1700524844\n|move|p2a: Heatran|Iron Head|p1a: fanum tax\n|-damage|p1a: fanum tax|16\/100\n|move|p1a: fanum tax|Chilly Reception|p1a: fanum tax\n|-weather|Snow\n|\n|t:|1700524862\n|switch|p1a: Rizzler|Thundurus-Therian, M|100\/100|[from] Chilly Reception\n|\n|-weather|Snow|[upkeep]\n|-heal|p2a: Heatran|84\/100|[from] item: Leftovers\n|upkeep\n|turn|13\n|inactive|alia420 has 120 seconds left.\n|\n|t:|1700524888\n|switch|p2a: Greninja|Greninja, M|100\/100\n|-damage|p2a: Greninja|88\/100|[from] Stealth Rock\n|move|p1a: Rizzler|Volt Switch|p2a: Greninja\n|-supereffective|p2a: Greninja\n|-damage|p2a: Greninja|0 fnt\n|faint|p2a: Greninja\n|\n|t:|1700524900\n|switch|p1a: fanum tax|Slowking-Galar, F|49\/100|[from] Volt Switch\n|\n|-weather|Snow|[upkeep]\n|upkeep\n|\n|t:|1700524905\n|switch|p2a: Heatran|Heatran, M|84\/100\n|-damage|p2a: Heatran|72\/100|[from] Stealth Rock\n|turn|14\n|inactive|sorryforbeingfat has 120 seconds left.\n|\n|t:|1700524932\n|switch|p1a: Ohio|Great Tusk|82\/100 par\n|move|p2a: Heatran|Earthquake|p1a: Ohio\n|-damage|p1a: Ohio|66\/100 par\n|\n|-weather|Snow|[upkeep]\n|-heal|p2a: Heatran|78\/100|[from] item: Leftovers\n|upkeep\n|turn|15\n|inactive|sorryforbeingfat has 120 seconds left.\n|\n|t:|1700524943\n|move|p2a: Heatran|Iron Head|p1a: Ohio\n|-damage|p1a: Ohio|49\/100 par\n|-damage|p2a: Heatran|61\/100|[from] item: Rocky Helmet|[of] p1a: Ohio\n|move|p1a: Ohio|Headlong Rush|p2a: Heatran\n|-supereffective|p2a: Heatran\n|-damage|p2a: Heatran|0 fnt\n|-unboost|p1a: Ohio|def|1\n|-unboost|p1a: Ohio|spd|1\n|faint|p2a: Heatran\n|\n|-weather|Snow|[upkeep]\n|upkeep\n|inactive|alia420 has 120 seconds left.\n|\n|t:|1700524958\n|switch|p2a: Amoonguss|Amoonguss, M|100\/100\n|-damage|p2a: Amoonguss|88\/100|[from] Stealth Rock\n|turn|16\n|\n|t:|1700524968\n|move|p1a: Ohio|Ice Spinner|p2a: Amoonguss\n|-supereffective|p2a: Amoonguss\n|-damage|p2a: Amoonguss|45\/100\n|move|p2a: Amoonguss|Giga Drain|p1a: Ohio\n|-supereffective|p1a: Ohio\n|-damage|p1a: Ohio|0 fnt\n|-heal|p2a: Amoonguss|70\/100|[from] drain|[of] p1a: Ohio\n|faint|p1a: Ohio\n|-end|p1a: Ohio|Protosynthesis|[silent]\n|\n|-weather|none\n|upkeep\n|inactive|sorryforbeingfat has 120 seconds left.\n|\n|t:|1700524990\n|switch|p1a: fanum tax|Slowking-Galar, F|82\/100\n|turn|17\n|inactive|sorryforbeingfat has 120 seconds left.\n|\n|t:|1700524996\n|move|p2a: Amoonguss|Stun Spore|p1a: fanum tax|[miss]\n|-miss|p2a: Amoonguss|p1a: fanum tax\n|move|p1a: fanum tax|Ice Beam|p2a: Amoonguss\n|-supereffective|p2a: Amoonguss\n|-damage|p2a: Amoonguss|32\/100\n|\n|upkeep\n|turn|18\n|\n|t:|1700525004\n|switch|p1a: Rizzler|Thundurus-Therian, M|100\/100\n|move|p2a: Amoonguss|Stun Spore|p1a: Rizzler\n|-immune|p1a: Rizzler\n|\n|upkeep\n|turn|19\n|-activate|p2a: Amoonguss|item: Quick Claw\n|\n|t:|1700525015\n|move|p2a: Amoonguss|Giga Drain|p1a: Rizzler\n|-resisted|p1a: Rizzler\n|-damage|p1a: Rizzler|84\/100\n|-heal|p2a: Amoonguss|38\/100|[from] drain|[of] p1a: Rizzler\n|move|p1a: Rizzler|Tera Blast|p2a: Amoonguss\n|-damage|p2a: Amoonguss|2\/100\n|\n|upkeep\n|turn|20\n|\n|t:|1700525028\n|move|p1a: Rizzler|Tera Blast|p2a: Amoonguss\n|-damage|p2a: Amoonguss|0 fnt\n|faint|p2a: Amoonguss\n|\n|upkeep\n|\n|t:|1700525033\n|switch|p2a: Dragapult|Dragapult, M|100\/100\n|-damage|p2a: Dragapult|88\/100|[from] Stealth Rock\n|turn|21\n|\n|t:|1700525054\n|switch|p1a: Sigma|Kingambit, F|100\/100\n|-activate|p1a: Sigma|ability: Supreme Overlord\n|-start|p1a: Sigma|fallen1|[silent]\n|move|p2a: Dragapult|Dragon Tail|p1a: Sigma\n|-resisted|p1a: Sigma\n|-damage|p1a: Sigma|86\/100\n|-end|p1a: Sigma|fallen1|[silent]\n|drag|p1a: Rizzler|Thundurus-Therian, M|84\/100\n|\n|upkeep\n|turn|22\n|inactive|sorryforbeingfat has 120 seconds left.\n|\n|t:|1700525109\n|move|p1a: Rizzler|Knock Off|p2a: Dragapult\n|-supereffective|p2a: Dragapult\n|-crit|p2a: Dragapult\n|-damage|p2a: Dragapult|5\/100\n|-enditem|p2a: Dragapult|Dragon Fang|[from] move: Knock Off|[of] p1a: Rizzler\n|move|p2a: Dragapult|Dragon Tail|p1a: Rizzler|[miss]\n|-miss|p2a: Dragapult|p1a: Rizzler\n|\n|upkeep\n|turn|23\n|-message|alia420 forfeited.\n|\n|win|sorryforbeingfat\n|raw|sorryforbeingfat's rating: 1119 &rarr; <strong>1140<\/strong><br \/>(+21 for winning)\n|raw|alia420's rating: 1063 &rarr; <strong>1047<\/strong><br \/>(-16 for losing)\n|l|\u2606alia420\n","uploadtime":1700525121,"views":6,"p1id":"sorryforbeingfat","p2id":"alia420","formatid":"gen9ou","rating":1047,"private":0,"password":""}