{"id":"gen9ou-1998314797","p1":"Runningman2412","p2":"LandotheRandoPando","format":"[Gen 9] OU","log":"|j|\u2606Runningman2412\n|j|\u2606LandotheRandoPando\n|t:|1700928391\n|gametype|singles\n|player|p1|Runningman2412|ninjaboy|1291\n|player|p2|LandotheRandoPando|hoopster|1244\n|teamsize|p1|6\n|teamsize|p2|6\n|gen|9\n|tier|[Gen 9] OU\n|rated|\n|rule|Sleep Clause Mod: Limit one foe put to sleep\n|rule|Species Clause: Limit one of each Pok\u00e9mon\n|rule|OHKO Clause: OHKO moves are banned\n|rule|Evasion Items Clause: Evasion items are banned\n|rule|Evasion Moves Clause: Evasion moves are banned\n|rule|Endless Battle Clause: Forcing endless battles is banned\n|rule|HP Percentage Mod: HP is shown in percentages\n|clearpoke\n|poke|p1|Great Tusk|\n|poke|p1|Blissey, F|\n|poke|p1|Dragapult, M|\n|poke|p1|Walking Wake|\n|poke|p1|Gholdengo|\n|poke|p1|Landorus-Therian, M|\n|poke|p2|Walking Wake|\n|poke|p2|Great Tusk|\n|poke|p2|Torkoal, F|\n|poke|p2|Gholdengo|\n|poke|p2|Leavanny, F|\n|poke|p2|Hatterene, F|\n|teampreview\n|\n|t:|1700928409\n|start\n|switch|p1a: Dragapult|Dragapult, M, shiny|100\/100\n|switch|p2a: Torkoal|Torkoal, F|100\/100\n|-weather|SunnyDay|[from] ability: Drought|[of] p2a: Torkoal\n|turn|1\n|inactive|Battle timer is ON: inactive players will automatically lose when time's up. (requested by Runningman2412)\n|\n|t:|1700928418\n|move|p1a: Dragapult|Light Screen|p1a: Dragapult\n|-sidestart|p1: Runningman2412|move: Light Screen\n|move|p2a: Torkoal|Stealth Rock|p1a: Dragapult\n|-sidestart|p1: Runningman2412|move: Stealth Rock\n|\n|-weather|SunnyDay|[upkeep]\n|upkeep\n|turn|2\n|\n|t:|1700928421\n|move|p1a: Dragapult|Reflect|p1a: Dragapult\n|-sidestart|p1: Runningman2412|Reflect\n|move|p2a: Torkoal|Yawn|p1a: Dragapult\n|-start|p1a: Dragapult|move: Yawn|[of] p2a: Torkoal\n|\n|-weather|SunnyDay|[upkeep]\n|upkeep\n|turn|3\n|\n|t:|1700928424\n|move|p1a: Dragapult|U-turn|p2a: Torkoal\n|-resisted|p2a: Torkoal\n|-damage|p2a: Torkoal|95\/100\n|\n|t:|1700928427\n|switch|p1a: Great Tusk|Great Tusk, shiny|100\/100|[from] U-turn\n|-activate|p1a: Great Tusk|ability: Protosynthesis\n|-start|p1a: Great Tusk|protosynthesisatk\n|move|p2a: Torkoal|Yawn|p1a: Great Tusk\n|-start|p1a: Great Tusk|move: Yawn|[of] p2a: Torkoal\n|\n|-weather|SunnyDay|[upkeep]\n|upkeep\n|turn|4\n|\n|t:|1700928443\n|-end|p1a: Great Tusk|Protosynthesis|[silent]\n|switch|p1a: Dragapult|Dragapult, M, shiny|100\/100\n|-damage|p1a: Dragapult|88\/100|[from] Stealth Rock\n|switch|p2a: Gholdengo|Gholdengo|100\/100\n|-item|p2a: Gholdengo|Air Balloon\n|\n|-weather|SunnyDay|[upkeep]\n|-heal|p1a: Dragapult|94\/100|[from] item: Leftovers\n|upkeep\n|turn|5\n|\n|t:|1700928459\n|switch|p2a: Leavanny|Leavanny, F|100\/100\n|move|p1a: Dragapult|U-turn|p2a: Leavanny\n|-supereffective|p2a: Leavanny\n|-damage|p2a: Leavanny|51\/100\n|\n|t:|1700928466\n|switch|p1a: Walking Wake|Walking Wake|100\/100|[from] U-turn\n|-damage|p1a: Walking Wake|88\/100|[from] Stealth Rock\n|-activate|p1a: Walking Wake|ability: Protosynthesis\n|-start|p1a: Walking Wake|protosynthesisspe\n|\n|-weather|SunnyDay|[upkeep]\n|-sideend|p1: Runningman2412|move: Light Screen\n|upkeep\n|turn|6\n|\n|t:|1700928473\n|move|p2a: Leavanny|Sticky Web|p1a: Walking Wake\n|-sidestart|p1: Runningman2412|move: Sticky Web\n|move|p1a: Walking Wake|Flamethrower|p2a: Leavanny\n|-supereffective|p2a: Leavanny\n|-damage|p2a: Leavanny|0 fnt\n|faint|p2a: Leavanny\n|\n|-weather|SunnyDay|[upkeep]\n|-sideend|p1: Runningman2412|Reflect\n|upkeep\n|\n|t:|1700928495\n|switch|p2a: Walking Wake|Walking Wake|100\/100\n|-activate|p2a: Walking Wake|ability: Protosynthesis\n|-start|p2a: Walking Wake|protosynthesisspa\n|turn|7\n|\n|t:|1700928500\n|move|p1a: Walking Wake|Dragon Pulse|p2a: Walking Wake\n|-supereffective|p2a: Walking Wake\n|-damage|p2a: Walking Wake|8\/100\n|move|p2a: Walking Wake|Dragon Pulse|p1a: Walking Wake\n|-supereffective|p1a: Walking Wake\n|-damage|p1a: Walking Wake|0 fnt\n|faint|p1a: Walking Wake\n|-end|p1a: Walking Wake|Protosynthesis|[silent]\n|\n|-weather|SunnyDay|[upkeep]\n|upkeep\n|\n|t:|1700928503\n|switch|p1a: Blissey|Blissey, F|100\/100\n|-damage|p1a: Blissey|88\/100|[from] Stealth Rock\n|-activate|p1a: Blissey|move: Sticky Web\n|-unboost|p1a: Blissey|spe|1\n|turn|8\n|\n|t:|1700928508\n|-end|p2a: Walking Wake|Protosynthesis|[silent]\n|switch|p2a: Hatterene|Hatterene, F|100\/100\n|move|p1a: Blissey|Thunder Wave|p2a: Hatterene|[miss]\n|-miss|p1a: Blissey|p2a: Hatterene\n|\n|-weather|none\n|-heal|p1a: Blissey|94\/100|[from] item: Leftovers\n|upkeep\n|turn|9\n|\n|t:|1700928526\n|switch|p1a: Great Tusk|Great Tusk, shiny|100\/100\n|move|p2a: Hatterene|Psyshock|p1a: Great Tusk\n|-supereffective|p1a: Great Tusk\n|-damage|p1a: Great Tusk|52\/100\n|\n|upkeep\n|turn|10\n|\n|t:|1700928536\n|switch|p2a: Gholdengo|Gholdengo|100\/100\n|-item|p2a: Gholdengo|Air Balloon\n|move|p1a: Great Tusk|Rapid Spin|p2a: Gholdengo\n|-immune|p2a: Gholdengo\n|\n|upkeep\n|turn|11\n|\n|t:|1700928543\n|move|p2a: Gholdengo|Make It Rain|p1a: Great Tusk\n|-damage|p1a: Great Tusk|0 fnt\n|-unboost|p2a: Gholdengo|spa|1\n|faint|p1a: Great Tusk\n|-end|p1a: Great Tusk|Protosynthesis|[silent]\n|\n|upkeep\n|\n|t:|1700928548\n|switch|p1a: Dragapult|Dragapult, M, shiny|94\/100\n|-damage|p1a: Dragapult|82\/100|[from] Stealth Rock\n|-activate|p1a: Dragapult|move: Sticky Web\n|-fail|p1a: Dragapult|unboost|[from] ability: Clear Body|[of] p1a: Dragapult\n|turn|12\n|\n|t:|1700928562\n|switch|p2a: Torkoal|Torkoal, F|95\/100\n|-weather|SunnyDay|[from] ability: Drought|[of] p2a: Torkoal\n|move|p1a: Dragapult|Light Screen|p1a: Dragapult\n|-sidestart|p1: Runningman2412|move: Light Screen\n|\n|-weather|SunnyDay|[upkeep]\n|-heal|p1a: Dragapult|88\/100|[from] item: Leftovers\n|upkeep\n|turn|13\n|\n|t:|1700928568\n|move|p1a: Dragapult|Reflect|p1a: Dragapult\n|-sidestart|p1: Runningman2412|Reflect\n|move|p2a: Torkoal|Yawn|p1a: Dragapult\n|-start|p1a: Dragapult|move: Yawn|[of] p2a: Torkoal\n|\n|-weather|SunnyDay|[upkeep]\n|-heal|p1a: Dragapult|94\/100|[from] item: Leftovers\n|upkeep\n|turn|14\n|\n|t:|1700928575\n|move|p1a: Dragapult|Draco Meteor|p2a: Torkoal\n|-damage|p2a: Torkoal|54\/100\n|-unboost|p1a: Dragapult|spa|2\n|move|p2a: Torkoal|Yawn||[still]\n|-fail|p2a: Torkoal\n|\n|-weather|SunnyDay|[upkeep]\n|-heal|p1a: Dragapult|99\/100|[from] item: Leftovers\n|-end|p1a: Dragapult|move: Yawn|[silent]\n|-status|p1a: Dragapult|slp\n|upkeep\n|turn|15\n|-message|Runningman2412 forfeited.\n|\n|win|LandotheRandoPando\n|raw|Runningman2412's rating: 1291 &rarr; <strong>1263<\/strong><br \/>(-28 for losing)\n|raw|LandotheRandoPando's rating: 1244 &rarr; <strong>1272<\/strong><br \/>(+28 for winning)\n|l|\u2606Runningman2412\n","uploadtime":1700928595,"views":7,"p1id":"runningman2412","p2id":"landotherandopando","formatid":"gen9ou","rating":1263,"private":0,"password":""}