{"id":"gen9ou-1995998550","p1":"ShadowB2W2","p2":"b411zac","format":"[Gen 9] OU","log":"|j|\u2606ShadowB2W2\n|j|\u2606b411zac\n|t:|1700627252\n|gametype|singles\n|player|p1|ShadowB2W2|nate|1068\n|player|p2|b411zac|waiter-gen4|1067\n|teamsize|p1|6\n|teamsize|p2|6\n|gen|9\n|tier|[Gen 9] OU\n|rated|\n|rule|Sleep Clause Mod: Limit one foe put to sleep\n|rule|Species Clause: Limit one of each Pok\u00e9mon\n|rule|OHKO Clause: OHKO moves are banned\n|rule|Evasion Items Clause: Evasion items are banned\n|rule|Evasion Moves Clause: Evasion moves are banned\n|rule|Endless Battle Clause: Forcing endless battles is banned\n|rule|HP Percentage Mod: HP is shown in percentages\n|clearpoke\n|poke|p1|Quaquaval, M|\n|poke|p1|Ceruledge, M|\n|poke|p1|Dragonite, M|\n|poke|p1|Gardevoir, F|\n|poke|p1|Eelektross, M|\n|poke|p1|Skeledirge, M|\n|poke|p2|Pincurchin, M|\n|poke|p2|Iron Leaves|\n|poke|p2|Iron Moth|\n|poke|p2|Iron Jugulis|\n|poke|p2|Torkoal, F|\n|poke|p2|Hatterene, F|\n|teampreview\n|\n|t:|1700627263\n|start\n|switch|p1a: Skeledirge|Skeledirge, M, shiny|100\/100\n|switch|p2a: Pincurchin|Pincurchin, M|100\/100\n|-fieldstart|move: Electric Terrain|[from] ability: Electric Surge|[of] p2a: Pincurchin\n|turn|1\n|\n|t:|1700627271\n|move|p1a: Skeledirge|Earth Power|p2a: Pincurchin\n|-supereffective|p2a: Pincurchin\n|-damage|p2a: Pincurchin|24\/100\n|move|p2a: Pincurchin|Thunder Wave|p1a: Skeledirge\n|-status|p1a: Skeledirge|par\n|\n|upkeep\n|turn|2\n|\n|t:|1700627278\n|move|p1a: Skeledirge|Earth Power|p2a: Pincurchin\n|-supereffective|p2a: Pincurchin\n|-damage|p2a: Pincurchin|0 fnt\n|faint|p2a: Pincurchin\n|\n|upkeep\n|\n|t:|1700627283\n|switch|p2a: Iron Leaves|Iron Leaves|100\/100\n|-activate|p2a: Iron Leaves|ability: Quark Drive\n|-start|p2a: Iron Leaves|quarkdrivespe\n|turn|3\n|\n|t:|1700627292\n|-terastallize|p2a: Iron Leaves|Psychic\n|move|p2a: Iron Leaves|Psyblade|p1a: Skeledirge\n|-damage|p1a: Skeledirge|0 fnt\n|faint|p1a: Skeledirge\n|\n|upkeep\n|\n|t:|1700627298\n|switch|p1a: Eelektross|Eelektross, M|100\/100\n|turn|4\n|\n|t:|1700627304\n|move|p2a: Iron Leaves|Psyblade|p1a: Eelektross\n|-damage|p1a: Eelektross|0 fnt\n|faint|p1a: Eelektross\n|\n|upkeep\n|\n|t:|1700627309\n|switch|p1a: Ceruledge|Ceruledge, M|100\/100\n|turn|5\n|\n|t:|1700627314\n|move|p2a: Iron Leaves|Psyblade|p1a: Ceruledge\n|-enditem|p1a: Ceruledge|Focus Sash\n|-damage|p1a: Ceruledge|1\/100\n|-ability|p1a: Ceruledge|Weak Armor|boost\n|-unboost|p1a: Ceruledge|def|1\n|-boost|p1a: Ceruledge|spe|2\n|move|p1a: Ceruledge|Swords Dance|p1a: Ceruledge\n|-boost|p1a: Ceruledge|atk|2\n|\n|upkeep\n|turn|6\n|\n|t:|1700627324\n|move|p1a: Ceruledge|Shadow Sneak|p2a: Iron Leaves\n|-supereffective|p2a: Iron Leaves\n|-damage|p2a: Iron Leaves|20\/100\n|move|p2a: Iron Leaves|Psyblade|p1a: Ceruledge\n|-damage|p1a: Ceruledge|0 fnt\n|faint|p1a: Ceruledge\n|\n|upkeep\n|\n|t:|1700627331\n|switch|p1a: Gardevoir|Gardevoir, F|100\/100\n|turn|7\n|\n|t:|1700627337\n|move|p2a: Iron Leaves|Psyblade|p1a: Gardevoir\n|-resisted|p1a: Gardevoir\n|-damage|p1a: Gardevoir|0 fnt\n|faint|p1a: Gardevoir\n|\n|upkeep\n|\n|t:|1700627342\n|switch|p1a: Quaquaval|Quaquaval, M|100\/100\n|turn|8\n|\n|t:|1700627348\n|move|p2a: Iron Leaves|Psyblade|p1a: Quaquaval\n|-supereffective|p1a: Quaquaval\n|-damage|p1a: Quaquaval|0 fnt\n|faint|p1a: Quaquaval\n|\n|-fieldend|move: Electric Terrain\n|-end|p2a: Iron Leaves|Quark Drive\n|upkeep\n|\n|t:|1700627353\n|switch|p1a: Dragonite|Dragonite, M|100\/100\n|turn|9\n|\n|t:|1700627368\n|-terastallize|p1a: Dragonite|Normal\n|move|p1a: Dragonite|Extreme Speed|p2a: Iron Leaves\n|-enditem|p1a: Dragonite|Normal Gem|[from] gem\n|-damage|p2a: Iron Leaves|0 fnt\n|faint|p2a: Iron Leaves\n|-end|p2a: Iron Leaves|Quark Drive|[silent]\n|\n|upkeep\n|\n|t:|1700627372\n|switch|p2a: Hatterene|Hatterene, F|100\/100\n|turn|10\n|\n|t:|1700627376\n|move|p1a: Dragonite|Dragon Dance|p1a: Dragonite\n|-boost|p1a: Dragonite|atk|1\n|-boost|p1a: Dragonite|spe|1\n|move|p2a: Hatterene|Nuzzle|p1a: Dragonite\n|-damage|p1a: Dragonite|99\/100\n|-status|p1a: Dragonite|par\n|\n|upkeep\n|turn|11\n|\n|t:|1700627391\n|switch|p2a: Torkoal|Torkoal, F|100\/100\n|-weather|SunnyDay|[from] ability: Drought|[of] p2a: Torkoal\n|move|p1a: Dragonite|Dragon Dance|p1a: Dragonite\n|-boost|p1a: Dragonite|atk|1\n|-boost|p1a: Dragonite|spe|1\n|\n|-weather|SunnyDay|[upkeep]\n|upkeep\n|turn|12\n|\n|t:|1700627399\n|move|p1a: Dragonite|Dragon Dance|p1a: Dragonite\n|-boost|p1a: Dragonite|atk|1\n|-boost|p1a: Dragonite|spe|1\n|move|p2a: Torkoal|Lava Plume|p1a: Dragonite\n|-damage|p1a: Dragonite|57\/100 par\n|\n|-weather|SunnyDay|[upkeep]\n|upkeep\n|turn|13\n|\n|t:|1700627406\n|move|p1a: Dragonite|Extreme Speed|p2a: Torkoal\n|-damage|p2a: Torkoal|7\/100\n|move|p2a: Torkoal|Lava Plume|p1a: Dragonite\n|-crit|p1a: Dragonite\n|-damage|p1a: Dragonite|1\/100 par\n|\n|-weather|SunnyDay|[upkeep]\n|upkeep\n|turn|14\n|\n|t:|1700627414\n|move|p1a: Dragonite|Extreme Speed|p2a: Torkoal\n|-damage|p2a: Torkoal|0 fnt\n|faint|p2a: Torkoal\n|\n|-weather|SunnyDay|[upkeep]\n|upkeep\n|\n|t:|1700627417\n|switch|p2a: Iron Moth|Iron Moth|100\/100\n|turn|15\n|\n|t:|1700627423\n|move|p1a: Dragonite|Extreme Speed|p2a: Iron Moth\n|-damage|p2a: Iron Moth|0 fnt\n|faint|p2a: Iron Moth\n|-end|p2a: Iron Moth|Quark Drive|[silent]\n|\n|-weather|SunnyDay|[upkeep]\n|upkeep\n|\n|t:|1700627428\n|switch|p2a: Iron Jugulis|Iron Jugulis|100\/100\n|turn|16\n|\n|t:|1700627431\n|move|p1a: Dragonite|Extreme Speed|p2a: Iron Jugulis\n|-damage|p2a: Iron Jugulis|0 fnt\n|faint|p2a: Iron Jugulis\n|-end|p2a: Iron Jugulis|Quark Drive|[silent]\n|\n|-weather|SunnyDay|[upkeep]\n|upkeep\n|\n|t:|1700627434\n|switch|p2a: Hatterene|Hatterene, F|100\/100\n|turn|17\n|\n|t:|1700627439\n|move|p1a: Dragonite|Extreme Speed|p2a: Hatterene\n|-damage|p2a: Hatterene|0 fnt\n|faint|p2a: Hatterene\n|\n|win|ShadowB2W2\n|raw|ShadowB2W2's rating: 1068 &rarr; <strong>1098<\/strong><br \/>(+30 for winning)\n|raw|b411zac's rating: 1067 &rarr; <strong>1047<\/strong><br \/>(-20 for losing)\n|l|\u2606b411zac\n","uploadtime":1700627452,"views":3,"p1id":"shadowb2w2","p2id":"b411zac","formatid":"gen9ou","rating":1047,"private":0,"password":""}