{"id":"gen9ou-1989493927","p1":"BrightFireRed","p2":"Jvaidetruirtonmond","format":"[Gen 9] OU","log":"|j|\u2606BrightFireRed\n|j|\u2606Jvaidetruirtonmond\n|t:|1699860081\n|gametype|singles\n|player|p1|BrightFireRed|workerice|1434\n|player|p2|Jvaidetruirtonmond|ltsurge|1546\n|teamsize|p1|6\n|teamsize|p2|6\n|gen|9\n|tier|[Gen 9] OU\n|rated|\n|rule|Sleep Clause Mod: Limit one foe put to sleep\n|rule|Species Clause: Limit one of each Pok\u00e9mon\n|rule|OHKO Clause: OHKO moves are banned\n|rule|Evasion Items Clause: Evasion items are banned\n|rule|Evasion Moves Clause: Evasion moves are banned\n|rule|Endless Battle Clause: Forcing endless battles is banned\n|rule|HP Percentage Mod: HP is shown in percentages\n|clearpoke\n|poke|p1|Lilligant-Hisui, F|\n|poke|p1|Cinderace, M|\n|poke|p1|Manaphy|\n|poke|p1|Enamorus-Therian, F|\n|poke|p1|Gholdengo|\n|poke|p1|Ting-Lu|\n|poke|p2|Crawdaunt, M|\n|poke|p2|Moltres-Galar|\n|poke|p2|Cinderace, M|\n|poke|p2|Gholdengo|\n|poke|p2|Landorus-Therian, M|\n|poke|p2|Breloom, M|\n|teampreview\n|\n|t:|1699860107\n|start\n|switch|p1a: Manaphy|Manaphy, shiny|100\/100\n|switch|p2a: Nowthatisawepon|Crawdaunt, M|100\/100\n|turn|1\n|\n|t:|1699860114\n|move|p1a: Manaphy|Energy Ball|p2a: Nowthatisawepon\n|-supereffective|p2a: Nowthatisawepon\n|-enditem|p2a: Nowthatisawepon|Focus Sash\n|-damage|p2a: Nowthatisawepon|1\/100\n|-unboost|p2a: Nowthatisawepon|spd|1\n|move|p2a: Nowthatisawepon|Knock Off|p1a: Manaphy\n|-damage|p1a: Manaphy|47\/100\n|-enditem|p1a: Manaphy|Lum Berry|[from] move: Knock Off|[of] p2a: Nowthatisawepon\n|\n|upkeep\n|turn|2\n|\n|t:|1699860127\n|move|p1a: Manaphy|Energy Ball|p2a: Nowthatisawepon\n|-supereffective|p2a: Nowthatisawepon\n|-damage|p2a: Nowthatisawepon|0 fnt\n|faint|p2a: Nowthatisawepon\n|\n|upkeep\n|\n|t:|1699860131\n|switch|p2a: Thxfortheprotsir|Gholdengo|100\/100\n|turn|3\n|\n|t:|1699860140\n|switch|p1a: Ting-Lu|Ting-Lu|100\/100\n|-ability|p1a: Ting-Lu|Vessel of Ruin\n|move|p2a: Thxfortheprotsir|Shadow Ball|p1a: Ting-Lu\n|-resisted|p1a: Ting-Lu\n|-damage|p1a: Ting-Lu|87\/100\n|-unboost|p1a: Ting-Lu|spd|1\n|\n|upkeep\n|turn|4\n|\n|t:|1699860147\n|switch|p2a: Inemobullets|Breloom, M|100\/100\n|move|p1a: Ting-Lu|Stone Edge|p2a: Inemobullets\n|-resisted|p2a: Inemobullets\n|-damage|p2a: Inemobullets|60\/100\n|\n|upkeep\n|turn|5\n|\n|t:|1699860162\n|switch|p1a: Enamorus|Enamorus-Therian, F|100\/100\n|move|p2a: Inemobullets|Bullet Seed|p1a: Enamorus\n|-resisted|p1a: Enamorus\n|-damage|p1a: Enamorus|88\/100\n|-resisted|p1a: Enamorus\n|-damage|p1a: Enamorus|74\/100\n|-resisted|p1a: Enamorus\n|-damage|p1a: Enamorus|61\/100\n|-hitcount|p1a: Enamorus|3\n|\n|-heal|p1a: Enamorus|67\/100|[from] item: Leftovers\n|upkeep\n|turn|6\n|\n|t:|1699860174\n|switch|p2a: Thxfortheprotsir|Gholdengo|100\/100\n|move|p1a: Enamorus|Substitute|p1a: Enamorus\n|-start|p1a: Enamorus|Substitute\n|-damage|p1a: Enamorus|43\/100\n|\n|-heal|p1a: Enamorus|49\/100|[from] item: Leftovers\n|upkeep\n|turn|7\n|\n|t:|1699860182\n|move|p2a: Thxfortheprotsir|Shadow Ball|p1a: Enamorus\n|-end|p1a: Enamorus|Substitute\n|move|p1a: Enamorus|Earth Power|p2a: Thxfortheprotsir\n|-supereffective|p2a: Thxfortheprotsir\n|-damage|p2a: Thxfortheprotsir|32\/100\n|\n|-heal|p1a: Enamorus|55\/100|[from] item: Leftovers\n|upkeep\n|turn|8\n|\n|t:|1699860192\n|switch|p1a: Ting-Lu|Ting-Lu|87\/100\n|-ability|p1a: Ting-Lu|Vessel of Ruin\n|-terastallize|p2a: Thxfortheprotsir|Flying\n|move|p2a: Thxfortheprotsir|Shadow Ball|p1a: Ting-Lu\n|-resisted|p1a: Ting-Lu\n|-damage|p1a: Ting-Lu|75\/100\n|\n|upkeep\n|turn|9\n|\n|t:|1699860216\n|switch|p2a: Gwarkgwarkgwark|Landorus-Therian, M, shiny|100\/100\n|-ability|p2a: Gwarkgwarkgwark|Intimidate|boost\n|-unboost|p1a: Ting-Lu|atk|1\n|move|p1a: Ting-Lu|Throat Chop|p2a: Gwarkgwarkgwark\n|-damage|p2a: Gwarkgwarkgwark|52\/100\n|-start|p2a: Gwarkgwarkgwark|Throat Chop|[silent]\n|-damage|p1a: Ting-Lu|58\/100|[from] item: Rocky Helmet|[of] p2a: Gwarkgwarkgwark\n|\n|upkeep\n|turn|10\n|\n|t:|1699860226\n|switch|p1a: Enamorus|Enamorus-Therian, F|55\/100\n|move|p2a: Gwarkgwarkgwark|U-turn|p1a: Enamorus\n|-resisted|p1a: Enamorus\n|-damage|p1a: Enamorus|50\/100\n|\n|t:|1699860230\n|switch|p2a: Let'sgotothegimbud|Cinderace, M, shiny|100\/100|[from] U-turn\n|\n|-heal|p1a: Enamorus|55\/100|[from] item: Leftovers\n|upkeep\n|turn|11\n|\n|t:|1699860239\n|switch|p1a: Manaphy|Manaphy, shiny|47\/100\n|move|p2a: Let'sgotothegimbud|Gunk Shot|p1a: Manaphy\n|-start|p2a: Let'sgotothegimbud|typechange|Poison|[from] ability: Libero\n|-damage|p1a: Manaphy|0 fnt\n|faint|p1a: Manaphy\n|\n|upkeep\n|\n|t:|1699860249\n|switch|p1a: Cinderace|Cinderace, M|100\/100\n|turn|12\n|\n|t:|1699860256\n|switch|p2a: Gwarkgwarkgwark|Landorus-Therian, M, shiny|52\/100\n|-ability|p2a: Gwarkgwarkgwark|Intimidate|boost\n|-unboost|p1a: Cinderace|atk|1\n|move|p1a: Cinderace|Pyro Ball|p2a: Gwarkgwarkgwark\n|-damage|p2a: Gwarkgwarkgwark|9\/100\n|-status|p2a: Gwarkgwarkgwark|brn\n|\n|-damage|p2a: Gwarkgwarkgwark|3\/100 brn|[from] brn\n|upkeep\n|turn|13\n|\n|t:|1699860260\n|move|p1a: Cinderace|Pyro Ball|p2a: Gwarkgwarkgwark\n|-damage|p2a: Gwarkgwarkgwark|0 fnt\n|faint|p2a: Gwarkgwarkgwark\n|\n|upkeep\n|inactive|Battle timer is ON: inactive players will automatically lose when time's up. (requested by BrightFireRed)\n|\n|t:|1699860300\n|switch|p2a: Let'sgotothegimbud|Cinderace, M, shiny|100\/100\n|turn|14\n|\n|t:|1699860307\n|move|p1a: Cinderace|U-turn|p2a: Let'sgotothegimbud\n|-start|p1a: Cinderace|typechange|Bug|[from] ability: Libero\n|-resisted|p2a: Let'sgotothegimbud\n|-damage|p2a: Let'sgotothegimbud|84\/100\n|\n|t:|1699860314\n|switch|p1a: Gholdengo|Gholdengo|100\/100|[from] U-turn\n|move|p2a: Let'sgotothegimbud|Pyro Ball|p1a: Gholdengo\n|-supereffective|p1a: Gholdengo\n|-damage|p1a: Gholdengo|12\/100\n|-status|p1a: Gholdengo|brn\n|\n|-heal|p1a: Gholdengo|18\/100 brn|[from] item: Leftovers\n|-damage|p1a: Gholdengo|12\/100 brn|[from] brn\n|upkeep\n|turn|15\n|\n|t:|1699860343\n|switch|p2a: Biggerweapon|Moltres-Galar|100\/100\n|move|p1a: Gholdengo|Shadow Ball|p2a: Biggerweapon\n|-resisted|p2a: Biggerweapon\n|-crit|p2a: Biggerweapon\n|-damage|p2a: Biggerweapon|83\/100\n|\n|-heal|p2a: Biggerweapon|89\/100|[from] item: Leftovers\n|-heal|p1a: Gholdengo|18\/100 brn|[from] item: Leftovers\n|-damage|p1a: Gholdengo|12\/100 brn|[from] brn\n|upkeep\n|turn|16\n|\n|t:|1699860349\n|move|p2a: Biggerweapon|Air Slash|p1a: Gholdengo\n|-resisted|p1a: Gholdengo\n|-damage|p1a: Gholdengo|0 fnt\n|faint|p1a: Gholdengo\n|\n|-heal|p2a: Biggerweapon|95\/100|[from] item: Leftovers\n|upkeep\n|\n|t:|1699860351\n|switch|p1a: Enamorus|Enamorus-Therian, F|55\/100\n|turn|17\n|\n|t:|1699860358\n|move|p2a: Biggerweapon|Air Slash|p1a: Enamorus\n|-damage|p1a: Enamorus|26\/100\n|move|p1a: Enamorus|Draining Kiss|p2a: Biggerweapon\n|-supereffective|p2a: Biggerweapon\n|-damage|p2a: Biggerweapon|61\/100\n|-heal|p1a: Enamorus|54\/100|[from] drain|[of] p2a: Biggerweapon\n|\n|-heal|p2a: Biggerweapon|67\/100|[from] item: Leftovers\n|-heal|p1a: Enamorus|60\/100|[from] item: Leftovers\n|upkeep\n|turn|18\n|\n|t:|1699860371\n|switch|p2a: Thxfortheprotsir|Gholdengo, tera:Flying|32\/100\n|move|p1a: Enamorus|Draining Kiss|p2a: Thxfortheprotsir\n|-damage|p2a: Thxfortheprotsir|0 fnt\n|-heal|p1a: Enamorus|82\/100|[from] drain|[of] p2a: Thxfortheprotsir\n|faint|p2a: Thxfortheprotsir\n|\n|-heal|p1a: Enamorus|88\/100|[from] item: Leftovers\n|upkeep\n|\n|t:|1699860401\n|switch|p2a: Let'sgotothegimbud|Cinderace, M, shiny|84\/100\n|turn|19\n|\n|t:|1699860406\n|move|p2a: Let'sgotothegimbud|Gunk Shot|p1a: Enamorus\n|-start|p2a: Let'sgotothegimbud|typechange|Poison|[from] ability: Libero\n|-supereffective|p1a: Enamorus\n|-damage|p1a: Enamorus|0 fnt\n|faint|p1a: Enamorus\n|\n|upkeep\n|\n|t:|1699860413\n|switch|p1a: Cinderace|Cinderace, M|100\/100\n|turn|20\n|\n|t:|1699860428\n|move|p1a: Cinderace|Pyro Ball|p2a: Let'sgotothegimbud\n|-damage|p2a: Let'sgotothegimbud|0 fnt\n|faint|p2a: Let'sgotothegimbud\n|\n|upkeep\n|\n|t:|1699860432\n|switch|p2a: Biggerweapon|Moltres-Galar|67\/100\n|turn|21\n|\n|t:|1699860438\n|-terastallize|p1a: Cinderace|Fire\n|move|p1a: Cinderace|Pyro Ball|p2a: Biggerweapon\n|-damage|p2a: Biggerweapon|0 fnt\n|faint|p2a: Biggerweapon\n|\n|upkeep\n|\n|t:|1699860465\n|switch|p2a: Inemobullets|Breloom, M|60\/100\n|turn|22\n|\n|t:|1699860467\n|move|p2a: Inemobullets|Mach Punch|p1a: Cinderace\n|-damage|p1a: Cinderace|23\/100\n|move|p1a: Cinderace|Pyro Ball|p2a: Inemobullets\n|-supereffective|p2a: Inemobullets\n|-damage|p2a: Inemobullets|0 fnt\n|faint|p2a: Inemobullets\n|\n|win|BrightFireRed\n|raw|BrightFireRed's rating: 1434 &rarr; <strong>1460<\/strong><br \/>(+26 for winning)\n|raw|Jvaidetruirtonmond's rating: 1546 &rarr; <strong>1520<\/strong><br \/>(-26 for losing)\n","uploadtime":1699860472,"views":10,"p1id":"brightfirered","p2id":"jvaidetruirtonmond","formatid":"gen9ou","rating":1460,"private":0,"password":""}