{"id":"gen9ou-2000008464","p1":"guigvgbh","p2":"Imamorgan","format":"[Gen 9] OU","log":"|j|\u2606guigvgbh\n|j|\u2606Imamorgan\n|t:|1701140575\n|gametype|singles\n|player|p1|guigvgbh|worker|1151\n|player|p2|Imamorgan|lucas|1132\n|teamsize|p1|6\n|teamsize|p2|6\n|gen|9\n|tier|[Gen 9] OU\n|rated|\n|rule|Sleep Clause Mod: Limit one foe put to sleep\n|rule|Species Clause: Limit one of each Pok\u00e9mon\n|rule|OHKO Clause: OHKO moves are banned\n|rule|Evasion Items Clause: Evasion items are banned\n|rule|Evasion Moves Clause: Evasion moves are banned\n|rule|Endless Battle Clause: Forcing endless battles is banned\n|rule|HP Percentage Mod: HP is shown in percentages\n|clearpoke\n|poke|p1|Hoopa-Unbound|\n|poke|p1|Great Tusk|\n|poke|p1|Clefable, M|\n|poke|p1|Glimmora, F|\n|poke|p1|Heatran, F|\n|poke|p1|Ogerpon-Wellspring, F|\n|poke|p2|Clodsire, F|\n|poke|p2|Dondozo, M|\n|poke|p2|Alomomola, F|\n|poke|p2|Talonflame, M|\n|poke|p2|Toxapex, F|\n|poke|p2|Blissey, F|\n|teampreview\n|\n|t:|1701140581\n|start\n|switch|p1a: Glimmora|Glimmora, F|100\/100\n|switch|p2a: Blissey|Blissey, F|100\/100\n|turn|1\n|\n|t:|1701140588\n|move|p1a: Glimmora|Stealth Rock|p2a: Blissey\n|-sidestart|p2: Imamorgan|move: Stealth Rock\n|move|p2a: Blissey|Shadow Ball|p1a: Glimmora\n|-damage|p1a: Glimmora|83\/100\n|\n|upkeep\n|turn|2\n|\n|t:|1701140594\n|move|p1a: Glimmora|Sludge Wave|p2a: Blissey\n|-damage|p2a: Blissey|87\/100\n|-status|p2a: Blissey|psn\n|move|p2a: Blissey|Stealth Rock|p1a: Glimmora\n|-sidestart|p1: guigvgbh|move: Stealth Rock\n|\n|-damage|p2a: Blissey|74\/100 psn|[from] psn\n|upkeep\n|turn|3\n|\n|t:|1701140615\n|move|p1a: Glimmora|Earth Power|p2a: Blissey\n|-damage|p2a: Blissey|65\/100 psn\n|move|p2a: Blissey|Seismic Toss|p1a: Glimmora\n|-damage|p1a: Glimmora|50\/100\n|-activate|p1a: Glimmora|ability: Toxic Debris\n|-sidestart|p2: Imamorgan|move: Toxic Spikes\n|\n|-damage|p2a: Blissey|53\/100 psn|[from] psn\n|upkeep\n|turn|4\n|\n|t:|1701140624\n|move|p1a: Glimmora|Sludge Wave|p2a: Blissey\n|-damage|p2a: Blissey|38\/100 psn\n|move|p2a: Blissey|Soft-Boiled|p2a: Blissey\n|-heal|p2a: Blissey|88\/100 psn\n|\n|-damage|p2a: Blissey|76\/100 psn|[from] psn\n|upkeep\n|turn|5\n|\n|t:|1701140633\n|move|p1a: Glimmora|Sludge Wave|p2a: Blissey\n|-damage|p2a: Blissey|61\/100 psn\n|move|p2a: Blissey|Seismic Toss|p1a: Glimmora\n|-damage|p1a: Glimmora|17\/100\n|-activate|p1a: Glimmora|ability: Toxic Debris\n|-sidestart|p2: Imamorgan|move: Toxic Spikes\n|\n|-damage|p2a: Blissey|49\/100 psn|[from] psn\n|upkeep\n|turn|6\n|\n|t:|1701140644\n|switch|p1a: Great Tusk|Great Tusk|100\/100\n|move|p2a: Blissey|Soft-Boiled|p2a: Blissey\n|-heal|p2a: Blissey|99\/100 psn\n|\n|-damage|p2a: Blissey|86\/100 psn|[from] psn\n|upkeep\n|turn|7\n|\n|t:|1701140652\n|-curestatus|p2a: Blissey|psn|[from] ability: Natural Cure\n|switch|p2a: Alomomola|Alomomola, F|100\/100\n|move|p1a: Great Tusk|Rapid Spin|p2a: Alomomola\n|-crit|p2a: Alomomola\n|-damage|p2a: Alomomola|89\/100\n|-boost|p1a: Great Tusk|spe|1\n|-sideend|p1: guigvgbh|Stealth Rock|[from] move: Rapid Spin|[of] p1a: Great Tusk\n|\n|upkeep\n|turn|8\n|\n|t:|1701140664\n|-end|p1a: Great Tusk|Protosynthesis|[silent]\n|switch|p1a: Ogerpon|Ogerpon-Wellspring, F|100\/100\n|move|p2a: Alomomola|Whirlpool|p1a: Ogerpon\n|-immune|p1a: Ogerpon|[from] ability: Water Absorb\n|\n|upkeep\n|turn|9\n|\n|t:|1701140704\n|switch|p2a: Toxapex|Toxapex, F|100\/100\n|-sideend|p2: Imamorgan|move: Toxic Spikes|[of] p2a: Toxapex\n|move|p1a: Ogerpon|Swords Dance|p1a: Ogerpon\n|-boost|p1a: Ogerpon|atk|2\n|\n|upkeep\n|turn|10\n|\n|t:|1701140713\n|move|p1a: Ogerpon|Horn Leech|p2a: Toxapex\n|-damage|p2a: Toxapex|52\/100\n|move|p2a: Toxapex|Toxic|p1a: Ogerpon\n|-status|p1a: Ogerpon|tox\n|\n|-damage|p1a: Ogerpon|95\/100 tox|[from] psn\n|upkeep\n|turn|11\n|\n|t:|1701140721\n|move|p1a: Ogerpon|Horn Leech|p2a: Toxapex\n|-damage|p2a: Toxapex|0 fnt\n|-heal|p1a: Ogerpon|100\/100 tox|[from] drain|[of] p2a: Toxapex\n|faint|p2a: Toxapex\n|\n|-damage|p1a: Ogerpon|89\/100 tox|[from] psn\n|upkeep\n|\n|t:|1701140732\n|switch|p2a: Alomomola|Alomomola, F|100\/100\n|turn|12\n|\n|t:|1701140734\n|move|p2a: Alomomola|Protect|p2a: Alomomola\n|-singleturn|p2a: Alomomola|Protect\n|move|p1a: Ogerpon|Horn Leech|p2a: Alomomola\n|-activate|p2a: Alomomola|move: Protect\n|\n|-damage|p1a: Ogerpon|71\/100 tox|[from] psn\n|upkeep\n|turn|13\n|\n|t:|1701140748\n|switch|p2a: Dondozo|Dondozo, M|100\/100\n|move|p1a: Ogerpon|Ivy Cudgel|p2a: Dondozo|[anim] Ivy Cudgel Water\n|-resisted|p2a: Dondozo\n|-crit|p2a: Dondozo\n|-damage|p2a: Dondozo|80\/100\n|\n|-damage|p1a: Ogerpon|47\/100 tox|[from] psn\n|upkeep\n|turn|14\n|\n|t:|1701140758\n|switch|p1a: Glimmora|Glimmora, F|17\/100\n|move|p2a: Dondozo|Body Press|p1a: Glimmora\n|-damage|p1a: Glimmora|0 fnt\n|-activate|p1a: Glimmora|ability: Toxic Debris\n|-sidestart|p2: Imamorgan|move: Toxic Spikes\n|faint|p1a: Glimmora\n|\n|upkeep\n|\n|t:|1701140770\n|switch|p1a: Ogerpon|Ogerpon-Wellspring, F|47\/100 tox\n|turn|15\n|\n|t:|1701140773\n|move|p1a: Ogerpon|Horn Leech|p2a: Dondozo\n|-supereffective|p2a: Dondozo\n|-damage|p2a: Dondozo|41\/100\n|-heal|p1a: Ogerpon|80\/100 tox|[from] drain|[of] p2a: Dondozo\n|move|p2a: Dondozo|Body Press|p1a: Ogerpon\n|-damage|p1a: Ogerpon|41\/100 tox\n|\n|-damage|p1a: Ogerpon|35\/100 tox|[from] psn\n|upkeep\n|turn|16\n|\n|t:|1701140791\n|switch|p2a: Talonflame|Talonflame, M|100\/100\n|move|p1a: Ogerpon|Ivy Cudgel|p2a: Talonflame|[anim] Ivy Cudgel Water\n|-supereffective|p2a: Talonflame\n|-damage|p2a: Talonflame|0 fnt\n|faint|p2a: Talonflame\n|\n|-damage|p1a: Ogerpon|23\/100 tox|[from] psn\n|upkeep\n|\n|t:|1701140803\n|switch|p2a: Alomomola|Alomomola, F|100\/100\n|turn|17\n|\n|t:|1701140830\n|switch|p1a: Hoopa|Hoopa-Unbound|100\/100\n|move|p2a: Alomomola|Protect||[still]\n|-fail|p2a: Alomomola\n|\n|upkeep\n|turn|18\n|\n|t:|1701140856\n|switch|p2a: Blissey|Blissey, F|86\/100\n|move|p1a: Hoopa|Hyperspace Fury|p2a: Blissey\n|-damage|p2a: Blissey|0 fnt\n|-unboost|p1a: Hoopa|def|1\n|faint|p2a: Blissey\n|\n|upkeep\n|\n|t:|1701140871\n|switch|p2a: Dondozo|Dondozo, M|41\/100\n|turn|19\n|\n|t:|1701140879\n|move|p1a: Hoopa|Hyperspace Fury|p2a: Dondozo\n|-damage|p2a: Dondozo|15\/100\n|-unboost|p1a: Hoopa|def|1\n|move|p2a: Dondozo|Rest|p2a: Dondozo\n|-status|p2a: Dondozo|slp|[from] move: Rest\n|-heal|p2a: Dondozo|100\/100 slp|[silent]\n|\n|upkeep\n|turn|20\n|\n|t:|1701140888\n|switch|p1a: Ogerpon|Ogerpon-Wellspring, F|23\/100 tox\n|cant|p2a: Dondozo|slp\n|move|p2a: Dondozo|Sleep Talk|p2a: Dondozo\n|move|p2a: Dondozo|Body Press|p1a: Ogerpon|[from]move: Sleep Talk\n|-damage|p1a: Ogerpon|0 fnt\n|faint|p1a: Ogerpon\n|\n|upkeep\n|\n|t:|1701140898\n|switch|p1a: Clefable|Clefable, M, shiny|100\/100\n|turn|21\n|\n|t:|1701140909\n|move|p1a: Clefable|Moonblast|p2a: Dondozo\n|-damage|p2a: Dondozo|59\/100 slp\n|-unboost|p2a: Dondozo|spa|1\n|cant|p2a: Dondozo|slp\n|move|p2a: Dondozo|Sleep Talk|p2a: Dondozo\n|move|p2a: Dondozo|Liquidation|p1a: Clefable|[from]move: Sleep Talk\n|-damage|p1a: Clefable|80\/100\n|\n|upkeep\n|turn|22\n|\n|t:|1701140920\n|switch|p2a: Alomomola|Alomomola, F|100\/100\n|move|p1a: Clefable|Moonblast|p2a: Alomomola\n|-damage|p2a: Alomomola|48\/100\n|-unboost|p2a: Alomomola|spa|1\n|\n|upkeep\n|turn|23\n|\n|t:|1701140927\n|move|p2a: Alomomola|Protect|p2a: Alomomola\n|-singleturn|p2a: Alomomola|Protect\n|move|p1a: Clefable|Calm Mind|p1a: Clefable\n|-boost|p1a: Clefable|spa|1\n|-boost|p1a: Clefable|spd|1\n|\n|upkeep\n|turn|24\n|\n|t:|1701140941\n|switch|p2a: Clodsire|Clodsire, F|100\/100\n|-sideend|p2: Imamorgan|move: Toxic Spikes|[of] p2a: Clodsire\n|move|p1a: Clefable|Moonblast|p2a: Clodsire\n|-resisted|p2a: Clodsire\n|-damage|p2a: Clodsire|90\/100\n|-unboost|p2a: Clodsire|spa|1\n|\n|upkeep\n|turn|25\n|\n|t:|1701140951\n|switch|p1a: Great Tusk|Great Tusk|100\/100\n|move|p2a: Clodsire|Toxic|p1a: Great Tusk\n|-status|p1a: Great Tusk|tox\n|\n|-damage|p1a: Great Tusk|94\/100 tox|[from] psn\n|upkeep\n|turn|26\n|\n|t:|1701140960\n|switch|p2a: Alomomola|Alomomola, F|82\/100\n|move|p1a: Great Tusk|Earthquake|p2a: Alomomola\n|-damage|p2a: Alomomola|60\/100\n|\n|-damage|p1a: Great Tusk|82\/100 tox|[from] psn\n|upkeep\n|turn|27\n|\n|t:|1701140967\n|-end|p1a: Great Tusk|Protosynthesis|[silent]\n|switch|p1a: Clefable|Clefable, M, shiny|80\/100\n|move|p2a: Alomomola|Whirlpool|p1a: Clefable\n|-damage|p1a: Clefable|74\/100\n|-activate|p1a: Clefable|move: Whirlpool|[of] p2a: Alomomola\n|\n|upkeep\n|turn|28\n|\n|t:|1701140973\n|move|p2a: Alomomola|Protect|p2a: Alomomola\n|-singleturn|p2a: Alomomola|Protect\n|move|p1a: Clefable|Moonlight|p1a: Clefable\n|-heal|p1a: Clefable|100\/100\n|\n|upkeep\n|turn|29\n|\n|t:|1701140980\n|move|p1a: Clefable|Moonblast|p2a: Alomomola\n|-damage|p2a: Alomomola|12\/100\n|move|p2a: Alomomola|Wish|p2a: Alomomola\n|\n|upkeep\n|turn|30\n|\n|t:|1701140986\n|move|p2a: Alomomola|Protect|p2a: Alomomola\n|-singleturn|p2a: Alomomola|Protect\n|move|p1a: Clefable|Calm Mind|p1a: Clefable\n|-boost|p1a: Clefable|spa|1\n|-boost|p1a: Clefable|spd|1\n|\n|-heal|p2a: Alomomola|62\/100|[from] move: Wish|[wisher] Alomomola\n|upkeep\n|turn|31\n|\n|t:|1701140994\n|switch|p2a: Clodsire|Clodsire, F|90\/100\n|move|p1a: Clefable|Moonblast|p2a: Clodsire\n|-resisted|p2a: Clodsire\n|-damage|p2a: Clodsire|78\/100\n|\n|-end|p1a: Clefable|Whirlpool|[partiallytrapped]|[silent]\n|upkeep\n|turn|32\n|\n|t:|1701141003\n|move|p1a: Clefable|Moonblast|p2a: Clodsire\n|-resisted|p2a: Clodsire\n|-crit|p2a: Clodsire\n|-damage|p2a: Clodsire|62\/100\n|move|p2a: Clodsire|Earthquake|p1a: Clefable\n|-damage|p1a: Clefable|80\/100\n|\n|upkeep\n|turn|33\n|\n|t:|1701141019\n|move|p1a: Clefable|Moonblast|p2a: Clodsire\n|-resisted|p2a: Clodsire\n|-damage|p2a: Clodsire|50\/100\n|move|p2a: Clodsire|Earthquake|p1a: Clefable\n|-damage|p1a: Clefable|60\/100\n|\n|upkeep\n|turn|34\n|\n|t:|1701141029\n|move|p1a: Clefable|Moonlight|p1a: Clefable\n|-heal|p1a: Clefable|100\/100\n|move|p2a: Clodsire|Recover|p2a: Clodsire\n|-heal|p2a: Clodsire|99\/100\n|\n|upkeep\n|turn|35\n|\n|t:|1701141035\n|move|p1a: Clefable|Moonblast|p2a: Clodsire\n|-resisted|p2a: Clodsire\n|-damage|p2a: Clodsire|90\/100\n|-unboost|p2a: Clodsire|spa|1\n|move|p2a: Clodsire|Haze|p2a: Clodsire\n|-clearallboost\n|\n|upkeep\n|turn|36\n|\n|t:|1701141042\n|move|p1a: Clefable|Calm Mind|p1a: Clefable\n|-boost|p1a: Clefable|spa|1\n|-boost|p1a: Clefable|spd|1\n|move|p2a: Clodsire|Earthquake|p1a: Clefable\n|-damage|p1a: Clefable|81\/100\n|\n|upkeep\n|turn|37\n|\n|t:|1701141048\n|move|p1a: Clefable|Moonblast|p2a: Clodsire\n|-resisted|p2a: Clodsire\n|-damage|p2a: Clodsire|80\/100\n|move|p2a: Clodsire|Earthquake|p1a: Clefable\n|-damage|p1a: Clefable|59\/100\n|\n|upkeep\n|turn|38\n|\n|t:|1701141055\n|move|p1a: Clefable|Moonblast|p2a: Clodsire\n|-resisted|p2a: Clodsire\n|-damage|p2a: Clodsire|69\/100\n|move|p2a: Clodsire|Earthquake|p1a: Clefable\n|-damage|p1a: Clefable|38\/100\n|\n|upkeep\n|turn|39\n|\n|t:|1701141069\n|move|p1a: Clefable|Moonlight|p1a: Clefable\n|-heal|p1a: Clefable|88\/100\n|move|p2a: Clodsire|Earthquake|p1a: Clefable\n|-damage|p1a: Clefable|66\/100\n|\n|upkeep\n|turn|40\n|\n|t:|1701141075\n|move|p1a: Clefable|Moonblast|p2a: Clodsire\n|-resisted|p2a: Clodsire\n|-damage|p2a: Clodsire|57\/100\n|move|p2a: Clodsire|Earthquake|p1a: Clefable\n|-damage|p1a: Clefable|45\/100\n|\n|upkeep\n|turn|41\n|\n|t:|1701141091\n|switch|p1a: Hoopa|Hoopa-Unbound|100\/100\n|move|p2a: Clodsire|Toxic|p1a: Hoopa\n|-status|p1a: Hoopa|tox\n|\n|-damage|p1a: Hoopa|95\/100 tox|[from] psn\n|upkeep\n|turn|42\n|\n|t:|1701141100\n|switch|p2a: Alomomola|Alomomola, F|95\/100\n|move|p1a: Hoopa|Hyperspace Fury|p2a: Alomomola\n|-damage|p2a: Alomomola|65\/100\n|-unboost|p1a: Hoopa|def|1\n|\n|-damage|p1a: Hoopa|83\/100 tox|[from] psn\n|upkeep\n|turn|43\n|\n|t:|1701141108\n|switch|p1a: Clefable|Clefable, M, shiny|45\/100\n|move|p2a: Alomomola|Whirlpool|p1a: Clefable\n|-damage|p1a: Clefable|39\/100\n|-activate|p1a: Clefable|move: Whirlpool|[of] p2a: Alomomola\n|\n|upkeep\n|turn|44\n|\n|t:|1701141116\n|switch|p2a: Clodsire|Clodsire, F|57\/100\n|move|p1a: Clefable|Moonlight|p1a: Clefable\n|-heal|p1a: Clefable|89\/100\n|\n|-end|p1a: Clefable|Whirlpool|[partiallytrapped]|[silent]\n|upkeep\n|turn|45\n|\n|t:|1701141122\n|switch|p1a: Great Tusk|Great Tusk|82\/100 tox\n|move|p2a: Clodsire|Recover|p2a: Clodsire\n|-heal|p2a: Clodsire|100\/100\n|\n|-damage|p1a: Great Tusk|76\/100 tox|[from] psn\n|upkeep\n|turn|46\n|\n|t:|1701141134\n|-end|p1a: Great Tusk|Protosynthesis|[silent]\n|switch|p1a: Clefable|Clefable, M, shiny|89\/100\n|switch|p2a: Alomomola|Alomomola, F|99\/100\n|\n|upkeep\n|turn|47\n|\n|t:|1701141142\n|switch|p2a: Clodsire|Clodsire, F|100\/100\n|move|p1a: Clefable|Calm Mind|p1a: Clefable\n|-boost|p1a: Clefable|spa|1\n|-boost|p1a: Clefable|spd|1\n|\n|upkeep\n|turn|48\n|\n|t:|1701141148\n|move|p1a: Clefable|Calm Mind|p1a: Clefable\n|-boost|p1a: Clefable|spa|1\n|-boost|p1a: Clefable|spd|1\n|move|p2a: Clodsire|Earthquake|p1a: Clefable\n|-damage|p1a: Clefable|68\/100\n|\n|upkeep\n|turn|49\n|\n|t:|1701141154\n|move|p1a: Clefable|Moonblast|p2a: Clodsire\n|-resisted|p2a: Clodsire\n|-damage|p2a: Clodsire|90\/100\n|move|p2a: Clodsire|Haze|p2a: Clodsire\n|-clearallboost\n|\n|upkeep\n|turn|50\n|\n|t:|1701141160\n|move|p1a: Clefable|Moonblast|p2a: Clodsire\n|-resisted|p2a: Clodsire\n|-damage|p2a: Clodsire|79\/100\n|-unboost|p2a: Clodsire|spa|1\n|move|p2a: Clodsire|Earthquake|p1a: Clefable\n|-damage|p1a: Clefable|46\/100\n|\n|upkeep\n|turn|51\n|\n|t:|1701141173\n|move|p1a: Clefable|Moonlight|p1a: Clefable\n|-heal|p1a: Clefable|96\/100\n|move|p2a: Clodsire|Toxic|p1a: Clefable\n|-status|p1a: Clefable|tox\n|\n|upkeep\n|turn|52\n|\n|t:|1701141182\n|move|p1a: Clefable|Moonblast|p2a: Clodsire\n|-resisted|p2a: Clodsire\n|-damage|p2a: Clodsire|69\/100\n|-unboost|p2a: Clodsire|spa|1\n|move|p2a: Clodsire|Earthquake|p1a: Clefable\n|-damage|p1a: Clefable|75\/100 tox\n|\n|upkeep\n|turn|53\n|\n|t:|1701141195\n|move|p1a: Clefable|Flamethrower|p2a: Clodsire\n|-damage|p2a: Clodsire|55\/100\n|move|p2a: Clodsire|Haze|p2a: Clodsire\n|-clearallboost\n|\n|upkeep\n|turn|54\n|\n|t:|1701141208\n|move|p1a: Clefable|Flamethrower|p2a: Clodsire\n|-damage|p2a: Clodsire|40\/100\n|move|p2a: Clodsire|Haze|p2a: Clodsire\n|-clearallboost\n|\n|upkeep\n|turn|55\n|\n|t:|1701141214\n|move|p1a: Clefable|Flamethrower|p2a: Clodsire\n|-damage|p2a: Clodsire|25\/100\n|move|p2a: Clodsire|Recover|p2a: Clodsire\n|-heal|p2a: Clodsire|75\/100\n|\n|upkeep\n|turn|56\n|\n|t:|1701141221\n|move|p1a: Clefable|Flamethrower|p2a: Clodsire\n|-damage|p2a: Clodsire|60\/100\n|move|p2a: Clodsire|Earthquake|p1a: Clefable\n|-damage|p1a: Clefable|55\/100 tox\n|\n|upkeep\n|turn|57\n|\n|t:|1701141228\n|move|p1a: Clefable|Flamethrower|p2a: Clodsire\n|-damage|p2a: Clodsire|47\/100\n|move|p2a: Clodsire|Earthquake|p1a: Clefable\n|-damage|p1a: Clefable|35\/100 tox\n|\n|upkeep\n|turn|58\n|\n|t:|1701141235\n|move|p1a: Clefable|Moonlight|p1a: Clefable\n|-heal|p1a: Clefable|85\/100 tox\n|move|p2a: Clodsire|Toxic|p1a: Clefable\n|-fail|p1a: Clefable|tox\n|\n|upkeep\n|turn|59\n|\n|t:|1701141242\n|move|p1a: Clefable|Flamethrower|p2a: Clodsire\n|-damage|p2a: Clodsire|32\/100\n|move|p2a: Clodsire|Recover|p2a: Clodsire\n|-heal|p2a: Clodsire|82\/100\n|\n|upkeep\n|turn|60\n|\n|t:|1701141248\n|move|p1a: Clefable|Flamethrower|p2a: Clodsire\n|-damage|p2a: Clodsire|68\/100\n|move|p2a: Clodsire|Earthquake|p1a: Clefable\n|-damage|p1a: Clefable|63\/100 tox\n|\n|upkeep\n|turn|61\n|\n|t:|1701141255\n|move|p1a: Clefable|Flamethrower|p2a: Clodsire\n|-damage|p2a: Clodsire|55\/100\n|move|p2a: Clodsire|Earthquake|p1a: Clefable\n|-damage|p1a: Clefable|43\/100 tox\n|\n|upkeep\n|turn|62\n|\n|t:|1701141262\n|move|p1a: Clefable|Flamethrower|p2a: Clodsire\n|-damage|p2a: Clodsire|41\/100\n|move|p2a: Clodsire|Earthquake|p1a: Clefable\n|-damage|p1a: Clefable|23\/100 tox\n|\n|upkeep\n|turn|63\n|\n|t:|1701141268\n|move|p1a: Clefable|Moonlight|p1a: Clefable\n|-heal|p1a: Clefable|73\/100 tox\n|move|p2a: Clodsire|Recover|p2a: Clodsire\n|-heal|p2a: Clodsire|91\/100\n|\n|upkeep\n|turn|64\n|\n|t:|1701141275\n|move|p1a: Clefable|Flamethrower|p2a: Clodsire\n|-damage|p2a: Clodsire|76\/100\n|move|p2a: Clodsire|Earthquake|p1a: Clefable\n|-damage|p1a: Clefable|51\/100 tox\n|\n|upkeep\n|turn|65\n|\n|t:|1701141292\n|move|p1a: Clefable|Flamethrower|p2a: Clodsire\n|-crit|p2a: Clodsire\n|-damage|p2a: Clodsire|53\/100\n|move|p2a: Clodsire|Toxic|p1a: Clefable\n|-fail|p1a: Clefable|tox\n|\n|upkeep\n|turn|66\n|\n|t:|1701141301\n|move|p1a: Clefable|Flamethrower|p2a: Clodsire\n|-damage|p2a: Clodsire|40\/100\n|move|p2a: Clodsire|Recover|p2a: Clodsire\n|-heal|p2a: Clodsire|90\/100\n|\n|upkeep\n|turn|67\n|\n|t:|1701141311\n|move|p1a: Clefable|Flamethrower|p2a: Clodsire\n|-damage|p2a: Clodsire|75\/100\n|move|p2a: Clodsire|Haze|p2a: Clodsire\n|-clearallboost\n|\n|upkeep\n|turn|68\n|\n|t:|1701141321\n|switch|p2a: Alomomola|Alomomola, F|100\/100\n|move|p1a: Clefable|Flamethrower|p2a: Alomomola\n|-resisted|p2a: Alomomola\n|-damage|p2a: Alomomola|85\/100\n|\n|upkeep\n|turn|69\n|\n|t:|1701141330\n|move|p1a: Clefable|Moonblast|p2a: Alomomola\n|-damage|p2a: Alomomola|39\/100\n|move|p2a: Alomomola|Whirlpool|p1a: Clefable\n|-damage|p1a: Clefable|45\/100 tox\n|-activate|p1a: Clefable|move: Whirlpool|[of] p2a: Alomomola\n|\n|upkeep\n|turn|70\n|\n|t:|1701141339\n|move|p2a: Alomomola|Protect|p2a: Alomomola\n|-singleturn|p2a: Alomomola|Protect\n|move|p1a: Clefable|Moonlight|p1a: Clefable\n|-heal|p1a: Clefable|95\/100 tox\n|\n|upkeep\n|turn|71\n|\n|t:|1701141352\n|switch|p2a: Clodsire|Clodsire, F|75\/100\n|move|p1a: Clefable|Moonblast|p2a: Clodsire\n|-resisted|p2a: Clodsire\n|-damage|p2a: Clodsire|65\/100\n|\n|-end|p1a: Clefable|Whirlpool|[partiallytrapped]|[silent]\n|upkeep\n|turn|72\n|\n|t:|1701141358\n|move|p1a: Clefable|Calm Mind|p1a: Clefable\n|-boost|p1a: Clefable|spa|1\n|-boost|p1a: Clefable|spd|1\n|move|p2a: Clodsire|Toxic|p1a: Clefable\n|-fail|p1a: Clefable|tox\n|\n|upkeep\n|turn|73\n|\n|t:|1701141364\n|move|p1a: Clefable|Flamethrower|p2a: Clodsire\n|-damage|p2a: Clodsire|51\/100\n|move|p2a: Clodsire|Haze|p2a: Clodsire\n|-clearallboost\n|\n|upkeep\n|turn|74\n|\n|t:|1701141378\n|switch|p2a: Alomomola|Alomomola, F|73\/100\n|move|p1a: Clefable|Calm Mind|p1a: Clefable\n|-boost|p1a: Clefable|spa|1\n|-boost|p1a: Clefable|spd|1\n|\n|upkeep\n|turn|75\n|\n|t:|1701141387\n|move|p1a: Clefable|Calm Mind|p1a: Clefable\n|-boost|p1a: Clefable|spa|1\n|-boost|p1a: Clefable|spd|1\n|move|p2a: Alomomola|Whirlpool|p1a: Clefable\n|-damage|p1a: Clefable|92\/100 tox\n|-activate|p1a: Clefable|move: Whirlpool|[of] p2a: Alomomola\n|\n|upkeep\n|turn|76\n|\n|t:|1701141395\n|move|p2a: Alomomola|Protect|p2a: Alomomola\n|-singleturn|p2a: Alomomola|Protect\n|move|p1a: Clefable|Calm Mind|p1a: Clefable\n|-boost|p1a: Clefable|spa|1\n|-boost|p1a: Clefable|spd|1\n|\n|upkeep\n|turn|77\n|\n|t:|1701141406\n|switch|p2a: Clodsire|Clodsire, F|51\/100\n|move|p1a: Clefable|Flamethrower|p2a: Clodsire\n|-damage|p2a: Clodsire|38\/100\n|\n|-end|p1a: Clefable|Whirlpool|[partiallytrapped]|[silent]\n|upkeep\n|turn|78\n|\n|t:|1701141412\n|move|p1a: Clefable|Flamethrower|p2a: Clodsire\n|-damage|p2a: Clodsire|24\/100\n|move|p2a: Clodsire|Recover|p2a: Clodsire\n|-heal|p2a: Clodsire|74\/100\n|\n|upkeep\n|turn|79\n|\n|t:|1701141418\n|move|p1a: Clefable|Flamethrower|p2a: Clodsire\n|-damage|p2a: Clodsire|59\/100\n|move|p2a: Clodsire|Haze|p2a: Clodsire\n|-clearallboost\n|\n|upkeep\n|turn|80\n|\n|t:|1701141428\n|switch|p1a: Heatran|Heatran, F|100\/100\n|switch|p2a: Alomomola|Alomomola, F|100\/100\n|\n|upkeep\n|turn|81\n|\n|t:|1701141447\n|switch|p2a: Clodsire|Clodsire, F|59\/100\n|-terastallize|p1a: Heatran|Grass\n|move|p1a: Heatran|Magma Storm|p2a: Clodsire\n|-damage|p2a: Clodsire|37\/100\n|-activate|p2a: Clodsire|move: Magma Storm|[of] p1a: Heatran\n|\n|-damage|p2a: Clodsire|24\/100|[from] move: Magma Storm|[partiallytrapped]\n|upkeep\n|turn|82\n|\n|t:|1701141456\n|switch|p1a: Great Tusk|Great Tusk|76\/100 tox\n|move|p2a: Clodsire|Toxic|p1a: Great Tusk\n|-fail|p1a: Great Tusk|tox\n|\n|-damage|p1a: Great Tusk|69\/100 tox|[from] psn\n|-end|p2a: Clodsire|Magma Storm|[partiallytrapped]|[silent]\n|upkeep\n|turn|83\n|\n|t:|1701141468\n|switch|p2a: Alomomola|Alomomola, F|100\/100\n|move|p1a: Great Tusk|Earthquake|p2a: Alomomola\n|-damage|p2a: Alomomola|76\/100\n|\n|-damage|p1a: Great Tusk|57\/100 tox|[from] psn\n|upkeep\n|turn|84\n|\n|t:|1701141476\n|-end|p1a: Great Tusk|Protosynthesis|[silent]\n|switch|p1a: Heatran|Heatran, F, tera:Grass|100\/100\n|move|p2a: Alomomola|Whirlpool|p1a: Heatran\n|-resisted|p1a: Heatran\n|-damage|p1a: Heatran|98\/100\n|-activate|p1a: Heatran|move: Whirlpool|[of] p2a: Alomomola\n|\n|-heal|p1a: Heatran|100\/100|[from] item: Leftovers\n|-damage|p1a: Heatran|88\/100|[from] move: Whirlpool|[partiallytrapped]\n|upkeep\n|turn|85\n|\n|t:|1701141492\n|-terastallize|p2a: Alomomola|Flying\n|move|p2a: Alomomola|Protect|p2a: Alomomola\n|-singleturn|p2a: Alomomola|Protect\n|move|p1a: Heatran|Magma Storm|p2a: Alomomola\n|-activate|p2a: Alomomola|move: Protect\n|\n|-heal|p1a: Heatran|94\/100|[from] item: Leftovers\n|-damage|p1a: Heatran|82\/100|[from] move: Whirlpool|[partiallytrapped]\n|upkeep\n|turn|86\n|\n|t:|1701141504\n|move|p1a: Heatran|Magma Storm|p2a: Alomomola\n|-damage|p2a: Alomomola|23\/100\n|-activate|p2a: Alomomola|move: Magma Storm|[of] p1a: Heatran\n|move|p2a: Alomomola|Wish|p2a: Alomomola\n|\n|-heal|p1a: Heatran|88\/100|[from] item: Leftovers\n|-damage|p1a: Heatran|76\/100|[from] move: Whirlpool|[partiallytrapped]\n|-damage|p2a: Alomomola|11\/100|[from] move: Magma Storm|[partiallytrapped]\n|upkeep\n|turn|87\n|\n|t:|1701141520\n|move|p2a: Alomomola|Protect|p2a: Alomomola\n|-singleturn|p2a: Alomomola|Protect\n|move|p1a: Heatran|Flash Cannon|p2a: Alomomola\n|-activate|p2a: Alomomola|move: Protect\n|\n|-heal|p2a: Alomomola|61\/100|[from] move: Wish|[wisher] Alomomola\n|-heal|p1a: Heatran|82\/100|[from] item: Leftovers\n|-damage|p1a: Heatran|69\/100|[from] move: Whirlpool|[partiallytrapped]\n|-damage|p2a: Alomomola|48\/100|[from] move: Magma Storm|[partiallytrapped]\n|upkeep\n|turn|88\n|\n|t:|1701141548\n|move|p2a: Alomomola|Protect||[still]\n|-fail|p2a: Alomomola\n|move|p1a: Heatran|Magma Storm|p2a: Alomomola\n|-damage|p2a: Alomomola|0 fnt\n|faint|p2a: Alomomola\n|\n|-heal|p1a: Heatran|76\/100|[from] item: Leftovers\n|-end|p1a: Heatran|Whirlpool|[partiallytrapped]\n|upkeep\n|\n|t:|1701141560\n|switch|p2a: Dondozo|Dondozo, M|59\/100 slp\n|turn|89\n|\n|t:|1701141567\n|move|p1a: Heatran|Magma Storm|p2a: Dondozo\n|-resisted|p2a: Dondozo\n|-damage|p2a: Dondozo|40\/100 slp\n|-activate|p2a: Dondozo|move: Magma Storm|[of] p1a: Heatran\n|-curestatus|p2a: Dondozo|slp|[msg]\n|move|p2a: Dondozo|Sleep Talk||[still]\n|-fail|p2a: Dondozo\n|\n|-heal|p1a: Heatran|82\/100|[from] item: Leftovers\n|-damage|p2a: Dondozo|28\/100|[from] move: Magma Storm|[partiallytrapped]\n|upkeep\n|turn|90\n|\n|t:|1701141577\n|move|p1a: Heatran|Earth Power|p2a: Dondozo\n|-crit|p2a: Dondozo\n|-damage|p2a: Dondozo|0 fnt\n|faint|p2a: Dondozo\n|\n|-heal|p1a: Heatran|88\/100|[from] item: Leftovers\n|upkeep\n|\n|t:|1701141583\n|switch|p2a: Clodsire|Clodsire, F|24\/100\n|turn|91\n|\n|t:|1701141587\n|move|p1a: Heatran|Earth Power|p2a: Clodsire\n|-supereffective|p2a: Clodsire\n|-damage|p2a: Clodsire|0 fnt\n|faint|p2a: Clodsire\n|\n|win|guigvgbh\n|raw|guigvgbh's rating: 1151 &rarr; <strong>1175<\/strong><br \/>(+24 for winning)\n|raw|Imamorgan's rating: 1132 &rarr; <strong>1108<\/strong><br \/>(-24 for losing)\n","uploadtime":1701141639,"views":8,"p1id":"guigvgbh","p2id":"imamorgan","formatid":"gen9ou","rating":1108,"private":0,"password":""}