{"id":"gen9ou-1994154102","p1":"VanhominTesting","p2":"Ollyb","format":"[Gen 9] OU","log":"|j|\u2606VanhominTesting\n|j|\u2606Ollyb\n|t:|1700413157\n|gametype|singles\n|player|p1|VanhominTesting|scientist-gen4|1082\n|player|p2|Ollyb|101|1048\n|teamsize|p1|6\n|teamsize|p2|6\n|gen|9\n|tier|[Gen 9] OU\n|rated|\n|rule|Sleep Clause Mod: Limit one foe put to sleep\n|rule|Species Clause: Limit one of each Pok\u00e9mon\n|rule|OHKO Clause: OHKO moves are banned\n|rule|Evasion Items Clause: Evasion items are banned\n|rule|Evasion Moves Clause: Evasion moves are banned\n|rule|Endless Battle Clause: Forcing endless battles is banned\n|rule|HP Percentage Mod: HP is shown in percentages\n|clearpoke\n|poke|p1|Zapdos|\n|poke|p1|Glimmora, F|\n|poke|p1|Garganacl, F|\n|poke|p1|Kommo-o, F|\n|poke|p1|Toxapex, F|\n|poke|p1|Ditto|\n|poke|p2|Gholdengo|\n|poke|p2|Alomomola, F|\n|poke|p2|Ting-Lu|\n|poke|p2|Kingambit, M|\n|poke|p2|Dragapult, M|\n|poke|p2|Iron Valiant|\n|teampreview\n|inactive|Battle timer is ON: inactive players will automatically lose when time's up. (requested by VanhominTesting)\n|\n|t:|1700413166\n|start\n|switch|p1a: Glimmora|Glimmora, F|100\/100\n|switch|p2a: Gholdengo|Gholdengo|100\/100\n|turn|1\n|\n|t:|1700413174\n|move|p1a: Glimmora|Light Screen|p1a: Glimmora\n|-sidestart|p1: VanhominTesting|move: Light Screen\n|move|p2a: Gholdengo|Make It Rain|p1a: Glimmora\n|-supereffective|p1a: Glimmora\n|-damage|p1a: Glimmora|27\/100\n|-unboost|p2a: Gholdengo|spa|1\n|\n|upkeep\n|turn|2\n|\n|t:|1700413193\n|switch|p2a: Iron Valiant|Iron Valiant|100\/100\n|move|p1a: Glimmora|Reflect|p1a: Glimmora\n|-sidestart|p1: VanhominTesting|Reflect\n|\n|upkeep\n|turn|3\n|\n|t:|1700413203\n|move|p1a: Glimmora|Memento|p2a: Iron Valiant\n|-unboost|p2a: Iron Valiant|atk|2\n|-unboost|p2a: Iron Valiant|spa|2\n|faint|p1a: Glimmora\n|move|p2a: Iron Valiant|Aura Sphere|p1: Glimmora|[notarget]\n|-fail|p2a: Iron Valiant\n|\n|upkeep\n|\n|t:|1700413211\n|switch|p1a: Catalyst|Garganacl, F|100\/100\n|turn|4\n|\n|t:|1700413220\n|-end|p2a: Iron Valiant|Quark Drive|[silent]\n|switch|p2a: Ting-Lu|Ting-Lu|100\/100\n|-ability|p2a: Ting-Lu|Vessel of Ruin\n|move|p1a: Catalyst|Curse|p1a: Catalyst\n|-unboost|p1a: Catalyst|spe|1\n|-boost|p1a: Catalyst|atk|1\n|-boost|p1a: Catalyst|def|1\n|\n|upkeep\n|turn|5\n|\n|t:|1700413230\n|move|p2a: Ting-Lu|Stealth Rock|p1a: Catalyst\n|-sidestart|p1: VanhominTesting|move: Stealth Rock\n|move|p1a: Catalyst|Curse|p1a: Catalyst\n|-unboost|p1a: Catalyst|spe|1\n|-boost|p1a: Catalyst|atk|1\n|-boost|p1a: Catalyst|def|1\n|\n|upkeep\n|turn|6\n|\n|t:|1700413236\n|move|p2a: Ting-Lu|Ruination|p1a: Catalyst\n|-damage|p1a: Catalyst|51\/100\n|move|p1a: Catalyst|Body Press|p2a: Ting-Lu\n|-supereffective|p2a: Ting-Lu\n|-damage|p2a: Ting-Lu|57\/100\n|\n|-heal|p2a: Ting-Lu|63\/100|[from] item: Leftovers\n|-heal|p1a: Catalyst|57\/100|[from] item: Leftovers\n|upkeep\n|turn|7\n|\n|t:|1700413249\n|switch|p2a: Dragapult|Dragapult, M|100\/100\n|move|p1a: Catalyst|Curse|p1a: Catalyst\n|-unboost|p1a: Catalyst|spe|1\n|-boost|p1a: Catalyst|atk|1\n|-boost|p1a: Catalyst|def|1\n|\n|-heal|p1a: Catalyst|63\/100|[from] item: Leftovers\n|upkeep\n|turn|8\n|\n|t:|1700413261\n|move|p2a: Dragapult|U-turn|p1a: Catalyst\n|-crit|p1a: Catalyst\n|-damage|p1a: Catalyst|41\/100\n|\n|t:|1700413273\n|switch|p2a: Iron Valiant|Iron Valiant|100\/100|[from] U-turn\n|move|p1a: Catalyst|Salt Cure|p2a: Iron Valiant\n|-resisted|p2a: Iron Valiant\n|-damage|p2a: Iron Valiant|82\/100\n|-start|p2a: Iron Valiant|Salt Cure\n|\n|-heal|p1a: Catalyst|47\/100|[from] item: Leftovers\n|-damage|p2a: Iron Valiant|69\/100|[from] Salt Cure\n|-sideend|p1: VanhominTesting|move: Light Screen\n|upkeep\n|turn|9\n|\n|t:|1700413285\n|-terastallize|p1a: Catalyst|Ghost\n|move|p2a: Iron Valiant|Aura Sphere|p1a: Catalyst\n|-immune|p1a: Catalyst\n|move|p1a: Catalyst|Recover|p1a: Catalyst\n|-heal|p1a: Catalyst|97\/100\n|\n|-heal|p1a: Catalyst|100\/100|[from] item: Leftovers\n|-damage|p2a: Iron Valiant|57\/100|[from] Salt Cure\n|-sideend|p1: VanhominTesting|Reflect\n|upkeep\n|turn|10\n|\n|t:|1700413308\n|-end|p2a: Iron Valiant|Quark Drive|[silent]\n|switch|p2a: Kingambit|Kingambit, M|100\/100\n|move|p1a: Catalyst|Salt Cure|p2a: Kingambit\n|-resisted|p2a: Kingambit\n|-damage|p2a: Kingambit|85\/100\n|-start|p2a: Kingambit|Salt Cure\n|\n|-damage|p2a: Kingambit|60\/100|[from] Salt Cure\n|upkeep\n|turn|11\n|-message|Ollyb forfeited.\n|\n|win|VanhominTesting\n|raw|VanhominTesting's rating: 1082 &rarr; <strong>1107<\/strong><br \/>(+25 for winning)\n|raw|Ollyb's rating: 1048 &rarr; <strong>1032<\/strong><br \/>(-16 for losing)\n|l|\u2606Ollyb\n","uploadtime":1700413333,"views":9,"p1id":"vanhomintesting","p2id":"ollyb","formatid":"gen9ou","rating":1032,"private":0,"password":""}