{"id":"gen9ou-1988823184","p1":"illbillium","p2":"QiQiQiQiQi","format":"[Gen 9] OU","log":"|j|\u2606illbillium\n|j|\u2606QiQiQiQiQi\n|t:|1699768507\n|gametype|singles\n|player|p1|illbillium|cynthia|1069\n|player|p2|QiQiQiQiQi|170|1000\n|teamsize|p1|6\n|teamsize|p2|6\n|gen|9\n|tier|[Gen 9] OU\n|rated|\n|rule|Sleep Clause Mod: Limit one foe put to sleep\n|rule|Species Clause: Limit one of each Pok\u00e9mon\n|rule|OHKO Clause: OHKO moves are banned\n|rule|Evasion Items Clause: Evasion items are banned\n|rule|Evasion Moves Clause: Evasion moves are banned\n|rule|Endless Battle Clause: Forcing endless battles is banned\n|rule|HP Percentage Mod: HP is shown in percentages\n|clearpoke\n|poke|p1|Iron Moth|\n|poke|p1|Kommo-o, F|\n|poke|p1|Ninetales-Alola, F|\n|poke|p1|Hatterene, F|\n|poke|p1|Kingambit, M|\n|poke|p1|Great Tusk|\n|poke|p2|Ditto|\n|poke|p2|Dragonite, M|\n|poke|p2|Garganacl, M|\n|poke|p2|Chansey, F|\n|poke|p2|Skeledirge, F|\n|poke|p2|Kingambit, M|\n|teampreview\n|\n|t:|1699768534\n|start\n|switch|p1a: Ninetales|Ninetales-Alola, F, shiny|100\/100\n|switch|p2a: Skeledirge|Skeledirge, F|100\/100\n|-weather|Snow|[from] ability: Snow Warning|[of] p1a: Ninetales\n|turn|1\n|\n|t:|1699768555\n|switch|p1a: Great Tusk|Great Tusk, shiny|100\/100\n|-enditem|p1a: Great Tusk|Booster Energy\n|-activate|p1a: Great Tusk|ability: Protosynthesis|[fromitem]\n|-start|p1a: Great Tusk|protosynthesisatk\n|move|p2a: Skeledirge|Torch Song|p1a: Great Tusk\n|-damage|p1a: Great Tusk|36\/100\n|-boost|p2a: Skeledirge|spa|1\n|\n|-weather|Snow|[upkeep]\n|upkeep\n|turn|2\n|\n|t:|1699768571\n|move|p1a: Great Tusk|Headlong Rush|p2a: Skeledirge\n|-supereffective|p2a: Skeledirge\n|-damage|p2a: Skeledirge|0 fnt\n|-unboost|p1a: Great Tusk|def|1\n|-unboost|p1a: Great Tusk|spd|1\n|-damage|p1a: Great Tusk|19\/100|[from] item: Rocky Helmet|[of] p2a: Skeledirge\n|faint|p2a: Skeledirge\n|\n|-weather|Snow|[upkeep]\n|upkeep\n|\n|t:|1699768588\n|switch|p2a: Dragonite|Dragonite, M, shiny|100\/100\n|turn|3\n|\n|t:|1699768597\n|move|p2a: Dragonite|Extreme Speed|p1a: Great Tusk\n|-damage|p1a: Great Tusk|0 fnt\n|faint|p1a: Great Tusk\n|-end|p1a: Great Tusk|Protosynthesis|[silent]\n|\n|-weather|Snow|[upkeep]\n|upkeep\n|\n|t:|1699768605\n|switch|p1a: Ninetales|Ninetales-Alola, F, shiny|100\/100\n|turn|4\n|\n|t:|1699768614\n|move|p2a: Dragonite|Extreme Speed|p1a: Ninetales\n|-damage|p1a: Ninetales|64\/100\n|move|p1a: Ninetales|Aurora Veil|p1a: Ninetales\n|-sidestart|p1: illbillium|move: Aurora Veil\n|\n|-weather|Snow|[upkeep]\n|upkeep\n|turn|5\n|\n|t:|1699768635\n|switch|p2a: Ditto|Ditto, shiny|100\/100\n|-transform|p2a: Ditto|p1a: Ninetales|[from] ability: Imposter\n|move|p1a: Ninetales|Freeze-Dry|p2a: Ditto\n|-resisted|p2a: Ditto\n|-damage|p2a: Ditto|89\/100\n|\n|-weather|none\n|upkeep\n|turn|6\n|\n|t:|1699768653\n|switch|p1a: Iron Moth|Iron Moth, shiny|100\/100\n|-enditem|p1a: Iron Moth|Booster Energy\n|-activate|p1a: Iron Moth|ability: Quark Drive|[fromitem]\n|-start|p1a: Iron Moth|quarkdrivespe\n|move|p2a: Ditto|Aurora Veil||[still]\n|-fail|p2a: Ditto\n|\n|upkeep\n|turn|7\n|\n|t:|1699768672\n|switch|p2a: Chansey|Chansey, F|100\/100\n|move|p1a: Iron Moth|Sludge Wave|p2a: Chansey\n|-damage|p2a: Chansey|87\/100\n|\n|upkeep\n|turn|8\n|\n|t:|1699768682\n|move|p1a: Iron Moth|Dazzling Gleam|p2a: Chansey\n|-damage|p2a: Chansey|79\/100\n|move|p2a: Chansey|Stealth Rock|p1a: Iron Moth\n|-sidestart|p1: illbillium|move: Stealth Rock\n|\n|upkeep\n|turn|9\n|\n|t:|1699768692\n|move|p1a: Iron Moth|Sludge Wave|p2a: Chansey\n|-damage|p2a: Chansey|65\/100\n|move|p2a: Chansey|Seismic Toss|p1a: Iron Moth\n|-damage|p1a: Iron Moth|67\/100\n|\n|upkeep\n|turn|10\n|\n|t:|1699768716\n|move|p1a: Iron Moth|Fiery Dance|p2a: Chansey\n|-damage|p2a: Chansey|54\/100\n|-boost|p1a: Iron Moth|spa|1\n|move|p2a: Chansey|Seismic Toss|p1a: Iron Moth\n|-damage|p1a: Iron Moth|34\/100\n|\n|upkeep\n|turn|11\n|\n|t:|1699768728\n|-end|p1a: Iron Moth|Quark Drive|[silent]\n|switch|p1a: Kommo-o|Kommo-o, F, shiny|100\/100\n|-damage|p1a: Kommo-o|94\/100|[from] Stealth Rock\n|move|p2a: Chansey|Seismic Toss|p1a: Kommo-o\n|-damage|p1a: Kommo-o|60\/100\n|\n|-sideend|p1: illbillium|move: Aurora Veil\n|upkeep\n|turn|12\n|\n|t:|1699768751\n|switch|p2a: Dragonite|Dragonite, M, shiny|100\/100\n|move|p1a: Kommo-o|Clangorous Soul|p1a: Kommo-o\n|-boost|p1a: Kommo-o|atk|1\n|-boost|p1a: Kommo-o|def|1\n|-boost|p1a: Kommo-o|spa|1\n|-boost|p1a: Kommo-o|spd|1\n|-boost|p1a: Kommo-o|spe|1\n|-damage|p1a: Kommo-o|27\/100\n|-enditem|p1a: Kommo-o|Throat Spray\n|-boost|p1a: Kommo-o|spa|1|[from] item: Throat Spray\n|\n|upkeep\n|turn|13\n|\n|t:|1699768778\n|move|p1a: Kommo-o|Clanging Scales|p2a: Dragonite\n|-supereffective|p2a: Dragonite\n|-damage|p2a: Dragonite|15\/100\n|-unboost|p1a: Kommo-o|def|1\n|move|p2a: Dragonite|Earthquake|p1a: Kommo-o\n|-damage|p1a: Kommo-o|0 fnt\n|faint|p1a: Kommo-o\n|\n|upkeep\n|\n|t:|1699768793\n|switch|p1a: Ninetales|Ninetales-Alola, F, shiny|64\/100\n|-damage|p1a: Ninetales|40\/100|[from] Stealth Rock\n|-weather|Snow|[from] ability: Snow Warning|[of] p1a: Ninetales\n|turn|14\n|\n|t:|1699768818\n|switch|p2a: Ditto|Ditto, shiny|89\/100\n|-transform|p2a: Ditto|p1a: Ninetales|[from] ability: Imposter\n|move|p1a: Ninetales|Freeze-Dry|p2a: Ditto\n|-resisted|p2a: Ditto\n|-damage|p2a: Ditto|79\/100\n|\n|-weather|Snow|[upkeep]\n|upkeep\n|turn|15\n|\n|t:|1699768836\n|move|p2a: Ditto|Freeze-Dry|p1a: Ninetales\n|-resisted|p1a: Ninetales\n|-damage|p1a: Ninetales|29\/100\n|move|p1a: Ninetales|Hypnosis|p2a: Ditto\n|-status|p2a: Ditto|slp|[from] move: Hypnosis\n|\n|-weather|Snow|[upkeep]\n|upkeep\n|turn|16\n|\n|t:|1699768849\n|switch|p1a: Iron Moth|Iron Moth, shiny|34\/100\n|-damage|p1a: Iron Moth|9\/100|[from] Stealth Rock\n|cant|p2a: Ditto|slp\n|\n|-weather|Snow|[upkeep]\n|upkeep\n|turn|17\n|\n|t:|1699768859\n|switch|p2a: Chansey|Chansey, F|54\/100\n|move|p1a: Iron Moth|Fiery Dance|p2a: Chansey\n|-damage|p2a: Chansey|42\/100\n|-boost|p1a: Iron Moth|spa|1\n|\n|-weather|Snow|[upkeep]\n|upkeep\n|turn|18\n|\n|t:|1699768878\n|-end|p1a: Iron Moth|Quark Drive|[silent]\n|switch|p1a: Hatterene|Hatterene, F, shiny|100\/100\n|-damage|p1a: Hatterene|88\/100|[from] Stealth Rock\n|move|p2a: Chansey|Seismic Toss|p1a: Hatterene\n|-damage|p1a: Hatterene|57\/100\n|-enditem|p1a: Hatterene|Kee Berry|[eat]\n|-boost|p1a: Hatterene|def|1|[from] item: Kee Berry\n|\n|-weather|none\n|upkeep\n|turn|19\n|\n|t:|1699768900\n|switch|p2a: Ditto|Ditto, shiny|79\/100 slp\n|-transform|p2a: Ditto|p1a: Hatterene|[from] ability: Imposter\n|move|p1a: Hatterene|Calm Mind|p1a: Hatterene\n|-boost|p1a: Hatterene|spa|1\n|-boost|p1a: Hatterene|spd|1\n|\n|upkeep\n|turn|20\n|\n|t:|1699768919\n|cant|p2a: Ditto|slp\n|move|p1a: Hatterene|Agility|p1a: Hatterene\n|-boost|p1a: Hatterene|spe|2\n|\n|upkeep\n|turn|21\n|\n|t:|1699768926\n|move|p1a: Hatterene|Calm Mind|p1a: Hatterene\n|-boost|p1a: Hatterene|spa|1\n|-boost|p1a: Hatterene|spd|1\n|-curestatus|p2a: Ditto|slp|[msg]\n|move|p2a: Ditto|Agility|p2a: Ditto\n|-boost|p2a: Ditto|spe|2\n|\n|upkeep\n|turn|22\n|\n|t:|1699768937\n|move|p2a: Ditto|Agility|p2a: Ditto\n|-boost|p2a: Ditto|spe|2\n|move|p1a: Hatterene|Calm Mind|p1a: Hatterene\n|-boost|p1a: Hatterene|spa|1\n|-boost|p1a: Hatterene|spd|1\n|\n|upkeep\n|turn|23\n|\n|t:|1699768950\n|move|p2a: Ditto|Agility|p2a: Ditto\n|-boost|p2a: Ditto|spe|2\n|move|p1a: Hatterene|Stored Power|p2a: Ditto\n|-resisted|p2a: Ditto\n|-damage|p2a: Ditto|0 fnt\n|faint|p2a: Ditto\n|\n|upkeep\n|\n|t:|1699768962\n|switch|p2a: Kingambit|Kingambit, M|100\/100\n|turn|24\n|c|\u2606illbillium|!weak kingambit\n|c| illbillium|\/raw <div class=\"infobox\">Kingambit (ignoring abilities):<br \/><span class=\"message-effect-weak\">Weaknesses<\/span>: <b>Fighting<\/b>, Fire, Ground<br \/><span class=\"message-effect-resist\">Resistances<\/span>: Dark, Dragon, Flying, Ghost, Grass, Ice, Normal, Rock, Steel<br \/><span class=\"message-effect-immune\">Immunities<\/span>: Poison, Psychic, Prankster, Sandstorm damage, Toxic<\/div>\n|\n|t:|1699769008\n|move|p1a: Hatterene|Stored Power|p2a: Kingambit\n|-immune|p2a: Kingambit\n|move|p2a: Kingambit|Kowtow Cleave|p1a: Hatterene\n|-damage|p1a: Hatterene|19\/100\n|\n|upkeep\n|turn|25\n|\n|t:|1699769026\n|move|p1a: Hatterene|Agility|p1a: Hatterene\n|-boost|p1a: Hatterene|spe|2\n|move|p2a: Kingambit|Kowtow Cleave|p1a: Hatterene\n|-damage|p1a: Hatterene|0 fnt\n|faint|p1a: Hatterene\n|\n|upkeep\n|\n|t:|1699769035\n|switch|p1a: Iron Moth|Iron Moth, shiny|9\/100\n|-damage|p1a: Iron Moth|0 fnt|[from] Stealth Rock\n|faint|p1a: Iron Moth\n|-end|p1a: Iron Moth|Quark Drive|[silent]\n|\n|t:|1699769044\n|switch|p1a: Ninetales|Ninetales-Alola, F, shiny|29\/100\n|-damage|p1a: Ninetales|4\/100|[from] Stealth Rock\n|-weather|Snow|[from] ability: Snow Warning|[of] p1a: Ninetales\n|turn|26\n|\n|t:|1699769054\n|move|p2a: Kingambit|Sucker Punch||[still]\n|-fail|p2a: Kingambit\n|move|p1a: Ninetales|Aurora Veil|p1a: Ninetales\n|-sidestart|p1: illbillium|move: Aurora Veil\n|\n|-weather|Snow|[upkeep]\n|upkeep\n|turn|27\n|\n|t:|1699769070\n|move|p1a: Ninetales|Encore|p2a: Kingambit\n|-start|p2a: Kingambit|Encore\n|move|p2a: Kingambit|Sucker Punch||[still]\n|-fail|p2a: Kingambit\n|\n|-weather|Snow|[upkeep]\n|upkeep\n|turn|28\n|\n|t:|1699769086\n|switch|p2a: Chansey|Chansey, F|42\/100\n|move|p1a: Ninetales|Hypnosis|p2a: Chansey\n|-status|p2a: Chansey|slp|[from] move: Hypnosis\n|\n|-weather|Snow|[upkeep]\n|upkeep\n|turn|29\n|\n|t:|1699769096\n|move|p1a: Ninetales|Freeze-Dry|p2a: Chansey\n|-damage|p2a: Chansey|36\/100 slp\n|cant|p2a: Chansey|slp\n|\n|-weather|Snow|[upkeep]\n|upkeep\n|turn|30\n|\n|t:|1699769106\n|move|p1a: Ninetales|Freeze-Dry|p2a: Chansey\n|-damage|p2a: Chansey|31\/100 slp\n|cant|p2a: Chansey|slp\n|\n|-weather|none\n|upkeep\n|turn|31\n|\n|t:|1699769116\n|switch|p1a: Kingambit|Kingambit, M, shiny|100\/100\n|-damage|p1a: Kingambit|94\/100|[from] Stealth Rock\n|-activate|p1a: Kingambit|ability: Supreme Overlord\n|-start|p1a: Kingambit|fallen4|[silent]\n|cant|p2a: Chansey|slp\n|\n|-heal|p1a: Kingambit|100\/100|[from] item: Leftovers\n|upkeep\n|turn|32\n|\n|t:|1699769129\n|move|p1a: Kingambit|Low Kick|p2a: Chansey\n|-supereffective|p2a: Chansey\n|-damage|p2a: Chansey|0 fnt\n|faint|p2a: Chansey\n|\n|upkeep\n|\n|t:|1699769135\n|switch|p2a: Garganacl|Garganacl, M, shiny|100\/100\n|turn|33\n|\n|t:|1699769149\n|-terastallize|p1a: Kingambit|Flying\n|-terastallize|p2a: Garganacl|Ghost\n|move|p1a: Kingambit|Low Kick|p2a: Garganacl\n|-immune|p2a: Garganacl\n|move|p2a: Garganacl|Salt Cure|p1a: Kingambit\n|-supereffective|p1a: Kingambit\n|-damage|p1a: Kingambit|89\/100\n|-start|p1a: Kingambit|Salt Cure\n|\n|-heal|p1a: Kingambit|95\/100|[from] item: Leftovers\n|-damage|p1a: Kingambit|83\/100|[from] Salt Cure\n|-sideend|p1: illbillium|move: Aurora Veil\n|upkeep\n|turn|34\n|\n|t:|1699769166\n|move|p1a: Kingambit|Sucker Punch|p2a: Garganacl\n|-supereffective|p2a: Garganacl\n|-damage|p2a: Garganacl|42\/100\n|-enditem|p2a: Garganacl|Sitrus Berry|[eat]\n|-heal|p2a: Garganacl|67\/100|[from] item: Sitrus Berry\n|move|p2a: Garganacl|Salt Cure|p1a: Kingambit\n|-supereffective|p1a: Kingambit\n|-damage|p1a: Kingambit|60\/100\n|\n|-heal|p1a: Kingambit|66\/100|[from] item: Leftovers\n|-damage|p1a: Kingambit|54\/100|[from] Salt Cure\n|upkeep\n|turn|35\n|\n|t:|1699769181\n|move|p1a: Kingambit|Iron Head|p2a: Garganacl\n|-damage|p2a: Garganacl|33\/100\n|move|p2a: Garganacl|Salt Cure|p1a: Kingambit\n|-supereffective|p1a: Kingambit\n|-damage|p1a: Kingambit|29\/100\n|\n|-heal|p1a: Kingambit|36\/100|[from] item: Leftovers\n|-damage|p1a: Kingambit|23\/100|[from] Salt Cure\n|upkeep\n|turn|36\n|\n|t:|1699769192\n|move|p1a: Kingambit|Sucker Punch|p2a: Garganacl\n|-supereffective|p2a: Garganacl\n|-damage|p2a: Garganacl|0 fnt\n|faint|p2a: Garganacl\n|\n|-heal|p1a: Kingambit|29\/100|[from] item: Leftovers\n|-damage|p1a: Kingambit|17\/100|[from] Salt Cure\n|upkeep\n|\n|t:|1699769199\n|switch|p2a: Dragonite|Dragonite, M, shiny|15\/100\n|turn|37\n|\n|t:|1699769209\n|move|p1a: Kingambit|Sucker Punch|p2a: Dragonite\n|-damage|p2a: Dragonite|0 fnt\n|faint|p2a: Dragonite\n|\n|-heal|p1a: Kingambit|23\/100|[from] item: Leftovers\n|-damage|p1a: Kingambit|11\/100|[from] Salt Cure\n|upkeep\n|\n|t:|1699769216\n|switch|p2a: Kingambit|Kingambit, M|100\/100\n|turn|38\n|\n|t:|1699769224\n|move|p1a: Kingambit|Sucker Punch|p2a: Kingambit\n|-resisted|p2a: Kingambit\n|-damage|p2a: Kingambit|80\/100\n|move|p2a: Kingambit|Kowtow Cleave|p1a: Kingambit\n|-damage|p1a: Kingambit|0 fnt\n|faint|p1a: Kingambit\n|-end|p1a: Kingambit|fallen4|[silent]\n|\n|-heal|p2a: Kingambit|87\/100|[from] item: Leftovers\n|upkeep\n|\n|t:|1699769234\n|switch|p1a: Ninetales|Ninetales-Alola, F, shiny|4\/100\n|-damage|p1a: Ninetales|0 fnt|[from] Stealth Rock\n|faint|p1a: Ninetales\n|\n|win|QiQiQiQiQi\n|raw|illbillium's rating: 1069 &rarr; <strong>1045<\/strong><br \/>(-24 for losing)\n|raw|QiQiQiQiQi's rating: 1000 &rarr; <strong>1048<\/strong><br \/>(+48 for winning)\n|l|\u2606illbillium\n","uploadtime":1699769242,"views":9,"p1id":"illbillium","p2id":"qiqiqiqiqi","formatid":"gen9ou","rating":1045,"private":0,"password":""}