{"id":"gen9ou-1992159181","p1":"Natal RN QM3","p2":"Repu","format":"[Gen 9] OU","log":"|j|\u2606Natal RN QM3\n|j|\u2606Repu\n|inactive|Battle timer is ON: inactive players will automatically lose when time's up.\n|t:|1700159924\n|gametype|singles\n|player|p1|Natal RN QM3|yellow|\n|player|p2|Repu|#repu|\n|teamsize|p1|6\n|teamsize|p2|6\n|gen|9\n|tier|[Gen 9] OU\n|rated|Tournament battle\n|rule|Sleep Clause Mod: Limit one foe put to sleep\n|rule|Species Clause: Limit one of each Pok\u00e9mon\n|rule|OHKO Clause: OHKO moves are banned\n|rule|Evasion Items Clause: Evasion items are banned\n|rule|Evasion Moves Clause: Evasion moves are banned\n|rule|Endless Battle Clause: Forcing endless battles is banned\n|rule|HP Percentage Mod: HP is shown in percentages\n|clearpoke\n|poke|p1|Maushold|\n|poke|p1|Rillaboom, F|\n|poke|p1|Great Tusk|\n|poke|p1|Heatran, M|\n|poke|p1|Enamorus, F|\n|poke|p1|Kingambit, F|\n|poke|p2|Zamazenta-*|\n|poke|p2|Moltres|\n|poke|p2|Ogerpon-Wellspring, F|\n|poke|p2|Great Tusk|\n|poke|p2|Clefable, M|\n|poke|p2|Ting-Lu|\n|teampreview\n|c|\u2606Natal RN QM3|Ja mandei o replay\n|inactive|Natal RN QM3 has 120 seconds left.\n|inactive|Repu has 120 seconds left.\n|c|\u2606Repu|Qual quest voc\u00ea est\u00e1 fazendo, no caso?\n|inactive|Natal RN QM3 has 90 seconds left.\n|j| J.P.G1337\n|c|\u2606Natal RN QM3|Ganha um torneio na room\n|inactive|Natal RN QM3 has 60 seconds left.\n|\n|t:|1700160016\n|start\n|switch|p1a: Rillaboom|Rillaboom, F|100\/100\n|switch|p2a: Moltres|Moltres|100\/100\n|-fieldstart|move: Grassy Terrain|[from] ability: Grassy Surge|[of] p1a: Rillaboom\n|turn|1\n|inactive|Natal RN QM3 has 120 seconds left.\n|c|\u2606Repu|ah sim\n|c|\u2606Natal RN QM3|E valido??\n|c|\u2606Repu|vencer um torneio acredito que sejam todas as batalhas, de in\u00edcio ao fim\n|inactive|Repu has 120 seconds left.\n|c|\u2606Repu|s\u00f3 tirar um print depois\n|c|\u2606Repu|n\u00e3o seria uma batalha somente, no caso\n|\n|t:|1700160057\n|switch|p1a: Heatran|Heatran, M|100\/100\n|move|p2a: Moltres|U-turn|p1a: Heatran\n|-resisted|p1a: Heatran\n|-damage|p1a: Heatran|97\/100\n|\n|t:|1700160067\n|switch|p2a: Great Tusk|Great Tusk|100\/100|[from] U-turn\n|\n|-heal|p1a: Heatran|100\/100|[from] Grassy Terrain\n|upkeep\n|turn|2\n|\n|t:|1700160079\n|switch|p1a: Enamorus|Enamorus, F|100\/100\n|move|p2a: Great Tusk|Stealth Rock|p1a: Enamorus\n|-sidestart|p1: Natal RN QM3|move: Stealth Rock\n|\n|upkeep\n|turn|3\n|inactive|Repu has 120 seconds left.\n|\n|t:|1700160092\n|-end|p2a: Great Tusk|Protosynthesis|[silent]\n|switch|p2a: Clefable|Clefable, M|100\/100\n|-terastallize|p1a: Enamorus|Fairy\n|move|p1a: Enamorus|Moonblast|p2a: Clefable\n|-damage|p2a: Clefable|37\/100\n|\n|-heal|p2a: Clefable|43\/100|[from] Grassy Terrain\n|-heal|p2a: Clefable|49\/100|[from] item: Leftovers\n|upkeep\n|turn|4\n|\n|t:|1700160098\n|move|p2a: Clefable|Protect|p2a: Clefable\n|-singleturn|p2a: Clefable|Protect\n|move|p1a: Enamorus|Moonblast|p2a: Clefable\n|-activate|p2a: Clefable|move: Protect\n|\n|-heal|p2a: Clefable|55\/100|[from] Grassy Terrain\n|-heal|p2a: Clefable|61\/100|[from] item: Leftovers\n|upkeep\n|turn|5\n|\n|t:|1700160104\n|switch|p2a: Moltres|Moltres|100\/100\n|move|p1a: Enamorus|Moonblast|p2a: Moltres\n|-resisted|p2a: Moltres\n|-damage|p2a: Moltres|76\/100\n|\n|-fieldend|move: Grassy Terrain\n|upkeep\n|turn|6\n|\n|t:|1700160114\n|switch|p1a: Great Tusk|Great Tusk|100\/100\n|-damage|p1a: Great Tusk|98\/100|[from] Stealth Rock\n|move|p2a: Moltres|U-turn|p1a: Great Tusk\n|-resisted|p1a: Great Tusk\n|-damage|p1a: Great Tusk|93\/100\n|\n|t:|1700160120\n|switch|p2a: Ogerpon|Ogerpon-Wellspring, F|100\/100|[from] U-turn\n|\n|-heal|p1a: Great Tusk|99\/100|[from] item: Leftovers\n|upkeep\n|turn|7\n|\n|t:|1700160147\n|move|p2a: Ogerpon|Ivy Cudgel|p1a: Great Tusk|[anim] Ivy Cudgel Water\n|-supereffective|p1a: Great Tusk\n|-damage|p1a: Great Tusk|19\/100\n|move|p1a: Great Tusk|Rapid Spin|p2a: Ogerpon\n|-damage|p2a: Ogerpon|82\/100\n|-boost|p1a: Great Tusk|spe|1\n|-sideend|p1: Natal RN QM3|Stealth Rock|[from] move: Rapid Spin|[of] p1a: Great Tusk\n|\n|-heal|p1a: Great Tusk|25\/100|[from] item: Leftovers\n|upkeep\n|turn|8\n|\n|t:|1700160162\n|move|p1a: Great Tusk|Headlong Rush|p2a: Ogerpon\n|-resisted|p2a: Ogerpon\n|-damage|p2a: Ogerpon|48\/100\n|-unboost|p1a: Great Tusk|def|1\n|-unboost|p1a: Great Tusk|spd|1\n|move|p2a: Ogerpon|Ivy Cudgel|p1a: Great Tusk|[anim] Ivy Cudgel Water\n|-supereffective|p1a: Great Tusk\n|-damage|p1a: Great Tusk|0 fnt\n|faint|p1a: Great Tusk\n|-end|p1a: Great Tusk|Protosynthesis|[silent]\n|\n|upkeep\n|\n|t:|1700160171\n|switch|p1a: Rillaboom|Rillaboom, F|100\/100\n|-fieldstart|move: Grassy Terrain|[from] ability: Grassy Surge|[of] p1a: Rillaboom\n|turn|9\n|\n|t:|1700160177\n|switch|p2a: Moltres|Moltres|76\/100\n|move|p1a: Rillaboom|Wood Hammer|p2a: Moltres\n|-resisted|p2a: Moltres\n|-damage|p2a: Moltres|43\/100\n|-status|p1a: Rillaboom|brn|[from] ability: Flame Body|[of] p2a: Moltres\n|-damage|p1a: Rillaboom|88\/100 brn|[from] Recoil\n|\n|-heal|p1a: Rillaboom|94\/100 brn|[from] Grassy Terrain\n|-damage|p1a: Rillaboom|88\/100 brn|[from] brn\n|upkeep\n|turn|10\n|\n|t:|1700160192\n|switch|p1a: Heatran|Heatran, M|100\/100\n|move|p2a: Moltres|U-turn|p1a: Heatran\n|-resisted|p1a: Heatran\n|-damage|p1a: Heatran|98\/100\n|\n|t:|1700160197\n|switch|p2a: Ogerpon|Ogerpon-Wellspring, F|48\/100|[from] U-turn\n|\n|-heal|p2a: Ogerpon|54\/100|[from] Grassy Terrain\n|-heal|p1a: Heatran|100\/100|[from] Grassy Terrain\n|upkeep\n|turn|11\n|\n|t:|1700160211\n|switch|p1a: Rillaboom|Rillaboom, F|88\/100 brn\n|move|p2a: Ogerpon|Ivy Cudgel|p1a: Rillaboom|[anim] Ivy Cudgel Water\n|-resisted|p1a: Rillaboom\n|-crit|p1a: Rillaboom\n|-damage|p1a: Rillaboom|37\/100 brn\n|\n|-heal|p2a: Ogerpon|60\/100|[from] Grassy Terrain\n|-heal|p1a: Rillaboom|43\/100 brn|[from] Grassy Terrain\n|-damage|p1a: Rillaboom|37\/100 brn|[from] brn\n|upkeep\n|turn|12\n|\n|t:|1700160222\n|move|p2a: Ogerpon|Power Whip|p1a: Rillaboom\n|-resisted|p1a: Rillaboom\n|-damage|p1a: Rillaboom|0 fnt\n|faint|p1a: Rillaboom\n|\n|-heal|p2a: Ogerpon|66\/100|[from] Grassy Terrain\n|upkeep\n|\n|t:|1700160234\n|switch|p1a: Enamorus|Enamorus, F, tera:Fairy|100\/100\n|turn|13\n|\n|t:|1700160242\n|switch|p2a: Moltres|Moltres|43\/100\n|move|p1a: Enamorus|Mystical Fire|p2a: Moltres\n|-resisted|p2a: Moltres\n|-crit|p2a: Moltres\n|-damage|p2a: Moltres|29\/100\n|-unboost|p2a: Moltres|spa|1\n|\n|-fieldend|move: Grassy Terrain\n|upkeep\n|turn|14\n|\n|t:|1700160265\n|switch|p1a: Maushold|Maushold|100\/100\n|move|p2a: Moltres|U-turn|p1a: Maushold\n|-damage|p1a: Maushold|77\/100\n|\n|t:|1700160279\n|switch|p2a: Zamazenta|Zamazenta|100\/100|[from] U-turn\n|-ability|p2a: Zamazenta|Dauntless Shield|boost\n|-boost|p2a: Zamazenta|def|1\n|\n|upkeep\n|turn|15\n|\n|t:|1700160288\n|switch|p1a: Enamorus|Enamorus, F, tera:Fairy|100\/100\n|move|p2a: Zamazenta|Close Combat|p1a: Enamorus\n|-resisted|p1a: Enamorus\n|-damage|p1a: Enamorus|50\/100\n|-unboost|p2a: Zamazenta|def|1\n|-unboost|p2a: Zamazenta|spd|1\n|\n|upkeep\n|turn|16\n|\n|t:|1700160299\n|switch|p1a: devindian|Kingambit, F|100\/100\n|-activate|p1a: devindian|ability: Supreme Overlord\n|-start|p1a: devindian|fallen2|[silent]\n|switch|p2a: Moltres|Moltres|29\/100\n|\n|upkeep\n|turn|17\n|\n|t:|1700160309\n|move|p1a: devindian|Sucker Punch||[still]\n|-fail|p1a: devindian\n|move|p2a: Moltres|Will-O-Wisp|p1a: devindian\n|-status|p1a: devindian|brn\n|\n|-damage|p1a: devindian|94\/100 brn|[from] brn\n|upkeep\n|turn|18\n|\n|t:|1700160317\n|move|p2a: Moltres|U-turn|p1a: devindian\n|-damage|p1a: devindian|84\/100 brn\n|\n|t:|1700160327\n|switch|p2a: Great Tusk|Great Tusk|100\/100|[from] U-turn\n|move|p1a: devindian|Kowtow Cleave|p2a: Great Tusk\n|-resisted|p2a: Great Tusk\n|-damage|p2a: Great Tusk|93\/100\n|-damage|p1a: devindian|67\/100 brn|[from] item: Rocky Helmet|[of] p2a: Great Tusk\n|\n|-heal|p1a: devindian|74\/100 brn|[from] item: Leftovers\n|-damage|p1a: devindian|67\/100 brn|[from] brn\n|upkeep\n|turn|19\n|\n|t:|1700160337\n|move|p2a: Great Tusk|Earthquake|p1a: devindian\n|-supereffective|p1a: devindian\n|-damage|p1a: devindian|7\/100 brn\n|move|p1a: devindian|Iron Head|p2a: Great Tusk\n|-damage|p2a: Great Tusk|79\/100\n|-damage|p1a: devindian|0 fnt|[from] item: Rocky Helmet|[of] p2a: Great Tusk\n|faint|p1a: devindian\n|-end|p1a: devindian|fallen2|[silent]\n|\n|upkeep\n|\n|t:|1700160349\n|switch|p1a: Enamorus|Enamorus, F, tera:Fairy|50\/100\n|turn|20\n|\n|t:|1700160354\n|-end|p2a: Great Tusk|Protosynthesis|[silent]\n|switch|p2a: Clefable|Clefable, M|61\/100\n|move|p1a: Enamorus|Moonblast|p2a: Clefable\n|-damage|p2a: Clefable|0 fnt\n|faint|p2a: Clefable\n|\n|upkeep\n|\n|t:|1700160365\n|switch|p2a: Ogerpon|Ogerpon-Wellspring, F|66\/100\n|turn|21\n|\n|t:|1700160369\n|move|p1a: Enamorus|Moonblast|p2a: Ogerpon\n|-damage|p2a: Ogerpon|0 fnt\n|faint|p2a: Ogerpon\n|\n|upkeep\n|\n|t:|1700160379\n|switch|p2a: Moltres|Moltres|29\/100\n|turn|22\n|\n|t:|1700160383\n|move|p1a: Enamorus|Moonblast|p2a: Moltres\n|-resisted|p2a: Moltres\n|-damage|p2a: Moltres|5\/100\n|-unboost|p2a: Moltres|spa|1\n|move|p2a: Moltres|Roost|p2a: Moltres\n|-heal|p2a: Moltres|55\/100\n|-singleturn|p2a: Moltres|move: Roost\n|\n|upkeep\n|turn|23\n|\n|t:|1700160392\n|move|p1a: Enamorus|Moonblast|p2a: Moltres\n|-resisted|p2a: Moltres\n|-damage|p2a: Moltres|32\/100\n|move|p2a: Moltres|U-turn|p1a: Enamorus\n|-resisted|p1a: Enamorus\n|-damage|p1a: Enamorus|38\/100\n|\n|t:|1700160398\n|switch|p2a: Zamazenta|Zamazenta|100\/100|[from] U-turn\n|\n|upkeep\n|turn|24\n|\n|t:|1700160403\n|-terastallize|p2a: Zamazenta|Steel\n|move|p1a: Enamorus|Moonblast|p2a: Zamazenta\n|-resisted|p2a: Zamazenta\n|-damage|p2a: Zamazenta|70\/100\n|-unboost|p2a: Zamazenta|spa|1\n|move|p2a: Zamazenta|Iron Head|p1a: Enamorus\n|-supereffective|p1a: Enamorus\n|-damage|p1a: Enamorus|0 fnt\n|faint|p1a: Enamorus\n|\n|upkeep\n|\n|t:|1700160410\n|switch|p1a: Heatran|Heatran, M|100\/100\n|turn|25\n|\n|t:|1700160418\n|switch|p2a: Ting-Lu|Ting-Lu|100\/100\n|-ability|p2a: Ting-Lu|Vessel of Ruin\n|move|p1a: Heatran|Magma Storm|p2a: Ting-Lu\n|-damage|p2a: Ting-Lu|83\/100\n|-activate|p2a: Ting-Lu|move: Magma Storm|[of] p1a: Heatran\n|\n|-heal|p2a: Ting-Lu|90\/100|[from] item: Leftovers\n|-damage|p2a: Ting-Lu|77\/100|[from] move: Magma Storm|[partiallytrapped]\n|upkeep\n|turn|26\n|\n|t:|1700160428\n|switch|p1a: Maushold|Maushold|77\/100\n|move|p2a: Ting-Lu|Earthquake|p1a: Maushold\n|-damage|p1a: Maushold|17\/100\n|\n|-heal|p2a: Ting-Lu|83\/100|[from] item: Leftovers\n|-end|p2a: Ting-Lu|Magma Storm|[partiallytrapped]|[silent]\n|upkeep\n|turn|27\n|\n|t:|1700160437\n|switch|p2a: Great Tusk|Great Tusk|79\/100\n|move|p1a: Maushold|Bite|p2a: Great Tusk\n|-resisted|p2a: Great Tusk\n|-damage|p2a: Great Tusk|74\/100\n|-damage|p1a: Maushold|0 fnt|[from] item: Rocky Helmet|[of] p2a: Great Tusk\n|faint|p1a: Maushold\n|\n|upkeep\n|\n|t:|1700160446\n|switch|p1a: Heatran|Heatran, M|100\/100\n|turn|28\n|c|\u2606Natal RN QM3|Gg\n|c|\u2606Repu|gg\n|\n|t:|1700160458\n|move|p2a: Great Tusk|Earthquake|p1a: Heatran\n|-supereffective|p1a: Heatran\n|-damage|p1a: Heatran|0 fnt\n|faint|p1a: Heatran\n|\n|win|Repu\n|n|\u2606Natal RN QM3|natalrnqm3\n|n|\u2606Repu|repu\n|n| J.P.G1337|jpg1337\n","uploadtime":1700160462,"views":15,"p1id":"natalrnqm3","p2id":"repu","formatid":"gen9ou","rating":0,"private":0,"password":""}