{"id":"gen9ou-1992989725","p1":"Lilyfith X-2","p2":"MouseAttack","format":"[Gen 9] OU","log":"|j|\u2606Lilyfith X-2\n|j|\u2606MouseAttack\n|t:|1700253229\n|gametype|singles\n|player|p1|Lilyfith X-2|2|1179\n|player|p2|MouseAttack|koga|1081\n|teamsize|p1|6\n|teamsize|p2|6\n|gen|9\n|tier|[Gen 9] OU\n|rated|\n|rule|Sleep Clause Mod: Limit one foe put to sleep\n|rule|Species Clause: Limit one of each Pok\u00e9mon\n|rule|OHKO Clause: OHKO moves are banned\n|rule|Evasion Items Clause: Evasion items are banned\n|rule|Evasion Moves Clause: Evasion moves are banned\n|rule|Endless Battle Clause: Forcing endless battles is banned\n|rule|HP Percentage Mod: HP is shown in percentages\n|clearpoke\n|poke|p1|Hatterene, F|\n|poke|p1|Crawdaunt, F|\n|poke|p1|Okidogi, M|\n|poke|p1|Dondozo, M|\n|poke|p1|Dusknoir, F|\n|poke|p1|Conkeldurr, F|\n|poke|p2|Samurott-Hisui, M|\n|poke|p2|Maushold|\n|poke|p2|Garganacl, M|\n|poke|p2|Kingambit, F|\n|poke|p2|Amoonguss, M|\n|poke|p2|Weavile, F|\n|teampreview\n|\n|t:|1700253237\n|start\n|switch|p1a: Okidogi|Okidogi, M|100\/100\n|switch|p2a: China Attacks|Maushold|100\/100\n|turn|1\n|\n|t:|1700253244\n|-terastallize|p2a: China Attacks|Ghost\n|move|p2a: China Attacks|Tidy Up|p2a: China Attacks\n|-boost|p2a: China Attacks|atk|1\n|-boost|p2a: China Attacks|spe|1\n|move|p1a: Okidogi|Drain Punch|p2a: China Attacks\n|-immune|p2a: China Attacks\n|\n|upkeep\n|turn|2\n|\n|t:|1700253251\n|move|p2a: China Attacks|Population Bomb|p1a: Okidogi\n|-damage|p1a: Okidogi|86\/100\n|-damage|p1a: Okidogi|72\/100\n|-crit|p1a: Okidogi\n|-damage|p1a: Okidogi|54\/100\n|-damage|p1a: Okidogi|40\/100\n|-damage|p1a: Okidogi|26\/100\n|-damage|p1a: Okidogi|14\/100\n|-crit|p1a: Okidogi\n|-damage|p1a: Okidogi|0 fnt\n|faint|p1a: Okidogi\n|-hitcount|p1: Okidogi|7\n|\n|upkeep\n|inactive|Battle timer is ON: inactive players will automatically lose when time's up. (requested by MouseAttack)\n|\n|t:|1700253262\n|switch|p1a: Dondozo|Dondozo, M|100\/100\n|turn|3\n|\n|t:|1700253267\n|move|p2a: China Attacks|Population Bomb|p1a: Dondozo|[miss]\n|-miss|p2a: China Attacks|p1a: Dondozo\n|move|p1a: Dondozo|Curse|p1a: Dondozo\n|-unboost|p1a: Dondozo|spe|1\n|-boost|p1a: Dondozo|atk|1\n|-boost|p1a: Dondozo|def|1\n|\n|upkeep\n|turn|4\n|\n|t:|1700253278\n|move|p2a: China Attacks|Encore|p1a: Dondozo\n|-start|p1a: Dondozo|Encore\n|move|p1a: Dondozo|Curse|p1a: Dondozo\n|-unboost|p1a: Dondozo|spe|1\n|-boost|p1a: Dondozo|atk|1\n|-boost|p1a: Dondozo|def|1\n|\n|upkeep\n|turn|5\n|\n|t:|1700253287\n|move|p2a: China Attacks|Population Bomb|p1a: Dondozo\n|-damage|p1a: Dondozo|98\/100\n|-damage|p1a: Dondozo|95\/100\n|-damage|p1a: Dondozo|92\/100\n|-damage|p1a: Dondozo|89\/100\n|-damage|p1a: Dondozo|86\/100\n|-damage|p1a: Dondozo|83\/100\n|-damage|p1a: Dondozo|80\/100\n|-damage|p1a: Dondozo|77\/100\n|-damage|p1a: Dondozo|74\/100\n|-damage|p1a: Dondozo|71\/100\n|-hitcount|p1a: Dondozo|10\n|move|p1a: Dondozo|Curse|p1a: Dondozo\n|-unboost|p1a: Dondozo|spe|1\n|-boost|p1a: Dondozo|atk|1\n|-boost|p1a: Dondozo|def|1\n|\n|-heal|p1a: Dondozo|77\/100|[from] item: Leftovers\n|upkeep\n|turn|6\n|\n|t:|1700253291\n|move|p2a: China Attacks|Population Bomb|p1a: Dondozo\n|-damage|p1a: Dondozo|75\/100\n|-damage|p1a: Dondozo|73\/100\n|-damage|p1a: Dondozo|71\/100\n|-damage|p1a: Dondozo|68\/100\n|-damage|p1a: Dondozo|66\/100\n|-damage|p1a: Dondozo|64\/100\n|-damage|p1a: Dondozo|61\/100\n|-damage|p1a: Dondozo|59\/100\n|-damage|p1a: Dondozo|56\/100\n|-damage|p1a: Dondozo|54\/100\n|-hitcount|p1a: Dondozo|10\n|move|p1a: Dondozo|Curse|p1a: Dondozo\n|-unboost|p1a: Dondozo|spe|1\n|-boost|p1a: Dondozo|atk|1\n|-boost|p1a: Dondozo|def|1\n|\n|-heal|p1a: Dondozo|61\/100|[from] item: Leftovers\n|-end|p1a: Dondozo|Encore\n|upkeep\n|turn|7\n|\n|t:|1700253299\n|move|p2a: China Attacks|Encore|p1a: Dondozo\n|-start|p1a: Dondozo|Encore\n|move|p1a: Dondozo|Curse|p1a: Dondozo\n|-unboost|p1a: Dondozo|spe|1\n|-boost|p1a: Dondozo|atk|1\n|-boost|p1a: Dondozo|def|1\n|\n|-heal|p1a: Dondozo|67\/100|[from] item: Leftovers\n|upkeep\n|turn|8\n|\n|t:|1700253304\n|switch|p1a: Dusknoir|Dusknoir, F|100\/100\n|-ability|p1a: Dusknoir|Pressure\n|move|p2a: China Attacks|Population Bomb|p1a: Dusknoir\n|-immune|p1a: Dusknoir\n|\n|upkeep\n|turn|9\n|\n|t:|1700253308\n|move|p2a: China Attacks|Bite|p1a: Dusknoir\n|-supereffective|p1a: Dusknoir\n|-damage|p1a: Dusknoir|41\/100\n|move|p1a: Dusknoir|Poltergeist|p2a: China Attacks\n|-activate|p2a: China Attacks|move: Poltergeist|Wide Lens\n|-supereffective|p2a: China Attacks\n|-damage|p2a: China Attacks|0 fnt\n|faint|p2a: China Attacks\n|\n|upkeep\n|\n|t:|1700253317\n|switch|p2a: PinkyPie|Weavile, F, shiny|100\/100\n|-ability|p2a: PinkyPie|Pressure\n|turn|10\n|\n|t:|1700253329\n|move|p2a: PinkyPie|Knock Off|p1a: Dusknoir\n|-supereffective|p1a: Dusknoir\n|-damage|p1a: Dusknoir|0 fnt\n|-enditem|p1a: Dusknoir|Heavy-Duty Boots|[from] move: Knock Off|[of] p2a: PinkyPie\n|faint|p1a: Dusknoir\n|\n|upkeep\n|\n|t:|1700253345\n|switch|p1a: Dondozo|Dondozo, M|67\/100\n|turn|11\n|\n|t:|1700253349\n|switch|p2a: Masterball|Amoonguss, M, shiny|100\/100\n|move|p1a: Dondozo|Body Press|p2a: Masterball\n|-resisted|p2a: Masterball\n|-damage|p2a: Masterball|91\/100\n|-enditem|p2a: Masterball|Red Card|[of] p1a: Dondozo\n|drag|p1a: Crawdaunt|Crawdaunt, F|100\/100\n|\n|upkeep\n|turn|12\n|\n|t:|1700253355\n|move|p1a: Crawdaunt|Knock Off|p2a: Masterball\n|-damage|p2a: Masterball|49\/100\n|-damage|p1a: Crawdaunt|91\/100|[from] item: Life Orb\n|move|p2a: Masterball|Spore|p1a: Crawdaunt\n|-status|p1a: Crawdaunt|slp|[from] move: Spore\n|\n|upkeep\n|turn|13\n|\n|t:|1700253363\n|switch|p1a: Hatterene|Hatterene, F|100\/100\n|switch|p2a: \u270f\ufe0f Sharpner|Samurott-Hisui, M, shiny|100\/100\n|\n|upkeep\n|turn|14\n|\n|t:|1700253377\n|move|p2a: \u270f\ufe0f Sharpner|Ceaseless Edge|p1a: Hatterene|[miss]\n|-miss|p2a: \u270f\ufe0f Sharpner|p1a: Hatterene\n|move|p1a: Hatterene|Trick Room|p1a: Hatterene\n|-fieldstart|move: Trick Room|[of] p1a: Hatterene\n|\n|upkeep\n|turn|15\n|\n|t:|1700253384\n|move|p1a: Hatterene|Draining Kiss|p2a: \u270f\ufe0f Sharpner\n|-supereffective|p2a: \u270f\ufe0f Sharpner\n|-damage|p2a: \u270f\ufe0f Sharpner|27\/100\n|move|p2a: \u270f\ufe0f Sharpner|Ceaseless Edge|p1a: Hatterene\n|-damage|p1a: Hatterene|39\/100\n|-sidestart|p1: Lilyfith X-2|Spikes\n|\n|-heal|p1a: Hatterene|45\/100|[from] item: Leftovers\n|upkeep\n|turn|16\n|\n|t:|1700253391\n|switch|p2a: Masterball|Amoonguss, M, shiny|82\/100\n|move|p1a: Hatterene|Draining Kiss|p2a: Masterball\n|-resisted|p2a: Masterball\n|-damage|p2a: Masterball|69\/100\n|-heal|p1a: Hatterene|59\/100|[from] drain|[of] p2a: Masterball\n|\n|-heal|p1a: Hatterene|65\/100|[from] item: Leftovers\n|upkeep\n|turn|17\n|\n|t:|1700253398\n|move|p1a: Hatterene|Mystical Fire|p2a: Masterball\n|-supereffective|p2a: Masterball\n|-damage|p2a: Masterball|12\/100\n|-unboost|p2a: Masterball|spa|1\n|move|p2a: Masterball|Sludge Bomb|p1a: Hatterene\n|-supereffective|p1a: Hatterene\n|-damage|p1a: Hatterene|32\/100\n|-status|p1a: Hatterene|psn\n|\n|-heal|p1a: Hatterene|38\/100 psn|[from] item: Leftovers\n|-damage|p1a: Hatterene|25\/100 psn|[from] psn\n|upkeep\n|turn|18\n|inactive|MouseAttack has 120 seconds left.\n|\n|t:|1700253432\n|switch|p2a: PinkyPie|Weavile, F, shiny|100\/100\n|-ability|p2a: PinkyPie|Pressure\n|move|p1a: Hatterene|Mystical Fire|p2a: PinkyPie\n|-supereffective|p2a: PinkyPie\n|-damage|p2a: PinkyPie|21\/100\n|-unboost|p2a: PinkyPie|spa|1\n|\n|-heal|p1a: Hatterene|32\/100 psn|[from] item: Leftovers\n|-damage|p1a: Hatterene|19\/100 psn|[from] psn\n|-fieldend|move: Trick Room\n|upkeep\n|turn|19\n|\n|t:|1700253442\n|move|p2a: PinkyPie|Knock Off|p1a: Hatterene\n|-damage|p1a: Hatterene|0 fnt\n|-enditem|p1a: Hatterene|Leftovers|[from] move: Knock Off|[of] p2a: PinkyPie\n|faint|p1a: Hatterene\n|\n|upkeep\n|\n|t:|1700253452\n|switch|p1a: Conkeldurr|Conkeldurr, F|100\/100\n|-damage|p1a: Conkeldurr|88\/100|[from] Spikes\n|turn|20\n|\n|t:|1700253464\n|move|p1a: Conkeldurr|Mach Punch|p2a: PinkyPie\n|-supereffective|p2a: PinkyPie\n|-damage|p2a: PinkyPie|0 fnt\n|faint|p2a: PinkyPie\n|\n|-status|p1a: Conkeldurr|brn|[from] item: Flame Orb\n|upkeep\n|\n|t:|1700253466\n|switch|p2a: Masterball|Amoonguss, M, shiny|46\/100\n|turn|21\n|\n|t:|1700253472\n|switch|p2a: \u270f\ufe0f Sharpner|Samurott-Hisui, M, shiny|27\/100\n|-terastallize|p1a: Conkeldurr|Normal\n|move|p1a: Conkeldurr|Facade|p2a: \u270f\ufe0f Sharpner\n|-damage|p2a: \u270f\ufe0f Sharpner|0 fnt\n|faint|p2a: \u270f\ufe0f Sharpner\n|\n|-damage|p1a: Conkeldurr|82\/100 brn|[from] brn\n|upkeep\n|\n|t:|1700253480\n|switch|p2a: Garganaci|Garganacl, M|100\/100\n|turn|22\n|\n|t:|1700253485\n|move|p1a: Conkeldurr|Close Combat|p2a: Garganaci\n|-supereffective|p2a: Garganaci\n|-damage|p2a: Garganaci|0 fnt\n|-unboost|p1a: Conkeldurr|def|1\n|-unboost|p1a: Conkeldurr|spd|1\n|faint|p2a: Garganaci\n|\n|-damage|p1a: Conkeldurr|76\/100 brn|[from] brn\n|upkeep\n|\n|t:|1700253490\n|switch|p2a: Masterball|Amoonguss, M, shiny|79\/100\n|turn|23\n|\n|t:|1700253495\n|move|p1a: Conkeldurr|Facade|p2a: Masterball\n|-damage|p2a: Masterball|0 fnt\n|faint|p2a: Masterball\n|\n|-damage|p1a: Conkeldurr|70\/100 brn|[from] brn\n|upkeep\n|\n|t:|1700253498\n|switch|p2a: Jon Snow|Kingambit, F|100\/100\n|-activate|p2a: Jon Snow|ability: Supreme Overlord\n|-start|p2a: Jon Snow|fallen5|[silent]\n|turn|24\n|\n|t:|1700253505\n|switch|p1a: Crawdaunt|Crawdaunt, F|91\/100 slp\n|-damage|p1a: Crawdaunt|78\/100 slp|[from] Spikes\n|move|p2a: Jon Snow|Sucker Punch||[still]\n|-fail|p2a: Jon Snow\n|\n|upkeep\n|turn|25\n|\n|t:|1700253511\n|cant|p1a: Crawdaunt|slp\n|move|p2a: Jon Snow|Swords Dance|p2a: Jon Snow\n|-boost|p2a: Jon Snow|atk|2\n|\n|upkeep\n|turn|26\n|\n|t:|1700253515\n|cant|p1a: Crawdaunt|slp\n|move|p2a: Jon Snow|Low Kick|p1a: Crawdaunt\n|-supereffective|p1a: Crawdaunt\n|-damage|p1a: Crawdaunt|0 fnt\n|faint|p1a: Crawdaunt\n|\n|upkeep\n|\n|t:|1700253519\n|switch|p1a: Dondozo|Dondozo, M|67\/100\n|-damage|p1a: Dondozo|54\/100|[from] Spikes\n|turn|27\n|\n|t:|1700253522\n|move|p2a: Jon Snow|Low Kick|p1a: Dondozo\n|-damage|p1a: Dondozo|16\/100\n|move|p1a: Dondozo|Body Press|p2a: Jon Snow\n|-supereffective|p2a: Jon Snow\n|-damage|p2a: Jon Snow|20\/100\n|\n|-heal|p2a: Jon Snow|26\/100|[from] item: Leftovers\n|-heal|p1a: Dondozo|22\/100|[from] item: Leftovers\n|upkeep\n|turn|28\n|\n|t:|1700253530\n|move|p2a: Jon Snow|Low Kick|p1a: Dondozo\n|-damage|p1a: Dondozo|0 fnt\n|faint|p1a: Dondozo\n|\n|-heal|p2a: Jon Snow|32\/100|[from] item: Leftovers\n|upkeep\n|\n|t:|1700253533\n|switch|p1a: Conkeldurr|Conkeldurr, F, tera:Normal|70\/100 brn\n|-damage|p1a: Conkeldurr|58\/100 brn|[from] Spikes\n|turn|29\n|\n|t:|1700253535\n|move|p2a: Jon Snow|Sucker Punch|p1a: Conkeldurr\n|-damage|p1a: Conkeldurr|0 fnt\n|faint|p1a: Conkeldurr\n|\n|win|MouseAttack\n|raw|Lilyfith X-2's rating: 1179 &rarr; <strong>1147<\/strong><br \/>(-32 for losing)\n|raw|MouseAttack's rating: 1081 &rarr; <strong>1117<\/strong><br \/>(+36 for winning)\n|l|\u2606Lilyfith X-2\n","uploadtime":1700253541,"views":12,"p1id":"lilyfithx2","p2id":"mouseattack","formatid":"gen9ou","rating":1117,"private":0,"password":""}