{"id":"gen9ou-1992879039","p1":"Robros","p2":"48seed","format":"[Gen 9] OU","log":"|j|\u2606Robros\n|j|\u260648seed\n|t:|1700243314\n|gametype|singles\n|player|p1|Robros|169|1177\n|player|p2|48seed|aromalady|1263\n|teamsize|p1|6\n|teamsize|p2|6\n|gen|9\n|tier|[Gen 9] OU\n|rated|\n|rule|Sleep Clause Mod: Limit one foe put to sleep\n|rule|Species Clause: Limit one of each Pok\u00e9mon\n|rule|OHKO Clause: OHKO moves are banned\n|rule|Evasion Items Clause: Evasion items are banned\n|rule|Evasion Moves Clause: Evasion moves are banned\n|rule|Endless Battle Clause: Forcing endless battles is banned\n|rule|HP Percentage Mod: HP is shown in percentages\n|clearpoke\n|poke|p1|Dragapult, M|\n|poke|p1|Scizor, F|\n|poke|p1|Slowking-Galar, M|\n|poke|p1|Garchomp, M|\n|poke|p1|Dragonite, F|\n|poke|p1|Gholdengo|\n|poke|p2|Garganacl, M|\n|poke|p2|Alomomola, M|\n|poke|p2|Clefable, F|\n|poke|p2|Mandibuzz, F|\n|poke|p2|Slowking-Galar, F|\n|poke|p2|Clodsire, F|\n|teampreview\n|inactive|Battle timer is ON: inactive players will automatically lose when time's up. (requested by Robros)\n|\n|t:|1700243329\n|start\n|switch|p1a: Scizor|Scizor, F|100\/100\n|switch|p2a: Mandibuzz|Mandibuzz, F|100\/100\n|turn|1\n|\n|t:|1700243336\n|move|p2a: Mandibuzz|Knock Off|p1a: Scizor\n|-damage|p1a: Scizor|78\/100\n|-enditem|p1a: Scizor|Life Orb|[from] move: Knock Off|[of] p2a: Mandibuzz\n|move|p1a: Scizor|Swords Dance|p1a: Scizor\n|-boost|p1a: Scizor|atk|2\n|\n|upkeep\n|turn|2\n|\n|t:|1700243347\n|move|p1a: Scizor|Bullet Punch|p2a: Mandibuzz\n|-damage|p2a: Mandibuzz|61\/100\n|move|p2a: Mandibuzz|U-turn|p1a: Scizor\n|-resisted|p1a: Scizor\n|-damage|p1a: Scizor|72\/100\n|\n|t:|1700243352\n|switch|p2a: Alomomola|Alomomola, M|100\/100|[from] U-turn\n|\n|upkeep\n|turn|3\n|\n|t:|1700243357\n|move|p2a: Alomomola|Wish|p2a: Alomomola\n|move|p1a: Scizor|Knock Off|p2a: Alomomola\n|-damage|p2a: Alomomola|63\/100\n|-enditem|p2a: Alomomola|Red Card|[from] move: Knock Off|[of] p1a: Scizor\n|\n|upkeep\n|turn|4\n|\n|t:|1700243362\n|move|p1a: Scizor|Swords Dance|p1a: Scizor\n|-boost|p1a: Scizor|atk|2\n|move|p2a: Alomomola|Scald|p1a: Scizor\n|-damage|p1a: Scizor|57\/100\n|\n|-heal|p2a: Alomomola|100\/100|[from] move: Wish|[wisher] Alomomola\n|upkeep\n|turn|5\n|\n|t:|1700243372\n|move|p2a: Alomomola|Scald|p1a: Scizor\n|-damage|p1a: Scizor|41\/100\n|move|p1a: Scizor|U-turn|p2a: Alomomola\n|-damage|p2a: Alomomola|36\/100\n|\n|t:|1700243379\n|switch|p1a: Dragapult|Dragapult, M|100\/100|[from] U-turn\n|\n|upkeep\n|turn|6\n|\n|t:|1700243384\n|switch|p2a: Mandibuzz|Mandibuzz, F|61\/100\n|move|p1a: Dragapult|Shadow Ball|p2a: Mandibuzz\n|-resisted|p2a: Mandibuzz\n|-damage|p2a: Mandibuzz|36\/100\n|\n|upkeep\n|turn|7\n|\n|t:|1700243395\n|switch|p1a: Gholdengo|Gholdengo|100\/100\n|-item|p1a: Gholdengo|Air Balloon\n|move|p2a: Mandibuzz|Roost|p2a: Mandibuzz\n|-heal|p2a: Mandibuzz|86\/100\n|-singleturn|p2a: Mandibuzz|move: Roost\n|\n|upkeep\n|turn|8\n|\n|t:|1700243406\n|move|p1a: Gholdengo|Nasty Plot|p1a: Gholdengo\n|-boost|p1a: Gholdengo|spa|2\n|move|p2a: Mandibuzz|U-turn|p1a: Gholdengo\n|-resisted|p1a: Gholdengo\n|-damage|p1a: Gholdengo|97\/100\n|-enditem|p1a: Gholdengo|Air Balloon\n|\n|t:|1700243413\n|switch|p2a: Clodsire|Clodsire, F|100\/100|[from] U-turn\n|\n|upkeep\n|turn|9\n|\n|t:|1700243419\n|move|p1a: Gholdengo|Psyshock|p2a: Clodsire\n|-supereffective|p2a: Clodsire\n|-damage|p2a: Clodsire|31\/100\n|move|p2a: Clodsire|Spikes|p1a: Gholdengo\n|-sidestart|p1: Robros|Spikes\n|\n|-heal|p2a: Clodsire|37\/100|[from] item: Leftovers\n|upkeep\n|turn|10\n|\n|t:|1700243429\n|switch|p2a: Mandibuzz|Mandibuzz, F|86\/100\n|move|p1a: Gholdengo|Psyshock|p2a: Mandibuzz\n|-immune|p2a: Mandibuzz\n|\n|upkeep\n|turn|11\n|\n|t:|1700243437\n|move|p1a: Gholdengo|Make It Rain|p2a: Mandibuzz\n|-damage|p2a: Mandibuzz|0 fnt\n|-unboost|p1a: Gholdengo|spa|1\n|faint|p2a: Mandibuzz\n|\n|upkeep\n|\n|t:|1700243444\n|switch|p2a: Alomomola|Alomomola, M|69\/100\n|turn|12\n|\n|t:|1700243448\n|move|p1a: Gholdengo|Shadow Ball|p2a: Alomomola\n|-damage|p2a: Alomomola|0 fnt\n|faint|p2a: Alomomola\n|\n|upkeep\n|\n|t:|1700243453\n|switch|p2a: Garganacl|Garganacl, M|100\/100\n|turn|13\n|\n|t:|1700243456\n|move|p1a: Gholdengo|Make It Rain|p2a: Garganacl\n|-supereffective|p2a: Garganacl\n|-damage|p2a: Garganacl|0 fnt\n|-unboost|p1a: Gholdengo|spa|1\n|faint|p2a: Garganacl\n|\n|upkeep\n|\n|t:|1700243463\n|switch|p2a: Slowking|Slowking-Galar, F|100\/100\n|turn|14\n|\n|t:|1700243470\n|-terastallize|p2a: Slowking|Poison\n|move|p1a: Gholdengo|Shadow Ball|p2a: Slowking\n|-damage|p2a: Slowking|74\/100\n|move|p2a: Slowking|Flamethrower|p1a: Gholdengo\n|-supereffective|p1a: Gholdengo\n|-damage|p1a: Gholdengo|43\/100\n|\n|-heal|p2a: Slowking|80\/100|[from] item: Leftovers\n|upkeep\n|turn|15\n|\n|t:|1700243482\n|move|p1a: Gholdengo|Make It Rain|p2a: Slowking\n|-damage|p2a: Slowking|39\/100\n|-unboost|p1a: Gholdengo|spa|1\n|move|p2a: Slowking|Future Sight|p1a: Gholdengo\n|-start|p2a: Slowking|move: Future Sight\n|\n|-heal|p2a: Slowking|45\/100|[from] item: Leftovers\n|upkeep\n|turn|16\n|\n|t:|1700243492\n|switch|p2a: Clefable|Clefable, F|100\/100\n|move|p1a: Gholdengo|Nasty Plot|p1a: Gholdengo\n|-boost|p1a: Gholdengo|spa|2\n|\n|upkeep\n|turn|17\n|\n|t:|1700243498\n|move|p1a: Gholdengo|Make It Rain|p2a: Clefable\n|-supereffective|p2a: Clefable\n|-damage|p2a: Clefable|0 fnt\n|-unboost|p1a: Gholdengo|spa|1\n|faint|p2a: Clefable\n|\n|-end|p1a: Gholdengo|move: Future Sight\n|-resisted|p1a: Gholdengo\n|-crit|p1a: Gholdengo\n|-damage|p1a: Gholdengo|0 fnt\n|faint|p1a: Gholdengo\n|upkeep\n|\n|t:|1700243510\n|switch|p1a: Garchomp|Garchomp, M|100\/100\n|switch|p2a: Clodsire|Clodsire, F|37\/100\n|-damage|p1a: Garchomp|88\/100|[from] Spikes\n|turn|18\n|\n|t:|1700243517\n|move|p1a: Garchomp|Earthquake|p2a: Clodsire\n|-supereffective|p2a: Clodsire\n|-damage|p2a: Clodsire|0 fnt\n|faint|p2a: Clodsire\n|\n|upkeep\n|\n|t:|1700243521\n|switch|p2a: Slowking|Slowking-Galar, F, tera:Poison|78\/100\n|turn|19\n|\n|t:|1700243524\n|move|p1a: Garchomp|Earthquake|p2a: Slowking\n|-supereffective|p2a: Slowking\n|-damage|p2a: Slowking|0 fnt\n|faint|p2a: Slowking\n|\n|win|Robros\n|raw|Robros's rating: 1177 &rarr; <strong>1208<\/strong><br \/>(+31 for winning)\n|raw|48seed's rating: 1263 &rarr; <strong>1232<\/strong><br \/>(-31 for losing)\n|l|\u260648seed\n","uploadtime":1700243533,"views":11,"p1id":"robros","p2id":"48seed","formatid":"gen9ou","rating":1208,"private":0,"password":""}