{"id":"gen9ou-2000506265","p1":"pastagirl","p2":"Fridgoris","format":"[Gen 9] OU","log":"|j|\u2606pastagirl\n|j|\u2606Fridgoris\n|t:|1701200519\n|gametype|singles\n|player|p1|pastagirl|elesa|1586\n|player|p2|Fridgoris|sage|1678\n|teamsize|p1|6\n|teamsize|p2|6\n|gen|9\n|tier|[Gen 9] OU\n|rated|\n|rule|Sleep Clause Mod: Limit one foe put to sleep\n|rule|Species Clause: Limit one of each Pok\u00e9mon\n|rule|OHKO Clause: OHKO moves are banned\n|rule|Evasion Items Clause: Evasion items are banned\n|rule|Evasion Moves Clause: Evasion moves are banned\n|rule|Endless Battle Clause: Forcing endless battles is banned\n|rule|HP Percentage Mod: HP is shown in percentages\n|clearpoke\n|poke|p1|Pelipper, F|\n|poke|p1|Barraskewda, M|\n|poke|p1|Quaquaval, M|\n|poke|p1|Manaphy|\n|poke|p1|Garganacl, F|\n|poke|p1|Overqwil, F|\n|poke|p2|Alomomola, F|\n|poke|p2|Slowking-Galar, F|\n|poke|p2|Kingambit, F|\n|poke|p2|Cinderace, F|\n|poke|p2|Great Tusk|\n|poke|p2|Thundurus-Therian, M|\n|teampreview\n|\n|t:|1701200533\n|start\n|switch|p1a: \"ferrothorn\"|Garganacl, F|100\/100\n|switch|p2a: Thundurus|Thundurus-Therian, M|100\/100\n|turn|1\n|inactive|Battle timer is ON: inactive players will automatically lose when time's up. (requested by Fridgoris)\n|\n|t:|1701200543\n|move|p2a: Thundurus|Volt Switch|p1a: \"ferrothorn\"\n|-crit|p1a: \"ferrothorn\"\n|-damage|p1a: \"ferrothorn\"|26\/100\n|\n|t:|1701200545\n|switch|p2a: Slowking|Slowking-Galar, F|100\/100|[from] Volt Switch\n|move|p1a: \"ferrothorn\"|Salt Cure|p2a: Slowking\n|-damage|p2a: Slowking|86\/100\n|-start|p2a: Slowking|Salt Cure\n|\n|-heal|p1a: \"ferrothorn\"|32\/100|[from] item: Leftovers\n|-damage|p2a: Slowking|73\/100|[from] Salt Cure\n|upkeep\n|turn|2\n|\n|t:|1701200549\n|move|p1a: \"ferrothorn\"|Recover|p1a: \"ferrothorn\"\n|-heal|p1a: \"ferrothorn\"|82\/100\n|move|p2a: Slowking|Chilly Reception|p2a: Slowking\n|-weather|Snow\n|\n|t:|1701200550\n|switch|p2a: Thundurus|Thundurus-Therian, M|100\/100|[from] Chilly Reception\n|\n|-weather|Snow|[upkeep]\n|-heal|p1a: \"ferrothorn\"|89\/100|[from] item: Leftovers\n|upkeep\n|turn|3\n|\n|t:|1701200568\n|switch|p1a: Overqwil|Overqwil, F|100\/100\n|move|p2a: Thundurus|Grass Knot|p1a: Overqwil\n|-resisted|p1a: Overqwil\n|-damage|p1a: Overqwil|64\/100\n|\n|-weather|Snow|[upkeep]\n|upkeep\n|turn|4\n|\n|t:|1701200575\n|switch|p2a: Kingambit|Kingambit, F|100\/100\n|switch|p1a: EL PELIGRO|Pelipper, F, shiny|100\/100\n|-weather|RainDance|[from] ability: Drizzle|[of] p1a: EL PELIGRO\n|\n|-weather|RainDance|[upkeep]\n|upkeep\n|turn|5\n|\n|t:|1701200583\n|-end|p2a: Kingambit|fallenundefined|[silent]\n|switch|p2a: Slowking|Slowking-Galar, F|100\/100\n|move|p1a: EL PELIGRO|U-turn|p2a: Slowking\n|-damage|p2a: Slowking|90\/100\n|\n|t:|1701200587\n|switch|p1a: Overqwil|Overqwil, F|64\/100|[from] U-turn\n|\n|-weather|RainDance|[upkeep]\n|upkeep\n|turn|6\n|\n|t:|1701200591\n|move|p1a: Overqwil|Crunch|p2a: Slowking\n|-supereffective|p2a: Slowking\n|-enditem|p2a: Slowking|Colbur Berry|[eat]\n|-enditem|p2a: Slowking|Colbur Berry|[weaken]\n|-damage|p2a: Slowking|31\/100\n|-damage|p1a: Overqwil|54\/100|[from] item: Life Orb\n|move|p2a: Slowking|Chilly Reception|p2a: Slowking\n|-weather|Snow\n|\n|t:|1701200601\n|switch|p2a: Thundurus|Thundurus-Therian, M|100\/100|[from] Chilly Reception\n|\n|-weather|Snow|[upkeep]\n|upkeep\n|turn|7\n|\n|t:|1701200607\n|switch|p1a: \"ferrothorn\"|Garganacl, F|89\/100\n|move|p2a: Thundurus|Volt Switch|p1a: \"ferrothorn\"\n|-damage|p1a: \"ferrothorn\"|39\/100\n|\n|t:|1701200612\n|switch|p2a: Great Tusk|Great Tusk|100\/100|[from] Volt Switch\n|\n|-weather|Snow|[upkeep]\n|-heal|p1a: \"ferrothorn\"|45\/100|[from] item: Leftovers\n|upkeep\n|turn|8\n|\n|t:|1701200615\n|switch|p1a: EL PELIGRO|Pelipper, F, shiny|100\/100\n|-weather|RainDance|[from] ability: Drizzle|[of] p1a: EL PELIGRO\n|move|p2a: Great Tusk|Stealth Rock|p1a: EL PELIGRO\n|-sidestart|p1: pastagirl|move: Stealth Rock\n|\n|-weather|RainDance|[upkeep]\n|upkeep\n|turn|9\n|\n|t:|1701200620\n|-end|p2a: Great Tusk|Protosynthesis|[silent]\n|switch|p2a: Slowking|Slowking-Galar, F|64\/100\n|move|p1a: EL PELIGRO|U-turn|p2a: Slowking\n|-damage|p2a: Slowking|54\/100\n|\n|t:|1701200624\n|switch|p1a: Barraskewda|Barraskewda, M|100\/100|[from] U-turn\n|-damage|p1a: Barraskewda|88\/100|[from] Stealth Rock\n|\n|-weather|RainDance|[upkeep]\n|upkeep\n|turn|10\n|\n|t:|1701200628\n|switch|p2a: Alomomola|Alomomola, F|100\/100\n|move|p1a: Barraskewda|Flip Turn|p2a: Alomomola\n|-resisted|p2a: Alomomola\n|-damage|p2a: Alomomola|78\/100\n|-enditem|p2a: Alomomola|Red Card|[of] p1a: Barraskewda\n|drag|p1a: EL PELIGRO|Pelipper, F, shiny|100\/100\n|-damage|p1a: EL PELIGRO|76\/100|[from] Stealth Rock\n|\n|-weather|RainDance|[upkeep]\n|upkeep\n|turn|11\n|\n|t:|1701200636\n|switch|p1a: Manaphy|Manaphy|100\/100\n|-damage|p1a: Manaphy|88\/100|[from] Stealth Rock\n|move|p2a: Alomomola|Flip Turn|p1a: Manaphy\n|-resisted|p1a: Manaphy\n|-damage|p1a: Manaphy|79\/100\n|\n|t:|1701200639\n|switch|p2a: Thundurus|Thundurus-Therian, M|100\/100|[from] Flip Turn\n|\n|-weather|RainDance|[upkeep]\n|-heal|p1a: Manaphy|85\/100|[from] item: Leftovers\n|upkeep\n|turn|12\n|\n|t:|1701200648\n|-terastallize|p1a: Manaphy|Dragon\n|move|p2a: Thundurus|Volt Switch|p1a: Manaphy\n|-resisted|p1a: Manaphy\n|-damage|p1a: Manaphy|60\/100\n|\n|t:|1701200655\n|switch|p2a: Alomomola|Alomomola, F|100\/100|[from] Volt Switch\n|move|p1a: Manaphy|Tail Glow|p1a: Manaphy\n|-boost|p1a: Manaphy|spa|3\n|\n|-weather|RainDance|[upkeep]\n|-heal|p1a: Manaphy|67\/100|[from] item: Leftovers\n|upkeep\n|turn|13\n|\n|t:|1701200659\n|move|p1a: Manaphy|Surf|p2a: Alomomola\n|-resisted|p2a: Alomomola\n|-damage|p2a: Alomomola|33\/100\n|move|p2a: Alomomola|Flip Turn|p1a: Manaphy\n|-resisted|p1a: Manaphy\n|-damage|p1a: Manaphy|56\/100\n|\n|t:|1701200662\n|switch|p2a: Thundurus|Thundurus-Therian, M|100\/100|[from] Flip Turn\n|\n|-weather|RainDance|[upkeep]\n|-heal|p1a: Manaphy|62\/100|[from] item: Leftovers\n|upkeep\n|turn|14\n|\n|t:|1701200665\n|-terastallize|p2a: Thundurus|Flying\n|move|p2a: Thundurus|Tera Blast|p1a: Manaphy|[anim] Tera Blast Flying\n|-damage|p1a: Manaphy|0 fnt\n|faint|p1a: Manaphy\n|\n|-weather|RainDance|[upkeep]\n|upkeep\n|\n|t:|1701200669\n|switch|p1a: Barraskewda|Barraskewda, M|88\/100\n|-damage|p1a: Barraskewda|76\/100|[from] Stealth Rock\n|turn|15\n|\n|t:|1701200672\n|switch|p2a: Alomomola|Alomomola, F|66\/100\n|move|p1a: Barraskewda|Liquidation|p2a: Alomomola\n|-resisted|p2a: Alomomola\n|-damage|p2a: Alomomola|34\/100\n|\n|-weather|none\n|upkeep\n|turn|16\n|\n|t:|1701200677\n|move|p1a: Barraskewda|Liquidation|p2a: Alomomola\n|-resisted|p2a: Alomomola\n|-damage|p2a: Alomomola|13\/100\n|move|p2a: Alomomola|Flip Turn|p1a: Barraskewda\n|-resisted|p1a: Barraskewda\n|-damage|p1a: Barraskewda|60\/100\n|\n|t:|1701200683\n|switch|p2a: Kingambit|Kingambit, F|100\/100|[from] Flip Turn\n|\n|upkeep\n|turn|17\n|\n|t:|1701200685\n|switch|p1a: quacker oats|Quaquaval, M|100\/100\n|move|p2a: Kingambit|Kowtow Cleave|p1a: quacker oats\n|-resisted|p1a: quacker oats\n|-damage|p1a: quacker oats|70\/100\n|\n|upkeep\n|turn|18\n|\n|t:|1701200690\n|-end|p2a: Kingambit|fallenundefined|[silent]\n|switch|p2a: Alomomola|Alomomola, F|47\/100\n|move|p1a: quacker oats|Rapid Spin|p2a: Alomomola\n|-damage|p2a: Alomomola|37\/100\n|-boost|p1a: quacker oats|spe|1\n|-sideend|p1: pastagirl|Stealth Rock|[from] move: Rapid Spin|[of] p1a: quacker oats\n|\n|upkeep\n|turn|19\n|\n|t:|1701200694\n|move|p1a: quacker oats|Close Combat|p2a: Alomomola\n|-damage|p2a: Alomomola|1\/100\n|-unboost|p1a: quacker oats|def|1\n|-unboost|p1a: quacker oats|spd|1\n|move|p2a: Alomomola|Flip Turn|p1a: quacker oats\n|-resisted|p1a: quacker oats\n|-damage|p1a: quacker oats|55\/100\n|\n|t:|1701200701\n|switch|p2a: Slowking|Slowking-Galar, F|87\/100|[from] Flip Turn\n|\n|upkeep\n|turn|20\n|\n|t:|1701200708\n|switch|p1a: Overqwil|Overqwil, F|54\/100\n|move|p2a: Slowking|Sludge Bomb|p1a: Overqwil\n|-resisted|p1a: Overqwil\n|-damage|p1a: Overqwil|28\/100\n|\n|upkeep\n|turn|21\n|\n|t:|1701200717\n|switch|p2a: Great Tusk|Great Tusk|100\/100\n|move|p1a: Overqwil|Crunch|p2a: Great Tusk\n|-resisted|p2a: Great Tusk\n|-damage|p2a: Great Tusk|82\/100\n|-damage|p1a: Overqwil|12\/100|[from] item: Rocky Helmet|[of] p2a: Great Tusk\n|-damage|p1a: Overqwil|2\/100|[from] item: Life Orb\n|\n|upkeep\n|turn|22\n|\n|t:|1701200726\n|switch|p1a: EL PELIGRO|Pelipper, F, shiny|76\/100\n|-weather|RainDance|[from] ability: Drizzle|[of] p1a: EL PELIGRO\n|move|p2a: Great Tusk|Stealth Rock|p1a: EL PELIGRO\n|-sidestart|p1: pastagirl|move: Stealth Rock\n|\n|-weather|RainDance|[upkeep]\n|upkeep\n|turn|23\n|\n|t:|1701200730\n|move|p2a: Great Tusk|Headlong Rush|p1a: EL PELIGRO\n|-immune|p1a: EL PELIGRO\n|move|p1a: EL PELIGRO|U-turn|p2a: Great Tusk\n|-resisted|p2a: Great Tusk\n|-damage|p2a: Great Tusk|78\/100\n|-damage|p1a: EL PELIGRO|59\/100|[from] item: Rocky Helmet|[of] p2a: Great Tusk\n|\n|t:|1701200734\n|switch|p1a: Barraskewda|Barraskewda, M|60\/100|[from] U-turn\n|-damage|p1a: Barraskewda|48\/100|[from] Stealth Rock\n|\n|-weather|RainDance|[upkeep]\n|upkeep\n|turn|24\n|\n|t:|1701200757\n|-end|p2a: Great Tusk|Protosynthesis|[silent]\n|switch|p2a: Kingambit|Kingambit, F|100\/100\n|move|p1a: Barraskewda|Liquidation|p2a: Kingambit\n|-damage|p2a: Kingambit|20\/100\n|-unboost|p2a: Kingambit|def|1\n|\n|-weather|RainDance|[upkeep]\n|-heal|p2a: Kingambit|26\/100|[from] item: Leftovers\n|upkeep\n|turn|25\n|\n|t:|1701200763\n|switch|p1a: quacker oats|Quaquaval, M|55\/100\n|move|p2a: Kingambit|Sucker Punch||[still]\n|-fail|p2a: Kingambit\n|\n|-weather|RainDance|[upkeep]\n|-heal|p2a: Kingambit|32\/100|[from] item: Leftovers\n|upkeep\n|turn|26\n|\n|t:|1701200767\n|-end|p2a: Kingambit|fallenundefined|[silent]\n|switch|p2a: Slowking|Slowking-Galar, F|100\/100\n|move|p1a: quacker oats|Aqua Step|p2a: Slowking\n|-damage|p2a: Slowking|35\/100\n|-boost|p1a: quacker oats|spe|1\n|\n|-weather|RainDance|[upkeep]\n|upkeep\n|turn|27\n|\n|t:|1701200781\n|switch|p2a: Great Tusk|Great Tusk|78\/100\n|move|p1a: quacker oats|Aqua Step|p2a: Great Tusk\n|-supereffective|p2a: Great Tusk\n|-damage|p2a: Great Tusk|0 fnt\n|-boost|p1a: quacker oats|spe|1\n|-damage|p1a: quacker oats|38\/100|[from] item: Rocky Helmet|[of] p2a: Great Tusk\n|faint|p2a: Great Tusk\n|-end|p2a: Great Tusk|Protosynthesis|[silent]\n|-ability|p1a: quacker oats|Moxie|boost\n|-boost|p1a: quacker oats|atk|1\n|\n|-weather|RainDance|[upkeep]\n|upkeep\n|\n|t:|1701200785\n|switch|p2a: Kingambit|Kingambit, F|32\/100\n|-activate|p2a: Kingambit|ability: Supreme Overlord\n|-start|p2a: Kingambit|fallen1|[silent]\n|turn|28\n|\n|t:|1701200795\n|move|p2a: Kingambit|Sucker Punch||[still]\n|-fail|p2a: Kingambit\n|move|p1a: quacker oats|Roost|p1a: quacker oats\n|-heal|p1a: quacker oats|88\/100\n|-singleturn|p1a: quacker oats|move: Roost\n|\n|-weather|RainDance|[upkeep]\n|-heal|p2a: Kingambit|38\/100|[from] item: Leftovers\n|upkeep\n|turn|29\n|\n|t:|1701200801\n|-end|p2a: Kingambit|fallen1|[silent]\n|switch|p2a: Alomomola|Alomomola, F|34\/100\n|move|p1a: quacker oats|Aqua Step|p2a: Alomomola\n|-resisted|p2a: Alomomola\n|-damage|p2a: Alomomola|9\/100\n|-boost|p1a: quacker oats|spe|1\n|\n|-weather|none\n|upkeep\n|turn|30\n|\n|t:|1701200815\n|move|p1a: quacker oats|Aqua Step|p2a: Alomomola\n|-resisted|p2a: Alomomola\n|-damage|p2a: Alomomola|0 fnt\n|-boost|p1a: quacker oats|spe|1\n|faint|p2a: Alomomola\n|-ability|p1a: quacker oats|Moxie|boost\n|-boost|p1a: quacker oats|atk|1\n|\n|upkeep\n|\n|t:|1701200817\n|switch|p2a: Thundurus|Thundurus-Therian, M, tera:Flying|100\/100\n|turn|31\n|\n|t:|1701200820\n|move|p1a: quacker oats|Aqua Step|p2a: Thundurus\n|-damage|p2a: Thundurus|0 fnt\n|-boost|p1a: quacker oats|spe|1\n|faint|p2a: Thundurus\n|-ability|p1a: quacker oats|Moxie|boost\n|-boost|p1a: quacker oats|atk|1\n|\n|upkeep\n|j| stone xo\n|-message|Fridgoris forfeited.\n|\n|win|pastagirl\n|raw|pastagirl's rating: 1586 &rarr; <strong>1611<\/strong><br \/>(+25 for winning)\n|raw|Fridgoris's rating: 1678 &rarr; <strong>1653<\/strong><br \/>(-25 for losing)\n|l|\u2606Fridgoris\n","uploadtime":1701200834,"views":13,"p1id":"pastagirl","p2id":"fridgoris","formatid":"gen9ou","rating":1611,"private":0,"password":""}