{"id":"gen9ou-1991720178","p1":"SittinGamer","p2":"nba baltoy","format":"[Gen 9] OU","log":"|j|\u2606SittinGamer\n|j|\u2606nba baltoy\n|t:|1700106722\n|gametype|singles\n|player|p1|SittinGamer|170|1529\n|player|p2|nba baltoy|shauntal|1568\n|teamsize|p1|6\n|teamsize|p2|6\n|gen|9\n|tier|[Gen 9] OU\n|rated|\n|rule|Sleep Clause Mod: Limit one foe put to sleep\n|rule|Species Clause: Limit one of each Pok\u00e9mon\n|rule|OHKO Clause: OHKO moves are banned\n|rule|Evasion Items Clause: Evasion items are banned\n|rule|Evasion Moves Clause: Evasion moves are banned\n|rule|Endless Battle Clause: Forcing endless battles is banned\n|rule|HP Percentage Mod: HP is shown in percentages\n|clearpoke\n|poke|p1|Milotic, F|\n|poke|p1|Rillaboom, M|\n|poke|p1|Sneasler, F|\n|poke|p1|Iron Moth|\n|poke|p1|Garchomp, M|\n|poke|p1|Hatterene, F|\n|poke|p2|Hoopa-Unbound|\n|poke|p2|Skeledirge, F|\n|poke|p2|Enamorus, F|\n|poke|p2|Great Tusk|\n|poke|p2|Wo-Chien|\n|poke|p2|Heatran, F|\n|teampreview\n|inactive|Battle timer is ON: inactive players will automatically lose when time's up. (requested by nba baltoy)\n|\n|t:|1700106740\n|start\n|switch|p1a: Garchomp|Garchomp, M, shiny|100\/100\n|switch|p2a: Heatran|Heatran, F|100\/100\n|turn|1\n|\n|t:|1700106751\n|switch|p2a: Wo-Chien|Wo-Chien|100\/100\n|-ability|p2a: Wo-Chien|Tablets of Ruin\n|move|p1a: Garchomp|Stealth Rock|p2a: Wo-Chien\n|-sidestart|p2: nba baltoy|move: Stealth Rock\n|\n|upkeep\n|turn|2\n|\n|t:|1700106762\n|move|p1a: Garchomp|Spikes|p2a: Wo-Chien\n|-sidestart|p2: nba baltoy|Spikes\n|move|p2a: Wo-Chien|Knock Off|p1a: Garchomp\n|-damage|p1a: Garchomp|75\/100\n|-damage|p2a: Wo-Chien|88\/100|[from] ability: Rough Skin|[of] p1a: Garchomp\n|-damage|p2a: Wo-Chien|72\/100|[from] item: Rocky Helmet|[of] p1a: Garchomp\n|-enditem|p1a: Garchomp|Rocky Helmet|[from] move: Knock Off|[of] p2a: Wo-Chien\n|\n|-heal|p2a: Wo-Chien|78\/100|[from] item: Leftovers\n|upkeep\n|turn|3\n|\n|t:|1700106776\n|switch|p1a: Rillaboom|Rillaboom, M|100\/100\n|-fieldstart|move: Grassy Terrain|[from] ability: Grassy Surge|[of] p1a: Rillaboom\n|move|p2a: Wo-Chien|Stun Spore|p1a: Rillaboom\n|-immune|p1a: Rillaboom\n|\n|-heal|p2a: Wo-Chien|84\/100|[from] Grassy Terrain\n|-heal|p2a: Wo-Chien|90\/100|[from] item: Leftovers\n|upkeep\n|turn|4\n|\n|t:|1700106785\n|switch|p2a: Skeledirge|Skeledirge, F|100\/100\n|move|p1a: Rillaboom|U-turn|p2a: Skeledirge\n|-resisted|p2a: Skeledirge\n|-damage|p2a: Skeledirge|96\/100\n|\n|t:|1700106789\n|switch|p1a: Garchomp|Garchomp, M, shiny|75\/100|[from] U-turn\n|\n|-heal|p1a: Garchomp|81\/100|[from] Grassy Terrain\n|-heal|p2a: Skeledirge|100\/100|[from] Grassy Terrain\n|upkeep\n|turn|5\n|\n|t:|1700106793\n|switch|p2a: Wo-Chien|Wo-Chien|90\/100\n|-damage|p2a: Wo-Chien|78\/100|[from] Stealth Rock\n|-damage|p2a: Wo-Chien|65\/100|[from] Spikes\n|-ability|p2a: Wo-Chien|Tablets of Ruin\n|move|p1a: Garchomp|Earthquake|p2a: Wo-Chien\n|-resisted|p2a: Wo-Chien\n|-damage|p2a: Wo-Chien|59\/100\n|\n|-heal|p1a: Garchomp|87\/100|[from] Grassy Terrain\n|-heal|p2a: Wo-Chien|65\/100|[from] Grassy Terrain\n|-heal|p2a: Wo-Chien|71\/100|[from] item: Leftovers\n|upkeep\n|turn|6\n|\n|t:|1700106802\n|switch|p1a: Rillaboom|Rillaboom, M|100\/100\n|move|p2a: Wo-Chien|Ruination|p1a: Rillaboom\n|-damage|p1a: Rillaboom|51\/100\n|\n|-heal|p1a: Rillaboom|57\/100|[from] Grassy Terrain\n|-heal|p2a: Wo-Chien|77\/100|[from] Grassy Terrain\n|-heal|p2a: Wo-Chien|83\/100|[from] item: Leftovers\n|upkeep\n|turn|7\n|\n|t:|1700106809\n|switch|p2a: Skeledirge|Skeledirge, F|100\/100\n|move|p1a: Rillaboom|Knock Off|p2a: Skeledirge\n|-supereffective|p2a: Skeledirge\n|-damage|p2a: Skeledirge|45\/100\n|-enditem|p2a: Skeledirge|Heavy-Duty Boots|[from] move: Knock Off|[of] p1a: Rillaboom\n|\n|-heal|p1a: Rillaboom|63\/100|[from] Grassy Terrain\n|-heal|p2a: Skeledirge|51\/100|[from] Grassy Terrain\n|-fieldend|move: Grassy Terrain\n|upkeep\n|turn|8\n|\n|t:|1700106815\n|switch|p1a: Milotic|Milotic, F|100\/100\n|move|p2a: Skeledirge|Slack Off|p2a: Skeledirge\n|-heal|p2a: Skeledirge|100\/100\n|\n|upkeep\n|turn|9\n|\n|t:|1700106823\n|switch|p2a: Wo-Chien|Wo-Chien|83\/100\n|-damage|p2a: Wo-Chien|71\/100|[from] Stealth Rock\n|-damage|p2a: Wo-Chien|59\/100|[from] Spikes\n|-ability|p2a: Wo-Chien|Tablets of Ruin\n|move|p1a: Milotic|Scald|p2a: Wo-Chien\n|-resisted|p2a: Wo-Chien\n|-damage|p2a: Wo-Chien|50\/100\n|-status|p2a: Wo-Chien|brn\n|\n|-heal|p2a: Wo-Chien|56\/100 brn|[from] item: Leftovers\n|-damage|p2a: Wo-Chien|50\/100 brn|[from] brn\n|upkeep\n|turn|10\n|\n|t:|1700106828\n|move|p1a: Milotic|Ice Beam|p2a: Wo-Chien\n|-supereffective|p2a: Wo-Chien\n|-crit|p2a: Wo-Chien\n|-damage|p2a: Wo-Chien|13\/100 brn\n|move|p2a: Wo-Chien|Ruination|p1a: Milotic\n|-damage|p1a: Milotic|50\/100\n|\n|-heal|p1a: Milotic|57\/100|[from] item: Leftovers\n|-heal|p2a: Wo-Chien|19\/100 brn|[from] item: Leftovers\n|-damage|p2a: Wo-Chien|13\/100 brn|[from] brn\n|upkeep\n|turn|11\n|\n|t:|1700106835\n|move|p1a: Milotic|Ice Beam|p2a: Wo-Chien\n|-supereffective|p2a: Wo-Chien\n|-damage|p2a: Wo-Chien|0 fnt\n|faint|p2a: Wo-Chien\n|\n|-heal|p1a: Milotic|63\/100|[from] item: Leftovers\n|upkeep\n|\n|t:|1700106842\n|switch|p2a: LUCKI|Hoopa-Unbound|100\/100\n|-damage|p2a: LUCKI|88\/100|[from] Stealth Rock\n|-damage|p2a: LUCKI|76\/100|[from] Spikes\n|turn|12\n|\n|t:|1700106855\n|switch|p1a: Hatterene|Hatterene, F|100\/100\n|move|p2a: LUCKI|Hyperspace Fury|p1a: Hatterene\n|-damage|p1a: Hatterene|55\/100\n|-unboost|p2a: LUCKI|def|1\n|\n|-heal|p1a: Hatterene|61\/100|[from] item: Leftovers\n|upkeep\n|turn|13\n|\n|t:|1700106865\n|switch|p2a: Heatran|Heatran, F|100\/100\n|-damage|p2a: Heatran|88\/100|[from] Stealth Rock\n|-damage|p2a: Heatran|76\/100|[from] Spikes\n|move|p1a: Hatterene|Draining Kiss|p2a: Heatran\n|-resisted|p2a: Heatran\n|-damage|p2a: Heatran|70\/100\n|-heal|p1a: Hatterene|65\/100|[from] drain|[of] p2a: Heatran\n|\n|-heal|p2a: Heatran|77\/100|[from] item: Leftovers\n|-heal|p1a: Hatterene|71\/100|[from] item: Leftovers\n|upkeep\n|turn|14\n|\n|t:|1700106872\n|move|p2a: Heatran|Magma Storm|p1a: Hatterene|[miss]\n|-miss|p2a: Heatran|p1a: Hatterene\n|move|p1a: Hatterene|Nuzzle|p2a: Heatran\n|-damage|p2a: Heatran|72\/100\n|-status|p2a: Heatran|par\n|\n|-heal|p2a: Heatran|78\/100 par|[from] item: Leftovers\n|-heal|p1a: Hatterene|77\/100|[from] item: Leftovers\n|upkeep\n|turn|15\n|\n|t:|1700106875\n|switch|p1a: Garchomp|Garchomp, M, shiny|87\/100\n|move|p2a: Heatran|Magma Storm|p1a: Garchomp|[miss]\n|-miss|p2a: Heatran|p1a: Garchomp\n|\n|-heal|p2a: Heatran|84\/100 par|[from] item: Leftovers\n|upkeep\n|turn|16\n|\n|t:|1700106883\n|switch|p2a: Enamorus|Enamorus, F|100\/100\n|-damage|p2a: Enamorus|76\/100|[from] Stealth Rock\n|move|p1a: Garchomp|Spikes|p2a: Enamorus\n|-sidestart|p2: nba baltoy|Spikes\n|\n|upkeep\n|turn|17\n|\n|t:|1700106891\n|switch|p1a: Milotic|Milotic, F|63\/100\n|move|p2a: Enamorus|Moonblast|p1a: Milotic\n|-damage|p1a: Milotic|30\/100\n|\n|-heal|p1a: Milotic|37\/100|[from] item: Leftovers\n|upkeep\n|turn|18\n|\n|t:|1700106898\n|switch|p2a: LUCKI|Hoopa-Unbound|76\/100\n|-damage|p2a: LUCKI|64\/100|[from] Stealth Rock\n|-damage|p2a: LUCKI|47\/100|[from] Spikes\n|move|p1a: Milotic|Recover|p1a: Milotic\n|-heal|p1a: Milotic|87\/100\n|\n|-heal|p1a: Milotic|93\/100|[from] item: Leftovers\n|upkeep\n|turn|19\n|\n|t:|1700106903\n|move|p2a: LUCKI|Knock Off|p1a: Milotic\n|-damage|p1a: Milotic|31\/100\n|-enditem|p1a: Milotic|Leftovers|[from] move: Knock Off|[of] p2a: LUCKI\n|move|p1a: Milotic|Scald|p2a: LUCKI\n|-damage|p2a: LUCKI|28\/100\n|\n|upkeep\n|turn|20\n|\n|t:|1700106911\n|move|p2a: LUCKI|Hyperspace Fury|p1a: Milotic\n|-damage|p1a: Milotic|0 fnt\n|-unboost|p2a: LUCKI|def|1\n|faint|p1a: Milotic\n|\n|upkeep\n|\n|t:|1700106915\n|switch|p1a: Rillaboom|Rillaboom, M|63\/100\n|-fieldstart|move: Grassy Terrain|[from] ability: Grassy Surge|[of] p1a: Rillaboom\n|turn|21\n|\n|t:|1700106940\n|move|p1a: Rillaboom|U-turn|p2a: LUCKI\n|-supereffective|p2a: LUCKI\n|-damage|p2a: LUCKI|0 fnt\n|faint|p2a: LUCKI\n|\n|t:|1700106949\n|switch|p1a: Hatterene|Hatterene, F|77\/100|[from] U-turn\n|\n|-heal|p1a: Hatterene|83\/100|[from] Grassy Terrain\n|-heal|p1a: Hatterene|89\/100|[from] item: Leftovers\n|upkeep\n|\n|t:|1700106960\n|switch|p2a: Heatran|Heatran, F|84\/100 par\n|-damage|p2a: Heatran|72\/100 par|[from] Stealth Rock\n|-damage|p2a: Heatran|56\/100 par|[from] Spikes\n|turn|22\n|\n|t:|1700106972\n|switch|p1a: Garchomp|Garchomp, M, shiny|87\/100\n|cant|p2a: Heatran|par\n|\n|-heal|p1a: Garchomp|93\/100|[from] Grassy Terrain\n|-heal|p2a: Heatran|62\/100 par|[from] Grassy Terrain\n|-heal|p2a: Heatran|68\/100 par|[from] item: Leftovers\n|upkeep\n|turn|23\n|\n|t:|1700106976\n|switch|p2a: Enamorus|Enamorus, F|76\/100\n|-damage|p2a: Enamorus|51\/100|[from] Stealth Rock\n|move|p1a: Garchomp|Earthquake|p2a: Enamorus\n|-immune|p2a: Enamorus\n|\n|-heal|p1a: Garchomp|99\/100|[from] Grassy Terrain\n|upkeep\n|turn|24\n|\n|t:|1700106993\n|move|p2a: Enamorus|Earth Power|p1a: Garchomp\n|-damage|p1a: Garchomp|69\/100\n|move|p1a: Garchomp|Spikes|p2a: Enamorus\n|-sidestart|p2: nba baltoy|Spikes\n|\n|-heal|p1a: Garchomp|75\/100|[from] Grassy Terrain\n|upkeep\n|turn|25\n|\n|t:|1700107005\n|switch|p2a: Great Tusk|Great Tusk|100\/100\n|-damage|p2a: Great Tusk|98\/100|[from] Stealth Rock\n|-damage|p2a: Great Tusk|73\/100|[from] Spikes\n|switch|p1a: Hatterene|Hatterene, F|89\/100\n|\n|-heal|p2a: Great Tusk|79\/100|[from] Grassy Terrain\n|-heal|p1a: Hatterene|95\/100|[from] Grassy Terrain\n|-heal|p1a: Hatterene|100\/100|[from] item: Leftovers\n|-fieldend|move: Grassy Terrain\n|upkeep\n|turn|26\n|\n|t:|1700107021\n|move|p2a: Great Tusk|Rapid Spin|p1a: Hatterene\n|-damage|p1a: Hatterene|88\/100\n|-boost|p2a: Great Tusk|spe|1\n|-sideend|p2: nba baltoy|Spikes|[from] move: Rapid Spin|[of] p2a: Great Tusk\n|-sideend|p2: nba baltoy|Stealth Rock|[from] move: Rapid Spin|[of] p2a: Great Tusk\n|move|p1a: Hatterene|Draining Kiss|p2a: Great Tusk\n|-supereffective|p2a: Great Tusk\n|-damage|p2a: Great Tusk|22\/100\n|-heal|p1a: Hatterene|100\/100|[from] drain|[of] p2a: Great Tusk\n|-damage|p1a: Hatterene|84\/100|[from] item: Rocky Helmet|[of] p2a: Great Tusk\n|\n|-heal|p1a: Hatterene|90\/100|[from] item: Leftovers\n|upkeep\n|turn|27\n|\n|t:|1700107043\n|move|p2a: Great Tusk|Headlong Rush|p1a: Hatterene\n|-damage|p1a: Hatterene|44\/100\n|-unboost|p2a: Great Tusk|def|1\n|-unboost|p2a: Great Tusk|spd|1\n|move|p1a: Hatterene|Draining Kiss|p2a: Great Tusk\n|-supereffective|p2a: Great Tusk\n|-damage|p2a: Great Tusk|0 fnt\n|-heal|p1a: Hatterene|67\/100|[from] drain|[of] p2a: Great Tusk\n|-damage|p1a: Hatterene|50\/100|[from] item: Rocky Helmet|[of] p2a: Great Tusk\n|faint|p2a: Great Tusk\n|-end|p2a: Great Tusk|Protosynthesis|[silent]\n|\n|-heal|p1a: Hatterene|56\/100|[from] item: Leftovers\n|upkeep\n|\n|t:|1700107047\n|switch|p2a: Heatran|Heatran, F|68\/100 par\n|turn|28\n|\n|t:|1700107060\n|switch|p1a: Garchomp|Garchomp, M, shiny|75\/100\n|move|p2a: Heatran|Magma Storm|p1a: Garchomp\n|-resisted|p1a: Garchomp\n|-damage|p1a: Garchomp|50\/100\n|-activate|p1a: Garchomp|move: Magma Storm|[of] p2a: Heatran\n|\n|-heal|p2a: Heatran|74\/100 par|[from] item: Leftovers\n|-damage|p1a: Garchomp|38\/100|[from] move: Magma Storm|[partiallytrapped]\n|upkeep\n|turn|29\n|inactive|nba baltoy has 120 seconds left.\n|\n|t:|1700107095\n|switch|p2a: Enamorus|Enamorus, F|51\/100\n|move|p1a: Garchomp|Stealth Rock|p2a: Enamorus\n|-sidestart|p2: nba baltoy|move: Stealth Rock\n|\n|-end|p1a: Garchomp|Magma Storm|[partiallytrapped]|[silent]\n|upkeep\n|turn|30\n|\n|t:|1700107112\n|move|p2a: Enamorus|Moonblast|p1a: Garchomp\n|-supereffective|p1a: Garchomp\n|-damage|p1a: Garchomp|0 fnt\n|faint|p1a: Garchomp\n|\n|upkeep\n|\n|t:|1700107123\n|switch|p1a: Hatterene|Hatterene, F|56\/100\n|turn|31\n|\n|t:|1700107136\n|switch|p2a: Heatran|Heatran, F|74\/100 par\n|-damage|p2a: Heatran|62\/100 par|[from] Stealth Rock\n|move|p1a: Hatterene|Psyshock|p2a: Heatran\n|-resisted|p2a: Heatran\n|-damage|p2a: Heatran|43\/100 par\n|\n|-heal|p2a: Heatran|49\/100 par|[from] item: Leftovers\n|-heal|p1a: Hatterene|62\/100|[from] item: Leftovers\n|upkeep\n|turn|32\n|inactive|nba baltoy has 120 seconds left.\n|\n|t:|1700107154\n|switch|p1a: Iron Moth|Iron Moth|100\/100\n|-enditem|p1a: Iron Moth|Booster Energy\n|-activate|p1a: Iron Moth|ability: Quark Drive|[fromitem]\n|-start|p1a: Iron Moth|quarkdrivespe\n|move|p2a: Heatran|Flash Cannon|p1a: Iron Moth\n|-resisted|p1a: Iron Moth\n|-damage|p1a: Iron Moth|82\/100\n|\n|-heal|p2a: Heatran|55\/100 par|[from] item: Leftovers\n|upkeep\n|turn|33\n|\n|t:|1700107168\n|move|p1a: Iron Moth|Discharge|p2a: Heatran\n|-damage|p2a: Heatran|27\/100 par\n|cant|p2a: Heatran|par\n|\n|-heal|p2a: Heatran|33\/100 par|[from] item: Leftovers\n|upkeep\n|turn|34\n|\n|t:|1700107174\n|move|p1a: Iron Moth|Discharge|p2a: Heatran\n|-damage|p2a: Heatran|5\/100 par\n|move|p2a: Heatran|Earth Power|p1a: Iron Moth\n|-supereffective|p1a: Iron Moth\n|-damage|p1a: Iron Moth|0 fnt\n|faint|p1a: Iron Moth\n|-end|p1a: Iron Moth|Quark Drive|[silent]\n|\n|-heal|p2a: Heatran|11\/100 par|[from] item: Leftovers\n|upkeep\n|\n|t:|1700107183\n|switch|p1a: Rillaboom|Rillaboom, M|63\/100\n|-fieldstart|move: Grassy Terrain|[from] ability: Grassy Surge|[of] p1a: Rillaboom\n|turn|35\n|\n|t:|1700107191\n|move|p1a: Rillaboom|Knock Off|p2a: Heatran\n|-damage|p2a: Heatran|0 fnt\n|-enditem|p2a: Heatran|Leftovers|[from] move: Knock Off|[of] p1a: Rillaboom\n|faint|p2a: Heatran\n|\n|-heal|p1a: Rillaboom|69\/100|[from] Grassy Terrain\n|upkeep\n|\n|t:|1700107194\n|switch|p2a: Skeledirge|Skeledirge, F|100\/100\n|-damage|p2a: Skeledirge|76\/100|[from] Stealth Rock\n|turn|36\n|j| pxrwxhnzwnpy\n|\n|t:|1700107208\n|switch|p1a: Sneasler|Sneasler, F|100\/100\n|-enditem|p1a: Sneasler|Grassy Seed\n|-boost|p1a: Sneasler|def|1|[from] item: Grassy Seed\n|move|p2a: Skeledirge|Slack Off|p2a: Skeledirge\n|-heal|p2a: Skeledirge|100\/100\n|\n|upkeep\n|turn|37\n|l| pxrwxhnzwnpy\n|\n|t:|1700107215\n|move|p1a: Sneasler|Shadow Claw|p2a: Skeledirge\n|-supereffective|p2a: Skeledirge\n|-damage|p2a: Skeledirge|69\/100\n|move|p2a: Skeledirge|Will-O-Wisp|p1a: Sneasler\n|-status|p1a: Sneasler|brn\n|\n|-heal|p2a: Skeledirge|75\/100|[from] Grassy Terrain\n|-damage|p1a: Sneasler|94\/100 brn|[from] brn\n|upkeep\n|turn|38\n|\n|t:|1700107225\n|switch|p1a: Hatterene|Hatterene, F|62\/100\n|move|p2a: Skeledirge|Torch Song|p1a: Hatterene\n|-damage|p1a: Hatterene|29\/100\n|-boost|p2a: Skeledirge|spa|1\n|\n|-heal|p2a: Skeledirge|81\/100|[from] Grassy Terrain\n|-heal|p1a: Hatterene|35\/100|[from] Grassy Terrain\n|-heal|p1a: Hatterene|41\/100|[from] item: Leftovers\n|upkeep\n|turn|39\n|\n|t:|1700107236\n|move|p2a: Skeledirge|Torch Song|p1a: Hatterene\n|-damage|p1a: Hatterene|0 fnt\n|-boost|p2a: Skeledirge|spa|1\n|faint|p1a: Hatterene\n|\n|-heal|p2a: Skeledirge|87\/100|[from] Grassy Terrain\n|-fieldend|move: Grassy Terrain\n|upkeep\n|-message|SittinGamer forfeited.\n|\n|win|nba baltoy\n|raw|SittinGamer's rating: 1529 &rarr; <strong>1511<\/strong><br \/>(-18 for losing)\n|raw|nba baltoy's rating: 1568 &rarr; <strong>1586<\/strong><br \/>(+18 for winning)\n|l|\u2606SittinGamer\n","uploadtime":1700107247,"views":44,"p1id":"sittingamer","p2id":"nbabaltoy","formatid":"gen9ou","rating":1511,"private":0,"password":""}