{"id":"gen9ou-1993474737","p1":"Nich1","p2":"Midmol","format":"[Gen 9] OU","log":"|j|\u2606Nich1\n|j|\u2606Midmol\n|t:|1700322331\n|gametype|singles\n|player|p1|Nich1|red-masters|1435\n|player|p2|Midmol|hilbert|1512\n|teamsize|p1|6\n|teamsize|p2|6\n|gen|9\n|tier|[Gen 9] OU\n|rated|\n|rule|Sleep Clause Mod: Limit one foe put to sleep\n|rule|Species Clause: Limit one of each Pok\u00e9mon\n|rule|OHKO Clause: OHKO moves are banned\n|rule|Evasion Items Clause: Evasion items are banned\n|rule|Evasion Moves Clause: Evasion moves are banned\n|rule|Endless Battle Clause: Forcing endless battles is banned\n|rule|HP Percentage Mod: HP is shown in percentages\n|clearpoke\n|poke|p1|Dondozo, F|\n|poke|p1|Cinderace, F|\n|poke|p1|Sandy Shocks|\n|poke|p1|Clodsire, F|\n|poke|p1|Heatran, F|\n|poke|p1|Zamazenta-*|\n|poke|p2|Cinderace, M|\n|poke|p2|Hatterene, F|\n|poke|p2|Zapdos|\n|poke|p2|Landorus-Therian, M|\n|poke|p2|Dragonite, M|\n|poke|p2|Samurott-Hisui, M|\n|teampreview\n|\n|t:|1700322337\n|start\n|switch|p1a: Sandy Shocks|Sandy Shocks|100\/100\n|switch|p2a: The King|Landorus-Therian, M|100\/100\n|-ability|p2a: The King|Intimidate|boost\n|-unboost|p1a: Sandy Shocks|atk|1\n|turn|1\n|\n|t:|1700322344\n|-end|p1a: Sandy Shocks|Protosynthesis|[silent]\n|switch|p1a: Dondozo|Dondozo, F|100\/100\n|move|p2a: The King|Earthquake|p1a: Dondozo\n|-damage|p1a: Dondozo|78\/100\n|\n|-heal|p1a: Dondozo|85\/100|[from] item: Leftovers\n|upkeep\n|turn|2\n|\n|t:|1700322349\n|switch|p1a: Clodsire|Clodsire, F|100\/100\n|move|p2a: The King|Taunt|p1a: Clodsire\n|-start|p1a: Clodsire|move: Taunt\n|\n|upkeep\n|turn|3\n|\n|t:|1700322353\n|switch|p1a: Dondozo|Dondozo, F|85\/100\n|move|p2a: The King|Earthquake|p1a: Dondozo\n|-damage|p1a: Dondozo|64\/100\n|\n|-heal|p1a: Dondozo|70\/100|[from] item: Leftovers\n|upkeep\n|turn|4\n|\n|t:|1700322356\n|move|p2a: The King|Taunt|p1a: Dondozo\n|-start|p1a: Dondozo|move: Taunt\n|move|p1a: Dondozo|Liquidation|p2a: The King\n|-supereffective|p2a: The King\n|-damage|p2a: The King|51\/100\n|-damage|p1a: Dondozo|53\/100|[from] item: Rocky Helmet|[of] p2a: The King\n|\n|-heal|p1a: Dondozo|59\/100|[from] item: Leftovers\n|upkeep\n|turn|5\n|inactive|Battle timer is ON: inactive players will automatically lose when time's up. (requested by Midmol)\n|\n|t:|1700322366\n|switch|p1a: Clodsire|Clodsire, F|100\/100\n|move|p2a: The King|U-turn|p1a: Clodsire\n|-resisted|p1a: Clodsire\n|-damage|p1a: Clodsire|89\/100\n|\n|t:|1700322369\n|switch|p2a: Mr. Hat|Hatterene, F|100\/100|[from] U-turn\n|\n|-heal|p1a: Clodsire|95\/100|[from] item: Leftovers\n|upkeep\n|turn|6\n|\n|t:|1700322377\n|switch|p1a: Heatran|Heatran, F|100\/100\n|move|p2a: Mr. Hat|Psyshock|p1a: Heatran\n|-resisted|p1a: Heatran\n|-damage|p1a: Heatran|85\/100\n|\n|-heal|p1a: Heatran|91\/100|[from] item: Leftovers\n|upkeep\n|turn|7\n|\n|t:|1700322380\n|switch|p2a: Subway Surfers|Samurott-Hisui, M|100\/100\n|move|p1a: Heatran|Magma Storm|p2a: Subway Surfers|[miss]\n|-miss|p1a: Heatran|p2a: Subway Surfers\n|\n|-heal|p1a: Heatran|98\/100|[from] item: Leftovers\n|upkeep\n|turn|8\n|\n|t:|1700322384\n|switch|p1a: Dondozo|Dondozo, F|59\/100\n|move|p2a: Subway Surfers|Knock Off|p1a: Dondozo\n|-damage|p1a: Dondozo|40\/100\n|-enditem|p1a: Dondozo|Leftovers|[from] move: Knock Off|[of] p2a: Subway Surfers\n|\n|upkeep\n|turn|9\n|\n|t:|1700322388\n|move|p2a: Subway Surfers|Ceaseless Edge|p1a: Dondozo\n|-damage|p1a: Dondozo|20\/100\n|-sidestart|p1: Nich1|Spikes\n|move|p1a: Dondozo|Rest|p1a: Dondozo\n|-status|p1a: Dondozo|slp|[from] move: Rest\n|-heal|p1a: Dondozo|100\/100 slp|[silent]\n|\n|upkeep\n|turn|10\n|\n|t:|1700322392\n|move|p2a: Subway Surfers|Ceaseless Edge|p1a: Dondozo\n|-damage|p1a: Dondozo|82\/100 slp\n|-sidestart|p1: Nich1|Spikes\n|cant|p1a: Dondozo|slp\n|\n|upkeep\n|turn|11\n|\n|t:|1700322396\n|move|p2a: Subway Surfers|Flip Turn|p1a: Dondozo\n|-resisted|p1a: Dondozo\n|-damage|p1a: Dondozo|76\/100 slp\n|\n|t:|1700322397\n|switch|p2a: Zapnueve|Zapdos|100\/100|[from] Flip Turn\n|cant|p1a: Dondozo|slp\n|\n|upkeep\n|turn|12\n|\n|t:|1700322406\n|switch|p1a: Clodsire|Clodsire, F|95\/100\n|-damage|p1a: Clodsire|78\/100|[from] Spikes\n|move|p2a: Zapnueve|Hurricane|p1a: Clodsire|[miss]\n|-miss|p2a: Zapnueve|p1a: Clodsire\n|\n|-heal|p1a: Clodsire|85\/100|[from] item: Leftovers\n|upkeep\n|turn|13\n|\n|t:|1700322412\n|switch|p2a: Mr. Hat|Hatterene, F|100\/100\n|move|p1a: Clodsire|Poison Jab|p2a: Mr. Hat\n|-supereffective|p2a: Mr. Hat\n|-damage|p2a: Mr. Hat|64\/100\n|-status|p2a: Mr. Hat|psn\n|\n|-heal|p2a: Mr. Hat|70\/100 psn|[from] item: Leftovers\n|-heal|p1a: Clodsire|91\/100|[from] item: Leftovers\n|-damage|p2a: Mr. Hat|58\/100 psn|[from] psn\n|upkeep\n|turn|14\n|\n|t:|1700322422\n|switch|p1a: Heatran|Heatran, F|98\/100\n|-damage|p1a: Heatran|81\/100|[from] Spikes\n|move|p2a: Mr. Hat|Psyshock|p1a: Heatran\n|-resisted|p1a: Heatran\n|-damage|p1a: Heatran|66\/100\n|\n|-heal|p1a: Heatran|72\/100|[from] item: Leftovers\n|-heal|p2a: Mr. Hat|64\/100 psn|[from] item: Leftovers\n|-damage|p2a: Mr. Hat|51\/100 psn|[from] psn\n|upkeep\n|turn|15\n|\n|t:|1700322425\n|switch|p2a: Subway Surfers|Samurott-Hisui, M|100\/100\n|move|p1a: Heatran|Magma Storm|p2a: Subway Surfers|[miss]\n|-miss|p1a: Heatran|p2a: Subway Surfers\n|\n|-heal|p1a: Heatran|78\/100|[from] item: Leftovers\n|upkeep\n|turn|16\n|\n|t:|1700322433\n|switch|p1a: Dondozo|Dondozo, F|76\/100 slp\n|-damage|p1a: Dondozo|60\/100 slp|[from] Spikes\n|move|p2a: Subway Surfers|Flip Turn|p1a: Dondozo\n|-resisted|p1a: Dondozo\n|-damage|p1a: Dondozo|54\/100 slp\n|\n|t:|1700322440\n|switch|p2a: Zapnueve|Zapdos|100\/100|[from] Flip Turn\n|\n|upkeep\n|turn|17\n|\n|t:|1700322443\n|switch|p1a: Clodsire|Clodsire, F|91\/100\n|-damage|p1a: Clodsire|74\/100|[from] Spikes\n|move|p2a: Zapnueve|Hurricane|p1a: Clodsire\n|-damage|p1a: Clodsire|47\/100\n|\n|-heal|p1a: Clodsire|53\/100|[from] item: Leftovers\n|upkeep\n|turn|18\n|\n|t:|1700322447\n|move|p2a: Zapnueve|Hurricane|p1a: Clodsire\n|-damage|p1a: Clodsire|24\/100\n|move|p1a: Clodsire|Recover|p1a: Clodsire\n|-heal|p1a: Clodsire|74\/100\n|\n|-heal|p1a: Clodsire|81\/100|[from] item: Leftovers\n|upkeep\n|turn|19\n|\n|t:|1700322458\n|switch|p2a: Mr. Hat|Hatterene, F|51\/100 psn\n|move|p1a: Clodsire|Poison Jab|p2a: Mr. Hat\n|-supereffective|p2a: Mr. Hat\n|-damage|p2a: Mr. Hat|17\/100 psn\n|\n|-heal|p2a: Mr. Hat|23\/100 psn|[from] item: Leftovers\n|-heal|p1a: Clodsire|87\/100|[from] item: Leftovers\n|-damage|p2a: Mr. Hat|11\/100 psn|[from] psn\n|upkeep\n|turn|20\n|\n|t:|1700322463\n|switch|p1a: Heatran|Heatran, F|78\/100\n|-damage|p1a: Heatran|62\/100|[from] Spikes\n|move|p2a: Mr. Hat|Calm Mind|p2a: Mr. Hat\n|-boost|p2a: Mr. Hat|spa|1\n|-boost|p2a: Mr. Hat|spd|1\n|\n|-heal|p1a: Heatran|68\/100|[from] item: Leftovers\n|-heal|p2a: Mr. Hat|17\/100 psn|[from] item: Leftovers\n|-damage|p2a: Mr. Hat|5\/100 psn|[from] psn\n|upkeep\n|turn|21\n|\n|t:|1700322466\n|move|p1a: Heatran|Earth Power|p2a: Mr. Hat\n|-damage|p2a: Mr. Hat|0 fnt\n|faint|p2a: Mr. Hat\n|\n|-heal|p1a: Heatran|74\/100|[from] item: Leftovers\n|upkeep\n|\n|t:|1700322469\n|switch|p2a: Subway Surfers|Samurott-Hisui, M|100\/100\n|turn|22\n|\n|t:|1700322475\n|switch|p1a: Zamazenta|Zamazenta|100\/100\n|-damage|p1a: Zamazenta|84\/100|[from] Spikes\n|-ability|p1a: Zamazenta|Dauntless Shield|boost\n|-boost|p1a: Zamazenta|def|1\n|move|p2a: Subway Surfers|Ceaseless Edge|p1a: Zamazenta|[miss]\n|-miss|p2a: Subway Surfers|p1a: Zamazenta\n|\n|-heal|p1a: Zamazenta|90\/100|[from] item: Leftovers\n|upkeep\n|turn|23\n|\n|t:|1700322480\n|move|p1a: Zamazenta|Iron Defense|p1a: Zamazenta\n|-boost|p1a: Zamazenta|def|2\n|move|p2a: Subway Surfers|Flip Turn|p1a: Zamazenta\n|-damage|p1a: Zamazenta|82\/100\n|\n|t:|1700322483\n|switch|p2a: Zapnueve|Zapdos|100\/100|[from] Flip Turn\n|\n|-heal|p1a: Zamazenta|88\/100|[from] item: Leftovers\n|upkeep\n|turn|24\n|\n|t:|1700322488\n|move|p1a: Zamazenta|Substitute|p1a: Zamazenta\n|-start|p1a: Zamazenta|Substitute\n|-damage|p1a: Zamazenta|63\/100\n|move|p2a: Zapnueve|Discharge|p1a: Zamazenta\n|-end|p1a: Zamazenta|Substitute\n|\n|-heal|p1a: Zamazenta|69\/100|[from] item: Leftovers\n|upkeep\n|turn|25\n|\n|t:|1700322495\n|switch|p1a: Clodsire|Clodsire, F|87\/100\n|-damage|p1a: Clodsire|70\/100|[from] Spikes\n|move|p2a: Zapnueve|Discharge|p1a: Clodsire\n|-immune|p1a: Clodsire\n|\n|-heal|p1a: Clodsire|77\/100|[from] item: Leftovers\n|upkeep\n|turn|26\n|\n|t:|1700322499\n|switch|p2a: The King|Landorus-Therian, M|51\/100\n|-ability|p2a: The King|Intimidate|boost\n|-unboost|p1a: Clodsire|atk|1\n|move|p1a: Clodsire|Poison Jab|p2a: The King\n|-resisted|p2a: The King\n|-damage|p2a: The King|45\/100\n|-damage|p1a: Clodsire|60\/100|[from] item: Rocky Helmet|[of] p2a: The King\n|\n|-heal|p1a: Clodsire|66\/100|[from] item: Leftovers\n|upkeep\n|turn|27\n|\n|t:|1700322504\n|switch|p1a: Zamazenta|Zamazenta|69\/100\n|-damage|p1a: Zamazenta|53\/100|[from] Spikes\n|move|p2a: The King|Stealth Rock|p1a: Zamazenta\n|-sidestart|p1: Nich1|move: Stealth Rock\n|\n|-heal|p1a: Zamazenta|59\/100|[from] item: Leftovers\n|upkeep\n|turn|28\n|\n|t:|1700322508\n|move|p1a: Zamazenta|Iron Defense|p1a: Zamazenta\n|-boost|p1a: Zamazenta|def|2\n|move|p2a: The King|Taunt|p1a: Zamazenta\n|-start|p1a: Zamazenta|move: Taunt\n|\n|-heal|p1a: Zamazenta|65\/100|[from] item: Leftovers\n|upkeep\n|turn|29\n|\n|t:|1700322512\n|move|p1a: Zamazenta|Body Press|p2a: The King\n|-resisted|p2a: The King\n|-damage|p2a: The King|13\/100\n|-damage|p1a: Zamazenta|48\/100|[from] item: Rocky Helmet|[of] p2a: The King\n|move|p2a: The King|U-turn|p1a: Zamazenta\n|-resisted|p1a: Zamazenta\n|-damage|p1a: Zamazenta|44\/100\n|\n|t:|1700322514\n|switch|p2a: Zapnueve|Zapdos|100\/100|[from] U-turn\n|\n|-heal|p1a: Zamazenta|50\/100|[from] item: Leftovers\n|upkeep\n|turn|30\n|\n|t:|1700322516\n|move|p1a: Zamazenta|Body Press|p2a: Zapnueve\n|-resisted|p2a: Zapnueve\n|-damage|p2a: Zapnueve|63\/100\n|move|p2a: Zapnueve|Hurricane|p1a: Zamazenta\n|-supereffective|p1a: Zamazenta\n|-damage|p1a: Zamazenta|0 fnt\n|faint|p1a: Zamazenta\n|\n|-heal|p2a: Zapnueve|69\/100|[from] item: Leftovers\n|upkeep\n|\n|t:|1700322519\n|switch|p1a: Cinderace|Cinderace, F|100\/100\n|turn|31\n|\n|t:|1700322526\n|move|p1a: Cinderace|Court Change|p1a: Cinderace\n|-swapsideconditions\n|-activate|p1a: Cinderace|move: Court Change\n|move|p2a: Zapnueve|Discharge|p1a: Cinderace\n|-damage|p1a: Cinderace|51\/100\n|\n|-heal|p2a: Zapnueve|75\/100|[from] item: Leftovers\n|upkeep\n|turn|32\n|\n|t:|1700322529\n|move|p1a: Cinderace|Pyro Ball|p2a: Zapnueve\n|-damage|p2a: Zapnueve|17\/100\n|move|p2a: Zapnueve|Volt Switch|p1a: Cinderace\n|-damage|p1a: Cinderace|10\/100\n|\n|t:|1700322532\n|switch|p2a: Ace Ventura|Cinderace, M|100\/100|[from] Volt Switch\n|\n|upkeep\n|turn|33\n|\n|t:|1700322535\n|move|p2a: Ace Ventura|Court Change|p2a: Ace Ventura\n|-start|p2a: Ace Ventura|typechange|Normal|[from] ability: Libero\n|-swapsideconditions\n|-activate|p2a: Ace Ventura|move: Court Change\n|move|p1a: Cinderace|U-turn|p2a: Ace Ventura\n|-damage|p2a: Ace Ventura|72\/100\n|\n|t:|1700322539\n|switch|p1a: Sandy Shocks|Sandy Shocks|100\/100|[from] U-turn\n|-damage|p1a: Sandy Shocks|84\/100|[from] Spikes\n|-damage|p1a: Sandy Shocks|78\/100|[from] Stealth Rock\n|\n|upkeep\n|turn|34\n|\n|t:|1700322544\n|-terastallize|p1a: Sandy Shocks|Ice\n|move|p1a: Sandy Shocks|Tera Blast|p2a: Ace Ventura|[anim] Tera Blast Ice\n|-damage|p2a: Ace Ventura|17\/100\n|move|p2a: Ace Ventura|U-turn|p1a: Sandy Shocks\n|-damage|p1a: Sandy Shocks|54\/100\n|\n|t:|1700322549\n|switch|p2a: Subway Surfers|Samurott-Hisui, M|100\/100|[from] U-turn\n|\n|upkeep\n|turn|35\n|\n|t:|1700322555\n|-end|p1a: Sandy Shocks|Protosynthesis|[silent]\n|switch|p1a: Dondozo|Dondozo, F|54\/100 slp\n|-damage|p1a: Dondozo|37\/100 slp|[from] Spikes\n|-damage|p1a: Dondozo|25\/100 slp|[from] Stealth Rock\n|move|p2a: Subway Surfers|Ceaseless Edge|p1a: Dondozo\n|-damage|p1a: Dondozo|4\/100 slp\n|-sidestart|p1: Nich1|Spikes\n|\n|upkeep\n|turn|36\n|\n|t:|1700322562\n|move|p2a: Subway Surfers|Knock Off|p1a: Dondozo\n|-damage|p1a: Dondozo|0 fnt\n|faint|p1a: Dondozo\n|\n|upkeep\n|\n|t:|1700322563\n|switch|p1a: Cinderace|Cinderace, F|10\/100\n|turn|37\n|\n|t:|1700322567\n|move|p1a: Cinderace|Court Change|p1a: Cinderace\n|-swapsideconditions\n|-activate|p1a: Cinderace|move: Court Change\n|move|p2a: Subway Surfers|Flip Turn|p1a: Cinderace\n|-supereffective|p1a: Cinderace\n|-damage|p1a: Cinderace|0 fnt\n|faint|p1a: Cinderace\n|\n|t:|1700322577\n|switch|p2a: Ace Ventura|Cinderace, M|17\/100|[from] Flip Turn\n|\n|upkeep\n|\n|t:|1700322580\n|switch|p1a: Sandy Shocks|Sandy Shocks, tera:Ice|54\/100\n|turn|38\n|\n|t:|1700322583\n|switch|p2a: Subway Surfers|Samurott-Hisui, M|100\/100\n|-damage|p2a: Subway Surfers|76\/100|[from] Spikes\n|-damage|p2a: Subway Surfers|63\/100|[from] Stealth Rock\n|move|p1a: Sandy Shocks|Tera Blast|p2a: Subway Surfers|[anim] Tera Blast Ice\n|-resisted|p2a: Subway Surfers\n|-damage|p2a: Subway Surfers|43\/100\n|\n|upkeep\n|turn|39\n|\n|t:|1700322588\n|-end|p1a: Sandy Shocks|Protosynthesis|[silent]\n|switch|p1a: Clodsire|Clodsire, F|66\/100\n|move|p2a: Subway Surfers|Flip Turn|p1a: Clodsire\n|-heal|p1a: Clodsire|91\/100|[from] ability: Water Absorb|[of] p2a: Subway Surfers\n|\n|-heal|p1a: Clodsire|97\/100|[from] item: Leftovers\n|upkeep\n|turn|40\n|\n|t:|1700322590\n|move|p2a: Subway Surfers|Knock Off|p1a: Clodsire\n|-damage|p1a: Clodsire|45\/100\n|-enditem|p1a: Clodsire|Leftovers|[from] move: Knock Off|[of] p2a: Subway Surfers\n|move|p1a: Clodsire|Earthquake|p2a: Subway Surfers\n|-damage|p2a: Subway Surfers|9\/100\n|\n|upkeep\n|turn|41\n|\n|t:|1700322595\n|move|p2a: Subway Surfers|Razor Shell|p1a: Clodsire\n|-heal|p1a: Clodsire|70\/100|[from] ability: Water Absorb|[of] p2a: Subway Surfers\n|move|p1a: Clodsire|Recover|p1a: Clodsire\n|-heal|p1a: Clodsire|100\/100\n|\n|upkeep\n|turn|42\n|\n|t:|1700322600\n|move|p2a: Subway Surfers|Knock Off|p1a: Clodsire\n|-damage|p1a: Clodsire|67\/100\n|move|p1a: Clodsire|Spikes||[still]\n|-fail|p1a: Clodsire\n|\n|upkeep\n|turn|43\n|\n|t:|1700322604\n|move|p2a: Subway Surfers|Knock Off|p1a: Clodsire\n|-damage|p1a: Clodsire|34\/100\n|move|p1a: Clodsire|Recover|p1a: Clodsire\n|-heal|p1a: Clodsire|84\/100\n|\n|upkeep\n|turn|44\n|\n|t:|1700322621\n|switch|p1a: Heatran|Heatran, F|74\/100\n|move|p2a: Subway Surfers|Knock Off|p1a: Heatran\n|-damage|p1a: Heatran|36\/100\n|-enditem|p1a: Heatran|Leftovers|[from] move: Knock Off|[of] p2a: Subway Surfers\n|\n|upkeep\n|turn|45\n|\n|t:|1700322628\n|move|p2a: Subway Surfers|Knock Off|p1a: Heatran\n|-damage|p1a: Heatran|9\/100\n|move|p1a: Heatran|Earth Power|p2a: Subway Surfers\n|-damage|p2a: Subway Surfers|0 fnt\n|faint|p2a: Subway Surfers\n|\n|upkeep\n|\n|t:|1700322631\n|switch|p2a: Ace Ventura|Cinderace, M|17\/100\n|turn|46\n|\n|t:|1700322635\n|switch|p1a: Sandy Shocks|Sandy Shocks, tera:Ice|54\/100\n|move|p2a: Ace Ventura|Court Change|p2a: Ace Ventura\n|-start|p2a: Ace Ventura|typechange|Normal|[from] ability: Libero\n|-swapsideconditions\n|-activate|p2a: Ace Ventura|move: Court Change\n|\n|upkeep\n|turn|47\n|\n|t:|1700322639\n|move|p2a: Ace Ventura|Sucker Punch|p1a: Sandy Shocks\n|-damage|p1a: Sandy Shocks|27\/100\n|move|p1a: Sandy Shocks|Tera Blast|p2a: Ace Ventura|[anim] Tera Blast Ice\n|-damage|p2a: Ace Ventura|0 fnt\n|faint|p2a: Ace Ventura\n|\n|upkeep\n|\n|t:|1700322644\n|switch|p2a: Budget EKiller|Dragonite, M|100\/100\n|turn|48\n|c|\u2606Nich1|ggwp\n|\n|t:|1700322650\n|move|p2a: Budget EKiller|Extreme Speed|p1a: Sandy Shocks\n|-damage|p1a: Sandy Shocks|0 fnt\n|faint|p1a: Sandy Shocks\n|-end|p1a: Sandy Shocks|Protosynthesis|[silent]\n|\n|upkeep\n|c|\u2606Midmol|gg\n|\n|t:|1700322653\n|switch|p1a: Clodsire|Clodsire, F|84\/100\n|-damage|p1a: Clodsire|59\/100|[from] Spikes\n|-damage|p1a: Clodsire|53\/100|[from] Stealth Rock\n|turn|49\n|\n|t:|1700322657\n|move|p2a: Budget EKiller|Earthquake|p1a: Clodsire\n|-supereffective|p1a: Clodsire\n|-damage|p1a: Clodsire|0 fnt\n|faint|p1a: Clodsire\n|\n|upkeep\n|\n|t:|1700322658\n|switch|p1a: Heatran|Heatran, F|9\/100\n|-damage|p1a: Heatran|0 fnt|[from] Spikes\n|faint|p1a: Heatran\n|\n|win|Midmol\n|raw|Nich1's rating: 1435 &rarr; <strong>1419<\/strong><br \/>(-16 for losing)\n|raw|Midmol's rating: 1512 &rarr; <strong>1528<\/strong><br \/>(+16 for winning)\n|l|\u2606Nich1\n","uploadtime":1700322669,"views":12,"p1id":"nich1","p2id":"midmol","formatid":"gen9ou","rating":1419,"private":0,"password":""}