{"id":"gen9ou-2000658821","p1":"lieb330","p2":"horiaboria647","format":"[Gen 9] OU","log":"|j|\u2606lieb330\n|j|\u2606horiaboria647\n|t:|1701215538\n|gametype|singles\n|player|p1|lieb330|265|\n|player|p2|horiaboria647|101|\n|teamsize|p1|6\n|teamsize|p2|6\n|gen|9\n|tier|[Gen 9] OU\n|rule|Sleep Clause Mod: Limit one foe put to sleep\n|rule|Species Clause: Limit one of each Pok\u00e9mon\n|rule|OHKO Clause: OHKO moves are banned\n|rule|Evasion Items Clause: Evasion items are banned\n|rule|Evasion Moves Clause: Evasion moves are banned\n|rule|Endless Battle Clause: Forcing endless battles is banned\n|rule|HP Percentage Mod: HP is shown in percentages\n|clearpoke\n|poke|p1|Masquerain, F|\n|poke|p1|Alomomola, F|\n|poke|p1|Garganacl, M|\n|poke|p1|Torkoal, M|\n|poke|p1|Volcanion|\n|poke|p1|Lilligant-Hisui, F|\n|poke|p2|Ditto|\n|poke|p2|Blissey, F|\n|poke|p2|Garchomp, F|\n|poke|p2|Weezing-Galar, M|\n|poke|p2|Breloom, M|\n|poke|p2|Charizard, M|\n|teampreview\n|j| edicts\n|j| napg0d\n|c| edicts|good to go\n|j| LuichoX\n|c| LuichoX|WE'RE GAMING\n|\n|t:|1701215567\n|start\n|switch|p1a: Snooze|Masquerain, F|100\/100\n|switch|p2a: Witto|Weezing-Galar, M, shiny|100\/100\n|-ability|p2a: Witto|Neutralizing Gas\n|-item|p2a: Witto|Air Balloon\n|turn|1\n|\n|t:|1701215583\n|move|p1a: Snooze|Sticky Web|p2a: Witto\n|-sidestart|p2: horiaboria647|move: Sticky Web\n|move|p2a: Witto|Toxic|p1a: Snooze\n|-status|p1a: Snooze|tox\n|\n|-damage|p1a: Snooze|94\/100 tox|[from] psn\n|upkeep\n|turn|2\n|j| poggerwog\n|\n|t:|1701215645\n|switch|p1a: Slumber|Torkoal, M|100\/100\n|move|p2a: Witto|Defog|p1a: Slumber\n|-unboost|p1a: Slumber|evasion|1\n|-sideend|p2: horiaboria647|Sticky Web|[from] move: Defog|[of] p2a: Witto\n|\n|upkeep\n|turn|3\n|\n|t:|1701215659\n|move|p2a: Witto|Toxic|p1a: Slumber\n|-status|p1a: Slumber|tox\n|move|p1a: Slumber|Yawn|p2a: Witto\n|-start|p2a: Witto|move: Yawn|[of] p1a: Slumber\n|\n|-damage|p1a: Slumber|94\/100 tox|[from] psn\n|upkeep\n|turn|4\n|\n|t:|1701215681\n|-end|p2a: Witto|ability: Neutralizing Gas\n|-weather|SunnyDay|[from] ability: Drought|[of] p1a: Slumber\n|switch|p2a: Ditto|Ditto|100\/100\n|-transform|p2a: Ditto|p1a: Slumber|[from] ability: Imposter\n|switch|p1a: Sleep|Garganacl, M, shiny|100\/100\n|\n|-weather|SunnyDay|[upkeep]\n|upkeep\n|turn|5\n|\n|t:|1701215703\n|switch|p2a: Gitto|Garchomp, F|100\/100\n|move|p1a: Sleep|Salt Cure|p2a: Gitto\n|-resisted|p2a: Gitto\n|-damage|p2a: Gitto|94\/100\n|-start|p2a: Gitto|Salt Cure\n|\n|-weather|SunnyDay|[upkeep]\n|-damage|p2a: Gitto|82\/100|[from] Salt Cure\n|upkeep\n|turn|6\n|\n|t:|1701215724\n|switch|p1a: Doze|Lilligant-Hisui, F|100\/100\n|move|p2a: Gitto|Swords Dance|p2a: Gitto\n|-boost|p2a: Gitto|atk|2\n|\n|-weather|SunnyDay|[upkeep]\n|-damage|p2a: Gitto|70\/100|[from] Salt Cure\n|upkeep\n|turn|7\n|\n|t:|1701215735\n|switch|p2a: Chitto|Charizard, M, shiny|100\/100\n|move|p1a: Doze|Ice Spinner|p2a: Chitto\n|-damage|p2a: Chitto|68\/100\n|\n|-weather|SunnyDay|[upkeep]\n|-damage|p2a: Chitto|55\/100|[from] ability: Solar Power|[of] p2a: Chitto\n|upkeep\n|turn|8\n|\n|t:|1701215786\n|switch|p1a: Siesta|Volcanion|100\/100\n|move|p2a: Chitto|Flamethrower|p1a: Siesta\n|-resisted|p1a: Siesta\n|-damage|p1a: Siesta|56\/100\n|-damage|p2a: Chitto|46\/100|[from] item: Life Orb\n|\n|-weather|SunnyDay|[upkeep]\n|-damage|p2a: Chitto|33\/100|[from] ability: Solar Power|[of] p2a: Chitto\n|-heal|p1a: Siesta|62\/100|[from] item: Leftovers\n|upkeep\n|turn|9\n|\n|t:|1701215851\n|move|p2a: Chitto|Solar Beam||[still]\n|-prepare|p2a: Chitto|Solar Beam\n|-anim|p2a: Chitto|Solar Beam|p1a: Siesta\n|-damage|p1a: Siesta|0 fnt\n|faint|p1a: Siesta\n|-damage|p2a: Chitto|23\/100|[from] item: Life Orb\n|\n|-weather|SunnyDay|[upkeep]\n|-damage|p2a: Chitto|11\/100|[from] ability: Solar Power|[of] p2a: Chitto\n|upkeep\n|\n|t:|1701215864\n|switch|p1a: Doze|Lilligant-Hisui, F|100\/100\n|turn|10\n|\n|t:|1701215887\n|move|p1a: Doze|Solar Blade||[still]\n|-prepare|p1a: Doze|Solar Blade\n|-anim|p1a: Doze|Solar Blade|p2a: Chitto\n|-resisted|p2a: Chitto\n|-damage|p2a: Chitto|0 fnt\n|faint|p2a: Chitto\n|\n|-weather|SunnyDay|[upkeep]\n|upkeep\n|\n|t:|1701215904\n|switch|p2a: Witto|Weezing-Galar, M, shiny|100\/100\n|-ability|p2a: Witto|Neutralizing Gas\n|-item|p2a: Witto|Air Balloon\n|turn|11\n|\n|t:|1701215917\n|switch|p1a: Snooze|Masquerain, F|94\/100 tox\n|move|p2a: Witto|Toxic|p1a: Snooze\n|-fail|p1a: Snooze|tox\n|\n|-weather|none\n|-damage|p1a: Snooze|88\/100 tox|[from] psn\n|upkeep\n|turn|12\n|\n|t:|1701215929\n|move|p2a: Witto|Strange Steam|p1a: Snooze\n|-damage|p1a: Snooze|52\/100 tox\n|move|p1a: Snooze|Whirlwind|p2a: Witto\n|-end|p2a: Witto|ability: Neutralizing Gas\n|-ability|p1a: Snooze|Intimidate|boost\n|-unboost|p2a: Witto|atk|1\n|drag|p2a: Bitto|Blissey, F|100\/100\n|\n|-damage|p1a: Snooze|40\/100 tox|[from] psn\n|upkeep\n|turn|13\n|\n|t:|1701215966\n|switch|p1a: Sleep|Garganacl, M, shiny|100\/100\n|move|p2a: Bitto|Thunderbolt|p1a: Sleep\n|-damage|p1a: Sleep|90\/100\n|\n|-heal|p1a: Sleep|96\/100|[from] item: Leftovers\n|upkeep\n|turn|14\n|\n|t:|1701215981\n|switch|p2a: Witto|Weezing-Galar, M, shiny|100\/100\n|-ability|p2a: Witto|Neutralizing Gas\n|-item|p2a: Witto|Air Balloon\n|move|p1a: Sleep|Body Press|p2a: Witto\n|-resisted|p2a: Witto\n|-damage|p2a: Witto|97\/100\n|-enditem|p2a: Witto|Air Balloon\n|\n|-heal|p1a: Sleep|100\/100|[from] item: Leftovers\n|upkeep\n|turn|15\n|\n|t:|1701216020\n|switch|p1a: Slumber|Torkoal, M|94\/100 tox\n|move|p2a: Witto|Toxic|p1a: Slumber\n|-fail|p1a: Slumber|tox\n|\n|-damage|p1a: Slumber|88\/100 tox|[from] psn\n|upkeep\n|turn|16\n|\n|t:|1701216037\n|-end|p2a: Witto|ability: Neutralizing Gas\n|-weather|SunnyDay|[from] ability: Drought|[of] p1a: Slumber\n|switch|p2a: Ditto|Ditto|100\/100\n|-transform|p2a: Ditto|p1a: Slumber|[from] ability: Imposter\n|move|p1a: Slumber|Yawn|p2a: Ditto\n|-start|p2a: Ditto|move: Yawn|[of] p1a: Slumber\n|\n|-weather|SunnyDay|[upkeep]\n|-damage|p1a: Slumber|76\/100 tox|[from] psn\n|upkeep\n|turn|17\n|\n|t:|1701216059\n|switch|p2a: Bitto|Blissey, F|100\/100\n|switch|p1a: Rest|Alomomola, F|100\/100\n|\n|-weather|SunnyDay|[upkeep]\n|upkeep\n|turn|18\n|\n|t:|1701216071\n|move|p2a: Bitto|Thunder Wave|p1a: Rest\n|-status|p1a: Rest|par\n|move|p1a: Rest|Whirlpool|p2a: Bitto\n|-damage|p2a: Bitto|99\/100\n|-activate|p2a: Bitto|move: Whirlpool|[of] p1a: Rest\n|\n|-weather|SunnyDay|[upkeep]\n|-damage|p2a: Bitto|87\/100|[from] move: Whirlpool|[partiallytrapped]\n|upkeep\n|turn|19\n|\n|t:|1701216084\n|move|p2a: Bitto|Thunderbolt|p1a: Rest\n|-supereffective|p1a: Rest\n|-damage|p1a: Rest|65\/100 par\n|move|p1a: Rest|Flip Turn|p2a: Bitto\n|-damage|p2a: Bitto|81\/100\n|\n|t:|1701216093\n|switch|p1a: Sleep|Garganacl, M, shiny|100\/100|[from] Flip Turn\n|\n|-weather|SunnyDay|[upkeep]\n|-end|p2a: Bitto|Whirlpool|[partiallytrapped]|[silent]\n|upkeep\n|turn|20\n|\n|t:|1701216109\n|switch|p2a: Witto|Weezing-Galar, M, shiny|97\/100\n|-ability|p2a: Witto|Neutralizing Gas\n|move|p1a: Sleep|Body Press|p2a: Witto\n|-resisted|p2a: Witto\n|-damage|p2a: Witto|93\/100\n|\n|-weather|SunnyDay|[upkeep]\n|upkeep\n|turn|21\n|\n|t:|1701216126\n|switch|p1a: Slumber|Torkoal, M|76\/100 tox\n|move|p2a: Witto|Strange Steam|p1a: Slumber\n|-resisted|p1a: Slumber\n|-damage|p1a: Slumber|59\/100 tox\n|\n|-weather|SunnyDay|[upkeep]\n|-damage|p1a: Slumber|52\/100 tox|[from] psn\n|upkeep\n|turn|22\n|\n|t:|1701216139\n|-end|p2a: Witto|ability: Neutralizing Gas\n|switch|p2a: Bitto|Blissey, F|81\/100\n|move|p1a: Slumber|Lava Plume|p2a: Bitto\n|-damage|p2a: Bitto|67\/100\n|\n|-weather|SunnyDay|[upkeep]\n|-damage|p1a: Slumber|40\/100 tox|[from] psn\n|upkeep\n|turn|23\n|\n|t:|1701216154\n|switch|p1a: Doze|Lilligant-Hisui, F|100\/100\n|move|p2a: Bitto|Soft-Boiled|p2a: Bitto\n|-heal|p2a: Bitto|100\/100\n|\n|-weather|none\n|upkeep\n|turn|24\n|\n|t:|1701216166\n|switch|p2a: Witto|Weezing-Galar, M, shiny|93\/100\n|-ability|p2a: Witto|Neutralizing Gas\n|move|p1a: Doze|Close Combat|p2a: Witto\n|-resisted|p2a: Witto\n|-damage|p2a: Witto|85\/100\n|-unboost|p1a: Doze|def|1\n|-unboost|p1a: Doze|spd|1\n|\n|upkeep\n|turn|25\n|c|\u2606lieb330|super bowl tier gameplay\n|c| LuichoX|:sob:\n|\n|t:|1701216198\n|switch|p1a: Rest|Alomomola, F|98\/100 par\n|move|p2a: Witto|Strange Steam|p1a: Rest\n|-damage|p1a: Rest|63\/100 par\n|\n|upkeep\n|turn|26\n|\n|t:|1701216211\n|move|p2a: Witto|Strange Steam|p1a: Rest\n|-damage|p1a: Rest|32\/100 par\n|move|p1a: Rest|Whirlpool|p2a: Witto\n|-damage|p2a: Witto|78\/100\n|-activate|p2a: Witto|move: Whirlpool|[of] p1a: Rest\n|\n|-damage|p2a: Witto|65\/100|[from] move: Whirlpool|[partiallytrapped]\n|upkeep\n|turn|27\n|\n|t:|1701216231\n|move|p2a: Witto|Strange Steam|p1a: Rest\n|-damage|p1a: Rest|1\/100 par\n|move|p1a: Rest|Wish|p1a: Rest\n|\n|-damage|p2a: Witto|53\/100|[from] move: Whirlpool|[partiallytrapped]\n|upkeep\n|turn|28\n|\n|t:|1701216249\n|move|p1a: Rest|Protect|p1a: Rest\n|-singleturn|p1a: Rest|Protect\n|move|p2a: Witto|Strange Steam|p1a: Rest\n|-activate|p1a: Rest|move: Protect\n|\n|-heal|p1a: Rest|51\/100 par|[from] move: Wish|[wisher] Rest\n|-damage|p2a: Witto|41\/100|[from] move: Whirlpool|[partiallytrapped]\n|upkeep\n|turn|29\n|c| LuichoX|LUCKIEST MAN ALIVE\n|c|\u2606lieb330|i crunched the number\n|c|\u2606lieb330|we gamble\n|\n|t:|1701216316\n|move|p2a: Witto|Pain Split|p1a: Rest\n|-sethp|p1a: Rest|39\/100 par|[from] move: Pain Split|[silent]\n|-sethp|p2a: Witto|61\/100|[from] move: Pain Split\n|move|p1a: Rest|Flip Turn|p2a: Witto\n|-damage|p2a: Witto|52\/100\n|\n|t:|1701216323\n|switch|p1a: Snooze|Masquerain, F|40\/100 tox|[from] Flip Turn\n|\n|-damage|p1a: Snooze|34\/100 tox|[from] psn\n|-end|p2a: Witto|Whirlpool|[partiallytrapped]|[silent]\n|upkeep\n|turn|30\n|c| poggerwog|PAIN SPLIT\n|\n|t:|1701216332\n|-end|p2a: Witto|ability: Neutralizing Gas\n|-ability|p1a: Snooze|Intimidate|boost\n|-unboost|p2a: Witto|atk|1\n|switch|p2a: Bitto|Blissey, F|100\/100\n|move|p1a: Snooze|Hurricane|p2a: Bitto\n|-damage|p2a: Bitto|80\/100\n|\n|-damage|p1a: Snooze|21\/100 tox|[from] psn\n|upkeep\n|turn|31\n|\n|t:|1701216351\n|switch|p1a: Slumber|Torkoal, M|40\/100 tox\n|-weather|SunnyDay|[from] ability: Drought|[of] p1a: Slumber\n|move|p2a: Bitto|Thunder Wave|p1a: Slumber|[miss]\n|-miss|p2a: Bitto|p1a: Slumber\n|\n|-weather|SunnyDay|[upkeep]\n|-damage|p1a: Slumber|34\/100 tox|[from] psn\n|upkeep\n|turn|32\n|\n|t:|1701216377\n|switch|p1a: Doze|Lilligant-Hisui, F|100\/100\n|move|p2a: Bitto|Thunder Wave|p1a: Doze\n|-status|p1a: Doze|par\n|\n|-weather|SunnyDay|[upkeep]\n|upkeep\n|turn|33\n|\n|t:|1701216389\n|switch|p2a: Witto|Weezing-Galar, M, shiny|52\/100\n|-ability|p2a: Witto|Neutralizing Gas\n|move|p1a: Doze|Ice Spinner|p2a: Witto\n|-damage|p2a: Witto|38\/100\n|\n|-weather|SunnyDay|[upkeep]\n|upkeep\n|turn|34\n|\n|t:|1701216401\n|move|p1a: Doze|Victory Dance|p1a: Doze\n|-boost|p1a: Doze|atk|1\n|-boost|p1a: Doze|def|1\n|-boost|p1a: Doze|spe|1\n|move|p2a: Witto|Pain Split|p1a: Doze\n|-sethp|p1a: Doze|73\/100 par|[from] move: Pain Split|[silent]\n|-sethp|p2a: Witto|61\/100|[from] move: Pain Split\n|\n|-weather|SunnyDay|[upkeep]\n|-heal|p1a: Doze|79\/100 par|[from] item: Leftovers\n|upkeep\n|turn|35\n|\n|t:|1701216422\n|-terastallize|p1a: Doze|Ghost\n|move|p1a: Doze|Victory Dance|p1a: Doze\n|-boost|p1a: Doze|atk|1\n|-boost|p1a: Doze|def|1\n|-boost|p1a: Doze|spe|1\n|move|p2a: Witto|Strange Steam|p1a: Doze\n|-damage|p1a: Doze|34\/100 par\n|\n|-weather|SunnyDay|[upkeep]\n|-heal|p1a: Doze|40\/100 par|[from] item: Leftovers\n|upkeep\n|turn|36\n|\n|t:|1701216450\n|-end|p2a: Witto|ability: Neutralizing Gas\n|switch|p2a: Britto|Breloom, M, shiny|100\/100\n|move|p1a: Doze|Solar Blade||[still]\n|-prepare|p1a: Doze|Solar Blade\n|-anim|p1a: Doze|Solar Blade|p2a: Britto\n|-resisted|p2a: Britto\n|-damage|p2a: Britto|10\/100\n|\n|-weather|SunnyDay|[upkeep]\n|-heal|p1a: Doze|46\/100 par|[from] item: Leftovers\n|upkeep\n|turn|37\n|\n|t:|1701216471\n|move|p1a: Doze|Solar Blade||[still]\n|-prepare|p1a: Doze|Solar Blade\n|-anim|p1a: Doze|Solar Blade|p2a: Britto\n|-resisted|p2a: Britto\n|-damage|p2a: Britto|0 fnt\n|faint|p2a: Britto\n|\n|-weather|SunnyDay|[upkeep]\n|-heal|p1a: Doze|52\/100 par|[from] item: Leftovers\n|upkeep\n|\n|t:|1701216478\n|switch|p2a: Ditto|Ditto|100\/100\n|-transform|p2a: Ditto|p1a: Doze|[from] ability: Imposter\n|-start|p2a: Ditto|typechange|Grass\/Fighting|[silent]\n|turn|38\n|c| LuichoX|this is an industry baby moment\n|\n|t:|1701216559\n|move|p2a: Ditto|Ice Spinner|p1a: Doze\n|-damage|p1a: Doze|13\/100 par\n|move|p1a: Doze|Close Combat|p2a: Ditto\n|-damage|p2a: Ditto|24\/100\n|-unboost|p1a: Doze|def|1\n|-unboost|p1a: Doze|spd|1\n|\n|-weather|none\n|-heal|p1a: Doze|19\/100 par|[from] item: Leftovers\n|upkeep\n|turn|39\n|\n|t:|1701216580\n|switch|p1a: Slumber|Torkoal, M|34\/100 tox\n|-weather|SunnyDay|[from] ability: Drought|[of] p1a: Slumber\n|move|p2a: Ditto|Ice Spinner|p1a: Slumber\n|-resisted|p1a: Slumber\n|-damage|p1a: Slumber|21\/100 tox\n|\n|-weather|SunnyDay|[upkeep]\n|-damage|p1a: Slumber|15\/100 tox|[from] psn\n|upkeep\n|turn|40\n|\n|t:|1701216611\n|switch|p1a: Rest|Alomomola, F|39\/100 par\n|move|p2a: Ditto|Ice Spinner|p1a: Rest\n|-resisted|p1a: Rest\n|-damage|p1a: Rest|26\/100 par\n|\n|-weather|SunnyDay|[upkeep]\n|upkeep\n|turn|41\n|\n|t:|1701216667\n|move|p1a: Rest|Protect|p1a: Rest\n|-singleturn|p1a: Rest|Protect\n|move|p2a: Ditto|Ice Spinner|p1a: Rest\n|-activate|p1a: Rest|move: Protect\n|\n|-weather|SunnyDay|[upkeep]\n|upkeep\n|turn|42\n|\n|t:|1701216678\n|switch|p1a: Sleep|Garganacl, M, shiny|100\/100\n|move|p2a: Ditto|Ice Spinner|p1a: Sleep\n|-damage|p1a: Sleep|71\/100\n|\n|-weather|SunnyDay|[upkeep]\n|-heal|p1a: Sleep|77\/100|[from] item: Leftovers\n|upkeep\n|turn|43\n|\n|t:|1701216696\n|switch|p2a: Witto|Weezing-Galar, M, shiny|61\/100\n|-ability|p2a: Witto|Neutralizing Gas\n|move|p1a: Sleep|Protect||[still]\n|-fail|p1a: Sleep\n|\n|-weather|SunnyDay|[upkeep]\n|-heal|p1a: Sleep|83\/100|[from] item: Leftovers\n|upkeep\n|turn|44\n|\n|t:|1701216713\n|move|p2a: Witto|Toxic|p1a: Sleep\n|-status|p1a: Sleep|tox\n|move|p1a: Sleep|Salt Cure|p2a: Witto\n|-damage|p2a: Witto|53\/100\n|-start|p2a: Witto|Salt Cure\n|\n|-weather|SunnyDay|[upkeep]\n|-heal|p1a: Sleep|89\/100 tox|[from] item: Leftovers\n|-damage|p1a: Sleep|83\/100 tox|[from] psn\n|-damage|p2a: Witto|41\/100|[from] Salt Cure\n|upkeep\n|turn|45\n|\n|t:|1701216726\n|move|p1a: Sleep|Protect|p1a: Sleep\n|-singleturn|p1a: Sleep|Protect\n|move|p2a: Witto|Pain Split|p1a: Sleep\n|-activate|p1a: Sleep|move: Protect\n|\n|-weather|SunnyDay|[upkeep]\n|-heal|p1a: Sleep|89\/100 tox|[from] item: Leftovers\n|-damage|p1a: Sleep|77\/100 tox|[from] psn\n|-damage|p2a: Witto|28\/100|[from] Salt Cure\n|upkeep\n|turn|46\n|\n|t:|1701216736\n|move|p2a: Witto|Pain Split|p1a: Sleep\n|-sethp|p1a: Sleep|50\/100 tox|[from] move: Pain Split|[silent]\n|-sethp|p2a: Witto|60\/100|[from] move: Pain Split\n|move|p1a: Sleep|Recover|p1a: Sleep\n|-heal|p1a: Sleep|99\/100 tox\n|\n|-weather|none\n|-heal|p1a: Sleep|100\/100 tox|[from] item: Leftovers\n|-damage|p1a: Sleep|82\/100 tox|[from] psn\n|-damage|p2a: Witto|48\/100|[from] Salt Cure\n|upkeep\n|turn|47\n|\n|t:|1701216749\n|move|p1a: Sleep|Protect|p1a: Sleep\n|-singleturn|p1a: Sleep|Protect\n|move|p2a: Witto|Pain Split|p1a: Sleep\n|-activate|p1a: Sleep|move: Protect\n|\n|-heal|p1a: Sleep|88\/100 tox|[from] item: Leftovers\n|-damage|p1a: Sleep|63\/100 tox|[from] psn\n|-damage|p2a: Witto|36\/100|[from] Salt Cure\n|upkeep\n|turn|48\n|\n|t:|1701216760\n|move|p2a: Witto|Pain Split|p1a: Sleep\n|-sethp|p1a: Sleep|47\/100 tox|[from] move: Pain Split|[silent]\n|-sethp|p2a: Witto|56\/100|[from] move: Pain Split\n|move|p1a: Sleep|Recover|p1a: Sleep\n|-heal|p1a: Sleep|97\/100 tox\n|\n|-heal|p1a: Sleep|100\/100 tox|[from] item: Leftovers\n|-damage|p1a: Sleep|70\/100 tox|[from] psn\n|-damage|p2a: Witto|44\/100|[from] Salt Cure\n|upkeep\n|turn|49\n|\n|t:|1701216798\n|switch|p1a: Rest|Alomomola, F|60\/100 par\n|move|p2a: Witto|Pain Split|p1a: Rest\n|-sethp|p1a: Rest|44\/100 par|[from] move: Pain Split|[silent]\n|-sethp|p2a: Witto|69\/100|[from] move: Pain Split\n|\n|-damage|p2a: Witto|57\/100|[from] Salt Cure\n|upkeep\n|turn|50\n|\n|t:|1701216808\n|-end|p2a: Witto|ability: Neutralizing Gas\n|switch|p2a: Bitto|Blissey, F|80\/100\n|move|p1a: Rest|Wish|p1a: Rest\n|\n|upkeep\n|turn|51\n|c| poggerwog|GIVE IT UP FOR TURN 50\n|c| LuichoX|this is an ari match\n|c| LuichoX|we've been listening to industry baby for god knows how long now\n|c| poggerwog|im glad\n|\n|t:|1701216841\n|move|p2a: Bitto|Thunderbolt|p1a: Rest\n|-supereffective|p1a: Rest\n|-damage|p1a: Rest|1\/100 par\n|move|p1a: Rest|Flip Turn|p2a: Bitto\n|-damage|p2a: Bitto|68\/100\n|c| poggerwog|that im not there\n|\n|t:|1701216849\n|switch|p1a: Snooze|Masquerain, F|21\/100 tox|[from] Flip Turn\n|-ability|p1a: Snooze|Intimidate|boost\n|-unboost|p2a: Bitto|atk|1\n|\n|-heal|p1a: Snooze|100\/100 tox|[from] move: Wish|[wisher] Rest\n|-damage|p1a: Snooze|94\/100 tox|[from] psn\n|upkeep\n|turn|52\n|\n|t:|1701216865\n|move|p1a: Snooze|Tailwind|p1a: Snooze\n|-sidestart|p1: lieb330|move: Tailwind\n|move|p2a: Bitto|Soft-Boiled|p2a: Bitto\n|-heal|p2a: Bitto|100\/100\n|\n|-damage|p1a: Snooze|82\/100 tox|[from] psn\n|upkeep\n|turn|53\n|c| LuichoX|WHAT DOES THAT EVEN DO\n|c| edicts|I AM SO SAD\n|\n|t:|1701216933\n|move|p1a: Snooze|Sticky Web|p2a: Bitto\n|-sidestart|p2: horiaboria647|move: Sticky Web\n|move|p2a: Bitto|Thunderbolt|p1a: Snooze\n|-supereffective|p1a: Snooze\n|-damage|p1a: Snooze|36\/100 tox\n|\n|-damage|p1a: Snooze|18\/100 tox|[from] psn\n|upkeep\n|turn|54\n|c| napg0d|is it burnt? did i drop it in dirt?\n|\n|t:|1701216956\n|switch|p1a: Sleep|Garganacl, M, shiny|70\/100 tox\n|move|p2a: Bitto|Thunder Wave||[still]\n|-fail|p2a: Bitto\n|\n|-heal|p1a: Sleep|76\/100 tox|[from] item: Leftovers\n|-damage|p1a: Sleep|70\/100 tox|[from] psn\n|upkeep\n|turn|55\n|\n|t:|1701216968\n|switch|p2a: Witto|Weezing-Galar, M, shiny|57\/100\n|-ability|p2a: Witto|Neutralizing Gas\n|-activate|p2a: Witto|move: Sticky Web\n|-unboost|p2a: Witto|spe|1\n|move|p1a: Sleep|Body Press|p2a: Witto\n|-resisted|p2a: Witto\n|-damage|p2a: Witto|53\/100\n|\n|-heal|p1a: Sleep|76\/100 tox|[from] item: Leftovers\n|-damage|p1a: Sleep|63\/100 tox|[from] psn\n|-sideend|p1: lieb330|move: Tailwind\n|upkeep\n|turn|56\n|\n|t:|1701216983\n|move|p1a: Sleep|Salt Cure|p2a: Witto\n|-damage|p2a: Witto|43\/100\n|-start|p2a: Witto|Salt Cure\n|move|p2a: Witto|Defog|p1a: Sleep\n|-unboost|p1a: Sleep|evasion|1\n|-sideend|p2: horiaboria647|Sticky Web|[from] move: Defog|[of] p2a: Witto\n|\n|-heal|p1a: Sleep|70\/100 tox|[from] item: Leftovers\n|-damage|p1a: Sleep|51\/100 tox|[from] psn\n|-damage|p2a: Witto|31\/100|[from] Salt Cure\n|upkeep\n|turn|57\n|\n|t:|1701216999\n|move|p1a: Sleep|Salt Cure|p2a: Witto\n|-damage|p2a: Witto|23\/100\n|move|p2a: Witto|Pain Split|p1a: Sleep\n|-sethp|p1a: Sleep|35\/100 tox|[from] move: Pain Split|[silent]\n|-sethp|p2a: Witto|42\/100|[from] move: Pain Split\n|\n|-heal|p1a: Sleep|41\/100 tox|[from] item: Leftovers\n|-damage|p1a: Sleep|16\/100 tox|[from] psn\n|-damage|p2a: Witto|30\/100|[from] Salt Cure\n|upkeep\n|turn|58\n|\n|t:|1701217011\n|-end|p2a: Witto|ability: Neutralizing Gas\n|switch|p2a: Gitto|Garchomp, F|70\/100\n|move|p1a: Sleep|Recover|p1a: Sleep\n|-heal|p1a: Sleep|66\/100 tox\n|\n|-heal|p1a: Sleep|73\/100 tox|[from] item: Leftovers\n|-damage|p1a: Sleep|42\/100 tox|[from] psn\n|upkeep\n|turn|59\n|\n|t:|1701217036\n|move|p2a: Gitto|Earthquake|p1a: Sleep\n|-supereffective|p1a: Sleep\n|-damage|p1a: Sleep|0 fnt\n|faint|p1a: Sleep\n|-damage|p2a: Gitto|60\/100|[from] item: Life Orb\n|\n|upkeep\n|\n|t:|1701217044\n|switch|p1a: Rest|Alomomola, F|35\/100 par\n|turn|60\n|\n|t:|1701217053\n|move|p2a: Gitto|Thunder Fang|p1a: Rest\n|-supereffective|p1a: Rest\n|-damage|p1a: Rest|0 fnt\n|faint|p1a: Rest\n|-damage|p2a: Gitto|50\/100|[from] item: Life Orb\n|\n|upkeep\n|\n|t:|1701217060\n|switch|p1a: Slumber|Torkoal, M|15\/100 tox\n|-weather|SunnyDay|[from] ability: Drought|[of] p1a: Slumber\n|turn|61\n|c| LuichoX|horia remembered he can win\n|c| edicts|THE COW IS GETTING TIPPED OVER\n|c| poggerwog|reminder that this is game 1 btw\n|c|\u2606lieb330|i couldnt win this\n|c|\u2606lieb330|i realized that 30 rounds ago\n|\n|t:|1701217082\n|move|p2a: Gitto|Earthquake|p1a: Slumber\n|-supereffective|p1a: Slumber\n|-damage|p1a: Slumber|0 fnt\n|faint|p1a: Slumber\n|-damage|p2a: Gitto|40\/100|[from] item: Life Orb\n|\n|-weather|SunnyDay|[upkeep]\n|upkeep\n|c|\u2606lieb330|2 severe oversights\n|\n|t:|1701217096\n|switch|p1a: Snooze|Masquerain, F|18\/100 tox\n|-ability|p1a: Snooze|Intimidate|boost\n|-unboost|p2a: Gitto|atk|1\n|turn|62\n|c| LuichoX|i can imagine one of them\n|\n|t:|1701217100\n|switch|p2a: Bitto|Blissey, F|100\/100\n|move|p1a: Snooze|Hurricane|p2a: Bitto|[miss]\n|-miss|p1a: Snooze|p2a: Bitto\n|\n|-weather|SunnyDay|[upkeep]\n|-damage|p1a: Snooze|12\/100 tox|[from] psn\n|upkeep\n|turn|63\n|c| LuichoX|related to garganacci\n|\n|t:|1701217110\n|move|p2a: Bitto|Thunderbolt|p1a: Snooze\n|-supereffective|p1a: Snooze\n|-damage|p1a: Snooze|0 fnt\n|faint|p1a: Snooze\n|\n|-weather|SunnyDay|[upkeep]\n|upkeep\n|\n|t:|1701217115\n|switch|p1a: Doze|Lilligant-Hisui, F, tera:Ghost|19\/100 par\n|turn|64\n|\n|t:|1701217119\n|cant|p1a: Doze|par\n|move|p2a: Bitto|Thunderbolt|p1a: Doze\n|-damage|p1a: Doze|0 fnt\n|faint|p1a: Doze\n|\n|win|horiaboria647\n|l|\u2606lieb330\n|l|\u2606horiaboria647\n|l| poggerwog\n|l| napg0d\n|l| edicts\n|j| poggerwog\n|l| poggerwog\n","uploadtime":1701217171,"views":2,"p1id":"lieb330","p2id":"horiaboria647","formatid":"gen9ou","rating":0,"private":0,"password":""}