{"id":"gen9ou-1996271055","p1":"CHANGANG","p2":"CapnTophat","format":"[Gen 9] OU","log":"|j|\u2606CHANGANG\n|j|\u2606CapnTophat\n|t:|1700666107\n|gametype|singles\n|player|p1|CHANGANG|clay|1668\n|player|p2|CapnTophat|wallace|1776\n|teamsize|p1|6\n|teamsize|p2|6\n|gen|9\n|tier|[Gen 9] OU\n|rated|\n|rule|Sleep Clause Mod: Limit one foe put to sleep\n|rule|Species Clause: Limit one of each Pok\u00e9mon\n|rule|OHKO Clause: OHKO moves are banned\n|rule|Evasion Items Clause: Evasion items are banned\n|rule|Evasion Moves Clause: Evasion moves are banned\n|rule|Endless Battle Clause: Forcing endless battles is banned\n|rule|HP Percentage Mod: HP is shown in percentages\n|clearpoke\n|poke|p1|Landorus-Therian, M|\n|poke|p1|Amoonguss, F|\n|poke|p1|Ting-Lu|\n|poke|p1|Gholdengo|\n|poke|p1|Kingambit, M|\n|poke|p1|Iron Valiant|\n|poke|p2|Iron Hands|\n|poke|p2|Ting-Lu|\n|poke|p2|Iron Valiant|\n|poke|p2|Dragapult, F|\n|poke|p2|Ogerpon-Wellspring, F|\n|poke|p2|Cinderace, F|\n|teampreview\n|inactive|Battle timer is ON: inactive players will automatically lose when time's up. (requested by CapnTophat)\n|j| FULKU\n|\n|t:|1700666125\n|start\n|switch|p1a: HomeLandor|Landorus-Therian, M|100\/100\n|switch|p2a: Cinderace|Cinderace, F|100\/100\n|-ability|p1a: HomeLandor|Intimidate|boost\n|-unboost|p2a: Cinderace|atk|1\n|turn|1\n|\n|t:|1700666133\n|move|p1a: HomeLandor|Earthquake|p2a: Cinderace\n|-supereffective|p2a: Cinderace\n|-damage|p2a: Cinderace|0 fnt\n|faint|p2a: Cinderace\n|\n|upkeep\n|\n|t:|1700666139\n|switch|p2a: Ting-Lu|Ting-Lu|100\/100\n|-ability|p2a: Ting-Lu|Vessel of Ruin\n|turn|2\n|\n|t:|1700666153\n|-terastallize|p1a: HomeLandor|Ground\n|move|p1a: HomeLandor|Earthquake|p2a: Ting-Lu\n|-damage|p2a: Ting-Lu|60\/100\n|move|p2a: Ting-Lu|Stealth Rock|p1a: HomeLandor\n|-sidestart|p1: CHANGANG|move: Stealth Rock\n|\n|-heal|p2a: Ting-Lu|66\/100|[from] item: Leftovers\n|upkeep\n|turn|3\n|\n|t:|1700666159\n|move|p1a: HomeLandor|Earthquake|p2a: Ting-Lu\n|-damage|p2a: Ting-Lu|25\/100\n|move|p2a: Ting-Lu|Ruination|p1a: HomeLandor\n|-damage|p1a: HomeLandor|51\/100\n|\n|-heal|p2a: Ting-Lu|31\/100|[from] item: Leftovers\n|upkeep\n|turn|4\n|\n|t:|1700666163\n|move|p1a: HomeLandor|Earthquake|p2a: Ting-Lu\n|-damage|p2a: Ting-Lu|0 fnt\n|faint|p2a: Ting-Lu\n|\n|upkeep\n|\n|t:|1700666166\n|switch|p2a: Ogerpon|Ogerpon-Wellspring, F|100\/100\n|turn|5\n|\n|t:|1700666169\n|switch|p1a: Luh Mogus|Amoonguss, F, shiny|100\/100\n|move|p2a: Ogerpon|Swords Dance|p2a: Ogerpon\n|-boost|p2a: Ogerpon|atk|2\n|\n|upkeep\n|turn|6\n|j| DukeStarr\n|\n|t:|1700666173\n|move|p2a: Ogerpon|Ivy Cudgel|p1a: Luh Mogus|[anim] Ivy Cudgel Water\n|-resisted|p1a: Luh Mogus\n|-crit|p1a: Luh Mogus\n|-damage|p1a: Luh Mogus|36\/100\n|move|p1a: Luh Mogus|Foul Play|p2a: Ogerpon\n|-damage|p2a: Ogerpon|16\/100\n|\n|upkeep\n|turn|7\n|\n|t:|1700666178\n|move|p2a: Ogerpon|Ivy Cudgel|p1a: Luh Mogus|[anim] Ivy Cudgel Water\n|-resisted|p1a: Luh Mogus\n|-damage|p1a: Luh Mogus|0 fnt\n|faint|p1a: Luh Mogus\n|\n|upkeep\n|\n|t:|1700666180\n|switch|p1a: HomeLandor|Landorus-Therian, M, tera:Ground|51\/100\n|-damage|p1a: HomeLandor|45\/100|[from] Stealth Rock\n|-ability|p1a: HomeLandor|Intimidate|boost\n|-unboost|p2a: Ogerpon|atk|1\n|turn|8\n|\n|t:|1700666184\n|move|p1a: HomeLandor|Earthquake|p2a: Ogerpon\n|-resisted|p2a: Ogerpon\n|-damage|p2a: Ogerpon|0 fnt\n|faint|p2a: Ogerpon\n|\n|upkeep\n|\n|t:|1700666185\n|switch|p2a: Iron Hands|Iron Hands|100\/100\n|turn|9\n|\n|t:|1700666186\n|-terastallize|p2a: Iron Hands|Flying\n|move|p1a: HomeLandor|Earthquake|p2a: Iron Hands\n|-immune|p2a: Iron Hands\n|move|p2a: Iron Hands|Swords Dance|p2a: Iron Hands\n|-boost|p2a: Iron Hands|atk|2\n|\n|upkeep\n|turn|10\n|\n|t:|1700666192\n|switch|p1a: Ting Louie|Ting-Lu|100\/100\n|-damage|p1a: Ting Louie|94\/100|[from] Stealth Rock\n|-ability|p1a: Ting Louie|Vessel of Ruin\n|move|p2a: Iron Hands|Swords Dance|p2a: Iron Hands\n|-boost|p2a: Iron Hands|atk|2\n|\n|-heal|p1a: Ting Louie|100\/100|[from] item: Leftovers\n|upkeep\n|turn|11\n|\n|t:|1700666195\n|move|p2a: Iron Hands|Drain Punch|p1a: Ting Louie\n|-supereffective|p1a: Ting Louie\n|-damage|p1a: Ting Louie|0 fnt\n|faint|p1a: Ting Louie\n|\n|upkeep\n|\n|t:|1700666207\n|switch|p1a: Gholden Joe|Gholdengo|100\/100\n|-damage|p1a: Gholden Joe|94\/100|[from] Stealth Rock\n|-item|p1a: Gholden Joe|Air Balloon\n|turn|12\n|\n|t:|1700666210\n|move|p1a: Gholden Joe|Make It Rain|p2a: Iron Hands\n|-damage|p2a: Iron Hands|52\/100\n|-unboost|p1a: Gholden Joe|spa|1\n|move|p2a: Iron Hands|Thunder Punch|p1a: Gholden Joe\n|-damage|p1a: Gholden Joe|0 fnt\n|-enditem|p1a: Gholden Joe|Air Balloon\n|faint|p1a: Gholden Joe\n|\n|-heal|p2a: Iron Hands|58\/100|[from] item: Leftovers\n|upkeep\n|\n|t:|1700666217\n|switch|p1a: GalladeRunner2049|Iron Valiant|100\/100\n|-damage|p1a: GalladeRunner2049|94\/100|[from] Stealth Rock\n|-enditem|p1a: GalladeRunner2049|Booster Energy\n|-activate|p1a: GalladeRunner2049|ability: Quark Drive|[fromitem]\n|-start|p1a: GalladeRunner2049|quarkdrivespe\n|turn|13\n|\n|t:|1700666223\n|move|p1a: GalladeRunner2049|Moonblast|p2a: Iron Hands\n|-damage|p2a: Iron Hands|25\/100\n|move|p2a: Iron Hands|Drain Punch|p1a: GalladeRunner2049\n|-resisted|p1a: GalladeRunner2049\n|-damage|p1a: GalladeRunner2049|9\/100\n|-heal|p2a: Iron Hands|52\/100|[from] drain|[of] p1a: GalladeRunner2049\n|\n|-heal|p2a: Iron Hands|58\/100|[from] item: Leftovers\n|upkeep\n|turn|14\n|\n|t:|1700666230\n|move|p1a: GalladeRunner2049|Moonblast|p2a: Iron Hands\n|-damage|p2a: Iron Hands|21\/100\n|-unboost|p2a: Iron Hands|spa|1\n|move|p2a: Iron Hands|Drain Punch|p1a: GalladeRunner2049\n|-resisted|p1a: GalladeRunner2049\n|-damage|p1a: GalladeRunner2049|0 fnt\n|-heal|p2a: Iron Hands|23\/100|[from] drain|[of] p1a: GalladeRunner2049\n|faint|p1a: GalladeRunner2049\n|-end|p1a: GalladeRunner2049|Quark Drive|[silent]\n|\n|-heal|p2a: Iron Hands|30\/100|[from] item: Leftovers\n|upkeep\n|\n|t:|1700666236\n|switch|p1a: The Culling|Kingambit, M|100\/100\n|-damage|p1a: The Culling|94\/100|[from] Stealth Rock\n|-activate|p1a: The Culling|ability: Supreme Overlord\n|-start|p1a: The Culling|fallen4|[silent]\n|turn|15\n|\n|t:|1700666239\n|move|p1a: The Culling|Sucker Punch|p2a: Iron Hands\n|-damage|p2a: Iron Hands|0 fnt\n|faint|p2a: Iron Hands\n|-end|p2a: Iron Hands|Quark Drive|[silent]\n|\n|-heal|p1a: The Culling|100\/100|[from] item: Leftovers\n|upkeep\n|\n|t:|1700666241\n|switch|p2a: Iron Valiant|Iron Valiant|100\/100\n|-enditem|p2a: Iron Valiant|Booster Energy\n|-activate|p2a: Iron Valiant|ability: Quark Drive|[fromitem]\n|-start|p2a: Iron Valiant|quarkdrivespe\n|turn|16\n|\n|t:|1700666246\n|move|p1a: The Culling|Sucker Punch||[still]\n|-fail|p1a: The Culling\n|move|p2a: Iron Valiant|Encore|p1a: The Culling\n|-start|p1a: The Culling|Encore\n|\n|upkeep\n|turn|17\n|\n|t:|1700666249\n|move|p1a: The Culling|Sucker Punch||[still]\n|-fail|p1a: The Culling\n|move|p2a: Iron Valiant|Calm Mind|p2a: Iron Valiant\n|-boost|p2a: Iron Valiant|spa|1\n|-boost|p2a: Iron Valiant|spd|1\n|\n|upkeep\n|turn|18\n|\n|t:|1700666250\n|move|p1a: The Culling|Sucker Punch||[still]\n|-fail|p1a: The Culling\n|move|p2a: Iron Valiant|Calm Mind|p2a: Iron Valiant\n|-boost|p2a: Iron Valiant|spa|1\n|-boost|p2a: Iron Valiant|spd|1\n|\n|upkeep\n|turn|19\n|\n|t:|1700666253\n|move|p1a: The Culling|Sucker Punch||[still]\n|-fail|p1a: The Culling\n|move|p2a: Iron Valiant|Calm Mind|p2a: Iron Valiant\n|-boost|p2a: Iron Valiant|spa|1\n|-boost|p2a: Iron Valiant|spd|1\n|\n|-end|p1a: The Culling|Encore\n|upkeep\n|turn|20\n|\n|t:|1700666259\n|-end|p1a: The Culling|fallen4|[silent]\n|switch|p1a: HomeLandor|Landorus-Therian, M, tera:Ground|45\/100\n|-damage|p1a: HomeLandor|39\/100|[from] Stealth Rock\n|-ability|p1a: HomeLandor|Intimidate|boost\n|-unboost|p2a: Iron Valiant|atk|1\n|move|p2a: Iron Valiant|Encore||[still]\n|-fail|p2a: Iron Valiant\n|\n|upkeep\n|turn|21\n|\n|t:|1700666262\n|move|p2a: Iron Valiant|Moonblast|p1a: HomeLandor\n|-damage|p1a: HomeLandor|0 fnt\n|faint|p1a: HomeLandor\n|\n|upkeep\n|\n|t:|1700666263\n|switch|p1a: The Culling|Kingambit, M|100\/100\n|-damage|p1a: The Culling|94\/100|[from] Stealth Rock\n|-activate|p1a: The Culling|ability: Supreme Overlord\n|-start|p1a: The Culling|fallen5|[silent]\n|turn|22\n|\n|t:|1700666266\n|move|p2a: Iron Valiant|Moonblast|p1a: The Culling\n|-damage|p1a: The Culling|0 fnt\n|faint|p1a: The Culling\n|-end|p1a: The Culling|fallen5|[silent]\n|\n|win|CapnTophat\n|raw|CHANGANG's rating: 1668 &rarr; <strong>1654<\/strong><br \/>(-14 for losing)\n|raw|CapnTophat's rating: 1776 &rarr; <strong>1790<\/strong><br \/>(+14 for winning)\n|l|\u2606CHANGANG\n","uploadtime":1700666280,"views":4,"p1id":"changang","p2id":"capntophat","formatid":"gen9ou","rating":1654,"private":0,"password":""}