{"id":"gen9ou-1990894173","p1":"taco920","p2":"jellofish01","format":"[Gen 9] OU","log":"|j|\u2606taco920\n|j|\u2606jellofish01\n|t:|1700012307\n|gametype|singles\n|player|p1|taco920|101|1352\n|player|p2|jellofish01|169|1393\n|teamsize|p1|6\n|teamsize|p2|6\n|gen|9\n|tier|[Gen 9] OU\n|rated|\n|rule|Sleep Clause Mod: Limit one foe put to sleep\n|rule|Species Clause: Limit one of each Pok\u00e9mon\n|rule|OHKO Clause: OHKO moves are banned\n|rule|Evasion Items Clause: Evasion items are banned\n|rule|Evasion Moves Clause: Evasion moves are banned\n|rule|Endless Battle Clause: Forcing endless battles is banned\n|rule|HP Percentage Mod: HP is shown in percentages\n|clearpoke\n|poke|p1|Poliwrath, F|\n|poke|p1|Pelipper, F|\n|poke|p1|Overqwil, M|\n|poke|p1|Rillaboom, M|\n|poke|p1|Iron Treads|\n|poke|p1|Zapdos|\n|poke|p2|Meowscarada, M|\n|poke|p2|Kommo-o, M|\n|poke|p2|Fezandipiti, M|\n|poke|p2|Corviknight, F|\n|poke|p2|Ting-Lu|\n|poke|p2|Skeledirge, M|\n|teampreview\n|\n|t:|1700012313\n|start\n|switch|p1a: Pelipper|Pelipper, F|100\/100\n|switch|p2a: Meowscarada|Meowscarada, M|100\/100\n|-weather|RainDance|[from] ability: Drizzle|[of] p1a: Pelipper\n|turn|1\n|\n|t:|1700012325\n|move|p2a: Meowscarada|U-turn|p1a: Pelipper\n|-start|p2a: Meowscarada|typechange|Bug|[from] ability: Protean\n|-resisted|p1a: Pelipper\n|-damage|p1a: Pelipper|76\/100\n|\n|t:|1700012328\n|switch|p2a: Ting-Lu|Ting-Lu|100\/100|[from] U-turn\n|-ability|p2a: Ting-Lu|Vessel of Ruin\n|move|p1a: Pelipper|Hurricane|p2a: Ting-Lu\n|-damage|p2a: Ting-Lu|84\/100\n|\n|-weather|RainDance|[upkeep]\n|-heal|p2a: Ting-Lu|91\/100|[from] item: Leftovers\n|upkeep\n|turn|2\n|\n|t:|1700012338\n|move|p1a: Pelipper|U-turn|p2a: Ting-Lu\n|-supereffective|p2a: Ting-Lu\n|-damage|p2a: Ting-Lu|82\/100\n|\n|t:|1700012346\n|switch|p1a: Poliwrath|Poliwrath, F|100\/100|[from] U-turn\n|move|p2a: Ting-Lu|Stealth Rock|p1a: Poliwrath\n|-sidestart|p1: taco920|move: Stealth Rock\n|\n|-weather|RainDance|[upkeep]\n|-heal|p2a: Ting-Lu|88\/100|[from] item: Leftovers\n|upkeep\n|turn|3\n|\n|t:|1700012357\n|switch|p2a: Fezandipiti|Fezandipiti, M|100\/100\n|move|p1a: Poliwrath|Belly Drum|p1a: Poliwrath\n|-damage|p1a: Poliwrath|50\/100\n|-setboost|p1a: Poliwrath|atk|6|[from] move: Belly Drum\n|-enditem|p1a: Poliwrath|Sitrus Berry|[eat]\n|-heal|p1a: Poliwrath|75\/100|[from] item: Sitrus Berry\n|\n|-weather|RainDance|[upkeep]\n|upkeep\n|turn|4\n|\n|t:|1700012370\n|switch|p2a: Corviknight|Corviknight, F|100\/100\n|-ability|p2a: Corviknight|Pressure\n|-terastallize|p1a: Poliwrath|Poison\n|move|p1a: Poliwrath|Tera Blast|p2a: Corviknight|[anim] Tera Blast Poison\n|-immune|p2a: Corviknight\n|\n|-weather|RainDance|[upkeep]\n|upkeep\n|turn|5\n|\n|t:|1700012379\n|move|p1a: Poliwrath|Drain Punch|p2a: Corviknight\n|-damage|p2a: Corviknight|28\/100\n|-heal|p1a: Poliwrath|100\/100|[from] drain|[of] p2a: Corviknight\n|-damage|p1a: Poliwrath|84\/100|[from] item: Rocky Helmet|[of] p2a: Corviknight\n|move|p2a: Corviknight|U-turn|p1a: Poliwrath\n|-resisted|p1a: Poliwrath\n|-damage|p1a: Poliwrath|76\/100\n|\n|t:|1700012402\n|switch|p2a: Meowscarada|Meowscarada, M|100\/100|[from] U-turn\n|\n|-weather|RainDance|[upkeep]\n|upkeep\n|turn|6\n|\n|t:|1700012411\n|move|p1a: Poliwrath|Drain Punch|p2a: Meowscarada\n|-supereffective|p2a: Meowscarada\n|-damage|p2a: Meowscarada|0 fnt\n|-heal|p1a: Poliwrath|100\/100|[from] drain|[of] p2a: Meowscarada\n|faint|p2a: Meowscarada\n|\n|-weather|RainDance|[upkeep]\n|upkeep\n|\n|t:|1700012421\n|switch|p2a: Skeledirge|Skeledirge, M|100\/100\n|turn|7\n|\n|t:|1700012428\n|-terastallize|p2a: Skeledirge|Fairy\n|move|p1a: Poliwrath|Liquidation|p2a: Skeledirge\n|-damage|p2a: Skeledirge|56\/100\n|move|p2a: Skeledirge|Will-O-Wisp|p1a: Poliwrath\n|-status|p1a: Poliwrath|brn\n|\n|-weather|RainDance|[upkeep]\n|-damage|p1a: Poliwrath|94\/100 brn|[from] brn\n|upkeep\n|turn|8\n|\n|t:|1700012437\n|switch|p2a: Corviknight|Corviknight, F|28\/100\n|-ability|p2a: Corviknight|Pressure\n|move|p1a: Poliwrath|Tera Blast|p2a: Corviknight|[anim] Tera Blast Poison\n|-immune|p2a: Corviknight\n|\n|-weather|none\n|-damage|p1a: Poliwrath|88\/100 brn|[from] brn\n|upkeep\n|turn|9\n|\n|t:|1700012446\n|switch|p2a: Skeledirge|Skeledirge, M, tera:Fairy|56\/100\n|move|p1a: Poliwrath|Drain Punch|p2a: Skeledirge\n|-resisted|p2a: Skeledirge\n|-damage|p2a: Skeledirge|49\/100\n|-heal|p1a: Poliwrath|93\/100 brn|[from] drain|[of] p2a: Skeledirge\n|\n|-damage|p1a: Poliwrath|87\/100 brn|[from] brn\n|upkeep\n|turn|10\n|\n|t:|1700012456\n|move|p1a: Poliwrath|Liquidation|p2a: Skeledirge\n|-damage|p2a: Skeledirge|36\/100\n|-unboost|p2a: Skeledirge|def|1\n|move|p2a: Skeledirge|Slack Off|p2a: Skeledirge\n|-heal|p2a: Skeledirge|86\/100\n|\n|-damage|p1a: Poliwrath|80\/100 brn|[from] brn\n|upkeep\n|turn|11\n|\n|t:|1700012464\n|move|p1a: Poliwrath|Liquidation|p2a: Skeledirge\n|-damage|p2a: Skeledirge|63\/100\n|move|p2a: Skeledirge|Hex|p1a: Poliwrath\n|-damage|p1a: Poliwrath|20\/100 brn\n|\n|-damage|p1a: Poliwrath|14\/100 brn|[from] brn\n|upkeep\n|turn|12\n|\n|t:|1700012471\n|move|p1a: Poliwrath|Liquidation|p2a: Skeledirge\n|-damage|p2a: Skeledirge|41\/100\n|move|p2a: Skeledirge|Slack Off|p2a: Skeledirge\n|-heal|p2a: Skeledirge|91\/100\n|\n|-damage|p1a: Poliwrath|7\/100 brn|[from] brn\n|upkeep\n|turn|13\n|\n|t:|1700012478\n|switch|p2a: Corviknight|Corviknight, F|28\/100\n|-ability|p2a: Corviknight|Pressure\n|move|p1a: Poliwrath|Liquidation|p2a: Corviknight\n|-damage|p2a: Corviknight|0 fnt\n|-damage|p1a: Poliwrath|0 fnt|[from] item: Rocky Helmet|[of] p2a: Corviknight\n|faint|p2a: Corviknight\n|faint|p1a: Poliwrath\n|\n|upkeep\n|\n|t:|1700012491\n|switch|p1a: Pelipper|Pelipper, F|76\/100\n|switch|p2a: Kommo-o|Kommo-o, M|100\/100\n|-damage|p1a: Pelipper|52\/100|[from] Stealth Rock\n|-weather|RainDance|[from] ability: Drizzle|[of] p1a: Pelipper\n|turn|14\n|\n|t:|1700012498\n|move|p2a: Kommo-o|Clangorous Soul|p2a: Kommo-o\n|-boost|p2a: Kommo-o|atk|1\n|-boost|p2a: Kommo-o|def|1\n|-boost|p2a: Kommo-o|spa|1\n|-boost|p2a: Kommo-o|spd|1\n|-boost|p2a: Kommo-o|spe|1\n|-damage|p2a: Kommo-o|68\/100\n|-enditem|p2a: Kommo-o|Throat Spray\n|-boost|p2a: Kommo-o|spa|1|[from] item: Throat Spray\n|move|p1a: Pelipper|Hurricane|p2a: Kommo-o\n|-supereffective|p2a: Kommo-o\n|-damage|p2a: Kommo-o|14\/100\n|-start|p2a: Kommo-o|confusion\n|\n|-weather|RainDance|[upkeep]\n|upkeep\n|turn|15\n|inactive|Battle timer is ON: inactive players will automatically lose when time's up. (requested by jellofish01)\n|\n|t:|1700012512\n|-activate|p2a: Kommo-o|confusion\n|move|p2a: Kommo-o|Boomburst|p1a: Pelipper\n|-damage|p1a: Pelipper|0 fnt\n|faint|p1a: Pelipper\n|\n|-weather|RainDance|[upkeep]\n|upkeep\n|\n|t:|1700012518\n|switch|p1a: Iron Treads|Iron Treads|100\/100\n|-damage|p1a: Iron Treads|97\/100|[from] Stealth Rock\n|turn|16\n|inactive|jellofish01 has 120 seconds left.\n|\n|t:|1700012556\n|-activate|p2a: Kommo-o|confusion\n|move|p2a: Kommo-o|Boomburst|p1a: Iron Treads\n|-resisted|p1a: Iron Treads\n|-damage|p1a: Iron Treads|53\/100\n|move|p1a: Iron Treads|Ice Spinner|p2a: Kommo-o\n|-supereffective|p2a: Kommo-o\n|-damage|p2a: Kommo-o|0 fnt\n|faint|p2a: Kommo-o\n|\n|-weather|RainDance|[upkeep]\n|upkeep\n|\n|t:|1700012558\n|switch|p2a: Ting-Lu|Ting-Lu|88\/100\n|-ability|p2a: Ting-Lu|Vessel of Ruin\n|turn|17\n|\n|t:|1700012569\n|move|p1a: Iron Treads|Ice Spinner|p2a: Ting-Lu\n|-supereffective|p2a: Ting-Lu\n|-crit|p2a: Ting-Lu\n|-damage|p2a: Ting-Lu|46\/100\n|move|p2a: Ting-Lu|Earthquake|p1a: Iron Treads\n|-supereffective|p1a: Iron Treads\n|-damage|p1a: Iron Treads|0 fnt\n|faint|p1a: Iron Treads\n|-end|p1a: Iron Treads|Quark Drive|[silent]\n|\n|-weather|RainDance|[upkeep]\n|-heal|p2a: Ting-Lu|52\/100|[from] item: Leftovers\n|upkeep\n|\n|t:|1700012588\n|switch|p1a: Overqwil|Overqwil, M|100\/100\n|-damage|p1a: Overqwil|88\/100|[from] Stealth Rock\n|turn|18\n|\n|t:|1700012592\n|move|p1a: Overqwil|Liquidation|p2a: Ting-Lu\n|-supereffective|p2a: Ting-Lu\n|-damage|p2a: Ting-Lu|0 fnt\n|faint|p2a: Ting-Lu\n|-damage|p1a: Overqwil|79\/100|[from] item: Life Orb\n|\n|-weather|RainDance|[upkeep]\n|upkeep\n|\n|t:|1700012594\n|switch|p2a: Skeledirge|Skeledirge, M, tera:Fairy|91\/100\n|turn|19\n|\n|t:|1700012611\n|move|p1a: Overqwil|Gunk Shot|p2a: Skeledirge\n|-supereffective|p2a: Skeledirge\n|-damage|p2a: Skeledirge|0 fnt\n|faint|p2a: Skeledirge\n|-damage|p1a: Overqwil|69\/100|[from] item: Life Orb\n|\n|-weather|RainDance|[upkeep]\n|upkeep\n|\n|t:|1700012614\n|switch|p2a: Fezandipiti|Fezandipiti, M|100\/100\n|turn|20\n|\n|t:|1700012622\n|move|p1a: Overqwil|Liquidation|p2a: Fezandipiti\n|-damage|p2a: Fezandipiti|42\/100\n|-damage|p1a: Overqwil|59\/100|[from] item: Life Orb\n|move|p2a: Fezandipiti|Play Rough|p1a: Overqwil\n|-damage|p1a: Overqwil|30\/100\n|\n|-weather|RainDance|[upkeep]\n|-heal|p2a: Fezandipiti|48\/100|[from] item: Leftovers\n|upkeep\n|turn|21\n|\n|t:|1700012630\n|move|p1a: Overqwil|Liquidation|p2a: Fezandipiti\n|-damage|p2a: Fezandipiti|0 fnt\n|faint|p2a: Fezandipiti\n|-damage|p1a: Overqwil|20\/100|[from] item: Life Orb\n|\n|win|taco920\n|raw|taco920's rating: 1352 &rarr; <strong>1374<\/strong><br \/>(+22 for winning)\n|raw|jellofish01's rating: 1393 &rarr; <strong>1371<\/strong><br \/>(-22 for losing)\n|c|\u2606taco920|gg\n|c|\u2606jellofish01|gg\n","uploadtime":1700012642,"views":28,"p1id":"taco920","p2id":"jellofish01","formatid":"gen9ou","rating":1371,"private":0,"password":""}