{"id":"gen9ou-1999438025","p1":"Mr. Pengo","p2":"AyanManPlays yt","format":"[Gen 9] OU","log":"|j|\u2606Mr. Pengo\n|j|\u2606AyanManPlays yt\n|t:|1701080498\n|gametype|singles\n|player|p1|Mr. Pengo|rocketgrunt|1130\n|player|p2|AyanManPlays yt|alder|1194\n|teamsize|p1|6\n|teamsize|p2|6\n|gen|9\n|tier|[Gen 9] OU\n|rated|\n|rule|Sleep Clause Mod: Limit one foe put to sleep\n|rule|Species Clause: Limit one of each Pok\u00e9mon\n|rule|OHKO Clause: OHKO moves are banned\n|rule|Evasion Items Clause: Evasion items are banned\n|rule|Evasion Moves Clause: Evasion moves are banned\n|rule|Endless Battle Clause: Forcing endless battles is banned\n|rule|HP Percentage Mod: HP is shown in percentages\n|clearpoke\n|poke|p1|Iron Moth|\n|poke|p1|Corviknight, M|\n|poke|p1|Dragapult, M|\n|poke|p1|Ninetales-Alola, F|\n|poke|p1|Tyranitar, M|\n|poke|p1|Great Tusk|\n|poke|p2|Ribombee, F|\n|poke|p2|Ogerpon-Cornerstone, F|\n|poke|p2|Toxapex, M|\n|poke|p2|Kingambit, M|\n|poke|p2|Mandibuzz, F|\n|poke|p2|Dragonite, M|\n|teampreview\n|inactive|Battle timer is ON: inactive players will automatically lose when time's up. (requested by AyanManPlays yt)\n|\n|t:|1701080514\n|start\n|switch|p1a: Iron Moth|Iron Moth|100\/100\n|switch|p2a: Ribombee|Ribombee, F|100\/100\n|-enditem|p1a: Iron Moth|Booster Energy\n|-activate|p1a: Iron Moth|ability: Quark Drive|[fromitem]\n|-start|p1a: Iron Moth|quarkdrivespa\n|turn|1\n|\n|t:|1701080519\n|move|p2a: Ribombee|Sticky Web|p1a: Iron Moth\n|-sidestart|p1: Mr. Pengo|move: Sticky Web\n|move|p1a: Iron Moth|Substitute|p1a: Iron Moth\n|-start|p1a: Iron Moth|Substitute\n|-damage|p1a: Iron Moth|76\/100\n|\n|upkeep\n|turn|2\n|\n|t:|1701080524\n|move|p2a: Ribombee|Bug Buzz|p1a: Iron Moth\n|-resisted|p1a: Iron Moth\n|-damage|p1a: Iron Moth|65\/100\n|move|p1a: Iron Moth|Fiery Dance|p2a: Ribombee\n|-supereffective|p2a: Ribombee\n|-enditem|p2a: Ribombee|Focus Sash\n|-damage|p2a: Ribombee|1\/100\n|-boost|p1a: Iron Moth|spa|1\n|\n|upkeep\n|turn|3\n|\n|t:|1701080531\n|move|p2a: Ribombee|Bug Buzz|p1a: Iron Moth\n|-resisted|p1a: Iron Moth\n|-damage|p1a: Iron Moth|56\/100\n|-unboost|p1a: Iron Moth|spd|1\n|move|p1a: Iron Moth|Fiery Dance|p2a: Ribombee\n|-supereffective|p2a: Ribombee\n|-damage|p2a: Ribombee|0 fnt\n|-boost|p1a: Iron Moth|spa|1\n|faint|p2a: Ribombee\n|\n|upkeep\n|\n|t:|1701080540\n|switch|p2a: Toxapex|Toxapex, M|100\/100\n|turn|4\n|\n|t:|1701080545\n|move|p1a: Iron Moth|Fiery Dance|p2a: Toxapex\n|-resisted|p2a: Toxapex\n|-damage|p2a: Toxapex|50\/100\n|move|p2a: Toxapex|Chilling Water|p1a: Iron Moth\n|-supereffective|p1a: Iron Moth\n|-crit|p1a: Iron Moth\n|-end|p1a: Iron Moth|Substitute\n|\n|-heal|p2a: Toxapex|56\/100|[from] item: Black Sludge\n|upkeep\n|turn|5\n|\n|t:|1701080556\n|move|p1a: Iron Moth|Energy Ball|p2a: Toxapex\n|-damage|p2a: Toxapex|0 fnt\n|faint|p2a: Toxapex\n|\n|upkeep\n|\n|t:|1701080566\n|switch|p2a: Dragonite|Dragonite, M|100\/100\n|turn|6\n|\n|t:|1701080572\n|move|p1a: Iron Moth|Sludge Wave|p2a: Dragonite\n|-damage|p2a: Dragonite|0 fnt\n|faint|p2a: Dragonite\n|\n|upkeep\n|\n|t:|1701080576\n|switch|p2a: Ogerpon|Ogerpon-Cornerstone, F|100\/100\n|turn|7\n|\n|t:|1701080585\n|move|p1a: Iron Moth|Sludge Wave|p2a: Ogerpon\n|-ability|p2a: Ogerpon|Sturdy\n|-damage|p2a: Ogerpon|1\/100\n|move|p2a: Ogerpon|Swords Dance|p2a: Ogerpon\n|-boost|p2a: Ogerpon|atk|2\n|\n|upkeep\n|turn|8\n|\n|t:|1701080593\n|move|p2a: Ogerpon|Ivy Cudgel|p1a: Iron Moth|[anim] Ivy Cudgel Rock\n|-supereffective|p1a: Iron Moth\n|-damage|p1a: Iron Moth|0 fnt\n|faint|p1a: Iron Moth\n|-end|p1a: Iron Moth|Quark Drive|[silent]\n|\n|upkeep\n|\n|t:|1701080602\n|switch|p1a: Great Tusk|Great Tusk|100\/100\n|-activate|p1a: Great Tusk|move: Sticky Web\n|-unboost|p1a: Great Tusk|spe|1\n|-enditem|p1a: Great Tusk|Booster Energy\n|-activate|p1a: Great Tusk|ability: Protosynthesis|[fromitem]\n|-start|p1a: Great Tusk|protosynthesisatk\n|turn|9\n|\n|t:|1701080610\n|move|p2a: Ogerpon|Horn Leech|p1a: Great Tusk\n|-supereffective|p1a: Great Tusk\n|-damage|p1a: Great Tusk|0 fnt\n|-heal|p2a: Ogerpon|63\/100|[from] drain|[of] p1a: Great Tusk\n|faint|p1a: Great Tusk\n|-end|p1a: Great Tusk|Protosynthesis|[silent]\n|\n|upkeep\n|\n|t:|1701080626\n|switch|p1a: Corviknight|Corviknight, M|100\/100\n|-ability|p1a: Corviknight|Pressure\n|turn|10\n|\n|t:|1701080631\n|-terastallize|p2a: Ogerpon|Rock\n|detailschange|p2a: Ogerpon|Ogerpon-Cornerstone-Tera, F, tera:Rock\n|-ability|p2a: Ogerpon|Embody Aspect (Cornerstone)|boost\n|-boost|p2a: Ogerpon|def|1\n|move|p2a: Ogerpon|Ivy Cudgel|p1a: Corviknight|[anim] Ivy Cudgel Rock\n|-damage|p1a: Corviknight|0 fnt\n|faint|p1a: Corviknight\n|\n|upkeep\n|\n|t:|1701080639\n|switch|p1a: Tyranitar|Tyranitar, M|100\/100\n|-activate|p1a: Tyranitar|move: Sticky Web\n|-unboost|p1a: Tyranitar|spe|1\n|-weather|Sandstorm|[from] ability: Sand Stream|[of] p1a: Tyranitar\n|turn|11\n|\n|t:|1701080645\n|-terastallize|p1a: Tyranitar|Flying\n|move|p2a: Ogerpon|Horn Leech|p1a: Tyranitar\n|-resisted|p1a: Tyranitar\n|-damage|p1a: Tyranitar|63\/100\n|-heal|p2a: Ogerpon|84\/100|[from] drain|[of] p1a: Tyranitar\n|move|p1a: Tyranitar|Earthquake|p2a: Ogerpon\n|-supereffective|p2a: Ogerpon\n|-damage|p2a: Ogerpon|4\/100\n|\n|-weather|Sandstorm|[upkeep]\n|-damage|p1a: Tyranitar|57\/100|[from] Sandstorm\n|-heal|p1a: Tyranitar|63\/100|[from] item: Leftovers\n|upkeep\n|turn|12\n|\n|t:|1701080655\n|move|p2a: Ogerpon|Ivy Cudgel|p1a: Tyranitar|[anim] Ivy Cudgel Rock\n|-supereffective|p1a: Tyranitar\n|-damage|p1a: Tyranitar|0 fnt\n|faint|p1a: Tyranitar\n|\n|-weather|Sandstorm|[upkeep]\n|upkeep\n|\n|t:|1701080659\n|switch|p1a: Dragapult|Dragapult, M|100\/100\n|-activate|p1a: Dragapult|move: Sticky Web\n|-unboost|p1a: Dragapult|spe|1\n|turn|13\n|\n|t:|1701080666\n|move|p2a: Ogerpon|Ivy Cudgel|p1a: Dragapult|[anim] Ivy Cudgel Rock\n|-crit|p1a: Dragapult\n|-damage|p1a: Dragapult|0 fnt\n|faint|p1a: Dragapult\n|\n|-weather|Sandstorm|[upkeep]\n|upkeep\n|-message|Mr. Pengo forfeited.\n|\n|win|AyanManPlays yt\n|raw|Mr. Pengo's rating: 1130 &rarr; <strong>1110<\/strong><br \/>(-20 for losing)\n|raw|AyanManPlays yt's rating: 1194 &rarr; <strong>1214<\/strong><br \/>(+20 for winning)\n|l|\u2606Mr. Pengo\n","uploadtime":1701080673,"views":2,"p1id":"mrpengo","p2id":"ayanmanplaysyt","formatid":"gen9ou","rating":1110,"private":0,"password":""}