{"id":"gen9ou-1995105624","p1":"joscake","p2":"PLAYB0I R0BBIE B","format":"[Gen 9] OU","log":"|j|\u2606joscake\n|j|\u2606PLAYB0I R0BBIE B\n|t:|1700523158\n|gametype|singles\n|player|p1|joscake|hilbert-wonderlauncher|1204\n|player|p2|PLAYB0I R0BBIE B|eusine|1316\n|teamsize|p1|6\n|teamsize|p2|6\n|gen|9\n|tier|[Gen 9] OU\n|rated|\n|rule|Sleep Clause Mod: Limit one foe put to sleep\n|rule|Species Clause: Limit one of each Pok\u00e9mon\n|rule|OHKO Clause: OHKO moves are banned\n|rule|Evasion Items Clause: Evasion items are banned\n|rule|Evasion Moves Clause: Evasion moves are banned\n|rule|Endless Battle Clause: Forcing endless battles is banned\n|rule|HP Percentage Mod: HP is shown in percentages\n|clearpoke\n|poke|p1|Venomoth, F|\n|poke|p1|Crawdaunt, M|\n|poke|p1|Gastrodon-East, F|\n|poke|p1|Typhlosion-Hisui, M|\n|poke|p1|Goodra-Hisui, F|\n|poke|p1|Chansey, F|\n|poke|p2|Meowscarada, F|\n|poke|p2|Heatran, F|\n|poke|p2|Thundurus-Therian, M|\n|poke|p2|Dragapult, F|\n|poke|p2|Great Tusk|\n|poke|p2|Azumarill, F|\n|teampreview\n|inactive|Battle timer is ON: inactive players will automatically lose when time's up. (requested by joscake)\n|\n|t:|1700523177\n|start\n|switch|p1a: Typhlosion|Typhlosion-Hisui, M|100\/100\n|switch|p2a: SICKO MODE|Meowscarada, F|100\/100\n|-item|p2a: SICKO MODE|Choice Band|[from] ability: Frisk|[of] p1a: Typhlosion|[identify]\n|turn|1\n|\n|t:|1700523185\n|switch|p2a: 5% TINT|Heatran, F|100\/100\n|-item|p2a: 5% TINT|Air Balloon\n|move|p1a: Typhlosion|Eruption|p2a: 5% TINT\n|-start|p2a: 5% TINT|ability: Flash Fire\n|\n|upkeep\n|turn|2\n|\n|t:|1700523195\n|switch|p1a: Chansey|Chansey, F|100\/100\n|move|p2a: 5% TINT|Magma Storm|p1a: Chansey\n|-damage|p1a: Chansey|77\/100\n|-activate|p1a: Chansey|move: Magma Storm|[of] p2a: 5% TINT\n|\n|-damage|p1a: Chansey|65\/100|[from] move: Magma Storm|[partiallytrapped]\n|upkeep\n|turn|3\n|\n|t:|1700523206\n|move|p2a: 5% TINT|Taunt|p1a: Chansey\n|-start|p1a: Chansey|move: Taunt\n|cant|p1a: Chansey|move: Taunt|Thunder Wave\n|\n|-damage|p1a: Chansey|52\/100|[from] move: Magma Storm|[partiallytrapped]\n|upkeep\n|turn|4\n|\n|t:|1700523212\n|move|p2a: 5% TINT|Stealth Rock|p1a: Chansey\n|-sidestart|p1: joscake|move: Stealth Rock\n|move|p1a: Chansey|Seismic Toss|p2a: 5% TINT\n|-damage|p2a: 5% TINT|73\/100\n|-enditem|p2a: 5% TINT|Air Balloon\n|\n|-damage|p1a: Chansey|40\/100|[from] move: Magma Storm|[partiallytrapped]\n|upkeep\n|turn|5\n|\n|t:|1700523220\n|move|p2a: 5% TINT|Magma Storm|p1a: Chansey\n|-damage|p1a: Chansey|13\/100\n|move|p1a: Chansey|Seismic Toss|p2a: 5% TINT\n|-damage|p2a: 5% TINT|45\/100\n|\n|-damage|p1a: Chansey|0 fnt|[from] move: Magma Storm|[partiallytrapped]\n|faint|p1a: Chansey\n|upkeep\n|\n|t:|1700523242\n|switch|p1a: Gastrodon|Gastrodon-East, F|100\/100\n|-damage|p1a: Gastrodon|94\/100|[from] Stealth Rock\n|turn|6\n|\n|t:|1700523254\n|-end|p2a: 5% TINT|ability: Flash Fire|[silent]\n|switch|p2a: CAN'T SAY|Azumarill, F|100\/100\n|move|p1a: Gastrodon|Yawn|p2a: CAN'T SAY\n|-start|p2a: CAN'T SAY|move: Yawn|[of] p1a: Gastrodon\n|\n|-heal|p1a: Gastrodon|100\/100|[from] item: Leftovers\n|upkeep\n|turn|7\n|\n|t:|1700523273\n|switch|p2a: ASTROTHUNDER|Thundurus-Therian, M|100\/100\n|switch|p1a: Goodra|Goodra-Hisui, F|100\/100\n|-damage|p1a: Goodra|94\/100|[from] Stealth Rock\n|\n|upkeep\n|turn|8\n|\n|t:|1700523280\n|move|p2a: ASTROTHUNDER|Volt Switch|p1a: Goodra\n|-resisted|p1a: Goodra\n|-damage|p1a: Goodra|79\/100\n|\n|t:|1700523284\n|switch|p2a: YOSEMITE|Great Tusk|100\/100|[from] Volt Switch\n|move|p1a: Goodra|Shelter|p1a: Goodra\n|-boost|p1a: Goodra|def|2\n|\n|upkeep\n|turn|9\n|\n|t:|1700523293\n|move|p2a: YOSEMITE|Headlong Rush|p1a: Goodra\n|-supereffective|p1a: Goodra\n|-damage|p1a: Goodra|28\/100\n|-unboost|p2a: YOSEMITE|def|1\n|-unboost|p2a: YOSEMITE|spd|1\n|move|p1a: Goodra|Shelter|p1a: Goodra\n|-boost|p1a: Goodra|def|2\n|\n|upkeep\n|turn|10\n|\n|t:|1700523302\n|-terastallize|p1a: Goodra|Flying\n|move|p2a: YOSEMITE|Headlong Rush|p1a: Goodra\n|-immune|p1a: Goodra\n|move|p1a: Goodra|Rest|p1a: Goodra\n|-status|p1a: Goodra|slp|[from] move: Rest\n|-heal|p1a: Goodra|100\/100 slp|[silent]\n|-enditem|p1a: Goodra|Chesto Berry|[eat]\n|-curestatus|p1a: Goodra|slp|[msg]\n|\n|upkeep\n|turn|11\n|\n|t:|1700523314\n|-end|p2a: YOSEMITE|Protosynthesis|[silent]\n|switch|p2a: NO BYSTANDERS|Dragapult, F|100\/100\n|move|p1a: Goodra|Shelter|p1a: Goodra\n|-boost|p1a: Goodra|def|2\n|\n|upkeep\n|turn|12\n|\n|t:|1700523321\n|move|p2a: NO BYSTANDERS|Thunder Wave|p1a: Goodra\n|-status|p1a: Goodra|par\n|move|p1a: Goodra|Heavy Slam|p2a: NO BYSTANDERS\n|-damage|p2a: NO BYSTANDERS|36\/100\n|\n|upkeep\n|turn|13\n|\n|t:|1700523327\n|move|p2a: NO BYSTANDERS|Hex|p1a: Goodra\n|-damage|p1a: Goodra|70\/100 par\n|cant|p1a: Goodra|par\n|\n|upkeep\n|turn|14\n|\n|t:|1700523332\n|move|p2a: NO BYSTANDERS|Hex|p1a: Goodra\n|-damage|p1a: Goodra|40\/100 par\n|move|p1a: Goodra|Heavy Slam|p2a: NO BYSTANDERS\n|-damage|p2a: NO BYSTANDERS|0 fnt\n|faint|p2a: NO BYSTANDERS\n|\n|upkeep\n|\n|t:|1700523339\n|switch|p2a: ASTROTHUNDER|Thundurus-Therian, M|100\/100\n|turn|15\n|\n|t:|1700523344\n|-terastallize|p2a: ASTROTHUNDER|Flying\n|move|p2a: ASTROTHUNDER|Tera Blast|p1a: Goodra|[anim] Tera Blast Flying\n|-damage|p1a: Goodra|0 fnt\n|faint|p1a: Goodra\n|\n|upkeep\n|\n|t:|1700523358\n|switch|p1a: Gastrodon|Gastrodon-East, F|100\/100\n|-damage|p1a: Gastrodon|94\/100|[from] Stealth Rock\n|turn|16\n|\n|t:|1700523365\n|switch|p2a: CAN'T SAY|Azumarill, F|100\/100\n|move|p1a: Gastrodon|Ice Beam|p2a: CAN'T SAY\n|-resisted|p2a: CAN'T SAY\n|-damage|p2a: CAN'T SAY|95\/100\n|\n|-heal|p1a: Gastrodon|100\/100|[from] item: Leftovers\n|upkeep\n|turn|17\n|\n|t:|1700523371\n|move|p2a: CAN'T SAY|Play Rough|p1a: Gastrodon\n|-damage|p1a: Gastrodon|58\/100\n|move|p1a: Gastrodon|Yawn|p2a: CAN'T SAY\n|-start|p2a: CAN'T SAY|move: Yawn|[of] p1a: Gastrodon\n|\n|-heal|p1a: Gastrodon|64\/100|[from] item: Leftovers\n|upkeep\n|turn|18\n|\n|t:|1700523379\n|switch|p2a: YOSEMITE|Great Tusk|100\/100\n|move|p1a: Gastrodon|Recover|p1a: Gastrodon\n|-heal|p1a: Gastrodon|100\/100\n|\n|upkeep\n|turn|19\n|\n|t:|1700523387\n|-end|p2a: YOSEMITE|Protosynthesis|[silent]\n|switch|p2a: CAN'T SAY|Azumarill, F|95\/100\n|move|p1a: Gastrodon|Ice Beam|p2a: CAN'T SAY\n|-resisted|p2a: CAN'T SAY\n|-damage|p2a: CAN'T SAY|88\/100\n|\n|upkeep\n|turn|20\n|\n|t:|1700523394\n|move|p2a: CAN'T SAY|Play Rough|p1a: Gastrodon\n|-damage|p1a: Gastrodon|60\/100\n|move|p1a: Gastrodon|Yawn|p2a: CAN'T SAY\n|-start|p2a: CAN'T SAY|move: Yawn|[of] p1a: Gastrodon\n|\n|-heal|p1a: Gastrodon|66\/100|[from] item: Leftovers\n|upkeep\n|turn|21\n|\n|t:|1700523407\n|switch|p2a: YOSEMITE|Great Tusk|100\/100\n|move|p1a: Gastrodon|Recover|p1a: Gastrodon\n|-heal|p1a: Gastrodon|100\/100\n|\n|upkeep\n|turn|22\n|\n|t:|1700523413\n|move|p2a: YOSEMITE|Bulk Up|p2a: YOSEMITE\n|-boost|p2a: YOSEMITE|atk|1\n|-boost|p2a: YOSEMITE|def|1\n|move|p1a: Gastrodon|Ice Beam|p2a: YOSEMITE\n|-supereffective|p2a: YOSEMITE\n|-damage|p2a: YOSEMITE|44\/100\n|-status|p2a: YOSEMITE|frz\n|\n|upkeep\n|turn|23\n|\n|t:|1700523423\n|-curestatus|p2a: YOSEMITE|frz|[msg]\n|move|p2a: YOSEMITE|Headlong Rush|p1a: Gastrodon\n|-damage|p1a: Gastrodon|31\/100\n|-unboost|p2a: YOSEMITE|def|1\n|-unboost|p2a: YOSEMITE|spd|1\n|move|p1a: Gastrodon|Ice Beam|p2a: YOSEMITE\n|-supereffective|p2a: YOSEMITE\n|-damage|p2a: YOSEMITE|0 fnt\n|faint|p2a: YOSEMITE\n|-end|p2a: YOSEMITE|Protosynthesis|[silent]\n|\n|-heal|p1a: Gastrodon|37\/100|[from] item: Leftovers\n|upkeep\n|\n|t:|1700523436\n|switch|p2a: SICKO MODE|Meowscarada, F|100\/100\n|turn|24\n|\n|t:|1700523448\n|move|p2a: SICKO MODE|Knock Off|p1a: Gastrodon\n|-start|p2a: SICKO MODE|typechange|Dark|[from] ability: Protean\n|-damage|p1a: Gastrodon|0 fnt\n|-enditem|p1a: Gastrodon|Leftovers|[from] move: Knock Off|[of] p2a: SICKO MODE\n|faint|p1a: Gastrodon\n|\n|upkeep\n|\n|t:|1700523462\n|switch|p1a: Venomoth|Venomoth, F|100\/100\n|-damage|p1a: Venomoth|76\/100|[from] Stealth Rock\n|turn|25\n|\n|t:|1700523467\n|switch|p2a: ASTROTHUNDER|Thundurus-Therian, M, tera:Flying|100\/100\n|move|p1a: Venomoth|Quiver Dance|p1a: Venomoth\n|-boost|p1a: Venomoth|spa|1\n|-boost|p1a: Venomoth|spd|1\n|-boost|p1a: Venomoth|spe|1\n|\n|upkeep\n|turn|26\n|\n|t:|1700523474\n|move|p1a: Venomoth|Sleep Powder|p2a: ASTROTHUNDER|[miss]\n|-miss|p1a: Venomoth|p2a: ASTROTHUNDER\n|move|p2a: ASTROTHUNDER|Tera Blast|p1a: Venomoth|[anim] Tera Blast Flying\n|-supereffective|p1a: Venomoth\n|-damage|p1a: Venomoth|0 fnt\n|faint|p1a: Venomoth\n|\n|upkeep\n|\n|t:|1700523483\n|switch|p1a: Crawdaunt|Crawdaunt, M|100\/100\n|-damage|p1a: Crawdaunt|88\/100|[from] Stealth Rock\n|turn|27\n|\n|t:|1700523487\n|switch|p2a: CAN'T SAY|Azumarill, F|88\/100\n|move|p1a: Crawdaunt|Aqua Jet|p2a: CAN'T SAY\n|-resisted|p2a: CAN'T SAY\n|-damage|p2a: CAN'T SAY|73\/100\n|-damage|p1a: Crawdaunt|78\/100|[from] item: Life Orb\n|\n|upkeep\n|turn|28\n|\n|t:|1700523496\n|move|p1a: Crawdaunt|Dragon Dance|p1a: Crawdaunt\n|-boost|p1a: Crawdaunt|atk|1\n|-boost|p1a: Crawdaunt|spe|1\n|move|p2a: CAN'T SAY|Play Rough|p1a: Crawdaunt\n|-supereffective|p1a: Crawdaunt\n|-damage|p1a: Crawdaunt|0 fnt\n|faint|p1a: Crawdaunt\n|\n|upkeep\n|\n|t:|1700523503\n|switch|p1a: Typhlosion|Typhlosion-Hisui, M|100\/100\n|-damage|p1a: Typhlosion|76\/100|[from] Stealth Rock\n|-item|p2a: CAN'T SAY|Assault Vest|[from] ability: Frisk|[of] p1a: Typhlosion|[identify]\n|turn|29\n|\n|t:|1700523507\n|move|p2a: CAN'T SAY|Aqua Jet|p1a: Typhlosion\n|-supereffective|p1a: Typhlosion\n|-damage|p1a: Typhlosion|6\/100\n|move|p1a: Typhlosion|Infernal Parade|p2a: CAN'T SAY\n|-damage|p2a: CAN'T SAY|55\/100\n|\n|upkeep\n|turn|30\n|\n|t:|1700523523\n|move|p2a: CAN'T SAY|Aqua Jet|p1a: Typhlosion\n|-supereffective|p1a: Typhlosion\n|-damage|p1a: Typhlosion|0 fnt\n|faint|p1a: Typhlosion\n|\n|win|PLAYB0I R0BBIE B\n|raw|joscake's rating: 1204 &rarr; <strong>1187<\/strong><br \/>(-17 for losing)\n|raw|PLAYB0I R0BBIE B's rating: 1316 &rarr; <strong>1330<\/strong><br \/>(+14 for winning)\n|l|\u2606joscake\n","uploadtime":1700523530,"views":11,"p1id":"joscake","p2id":"playb0ir0bbieb","formatid":"gen9ou","rating":1187,"private":0,"password":""}