{"id":"gen9ou-1996530699","p1":"methodcrusher","p2":"Gyan99","format":"[Gen 9] OU","log":"|j|\u2606methodcrusher\n|j|\u2606Gyan99\n|t:|1700691170\n|gametype|singles\n|player|p1|methodcrusher|265|1358\n|player|p2|Gyan99|101|1292\n|teamsize|p1|6\n|teamsize|p2|6\n|gen|9\n|tier|[Gen 9] OU\n|rated|\n|rule|Sleep Clause Mod: Limit one foe put to sleep\n|rule|Species Clause: Limit one of each Pok\u00e9mon\n|rule|OHKO Clause: OHKO moves are banned\n|rule|Evasion Items Clause: Evasion items are banned\n|rule|Evasion Moves Clause: Evasion moves are banned\n|rule|Endless Battle Clause: Forcing endless battles is banned\n|rule|HP Percentage Mod: HP is shown in percentages\n|clearpoke\n|poke|p1|Ribombee, M|\n|poke|p1|Ogerpon-Wellspring, F|\n|poke|p1|Iron Moth|\n|poke|p1|Kingambit, F|\n|poke|p1|Gholdengo|\n|poke|p1|Iron Valiant|\n|poke|p2|Tyranitar, M|\n|poke|p2|Ogerpon-Cornerstone, F|\n|poke|p2|Gastrodon-East, F|\n|poke|p2|Clodsire, M|\n|poke|p2|Corviknight, F|\n|poke|p2|Clefable, F|\n|teampreview\n|inactive|Battle timer is ON: inactive players will automatically lose when time's up. (requested by methodcrusher)\n|\n|t:|1700691183\n|start\n|switch|p1a: Ribombee|Ribombee, M|100\/100\n|switch|p2a: Tyranitar|Tyranitar, M|100\/100\n|-weather|Sandstorm|[from] ability: Sand Stream|[of] p2a: Tyranitar\n|turn|1\n|\n|t:|1700691193\n|switch|p2a: Corviknight|Corviknight, F|100\/100\n|move|p1a: Ribombee|Sticky Web|p2a: Corviknight\n|-sidestart|p2: Gyan99|move: Sticky Web\n|\n|-weather|Sandstorm|[upkeep]\n|-damage|p1a: Ribombee|94\/100|[from] Sandstorm\n|upkeep\n|turn|2\n|\n|t:|1700691204\n|move|p1a: Ribombee|Stun Spore|p2a: Corviknight|[miss]\n|-miss|p1a: Ribombee|p2a: Corviknight\n|move|p2a: Corviknight|U-turn|p1a: Ribombee\n|-resisted|p1a: Ribombee\n|-damage|p1a: Ribombee|79\/100\n|\n|t:|1700691213\n|switch|p2a: Clefable|Clefable, F|100\/100|[from] U-turn\n|-activate|p2a: Clefable|move: Sticky Web\n|-unboost|p2a: Clefable|spe|1\n|\n|-weather|Sandstorm|[upkeep]\n|-damage|p1a: Ribombee|73\/100|[from] Sandstorm\n|-status|p2a: Clefable|brn|[from] item: Flame Orb\n|upkeep\n|turn|3\n|\n|t:|1700691224\n|move|p1a: Ribombee|Moonblast|p2a: Clefable\n|-damage|p2a: Clefable|61\/100 brn\n|-unboost|p2a: Clefable|spa|1\n|move|p2a: Clefable|Moonblast|p1a: Ribombee\n|-damage|p1a: Ribombee|33\/100\n|\n|-weather|Sandstorm|[upkeep]\n|-damage|p1a: Ribombee|27\/100|[from] Sandstorm\n|upkeep\n|turn|4\n|\n|t:|1700691231\n|move|p1a: Ribombee|Moonblast|p2a: Clefable\n|-damage|p2a: Clefable|23\/100 brn\n|move|p2a: Clefable|Wish|p2a: Clefable\n|\n|-weather|Sandstorm|[upkeep]\n|-damage|p1a: Ribombee|20\/100|[from] Sandstorm\n|upkeep\n|turn|5\n|\n|t:|1700691240\n|move|p2a: Clefable|Protect|p2a: Clefable\n|-singleturn|p2a: Clefable|Protect\n|move|p1a: Ribombee|Moonblast|p2a: Clefable\n|-activate|p2a: Clefable|move: Protect\n|\n|-weather|none\n|-heal|p2a: Clefable|73\/100 brn|[from] move: Wish|[wisher] Clefable\n|upkeep\n|turn|6\n|\n|t:|1700691244\n|move|p1a: Ribombee|Moonblast|p2a: Clefable\n|-damage|p2a: Clefable|33\/100 brn\n|move|p2a: Clefable|Wish|p2a: Clefable\n|\n|upkeep\n|turn|7\n|\n|t:|1700691249\n|move|p2a: Clefable|Protect|p2a: Clefable\n|-singleturn|p2a: Clefable|Protect\n|move|p1a: Ribombee|Moonblast|p2a: Clefable\n|-activate|p2a: Clefable|move: Protect\n|\n|-heal|p2a: Clefable|83\/100 brn|[from] move: Wish|[wisher] Clefable\n|upkeep\n|turn|8\n|\n|t:|1700691256\n|move|p1a: Ribombee|Moonblast|p2a: Clefable\n|-damage|p2a: Clefable|48\/100 brn\n|-unboost|p2a: Clefable|spa|1\n|move|p2a: Clefable|Wish|p2a: Clefable\n|\n|upkeep\n|turn|9\n|\n|t:|1700691259\n|move|p1a: Ribombee|Moonblast|p2a: Clefable\n|-damage|p2a: Clefable|8\/100 brn\n|move|p2a: Clefable|Moonblast|p1a: Ribombee\n|-damage|p1a: Ribombee|0 fnt\n|faint|p1a: Ribombee\n|\n|-heal|p2a: Clefable|58\/100 brn|[from] move: Wish|[wisher] Clefable\n|upkeep\n|\n|t:|1700691264\n|switch|p1a: Iron Moth|Iron Moth|100\/100\n|-enditem|p1a: Iron Moth|Booster Energy\n|-activate|p1a: Iron Moth|ability: Quark Drive|[fromitem]\n|-start|p1a: Iron Moth|quarkdrivespa\n|turn|10\n|\n|t:|1700691279\n|switch|p2a: Tyranitar|Tyranitar, M|100\/100\n|-activate|p2a: Tyranitar|move: Sticky Web\n|-unboost|p2a: Tyranitar|spe|1\n|-weather|Sandstorm|[from] ability: Sand Stream|[of] p2a: Tyranitar\n|move|p1a: Iron Moth|Sludge Wave|p2a: Tyranitar\n|-resisted|p2a: Tyranitar\n|-damage|p2a: Tyranitar|77\/100\n|\n|-weather|Sandstorm|[upkeep]\n|-damage|p1a: Iron Moth|95\/100|[from] Sandstorm\n|-heal|p2a: Tyranitar|83\/100|[from] item: Leftovers\n|upkeep\n|turn|11\n|\n|t:|1700691305\n|-end|p1a: Iron Moth|Quark Drive|[silent]\n|switch|p1a: Ogerpon|Ogerpon-Wellspring, F|100\/100\n|switch|p2a: Clodsire|Clodsire, M|100\/100\n|-activate|p2a: Clodsire|move: Sticky Web\n|-unboost|p2a: Clodsire|spe|1\n|\n|-weather|Sandstorm|[upkeep]\n|-damage|p1a: Ogerpon|95\/100|[from] Sandstorm\n|upkeep\n|turn|12\n|\n|t:|1700691311\n|move|p1a: Ogerpon|Power Whip|p2a: Clodsire\n|-damage|p2a: Clodsire|25\/100\n|move|p2a: Clodsire|Toxic|p1a: Ogerpon\n|-status|p1a: Ogerpon|tox\n|\n|-weather|Sandstorm|[upkeep]\n|-damage|p1a: Ogerpon|89\/100 tox|[from] Sandstorm\n|-heal|p2a: Clodsire|31\/100|[from] item: Leftovers\n|-damage|p1a: Ogerpon|83\/100 tox|[from] psn\n|upkeep\n|turn|13\n|\n|t:|1700691316\n|switch|p2a: Corviknight|Corviknight, F|100\/100\n|move|p1a: Ogerpon|Power Whip|p2a: Corviknight\n|-resisted|p2a: Corviknight\n|-damage|p2a: Corviknight|89\/100\n|-damage|p1a: Ogerpon|66\/100 tox|[from] item: Rocky Helmet|[of] p2a: Corviknight\n|\n|-weather|Sandstorm|[upkeep]\n|-damage|p1a: Ogerpon|60\/100 tox|[from] Sandstorm\n|-damage|p1a: Ogerpon|48\/100 tox|[from] psn\n|upkeep\n|turn|14\n|\n|t:|1700691325\n|switch|p1a: Iron Moth|Iron Moth|95\/100\n|move|p2a: Corviknight|Defog|p1a: Iron Moth\n|-unboost|p1a: Iron Moth|evasion|1\n|-sideend|p2: Gyan99|Sticky Web|[from] move: Defog|[of] p2a: Corviknight\n|\n|-weather|none\n|upkeep\n|turn|15\n|\n|t:|1700691343\n|switch|p2a: Tyranitar|Tyranitar, M|83\/100\n|-weather|Sandstorm|[from] ability: Sand Stream|[of] p2a: Tyranitar\n|move|p1a: Iron Moth|Substitute|p1a: Iron Moth\n|-start|p1a: Iron Moth|Substitute\n|-damage|p1a: Iron Moth|70\/100\n|\n|-weather|Sandstorm|[upkeep]\n|-damage|p1a: Iron Moth|64\/100|[from] Sandstorm\n|-heal|p2a: Tyranitar|89\/100|[from] item: Leftovers\n|upkeep\n|turn|16\n|\n|t:|1700691350\n|move|p1a: Iron Moth|Fiery Dance|p2a: Tyranitar\n|-resisted|p2a: Tyranitar\n|-damage|p2a: Tyranitar|76\/100\n|-boost|p1a: Iron Moth|spa|1\n|move|p2a: Tyranitar|Earthquake|p1a: Iron Moth\n|-supereffective|p1a: Iron Moth\n|-end|p1a: Iron Moth|Substitute\n|\n|-weather|Sandstorm|[upkeep]\n|-damage|p1a: Iron Moth|58\/100|[from] Sandstorm\n|-heal|p2a: Tyranitar|82\/100|[from] item: Leftovers\n|upkeep\n|turn|17\n|\n|t:|1700691361\n|move|p1a: Iron Moth|Fiery Dance|p2a: Tyranitar\n|-resisted|p2a: Tyranitar\n|-damage|p2a: Tyranitar|59\/100\n|-boost|p1a: Iron Moth|spa|1\n|move|p2a: Tyranitar|Earthquake|p1a: Iron Moth\n|-supereffective|p1a: Iron Moth\n|-crit|p1a: Iron Moth\n|-damage|p1a: Iron Moth|0 fnt\n|faint|p1a: Iron Moth\n|-end|p1a: Iron Moth|Quark Drive|[silent]\n|\n|-weather|Sandstorm|[upkeep]\n|-heal|p2a: Tyranitar|65\/100|[from] item: Leftovers\n|upkeep\n|\n|t:|1700691365\n|switch|p1a: Ogerpon|Ogerpon-Wellspring, F|48\/100 tox\n|turn|18\n|\n|t:|1700691390\n|switch|p2a: Clodsire|Clodsire, M|31\/100\n|move|p1a: Ogerpon|Power Whip|p2a: Clodsire\n|-damage|p2a: Clodsire|0 fnt\n|faint|p2a: Clodsire\n|\n|-weather|Sandstorm|[upkeep]\n|-damage|p1a: Ogerpon|42\/100 tox|[from] Sandstorm\n|-damage|p1a: Ogerpon|36\/100 tox|[from] psn\n|upkeep\n|\n|t:|1700691397\n|switch|p2a: Clefable|Clefable, F|58\/100 brn\n|turn|19\n|\n|t:|1700691405\n|move|p2a: Clefable|Protect|p2a: Clefable\n|-singleturn|p2a: Clefable|Protect\n|move|p1a: Ogerpon|Power Whip|p2a: Clefable\n|-activate|p2a: Clefable|move: Protect\n|\n|-weather|none\n|-damage|p1a: Ogerpon|24\/100 tox|[from] psn\n|upkeep\n|turn|20\n|\n|t:|1700691409\n|move|p1a: Ogerpon|Power Whip|p2a: Clefable\n|-damage|p2a: Clefable|6\/100 brn\n|move|p2a: Clefable|Wish|p2a: Clefable\n|\n|-damage|p1a: Ogerpon|6\/100 tox|[from] psn\n|upkeep\n|turn|21\n|\n|t:|1700691418\n|move|p2a: Clefable|Protect|p2a: Clefable\n|-singleturn|p2a: Clefable|Protect\n|move|p1a: Ogerpon|Ivy Cudgel|p2a: Clefable|[anim] Ivy Cudgel Water\n|-activate|p2a: Clefable|move: Protect\n|\n|-heal|p2a: Clefable|56\/100 brn|[from] move: Wish|[wisher] Clefable\n|-damage|p1a: Ogerpon|0 fnt|[from] psn\n|faint|p1a: Ogerpon\n|upkeep\n|\n|t:|1700691421\n|switch|p1a: Kingambit|Kingambit, F|100\/100\n|-activate|p1a: Kingambit|ability: Supreme Overlord\n|-start|p1a: Kingambit|fallen3|[silent]\n|turn|22\n|\n|t:|1700691426\n|move|p1a: Kingambit|Swords Dance|p1a: Kingambit\n|-boost|p1a: Kingambit|atk|2\n|move|p2a: Clefable|Trick|p1a: Kingambit\n|-activate|p2a: Clefable|move: Trick|[of] p1a: Kingambit\n|-item|p1a: Kingambit|Flame Orb|[from] move: Trick\n|-item|p2a: Clefable|Lum Berry|[from] move: Trick\n|-enditem|p2a: Clefable|Lum Berry|[eat]\n|-curestatus|p2a: Clefable|brn|[msg]\n|\n|-status|p1a: Kingambit|brn|[from] item: Flame Orb\n|upkeep\n|turn|23\n|\n|t:|1700691444\n|switch|p2a: Gastrodon|Gastrodon-East, F|100\/100\n|move|p1a: Kingambit|Iron Head|p2a: Gastrodon\n|-resisted|p2a: Gastrodon\n|-damage|p2a: Gastrodon|70\/100\n|\n|-damage|p1a: Kingambit|94\/100 brn|[from] brn\n|upkeep\n|turn|24\n|\n|t:|1700691452\n|move|p1a: Kingambit|Swords Dance|p1a: Kingambit\n|-boost|p1a: Kingambit|atk|2\n|move|p2a: Gastrodon|Earth Power|p1a: Kingambit\n|-supereffective|p1a: Kingambit\n|-damage|p1a: Kingambit|0 fnt\n|faint|p1a: Kingambit\n|-end|p1a: Kingambit|fallen3|[silent]\n|\n|upkeep\n|\n|t:|1700691454\n|switch|p1a: Gholdengo|Gholdengo|100\/100\n|-item|p1a: Gholdengo|Air Balloon\n|turn|25\n|\n|t:|1700691460\n|move|p1a: Gholdengo|Nasty Plot|p1a: Gholdengo\n|-boost|p1a: Gholdengo|spa|2\n|move|p2a: Gastrodon|Surf|p1a: Gholdengo\n|-damage|p1a: Gholdengo|57\/100\n|-enditem|p1a: Gholdengo|Air Balloon\n|\n|upkeep\n|turn|26\n|\n|t:|1700691465\n|move|p1a: Gholdengo|Psyshock|p2a: Gastrodon\n|-damage|p2a: Gastrodon|2\/100\n|move|p2a: Gastrodon|Earth Power|p1a: Gholdengo\n|-supereffective|p1a: Gholdengo\n|-damage|p1a: Gholdengo|0 fnt\n|faint|p1a: Gholdengo\n|\n|upkeep\n|\n|t:|1700691468\n|switch|p1a: Iron Valiant|Iron Valiant|100\/100\n|-enditem|p1a: Iron Valiant|Booster Energy\n|-activate|p1a: Iron Valiant|ability: Quark Drive|[fromitem]\n|-start|p1a: Iron Valiant|quarkdrivespe\n|turn|27\n|\n|t:|1700691481\n|move|p1a: Iron Valiant|Knock Off|p2a: Gastrodon\n|-damage|p2a: Gastrodon|0 fnt\n|-enditem|p2a: Gastrodon|Expert Belt|[from] move: Knock Off|[of] p1a: Iron Valiant\n|faint|p2a: Gastrodon\n|\n|upkeep\n|\n|t:|1700691486\n|switch|p2a: Tyranitar|Tyranitar, M|65\/100\n|-weather|Sandstorm|[from] ability: Sand Stream|[of] p2a: Tyranitar\n|turn|28\n|\n|t:|1700691504\n|-terastallize|p2a: Tyranitar|Fairy\n|move|p1a: Iron Valiant|Close Combat|p2a: Tyranitar\n|-resisted|p2a: Tyranitar\n|-damage|p2a: Tyranitar|33\/100\n|-unboost|p1a: Iron Valiant|def|1\n|-unboost|p1a: Iron Valiant|spd|1\n|move|p2a: Tyranitar|Tera Blast|p1a: Iron Valiant|[anim] Tera Blast Fairy\n|-supereffective|p1a: Iron Valiant\n|-damage|p1a: Iron Valiant|0 fnt\n|faint|p1a: Iron Valiant\n|-end|p1a: Iron Valiant|Quark Drive|[silent]\n|\n|win|Gyan99\n|raw|methodcrusher's rating: 1358 &rarr; <strong>1334<\/strong><br \/>(-24 for losing)\n|raw|Gyan99's rating: 1292 &rarr; <strong>1322<\/strong><br \/>(+30 for winning)\n|l|\u2606methodcrusher\n","uploadtime":1700691524,"views":7,"p1id":"methodcrusher","p2id":"gyan99","formatid":"gen9ou","rating":1322,"private":0,"password":""}