{"id":"gen9ou-1992164664","p1":"CharninjaGamingYT","p2":"braindead.vexed","format":"[Gen 9] OU","log":"|j|\u2606CharninjaGamingYT\n|j|\u2606braindead.vexed\n|t:|1700160372\n|gametype|singles\n|player|p1|CharninjaGamingYT|turo-ai|\n|player|p2|braindead.vexed|skierf|\n|teamsize|p1|6\n|teamsize|p2|6\n|gen|9\n|tier|[Gen 9] OU\n|rule|Sleep Clause Mod: Limit one foe put to sleep\n|rule|Species Clause: Limit one of each Pok\u00e9mon\n|rule|OHKO Clause: OHKO moves are banned\n|rule|Evasion Items Clause: Evasion items are banned\n|rule|Evasion Moves Clause: Evasion moves are banned\n|rule|Endless Battle Clause: Forcing endless battles is banned\n|rule|HP Percentage Mod: HP is shown in percentages\n|clearpoke\n|poke|p1|Iron Jugulis|\n|poke|p1|Ogerpon-Wellspring, F|\n|poke|p1|Tinkaton, F|\n|poke|p1|Iron Moth|\n|poke|p1|Great Tusk|\n|poke|p1|Dragapult, F|\n|poke|p2|Iron Jugulis|\n|poke|p2|Ogerpon-Wellspring, F|\n|poke|p2|Tinkaton, F|\n|poke|p2|Iron Moth|\n|poke|p2|Great Tusk|\n|poke|p2|Dragapult, F|\n|teampreview\n|inactive|Battle timer is ON: inactive players will automatically lose when time's up. (requested by CharninjaGamingYT)\n|c|\u2606braindead.vexed|. . .\n|\n|t:|1700160383\n|start\n|switch|p1a: Dragapult|Dragapult, F|100\/100\n|switch|p2a: Great Tusk|Great Tusk|100\/100\n|-enditem|p2a: Great Tusk|Booster Energy\n|-activate|p2a: Great Tusk|ability: Protosynthesis|[fromitem]\n|-start|p2a: Great Tusk|protosynthesisspe\n|turn|1\n|\n|t:|1700160396\n|-terastallize|p1a: Dragapult|Ghost\n|move|p2a: Great Tusk|Headlong Rush|p1a: Dragapult\n|-damage|p1a: Dragapult|24\/100\n|-unboost|p2a: Great Tusk|def|1\n|-unboost|p2a: Great Tusk|spd|1\n|move|p1a: Dragapult|Shadow Ball|p2a: Great Tusk\n|-damage|p2a: Great Tusk|0 fnt\n|faint|p2a: Great Tusk\n|-end|p2a: Great Tusk|Protosynthesis|[silent]\n|\n|upkeep\n|\n|t:|1700160415\n|switch|p2a: Dragapult|Dragapult, F, shiny|100\/100\n|turn|2\n|\n|t:|1700160422\n|move|p1a: Dragapult|Shadow Ball|p2a: Dragapult\n|-supereffective|p2a: Dragapult\n|-damage|p2a: Dragapult|0 fnt\n|faint|p2a: Dragapult\n|\n|upkeep\n|\n|t:|1700160427\n|switch|p2a: Iron Jugulis|Iron Jugulis|100\/100\n|-enditem|p2a: Iron Jugulis|Booster Energy\n|-activate|p2a: Iron Jugulis|ability: Quark Drive|[fromitem]\n|-start|p2a: Iron Jugulis|quarkdrivespe\n|turn|3\n|\n|t:|1700160436\n|switch|p1a: Iron Moth|Iron Moth|100\/100\n|-enditem|p1a: Iron Moth|Booster Energy\n|-activate|p1a: Iron Moth|ability: Quark Drive|[fromitem]\n|-start|p1a: Iron Moth|quarkdrivespe\n|move|p2a: Iron Jugulis|Knock Off|p1a: Iron Moth\n|-damage|p1a: Iron Moth|73\/100\n|\n|upkeep\n|turn|4\n|\n|t:|1700160446\n|move|p1a: Iron Moth|Dazzling Gleam|p2a: Iron Jugulis\n|-supereffective|p2a: Iron Jugulis\n|-damage|p2a: Iron Jugulis|22\/100\n|move|p2a: Iron Jugulis|Earth Power|p1a: Iron Moth\n|-supereffective|p1a: Iron Moth\n|-damage|p1a: Iron Moth|0 fnt\n|faint|p1a: Iron Moth\n|-end|p1a: Iron Moth|Quark Drive|[silent]\n|\n|upkeep\n|\n|t:|1700160454\n|switch|p1a: Iron Jugulis|Iron Jugulis|100\/100\n|-enditem|p1a: Iron Jugulis|Booster Energy\n|-activate|p1a: Iron Jugulis|ability: Quark Drive|[fromitem]\n|-start|p1a: Iron Jugulis|quarkdrivespe\n|turn|5\n|\n|t:|1700160465\n|move|p2a: Iron Jugulis|Hurricane|p1a: Iron Jugulis\n|-damage|p1a: Iron Jugulis|28\/100\n|move|p1a: Iron Jugulis|Hurricane|p2a: Iron Jugulis\n|-damage|p2a: Iron Jugulis|0 fnt\n|faint|p2a: Iron Jugulis\n|-end|p2a: Iron Jugulis|Quark Drive|[silent]\n|\n|upkeep\n|\n|t:|1700160472\n|switch|p2a: Tinkaton|Tinkaton, F|100\/100\n|-item|p2a: Tinkaton|Air Balloon\n|turn|6\n|\n|t:|1700160478\n|move|p1a: Iron Jugulis|Hurricane|p2a: Tinkaton\n|-resisted|p2a: Tinkaton\n|-damage|p2a: Tinkaton|79\/100\n|-enditem|p2a: Tinkaton|Air Balloon\n|move|p2a: Tinkaton|Play Rough|p1a: Iron Jugulis\n|-supereffective|p1a: Iron Jugulis\n|-damage|p1a: Iron Jugulis|0 fnt\n|faint|p1a: Iron Jugulis\n|-end|p1a: Iron Jugulis|Quark Drive|[silent]\n|\n|upkeep\n|\n|t:|1700160494\n|switch|p1a: TWINKATON|Tinkaton, F|100\/100\n|-item|p1a: TWINKATON|Air Balloon\n|turn|7\n|\n|t:|1700160501\n|move|p2a: Tinkaton|Stealth Rock|p1a: TWINKATON\n|-sidestart|p1: CharninjaGamingYT|move: Stealth Rock\n|move|p1a: TWINKATON|Thunder Wave|p2a: Tinkaton\n|-status|p2a: Tinkaton|par\n|\n|upkeep\n|turn|8\n|\n|t:|1700160506\n|move|p1a: TWINKATON|Encore|p2a: Tinkaton\n|-start|p2a: Tinkaton|Encore\n|move|p2a: Tinkaton|Stealth Rock||[still]\n|-fail|p2a: Tinkaton\n|\n|upkeep\n|turn|9\n|\n|t:|1700160513\n|switch|p2a: Iron Moth|Iron Moth|100\/100\n|-enditem|p2a: Iron Moth|Booster Energy\n|-activate|p2a: Iron Moth|ability: Quark Drive|[fromitem]\n|-start|p2a: Iron Moth|quarkdrivespe\n|move|p1a: TWINKATON|Thunder Wave|p2a: Iron Moth\n|-status|p2a: Iron Moth|par\n|\n|upkeep\n|turn|10\n|\n|t:|1700160522\n|move|p1a: TWINKATON|Stealth Rock|p2a: Iron Moth\n|-sidestart|p2: braindead.vexed|move: Stealth Rock\n|move|p2a: Iron Moth|Fiery Dance|p1a: TWINKATON\n|-supereffective|p1a: TWINKATON\n|-damage|p1a: TWINKATON|35\/100\n|-boost|p2a: Iron Moth|spa|1\n|-enditem|p1a: TWINKATON|Air Balloon\n|\n|upkeep\n|turn|11\n|\n|t:|1700160530\n|move|p1a: TWINKATON|Play Rough|p2a: Iron Moth\n|-resisted|p2a: Iron Moth\n|-damage|p2a: Iron Moth|91\/100 par\n|move|p2a: Iron Moth|Fiery Dance|p1a: TWINKATON\n|-supereffective|p1a: TWINKATON\n|-damage|p1a: TWINKATON|0 fnt\n|-boost|p2a: Iron Moth|spa|1\n|faint|p1a: TWINKATON\n|\n|upkeep\n|\n|t:|1700160538\n|switch|p1a: Ogerpon|Ogerpon-Wellspring, F|100\/100\n|-damage|p1a: Ogerpon|88\/100|[from] Stealth Rock\n|turn|12\n|\n|t:|1700160544\n|move|p1a: Ogerpon|U-turn|p2a: Iron Moth\n|-resisted|p2a: Iron Moth\n|-damage|p2a: Iron Moth|81\/100 par\n|\n|t:|1700160547\n|switch|p1a: Dragapult|Dragapult, F, tera:Ghost|24\/100|[from] U-turn\n|-damage|p1a: Dragapult|12\/100|[from] Stealth Rock\n|move|p2a: Iron Moth|Sludge Wave|p1a: Dragapult\n|-resisted|p1a: Dragapult\n|-damage|p1a: Dragapult|0 fnt\n|faint|p1a: Dragapult\n|\n|upkeep\n|\n|t:|1700160555\n|switch|p1a: Great Tusk|Great Tusk|100\/100\n|-damage|p1a: Great Tusk|98\/100|[from] Stealth Rock\n|-enditem|p1a: Great Tusk|Booster Energy\n|-activate|p1a: Great Tusk|ability: Protosynthesis|[fromitem]\n|-start|p1a: Great Tusk|protosynthesisspe\n|turn|13\n|\n|t:|1700160564\n|-terastallize|p2a: Iron Moth|Fairy\n|move|p1a: Great Tusk|Headlong Rush|p2a: Iron Moth\n|-damage|p2a: Iron Moth|0 fnt\n|-unboost|p1a: Great Tusk|def|1\n|-unboost|p1a: Great Tusk|spd|1\n|faint|p2a: Iron Moth\n|-end|p2a: Iron Moth|Quark Drive|[silent]\n|\n|upkeep\n|\n|t:|1700160572\n|switch|p2a: Ogerpon|Ogerpon-Wellspring, F|100\/100\n|-damage|p2a: Ogerpon|88\/100|[from] Stealth Rock\n|turn|14\n|\n|t:|1700160581\n|move|p1a: Great Tusk|Bulk Up|p1a: Great Tusk\n|-boost|p1a: Great Tusk|atk|1\n|-boost|p1a: Great Tusk|def|1\n|move|p2a: Ogerpon|Ivy Cudgel|p1a: Great Tusk|[anim] Ivy Cudgel Water\n|-supereffective|p1a: Great Tusk\n|-damage|p1a: Great Tusk|19\/100\n|\n|upkeep\n|turn|15\n|\n|t:|1700160589\n|move|p1a: Great Tusk|Ice Spinner|p2a: Ogerpon\n|-damage|p2a: Ogerpon|44\/100\n|move|p2a: Ogerpon|Ivy Cudgel|p1a: Great Tusk|[anim] Ivy Cudgel Water\n|-supereffective|p1a: Great Tusk\n|-damage|p1a: Great Tusk|0 fnt\n|faint|p1a: Great Tusk\n|-end|p1a: Great Tusk|Protosynthesis|[silent]\n|\n|upkeep\n|\n|t:|1700160596\n|switch|p1a: Ogerpon|Ogerpon-Wellspring, F|88\/100\n|-damage|p1a: Ogerpon|76\/100|[from] Stealth Rock\n|turn|16\n|\n|t:|1700160602\n|move|p1a: Ogerpon|U-turn|p2a: Ogerpon\n|-supereffective|p2a: Ogerpon\n|-damage|p2a: Ogerpon|0 fnt\n|faint|p2a: Ogerpon\n|\n|upkeep\n|\n|t:|1700160605\n|switch|p2a: Tinkaton|Tinkaton, F|79\/100 par\n|-damage|p2a: Tinkaton|72\/100 par|[from] Stealth Rock\n|turn|17\n|\n|t:|1700160614\n|move|p1a: Ogerpon|Ivy Cudgel|p2a: Tinkaton|[anim] Ivy Cudgel Water\n|-damage|p2a: Tinkaton|0 fnt\n|faint|p2a: Tinkaton\n|\n|win|CharninjaGamingYT\n|c|\u2606CharninjaGamingYT|gg\n|l|\u2606braindead.vexed\n","uploadtime":1700160623,"views":7,"p1id":"charninjagamingyt","p2id":"braindeadvexed","formatid":"gen9ou","rating":0,"private":0,"password":""}