{"id":"gen9ou-1993880740","p1":"Hxhfhfhuuf","p2":"Darkmaniman+Minus","format":"[Gen 9] OU","log":"|j|\u2606Hxhfhfhuuf\n|j|\u2606Darkmaniman+Minus\n|t:|1700369342\n|gametype|singles\n|player|p1|Hxhfhfhuuf|170|1310\n|player|p2|Darkmaniman+Minus|102|1389\n|teamsize|p1|6\n|teamsize|p2|6\n|gen|9\n|tier|[Gen 9] OU\n|rated|\n|rule|Sleep Clause Mod: Limit one foe put to sleep\n|rule|Species Clause: Limit one of each Pok\u00e9mon\n|rule|OHKO Clause: OHKO moves are banned\n|rule|Evasion Items Clause: Evasion items are banned\n|rule|Evasion Moves Clause: Evasion moves are banned\n|rule|Endless Battle Clause: Forcing endless battles is banned\n|rule|HP Percentage Mod: HP is shown in percentages\n|clearpoke\n|poke|p1|Ninetales-Alola, F|\n|poke|p1|Iron Moth|\n|poke|p1|Iron Valiant|\n|poke|p1|Great Tusk|\n|poke|p1|Ogerpon-Wellspring, F|\n|poke|p1|Dragonite, M|\n|poke|p2|Rillaboom, F|\n|poke|p2|Sneasler, M|\n|poke|p2|Drifblim, M|\n|poke|p2|Heatran, M|\n|poke|p2|Slowking-Galar, F|\n|poke|p2|Iron Valiant|\n|teampreview\n|inactive|Battle timer is ON: inactive players will automatically lose when time's up. (requested by Hxhfhfhuuf)\n|\n|t:|1700369348\n|start\n|switch|p1a: Ninetales|Ninetales-Alola, F, shiny|100\/100\n|switch|p2a: Rillaboom|Rillaboom, F|100\/100\n|-weather|Snow|[from] ability: Snow Warning|[of] p1a: Ninetales\n|-fieldstart|move: Grassy Terrain|[from] ability: Grassy Surge|[of] p2a: Rillaboom\n|turn|1\n|\n|t:|1700369355\n|move|p2a: Rillaboom|Grassy Glide|p1a: Ninetales\n|-damage|p1a: Ninetales|59\/100\n|move|p1a: Ninetales|Aurora Veil|p1a: Ninetales\n|-sidestart|p1: Hxhfhfhuuf|move: Aurora Veil\n|\n|-weather|Snow|[upkeep]\n|-heal|p1a: Ninetales|66\/100|[from] Grassy Terrain\n|upkeep\n|turn|2\n|\n|t:|1700369362\n|switch|p2a: Slowking|Slowking-Galar, F|100\/100\n|move|p1a: Ninetales|Blizzard|p2a: Slowking\n|-damage|p2a: Slowking|80\/100\n|\n|-weather|Snow|[upkeep]\n|-heal|p1a: Ninetales|72\/100|[from] Grassy Terrain\n|-heal|p2a: Slowking|86\/100|[from] Grassy Terrain\n|upkeep\n|turn|3\n|\n|t:|1700369365\n|move|p1a: Ninetales|Hypnosis|p2a: Slowking|[miss]\n|-miss|p1a: Ninetales|p2a: Slowking\n|move|p2a: Slowking|Future Sight|p1a: Ninetales\n|-start|p2a: Slowking|move: Future Sight\n|\n|-weather|Snow|[upkeep]\n|-heal|p1a: Ninetales|78\/100|[from] Grassy Terrain\n|-heal|p2a: Slowking|92\/100|[from] Grassy Terrain\n|upkeep\n|turn|4\n|\n|t:|1700369367\n|move|p1a: Ninetales|Hypnosis|p2a: Slowking|[miss]\n|-miss|p1a: Ninetales|p2a: Slowking\n|move|p2a: Slowking|Chilly Reception|p2a: Slowking\n|\n|t:|1700369393\n|switch|p2a: Heatran|Heatran, M|100\/100|[from] Chilly Reception\n|\n|-weather|Snow|[upkeep]\n|-heal|p1a: Ninetales|84\/100|[from] Grassy Terrain\n|upkeep\n|turn|5\n|\n|t:|1700369397\n|move|p1a: Ninetales|Hypnosis|p2a: Heatran|[miss]\n|-miss|p1a: Ninetales|p2a: Heatran\n|move|p2a: Heatran|Magma Storm|p1a: Ninetales|[miss]\n|-miss|p2a: Heatran|p1a: Ninetales\n|\n|-weather|none\n|-end|p1a: Ninetales|move: Future Sight\n|-damage|p1a: Ninetales|61\/100\n|-heal|p1a: Ninetales|67\/100|[from] Grassy Terrain\n|-fieldend|move: Grassy Terrain\n|upkeep\n|turn|6\n|\n|t:|1700369402\n|move|p1a: Ninetales|Hypnosis|p2a: Heatran\n|-status|p2a: Heatran|slp|[from] move: Hypnosis\n|cant|p2a: Heatran|slp\n|\n|upkeep\n|turn|7\n|\n|t:|1700369420\n|switch|p1a: Ogerpon|Ogerpon-Wellspring, F|100\/100\n|cant|p2a: Heatran|slp\n|\n|upkeep\n|turn|8\n|\n|t:|1700369426\n|-terastallize|p1a: Ogerpon|Water\n|detailschange|p1a: Ogerpon|Ogerpon-Wellspring-Tera, F, tera:Water\n|-ability|p1a: Ogerpon|Embody Aspect (Wellspring)|boost\n|-boost|p1a: Ogerpon|spd|1\n|move|p1a: Ogerpon|Swords Dance|p1a: Ogerpon\n|-boost|p1a: Ogerpon|atk|2\n|cant|p2a: Heatran|slp\n|\n|-sideend|p1: Hxhfhfhuuf|move: Aurora Veil\n|upkeep\n|turn|9\n|\n|t:|1700369435\n|switch|p2a: Rillaboom|Rillaboom, F|100\/100\n|-fieldstart|move: Grassy Terrain|[from] ability: Grassy Surge|[of] p2a: Rillaboom\n|move|p1a: Ogerpon|Ivy Cudgel|p2a: Rillaboom|[anim] Ivy Cudgel Water\n|-resisted|p2a: Rillaboom\n|-crit|p2a: Rillaboom\n|-damage|p2a: Rillaboom|0 fnt\n|faint|p2a: Rillaboom\n|\n|upkeep\n|\n|t:|1700369445\n|switch|p2a: Drifblim|Drifblim, M|100\/100\n|-enditem|p2a: Drifblim|Grassy Seed\n|-boost|p2a: Drifblim|def|1|[from] item: Grassy Seed\n|turn|10\n|\n|t:|1700369449\n|move|p2a: Drifblim|Will-O-Wisp|p1a: Ogerpon\n|-status|p1a: Ogerpon|brn\n|move|p1a: Ogerpon|Ivy Cudgel|p2a: Drifblim|[anim] Ivy Cudgel Water\n|-damage|p2a: Drifblim|58\/100\n|\n|-damage|p1a: Ogerpon|95\/100 brn|[from] brn\n|upkeep\n|turn|11\n|\n|t:|1700369453\n|move|p2a: Drifblim|Strength Sap|p1a: Ogerpon\n|-unboost|p1a: Ogerpon|atk|1\n|-heal|p2a: Drifblim|100\/100\n|move|p1a: Ogerpon|Swords Dance|p1a: Ogerpon\n|-boost|p1a: Ogerpon|atk|2\n|\n|-heal|p1a: Ogerpon|100\/100 brn|[from] Grassy Terrain\n|-damage|p1a: Ogerpon|95\/100 brn|[from] brn\n|upkeep\n|turn|12\n|\n|t:|1700369458\n|move|p2a: Drifblim|Calm Mind|p2a: Drifblim\n|-boost|p2a: Drifblim|spa|1\n|-boost|p2a: Drifblim|spd|1\n|move|p1a: Ogerpon|Swords Dance|p1a: Ogerpon\n|-boost|p1a: Ogerpon|atk|2\n|\n|-heal|p1a: Ogerpon|100\/100 brn|[from] Grassy Terrain\n|-damage|p1a: Ogerpon|95\/100 brn|[from] brn\n|upkeep\n|turn|13\n|\n|t:|1700369461\n|move|p2a: Drifblim|Shadow Ball|p1a: Ogerpon\n|-damage|p1a: Ogerpon|63\/100 brn\n|move|p1a: Ogerpon|Ivy Cudgel|p2a: Drifblim|[anim] Ivy Cudgel Water\n|-damage|p2a: Drifblim|25\/100\n|\n|-heal|p1a: Ogerpon|69\/100 brn|[from] Grassy Terrain\n|-damage|p1a: Ogerpon|63\/100 brn|[from] brn\n|-fieldend|move: Grassy Terrain\n|upkeep\n|turn|14\n|\n|t:|1700369464\n|move|p2a: Drifblim|Strength Sap|p1a: Ogerpon\n|-unboost|p1a: Ogerpon|atk|1\n|-heal|p2a: Drifblim|100\/100\n|move|p1a: Ogerpon|Ivy Cudgel|p2a: Drifblim|[anim] Ivy Cudgel Water\n|-damage|p2a: Drifblim|39\/100\n|\n|-damage|p1a: Ogerpon|57\/100 brn|[from] brn\n|upkeep\n|turn|15\n|\n|t:|1700369467\n|move|p2a: Drifblim|Strength Sap|p1a: Ogerpon\n|-unboost|p1a: Ogerpon|atk|1\n|-heal|p2a: Drifblim|100\/100\n|move|p1a: Ogerpon|Ivy Cudgel|p2a: Drifblim|[anim] Ivy Cudgel Water\n|-damage|p2a: Drifblim|46\/100\n|\n|-damage|p1a: Ogerpon|51\/100 brn|[from] brn\n|upkeep\n|turn|16\n|\n|t:|1700369483\n|switch|p1a: Iron Valiant|Iron Valiant|100\/100\n|move|p2a: Drifblim|Strength Sap|p1a: Iron Valiant\n|-unboost|p1a: Iron Valiant|atk|1\n|-heal|p2a: Drifblim|94\/100\n|\n|upkeep\n|turn|17\n|\n|t:|1700369492\n|move|p2a: Drifblim|Shadow Ball|p1a: Iron Valiant\n|-damage|p1a: Iron Valiant|31\/100\n|-unboost|p1a: Iron Valiant|spd|1\n|move|p1a: Iron Valiant|Thunderbolt|p2a: Drifblim\n|-supereffective|p2a: Drifblim\n|-crit|p2a: Drifblim\n|-damage|p2a: Drifblim|0 fnt\n|faint|p2a: Drifblim\n|\n|upkeep\n|c|\u2606Darkmaniman+Minus|Stop fuckin criting Jesus\n|\n|t:|1700369516\n|switch|p2a: Sneasler|Sneasler, M|100\/100\n|turn|18\n|\n|t:|1700369521\n|move|p1a: Iron Valiant|Moonblast|p2a: Sneasler\n|-damage|p2a: Sneasler|37\/100\n|move|p2a: Sneasler|Night Slash|p1a: Iron Valiant\n|-resisted|p1a: Iron Valiant\n|-damage|p1a: Iron Valiant|23\/100\n|\n|upkeep\n|turn|19\n|\n|t:|1700369526\n|switch|p2a: Heatran|Heatran, M|100\/100 slp\n|move|p1a: Iron Valiant|Moonblast|p2a: Heatran\n|-resisted|p2a: Heatran\n|-damage|p2a: Heatran|92\/100 slp\n|\n|-heal|p2a: Heatran|99\/100 slp|[from] item: Leftovers\n|upkeep\n|turn|20\n|c|\u2606Darkmaniman+Minus|It doesn't matter it's over now\n|c|\u2606Darkmaniman+Minus|Crit everything\n|\n|t:|1700369545\n|move|p1a: Iron Valiant|Aura Sphere|p2a: Heatran\n|-supereffective|p2a: Heatran\n|-damage|p2a: Heatran|42\/100 slp\n|-curestatus|p2a: Heatran|slp|[msg]\n|move|p2a: Heatran|Stealth Rock|p1a: Iron Valiant\n|-sidestart|p1: Hxhfhfhuuf|move: Stealth Rock\n|\n|-heal|p2a: Heatran|48\/100|[from] item: Leftovers\n|upkeep\n|turn|21\n|\n|t:|1700369559\n|move|p1a: Iron Valiant|Aura Sphere|p2a: Heatran\n|-supereffective|p2a: Heatran\n|-damage|p2a: Heatran|0 fnt\n|faint|p2a: Heatran\n|\n|upkeep\n|-message|Darkmaniman+Minus forfeited.\n|\n|win|Hxhfhfhuuf\n|raw|Hxhfhfhuuf's rating: 1310 &rarr; <strong>1334<\/strong><br \/>(+24 for winning)\n|raw|Darkmaniman+Minus's rating: 1389 &rarr; <strong>1365<\/strong><br \/>(-24 for losing)\n|l|\u2606Darkmaniman+Minus\n","uploadtime":1700369505,"views":12,"p1id":"hxhfhfhuuf","p2id":"darkmanimanminus","formatid":"gen9ou","rating":1334,"private":0,"password":""}