{"id":"gen9ou-2000449093","p1":"ShizuOsaka","p2":"Juancbas1234","format":"[Gen 9] OU","log":"|j|\u2606ShizuOsaka\n|j|\u2606Juancbas1234\n|t:|1701195746\n|gametype|singles\n|player|p1|ShizuOsaka|lady|1630\n|player|p2|Juancbas1234|2|1543\n|teamsize|p1|6\n|teamsize|p2|6\n|gen|9\n|tier|[Gen 9] OU\n|rated|\n|rule|Sleep Clause Mod: Limit one foe put to sleep\n|rule|Species Clause: Limit one of each Pok\u00e9mon\n|rule|OHKO Clause: OHKO moves are banned\n|rule|Evasion Items Clause: Evasion items are banned\n|rule|Evasion Moves Clause: Evasion moves are banned\n|rule|Endless Battle Clause: Forcing endless battles is banned\n|rule|HP Percentage Mod: HP is shown in percentages\n|clearpoke\n|poke|p1|Toxtricity, M|\n|poke|p1|Ogerpon-Wellspring, F|\n|poke|p1|Cinderace, F|\n|poke|p1|Corviknight, F|\n|poke|p1|Landorus-Therian, M|\n|poke|p1|Enamorus, F|\n|poke|p2|Ogerpon-Cornerstone, F|\n|poke|p2|Gholdengo|\n|poke|p2|Glimmora, M|\n|poke|p2|Garchomp, F|\n|poke|p2|Iron Valiant|\n|poke|p2|Great Tusk|\n|teampreview\n|inactive|Battle timer is ON: inactive players will automatically lose when time's up. (requested by ShizuOsaka)\n|\n|t:|1701195760\n|start\n|switch|p1a: Landorus|Landorus-Therian, M|100\/100\n|switch|p2a: Garchomp|Garchomp, F|100\/100\n|-ability|p1a: Landorus|Intimidate|boost\n|-unboost|p2a: Garchomp|atk|1\n|turn|1\n|\n|t:|1701195779\n|switch|p1a: Ogerpon|Ogerpon-Wellspring, F|100\/100\n|-terastallize|p2a: Garchomp|Steel\n|move|p2a: Garchomp|Spikes|p1a: Ogerpon\n|-sidestart|p1: ShizuOsaka|Spikes\n|\n|upkeep\n|turn|2\n|inactive|Juancbas1234 has 120 seconds left.\n|\n|t:|1701195812\n|switch|p2a: Glimmora|Glimmora, M|100\/100\n|move|p1a: Ogerpon|Encore||[still]\n|-fail|p1a: Ogerpon\n|\n|upkeep\n|turn|3\n|\n|t:|1701195819\n|switch|p1a: Corviknight|Corviknight, F|100\/100\n|-ability|p1a: Corviknight|Pressure\n|move|p2a: Glimmora|Sludge Wave|p1a: Corviknight\n|-immune|p1a: Corviknight\n|\n|upkeep\n|turn|4\n|\n|t:|1701195830\n|move|p2a: Glimmora|Stealth Rock|p1a: Corviknight\n|-sidestart|p1: ShizuOsaka|move: Stealth Rock\n|move|p1a: Corviknight|Defog|p2a: Glimmora\n|-unboost|p2a: Glimmora|evasion|1\n|-sideend|p1: ShizuOsaka|Spikes|[from] move: Defog|[of] p1a: Corviknight\n|-sideend|p1: ShizuOsaka|Stealth Rock|[from] move: Defog|[of] p1a: Corviknight\n|\n|upkeep\n|turn|5\n|inactive|Juancbas1234 has 120 seconds left.\n|\n|t:|1701195879\n|move|p2a: Glimmora|Stealth Rock|p1a: Corviknight\n|-sidestart|p1: ShizuOsaka|move: Stealth Rock\n|move|p1a: Corviknight|U-turn|p2a: Glimmora\n|-resisted|p2a: Glimmora\n|-damage|p2a: Glimmora|92\/100\n|-activate|p2a: Glimmora|ability: Toxic Debris\n|-sidestart|p1: ShizuOsaka|move: Toxic Spikes\n|\n|t:|1701195885\n|switch|p1a: Landorus|Landorus-Therian, M|100\/100|[from] U-turn\n|-damage|p1a: Landorus|88\/100|[from] Stealth Rock\n|-ability|p1a: Landorus|Intimidate|boost\n|-unboost|p2a: Glimmora|atk|1\n|\n|-heal|p1a: Landorus|94\/100|[from] item: Leftovers\n|upkeep\n|turn|6\n|\n|t:|1701195896\n|move|p1a: Landorus|Earthquake|p2a: Glimmora\n|-supereffective|p2a: Glimmora\n|-damage|p2a: Glimmora|0 fnt\n|-activate|p2a: Glimmora|ability: Toxic Debris\n|-sidestart|p1: ShizuOsaka|move: Toxic Spikes\n|faint|p2a: Glimmora\n|\n|-heal|p1a: Landorus|99\/100|[from] item: Leftovers\n|upkeep\n|\n|t:|1701195907\n|switch|p2a: Great Tusk|Great Tusk|100\/100\n|-enditem|p2a: Great Tusk|Booster Energy\n|-activate|p2a: Great Tusk|ability: Protosynthesis|[fromitem]\n|-start|p2a: Great Tusk|protosynthesisatk\n|turn|7\n|\n|t:|1701195918\n|move|p2a: Great Tusk|Rapid Spin|p1a: Landorus\n|-damage|p1a: Landorus|79\/100\n|-boost|p2a: Great Tusk|spe|1\n|move|p1a: Landorus|U-turn|p2a: Great Tusk\n|-resisted|p2a: Great Tusk\n|-damage|p2a: Great Tusk|92\/100\n|\n|t:|1701195922\n|switch|p1a: Enamorus|Enamorus, F|100\/100|[from] U-turn\n|-damage|p1a: Enamorus|76\/100|[from] Stealth Rock\n|\n|upkeep\n|turn|8\n|\n|t:|1701195929\n|move|p1a: Enamorus|Moonblast|p2a: Great Tusk\n|-supereffective|p2a: Great Tusk\n|-damage|p2a: Great Tusk|0 fnt\n|faint|p2a: Great Tusk\n|-end|p2a: Great Tusk|Protosynthesis|[silent]\n|\n|upkeep\n|\n|t:|1701195936\n|switch|p2a: Ogerpon|Ogerpon-Cornerstone, F|100\/100\n|turn|9\n|\n|t:|1701195942\n|move|p1a: Enamorus|Moonblast|p2a: Ogerpon\n|-damage|p2a: Ogerpon|36\/100\n|move|p2a: Ogerpon|Swords Dance|p2a: Ogerpon\n|-boost|p2a: Ogerpon|atk|2\n|\n|upkeep\n|turn|10\n|inactive|Juancbas1234 has 120 seconds left.\n|\n|t:|1701195950\n|switch|p2a: Garchomp|Garchomp, F, tera:Steel|100\/100\n|move|p1a: Enamorus|Moonblast|p2a: Garchomp\n|-resisted|p2a: Garchomp\n|-damage|p2a: Garchomp|75\/100\n|-unboost|p2a: Garchomp|spa|1\n|\n|upkeep\n|turn|11\n|\n|t:|1701195960\n|switch|p1a: Landorus|Landorus-Therian, M|79\/100\n|-damage|p1a: Landorus|66\/100|[from] Stealth Rock\n|-ability|p1a: Landorus|Intimidate|boost\n|-unboost|p2a: Garchomp|atk|1\n|move|p2a: Garchomp|Spikes|p1a: Landorus\n|-sidestart|p1: ShizuOsaka|Spikes\n|\n|-heal|p1a: Landorus|72\/100|[from] item: Leftovers\n|upkeep\n|turn|12\n|\n|t:|1701195970\n|move|p1a: Landorus|U-turn|p2a: Garchomp\n|-resisted|p2a: Garchomp\n|-damage|p2a: Garchomp|67\/100\n|-damage|p1a: Landorus|60\/100|[from] ability: Rough Skin|[of] p2a: Garchomp\n|-damage|p1a: Landorus|43\/100|[from] item: Rocky Helmet|[of] p2a: Garchomp\n|\n|t:|1701195973\n|switch|p1a: Enamorus|Enamorus, F|76\/100|[from] U-turn\n|-damage|p1a: Enamorus|51\/100|[from] Stealth Rock\n|move|p2a: Garchomp|Spikes|p1a: Enamorus\n|-sidestart|p1: ShizuOsaka|Spikes\n|\n|upkeep\n|turn|13\n|\n|t:|1701195982\n|move|p1a: Enamorus|Mystical Fire|p2a: Garchomp\n|-supereffective|p2a: Garchomp\n|-damage|p2a: Garchomp|12\/100\n|-unboost|p2a: Garchomp|spa|1\n|move|p2a: Garchomp|Spikes|p1a: Enamorus\n|-sidestart|p1: ShizuOsaka|Spikes\n|\n|upkeep\n|turn|14\n|\n|t:|1701196000\n|switch|p1a: Cinderace|Cinderace, F|100\/100\n|move|p2a: Garchomp|Dragon Tail|p1a: Cinderace\n|-damage|p1a: Cinderace|78\/100\n|drag|p1a: Toxtricity|Toxtricity, M|100\/100\n|-damage|p1a: Toxtricity|88\/100|[from] Stealth Rock\n|-sideend|p1: ShizuOsaka|move: Toxic Spikes|[of] p1a: Toxtricity\n|-damage|p1a: Toxtricity|63\/100|[from] Spikes\n|\n|upkeep\n|turn|15\n|\n|t:|1701196012\n|switch|p1a: Enamorus|Enamorus, F|51\/100\n|-damage|p1a: Enamorus|26\/100|[from] Stealth Rock\n|move|p2a: Garchomp|Earthquake|p1a: Enamorus\n|-immune|p1a: Enamorus\n|\n|upkeep\n|turn|16\n|\n|t:|1701196019\n|move|p1a: Enamorus|Healing Wish|p1a: Enamorus\n|faint|p1a: Enamorus\n|move|p2a: Garchomp|Dragon Tail|p1: Enamorus|[notarget]\n|-fail|p2a: Garchomp\n|\n|upkeep\n|\n|t:|1701196022\n|switch|p1a: Cinderace|Cinderace, F|78\/100\n|-heal|p1a: Cinderace|100\/100|[from] move: Healing Wish\n|turn|17\n|\n|t:|1701196031\n|move|p1a: Cinderace|Court Change|p1a: Cinderace\n|-start|p1a: Cinderace|typechange|Normal|[from] ability: Libero\n|-swapsideconditions\n|-activate|p1a: Cinderace|move: Court Change\n|move|p2a: Garchomp|Dragon Tail|p1a: Cinderace\n|-damage|p1a: Cinderace|78\/100\n|drag|p1a: Landorus|Landorus-Therian, M|43\/100\n|-ability|p1a: Landorus|Intimidate|boost\n|-unboost|p2a: Garchomp|atk|1\n|\n|-heal|p1a: Landorus|49\/100|[from] item: Leftovers\n|upkeep\n|turn|18\n|\n|t:|1701196043\n|move|p1a: Landorus|Earthquake|p2a: Garchomp\n|-supereffective|p2a: Garchomp\n|-damage|p2a: Garchomp|0 fnt\n|faint|p2a: Garchomp\n|\n|-heal|p1a: Landorus|55\/100|[from] item: Leftovers\n|upkeep\n|-message|Juancbas1234 forfeited.\n|\n|win|ShizuOsaka\n|raw|ShizuOsaka's rating: 1630 &rarr; <strong>1646<\/strong><br \/>(+16 for winning)\n|raw|Juancbas1234's rating: 1568 &rarr; <strong>1552<\/strong><br \/>(-16 for losing)\n","uploadtime":1701196075,"views":1,"p1id":"shizuosaka","p2id":"juancbas1234","formatid":"gen9ou","rating":1552,"private":0,"password":""}