{"id":"gen9ou-1990265023","p1":"theultimateperson8","p2":"CyberH3","format":"[Gen 9] OU","log":"|j|\u2606theultimateperson8\n|j|\u2606CyberH3\n|t:|1699947277\n|gametype|singles\n|player|p1|theultimateperson8|169|1431\n|player|p2|CyberH3|mars|1326\n|teamsize|p1|6\n|teamsize|p2|6\n|gen|9\n|tier|[Gen 9] OU\n|rated|\n|rule|Sleep Clause Mod: Limit one foe put to sleep\n|rule|Species Clause: Limit one of each Pok\u00e9mon\n|rule|OHKO Clause: OHKO moves are banned\n|rule|Evasion Items Clause: Evasion items are banned\n|rule|Evasion Moves Clause: Evasion moves are banned\n|rule|Endless Battle Clause: Forcing endless battles is banned\n|rule|HP Percentage Mod: HP is shown in percentages\n|clearpoke\n|poke|p1|Samurott-Hisui, M|\n|poke|p1|Heatran, M|\n|poke|p1|Hydreigon, M|\n|poke|p1|Sneasler, M|\n|poke|p1|Landorus-Therian, M|\n|poke|p1|Zapdos|\n|poke|p2|Landorus-Therian, M|\n|poke|p2|Goodra-Hisui, F|\n|poke|p2|Kleavor, F|\n|poke|p2|Scizor, F|\n|poke|p2|Mimikyu, F|\n|poke|p2|Thundurus-Therian, M|\n|teampreview\n|\n|t:|1699947300\n|start\n|switch|p1a: Heatran|Heatran, M|100\/100\n|switch|p2a: suicopath|Kleavor, F|100\/100\n|turn|1\n|\n|t:|1699947313\n|move|p2a: suicopath|Stone Axe|p1a: Heatran\n|-damage|p1a: Heatran|54\/100\n|-sidestart|p1: theultimateperson8|move: Stealth Rock\n|move|p1a: Heatran|Magma Storm|p2a: suicopath|[miss]\n|-miss|p1a: Heatran|p2a: suicopath\n|\n|-heal|p1a: Heatran|60\/100|[from] item: Leftovers\n|upkeep\n|turn|2\n|\n|t:|1699947321\n|move|p2a: suicopath|Stone Axe|p1a: Heatran\n|-damage|p1a: Heatran|8\/100\n|-status|p2a: suicopath|brn|[from] ability: Flame Body|[of] p1a: Heatran\n|move|p1a: Heatran|Magma Storm|p2a: suicopath\n|-damage|p2a: suicopath|33\/100 brn\n|-activate|p2a: suicopath|move: Magma Storm|[of] p1a: Heatran\n|\n|-heal|p1a: Heatran|14\/100|[from] item: Leftovers\n|-damage|p2a: suicopath|27\/100 brn|[from] brn\n|-damage|p2a: suicopath|15\/100 brn|[from] move: Magma Storm|[partiallytrapped]\n|upkeep\n|turn|3\n|\n|t:|1699947331\n|move|p1a: Heatran|Protect|p1a: Heatran\n|-singleturn|p1a: Heatran|Protect\n|move|p2a: suicopath|Stone Axe|p1a: Heatran\n|-activate|p1a: Heatran|move: Protect\n|\n|-heal|p1a: Heatran|21\/100|[from] item: Leftovers\n|-damage|p2a: suicopath|9\/100 brn|[from] brn\n|-damage|p2a: suicopath|0 fnt|[from] move: Magma Storm|[partiallytrapped]\n|faint|p2a: suicopath\n|upkeep\n|\n|t:|1699947337\n|switch|p2a: Sora Soaring|Thundurus-Therian, M|100\/100\n|turn|4\n|\n|t:|1699947344\n|move|p2a: Sora Soaring|Dark Pulse|p1a: Heatran\n|-damage|p1a: Heatran|0 fnt\n|faint|p1a: Heatran\n|-damage|p2a: Sora Soaring|91\/100|[from] item: Life Orb\n|\n|upkeep\n|\n|t:|1699947354\n|switch|p1a: Landorus|Landorus-Therian, M|100\/100\n|-damage|p1a: Landorus|88\/100|[from] Stealth Rock\n|-ability|p1a: Landorus|Intimidate|boost\n|-unboost|p2a: Sora Soaring|atk|1\n|turn|5\n|\n|t:|1699947360\n|move|p2a: Sora Soaring|Dark Pulse|p1a: Landorus\n|-damage|p1a: Landorus|43\/100\n|-damage|p2a: Sora Soaring|81\/100|[from] item: Life Orb\n|move|p1a: Landorus|Stone Edge|p2a: Sora Soaring\n|-supereffective|p2a: Sora Soaring\n|-damage|p2a: Sora Soaring|0 fnt\n|faint|p2a: Sora Soaring\n|\n|upkeep\n|\n|t:|1699947367\n|switch|p2a: my idol|Landorus-Therian, M|100\/100\n|-ability|p2a: my idol|Intimidate|boost\n|-unboost|p1a: Landorus|atk|1\n|turn|6\n|\n|t:|1699947374\n|switch|p1a: Hydreigon|Hydreigon, M|100\/100\n|-damage|p1a: Hydreigon|88\/100|[from] Stealth Rock\n|move|p2a: my idol|Stone Edge|p1a: Hydreigon|[miss]\n|-miss|p2a: my idol|p1a: Hydreigon\n|\n|upkeep\n|turn|7\n|\n|t:|1699947387\n|move|p1a: Hydreigon|Dark Pulse|p2a: my idol\n|-damage|p2a: my idol|33\/100\n|move|p2a: my idol|U-turn|p1a: Hydreigon\n|-supereffective|p1a: Hydreigon\n|-damage|p1a: Hydreigon|38\/100\n|\n|t:|1699947392\n|switch|p2a: eat with scissors|Scizor, F|100\/100|[from] U-turn\n|\n|upkeep\n|turn|8\n|\n|t:|1699947413\n|switch|p1a: Zapdos|Zapdos|100\/100\n|move|p2a: eat with scissors|Bullet Punch|p1a: Zapdos\n|-resisted|p1a: Zapdos\n|-damage|p1a: Zapdos|77\/100\n|-damage|p2a: eat with scissors|91\/100|[from] item: Life Orb\n|\n|upkeep\n|turn|9\n|\n|t:|1699947426\n|switch|p2a: my idol|Landorus-Therian, M|33\/100\n|-ability|p2a: my idol|Intimidate|boost\n|-unboost|p1a: Zapdos|atk|1\n|move|p1a: Zapdos|Hurricane|p2a: my idol|[miss]\n|-miss|p1a: Zapdos|p2a: my idol\n|\n|upkeep\n|turn|10\n|\n|t:|1699947435\n|move|p1a: Zapdos|Hurricane|p2a: my idol\n|-damage|p2a: my idol|0 fnt\n|faint|p2a: my idol\n|\n|upkeep\n|\n|t:|1699947441\n|switch|p2a: Snail Altare|Goodra-Hisui, F|100\/100\n|turn|11\n|\n|t:|1699947449\n|switch|p1a: Landorus|Landorus-Therian, M|43\/100\n|-damage|p1a: Landorus|31\/100|[from] Stealth Rock\n|-ability|p1a: Landorus|Intimidate|boost\n|-unboost|p2a: Snail Altare|atk|1\n|move|p2a: Snail Altare|Ice Beam|p1a: Landorus\n|-supereffective|p1a: Landorus\n|-damage|p1a: Landorus|0 fnt\n|faint|p1a: Landorus\n|\n|upkeep\n|\n|t:|1699947459\n|switch|p1a: Sneasler|Sneasler, M|100\/100\n|-damage|p1a: Sneasler|95\/100|[from] Stealth Rock\n|turn|12\n|\n|t:|1699947477\n|switch|p2a: OHAYOLLIE|Mimikyu, F|100\/100\n|move|p1a: Sneasler|Swords Dance|p1a: Sneasler\n|-boost|p1a: Sneasler|atk|2\n|\n|upkeep\n|turn|13\n|\n|t:|1699947483\n|-terastallize|p1a: Sneasler|Flying\n|move|p1a: Sneasler|Dire Claw|p2a: OHAYOLLIE\n|-activate|p2a: OHAYOLLIE|ability: Disguise\n|-damage|p2a: OHAYOLLIE|100\/100\n|detailschange|p2a: OHAYOLLIE|Mimikyu-Busted, F\n|-damage|p2a: OHAYOLLIE|88\/100|[from] pokemon: Mimikyu-Busted\n|move|p2a: OHAYOLLIE|Play Rough|p1a: Sneasler\n|-damage|p1a: Sneasler|10\/100\n|-damage|p2a: OHAYOLLIE|78\/100|[from] item: Life Orb\n|\n|upkeep\n|turn|14\n|\n|t:|1699947494\n|move|p2a: OHAYOLLIE|Shadow Sneak|p1a: Sneasler\n|-damage|p1a: Sneasler|0 fnt\n|faint|p1a: Sneasler\n|-damage|p2a: OHAYOLLIE|68\/100|[from] item: Life Orb\n|\n|upkeep\n|\n|t:|1699947499\n|switch|p1a: Samurott|Samurott-Hisui, M|100\/100\n|-damage|p1a: Samurott|88\/100|[from] Stealth Rock\n|turn|15\n|\n|t:|1699947507\n|move|p1a: Samurott|Ceaseless Edge|p2a: OHAYOLLIE\n|-damage|p2a: OHAYOLLIE|0 fnt\n|-sidestart|p2: CyberH3|Spikes\n|faint|p2a: OHAYOLLIE\n|\n|upkeep\n|\n|t:|1699947514\n|switch|p2a: eat with scissors|Scizor, F|91\/100\n|-damage|p2a: eat with scissors|78\/100|[from] Spikes\n|turn|16\n|\n|t:|1699947520\n|switch|p1a: Zapdos|Zapdos|77\/100\n|move|p2a: eat with scissors|U-turn|p1a: Zapdos\n|-resisted|p1a: Zapdos\n|-damage|p1a: Zapdos|52\/100\n|-status|p2a: eat with scissors|par|[from] ability: Static|[of] p1a: Zapdos\n|-damage|p2a: eat with scissors|68\/100 par|[from] item: Life Orb\n|\n|t:|1699947522\n|switch|p2a: Snail Altare|Goodra-Hisui, F|100\/100|[from] U-turn\n|-damage|p2a: Snail Altare|88\/100|[from] Spikes\n|\n|-heal|p2a: Snail Altare|94\/100|[from] item: Leftovers\n|upkeep\n|turn|17\n|\n|t:|1699947532\n|move|p1a: Zapdos|Thunderbolt|p2a: Snail Altare\n|-resisted|p2a: Snail Altare\n|-damage|p2a: Snail Altare|78\/100\n|move|p2a: Snail Altare|Ice Beam|p1a: Zapdos\n|-supereffective|p1a: Zapdos\n|-damage|p1a: Zapdos|0 fnt\n|faint|p1a: Zapdos\n|\n|-heal|p2a: Snail Altare|84\/100|[from] item: Leftovers\n|upkeep\n|\n|t:|1699947541\n|switch|p1a: Samurott|Samurott-Hisui, M|88\/100\n|-damage|p1a: Samurott|76\/100|[from] Stealth Rock\n|turn|18\n|\n|t:|1699947547\n|move|p2a: Snail Altare|Protect|p2a: Snail Altare\n|-singleturn|p2a: Snail Altare|Protect\n|move|p1a: Samurott|Sacred Sword|p2a: Snail Altare\n|-activate|p2a: Snail Altare|move: Protect\n|\n|-heal|p2a: Snail Altare|90\/100|[from] item: Leftovers\n|upkeep\n|turn|19\n|\n|t:|1699947554\n|-terastallize|p2a: Snail Altare|Dragon\n|move|p1a: Samurott|Sacred Sword|p2a: Snail Altare\n|-damage|p2a: Snail Altare|50\/100\n|move|p2a: Snail Altare|Draco Meteor|p1a: Samurott\n|-damage|p1a: Samurott|0 fnt\n|-unboost|p2a: Snail Altare|spa|2\n|faint|p1a: Samurott\n|\n|-heal|p2a: Snail Altare|56\/100|[from] item: Leftovers\n|upkeep\n|c|\u2606CyberH3|gg\n|\n|t:|1699947564\n|switch|p1a: Hydreigon|Hydreigon, M|38\/100\n|-damage|p1a: Hydreigon|26\/100|[from] Stealth Rock\n|turn|20\n|\n|t:|1699947570\n|move|p2a: Snail Altare|Protect|p2a: Snail Altare\n|-singleturn|p2a: Snail Altare|Protect\n|move|p1a: Hydreigon|Draco Meteor|p2a: Snail Altare\n|-activate|p2a: Snail Altare|move: Protect\n|\n|-heal|p2a: Snail Altare|62\/100|[from] item: Leftovers\n|upkeep\n|turn|21\n|\n|t:|1699947576\n|move|p1a: Hydreigon|Draco Meteor|p2a: Snail Altare\n|-supereffective|p2a: Snail Altare\n|-damage|p2a: Snail Altare|0 fnt\n|-unboost|p1a: Hydreigon|spa|2\n|faint|p2a: Snail Altare\n|\n|upkeep\n|\n|t:|1699947579\n|switch|p2a: eat with scissors|Scizor, F|68\/100 par\n|-damage|p2a: eat with scissors|56\/100 par|[from] Spikes\n|turn|22\n|c|\u2606CyberH3|wait\n|c|\u2606CyberH3|i forgot im parad\n|c|\u2606CyberH3|could lose this nvm\n|\n|t:|1699947589\n|move|p2a: eat with scissors|Bullet Punch|p1a: Hydreigon\n|-damage|p1a: Hydreigon|0 fnt\n|faint|p1a: Hydreigon\n|-damage|p2a: eat with scissors|46\/100 par|[from] item: Life Orb\n|\n|win|CyberH3\n|raw|theultimateperson8's rating: 1431 &rarr; <strong>1405<\/strong><br \/>(-26 for losing)\n|raw|CyberH3's rating: 1326 &rarr; <strong>1352<\/strong><br \/>(+26 for winning)\n|c|\u2606CyberH3|we take those gg\n","uploadtime":1699947596,"views":11,"p1id":"theultimateperson8","p2id":"cyberh3","formatid":"gen9ou","rating":1352,"private":0,"password":""}