{"id":"gen9ou-1991310178","p1":"Isaayzin","p2":"imnotgrate","format":"[Gen 9] OU","log":"|j|\u2606Isaayzin\n|j|\u2606imnotgrate\n|t:|1700066423\n|gametype|singles\n|player|p1|Isaayzin|gambler|1203\n|player|p2|imnotgrate|bertha|1165\n|teamsize|p1|6\n|teamsize|p2|6\n|gen|9\n|tier|[Gen 9] OU\n|rated|\n|rule|Sleep Clause Mod: Limit one foe put to sleep\n|rule|Species Clause: Limit one of each Pok\u00e9mon\n|rule|OHKO Clause: OHKO moves are banned\n|rule|Evasion Items Clause: Evasion items are banned\n|rule|Evasion Moves Clause: Evasion moves are banned\n|rule|Endless Battle Clause: Forcing endless battles is banned\n|rule|HP Percentage Mod: HP is shown in percentages\n|clearpoke\n|poke|p1|Ting-Lu|\n|poke|p1|Gholdengo|\n|poke|p1|Iron Moth|\n|poke|p1|Dragonite, F|\n|poke|p1|Dragapult, F|\n|poke|p1|Kingambit, M|\n|poke|p2|Alomomola, M|\n|poke|p2|Forretress, M|\n|poke|p2|Magnezone|\n|poke|p2|Cloyster, F|\n|poke|p2|Tyranitar, M|\n|poke|p2|Volcanion|\n|teampreview\n|inactive|Battle timer is ON: inactive players will automatically lose when time's up. (requested by imnotgrate)\n|\n|t:|1700066431\n|start\n|switch|p1a: Ting-Lu|Ting-Lu|100\/100\n|switch|p2a: Tyranitar|Tyranitar, M|100\/100\n|-ability|p2a: Tyranitar|Unnerve\n|-ability|p1a: Ting-Lu|Vessel of Ruin\n|turn|1\n|\n|t:|1700066437\n|-terastallize|p2a: Tyranitar|Flying\n|move|p2a: Tyranitar|Dragon Dance|p2a: Tyranitar\n|-boost|p2a: Tyranitar|atk|1\n|-boost|p2a: Tyranitar|spe|1\n|move|p1a: Ting-Lu|Spikes|p2a: Tyranitar\n|-sidestart|p2: imnotgrate|Spikes\n|\n|upkeep\n|turn|2\n|\n|t:|1700066443\n|move|p2a: Tyranitar|Dragon Dance|p2a: Tyranitar\n|-boost|p2a: Tyranitar|atk|1\n|-boost|p2a: Tyranitar|spe|1\n|move|p1a: Ting-Lu|Whirlwind|p2a: Tyranitar\n|drag|p2a: Forretress|Forretress, M|100\/100\n|\n|upkeep\n|turn|3\n|\n|t:|1700066450\n|move|p1a: Ting-Lu|Stealth Rock|p2a: Forretress\n|-sidestart|p2: imnotgrate|move: Stealth Rock\n|move|p2a: Forretress|Rapid Spin|p1a: Ting-Lu\n|-damage|p1a: Ting-Lu|96\/100\n|-boost|p2a: Forretress|spe|1\n|-sideend|p2: imnotgrate|Spikes|[from] move: Rapid Spin|[of] p2a: Forretress\n|-sideend|p2: imnotgrate|Stealth Rock|[from] move: Rapid Spin|[of] p2a: Forretress\n|\n|upkeep\n|turn|4\n|\n|t:|1700066466\n|switch|p2a: Volcanion|Volcanion|100\/100\n|switch|p1a: Gholdengo|Gholdengo|100\/100\n|\n|upkeep\n|turn|5\n|inactive|Isaayzin has 120 seconds left.\n|\n|t:|1700066503\n|switch|p1a: Dragonite|Dragonite, F|100\/100\n|move|p2a: Volcanion|Flamethrower|p1a: Dragonite\n|-resisted|p1a: Dragonite\n|-damage|p1a: Dragonite|88\/100\n|\n|upkeep\n|turn|6\n|\n|t:|1700066512\n|move|p1a: Dragonite|Dragon Dance|p1a: Dragonite\n|-boost|p1a: Dragonite|atk|1\n|-boost|p1a: Dragonite|spe|1\n|move|p2a: Volcanion|Steam Eruption|p1a: Dragonite\n|-resisted|p1a: Dragonite\n|-damage|p1a: Dragonite|57\/100\n|\n|upkeep\n|turn|7\n|inactive|Isaayzin has 120 seconds left.\n|\n|t:|1700066518\n|move|p1a: Dragonite|Roost|p1a: Dragonite\n|-heal|p1a: Dragonite|100\/100\n|-singleturn|p1a: Dragonite|move: Roost\n|move|p2a: Volcanion|Steam Eruption|p1a: Dragonite\n|-resisted|p1a: Dragonite\n|-damage|p1a: Dragonite|84\/100\n|\n|upkeep\n|turn|8\n|inactive|Isaayzin has 120 seconds left.\n|\n|t:|1700066530\n|move|p1a: Dragonite|Dragon Claw|p2a: Volcanion\n|-damage|p2a: Volcanion|46\/100\n|move|p2a: Volcanion|Steam Eruption|p1a: Dragonite\n|-resisted|p1a: Dragonite\n|-damage|p1a: Dragonite|50\/100\n|\n|upkeep\n|turn|9\n|\n|t:|1700066538\n|move|p1a: Dragonite|Dragon Claw|p2a: Volcanion\n|-crit|p2a: Volcanion\n|-damage|p2a: Volcanion|0 fnt\n|faint|p2a: Volcanion\n|\n|upkeep\n|\n|t:|1700066541\n|switch|p2a: Forretress|Forretress, M|100\/100\n|turn|10\n|\n|t:|1700066546\n|move|p1a: Dragonite|Roost|p1a: Dragonite\n|-heal|p1a: Dragonite|99\/100\n|-singleturn|p1a: Dragonite|move: Roost\n|move|p2a: Forretress|Counter||[still]\n|-fail|p2a: Forretress\n|\n|upkeep\n|turn|11\n|\n|t:|1700066554\n|move|p1a: Dragonite|Roost|p1a: Dragonite\n|-heal|p1a: Dragonite|100\/100\n|-singleturn|p1a: Dragonite|move: Roost\n|move|p2a: Forretress|Ice Spinner|p1a: Dragonite\n|-supereffective|p1a: Dragonite\n|-damage|p1a: Dragonite|80\/100\n|\n|upkeep\n|turn|12\n|\n|t:|1700066567\n|switch|p1a: Gholdengo|Gholdengo|100\/100\n|move|p2a: Forretress|Counter||[still]\n|-fail|p2a: Forretress\n|\n|upkeep\n|turn|13\n|\n|t:|1700066573\n|switch|p2a: Alomomola|Alomomola, M|100\/100\n|move|p1a: Gholdengo|Shadow Ball|p2a: Alomomola\n|-damage|p2a: Alomomola|65\/100\n|\n|upkeep\n|turn|14\n|\n|t:|1700066581\n|move|p1a: Gholdengo|Shadow Ball|p2a: Alomomola\n|-damage|p2a: Alomomola|24\/100\n|move|p2a: Alomomola|Mirror Coat|p1a: Gholdengo\n|-damage|p1a: Gholdengo|0 fnt\n|faint|p1a: Gholdengo\n|\n|upkeep\n|\n|t:|1700066599\n|switch|p1a: Ting-Lu|Ting-Lu|96\/100\n|-ability|p1a: Ting-Lu|Vessel of Ruin\n|turn|15\n|\n|t:|1700066606\n|move|p1a: Ting-Lu|Stealth Rock|p2a: Alomomola\n|-sidestart|p2: imnotgrate|move: Stealth Rock\n|move|p2a: Alomomola|Flip Turn|p1a: Ting-Lu\n|-supereffective|p1a: Ting-Lu\n|-damage|p1a: Ting-Lu|82\/100\n|\n|t:|1700066608\n|switch|p2a: Forretress|Forretress, M|100\/100|[from] Flip Turn\n|\n|upkeep\n|turn|16\n|\n|t:|1700066616\n|switch|p1a: Dragapult|Dragapult, F|100\/100\n|move|p2a: Forretress|Rapid Spin|p1a: Dragapult\n|-immune|p1a: Dragapult\n|\n|upkeep\n|turn|17\n|\n|t:|1700066626\n|switch|p1a: Iron Moth|Iron Moth|100\/100\n|move|p2a: Forretress|Ice Spinner|p1a: Iron Moth\n|-resisted|p1a: Iron Moth\n|-damage|p1a: Iron Moth|84\/100\n|\n|upkeep\n|turn|18\n|\n|t:|1700066635\n|switch|p2a: Alomomola|Alomomola, M|58\/100\n|move|p1a: Iron Moth|Fiery Dance|p2a: Alomomola\n|-resisted|p2a: Alomomola\n|-damage|p2a: Alomomola|34\/100\n|\n|upkeep\n|turn|19\n|\n|t:|1700066642\n|move|p2a: Alomomola|Protect|p2a: Alomomola\n|-singleturn|p2a: Alomomola|Protect\n|move|p1a: Iron Moth|Energy Ball|p2a: Alomomola\n|-activate|p2a: Alomomola|move: Protect\n|\n|upkeep\n|turn|20\n|\n|t:|1700066660\n|switch|p2a: Cloyster|Cloyster, F|100\/100\n|-damage|p2a: Cloyster|76\/100|[from] Stealth Rock\n|move|p1a: Iron Moth|Energy Ball|p2a: Cloyster\n|-supereffective|p2a: Cloyster\n|-damage|p2a: Cloyster|0 fnt\n|faint|p2a: Cloyster\n|\n|upkeep\n|\n|t:|1700066665\n|switch|p2a: Magnezone|Magnezone|100\/100\n|turn|21\n|\n|t:|1700066678\n|move|p1a: Iron Moth|Substitute|p1a: Iron Moth\n|-start|p1a: Iron Moth|Substitute\n|-damage|p1a: Iron Moth|59\/100\n|move|p2a: Magnezone|Mirror Coat||[still]\n|-fail|p2a: Magnezone\n|\n|upkeep\n|turn|22\n|\n|t:|1700066684\n|move|p1a: Iron Moth|Fiery Dance|p2a: Magnezone\n|-supereffective|p2a: Magnezone\n|-ability|p2a: Magnezone|Sturdy\n|-damage|p2a: Magnezone|1\/100\n|move|p2a: Magnezone|Volt Switch|p1a: Iron Moth\n|-end|p1a: Iron Moth|Substitute\n|\n|t:|1700066689\n|switch|p2a: Alomomola|Alomomola, M|67\/100|[from] Volt Switch\n|\n|upkeep\n|turn|23\n|\n|t:|1700066696\n|move|p1a: Iron Moth|Energy Ball|p2a: Alomomola\n|-supereffective|p2a: Alomomola\n|-damage|p2a: Alomomola|0 fnt\n|faint|p2a: Alomomola\n|\n|upkeep\n|\n|t:|1700066699\n|switch|p2a: Forretress|Forretress, M|100\/100\n|turn|24\n|\n|t:|1700066706\n|move|p1a: Iron Moth|Fiery Dance|p2a: Forretress\n|-supereffective|p2a: Forretress\n|-crit|p2a: Forretress\n|-ability|p2a: Forretress|Sturdy\n|-damage|p2a: Forretress|1\/100\n|-boost|p1a: Iron Moth|spa|1\n|move|p2a: Forretress|Rapid Spin|p1a: Iron Moth\n|-damage|p1a: Iron Moth|39\/100\n|-boost|p2a: Forretress|spe|1\n|-sideend|p2: imnotgrate|Stealth Rock|[from] move: Rapid Spin|[of] p2a: Forretress\n|\n|upkeep\n|turn|25\n|\n|t:|1700066718\n|move|p1a: Iron Moth|Fiery Dance|p2a: Forretress\n|-supereffective|p2a: Forretress\n|-damage|p2a: Forretress|0 fnt\n|faint|p2a: Forretress\n|\n|upkeep\n|\n|t:|1700066721\n|switch|p2a: Tyranitar|Tyranitar, M, tera:Flying|100\/100\n|-ability|p2a: Tyranitar|Unnerve\n|turn|26\n|\n|t:|1700066730\n|move|p1a: Iron Moth|Sludge Wave|p2a: Tyranitar\n|-damage|p2a: Tyranitar|25\/100\n|-status|p2a: Tyranitar|psn\n|move|p2a: Tyranitar|Earthquake|p1a: Iron Moth\n|-supereffective|p1a: Iron Moth\n|-crit|p1a: Iron Moth\n|-damage|p1a: Iron Moth|0 fnt\n|faint|p1a: Iron Moth\n|-end|p1a: Iron Moth|Quark Drive|[silent]\n|\n|-damage|p2a: Tyranitar|13\/100 psn|[from] psn\n|upkeep\n|\n|t:|1700066739\n|switch|p1a: Dragonite|Dragonite, F|80\/100\n|turn|27\n|\n|t:|1700066745\n|move|p1a: Dragonite|Roost|p1a: Dragonite\n|-heal|p1a: Dragonite|100\/100\n|-singleturn|p1a: Dragonite|move: Roost\n|move|p2a: Tyranitar|Dragon Dance|p2a: Tyranitar\n|-boost|p2a: Tyranitar|atk|1\n|-boost|p2a: Tyranitar|spe|1\n|\n|-damage|p2a: Tyranitar|1\/100 psn|[from] psn\n|upkeep\n|turn|28\n|\n|t:|1700066752\n|move|p1a: Dragonite|Extreme Speed|p2a: Tyranitar\n|-damage|p2a: Tyranitar|0 fnt\n|faint|p2a: Tyranitar\n|\n|upkeep\n|\n|t:|1700066754\n|switch|p2a: Magnezone|Magnezone|1\/100\n|turn|29\n|\n|t:|1700066759\n|move|p1a: Dragonite|Extreme Speed|p2a: Magnezone\n|-resisted|p2a: Magnezone\n|-damage|p2a: Magnezone|0 fnt\n|faint|p2a: Magnezone\n|\n|win|Isaayzin\n|raw|Isaayzin's rating: 1203 &rarr; <strong>1225<\/strong><br \/>(+22 for winning)\n|raw|imnotgrate's rating: 1165 &rarr; <strong>1143<\/strong><br \/>(-22 for losing)\n","uploadtime":1700066767,"views":7,"p1id":"isaayzin","p2id":"imnotgrate","formatid":"gen9ou","rating":1143,"private":0,"password":""}