{"id":"gen9ou-1992718816","p1":"jerry0616","p2":"tyecameo","format":"[Gen 9] OU","log":"|j|\u2606jerry0616\n|j|\u2606tyecameo\n|t:|1700228797\n|gametype|singles\n|player|p1|jerry0616|benga|1067\n|player|p2|tyecameo|shadowtriad|1086\n|teamsize|p1|6\n|teamsize|p2|6\n|gen|9\n|tier|[Gen 9] OU\n|rated|\n|rule|Sleep Clause Mod: Limit one foe put to sleep\n|rule|Species Clause: Limit one of each Pok\u00e9mon\n|rule|OHKO Clause: OHKO moves are banned\n|rule|Evasion Items Clause: Evasion items are banned\n|rule|Evasion Moves Clause: Evasion moves are banned\n|rule|Endless Battle Clause: Forcing endless battles is banned\n|rule|HP Percentage Mod: HP is shown in percentages\n|clearpoke\n|poke|p1|Hatterene, F|\n|poke|p1|Milotic, F|\n|poke|p1|Staraptor, M|\n|poke|p1|Conkeldurr, M|\n|poke|p1|Charizard, M|\n|poke|p1|Haxorus, M|\n|poke|p2|Great Tusk|\n|poke|p2|Cinderace, F|\n|poke|p2|Meowscarada, F|\n|poke|p2|Iron Valiant|\n|poke|p2|Garchomp, M|\n|poke|p2|Zapdos|\n|teampreview\n|\n|t:|1700228810\n|start\n|switch|p1a: Hatterene|Hatterene, F|100\/100\n|switch|p2a: Zapdos|Zapdos|100\/100\n|-ability|p2a: Zapdos|Pressure\n|turn|1\n|\n|t:|1700228844\n|move|p2a: Zapdos|Volt Switch|p1a: Hatterene\n|-damage|p1a: Hatterene|68\/100\n|\n|t:|1700228859\n|switch|p2a: Garchomp|Garchomp, M, shiny|100\/100|[from] Volt Switch\n|move|p1a: Hatterene|Calm Mind|p1a: Hatterene\n|-boost|p1a: Hatterene|spa|1\n|-boost|p1a: Hatterene|spd|1\n|\n|upkeep\n|turn|2\n|\n|t:|1700228867\n|move|p2a: Garchomp|Iron Head|p1a: Hatterene\n|-supereffective|p1a: Hatterene\n|-damage|p1a: Hatterene|16\/100\n|-enditem|p1a: Hatterene|Kee Berry|[eat]\n|-boost|p1a: Hatterene|def|1|[from] item: Kee Berry\n|cant|p1a: Hatterene|flinch\n|\n|upkeep\n|turn|3\n|\n|t:|1700228875\n|move|p2a: Garchomp|Iron Head|p1a: Hatterene\n|-supereffective|p1a: Hatterene\n|-damage|p1a: Hatterene|0 fnt\n|faint|p1a: Hatterene\n|\n|upkeep\n|\n|t:|1700228888\n|switch|p1a: Milotic|Milotic, F|100\/100\n|turn|4\n|\n|t:|1700228894\n|switch|p2a: Zapdos|Zapdos|100\/100\n|-ability|p2a: Zapdos|Pressure\n|move|p1a: Milotic|Ice Beam|p2a: Zapdos\n|-supereffective|p2a: Zapdos\n|-damage|p2a: Zapdos|41\/100\n|\n|upkeep\n|turn|5\n|\n|t:|1700228903\n|switch|p1a: Conkeldurr|Conkeldurr, M|100\/100\n|move|p2a: Zapdos|Volt Switch|p1a: Conkeldurr\n|-damage|p1a: Conkeldurr|59\/100\n|\n|t:|1700228915\n|switch|p2a: Great Tusk|Great Tusk|100\/100|[from] Volt Switch\n|-enditem|p2a: Great Tusk|Booster Energy\n|-activate|p2a: Great Tusk|ability: Protosynthesis|[fromitem]\n|-start|p2a: Great Tusk|protosynthesisatk\n|\n|-status|p1a: Conkeldurr|brn|[from] item: Flame Orb\n|upkeep\n|turn|6\n|\n|t:|1700228924\n|move|p2a: Great Tusk|Close Combat|p1a: Conkeldurr\n|-damage|p1a: Conkeldurr|0 fnt\n|-unboost|p2a: Great Tusk|def|1\n|-unboost|p2a: Great Tusk|spd|1\n|faint|p1a: Conkeldurr\n|\n|upkeep\n|\n|t:|1700228931\n|switch|p1a: Milotic|Milotic, F|100\/100\n|turn|7\n|\n|t:|1700228940\n|move|p2a: Great Tusk|Earthquake|p1a: Milotic\n|-damage|p1a: Milotic|32\/100\n|move|p1a: Milotic|Scald|p2a: Great Tusk\n|-supereffective|p2a: Great Tusk\n|-damage|p2a: Great Tusk|0 fnt\n|faint|p2a: Great Tusk\n|-end|p2a: Great Tusk|Protosynthesis|[silent]\n|\n|-heal|p1a: Milotic|38\/100|[from] item: Leftovers\n|upkeep\n|\n|t:|1700228951\n|switch|p2a: Zapdos|Zapdos|41\/100\n|-ability|p2a: Zapdos|Pressure\n|turn|8\n|\n|t:|1700228959\n|-terastallize|p1a: Milotic|Dragon\n|move|p2a: Zapdos|Thunderbolt|p1a: Milotic\n|-resisted|p1a: Milotic\n|-damage|p1a: Milotic|21\/100\n|move|p1a: Milotic|Recover|p1a: Milotic\n|-heal|p1a: Milotic|71\/100\n|\n|-heal|p1a: Milotic|78\/100|[from] item: Leftovers\n|upkeep\n|turn|9\n|\n|t:|1700228971\n|move|p2a: Zapdos|Hurricane|p1a: Milotic|[miss]\n|-miss|p2a: Zapdos|p1a: Milotic\n|move|p1a: Milotic|Ice Beam|p2a: Zapdos\n|-supereffective|p2a: Zapdos\n|-damage|p2a: Zapdos|0 fnt\n|faint|p2a: Zapdos\n|\n|-heal|p1a: Milotic|84\/100|[from] item: Leftovers\n|upkeep\n|\n|t:|1700228984\n|switch|p2a: Garchomp|Garchomp, M, shiny|100\/100\n|turn|10\n|\n|t:|1700228987\n|move|p2a: Garchomp|Dragon Claw|p1a: Milotic\n|-supereffective|p1a: Milotic\n|-crit|p1a: Milotic\n|-damage|p1a: Milotic|0 fnt\n|faint|p1a: Milotic\n|\n|upkeep\n|\n|t:|1700228994\n|switch|p1a: Haxorus|Haxorus, M|100\/100\n|-ability|p1a: Haxorus|Mold Breaker\n|turn|11\n|\n|t:|1700229000\n|move|p2a: Garchomp|Dragon Claw|p1a: Haxorus\n|-supereffective|p1a: Haxorus\n|-damage|p1a: Haxorus|10\/100\n|move|p1a: Haxorus|Dragon Dance|p1a: Haxorus\n|-boost|p1a: Haxorus|atk|1\n|-boost|p1a: Haxorus|spe|1\n|\n|upkeep\n|turn|12\n|\n|t:|1700229008\n|-terastallize|p2a: Garchomp|Steel\n|move|p1a: Haxorus|Dragon Claw|p2a: Garchomp\n|-resisted|p2a: Garchomp\n|-damage|p2a: Garchomp|71\/100\n|-damage|p1a: Haxorus|0 fnt|[from] ability: Rough Skin|[of] p2a: Garchomp\n|faint|p1a: Haxorus\n|move|p2a: Garchomp|Iron Head|p1: Haxorus|[notarget]\n|-fail|p2a: Garchomp\n|\n|upkeep\n|\n|t:|1700229018\n|switch|p1a: Charizard|Charizard, M, shiny|100\/100\n|turn|13\n|\n|t:|1700229023\n|move|p2a: Garchomp|Liquidation|p1a: Charizard\n|-supereffective|p1a: Charizard\n|-crit|p1a: Charizard\n|-damage|p1a: Charizard|0 fnt\n|faint|p1a: Charizard\n|\n|upkeep\n|\n|t:|1700229029\n|switch|p1a: Staraptor|Staraptor, M|100\/100\n|turn|14\n|-message|jerry0616 forfeited.\n|\n|win|tyecameo\n|raw|jerry0616's rating: 1067 &rarr; <strong>1048<\/strong><br \/>(-19 for losing)\n|raw|tyecameo's rating: 1086 &rarr; <strong>1112<\/strong><br \/>(+26 for winning)\n|l|\u2606jerry0616\n","uploadtime":1700229035,"views":23,"p1id":"jerry0616","p2id":"tyecameo","formatid":"gen9ou","rating":1048,"private":0,"password":""}