{"id":"gen9ou-1999644587","p1":"4arms67","p2":"Vixen 4 Life","format":"[Gen 9] OU","log":"|j|\u26064arms67\n|j|\u2606Vixen 4 Life\n|t:|1701104061\n|gametype|singles\n|player|p1|4arms67|266|1368\n|player|p2|Vixen 4 Life|penny|1316\n|teamsize|p1|6\n|teamsize|p2|6\n|gen|9\n|tier|[Gen 9] OU\n|rated|\n|rule|Sleep Clause Mod: Limit one foe put to sleep\n|rule|Species Clause: Limit one of each Pok\u00e9mon\n|rule|OHKO Clause: OHKO moves are banned\n|rule|Evasion Items Clause: Evasion items are banned\n|rule|Evasion Moves Clause: Evasion moves are banned\n|rule|Endless Battle Clause: Forcing endless battles is banned\n|rule|HP Percentage Mod: HP is shown in percentages\n|clearpoke\n|poke|p1|Samurott-Hisui, M|\n|poke|p1|Pelipper, F|\n|poke|p1|Thundurus-Therian, M|\n|poke|p1|Barraskewda, M|\n|poke|p1|Scizor, M|\n|poke|p1|Poliwrath, F|\n|poke|p2|Toxapex, F|\n|poke|p2|Clodsire, F|\n|poke|p2|Corviknight, M|\n|poke|p2|Skeledirge, F|\n|poke|p2|Clefable, F|\n|poke|p2|Ting-Lu|\n|teampreview\n|\n|t:|1701104072\n|start\n|switch|p1a: Pelipper|Pelipper, F|100\/100\n|switch|p2a: Clefable|Clefable, F|100\/100\n|-weather|RainDance|[from] ability: Drizzle|[of] p1a: Pelipper\n|turn|1\n|\n|t:|1701104076\n|switch|p1a: Thundurus|Thundurus-Therian, M|100\/100\n|move|p2a: Clefable|Moonblast|p1a: Thundurus\n|-damage|p1a: Thundurus|38\/100\n|\n|-weather|RainDance|[upkeep]\n|upkeep\n|turn|2\n|\n|t:|1701104100\n|switch|p1a: Scizor|Scizor, M|100\/100\n|switch|p2a: Da Dirtiest Baby|Clodsire, F, shiny|100\/100\n|\n|-weather|RainDance|[upkeep]\n|upkeep\n|turn|3\n|\n|t:|1701104115\n|move|p1a: Scizor|U-turn|p2a: Da Dirtiest Baby\n|-resisted|p2a: Da Dirtiest Baby\n|-damage|p2a: Da Dirtiest Baby|85\/100\n|\n|t:|1701104134\n|switch|p1a: Samurott|Samurott-Hisui, M|100\/100|[from] U-turn\n|move|p2a: Da Dirtiest Baby|Earthquake|p1a: Samurott\n|-damage|p1a: Samurott|59\/100\n|\n|-weather|RainDance|[upkeep]\n|upkeep\n|turn|4\n|\n|t:|1701104141\n|switch|p2a: Ting-Lu Reaction|Ting-Lu|100\/100\n|-ability|p2a: Ting-Lu Reaction|Vessel of Ruin\n|move|p1a: Samurott|Ceaseless Edge|p2a: Ting-Lu Reaction\n|-resisted|p2a: Ting-Lu Reaction\n|-damage|p2a: Ting-Lu Reaction|88\/100\n|-sidestart|p2: Vixen 4 Life|Spikes\n|\n|-weather|RainDance|[upkeep]\n|upkeep\n|turn|5\n|\n|t:|1701104145\n|move|p1a: Samurott|Razor Shell|p2a: Ting-Lu Reaction\n|-supereffective|p2a: Ting-Lu Reaction\n|-damage|p2a: Ting-Lu Reaction|8\/100\n|-unboost|p2a: Ting-Lu Reaction|def|1\n|move|p2a: Ting-Lu Reaction|Earthquake|p1a: Samurott\n|-damage|p1a: Samurott|0 fnt\n|faint|p1a: Samurott\n|\n|-weather|RainDance|[upkeep]\n|upkeep\n|\n|t:|1701104149\n|switch|p1a: Scizor|Scizor, M|100\/100\n|turn|6\n|\n|t:|1701104151\n|move|p1a: Scizor|U-turn|p2a: Ting-Lu Reaction\n|-supereffective|p2a: Ting-Lu Reaction\n|-damage|p2a: Ting-Lu Reaction|0 fnt\n|faint|p2a: Ting-Lu Reaction\n|\n|t:|1701104156\n|switch|p1a: Barraskewda|Barraskewda, M|100\/100|[from] U-turn\n|\n|-weather|RainDance|[upkeep]\n|upkeep\n|\n|t:|1701104161\n|switch|p2a: Sir Typhoon|Corviknight, M, shiny|100\/100\n|turn|7\n|\n|t:|1701104166\n|switch|p2a: Da Dirtiest Baby|Clodsire, F, shiny|85\/100\n|move|p1a: Barraskewda|Liquidation|p2a: Da Dirtiest Baby\n|-heal|p2a: Da Dirtiest Baby|100\/100|[from] ability: Water Absorb|[of] p1a: Barraskewda\n|\n|-weather|RainDance|[upkeep]\n|upkeep\n|turn|8\n|\n|t:|1701104172\n|switch|p1a: Scizor|Scizor, M|100\/100\n|move|p2a: Da Dirtiest Baby|Curse|p2a: Da Dirtiest Baby\n|-unboost|p2a: Da Dirtiest Baby|spe|1\n|-boost|p2a: Da Dirtiest Baby|atk|1\n|-boost|p2a: Da Dirtiest Baby|def|1\n|\n|-weather|none\n|upkeep\n|turn|9\n|\n|t:|1701104182\n|switch|p1a: Barraskewda|Barraskewda, M|100\/100\n|move|p2a: Da Dirtiest Baby|Liquidation|p1a: Barraskewda\n|-resisted|p1a: Barraskewda\n|-damage|p1a: Barraskewda|74\/100\n|\n|upkeep\n|turn|10\n|\n|t:|1701104186\n|-terastallize|p2a: Da Dirtiest Baby|Dark\n|move|p1a: Barraskewda|Psychic Fangs|p2a: Da Dirtiest Baby\n|-immune|p2a: Da Dirtiest Baby\n|move|p2a: Da Dirtiest Baby|Curse|p2a: Da Dirtiest Baby\n|-unboost|p2a: Da Dirtiest Baby|spe|1\n|-boost|p2a: Da Dirtiest Baby|atk|1\n|-boost|p2a: Da Dirtiest Baby|def|1\n|\n|upkeep\n|turn|11\n|\n|t:|1701104190\n|switch|p1a: Pelipper|Pelipper, F|100\/100\n|-weather|RainDance|[from] ability: Drizzle|[of] p1a: Pelipper\n|move|p2a: Da Dirtiest Baby|Curse|p2a: Da Dirtiest Baby\n|-unboost|p2a: Da Dirtiest Baby|spe|1\n|-boost|p2a: Da Dirtiest Baby|atk|1\n|-boost|p2a: Da Dirtiest Baby|def|1\n|\n|-weather|RainDance|[upkeep]\n|upkeep\n|turn|12\n|\n|t:|1701104193\n|move|p1a: Pelipper|U-turn|p2a: Da Dirtiest Baby\n|-supereffective|p2a: Da Dirtiest Baby\n|-damage|p2a: Da Dirtiest Baby|94\/100\n|\n|t:|1701104195\n|switch|p1a: Poliwrath|Poliwrath, F|100\/100|[from] U-turn\n|move|p2a: Da Dirtiest Baby|Liquidation|p1a: Poliwrath\n|-resisted|p1a: Poliwrath\n|-damage|p1a: Poliwrath|64\/100\n|\n|-weather|RainDance|[upkeep]\n|upkeep\n|turn|13\n|\n|t:|1701104200\n|move|p1a: Poliwrath|Drain Punch|p2a: Da Dirtiest Baby\n|-supereffective|p2a: Da Dirtiest Baby\n|-damage|p2a: Da Dirtiest Baby|74\/100\n|-heal|p1a: Poliwrath|78\/100|[from] drain|[of] p2a: Da Dirtiest Baby\n|move|p2a: Da Dirtiest Baby|Earthquake|p1a: Poliwrath\n|-damage|p1a: Poliwrath|0 fnt\n|faint|p1a: Poliwrath\n|\n|-weather|RainDance|[upkeep]\n|upkeep\n|\n|t:|1701104207\n|switch|p1a: Barraskewda|Barraskewda, M|74\/100\n|turn|14\n|\n|t:|1701104208\n|move|p1a: Barraskewda|Close Combat|p2a: Da Dirtiest Baby\n|-supereffective|p2a: Da Dirtiest Baby\n|-damage|p2a: Da Dirtiest Baby|31\/100\n|-unboost|p1a: Barraskewda|def|1\n|-unboost|p1a: Barraskewda|spd|1\n|move|p2a: Da Dirtiest Baby|Recover|p2a: Da Dirtiest Baby\n|-heal|p2a: Da Dirtiest Baby|81\/100\n|\n|-weather|RainDance|[upkeep]\n|upkeep\n|turn|15\n|\n|t:|1701104216\n|move|p1a: Barraskewda|Close Combat|p2a: Da Dirtiest Baby\n|-supereffective|p2a: Da Dirtiest Baby\n|-crit|p2a: Da Dirtiest Baby\n|-damage|p2a: Da Dirtiest Baby|0 fnt\n|-unboost|p1a: Barraskewda|def|1\n|-unboost|p1a: Barraskewda|spd|1\n|faint|p2a: Da Dirtiest Baby\n|\n|-weather|RainDance|[upkeep]\n|upkeep\n|\n|t:|1701104219\n|switch|p2a: El Cantante|Skeledirge, F, shiny|100\/100\n|-damage|p2a: El Cantante|88\/100|[from] Spikes\n|turn|16\n|\n|t:|1701104222\n|switch|p1a: Pelipper|Pelipper, F|100\/100\n|move|p2a: El Cantante|Torch Song|p1a: Pelipper\n|-resisted|p1a: Pelipper\n|-damage|p1a: Pelipper|89\/100\n|-boost|p2a: El Cantante|spa|1\n|\n|-weather|RainDance|[upkeep]\n|-heal|p2a: El Cantante|94\/100|[from] item: Leftovers\n|upkeep\n|turn|17\n|\n|t:|1701104225\n|move|p2a: El Cantante|Torch Song|p1a: Pelipper\n|-resisted|p1a: Pelipper\n|-damage|p1a: Pelipper|70\/100\n|-boost|p2a: El Cantante|spa|1\n|move|p1a: Pelipper|Surf|p2a: El Cantante\n|-supereffective|p2a: El Cantante\n|-damage|p2a: El Cantante|0 fnt\n|faint|p2a: El Cantante\n|\n|-weather|RainDance|[upkeep]\n|upkeep\n|\n|t:|1701104228\n|switch|p2a: Clefable|Clefable, F|100\/100\n|turn|18\n|\n|t:|1701104231\n|switch|p1a: Scizor|Scizor, M|100\/100\n|move|p2a: Clefable|Moonblast|p1a: Scizor\n|-resisted|p1a: Scizor\n|-damage|p1a: Scizor|71\/100\n|-unboost|p1a: Scizor|spa|1\n|\n|-weather|none\n|upkeep\n|turn|19\n|\n|t:|1701104234\n|move|p1a: Scizor|Bullet Punch|p2a: Clefable\n|-supereffective|p2a: Clefable\n|-damage|p2a: Clefable|32\/100\n|move|p2a: Clefable|Flamethrower|p1a: Scizor\n|-supereffective|p1a: Scizor\n|-damage|p1a: Scizor|0 fnt\n|faint|p1a: Scizor\n|\n|upkeep\n|\n|t:|1701104239\n|switch|p1a: Barraskewda|Barraskewda, M|74\/100\n|turn|20\n|\n|t:|1701104243\n|move|p1a: Barraskewda|Flip Turn|p2a: Clefable\n|-damage|p2a: Clefable|0 fnt\n|faint|p2a: Clefable\n|\n|t:|1701104247\n|switch|p1a: Pelipper|Pelipper, F|70\/100|[from] Flip Turn\n|-weather|RainDance|[from] ability: Drizzle|[of] p1a: Pelipper\n|\n|-weather|RainDance|[upkeep]\n|upkeep\n|\n|t:|1701104253\n|switch|p2a: Sir Typhoon|Corviknight, M, shiny|100\/100\n|turn|21\n|\n|t:|1701104256\n|move|p2a: Sir Typhoon|Bulk Up|p2a: Sir Typhoon\n|-boost|p2a: Sir Typhoon|atk|1\n|-boost|p2a: Sir Typhoon|def|1\n|move|p1a: Pelipper|Surf|p2a: Sir Typhoon\n|-damage|p2a: Sir Typhoon|69\/100\n|\n|-weather|RainDance|[upkeep]\n|-heal|p2a: Sir Typhoon|75\/100|[from] item: Leftovers\n|upkeep\n|turn|22\n|\n|t:|1701104260\n|move|p2a: Sir Typhoon|Roost|p2a: Sir Typhoon\n|-heal|p2a: Sir Typhoon|100\/100\n|-singleturn|p2a: Sir Typhoon|move: Roost\n|move|p1a: Pelipper|U-turn|p2a: Sir Typhoon\n|-resisted|p2a: Sir Typhoon\n|-damage|p2a: Sir Typhoon|98\/100\n|\n|t:|1701104261\n|switch|p1a: Thundurus|Thundurus-Therian, M|38\/100|[from] U-turn\n|\n|-weather|RainDance|[upkeep]\n|-heal|p2a: Sir Typhoon|100\/100|[from] item: Leftovers\n|upkeep\n|turn|23\n|\n|t:|1701104264\n|move|p1a: Thundurus|Volt Switch|p2a: Sir Typhoon\n|-supereffective|p2a: Sir Typhoon\n|-damage|p2a: Sir Typhoon|40\/100\n|\n|t:|1701104268\n|switch|p1a: Pelipper|Pelipper, F|70\/100|[from] Volt Switch\n|move|p2a: Sir Typhoon|Power Trip|p1a: Pelipper\n|-damage|p1a: Pelipper|54\/100\n|\n|-weather|RainDance|[upkeep]\n|-heal|p2a: Sir Typhoon|46\/100|[from] item: Leftovers\n|upkeep\n|turn|24\n|\n|t:|1701104271\n|move|p2a: Sir Typhoon|Roost|p2a: Sir Typhoon\n|-heal|p2a: Sir Typhoon|96\/100\n|-singleturn|p2a: Sir Typhoon|move: Roost\n|move|p1a: Pelipper|U-turn|p2a: Sir Typhoon\n|-resisted|p2a: Sir Typhoon\n|-damage|p2a: Sir Typhoon|93\/100\n|\n|t:|1701104272\n|switch|p1a: Thundurus|Thundurus-Therian, M|38\/100|[from] U-turn\n|\n|-weather|RainDance|[upkeep]\n|-heal|p2a: Sir Typhoon|99\/100|[from] item: Leftovers\n|upkeep\n|turn|25\n|\n|t:|1701104277\n|move|p1a: Thundurus|Thunder|p2a: Sir Typhoon\n|-supereffective|p2a: Sir Typhoon\n|-damage|p2a: Sir Typhoon|8\/100\n|move|p2a: Sir Typhoon|Power Trip|p1a: Thundurus\n|-damage|p1a: Thundurus|8\/100\n|\n|-weather|RainDance|[upkeep]\n|-heal|p2a: Sir Typhoon|15\/100|[from] item: Leftovers\n|upkeep\n|turn|26\n|\n|t:|1701104283\n|move|p1a: Thundurus|Thunder|p2a: Sir Typhoon\n|-supereffective|p2a: Sir Typhoon\n|-damage|p2a: Sir Typhoon|0 fnt\n|faint|p2a: Sir Typhoon\n|\n|-weather|RainDance|[upkeep]\n|upkeep\n|\n|t:|1701104284\n|switch|p2a: Pex-A-Plex|Toxapex, F, shiny|100\/100\n|-damage|p2a: Pex-A-Plex|88\/100|[from] Spikes\n|turn|27\n|\n|t:|1701104286\n|move|p1a: Thundurus|Thunder|p2a: Pex-A-Plex\n|-supereffective|p2a: Pex-A-Plex\n|-damage|p2a: Pex-A-Plex|0 fnt\n|faint|p2a: Pex-A-Plex\n|\n|win|4arms67\n|raw|4arms67's rating: 1368 &rarr; <strong>1385<\/strong><br \/>(+17 for winning)\n|raw|Vixen 4 Life's rating: 1316 &rarr; <strong>1299<\/strong><br \/>(-17 for losing)\n","uploadtime":1701104289,"views":2,"p1id":"4arms67","p2id":"vixen4life","formatid":"gen9ou","rating":1299,"private":0,"password":""}