{"id":"gen9ou-1994678809","p1":"Kaegun","p2":"keysunev","format":"[Gen 9] OU","log":"|j|\u2606Kaegun\n|j|\u2606keysunev\n|t:|1700479858\n|gametype|singles\n|player|p1|Kaegun|ultraforestkartenvoy|1231\n|player|p2|keysunev|aromalady|1247\n|teamsize|p1|6\n|teamsize|p2|6\n|gen|9\n|tier|[Gen 9] OU\n|rated|\n|rule|Sleep Clause Mod: Limit one foe put to sleep\n|rule|Species Clause: Limit one of each Pok\u00e9mon\n|rule|OHKO Clause: OHKO moves are banned\n|rule|Evasion Items Clause: Evasion items are banned\n|rule|Evasion Moves Clause: Evasion moves are banned\n|rule|Endless Battle Clause: Forcing endless battles is banned\n|rule|HP Percentage Mod: HP is shown in percentages\n|clearpoke\n|poke|p1|Hydreigon, M|\n|poke|p1|Gholdengo|\n|poke|p1|Rillaboom, M|\n|poke|p1|Zapdos|\n|poke|p1|Slowking-Galar, F|\n|poke|p1|Iron Valiant|\n|poke|p2|Iron Treads|\n|poke|p2|Dragapult, F|\n|poke|p2|Grimmsnarl, M|\n|poke|p2|Dragonite, F|\n|poke|p2|Skeledirge, F|\n|poke|p2|Samurott-Hisui, M|\n|teampreview\n|inactive|Battle timer is ON: inactive players will automatically lose when time's up. (requested by Kaegun)\n|\n|t:|1700479873\n|start\n|switch|p1a: Rillaboom|Rillaboom, M|100\/100\n|switch|p2a: Iron Treads|Iron Treads|100\/100\n|-fieldstart|move: Grassy Terrain|[from] ability: Grassy Surge|[of] p1a: Rillaboom\n|-enditem|p2a: Iron Treads|Booster Energy\n|-activate|p2a: Iron Treads|ability: Quark Drive|[fromitem]\n|-start|p2a: Iron Treads|quarkdrivespe\n|turn|1\n|\n|t:|1700479887\n|move|p2a: Iron Treads|Knock Off|p1a: Rillaboom\n|-crit|p1a: Rillaboom\n|-damage|p1a: Rillaboom|52\/100\n|-enditem|p1a: Rillaboom|Choice Band|[from] move: Knock Off|[of] p2a: Iron Treads\n|move|p1a: Rillaboom|Knock Off|p2a: Iron Treads\n|-damage|p2a: Iron Treads|79\/100\n|\n|-heal|p2a: Iron Treads|85\/100|[from] Grassy Terrain\n|-heal|p1a: Rillaboom|58\/100|[from] Grassy Terrain\n|upkeep\n|turn|2\n|\n|t:|1700479899\n|switch|p1a: Zapdos|Zapdos|100\/100\n|move|p2a: Iron Treads|Stealth Rock|p1a: Zapdos\n|-sidestart|p1: Kaegun|move: Stealth Rock\n|\n|-heal|p2a: Iron Treads|91\/100|[from] Grassy Terrain\n|upkeep\n|turn|3\n|\n|t:|1700479907\n|move|p2a: Iron Treads|Knock Off|p1a: Zapdos\n|-damage|p1a: Zapdos|75\/100\n|-enditem|p1a: Zapdos|Heavy-Duty Boots|[from] move: Knock Off|[of] p2a: Iron Treads\n|move|p1a: Zapdos|Hurricane|p2a: Iron Treads\n|-resisted|p2a: Iron Treads\n|-crit|p2a: Iron Treads\n|-damage|p2a: Iron Treads|46\/100\n|\n|-heal|p2a: Iron Treads|53\/100|[from] Grassy Terrain\n|upkeep\n|turn|4\n|\n|t:|1700479921\n|move|p2a: Iron Treads|Rapid Spin|p1a: Zapdos\n|-damage|p1a: Zapdos|60\/100\n|-boost|p2a: Iron Treads|spe|1\n|-status|p2a: Iron Treads|par|[from] ability: Static|[of] p1a: Zapdos\n|move|p1a: Zapdos|Hurricane|p2a: Iron Treads\n|-resisted|p2a: Iron Treads\n|-damage|p2a: Iron Treads|20\/100 par\n|\n|-heal|p2a: Iron Treads|26\/100 par|[from] Grassy Terrain\n|upkeep\n|turn|5\n|\n|t:|1700479932\n|cant|p2a: Iron Treads|par\n|move|p1a: Zapdos|Roost|p1a: Zapdos\n|-heal|p1a: Zapdos|100\/100\n|-singleturn|p1a: Zapdos|move: Roost\n|\n|-heal|p2a: Iron Treads|32\/100 par|[from] Grassy Terrain\n|-fieldend|move: Grassy Terrain\n|upkeep\n|turn|6\n|\n|t:|1700479942\n|move|p2a: Iron Treads|Stealth Rock||[still]\n|-fail|p2a: Iron Treads\n|move|p1a: Zapdos|Hurricane|p2a: Iron Treads|[miss]\n|-miss|p1a: Zapdos|p2a: Iron Treads\n|\n|upkeep\n|turn|7\n|\n|t:|1700479950\n|cant|p2a: Iron Treads|par\n|move|p1a: Zapdos|Hurricane|p2a: Iron Treads\n|-resisted|p2a: Iron Treads\n|-damage|p2a: Iron Treads|0 fnt\n|faint|p2a: Iron Treads\n|-end|p2a: Iron Treads|Quark Drive|[silent]\n|\n|upkeep\n|\n|t:|1700479958\n|switch|p2a: Grimmsnarl|Grimmsnarl, M|100\/100\n|turn|8\n|\n|t:|1700479961\n|move|p2a: Grimmsnarl|Light Screen|p2a: Grimmsnarl\n|-sidestart|p2: keysunev|move: Light Screen\n|move|p1a: Zapdos|Thunder Wave|p2a: Grimmsnarl\n|-status|p2a: Grimmsnarl|par\n|\n|upkeep\n|turn|9\n|\n|t:|1700479968\n|move|p2a: Grimmsnarl|Reflect|p2a: Grimmsnarl\n|-sidestart|p2: keysunev|Reflect\n|move|p1a: Zapdos|Volt Switch|p2a: Grimmsnarl\n|-damage|p2a: Grimmsnarl|85\/100 par\n|\n|t:|1700479971\n|switch|p1a: Slowking|Slowking-Galar, F|100\/100|[from] Volt Switch\n|\n|upkeep\n|turn|10\n|\n|t:|1700479977\n|move|p2a: Grimmsnarl|Taunt|p1a: Slowking\n|-start|p1a: Slowking|move: Taunt\n|cant|p1a: Slowking|move: Taunt|Toxic Spikes\n|\n|upkeep\n|turn|11\n|\n|t:|1700479983\n|cant|p2a: Grimmsnarl|par\n|move|p1a: Slowking|Sludge Bomb|p2a: Grimmsnarl\n|-supereffective|p2a: Grimmsnarl\n|-damage|p2a: Grimmsnarl|50\/100 par\n|\n|upkeep\n|turn|12\n|\n|t:|1700479989\n|move|p2a: Grimmsnarl|Parting Shot|p1a: Slowking\n|-unboost|p1a: Slowking|atk|1\n|-unboost|p1a: Slowking|spa|1\n|\n|t:|1700480001\n|switch|p2a: Dragonite|Dragonite, F|100\/100|[from] Parting Shot\n|move|p1a: Slowking|Future Sight|p2a: Dragonite\n|-start|p1a: Slowking|move: Future Sight\n|\n|-end|p1a: Slowking|move: Taunt\n|upkeep\n|turn|13\n|\n|t:|1700480009\n|move|p2a: Dragonite|Dragon Dance|p2a: Dragonite\n|-boost|p2a: Dragonite|atk|1\n|-boost|p2a: Dragonite|spe|1\n|move|p1a: Slowking|Chilly Reception|p1a: Slowking\n|-weather|Snow\n|\n|t:|1700480013\n|switch|p1a: Zapdos|Zapdos|100\/100|[from] Chilly Reception\n|-damage|p1a: Zapdos|75\/100|[from] Stealth Rock\n|\n|-weather|Snow|[upkeep]\n|upkeep\n|turn|14\n|\n|t:|1700480024\n|move|p2a: Dragonite|Ice Spinner|p1a: Zapdos\n|-supereffective|p1a: Zapdos\n|-damage|p1a: Zapdos|0 fnt\n|faint|p1a: Zapdos\n|\n|-weather|Snow|[upkeep]\n|-end|p2a: Dragonite|move: Future Sight\n|-damage|p2a: Dragonite|89\/100\n|upkeep\n|\n|t:|1700480040\n|switch|p1a: Gholdengo|Gholdengo|100\/100\n|-damage|p1a: Gholdengo|94\/100|[from] Stealth Rock\n|turn|15\n|\n|t:|1700480048\n|move|p2a: Dragonite|Dragon Dance|p2a: Dragonite\n|-boost|p2a: Dragonite|atk|1\n|-boost|p2a: Dragonite|spe|1\n|move|p1a: Gholdengo|Make It Rain|p2a: Dragonite\n|-damage|p2a: Dragonite|61\/100\n|-unboost|p1a: Gholdengo|spa|1\n|\n|-weather|Snow|[upkeep]\n|-heal|p1a: Gholdengo|100\/100|[from] item: Leftovers\n|-sideend|p2: keysunev|move: Light Screen\n|upkeep\n|turn|16\n|\n|t:|1700480061\n|move|p2a: Dragonite|Dragon Claw|p1a: Gholdengo\n|-resisted|p1a: Gholdengo\n|-damage|p1a: Gholdengo|70\/100\n|move|p1a: Gholdengo|Shadow Ball|p2a: Dragonite\n|-damage|p2a: Dragonite|34\/100\n|\n|-weather|Snow|[upkeep]\n|-heal|p1a: Gholdengo|76\/100|[from] item: Leftovers\n|-sideend|p2: keysunev|Reflect\n|upkeep\n|turn|17\n|\n|t:|1700480072\n|move|p2a: Dragonite|Dragon Claw|p1a: Gholdengo\n|-resisted|p1a: Gholdengo\n|-damage|p1a: Gholdengo|44\/100\n|move|p1a: Gholdengo|Nasty Plot|p1a: Gholdengo\n|-boost|p1a: Gholdengo|spa|2\n|\n|-weather|none\n|-heal|p1a: Gholdengo|50\/100|[from] item: Leftovers\n|upkeep\n|turn|18\n|\n|t:|1700480082\n|move|p2a: Dragonite|Dragon Claw|p1a: Gholdengo\n|-resisted|p1a: Gholdengo\n|-damage|p1a: Gholdengo|20\/100\n|move|p1a: Gholdengo|Recover|p1a: Gholdengo\n|-heal|p1a: Gholdengo|70\/100\n|\n|-heal|p1a: Gholdengo|76\/100|[from] item: Leftovers\n|upkeep\n|turn|19\n|\n|t:|1700480092\n|move|p2a: Dragonite|Dragon Claw|p1a: Gholdengo\n|-resisted|p1a: Gholdengo\n|-damage|p1a: Gholdengo|47\/100\n|move|p1a: Gholdengo|Recover|p1a: Gholdengo\n|-heal|p1a: Gholdengo|97\/100\n|\n|-heal|p1a: Gholdengo|100\/100|[from] item: Leftovers\n|upkeep\n|turn|20\n|\n|t:|1700480102\n|move|p2a: Dragonite|Dragon Claw|p1a: Gholdengo\n|-resisted|p1a: Gholdengo\n|-damage|p1a: Gholdengo|70\/100\n|move|p1a: Gholdengo|Nasty Plot|p1a: Gholdengo\n|-boost|p1a: Gholdengo|spa|2\n|\n|-heal|p1a: Gholdengo|76\/100|[from] item: Leftovers\n|upkeep\n|turn|21\n|\n|t:|1700480111\n|move|p2a: Dragonite|Extreme Speed|p1a: Gholdengo\n|-immune|p1a: Gholdengo\n|move|p1a: Gholdengo|Recover|p1a: Gholdengo\n|-heal|p1a: Gholdengo|100\/100\n|\n|upkeep\n|turn|22\n|\n|t:|1700480119\n|move|p2a: Dragonite|Dragon Claw|p1a: Gholdengo\n|-resisted|p1a: Gholdengo\n|-damage|p1a: Gholdengo|70\/100\n|move|p1a: Gholdengo|Shadow Ball|p2a: Dragonite\n|-damage|p2a: Dragonite|0 fnt\n|faint|p2a: Dragonite\n|\n|-heal|p1a: Gholdengo|76\/100|[from] item: Leftovers\n|upkeep\n|\n|t:|1700480135\n|switch|p2a: Samurott|Samurott-Hisui, M|100\/100\n|turn|23\n|\n|t:|1700480144\n|-terastallize|p1a: Gholdengo|Fairy\n|move|p2a: Samurott|Ceaseless Edge|p1a: Gholdengo\n|-resisted|p1a: Gholdengo\n|-damage|p1a: Gholdengo|60\/100\n|-sidestart|p1: Kaegun|Spikes\n|move|p1a: Gholdengo|Shadow Ball|p2a: Samurott\n|-resisted|p2a: Samurott\n|-damage|p2a: Samurott|38\/100\n|-unboost|p2a: Samurott|spd|1\n|\n|-heal|p2a: Samurott|45\/100|[from] item: Leftovers\n|-heal|p1a: Gholdengo|66\/100|[from] item: Leftovers\n|upkeep\n|turn|24\n|\n|t:|1700480161\n|move|p2a: Samurott|Flip Turn|p1a: Gholdengo\n|-damage|p1a: Gholdengo|47\/100\n|\n|t:|1700480180\n|switch|p2a: Grimmsnarl|Grimmsnarl, M|50\/100 par|[from] Flip Turn\n|move|p1a: Gholdengo|Recover|p1a: Gholdengo\n|-heal|p1a: Gholdengo|97\/100\n|\n|-heal|p1a: Gholdengo|100\/100|[from] item: Leftovers\n|upkeep\n|turn|25\n|\n|t:|1700480193\n|cant|p2a: Grimmsnarl|par\n|move|p1a: Gholdengo|Make It Rain|p2a: Grimmsnarl\n|-supereffective|p2a: Grimmsnarl\n|-damage|p2a: Grimmsnarl|0 fnt\n|-unboost|p1a: Gholdengo|spa|1\n|faint|p2a: Grimmsnarl\n|\n|upkeep\n|inactive|keysunev has 120 seconds left.\n|\n|t:|1700480204\n|switch|p2a: Skeledirge|Skeledirge, F|100\/100\n|turn|26\n|\n|t:|1700480208\n|move|p1a: Gholdengo|Shadow Ball|p2a: Skeledirge\n|-supereffective|p2a: Skeledirge\n|-damage|p2a: Skeledirge|32\/100\n|move|p2a: Skeledirge|Torch Song|p1a: Gholdengo\n|-damage|p1a: Gholdengo|70\/100\n|-boost|p2a: Skeledirge|spa|1\n|\n|-heal|p1a: Gholdengo|76\/100|[from] item: Leftovers\n|-heal|p2a: Skeledirge|38\/100|[from] item: Leftovers\n|upkeep\n|turn|27\n|inactive|keysunev has 120 seconds left.\n|\n|t:|1700480230\n|move|p1a: Gholdengo|Shadow Ball|p2a: Skeledirge\n|-supereffective|p2a: Skeledirge\n|-damage|p2a: Skeledirge|0 fnt\n|faint|p2a: Skeledirge\n|\n|-heal|p1a: Gholdengo|82\/100|[from] item: Leftovers\n|upkeep\n|inactive|keysunev has 120 seconds left.\n|inactive|keysunev has 90 seconds left.\n|l|\u2606keysunev\n|inactive|keysunev disconnected and has a minute to reconnect!\n|player|p2|\n|inactive|keysunev has 30 seconds to reconnect!\n|inactive|keysunev has 20 seconds to reconnect!\n|inactive|keysunev has 15 seconds to reconnect!\n|inactive|keysunev has 10 seconds to reconnect!\n|inactive|keysunev has 5 seconds to reconnect!\n|-message|keysunev lost due to inactivity.\n|\n|win|Kaegun\n|inactive|keysunev has 30 seconds left this turn.\n|raw|Kaegun's rating: 1231 &rarr; <strong>1257<\/strong><br \/>(+26 for winning)\n|raw|keysunev's rating: 1247 &rarr; <strong>1221<\/strong><br \/>(-26 for losing)\n","uploadtime":1700480351,"views":5,"p1id":"kaegun","p2id":"keysunev","formatid":"gen9ou","rating":1221,"private":0,"password":""}