{"id":"gen9ou-1996891032","p1":"LaYon12","p2":"jw0311","format":"[Gen 9] OU","log":"|j|\u2606LaYon12\n|j|\u2606jw0311\n|t:|1700741027\n|gametype|singles\n|player|p1|LaYon12|brycenman|1689\n|player|p2|jw0311|ghetsis-gen5bw|1844\n|teamsize|p1|6\n|teamsize|p2|6\n|gen|9\n|tier|[Gen 9] OU\n|rated|\n|rule|Sleep Clause Mod: Limit one foe put to sleep\n|rule|Species Clause: Limit one of each Pok\u00e9mon\n|rule|OHKO Clause: OHKO moves are banned\n|rule|Evasion Items Clause: Evasion items are banned\n|rule|Evasion Moves Clause: Evasion moves are banned\n|rule|Endless Battle Clause: Forcing endless battles is banned\n|rule|HP Percentage Mod: HP is shown in percentages\n|clearpoke\n|poke|p1|Iron Jugulis|\n|poke|p1|Ogerpon-Wellspring, F|\n|poke|p1|Tinkaton, F|\n|poke|p1|Iron Moth|\n|poke|p1|Great Tusk|\n|poke|p1|Dragapult, M|\n|poke|p2|Dragapult, F|\n|poke|p2|Toxapex, F|\n|poke|p2|Garganacl, F|\n|poke|p2|Kingambit, F|\n|poke|p2|Great Tusk|\n|poke|p2|Dondozo, M|\n|teampreview\n|inactive|Battle timer is ON: inactive players will automatically lose when time's up. (requested by jw0311)\n|\n|t:|1700741056\n|start\n|switch|p1a: Juggler|Iron Jugulis|100\/100\n|switch|p2a: Garganacl|Garganacl, F|100\/100\n|-enditem|p1a: Juggler|Booster Energy\n|-activate|p1a: Juggler|ability: Quark Drive|[fromitem]\n|-start|p1a: Juggler|quarkdrivespe\n|turn|1\n|\n|t:|1700741061\n|move|p1a: Juggler|Knock Off|p2a: Garganacl\n|-damage|p2a: Garganacl|86\/100\n|-enditem|p2a: Garganacl|Leftovers|[from] move: Knock Off|[of] p1a: Juggler\n|move|p2a: Garganacl|Salt Cure|p1a: Juggler\n|-supereffective|p1a: Juggler\n|-damage|p1a: Juggler|69\/100\n|-start|p1a: Juggler|Salt Cure\n|\n|-damage|p1a: Juggler|57\/100|[from] Salt Cure\n|upkeep\n|turn|2\n|\n|t:|1700741085\n|-end|p1a: Juggler|Quark Drive|[silent]\n|switch|p1a: TWINKATON|Tinkaton, F|100\/100\n|-item|p1a: TWINKATON|Air Balloon\n|move|p2a: Garganacl|Body Press|p1a: TWINKATON\n|-damage|p1a: TWINKATON|63\/100\n|-enditem|p1a: TWINKATON|Air Balloon\n|\n|upkeep\n|turn|3\n|j| mew852\n|\n|t:|1700741098\n|move|p1a: TWINKATON|Encore|p2a: Garganacl\n|-start|p2a: Garganacl|Encore\n|move|p2a: Garganacl|Body Press|p1a: TWINKATON\n|-damage|p1a: TWINKATON|31\/100\n|\n|upkeep\n|turn|4\n|\n|t:|1700741108\n|move|p1a: TWINKATON|Stealth Rock|p2a: Garganacl\n|-sidestart|p2: jw0311|move: Stealth Rock\n|move|p2a: Garganacl|Body Press|p1a: TWINKATON\n|-damage|p1a: TWINKATON|0 fnt\n|faint|p1a: TWINKATON\n|\n|upkeep\n|\n|t:|1700741122\n|switch|p1a: pooper|Ogerpon-Wellspring, F|100\/100\n|turn|5\n|\n|t:|1700741128\n|switch|p2a: Dragapult|Dragapult, F|100\/100\n|-damage|p2a: Dragapult|88\/100|[from] Stealth Rock\n|move|p1a: pooper|Spikes|p2a: Dragapult\n|-sidestart|p2: jw0311|Spikes\n|\n|upkeep\n|turn|6\n|\n|t:|1700741139\n|move|p2a: Dragapult|Dragon Darts|p1a: pooper\n|-damage|p1a: pooper|51\/100\n|-anim|p2a: Dragapult|Dragon Darts|p1a: pooper\n|-damage|p1a: pooper|0 fnt\n|faint|p1a: pooper\n|\n|upkeep\n|\n|t:|1700741148\n|switch|p1a: Juggler|Iron Jugulis|57\/100\n|turn|7\n|\n|t:|1700741162\n|-terastallize|p1a: Juggler|Steel\n|move|p2a: Dragapult|Dragon Darts|p1a: Juggler\n|-resisted|p1a: Juggler\n|-damage|p1a: Juggler|34\/100\n|-anim|p2a: Dragapult|Dragon Darts|p1a: Juggler\n|-resisted|p1a: Juggler\n|-damage|p1a: Juggler|12\/100\n|move|p1a: Juggler|Knock Off|p2a: Dragapult\n|-supereffective|p2a: Dragapult\n|-damage|p2a: Dragapult|16\/100\n|-enditem|p2a: Dragapult|Choice Band|[from] move: Knock Off|[of] p1a: Juggler\n|\n|upkeep\n|turn|8\n|\n|t:|1700741184\n|move|p2a: Dragapult|Dragon Darts|p1a: Juggler\n|-resisted|p1a: Juggler\n|-damage|p1a: Juggler|0 fnt\n|faint|p1a: Juggler\n|-end|p1a: Juggler|Quark Drive|[silent]\n|\n|upkeep\n|\n|t:|1700741187\n|switch|p1a: Fashun Demun|Dragapult, M|100\/100\n|turn|9\n|\n|t:|1700741192\n|move|p2a: Dragapult|Sucker Punch|p1a: Fashun Demun\n|-supereffective|p1a: Fashun Demun\n|-damage|p1a: Fashun Demun|25\/100\n|move|p1a: Fashun Demun|U-turn|p2a: Dragapult\n|-resisted|p2a: Dragapult\n|-damage|p2a: Dragapult|3\/100\n|\n|t:|1700741200\n|switch|p1a: Spin Again|Great Tusk|100\/100|[from] U-turn\n|-enditem|p1a: Spin Again|Booster Energy\n|-activate|p1a: Spin Again|ability: Protosynthesis|[fromitem]\n|-start|p1a: Spin Again|protosynthesisspe\n|\n|upkeep\n|turn|10\n|\n|t:|1700741207\n|switch|p2a: Great Tusk|Great Tusk|100\/100\n|-damage|p2a: Great Tusk|98\/100|[from] Stealth Rock\n|-damage|p2a: Great Tusk|85\/100|[from] Spikes\n|move|p1a: Spin Again|Ice Spinner|p2a: Great Tusk\n|-supereffective|p2a: Great Tusk\n|-damage|p2a: Great Tusk|62\/100\n|\n|-heal|p2a: Great Tusk|68\/100|[from] item: Leftovers\n|upkeep\n|turn|11\n|\n|t:|1700741217\n|-end|p1a: Spin Again|Protosynthesis|[silent]\n|switch|p1a: Fashun Demun|Dragapult, M|25\/100\n|move|p2a: Great Tusk|Stealth Rock|p1a: Fashun Demun\n|-sidestart|p1: LaYon12|move: Stealth Rock\n|\n|-heal|p2a: Great Tusk|74\/100|[from] item: Leftovers\n|upkeep\n|turn|12\n|\n|t:|1700741224\n|-end|p2a: Great Tusk|Protosynthesis|[silent]\n|switch|p2a: Dragapult|Dragapult, F|3\/100\n|-damage|p2a: Dragapult|0 fnt|[from] Stealth Rock\n|faint|p2a: Dragapult\n|move|p1a: Fashun Demun|Draco Meteor|p2: Dragapult|[notarget]\n|-fail|p1a: Fashun Demun\n|\n|upkeep\n|\n|t:|1700741229\n|switch|p2a: Kingambit|Kingambit, F|100\/100\n|-damage|p2a: Kingambit|94\/100|[from] Stealth Rock\n|-damage|p2a: Kingambit|82\/100|[from] Spikes\n|-activate|p2a: Kingambit|ability: Supreme Overlord\n|-start|p2a: Kingambit|fallen1|[silent]\n|turn|13\n|\n|t:|1700741233\n|switch|p1a: Da Whip|Iron Moth|100\/100\n|-damage|p1a: Da Whip|76\/100|[from] Stealth Rock\n|-enditem|p1a: Da Whip|Booster Energy\n|-activate|p1a: Da Whip|ability: Quark Drive|[fromitem]\n|-start|p1a: Da Whip|quarkdrivespe\n|move|p2a: Kingambit|Iron Head|p1a: Da Whip\n|-resisted|p1a: Da Whip\n|-damage|p1a: Da Whip|40\/100\n|\n|-heal|p2a: Kingambit|88\/100|[from] item: Leftovers\n|upkeep\n|turn|14\n|\n|t:|1700741241\n|-end|p1a: Da Whip|Quark Drive|[silent]\n|switch|p1a: Spin Again|Great Tusk|100\/100\n|-damage|p1a: Spin Again|98\/100|[from] Stealth Rock\n|-terastallize|p2a: Kingambit|Fire\n|move|p2a: Kingambit|Kowtow Cleave|p1a: Spin Again\n|-resisted|p1a: Spin Again\n|-damage|p1a: Spin Again|81\/100\n|\n|-heal|p2a: Kingambit|94\/100|[from] item: Leftovers\n|upkeep\n|turn|15\n|\n|t:|1700741253\n|-end|p2a: Kingambit|fallen1|[silent]\n|switch|p2a: Garganacl|Garganacl, F|86\/100\n|-damage|p2a: Garganacl|74\/100|[from] Stealth Rock\n|-damage|p2a: Garganacl|61\/100|[from] Spikes\n|move|p1a: Spin Again|Bulk Up|p1a: Spin Again\n|-boost|p1a: Spin Again|atk|1\n|-boost|p1a: Spin Again|def|1\n|\n|upkeep\n|turn|16\n|j| fropop\n|\n|t:|1700741264\n|move|p1a: Spin Again|Rapid Spin|p2a: Garganacl\n|-resisted|p2a: Garganacl\n|-damage|p2a: Garganacl|56\/100\n|-boost|p1a: Spin Again|spe|1\n|-sideend|p1: LaYon12|Stealth Rock|[from] move: Rapid Spin|[of] p1a: Spin Again\n|move|p2a: Garganacl|Salt Cure|p1a: Spin Again\n|-resisted|p1a: Spin Again\n|-damage|p1a: Spin Again|80\/100\n|-start|p1a: Spin Again|Salt Cure\n|\n|-damage|p1a: Spin Again|67\/100|[from] Salt Cure\n|upkeep\n|turn|17\n|\n|t:|1700741270\n|switch|p2a: Dondozo|Dondozo, M|100\/100\n|-damage|p2a: Dondozo|88\/100|[from] Stealth Rock\n|-damage|p2a: Dondozo|76\/100|[from] Spikes\n|move|p1a: Spin Again|Headlong Rush|p2a: Dondozo\n|-damage|p2a: Dondozo|53\/100\n|-unboost|p1a: Spin Again|def|1\n|-unboost|p1a: Spin Again|spd|1\n|-damage|p1a: Spin Again|51\/100|[from] item: Rocky Helmet|[of] p2a: Dondozo\n|\n|-damage|p1a: Spin Again|38\/100|[from] Salt Cure\n|upkeep\n|turn|18\n|\n|t:|1700741278\n|-end|p1a: Spin Again|Protosynthesis|[silent]\n|switch|p1a: Fashun Demun|Dragapult, M|25\/100\n|move|p2a: Dondozo|Rest|p2a: Dondozo\n|-status|p2a: Dondozo|slp|[from] move: Rest\n|-heal|p2a: Dondozo|100\/100 slp|[silent]\n|\n|upkeep\n|turn|19\n|\n|t:|1700741284\n|switch|p2a: Toxapex|Toxapex, F|100\/100\n|-damage|p2a: Toxapex|88\/100|[from] Stealth Rock\n|-damage|p2a: Toxapex|76\/100|[from] Spikes\n|move|p1a: Fashun Demun|Draco Meteor|p2a: Toxapex\n|-damage|p2a: Toxapex|31\/100\n|-unboost|p1a: Fashun Demun|spa|2\n|\n|upkeep\n|turn|20\n|\n|t:|1700741293\n|switch|p2a: Kingambit|Kingambit, F, tera:Fire|94\/100\n|-damage|p2a: Kingambit|69\/100|[from] Stealth Rock\n|-damage|p2a: Kingambit|57\/100|[from] Spikes\n|-activate|p2a: Kingambit|ability: Supreme Overlord\n|-start|p2a: Kingambit|fallen1|[silent]\n|move|p1a: Fashun Demun|Draco Meteor|p2a: Kingambit\n|-damage|p2a: Kingambit|16\/100\n|-unboost|p1a: Fashun Demun|spa|2\n|\n|-heal|p2a: Kingambit|22\/100|[from] item: Leftovers\n|upkeep\n|turn|21\n|\n|t:|1700741301\n|switch|p1a: Da Whip|Iron Moth|40\/100\n|move|p2a: Kingambit|Iron Head|p1a: Da Whip\n|-resisted|p1a: Da Whip\n|-damage|p1a: Da Whip|4\/100\n|\n|-heal|p2a: Kingambit|28\/100|[from] item: Leftovers\n|upkeep\n|turn|22\n|\n|t:|1700741307\n|move|p2a: Kingambit|Sucker Punch|p1a: Da Whip\n|-damage|p1a: Da Whip|0 fnt\n|faint|p1a: Da Whip\n|-end|p1a: Da Whip|Quark Drive|[silent]\n|\n|-heal|p2a: Kingambit|34\/100|[from] item: Leftovers\n|upkeep\n|\n|t:|1700741310\n|switch|p1a: Spin Again|Great Tusk|38\/100\n|turn|23\n|\n|t:|1700741314\n|-end|p2a: Kingambit|fallen1|[silent]\n|switch|p2a: Great Tusk|Great Tusk|74\/100\n|-damage|p2a: Great Tusk|71\/100|[from] Stealth Rock\n|-damage|p2a: Great Tusk|59\/100|[from] Spikes\n|move|p1a: Spin Again|Headlong Rush|p2a: Great Tusk\n|-damage|p2a: Great Tusk|33\/100\n|-unboost|p1a: Spin Again|def|1\n|-unboost|p1a: Spin Again|spd|1\n|\n|-heal|p2a: Great Tusk|39\/100|[from] item: Leftovers\n|upkeep\n|turn|24\n|j| Penelopito03\n|j| AntiDinkus\n|\n|t:|1700741325\n|move|p1a: Spin Again|Ice Spinner|p2a: Great Tusk\n|-supereffective|p2a: Great Tusk\n|-damage|p2a: Great Tusk|15\/100\n|move|p2a: Great Tusk|Earthquake|p1a: Spin Again\n|-damage|p1a: Spin Again|0 fnt\n|faint|p1a: Spin Again\n|-end|p1a: Spin Again|Protosynthesis|[silent]\n|\n|-heal|p2a: Great Tusk|22\/100|[from] item: Leftovers\n|upkeep\n|j| ireadyaoi\n|\n|t:|1700741331\n|switch|p1a: Fashun Demun|Dragapult, M|25\/100\n|turn|25\n|\n|t:|1700741336\n|move|p1a: Fashun Demun|Shadow Ball|p2a: Great Tusk\n|-damage|p2a: Great Tusk|0 fnt\n|faint|p2a: Great Tusk\n|-end|p2a: Great Tusk|Protosynthesis|[silent]\n|\n|upkeep\n|\n|t:|1700741339\n|switch|p2a: Kingambit|Kingambit, F, tera:Fire|34\/100\n|-damage|p2a: Kingambit|9\/100|[from] Stealth Rock\n|-damage|p2a: Kingambit|0 fnt|[from] Spikes\n|faint|p2a: Kingambit\n|-end|p2a: Kingambit|fallen1|[silent]\n|\n|t:|1700741343\n|switch|p2a: Toxapex|Toxapex, F|64\/100\n|-damage|p2a: Toxapex|52\/100|[from] Stealth Rock\n|-damage|p2a: Toxapex|39\/100|[from] Spikes\n|turn|26\n|\n|t:|1700741346\n|switch|p2a: Dondozo|Dondozo, M|100\/100 slp\n|-damage|p2a: Dondozo|88\/100 slp|[from] Stealth Rock\n|-damage|p2a: Dondozo|76\/100 slp|[from] Spikes\n|move|p1a: Fashun Demun|Shadow Ball|p2a: Dondozo\n|-damage|p2a: Dondozo|22\/100 slp\n|\n|upkeep\n|turn|27\n|\n|t:|1700741353\n|move|p1a: Fashun Demun|Shadow Ball|p2a: Dondozo\n|-damage|p2a: Dondozo|0 fnt\n|faint|p2a: Dondozo\n|\n|upkeep\n|\n|t:|1700741355\n|switch|p2a: Toxapex|Toxapex, F|73\/100\n|-damage|p2a: Toxapex|61\/100|[from] Stealth Rock\n|-damage|p2a: Toxapex|48\/100|[from] Spikes\n|turn|28\n|\n|t:|1700741365\n|switch|p2a: Garganacl|Garganacl, F|56\/100\n|-damage|p2a: Garganacl|44\/100|[from] Stealth Rock\n|-damage|p2a: Garganacl|31\/100|[from] Spikes\n|move|p1a: Fashun Demun|Shadow Ball|p2a: Garganacl\n|-damage|p2a: Garganacl|6\/100\n|\n|upkeep\n|turn|29\n|\n|t:|1700741373\n|move|p1a: Fashun Demun|Shadow Ball|p2a: Garganacl\n|-damage|p2a: Garganacl|0 fnt\n|faint|p2a: Garganacl\n|\n|upkeep\n|\n|t:|1700741376\n|switch|p2a: Toxapex|Toxapex, F|82\/100\n|-damage|p2a: Toxapex|69\/100|[from] Stealth Rock\n|-damage|p2a: Toxapex|57\/100|[from] Spikes\n|turn|30\n|\n|t:|1700741379\n|move|p1a: Fashun Demun|Shadow Ball|p2a: Toxapex\n|-damage|p2a: Toxapex|29\/100\n|move|p2a: Toxapex|Sludge Bomb|p1a: Fashun Demun\n|-resisted|p1a: Fashun Demun\n|-damage|p1a: Fashun Demun|5\/100\n|\n|upkeep\n|turn|31\n|\n|t:|1700741385\n|move|p1a: Fashun Demun|Shadow Ball|p2a: Toxapex\n|-damage|p2a: Toxapex|0 fnt\n|faint|p2a: Toxapex\n|\n|win|LaYon12\n|raw|LaYon12's rating: 1689 &rarr; <strong>1717<\/strong><br \/>(+28 for winning)\n|raw|jw0311's rating: 1844 &rarr; <strong>1816<\/strong><br \/>(-28 for losing)\n|l|\u2606jw0311\n|l|\u2606LaYon12\n|l| fropop\n|l| Penelopito03\n|l| ireadyaoi\n","uploadtime":1700741894,"views":6,"p1id":"layon12","p2id":"jw0311","formatid":"gen9ou","rating":1717,"private":0,"password":""}