{"id":"gen9ou-1999575458","p1":"Masterofallformats","p2":"kyleoutofnowhere","format":"[Gen 9] OU","log":"|j|\u2606Masterofallformats\n|j|\u2606kyleoutofnowhere\n|t:|1701097706\n|gametype|singles\n|player|p1|Masterofallformats|backersf|1076\n|player|p2|kyleoutofnowhere|barry|1094\n|teamsize|p1|6\n|teamsize|p2|6\n|gen|9\n|tier|[Gen 9] OU\n|rated|\n|rule|Sleep Clause Mod: Limit one foe put to sleep\n|rule|Species Clause: Limit one of each Pok\u00e9mon\n|rule|OHKO Clause: OHKO moves are banned\n|rule|Evasion Items Clause: Evasion items are banned\n|rule|Evasion Moves Clause: Evasion moves are banned\n|rule|Endless Battle Clause: Forcing endless battles is banned\n|rule|HP Percentage Mod: HP is shown in percentages\n|clearpoke\n|poke|p1|Great Tusk|\n|poke|p1|Iron Hands|\n|poke|p1|Wyrdeer, M|\n|poke|p1|Zapdos|\n|poke|p1|Ting-Lu|\n|poke|p1|Sneasel-Hisui, M|\n|poke|p2|Lycanroc-Midnight, M|\n|poke|p2|Hydreigon, F|\n|poke|p2|Lilligant-Hisui, F|\n|poke|p2|Scream Tail|\n|poke|p2|Forretress, F|\n|poke|p2|Glimmora, M|\n|teampreview\n|inactive|Battle timer is ON: inactive players will automatically lose when time's up. (requested by kyleoutofnowhere)\n|\n|t:|1701097720\n|start\n|switch|p1a: Moose King|Ting-Lu|100\/100\n|switch|p2a: Forretress|Forretress, F|100\/100\n|-ability|p1a: Moose King|Vessel of Ruin\n|turn|1\n|c|\u2606Masterofallformats|Oooh hisuian lilligant\n|c|\u2606Masterofallformats|cool\n|\n|t:|1701097727\n|move|p1a: Moose King|Stealth Rock|p2a: Forretress\n|-sidestart|p2: kyleoutofnowhere|move: Stealth Rock\n|move|p2a: Forretress|Rapid Spin|p1a: Moose King\n|-damage|p1a: Moose King|95\/100\n|-boost|p2a: Forretress|spe|1\n|-sideend|p2: kyleoutofnowhere|Stealth Rock|[from] move: Rapid Spin|[of] p2a: Forretress\n|-enditem|p1a: Moose King|Red Card|[of] p2a: Forretress\n|drag|p2a: Lycanroc|Lycanroc-Midnight, M|100\/100\n|\n|upkeep\n|turn|2\n|\n|t:|1701097738\n|move|p2a: Lycanroc|Taunt|p1a: Moose King\n|-start|p1a: Moose King|move: Taunt\n|cant|p1a: Moose King|move: Taunt|Stealth Rock\n|\n|upkeep\n|turn|3\n|\n|t:|1701097747\n|move|p2a: Lycanroc|Play Rough|p1a: Moose King\n|-supereffective|p1a: Moose King\n|-damage|p1a: Moose King|55\/100\n|-damage|p2a: Lycanroc|91\/100|[from] item: Life Orb\n|move|p1a: Moose King|Earthquake|p2a: Lycanroc\n|-supereffective|p2a: Lycanroc\n|-damage|p2a: Lycanroc|0 fnt\n|faint|p2a: Lycanroc\n|\n|upkeep\n|\n|t:|1701097761\n|switch|p2a: Lilligant|Lilligant-Hisui, F|100\/100\n|turn|4\n|\n|t:|1701097771\n|switch|p1a: HarnesserOfThunder|Zapdos|100\/100\n|move|p2a: Lilligant|Ice Spinner|p1a: HarnesserOfThunder\n|-supereffective|p1a: HarnesserOfThunder\n|-damage|p1a: HarnesserOfThunder|11\/100\n|-status|p2a: Lilligant|par|[from] ability: Static|[of] p1a: HarnesserOfThunder\n|\n|upkeep\n|turn|5\n|\n|t:|1701097782\n|switch|p2a: Forretress|Forretress, F|100\/100\n|-terastallize|p1a: HarnesserOfThunder|Steel\n|move|p1a: HarnesserOfThunder|Roost|p1a: HarnesserOfThunder\n|-heal|p1a: HarnesserOfThunder|61\/100\n|\n|upkeep\n|turn|6\n|\n|t:|1701097791\n|move|p1a: HarnesserOfThunder|Heat Wave|p2a: Forretress\n|-supereffective|p2a: Forretress\n|-damage|p2a: Forretress|0 fnt\n|faint|p2a: Forretress\n|\n|upkeep\n|\n|t:|1701097798\n|switch|p2a: Glimmora|Glimmora, M|100\/100\n|turn|7\n|\n|t:|1701097806\n|move|p1a: HarnesserOfThunder|Volt Switch|p2a: Glimmora\n|-damage|p2a: Glimmora|63\/100\n|\n|t:|1701097810\n|switch|p1a: Moose King|Ting-Lu|55\/100|[from] Volt Switch\n|-ability|p1a: Moose King|Vessel of Ruin\n|move|p2a: Glimmora|Mortal Spin|p1a: Moose King\n|-resisted|p1a: Moose King\n|-damage|p1a: Moose King|52\/100\n|-status|p1a: Moose King|psn\n|\n|-damage|p1a: Moose King|39\/100 psn|[from] psn\n|upkeep\n|turn|8\n|\n|t:|1701097823\n|move|p2a: Glimmora|Spiky Shield|p2a: Glimmora\n|-singleturn|p2a: Glimmora|move: Protect\n|move|p1a: Moose King|Stealth Rock|p2a: Glimmora\n|-sidestart|p2: kyleoutofnowhere|move: Stealth Rock\n|\n|-damage|p1a: Moose King|27\/100 psn|[from] psn\n|upkeep\n|turn|9\n|\n|t:|1701097835\n|switch|p1a: HarnesserOfThunder|Zapdos, tera:Steel|61\/100\n|move|p2a: Glimmora|Spiky Shield||[still]\n|-fail|p2a: Glimmora\n|\n|upkeep\n|turn|10\n|\n|t:|1701097840\n|move|p1a: HarnesserOfThunder|Hurricane|p2a: Glimmora\n|-resisted|p2a: Glimmora\n|-damage|p2a: Glimmora|36\/100\n|-start|p2a: Glimmora|confusion\n|-activate|p2a: Glimmora|confusion\n|-damage|p2a: Glimmora|25\/100|[from] confusion\n|\n|upkeep\n|turn|11\n|\n|t:|1701097848\n|move|p1a: HarnesserOfThunder|Volt Switch|p2a: Glimmora\n|-damage|p2a: Glimmora|0 fnt\n|faint|p2a: Glimmora\n|\n|t:|1701097852\n|switch|p1a: Moose King|Ting-Lu|27\/100 psn|[from] Volt Switch\n|-ability|p1a: Moose King|Vessel of Ruin\n|\n|-damage|p1a: Moose King|15\/100 psn|[from] psn\n|upkeep\n|\n|t:|1701097855\n|switch|p2a: Hydreigon|Hydreigon, F|100\/100\n|turn|12\n|\n|t:|1701097865\n|move|p2a: Hydreigon|Dark Pulse|p1a: Moose King\n|-resisted|p1a: Moose King\n|-damage|p1a: Moose King|5\/100 psn\n|move|p1a: Moose King|Whirlwind|p2a: Hydreigon\n|drag|p2a: Lilligant|Lilligant-Hisui, F|100\/100 par\n|-damage|p2a: Lilligant|94\/100 par|[from] Stealth Rock\n|\n|-damage|p1a: Moose King|0 fnt|[from] psn\n|faint|p1a: Moose King\n|upkeep\n|\n|t:|1701097871\n|switch|p1a: Da Deer|Wyrdeer, M, shiny|100\/100\n|turn|13\n|\n|t:|1701097883\n|cant|p2a: Lilligant|par\n|move|p1a: Da Deer|Psyshield Bash|p2a: Lilligant\n|-supereffective|p2a: Lilligant\n|-damage|p2a: Lilligant|22\/100 par\n|-boost|p1a: Da Deer|def|1\n|\n|upkeep\n|turn|14\n|\n|t:|1701097890\n|move|p2a: Lilligant|Brick Break|p1a: Da Deer\n|-damage|p1a: Da Deer|49\/100\n|move|p1a: Da Deer|Calm Mind|p1a: Da Deer\n|-boost|p1a: Da Deer|spa|1\n|-boost|p1a: Da Deer|spd|1\n|\n|-heal|p1a: Da Deer|55\/100|[from] item: Leftovers\n|upkeep\n|turn|15\n|\n|t:|1701097894\n|cant|p2a: Lilligant|par\n|move|p1a: Da Deer|Psyshield Bash|p2a: Lilligant\n|-supereffective|p2a: Lilligant\n|-damage|p2a: Lilligant|0 fnt\n|-boost|p1a: Da Deer|def|1\n|faint|p2a: Lilligant\n|\n|-heal|p1a: Da Deer|61\/100|[from] item: Leftovers\n|upkeep\n|\n|t:|1701097901\n|switch|p2a: Hydreigon|Hydreigon, F|100\/100\n|turn|16\n|\n|t:|1701097905\n|move|p2a: Hydreigon|Dark Pulse|p1a: Da Deer\n|-supereffective|p1a: Da Deer\n|-damage|p1a: Da Deer|8\/100\n|move|p1a: Da Deer|Energy Ball|p2a: Hydreigon\n|-resisted|p2a: Hydreigon\n|-damage|p2a: Hydreigon|76\/100\n|\n|-heal|p1a: Da Deer|14\/100|[from] item: Leftovers\n|upkeep\n|turn|17\n|\n|t:|1701097912\n|move|p2a: Hydreigon|Dark Pulse|p1a: Da Deer\n|-supereffective|p1a: Da Deer\n|-damage|p1a: Da Deer|0 fnt\n|faint|p1a: Da Deer\n|\n|upkeep\n|\n|t:|1701097914\n|switch|p1a: MAH MANN|Iron Hands|100\/100\n|turn|18\n|\n|t:|1701097919\n|move|p2a: Hydreigon|Protect|p2a: Hydreigon\n|-singleturn|p2a: Hydreigon|Protect\n|move|p1a: MAH MANN|Fake Out|p2a: Hydreigon\n|-activate|p2a: Hydreigon|move: Protect\n|\n|upkeep\n|turn|19\n|\n|t:|1701097931\n|move|p2a: Hydreigon|Protect|p2a: Hydreigon\n|-singleturn|p2a: Hydreigon|Protect\n|move|p1a: MAH MANN|Drain Punch|p2a: Hydreigon\n|-activate|p2a: Hydreigon|move: Protect\n|\n|upkeep\n|turn|20\n|\n|t:|1701097942\n|move|p2a: Hydreigon|Protect||[still]\n|-fail|p2a: Hydreigon\n|move|p1a: MAH MANN|Heavy Slam|p2a: Hydreigon\n|-crit|p2a: Hydreigon\n|-damage|p2a: Hydreigon|27\/100\n|\n|upkeep\n|turn|21\n|\n|t:|1701097948\n|-end|p1a: MAH MANN|Quark Drive|[silent]\n|switch|p1a: Great Tusk|Great Tusk|100\/100\n|move|p2a: Hydreigon|Stomping Tantrum|p1a: Great Tusk\n|-damage|p1a: Great Tusk|74\/100\n|\n|upkeep\n|turn|22\n|\n|t:|1701097959\n|move|p2a: Hydreigon|Focus Blast|p1a: Great Tusk|[miss]\n|-miss|p2a: Hydreigon|p1a: Great Tusk\n|move|p1a: Great Tusk|Rapid Spin|p2a: Hydreigon\n|-damage|p2a: Hydreigon|4\/100\n|-boost|p1a: Great Tusk|spe|1\n|\n|upkeep\n|turn|23\n|\n|t:|1701097966\n|move|p1a: Great Tusk|Ice Spinner|p2a: Hydreigon\n|-supereffective|p2a: Hydreigon\n|-damage|p2a: Hydreigon|0 fnt\n|faint|p2a: Hydreigon\n|\n|upkeep\n|\n|t:|1701097969\n|switch|p2a: Scream Tail|Scream Tail|100\/100\n|-damage|p2a: Scream Tail|88\/100|[from] Stealth Rock\n|-enditem|p2a: Scream Tail|Booster Energy\n|-activate|p2a: Scream Tail|ability: Protosynthesis|[fromitem]\n|-start|p2a: Scream Tail|protosynthesisspe\n|turn|24\n|c|\u2606Masterofallformats|gg\n|\n|t:|1701097992\n|move|p2a: Scream Tail|Protect|p2a: Scream Tail\n|-singleturn|p2a: Scream Tail|Protect\n|move|p1a: Great Tusk|Headlong Rush|p2a: Scream Tail\n|-activate|p2a: Scream Tail|move: Protect\n|\n|upkeep\n|turn|25\n|\n|t:|1701098012\n|move|p2a: Scream Tail|Grass Knot|p1a: Great Tusk\n|-supereffective|p1a: Great Tusk\n|-damage|p1a: Great Tusk|8\/100\n|move|p1a: Great Tusk|Headlong Rush|p2a: Scream Tail\n|-damage|p2a: Scream Tail|38\/100\n|-unboost|p1a: Great Tusk|def|1\n|-unboost|p1a: Great Tusk|spd|1\n|\n|upkeep\n|turn|26\n|inactive|kyleoutofnowhere has 120 seconds left.\n|\n|t:|1701098031\n|move|p2a: Scream Tail|Grass Knot|p1a: Great Tusk\n|-supereffective|p1a: Great Tusk\n|-damage|p1a: Great Tusk|0 fnt\n|faint|p1a: Great Tusk\n|-end|p1a: Great Tusk|Protosynthesis|[silent]\n|\n|upkeep\n|\n|t:|1701098034\n|switch|p1a: HarnesserOfThunder|Zapdos, tera:Steel|61\/100\n|turn|27\n|\n|t:|1701098048\n|move|p2a: Scream Tail|Drain Punch|p1a: HarnesserOfThunder\n|-supereffective|p1a: HarnesserOfThunder\n|-damage|p1a: HarnesserOfThunder|40\/100\n|-heal|p2a: Scream Tail|48\/100|[from] drain|[of] p1a: HarnesserOfThunder\n|move|p1a: HarnesserOfThunder|Roost|p1a: HarnesserOfThunder\n|-heal|p1a: HarnesserOfThunder|90\/100\n|\n|upkeep\n|turn|28\n|inactive|kyleoutofnowhere has 120 seconds left.\n|\n|t:|1701098070\n|move|p2a: Scream Tail|Psyshock|p1a: HarnesserOfThunder\n|-resisted|p1a: HarnesserOfThunder\n|-damage|p1a: HarnesserOfThunder|81\/100\n|move|p1a: HarnesserOfThunder|Hurricane|p2a: Scream Tail|[miss]\n|-miss|p1a: HarnesserOfThunder|p2a: Scream Tail\n|\n|upkeep\n|turn|29\n|inactive|kyleoutofnowhere has 120 seconds left.\n|\n|t:|1701098084\n|-terastallize|p2a: Scream Tail|Steel\n|move|p2a: Scream Tail|Drain Punch|p1a: HarnesserOfThunder\n|-supereffective|p1a: HarnesserOfThunder\n|-damage|p1a: HarnesserOfThunder|59\/100\n|-heal|p2a: Scream Tail|58\/100|[from] drain|[of] p1a: HarnesserOfThunder\n|move|p1a: HarnesserOfThunder|Hurricane|p2a: Scream Tail\n|-resisted|p2a: Scream Tail\n|-crit|p2a: Scream Tail\n|-damage|p2a: Scream Tail|34\/100\n|-start|p2a: Scream Tail|confusion\n|\n|upkeep\n|turn|30\n|inactive|kyleoutofnowhere has 120 seconds left.\n|\n|t:|1701098098\n|-activate|p2a: Scream Tail|confusion\n|-damage|p2a: Scream Tail|28\/100|[from] confusion\n|move|p1a: HarnesserOfThunder|Heat Wave|p2a: Scream Tail\n|-supereffective|p2a: Scream Tail\n|-damage|p2a: Scream Tail|0 fnt\n|faint|p2a: Scream Tail\n|-end|p2a: Scream Tail|Protosynthesis|[silent]\n|\n|win|Masterofallformats\n|raw|Masterofallformats's rating: 1076 &rarr; <strong>1106<\/strong><br \/>(+30 for winning)\n|raw|kyleoutofnowhere's rating: 1094 &rarr; <strong>1069<\/strong><br \/>(-25 for losing)\n","uploadtime":1701098102,"views":2,"p1id":"masterofallformats","p2id":"kyleoutofnowhere","formatid":"gen9ou","rating":1069,"private":0,"password":""}