{"id":"gen9ou-1989706090","p1":"Dragonyte","p2":"Aggron","format":"[Gen 9] OU","log":"|j|\u2606Dragonyte\n|j|\u2606Aggron\n|t:|1699888666\n|gametype|singles\n|player|p1|Dragonyte|170|1667\n|player|p2|Aggron|pokefan-gen4|1795\n|teamsize|p1|6\n|teamsize|p2|6\n|gen|9\n|tier|[Gen 9] OU\n|rated|\n|rule|Sleep Clause Mod: Limit one foe put to sleep\n|rule|Species Clause: Limit one of each Pok\u00e9mon\n|rule|OHKO Clause: OHKO moves are banned\n|rule|Evasion Items Clause: Evasion items are banned\n|rule|Evasion Moves Clause: Evasion moves are banned\n|rule|Endless Battle Clause: Forcing endless battles is banned\n|rule|HP Percentage Mod: HP is shown in percentages\n|clearpoke\n|poke|p1|Glimmora, F|\n|poke|p1|Kingambit, F|\n|poke|p1|Zamazenta-*|\n|poke|p1|Iron Valiant|\n|poke|p1|Iron Moth|\n|poke|p1|Ogerpon-Wellspring, F|\n|poke|p2|Sinistcha-Masterpiece|\n|poke|p2|Tyranitar, F|\n|poke|p2|Heatran, F|\n|poke|p2|Rillaboom, F|\n|poke|p2|Sneasler, F|\n|poke|p2|Samurott-Hisui, M|\n|teampreview\n|inactive|Battle timer is ON: inactive players will automatically lose when time's up. (requested by Aggron)\n|l|\u2606Aggron\n|inactive|Aggron disconnected and has a minute to reconnect!\n|player|p2|\n|j|\u2606Aggron\n|inactive|Aggron reconnected and has 115 seconds left.\n|player|p2|Aggron|pokefan-gen4\n|\n|t:|1699888705\n|start\n|switch|p1a: Ogerpon|Ogerpon-Wellspring, F|100\/100\n|switch|p2a: Sneasler|Sneasler, F|100\/100\n|turn|1\n|j| cheese miestro\n|\n|t:|1699888714\n|switch|p1a: Glimmora|Glimmora, F|100\/100\n|move|p2a: Sneasler|Dire Claw|p1a: Glimmora\n|-resisted|p1a: Glimmora\n|-damage|p1a: Glimmora|88\/100\n|-activate|p1a: Glimmora|ability: Toxic Debris\n|-sidestart|p2: Aggron|move: Toxic Spikes\n|\n|upkeep\n|turn|2\n|\n|t:|1699888721\n|move|p2a: Sneasler|U-turn|p1a: Glimmora\n|-resisted|p1a: Glimmora\n|-damage|p1a: Glimmora|73\/100\n|-activate|p1a: Glimmora|ability: Toxic Debris\n|-sidestart|p2: Aggron|move: Toxic Spikes\n|\n|t:|1699888723\n|switch|p2a: Heatran|Heatran, F|100\/100|[from] U-turn\n|-item|p2a: Heatran|Air Balloon\n|move|p1a: Glimmora|Stealth Rock|p2a: Heatran\n|-sidestart|p2: Aggron|move: Stealth Rock\n|\n|upkeep\n|turn|3\n|\n|t:|1699888729\n|move|p1a: Glimmora|Power Gem|p2a: Heatran\n|-damage|p2a: Heatran|61\/100\n|-enditem|p2a: Heatran|Air Balloon\n|move|p2a: Heatran|Earth Power|p1a: Glimmora\n|-supereffective|p1a: Glimmora\n|-damage|p1a: Glimmora|0 fnt\n|faint|p1a: Glimmora\n|\n|upkeep\n|\n|t:|1699888732\n|switch|p1a: Ogerpon|Ogerpon-Wellspring, F|100\/100\n|turn|4\n|\n|t:|1699888737\n|switch|p2a: Sinistcha|Sinistcha-Masterpiece|100\/100\n|move|p1a: Ogerpon|Ivy Cudgel|p2a: Sinistcha\n|-resisted|p2a: Sinistcha\n|-crit|p2a: Sinistcha\n|-damage|p2a: Sinistcha|70\/100\n|\n|upkeep\n|turn|5\n|\n|t:|1699888743\n|move|p1a: Ogerpon|Knock Off|p2a: Sinistcha\n|-supereffective|p2a: Sinistcha\n|-damage|p2a: Sinistcha|13\/100\n|-enditem|p2a: Sinistcha|Heavy-Duty Boots|[from] move: Knock Off|[of] p1a: Ogerpon\n|move|p2a: Sinistcha|Matcha Gotcha|p1a: Ogerpon\n|-damage|p1a: Ogerpon|63\/100\n|-heal|p2a: Sinistcha|29\/100|[from] drain|[of] p1a: Ogerpon\n|\n|upkeep\n|turn|6\n|\n|t:|1699888763\n|-terastallize|p2a: Sinistcha|Poison\n|move|p1a: Ogerpon|Knock Off|p2a: Sinistcha\n|-damage|p2a: Sinistcha|11\/100\n|move|p2a: Sinistcha|Strength Sap|p1a: Ogerpon\n|-unboost|p1a: Ogerpon|atk|1\n|-heal|p2a: Sinistcha|100\/100\n|\n|upkeep\n|turn|7\n|\n|t:|1699888772\n|switch|p1a: Iron Valiant|Iron Valiant|100\/100\n|-enditem|p1a: Iron Valiant|Booster Energy\n|-activate|p1a: Iron Valiant|ability: Quark Drive|[fromitem]\n|-start|p1a: Iron Valiant|quarkdrivespe\n|move|p2a: Sinistcha|Matcha Gotcha|p1a: Iron Valiant\n|-damage|p1a: Iron Valiant|43\/100\n|-status|p1a: Iron Valiant|brn\n|\n|-damage|p1a: Iron Valiant|37\/100 brn|[from] brn\n|upkeep\n|turn|8\n|\n|t:|1699888778\n|switch|p2a: Heatran|Heatran, F|61\/100\n|-damage|p2a: Heatran|49\/100|[from] Stealth Rock\n|move|p1a: Iron Valiant|Psyshock|p2a: Heatran\n|-resisted|p2a: Heatran\n|-damage|p2a: Heatran|36\/100\n|\n|-damage|p1a: Iron Valiant|31\/100 brn|[from] brn\n|upkeep\n|turn|9\n|\n|t:|1699888781\n|move|p1a: Iron Valiant|Moonblast|p2a: Heatran\n|-resisted|p2a: Heatran\n|-damage|p2a: Heatran|25\/100\n|move|p2a: Heatran|Stealth Rock|p1a: Iron Valiant\n|-sidestart|p1: Dragonyte|move: Stealth Rock\n|\n|-damage|p1a: Iron Valiant|25\/100 brn|[from] brn\n|upkeep\n|turn|10\n|\n|t:|1699888784\n|move|p1a: Iron Valiant|Hypnosis|p2a: Heatran|[miss]\n|-miss|p1a: Iron Valiant|p2a: Heatran\n|move|p2a: Heatran|Earth Power|p1a: Iron Valiant\n|-damage|p1a: Iron Valiant|0 fnt\n|faint|p1a: Iron Valiant\n|-end|p1a: Iron Valiant|Quark Drive|[silent]\n|\n|upkeep\n|\n|t:|1699888788\n|switch|p1a: Ogerpon|Ogerpon-Wellspring, F|63\/100\n|-damage|p1a: Ogerpon|51\/100|[from] Stealth Rock\n|turn|11\n|\n|t:|1699888790\n|move|p1a: Ogerpon|Ivy Cudgel|p2a: Heatran\n|-supereffective|p2a: Heatran\n|-damage|p2a: Heatran|0 fnt\n|faint|p2a: Heatran\n|\n|upkeep\n|\n|t:|1699888792\n|switch|p2a: Sneasler|Sneasler, F|100\/100\n|-sideend|p2: Aggron|move: Toxic Spikes|[of] p2a: Sneasler\n|-damage|p2a: Sneasler|95\/100|[from] Stealth Rock\n|turn|12\n|\n|t:|1699888796\n|move|p2a: Sneasler|Close Combat|p1a: Ogerpon\n|-damage|p1a: Ogerpon|0 fnt\n|-unboost|p2a: Sneasler|def|1\n|-unboost|p2a: Sneasler|spd|1\n|faint|p1a: Ogerpon\n|\n|upkeep\n|\n|t:|1699888813\n|switch|p1a: Iron Moth|Iron Moth|100\/100\n|-damage|p1a: Iron Moth|76\/100|[from] Stealth Rock\n|-enditem|p1a: Iron Moth|Booster Energy\n|-activate|p1a: Iron Moth|ability: Quark Drive|[fromitem]\n|-start|p1a: Iron Moth|quarkdrivespe\n|turn|13\n|\n|t:|1699888816\n|switch|p2a: Tyranitar|Tyranitar, F|100\/100\n|-weather|Sandstorm|[from] ability: Sand Stream|[of] p2a: Tyranitar\n|move|p1a: Iron Moth|Fiery Dance|p2a: Tyranitar\n|-resisted|p2a: Tyranitar\n|-damage|p2a: Tyranitar|91\/100\n|\n|-weather|Sandstorm|[upkeep]\n|-damage|p1a: Iron Moth|70\/100|[from] Sandstorm\n|upkeep\n|turn|14\n|\n|t:|1699888822\n|move|p1a: Iron Moth|Dazzling Gleam|p2a: Tyranitar\n|-supereffective|p2a: Tyranitar\n|-damage|p2a: Tyranitar|65\/100\n|move|p2a: Tyranitar|Rock Blast|p1a: Iron Moth\n|-supereffective|p1a: Iron Moth\n|-damage|p1a: Iron Moth|31\/100\n|-supereffective|p1a: Iron Moth\n|-damage|p1a: Iron Moth|0 fnt\n|faint|p1a: Iron Moth\n|-end|p1a: Iron Moth|Quark Drive|[silent]\n|-hitcount|p1: Iron Moth|2\n|\n|-weather|Sandstorm|[upkeep]\n|upkeep\n|\n|t:|1699888824\n|switch|p1a: Zamazenta|Zamazenta, shiny|100\/100\n|-damage|p1a: Zamazenta|94\/100|[from] Stealth Rock\n|-ability|p1a: Zamazenta|Dauntless Shield|boost\n|-boost|p1a: Zamazenta|def|1\n|turn|15\n|\n|t:|1699888833\n|switch|p2a: Sneasler|Sneasler, F|95\/100\n|-damage|p2a: Sneasler|89\/100|[from] Stealth Rock\n|move|p1a: Zamazenta|Iron Defense|p1a: Zamazenta\n|-boost|p1a: Zamazenta|def|2\n|\n|-weather|Sandstorm|[upkeep]\n|-damage|p1a: Zamazenta|88\/100|[from] Sandstorm\n|-damage|p2a: Sneasler|83\/100|[from] Sandstorm\n|-heal|p1a: Zamazenta|94\/100|[from] item: Leftovers\n|upkeep\n|turn|16\n|\n|t:|1699888836\n|move|p2a: Sneasler|Fake Out|p1a: Zamazenta\n|-damage|p1a: Zamazenta|89\/100\n|-status|p1a: Zamazenta|psn|[from] ability: Poison Touch|[of] p2a: Sneasler\n|cant|p1a: Zamazenta|flinch\n|\n|-weather|Sandstorm|[upkeep]\n|-damage|p1a: Zamazenta|83\/100 psn|[from] Sandstorm\n|-damage|p2a: Sneasler|77\/100|[from] Sandstorm\n|-heal|p1a: Zamazenta|89\/100 psn|[from] item: Leftovers\n|-damage|p1a: Zamazenta|77\/100 psn|[from] psn\n|upkeep\n|turn|17\n|\n|t:|1699888842\n|move|p1a: Zamazenta|Body Press|p2a: Sneasler\n|-resisted|p2a: Sneasler\n|-damage|p2a: Sneasler|9\/100\n|move|p2a: Sneasler|U-turn|p1a: Zamazenta\n|-resisted|p1a: Zamazenta\n|-damage|p1a: Zamazenta|73\/100 psn\n|\n|t:|1699888848\n|switch|p2a: Sinistcha|Sinistcha-Masterpiece, tera:Poison|100\/100|[from] U-turn\n|-damage|p2a: Sinistcha|88\/100|[from] Stealth Rock\n|\n|-weather|none\n|-heal|p1a: Zamazenta|79\/100 psn|[from] item: Leftovers\n|-damage|p1a: Zamazenta|67\/100 psn|[from] psn\n|upkeep\n|turn|18\n|\n|t:|1699888855\n|move|p1a: Zamazenta|Body Press|p2a: Sinistcha\n|-resisted|p2a: Sinistcha\n|-damage|p2a: Sinistcha|58\/100\n|move|p2a: Sinistcha|Strength Sap|p1a: Zamazenta\n|-unboost|p1a: Zamazenta|atk|1\n|-heal|p2a: Sinistcha|100\/100\n|\n|-heal|p1a: Zamazenta|73\/100 psn|[from] item: Leftovers\n|-damage|p1a: Zamazenta|60\/100 psn|[from] psn\n|upkeep\n|turn|19\n|\n|t:|1699888861\n|move|p1a: Zamazenta|Crunch|p2a: Sinistcha\n|-damage|p2a: Sinistcha|88\/100\n|move|p2a: Sinistcha|Shadow Ball|p1a: Zamazenta\n|-damage|p1a: Zamazenta|28\/100 psn\n|\n|-heal|p1a: Zamazenta|34\/100 psn|[from] item: Leftovers\n|-damage|p1a: Zamazenta|22\/100 psn|[from] psn\n|upkeep\n|turn|20\n|\n|t:|1699888864\n|switch|p2a: Tyranitar|Tyranitar, F|65\/100\n|-weather|Sandstorm|[from] ability: Sand Stream|[of] p2a: Tyranitar\n|move|p1a: Zamazenta|Crunch|p2a: Tyranitar\n|-resisted|p2a: Tyranitar\n|-damage|p2a: Tyranitar|58\/100\n|\n|-weather|Sandstorm|[upkeep]\n|-damage|p1a: Zamazenta|16\/100 psn|[from] Sandstorm\n|-heal|p1a: Zamazenta|22\/100 psn|[from] item: Leftovers\n|-damage|p1a: Zamazenta|9\/100 psn|[from] psn\n|upkeep\n|turn|21\n|\n|t:|1699888873\n|switch|p2a: Sneasler|Sneasler, F|9\/100\n|-damage|p2a: Sneasler|3\/100|[from] Stealth Rock\n|move|p1a: Zamazenta|Body Press|p2a: Sneasler\n|-resisted|p2a: Sneasler\n|-damage|p2a: Sneasler|0 fnt\n|faint|p2a: Sneasler\n|\n|-weather|Sandstorm|[upkeep]\n|-damage|p1a: Zamazenta|3\/100 psn|[from] Sandstorm\n|-heal|p1a: Zamazenta|9\/100 psn|[from] item: Leftovers\n|-damage|p1a: Zamazenta|0 fnt|[from] psn\n|faint|p1a: Zamazenta\n|upkeep\n|\n|t:|1699888883\n|switch|p1a: Kingambit|Kingambit, F|100\/100\n|switch|p2a: Samurott|Samurott-Hisui, M|100\/100\n|-damage|p1a: Kingambit|94\/100|[from] Stealth Rock\n|-activate|p1a: Kingambit|ability: Supreme Overlord\n|-start|p1a: Kingambit|fallen5|[silent]\n|turn|22\n|\n|t:|1699888887\n|-terastallize|p1a: Kingambit|Flying\n|move|p2a: Samurott|Razor Shell|p1a: Kingambit\n|-damage|p1a: Kingambit|48\/100\n|move|p1a: Kingambit|Swords Dance|p1a: Kingambit\n|-boost|p1a: Kingambit|atk|2\n|\n|-weather|Sandstorm|[upkeep]\n|-damage|p2a: Samurott|94\/100|[from] Sandstorm\n|-damage|p1a: Kingambit|42\/100|[from] Sandstorm\n|upkeep\n|turn|23\n|\n|t:|1699888890\n|move|p1a: Kingambit|Sucker Punch||[still]\n|-fail|p1a: Kingambit\n|move|p2a: Samurott|Encore|p1a: Kingambit\n|-start|p1a: Kingambit|Encore\n|\n|-weather|Sandstorm|[upkeep]\n|-damage|p2a: Samurott|88\/100|[from] Sandstorm\n|-damage|p1a: Kingambit|36\/100|[from] Sandstorm\n|upkeep\n|turn|24\n|\n|t:|1699888892\n|move|p2a: Samurott|Sucker Punch|p1a: Kingambit\n|-damage|p1a: Kingambit|10\/100\n|move|p1a: Kingambit|Sucker Punch||[still]\n|-fail|p1a: Kingambit\n|\n|-weather|none\n|upkeep\n|turn|25\n|l|\u2606Dragonyte\n|inactive|Dragonyte disconnected and has a minute to reconnect!\n|player|p1|\n|c|\u2606Aggron|Lol\n|inactive|Dragonyte has 30 seconds to reconnect!\n|inactive|Dragonyte has 20 seconds to reconnect!\n|inactive|Dragonyte has 15 seconds to reconnect!\n|j| PokeEnjoyer-52\n|j| ouvt gholdLENGo\n|inactive|Dragonyte has 10 seconds to reconnect!\n|j| Billette\n|c| PokeEnjoyer-52|lmao\n|j| antonchipurrh\n|inactive|Dragonyte has 5 seconds to reconnect!\n|l| antonchipurrh\n|l| ouvt gholdLENGo\n|-message|Dragonyte lost due to inactivity.\n|\n|win|Aggron\n|raw|Dragonyte's rating: 1667 &rarr; <strong>1654<\/strong><br \/>(-13 for losing)\n|raw|Aggron's rating: 1795 &rarr; <strong>1808<\/strong><br \/>(+13 for winning)\n|l| Billette\n","uploadtime":1699888963,"views":22,"p1id":"dragonyte","p2id":"aggron","formatid":"gen9ou","rating":1654,"private":0,"password":""}