{"id":"gen9ou-1988809309","p1":"Stephen156","p2":"Su FC Sh h Gi","format":"[Gen 9] OU","log":"|j|\u2606Stephen156\n|j|\u2606Su FC Sh h Gi\n|t:|1699766312\n|gametype|singles\n|player|p1|Stephen156|volkner|1059\n|player|p2|Su FC Sh h Gi|1|1046\n|teamsize|p1|6\n|teamsize|p2|6\n|gen|9\n|tier|[Gen 9] OU\n|rated|\n|rule|Sleep Clause Mod: Limit one foe put to sleep\n|rule|Species Clause: Limit one of each Pok\u00e9mon\n|rule|OHKO Clause: OHKO moves are banned\n|rule|Evasion Items Clause: Evasion items are banned\n|rule|Evasion Moves Clause: Evasion moves are banned\n|rule|Endless Battle Clause: Forcing endless battles is banned\n|rule|HP Percentage Mod: HP is shown in percentages\n|clearpoke\n|poke|p1|Tyranitar, M|\n|poke|p1|Brambleghast, F|\n|poke|p1|Lycanroc, M|\n|poke|p1|Gastrodon, M|\n|poke|p1|Diancie|\n|poke|p1|Goodra-Hisui, M|\n|poke|p2|Salazzle, F|\n|poke|p2|Jumpluff, M|\n|poke|p2|Dachsbun, M|\n|poke|p2|Tropius, F|\n|poke|p2|Lucario, F|\n|poke|p2|Cyclizar, M|\n|teampreview\n|\n|t:|1699766318\n|start\n|switch|p1a: Gastrodon|Gastrodon, M|100\/100\n|switch|p2a: Jumpluff|Jumpluff, M|100\/100\n|turn|1\n|\n|t:|1699766324\n|move|p2a: Jumpluff|Sleep Powder|p1a: Gastrodon\n|-status|p1a: Gastrodon|slp|[from] move: Sleep Powder\n|cant|p1a: Gastrodon|slp\n|\n|upkeep\n|turn|2\n|\n|t:|1699766331\n|switch|p1a: Goodra|Goodra-Hisui, M|100\/100\n|move|p2a: Jumpluff|Light Screen|p2a: Jumpluff\n|-sidestart|p2: Su FC Sh h Gi|move: Light Screen\n|\n|upkeep\n|turn|3\n|\n|t:|1699766337\n|move|p2a: Jumpluff|Reflect|p2a: Jumpluff\n|-sidestart|p2: Su FC Sh h Gi|Reflect\n|move|p1a: Goodra|Flamethrower|p2a: Jumpluff\n|-supereffective|p2a: Jumpluff\n|-damage|p2a: Jumpluff|67\/100\n|-status|p2a: Jumpluff|brn\n|\n|-damage|p2a: Jumpluff|61\/100 brn|[from] brn\n|upkeep\n|turn|4\n|\n|t:|1699766350\n|switch|p2a: Salazzle|Salazzle, F|100\/100\n|move|p1a: Goodra|Flamethrower|p2a: Salazzle\n|-resisted|p2a: Salazzle\n|-damage|p2a: Salazzle|88\/100\n|\n|-heal|p2a: Salazzle|95\/100|[from] item: Leftovers\n|upkeep\n|turn|5\n|\n|t:|1699766364\n|switch|p1a: Diancie|Diancie|100\/100\n|move|p2a: Salazzle|Toxic|p1a: Diancie\n|-status|p1a: Diancie|tox\n|\n|-heal|p2a: Salazzle|100\/100|[from] item: Leftovers\n|-damage|p1a: Diancie|94\/100 tox|[from] psn\n|upkeep\n|turn|6\n|\n|t:|1699766374\n|move|p2a: Salazzle|Substitute|p2a: Salazzle\n|-start|p2a: Salazzle|Substitute\n|-damage|p2a: Salazzle|76\/100\n|move|p1a: Diancie|Power Gem|p2a: Salazzle\n|-supereffective|p2a: Salazzle\n|-end|p2a: Salazzle|Substitute\n|\n|-heal|p2a: Salazzle|82\/100|[from] item: Leftovers\n|-damage|p1a: Diancie|82\/100 tox|[from] psn\n|upkeep\n|turn|7\n|\n|t:|1699766383\n|move|p2a: Salazzle|Protect|p2a: Salazzle\n|-singleturn|p2a: Salazzle|Protect\n|move|p1a: Diancie|Power Gem|p2a: Salazzle\n|-activate|p2a: Salazzle|move: Protect\n|\n|-heal|p2a: Salazzle|88\/100|[from] item: Leftovers\n|-damage|p1a: Diancie|63\/100 tox|[from] psn\n|upkeep\n|turn|8\n|\n|t:|1699766392\n|move|p2a: Salazzle|Substitute|p2a: Salazzle\n|-start|p2a: Salazzle|Substitute\n|-damage|p2a: Salazzle|63\/100\n|move|p1a: Diancie|Power Gem|p2a: Salazzle\n|-supereffective|p2a: Salazzle\n|-end|p2a: Salazzle|Substitute\n|\n|-heal|p2a: Salazzle|70\/100|[from] item: Leftovers\n|-damage|p1a: Diancie|38\/100 tox|[from] psn\n|upkeep\n|turn|9\n|\n|t:|1699766401\n|switch|p1a: Tyranitar|Tyranitar, M|100\/100\n|-weather|Sandstorm|[from] ability: Sand Stream|[of] p1a: Tyranitar\n|move|p2a: Salazzle|Protect||[still]\n|-fail|p2a: Salazzle\n|\n|-weather|Sandstorm|[upkeep]\n|-damage|p2a: Salazzle|63\/100|[from] Sandstorm\n|-heal|p2a: Salazzle|70\/100|[from] item: Leftovers\n|-sideend|p2: Su FC Sh h Gi|move: Light Screen\n|upkeep\n|turn|10\n|\n|t:|1699766414\n|switch|p2a: Jumpluff|Jumpluff, M|61\/100 brn\n|move|p1a: Tyranitar|Dragon Dance|p1a: Tyranitar\n|-boost|p1a: Tyranitar|atk|1\n|-boost|p1a: Tyranitar|spe|1\n|\n|-weather|Sandstorm|[upkeep]\n|-damage|p2a: Jumpluff|55\/100 brn|[from] Sandstorm\n|-damage|p2a: Jumpluff|49\/100 brn|[from] brn\n|-sideend|p2: Su FC Sh h Gi|Reflect\n|upkeep\n|turn|11\n|\n|t:|1699766427\n|move|p2a: Jumpluff|Encore|p1a: Tyranitar\n|-start|p1a: Tyranitar|Encore\n|move|p1a: Tyranitar|Dragon Dance|p1a: Tyranitar\n|-boost|p1a: Tyranitar|atk|1\n|-boost|p1a: Tyranitar|spe|1\n|\n|-weather|Sandstorm|[upkeep]\n|-damage|p2a: Jumpluff|42\/100 brn|[from] Sandstorm\n|-damage|p2a: Jumpluff|36\/100 brn|[from] brn\n|upkeep\n|turn|12\n|\n|t:|1699766437\n|switch|p2a: Salazzle|Salazzle, F|70\/100\n|move|p1a: Tyranitar|Dragon Dance|p1a: Tyranitar\n|-boost|p1a: Tyranitar|atk|1\n|-boost|p1a: Tyranitar|spe|1\n|\n|-weather|Sandstorm|[upkeep]\n|-damage|p2a: Salazzle|63\/100|[from] Sandstorm\n|-heal|p2a: Salazzle|70\/100|[from] item: Leftovers\n|upkeep\n|turn|13\n|\n|t:|1699766445\n|move|p1a: Tyranitar|Dragon Dance|p1a: Tyranitar\n|-boost|p1a: Tyranitar|atk|1\n|-boost|p1a: Tyranitar|spe|1\n|move|p2a: Salazzle|Toxic|p1a: Tyranitar\n|-status|p1a: Tyranitar|tox\n|\n|-weather|Sandstorm|[upkeep]\n|-damage|p2a: Salazzle|63\/100|[from] Sandstorm\n|-heal|p2a: Salazzle|70\/100|[from] item: Leftovers\n|-damage|p1a: Tyranitar|94\/100 tox|[from] psn\n|-end|p1a: Tyranitar|Encore\n|upkeep\n|turn|14\n|\n|t:|1699766456\n|move|p2a: Salazzle|Protect|p2a: Salazzle\n|-singleturn|p2a: Salazzle|Protect\n|move|p1a: Tyranitar|Knock Off|p2a: Salazzle\n|-activate|p2a: Salazzle|move: Protect\n|\n|-weather|Sandstorm|[upkeep]\n|-damage|p2a: Salazzle|63\/100|[from] Sandstorm\n|-heal|p2a: Salazzle|70\/100|[from] item: Leftovers\n|-damage|p1a: Tyranitar|82\/100 tox|[from] psn\n|upkeep\n|turn|15\n|\n|t:|1699766465\n|switch|p2a: Dachsbun|Dachsbun, M|100\/100\n|move|p1a: Tyranitar|Knock Off|p2a: Dachsbun\n|-resisted|p2a: Dachsbun\n|-damage|p2a: Dachsbun|49\/100\n|-enditem|p2a: Dachsbun|Leftovers|[from] move: Knock Off|[of] p1a: Tyranitar\n|\n|-weather|Sandstorm|[upkeep]\n|-damage|p2a: Dachsbun|43\/100|[from] Sandstorm\n|-damage|p1a: Tyranitar|63\/100 tox|[from] psn\n|upkeep\n|turn|16\n|\n|t:|1699766475\n|move|p2a: Dachsbun|Protect|p2a: Dachsbun\n|-singleturn|p2a: Dachsbun|Protect\n|move|p1a: Tyranitar|Earthquake|p2a: Dachsbun\n|-activate|p2a: Dachsbun|move: Protect\n|\n|-weather|none\n|-damage|p1a: Tyranitar|39\/100 tox|[from] psn\n|upkeep\n|turn|17\n|\n|t:|1699766482\n|switch|p2a: Jumpluff|Jumpluff, M|36\/100 brn\n|move|p1a: Tyranitar|Stone Edge|p2a: Jumpluff|[miss]\n|-miss|p1a: Tyranitar|p2a: Jumpluff\n|\n|-damage|p1a: Tyranitar|8\/100 tox|[from] psn\n|-damage|p2a: Jumpluff|30\/100 brn|[from] brn\n|upkeep\n|turn|18\n|\n|t:|1699766491\n|switch|p2a: Dachsbun|Dachsbun, M|43\/100\n|move|p1a: Tyranitar|Stone Edge|p2a: Dachsbun\n|-damage|p2a: Dachsbun|0 fnt\n|faint|p2a: Dachsbun\n|\n|-damage|p1a: Tyranitar|0 fnt|[from] psn\n|faint|p1a: Tyranitar\n|upkeep\n|\n|t:|1699766501\n|switch|p2a: Jumpluff|Jumpluff, M|30\/100 brn\n|switch|p1a: Diancie|Diancie|38\/100 tox\n|turn|19\n|\n|t:|1699766507\n|move|p2a: Jumpluff|Light Screen|p2a: Jumpluff\n|-sidestart|p2: Su FC Sh h Gi|move: Light Screen\n|move|p1a: Diancie|Draining Kiss|p2a: Jumpluff\n|-damage|p2a: Jumpluff|19\/100 brn\n|-heal|p1a: Diancie|48\/100 tox|[from] drain|[of] p2a: Jumpluff\n|\n|-damage|p1a: Diancie|42\/100 tox|[from] psn\n|-damage|p2a: Jumpluff|12\/100 brn|[from] brn\n|upkeep\n|turn|20\n|\n|t:|1699766516\n|move|p2a: Jumpluff|Encore|p1a: Diancie\n|-start|p1a: Diancie|Encore\n|move|p1a: Diancie|Draining Kiss|p2a: Jumpluff\n|-damage|p2a: Jumpluff|0 fnt\n|-heal|p1a: Diancie|52\/100 tox|[from] drain|[of] p2a: Jumpluff\n|faint|p2a: Jumpluff\n|\n|-damage|p1a: Diancie|40\/100 tox|[from] psn\n|upkeep\n|\n|t:|1699766520\n|switch|p2a: Salazzle|Salazzle, F|70\/100\n|turn|21\n|\n|t:|1699766539\n|switch|p1a: Lycanroc|Lycanroc, M|100\/100\n|move|p2a: Salazzle|Substitute|p2a: Salazzle\n|-start|p2a: Salazzle|Substitute\n|-damage|p2a: Salazzle|45\/100\n|\n|-heal|p2a: Salazzle|51\/100|[from] item: Leftovers\n|upkeep\n|turn|22\n|\n|t:|1699766552\n|switch|p1a: Goodra|Goodra-Hisui, M|100\/100\n|move|p2a: Salazzle|Toxic|p1a: Goodra\n|-status|p1a: Goodra|tox\n|\n|-heal|p2a: Salazzle|57\/100|[from] item: Leftovers\n|-damage|p1a: Goodra|95\/100 tox|[from] psn\n|upkeep\n|turn|23\n|c|\u2606Stephen156|oh right corrosion\n|inactive|Battle timer is ON: inactive players will automatically lose when time's up. (requested by Su FC Sh h Gi)\n|\n|t:|1699766571\n|move|p2a: Salazzle|Protect|p2a: Salazzle\n|-singleturn|p2a: Salazzle|Protect\n|move|p1a: Goodra|Thunderbolt|p2a: Salazzle\n|-activate|p2a: Salazzle|move: Protect\n|\n|-heal|p2a: Salazzle|63\/100|[from] item: Leftovers\n|-damage|p1a: Goodra|83\/100 tox|[from] psn\n|upkeep\n|turn|24\n|\n|t:|1699766582\n|switch|p1a: Lycanroc|Lycanroc, M|100\/100\n|move|p2a: Salazzle|Fire Blast|p1a: Lycanroc\n|-resisted|p1a: Lycanroc\n|-damage|p1a: Lycanroc|67\/100\n|\n|-heal|p2a: Salazzle|70\/100|[from] item: Leftovers\n|upkeep\n|turn|25\n|\n|t:|1699766590\n|move|p1a: Lycanroc|Accelerock|p2a: Salazzle\n|-supereffective|p2a: Salazzle\n|-crit|p2a: Salazzle\n|-end|p2a: Salazzle|Substitute\n|-damage|p1a: Lycanroc|57\/100|[from] item: Life Orb\n|move|p2a: Salazzle|Toxic|p1a: Lycanroc\n|-status|p1a: Lycanroc|tox\n|\n|-heal|p2a: Salazzle|76\/100|[from] item: Leftovers\n|-damage|p1a: Lycanroc|51\/100 tox|[from] psn\n|upkeep\n|turn|26\n|\n|t:|1699766599\n|move|p2a: Salazzle|Protect|p2a: Salazzle\n|-singleturn|p2a: Salazzle|Protect\n|move|p1a: Lycanroc|Accelerock|p2a: Salazzle\n|-activate|p2a: Salazzle|move: Protect\n|\n|-heal|p2a: Salazzle|82\/100|[from] item: Leftovers\n|-damage|p1a: Lycanroc|39\/100 tox|[from] psn\n|-sideend|p2: Su FC Sh h Gi|move: Light Screen\n|upkeep\n|turn|27\n|\n|t:|1699766607\n|switch|p2a: Lucario|Lucario, F|100\/100\n|move|p1a: Lycanroc|Accelerock|p2a: Lucario\n|-resisted|p2a: Lucario\n|-damage|p2a: Lucario|89\/100\n|-damage|p1a: Lycanroc|29\/100 tox|[from] item: Life Orb\n|\n|-damage|p1a: Lycanroc|10\/100 tox|[from] psn\n|upkeep\n|turn|28\n|\n|t:|1699766625\n|move|p2a: Lucario|Endure|p2a: Lucario\n|-singleturn|p2a: Lucario|move: Endure\n|move|p1a: Lycanroc|Close Combat|p2a: Lucario\n|-supereffective|p2a: Lucario\n|-activate|p2a: Lucario|move: Endure\n|-damage|p2a: Lucario|1\/100\n|-unboost|p1a: Lycanroc|def|1\n|-unboost|p1a: Lycanroc|spd|1\n|-enditem|p2a: Lucario|Salac Berry|[eat]\n|-boost|p2a: Lucario|spe|1|[from] item: Salac Berry\n|-damage|p1a: Lycanroc|0 fnt|[from] item: Life Orb\n|faint|p1a: Lycanroc\n|\n|upkeep\n|\n|t:|1699766637\n|switch|p1a: Brambleghast|Brambleghast, F|100\/100\n|turn|29\n|\n|t:|1699766645\n|switch|p2a: Cyclizar|Cyclizar, M|100\/100\n|move|p1a: Brambleghast|Shadow Sneak|p2a: Cyclizar\n|-immune|p2a: Cyclizar\n|\n|upkeep\n|turn|30\n|\n|t:|1699766654\n|switch|p1a: Diancie|Diancie|40\/100 tox\n|move|p2a: Cyclizar|U-turn|p1a: Diancie\n|-resisted|p1a: Diancie\n|-damage|p1a: Diancie|34\/100 tox\n|-damage|p2a: Cyclizar|84\/100|[from] item: Rocky Helmet|[of] p1a: Diancie\n|\n|t:|1699766666\n|switch|p2a: Lucario|Lucario, F|1\/100|[from] U-turn\n|\n|-damage|p1a: Diancie|27\/100 tox|[from] psn\n|upkeep\n|turn|31\n|\n|t:|1699766675\n|move|p2a: Lucario|Reversal|p1a: Diancie\n|-damage|p1a: Diancie|0 fnt\n|-damage|p2a: Lucario|0 fnt|[from] item: Rocky Helmet|[of] p1a: Diancie\n|faint|p1a: Diancie\n|faint|p2a: Lucario\n|\n|upkeep\n|\n|t:|1699766686\n|switch|p2a: Salazzle|Salazzle, F|82\/100\n|switch|p1a: Gastrodon|Gastrodon, M|100\/100 slp\n|turn|32\n|\n|t:|1699766691\n|move|p2a: Salazzle|Substitute|p2a: Salazzle\n|-start|p2a: Salazzle|Substitute\n|-damage|p2a: Salazzle|57\/100\n|cant|p1a: Gastrodon|slp\n|\n|-heal|p2a: Salazzle|63\/100|[from] item: Leftovers\n|upkeep\n|turn|33\n|\n|t:|1699766699\n|move|p2a: Salazzle|Protect|p2a: Salazzle\n|-singleturn|p2a: Salazzle|Protect\n|cant|p1a: Gastrodon|slp\n|\n|-heal|p2a: Salazzle|70\/100|[from] item: Leftovers\n|upkeep\n|turn|34\n|\n|t:|1699766710\n|move|p2a: Salazzle|Protect||[still]\n|-fail|p2a: Salazzle\n|-curestatus|p1a: Gastrodon|slp|[msg]\n|move|p1a: Gastrodon|Stone Edge|p2a: Salazzle\n|-supereffective|p2a: Salazzle\n|-end|p2a: Salazzle|Substitute\n|\n|-heal|p2a: Salazzle|76\/100|[from] item: Leftovers\n|upkeep\n|turn|35\n|\n|t:|1699766719\n|move|p2a: Salazzle|Toxic|p1a: Gastrodon\n|-status|p1a: Gastrodon|tox\n|move|p1a: Gastrodon|Stone Edge|p2a: Salazzle\n|-supereffective|p2a: Salazzle\n|-damage|p2a: Salazzle|0 fnt\n|faint|p2a: Salazzle\n|\n|-damage|p1a: Gastrodon|94\/100 tox|[from] psn\n|upkeep\n|\n|t:|1699766728\n|switch|p2a: Tropius|Tropius, F|100\/100\n|turn|36\n|\n|t:|1699766735\n|move|p2a: Tropius|Substitute|p2a: Tropius\n|-start|p2a: Tropius|Substitute\n|-damage|p2a: Tropius|75\/100\n|move|p1a: Gastrodon|Stone Edge|p2a: Tropius\n|-supereffective|p2a: Tropius\n|-end|p2a: Tropius|Substitute\n|\n|-heal|p1a: Gastrodon|100\/100 tox|[from] item: Leftovers\n|-damage|p1a: Gastrodon|88\/100 tox|[from] psn\n|upkeep\n|turn|37\n|\n|t:|1699766745\n|move|p2a: Tropius|Substitute|p2a: Tropius\n|-start|p2a: Tropius|Substitute\n|-damage|p2a: Tropius|50\/100\n|-enditem|p2a: Tropius|Sitrus Berry|[eat]\n|-heal|p2a: Tropius|75\/100|[from] item: Sitrus Berry\n|move|p1a: Gastrodon|Stone Edge|p2a: Tropius\n|-supereffective|p2a: Tropius\n|-end|p2a: Tropius|Substitute\n|\n|-heal|p1a: Gastrodon|94\/100 tox|[from] item: Leftovers\n|-damage|p1a: Gastrodon|76\/100 tox|[from] psn\n|upkeep\n|turn|38\n|\n|t:|1699766757\n|move|p2a: Tropius|Substitute|p2a: Tropius\n|-start|p2a: Tropius|Substitute\n|-damage|p2a: Tropius|50\/100\n|move|p1a: Gastrodon|Stone Edge|p2a: Tropius\n|-supereffective|p2a: Tropius\n|-end|p2a: Tropius|Substitute\n|\n|-heal|p1a: Gastrodon|82\/100 tox|[from] item: Leftovers\n|-damage|p1a: Gastrodon|58\/100 tox|[from] psn\n|upkeep\n|turn|39\n|c|\u2606Stephen156|ayy no misses yet\n|\n|t:|1699766767\n|move|p2a: Tropius|Protect|p2a: Tropius\n|-singleturn|p2a: Tropius|Protect\n|move|p1a: Gastrodon|Stone Edge|p2a: Tropius\n|-activate|p2a: Tropius|move: Protect\n|\n|-heal|p1a: Gastrodon|64\/100 tox|[from] item: Leftovers\n|-damage|p1a: Gastrodon|33\/100 tox|[from] psn\n|-item|p2a: Tropius|Sitrus Berry|[from] ability: Harvest\n|upkeep\n|-enditem|p2a: Tropius|Sitrus Berry|[eat]\n|-heal|p2a: Tropius|75\/100|[from] item: Sitrus Berry\n|turn|40\n|\n|t:|1699766782\n|switch|p1a: Brambleghast|Brambleghast, F|100\/100\n|move|p2a: Tropius|Substitute|p2a: Tropius\n|-start|p2a: Tropius|Substitute\n|-damage|p2a: Tropius|50\/100\n|\n|-item|p2a: Tropius|Sitrus Berry|[from] ability: Harvest\n|upkeep\n|-enditem|p2a: Tropius|Sitrus Berry|[eat]\n|-heal|p2a: Tropius|75\/100|[from] item: Sitrus Berry\n|turn|41\n|\n|t:|1699766792\n|-terastallize|p2a: Tropius|Ghost\n|move|p1a: Brambleghast|Phantom Force||[still]\n|-prepare|p1a: Brambleghast|Phantom Force\n|move|p2a: Tropius|Curse|p1a: Brambleghast|[miss]\n|-miss|p2a: Tropius|p1a: Brambleghast\n|\n|-item|p2a: Tropius|Sitrus Berry|[from] ability: Harvest\n|upkeep\n|turn|42\n|\n|t:|1699766802\n|move|p2a: Tropius|Protect|p2a: Tropius\n|-singleturn|p2a: Tropius|Protect\n|move|p1a: Brambleghast|Phantom Force|p2a: Tropius|[from]lockedmove\n|-activate|p2a: Tropius|move: Phantom Force|[broken]\n|-supereffective|p2a: Tropius\n|-end|p2a: Tropius|Substitute\n|\n|upkeep\n|turn|43\n|\n|t:|1699766815\n|move|p1a: Brambleghast|Shadow Sneak|p2a: Tropius\n|-supereffective|p2a: Tropius\n|-damage|p2a: Tropius|35\/100\n|-enditem|p2a: Tropius|Sitrus Berry|[eat]\n|-heal|p2a: Tropius|60\/100|[from] item: Sitrus Berry\n|move|p2a: Tropius|Curse|p1a: Brambleghast\n|-start|p1a: Brambleghast|Curse|[of] p2a: Tropius\n|-damage|p2a: Tropius|10\/100\n|\n|-damage|p1a: Brambleghast|75\/100|[from] Curse\n|-item|p2a: Tropius|Sitrus Berry|[from] ability: Harvest\n|upkeep\n|-enditem|p2a: Tropius|Sitrus Berry|[eat]\n|-heal|p2a: Tropius|35\/100|[from] item: Sitrus Berry\n|turn|44\n|\n|t:|1699766828\n|move|p1a: Brambleghast|Shadow Sneak|p2a: Tropius\n|-supereffective|p2a: Tropius\n|-damage|p2a: Tropius|0 fnt\n|faint|p2a: Tropius\n|\n|-damage|p1a: Brambleghast|50\/100|[from] Curse\n|upkeep\n|\n|t:|1699766831\n|switch|p2a: Cyclizar|Cyclizar, M|100\/100\n|turn|45\n|\n|t:|1699766844\n|switch|p1a: Gastrodon|Gastrodon, M|33\/100 tox\n|move|p2a: Cyclizar|U-turn|p1a: Gastrodon\n|-damage|p1a: Gastrodon|19\/100 tox\n|\n|-heal|p1a: Gastrodon|25\/100 tox|[from] item: Leftovers\n|-damage|p1a: Gastrodon|19\/100 tox|[from] psn\n|upkeep\n|turn|46\n|\n|t:|1699766858\n|move|p2a: Cyclizar|U-turn|p1a: Gastrodon\n|-damage|p1a: Gastrodon|4\/100 tox\n|move|p1a: Gastrodon|Earthquake|p2a: Cyclizar\n|-damage|p2a: Cyclizar|37\/100\n|\n|-heal|p1a: Gastrodon|10\/100 tox|[from] item: Leftovers\n|-damage|p1a: Gastrodon|0 fnt|[from] psn\n|faint|p1a: Gastrodon\n|upkeep\n|\n|t:|1699766866\n|switch|p1a: Goodra|Goodra-Hisui, M|83\/100 tox\n|turn|47\n|c|\u2606Stephen156|gg\n|\n|t:|1699766870\n|move|p2a: Cyclizar|Overheat|p1a: Goodra|[miss]\n|-miss|p2a: Cyclizar|p1a: Goodra\n|move|p1a: Goodra|Draco Meteor|p2a: Cyclizar\n|-supereffective|p2a: Cyclizar\n|-damage|p2a: Cyclizar|0 fnt\n|-unboost|p1a: Goodra|spa|2\n|faint|p2a: Cyclizar\n|\n|win|Stephen156\n|raw|Stephen156's rating: 1059 &rarr; <strong>1089<\/strong><br \/>(+30 for winning)\n|raw|Su FC Sh h Gi's rating: 1046 &rarr; <strong>1030<\/strong><br \/>(-16 for losing)\n","uploadtime":1699766897,"views":14,"p1id":"stephen156","p2id":"sufcshhgi","formatid":"gen9ou","rating":1030,"private":0,"password":""}