{"id":"gen9ou-1997244061","p1":"lucascarneiro","p2":"YaBoiBigT","format":"[Gen 9] OU","log":"|j|\u2606lucascarneiro\n|j|\u2606YaBoiBigT\n|t:|1700779707\n|gametype|singles\n|player|p1|lucascarneiro|170|1580\n|player|p2|YaBoiBigT|169|1592\n|teamsize|p1|6\n|teamsize|p2|6\n|gen|9\n|tier|[Gen 9] OU\n|rated|\n|rule|Sleep Clause Mod: Limit one foe put to sleep\n|rule|Species Clause: Limit one of each Pok\u00e9mon\n|rule|OHKO Clause: OHKO moves are banned\n|rule|Evasion Items Clause: Evasion items are banned\n|rule|Evasion Moves Clause: Evasion moves are banned\n|rule|Endless Battle Clause: Forcing endless battles is banned\n|rule|HP Percentage Mod: HP is shown in percentages\n|clearpoke\n|poke|p1|Zarude|\n|poke|p1|Ribombee, F|\n|poke|p1|Gholdengo|\n|poke|p1|Great Tusk|\n|poke|p1|Indeedee, M|\n|poke|p1|Glimmora, M|\n|poke|p2|Ribombee, F|\n|poke|p2|Gholdengo|\n|poke|p2|Crawdaunt, M|\n|poke|p2|Rillaboom, M|\n|poke|p2|Iron Treads|\n|poke|p2|Landorus-Therian, M|\n|teampreview\n|inactive|Battle timer is ON: inactive players will automatically lose when time's up. (requested by YaBoiBigT)\n|\n|t:|1700779713\n|start\n|switch|p1a: Ribombee|Ribombee, F|100\/100\n|switch|p2a: Ribombee|Ribombee, F|100\/100\n|turn|1\n|\n|t:|1700779717\n|move|p1a: Ribombee|Sticky Web|p2a: Ribombee\n|-sidestart|p2: YaBoiBigT|move: Sticky Web\n|move|p2a: Ribombee|Moonblast|p1a: Ribombee\n|-damage|p1a: Ribombee|40\/100\n|\n|upkeep\n|turn|2\n|\n|t:|1700779723\n|switch|p1a: Glimmora|Glimmora, M|100\/100\n|move|p2a: Ribombee|Moonblast|p1a: Glimmora\n|-resisted|p1a: Glimmora\n|-damage|p1a: Glimmora|76\/100\n|\n|upkeep\n|turn|3\n|\n|t:|1700779731\n|move|p2a: Ribombee|Psychic|p1a: Glimmora\n|-supereffective|p1a: Glimmora\n|-damage|p1a: Glimmora|6\/100\n|move|p1a: Glimmora|Power Gem|p2a: Ribombee\n|-supereffective|p2a: Ribombee\n|-enditem|p2a: Ribombee|Focus Sash\n|-damage|p2a: Ribombee|1\/100\n|\n|upkeep\n|turn|4\n|\n|t:|1700779739\n|switch|p1a: Indeedee|Indeedee, M|100\/100\n|-fieldstart|move: Psychic Terrain|[from] ability: Psychic Surge|[of] p1a: Indeedee\n|move|p2a: Ribombee|Moonblast|p1a: Indeedee\n|-damage|p1a: Indeedee|45\/100\n|-unboost|p1a: Indeedee|spa|1\n|\n|upkeep\n|turn|5\n|\n|t:|1700779751\n|move|p1a: Indeedee|Shadow Ball|p2a: Ribombee\n|-damage|p2a: Ribombee|0 fnt\n|faint|p2a: Ribombee\n|\n|upkeep\n|\n|t:|1700779753\n|switch|p2a: Iron Treads|Iron Treads|100\/100\n|-activate|p2a: Iron Treads|move: Sticky Web\n|-unboost|p2a: Iron Treads|spe|1\n|turn|6\n|\n|t:|1700779761\n|switch|p1a: Gholdengo|Gholdengo|100\/100\n|-item|p1a: Gholdengo|Air Balloon\n|move|p2a: Iron Treads|Knock Off|p1a: Gholdengo\n|-supereffective|p1a: Gholdengo\n|-damage|p1a: Gholdengo|28\/100\n|-enditem|p1a: Gholdengo|Air Balloon\n|\n|upkeep\n|turn|7\n|\n|t:|1700779771\n|move|p1a: Gholdengo|Shadow Ball|p2a: Iron Treads\n|-damage|p2a: Iron Treads|43\/100\n|move|p2a: Iron Treads|Knock Off|p1a: Gholdengo\n|-supereffective|p1a: Gholdengo\n|-damage|p1a: Gholdengo|0 fnt\n|faint|p1a: Gholdengo\n|\n|-heal|p2a: Iron Treads|49\/100|[from] item: Leftovers\n|upkeep\n|\n|t:|1700779784\n|switch|p1a: Great Tusk|Great Tusk|100\/100\n|-enditem|p1a: Great Tusk|Booster Energy\n|-activate|p1a: Great Tusk|ability: Protosynthesis|[fromitem]\n|-start|p1a: Great Tusk|protosynthesisatk\n|turn|8\n|\n|t:|1700779791\n|move|p1a: Great Tusk|Close Combat|p2a: Iron Treads\n|-supereffective|p2a: Iron Treads\n|-damage|p2a: Iron Treads|0 fnt\n|-unboost|p1a: Great Tusk|def|1\n|-unboost|p1a: Great Tusk|spd|1\n|faint|p2a: Iron Treads\n|-end|p2a: Iron Treads|Quark Drive|[silent]\n|\n|-fieldend|move: Psychic Terrain\n|upkeep\n|\n|t:|1700779801\n|switch|p2a: Landorus|Landorus-Therian, M, shiny|100\/100\n|-ability|p2a: Landorus|Intimidate|boost\n|-unboost|p1a: Great Tusk|atk|1\n|turn|9\n|\n|t:|1700779809\n|-terastallize|p2a: Landorus|Ice\n|move|p2a: Landorus|Tera Blast|p1a: Great Tusk|[anim] Tera Blast Ice\n|-supereffective|p1a: Great Tusk\n|-damage|p1a: Great Tusk|0 fnt\n|faint|p1a: Great Tusk\n|-end|p1a: Great Tusk|Protosynthesis|[silent]\n|\n|upkeep\n|\n|t:|1700779819\n|switch|p1a: Indeedee|Indeedee, M|45\/100\n|-fieldstart|move: Psychic Terrain|[from] ability: Psychic Surge|[of] p1a: Indeedee\n|turn|10\n|\n|t:|1700779827\n|switch|p2a: Crawdaunt|Crawdaunt, M|100\/100\n|-activate|p2a: Crawdaunt|move: Sticky Web\n|-unboost|p2a: Crawdaunt|spe|1\n|move|p1a: Indeedee|Psychic|p2a: Crawdaunt\n|-immune|p2a: Crawdaunt\n|\n|upkeep\n|turn|11\n|\n|t:|1700779839\n|switch|p1a: Glimmora|Glimmora, M|6\/100\n|move|p2a: Crawdaunt|Knock Off|p1a: Glimmora\n|-damage|p1a: Glimmora|0 fnt\n|-activate|p1a: Glimmora|ability: Toxic Debris\n|-sidestart|p2: YaBoiBigT|move: Toxic Spikes\n|-enditem|p1a: Glimmora|Choice Specs|[from] move: Knock Off|[of] p2a: Crawdaunt\n|faint|p1a: Glimmora\n|\n|upkeep\n|\n|t:|1700779857\n|switch|p1a: Zarude|Zarude|100\/100\n|-enditem|p1a: Zarude|Psychic Seed\n|-boost|p1a: Zarude|spd|1|[from] item: Psychic Seed\n|turn|12\n|\n|t:|1700779863\n|switch|p2a: Landorus|Landorus-Therian, M, shiny, tera:Ice|100\/100\n|-activate|p2a: Landorus|move: Sticky Web\n|-unboost|p2a: Landorus|spe|1\n|-status|p2a: Landorus|psn\n|-ability|p2a: Landorus|Intimidate|boost\n|-unboost|p1a: Zarude|atk|1\n|move|p1a: Zarude|Bulk Up|p1a: Zarude\n|-boost|p1a: Zarude|atk|1\n|-boost|p1a: Zarude|def|1\n|\n|-damage|p2a: Landorus|88\/100 psn|[from] psn\n|upkeep\n|turn|13\n|\n|t:|1700779875\n|-terastallize|p1a: Zarude|Flying\n|move|p1a: Zarude|Bulk Up|p1a: Zarude\n|-boost|p1a: Zarude|atk|1\n|-boost|p1a: Zarude|def|1\n|move|p2a: Landorus|U-turn|p1a: Zarude\n|-resisted|p1a: Zarude\n|-damage|p1a: Zarude|93\/100\n|\n|t:|1700779880\n|switch|p2a: Gholdengo|Gholdengo|100\/100|[from] U-turn\n|-item|p2a: Gholdengo|Air Balloon\n|\n|upkeep\n|turn|14\n|\n|t:|1700779885\n|move|p1a: Zarude|Crunch|p2a: Gholdengo\n|-supereffective|p2a: Gholdengo\n|-damage|p2a: Gholdengo|0 fnt\n|-enditem|p2a: Gholdengo|Air Balloon\n|faint|p2a: Gholdengo\n|\n|-fieldend|move: Psychic Terrain\n|upkeep\n|-message|YaBoiBigT forfeited.\n|\n|win|lucascarneiro\n|raw|lucascarneiro's rating: 1580 &rarr; <strong>1601<\/strong><br \/>(+21 for winning)\n|raw|YaBoiBigT's rating: 1592 &rarr; <strong>1571<\/strong><br \/>(-21 for losing)\n|l|\u2606YaBoiBigT\n","uploadtime":1700779895,"views":8,"p1id":"lucascarneiro","p2id":"yaboibigt","formatid":"gen9ou","rating":1571,"private":0,"password":""}