{"id":"gen9ou-1993167902","p1":"wooper junior","p2":"StatykBoy","format":"[Gen 9] OU","log":"|j|\u2606wooper junior\n|j|\u2606StatykBoy\n|t:|1700273044\n|gametype|singles\n|player|p1|wooper junior|harlequin|1246\n|player|p2|StatykBoy|266|1185\n|teamsize|p1|6\n|teamsize|p2|6\n|gen|9\n|tier|[Gen 9] OU\n|rated|\n|rule|Sleep Clause Mod: Limit one foe put to sleep\n|rule|Species Clause: Limit one of each Pok\u00e9mon\n|rule|OHKO Clause: OHKO moves are banned\n|rule|Evasion Items Clause: Evasion items are banned\n|rule|Evasion Moves Clause: Evasion moves are banned\n|rule|Endless Battle Clause: Forcing endless battles is banned\n|rule|HP Percentage Mod: HP is shown in percentages\n|clearpoke\n|poke|p1|Haxorus, F|\n|poke|p1|Heatran, F|\n|poke|p1|Ogerpon-Wellspring, F|\n|poke|p1|Hatterene, F|\n|poke|p1|Thundurus-Therian, M|\n|poke|p1|Great Tusk|\n|poke|p2|Walking Wake|\n|poke|p2|Gholdengo|\n|poke|p2|Great Tusk|\n|poke|p2|Torkoal, M|\n|poke|p2|Scream Tail|\n|poke|p2|Moltres|\n|teampreview\n|inactive|Battle timer is ON: inactive players will automatically lose when time's up. (requested by wooper junior)\n|\n|t:|1700273052\n|start\n|switch|p1a: Haxorus|Haxorus, F, shiny|100\/100\n|switch|p2a: Torkoal|Torkoal, M|100\/100\n|-ability|p1a: Haxorus|Mold Breaker\n|-weather|SunnyDay|[from] ability: Drought|[of] p2a: Torkoal\n|turn|1\n|j| wookiepizza\n|\n|t:|1700273065\n|move|p1a: Haxorus|Dragon Dance|p1a: Haxorus\n|-boost|p1a: Haxorus|atk|1\n|-boost|p1a: Haxorus|spe|1\n|move|p2a: Torkoal|Yawn|p1a: Haxorus\n|-start|p1a: Haxorus|move: Yawn|[of] p2a: Torkoal\n|\n|-weather|SunnyDay|[upkeep]\n|upkeep\n|turn|2\n|\n|t:|1700273072\n|switch|p1a: Heatran|Heatran, F|100\/100\n|-item|p1a: Heatran|Air Balloon\n|move|p2a: Torkoal|Stealth Rock|p1a: Heatran\n|-sidestart|p1: wooper junior|move: Stealth Rock\n|\n|-weather|SunnyDay|[upkeep]\n|upkeep\n|turn|3\n|\n|t:|1700273093\n|switch|p2a: Great Tusk|Great Tusk|100\/100\n|-activate|p2a: Great Tusk|ability: Protosynthesis\n|-start|p2a: Great Tusk|protosynthesisdef\n|move|p1a: Heatran|Taunt|p2a: Great Tusk\n|-start|p2a: Great Tusk|move: Taunt\n|\n|-weather|SunnyDay|[upkeep]\n|upkeep\n|turn|4\n|\n|t:|1700273106\n|move|p2a: Great Tusk|Body Press|p1a: Heatran\n|-supereffective|p1a: Heatran\n|-damage|p1a: Heatran|32\/100\n|-enditem|p1a: Heatran|Air Balloon\n|move|p1a: Heatran|Magma Storm|p2a: Great Tusk\n|-damage|p2a: Great Tusk|7\/100\n|-activate|p2a: Great Tusk|move: Magma Storm|[of] p1a: Heatran\n|\n|-weather|SunnyDay|[upkeep]\n|-heal|p2a: Great Tusk|13\/100|[from] item: Leftovers\n|-damage|p2a: Great Tusk|0 fnt|[from] move: Magma Storm|[partiallytrapped]\n|faint|p2a: Great Tusk\n|-end|p2a: Great Tusk|Protosynthesis|[silent]\n|upkeep\n|inactive|StatykBoy has 120 seconds left.\n|\n|t:|1700273123\n|switch|p2a: Walking Wake|Walking Wake|100\/100\n|-activate|p2a: Walking Wake|ability: Protosynthesis\n|-start|p2a: Walking Wake|protosynthesisspe\n|turn|5\n|inactive|StatykBoy has 120 seconds left.\n|\n|t:|1700273140\n|move|p1a: Heatran|Protect|p1a: Heatran\n|-singleturn|p1a: Heatran|Protect\n|move|p2a: Walking Wake|Draco Meteor|p1a: Heatran\n|-activate|p1a: Heatran|move: Protect\n|\n|-weather|SunnyDay|[upkeep]\n|upkeep\n|turn|6\n|inactive|StatykBoy has 120 seconds left.\n|\n|t:|1700273152\n|switch|p1a: Hatterene|Hatterene, F|100\/100\n|-damage|p1a: Hatterene|88\/100|[from] Stealth Rock\n|move|p2a: Walking Wake|Hydro Steam|p1a: Hatterene\n|-crit|p1a: Hatterene\n|-damage|p1a: Hatterene|28\/100\n|\n|-weather|SunnyDay|[upkeep]\n|upkeep\n|turn|7\n|inactive|StatykBoy has 120 seconds left.\n|\n|t:|1700273174\n|switch|p1a: Ogerpon|Ogerpon-Wellspring, F|100\/100\n|-damage|p1a: Ogerpon|88\/100|[from] Stealth Rock\n|move|p2a: Walking Wake|Draco Meteor|p1a: Ogerpon\n|-damage|p1a: Ogerpon|13\/100\n|-unboost|p2a: Walking Wake|spa|2\n|\n|-weather|SunnyDay|[upkeep]\n|upkeep\n|turn|8\n|\n|t:|1700273193\n|-end|p2a: Walking Wake|Protosynthesis|[silent]\n|switch|p2a: Scream Tail|Scream Tail|100\/100\n|-activate|p2a: Scream Tail|ability: Protosynthesis\n|-start|p2a: Scream Tail|protosynthesisspd\n|move|p1a: Ogerpon|Encore||[still]\n|-fail|p1a: Ogerpon\n|\n|-weather|none\n|-end|p2a: Scream Tail|Protosynthesis\n|upkeep\n|turn|9\n|inactive|StatykBoy has 90 seconds left.\n|\n|t:|1700273216\n|move|p1a: Ogerpon|Ivy Cudgel|p2a: Scream Tail|[anim] Ivy Cudgel Water\n|-damage|p2a: Scream Tail|50\/100\n|move|p2a: Scream Tail|Wish|p2a: Scream Tail\n|\n|upkeep\n|turn|10\n|inactive|StatykBoy has 90 seconds left.\n|inactive|StatykBoy has 60 seconds left.\n|\n|t:|1700273256\n|-end|p2a: Scream Tail|Protosynthesis|[silent]\n|switch|p2a: Walking Wake|Walking Wake|100\/100\n|move|p1a: Ogerpon|Ivy Cudgel|p2a: Walking Wake|[anim] Ivy Cudgel Water\n|-resisted|p2a: Walking Wake\n|-damage|p2a: Walking Wake|85\/100\n|\n|-heal|p2a: Walking Wake|100\/100|[from] move: Wish|[wisher] Scream Tail\n|upkeep\n|turn|11\n|inactive|StatykBoy has 60 seconds left.\n|\n|t:|1700273285\n|move|p1a: Ogerpon|Play Rough|p2a: Walking Wake\n|-supereffective|p2a: Walking Wake\n|-damage|p2a: Walking Wake|18\/100\n|move|p2a: Walking Wake|Weather Ball|p1a: Ogerpon\n|-damage|p1a: Ogerpon|0 fnt\n|faint|p1a: Ogerpon\n|\n|upkeep\n|\n|t:|1700273293\n|switch|p1a: Great Tusk|Great Tusk|100\/100\n|-damage|p1a: Great Tusk|98\/100|[from] Stealth Rock\n|-enditem|p1a: Great Tusk|Booster Energy\n|-activate|p1a: Great Tusk|ability: Protosynthesis|[fromitem]\n|-start|p1a: Great Tusk|protosynthesisatk\n|turn|12\n|\n|t:|1700273314\n|-end|p1a: Great Tusk|Protosynthesis|[silent]\n|switch|p1a: Hatterene|Hatterene, F|28\/100\n|-damage|p1a: Hatterene|16\/100|[from] Stealth Rock\n|move|p2a: Walking Wake|Hydro Steam|p1a: Hatterene\n|-damage|p1a: Hatterene|0 fnt\n|faint|p1a: Hatterene\n|\n|upkeep\n|\n|t:|1700273321\n|switch|p1a: Thundurus|Thundurus-Therian, M|100\/100\n|-damage|p1a: Thundurus|76\/100|[from] Stealth Rock\n|turn|13\n|\n|t:|1700273333\n|-end|p2a: Walking Wake|Protosynthesis|[silent]\n|switch|p2a: Torkoal|Torkoal, M|100\/100\n|-weather|SunnyDay|[from] ability: Drought|[of] p2a: Torkoal\n|move|p1a: Thundurus|Volt Switch|p2a: Torkoal\n|-damage|p2a: Torkoal|45\/100\n|\n|t:|1700273340\n|switch|p1a: Great Tusk|Great Tusk|98\/100|[from] Volt Switch\n|-damage|p1a: Great Tusk|95\/100|[from] Stealth Rock\n|-activate|p1a: Great Tusk|ability: Protosynthesis\n|-start|p1a: Great Tusk|protosynthesisatk\n|\n|-weather|SunnyDay|[upkeep]\n|upkeep\n|turn|14\n|inactive|StatykBoy has 60 seconds left.\n|\n|t:|1700273348\n|switch|p2a: Moltres|Moltres|100\/100\n|move|p1a: Great Tusk|Rapid Spin|p2a: Moltres\n|-damage|p2a: Moltres|80\/100\n|-boost|p1a: Great Tusk|spe|1\n|-status|p1a: Great Tusk|brn|[from] ability: Flame Body|[of] p2a: Moltres\n|-sideend|p1: wooper junior|Stealth Rock|[from] move: Rapid Spin|[of] p1a: Great Tusk\n|\n|-weather|SunnyDay|[upkeep]\n|-damage|p1a: Great Tusk|88\/100 brn|[from] brn\n|upkeep\n|turn|15\n|inactive|StatykBoy has 60 seconds left.\n|\n|t:|1700273371\n|-end|p1a: Great Tusk|Protosynthesis|[silent]\n|switch|p1a: Heatran|Heatran, F|32\/100\n|move|p2a: Moltres|Air Slash|p1a: Heatran|[miss]\n|-miss|p2a: Moltres|p1a: Heatran\n|\n|-weather|SunnyDay|[upkeep]\n|upkeep\n|turn|16\n|\n|t:|1700273383\n|move|p2a: Moltres|Air Slash|p1a: Heatran\n|-resisted|p1a: Heatran\n|-damage|p1a: Heatran|18\/100\n|move|p1a: Heatran|Stealth Rock|p2a: Moltres\n|-sidestart|p2: StatykBoy|move: Stealth Rock\n|\n|-weather|SunnyDay|[upkeep]\n|upkeep\n|turn|17\n|\n|t:|1700273390\n|move|p2a: Moltres|Air Slash|p1a: Heatran\n|-resisted|p1a: Heatran\n|-damage|p1a: Heatran|4\/100\n|move|p1a: Heatran|Magma Storm|p2a: Moltres\n|-resisted|p2a: Moltres\n|-damage|p2a: Moltres|47\/100\n|-activate|p2a: Moltres|move: Magma Storm|[of] p1a: Heatran\n|\n|-weather|SunnyDay|[upkeep]\n|-damage|p2a: Moltres|34\/100|[from] move: Magma Storm|[partiallytrapped]\n|upkeep\n|turn|18\n|inactive|StatykBoy has 60 seconds left.\n|\n|t:|1700273398\n|move|p1a: Heatran|Protect|p1a: Heatran\n|-singleturn|p1a: Heatran|Protect\n|move|p2a: Moltres|Air Slash|p1a: Heatran\n|-activate|p1a: Heatran|move: Protect\n|\n|-weather|SunnyDay|[upkeep]\n|-damage|p2a: Moltres|22\/100|[from] move: Magma Storm|[partiallytrapped]\n|upkeep\n|turn|19\n|\n|t:|1700273408\n|move|p1a: Heatran|Protect||[still]\n|-fail|p1a: Heatran\n|move|p2a: Moltres|Air Slash|p1a: Heatran\n|-resisted|p1a: Heatran\n|-damage|p1a: Heatran|0 fnt\n|faint|p1a: Heatran\n|\n|-weather|SunnyDay|[upkeep]\n|-end|p2a: Moltres|Magma Storm|[partiallytrapped]|[silent]\n|upkeep\n|\n|t:|1700273416\n|switch|p1a: Thundurus|Thundurus-Therian, M|76\/100\n|turn|20\n|\n|t:|1700273434\n|switch|p2a: Scream Tail|Scream Tail|50\/100\n|-damage|p2a: Scream Tail|38\/100|[from] Stealth Rock\n|-activate|p2a: Scream Tail|ability: Protosynthesis\n|-start|p2a: Scream Tail|protosynthesisspd\n|move|p1a: Thundurus|Thunderbolt|p2a: Scream Tail\n|-damage|p2a: Scream Tail|18\/100\n|\n|-weather|none\n|-end|p2a: Scream Tail|Protosynthesis\n|upkeep\n|turn|21\n|inactive|StatykBoy has 60 seconds left.\n|\n|t:|1700273450\n|move|p1a: Thundurus|Thunderbolt|p2a: Scream Tail\n|-damage|p2a: Scream Tail|0 fnt\n|faint|p2a: Scream Tail\n|-end|p2a: Scream Tail|Protosynthesis|[silent]\n|\n|upkeep\n|inactive|StatykBoy has 60 seconds left.\n|\n|t:|1700273461\n|switch|p2a: Gholdengo|Gholdengo|100\/100\n|-damage|p2a: Gholdengo|94\/100|[from] Stealth Rock\n|turn|22\n|inactive|StatykBoy has 60 seconds left.\n|\n|t:|1700273472\n|move|p1a: Thundurus|Thunderbolt|p2a: Gholdengo\n|-damage|p2a: Gholdengo|30\/100\n|move|p2a: Gholdengo|Dazzling Gleam|p1a: Thundurus\n|-damage|p1a: Thundurus|35\/100\n|\n|upkeep\n|turn|23\n|inactive|StatykBoy has 60 seconds left.\n|\n|t:|1700273486\n|switch|p2a: Torkoal|Torkoal, M|45\/100\n|-damage|p2a: Torkoal|20\/100|[from] Stealth Rock\n|-weather|SunnyDay|[from] ability: Drought|[of] p2a: Torkoal\n|move|p1a: Thundurus|Thunderbolt|p2a: Torkoal\n|-damage|p2a: Torkoal|0 fnt\n|faint|p2a: Torkoal\n|\n|-weather|SunnyDay|[upkeep]\n|upkeep\n|\n|t:|1700273502\n|switch|p2a: Walking Wake|Walking Wake|18\/100\n|-activate|p2a: Walking Wake|ability: Protosynthesis\n|-start|p2a: Walking Wake|protosynthesisspe\n|turn|24\n|\n|t:|1700273515\n|move|p2a: Walking Wake|Hydro Steam|p1a: Thundurus\n|-damage|p1a: Thundurus|0 fnt\n|faint|p1a: Thundurus\n|\n|-weather|SunnyDay|[upkeep]\n|upkeep\n|\n|t:|1700273520\n|switch|p1a: Great Tusk|Great Tusk|88\/100 brn\n|-activate|p1a: Great Tusk|ability: Protosynthesis\n|-start|p1a: Great Tusk|protosynthesisatk\n|turn|25\n|inactive|StatykBoy has 60 seconds left.\n|\n|t:|1700273530\n|-terastallize|p2a: Walking Wake|Water\n|-terastallize|p1a: Great Tusk|Steel\n|move|p2a: Walking Wake|Hydro Steam|p1a: Great Tusk\n|-damage|p1a: Great Tusk|0 fnt\n|faint|p1a: Great Tusk\n|-end|p1a: Great Tusk|Protosynthesis|[silent]\n|\n|-weather|SunnyDay|[upkeep]\n|upkeep\n|\n|t:|1700273537\n|switch|p1a: Haxorus|Haxorus, F, shiny|100\/100\n|-ability|p1a: Haxorus|Mold Breaker\n|turn|26\n|\n|t:|1700273545\n|move|p2a: Walking Wake|Draco Meteor|p1a: Haxorus\n|-supereffective|p1a: Haxorus\n|-damage|p1a: Haxorus|0 fnt\n|-unboost|p2a: Walking Wake|spa|2\n|faint|p1a: Haxorus\n|\n|win|StatykBoy\n|raw|wooper junior's rating: 1246 &rarr; <strong>1217<\/strong><br \/>(-29 for losing)\n|raw|StatykBoy's rating: 1185 &rarr; <strong>1214<\/strong><br \/>(+29 for winning)\n|c|\u2606wooper junior|gg\n|l|\u2606wooper junior\n","uploadtime":1700273575,"views":17,"p1id":"wooperjunior","p2id":"statykboy","formatid":"gen9ou","rating":1214,"private":0,"password":""}