{"id":"gen9ou-1989269974","p1":"grass knot zygarde","p2":"Peratest","format":"[Gen 9] OU","log":"|j|\u2606grass knot zygarde\n|j|\u203dPeratest\n|t:|1699830154\n|gametype|singles\n|player|p1|grass knot zygarde|dawn|1455\n|player|p2|Peratest|linebacker|1537\n|teamsize|p1|6\n|teamsize|p2|6\n|gen|9\n|tier|[Gen 9] OU\n|rated|\n|rule|Sleep Clause Mod: Limit one foe put to sleep\n|rule|Species Clause: Limit one of each Pok\u00e9mon\n|rule|OHKO Clause: OHKO moves are banned\n|rule|Evasion Items Clause: Evasion items are banned\n|rule|Evasion Moves Clause: Evasion moves are banned\n|rule|Endless Battle Clause: Forcing endless battles is banned\n|rule|HP Percentage Mod: HP is shown in percentages\n|clearpoke\n|poke|p1|Rillaboom, F|\n|poke|p1|Great Tusk|\n|poke|p1|Kingambit, F|\n|poke|p1|Zapdos|\n|poke|p1|Slowking-Galar, M|\n|poke|p1|Cinderace, M|\n|poke|p2|Heatran, M|\n|poke|p2|Dragonite, M|\n|poke|p2|Iron Valiant|\n|poke|p2|Ursaluna, M|\n|poke|p2|Corviknight, M|\n|poke|p2|Alomomola, F|\n|teampreview\n|inactive|Battle timer is ON: inactive players will automatically lose when time's up. (requested by grass knot zygarde)\n|j| tomelesssac\n|\n|t:|1699830182\n|start\n|switch|p1a: BLAME IT ON BABY|Zapdos|100\/100\n|switch|p2a: Ursaluna|Ursaluna, M, shiny|100\/100\n|turn|1\n|\n|t:|1699830194\n|move|p1a: BLAME IT ON BABY|Hurricane|p2a: Ursaluna\n|-damage|p2a: Ursaluna|77\/100\n|move|p2a: Ursaluna|Body Slam|p1a: BLAME IT ON BABY\n|-damage|p1a: BLAME IT ON BABY|61\/100\n|\n|upkeep\n|turn|2\n|\n|t:|1699830205\n|switch|p1a: ROCKSTAR|Great Tusk|100\/100\n|move|p2a: Ursaluna|Body Slam|p1a: ROCKSTAR\n|-damage|p1a: ROCKSTAR|67\/100\n|\n|-heal|p1a: ROCKSTAR|73\/100|[from] item: Leftovers\n|upkeep\n|turn|3\n|\n|t:|1699830221\n|switch|p2a: Alomomola|Alomomola, F, shiny|100\/100\n|move|p1a: ROCKSTAR|Ice Spinner|p2a: Alomomola\n|-resisted|p2a: Alomomola\n|-damage|p2a: Alomomola|94\/100\n|-enditem|p2a: Alomomola|Red Card|[of] p1a: ROCKSTAR\n|-end|p1a: ROCKSTAR|Protosynthesis|[silent]\n|drag|p1a: BLAME IT ON BABY|Zapdos|61\/100\n|\n|upkeep\n|turn|4\n|\n|t:|1699830238\n|move|p1a: BLAME IT ON BABY|Roost|p1a: BLAME IT ON BABY\n|-heal|p1a: BLAME IT ON BABY|100\/100\n|-singleturn|p1a: BLAME IT ON BABY|move: Roost\n|move|p2a: Alomomola|Flip Turn|p1a: BLAME IT ON BABY\n|-damage|p1a: BLAME IT ON BABY|86\/100\n|-status|p2a: Alomomola|par|[from] ability: Static|[of] p1a: BLAME IT ON BABY\n|\n|t:|1699830247\n|switch|p2a: Heatran|Heatran, M, shiny|100\/100|[from] Flip Turn\n|\n|upkeep\n|turn|5\n|\n|t:|1699830253\n|move|p1a: BLAME IT ON BABY|Thunder Wave|p2a: Heatran\n|-status|p2a: Heatran|par\n|move|p2a: Heatran|Magma Storm|p1a: BLAME IT ON BABY\n|-damage|p1a: BLAME IT ON BABY|43\/100\n|-activate|p1a: BLAME IT ON BABY|move: Magma Storm|[of] p2a: Heatran\n|\n|-damage|p1a: BLAME IT ON BABY|30\/100|[from] move: Magma Storm|[partiallytrapped]\n|upkeep\n|turn|6\n|\n|t:|1699830264\n|move|p1a: BLAME IT ON BABY|Volt Switch|p2a: Heatran\n|-damage|p2a: Heatran|83\/100 par\n|\n|t:|1699830270\n|switch|p1a: BLIND|Slowking-Galar, M|100\/100|[from] Volt Switch\n|move|p2a: Heatran|Earth Power|p1a: BLIND\n|-supereffective|p1a: BLIND\n|-damage|p1a: BLIND|76\/100\n|\n|-heal|p2a: Heatran|89\/100 par|[from] item: Leftovers\n|upkeep\n|turn|7\n|\n|t:|1699830280\n|move|p2a: Heatran|Taunt|p1a: BLIND\n|-start|p1a: BLIND|move: Taunt\n|move|p1a: BLIND|Surf|p2a: Heatran\n|-supereffective|p2a: Heatran\n|-crit|p2a: Heatran\n|-damage|p2a: Heatran|38\/100 par\n|\n|-heal|p2a: Heatran|44\/100 par|[from] item: Leftovers\n|upkeep\n|turn|8\n|\n|t:|1699830294\n|cant|p2a: Heatran|par\n|move|p1a: BLIND|Surf|p2a: Heatran\n|-supereffective|p2a: Heatran\n|-damage|p2a: Heatran|9\/100 par\n|\n|-heal|p2a: Heatran|15\/100 par|[from] item: Leftovers\n|upkeep\n|turn|9\n|\n|t:|1699830302\n|move|p2a: Heatran|Magma Storm|p1a: BLIND\n|-damage|p1a: BLIND|56\/100\n|-activate|p1a: BLIND|move: Magma Storm|[of] p2a: Heatran\n|move|p1a: BLIND|Surf|p2a: Heatran\n|-supereffective|p2a: Heatran\n|-damage|p2a: Heatran|0 fnt\n|faint|p2a: Heatran\n|\n|-end|p1a: BLIND|Magma Storm|[partiallytrapped]|[silent]\n|-end|p1a: BLIND|move: Taunt\n|upkeep\n|\n|t:|1699830313\n|switch|p2a: Ursaluna|Ursaluna, M, shiny|77\/100\n|turn|10\n|j| incrediblegassygem\n|\n|t:|1699830324\n|switch|p1a: ROCKSTAR|Great Tusk|73\/100\n|move|p2a: Ursaluna|Body Slam|p1a: ROCKSTAR\n|-damage|p1a: ROCKSTAR|43\/100\n|-status|p1a: ROCKSTAR|par\n|\n|-heal|p1a: ROCKSTAR|49\/100 par|[from] item: Leftovers\n|upkeep\n|turn|11\n|\n|t:|1699830338\n|move|p1a: ROCKSTAR|Ice Spinner|p2a: Ursaluna\n|-supereffective|p2a: Ursaluna\n|-damage|p2a: Ursaluna|44\/100\n|move|p2a: Ursaluna|Earthquake|p1a: ROCKSTAR\n|-damage|p1a: ROCKSTAR|11\/100 par\n|\n|-heal|p1a: ROCKSTAR|18\/100 par|[from] item: Leftovers\n|upkeep\n|turn|12\n|c| tomelesssac|Gassy gemerald\n|\n|t:|1699830347\n|move|p1a: ROCKSTAR|Ice Spinner|p2a: Ursaluna\n|-supereffective|p2a: Ursaluna\n|-damage|p2a: Ursaluna|8\/100\n|move|p2a: Ursaluna|Body Slam|p1a: ROCKSTAR\n|-damage|p1a: ROCKSTAR|0 fnt\n|faint|p1a: ROCKSTAR\n|-end|p1a: ROCKSTAR|Protosynthesis|[silent]\n|\n|upkeep\n|\n|t:|1699830360\n|switch|p1a: PEEP HOLE|Rillaboom, F|100\/100\n|-fieldstart|move: Grassy Terrain|[from] ability: Grassy Surge|[of] p1a: PEEP HOLE\n|turn|13\n|\n|t:|1699830372\n|switch|p2a: Corviknight|Corviknight, M, shiny|100\/100\n|-ability|p2a: Corviknight|Pressure\n|move|p1a: PEEP HOLE|U-turn|p2a: Corviknight\n|-resisted|p2a: Corviknight\n|-damage|p2a: Corviknight|94\/100\n|-damage|p1a: PEEP HOLE|84\/100|[from] item: Rocky Helmet|[of] p2a: Corviknight\n|\n|t:|1699830376\n|switch|p1a: BLAME IT ON BABY|Zapdos|30\/100|[from] U-turn\n|\n|upkeep\n|turn|14\n|c| incrediblegassygem|this is SO gassy..\n|\n|t:|1699830384\n|move|p1a: BLAME IT ON BABY|Roost|p1a: BLAME IT ON BABY\n|-heal|p1a: BLAME IT ON BABY|80\/100\n|-singleturn|p1a: BLAME IT ON BABY|move: Roost\n|move|p2a: Corviknight|U-turn|p1a: BLAME IT ON BABY\n|-damage|p1a: BLAME IT ON BABY|70\/100\n|\n|t:|1699830391\n|switch|p2a: Iron Valiant|Iron Valiant, shiny|100\/100|[from] U-turn\n|-enditem|p2a: Iron Valiant|Booster Energy\n|-activate|p2a: Iron Valiant|ability: Quark Drive|[fromitem]\n|-start|p2a: Iron Valiant|quarkdrivespe\n|\n|-heal|p1a: BLAME IT ON BABY|76\/100|[from] Grassy Terrain\n|upkeep\n|turn|15\n|\n|t:|1699830416\n|-terastallize|p2a: Iron Valiant|Electric\n|move|p2a: Iron Valiant|Calm Mind|p2a: Iron Valiant\n|-boost|p2a: Iron Valiant|spa|1\n|-boost|p2a: Iron Valiant|spd|1\n|move|p1a: BLAME IT ON BABY|Thunder Wave|p2a: Iron Valiant\n|-immune|p2a: Iron Valiant\n|\n|upkeep\n|turn|16\n|\n|t:|1699830425\n|move|p2a: Iron Valiant|Calm Mind|p2a: Iron Valiant\n|-boost|p2a: Iron Valiant|spa|1\n|-boost|p2a: Iron Valiant|spd|1\n|move|p1a: BLAME IT ON BABY|Volt Switch|p2a: Iron Valiant\n|-resisted|p2a: Iron Valiant\n|-damage|p2a: Iron Valiant|88\/100\n|\n|t:|1699830433\n|switch|p1a: BLIND|Slowking-Galar, M|90\/100|[from] Volt Switch\n|\n|-heal|p2a: Iron Valiant|95\/100|[from] Grassy Terrain\n|-heal|p1a: BLIND|96\/100|[from] Grassy Terrain\n|upkeep\n|turn|17\n|\n|t:|1699830441\n|move|p2a: Iron Valiant|Thunderbolt|p1a: BLIND\n|-damage|p1a: BLIND|58\/100\n|move|p1a: BLIND|Psyshock|p2a: Iron Valiant\n|-damage|p2a: Iron Valiant|52\/100\n|\n|-heal|p2a: Iron Valiant|58\/100|[from] Grassy Terrain\n|-heal|p1a: BLIND|64\/100|[from] Grassy Terrain\n|-fieldend|move: Grassy Terrain\n|upkeep\n|turn|18\n|\n|t:|1699830452\n|move|p2a: Iron Valiant|Thunderbolt|p1a: BLIND\n|-damage|p1a: BLIND|27\/100\n|move|p1a: BLIND|Psyshock|p2a: Iron Valiant\n|-damage|p2a: Iron Valiant|13\/100\n|\n|upkeep\n|turn|19\n|\n|t:|1699830460\n|move|p2a: Iron Valiant|Moonblast|p1a: BLIND\n|-resisted|p1a: BLIND\n|-damage|p1a: BLIND|7\/100\n|move|p1a: BLIND|Psyshock|p2a: Iron Valiant\n|-damage|p2a: Iron Valiant|0 fnt\n|faint|p2a: Iron Valiant\n|-end|p2a: Iron Valiant|Quark Drive|[silent]\n|\n|upkeep\n|\n|t:|1699830475\n|switch|p2a: Ursaluna|Ursaluna, M, shiny|8\/100\n|turn|20\n|\n|t:|1699830482\n|move|p2a: Ursaluna|Body Slam|p1a: BLIND\n|-damage|p1a: BLIND|0 fnt\n|faint|p1a: BLIND\n|\n|upkeep\n|\n|t:|1699830485\n|switch|p1a: PEEP HOLE|Rillaboom, F|84\/100\n|-fieldstart|move: Grassy Terrain|[from] ability: Grassy Surge|[of] p1a: PEEP HOLE\n|turn|21\n|\n|t:|1699830500\n|switch|p2a: Corviknight|Corviknight, M, shiny|94\/100\n|-ability|p2a: Corviknight|Pressure\n|move|p1a: PEEP HOLE|U-turn|p2a: Corviknight\n|-resisted|p2a: Corviknight\n|-damage|p2a: Corviknight|89\/100\n|-damage|p1a: PEEP HOLE|67\/100|[from] item: Rocky Helmet|[of] p2a: Corviknight\n|\n|t:|1699830507\n|switch|p1a: BLAME IT ON BABY|Zapdos|76\/100|[from] U-turn\n|\n|upkeep\n|turn|22\n|\n|t:|1699830513\n|move|p1a: BLAME IT ON BABY|Thunder Wave|p2a: Corviknight\n|-status|p2a: Corviknight|par\n|move|p2a: Corviknight|U-turn|p1a: BLAME IT ON BABY\n|-resisted|p1a: BLAME IT ON BABY\n|-damage|p1a: BLAME IT ON BABY|70\/100\n|\n|t:|1699830528\n|switch|p2a: Ursaluna|Ursaluna, M, shiny|8\/100|[from] U-turn\n|\n|-heal|p2a: Ursaluna|14\/100|[from] Grassy Terrain\n|upkeep\n|turn|23\n|\n|t:|1699830545\n|switch|p2a: Corviknight|Corviknight, M, shiny|89\/100 par\n|-ability|p2a: Corviknight|Pressure\n|move|p1a: BLAME IT ON BABY|Hurricane|p2a: Corviknight\n|-resisted|p2a: Corviknight\n|-damage|p2a: Corviknight|68\/100 par\n|\n|upkeep\n|turn|24\n|\n|t:|1699830555\n|switch|p2a: Ursaluna|Ursaluna, M, shiny|14\/100\n|move|p1a: BLAME IT ON BABY|Volt Switch|p2a: Ursaluna\n|-immune|p2a: Ursaluna\n|\n|-heal|p2a: Ursaluna|20\/100|[from] Grassy Terrain\n|upkeep\n|turn|25\n|\n|t:|1699830564\n|move|p1a: BLAME IT ON BABY|Hurricane|p2a: Ursaluna|[miss]\n|-miss|p1a: BLAME IT ON BABY|p2a: Ursaluna\n|move|p2a: Ursaluna|Body Slam|p1a: BLAME IT ON BABY\n|-crit|p1a: BLAME IT ON BABY\n|-damage|p1a: BLAME IT ON BABY|11\/100\n|\n|-heal|p2a: Ursaluna|26\/100|[from] Grassy Terrain\n|-fieldend|move: Grassy Terrain\n|upkeep\n|turn|26\n|\n|t:|1699830575\n|move|p1a: BLAME IT ON BABY|Hurricane|p2a: Ursaluna\n|-crit|p2a: Ursaluna\n|-damage|p2a: Ursaluna|0 fnt\n|faint|p2a: Ursaluna\n|\n|upkeep\n|\n|t:|1699830580\n|switch|p2a: Dragonite|Dragonite, M, shiny|100\/100\n|turn|27\n|\n|t:|1699830585\n|move|p1a: BLAME IT ON BABY|Thunder Wave|p2a: Dragonite\n|-status|p2a: Dragonite|par\n|move|p2a: Dragonite|Dragon Dance|p2a: Dragonite\n|-boost|p2a: Dragonite|atk|1\n|-boost|p2a: Dragonite|spe|1\n|\n|upkeep\n|turn|28\n|\n|t:|1699830596\n|move|p2a: Dragonite|Extreme Speed|p1a: BLAME IT ON BABY\n|-damage|p1a: BLAME IT ON BABY|0 fnt\n|faint|p1a: BLAME IT ON BABY\n|\n|upkeep\n|\n|t:|1699830608\n|switch|p1a: PEEP HOLE|Rillaboom, F|67\/100\n|-fieldstart|move: Grassy Terrain|[from] ability: Grassy Surge|[of] p1a: PEEP HOLE\n|turn|29\n|\n|t:|1699830613\n|move|p1a: PEEP HOLE|U-turn|p2a: Dragonite\n|-resisted|p2a: Dragonite\n|-damage|p2a: Dragonite|90\/100 par\n|\n|t:|1699830616\n|switch|p1a: TLC|Kingambit, F|100\/100|[from] U-turn\n|-activate|p1a: TLC|ability: Supreme Overlord\n|-start|p1a: TLC|fallen3|[silent]\n|cant|p2a: Dragonite|par\n|\n|upkeep\n|turn|30\n|\n|t:|1699830629\n|switch|p2a: Alomomola|Alomomola, F, shiny|100\/100 par\n|move|p1a: TLC|Swords Dance|p1a: TLC\n|-boost|p1a: TLC|atk|2\n|\n|upkeep\n|turn|31\n|\n|t:|1699830644\n|move|p1a: TLC|Swords Dance|p1a: TLC\n|-boost|p1a: TLC|atk|2\n|move|p2a: Alomomola|Scald|p1a: TLC\n|-damage|p1a: TLC|87\/100\n|\n|-heal|p1a: TLC|93\/100|[from] Grassy Terrain\n|upkeep\n|turn|32\n|\n|t:|1699830653\n|move|p1a: TLC|Swords Dance|p1a: TLC\n|-boost|p1a: TLC|atk|2\n|move|p2a: Alomomola|Scald|p1a: TLC\n|-damage|p1a: TLC|80\/100\n|\n|-heal|p1a: TLC|86\/100|[from] Grassy Terrain\n|upkeep\n|turn|33\n|c| incrediblegassygem|he has body press\n|\n|t:|1699830663\n|move|p1a: TLC|Kowtow Cleave|p2a: Alomomola\n|-damage|p2a: Alomomola|0 fnt\n|faint|p2a: Alomomola\n|\n|-heal|p1a: TLC|93\/100|[from] Grassy Terrain\n|-fieldend|move: Grassy Terrain\n|upkeep\n|c| incrediblegassygem|sigh..\n|\n|t:|1699830670\n|switch|p2a: Corviknight|Corviknight, M, shiny|68\/100 par\n|-ability|p2a: Corviknight|Pressure\n|turn|34\n|\n|t:|1699830675\n|move|p1a: TLC|Kowtow Cleave|p2a: Corviknight\n|-damage|p2a: Corviknight|0 fnt\n|-damage|p1a: TLC|76\/100|[from] item: Rocky Helmet|[of] p2a: Corviknight\n|faint|p2a: Corviknight\n|\n|upkeep\n|\n|t:|1699830681\n|switch|p2a: Dragonite|Dragonite, M, shiny|90\/100 par\n|turn|35\n|\n|t:|1699830686\n|-terastallize|p1a: TLC|Flying\n|move|p1a: TLC|Kowtow Cleave|p2a: Dragonite\n|-damage|p2a: Dragonite|0 fnt\n|faint|p2a: Dragonite\n|\n|win|grass knot zygarde\n|raw|grass knot zygarde's rating: 1455 &rarr; <strong>1480<\/strong><br \/>(+25 for winning)\n|raw|Peratest's rating: 1537 &rarr; <strong>1512<\/strong><br \/>(-25 for losing)\n|l| incrediblegassygem\n","uploadtime":1699830699,"views":9,"p1id":"grassknotzygarde","p2id":"peratest","formatid":"gen9ou","rating":1480,"private":0,"password":""}