{"id":"gen9ou-1999547902","p1":"pannnn","p2":"Abner67","format":"[Gen 9] OU","log":"|j|\u2606pannnn\n|j|\u2606Abner67\n|t:|1701094927\n|gametype|singles\n|player|p1|pannnn|nurseryaide|\n|player|p2|Abner67|shadowtriad|\n|teamsize|p1|6\n|teamsize|p2|6\n|gen|9\n|tier|[Gen 9] OU\n|rule|Sleep Clause Mod: Limit one foe put to sleep\n|rule|Species Clause: Limit one of each Pok\u00e9mon\n|rule|OHKO Clause: OHKO moves are banned\n|rule|Evasion Items Clause: Evasion items are banned\n|rule|Evasion Moves Clause: Evasion moves are banned\n|rule|Endless Battle Clause: Forcing endless battles is banned\n|rule|HP Percentage Mod: HP is shown in percentages\n|clearpoke\n|poke|p1|Chandelure, F|\n|poke|p1|Samurott-Hisui, M|\n|poke|p1|Gastrodon, M|\n|poke|p1|Tinkaton, F|\n|poke|p1|Heracross, F|\n|poke|p1|Torterra, M|\n|poke|p2|Azelf|\n|poke|p2|Azumarill, M|\n|poke|p2|Amoonguss, M|\n|poke|p2|Iron Hands|\n|poke|p2|Goodra, F|\n|poke|p2|Iron Treads|\n|teampreview\n|inactive|Battle timer is ON: inactive players will automatically lose when time's up. (requested by pannnn)\n|\n|t:|1701094935\n|start\n|switch|p1a: Samurott|Samurott-Hisui, M|100\/100\n|switch|p2a: Iron Hands|Iron Hands|100\/100\n|turn|1\n|j| natiakane\n|\n|t:|1701094945\n|switch|p1a: Gastrodon|Gastrodon, M|100\/100\n|move|p2a: Iron Hands|Thunder Punch|p1a: Gastrodon\n|-immune|p1a: Gastrodon\n|\n|upkeep\n|turn|2\n|\n|t:|1701094952\n|-end|p2a: Iron Hands|Quark Drive|[silent]\n|switch|p2a: Azelf|Azelf, shiny|100\/100\n|move|p1a: Gastrodon|Yawn|p2a: Azelf\n|-start|p2a: Azelf|move: Yawn|[of] p1a: Gastrodon\n|\n|upkeep\n|turn|3\n|\n|t:|1701094965\n|switch|p2a: Goodra|Goodra, F, shiny|100\/100\n|move|p1a: Gastrodon|Stealth Rock|p2a: Goodra\n|-sidestart|p2: Abner67|move: Stealth Rock\n|\n|upkeep\n|turn|4\n|inactive|pannnn has 270 seconds left.\n|\n|t:|1701095001\n|move|p2a: Goodra|Knock Off|p1a: Gastrodon\n|-damage|p1a: Gastrodon|75\/100\n|-enditem|p1a: Gastrodon|Leftovers|[from] move: Knock Off|[of] p2a: Goodra\n|move|p1a: Gastrodon|Yawn|p2a: Goodra\n|-start|p2a: Goodra|move: Yawn|[of] p1a: Gastrodon\n|\n|upkeep\n|turn|5\n|inactive|pannnn has 270 seconds left.\n|\n|t:|1701095034\n|switch|p2a: Amoonguss|Amoonguss, M|100\/100\n|-damage|p2a: Amoonguss|88\/100|[from] Stealth Rock\n|switch|p1a: Samurott|Samurott-Hisui, M|100\/100\n|\n|upkeep\n|turn|6\n|\n|t:|1701095043\n|move|p1a: Samurott|Ceaseless Edge|p2a: Amoonguss\n|-damage|p2a: Amoonguss|53\/100\n|-damage|p1a: Samurott|84\/100|[from] item: Rocky Helmet|[of] p2a: Amoonguss\n|-sidestart|p2: Abner67|Spikes\n|move|p2a: Amoonguss|Spore|p1a: Samurott\n|-status|p1a: Samurott|slp|[from] move: Spore\n|\n|upkeep\n|turn|7\n|inactive|pannnn has 270 seconds left.\n|\n|t:|1701095053\n|switch|p2a: Iron Treads|Iron Treads|100\/100\n|-damage|p2a: Iron Treads|97\/100|[from] Stealth Rock\n|-damage|p2a: Iron Treads|85\/100|[from] Spikes\n|cant|p1a: Samurott|slp\n|\n|-heal|p2a: Iron Treads|91\/100|[from] item: Leftovers\n|upkeep\n|turn|8\n|inactive|pannnn has 270 seconds left.\n|\n|t:|1701095085\n|move|p2a: Iron Treads|Earthquake|p1a: Samurott\n|-damage|p1a: Samurott|37\/100 slp\n|cant|p1a: Samurott|slp\n|\n|-heal|p2a: Iron Treads|97\/100|[from] item: Leftovers\n|upkeep\n|turn|9\n|\n|t:|1701095091\n|switch|p1a: Heracross|Heracross, F|100\/100\n|move|p2a: Iron Treads|Rapid Spin|p1a: Heracross\n|-damage|p1a: Heracross|81\/100\n|-boost|p2a: Iron Treads|spe|1\n|-sideend|p2: Abner67|Spikes|[from] move: Rapid Spin|[of] p2a: Iron Treads\n|-sideend|p2: Abner67|Stealth Rock|[from] move: Rapid Spin|[of] p2a: Iron Treads\n|\n|-heal|p2a: Iron Treads|100\/100|[from] item: Leftovers\n|upkeep\n|turn|10\n|\n|t:|1701095106\n|move|p2a: Iron Treads|Volt Switch|p1a: Heracross\n|-damage|p1a: Heracross|68\/100\n|\n|t:|1701095118\n|-end|p2a: Iron Treads|Quark Drive|[silent]\n|switch|p2a: Azelf|Azelf, shiny|100\/100|[from] Volt Switch\n|move|p1a: Heracross|Knock Off|p2a: Azelf\n|-supereffective|p2a: Azelf\n|-damage|p2a: Azelf|0 fnt\n|-enditem|p2a: Azelf|Choice Scarf|[from] move: Knock Off|[of] p1a: Heracross\n|faint|p2a: Azelf\n|-ability|p1a: Heracross|Moxie|boost\n|-boost|p1a: Heracross|atk|1\n|\n|upkeep\n|\n|t:|1701095125\n|switch|p2a: Iron Hands|Iron Hands|100\/100\n|turn|11\n|\n|t:|1701095149\n|move|p1a: Heracross|Knock Off|p2a: Iron Hands\n|-resisted|p2a: Iron Hands\n|-damage|p2a: Iron Hands|86\/100\n|-enditem|p2a: Iron Hands|Assault Vest|[from] move: Knock Off|[of] p1a: Heracross\n|move|p2a: Iron Hands|Thunder Punch|p1a: Heracross\n|-damage|p1a: Heracross|1\/100\n|-status|p1a: Heracross|par\n|\n|upkeep\n|turn|12\n|\n|t:|1701095165\n|move|p1a: Heracross|Knock Off|p2a: Iron Hands\n|-resisted|p2a: Iron Hands\n|-damage|p2a: Iron Hands|76\/100\n|move|p2a: Iron Hands|Earthquake|p1a: Heracross\n|-resisted|p1a: Heracross\n|-damage|p1a: Heracross|0 fnt\n|faint|p1a: Heracross\n|\n|upkeep\n|inactive|pannnn has 240 seconds left.\n|\n|t:|1701095187\n|switch|p1a: Gastrodon|Gastrodon, M|75\/100\n|turn|13\n|inactive|pannnn has 240 seconds left.\n|\n|t:|1701095206\n|-end|p2a: Iron Hands|Quark Drive|[silent]\n|switch|p2a: Goodra|Goodra, F, shiny|100\/100\n|move|p1a: Gastrodon|Yawn|p2a: Goodra\n|-start|p2a: Goodra|move: Yawn|[of] p1a: Gastrodon\n|\n|upkeep\n|turn|14\n|inactive|pannnn has 240 seconds left.\n|\n|t:|1701095215\n|switch|p2a: Amoonguss|Amoonguss, M|86\/100\n|move|p1a: Gastrodon|Recover|p1a: Gastrodon\n|-heal|p1a: Gastrodon|100\/100\n|\n|upkeep\n|turn|15\n|inactive|pannnn has 240 seconds left.\n|\n|t:|1701095230\n|switch|p1a: Chandelure|Chandelure, F|100\/100\n|move|p2a: Amoonguss|Giga Drain|p1a: Chandelure\n|-resisted|p1a: Chandelure\n|-damage|p1a: Chandelure|83\/100\n|-heal|p2a: Amoonguss|91\/100|[from] drain|[of] p1a: Chandelure\n|\n|upkeep\n|turn|16\n|inactive|pannnn has 240 seconds left.\n|\n|t:|1701095243\n|switch|p2a: Goodra|Goodra, F, shiny|100\/100\n|move|p1a: Chandelure|Energy Ball|p2a: Goodra\n|-ability|p2a: Goodra|Sap Sipper|boost\n|-boost|p2a: Goodra|atk|1\n|\n|upkeep\n|turn|17\n|inactive|pannnn has 240 seconds left.\n|inactive|pannnn has 210 seconds left.\n|\n|t:|1701095293\n|move|p1a: Chandelure|Memento|p2a: Goodra\n|-unboost|p2a: Goodra|atk|2\n|-unboost|p2a: Goodra|spa|2\n|faint|p1a: Chandelure\n|move|p2a: Goodra|Knock Off|p1: Chandelure|[notarget]\n|-fail|p2a: Goodra\n|\n|upkeep\n|\n|t:|1701095317\n|switch|p1a: Torterra|Torterra, M|100\/100\n|turn|18\n|\n|t:|1701095326\n|switch|p2a: Amoonguss|Amoonguss, M|100\/100\n|move|p1a: Torterra|Shell Smash|p1a: Torterra\n|-unboost|p1a: Torterra|def|1\n|-unboost|p1a: Torterra|spd|1\n|-boost|p1a: Torterra|atk|2\n|-boost|p1a: Torterra|spa|2\n|-boost|p1a: Torterra|spe|2\n|\n|upkeep\n|turn|19\n|\n|t:|1701095348\n|move|p1a: Torterra|Earthquake|p2a: Amoonguss\n|-damage|p2a: Amoonguss|16\/100\n|move|p2a: Amoonguss|Clear Smog|p1a: Torterra\n|-damage|p1a: Torterra|76\/100\n|-clearboost|p1a: Torterra\n|\n|upkeep\n|turn|20\n|\n|t:|1701095371\n|move|p1a: Torterra|Shell Smash|p1a: Torterra\n|-unboost|p1a: Torterra|def|1\n|-unboost|p1a: Torterra|spd|1\n|-boost|p1a: Torterra|atk|2\n|-boost|p1a: Torterra|spa|2\n|-boost|p1a: Torterra|spe|2\n|move|p2a: Amoonguss|Sludge Bomb|p1a: Torterra\n|-damage|p1a: Torterra|29\/100\n|\n|upkeep\n|turn|21\n|\n|t:|1701095382\n|move|p1a: Torterra|Earthquake|p2a: Amoonguss\n|-damage|p2a: Amoonguss|0 fnt\n|faint|p2a: Amoonguss\n|\n|upkeep\n|\n|t:|1701095395\n|switch|p2a: Azumarill|Azumarill, M, shiny|100\/100\n|turn|22\n|inactive|pannnn has 180 seconds left.\n|\n|t:|1701095424\n|-terastallize|p1a: Torterra|Grass\n|move|p2a: Azumarill|Aqua Jet|p1a: Torterra\n|-resisted|p1a: Torterra\n|-damage|p1a: Torterra|12\/100\n|move|p1a: Torterra|Earthquake|p2a: Azumarill\n|-damage|p2a: Azumarill|0 fnt\n|faint|p2a: Azumarill\n|\n|upkeep\n|\n|t:|1701095432\n|switch|p2a: Goodra|Goodra, F, shiny|100\/100\n|turn|23\n|inactive|pannnn has 180 seconds left.\n|\n|t:|1701095443\n|move|p1a: Torterra|Earthquake|p2a: Goodra\n|-damage|p2a: Goodra|0 fnt\n|faint|p2a: Goodra\n|\n|upkeep\n|\n|t:|1701095445\n|switch|p2a: Iron Hands|Iron Hands|76\/100\n|turn|24\n|\n|t:|1701095450\n|-terastallize|p2a: Iron Hands|Fighting\n|move|p1a: Torterra|Earthquake|p2a: Iron Hands\n|-damage|p2a: Iron Hands|12\/100\n|move|p2a: Iron Hands|Drain Punch|p1a: Torterra\n|-damage|p1a: Torterra|0 fnt\n|-heal|p2a: Iron Hands|16\/100|[from] drain|[of] p1a: Torterra\n|faint|p1a: Torterra\n|\n|upkeep\n|c|\u2606Abner67|perdi\n|\n|t:|1701095462\n|switch|p1a: Tinkaton|Tinkaton, F|100\/100\n|-ability|p1a: Tinkaton|Mold Breaker\n|turn|25\n|-message|Abner67 forfeited.\n|\n|win|pannnn\n|c|\u2606Abner67|perdi automaticamente\n","uploadtime":1701095496,"views":25,"p1id":"pannnn","p2id":"abner67","formatid":"gen9ou","rating":0,"private":0,"password":""}