{"id":"gen9ou-1998045696","p1":"ouvt botolwotol","p2":"Duckycrater","format":"[Gen 9] OU","log":"|j|\u2606ouvt botolwotol\n|j|\u2606Duckycrater\n|t:|1700883184\n|gametype|singles\n|player|p1|ouvt botolwotol|pokemonrangerf-gen4|1499\n|player|p2|Duckycrater|266|1619\n|teamsize|p1|6\n|teamsize|p2|6\n|gen|9\n|tier|[Gen 9] OU\n|rated|\n|rule|Sleep Clause Mod: Limit one foe put to sleep\n|rule|Species Clause: Limit one of each Pok\u00e9mon\n|rule|OHKO Clause: OHKO moves are banned\n|rule|Evasion Items Clause: Evasion items are banned\n|rule|Evasion Moves Clause: Evasion moves are banned\n|rule|Endless Battle Clause: Forcing endless battles is banned\n|rule|HP Percentage Mod: HP is shown in percentages\n|clearpoke\n|poke|p1|Rillaboom, F|\n|poke|p1|Tornadus-Therian, M|\n|poke|p1|Ogerpon-Cornerstone, F|\n|poke|p1|Glimmora, M|\n|poke|p1|Greninja-*, M|\n|poke|p1|Iron Valiant|\n|poke|p2|Clefable, F|\n|poke|p2|Alomomola, M|\n|poke|p2|Blissey, F|\n|poke|p2|Clodsire, M|\n|poke|p2|Dondozo, M|\n|poke|p2|Amoonguss, M|\n|teampreview\n|inactive|Battle timer is ON: inactive players will automatically lose when time's up. (requested by Duckycrater)\n|inactive|Duckycrater has 120 seconds left.\n|inactive|Duckycrater has 90 seconds left.\n|\n|t:|1700883246\n|start\n|switch|p1a: Glimmora|Glimmora, M|100\/100\n|switch|p2a: Alomomola|Alomomola, M|100\/100\n|turn|1\n|\n|t:|1700883249\n|move|p1a: Glimmora|Energy Ball|p2a: Alomomola\n|-supereffective|p2a: Alomomola\n|-damage|p2a: Alomomola|28\/100\n|move|p2a: Alomomola|Flip Turn|p1a: Glimmora\n|-supereffective|p1a: Glimmora\n|-damage|p1a: Glimmora|58\/100\n|-activate|p1a: Glimmora|ability: Toxic Debris\n|-sidestart|p2: Duckycrater|move: Toxic Spikes\n|\n|t:|1700883262\n|switch|p2a: Amoonguss|Amoonguss, M|100\/100|[from] Flip Turn\n|-sideend|p2: Duckycrater|move: Toxic Spikes|[of] p2a: Amoonguss\n|\n|upkeep\n|turn|2\n|\n|t:|1700883266\n|move|p1a: Glimmora|Stealth Rock|p2a: Amoonguss\n|-sidestart|p2: Duckycrater|move: Stealth Rock\n|move|p2a: Amoonguss|Giga Drain|p1a: Glimmora\n|-damage|p1a: Glimmora|27\/100\n|\n|upkeep\n|turn|3\n|\n|t:|1700883270\n|move|p1a: Glimmora|Earth Power|p2a: Amoonguss\n|-damage|p2a: Amoonguss|71\/100\n|move|p2a: Amoonguss|Giga Drain|p1a: Glimmora\n|-damage|p1a: Glimmora|0 fnt\n|-heal|p2a: Amoonguss|81\/100|[from] drain|[of] p1a: Glimmora\n|faint|p1a: Glimmora\n|\n|upkeep\n|\n|t:|1700883278\n|switch|p1a: Tornadus|Tornadus-Therian, M|100\/100\n|turn|4\n|\n|t:|1700883283\n|switch|p2a: Clefable|Clefable, F|100\/100\n|move|p1a: Tornadus|Nasty Plot|p1a: Tornadus\n|-boost|p1a: Tornadus|spa|2\n|\n|upkeep\n|turn|5\n|\n|t:|1700883288\n|move|p1a: Tornadus|Bleakwind Storm|p2a: Clefable\n|-damage|p2a: Clefable|29\/100\n|move|p2a: Clefable|Knock Off|p1a: Tornadus\n|-damage|p1a: Tornadus|82\/100\n|-enditem|p1a: Tornadus|Heavy-Duty Boots|[from] move: Knock Off|[of] p2a: Clefable\n|\n|-heal|p2a: Clefable|36\/100|[from] item: Leftovers\n|upkeep\n|turn|6\n|\n|t:|1700883291\n|switch|p2a: Clodsire|Clodsire, M|100\/100\n|move|p1a: Tornadus|Bleakwind Storm|p2a: Clodsire\n|-damage|p2a: Clodsire|78\/100\n|-unboost|p2a: Clodsire|spe|1\n|\n|upkeep\n|turn|7\n|\n|t:|1700883297\n|move|p1a: Tornadus|Bleakwind Storm|p2a: Clodsire\n|-damage|p2a: Clodsire|55\/100\n|-unboost|p2a: Clodsire|spe|1\n|move|p2a: Clodsire|Spikes|p1a: Tornadus\n|-sidestart|p1: ouvt botolwotol|Spikes\n|\n|upkeep\n|turn|8\n|\n|t:|1700883301\n|switch|p1a: Rillaboom|Rillaboom, F|100\/100\n|-damage|p1a: Rillaboom|88\/100|[from] Spikes\n|-fieldstart|move: Grassy Terrain|[from] ability: Grassy Surge|[of] p1a: Rillaboom\n|move|p2a: Clodsire|Amnesia|p2a: Clodsire\n|-boost|p2a: Clodsire|spd|2\n|\n|-heal|p1a: Rillaboom|94\/100|[from] Grassy Terrain\n|-heal|p2a: Clodsire|61\/100|[from] Grassy Terrain\n|upkeep\n|turn|9\n|\n|t:|1700883306\n|switch|p2a: Amoonguss|Amoonguss, M|100\/100\n|move|p1a: Rillaboom|Knock Off|p2a: Amoonguss\n|-damage|p2a: Amoonguss|63\/100\n|-enditem|p2a: Amoonguss|Heavy-Duty Boots|[from] move: Knock Off|[of] p1a: Rillaboom\n|\n|-heal|p1a: Rillaboom|100\/100|[from] Grassy Terrain\n|-heal|p2a: Amoonguss|69\/100|[from] Grassy Terrain\n|upkeep\n|turn|10\n|\n|t:|1700883314\n|switch|p1a: Iron Valiant|Iron Valiant|100\/100\n|-damage|p1a: Iron Valiant|88\/100|[from] Spikes\n|-enditem|p1a: Iron Valiant|Booster Energy\n|-activate|p1a: Iron Valiant|ability: Quark Drive|[fromitem]\n|-start|p1a: Iron Valiant|quarkdrivespe\n|move|p2a: Amoonguss|Toxic|p1a: Iron Valiant\n|-status|p1a: Iron Valiant|tox\n|\n|-heal|p1a: Iron Valiant|94\/100 tox|[from] Grassy Terrain\n|-heal|p2a: Amoonguss|75\/100|[from] Grassy Terrain\n|-damage|p1a: Iron Valiant|88\/100 tox|[from] psn\n|upkeep\n|turn|11\n|\n|t:|1700883327\n|move|p1a: Iron Valiant|Moonblast|p2a: Amoonguss\n|-resisted|p2a: Amoonguss\n|-damage|p2a: Amoonguss|51\/100\n|move|p2a: Amoonguss|Giga Drain|p1a: Iron Valiant\n|-damage|p1a: Iron Valiant|32\/100 tox\n|-heal|p2a: Amoonguss|70\/100|[from] drain|[of] p1a: Iron Valiant\n|\n|-heal|p1a: Iron Valiant|38\/100 tox|[from] Grassy Terrain\n|-heal|p2a: Amoonguss|76\/100|[from] Grassy Terrain\n|-damage|p1a: Iron Valiant|25\/100 tox|[from] psn\n|upkeep\n|turn|12\n|\n|t:|1700883334\n|move|p1a: Iron Valiant|Destiny Bond|p1a: Iron Valiant\n|-singlemove|p1a: Iron Valiant|Destiny Bond\n|move|p2a: Amoonguss|Giga Drain|p1a: Iron Valiant\n|-damage|p1a: Iron Valiant|0 fnt\n|-heal|p2a: Amoonguss|85\/100|[from] drain|[of] p1a: Iron Valiant\n|faint|p1a: Iron Valiant\n|-activate|p1a: Iron Valiant|move: Destiny Bond\n|-end|p1a: Iron Valiant|Quark Drive|[silent]\n|faint|p2a: Amoonguss\n|\n|-fieldend|move: Grassy Terrain\n|upkeep\n|\n|t:|1700883342\n|switch|p1a: Rillaboom|Rillaboom, F|100\/100\n|switch|p2a: Blissey|Blissey, F|100\/100\n|-damage|p1a: Rillaboom|88\/100|[from] Spikes\n|-fieldstart|move: Grassy Terrain|[from] ability: Grassy Surge|[of] p1a: Rillaboom\n|turn|13\n|\n|t:|1700883346\n|move|p2a: Blissey|Protect|p2a: Blissey\n|-singleturn|p2a: Blissey|Protect\n|move|p1a: Rillaboom|Wood Hammer|p2a: Blissey\n|-activate|p2a: Blissey|move: Protect\n|\n|-heal|p1a: Rillaboom|94\/100|[from] Grassy Terrain\n|upkeep\n|turn|14\n|\n|t:|1700883349\n|switch|p2a: Clefable|Clefable, F|36\/100\n|move|p1a: Rillaboom|Wood Hammer|p2a: Clefable\n|-damage|p2a: Clefable|0 fnt\n|faint|p2a: Clefable\n|-damage|p1a: Rillaboom|81\/100|[from] Recoil\n|\n|-heal|p1a: Rillaboom|87\/100|[from] Grassy Terrain\n|upkeep\n|\n|t:|1700883352\n|switch|p2a: Dondozo|Dondozo, M|100\/100\n|turn|15\n|\n|t:|1700883355\n|-terastallize|p2a: Dondozo|Dragon\n|move|p1a: Rillaboom|Wood Hammer|p2a: Dondozo\n|-resisted|p2a: Dondozo\n|-damage|p2a: Dondozo|72\/100\n|-damage|p1a: Rillaboom|73\/100|[from] Recoil\n|move|p2a: Dondozo|Body Press|p1a: Rillaboom\n|-damage|p1a: Rillaboom|43\/100\n|\n|-heal|p1a: Rillaboom|49\/100|[from] Grassy Terrain\n|-heal|p2a: Dondozo|78\/100|[from] Grassy Terrain\n|upkeep\n|turn|16\n|\n|t:|1700883358\n|switch|p1a: Tornadus|Tornadus-Therian, M|100\/100\n|move|p2a: Dondozo|Waterfall|p1a: Tornadus\n|-damage|p1a: Tornadus|67\/100\n|\n|-heal|p2a: Dondozo|84\/100|[from] Grassy Terrain\n|upkeep\n|turn|17\n|\n|t:|1700883361\n|switch|p2a: Clodsire|Clodsire, M|61\/100\n|move|p1a: Tornadus|Nasty Plot|p1a: Tornadus\n|-boost|p1a: Tornadus|spa|2\n|\n|-heal|p2a: Clodsire|67\/100|[from] Grassy Terrain\n|-fieldend|move: Grassy Terrain\n|upkeep\n|turn|18\n|\n|t:|1700883381\n|move|p1a: Tornadus|Bleakwind Storm|p2a: Clodsire\n|-damage|p2a: Clodsire|44\/100\n|-unboost|p2a: Clodsire|spe|1\n|move|p2a: Clodsire|Recover|p2a: Clodsire\n|-heal|p2a: Clodsire|94\/100\n|\n|upkeep\n|turn|19\n|\n|t:|1700883389\n|move|p1a: Tornadus|Bleakwind Storm|p2a: Clodsire\n|-damage|p2a: Clodsire|74\/100\n|move|p2a: Clodsire|Amnesia|p2a: Clodsire\n|-boost|p2a: Clodsire|spd|2\n|\n|upkeep\n|turn|20\n|\n|t:|1700883392\n|switch|p1a: Rillaboom|Rillaboom, F|49\/100\n|-damage|p1a: Rillaboom|37\/100|[from] Spikes\n|-fieldstart|move: Grassy Terrain|[from] ability: Grassy Surge|[of] p1a: Rillaboom\n|move|p2a: Clodsire|Poison Jab|p1a: Rillaboom\n|-supereffective|p1a: Rillaboom\n|-damage|p1a: Rillaboom|0 fnt\n|faint|p1a: Rillaboom\n|\n|-heal|p2a: Clodsire|80\/100|[from] Grassy Terrain\n|upkeep\n|\n|t:|1700883395\n|switch|p1a: Ogerpon|Ogerpon-Cornerstone, F|100\/100\n|-damage|p1a: Ogerpon|88\/100|[from] Spikes\n|turn|21\n|\n|t:|1700883398\n|switch|p2a: Dondozo|Dondozo, M, tera:Dragon|84\/100\n|move|p1a: Ogerpon|Power Whip|p2a: Dondozo\n|-resisted|p2a: Dondozo\n|-damage|p2a: Dondozo|64\/100\n|\n|-heal|p1a: Ogerpon|94\/100|[from] Grassy Terrain\n|-heal|p2a: Dondozo|70\/100|[from] Grassy Terrain\n|upkeep\n|turn|22\n|\n|t:|1700883402\n|-terastallize|p1a: Ogerpon|Rock\n|detailschange|p1a: Ogerpon|Ogerpon-Cornerstone-Tera, F, tera:Rock\n|-ability|p1a: Ogerpon|Embody Aspect (Cornerstone)|boost\n|-boost|p1a: Ogerpon|def|1\n|move|p1a: Ogerpon|Ivy Cudgel|p2a: Dondozo|[anim] Ivy Cudgel Rock\n|-damage|p2a: Dondozo|36\/100\n|move|p2a: Dondozo|Body Press|p1a: Ogerpon\n|-supereffective|p1a: Ogerpon\n|-damage|p1a: Ogerpon|14\/100\n|\n|-heal|p1a: Ogerpon|20\/100|[from] Grassy Terrain\n|-heal|p2a: Dondozo|42\/100|[from] Grassy Terrain\n|upkeep\n|turn|23\n|\n|t:|1700883408\n|move|p1a: Ogerpon|Ivy Cudgel|p2a: Dondozo|[anim] Ivy Cudgel Rock\n|-damage|p2a: Dondozo|6\/100\n|move|p2a: Dondozo|Body Press|p1a: Ogerpon\n|-supereffective|p1a: Ogerpon\n|-damage|p1a: Ogerpon|0 fnt\n|faint|p1a: Ogerpon\n|\n|-heal|p2a: Dondozo|12\/100|[from] Grassy Terrain\n|upkeep\n|\n|t:|1700883411\n|switch|p1a: Greninja|Greninja, M|100\/100\n|-damage|p1a: Greninja|88\/100|[from] Spikes\n|turn|24\n|\n|t:|1700883414\n|switch|p2a: Blissey|Blissey, F|100\/100\n|move|p1a: Greninja|Hydro Pump|p2a: Blissey|[miss]\n|-miss|p1a: Greninja|p2a: Blissey\n|\n|-heal|p1a: Greninja|94\/100|[from] Grassy Terrain\n|-fieldend|move: Grassy Terrain\n|upkeep\n|turn|25\n|-message|ouvt botolwotol forfeited.\n|\n|win|Duckycrater\n|raw|ouvt botolwotol's rating: 1499 &rarr; <strong>1486<\/strong><br \/>(-13 for losing)\n|raw|Duckycrater's rating: 1619 &rarr; <strong>1632<\/strong><br \/>(+13 for winning)\n|l|\u2606ouvt botolwotol\n|l|\u2606Duckycrater\n|j|\u2606ouvt botolwotol\n|player|p1|ouvt botolwotol|pokemonrangerf-gen4\n","uploadtime":1700883443,"views":1,"p1id":"ouvtbotolwotol","p2id":"duckycrater","formatid":"gen9ou","rating":1486,"private":0,"password":""}