{"id":"gen9ou-1995963879","p1":"Olebuddy","p2":"az2323","format":"[Gen 9] OU","log":"|j|\u2606Olebuddy\n|j|\u2606az2323\n|t:|1700622731\n|gametype|singles\n|player|p1|Olebuddy|dragontamer|1037\n|player|p2|az2323|265|1000\n|teamsize|p1|6\n|teamsize|p2|6\n|gen|9\n|tier|[Gen 9] OU\n|rated|\n|rule|Sleep Clause Mod: Limit one foe put to sleep\n|rule|Species Clause: Limit one of each Pok\u00e9mon\n|rule|OHKO Clause: OHKO moves are banned\n|rule|Evasion Items Clause: Evasion items are banned\n|rule|Evasion Moves Clause: Evasion moves are banned\n|rule|Endless Battle Clause: Forcing endless battles is banned\n|rule|HP Percentage Mod: HP is shown in percentages\n|clearpoke\n|poke|p1|Arcanine-Hisui, M|\n|poke|p1|Kleavor, F|\n|poke|p1|Torkoal, F|\n|poke|p1|Leafeon, F|\n|poke|p1|Landorus-Therian, M|\n|poke|p1|Walking Wake|\n|poke|p2|Blissey, F|\n|poke|p2|Dragonite, M|\n|poke|p2|Zapdos|\n|poke|p2|Heatran, M|\n|poke|p2|Dragapult, F|\n|poke|p2|Walking Wake|\n|teampreview\n|\n|t:|1700622747\n|start\n|switch|p1a: Torkoal|Torkoal, F|100\/100\n|switch|p2a: Blissey|Blissey, F|100\/100\n|-weather|SunnyDay|[from] ability: Drought|[of] p1a: Torkoal\n|turn|1\n|\n|t:|1700622767\n|move|p2a: Blissey|Thunder Wave|p1a: Torkoal\n|-status|p1a: Torkoal|par\n|cant|p1a: Torkoal|par\n|\n|-weather|SunnyDay|[upkeep]\n|upkeep\n|turn|2\n|\n|t:|1700622774\n|move|p2a: Blissey|Seismic Toss|p1a: Torkoal\n|-damage|p1a: Torkoal|71\/100 par\n|move|p1a: Torkoal|Yawn|p2a: Blissey\n|-start|p2a: Blissey|move: Yawn|[of] p1a: Torkoal\n|\n|-weather|SunnyDay|[upkeep]\n|-heal|p1a: Torkoal|78\/100 par|[from] item: Leftovers\n|upkeep\n|turn|3\n|\n|t:|1700622782\n|move|p2a: Blissey|Seismic Toss|p1a: Torkoal\n|-damage|p1a: Torkoal|48\/100 par\n|move|p1a: Torkoal|Stealth Rock|p2a: Blissey\n|-sidestart|p2: az2323|move: Stealth Rock\n|\n|-weather|SunnyDay|[upkeep]\n|-heal|p1a: Torkoal|55\/100 par|[from] item: Leftovers\n|-end|p2a: Blissey|move: Yawn|[silent]\n|-status|p2a: Blissey|slp\n|upkeep\n|turn|4\n|\n|t:|1700622792\n|switch|p1a: Leafeon|Leafeon, F, shiny|100\/100\n|cant|p2a: Blissey|slp\n|\n|-weather|SunnyDay|[upkeep]\n|upkeep\n|turn|5\n|\n|t:|1700622799\n|move|p1a: Leafeon|Solar Blade||[still]\n|-prepare|p1a: Leafeon|Solar Blade\n|-anim|p1a: Leafeon|Solar Blade|p2a: Blissey\n|-damage|p2a: Blissey|22\/100 slp\n|-damage|p1a: Leafeon|91\/100|[from] item: Life Orb\n|-curestatus|p2a: Blissey|slp|[msg]\n|move|p2a: Blissey|Thunder Wave|p1a: Leafeon\n|-status|p1a: Leafeon|par\n|\n|-weather|none\n|-heal|p2a: Blissey|28\/100|[from] item: Leftovers\n|upkeep\n|turn|6\n|\n|t:|1700622814\n|switch|p1a: Torkoal|Torkoal, F|55\/100 par\n|-weather|SunnyDay|[from] ability: Drought|[of] p1a: Torkoal\n|move|p2a: Blissey|Soft-Boiled|p2a: Blissey\n|-heal|p2a: Blissey|78\/100\n|\n|-weather|SunnyDay|[upkeep]\n|-heal|p2a: Blissey|84\/100|[from] item: Leftovers\n|-heal|p1a: Torkoal|61\/100 par|[from] item: Leftovers\n|upkeep\n|turn|7\n|\n|t:|1700622824\n|move|p2a: Blissey|Seismic Toss|p1a: Torkoal\n|-damage|p1a: Torkoal|32\/100 par\n|move|p1a: Torkoal|Yawn|p2a: Blissey\n|-start|p2a: Blissey|move: Yawn|[of] p1a: Torkoal\n|\n|-weather|SunnyDay|[upkeep]\n|-heal|p2a: Blissey|90\/100|[from] item: Leftovers\n|-heal|p1a: Torkoal|38\/100 par|[from] item: Leftovers\n|upkeep\n|turn|8\n|\n|t:|1700622837\n|move|p2a: Blissey|Seismic Toss|p1a: Torkoal\n|-damage|p1a: Torkoal|9\/100 par\n|move|p1a: Torkoal|Rapid Spin|p2a: Blissey\n|-damage|p2a: Blissey|81\/100\n|-boost|p1a: Torkoal|spe|1\n|\n|-weather|SunnyDay|[upkeep]\n|-heal|p2a: Blissey|87\/100|[from] item: Leftovers\n|-heal|p1a: Torkoal|15\/100 par|[from] item: Leftovers\n|-end|p2a: Blissey|move: Yawn|[silent]\n|-status|p2a: Blissey|slp\n|upkeep\n|turn|9\n|\n|t:|1700622850\n|switch|p1a: Kleavor|Kleavor, F|100\/100\n|cant|p2a: Blissey|slp\n|\n|-weather|SunnyDay|[upkeep]\n|-heal|p2a: Blissey|93\/100 slp|[from] item: Leftovers\n|upkeep\n|turn|10\n|\n|t:|1700622862\n|-curestatus|p2a: Blissey|slp|[from] ability: Natural Cure\n|switch|p2a: Dragonite|Dragonite, M|100\/100\n|-damage|p2a: Dragonite|75\/100|[from] Stealth Rock\n|move|p1a: Kleavor|Stone Axe|p2a: Dragonite\n|-supereffective|p2a: Dragonite\n|-damage|p2a: Dragonite|0 fnt\n|faint|p2a: Dragonite\n|\n|-weather|none\n|upkeep\n|\n|t:|1700622873\n|switch|p2a: Heatran|Heatran, M|100\/100\n|-damage|p2a: Heatran|88\/100|[from] Stealth Rock\n|turn|11\n|\n|t:|1700622881\n|-terastallize|p1a: Kleavor|Water\n|move|p1a: Kleavor|Stone Axe|p2a: Heatran\n|-damage|p2a: Heatran|35\/100\n|move|p2a: Heatran|Stealth Rock|p1a: Kleavor\n|-sidestart|p1: Olebuddy|move: Stealth Rock\n|\n|upkeep\n|turn|12\n|\n|t:|1700622888\n|switch|p2a: Zapdos|Zapdos|100\/100\n|-damage|p2a: Zapdos|76\/100|[from] Stealth Rock\n|-ability|p2a: Zapdos|Pressure\n|move|p1a: Kleavor|Stone Axe|p2a: Zapdos\n|-supereffective|p2a: Zapdos\n|-damage|p2a: Zapdos|0 fnt\n|faint|p2a: Zapdos\n|\n|upkeep\n|\n|t:|1700622898\n|switch|p2a: Walking Wake|Walking Wake|100\/100\n|-damage|p2a: Walking Wake|88\/100|[from] Stealth Rock\n|turn|13\n|\n|t:|1700622906\n|move|p1a: Kleavor|Stone Axe|p2a: Walking Wake\n|-damage|p2a: Walking Wake|37\/100\n|move|p2a: Walking Wake|Dragon Pulse|p1a: Kleavor\n|-damage|p1a: Kleavor|38\/100\n|\n|upkeep\n|turn|14\n|\n|t:|1700622913\n|move|p1a: Kleavor|Stone Axe|p2a: Walking Wake\n|-damage|p2a: Walking Wake|0 fnt\n|faint|p2a: Walking Wake\n|-end|p2a: Walking Wake|Protosynthesis|[silent]\n|\n|upkeep\n|\n|t:|1700622917\n|switch|p2a: Dragapult|Dragapult, F|100\/100\n|-damage|p2a: Dragapult|88\/100|[from] Stealth Rock\n|turn|15\n|\n|t:|1700622922\n|move|p1a: Kleavor|Stone Axe|p2a: Dragapult\n|-damage|p2a: Dragapult|12\/100\n|move|p2a: Dragapult|Thunderbolt|p1a: Kleavor\n|-supereffective|p1a: Kleavor\n|-damage|p1a: Kleavor|0 fnt\n|faint|p1a: Kleavor\n|\n|upkeep\n|\n|t:|1700622931\n|switch|p1a: Torkoal|Torkoal, F|15\/100 par\n|-damage|p1a: Torkoal|0 fnt|[from] Stealth Rock\n|faint|p1a: Torkoal\n|\n|t:|1700622934\n|switch|p1a: Landorus|Landorus-Therian, M|100\/100\n|-damage|p1a: Landorus|88\/100|[from] Stealth Rock\n|-ability|p1a: Landorus|Intimidate|boost\n|-fail|p2a: Dragapult|unboost|[from] ability: Clear Body|[of] p2a: Dragapult\n|turn|16\n|\n|t:|1700622942\n|move|p2a: Dragapult|Thunderbolt|p1a: Landorus\n|-immune|p1a: Landorus\n|move|p1a: Landorus|Sunny Day|p1a: Landorus\n|-weather|SunnyDay\n|\n|-weather|SunnyDay|[upkeep]\n|upkeep\n|turn|17\n|\n|t:|1700622950\n|switch|p2a: Blissey|Blissey, F|93\/100\n|-damage|p2a: Blissey|81\/100|[from] Stealth Rock\n|move|p1a: Landorus|Fly||[still]\n|-prepare|p1a: Landorus|Fly\n|\n|-weather|SunnyDay|[upkeep]\n|-heal|p2a: Blissey|87\/100|[from] item: Leftovers\n|upkeep\n|turn|18\n|\n|t:|1700622963\n|move|p1a: Landorus|Fly|p2a: Blissey|[from]lockedmove\n|-damage|p2a: Blissey|47\/100\n|move|p2a: Blissey|Soft-Boiled|p2a: Blissey\n|-heal|p2a: Blissey|97\/100\n|\n|-weather|SunnyDay|[upkeep]\n|-heal|p2a: Blissey|100\/100|[from] item: Leftovers\n|upkeep\n|turn|19\n|\n|t:|1700622972\n|move|p1a: Landorus|Taunt|p2a: Blissey\n|-start|p2a: Blissey|move: Taunt\n|move|p2a: Blissey|Seismic Toss|p1a: Landorus\n|-damage|p1a: Landorus|62\/100\n|-damage|p2a: Blissey|84\/100|[from] item: Rocky Helmet|[of] p1a: Landorus\n|\n|-weather|SunnyDay|[upkeep]\n|-heal|p2a: Blissey|90\/100|[from] item: Leftovers\n|upkeep\n|turn|20\n|\n|t:|1700622985\n|move|p1a: Landorus|U-turn|p2a: Blissey\n|-damage|p2a: Blissey|70\/100\n|\n|t:|1700622988\n|switch|p1a: Arcanine|Arcanine-Hisui, M|100\/100|[from] U-turn\n|-damage|p1a: Arcanine|76\/100|[from] Stealth Rock\n|move|p2a: Blissey|Seismic Toss|p1a: Arcanine\n|-damage|p1a: Arcanine|46\/100\n|\n|-weather|none\n|-heal|p2a: Blissey|76\/100|[from] item: Leftovers\n|upkeep\n|turn|21\n|\n|t:|1700623000\n|move|p1a: Arcanine|Head Smash|p2a: Blissey\n|-damage|p2a: Blissey|7\/100\n|move|p2a: Blissey|Seismic Toss|p1a: Arcanine\n|-damage|p1a: Arcanine|15\/100\n|\n|-heal|p2a: Blissey|13\/100|[from] item: Leftovers\n|-end|p2a: Blissey|move: Taunt\n|upkeep\n|turn|22\n|\n|t:|1700623012\n|switch|p2a: Heatran|Heatran, M|35\/100\n|-damage|p2a: Heatran|22\/100|[from] Stealth Rock\n|-enditem|p2a: Heatran|Wiki Berry|[eat]\n|-heal|p2a: Heatran|56\/100|[from] item: Wiki Berry\n|move|p1a: Arcanine|Head Smash|p2a: Heatran\n|-damage|p2a: Heatran|0 fnt\n|faint|p2a: Heatran\n|\n|upkeep\n|\n|t:|1700623023\n|switch|p2a: Dragapult|Dragapult, F|12\/100\n|-damage|p2a: Dragapult|0 fnt|[from] Stealth Rock\n|faint|p2a: Dragapult\n|\n|t:|1700623027\n|switch|p2a: Blissey|Blissey, F|13\/100\n|-damage|p2a: Blissey|0 fnt|[from] Stealth Rock\n|faint|p2a: Blissey\n|\n|win|Olebuddy\n|raw|Olebuddy's rating: 1037 &rarr; <strong>1068<\/strong><br \/>(+31 for winning)\n|raw|az2323's rating: 1000 &rarr; <strong>1000<\/strong><br \/>(+0 for losing)\n","uploadtime":1700623035,"views":0,"p1id":"olebuddy","p2id":"az2323","formatid":"gen9ou","rating":1000,"private":0,"password":""}