{"id":"gen9ou-1989495868","p1":"acidosis","p2":"Baril8","format":"[Gen 9] OU","log":"|j|\u2606acidosis\n|j|\u2606Baril8\n|t:|1699860445\n|gametype|singles\n|player|p1|acidosis|170|1499\n|player|p2|Baril8|rood|1511\n|teamsize|p1|6\n|teamsize|p2|6\n|gen|9\n|tier|[Gen 9] OU\n|rated|\n|rule|Sleep Clause Mod: Limit one foe put to sleep\n|rule|Species Clause: Limit one of each Pok\u00e9mon\n|rule|OHKO Clause: OHKO moves are banned\n|rule|Evasion Items Clause: Evasion items are banned\n|rule|Evasion Moves Clause: Evasion moves are banned\n|rule|Endless Battle Clause: Forcing endless battles is banned\n|rule|HP Percentage Mod: HP is shown in percentages\n|clearpoke\n|poke|p1|Ceruledge, F|\n|poke|p1|Ogerpon-Wellspring, F|\n|poke|p1|Corviknight, F|\n|poke|p1|Ting-Lu|\n|poke|p1|Kleavor, M|\n|poke|p1|Clefable, M|\n|poke|p2|Cinderace, F|\n|poke|p2|Garchomp, M|\n|poke|p2|Iron Valiant|\n|poke|p2|Amoonguss, M|\n|poke|p2|Rotom-Wash|\n|poke|p2|Kingambit, M|\n|teampreview\n|\n|t:|1699860453\n|start\n|switch|p1a: Clefable|Clefable, M, shiny|100\/100\n|switch|p2a: Cinderace|Cinderace, F|100\/100\n|turn|1\n|inactive|Battle timer is ON: inactive players will automatically lose when time's up. (requested by Baril8)\n|\n|t:|1699860460\n|move|p2a: Cinderace|Pyro Ball|p1a: Clefable\n|-damage|p1a: Clefable|64\/100\n|move|p1a: Clefable|Thunder Wave|p2a: Cinderace\n|-status|p2a: Cinderace|par\n|\n|-heal|p1a: Clefable|70\/100|[from] item: Leftovers\n|upkeep\n|turn|2\n|\n|t:|1699860466\n|move|p2a: Cinderace|U-turn|p1a: Clefable\n|-resisted|p1a: Clefable\n|-damage|p1a: Clefable|64\/100\n|\n|t:|1699860479\n|switch|p2a: Rotom|Rotom-Wash|100\/100|[from] U-turn\n|move|p1a: Clefable|Moonlight|p1a: Clefable\n|-heal|p1a: Clefable|100\/100\n|\n|upkeep\n|turn|3\n|\n|t:|1699860484\n|switch|p1a: Ting-Lu|Ting-Lu|100\/100\n|-ability|p1a: Ting-Lu|Vessel of Ruin\n|move|p2a: Rotom|Thunder Wave|p1a: Ting-Lu\n|-immune|p1a: Ting-Lu\n|\n|upkeep\n|turn|4\n|\n|t:|1699860488\n|move|p2a: Rotom|Hydro Pump|p1a: Ting-Lu\n|-supereffective|p1a: Ting-Lu\n|-damage|p1a: Ting-Lu|70\/100\n|move|p1a: Ting-Lu|Ruination|p2a: Rotom\n|-damage|p2a: Rotom|51\/100\n|\n|-heal|p2a: Rotom|57\/100|[from] item: Leftovers\n|-heal|p1a: Ting-Lu|76\/100|[from] item: Leftovers\n|upkeep\n|turn|5\n|\n|t:|1699860498\n|switch|p2a: Amoonguss|Amoonguss, M|100\/100\n|move|p1a: Ting-Lu|Spikes|p2a: Amoonguss\n|-sidestart|p2: Baril8|Spikes\n|\n|-heal|p1a: Ting-Lu|82\/100|[from] item: Leftovers\n|upkeep\n|turn|6\n|inactive|acidosis has 120 seconds left.\n|\n|t:|1699860533\n|switch|p1a: Ogerpon|Ogerpon-Wellspring, F|100\/100\n|move|p2a: Amoonguss|Sludge Bomb|p1a: Ogerpon\n|-supereffective|p1a: Ogerpon\n|-damage|p1a: Ogerpon|34\/100\n|\n|upkeep\n|turn|7\n|\n|t:|1699860539\n|move|p1a: Ogerpon|U-turn|p2a: Amoonguss\n|-damage|p2a: Amoonguss|80\/100\n|\n|t:|1699860551\n|switch|p1a: Ceruledge|Ceruledge, F|100\/100|[from] U-turn\n|move|p2a: Amoonguss|Sludge Bomb|p1a: Ceruledge\n|-resisted|p1a: Ceruledge\n|-damage|p1a: Ceruledge|91\/100\n|-status|p1a: Ceruledge|psn\n|\n|-heal|p2a: Amoonguss|86\/100|[from] item: Leftovers\n|-damage|p1a: Ceruledge|78\/100 psn|[from] psn\n|upkeep\n|turn|8\n|\n|t:|1699860573\n|switch|p1a: Kleavor|Kleavor, M|100\/100\n|-terastallize|p2a: Amoonguss|Water\n|move|p2a: Amoonguss|Foul Play|p1a: Kleavor\n|-damage|p1a: Kleavor|54\/100\n|\n|-heal|p2a: Amoonguss|93\/100|[from] item: Leftovers\n|upkeep\n|turn|9\n|\n|t:|1699860582\n|move|p1a: Kleavor|Stone Axe|p2a: Amoonguss\n|-damage|p2a: Amoonguss|31\/100\n|-sidestart|p2: Baril8|move: Stealth Rock\n|move|p2a: Amoonguss|Spore|p1a: Kleavor\n|-status|p1a: Kleavor|slp|[from] move: Spore\n|\n|-heal|p2a: Amoonguss|37\/100|[from] item: Leftovers\n|upkeep\n|turn|10\n|\n|t:|1699860588\n|switch|p1a: Ogerpon|Ogerpon-Wellspring, F|34\/100\n|switch|p2a: Cinderace|Cinderace, F|100\/100 par\n|\n|upkeep\n|turn|11\n|\n|t:|1699860600\n|switch|p2a: Rotom|Rotom-Wash|57\/100\n|-damage|p2a: Rotom|44\/100|[from] Stealth Rock\n|move|p1a: Ogerpon|Ivy Cudgel|p2a: Rotom\n|-resisted|p2a: Rotom\n|-damage|p2a: Rotom|15\/100\n|\n|-heal|p2a: Rotom|21\/100|[from] item: Leftovers\n|upkeep\n|turn|12\n|\n|t:|1699860604\n|move|p1a: Ogerpon|Horn Leech|p2a: Rotom\n|-supereffective|p2a: Rotom\n|-damage|p2a: Rotom|0 fnt\n|-heal|p1a: Ogerpon|44\/100|[from] drain|[of] p2a: Rotom\n|faint|p2a: Rotom\n|\n|upkeep\n|\n|t:|1699860624\n|switch|p2a: Garchomp|Garchomp, M|100\/100\n|-damage|p2a: Garchomp|88\/100|[from] Spikes\n|-damage|p2a: Garchomp|82\/100|[from] Stealth Rock\n|turn|13\n|inactive|acidosis has 120 seconds left.\n|\n|t:|1699860659\n|switch|p1a: Kleavor|Kleavor, M|54\/100 slp\n|move|p2a: Garchomp|Scale Shot|p1a: Kleavor\n|-damage|p1a: Kleavor|38\/100 slp\n|-damage|p1a: Kleavor|20\/100 slp\n|-damage|p1a: Kleavor|2\/100 slp\n|-damage|p1a: Kleavor|0 fnt\n|faint|p1a: Kleavor\n|-hitcount|p1: Kleavor|4\n|-unboost|p2a: Garchomp|def|1\n|-boost|p2a: Garchomp|spe|1\n|\n|upkeep\n|inactive|acidosis has 120 seconds left.\n|\n|t:|1699860664\n|switch|p1a: Corviknight|Corviknight, F, shiny|100\/100\n|-ability|p1a: Corviknight|Pressure\n|turn|14\n|l|\u2606Baril8\n|inactive|Baril8 disconnected and has a minute to reconnect!\n|player|p2|\n|j|\u2606Baril8\n|inactive|Baril8 reconnected and has 145 seconds left.\n|player|p2|Baril8|rood\n|\n|t:|1699860681\n|switch|p2a: Cinderace|Cinderace, F|100\/100 par\n|move|p1a: Corviknight|Iron Defense|p1a: Corviknight\n|-boost|p1a: Corviknight|def|2\n|\n|upkeep\n|turn|15\n|\n|t:|1699860686\n|move|p2a: Cinderace|Court Change|p2a: Cinderace\n|-swapsideconditions\n|-activate|p2a: Cinderace|move: Court Change\n|move|p1a: Corviknight|Body Press|p2a: Cinderace\n|-damage|p2a: Cinderace|43\/100 par\n|\n|upkeep\n|turn|16\n|\n|t:|1699860689\n|cant|p2a: Cinderace|par\n|move|p1a: Corviknight|Body Press|p2a: Cinderace\n|-damage|p2a: Cinderace|0 fnt\n|faint|p2a: Cinderace\n|\n|upkeep\n|\n|t:|1699860710\n|switch|p2a: Iron Valiant|Iron Valiant|100\/100\n|-enditem|p2a: Iron Valiant|Booster Energy\n|-activate|p2a: Iron Valiant|ability: Quark Drive|[fromitem]\n|-start|p2a: Iron Valiant|quarkdrivespe\n|turn|17\n|\n|t:|1699860717\n|move|p2a: Iron Valiant|Moonblast|p1a: Corviknight\n|-resisted|p1a: Corviknight\n|-damage|p1a: Corviknight|78\/100\n|move|p1a: Corviknight|Brave Bird|p2a: Iron Valiant\n|-supereffective|p2a: Iron Valiant\n|-damage|p2a: Iron Valiant|5\/100\n|-damage|p1a: Corviknight|55\/100|[from] Recoil\n|\n|-heal|p1a: Corviknight|61\/100|[from] item: Leftovers\n|upkeep\n|turn|18\n|\n|t:|1699860724\n|move|p2a: Iron Valiant|Moonblast|p1a: Corviknight\n|-resisted|p1a: Corviknight\n|-damage|p1a: Corviknight|40\/100\n|move|p1a: Corviknight|Roost|p1a: Corviknight\n|-heal|p1a: Corviknight|90\/100\n|-singleturn|p1a: Corviknight|move: Roost\n|\n|-heal|p1a: Corviknight|96\/100|[from] item: Leftovers\n|upkeep\n|turn|19\n|\n|t:|1699860727\n|move|p2a: Iron Valiant|Moonblast|p1a: Corviknight\n|-resisted|p1a: Corviknight\n|-damage|p1a: Corviknight|75\/100\n|-unboost|p1a: Corviknight|spa|1\n|move|p1a: Corviknight|Brave Bird|p2a: Iron Valiant\n|-supereffective|p2a: Iron Valiant\n|-damage|p2a: Iron Valiant|0 fnt\n|faint|p2a: Iron Valiant\n|-end|p2a: Iron Valiant|Quark Drive|[silent]\n|-damage|p1a: Corviknight|74\/100|[from] Recoil\n|\n|-heal|p1a: Corviknight|80\/100|[from] item: Leftovers\n|upkeep\n|\n|t:|1699860730\n|switch|p2a: Garchomp|Garchomp, M|82\/100\n|turn|20\n|\n|t:|1699860733\n|move|p2a: Garchomp|Swords Dance|p2a: Garchomp\n|-boost|p2a: Garchomp|atk|2\n|move|p1a: Corviknight|Iron Defense|p1a: Corviknight\n|-boost|p1a: Corviknight|def|2\n|\n|-heal|p1a: Corviknight|86\/100|[from] item: Leftovers\n|upkeep\n|turn|21\n|\n|t:|1699860735\n|move|p2a: Garchomp|Scale Shot|p1a: Corviknight\n|-resisted|p1a: Corviknight\n|-damage|p1a: Corviknight|83\/100\n|-resisted|p1a: Corviknight\n|-damage|p1a: Corviknight|81\/100\n|-resisted|p1a: Corviknight\n|-damage|p1a: Corviknight|78\/100\n|-resisted|p1a: Corviknight\n|-damage|p1a: Corviknight|76\/100\n|-hitcount|p1a: Corviknight|4\n|-unboost|p2a: Garchomp|def|1\n|-boost|p2a: Garchomp|spe|1\n|move|p1a: Corviknight|Iron Defense|p1a: Corviknight\n|-boost|p1a: Corviknight|def|2\n|\n|-heal|p1a: Corviknight|82\/100|[from] item: Leftovers\n|upkeep\n|turn|22\n|\n|t:|1699860739\n|move|p2a: Garchomp|Swords Dance|p2a: Garchomp\n|-boost|p2a: Garchomp|atk|2\n|move|p1a: Corviknight|Body Press|p2a: Garchomp\n|-damage|p2a: Garchomp|0 fnt\n|-damage|p1a: Corviknight|69\/100|[from] ability: Rough Skin|[of] p2a: Garchomp\n|faint|p2a: Garchomp\n|\n|-heal|p1a: Corviknight|75\/100|[from] item: Leftovers\n|upkeep\n|-message|Baril8 forfeited.\n|\n|win|acidosis\n|raw|acidosis's rating: 1499 &rarr; <strong>1520<\/strong><br \/>(+21 for winning)\n|raw|Baril8's rating: 1511 &rarr; <strong>1490<\/strong><br \/>(-21 for losing)\n|l|\u2606Baril8\n","uploadtime":1699860818,"views":9,"p1id":"acidosis","p2id":"baril8","formatid":"gen9ou","rating":1490,"private":0,"password":""}