{"id":"gen9ou-1992438138","p1":"slucin","p2":"dettowalk","format":"[Gen 9] OU","log":"|j|\u2606slucin\n|j|\u2606dettowalk\n|t:|1700187590\n|gametype|singles\n|player|p1|slucin|102|\n|player|p2|dettowalk|169|\n|teamsize|p1|6\n|teamsize|p2|6\n|gen|9\n|tier|[Gen 9] OU\n|rule|Sleep Clause Mod: Limit one foe put to sleep\n|rule|Species Clause: Limit one of each Pok\u00e9mon\n|rule|OHKO Clause: OHKO moves are banned\n|rule|Evasion Items Clause: Evasion items are banned\n|rule|Evasion Moves Clause: Evasion moves are banned\n|rule|Endless Battle Clause: Forcing endless battles is banned\n|rule|HP Percentage Mod: HP is shown in percentages\n|clearpoke\n|poke|p1|Alomomola, F|\n|poke|p1|Slowking-Galar, F|\n|poke|p1|Kingambit, F|\n|poke|p1|Great Tusk|\n|poke|p1|Cinderace, F|\n|poke|p1|Thundurus-Therian, M|\n|poke|p2|Kingambit, M|\n|poke|p2|Great Tusk|\n|poke|p2|Hatterene, F|\n|poke|p2|Cinderace, M|\n|poke|p2|Dragapult, F|\n|poke|p2|Ogerpon-Wellspring, F|\n|teampreview\n|c|\u2606slucin|lmao\n|c|\u2606slucin|siempre que jugamos\n|c|\u2606slucin|usamos mirror\n|\n|t:|1700187685\n|start\n|switch|p1a: Thundurus|Thundurus-Therian, M|100\/100\n|switch|p2a: Cinderace|Cinderace, M|100\/100\n|turn|1\n|\n|t:|1700187723\n|switch|p1a: Cinderace|Cinderace, F|100\/100\n|move|p2a: Cinderace|U-turn|p1a: Cinderace\n|-start|p2a: Cinderace|typechange|Bug|[from] ability: Libero\n|-resisted|p1a: Cinderace\n|-damage|p1a: Cinderace|74\/100\n|\n|t:|1700187736\n|switch|p2a: Dragapult|Dragapult, F|100\/100|[from] U-turn\n|\n|upkeep\n|turn|2\n|\n|t:|1700187762\n|switch|p1a: Kingambit|Kingambit, F|100\/100\n|move|p2a: Dragapult|Draco Meteor|p1a: Kingambit\n|-resisted|p1a: Kingambit\n|-damage|p1a: Kingambit|59\/100\n|-unboost|p2a: Dragapult|spa|2\n|\n|-heal|p1a: Kingambit|65\/100|[from] item: Leftovers\n|upkeep\n|turn|3\n|\n|t:|1700187772\n|switch|p2a: Great Tusk|Great Tusk|100\/100\n|move|p1a: Kingambit|Kowtow Cleave|p2a: Great Tusk\n|-resisted|p2a: Great Tusk\n|-damage|p2a: Great Tusk|88\/100\n|\n|-heal|p2a: Great Tusk|94\/100|[from] item: Leftovers\n|-heal|p1a: Kingambit|71\/100|[from] item: Leftovers\n|upkeep\n|turn|4\n|\n|t:|1700187777\n|-end|p1a: Kingambit|fallenundefined|[silent]\n|switch|p1a: Great Tusk|Great Tusk|100\/100\n|move|p2a: Great Tusk|Stealth Rock|p1a: Great Tusk\n|-sidestart|p1: slucin|move: Stealth Rock\n|\n|-heal|p2a: Great Tusk|100\/100|[from] item: Leftovers\n|upkeep\n|turn|5\n|\n|t:|1700187782\n|move|p1a: Great Tusk|Rapid Spin|p2a: Great Tusk\n|-damage|p2a: Great Tusk|92\/100\n|-boost|p1a: Great Tusk|spe|1\n|-sideend|p1: slucin|Stealth Rock|[from] move: Rapid Spin|[of] p1a: Great Tusk\n|move|p2a: Great Tusk|Bulk Up|p2a: Great Tusk\n|-boost|p2a: Great Tusk|atk|1\n|-boost|p2a: Great Tusk|def|1\n|\n|-heal|p2a: Great Tusk|99\/100|[from] item: Leftovers\n|upkeep\n|turn|6\n|\n|t:|1700187787\n|move|p1a: Great Tusk|Stealth Rock|p2a: Great Tusk\n|-sidestart|p2: dettowalk|move: Stealth Rock\n|move|p2a: Great Tusk|Bulk Up|p2a: Great Tusk\n|-boost|p2a: Great Tusk|atk|1\n|-boost|p2a: Great Tusk|def|1\n|\n|-heal|p2a: Great Tusk|100\/100|[from] item: Leftovers\n|upkeep\n|turn|7\n|\n|t:|1700187793\n|-end|p1a: Great Tusk|Protosynthesis|[silent]\n|switch|p1a: Alomomola|Alomomola, F|100\/100\n|move|p2a: Great Tusk|Rapid Spin|p1a: Alomomola\n|-damage|p1a: Alomomola|84\/100\n|-boost|p2a: Great Tusk|spe|1\n|-sideend|p2: dettowalk|Stealth Rock|[from] move: Rapid Spin|[of] p2a: Great Tusk\n|-enditem|p1a: Alomomola|Red Card|[of] p2a: Great Tusk\n|-end|p2a: Great Tusk|Protosynthesis|[silent]\n|drag|p2a: Ogerpon|Ogerpon-Wellspring, F|100\/100\n|\n|upkeep\n|turn|8\n|\n|t:|1700187812\n|switch|p1a: Slowking|Slowking-Galar, F|100\/100\n|move|p2a: Ogerpon|U-turn|p1a: Slowking\n|-damage|p1a: Slowking|70\/100\n|\n|t:|1700187818\n|switch|p2a: Dragapult|Dragapult, F|100\/100|[from] U-turn\n|\n|upkeep\n|turn|9\n|\n|t:|1700187836\n|switch|p1a: Kingambit|Kingambit, F|71\/100\n|move|p2a: Dragapult|Draco Meteor|p1a: Kingambit|[miss]\n|-miss|p2a: Dragapult|p1a: Kingambit\n|\n|-heal|p1a: Kingambit|77\/100|[from] item: Leftovers\n|upkeep\n|turn|10\n|\n|t:|1700187846\n|switch|p2a: Cinderace|Cinderace, M|100\/100\n|move|p1a: Kingambit|Kowtow Cleave|p2a: Cinderace\n|-damage|p2a: Cinderace|26\/100\n|\n|-heal|p1a: Kingambit|83\/100|[from] item: Leftovers\n|upkeep\n|turn|11\n|\n|t:|1700187854\n|move|p1a: Kingambit|Sucker Punch||[still]\n|-fail|p1a: Kingambit\n|move|p2a: Cinderace|Will-O-Wisp|p1a: Kingambit\n|-status|p1a: Kingambit|brn\n|\n|-heal|p1a: Kingambit|89\/100 brn|[from] item: Leftovers\n|-damage|p1a: Kingambit|83\/100 brn|[from] brn\n|upkeep\n|turn|12\n|\n|t:|1700187861\n|switch|p2a: Great Tusk|Great Tusk|100\/100\n|move|p1a: Kingambit|Kowtow Cleave|p2a: Great Tusk\n|-resisted|p2a: Great Tusk\n|-damage|p2a: Great Tusk|95\/100\n|\n|-heal|p2a: Great Tusk|100\/100|[from] item: Leftovers\n|-heal|p1a: Kingambit|89\/100 brn|[from] item: Leftovers\n|-damage|p1a: Kingambit|83\/100 brn|[from] brn\n|upkeep\n|turn|13\n|\n|t:|1700187865\n|-end|p1a: Kingambit|fallenundefined|[silent]\n|switch|p1a: Great Tusk|Great Tusk|100\/100\n|move|p2a: Great Tusk|Stealth Rock|p1a: Great Tusk\n|-sidestart|p1: slucin|move: Stealth Rock\n|\n|upkeep\n|turn|14\n|\n|t:|1700187896\n|move|p1a: Great Tusk|Ice Spinner|p2a: Great Tusk\n|-supereffective|p2a: Great Tusk\n|-crit|p2a: Great Tusk\n|-damage|p2a: Great Tusk|62\/100\n|move|p2a: Great Tusk|Bulk Up|p2a: Great Tusk\n|-boost|p2a: Great Tusk|atk|1\n|-boost|p2a: Great Tusk|def|1\n|\n|-heal|p2a: Great Tusk|68\/100|[from] item: Leftovers\n|upkeep\n|turn|15\n|\n|t:|1700187911\n|move|p1a: Great Tusk|Rapid Spin|p2a: Great Tusk\n|-damage|p2a: Great Tusk|63\/100\n|-boost|p1a: Great Tusk|spe|1\n|-sideend|p1: slucin|Stealth Rock|[from] move: Rapid Spin|[of] p1a: Great Tusk\n|move|p2a: Great Tusk|Earthquake|p1a: Great Tusk\n|-damage|p1a: Great Tusk|56\/100\n|\n|-heal|p2a: Great Tusk|69\/100|[from] item: Leftovers\n|upkeep\n|turn|16\n|\n|t:|1700187920\n|-end|p1a: Great Tusk|Protosynthesis|[silent]\n|switch|p1a: Alomomola|Alomomola, F|100\/100\n|move|p2a: Great Tusk|Earthquake|p1a: Alomomola\n|-damage|p1a: Alomomola|62\/100\n|\n|-heal|p2a: Great Tusk|75\/100|[from] item: Leftovers\n|upkeep\n|turn|17\n|\n|t:|1700187924\n|move|p2a: Great Tusk|Stealth Rock|p1a: Alomomola\n|-sidestart|p1: slucin|move: Stealth Rock\n|move|p1a: Alomomola|Wish|p1a: Alomomola\n|\n|-heal|p2a: Great Tusk|82\/100|[from] item: Leftovers\n|upkeep\n|turn|18\n|\n|t:|1700187930\n|move|p2a: Great Tusk|Bulk Up|p2a: Great Tusk\n|-boost|p2a: Great Tusk|atk|1\n|-boost|p2a: Great Tusk|def|1\n|move|p1a: Alomomola|Scald|p2a: Great Tusk\n|-supereffective|p2a: Great Tusk\n|-damage|p2a: Great Tusk|48\/100\n|\n|-heal|p1a: Alomomola|100\/100|[from] move: Wish|[wisher] Alomomola\n|-heal|p2a: Great Tusk|55\/100|[from] item: Leftovers\n|upkeep\n|turn|19\n|\n|t:|1700187952\n|-end|p2a: Great Tusk|Protosynthesis|[silent]\n|switch|p2a: Ogerpon|Ogerpon-Wellspring, F|100\/100\n|move|p1a: Alomomola|Scald|p2a: Ogerpon\n|-immune|p2a: Ogerpon|[from] ability: Water Absorb\n|\n|upkeep\n|turn|20\n|\n|t:|1700187960\n|switch|p1a: Slowking|Slowking-Galar, F|100\/100\n|move|p2a: Ogerpon|Swords Dance|p2a: Ogerpon\n|-boost|p2a: Ogerpon|atk|2\n|\n|upkeep\n|turn|21\n|\n|t:|1700187990\n|move|p2a: Ogerpon|U-turn|p1a: Slowking\n|-damage|p1a: Slowking|46\/100\n|\n|t:|1700188004\n|switch|p2a: Kingambit|Kingambit, M|100\/100|[from] U-turn\n|move|p1a: Slowking|Sludge Bomb|p2a: Kingambit\n|-immune|p2a: Kingambit\n|\n|upkeep\n|turn|22\n|\n|t:|1700188031\n|switch|p1a: Kingambit|Kingambit, F|83\/100 brn\n|-damage|p1a: Kingambit|77\/100 brn|[from] Stealth Rock\n|move|p2a: Kingambit|Low Kick|p1a: Kingambit\n|-supereffective|p1a: Kingambit\n|-damage|p1a: Kingambit|0 fnt\n|faint|p1a: Kingambit\n|-end|p1a: Kingambit|fallenundefined|[silent]\n|\n|upkeep\n|\n|t:|1700188034\n|switch|p1a: Cinderace|Cinderace, F|74\/100\n|turn|23\n|\n|t:|1700188043\n|-end|p2a: Kingambit|fallenundefined|[silent]\n|switch|p2a: Great Tusk|Great Tusk|55\/100\n|move|p1a: Cinderace|Will-O-Wisp|p2a: Great Tusk|[miss]\n|-miss|p1a: Cinderace|p2a: Great Tusk\n|\n|-heal|p2a: Great Tusk|61\/100|[from] item: Leftovers\n|upkeep\n|turn|24\n|\n|t:|1700188067\n|-end|p2a: Great Tusk|Protosynthesis|[silent]\n|switch|p2a: Cinderace|Cinderace, M|26\/100\n|move|p1a: Cinderace|U-turn|p2a: Cinderace\n|-start|p1a: Cinderace|typechange|Bug|[from] ability: Libero\n|-resisted|p2a: Cinderace\n|-damage|p2a: Cinderace|3\/100\n|\n|t:|1700188087\n|switch|p1a: Great Tusk|Great Tusk|56\/100|[from] U-turn\n|-damage|p1a: Great Tusk|53\/100|[from] Stealth Rock\n|\n|upkeep\n|turn|25\n|\n|t:|1700188092\n|move|p2a: Cinderace|Will-O-Wisp|p1a: Great Tusk\n|-status|p1a: Great Tusk|brn\n|move|p1a: Great Tusk|Rapid Spin|p2a: Cinderace\n|-damage|p2a: Cinderace|0 fnt\n|-boost|p1a: Great Tusk|spe|1\n|-sideend|p1: slucin|Stealth Rock|[from] move: Rapid Spin|[of] p1a: Great Tusk\n|faint|p2a: Cinderace\n|\n|-damage|p1a: Great Tusk|47\/100 brn|[from] brn\n|upkeep\n|\n|t:|1700188101\n|switch|p2a: Ogerpon|Ogerpon-Wellspring, F|100\/100\n|turn|26\n|\n|t:|1700188167\n|move|p1a: Great Tusk|Stealth Rock|p2a: Ogerpon\n|-sidestart|p2: dettowalk|move: Stealth Rock\n|move|p2a: Ogerpon|Trailblaze|p1a: Great Tusk\n|-supereffective|p1a: Great Tusk\n|-damage|p1a: Great Tusk|3\/100 brn\n|-boost|p2a: Ogerpon|spe|1\n|-damage|p2a: Ogerpon|84\/100|[from] item: Rocky Helmet|[of] p1a: Great Tusk\n|\n|-damage|p1a: Great Tusk|0 fnt|[from] brn\n|faint|p1a: Great Tusk\n|-end|p1a: Great Tusk|Protosynthesis|[silent]\n|upkeep\n|\n|t:|1700188170\n|switch|p1a: Thundurus|Thundurus-Therian, M|100\/100\n|turn|27\n|\n|t:|1700188176\n|-terastallize|p1a: Thundurus|Flying\n|move|p2a: Ogerpon|U-turn|p1a: Thundurus\n|-resisted|p1a: Thundurus\n|-crit|p1a: Thundurus\n|-damage|p1a: Thundurus|67\/100\n|\n|t:|1700188221\n|switch|p2a: Hatterene|Hatterene, F|100\/100|[from] U-turn\n|-damage|p2a: Hatterene|88\/100|[from] Stealth Rock\n|move|p1a: Thundurus|Tera Blast|p2a: Hatterene|[anim] Tera Blast Flying\n|-damage|p2a: Hatterene|1\/100\n|\n|-heal|p2a: Hatterene|7\/100|[from] item: Leftovers\n|upkeep\n|turn|28\n|\n|t:|1700188250\n|move|p1a: Thundurus|Tera Blast|p2a: Hatterene|[anim] Tera Blast Flying\n|-damage|p2a: Hatterene|0 fnt\n|faint|p2a: Hatterene\n|\n|upkeep\n|\n|t:|1700188263\n|switch|p2a: Dragapult|Dragapult, F|100\/100\n|-damage|p2a: Dragapult|88\/100|[from] Stealth Rock\n|turn|29\n|\n|t:|1700188270\n|switch|p1a: Slowking|Slowking-Galar, F|80\/100\n|move|p2a: Dragapult|Draco Meteor|p1a: Slowking\n|-damage|p1a: Slowking|28\/100\n|-unboost|p2a: Dragapult|spa|2\n|\n|upkeep\n|turn|30\n|\n|t:|1700188275\n|switch|p2a: Great Tusk|Great Tusk|61\/100\n|-damage|p2a: Great Tusk|58\/100|[from] Stealth Rock\n|switch|p1a: Alomomola|Alomomola, F|100\/100\n|\n|-heal|p2a: Great Tusk|64\/100|[from] item: Leftovers\n|upkeep\n|turn|31\n|\n|t:|1700188302\n|switch|p1a: Thundurus|Thundurus-Therian, M, tera:Flying|67\/100\n|move|p2a: Great Tusk|Rapid Spin|p1a: Thundurus\n|-damage|p1a: Thundurus|43\/100\n|-boost|p2a: Great Tusk|spe|1\n|-sideend|p2: dettowalk|Stealth Rock|[from] move: Rapid Spin|[of] p2a: Great Tusk\n|\n|-heal|p2a: Great Tusk|70\/100|[from] item: Leftovers\n|upkeep\n|turn|32\n|\n|t:|1700188308\n|move|p1a: Thundurus|Tera Blast|p2a: Great Tusk|[anim] Tera Blast Flying\n|-supereffective|p2a: Great Tusk\n|-damage|p2a: Great Tusk|0 fnt\n|faint|p2a: Great Tusk\n|-end|p2a: Great Tusk|Protosynthesis|[silent]\n|\n|upkeep\n|\n|t:|1700188319\n|switch|p2a: Dragapult|Dragapult, F|88\/100\n|turn|33\n|\n|t:|1700188332\n|switch|p1a: Alomomola|Alomomola, F|100\/100\n|move|p2a: Dragapult|Shadow Ball|p1a: Alomomola\n|-crit|p1a: Alomomola\n|-damage|p1a: Alomomola|35\/100\n|\n|upkeep\n|turn|34\n|\n|t:|1700188340\n|switch|p1a: Cinderace|Cinderace, F|74\/100\n|move|p2a: Dragapult|Shadow Ball|p1a: Cinderace\n|-damage|p1a: Cinderace|0 fnt\n|faint|p1a: Cinderace\n|\n|upkeep\n|\n|t:|1700188350\n|switch|p1a: Alomomola|Alomomola, F|68\/100\n|turn|35\n|\n|t:|1700188358\n|-terastallize|p2a: Dragapult|Ghost\n|move|p2a: Dragapult|Shadow Ball|p1a: Alomomola\n|-damage|p1a: Alomomola|5\/100\n|move|p1a: Alomomola|Flip Turn|p2a: Dragapult\n|-damage|p2a: Dragapult|65\/100\n|\n|t:|1700188361\n|switch|p1a: Slowking|Slowking-Galar, F|61\/100|[from] Flip Turn\n|\n|upkeep\n|turn|36\n|\n|t:|1700188363\n|switch|p1a: Alomomola|Alomomola, F|38\/100\n|move|p2a: Dragapult|Shadow Ball|p1a: Alomomola\n|-damage|p1a: Alomomola|0 fnt\n|faint|p1a: Alomomola\n|\n|upkeep\n|\n|t:|1700188365\n|switch|p1a: Slowking|Slowking-Galar, F|94\/100\n|turn|37\n|\n|t:|1700188370\n|move|p2a: Dragapult|Shadow Ball|p1a: Slowking\n|-supereffective|p1a: Slowking\n|-damage|p1a: Slowking|8\/100\n|move|p1a: Slowking|Ice Beam|p2a: Dragapult\n|-damage|p2a: Dragapult|36\/100\n|\n|upkeep\n|turn|38\n|\n|t:|1700188372\n|move|p2a: Dragapult|Shadow Ball|p1a: Slowking\n|-supereffective|p1a: Slowking\n|-damage|p1a: Slowking|0 fnt\n|faint|p1a: Slowking\n|\n|upkeep\n|\n|t:|1700188374\n|switch|p1a: Thundurus|Thundurus-Therian, M, tera:Flying|43\/100\n|turn|39\n|\n|t:|1700188377\n|move|p2a: Dragapult|Shadow Ball|p1a: Thundurus\n|-damage|p1a: Thundurus|0 fnt\n|faint|p1a: Thundurus\n|\n|win|dettowalk\n|c|\u2606slucin|gg\n","uploadtime":1700188398,"views":10,"p1id":"slucin","p2id":"dettowalk","formatid":"gen9ou","rating":0,"private":0,"password":""}