{"id":"gen9ou-1989983409","p1":"Lamanchaquemancha","p2":"based trans girl","format":"[Gen 9] OU","log":"|j|\u2606Lamanchaquemancha\n|j|\u2606based trans girl\n|t:|1699912473\n|gametype|singles\n|player|p1|Lamanchaquemancha|shadowtriad|1181\n|player|p2|based trans girl|tate-masters|1125\n|teamsize|p1|6\n|teamsize|p2|6\n|gen|9\n|tier|[Gen 9] OU\n|rated|\n|rule|Sleep Clause Mod: Limit one foe put to sleep\n|rule|Species Clause: Limit one of each Pok\u00e9mon\n|rule|OHKO Clause: OHKO moves are banned\n|rule|Evasion Items Clause: Evasion items are banned\n|rule|Evasion Moves Clause: Evasion moves are banned\n|rule|Endless Battle Clause: Forcing endless battles is banned\n|rule|HP Percentage Mod: HP is shown in percentages\n|clearpoke\n|poke|p1|Ceruledge, M|\n|poke|p1|Scream Tail|\n|poke|p1|Kleavor, M|\n|poke|p1|Empoleon, M|\n|poke|p1|Sneasler, M|\n|poke|p1|Dragapult, M|\n|poke|p2|Perrserker, F|\n|poke|p2|Cinderace, F|\n|poke|p2|Kingambit, F|\n|poke|p2|Iron Moth|\n|poke|p2|Rillaboom, M|\n|poke|p2|Clefable, F|\n|teampreview\n|inactive|Battle timer is ON: inactive players will automatically lose when time's up. (requested by Lamanchaquemancha)\n|\n|t:|1699912484\n|start\n|switch|p1a: Kleavor|Kleavor, M|100\/100\n|switch|p2a: Perrserker|Perrserker, F, shiny|100\/100\n|turn|1\n|\n|t:|1699912499\n|move|p2a: Perrserker|Fake Out|p1a: Kleavor\n|-resisted|p1a: Kleavor\n|-damage|p1a: Kleavor|92\/100\n|cant|p1a: Kleavor|flinch\n|\n|upkeep\n|turn|2\n|\n|t:|1699912505\n|move|p1a: Kleavor|Stone Axe|p2a: Perrserker\n|-resisted|p2a: Perrserker\n|-damage|p2a: Perrserker|75\/100\n|-sidestart|p2: based trans girl|move: Stealth Rock\n|move|p2a: Perrserker|Iron Head|p1a: Kleavor\n|-supereffective|p1a: Kleavor\n|-damage|p1a: Kleavor|0 fnt\n|faint|p1a: Kleavor\n|\n|upkeep\n|\n|t:|1699912516\n|switch|p1a: Scream Tail|Scream Tail, shiny|100\/100\n|turn|3\n|\n|t:|1699912521\n|-terastallize|p1a: Scream Tail|Fighting\n|move|p1a: Scream Tail|Bulk Up|p1a: Scream Tail\n|-boost|p1a: Scream Tail|atk|1\n|-boost|p1a: Scream Tail|def|1\n|move|p2a: Perrserker|Iron Head|p1a: Scream Tail\n|-damage|p1a: Scream Tail|73\/100\n|\n|-heal|p1a: Scream Tail|80\/100|[from] item: Leftovers\n|upkeep\n|turn|4\n|\n|t:|1699912530\n|switch|p2a: Clefable|Clefable, F|100\/100\n|move|p1a: Scream Tail|Bulk Up|p1a: Scream Tail\n|-boost|p1a: Scream Tail|atk|1\n|-boost|p1a: Scream Tail|def|1\n|\n|-heal|p1a: Scream Tail|86\/100|[from] item: Leftovers\n|upkeep\n|turn|5\n|\n|t:|1699912550\n|move|p1a: Scream Tail|Stored Power|p2a: Clefable\n|-damage|p2a: Clefable|80\/100\n|move|p2a: Clefable|Moonblast|p1a: Scream Tail\n|-supereffective|p1a: Scream Tail\n|-damage|p1a: Scream Tail|28\/100\n|\n|-heal|p1a: Scream Tail|34\/100|[from] item: Leftovers\n|upkeep\n|turn|6\n|\n|t:|1699912560\n|move|p1a: Scream Tail|Amnesia|p1a: Scream Tail\n|-boost|p1a: Scream Tail|spd|2\n|move|p2a: Clefable|Moonblast|p1a: Scream Tail\n|-supereffective|p1a: Scream Tail\n|-damage|p1a: Scream Tail|5\/100\n|\n|-heal|p1a: Scream Tail|11\/100|[from] item: Leftovers\n|upkeep\n|turn|7\n|\n|t:|1699912570\n|move|p1a: Scream Tail|Drain Punch|p2a: Clefable\n|-resisted|p2a: Clefable\n|-damage|p2a: Clefable|64\/100\n|-heal|p1a: Scream Tail|18\/100|[from] drain|[of] p2a: Clefable\n|move|p2a: Clefable|Moonblast|p1a: Scream Tail\n|-supereffective|p1a: Scream Tail\n|-damage|p1a: Scream Tail|0 fnt\n|faint|p1a: Scream Tail\n|-end|p1a: Scream Tail|Protosynthesis|[silent]\n|\n|upkeep\n|\n|t:|1699912588\n|switch|p1a: Sneasler|Sneasler, M|100\/100\n|turn|8\n|\n|t:|1699912594\n|switch|p2a: Perrserker|Perrserker, F, shiny|75\/100\n|-damage|p2a: Perrserker|69\/100|[from] Stealth Rock\n|move|p1a: Sneasler|Dire Claw|p2a: Perrserker\n|-immune|p2a: Perrserker\n|\n|upkeep\n|turn|9\n|\n|t:|1699912608\n|move|p2a: Perrserker|Fake Out|p1a: Sneasler\n|-damage|p1a: Sneasler|77\/100\n|cant|p1a: Sneasler|flinch\n|\n|upkeep\n|turn|10\n|\n|t:|1699912617\n|move|p1a: Sneasler|Close Combat|p2a: Perrserker\n|-supereffective|p2a: Perrserker\n|-damage|p2a: Perrserker|0 fnt\n|-unboost|p1a: Sneasler|def|1\n|-unboost|p1a: Sneasler|spd|1\n|faint|p2a: Perrserker\n|-damage|p1a: Sneasler|67\/100|[from] item: Life Orb\n|\n|upkeep\n|inactive|based trans girl has 120 seconds left.\n|\n|t:|1699912672\n|switch|p2a: Kingambit|Kingambit, F, shiny|100\/100\n|-damage|p2a: Kingambit|94\/100|[from] Stealth Rock\n|-activate|p2a: Kingambit|ability: Supreme Overlord\n|-start|p2a: Kingambit|fallen1|[silent]\n|-item|p2a: Kingambit|Air Balloon\n|turn|11\n|\n|t:|1699912687\n|-terastallize|p2a: Kingambit|Flying\n|move|p1a: Sneasler|Close Combat|p2a: Kingambit\n|-resisted|p2a: Kingambit\n|-damage|p2a: Kingambit|58\/100\n|-unboost|p1a: Sneasler|def|1\n|-unboost|p1a: Sneasler|spd|1\n|-enditem|p2a: Kingambit|Air Balloon\n|-status|p2a: Kingambit|psn|[from] ability: Poison Touch|[of] p1a: Sneasler\n|-damage|p1a: Sneasler|57\/100|[from] item: Life Orb\n|move|p2a: Kingambit|Iron Head|p1a: Sneasler\n|-damage|p1a: Sneasler|0 fnt\n|faint|p1a: Sneasler\n|\n|-damage|p2a: Kingambit|45\/100 psn|[from] psn\n|upkeep\n|\n|t:|1699912703\n|switch|p1a: Dragapult|Dragapult, M|100\/100\n|turn|12\n|\n|t:|1699912708\n|move|p2a: Kingambit|Sucker Punch||[still]\n|-fail|p2a: Kingambit\n|move|p1a: Dragapult|Substitute|p1a: Dragapult\n|-start|p1a: Dragapult|Substitute\n|-damage|p1a: Dragapult|76\/100\n|\n|-heal|p1a: Dragapult|82\/100|[from] item: Leftovers\n|-damage|p2a: Kingambit|33\/100 psn|[from] psn\n|upkeep\n|turn|13\n|\n|t:|1699912718\n|move|p2a: Kingambit|Sucker Punch||[still]\n|-fail|p2a: Kingambit\n|move|p1a: Dragapult|Dragon Dance|p1a: Dragapult\n|-boost|p1a: Dragapult|atk|1\n|-boost|p1a: Dragapult|spe|1\n|\n|-heal|p1a: Dragapult|88\/100|[from] item: Leftovers\n|-damage|p2a: Kingambit|21\/100 psn|[from] psn\n|upkeep\n|turn|14\n|\n|t:|1699912727\n|move|p1a: Dragapult|Dragon Darts|p2a: Kingambit\n|-damage|p2a: Kingambit|0 fnt\n|faint|p2a: Kingambit\n|-end|p2a: Kingambit|fallen1|[silent]\n|\n|-heal|p1a: Dragapult|94\/100|[from] item: Leftovers\n|upkeep\n|\n|t:|1699912736\n|switch|p2a: Clefable|Clefable, F|64\/100\n|turn|15\n|\n|t:|1699912746\n|move|p1a: Dragapult|Tera Blast|p2a: Clefable\n|-damage|p2a: Clefable|45\/100\n|move|p2a: Clefable|Moonblast|p1a: Dragapult\n|-supereffective|p1a: Dragapult\n|-end|p1a: Dragapult|Substitute\n|\n|-heal|p1a: Dragapult|99\/100|[from] item: Leftovers\n|upkeep\n|turn|16\n|\n|t:|1699912755\n|switch|p1a: Empoleon|Empoleon, M|100\/100\n|move|p2a: Clefable|Moonblast|p1a: Empoleon\n|-resisted|p1a: Empoleon\n|-damage|p1a: Empoleon|83\/100\n|\n|-heal|p1a: Empoleon|89\/100|[from] item: Leftovers\n|upkeep\n|turn|17\n|\n|t:|1699912765\n|move|p2a: Clefable|Moonlight|p2a: Clefable\n|-heal|p2a: Clefable|95\/100\n|move|p1a: Empoleon|Flash Cannon|p2a: Clefable\n|-supereffective|p2a: Clefable\n|-damage|p2a: Clefable|22\/100\n|\n|-heal|p1a: Empoleon|95\/100|[from] item: Leftovers\n|upkeep\n|turn|18\n|inactive|Lamanchaquemancha has 120 seconds left.\n|\n|t:|1699912796\n|move|p2a: Clefable|Moonlight|p2a: Clefable\n|-heal|p2a: Clefable|72\/100\n|move|p1a: Empoleon|Surf|p2a: Clefable\n|-damage|p2a: Clefable|28\/100\n|\n|-heal|p1a: Empoleon|100\/100|[from] item: Leftovers\n|upkeep\n|turn|19\n|\n|t:|1699912813\n|move|p2a: Clefable|Flamethrower|p1a: Empoleon\n|-crit|p1a: Empoleon\n|-damage|p1a: Empoleon|64\/100\n|move|p1a: Empoleon|Flash Cannon|p2a: Clefable\n|-supereffective|p2a: Clefable\n|-damage|p2a: Clefable|0 fnt\n|faint|p2a: Clefable\n|\n|-heal|p1a: Empoleon|70\/100|[from] item: Leftovers\n|upkeep\n|\n|t:|1699912818\n|switch|p2a: Cinderace|Cinderace, F, shiny|100\/100\n|turn|20\n|\n|t:|1699912832\n|switch|p1a: Dragapult|Dragapult, M|99\/100\n|move|p2a: Cinderace|Court Change|p2a: Cinderace\n|-start|p2a: Cinderace|typechange|Normal|[from] ability: Libero\n|-swapsideconditions\n|-activate|p2a: Cinderace|move: Court Change\n|\n|-heal|p1a: Dragapult|100\/100|[from] item: Leftovers\n|upkeep\n|turn|21\n|\n|t:|1699912841\n|move|p1a: Dragapult|Substitute|p1a: Dragapult\n|-start|p1a: Dragapult|Substitute\n|-damage|p1a: Dragapult|76\/100\n|move|p2a: Cinderace|Pyro Ball|p1a: Dragapult\n|-resisted|p1a: Dragapult\n|-end|p1a: Dragapult|Substitute\n|\n|-heal|p1a: Dragapult|82\/100|[from] item: Leftovers\n|upkeep\n|turn|22\n|\n|t:|1699912853\n|move|p1a: Dragapult|Dragon Darts|p2a: Cinderace\n|-damage|p2a: Cinderace|59\/100\n|-anim|p1a: Dragapult|Dragon Darts|p2a: Cinderace\n|-damage|p2a: Cinderace|16\/100\n|move|p2a: Cinderace|Pyro Ball|p1a: Dragapult\n|-resisted|p1a: Dragapult\n|-damage|p1a: Dragapult|54\/100\n|-status|p1a: Dragapult|brn\n|\n|-heal|p1a: Dragapult|60\/100 brn|[from] item: Leftovers\n|-damage|p1a: Dragapult|54\/100 brn|[from] brn\n|upkeep\n|turn|23\n|\n|t:|1699912864\n|move|p2a: Cinderace|Sucker Punch|p1a: Dragapult\n|-supereffective|p1a: Dragapult\n|-damage|p1a: Dragapult|0 fnt\n|faint|p1a: Dragapult\n|\n|upkeep\n|\n|t:|1699912871\n|switch|p1a: Ceruledge|Ceruledge, M, shiny|100\/100\n|-damage|p1a: Ceruledge|76\/100|[from] Stealth Rock\n|turn|24\n|\n|t:|1699912896\n|switch|p2a: Iron Moth|Iron Moth|100\/100\n|-enditem|p2a: Iron Moth|Booster Energy\n|-activate|p2a: Iron Moth|ability: Quark Drive|[fromitem]\n|-start|p2a: Iron Moth|quarkdrivespe\n|move|p1a: Ceruledge|Bitter Blade|p2a: Iron Moth\n|-resisted|p2a: Iron Moth\n|-damage|p2a: Iron Moth|68\/100\n|-heal|p1a: Ceruledge|93\/100|[from] drain|[of] p2a: Iron Moth\n|\n|upkeep\n|turn|25\n|\n|t:|1699912907\n|move|p2a: Iron Moth|Psychic|p1a: Ceruledge\n|-damage|p1a: Ceruledge|58\/100\n|-unboost|p1a: Ceruledge|spd|1\n|move|p1a: Ceruledge|Swords Dance|p1a: Ceruledge\n|-boost|p1a: Ceruledge|atk|2\n|\n|upkeep\n|turn|26\n|\n|t:|1699912915\n|move|p2a: Iron Moth|Psychic|p1a: Ceruledge\n|-damage|p1a: Ceruledge|6\/100\n|move|p1a: Ceruledge|Shadow Claw|p2a: Iron Moth\n|-damage|p2a: Iron Moth|0 fnt\n|faint|p2a: Iron Moth\n|-end|p2a: Iron Moth|Quark Drive|[silent]\n|\n|upkeep\n|\n|t:|1699912918\n|switch|p2a: Rillaboom|Rillaboom, M|100\/100\n|-fieldstart|move: Grassy Terrain|[from] ability: Grassy Surge|[of] p2a: Rillaboom\n|turn|27\n|\n|t:|1699912928\n|move|p1a: Ceruledge|Shadow Sneak|p2a: Rillaboom\n|-damage|p2a: Rillaboom|58\/100\n|move|p2a: Rillaboom|Grassy Glide|p1a: Ceruledge\n|-resisted|p1a: Ceruledge\n|-damage|p1a: Ceruledge|0 fnt\n|faint|p1a: Ceruledge\n|\n|-heal|p2a: Rillaboom|64\/100|[from] Grassy Terrain\n|upkeep\n|\n|t:|1699912936\n|switch|p1a: Empoleon|Empoleon, M|70\/100\n|-damage|p1a: Empoleon|64\/100|[from] Stealth Rock\n|turn|28\n|\n|t:|1699912942\n|move|p2a: Rillaboom|Grassy Glide|p1a: Empoleon\n|-damage|p1a: Empoleon|0 fnt\n|faint|p1a: Empoleon\n|\n|win|based trans girl\n|raw|Lamanchaquemancha's rating: 1181 &rarr; <strong>1152<\/strong><br \/>(-29 for losing)\n|raw|based trans girl's rating: 1125 &rarr; <strong>1154<\/strong><br \/>(+29 for winning)\n|l|\u2606Lamanchaquemancha\n","uploadtime":1699912951,"views":9,"p1id":"lamanchaquemancha","p2id":"basedtransgirl","formatid":"gen9ou","rating":1152,"private":0,"password":""}