{"id":"gen9ou-1991702081","p1":"Redbloo","p2":"AquiIo","format":"[Gen 9] OU","log":"|j|\u2606Redbloo\n|j|\u2606AquiIo\n|t:|1700104452\n|gametype|singles\n|player|p1|Redbloo|blue-gen7|1404\n|player|p2|AquiIo|volo-ginkgo|1463\n|teamsize|p1|6\n|teamsize|p2|6\n|gen|9\n|tier|[Gen 9] OU\n|rated|\n|rule|Sleep Clause Mod: Limit one foe put to sleep\n|rule|Species Clause: Limit one of each Pok\u00e9mon\n|rule|OHKO Clause: OHKO moves are banned\n|rule|Evasion Items Clause: Evasion items are banned\n|rule|Evasion Moves Clause: Evasion moves are banned\n|rule|Endless Battle Clause: Forcing endless battles is banned\n|rule|HP Percentage Mod: HP is shown in percentages\n|clearpoke\n|poke|p1|Alomomola, M|\n|poke|p1|Ursaluna, M|\n|poke|p1|Dragapult, M|\n|poke|p1|Ceruledge, M|\n|poke|p1|Goodra-Hisui, F|\n|poke|p1|Great Tusk|\n|poke|p2|Ogerpon-Wellspring, F|\n|poke|p2|Zapdos|\n|poke|p2|Kingambit, F|\n|poke|p2|Rillaboom, F|\n|poke|p2|Slowking, M|\n|poke|p2|Heatran, F|\n|teampreview\n|inactive|Battle timer is ON: inactive players will automatically lose when time's up. (requested by AquiIo)\n|inactive|Redbloo also wants the timer to be on.\n|c|\u2606AquiIo|glhf!\n|c|\u2606Redbloo|u2!\n|inactive|Redbloo has 120 seconds left.\n|\n|t:|1700104495\n|start\n|switch|p1a: Great Tusk|Great Tusk|100\/100\n|switch|p2a: Strix|Zapdos|100\/100\n|turn|1\n|\n|t:|1700104506\n|-end|p1a: Great Tusk|Protosynthesis|[silent]\n|switch|p1a: Goodra|Goodra-Hisui, F|100\/100\n|move|p2a: Strix|Hurricane|p1a: Goodra\n|-resisted|p1a: Goodra\n|-damage|p1a: Goodra|88\/100\n|-start|p1a: Goodra|confusion\n|\n|-heal|p1a: Goodra|94\/100|[from] item: Leftovers\n|upkeep\n|turn|2\n|\n|t:|1700104518\n|switch|p1a: Ursaluna|Ursaluna, M|100\/100\n|move|p2a: Strix|Thunder Wave|p1a: Ursaluna\n|-immune|p1a: Ursaluna\n|\n|-status|p1a: Ursaluna|brn|[from] item: Flame Orb\n|upkeep\n|turn|3\n|\n|t:|1700104531\n|move|p2a: Strix|Hurricane|p1a: Ursaluna\n|-damage|p1a: Ursaluna|57\/100 brn\n|move|p1a: Ursaluna|Facade|p2a: Strix\n|-damage|p2a: Strix|0 fnt\n|faint|p2a: Strix\n|\n|-damage|p1a: Ursaluna|50\/100 brn|[from] brn\n|upkeep\n|c|\u2606AquiIo|sometimes i forget how heavy the hits luna drops are\n|inactive|AquiIo has 120 seconds left.\n|c|\u2606AquiIo|\"surely physdef zap will live\"\n|\n|t:|1700104568\n|switch|p2a: Boji|Rillaboom, F|100\/100\n|-fieldstart|move: Grassy Terrain|[from] ability: Grassy Surge|[of] p2a: Boji\n|turn|4\n|c|\u2606Redbloo|yea it destros everything lmao\n|\n|t:|1700104586\n|switch|p1a: Goodra|Goodra-Hisui, F|94\/100\n|move|p2a: Boji|U-turn|p1a: Goodra\n|-resisted|p1a: Goodra\n|-damage|p1a: Goodra|78\/100\n|\n|t:|1700104589\n|switch|p2a: Kleg|Heatran, F|100\/100|[from] U-turn\n|-item|p2a: Kleg|Air Balloon\n|\n|-heal|p1a: Goodra|84\/100|[from] Grassy Terrain\n|-heal|p1a: Goodra|90\/100|[from] item: Leftovers\n|upkeep\n|turn|5\n|\n|t:|1700104600\n|switch|p1a: Alomomola|Alomomola, M|100\/100\n|move|p2a: Kleg|Magma Storm|p1a: Alomomola|[miss]\n|-miss|p2a: Kleg|p1a: Alomomola\n|\n|upkeep\n|turn|6\n|\n|t:|1700104610\n|switch|p2a: Lyria|Ogerpon-Wellspring, F|100\/100\n|move|p1a: Alomomola|Wish|p1a: Alomomola\n|\n|upkeep\n|turn|7\n|inactive|AquiIo has 120 seconds left.\n|\n|t:|1700104618\n|switch|p1a: Goodra|Goodra-Hisui, F|90\/100\n|move|p2a: Lyria|Ivy Cudgel|p1a: Goodra|[anim] Ivy Cudgel Water\n|-resisted|p1a: Goodra\n|-damage|p1a: Goodra|68\/100\n|\n|-heal|p1a: Goodra|100\/100|[from] move: Wish|[wisher] Alomomola\n|upkeep\n|turn|8\n|\n|t:|1700104628\n|move|p2a: Lyria|Spikes|p1a: Goodra\n|-sidestart|p1: Redbloo|Spikes\n|move|p1a: Goodra|Draco Meteor|p2a: Lyria|[miss]\n|-miss|p1a: Goodra|p2a: Lyria\n|\n|-fieldend|move: Grassy Terrain\n|upkeep\n|turn|9\n|\n|t:|1700104635\n|move|p2a: Lyria|U-turn|p1a: Goodra\n|-resisted|p1a: Goodra\n|-damage|p1a: Goodra|89\/100\n|\n|t:|1700104645\n|switch|p2a: Kleg|Heatran, F|100\/100|[from] U-turn\n|-item|p2a: Kleg|Air Balloon\n|move|p1a: Goodra|Dragon Tail|p2a: Kleg\n|-resisted|p2a: Kleg\n|-damage|p2a: Kleg|93\/100\n|-enditem|p2a: Kleg|Air Balloon\n|drag|p2a: Boji|Rillaboom, F|100\/100\n|-fieldstart|move: Grassy Terrain|[from] ability: Grassy Surge|[of] p2a: Boji\n|\n|-heal|p1a: Goodra|95\/100|[from] Grassy Terrain\n|-heal|p1a: Goodra|100\/100|[from] item: Leftovers\n|upkeep\n|turn|10\n|\n|t:|1700104662\n|move|p2a: Boji|Knock Off|p1a: Goodra\n|-damage|p1a: Goodra|54\/100\n|-enditem|p1a: Goodra|Leftovers|[from] move: Knock Off|[of] p2a: Boji\n|move|p1a: Goodra|Draco Meteor|p2a: Boji\n|-damage|p2a: Boji|38\/100\n|-unboost|p1a: Goodra|spa|2\n|\n|-heal|p2a: Boji|44\/100|[from] Grassy Terrain\n|-heal|p1a: Goodra|60\/100|[from] Grassy Terrain\n|upkeep\n|turn|11\n|\n|t:|1700104675\n|switch|p2a: Kleg|Heatran, F|93\/100\n|switch|p1a: Great Tusk|Great Tusk|100\/100\n|\n|-heal|p2a: Kleg|99\/100|[from] Grassy Terrain\n|upkeep\n|turn|12\n|\n|t:|1700104688\n|move|p1a: Great Tusk|Rapid Spin|p2a: Kleg\n|-resisted|p2a: Kleg\n|-damage|p2a: Kleg|92\/100\n|-boost|p1a: Great Tusk|spe|1\n|-sideend|p1: Redbloo|Spikes|[from] move: Rapid Spin|[of] p1a: Great Tusk\n|move|p2a: Kleg|Magma Storm|p1a: Great Tusk|[miss]\n|-miss|p2a: Kleg|p1a: Great Tusk\n|\n|-heal|p2a: Kleg|98\/100|[from] Grassy Terrain\n|upkeep\n|turn|13\n|c|\u2606AquiIo|always punished\n|c|\u2606Redbloo|oof\n|\n|t:|1700104717\n|switch|p2a: Boji|Rillaboom, F|44\/100\n|move|p1a: Great Tusk|Earthquake|p2a: Boji\n|-resisted|p2a: Boji\n|-damage|p2a: Boji|31\/100\n|\n|-heal|p2a: Boji|37\/100|[from] Grassy Terrain\n|-fieldend|move: Grassy Terrain\n|upkeep\n|turn|14\n|\n|t:|1700104729\n|-end|p1a: Great Tusk|Protosynthesis|[silent]\n|switch|p1a: Goodra|Goodra-Hisui, F|60\/100\n|switch|p2a: Kleg|Heatran, F|98\/100\n|\n|upkeep\n|turn|15\n|\n|t:|1700104742\n|switch|p1a: Alomomola|Alomomola, M|100\/100\n|move|p2a: Kleg|Magma Storm|p1a: Alomomola\n|-resisted|p1a: Alomomola\n|-damage|p1a: Alomomola|77\/100\n|-activate|p1a: Alomomola|move: Magma Storm|[of] p2a: Kleg\n|\n|-damage|p1a: Alomomola|64\/100|[from] move: Magma Storm|[partiallytrapped]\n|upkeep\n|turn|16\n|\n|t:|1700104753\n|move|p2a: Kleg|Taunt|p1a: Alomomola\n|-start|p1a: Alomomola|move: Taunt\n|cant|p1a: Alomomola|move: Taunt|Wish\n|\n|-damage|p1a: Alomomola|52\/100|[from] move: Magma Storm|[partiallytrapped]\n|upkeep\n|turn|17\n|\n|t:|1700104765\n|move|p2a: Kleg|Stealth Rock|p1a: Alomomola\n|-sidestart|p1: Redbloo|move: Stealth Rock\n|move|p1a: Alomomola|Flip Turn|p2a: Kleg\n|-supereffective|p2a: Kleg\n|-damage|p2a: Kleg|70\/100\n|\n|t:|1700104770\n|switch|p1a: Great Tusk|Great Tusk|100\/100|[from] Flip Turn\n|\n|upkeep\n|turn|18\n|c|\u2606AquiIo|okay yeah\n|c|\u2606AquiIo|magma storm misses were unfortunate\n|c|\u2606AquiIo|but i dont think i can break this core anymore\n|\n|t:|1700104797\n|-terastallize|p2a: Kleg|Grass\n|move|p1a: Great Tusk|Earthquake|p2a: Kleg\n|-resisted|p2a: Kleg\n|-damage|p2a: Kleg|48\/100\n|move|p2a: Kleg|Magma Storm|p1a: Great Tusk\n|-damage|p1a: Great Tusk|38\/100\n|-activate|p1a: Great Tusk|move: Magma Storm|[of] p2a: Kleg\n|\n|-damage|p1a: Great Tusk|26\/100|[from] move: Magma Storm|[partiallytrapped]\n|upkeep\n|turn|19\n|c|\u2606Redbloo|you just broke it!\n|\n|t:|1700104816\n|move|p1a: Great Tusk|Rapid Spin|p2a: Kleg\n|-damage|p2a: Kleg|34\/100\n|-boost|p1a: Great Tusk|spe|1\n|-sideend|p1: Redbloo|Stealth Rock|[from] move: Rapid Spin|[of] p1a: Great Tusk\n|-end|p1a: Great Tusk|Magma Storm|[partiallytrapped]\n|move|p2a: Kleg|Earth Power|p1a: Great Tusk\n|-damage|p1a: Great Tusk|0 fnt\n|faint|p1a: Great Tusk\n|-end|p1a: Great Tusk|Protosynthesis|[silent]\n|\n|upkeep\n|c|\u2606AquiIo|i mean\n|c|\u2606AquiIo|yeah ig\n|inactive|Redbloo has 120 seconds left.\n|c|\u2606AquiIo|not completely tho\n|\n|t:|1700104846\n|switch|p1a: Dragapult|Dragapult, M|100\/100\n|turn|20\n|\n|t:|1700104850\n|switch|p2a: Ferok|Slowking, M, shiny|100\/100\n|move|p1a: Dragapult|Dragon Darts|p2a: Ferok\n|-damage|p2a: Ferok|62\/100\n|-anim|p1a: Dragapult|Dragon Darts|p2a: Ferok\n|-damage|p2a: Ferok|20\/100\n|\n|upkeep\n|turn|21\n|\n|t:|1700104857\n|switch|p2a: Xeril|Kingambit, F|100\/100\n|-activate|p2a: Xeril|ability: Supreme Overlord\n|-start|p2a: Xeril|fallen1|[silent]\n|move|p1a: Dragapult|Dragon Darts|p2a: Xeril\n|-resisted|p2a: Xeril\n|-damage|p2a: Xeril|86\/100\n|-anim|p1a: Dragapult|Dragon Darts|p2a: Xeril\n|-resisted|p2a: Xeril\n|-damage|p2a: Xeril|69\/100\n|\n|upkeep\n|turn|22\n|c|\u2606AquiIo|actually wait nvm i still have a shot\n|inactive|Redbloo has 120 seconds left.\n|c|\u2606AquiIo|thought pult would be specs for a second in which case i was kinda done\n|c|\u2606AquiIo|but i see a way out\n|inactive|Redbloo has 90 seconds left.\n|inactive|Redbloo has 60 seconds left.\n|\n|t:|1700104954\n|switch|p1a: Goodra|Goodra-Hisui, F|60\/100\n|move|p2a: Xeril|Kowtow Cleave|p1a: Goodra\n|-damage|p1a: Goodra|8\/100\n|\n|upkeep\n|turn|23\n|\n|t:|1700104961\n|move|p2a: Xeril|Kowtow Cleave|p1a: Goodra\n|-damage|p1a: Goodra|0 fnt\n|faint|p1a: Goodra\n|\n|upkeep\n|\n|t:|1700104966\n|switch|p1a: Ceruledge|Ceruledge, M|100\/100\n|turn|24\n|inactive|Redbloo has 60 seconds left.\n|\n|t:|1700104975\n|move|p1a: Ceruledge|Bitter Blade|p2a: Xeril\n|-supereffective|p2a: Xeril\n|-crit|p2a: Xeril\n|-damage|p2a: Xeril|0 fnt\n|faint|p2a: Xeril\n|-end|p2a: Xeril|fallen1|[silent]\n|\n|upkeep\n|c|\u2606AquiIo|oops\n|c|\u2606AquiIo|haha!\n|c|\u2606AquiIo|silly me\n|\n|t:|1700105001\n|switch|p2a: Lyria|Ogerpon-Wellspring, F|100\/100\n|turn|25\n|c|\u2606Redbloo|I think pult wins now lmao\n|\n|t:|1700105015\n|move|p2a: Lyria|Knock Off|p1a: Ceruledge\n|-supereffective|p1a: Ceruledge\n|-enditem|p1a: Ceruledge|Focus Sash\n|-damage|p1a: Ceruledge|1\/100\n|-ability|p1a: Ceruledge|Weak Armor|boost\n|-unboost|p1a: Ceruledge|def|1\n|-boost|p1a: Ceruledge|spe|2\n|move|p1a: Ceruledge|Bitter Blade|p2a: Lyria\n|-damage|p2a: Lyria|45\/100\n|-heal|p1a: Ceruledge|29\/100|[from] drain|[of] p2a: Lyria\n|\n|upkeep\n|turn|26\n|c|\u2606AquiIo|indeed it does\n|c|\u2606AquiIo|predicted that you would read heatran\n|c|\u2606AquiIo|unfortunately\n|inactive|AquiIo has 120 seconds left.\n|c|\u2606AquiIo|my plays have not been the plays of all time this game\n|c|\u2606Redbloo|nah I beat it after if you switched\n|c|\u2606AquiIo|nevertheless\n|c|\u2606AquiIo|ggs, wp\n|\n|t:|1700105054\n|move|p1a: Ceruledge|Bitter Blade|p2a: Lyria\n|-damage|p2a: Lyria|0 fnt\n|-heal|p1a: Ceruledge|53\/100|[from] drain|[of] p2a: Lyria\n|faint|p2a: Lyria\n|\n|upkeep\n|\n|t:|1700105056\n|switch|p2a: Boji|Rillaboom, F|37\/100\n|-fieldstart|move: Grassy Terrain|[from] ability: Grassy Surge|[of] p2a: Boji\n|turn|27\n|c|\u2606Redbloo|lmao it happens I do have a weird team\n|\n|t:|1700105064\n|move|p2a: Boji|Grassy Glide|p1a: Ceruledge\n|-resisted|p1a: Ceruledge\n|-damage|p1a: Ceruledge|0 fnt\n|faint|p1a: Ceruledge\n|\n|-heal|p2a: Boji|43\/100|[from] Grassy Terrain\n|upkeep\n|\n|t:|1700105072\n|switch|p1a: Dragapult|Dragapult, M|100\/100\n|turn|28\n|c|\u2606AquiIo|nah the team is honestly goated\n|inactive|AquiIo has 120 seconds left.\n|c|\u2606Redbloo|first game testing!\n|c|\u2606AquiIo|like sometimes i see hoodra on somewhat low ladder and i go \"oh dear\" but this core went crazy\n|c|\u2606AquiIo|super neat team\n|inactive|AquiIo has 90 seconds left.\n|\n|t:|1700105124\n|-terastallize|p1a: Dragapult|Dragon\n|move|p2a: Boji|Grassy Glide|p1a: Dragapult\n|-resisted|p1a: Dragapult\n|-damage|p1a: Dragapult|60\/100\n|move|p1a: Dragapult|Dragon Darts|p2a: Boji\n|-damage|p2a: Boji|0 fnt\n|faint|p2a: Boji\n|\n|-heal|p1a: Dragapult|66\/100|[from] Grassy Terrain\n|upkeep\n|\n|t:|1700105131\n|switch|p2a: Ferok|Slowking, M, shiny|54\/100\n|turn|29\n|c|\u2606Redbloo|happy you think so!\n|\n|t:|1700105136\n|switch|p2a: Kleg|Heatran, F, tera:Grass|34\/100\n|move|p1a: Dragapult|Dragon Darts|p2a: Kleg\n|-damage|p2a: Kleg|0 fnt\n|faint|p2a: Kleg\n|\n|-heal|p1a: Dragapult|72\/100|[from] Grassy Terrain\n|upkeep\n|\n|t:|1700105138\n|switch|p2a: Ferok|Slowking, M, shiny|87\/100\n|turn|30\n|\n|t:|1700105145\n|move|p1a: Dragapult|Dragon Darts|p2a: Ferok\n|-damage|p2a: Ferok|32\/100\n|-anim|p1a: Dragapult|Dragon Darts|p2a: Ferok\n|-damage|p2a: Ferok|0 fnt\n|faint|p2a: Ferok\n|\n|win|Redbloo\n|raw|Redbloo's rating: 1404 &rarr; <strong>1427<\/strong><br \/>(+23 for winning)\n|raw|AquiIo's rating: 1463 &rarr; <strong>1440<\/strong><br \/>(-23 for losing)\n|c|\u2606Redbloo|ggs\n|c|\u2606AquiIo|ggs\n","uploadtime":1700105154,"views":11,"p1id":"redbloo","p2id":"aquiio","formatid":"gen9ou","rating":1427,"private":0,"password":""}