{"id":"gen9ou-1988292788","p1":"Folcard","p2":"Fuze71","format":"[Gen 9] OU","log":"|j|\u2606Folcard\n|j|\u2606Fuze71\n|t:|1699703123\n|gametype|singles\n|player|p1|Folcard|2|1396\n|player|p2|Fuze71|marley|1297\n|teamsize|p1|6\n|teamsize|p2|6\n|gen|9\n|tier|[Gen 9] OU\n|rated|\n|rule|Sleep Clause Mod: Limit one foe put to sleep\n|rule|Species Clause: Limit one of each Pok\u00e9mon\n|rule|OHKO Clause: OHKO moves are banned\n|rule|Evasion Items Clause: Evasion items are banned\n|rule|Evasion Moves Clause: Evasion moves are banned\n|rule|Endless Battle Clause: Forcing endless battles is banned\n|rule|HP Percentage Mod: HP is shown in percentages\n|clearpoke\n|poke|p1|Kingambit, F|\n|poke|p1|Glimmora, F|\n|poke|p1|Zamazenta-*|\n|poke|p1|Iron Valiant|\n|poke|p1|Iron Moth|\n|poke|p1|Ogerpon-Wellspring, F|\n|poke|p2|Alomomola, F|\n|poke|p2|Slowking-Galar, F|\n|poke|p2|Kingambit, F|\n|poke|p2|Great Tusk|\n|poke|p2|Cinderace, F|\n|poke|p2|Thundurus-Therian, M|\n|teampreview\n|\n|t:|1699703158\n|start\n|switch|p1a: Ogerpon|Ogerpon-Wellspring, F|100\/100\n|switch|p2a: Great Tusk|Great Tusk|100\/100\n|turn|1\n|inactive|Battle timer is ON: inactive players will automatically lose when time's up. (requested by Fuze71)\n|\n|t:|1699703180\n|-end|p2a: Great Tusk|Protosynthesis|[silent]\n|switch|p2a: Alomomola|Alomomola, F|100\/100\n|move|p1a: Ogerpon|Swords Dance|p1a: Ogerpon\n|-boost|p1a: Ogerpon|atk|2\n|\n|upkeep\n|turn|2\n|\n|t:|1699703214\n|-terastallize|p2a: Alomomola|Flying\n|move|p1a: Ogerpon|Ivy Cudgel|p2a: Alomomola\n|-damage|p2a: Alomomola|35\/100\n|-enditem|p2a: Alomomola|Red Card|[of] p1a: Ogerpon\n|drag|p1a: Iron Moth|Iron Moth|100\/100\n|-enditem|p1a: Iron Moth|Booster Energy\n|-activate|p1a: Iron Moth|ability: Quark Drive|[fromitem]\n|-start|p1a: Iron Moth|quarkdrivespe\n|move|p2a: Alomomola|Flip Turn|p1a: Iron Moth\n|-supereffective|p1a: Iron Moth\n|-damage|p1a: Iron Moth|55\/100\n|inactive|Fuze71 has 120 seconds left.\n|\n|t:|1699703246\n|switch|p2a: Slowking|Slowking-Galar, F|100\/100|[from] Flip Turn\n|\n|upkeep\n|turn|3\n|\n|t:|1699703258\n|move|p1a: Iron Moth|Fiery Dance|p2a: Slowking\n|-damage|p2a: Slowking|75\/100\n|-boost|p1a: Iron Moth|spa|1\n|move|p2a: Slowking|Future Sight|p1a: Iron Moth\n|-start|p2a: Slowking|move: Future Sight\n|\n|upkeep\n|turn|4\n|\n|t:|1699703267\n|move|p1a: Iron Moth|Fiery Dance|p2a: Slowking\n|-damage|p2a: Slowking|41\/100\n|move|p2a: Slowking|Chilly Reception|p2a: Slowking\n|-weather|Snow\n|inactive|Fuze71 has 120 seconds left.\n|\n|t:|1699703306\n|switch|p2a: Alomomola|Alomomola, F, tera:Flying|69\/100|[from] Chilly Reception\n|\n|-weather|Snow|[upkeep]\n|upkeep\n|turn|5\n|\n|t:|1699703314\n|switch|p2a: Slowking|Slowking-Galar, F|75\/100\n|move|p1a: Iron Moth|Substitute|p1a: Iron Moth\n|-start|p1a: Iron Moth|Substitute\n|-damage|p1a: Iron Moth|30\/100\n|\n|-weather|Snow|[upkeep]\n|-end|p1a: Iron Moth|move: Future Sight\n|-supereffective|p1a: Iron Moth\n|-end|p1a: Iron Moth|Substitute\n|upkeep\n|turn|6\n|\n|t:|1699703328\n|move|p1a: Iron Moth|Fiery Dance|p2a: Slowking\n|-damage|p2a: Slowking|40\/100\n|-boost|p1a: Iron Moth|spa|1\n|move|p2a: Slowking|Future Sight|p1a: Iron Moth\n|-start|p2a: Slowking|move: Future Sight\n|\n|-weather|Snow|[upkeep]\n|upkeep\n|turn|7\n|inactive|Fuze71 has 90 seconds left.\n|\n|t:|1699703353\n|switch|p2a: Alomomola|Alomomola, F, tera:Flying|100\/100\n|move|p1a: Iron Moth|Sludge Wave|p2a: Alomomola\n|-damage|p2a: Alomomola|18\/100\n|\n|-weather|Snow|[upkeep]\n|upkeep\n|turn|8\n|\n|t:|1699703360\n|switch|p2a: Slowking|Slowking-Galar, F|74\/100\n|move|p1a: Iron Moth|Fiery Dance|p2a: Slowking\n|-damage|p2a: Slowking|27\/100\n|-boost|p1a: Iron Moth|spa|1\n|\n|-weather|none\n|-end|p1a: Iron Moth|move: Future Sight\n|-supereffective|p1a: Iron Moth\n|-damage|p1a: Iron Moth|0 fnt\n|faint|p1a: Iron Moth\n|-end|p1a: Iron Moth|Quark Drive|[silent]\n|upkeep\n|\n|t:|1699703372\n|switch|p1a: Ogerpon|Ogerpon-Wellspring, F|100\/100\n|turn|9\n|inactive|Fuze71 has 90 seconds left.\n|l|\u2606Fuze71\n|inactive|Fuze71 disconnected and has a minute to reconnect!\n|player|p2|\n|j|\u2606Fuze71\n|inactive|Fuze71 reconnected and has 80 seconds left.\n|player|p2|Fuze71|marley\n|inactive|Fuze71 has 60 seconds left.\n|inactive|Folcard has 120 seconds left.\n|\n|t:|1699703467\n|move|p1a: Ogerpon|Ivy Cudgel|p2a: Slowking\n|-damage|p2a: Slowking|0 fnt\n|faint|p2a: Slowking\n|\n|upkeep\n|inactive|Fuze71 has 30 seconds left.\n|\n|t:|1699703489\n|switch|p2a: Cinderace|Cinderace, F|100\/100\n|turn|10\n|\n|t:|1699703513\n|switch|p1a: Glimmora|Glimmora, F|100\/100\n|move|p2a: Cinderace|Will-O-Wisp|p1a: Glimmora|[miss]\n|-miss|p2a: Cinderace|p1a: Glimmora\n|\n|upkeep\n|turn|11\n|inactive|Fuze71 has 30 seconds left.\n|\n|t:|1699703529\n|move|p2a: Cinderace|Pyro Ball|p1a: Glimmora\n|-resisted|p1a: Glimmora\n|-damage|p1a: Glimmora|66\/100\n|-status|p1a: Glimmora|brn\n|-activate|p1a: Glimmora|ability: Toxic Debris\n|-sidestart|p2: Fuze71|move: Toxic Spikes\n|move|p1a: Glimmora|Stealth Rock|p2a: Cinderace\n|-sidestart|p2: Fuze71|move: Stealth Rock\n|\n|-damage|p1a: Glimmora|60\/100 brn|[from] brn\n|upkeep\n|turn|12\n|inactive|Fuze71 has 30 seconds left.\n|\n|t:|1699703540\n|move|p2a: Cinderace|U-turn|p1a: Glimmora\n|-start|p2a: Cinderace|typechange|Bug|[from] ability: Libero\n|-resisted|p1a: Glimmora\n|-damage|p1a: Glimmora|41\/100 brn\n|-activate|p1a: Glimmora|ability: Toxic Debris\n|-sidestart|p2: Fuze71|move: Toxic Spikes\n|inactive|Fuze71 has 30 seconds left.\n|\n|t:|1699703546\n|switch|p2a: Alomomola|Alomomola, F, tera:Flying|51\/100|[from] U-turn\n|-damage|p2a: Alomomola|26\/100|[from] Stealth Rock\n|move|p1a: Glimmora|Power Gem|p2a: Alomomola\n|-supereffective|p2a: Alomomola\n|-damage|p2a: Alomomola|0 fnt\n|faint|p2a: Alomomola\n|\n|-damage|p1a: Glimmora|35\/100 brn|[from] brn\n|upkeep\n|inactive|Fuze71 has 30 seconds left.\n|\n|t:|1699703553\n|switch|p2a: Cinderace|Cinderace, F|100\/100\n|turn|13\n|\n|t:|1699703559\n|move|p2a: Cinderace|Pyro Ball|p1a: Glimmora\n|-resisted|p1a: Glimmora\n|-damage|p1a: Glimmora|2\/100 brn\n|move|p1a: Glimmora|Power Gem|p2a: Cinderace\n|-supereffective|p2a: Cinderace\n|-damage|p2a: Cinderace|0 fnt\n|faint|p2a: Cinderace\n|\n|-damage|p1a: Glimmora|0 fnt|[from] brn\n|faint|p1a: Glimmora\n|upkeep\n|inactive|Folcard has 120 seconds left.\n|\n|t:|1699703589\n|switch|p2a: Great Tusk|Great Tusk|100\/100\n|switch|p1a: Iron Valiant|Iron Valiant|100\/100\n|-status|p2a: Great Tusk|tox\n|-damage|p2a: Great Tusk|98\/100 tox|[from] Stealth Rock\n|-enditem|p1a: Iron Valiant|Booster Energy\n|-activate|p1a: Iron Valiant|ability: Quark Drive|[fromitem]\n|-start|p1a: Iron Valiant|quarkdrivespe\n|turn|14\n|\n|t:|1699703596\n|move|p1a: Iron Valiant|Calm Mind|p1a: Iron Valiant\n|-boost|p1a: Iron Valiant|spa|1\n|-boost|p1a: Iron Valiant|spd|1\n|move|p2a: Great Tusk|Rapid Spin|p1a: Iron Valiant\n|-damage|p1a: Iron Valiant|79\/100\n|-boost|p2a: Great Tusk|spe|1\n|-sideend|p2: Fuze71|Toxic Spikes|[from] move: Rapid Spin|[of] p2a: Great Tusk\n|-sideend|p2: Fuze71|Stealth Rock|[from] move: Rapid Spin|[of] p2a: Great Tusk\n|\n|-damage|p2a: Great Tusk|91\/100 tox|[from] psn\n|upkeep\n|turn|15\n|\n|t:|1699703602\n|move|p1a: Iron Valiant|Moonblast|p2a: Great Tusk\n|-supereffective|p2a: Great Tusk\n|-damage|p2a: Great Tusk|0 fnt\n|faint|p2a: Great Tusk\n|-end|p2a: Great Tusk|Protosynthesis|[silent]\n|\n|upkeep\n|\n|t:|1699703605\n|switch|p2a: Kingambit|Kingambit, F|100\/100\n|-activate|p2a: Kingambit|ability: Supreme Overlord\n|-start|p2a: Kingambit|fallen4|[silent]\n|turn|16\n|\n|t:|1699703608\n|move|p1a: Iron Valiant|Hypnosis|p2a: Kingambit\n|-status|p2a: Kingambit|slp|[from] move: Hypnosis\n|cant|p2a: Kingambit|slp\n|\n|upkeep\n|turn|17\n|\n|t:|1699703612\n|move|p1a: Iron Valiant|Hypnosis|p2a: Kingambit|[miss]\n|-miss|p1a: Iron Valiant|p2a: Kingambit\n|cant|p2a: Kingambit|slp\n|\n|upkeep\n|turn|18\n|\n|t:|1699703614\n|move|p1a: Iron Valiant|Moonblast|p2a: Kingambit\n|-crit|p2a: Kingambit\n|-damage|p2a: Kingambit|1\/100 slp\n|-curestatus|p2a: Kingambit|slp|[msg]\n|move|p2a: Kingambit|Iron Head|p1a: Iron Valiant\n|-supereffective|p1a: Iron Valiant\n|-damage|p1a: Iron Valiant|0 fnt\n|faint|p1a: Iron Valiant\n|-end|p1a: Iron Valiant|Quark Drive|[silent]\n|\n|-heal|p2a: Kingambit|7\/100|[from] item: Leftovers\n|upkeep\n|\n|t:|1699703622\n|switch|p1a: Zamazenta|Zamazenta|100\/100\n|-ability|p1a: Zamazenta|Dauntless Shield|boost\n|-boost|p1a: Zamazenta|def|1\n|turn|19\n|\n|t:|1699703631\n|move|p2a: Kingambit|Sucker Punch||[still]\n|-fail|p2a: Kingambit\n|move|p1a: Zamazenta|Iron Defense|p1a: Zamazenta\n|-boost|p1a: Zamazenta|def|2\n|\n|-heal|p2a: Kingambit|13\/100|[from] item: Leftovers\n|upkeep\n|turn|20\n|\n|t:|1699703637\n|move|p1a: Zamazenta|Body Press|p2a: Kingambit\n|-supereffective|p2a: Kingambit\n|-damage|p2a: Kingambit|0 fnt\n|faint|p2a: Kingambit\n|-end|p2a: Kingambit|fallen4|[silent]\n|\n|upkeep\n|\n|t:|1699703639\n|switch|p2a: Thundurus|Thundurus-Therian, M|100\/100\n|turn|21\n|\n|t:|1699703646\n|-terastallize|p1a: Zamazenta|Fire\n|move|p1a: Zamazenta|Stone Edge|p2a: Thundurus\n|-supereffective|p2a: Thundurus\n|-damage|p2a: Thundurus|1\/100\n|move|p2a: Thundurus|Grass Knot|p1a: Zamazenta\n|-resisted|p1a: Zamazenta\n|-damage|p1a: Zamazenta|71\/100\n|\n|-heal|p1a: Zamazenta|77\/100|[from] item: Leftovers\n|upkeep\n|turn|22\n|\n|t:|1699703654\n|move|p1a: Zamazenta|Body Press|p2a: Thundurus\n|-resisted|p2a: Thundurus\n|-damage|p2a: Thundurus|0 fnt\n|faint|p2a: Thundurus\n|\n|win|Folcard\n|raw|Folcard's rating: 1396 &rarr; <strong>1410<\/strong><br \/>(+14 for winning)\n|raw|Fuze71's rating: 1297 &rarr; <strong>1279<\/strong><br \/>(-18 for losing)\n|l|\u2606Fuze71\n","uploadtime":1699703835,"views":26,"p1id":"folcard","p2id":"fuze71","formatid":"gen9ou","rating":1279,"private":0,"password":""}