{"id":"gen9ou-1999931626","p1":"WongHung","p2":"Jackn193","format":"[Gen 9] OU","log":"|j|\u2606WongHung\n|j|\u2606Jackn193\n|t:|1701131504\n|gametype|singles\n|player|p1|WongHung|battlegirl|1161\n|player|p2|Jackn193|1|1265\n|teamsize|p1|6\n|teamsize|p2|6\n|gen|9\n|tier|[Gen 9] OU\n|rated|\n|rule|Sleep Clause Mod: Limit one foe put to sleep\n|rule|Species Clause: Limit one of each Pok\u00e9mon\n|rule|OHKO Clause: OHKO moves are banned\n|rule|Evasion Items Clause: Evasion items are banned\n|rule|Evasion Moves Clause: Evasion moves are banned\n|rule|Endless Battle Clause: Forcing endless battles is banned\n|rule|HP Percentage Mod: HP is shown in percentages\n|clearpoke\n|poke|p1|Moltres|\n|poke|p1|Landorus-Therian, M|\n|poke|p1|Slowking-Galar, M|\n|poke|p1|Samurott-Hisui, M|\n|poke|p1|Dragapult, F|\n|poke|p1|Iron Valiant|\n|poke|p2|Breloom, F|\n|poke|p2|Zoroark-Hisui, M|\n|poke|p2|Skeledirge, M|\n|poke|p2|Weavile, M|\n|poke|p2|Goodra-Hisui, M|\n|poke|p2|Corviknight, F|\n|teampreview\n|inactive|Battle timer is ON: inactive players will automatically lose when time's up. (requested by Jackn193)\n|\n|t:|1701131514\n|start\n|switch|p1a: Its So Landover|Landorus-Therian, M|100\/100\n|switch|p2a: Goodra|Goodra-Hisui, M|100\/100\n|-ability|p1a: Its So Landover|Intimidate|boost\n|-unboost|p2a: Goodra|atk|1\n|turn|1\n|\n|t:|1701131517\n|move|p1a: Its So Landover|Stealth Rock|p2a: Goodra\n|-sidestart|p2: Jackn193|move: Stealth Rock\n|move|p2a: Goodra|Ice Beam|p1a: Its So Landover\n|-supereffective|p1a: Its So Landover\n|-damage|p1a: Its So Landover|0 fnt\n|faint|p1a: Its So Landover\n|\n|upkeep\n|\n|t:|1701131525\n|switch|p1a: Slowking|Slowking-Galar, M|100\/100\n|turn|2\n|inactive|Jackn193 has 120 seconds left.\n|\n|t:|1701131566\n|switch|p2a: Corviknight|Corviknight, F|100\/100\n|-damage|p2a: Corviknight|88\/100|[from] Stealth Rock\n|move|p1a: Slowking|Thunder Wave|p2a: Corviknight\n|-status|p2a: Corviknight|par\n|\n|upkeep\n|turn|3\n|\n|t:|1701131575\n|move|p1a: Slowking|Future Sight|p2a: Corviknight\n|-start|p1a: Slowking|move: Future Sight\n|move|p2a: Corviknight|Defog|p1a: Slowking\n|-unboost|p1a: Slowking|evasion|1\n|-sideend|p2: Jackn193|Stealth Rock|[from] move: Defog|[of] p2a: Corviknight\n|\n|upkeep\n|turn|4\n|\n|t:|1701131581\n|move|p1a: Slowking|Chilly Reception|p1a: Slowking\n|-weather|Snow\n|\n|t:|1701131587\n|switch|p1a: Moltres|Moltres|100\/100|[from] Chilly Reception\n|cant|p2a: Corviknight|par\n|\n|-weather|Snow|[upkeep]\n|upkeep\n|turn|5\n|\n|t:|1701131593\n|switch|p2a: Goodra|Goodra-Hisui, M|100\/100\n|move|p1a: Moltres|Flamethrower|p2a: Goodra\n|-damage|p2a: Goodra|82\/100\n|\n|-weather|Snow|[upkeep]\n|-end|p2a: Goodra|move: Future Sight\n|-resisted|p2a: Goodra\n|-damage|p2a: Goodra|73\/100\n|upkeep\n|turn|6\n|\n|t:|1701131597\n|move|p1a: Moltres|Flamethrower|p2a: Goodra\n|-damage|p2a: Goodra|57\/100\n|move|p2a: Goodra|Thunderbolt|p1a: Moltres\n|-supereffective|p1a: Moltres\n|-damage|p1a: Moltres|42\/100\n|\n|-weather|Snow|[upkeep]\n|upkeep\n|turn|7\n|\n|t:|1701131604\n|move|p1a: Moltres|U-turn|p2a: Goodra\n|-resisted|p2a: Goodra\n|-damage|p2a: Goodra|50\/100\n|-ability|p2a: Goodra|Gooey\n|-unboost|p1a: Moltres|spe|1\n|\n|t:|1701131610\n|switch|p1a: Slowking|Slowking-Galar, M|100\/100|[from] U-turn\n|move|p2a: Goodra|Thunderbolt|p1a: Slowking\n|-damage|p1a: Slowking|81\/100\n|-status|p1a: Slowking|par\n|\n|-weather|Snow|[upkeep]\n|upkeep\n|turn|8\n|\n|t:|1701131623\n|switch|p2a: Skeledirge|Skeledirge, M|100\/100\n|-item|p2a: Skeledirge|Air Balloon\n|cant|p1a: Slowking|par\n|\n|-weather|none\n|upkeep\n|turn|9\n|\n|t:|1701131634\n|move|p2a: Skeledirge|Shadow Ball|p1a: Slowking\n|-supereffective|p1a: Slowking\n|-damage|p1a: Slowking|31\/100 par\n|cant|p1a: Slowking|par\n|\n|upkeep\n|turn|10\n|\n|t:|1701131642\n|switch|p1a: Obushi|Samurott-Hisui, M|100\/100\n|move|p2a: Skeledirge|Shadow Ball|p1a: Obushi\n|-resisted|p1a: Obushi\n|-damage|p1a: Obushi|72\/100\n|-unboost|p1a: Obushi|spd|1\n|\n|upkeep\n|turn|11\n|\n|t:|1701131650\n|switch|p2a: Goodra|Goodra-Hisui, M|50\/100\n|move|p1a: Obushi|Aqua Cutter|p2a: Goodra\n|-resisted|p2a: Goodra\n|-damage|p2a: Goodra|21\/100\n|-damage|p1a: Obushi|62\/100|[from] item: Life Orb\n|\n|upkeep\n|turn|12\n|\n|t:|1701131653\n|move|p1a: Obushi|Sacred Sword|p2a: Goodra\n|-supereffective|p2a: Goodra\n|-damage|p2a: Goodra|0 fnt\n|-ability|p2a: Goodra|Gooey\n|-unboost|p1a: Obushi|spe|1\n|faint|p2a: Goodra\n|-damage|p1a: Obushi|52\/100|[from] item: Life Orb\n|\n|upkeep\n|\n|t:|1701131658\n|switch|p2a: Breloom|Breloom, F|100\/100\n|turn|13\n|\n|t:|1701131663\n|switch|p1a: Slowking|Slowking-Galar, M|64\/100 par\n|move|p2a: Breloom|Mach Punch|p1a: Slowking\n|-resisted|p1a: Slowking\n|-damage|p1a: Slowking|52\/100 par\n|\n|upkeep\n|turn|14\n|\n|t:|1701131669\n|switch|p2a: Weavile|Weavile, M|100\/100\n|-ability|p2a: Weavile|Pressure\n|cant|p1a: Slowking|par\n|\n|upkeep\n|turn|15\n|\n|t:|1701131677\n|move|p2a: Weavile|Knock Off|p1a: Slowking\n|-supereffective|p1a: Slowking\n|-enditem|p1a: Slowking|Colbur Berry|[eat]\n|-enditem|p1a: Slowking|Colbur Berry|[weaken]\n|-damage|p1a: Slowking|0 fnt\n|faint|p1a: Slowking\n|-damage|p2a: Weavile|91\/100|[from] item: Life Orb\n|\n|upkeep\n|\n|t:|1701131687\n|switch|p1a: Doom Slay|Iron Valiant|100\/100\n|-enditem|p1a: Doom Slay|Booster Energy\n|-activate|p1a: Doom Slay|ability: Quark Drive|[fromitem]\n|-start|p1a: Doom Slay|quarkdrivespe\n|turn|16\n|\n|t:|1701131693\n|-terastallize|p2a: Weavile|Fairy\n|move|p1a: Doom Slay|Moonblast|p2a: Weavile\n|-damage|p2a: Weavile|24\/100\n|move|p2a: Weavile|Poison Jab|p1a: Doom Slay\n|-supereffective|p1a: Doom Slay\n|-damage|p1a: Doom Slay|13\/100\n|-damage|p2a: Weavile|14\/100|[from] item: Life Orb\n|\n|upkeep\n|turn|17\n|\n|t:|1701131701\n|switch|p2a: Corviknight|Corviknight, F|88\/100 par\n|move|p1a: Doom Slay|Moonblast|p2a: Corviknight\n|-resisted|p2a: Corviknight\n|-damage|p2a: Corviknight|67\/100 par\n|-ability|p2a: Corviknight|Mirror Armor\n|-unboost|p1a: Doom Slay|spa|1\n|\n|upkeep\n|turn|18\n|\n|t:|1701131705\n|move|p1a: Doom Slay|Knock Off|p2a: Corviknight\n|-damage|p2a: Corviknight|51\/100 par\n|-damage|p1a: Doom Slay|0 fnt|[from] item: Rocky Helmet|[of] p2a: Corviknight\n|faint|p1a: Doom Slay\n|-end|p1a: Doom Slay|Quark Drive|[silent]\n|move|p2a: Corviknight|Body Press|p1: Doom Slay|[notarget]\n|-fail|p2a: Corviknight\n|\n|upkeep\n|\n|t:|1701131710\n|switch|p1a: Obushi|Samurott-Hisui, M|52\/100\n|turn|19\n|\n|t:|1701131738\n|move|p1a: Obushi|Ceaseless Edge|p2a: Corviknight\n|-crit|p2a: Corviknight\n|-damage|p2a: Corviknight|2\/100 par\n|-damage|p1a: Obushi|36\/100|[from] item: Rocky Helmet|[of] p2a: Corviknight\n|-sidestart|p2: Jackn193|Spikes\n|-damage|p1a: Obushi|26\/100|[from] item: Life Orb\n|move|p2a: Corviknight|Body Press|p1a: Obushi\n|-supereffective|p1a: Obushi\n|-damage|p1a: Obushi|0 fnt\n|faint|p1a: Obushi\n|\n|upkeep\n|\n|t:|1701131753\n|switch|p1a: Moltres|Moltres|42\/100\n|turn|20\n|\n|t:|1701131756\n|move|p1a: Moltres|Roost|p1a: Moltres\n|-heal|p1a: Moltres|92\/100\n|-singleturn|p1a: Moltres|move: Roost\n|cant|p2a: Corviknight|par\n|\n|upkeep\n|turn|21\n|\n|t:|1701131760\n|move|p1a: Moltres|Flamethrower|p2a: Corviknight\n|-supereffective|p2a: Corviknight\n|-damage|p2a: Corviknight|0 fnt\n|faint|p2a: Corviknight\n|\n|upkeep\n|\n|t:|1701131765\n|switch|p2a: Weavile|Weavile, M, tera:Fairy|14\/100\n|-damage|p2a: Weavile|2\/100|[from] Spikes\n|-ability|p2a: Weavile|Pressure\n|turn|22\n|\n|t:|1701131773\n|move|p2a: Weavile|Knock Off|p1a: Moltres\n|-damage|p1a: Moltres|44\/100\n|-enditem|p1a: Moltres|Heavy-Duty Boots|[from] move: Knock Off|[of] p2a: Weavile\n|-damage|p2a: Weavile|0 fnt|[from] item: Life Orb\n|faint|p2a: Weavile\n|move|p1a: Moltres|Flamethrower|p2: Weavile|[notarget]\n|-fail|p1a: Moltres\n|\n|upkeep\n|\n|t:|1701131783\n|switch|p2a: Skeledirge|Skeledirge, M|100\/100\n|-item|p2a: Skeledirge|Air Balloon\n|turn|23\n|\n|t:|1701131788\n|move|p1a: Moltres|Roost|p1a: Moltres\n|-heal|p1a: Moltres|94\/100\n|-singleturn|p1a: Moltres|move: Roost\n|move|p2a: Skeledirge|Shadow Ball|p1a: Moltres\n|-damage|p1a: Moltres|51\/100\n|-unboost|p1a: Moltres|spd|1\n|\n|upkeep\n|turn|24\n|\n|t:|1701131795\n|move|p1a: Moltres|Hurricane|p2a: Skeledirge|[miss]\n|-miss|p1a: Moltres|p2a: Skeledirge\n|move|p2a: Skeledirge|Earth Power|p1a: Moltres\n|-immune|p1a: Moltres\n|\n|upkeep\n|turn|25\n|\n|t:|1701131799\n|move|p1a: Moltres|Hurricane|p2a: Skeledirge|[miss]\n|-miss|p1a: Moltres|p2a: Skeledirge\n|move|p2a: Skeledirge|Earth Power|p1a: Moltres\n|-immune|p1a: Moltres\n|\n|upkeep\n|turn|26\n|\n|t:|1701131803\n|move|p1a: Moltres|Hurricane|p2a: Skeledirge|[miss]\n|-miss|p1a: Moltres|p2a: Skeledirge\n|move|p2a: Skeledirge|Shadow Ball|p1a: Moltres\n|-damage|p1a: Moltres|10\/100\n|\n|upkeep\n|turn|27\n|\n|t:|1701131806\n|move|p1a: Moltres|Hurricane|p2a: Skeledirge|[miss]\n|-miss|p1a: Moltres|p2a: Skeledirge\n|move|p2a: Skeledirge|Shadow Ball|p1a: Moltres\n|-damage|p1a: Moltres|0 fnt\n|faint|p1a: Moltres\n|\n|upkeep\n|c|\u2606Jackn193|jesus\n|c|\u2606WongHung|im gonna kms\n|\n|t:|1701131818\n|switch|p1a: Billy|Dragapult, F|100\/100\n|turn|28\n|\n|t:|1701131824\n|move|p1a: Billy|Substitute|p1a: Billy\n|-start|p1a: Billy|Substitute\n|-damage|p1a: Billy|76\/100\n|move|p2a: Skeledirge|Shadow Ball|p1a: Billy\n|-supereffective|p1a: Billy\n|-end|p1a: Billy|Substitute\n|\n|-heal|p1a: Billy|82\/100|[from] item: Leftovers\n|upkeep\n|turn|29\n|\n|t:|1701131828\n|move|p1a: Billy|Hex|p2a: Skeledirge\n|-supereffective|p2a: Skeledirge\n|-damage|p2a: Skeledirge|42\/100\n|-enditem|p2a: Skeledirge|Air Balloon\n|move|p2a: Skeledirge|Shadow Ball|p1a: Billy\n|-supereffective|p1a: Billy\n|-damage|p1a: Billy|0 fnt\n|faint|p1a: Billy\n|\n|win|Jackn193\n|raw|WongHung's rating: 1161 &rarr; <strong>1143<\/strong><br \/>(-18 for losing)\n|raw|Jackn193's rating: 1265 &rarr; <strong>1283<\/strong><br \/>(+18 for winning)\n","uploadtime":1701131833,"views":7,"p1id":"wonghung","p2id":"jackn193","formatid":"gen9ou","rating":1143,"private":0,"password":""}