{"id":"gen9ou-1994805494","p1":"InV_lid","p2":"KingdraNo1Fan","format":"[Gen 9] OU","log":"|j|\u2606InV_lid\n|j|\u2606KingdraNo1Fan\n|t:|1700494475\n|gametype|singles\n|player|p1|InV_lid|unknown|1115\n|player|p2|KingdraNo1Fan|1|1098\n|teamsize|p1|6\n|teamsize|p2|6\n|gen|9\n|tier|[Gen 9] OU\n|rated|\n|rule|Sleep Clause Mod: Limit one foe put to sleep\n|rule|Species Clause: Limit one of each Pok\u00e9mon\n|rule|OHKO Clause: OHKO moves are banned\n|rule|Evasion Items Clause: Evasion items are banned\n|rule|Evasion Moves Clause: Evasion moves are banned\n|rule|Endless Battle Clause: Forcing endless battles is banned\n|rule|HP Percentage Mod: HP is shown in percentages\n|clearpoke\n|poke|p1|Alomomola, F|\n|poke|p1|Slowking-Galar, F|\n|poke|p1|Kingambit, F|\n|poke|p1|Great Tusk|\n|poke|p1|Cinderace, F|\n|poke|p1|Thundurus-Therian, M|\n|poke|p2|Alomomola, F|\n|poke|p2|Slowking-Galar, F|\n|poke|p2|Kingambit, F|\n|poke|p2|Great Tusk|\n|poke|p2|Cinderace, F|\n|poke|p2|Thundurus-Therian, M|\n|teampreview\n|c|\u2606InV_lid|LMFAO\n|inactive|Battle timer is ON: inactive players will automatically lose when time's up. (requested by KingdraNo1Fan)\n|c|\u2606KingdraNo1Fan|haha\n|c|\u2606KingdraNo1Fan|nice team\n|c|\u2606InV_lid|gl may the better player win\n|\n|t:|1700494500\n|start\n|switch|p1a: Great Tusk|Great Tusk|100\/100\n|switch|p2a: Great Tusk|Great Tusk|100\/100\n|turn|1\n|\n|t:|1700494511\n|move|p1a: Great Tusk|Stealth Rock|p2a: Great Tusk\n|-sidestart|p2: KingdraNo1Fan|move: Stealth Rock\n|move|p2a: Great Tusk|Headlong Rush|p1a: Great Tusk\n|-damage|p1a: Great Tusk|50\/100\n|-unboost|p2a: Great Tusk|def|1\n|-unboost|p2a: Great Tusk|spd|1\n|-damage|p2a: Great Tusk|84\/100|[from] item: Rocky Helmet|[of] p1a: Great Tusk\n|\n|upkeep\n|turn|2\n|\n|t:|1700494520\n|move|p1a: Great Tusk|Headlong Rush|p2a: Great Tusk\n|-damage|p2a: Great Tusk|17\/100\n|-unboost|p1a: Great Tusk|def|1\n|-unboost|p1a: Great Tusk|spd|1\n|-damage|p1a: Great Tusk|34\/100|[from] item: Rocky Helmet|[of] p2a: Great Tusk\n|move|p2a: Great Tusk|Headlong Rush|p1a: Great Tusk\n|-damage|p1a: Great Tusk|0 fnt\n|-unboost|p2a: Great Tusk|def|1\n|-unboost|p2a: Great Tusk|spd|1\n|-damage|p2a: Great Tusk|0 fnt|[from] item: Rocky Helmet|[of] p1a: Great Tusk\n|faint|p1a: Great Tusk\n|-end|p1a: Great Tusk|Protosynthesis|[silent]\n|faint|p2a: Great Tusk\n|-end|p2a: Great Tusk|Protosynthesis|[silent]\n|\n|upkeep\n|\n|t:|1700494547\n|switch|p2a: Slowking|Slowking-Galar, F|100\/100\n|switch|p1a: Thundurus|Thundurus-Therian, M|100\/100\n|turn|3\n|inactive|InV_lid has 120 seconds left.\n|\n|t:|1700494567\n|move|p1a: Thundurus|Volt Switch|p2a: Slowking\n|-damage|p2a: Slowking|63\/100\n|inactive|InV_lid has 120 seconds left.\n|\n|t:|1700494579\n|switch|p1a: Alomomola|Alomomola, F|100\/100|[from] Volt Switch\n|move|p2a: Slowking|Ice Beam|p1a: Alomomola\n|-resisted|p1a: Alomomola\n|-damage|p1a: Alomomola|90\/100\n|-enditem|p1a: Alomomola|Red Card|[of] p2a: Slowking\n|drag|p2a: Kingambit|Kingambit, F|100\/100\n|-damage|p2a: Kingambit|94\/100|[from] Stealth Rock\n|-activate|p2a: Kingambit|ability: Supreme Overlord\n|-start|p2a: Kingambit|fallen1|[silent]\n|\n|-heal|p2a: Kingambit|100\/100|[from] item: Leftovers\n|upkeep\n|turn|4\n|inactive|InV_lid has 120 seconds left.\n|c|\u2606InV_lid|knowing each others moves is kinda funny ngl\n|\n|t:|1700494599\n|-end|p2a: Kingambit|fallen1|[silent]\n|switch|p2a: Slowking|Slowking-Galar, F|96\/100\n|move|p1a: Alomomola|Wish|p1a: Alomomola\n|\n|upkeep\n|turn|5\n|\n|t:|1700494606\n|move|p1a: Alomomola|Flip Turn|p2a: Slowking\n|-damage|p2a: Slowking|78\/100\n|\n|t:|1700494613\n|switch|p1a: Slowking|Slowking-Galar, F|100\/100|[from] Flip Turn\n|move|p2a: Slowking|Chilly Reception|p2a: Slowking\n|-weather|Snow\n|\n|t:|1700494620\n|switch|p2a: Cinderace|Cinderace, F|100\/100|[from] Chilly Reception\n|\n|-weather|Snow|[upkeep]\n|upkeep\n|turn|6\n|\n|t:|1700494630\n|move|p2a: Cinderace|Court Change|p2a: Cinderace\n|-start|p2a: Cinderace|typechange|Normal|[from] ability: Libero\n|-swapsideconditions\n|-activate|p2a: Cinderace|move: Court Change\n|move|p1a: Slowking|Chilly Reception|p1a: Slowking\n|\n|t:|1700494635\n|switch|p1a: Cinderace|Cinderace, F|100\/100|[from] Chilly Reception\n|\n|-weather|Snow|[upkeep]\n|upkeep\n|turn|7\n|\n|t:|1700494644\n|move|p1a: Cinderace|Will-O-Wisp|p2a: Cinderace\n|-status|p2a: Cinderace|brn\n|move|p2a: Cinderace|Pyro Ball|p1a: Cinderace\n|-resisted|p1a: Cinderace\n|-crit|p1a: Cinderace\n|-damage|p1a: Cinderace|78\/100\n|\n|-weather|Snow|[upkeep]\n|-damage|p2a: Cinderace|95\/100 brn|[from] brn\n|upkeep\n|turn|8\n|\n|t:|1700494663\n|switch|p2a: Thundurus|Thundurus-Therian, M|100\/100\n|move|p1a: Cinderace|Court Change|p1a: Cinderace\n|-start|p1a: Cinderace|typechange|Normal|[from] ability: Libero\n|-swapsideconditions\n|-activate|p1a: Cinderace|move: Court Change\n|\n|-weather|Snow|[upkeep]\n|upkeep\n|turn|9\n|\n|t:|1700494678\n|move|p1a: Cinderace|U-turn|p2a: Thundurus\n|-resisted|p2a: Thundurus\n|-damage|p2a: Thundurus|83\/100\n|\n|t:|1700494690\n|switch|p1a: Thundurus|Thundurus-Therian, M|100\/100|[from] U-turn\n|move|p2a: Thundurus|Knock Off|p1a: Thundurus\n|-damage|p1a: Thundurus|67\/100\n|-enditem|p1a: Thundurus|Choice Specs|[from] move: Knock Off|[of] p2a: Thundurus\n|\n|-weather|none\n|upkeep\n|turn|10\n|\n|t:|1700494700\n|switch|p2a: Cinderace|Cinderace, F|95\/100 brn\n|move|p1a: Thundurus|Knock Off|p2a: Cinderace\n|-damage|p2a: Cinderace|63\/100 brn\n|-enditem|p2a: Cinderace|Heavy-Duty Boots|[from] move: Knock Off|[of] p1a: Thundurus\n|\n|-damage|p2a: Cinderace|57\/100 brn|[from] brn\n|upkeep\n|turn|11\n|\n|t:|1700494709\n|move|p2a: Cinderace|Court Change|p2a: Cinderace\n|-start|p2a: Cinderace|typechange|Normal|[from] ability: Libero\n|-swapsideconditions\n|-activate|p2a: Cinderace|move: Court Change\n|move|p1a: Thundurus|Volt Switch|p2a: Cinderace\n|-damage|p2a: Cinderace|0 fnt\n|faint|p2a: Cinderace\n|\n|t:|1700494716\n|switch|p1a: Cinderace|Cinderace, F|78\/100|[from] Volt Switch\n|\n|upkeep\n|\n|t:|1700494728\n|switch|p2a: Alomomola|Alomomola, F|100\/100\n|turn|12\n|\n|t:|1700494733\n|move|p1a: Cinderace|Court Change|p1a: Cinderace\n|-start|p1a: Cinderace|typechange|Normal|[from] ability: Libero\n|-swapsideconditions\n|-activate|p1a: Cinderace|move: Court Change\n|move|p2a: Alomomola|Scald|p1a: Cinderace\n|-damage|p1a: Cinderace|57\/100\n|\n|upkeep\n|turn|13\n|\n|t:|1700494744\n|switch|p1a: Alomomola|Alomomola, F|100\/100\n|move|p2a: Alomomola|Wish|p2a: Alomomola\n|\n|upkeep\n|turn|14\n|\n|t:|1700494750\n|move|p1a: Alomomola|Wish|p1a: Alomomola\n|move|p2a: Alomomola|Scald|p1a: Alomomola\n|-resisted|p1a: Alomomola\n|-damage|p1a: Alomomola|94\/100\n|-status|p1a: Alomomola|brn\n|\n|-damage|p1a: Alomomola|88\/100 brn|[from] brn\n|upkeep\n|turn|15\n|\n|t:|1700494758\n|move|p1a: Alomomola|Flip Turn|p2a: Alomomola\n|-resisted|p2a: Alomomola\n|-damage|p2a: Alomomola|98\/100\n|-enditem|p2a: Alomomola|Red Card|[of] p1a: Alomomola\n|drag|p1a: Slowking|Slowking-Galar, F|100\/100\n|move|p2a: Alomomola|Scald|p1a: Slowking\n|-damage|p1a: Slowking|92\/100\n|\n|-heal|p1a: Slowking|100\/100|[from] move: Wish|[wisher] Alomomola\n|upkeep\n|turn|16\n|\n|t:|1700494768\n|move|p2a: Alomomola|Acrobatics|p1a: Slowking\n|-damage|p1a: Slowking|80\/100\n|move|p1a: Slowking|Chilly Reception|p1a: Slowking\n|-weather|Snow\n|\n|t:|1700494774\n|switch|p1a: Thundurus|Thundurus-Therian, M|67\/100|[from] Chilly Reception\n|\n|-weather|Snow|[upkeep]\n|upkeep\n|turn|17\n|\n|t:|1700494782\n|move|p1a: Thundurus|Volt Switch|p2a: Alomomola\n|-supereffective|p2a: Alomomola\n|-damage|p2a: Alomomola|22\/100\n|\n|t:|1700494788\n|switch|p1a: Alomomola|Alomomola, F|100\/100 brn|[from] Volt Switch\n|move|p2a: Alomomola|Scald|p1a: Alomomola\n|-resisted|p1a: Alomomola\n|-damage|p1a: Alomomola|95\/100 brn\n|\n|-weather|Snow|[upkeep]\n|-damage|p1a: Alomomola|89\/100 brn|[from] brn\n|upkeep\n|turn|18\n|\n|t:|1700494797\n|move|p2a: Alomomola|Wish|p2a: Alomomola\n|move|p1a: Alomomola|Wish|p1a: Alomomola\n|\n|-weather|Snow|[upkeep]\n|-damage|p1a: Alomomola|82\/100 brn|[from] brn\n|upkeep\n|turn|19\n|\n|t:|1700494805\n|switch|p2a: Thundurus|Thundurus-Therian, M|83\/100\n|-damage|p2a: Thundurus|58\/100|[from] Stealth Rock\n|move|p1a: Alomomola|Flip Turn|p2a: Thundurus\n|-damage|p2a: Thundurus|46\/100\n|\n|t:|1700494818\n|switch|p1a: Cinderace|Cinderace, F|57\/100|[from] Flip Turn\n|\n|-weather|Snow|[upkeep]\n|-heal|p2a: Thundurus|100\/100|[from] move: Wish|[wisher] Alomomola\n|-heal|p1a: Cinderace|100\/100|[from] move: Wish|[wisher] Alomomola\n|upkeep\n|turn|20\n|\n|t:|1700494828\n|move|p1a: Cinderace|Pyro Ball|p2a: Thundurus\n|-damage|p2a: Thundurus|16\/100\n|move|p2a: Thundurus|Volt Switch|p1a: Cinderace\n|-damage|p1a: Cinderace|9\/100\n|\n|t:|1700494839\n|switch|p2a: Alomomola|Alomomola, F|56\/100|[from] Volt Switch\n|-damage|p2a: Alomomola|43\/100|[from] Stealth Rock\n|\n|-weather|none\n|upkeep\n|turn|21\n|\n|t:|1700494846\n|move|p1a: Cinderace|U-turn|p2a: Alomomola\n|-start|p1a: Cinderace|typechange|Bug|[from] ability: Libero\n|-damage|p2a: Alomomola|23\/100\n|\n|t:|1700494855\n|switch|p1a: Alomomola|Alomomola, F|100\/100 brn|[from] U-turn\n|move|p2a: Alomomola|Wish|p2a: Alomomola\n|\n|-damage|p1a: Alomomola|94\/100 brn|[from] brn\n|upkeep\n|turn|22\n|\n|t:|1700494867\n|move|p2a: Alomomola|Flip Turn|p1a: Alomomola\n|-resisted|p1a: Alomomola\n|-crit|p1a: Alomomola\n|-damage|p1a: Alomomola|87\/100 brn\n|\n|t:|1700494872\n|switch|p2a: Kingambit|Kingambit, F|100\/100|[from] Flip Turn\n|-damage|p2a: Kingambit|94\/100|[from] Stealth Rock\n|-activate|p2a: Kingambit|ability: Supreme Overlord\n|-start|p2a: Kingambit|fallen2|[silent]\n|move|p1a: Alomomola|Wish|p1a: Alomomola\n|\n|-heal|p2a: Kingambit|100\/100|[from] move: Wish|[wisher] Alomomola\n|-damage|p1a: Alomomola|81\/100 brn|[from] brn\n|upkeep\n|turn|23\n|inactive|InV_lid has 120 seconds left.\n|\n|t:|1700494904\n|move|p2a: Kingambit|Swords Dance|p2a: Kingambit\n|-boost|p2a: Kingambit|atk|2\n|move|p1a: Alomomola|Flip Turn|p2a: Kingambit\n|-damage|p2a: Kingambit|95\/100\n|inactive|InV_lid has 120 seconds left.\n|\n|t:|1700494915\n|switch|p1a: Cinderace|Cinderace, F|9\/100|[from] Flip Turn\n|\n|-heal|p1a: Cinderace|88\/100|[from] move: Wish|[wisher] Alomomola\n|-heal|p2a: Kingambit|100\/100|[from] item: Leftovers\n|upkeep\n|turn|24\n|inactive|InV_lid has 120 seconds left.\n|\n|t:|1700494932\n|-terastallize|p2a: Kingambit|Flying\n|move|p1a: Cinderace|Will-O-Wisp|p2a: Kingambit\n|-status|p2a: Kingambit|brn\n|move|p2a: Kingambit|Kowtow Cleave|p1a: Cinderace\n|-crit|p1a: Cinderace\n|-damage|p1a: Cinderace|0 fnt\n|faint|p1a: Cinderace\n|\n|-damage|p2a: Kingambit|94\/100 brn|[from] brn\n|upkeep\n|inactive|InV_lid has 120 seconds left.\n|inactive|InV_lid has 90 seconds left.\n|\n|t:|1700494974\n|switch|p1a: Alomomola|Alomomola, F|100\/100 brn\n|turn|25\n|\n|t:|1700494984\n|move|p2a: Kingambit|Swords Dance|p2a: Kingambit\n|-boost|p2a: Kingambit|atk|2\n|move|p1a: Alomomola|Wish|p1a: Alomomola\n|\n|-heal|p2a: Kingambit|100\/100 brn|[from] item: Leftovers\n|-damage|p2a: Kingambit|94\/100 brn|[from] brn\n|-damage|p1a: Alomomola|94\/100 brn|[from] brn\n|upkeep\n|turn|26\n|\n|t:|1700494993\n|move|p2a: Kingambit|Swords Dance|p2a: Kingambit\n|-boost|p2a: Kingambit|atk|2\n|move|p1a: Alomomola|Flip Turn|p2a: Kingambit\n|-damage|p2a: Kingambit|88\/100 brn\n|\n|t:|1700494998\n|switch|p1a: Thundurus|Thundurus-Therian, M|67\/100|[from] Flip Turn\n|\n|-heal|p1a: Thundurus|100\/100|[from] move: Wish|[wisher] Alomomola\n|-heal|p2a: Kingambit|94\/100 brn|[from] item: Leftovers\n|-damage|p2a: Kingambit|88\/100 brn|[from] brn\n|upkeep\n|turn|27\n|\n|t:|1700495007\n|move|p2a: Kingambit|Sucker Punch|p1a: Thundurus\n|-damage|p1a: Thundurus|0 fnt\n|faint|p1a: Thundurus\n|\n|-heal|p2a: Kingambit|94\/100 brn|[from] item: Leftovers\n|-damage|p2a: Kingambit|88\/100 brn|[from] brn\n|upkeep\n|\n|t:|1700495018\n|switch|p1a: Kingambit|Kingambit, F|100\/100\n|-activate|p1a: Kingambit|ability: Supreme Overlord\n|-start|p1a: Kingambit|fallen3|[silent]\n|turn|28\n|\n|t:|1700495043\n|move|p1a: Kingambit|Kowtow Cleave|p2a: Kingambit\n|-damage|p2a: Kingambit|39\/100 brn\n|move|p2a: Kingambit|Kowtow Cleave|p1a: Kingambit\n|-resisted|p1a: Kingambit\n|-damage|p1a: Kingambit|60\/100\n|\n|-heal|p2a: Kingambit|45\/100 brn|[from] item: Leftovers\n|-heal|p1a: Kingambit|66\/100|[from] item: Leftovers\n|-damage|p2a: Kingambit|39\/100 brn|[from] brn\n|upkeep\n|turn|29\n|\n|t:|1700495054\n|move|p2a: Kingambit|Sucker Punch|p1a: Kingambit\n|-resisted|p1a: Kingambit\n|-damage|p1a: Kingambit|28\/100\n|move|p1a: Kingambit|Kowtow Cleave|p2a: Kingambit\n|-damage|p2a: Kingambit|0 fnt\n|faint|p2a: Kingambit\n|-end|p2a: Kingambit|fallen2|[silent]\n|\n|-heal|p1a: Kingambit|34\/100|[from] item: Leftovers\n|upkeep\n|\n|t:|1700495059\n|switch|p2a: Thundurus|Thundurus-Therian, M|16\/100\n|-damage|p2a: Thundurus|0 fnt|[from] Stealth Rock\n|faint|p2a: Thundurus\n|\n|t:|1700495072\n|switch|p2a: Alomomola|Alomomola, F|57\/100\n|-damage|p2a: Alomomola|44\/100|[from] Stealth Rock\n|turn|30\n|inactive|InV_lid has 90 seconds left.\n|\n|t:|1700495101\n|-end|p1a: Kingambit|fallen3|[silent]\n|switch|p1a: Alomomola|Alomomola, F|100\/100 brn\n|move|p2a: Alomomola|Scald|p1a: Alomomola\n|-resisted|p1a: Alomomola\n|-damage|p1a: Alomomola|94\/100 brn\n|\n|-damage|p1a: Alomomola|88\/100 brn|[from] brn\n|upkeep\n|turn|31\n|\n|t:|1700495109\n|move|p1a: Alomomola|Wish|p1a: Alomomola\n|move|p2a: Alomomola|Wish|p2a: Alomomola\n|\n|-damage|p1a: Alomomola|82\/100 brn|[from] brn\n|upkeep\n|turn|32\n|\n|t:|1700495114\n|move|p1a: Alomomola|Flip Turn|p2a: Alomomola\n|-resisted|p2a: Alomomola\n|-damage|p2a: Alomomola|42\/100\n|\n|t:|1700495118\n|switch|p1a: Kingambit|Kingambit, F|34\/100|[from] Flip Turn\n|-activate|p1a: Kingambit|ability: Supreme Overlord\n|-start|p1a: Kingambit|fallen3|[silent]\n|move|p2a: Alomomola|Scald|p1a: Kingambit\n|-damage|p1a: Kingambit|21\/100\n|\n|-heal|p2a: Alomomola|92\/100|[from] move: Wish|[wisher] Alomomola\n|-heal|p1a: Kingambit|79\/100|[from] move: Wish|[wisher] Alomomola\n|-heal|p1a: Kingambit|86\/100|[from] item: Leftovers\n|upkeep\n|turn|33\n|\n|t:|1700495131\n|-end|p1a: Kingambit|fallen3|[silent]\n|switch|p1a: Slowking|Slowking-Galar, F|100\/100\n|move|p2a: Alomomola|Scald|p1a: Slowking\n|-damage|p1a: Slowking|93\/100\n|\n|upkeep\n|turn|34\n|\n|t:|1700495138\n|move|p2a: Alomomola|Acrobatics|p1a: Slowking\n|-damage|p1a: Slowking|72\/100\n|move|p1a: Slowking|Future Sight|p2a: Alomomola\n|-start|p1a: Slowking|move: Future Sight\n|\n|upkeep\n|turn|35\n|\n|t:|1700495144\n|move|p2a: Alomomola|Acrobatics|p1a: Slowking\n|-damage|p1a: Slowking|50\/100\n|move|p1a: Slowking|Chilly Reception|p1a: Slowking\n|-weather|Snow\n|\n|t:|1700495150\n|switch|p1a: Kingambit|Kingambit, F|86\/100|[from] Chilly Reception\n|-activate|p1a: Kingambit|ability: Supreme Overlord\n|-start|p1a: Kingambit|fallen3|[silent]\n|\n|-weather|Snow|[upkeep]\n|-heal|p1a: Kingambit|92\/100|[from] item: Leftovers\n|upkeep\n|turn|36\n|inactive|InV_lid has 120 seconds left.\n|\n|t:|1700495156\n|move|p1a: Kingambit|Swords Dance|p1a: Kingambit\n|-boost|p1a: Kingambit|atk|2\n|move|p2a: Alomomola|Wish|p2a: Alomomola\n|\n|-weather|Snow|[upkeep]\n|-end|p2a: Alomomola|move: Future Sight\n|-crit|p2a: Alomomola\n|-damage|p2a: Alomomola|34\/100\n|-heal|p1a: Kingambit|98\/100|[from] item: Leftovers\n|upkeep\n|turn|37\n|\n|t:|1700495165\n|move|p1a: Kingambit|Kowtow Cleave|p2a: Alomomola\n|-damage|p2a: Alomomola|0 fnt\n|faint|p2a: Alomomola\n|\n|-weather|Snow|[upkeep]\n|-heal|p1a: Kingambit|100\/100|[from] item: Leftovers\n|upkeep\n|\n|t:|1700495168\n|switch|p2a: Slowking|Slowking-Galar, F|100\/100\n|turn|38\n|\n|t:|1700495173\n|move|p1a: Kingambit|Kowtow Cleave|p2a: Slowking\n|-supereffective|p2a: Slowking\n|-damage|p2a: Slowking|0 fnt\n|faint|p2a: Slowking\n|\n|win|InV_lid\n|raw|InV_lid's rating: 1115 &rarr; <strong>1139<\/strong><br \/>(+24 for winning)\n|raw|KingdraNo1Fan's rating: 1098 &rarr; <strong>1075<\/strong><br \/>(-23 for losing)\n|c|\u2606KingdraNo1Fan|gg\n|c|\u2606InV_lid|wp\n|c|\u2606InV_lid|ggs damn\n|l|\u2606KingdraNo1Fan\n","uploadtime":1700495309,"views":5,"p1id":"invlid","p2id":"kingdrano1fan","formatid":"gen9ou","rating":1075,"private":0,"password":""}