{"id":"gen9ou-1988538100","p1":"H4ZZMAT","p2":"SianShouldShutUp","format":"[Gen 9] OU","log":"|j|\u2606H4ZZMAT\n|j|\u2606SianShouldShutUp\n|t:|1699733679\n|gametype|singles\n|player|p1|H4ZZMAT|striker|\n|player|p2|SianShouldShutUp|lady|\n|teamsize|p1|6\n|teamsize|p2|6\n|gen|9\n|tier|[Gen 9] OU\n|rule|Sleep Clause Mod: Limit one foe put to sleep\n|rule|Species Clause: Limit one of each Pok\u00e9mon\n|rule|OHKO Clause: OHKO moves are banned\n|rule|Evasion Items Clause: Evasion items are banned\n|rule|Evasion Moves Clause: Evasion moves are banned\n|rule|Endless Battle Clause: Forcing endless battles is banned\n|rule|HP Percentage Mod: HP is shown in percentages\n|clearpoke\n|poke|p1|Iron Hands|\n|poke|p1|Slowbro, M|\n|poke|p1|Heatran, F|\n|poke|p1|Gholdengo|\n|poke|p1|Amoonguss, F|\n|poke|p1|Slowking-Galar, F|\n|poke|p2|Azumarill, M|\n|poke|p2|Scream Tail|\n|poke|p2|Typhlosion-Hisui, M|\n|poke|p2|Appletun, F|\n|poke|p2|Altaria, M|\n|poke|p2|Mismagius, F|\n|teampreview\n|\n|t:|1699733699\n|start\n|switch|p1a: Freddy|Amoonguss, F|100\/100\n|switch|p2a: Azumarill|Azumarill, M|100\/100\n|turn|1\n|j| Karpsy\n|j| Col Spiffington\n|\n|t:|1699733716\n|move|p2a: Azumarill|Knock Off|p1a: Freddy\n|-damage|p1a: Freddy|54\/100\n|-enditem|p1a: Freddy|Leftovers|[from] move: Knock Off|[of] p2a: Azumarill\n|move|p1a: Freddy|Toxic|p2a: Azumarill\n|-status|p2a: Azumarill|tox\n|\n|-damage|p2a: Azumarill|94\/100 tox|[from] psn\n|upkeep\n|turn|2\n|\n|t:|1699733736\n|move|p1a: Freddy|Protect|p1a: Freddy\n|-singleturn|p1a: Freddy|Protect\n|move|p2a: Azumarill|Knock Off|p1a: Freddy\n|-activate|p1a: Freddy|move: Protect\n|\n|-damage|p2a: Azumarill|82\/100 tox|[from] psn\n|upkeep\n|turn|3\n|\n|t:|1699733745\n|move|p2a: Azumarill|Knock Off|p1a: Freddy\n|-damage|p1a: Freddy|24\/100\n|move|p1a: Freddy|Sludge Bomb|p2a: Azumarill\n|-supereffective|p2a: Azumarill\n|-damage|p2a: Azumarill|14\/100 tox\n|-enditem|p2a: Azumarill|Sitrus Berry|[eat]\n|-heal|p2a: Azumarill|39\/100 tox|[from] item: Sitrus Berry\n|\n|-damage|p2a: Azumarill|20\/100 tox|[from] psn\n|upkeep\n|turn|4\n|\n|t:|1699733764\n|switch|p2a: Altaria|Altaria, M|100\/100\n|move|p1a: Freddy|Protect||[still]\n|-fail|p1a: Freddy\n|\n|upkeep\n|turn|5\n|\n|t:|1699733776\n|move|p2a: Altaria|Will-O-Wisp|p1a: Freddy\n|-status|p1a: Freddy|brn\n|move|p1a: Freddy|Toxic|p2a: Altaria\n|-status|p2a: Altaria|tox\n|\n|-damage|p2a: Altaria|94\/100 tox|[from] psn\n|-damage|p1a: Freddy|17\/100 brn|[from] brn\n|upkeep\n|turn|6\n|\n|t:|1699733788\n|move|p2a: Altaria|Brave Bird|p1a: Freddy\n|-supereffective|p1a: Freddy\n|-damage|p1a: Freddy|0 fnt\n|faint|p1a: Freddy\n|-damage|p2a: Altaria|88\/100 tox|[from] Recoil\n|\n|-damage|p2a: Altaria|75\/100 tox|[from] psn\n|upkeep\n|\n|t:|1699733798\n|switch|p1a: Maximilian|Slowking-Galar, F|100\/100\n|turn|7\n|\n|t:|1699733837\n|-curestatus|p2a: Altaria|tox|[from] ability: Natural Cure\n|switch|p2a: Mismagius|Mismagius, F|100\/100\n|move|p1a: Maximilian|Sludge Bomb|p2a: Mismagius\n|-resisted|p2a: Mismagius\n|-damage|p2a: Mismagius|80\/100\n|\n|-heal|p2a: Mismagius|86\/100|[from] item: Leftovers\n|upkeep\n|turn|8\n|\n|t:|1699733861\n|switch|p1a: MatPat|Slowbro, M, shiny|100\/100\n|move|p2a: Mismagius|Shadow Ball|p1a: MatPat\n|-supereffective|p1a: MatPat\n|-damage|p1a: MatPat|22\/100\n|\n|-heal|p2a: Mismagius|92\/100|[from] item: Leftovers\n|-heal|p1a: MatPat|28\/100|[from] item: Leftovers\n|upkeep\n|turn|9\n|\n|t:|1699733907\n|-terastallize|p1a: MatPat|Normal\n|move|p2a: Mismagius|Shadow Ball|p1a: MatPat\n|-immune|p1a: MatPat\n|move|p1a: MatPat|Shadow Ball|p2a: Mismagius\n|-supereffective|p2a: Mismagius\n|-damage|p2a: Mismagius|46\/100\n|\n|-heal|p2a: Mismagius|52\/100|[from] item: Leftovers\n|-heal|p1a: MatPat|35\/100|[from] item: Leftovers\n|upkeep\n|turn|10\n|\n|t:|1699733935\n|switch|p1a: Ray|Gholdengo|100\/100\n|-terastallize|p2a: Mismagius|Fairy\n|move|p2a: Mismagius|Dazzling Gleam|p1a: Ray\n|-resisted|p1a: Ray\n|-damage|p1a: Ray|80\/100\n|\n|-heal|p2a: Mismagius|58\/100|[from] item: Leftovers\n|-heal|p1a: Ray|87\/100|[from] item: Leftovers\n|upkeep\n|turn|11\n|\n|t:|1699733980\n|switch|p2a: Typhlosion|Typhlosion-Hisui, M|100\/100\n|-item|p1a: Ray|Leftovers|[from] ability: Frisk|[of] p2a: Typhlosion|[identify]\n|move|p1a: Ray|Shadow Ball|p2a: Typhlosion\n|-supereffective|p2a: Typhlosion\n|-damage|p2a: Typhlosion|0 fnt\n|faint|p2a: Typhlosion\n|\n|-heal|p1a: Ray|93\/100|[from] item: Leftovers\n|upkeep\n|\n|t:|1699734006\n|switch|p2a: Mismagius|Mismagius, F, tera:Fairy|58\/100\n|turn|12\n|\n|t:|1699734013\n|move|p2a: Mismagius|Destiny Bond|p2a: Mismagius\n|-singlemove|p2a: Mismagius|Destiny Bond\n|move|p1a: Ray|Flash Cannon|p2a: Mismagius\n|-supereffective|p2a: Mismagius\n|-damage|p2a: Mismagius|0 fnt\n|faint|p2a: Mismagius\n|-activate|p2a: Mismagius|move: Destiny Bond\n|faint|p1a: Ray\n|\n|upkeep\n|\n|t:|1699734027\n|switch|p2a: Scream Tail|Scream Tail|100\/100\n|switch|p1a: MatPat|Slowbro, M, shiny, tera:Normal|68\/100\n|turn|13\n|\n|t:|1699734059\n|move|p2a: Scream Tail|Dazzling Gleam|p1a: MatPat\n|-damage|p1a: MatPat|46\/100\n|move|p1a: MatPat|Slack Off|p1a: MatPat\n|-heal|p1a: MatPat|96\/100\n|\n|-heal|p1a: MatPat|100\/100|[from] item: Leftovers\n|upkeep\n|turn|14\n|\n|t:|1699734067\n|move|p2a: Scream Tail|Dazzling Gleam|p1a: MatPat\n|-damage|p1a: MatPat|79\/100\n|move|p1a: MatPat|Shadow Ball|p2a: Scream Tail\n|-supereffective|p2a: Scream Tail\n|-damage|p2a: Scream Tail|76\/100\n|\n|-heal|p2a: Scream Tail|82\/100|[from] item: Leftovers\n|-heal|p1a: MatPat|85\/100|[from] item: Leftovers\n|upkeep\n|turn|15\n|\n|t:|1699734079\n|move|p2a: Scream Tail|Dazzling Gleam|p1a: MatPat\n|-damage|p1a: MatPat|64\/100\n|move|p1a: MatPat|Shadow Ball|p2a: Scream Tail\n|-supereffective|p2a: Scream Tail\n|-damage|p2a: Scream Tail|58\/100\n|\n|-heal|p2a: Scream Tail|64\/100|[from] item: Leftovers\n|-heal|p1a: MatPat|70\/100|[from] item: Leftovers\n|upkeep\n|turn|16\n|\n|t:|1699734088\n|move|p2a: Scream Tail|Dazzling Gleam|p1a: MatPat\n|-damage|p1a: MatPat|48\/100\n|move|p1a: MatPat|Shadow Ball|p2a: Scream Tail\n|-supereffective|p2a: Scream Tail\n|-damage|p2a: Scream Tail|37\/100\n|\n|-heal|p2a: Scream Tail|43\/100|[from] item: Leftovers\n|-heal|p1a: MatPat|54\/100|[from] item: Leftovers\n|upkeep\n|turn|17\n|\n|t:|1699734101\n|move|p2a: Scream Tail|Wish|p2a: Scream Tail\n|move|p1a: MatPat|Shadow Ball|p2a: Scream Tail\n|-supereffective|p2a: Scream Tail\n|-damage|p2a: Scream Tail|19\/100\n|\n|-heal|p2a: Scream Tail|25\/100|[from] item: Leftovers\n|-heal|p1a: MatPat|60\/100|[from] item: Leftovers\n|upkeep\n|turn|18\n|\n|t:|1699734112\n|move|p2a: Scream Tail|Dazzling Gleam|p1a: MatPat\n|-damage|p1a: MatPat|39\/100\n|move|p1a: MatPat|Shadow Ball|p2a: Scream Tail\n|-supereffective|p2a: Scream Tail\n|-damage|p2a: Scream Tail|0 fnt\n|faint|p2a: Scream Tail\n|-end|p2a: Scream Tail|Protosynthesis|[silent]\n|\n|-heal|p1a: MatPat|45\/100|[from] item: Leftovers\n|upkeep\n|\n|t:|1699734125\n|switch|p2a: Altaria|Altaria, M|75\/100\n|turn|19\n|\n|t:|1699734132\n|switch|p1a: Maximilian|Slowking-Galar, F|100\/100\n|move|p2a: Altaria|Will-O-Wisp|p1a: Maximilian\n|-status|p1a: Maximilian|brn\n|\n|-damage|p1a: Maximilian|94\/100 brn|[from] brn\n|upkeep\n|turn|20\n|\n|t:|1699734154\n|move|p2a: Altaria|Brave Bird|p1a: Maximilian\n|-damage|p1a: Maximilian|64\/100 brn\n|-damage|p2a: Altaria|64\/100|[from] Recoil\n|move|p1a: Maximilian|Sludge Bomb|p2a: Altaria\n|-damage|p2a: Altaria|31\/100\n|\n|-heal|p1a: Maximilian|71\/100 brn|[from] item: Leftovers\n|-damage|p1a: Maximilian|64\/100 brn|[from] brn\n|upkeep\n|turn|21\n|\n|t:|1699734166\n|move|p2a: Altaria|Roost|p2a: Altaria\n|-heal|p2a: Altaria|81\/100\n|-singleturn|p2a: Altaria|move: Roost\n|move|p1a: Maximilian|Sludge Bomb|p2a: Altaria\n|-damage|p2a: Altaria|51\/100\n|\n|-heal|p1a: Maximilian|71\/100 brn|[from] item: Leftovers\n|-damage|p1a: Maximilian|64\/100 brn|[from] brn\n|upkeep\n|turn|22\n|\n|t:|1699734177\n|move|p2a: Altaria|Brave Bird|p1a: Maximilian\n|-damage|p1a: Maximilian|33\/100 brn\n|-damage|p2a: Altaria|39\/100|[from] Recoil\n|move|p1a: Maximilian|Slack Off|p1a: Maximilian\n|-heal|p1a: Maximilian|83\/100 brn\n|\n|-heal|p1a: Maximilian|89\/100 brn|[from] item: Leftovers\n|-damage|p1a: Maximilian|83\/100 brn|[from] brn\n|upkeep\n|turn|23\n|\n|t:|1699734187\n|move|p2a: Altaria|Roost|p2a: Altaria\n|-heal|p2a: Altaria|89\/100\n|-singleturn|p2a: Altaria|move: Roost\n|move|p1a: Maximilian|Sludge Bomb|p2a: Altaria\n|-damage|p2a: Altaria|59\/100\n|\n|-heal|p1a: Maximilian|89\/100 brn|[from] item: Leftovers\n|-damage|p1a: Maximilian|83\/100 brn|[from] brn\n|upkeep\n|turn|24\n|\n|t:|1699734200\n|move|p2a: Altaria|Brave Bird|p1a: Maximilian\n|-damage|p1a: Maximilian|53\/100 brn\n|-damage|p2a: Altaria|48\/100|[from] Recoil\n|move|p1a: Maximilian|Sludge Bomb|p2a: Altaria\n|-damage|p2a: Altaria|17\/100\n|-status|p2a: Altaria|psn\n|\n|-heal|p1a: Maximilian|59\/100 brn|[from] item: Leftovers\n|-damage|p2a: Altaria|4\/100 psn|[from] psn\n|-damage|p1a: Maximilian|53\/100 brn|[from] brn\n|upkeep\n|turn|25\n|\n|t:|1699734211\n|move|p2a: Altaria|Roost|p2a: Altaria\n|-heal|p2a: Altaria|54\/100 psn\n|-singleturn|p2a: Altaria|move: Roost\n|move|p1a: Maximilian|Slack Off|p1a: Maximilian\n|-heal|p1a: Maximilian|100\/100 brn\n|\n|-damage|p2a: Altaria|42\/100 psn|[from] psn\n|-damage|p1a: Maximilian|94\/100 brn|[from] brn\n|upkeep\n|turn|26\n|\n|t:|1699734220\n|move|p2a: Altaria|Roost|p2a: Altaria\n|-heal|p2a: Altaria|92\/100 psn\n|-singleturn|p2a: Altaria|move: Roost\n|move|p1a: Maximilian|Sludge Bomb|p2a: Altaria\n|-damage|p2a: Altaria|63\/100 psn\n|\n|-heal|p1a: Maximilian|100\/100 brn|[from] item: Leftovers\n|-damage|p2a: Altaria|51\/100 psn|[from] psn\n|-damage|p1a: Maximilian|94\/100 brn|[from] brn\n|upkeep\n|turn|27\n|\n|t:|1699734239\n|move|p2a: Altaria|Roost|p2a: Altaria\n|-heal|p2a: Altaria|100\/100 psn\n|-singleturn|p2a: Altaria|move: Roost\n|move|p1a: Maximilian|Ice Beam|p2a: Altaria\n|-supereffective|p2a: Altaria\n|-damage|p2a: Altaria|60\/100 psn\n|\n|-heal|p1a: Maximilian|100\/100 brn|[from] item: Leftovers\n|-damage|p2a: Altaria|47\/100 psn|[from] psn\n|-damage|p1a: Maximilian|94\/100 brn|[from] brn\n|upkeep\n|turn|28\n|\n|t:|1699734250\n|-curestatus|p2a: Altaria|psn|[from] ability: Natural Cure\n|switch|p2a: Appletun|Appletun, F|100\/100\n|move|p1a: Maximilian|Ice Beam|p2a: Appletun\n|-supereffective|p2a: Appletun\n|-damage|p2a: Appletun|70\/100\n|-status|p2a: Appletun|frz\n|\n|-heal|p1a: Maximilian|100\/100 brn|[from] item: Leftovers\n|-damage|p1a: Maximilian|94\/100 brn|[from] brn\n|upkeep\n|turn|29\n|\n|t:|1699734262\n|move|p1a: Maximilian|Ice Beam|p2a: Appletun\n|-supereffective|p2a: Appletun\n|-damage|p2a: Appletun|36\/100 frz\n|-curestatus|p2a: Appletun|frz|[msg]\n|move|p2a: Appletun|Leech Seed|p1a: Maximilian\n|-start|p1a: Maximilian|move: Leech Seed\n|\n|-heal|p1a: Maximilian|100\/100 brn|[from] item: Leftovers\n|-damage|p1a: Maximilian|88\/100 brn|[from] Leech Seed|[of] p2a: Appletun\n|-heal|p2a: Appletun|48\/100|[silent]\n|-damage|p1a: Maximilian|82\/100 brn|[from] brn\n|upkeep\n|turn|30\n|\n|t:|1699734277\n|move|p1a: Maximilian|Ice Beam|p2a: Appletun\n|-supereffective|p2a: Appletun\n|-damage|p2a: Appletun|16\/100\n|move|p2a: Appletun|Dragon Tail|p1a: Maximilian\n|-damage|p1a: Maximilian|64\/100 brn\n|drag|p1a: Liquid Hot Shame|Heatran, F|100\/100\n|\n|upkeep\n|turn|31\n|\n|t:|1699734293\n|move|p1a: Liquid Hot Shame|Dragon Pulse|p2a: Appletun\n|-supereffective|p2a: Appletun\n|-damage|p2a: Appletun|0 fnt\n|faint|p2a: Appletun\n|\n|upkeep\n|\n|t:|1699734301\n|switch|p2a: Azumarill|Azumarill, M|20\/100 tox\n|turn|32\n|\n|t:|1699734319\n|move|p2a: Azumarill|Aqua Jet|p1a: Liquid Hot Shame\n|-supereffective|p1a: Liquid Hot Shame\n|-damage|p1a: Liquid Hot Shame|55\/100\n|move|p1a: Liquid Hot Shame|Dragon Pulse|p2a: Azumarill\n|-immune|p2a: Azumarill\n|\n|-damage|p2a: Azumarill|14\/100 tox|[from] psn\n|upkeep\n|turn|33\n|\n|t:|1699734328\n|switch|p1a: Markiplier|Iron Hands|100\/100\n|move|p2a: Azumarill|Aqua Jet|p1a: Markiplier\n|-damage|p1a: Markiplier|85\/100\n|\n|-damage|p2a: Azumarill|2\/100 tox|[from] psn\n|upkeep\n|turn|34\n|\n|t:|1699734355\n|move|p2a: Azumarill|Play Rough|p1a: Markiplier\n|-supereffective|p1a: Markiplier\n|-damage|p1a: Markiplier|11\/100\n|move|p1a: Markiplier|Thunder Punch|p2a: Azumarill\n|-supereffective|p2a: Azumarill\n|-damage|p2a: Azumarill|0 fnt\n|faint|p2a: Azumarill\n|\n|upkeep\n|\n|t:|1699734364\n|switch|p2a: Altaria|Altaria, M|47\/100\n|turn|35\n|\n|t:|1699734390\n|move|p2a: Altaria|Brave Bird|p1a: Markiplier\n|-damage|p1a: Markiplier|0 fnt\n|faint|p1a: Markiplier\n|-end|p1a: Markiplier|Quark Drive|[silent]\n|-damage|p2a: Altaria|42\/100|[from] Recoil\n|\n|upkeep\n|\n|t:|1699734397\n|switch|p1a: Maximilian|Slowking-Galar, F|97\/100 brn\n|turn|36\n|\n|t:|1699734402\n|move|p2a: Altaria|Roost|p2a: Altaria\n|-heal|p2a: Altaria|92\/100\n|-singleturn|p2a: Altaria|move: Roost\n|move|p1a: Maximilian|Ice Beam|p2a: Altaria\n|-supereffective|p2a: Altaria\n|-damage|p2a: Altaria|53\/100\n|-status|p2a: Altaria|frz\n|\n|-heal|p1a: Maximilian|100\/100 brn|[from] item: Leftovers\n|-damage|p1a: Maximilian|94\/100 brn|[from] brn\n|upkeep\n|turn|37\n|\n|t:|1699734424\n|cant|p2a: Altaria|frz\n|move|p1a: Maximilian|Ice Beam|p2a: Altaria\n|-supereffective|p2a: Altaria\n|-damage|p2a: Altaria|0 fnt\n|faint|p2a: Altaria\n|\n|win|H4ZZMAT\n","uploadtime":1699734453,"views":20,"p1id":"h4zzmat","p2id":"sianshouldshutup","formatid":"gen9ou","rating":0,"private":0,"password":""}