{"id":"gen9ou-2000608998","p1":"seakingmissile","p2":"Darkmaniman+Minus","format":"[Gen 9] OU","log":"|j|\u2606seakingmissile\n|j|\u2606Darkmaniman+Minus\n|t:|1701210130\n|gametype|singles\n|player|p1|seakingmissile|larry|1485\n|player|p2|Darkmaniman+Minus|265|1643\n|teamsize|p1|6\n|teamsize|p2|6\n|gen|9\n|tier|[Gen 9] OU\n|rated|\n|rule|Sleep Clause Mod: Limit one foe put to sleep\n|rule|Species Clause: Limit one of each Pok\u00e9mon\n|rule|OHKO Clause: OHKO moves are banned\n|rule|Evasion Items Clause: Evasion items are banned\n|rule|Evasion Moves Clause: Evasion moves are banned\n|rule|Endless Battle Clause: Forcing endless battles is banned\n|rule|HP Percentage Mod: HP is shown in percentages\n|clearpoke\n|poke|p1|Landorus-Therian, M|\n|poke|p1|Meloetta|\n|poke|p1|Zapdos|\n|poke|p1|Cinderace, M|\n|poke|p1|Slowking-Galar, F|\n|poke|p1|Iron Valiant|\n|poke|p2|Rillaboom, F|\n|poke|p2|Drifblim, F|\n|poke|p2|Magnezone|\n|poke|p2|Corviknight, F|\n|poke|p2|Muk-Alola, M|\n|poke|p2|Ceruledge, F|\n|teampreview\n|c|\u2606seakingmissile|glhf\n|c|\u2606seakingmissile|holy shit it's you\n|c|\u2606seakingmissile|heat\n|\n|t:|1701210141\n|start\n|switch|p1a: MESSI|Cinderace, M|100\/100\n|switch|p2a: Magnezone|Magnezone|100\/100\n|turn|1\n|inactive|Battle timer is ON: inactive players will automatically lose when time's up. (requested by seakingmissile)\n|\n|t:|1701210203\n|switch|p2a: Ceruledge|Ceruledge, F|100\/100\n|move|p1a: MESSI|Pyro Ball|p2a: Ceruledge\n|-start|p2a: Ceruledge|ability: Flash Fire\n|\n|upkeep\n|turn|2\n|\n|t:|1701210210\n|switch|p1a: Him.|Landorus-Therian, M|100\/100\n|-ability|p1a: Him.|Intimidate|boost\n|-unboost|p2a: Ceruledge|atk|1\n|move|p2a: Ceruledge|Bulk Up|p2a: Ceruledge\n|-boost|p2a: Ceruledge|atk|1\n|-boost|p2a: Ceruledge|def|1\n|\n|upkeep\n|turn|3\n|\n|t:|1701210214\n|-terastallize|p2a: Ceruledge|Bug\n|move|p1a: Him.|Stone Edge|p2a: Ceruledge\n|-supereffective|p2a: Ceruledge\n|-damage|p2a: Ceruledge|45\/100\n|move|p2a: Ceruledge|Bulk Up|p2a: Ceruledge\n|-boost|p2a: Ceruledge|atk|1\n|-boost|p2a: Ceruledge|def|1\n|\n|upkeep\n|turn|4\n|\n|t:|1701210219\n|move|p1a: Him.|Stone Edge|p2a: Ceruledge\n|-supereffective|p2a: Ceruledge\n|-damage|p2a: Ceruledge|4\/100\n|move|p2a: Ceruledge|Bitter Blade|p1a: Him.\n|-damage|p1a: Him.|10\/100\n|-heal|p2a: Ceruledge|45\/100|[from] drain|[of] p1a: Him.\n|\n|upkeep\n|turn|5\n|\n|t:|1701210224\n|move|p2a: Ceruledge|Shadow Sneak|p1a: Him.\n|-damage|p1a: Him.|0 fnt\n|faint|p1a: Him.\n|\n|upkeep\n|\n|t:|1701210232\n|switch|p1a: Featured Shitmon|Meloetta|100\/100\n|turn|6\n|\n|t:|1701210238\n|move|p1a: Featured Shitmon|Relic Song|p2a: Ceruledge\n|-damage|p2a: Ceruledge|16\/100\n|-formechange|p1a: Featured Shitmon|Meloetta-Pirouette|[msg]\n|-damage|p1a: Featured Shitmon|91\/100|[from] item: Life Orb\n|move|p2a: Ceruledge|Bitter Blade|p1a: Featured Shitmon\n|-damage|p1a: Featured Shitmon|0 fnt\n|-heal|p2a: Ceruledge|60\/100|[from] drain|[of] p1a: Featured Shitmon\n|faint|p1a: Featured Shitmon\n|\n|upkeep\n|c|\u2606Darkmaniman+Minus|Yo\n|c|\u2606seakingmissile|I may or may not have been fishing for para\n|c|\u2606Darkmaniman+Minus|It's you\n|\n|t:|1701210250\n|switch|p1a: Abnormal Gallade|Iron Valiant|100\/100\n|-enditem|p1a: Abnormal Gallade|Booster Energy\n|-activate|p1a: Abnormal Gallade|ability: Quark Drive|[fromitem]\n|-start|p1a: Abnormal Gallade|quarkdrivespe\n|turn|7\n|c|\u2606Darkmaniman+Minus|What's up\n|c|\u2606seakingmissile|not para\n|c|\u2606seakingmissile|sleep\n|c|\u2606seakingmissile|hey\n|c|\u2606seakingmissile|my team is very bu ceru weak if I don't stop it immediately\n|inactive|Darkmaniman+Minus has 120 seconds left.\n|\n|t:|1701210284\n|move|p1a: Abnormal Gallade|Moonblast|p2a: Ceruledge\n|-damage|p2a: Ceruledge|29\/100\n|move|p2a: Ceruledge|Bitter Blade|p1a: Abnormal Gallade\n|-damage|p1a: Abnormal Gallade|0 fnt\n|-heal|p2a: Ceruledge|70\/100|[from] drain|[of] p1a: Abnormal Gallade\n|faint|p1a: Abnormal Gallade\n|-end|p1a: Abnormal Gallade|Quark Drive|[silent]\n|\n|upkeep\n|\n|t:|1701210288\n|switch|p1a: Slot Machine|Zapdos|100\/100\n|turn|8\n|\n|t:|1701210302\n|-terastallize|p1a: Slot Machine|Water\n|move|p1a: Slot Machine|Hurricane|p2a: Ceruledge\n|-supereffective|p2a: Ceruledge\n|-damage|p2a: Ceruledge|0 fnt\n|faint|p2a: Ceruledge\n|\n|upkeep\n|c|\u2606seakingmissile|sources suggest I am a d1 thrower\n|inactive|Darkmaniman+Minus has 120 seconds left.\n|\n|t:|1701210321\n|switch|p2a: Magnezone|Magnezone|100\/100\n|turn|9\n|\n|t:|1701210324\n|switch|p1a: Slop Slinger|Slowking-Galar, F|100\/100\n|move|p2a: Magnezone|Volt Switch|p1a: Slop Slinger\n|-damage|p1a: Slop Slinger|57\/100\n|\n|t:|1701210328\n|switch|p2a: Muk|Muk-Alola, M|100\/100|[from] Volt Switch\n|\n|upkeep\n|turn|10\n|\n|t:|1701210332\n|move|p2a: Muk|Knock Off|p1a: Slop Slinger\n|-supereffective|p1a: Slop Slinger\n|-damage|p1a: Slop Slinger|0 fnt\n|-enditem|p1a: Slop Slinger|Heavy-Duty Boots|[from] move: Knock Off|[of] p2a: Muk\n|faint|p1a: Slop Slinger\n|\n|upkeep\n|\n|t:|1701210335\n|switch|p1a: MESSI|Cinderace, M|100\/100\n|turn|11\n|\n|t:|1701210340\n|switch|p2a: Drifblim|Drifblim, F|100\/100\n|move|p1a: MESSI|Will-O-Wisp|p2a: Drifblim\n|-status|p2a: Drifblim|brn\n|\n|-damage|p2a: Drifblim|94\/100 brn|[from] brn\n|upkeep\n|turn|12\n|\n|t:|1701210355\n|switch|p1a: Slot Machine|Zapdos, tera:Water|100\/100\n|switch|p2a: Muk|Muk-Alola, M|100\/100\n|\n|upkeep\n|turn|13\n|\n|t:|1701210359\n|move|p1a: Slot Machine|Discharge|p2a: Muk\n|-damage|p2a: Muk|76\/100\n|move|p2a: Muk|Knock Off|p1a: Slot Machine\n|-damage|p1a: Slot Machine|64\/100\n|-enditem|p1a: Slot Machine|Heavy-Duty Boots|[from] move: Knock Off|[of] p2a: Muk\n|\n|-heal|p2a: Muk|82\/100|[from] item: Leftovers\n|upkeep\n|turn|14\n|inactive|Darkmaniman+Minus has 120 seconds left.\n|\n|t:|1701210389\n|move|p1a: Slot Machine|Discharge|p2a: Muk\n|-crit|p2a: Muk\n|-damage|p2a: Muk|43\/100\n|move|p2a: Muk|Poison Jab|p1a: Slot Machine\n|-damage|p1a: Slot Machine|34\/100\n|-status|p1a: Slot Machine|psn\n|\n|-heal|p2a: Muk|49\/100|[from] item: Leftovers\n|-damage|p1a: Slot Machine|22\/100 psn|[from] psn\n|upkeep\n|turn|15\n|\n|t:|1701210394\n|move|p1a: Slot Machine|Roost|p1a: Slot Machine\n|-heal|p1a: Slot Machine|72\/100 psn\n|move|p2a: Muk|Poison Jab|p1a: Slot Machine\n|-damage|p1a: Slot Machine|43\/100 psn\n|\n|-heal|p2a: Muk|55\/100|[from] item: Leftovers\n|-damage|p1a: Slot Machine|30\/100 psn|[from] psn\n|upkeep\n|turn|16\n|\n|t:|1701210400\n|move|p1a: Slot Machine|Roost|p1a: Slot Machine\n|-heal|p1a: Slot Machine|80\/100 psn\n|move|p2a: Muk|Poison Jab|p1a: Slot Machine\n|-damage|p1a: Slot Machine|53\/100 psn\n|\n|-heal|p2a: Muk|61\/100|[from] item: Leftovers\n|-damage|p1a: Slot Machine|40\/100 psn|[from] psn\n|upkeep\n|turn|17\n|\n|t:|1701210404\n|move|p1a: Slot Machine|Discharge|p2a: Muk\n|-damage|p2a: Muk|34\/100\n|move|p2a: Muk|Poison Jab|p1a: Slot Machine\n|-damage|p1a: Slot Machine|14\/100 psn\n|\n|-heal|p2a: Muk|40\/100|[from] item: Leftovers\n|-damage|p1a: Slot Machine|1\/100 psn|[from] psn\n|upkeep\n|turn|18\n|\n|t:|1701210407\n|switch|p2a: Rillaboom|Rillaboom, F|100\/100\n|-fieldstart|move: Grassy Terrain|[from] ability: Grassy Surge|[of] p2a: Rillaboom\n|move|p1a: Slot Machine|Discharge|p2a: Rillaboom\n|-resisted|p2a: Rillaboom\n|-damage|p2a: Rillaboom|74\/100\n|\n|-heal|p1a: Slot Machine|7\/100 psn|[from] Grassy Terrain\n|-heal|p2a: Rillaboom|80\/100|[from] Grassy Terrain\n|-damage|p1a: Slot Machine|0 fnt|[from] psn\n|faint|p1a: Slot Machine\n|upkeep\n|\n|t:|1701210409\n|switch|p1a: MESSI|Cinderace, M|100\/100\n|turn|19\n|\n|t:|1701210411\n|move|p2a: Rillaboom|Grassy Glide|p1a: MESSI\n|-resisted|p1a: MESSI\n|-damage|p1a: MESSI|70\/100\n|move|p1a: MESSI|Pyro Ball|p2a: Rillaboom\n|-supereffective|p2a: Rillaboom\n|-damage|p2a: Rillaboom|0 fnt\n|faint|p2a: Rillaboom\n|\n|-heal|p1a: MESSI|76\/100|[from] Grassy Terrain\n|upkeep\n|\n|t:|1701210413\n|switch|p2a: Drifblim|Drifblim, F|94\/100 brn\n|-enditem|p2a: Drifblim|Grassy Seed\n|-boost|p2a: Drifblim|def|1|[from] item: Grassy Seed\n|turn|20\n|\n|t:|1701210418\n|move|p2a: Drifblim|Calm Mind|p2a: Drifblim\n|-boost|p2a: Drifblim|spa|1\n|-boost|p2a: Drifblim|spd|1\n|move|p1a: MESSI|Pyro Ball|p2a: Drifblim\n|-damage|p2a: Drifblim|52\/100 brn\n|\n|-heal|p1a: MESSI|82\/100|[from] Grassy Terrain\n|-damage|p2a: Drifblim|46\/100 brn|[from] brn\n|upkeep\n|turn|21\n|\n|t:|1701210421\n|move|p2a: Drifblim|Strength Sap|p1a: MESSI\n|-unboost|p1a: MESSI|atk|1\n|-heal|p2a: Drifblim|100\/100 brn\n|move|p1a: MESSI|Pyro Ball|p2a: Drifblim\n|-damage|p2a: Drifblim|68\/100 brn\n|\n|-heal|p1a: MESSI|88\/100|[from] Grassy Terrain\n|-damage|p2a: Drifblim|62\/100 brn|[from] brn\n|upkeep\n|turn|22\n|c|\u2606seakingmissile|wp\n|\n|t:|1701210425\n|move|p2a: Drifblim|Calm Mind|p2a: Drifblim\n|-boost|p2a: Drifblim|spa|1\n|-boost|p2a: Drifblim|spd|1\n|move|p1a: MESSI|Pyro Ball|p2a: Drifblim\n|-damage|p2a: Drifblim|29\/100 brn\n|\n|-heal|p1a: MESSI|94\/100|[from] Grassy Terrain\n|-damage|p2a: Drifblim|23\/100 brn|[from] brn\n|upkeep\n|turn|23\n|\n|t:|1701210427\n|move|p2a: Drifblim|Strength Sap|p1a: MESSI\n|-unboost|p1a: MESSI|atk|1\n|-heal|p2a: Drifblim|73\/100 brn\n|move|p1a: MESSI|Pyro Ball|p2a: Drifblim\n|-damage|p2a: Drifblim|51\/100 brn\n|\n|-heal|p1a: MESSI|99\/100|[from] Grassy Terrain\n|-damage|p2a: Drifblim|44\/100 brn|[from] brn\n|upkeep\n|turn|24\n|\n|t:|1701210429\n|move|p2a: Drifblim|Strength Sap|p1a: MESSI\n|-unboost|p1a: MESSI|atk|1\n|-heal|p2a: Drifblim|82\/100 brn\n|move|p1a: MESSI|Pyro Ball|p2a: Drifblim\n|-damage|p2a: Drifblim|64\/100 brn\n|\n|-heal|p1a: MESSI|100\/100|[from] Grassy Terrain\n|-damage|p2a: Drifblim|58\/100 brn|[from] brn\n|upkeep\n|turn|25\n|\n|t:|1701210433\n|move|p2a: Drifblim|Strength Sap|p1a: MESSI\n|-unboost|p1a: MESSI|atk|1\n|-heal|p2a: Drifblim|88\/100 brn\n|move|p1a: MESSI|High Jump Kick|p2a: Drifblim\n|-start|p1a: MESSI|typechange|Fighting|[from] ability: Libero\n|-immune|p2a: Drifblim\n|-damage|p1a: MESSI|51\/100|[from] highjumpkick\n|\n|-heal|p1a: MESSI|57\/100|[from] Grassy Terrain\n|-damage|p2a: Drifblim|82\/100 brn|[from] brn\n|-fieldend|move: Grassy Terrain\n|upkeep\n|turn|26\n|c|\u2606seakingmissile|suicide time\n|\n|t:|1701210437\n|move|p2a: Drifblim|Calm Mind|p2a: Drifblim\n|-boost|p2a: Drifblim|spa|1\n|-boost|p2a: Drifblim|spd|1\n|move|p1a: MESSI|High Jump Kick|p2a: Drifblim\n|-immune|p2a: Drifblim\n|-damage|p1a: MESSI|7\/100|[from] highjumpkick\n|\n|-damage|p2a: Drifblim|76\/100 brn|[from] brn\n|upkeep\n|turn|27\n|\n|t:|1701210439\n|move|p2a: Drifblim|Hex|p1a: MESSI\n|-damage|p1a: MESSI|0 fnt\n|faint|p1a: MESSI\n|\n|win|Darkmaniman+Minus\n|raw|seakingmissile's rating: 1485 &rarr; <strong>1474<\/strong><br \/>(-11 for losing)\n|raw|Darkmaniman+Minus's rating: 1643 &rarr; <strong>1654<\/strong><br \/>(+11 for winning)\n|l|\u2606seakingmissile\n","uploadtime":1701210454,"views":0,"p1id":"seakingmissile","p2id":"darkmanimanminus","formatid":"gen9ou","rating":1474,"private":0,"password":""}