{"id":"gen9ou-1993952102","p1":"Redribbonrenegade","p2":"OU (Very Popular)","format":"[Gen 9] OU","log":"|j|\u2606Redribbonrenegade\n|j|\u2606OU (Very Popular)\n|t:|1700381625\n|gametype|singles\n|player|p1|Redribbonrenegade|marshal|1315\n|player|p2|OU (Very Popular)|hilbert-wonderlauncher|1283\n|teamsize|p1|6\n|teamsize|p2|6\n|gen|9\n|tier|[Gen 9] OU\n|rated|\n|rule|Sleep Clause Mod: Limit one foe put to sleep\n|rule|Species Clause: Limit one of each Pok\u00e9mon\n|rule|OHKO Clause: OHKO moves are banned\n|rule|Evasion Items Clause: Evasion items are banned\n|rule|Evasion Moves Clause: Evasion moves are banned\n|rule|Endless Battle Clause: Forcing endless battles is banned\n|rule|HP Percentage Mod: HP is shown in percentages\n|clearpoke\n|poke|p1|Ursaluna, M|\n|poke|p1|Cresselia, F|\n|poke|p1|Volcanion|\n|poke|p1|Garganacl, F|\n|poke|p1|Sinistcha-Masterpiece|\n|poke|p1|Altaria, F|\n|poke|p2|Indeedee, M|\n|poke|p2|Sneasler, F|\n|poke|p2|Samurott-Hisui, F|\n|poke|p2|Iron Valiant|\n|poke|p2|Corviknight, F|\n|poke|p2|Iron Moth|\n|teampreview\n|inactive|Battle timer is ON: inactive players will automatically lose when time's up. (requested by OU (Very Popular))\n|\n|t:|1700381637\n|start\n|switch|p1a: Kim Joe Un \u26f0\ufe0f|Ursaluna, M, shiny|100\/100\n|switch|p2a: Samurott|Samurott-Hisui, F, shiny|100\/100\n|turn|1\n|\n|t:|1700381644\n|-terastallize|p1a: Kim Joe Un \u26f0\ufe0f|Fairy\n|move|p2a: Samurott|Razor Shell|p1a: Kim Joe Un \u26f0\ufe0f\n|-damage|p1a: Kim Joe Un \u26f0\ufe0f|58\/100\n|move|p1a: Kim Joe Un \u26f0\ufe0f|Play Rough|p2a: Samurott\n|-supereffective|p2a: Samurott\n|-damage|p2a: Samurott|0 fnt\n|faint|p2a: Samurott\n|\n|upkeep\n|j| thraxxedout\n|\n|t:|1700381655\n|switch|p2a: Indeedee|Indeedee, M|100\/100\n|-fieldstart|move: Psychic Terrain|[from] ability: Psychic Surge|[of] p2a: Indeedee\n|turn|2\n|\n|t:|1700381658\n|move|p2a: Indeedee|Psychic|p1a: Kim Joe Un \u26f0\ufe0f\n|-damage|p1a: Kim Joe Un \u26f0\ufe0f|30\/100\n|move|p1a: Kim Joe Un \u26f0\ufe0f|Headlong Rush|p2a: Indeedee\n|-crit|p2a: Indeedee\n|-damage|p2a: Indeedee|0 fnt\n|-unboost|p1a: Kim Joe Un \u26f0\ufe0f|def|1\n|-unboost|p1a: Kim Joe Un \u26f0\ufe0f|spd|1\n|faint|p2a: Indeedee\n|\n|upkeep\n|\n|t:|1700381661\n|switch|p2a: Sneasler|Sneasler, F, shiny|100\/100\n|-enditem|p2a: Sneasler|Psychic Seed\n|-boost|p2a: Sneasler|spd|1|[from] item: Psychic Seed\n|turn|3\n|\n|t:|1700381666\n|switch|p1a: Rennala \ud83c\udf19|Cresselia, F|100\/100\n|move|p2a: Sneasler|Dire Claw|p1a: Rennala \ud83c\udf19\n|-damage|p1a: Rennala \ud83c\udf19|77\/100\n|-status|p1a: Rennala \ud83c\udf19|psn\n|-enditem|p1a: Rennala \ud83c\udf19|Red Card|[of] p2a: Sneasler\n|drag|p2a: Iron Valiant|Iron Valiant, shiny|100\/100\n|-enditem|p2a: Iron Valiant|Booster Energy\n|-activate|p2a: Iron Valiant|ability: Quark Drive|[fromitem]\n|-start|p2a: Iron Valiant|quarkdrivespe\n|\n|-damage|p1a: Rennala \ud83c\udf19|64\/100 psn|[from] psn\n|upkeep\n|turn|4\n|\n|t:|1700381673\n|move|p2a: Iron Valiant|Moonblast|p1a: Rennala \ud83c\udf19\n|-damage|p1a: Rennala \ud83c\udf19|33\/100 psn\n|move|p1a: Rennala \ud83c\udf19|Trick Room|p1a: Rennala \ud83c\udf19\n|-fieldstart|move: Trick Room|[of] p1a: Rennala \ud83c\udf19\n|\n|-damage|p1a: Rennala \ud83c\udf19|21\/100 psn|[from] psn\n|upkeep\n|turn|5\n|\n|t:|1700381679\n|move|p1a: Rennala \ud83c\udf19|Lunar Dance|p1a: Rennala \ud83c\udf19\n|faint|p1a: Rennala \ud83c\udf19\n|move|p2a: Iron Valiant|Moonblast|p1: Rennala \ud83c\udf19|[notarget]\n|-fail|p2a: Iron Valiant\n|\n|upkeep\n|\n|t:|1700381686\n|switch|p1a: Forge \ud83d\ude82|Volcanion|100\/100\n|turn|6\n|l| thraxxedout\n|\n|t:|1700381689\n|move|p1a: Forge \ud83d\ude82|Sludge Bomb|p2a: Iron Valiant\n|-supereffective|p2a: Iron Valiant\n|-damage|p2a: Iron Valiant|0 fnt\n|faint|p2a: Iron Valiant\n|-end|p2a: Iron Valiant|Quark Drive|[silent]\n|\n|-fieldend|move: Psychic Terrain\n|upkeep\n|\n|t:|1700381699\n|switch|p2a: Corviknight|Corviknight, F|100\/100\n|-ability|p2a: Corviknight|Pressure\n|turn|7\n|\n|t:|1700381702\n|move|p1a: Forge \ud83d\ude82|Heat Wave|p2a: Corviknight\n|-supereffective|p2a: Corviknight\n|-damage|p2a: Corviknight|8\/100\n|move|p2a: Corviknight|U-turn|p1a: Forge \ud83d\ude82\n|-resisted|p1a: Forge \ud83d\ude82\n|-damage|p1a: Forge \ud83d\ude82|94\/100\n|\n|t:|1700381709\n|switch|p2a: Sneasler|Sneasler, F, shiny|100\/100|[from] U-turn\n|\n|upkeep\n|turn|8\n|\n|t:|1700381712\n|move|p1a: Forge \ud83d\ude82|Earth Power|p2a: Sneasler\n|-supereffective|p2a: Sneasler\n|-damage|p2a: Sneasler|20\/100\n|move|p2a: Sneasler|Dire Claw|p1a: Forge \ud83d\ude82\n|-damage|p1a: Forge \ud83d\ude82|59\/100\n|\n|-fieldend|move: Trick Room\n|upkeep\n|turn|9\n|j| thraxxedout\n|\n|t:|1700381717\n|move|p2a: Sneasler|Dire Claw|p1a: Forge \ud83d\ude82\n|-damage|p1a: Forge \ud83d\ude82|24\/100\n|move|p1a: Forge \ud83d\ude82|Earth Power|p2a: Sneasler\n|-supereffective|p2a: Sneasler\n|-damage|p2a: Sneasler|0 fnt\n|faint|p2a: Sneasler\n|\n|upkeep\n|\n|t:|1700381722\n|switch|p2a: Iron Moth|Iron Moth, shiny|100\/100\n|-enditem|p2a: Iron Moth|Booster Energy\n|-activate|p2a: Iron Moth|ability: Quark Drive|[fromitem]\n|-start|p2a: Iron Moth|quarkdrivespe\n|turn|10\n|\n|t:|1700381726\n|move|p2a: Iron Moth|Energy Ball|p1a: Forge \ud83d\ude82\n|-damage|p1a: Forge \ud83d\ude82|7\/100\n|move|p1a: Forge \ud83d\ude82|Earth Power|p2a: Iron Moth\n|-supereffective|p2a: Iron Moth\n|-damage|p2a: Iron Moth|0 fnt\n|faint|p2a: Iron Moth\n|-end|p2a: Iron Moth|Quark Drive|[silent]\n|\n|upkeep\n|-message|OU (Very Popular) forfeited.\n|\n|win|Redribbonrenegade\n|raw|Redribbonrenegade's rating: 1315 &rarr; <strong>1333<\/strong><br \/>(+18 for winning)\n|raw|OU (Very Popular)'s rating: 1283 &rarr; <strong>1260<\/strong><br \/>(-23 for losing)\n|l|\u2606OU (Very Popular)\n","uploadtime":1700381743,"views":10,"p1id":"redribbonrenegade","p2id":"ouverypopular","formatid":"gen9ou","rating":1260,"private":0,"password":""}