{"id":"gen9ou-1989006208","p1":"Originxpulse","p2":"yellow motorola","format":"[Gen 9] OU","log":"|j|\u2606Originxpulse\n|j|\u2606yellow motorola\n|t:|1699801296\n|gametype|singles\n|player|p1|Originxpulse|hilbert|1462\n|player|p2|yellow motorola|will-gen2|1568\n|teamsize|p1|6\n|teamsize|p2|6\n|gen|9\n|tier|[Gen 9] OU\n|rated|\n|rule|Sleep Clause Mod: Limit one foe put to sleep\n|rule|Species Clause: Limit one of each Pok\u00e9mon\n|rule|OHKO Clause: OHKO moves are banned\n|rule|Evasion Items Clause: Evasion items are banned\n|rule|Evasion Moves Clause: Evasion moves are banned\n|rule|Endless Battle Clause: Forcing endless battles is banned\n|rule|HP Percentage Mod: HP is shown in percentages\n|clearpoke\n|poke|p1|Zamazenta-*|\n|poke|p1|Greninja-*, M|\n|poke|p1|Toxapex, M|\n|poke|p1|Landorus-Therian, M|\n|poke|p1|Slowking-Galar, F|\n|poke|p1|Dragapult, M|\n|poke|p2|Sinistcha|\n|poke|p2|Rillaboom, M|\n|poke|p2|Ursaluna, F|\n|poke|p2|Cinderace, M|\n|poke|p2|Sneasler, M|\n|poke|p2|Manaphy|\n|teampreview\n|inactive|Battle timer is ON: inactive players will automatically lose when time's up. (requested by yellow motorola)\n|inactive|yellow motorola has 120 seconds left.\n|\n|t:|1699801332\n|start\n|switch|p1a: Landorus|Landorus-Therian, M|100\/100\n|switch|p2a: Portgas D. Ace \ud83d\udd25|Cinderace, M, shiny|100\/100\n|-ability|p1a: Landorus|Intimidate|boost\n|-unboost|p2a: Portgas D. Ace \ud83d\udd25|atk|1\n|turn|1\n|\n|t:|1699801344\n|switch|p2a: Winston \ud83e\udd8d|Rillaboom, M|100\/100\n|-fieldstart|move: Grassy Terrain|[from] ability: Grassy Surge|[of] p2a: Winston \ud83e\udd8d\n|move|p1a: Landorus|Earthquake|p2a: Winston \ud83e\udd8d\n|-resisted|p2a: Winston \ud83e\udd8d\n|-damage|p2a: Winston \ud83e\udd8d|85\/100\n|\n|-heal|p2a: Winston \ud83e\udd8d|91\/100|[from] Grassy Terrain\n|upkeep\n|turn|2\n|\n|t:|1699801352\n|switch|p1a: Slowking|Slowking-Galar, F|100\/100\n|move|p2a: Winston \ud83e\udd8d|Knock Off|p1a: Slowking\n|-supereffective|p1a: Slowking\n|-damage|p1a: Slowking|19\/100\n|-enditem|p1a: Slowking|Heavy-Duty Boots|[from] move: Knock Off|[of] p2a: Winston \ud83e\udd8d\n|\n|-heal|p2a: Winston \ud83e\udd8d|98\/100|[from] Grassy Terrain\n|-heal|p1a: Slowking|25\/100|[from] Grassy Terrain\n|upkeep\n|turn|3\n|\n|t:|1699801355\n|move|p2a: Winston \ud83e\udd8d|Knock Off|p1a: Slowking\n|-supereffective|p1a: Slowking\n|-damage|p1a: Slowking|0 fnt\n|faint|p1a: Slowking\n|\n|-heal|p2a: Winston \ud83e\udd8d|100\/100|[from] Grassy Terrain\n|upkeep\n|\n|t:|1699801357\n|switch|p1a: Zamazenta|Zamazenta|100\/100\n|-ability|p1a: Zamazenta|Dauntless Shield|boost\n|-boost|p1a: Zamazenta|def|1\n|turn|4\n|\n|t:|1699801360\n|switch|p2a: Dimple \ud83c\udf75|Sinistcha|100\/100\n|-enditem|p2a: Dimple \ud83c\udf75|Grassy Seed\n|-boost|p2a: Dimple \ud83c\udf75|def|1|[from] item: Grassy Seed\n|move|p1a: Zamazenta|Substitute|p1a: Zamazenta\n|-start|p1a: Zamazenta|Substitute\n|-damage|p1a: Zamazenta|75\/100\n|\n|-heal|p1a: Zamazenta|82\/100|[from] Grassy Terrain\n|-heal|p1a: Zamazenta|88\/100|[from] item: Leftovers\n|upkeep\n|turn|5\n|\n|t:|1699801370\n|move|p1a: Zamazenta|Crunch|p2a: Dimple \ud83c\udf75\n|-supereffective|p2a: Dimple \ud83c\udf75\n|-damage|p2a: Dimple \ud83c\udf75|81\/100\n|move|p2a: Dimple \ud83c\udf75|Hex|p1a: Zamazenta\n|-activate|p1a: Zamazenta|move: Substitute|[damage]\n|\n|-heal|p1a: Zamazenta|94\/100|[from] Grassy Terrain\n|-heal|p1a: Zamazenta|99\/100|[from] item: Leftovers\n|-heal|p2a: Dimple \ud83c\udf75|87\/100|[from] Grassy Terrain\n|-fieldend|move: Grassy Terrain\n|upkeep\n|turn|6\n|\n|t:|1699801375\n|move|p1a: Zamazenta|Iron Defense|p1a: Zamazenta\n|-boost|p1a: Zamazenta|def|2\n|move|p2a: Dimple \ud83c\udf75|Matcha Gotcha|p1a: Zamazenta\n|-end|p1a: Zamazenta|Substitute\n|-heal|p2a: Dimple \ud83c\udf75|90\/100|[from] drain|[of] p1a: Zamazenta\n|\n|-heal|p1a: Zamazenta|100\/100|[from] item: Leftovers\n|upkeep\n|turn|7\n|\n|t:|1699801378\n|switch|p1a: Dragapult|Dragapult, M|100\/100\n|move|p2a: Dimple \ud83c\udf75|Calm Mind|p2a: Dimple \ud83c\udf75\n|-boost|p2a: Dimple \ud83c\udf75|spa|1\n|-boost|p2a: Dimple \ud83c\udf75|spd|1\n|\n|upkeep\n|turn|8\n|\n|t:|1699801390\n|-terastallize|p2a: Dimple \ud83c\udf75|Poison\n|move|p1a: Dragapult|Shadow Ball|p2a: Dimple \ud83c\udf75\n|-damage|p2a: Dimple \ud83c\udf75|51\/100\n|-unboost|p2a: Dimple \ud83c\udf75|spd|1\n|move|p2a: Dimple \ud83c\udf75|Strength Sap|p1a: Dragapult\n|-unboost|p1a: Dragapult|atk|1\n|-heal|p2a: Dimple \ud83c\udf75|100\/100\n|\n|upkeep\n|turn|9\n|\n|t:|1699801399\n|switch|p1a: Toxapex|Toxapex, M|100\/100\n|move|p2a: Dimple \ud83c\udf75|Hex|p1a: Toxapex\n|-damage|p1a: Toxapex|78\/100\n|\n|upkeep\n|turn|10\n|\n|t:|1699801403\n|move|p2a: Dimple \ud83c\udf75|Matcha Gotcha|p1a: Toxapex\n|-damage|p1a: Toxapex|49\/100\n|-status|p1a: Toxapex|brn\n|move|p1a: Toxapex|Acid Spray|p2a: Dimple \ud83c\udf75\n|-resisted|p2a: Dimple \ud83c\udf75\n|-damage|p2a: Dimple \ud83c\udf75|93\/100\n|-unboost|p2a: Dimple \ud83c\udf75|spd|2\n|\n|-damage|p1a: Toxapex|43\/100 brn|[from] brn\n|upkeep\n|turn|11\n|\n|t:|1699801407\n|move|p2a: Dimple \ud83c\udf75|Calm Mind|p2a: Dimple \ud83c\udf75\n|-boost|p2a: Dimple \ud83c\udf75|spa|1\n|-boost|p2a: Dimple \ud83c\udf75|spd|1\n|move|p1a: Toxapex|Surf|p2a: Dimple \ud83c\udf75\n|-damage|p2a: Dimple \ud83c\udf75|39\/100\n|\n|-damage|p1a: Toxapex|37\/100 brn|[from] brn\n|upkeep\n|turn|12\n|\n|t:|1699801409\n|move|p2a: Dimple \ud83c\udf75|Matcha Gotcha|p1a: Toxapex|[miss]\n|-miss|p2a: Dimple \ud83c\udf75|p1a: Toxapex\n|move|p1a: Toxapex|Surf|p2a: Dimple \ud83c\udf75\n|-damage|p2a: Dimple \ud83c\udf75|0 fnt\n|faint|p2a: Dimple \ud83c\udf75\n|\n|-damage|p1a: Toxapex|31\/100 brn|[from] brn\n|upkeep\n|\n|t:|1699801425\n|switch|p2a: Freddy Fazbear|Ursaluna, F, shiny|100\/100\n|turn|13\n|\n|t:|1699801436\n|move|p2a: Freddy Fazbear|Trailblaze|p1a: Toxapex\n|-damage|p1a: Toxapex|14\/100 brn\n|-boost|p2a: Freddy Fazbear|spe|1\n|move|p1a: Toxapex|Acid Spray|p2a: Freddy Fazbear\n|-resisted|p2a: Freddy Fazbear\n|-damage|p2a: Freddy Fazbear|94\/100\n|-unboost|p2a: Freddy Fazbear|spd|2\n|\n|-damage|p1a: Toxapex|8\/100 brn|[from] brn\n|-status|p2a: Freddy Fazbear|brn|[from] item: Flame Orb\n|upkeep\n|turn|14\n|\n|t:|1699801443\n|move|p2a: Freddy Fazbear|Trailblaze|p1a: Toxapex\n|-damage|p1a: Toxapex|0 fnt\n|-boost|p2a: Freddy Fazbear|spe|1\n|faint|p1a: Toxapex\n|\n|-damage|p2a: Freddy Fazbear|88\/100 brn|[from] brn\n|upkeep\n|\n|t:|1699801454\n|switch|p1a: Zamazenta|Zamazenta|100\/100\n|turn|15\n|\n|t:|1699801459\n|move|p2a: Freddy Fazbear|Facade|p1a: Zamazenta\n|-damage|p1a: Zamazenta|15\/100\n|move|p1a: Zamazenta|Body Press|p2a: Freddy Fazbear\n|-supereffective|p2a: Freddy Fazbear\n|-damage|p2a: Freddy Fazbear|31\/100 brn\n|\n|-heal|p1a: Zamazenta|22\/100|[from] item: Leftovers\n|-damage|p2a: Freddy Fazbear|25\/100 brn|[from] brn\n|upkeep\n|turn|16\n|\n|t:|1699801471\n|move|p2a: Freddy Fazbear|Drain Punch|p1a: Zamazenta\n|-damage|p1a: Zamazenta|0 fnt\n|-heal|p2a: Freddy Fazbear|35\/100 brn|[from] drain|[of] p1a: Zamazenta\n|faint|p1a: Zamazenta\n|\n|-damage|p2a: Freddy Fazbear|29\/100 brn|[from] brn\n|upkeep\n|\n|t:|1699801477\n|switch|p1a: Landorus|Landorus-Therian, M|100\/100\n|-ability|p1a: Landorus|Intimidate|boost\n|-unboost|p2a: Freddy Fazbear|atk|1\n|turn|17\n|\n|t:|1699801484\n|move|p1a: Landorus|Earthquake|p2a: Freddy Fazbear\n|-damage|p2a: Freddy Fazbear|0 fnt\n|faint|p2a: Freddy Fazbear\n|\n|upkeep\n|\n|t:|1699801494\n|switch|p2a: Winston \ud83e\udd8d|Rillaboom, M|100\/100\n|-fieldstart|move: Grassy Terrain|[from] ability: Grassy Surge|[of] p2a: Winston \ud83e\udd8d\n|turn|18\n|\n|t:|1699801499\n|switch|p1a: Dragapult|Dragapult, M|100\/100\n|move|p2a: Winston \ud83e\udd8d|U-turn|p1a: Dragapult\n|-resisted|p1a: Dragapult\n|-damage|p1a: Dragapult|74\/100\n|\n|t:|1699801504\n|switch|p2a: Tengu Snowfoux|Sneasler, M|100\/100|[from] U-turn\n|-enditem|p2a: Tengu Snowfoux|Grassy Seed\n|-boost|p2a: Tengu Snowfoux|def|1|[from] item: Grassy Seed\n|\n|-heal|p1a: Dragapult|80\/100|[from] Grassy Terrain\n|upkeep\n|turn|19\n|\n|t:|1699801509\n|move|p2a: Tengu Snowfoux|Lash Out|p1a: Dragapult\n|-supereffective|p1a: Dragapult\n|-damage|p1a: Dragapult|0 fnt\n|faint|p1a: Dragapult\n|\n|upkeep\n|\n|t:|1699801520\n|switch|p1a: Landorus|Landorus-Therian, M|100\/100\n|-ability|p1a: Landorus|Intimidate|boost\n|-unboost|p2a: Tengu Snowfoux|atk|1\n|turn|20\n|\n|t:|1699801527\n|move|p2a: Tengu Snowfoux|Swords Dance|p2a: Tengu Snowfoux\n|-boost|p2a: Tengu Snowfoux|atk|2\n|move|p1a: Landorus|Earthquake|p2a: Tengu Snowfoux\n|-supereffective|p2a: Tengu Snowfoux\n|-damage|p2a: Tengu Snowfoux|42\/100\n|\n|-heal|p2a: Tengu Snowfoux|48\/100|[from] Grassy Terrain\n|upkeep\n|turn|21\n|\n|t:|1699801538\n|move|p2a: Tengu Snowfoux|Lash Out|p1a: Landorus\n|-damage|p1a: Landorus|50\/100\n|move|p1a: Landorus|Earthquake|p2a: Tengu Snowfoux\n|-supereffective|p2a: Tengu Snowfoux\n|-damage|p2a: Tengu Snowfoux|0 fnt\n|faint|p2a: Tengu Snowfoux\n|\n|upkeep\n|\n|t:|1699801541\n|switch|p2a: Winston \ud83e\udd8d|Rillaboom, M|100\/100\n|turn|22\n|\n|t:|1699801559\n|move|p2a: Winston \ud83e\udd8d|Grassy Glide|p1a: Landorus\n|-damage|p1a: Landorus|0 fnt\n|faint|p1a: Landorus\n|\n|-fieldend|move: Grassy Terrain\n|upkeep\n|\n|t:|1699801561\n|switch|p1a: Greninja|Greninja, M|100\/100\n|turn|23\n|\n|t:|1699801566\n|switch|p2a: Portgas D. Ace \ud83d\udd25|Cinderace, M, shiny|100\/100\n|move|p1a: Greninja|Ice Beam|p2a: Portgas D. Ace \ud83d\udd25\n|-resisted|p2a: Portgas D. Ace \ud83d\udd25\n|-damage|p2a: Portgas D. Ace \ud83d\udd25|79\/100\n|-damage|p1a: Greninja|91\/100|[from] item: Life Orb\n|\n|upkeep\n|turn|24\n|\n|t:|1699801570\n|-terastallize|p1a: Greninja|Water\n|move|p1a: Greninja|Hydro Pump|p2a: Portgas D. Ace \ud83d\udd25\n|-supereffective|p2a: Portgas D. Ace \ud83d\udd25\n|-damage|p2a: Portgas D. Ace \ud83d\udd25|0 fnt\n|faint|p2a: Portgas D. Ace \ud83d\udd25\n|-ability|p1a: Greninja|Battle Bond|boost\n|-boost|p1a: Greninja|atk|1\n|-boost|p1a: Greninja|spa|1\n|-boost|p1a: Greninja|spe|1\n|-activate|p1a: Greninja|ability: Battle Bond\n|-damage|p1a: Greninja|81\/100|[from] item: Life Orb\n|\n|upkeep\n|\n|t:|1699801574\n|switch|p2a: Winston \ud83e\udd8d|Rillaboom, M|100\/100\n|-fieldstart|move: Grassy Terrain|[from] ability: Grassy Surge|[of] p2a: Winston \ud83e\udd8d\n|turn|25\n|\n|t:|1699801576\n|move|p2a: Winston \ud83e\udd8d|Grassy Glide|p1a: Greninja\n|-supereffective|p1a: Greninja\n|-damage|p1a: Greninja|0 fnt\n|faint|p1a: Greninja\n|\n|win|yellow motorola\n|raw|Originxpulse's rating: 1462 &rarr; <strong>1448<\/strong><br \/>(-14 for losing)\n|raw|yellow motorola's rating: 1568 &rarr; <strong>1582<\/strong><br \/>(+14 for winning)\n","uploadtime":1699801580,"views":8,"p1id":"originxpulse","p2id":"yellowmotorola","formatid":"gen9ou","rating":1448,"private":0,"password":""}