{"id":"gen9ou-1988580672","p1":"shyguyry","p2":"clam10000","format":"[Gen 9] OU","log":"|j|\u2606shyguyry\n|j|\u2606clam10000\n|t:|1699738397\n|gametype|singles\n|player|p1|shyguyry|1|\n|player|p2|clam10000|170|\n|teamsize|p1|6\n|teamsize|p2|6\n|gen|9\n|tier|[Gen 9] OU\n|rule|Sleep Clause Mod: Limit one foe put to sleep\n|rule|Species Clause: Limit one of each Pok\u00e9mon\n|rule|OHKO Clause: OHKO moves are banned\n|rule|Evasion Items Clause: Evasion items are banned\n|rule|Evasion Moves Clause: Evasion moves are banned\n|rule|Endless Battle Clause: Forcing endless battles is banned\n|rule|HP Percentage Mod: HP is shown in percentages\n|clearpoke\n|poke|p1|Great Tusk|\n|poke|p1|Muk-Alola, F|\n|poke|p1|Torkoal, F|\n|poke|p1|Sandy Shocks|\n|poke|p1|Lilligant-Hisui, F|\n|poke|p1|Vaporeon, F|\n|poke|p2|Pelipper, M|\n|poke|p2|Zapdos|\n|poke|p2|Dragapult, M|\n|poke|p2|Volcanion|\n|poke|p2|Shaymin|\n|poke|p2|Overqwil, M|\n|teampreview\n|j| JustATree777\n|j| xhakurai\n|j| Ventus230\n|\n|t:|1699738470\n|start\n|switch|p1a: Muk|Muk-Alola, F|100\/100\n|switch|p2a: Volcanion|Volcanion|100\/100\n|turn|1\n|\n|t:|1699738504\n|move|p2a: Volcanion|Earth Power|p1a: Muk\n|-supereffective|p1a: Muk\n|-damage|p1a: Muk|62\/100\n|move|p1a: Muk|Knock Off|p2a: Volcanion\n|-damage|p2a: Volcanion|73\/100\n|-status|p2a: Volcanion|psn|[from] ability: Poison Touch|[of] p1a: Muk\n|-enditem|p2a: Volcanion|Assault Vest|[from] move: Knock Off|[of] p1a: Muk\n|\n|-heal|p1a: Muk|68\/100|[from] item: Leftovers\n|-damage|p2a: Volcanion|61\/100 psn|[from] psn\n|upkeep\n|turn|2\n|\n|t:|1699738529\n|switch|p2a: Overqwil|Overqwil, M|100\/100\n|move|p1a: Muk|Protect||[still]\n|-fail|p1a: Muk\n|\n|-heal|p1a: Muk|74\/100|[from] item: Leftovers\n|upkeep\n|turn|3\n|\n|t:|1699738562\n|move|p2a: Overqwil|Swords Dance|p2a: Overqwil\n|-boost|p2a: Overqwil|atk|2\n|move|p1a: Muk|Knock Off|p2a: Overqwil\n|-resisted|p2a: Overqwil\n|-damage|p2a: Overqwil|81\/100\n|-enditem|p2a: Overqwil|Life Orb|[from] move: Knock Off|[of] p1a: Muk\n|\n|-heal|p1a: Muk|80\/100|[from] item: Leftovers\n|upkeep\n|turn|4\n|\n|t:|1699738585\n|move|p2a: Overqwil|Crunch|p1a: Muk\n|-resisted|p1a: Muk\n|-damage|p1a: Muk|33\/100\n|move|p1a: Muk|Drain Punch|p2a: Overqwil\n|-damage|p2a: Overqwil|59\/100\n|-heal|p1a: Muk|42\/100|[from] drain|[of] p2a: Overqwil\n|\n|-heal|p1a: Muk|48\/100|[from] item: Leftovers\n|upkeep\n|turn|5\n|\n|t:|1699738598\n|move|p2a: Overqwil|Gunk Shot|p1a: Muk\n|-resisted|p1a: Muk\n|-damage|p1a: Muk|0 fnt\n|faint|p1a: Muk\n|\n|upkeep\n|\n|t:|1699738652\n|switch|p1a: Torkoal|Torkoal, F|100\/100\n|-weather|SunnyDay|[from] ability: Drought|[of] p1a: Torkoal\n|turn|6\n|\n|t:|1699738687\n|move|p2a: Overqwil|Swords Dance|p2a: Overqwil\n|-boost|p2a: Overqwil|atk|2\n|move|p1a: Torkoal|Yawn|p2a: Overqwil\n|-start|p2a: Overqwil|move: Yawn|[of] p1a: Torkoal\n|\n|-weather|SunnyDay|[upkeep]\n|upkeep\n|turn|7\n|\n|t:|1699738703\n|move|p2a: Overqwil|Gunk Shot|p1a: Torkoal\n|-damage|p1a: Torkoal|0 fnt\n|faint|p1a: Torkoal\n|\n|-weather|SunnyDay|[upkeep]\n|-end|p2a: Overqwil|move: Yawn|[silent]\n|-status|p2a: Overqwil|slp\n|upkeep\n|\n|t:|1699738729\n|switch|p1a: Sandy Shocks|Sandy Shocks|100\/100\n|-activate|p1a: Sandy Shocks|ability: Protosynthesis\n|-start|p1a: Sandy Shocks|protosynthesisspa\n|turn|8\n|\n|t:|1699738784\n|switch|p2a: Volcanion|Volcanion|61\/100 psn\n|move|p1a: Sandy Shocks|Thunderbolt|p2a: Volcanion\n|-supereffective|p2a: Volcanion\n|-damage|p2a: Volcanion|0 fnt\n|faint|p2a: Volcanion\n|\n|-weather|SunnyDay|[upkeep]\n|upkeep\n|\n|t:|1699738791\n|switch|p2a: Pelipper|Pelipper, M|100\/100\n|-weather|RainDance|[from] ability: Drizzle|[of] p2a: Pelipper\n|-end|p1a: Sandy Shocks|Protosynthesis\n|turn|9\n|\n|t:|1699738817\n|-terastallize|p1a: Sandy Shocks|Ice\n|-terastallize|p2a: Pelipper|Ground\n|move|p1a: Sandy Shocks|Tera Blast|p2a: Pelipper|[anim] Tera Blast Ice\n|-supereffective|p2a: Pelipper\n|-damage|p2a: Pelipper|0 fnt\n|faint|p2a: Pelipper\n|\n|-weather|RainDance|[upkeep]\n|upkeep\n|\n|t:|1699738828\n|switch|p2a: Dragapult|Dragapult, M|100\/100\n|turn|10\n|\n|t:|1699738862\n|-end|p1a: Sandy Shocks|Protosynthesis|[silent]\n|switch|p1a: Great Tusk|Great Tusk|100\/100\n|move|p2a: Dragapult|Phantom Force||[still]\n|-prepare|p2a: Dragapult|Phantom Force\n|\n|-weather|RainDance|[upkeep]\n|upkeep\n|turn|11\n|\n|t:|1699738871\n|move|p2a: Dragapult|Phantom Force|p1a: Great Tusk|[from]lockedmove\n|-damage|p1a: Great Tusk|71\/100\n|move|p1a: Great Tusk|Knock Off|p2a: Dragapult\n|-supereffective|p2a: Dragapult\n|-damage|p2a: Dragapult|26\/100\n|-enditem|p2a: Dragapult|Choice Band|[from] move: Knock Off|[of] p1a: Great Tusk\n|\n|-weather|RainDance|[upkeep]\n|-heal|p1a: Great Tusk|78\/100|[from] item: Leftovers\n|upkeep\n|turn|12\n|\n|t:|1699738889\n|switch|p2a: Zapdos|Zapdos|100\/100\n|move|p1a: Great Tusk|Stealth Rock|p2a: Zapdos\n|-sidestart|p2: clam10000|move: Stealth Rock\n|\n|-weather|RainDance|[upkeep]\n|-heal|p1a: Great Tusk|84\/100|[from] item: Leftovers\n|upkeep\n|turn|13\n|\n|t:|1699738933\n|-end|p1a: Great Tusk|Protosynthesis|[silent]\n|switch|p1a: Pink Porussy|Vaporeon, F, shiny|100\/100\n|move|p2a: Zapdos|Hurricane|p1a: Pink Porussy\n|-damage|p1a: Pink Porussy|50\/100\n|-start|p1a: Pink Porussy|confusion\n|\n|-weather|RainDance|[upkeep]\n|-heal|p1a: Pink Porussy|57\/100|[from] item: Leftovers\n|upkeep\n|turn|14\n|\n|t:|1699738946\n|-activate|p1a: Pink Porussy|confusion\n|move|p1a: Pink Porussy|Protect|p1a: Pink Porussy\n|-singleturn|p1a: Pink Porussy|Protect\n|move|p2a: Zapdos|Hurricane|p1a: Pink Porussy\n|-activate|p1a: Pink Porussy|move: Protect\n|\n|-weather|RainDance|[upkeep]\n|-heal|p1a: Pink Porussy|63\/100|[from] item: Leftovers\n|upkeep\n|turn|15\n|\n|t:|1699738959\n|move|p2a: Zapdos|Hurricane|p1a: Pink Porussy\n|-damage|p1a: Pink Porussy|14\/100\n|-activate|p1a: Pink Porussy|confusion\n|-damage|p1a: Pink Porussy|11\/100|[from] confusion\n|\n|-weather|RainDance|[upkeep]\n|-heal|p1a: Pink Porussy|17\/100|[from] item: Leftovers\n|upkeep\n|turn|16\n|\n|t:|1699738966\n|-activate|p1a: Pink Porussy|confusion\n|-damage|p1a: Pink Porussy|13\/100|[from] confusion\n|move|p2a: Zapdos|Thunder|p1a: Pink Porussy\n|-supereffective|p1a: Pink Porussy\n|-damage|p1a: Pink Porussy|0 fnt\n|faint|p1a: Pink Porussy\n|\n|-weather|none\n|upkeep\n|\n|t:|1699738979\n|switch|p1a: Sandy Shocks|Sandy Shocks, tera:Ice|100\/100\n|turn|17\n|\n|t:|1699738990\n|move|p1a: Sandy Shocks|Tera Blast|p2a: Zapdos|[anim] Tera Blast Ice\n|-supereffective|p2a: Zapdos\n|-damage|p2a: Zapdos|0 fnt\n|faint|p2a: Zapdos\n|\n|upkeep\n|\n|t:|1699739001\n|switch|p2a: Shaymin|Shaymin|100\/100\n|-damage|p2a: Shaymin|88\/100|[from] Stealth Rock\n|turn|18\n|\n|t:|1699739010\n|move|p1a: Sandy Shocks|Tera Blast|p2a: Shaymin|[anim] Tera Blast Ice\n|-supereffective|p2a: Shaymin\n|-damage|p2a: Shaymin|0 fnt\n|faint|p2a: Shaymin\n|\n|upkeep\n|\n|t:|1699739015\n|switch|p2a: Dragapult|Dragapult, M|26\/100\n|-damage|p2a: Dragapult|14\/100|[from] Stealth Rock\n|turn|19\n|\n|t:|1699739022\n|move|p2a: Dragapult|Dragon Darts|p1a: Sandy Shocks\n|-damage|p1a: Sandy Shocks|71\/100\n|-anim|p2a: Dragapult|Dragon Darts|p1a: Sandy Shocks\n|-damage|p1a: Sandy Shocks|46\/100\n|move|p1a: Sandy Shocks|Tera Blast|p2a: Dragapult|[anim] Tera Blast Ice\n|-supereffective|p2a: Dragapult\n|-damage|p2a: Dragapult|0 fnt\n|faint|p2a: Dragapult\n|\n|upkeep\n|-message|clam10000 forfeited.\n|\n|win|shyguyry\n","uploadtime":1699739032,"views":11,"p1id":"shyguyry","p2id":"clam10000","formatid":"gen9ou","rating":0,"private":0,"password":""}