{"id":"gen9ou-1994892159","p1":"Dang Rope Fan","p2":"pok3monjake","format":"[Gen 9] OU","log":"|j|\u2606Dang Rope Fan\n|j|\u2606pok3monjake\n|t:|1700502253\n|gametype|singles\n|player|p1|Dang Rope Fan|misty|1602\n|player|p2|pok3monjake|unknown|1516\n|teamsize|p1|6\n|teamsize|p2|6\n|gen|9\n|tier|[Gen 9] OU\n|rated|\n|rule|Sleep Clause Mod: Limit one foe put to sleep\n|rule|Species Clause: Limit one of each Pok\u00e9mon\n|rule|OHKO Clause: OHKO moves are banned\n|rule|Evasion Items Clause: Evasion items are banned\n|rule|Evasion Moves Clause: Evasion moves are banned\n|rule|Endless Battle Clause: Forcing endless battles is banned\n|rule|HP Percentage Mod: HP is shown in percentages\n|clearpoke\n|poke|p1|Iron Valiant|\n|poke|p1|Gholdengo|\n|poke|p1|Great Tusk|\n|poke|p1|Zapdos|\n|poke|p1|Kingambit, F|\n|poke|p1|Ogerpon-Wellspring, F|\n|poke|p2|Sandslash-Alola, F|\n|poke|p2|Slowking, M|\n|poke|p2|Glaceon, M|\n|poke|p2|Heatran, M|\n|poke|p2|Toedscruel, F|\n|poke|p2|Zapdos|\n|teampreview\n|inactive|Battle timer is ON: inactive players will automatically lose when time's up. (requested by Dang Rope Fan)\n|\n|t:|1700502268\n|start\n|switch|p1a: Ogerpon|Ogerpon-Wellspring, F|100\/100\n|switch|p2a: Zapdos|Zapdos|100\/100\n|turn|1\n|\n|t:|1700502272\n|move|p1a: Ogerpon|Ivy Cudgel|p2a: Zapdos|[anim] Ivy Cudgel Water\n|-damage|p2a: Zapdos|49\/100\n|move|p2a: Zapdos|Hurricane|p1a: Ogerpon\n|-supereffective|p1a: Ogerpon\n|-damage|p1a: Ogerpon|0 fnt\n|faint|p1a: Ogerpon\n|\n|upkeep\n|\n|t:|1700502275\n|switch|p1a: Zapdos|Zapdos|100\/100\n|turn|2\n|\n|t:|1700502286\n|move|p2a: Zapdos|Roost|p2a: Zapdos\n|-heal|p2a: Zapdos|99\/100\n|-singleturn|p2a: Zapdos|move: Roost\n|move|p1a: Zapdos|U-turn|p2a: Zapdos\n|-damage|p2a: Zapdos|87\/100\n|\n|t:|1700502291\n|switch|p1a: Gholdengo|Gholdengo|100\/100|[from] U-turn\n|-item|p1a: Gholdengo|Air Balloon\n|\n|upkeep\n|turn|3\n|\n|t:|1700502296\n|move|p2a: Zapdos|Volt Switch|p1a: Gholdengo\n|-damage|p1a: Gholdengo|70\/100\n|-enditem|p1a: Gholdengo|Air Balloon\n|\n|t:|1700502303\n|switch|p2a: Toedscruel|Toedscruel, F|100\/100|[from] Volt Switch\n|move|p1a: Gholdengo|Nasty Plot|p1a: Gholdengo\n|-boost|p1a: Gholdengo|spa|2\n|\n|upkeep\n|turn|4\n|\n|t:|1700502306\n|move|p2a: Toedscruel|Earth Power|p1a: Gholdengo\n|-supereffective|p1a: Gholdengo\n|-damage|p1a: Gholdengo|3\/100\n|move|p1a: Gholdengo|Make It Rain|p2a: Toedscruel\n|-damage|p2a: Toedscruel|0 fnt\n|-unboost|p1a: Gholdengo|spa|1\n|faint|p2a: Toedscruel\n|\n|upkeep\n|\n|t:|1700502312\n|switch|p2a: Zapdos|Zapdos|87\/100\n|turn|5\n|\n|t:|1700502318\n|move|p2a: Zapdos|Volt Switch|p1a: Gholdengo\n|-damage|p1a: Gholdengo|0 fnt\n|faint|p1a: Gholdengo\n|\n|t:|1700502339\n|switch|p2a: Heatran|Heatran, M|100\/100|[from] Volt Switch\n|-item|p2a: Heatran|Air Balloon\n|\n|upkeep\n|\n|t:|1700502360\n|switch|p1a: Great Tusk|Great Tusk|100\/100\n|turn|6\n|\n|t:|1700502363\n|switch|p2a: Zapdos|Zapdos|87\/100\n|move|p1a: Great Tusk|Body Press|p2a: Zapdos\n|-resisted|p2a: Zapdos\n|-damage|p2a: Zapdos|66\/100\n|\n|upkeep\n|turn|7\n|\n|t:|1700502370\n|-terastallize|p1a: Great Tusk|Electric\n|move|p2a: Zapdos|Hurricane|p1a: Great Tusk\n|-resisted|p1a: Great Tusk\n|-damage|p1a: Great Tusk|71\/100\n|move|p1a: Great Tusk|Ice Spinner|p2a: Zapdos\n|-supereffective|p2a: Zapdos\n|-damage|p2a: Zapdos|24\/100\n|\n|-heal|p1a: Great Tusk|77\/100|[from] item: Leftovers\n|upkeep\n|turn|8\n|inactive|pok3monjake has 120 seconds left.\n|inactive|pok3monjake has 90 seconds left.\n|\n|t:|1700502444\n|move|p2a: Zapdos|Volt Switch|p1a: Great Tusk\n|-resisted|p1a: Great Tusk\n|-damage|p1a: Great Tusk|57\/100\n|\n|t:|1700502445\n|switch|p2a: Slowking|Slowking, M|100\/100|[from] Volt Switch\n|move|p1a: Great Tusk|Rapid Spin|p2a: Slowking\n|-damage|p2a: Slowking|84\/100\n|-boost|p1a: Great Tusk|spe|1\n|\n|-heal|p1a: Great Tusk|63\/100|[from] item: Leftovers\n|upkeep\n|turn|9\n|inactive|pok3monjake has 90 seconds left.\n|\n|t:|1700502453\n|move|p1a: Great Tusk|Earthquake|p2a: Slowking\n|-damage|p2a: Slowking|38\/100\n|move|p2a: Slowking|Chilly Reception|p2a: Slowking\n|-weather|Snow\n|inactive|pok3monjake has 90 seconds left.\n|\n|t:|1700502468\n|switch|p2a: Glaceon|Glaceon, M|100\/100|[from] Chilly Reception\n|\n|-weather|Snow|[upkeep]\n|-heal|p1a: Great Tusk|69\/100|[from] item: Leftovers\n|upkeep\n|turn|10\n|inactive|pok3monjake has 90 seconds left.\n|\n|t:|1700502483\n|-end|p1a: Great Tusk|Protosynthesis|[silent]\n|switch|p1a: Kingambit|Kingambit, F|100\/100\n|-activate|p1a: Kingambit|ability: Supreme Overlord\n|-start|p1a: Kingambit|fallen2|[silent]\n|move|p2a: Glaceon|Blizzard|p1a: Kingambit\n|-resisted|p1a: Kingambit\n|-damage|p1a: Kingambit|50\/100\n|\n|-weather|Snow|[upkeep]\n|-heal|p1a: Kingambit|56\/100|[from] item: Leftovers\n|upkeep\n|turn|11\n|\n|t:|1700502511\n|switch|p2a: Heatran|Heatran, M|100\/100\n|-item|p2a: Heatran|Air Balloon\n|move|p1a: Kingambit|Iron Head|p2a: Heatran\n|-resisted|p2a: Heatran\n|-damage|p2a: Heatran|87\/100\n|-enditem|p2a: Heatran|Air Balloon\n|\n|-weather|Snow|[upkeep]\n|-heal|p1a: Kingambit|62\/100|[from] item: Leftovers\n|upkeep\n|turn|12\n|\n|t:|1700502518\n|-end|p1a: Kingambit|fallen2|[silent]\n|switch|p1a: Zapdos|Zapdos|100\/100\n|move|p2a: Heatran|Magma Storm|p1a: Zapdos\n|-damage|p1a: Zapdos|50\/100\n|-activate|p1a: Zapdos|move: Magma Storm|[of] p2a: Heatran\n|\n|-weather|Snow|[upkeep]\n|-damage|p1a: Zapdos|37\/100|[from] move: Magma Storm|[partiallytrapped]\n|upkeep\n|turn|13\n|\n|t:|1700502537\n|move|p2a: Heatran|Earth Power|p1a: Zapdos\n|-immune|p1a: Zapdos\n|move|p1a: Zapdos|Thunderbolt|p2a: Heatran\n|-damage|p2a: Heatran|34\/100\n|\n|-weather|Snow|[upkeep]\n|-damage|p1a: Zapdos|25\/100|[from] move: Magma Storm|[partiallytrapped]\n|upkeep\n|turn|14\n|\n|t:|1700502541\n|move|p2a: Heatran|Magma Storm|p1a: Zapdos\n|-damage|p1a: Zapdos|0 fnt\n|faint|p1a: Zapdos\n|\n|-weather|Snow|[upkeep]\n|upkeep\n|\n|t:|1700502555\n|switch|p1a: Iron Valiant|Iron Valiant, shiny|100\/100\n|-enditem|p1a: Iron Valiant|Booster Energy\n|-activate|p1a: Iron Valiant|ability: Quark Drive|[fromitem]\n|-start|p1a: Iron Valiant|quarkdrivespe\n|turn|15\n|\n|t:|1700502561\n|move|p1a: Iron Valiant|Close Combat|p2a: Heatran\n|-supereffective|p2a: Heatran\n|-crit|p2a: Heatran\n|-damage|p2a: Heatran|0 fnt\n|-unboost|p1a: Iron Valiant|def|1\n|-unboost|p1a: Iron Valiant|spd|1\n|faint|p2a: Heatran\n|\n|-weather|Snow|[upkeep]\n|upkeep\n|inactive|pok3monjake has 60 seconds left.\n|\n|t:|1700502611\n|switch|p2a: Slowking|Slowking, M|71\/100\n|turn|16\n|\n|t:|1700502619\n|-terastallize|p2a: Slowking|Fairy\n|move|p1a: Iron Valiant|Knock Off|p2a: Slowking\n|-resisted|p2a: Slowking\n|-damage|p2a: Slowking|55\/100\n|-enditem|p2a: Slowking|Icy Rock|[from] move: Knock Off|[of] p1a: Iron Valiant\n|move|p2a: Slowking|Scald|p1a: Iron Valiant\n|-damage|p1a: Iron Valiant|18\/100\n|-status|p1a: Iron Valiant|brn\n|\n|-weather|none\n|-damage|p1a: Iron Valiant|12\/100 brn|[from] brn\n|upkeep\n|turn|17\n|\n|t:|1700502630\n|move|p1a: Iron Valiant|Moonblast|p2a: Slowking\n|-damage|p2a: Slowking|34\/100\n|move|p2a: Slowking|Chilly Reception|p2a: Slowking\n|-weather|Snow\n|\n|t:|1700502638\n|switch|p2a: Glaceon|Glaceon, M|100\/100|[from] Chilly Reception\n|\n|-weather|Snow|[upkeep]\n|-damage|p1a: Iron Valiant|6\/100 brn|[from] brn\n|upkeep\n|turn|18\n|\n|t:|1700502642\n|move|p1a: Iron Valiant|Destiny Bond|p1a: Iron Valiant\n|-singlemove|p1a: Iron Valiant|Destiny Bond\n|move|p2a: Glaceon|Blizzard|p1a: Iron Valiant\n|-damage|p1a: Iron Valiant|0 fnt\n|faint|p1a: Iron Valiant\n|-activate|p1a: Iron Valiant|move: Destiny Bond\n|-end|p1a: Iron Valiant|Quark Drive|[silent]\n|faint|p2a: Glaceon\n|\n|-weather|Snow|[upkeep]\n|upkeep\n|inactive|pok3monjake has 60 seconds left.\n|\n|t:|1700502653\n|switch|p1a: Great Tusk|Great Tusk, tera:Electric|69\/100\n|switch|p2a: Zapdos|Zapdos|24\/100\n|turn|19\n|\n|t:|1700502656\n|move|p2a: Zapdos|Heat Wave|p1a: Great Tusk\n|-damage|p1a: Great Tusk|34\/100\n|move|p1a: Great Tusk|Rapid Spin|p2a: Zapdos\n|-damage|p2a: Zapdos|12\/100\n|-boost|p1a: Great Tusk|spe|1\n|\n|-weather|Snow|[upkeep]\n|-heal|p1a: Great Tusk|40\/100|[from] item: Leftovers\n|upkeep\n|turn|20\n|\n|t:|1700502664\n|move|p1a: Great Tusk|Ice Spinner|p2a: Zapdos\n|-supereffective|p2a: Zapdos\n|-damage|p2a: Zapdos|0 fnt\n|faint|p2a: Zapdos\n|\n|-weather|Snow|[upkeep]\n|-heal|p1a: Great Tusk|46\/100|[from] item: Leftovers\n|upkeep\n|\n|t:|1700502671\n|switch|p2a: Slowking|Slowking, M, tera:Fairy|67\/100\n|turn|21\n|\n|t:|1700502674\n|move|p1a: Great Tusk|Earthquake|p2a: Slowking\n|-damage|p2a: Slowking|20\/100\n|move|p2a: Slowking|Scald|p1a: Great Tusk\n|-damage|p1a: Great Tusk|10\/100\n|\n|-weather|none\n|-heal|p1a: Great Tusk|16\/100|[from] item: Leftovers\n|upkeep\n|turn|22\n|inactive|pok3monjake has 90 seconds left.\n|\n|t:|1700502681\n|move|p1a: Great Tusk|Earthquake|p2a: Slowking\n|-damage|p2a: Slowking|0 fnt\n|faint|p2a: Slowking\n|\n|-heal|p1a: Great Tusk|22\/100|[from] item: Leftovers\n|upkeep\n|\n|t:|1700502683\n|switch|p2a: Sandslash|Sandslash-Alola, F|100\/100\n|turn|23\n|\n|t:|1700502685\n|move|p1a: Great Tusk|Body Press|p2a: Sandslash\n|-supereffective|p2a: Sandslash\n|-damage|p2a: Sandslash|0 fnt\n|faint|p2a: Sandslash\n|\n|win|Dang Rope Fan\n|raw|Dang Rope Fan's rating: 1602 &rarr; <strong>1617<\/strong><br \/>(+15 for winning)\n|raw|pok3monjake's rating: 1516 &rarr; <strong>1501<\/strong><br \/>(-15 for losing)\n|l|\u2606Dang Rope Fan\n","uploadtime":1700502691,"views":7,"p1id":"dangropefan","p2id":"pok3monjake","formatid":"gen9ou","rating":1501,"private":0,"password":""}