{"id":"gen9ou-1996983953","p1":"Vixen 4 Life","p2":"Flufferide","format":"[Gen 9] OU","log":"|j|\u2606Vixen 4 Life\n|j|\u2606Flufferide\n|t:|1700752524\n|gametype|singles\n|player|p1|Vixen 4 Life|penny|1416\n|player|p2|Flufferide|bede-masters|1355\n|teamsize|p1|6\n|teamsize|p2|6\n|gen|9\n|tier|[Gen 9] OU\n|rated|\n|rule|Sleep Clause Mod: Limit one foe put to sleep\n|rule|Species Clause: Limit one of each Pok\u00e9mon\n|rule|OHKO Clause: OHKO moves are banned\n|rule|Evasion Items Clause: Evasion items are banned\n|rule|Evasion Moves Clause: Evasion moves are banned\n|rule|Endless Battle Clause: Forcing endless battles is banned\n|rule|HP Percentage Mod: HP is shown in percentages\n|clearpoke\n|poke|p1|Toxapex, M|\n|poke|p1|Clodsire, M|\n|poke|p1|Corviknight, M|\n|poke|p1|Skeledirge, F|\n|poke|p1|Slowbro-Galar, F|\n|poke|p1|Ting-Lu|\n|poke|p2|Zapdos|\n|poke|p2|Walking Wake|\n|poke|p2|Ogerpon-Cornerstone, F|\n|poke|p2|Gholdengo|\n|poke|p2|Kingambit, M|\n|poke|p2|Great Tusk|\n|teampreview\n|\n|t:|1700752540\n|start\n|switch|p1a: El Cantante|Skeledirge, F, shiny|100\/100\n|switch|p2a: Walking Wake|Walking Wake|100\/100\n|turn|1\n|\n|t:|1700752544\n|switch|p1a: Ting-Lu Reaction|Ting-Lu|100\/100\n|-ability|p1a: Ting-Lu Reaction|Vessel of Ruin\n|move|p2a: Walking Wake|Hydro Steam|p1a: Ting-Lu Reaction\n|-supereffective|p1a: Ting-Lu Reaction\n|-damage|p1a: Ting-Lu Reaction|36\/100\n|\n|upkeep\n|turn|2\n|\n|t:|1700752551\n|switch|p1a: Da Dirtiest Baby|Clodsire, M, shiny|100\/100\n|move|p2a: Walking Wake|Hydro Steam|p1a: Da Dirtiest Baby\n|-immune|p1a: Da Dirtiest Baby|[from] ability: Water Absorb\n|\n|upkeep\n|turn|3\n|\n|t:|1700752558\n|-end|p2a: Walking Wake|Protosynthesis|[silent]\n|switch|p2a: Great Tusk|Great Tusk|100\/100\n|move|p1a: Da Dirtiest Baby|Megahorn|p2a: Great Tusk\n|-resisted|p2a: Great Tusk\n|-damage|p2a: Great Tusk|88\/100\n|\n|upkeep\n|turn|4\n|\n|t:|1700752566\n|switch|p1a: Sir Typhoon|Corviknight, M, shiny|100\/100\n|move|p2a: Great Tusk|Earthquake|p1a: Sir Typhoon\n|-immune|p1a: Sir Typhoon\n|\n|upkeep\n|turn|5\n|\n|t:|1700752569\n|move|p2a: Great Tusk|Knock Off|p1a: Sir Typhoon\n|-damage|p1a: Sir Typhoon|74\/100\n|-enditem|p1a: Sir Typhoon|Leftovers|[from] move: Knock Off|[of] p2a: Great Tusk\n|move|p1a: Sir Typhoon|Bulk Up|p1a: Sir Typhoon\n|-boost|p1a: Sir Typhoon|atk|1\n|-boost|p1a: Sir Typhoon|def|1\n|\n|upkeep\n|turn|6\n|\n|t:|1700752574\n|move|p2a: Great Tusk|Close Combat|p1a: Sir Typhoon\n|-damage|p1a: Sir Typhoon|38\/100\n|-unboost|p2a: Great Tusk|def|1\n|-unboost|p2a: Great Tusk|spd|1\n|move|p1a: Sir Typhoon|Bulk Up|p1a: Sir Typhoon\n|-boost|p1a: Sir Typhoon|atk|1\n|-boost|p1a: Sir Typhoon|def|1\n|\n|upkeep\n|turn|7\n|\n|t:|1700752577\n|move|p2a: Great Tusk|Close Combat|p1a: Sir Typhoon\n|-damage|p1a: Sir Typhoon|13\/100\n|-unboost|p2a: Great Tusk|def|1\n|-unboost|p2a: Great Tusk|spd|1\n|move|p1a: Sir Typhoon|Roost|p1a: Sir Typhoon\n|-heal|p1a: Sir Typhoon|63\/100\n|-singleturn|p1a: Sir Typhoon|move: Roost\n|\n|upkeep\n|turn|8\n|\n|t:|1700752583\n|move|p2a: Great Tusk|Close Combat|p1a: Sir Typhoon\n|-damage|p1a: Sir Typhoon|39\/100\n|-unboost|p2a: Great Tusk|def|1\n|-unboost|p2a: Great Tusk|spd|1\n|move|p1a: Sir Typhoon|Roost|p1a: Sir Typhoon\n|-heal|p1a: Sir Typhoon|89\/100\n|-singleturn|p1a: Sir Typhoon|move: Roost\n|\n|upkeep\n|turn|9\n|\n|t:|1700752591\n|-end|p2a: Great Tusk|Protosynthesis|[silent]\n|switch|p2a: Zapdos|Zapdos|100\/100\n|move|p1a: Sir Typhoon|Bulk Up|p1a: Sir Typhoon\n|-boost|p1a: Sir Typhoon|atk|1\n|-boost|p1a: Sir Typhoon|def|1\n|\n|upkeep\n|turn|10\n|\n|t:|1700752599\n|-terastallize|p1a: Sir Typhoon|Ground\n|move|p2a: Zapdos|Thunderbolt|p1a: Sir Typhoon\n|-immune|p1a: Sir Typhoon\n|move|p1a: Sir Typhoon|Bulk Up|p1a: Sir Typhoon\n|-boost|p1a: Sir Typhoon|atk|1\n|-boost|p1a: Sir Typhoon|def|1\n|\n|upkeep\n|turn|11\n|\n|t:|1700752605\n|switch|p2a: Walking Wake|Walking Wake|100\/100\n|move|p1a: Sir Typhoon|Power Trip|p2a: Walking Wake\n|-damage|p2a: Walking Wake|0 fnt\n|faint|p2a: Walking Wake\n|-end|p2a: Walking Wake|Protosynthesis|[silent]\n|\n|upkeep\n|\n|t:|1700752634\n|switch|p2a: Great Tusk|Great Tusk|88\/100\n|turn|12\n|\n|t:|1700752644\n|move|p2a: Great Tusk|Earthquake|p1a: Sir Typhoon\n|-damage|p1a: Sir Typhoon|74\/100\n|move|p1a: Sir Typhoon|Bulk Up|p1a: Sir Typhoon\n|-boost|p1a: Sir Typhoon|atk|1\n|-boost|p1a: Sir Typhoon|def|1\n|\n|upkeep\n|turn|13\n|\n|t:|1700752648\n|move|p2a: Great Tusk|Close Combat|p1a: Sir Typhoon\n|-damage|p1a: Sir Typhoon|58\/100\n|-unboost|p2a: Great Tusk|def|1\n|-unboost|p2a: Great Tusk|spd|1\n|move|p1a: Sir Typhoon|Bulk Up|p1a: Sir Typhoon\n|-boost|p1a: Sir Typhoon|atk|1\n|-boost|p1a: Sir Typhoon|def|1\n|\n|upkeep\n|turn|14\n|\n|t:|1700752650\n|move|p2a: Great Tusk|Close Combat|p1a: Sir Typhoon\n|-damage|p1a: Sir Typhoon|45\/100\n|-unboost|p2a: Great Tusk|def|1\n|-unboost|p2a: Great Tusk|spd|1\n|move|p1a: Sir Typhoon|Roost|p1a: Sir Typhoon\n|-heal|p1a: Sir Typhoon|95\/100\n|\n|upkeep\n|turn|15\n|\n|t:|1700752654\n|move|p2a: Great Tusk|Close Combat|p1a: Sir Typhoon\n|-damage|p1a: Sir Typhoon|82\/100\n|-unboost|p2a: Great Tusk|def|1\n|-unboost|p2a: Great Tusk|spd|1\n|move|p1a: Sir Typhoon|Power Trip|p2a: Great Tusk\n|-resisted|p2a: Great Tusk\n|-damage|p2a: Great Tusk|0 fnt\n|faint|p2a: Great Tusk\n|-end|p2a: Great Tusk|Protosynthesis|[silent]\n|\n|upkeep\n|\n|t:|1700752656\n|switch|p2a: Ogerpon|Ogerpon-Cornerstone, F|100\/100\n|turn|16\n|\n|t:|1700752659\n|move|p2a: Ogerpon|Swords Dance|p2a: Ogerpon\n|-boost|p2a: Ogerpon|atk|2\n|move|p1a: Sir Typhoon|Power Trip|p2a: Ogerpon\n|-ability|p2a: Ogerpon|Sturdy\n|-damage|p2a: Ogerpon|1\/100\n|\n|upkeep\n|turn|17\n|l|\u2606Flufferide\n|player|p2|\n|inactive|Battle timer is ON: inactive players will automatically lose when time's up. (requested by Vixen 4 Life)\n|j|\u2606Flufferide\n|inactive|Flufferide reconnected and has 150 seconds left.\n|player|p2|Flufferide|bede-masters\n|\n|t:|1700752692\n|move|p2a: Ogerpon|Horn Leech|p1a: Sir Typhoon\n|-supereffective|p1a: Sir Typhoon\n|-damage|p1a: Sir Typhoon|48\/100\n|-heal|p2a: Ogerpon|23\/100|[from] drain|[of] p1a: Sir Typhoon\n|move|p1a: Sir Typhoon|Power Trip|p2a: Ogerpon\n|-damage|p2a: Ogerpon|0 fnt\n|faint|p2a: Ogerpon\n|\n|upkeep\n|\n|t:|1700752701\n|switch|p2a: Zapdos|Zapdos|100\/100\n|turn|18\n|\n|t:|1700752703\n|move|p2a: Zapdos|Hurricane|p1a: Sir Typhoon\n|-damage|p1a: Sir Typhoon|1\/100\n|move|p1a: Sir Typhoon|Roost|p1a: Sir Typhoon\n|-heal|p1a: Sir Typhoon|51\/100\n|\n|upkeep\n|turn|19\n|\n|t:|1700752709\n|move|p2a: Zapdos|Hurricane|p1a: Sir Typhoon\n|-damage|p1a: Sir Typhoon|4\/100\n|move|p1a: Sir Typhoon|Roost|p1a: Sir Typhoon\n|-heal|p1a: Sir Typhoon|54\/100\n|\n|upkeep\n|turn|20\n|\n|t:|1700752715\n|move|p2a: Zapdos|Hurricane|p1a: Sir Typhoon\n|-damage|p1a: Sir Typhoon|4\/100\n|move|p1a: Sir Typhoon|Power Trip|p2a: Zapdos\n|-damage|p2a: Zapdos|0 fnt\n|faint|p2a: Zapdos\n|\n|upkeep\n|\n|t:|1700752723\n|switch|p2a: Gholdengo|Gholdengo|100\/100\n|turn|21\n|\n|t:|1700752725\n|move|p2a: Gholdengo|Shadow Ball|p1a: Sir Typhoon\n|-damage|p1a: Sir Typhoon|0 fnt\n|faint|p1a: Sir Typhoon\n|\n|upkeep\n|\n|t:|1700752727\n|switch|p1a: Ting-Lu Reaction|Ting-Lu|36\/100\n|-ability|p1a: Ting-Lu Reaction|Vessel of Ruin\n|turn|22\n|\n|t:|1700752732\n|move|p2a: Gholdengo|Nasty Plot|p2a: Gholdengo\n|-boost|p2a: Gholdengo|spa|2\n|move|p1a: Ting-Lu Reaction|Earthquake|p2a: Gholdengo\n|-supereffective|p2a: Gholdengo\n|-damage|p2a: Gholdengo|0 fnt\n|faint|p2a: Gholdengo\n|\n|upkeep\n|\n|t:|1700752736\n|switch|p2a: Kingambit|Kingambit, M|100\/100\n|-activate|p2a: Kingambit|ability: Supreme Overlord\n|-start|p2a: Kingambit|fallen5|[silent]\n|turn|23\n|\n|t:|1700752743\n|-terastallize|p2a: Kingambit|Ghost\n|move|p2a: Kingambit|Iron Head|p1a: Ting-Lu Reaction\n|-damage|p1a: Ting-Lu Reaction|0 fnt\n|faint|p1a: Ting-Lu Reaction\n|\n|upkeep\n|\n|t:|1700752750\n|switch|p1a: El Cantante|Skeledirge, F, shiny|100\/100\n|turn|24\n|\n|t:|1700752758\n|move|p1a: El Cantante|Will-O-Wisp|p2a: Kingambit\n|-status|p2a: Kingambit|brn\n|move|p2a: Kingambit|Kowtow Cleave|p1a: El Cantante\n|-supereffective|p1a: El Cantante\n|-damage|p1a: El Cantante|43\/100\n|\n|-heal|p1a: El Cantante|50\/100|[from] item: Leftovers\n|-damage|p2a: Kingambit|94\/100 brn|[from] brn\n|upkeep\n|turn|25\n|\n|t:|1700752764\n|move|p1a: El Cantante|Torch Song|p2a: Kingambit\n|-damage|p2a: Kingambit|57\/100 brn\n|-boost|p1a: El Cantante|spa|1\n|move|p2a: Kingambit|Kowtow Cleave|p1a: El Cantante\n|-supereffective|p1a: El Cantante\n|-damage|p1a: El Cantante|0 fnt\n|faint|p1a: El Cantante\n|\n|-heal|p2a: Kingambit|63\/100 brn|[from] item: Leftovers\n|-damage|p2a: Kingambit|57\/100 brn|[from] brn\n|upkeep\n|\n|t:|1700752768\n|switch|p1a: Pex-A-Plex|Toxapex, M, shiny|100\/100\n|turn|26\n|\n|t:|1700752771\n|move|p2a: Kingambit|Swords Dance|p2a: Kingambit\n|-boost|p2a: Kingambit|atk|2\n|move|p1a: Pex-A-Plex|Lunge|p2a: Kingambit\n|-resisted|p2a: Kingambit\n|-damage|p2a: Kingambit|47\/100 brn\n|-unboost|p2a: Kingambit|atk|1\n|\n|-heal|p2a: Kingambit|53\/100 brn|[from] item: Leftovers\n|-damage|p2a: Kingambit|47\/100 brn|[from] brn\n|upkeep\n|turn|27\n|\n|t:|1700752776\n|move|p2a: Kingambit|Swords Dance|p2a: Kingambit\n|-boost|p2a: Kingambit|atk|2\n|move|p1a: Pex-A-Plex|Lunge|p2a: Kingambit\n|-resisted|p2a: Kingambit\n|-damage|p2a: Kingambit|37\/100 brn\n|-unboost|p2a: Kingambit|atk|1\n|\n|-heal|p2a: Kingambit|43\/100 brn|[from] item: Leftovers\n|-damage|p2a: Kingambit|37\/100 brn|[from] brn\n|upkeep\n|turn|28\n|\n|t:|1700752780\n|move|p2a: Kingambit|Kowtow Cleave|p1a: Pex-A-Plex\n|-damage|p1a: Pex-A-Plex|40\/100\n|move|p1a: Pex-A-Plex|Lunge|p2a: Kingambit\n|-resisted|p2a: Kingambit\n|-damage|p2a: Kingambit|26\/100 brn\n|-unboost|p2a: Kingambit|atk|1\n|\n|-heal|p2a: Kingambit|32\/100 brn|[from] item: Leftovers\n|-damage|p2a: Kingambit|26\/100 brn|[from] brn\n|upkeep\n|turn|29\n|\n|t:|1700752784\n|move|p2a: Kingambit|Swords Dance|p2a: Kingambit\n|-boost|p2a: Kingambit|atk|2\n|move|p1a: Pex-A-Plex|Lunge|p2a: Kingambit\n|-resisted|p2a: Kingambit\n|-damage|p2a: Kingambit|16\/100 brn\n|-unboost|p2a: Kingambit|atk|1\n|\n|-heal|p2a: Kingambit|22\/100 brn|[from] item: Leftovers\n|-damage|p2a: Kingambit|16\/100 brn|[from] brn\n|upkeep\n|turn|30\n|\n|t:|1700752786\n|move|p2a: Kingambit|Kowtow Cleave|p1a: Pex-A-Plex\n|-damage|p1a: Pex-A-Plex|0 fnt\n|faint|p1a: Pex-A-Plex\n|\n|-heal|p2a: Kingambit|22\/100 brn|[from] item: Leftovers\n|-damage|p2a: Kingambit|16\/100 brn|[from] brn\n|upkeep\n|\n|t:|1700752788\n|switch|p1a: Slowbro|Slowbro-Galar, F|100\/100\n|turn|31\n|\n|t:|1700752792\n|move|p2a: Kingambit|Sucker Punch|p1a: Slowbro\n|-supereffective|p1a: Slowbro\n|-crit|p1a: Slowbro\n|-damage|p1a: Slowbro|0 fnt\n|faint|p1a: Slowbro\n|\n|-heal|p2a: Kingambit|22\/100 brn|[from] item: Leftovers\n|-damage|p2a: Kingambit|16\/100 brn|[from] brn\n|upkeep\n|\n|t:|1700752793\n|switch|p1a: Da Dirtiest Baby|Clodsire, M, shiny|100\/100\n|turn|32\n|\n|t:|1700752796\n|move|p2a: Kingambit|Kowtow Cleave|p1a: Da Dirtiest Baby\n|-damage|p1a: Da Dirtiest Baby|21\/100\n|move|p1a: Da Dirtiest Baby|Earthquake|p2a: Kingambit\n|-damage|p2a: Kingambit|0 fnt\n|faint|p2a: Kingambit\n|-end|p2a: Kingambit|fallen5|[silent]\n|\n|win|Vixen 4 Life\n|raw|Vixen 4 Life's rating: 1416 &rarr; <strong>1433<\/strong><br \/>(+17 for winning)\n|raw|Flufferide's rating: 1355 &rarr; <strong>1338<\/strong><br \/>(-17 for losing)\n|c|\u2606Flufferide|gg\n","uploadtime":1700752813,"views":1,"p1id":"vixen4life","p2id":"flufferide","formatid":"gen9ou","rating":1338,"private":0,"password":""}