{"id":"gen9ou-1994448816","p1":"JAADragon","p2":"R4ffy2","format":"[Gen 9] OU","log":"|j|\u2606JAADragon\n|j|\u2606R4ffy2\n|t:|1700445143\n|gametype|singles\n|player|p1|JAADragon|ethan|1043\n|player|p2|R4ffy2|maid|1080\n|teamsize|p1|6\n|teamsize|p2|6\n|gen|9\n|tier|[Gen 9] OU\n|rated|\n|rule|Sleep Clause Mod: Limit one foe put to sleep\n|rule|Species Clause: Limit one of each Pok\u00e9mon\n|rule|OHKO Clause: OHKO moves are banned\n|rule|Evasion Items Clause: Evasion items are banned\n|rule|Evasion Moves Clause: Evasion moves are banned\n|rule|Endless Battle Clause: Forcing endless battles is banned\n|rule|HP Percentage Mod: HP is shown in percentages\n|clearpoke\n|poke|p1|Ampharos, F|\n|poke|p1|Typhlosion, M|\n|poke|p1|Espeon, F|\n|poke|p1|Forretress, M|\n|poke|p1|Quagsire, M|\n|poke|p1|Furret, F|\n|poke|p2|Garchomp, M|\n|poke|p2|Gholdengo|\n|poke|p2|Azumarill, F|\n|poke|p2|Mandibuzz, F|\n|poke|p2|Munkidori, M|\n|poke|p2|Ambipom, M|\n|teampreview\n|inactive|Battle timer is ON: inactive players will automatically lose when time's up. (requested by JAADragon)\n|inactive|R4ffy2 has 120 seconds left.\n|\n|t:|1700445203\n|start\n|switch|p1a: Megumi|Espeon, F|100\/100\n|switch|p2a: Munkidori|Munkidori, M|100\/100\n|turn|1\n|\n|t:|1700445212\n|move|p2a: Munkidori|Parting Shot|p1a: Megumi\n|move|p1a: Megumi|Parting Shot|p2a: Munkidori|[from]ability: Magic Bounce\n|-unboost|p2a: Munkidori|atk|1\n|-unboost|p2a: Munkidori|spa|1\n|\n|t:|1700445222\n|switch|p1a: Blast|Quagsire, M|100\/100|[from] Parting Shot\n|\n|upkeep\n|turn|2\n|\n|t:|1700445227\n|move|p2a: Munkidori|Parting Shot|p1a: Blast\n|-unboost|p1a: Blast|atk|1\n|-unboost|p1a: Blast|spa|1\n|\n|t:|1700445230\n|switch|p2a: Mandibuzz|Mandibuzz, F|100\/100|[from] Parting Shot\n|move|p1a: Blast|Yawn|p2a: Mandibuzz\n|-start|p2a: Mandibuzz|move: Yawn|[of] p1a: Blast\n|\n|upkeep\n|turn|3\n|\n|t:|1700445240\n|move|p2a: Mandibuzz|Toxic|p1a: Blast\n|-status|p1a: Blast|tox\n|move|p1a: Blast|Icy Wind|p2a: Mandibuzz\n|-supereffective|p2a: Mandibuzz\n|-damage|p2a: Mandibuzz|90\/100\n|-unboost|p2a: Mandibuzz|spe|1\n|\n|-heal|p2a: Mandibuzz|96\/100|[from] item: Leftovers\n|-damage|p1a: Blast|94\/100 tox|[from] psn\n|-end|p2a: Mandibuzz|move: Yawn|[silent]\n|-status|p2a: Mandibuzz|slp\n|upkeep\n|turn|4\n|\n|t:|1700445255\n|switch|p2a: Garchomp|Garchomp, M|100\/100\n|switch|p1a: 40oz|Forretress, M|100\/100\n|\n|upkeep\n|turn|5\n|\n|t:|1700445262\n|move|p1a: 40oz|Lunge|p2a: Garchomp\n|-damage|p2a: Garchomp|77\/100\n|-unboost|p2a: Garchomp|atk|1\n|-damage|p1a: 40oz|88\/100|[from] ability: Rough Skin|[of] p2a: Garchomp\n|-damage|p1a: 40oz|72\/100|[from] item: Rocky Helmet|[of] p2a: Garchomp\n|move|p2a: Garchomp|Dragon Tail|p1a: 40oz\n|-resisted|p1a: 40oz\n|-damage|p1a: 40oz|64\/100\n|drag|p1a: Blast|Quagsire, M|94\/100 tox\n|\n|-damage|p1a: Blast|88\/100 tox|[from] psn\n|upkeep\n|turn|6\n|\n|t:|1700445278\n|move|p2a: Garchomp|Stealth Rock|p1a: Blast\n|-sidestart|p1: JAADragon|move: Stealth Rock\n|move|p1a: Blast|Icy Wind|p2a: Garchomp\n|-supereffective|p2a: Garchomp\n|-damage|p2a: Garchomp|45\/100\n|-unboost|p2a: Garchomp|spe|1\n|\n|-damage|p1a: Blast|76\/100 tox|[from] psn\n|upkeep\n|turn|7\n|\n|t:|1700445288\n|switch|p2a: Azumarill|Azumarill, F|100\/100\n|move|p1a: Blast|Sludge Bomb|p2a: Azumarill\n|-supereffective|p2a: Azumarill\n|-damage|p2a: Azumarill|68\/100\n|-status|p2a: Azumarill|psn\n|\n|-heal|p2a: Azumarill|74\/100 psn|[from] item: Leftovers\n|-damage|p2a: Azumarill|62\/100 psn|[from] psn\n|-damage|p1a: Blast|58\/100 tox|[from] psn\n|upkeep\n|turn|8\n|\n|t:|1700445301\n|move|p2a: Azumarill|Encore|p1a: Blast\n|-start|p1a: Blast|Encore\n|move|p1a: Blast|Sludge Bomb|p2a: Azumarill\n|-supereffective|p2a: Azumarill\n|-damage|p2a: Azumarill|32\/100 psn\n|\n|-heal|p2a: Azumarill|38\/100 psn|[from] item: Leftovers\n|-damage|p2a: Azumarill|26\/100 psn|[from] psn\n|-damage|p1a: Blast|33\/100 tox|[from] psn\n|upkeep\n|turn|9\n|\n|t:|1700445313\n|switch|p2a: Gholdengo|Gholdengo|100\/100\n|switch|p1a: 40oz|Forretress, M|64\/100\n|-damage|p1a: 40oz|52\/100|[from] Stealth Rock\n|\n|-heal|p1a: 40oz|58\/100|[from] item: Leftovers\n|upkeep\n|turn|10\n|\n|t:|1700445324\n|move|p2a: Gholdengo|Thunder Wave|p1a: 40oz|[miss]\n|-miss|p2a: Gholdengo|p1a: 40oz\n|move|p1a: 40oz|Earthquake|p2a: Gholdengo\n|-supereffective|p2a: Gholdengo\n|-damage|p2a: Gholdengo|67\/100\n|\n|-heal|p2a: Gholdengo|73\/100|[from] item: Leftovers\n|-heal|p1a: 40oz|64\/100|[from] item: Leftovers\n|upkeep\n|turn|11\n|\n|t:|1700445336\n|-terastallize|p1a: 40oz|Ground\n|move|p2a: Gholdengo|Thunder Wave|p1a: 40oz\n|-immune|p1a: 40oz\n|move|p1a: 40oz|Earthquake|p2a: Gholdengo\n|-supereffective|p2a: Gholdengo\n|-damage|p2a: Gholdengo|27\/100\n|\n|-heal|p2a: Gholdengo|33\/100|[from] item: Leftovers\n|-heal|p1a: 40oz|71\/100|[from] item: Leftovers\n|upkeep\n|turn|12\n|\n|t:|1700445350\n|switch|p2a: Mandibuzz|Mandibuzz, F|96\/100 slp\n|move|p1a: 40oz|Rapid Spin|p2a: Mandibuzz\n|-damage|p2a: Mandibuzz|90\/100 slp\n|-boost|p1a: 40oz|spe|1\n|-sideend|p1: JAADragon|Stealth Rock|[from] move: Rapid Spin|[of] p1a: 40oz\n|\n|-heal|p2a: Mandibuzz|96\/100 slp|[from] item: Leftovers\n|-heal|p1a: 40oz|77\/100|[from] item: Leftovers\n|upkeep\n|turn|13\n|\n|t:|1700445361\n|cant|p2a: Mandibuzz|slp\n|move|p1a: 40oz|Lunge|p2a: Mandibuzz\n|-damage|p2a: Mandibuzz|80\/100 slp\n|-unboost|p2a: Mandibuzz|atk|1\n|\n|-heal|p2a: Mandibuzz|86\/100 slp|[from] item: Leftovers\n|-heal|p1a: 40oz|83\/100|[from] item: Leftovers\n|upkeep\n|turn|14\n|\n|t:|1700445370\n|switch|p1a: Furret|Furret, F|100\/100\n|-item|p2a: Mandibuzz|Leftovers|[from] ability: Frisk|[of] p1a: Furret|[identify]\n|cant|p2a: Mandibuzz|slp\n|\n|-heal|p2a: Mandibuzz|92\/100 slp|[from] item: Leftovers\n|upkeep\n|turn|15\n|\n|t:|1700445380\n|move|p1a: Furret|Coil|p1a: Furret\n|-boost|p1a: Furret|atk|1\n|-boost|p1a: Furret|def|1\n|-boost|p1a: Furret|accuracy|1\n|cant|p2a: Mandibuzz|slp\n|\n|-heal|p2a: Mandibuzz|98\/100 slp|[from] item: Leftovers\n|upkeep\n|turn|16\n|\n|t:|1700445388\n|move|p1a: Furret|Coil|p1a: Furret\n|-boost|p1a: Furret|atk|1\n|-boost|p1a: Furret|def|1\n|-boost|p1a: Furret|accuracy|1\n|-curestatus|p2a: Mandibuzz|slp|[msg]\n|move|p2a: Mandibuzz|Toxic|p1a: Furret\n|-status|p1a: Furret|tox\n|\n|-heal|p2a: Mandibuzz|100\/100|[from] item: Leftovers\n|-damage|p1a: Furret|94\/100 tox|[from] psn\n|upkeep\n|turn|17\n|\n|t:|1700445399\n|move|p1a: Furret|Tidy Up|p1a: Furret\n|-boost|p1a: Furret|atk|1\n|-boost|p1a: Furret|spe|1\n|move|p2a: Mandibuzz|Knock Off|p1a: Furret\n|-damage|p1a: Furret|82\/100 tox\n|-enditem|p1a: Furret|Shell Bell|[from] move: Knock Off|[of] p2a: Mandibuzz\n|\n|-damage|p1a: Furret|70\/100 tox|[from] psn\n|upkeep\n|turn|18\n|\n|t:|1700445410\n|switch|p2a: Azumarill|Azumarill, F|26\/100 psn\n|move|p1a: Furret|Ice Punch|p2a: Azumarill\n|-resisted|p2a: Azumarill\n|-damage|p2a: Azumarill|10\/100 psn\n|\n|-heal|p2a: Azumarill|17\/100 psn|[from] item: Leftovers\n|-damage|p1a: Furret|51\/100 tox|[from] psn\n|-damage|p2a: Azumarill|4\/100 psn|[from] psn\n|upkeep\n|turn|19\n|\n|t:|1700445421\n|switch|p1a: Blast|Quagsire, M|33\/100 tox\n|move|p2a: Azumarill|Protect||[still]\n|-fail|p2a: Azumarill\n|\n|-heal|p2a: Azumarill|10\/100 psn|[from] item: Leftovers\n|-damage|p2a: Azumarill|0 fnt|[from] psn\n|faint|p2a: Azumarill\n|-damage|p1a: Blast|27\/100 tox|[from] psn\n|upkeep\n|\n|t:|1700445432\n|switch|p2a: Ambipom|Ambipom, M|100\/100\n|turn|20\n|\n|t:|1700445442\n|move|p2a: Ambipom|Fake Out|p1a: Blast\n|-damage|p1a: Blast|5\/100 tox\n|-enditem|p1a: Blast|Red Card|[of] p2a: Ambipom\n|drag|p2a: Mandibuzz|Mandibuzz, F|100\/100\n|cant|p1a: Blast|flinch\n|\n|-damage|p1a: Blast|0 fnt|[from] psn\n|faint|p1a: Blast\n|upkeep\n|\n|t:|1700445453\n|switch|p1a: 40oz|Forretress, M, tera:Ground|83\/100\n|turn|21\n|\n|t:|1700445460\n|move|p2a: Mandibuzz|Toxic|p1a: 40oz\n|-status|p1a: 40oz|tox\n|move|p1a: 40oz|Thunder Wave|p2a: Mandibuzz\n|-status|p2a: Mandibuzz|par\n|\n|-heal|p1a: 40oz|89\/100 tox|[from] item: Leftovers\n|-damage|p1a: 40oz|83\/100 tox|[from] psn\n|upkeep\n|turn|22\n|\n|t:|1700445472\n|move|p1a: 40oz|Rapid Spin|p2a: Mandibuzz\n|-damage|p2a: Mandibuzz|93\/100 par\n|-boost|p1a: 40oz|spe|1\n|move|p2a: Mandibuzz|Knock Off|p1a: 40oz\n|-damage|p1a: 40oz|64\/100 tox\n|-enditem|p1a: 40oz|Leftovers|[from] move: Knock Off|[of] p2a: Mandibuzz\n|\n|-heal|p2a: Mandibuzz|99\/100 par|[from] item: Leftovers\n|-damage|p1a: 40oz|52\/100 tox|[from] psn\n|upkeep\n|turn|23\n|\n|t:|1700445484\n|move|p1a: 40oz|Lunge|p2a: Mandibuzz\n|-damage|p2a: Mandibuzz|82\/100 par\n|-unboost|p2a: Mandibuzz|atk|1\n|cant|p2a: Mandibuzz|par\n|\n|-heal|p2a: Mandibuzz|88\/100 par|[from] item: Leftovers\n|-damage|p1a: 40oz|33\/100 tox|[from] psn\n|upkeep\n|turn|24\n|\n|t:|1700445494\n|move|p1a: 40oz|Lunge|p2a: Mandibuzz\n|-damage|p2a: Mandibuzz|72\/100 par\n|-unboost|p2a: Mandibuzz|atk|1\n|move|p2a: Mandibuzz|Knock Off|p1a: 40oz\n|-damage|p1a: 40oz|26\/100 tox\n|\n|-heal|p2a: Mandibuzz|78\/100 par|[from] item: Leftovers\n|-damage|p1a: 40oz|2\/100 tox|[from] psn\n|upkeep\n|turn|25\n|\n|t:|1700445505\n|move|p1a: 40oz|Lunge|p2a: Mandibuzz\n|-damage|p2a: Mandibuzz|61\/100 par\n|-unboost|p2a: Mandibuzz|atk|1\n|move|p2a: Mandibuzz|Roost|p2a: Mandibuzz\n|-heal|p2a: Mandibuzz|100\/100 par\n|-singleturn|p2a: Mandibuzz|move: Roost\n|\n|-damage|p1a: 40oz|0 fnt|[from] psn\n|faint|p1a: 40oz\n|upkeep\n|\n|t:|1700445512\n|switch|p1a: Furret|Furret, F|51\/100 tox\n|-item|p2a: Mandibuzz|Leftovers|[from] ability: Frisk|[of] p1a: Furret|[identify]\n|turn|26\n|\n|t:|1700445520\n|switch|p2a: Gholdengo|Gholdengo|33\/100\n|move|p1a: Furret|Coil|p1a: Furret\n|-boost|p1a: Furret|atk|1\n|-boost|p1a: Furret|def|1\n|-boost|p1a: Furret|accuracy|1\n|\n|-heal|p2a: Gholdengo|39\/100|[from] item: Leftovers\n|-damage|p1a: Furret|45\/100 tox|[from] psn\n|upkeep\n|turn|27\n|\n|t:|1700445530\n|move|p1a: Furret|Fire Punch|p2a: Gholdengo\n|-supereffective|p2a: Gholdengo\n|-damage|p2a: Gholdengo|0 fnt\n|faint|p2a: Gholdengo\n|\n|-damage|p1a: Furret|33\/100 tox|[from] psn\n|upkeep\n|\n|t:|1700445539\n|switch|p2a: Ambipom|Ambipom, M|100\/100\n|turn|28\n|\n|t:|1700445543\n|move|p2a: Ambipom|Fake Out|p1a: Furret\n|-damage|p1a: Furret|4\/100 tox\n|cant|p1a: Furret|flinch\n|\n|-damage|p1a: Furret|0 fnt|[from] psn\n|faint|p1a: Furret\n|upkeep\n|\n|t:|1700445552\n|switch|p1a: Spike|Typhlosion, M|100\/100\n|turn|29\n|\n|t:|1700445567\n|switch|p2a: Garchomp|Garchomp, M|45\/100\n|move|p1a: Spike|Overheat|p2a: Garchomp\n|-resisted|p2a: Garchomp\n|-damage|p2a: Garchomp|11\/100\n|-unboost|p1a: Spike|spa|2\n|-damage|p1a: Spike|91\/100|[from] item: Life Orb\n|\n|upkeep\n|turn|30\n|\n|t:|1700445577\n|switch|p1a: Megumi|Espeon, F|100\/100\n|move|p2a: Garchomp|Stealth Rock|p1a: Megumi\n|move|p1a: Megumi|Stealth Rock|p2a: Garchomp|[from]ability: Magic Bounce\n|-sidestart|p2: R4ffy2|move: Stealth Rock\n|\n|upkeep\n|turn|31\n|\n|t:|1700445586\n|move|p1a: Megumi|Dazzling Gleam|p2a: Garchomp\n|-supereffective|p2a: Garchomp\n|-damage|p2a: Garchomp|0 fnt\n|faint|p2a: Garchomp\n|\n|upkeep\n|\n|t:|1700445592\n|switch|p2a: Mandibuzz|Mandibuzz, F|100\/100 par\n|-damage|p2a: Mandibuzz|76\/100 par|[from] Stealth Rock\n|turn|32\n|\n|t:|1700445598\n|switch|p1a: Amp!|Ampharos, F|100\/100\n|-terastallize|p2a: Mandibuzz|Poison\n|cant|p2a: Mandibuzz|par\n|\n|-heal|p2a: Mandibuzz|82\/100 par|[from] item: Leftovers\n|upkeep\n|turn|33\n|\n|t:|1700445612\n|move|p1a: Amp!|Thunder Punch|p2a: Mandibuzz\n|-damage|p2a: Mandibuzz|58\/100 par\n|move|p2a: Mandibuzz|Toxic|p1a: Amp!\n|-status|p1a: Amp!|tox\n|\n|-heal|p2a: Mandibuzz|65\/100 par|[from] item: Leftovers\n|-damage|p1a: Amp!|94\/100 tox|[from] psn\n|upkeep\n|turn|34\n|\n|t:|1700445624\n|move|p1a: Amp!|Thunder Punch|p2a: Mandibuzz\n|-damage|p2a: Mandibuzz|41\/100 par\n|move|p2a: Mandibuzz|Roost|p2a: Mandibuzz\n|-heal|p2a: Mandibuzz|91\/100 par\n|\n|-heal|p2a: Mandibuzz|97\/100 par|[from] item: Leftovers\n|-damage|p1a: Amp!|82\/100 tox|[from] psn\n|upkeep\n|turn|35\n|\n|t:|1700445634\n|move|p1a: Amp!|Thunder Punch|p2a: Mandibuzz\n|-damage|p2a: Mandibuzz|71\/100 par\n|cant|p2a: Mandibuzz|par\n|\n|-heal|p2a: Mandibuzz|77\/100 par|[from] item: Leftovers\n|-damage|p1a: Amp!|64\/100 tox|[from] psn\n|upkeep\n|turn|36\n|\n|t:|1700445643\n|move|p1a: Amp!|Thunder Punch|p2a: Mandibuzz\n|-damage|p2a: Mandibuzz|52\/100 par\n|move|p2a: Mandibuzz|Defog|p1a: Amp!\n|-unboost|p1a: Amp!|evasion|1\n|-sideend|p2: R4ffy2|Stealth Rock|[from] move: Defog|[of] p2a: Mandibuzz\n|\n|-heal|p2a: Mandibuzz|58\/100 par|[from] item: Leftovers\n|-damage|p1a: Amp!|40\/100 tox|[from] psn\n|upkeep\n|turn|37\n|\n|t:|1700445653\n|move|p1a: Amp!|Thunder Punch|p2a: Mandibuzz\n|-damage|p2a: Mandibuzz|32\/100 par\n|cant|p2a: Mandibuzz|par\n|\n|-heal|p2a: Mandibuzz|38\/100 par|[from] item: Leftovers\n|-damage|p1a: Amp!|10\/100 tox|[from] psn\n|upkeep\n|turn|38\n|\n|t:|1700445662\n|move|p1a: Amp!|Thunder Punch|p2a: Mandibuzz\n|-damage|p2a: Mandibuzz|11\/100 par\n|cant|p2a: Mandibuzz|par\n|\n|-heal|p2a: Mandibuzz|17\/100 par|[from] item: Leftovers\n|-damage|p1a: Amp!|0 fnt|[from] psn\n|faint|p1a: Amp!\n|upkeep\n|\n|t:|1700445670\n|switch|p1a: Megumi|Espeon, F|100\/100\n|turn|39\n|\n|t:|1700445675\n|switch|p2a: Munkidori|Munkidori, M|100\/100\n|move|p1a: Megumi|Psychic|p2a: Munkidori\n|-damage|p2a: Munkidori|20\/100\n|-unboost|p2a: Munkidori|spd|1\n|\n|upkeep\n|turn|40\n|\n|t:|1700445686\n|move|p2a: Munkidori|Trick|p1a: Megumi\n|-activate|p2a: Munkidori|move: Trick|[of] p1a: Megumi\n|-item|p1a: Megumi|Choice Scarf|[from] move: Trick\n|-item|p2a: Munkidori|Choice Specs|[from] move: Trick\n|move|p1a: Megumi|Psychic|p2a: Munkidori\n|-damage|p2a: Munkidori|0 fnt\n|faint|p2a: Munkidori\n|\n|upkeep\n|\n|t:|1700445694\n|switch|p2a: Mandibuzz|Mandibuzz, F, tera:Poison|17\/100 par\n|turn|41\n|c|\u2606R4ffy2|Gg\n|-message|R4ffy2 forfeited.\n|\n|win|JAADragon\n|raw|JAADragon's rating: 1043 &rarr; <strong>1080<\/strong><br \/>(+37 for winning)\n|raw|R4ffy2's rating: 1080 &rarr; <strong>1056<\/strong><br \/>(-24 for losing)\n|l|\u2606R4ffy2\n","uploadtime":1700445718,"views":10,"p1id":"jaadragon","p2id":"r4ffy2","formatid":"gen9ou","rating":1056,"private":0,"password":""}