{"id":"gen9ou-1993280588","p1":"did it done","p2":"Silver Jay#2240","format":"[Gen 9] OU","log":"|j|\u2606did it done\n|j|\u2606Silver Jay#2240\n|t:|1700289446\n|gametype|singles\n|player|p1|did it done|will-gen2|1425\n|player|p2|Silver Jay#2240|klara|1469\n|teamsize|p1|6\n|teamsize|p2|6\n|gen|9\n|tier|[Gen 9] OU\n|rated|\n|rule|Sleep Clause Mod: Limit one foe put to sleep\n|rule|Species Clause: Limit one of each Pok\u00e9mon\n|rule|OHKO Clause: OHKO moves are banned\n|rule|Evasion Items Clause: Evasion items are banned\n|rule|Evasion Moves Clause: Evasion moves are banned\n|rule|Endless Battle Clause: Forcing endless battles is banned\n|rule|HP Percentage Mod: HP is shown in percentages\n|clearpoke\n|poke|p1|Garchomp, M|\n|poke|p1|Corviknight, M|\n|poke|p1|Ninetales-Alola, F|\n|poke|p1|Tyranitar, M|\n|poke|p1|Ceruledge, M|\n|poke|p1|Iron Valiant|\n|poke|p2|Torkoal, M|\n|poke|p2|Great Tusk|\n|poke|p2|Walking Wake|\n|poke|p2|Gholdengo|\n|poke|p2|Leavanny, M|\n|poke|p2|Hatterene, F|\n|teampreview\n|\n|t:|1700289488\n|start\n|switch|p1a: Corviknight|Corviknight, M, shiny|100\/100\n|switch|p2a: Walking Wake|Walking Wake|100\/100\n|-ability|p1a: Corviknight|Pressure\n|turn|1\n|\n|t:|1700289502\n|switch|p1a: Tyranitar|Tyranitar, M, shiny|100\/100\n|-weather|Sandstorm|[from] ability: Sand Stream|[of] p1a: Tyranitar\n|move|p2a: Walking Wake|Hydro Steam|p1a: Tyranitar\n|-supereffective|p1a: Tyranitar\n|-damage|p1a: Tyranitar|36\/100\n|\n|-weather|Sandstorm|[upkeep]\n|-damage|p2a: Walking Wake|94\/100|[from] Sandstorm\n|-heal|p1a: Tyranitar|42\/100|[from] item: Leftovers\n|upkeep\n|turn|2\n|\n|t:|1700289510\n|switch|p1a: Ninetales|Ninetales-Alola, F, shiny|100\/100\n|-weather|Snow|[from] ability: Snow Warning|[of] p1a: Ninetales\n|move|p2a: Walking Wake|Hydro Steam|p1a: Ninetales\n|-damage|p1a: Ninetales|20\/100\n|\n|-weather|Snow|[upkeep]\n|upkeep\n|turn|3\n|\n|t:|1700289515\n|-end|p2a: Walking Wake|Protosynthesis|[silent]\n|switch|p2a: Torkoal|Torkoal, M|100\/100\n|-weather|SunnyDay|[from] ability: Drought|[of] p2a: Torkoal\n|move|p1a: Ninetales|Moonblast|p2a: Torkoal\n|-resisted|p2a: Torkoal\n|-damage|p2a: Torkoal|86\/100\n|-unboost|p2a: Torkoal|spa|1\n|\n|-weather|SunnyDay|[upkeep]\n|upkeep\n|turn|4\n|\n|t:|1700289524\n|switch|p1a: Garchomp|Garchomp, M, shiny|100\/100\n|move|p2a: Torkoal|Stealth Rock|p1a: Garchomp\n|-sidestart|p1: did it done|move: Stealth Rock\n|\n|-weather|SunnyDay|[upkeep]\n|upkeep\n|turn|5\n|\n|t:|1700289536\n|switch|p2a: Leavanny|Leavanny, M|100\/100\n|move|p1a: Garchomp|Swords Dance|p1a: Garchomp\n|-boost|p1a: Garchomp|atk|2\n|\n|-weather|SunnyDay|[upkeep]\n|upkeep\n|turn|6\n|\n|t:|1700289544\n|-terastallize|p1a: Garchomp|Fire\n|move|p2a: Leavanny|Sticky Web|p1a: Garchomp\n|-sidestart|p1: did it done|move: Sticky Web\n|move|p1a: Garchomp|Scale Shot|p2a: Leavanny\n|-damage|p2a: Leavanny|56\/100\n|-damage|p2a: Leavanny|18\/100\n|-damage|p2a: Leavanny|0 fnt\n|faint|p2a: Leavanny\n|-hitcount|p2: Leavanny|3\n|-unboost|p1a: Garchomp|def|1\n|-boost|p1a: Garchomp|spe|1\n|\n|-weather|SunnyDay|[upkeep]\n|upkeep\n|\n|t:|1700289559\n|switch|p2a: Hatterene|Hatterene, F|100\/100\n|turn|7\n|\n|t:|1700289568\n|move|p1a: Garchomp|Fire Fang|p2a: Hatterene\n|-damage|p2a: Hatterene|19\/100\n|-status|p2a: Hatterene|brn\n|-enditem|p2a: Hatterene|Eject Button\n|\n|t:|1700289585\n|switch|p2a: Great Tusk|Great Tusk|100\/100\n|-activate|p2a: Great Tusk|ability: Protosynthesis\n|-start|p2a: Great Tusk|protosynthesisatk\n|\n|-weather|SunnyDay|[upkeep]\n|upkeep\n|turn|8\n|\n|t:|1700289637\n|switch|p1a: Ninetales|Ninetales-Alola, F, shiny|20\/100\n|-damage|p1a: Ninetales|0 fnt|[from] Stealth Rock\n|-activate|p1a: Ninetales|move: Sticky Web\n|faint|p1a: Ninetales\n|move|p2a: Great Tusk|Headlong Rush|p1: Ninetales|[notarget]\n|-fail|p2a: Great Tusk\n|\n|-weather|SunnyDay|[upkeep]\n|upkeep\n|\n|t:|1700289640\n|switch|p1a: Corviknight|Corviknight, M, shiny|100\/100\n|-damage|p1a: Corviknight|88\/100|[from] Stealth Rock\n|-ability|p1a: Corviknight|Pressure\n|turn|9\n|\n|t:|1700289651\n|-end|p2a: Great Tusk|Protosynthesis|[silent]\n|switch|p2a: Gholdengo|Gholdengo|100\/100\n|-item|p2a: Gholdengo|Air Balloon\n|move|p1a: Corviknight|Defog|p2a: Gholdengo\n|-immune|p2a: Gholdengo|[from] ability: Good as Gold\n|\n|-weather|SunnyDay|[upkeep]\n|upkeep\n|turn|10\n|\n|t:|1700289670\n|move|p2a: Gholdengo|Nasty Plot|p2a: Gholdengo\n|-boost|p2a: Gholdengo|spa|2\n|move|p1a: Corviknight|U-turn|p2a: Gholdengo\n|-resisted|p2a: Gholdengo\n|-damage|p2a: Gholdengo|98\/100\n|-enditem|p2a: Gholdengo|Air Balloon\n|\n|t:|1700289693\n|switch|p1a: Garchomp|Garchomp, M, shiny, tera:Fire|100\/100|[from] U-turn\n|-damage|p1a: Garchomp|76\/100|[from] Stealth Rock\n|-activate|p1a: Garchomp|move: Sticky Web\n|-unboost|p1a: Garchomp|spe|1\n|\n|-weather|none\n|upkeep\n|turn|11\n|\n|t:|1700289713\n|switch|p1a: Tyranitar|Tyranitar, M, shiny|42\/100\n|-damage|p1a: Tyranitar|29\/100|[from] Stealth Rock\n|-activate|p1a: Tyranitar|move: Sticky Web\n|-unboost|p1a: Tyranitar|spe|1\n|-weather|Sandstorm|[from] ability: Sand Stream|[of] p1a: Tyranitar\n|move|p2a: Gholdengo|Shadow Ball|p1a: Tyranitar\n|-resisted|p1a: Tyranitar\n|-damage|p1a: Tyranitar|10\/100\n|\n|-weather|Sandstorm|[upkeep]\n|-heal|p1a: Tyranitar|16\/100|[from] item: Leftovers\n|upkeep\n|turn|12\n|\n|t:|1700289717\n|move|p2a: Gholdengo|Shadow Ball|p1a: Tyranitar\n|-resisted|p1a: Tyranitar\n|-damage|p1a: Tyranitar|0 fnt\n|faint|p1a: Tyranitar\n|\n|-weather|Sandstorm|[upkeep]\n|upkeep\n|\n|t:|1700289718\n|switch|p1a: Iron Valiant|Iron Valiant|100\/100\n|-damage|p1a: Iron Valiant|94\/100|[from] Stealth Rock\n|-activate|p1a: Iron Valiant|move: Sticky Web\n|-unboost|p1a: Iron Valiant|spe|1\n|-enditem|p1a: Iron Valiant|Booster Energy\n|-activate|p1a: Iron Valiant|ability: Quark Drive|[fromitem]\n|-start|p1a: Iron Valiant|quarkdrivespa\n|turn|13\n|\n|t:|1700289730\n|switch|p2a: Hatterene|Hatterene, F|19\/100 brn\n|move|p1a: Iron Valiant|Thunderbolt|p2a: Hatterene\n|-damage|p2a: Hatterene|0 fnt\n|faint|p2a: Hatterene\n|\n|-weather|Sandstorm|[upkeep]\n|-damage|p1a: Iron Valiant|88\/100|[from] Sandstorm\n|upkeep\n|\n|t:|1700289739\n|switch|p2a: Great Tusk|Great Tusk|100\/100\n|turn|14\n|\n|t:|1700289743\n|move|p2a: Great Tusk|Close Combat|p1a: Iron Valiant\n|-resisted|p1a: Iron Valiant\n|-damage|p1a: Iron Valiant|16\/100\n|-unboost|p2a: Great Tusk|def|1\n|-unboost|p2a: Great Tusk|spd|1\n|move|p1a: Iron Valiant|Moonblast|p2a: Great Tusk\n|-supereffective|p2a: Great Tusk\n|-damage|p2a: Great Tusk|0 fnt\n|faint|p2a: Great Tusk\n|-end|p2a: Great Tusk|Protosynthesis|[silent]\n|\n|-weather|Sandstorm|[upkeep]\n|-damage|p1a: Iron Valiant|10\/100|[from] Sandstorm\n|upkeep\n|\n|t:|1700289746\n|switch|p2a: Torkoal|Torkoal, M|86\/100\n|-weather|SunnyDay|[from] ability: Drought|[of] p2a: Torkoal\n|turn|15\n|\n|t:|1700289758\n|-end|p1a: Iron Valiant|Quark Drive|[silent]\n|switch|p1a: Ceruledge|Ceruledge, M, shiny|100\/100\n|-damage|p1a: Ceruledge|76\/100|[from] Stealth Rock\n|-activate|p1a: Ceruledge|move: Sticky Web\n|-unboost|p1a: Ceruledge|spe|1\n|move|p2a: Torkoal|Yawn|p1a: Ceruledge\n|-start|p1a: Ceruledge|move: Yawn|[of] p2a: Torkoal\n|\n|-weather|SunnyDay|[upkeep]\n|-heal|p1a: Ceruledge|82\/100|[from] item: Leftovers\n|upkeep\n|turn|16\n|\n|t:|1700289762\n|switch|p1a: Iron Valiant|Iron Valiant|10\/100\n|-damage|p1a: Iron Valiant|4\/100|[from] Stealth Rock\n|-activate|p1a: Iron Valiant|move: Sticky Web\n|-unboost|p1a: Iron Valiant|spe|1\n|switch|p2a: Walking Wake|Walking Wake|94\/100\n|-activate|p2a: Walking Wake|ability: Protosynthesis\n|-start|p2a: Walking Wake|protosynthesisspa\n|\n|-weather|SunnyDay|[upkeep]\n|upkeep\n|turn|17\n|\n|t:|1700289767\n|move|p2a: Walking Wake|Hydro Steam|p1a: Iron Valiant\n|-crit|p1a: Iron Valiant\n|-damage|p1a: Iron Valiant|0 fnt\n|faint|p1a: Iron Valiant\n|-end|p1a: Iron Valiant|Quark Drive|[silent]\n|\n|-weather|SunnyDay|[upkeep]\n|upkeep\n|\n|t:|1700289772\n|switch|p1a: Corviknight|Corviknight, M, shiny|88\/100\n|-damage|p1a: Corviknight|76\/100|[from] Stealth Rock\n|-ability|p1a: Corviknight|Pressure\n|turn|18\n|\n|t:|1700289779\n|-end|p2a: Walking Wake|Protosynthesis|[silent]\n|switch|p2a: Gholdengo|Gholdengo|98\/100\n|move|p1a: Corviknight|Roost|p1a: Corviknight\n|-heal|p1a: Corviknight|100\/100\n|-singleturn|p1a: Corviknight|move: Roost\n|\n|-weather|SunnyDay|[upkeep]\n|upkeep\n|turn|19\n|\n|t:|1700289783\n|move|p2a: Gholdengo|Nasty Plot|p2a: Gholdengo\n|-boost|p2a: Gholdengo|spa|2\n|move|p1a: Corviknight|U-turn|p2a: Gholdengo\n|-resisted|p2a: Gholdengo\n|-damage|p2a: Gholdengo|96\/100\n|\n|t:|1700289785\n|switch|p1a: Ceruledge|Ceruledge, M, shiny|82\/100|[from] U-turn\n|-damage|p1a: Ceruledge|57\/100|[from] Stealth Rock\n|-activate|p1a: Ceruledge|move: Sticky Web\n|-unboost|p1a: Ceruledge|spe|1\n|\n|-weather|SunnyDay|[upkeep]\n|-heal|p1a: Ceruledge|63\/100|[from] item: Leftovers\n|upkeep\n|turn|20\n|\n|t:|1700289793\n|move|p1a: Ceruledge|Shadow Sneak|p2a: Gholdengo\n|-supereffective|p2a: Gholdengo\n|-damage|p2a: Gholdengo|74\/100\n|move|p2a: Gholdengo|Shadow Ball|p1a: Ceruledge\n|-supereffective|p1a: Ceruledge\n|-damage|p1a: Ceruledge|0 fnt\n|faint|p1a: Ceruledge\n|\n|-weather|SunnyDay|[upkeep]\n|upkeep\n|\n|t:|1700289797\n|switch|p1a: Garchomp|Garchomp, M, shiny, tera:Fire|76\/100\n|-damage|p1a: Garchomp|51\/100|[from] Stealth Rock\n|-activate|p1a: Garchomp|move: Sticky Web\n|-unboost|p1a: Garchomp|spe|1\n|turn|21\n|\n|t:|1700289799\n|move|p1a: Garchomp|Earthquake|p2a: Gholdengo\n|-supereffective|p2a: Gholdengo\n|-damage|p2a: Gholdengo|0 fnt\n|faint|p2a: Gholdengo\n|\n|-weather|SunnyDay|[upkeep]\n|upkeep\n|c|\u2606did it done|.-.\n|\n|t:|1700289806\n|switch|p2a: Walking Wake|Walking Wake|94\/100\n|-activate|p2a: Walking Wake|ability: Protosynthesis\n|-start|p2a: Walking Wake|protosynthesisspa\n|turn|22\n|c|\u2606did it done|wp\n|\n|t:|1700289836\n|switch|p1a: Corviknight|Corviknight, M, shiny|100\/100\n|-damage|p1a: Corviknight|88\/100|[from] Stealth Rock\n|-ability|p1a: Corviknight|Pressure\n|move|p2a: Walking Wake|Hydro Steam|p1a: Corviknight\n|-damage|p1a: Corviknight|0 fnt\n|faint|p1a: Corviknight\n|\n|-weather|none\n|-end|p2a: Walking Wake|Protosynthesis\n|upkeep\n|\n|t:|1700289838\n|switch|p1a: Garchomp|Garchomp, M, shiny, tera:Fire|51\/100\n|-damage|p1a: Garchomp|26\/100|[from] Stealth Rock\n|-activate|p1a: Garchomp|move: Sticky Web\n|-unboost|p1a: Garchomp|spe|1\n|turn|23\n|\n|t:|1700289862\n|move|p2a: Walking Wake|Hydro Steam|p1a: Garchomp\n|-supereffective|p1a: Garchomp\n|-damage|p1a: Garchomp|0 fnt\n|faint|p1a: Garchomp\n|\n|win|Silver Jay#2240\n|raw|did it done's rating: 1425 &rarr; <strong>1408<\/strong><br \/>(-17 for losing)\n|raw|Silver Jay#2240's rating: 1469 &rarr; <strong>1486<\/strong><br \/>(+17 for winning)\n|l|\u2606did it done\n|j|\u2606did it done\n|player|p1|did it done|will-gen2\n|l|\u2606did it done\n|player|p1|\n|j|\u2606did it done\n|player|p1|did it done|will-gen2\n","uploadtime":1700290104,"views":19,"p1id":"diditdone","p2id":"silverjay2240","formatid":"gen9ou","rating":1408,"private":0,"password":""}