{"id":"gen9ou-1997246484","p1":"lucascarneiro","p2":"cheik777","format":"[Gen 9] OU","log":"|j|\u2606lucascarneiro\n|j|\u2606cheik777\n|t:|1700779983\n|gametype|singles\n|player|p1|lucascarneiro|170|1601\n|player|p2|cheik777|flint|1578\n|teamsize|p1|6\n|teamsize|p2|6\n|gen|9\n|tier|[Gen 9] OU\n|rated|\n|rule|Sleep Clause Mod: Limit one foe put to sleep\n|rule|Species Clause: Limit one of each Pok\u00e9mon\n|rule|OHKO Clause: OHKO moves are banned\n|rule|Evasion Items Clause: Evasion items are banned\n|rule|Evasion Moves Clause: Evasion moves are banned\n|rule|Endless Battle Clause: Forcing endless battles is banned\n|rule|HP Percentage Mod: HP is shown in percentages\n|clearpoke\n|poke|p1|Zarude|\n|poke|p1|Ribombee, F|\n|poke|p1|Gholdengo|\n|poke|p1|Great Tusk|\n|poke|p1|Indeedee, M|\n|poke|p1|Glimmora, M|\n|poke|p2|Dragapult, F|\n|poke|p2|Dragonite, M|\n|poke|p2|Cinderace, F|\n|poke|p2|Great Tusk|\n|poke|p2|Zapdos|\n|poke|p2|Hatterene, F|\n|teampreview\n|inactive|Battle timer is ON: inactive players will automatically lose when time's up. (requested by cheik777)\n|\n|t:|1700779997\n|start\n|switch|p1a: Ribombee|Ribombee, F|100\/100\n|switch|p2a: Dragapult|Dragapult, F|100\/100\n|turn|1\n|\n|t:|1700780006\n|-terastallize|p2a: Dragapult|Fire\n|move|p2a: Dragapult|Flamethrower|p1a: Ribombee\n|-supereffective|p1a: Ribombee\n|-enditem|p1a: Ribombee|Focus Sash\n|-damage|p1a: Ribombee|1\/100\n|move|p1a: Ribombee|Sticky Web|p2a: Dragapult\n|-sidestart|p2: cheik777|move: Sticky Web\n|\n|upkeep\n|turn|2\n|\n|t:|1700780016\n|switch|p1a: Glimmora|Glimmora, M|100\/100\n|move|p2a: Dragapult|Flamethrower|p1a: Glimmora\n|-resisted|p1a: Glimmora\n|-damage|p1a: Glimmora|64\/100\n|\n|upkeep\n|turn|3\n|\n|t:|1700780025\n|switch|p2a: Hatterene|Hatterene, F|100\/100\n|-activate|p2a: Hatterene|move: Sticky Web\n|-unboost|p2a: Hatterene|spe|1\n|move|p1a: Glimmora|Power Gem|p2a: Hatterene\n|-damage|p2a: Hatterene|40\/100\n|\n|-heal|p2a: Hatterene|46\/100|[from] item: Leftovers\n|upkeep\n|turn|4\n|\n|t:|1700780038\n|switch|p2a: Great Tusk|Great Tusk|100\/100\n|-activate|p2a: Great Tusk|move: Sticky Web\n|-unboost|p2a: Great Tusk|spe|1\n|move|p1a: Glimmora|Power Gem|p2a: Great Tusk\n|-resisted|p2a: Great Tusk\n|-damage|p2a: Great Tusk|80\/100\n|\n|-heal|p2a: Great Tusk|87\/100|[from] item: Leftovers\n|upkeep\n|turn|5\n|\n|t:|1700780046\n|switch|p1a: Gholdengo|Gholdengo|100\/100\n|-item|p1a: Gholdengo|Air Balloon\n|move|p2a: Great Tusk|Rapid Spin|p1a: Gholdengo\n|-immune|p1a: Gholdengo\n|\n|-heal|p2a: Great Tusk|93\/100|[from] item: Leftovers\n|upkeep\n|turn|6\n|\n|t:|1700780056\n|move|p1a: Gholdengo|Nasty Plot|p1a: Gholdengo\n|-boost|p1a: Gholdengo|spa|2\n|move|p2a: Great Tusk|Knock Off|p1a: Gholdengo\n|-supereffective|p1a: Gholdengo\n|-damage|p1a: Gholdengo|35\/100\n|-enditem|p1a: Gholdengo|Air Balloon\n|\n|-heal|p2a: Great Tusk|99\/100|[from] item: Leftovers\n|upkeep\n|turn|7\n|\n|t:|1700780065\n|move|p1a: Gholdengo|Shadow Ball|p2a: Great Tusk\n|-damage|p2a: Great Tusk|0 fnt\n|faint|p2a: Great Tusk\n|-end|p2a: Great Tusk|Protosynthesis|[silent]\n|\n|upkeep\n|\n|t:|1700780075\n|switch|p2a: Dragonite|Dragonite, M|100\/100\n|turn|8\n|\n|t:|1700780078\n|move|p1a: Gholdengo|Make It Rain|p2a: Dragonite\n|-damage|p2a: Dragonite|35\/100\n|-unboost|p1a: Gholdengo|spa|1\n|move|p2a: Dragonite|Dragon Dance|p2a: Dragonite\n|-boost|p2a: Dragonite|atk|1\n|-boost|p2a: Dragonite|spe|1\n|\n|-heal|p2a: Dragonite|41\/100|[from] item: Leftovers\n|upkeep\n|turn|9\n|\n|t:|1700780096\n|move|p2a: Dragonite|Earthquake|p1a: Gholdengo\n|-supereffective|p1a: Gholdengo\n|-crit|p1a: Gholdengo\n|-damage|p1a: Gholdengo|0 fnt\n|faint|p1a: Gholdengo\n|\n|-heal|p2a: Dragonite|48\/100|[from] item: Leftovers\n|upkeep\n|\n|t:|1700780102\n|switch|p1a: Indeedee|Indeedee, M|100\/100\n|-fieldstart|move: Psychic Terrain|[from] ability: Psychic Surge|[of] p1a: Indeedee\n|turn|10\n|\n|t:|1700780110\n|move|p1a: Indeedee|Dazzling Gleam|p2a: Dragonite\n|-supereffective|p2a: Dragonite\n|-damage|p2a: Dragonite|0 fnt\n|faint|p2a: Dragonite\n|\n|upkeep\n|\n|t:|1700780121\n|switch|p2a: Cinderace|Cinderace, F|100\/100\n|turn|11\n|\n|t:|1700780126\n|switch|p1a: Glimmora|Glimmora, M|64\/100\n|move|p2a: Cinderace|U-turn|p1a: Glimmora\n|-start|p2a: Cinderace|typechange|Bug|[from] ability: Libero\n|-resisted|p1a: Glimmora\n|-damage|p1a: Glimmora|43\/100\n|-activate|p1a: Glimmora|ability: Toxic Debris\n|-sidestart|p2: cheik777|move: Toxic Spikes\n|\n|t:|1700780133\n|switch|p2a: Zapdos|Zapdos|100\/100|[from] U-turn\n|\n|upkeep\n|turn|12\n|\n|t:|1700780142\n|move|p2a: Zapdos|Volt Switch|p1a: Glimmora\n|-damage|p1a: Glimmora|4\/100\n|\n|t:|1700780145\n|switch|p2a: Hatterene|Hatterene, F|46\/100|[from] Volt Switch\n|-activate|p2a: Hatterene|move: Sticky Web\n|-unboost|p2a: Hatterene|spe|1\n|-status|p2a: Hatterene|psn\n|move|p1a: Glimmora|Power Gem|p2a: Hatterene\n|-damage|p2a: Hatterene|0 fnt\n|faint|p2a: Hatterene\n|\n|upkeep\n|\n|t:|1700780164\n|switch|p2a: Cinderace|Cinderace, F|100\/100\n|turn|13\n|\n|t:|1700780166\n|move|p2a: Cinderace|Pyro Ball|p1a: Glimmora\n|-resisted|p1a: Glimmora\n|-damage|p1a: Glimmora|0 fnt\n|-activate|p1a: Glimmora|ability: Toxic Debris\n|-sidestart|p2: cheik777|move: Toxic Spikes\n|faint|p1a: Glimmora\n|\n|upkeep\n|\n|t:|1700780180\n|switch|p1a: Ribombee|Ribombee, F|1\/100\n|turn|14\n|\n|t:|1700780186\n|move|p1a: Ribombee|Stun Spore|p2a: Cinderace\n|-status|p2a: Cinderace|par\n|move|p2a: Cinderace|Pyro Ball|p1a: Ribombee\n|-supereffective|p1a: Ribombee\n|-damage|p1a: Ribombee|0 fnt\n|faint|p1a: Ribombee\n|\n|-fieldend|move: Psychic Terrain\n|upkeep\n|\n|t:|1700780200\n|switch|p1a: Great Tusk|Great Tusk|100\/100\n|-enditem|p1a: Great Tusk|Booster Energy\n|-activate|p1a: Great Tusk|ability: Protosynthesis|[fromitem]\n|-start|p1a: Great Tusk|protosynthesisatk\n|turn|15\n|\n|t:|1700780206\n|switch|p2a: Zapdos|Zapdos|100\/100\n|move|p1a: Great Tusk|Headlong Rush|p2a: Zapdos\n|-immune|p2a: Zapdos\n|\n|upkeep\n|turn|16\n|\n|t:|1700780213\n|move|p2a: Zapdos|Hurricane|p1a: Great Tusk\n|-supereffective|p1a: Great Tusk\n|-damage|p1a: Great Tusk|0 fnt\n|faint|p1a: Great Tusk\n|-end|p1a: Great Tusk|Protosynthesis|[silent]\n|\n|upkeep\n|\n|t:|1700780218\n|switch|p1a: Indeedee|Indeedee, M|100\/100\n|-fieldstart|move: Psychic Terrain|[from] ability: Psychic Surge|[of] p1a: Indeedee\n|turn|17\n|\n|t:|1700780225\n|move|p1a: Indeedee|Psychic|p2a: Zapdos\n|-damage|p2a: Zapdos|52\/100\n|move|p2a: Zapdos|Hurricane|p1a: Indeedee\n|-damage|p1a: Indeedee|35\/100\n|-start|p1a: Indeedee|confusion\n|\n|upkeep\n|turn|18\n|\n|t:|1700780234\n|-activate|p1a: Indeedee|confusion\n|move|p1a: Indeedee|Psychic|p2a: Zapdos\n|-damage|p2a: Zapdos|4\/100\n|move|p2a: Zapdos|Roost|p2a: Zapdos\n|-heal|p2a: Zapdos|54\/100\n|-singleturn|p2a: Zapdos|move: Roost\n|\n|upkeep\n|turn|19\n|\n|t:|1700780246\n|-activate|p1a: Indeedee|confusion\n|move|p1a: Indeedee|Psychic|p2a: Zapdos\n|-damage|p2a: Zapdos|7\/100\n|move|p2a: Zapdos|Roost|p2a: Zapdos\n|-heal|p2a: Zapdos|57\/100\n|-singleturn|p2a: Zapdos|move: Roost\n|\n|upkeep\n|turn|20\n|\n|t:|1700780252\n|-activate|p1a: Indeedee|confusion\n|-damage|p1a: Indeedee|25\/100|[from] confusion\n|move|p2a: Zapdos|Roost|p2a: Zapdos\n|-heal|p2a: Zapdos|100\/100\n|-singleturn|p2a: Zapdos|move: Roost\n|\n|upkeep\n|turn|21\n|\n|t:|1700780261\n|switch|p1a: Zarude|Zarude|100\/100\n|-enditem|p1a: Zarude|Psychic Seed\n|-boost|p1a: Zarude|spd|1|[from] item: Psychic Seed\n|move|p2a: Zapdos|Volt Switch|p1a: Zarude\n|-resisted|p1a: Zarude\n|-damage|p1a: Zarude|90\/100\n|\n|t:|1700780269\n|switch|p2a: Cinderace|Cinderace, F|100\/100 par|[from] Volt Switch\n|\n|-fieldend|move: Psychic Terrain\n|upkeep\n|turn|22\n|\n|t:|1700780280\n|-terastallize|p1a: Zarude|Flying\n|move|p1a: Zarude|Bulk Up|p1a: Zarude\n|-boost|p1a: Zarude|atk|1\n|-boost|p1a: Zarude|def|1\n|move|p2a: Cinderace|U-turn|p1a: Zarude\n|-start|p2a: Cinderace|typechange|Bug|[from] ability: Libero\n|-resisted|p1a: Zarude\n|-damage|p1a: Zarude|80\/100\n|\n|t:|1700780289\n|switch|p2a: Zapdos|Zapdos|100\/100|[from] U-turn\n|\n|upkeep\n|turn|23\n|\n|t:|1700780298\n|move|p1a: Zarude|Crunch|p2a: Zapdos\n|-damage|p2a: Zapdos|35\/100\n|move|p2a: Zapdos|Hurricane|p1a: Zarude|[miss]\n|-miss|p2a: Zapdos|p1a: Zarude\n|\n|upkeep\n|turn|24\n|\n|t:|1700780304\n|move|p1a: Zarude|Crunch|p2a: Zapdos\n|-damage|p2a: Zapdos|0 fnt\n|-status|p1a: Zarude|par|[from] ability: Static|[of] p2a: Zapdos\n|faint|p2a: Zapdos\n|\n|upkeep\n|\n|t:|1700780320\n|switch|p2a: Cinderace|Cinderace, F|100\/100 par\n|turn|25\n|\n|t:|1700780324\n|move|p2a: Cinderace|Pyro Ball|p1a: Zarude\n|-damage|p1a: Zarude|46\/100 par\n|move|p1a: Zarude|Acrobatics|p2a: Cinderace\n|-damage|p2a: Cinderace|0 fnt\n|faint|p2a: Cinderace\n|\n|upkeep\n|\n|t:|1700780333\n|switch|p2a: Dragapult|Dragapult, F, tera:Fire|100\/100\n|-activate|p2a: Dragapult|move: Sticky Web\n|-unboost|p2a: Dragapult|spe|1\n|-status|p2a: Dragapult|tox\n|turn|26\n|\n|t:|1700780344\n|move|p2a: Dragapult|Flamethrower|p1a: Zarude\n|-damage|p1a: Zarude|3\/100 par\n|move|p1a: Zarude|Acrobatics|p2a: Dragapult\n|-damage|p2a: Dragapult|0 fnt\n|faint|p2a: Dragapult\n|\n|win|lucascarneiro\n|raw|lucascarneiro's rating: 1601 &rarr; <strong>1620<\/strong><br \/>(+19 for winning)\n|raw|cheik777's rating: 1578 &rarr; <strong>1559<\/strong><br \/>(-19 for losing)\n","uploadtime":1700780353,"views":5,"p1id":"lucascarneiro","p2id":"cheik777","formatid":"gen9ou","rating":1559,"private":0,"password":""}