{"id":"gen9ou-1995615784","p1":"ratdogge","p2":"PLAYB0I R0BBIE B","format":"[Gen 9] OU","log":"|j|\u2606ratdogge\n|j|\u2606PLAYB0I R0BBIE B\n|t:|1700587754\n|gametype|singles\n|player|p1|ratdogge|bugcatcher-gen4dp|1267\n|player|p2|PLAYB0I R0BBIE B|eusine|1341\n|teamsize|p1|6\n|teamsize|p2|6\n|gen|9\n|tier|[Gen 9] OU\n|rated|\n|rule|Sleep Clause Mod: Limit one foe put to sleep\n|rule|Species Clause: Limit one of each Pok\u00e9mon\n|rule|OHKO Clause: OHKO moves are banned\n|rule|Evasion Items Clause: Evasion items are banned\n|rule|Evasion Moves Clause: Evasion moves are banned\n|rule|Endless Battle Clause: Forcing endless battles is banned\n|rule|HP Percentage Mod: HP is shown in percentages\n|clearpoke\n|poke|p1|Lokix, M|\n|poke|p1|Ribombee, F|\n|poke|p1|Slither Wing|\n|poke|p1|Kleavor, F|\n|poke|p1|Forretress, F|\n|poke|p1|Frosmoth, F|\n|poke|p2|Meowscarada, F|\n|poke|p2|Heatran, F|\n|poke|p2|Thundurus-Therian, M|\n|poke|p2|Dragapult, F|\n|poke|p2|Great Tusk|\n|poke|p2|Azumarill, F|\n|teampreview\n|inactive|Battle timer is ON: inactive players will automatically lose when time's up. (requested by ratdogge)\n|\n|t:|1700587758\n|start\n|switch|p1a: :|Ribombee, F|100\/100\n|switch|p2a: 5% TINT|Heatran, F|100\/100\n|-item|p2a: 5% TINT|Air Balloon\n|turn|1\n|\n|t:|1700587762\n|move|p1a: :|Sticky Web|p2a: 5% TINT\n|-sidestart|p2: PLAYB0I R0BBIE B|move: Sticky Web\n|move|p2a: 5% TINT|Magma Storm|p1a: :\n|-supereffective|p1a: :\n|-enditem|p1a: :|Focus Sash\n|-damage|p1a: :|1\/100\n|-activate|p1a: :|move: Magma Storm|[of] p2a: 5% TINT\n|\n|-damage|p1a: :|0 fnt|[from] move: Magma Storm|[partiallytrapped]\n|faint|p1a: :\n|upkeep\n|\n|t:|1700587777\n|switch|p1a: No|Kleavor, F|100\/100\n|turn|2\n|\n|t:|1700587784\n|switch|p2a: NO BYSTANDERS|Dragapult, F|100\/100\n|move|p1a: No|Stone Axe|p2a: NO BYSTANDERS\n|-damage|p2a: NO BYSTANDERS|16\/100\n|-sidestart|p2: PLAYB0I R0BBIE B|move: Stealth Rock\n|\n|upkeep\n|turn|3\n|\n|t:|1700587797\n|move|p2a: NO BYSTANDERS|Thunder Wave|p1a: No|[miss]\n|-miss|p2a: NO BYSTANDERS|p1a: No\n|move|p1a: No|U-turn|p2a: NO BYSTANDERS\n|-resisted|p2a: NO BYSTANDERS\n|-damage|p2a: NO BYSTANDERS|0 fnt\n|faint|p2a: NO BYSTANDERS\n|inactive|ratdogge has 120 seconds left.\n|\n|t:|1700587824\n|switch|p1a: Bingus|Slither Wing|100\/100|[from] U-turn\n|-enditem|p1a: Bingus|Booster Energy\n|-activate|p1a: Bingus|ability: Protosynthesis|[fromitem]\n|-start|p1a: Bingus|protosynthesisspe\n|\n|upkeep\n|\n|t:|1700587833\n|switch|p2a: CAN'T SAY|Azumarill, F|100\/100\n|-activate|p2a: CAN'T SAY|move: Sticky Web\n|-unboost|p2a: CAN'T SAY|spe|1\n|-damage|p2a: CAN'T SAY|88\/100|[from] Stealth Rock\n|turn|4\n|\n|t:|1700587838\n|move|p1a: Bingus|Earthquake|p2a: CAN'T SAY\n|-crit|p2a: CAN'T SAY\n|-damage|p2a: CAN'T SAY|49\/100\n|move|p2a: CAN'T SAY|Play Rough|p1a: Bingus\n|-supereffective|p1a: Bingus\n|-damage|p1a: Bingus|0 fnt\n|faint|p1a: Bingus\n|-end|p1a: Bingus|Protosynthesis|[silent]\n|\n|upkeep\n|\n|t:|1700587847\n|switch|p1a: Will he do it?|Lokix, M|100\/100\n|turn|5\n|\n|t:|1700587855\n|move|p1a: Will he do it?|Knock Off|p2a: CAN'T SAY\n|-resisted|p2a: CAN'T SAY\n|-damage|p2a: CAN'T SAY|0 fnt\n|-enditem|p2a: CAN'T SAY|Assault Vest|[from] move: Knock Off|[of] p1a: Will he do it?\n|faint|p2a: CAN'T SAY\n|-damage|p1a: Will he do it?|91\/100|[from] item: Life Orb\n|\n|upkeep\n|\n|t:|1700587859\n|switch|p2a: YOSEMITE|Great Tusk|100\/100\n|turn|6\n|\n|t:|1700587864\n|move|p1a: Will he do it?|Knock Off|p2a: YOSEMITE\n|-resisted|p2a: YOSEMITE\n|-damage|p2a: YOSEMITE|57\/100\n|-enditem|p2a: YOSEMITE|Heavy-Duty Boots|[from] move: Knock Off|[of] p1a: Will he do it?\n|-damage|p1a: Will he do it?|81\/100|[from] item: Life Orb\n|move|p2a: YOSEMITE|Rapid Spin|p1a: Will he do it?\n|-damage|p1a: Will he do it?|55\/100\n|-boost|p2a: YOSEMITE|spe|1\n|-sideend|p2: PLAYB0I R0BBIE B|Stealth Rock|[from] move: Rapid Spin|[of] p2a: YOSEMITE\n|-sideend|p2: PLAYB0I R0BBIE B|Sticky Web|[from] move: Rapid Spin|[of] p2a: YOSEMITE\n|\n|upkeep\n|turn|7\n|\n|t:|1700587868\n|move|p2a: YOSEMITE|Close Combat|p1a: Will he do it?\n|-damage|p1a: Will he do it?|0 fnt\n|-unboost|p2a: YOSEMITE|def|1\n|-unboost|p2a: YOSEMITE|spd|1\n|faint|p1a: Will he do it?\n|\n|upkeep\n|\n|t:|1700587870\n|switch|p1a: Gun|Forretress, F|100\/100\n|turn|8\n|\n|t:|1700587877\n|-end|p2a: YOSEMITE|Protosynthesis|[silent]\n|switch|p2a: 5% TINT|Heatran, F|100\/100\n|-item|p2a: 5% TINT|Air Balloon\n|move|p1a: Gun|Body Press|p2a: 5% TINT\n|-supereffective|p2a: 5% TINT\n|-damage|p2a: 5% TINT|40\/100\n|-enditem|p2a: 5% TINT|Air Balloon\n|\n|upkeep\n|turn|9\n|\n|t:|1700587881\n|move|p2a: 5% TINT|Magma Storm|p1a: Gun\n|-supereffective|p1a: Gun\n|-ability|p1a: Gun|Sturdy\n|-damage|p1a: Gun|1\/100\n|-activate|p1a: Gun|move: Magma Storm|[of] p2a: 5% TINT\n|move|p1a: Gun|Body Press|p2a: 5% TINT\n|-supereffective|p2a: 5% TINT\n|-damage|p2a: 5% TINT|0 fnt\n|faint|p2a: 5% TINT\n|\n|-end|p1a: Gun|Magma Storm|[partiallytrapped]|[silent]\n|upkeep\n|\n|t:|1700587886\n|switch|p2a: SICKO MODE|Meowscarada, F|100\/100\n|turn|10\n|\n|t:|1700587889\n|move|p2a: SICKO MODE|U-turn|p1a: Gun\n|-start|p2a: SICKO MODE|typechange|Bug|[from] ability: Protean\n|-resisted|p1a: Gun\n|-damage|p1a: Gun|0 fnt\n|faint|p1a: Gun\n|\n|t:|1700587894\n|switch|p2a: ASTROTHUNDER|Thundurus-Therian, M|100\/100|[from] U-turn\n|\n|upkeep\n|c|\u2606ratdogge|Grandma sicko mode\n|\n|t:|1700587900\n|switch|p1a: No|Kleavor, F|100\/100\n|turn|11\n|\n|t:|1700587905\n|-terastallize|p2a: ASTROTHUNDER|Flying\n|move|p2a: ASTROTHUNDER|Tera Blast|p1a: No|[anim] Tera Blast Flying\n|-damage|p1a: No|0 fnt\n|faint|p1a: No\n|\n|upkeep\n|\n|t:|1700587910\n|switch|p1a: Lass|Frosmoth, F|100\/100\n|turn|12\n|\n|t:|1700587912\n|-terastallize|p1a: Lass|Ground\n|move|p2a: ASTROTHUNDER|Tera Blast|p1a: Lass|[anim] Tera Blast Flying\n|-damage|p1a: Lass|38\/100\n|move|p1a: Lass|Quiver Dance|p1a: Lass\n|-boost|p1a: Lass|spa|1\n|-boost|p1a: Lass|spd|1\n|-boost|p1a: Lass|spe|1\n|\n|upkeep\n|turn|13\n|\n|t:|1700587916\n|move|p1a: Lass|Ice Beam|p2a: ASTROTHUNDER\n|-supereffective|p2a: ASTROTHUNDER\n|-damage|p2a: ASTROTHUNDER|0 fnt\n|faint|p2a: ASTROTHUNDER\n|\n|upkeep\n|\n|t:|1700587920\n|switch|p2a: SICKO MODE|Meowscarada, F|100\/100\n|turn|14\n|\n|t:|1700587921\n|move|p2a: SICKO MODE|Flower Trick|p1a: Lass\n|-start|p2a: SICKO MODE|typechange|Grass|[from] ability: Protean\n|-supereffective|p1a: Lass\n|-crit|p1a: Lass\n|-damage|p1a: Lass|0 fnt\n|faint|p1a: Lass\n|\n|win|PLAYB0I R0BBIE B\n|raw|ratdogge's rating: 1267 &rarr; <strong>1247<\/strong><br \/>(-20 for losing)\n|raw|PLAYB0I R0BBIE B's rating: 1341 &rarr; <strong>1357<\/strong><br \/>(+16 for winning)\n","uploadtime":1700587926,"views":2,"p1id":"ratdogge","p2id":"playb0ir0bbieb","formatid":"gen9ou","rating":1247,"private":0,"password":""}