{"id":"gen9ou-1995866364","p1":"MonoEv","p2":"bruc3wi11is","format":"[Gen 9] OU","log":"|j|\u2606MonoEv\n|j|\u2606bruc3wi11is\n|t:|1700611322\n|gametype|singles\n|player|p1|MonoEv|veteran|1281\n|player|p2|bruc3wi11is|265|1300\n|teamsize|p1|6\n|teamsize|p2|6\n|gen|9\n|tier|[Gen 9] OU\n|rated|\n|rule|Sleep Clause Mod: Limit one foe put to sleep\n|rule|Species Clause: Limit one of each Pok\u00e9mon\n|rule|OHKO Clause: OHKO moves are banned\n|rule|Evasion Items Clause: Evasion items are banned\n|rule|Evasion Moves Clause: Evasion moves are banned\n|rule|Endless Battle Clause: Forcing endless battles is banned\n|rule|HP Percentage Mod: HP is shown in percentages\n|clearpoke\n|poke|p1|Corviknight, F|\n|poke|p1|Slowking-Galar, M|\n|poke|p1|Dragonite, M|\n|poke|p1|Dragapult, F|\n|poke|p1|Milotic, M|\n|poke|p1|Scizor, F|\n|poke|p2|Kingambit, F|\n|poke|p2|Thundurus-Therian, M|\n|poke|p2|Goodra-Hisui, F|\n|poke|p2|Great Tusk|\n|poke|p2|Ursaluna, F|\n|poke|p2|Iron Moth|\n|teampreview\n|inactive|Battle timer is ON: inactive players will automatically lose when time's up. (requested by bruc3wi11is)\n|\n|t:|1700611333\n|start\n|switch|p1a: Dragapult|Dragapult, F, shiny|100\/100\n|switch|p2a: Ursaluna|Ursaluna, F|100\/100\n|turn|1\n|\n|t:|1700611355\n|switch|p2a: Goodra|Goodra-Hisui, F|100\/100\n|move|p1a: Dragapult|U-turn|p2a: Goodra\n|-resisted|p2a: Goodra\n|-damage|p2a: Goodra|94\/100\n|\n|t:|1700611360\n|switch|p1a: Scizor|Scizor, F|100\/100|[from] U-turn\n|\n|-heal|p2a: Goodra|99\/100|[from] item: Leftovers\n|upkeep\n|turn|2\n|\n|t:|1700611364\n|move|p1a: Scizor|U-turn|p2a: Goodra\n|-resisted|p2a: Goodra\n|-damage|p2a: Goodra|75\/100\n|\n|t:|1700611367\n|switch|p1a: Milotic|Milotic, M, shiny|100\/100|[from] U-turn\n|move|p2a: Goodra|Flamethrower|p1a: Milotic\n|-resisted|p1a: Milotic\n|-damage|p1a: Milotic|92\/100\n|\n|-heal|p2a: Goodra|82\/100|[from] item: Leftovers\n|upkeep\n|turn|3\n|\n|t:|1700611374\n|move|p2a: Goodra|Acid Spray|p1a: Milotic\n|-damage|p1a: Milotic|86\/100\n|-unboost|p1a: Milotic|spd|2\n|move|p1a: Milotic|Mirror Coat|p2a: Goodra\n|-damage|p2a: Goodra|67\/100\n|\n|-heal|p2a: Goodra|73\/100|[from] item: Leftovers\n|upkeep\n|turn|4\n|\n|t:|1700611379\n|move|p2a: Goodra|Flash Cannon|p1a: Milotic\n|-resisted|p1a: Milotic\n|-damage|p1a: Milotic|64\/100\n|move|p1a: Milotic|Mirror Coat|p2a: Goodra\n|-damage|p2a: Goodra|28\/100\n|\n|-heal|p2a: Goodra|34\/100|[from] item: Leftovers\n|upkeep\n|turn|5\n|\n|t:|1700611395\n|switch|p1a: Corviknight|Corviknight, F, shiny|100\/100\n|move|p2a: Goodra|Draco Meteor|p1a: Corviknight\n|-resisted|p1a: Corviknight\n|-damage|p1a: Corviknight|77\/100\n|-unboost|p2a: Goodra|spa|2\n|\n|-heal|p2a: Goodra|40\/100|[from] item: Leftovers\n|upkeep\n|turn|6\n|\n|t:|1700611404\n|switch|p2a: Thundurus|Thundurus-Therian, M|100\/100\n|move|p1a: Corviknight|U-turn|p2a: Thundurus\n|-resisted|p2a: Thundurus\n|-damage|p2a: Thundurus|90\/100\n|\n|t:|1700611419\n|switch|p1a: Dragapult|Dragapult, F, shiny|100\/100|[from] U-turn\n|\n|upkeep\n|turn|7\n|\n|t:|1700611422\n|switch|p2a: Goodra|Goodra-Hisui, F|40\/100\n|move|p1a: Dragapult|Draco Meteor|p2a: Goodra\n|-damage|p2a: Goodra|0 fnt\n|-unboost|p1a: Dragapult|spa|2\n|faint|p2a: Goodra\n|\n|upkeep\n|\n|t:|1700611425\n|switch|p2a: Great Tusk|Great Tusk|100\/100\n|turn|8\n|\n|t:|1700611438\n|switch|p1a: Corviknight|Corviknight, F, shiny|77\/100\n|move|p2a: Great Tusk|Stealth Rock|p1a: Corviknight\n|-sidestart|p1: MonoEv|move: Stealth Rock\n|\n|upkeep\n|turn|9\n|\n|t:|1700611442\n|move|p2a: Great Tusk|Knock Off|p1a: Corviknight\n|-damage|p1a: Corviknight|61\/100\n|-damage|p2a: Great Tusk|84\/100|[from] item: Rocky Helmet|[of] p1a: Corviknight\n|-enditem|p1a: Corviknight|Rocky Helmet|[from] move: Knock Off|[of] p2a: Great Tusk\n|move|p1a: Corviknight|Defog|p2a: Great Tusk\n|-unboost|p2a: Great Tusk|evasion|1\n|-sideend|p1: MonoEv|Stealth Rock|[from] move: Defog|[of] p1a: Corviknight\n|\n|upkeep\n|turn|10\n|\n|t:|1700611448\n|move|p2a: Great Tusk|Stealth Rock|p1a: Corviknight\n|-sidestart|p1: MonoEv|move: Stealth Rock\n|move|p1a: Corviknight|Roost|p1a: Corviknight\n|-heal|p1a: Corviknight|100\/100\n|-singleturn|p1a: Corviknight|move: Roost\n|\n|upkeep\n|turn|11\n|\n|t:|1700611455\n|move|p2a: Great Tusk|Stealth Rock||[still]\n|-fail|p2a: Great Tusk\n|move|p1a: Corviknight|Brave Bird|p2a: Great Tusk\n|-supereffective|p2a: Great Tusk\n|-damage|p2a: Great Tusk|48\/100\n|-damage|p1a: Corviknight|84\/100|[from] item: Rocky Helmet|[of] p2a: Great Tusk\n|-damage|p1a: Corviknight|71\/100|[from] Recoil\n|\n|upkeep\n|turn|12\n|\n|t:|1700611458\n|move|p2a: Great Tusk|Stealth Rock||[still]\n|-fail|p2a: Great Tusk\n|move|p1a: Corviknight|Defog|p2a: Great Tusk\n|-unboost|p2a: Great Tusk|evasion|1\n|-sideend|p1: MonoEv|Stealth Rock|[from] move: Defog|[of] p1a: Corviknight\n|\n|upkeep\n|turn|13\n|\n|t:|1700611461\n|move|p2a: Great Tusk|Stealth Rock|p1a: Corviknight\n|-sidestart|p1: MonoEv|move: Stealth Rock\n|move|p1a: Corviknight|Brave Bird|p2a: Great Tusk\n|-supereffective|p2a: Great Tusk\n|-damage|p2a: Great Tusk|11\/100\n|-damage|p1a: Corviknight|54\/100|[from] item: Rocky Helmet|[of] p2a: Great Tusk\n|-damage|p1a: Corviknight|41\/100|[from] Recoil\n|\n|upkeep\n|turn|14\n|\n|t:|1700611463\n|move|p2a: Great Tusk|Stealth Rock||[still]\n|-fail|p2a: Great Tusk\n|move|p1a: Corviknight|Defog|p2a: Great Tusk\n|-unboost|p2a: Great Tusk|evasion|1\n|-sideend|p1: MonoEv|Stealth Rock|[from] move: Defog|[of] p1a: Corviknight\n|\n|upkeep\n|turn|15\n|\n|t:|1700611466\n|move|p2a: Great Tusk|Stealth Rock|p1a: Corviknight\n|-sidestart|p1: MonoEv|move: Stealth Rock\n|move|p1a: Corviknight|Roost|p1a: Corviknight\n|-heal|p1a: Corviknight|91\/100\n|-singleturn|p1a: Corviknight|move: Roost\n|\n|upkeep\n|turn|16\n|\n|t:|1700611469\n|move|p2a: Great Tusk|Stealth Rock||[still]\n|-fail|p2a: Great Tusk\n|move|p1a: Corviknight|Brave Bird|p2a: Great Tusk\n|-supereffective|p2a: Great Tusk\n|-damage|p2a: Great Tusk|0 fnt\n|-damage|p1a: Corviknight|75\/100|[from] item: Rocky Helmet|[of] p2a: Great Tusk\n|faint|p2a: Great Tusk\n|-end|p2a: Great Tusk|Protosynthesis|[silent]\n|-damage|p1a: Corviknight|71\/100|[from] Recoil\n|\n|upkeep\n|\n|t:|1700611472\n|switch|p2a: Iron Moth|Iron Moth|100\/100\n|-enditem|p2a: Iron Moth|Booster Energy\n|-activate|p2a: Iron Moth|ability: Quark Drive|[fromitem]\n|-start|p2a: Iron Moth|quarkdrivespe\n|turn|17\n|\n|t:|1700611476\n|switch|p1a: Milotic|Milotic, M, shiny|64\/100\n|move|p2a: Iron Moth|Fiery Dance|p1a: Milotic\n|-resisted|p1a: Milotic\n|-damage|p1a: Milotic|51\/100\n|-boost|p2a: Iron Moth|spa|1\n|\n|upkeep\n|turn|18\n|\n|t:|1700611484\n|move|p2a: Iron Moth|Energy Ball|p1a: Milotic\n|-supereffective|p1a: Milotic\n|-crit|p1a: Milotic\n|-damage|p1a: Milotic|0 fnt\n|faint|p1a: Milotic\n|\n|upkeep\n|\n|t:|1700611494\n|switch|p1a: Dragonite|Dragonite, M, shiny|100\/100\n|turn|19\n|\n|t:|1700611499\n|-terastallize|p1a: Dragonite|Normal\n|move|p1a: Dragonite|Extreme Speed|p2a: Iron Moth\n|-damage|p2a: Iron Moth|32\/100\n|move|p2a: Iron Moth|Sludge Wave|p1a: Dragonite\n|-damage|p1a: Dragonite|65\/100\n|\n|upkeep\n|turn|20\n|\n|t:|1700611510\n|move|p1a: Dragonite|Extreme Speed|p2a: Iron Moth\n|-damage|p2a: Iron Moth|0 fnt\n|faint|p2a: Iron Moth\n|-end|p2a: Iron Moth|Quark Drive|[silent]\n|\n|upkeep\n|\n|t:|1700611518\n|switch|p2a: Ursaluna|Ursaluna, F|100\/100\n|turn|21\n|\n|t:|1700611544\n|switch|p1a: Corviknight|Corviknight, F, shiny|71\/100\n|-damage|p1a: Corviknight|59\/100|[from] Stealth Rock\n|move|p2a: Ursaluna|Headlong Rush|p1a: Corviknight\n|-immune|p1a: Corviknight\n|\n|-status|p2a: Ursaluna|brn|[from] item: Flame Orb\n|upkeep\n|turn|22\n|\n|t:|1700611553\n|-terastallize|p2a: Ursaluna|Ghost\n|move|p2a: Ursaluna|Swords Dance|p2a: Ursaluna\n|-boost|p2a: Ursaluna|atk|2\n|move|p1a: Corviknight|Defog|p2a: Ursaluna\n|-unboost|p2a: Ursaluna|evasion|1\n|-sideend|p1: MonoEv|Stealth Rock|[from] move: Defog|[of] p1a: Corviknight\n|\n|-damage|p2a: Ursaluna|94\/100 brn|[from] brn\n|upkeep\n|turn|23\n|\n|t:|1700611558\n|move|p2a: Ursaluna|Fire Punch|p1a: Corviknight\n|-supereffective|p1a: Corviknight\n|-damage|p1a: Corviknight|0 fnt\n|faint|p1a: Corviknight\n|\n|-damage|p2a: Ursaluna|88\/100 brn|[from] brn\n|upkeep\n|inactive|MonoEv has 120 seconds left.\n|\n|t:|1700611603\n|switch|p1a: Scizor|Scizor, F|100\/100\n|turn|24\n|\n|t:|1700611612\n|move|p1a: Scizor|Bullet Punch|p2a: Ursaluna\n|-damage|p2a: Ursaluna|52\/100 brn\n|move|p2a: Ursaluna|Fire Punch|p1a: Scizor\n|-supereffective|p1a: Scizor\n|-damage|p1a: Scizor|0 fnt\n|faint|p1a: Scizor\n|\n|-damage|p2a: Ursaluna|46\/100 brn|[from] brn\n|upkeep\n|\n|t:|1700611616\n|switch|p1a: Dragapult|Dragapult, F, shiny|100\/100\n|turn|25\n|\n|t:|1700611623\n|move|p1a: Dragapult|Shadow Ball|p2a: Ursaluna\n|-supereffective|p2a: Ursaluna\n|-damage|p2a: Ursaluna|0 fnt\n|faint|p2a: Ursaluna\n|\n|upkeep\n|\n|t:|1700611625\n|switch|p2a: Kingambit|Kingambit, F|100\/100\n|-activate|p2a: Kingambit|ability: Supreme Overlord\n|-start|p2a: Kingambit|fallen4|[silent]\n|turn|26\n|\n|t:|1700611632\n|switch|p1a: Slowking|Slowking-Galar, M|100\/100\n|move|p2a: Kingambit|Swords Dance|p2a: Kingambit\n|-boost|p2a: Kingambit|atk|2\n|\n|upkeep\n|turn|27\n|\n|t:|1700611636\n|move|p2a: Kingambit|Kowtow Cleave|p1a: Slowking\n|-supereffective|p1a: Slowking\n|-crit|p1a: Slowking\n|-damage|p1a: Slowking|0 fnt\n|faint|p1a: Slowking\n|\n|upkeep\n|inactive|MonoEv has 120 seconds left.\n|\n|t:|1700611668\n|switch|p1a: Dragonite|Dragonite, M, shiny, tera:Normal|65\/100\n|turn|28\n|\n|t:|1700611671\n|move|p1a: Dragonite|Roost|p1a: Dragonite\n|-heal|p1a: Dragonite|100\/100\n|move|p2a: Kingambit|Kowtow Cleave|p1a: Dragonite\n|-damage|p1a: Dragonite|19\/100\n|\n|upkeep\n|turn|29\n|\n|t:|1700611674\n|move|p1a: Dragonite|Earthquake|p2a: Kingambit\n|-supereffective|p2a: Kingambit\n|-damage|p2a: Kingambit|31\/100\n|move|p2a: Kingambit|Kowtow Cleave|p1a: Dragonite\n|-damage|p1a: Dragonite|0 fnt\n|faint|p1a: Dragonite\n|\n|upkeep\n|\n|t:|1700611677\n|switch|p1a: Dragapult|Dragapult, F, shiny|100\/100\n|turn|30\n|\n|t:|1700611681\n|move|p2a: Kingambit|Sucker Punch|p1a: Dragapult\n|-supereffective|p1a: Dragapult\n|-damage|p1a: Dragapult|0 fnt\n|faint|p1a: Dragapult\n|\n|win|bruc3wi11is\n|raw|MonoEv's rating: 1281 &rarr; <strong>1257<\/strong><br \/>(-24 for losing)\n|raw|bruc3wi11is's rating: 1300 &rarr; <strong>1324<\/strong><br \/>(+24 for winning)\n|c|\u2606MonoEv|ggwp\n|l|\u2606MonoEv\n","uploadtime":1700611692,"views":8,"p1id":"monoev","p2id":"bruc3wi11is","formatid":"gen9ou","rating":1257,"private":0,"password":""}