{"id":"gen9ou-1994816819","p1":"Jacopino08","p2":"angrymuku","format":"[Gen 9] OU","log":"|j|\u2606Jacopino08\n|j|\u2606angrymuku\n|t:|1700495508\n|gametype|singles\n|player|p1|Jacopino08|blue|1192\n|player|p2|angrymuku|2|1159\n|teamsize|p1|6\n|teamsize|p2|6\n|gen|9\n|tier|[Gen 9] OU\n|rated|\n|rule|Sleep Clause Mod: Limit one foe put to sleep\n|rule|Species Clause: Limit one of each Pok\u00e9mon\n|rule|OHKO Clause: OHKO moves are banned\n|rule|Evasion Items Clause: Evasion items are banned\n|rule|Evasion Moves Clause: Evasion moves are banned\n|rule|Endless Battle Clause: Forcing endless battles is banned\n|rule|HP Percentage Mod: HP is shown in percentages\n|clearpoke\n|poke|p1|Cinderace, M|\n|poke|p1|Torterra, M|\n|poke|p1|Dondozo, M|\n|poke|p1|Blissey, F|\n|poke|p1|Dragonite, F|\n|poke|p1|Hatterene, F|\n|poke|p2|Grafaiai, F|\n|poke|p2|Komala, F|\n|poke|p2|Polteageist-Antique|\n|poke|p2|Mimikyu, F|\n|poke|p2|Qwilfish-Hisui, M|\n|poke|p2|Mew|\n|teampreview\n|\n|t:|1700495516\n|start\n|switch|p1a: Hatterene|Hatterene, F|100\/100\n|switch|p2a: Mew|Mew|100\/100\n|turn|1\n|\n|t:|1700495521\n|move|p2a: Mew|Imprison|p2a: Mew\n|-start|p2a: Mew|move: Imprison\n|move|p1a: Hatterene|Nuzzle|p2a: Mew\n|-damage|p2a: Mew|96\/100\n|-status|p2a: Mew|par\n|-activate|p2a: Mew|ability: Synchronize\n|-status|p1a: Hatterene|par\n|\n|-heal|p2a: Mew|100\/100 par|[from] item: Leftovers\n|upkeep\n|turn|2\n|\n|t:|1700495531\n|move|p2a: Mew|Transform|p1a: Hatterene\n|-transform|p2a: Mew|p1a: Hatterene\n|cant|p1a: Hatterene|move: Imprison|Dazzling Gleam\n|\n|upkeep\n|turn|3\n|\n|t:|1700495540\n|switch|p1a: Blissey|Blissey, F|100\/100\n|cant|p2a: Mew|par\n|\n|upkeep\n|turn|4\n|\n|t:|1700495550\n|move|p1a: Blissey|Heal Bell|p1a: Blissey\n|-activate|p1a: Blissey|move: Heal Bell\n|-curestatus|p1: Hatterene|par|[msg]\n|move|p2a: Mew|Nuzzle|p1a: Blissey\n|-damage|p1a: Blissey|97\/100\n|-status|p1a: Blissey|par\n|\n|upkeep\n|turn|5\n|\n|t:|1700495573\n|cant|p1a: Blissey|par\n|move|p2a: Mew|Dazzling Gleam|p1a: Blissey\n|-damage|p1a: Blissey|86\/100 par\n|\n|upkeep\n|turn|6\n|\n|t:|1700495579\n|cant|p1a: Blissey|par\n|cant|p2a: Mew|par\n|\n|upkeep\n|turn|7\n|\n|t:|1700495583\n|move|p1a: Blissey|Heal Bell|p1a: Blissey\n|-activate|p1a: Blissey|move: Heal Bell\n|-curestatus|p1a: Blissey|par|[msg]\n|move|p2a: Mew|Psychic|p1a: Blissey\n|-damage|p1a: Blissey|74\/100\n|-unboost|p1a: Blissey|spd|1\n|\n|upkeep\n|turn|8\n|inactive|Battle timer is ON: inactive players will automatically lose when time's up. (requested by Jacopino08)\n|inactive|angrymuku has 120 seconds left.\n|inactive|angrymuku has 90 seconds left.\n|inactive|angrymuku has 60 seconds left.\n|inactive|angrymuku has 30 seconds left.\n|inactive|angrymuku has 20 seconds left.\n|inactive|angrymuku has 15 seconds left.\n|inactive|angrymuku has 10 seconds left.\n|\n|t:|1700495757\n|move|p1a: Blissey|Soft-Boiled|p1a: Blissey\n|-heal|p1a: Blissey|100\/100\n|move|p2a: Mew|Psychic|p1a: Blissey\n|-damage|p1a: Blissey|82\/100\n|\n|upkeep\n|turn|9\n|\n|t:|1700495765\n|switch|p2a: Komala|Komala, F|100\/100\n|-ability|p2a: Komala|Comatose\n|move|p1a: Blissey|Seismic Toss|p2a: Komala\n|-damage|p2a: Komala|71\/100\n|\n|upkeep\n|turn|10\n|\n|t:|1700495773\n|move|p2a: Komala|Low Kick|p1a: Blissey\n|-supereffective|p1a: Blissey\n|-damage|p1a: Blissey|14\/100\n|move|p1a: Blissey|Stealth Rock|p2a: Komala\n|-sidestart|p2: angrymuku|move: Stealth Rock\n|\n|upkeep\n|turn|11\n|inactive|Jacopino08 has 120 seconds left.\n|\n|t:|1700495806\n|switch|p1a: Dondozo|Dondozo, M|100\/100\n|move|p2a: Komala|Low Kick|p1a: Dondozo\n|-damage|p1a: Dondozo|71\/100\n|\n|-heal|p1a: Dondozo|77\/100|[from] item: Leftovers\n|upkeep\n|turn|12\n|inactive|angrymuku has 90 seconds left.\n|\n|t:|1700495823\n|move|p2a: Komala|Low Kick|p1a: Dondozo\n|-damage|p1a: Dondozo|47\/100\n|move|p1a: Dondozo|Curse|p1a: Dondozo\n|-unboost|p1a: Dondozo|spe|1\n|-boost|p1a: Dondozo|atk|1\n|-boost|p1a: Dondozo|def|1\n|\n|-heal|p1a: Dondozo|53\/100|[from] item: Leftovers\n|upkeep\n|turn|13\n|\n|t:|1700495829\n|switch|p2a: Grafaiai|Grafaiai, F|100\/100\n|-damage|p2a: Grafaiai|88\/100|[from] Stealth Rock\n|move|p1a: Dondozo|Curse|p1a: Dondozo\n|-unboost|p1a: Dondozo|spe|1\n|-boost|p1a: Dondozo|atk|1\n|-boost|p1a: Dondozo|def|1\n|\n|-heal|p2a: Grafaiai|94\/100|[from] item: Black Sludge\n|-heal|p1a: Dondozo|60\/100|[from] item: Leftovers\n|upkeep\n|turn|14\n|\n|t:|1700495834\n|move|p2a: Grafaiai|Encore|p1a: Dondozo\n|-start|p1a: Dondozo|Encore\n|move|p1a: Dondozo|Curse|p1a: Dondozo\n|-unboost|p1a: Dondozo|spe|1\n|-boost|p1a: Dondozo|atk|1\n|-boost|p1a: Dondozo|def|1\n|\n|-heal|p2a: Grafaiai|99\/100|[from] item: Black Sludge\n|-heal|p1a: Dondozo|66\/100|[from] item: Leftovers\n|upkeep\n|turn|15\n|\n|t:|1700495844\n|switch|p1a: Cinderace|Cinderace, M|100\/100\n|move|p2a: Grafaiai|Switcheroo|p1a: Cinderace\n|-activate|p2a: Grafaiai|move: Trick|[of] p1a: Cinderace\n|-item|p1a: Cinderace|Black Sludge|[from] move: Switcheroo\n|-item|p2a: Grafaiai|Heavy-Duty Boots|[from] move: Switcheroo\n|\n|-damage|p1a: Cinderace|88\/100|[from] item: Black Sludge\n|upkeep\n|turn|16\n|\n|t:|1700495851\n|move|p2a: Grafaiai|Parting Shot|p1a: Cinderace\n|-unboost|p1a: Cinderace|atk|1\n|-unboost|p1a: Cinderace|spa|1\n|\n|t:|1700495855\n|switch|p2a: Qwilfish|Qwilfish-Hisui, M|100\/100|[from] Parting Shot\n|-damage|p2a: Qwilfish|88\/100|[from] Stealth Rock\n|-ability|p2a: Qwilfish|Intimidate|boost\n|-unboost|p1a: Cinderace|atk|1\n|move|p1a: Cinderace|U-turn|p2a: Qwilfish\n|-start|p1a: Cinderace|typechange|Bug|[from] ability: Libero\n|-damage|p2a: Qwilfish|75\/100\n|\n|t:|1700495873\n|switch|p1a: Torterra|Torterra, M|100\/100|[from] U-turn\n|\n|upkeep\n|turn|17\n|\n|t:|1700495880\n|move|p1a: Torterra|Shell Smash|p1a: Torterra\n|-unboost|p1a: Torterra|def|1\n|-unboost|p1a: Torterra|spd|1\n|-boost|p1a: Torterra|atk|2\n|-boost|p1a: Torterra|spa|2\n|-boost|p1a: Torterra|spe|2\n|move|p2a: Qwilfish|Barb Barrage|p1a: Torterra\n|-damage|p1a: Torterra|71\/100\n|\n|upkeep\n|turn|18\n|\n|t:|1700495892\n|move|p1a: Torterra|Headlong Rush|p2a: Qwilfish\n|-supereffective|p2a: Qwilfish\n|-damage|p2a: Qwilfish|0 fnt\n|-unboost|p1a: Torterra|def|1\n|-unboost|p1a: Torterra|spd|1\n|faint|p2a: Qwilfish\n|\n|upkeep\n|inactive|angrymuku has 120 seconds left.\n|\n|t:|1700495925\n|switch|p2a: Grafaiai|Grafaiai, F|99\/100\n|turn|19\n|\n|t:|1700495931\n|move|p2a: Grafaiai|Toxic|p1a: Torterra\n|-status|p1a: Torterra|tox\n|move|p1a: Torterra|Shell Smash|p1a: Torterra\n|-unboost|p1a: Torterra|def|1\n|-unboost|p1a: Torterra|spd|1\n|-boost|p1a: Torterra|atk|2\n|-boost|p1a: Torterra|spa|2\n|-boost|p1a: Torterra|spe|2\n|\n|-damage|p1a: Torterra|65\/100 tox|[from] psn\n|upkeep\n|turn|20\n|c|\u2606angrymuku|umm\n|\n|t:|1700495944\n|move|p2a: Grafaiai|Encore|p1a: Torterra\n|-start|p1a: Torterra|Encore\n|move|p1a: Torterra|Shell Smash|p1a: Torterra\n|-unboost|p1a: Torterra|def|1\n|-unboost|p1a: Torterra|spd|1\n|-boost|p1a: Torterra|atk|2\n|-boost|p1a: Torterra|spa|2\n|-boost|p1a: Torterra|spe|2\n|\n|-damage|p1a: Torterra|53\/100 tox|[from] psn\n|upkeep\n|turn|21\n|c|\u2606angrymuku|gl\n|inactive|angrymuku has 120 seconds left.\n|\n|t:|1700495957\n|switch|p1a: Blissey|Blissey, F|14\/100\n|move|p2a: Grafaiai|Switcheroo|p1a: Blissey\n|-activate|p2a: Grafaiai|move: Trick|[of] p1a: Blissey\n|-item|p1a: Blissey|Heavy-Duty Boots|[from] move: Switcheroo\n|-item|p2a: Grafaiai|Heavy-Duty Boots|[from] move: Switcheroo\n|\n|upkeep\n|turn|22\n|inactive|angrymuku has 120 seconds left.\n|\n|t:|1700495967\n|move|p2a: Grafaiai|Toxic|p1a: Blissey\n|-status|p1a: Blissey|tox\n|move|p1a: Blissey|Heal Bell|p1a: Blissey\n|-activate|p1a: Blissey|move: Heal Bell\n|-curestatus|p1a: Blissey|tox|[msg]\n|-curestatus|p1: Torterra|tox|[msg]\n|\n|upkeep\n|turn|23\n|\n|t:|1700495971\n|move|p2a: Grafaiai|Toxic|p1a: Blissey\n|-status|p1a: Blissey|tox\n|move|p1a: Blissey|Soft-Boiled|p1a: Blissey\n|-heal|p1a: Blissey|64\/100 tox\n|\n|-damage|p1a: Blissey|58\/100 tox|[from] psn\n|upkeep\n|turn|24\n|\n|t:|1700495978\n|move|p2a: Grafaiai|Parting Shot|p1a: Blissey\n|-unboost|p1a: Blissey|atk|1\n|-unboost|p1a: Blissey|spa|1\n|\n|t:|1700495981\n|switch|p2a: Polteageist|Polteageist-Antique, shiny|100\/100|[from] Parting Shot\n|-damage|p2a: Polteageist|88\/100|[from] Stealth Rock\n|move|p1a: Blissey|Soft-Boiled|p1a: Blissey\n|-heal|p1a: Blissey|100\/100 tox\n|\n|-damage|p1a: Blissey|88\/100 tox|[from] psn\n|upkeep\n|turn|25\n|\n|t:|1700495990\n|-curestatus|p1a: Blissey|tox|[from] ability: Natural Cure\n|switch|p1a: Cinderace|Cinderace, M|88\/100\n|move|p2a: Polteageist|Shell Smash|p2a: Polteageist\n|-unboost|p2a: Polteageist|def|1\n|-unboost|p2a: Polteageist|spd|1\n|-boost|p2a: Polteageist|atk|2\n|-boost|p2a: Polteageist|spa|2\n|-boost|p2a: Polteageist|spe|2\n|-enditem|p2a: Polteageist|White Herb\n|-clearnegativeboost|p2a: Polteageist|[silent]\n|\n|-damage|p1a: Cinderace|76\/100|[from] item: Black Sludge\n|upkeep\n|turn|26\n|\n|t:|1700495997\n|move|p1a: Cinderace|Sucker Punch||[still]\n|-fail|p1a: Cinderace\n|move|p2a: Polteageist|Strength Sap|p1a: Cinderace\n|-unboost|p1a: Cinderace|atk|1\n|-heal|p2a: Polteageist|100\/100\n|\n|-damage|p1a: Cinderace|64\/100|[from] item: Black Sludge\n|upkeep\n|turn|27\n|\n|t:|1700496002\n|move|p2a: Polteageist|Strength Sap|p1a: Cinderace\n|-unboost|p1a: Cinderace|atk|1\n|move|p1a: Cinderace|U-turn|p2a: Polteageist\n|-start|p1a: Cinderace|typechange|Bug|[from] ability: Libero\n|-resisted|p2a: Polteageist\n|-damage|p2a: Polteageist|85\/100\n|-ability|p2a: Polteageist|Weak Armor|boost\n|-unboost|p2a: Polteageist|def|1\n|-boost|p2a: Polteageist|spe|2\n|\n|t:|1700496018\n|switch|p1a: Dondozo|Dondozo, M|66\/100|[from] U-turn\n|\n|-heal|p1a: Dondozo|72\/100|[from] item: Leftovers\n|upkeep\n|turn|28\n|\n|t:|1700496039\n|-terastallize|p2a: Polteageist|Psychic\n|move|p2a: Polteageist|Stored Power|p1a: Dondozo\n|-damage|p1a: Dondozo|0 fnt\n|faint|p1a: Dondozo\n|\n|upkeep\n|c|\u2606angrymuku|bb\n|c|\u2606angrymuku|baby\n|\n|t:|1700496052\n|switch|p1a: Cinderace|Cinderace, M|64\/100\n|turn|29\n|\n|t:|1700496057\n|move|p2a: Polteageist|Strength Sap|p1a: Cinderace\n|-unboost|p1a: Cinderace|atk|1\n|-heal|p2a: Polteageist|100\/100\n|move|p1a: Cinderace|U-turn|p2a: Polteageist\n|-start|p1a: Cinderace|typechange|Bug|[from] ability: Libero\n|-supereffective|p2a: Polteageist\n|-damage|p2a: Polteageist|0 fnt\n|faint|p2a: Polteageist\n|\n|t:|1700496074\n|switch|p1a: Hatterene|Hatterene, F|100\/100|[from] U-turn\n|\n|upkeep\n|c|\u2606Jacopino08|You were saying\n|inactive|angrymuku has 120 seconds left.\n|\n|t:|1700496112\n|switch|p2a: Mew|Mew|100\/100 par\n|-damage|p2a: Mew|88\/100 par|[from] Stealth Rock\n|turn|30\n|\n|t:|1700496125\n|move|p2a: Mew|Imprison|p2a: Mew\n|-start|p2a: Mew|move: Imprison\n|move|p1a: Hatterene|Dazzling Gleam|p2a: Mew\n|-damage|p2a: Mew|54\/100 par\n|\n|-heal|p2a: Mew|60\/100 par|[from] item: Leftovers\n|upkeep\n|turn|31\n|\n|t:|1700496131\n|cant|p2a: Mew|par\n|move|p1a: Hatterene|Dazzling Gleam|p2a: Mew\n|-damage|p2a: Mew|25\/100 par\n|\n|-heal|p2a: Mew|31\/100 par|[from] item: Leftovers\n|upkeep\n|turn|32\n|\n|t:|1700496137\n|cant|p2a: Mew|par\n|move|p1a: Hatterene|Dazzling Gleam|p2a: Mew\n|-damage|p2a: Mew|0 fnt\n|faint|p2a: Mew\n|\n|upkeep\n|-message|angrymuku forfeited.\n|\n|win|Jacopino08\n|raw|Jacopino08's rating: 1192 &rarr; <strong>1215<\/strong><br \/>(+23 for winning)\n|raw|angrymuku's rating: 1159 &rarr; <strong>1136<\/strong><br \/>(-23 for losing)\n|l|\u2606angrymuku\n|c|\u2606Jacopino08|Lol\n","uploadtime":1700496149,"views":4,"p1id":"jacopino08","p2id":"angrymuku","formatid":"gen9ou","rating":1136,"private":0,"password":""}