{"id":"gen9ou-1993700732","p1":"spiderblack27","p2":"localdealerr","format":"[Gen 9] OU","log":"|j|\u2606spiderblack27\n|j|\u2606localdealerr\n|t:|1700347085\n|gametype|singles\n|player|p1|spiderblack27|266|1806\n|player|p2|localdealerr|102|1719\n|teamsize|p1|6\n|teamsize|p2|6\n|gen|9\n|tier|[Gen 9] OU\n|rated|\n|rule|Sleep Clause Mod: Limit one foe put to sleep\n|rule|Species Clause: Limit one of each Pok\u00e9mon\n|rule|OHKO Clause: OHKO moves are banned\n|rule|Evasion Items Clause: Evasion items are banned\n|rule|Evasion Moves Clause: Evasion moves are banned\n|rule|Endless Battle Clause: Forcing endless battles is banned\n|rule|HP Percentage Mod: HP is shown in percentages\n|clearpoke\n|poke|p1|Rillaboom, M|\n|poke|p1|Great Tusk|\n|poke|p1|Sneasler, F|\n|poke|p1|Enamorus, F|\n|poke|p1|Manaphy|\n|poke|p1|Zamazenta-*|\n|poke|p2|Glimmora, M|\n|poke|p2|Ogerpon-Wellspring, F|\n|poke|p2|Great Tusk|\n|poke|p2|Gholdengo|\n|poke|p2|Kingambit, F|\n|poke|p2|Zapdos|\n|teampreview\n|inactive|Battle timer is ON: inactive players will automatically lose when time's up. (requested by spiderblack27)\n|\n|t:|1700347120\n|start\n|switch|p1a: Great Tusk|Great Tusk|100\/100\n|switch|p2a: big bird.|Zapdos|100\/100\n|turn|1\n|j| sleepbodypressing\n|\n|t:|1700347145\n|-end|p1a: Great Tusk|Protosynthesis|[silent]\n|switch|p1a: Rillaboom|Rillaboom, M|100\/100\n|-fieldstart|move: Grassy Terrain|[from] ability: Grassy Surge|[of] p1a: Rillaboom\n|move|p2a: big bird.|Heat Wave|p1a: Rillaboom\n|-supereffective|p1a: Rillaboom\n|-damage|p1a: Rillaboom|30\/100\n|\n|-heal|p1a: Rillaboom|36\/100|[from] Grassy Terrain\n|upkeep\n|turn|2\n|\n|t:|1700347152\n|move|p2a: big bird.|Heat Wave|p1a: Rillaboom\n|-supereffective|p1a: Rillaboom\n|-damage|p1a: Rillaboom|0 fnt\n|faint|p1a: Rillaboom\n|\n|upkeep\n|\n|t:|1700347162\n|switch|p1a: Sneasler|Sneasler, F|100\/100\n|-enditem|p1a: Sneasler|Grassy Seed\n|-boost|p1a: Sneasler|def|1|[from] item: Grassy Seed\n|turn|3\n|\n|t:|1700347165\n|move|p1a: Sneasler|Swords Dance|p1a: Sneasler\n|-boost|p1a: Sneasler|atk|2\n|move|p2a: big bird.|Discharge|p1a: Sneasler\n|-damage|p1a: Sneasler|56\/100\n|\n|-heal|p1a: Sneasler|62\/100|[from] Grassy Terrain\n|upkeep\n|turn|4\n|\n|t:|1700347168\n|move|p1a: Sneasler|Dire Claw|p2a: big bird.\n|-damage|p2a: big bird.|16\/100\n|move|p2a: big bird.|Discharge|p1a: Sneasler\n|-damage|p1a: Sneasler|17\/100\n|\n|-heal|p1a: Sneasler|23\/100|[from] Grassy Terrain\n|upkeep\n|turn|5\n|\n|t:|1700347172\n|move|p1a: Sneasler|Dire Claw|p2a: big bird.\n|-damage|p2a: big bird.|0 fnt\n|faint|p2a: big bird.\n|\n|-heal|p1a: Sneasler|29\/100|[from] Grassy Terrain\n|-fieldend|move: Grassy Terrain\n|upkeep\n|\n|t:|1700347176\n|switch|p2a: freebandgang.|Gholdengo|100\/100\n|turn|6\n|\n|t:|1700347182\n|move|p1a: Sneasler|Acrobatics|p2a: freebandgang.\n|-resisted|p2a: freebandgang.\n|-damage|p2a: freebandgang.|69\/100\n|move|p2a: freebandgang.|Hex|p1a: Sneasler\n|-damage|p1a: Sneasler|0 fnt\n|faint|p1a: Sneasler\n|\n|-heal|p2a: freebandgang.|75\/100|[from] item: Leftovers\n|upkeep\n|\n|t:|1700347192\n|switch|p1a: Enamorus|Enamorus, F|100\/100\n|turn|7\n|\n|t:|1700347201\n|-terastallize|p2a: freebandgang.|Flying\n|move|p1a: Enamorus|Earth Power|p2a: freebandgang.\n|-immune|p2a: freebandgang.\n|move|p2a: freebandgang.|Thunder Wave|p1a: Enamorus\n|-status|p1a: Enamorus|par\n|\n|-heal|p2a: freebandgang.|81\/100|[from] item: Leftovers\n|upkeep\n|turn|8\n|\n|t:|1700347208\n|switch|p1a: Great Tusk|Great Tusk|100\/100\n|move|p2a: freebandgang.|Make It Rain|p1a: Great Tusk\n|-damage|p1a: Great Tusk|21\/100\n|-unboost|p2a: freebandgang.|spa|1\n|\n|-heal|p2a: freebandgang.|87\/100|[from] item: Leftovers\n|upkeep\n|turn|9\n|\n|t:|1700347213\n|switch|p2a: ocky rocky.|Glimmora, M|100\/100\n|move|p1a: Great Tusk|Stealth Rock|p2a: ocky rocky.\n|-sidestart|p2: localdealerr|move: Stealth Rock\n|\n|upkeep\n|turn|10\n|\n|t:|1700347229\n|move|p1a: Great Tusk|Rapid Spin|p2a: ocky rocky.\n|-resisted|p2a: ocky rocky.\n|-damage|p2a: ocky rocky.|89\/100\n|-boost|p1a: Great Tusk|spe|1\n|-activate|p2a: ocky rocky.|ability: Toxic Debris\n|-sidestart|p1: spiderblack27|move: Toxic Spikes\n|-sideend|p1: spiderblack27|Toxic Spikes|[from] move: Rapid Spin|[of] p1a: Great Tusk\n|move|p2a: ocky rocky.|Dazzling Gleam|p1a: Great Tusk\n|-supereffective|p1a: Great Tusk\n|-damage|p1a: Great Tusk|0 fnt\n|faint|p1a: Great Tusk\n|-end|p1a: Great Tusk|Protosynthesis|[silent]\n|\n|upkeep\n|\n|t:|1700347243\n|switch|p1a: Zamazenta|Zamazenta|100\/100\n|-ability|p1a: Zamazenta|Dauntless Shield|boost\n|-boost|p1a: Zamazenta|def|1\n|turn|11\n|\n|t:|1700347250\n|switch|p2a: freebandgang.|Gholdengo, tera:Flying|87\/100\n|-damage|p2a: freebandgang.|62\/100|[from] Stealth Rock\n|-terastallize|p1a: Zamazenta|Steel\n|move|p1a: Zamazenta|Substitute|p1a: Zamazenta\n|-start|p1a: Zamazenta|Substitute\n|-damage|p1a: Zamazenta|75\/100\n|\n|-heal|p1a: Zamazenta|82\/100|[from] item: Leftovers\n|-heal|p2a: freebandgang.|68\/100|[from] item: Leftovers\n|upkeep\n|turn|12\n|\n|t:|1700347254\n|move|p1a: Zamazenta|Iron Defense|p1a: Zamazenta\n|-boost|p1a: Zamazenta|def|2\n|move|p2a: freebandgang.|Hex|p1a: Zamazenta\n|-activate|p1a: Zamazenta|move: Substitute|[damage]\n|\n|-heal|p1a: Zamazenta|88\/100|[from] item: Leftovers\n|-heal|p2a: freebandgang.|75\/100|[from] item: Leftovers\n|upkeep\n|turn|13\n|\n|t:|1700347260\n|move|p1a: Zamazenta|Iron Defense|p1a: Zamazenta\n|-boost|p1a: Zamazenta|def|2\n|move|p2a: freebandgang.|Hex|p1a: Zamazenta\n|-end|p1a: Zamazenta|Substitute\n|\n|-heal|p1a: Zamazenta|94\/100|[from] item: Leftovers\n|-heal|p2a: freebandgang.|81\/100|[from] item: Leftovers\n|upkeep\n|turn|14\n|\n|t:|1700347264\n|move|p1a: Zamazenta|Substitute|p1a: Zamazenta\n|-start|p1a: Zamazenta|Substitute\n|-damage|p1a: Zamazenta|69\/100\n|move|p2a: freebandgang.|Hex|p1a: Zamazenta\n|-end|p1a: Zamazenta|Substitute\n|\n|-heal|p1a: Zamazenta|75\/100|[from] item: Leftovers\n|-heal|p2a: freebandgang.|87\/100|[from] item: Leftovers\n|upkeep\n|turn|15\n|\n|t:|1700347269\n|move|p1a: Zamazenta|Substitute|p1a: Zamazenta\n|-start|p1a: Zamazenta|Substitute\n|-damage|p1a: Zamazenta|50\/100\n|move|p2a: freebandgang.|Hex|p1a: Zamazenta\n|-crit|p1a: Zamazenta\n|-end|p1a: Zamazenta|Substitute\n|\n|-heal|p1a: Zamazenta|57\/100|[from] item: Leftovers\n|-heal|p2a: freebandgang.|93\/100|[from] item: Leftovers\n|upkeep\n|turn|16\n|\n|t:|1700347273\n|move|p1a: Zamazenta|Body Press|p2a: freebandgang.\n|-resisted|p2a: freebandgang.\n|-damage|p2a: freebandgang.|42\/100\n|move|p2a: freebandgang.|Thunder Wave|p1a: Zamazenta\n|-status|p1a: Zamazenta|par\n|\n|-heal|p2a: freebandgang.|49\/100|[from] item: Leftovers\n|-heal|p1a: Zamazenta|63\/100 par|[from] item: Leftovers\n|upkeep\n|turn|17\n|\n|t:|1700347280\n|move|p2a: freebandgang.|Recover|p2a: freebandgang.\n|-heal|p2a: freebandgang.|99\/100\n|move|p1a: Zamazenta|Body Press|p2a: freebandgang.\n|-resisted|p2a: freebandgang.\n|-damage|p2a: freebandgang.|50\/100\n|\n|-heal|p2a: freebandgang.|56\/100|[from] item: Leftovers\n|-heal|p1a: Zamazenta|69\/100 par|[from] item: Leftovers\n|upkeep\n|turn|18\n|\n|t:|1700347283\n|move|p2a: freebandgang.|Hex|p1a: Zamazenta\n|-damage|p1a: Zamazenta|22\/100 par\n|move|p1a: Zamazenta|Substitute|p1a: Zamazenta\n|-fail|p1a: Zamazenta|move: Substitute|[weak]\n|\n|-heal|p2a: freebandgang.|63\/100|[from] item: Leftovers\n|-heal|p1a: Zamazenta|28\/100 par|[from] item: Leftovers\n|upkeep\n|turn|19\n|\n|t:|1700347286\n|move|p2a: freebandgang.|Hex|p1a: Zamazenta\n|-damage|p1a: Zamazenta|0 fnt\n|faint|p1a: Zamazenta\n|\n|-heal|p2a: freebandgang.|69\/100|[from] item: Leftovers\n|upkeep\n|j| Ghosty187\n|\n|t:|1700347288\n|switch|p1a: Manaphy|Manaphy|100\/100\n|turn|20\n|\n|t:|1700347295\n|switch|p2a: woogerpon.|Ogerpon-Wellspring, F|100\/100\n|-damage|p2a: woogerpon.|88\/100|[from] Stealth Rock\n|move|p1a: Manaphy|Tail Glow|p1a: Manaphy\n|-boost|p1a: Manaphy|spa|3\n|\n|upkeep\n|turn|21\n|\n|t:|1700347299\n|move|p2a: woogerpon.|Horn Leech|p1a: Manaphy\n|-supereffective|p1a: Manaphy\n|-damage|p1a: Manaphy|10\/100\n|-heal|p2a: woogerpon.|100\/100|[from] drain|[of] p1a: Manaphy\n|move|p1a: Manaphy|Energy Ball|p2a: woogerpon.\n|-damage|p2a: woogerpon.|29\/100\n|\n|-heal|p1a: Manaphy|16\/100|[from] item: Leftovers\n|upkeep\n|turn|22\n|\n|t:|1700347305\n|move|p2a: woogerpon.|Trailblaze|p1a: Manaphy\n|-supereffective|p1a: Manaphy\n|-damage|p1a: Manaphy|0 fnt\n|-boost|p2a: woogerpon.|spe|1\n|faint|p1a: Manaphy\n|\n|upkeep\n|-message|spiderblack27 forfeited.\n|\n|win|localdealerr\n|raw|spiderblack27's rating: 1806 &rarr; <strong>1781<\/strong><br \/>(-25 for losing)\n|raw|localdealerr's rating: 1719 &rarr; <strong>1744<\/strong><br \/>(+25 for winning)\n|l|\u2606spiderblack27\n|c|\u2606localdealerr|gg\n","uploadtime":1700347315,"views":11,"p1id":"spiderblack27","p2id":"localdealerr","formatid":"gen9ou","rating":1744,"private":0,"password":""}