{"id":"gen9ou-1992560863","p1":"AkiDes","p2":"FATPOOPYHED266","format":"[Gen 9] OU","log":"|j|\u2606AkiDes\n|j|\u2606FATPOOPYHED266\n|t:|1700205977\n|gametype|singles\n|player|p1|AkiDes|volkner|1078\n|player|p2|FATPOOPYHED266|170|1170\n|teamsize|p1|6\n|teamsize|p2|6\n|gen|9\n|tier|[Gen 9] OU\n|rated|\n|rule|Sleep Clause Mod: Limit one foe put to sleep\n|rule|Species Clause: Limit one of each Pok\u00e9mon\n|rule|OHKO Clause: OHKO moves are banned\n|rule|Evasion Items Clause: Evasion items are banned\n|rule|Evasion Moves Clause: Evasion moves are banned\n|rule|Endless Battle Clause: Forcing endless battles is banned\n|rule|HP Percentage Mod: HP is shown in percentages\n|clearpoke\n|poke|p1|Greninja-*, F|\n|poke|p1|Dragonite, F|\n|poke|p1|Cinderace, F|\n|poke|p1|Mandibuzz, F|\n|poke|p1|Jolteon, M|\n|poke|p1|Gengar, F|\n|poke|p2|Quagsire, M|\n|poke|p2|Dragonite, M|\n|poke|p2|Iron Moth|\n|poke|p2|Goodra-Hisui, F|\n|poke|p2|Garganacl, M|\n|poke|p2|Mandibuzz, F|\n|teampreview\n|\n|t:|1700205984\n|start\n|switch|p1a: Gengar|Gengar, F|100\/100\n|switch|p2a: melted diaper|Quagsire, M, shiny|100\/100\n|turn|1\n|\n|t:|1700205990\n|move|p1a: Gengar|Substitute|p1a: Gengar\n|-start|p1a: Gengar|Substitute\n|-damage|p1a: Gengar|76\/100\n|move|p2a: melted diaper|Earthquake|p1a: Gengar\n|-supereffective|p1a: Gengar\n|-end|p1a: Gengar|Substitute\n|\n|-heal|p1a: Gengar|82\/100|[from] item: Leftovers\n|upkeep\n|turn|2\n|\n|t:|1700205998\n|switch|p1a: Mandibuzz|Mandibuzz, F|100\/100\n|move|p2a: melted diaper|Earthquake|p1a: Mandibuzz\n|-immune|p1a: Mandibuzz\n|\n|upkeep\n|turn|3\n|\n|t:|1700206002\n|switch|p2a: ESTROGENGUZZLER|Goodra-Hisui, F|100\/100\n|move|p1a: Mandibuzz|Toxic|p2a: ESTROGENGUZZLER\n|-immune|p2a: ESTROGENGUZZLER\n|\n|upkeep\n|turn|4\n|\n|t:|1700206019\n|switch|p1a: Cinderace|Cinderace, F|100\/100\n|move|p2a: ESTROGENGUZZLER|Thunderbolt|p1a: Cinderace\n|-damage|p1a: Cinderace|79\/100\n|\n|upkeep\n|turn|5\n|\n|t:|1700206029\n|switch|p2a: melted diaper|Quagsire, M, shiny|100\/100\n|move|p1a: Cinderace|High Jump Kick|p2a: melted diaper\n|-start|p1a: Cinderace|typechange|Fighting|[from] ability: Libero\n|-damage|p2a: melted diaper|57\/100\n|\n|-heal|p2a: melted diaper|63\/100|[from] item: Leftovers\n|upkeep\n|turn|6\n|\n|t:|1700206037\n|move|p1a: Cinderace|U-turn|p2a: melted diaper\n|-damage|p2a: melted diaper|46\/100\n|\n|t:|1700206041\n|switch|p1a: Mandibuzz|Mandibuzz, F|100\/100|[from] U-turn\n|move|p2a: melted diaper|Recover|p2a: melted diaper\n|-heal|p2a: melted diaper|96\/100\n|\n|-heal|p2a: melted diaper|100\/100|[from] item: Leftovers\n|upkeep\n|turn|7\n|\n|t:|1700206060\n|switch|p1a: Cinderace|Cinderace, F|79\/100\n|move|p2a: melted diaper|Protect||[still]\n|-fail|p2a: melted diaper\n|\n|upkeep\n|turn|8\n|\n|t:|1700206066\n|move|p2a: melted diaper|Protect|p2a: melted diaper\n|-singleturn|p2a: melted diaper|Protect\n|move|p1a: Cinderace|U-turn|p2a: melted diaper\n|-start|p1a: Cinderace|typechange|Bug|[from] ability: Libero\n|-activate|p2a: melted diaper|move: Protect\n|\n|upkeep\n|turn|9\n|\n|t:|1700206072\n|switch|p1a: Mandibuzz|Mandibuzz, F|100\/100\n|move|p2a: melted diaper|Toxic|p1a: Mandibuzz\n|-status|p1a: Mandibuzz|tox\n|\n|-damage|p1a: Mandibuzz|94\/100 tox|[from] psn\n|upkeep\n|turn|10\n|\n|t:|1700206090\n|switch|p1a: Greninja|Greninja, F, shiny|100\/100\n|move|p2a: melted diaper|Protect||[still]\n|-fail|p2a: melted diaper\n|\n|upkeep\n|turn|11\n|\n|t:|1700206095\n|move|p1a: Greninja|Grass Knot|p2a: melted diaper\n|-start|p1a: Greninja|typechange|Grass|[from] ability: Protean\n|-supereffective|p2a: melted diaper\n|-damage|p2a: melted diaper|0 fnt\n|faint|p2a: melted diaper\n|\n|upkeep\n|-message|FATPOOPYHED266 forfeited.\n|\n|win|AkiDes\n|raw|AkiDes's rating: 1078 &rarr; <strong>1114<\/strong><br \/>(+36 for winning)\n|raw|FATPOOPYHED266's rating: 1170 &rarr; <strong>1139<\/strong><br \/>(-31 for losing)\n|l|\u2606FATPOOPYHED266\n","uploadtime":1700206109,"views":10,"p1id":"akides","p2id":"fatpoopyhed266","formatid":"gen9ou","rating":1114,"private":0,"password":""}