{"id":"gen9ou-1996956156","p1":"C4rdC4rd","p2":"Xenoxzard","format":"[Gen 9] OU","log":"|j|\u2606C4rdC4rd\n|j|\u2606Xenoxzard\n|t:|1700749385\n|gametype|singles\n|player|p1|C4rdC4rd|pokemonbreederf|1335\n|player|p2|Xenoxzard|266|1455\n|teamsize|p1|6\n|teamsize|p2|6\n|gen|9\n|tier|[Gen 9] OU\n|rated|\n|rule|Sleep Clause Mod: Limit one foe put to sleep\n|rule|Species Clause: Limit one of each Pok\u00e9mon\n|rule|OHKO Clause: OHKO moves are banned\n|rule|Evasion Items Clause: Evasion items are banned\n|rule|Evasion Moves Clause: Evasion moves are banned\n|rule|Endless Battle Clause: Forcing endless battles is banned\n|rule|HP Percentage Mod: HP is shown in percentages\n|clearpoke\n|poke|p1|Rillaboom, M|\n|poke|p1|Heatran, M|\n|poke|p1|Maushold|\n|poke|p1|Enamorus, F|\n|poke|p1|Great Tusk|\n|poke|p1|Kingambit, M|\n|poke|p2|Zamazenta-*|\n|poke|p2|Cinderace, M|\n|poke|p2|Rillaboom, M|\n|poke|p2|Iron Valiant|\n|poke|p2|Ogerpon-Wellspring, F|\n|poke|p2|Ting-Lu|\n|teampreview\n|\n|t:|1700749398\n|start\n|switch|p1a: Rillaboom|Rillaboom, M|100\/100\n|switch|p2a: Does Nothing|Ting-Lu|100\/100\n|-fieldstart|move: Grassy Terrain|[from] ability: Grassy Surge|[of] p1a: Rillaboom\n|-ability|p2a: Does Nothing|Vessel of Ruin\n|turn|1\n|\n|t:|1700749406\n|move|p1a: Rillaboom|U-turn|p2a: Does Nothing\n|-supereffective|p2a: Does Nothing\n|-damage|p2a: Does Nothing|69\/100\n|-damage|p1a: Rillaboom|84\/100|[from] item: Rocky Helmet|[of] p2a: Does Nothing\n|\n|t:|1700749410\n|switch|p1a: Great Tusk|Great Tusk|100\/100|[from] U-turn\n|move|p2a: Does Nothing|Whirlwind|p1a: Great Tusk\n|-end|p1a: Great Tusk|Protosynthesis|[silent]\n|drag|p1a: Maushold|Maushold|100\/100\n|\n|-heal|p2a: Does Nothing|75\/100|[from] Grassy Terrain\n|upkeep\n|turn|2\n|\n|t:|1700749423\n|move|p1a: Maushold|Encore|p2a: Does Nothing\n|-start|p2a: Does Nothing|Encore\n|move|p2a: Does Nothing|Whirlwind|p1a: Maushold\n|drag|p1a: Kingambit|Kingambit, M|100\/100\n|\n|-heal|p2a: Does Nothing|81\/100|[from] Grassy Terrain\n|upkeep\n|turn|3\n|\n|t:|1700749442\n|switch|p2a: Zamazenta|Zamazenta|100\/100\n|-ability|p2a: Zamazenta|Dauntless Shield|boost\n|-boost|p2a: Zamazenta|def|1\n|move|p1a: Kingambit|Iron Head|p2a: Zamazenta\n|-damage|p2a: Zamazenta|82\/100\n|\n|-heal|p2a: Zamazenta|88\/100|[from] Grassy Terrain\n|-heal|p2a: Zamazenta|94\/100|[from] item: Leftovers\n|upkeep\n|turn|4\n|inactive|Battle timer is ON: inactive players will automatically lose when time's up. (requested by Xenoxzard)\n|\n|t:|1700749491\n|-end|p1a: Kingambit|fallenundefined|[silent]\n|switch|p1a: Enamorus|Enamorus, F|100\/100\n|move|p2a: Zamazenta|Agility|p2a: Zamazenta\n|-boost|p2a: Zamazenta|spe|2\n|\n|-heal|p2a: Zamazenta|99\/100|[from] Grassy Terrain\n|-heal|p2a: Zamazenta|100\/100|[from] item: Leftovers\n|upkeep\n|turn|5\n|\n|t:|1700749498\n|-terastallize|p2a: Zamazenta|Steel\n|move|p2a: Zamazenta|Iron Defense|p2a: Zamazenta\n|-boost|p2a: Zamazenta|def|2\n|move|p1a: Enamorus|Moonblast|p2a: Zamazenta\n|-resisted|p2a: Zamazenta\n|-damage|p2a: Zamazenta|82\/100\n|-unboost|p2a: Zamazenta|spa|1\n|\n|-heal|p2a: Zamazenta|88\/100|[from] Grassy Terrain\n|-heal|p2a: Zamazenta|94\/100|[from] item: Leftovers\n|-fieldend|move: Grassy Terrain\n|upkeep\n|turn|6\n|\n|t:|1700749517\n|switch|p1a: Great Tusk|Great Tusk|100\/100\n|move|p2a: Zamazenta|Body Press|p1a: Great Tusk\n|-damage|p1a: Great Tusk|38\/100\n|\n|-heal|p2a: Zamazenta|100\/100|[from] item: Leftovers\n|-heal|p1a: Great Tusk|45\/100|[from] item: Leftovers\n|upkeep\n|turn|7\n|\n|t:|1700749522\n|move|p2a: Zamazenta|Body Press|p1a: Great Tusk\n|-damage|p1a: Great Tusk|0 fnt\n|faint|p1a: Great Tusk\n|-end|p1a: Great Tusk|Protosynthesis|[silent]\n|\n|upkeep\n|\n|t:|1700749540\n|switch|p1a: Maushold|Maushold|100\/100\n|turn|8\n|\n|t:|1700749544\n|-terastallize|p1a: Maushold|Ghost\n|move|p2a: Zamazenta|Body Press|p1a: Maushold\n|-immune|p1a: Maushold\n|move|p1a: Maushold|Encore|p2a: Zamazenta\n|-start|p2a: Zamazenta|Encore\n|\n|upkeep\n|turn|9\n|\n|t:|1700749552\n|switch|p2a: Does Nothing|Ting-Lu|81\/100\n|-ability|p2a: Does Nothing|Vessel of Ruin\n|move|p1a: Maushold|Tidy Up|p1a: Maushold\n|-boost|p1a: Maushold|atk|1\n|-boost|p1a: Maushold|spe|1\n|\n|upkeep\n|turn|10\n|inactive|C4rdC4rd has 120 seconds left.\n|\n|t:|1700749585\n|switch|p1a: Heatran|Heatran, M|100\/100\n|move|p2a: Does Nothing|Whirlwind|p1a: Heatran\n|drag|p1a: Enamorus|Enamorus, F|100\/100\n|\n|upkeep\n|turn|11\n|inactive|C4rdC4rd has 120 seconds left.\n|\n|t:|1700749606\n|switch|p2a: Zamazenta|Zamazenta, tera:Steel|100\/100\n|move|p1a: Enamorus|Mystical Fire|p2a: Zamazenta\n|-supereffective|p2a: Zamazenta\n|-damage|p2a: Zamazenta|58\/100\n|-unboost|p2a: Zamazenta|spa|1\n|\n|-heal|p2a: Zamazenta|64\/100|[from] item: Leftovers\n|upkeep\n|turn|12\n|inactive|C4rdC4rd has 120 seconds left.\n|\n|t:|1700749617\n|switch|p2a: Cinderace|Cinderace, M|100\/100\n|move|p1a: Enamorus|Mystical Fire|p2a: Cinderace\n|-resisted|p2a: Cinderace\n|-damage|p2a: Cinderace|80\/100\n|-unboost|p2a: Cinderace|spa|1\n|\n|upkeep\n|turn|13\n|\n|t:|1700749621\n|switch|p1a: Heatran|Heatran, M|100\/100\n|move|p2a: Cinderace|Pyro Ball|p1a: Heatran\n|-start|p1a: Heatran|ability: Flash Fire\n|\n|upkeep\n|turn|14\n|\n|t:|1700749625\n|move|p2a: Cinderace|High Jump Kick|p1a: Heatran\n|-start|p2a: Cinderace|typechange|Fighting|[from] ability: Libero\n|-supereffective|p1a: Heatran\n|-damage|p1a: Heatran|0 fnt\n|faint|p1a: Heatran\n|\n|upkeep\n|inactive|C4rdC4rd has 120 seconds left.\n|\n|t:|1700749647\n|switch|p1a: Enamorus|Enamorus, F|100\/100\n|turn|15\n|\n|t:|1700749653\n|move|p1a: Enamorus|Moonblast|p2a: Cinderace\n|-supereffective|p2a: Cinderace\n|-damage|p2a: Cinderace|0 fnt\n|faint|p2a: Cinderace\n|\n|upkeep\n|\n|t:|1700749664\n|switch|p2a: Iron Valiant|Iron Valiant|100\/100\n|-enditem|p2a: Iron Valiant|Booster Energy\n|-activate|p2a: Iron Valiant|ability: Quark Drive|[fromitem]\n|-start|p2a: Iron Valiant|quarkdrivespe\n|turn|16\n|\n|t:|1700749673\n|move|p2a: Iron Valiant|Thunderbolt|p1a: Enamorus\n|-supereffective|p1a: Enamorus\n|-damage|p1a: Enamorus|20\/100\n|move|p1a: Enamorus|Moonblast|p2a: Iron Valiant\n|-supereffective|p2a: Iron Valiant\n|-damage|p2a: Iron Valiant|0 fnt\n|faint|p2a: Iron Valiant\n|-end|p2a: Iron Valiant|Quark Drive|[silent]\n|\n|upkeep\n|\n|t:|1700749683\n|switch|p2a: Rillaboom|Rillaboom, M|100\/100\n|-fieldstart|move: Grassy Terrain|[from] ability: Grassy Surge|[of] p2a: Rillaboom\n|turn|17\n|\n|t:|1700749690\n|move|p2a: Rillaboom|Grassy Glide|p1a: Enamorus\n|-resisted|p1a: Enamorus\n|-damage|p1a: Enamorus|0 fnt\n|faint|p1a: Enamorus\n|\n|upkeep\n|\n|t:|1700749700\n|switch|p1a: Rillaboom|Rillaboom, M|84\/100\n|turn|18\n|\n|t:|1700749706\n|switch|p2a: Zamazenta|Zamazenta, tera:Steel|64\/100\n|move|p1a: Rillaboom|U-turn|p2a: Zamazenta\n|-resisted|p2a: Zamazenta\n|-damage|p2a: Zamazenta|53\/100\n|\n|t:|1700749716\n|switch|p1a: Maushold|Maushold, tera:Ghost|100\/100|[from] U-turn\n|\n|-heal|p2a: Zamazenta|60\/100|[from] Grassy Terrain\n|-heal|p2a: Zamazenta|66\/100|[from] item: Leftovers\n|upkeep\n|turn|19\n|\n|t:|1700749724\n|move|p1a: Maushold|Tidy Up|p1a: Maushold\n|-boost|p1a: Maushold|atk|1\n|-boost|p1a: Maushold|spe|1\n|move|p2a: Zamazenta|Agility|p2a: Zamazenta\n|-boost|p2a: Zamazenta|spe|2\n|\n|-heal|p2a: Zamazenta|72\/100|[from] Grassy Terrain\n|-heal|p2a: Zamazenta|78\/100|[from] item: Leftovers\n|upkeep\n|turn|20\n|\n|t:|1700749729\n|move|p2a: Zamazenta|Crunch|p1a: Maushold\n|-supereffective|p1a: Maushold\n|-damage|p1a: Maushold|33\/100\n|move|p1a: Maushold|Encore|p2a: Zamazenta\n|-start|p2a: Zamazenta|Encore\n|\n|-heal|p2a: Zamazenta|84\/100|[from] Grassy Terrain\n|-heal|p2a: Zamazenta|90\/100|[from] item: Leftovers\n|-heal|p1a: Maushold|39\/100|[from] Grassy Terrain\n|upkeep\n|turn|21\n|\n|t:|1700749739\n|switch|p1a: Kingambit|Kingambit, M|100\/100\n|-activate|p1a: Kingambit|ability: Supreme Overlord\n|-start|p1a: Kingambit|fallen3|[silent]\n|move|p2a: Zamazenta|Crunch|p1a: Kingambit\n|-resisted|p1a: Kingambit\n|-damage|p1a: Kingambit|93\/100\n|\n|-heal|p2a: Zamazenta|97\/100|[from] Grassy Terrain\n|-heal|p2a: Zamazenta|100\/100|[from] item: Leftovers\n|-heal|p1a: Kingambit|99\/100|[from] Grassy Terrain\n|-heal|p1a: Kingambit|100\/100|[from] item: Leftovers\n|-fieldend|move: Grassy Terrain\n|upkeep\n|turn|22\n|\n|t:|1700749749\n|switch|p2a: Rillaboom|Rillaboom, M|100\/100\n|-fieldstart|move: Grassy Terrain|[from] ability: Grassy Surge|[of] p2a: Rillaboom\n|move|p1a: Kingambit|Kowtow Cleave|p2a: Rillaboom\n|-damage|p2a: Rillaboom|27\/100\n|\n|-heal|p2a: Rillaboom|33\/100|[from] Grassy Terrain\n|upkeep\n|turn|23\n|\n|t:|1700749761\n|switch|p2a: Does Nothing|Ting-Lu|81\/100\n|-ability|p2a: Does Nothing|Vessel of Ruin\n|-end|p1a: Kingambit|fallen3|[silent]\n|switch|p1a: Rillaboom|Rillaboom, M|84\/100\n|\n|-heal|p1a: Rillaboom|90\/100|[from] Grassy Terrain\n|-heal|p2a: Does Nothing|88\/100|[from] Grassy Terrain\n|upkeep\n|turn|24\n|\n|t:|1700749775\n|switch|p2a: Ogerpon|Ogerpon-Wellspring, F|100\/100\n|move|p1a: Rillaboom|Wood Hammer|p2a: Ogerpon\n|-damage|p2a: Ogerpon|0 fnt\n|faint|p2a: Ogerpon\n|-damage|p1a: Rillaboom|61\/100|[from] Recoil\n|\n|-heal|p1a: Rillaboom|67\/100|[from] Grassy Terrain\n|upkeep\n|\n|t:|1700749780\n|switch|p2a: Zamazenta|Zamazenta, tera:Steel|100\/100\n|turn|25\n|\n|t:|1700749786\n|switch|p1a: Maushold|Maushold, tera:Ghost|39\/100\n|move|p2a: Zamazenta|Iron Defense|p2a: Zamazenta\n|-boost|p2a: Zamazenta|def|2\n|\n|-heal|p1a: Maushold|45\/100|[from] Grassy Terrain\n|upkeep\n|turn|26\n|\n|t:|1700749791\n|switch|p2a: Does Nothing|Ting-Lu|88\/100\n|-ability|p2a: Does Nothing|Vessel of Ruin\n|move|p1a: Maushold|Encore||[still]\n|-fail|p1a: Maushold\n|\n|-heal|p1a: Maushold|51\/100|[from] Grassy Terrain\n|-heal|p2a: Does Nothing|94\/100|[from] Grassy Terrain\n|-fieldend|move: Grassy Terrain\n|upkeep\n|turn|27\n|inactive|C4rdC4rd has 120 seconds left.\n|\n|t:|1700749825\n|switch|p1a: Rillaboom|Rillaboom, M|67\/100\n|-fieldstart|move: Grassy Terrain|[from] ability: Grassy Surge|[of] p1a: Rillaboom\n|move|p2a: Does Nothing|Whirlwind|p1a: Rillaboom\n|drag|p1a: Kingambit|Kingambit, M|100\/100\n|-activate|p1a: Kingambit|ability: Supreme Overlord\n|-start|p1a: Kingambit|fallen3|[silent]\n|\n|-heal|p2a: Does Nothing|99\/100|[from] Grassy Terrain\n|upkeep\n|turn|28\n|\n|t:|1700749835\n|move|p1a: Kingambit|Swords Dance|p1a: Kingambit\n|-boost|p1a: Kingambit|atk|2\n|move|p2a: Does Nothing|Spikes|p1a: Kingambit\n|-sidestart|p1: C4rdC4rd|Spikes\n|\n|-heal|p2a: Does Nothing|100\/100|[from] Grassy Terrain\n|upkeep\n|turn|29\n|\n|t:|1700749846\n|move|p1a: Kingambit|Iron Head|p2a: Does Nothing\n|-damage|p2a: Does Nothing|47\/100\n|-damage|p1a: Kingambit|84\/100|[from] item: Rocky Helmet|[of] p2a: Does Nothing\n|move|p2a: Does Nothing|Whirlwind|p1a: Kingambit\n|-end|p1a: Kingambit|fallen3|[silent]\n|drag|p1a: Rillaboom|Rillaboom, M|67\/100\n|-damage|p1a: Rillaboom|55\/100|[from] Spikes\n|\n|-heal|p1a: Rillaboom|61\/100|[from] Grassy Terrain\n|-heal|p2a: Does Nothing|54\/100|[from] Grassy Terrain\n|upkeep\n|turn|30\n|inactive|C4rdC4rd has 120 seconds left.\n|\n|t:|1700749864\n|move|p1a: Rillaboom|Wood Hammer|p2a: Does Nothing\n|-supereffective|p2a: Does Nothing\n|-damage|p2a: Does Nothing|0 fnt\n|-damage|p1a: Rillaboom|45\/100|[from] item: Rocky Helmet|[of] p2a: Does Nothing\n|faint|p2a: Does Nothing\n|-damage|p1a: Rillaboom|18\/100|[from] Recoil\n|\n|-heal|p1a: Rillaboom|25\/100|[from] Grassy Terrain\n|upkeep\n|\n|t:|1700749871\n|switch|p2a: Zamazenta|Zamazenta, tera:Steel|100\/100\n|turn|31\n|\n|t:|1700749883\n|switch|p1a: Kingambit|Kingambit, M|84\/100\n|-damage|p1a: Kingambit|71\/100|[from] Spikes\n|-activate|p1a: Kingambit|ability: Supreme Overlord\n|-start|p1a: Kingambit|fallen3|[silent]\n|move|p2a: Zamazenta|Agility|p2a: Zamazenta\n|-boost|p2a: Zamazenta|spe|2\n|\n|-heal|p1a: Kingambit|78\/100|[from] Grassy Terrain\n|-heal|p1a: Kingambit|84\/100|[from] item: Leftovers\n|-fieldend|move: Grassy Terrain\n|upkeep\n|turn|32\n|\n|t:|1700749893\n|move|p2a: Zamazenta|Iron Defense|p2a: Zamazenta\n|-boost|p2a: Zamazenta|def|2\n|move|p1a: Kingambit|Kowtow Cleave|p2a: Zamazenta\n|-damage|p2a: Zamazenta|82\/100\n|\n|-heal|p2a: Zamazenta|88\/100|[from] item: Leftovers\n|-heal|p1a: Kingambit|90\/100|[from] item: Leftovers\n|upkeep\n|turn|33\n|\n|t:|1700749899\n|move|p2a: Zamazenta|Body Press|p1a: Kingambit\n|-supereffective|p1a: Kingambit\n|-damage|p1a: Kingambit|0 fnt\n|faint|p1a: Kingambit\n|-end|p1a: Kingambit|fallen3|[silent]\n|\n|-heal|p2a: Zamazenta|94\/100|[from] item: Leftovers\n|upkeep\n|\n|t:|1700749906\n|switch|p1a: Maushold|Maushold, tera:Ghost|51\/100\n|-damage|p1a: Maushold|39\/100|[from] Spikes\n|turn|34\n|\n|t:|1700749913\n|move|p2a: Zamazenta|Crunch|p1a: Maushold\n|-supereffective|p1a: Maushold\n|-damage|p1a: Maushold|0 fnt\n|faint|p1a: Maushold\n|\n|-heal|p2a: Zamazenta|100\/100|[from] item: Leftovers\n|upkeep\n|\n|t:|1700749915\n|switch|p1a: Rillaboom|Rillaboom, M|25\/100\n|-damage|p1a: Rillaboom|12\/100|[from] Spikes\n|-fieldstart|move: Grassy Terrain|[from] ability: Grassy Surge|[of] p1a: Rillaboom\n|turn|35\n|\n|t:|1700749918\n|move|p2a: Zamazenta|Body Press|p1a: Rillaboom\n|-damage|p1a: Rillaboom|0 fnt\n|faint|p1a: Rillaboom\n|\n|win|Xenoxzard\n|raw|C4rdC4rd's rating: 1335 &rarr; <strong>1322<\/strong><br \/>(-13 for losing)\n|raw|Xenoxzard's rating: 1455 &rarr; <strong>1468<\/strong><br \/>(+13 for winning)\n|c|\u2606Xenoxzard|Gg\n|c|\u2606C4rdC4rd|GG!\n|l|\u2606C4rdC4rd\n","uploadtime":1700749938,"views":1,"p1id":"c4rdc4rd","p2id":"xenoxzard","formatid":"gen9ou","rating":1322,"private":0,"password":""}