{"id":"gen9ou-1995589614","p1":"PLAYB0I R0BBIE B","p2":"DarkCharizard1993","format":"[Gen 9] OU","log":"|j|\u2606PLAYB0I R0BBIE B\n|j|\u2606DarkCharizard1993\n|t:|1700585456\n|gametype|singles\n|player|p1|PLAYB0I R0BBIE B|eusine|1377\n|player|p2|DarkCharizard1993|2|1310\n|teamsize|p1|6\n|teamsize|p2|6\n|gen|9\n|tier|[Gen 9] OU\n|rated|\n|rule|Sleep Clause Mod: Limit one foe put to sleep\n|rule|Species Clause: Limit one of each Pok\u00e9mon\n|rule|OHKO Clause: OHKO moves are banned\n|rule|Evasion Items Clause: Evasion items are banned\n|rule|Evasion Moves Clause: Evasion moves are banned\n|rule|Endless Battle Clause: Forcing endless battles is banned\n|rule|HP Percentage Mod: HP is shown in percentages\n|clearpoke\n|poke|p1|Meowscarada, F|\n|poke|p1|Heatran, F|\n|poke|p1|Thundurus-Therian, M|\n|poke|p1|Dragapult, F|\n|poke|p1|Great Tusk|\n|poke|p1|Azumarill, F|\n|poke|p2|Charizard, M|\n|poke|p2|Torkoal, M|\n|poke|p2|Ceruledge, M|\n|poke|p2|Heatran, M|\n|poke|p2|Iron Moth|\n|poke|p2|Typhlosion-Hisui, M|\n|teampreview\n|\n|t:|1700585478\n|start\n|switch|p1a: 5% TINT|Heatran, F|100\/100\n|switch|p2a: Typhlosion|Typhlosion-Hisui, M, shiny|100\/100\n|-item|p1a: 5% TINT|Air Balloon\n|turn|1\n|\n|t:|1700585488\n|switch|p2a: Charizard|Charizard, M, shiny|100\/100\n|move|p1a: 5% TINT|Earth Power|p2a: Charizard\n|-immune|p2a: Charizard\n|\n|upkeep\n|turn|2\n|\n|t:|1700585496\n|move|p2a: Charizard|Focus Blast|p1a: 5% TINT|[miss]\n|-miss|p2a: Charizard|p1a: 5% TINT\n|move|p1a: 5% TINT|Stealth Rock|p2a: Charizard\n|-sidestart|p2: DarkCharizard1993|move: Stealth Rock\n|\n|upkeep\n|turn|3\n|\n|t:|1700585501\n|switch|p1a: NO BYSTANDERS|Dragapult, F|100\/100\n|move|p2a: Charizard|Focus Blast|p1a: NO BYSTANDERS\n|-immune|p1a: NO BYSTANDERS\n|\n|upkeep\n|turn|4\n|\n|t:|1700585509\n|move|p1a: NO BYSTANDERS|Thunder Wave|p2a: Charizard\n|-status|p2a: Charizard|par\n|move|p2a: Charizard|Dragon Pulse|p1a: NO BYSTANDERS\n|-supereffective|p1a: NO BYSTANDERS\n|-damage|p1a: NO BYSTANDERS|0 fnt\n|faint|p1a: NO BYSTANDERS\n|-damage|p2a: Charizard|91\/100 par|[from] item: Life Orb\n|\n|upkeep\n|\n|t:|1700585516\n|switch|p1a: CAN'T SAY|Azumarill, F|100\/100\n|turn|5\n|\n|t:|1700585521\n|switch|p2a: Torkoal|Torkoal, M, shiny|100\/100\n|-damage|p2a: Torkoal|76\/100|[from] Stealth Rock\n|-weather|SunnyDay|[from] ability: Drought|[of] p2a: Torkoal\n|move|p1a: CAN'T SAY|Liquidation|p2a: Torkoal\n|-supereffective|p2a: Torkoal\n|-damage|p2a: Torkoal|45\/100\n|\n|-weather|SunnyDay|[upkeep]\n|upkeep\n|turn|6\n|\n|t:|1700585530\n|move|p1a: CAN'T SAY|Liquidation|p2a: Torkoal\n|-supereffective|p2a: Torkoal\n|-damage|p2a: Torkoal|13\/100\n|move|p2a: Torkoal|Rapid Spin|p1a: CAN'T SAY\n|-damage|p1a: CAN'T SAY|91\/100\n|-boost|p2a: Torkoal|spe|1\n|-sideend|p2: DarkCharizard1993|Stealth Rock|[from] move: Rapid Spin|[of] p2a: Torkoal\n|\n|-weather|SunnyDay|[upkeep]\n|upkeep\n|turn|7\n|\n|t:|1700585539\n|move|p1a: CAN'T SAY|Aqua Jet|p2a: Torkoal\n|-supereffective|p2a: Torkoal\n|-damage|p2a: Torkoal|0 fnt\n|faint|p2a: Torkoal\n|\n|-weather|SunnyDay|[upkeep]\n|upkeep\n|\n|t:|1700585544\n|switch|p2a: Charizard|Charizard, M, shiny|91\/100 par\n|turn|8\n|\n|t:|1700585553\n|switch|p1a: 5% TINT|Heatran, F|100\/100\n|-item|p1a: 5% TINT|Air Balloon\n|-terastallize|p2a: Charizard|Grass\n|move|p2a: Charizard|Solar Beam||[still]\n|-prepare|p2a: Charizard|Solar Beam\n|-anim|p2a: Charizard|Solar Beam|p1a: 5% TINT\n|-resisted|p1a: 5% TINT\n|-damage|p1a: 5% TINT|76\/100\n|-enditem|p1a: 5% TINT|Air Balloon\n|-damage|p2a: Charizard|81\/100 par|[from] item: Life Orb\n|\n|-weather|SunnyDay|[upkeep]\n|-damage|p2a: Charizard|69\/100 par|[from] ability: Solar Power|[of] p2a: Charizard\n|upkeep\n|turn|9\n|\n|t:|1700585570\n|switch|p2a: Heatran|Heatran, M, shiny|100\/100\n|move|p1a: 5% TINT|Magma Storm|p2a: Heatran\n|-start|p2a: Heatran|ability: Flash Fire\n|\n|-weather|SunnyDay|[upkeep]\n|upkeep\n|turn|10\n|\n|t:|1700585586\n|-terastallize|p1a: 5% TINT|Flying\n|move|p1a: 5% TINT|Earth Power|p2a: Heatran\n|-supereffective|p2a: Heatran\n|-damage|p2a: Heatran|17\/100\n|move|p2a: Heatran|Earth Power|p1a: 5% TINT\n|-immune|p1a: 5% TINT\n|\n|-weather|SunnyDay|[upkeep]\n|-heal|p2a: Heatran|23\/100|[from] item: Leftovers\n|upkeep\n|turn|11\n|\n|t:|1700585604\n|-end|p2a: Heatran|ability: Flash Fire|[silent]\n|switch|p2a: Charizard|Charizard, M, shiny, tera:Grass|69\/100 par\n|move|p1a: 5% TINT|Stealth Rock|p2a: Charizard\n|-sidestart|p2: DarkCharizard1993|move: Stealth Rock\n|\n|-weather|SunnyDay|[upkeep]\n|-damage|p2a: Charizard|56\/100 par|[from] ability: Solar Power|[of] p2a: Charizard\n|upkeep\n|turn|12\n|\n|t:|1700585616\n|move|p1a: 5% TINT|Magma Storm|p2a: Charizard\n|-supereffective|p2a: Charizard\n|-damage|p2a: Charizard|0 fnt\n|faint|p2a: Charizard\n|\n|-weather|none\n|upkeep\n|\n|t:|1700585623\n|switch|p2a: Ceruledge|Ceruledge, M, shiny|100\/100\n|-damage|p2a: Ceruledge|76\/100|[from] Stealth Rock\n|turn|13\n|\n|t:|1700585629\n|move|p2a: Ceruledge|Swords Dance|p2a: Ceruledge\n|-boost|p2a: Ceruledge|atk|2\n|move|p1a: 5% TINT|Earth Power|p2a: Ceruledge\n|-supereffective|p2a: Ceruledge\n|-damage|p2a: Ceruledge|3\/100\n|\n|upkeep\n|turn|14\n|inactive|Battle timer is ON: inactive players will automatically lose when time's up. (requested by PLAYB0I R0BBIE B)\n|\n|t:|1700585636\n|move|p2a: Ceruledge|Shadow Sneak|p1a: 5% TINT\n|-damage|p1a: 5% TINT|38\/100\n|move|p1a: 5% TINT|Earth Power|p2a: Ceruledge\n|-supereffective|p2a: Ceruledge\n|-damage|p2a: Ceruledge|0 fnt\n|faint|p2a: Ceruledge\n|\n|upkeep\n|\n|t:|1700585645\n|switch|p2a: Iron Moth|Iron Moth, shiny|100\/100\n|-damage|p2a: Iron Moth|76\/100|[from] Stealth Rock\n|-enditem|p2a: Iron Moth|Booster Energy\n|-activate|p2a: Iron Moth|ability: Quark Drive|[fromitem]\n|-start|p2a: Iron Moth|quarkdrivespe\n|turn|15\n|c|\u2606PLAYB0I R0BBIE B|you know you can use other types on a sun team?\n|\n|t:|1700585662\n|move|p2a: Iron Moth|Sludge Wave|p1a: 5% TINT\n|-damage|p1a: 5% TINT|0 fnt\n|faint|p1a: 5% TINT\n|\n|upkeep\n|\n|t:|1700585668\n|switch|p1a: CAN'T SAY|Azumarill, F|91\/100\n|turn|16\n|\n|t:|1700585676\n|move|p2a: Iron Moth|Sludge Wave|p1a: CAN'T SAY\n|-supereffective|p1a: CAN'T SAY\n|-damage|p1a: CAN'T SAY|20\/100\n|-status|p1a: CAN'T SAY|psn\n|move|p1a: CAN'T SAY|Liquidation|p2a: Iron Moth\n|-supereffective|p2a: Iron Moth\n|-damage|p2a: Iron Moth|0 fnt\n|faint|p2a: Iron Moth\n|-end|p2a: Iron Moth|Quark Drive|[silent]\n|\n|-damage|p1a: CAN'T SAY|8\/100 psn|[from] psn\n|upkeep\n|\n|t:|1700585686\n|switch|p2a: Heatran|Heatran, M, shiny|23\/100\n|-damage|p2a: Heatran|10\/100|[from] Stealth Rock\n|turn|17\n|\n|t:|1700585692\n|switch|p1a: YOSEMITE|Great Tusk|100\/100\n|move|p2a: Heatran|Stealth Rock|p1a: YOSEMITE\n|-sidestart|p1: PLAYB0I R0BBIE B|move: Stealth Rock\n|\n|-heal|p2a: Heatran|17\/100|[from] item: Leftovers\n|upkeep\n|turn|18\n|\n|t:|1700585699\n|move|p1a: YOSEMITE|Headlong Rush|p2a: Heatran\n|-supereffective|p2a: Heatran\n|-damage|p2a: Heatran|0 fnt\n|-unboost|p1a: YOSEMITE|def|1\n|-unboost|p1a: YOSEMITE|spd|1\n|faint|p2a: Heatran\n|\n|upkeep\n|\n|t:|1700585705\n|switch|p2a: Typhlosion|Typhlosion-Hisui, M, shiny|100\/100\n|-damage|p2a: Typhlosion|75\/100|[from] Stealth Rock\n|turn|19\n|\n|t:|1700585708\n|move|p2a: Typhlosion|Eruption|p1a: YOSEMITE\n|-damage|p1a: YOSEMITE|0 fnt\n|faint|p1a: YOSEMITE\n|-end|p1a: YOSEMITE|Protosynthesis|[silent]\n|\n|upkeep\n|\n|t:|1700585714\n|switch|p1a: ASTROTHUNDER|Thundurus-Therian, M|100\/100\n|-damage|p1a: ASTROTHUNDER|75\/100|[from] Stealth Rock\n|turn|20\n|\n|t:|1700585718\n|move|p2a: Typhlosion|Eruption|p1a: ASTROTHUNDER\n|-damage|p1a: ASTROTHUNDER|0 fnt\n|faint|p1a: ASTROTHUNDER\n|\n|upkeep\n|\n|t:|1700585721\n|switch|p1a: SICKO MODE|Meowscarada, F|100\/100\n|-damage|p1a: SICKO MODE|88\/100|[from] Stealth Rock\n|turn|21\n|\n|t:|1700585725\n|move|p2a: Typhlosion|Eruption|p1a: SICKO MODE\n|-supereffective|p1a: SICKO MODE\n|-damage|p1a: SICKO MODE|0 fnt\n|faint|p1a: SICKO MODE\n|\n|upkeep\n|\n|t:|1700585728\n|switch|p1a: CAN'T SAY|Azumarill, F|8\/100 psn\n|-damage|p1a: CAN'T SAY|0 fnt|[from] Stealth Rock\n|faint|p1a: CAN'T SAY\n|\n|win|DarkCharizard1993\n|raw|PLAYB0I R0BBIE B's rating: 1377 &rarr; <strong>1353<\/strong><br \/>(-24 for losing)\n|raw|DarkCharizard1993's rating: 1310 &rarr; <strong>1334<\/strong><br \/>(+24 for winning)\n","uploadtime":1700585735,"views":1,"p1id":"playb0ir0bbieb","p2id":"darkcharizard1993","formatid":"gen9ou","rating":1334,"private":0,"password":""}