{"id":"gen9ou-1990658042","p1":"BOBEM","p2":"repete64","format":"[Gen 9] OU","log":"|j|\u2606BOBEM\n|j|\u2606repete64\n|inactive|Battle timer is ON: inactive players will automatically lose when time's up.\n|t:|1699989389\n|gametype|singles\n|player|p1|BOBEM|steven|\n|player|p2|repete64|bruno|\n|teamsize|p1|3\n|teamsize|p2|3\n|gen|9\n|tier|[Gen 9] OU\n|rated|Tournament battle\n|rule|Sleep Clause Mod: Limit one foe put to sleep\n|rule|Species Clause: Limit one of each Pok\u00e9mon\n|rule|OHKO Clause: OHKO moves are banned\n|rule|Evasion Items Clause: Evasion items are banned\n|rule|Evasion Moves Clause: Evasion moves are banned\n|rule|Endless Battle Clause: Forcing endless battles is banned\n|rule|HP Percentage Mod: HP is shown in percentages\n|clearpoke\n|poke|p1|Revavroom, M|\n|poke|p1|Crawdaunt, M|\n|poke|p1|Drednaw, F|\n|poke|p2|Muk-Alola, F|\n|poke|p2|Yanmega, F|\n|poke|p2|Houndstone, M|\n|teampreview\n|j|*Lady Monita \u2746\n|inactive|BOBEM also wants the timer to be on.\n|j| Carkol Lover\n|\n|t:|1699989400\n|start\n|switch|p1a: Can|Revavroom, M|100\/100\n|switch|p2a: Houndstone|Houndstone, M|100\/100\n|-item|p1a: Can|Air Balloon\n|turn|1\n|\n|t:|1699989410\n|move|p1a: Can|Shift Gear|p1a: Can\n|-boost|p1a: Can|spe|2\n|-boost|p1a: Can|atk|1\n|move|p2a: Houndstone|Yawn|p1a: Can\n|-start|p1a: Can|move: Yawn|[of] p2a: Houndstone\n|\n|upkeep\n|turn|2\n|\n|t:|1699989420\n|switch|p1a: Rab|Crawdaunt, M|100\/100\n|move|p2a: Houndstone|Poltergeist|p1a: Rab\n|-activate|p1a: Rab|move: Poltergeist|Focus Sash\n|-resisted|p1a: Rab\n|-damage|p1a: Rab|70\/100\n|\n|upkeep\n|turn|3\n|\n|t:|1699989430\n|move|p2a: Houndstone|Play Rough|p1a: Rab\n|-supereffective|p1a: Rab\n|-crit|p1a: Rab\n|-damage|p1a: Rab|0 fnt\n|faint|p1a: Rab\n|\n|upkeep\n|\n|t:|1699989437\n|switch|p1a: Can|Revavroom, M|100\/100\n|-item|p1a: Can|Air Balloon\n|turn|4\n|\n|t:|1699989443\n|move|p1a: Can|Gunk Shot|p2a: Houndstone\n|-resisted|p2a: Houndstone\n|-damage|p2a: Houndstone|69\/100\n|move|p2a: Houndstone|Yawn|p1a: Can\n|-start|p1a: Can|move: Yawn|[of] p2a: Houndstone\n|\n|upkeep\n|turn|5\n|\n|t:|1699989451\n|move|p1a: Can|Iron Head|p2a: Houndstone\n|-damage|p2a: Houndstone|50\/100\n|-damage|p1a: Can|84\/100|[from] item: Rocky Helmet|[of] p2a: Houndstone\n|move|p2a: Houndstone|Poltergeist|p1a: Can\n|-activate|p1a: Can|move: Poltergeist|Air Balloon\n|-damage|p1a: Can|22\/100\n|-enditem|p1a: Can|Air Balloon\n|\n|-end|p1a: Can|move: Yawn|[silent]\n|-status|p1a: Can|slp\n|upkeep\n|turn|6\n|\n|t:|1699989460\n|move|p2a: Houndstone|Shadow Sneak|p1a: Can\n|-damage|p1a: Can|0 fnt\n|faint|p1a: Can\n|\n|upkeep\n|\n|t:|1699989463\n|switch|p1a: Turp|Drednaw, F|100\/100\n|turn|7\n|\n|t:|1699989471\n|-terastallize|p1a: Turp|Dark\n|move|p1a: Turp|Crunch|p2a: Houndstone\n|-supereffective|p2a: Houndstone\n|-damage|p2a: Houndstone|0 fnt\n|-damage|p1a: Turp|84\/100|[from] item: Rocky Helmet|[of] p2a: Houndstone\n|faint|p2a: Houndstone\n|\n|upkeep\n|\n|t:|1699989477\n|switch|p2a: Yanmega|Yanmega, F|100\/100\n|turn|8\n|\n|t:|1699989480\n|-terastallize|p2a: Yanmega|Bug\n|move|p2a: Yanmega|Bug Buzz|p1a: Turp\n|-supereffective|p1a: Turp\n|-damage|p1a: Turp|0 fnt\n|faint|p1a: Turp\n|\n|win|repete64\n|n|\u2606BOBEM|bobem\n|n|\u2606repete64|repete64\n|n|*Lady Monita \u2746|ladymonita\n|n| Carkol Lover|carkollover\n","uploadtime":1699989481,"views":7,"p1id":"bobem","p2id":"repete64","formatid":"gen9ou","rating":0,"private":0,"password":""}