{"id":"gen9ou-1990013355","p1":"AsianVinh","p2":"paranazao","format":"[Gen 9] OU","log":"|j|\u2606AsianVinh\n|j|\u2606paranazao\n|t:|1699915379\n|gametype|singles\n|player|p1|AsianVinh|cynthia-gen4|1269\n|player|p2|paranazao|hoopster|1309\n|teamsize|p1|6\n|teamsize|p2|6\n|gen|9\n|tier|[Gen 9] OU\n|rated|\n|rule|Sleep Clause Mod: Limit one foe put to sleep\n|rule|Species Clause: Limit one of each Pok\u00e9mon\n|rule|OHKO Clause: OHKO moves are banned\n|rule|Evasion Items Clause: Evasion items are banned\n|rule|Evasion Moves Clause: Evasion moves are banned\n|rule|Endless Battle Clause: Forcing endless battles is banned\n|rule|HP Percentage Mod: HP is shown in percentages\n|clearpoke\n|poke|p1|Greninja-*, F|\n|poke|p1|Pelipper, F|\n|poke|p1|Floatzel, F|\n|poke|p1|Amoonguss, M|\n|poke|p1|Iron Treads|\n|poke|p1|Kingambit, F|\n|poke|p2|Samurott-Hisui, F|\n|poke|p2|Gholdengo|\n|poke|p2|Dragonite, F|\n|poke|p2|Iron Valiant|\n|poke|p2|Landorus-Therian, M|\n|poke|p2|Great Tusk|\n|teampreview\n|\n|t:|1699915392\n|start\n|switch|p1a: Pelipper|Pelipper, F|100\/100\n|switch|p2a: Samurott|Samurott-Hisui, F|100\/100\n|-weather|RainDance|[from] ability: Drizzle|[of] p1a: Pelipper\n|turn|1\n|inactive|Battle timer is ON: inactive players will automatically lose when time's up. (requested by AsianVinh)\n|\n|t:|1699915398\n|move|p2a: Samurott|Ceaseless Edge|p1a: Pelipper\n|-damage|p1a: Pelipper|67\/100\n|-sidestart|p1: AsianVinh|Spikes\n|move|p1a: Pelipper|Hurricane|p2a: Samurott\n|-damage|p2a: Samurott|41\/100\n|-start|p2a: Samurott|confusion\n|\n|-weather|RainDance|[upkeep]\n|upkeep\n|turn|2\n|\n|t:|1699915405\n|-activate|p2a: Samurott|confusion\n|move|p2a: Samurott|Ceaseless Edge|p1a: Pelipper\n|-damage|p1a: Pelipper|31\/100\n|-sidestart|p1: AsianVinh|Spikes\n|move|p1a: Pelipper|Hurricane|p2a: Samurott\n|-damage|p2a: Samurott|0 fnt\n|faint|p2a: Samurott\n|\n|-weather|RainDance|[upkeep]\n|upkeep\n|\n|t:|1699915426\n|switch|p2a: Dragonite|Dragonite, F|100\/100\n|turn|3\n|\n|t:|1699915430\n|move|p2a: Dragonite|Extreme Speed|p1a: Pelipper\n|-damage|p1a: Pelipper|7\/100\n|move|p1a: Pelipper|U-turn|p2a: Dragonite\n|-resisted|p2a: Dragonite\n|-damage|p2a: Dragonite|98\/100\n|\n|t:|1699915443\n|switch|p1a: Iron Treads|Iron Treads|100\/100|[from] U-turn\n|-damage|p1a: Iron Treads|84\/100|[from] Spikes\n|-enditem|p1a: Iron Treads|Booster Energy\n|-activate|p1a: Iron Treads|ability: Quark Drive|[fromitem]\n|-start|p1a: Iron Treads|quarkdrivespe\n|\n|-weather|RainDance|[upkeep]\n|upkeep\n|turn|4\n|\n|t:|1699915451\n|switch|p2a: Gholdengo|Gholdengo|100\/100\n|-item|p2a: Gholdengo|Air Balloon\n|move|p1a: Iron Treads|Stealth Rock|p2a: Gholdengo\n|-sidestart|p2: paranazao|move: Stealth Rock\n|\n|-weather|RainDance|[upkeep]\n|upkeep\n|turn|5\n|\n|t:|1699915463\n|move|p1a: Iron Treads|Knock Off|p2a: Gholdengo\n|-supereffective|p2a: Gholdengo\n|-damage|p2a: Gholdengo|42\/100\n|-enditem|p2a: Gholdengo|Air Balloon\n|move|p2a: Gholdengo|Shadow Ball|p1a: Iron Treads\n|-damage|p1a: Iron Treads|23\/100\n|\n|-weather|RainDance|[upkeep]\n|upkeep\n|turn|6\n|\n|t:|1699915493\n|switch|p2a: Iron Valiant|Iron Valiant|100\/100\n|-damage|p2a: Iron Valiant|94\/100|[from] Stealth Rock\n|-enditem|p2a: Iron Valiant|Booster Energy\n|-activate|p2a: Iron Valiant|ability: Quark Drive|[fromitem]\n|-start|p2a: Iron Valiant|quarkdrivespe\n|move|p1a: Iron Treads|Earthquake|p2a: Iron Valiant\n|-damage|p2a: Iron Valiant|38\/100\n|\n|-weather|RainDance|[upkeep]\n|upkeep\n|turn|7\n|\n|t:|1699915504\n|move|p2a: Iron Valiant|Aura Sphere|p1a: Iron Treads\n|-supereffective|p1a: Iron Treads\n|-crit|p1a: Iron Treads\n|-damage|p1a: Iron Treads|0 fnt\n|faint|p1a: Iron Treads\n|-end|p1a: Iron Treads|Quark Drive|[silent]\n|\n|-weather|RainDance|[upkeep]\n|upkeep\n|\n|t:|1699915509\n|switch|p1a: Floatzel|Floatzel, F|100\/100\n|-damage|p1a: Floatzel|84\/100|[from] Spikes\n|turn|8\n|\n|t:|1699915519\n|-end|p2a: Iron Valiant|Quark Drive|[silent]\n|switch|p2a: Gholdengo|Gholdengo|42\/100\n|-damage|p2a: Gholdengo|36\/100|[from] Stealth Rock\n|move|p1a: Floatzel|Liquidation|p2a: Gholdengo\n|-damage|p2a: Gholdengo|0 fnt\n|faint|p2a: Gholdengo\n|\n|-weather|none\n|upkeep\n|\n|t:|1699915527\n|switch|p2a: Great Tusk|Great Tusk|100\/100\n|-damage|p2a: Great Tusk|98\/100|[from] Stealth Rock\n|turn|9\n|\n|t:|1699915531\n|move|p1a: Floatzel|Liquidation|p2a: Great Tusk\n|-supereffective|p2a: Great Tusk\n|-damage|p2a: Great Tusk|29\/100\n|move|p2a: Great Tusk|Stealth Rock|p1a: Floatzel\n|-sidestart|p1: AsianVinh|move: Stealth Rock\n|\n|-heal|p2a: Great Tusk|36\/100|[from] item: Leftovers\n|upkeep\n|turn|10\n|\n|t:|1699915542\n|move|p1a: Floatzel|Liquidation|p2a: Great Tusk\n|-supereffective|p2a: Great Tusk\n|-damage|p2a: Great Tusk|0 fnt\n|faint|p2a: Great Tusk\n|-end|p2a: Great Tusk|Protosynthesis|[silent]\n|\n|upkeep\n|\n|t:|1699915545\n|switch|p2a: Dragonite|Dragonite, F|98\/100\n|turn|11\n|\n|t:|1699915550\n|switch|p1a: Pelipper|Pelipper, F|7\/100\n|-damage|p1a: Pelipper|0 fnt|[from] Stealth Rock\n|faint|p1a: Pelipper\n|move|p2a: Dragonite|Dragon Dance|p2a: Dragonite\n|-boost|p2a: Dragonite|atk|1\n|-boost|p2a: Dragonite|spe|1\n|\n|upkeep\n|\n|t:|1699915565\n|switch|p1a: Greninja|Greninja, F, shiny|100\/100\n|-damage|p1a: Greninja|84\/100|[from] Spikes\n|-damage|p1a: Greninja|72\/100|[from] Stealth Rock\n|turn|12\n|\n|t:|1699915579\n|-terastallize|p2a: Dragonite|Normal\n|move|p2a: Dragonite|Dragon Dance|p2a: Dragonite\n|-boost|p2a: Dragonite|atk|1\n|-boost|p2a: Dragonite|spe|1\n|move|p1a: Greninja|Ice Beam|p2a: Dragonite\n|-start|p1a: Greninja|typechange|Ice|[from] ability: Protean\n|-damage|p2a: Dragonite|33\/100\n|-status|p2a: Dragonite|frz\n|\n|upkeep\n|turn|13\n|\n|t:|1699915591\n|cant|p2a: Dragonite|frz\n|move|p1a: Greninja|Ice Beam|p2a: Dragonite\n|-crit|p2a: Dragonite\n|-damage|p2a: Dragonite|0 fnt\n|faint|p2a: Dragonite\n|\n|upkeep\n|\n|t:|1699915598\n|switch|p2a: Landorus|Landorus-Therian, M|100\/100\n|-damage|p2a: Landorus|88\/100|[from] Stealth Rock\n|-ability|p2a: Landorus|Intimidate|boost\n|-unboost|p1a: Greninja|atk|1\n|turn|14\n|\n|t:|1699915604\n|move|p2a: Landorus|Earthquake|p1a: Greninja\n|-damage|p1a: Greninja|0 fnt\n|faint|p1a: Greninja\n|\n|upkeep\n|\n|t:|1699915610\n|switch|p1a: Floatzel|Floatzel, F|84\/100\n|-damage|p1a: Floatzel|67\/100|[from] Spikes\n|-damage|p1a: Floatzel|55\/100|[from] Stealth Rock\n|turn|15\n|\n|t:|1699915618\n|-terastallize|p1a: Floatzel|Water\n|move|p1a: Floatzel|Aqua Jet|p2a: Landorus\n|-supereffective|p2a: Landorus\n|-damage|p2a: Landorus|0 fnt\n|faint|p2a: Landorus\n|\n|upkeep\n|\n|t:|1699915623\n|switch|p2a: Iron Valiant|Iron Valiant|38\/100\n|-damage|p2a: Iron Valiant|32\/100|[from] Stealth Rock\n|turn|16\n|\n|t:|1699915628\n|move|p1a: Floatzel|Aqua Jet|p2a: Iron Valiant\n|-damage|p2a: Iron Valiant|0 fnt\n|faint|p2a: Iron Valiant\n|-end|p2a: Iron Valiant|Quark Drive|[silent]\n|\n|win|AsianVinh\n|raw|AsianVinh's rating: 1269 &rarr; <strong>1297<\/strong><br \/>(+28 for winning)\n|raw|paranazao's rating: 1309 &rarr; <strong>1287<\/strong><br \/>(-22 for losing)\n","uploadtime":1699915641,"views":8,"p1id":"asianvinh","p2id":"paranazao","formatid":"gen9ou","rating":1287,"private":0,"password":""}