{"id":"gen9ou-1992586261","p1":"Nayjar","p2":"Defog Conk Enjoyer","format":"[Gen 9] OU","log":"|j|\u2606Nayjar\n|j|\u2606Defog Conk Enjoyer\n|t:|1700210379\n|gametype|singles\n|player|p1|Nayjar|170|1618\n|player|p2|Defog Conk Enjoyer|supernerd|1574\n|teamsize|p1|6\n|teamsize|p2|6\n|gen|9\n|tier|[Gen 9] OU\n|rated|\n|rule|Sleep Clause Mod: Limit one foe put to sleep\n|rule|Species Clause: Limit one of each Pok\u00e9mon\n|rule|OHKO Clause: OHKO moves are banned\n|rule|Evasion Items Clause: Evasion items are banned\n|rule|Evasion Moves Clause: Evasion moves are banned\n|rule|Endless Battle Clause: Forcing endless battles is banned\n|rule|HP Percentage Mod: HP is shown in percentages\n|clearpoke\n|poke|p1|Cinderace, M|\n|poke|p1|Arboliva, M|\n|poke|p1|Clefable, F|\n|poke|p1|Great Tusk|\n|poke|p1|Dragonite, F|\n|poke|p1|Alomomola, M|\n|poke|p2|Ogerpon-Wellspring, F|\n|poke|p2|Rillaboom, M|\n|poke|p2|Sneasler, M|\n|poke|p2|Glimmora, F|\n|poke|p2|Gholdengo|\n|poke|p2|Iron Valiant|\n|teampreview\n|inactive|Battle timer is ON: inactive players will automatically lose when time's up. (requested by Nayjar)\n|\n|t:|1700210386\n|start\n|switch|p1a: Arboliva|Arboliva, M|100\/100\n|switch|p2a: Beyblade|Glimmora, F|100\/100\n|turn|1\n|\n|t:|1700210390\n|move|p2a: Beyblade|Sludge Wave|p1a: Arboliva\n|-supereffective|p1a: Arboliva\n|-damage|p1a: Arboliva|17\/100\n|-fieldstart|move: Grassy Terrain|[from] ability: Seed Sower|[of] p1a: Arboliva\n|move|p1a: Arboliva|Giga Drain|p2a: Beyblade\n|-crit|p2a: Beyblade\n|-enditem|p2a: Beyblade|Focus Sash\n|-damage|p2a: Beyblade|1\/100\n|-heal|p1a: Arboliva|60\/100|[from] drain|[of] p2a: Beyblade\n|\n|-heal|p2a: Beyblade|7\/100|[from] Grassy Terrain\n|-heal|p1a: Arboliva|66\/100|[from] Grassy Terrain\n|upkeep\n|turn|2\n|\n|t:|1700210404\n|switch|p1a: Dragonite|Dragonite, F|100\/100\n|move|p2a: Beyblade|Sludge Wave|p1a: Dragonite\n|-damage|p1a: Dragonite|77\/100\n|\n|-heal|p2a: Beyblade|13\/100|[from] Grassy Terrain\n|upkeep\n|turn|3\n|\n|t:|1700210410\n|move|p2a: Beyblade|Stealth Rock|p1a: Dragonite\n|-sidestart|p1: Nayjar|move: Stealth Rock\n|move|p1a: Dragonite|Earthquake|p2a: Beyblade\n|-supereffective|p2a: Beyblade\n|-damage|p2a: Beyblade|0 fnt\n|-activate|p2a: Beyblade|ability: Toxic Debris\n|-sidestart|p1: Nayjar|move: Toxic Spikes\n|faint|p2a: Beyblade\n|\n|upkeep\n|\n|t:|1700210414\n|switch|p2a: Kill\/Them|Iron Valiant|100\/100\n|-enditem|p2a: Kill\/Them|Booster Energy\n|-activate|p2a: Kill\/Them|ability: Quark Drive|[fromitem]\n|-start|p2a: Kill\/Them|quarkdrivespe\n|turn|4\n|j| Evil T-tar\n|\n|t:|1700210423\n|move|p1a: Dragonite|Extreme Speed|p2a: Kill\/Them\n|-damage|p2a: Kill\/Them|63\/100\n|move|p2a: Kill\/Them|Spirit Break|p1a: Dragonite\n|-supereffective|p1a: Dragonite\n|-damage|p1a: Dragonite|8\/100\n|-unboost|p1a: Dragonite|spa|1\n|\n|-heal|p2a: Kill\/Them|69\/100|[from] Grassy Terrain\n|upkeep\n|turn|5\n|\n|t:|1700210429\n|move|p1a: Dragonite|Extreme Speed|p2a: Kill\/Them\n|-damage|p2a: Kill\/Them|30\/100\n|move|p2a: Kill\/Them|Spirit Break|p1a: Dragonite\n|-supereffective|p1a: Dragonite\n|-damage|p1a: Dragonite|0 fnt\n|faint|p1a: Dragonite\n|\n|-heal|p2a: Kill\/Them|36\/100|[from] Grassy Terrain\n|-fieldend|move: Grassy Terrain\n|upkeep\n|\n|t:|1700210439\n|switch|p1a: Cinderace|Cinderace, M|100\/100\n|turn|6\n|\n|t:|1700210442\n|move|p2a: Kill\/Them|Close Combat|p1a: Cinderace\n|-damage|p1a: Cinderace|15\/100\n|-unboost|p2a: Kill\/Them|def|1\n|-unboost|p2a: Kill\/Them|spd|1\n|move|p1a: Cinderace|Court Change|p1a: Cinderace\n|-start|p1a: Cinderace|typechange|Normal|[from] ability: Libero\n|-swapsideconditions\n|-activate|p1a: Cinderace|move: Court Change\n|\n|upkeep\n|turn|7\n|\n|t:|1700210458\n|switch|p1a: Alomomola|Alomomola, M|100\/100\n|move|p2a: Kill\/Them|Spirit Break|p1a: Alomomola\n|-damage|p1a: Alomomola|81\/100\n|-unboost|p1a: Alomomola|spa|1\n|\n|upkeep\n|turn|8\n|\n|t:|1700210463\n|move|p2a: Kill\/Them|Close Combat|p1a: Alomomola\n|-damage|p1a: Alomomola|48\/100\n|-unboost|p2a: Kill\/Them|def|1\n|-unboost|p2a: Kill\/Them|spd|1\n|move|p1a: Alomomola|Wish|p1a: Alomomola\n|\n|upkeep\n|turn|9\n|\n|t:|1700210470\n|switch|p1a: Clefable|Clefable, F|100\/100\n|move|p2a: Kill\/Them|Swords Dance|p2a: Kill\/Them\n|-boost|p2a: Kill\/Them|atk|2\n|\n|upkeep\n|turn|10\n|\n|t:|1700210474\n|move|p2a: Kill\/Them|Spirit Break|p1a: Clefable\n|-damage|p1a: Clefable|70\/100\n|-unboost|p1a: Clefable|spa|1\n|move|p1a: Clefable|Cosmic Power|p1a: Clefable\n|-boost|p1a: Clefable|def|1\n|-boost|p1a: Clefable|spd|1\n|\n|-heal|p1a: Clefable|76\/100|[from] item: Leftovers\n|upkeep\n|turn|11\n|\n|t:|1700210479\n|move|p2a: Kill\/Them|Spirit Break|p1a: Clefable\n|-damage|p1a: Clefable|56\/100\n|-unboost|p1a: Clefable|spa|1\n|move|p1a: Clefable|Cosmic Power|p1a: Clefable\n|-boost|p1a: Clefable|def|1\n|-boost|p1a: Clefable|spd|1\n|\n|-heal|p1a: Clefable|62\/100|[from] item: Leftovers\n|upkeep\n|turn|12\n|\n|t:|1700210485\n|move|p2a: Kill\/Them|Encore|p1a: Clefable\n|-start|p1a: Clefable|Encore\n|move|p1a: Clefable|Cosmic Power|p1a: Clefable\n|-boost|p1a: Clefable|def|1\n|-boost|p1a: Clefable|spd|1\n|\n|-heal|p1a: Clefable|68\/100|[from] item: Leftovers\n|upkeep\n|turn|13\n|\n|t:|1700210488\n|move|p2a: Kill\/Them|Spirit Break|p1a: Clefable\n|-damage|p1a: Clefable|56\/100\n|-unboost|p1a: Clefable|spa|1\n|move|p1a: Clefable|Cosmic Power|p1a: Clefable\n|-boost|p1a: Clefable|def|1\n|-boost|p1a: Clefable|spd|1\n|\n|-heal|p1a: Clefable|62\/100|[from] item: Leftovers\n|upkeep\n|turn|14\n|\n|t:|1700210491\n|move|p2a: Kill\/Them|Swords Dance|p2a: Kill\/Them\n|-boost|p2a: Kill\/Them|atk|2\n|move|p1a: Clefable|Cosmic Power|p1a: Clefable\n|-boost|p1a: Clefable|def|1\n|-boost|p1a: Clefable|spd|1\n|\n|-heal|p1a: Clefable|68\/100|[from] item: Leftovers\n|-end|p1a: Clefable|Encore\n|upkeep\n|turn|15\n|\n|t:|1700210495\n|move|p2a: Kill\/Them|Encore|p1a: Clefable\n|-start|p1a: Clefable|Encore\n|move|p1a: Clefable|Cosmic Power|p1a: Clefable\n|-boost|p1a: Clefable|def|1\n|-boost|p1a: Clefable|spd|1\n|\n|-heal|p1a: Clefable|74\/100|[from] item: Leftovers\n|upkeep\n|turn|16\n|\n|t:|1700210499\n|move|p2a: Kill\/Them|Swords Dance|p2a: Kill\/Them\n|-boost|p2a: Kill\/Them|atk|2\n|move|p1a: Clefable|Cosmic Power|p1a: Clefable\n|-boost|p1a: Clefable|def|0\n|-boost|p1a: Clefable|spd|0\n|\n|-heal|p1a: Clefable|80\/100|[from] item: Leftovers\n|upkeep\n|turn|17\n|\n|t:|1700210501\n|move|p2a: Kill\/Them|Spirit Break|p1a: Clefable\n|-damage|p1a: Clefable|72\/100\n|-unboost|p1a: Clefable|spa|1\n|move|p1a: Clefable|Cosmic Power|p1a: Clefable\n|-boost|p1a: Clefable|def|0\n|-boost|p1a: Clefable|spd|0\n|\n|-heal|p1a: Clefable|78\/100|[from] item: Leftovers\n|-end|p1a: Clefable|Encore\n|upkeep\n|turn|18\n|\n|t:|1700210505\n|move|p2a: Kill\/Them|Encore|p1a: Clefable\n|-start|p1a: Clefable|Encore\n|move|p1a: Clefable|Cosmic Power|p1a: Clefable\n|-boost|p1a: Clefable|def|0\n|-boost|p1a: Clefable|spd|0\n|\n|-heal|p1a: Clefable|84\/100|[from] item: Leftovers\n|upkeep\n|turn|19\n|\n|t:|1700210509\n|move|p2a: Kill\/Them|Spirit Break|p1a: Clefable\n|-damage|p1a: Clefable|76\/100\n|-unboost|p1a: Clefable|spa|1\n|move|p1a: Clefable|Cosmic Power|p1a: Clefable\n|-boost|p1a: Clefable|def|0\n|-boost|p1a: Clefable|spd|0\n|\n|-heal|p1a: Clefable|82\/100|[from] item: Leftovers\n|upkeep\n|turn|20\n|\n|t:|1700210513\n|move|p2a: Kill\/Them|Spirit Break|p1a: Clefable\n|-damage|p1a: Clefable|75\/100\n|-unboost|p1a: Clefable|spa|1\n|move|p1a: Clefable|Cosmic Power|p1a: Clefable\n|-boost|p1a: Clefable|def|0\n|-boost|p1a: Clefable|spd|0\n|\n|-heal|p1a: Clefable|81\/100|[from] item: Leftovers\n|-end|p1a: Clefable|Encore\n|upkeep\n|turn|21\n|\n|t:|1700210519\n|move|p2a: Kill\/Them|Encore|p1a: Clefable\n|-start|p1a: Clefable|Encore\n|move|p1a: Clefable|Cosmic Power|p1a: Clefable\n|-boost|p1a: Clefable|def|0\n|-boost|p1a: Clefable|spd|0\n|\n|-heal|p1a: Clefable|87\/100|[from] item: Leftovers\n|upkeep\n|turn|22\n|\n|t:|1700210522\n|move|p2a: Kill\/Them|Spirit Break|p1a: Clefable\n|-damage|p1a: Clefable|79\/100\n|move|p1a: Clefable|Cosmic Power|p1a: Clefable\n|-boost|p1a: Clefable|def|0\n|-boost|p1a: Clefable|spd|0\n|\n|-heal|p1a: Clefable|85\/100|[from] item: Leftovers\n|upkeep\n|turn|23\n|\n|t:|1700210527\n|move|p2a: Kill\/Them|Spirit Break|p1a: Clefable\n|-damage|p1a: Clefable|77\/100\n|move|p1a: Clefable|Cosmic Power|p1a: Clefable\n|-boost|p1a: Clefable|def|0\n|-boost|p1a: Clefable|spd|0\n|\n|-heal|p1a: Clefable|83\/100|[from] item: Leftovers\n|-end|p1a: Clefable|Encore\n|upkeep\n|turn|24\n|\n|t:|1700210532\n|move|p2a: Kill\/Them|Encore|p1a: Clefable\n|-start|p1a: Clefable|Encore\n|move|p1a: Clefable|Cosmic Power|p1a: Clefable\n|-boost|p1a: Clefable|def|0\n|-boost|p1a: Clefable|spd|0\n|\n|-heal|p1a: Clefable|89\/100|[from] item: Leftovers\n|upkeep\n|turn|25\n|\n|t:|1700210535\n|move|p2a: Kill\/Them|Spirit Break|p1a: Clefable\n|-damage|p1a: Clefable|81\/100\n|move|p1a: Clefable|Cosmic Power|p1a: Clefable\n|-boost|p1a: Clefable|def|0\n|-boost|p1a: Clefable|spd|0\n|\n|-heal|p1a: Clefable|87\/100|[from] item: Leftovers\n|upkeep\n|turn|26\n|\n|t:|1700210547\n|move|p2a: Kill\/Them|Spirit Break|p1a: Clefable\n|-damage|p1a: Clefable|79\/100\n|move|p1a: Clefable|Cosmic Power|p1a: Clefable\n|-boost|p1a: Clefable|def|0\n|-boost|p1a: Clefable|spd|0\n|\n|-heal|p1a: Clefable|86\/100|[from] item: Leftovers\n|-end|p1a: Clefable|Encore\n|upkeep\n|turn|27\n|\n|t:|1700210550\n|move|p2a: Kill\/Them|Encore|p1a: Clefable\n|-start|p1a: Clefable|Encore\n|move|p1a: Clefable|Cosmic Power|p1a: Clefable\n|-boost|p1a: Clefable|def|0\n|-boost|p1a: Clefable|spd|0\n|\n|-heal|p1a: Clefable|92\/100|[from] item: Leftovers\n|upkeep\n|turn|28\n|\n|t:|1700210554\n|move|p2a: Kill\/Them|Spirit Break|p1a: Clefable\n|-damage|p1a: Clefable|84\/100\n|move|p1a: Clefable|Cosmic Power|p1a: Clefable\n|-boost|p1a: Clefable|def|0\n|-boost|p1a: Clefable|spd|0\n|\n|-heal|p1a: Clefable|90\/100|[from] item: Leftovers\n|upkeep\n|turn|29\n|\n|t:|1700210573\n|move|p2a: Kill\/Them|Spirit Break|p1a: Clefable\n|-damage|p1a: Clefable|82\/100\n|move|p1a: Clefable|Cosmic Power|p1a: Clefable\n|-boost|p1a: Clefable|def|0\n|-boost|p1a: Clefable|spd|0\n|\n|-heal|p1a: Clefable|88\/100|[from] item: Leftovers\n|-end|p1a: Clefable|Encore\n|upkeep\n|turn|30\n|\n|t:|1700210578\n|move|p2a: Kill\/Them|Encore|p1a: Clefable\n|-start|p1a: Clefable|Encore\n|move|p1a: Clefable|Cosmic Power|p1a: Clefable\n|-boost|p1a: Clefable|def|0\n|-boost|p1a: Clefable|spd|0\n|\n|-heal|p1a: Clefable|94\/100|[from] item: Leftovers\n|upkeep\n|turn|31\n|c|\u2606Defog Conk Enjoyer|incredibly engaging ou gameplay\n|\n|t:|1700210594\n|move|p2a: Kill\/Them|Spirit Break|p1a: Clefable\n|-damage|p1a: Clefable|86\/100\n|move|p1a: Clefable|Cosmic Power|p1a: Clefable\n|-boost|p1a: Clefable|def|0\n|-boost|p1a: Clefable|spd|0\n|\n|-heal|p1a: Clefable|92\/100|[from] item: Leftovers\n|upkeep\n|turn|32\n|c| Evil T-tar|exactly\n|\n|t:|1700210600\n|move|p2a: Kill\/Them|Spirit Break|p1a: Clefable\n|-damage|p1a: Clefable|85\/100\n|move|p1a: Clefable|Cosmic Power|p1a: Clefable\n|-boost|p1a: Clefable|def|0\n|-boost|p1a: Clefable|spd|0\n|\n|-heal|p1a: Clefable|91\/100|[from] item: Leftovers\n|-end|p1a: Clefable|Encore\n|upkeep\n|turn|33\n|\n|t:|1700210602\n|move|p2a: Kill\/Them|Encore|p1a: Clefable\n|-start|p1a: Clefable|Encore\n|move|p1a: Clefable|Cosmic Power|p1a: Clefable\n|-boost|p1a: Clefable|def|0\n|-boost|p1a: Clefable|spd|0\n|\n|-heal|p1a: Clefable|97\/100|[from] item: Leftovers\n|upkeep\n|turn|34\n|\n|t:|1700210604\n|move|p2a: Kill\/Them|Spirit Break|p1a: Clefable\n|-damage|p1a: Clefable|89\/100\n|move|p1a: Clefable|Cosmic Power|p1a: Clefable\n|-boost|p1a: Clefable|def|0\n|-boost|p1a: Clefable|spd|0\n|\n|-heal|p1a: Clefable|95\/100|[from] item: Leftovers\n|upkeep\n|turn|35\n|\n|t:|1700210607\n|move|p2a: Kill\/Them|Spirit Break|p1a: Clefable\n|-damage|p1a: Clefable|88\/100\n|move|p1a: Clefable|Cosmic Power|p1a: Clefable\n|-boost|p1a: Clefable|def|0\n|-boost|p1a: Clefable|spd|0\n|\n|-heal|p1a: Clefable|94\/100|[from] item: Leftovers\n|-end|p1a: Clefable|Encore\n|upkeep\n|turn|36\n|\n|t:|1700210610\n|move|p2a: Kill\/Them|Spirit Break|p1a: Clefable\n|-damage|p1a: Clefable|86\/100\n|move|p1a: Clefable|Stored Power|p2a: Kill\/Them\n|-supereffective|p2a: Kill\/Them\n|-damage|p2a: Kill\/Them|0 fnt\n|faint|p2a: Kill\/Them\n|-end|p2a: Kill\/Them|Quark Drive|[silent]\n|\n|-heal|p1a: Clefable|92\/100|[from] item: Leftovers\n|upkeep\n|\n|t:|1700210615\n|switch|p2a: Once-ler|Sneasler, M, shiny|100\/100\n|-damage|p2a: Once-ler|95\/100|[from] Stealth Rock\n|-sideend|p2: Defog Conk Enjoyer|move: Toxic Spikes|[of] p2a: Once-ler\n|turn|37\n|\n|t:|1700210622\n|move|p2a: Once-ler|Dire Claw|p1a: Clefable\n|-supereffective|p1a: Clefable\n|-damage|p1a: Clefable|75\/100\n|-status|p1a: Clefable|psn\n|move|p1a: Clefable|Stored Power|p2a: Once-ler\n|-supereffective|p2a: Once-ler\n|-damage|p2a: Once-ler|21\/100\n|\n|-heal|p1a: Clefable|81\/100 psn|[from] item: Leftovers\n|-damage|p1a: Clefable|69\/100 psn|[from] psn\n|upkeep\n|turn|38\n|\n|t:|1700210631\n|switch|p2a: Walter White|Gholdengo|100\/100\n|-damage|p2a: Walter White|94\/100|[from] Stealth Rock\n|move|p1a: Clefable|Stored Power|p2a: Walter White\n|-resisted|p2a: Walter White\n|-crit|p2a: Walter White\n|-damage|p2a: Walter White|43\/100\n|\n|-heal|p1a: Clefable|75\/100 psn|[from] item: Leftovers\n|-damage|p1a: Clefable|62\/100 psn|[from] psn\n|upkeep\n|turn|39\n|\n|t:|1700210651\n|switch|p1a: Cinderace|Cinderace, M|15\/100\n|move|p2a: Walter White|Make It Rain|p1a: Cinderace\n|-resisted|p1a: Cinderace\n|-damage|p1a: Cinderace|0 fnt\n|-unboost|p2a: Walter White|spa|1\n|faint|p1a: Cinderace\n|\n|upkeep\n|\n|t:|1700210663\n|switch|p1a: Arboliva|Arboliva, M|66\/100\n|turn|40\n|\n|t:|1700210670\n|switch|p2a: Once-ler|Sneasler, M, shiny|21\/100\n|-damage|p2a: Once-ler|15\/100|[from] Stealth Rock\n|-terastallize|p1a: Arboliva|Grass\n|move|p1a: Arboliva|Giga Drain|p2a: Once-ler\n|-resisted|p2a: Once-ler\n|-damage|p2a: Once-ler|0 fnt\n|-heal|p1a: Arboliva|72\/100|[from] drain|[of] p2a: Once-ler\n|faint|p2a: Once-ler\n|\n|upkeep\n|l|\u2606Nayjar\n|inactive|Nayjar disconnected and has a minute to reconnect!\n|player|p1|\n|\n|t:|1700210676\n|switch|p2a: Harambe|Rillaboom, M, shiny|100\/100\n|-damage|p2a: Harambe|88\/100|[from] Stealth Rock\n|-fieldstart|move: Grassy Terrain|[from] ability: Grassy Surge|[of] p2a: Harambe\n|turn|41\n|j|\u2606Nayjar\n|inactive|Nayjar reconnected and has 150 seconds left.\n|player|p1|Nayjar|170\n|\n|t:|1700210680\n|move|p2a: Harambe|Knock Off|p1a: Arboliva\n|-damage|p1a: Arboliva|36\/100\n|-enditem|p1a: Arboliva|Choice Specs|[from] move: Knock Off|[of] p2a: Harambe\n|move|p1a: Arboliva|Giga Drain|p2a: Harambe\n|-resisted|p2a: Harambe\n|-damage|p2a: Harambe|62\/100\n|-heal|p1a: Arboliva|50\/100|[from] drain|[of] p2a: Harambe\n|\n|-heal|p2a: Harambe|69\/100|[from] Grassy Terrain\n|-heal|p1a: Arboliva|56\/100|[from] Grassy Terrain\n|upkeep\n|turn|42\n|\n|t:|1700210688\n|switch|p1a: Alomomola|Alomomola, M|81\/100\n|move|p2a: Harambe|U-turn|p1a: Alomomola\n|-damage|p1a: Alomomola|68\/100\n|\n|t:|1700210717\n|switch|p2a: Rei|Ogerpon-Wellspring, F|100\/100|[from] U-turn\n|-damage|p2a: Rei|88\/100|[from] Stealth Rock\n|\n|-heal|p2a: Rei|94\/100|[from] Grassy Terrain\n|-heal|p1a: Alomomola|75\/100|[from] Grassy Terrain\n|upkeep\n|turn|43\n|\n|t:|1700210723\n|switch|p1a: Arboliva|Arboliva, M, tera:Grass|56\/100\n|move|p2a: Rei|Swords Dance|p2a: Rei\n|-boost|p2a: Rei|atk|2\n|\n|-heal|p2a: Rei|99\/100|[from] Grassy Terrain\n|-heal|p1a: Arboliva|62\/100|[from] Grassy Terrain\n|upkeep\n|turn|44\n|\n|t:|1700210727\n|move|p2a: Rei|Ivy Cudgel|p1a: Arboliva|[anim] Ivy Cudgel Water\n|-resisted|p1a: Arboliva\n|-crit|p1a: Arboliva\n|-damage|p1a: Arboliva|0 fnt\n|faint|p1a: Arboliva\n|\n|-heal|p2a: Rei|100\/100|[from] Grassy Terrain\n|upkeep\n|\n|t:|1700210734\n|switch|p1a: Clefable|Clefable, F|62\/100 psn\n|turn|45\n|-message|Nayjar forfeited.\n|\n|win|Defog Conk Enjoyer\n|raw|Nayjar's rating: 1618 &rarr; <strong>1595<\/strong><br \/>(-23 for losing)\n|raw|Defog Conk Enjoyer's rating: 1574 &rarr; <strong>1597<\/strong><br \/>(+23 for winning)\n|l|\u2606Nayjar\n","uploadtime":1700210748,"views":45,"p1id":"nayjar","p2id":"defogconkenjoyer","formatid":"gen9ou","rating":1595,"private":0,"password":""}