{"id":"gen9ou-1989682978","p1":"CelluloidLuv","p2":"sseth06","format":"[Gen 9] OU","log":"|j|\u2606CelluloidLuv\n|j|\u2606sseth06\n|t:|1699886502\n|gametype|singles\n|player|p1|CelluloidLuv|riley|1064\n|player|p2|sseth06|170|1085\n|teamsize|p1|6\n|teamsize|p2|6\n|gen|9\n|tier|[Gen 9] OU\n|rated|\n|rule|Sleep Clause Mod: Limit one foe put to sleep\n|rule|Species Clause: Limit one of each Pok\u00e9mon\n|rule|OHKO Clause: OHKO moves are banned\n|rule|Evasion Items Clause: Evasion items are banned\n|rule|Evasion Moves Clause: Evasion moves are banned\n|rule|Endless Battle Clause: Forcing endless battles is banned\n|rule|HP Percentage Mod: HP is shown in percentages\n|clearpoke\n|poke|p1|Torterra, M|\n|poke|p1|Glimmora, F|\n|poke|p1|Ceruledge, M|\n|poke|p1|Ninetales-Alola, F|\n|poke|p1|Typhlosion, M|\n|poke|p1|Staraptor, M|\n|poke|p2|Ceruledge, M|\n|poke|p2|Rotom-Mow|\n|poke|p2|Kingambit, F|\n|poke|p2|Samurott-Hisui, M|\n|poke|p2|Dragonite, F|\n|poke|p2|Glimmora, F|\n|teampreview\n|j| americandragon79\n|\n|t:|1699886536\n|start\n|switch|p1a: Torterra|Torterra, M|100\/100\n|switch|p2a: Glimmora|Glimmora, F|100\/100\n|turn|1\n|inactive|Battle timer is ON: inactive players will automatically lose when time's up. (requested by CelluloidLuv)\n|\n|t:|1699886543\n|move|p2a: Glimmora|Mortal Spin|p1a: Torterra\n|-damage|p1a: Torterra|95\/100\n|-status|p1a: Torterra|psn\n|move|p1a: Torterra|Shell Smash|p1a: Torterra\n|-unboost|p1a: Torterra|def|1\n|-unboost|p1a: Torterra|spd|1\n|-boost|p1a: Torterra|atk|2\n|-boost|p1a: Torterra|spa|2\n|-boost|p1a: Torterra|spe|2\n|\n|-damage|p1a: Torterra|82\/100 psn|[from] psn\n|upkeep\n|turn|2\n|\n|t:|1699886553\n|move|p1a: Torterra|Shell Smash|p1a: Torterra\n|-unboost|p1a: Torterra|def|1\n|-unboost|p1a: Torterra|spd|1\n|-boost|p1a: Torterra|atk|2\n|-boost|p1a: Torterra|spa|2\n|-boost|p1a: Torterra|spe|2\n|move|p2a: Glimmora|Stealth Rock|p1a: Torterra\n|-sidestart|p1: CelluloidLuv|move: Stealth Rock\n|\n|-damage|p1a: Torterra|70\/100 psn|[from] psn\n|upkeep\n|turn|3\n|\n|t:|1699886560\n|move|p1a: Torterra|Earthquake|p2a: Glimmora\n|-supereffective|p2a: Glimmora\n|-enditem|p2a: Glimmora|Focus Sash\n|-damage|p2a: Glimmora|1\/100\n|-activate|p2a: Glimmora|ability: Toxic Debris\n|-sidestart|p1: CelluloidLuv|move: Toxic Spikes\n|move|p2a: Glimmora|Mortal Spin|p1a: Torterra\n|-damage|p1a: Torterra|59\/100 psn\n|\n|-damage|p1a: Torterra|47\/100 psn|[from] psn\n|upkeep\n|turn|4\n|\n|t:|1699886571\n|move|p1a: Torterra|Bullet Seed|p2a: Glimmora\n|-damage|p2a: Glimmora|0 fnt\n|-activate|p2a: Glimmora|ability: Toxic Debris\n|-sidestart|p1: CelluloidLuv|move: Toxic Spikes\n|faint|p2a: Glimmora\n|-hitcount|p2: Glimmora|1\n|\n|-damage|p1a: Torterra|34\/100 psn|[from] psn\n|upkeep\n|\n|t:|1699886581\n|switch|p2a: Dragonite|Dragonite, F, shiny|100\/100\n|turn|5\n|\n|t:|1699886593\n|-terastallize|p1a: Torterra|Electric\n|-terastallize|p2a: Dragonite|Normal\n|move|p2a: Dragonite|Extreme Speed|p1a: Torterra\n|-damage|p1a: Torterra|0 fnt\n|faint|p1a: Torterra\n|\n|upkeep\n|\n|t:|1699886604\n|switch|p1a: All3spikeMoves|Glimmora, F|100\/100\n|-damage|p1a: All3spikeMoves|88\/100|[from] Stealth Rock\n|-sideend|p1: CelluloidLuv|move: Toxic Spikes|[of] p1a: All3spikeMoves\n|turn|6\n|c| americandragon79|Random question is shed tail still banned\n|\n|t:|1699886610\n|move|p1a: All3spikeMoves|Stealth Rock|p2a: Dragonite\n|-sidestart|p2: sseth06|move: Stealth Rock\n|move|p2a: Dragonite|Dragon Dance|p2a: Dragonite\n|-boost|p2a: Dragonite|atk|1\n|-boost|p2a: Dragonite|spe|1\n|\n|upkeep\n|turn|7\n|\n|t:|1699886621\n|move|p2a: Dragonite|Earthquake|p1a: All3spikeMoves\n|-supereffective|p1a: All3spikeMoves\n|-damage|p1a: All3spikeMoves|0 fnt\n|-activate|p1a: All3spikeMoves|ability: Toxic Debris\n|-sidestart|p2: sseth06|move: Toxic Spikes\n|faint|p1a: All3spikeMoves\n|\n|upkeep\n|\n|t:|1699886624\n|switch|p1a: Staraptor|Staraptor, M, shiny|100\/100\n|-damage|p1a: Staraptor|76\/100|[from] Stealth Rock\n|-ability|p1a: Staraptor|Intimidate|boost\n|-fail|p2a: Dragonite|unboost|Attack|[from] ability: Inner Focus|[of] p2a: Dragonite\n|turn|8\n|c|\u2606sseth06|yes\n|\n|t:|1699886636\n|move|p1a: Staraptor|Tailwind|p1a: Staraptor\n|-sidestart|p1: CelluloidLuv|move: Tailwind\n|move|p2a: Dragonite|Outrage|p1a: Staraptor\n|-damage|p1a: Staraptor|0 fnt\n|-damage|p2a: Dragonite|84\/100|[from] item: Rocky Helmet|[of] p1a: Staraptor\n|faint|p1a: Staraptor\n|\n|upkeep\n|c| americandragon79|Aw man :(\n|\n|t:|1699886642\n|switch|p1a: Ninetales|Ninetales-Alola, F|100\/100\n|-damage|p1a: Ninetales|76\/100|[from] Stealth Rock\n|-weather|Snow|[from] ability: Snow Warning|[of] p1a: Ninetales\n|turn|9\n|\n|t:|1699886647\n|move|p1a: Ninetales|Freeze-Dry|p2a: Dragonite\n|-damage|p2a: Dragonite|64\/100\n|move|p2a: Dragonite|Outrage|p1a: Ninetales|[from]lockedmove\n|-immune|p1a: Ninetales\n|\n|-weather|Snow|[upkeep]\n|upkeep\n|turn|10\n|c| americandragon79|Thx sseth06\n|\n|t:|1699886662\n|move|p1a: Ninetales|Aurora Veil|p1a: Ninetales\n|-sidestart|p1: CelluloidLuv|move: Aurora Veil\n|move|p2a: Dragonite|Dragon Dance|p2a: Dragonite\n|-boost|p2a: Dragonite|atk|1\n|-boost|p2a: Dragonite|spe|1\n|\n|-weather|Snow|[upkeep]\n|upkeep\n|turn|11\n|c|\u2606sseth06|nws\n|c|\u2606CelluloidLuv|I lost when torterra died lol\n|\n|t:|1699886680\n|move|p1a: Ninetales|Freeze-Dry|p2a: Dragonite\n|-damage|p2a: Dragonite|43\/100\n|move|p2a: Dragonite|Dragon Dance|p2a: Dragonite\n|-boost|p2a: Dragonite|atk|1\n|-boost|p2a: Dragonite|spe|1\n|\n|-weather|Snow|[upkeep]\n|-sideend|p1: CelluloidLuv|move: Tailwind\n|upkeep\n|turn|12\n|c|\u2606sseth06|kekw\n|\n|t:|1699886690\n|move|p2a: Dragonite|Earthquake|p1a: Ninetales\n|-damage|p1a: Ninetales|34\/100\n|move|p1a: Ninetales|Freeze-Dry|p2a: Dragonite\n|-damage|p2a: Dragonite|22\/100\n|\n|-weather|Snow|[upkeep]\n|upkeep\n|turn|13\n|c|\u2606sseth06|i dont think this with dragonite =(\n|inactive|sseth06 has 120 seconds left.\n|c|\u2606sseth06|*kill\n|\n|t:|1699886729\n|move|p2a: Dragonite|Extreme Speed|p1a: Ninetales\n|-damage|p1a: Ninetales|0 fnt\n|faint|p1a: Ninetales\n|\n|-weather|none\n|upkeep\n|c|\u2606sseth06|oh high roll\n|c|\u2606CelluloidLuv|Yeah\n|c|\u2606CelluloidLuv|2.5 attack also\n|inactive|CelluloidLuv has 120 seconds left.\n|c|\u2606CelluloidLuv|I knew i was dead\n|c| americandragon79|Never gonna give u up never gonna let u down\n|\n|t:|1699886770\n|switch|p1a: Typhlosion|Typhlosion, M, shiny|100\/100\n|-damage|p1a: Typhlosion|76\/100|[from] Stealth Rock\n|turn|14\n|\n|t:|1699886774\n|move|p2a: Dragonite|Earthquake|p1a: Typhlosion\n|-supereffective|p1a: Typhlosion\n|-damage|p1a: Typhlosion|0 fnt\n|faint|p1a: Typhlosion\n|\n|upkeep\n|\n|t:|1699886776\n|switch|p1a: Ceruledge|Ceruledge, M|100\/100\n|-damage|p1a: Ceruledge|76\/100|[from] Stealth Rock\n|turn|15\n|c|\u2606CelluloidLuv|Gg\n|c|\u2606sseth06|gg\n|\n|t:|1699886785\n|move|p2a: Dragonite|Earthquake|p1a: Ceruledge\n|-supereffective|p1a: Ceruledge\n|-damage|p1a: Ceruledge|0 fnt\n|faint|p1a: Ceruledge\n|\n|win|sseth06\n|raw|CelluloidLuv's rating: 1064 &rarr; <strong>1046<\/strong><br \/>(-18 for losing)\n|raw|sseth06's rating: 1085 &rarr; <strong>1111<\/strong><br \/>(+26 for winning)\n|l|\u2606CelluloidLuv\n|l|\u2606sseth06\n","uploadtime":1699886805,"views":15,"p1id":"celluloidluv","p2id":"sseth06","formatid":"gen9ou","rating":1046,"private":0,"password":""}