{"id":"gen9ou-1994262355","p1":"Muchachito","p2":"gweg4weg4ww","format":"[Gen 9] OU","log":"|j|\u2606Muchachito\n|j|\u2606gweg4weg4ww\n|t:|1700424709\n|gametype|singles\n|player|p1|Muchachito|1|1059\n|player|p2|gweg4weg4ww|1|1047\n|teamsize|p1|6\n|teamsize|p2|6\n|gen|9\n|tier|[Gen 9] OU\n|rated|\n|rule|Sleep Clause Mod: Limit one foe put to sleep\n|rule|Species Clause: Limit one of each Pok\u00e9mon\n|rule|OHKO Clause: OHKO moves are banned\n|rule|Evasion Items Clause: Evasion items are banned\n|rule|Evasion Moves Clause: Evasion moves are banned\n|rule|Endless Battle Clause: Forcing endless battles is banned\n|rule|HP Percentage Mod: HP is shown in percentages\n|clearpoke\n|poke|p1|Dragonite, F|\n|poke|p1|Snorlax, F|\n|poke|p1|Gholdengo|\n|poke|p1|Slowking-Galar, F|\n|poke|p1|Great Tusk|\n|poke|p1|Toxapex, F|\n|poke|p2|Kingambit, M|\n|poke|p2|Ceruledge, F|\n|poke|p2|Iron Valiant|\n|poke|p2|Cinderace, M|\n|poke|p2|Slowking-Galar, F|\n|poke|p2|Ditto|\n|teampreview\n|\n|t:|1700424734\n|start\n|switch|p1a: Great Tusk|Great Tusk|100\/100\n|switch|p2a: Iron Valiant|Iron Valiant|100\/100\n|-enditem|p2a: Iron Valiant|Booster Energy\n|-activate|p2a: Iron Valiant|ability: Quark Drive|[fromitem]\n|-start|p2a: Iron Valiant|quarkdrivespe\n|-enditem|p1a: Great Tusk|Booster Energy\n|-activate|p1a: Great Tusk|ability: Protosynthesis|[fromitem]\n|-start|p1a: Great Tusk|protosynthesisdef\n|turn|1\n|\n|t:|1700424760\n|move|p2a: Iron Valiant|Calm Mind|p2a: Iron Valiant\n|-boost|p2a: Iron Valiant|spa|1\n|-boost|p2a: Iron Valiant|spd|1\n|move|p1a: Great Tusk|Stealth Rock|p2a: Iron Valiant\n|-sidestart|p2: gweg4weg4ww|move: Stealth Rock\n|\n|upkeep\n|turn|2\n|\n|t:|1700424766\n|move|p2a: Iron Valiant|Substitute|p2a: Iron Valiant\n|-start|p2a: Iron Valiant|Substitute\n|-damage|p2a: Iron Valiant|76\/100\n|move|p1a: Great Tusk|Roar|p2a: Iron Valiant\n|-end|p2a: Iron Valiant|Quark Drive|[silent]\n|drag|p2a: Kingambit|Kingambit, M|100\/100\n|-damage|p2a: Kingambit|94\/100|[from] Stealth Rock\n|\n|upkeep\n|turn|3\n|\n|t:|1700424775\n|move|p1a: Great Tusk|Knock Off|p2a: Kingambit\n|-resisted|p2a: Kingambit\n|-crit|p2a: Kingambit\n|-damage|p2a: Kingambit|78\/100\n|-enditem|p2a: Kingambit|Lum Berry|[from] move: Knock Off|[of] p1a: Great Tusk\n|move|p2a: Kingambit|Low Kick|p1a: Great Tusk\n|-damage|p1a: Great Tusk|84\/100\n|\n|upkeep\n|turn|4\n|\n|t:|1700424803\n|-end|p2a: Kingambit|fallenundefined|[silent]\n|switch|p2a: Ditto|Ditto|100\/100\n|-damage|p2a: Ditto|88\/100|[from] Stealth Rock\n|-transform|p2a: Ditto|p1a: Great Tusk|[from] ability: Imposter\n|move|p1a: Great Tusk|Roar|p2a: Ditto\n|-end|p2a: Ditto|Protosynthesis|[silent]\n|drag|p2a: Slowking|Slowking-Galar, F|100\/100\n|-damage|p2a: Slowking|88\/100|[from] Stealth Rock\n|\n|-heal|p2a: Slowking|94\/100|[from] item: Black Sludge\n|upkeep\n|turn|5\n|\n|t:|1700424816\n|move|p1a: Great Tusk|Knock Off|p2a: Slowking\n|-supereffective|p2a: Slowking\n|-damage|p2a: Slowking|47\/100\n|-enditem|p2a: Slowking|Black Sludge|[from] move: Knock Off|[of] p1a: Great Tusk\n|move|p2a: Slowking|Calm Mind|p2a: Slowking\n|-boost|p2a: Slowking|spa|1\n|-boost|p2a: Slowking|spd|1\n|\n|upkeep\n|turn|6\n|\n|t:|1700424825\n|move|p2a: Slowking|Stored Power|p1a: Great Tusk\n|-supereffective|p1a: Great Tusk\n|-damage|p1a: Great Tusk|1\/100\n|move|p1a: Great Tusk|Roar|p2a: Slowking\n|drag|p2a: Iron Valiant|Iron Valiant|76\/100\n|-damage|p2a: Iron Valiant|69\/100|[from] Stealth Rock\n|\n|upkeep\n|turn|7\n|c|\u2606gweg4weg4ww|hahahahahahaahahahaha\n|\n|t:|1700424835\n|move|p2a: Iron Valiant|Moonblast|p1a: Great Tusk\n|-supereffective|p1a: Great Tusk\n|-damage|p1a: Great Tusk|0 fnt\n|faint|p1a: Great Tusk\n|-end|p1a: Great Tusk|Protosynthesis|[silent]\n|\n|upkeep\n|\n|t:|1700424844\n|switch|p1a: Snorlax|Snorlax, F|100\/100\n|turn|8\n|\n|t:|1700424858\n|-end|p2a: Iron Valiant|Quark Drive|[silent]\n|switch|p2a: Slowking|Slowking-Galar, F|80\/100\n|-damage|p2a: Slowking|68\/100|[from] Stealth Rock\n|-terastallize|p1a: Snorlax|Ghost\n|move|p1a: Snorlax|Zen Headbutt|p2a: Slowking\n|-damage|p2a: Slowking|45\/100\n|\n|upkeep\n|turn|9\n|\n|t:|1700424867\n|move|p2a: Slowking|Slack Off|p2a: Slowking\n|-heal|p2a: Slowking|95\/100\n|move|p1a: Snorlax|Body Slam|p2a: Slowking\n|-damage|p2a: Slowking|60\/100\n|\n|upkeep\n|turn|10\n|\n|t:|1700424874\n|move|p1a: Snorlax|Body Slam|p2a: Slowking\n|-damage|p2a: Slowking|28\/100\n|-status|p2a: Slowking|par\n|move|p2a: Slowking|Iron Defense|p2a: Slowking\n|-boost|p2a: Slowking|def|2\n|\n|upkeep\n|turn|11\n|\n|t:|1700424882\n|switch|p1a: Gholdengo|Gholdengo|100\/100\n|move|p2a: Slowking|Slack Off|p2a: Slowking\n|-heal|p2a: Slowking|78\/100 par\n|\n|upkeep\n|turn|12\n|\n|t:|1700424894\n|switch|p2a: Kingambit|Kingambit, M|78\/100\n|-damage|p2a: Kingambit|72\/100|[from] Stealth Rock\n|move|p1a: Gholdengo|Make It Rain|p2a: Kingambit\n|-resisted|p2a: Kingambit\n|-damage|p2a: Kingambit|36\/100\n|-unboost|p1a: Gholdengo|spa|1\n|\n|upkeep\n|turn|13\n|\n|t:|1700424907\n|switch|p1a: Toxapex|Toxapex, F|100\/100\n|move|p2a: Kingambit|Swords Dance|p2a: Kingambit\n|-boost|p2a: Kingambit|atk|2\n|\n|upkeep\n|turn|14\n|inactive|Battle timer is ON: inactive players will automatically lose when time's up. (requested by gweg4weg4ww)\n|\n|t:|1700424961\n|-end|p2a: Kingambit|fallenundefined|[silent]\n|switch|p2a: Slowking|Slowking-Galar, F|100\/100 par\n|-damage|p2a: Slowking|88\/100 par|[from] Stealth Rock\n|move|p1a: Toxapex|Chilling Water|p2a: Slowking\n|-damage|p2a: Slowking|80\/100 par\n|-unboost|p2a: Slowking|atk|1\n|\n|upkeep\n|turn|15\n|\n|t:|1700424973\n|switch|p1a: Dragonite|Dragonite, F|100\/100\n|move|p2a: Slowking|Calm Mind|p2a: Slowking\n|-boost|p2a: Slowking|spa|1\n|-boost|p2a: Slowking|spd|1\n|\n|upkeep\n|turn|16\n|\n|t:|1700424984\n|switch|p1a: Toxapex|Toxapex, F|100\/100\n|-terastallize|p2a: Slowking|Water\n|cant|p2a: Slowking|par\n|\n|upkeep\n|turn|17\n|\n|t:|1700424992\n|move|p1a: Toxapex|Haze|p1a: Toxapex\n|-clearallboost\n|move|p2a: Slowking|Stored Power|p1a: Toxapex\n|-supereffective|p1a: Toxapex\n|-damage|p1a: Toxapex|88\/100\n|\n|-heal|p1a: Toxapex|94\/100|[from] item: Leftovers\n|upkeep\n|turn|18\n|inactive|Muchachito has 120 seconds left.\n|\n|t:|1700425023\n|switch|p1a: Snorlax|Snorlax, F, tera:Ghost|100\/100\n|switch|p2a: Cinderace|Cinderace, M|100\/100\n|\n|upkeep\n|turn|19\n|\n|t:|1700425033\n|move|p2a: Cinderace|Court Change|p2a: Cinderace\n|-start|p2a: Cinderace|typechange|Normal|[from] ability: Libero\n|-swapsideconditions\n|-activate|p2a: Cinderace|move: Court Change\n|move|p1a: Snorlax|Zen Headbutt|p2a: Cinderace\n|-crit|p2a: Cinderace\n|-damage|p2a: Cinderace|40\/100\n|\n|upkeep\n|turn|20\n|\n|t:|1700425047\n|switch|p2a: Slowking|Slowking-Galar, F, tera:Water|100\/100 par\n|move|p1a: Snorlax|Body Slam|p2a: Slowking\n|-damage|p2a: Slowking|66\/100 par\n|\n|upkeep\n|turn|21\n|\n|t:|1700425060\n|move|p1a: Snorlax|Earthquake|p2a: Slowking\n|-damage|p2a: Slowking|39\/100 par\n|move|p2a: Slowking|Slack Off|p2a: Slowking\n|-heal|p2a: Slowking|89\/100 par\n|\n|upkeep\n|turn|22\n|\n|t:|1700425068\n|move|p1a: Snorlax|Body Slam|p2a: Slowking\n|-damage|p2a: Slowking|54\/100 par\n|cant|p2a: Slowking|par\n|\n|upkeep\n|turn|23\n|inactive|Muchachito has 120 seconds left.\n|inactive|Muchachito has 90 seconds left.\n|\n|t:|1700425125\n|switch|p1a: Dragonite|Dragonite, F|100\/100\n|-damage|p1a: Dragonite|76\/100|[from] Stealth Rock\n|move|p2a: Slowking|Slack Off|p2a: Slowking\n|-heal|p2a: Slowking|100\/100 par\n|\n|upkeep\n|turn|24\n|\n|t:|1700425136\n|move|p1a: Dragonite|Dragon Dance|p1a: Dragonite\n|-boost|p1a: Dragonite|atk|1\n|-boost|p1a: Dragonite|spe|1\n|move|p2a: Slowking|Iron Defense|p2a: Slowking\n|-boost|p2a: Slowking|def|2\n|\n|upkeep\n|turn|25\n|\n|t:|1700425145\n|move|p1a: Dragonite|Aerial Ace|p2a: Slowking\n|-damage|p2a: Slowking|73\/100 par\n|-damage|p1a: Dragonite|66\/100|[from] item: Life Orb\n|cant|p2a: Slowking|par\n|\n|upkeep\n|turn|26\n|\n|t:|1700425153\n|switch|p1a: Toxapex|Toxapex, F|100\/100\n|-damage|p1a: Toxapex|88\/100|[from] Stealth Rock\n|move|p2a: Slowking|Slack Off|p2a: Slowking\n|-heal|p2a: Slowking|100\/100 par\n|\n|-heal|p1a: Toxapex|94\/100|[from] item: Leftovers\n|upkeep\n|turn|27\n|\n|t:|1700425162\n|switch|p2a: Iron Valiant|Iron Valiant|69\/100\n|move|p1a: Toxapex|Haze|p1a: Toxapex\n|-clearallboost\n|\n|-heal|p1a: Toxapex|100\/100|[from] item: Leftovers\n|upkeep\n|turn|28\n|\n|t:|1700425174\n|move|p2a: Iron Valiant|Substitute|p2a: Iron Valiant\n|-start|p2a: Iron Valiant|Substitute\n|-damage|p2a: Iron Valiant|44\/100\n|move|p1a: Toxapex|Toxic||[still]\n|-fail|p1a: Toxapex\n|\n|upkeep\n|turn|29\n|\n|t:|1700425185\n|switch|p1a: Slowking|Slowking-Galar, F|100\/100\n|-damage|p1a: Slowking|88\/100|[from] Stealth Rock\n|move|p2a: Iron Valiant|Calm Mind|p2a: Iron Valiant\n|-boost|p2a: Iron Valiant|spa|1\n|-boost|p2a: Iron Valiant|spd|1\n|\n|upkeep\n|turn|30\n|\n|t:|1700425202\n|move|p2a: Iron Valiant|Shadow Ball|p1a: Slowking\n|-supereffective|p1a: Slowking\n|-damage|p1a: Slowking|29\/100\n|-enditem|p1a: Slowking|Sitrus Berry|[eat]\n|-heal|p1a: Slowking|54\/100|[from] item: Sitrus Berry\n|move|p1a: Slowking|Calm Mind|p1a: Slowking\n|-boost|p1a: Slowking|spa|1\n|-boost|p1a: Slowking|spd|1\n|\n|upkeep\n|turn|31\n|inactive|Muchachito has 120 seconds left.\n|\n|t:|1700425217\n|move|p2a: Iron Valiant|Calm Mind|p2a: Iron Valiant\n|-boost|p2a: Iron Valiant|spa|1\n|-boost|p2a: Iron Valiant|spd|1\n|move|p1a: Slowking|Slack Off|p1a: Slowking\n|-heal|p1a: Slowking|100\/100\n|\n|upkeep\n|turn|32\n|inactive|Muchachito has 120 seconds left.\n|\n|t:|1700425225\n|move|p2a: Iron Valiant|Shadow Ball|p1a: Slowking\n|-supereffective|p1a: Slowking\n|-damage|p1a: Slowking|41\/100\n|-unboost|p1a: Slowking|spd|1\n|move|p1a: Slowking|Calm Mind|p1a: Slowking\n|-boost|p1a: Slowking|spa|1\n|-boost|p1a: Slowking|spd|1\n|\n|upkeep\n|turn|33\n|c|\u2606gweg4weg4ww|hahahahahahaha\n|c|\u2606gweg4weg4ww|get fucked\n|\n|t:|1700425234\n|move|p2a: Iron Valiant|Shadow Ball|p1a: Slowking\n|-supereffective|p1a: Slowking\n|-damage|p1a: Slowking|0 fnt\n|faint|p1a: Slowking\n|\n|upkeep\n|c|\u2606gweg4weg4ww|hahahahahahahahahahah\n|c|\u2606gweg4weg4ww|hahahahahahahahahahahahahah\n|-message|Muchachito forfeited.\n|\n|win|gweg4weg4ww\n|raw|Muchachito's rating: 1059 &rarr; <strong>1039<\/strong><br \/>(-20 for losing)\n|raw|gweg4weg4ww's rating: 1047 &rarr; <strong>1081<\/strong><br \/>(+34 for winning)\n","uploadtime":1700425238,"views":22,"p1id":"muchachito","p2id":"gweg4weg4ww","formatid":"gen9ou","rating":1039,"private":0,"password":""}