{"id":"gen9ou-1996645653","p1":"Swordsdanceblissey","p2":"Spolee","format":"[Gen 9] OU","log":"|j|\u2606Swordsdanceblissey\n|j|\u2606Spolee\n|t:|1700704617\n|gametype|singles\n|player|p1|Swordsdanceblissey|2|1048\n|player|p2|Spolee|102|1000\n|teamsize|p1|6\n|teamsize|p2|6\n|gen|9\n|tier|[Gen 9] OU\n|rated|\n|rule|Sleep Clause Mod: Limit one foe put to sleep\n|rule|Species Clause: Limit one of each Pok\u00e9mon\n|rule|OHKO Clause: OHKO moves are banned\n|rule|Evasion Items Clause: Evasion items are banned\n|rule|Evasion Moves Clause: Evasion moves are banned\n|rule|Endless Battle Clause: Forcing endless battles is banned\n|rule|HP Percentage Mod: HP is shown in percentages\n|clearpoke\n|poke|p1|Meowscarada, M|\n|poke|p1|Dondozo, M|\n|poke|p1|Hatterene, F|\n|poke|p1|Great Tusk|\n|poke|p1|Glimmora, M|\n|poke|p1|Gholdengo|\n|poke|p2|Walking Wake|\n|poke|p2|Gholdengo|\n|poke|p2|Ting-Lu|\n|poke|p2|Ceruledge, M|\n|poke|p2|Amoonguss, F|\n|poke|p2|Kommo-o, M|\n|teampreview\n|\n|t:|1700704628\n|start\n|switch|p1a: Meowscarada|Meowscarada, M|100\/100\n|switch|p2a: Kommo-o|Kommo-o, M|100\/100\n|turn|1\n|inactive|Battle timer is ON: inactive players will automatically lose when time's up. (requested by Spolee)\n|\n|t:|1700704666\n|move|p1a: Meowscarada|U-turn|p2a: Kommo-o\n|-start|p1a: Meowscarada|typechange|Bug|[from] ability: Protean\n|-resisted|p2a: Kommo-o\n|-damage|p2a: Kommo-o|83\/100\n|\n|t:|1700704692\n|switch|p1a: Glimmora|Glimmora, M|100\/100|[from] U-turn\n|move|p2a: Kommo-o|Clangorous Soul|p2a: Kommo-o\n|-boost|p2a: Kommo-o|atk|1\n|-boost|p2a: Kommo-o|def|1\n|-boost|p2a: Kommo-o|spa|1\n|-boost|p2a: Kommo-o|spd|1\n|-boost|p2a: Kommo-o|spe|1\n|-damage|p2a: Kommo-o|50\/100\n|\n|upkeep\n|turn|2\n|c|\u2606Swordsdanceblissey|Bro your fucking ass\n|\n|t:|1700704716\n|move|p2a: Kommo-o|Close Combat|p1a: Glimmora\n|-enditem|p1a: Glimmora|Focus Sash\n|-damage|p1a: Glimmora|1\/100\n|-unboost|p2a: Kommo-o|def|1\n|-unboost|p2a: Kommo-o|spd|1\n|-activate|p1a: Glimmora|ability: Toxic Debris\n|-sidestart|p2: Spolee|move: Toxic Spikes\n|move|p1a: Glimmora|Mortal Spin|p2a: Kommo-o\n|-damage|p2a: Kommo-o|45\/100\n|-status|p2a: Kommo-o|psn\n|\n|-damage|p2a: Kommo-o|32\/100 psn|[from] psn\n|upkeep\n|turn|3\n|\n|t:|1700704729\n|move|p2a: Kommo-o|Close Combat|p1a: Glimmora\n|-damage|p1a: Glimmora|0 fnt\n|-unboost|p2a: Kommo-o|def|1\n|-unboost|p2a: Kommo-o|spd|1\n|-activate|p1a: Glimmora|ability: Toxic Debris\n|-sidestart|p2: Spolee|move: Toxic Spikes\n|faint|p1a: Glimmora\n|\n|-damage|p2a: Kommo-o|20\/100 psn|[from] psn\n|upkeep\n|\n|t:|1700704736\n|switch|p1a: Meowscarada|Meowscarada, M|100\/100\n|turn|4\n|\n|t:|1700704744\n|switch|p1a: Gholdengo|Gholdengo|100\/100\n|-item|p1a: Gholdengo|Air Balloon\n|move|p2a: Kommo-o|Clanging Scales|p1a: Gholdengo\n|-resisted|p1a: Gholdengo\n|-damage|p1a: Gholdengo|66\/100\n|-enditem|p1a: Gholdengo|Air Balloon\n|-unboost|p2a: Kommo-o|def|1\n|\n|-damage|p2a: Kommo-o|8\/100 psn|[from] psn\n|upkeep\n|turn|5\n|\n|t:|1700704761\n|move|p2a: Kommo-o|Thunder Punch|p1a: Gholdengo\n|-damage|p1a: Gholdengo|27\/100\n|-status|p1a: Gholdengo|par\n|move|p1a: Gholdengo|Recover|p1a: Gholdengo\n|-heal|p1a: Gholdengo|77\/100 par\n|\n|-damage|p2a: Kommo-o|0 fnt|[from] psn\n|faint|p2a: Kommo-o\n|upkeep\n|\n|t:|1700704776\n|switch|p2a: Ting-Lu|Ting-Lu|100\/100\n|-status|p2a: Ting-Lu|tox\n|-ability|p2a: Ting-Lu|Vessel of Ruin\n|turn|6\n|\n|t:|1700704786\n|switch|p1a: Meowscarada|Meowscarada, M|100\/100\n|move|p2a: Ting-Lu|Dark Pulse|p1a: Meowscarada\n|-resisted|p1a: Meowscarada\n|-damage|p1a: Meowscarada|87\/100\n|\n|-damage|p2a: Ting-Lu|94\/100 tox|[from] psn\n|upkeep\n|turn|7\n|l|\u2606Swordsdanceblissey\n|inactive|Swordsdanceblissey disconnected and has a minute to reconnect!\n|player|p1|\n|j| Jrth\n|inactive|Spolee has 120 seconds left.\n|\n|t:|1700704814\n|move|p1a: Meowscarada|Flower Trick|p2a: Ting-Lu\n|-start|p1a: Meowscarada|typechange|Grass|[from] ability: Protean\n|-supereffective|p2a: Ting-Lu\n|-crit|p2a: Ting-Lu\n|-damage|p2a: Ting-Lu|51\/100 tox\n|move|p2a: Ting-Lu|Whirlwind|p1a: Meowscarada\n|drag|p1a: Gholdengo|Gholdengo|77\/100 par\n|\n|-damage|p2a: Ting-Lu|38\/100 tox|[from] psn\n|upkeep\n|turn|8\n|l| Jrth\n|inactive|Spolee has 120 seconds left.\n|inactive|Swordsdanceblissey has 30 seconds to reconnect!\n|inactive|Swordsdanceblissey has 20 seconds to reconnect!\n|inactive|Swordsdanceblissey has 15 seconds to reconnect!\n|inactive|Swordsdanceblissey has 10 seconds to reconnect!\n|inactive|Swordsdanceblissey has 5 seconds to reconnect!\n|-message|Swordsdanceblissey lost due to inactivity.\n|\n|win|Spolee\n|raw|Swordsdanceblissey's rating: 1048 &rarr; <strong>1028<\/strong><br \/>(-20 for losing)\n|raw|Spolee's rating: 1000 &rarr; <strong>1045<\/strong><br \/>(+45 for winning)\n","uploadtime":1700704709,"views":2,"p1id":"swordsdanceblissey","p2id":"spolee","formatid":"gen9ou","rating":1028,"private":0,"password":""}