{"id":"gen9ou-1991788167","p1":"TheGoomyGod","p2":"Carbolo","format":"[Gen 9] OU","log":"|j|\u2606TheGoomyGod\n|j|\u2606Carbolo\n|t:|1700117434\n|gametype|singles\n|player|p1|TheGoomyGod|266|1357\n|player|p2|Carbolo|tate|1282\n|teamsize|p1|6\n|teamsize|p2|6\n|gen|9\n|tier|[Gen 9] OU\n|rated|\n|rule|Sleep Clause Mod: Limit one foe put to sleep\n|rule|Species Clause: Limit one of each Pok\u00e9mon\n|rule|OHKO Clause: OHKO moves are banned\n|rule|Evasion Items Clause: Evasion items are banned\n|rule|Evasion Moves Clause: Evasion moves are banned\n|rule|Endless Battle Clause: Forcing endless battles is banned\n|rule|HP Percentage Mod: HP is shown in percentages\n|clearpoke\n|poke|p1|Alomomola, F|\n|poke|p1|Goodra-Hisui, M|\n|poke|p1|Rillaboom, F|\n|poke|p1|Zapdos|\n|poke|p1|Sneasler, F|\n|poke|p1|Great Tusk|\n|poke|p2|Dragapult, F|\n|poke|p2|Gholdengo|\n|poke|p2|Sneasler, F|\n|poke|p2|Great Tusk|\n|poke|p2|Meowscarada, F|\n|poke|p2|Iron Valiant|\n|teampreview\n|\n|t:|1700117443\n|start\n|switch|p1a: Goodra|Goodra-Hisui, M|100\/100\n|switch|p2a: Gholdengo|Gholdengo|100\/100\n|turn|1\n|\n|t:|1700117451\n|move|p2a: Gholdengo|Focus Blast|p1a: Goodra|[miss]\n|-miss|p2a: Gholdengo|p1a: Goodra\n|move|p1a: Goodra|Knock Off|p2a: Gholdengo\n|-supereffective|p2a: Gholdengo\n|-damage|p2a: Gholdengo|51\/100\n|-enditem|p2a: Gholdengo|Choice Scarf|[from] move: Knock Off|[of] p1a: Goodra\n|\n|upkeep\n|turn|2\n|\n|t:|1700117462\n|switch|p1a: Zapdos|Zapdos|100\/100\n|move|p2a: Gholdengo|Focus Blast|p1a: Zapdos|[miss]\n|-miss|p2a: Gholdengo|p1a: Zapdos\n|\n|upkeep\n|turn|3\n|\n|t:|1700117470\n|move|p1a: Zapdos|Volt Switch|p2a: Gholdengo\n|-damage|p2a: Gholdengo|16\/100\n|c|\u2606TheGoomyGod|aveage focus blast\n|\n|t:|1700117476\n|switch|p1a: Goodra|Goodra-Hisui, M|100\/100|[from] Volt Switch\n|move|p2a: Gholdengo|Shadow Ball|p1a: Goodra\n|-damage|p1a: Goodra|81\/100\n|\n|upkeep\n|turn|4\n|\n|t:|1700117487\n|move|p2a: Gholdengo|Shadow Ball|p1a: Goodra\n|-damage|p1a: Goodra|60\/100\n|move|p1a: Goodra|Knock Off|p2a: Gholdengo\n|-supereffective|p2a: Gholdengo\n|-damage|p2a: Gholdengo|0 fnt\n|faint|p2a: Gholdengo\n|\n|upkeep\n|\n|t:|1700117496\n|switch|p2a: Sneasler|Sneasler, F|100\/100\n|-item|p2a: Sneasler|Air Balloon\n|turn|5\n|\n|t:|1700117500\n|switch|p1a: Great Tusk|Great Tusk|100\/100\n|move|p2a: Sneasler|Swords Dance|p2a: Sneasler\n|-boost|p2a: Sneasler|atk|2\n|\n|upkeep\n|turn|6\n|\n|t:|1700117507\n|move|p2a: Sneasler|Swords Dance|p2a: Sneasler\n|-boost|p2a: Sneasler|atk|2\n|move|p1a: Great Tusk|Knock Off|p2a: Sneasler\n|-resisted|p2a: Sneasler\n|-damage|p2a: Sneasler|76\/100\n|-enditem|p2a: Sneasler|Air Balloon\n|\n|upkeep\n|turn|7\n|\n|t:|1700117520\n|-terastallize|p2a: Sneasler|Flying\n|move|p2a: Sneasler|Swords Dance|p2a: Sneasler\n|-boost|p2a: Sneasler|atk|2\n|move|p1a: Great Tusk|Earthquake|p2a: Sneasler\n|-immune|p2a: Sneasler\n|\n|upkeep\n|turn|8\n|\n|t:|1700117528\n|move|p2a: Sneasler|Acrobatics|p1a: Great Tusk\n|-supereffective|p1a: Great Tusk\n|-damage|p1a: Great Tusk|0 fnt\n|faint|p1a: Great Tusk\n|-end|p1a: Great Tusk|Protosynthesis|[silent]\n|\n|upkeep\n|inactive|Battle timer is ON: inactive players will automatically lose when time's up. (requested by Carbolo)\n|\n|t:|1700117546\n|switch|p1a: Goodra|Goodra-Hisui, M|60\/100\n|turn|9\n|\n|t:|1700117552\n|move|p2a: Sneasler|Acrobatics|p1a: Goodra\n|-resisted|p1a: Goodra\n|-damage|p1a: Goodra|0 fnt\n|faint|p1a: Goodra\n|\n|upkeep\n|\n|t:|1700117567\n|switch|p1a: Zapdos|Zapdos|100\/100\n|turn|10\n|\n|t:|1700117570\n|move|p2a: Sneasler|Dire Claw|p1a: Zapdos\n|-damage|p1a: Zapdos|0 fnt\n|faint|p1a: Zapdos\n|\n|upkeep\n|\n|t:|1700117576\n|switch|p1a: Rillaboom|Rillaboom, F|100\/100\n|-fieldstart|move: Grassy Terrain|[from] ability: Grassy Surge|[of] p1a: Rillaboom\n|turn|11\n|\n|t:|1700117582\n|move|p1a: Rillaboom|Grassy Glide|p2a: Sneasler\n|-resisted|p2a: Sneasler\n|-damage|p2a: Sneasler|25\/100\n|move|p2a: Sneasler|Dire Claw|p1a: Rillaboom\n|-supereffective|p1a: Rillaboom\n|-damage|p1a: Rillaboom|0 fnt\n|faint|p1a: Rillaboom\n|\n|upkeep\n|\n|t:|1700117588\n|switch|p1a: Sneasler|Sneasler, F|100\/100\n|-enditem|p1a: Sneasler|Grassy Seed\n|-boost|p1a: Sneasler|def|1|[from] item: Grassy Seed\n|turn|12\n|\n|t:|1700117595\n|move|p2a: Sneasler|Acrobatics|p1a: Sneasler\n|-supereffective|p1a: Sneasler\n|-damage|p1a: Sneasler|0 fnt\n|faint|p1a: Sneasler\n|\n|upkeep\n|\n|t:|1700117598\n|switch|p1a: Alomomola|Alomomola, F|100\/100\n|turn|13\n|\n|t:|1700117603\n|move|p2a: Sneasler|Close Combat|p1a: Alomomola\n|-damage|p1a: Alomomola|0 fnt\n|-unboost|p2a: Sneasler|def|1\n|-unboost|p2a: Sneasler|spd|1\n|faint|p1a: Alomomola\n|\n|win|Carbolo\n|raw|TheGoomyGod's rating: 1357 &rarr; <strong>1333<\/strong><br \/>(-24 for losing)\n|raw|Carbolo's rating: 1282 &rarr; <strong>1312<\/strong><br \/>(+30 for winning)\n|l|\u2606TheGoomyGod\n|c|\u2606Carbolo|Gg\n","uploadtime":1700117613,"views":24,"p1id":"thegoomygod","p2id":"carbolo","formatid":"gen9ou","rating":1312,"private":0,"password":""}