{"id":"gen9ou-1999652016","p1":"ChexMixElixer","p2":"xtreme.psd","format":"[Gen 9] OU","log":"|j|\u2606ChexMixElixer\n|j|\u2606xtreme.psd\n|t:|1701104739\n|gametype|singles\n|player|p1|ChexMixElixer|102|1056\n|player|p2|xtreme.psd|roxie|1121\n|teamsize|p1|6\n|teamsize|p2|6\n|gen|9\n|tier|[Gen 9] OU\n|rated|\n|rule|Sleep Clause Mod: Limit one foe put to sleep\n|rule|Species Clause: Limit one of each Pok\u00e9mon\n|rule|OHKO Clause: OHKO moves are banned\n|rule|Evasion Items Clause: Evasion items are banned\n|rule|Evasion Moves Clause: Evasion moves are banned\n|rule|Endless Battle Clause: Forcing endless battles is banned\n|rule|HP Percentage Mod: HP is shown in percentages\n|clearpoke\n|poke|p1|Forretress, F|\n|poke|p1|Milotic, M|\n|poke|p1|Mienshao, F|\n|poke|p1|Garchomp, M|\n|poke|p1|Flareon, M|\n|poke|p1|Maushold|\n|poke|p2|Samurott-Hisui, M|\n|poke|p2|Cinderace, F|\n|poke|p2|Gholdengo|\n|poke|p2|Scizor, M|\n|poke|p2|Slowking-Galar, M|\n|poke|p2|Dragapult, F|\n|teampreview\n|inactive|Battle timer is ON: inactive players will automatically lose when time's up. (requested by ChexMixElixer)\n|\n|t:|1701104766\n|start\n|switch|p1a: Mienshao|Mienshao, F|100\/100\n|switch|p2a: Ronin|Samurott-Hisui, M, shiny|100\/100\n|turn|1\n|\n|t:|1701104776\n|-terastallize|p2a: Ronin|Ghost\n|move|p1a: Mienshao|Fake Out|p2a: Ronin\n|-immune|p2a: Ronin\n|move|p2a: Ronin|Ceaseless Edge|p1a: Mienshao\n|-resisted|p1a: Mienshao\n|-damage|p1a: Mienshao|62\/100\n|-sidestart|p1: ChexMixElixer|Spikes\n|\n|upkeep\n|turn|2\n|\n|t:|1701104787\n|move|p1a: Mienshao|Knock Off|p2a: Ronin\n|-supereffective|p2a: Ronin\n|-damage|p2a: Ronin|15\/100\n|-enditem|p2a: Ronin|Leftovers|[from] move: Knock Off|[of] p1a: Mienshao\n|move|p2a: Ronin|Ceaseless Edge|p1a: Mienshao\n|-resisted|p1a: Mienshao\n|-crit|p1a: Mienshao\n|-damage|p1a: Mienshao|0 fnt\n|-sidestart|p1: ChexMixElixer|Spikes\n|faint|p1a: Mienshao\n|\n|upkeep\n|\n|t:|1701104802\n|switch|p1a: Maushold|Maushold|100\/100\n|-damage|p1a: Maushold|84\/100|[from] Spikes\n|turn|3\n|\n|t:|1701104807\n|move|p1a: Maushold|Bite|p2a: Ronin\n|-supereffective|p2a: Ronin\n|-damage|p2a: Ronin|0 fnt\n|faint|p2a: Ronin\n|\n|upkeep\n|\n|t:|1701104819\n|switch|p2a: Mismatch|Gholdengo|100\/100\n|turn|4\n|\n|t:|1701104823\n|move|p1a: Maushold|Tidy Up|p1a: Maushold\n|-sideend|p1: ChexMixElixer|Spikes\n|-activate|p1a: Maushold|move: Tidy Up\n|-boost|p1a: Maushold|atk|1\n|-boost|p1a: Maushold|spe|1\n|move|p2a: Mismatch|Thunder Wave|p1a: Maushold\n|-status|p1a: Maushold|par\n|\n|upkeep\n|turn|5\n|\n|t:|1701104833\n|switch|p2a: Arrowhead|Dragapult, F|100\/100\n|cant|p1a: Maushold|par\n|\n|upkeep\n|turn|6\n|\n|t:|1701104839\n|move|p2a: Arrowhead|Dragon Darts|p1a: Maushold\n|-damage|p1a: Maushold|25\/100 par\n|-anim|p2a: Arrowhead|Dragon Darts|p1a: Maushold\n|-damage|p1a: Maushold|0 fnt\n|faint|p1a: Maushold\n|\n|upkeep\n|\n|t:|1701104842\n|switch|p1a: Milotic|Milotic, M, shiny|100\/100\n|turn|7\n|c|\u2606xtreme.psd|death to satan rat!!!\n|\n|t:|1701104851\n|move|p2a: Arrowhead|Dragon Darts|p1a: Milotic\n|-damage|p1a: Milotic|62\/100\n|-anim|p2a: Arrowhead|Dragon Darts|p1a: Milotic\n|-damage|p1a: Milotic|21\/100\n|move|p1a: Milotic|Blizzard|p2a: Arrowhead|[miss]\n|-miss|p1a: Milotic|p2a: Arrowhead\n|\n|-heal|p1a: Milotic|27\/100|[from] item: Leftovers\n|upkeep\n|turn|8\n|\n|t:|1701104862\n|move|p1a: Milotic|Protect|p1a: Milotic\n|-singleturn|p1a: Milotic|Protect\n|move|p2a: Arrowhead|Dragon Darts|p1a: Milotic\n|-activate|p1a: Milotic|move: Protect\n|\n|-heal|p1a: Milotic|33\/100|[from] item: Leftovers\n|upkeep\n|turn|9\n|l|\u2606ChexMixElixer\n|inactive|ChexMixElixer disconnected and has a minute to reconnect!\n|player|p1|\n|\n|t:|1701104873\n|switch|p1a: Forretress|Forretress, F, shiny|100\/100\n|move|p2a: Arrowhead|Dragon Darts|p1a: Forretress\n|-resisted|p1a: Forretress\n|-damage|p1a: Forretress|91\/100\n|-anim|p2a: Arrowhead|Dragon Darts|p1a: Forretress\n|-resisted|p1a: Forretress\n|-damage|p1a: Forretress|82\/100\n|\n|upkeep\n|turn|10\n|inactive|ChexMixElixer has 30 seconds to reconnect!\n|inactive|ChexMixElixer has 20 seconds to reconnect!\n|inactive|ChexMixElixer has 15 seconds to reconnect!\n|inactive|ChexMixElixer has 10 seconds to reconnect!\n|inactive|ChexMixElixer has 5 seconds to reconnect!\n|-message|ChexMixElixer lost due to inactivity.\n|\n|win|xtreme.psd\n|raw|ChexMixElixer's rating: 1056 &rarr; <strong>1041<\/strong><br \/>(-15 for losing)\n|raw|xtreme.psd's rating: 1121 &rarr; <strong>1141<\/strong><br \/>(+20 for winning)\n","uploadtime":1701104849,"views":2,"p1id":"chexmixelixer","p2id":"xtremepsd","formatid":"gen9ou","rating":1041,"private":0,"password":""}