{"id":"gen9ou-1989055131","p1":"Chapamaru","p2":"KaiserSulyFF","format":"[Gen 9] OU","log":"|j|\u2606Chapamaru\n|j|\u2606KaiserSulyFF\n|t:|1699807186\n|gametype|singles\n|player|p1|Chapamaru|bugcatcher-gen4dp|1221\n|player|p2|KaiserSulyFF|steven|1153\n|teamsize|p1|6\n|teamsize|p2|6\n|gen|9\n|tier|[Gen 9] OU\n|rated|\n|rule|Sleep Clause Mod: Limit one foe put to sleep\n|rule|Species Clause: Limit one of each Pok\u00e9mon\n|rule|OHKO Clause: OHKO moves are banned\n|rule|Evasion Items Clause: Evasion items are banned\n|rule|Evasion Moves Clause: Evasion moves are banned\n|rule|Endless Battle Clause: Forcing endless battles is banned\n|rule|HP Percentage Mod: HP is shown in percentages\n|clearpoke\n|poke|p1|Clefable, M|\n|poke|p1|Great Tusk|\n|poke|p1|Iron Hands|\n|poke|p1|Amoonguss, M|\n|poke|p1|Gyarados, M|\n|poke|p1|Goodra-Hisui, M|\n|poke|p2|Ogerpon-Cornerstone, F|\n|poke|p2|Garganacl, F|\n|poke|p2|Arcanine-Hisui, M|\n|poke|p2|Diancie|\n|poke|p2|Tyranitar, F|\n|poke|p2|Glimmora, M|\n|teampreview\n|inactive|Battle timer is ON: inactive players will automatically lose when time's up. (requested by Chapamaru)\n|\n|t:|1699807201\n|start\n|switch|p1a: Donphansaurio|Great Tusk|100\/100\n|switch|p2a: Diancie|Diancie|100\/100\n|turn|1\n|\n|t:|1699807215\n|-end|p1a: Donphansaurio|Protosynthesis|[silent]\n|switch|p1a: Gordo Mantecoso|Goodra-Hisui, M|100\/100\n|move|p2a: Diancie|Moonblast|p1a: Gordo Mantecoso\n|-damage|p1a: Gordo Mantecoso|79\/100\n|\n|upkeep\n|turn|2\n|\n|t:|1699807228\n|switch|p2a: Tyranitar|Tyranitar, F|100\/100\n|-weather|Sandstorm|[from] ability: Sand Stream|[of] p2a: Tyranitar\n|move|p1a: Gordo Mantecoso|Flash Cannon|p2a: Tyranitar\n|-supereffective|p2a: Tyranitar\n|-damage|p2a: Tyranitar|41\/100\n|-enditem|p2a: Tyranitar|Weakness Policy\n|-boost|p2a: Tyranitar|atk|2|[from] item: Weakness Policy\n|-boost|p2a: Tyranitar|spa|2|[from] item: Weakness Policy\n|\n|-weather|Sandstorm|[upkeep]\n|upkeep\n|turn|3\n|\n|t:|1699807243\n|move|p2a: Tyranitar|Earthquake|p1a: Gordo Mantecoso\n|-supereffective|p1a: Gordo Mantecoso\n|-damage|p1a: Gordo Mantecoso|0 fnt\n|faint|p1a: Gordo Mantecoso\n|\n|-weather|Sandstorm|[upkeep]\n|upkeep\n|\n|t:|1699807250\n|switch|p1a: Donphansaurio|Great Tusk|100\/100\n|turn|4\n|\n|t:|1699807262\n|move|p1a: Donphansaurio|Close Combat|p2a: Tyranitar\n|-supereffective|p2a: Tyranitar\n|-damage|p2a: Tyranitar|0 fnt\n|-unboost|p1a: Donphansaurio|def|1\n|-unboost|p1a: Donphansaurio|spd|1\n|faint|p2a: Tyranitar\n|\n|-weather|Sandstorm|[upkeep]\n|upkeep\n|\n|t:|1699807272\n|switch|p2a: Ogerpon|Ogerpon-Cornerstone, F|100\/100\n|turn|5\n|\n|t:|1699807279\n|-end|p1a: Donphansaurio|Protosynthesis|[silent]\n|switch|p1a: Gyaratrolldos|Gyarados, M, shiny|100\/100\n|-ability|p1a: Gyaratrolldos|Intimidate|boost\n|-unboost|p2a: Ogerpon|atk|1\n|move|p2a: Ogerpon|Horn Leech|p1a: Gyaratrolldos\n|-damage|p1a: Gyaratrolldos|70\/100\n|\n|-weather|Sandstorm|[upkeep]\n|-damage|p1a: Gyaratrolldos|64\/100|[from] Sandstorm\n|-heal|p1a: Gyaratrolldos|70\/100|[from] item: Leftovers\n|upkeep\n|turn|6\n|\n|t:|1699807291\n|move|p2a: Ogerpon|Ivy Cudgel|p1a: Gyaratrolldos\n|-supereffective|p1a: Gyaratrolldos\n|-damage|p1a: Gyaratrolldos|0 fnt\n|faint|p1a: Gyaratrolldos\n|\n|-weather|none\n|upkeep\n|\n|t:|1699807298\n|switch|p1a: Vas a dormirte|Amoonguss, M|100\/100\n|turn|7\n|\n|t:|1699807306\n|switch|p2a: Garganacl|Garganacl, F|100\/100\n|move|p1a: Vas a dormirte|Giga Drain|p2a: Garganacl\n|-supereffective|p2a: Garganacl\n|-damage|p2a: Garganacl|61\/100\n|\n|-heal|p2a: Garganacl|68\/100|[from] item: Leftovers\n|upkeep\n|turn|8\n|\n|t:|1699807325\n|switch|p1a: Maginbu|Clefable, M|100\/100\n|move|p2a: Garganacl|Salt Cure|p1a: Maginbu\n|-damage|p1a: Maginbu|90\/100\n|-start|p1a: Maginbu|Salt Cure\n|\n|-heal|p1a: Maginbu|96\/100|[from] item: Leftovers\n|-heal|p2a: Garganacl|74\/100|[from] item: Leftovers\n|upkeep\n|turn|9\n|\n|t:|1699807339\n|switch|p2a: Glimmora|Glimmora, M|100\/100\n|move|p1a: Maginbu|Knock Off|p2a: Glimmora\n|-damage|p2a: Glimmora|81\/100\n|-activate|p2a: Glimmora|ability: Toxic Debris\n|-sidestart|p1: Chapamaru|move: Toxic Spikes\n|-enditem|p2a: Glimmora|Focus Sash|[from] move: Knock Off|[of] p1a: Maginbu\n|\n|-heal|p1a: Maginbu|100\/100|[from] item: Leftovers\n|upkeep\n|turn|10\n|\n|t:|1699807355\n|switch|p1a: Vas a dormirte|Amoonguss, M|100\/100\n|-sideend|p1: Chapamaru|move: Toxic Spikes|[of] p1a: Vas a dormirte\n|move|p2a: Glimmora|Sludge Wave|p1a: Vas a dormirte\n|-damage|p1a: Vas a dormirte|57\/100\n|\n|upkeep\n|turn|11\n|\n|t:|1699807366\n|move|p2a: Glimmora|Sludge Wave|p1a: Vas a dormirte\n|-damage|p1a: Vas a dormirte|12\/100\n|move|p1a: Vas a dormirte|Giga Drain|p2a: Glimmora\n|-damage|p2a: Glimmora|46\/100\n|-heal|p1a: Vas a dormirte|24\/100|[from] drain|[of] p2a: Glimmora\n|\n|upkeep\n|turn|12\n|\n|t:|1699807380\n|switch|p1a: Donphansaurio|Great Tusk|100\/100\n|move|p2a: Glimmora|Sludge Wave|p1a: Donphansaurio\n|-resisted|p1a: Donphansaurio\n|-damage|p1a: Donphansaurio|63\/100\n|\n|upkeep\n|turn|13\n|\n|t:|1699807398\n|switch|p2a: Garganacl|Garganacl, F|74\/100\n|move|p1a: Donphansaurio|Headlong Rush|p2a: Garganacl\n|-supereffective|p2a: Garganacl\n|-damage|p2a: Garganacl|14\/100\n|-unboost|p1a: Donphansaurio|def|1\n|-unboost|p1a: Donphansaurio|spd|1\n|\n|-heal|p2a: Garganacl|20\/100|[from] item: Leftovers\n|upkeep\n|turn|14\n|\n|t:|1699807412\n|move|p1a: Donphansaurio|Headlong Rush|p2a: Garganacl\n|-supereffective|p2a: Garganacl\n|-damage|p2a: Garganacl|0 fnt\n|-unboost|p1a: Donphansaurio|def|1\n|-unboost|p1a: Donphansaurio|spd|1\n|faint|p2a: Garganacl\n|\n|upkeep\n|\n|t:|1699807422\n|switch|p2a: Diancie|Diancie|100\/100\n|turn|15\n|\n|t:|1699807434\n|-end|p1a: Donphansaurio|Protosynthesis|[silent]\n|switch|p1a: Vas a dormirte|Amoonguss, M|57\/100\n|move|p2a: Diancie|Moonblast|p1a: Vas a dormirte\n|-resisted|p1a: Vas a dormirte\n|-damage|p1a: Vas a dormirte|36\/100\n|-unboost|p1a: Vas a dormirte|spa|1\n|\n|upkeep\n|turn|16\n|\n|t:|1699807449\n|move|p2a: Diancie|Earth Power|p1a: Vas a dormirte\n|-damage|p1a: Vas a dormirte|10\/100\n|move|p1a: Vas a dormirte|Spore|p2a: Diancie\n|-status|p2a: Diancie|slp|[from] move: Spore\n|\n|upkeep\n|turn|17\n|\n|t:|1699807459\n|switch|p2a: Ogerpon|Ogerpon-Cornerstone, F|100\/100\n|move|p1a: Vas a dormirte|Giga Drain|p2a: Ogerpon\n|-damage|p2a: Ogerpon|83\/100\n|-heal|p1a: Vas a dormirte|16\/100|[from] drain|[of] p2a: Ogerpon\n|\n|upkeep\n|turn|18\n|\n|t:|1699807469\n|switch|p1a: Maginbu|Clefable, M|100\/100\n|move|p2a: Ogerpon|Horn Leech|p1a: Maginbu\n|-damage|p1a: Maginbu|66\/100\n|-heal|p2a: Ogerpon|100\/100|[from] drain|[of] p1a: Maginbu\n|\n|-heal|p1a: Maginbu|72\/100|[from] item: Leftovers\n|upkeep\n|turn|19\n|\n|t:|1699807485\n|move|p2a: Ogerpon|U-turn|p1a: Maginbu\n|-resisted|p1a: Maginbu\n|-damage|p1a: Maginbu|63\/100\n|\n|t:|1699807491\n|switch|p2a: Glimmora|Glimmora, M|46\/100|[from] U-turn\n|move|p1a: Maginbu|Flamethrower|p2a: Glimmora\n|-resisted|p2a: Glimmora\n|-damage|p2a: Glimmora|31\/100\n|\n|-heal|p1a: Maginbu|69\/100|[from] item: Leftovers\n|upkeep\n|turn|20\n|\n|t:|1699807503\n|switch|p1a: Donphansaurio|Great Tusk|63\/100\n|move|p2a: Glimmora|Sludge Wave|p1a: Donphansaurio\n|-resisted|p1a: Donphansaurio\n|-damage|p1a: Donphansaurio|25\/100\n|\n|upkeep\n|turn|21\n|\n|t:|1699807516\n|move|p1a: Donphansaurio|Headlong Rush|p2a: Glimmora\n|-supereffective|p2a: Glimmora\n|-damage|p2a: Glimmora|0 fnt\n|-unboost|p1a: Donphansaurio|def|1\n|-unboost|p1a: Donphansaurio|spd|1\n|-activate|p2a: Glimmora|ability: Toxic Debris\n|-sidestart|p1: Chapamaru|move: Toxic Spikes\n|faint|p2a: Glimmora\n|\n|upkeep\n|\n|t:|1699807525\n|switch|p2a: Arcanine|Arcanine-Hisui, M|100\/100\n|turn|22\n|\n|t:|1699807537\n|move|p2a: Arcanine|Flare Blitz|p1a: Donphansaurio\n|-damage|p1a: Donphansaurio|0 fnt\n|faint|p1a: Donphansaurio\n|-end|p1a: Donphansaurio|Protosynthesis|[silent]\n|\n|upkeep\n|\n|t:|1699807542\n|switch|p1a: A mano cambiada|Iron Hands|100\/100\n|-status|p1a: A mano cambiada|psn\n|turn|23\n|\n|t:|1699807548\n|move|p2a: Arcanine|Flare Blitz|p1a: A mano cambiada\n|-damage|p1a: A mano cambiada|61\/100 psn\n|move|p1a: A mano cambiada|Drain Punch|p2a: Arcanine\n|-supereffective|p2a: Arcanine\n|-damage|p2a: Arcanine|4\/100\n|-heal|p1a: A mano cambiada|97\/100 psn|[from] drain|[of] p2a: Arcanine\n|\n|-heal|p1a: A mano cambiada|100\/100 psn|[from] item: Leftovers\n|-damage|p1a: A mano cambiada|88\/100 psn|[from] psn\n|upkeep\n|turn|24\n|\n|t:|1699807562\n|switch|p2a: Diancie|Diancie|100\/100 slp\n|move|p1a: A mano cambiada|Drain Punch|p2a: Diancie\n|-damage|p2a: Diancie|69\/100 slp\n|-heal|p1a: A mano cambiada|99\/100 psn|[from] drain|[of] p2a: Diancie\n|\n|-heal|p1a: A mano cambiada|100\/100 psn|[from] item: Leftovers\n|-damage|p1a: A mano cambiada|88\/100 psn|[from] psn\n|upkeep\n|turn|25\n|\n|t:|1699807576\n|move|p1a: A mano cambiada|Swords Dance|p1a: A mano cambiada\n|-boost|p1a: A mano cambiada|atk|2\n|cant|p2a: Diancie|slp\n|\n|-heal|p1a: A mano cambiada|94\/100 psn|[from] item: Leftovers\n|-damage|p1a: A mano cambiada|82\/100 psn|[from] psn\n|upkeep\n|turn|26\n|\n|t:|1699807589\n|-terastallize|p1a: A mano cambiada|Flying\n|move|p1a: A mano cambiada|Drain Punch|p2a: Diancie\n|-damage|p2a: Diancie|4\/100 slp\n|-heal|p1a: A mano cambiada|100\/100 psn|[from] drain|[of] p2a: Diancie\n|cant|p2a: Diancie|slp\n|\n|-damage|p1a: A mano cambiada|88\/100 psn|[from] psn\n|upkeep\n|turn|27\n|\n|t:|1699807602\n|move|p1a: A mano cambiada|Drain Punch|p2a: Diancie\n|-damage|p2a: Diancie|0 fnt\n|-heal|p1a: A mano cambiada|89\/100 psn|[from] drain|[of] p2a: Diancie\n|faint|p2a: Diancie\n|\n|-heal|p1a: A mano cambiada|96\/100 psn|[from] item: Leftovers\n|-damage|p1a: A mano cambiada|83\/100 psn|[from] psn\n|upkeep\n|\n|t:|1699807612\n|switch|p2a: Arcanine|Arcanine-Hisui, M|4\/100\n|turn|28\n|\n|t:|1699807620\n|move|p2a: Arcanine|Flare Blitz|p1a: A mano cambiada\n|-damage|p1a: A mano cambiada|39\/100 psn\n|move|p1a: A mano cambiada|Drain Punch|p2a: Arcanine\n|-supereffective|p2a: Arcanine\n|-crit|p2a: Arcanine\n|-damage|p2a: Arcanine|0 fnt\n|-heal|p1a: A mano cambiada|41\/100 psn|[from] drain|[of] p2a: Arcanine\n|faint|p2a: Arcanine\n|\n|-heal|p1a: A mano cambiada|47\/100 psn|[from] item: Leftovers\n|-damage|p1a: A mano cambiada|35\/100 psn|[from] psn\n|upkeep\n|\n|t:|1699807633\n|switch|p2a: Ogerpon|Ogerpon-Cornerstone, F|100\/100\n|turn|29\n|\n|t:|1699807641\n|move|p2a: Ogerpon|Horn Leech|p1a: A mano cambiada\n|-resisted|p1a: A mano cambiada\n|-damage|p1a: A mano cambiada|19\/100 psn\n|move|p1a: A mano cambiada|Drain Punch|p2a: Ogerpon\n|-supereffective|p2a: Ogerpon\n|-ability|p2a: Ogerpon|Sturdy\n|-damage|p2a: Ogerpon|1\/100\n|-heal|p1a: A mano cambiada|52\/100 psn|[from] drain|[of] p2a: Ogerpon\n|\n|-heal|p1a: A mano cambiada|58\/100 psn|[from] item: Leftovers\n|-damage|p1a: A mano cambiada|46\/100 psn|[from] psn\n|upkeep\n|turn|30\n|\n|t:|1699807654\n|move|p2a: Ogerpon|Ivy Cudgel|p1a: A mano cambiada\n|-supereffective|p1a: A mano cambiada\n|-damage|p1a: A mano cambiada|0 fnt\n|faint|p1a: A mano cambiada\n|-end|p1a: A mano cambiada|Quark Drive|[silent]\n|\n|upkeep\n|\n|t:|1699807660\n|switch|p1a: Vas a dormirte|Amoonguss, M|50\/100\n|-sideend|p1: Chapamaru|move: Toxic Spikes|[of] p1a: Vas a dormirte\n|turn|31\n|\n|t:|1699807666\n|move|p2a: Ogerpon|Horn Leech|p1a: Vas a dormirte\n|-resisted|p1a: Vas a dormirte\n|-damage|p1a: Vas a dormirte|41\/100\n|-heal|p2a: Ogerpon|7\/100|[from] drain|[of] p1a: Vas a dormirte\n|-damage|p2a: Ogerpon|0 fnt|[from] item: Rocky Helmet|[of] p1a: Vas a dormirte\n|faint|p2a: Ogerpon\n|\n|win|Chapamaru\n|raw|Chapamaru's rating: 1221 &rarr; <strong>1241<\/strong><br \/>(+20 for winning)\n|raw|KaiserSulyFF's rating: 1153 &rarr; <strong>1133<\/strong><br \/>(-20 for losing)\n","uploadtime":1699807675,"views":22,"p1id":"chapamaru","p2id":"kaisersulyff","formatid":"gen9ou","rating":1133,"private":0,"password":""}