{"id":"gen9ou-1997119570","p1":"Irvantheboredone","p2":"hgjhgjf","format":"[Gen 9] OU","log":"|j|\u2606Irvantheboredone\n|j|\u2606hgjhgjf\n|t:|1700766469\n|gametype|singles\n|player|p1|Irvantheboredone|unknown|1227\n|player|p2|hgjhgjf|169|1211\n|teamsize|p1|6\n|teamsize|p2|6\n|gen|9\n|tier|[Gen 9] OU\n|rated|\n|rule|Sleep Clause Mod: Limit one foe put to sleep\n|rule|Species Clause: Limit one of each Pok\u00e9mon\n|rule|OHKO Clause: OHKO moves are banned\n|rule|Evasion Items Clause: Evasion items are banned\n|rule|Evasion Moves Clause: Evasion moves are banned\n|rule|Endless Battle Clause: Forcing endless battles is banned\n|rule|HP Percentage Mod: HP is shown in percentages\n|clearpoke\n|poke|p1|Inteleon, M|\n|poke|p1|Gyarados, F|\n|poke|p1|Scizor, F|\n|poke|p1|Gallade, M|\n|poke|p1|Thundurus-Therian, M|\n|poke|p1|Kingambit, M|\n|poke|p2|Iron Valiant|\n|poke|p2|Breloom, F|\n|poke|p2|Kingambit, F|\n|poke|p2|Masquerain, F|\n|poke|p2|Gholdengo|\n|poke|p2|Dragapult, F|\n|teampreview\n|\n|t:|1700766476\n|start\n|switch|p1a: V1|Inteleon, M|100\/100\n|switch|p2a: Masquerain|Masquerain, F|100\/100\n|-ability|p2a: Masquerain|Intimidate|boost\n|-unboost|p1a: V1|atk|1\n|turn|1\n|\n|t:|1700766489\n|move|p1a: V1|Snipe Shot|p2a: Masquerain\n|-crit|p2a: Masquerain\n|-enditem|p2a: Masquerain|Focus Sash\n|-damage|p2a: Masquerain|1\/100\n|move|p2a: Masquerain|Sticky Web|p1a: V1\n|-sidestart|p1: Irvantheboredone|move: Sticky Web\n|\n|upkeep\n|turn|2\n|\n|t:|1700766496\n|move|p1a: V1|Snipe Shot|p2a: Masquerain\n|-crit|p2a: Masquerain\n|-damage|p2a: Masquerain|0 fnt\n|faint|p2a: Masquerain\n|\n|upkeep\n|\n|t:|1700766502\n|switch|p2a: Breloom|Breloom, F|100\/100\n|turn|3\n|c|\u2606Irvantheboredone|Nuh uh\n|\n|t:|1700766510\n|move|p1a: V1|Air Cutter|p2a: Breloom\n|-supereffective|p2a: Breloom\n|-crit|p2a: Breloom\n|-damage|p2a: Breloom|0 fnt\n|faint|p2a: Breloom\n|\n|upkeep\n|\n|t:|1700766519\n|switch|p2a: Iron Valiant|Iron Valiant|100\/100\n|-enditem|p2a: Iron Valiant|Booster Energy\n|-activate|p2a: Iron Valiant|ability: Quark Drive|[fromitem]\n|-start|p2a: Iron Valiant|quarkdrivespe\n|turn|4\n|\n|t:|1700766530\n|-terastallize|p2a: Iron Valiant|Poison\n|-terastallize|p1a: V1|Electric\n|move|p2a: Iron Valiant|Calm Mind|p2a: Iron Valiant\n|-boost|p2a: Iron Valiant|spa|1\n|-boost|p2a: Iron Valiant|spd|1\n|move|p1a: V1|Air Cutter|p2a: Iron Valiant|[miss]\n|-miss|p1a: V1|p2a: Iron Valiant\n|\n|upkeep\n|turn|5\n|\n|t:|1700766540\n|move|p2a: Iron Valiant|Calm Mind|p2a: Iron Valiant\n|-boost|p2a: Iron Valiant|spa|1\n|-boost|p2a: Iron Valiant|spd|1\n|move|p1a: V1|Snipe Shot|p2a: Iron Valiant\n|-crit|p2a: Iron Valiant\n|-damage|p2a: Iron Valiant|0 fnt\n|faint|p2a: Iron Valiant\n|-end|p2a: Iron Valiant|Quark Drive|[silent]\n|\n|upkeep\n|c|\u2606Irvantheboredone|I   s a i d\n|c|\u2606Irvantheboredone|N u h  u h\n|\n|t:|1700766550\n|switch|p2a: Dragapult|Dragapult, F|100\/100\n|turn|6\n|\n|t:|1700766553\n|switch|p1a: V2|Scizor, F|100\/100\n|-activate|p1a: V2|move: Sticky Web\n|-unboost|p1a: V2|spe|1\n|move|p2a: Dragapult|Draco Meteor|p1a: V2\n|-resisted|p1a: V2\n|-damage|p1a: V2|51\/100\n|-unboost|p2a: Dragapult|spa|2\n|-damage|p2a: Dragapult|91\/100|[from] item: Life Orb\n|\n|upkeep\n|turn|7\n|\n|t:|1700766556\n|move|p1a: V2|Bullet Punch|p2a: Dragapult\n|-damage|p2a: Dragapult|48\/100\n|move|p2a: Dragapult|Fire Blast|p1a: V2\n|-supereffective|p1a: V2\n|-damage|p1a: V2|0 fnt\n|faint|p1a: V2\n|-damage|p2a: Dragapult|38\/100|[from] item: Life Orb\n|\n|upkeep\n|\n|t:|1700766562\n|switch|p1a: Leviathan|Gyarados, F, shiny|100\/100\n|turn|8\n|\n|t:|1700766569\n|move|p2a: Dragapult|U-turn|p1a: Leviathan\n|-resisted|p1a: Leviathan\n|-damage|p1a: Leviathan|87\/100\n|-damage|p2a: Dragapult|28\/100|[from] item: Life Orb\n|\n|t:|1700766572\n|switch|p2a: Kingambit|Kingambit, F|100\/100|[from] U-turn\n|-activate|p2a: Kingambit|ability: Supreme Overlord\n|-start|p2a: Kingambit|fallen3|[silent]\n|move|p1a: Leviathan|Dragon Dance|p1a: Leviathan\n|-boost|p1a: Leviathan|atk|1\n|-boost|p1a: Leviathan|spe|1\n|\n|upkeep\n|turn|9\n|\n|t:|1700766578\n|move|p1a: Leviathan|Earthquake|p2a: Kingambit\n|-supereffective|p2a: Kingambit\n|-damage|p2a: Kingambit|23\/100\n|move|p2a: Kingambit|Swords Dance|p2a: Kingambit\n|-boost|p2a: Kingambit|atk|2\n|\n|upkeep\n|turn|10\n|\n|t:|1700766580\n|move|p2a: Kingambit|Sucker Punch|p1a: Leviathan\n|-damage|p1a: Leviathan|0 fnt\n|faint|p1a: Leviathan\n|\n|upkeep\n|\n|t:|1700766587\n|switch|p1a: Ferryman|Kingambit, M, shiny|100\/100\n|-activate|p1a: Ferryman|move: Sticky Web\n|-unboost|p1a: Ferryman|spe|1\n|-activate|p1a: Ferryman|ability: Supreme Overlord\n|-start|p1a: Ferryman|fallen2|[silent]\n|turn|11\n|\n|t:|1700766595\n|move|p2a: Kingambit|Kowtow Cleave|p1a: Ferryman\n|-resisted|p1a: Ferryman\n|-damage|p1a: Ferryman|45\/100\n|move|p1a: Ferryman|Low Kick|p2a: Kingambit\n|-supereffective|p2a: Kingambit\n|-damage|p2a: Kingambit|0 fnt\n|faint|p2a: Kingambit\n|-end|p2a: Kingambit|fallen3|[silent]\n|\n|upkeep\n|\n|t:|1700766600\n|switch|p2a: Dragapult|Dragapult, F|28\/100\n|turn|12\n|c|\u2606Irvantheboredone|Nuh uh part 3\n|\n|t:|1700766605\n|move|p1a: Ferryman|Sucker Punch|p2a: Dragapult\n|-supereffective|p2a: Dragapult\n|-damage|p2a: Dragapult|0 fnt\n|faint|p2a: Dragapult\n|\n|upkeep\n|c|\u2606Irvantheboredone|PArt 4\n|\n|t:|1700766609\n|switch|p2a: Gholdengo|Gholdengo|100\/100\n|turn|13\n|\n|t:|1700766612\n|-end|p1a: Ferryman|fallen2|[silent]\n|switch|p1a: Gabriel|Gallade, M|100\/100\n|-activate|p1a: Gabriel|move: Sticky Web\n|-unboost|p1a: Gabriel|spe|1\n|move|p2a: Gholdengo|Trick|p1a: Gabriel\n|-activate|p2a: Gholdengo|move: Trick|[of] p1a: Gabriel\n|-item|p1a: Gabriel|Choice Scarf|[from] move: Trick\n|-item|p2a: Gholdengo|Assault Vest|[from] move: Trick\n|\n|upkeep\n|turn|14\n|c|\u2606Irvantheboredone|Aw sick thanks!\n|\n|t:|1700766622\n|move|p2a: Gholdengo|Shadow Ball|p1a: Gabriel\n|-supereffective|p1a: Gabriel\n|-damage|p1a: Gabriel|8\/100\n|move|p1a: Gabriel|Night Slash|p2a: Gholdengo\n|-supereffective|p2a: Gholdengo\n|-crit|p2a: Gholdengo\n|-damage|p2a: Gholdengo|0 fnt\n|faint|p2a: Gholdengo\n|\n|win|Irvantheboredone\n|raw|Irvantheboredone's rating: 1227 &rarr; <strong>1251<\/strong><br \/>(+24 for winning)\n|raw|hgjhgjf's rating: 1211 &rarr; <strong>1187<\/strong><br \/>(-24 for losing)\n|c|\u2606Irvantheboredone|NUH UH\n|l|\u2606hgjhgjf\n","uploadtime":1700766628,"views":12,"p1id":"irvantheboredone","p2id":"hgjhgjf","formatid":"gen9ou","rating":1187,"private":0,"password":""}