{"id":"gen9ou-1991556752","p1":"KOTONOHOUSE","p2":"CACHUMBO","format":"[Gen 9] OU","log":"|j|\u2606KOTONOHOUSE\n|j|\u2606CACHUMBO\n|t:|1700088069\n|gametype|singles\n|player|p1|KOTONOHOUSE|unknown|1496\n|player|p2|CACHUMBO|ghetsis|1616\n|teamsize|p1|6\n|teamsize|p2|6\n|gen|9\n|tier|[Gen 9] OU\n|rated|\n|rule|Sleep Clause Mod: Limit one foe put to sleep\n|rule|Species Clause: Limit one of each Pok\u00e9mon\n|rule|OHKO Clause: OHKO moves are banned\n|rule|Evasion Items Clause: Evasion items are banned\n|rule|Evasion Moves Clause: Evasion moves are banned\n|rule|Endless Battle Clause: Forcing endless battles is banned\n|rule|HP Percentage Mod: HP is shown in percentages\n|clearpoke\n|poke|p1|Kingambit, M|\n|poke|p1|Heatran, F|\n|poke|p1|Garchomp, F|\n|poke|p1|Scizor, F|\n|poke|p1|Samurott-Hisui, M|\n|poke|p1|Cresselia, F|\n|poke|p2|Zoroark-Hisui, M|\n|poke|p2|Thundurus-Therian, M|\n|poke|p2|Toxapex, F|\n|poke|p2|Meowscarada, F|\n|poke|p2|Kingambit, F|\n|poke|p2|Slowking-Galar, F|\n|teampreview\n|inactive|Battle timer is ON: inactive players will automatically lose when time's up. (requested by CACHUMBO)\n|\n|t:|1700088079\n|start\n|switch|p1a: Samurott|Samurott-Hisui, M|100\/100\n|switch|p2a: Kingambit|Kingambit, F|100\/100\n|turn|1\n|\n|t:|1700088100\n|move|p2a: Kingambit|Grass Knot|p1a: Samurott\n|-supereffective|p1a: Samurott\n|-damage|p1a: Samurott|20\/100\n|move|p1a: Samurott|Razor Shell|p2a: Kingambit\n|-damage|p2a: Kingambit|0 fnt\n|replace|p2a: Zoroark|Zoroark-Hisui, M\n|-end|p2a: Zoroark|Illusion\n|faint|p2a: Zoroark\n|\n|upkeep\n|\n|t:|1700088105\n|switch|p2a: Thundurus|Thundurus-Therian, M|100\/100\n|turn|2\n|\n|t:|1700088123\n|move|p1a: Samurott|Aqua Jet|p2a: Thundurus\n|-damage|p2a: Thundurus|70\/100\n|move|p2a: Thundurus|Tera Blast|p1a: Samurott\n|-damage|p1a: Samurott|0 fnt\n|faint|p1a: Samurott\n|\n|upkeep\n|\n|t:|1700088135\n|switch|p1a: Heatran|Heatran, F|100\/100\n|turn|3\n|\n|t:|1700088138\n|switch|p2a: Slowking|Slowking-Galar, F|100\/100\n|move|p1a: Heatran|Magma Storm|p2a: Slowking\n|-damage|p2a: Slowking|80\/100\n|-activate|p2a: Slowking|move: Magma Storm|[of] p1a: Heatran\n|\n|-damage|p2a: Slowking|68\/100|[from] move: Magma Storm|[partiallytrapped]\n|upkeep\n|turn|4\n|\n|t:|1700088147\n|move|p1a: Heatran|Stealth Rock|p2a: Slowking\n|-sidestart|p2: CACHUMBO|move: Stealth Rock\n|move|p2a: Slowking|Surf|p1a: Heatran\n|-supereffective|p1a: Heatran\n|-damage|p1a: Heatran|66\/100\n|\n|-heal|p1a: Heatran|73\/100|[from] item: Leftovers\n|-damage|p2a: Slowking|55\/100|[from] move: Magma Storm|[partiallytrapped]\n|upkeep\n|turn|5\n|\n|t:|1700088163\n|move|p1a: Heatran|Protect|p1a: Heatran\n|-singleturn|p1a: Heatran|Protect\n|move|p2a: Slowking|Surf|p1a: Heatran\n|-activate|p1a: Heatran|move: Protect\n|\n|-heal|p1a: Heatran|79\/100|[from] item: Leftovers\n|-damage|p2a: Slowking|43\/100|[from] move: Magma Storm|[partiallytrapped]\n|upkeep\n|turn|6\n|\n|t:|1700088173\n|move|p1a: Heatran|Earth Power|p2a: Slowking\n|-supereffective|p2a: Slowking\n|-damage|p2a: Slowking|19\/100\n|-unboost|p2a: Slowking|spd|1\n|move|p2a: Slowking|Surf|p1a: Heatran\n|-supereffective|p1a: Heatran\n|-damage|p1a: Heatran|49\/100\n|\n|-heal|p1a: Heatran|55\/100|[from] item: Leftovers\n|-damage|p2a: Slowking|7\/100|[from] move: Magma Storm|[partiallytrapped]\n|upkeep\n|turn|7\n|\n|t:|1700088184\n|move|p1a: Heatran|Protect|p1a: Heatran\n|-singleturn|p1a: Heatran|Protect\n|move|p2a: Slowking|Surf|p1a: Heatran\n|-activate|p1a: Heatran|move: Protect\n|\n|-heal|p1a: Heatran|61\/100|[from] item: Leftovers\n|-damage|p2a: Slowking|0 fnt|[from] move: Magma Storm|[partiallytrapped]\n|faint|p2a: Slowking\n|upkeep\n|\n|t:|1700088186\n|switch|p2a: Thundurus|Thundurus-Therian, M|70\/100\n|-damage|p2a: Thundurus|45\/100|[from] Stealth Rock\n|turn|8\n|\n|t:|1700088207\n|-terastallize|p1a: Heatran|Grass\n|move|p2a: Thundurus|Focus Blast|p1a: Heatran|[miss]\n|-miss|p2a: Thundurus|p1a: Heatran\n|move|p1a: Heatran|Magma Storm|p2a: Thundurus\n|-damage|p2a: Thundurus|0 fnt\n|faint|p2a: Thundurus\n|\n|-heal|p1a: Heatran|67\/100|[from] item: Leftovers\n|upkeep\n|c|\u2606CACHUMBO|Bruh\n|\n|t:|1700088217\n|switch|p2a: Meowscarada|Meowscarada, F|100\/100\n|-damage|p2a: Meowscarada|88\/100|[from] Stealth Rock\n|turn|9\n|\n|t:|1700088224\n|move|p1a: Heatran|Protect|p1a: Heatran\n|-singleturn|p1a: Heatran|Protect\n|move|p2a: Meowscarada|U-turn|p1a: Heatran\n|-start|p2a: Meowscarada|typechange|Bug|[from] ability: Protean\n|-activate|p1a: Heatran|move: Protect\n|\n|-heal|p1a: Heatran|74\/100|[from] item: Leftovers\n|upkeep\n|turn|10\n|\n|t:|1700088238\n|switch|p1a: Scizor|Scizor, F|100\/100\n|move|p2a: Meowscarada|U-turn|p1a: Scizor\n|-resisted|p1a: Scizor\n|-damage|p1a: Scizor|86\/100\n|\n|t:|1700088240\n|switch|p2a: Toxapex|Toxapex, F|100\/100|[from] U-turn\n|-damage|p2a: Toxapex|88\/100|[from] Stealth Rock\n|\n|-heal|p2a: Toxapex|94\/100|[from] item: Leftovers\n|upkeep\n|turn|11\n|\n|t:|1700088252\n|move|p1a: Scizor|Knock Off|p2a: Toxapex\n|-damage|p2a: Toxapex|65\/100\n|-enditem|p2a: Toxapex|Leftovers|[from] move: Knock Off|[of] p1a: Scizor\n|-damage|p1a: Scizor|76\/100|[from] item: Life Orb\n|move|p2a: Toxapex|Surf|p1a: Scizor\n|-damage|p1a: Scizor|52\/100\n|\n|upkeep\n|turn|12\n|\n|t:|1700088260\n|move|p1a: Scizor|U-turn|p2a: Toxapex\n|-resisted|p2a: Toxapex\n|-damage|p2a: Toxapex|47\/100\n|-damage|p1a: Scizor|42\/100|[from] item: Life Orb\n|\n|t:|1700088273\n|switch|p1a: Cresselia|Cresselia, F|100\/100|[from] U-turn\n|move|p2a: Toxapex|Recover|p2a: Toxapex\n|-heal|p2a: Toxapex|97\/100\n|\n|upkeep\n|turn|13\n|\n|t:|1700088280\n|move|p1a: Cresselia|Calm Mind|p1a: Cresselia\n|-boost|p1a: Cresselia|spa|1\n|-boost|p1a: Cresselia|spd|1\n|move|p2a: Toxapex|Toxic|p1a: Cresselia\n|-status|p1a: Cresselia|tox\n|\n|-damage|p1a: Cresselia|94\/100 tox|[from] psn\n|upkeep\n|turn|14\n|\n|t:|1700088286\n|switch|p2a: Kingambit|Kingambit, F|100\/100\n|-damage|p2a: Kingambit|94\/100|[from] Stealth Rock\n|-activate|p2a: Kingambit|ability: Supreme Overlord\n|-start|p2a: Kingambit|fallen3|[silent]\n|move|p1a: Cresselia|Calm Mind|p1a: Cresselia\n|-boost|p1a: Cresselia|spa|1\n|-boost|p1a: Cresselia|spd|1\n|\n|-heal|p1a: Cresselia|100\/100 tox|[from] item: Leftovers\n|-damage|p1a: Cresselia|88\/100 tox|[from] psn\n|upkeep\n|turn|15\n|\n|t:|1700088310\n|move|p1a: Cresselia|Moonblast|p2a: Kingambit\n|-damage|p2a: Kingambit|56\/100\n|move|p2a: Kingambit|Kowtow Cleave|p1a: Cresselia\n|-supereffective|p1a: Cresselia\n|-damage|p1a: Cresselia|0 fnt\n|faint|p1a: Cresselia\n|-damage|p2a: Kingambit|46\/100|[from] item: Life Orb\n|\n|upkeep\n|\n|t:|1700088322\n|switch|p1a: Garchomp|Garchomp, F|100\/100\n|turn|16\n|\n|t:|1700088333\n|-end|p2a: Kingambit|fallen3|[silent]\n|switch|p2a: Toxapex|Toxapex, F|100\/100\n|-damage|p2a: Toxapex|88\/100|[from] Stealth Rock\n|move|p1a: Garchomp|Earthquake|p2a: Toxapex\n|-supereffective|p2a: Toxapex\n|-damage|p2a: Toxapex|32\/100\n|\n|upkeep\n|turn|17\n|\n|t:|1700088340\n|-terastallize|p2a: Toxapex|Flying\n|move|p1a: Garchomp|Earthquake|p2a: Toxapex\n|-immune|p2a: Toxapex\n|move|p2a: Toxapex|Recover|p2a: Toxapex\n|-heal|p2a: Toxapex|82\/100\n|\n|upkeep\n|turn|18\n|\n|t:|1700088349\n|move|p2a: Toxapex|Toxic|p1a: Garchomp\n|-status|p1a: Garchomp|tox\n|move|p1a: Garchomp|Dragon Tail|p2a: Toxapex|[miss]\n|-miss|p1a: Garchomp|p2a: Toxapex\n|\n|-damage|p1a: Garchomp|94\/100 tox|[from] psn\n|upkeep\n|turn|19\n|\n|t:|1700088354\n|move|p2a: Toxapex|Baneful Bunker|p2a: Toxapex\n|-singleturn|p2a: Toxapex|move: Protect\n|move|p1a: Garchomp|Dragon Tail|p2a: Toxapex\n|-activate|p2a: Toxapex|move: Protect\n|\n|-damage|p1a: Garchomp|82\/100 tox|[from] psn\n|upkeep\n|turn|20\n|\n|t:|1700088360\n|move|p2a: Toxapex|Surf|p1a: Garchomp\n|-damage|p1a: Garchomp|63\/100 tox\n|move|p1a: Garchomp|Dragon Tail|p2a: Toxapex\n|-damage|p2a: Toxapex|65\/100\n|drag|p2a: Kingambit|Kingambit, F|46\/100\n|-damage|p2a: Kingambit|40\/100|[from] Stealth Rock\n|-activate|p2a: Kingambit|ability: Supreme Overlord\n|-start|p2a: Kingambit|fallen3|[silent]\n|\n|-damage|p1a: Garchomp|45\/100 tox|[from] psn\n|upkeep\n|turn|21\n|\n|t:|1700088373\n|-end|p2a: Kingambit|fallen3|[silent]\n|switch|p2a: Toxapex|Toxapex, F, tera:Flying|99\/100\n|-damage|p2a: Toxapex|74\/100|[from] Stealth Rock\n|move|p1a: Garchomp|Dragon Tail|p2a: Toxapex\n|-damage|p2a: Toxapex|55\/100\n|drag|p2a: Kingambit|Kingambit, F|40\/100\n|-damage|p2a: Kingambit|33\/100|[from] Stealth Rock\n|-activate|p2a: Kingambit|ability: Supreme Overlord\n|-start|p2a: Kingambit|fallen3|[silent]\n|\n|-damage|p1a: Garchomp|20\/100 tox|[from] psn\n|upkeep\n|turn|22\n|\n|t:|1700088386\n|-end|p2a: Kingambit|fallen3|[silent]\n|switch|p2a: Toxapex|Toxapex, F, tera:Flying|89\/100\n|-damage|p2a: Toxapex|64\/100|[from] Stealth Rock\n|move|p1a: Garchomp|Earthquake|p2a: Toxapex\n|-immune|p2a: Toxapex\n|\n|-damage|p1a: Garchomp|0 fnt|[from] psn\n|faint|p1a: Garchomp\n|upkeep\n|\n|t:|1700088392\n|switch|p1a: Heatran|Heatran, F, tera:Grass|74\/100\n|turn|23\n|\n|t:|1700088418\n|move|p1a: Heatran|Magma Storm|p2a: Toxapex\n|-damage|p2a: Toxapex|28\/100\n|-activate|p2a: Toxapex|move: Magma Storm|[of] p1a: Heatran\n|move|p2a: Toxapex|Recover|p2a: Toxapex\n|-heal|p2a: Toxapex|78\/100\n|\n|-heal|p1a: Heatran|80\/100|[from] item: Leftovers\n|-damage|p2a: Toxapex|65\/100|[from] move: Magma Storm|[partiallytrapped]\n|upkeep\n|turn|24\n|\n|t:|1700088431\n|move|p1a: Heatran|Magma Storm|p2a: Toxapex|[miss]\n|-miss|p1a: Heatran|p2a: Toxapex\n|move|p2a: Toxapex|Recover|p2a: Toxapex\n|-heal|p2a: Toxapex|100\/100\n|\n|-heal|p1a: Heatran|86\/100|[from] item: Leftovers\n|-damage|p2a: Toxapex|88\/100|[from] move: Magma Storm|[partiallytrapped]\n|upkeep\n|turn|25\n|\n|t:|1700088440\n|move|p1a: Heatran|Protect|p1a: Heatran\n|-singleturn|p1a: Heatran|Protect\n|move|p2a: Toxapex|Toxic|p1a: Heatran\n|-activate|p1a: Heatran|move: Protect\n|\n|-heal|p1a: Heatran|92\/100|[from] item: Leftovers\n|-damage|p2a: Toxapex|75\/100|[from] move: Magma Storm|[partiallytrapped]\n|upkeep\n|turn|26\n|\n|t:|1700088443\n|move|p1a: Heatran|Magma Storm|p2a: Toxapex\n|-damage|p2a: Toxapex|42\/100\n|move|p2a: Toxapex|Toxic|p1a: Heatran\n|-status|p1a: Heatran|tox\n|\n|-heal|p1a: Heatran|98\/100 tox|[from] item: Leftovers\n|-damage|p1a: Heatran|92\/100 tox|[from] psn\n|-damage|p2a: Toxapex|29\/100|[from] move: Magma Storm|[partiallytrapped]\n|upkeep\n|turn|27\n|\n|t:|1700088447\n|move|p1a: Heatran|Protect|p1a: Heatran\n|-singleturn|p1a: Heatran|Protect\n|move|p2a: Toxapex|Baneful Bunker||[still]\n|-fail|p2a: Toxapex\n|\n|-heal|p1a: Heatran|98\/100 tox|[from] item: Leftovers\n|-damage|p1a: Heatran|86\/100 tox|[from] psn\n|-end|p2a: Toxapex|Magma Storm|[partiallytrapped]\n|upkeep\n|turn|28\n|\n|t:|1700088450\n|move|p2a: Toxapex|Baneful Bunker|p2a: Toxapex\n|-singleturn|p2a: Toxapex|move: Protect\n|move|p1a: Heatran|Magma Storm|p2a: Toxapex\n|-activate|p2a: Toxapex|move: Protect\n|\n|-heal|p1a: Heatran|92\/100 tox|[from] item: Leftovers\n|-damage|p1a: Heatran|74\/100 tox|[from] psn\n|upkeep\n|turn|29\n|\n|t:|1700088456\n|move|p1a: Heatran|Magma Storm|p2a: Toxapex|[miss]\n|-miss|p1a: Heatran|p2a: Toxapex\n|move|p2a: Toxapex|Recover|p2a: Toxapex\n|-heal|p2a: Toxapex|79\/100\n|\n|-heal|p1a: Heatran|80\/100 tox|[from] item: Leftovers\n|-damage|p1a: Heatran|55\/100 tox|[from] psn\n|upkeep\n|turn|30\n|\n|t:|1700088459\n|move|p2a: Toxapex|Baneful Bunker|p2a: Toxapex\n|-singleturn|p2a: Toxapex|move: Protect\n|move|p1a: Heatran|Magma Storm|p2a: Toxapex\n|-activate|p2a: Toxapex|move: Protect\n|\n|-heal|p1a: Heatran|61\/100 tox|[from] item: Leftovers\n|-damage|p1a: Heatran|30\/100 tox|[from] psn\n|upkeep\n|turn|31\n|\n|t:|1700088471\n|switch|p1a: Kingambit|Kingambit, M|100\/100\n|-activate|p1a: Kingambit|ability: Supreme Overlord\n|-start|p1a: Kingambit|fallen3|[silent]\n|move|p2a: Toxapex|Surf|p1a: Kingambit\n|-damage|p1a: Kingambit|81\/100\n|\n|-heal|p1a: Kingambit|87\/100|[from] item: Leftovers\n|upkeep\n|turn|32\n|\n|t:|1700088473\n|switch|p2a: Kingambit|Kingambit, F|33\/100\n|-damage|p2a: Kingambit|27\/100|[from] Stealth Rock\n|-activate|p2a: Kingambit|ability: Supreme Overlord\n|-start|p2a: Kingambit|fallen3|[silent]\n|move|p1a: Kingambit|Swords Dance|p1a: Kingambit\n|-boost|p1a: Kingambit|atk|2\n|\n|-heal|p1a: Kingambit|93\/100|[from] item: Leftovers\n|upkeep\n|turn|33\n|\n|t:|1700088480\n|move|p1a: Kingambit|Sucker Punch|p2a: Kingambit\n|-resisted|p2a: Kingambit\n|-damage|p2a: Kingambit|0 fnt\n|faint|p2a: Kingambit\n|-end|p2a: Kingambit|fallen3|[silent]\n|\n|-heal|p1a: Kingambit|99\/100|[from] item: Leftovers\n|upkeep\n|\n|t:|1700088483\n|switch|p2a: Meowscarada|Meowscarada, F|88\/100\n|-damage|p2a: Meowscarada|76\/100|[from] Stealth Rock\n|turn|34\n|\n|t:|1700088488\n|move|p1a: Kingambit|Sucker Punch|p2a: Meowscarada\n|-resisted|p2a: Meowscarada\n|-damage|p2a: Meowscarada|0 fnt\n|faint|p2a: Meowscarada\n|\n|-heal|p1a: Kingambit|100\/100|[from] item: Leftovers\n|upkeep\n|\n|t:|1700088490\n|switch|p2a: Toxapex|Toxapex, F, tera:Flying|100\/100\n|-damage|p2a: Toxapex|75\/100|[from] Stealth Rock\n|turn|35\n|\n|t:|1700088502\n|move|p1a: Kingambit|Iron Head|p2a: Toxapex\n|-damage|p2a: Toxapex|2\/100\n|move|p2a: Toxapex|Surf|p1a: Kingambit\n|-damage|p1a: Kingambit|82\/100\n|\n|-heal|p1a: Kingambit|88\/100|[from] item: Leftovers\n|upkeep\n|turn|36\n|\n|t:|1700088507\n|move|p1a: Kingambit|Sucker Punch|p2a: Toxapex\n|-damage|p2a: Toxapex|0 fnt\n|faint|p2a: Toxapex\n|\n|win|KOTONOHOUSE\n|raw|KOTONOHOUSE's rating: 1496 &rarr; <strong>1523<\/strong><br \/>(+27 for winning)\n|raw|CACHUMBO's rating: 1616 &rarr; <strong>1589<\/strong><br \/>(-27 for losing)\n|c|\u2606KOTONOHOUSE|gg\n|c|\u2606CACHUMBO|Gg\n|l|\u2606CACHUMBO\n","uploadtime":1700088522,"views":7,"p1id":"kotonohouse","p2id":"cachumbo","formatid":"gen9ou","rating":1523,"private":0,"password":""}