{"id":"gen9ou-1996717289","p1":"Flyingtaco43","p2":"Aggron","format":"[Gen 9] OU","log":"|j|\u2606Flyingtaco43\n|j|\u2606Aggron\n|t:|1700713823\n|gametype|singles\n|player|p1|Flyingtaco43|elesa|1725\n|player|p2|Aggron|pokefan-gen4|1885\n|teamsize|p1|6\n|teamsize|p2|6\n|gen|9\n|tier|[Gen 9] OU\n|rated|\n|rule|Sleep Clause Mod: Limit one foe put to sleep\n|rule|Species Clause: Limit one of each Pok\u00e9mon\n|rule|OHKO Clause: OHKO moves are banned\n|rule|Evasion Items Clause: Evasion items are banned\n|rule|Evasion Moves Clause: Evasion moves are banned\n|rule|Endless Battle Clause: Forcing endless battles is banned\n|rule|HP Percentage Mod: HP is shown in percentages\n|clearpoke\n|poke|p1|Kingambit, F|\n|poke|p1|Ceruledge, M|\n|poke|p1|Iron Valiant|\n|poke|p1|Ogerpon-Wellspring, F|\n|poke|p1|Glimmora, F|\n|poke|p1|Haxorus, M|\n|poke|p2|Sinistcha-Masterpiece|\n|poke|p2|Heatran, M|\n|poke|p2|Rillaboom, F|\n|poke|p2|Samurott-Hisui, F|\n|poke|p2|Tyranitar, F|\n|poke|p2|Pawmot, M|\n|teampreview\n|inactive|Battle timer is ON: inactive players will automatically lose when time's up. (requested by Aggron)\n|\n|t:|1700713833\n|start\n|switch|p1a: Glimmora|Glimmora, F|100\/100\n|switch|p2a: Pawmot|Pawmot, M|100\/100\n|turn|1\n|\n|t:|1700713835\n|move|p2a: Pawmot|Volt Switch|p1a: Glimmora\n|-damage|p1a: Glimmora|79\/100\n|\n|t:|1700713837\n|switch|p2a: Heatran|Heatran, M|100\/100|[from] Volt Switch\n|-item|p2a: Heatran|Air Balloon\n|move|p1a: Glimmora|Stealth Rock|p2a: Heatran\n|-sidestart|p2: Aggron|move: Stealth Rock\n|\n|upkeep\n|turn|2\n|\n|t:|1700713840\n|move|p1a: Glimmora|Power Gem|p2a: Heatran\n|-damage|p2a: Heatran|61\/100\n|-enditem|p2a: Heatran|Air Balloon\n|move|p2a: Heatran|Earth Power|p1a: Glimmora\n|-supereffective|p1a: Glimmora\n|-damage|p1a: Glimmora|0 fnt\n|faint|p1a: Glimmora\n|\n|upkeep\n|\n|t:|1700713852\n|switch|p1a: Iron Valiant|Iron Valiant|100\/100\n|-enditem|p1a: Iron Valiant|Booster Energy\n|-activate|p1a: Iron Valiant|ability: Quark Drive|[fromitem]\n|-start|p1a: Iron Valiant|quarkdrivespe\n|turn|3\n|\n|t:|1700713860\n|move|p1a: Iron Valiant|Swords Dance|p1a: Iron Valiant\n|-boost|p1a: Iron Valiant|atk|2\n|move|p2a: Heatran|Magma Storm|p1a: Iron Valiant\n|-damage|p1a: Iron Valiant|13\/100\n|-activate|p1a: Iron Valiant|move: Magma Storm|[of] p2a: Heatran\n|\n|-damage|p1a: Iron Valiant|1\/100|[from] move: Magma Storm|[partiallytrapped]\n|upkeep\n|turn|4\n|\n|t:|1700713874\n|move|p1a: Iron Valiant|Close Combat|p2a: Heatran\n|-supereffective|p2a: Heatran\n|-damage|p2a: Heatran|0 fnt\n|-unboost|p1a: Iron Valiant|def|1\n|-unboost|p1a: Iron Valiant|spd|1\n|faint|p2a: Heatran\n|\n|-end|p1a: Iron Valiant|Magma Storm|[partiallytrapped]|[silent]\n|upkeep\n|\n|t:|1700713882\n|switch|p2a: Rillaboom|Rillaboom, F, shiny|100\/100\n|-damage|p2a: Rillaboom|88\/100|[from] Stealth Rock\n|-fieldstart|move: Grassy Terrain|[from] ability: Grassy Surge|[of] p2a: Rillaboom\n|turn|5\n|\n|t:|1700713887\n|move|p2a: Rillaboom|Grassy Glide|p1a: Iron Valiant\n|-damage|p1a: Iron Valiant|0 fnt\n|faint|p1a: Iron Valiant\n|-end|p1a: Iron Valiant|Quark Drive|[silent]\n|\n|-heal|p2a: Rillaboom|94\/100|[from] Grassy Terrain\n|upkeep\n|\n|t:|1700713891\n|switch|p1a: Haxorus|Haxorus, M|100\/100\n|-ability|p1a: Haxorus|Mold Breaker\n|turn|6\n|\n|t:|1700713905\n|switch|p2a: Sinistcha|Sinistcha-Masterpiece|100\/100\n|move|p1a: Haxorus|Swords Dance|p1a: Haxorus\n|-boost|p1a: Haxorus|atk|2\n|\n|upkeep\n|turn|7\n|\n|t:|1700713911\n|move|p1a: Haxorus|Scale Shot|p2a: Sinistcha\n|-damage|p2a: Sinistcha|82\/100\n|-damage|p2a: Sinistcha|60\/100\n|-damage|p2a: Sinistcha|41\/100\n|-damage|p2a: Sinistcha|20\/100\n|-hitcount|p2a: Sinistcha|4\n|-unboost|p1a: Haxorus|def|1\n|-boost|p1a: Haxorus|spe|1\n|move|p2a: Sinistcha|Shadow Ball|p1a: Haxorus\n|-damage|p1a: Haxorus|50\/100\n|\n|-heal|p1a: Haxorus|56\/100|[from] Grassy Terrain\n|-heal|p2a: Sinistcha|26\/100|[from] Grassy Terrain\n|upkeep\n|turn|8\n|\n|t:|1700713923\n|move|p1a: Haxorus|Scale Shot|p2a: Sinistcha|[miss]\n|-miss|p1a: Haxorus|p2a: Sinistcha\n|move|p2a: Sinistcha|Strength Sap|p1a: Haxorus\n|-unboost|p1a: Haxorus|atk|1\n|-heal|p2a: Sinistcha|100\/100\n|\n|-heal|p1a: Haxorus|62\/100|[from] Grassy Terrain\n|upkeep\n|turn|9\n|\n|t:|1700713930\n|move|p1a: Haxorus|Swords Dance|p1a: Haxorus\n|-boost|p1a: Haxorus|atk|2\n|move|p2a: Sinistcha|Shadow Ball|p1a: Haxorus\n|-damage|p1a: Haxorus|8\/100\n|-unboost|p1a: Haxorus|spd|1\n|\n|-heal|p1a: Haxorus|14\/100|[from] Grassy Terrain\n|-fieldend|move: Grassy Terrain\n|upkeep\n|turn|10\n|\n|t:|1700713936\n|move|p1a: Haxorus|Scale Shot|p2a: Sinistcha\n|-damage|p2a: Sinistcha|74\/100\n|-damage|p2a: Sinistcha|51\/100\n|-damage|p2a: Sinistcha|24\/100\n|-damage|p2a: Sinistcha|0 fnt\n|faint|p2a: Sinistcha\n|-hitcount|p2: Sinistcha|4\n|-unboost|p1a: Haxorus|def|1\n|-boost|p1a: Haxorus|spe|1\n|\n|upkeep\n|\n|t:|1700713939\n|switch|p2a: Rillaboom|Rillaboom, F, shiny|94\/100\n|-damage|p2a: Rillaboom|82\/100|[from] Stealth Rock\n|-fieldstart|move: Grassy Terrain|[from] ability: Grassy Surge|[of] p2a: Rillaboom\n|turn|11\n|\n|t:|1700713943\n|move|p2a: Rillaboom|Grassy Glide|p1a: Haxorus\n|-resisted|p1a: Haxorus\n|-damage|p1a: Haxorus|0 fnt\n|faint|p1a: Haxorus\n|\n|-heal|p2a: Rillaboom|88\/100|[from] Grassy Terrain\n|upkeep\n|\n|t:|1700713951\n|switch|p1a: Kingambit|Kingambit, F|100\/100\n|-activate|p1a: Kingambit|ability: Supreme Overlord\n|-start|p1a: Kingambit|fallen3|[silent]\n|turn|12\n|\n|t:|1700713954\n|switch|p2a: Samurott|Samurott-Hisui, F|100\/100\n|move|p1a: Kingambit|Swords Dance|p1a: Kingambit\n|-boost|p1a: Kingambit|atk|2\n|\n|upkeep\n|turn|13\n|\n|t:|1700713958\n|-terastallize|p1a: Kingambit|Fairy\n|move|p2a: Samurott|Encore|p1a: Kingambit\n|-start|p1a: Kingambit|Encore\n|move|p1a: Kingambit|Swords Dance|p1a: Kingambit\n|-boost|p1a: Kingambit|atk|2\n|\n|upkeep\n|turn|14\n|\n|t:|1700713963\n|-end|p1a: Kingambit|fallen3|[silent]\n|switch|p1a: Ogerpon|Ogerpon-Wellspring, F|100\/100\n|move|p2a: Samurott|Ceaseless Edge|p1a: Ogerpon\n|-damage|p1a: Ogerpon|46\/100\n|-sidestart|p1: Flyingtaco43|Spikes\n|\n|-heal|p1a: Ogerpon|52\/100|[from] Grassy Terrain\n|upkeep\n|turn|15\n|\n|t:|1700713973\n|-terastallize|p2a: Samurott|Dark\n|move|p2a: Samurott|Sucker Punch|p1a: Ogerpon\n|-damage|p1a: Ogerpon|0 fnt\n|faint|p1a: Ogerpon\n|\n|-fieldend|move: Grassy Terrain\n|upkeep\n|\n|t:|1700713978\n|switch|p1a: Ceruledge|Ceruledge, M|100\/100\n|-item|p1a: Ceruledge|Air Balloon\n|turn|16\n|\n|t:|1700713991\n|switch|p2a: Tyranitar|Tyranitar, F|100\/100\n|-weather|Sandstorm|[from] ability: Sand Stream|[of] p2a: Tyranitar\n|move|p1a: Ceruledge|Bitter Blade|p2a: Tyranitar\n|-resisted|p2a: Tyranitar\n|-damage|p2a: Tyranitar|84\/100\n|\n|-weather|Sandstorm|[upkeep]\n|-damage|p1a: Ceruledge|94\/100|[from] Sandstorm\n|upkeep\n|turn|17\n|\n|t:|1700713997\n|move|p1a: Ceruledge|Swords Dance|p1a: Ceruledge\n|-boost|p1a: Ceruledge|atk|2\n|move|p2a: Tyranitar|Knock Off|p1a: Ceruledge\n|-supereffective|p1a: Ceruledge\n|-damage|p1a: Ceruledge|0 fnt\n|-enditem|p1a: Ceruledge|Air Balloon\n|faint|p1a: Ceruledge\n|\n|-weather|Sandstorm|[upkeep]\n|upkeep\n|\n|t:|1700713999\n|switch|p1a: Kingambit|Kingambit, F, tera:Fairy|100\/100\n|-damage|p1a: Kingambit|88\/100|[from] Spikes\n|-activate|p1a: Kingambit|ability: Supreme Overlord\n|-start|p1a: Kingambit|fallen5|[silent]\n|turn|18\n|\n|t:|1700714007\n|move|p1a: Kingambit|Tera Blast|p2a: Tyranitar|[anim] Tera Blast Fairy\n|-supereffective|p2a: Tyranitar\n|-damage|p2a: Tyranitar|0 fnt\n|faint|p2a: Tyranitar\n|\n|-weather|Sandstorm|[upkeep]\n|-damage|p1a: Kingambit|82\/100|[from] Sandstorm\n|-heal|p1a: Kingambit|88\/100|[from] item: Leftovers\n|upkeep\n|\n|t:|1700714012\n|switch|p2a: Rillaboom|Rillaboom, F, shiny|88\/100\n|-damage|p2a: Rillaboom|75\/100|[from] Stealth Rock\n|-fieldstart|move: Grassy Terrain|[from] ability: Grassy Surge|[of] p2a: Rillaboom\n|turn|19\n|\n|t:|1700714018\n|move|p2a: Rillaboom|Wood Hammer|p1a: Kingambit\n|-damage|p1a: Kingambit|0 fnt\n|faint|p1a: Kingambit\n|-end|p1a: Kingambit|fallen5|[silent]\n|-damage|p2a: Rillaboom|50\/100|[from] Recoil\n|\n|win|Aggron\n|raw|Flyingtaco43's rating: 1725 &rarr; <strong>1714<\/strong><br \/>(-11 for losing)\n|raw|Aggron's rating: 1885 &rarr; <strong>1896<\/strong><br \/>(+11 for winning)\n|l|\u2606Flyingtaco43\n|j| kingambit player\n","uploadtime":1700714028,"views":16,"p1id":"flyingtaco43","p2id":"aggron","formatid":"gen9ou","rating":1714,"private":0,"password":""}