{"id":"gen9ou-1993630951","p1":"FoodieTheFood","p2":"VahnNFG","format":"[Gen 9] OU","log":"|j|\u2606FoodieTheFood\n|j|\u2606VahnNFG\n|t:|1700339455\n|gametype|singles\n|player|p1|FoodieTheFood|iris-gen5bw2|1236\n|player|p2|VahnNFG|266|1193\n|teamsize|p1|6\n|teamsize|p2|6\n|gen|9\n|tier|[Gen 9] OU\n|rated|\n|rule|Sleep Clause Mod: Limit one foe put to sleep\n|rule|Species Clause: Limit one of each Pok\u00e9mon\n|rule|OHKO Clause: OHKO moves are banned\n|rule|Evasion Items Clause: Evasion items are banned\n|rule|Evasion Moves Clause: Evasion moves are banned\n|rule|Endless Battle Clause: Forcing endless battles is banned\n|rule|HP Percentage Mod: HP is shown in percentages\n|clearpoke\n|poke|p1|Glimmora, F|\n|poke|p1|Gholdengo|\n|poke|p1|Mimikyu, M|\n|poke|p1|Rillaboom, F|\n|poke|p1|Kingambit, M|\n|poke|p1|Iron Moth|\n|poke|p2|Gengar, M|\n|poke|p2|Arbok, F|\n|poke|p2|Hatterene, F|\n|poke|p2|Ribombee, F|\n|poke|p2|Cinderace, M|\n|poke|p2|Dragapult, M|\n|teampreview\n|\n|t:|1700339486\n|start\n|switch|p1a: Gholdengo|Gholdengo|100\/100\n|switch|p2a: Dragapult|Dragapult, M, shiny|100\/100\n|-item|p1a: Gholdengo|Air Balloon\n|turn|1\n|\n|t:|1700339492\n|-terastallize|p1a: Gholdengo|Fighting\n|move|p2a: Dragapult|Shadow Ball|p1a: Gholdengo\n|-damage|p1a: Gholdengo|54\/100\n|-enditem|p1a: Gholdengo|Air Balloon\n|move|p1a: Gholdengo|Shadow Ball|p2a: Dragapult\n|-supereffective|p2a: Dragapult\n|-damage|p2a: Dragapult|0 fnt\n|faint|p2a: Dragapult\n|\n|upkeep\n|\n|t:|1700339504\n|switch|p2a: Ribombee|Ribombee, F, shiny|100\/100\n|turn|2\n|\n|t:|1700339507\n|move|p2a: Ribombee|Sticky Web|p1a: Gholdengo\n|-sidestart|p1: FoodieTheFood|move: Sticky Web\n|move|p1a: Gholdengo|Make It Rain|p2a: Ribombee\n|-supereffective|p2a: Ribombee\n|-enditem|p2a: Ribombee|Focus Sash\n|-damage|p2a: Ribombee|1\/100\n|-unboost|p1a: Gholdengo|spa|1\n|\n|upkeep\n|turn|3\n|\n|t:|1700339510\n|move|p2a: Ribombee|Stun Spore|p1a: Gholdengo\n|-immune|p1a: Gholdengo|[from] ability: Good as Gold\n|move|p1a: Gholdengo|Shadow Ball|p2a: Ribombee\n|-damage|p2a: Ribombee|0 fnt\n|faint|p2a: Ribombee\n|\n|upkeep\n|\n|t:|1700339518\n|switch|p2a: Gengar|Gengar, M, shiny|100\/100\n|turn|4\n|\n|t:|1700339522\n|move|p2a: Gengar|Shadow Ball|p1a: Gholdengo\n|-damage|p1a: Gholdengo|0 fnt\n|faint|p1a: Gholdengo\n|\n|upkeep\n|\n|t:|1700339528\n|switch|p1a: Glimmora|Glimmora, F|100\/100\n|-activate|p1a: Glimmora|move: Sticky Web\n|-unboost|p1a: Glimmora|spe|1\n|turn|5\n|\n|t:|1700339532\n|move|p2a: Gengar|Shadow Ball|p1a: Glimmora\n|-damage|p1a: Glimmora|21\/100\n|move|p1a: Glimmora|Stealth Rock|p2a: Gengar\n|-sidestart|p2: VahnNFG|move: Stealth Rock\n|\n|upkeep\n|turn|6\n|\n|t:|1700339538\n|move|p2a: Gengar|Shadow Ball|p1a: Glimmora\n|-damage|p1a: Glimmora|0 fnt\n|faint|p1a: Glimmora\n|\n|upkeep\n|\n|t:|1700339543\n|switch|p1a: Mimikyu|Mimikyu, M|100\/100\n|-activate|p1a: Mimikyu|move: Sticky Web\n|-unboost|p1a: Mimikyu|spe|1\n|turn|7\n|\n|t:|1700339551\n|-terastallize|p2a: Gengar|Fighting\n|move|p2a: Gengar|Shadow Ball|p1a: Mimikyu\n|-activate|p1a: Mimikyu|ability: Disguise\n|-damage|p1a: Mimikyu|100\/100\n|-unboost|p1a: Mimikyu|spd|1\n|detailschange|p1a: Mimikyu|Mimikyu-Busted, M\n|-damage|p1a: Mimikyu|88\/100|[from] pokemon: Mimikyu-Busted\n|-enditem|p1a: Mimikyu|Red Card|[of] p2a: Gengar\n|drag|p2a: Cinderace|Cinderace, M, shiny|100\/100\n|-damage|p2a: Cinderace|76\/100|[from] Stealth Rock\n|move|p1a: Mimikyu|Shadow Claw|p2a: Cinderace\n|-damage|p2a: Cinderace|29\/100\n|\n|upkeep\n|turn|8\n|\n|t:|1700339567\n|move|p1a: Mimikyu|Shadow Sneak|p2a: Cinderace\n|-damage|p2a: Cinderace|2\/100\n|move|p2a: Cinderace|Pyro Ball|p1a: Mimikyu\n|-damage|p1a: Mimikyu|0 fnt\n|faint|p1a: Mimikyu\n|\n|upkeep\n|\n|t:|1700339571\n|switch|p1a: Rillaboom|Rillaboom, F|100\/100\n|-activate|p1a: Rillaboom|move: Sticky Web\n|-unboost|p1a: Rillaboom|spe|1\n|-fieldstart|move: Grassy Terrain|[from] ability: Grassy Surge|[of] p1a: Rillaboom\n|turn|9\n|\n|t:|1700339573\n|move|p1a: Rillaboom|Grassy Glide|p2a: Cinderace\n|-resisted|p2a: Cinderace\n|-damage|p2a: Cinderace|0 fnt\n|faint|p2a: Cinderace\n|\n|upkeep\n|\n|t:|1700339575\n|switch|p2a: Gengar|Gengar, M, shiny, tera:Fighting|100\/100\n|-damage|p2a: Gengar|94\/100|[from] Stealth Rock\n|turn|10\n|\n|t:|1700339580\n|switch|p1a: Kingambit|Kingambit, M|100\/100\n|-activate|p1a: Kingambit|ability: Supreme Overlord\n|-start|p1a: Kingambit|fallen3|[silent]\n|move|p2a: Gengar|Focus Blast|p1a: Kingambit|[miss]\n|-miss|p2a: Gengar|p1a: Kingambit\n|\n|-heal|p2a: Gengar|100\/100|[from] Grassy Terrain\n|upkeep\n|turn|11\n|\n|t:|1700339586\n|-end|p1a: Kingambit|fallen3|[silent]\n|switch|p1a: Rillaboom|Rillaboom, F|100\/100\n|-activate|p1a: Rillaboom|move: Sticky Web\n|-unboost|p1a: Rillaboom|spe|1\n|move|p2a: Gengar|Focus Blast|p1a: Rillaboom\n|-damage|p1a: Rillaboom|0 fnt\n|faint|p1a: Rillaboom\n|\n|upkeep\n|\n|t:|1700339588\n|switch|p1a: Iron Moth|Iron Moth|100\/100\n|-activate|p1a: Iron Moth|move: Sticky Web\n|-unboost|p1a: Iron Moth|spe|1\n|-enditem|p1a: Iron Moth|Booster Energy\n|-activate|p1a: Iron Moth|ability: Quark Drive|[fromitem]\n|-start|p1a: Iron Moth|quarkdrivespa\n|turn|12\n|\n|t:|1700339593\n|move|p2a: Gengar|Focus Blast|p1a: Iron Moth\n|-resisted|p1a: Iron Moth\n|-damage|p1a: Iron Moth|48\/100\n|move|p1a: Iron Moth|Agility|p1a: Iron Moth\n|-boost|p1a: Iron Moth|spe|2\n|\n|-heal|p1a: Iron Moth|54\/100|[from] Grassy Terrain\n|upkeep\n|turn|13\n|\n|t:|1700339607\n|move|p1a: Iron Moth|Fiery Dance|p2a: Gengar\n|-damage|p2a: Gengar|9\/100\n|move|p2a: Gengar|Focus Blast|p1a: Iron Moth\n|-resisted|p1a: Iron Moth\n|-damage|p1a: Iron Moth|5\/100\n|\n|-heal|p1a: Iron Moth|11\/100|[from] Grassy Terrain\n|-heal|p2a: Gengar|15\/100|[from] Grassy Terrain\n|-fieldend|move: Grassy Terrain\n|upkeep\n|turn|14\n|\n|t:|1700339612\n|move|p1a: Iron Moth|Fiery Dance|p2a: Gengar\n|-damage|p2a: Gengar|0 fnt\n|-boost|p1a: Iron Moth|spa|1\n|faint|p2a: Gengar\n|\n|upkeep\n|\n|t:|1700339615\n|switch|p2a: Arbok|Arbok, F, shiny|100\/100\n|-damage|p2a: Arbok|88\/100|[from] Stealth Rock\n|-ability|p2a: Arbok|Intimidate|boost\n|-unboost|p1a: Iron Moth|atk|1\n|turn|15\n|\n|t:|1700339621\n|move|p1a: Iron Moth|Fiery Dance|p2a: Arbok\n|-damage|p2a: Arbok|0 fnt\n|faint|p2a: Arbok\n|\n|upkeep\n|\n|t:|1700339623\n|switch|p2a: Hatterene|Hatterene, F, shiny|100\/100\n|-damage|p2a: Hatterene|88\/100|[from] Stealth Rock\n|turn|16\n|\n|t:|1700339628\n|move|p1a: Iron Moth|Fiery Dance|p2a: Hatterene\n|-damage|p2a: Hatterene|0 fnt\n|faint|p2a: Hatterene\n|\n|win|FoodieTheFood\n|raw|FoodieTheFood's rating: 1236 &rarr; <strong>1258<\/strong><br \/>(+22 for winning)\n|raw|VahnNFG's rating: 1193 &rarr; <strong>1171<\/strong><br \/>(-22 for losing)\n|l|\u2606VahnNFG\n","uploadtime":1700339638,"views":10,"p1id":"foodiethefood","p2id":"vahnnfg","formatid":"gen9ou","rating":1171,"private":0,"password":""}