{"id":"gen9ou-2000232598","p1":"Hanseiii","p2":"Luca_Barrett","format":"[Gen 9] OU","log":"|j|\u2606Hanseiii\n|j|\u2606Luca_Barrett\n|t:|1701175441\n|gametype|singles\n|player|p1|Hanseiii|palmer|\n|player|p2|Luca_Barrett|170|\n|teamsize|p1|6\n|teamsize|p2|6\n|gen|9\n|tier|[Gen 9] OU\n|rule|Sleep Clause Mod: Limit one foe put to sleep\n|rule|Species Clause: Limit one of each Pok\u00e9mon\n|rule|OHKO Clause: OHKO moves are banned\n|rule|Evasion Items Clause: Evasion items are banned\n|rule|Evasion Moves Clause: Evasion moves are banned\n|rule|Endless Battle Clause: Forcing endless battles is banned\n|rule|HP Percentage Mod: HP is shown in percentages\n|clearpoke\n|poke|p1|Sylveon, F|\n|poke|p1|Braviary, M|\n|poke|p1|Ceruledge, M|\n|poke|p1|Decidueye-Hisui, F|\n|poke|p1|Dondozo, M|\n|poke|p1|Hydreigon, M|\n|poke|p2|Heatran, F|\n|poke|p2|Greninja-*, M|\n|poke|p2|Toxapex, M|\n|poke|p2|Corviknight, M|\n|poke|p2|Sandslash, F|\n|poke|p2|Zapdos|\n|teampreview\n|\n|t:|1701175449\n|start\n|switch|p1a: Decidueye|Decidueye-Hisui, F|100\/100\n|switch|p2a: Sandslash|Sandslash, F|100\/100\n|turn|1\n|\n|t:|1701175457\n|-terastallize|p2a: Sandslash|Ground\n|move|p2a: Sandslash|Stealth Rock|p1a: Decidueye\n|-sidestart|p1: Hanseiii|move: Stealth Rock\n|move|p1a: Decidueye|Bulk Up|p1a: Decidueye\n|-boost|p1a: Decidueye|atk|1\n|-boost|p1a: Decidueye|def|1\n|\n|upkeep\n|turn|2\n|\n|t:|1701175467\n|move|p2a: Sandslash|Poison Jab|p1a: Decidueye\n|-supereffective|p1a: Decidueye\n|-damage|p1a: Decidueye|70\/100\n|move|p1a: Decidueye|Leaf Blade|p2a: Sandslash\n|-supereffective|p2a: Sandslash\n|-enditem|p2a: Sandslash|Focus Sash\n|-damage|p2a: Sandslash|1\/100\n|\n|upkeep\n|turn|3\n|\n|t:|1701175483\n|move|p2a: Sandslash|Poison Jab|p1a: Decidueye\n|-supereffective|p1a: Decidueye\n|-damage|p1a: Decidueye|42\/100\n|move|p1a: Decidueye|Bulk Up|p1a: Decidueye\n|-boost|p1a: Decidueye|atk|1\n|-boost|p1a: Decidueye|def|1\n|\n|upkeep\n|turn|4\n|\n|t:|1701175490\n|move|p2a: Sandslash|Poison Jab|p1a: Decidueye\n|-supereffective|p1a: Decidueye\n|-damage|p1a: Decidueye|20\/100\n|-status|p1a: Decidueye|psn\n|move|p1a: Decidueye|Leaf Blade|p2a: Sandslash\n|-supereffective|p2a: Sandslash\n|-damage|p2a: Sandslash|0 fnt\n|faint|p2a: Sandslash\n|\n|-damage|p1a: Decidueye|8\/100 psn|[from] psn\n|upkeep\n|\n|t:|1701175520\n|switch|p2a: Corviknight|Corviknight, M|100\/100\n|-ability|p2a: Corviknight|Pressure\n|turn|5\n|\n|t:|1701175525\n|move|p2a: Corviknight|Protect|p2a: Corviknight\n|-singleturn|p2a: Corviknight|Protect\n|move|p1a: Decidueye|Brick Break|p2a: Corviknight\n|-activate|p2a: Corviknight|move: Protect\n|\n|-damage|p1a: Decidueye|0 fnt|[from] psn\n|faint|p1a: Decidueye\n|upkeep\n|\n|t:|1701175543\n|switch|p1a: Dondozo|Dondozo, M|100\/100\n|turn|6\n|\n|t:|1701175559\n|move|p2a: Corviknight|Hurricane|p1a: Dondozo\n|-damage|p1a: Dondozo|73\/100\n|move|p1a: Dondozo|Yawn|p2a: Corviknight\n|-start|p2a: Corviknight|move: Yawn|[of] p1a: Dondozo\n|\n|upkeep\n|turn|7\n|\n|t:|1701175571\n|switch|p2a: Toxapex|Toxapex, M|100\/100\n|move|p1a: Dondozo|Earthquake|p2a: Toxapex\n|-supereffective|p2a: Toxapex\n|-damage|p2a: Toxapex|65\/100\n|\n|-heal|p2a: Toxapex|71\/100|[from] item: Black Sludge\n|upkeep\n|turn|8\n|\n|t:|1701175580\n|move|p2a: Toxapex|Toxic Spikes|p1a: Dondozo\n|-sidestart|p1: Hanseiii|move: Toxic Spikes\n|move|p1a: Dondozo|Earthquake|p2a: Toxapex\n|-supereffective|p2a: Toxapex\n|-damage|p2a: Toxapex|40\/100\n|\n|-heal|p2a: Toxapex|46\/100|[from] item: Black Sludge\n|upkeep\n|turn|9\n|\n|t:|1701175587\n|move|p2a: Toxapex|Recover|p2a: Toxapex\n|-heal|p2a: Toxapex|96\/100\n|move|p1a: Dondozo|Earthquake|p2a: Toxapex\n|-supereffective|p2a: Toxapex\n|-damage|p2a: Toxapex|62\/100\n|\n|-heal|p2a: Toxapex|69\/100|[from] item: Black Sludge\n|upkeep\n|turn|10\n|\n|t:|1701175599\n|move|p2a: Toxapex|Toxic|p1a: Dondozo\n|-status|p1a: Dondozo|tox\n|move|p1a: Dondozo|Yawn|p2a: Toxapex\n|-start|p2a: Toxapex|move: Yawn|[of] p1a: Dondozo\n|\n|-heal|p2a: Toxapex|75\/100|[from] item: Black Sludge\n|-damage|p1a: Dondozo|67\/100 tox|[from] psn\n|upkeep\n|turn|11\n|\n|t:|1701175611\n|switch|p2a: Zapdos|Zapdos|100\/100\n|-ability|p2a: Zapdos|Pressure\n|move|p1a: Dondozo|Earthquake|p2a: Zapdos\n|-immune|p2a: Zapdos\n|\n|-damage|p1a: Dondozo|54\/100 tox|[from] psn\n|upkeep\n|turn|12\n|\n|t:|1701175622\n|move|p2a: Zapdos|Thunderbolt|p1a: Dondozo\n|-supereffective|p1a: Dondozo\n|-damage|p1a: Dondozo|0 fnt\n|faint|p1a: Dondozo\n|\n|upkeep\n|\n|t:|1701175664\n|switch|p1a: Hydreigon|Hydreigon, M|100\/100\n|-damage|p1a: Hydreigon|88\/100|[from] Stealth Rock\n|turn|13\n|\n|t:|1701175682\n|move|p1a: Hydreigon|Dragon Dance|p1a: Hydreigon\n|-boost|p1a: Hydreigon|atk|1\n|-boost|p1a: Hydreigon|spe|1\n|move|p2a: Zapdos|U-turn|p1a: Hydreigon\n|-supereffective|p1a: Hydreigon\n|-damage|p1a: Hydreigon|53\/100\n|\n|t:|1701175710\n|switch|p2a: Greninja|Greninja, M|100\/100|[from] U-turn\n|\n|-heal|p1a: Hydreigon|59\/100|[from] item: Leftovers\n|upkeep\n|turn|14\n|\n|t:|1701175716\n|move|p1a: Hydreigon|Draco Meteor|p2a: Greninja\n|-enditem|p2a: Greninja|Focus Sash\n|-damage|p2a: Greninja|1\/100\n|-unboost|p1a: Hydreigon|spa|2\n|move|p2a: Greninja|Swords Dance|p2a: Greninja\n|-boost|p2a: Greninja|atk|2\n|\n|-heal|p1a: Hydreigon|65\/100|[from] item: Leftovers\n|upkeep\n|turn|15\n|\n|t:|1701175727\n|move|p1a: Hydreigon|Crunch|p2a: Greninja\n|-resisted|p2a: Greninja\n|-damage|p2a: Greninja|0 fnt\n|faint|p2a: Greninja\n|\n|-heal|p1a: Hydreigon|72\/100|[from] item: Leftovers\n|upkeep\n|\n|t:|1701175748\n|switch|p2a: Corviknight|Corviknight, M|100\/100\n|-ability|p2a: Corviknight|Pressure\n|turn|16\n|\n|t:|1701175762\n|move|p1a: Hydreigon|Flamethrower|p2a: Corviknight\n|-supereffective|p2a: Corviknight\n|-crit|p2a: Corviknight\n|-damage|p2a: Corviknight|0 fnt\n|faint|p2a: Corviknight\n|\n|-heal|p1a: Hydreigon|78\/100|[from] item: Leftovers\n|upkeep\n|\n|t:|1701175775\n|switch|p2a: Heatran|Heatran, F|100\/100\n|turn|17\n|\n|t:|1701175790\n|move|p1a: Hydreigon|Dragon Dance|p1a: Hydreigon\n|-boost|p1a: Hydreigon|atk|1\n|-boost|p1a: Hydreigon|spe|1\n|move|p2a: Heatran|Fire Blast|p1a: Hydreigon\n|-resisted|p1a: Hydreigon\n|-damage|p1a: Hydreigon|45\/100\n|\n|-heal|p1a: Hydreigon|51\/100|[from] item: Leftovers\n|upkeep\n|turn|18\n|\n|t:|1701175800\n|move|p1a: Hydreigon|Draco Meteor|p2a: Heatran|[miss]\n|-miss|p1a: Hydreigon|p2a: Heatran\n|move|p2a: Heatran|Body Slam|p1a: Hydreigon\n|-damage|p1a: Hydreigon|32\/100\n|-status|p1a: Hydreigon|par\n|\n|-heal|p1a: Hydreigon|38\/100 par|[from] item: Leftovers\n|upkeep\n|turn|19\n|\n|t:|1701175814\n|move|p1a: Hydreigon|Draco Meteor|p2a: Heatran\n|-resisted|p2a: Heatran\n|-damage|p2a: Heatran|85\/100\n|-unboost|p1a: Hydreigon|spa|2\n|move|p2a: Heatran|Fire Blast|p1a: Hydreigon\n|-resisted|p1a: Hydreigon\n|-damage|p1a: Hydreigon|5\/100 par\n|\n|-heal|p1a: Hydreigon|11\/100 par|[from] item: Leftovers\n|upkeep\n|turn|20\n|\n|t:|1701175831\n|move|p1a: Hydreigon|Flamethrower|p2a: Heatran\n|-start|p2a: Heatran|ability: Flash Fire\n|move|p2a: Heatran|Earth Power|p1a: Hydreigon\n|-immune|p1a: Hydreigon|[from] ability: Levitate\n|\n|-heal|p1a: Hydreigon|17\/100 par|[from] item: Leftovers\n|upkeep\n|turn|21\n|\n|t:|1701175841\n|cant|p1a: Hydreigon|par\n|move|p2a: Heatran|Fire Blast|p1a: Hydreigon\n|-resisted|p1a: Hydreigon\n|-damage|p1a: Hydreigon|0 fnt\n|faint|p1a: Hydreigon\n|\n|upkeep\n|\n|t:|1701175861\n|switch|p1a: Ceruledge|Ceruledge, M|100\/100\n|-damage|p1a: Ceruledge|76\/100|[from] Stealth Rock\n|-status|p1a: Ceruledge|psn\n|turn|22\n|\n|t:|1701175885\n|move|p1a: Ceruledge|Swords Dance|p1a: Ceruledge\n|-boost|p1a: Ceruledge|atk|2\n|move|p2a: Heatran|Earth Power|p1a: Ceruledge\n|-supereffective|p1a: Ceruledge\n|-damage|p1a: Ceruledge|0 fnt\n|faint|p1a: Ceruledge\n|\n|upkeep\n|\n|t:|1701175896\n|switch|p1a: Sylveon|Sylveon, F|100\/100\n|-damage|p1a: Sylveon|88\/100|[from] Stealth Rock\n|-status|p1a: Sylveon|psn\n|turn|23\n|\n|t:|1701175905\n|move|p2a: Heatran|Heavy Slam|p1a: Sylveon\n|-supereffective|p1a: Sylveon\n|-damage|p1a: Sylveon|27\/100 psn\n|move|p1a: Sylveon|Yawn|p2a: Heatran\n|-start|p2a: Heatran|move: Yawn|[of] p1a: Sylveon\n|\n|-damage|p1a: Sylveon|15\/100 psn|[from] psn\n|upkeep\n|turn|24\n|\n|t:|1701175926\n|move|p1a: Sylveon|Protect|p1a: Sylveon\n|-singleturn|p1a: Sylveon|Protect\n|move|p2a: Heatran|Heavy Slam|p1a: Sylveon\n|-activate|p1a: Sylveon|move: Protect\n|\n|-damage|p1a: Sylveon|2\/100 psn|[from] psn\n|-end|p2a: Heatran|move: Yawn|[silent]\n|-status|p2a: Heatran|slp\n|upkeep\n|turn|25\n|\n|t:|1701175938\n|-end|p2a: Heatran|ability: Flash Fire|[silent]\n|switch|p2a: Zapdos|Zapdos|100\/100\n|-ability|p2a: Zapdos|Pressure\n|move|p1a: Sylveon|Rain Dance|p1a: Sylveon\n|-weather|RainDance\n|\n|-weather|RainDance|[upkeep]\n|-damage|p1a: Sylveon|0 fnt|[from] psn\n|faint|p1a: Sylveon\n|upkeep\n|\n|t:|1701175948\n|switch|p1a: Braviary|Braviary, M|100\/100\n|-damage|p1a: Braviary|76\/100|[from] Stealth Rock\n|turn|26\n|\n|t:|1701175963\n|move|p1a: Braviary|Hurricane|p2a: Zapdos\n|-resisted|p2a: Zapdos\n|-damage|p2a: Zapdos|85\/100\n|move|p2a: Zapdos|Thunderbolt|p1a: Braviary\n|-supereffective|p1a: Braviary\n|-damage|p1a: Braviary|0 fnt\n|faint|p1a: Braviary\n|\n|win|Luca_Barrett\n|l|\u2606Hanseiii\n","uploadtime":1701175985,"views":2,"p1id":"hanseiii","p2id":"lucabarrett","formatid":"gen9ou","rating":0,"private":0,"password":""}