{"id":"gen9ou-1995220692","p1":"Jamel1","p2":"Aggron","format":"[Gen 9] OU","log":"|j|\u2606Jamel1\n|j|\u2606Aggron\n|t:|1700536251\n|gametype|singles\n|player|p1|Jamel1|cyrus|1812\n|player|p2|Aggron|pokefan-gen4|1820\n|teamsize|p1|6\n|teamsize|p2|6\n|gen|9\n|tier|[Gen 9] OU\n|rated|\n|rule|Sleep Clause Mod: Limit one foe put to sleep\n|rule|Species Clause: Limit one of each Pok\u00e9mon\n|rule|OHKO Clause: OHKO moves are banned\n|rule|Evasion Items Clause: Evasion items are banned\n|rule|Evasion Moves Clause: Evasion moves are banned\n|rule|Endless Battle Clause: Forcing endless battles is banned\n|rule|HP Percentage Mod: HP is shown in percentages\n|clearpoke\n|poke|p1|Jirachi|\n|poke|p1|Kommo-o, M|\n|poke|p1|Gyarados, M|\n|poke|p1|Armarouge, M|\n|poke|p1|Azumarill, M|\n|poke|p1|Ninetales-Alola, F|\n|poke|p2|Sinistcha-Masterpiece|\n|poke|p2|Heatran, M|\n|poke|p2|Rillaboom, F|\n|poke|p2|Samurott-Hisui, F|\n|poke|p2|Tyranitar, M|\n|poke|p2|Meowscarada, F|\n|teampreview\n|inactive|Battle timer is ON: inactive players will automatically lose when time's up. (requested by Aggron)\n|\n|t:|1700536262\n|start\n|switch|p1a: Azumarill|Azumarill, M|100\/100\n|switch|p2a: Meowscarada|Meowscarada, F|100\/100\n|turn|1\n|\n|t:|1700536271\n|move|p1a: Azumarill|Aqua Jet|p2a: Meowscarada\n|-resisted|p2a: Meowscarada\n|-damage|p2a: Meowscarada|79\/100\n|move|p2a: Meowscarada|U-turn|p1a: Azumarill\n|-start|p2a: Meowscarada|typechange|Bug|[from] ability: Protean\n|-resisted|p1a: Azumarill\n|-damage|p1a: Azumarill|85\/100\n|\n|t:|1700536277\n|switch|p2a: Rillaboom|Rillaboom, F, shiny|100\/100|[from] U-turn\n|-fieldstart|move: Grassy Terrain|[from] ability: Grassy Surge|[of] p2a: Rillaboom\n|\n|-heal|p1a: Azumarill|91\/100|[from] Grassy Terrain\n|upkeep\n|turn|2\n|\n|t:|1700536283\n|switch|p1a: Armarouge|Armarouge, M|100\/100\n|move|p2a: Rillaboom|Wood Hammer|p1a: Armarouge\n|-resisted|p1a: Armarouge\n|-damage|p1a: Armarouge|57\/100\n|-ability|p1a: Armarouge|Weak Armor|boost\n|-unboost|p1a: Armarouge|def|1\n|-boost|p1a: Armarouge|spe|2\n|-damage|p2a: Rillaboom|87\/100|[from] Recoil\n|\n|-heal|p1a: Armarouge|63\/100|[from] Grassy Terrain\n|-heal|p2a: Rillaboom|93\/100|[from] Grassy Terrain\n|upkeep\n|turn|3\n|\n|t:|1700536293\n|switch|p2a: Samurott|Samurott-Hisui, F|100\/100\n|move|p1a: Armarouge|Iron Defense|p1a: Armarouge\n|-boost|p1a: Armarouge|def|2\n|\n|-heal|p1a: Armarouge|69\/100|[from] Grassy Terrain\n|upkeep\n|turn|4\n|\n|t:|1700536299\n|move|p1a: Armarouge|Iron Defense|p1a: Armarouge\n|-boost|p1a: Armarouge|def|2\n|move|p2a: Samurott|Ceaseless Edge|p1a: Armarouge|[miss]\n|-miss|p2a: Samurott|p1a: Armarouge\n|\n|-heal|p1a: Armarouge|76\/100|[from] Grassy Terrain\n|upkeep\n|turn|5\n|\n|t:|1700536302\n|move|p1a: Armarouge|Aura Sphere|p2a: Samurott\n|-supereffective|p2a: Samurott\n|-damage|p2a: Samurott|31\/100\n|move|p2a: Samurott|Encore|p1a: Armarouge\n|-start|p1a: Armarouge|Encore\n|\n|-heal|p1a: Armarouge|82\/100|[from] Grassy Terrain\n|-heal|p2a: Samurott|37\/100|[from] Grassy Terrain\n|-fieldend|move: Grassy Terrain\n|upkeep\n|turn|6\n|\n|t:|1700536311\n|switch|p2a: Sinistcha|Sinistcha-Masterpiece|100\/100\n|move|p1a: Armarouge|Aura Sphere|p2a: Sinistcha\n|-immune|p2a: Sinistcha\n|\n|upkeep\n|turn|7\n|\n|t:|1700536319\n|switch|p1a: Ninetales|Ninetales-Alola, F|100\/100\n|-weather|Snow|[from] ability: Snow Warning|[of] p1a: Ninetales\n|move|p2a: Sinistcha|Shadow Ball|p1a: Ninetales\n|-damage|p1a: Ninetales|65\/100\n|-unboost|p1a: Ninetales|spd|1\n|\n|-weather|Snow|[upkeep]\n|upkeep\n|turn|8\n|\n|t:|1700536323\n|switch|p2a: Tyranitar|Tyranitar, M|100\/100\n|-weather|Sandstorm|[from] ability: Sand Stream|[of] p2a: Tyranitar\n|move|p1a: Ninetales|Aurora Veil||[still]\n|-fail|p1a: Ninetales\n|\n|-weather|Sandstorm|[upkeep]\n|-damage|p1a: Ninetales|59\/100|[from] Sandstorm\n|upkeep\n|turn|9\n|\n|t:|1700536333\n|move|p1a: Ninetales|Hypnosis|p2a: Tyranitar|[miss]\n|-miss|p1a: Ninetales|p2a: Tyranitar\n|move|p2a: Tyranitar|Knock Off|p1a: Ninetales\n|-resisted|p1a: Ninetales\n|-damage|p1a: Ninetales|21\/100\n|-enditem|p1a: Ninetales|Light Clay|[from] move: Knock Off|[of] p2a: Tyranitar\n|\n|-weather|Sandstorm|[upkeep]\n|-damage|p1a: Ninetales|15\/100|[from] Sandstorm\n|upkeep\n|turn|10\n|\n|t:|1700536349\n|move|p1a: Ninetales|Chilling Water|p2a: Tyranitar\n|-supereffective|p2a: Tyranitar\n|-damage|p2a: Tyranitar|86\/100\n|-unboost|p2a: Tyranitar|atk|1\n|move|p2a: Tyranitar|Knock Off|p1a: Ninetales\n|-resisted|p1a: Ninetales\n|-damage|p1a: Ninetales|0 fnt\n|faint|p1a: Ninetales\n|\n|-weather|Sandstorm|[upkeep]\n|upkeep\n|\n|t:|1700536352\n|switch|p1a: Kommo-o|Kommo-o, M|100\/100\n|turn|11\n|\n|t:|1700536355\n|move|p1a: Kommo-o|Substitute|p1a: Kommo-o\n|-start|p1a: Kommo-o|Substitute\n|-damage|p1a: Kommo-o|75\/100\n|move|p2a: Tyranitar|Ice Beam|p1a: Kommo-o\n|-supereffective|p1a: Kommo-o\n|-end|p1a: Kommo-o|Substitute\n|\n|-weather|Sandstorm|[upkeep]\n|-damage|p1a: Kommo-o|69\/100|[from] Sandstorm\n|upkeep\n|turn|12\n|\n|t:|1700536362\n|switch|p2a: Sinistcha|Sinistcha-Masterpiece|100\/100\n|move|p1a: Kommo-o|Clangorous Soul|p1a: Kommo-o\n|-boost|p1a: Kommo-o|atk|1\n|-boost|p1a: Kommo-o|def|1\n|-boost|p1a: Kommo-o|spa|1\n|-boost|p1a: Kommo-o|spd|1\n|-boost|p1a: Kommo-o|spe|1\n|-damage|p1a: Kommo-o|36\/100\n|\n|-weather|none\n|upkeep\n|turn|13\n|\n|t:|1700536366\n|switch|p2a: Tyranitar|Tyranitar, M|86\/100\n|-weather|Sandstorm|[from] ability: Sand Stream|[of] p2a: Tyranitar\n|move|p1a: Kommo-o|Substitute|p1a: Kommo-o\n|-start|p1a: Kommo-o|Substitute\n|-damage|p1a: Kommo-o|11\/100\n|-enditem|p1a: Kommo-o|Lansat Berry|[eat]\n|-start|p1a: Kommo-o|move: Focus Energy\n|\n|-weather|Sandstorm|[upkeep]\n|-damage|p1a: Kommo-o|5\/100|[from] Sandstorm\n|upkeep\n|turn|14\n|\n|t:|1700536370\n|switch|p2a: Sinistcha|Sinistcha-Masterpiece|100\/100\n|move|p1a: Kommo-o|Drain Punch|p2a: Sinistcha\n|-immune|p2a: Sinistcha\n|\n|-weather|Sandstorm|[upkeep]\n|-damage|p1a: Kommo-o|0 fnt|[from] Sandstorm\n|-damage|p2a: Sinistcha|94\/100|[from] Sandstorm\n|faint|p1a: Kommo-o\n|upkeep\n|\n|t:|1700536376\n|switch|p1a: Jirachi|Jirachi|100\/100\n|turn|15\n|\n|t:|1700536383\n|switch|p2a: Meowscarada|Meowscarada, F|79\/100\n|move|p1a: Jirachi|Cosmic Power|p1a: Jirachi\n|-boost|p1a: Jirachi|def|1\n|-boost|p1a: Jirachi|spd|1\n|\n|-weather|Sandstorm|[upkeep]\n|-damage|p2a: Meowscarada|73\/100|[from] Sandstorm\n|upkeep\n|turn|16\n|\n|t:|1700536388\n|move|p2a: Meowscarada|Trick|p1a: Jirachi\n|-start|p2a: Meowscarada|typechange|Psychic|[from] ability: Protean\n|-activate|p2a: Meowscarada|move: Trick|[of] p1a: Jirachi\n|-item|p1a: Jirachi|Choice Scarf|[from] move: Trick\n|-item|p2a: Meowscarada|Weakness Policy|[from] move: Trick\n|move|p1a: Jirachi|Thunder|p2a: Meowscarada\n|-damage|p2a: Meowscarada|28\/100\n|\n|-weather|Sandstorm|[upkeep]\n|-damage|p2a: Meowscarada|22\/100|[from] Sandstorm\n|upkeep\n|turn|17\n|\n|t:|1700536397\n|move|p1a: Jirachi|Thunder|p2a: Meowscarada\n|-damage|p2a: Meowscarada|0 fnt\n|faint|p2a: Meowscarada\n|\n|-weather|none\n|upkeep\n|\n|t:|1700536403\n|switch|p2a: Heatran|Heatran, M|100\/100\n|-item|p2a: Heatran|Air Balloon\n|turn|18\n|\n|t:|1700536406\n|move|p1a: Jirachi|Thunder|p2a: Heatran|[miss]\n|-miss|p1a: Jirachi|p2a: Heatran\n|move|p2a: Heatran|Stealth Rock|p1a: Jirachi\n|-sidestart|p1: Jamel1|move: Stealth Rock\n|\n|upkeep\n|turn|19\n|j| juancalcetin\n|\n|t:|1700536412\n|move|p1a: Jirachi|Thunder|p2a: Heatran\n|-damage|p2a: Heatran|67\/100\n|-enditem|p2a: Heatran|Air Balloon\n|move|p2a: Heatran|Magma Storm|p1a: Jirachi\n|-supereffective|p1a: Jirachi\n|-damage|p1a: Jirachi|38\/100\n|-activate|p1a: Jirachi|move: Magma Storm|[of] p2a: Heatran\n|\n|-damage|p1a: Jirachi|26\/100|[from] move: Magma Storm|[partiallytrapped]\n|upkeep\n|turn|20\n|\n|t:|1700536418\n|move|p1a: Jirachi|Thunder|p2a: Heatran\n|-damage|p2a: Heatran|36\/100\n|move|p2a: Heatran|Earth Power|p1a: Jirachi\n|-supereffective|p1a: Jirachi\n|-damage|p1a: Jirachi|0 fnt\n|faint|p1a: Jirachi\n|\n|upkeep\n|\n|t:|1700536427\n|switch|p1a: Azumarill|Azumarill, M|91\/100\n|-damage|p1a: Azumarill|79\/100|[from] Stealth Rock\n|turn|21\n|\n|t:|1700536432\n|move|p2a: Heatran|Taunt|p1a: Azumarill\n|-start|p1a: Azumarill|move: Taunt\n|cant|p1a: Azumarill|move: Taunt|Belly Drum\n|\n|upkeep\n|turn|22\n|\n|t:|1700536435\n|move|p1a: Azumarill|Aqua Jet|p2a: Heatran\n|-supereffective|p2a: Heatran\n|-damage|p2a: Heatran|0 fnt\n|faint|p2a: Heatran\n|\n|upkeep\n|\n|t:|1700536438\n|switch|p2a: Rillaboom|Rillaboom, F, shiny|93\/100\n|-fieldstart|move: Grassy Terrain|[from] ability: Grassy Surge|[of] p2a: Rillaboom\n|turn|23\n|\n|t:|1700536460\n|switch|p1a: Gyarados|Gyarados, M, shiny|100\/100\n|-damage|p1a: Gyarados|76\/100|[from] Stealth Rock\n|-terastallize|p2a: Rillaboom|Grass\n|move|p2a: Rillaboom|Grassy Glide|p1a: Gyarados\n|-damage|p1a: Gyarados|0 fnt\n|faint|p1a: Gyarados\n|\n|-heal|p2a: Rillaboom|99\/100|[from] Grassy Terrain\n|upkeep\n|\n|t:|1700536463\n|switch|p1a: Armarouge|Armarouge, M|82\/100\n|-damage|p1a: Armarouge|57\/100|[from] Stealth Rock\n|turn|24\n|\n|t:|1700536468\n|switch|p2a: Samurott|Samurott-Hisui, F|37\/100\n|move|p1a: Armarouge|Calm Mind|p1a: Armarouge\n|-boost|p1a: Armarouge|spa|1\n|-boost|p1a: Armarouge|spd|1\n|\n|-heal|p2a: Samurott|43\/100|[from] Grassy Terrain\n|-heal|p1a: Armarouge|63\/100|[from] Grassy Terrain\n|upkeep\n|turn|25\n|\n|t:|1700536473\n|move|p2a: Samurott|Encore|p1a: Armarouge\n|-start|p1a: Armarouge|Encore\n|move|p1a: Armarouge|Calm Mind|p1a: Armarouge\n|-boost|p1a: Armarouge|spa|1\n|-boost|p1a: Armarouge|spd|1\n|\n|-heal|p2a: Samurott|49\/100|[from] Grassy Terrain\n|-heal|p1a: Armarouge|69\/100|[from] Grassy Terrain\n|upkeep\n|turn|26\n|\n|t:|1700536478\n|switch|p1a: Azumarill|Azumarill, M|79\/100\n|-damage|p1a: Azumarill|66\/100|[from] Stealth Rock\n|move|p2a: Samurott|Ceaseless Edge|p1a: Azumarill|[miss]\n|-miss|p2a: Samurott|p1a: Azumarill\n|\n|-heal|p2a: Samurott|56\/100|[from] Grassy Terrain\n|-heal|p1a: Azumarill|72\/100|[from] Grassy Terrain\n|upkeep\n|turn|27\n|\n|t:|1700536483\n|switch|p2a: Sinistcha|Sinistcha-Masterpiece|94\/100\n|move|p1a: Azumarill|Belly Drum|p1a: Azumarill\n|-damage|p1a: Azumarill|22\/100\n|-setboost|p1a: Azumarill|atk|6|[from] move: Belly Drum\n|-enditem|p1a: Azumarill|Sitrus Berry|[eat]\n|-heal|p1a: Azumarill|47\/100|[from] item: Sitrus Berry\n|\n|-heal|p2a: Sinistcha|100\/100|[from] Grassy Terrain\n|-heal|p1a: Azumarill|53\/100|[from] Grassy Terrain\n|-fieldend|move: Grassy Terrain\n|upkeep\n|turn|28\n|\n|t:|1700536487\n|move|p2a: Sinistcha|Matcha Gotcha|p1a: Azumarill|[miss]\n|-miss|p2a: Sinistcha|p1a: Azumarill\n|move|p1a: Azumarill|Play Rough|p2a: Sinistcha\n|-damage|p2a: Sinistcha|0 fnt\n|faint|p2a: Sinistcha\n|\n|upkeep\n|\n|t:|1700536491\n|switch|p2a: Rillaboom|Rillaboom, F, shiny, tera:Grass|99\/100\n|-fieldstart|move: Grassy Terrain|[from] ability: Grassy Surge|[of] p2a: Rillaboom\n|turn|29\n|\n|t:|1700536495\n|-terastallize|p1a: Azumarill|Grass\n|move|p2a: Rillaboom|Grassy Glide|p1a: Azumarill\n|-resisted|p1a: Azumarill\n|-damage|p1a: Azumarill|15\/100\n|move|p1a: Azumarill|Play Rough|p2a: Rillaboom\n|-damage|p2a: Rillaboom|0 fnt\n|faint|p2a: Rillaboom\n|\n|-heal|p1a: Azumarill|21\/100|[from] Grassy Terrain\n|upkeep\n|\n|t:|1700536501\n|switch|p2a: Samurott|Samurott-Hisui, F|56\/100\n|turn|30\n|\n|t:|1700536503\n|move|p2a: Samurott|Sucker Punch|p1a: Azumarill\n|-damage|p1a: Azumarill|0 fnt\n|faint|p1a: Azumarill\n|\n|-heal|p2a: Samurott|62\/100|[from] Grassy Terrain\n|upkeep\n|\n|t:|1700536505\n|switch|p1a: Armarouge|Armarouge, M|69\/100\n|-damage|p1a: Armarouge|44\/100|[from] Stealth Rock\n|turn|31\n|\n|t:|1700536509\n|move|p2a: Samurott|Ceaseless Edge|p1a: Armarouge|[miss]\n|-miss|p2a: Samurott|p1a: Armarouge\n|move|p1a: Armarouge|Iron Defense|p1a: Armarouge\n|-boost|p1a: Armarouge|def|2\n|\n|-heal|p2a: Samurott|68\/100|[from] Grassy Terrain\n|-heal|p1a: Armarouge|50\/100|[from] Grassy Terrain\n|upkeep\n|turn|32\n|\n|t:|1700536514\n|move|p2a: Samurott|Encore|p1a: Armarouge\n|-start|p1a: Armarouge|Encore\n|move|p1a: Armarouge|Iron Defense|p1a: Armarouge\n|-boost|p1a: Armarouge|def|2\n|\n|-heal|p2a: Samurott|74\/100|[from] Grassy Terrain\n|-heal|p1a: Armarouge|57\/100|[from] Grassy Terrain\n|upkeep\n|turn|33\n|\n|t:|1700536517\n|switch|p2a: Tyranitar|Tyranitar, M|86\/100\n|-weather|Sandstorm|[from] ability: Sand Stream|[of] p2a: Tyranitar\n|move|p1a: Armarouge|Iron Defense|p1a: Armarouge\n|-boost|p1a: Armarouge|def|2\n|\n|-weather|Sandstorm|[upkeep]\n|-damage|p1a: Armarouge|50\/100|[from] Sandstorm\n|-heal|p1a: Armarouge|57\/100|[from] Grassy Terrain\n|-heal|p2a: Tyranitar|92\/100|[from] Grassy Terrain\n|-fieldend|move: Grassy Terrain\n|upkeep\n|turn|34\n|\n|t:|1700536519\n|move|p1a: Armarouge|Iron Defense|p1a: Armarouge\n|-boost|p1a: Armarouge|def|0\n|move|p2a: Tyranitar|Rock Blast|p1a: Armarouge\n|-supereffective|p1a: Armarouge\n|-damage|p1a: Armarouge|52\/100\n|-ability|p1a: Armarouge|Weak Armor|boost\n|-unboost|p1a: Armarouge|def|1\n|-boost|p1a: Armarouge|spe|2\n|-enditem|p1a: Armarouge|Weakness Policy\n|-boost|p1a: Armarouge|atk|2|[from] item: Weakness Policy\n|-boost|p1a: Armarouge|spa|2|[from] item: Weakness Policy\n|-supereffective|p1a: Armarouge\n|-damage|p1a: Armarouge|46\/100\n|-ability|p1a: Armarouge|Weak Armor|boost\n|-unboost|p1a: Armarouge|def|1\n|-boost|p1a: Armarouge|spe|2\n|-hitcount|p1a: Armarouge|2\n|\n|-weather|Sandstorm|[upkeep]\n|-damage|p1a: Armarouge|40\/100|[from] Sandstorm\n|-end|p1a: Armarouge|Encore\n|upkeep\n|turn|35\n|\n|t:|1700536524\n|move|p1a: Armarouge|Aura Sphere|p2a: Tyranitar\n|-supereffective|p2a: Tyranitar\n|-damage|p2a: Tyranitar|3\/100\n|move|p2a: Tyranitar|Rock Blast|p1a: Armarouge\n|-supereffective|p1a: Armarouge\n|-damage|p1a: Armarouge|34\/100\n|-ability|p1a: Armarouge|Weak Armor|boost\n|-unboost|p1a: Armarouge|def|1\n|-boost|p1a: Armarouge|spe|2\n|-supereffective|p1a: Armarouge\n|-crit|p1a: Armarouge\n|-damage|p1a: Armarouge|8\/100\n|-ability|p1a: Armarouge|Weak Armor|boost\n|-unboost|p1a: Armarouge|def|1\n|-hitcount|p1a: Armarouge|2\n|\n|-weather|Sandstorm|[upkeep]\n|-damage|p1a: Armarouge|2\/100|[from] Sandstorm\n|upkeep\n|turn|36\n|\n|t:|1700536527\n|move|p1a: Armarouge|Aura Sphere|p2a: Tyranitar\n|-supereffective|p2a: Tyranitar\n|-damage|p2a: Tyranitar|0 fnt\n|faint|p2a: Tyranitar\n|\n|-weather|Sandstorm|[upkeep]\n|-damage|p1a: Armarouge|0 fnt|[from] Sandstorm\n|faint|p1a: Armarouge\n|\n|win|Aggron\n|upkeep\n|raw|Jamel1's rating: 1812 &rarr; <strong>1792<\/strong><br \/>(-20 for losing)\n|raw|Aggron's rating: 1820 &rarr; <strong>1840<\/strong><br \/>(+20 for winning)\n|l|\u2606Jamel1\n","uploadtime":1700536534,"views":30,"p1id":"jamel1","p2id":"aggron","formatid":"gen9ou","rating":1792,"private":0,"password":""}