{"id":"gen9ou-1999997646","p1":"Britzler","p2":"DooT241","format":"[Gen 9] OU","log":"|j|\u2606Britzler\n|j|\u2606DooT241\n|t:|1701139260\n|gametype|singles\n|player|p1|Britzler|juan|\n|player|p2|DooT241|roxie|\n|teamsize|p1|6\n|teamsize|p2|6\n|gen|9\n|tier|[Gen 9] OU\n|rule|Sleep Clause Mod: Limit one foe put to sleep\n|rule|Species Clause: Limit one of each Pok\u00e9mon\n|rule|OHKO Clause: OHKO moves are banned\n|rule|Evasion Items Clause: Evasion items are banned\n|rule|Evasion Moves Clause: Evasion moves are banned\n|rule|Endless Battle Clause: Forcing endless battles is banned\n|rule|HP Percentage Mod: HP is shown in percentages\n|clearpoke\n|poke|p1|Quaquaval, F|\n|poke|p1|Umbreon, M|\n|poke|p1|Electrode-Hisui|\n|poke|p1|Landorus-Therian, M|\n|poke|p1|Typhlosion-Hisui, M|\n|poke|p1|Tinkaton, F|\n|poke|p2|Persian, F|\n|poke|p2|Brambleghast, F|\n|poke|p2|Gyarados, M|\n|poke|p2|Rotom-Wash|\n|poke|p2|Kilowattrel, M|\n|poke|p2|Frosmoth, F|\n|teampreview\n|inactive|Battle timer is ON: inactive players will automatically lose when time's up. (requested by Britzler)\n|c|\u2606DooT241|I forgot to save the second replay\n|inactiveoff|Battle timer is now OFF.\n|c|\u2606Britzler|I think I still have it\n|\n|t:|1701139283\n|start\n|switch|p1a: In your Jaws|Electrode-Hisui|100\/100\n|switch|p2a: Persian|Persian, F|100\/100\n|turn|1\n|\n|t:|1701139309\n|move|p2a: Persian|Fake Out|p1a: In your Jaws\n|-damage|p1a: In your Jaws|53\/100\n|-damage|p2a: Persian|91\/100|[from] item: Life Orb\n|cant|p1a: In your Jaws|flinch\n|\n|upkeep\n|turn|2\n|\n|t:|1701139323\n|switch|p2a: Frosmoth|Frosmoth, F|100\/100\n|move|p1a: In your Jaws|Volt Switch|p2a: Frosmoth\n|-damage|p2a: Frosmoth|82\/100\n|\n|t:|1701139335\n|switch|p1a: Senorita Bonk|Tinkaton, F|100\/100|[from] Volt Switch\n|-ability|p1a: Senorita Bonk|Mold Breaker\n|\n|-heal|p2a: Frosmoth|88\/100|[from] item: Leftovers\n|upkeep\n|turn|3\n|\n|t:|1701139352\n|switch|p2a: Gyarados|Gyarados, M|100\/100\n|move|p1a: Senorita Bonk|Knock Off|p2a: Gyarados\n|-damage|p2a: Gyarados|77\/100\n|-enditem|p2a: Gyarados|Lum Berry|[from] move: Knock Off|[of] p1a: Senorita Bonk\n|\n|upkeep\n|turn|4\n|\n|t:|1701139400\n|switch|p1a: In your Jaws|Electrode-Hisui|53\/100\n|move|p2a: Gyarados|Dragon Dance|p2a: Gyarados\n|-boost|p2a: Gyarados|atk|1\n|-boost|p2a: Gyarados|spe|1\n|\n|upkeep\n|turn|5\n|\n|t:|1701139408\n|-terastallize|p2a: Gyarados|Ground\n|move|p2a: Gyarados|Dragon Dance|p2a: Gyarados\n|-boost|p2a: Gyarados|atk|1\n|-boost|p2a: Gyarados|spe|1\n|move|p1a: In your Jaws|Energy Ball|p2a: Gyarados\n|-supereffective|p2a: Gyarados\n|-damage|p2a: Gyarados|2\/100\n|\n|upkeep\n|turn|6\n|c|\u2606Britzler|I needed that\n|c|\u2606DooT241|yeah you did\n|\n|t:|1701139436\n|move|p2a: Gyarados|Earthquake|p1a: In your Jaws\n|-damage|p1a: In your Jaws|0 fnt\n|faint|p1a: In your Jaws\n|-ability|p2a: Gyarados|Moxie|boost\n|-boost|p2a: Gyarados|atk|1\n|\n|upkeep\n|\n|t:|1701139453\n|switch|p1a: James Charkes|Quaquaval, F|100\/100\n|turn|7\n|\n|t:|1701139475\n|move|p2a: Gyarados|Earthquake|p1a: James Charkes\n|-damage|p1a: James Charkes|0 fnt\n|faint|p1a: James Charkes\n|-ability|p2a: Gyarados|Moxie|boost\n|-boost|p2a: Gyarados|atk|1\n|\n|upkeep\n|\n|t:|1701139482\n|switch|p1a: Taco Bell|Typhlosion-Hisui, M, shiny|100\/100\n|turn|8\n|\n|t:|1701139490\n|move|p2a: Gyarados|Earthquake|p1a: Taco Bell\n|-supereffective|p1a: Taco Bell\n|-damage|p1a: Taco Bell|0 fnt\n|faint|p1a: Taco Bell\n|-ability|p2a: Gyarados|Moxie|boost\n|-boost|p2a: Gyarados|atk|1\n|\n|upkeep\n|\n|t:|1701139497\n|switch|p1a: Best Shiny Eevee|Umbreon, M, shiny|100\/100\n|turn|9\n|\n|t:|1701139500\n|move|p2a: Gyarados|Earthquake|p1a: Best Shiny Eevee\n|-damage|p1a: Best Shiny Eevee|0 fnt\n|faint|p1a: Best Shiny Eevee\n|-ability|p2a: Gyarados|Moxie|boost\n|-boost|p2a: Gyarados|atk|1\n|\n|upkeep\n|\n|t:|1701139508\n|switch|p1a: Gliscor at home|Landorus-Therian, M|100\/100\n|-ability|p1a: Gliscor at home|Intimidate|boost\n|-unboost|p2a: Gyarados|atk|1\n|turn|10\n|\n|t:|1701139513\n|move|p2a: Gyarados|Waterfall|p1a: Gliscor at home\n|-supereffective|p1a: Gliscor at home\n|-damage|p1a: Gliscor at home|0 fnt\n|faint|p1a: Gliscor at home\n|-ability|p2a: Gyarados|Moxie|boost\n|-boost|p2a: Gyarados|atk|1\n|\n|upkeep\n|\n|t:|1701139520\n|switch|p1a: Senorita Bonk|Tinkaton, F|100\/100\n|-ability|p1a: Senorita Bonk|Mold Breaker\n|turn|11\n|c|\u2606DooT241|gg\n|c|\u2606Britzler|Ggs\n|c|\u2606Britzler|wp\n|\n|t:|1701139528\n|move|p2a: Gyarados|Earthquake|p1a: Senorita Bonk\n|-supereffective|p1a: Senorita Bonk\n|-damage|p1a: Senorita Bonk|0 fnt\n|faint|p1a: Senorita Bonk\n|\n|win|DooT241\n|c|\u2606DooT241|that energy ball was risky\n","uploadtime":1701139535,"views":9,"p1id":"britzler","p2id":"doot241","formatid":"gen9ou","rating":0,"private":0,"password":""}