{"id":"gen9ou-1995646834","p1":"Vizsla_falconer","p2":"geen idea","format":"[Gen 9] OU","log":"|j|\u2606Vizsla_falconer\n|j|\u2606geen idea\n|t:|1700590487\n|gametype|singles\n|player|p1|Vizsla_falconer|265|1357\n|player|p2|geen idea|bellelba|1383\n|teamsize|p1|6\n|teamsize|p2|6\n|gen|9\n|tier|[Gen 9] OU\n|rated|\n|rule|Sleep Clause Mod: Limit one foe put to sleep\n|rule|Species Clause: Limit one of each Pok\u00e9mon\n|rule|OHKO Clause: OHKO moves are banned\n|rule|Evasion Items Clause: Evasion items are banned\n|rule|Evasion Moves Clause: Evasion moves are banned\n|rule|Endless Battle Clause: Forcing endless battles is banned\n|rule|HP Percentage Mod: HP is shown in percentages\n|clearpoke\n|poke|p1|Torkoal, F|\n|poke|p1|Walking Wake|\n|poke|p1|Scovillain, F|\n|poke|p1|Landorus-Therian, M|\n|poke|p1|Mimikyu, F|\n|poke|p1|Gholdengo|\n|poke|p2|Dondozo, M|\n|poke|p2|Iron Valiant|\n|poke|p2|Great Tusk|\n|poke|p2|Samurott-Hisui, F|\n|poke|p2|Zapdos|\n|poke|p2|Slowking-Galar, M|\n|teampreview\n|inactive|Battle timer is ON: inactive players will automatically lose when time's up. (requested by geen idea)\n|\n|t:|1700590506\n|start\n|switch|p1a: Landorus|Landorus-Therian, M|100\/100\n|switch|p2a: Samurott|Samurott-Hisui, F|100\/100\n|-ability|p1a: Landorus|Intimidate|boost\n|-unboost|p2a: Samurott|atk|1\n|turn|1\n|\n|t:|1700590517\n|move|p1a: Landorus|U-turn|p2a: Samurott\n|-supereffective|p2a: Samurott\n|-damage|p2a: Samurott|44\/100\n|\n|t:|1700590521\n|switch|p1a: Torkoal|Torkoal, F|100\/100|[from] U-turn\n|-weather|SunnyDay|[from] ability: Drought|[of] p1a: Torkoal\n|move|p2a: Samurott|Aqua Cutter|p1a: Torkoal\n|-supereffective|p1a: Torkoal\n|-damage|p1a: Torkoal|84\/100\n|\n|-weather|SunnyDay|[upkeep]\n|upkeep\n|turn|2\n|\n|t:|1700590532\n|switch|p2a: Slowking|Slowking-Galar, M|100\/100\n|move|p1a: Torkoal|Yawn|p2a: Slowking\n|-start|p2a: Slowking|move: Yawn|[of] p1a: Torkoal\n|\n|-weather|SunnyDay|[upkeep]\n|upkeep\n|turn|3\n|\n|t:|1700590540\n|switch|p2a: Samurott|Samurott-Hisui, F|44\/100\n|switch|p1a: Landorus|Landorus-Therian, M|100\/100\n|-ability|p1a: Landorus|Intimidate|boost\n|-unboost|p2a: Samurott|atk|1\n|\n|-weather|SunnyDay|[upkeep]\n|upkeep\n|turn|4\n|\n|t:|1700590549\n|switch|p2a: Slowking|Slowking-Galar, M|100\/100\n|move|p1a: Landorus|U-turn|p2a: Slowking\n|-damage|p2a: Slowking|77\/100\n|\n|t:|1700590569\n|switch|p1a: Gholdengo|Gholdengo|100\/100|[from] U-turn\n|\n|-weather|SunnyDay|[upkeep]\n|upkeep\n|turn|5\n|\n|t:|1700590576\n|move|p1a: Gholdengo|Substitute|p1a: Gholdengo\n|-start|p1a: Gholdengo|Substitute\n|-damage|p1a: Gholdengo|76\/100\n|move|p2a: Slowking|Hydro Pump|p1a: Gholdengo\n|-activate|p1a: Gholdengo|move: Substitute|[damage]\n|\n|-weather|SunnyDay|[upkeep]\n|-heal|p1a: Gholdengo|82\/100|[from] item: Leftovers\n|upkeep\n|turn|6\n|\n|t:|1700590587\n|switch|p2a: Dondozo|Dondozo, M|100\/100\n|move|p1a: Gholdengo|Nasty Plot|p1a: Gholdengo\n|-boost|p1a: Gholdengo|spa|2\n|\n|-weather|SunnyDay|[upkeep]\n|-heal|p1a: Gholdengo|88\/100|[from] item: Leftovers\n|upkeep\n|turn|7\n|\n|t:|1700590605\n|move|p1a: Gholdengo|Shadow Ball|p2a: Dondozo\n|-damage|p2a: Dondozo|57\/100\n|move|p2a: Dondozo|Liquidation|p1a: Gholdengo\n|-end|p1a: Gholdengo|Substitute\n|\n|-weather|SunnyDay|[upkeep]\n|-heal|p1a: Gholdengo|94\/100|[from] item: Leftovers\n|-heal|p2a: Dondozo|63\/100|[from] item: Leftovers\n|upkeep\n|turn|8\n|\n|t:|1700590625\n|switch|p2a: Great Tusk|Great Tusk|100\/100\n|-activate|p2a: Great Tusk|ability: Protosynthesis\n|-start|p2a: Great Tusk|protosynthesisatk\n|move|p1a: Gholdengo|Shadow Ball|p2a: Great Tusk\n|-damage|p2a: Great Tusk|0 fnt\n|faint|p2a: Great Tusk\n|-end|p2a: Great Tusk|Protosynthesis|[silent]\n|\n|-weather|none\n|-heal|p1a: Gholdengo|99\/100|[from] item: Leftovers\n|upkeep\n|-message|geen idea forfeited.\n|\n|win|Vizsla_falconer\n|raw|Vizsla_falconer's rating: 1357 &rarr; <strong>1378<\/strong><br \/>(+21 for winning)\n|raw|geen idea's rating: 1383 &rarr; <strong>1362<\/strong><br \/>(-21 for losing)\n|l|\u2606geen idea\n","uploadtime":1700590645,"views":9,"p1id":"vizslafalconer","p2id":"geenidea","formatid":"gen9ou","rating":1362,"private":0,"password":""}