{"id":"gen9ou-1990292595","p1":"1-Elfe-Libre","p2":"Melhar","format":"[Gen 9] OU","log":"|j|\u26061-Elfe-Libre\n|j|\u2606Melhar\n|t:|1699951927\n|gametype|singles\n|player|p1|1-Elfe-Libre|skierf|1292\n|player|p2|Melhar|265|1383\n|teamsize|p1|6\n|teamsize|p2|6\n|gen|9\n|tier|[Gen 9] OU\n|rated|\n|rule|Sleep Clause Mod: Limit one foe put to sleep\n|rule|Species Clause: Limit one of each Pok\u00e9mon\n|rule|OHKO Clause: OHKO moves are banned\n|rule|Evasion Items Clause: Evasion items are banned\n|rule|Evasion Moves Clause: Evasion moves are banned\n|rule|Endless Battle Clause: Forcing endless battles is banned\n|rule|HP Percentage Mod: HP is shown in percentages\n|clearpoke\n|poke|p1|Glimmora, F|\n|poke|p1|Ceruledge, F|\n|poke|p1|Ogerpon-Wellspring, F|\n|poke|p1|Greninja-*, M|\n|poke|p1|Gholdengo|\n|poke|p1|Krookodile, F|\n|poke|p2|Slowking-Galar, M|\n|poke|p2|Toxapex, F|\n|poke|p2|Dondozo, M|\n|poke|p2|Ting-Lu|\n|poke|p2|Haxorus, M|\n|poke|p2|Appletun, F|\n|teampreview\n|inactive|Battle timer is ON: inactive players will automatically lose when time's up. (requested by 1-Elfe-Libre)\n|\n|t:|1699951944\n|start\n|switch|p1a: Glimmora|Glimmora, F|100\/100\n|switch|p2a: Slowking|Slowking-Galar, M|100\/100\n|turn|1\n|\n|t:|1699951951\n|move|p1a: Glimmora|Stealth Rock|p2a: Slowking\n|-sidestart|p2: Melhar|move: Stealth Rock\n|move|p2a: Slowking|Future Sight|p1a: Glimmora\n|-start|p2a: Slowking|move: Future Sight\n|\n|upkeep\n|turn|2\n|\n|t:|1699951959\n|switch|p1a: Ogerpon|Ogerpon-Wellspring, F|100\/100\n|move|p2a: Slowking|Ice Beam|p1a: Ogerpon\n|-damage|p1a: Ogerpon|75\/100\n|\n|upkeep\n|turn|3\n|\n|t:|1699951969\n|switch|p1a: Krookodile|Krookodile, F|100\/100\n|switch|p2a: Appletun|Appletun, F|100\/100\n|-damage|p2a: Appletun|88\/100|[from] Stealth Rock\n|\n|-end|p1a: Krookodile|move: Future Sight\n|-immune|p1a: Krookodile\n|-heal|p2a: Appletun|94\/100|[from] item: Leftovers\n|upkeep\n|turn|4\n|\n|t:|1699951982\n|switch|p1a: Glimmora|Glimmora, F|100\/100\n|move|p2a: Appletun|Apple Acid|p1a: Glimmora\n|-damage|p1a: Glimmora|65\/100\n|-unboost|p1a: Glimmora|spd|1\n|\n|-heal|p2a: Appletun|99\/100|[from] item: Leftovers\n|upkeep\n|turn|5\n|\n|t:|1699952011\n|switch|p2a: Toxapex|Toxapex, F|100\/100\n|-damage|p2a: Toxapex|88\/100|[from] Stealth Rock\n|move|p1a: Glimmora|Mortal Spin|p2a: Toxapex\n|-resisted|p2a: Toxapex\n|-damage|p2a: Toxapex|86\/100\n|\n|-heal|p2a: Toxapex|92\/100|[from] item: Leftovers\n|upkeep\n|turn|6\n|\n|t:|1699952019\n|move|p1a: Glimmora|Energy Ball|p2a: Toxapex\n|-damage|p2a: Toxapex|71\/100\n|move|p2a: Toxapex|Toxic Spikes|p1a: Glimmora\n|-sidestart|p1: 1-Elfe-Libre|move: Toxic Spikes\n|\n|-heal|p2a: Toxapex|77\/100|[from] item: Leftovers\n|upkeep\n|turn|7\n|\n|t:|1699952024\n|move|p1a: Glimmora|Mortal Spin|p2a: Toxapex\n|-resisted|p2a: Toxapex\n|-damage|p2a: Toxapex|75\/100\n|-sideend|p1: 1-Elfe-Libre|Toxic Spikes|[from] move: Mortal Spin|[of] p1a: Glimmora\n|move|p2a: Toxapex|Chilling Water|p1a: Glimmora\n|-supereffective|p1a: Glimmora\n|-damage|p1a: Glimmora|21\/100\n|-unboost|p1a: Glimmora|atk|1\n|\n|-heal|p2a: Toxapex|81\/100|[from] item: Leftovers\n|upkeep\n|turn|8\n|\n|t:|1699952032\n|switch|p1a: Ogerpon|Ogerpon-Wellspring, F|75\/100\n|move|p2a: Toxapex|Toxic Spikes|p1a: Ogerpon\n|-sidestart|p1: 1-Elfe-Libre|move: Toxic Spikes\n|\n|-heal|p2a: Toxapex|87\/100|[from] item: Leftovers\n|upkeep\n|turn|9\n|\n|t:|1699952045\n|switch|p2a: Appletun|Appletun, F|99\/100\n|-damage|p2a: Appletun|88\/100|[from] Stealth Rock\n|move|p1a: Ogerpon|Knock Off|p2a: Appletun\n|-damage|p2a: Appletun|59\/100\n|-enditem|p2a: Appletun|Leftovers|[from] move: Knock Off|[of] p1a: Ogerpon\n|\n|upkeep\n|turn|10\n|\n|t:|1699952054\n|switch|p1a: Glimmora|Glimmora, F|21\/100\n|-sideend|p1: 1-Elfe-Libre|move: Toxic Spikes|[of] p1a: Glimmora\n|move|p2a: Appletun|Recover|p2a: Appletun\n|-heal|p2a: Appletun|100\/100\n|\n|upkeep\n|turn|11\n|\n|t:|1699952065\n|switch|p2a: Slowking|Slowking-Galar, M|100\/100\n|-damage|p2a: Slowking|88\/100|[from] Stealth Rock\n|move|p1a: Glimmora|Sludge Wave|p2a: Slowking\n|-resisted|p2a: Slowking\n|-damage|p2a: Slowking|77\/100\n|\n|upkeep\n|turn|12\n|l|\u26061-Elfe-Libre\n|inactive|1-Elfe-Libre disconnected and has a minute to reconnect!\n|player|p1|\n|j|\u26061-Elfe-Libre\n|inactive|1-Elfe-Libre reconnected and has 145 seconds left.\n|player|p1|1-Elfe-Libre|skierf\n|\n|t:|1699952078\n|switch|p1a: Ogerpon|Ogerpon-Wellspring, F|75\/100\n|move|p2a: Slowking|Future Sight|p1a: Ogerpon\n|-start|p2a: Slowking|move: Future Sight\n|\n|upkeep\n|turn|13\n|\n|t:|1699952085\n|switch|p2a: Appletun|Appletun, F|100\/100\n|-damage|p2a: Appletun|88\/100|[from] Stealth Rock\n|move|p1a: Ogerpon|Leech Seed|p2a: Appletun\n|-immune|p2a: Appletun\n|\n|upkeep\n|turn|14\n|\n|t:|1699952102\n|move|p1a: Ogerpon|Protect|p1a: Ogerpon\n|-singleturn|p1a: Ogerpon|Protect\n|move|p2a: Appletun|Apple Acid|p1a: Ogerpon\n|-activate|p1a: Ogerpon|move: Protect\n|\n|-end|p1a: Ogerpon|move: Future Sight\n|-damage|p1a: Ogerpon|22\/100\n|upkeep\n|turn|15\n|\n|t:|1699952119\n|switch|p1a: Gholdengo|Gholdengo|100\/100\n|move|p2a: Appletun|Apple Acid|p1a: Gholdengo\n|-resisted|p1a: Gholdengo\n|-crit|p1a: Gholdengo\n|-damage|p1a: Gholdengo|78\/100\n|-unboost|p1a: Gholdengo|spd|1\n|\n|upkeep\n|turn|16\n|\n|t:|1699952131\n|move|p1a: Gholdengo|Thunder Wave|p2a: Appletun\n|-status|p2a: Appletun|par\n|move|p2a: Appletun|Apple Acid|p1a: Gholdengo\n|-resisted|p1a: Gholdengo\n|-damage|p1a: Gholdengo|55\/100\n|-unboost|p1a: Gholdengo|spd|1\n|\n|upkeep\n|turn|17\n|\n|t:|1699952145\n|switch|p1a: Krookodile|Krookodile, F|100\/100\n|cant|p2a: Appletun|par\n|\n|upkeep\n|turn|18\n|\n|t:|1699952161\n|switch|p2a: Dondozo|Dondozo, M|100\/100\n|-damage|p2a: Dondozo|88\/100|[from] Stealth Rock\n|move|p1a: Krookodile|Earthquake|p2a: Dondozo\n|-damage|p2a: Dondozo|65\/100\n|\n|-heal|p2a: Dondozo|71\/100|[from] item: Leftovers\n|upkeep\n|turn|19\n|\n|t:|1699952168\n|switch|p1a: Ogerpon|Ogerpon-Wellspring, F|22\/100\n|move|p2a: Dondozo|Avalanche|p1a: Ogerpon\n|-crit|p1a: Ogerpon\n|-damage|p1a: Ogerpon|1\/100\n|\n|-heal|p2a: Dondozo|77\/100|[from] item: Leftovers\n|upkeep\n|turn|20\n|\n|t:|1699952186\n|switch|p2a: Toxapex|Toxapex, F|100\/100\n|-damage|p2a: Toxapex|88\/100|[from] Stealth Rock\n|move|p1a: Ogerpon|Knock Off|p2a: Toxapex\n|-damage|p2a: Toxapex|65\/100\n|-enditem|p2a: Toxapex|Leftovers|[from] move: Knock Off|[of] p1a: Ogerpon\n|\n|upkeep\n|turn|21\n|\n|t:|1699952196\n|move|p1a: Ogerpon|Protect|p1a: Ogerpon\n|-singleturn|p1a: Ogerpon|Protect\n|move|p2a: Toxapex|Toxic Spikes|p1a: Ogerpon\n|-sidestart|p1: 1-Elfe-Libre|move: Toxic Spikes\n|\n|upkeep\n|turn|22\n|\n|t:|1699952203\n|switch|p2a: Appletun|Appletun, F|88\/100 par\n|-damage|p2a: Appletun|75\/100 par|[from] Stealth Rock\n|move|p1a: Ogerpon|Encore||[still]\n|-fail|p1a: Ogerpon\n|\n|upkeep\n|turn|23\n|\n|t:|1699952215\n|move|p1a: Ogerpon|Protect|p1a: Ogerpon\n|-singleturn|p1a: Ogerpon|Protect\n|move|p2a: Appletun|Apple Acid|p1a: Ogerpon\n|-activate|p1a: Ogerpon|move: Protect\n|\n|upkeep\n|turn|24\n|\n|t:|1699952230\n|switch|p1a: Glimmora|Glimmora, F|21\/100\n|-sideend|p1: 1-Elfe-Libre|move: Toxic Spikes|[of] p1a: Glimmora\n|cant|p2a: Appletun|par\n|\n|upkeep\n|turn|25\n|inactive|Melhar has 120 seconds left.\n|\n|t:|1699952256\n|switch|p1a: Gholdengo|Gholdengo|55\/100\n|switch|p2a: Slowking|Slowking-Galar, M|100\/100\n|-damage|p2a: Slowking|88\/100|[from] Stealth Rock\n|\n|upkeep\n|turn|26\n|inactive|Melhar has 120 seconds left.\n|\n|t:|1699952264\n|move|p1a: Gholdengo|Thunder Wave|p2a: Slowking\n|-status|p2a: Slowking|par\n|cant|p2a: Slowking|par\n|\n|upkeep\n|turn|27\n|\n|t:|1699952275\n|switch|p1a: Krookodile|Krookodile, F|100\/100\n|cant|p2a: Slowking|par\n|\n|upkeep\n|turn|28\n|\n|t:|1699952291\n|switch|p2a: Appletun|Appletun, F|75\/100 par\n|-damage|p2a: Appletun|63\/100 par|[from] Stealth Rock\n|move|p1a: Krookodile|Earthquake|p2a: Appletun\n|-resisted|p2a: Appletun\n|-damage|p2a: Appletun|40\/100 par\n|\n|upkeep\n|turn|29\n|\n|t:|1699952301\n|switch|p1a: Ogerpon|Ogerpon-Wellspring, F|1\/100\n|move|p2a: Appletun|Recover|p2a: Appletun\n|-heal|p2a: Appletun|90\/100 par\n|\n|upkeep\n|turn|30\n|\n|t:|1699952308\n|move|p1a: Ogerpon|Encore|p2a: Appletun\n|-start|p2a: Appletun|Encore\n|move|p2a: Appletun|Recover|p2a: Appletun\n|-heal|p2a: Appletun|100\/100 par\n|\n|upkeep\n|turn|31\n|\n|t:|1699952322\n|switch|p2a: Toxapex|Toxapex, F|98\/100\n|-damage|p2a: Toxapex|86\/100|[from] Stealth Rock\n|move|p1a: Ogerpon|Leech Seed|p2a: Toxapex\n|-start|p2a: Toxapex|move: Leech Seed\n|\n|-damage|p2a: Toxapex|73\/100|[from] Leech Seed|[of] p1a: Ogerpon\n|-heal|p1a: Ogerpon|11\/100|[silent]\n|upkeep\n|turn|32\n|\n|t:|1699952333\n|switch|p1a: Glimmora|Glimmora, F|21\/100\n|move|p2a: Toxapex|Toxic Spikes|p1a: Glimmora\n|-sidestart|p1: 1-Elfe-Libre|move: Toxic Spikes\n|\n|-damage|p2a: Toxapex|61\/100|[from] Leech Seed|[of] p1a: Glimmora\n|-heal|p1a: Glimmora|34\/100|[silent]\n|upkeep\n|turn|33\n|\n|t:|1699952351\n|switch|p1a: Gholdengo|Gholdengo|55\/100\n|switch|p2a: Slowking|Slowking-Galar, M|100\/100 par\n|-damage|p2a: Slowking|88\/100 par|[from] Stealth Rock\n|\n|upkeep\n|turn|34\n|\n|t:|1699952359\n|move|p1a: Gholdengo|Shadow Ball|p2a: Slowking\n|-supereffective|p2a: Slowking\n|-damage|p2a: Slowking|48\/100 par\n|move|p2a: Slowking|Future Sight|p1a: Gholdengo\n|-start|p2a: Slowking|move: Future Sight\n|\n|upkeep\n|turn|35\n|\n|t:|1699952368\n|switch|p1a: Glimmora|Glimmora, F|34\/100\n|-sideend|p1: 1-Elfe-Libre|move: Toxic Spikes|[of] p1a: Glimmora\n|move|p2a: Slowking|Flamethrower|p1a: Glimmora\n|-resisted|p1a: Glimmora\n|-damage|p1a: Glimmora|15\/100\n|\n|upkeep\n|turn|36\n|\n|t:|1699952386\n|switch|p1a: Greninja|Greninja, M|100\/100\n|cant|p2a: Slowking|par\n|\n|-end|p1a: Greninja|move: Future Sight\n|-immune|p1a: Greninja\n|upkeep\n|turn|37\n|\n|t:|1699952404\n|switch|p2a: Toxapex|Toxapex, F|94\/100\n|-damage|p2a: Toxapex|81\/100|[from] Stealth Rock\n|move|p1a: Greninja|Dark Pulse|p2a: Toxapex\n|-damage|p2a: Toxapex|57\/100\n|\n|upkeep\n|turn|38\n|\n|t:|1699952410\n|move|p1a: Greninja|Dark Pulse|p2a: Toxapex\n|-damage|p2a: Toxapex|34\/100\n|move|p2a: Toxapex|Toxic Spikes|p1a: Greninja\n|-sidestart|p1: 1-Elfe-Libre|move: Toxic Spikes\n|\n|upkeep\n|turn|39\n|\n|t:|1699952416\n|move|p1a: Greninja|Dark Pulse|p2a: Toxapex\n|-damage|p2a: Toxapex|13\/100\n|move|p2a: Toxapex|Recover|p2a: Toxapex\n|-heal|p2a: Toxapex|63\/100\n|\n|upkeep\n|turn|40\n|\n|t:|1699952424\n|move|p1a: Greninja|Dark Pulse|p2a: Toxapex\n|-damage|p2a: Toxapex|38\/100\n|move|p2a: Toxapex|Chilling Water|p1a: Greninja\n|-resisted|p1a: Greninja\n|-crit|p1a: Greninja\n|-damage|p1a: Greninja|89\/100\n|-unboost|p1a: Greninja|atk|1\n|\n|upkeep\n|turn|41\n|\n|t:|1699952432\n|move|p1a: Greninja|Dark Pulse|p2a: Toxapex\n|-damage|p2a: Toxapex|16\/100\n|move|p2a: Toxapex|Recover|p2a: Toxapex\n|-heal|p2a: Toxapex|66\/100\n|\n|upkeep\n|turn|42\n|\n|t:|1699952441\n|switch|p2a: Ting-Lu|Ting-Lu|100\/100\n|-damage|p2a: Ting-Lu|94\/100|[from] Stealth Rock\n|-ability|p2a: Ting-Lu|Vessel of Ruin\n|move|p1a: Greninja|Dark Pulse|p2a: Ting-Lu\n|-resisted|p2a: Ting-Lu\n|-damage|p2a: Ting-Lu|87\/100\n|\n|-heal|p2a: Ting-Lu|93\/100|[from] item: Leftovers\n|upkeep\n|turn|43\n|\n|t:|1699952451\n|move|p1a: Greninja|Hydro Pump|p2a: Ting-Lu\n|-supereffective|p2a: Ting-Lu\n|-crit|p2a: Ting-Lu\n|-damage|p2a: Ting-Lu|18\/100\n|move|p2a: Ting-Lu|Ruination|p1a: Greninja|[miss]\n|-miss|p2a: Ting-Lu|p1a: Greninja\n|\n|-heal|p2a: Ting-Lu|25\/100|[from] item: Leftovers\n|upkeep\n|turn|44\n|\n|t:|1699952461\n|move|p2a: Ting-Lu|Protect|p2a: Ting-Lu\n|-singleturn|p2a: Ting-Lu|Protect\n|move|p1a: Greninja|Low Kick|p2a: Ting-Lu\n|-activate|p2a: Ting-Lu|move: Protect\n|\n|-heal|p2a: Ting-Lu|31\/100|[from] item: Leftovers\n|upkeep\n|turn|45\n|\n|t:|1699952473\n|switch|p2a: Slowking|Slowking-Galar, M|82\/100 par\n|-damage|p2a: Slowking|69\/100 par|[from] Stealth Rock\n|move|p1a: Greninja|Hydro Pump|p2a: Slowking|[miss]\n|-miss|p1a: Greninja|p2a: Slowking\n|\n|upkeep\n|turn|46\n|\n|t:|1699952481\n|move|p1a: Greninja|Dark Pulse|p2a: Slowking\n|-supereffective|p2a: Slowking\n|-damage|p2a: Slowking|37\/100 par\n|move|p2a: Slowking|Future Sight|p1a: Greninja\n|-start|p2a: Slowking|move: Future Sight\n|\n|upkeep\n|turn|47\n|\n|t:|1699952492\n|switch|p2a: Appletun|Appletun, F|100\/100 par\n|-damage|p2a: Appletun|88\/100 par|[from] Stealth Rock\n|move|p1a: Greninja|Dark Pulse|p2a: Appletun\n|-damage|p2a: Appletun|64\/100 par\n|\n|upkeep\n|turn|48\n|\n|t:|1699952506\n|move|p1a: Greninja|Dark Pulse|p2a: Appletun\n|-damage|p2a: Appletun|42\/100 par\n|move|p2a: Appletun|Apple Acid|p1a: Greninja\n|-supereffective|p1a: Greninja\n|-damage|p1a: Greninja|8\/100\n|-unboost|p1a: Greninja|spd|1\n|\n|-end|p1a: Greninja|move: Future Sight\n|-immune|p1a: Greninja\n|upkeep\n|turn|49\n|\n|t:|1699952512\n|move|p1a: Greninja|Dark Pulse|p2a: Appletun\n|-damage|p2a: Appletun|20\/100 par\n|move|p2a: Appletun|Recover|p2a: Appletun\n|-heal|p2a: Appletun|70\/100 par\n|\n|upkeep\n|turn|50\n|\n|t:|1699952525\n|move|p1a: Greninja|Dark Pulse|p2a: Appletun\n|-damage|p2a: Appletun|47\/100 par\n|move|p2a: Appletun|Body Slam|p1a: Greninja\n|-damage|p1a: Greninja|0 fnt\n|faint|p1a: Greninja\n|\n|upkeep\n|c|\u26061-Elfe-Libre|Para flinch \ud83d\udc4d\ud83c\udffc\n|\n|t:|1699952554\n|switch|p1a: Glimmora|Glimmora, F|15\/100\n|-sideend|p1: 1-Elfe-Libre|move: Toxic Spikes|[of] p1a: Glimmora\n|turn|51\n|\n|t:|1699952568\n|switch|p1a: Krookodile|Krookodile, F|100\/100\n|switch|p2a: Slowking|Slowking-Galar, M|71\/100 par\n|-damage|p2a: Slowking|58\/100 par|[from] Stealth Rock\n|\n|upkeep\n|turn|52\n|\n|t:|1699952591\n|switch|p2a: Dondozo|Dondozo, M|77\/100\n|-damage|p2a: Dondozo|64\/100|[from] Stealth Rock\n|move|p1a: Krookodile|Earthquake|p2a: Dondozo\n|-damage|p2a: Dondozo|41\/100\n|\n|-heal|p2a: Dondozo|47\/100|[from] item: Leftovers\n|upkeep\n|turn|53\n|\n|t:|1699952598\n|move|p1a: Krookodile|Earthquake|p2a: Dondozo\n|-damage|p2a: Dondozo|26\/100\n|move|p2a: Dondozo|Sleep Talk||[still]\n|-fail|p2a: Dondozo\n|\n|-heal|p2a: Dondozo|32\/100|[from] item: Leftovers\n|upkeep\n|turn|54\n|\n|t:|1699952609\n|move|p1a: Krookodile|Earthquake|p2a: Dondozo\n|-damage|p2a: Dondozo|10\/100\n|move|p2a: Dondozo|Rest|p2a: Dondozo\n|-status|p2a: Dondozo|slp|[from] move: Rest\n|-heal|p2a: Dondozo|100\/100 slp|[silent]\n|\n|upkeep\n|turn|55\n|\n|t:|1699952617\n|switch|p1a: Gholdengo|Gholdengo|55\/100\n|cant|p2a: Dondozo|slp\n|move|p2a: Dondozo|Sleep Talk|p2a: Dondozo\n|move|p2a: Dondozo|Rest||[from]move: Sleep Talk|[still]\n|-fail|p2a: Dondozo\n|\n|upkeep\n|turn|56\n|\n|t:|1699952635\n|switch|p2a: Toxapex|Toxapex, F|99\/100\n|-damage|p2a: Toxapex|87\/100|[from] Stealth Rock\n|move|p1a: Gholdengo|Trick|p2a: Toxapex\n|-activate|p1a: Gholdengo|move: Trick|[of] p2a: Toxapex\n|-item|p2a: Toxapex|Choice Scarf|[from] move: Trick\n|-enditem|p1a: Gholdengo|Choice Scarf|[silent]|[from] move: Trick\n|\n|upkeep\n|turn|57\n|\n|t:|1699952645\n|move|p1a: Gholdengo|Thunder Wave|p2a: Toxapex\n|-status|p2a: Toxapex|par\n|move|p2a: Toxapex|Toxic Spikes|p1a: Gholdengo\n|-sidestart|p1: 1-Elfe-Libre|move: Toxic Spikes\n|\n|upkeep\n|turn|58\n|\n|t:|1699952653\n|switch|p2a: Slowking|Slowking-Galar, M|91\/100 par\n|-damage|p2a: Slowking|79\/100 par|[from] Stealth Rock\n|move|p1a: Gholdengo|Shadow Ball|p2a: Slowking\n|-supereffective|p2a: Slowking\n|-damage|p2a: Slowking|39\/100 par\n|\n|upkeep\n|turn|59\n|\n|t:|1699952660\n|switch|p2a: Ting-Lu|Ting-Lu|31\/100\n|-damage|p2a: Ting-Lu|25\/100|[from] Stealth Rock\n|-ability|p2a: Ting-Lu|Vessel of Ruin\n|move|p1a: Gholdengo|Shadow Ball|p2a: Ting-Lu\n|-resisted|p2a: Ting-Lu\n|-damage|p2a: Ting-Lu|16\/100\n|-unboost|p2a: Ting-Lu|spd|1\n|\n|-heal|p2a: Ting-Lu|22\/100|[from] item: Leftovers\n|upkeep\n|turn|60\n|\n|t:|1699952669\n|move|p2a: Ting-Lu|Protect|p2a: Ting-Lu\n|-singleturn|p2a: Ting-Lu|Protect\n|move|p1a: Gholdengo|Make It Rain|p2a: Ting-Lu\n|-activate|p2a: Ting-Lu|move: Protect\n|\n|-heal|p2a: Ting-Lu|28\/100|[from] item: Leftovers\n|upkeep\n|turn|61\n|\n|t:|1699952685\n|move|p1a: Gholdengo|Shadow Ball|p2a: Ting-Lu\n|-resisted|p2a: Ting-Lu\n|-damage|p2a: Ting-Lu|15\/100\n|move|p2a: Ting-Lu|Ruination|p1a: Gholdengo\n|-damage|p1a: Gholdengo|28\/100\n|\n|-heal|p2a: Ting-Lu|21\/100|[from] item: Leftovers\n|upkeep\n|turn|62\n|\n|t:|1699952698\n|switch|p1a: Glimmora|Glimmora, F|15\/100\n|-sideend|p1: 1-Elfe-Libre|move: Toxic Spikes|[of] p1a: Glimmora\n|move|p2a: Ting-Lu|Spikes|p1a: Glimmora\n|-sidestart|p1: 1-Elfe-Libre|Spikes\n|\n|-heal|p2a: Ting-Lu|27\/100|[from] item: Leftovers\n|upkeep\n|turn|63\n|\n|t:|1699952706\n|move|p2a: Ting-Lu|Protect|p2a: Ting-Lu\n|-singleturn|p2a: Ting-Lu|Protect\n|move|p1a: Glimmora|Mortal Spin|p2a: Ting-Lu\n|-activate|p2a: Ting-Lu|move: Protect\n|\n|-heal|p2a: Ting-Lu|33\/100|[from] item: Leftovers\n|upkeep\n|turn|64\n|c|\u26061-Elfe-Libre|Si fun\n|\n|t:|1699952729\n|switch|p2a: Slowking|Slowking-Galar, M|73\/100 par\n|-damage|p2a: Slowking|60\/100 par|[from] Stealth Rock\n|move|p1a: Glimmora|Mortal Spin|p2a: Slowking\n|-resisted|p2a: Slowking\n|-damage|p2a: Slowking|57\/100 par\n|-sideend|p1: 1-Elfe-Libre|Spikes|[from] move: Mortal Spin|[of] p1a: Glimmora\n|\n|upkeep\n|turn|65\n|c|\u26061-Elfe-Libre|gliscor miss you\n|inactive|Melhar has 120 seconds left.\n|c|\u2606Melhar|ye\n|inactive|1-Elfe-Libre has 120 seconds left.\n|c|\u2606Melhar|i miss mi gliscor\n|\n|t:|1699952787\n|switch|p1a: Krookodile|Krookodile, F|100\/100\n|move|p2a: Slowking|Ice Beam|p1a: Krookodile\n|-supereffective|p1a: Krookodile\n|-damage|p1a: Krookodile|32\/100\n|-status|p1a: Krookodile|frz\n|\n|upkeep\n|turn|66\n|inactive|1-Elfe-Libre has 90 seconds left.\n|inactive|Melhar has 90 seconds left.\n|\n|t:|1699952823\n|switch|p2a: Haxorus|Haxorus, M|100\/100\n|-ability|p2a: Haxorus|Mold Breaker\n|cant|p1a: Krookodile|frz\n|\n|upkeep\n|turn|67\n|\n|t:|1699952829\n|switch|p1a: Ogerpon|Ogerpon-Wellspring, F|11\/100\n|move|p2a: Haxorus|Swords Dance|p2a: Haxorus\n|-boost|p2a: Haxorus|atk|2\n|\n|upkeep\n|turn|68\n|inactive|Melhar has 90 seconds left.\n|\n|t:|1699952848\n|switch|p2a: Appletun|Appletun, F|47\/100 par\n|-damage|p2a: Appletun|34\/100 par|[from] Stealth Rock\n|move|p1a: Ogerpon|Encore||[still]\n|-fail|p1a: Ogerpon\n|\n|upkeep\n|turn|69\n|inactive|1-Elfe-Libre has 90 seconds left.\n|l|\u26061-Elfe-Libre\n|inactive|1-Elfe-Libre disconnected and has a minute to reconnect!\n|player|p1|\n|inactive|1-Elfe-Libre has 30 seconds to reconnect!\n|c|\u2606Melhar|left?\n|c|\u2606Melhar|kek\n|c|\u2606Melhar|bad looser i guess\n|inactive|1-Elfe-Libre has 20 seconds to reconnect!\n|inactive|1-Elfe-Libre has 15 seconds to reconnect!\n|inactive|1-Elfe-Libre has 10 seconds to reconnect!\n|inactive|1-Elfe-Libre has 5 seconds to reconnect!\n|-message|1-Elfe-Libre lost due to inactivity.\n|\n|win|Melhar\n|inactive|1-Elfe-Libre has 30 seconds left this turn.\n|raw|1-Elfe-Libre's rating: 1292 &rarr; <strong>1273<\/strong><br \/>(-19 for losing)\n|raw|Melhar's rating: 1383 &rarr; <strong>1398<\/strong><br \/>(+15 for winning)\n","uploadtime":1699952949,"views":11,"p1id":"1elfelibre","p2id":"melhar","formatid":"gen9ou","rating":1273,"private":0,"password":""}