{"id":"gen9ou-1996799966","p1":"HEAVY-DUTY B0OTY","p2":"poopdawg4","format":"[Gen 9] OU","log":"|j|\u2606HEAVY-DUTY B0OTY\n|j|\u2606poopdawg4\n|inactive|Battle timer is ON: inactive players will automatically lose when time's up.\n|t:|1700727347\n|gametype|singles\n|player|p1|HEAVY-DUTY B0OTY|swimmerf-gen6|\n|player|p2|poopdawg4|lucas|\n|teamsize|p1|6\n|teamsize|p2|6\n|gen|9\n|tier|[Gen 9] OU\n|rated|Tournament battle\n|rule|Sleep Clause Mod: Limit one foe put to sleep\n|rule|Species Clause: Limit one of each Pok\u00e9mon\n|rule|OHKO Clause: OHKO moves are banned\n|rule|Evasion Items Clause: Evasion items are banned\n|rule|Evasion Moves Clause: Evasion moves are banned\n|rule|Endless Battle Clause: Forcing endless battles is banned\n|rule|HP Percentage Mod: HP is shown in percentages\n|clearpoke\n|poke|p1|Clodsire, M|\n|poke|p1|Tauros-Paldea-Aqua, M|\n|poke|p1|Armarouge, F|\n|poke|p1|Altaria, F|\n|poke|p1|Brute Bonnet|\n|poke|p1|Tatsugiri-Stretchy, F|\n|poke|p2|Clodsire, F|\n|poke|p2|Tauros-Paldea-Aqua, M|\n|poke|p2|Armarouge, F|\n|poke|p2|Altaria, M|\n|poke|p2|Brute Bonnet|\n|poke|p2|Tatsugiri, F|\n|teampreview\n|j|*Lady Monita \u2746\n|\n|t:|1700727351\n|start\n|switch|p1a: Clodsire|Clodsire, M|100\/100\n|switch|p2a: Clodsire|Clodsire, F|100\/100\n|turn|1\n|\n|t:|1700727355\n|move|p1a: Clodsire|Earthquake|p2a: Clodsire\n|-supereffective|p2a: Clodsire\n|-damage|p2a: Clodsire|37\/100\n|move|p2a: Clodsire|Spikes|p1a: Clodsire\n|-sidestart|p1: HEAVY-DUTY B0OTY|Spikes\n|\n|-heal|p2a: Clodsire|43\/100|[from] item: Leftovers\n|upkeep\n|turn|2\n|\n|t:|1700727363\n|switch|p2a: Altaria|Altaria, M|100\/100\n|move|p1a: Clodsire|Stealth Rock|p2a: Altaria\n|-sidestart|p2: poopdawg4|move: Stealth Rock\n|\n|upkeep\n|turn|3\n|\n|t:|1700727381\n|move|p2a: Altaria|Will-O-Wisp|p1a: Clodsire\n|-status|p1a: Clodsire|brn\n|move|p1a: Clodsire|Poison Jab|p2a: Altaria\n|-damage|p2a: Altaria|91\/100\n|-status|p2a: Altaria|psn\n|\n|-damage|p2a: Altaria|79\/100 psn|[from] psn\n|-damage|p1a: Clodsire|94\/100 brn|[from] brn\n|upkeep\n|turn|4\n|\n|t:|1700727392\n|move|p2a: Altaria|Brave Bird|p1a: Clodsire\n|-damage|p1a: Clodsire|70\/100 brn\n|-damage|p2a: Altaria|68\/100 psn|[from] Recoil\n|move|p1a: Clodsire|Earthquake|p2a: Altaria\n|-immune|p2a: Altaria\n|\n|-heal|p1a: Clodsire|77\/100 brn|[from] item: Leftovers\n|-damage|p2a: Altaria|56\/100 psn|[from] psn\n|-damage|p1a: Clodsire|70\/100 brn|[from] brn\n|upkeep\n|turn|5\n|\n|t:|1700727404\n|move|p2a: Altaria|Defog|p1a: Clodsire\n|-unboost|p1a: Clodsire|evasion|1\n|-sideend|p1: HEAVY-DUTY B0OTY|Spikes|[from] move: Defog|[of] p2a: Altaria\n|-sideend|p2: poopdawg4|Stealth Rock|[from] move: Defog|[of] p2a: Altaria\n|move|p1a: Clodsire|Recover|p1a: Clodsire\n|-heal|p1a: Clodsire|100\/100 brn\n|\n|-damage|p2a: Altaria|43\/100 psn|[from] psn\n|-damage|p1a: Clodsire|94\/100 brn|[from] brn\n|upkeep\n|turn|6\n|\n|t:|1700727408\n|move|p2a: Altaria|Roost|p2a: Altaria\n|-heal|p2a: Altaria|93\/100 psn\n|-singleturn|p2a: Altaria|move: Roost\n|move|p1a: Clodsire|Stealth Rock|p2a: Altaria\n|-sidestart|p2: poopdawg4|move: Stealth Rock\n|\n|-heal|p1a: Clodsire|100\/100 brn|[from] item: Leftovers\n|-damage|p2a: Altaria|81\/100 psn|[from] psn\n|-damage|p1a: Clodsire|94\/100 brn|[from] brn\n|upkeep\n|turn|7\n|\n|t:|1700727435\n|switch|p1a: Armarouge|Armarouge, F|100\/100\n|move|p2a: Altaria|Brave Bird|p1a: Armarouge\n|-damage|p1a: Armarouge|67\/100\n|-ability|p1a: Armarouge|Weak Armor|boost\n|-unboost|p1a: Armarouge|def|1\n|-boost|p1a: Armarouge|spe|2\n|-damage|p2a: Altaria|71\/100 psn|[from] Recoil\n|\n|-damage|p2a: Altaria|59\/100 psn|[from] psn\n|upkeep\n|turn|8\n|\n|t:|1700727445\n|-curestatus|p2a: Altaria|psn|[from] ability: Natural Cure\n|switch|p2a: Tatsugiri|Tatsugiri, F|100\/100\n|-damage|p2a: Tatsugiri|88\/100|[from] Stealth Rock\n|move|p1a: Armarouge|Dragon Pulse|p2a: Tatsugiri\n|-supereffective|p2a: Tatsugiri\n|-damage|p2a: Tatsugiri|18\/100\n|\n|upkeep\n|turn|9\n|j| mf_salvador\n|\n|t:|1700727458\n|move|p1a: Armarouge|Psychic|p2a: Tatsugiri\n|-damage|p2a: Tatsugiri|0 fnt\n|faint|p2a: Tatsugiri\n|\n|upkeep\n|\n|t:|1700727464\n|switch|p2a: Tauros|Tauros-Paldea-Aqua, M|100\/100\n|-damage|p2a: Tauros|94\/100|[from] Stealth Rock\n|-ability|p2a: Tauros|Intimidate|boost\n|-unboost|p1a: Armarouge|atk|1\n|turn|10\n|\n|t:|1700727475\n|move|p1a: Armarouge|Destiny Bond|p1a: Armarouge\n|-singlemove|p1a: Armarouge|Destiny Bond\n|move|p2a: Tauros|Wave Crash|p1a: Armarouge\n|-supereffective|p1a: Armarouge\n|-damage|p1a: Armarouge|0 fnt\n|faint|p1a: Armarouge\n|-activate|p1a: Armarouge|move: Destiny Bond\n|faint|p2a: Tauros\n|\n|upkeep\n|\n|t:|1700727488\n|switch|p2a: Clodsire|Clodsire, F|43\/100\n|switch|p1a: Tauros|Tauros-Paldea-Aqua, M|100\/100\n|-damage|p2a: Clodsire|37\/100|[from] Stealth Rock\n|turn|11\n|\n|t:|1700727495\n|move|p1a: Tauros|Substitute|p1a: Tauros\n|-start|p1a: Tauros|Substitute\n|-damage|p1a: Tauros|75\/100\n|move|p2a: Clodsire|Toxic||[still]\n|-fail|p2a: Clodsire\n|\n|-heal|p2a: Clodsire|43\/100|[from] item: Leftovers\n|upkeep\n|turn|12\n|\n|t:|1700727500\n|move|p1a: Tauros|Bulk Up|p1a: Tauros\n|-boost|p1a: Tauros|atk|1\n|-boost|p1a: Tauros|def|1\n|move|p2a: Clodsire|Recover|p2a: Clodsire\n|-heal|p2a: Clodsire|93\/100\n|\n|-heal|p2a: Clodsire|99\/100|[from] item: Leftovers\n|upkeep\n|turn|13\n|\n|t:|1700727505\n|move|p1a: Tauros|Bulk Up|p1a: Tauros\n|-boost|p1a: Tauros|atk|1\n|-boost|p1a: Tauros|def|1\n|move|p2a: Clodsire|Spikes|p1a: Tauros\n|-sidestart|p1: HEAVY-DUTY B0OTY|Spikes\n|\n|-heal|p2a: Clodsire|100\/100|[from] item: Leftovers\n|upkeep\n|turn|14\n|\n|t:|1700727517\n|switch|p2a: Altaria|Altaria, M|59\/100\n|-terastallize|p1a: Tauros|Ice\n|move|p1a: Tauros|Tera Blast|p2a: Altaria|[anim] Tera Blast Ice\n|-supereffective|p2a: Altaria\n|-damage|p2a: Altaria|0 fnt\n|faint|p2a: Altaria\n|\n|upkeep\n|\n|t:|1700727521\n|switch|p2a: Armarouge|Armarouge, F|100\/100\n|-damage|p2a: Armarouge|76\/100|[from] Stealth Rock\n|turn|15\n|\n|t:|1700727539\n|move|p1a: Tauros|Close Combat|p2a: Armarouge\n|-resisted|p2a: Armarouge\n|-damage|p2a: Armarouge|16\/100\n|-unboost|p1a: Tauros|def|1\n|-unboost|p1a: Tauros|spd|1\n|-ability|p2a: Armarouge|Weak Armor|boost\n|-unboost|p2a: Armarouge|def|1\n|-boost|p2a: Armarouge|spe|2\n|move|p2a: Armarouge|Psyshock|p1a: Tauros\n|-end|p1a: Tauros|Substitute\n|\n|upkeep\n|turn|16\n|\n|t:|1700727550\n|switch|p1a: Clodsire|Clodsire, M|94\/100 brn\n|-damage|p1a: Clodsire|82\/100 brn|[from] Spikes\n|move|p2a: Armarouge|Psyshock|p1a: Clodsire\n|-supereffective|p1a: Clodsire\n|-damage|p1a: Clodsire|0 fnt\n|faint|p1a: Clodsire\n|\n|upkeep\n|\n|t:|1700727559\n|switch|p1a: Tatsugiri|Tatsugiri-Stretchy, F|100\/100\n|turn|17\n|\n|t:|1700727567\n|move|p2a: Armarouge|Psyshock|p1a: Tatsugiri\n|-crit|p1a: Tatsugiri\n|-damage|p1a: Tatsugiri|0 fnt\n|faint|p1a: Tatsugiri\n|\n|upkeep\n|\n|t:|1700727571\n|switch|p1a: Brute Bonnet|Brute Bonnet|100\/100\n|-damage|p1a: Brute Bonnet|88\/100|[from] Spikes\n|turn|18\n|\n|t:|1700727583\n|switch|p2a: Clodsire|Clodsire, F|100\/100\n|-damage|p2a: Clodsire|94\/100|[from] Stealth Rock\n|move|p1a: Brute Bonnet|Sucker Punch||[still]\n|-fail|p1a: Brute Bonnet\n|\n|-heal|p2a: Clodsire|100\/100|[from] item: Leftovers\n|upkeep\n|turn|19\n|l| mf_salvador\n|\n|t:|1700727589\n|move|p1a: Brute Bonnet|Spore|p2a: Clodsire\n|-status|p2a: Clodsire|slp|[from] move: Spore\n|cant|p2a: Clodsire|slp\n|\n|upkeep\n|turn|20\n|\n|t:|1700727592\n|-end|p1a: Brute Bonnet|Protosynthesis|[silent]\n|switch|p1a: Tauros|Tauros-Paldea-Aqua, M, tera:Ice|75\/100\n|-damage|p1a: Tauros|63\/100|[from] Spikes\n|-curestatus|p2a: Clodsire|slp|[msg]\n|move|p2a: Clodsire|Toxic|p1a: Tauros\n|-status|p1a: Tauros|tox\n|\n|-damage|p1a: Tauros|57\/100 tox|[from] psn\n|upkeep\n|turn|21\n|\n|t:|1700727598\n|switch|p2a: Brute Bonnet|Brute Bonnet|100\/100\n|-damage|p2a: Brute Bonnet|88\/100|[from] Stealth Rock\n|move|p1a: Tauros|Tera Blast|p2a: Brute Bonnet|[anim] Tera Blast Ice\n|-supereffective|p2a: Brute Bonnet\n|-damage|p2a: Brute Bonnet|12\/100\n|\n|-damage|p1a: Tauros|45\/100 tox|[from] psn\n|upkeep\n|-enditem|p1a: Tauros|Sitrus Berry|[eat]\n|-heal|p1a: Tauros|70\/100 tox|[from] item: Sitrus Berry\n|turn|22\n|\n|t:|1700727608\n|move|p1a: Tauros|Tera Blast|p2a: Brute Bonnet|[anim] Tera Blast Ice\n|-supereffective|p2a: Brute Bonnet\n|-damage|p2a: Brute Bonnet|0 fnt\n|faint|p2a: Brute Bonnet\n|-end|p2a: Brute Bonnet|Protosynthesis|[silent]\n|\n|-damage|p1a: Tauros|51\/100 tox|[from] psn\n|upkeep\n|\n|t:|1700727611\n|switch|p2a: Armarouge|Armarouge, F|16\/100\n|-damage|p2a: Armarouge|0 fnt|[from] Stealth Rock\n|faint|p2a: Armarouge\n|\n|t:|1700727614\n|switch|p2a: Clodsire|Clodsire, F|100\/100\n|-damage|p2a: Clodsire|94\/100|[from] Stealth Rock\n|turn|23\n|\n|t:|1700727620\n|switch|p1a: Altaria|Altaria, F|100\/100\n|move|p2a: Clodsire|Earthquake|p1a: Altaria\n|-immune|p1a: Altaria\n|\n|-heal|p2a: Clodsire|100\/100|[from] item: Leftovers\n|upkeep\n|turn|24\n|\n|t:|1700727623\n|move|p1a: Altaria|Perish Song|p1a: Altaria\n|-start|p1a: Altaria|perish3|[silent]\n|-start|p2a: Clodsire|perish3|[silent]\n|-fieldactivate|move: Perish Song\n|move|p2a: Clodsire|Toxic|p1a: Altaria\n|-status|p1a: Altaria|tox\n|\n|-damage|p1a: Altaria|94\/100 tox|[from] psn\n|-start|p1a: Altaria|perish3\n|-start|p2a: Clodsire|perish3\n|upkeep\n|turn|25\n|c|\u2606HEAVY-DUTY B0OTY|gg\n|\n|t:|1700727632\n|move|p1a: Altaria|Will-O-Wisp|p2a: Clodsire\n|-status|p2a: Clodsire|brn\n|move|p2a: Clodsire|Recover||[still]\n|-fail|p2a: Clodsire|heal\n|\n|-heal|p1a: Altaria|100\/100 tox|[from] item: Leftovers\n|-damage|p1a: Altaria|88\/100 tox|[from] psn\n|-damage|p2a: Clodsire|94\/100 brn|[from] brn\n|-start|p1a: Altaria|perish2\n|-start|p2a: Clodsire|perish2\n|upkeep\n|turn|26\n|\n|t:|1700727640\n|-curestatus|p1a: Altaria|tox|[from] ability: Natural Cure\n|switch|p1a: Tauros|Tauros-Paldea-Aqua, M, tera:Ice|51\/100 tox\n|-damage|p1a: Tauros|39\/100 tox|[from] Spikes\n|move|p2a: Clodsire|Recover|p2a: Clodsire\n|-heal|p2a: Clodsire|100\/100 brn\n|\n|-damage|p1a: Tauros|33\/100 tox|[from] psn\n|-damage|p2a: Clodsire|94\/100 brn|[from] brn\n|-start|p2a: Clodsire|perish1\n|upkeep\n|turn|27\n|\n|t:|1700727645\n|move|p1a: Tauros|Tera Blast|p2a: Clodsire|[anim] Tera Blast Ice\n|-supereffective|p2a: Clodsire\n|-damage|p2a: Clodsire|17\/100 brn\n|move|p2a: Clodsire|Earthquake|p1a: Tauros\n|-damage|p1a: Tauros|18\/100 tox\n|\n|-heal|p2a: Clodsire|23\/100 brn|[from] item: Leftovers\n|-damage|p1a: Tauros|6\/100 tox|[from] psn\n|-damage|p2a: Clodsire|17\/100 brn|[from] brn\n|-start|p2a: Clodsire|perish0\n|upkeep\n|faint|p2a: Clodsire\n|\n|win|HEAVY-DUTY B0OTY\n|n|\u2606HEAVY-DUTY B0OTY|heavydutyb0oty\n|n|\u2606poopdawg4|poopdawg4\n|n|*Lady Monita \u2746|ladymonita\n","uploadtime":1700727646,"views":4,"p1id":"heavydutyb0oty","p2id":"poopdawg4","formatid":"gen9ou","rating":0,"private":0,"password":""}