{"id":"gen9ou-1998118989","p1":"Fazykins","p2":"SkipBit","format":"[Gen 9] OU","log":"|j|\u2606Fazykins\n|j|\u2606SkipBit\n|t:|1700894718\n|gametype|singles\n|player|p1|Fazykins|101|1267\n|player|p2|SkipBit|1|1310\n|teamsize|p1|6\n|teamsize|p2|6\n|gen|9\n|tier|[Gen 9] OU\n|rated|\n|rule|Sleep Clause Mod: Limit one foe put to sleep\n|rule|Species Clause: Limit one of each Pok\u00e9mon\n|rule|OHKO Clause: OHKO moves are banned\n|rule|Evasion Items Clause: Evasion items are banned\n|rule|Evasion Moves Clause: Evasion moves are banned\n|rule|Endless Battle Clause: Forcing endless battles is banned\n|rule|HP Percentage Mod: HP is shown in percentages\n|clearpoke\n|poke|p1|Iron Treads|\n|poke|p1|Alomomola, M|\n|poke|p1|Rillaboom, M|\n|poke|p1|Ogerpon, F|\n|poke|p1|Iron Hands|\n|poke|p1|Slowking-Galar, F|\n|poke|p2|Great Tusk|\n|poke|p2|Hatterene, F|\n|poke|p2|Indeedee, M|\n|poke|p2|Walking Wake|\n|poke|p2|Polteageist|\n|poke|p2|Garganacl, M|\n|teampreview\n|inactive|Battle timer is ON: inactive players will automatically lose when time's up. (requested by SkipBit)\n|\n|t:|1700894734\n|start\n|switch|p1a: Rillaboom|Rillaboom, M|100\/100\n|switch|p2a: Garganacl|Garganacl, M|100\/100\n|-fieldstart|move: Grassy Terrain|[from] ability: Grassy Surge|[of] p1a: Rillaboom\n|turn|1\n|\n|t:|1700894747\n|move|p1a: Rillaboom|Wood Hammer|p2a: Garganacl\n|-supereffective|p2a: Garganacl\n|-damage|p2a: Garganacl|2\/100\n|-damage|p1a: Rillaboom|68\/100|[from] Recoil\n|move|p2a: Garganacl|Stealth Rock|p1a: Rillaboom\n|-sidestart|p1: Fazykins|move: Stealth Rock\n|\n|-heal|p1a: Rillaboom|74\/100|[from] Grassy Terrain\n|-heal|p2a: Garganacl|8\/100|[from] Grassy Terrain\n|-heal|p2a: Garganacl|14\/100|[from] item: Leftovers\n|upkeep\n|turn|2\n|\n|t:|1700894760\n|switch|p2a: Indeedee|Indeedee, M, shiny|100\/100\n|-fieldstart|move: Psychic Terrain|[from] ability: Psychic Surge|[of] p2a: Indeedee\n|move|p1a: Rillaboom|U-turn|p2a: Indeedee\n|-supereffective|p2a: Indeedee\n|-damage|p2a: Indeedee|0 fnt\n|faint|p2a: Indeedee\n|\n|t:|1700894769\n|switch|p1a: Iron Treads|Iron Treads|100\/100|[from] U-turn\n|-damage|p1a: Iron Treads|97\/100|[from] Stealth Rock\n|\n|-heal|p1a: Iron Treads|100\/100|[from] item: Leftovers\n|upkeep\n|\n|t:|1700894774\n|switch|p2a: Walking Wake|Walking Wake|100\/100\n|-enditem|p2a: Walking Wake|Booster Energy\n|-activate|p2a: Walking Wake|ability: Protosynthesis|[fromitem]\n|-start|p2a: Walking Wake|protosynthesisspa\n|turn|3\n|\n|t:|1700894794\n|-end|p1a: Iron Treads|Quark Drive|[silent]\n|switch|p1a: Rillaboom|Rillaboom, M|74\/100\n|-damage|p1a: Rillaboom|62\/100|[from] Stealth Rock\n|-fieldstart|move: Grassy Terrain|[from] ability: Grassy Surge|[of] p1a: Rillaboom\n|move|p2a: Walking Wake|Surf|p1a: Rillaboom\n|-resisted|p1a: Rillaboom\n|-damage|p1a: Rillaboom|27\/100\n|\n|-heal|p1a: Rillaboom|33\/100|[from] Grassy Terrain\n|upkeep\n|turn|4\n|\n|t:|1700894804\n|switch|p1a: Iron Hands|Iron Hands|100\/100\n|-damage|p1a: Iron Hands|94\/100|[from] Stealth Rock\n|move|p2a: Walking Wake|Dragon Pulse|p1a: Iron Hands\n|-damage|p1a: Iron Hands|59\/100\n|\n|-heal|p1a: Iron Hands|65\/100|[from] Grassy Terrain\n|upkeep\n|turn|5\n|\n|t:|1700894821\n|move|p2a: Walking Wake|Substitute|p2a: Walking Wake\n|-start|p2a: Walking Wake|Substitute\n|-damage|p2a: Walking Wake|76\/100\n|move|p1a: Iron Hands|Drain Punch|p2a: Walking Wake\n|-end|p2a: Walking Wake|Substitute\n|-heal|p1a: Iron Hands|73\/100|[from] drain|[of] p2a: Walking Wake\n|\n|-heal|p2a: Walking Wake|82\/100|[from] Grassy Terrain\n|-heal|p1a: Iron Hands|79\/100|[from] Grassy Terrain\n|upkeep\n|turn|6\n|\n|t:|1700894839\n|move|p2a: Walking Wake|Surf|p1a: Iron Hands\n|-damage|p1a: Iron Hands|40\/100\n|move|p1a: Iron Hands|Drain Punch|p2a: Walking Wake\n|-crit|p2a: Walking Wake\n|-damage|p2a: Walking Wake|8\/100\n|-heal|p1a: Iron Hands|65\/100|[from] drain|[of] p2a: Walking Wake\n|\n|-heal|p2a: Walking Wake|14\/100|[from] Grassy Terrain\n|-heal|p1a: Iron Hands|71\/100|[from] Grassy Terrain\n|upkeep\n|turn|7\n|\n|t:|1700894855\n|-end|p2a: Walking Wake|Protosynthesis|[silent]\n|switch|p2a: Polteageist|Polteageist, shiny|100\/100\n|move|p1a: Iron Hands|Volt Switch|p2a: Polteageist\n|-damage|p2a: Polteageist|85\/100\n|\n|t:|1700894864\n|-end|p1a: Iron Hands|Quark Drive|[silent]\n|switch|p1a: Ogerpon|Ogerpon, F|100\/100|[from] Volt Switch\n|-damage|p1a: Ogerpon|88\/100|[from] Stealth Rock\n|\n|-heal|p1a: Ogerpon|94\/100|[from] Grassy Terrain\n|-heal|p2a: Polteageist|91\/100|[from] Grassy Terrain\n|upkeep\n|turn|8\n|\n|t:|1700894877\n|-terastallize|p1a: Ogerpon|Grass\n|detailschange|p1a: Ogerpon|Ogerpon-Teal-Tera, F, tera:Grass\n|-ability|p1a: Ogerpon|Embody Aspect (Teal)|boost\n|-boost|p1a: Ogerpon|spe|1\n|move|p1a: Ogerpon|Ivy Cudgel|p2a: Polteageist\n|-crit|p2a: Polteageist\n|-damage|p2a: Polteageist|0 fnt\n|faint|p2a: Polteageist\n|\n|-heal|p1a: Ogerpon|99\/100|[from] Grassy Terrain\n|upkeep\n|-message|SkipBit forfeited.\n|\n|win|Fazykins\n|raw|Fazykins's rating: 1267 &rarr; <strong>1295<\/strong><br \/>(+28 for winning)\n|raw|SkipBit's rating: 1310 &rarr; <strong>1288<\/strong><br \/>(-22 for losing)\n|l|\u2606SkipBit\n","uploadtime":1700894891,"views":22,"p1id":"fazykins","p2id":"skipbit","formatid":"gen9ou","rating":1288,"private":0,"password":""}