{"id":"gen9ou-1996646110","p1":"TaxesAreEvil","p2":"TrueSkyKing","format":"[Gen 9] OU","log":"|j|\u2606TaxesAreEvil\n|j|\u2606TrueSkyKing\n|t:|1700704676\n|gametype|singles\n|player|p1|TaxesAreEvil|backpacker|\n|player|p2|TrueSkyKing|red|\n|teamsize|p1|6\n|teamsize|p2|6\n|gen|9\n|tier|[Gen 9] OU\n|rule|Sleep Clause Mod: Limit one foe put to sleep\n|rule|Species Clause: Limit one of each Pok\u00e9mon\n|rule|OHKO Clause: OHKO moves are banned\n|rule|Evasion Items Clause: Evasion items are banned\n|rule|Evasion Moves Clause: Evasion moves are banned\n|rule|Endless Battle Clause: Forcing endless battles is banned\n|rule|HP Percentage Mod: HP is shown in percentages\n|clearpoke\n|poke|p1|Eiscue, M|\n|poke|p1|Crawdaunt, F|\n|poke|p1|Ninetales-Alola, M|\n|poke|p1|Slowking-Galar, M|\n|poke|p1|Corviknight, F|\n|poke|p1|Garchomp, M|\n|poke|p2|Infernape, M|\n|poke|p2|Garganacl, F|\n|poke|p2|Dragonite, M|\n|poke|p2|Weezing-Galar, F|\n|poke|p2|Alomomola, F|\n|poke|p2|Iron Valiant|\n|teampreview\n|inactive|Battle timer is ON: inactive players will automatically lose when time's up. (requested by TrueSkyKing)\n|\n|t:|1700704687\n|start\n|switch|p1a: Slowking|Slowking-Galar, M|100\/100\n|switch|p2a: Jorje.Jr|Infernape, M|100\/100\n|turn|1\n|\n|t:|1700704703\n|switch|p1a: Garchomp|Garchomp, M|100\/100\n|move|p2a: Jorje.Jr|Fake Out|p1a: Garchomp\n|-damage|p1a: Garchomp|91\/100\n|-damage|p2a: Jorje.Jr|88\/100|[from] ability: Rough Skin|[of] p1a: Garchomp\n|\n|-heal|p1a: Garchomp|97\/100|[from] item: Leftovers\n|upkeep\n|turn|2\n|\n|t:|1700704726\n|move|p2a: Jorje.Jr|Will-O-Wisp|p1a: Garchomp\n|-status|p1a: Garchomp|brn\n|move|p1a: Garchomp|Stealth Rock|p2a: Jorje.Jr\n|-sidestart|p2: TrueSkyKing|move: Stealth Rock\n|\n|-heal|p1a: Garchomp|100\/100 brn|[from] item: Leftovers\n|-damage|p1a: Garchomp|94\/100 brn|[from] brn\n|upkeep\n|turn|3\n|\n|t:|1700704735\n|switch|p2a: Delicate Steve|Weezing-Galar, F|100\/100\n|-damage|p2a: Delicate Steve|88\/100|[from] Stealth Rock\n|move|p1a: Garchomp|Earthquake|p2a: Delicate Steve\n|-immune|p2a: Delicate Steve|[from] ability: Levitate\n|\n|-heal|p1a: Garchomp|100\/100 brn|[from] item: Leftovers\n|-heal|p2a: Delicate Steve|94\/100|[from] item: Leftovers\n|-damage|p1a: Garchomp|94\/100 brn|[from] brn\n|upkeep\n|turn|4\n|\n|t:|1700704752\n|switch|p1a: Ninetales|Ninetales-Alola, M|100\/100\n|-weather|Snow|[from] ability: Snow Warning|[of] p1a: Ninetales\n|move|p2a: Delicate Steve|Protect||[still]\n|-fail|p2a: Delicate Steve\n|\n|-weather|Snow|[upkeep]\n|-heal|p2a: Delicate Steve|99\/100|[from] item: Leftovers\n|upkeep\n|turn|5\n|\n|t:|1700704760\n|move|p1a: Ninetales|Aurora Veil|p1a: Ninetales\n|-sidestart|p1: TaxesAreEvil|move: Aurora Veil\n|move|p2a: Delicate Steve|Gunk Shot|p1a: Ninetales\n|-supereffective|p1a: Ninetales\n|-damage|p1a: Ninetales|67\/100\n|\n|-weather|Snow|[upkeep]\n|-heal|p2a: Delicate Steve|100\/100|[from] item: Leftovers\n|upkeep\n|turn|6\n|\n|t:|1700704767\n|move|p2a: Delicate Steve|Toxic Spikes|p1a: Ninetales\n|-sidestart|p1: TaxesAreEvil|move: Toxic Spikes\n|move|p1a: Ninetales|Roar|p2a: Delicate Steve\n|drag|p2a: Scarborough|Garganacl, F|100\/100\n|-damage|p2a: Scarborough|88\/100|[from] Stealth Rock\n|\n|-weather|Snow|[upkeep]\n|-heal|p2a: Scarborough|94\/100|[from] item: Leftovers\n|upkeep\n|turn|7\n|\n|t:|1700704775\n|move|p1a: Ninetales|Moonblast|p2a: Scarborough\n|-damage|p2a: Scarborough|70\/100\n|-unboost|p2a: Scarborough|spa|1\n|move|p2a: Scarborough|Salt Cure|p1a: Ninetales\n|-supereffective|p1a: Ninetales\n|-damage|p1a: Ninetales|55\/100\n|-start|p1a: Ninetales|Salt Cure\n|\n|-weather|Snow|[upkeep]\n|-heal|p2a: Scarborough|76\/100|[from] item: Leftovers\n|-damage|p1a: Ninetales|43\/100|[from] Salt Cure\n|upkeep\n|turn|8\n|\n|t:|1700704785\n|move|p1a: Ninetales|Moonblast|p2a: Scarborough\n|-damage|p2a: Scarborough|52\/100\n|move|p2a: Scarborough|Curse|p2a: Scarborough\n|-unboost|p2a: Scarborough|spe|1\n|-boost|p2a: Scarborough|atk|1\n|-boost|p2a: Scarborough|def|1\n|\n|-weather|none\n|-heal|p2a: Scarborough|58\/100|[from] item: Leftovers\n|-damage|p1a: Ninetales|31\/100|[from] Salt Cure\n|upkeep\n|turn|9\n|\n|t:|1700704794\n|move|p1a: Ninetales|Encore|p2a: Scarborough\n|-start|p2a: Scarborough|Encore\n|move|p2a: Scarborough|Curse|p2a: Scarborough\n|-unboost|p2a: Scarborough|spe|1\n|-boost|p2a: Scarborough|atk|1\n|-boost|p2a: Scarborough|def|1\n|\n|-heal|p2a: Scarborough|64\/100|[from] item: Leftovers\n|-damage|p1a: Ninetales|18\/100|[from] Salt Cure\n|upkeep\n|turn|10\n|\n|t:|1700704804\n|switch|p1a: Slowking|Slowking-Galar, M|100\/100\n|-sideend|p1: TaxesAreEvil|move: Toxic Spikes|[of] p1a: Slowking\n|move|p2a: Scarborough|Curse|p2a: Scarborough\n|-unboost|p2a: Scarborough|spe|1\n|-boost|p2a: Scarborough|atk|1\n|-boost|p2a: Scarborough|def|1\n|\n|-heal|p2a: Scarborough|70\/100|[from] item: Leftovers\n|upkeep\n|turn|11\n|\n|t:|1700704812\n|move|p1a: Slowking|Surf|p2a: Scarborough\n|-supereffective|p2a: Scarborough\n|-damage|p2a: Scarborough|22\/100\n|move|p2a: Scarborough|Curse|p2a: Scarborough\n|-unboost|p2a: Scarborough|spe|1\n|-boost|p2a: Scarborough|atk|1\n|-boost|p2a: Scarborough|def|1\n|\n|-heal|p2a: Scarborough|28\/100|[from] item: Leftovers\n|-end|p2a: Scarborough|Encore\n|upkeep\n|turn|12\n|\n|t:|1700704821\n|move|p2a: Scarborough|Protect|p2a: Scarborough\n|-singleturn|p2a: Scarborough|Protect\n|move|p1a: Slowking|Surf|p2a: Scarborough\n|-activate|p2a: Scarborough|move: Protect\n|\n|-heal|p2a: Scarborough|34\/100|[from] item: Leftovers\n|-sideend|p1: TaxesAreEvil|move: Aurora Veil\n|upkeep\n|turn|13\n|\n|t:|1700704844\n|-terastallize|p2a: Scarborough|Ghost\n|move|p1a: Slowking|Surf|p2a: Scarborough\n|-damage|p2a: Scarborough|11\/100\n|move|p2a: Scarborough|Salt Cure|p1a: Slowking\n|-damage|p1a: Slowking|59\/100\n|-start|p1a: Slowking|Salt Cure\n|\n|-heal|p2a: Scarborough|17\/100|[from] item: Leftovers\n|-damage|p1a: Slowking|46\/100|[from] Salt Cure\n|upkeep\n|turn|14\n|\n|t:|1700704857\n|switch|p1a: Crawdaunt|Crawdaunt, F|100\/100\n|move|p2a: Scarborough|Protect||[still]\n|-fail|p2a: Scarborough\n|\n|-heal|p2a: Scarborough|23\/100|[from] item: Leftovers\n|upkeep\n|turn|15\n|\n|t:|1700704865\n|switch|p2a: Delicate Steve|Weezing-Galar, F|100\/100\n|-damage|p2a: Delicate Steve|88\/100|[from] Stealth Rock\n|move|p1a: Crawdaunt|Knock Off|p2a: Delicate Steve\n|-resisted|p2a: Delicate Steve\n|-damage|p2a: Delicate Steve|62\/100\n|-enditem|p2a: Delicate Steve|Leftovers|[from] move: Knock Off|[of] p1a: Crawdaunt\n|\n|upkeep\n|turn|16\n|\n|t:|1700704873\n|move|p2a: Delicate Steve|Will-O-Wisp|p1a: Crawdaunt\n|-status|p1a: Crawdaunt|brn\n|move|p1a: Crawdaunt|Crabhammer|p2a: Delicate Steve|[miss]\n|-miss|p1a: Crawdaunt|p2a: Delicate Steve\n|\n|-damage|p1a: Crawdaunt|94\/100 brn|[from] brn\n|upkeep\n|turn|17\n|\n|t:|1700704899\n|switch|p1a: Slowking|Slowking-Galar, M|79\/100\n|move|p2a: Delicate Steve|Protect||[still]\n|-fail|p2a: Delicate Steve\n|\n|upkeep\n|turn|18\n|\n|t:|1700704911\n|move|p2a: Delicate Steve|Will-O-Wisp|p1a: Slowking\n|-status|p1a: Slowking|brn\n|move|p1a: Slowking|Psychic|p2a: Delicate Steve\n|-supereffective|p2a: Delicate Steve\n|-damage|p2a: Delicate Steve|0 fnt\n|faint|p2a: Delicate Steve\n|\n|-damage|p1a: Slowking|73\/100 brn|[from] brn\n|upkeep\n|inactive|TrueSkyKing has 270 seconds left.\n|\n|t:|1700704927\n|switch|p2a: Queensryche|Iron Valiant|100\/100\n|-damage|p2a: Queensryche|94\/100|[from] Stealth Rock\n|-enditem|p2a: Queensryche|Booster Energy\n|-activate|p2a: Queensryche|ability: Quark Drive|[fromitem]\n|-start|p2a: Queensryche|quarkdrivespe\n|turn|19\n|\n|t:|1700704952\n|switch|p1a: Ninetales|Ninetales-Alola, M|18\/100\n|-weather|Snow|[from] ability: Snow Warning|[of] p1a: Ninetales\n|move|p2a: Queensryche|Knock Off|p1a: Ninetales\n|-resisted|p1a: Ninetales\n|-damage|p1a: Ninetales|6\/100\n|-enditem|p1a: Ninetales|Light Clay|[from] move: Knock Off|[of] p2a: Queensryche\n|\n|-weather|Snow|[upkeep]\n|upkeep\n|turn|20\n|\n|t:|1700704970\n|move|p2a: Queensryche|Drain Punch|p1a: Ninetales\n|-damage|p1a: Ninetales|0 fnt\n|-heal|p2a: Queensryche|98\/100|[from] drain|[of] p1a: Ninetales\n|faint|p1a: Ninetales\n|\n|-weather|Snow|[upkeep]\n|upkeep\n|\n|t:|1700704976\n|switch|p1a: Eiscue|Eiscue, M|100\/100\n|turn|21\n|\n|t:|1700704983\n|move|p2a: Queensryche|Swords Dance|p2a: Queensryche\n|-boost|p2a: Queensryche|atk|2\n|move|p1a: Eiscue|Zen Headbutt|p2a: Queensryche\n|-supereffective|p2a: Queensryche\n|-damage|p2a: Queensryche|51\/100\n|\n|-weather|Snow|[upkeep]\n|upkeep\n|turn|22\n|\n|t:|1700704989\n|move|p2a: Queensryche|Drain Punch|p1a: Eiscue\n|-activate|p1a: Eiscue|ability: Ice Face\n|-damage|p1a: Eiscue|100\/100\n|detailschange|p1a: Eiscue|Eiscue-Noice, M\n|move|p1a: Eiscue|Zen Headbutt|p2a: Queensryche\n|-supereffective|p2a: Queensryche\n|-damage|p2a: Queensryche|4\/100\n|\n|-weather|Snow|[upkeep]\n|upkeep\n|turn|23\n|\n|t:|1700705004\n|switch|p1a: Corviknight|Corviknight, F|100\/100\n|-ability|p1a: Corviknight|Pressure\n|move|p2a: Queensryche|Drain Punch|p1a: Corviknight\n|-damage|p1a: Corviknight|45\/100\n|-heal|p2a: Queensryche|40\/100|[from] drain|[of] p1a: Corviknight\n|-damage|p2a: Queensryche|24\/100|[from] item: Rocky Helmet|[of] p1a: Corviknight\n|\n|-weather|none\n|upkeep\n|turn|24\n|\n|t:|1700705019\n|move|p2a: Queensryche|Drain Punch|p1a: Corviknight\n|-damage|p1a: Corviknight|0 fnt\n|-heal|p2a: Queensryche|52\/100|[from] drain|[of] p1a: Corviknight\n|-damage|p2a: Queensryche|36\/100|[from] item: Rocky Helmet|[of] p1a: Corviknight\n|faint|p1a: Corviknight\n|\n|upkeep\n|\n|t:|1700705028\n|switch|p1a: Slowking|Slowking-Galar, M|100\/100 brn\n|turn|25\n|\n|t:|1700705033\n|-terastallize|p1a: Slowking|Water\n|move|p2a: Queensryche|Knock Off|p1a: Slowking\n|-damage|p1a: Slowking|39\/100 brn\n|-enditem|p1a: Slowking|Assault Vest|[from] move: Knock Off|[of] p2a: Queensryche\n|move|p1a: Slowking|Surf|p2a: Queensryche\n|-damage|p2a: Queensryche|0 fnt\n|faint|p2a: Queensryche\n|-end|p2a: Queensryche|Quark Drive|[silent]\n|\n|-damage|p1a: Slowking|32\/100 brn|[from] brn\n|upkeep\n|\n|t:|1700705051\n|switch|p2a: Oingo Boingo|Dragonite, M|100\/100\n|turn|26\n|\n|t:|1700705060\n|switch|p1a: Garchomp|Garchomp, M|94\/100 brn\n|move|p2a: Oingo Boingo|Dragon Dance|p2a: Oingo Boingo\n|-boost|p2a: Oingo Boingo|atk|1\n|-boost|p2a: Oingo Boingo|spe|1\n|\n|-heal|p1a: Garchomp|100\/100 brn|[from] item: Leftovers\n|-damage|p1a: Garchomp|94\/100 brn|[from] brn\n|upkeep\n|turn|27\n|\n|t:|1700705076\n|move|p2a: Oingo Boingo|Earthquake|p1a: Garchomp\n|-damage|p1a: Garchomp|46\/100 brn\n|move|p1a: Garchomp|Dragon Tail|p2a: Oingo Boingo\n|-supereffective|p2a: Oingo Boingo\n|-damage|p2a: Oingo Boingo|86\/100\n|drag|p2a: Suzanne|Alomomola, F|100\/100\n|-damage|p2a: Suzanne|88\/100|[from] Stealth Rock\n|\n|-heal|p1a: Garchomp|52\/100 brn|[from] item: Leftovers\n|-damage|p1a: Garchomp|46\/100 brn|[from] brn\n|upkeep\n|turn|28\n|\n|t:|1700705089\n|switch|p1a: Crawdaunt|Crawdaunt, F|94\/100 brn\n|move|p2a: Suzanne|Scald|p1a: Crawdaunt\n|-resisted|p1a: Crawdaunt\n|-damage|p1a: Crawdaunt|83\/100 brn\n|\n|-damage|p1a: Crawdaunt|77\/100 brn|[from] brn\n|upkeep\n|turn|29\n|\n|t:|1700705106\n|move|p2a: Suzanne|Wish|p2a: Suzanne\n|move|p1a: Crawdaunt|Knock Off|p2a: Suzanne\n|-damage|p2a: Suzanne|70\/100\n|-enditem|p2a: Suzanne|Red Card|[from] move: Knock Off|[of] p1a: Crawdaunt\n|\n|-damage|p1a: Crawdaunt|71\/100 brn|[from] brn\n|upkeep\n|turn|30\n|\n|t:|1700705115\n|move|p2a: Suzanne|Scald|p1a: Crawdaunt\n|-resisted|p1a: Crawdaunt\n|-damage|p1a: Crawdaunt|60\/100 brn\n|move|p1a: Crawdaunt|Swords Dance|p1a: Crawdaunt\n|-boost|p1a: Crawdaunt|atk|2\n|\n|-heal|p2a: Suzanne|100\/100|[from] move: Wish|[wisher] Suzanne\n|-damage|p1a: Crawdaunt|54\/100 brn|[from] brn\n|upkeep\n|turn|31\n|\n|t:|1700705124\n|move|p2a: Suzanne|Scald|p1a: Crawdaunt\n|-resisted|p1a: Crawdaunt\n|-damage|p1a: Crawdaunt|42\/100 brn\n|move|p1a: Crawdaunt|Swords Dance|p1a: Crawdaunt\n|-boost|p1a: Crawdaunt|atk|2\n|\n|-damage|p1a: Crawdaunt|36\/100 brn|[from] brn\n|upkeep\n|turn|32\n|\n|t:|1700705143\n|move|p2a: Suzanne|Scald|p1a: Crawdaunt\n|-resisted|p1a: Crawdaunt\n|-damage|p1a: Crawdaunt|24\/100 brn\n|move|p1a: Crawdaunt|Swords Dance|p1a: Crawdaunt\n|-boost|p1a: Crawdaunt|atk|2\n|\n|-damage|p1a: Crawdaunt|18\/100 brn|[from] brn\n|upkeep\n|turn|33\n|\n|t:|1700705154\n|move|p2a: Suzanne|Scald|p1a: Crawdaunt\n|-resisted|p1a: Crawdaunt\n|-damage|p1a: Crawdaunt|6\/100 brn\n|move|p1a: Crawdaunt|Crabhammer|p2a: Suzanne\n|-resisted|p2a: Suzanne\n|-damage|p2a: Suzanne|61\/100\n|\n|-damage|p1a: Crawdaunt|0 fnt|[from] brn\n|faint|p1a: Crawdaunt\n|upkeep\n|\n|t:|1700705166\n|switch|p1a: Eiscue|Eiscue-Noice, M|100\/100\n|turn|34\n|\n|t:|1700705171\n|move|p1a: Eiscue|Zen Headbutt|p2a: Suzanne\n|-damage|p2a: Suzanne|51\/100\n|move|p2a: Suzanne|Scald|p1a: Eiscue\n|-damage|p1a: Eiscue|73\/100\n|-status|p1a: Eiscue|brn\n|\n|-damage|p1a: Eiscue|67\/100 brn|[from] brn\n|upkeep\n|turn|35\n|-message|TaxesAreEvil forfeited.\n|\n|win|TrueSkyKing\n|l|\u2606TaxesAreEvil\n","uploadtime":1700705197,"views":3,"p1id":"taxesareevil","p2id":"trueskyking","formatid":"gen9ou","rating":0,"private":0,"password":""}