{"id":"gen9ou-1991077929","p1":"NegativeVictoria","p2":"Kiromi_sempai","format":"[Gen 9] OU","log":"|j|\u2606NegativeVictoria\n|j|\u2606Kiromi_sempai\n|t:|1700039324\n|gametype|singles\n|player|p1|NegativeVictoria|plasmagruntf|1113\n|player|p2|Kiromi_sempai|101|1034\n|teamsize|p1|6\n|teamsize|p2|6\n|gen|9\n|tier|[Gen 9] OU\n|rated|\n|rule|Sleep Clause Mod: Limit one foe put to sleep\n|rule|Species Clause: Limit one of each Pok\u00e9mon\n|rule|OHKO Clause: OHKO moves are banned\n|rule|Evasion Items Clause: Evasion items are banned\n|rule|Evasion Moves Clause: Evasion moves are banned\n|rule|Endless Battle Clause: Forcing endless battles is banned\n|rule|HP Percentage Mod: HP is shown in percentages\n|clearpoke\n|poke|p1|Arcanine-Hisui, F|\n|poke|p1|Lilligant-Hisui, F|\n|poke|p1|Torkoal, F|\n|poke|p1|Espeon, F|\n|poke|p1|Iron Moth|\n|poke|p1|Pincurchin, F|\n|poke|p2|Vaporeon, F|\n|poke|p2|Flareon, F|\n|poke|p2|Espeon, F|\n|poke|p2|Umbreon, F|\n|poke|p2|Leafeon, M|\n|poke|p2|Chandelure, M|\n|teampreview\n|inactive|Battle timer is ON: inactive players will automatically lose when time's up. (requested by Kiromi_sempai)\n|\n|t:|1700039329\n|start\n|switch|p1a: Torkoal|Torkoal, F|100\/100\n|switch|p2a: Chandelure|Chandelure, M|100\/100\n|-weather|SunnyDay|[from] ability: Drought|[of] p1a: Torkoal\n|turn|1\n|\n|t:|1700039338\n|switch|p1a: Arcanine|Arcanine-Hisui, F|100\/100\n|move|p2a: Chandelure|Energy Ball|p1a: Arcanine\n|-damage|p1a: Arcanine|56\/100\n|\n|-weather|SunnyDay|[upkeep]\n|upkeep\n|turn|2\n|\n|t:|1700039348\n|switch|p2a: Umbreon|Umbreon, F|100\/100\n|move|p1a: Arcanine|Head Smash|p2a: Umbreon\n|-damage|p2a: Umbreon|59\/100\n|\n|-weather|SunnyDay|[upkeep]\n|-heal|p2a: Umbreon|65\/100|[from] item: Leftovers\n|upkeep\n|turn|3\n|\n|t:|1700039358\n|switch|p1a: Espeon|Espeon, F|100\/100\n|move|p2a: Umbreon|Yawn|p1a: Espeon\n|move|p1a: Espeon|Yawn|p2a: Umbreon|[from]ability: Magic Bounce\n|-start|p2a: Umbreon|move: Yawn|[of] p1a: Espeon\n|\n|-weather|SunnyDay|[upkeep]\n|-heal|p2a: Umbreon|71\/100|[from] item: Leftovers\n|upkeep\n|turn|4\n|\n|t:|1700039368\n|switch|p1a: Lilligant|Lilligant-Hisui, F|100\/100\n|switch|p2a: Espeon|Espeon, F|100\/100\n|\n|-weather|SunnyDay|[upkeep]\n|upkeep\n|turn|5\n|\n|t:|1700039379\n|-terastallize|p1a: Lilligant|Grass\n|move|p1a: Lilligant|Leaf Blade|p2a: Espeon\n|-damage|p2a: Espeon|0 fnt\n|faint|p2a: Espeon\n|\n|-weather|SunnyDay|[upkeep]\n|upkeep\n|\n|t:|1700039391\n|switch|p2a: Chandelure|Chandelure, M|100\/100\n|turn|6\n|\n|t:|1700039397\n|switch|p1a: Arcanine|Arcanine-Hisui, F|56\/100\n|move|p2a: Chandelure|Overheat|p1a: Arcanine\n|-resisted|p1a: Arcanine\n|-damage|p1a: Arcanine|19\/100\n|-unboost|p2a: Chandelure|spa|2\n|\n|-weather|SunnyDay|[upkeep]\n|upkeep\n|turn|7\n|\n|t:|1700039408\n|switch|p2a: Umbreon|Umbreon, F|71\/100\n|move|p1a: Arcanine|Head Smash|p2a: Umbreon\n|-damage|p2a: Umbreon|26\/100\n|\n|-weather|SunnyDay|[upkeep]\n|-heal|p2a: Umbreon|32\/100|[from] item: Leftovers\n|upkeep\n|turn|8\n|\n|t:|1700039417\n|move|p2a: Umbreon|Protect|p2a: Umbreon\n|-singleturn|p2a: Umbreon|Protect\n|move|p1a: Arcanine|Head Smash|p2a: Umbreon\n|-activate|p2a: Umbreon|move: Protect\n|\n|-weather|none\n|-heal|p2a: Umbreon|38\/100|[from] item: Leftovers\n|upkeep\n|turn|9\n|\n|t:|1700039426\n|switch|p2a: Leafeon|Leafeon, M|100\/100\n|move|p1a: Arcanine|Head Smash|p2a: Leafeon\n|-damage|p2a: Leafeon|57\/100\n|\n|-heal|p2a: Leafeon|63\/100|[from] item: Leftovers\n|upkeep\n|turn|10\n|\n|t:|1700039436\n|switch|p1a: Torkoal|Torkoal, F|100\/100\n|-weather|SunnyDay|[from] ability: Drought|[of] p1a: Torkoal\n|move|p2a: Leafeon|Wish|p2a: Leafeon\n|\n|-weather|SunnyDay|[upkeep]\n|-heal|p2a: Leafeon|69\/100|[from] item: Leftovers\n|upkeep\n|turn|11\n|\n|t:|1700039449\n|switch|p2a: Flareon|Flareon, F|100\/100\n|move|p1a: Torkoal|Stealth Rock|p2a: Flareon\n|-sidestart|p2: Kiromi_sempai|move: Stealth Rock\n|\n|-weather|SunnyDay|[upkeep]\n|upkeep\n|turn|12\n|\n|t:|1700039458\n|move|p2a: Flareon|Giga Impact|p1a: Torkoal\n|-damage|p1a: Torkoal|77\/100\n|-mustrecharge|p2a: Flareon\n|move|p1a: Torkoal|Earthquake|p2a: Flareon\n|-supereffective|p2a: Flareon\n|-damage|p2a: Flareon|19\/100\n|\n|-weather|SunnyDay|[upkeep]\n|upkeep\n|turn|13\n|-message|Kiromi_sempai forfeited.\n|\n|win|NegativeVictoria\n|raw|NegativeVictoria's rating: 1113 &rarr; <strong>1132<\/strong><br \/>(+19 for winning)\n|raw|Kiromi_sempai's rating: 1034 &rarr; <strong>1022<\/strong><br \/>(-12 for losing)\n|l|\u2606Kiromi_sempai\n","uploadtime":1700039467,"views":10,"p1id":"negativevictoria","p2id":"kiromisempai","formatid":"gen9ou","rating":1022,"private":0,"password":""}