{"id":"gen9ou-1996672961","p1":"ToastyCaesar","p2":"EL Tim Tim","format":"[Gen 9] OU","log":"|j|\u2606ToastyCaesar\n|j|\u2606EL Tim Tim\n|t:|1700707960\n|gametype|singles\n|player|p1|ToastyCaesar|cynthia|1403\n|player|p2|EL Tim Tim|hiker-gen4|1367\n|teamsize|p1|6\n|teamsize|p2|6\n|gen|9\n|tier|[Gen 9] OU\n|rated|\n|rule|Sleep Clause Mod: Limit one foe put to sleep\n|rule|Species Clause: Limit one of each Pok\u00e9mon\n|rule|OHKO Clause: OHKO moves are banned\n|rule|Evasion Items Clause: Evasion items are banned\n|rule|Evasion Moves Clause: Evasion moves are banned\n|rule|Endless Battle Clause: Forcing endless battles is banned\n|rule|HP Percentage Mod: HP is shown in percentages\n|clearpoke\n|poke|p1|Zapdos|\n|poke|p1|Zamazenta-*|\n|poke|p1|Toxapex, M|\n|poke|p1|Zoroark-Hisui, F|\n|poke|p1|Ribombee, F|\n|poke|p1|Great Tusk|\n|poke|p2|Maushold-Four|\n|poke|p2|Weavile, M|\n|poke|p2|Garganacl, F|\n|poke|p2|Samurott-Hisui, M|\n|poke|p2|Kingambit, M|\n|poke|p2|Amoonguss, M|\n|teampreview\n|inactive|Battle timer is ON: inactive players will automatically lose when time's up. (requested by ToastyCaesar)\n|\n|t:|1700707972\n|start\n|switch|p1a: Great Tusk|Great Tusk|100\/100\n|switch|p2a: Maushold|Maushold-Four|100\/100\n|turn|1\n|\n|t:|1700707981\n|switch|p2a: Amoonguss|Amoonguss, M|100\/100\n|move|p1a: Great Tusk|Close Combat|p2a: Amoonguss\n|-resisted|p2a: Amoonguss\n|-damage|p2a: Amoonguss|76\/100\n|-unboost|p1a: Great Tusk|def|1\n|-unboost|p1a: Great Tusk|spd|1\n|\n|-heal|p2a: Amoonguss|82\/100|[from] item: Leftovers\n|upkeep\n|turn|2\n|\n|t:|1700707988\n|-end|p1a: Great Tusk|Protosynthesis|[silent]\n|switch|p1a: Toxapex|Toxapex, M|100\/100\n|move|p2a: Amoonguss|Spore|p1a: Toxapex\n|-status|p1a: Toxapex|slp|[from] move: Spore\n|\n|-heal|p2a: Amoonguss|89\/100|[from] item: Leftovers\n|upkeep\n|turn|3\n|\n|t:|1700707995\n|cant|p1a: Toxapex|slp\n|move|p2a: Amoonguss|Foul Play|p1a: Toxapex\n|-damage|p1a: Toxapex|91\/100 slp\n|\n|-heal|p2a: Amoonguss|95\/100|[from] item: Leftovers\n|upkeep\n|turn|4\n|\n|t:|1700708001\n|switch|p2a: Garganacl|Garganacl, F|100\/100\n|-curestatus|p1a: Toxapex|slp|[msg]\n|move|p1a: Toxapex|Infestation|p2a: Garganacl\n|-damage|p2a: Garganacl|97\/100\n|-activate|p2a: Garganacl|move: Infestation|[of] p1a: Toxapex\n|\n|-heal|p2a: Garganacl|100\/100|[from] item: Leftovers\n|-damage|p2a: Garganacl|88\/100|[from] move: Infestation|[partiallytrapped]\n|upkeep\n|turn|5\n|\n|t:|1700708005\n|move|p1a: Toxapex|Surf|p2a: Garganacl\n|-supereffective|p2a: Garganacl\n|-damage|p2a: Garganacl|52\/100\n|move|p2a: Garganacl|Salt Cure|p1a: Toxapex\n|-damage|p1a: Toxapex|79\/100\n|-start|p1a: Toxapex|Salt Cure\n|\n|-heal|p2a: Garganacl|58\/100|[from] item: Leftovers\n|-damage|p1a: Toxapex|54\/100|[from] Salt Cure\n|-damage|p2a: Garganacl|46\/100|[from] move: Infestation|[partiallytrapped]\n|upkeep\n|turn|6\n|\n|t:|1700708008\n|move|p2a: Garganacl|Recover|p2a: Garganacl\n|-heal|p2a: Garganacl|96\/100\n|move|p1a: Toxapex|Surf|p2a: Garganacl\n|-supereffective|p2a: Garganacl\n|-damage|p2a: Garganacl|56\/100\n|\n|-heal|p2a: Garganacl|62\/100|[from] item: Leftovers\n|-damage|p2a: Garganacl|50\/100|[from] move: Infestation|[partiallytrapped]\n|-damage|p1a: Toxapex|29\/100|[from] Salt Cure\n|upkeep\n|turn|7\n|\n|t:|1700708015\n|switch|p1a: Zamazenta|Zamazenta|100\/100\n|-ability|p1a: Zamazenta|Dauntless Shield|boost\n|-boost|p1a: Zamazenta|def|1\n|move|p2a: Garganacl|Earthquake|p1a: Zamazenta\n|-crit|p1a: Zamazenta\n|-damage|p1a: Zamazenta|74\/100\n|\n|-heal|p1a: Zamazenta|80\/100|[from] item: Leftovers\n|-heal|p2a: Garganacl|56\/100|[from] item: Leftovers\n|-end|p2a: Garganacl|Infestation|[partiallytrapped]|[silent]\n|upkeep\n|turn|8\n|\n|t:|1700708019\n|switch|p2a: Amoonguss|Amoonguss, M|100\/100\n|move|p1a: Zamazenta|Substitute|p1a: Zamazenta\n|-start|p1a: Zamazenta|Substitute\n|-damage|p1a: Zamazenta|56\/100\n|\n|-heal|p1a: Zamazenta|62\/100|[from] item: Leftovers\n|upkeep\n|turn|9\n|\n|t:|1700708025\n|move|p1a: Zamazenta|Iron Defense|p1a: Zamazenta\n|-boost|p1a: Zamazenta|def|2\n|move|p2a: Amoonguss|Sludge Bomb|p1a: Zamazenta\n|-end|p1a: Zamazenta|Substitute\n|\n|-heal|p1a: Zamazenta|68\/100|[from] item: Leftovers\n|upkeep\n|turn|10\n|\n|t:|1700708030\n|move|p1a: Zamazenta|Substitute|p1a: Zamazenta\n|-start|p1a: Zamazenta|Substitute\n|-damage|p1a: Zamazenta|43\/100\n|move|p2a: Amoonguss|Sludge Bomb|p1a: Zamazenta\n|-end|p1a: Zamazenta|Substitute\n|\n|-heal|p1a: Zamazenta|49\/100|[from] item: Leftovers\n|upkeep\n|turn|11\n|\n|t:|1700708031\n|move|p1a: Zamazenta|Body Press|p2a: Amoonguss\n|-resisted|p2a: Amoonguss\n|-damage|p2a: Amoonguss|63\/100\n|move|p2a: Amoonguss|Spore|p1a: Zamazenta\n|-status|p1a: Zamazenta|slp|[from] move: Spore\n|\n|-heal|p1a: Zamazenta|55\/100 slp|[from] item: Leftovers\n|-heal|p2a: Amoonguss|69\/100|[from] item: Leftovers\n|upkeep\n|turn|12\n|\n|t:|1700708061\n|switch|p1a: Zapdos|Zapdos|100\/100\n|switch|p2a: Maushold|Maushold-Four|100\/100\n|\n|upkeep\n|turn|13\n|\n|t:|1700708067\n|move|p2a: Maushold|Tidy Up|p2a: Maushold\n|-boost|p2a: Maushold|atk|1\n|-boost|p2a: Maushold|spe|1\n|move|p1a: Zapdos|Volt Switch|p2a: Maushold\n|-damage|p2a: Maushold|38\/100\n|\n|t:|1700708073\n|switch|p1a: Ribombee|Ribombee, F|100\/100|[from] Volt Switch\n|\n|upkeep\n|turn|14\n|\n|t:|1700708081\n|move|p2a: Maushold|Bite|p1a: Ribombee\n|-supereffective|p1a: Ribombee\n|-damage|p1a: Ribombee|0 fnt\n|replace|p1a: Zoroark|Zoroark-Hisui, F\n|-end|p1a: Zoroark|Illusion\n|faint|p1a: Zoroark\n|\n|upkeep\n|\n|t:|1700708084\n|switch|p1a: Zapdos|Zapdos|100\/100\n|turn|15\n|c|\u2606EL Tim Tim|ez read\n|\n|t:|1700708091\n|move|p2a: Maushold|Population Bomb|p1a: Zapdos\n|-damage|p1a: Zapdos|80\/100\n|-damage|p1a: Zapdos|60\/100\n|-status|p2a: Maushold|par|[from] ability: Static|[of] p1a: Zapdos\n|-damage|p1a: Zapdos|40\/100\n|-damage|p1a: Zapdos|21\/100\n|-damage|p1a: Zapdos|0 fnt\n|faint|p1a: Zapdos\n|-hitcount|p1: Zapdos|5\n|\n|upkeep\n|\n|t:|1700708102\n|switch|p1a: Ribombee|Ribombee, F|100\/100\n|turn|16\n|\n|t:|1700708106\n|move|p1a: Ribombee|Moonblast|p2a: Maushold\n|-damage|p2a: Maushold|0 fnt\n|faint|p2a: Maushold\n|\n|upkeep\n|\n|t:|1700708122\n|switch|p2a: Garganacl|Garganacl, F|56\/100\n|turn|17\n|\n|t:|1700708128\n|switch|p1a: Zamazenta|Zamazenta|55\/100 slp\n|move|p2a: Garganacl|Recover|p2a: Garganacl\n|-heal|p2a: Garganacl|100\/100\n|\n|-heal|p1a: Zamazenta|61\/100 slp|[from] item: Leftovers\n|upkeep\n|turn|18\n|\n|t:|1700708131\n|cant|p1a: Zamazenta|slp\n|move|p2a: Garganacl|Salt Cure|p1a: Zamazenta\n|-resisted|p1a: Zamazenta\n|-damage|p1a: Zamazenta|56\/100 slp\n|-start|p1a: Zamazenta|Salt Cure\n|\n|-heal|p1a: Zamazenta|62\/100 slp|[from] item: Leftovers\n|-damage|p1a: Zamazenta|50\/100 slp|[from] Salt Cure\n|upkeep\n|turn|19\n|\n|t:|1700708134\n|switch|p1a: Great Tusk|Great Tusk|100\/100\n|-terastallize|p2a: Garganacl|Fairy\n|move|p2a: Garganacl|Iron Defense|p2a: Garganacl\n|-boost|p2a: Garganacl|def|2\n|\n|upkeep\n|turn|20\n|\n|t:|1700708136\n|move|p1a: Great Tusk|Knock Off|p2a: Garganacl\n|-resisted|p2a: Garganacl\n|-damage|p2a: Garganacl|95\/100\n|-enditem|p2a: Garganacl|Leftovers|[from] move: Knock Off|[of] p1a: Great Tusk\n|move|p2a: Garganacl|Salt Cure|p1a: Great Tusk\n|-resisted|p1a: Great Tusk\n|-damage|p1a: Great Tusk|98\/100\n|-start|p1a: Great Tusk|Salt Cure\n|\n|-heal|p1a: Great Tusk|100\/100|[from] item: Leftovers\n|-damage|p1a: Great Tusk|88\/100|[from] Salt Cure\n|upkeep\n|turn|21\n|c|\u2606ToastyCaesar|na im done\n|c|\u2606ToastyCaesar|gg with your cheap bs\n|-message|ToastyCaesar forfeited.\n|\n|win|EL Tim Tim\n|raw|ToastyCaesar's rating: 1403 &rarr; <strong>1381<\/strong><br \/>(-22 for losing)\n|raw|EL Tim Tim's rating: 1367 &rarr; <strong>1389<\/strong><br \/>(+22 for winning)\n|l|\u2606ToastyCaesar\n","uploadtime":1700709322,"views":2,"p1id":"toastycaesar","p2id":"eltimtim","formatid":"gen9ou","rating":1381,"private":0,"password":""}