{"id":"gen9ou-1988928942","p1":"Lumpbag","p2":"wyverbal","format":"[Gen 9] OU","log":"|j|\u2606Lumpbag\n|j|\u2606wyverbal\n|t:|1699789570\n|gametype|singles\n|player|p1|Lumpbag|skyla|1081\n|player|p2|wyverbal|2|1075\n|teamsize|p1|6\n|teamsize|p2|6\n|gen|9\n|tier|[Gen 9] OU\n|rated|\n|rule|Sleep Clause Mod: Limit one foe put to sleep\n|rule|Species Clause: Limit one of each Pok\u00e9mon\n|rule|OHKO Clause: OHKO moves are banned\n|rule|Evasion Items Clause: Evasion items are banned\n|rule|Evasion Moves Clause: Evasion moves are banned\n|rule|Endless Battle Clause: Forcing endless battles is banned\n|rule|HP Percentage Mod: HP is shown in percentages\n|clearpoke\n|poke|p1|Alomomola, F|\n|poke|p1|Slowking-Galar, F|\n|poke|p1|Kingambit, F|\n|poke|p1|Great Tusk|\n|poke|p1|Cinderace, F|\n|poke|p1|Thundurus-Therian, M|\n|poke|p2|Mew|\n|poke|p2|Copperajah, M|\n|poke|p2|Weavile, F|\n|poke|p2|Dusknoir, F|\n|poke|p2|Mandibuzz, F|\n|poke|p2|Lucario, M|\n|teampreview\n|inactive|Battle timer is ON: inactive players will automatically lose when time's up. (requested by Lumpbag)\n|inactive|wyverbal also wants the timer to be on.\n|\n|t:|1699789594\n|start\n|switch|p1a: Thundurus|Thundurus-Therian, M|100\/100\n|switch|p2a: Dusknoir|Dusknoir, F, shiny|100\/100\n|-ability|p2a: Dusknoir|Pressure\n|turn|1\n|\n|t:|1699789603\n|-terastallize|p1a: Thundurus|Flying\n|move|p1a: Thundurus|Tera Blast|p2a: Dusknoir|[anim] Tera Blast Flying\n|-damage|p2a: Dusknoir|18\/100\n|move|p2a: Dusknoir|Taunt|p1a: Thundurus\n|-start|p1a: Thundurus|move: Taunt\n|\n|-heal|p2a: Dusknoir|24\/100|[from] item: Leftovers\n|upkeep\n|turn|2\n|\n|t:|1699789615\n|switch|p2a: Copperajah|Copperajah, M, shiny|100\/100\n|move|p1a: Thundurus|Tera Blast|p2a: Copperajah|[anim] Tera Blast Flying\n|-resisted|p2a: Copperajah\n|-damage|p2a: Copperajah|54\/100\n|\n|upkeep\n|turn|3\n|\n|t:|1699789625\n|switch|p1a: Cinderace|Cinderace, F|100\/100\n|move|p2a: Copperajah|Iron Head|p1a: Cinderace\n|-resisted|p1a: Cinderace\n|-damage|p1a: Cinderace|47\/100\n|\n|upkeep\n|turn|4\n|\n|t:|1699789634\n|switch|p2a: Dusknoir|Dusknoir, F, shiny|24\/100\n|-ability|p2a: Dusknoir|Pressure\n|move|p1a: Cinderace|Pyro Ball|p2a: Dusknoir|[miss]\n|-miss|p1a: Cinderace|p2a: Dusknoir\n|\n|-heal|p2a: Dusknoir|30\/100|[from] item: Leftovers\n|upkeep\n|turn|5\n|\n|t:|1699789648\n|move|p1a: Cinderace|Pyro Ball|p2a: Dusknoir\n|-damage|p2a: Dusknoir|0 fnt\n|faint|p2a: Dusknoir\n|\n|upkeep\n|\n|t:|1699789654\n|switch|p2a: Mandibuzz|Mandibuzz, F, shiny|100\/100\n|turn|6\n|\n|t:|1699789663\n|move|p1a: Cinderace|U-turn|p2a: Mandibuzz\n|-start|p1a: Cinderace|typechange|Bug|[from] ability: Libero\n|-damage|p2a: Mandibuzz|81\/100\n|\n|t:|1699789673\n|switch|p1a: Alomomola|Alomomola, F|100\/100|[from] U-turn\n|move|p2a: Mandibuzz|Foul Play|p1a: Alomomola\n|-damage|p1a: Alomomola|85\/100\n|-enditem|p1a: Alomomola|Red Card|[of] p2a: Mandibuzz\n|drag|p2a: Mew|Mew, shiny|100\/100\n|\n|upkeep\n|turn|7\n|\n|t:|1699789686\n|move|p2a: Mew|Dragon Dance|p2a: Mew\n|-boost|p2a: Mew|atk|1\n|-boost|p2a: Mew|spe|1\n|move|p1a: Alomomola|Wish|p1a: Alomomola\n|\n|upkeep\n|turn|8\n|\n|t:|1699789711\n|switch|p1a: Kingambit|Kingambit, F|100\/100\n|move|p2a: Mew|Dragon Dance|p2a: Mew\n|-boost|p2a: Mew|atk|1\n|-boost|p2a: Mew|spe|1\n|\n|upkeep\n|turn|9\n|\n|t:|1699789719\n|-terastallize|p2a: Mew|Ground\n|move|p2a: Mew|High Horsepower|p1a: Kingambit\n|-supereffective|p1a: Kingambit\n|-damage|p1a: Kingambit|0 fnt\n|faint|p1a: Kingambit\n|-end|p1a: Kingambit|fallenundefined|[silent]\n|\n|upkeep\n|\n|t:|1699789733\n|switch|p1a: Great Tusk|Great Tusk|100\/100\n|turn|10\n|\n|t:|1699789736\n|move|p2a: Mew|Psychic Fangs|p1a: Great Tusk\n|-supereffective|p1a: Great Tusk\n|-damage|p1a: Great Tusk|0 fnt\n|-damage|p2a: Mew|84\/100|[from] item: Rocky Helmet|[of] p1a: Great Tusk\n|faint|p1a: Great Tusk\n|-end|p1a: Great Tusk|Protosynthesis|[silent]\n|\n|upkeep\n|-message|Lumpbag forfeited.\n|\n|win|wyverbal\n|raw|Lumpbag's rating: 1081 &rarr; <strong>1058<\/strong><br \/>(-23 for losing)\n|raw|wyverbal's rating: 1075 &rarr; <strong>1104<\/strong><br \/>(+29 for winning)\n|l|\u2606Lumpbag\n","uploadtime":1699789749,"views":11,"p1id":"lumpbag","p2id":"wyverbal","formatid":"gen9ou","rating":1058,"private":0,"password":""}