{"id":"gen9ou-1992557488","p1":"RUMYMOME","p2":"supermarrrioo","format":"[Gen 9] OU","log":"|j|\u2606RUMYMOME\n|j|\u2606supermarrrioo\n|inactive|Battle timer is ON: inactive players will automatically lose when time's up.\n|t:|1700205354\n|gametype|singles\n|player|p1|RUMYMOME|marshal|\n|player|p2|supermarrrioo|gambler|\n|teamsize|p1|6\n|teamsize|p2|6\n|gen|9\n|tier|[Gen 9] OU\n|rated|Tournament battle\n|rule|Sleep Clause Mod: Limit one foe put to sleep\n|rule|Species Clause: Limit one of each Pok\u00e9mon\n|rule|OHKO Clause: OHKO moves are banned\n|rule|Evasion Items Clause: Evasion items are banned\n|rule|Evasion Moves Clause: Evasion moves are banned\n|rule|Endless Battle Clause: Forcing endless battles is banned\n|rule|HP Percentage Mod: HP is shown in percentages\n|rule|Force of the Fallen Mod: Pok&\u00e9mon pass the move in their last moveslot to their allies when they're KOed\n|rule|Sleep Moves Clause: Sleep-inducing moves are banned\n|rule|Terastal Clause: You cannot Terastallize\n|clearpoke\n|poke|p1|Meowscarada, F|\n|poke|p1|Walking Wake|\n|poke|p1|Torkoal, F|\n|poke|p1|Dragonite, M|\n|poke|p1|Hoopa-Unbound|\n|poke|p1|Glimmora, F|\n|poke|p2|Slowking, F|\n|poke|p2|Zapdos|\n|poke|p2|Ting-Lu|\n|poke|p2|Zamazenta-*|\n|poke|p2|Gholdengo|\n|poke|p2|Amoonguss, F|\n|teampreview\n|j|*Lady Monita \u2746\n|\n|t:|1700205368\n|start\n|switch|p1a: Glimmora|Glimmora, F|100\/100\n|switch|p2a: Zapdos|Zapdos|100\/100\n|turn|1\n|\n|t:|1700205373\n|move|p2a: Zapdos|Volt Switch|p1a: Glimmora\n|-damage|p1a: Glimmora|56\/100\n|\n|t:|1700205377\n|switch|p2a: Ting-Lu|Ting-Lu|100\/100|[from] Volt Switch\n|-ability|p2a: Ting-Lu|Vessel of Ruin\n|move|p1a: Glimmora|Power Gem|p2a: Ting-Lu\n|-resisted|p2a: Ting-Lu\n|-damage|p2a: Ting-Lu|91\/100\n|\n|upkeep\n|turn|2\n|\n|t:|1700205383\n|move|p1a: Glimmora|Earth Power|p2a: Ting-Lu\n|-damage|p2a: Ting-Lu|79\/100\n|move|p2a: Ting-Lu|Earthquake|p1a: Glimmora\n|-supereffective|p1a: Glimmora\n|-damage|p1a: Glimmora|0 fnt\n|-activate|p1a: Glimmora|ability: Toxic Debris\n|-sidestart|p2: supermarrrioo|move: Toxic Spikes\n|faint|p1a: Glimmora\n|\n|upkeep\n|j| archieapplewoe\n|\n|t:|1700205395\n|switch|p1a: Meowscarada|Meowscarada, F|100\/100\n|turn|3\n|\n|t:|1700205399\n|switch|p2a: Amoonguss|Amoonguss, F|100\/100\n|-sideend|p2: supermarrrioo|move: Toxic Spikes|[of] p2a: Amoonguss\n|move|p1a: Meowscarada|Flower Trick|p2a: Amoonguss\n|-start|p1a: Meowscarada|typechange|Grass|[from] ability: Protean\n|-resisted|p2a: Amoonguss\n|-crit|p2a: Amoonguss\n|-damage|p2a: Amoonguss|91\/100\n|\n|upkeep\n|turn|4\n|\n|t:|1700205403\n|move|p1a: Meowscarada|U-turn|p2a: Amoonguss\n|-damage|p2a: Amoonguss|74\/100\n|\n|t:|1700205407\n|switch|p1a: Torkoal|Torkoal, F|100\/100|[from] U-turn\n|-weather|SunnyDay|[from] ability: Drought|[of] p1a: Torkoal\n|move|p2a: Amoonguss|Sludge Bomb|p1a: Torkoal\n|-damage|p1a: Torkoal|57\/100\n|\n|-weather|SunnyDay|[upkeep]\n|upkeep\n|turn|5\n|\n|t:|1700205411\n|move|p2a: Amoonguss|Toxic|p1a: Torkoal\n|-status|p1a: Torkoal|tox\n|move|p1a: Torkoal|Fire Blast|p2a: Amoonguss\n|-supereffective|p2a: Amoonguss\n|-damage|p2a: Amoonguss|0 fnt\n|faint|p2a: Amoonguss\n|\n|-weather|SunnyDay|[upkeep]\n|-damage|p1a: Torkoal|51\/100 tox|[from] psn\n|upkeep\n|\n|t:|1700205423\n|switch|p2a: Slowking|Slowking, F|100\/100\n|turn|6\n|l| archieapplewoe\n|inactive|RUMYMOME has 120 seconds left.\n|inactive|RUMYMOME has 90 seconds left.\n|inactive|RUMYMOME has 60 seconds left.\n|\n|t:|1700205537\n|move|p1a: Torkoal|Solar Beam||[still]\n|-prepare|p1a: Torkoal|Solar Beam\n|-anim|p1a: Torkoal|Solar Beam|p2a: Slowking\n|-supereffective|p2a: Slowking\n|-damage|p2a: Slowking|58\/100\n|move|p2a: Slowking|Scald|p1a: Torkoal\n|-supereffective|p1a: Torkoal\n|-damage|p1a: Torkoal|10\/100 tox\n|\n|-weather|SunnyDay|[upkeep]\n|-damage|p1a: Torkoal|0 fnt|[from] psn\n|faint|p1a: Torkoal\n|upkeep\n|inactive|RUMYMOME has 30 seconds left.\n|inactive|RUMYMOME has 20 seconds left.\n|inactive|RUMYMOME has 15 seconds left.\n|inactive|RUMYMOME has 10 seconds left.\n|inactive|RUMYMOME has 5 seconds left.\n|\n|t:|1700205579\n|switch|p1a: Meowscarada|Meowscarada, F|100\/100\n|turn|7\n|inactive|RUMYMOME has 15 seconds left this turn.\n|inactive|RUMYMOME has 10 seconds left.\n|\n|t:|1700205608\n|move|p1a: Meowscarada|U-turn|p2a: Slowking\n|-start|p1a: Meowscarada|typechange|Bug|[from] ability: Protean\n|-supereffective|p2a: Slowking\n|-damage|p2a: Slowking|0 fnt\n|faint|p2a: Slowking\n|inactive|RUMYMOME has 15 seconds left this turn.\n|inactive|RUMYMOME has 10 seconds left.\n|\n|t:|1700205617\n|switch|p1a: Dragonite|Dragonite, M|100\/100|[from] U-turn\n|\n|-weather|SunnyDay|[upkeep]\n|upkeep\n|inactive|RUMYMOME has 15 seconds left this turn.\n|inactive|supermarrrioo has 120 seconds left.\n|\n|t:|1700205635\n|switch|p2a: Zapdos|Zapdos|100\/100\n|turn|8\n|inactive|RUMYMOME has 25 seconds left this turn.\n|\n|t:|1700205639\n|move|p2a: Zapdos|Volt Switch|p1a: Dragonite\n|-damage|p1a: Dragonite|83\/100\n|inactive|RUMYMOME has 30 seconds left this turn.\n|\n|t:|1700205645\n|switch|p2a: Zamazenta|Zamazenta|100\/100|[from] Volt Switch\n|-ability|p2a: Zamazenta|Dauntless Shield|boost\n|-boost|p2a: Zamazenta|def|1\n|move|p1a: Dragonite|Dragon Dance|p1a: Dragonite\n|-boost|p1a: Dragonite|atk|1\n|-boost|p1a: Dragonite|spe|1\n|\n|-weather|SunnyDay|[upkeep]\n|upkeep\n|turn|9\n|\n|t:|1700205651\n|move|p1a: Dragonite|Dragon Dance|p1a: Dragonite\n|-boost|p1a: Dragonite|atk|1\n|-boost|p1a: Dragonite|spe|1\n|move|p2a: Zamazenta|Stone Edge|p1a: Dragonite\n|-supereffective|p1a: Dragonite\n|-crit|p1a: Dragonite\n|-damage|p1a: Dragonite|0 fnt\n|faint|p1a: Dragonite\n|\n|-weather|SunnyDay|[upkeep]\n|upkeep\n|\n|t:|1700205660\n|switch|p1a: Walking Wake|Walking Wake|100\/100\n|-activate|p1a: Walking Wake|ability: Protosynthesis\n|-start|p1a: Walking Wake|protosynthesisspe\n|turn|10\n|\n|t:|1700205680\n|move|p1a: Walking Wake|Hydro Steam|p2a: Zamazenta\n|-damage|p2a: Zamazenta|35\/100\n|-damage|p1a: Walking Wake|91\/100|[from] item: Life Orb\n|move|p2a: Zamazenta|Close Combat|p1a: Walking Wake\n|-damage|p1a: Walking Wake|30\/100\n|-unboost|p2a: Zamazenta|def|1\n|-unboost|p2a: Zamazenta|spd|1\n|\n|-weather|SunnyDay|[upkeep]\n|upkeep\n|turn|11\n|\n|t:|1700205685\n|move|p1a: Walking Wake|Hydro Steam|p2a: Zamazenta\n|-damage|p2a: Zamazenta|0 fnt\n|faint|p2a: Zamazenta\n|-damage|p1a: Walking Wake|21\/100|[from] item: Life Orb\n|\n|-weather|none\n|-end|p1a: Walking Wake|Protosynthesis\n|upkeep\n|\n|t:|1700205688\n|switch|p2a: Zapdos|Zapdos|100\/100\n|turn|12\n|\n|t:|1700205694\n|move|p1a: Walking Wake|Dragon Pulse|p2a: Zapdos\n|-damage|p2a: Zapdos|41\/100\n|-damage|p1a: Walking Wake|11\/100|[from] item: Life Orb\n|move|p2a: Zapdos|Volt Switch|p1a: Walking Wake\n|-damage|p1a: Walking Wake|0 fnt\n|faint|p1a: Walking Wake\n|-end|p1a: Walking Wake|Protosynthesis|[silent]\n|\n|t:|1700205701\n|switch|p2a: Gholdengo|Gholdengo|100\/100|[from] Volt Switch\n|\n|upkeep\n|\n|t:|1700205708\n|switch|p1a: Meowscarada|Meowscarada, F|100\/100\n|turn|13\n|\n|t:|1700205718\n|switch|p2a: Zapdos|Zapdos|41\/100\n|move|p1a: Meowscarada|Dragon Dance|p1a: Meowscarada\n|-start|p1a: Meowscarada|typechange|Dragon|[from] ability: Protean\n|-boost|p1a: Meowscarada|atk|1\n|-boost|p1a: Meowscarada|spe|1\n|\n|upkeep\n|turn|14\n|\n|t:|1700205735\n|move|p1a: Meowscarada|Dragon Dance|p1a: Meowscarada\n|-boost|p1a: Meowscarada|atk|1\n|-boost|p1a: Meowscarada|spe|1\n|move|p2a: Zapdos|Slack Off|p2a: Zapdos\n|-heal|p2a: Zapdos|91\/100\n|\n|upkeep\n|turn|15\n|\n|t:|1700205749\n|move|p1a: Meowscarada|Knock Off|p2a: Zapdos\n|-damage|p2a: Zapdos|20\/100\n|-enditem|p2a: Zapdos|Heavy-Duty Boots|[from] move: Knock Off|[of] p1a: Meowscarada\n|move|p2a: Zapdos|Hurricane|p1a: Meowscarada\n|-damage|p1a: Meowscarada|10\/100\n|\n|upkeep\n|turn|16\n|\n|t:|1700205757\n|move|p1a: Meowscarada|Knock Off|p2a: Zapdos\n|-damage|p2a: Zapdos|0 fnt\n|-status|p1a: Meowscarada|par|[from] ability: Static|[of] p2a: Zapdos\n|faint|p2a: Zapdos\n|\n|upkeep\n|\n|t:|1700205766\n|switch|p2a: Ting-Lu|Ting-Lu|79\/100\n|-ability|p2a: Ting-Lu|Vessel of Ruin\n|turn|17\n|\n|t:|1700205777\n|move|p1a: Meowscarada|Flower Trick|p2a: Ting-Lu\n|-supereffective|p2a: Ting-Lu\n|-crit|p2a: Ting-Lu\n|-damage|p2a: Ting-Lu|13\/100\n|move|p2a: Ting-Lu|Earthquake|p1a: Meowscarada\n|-damage|p1a: Meowscarada|0 fnt\n|faint|p1a: Meowscarada\n|\n|upkeep\n|\n|t:|1700205780\n|switch|p1a: Hoopa|Hoopa-Unbound|100\/100\n|turn|18\n|inactive|RUMYMOME has 90 seconds left.\n|\n|t:|1700205812\n|move|p1a: Hoopa|Flower Trick|p2a: Ting-Lu\n|-supereffective|p2a: Ting-Lu\n|-crit|p2a: Ting-Lu\n|-damage|p2a: Ting-Lu|0 fnt\n|faint|p2a: Ting-Lu\n|\n|upkeep\n|\n|t:|1700205824\n|switch|p2a: Gholdengo|Gholdengo|100\/100\n|turn|19\n|\n|t:|1700205833\n|move|p2a: Gholdengo|Make It Rain|p1a: Hoopa\n|-damage|p1a: Hoopa|19\/100\n|-unboost|p2a: Gholdengo|spa|1\n|move|p1a: Hoopa|Dragon Dance|p1a: Hoopa\n|-boost|p1a: Hoopa|atk|1\n|-boost|p1a: Hoopa|spe|1\n|\n|upkeep\n|turn|20\n|\n|t:|1700205841\n|move|p1a: Hoopa|Hyperspace Fury|p2a: Gholdengo\n|-supereffective|p2a: Gholdengo\n|-damage|p2a: Gholdengo|0 fnt\n|-unboost|p1a: Hoopa|def|1\n|faint|p2a: Gholdengo\n|\n|win|RUMYMOME\n|n|\u2606RUMYMOME|rumymome\n|n|\u2606supermarrrioo|supermarrrioo\n|n|*Lady Monita \u2746|ladymonita\n","uploadtime":1700205842,"views":11,"p1id":"rumymome","p2id":"supermarrrioo","formatid":"gen9ou","rating":0,"private":0,"password":""}