{"id":"gen9ou-1991195221","p1":"Nada1998","p2":"Belike","format":"[Gen 9] OU","log":"|j|\u2606Nada1998\n|j|\u2606Belike\n|t:|1700055901\n|gametype|singles\n|player|p1|Nada1998|266|1419\n|player|p2|Belike|richboy-gen4|1519\n|teamsize|p1|6\n|teamsize|p2|6\n|gen|9\n|tier|[Gen 9] OU\n|rated|\n|rule|Sleep Clause Mod: Limit one foe put to sleep\n|rule|Species Clause: Limit one of each Pok\u00e9mon\n|rule|OHKO Clause: OHKO moves are banned\n|rule|Evasion Items Clause: Evasion items are banned\n|rule|Evasion Moves Clause: Evasion moves are banned\n|rule|Endless Battle Clause: Forcing endless battles is banned\n|rule|HP Percentage Mod: HP is shown in percentages\n|clearpoke\n|poke|p1|Mandibuzz, F|\n|poke|p1|Heatran, F|\n|poke|p1|Landorus-Therian, M|\n|poke|p1|Ogerpon-Wellspring, F|\n|poke|p1|Iron Valiant|\n|poke|p1|Dragapult, M|\n|poke|p2|Iron Treads|\n|poke|p2|Scizor, M|\n|poke|p2|Greninja-*, M|\n|poke|p2|Zamazenta-*|\n|poke|p2|Hatterene, F|\n|poke|p2|Moltres-Galar|\n|teampreview\n|inactive|Battle timer is ON: inactive players will automatically lose when time's up. (requested by Belike)\n|inactive|Nada1998 has 120 seconds left.\n|inactive|Nada1998 has 90 seconds left.\n|inactive|Nada1998 has 60 seconds left.\n|\n|t:|1700055997\n|start\n|switch|p1a: Dragapult|Dragapult, M|100\/100\n|switch|p2a: Greninja|Greninja, M|100\/100\n|turn|1\n|inactive|Nada1998 has 120 seconds left.\n|inactive|Nada1998 has 90 seconds left.\n|\n|t:|1700056035\n|move|p1a: Dragapult|U-turn|p2a: Greninja\n|-supereffective|p2a: Greninja\n|-damage|p2a: Greninja|42\/100\n|inactive|Nada1998 has 90 seconds left.\n|\n|t:|1700056041\n|switch|p1a: Heatran|Heatran, F|100\/100|[from] U-turn\n|move|p2a: Greninja|U-turn|p1a: Heatran\n|-resisted|p1a: Heatran\n|-damage|p1a: Heatran|97\/100\n|-damage|p2a: Greninja|32\/100|[from] item: Life Orb\n|\n|t:|1700056047\n|switch|p2a: Iron Treads|Iron Treads|100\/100|[from] U-turn\n|\n|-heal|p1a: Heatran|100\/100|[from] item: Leftovers\n|upkeep\n|turn|2\n|inactive|Nada1998 has 90 seconds left.\n|c|\u2606Belike|the thinker\n|inactive|Nada1998 has 60 seconds left.\n|c|\u2606Belike|what are you calcin eq kills you\n|\n|t:|1700056108\n|switch|p1a: Mandibuzz|Mandibuzz, F|100\/100\n|move|p2a: Iron Treads|Stealth Rock|p1a: Mandibuzz\n|-sidestart|p1: Nada1998|move: Stealth Rock\n|\n|upkeep\n|turn|3\n|\n|t:|1700056116\n|-end|p2a: Iron Treads|Quark Drive|[silent]\n|switch|p2a: Moltres|Moltres-Galar|100\/100\n|move|p1a: Mandibuzz|Defog|p2a: Moltres\n|-unboost|p2a: Moltres|evasion|1\n|-sideend|p1: Nada1998|Stealth Rock|[from] move: Defog|[of] p1a: Mandibuzz\n|\n|upkeep\n|turn|4\n|\n|t:|1700056123\n|move|p2a: Moltres|Agility|p2a: Moltres\n|-boost|p2a: Moltres|spe|2\n|move|p1a: Mandibuzz|Toxic|p2a: Moltres\n|-status|p2a: Moltres|tox\n|\n|-damage|p2a: Moltres|94\/100 tox|[from] psn\n|upkeep\n|turn|5\n|inactive|Nada1998 has 60 seconds left.\n|\n|t:|1700056133\n|move|p2a: Moltres|Agility|p2a: Moltres\n|-boost|p2a: Moltres|spe|2\n|move|p1a: Mandibuzz|U-turn|p2a: Moltres\n|-damage|p2a: Moltres|84\/100 tox\n|inactive|Nada1998 has 60 seconds left.\n|\n|t:|1700056138\n|switch|p1a: Heatran|Heatran, F|100\/100|[from] U-turn\n|\n|-damage|p2a: Moltres|72\/100 tox|[from] psn\n|upkeep\n|turn|6\n|\n|t:|1700056145\n|move|p2a: Moltres|Nasty Plot|p2a: Moltres\n|-boost|p2a: Moltres|spa|2\n|move|p1a: Heatran|Taunt|p2a: Moltres\n|-start|p2a: Moltres|move: Taunt\n|\n|-damage|p2a: Moltres|53\/100 tox|[from] psn\n|upkeep\n|turn|7\n|\n|t:|1700056153\n|move|p2a: Moltres|Fiery Wrath|p1a: Heatran\n|-damage|p1a: Heatran|45\/100\n|cant|p1a: Heatran|flinch\n|\n|-heal|p1a: Heatran|51\/100|[from] item: Leftovers\n|-damage|p2a: Moltres|28\/100 tox|[from] psn\n|upkeep\n|turn|8\n|\n|t:|1700056160\n|switch|p1a: Mandibuzz|Mandibuzz, F|100\/100\n|move|p2a: Moltres|Fiery Wrath|p1a: Mandibuzz\n|-resisted|p1a: Mandibuzz\n|-damage|p1a: Mandibuzz|77\/100\n|\n|-damage|p2a: Moltres|0 fnt|[from] psn\n|faint|p2a: Moltres\n|upkeep\n|\n|t:|1700056170\n|switch|p2a: Scizor|Scizor, M|100\/100\n|turn|9\n|\n|t:|1700056190\n|switch|p1a: Landorus|Landorus-Therian, M|100\/100\n|-ability|p1a: Landorus|Intimidate|boost\n|-unboost|p2a: Scizor|atk|1\n|move|p2a: Scizor|U-turn|p1a: Landorus\n|-resisted|p1a: Landorus\n|-damage|p1a: Landorus|86\/100\n|-damage|p2a: Scizor|84\/100|[from] item: Rocky Helmet|[of] p1a: Landorus\n|\n|t:|1700056197\n|switch|p2a: Greninja|Greninja, M|32\/100|[from] U-turn\n|\n|upkeep\n|turn|10\n|\n|t:|1700056218\n|switch|p1a: Mandibuzz|Mandibuzz, F|77\/100\n|move|p2a: Greninja|Dark Pulse|p1a: Mandibuzz\n|-resisted|p1a: Mandibuzz\n|-damage|p1a: Mandibuzz|64\/100\n|-damage|p2a: Greninja|23\/100|[from] item: Life Orb\n|\n|upkeep\n|turn|11\n|\n|t:|1700056226\n|move|p2a: Greninja|Ice Beam|p1a: Mandibuzz\n|-supereffective|p1a: Mandibuzz\n|-damage|p1a: Mandibuzz|23\/100\n|-damage|p2a: Greninja|13\/100|[from] item: Life Orb\n|move|p1a: Mandibuzz|Roost|p1a: Mandibuzz\n|-heal|p1a: Mandibuzz|73\/100\n|-singleturn|p1a: Mandibuzz|move: Roost\n|\n|upkeep\n|turn|12\n|\n|t:|1700056233\n|move|p2a: Greninja|Ice Beam|p1a: Mandibuzz\n|-supereffective|p1a: Mandibuzz\n|-damage|p1a: Mandibuzz|30\/100\n|-damage|p2a: Greninja|3\/100|[from] item: Life Orb\n|move|p1a: Mandibuzz|Roost|p1a: Mandibuzz\n|-heal|p1a: Mandibuzz|80\/100\n|-singleturn|p1a: Mandibuzz|move: Roost\n|\n|upkeep\n|turn|13\n|\n|t:|1700056242\n|switch|p1a: Heatran|Heatran, F|51\/100\n|move|p2a: Greninja|Surf|p1a: Heatran\n|-supereffective|p1a: Heatran\n|-damage|p1a: Heatran|0 fnt\n|faint|p1a: Heatran\n|-ability|p2a: Greninja|Battle Bond|boost\n|-boost|p2a: Greninja|atk|1\n|-boost|p2a: Greninja|spa|1\n|-boost|p2a: Greninja|spe|1\n|-activate|p2a: Greninja|ability: Battle Bond\n|-damage|p2a: Greninja|0 fnt|[from] item: Life Orb\n|faint|p2a: Greninja\n|\n|upkeep\n|inactive|Nada1998 has 90 seconds left.\n|n|!Belike|belike\n|\n|t:|1700056260\n|switch|p2a: Scizor|Scizor, M|84\/100\n|switch|p1a: Landorus|Landorus-Therian, M|86\/100\n|-ability|p1a: Landorus|Intimidate|boost\n|-unboost|p2a: Scizor|atk|1\n|turn|14\n|inactive|Nada1998 has 90 seconds left.\n|inactive|Nada1998 has 60 seconds left.\n|\n|t:|1700056305\n|switch|p2a: Hatterene|Hatterene, F|100\/100\n|move|p1a: Landorus|U-turn|p2a: Hatterene\n|-damage|p2a: Hatterene|74\/100\n|\n|t:|1700056312\n|switch|p1a: Dragapult|Dragapult, M|100\/100|[from] U-turn\n|\n|-heal|p2a: Hatterene|80\/100|[from] item: Leftovers\n|upkeep\n|turn|15\n|\n|t:|1700056318\n|move|p1a: Dragapult|Shadow Ball|p2a: Hatterene\n|-supereffective|p2a: Hatterene\n|-damage|p2a: Hatterene|0 fnt\n|faint|p2a: Hatterene\n|\n|upkeep\n|\n|t:|1700056324\n|switch|p2a: Zamazenta|Zamazenta|100\/100\n|-ability|p2a: Zamazenta|Dauntless Shield|boost\n|-boost|p2a: Zamazenta|def|1\n|turn|16\n|inactive|Nada1998 has 60 seconds left.\n|\n|t:|1700056349\n|move|p1a: Dragapult|Shadow Ball|p2a: Zamazenta\n|-damage|p2a: Zamazenta|58\/100\n|move|p2a: Zamazenta|Trailblaze|p1a: Dragapult\n|-resisted|p1a: Dragapult\n|-damage|p1a: Dragapult|89\/100\n|-boost|p2a: Zamazenta|spe|1\n|\n|-heal|p2a: Zamazenta|64\/100|[from] item: Leftovers\n|upkeep\n|turn|17\n|\n|t:|1700056359\n|move|p2a: Zamazenta|Crunch|p1a: Dragapult\n|-supereffective|p1a: Dragapult\n|-damage|p1a: Dragapult|21\/100\n|move|p1a: Dragapult|Shadow Ball|p2a: Zamazenta\n|-damage|p2a: Zamazenta|24\/100\n|\n|-heal|p2a: Zamazenta|31\/100|[from] item: Leftovers\n|upkeep\n|turn|18\n|\n|t:|1700056367\n|switch|p1a: Landorus|Landorus-Therian, M|86\/100\n|-ability|p1a: Landorus|Intimidate|boost\n|-unboost|p2a: Zamazenta|atk|1\n|move|p2a: Zamazenta|Crunch|p1a: Landorus\n|-damage|p1a: Landorus|76\/100\n|-damage|p2a: Zamazenta|14\/100|[from] item: Rocky Helmet|[of] p1a: Landorus\n|\n|-heal|p2a: Zamazenta|20\/100|[from] item: Leftovers\n|upkeep\n|turn|19\n|inactive|Nada1998 has 60 seconds left.\n|\n|t:|1700056377\n|move|p2a: Zamazenta|Iron Defense|p2a: Zamazenta\n|-boost|p2a: Zamazenta|def|2\n|move|p1a: Landorus|Taunt|p2a: Zamazenta\n|-start|p2a: Zamazenta|move: Taunt\n|\n|-heal|p2a: Zamazenta|27\/100|[from] item: Leftovers\n|upkeep\n|turn|20\n|\n|t:|1700056383\n|move|p2a: Zamazenta|Body Press|p1a: Landorus\n|-resisted|p1a: Landorus\n|-damage|p1a: Landorus|44\/100\n|-damage|p2a: Zamazenta|10\/100|[from] item: Rocky Helmet|[of] p1a: Landorus\n|move|p1a: Landorus|Earthquake|p2a: Zamazenta\n|-damage|p2a: Zamazenta|0 fnt\n|faint|p2a: Zamazenta\n|\n|upkeep\n|\n|t:|1700056391\n|switch|p2a: Scizor|Scizor, M|84\/100\n|turn|21\n|inactive|Nada1998 has 60 seconds left.\n|\n|t:|1700056426\n|-terastallize|p2a: Scizor|Steel\n|move|p2a: Scizor|Bullet Punch|p1a: Landorus\n|-damage|p1a: Landorus|0 fnt\n|-damage|p2a: Scizor|67\/100|[from] item: Rocky Helmet|[of] p1a: Landorus\n|faint|p1a: Landorus\n|\n|upkeep\n|\n|t:|1700056436\n|switch|p1a: Mandibuzz|Mandibuzz, F|80\/100\n|turn|22\n|\n|t:|1700056440\n|move|p2a: Scizor|Bullet Punch|p1a: Mandibuzz\n|-damage|p1a: Mandibuzz|27\/100\n|move|p1a: Mandibuzz|Roost|p1a: Mandibuzz\n|-heal|p1a: Mandibuzz|77\/100\n|-singleturn|p1a: Mandibuzz|move: Roost\n|\n|upkeep\n|turn|23\n|inactive|Nada1998 has 60 seconds left.\n|\n|t:|1700056454\n|move|p2a: Scizor|Bullet Punch|p1a: Mandibuzz\n|-damage|p1a: Mandibuzz|21\/100\n|move|p1a: Mandibuzz|U-turn|p2a: Scizor\n|-resisted|p2a: Scizor\n|-damage|p2a: Scizor|62\/100\n|\n|t:|1700056459\n|switch|p1a: Iron Valiant|Iron Valiant|100\/100|[from] U-turn\n|-enditem|p1a: Iron Valiant|Booster Energy\n|-activate|p1a: Iron Valiant|ability: Quark Drive|[fromitem]\n|-start|p1a: Iron Valiant|quarkdrivespe\n|\n|upkeep\n|turn|24\n|inactive|Nada1998 has 60 seconds left.\n|\n|t:|1700056476\n|-terastallize|p1a: Iron Valiant|Ghost\n|move|p2a: Scizor|Bullet Punch|p1a: Iron Valiant\n|-damage|p1a: Iron Valiant|15\/100\n|move|p1a: Iron Valiant|Close Combat|p2a: Scizor\n|-supereffective|p2a: Scizor\n|-damage|p2a: Scizor|0 fnt\n|-unboost|p1a: Iron Valiant|def|1\n|-unboost|p1a: Iron Valiant|spd|1\n|faint|p2a: Scizor\n|\n|upkeep\n|\n|t:|1700056481\n|switch|p2a: Iron Treads|Iron Treads|100\/100\n|turn|25\n|inactive|Nada1998 has 60 seconds left.\n|\n|t:|1700056504\n|move|p1a: Iron Valiant|Close Combat|p2a: Iron Treads\n|-supereffective|p2a: Iron Treads\n|-damage|p2a: Iron Treads|35\/100\n|-unboost|p1a: Iron Valiant|def|1\n|-unboost|p1a: Iron Valiant|spd|1\n|move|p2a: Iron Treads|Earthquake|p1a: Iron Valiant\n|-damage|p1a: Iron Valiant|0 fnt\n|faint|p1a: Iron Valiant\n|-end|p1a: Iron Valiant|Quark Drive|[silent]\n|\n|upkeep\n|-message|Belike forfeited.\n|\n|win|Nada1998\n|raw|Nada1998's rating: 1419 &rarr; <strong>1445<\/strong><br \/>(+26 for winning)\n|raw|Belike's rating: 1519 &rarr; <strong>1493<\/strong><br \/>(-26 for losing)\n|l|!Belike\n","uploadtime":1700056249,"views":6,"p1id":"nada1998","p2id":"belike","formatid":"gen9ou","rating":1445,"private":0,"password":""}