{"id":"gen9ou-1988253428","p1":"Lmaz730","p2":"fgkjhgf","format":"[Gen 9] OU","log":"|j|\u2606Lmaz730\n|j|\u2606fgkjhgf\n|t:|1699695139\n|gametype|singles\n|player|p1|Lmaz730|1|1114\n|player|p2|fgkjhgf|flint|1000\n|teamsize|p1|6\n|teamsize|p2|6\n|gen|9\n|tier|[Gen 9] OU\n|rated|\n|rule|Sleep Clause Mod: Limit one foe put to sleep\n|rule|Species Clause: Limit one of each Pok\u00e9mon\n|rule|OHKO Clause: OHKO moves are banned\n|rule|Evasion Items Clause: Evasion items are banned\n|rule|Evasion Moves Clause: Evasion moves are banned\n|rule|Endless Battle Clause: Forcing endless battles is banned\n|rule|HP Percentage Mod: HP is shown in percentages\n|clearpoke\n|poke|p1|Kleavor, F|\n|poke|p1|Grafaiai, M|\n|poke|p1|Gholdengo|\n|poke|p1|Gliscor, M|\n|poke|p1|Braviary-Hisui, M|\n|poke|p1|Grimmsnarl, M|\n|poke|p2|Cinderace, M|\n|poke|p2|Gholdengo|\n|poke|p2|Ribombee, M|\n|poke|p2|Ninetales-Alola, F|\n|poke|p2|Rotom-Wash|\n|poke|p2|Arcanine, M|\n|teampreview\n|inactive|Battle timer is ON: inactive players will automatically lose when time's up. (requested by fgkjhgf)\n|l|\u2606Lmaz730\n|inactive|Lmaz730 disconnected and has a minute to reconnect!\n|player|p1|\n|\n|t:|1699695159\n|start\n|switch|p1a: Grafaiai|Grafaiai, M|100\/100\n|switch|p2a: Rotom|Rotom-Wash, shiny|100\/100\n|turn|1\n|j|\u2606Lmaz730\n|inactive|Lmaz730 reconnected and has 150 seconds left.\n|player|p1|Lmaz730|1\n|\n|t:|1699695169\n|move|p1a: Grafaiai|Swagger|p2a: Rotom\n|-boost|p2a: Rotom|atk|2\n|-enditem|p1a: Grafaiai|Mirror Herb\n|-boost|p1a: Grafaiai|atk|2|[from] item: Mirror Herb\n|-start|p2a: Rotom|confusion\n|-activate|p2a: Rotom|confusion\n|-damage|p2a: Rotom|80\/100|[from] confusion\n|\n|upkeep\n|turn|2\n|\n|t:|1699695178\n|-terastallize|p1a: Grafaiai|Flying\n|move|p1a: Grafaiai|Acrobatics|p2a: Rotom\n|-resisted|p2a: Rotom\n|-damage|p2a: Rotom|11\/100\n|-end|p2a: Rotom|confusion\n|move|p2a: Rotom|Thief|p1a: Grafaiai\n|-damage|p1a: Grafaiai|66\/100\n|\n|upkeep\n|turn|3\n|\n|t:|1699695188\n|move|p1a: Grafaiai|Acrobatics|p2a: Rotom\n|-resisted|p2a: Rotom\n|-damage|p2a: Rotom|0 fnt\n|faint|p2a: Rotom\n|\n|upkeep\n|\n|t:|1699695196\n|switch|p2a: Cinderace|Cinderace, M|100\/100\n|turn|4\n|\n|t:|1699695203\n|move|p1a: Grafaiai|Acrobatics|p2a: Cinderace\n|-damage|p2a: Cinderace|0 fnt\n|faint|p2a: Cinderace\n|\n|upkeep\n|\n|t:|1699695209\n|switch|p2a: Ninetales|Ninetales-Alola, F|100\/100\n|-weather|Snow|[from] ability: Snow Warning|[of] p2a: Ninetales\n|turn|5\n|\n|t:|1699695215\n|move|p1a: Grafaiai|Poison Jab|p2a: Ninetales\n|-supereffective|p2a: Ninetales\n|-damage|p2a: Ninetales|0 fnt\n|faint|p2a: Ninetales\n|\n|-weather|Snow|[upkeep]\n|upkeep\n|\n|t:|1699695219\n|switch|p2a: Ribombee|Ribombee, M, shiny|100\/100\n|turn|6\n|\n|t:|1699695224\n|move|p1a: Grafaiai|Acrobatics|p2a: Ribombee\n|-supereffective|p2a: Ribombee\n|-damage|p2a: Ribombee|0 fnt\n|faint|p2a: Ribombee\n|\n|-weather|Snow|[upkeep]\n|upkeep\n|\n|t:|1699695231\n|switch|p2a: Gholdengo|Gholdengo|100\/100\n|turn|7\n|\n|t:|1699695238\n|move|p1a: Grafaiai|Knock Off|p2a: Gholdengo\n|-supereffective|p2a: Gholdengo\n|-damage|p2a: Gholdengo|0 fnt\n|-enditem|p2a: Gholdengo|Sitrus Berry|[from] move: Knock Off|[of] p1a: Grafaiai\n|faint|p2a: Gholdengo\n|\n|-weather|Snow|[upkeep]\n|upkeep\n|\n|t:|1699695244\n|switch|p2a: Arcanine|Arcanine, M, shiny|100\/100\n|-ability|p2a: Arcanine|Intimidate|boost\n|-unboost|p1a: Grafaiai|atk|1\n|turn|8\n|\n|t:|1699695250\n|move|p1a: Grafaiai|Acrobatics|p2a: Arcanine\n|-damage|p2a: Arcanine|0 fnt\n|faint|p2a: Arcanine\n|\n|win|Lmaz730\n|raw|Lmaz730's rating: 1114 &rarr; <strong>1131<\/strong><br \/>(+17 for winning)\n|raw|fgkjhgf's rating: 1000 &rarr; <strong>1000<\/strong><br \/>(+0 for losing)\n|l|\u2606fgkjhgf\n","uploadtime":1699695257,"views":37,"p1id":"lmaz730","p2id":"fgkjhgf","formatid":"gen9ou","rating":1000,"private":0,"password":""}