{"id":"gen9ou-1995975110","p1":"Onte bad","p2":"Promethinsoda","format":"[Gen 9] OU","log":"|j|\u2606Onte bad\n|j|\u2606Promethinsoda\n|t:|1700624138\n|gametype|singles\n|player|p1|Onte bad|169|1233\n|player|p2|Promethinsoda|266|1231\n|teamsize|p1|6\n|teamsize|p2|6\n|gen|9\n|tier|[Gen 9] OU\n|rated|\n|rule|Sleep Clause Mod: Limit one foe put to sleep\n|rule|Species Clause: Limit one of each Pok\u00e9mon\n|rule|OHKO Clause: OHKO moves are banned\n|rule|Evasion Items Clause: Evasion items are banned\n|rule|Evasion Moves Clause: Evasion moves are banned\n|rule|Endless Battle Clause: Forcing endless battles is banned\n|rule|HP Percentage Mod: HP is shown in percentages\n|clearpoke\n|poke|p1|Regidrago|\n|poke|p1|Ribombee, F|\n|poke|p1|Scizor, M|\n|poke|p1|Slowking-Galar, M|\n|poke|p1|Breloom, F|\n|poke|p1|Quaquaval, M|\n|poke|p2|Greninja-*, M|\n|poke|p2|Meowscarada, M|\n|poke|p2|Cinderace, M|\n|poke|p2|Iron Treads|\n|poke|p2|Toxapex, F|\n|poke|p2|Zapdos|\n|teampreview\n|c|\u2606Onte bad|rate my team\n|\n|t:|1700624150\n|start\n|switch|p1a: Breloom|Breloom, F|100\/100\n|switch|p2a: Cinderace|Cinderace, M|100\/100\n|turn|1\n|\n|t:|1700624155\n|move|p2a: Cinderace|U-turn|p1a: Breloom\n|-start|p2a: Cinderace|typechange|Bug|[from] ability: Libero\n|-damage|p1a: Breloom|49\/100\n|\n|t:|1700624160\n|switch|p2a: Zapdos|Zapdos|100\/100|[from] U-turn\n|move|p1a: Breloom|Rock Tomb|p2a: Zapdos\n|-supereffective|p2a: Zapdos\n|-damage|p2a: Zapdos|42\/100\n|-unboost|p2a: Zapdos|spe|1\n|\n|upkeep\n|turn|2\n|\n|t:|1700624166\n|switch|p2a: Toxapex|Toxapex, F|100\/100\n|move|p1a: Breloom|Rock Tomb|p2a: Toxapex\n|-damage|p2a: Toxapex|79\/100\n|-unboost|p2a: Toxapex|spe|1\n|\n|-heal|p2a: Toxapex|86\/100|[from] item: Leftovers\n|upkeep\n|turn|3\n|\n|t:|1700624172\n|switch|p1a: Ribombee|Ribombee, F|100\/100\n|move|p2a: Toxapex|Acid Spray|p1a: Ribombee\n|-supereffective|p1a: Ribombee\n|-damage|p1a: Ribombee|71\/100\n|\n|-heal|p2a: Toxapex|92\/100|[from] item: Leftovers\n|upkeep\n|turn|4\n|inactive|Battle timer is ON: inactive players will automatically lose when time's up. (requested by Promethinsoda)\n|\n|t:|1700624185\n|switch|p2a: Iron Treads|Iron Treads|100\/100\n|move|p1a: Ribombee|Sticky Web|p2a: Iron Treads\n|-sidestart|p2: Promethinsoda|move: Sticky Web\n|\n|upkeep\n|turn|5\n|\n|t:|1700624194\n|switch|p1a: Scizor|Scizor, M|100\/100\n|move|p2a: Iron Treads|Rapid Spin|p1a: Scizor\n|-resisted|p1a: Scizor\n|-damage|p1a: Scizor|94\/100\n|-boost|p2a: Iron Treads|spe|1\n|-sideend|p2: Promethinsoda|Sticky Web|[from] move: Rapid Spin|[of] p2a: Iron Treads\n|\n|upkeep\n|turn|6\n|\n|t:|1700624198\n|move|p2a: Iron Treads|Volt Switch|p1a: Scizor\n|-damage|p1a: Scizor|79\/100\n|\n|t:|1700624206\n|-end|p2a: Iron Treads|Quark Drive|[silent]\n|switch|p2a: Cinderace|Cinderace, M|100\/100|[from] Volt Switch\n|move|p1a: Scizor|Close Combat|p2a: Cinderace\n|-damage|p2a: Cinderace|0 fnt\n|-unboost|p1a: Scizor|def|1\n|-unboost|p1a: Scizor|spd|1\n|faint|p2a: Cinderace\n|\n|upkeep\n|\n|t:|1700624216\n|switch|p2a: Greninja|Greninja, M|100\/100\n|turn|7\n|\n|t:|1700624227\n|switch|p1a: Ribombee|Ribombee, F|71\/100\n|move|p2a: Greninja|Hydro Pump|p1a: Ribombee\n|-start|p2a: Greninja|typechange|Water|[from] ability: Protean\n|-damage|p1a: Ribombee|0 fnt\n|faint|p1a: Ribombee\n|\n|upkeep\n|\n|t:|1700624235\n|switch|p1a: Slowking|Slowking-Galar, M|100\/100\n|turn|8\n|\n|t:|1700624253\n|switch|p2a: Meowscarada|Meowscarada, M|100\/100\n|move|p1a: Slowking|Future Sight|p2a: Meowscarada\n|-start|p1a: Slowking|move: Future Sight\n|\n|upkeep\n|turn|9\n|\n|t:|1700624266\n|switch|p1a: Regidrago|Regidrago|100\/100\n|move|p2a: Meowscarada|Knock Off|p1a: Regidrago\n|-start|p2a: Meowscarada|typechange|Dark|[from] ability: Protean\n|-damage|p1a: Regidrago|41\/100\n|-enditem|p1a: Regidrago|Choice Specs|[from] move: Knock Off|[of] p2a: Meowscarada\n|-damage|p2a: Meowscarada|91\/100|[from] item: Life Orb\n|\n|upkeep\n|turn|10\n|\n|t:|1700624280\n|move|p2a: Meowscarada|U-turn|p1a: Regidrago\n|-damage|p1a: Regidrago|13\/100\n|-damage|p2a: Meowscarada|81\/100|[from] item: Life Orb\n|\n|t:|1700624289\n|switch|p2a: Zapdos|Zapdos|42\/100|[from] U-turn\n|move|p1a: Regidrago|Draco Meteor|p2a: Zapdos|[miss]\n|-miss|p1a: Regidrago|p2a: Zapdos\n|\n|-end|p2a: Zapdos|move: Future Sight\n|-damage|p2a: Zapdos|0 fnt\n|faint|p2a: Zapdos\n|upkeep\n|\n|t:|1700624297\n|switch|p2a: Iron Treads|Iron Treads|100\/100\n|turn|11\n|\n|t:|1700624300\n|move|p2a: Iron Treads|Earthquake|p1a: Regidrago\n|-damage|p1a: Regidrago|0 fnt\n|faint|p1a: Regidrago\n|\n|upkeep\n|\n|t:|1700624302\n|switch|p1a: Quaquaval|Quaquaval, M|100\/100\n|turn|12\n|\n|t:|1700624308\n|move|p2a: Iron Treads|Volt Switch|p1a: Quaquaval\n|-supereffective|p1a: Quaquaval\n|-damage|p1a: Quaquaval|69\/100\n|\n|t:|1700624315\n|-end|p2a: Iron Treads|Quark Drive|[silent]\n|switch|p2a: Toxapex|Toxapex, F|100\/100|[from] Volt Switch\n|move|p1a: Quaquaval|Aqua Step|p2a: Toxapex\n|-resisted|p2a: Toxapex\n|-damage|p2a: Toxapex|88\/100\n|-boost|p1a: Quaquaval|spe|1\n|\n|-heal|p2a: Toxapex|94\/100|[from] item: Leftovers\n|upkeep\n|turn|13\n|\n|t:|1700624321\n|switch|p1a: Scizor|Scizor, M|79\/100\n|move|p2a: Toxapex|Toxic|p1a: Scizor\n|-immune|p1a: Scizor\n|\n|-heal|p2a: Toxapex|99\/100|[from] item: Leftovers\n|upkeep\n|turn|14\n|\n|t:|1700624336\n|move|p1a: Scizor|U-turn|p2a: Toxapex\n|-resisted|p2a: Toxapex\n|-damage|p2a: Toxapex|82\/100\n|\n|t:|1700624340\n|switch|p1a: Slowking|Slowking-Galar, M|100\/100|[from] U-turn\n|move|p2a: Toxapex|Surf|p1a: Slowking\n|-crit|p1a: Slowking\n|-damage|p1a: Slowking|86\/100\n|\n|-heal|p2a: Toxapex|89\/100|[from] item: Leftovers\n|upkeep\n|turn|15\n|\n|t:|1700624352\n|switch|p2a: Greninja|Greninja, M|100\/100\n|move|p1a: Slowking|Future Sight|p2a: Greninja\n|-start|p1a: Slowking|move: Future Sight\n|\n|upkeep\n|turn|16\n|\n|t:|1700624367\n|switch|p1a: Scizor|Scizor, M|79\/100\n|move|p2a: Greninja|Dark Pulse|p1a: Scizor\n|-start|p2a: Greninja|typechange|Dark|[from] ability: Protean\n|-damage|p1a: Scizor|14\/100\n|\n|upkeep\n|turn|17\n|\n|t:|1700624376\n|move|p1a: Scizor|Bullet Punch|p2a: Greninja\n|-damage|p2a: Greninja|22\/100\n|move|p2a: Greninja|Dark Pulse|p1a: Scizor\n|-damage|p1a: Scizor|0 fnt\n|faint|p1a: Scizor\n|\n|-end|p2a: Greninja|move: Future Sight\n|-immune|p2a: Greninja\n|upkeep\n|\n|t:|1700624378\n|switch|p1a: Breloom|Breloom, F|49\/100\n|turn|18\n|\n|t:|1700624386\n|switch|p2a: Toxapex|Toxapex, F|100\/100\n|move|p1a: Breloom|Bullet Seed|p2a: Toxapex\n|-damage|p2a: Toxapex|89\/100\n|-damage|p2a: Toxapex|77\/100\n|-damage|p2a: Toxapex|64\/100\n|-hitcount|p2a: Toxapex|3\n|\n|-heal|p2a: Toxapex|70\/100|[from] item: Leftovers\n|upkeep\n|turn|19\n|\n|t:|1700624392\n|switch|p1a: Slowking|Slowking-Galar, M|100\/100\n|move|p2a: Toxapex|Acid Spray|p1a: Slowking\n|-resisted|p1a: Slowking\n|-damage|p1a: Slowking|98\/100\n|-unboost|p1a: Slowking|spd|2\n|\n|-heal|p2a: Toxapex|76\/100|[from] item: Leftovers\n|upkeep\n|turn|20\n|\n|t:|1700624404\n|switch|p2a: Greninja|Greninja, M|22\/100\n|move|p1a: Slowking|Future Sight|p2a: Greninja\n|-start|p1a: Slowking|move: Future Sight\n|\n|upkeep\n|turn|21\n|\n|t:|1700624411\n|switch|p1a: Breloom|Breloom, F|49\/100\n|move|p2a: Greninja|Dark Pulse|p1a: Breloom\n|-start|p2a: Greninja|typechange|Dark|[from] ability: Protean\n|-resisted|p1a: Breloom\n|-damage|p1a: Breloom|0 fnt\n|faint|p1a: Breloom\n|\n|upkeep\n|\n|t:|1700624412\n|switch|p1a: Slowking|Slowking-Galar, M|100\/100\n|turn|22\n|\n|t:|1700624419\n|-terastallize|p1a: Slowking|Steel\n|move|p2a: Greninja|Dark Pulse|p1a: Slowking\n|-damage|p1a: Slowking|73\/100\n|move|p1a: Slowking|Sludge Bomb|p2a: Greninja\n|-damage|p2a: Greninja|0 fnt\n|faint|p2a: Greninja\n|\n|-hint|Future Sight did not hit because the target is fainted.\n|upkeep\n|\n|t:|1700624427\n|switch|p2a: Meowscarada|Meowscarada, M|81\/100\n|turn|23\n|\n|t:|1700624437\n|move|p2a: Meowscarada|Knock Off|p1a: Slowking\n|-start|p2a: Meowscarada|typechange|Dark|[from] ability: Protean\n|-crit|p1a: Slowking\n|-damage|p1a: Slowking|0 fnt\n|-enditem|p1a: Slowking|Assault Vest|[from] move: Knock Off|[of] p2a: Meowscarada\n|faint|p1a: Slowking\n|-damage|p2a: Meowscarada|71\/100|[from] item: Life Orb\n|\n|upkeep\n|\n|t:|1700624442\n|switch|p1a: Quaquaval|Quaquaval, M|69\/100\n|turn|24\n|c|\u2606Onte bad|ggs\n|\n|t:|1700624448\n|move|p2a: Meowscarada|Flower Trick|p1a: Quaquaval\n|-supereffective|p1a: Quaquaval\n|-crit|p1a: Quaquaval\n|-damage|p1a: Quaquaval|0 fnt\n|faint|p1a: Quaquaval\n|-damage|p2a: Meowscarada|61\/100|[from] item: Life Orb\n|\n|win|Promethinsoda\n|raw|Onte bad's rating: 1233 &rarr; <strong>1208<\/strong><br \/>(-25 for losing)\n|raw|Promethinsoda's rating: 1231 &rarr; <strong>1256<\/strong><br \/>(+25 for winning)\n","uploadtime":1700624451,"views":0,"p1id":"ontebad","p2id":"promethinsoda","formatid":"gen9ou","rating":1208,"private":0,"password":""}