{"id":"gen9ou-1989862579","p1":"fropop","p2":"Argon657","format":"[Gen 9] OU","log":"|j|\u2606fropop\n|j|\u2606Argon657\n|t:|1699901962\n|gametype|singles\n|player|p1|fropop|n|1454\n|player|p2|Argon657|steven|1531\n|teamsize|p1|6\n|teamsize|p2|6\n|gen|9\n|tier|[Gen 9] OU\n|rated|\n|rule|Sleep Clause Mod: Limit one foe put to sleep\n|rule|Species Clause: Limit one of each Pok\u00e9mon\n|rule|OHKO Clause: OHKO moves are banned\n|rule|Evasion Items Clause: Evasion items are banned\n|rule|Evasion Moves Clause: Evasion moves are banned\n|rule|Endless Battle Clause: Forcing endless battles is banned\n|rule|HP Percentage Mod: HP is shown in percentages\n|clearpoke\n|poke|p1|Goodra-Hisui, M|\n|poke|p1|Alomomola, F|\n|poke|p1|Rillaboom, M|\n|poke|p1|Zapdos|\n|poke|p1|Conkeldurr, F|\n|poke|p1|Cinderace, F|\n|poke|p2|Ribombee, F|\n|poke|p2|Yanmega, M|\n|poke|p2|Ogerpon-Wellspring, F|\n|poke|p2|Kingambit, M|\n|poke|p2|Great Tusk|\n|poke|p2|Gholdengo|\n|teampreview\n|\n|t:|1699901981\n|start\n|switch|p1a: Cinderace|Cinderace, F|100\/100\n|switch|p2a: Ribombee|Ribombee, F|100\/100\n|turn|1\n|\n|t:|1699901989\n|move|p2a: Ribombee|Stun Spore|p1a: Cinderace\n|-status|p1a: Cinderace|par\n|cant|p1a: Cinderace|par\n|\n|upkeep\n|turn|2\n|\n|t:|1699901995\n|move|p2a: Ribombee|Psychic|p1a: Cinderace\n|-damage|p1a: Cinderace|72\/100 par\n|move|p1a: Cinderace|Pyro Ball|p2a: Ribombee\n|-supereffective|p2a: Ribombee\n|-enditem|p2a: Ribombee|Focus Sash\n|-damage|p2a: Ribombee|1\/100\n|\n|upkeep\n|turn|3\n|\n|t:|1699902005\n|move|p2a: Ribombee|Sticky Web|p1a: Cinderace\n|-sidestart|p1: fropop|move: Sticky Web\n|cant|p1a: Cinderace|par\n|\n|upkeep\n|turn|4\n|inactive|Battle timer is ON: inactive players will automatically lose when time's up. (requested by Argon657)\n|\n|t:|1699902019\n|move|p2a: Ribombee|Psychic|p1a: Cinderace\n|-damage|p1a: Cinderace|39\/100 par\n|move|p1a: Cinderace|Will-O-Wisp|p2a: Ribombee|[miss]\n|-miss|p1a: Cinderace|p2a: Ribombee\n|\n|upkeep\n|turn|5\n|\n|t:|1699902048\n|switch|p1a: Alomomola|Alomomola, F|100\/100\n|move|p2a: Ribombee|Psychic|p1a: Alomomola\n|-damage|p1a: Alomomola|74\/100\n|\n|upkeep\n|turn|6\n|\n|t:|1699902055\n|move|p2a: Ribombee|Stun Spore|p1a: Alomomola\n|-status|p1a: Alomomola|par\n|move|p1a: Alomomola|Wish|p1a: Alomomola\n|\n|upkeep\n|turn|7\n|\n|t:|1699902064\n|switch|p1a: Cinderace|Cinderace, F|39\/100 par\n|move|p2a: Ribombee|Psychic|p1a: Cinderace\n|-damage|p1a: Cinderace|6\/100 par\n|\n|-heal|p1a: Cinderace|81\/100 par|[from] move: Wish|[wisher] Alomomola\n|upkeep\n|turn|8\n|\n|t:|1699902088\n|move|p2a: Ribombee|Psychic|p1a: Cinderace\n|-damage|p1a: Cinderace|53\/100 par\n|cant|p1a: Cinderace|par\n|\n|upkeep\n|turn|9\n|\n|t:|1699902094\n|move|p2a: Ribombee|Psychic|p1a: Cinderace\n|-damage|p1a: Cinderace|21\/100 par\n|move|p1a: Cinderace|Court Change|p1a: Cinderace\n|-swapsideconditions\n|-activate|p1a: Cinderace|move: Court Change\n|\n|upkeep\n|turn|10\n|\n|t:|1699902109\n|switch|p1a: Alomomola|Alomomola, F|100\/100 par\n|move|p2a: Ribombee|Sticky Web|p1a: Alomomola\n|-sidestart|p1: fropop|move: Sticky Web\n|\n|upkeep\n|turn|11\n|\n|t:|1699902116\n|move|p2a: Ribombee|Moonblast|p1a: Alomomola\n|-damage|p1a: Alomomola|58\/100 par\n|-unboost|p1a: Alomomola|spa|1\n|move|p1a: Alomomola|Wish|p1a: Alomomola\n|\n|upkeep\n|turn|12\n|\n|t:|1699902127\n|move|p2a: Ribombee|Psychic|p1a: Alomomola\n|-damage|p1a: Alomomola|32\/100 par\n|move|p1a: Alomomola|Flip Turn|p2a: Ribombee\n|-damage|p2a: Ribombee|0 fnt\n|faint|p2a: Ribombee\n|\n|t:|1699902134\n|switch|p1a: Cinderace|Cinderace, F|21\/100 par|[from] Flip Turn\n|\n|-heal|p1a: Cinderace|96\/100 par|[from] move: Wish|[wisher] Alomomola\n|upkeep\n|\n|t:|1699902137\n|switch|p2a: Great Tusk|Great Tusk|100\/100\n|-activate|p2a: Great Tusk|move: Sticky Web\n|-unboost|p2a: Great Tusk|spe|1\n|-enditem|p2a: Great Tusk|Booster Energy\n|-activate|p2a: Great Tusk|ability: Protosynthesis|[fromitem]\n|-start|p2a: Great Tusk|protosynthesisatk\n|turn|13\n|\n|t:|1699902151\n|switch|p1a: Zapdos|Zapdos|100\/100\n|move|p2a: Great Tusk|Stealth Rock|p1a: Zapdos\n|-sidestart|p1: fropop|move: Stealth Rock\n|\n|upkeep\n|turn|14\n|\n|t:|1699902161\n|-end|p2a: Great Tusk|Protosynthesis|[silent]\n|switch|p2a: Gholdengo|Gholdengo|100\/100\n|-item|p2a: Gholdengo|Air Balloon\n|move|p1a: Zapdos|Hurricane|p2a: Gholdengo|[miss]\n|-miss|p1a: Zapdos|p2a: Gholdengo\n|\n|upkeep\n|turn|15\n|\n|t:|1699902169\n|move|p1a: Zapdos|Heat Wave|p2a: Gholdengo\n|-supereffective|p2a: Gholdengo\n|-damage|p2a: Gholdengo|50\/100\n|-status|p2a: Gholdengo|brn\n|-enditem|p2a: Gholdengo|Air Balloon\n|move|p2a: Gholdengo|Shadow Ball|p1a: Zapdos\n|-damage|p1a: Zapdos|64\/100\n|\n|-damage|p2a: Gholdengo|44\/100 brn|[from] brn\n|upkeep\n|turn|16\n|\n|t:|1699902184\n|move|p1a: Zapdos|Heat Wave|p2a: Gholdengo\n|-supereffective|p2a: Gholdengo\n|-damage|p2a: Gholdengo|0 fnt\n|faint|p2a: Gholdengo\n|\n|upkeep\n|\n|t:|1699902189\n|switch|p2a: Ogerpon|Ogerpon-Wellspring, F|100\/100\n|-activate|p2a: Ogerpon|move: Sticky Web\n|-unboost|p2a: Ogerpon|spe|1\n|turn|17\n|\n|t:|1699902200\n|move|p1a: Zapdos|Roost|p1a: Zapdos\n|-heal|p1a: Zapdos|100\/100\n|-singleturn|p1a: Zapdos|move: Roost\n|move|p2a: Ogerpon|Ivy Cudgel|p1a: Zapdos\n|-damage|p1a: Zapdos|56\/100\n|\n|upkeep\n|turn|18\n|\n|t:|1699902210\n|move|p1a: Zapdos|Roost|p1a: Zapdos\n|-heal|p1a: Zapdos|100\/100\n|-singleturn|p1a: Zapdos|move: Roost\n|move|p2a: Ogerpon|Ivy Cudgel|p1a: Zapdos\n|-damage|p1a: Zapdos|57\/100\n|\n|upkeep\n|turn|19\n|\n|t:|1699902221\n|move|p1a: Zapdos|Hurricane|p2a: Ogerpon\n|-supereffective|p2a: Ogerpon\n|-damage|p2a: Ogerpon|2\/100\n|move|p2a: Ogerpon|Encore|p1a: Zapdos\n|-start|p1a: Zapdos|Encore\n|\n|upkeep\n|turn|20\n|\n|t:|1699902241\n|switch|p1a: Rillaboom|Rillaboom, M|100\/100\n|-activate|p1a: Rillaboom|move: Sticky Web\n|-unboost|p1a: Rillaboom|spe|1\n|-damage|p1a: Rillaboom|88\/100|[from] Stealth Rock\n|-fieldstart|move: Grassy Terrain|[from] ability: Grassy Surge|[of] p1a: Rillaboom\n|move|p2a: Ogerpon|Knock Off|p1a: Rillaboom\n|-damage|p1a: Rillaboom|44\/100\n|-enditem|p1a: Rillaboom|Choice Band|[from] move: Knock Off|[of] p2a: Ogerpon\n|\n|-heal|p2a: Ogerpon|8\/100|[from] Grassy Terrain\n|-heal|p1a: Rillaboom|51\/100|[from] Grassy Terrain\n|upkeep\n|turn|21\n|\n|t:|1699902257\n|move|p1a: Rillaboom|Grassy Glide|p2a: Ogerpon\n|-damage|p2a: Ogerpon|0 fnt\n|faint|p2a: Ogerpon\n|\n|-heal|p1a: Rillaboom|57\/100|[from] Grassy Terrain\n|upkeep\n|\n|t:|1699902260\n|switch|p2a: Yanmega|Yanmega, M|100\/100\n|turn|22\n|\n|t:|1699902280\n|move|p2a: Yanmega|Air Slash|p1a: Rillaboom\n|-supereffective|p1a: Rillaboom\n|-damage|p1a: Rillaboom|0 fnt\n|faint|p1a: Rillaboom\n|\n|upkeep\n|\n|t:|1699902290\n|switch|p1a: Goodra|Goodra-Hisui, M|100\/100\n|-activate|p1a: Goodra|move: Sticky Web\n|-unboost|p1a: Goodra|spe|1\n|-damage|p1a: Goodra|94\/100|[from] Stealth Rock\n|turn|23\n|\n|t:|1699902296\n|move|p2a: Yanmega|Air Slash|p1a: Goodra\n|-resisted|p1a: Goodra\n|-damage|p1a: Goodra|72\/100\n|move|p1a: Goodra|Flamethrower|p2a: Yanmega\n|-supereffective|p2a: Yanmega\n|-damage|p2a: Yanmega|0 fnt\n|faint|p2a: Yanmega\n|\n|-heal|p1a: Goodra|78\/100|[from] Grassy Terrain\n|upkeep\n|\n|t:|1699902301\n|switch|p2a: Great Tusk|Great Tusk|100\/100\n|-activate|p2a: Great Tusk|move: Sticky Web\n|-unboost|p2a: Great Tusk|spe|1\n|turn|24\n|\n|t:|1699902319\n|-terastallize|p1a: Goodra|Flying\n|move|p2a: Great Tusk|Rapid Spin|p1a: Goodra\n|-damage|p1a: Goodra|62\/100\n|-boost|p2a: Great Tusk|spe|1\n|-sideend|p2: Argon657|Sticky Web|[from] move: Rapid Spin|[of] p2a: Great Tusk\n|move|p1a: Goodra|Draco Meteor|p2a: Great Tusk\n|-damage|p2a: Great Tusk|2\/100\n|-unboost|p1a: Goodra|spa|2\n|\n|-heal|p2a: Great Tusk|8\/100|[from] Grassy Terrain\n|-fieldend|move: Grassy Terrain\n|upkeep\n|turn|25\n|\n|t:|1699902332\n|move|p2a: Great Tusk|Ice Spinner|p1a: Goodra\n|-supereffective|p1a: Goodra\n|-damage|p1a: Goodra|10\/100\n|move|p1a: Goodra|Flamethrower|p2a: Great Tusk\n|-damage|p2a: Great Tusk|0 fnt\n|faint|p2a: Great Tusk\n|-end|p2a: Great Tusk|Protosynthesis|[silent]\n|\n|upkeep\n|\n|t:|1699902337\n|switch|p2a: Kingambit|Kingambit, M|100\/100\n|-activate|p2a: Kingambit|ability: Supreme Overlord\n|-start|p2a: Kingambit|fallen5|[silent]\n|turn|26\n|\n|t:|1699902344\n|-terastallize|p2a: Kingambit|Fire\n|move|p2a: Kingambit|Swords Dance|p2a: Kingambit\n|-boost|p2a: Kingambit|atk|2\n|move|p1a: Goodra|Flamethrower|p2a: Kingambit\n|-resisted|p2a: Kingambit\n|-damage|p2a: Kingambit|92\/100\n|\n|-heal|p2a: Kingambit|98\/100|[from] item: Leftovers\n|upkeep\n|turn|27\n|\n|t:|1699902371\n|move|p2a: Kingambit|Iron Head|p1a: Goodra\n|-damage|p1a: Goodra|0 fnt\n|faint|p1a: Goodra\n|\n|-heal|p2a: Kingambit|100\/100|[from] item: Leftovers\n|upkeep\n|inactive|fropop has 120 seconds left.\n|inactive|fropop has 90 seconds left.\n|\n|t:|1699902433\n|switch|p1a: Cinderace|Cinderace, F|96\/100 par\n|turn|28\n|\n|t:|1699902450\n|move|p2a: Kingambit|Iron Head|p1a: Cinderace\n|-resisted|p1a: Cinderace\n|-damage|p1a: Cinderace|3\/100 par\n|move|p1a: Cinderace|U-turn|p2a: Kingambit\n|-resisted|p2a: Kingambit\n|-damage|p2a: Kingambit|92\/100\n|\n|t:|1699902460\n|switch|p1a: Alomomola|Alomomola, F|65\/100 par|[from] U-turn\n|\n|-heal|p2a: Kingambit|98\/100|[from] item: Leftovers\n|upkeep\n|turn|29\n|\n|t:|1699902467\n|move|p2a: Kingambit|Iron Head|p1a: Alomomola\n|-resisted|p1a: Alomomola\n|-damage|p1a: Alomomola|24\/100 par\n|move|p1a: Alomomola|Wish|p1a: Alomomola\n|\n|-heal|p2a: Kingambit|100\/100|[from] item: Leftovers\n|upkeep\n|turn|30\n|\n|t:|1699902474\n|cant|p1a: Alomomola|par\n|move|p2a: Kingambit|Swords Dance|p2a: Kingambit\n|-boost|p2a: Kingambit|atk|2\n|\n|-heal|p1a: Alomomola|74\/100 par|[from] move: Wish|[wisher] Alomomola\n|upkeep\n|turn|31\n|\n|t:|1699902484\n|move|p2a: Kingambit|Iron Head|p1a: Alomomola\n|-resisted|p1a: Alomomola\n|-damage|p1a: Alomomola|10\/100 par\n|cant|p1a: Alomomola|par\n|\n|upkeep\n|turn|32\n|\n|t:|1699902491\n|move|p2a: Kingambit|Iron Head|p1a: Alomomola\n|-resisted|p1a: Alomomola\n|-damage|p1a: Alomomola|0 fnt\n|faint|p1a: Alomomola\n|\n|upkeep\n|\n|t:|1699902497\n|switch|p1a: Zapdos|Zapdos|57\/100\n|turn|33\n|\n|t:|1699902505\n|move|p1a: Zapdos|Hurricane|p2a: Kingambit\n|-damage|p2a: Kingambit|51\/100\n|move|p2a: Kingambit|Iron Head|p1a: Zapdos\n|-resisted|p1a: Zapdos\n|-damage|p1a: Zapdos|0 fnt\n|faint|p1a: Zapdos\n|\n|-heal|p2a: Kingambit|57\/100|[from] item: Leftovers\n|upkeep\n|\n|t:|1699902515\n|switch|p1a: Conkeldurr|Conkeldurr, F|100\/100\n|-activate|p1a: Conkeldurr|move: Sticky Web\n|-unboost|p1a: Conkeldurr|spe|1\n|-damage|p1a: Conkeldurr|94\/100|[from] Stealth Rock\n|turn|34\n|\n|t:|1699902521\n|move|p2a: Kingambit|Iron Head|p1a: Conkeldurr\n|-damage|p1a: Conkeldurr|0 fnt\n|faint|p1a: Conkeldurr\n|\n|-heal|p2a: Kingambit|64\/100|[from] item: Leftovers\n|upkeep\n|\n|t:|1699902529\n|switch|p1a: Cinderace|Cinderace, F|3\/100 par\n|turn|35\n|inactive|fropop has 90 seconds left.\n|\n|t:|1699902543\n|move|p2a: Kingambit|Iron Head|p1a: Cinderace\n|-resisted|p1a: Cinderace\n|-damage|p1a: Cinderace|0 fnt\n|faint|p1a: Cinderace\n|\n|win|Argon657\n|raw|fropop's rating: 1454 &rarr; <strong>1438<\/strong><br \/>(-16 for losing)\n|raw|Argon657's rating: 1531 &rarr; <strong>1547<\/strong><br \/>(+16 for winning)\n","uploadtime":1699902548,"views":10,"p1id":"fropop","p2id":"argon657","formatid":"gen9ou","rating":1438,"private":0,"password":""}