{"id":"gen9ou-1995438832","p1":"Hayer","p2":"Asyncio","format":"[Gen 9] OU","log":"|j|\u2606Hayer\n|j|\u2606Asyncio\n|t:|1700570866\n|gametype|singles\n|player|p1|Hayer|2|1547\n|player|p2|Asyncio|pryce-gen2|1581\n|teamsize|p1|6\n|teamsize|p2|6\n|gen|9\n|tier|[Gen 9] OU\n|rated|\n|rule|Sleep Clause Mod: Limit one foe put to sleep\n|rule|Species Clause: Limit one of each Pok\u00e9mon\n|rule|OHKO Clause: OHKO moves are banned\n|rule|Evasion Items Clause: Evasion items are banned\n|rule|Evasion Moves Clause: Evasion moves are banned\n|rule|Endless Battle Clause: Forcing endless battles is banned\n|rule|HP Percentage Mod: HP is shown in percentages\n|clearpoke\n|poke|p1|Manaphy|\n|poke|p1|Kingambit, F|\n|poke|p1|Ribombee, M|\n|poke|p1|Gholdengo|\n|poke|p1|Iron Moth|\n|poke|p1|Ogerpon-Wellspring, F|\n|poke|p2|Landorus-Therian, M|\n|poke|p2|Pelipper, M|\n|poke|p2|Kingambit, F|\n|poke|p2|Hatterene, F|\n|poke|p2|Barraskewda, F|\n|poke|p2|Dragapult, F|\n|teampreview\n|\n|t:|1700570892\n|start\n|switch|p1a: gay2|Ribombee, M, shiny|100\/100\n|switch|p2a: Dragapult|Dragapult, F|100\/100\n|turn|1\n|\n|t:|1700570904\n|move|p2a: Dragapult|U-turn|p1a: gay2\n|-resisted|p1a: gay2\n|-damage|p1a: gay2|82\/100\n|\n|t:|1700570907\n|switch|p2a: Hatterene|Hatterene, F|100\/100|[from] U-turn\n|move|p1a: gay2|Moonblast|p2a: Hatterene\n|-damage|p2a: Hatterene|59\/100\n|\n|upkeep\n|turn|2\n|\n|t:|1700570912\n|move|p1a: gay2|Moonblast|p2a: Hatterene\n|-damage|p2a: Hatterene|16\/100\n|move|p2a: Hatterene|Nuzzle|p1a: gay2\n|-damage|p1a: gay2|75\/100\n|\n|upkeep\n|turn|3\n|\n|t:|1700570921\n|move|p1a: gay2|Moonblast|p2a: Hatterene\n|-damage|p2a: Hatterene|0 fnt\n|faint|p2a: Hatterene\n|\n|upkeep\n|\n|t:|1700570924\n|switch|p2a: Dragapult|Dragapult, F|100\/100\n|turn|4\n|\n|t:|1700570935\n|switch|p1a: gay1|Kingambit, F|100\/100\n|move|p2a: Dragapult|Shadow Ball|p1a: gay1\n|-resisted|p1a: gay1\n|-damage|p1a: gay1|71\/100\n|\n|upkeep\n|turn|5\n|\n|t:|1700570942\n|-end|p1a: gay1|fallenundefined|[silent]\n|switch|p1a: gay2|Ribombee, M, shiny|75\/100\n|move|p2a: Dragapult|Shadow Ball|p1a: gay2\n|-damage|p1a: gay2|0 fnt\n|faint|p1a: gay2\n|\n|upkeep\n|\n|t:|1700570944\n|switch|p1a: gay1|Kingambit, F|71\/100\n|-activate|p1a: gay1|ability: Supreme Overlord\n|-start|p1a: gay1|fallen1|[silent]\n|turn|6\n|\n|t:|1700570947\n|switch|p2a: Kingambit|Kingambit, F|100\/100\n|-activate|p2a: Kingambit|ability: Supreme Overlord\n|-start|p2a: Kingambit|fallen1|[silent]\n|move|p1a: gay1|Kowtow Cleave|p2a: Kingambit\n|-resisted|p2a: Kingambit\n|-damage|p2a: Kingambit|74\/100\n|\n|upkeep\n|turn|7\n|\n|t:|1700570950\n|-end|p2a: Kingambit|fallen1|[silent]\n|switch|p2a: Landorus|Landorus-Therian, M|100\/100\n|-ability|p2a: Landorus|Intimidate|boost\n|-unboost|p1a: gay1|atk|1\n|move|p1a: gay1|Low Kick|p2a: Landorus\n|-resisted|p2a: Landorus\n|-damage|p2a: Landorus|87\/100\n|\n|upkeep\n|turn|8\n|\n|t:|1700570956\n|switch|p2a: Dragapult|Dragapult, F|100\/100\n|-end|p1a: gay1|fallen1|[silent]\n|switch|p1a: gay5|Ogerpon-Wellspring, F|100\/100\n|\n|upkeep\n|turn|9\n|\n|t:|1700570959\n|switch|p1a: gay1|Kingambit, F|71\/100\n|-activate|p1a: gay1|ability: Supreme Overlord\n|-start|p1a: gay1|fallen1|[silent]\n|move|p2a: Dragapult|U-turn|p1a: gay1\n|-damage|p1a: gay1|55\/100\n|\n|t:|1700570961\n|switch|p2a: Landorus|Landorus-Therian, M|87\/100|[from] U-turn\n|-ability|p2a: Landorus|Intimidate|boost\n|-unboost|p1a: gay1|atk|1\n|\n|upkeep\n|turn|10\n|\n|t:|1700570968\n|-end|p1a: gay1|fallen1|[silent]\n|switch|p1a: gay5|Ogerpon-Wellspring, F|100\/100\n|move|p2a: Landorus|Sludge Bomb|p1a: gay5\n|-supereffective|p1a: gay5\n|-damage|p1a: gay5|0 fnt\n|faint|p1a: gay5\n|\n|upkeep\n|\n|t:|1700570977\n|switch|p1a: gay0|Manaphy|100\/100\n|turn|11\n|\n|t:|1700570985\n|switch|p2a: Pelipper|Pelipper, M|100\/100\n|-weather|RainDance|[from] ability: Drizzle|[of] p2a: Pelipper\n|move|p1a: gay0|Take Heart|p1a: gay0\n|-boost|p1a: gay0|spa|1\n|-boost|p1a: gay0|spd|1\n|\n|-weather|RainDance|[upkeep]\n|upkeep\n|turn|12\n|\n|t:|1700570994\n|move|p1a: gay0|Acid Armor|p1a: gay0\n|-boost|p1a: gay0|def|2\n|move|p2a: Pelipper|U-turn|p1a: gay0\n|-damage|p1a: gay0|96\/100\n|\n|t:|1700570996\n|switch|p2a: Dragapult|Dragapult, F|100\/100|[from] U-turn\n|\n|-weather|RainDance|[upkeep]\n|-heal|p1a: gay0|100\/100|[from] item: Leftovers\n|upkeep\n|turn|13\n|\n|t:|1700570999\n|move|p2a: Dragapult|Thunder|p1a: gay0\n|-supereffective|p1a: gay0\n|-damage|p1a: gay0|45\/100\n|move|p1a: gay0|Take Heart|p1a: gay0\n|-boost|p1a: gay0|spa|1\n|-boost|p1a: gay0|spd|1\n|\n|-weather|RainDance|[upkeep]\n|-heal|p1a: gay0|51\/100|[from] item: Leftovers\n|upkeep\n|turn|14\n|\n|t:|1700571005\n|move|p2a: Dragapult|Thunder|p1a: gay0\n|-supereffective|p1a: gay0\n|-damage|p1a: gay0|7\/100\n|move|p1a: gay0|Stored Power|p2a: Dragapult\n|-damage|p2a: Dragapult|0 fnt\n|faint|p2a: Dragapult\n|\n|-weather|RainDance|[upkeep]\n|-heal|p1a: gay0|13\/100|[from] item: Leftovers\n|upkeep\n|\n|t:|1700571010\n|switch|p2a: Barraskewda|Barraskewda, F|100\/100\n|turn|15\n|\n|t:|1700571016\n|move|p2a: Barraskewda|Liquidation|p1a: gay0\n|-resisted|p1a: gay0\n|-damage|p1a: gay0|0 fnt\n|faint|p1a: gay0\n|\n|-weather|RainDance|[upkeep]\n|upkeep\n|\n|t:|1700571021\n|switch|p1a: gay3|Gholdengo|100\/100\n|-item|p1a: gay3|Air Balloon\n|turn|16\n|\n|t:|1700571026\n|-terastallize|p2a: Barraskewda|Water\n|move|p2a: Barraskewda|Liquidation|p1a: gay3\n|-damage|p1a: gay3|0 fnt\n|-enditem|p1a: gay3|Air Balloon\n|faint|p1a: gay3\n|\n|-weather|RainDance|[upkeep]\n|upkeep\n|\n|t:|1700571029\n|switch|p1a: gay1|Kingambit, F|55\/100\n|-activate|p1a: gay1|ability: Supreme Overlord\n|-start|p1a: gay1|fallen4|[silent]\n|turn|17\n|\n|t:|1700571032\n|switch|p2a: Landorus|Landorus-Therian, M|87\/100\n|-ability|p2a: Landorus|Intimidate|boost\n|-unboost|p1a: gay1|atk|1\n|move|p1a: gay1|Sucker Punch||[still]\n|-fail|p1a: gay1\n|\n|-weather|RainDance|[upkeep]\n|upkeep\n|turn|18\n|\n|t:|1700571035\n|move|p2a: Landorus|Sandsear Storm|p1a: gay1\n|-supereffective|p1a: gay1\n|-damage|p1a: gay1|0 fnt\n|faint|p1a: gay1\n|-end|p1a: gay1|fallen4|[silent]\n|\n|-weather|none\n|upkeep\n|c|\u2606Hayer|gay rain\n|-message|Hayer forfeited.\n|\n|win|Asyncio\n|raw|Hayer's rating: 1547 &rarr; <strong>1529<\/strong><br \/>(-18 for losing)\n|raw|Asyncio's rating: 1581 &rarr; <strong>1599<\/strong><br \/>(+18 for winning)\n|l|\u2606Hayer\n","uploadtime":1700571188,"views":4,"p1id":"hayer","p2id":"asyncio","formatid":"gen9ou","rating":1529,"private":0,"password":""}