{"id":"gen9ou-1989048844","p1":"MtyMiltanks","p2":"aceman2798","format":"[Gen 9] OU","log":"|j|\u2606MtyMiltanks\n|j|\u2606aceman2798\n|t:|1699806456\n|gametype|singles\n|player|p1|MtyMiltanks|lillie|\n|player|p2|aceman2798|byron|\n|teamsize|p1|5\n|teamsize|p2|5\n|gen|9\n|tier|[Gen 9] OU\n|rule|Sleep Clause Mod: Limit one foe put to sleep\n|rule|Species Clause: Limit one of each Pok\u00e9mon\n|rule|OHKO Clause: OHKO moves are banned\n|rule|Evasion Items Clause: Evasion items are banned\n|rule|Evasion Moves Clause: Evasion moves are banned\n|rule|Endless Battle Clause: Forcing endless battles is banned\n|rule|HP Percentage Mod: HP is shown in percentages\n|clearpoke\n|poke|p1|Ogerpon-Cornerstone, F|\n|poke|p1|Rillaboom, F|\n|poke|p1|Rotom-Mow|\n|poke|p1|Meowscarada, M|\n|poke|p1|Decidueye-Hisui, F|\n|poke|p2|Ursaluna, F|\n|poke|p2|Braviary, M|\n|poke|p2|Dudunsparce-*, M|\n|poke|p2|Wyrdeer, F|\n|poke|p2|Gholdengo|\n|teampreview\n|j| AHumanoidBeing\n|j| Tubaguia_Ofc\n|\n|t:|1699806566\n|start\n|switch|p1a: Meowscarada|Meowscarada, M|100\/100\n|switch|p2a: Ursaluna|Ursaluna, F|100\/100\n|turn|1\n|\n|t:|1699806578\n|move|p2a: Ursaluna|Protect|p2a: Ursaluna\n|-singleturn|p2a: Ursaluna|Protect\n|move|p1a: Meowscarada|Grass Knot|p2a: Ursaluna\n|-start|p1a: Meowscarada|typechange|Grass|[from] ability: Protean\n|-activate|p2a: Ursaluna|move: Protect\n|\n|-status|p2a: Ursaluna|brn|[from] item: Flame Orb\n|upkeep\n|turn|2\n|\n|t:|1699806596\n|switch|p1a: Rotom|Rotom-Mow|100\/100\n|-terastallize|p2a: Ursaluna|Normal\n|move|p2a: Ursaluna|Facade|p1a: Rotom\n|-damage|p1a: Rotom|0 fnt\n|faint|p1a: Rotom\n|\n|-damage|p2a: Ursaluna|94\/100 brn|[from] brn\n|upkeep\n|\n|t:|1699806603\n|switch|p1a: Meowscarada|Meowscarada, M|100\/100\n|turn|3\n|\n|t:|1699806606\n|move|p2a: Ursaluna|Protect|p2a: Ursaluna\n|-singleturn|p2a: Ursaluna|Protect\n|move|p1a: Meowscarada|Aura Sphere|p2a: Ursaluna\n|-start|p1a: Meowscarada|typechange|Fighting|[from] ability: Protean\n|-activate|p2a: Ursaluna|move: Protect\n|\n|-damage|p2a: Ursaluna|88\/100 brn|[from] brn\n|upkeep\n|turn|4\n|\n|t:|1699806612\n|switch|p2a: Wyrdeer|Wyrdeer, F|100\/100\n|move|p1a: Meowscarada|Aura Sphere|p2a: Wyrdeer\n|-damage|p2a: Wyrdeer|67\/100\n|\n|upkeep\n|turn|5\n|\n|t:|1699806626\n|switch|p1a: Ogerpon|Ogerpon-Cornerstone, F|100\/100\n|move|p2a: Wyrdeer|Body Slam|p1a: Ogerpon\n|-resisted|p1a: Ogerpon\n|-damage|p1a: Ogerpon|82\/100\n|\n|upkeep\n|turn|6\n|\n|t:|1699806637\n|switch|p2a: Dudunsparce|Dudunsparce, M|100\/100\n|move|p1a: Ogerpon|Knock Off|p2a: Dudunsparce\n|-damage|p2a: Dudunsparce|77\/100\n|-enditem|p2a: Dudunsparce|Leftovers|[from] move: Knock Off|[of] p1a: Ogerpon\n|\n|upkeep\n|turn|7\n|\n|t:|1699806647\n|move|p1a: Ogerpon|Superpower|p2a: Dudunsparce\n|-supereffective|p2a: Dudunsparce\n|-damage|p2a: Dudunsparce|13\/100\n|-unboost|p1a: Ogerpon|atk|1\n|-unboost|p1a: Ogerpon|def|1\n|move|p2a: Dudunsparce|Glare|p1a: Ogerpon\n|-status|p1a: Ogerpon|par\n|\n|upkeep\n|turn|8\n|\n|t:|1699806671\n|switch|p1a: Decidueye|Decidueye-Hisui, F|100\/100\n|switch|p2a: Braviary|Braviary, M|100\/100\n|\n|upkeep\n|turn|9\n|\n|t:|1699806681\n|-terastallize|p1a: Decidueye|Grass\n|move|p2a: Braviary|Agility|p2a: Braviary\n|-boost|p2a: Braviary|spe|2\n|move|p1a: Decidueye|Rock Tomb|p2a: Braviary\n|-supereffective|p2a: Braviary\n|-damage|p2a: Braviary|59\/100\n|-unboost|p2a: Braviary|spe|1\n|-ability|p2a: Braviary|Defiant|boost\n|-boost|p2a: Braviary|atk|2\n|\n|upkeep\n|turn|10\n|\n|t:|1699806699\n|move|p2a: Braviary|Acrobatics|p1a: Decidueye\n|-supereffective|p1a: Decidueye\n|-enditem|p1a: Decidueye|Coba Berry|[eat]\n|-enditem|p1a: Decidueye|Coba Berry|[weaken]\n|-damage|p1a: Decidueye|2\/100\n|move|p1a: Decidueye|Rock Tomb|p2a: Braviary\n|-supereffective|p2a: Braviary\n|-damage|p2a: Braviary|14\/100\n|-unboost|p2a: Braviary|spe|1\n|-ability|p2a: Braviary|Defiant|boost\n|-boost|p2a: Braviary|atk|2\n|\n|upkeep\n|turn|11\n|\n|t:|1699806711\n|move|p2a: Braviary|Roost|p2a: Braviary\n|-heal|p2a: Braviary|64\/100\n|-singleturn|p2a: Braviary|move: Roost\n|move|p1a: Decidueye|Triple Arrows|p2a: Braviary\n|-supereffective|p2a: Braviary\n|-crit|p2a: Braviary\n|-damage|p2a: Braviary|0 fnt\n|faint|p2a: Braviary\n|\n|upkeep\n|\n|t:|1699806727\n|switch|p2a: Ursaluna|Ursaluna, F, tera:Normal|88\/100 brn\n|turn|12\n|\n|t:|1699806734\n|move|p1a: Decidueye|Sucker Punch|p2a: Ursaluna\n|-damage|p2a: Ursaluna|68\/100 brn\n|move|p2a: Ursaluna|Trailblaze|p1a: Decidueye\n|-resisted|p1a: Decidueye\n|-damage|p1a: Decidueye|0 fnt\n|-boost|p2a: Ursaluna|spe|1\n|faint|p1a: Decidueye\n|\n|-damage|p2a: Ursaluna|62\/100 brn|[from] brn\n|upkeep\n|j| Sephiroth25061994\n|\n|t:|1699806747\n|switch|p1a: Ogerpon|Ogerpon-Cornerstone, F|82\/100 par\n|turn|13\n|\n|t:|1699806754\n|move|p1a: Ogerpon|Spiky Shield|p1a: Ogerpon\n|-singleturn|p1a: Ogerpon|move: Protect\n|move|p2a: Ursaluna|Facade|p1a: Ogerpon\n|-activate|p1a: Ogerpon|move: Protect\n|-damage|p2a: Ursaluna|50\/100 brn|[from] Spiky Shield|[of] p1a: Ogerpon\n|\n|-damage|p2a: Ursaluna|44\/100 brn|[from] brn\n|upkeep\n|turn|14\n|\n|t:|1699806767\n|move|p2a: Ursaluna|Facade|p1a: Ogerpon\n|-resisted|p1a: Ogerpon\n|-damage|p1a: Ogerpon|0 fnt\n|faint|p1a: Ogerpon\n|\n|-damage|p2a: Ursaluna|37\/100 brn|[from] brn\n|upkeep\n|\n|t:|1699806773\n|switch|p1a: Rillaboom|Rillaboom, F|100\/100\n|-fieldstart|move: Grassy Terrain|[from] ability: Grassy Surge|[of] p1a: Rillaboom\n|turn|15\n|\n|t:|1699806785\n|switch|p2a: Gholdengo|Gholdengo|100\/100\n|move|p1a: Rillaboom|Grassy Glide|p2a: Gholdengo\n|-resisted|p2a: Gholdengo\n|-damage|p2a: Gholdengo|89\/100\n|\n|-heal|p2a: Gholdengo|95\/100|[from] Grassy Terrain\n|-heal|p2a: Gholdengo|100\/100|[from] item: Leftovers\n|upkeep\n|turn|16\n|\n|t:|1699806791\n|move|p1a: Rillaboom|Knock Off|p2a: Gholdengo\n|-supereffective|p2a: Gholdengo\n|-damage|p2a: Gholdengo|53\/100\n|-enditem|p2a: Gholdengo|Leftovers|[from] move: Knock Off|[of] p1a: Rillaboom\n|move|p2a: Gholdengo|Thunder Wave|p1a: Rillaboom\n|-status|p1a: Rillaboom|par\n|\n|-heal|p2a: Gholdengo|59\/100|[from] Grassy Terrain\n|upkeep\n|turn|17\n|\n|t:|1699806800\n|move|p2a: Gholdengo|Recover|p2a: Gholdengo\n|-heal|p2a: Gholdengo|100\/100\n|cant|p1a: Rillaboom|par\n|\n|upkeep\n|turn|18\n|\n|t:|1699806804\n|move|p2a: Gholdengo|Hex|p1a: Rillaboom\n|-damage|p1a: Rillaboom|52\/100 par\n|cant|p1a: Rillaboom|par\n|\n|-heal|p1a: Rillaboom|58\/100 par|[from] Grassy Terrain\n|upkeep\n|turn|19\n|\n|t:|1699806814\n|move|p2a: Gholdengo|Hex|p1a: Rillaboom\n|-damage|p1a: Rillaboom|7\/100 par\n|move|p1a: Rillaboom|High Horsepower|p2a: Gholdengo\n|-supereffective|p2a: Gholdengo\n|-damage|p2a: Gholdengo|60\/100\n|\n|-heal|p2a: Gholdengo|66\/100|[from] Grassy Terrain\n|-heal|p1a: Rillaboom|14\/100 par|[from] Grassy Terrain\n|-fieldend|move: Grassy Terrain\n|upkeep\n|turn|20\n|\n|t:|1699806823\n|move|p2a: Gholdengo|Flash Cannon|p1a: Rillaboom\n|-damage|p1a: Rillaboom|0 fnt\n|faint|p1a: Rillaboom\n|\n|upkeep\n|\n|t:|1699806824\n|switch|p1a: Meowscarada|Meowscarada, M|100\/100\n|turn|21\n|\n|t:|1699806872\n|switch|p2a: Dudunsparce|Dudunsparce, M|13\/100\n|move|p1a: Meowscarada|Dark Pulse|p2a: Dudunsparce\n|-start|p1a: Meowscarada|typechange|Dark|[from] ability: Protean\n|-damage|p2a: Dudunsparce|0 fnt\n|faint|p2a: Dudunsparce\n|\n|upkeep\n|\n|t:|1699806883\n|switch|p2a: Wyrdeer|Wyrdeer, F|67\/100\n|turn|22\n|\n|t:|1699806894\n|move|p1a: Meowscarada|Dark Pulse|p2a: Wyrdeer\n|-supereffective|p2a: Wyrdeer\n|-damage|p2a: Wyrdeer|0 fnt\n|faint|p2a: Wyrdeer\n|\n|upkeep\n|\n|t:|1699806900\n|switch|p2a: Ursaluna|Ursaluna, F, tera:Normal|37\/100 brn\n|turn|23\n|\n|t:|1699806903\n|move|p1a: Meowscarada|Dark Pulse|p2a: Ursaluna\n|-damage|p2a: Ursaluna|0 fnt\n|faint|p2a: Ursaluna\n|\n|upkeep\n|\n|t:|1699806905\n|switch|p2a: Gholdengo|Gholdengo|66\/100\n|turn|24\n|\n|t:|1699806908\n|move|p1a: Meowscarada|Dark Pulse|p2a: Gholdengo\n|-supereffective|p2a: Gholdengo\n|-damage|p2a: Gholdengo|0 fnt\n|faint|p2a: Gholdengo\n|\n|win|MtyMiltanks\n","uploadtime":1699806916,"views":75,"p1id":"mtymiltanks","p2id":"aceman2798","formatid":"gen9ou","rating":0,"private":0,"password":""}