{"id":"gen9ou-1992120623","p1":"shireishi","p2":"kithril","format":"[Gen 9] OU","log":"|j|\u2606shireishi\n|j|\u2606kithril\n|t:|1700156769\n|gametype|singles\n|player|p1|shireishi|steven-masters3|1172\n|player|p2|kithril|lucas-gen4pt|1121\n|teamsize|p1|6\n|teamsize|p2|6\n|gen|9\n|tier|[Gen 9] OU\n|rated|\n|rule|Sleep Clause Mod: Limit one foe put to sleep\n|rule|Species Clause: Limit one of each Pok\u00e9mon\n|rule|OHKO Clause: OHKO moves are banned\n|rule|Evasion Items Clause: Evasion items are banned\n|rule|Evasion Moves Clause: Evasion moves are banned\n|rule|Endless Battle Clause: Forcing endless battles is banned\n|rule|HP Percentage Mod: HP is shown in percentages\n|clearpoke\n|poke|p1|Hatterene, F|\n|poke|p1|Sneasler, M|\n|poke|p1|Greninja-*, M|\n|poke|p1|Kingambit, F|\n|poke|p1|Landorus-Therian, M|\n|poke|p1|Dragapult, M|\n|poke|p2|Gyarados, F|\n|poke|p2|Dragonite, F|\n|poke|p2|Dragapult, M|\n|poke|p2|Garchomp, M|\n|poke|p2|Charizard, M|\n|poke|p2|Samurott-Hisui, M|\n|teampreview\n|inactive|Battle timer is ON: inactive players will automatically lose when time's up. (requested by kithril)\n|\n|t:|1700156779\n|start\n|switch|p1a: Sneasler|Sneasler, M|100\/100\n|switch|p2a: Samurott|Samurott-Hisui, M|100\/100\n|turn|1\n|\n|t:|1700156796\n|-terastallize|p2a: Samurott|Ghost\n|move|p1a: Sneasler|Fake Out|p2a: Samurott\n|-immune|p2a: Samurott\n|move|p2a: Samurott|Ceaseless Edge|p1a: Sneasler\n|-resisted|p1a: Sneasler\n|-damage|p1a: Sneasler|63\/100\n|-sidestart|p1: shireishi|Spikes\n|\n|upkeep\n|turn|2\n|\n|t:|1700156808\n|move|p1a: Sneasler|U-turn|p2a: Samurott\n|-resisted|p2a: Samurott\n|-damage|p2a: Samurott|85\/100\n|\n|t:|1700156811\n|switch|p1a: Hatterene|Hatterene, F|100\/100|[from] U-turn\n|-damage|p1a: Hatterene|88\/100|[from] Spikes\n|move|p2a: Samurott|Ceaseless Edge|p1a: Hatterene\n|-damage|p1a: Hatterene|48\/100\n|-sidestart|p1: shireishi|Spikes\n|-enditem|p1a: Hatterene|Eject Button\n|\n|t:|1700156816\n|switch|p1a: Landorus|Landorus-Therian, M|100\/100\n|-ability|p1a: Landorus|Intimidate|boost\n|-unboost|p2a: Samurott|atk|1\n|\n|upkeep\n|turn|3\n|\n|t:|1700156830\n|move|p1a: Landorus|Crunch|p2a: Samurott\n|-supereffective|p2a: Samurott\n|-damage|p2a: Samurott|8\/100\n|move|p2a: Samurott|Knock Off|p1a: Landorus\n|-damage|p1a: Landorus|68\/100\n|-enditem|p1a: Landorus|Choice Scarf|[from] move: Knock Off|[of] p2a: Samurott\n|\n|upkeep\n|turn|4\n|\n|t:|1700156841\n|move|p2a: Samurott|Aqua Jet|p1a: Landorus\n|-supereffective|p1a: Landorus\n|-damage|p1a: Landorus|41\/100\n|move|p1a: Landorus|U-turn|p2a: Samurott\n|-resisted|p2a: Samurott\n|-damage|p2a: Samurott|0 fnt\n|faint|p2a: Samurott\n|\n|t:|1700156843\n|switch|p1a: Hatterene|Hatterene, F|48\/100|[from] U-turn\n|-damage|p1a: Hatterene|32\/100|[from] Spikes\n|\n|upkeep\n|\n|t:|1700156854\n|switch|p2a: Garchomp|Garchomp, M|100\/100\n|turn|5\n|\n|t:|1700156870\n|move|p1a: Hatterene|Healing Wish|p1a: Hatterene\n|faint|p1a: Hatterene\n|move|p2a: Garchomp|Dragon Tail|p1: Hatterene|[notarget]\n|-fail|p2a: Garchomp\n|\n|upkeep\n|\n|t:|1700156880\n|switch|p1a: Landorus|Landorus-Therian, M|41\/100\n|-heal|p1a: Landorus|100\/100|[from] move: Healing Wish\n|-ability|p1a: Landorus|Intimidate|boost\n|-unboost|p2a: Garchomp|atk|1\n|turn|6\n|\n|t:|1700156888\n|move|p2a: Garchomp|Stealth Rock|p1a: Landorus\n|-sidestart|p1: shireishi|move: Stealth Rock\n|move|p1a: Landorus|Earthquake|p2a: Garchomp\n|-damage|p2a: Garchomp|48\/100\n|\n|upkeep\n|turn|7\n|\n|t:|1700156902\n|move|p2a: Garchomp|Spikes|p1a: Landorus\n|-sidestart|p1: shireishi|Spikes\n|move|p1a: Landorus|Stone Edge|p2a: Garchomp|[miss]\n|-miss|p1a: Landorus|p2a: Garchomp\n|\n|upkeep\n|turn|8\n|\n|t:|1700156906\n|move|p1a: Landorus|Earthquake|p2a: Garchomp\n|-damage|p2a: Garchomp|0 fnt\n|faint|p2a: Garchomp\n|\n|upkeep\n|\n|t:|1700156912\n|switch|p2a: Dragapult|Dragapult, M|100\/100\n|turn|9\n|\n|t:|1700156926\n|move|p2a: Dragapult|Reflect|p2a: Dragapult\n|-sidestart|p2: kithril|Reflect\n|move|p1a: Landorus|Earthquake|p2a: Dragapult\n|-damage|p2a: Dragapult|70\/100\n|\n|upkeep\n|turn|10\n|\n|t:|1700156935\n|switch|p2a: Dragonite|Dragonite, F|100\/100\n|move|p1a: Landorus|Crunch|p2a: Dragonite\n|-damage|p2a: Dragonite|93\/100\n|-unboost|p2a: Dragonite|def|1\n|\n|upkeep\n|turn|11\n|\n|t:|1700156943\n|move|p1a: Landorus|U-turn|p2a: Dragonite\n|-resisted|p2a: Dragonite\n|-damage|p2a: Dragonite|84\/100\n|\n|t:|1700156954\n|switch|p1a: Dragapult|Dragapult, M, shiny|100\/100|[from] U-turn\n|move|p2a: Dragonite|Ice Punch|p1a: Dragapult\n|-supereffective|p1a: Dragapult\n|-damage|p1a: Dragapult|0 fnt\n|faint|p1a: Dragapult\n|\n|upkeep\n|\n|t:|1700156959\n|switch|p1a: Sneasler|Sneasler, M|63\/100\n|-damage|p1a: Sneasler|38\/100|[from] Spikes\n|-damage|p1a: Sneasler|32\/100|[from] Stealth Rock\n|turn|12\n|\n|t:|1700156968\n|move|p1a: Sneasler|Dire Claw|p2a: Dragonite\n|-damage|p2a: Dragonite|57\/100\n|move|p2a: Dragonite|Ice Punch|p1a: Sneasler\n|-damage|p1a: Sneasler|0 fnt\n|faint|p1a: Sneasler\n|\n|upkeep\n|\n|t:|1700156984\n|switch|p1a: Landorus|Landorus-Therian, M|100\/100\n|-damage|p1a: Landorus|88\/100|[from] Stealth Rock\n|-ability|p1a: Landorus|Intimidate|boost\n|-unboost|p2a: Dragonite|atk|1\n|turn|13\n|\n|t:|1700156989\n|move|p1a: Landorus|Stone Edge|p2a: Dragonite|[miss]\n|-miss|p1a: Landorus|p2a: Dragonite\n|move|p2a: Dragonite|Ice Punch|p1a: Landorus\n|-supereffective|p1a: Landorus\n|-damage|p1a: Landorus|0 fnt\n|faint|p1a: Landorus\n|\n|upkeep\n|\n|t:|1700156992\n|switch|p1a: Greninja|Greninja, M|100\/100\n|-damage|p1a: Greninja|76\/100|[from] Spikes\n|-damage|p1a: Greninja|63\/100|[from] Stealth Rock\n|turn|14\n|\n|t:|1700157004\n|switch|p2a: Gyarados|Gyarados, F|100\/100\n|move|p1a: Greninja|Ice Beam|p2a: Gyarados\n|-damage|p2a: Gyarados|63\/100\n|-damage|p1a: Greninja|53\/100|[from] item: Life Orb\n|\n|upkeep\n|turn|15\n|\n|t:|1700157033\n|move|p1a: Greninja|Dark Pulse|p2a: Gyarados\n|-damage|p2a: Gyarados|18\/100\n|-damage|p1a: Greninja|44\/100|[from] item: Life Orb\n|move|p2a: Gyarados|Waterfall|p1a: Greninja\n|-resisted|p1a: Greninja\n|-crit|p1a: Greninja\n|-damage|p1a: Greninja|0 fnt\n|faint|p1a: Greninja\n|-ability|p2a: Gyarados|Moxie|boost\n|-boost|p2a: Gyarados|atk|1\n|\n|upkeep\n|\n|t:|1700157037\n|switch|p1a: Kingambit|Kingambit, F|100\/100\n|-damage|p1a: Kingambit|75\/100|[from] Spikes\n|-damage|p1a: Kingambit|69\/100|[from] Stealth Rock\n|-activate|p1a: Kingambit|ability: Supreme Overlord\n|-start|p1a: Kingambit|fallen5|[silent]\n|turn|16\n|\n|t:|1700157043\n|move|p2a: Gyarados|Earthquake|p1a: Kingambit\n|-supereffective|p1a: Kingambit\n|-damage|p1a: Kingambit|0 fnt\n|faint|p1a: Kingambit\n|-end|p1a: Kingambit|fallen5|[silent]\n|\n|win|kithril\n|raw|shireishi's rating: 1172 &rarr; <strong>1143<\/strong><br \/>(-29 for losing)\n|raw|kithril's rating: 1121 &rarr; <strong>1150<\/strong><br \/>(+29 for winning)\n|l|\u2606shireishi\n|l|\u2606kithril\n","uploadtime":1700157216,"views":8,"p1id":"shireishi","p2id":"kithril","formatid":"gen9ou","rating":1143,"private":0,"password":""}