{"id":"gen9ou-1991974431","p1":"ElPadou","p2":"Loneverfe","format":"[Gen 9] OU","log":"|j|\u2606ElPadou\n|j|\u2606Loneverfe\n|t:|1700144154\n|gametype|singles\n|player|p1|ElPadou|wattson|1366\n|player|p2|Loneverfe|cress|1422\n|teamsize|p1|6\n|teamsize|p2|6\n|gen|9\n|tier|[Gen 9] OU\n|rated|\n|rule|Sleep Clause Mod: Limit one foe put to sleep\n|rule|Species Clause: Limit one of each Pok\u00e9mon\n|rule|OHKO Clause: OHKO moves are banned\n|rule|Evasion Items Clause: Evasion items are banned\n|rule|Evasion Moves Clause: Evasion moves are banned\n|rule|Endless Battle Clause: Forcing endless battles is banned\n|rule|HP Percentage Mod: HP is shown in percentages\n|clearpoke\n|poke|p1|Torterra, M|\n|poke|p1|Alomomola, M|\n|poke|p1|Bellibolt, F|\n|poke|p1|Manaphy|\n|poke|p1|Tauros-Paldea-Blaze, M|\n|poke|p1|Ting-Lu|\n|poke|p2|Rillaboom, F|\n|poke|p2|Sneasler, M|\n|poke|p2|Zamazenta-*|\n|poke|p2|Ogerpon-Wellspring, F|\n|poke|p2|Heatran, F|\n|poke|p2|Hatterene, F|\n|teampreview\n|inactive|Battle timer is ON: inactive players will automatically lose when time's up. (requested by ElPadou)\n|inactive|Loneverfe has 120 seconds left.\n|\n|t:|1700144220\n|start\n|switch|p1a: Tauros|Tauros-Paldea-Blaze, M, shiny|100\/100\n|switch|p2a: Hatterene|Hatterene, F|100\/100\n|-ability|p1a: Tauros|Intimidate|boost\n|-unboost|p2a: Hatterene|atk|1\n|turn|1\n|\n|t:|1700144242\n|switch|p1a: Ting-Lu|Ting-Lu|100\/100\n|-ability|p1a: Ting-Lu|Vessel of Ruin\n|move|p2a: Hatterene|Nuzzle|p1a: Ting-Lu\n|-immune|p1a: Ting-Lu\n|\n|upkeep\n|turn|2\n|\n|t:|1700144255\n|switch|p2a: Rillaboom|Rillaboom, F|100\/100\n|-fieldstart|move: Grassy Terrain|[from] ability: Grassy Surge|[of] p2a: Rillaboom\n|move|p1a: Ting-Lu|Throat Chop|p2a: Rillaboom\n|-damage|p2a: Rillaboom|43\/100\n|-start|p2a: Rillaboom|Throat Chop|[silent]\n|\n|-heal|p2a: Rillaboom|49\/100|[from] Grassy Terrain\n|upkeep\n|turn|3\n|\n|t:|1700144265\n|switch|p1a: Tauros|Tauros-Paldea-Blaze, M, shiny|100\/100\n|-ability|p1a: Tauros|Intimidate|boost\n|-unboost|p2a: Rillaboom|atk|1\n|move|p2a: Rillaboom|U-turn|p1a: Tauros\n|-resisted|p1a: Tauros\n|-damage|p1a: Tauros|93\/100\n|\n|t:|1700144283\n|switch|p2a: Hatterene|Hatterene, F|100\/100|[from] U-turn\n|-enditem|p2a: Hatterene|Grassy Seed\n|-boost|p2a: Hatterene|def|1|[from] item: Grassy Seed\n|\n|-heal|p1a: Tauros|99\/100|[from] Grassy Terrain\n|upkeep\n|turn|4\n|\n|t:|1700144293\n|switch|p1a: Ting-Lu|Ting-Lu|100\/100\n|-ability|p1a: Ting-Lu|Vessel of Ruin\n|move|p2a: Hatterene|Calm Mind|p2a: Hatterene\n|-boost|p2a: Hatterene|spa|1\n|-boost|p2a: Hatterene|spd|1\n|\n|upkeep\n|turn|5\n|\n|t:|1700144300\n|move|p1a: Ting-Lu|Throat Chop|p2a: Hatterene\n|-damage|p2a: Hatterene|66\/100\n|-start|p2a: Hatterene|Throat Chop|[silent]\n|move|p2a: Hatterene|Draining Kiss|p1a: Ting-Lu\n|-supereffective|p1a: Ting-Lu\n|-damage|p1a: Ting-Lu|58\/100\n|-heal|p2a: Hatterene|100\/100|[from] drain|[of] p1a: Ting-Lu\n|\n|-heal|p1a: Ting-Lu|64\/100|[from] Grassy Terrain\n|upkeep\n|turn|6\n|\n|t:|1700144312\n|switch|p1a: Alomomola|Alomomola, M|100\/100\n|move|p2a: Hatterene|Draining Kiss|p1a: Alomomola\n|-damage|p1a: Alomomola|72\/100\n|-damage|p2a: Hatterene|84\/100|[from] item: Rocky Helmet|[of] p1a: Alomomola\n|\n|-heal|p1a: Alomomola|78\/100|[from] Grassy Terrain\n|-heal|p2a: Hatterene|90\/100|[from] Grassy Terrain\n|-end|p2a: Hatterene|Throat Chop|[silent]\n|-fieldend|move: Grassy Terrain\n|upkeep\n|turn|7\n|\n|t:|1700144315\n|move|p1a: Alomomola|Wish|p1a: Alomomola\n|move|p2a: Hatterene|Nuzzle|p1a: Alomomola\n|-supereffective|p1a: Alomomola\n|-damage|p1a: Alomomola|74\/100\n|-status|p1a: Alomomola|par\n|-damage|p2a: Hatterene|73\/100|[from] item: Rocky Helmet|[of] p1a: Alomomola\n|\n|upkeep\n|turn|8\n|\n|t:|1700144326\n|move|p2a: Hatterene|Calm Mind|p2a: Hatterene\n|-boost|p2a: Hatterene|spa|1\n|-boost|p2a: Hatterene|spd|1\n|move|p1a: Alomomola|Flip Turn|p2a: Hatterene\n|-crit|p2a: Hatterene\n|-damage|p2a: Hatterene|51\/100\n|\n|t:|1700144329\n|switch|p1a: Ting-Lu|Ting-Lu|64\/100|[from] Flip Turn\n|-ability|p1a: Ting-Lu|Vessel of Ruin\n|\n|-heal|p1a: Ting-Lu|100\/100|[from] move: Wish|[wisher] Alomomola\n|upkeep\n|turn|9\n|\n|t:|1700144337\n|switch|p1a: Alomomola|Alomomola, M|100\/100 par\n|move|p2a: Hatterene|Draining Kiss|p1a: Alomomola\n|-damage|p1a: Alomomola|60\/100 par\n|-heal|p2a: Hatterene|100\/100|[from] drain|[of] p1a: Alomomola\n|-damage|p2a: Hatterene|84\/100|[from] item: Rocky Helmet|[of] p1a: Alomomola\n|\n|upkeep\n|turn|10\n|\n|t:|1700144342\n|move|p2a: Hatterene|Calm Mind|p2a: Hatterene\n|-boost|p2a: Hatterene|spa|1\n|-boost|p2a: Hatterene|spd|1\n|move|p1a: Alomomola|Wish|p1a: Alomomola\n|\n|upkeep\n|turn|11\n|\n|t:|1700144347\n|move|p1a: Alomomola|Protect|p1a: Alomomola\n|-singleturn|p1a: Alomomola|Protect\n|move|p2a: Hatterene|Calm Mind|p2a: Hatterene\n|-boost|p2a: Hatterene|spa|1\n|-boost|p2a: Hatterene|spd|1\n|\n|-heal|p1a: Alomomola|100\/100 par|[from] move: Wish|[wisher] Alomomola\n|upkeep\n|turn|12\n|\n|t:|1700144358\n|-terastallize|p1a: Alomomola|Steel\n|move|p2a: Hatterene|Calm Mind|p2a: Hatterene\n|-boost|p2a: Hatterene|spa|1\n|-boost|p2a: Hatterene|spd|1\n|cant|p1a: Alomomola|par\n|\n|upkeep\n|turn|13\n|\n|t:|1700144368\n|cant|p1a: Alomomola|par\n|move|p2a: Hatterene|Calm Mind|p2a: Hatterene\n|-boost|p2a: Hatterene|spa|1\n|-boost|p2a: Hatterene|spd|1\n|\n|upkeep\n|turn|14\n|\n|t:|1700144375\n|move|p2a: Hatterene|Draining Kiss|p1a: Alomomola\n|-resisted|p1a: Alomomola\n|-damage|p1a: Alomomola|61\/100 par\n|-heal|p2a: Hatterene|100\/100|[from] drain|[of] p1a: Alomomola\n|-damage|p2a: Hatterene|84\/100|[from] item: Rocky Helmet|[of] p1a: Alomomola\n|move|p1a: Alomomola|Mirror Coat|p2a: Hatterene\n|-damage|p2a: Hatterene|0 fnt\n|faint|p2a: Hatterene\n|\n|upkeep\n|\n|t:|1700144383\n|switch|p2a: Sneasler|Sneasler, M|100\/100\n|turn|15\n|\n|t:|1700144386\n|move|p2a: Sneasler|Close Combat|p1a: Alomomola\n|-supereffective|p1a: Alomomola\n|-damage|p1a: Alomomola|0 fnt\n|-unboost|p2a: Sneasler|def|1\n|-unboost|p2a: Sneasler|spd|1\n|-damage|p2a: Sneasler|84\/100|[from] item: Rocky Helmet|[of] p1a: Alomomola\n|faint|p1a: Alomomola\n|\n|upkeep\n|\n|t:|1700144396\n|switch|p1a: Tauros|Tauros-Paldea-Blaze, M, shiny|99\/100\n|-ability|p1a: Tauros|Intimidate|boost\n|-unboost|p2a: Sneasler|atk|1\n|turn|16\n|\n|t:|1700144405\n|switch|p2a: Heatran|Heatran, F|100\/100\n|-item|p2a: Heatran|Air Balloon\n|move|p1a: Tauros|Close Combat|p2a: Heatran\n|-supereffective|p2a: Heatran\n|-damage|p2a: Heatran|13\/100\n|-unboost|p1a: Tauros|def|1\n|-unboost|p1a: Tauros|spd|1\n|-enditem|p2a: Heatran|Air Balloon\n|\n|upkeep\n|turn|17\n|\n|t:|1700144411\n|move|p1a: Tauros|Close Combat|p2a: Heatran\n|-supereffective|p2a: Heatran\n|-damage|p2a: Heatran|0 fnt\n|-unboost|p1a: Tauros|def|1\n|-unboost|p1a: Tauros|spd|1\n|faint|p2a: Heatran\n|\n|upkeep\n|\n|t:|1700144425\n|switch|p2a: Ogerpon|Ogerpon-Wellspring, F|100\/100\n|turn|18\n|\n|t:|1700144430\n|move|p1a: Tauros|Close Combat|p2a: Ogerpon\n|-damage|p2a: Ogerpon|24\/100\n|-unboost|p1a: Tauros|def|1\n|-unboost|p1a: Tauros|spd|1\n|move|p2a: Ogerpon|Swords Dance|p2a: Ogerpon\n|-boost|p2a: Ogerpon|atk|2\n|\n|upkeep\n|turn|19\n|\n|t:|1700144439\n|move|p1a: Tauros|Close Combat|p2a: Ogerpon\n|-damage|p2a: Ogerpon|0 fnt\n|-unboost|p1a: Tauros|def|1\n|-unboost|p1a: Tauros|spd|1\n|faint|p2a: Ogerpon\n|\n|upkeep\n|\n|t:|1700144441\n|switch|p2a: Zamazenta|Zamazenta|100\/100\n|-ability|p2a: Zamazenta|Dauntless Shield|boost\n|-boost|p2a: Zamazenta|def|1\n|turn|20\n|\n|t:|1700144452\n|switch|p1a: Torterra|Torterra, M|100\/100\n|move|p2a: Zamazenta|Iron Defense|p2a: Zamazenta\n|-boost|p2a: Zamazenta|def|2\n|\n|upkeep\n|turn|21\n|\n|t:|1700144466\n|move|p2a: Zamazenta|Body Press|p1a: Torterra\n|-damage|p1a: Torterra|43\/100\n|move|p1a: Torterra|Reflect|p1a: Torterra\n|-sidestart|p1: ElPadou|Reflect\n|\n|upkeep\n|turn|22\n|\n|t:|1700144475\n|switch|p1a: Tauros|Tauros-Paldea-Blaze, M, shiny|99\/100\n|-ability|p1a: Tauros|Intimidate|boost\n|-unboost|p2a: Zamazenta|atk|1\n|move|p2a: Zamazenta|Iron Defense|p2a: Zamazenta\n|-boost|p2a: Zamazenta|def|2\n|\n|upkeep\n|turn|23\n|\n|t:|1700144481\n|move|p1a: Tauros|Will-O-Wisp|p2a: Zamazenta\n|-status|p2a: Zamazenta|brn\n|move|p2a: Zamazenta|Body Press|p1a: Tauros\n|-damage|p1a: Tauros|59\/100\n|\n|-damage|p2a: Zamazenta|94\/100 brn|[from] brn\n|upkeep\n|turn|24\n|\n|t:|1700144497\n|switch|p1a: Bellibolt|Bellibolt, F, shiny|100\/100\n|move|p2a: Zamazenta|Body Press|p1a: Bellibolt\n|-damage|p1a: Bellibolt|72\/100\n|-start|p1a: Bellibolt|Charge|Body Press|[from] ability: Electromorphosis\n|\n|-heal|p2a: Zamazenta|100\/100 brn|[from] item: Leftovers\n|-damage|p2a: Zamazenta|94\/100 brn|[from] brn\n|upkeep\n|turn|25\n|\n|t:|1700144504\n|move|p2a: Zamazenta|Iron Defense|p2a: Zamazenta\n|-boost|p2a: Zamazenta|def|1\n|move|p1a: Bellibolt|Parabolic Charge|p2a: Zamazenta\n|-damage|p2a: Zamazenta|40\/100 brn\n|-heal|p1a: Bellibolt|100\/100|[from] drain|[of] p2a: Zamazenta\n|-end|p1a: Bellibolt|Charge|[silent]\n|\n|-heal|p2a: Zamazenta|47\/100 brn|[from] item: Leftovers\n|-damage|p2a: Zamazenta|40\/100 brn|[from] brn\n|upkeep\n|turn|26\n|\n|t:|1700144513\n|move|p2a: Zamazenta|Body Press|p1a: Bellibolt\n|-damage|p1a: Bellibolt|67\/100\n|-start|p1a: Bellibolt|Charge|Body Press|[from] ability: Electromorphosis\n|move|p1a: Bellibolt|Parabolic Charge|p2a: Zamazenta\n|-damage|p2a: Zamazenta|0 fnt\n|-heal|p1a: Bellibolt|92\/100|[from] drain|[of] p2a: Zamazenta\n|faint|p2a: Zamazenta\n|-end|p1a: Bellibolt|Charge|[silent]\n|\n|upkeep\n|\n|t:|1700144517\n|switch|p2a: Rillaboom|Rillaboom, F|49\/100\n|-fieldstart|move: Grassy Terrain|[from] ability: Grassy Surge|[of] p2a: Rillaboom\n|turn|27\n|\n|t:|1700144520\n|move|p2a: Rillaboom|Knock Off|p1a: Bellibolt\n|-damage|p1a: Bellibolt|65\/100\n|-start|p1a: Bellibolt|Charge|Knock Off|[from] ability: Electromorphosis\n|-enditem|p1a: Bellibolt|Big Root|[from] move: Knock Off|[of] p2a: Rillaboom\n|move|p1a: Bellibolt|Parabolic Charge|p2a: Rillaboom\n|-resisted|p2a: Rillaboom\n|-damage|p2a: Rillaboom|13\/100\n|-heal|p1a: Bellibolt|84\/100|[from] drain|[of] p2a: Rillaboom\n|-end|p1a: Bellibolt|Charge|[silent]\n|\n|-heal|p2a: Rillaboom|19\/100|[from] Grassy Terrain\n|-heal|p1a: Bellibolt|90\/100|[from] Grassy Terrain\n|upkeep\n|turn|28\n|\n|t:|1700144527\n|move|p2a: Rillaboom|Knock Off|p1a: Bellibolt\n|-damage|p1a: Bellibolt|72\/100\n|-start|p1a: Bellibolt|Charge|Knock Off|[from] ability: Electromorphosis\n|move|p1a: Bellibolt|Parabolic Charge|p2a: Rillaboom\n|-resisted|p2a: Rillaboom\n|-damage|p2a: Rillaboom|0 fnt\n|-heal|p1a: Bellibolt|82\/100|[from] drain|[of] p2a: Rillaboom\n|faint|p2a: Rillaboom\n|-end|p1a: Bellibolt|Charge|[silent]\n|\n|-heal|p1a: Bellibolt|88\/100|[from] Grassy Terrain\n|-sideend|p1: ElPadou|Reflect\n|upkeep\n|\n|t:|1700144528\n|switch|p2a: Sneasler|Sneasler, M|84\/100\n|-enditem|p2a: Sneasler|Grassy Seed\n|-boost|p2a: Sneasler|def|1|[from] item: Grassy Seed\n|turn|29\n|\n|t:|1700144533\n|move|p2a: Sneasler|Swords Dance|p2a: Sneasler\n|-boost|p2a: Sneasler|atk|2\n|move|p1a: Bellibolt|Parabolic Charge|p2a: Sneasler\n|-damage|p2a: Sneasler|46\/100\n|-heal|p1a: Bellibolt|100\/100|[from] drain|[of] p2a: Sneasler\n|\n|-heal|p2a: Sneasler|52\/100|[from] Grassy Terrain\n|upkeep\n|turn|30\n|\n|t:|1700144542\n|move|p2a: Sneasler|Swords Dance|p2a: Sneasler\n|-boost|p2a: Sneasler|atk|2\n|move|p1a: Bellibolt|Parabolic Charge|p2a: Sneasler\n|-damage|p2a: Sneasler|13\/100\n|\n|-heal|p2a: Sneasler|19\/100|[from] Grassy Terrain\n|upkeep\n|turn|31\n|inactive|Loneverfe has 120 seconds left.\n|\n|t:|1700144572\n|switch|p1a: Torterra|Torterra, M|43\/100\n|move|p2a: Sneasler|Close Combat|p1a: Torterra\n|-damage|p1a: Torterra|0 fnt\n|-unboost|p2a: Sneasler|def|1\n|-unboost|p2a: Sneasler|spd|1\n|faint|p1a: Torterra\n|\n|-heal|p2a: Sneasler|26\/100|[from] Grassy Terrain\n|-fieldend|move: Grassy Terrain\n|upkeep\n|\n|t:|1700144580\n|switch|p1a: Tauros|Tauros-Paldea-Blaze, M, shiny|59\/100\n|-ability|p1a: Tauros|Intimidate|boost\n|-unboost|p2a: Sneasler|atk|1\n|turn|32\n|\n|t:|1700144593\n|switch|p1a: Manaphy|Manaphy|100\/100\n|move|p2a: Sneasler|Close Combat|p1a: Manaphy\n|-damage|p1a: Manaphy|0 fnt\n|-unboost|p2a: Sneasler|def|1\n|-unboost|p2a: Sneasler|spd|1\n|faint|p1a: Manaphy\n|\n|upkeep\n|\n|t:|1700144596\n|switch|p1a: Tauros|Tauros-Paldea-Blaze, M, shiny|59\/100\n|-ability|p1a: Tauros|Intimidate|boost\n|-unboost|p2a: Sneasler|atk|1\n|turn|33\n|\n|t:|1700144609\n|switch|p1a: Ting-Lu|Ting-Lu|100\/100\n|-ability|p1a: Ting-Lu|Vessel of Ruin\n|move|p2a: Sneasler|Close Combat|p1a: Ting-Lu\n|-supereffective|p1a: Ting-Lu\n|-damage|p1a: Ting-Lu|0 fnt\n|-unboost|p2a: Sneasler|def|1\n|-unboost|p2a: Sneasler|spd|1\n|faint|p1a: Ting-Lu\n|\n|upkeep\n|\n|t:|1700144611\n|switch|p1a: Tauros|Tauros-Paldea-Blaze, M, shiny|59\/100\n|-ability|p1a: Tauros|Intimidate|boost\n|-unboost|p2a: Sneasler|atk|1\n|turn|34\n|\n|t:|1700144620\n|move|p2a: Sneasler|Close Combat|p1a: Tauros\n|-damage|p1a: Tauros|0 fnt\n|-unboost|p2a: Sneasler|def|1\n|-unboost|p2a: Sneasler|spd|1\n|faint|p1a: Tauros\n|\n|upkeep\n|\n|t:|1700144623\n|switch|p1a: Bellibolt|Bellibolt, F, shiny|100\/100\n|turn|35\n|\n|t:|1700144628\n|move|p2a: Sneasler|Close Combat|p1a: Bellibolt\n|-damage|p1a: Bellibolt|4\/100\n|-unboost|p2a: Sneasler|def|1\n|-unboost|p2a: Sneasler|spd|1\n|-start|p1a: Bellibolt|Charge|Close Combat|[from] ability: Electromorphosis\n|move|p1a: Bellibolt|Parabolic Charge|p2a: Sneasler\n|-damage|p2a: Sneasler|0 fnt\n|-heal|p1a: Bellibolt|16\/100|[from] drain|[of] p2a: Sneasler\n|faint|p2a: Sneasler\n|-end|p1a: Bellibolt|Charge|[silent]\n|\n|win|ElPadou\n|raw|ElPadou's rating: 1366 &rarr; <strong>1389<\/strong><br \/>(+23 for winning)\n|raw|Loneverfe's rating: 1422 &rarr; <strong>1399<\/strong><br \/>(-23 for losing)\n|c|\u2606Loneverfe|Gg and we\u2019ll played\n","uploadtime":1700144640,"views":16,"p1id":"elpadou","p2id":"loneverfe","formatid":"gen9ou","rating":1389,"private":0,"password":""}