{"id":"gen9ou-1989997367","p1":"mathismathin","p2":"Firer","format":"[Gen 9] OU","log":"|j|\u2606mathismathin\n|j|\u2606Firer\n|t:|1699913811\n|gametype|singles\n|player|p1|mathismathin|nate|1768\n|player|p2|Firer|palmer|1883\n|teamsize|p1|6\n|teamsize|p2|6\n|gen|9\n|tier|[Gen 9] OU\n|rated|\n|rule|Sleep Clause Mod: Limit one foe put to sleep\n|rule|Species Clause: Limit one of each Pok\u00e9mon\n|rule|OHKO Clause: OHKO moves are banned\n|rule|Evasion Items Clause: Evasion items are banned\n|rule|Evasion Moves Clause: Evasion moves are banned\n|rule|Endless Battle Clause: Forcing endless battles is banned\n|rule|HP Percentage Mod: HP is shown in percentages\n|clearpoke\n|poke|p1|Tyranitar, F|\n|poke|p1|Moltres|\n|poke|p1|Rotom-Wash|\n|poke|p1|Clodsire, F|\n|poke|p1|Dragapult, F|\n|poke|p1|Great Tusk|\n|poke|p2|Ceruledge, F|\n|poke|p2|Great Tusk|\n|poke|p2|Tinkaton, F|\n|poke|p2|Hydreigon, M|\n|poke|p2|Rillaboom, F|\n|poke|p2|Toxapex, F|\n|teampreview\n|inactive|Battle timer is ON: inactive players will automatically lose when time's up. (requested by Firer)\n|j| MiniLarry\n|j| Shedtailhater\n|j| Porycomingback\n|\n|t:|1699913833\n|start\n|switch|p1a: Rotom|Rotom-Wash|100\/100\n|switch|p2a: Tinkaton|Tinkaton, F|100\/100\n|-item|p2a: Tinkaton|Air Balloon\n|turn|1\n|j| Sheerluck Holmes\n|\n|t:|1699913846\n|move|p2a: Tinkaton|Stealth Rock|p1a: Rotom\n|-sidestart|p1: mathismathin|move: Stealth Rock\n|move|p1a: Rotom|Will-O-Wisp|p2a: Tinkaton\n|-status|p2a: Tinkaton|brn\n|\n|-damage|p2a: Tinkaton|94\/100 brn|[from] brn\n|upkeep\n|turn|2\n|j| Sub3timesongliscor\n|\n|t:|1699913851\n|move|p2a: Tinkaton|Encore|p1a: Rotom\n|-start|p1a: Rotom|Encore\n|move|p1a: Rotom|Will-O-Wisp|p2a: Tinkaton\n|-fail|p2a: Tinkaton|brn\n|\n|-damage|p2a: Tinkaton|88\/100 brn|[from] brn\n|upkeep\n|turn|3\n|l| Sub3timesongliscor\n|inactive|Firer has 120 seconds left.\n|j| dfgbdgbdfgb\n|\n|t:|1699913885\n|switch|p2a: Ceruledge|Ceruledge, F|100\/100\n|move|p1a: Rotom|Will-O-Wisp|p2a: Ceruledge\n|-start|p2a: Ceruledge|ability: Flash Fire\n|\n|upkeep\n|turn|4\n|j| ladyoouf\n|\n|t:|1699913908\n|switch|p1a: Tyranitar|Tyranitar, F|100\/100\n|-damage|p1a: Tyranitar|88\/100|[from] Stealth Rock\n|-weather|Sandstorm|[from] ability: Sand Stream|[of] p1a: Tyranitar\n|move|p2a: Ceruledge|Bulk Up|p2a: Ceruledge\n|-boost|p2a: Ceruledge|atk|1\n|-boost|p2a: Ceruledge|def|1\n|\n|-weather|Sandstorm|[upkeep]\n|-damage|p2a: Ceruledge|94\/100|[from] Sandstorm\n|-heal|p2a: Ceruledge|100\/100|[from] item: Leftovers\n|upkeep\n|turn|5\n|inactive|Firer has 120 seconds left.\n|\n|t:|1699913928\n|-end|p2a: Ceruledge|ability: Flash Fire|[silent]\n|switch|p2a: Great Tusk|Great Tusk|100\/100\n|move|p1a: Tyranitar|Knock Off|p2a: Great Tusk\n|-resisted|p2a: Great Tusk\n|-damage|p2a: Great Tusk|80\/100\n|-damage|p1a: Tyranitar|72\/100|[from] item: Rocky Helmet|[of] p2a: Great Tusk\n|-enditem|p2a: Great Tusk|Rocky Helmet|[from] move: Knock Off|[of] p1a: Tyranitar\n|\n|-weather|Sandstorm|[upkeep]\n|upkeep\n|turn|6\n|inactive|Firer has 120 seconds left.\n|\n|t:|1699913944\n|switch|p1a: Rotom|Rotom-Wash|100\/100\n|-damage|p1a: Rotom|88\/100|[from] Stealth Rock\n|move|p2a: Great Tusk|Knock Off|p1a: Rotom\n|-damage|p1a: Rotom|66\/100\n|-enditem|p1a: Rotom|Leftovers|[from] move: Knock Off|[of] p2a: Great Tusk\n|\n|-weather|Sandstorm|[upkeep]\n|-damage|p1a: Rotom|60\/100|[from] Sandstorm\n|upkeep\n|turn|7\n|\n|t:|1699913956\n|-end|p2a: Great Tusk|Protosynthesis|[silent]\n|switch|p2a: Toxapex|Toxapex, F|100\/100\n|move|p1a: Rotom|Hydro Pump|p2a: Toxapex|[miss]\n|-miss|p1a: Rotom|p2a: Toxapex\n|\n|-weather|Sandstorm|[upkeep]\n|-damage|p1a: Rotom|54\/100|[from] Sandstorm\n|-damage|p2a: Toxapex|95\/100|[from] Sandstorm\n|upkeep\n|turn|8\n|inactive|Firer has 120 seconds left.\n|\n|t:|1699913964\n|move|p1a: Rotom|Volt Switch|p2a: Toxapex\n|-supereffective|p2a: Toxapex\n|-damage|p2a: Toxapex|65\/100\n|\n|t:|1699913968\n|switch|p1a: Clodsire|Clodsire, F|100\/100|[from] Volt Switch\n|-damage|p1a: Clodsire|94\/100|[from] Stealth Rock\n|move|p2a: Toxapex|Infestation|p1a: Clodsire\n|-resisted|p1a: Clodsire\n|-damage|p1a: Clodsire|93\/100\n|-activate|p1a: Clodsire|move: Infestation|[of] p2a: Toxapex\n|\n|-weather|none\n|-heal|p1a: Clodsire|99\/100|[from] item: Leftovers\n|-damage|p1a: Clodsire|87\/100|[from] move: Infestation|[partiallytrapped]\n|upkeep\n|turn|9\n|\n|t:|1699913974\n|move|p2a: Toxapex|Acid Spray|p1a: Clodsire\n|-resisted|p1a: Clodsire\n|-damage|p1a: Clodsire|85\/100\n|-unboost|p1a: Clodsire|spd|2\n|move|p1a: Clodsire|Stealth Rock|p2a: Toxapex\n|-sidestart|p2: Firer|move: Stealth Rock\n|\n|-heal|p1a: Clodsire|91\/100|[from] item: Leftovers\n|-damage|p1a: Clodsire|79\/100|[from] move: Infestation|[partiallytrapped]\n|upkeep\n|turn|10\n|\n|t:|1699913987\n|move|p2a: Toxapex|Surf|p1a: Clodsire\n|-heal|p1a: Clodsire|100\/100|[from] ability: Water Absorb|[of] p2a: Toxapex\n|move|p1a: Clodsire|Earthquake|p2a: Toxapex\n|-supereffective|p2a: Toxapex\n|-damage|p2a: Toxapex|21\/100\n|\n|-damage|p1a: Clodsire|88\/100|[from] move: Infestation|[partiallytrapped]\n|upkeep\n|turn|11\n|\n|t:|1699913992\n|switch|p2a: Tinkaton|Tinkaton, F|88\/100 brn\n|-damage|p2a: Tinkaton|82\/100 brn|[from] Stealth Rock\n|-item|p2a: Tinkaton|Air Balloon\n|move|p1a: Clodsire|Poison Jab|p2a: Tinkaton\n|-immune|p2a: Tinkaton\n|\n|-heal|p1a: Clodsire|94\/100|[from] item: Leftovers\n|-damage|p2a: Tinkaton|76\/100 brn|[from] brn\n|-end|p1a: Clodsire|Infestation|[partiallytrapped]|[silent]\n|upkeep\n|turn|12\n|\n|t:|1699914003\n|switch|p1a: Rotom|Rotom-Wash|54\/100\n|-damage|p1a: Rotom|41\/100|[from] Stealth Rock\n|move|p2a: Tinkaton|Play Rough|p1a: Rotom\n|-damage|p1a: Rotom|31\/100\n|\n|-damage|p2a: Tinkaton|70\/100 brn|[from] brn\n|upkeep\n|turn|13\n|j| lgang007\n|\n|t:|1699914023\n|switch|p2a: Rillaboom|Rillaboom, F|100\/100\n|-damage|p2a: Rillaboom|88\/100|[from] Stealth Rock\n|-fieldstart|move: Grassy Terrain|[from] ability: Grassy Surge|[of] p2a: Rillaboom\n|move|p1a: Rotom|Volt Switch|p2a: Rillaboom\n|-resisted|p2a: Rillaboom\n|-damage|p2a: Rillaboom|71\/100\n|\n|t:|1699914026\n|switch|p1a: Dragapult|Dragapult, F|100\/100|[from] Volt Switch\n|-damage|p1a: Dragapult|88\/100|[from] Stealth Rock\n|\n|-heal|p1a: Dragapult|94\/100|[from] Grassy Terrain\n|-heal|p2a: Rillaboom|77\/100|[from] Grassy Terrain\n|upkeep\n|turn|14\n|\n|t:|1699914043\n|move|p1a: Dragapult|Shadow Ball|p2a: Rillaboom\n|-crit|p2a: Rillaboom\n|-damage|p2a: Rillaboom|0 fnt\n|faint|p2a: Rillaboom\n|\n|-heal|p1a: Dragapult|99\/100|[from] Grassy Terrain\n|upkeep\n|\n|t:|1699914052\n|switch|p2a: Hydreigon|Hydreigon, M|100\/100\n|-damage|p2a: Hydreigon|88\/100|[from] Stealth Rock\n|turn|15\n|\n|t:|1699914070\n|switch|p1a: Tyranitar|Tyranitar, F|72\/100\n|-damage|p1a: Tyranitar|59\/100|[from] Stealth Rock\n|-weather|Sandstorm|[from] ability: Sand Stream|[of] p1a: Tyranitar\n|move|p2a: Hydreigon|Earth Power|p1a: Tyranitar\n|-supereffective|p1a: Tyranitar\n|-damage|p1a: Tyranitar|18\/100\n|\n|-weather|Sandstorm|[upkeep]\n|-damage|p2a: Hydreigon|82\/100|[from] Sandstorm\n|-heal|p2a: Hydreigon|88\/100|[from] item: Leftovers\n|-heal|p1a: Tyranitar|24\/100|[from] Grassy Terrain\n|upkeep\n|turn|16\n|\n|t:|1699914077\n|move|p2a: Hydreigon|Earth Power|p1a: Tyranitar\n|-supereffective|p1a: Tyranitar\n|-damage|p1a: Tyranitar|0 fnt\n|faint|p1a: Tyranitar\n|\n|-weather|Sandstorm|[upkeep]\n|-damage|p2a: Hydreigon|82\/100|[from] Sandstorm\n|-heal|p2a: Hydreigon|88\/100|[from] item: Leftovers\n|upkeep\n|\n|t:|1699914079\n|switch|p1a: Dragapult|Dragapult, F|99\/100\n|-damage|p1a: Dragapult|88\/100|[from] Stealth Rock\n|turn|17\n|\n|t:|1699914085\n|switch|p2a: Tinkaton|Tinkaton, F|70\/100 brn\n|-damage|p2a: Tinkaton|64\/100 brn|[from] Stealth Rock\n|-item|p2a: Tinkaton|Air Balloon\n|move|p1a: Dragapult|U-turn|p2a: Tinkaton\n|-resisted|p2a: Tinkaton\n|-damage|p2a: Tinkaton|59\/100 brn\n|-enditem|p2a: Tinkaton|Air Balloon\n|-enditem|p1a: Dragapult|Choice Specs|[silent]|[from] ability: Pickpocket|[of] p1a: Dragapult\n|-item|p2a: Tinkaton|Choice Specs|[from] ability: Pickpocket|[of] p1a: Dragapult\n|\n|t:|1699914102\n|switch|p1a: Great Tusk|Great Tusk|100\/100|[from] U-turn\n|-damage|p1a: Great Tusk|98\/100|[from] Stealth Rock\n|\n|-weather|Sandstorm|[upkeep]\n|-heal|p2a: Tinkaton|65\/100 brn|[from] Grassy Terrain\n|-heal|p1a: Great Tusk|100\/100|[from] Grassy Terrain\n|-damage|p2a: Tinkaton|59\/100 brn|[from] brn\n|-fieldend|move: Grassy Terrain\n|upkeep\n|turn|18\n|c| Sheerluck Holmes|+1 Tinkaton Fashion Stat\n|\n|t:|1699914109\n|switch|p2a: Great Tusk|Great Tusk|80\/100\n|-damage|p2a: Great Tusk|77\/100|[from] Stealth Rock\n|move|p1a: Great Tusk|Earthquake|p2a: Great Tusk\n|-damage|p2a: Great Tusk|59\/100\n|\n|-weather|Sandstorm|[upkeep]\n|upkeep\n|turn|19\n|j| amartin96\n|\n|t:|1699914118\n|move|p1a: Great Tusk|Bulk Up|p1a: Great Tusk\n|-boost|p1a: Great Tusk|atk|1\n|-boost|p1a: Great Tusk|def|1\n|move|p2a: Great Tusk|Rapid Spin|p1a: Great Tusk\n|-damage|p1a: Great Tusk|96\/100\n|-boost|p2a: Great Tusk|spe|1\n|-sideend|p2: Firer|Stealth Rock|[from] move: Rapid Spin|[of] p2a: Great Tusk\n|\n|-weather|none\n|-heal|p1a: Great Tusk|100\/100|[from] item: Leftovers\n|upkeep\n|turn|20\n|\n|t:|1699914132\n|-end|p2a: Great Tusk|Protosynthesis|[silent]\n|switch|p2a: Tinkaton|Tinkaton, F|59\/100 brn\n|move|p1a: Great Tusk|Earthquake|p2a: Tinkaton\n|-supereffective|p2a: Tinkaton\n|-damage|p2a: Tinkaton|0 fnt\n|faint|p2a: Tinkaton\n|\n|upkeep\n|\n|t:|1699914137\n|switch|p2a: Ceruledge|Ceruledge, F|100\/100\n|turn|21\n|\n|t:|1699914147\n|-terastallize|p2a: Ceruledge|Bug\n|move|p1a: Great Tusk|Knock Off|p2a: Ceruledge\n|-damage|p2a: Ceruledge|49\/100\n|-enditem|p2a: Ceruledge|Leftovers|[from] move: Knock Off|[of] p1a: Great Tusk\n|move|p2a: Ceruledge|Will-O-Wisp|p1a: Great Tusk\n|-status|p1a: Great Tusk|brn\n|\n|-damage|p1a: Great Tusk|94\/100 brn|[from] brn\n|upkeep\n|turn|22\n|j| Loculaa\n|\n|t:|1699914161\n|move|p1a: Great Tusk|Rapid Spin|p2a: Ceruledge\n|-damage|p2a: Ceruledge|37\/100\n|-boost|p1a: Great Tusk|spe|1\n|-sideend|p1: mathismathin|Stealth Rock|[from] move: Rapid Spin|[of] p1a: Great Tusk\n|move|p2a: Ceruledge|Bulk Up|p2a: Ceruledge\n|-boost|p2a: Ceruledge|atk|1\n|-boost|p2a: Ceruledge|def|1\n|\n|-heal|p1a: Great Tusk|100\/100 brn|[from] item: Leftovers\n|-damage|p1a: Great Tusk|94\/100 brn|[from] brn\n|upkeep\n|turn|23\n|l| Loculaa\n|\n|t:|1699914168\n|move|p1a: Great Tusk|Knock Off|p2a: Ceruledge\n|-damage|p2a: Ceruledge|26\/100\n|move|p2a: Ceruledge|Bitter Blade|p1a: Great Tusk\n|-damage|p1a: Great Tusk|75\/100 brn\n|-heal|p2a: Ceruledge|37\/100|[from] drain|[of] p1a: Great Tusk\n|\n|-heal|p1a: Great Tusk|82\/100 brn|[from] item: Leftovers\n|-damage|p1a: Great Tusk|75\/100 brn|[from] brn\n|upkeep\n|turn|24\n|\n|t:|1699914182\n|move|p1a: Great Tusk|Bulk Up|p1a: Great Tusk\n|-boost|p1a: Great Tusk|atk|1\n|-boost|p1a: Great Tusk|def|1\n|move|p2a: Ceruledge|Bulk Up|p2a: Ceruledge\n|-boost|p2a: Ceruledge|atk|1\n|-boost|p2a: Ceruledge|def|1\n|\n|-heal|p1a: Great Tusk|82\/100 brn|[from] item: Leftovers\n|-damage|p1a: Great Tusk|75\/100 brn|[from] brn\n|upkeep\n|turn|25\n|j| Pierre77v\n|\n|t:|1699914189\n|move|p1a: Great Tusk|Bulk Up|p1a: Great Tusk\n|-boost|p1a: Great Tusk|atk|1\n|-boost|p1a: Great Tusk|def|1\n|move|p2a: Ceruledge|Bitter Blade|p1a: Great Tusk\n|-damage|p1a: Great Tusk|61\/100 brn\n|-heal|p2a: Ceruledge|46\/100|[from] drain|[of] p1a: Great Tusk\n|\n|-heal|p1a: Great Tusk|68\/100 brn|[from] item: Leftovers\n|-damage|p1a: Great Tusk|61\/100 brn|[from] brn\n|upkeep\n|turn|26\n|\n|t:|1699914198\n|move|p1a: Great Tusk|Bulk Up|p1a: Great Tusk\n|-boost|p1a: Great Tusk|atk|1\n|-boost|p1a: Great Tusk|def|1\n|move|p2a: Ceruledge|Bulk Up|p2a: Ceruledge\n|-boost|p2a: Ceruledge|atk|1\n|-boost|p2a: Ceruledge|def|1\n|\n|-heal|p1a: Great Tusk|68\/100 brn|[from] item: Leftovers\n|-damage|p1a: Great Tusk|61\/100 brn|[from] brn\n|upkeep\n|turn|27\n|\n|t:|1699914207\n|move|p1a: Great Tusk|Bulk Up|p1a: Great Tusk\n|-boost|p1a: Great Tusk|atk|1\n|-boost|p1a: Great Tusk|def|1\n|move|p2a: Ceruledge|Bulk Up|p2a: Ceruledge\n|-boost|p2a: Ceruledge|atk|1\n|-boost|p2a: Ceruledge|def|1\n|\n|-heal|p1a: Great Tusk|68\/100 brn|[from] item: Leftovers\n|-damage|p1a: Great Tusk|61\/100 brn|[from] brn\n|upkeep\n|turn|28\n|\n|t:|1699914220\n|move|p1a: Great Tusk|Bulk Up|p1a: Great Tusk\n|-boost|p1a: Great Tusk|atk|1\n|-boost|p1a: Great Tusk|def|1\n|move|p2a: Ceruledge|Bitter Blade|p1a: Great Tusk\n|-damage|p1a: Great Tusk|46\/100 brn\n|-heal|p2a: Ceruledge|56\/100|[from] drain|[of] p1a: Great Tusk\n|\n|-heal|p1a: Great Tusk|52\/100 brn|[from] item: Leftovers\n|-damage|p1a: Great Tusk|46\/100 brn|[from] brn\n|upkeep\n|turn|29\n|\n|t:|1699914225\n|move|p1a: Great Tusk|Knock Off|p2a: Ceruledge\n|-crit|p2a: Ceruledge\n|-damage|p2a: Ceruledge|0 fnt\n|faint|p2a: Ceruledge\n|\n|-heal|p1a: Great Tusk|52\/100 brn|[from] item: Leftovers\n|-damage|p1a: Great Tusk|46\/100 brn|[from] brn\n|upkeep\n|\n|t:|1699914234\n|switch|p2a: Hydreigon|Hydreigon, M|88\/100\n|turn|30\n|\n|t:|1699914242\n|move|p1a: Great Tusk|Knock Off|p2a: Hydreigon\n|-resisted|p2a: Hydreigon\n|-damage|p2a: Hydreigon|59\/100\n|-enditem|p2a: Hydreigon|Leftovers|[from] move: Knock Off|[of] p1a: Great Tusk\n|move|p2a: Hydreigon|Earth Power|p1a: Great Tusk\n|-damage|p1a: Great Tusk|3\/100 brn\n|\n|-heal|p1a: Great Tusk|9\/100 brn|[from] item: Leftovers\n|-damage|p1a: Great Tusk|3\/100 brn|[from] brn\n|upkeep\n|turn|31\n|\n|t:|1699914257\n|switch|p2a: Toxapex|Toxapex, F|55\/100\n|move|p1a: Great Tusk|Rapid Spin|p2a: Toxapex\n|-damage|p2a: Toxapex|31\/100\n|-boost|p1a: Great Tusk|spe|1\n|\n|-heal|p1a: Great Tusk|9\/100 brn|[from] item: Leftovers\n|-damage|p1a: Great Tusk|3\/100 brn|[from] brn\n|upkeep\n|turn|32\n|\n|t:|1699914263\n|move|p1a: Great Tusk|Earthquake|p2a: Toxapex\n|-supereffective|p2a: Toxapex\n|-damage|p2a: Toxapex|0 fnt\n|faint|p2a: Toxapex\n|\n|-heal|p1a: Great Tusk|9\/100 brn|[from] item: Leftovers\n|-damage|p1a: Great Tusk|3\/100 brn|[from] brn\n|upkeep\n|\n|t:|1699914267\n|switch|p2a: Great Tusk|Great Tusk|59\/100\n|turn|33\n|j| TeamTest3547\n|\n|t:|1699914278\n|move|p1a: Great Tusk|Earthquake|p2a: Great Tusk\n|-damage|p2a: Great Tusk|20\/100\n|move|p2a: Great Tusk|Rapid Spin|p1a: Great Tusk\n|-damage|p1a: Great Tusk|1\/100 brn\n|-boost|p2a: Great Tusk|spe|1\n|\n|-heal|p1a: Great Tusk|7\/100 brn|[from] item: Leftovers\n|-damage|p1a: Great Tusk|1\/100 brn|[from] brn\n|upkeep\n|turn|34\n|\n|t:|1699914281\n|move|p1a: Great Tusk|Earthquake|p2a: Great Tusk\n|-damage|p2a: Great Tusk|0 fnt\n|faint|p2a: Great Tusk\n|-end|p2a: Great Tusk|Protosynthesis|[silent]\n|\n|-heal|p1a: Great Tusk|7\/100 brn|[from] item: Leftovers\n|-damage|p1a: Great Tusk|1\/100 brn|[from] brn\n|upkeep\n|c| Sheerluck Holmes|nooo\n|-message|Firer forfeited.\n|\n|win|mathismathin\n|raw|mathismathin's rating: 1768 &rarr; <strong>1794<\/strong><br \/>(+26 for winning)\n|raw|Firer's rating: 1883 &rarr; <strong>1857<\/strong><br \/>(-26 for losing)\n|l|\u2606Firer\n|j| MarburgCOVEbola\n|l| MarburgCOVEbola\n|l| Sheerluck Holmes\n|l| Porycomingback\n|l| TeamTest3547\n|l| amartin96\n|l| ladyoouf\n","uploadtime":1699914325,"views":31,"p1id":"mathismathin","p2id":"firer","formatid":"gen9ou","rating":1794,"private":0,"password":""}