{"id":"gen9ou-1991479506","p1":"ena aplo testaki","p2":"ImhoPitit","format":"[Gen 9] OU","log":"|j|\u2606ena aplo testaki\n|j|\u2606ImhoPitit\n|t:|1700080738\n|gametype|singles\n|player|p1|ena aplo testaki|blaine|1312\n|player|p2|ImhoPitit|lucas|1418\n|teamsize|p1|6\n|teamsize|p2|6\n|gen|9\n|tier|[Gen 9] OU\n|rated|\n|rule|Sleep Clause Mod: Limit one foe put to sleep\n|rule|Species Clause: Limit one of each Pok\u00e9mon\n|rule|OHKO Clause: OHKO moves are banned\n|rule|Evasion Items Clause: Evasion items are banned\n|rule|Evasion Moves Clause: Evasion moves are banned\n|rule|Endless Battle Clause: Forcing endless battles is banned\n|rule|HP Percentage Mod: HP is shown in percentages\n|clearpoke\n|poke|p1|Ribombee, F|\n|poke|p1|Iron Moth|\n|poke|p1|Garchomp, M|\n|poke|p1|Gholdengo|\n|poke|p1|Sneasler, M|\n|poke|p1|Kingambit, F|\n|poke|p2|Enamorus, F|\n|poke|p2|Dragapult, F|\n|poke|p2|Iron Valiant|\n|poke|p2|Gholdengo|\n|poke|p2|Dragonite, M|\n|poke|p2|Iron Treads|\n|teampreview\n|inactive|Battle timer is ON: inactive players will automatically lose when time's up. (requested by ImhoPitit)\n|\n|t:|1700080744\n|start\n|switch|p1a: Ribombee|Ribombee, F|100\/100\n|switch|p2a: Iron Treads|Iron Treads|100\/100\n|-enditem|p2a: Iron Treads|Booster Energy\n|-activate|p2a: Iron Treads|ability: Quark Drive|[fromitem]\n|-start|p2a: Iron Treads|quarkdrivespe\n|turn|1\n|\n|t:|1700080756\n|move|p2a: Iron Treads|Knock Off|p1a: Ribombee\n|-resisted|p1a: Ribombee\n|-damage|p1a: Ribombee|69\/100\n|-enditem|p1a: Ribombee|Focus Sash|[from] move: Knock Off|[of] p2a: Iron Treads\n|move|p1a: Ribombee|Sticky Web|p2a: Iron Treads\n|-sidestart|p2: ImhoPitit|move: Sticky Web\n|\n|upkeep\n|turn|2\n|\n|t:|1700080763\n|switch|p1a: Iron Moth|Iron Moth|100\/100\n|-enditem|p1a: Iron Moth|Booster Energy\n|-activate|p1a: Iron Moth|ability: Quark Drive|[fromitem]\n|-start|p1a: Iron Moth|quarkdrivespa\n|move|p2a: Iron Treads|Knock Off|p1a: Iron Moth\n|-damage|p1a: Iron Moth|65\/100\n|\n|upkeep\n|turn|3\n|\n|t:|1700080772\n|move|p2a: Iron Treads|Earthquake|p1a: Iron Moth\n|-supereffective|p1a: Iron Moth\n|-damage|p1a: Iron Moth|0 fnt\n|faint|p1a: Iron Moth\n|-end|p1a: Iron Moth|Quark Drive|[silent]\n|\n|upkeep\n|\n|t:|1700080776\n|switch|p1a: Sneasler|Sneasler, M|100\/100\n|-item|p1a: Sneasler|Air Balloon\n|turn|4\n|\n|t:|1700080783\n|move|p2a: Iron Treads|Rapid Spin|p1a: Sneasler\n|-damage|p1a: Sneasler|73\/100\n|-boost|p2a: Iron Treads|spe|1\n|-enditem|p1a: Sneasler|Air Balloon\n|-sideend|p2: ImhoPitit|Sticky Web|[from] move: Rapid Spin|[of] p2a: Iron Treads\n|move|p1a: Sneasler|Swords Dance|p1a: Sneasler\n|-boost|p1a: Sneasler|atk|2\n|\n|upkeep\n|turn|5\n|\n|t:|1700080798\n|move|p2a: Iron Treads|Earthquake|p1a: Sneasler\n|-supereffective|p1a: Sneasler\n|-damage|p1a: Sneasler|0 fnt\n|faint|p1a: Sneasler\n|\n|upkeep\n|\n|t:|1700080801\n|switch|p1a: Garchomp|Garchomp, M|100\/100\n|turn|6\n|\n|t:|1700080807\n|move|p2a: Iron Treads|Ice Spinner|p1a: Garchomp\n|-supereffective|p1a: Garchomp\n|-damage|p1a: Garchomp|0 fnt\n|-damage|p2a: Iron Treads|88\/100|[from] ability: Rough Skin|[of] p1a: Garchomp\n|faint|p1a: Garchomp\n|\n|upkeep\n|\n|t:|1700080811\n|switch|p1a: Ribombee|Ribombee, F|69\/100\n|turn|7\n|\n|t:|1700080816\n|move|p2a: Iron Treads|Ice Spinner|p1a: Ribombee\n|-damage|p1a: Ribombee|22\/100\n|move|p1a: Ribombee|Moonblast|p2a: Iron Treads\n|-resisted|p2a: Iron Treads\n|-damage|p2a: Iron Treads|58\/100\n|\n|upkeep\n|turn|8\n|\n|t:|1700080825\n|move|p2a: Iron Treads|Rapid Spin|p1a: Ribombee\n|-crit|p1a: Ribombee\n|-damage|p1a: Ribombee|0 fnt\n|-boost|p2a: Iron Treads|spe|1\n|faint|p1a: Ribombee\n|\n|upkeep\n|\n|t:|1700080828\n|switch|p1a: Gholdengo|Gholdengo|100\/100\n|-item|p1a: Gholdengo|Air Balloon\n|turn|9\n|\n|t:|1700080834\n|move|p2a: Iron Treads|Knock Off|p1a: Gholdengo\n|-supereffective|p1a: Gholdengo\n|-damage|p1a: Gholdengo|31\/100\n|-enditem|p1a: Gholdengo|Air Balloon\n|move|p1a: Gholdengo|Nasty Plot|p1a: Gholdengo\n|-boost|p1a: Gholdengo|spa|2\n|\n|upkeep\n|turn|10\n|\n|t:|1700080842\n|move|p2a: Iron Treads|Earthquake|p1a: Gholdengo\n|-supereffective|p1a: Gholdengo\n|-damage|p1a: Gholdengo|0 fnt\n|faint|p1a: Gholdengo\n|\n|upkeep\n|\n|t:|1700080844\n|switch|p1a: Kingambit|Kingambit, F|100\/100\n|-activate|p1a: Kingambit|ability: Supreme Overlord\n|-start|p1a: Kingambit|fallen5|[silent]\n|turn|11\n|\n|t:|1700080852\n|-terastallize|p1a: Kingambit|Fairy\n|move|p2a: Iron Treads|Earthquake|p1a: Kingambit\n|-damage|p1a: Kingambit|67\/100\n|move|p1a: Kingambit|Kowtow Cleave|p2a: Iron Treads\n|-damage|p2a: Iron Treads|0 fnt\n|faint|p2a: Iron Treads\n|-end|p2a: Iron Treads|Quark Drive|[silent]\n|\n|upkeep\n|\n|t:|1700080876\n|switch|p2a: Trop mang\u00e9|Dragonite, M|100\/100\n|turn|12\n|\n|t:|1700080886\n|move|p2a: Trop mang\u00e9|Earthquake|p1a: Kingambit\n|-damage|p1a: Kingambit|39\/100\n|move|p1a: Kingambit|Tera Blast|p2a: Trop mang\u00e9|[anim] Tera Blast Fairy\n|-supereffective|p2a: Trop mang\u00e9\n|-damage|p2a: Trop mang\u00e9|19\/100\n|\n|upkeep\n|turn|13\n|\n|t:|1700080893\n|move|p2a: Trop mang\u00e9|Extreme Speed|p1a: Kingambit\n|-damage|p1a: Kingambit|15\/100\n|move|p1a: Kingambit|Swords Dance|p1a: Kingambit\n|-boost|p1a: Kingambit|atk|2\n|\n|upkeep\n|turn|14\n|\n|t:|1700080905\n|-terastallize|p2a: Trop mang\u00e9|Normal\n|move|p2a: Trop mang\u00e9|Extreme Speed|p1a: Kingambit\n|-damage|p1a: Kingambit|0 fnt\n|faint|p1a: Kingambit\n|-end|p1a: Kingambit|fallen5|[silent]\n|\n|win|ImhoPitit\n|raw|ena aplo testaki's rating: 1312 &rarr; <strong>1298<\/strong><br \/>(-14 for losing)\n|raw|ImhoPitit's rating: 1418 &rarr; <strong>1432<\/strong><br \/>(+14 for winning)\n|l|\u2606ena aplo testaki\n|c|\u2606ImhoPitit|Gg\n","uploadtime":1700080920,"views":30,"p1id":"enaaplotestaki","p2id":"imhopitit","formatid":"gen9ou","rating":1298,"private":0,"password":""}