{"id":"gen9ou-1997800988","p1":"Imanjoneser","p2":"archie_boom","format":"[Gen 9] OU","log":"|j|\u2606Imanjoneser\n|j|\u2606archie_boom\n|t:|1700854137\n|gametype|singles\n|player|p1|Imanjoneser|bugcatcher-gen4dp|1091\n|player|p2|archie_boom|skier|1060\n|teamsize|p1|6\n|teamsize|p2|6\n|gen|9\n|tier|[Gen 9] OU\n|rated|\n|rule|Sleep Clause Mod: Limit one foe put to sleep\n|rule|Species Clause: Limit one of each Pok\u00e9mon\n|rule|OHKO Clause: OHKO moves are banned\n|rule|Evasion Items Clause: Evasion items are banned\n|rule|Evasion Moves Clause: Evasion moves are banned\n|rule|Endless Battle Clause: Forcing endless battles is banned\n|rule|HP Percentage Mod: HP is shown in percentages\n|clearpoke\n|poke|p1|Chesnaught, F|\n|poke|p1|Infernape, F|\n|poke|p1|Meowscarada, F|\n|poke|p1|Skeledirge, F|\n|poke|p1|Quaquaval, F|\n|poke|p1|Inteleon, F|\n|poke|p2|Dusclops, F|\n|poke|p2|Crawdaunt, F|\n|poke|p2|Slither Wing|\n|poke|p2|Heatran, F|\n|poke|p2|Hoopa-Unbound|\n|poke|p2|Blissey, F|\n|teampreview\n|c|\u2606Imanjoneser|Sick team dude!\n|c|\u2606archie_boom|thanks\n|c|\u2606archie_boom|yours too\n|\n|t:|1700854169\n|start\n|switch|p1a: Quaquaval|Quaquaval, F, shiny|100\/100\n|switch|p2a: Crawdaunt|Crawdaunt, F|100\/100\n|turn|1\n|\n|t:|1700854183\n|switch|p2a: Hoopa|Hoopa-Unbound|100\/100\n|move|p1a: Quaquaval|Aqua Step|p2a: Hoopa\n|-damage|p2a: Hoopa|38\/100\n|-boost|p1a: Quaquaval|spe|1\n|\n|upkeep\n|turn|2\n|c|\u2606Imanjoneser|Thanks I appreciate that\n|\n|t:|1700854194\n|switch|p2a: Dusclops|Dusclops, F|100\/100\n|-ability|p2a: Dusclops|Pressure\n|move|p1a: Quaquaval|Aqua Step|p2a: Dusclops\n|-damage|p2a: Dusclops|77\/100\n|-boost|p1a: Quaquaval|spe|1\n|\n|upkeep\n|turn|3\n|\n|t:|1700854204\n|move|p1a: Quaquaval|Detect|p1a: Quaquaval\n|-singleturn|p1a: Quaquaval|Protect\n|move|p2a: Dusclops|Will-O-Wisp|p1a: Quaquaval\n|-activate|p1a: Quaquaval|move: Protect\n|\n|upkeep\n|turn|4\n|\n|t:|1700854217\n|switch|p1a: Skeledirge|Skeledirge, F, shiny|100\/100\n|move|p2a: Dusclops|Will-O-Wisp|p1a: Skeledirge\n|-immune|p1a: Skeledirge\n|\n|upkeep\n|turn|5\n|\n|t:|1700854225\n|switch|p2a: Slither Wing|Slither Wing|100\/100\n|-enditem|p2a: Slither Wing|Booster Energy\n|-activate|p2a: Slither Wing|ability: Protosynthesis|[fromitem]\n|-start|p2a: Slither Wing|protosynthesisatk\n|move|p1a: Skeledirge|Torch Song|p2a: Slither Wing\n|-supereffective|p2a: Slither Wing\n|-damage|p2a: Slither Wing|12\/100\n|-boost|p1a: Skeledirge|spa|1\n|\n|upkeep\n|turn|6\n|\n|t:|1700854239\n|-terastallize|p2a: Slither Wing|Ground\n|move|p2a: Slither Wing|Earthquake|p1a: Skeledirge\n|-supereffective|p1a: Skeledirge\n|-damage|p1a: Skeledirge|0 fnt\n|faint|p1a: Skeledirge\n|\n|upkeep\n|c|\u2606Imanjoneser|:0\n|\n|t:|1700854249\n|switch|p1a: Quaquaval|Quaquaval, F, shiny|100\/100\n|turn|7\n|\n|t:|1700854257\n|-end|p2a: Slither Wing|Protosynthesis|[silent]\n|switch|p2a: Blissey|Blissey, F|100\/100\n|move|p1a: Quaquaval|Aqua Step|p2a: Blissey\n|-damage|p2a: Blissey|67\/100\n|-boost|p1a: Quaquaval|spe|1\n|\n|-heal|p2a: Blissey|73\/100|[from] item: Leftovers\n|upkeep\n|turn|8\n|\n|t:|1700854274\n|move|p1a: Quaquaval|Brick Break|p2a: Blissey\n|-supereffective|p2a: Blissey\n|-damage|p2a: Blissey|3\/100\n|move|p2a: Blissey|Seismic Toss|p1a: Quaquaval\n|-damage|p1a: Quaquaval|68\/100\n|\n|-heal|p1a: Quaquaval|74\/100|[from] item: Leftovers\n|-heal|p2a: Blissey|9\/100|[from] item: Leftovers\n|upkeep\n|turn|9\n|\n|t:|1700854285\n|move|p1a: Quaquaval|Aqua Step|p2a: Blissey\n|-damage|p2a: Blissey|0 fnt\n|-boost|p1a: Quaquaval|spe|1\n|faint|p2a: Blissey\n|-ability|p1a: Quaquaval|Moxie|boost\n|-boost|p1a: Quaquaval|atk|1\n|\n|-heal|p1a: Quaquaval|81\/100|[from] item: Leftovers\n|upkeep\n|\n|t:|1700854299\n|switch|p2a: Heatran|Heatran, F|100\/100\n|turn|10\n|\n|t:|1700854304\n|move|p1a: Quaquaval|Aqua Step|p2a: Heatran\n|-supereffective|p2a: Heatran\n|-damage|p2a: Heatran|8\/100\n|-boost|p1a: Quaquaval|spe|1\n|-status|p1a: Quaquaval|brn|[from] ability: Flame Body|[of] p2a: Heatran\n|move|p2a: Heatran|Magma Storm|p1a: Quaquaval\n|-resisted|p1a: Quaquaval\n|-damage|p1a: Quaquaval|49\/100 brn\n|-activate|p1a: Quaquaval|move: Magma Storm|[of] p2a: Heatran\n|\n|-heal|p1a: Quaquaval|55\/100 brn|[from] item: Leftovers\n|-heal|p2a: Heatran|14\/100|[from] item: Leftovers\n|-damage|p1a: Quaquaval|49\/100 brn|[from] brn\n|-damage|p1a: Quaquaval|37\/100 brn|[from] move: Magma Storm|[partiallytrapped]\n|upkeep\n|turn|11\n|c|\u2606Imanjoneser|OMG\n|c|\u2606archie_boom|man i never knew quaquaval was so strong\n|\n|t:|1700854325\n|move|p2a: Heatran|Protect|p2a: Heatran\n|-singleturn|p2a: Heatran|Protect\n|move|p1a: Quaquaval|Brick Break|p2a: Heatran\n|-activate|p2a: Heatran|move: Protect\n|\n|-heal|p1a: Quaquaval|43\/100 brn|[from] item: Leftovers\n|-heal|p2a: Heatran|21\/100|[from] item: Leftovers\n|-damage|p1a: Quaquaval|37\/100 brn|[from] brn\n|-damage|p1a: Quaquaval|24\/100 brn|[from] move: Magma Storm|[partiallytrapped]\n|upkeep\n|turn|12\n|c|\u2606Imanjoneser|Yeah it's definely underrated haha\n|\n|t:|1700854341\n|switch|p2a: Crawdaunt|Crawdaunt, F|100\/100\n|move|p1a: Quaquaval|Aqua Step|p2a: Crawdaunt\n|-resisted|p2a: Crawdaunt\n|-damage|p2a: Crawdaunt|78\/100\n|-boost|p1a: Quaquaval|spe|1\n|\n|-heal|p1a: Quaquaval|30\/100 brn|[from] item: Leftovers\n|-damage|p1a: Quaquaval|24\/100 brn|[from] brn\n|-end|p1a: Quaquaval|Magma Storm|[partiallytrapped]|[silent]\n|upkeep\n|turn|13\n|\n|t:|1700854353\n|move|p1a: Quaquaval|Brick Break|p2a: Crawdaunt\n|-supereffective|p2a: Crawdaunt\n|-damage|p2a: Crawdaunt|0 fnt\n|faint|p2a: Crawdaunt\n|-ability|p1a: Quaquaval|Moxie|boost\n|-boost|p1a: Quaquaval|atk|1\n|\n|-heal|p1a: Quaquaval|30\/100 brn|[from] item: Leftovers\n|-damage|p1a: Quaquaval|24\/100 brn|[from] brn\n|upkeep\n|c|\u2606archie_boom|your gonna sweep me\n|\n|t:|1700854365\n|switch|p2a: Hoopa|Hoopa-Unbound|38\/100\n|turn|14\n|c|\u2606Imanjoneser|Nah\n|c|\u2606Imanjoneser|Dusclops will stop me\n|c|\u2606archie_boom|yeah\n|\n|t:|1700854381\n|move|p1a: Quaquaval|Aqua Step|p2a: Hoopa\n|-damage|p2a: Hoopa|0 fnt\n|-boost|p1a: Quaquaval|spe|1\n|faint|p2a: Hoopa\n|-ability|p1a: Quaquaval|Moxie|boost\n|-boost|p1a: Quaquaval|atk|1\n|\n|-heal|p1a: Quaquaval|30\/100 brn|[from] item: Leftovers\n|-damage|p1a: Quaquaval|24\/100 brn|[from] brn\n|upkeep\n|\n|t:|1700854389\n|switch|p2a: Slither Wing|Slither Wing, tera:Ground|12\/100\n|turn|15\n|c|\u2606Imanjoneser|Hopefully XD\n|\n|t:|1700854395\n|move|p1a: Quaquaval|Detect|p1a: Quaquaval\n|-singleturn|p1a: Quaquaval|Protect\n|move|p2a: Slither Wing|First Impression|p1a: Quaquaval\n|-activate|p1a: Quaquaval|move: Protect\n|\n|-heal|p1a: Quaquaval|30\/100 brn|[from] item: Leftovers\n|-damage|p1a: Quaquaval|24\/100 brn|[from] brn\n|upkeep\n|turn|16\n|\n|t:|1700854403\n|move|p1a: Quaquaval|Aqua Step|p2a: Slither Wing\n|-supereffective|p2a: Slither Wing\n|-damage|p2a: Slither Wing|0 fnt\n|-boost|p1a: Quaquaval|spe|1\n|faint|p2a: Slither Wing\n|-end|p2a: Slither Wing|Protosynthesis|[silent]\n|-ability|p1a: Quaquaval|Moxie|boost\n|-boost|p1a: Quaquaval|atk|1\n|\n|-heal|p1a: Quaquaval|30\/100 brn|[from] item: Leftovers\n|-damage|p1a: Quaquaval|24\/100 brn|[from] brn\n|upkeep\n|\n|t:|1700854412\n|switch|p2a: Heatran|Heatran, F|21\/100\n|turn|17\n|c|\u2606Imanjoneser|To be fair I've used slitherwing on another team so I know abut First Impression\n|\n|t:|1700854428\n|move|p1a: Quaquaval|Aqua Step|p2a: Heatran\n|-supereffective|p2a: Heatran\n|-damage|p2a: Heatran|0 fnt\n|faint|p2a: Heatran\n|-ability|p1a: Quaquaval|Moxie|boost\n|-boost|p1a: Quaquaval|atk|1\n|\n|-heal|p1a: Quaquaval|30\/100 brn|[from] item: Leftovers\n|-damage|p1a: Quaquaval|24\/100 brn|[from] brn\n|upkeep\n|c|\u2606archie_boom|yeah\n|c|\u2606archie_boom|wanna rematch after this\n|\n|t:|1700854438\n|switch|p2a: Dusclops|Dusclops, F|77\/100\n|-ability|p2a: Dusclops|Pressure\n|turn|18\n|c|\u2606Imanjoneser|Geez my attack stat is crazy XD\n|\n|t:|1700854445\n|-terastallize|p1a: Quaquaval|Water\n|move|p1a: Quaquaval|Aqua Step|p2a: Dusclops\n|-damage|p2a: Dusclops|25\/100\n|move|p2a: Dusclops|Curse|p1a: Quaquaval\n|-start|p1a: Quaquaval|Curse|[of] p2a: Dusclops\n|-damage|p2a: Dusclops|0 fnt\n|faint|p2a: Dusclops\n|\n|win|Imanjoneser\n|raw|Imanjoneser's rating: 1091 &rarr; <strong>1115<\/strong><br \/>(+24 for winning)\n|raw|archie_boom's rating: 1060 &rarr; <strong>1043<\/strong><br \/>(-17 for losing)\n|l|\u2606archie_boom\n|c|\u2606Imanjoneser|Oh I guess I did sweep\n","uploadtime":1700854478,"views":12,"p1id":"imanjoneser","p2id":"archieboom","formatid":"gen9ou","rating":1043,"private":0,"password":""}