{"id":"gen9ou-1993266871","p1":"did it done","p2":"Lovable-Peril","format":"[Gen 9] OU","log":"|j|\u2606did it done\n|j|\u2606Lovable-Peril\n|t:|1700286982\n|gametype|singles\n|player|p1|did it done|will-gen2|1429\n|player|p2|Lovable-Peril|cynthia|1410\n|teamsize|p1|6\n|teamsize|p2|6\n|gen|9\n|tier|[Gen 9] OU\n|rated|\n|rule|Sleep Clause Mod: Limit one foe put to sleep\n|rule|Species Clause: Limit one of each Pok\u00e9mon\n|rule|OHKO Clause: OHKO moves are banned\n|rule|Evasion Items Clause: Evasion items are banned\n|rule|Evasion Moves Clause: Evasion moves are banned\n|rule|Endless Battle Clause: Forcing endless battles is banned\n|rule|HP Percentage Mod: HP is shown in percentages\n|clearpoke\n|poke|p1|Garchomp, M|\n|poke|p1|Corviknight, M|\n|poke|p1|Ninetales-Alola, F|\n|poke|p1|Tyranitar, M|\n|poke|p1|Ceruledge, M|\n|poke|p1|Iron Valiant|\n|poke|p2|Dragapult, M|\n|poke|p2|Corviknight, M|\n|poke|p2|Arcanine-Hisui, F|\n|poke|p2|Samurott-Hisui, M|\n|poke|p2|Mamoswine, F|\n|poke|p2|Sylveon, F|\n|teampreview\n|inactive|Battle timer is ON: inactive players will automatically lose when time's up. (requested by Lovable-Peril)\n|inactive|did it done has 120 seconds left.\n|\n|t:|1700287026\n|start\n|switch|p1a: Ninetales|Ninetales-Alola, F, shiny|100\/100\n|switch|p2a: CorviludedEVSpread|Corviknight, M, shiny|100\/100\n|-weather|Snow|[from] ability: Snow Warning|[of] p1a: Ninetales\n|turn|1\n|\n|t:|1700287034\n|move|p1a: Ninetales|Aurora Veil|p1a: Ninetales\n|-sidestart|p1: did it done|move: Aurora Veil\n|move|p2a: CorviludedEVSpread|Defog|p1a: Ninetales\n|-unboost|p1a: Ninetales|evasion|1\n|-sideend|p1: did it done|move: Aurora Veil\n|\n|-weather|Snow|[upkeep]\n|upkeep\n|turn|2\n|\n|t:|1700287041\n|move|p1a: Ninetales|Aurora Veil|p1a: Ninetales\n|-sidestart|p1: did it done|move: Aurora Veil\n|move|p2a: CorviludedEVSpread|U-turn|p1a: Ninetales\n|-resisted|p1a: Ninetales\n|-damage|p1a: Ninetales|96\/100\n|\n|t:|1700287049\n|switch|p2a: OtterlyAmazing|Samurott-Hisui, M, shiny|100\/100|[from] U-turn\n|\n|-weather|Snow|[upkeep]\n|upkeep\n|turn|3\n|\n|t:|1700287055\n|move|p1a: Ninetales|Moonblast|p2a: OtterlyAmazing\n|-supereffective|p2a: OtterlyAmazing\n|-enditem|p2a: OtterlyAmazing|Focus Sash\n|-damage|p2a: OtterlyAmazing|1\/100\n|-unboost|p2a: OtterlyAmazing|spa|1\n|move|p2a: OtterlyAmazing|Ceaseless Edge|p1a: Ninetales\n|-resisted|p1a: Ninetales\n|-damage|p1a: Ninetales|86\/100\n|-sidestart|p1: did it done|Spikes\n|\n|-weather|Snow|[upkeep]\n|upkeep\n|turn|4\n|\n|t:|1700287066\n|move|p1a: Ninetales|Moonblast|p2a: OtterlyAmazing\n|-supereffective|p2a: OtterlyAmazing\n|-damage|p2a: OtterlyAmazing|0 fnt\n|faint|p2a: OtterlyAmazing\n|\n|-weather|Snow|[upkeep]\n|upkeep\n|\n|t:|1700287073\n|switch|p2a: CloudPuppy|Arcanine-Hisui, F, shiny|100\/100\n|turn|5\n|inactive|did it done has 120 seconds left.\n|\n|t:|1700287109\n|switch|p1a: Tyranitar|Tyranitar, M, shiny|100\/100\n|-damage|p1a: Tyranitar|88\/100|[from] Spikes\n|-weather|Sandstorm|[from] ability: Sand Stream|[of] p1a: Tyranitar\n|move|p2a: CloudPuppy|Head Smash|p1a: Tyranitar|[miss]\n|-miss|p2a: CloudPuppy|p1a: Tyranitar\n|\n|-weather|Sandstorm|[upkeep]\n|-heal|p1a: Tyranitar|94\/100|[from] item: Leftovers\n|upkeep\n|turn|6\n|\n|t:|1700287121\n|switch|p2a: CorviludedEVSpread|Corviknight, M, shiny|100\/100\n|move|p1a: Tyranitar|Knock Off|p2a: CorviludedEVSpread\n|-crit|p2a: CorviludedEVSpread\n|-damage|p2a: CorviludedEVSpread|38\/100\n|-enditem|p2a: CorviludedEVSpread|Leftovers|[from] move: Knock Off|[of] p1a: Tyranitar\n|\n|-weather|Sandstorm|[upkeep]\n|-heal|p1a: Tyranitar|99\/100|[from] item: Leftovers\n|upkeep\n|turn|7\n|c|\u2606did it done|gah damnh\n|inactive|did it done has 120 seconds left.\n|\n|t:|1700287146\n|switch|p1a: Ceruledge|Ceruledge, M, shiny|100\/100\n|-damage|p1a: Ceruledge|88\/100|[from] Spikes\n|move|p2a: CorviludedEVSpread|Roost|p2a: CorviludedEVSpread\n|-heal|p2a: CorviludedEVSpread|88\/100\n|-singleturn|p2a: CorviludedEVSpread|move: Roost\n|\n|-weather|Sandstorm|[upkeep]\n|-damage|p1a: Ceruledge|82\/100|[from] Sandstorm\n|-heal|p1a: Ceruledge|88\/100|[from] item: Leftovers\n|upkeep\n|turn|8\n|c|\u2606Lovable-Peril|Stronk Knock off\n|\n|t:|1700287175\n|switch|p2a: CloudPuppy|Arcanine-Hisui, F, shiny|100\/100\n|move|p1a: Ceruledge|Bulk Up|p1a: Ceruledge\n|-boost|p1a: Ceruledge|atk|1\n|-boost|p1a: Ceruledge|def|1\n|\n|-weather|Sandstorm|[upkeep]\n|-damage|p1a: Ceruledge|82\/100|[from] Sandstorm\n|-heal|p1a: Ceruledge|88\/100|[from] item: Leftovers\n|upkeep\n|turn|9\n|inactive|did it done has 120 seconds left.\n|\n|t:|1700287190\n|-terastallize|p1a: Ceruledge|Grass\n|move|p2a: CloudPuppy|Head Smash|p1a: Ceruledge\n|-damage|p1a: Ceruledge|59\/100\n|move|p1a: Ceruledge|Bulk Up|p1a: Ceruledge\n|-boost|p1a: Ceruledge|atk|1\n|-boost|p1a: Ceruledge|def|1\n|\n|-weather|none\n|-heal|p1a: Ceruledge|65\/100|[from] item: Leftovers\n|-sideend|p1: did it done|move: Aurora Veil\n|upkeep\n|turn|10\n|inactive|Lovable-Peril has 120 seconds left.\n|c|\u2606Lovable-Peril|Gotta say, the bulk up set scares me more than the sash set does\n|c|\u2606did it done|real talk\n|\n|t:|1700287231\n|switch|p2a: CorviludedEVSpread|Corviknight, M, shiny|88\/100\n|move|p1a: Ceruledge|Bulk Up|p1a: Ceruledge\n|-boost|p1a: Ceruledge|atk|1\n|-boost|p1a: Ceruledge|def|1\n|\n|-heal|p1a: Ceruledge|71\/100|[from] item: Leftovers\n|upkeep\n|turn|11\n|c|\u2606did it done|bulk up has been so consistent\n|\n|t:|1700287245\n|move|p1a: Ceruledge|Bitter Blade|p2a: CorviludedEVSpread\n|-supereffective|p2a: CorviludedEVSpread\n|-damage|p2a: CorviludedEVSpread|0 fnt\n|-heal|p1a: Ceruledge|100\/100|[from] drain|[of] p2a: CorviludedEVSpread\n|faint|p2a: CorviludedEVSpread\n|\n|upkeep\n|\n|t:|1700287252\n|switch|p2a: NightWing|Dragapult, M, shiny|100\/100\n|turn|12\n|\n|t:|1700287255\n|move|p1a: Ceruledge|Shadow Sneak|p2a: NightWing\n|-supereffective|p2a: NightWing\n|-damage|p2a: NightWing|0 fnt\n|faint|p2a: NightWing\n|\n|upkeep\n|c|\u2606Lovable-Peril|Gg, No way I can break this man\n|\n|t:|1700287275\n|switch|p2a: Miss.Piggy|Mamoswine, F, shiny|100\/100\n|turn|13\n|\n|t:|1700287285\n|move|p2a: Miss.Piggy|Icicle Crash|p1a: Ceruledge\n|-supereffective|p1a: Ceruledge\n|-damage|p1a: Ceruledge|45\/100\n|-damage|p2a: Miss.Piggy|91\/100|[from] item: Life Orb\n|move|p1a: Ceruledge|Bitter Blade|p2a: Miss.Piggy\n|-supereffective|p2a: Miss.Piggy\n|-damage|p2a: Miss.Piggy|0 fnt\n|-heal|p1a: Ceruledge|91\/100|[from] drain|[of] p2a: Miss.Piggy\n|faint|p2a: Miss.Piggy\n|\n|-heal|p1a: Ceruledge|98\/100|[from] item: Leftovers\n|upkeep\n|c|\u2606did it done|gg bro\n|c|\u2606did it done|ceru is the boy\n|\n|t:|1700287299\n|switch|p2a: London|Sylveon, F, shiny|100\/100\n|turn|14\n|\n|t:|1700287305\n|move|p1a: Ceruledge|Bitter Blade|p2a: London\n|-damage|p2a: London|1\/100\n|-heal|p1a: Ceruledge|100\/100|[from] drain|[of] p2a: London\n|move|p2a: London|Hyper Voice|p1a: Ceruledge\n|-damage|p1a: Ceruledge|63\/100\n|\n|-heal|p1a: Ceruledge|69\/100|[from] item: Leftovers\n|-heal|p2a: London|7\/100|[from] item: Leftovers\n|upkeep\n|turn|15\n|c|\u2606Lovable-Peril|What the... invisible sash\n|\n|t:|1700287326\n|move|p1a: Ceruledge|Shadow Sneak|p2a: London\n|-crit|p2a: London\n|-damage|p2a: London|0 fnt\n|faint|p2a: London\n|\n|-heal|p1a: Ceruledge|75\/100|[from] item: Leftovers\n|upkeep\n|c|\u2606did it done|lmao\n|\n|t:|1700287332\n|switch|p2a: CloudPuppy|Arcanine-Hisui, F, shiny|100\/100\n|turn|16\n|c|\u2606did it done|ban invisble sash pplz\n|\n|t:|1700287341\n|move|p1a: Ceruledge|Shadow Sneak|p2a: CloudPuppy\n|-damage|p2a: CloudPuppy|51\/100\n|move|p2a: CloudPuppy|Head Smash|p1a: Ceruledge|[miss]\n|-miss|p2a: CloudPuppy|p1a: Ceruledge\n|\n|-heal|p1a: Ceruledge|82\/100|[from] item: Leftovers\n|upkeep\n|turn|17\n|\n|t:|1700287351\n|move|p2a: CloudPuppy|Head Smash|p1a: Ceruledge\n|-damage|p1a: Ceruledge|51\/100\n|move|p1a: Ceruledge|Bitter Blade|p2a: CloudPuppy\n|-resisted|p2a: CloudPuppy\n|-damage|p2a: CloudPuppy|25\/100\n|-heal|p1a: Ceruledge|63\/100|[from] drain|[of] p2a: CloudPuppy\n|\n|-heal|p1a: Ceruledge|69\/100|[from] item: Leftovers\n|upkeep\n|turn|18\n|\n|t:|1700287361\n|move|p1a: Ceruledge|Shadow Sneak|p2a: CloudPuppy\n|-damage|p2a: CloudPuppy|0 fnt\n|faint|p2a: CloudPuppy\n|\n|win|did it done\n|raw|did it done's rating: 1429 &rarr; <strong>1448<\/strong><br \/>(+19 for winning)\n|raw|Lovable-Peril's rating: 1410 &rarr; <strong>1391<\/strong><br \/>(-19 for losing)\n|c|\u2606did it done|gg\n|c|\u2606Lovable-Peril|gg\n","uploadtime":1700287369,"views":20,"p1id":"diditdone","p2id":"lovableperil","formatid":"gen9ou","rating":1391,"private":0,"password":""}