{"id":"gen9ou-1991709070","p1":"nba baltoy","p2":"Firebird838","format":"[Gen 9] OU","log":"|j|\u2606nba baltoy\n|j|\u2606Firebird838\n|t:|1700105314\n|gametype|singles\n|player|p1|nba baltoy|shauntal|1527\n|player|p2|Firebird838|steven|1451\n|teamsize|p1|6\n|teamsize|p2|6\n|gen|9\n|tier|[Gen 9] OU\n|rated|\n|rule|Sleep Clause Mod: Limit one foe put to sleep\n|rule|Species Clause: Limit one of each Pok\u00e9mon\n|rule|OHKO Clause: OHKO moves are banned\n|rule|Evasion Items Clause: Evasion items are banned\n|rule|Evasion Moves Clause: Evasion moves are banned\n|rule|Endless Battle Clause: Forcing endless battles is banned\n|rule|HP Percentage Mod: HP is shown in percentages\n|clearpoke\n|poke|p1|Tornadus-Therian, M|\n|poke|p1|Scizor, M|\n|poke|p1|Great Tusk|\n|poke|p1|Skeledirge, M|\n|poke|p1|Heatran, M|\n|poke|p1|Thundurus-Therian, M|\n|poke|p2|Ribombee, M|\n|poke|p2|Manaphy|\n|poke|p2|Kingambit, M|\n|poke|p2|Gholdengo|\n|poke|p2|Iron Moth|\n|poke|p2|Ogerpon-Wellspring, F|\n|teampreview\n|inactive|Battle timer is ON: inactive players will automatically lose when time's up. (requested by Firebird838)\n|inactive|nba baltoy also wants the timer to be on.\n|\n|t:|1700105318\n|start\n|switch|p1a: Heatran|Heatran, M|100\/100\n|switch|p2a: Ribombee|Ribombee, M, shiny|100\/100\n|turn|1\n|\n|t:|1700105322\n|move|p2a: Ribombee|Stun Spore|p1a: Heatran\n|-status|p1a: Heatran|par\n|move|p1a: Heatran|Stealth Rock|p2a: Ribombee\n|-sidestart|p2: Firebird838|move: Stealth Rock\n|\n|upkeep\n|turn|2\n|\n|t:|1700105326\n|move|p2a: Ribombee|Sticky Web|p1a: Heatran\n|-sidestart|p1: nba baltoy|move: Sticky Web\n|move|p1a: Heatran|Magma Storm|p2a: Ribombee\n|-supereffective|p2a: Ribombee\n|-enditem|p2a: Ribombee|Focus Sash\n|-damage|p2a: Ribombee|1\/100\n|-activate|p2a: Ribombee|move: Magma Storm|[of] p1a: Heatran\n|\n|-damage|p2a: Ribombee|0 fnt|[from] move: Magma Storm|[partiallytrapped]\n|faint|p2a: Ribombee\n|upkeep\n|\n|t:|1700105335\n|switch|p2a: Manaphy|Manaphy|100\/100\n|-damage|p2a: Manaphy|88\/100|[from] Stealth Rock\n|turn|3\n|\n|t:|1700105339\n|switch|p1a: Thundurus|Thundurus-Therian, M|100\/100\n|move|p2a: Manaphy|Tail Glow|p2a: Manaphy\n|-boost|p2a: Manaphy|spa|3\n|\n|-heal|p2a: Manaphy|94\/100|[from] item: Leftovers\n|upkeep\n|turn|4\n|\n|t:|1700105354\n|-terastallize|p2a: Manaphy|Grass\n|move|p1a: Thundurus|Volt Switch|p2a: Manaphy\n|-resisted|p2a: Manaphy\n|-damage|p2a: Manaphy|77\/100\n|\n|t:|1700105357\n|switch|p1a: Tornadus|Tornadus-Therian, M|100\/100|[from] Volt Switch\n|move|p2a: Manaphy|Ice Beam|p1a: Tornadus\n|-supereffective|p1a: Tornadus\n|-damage|p1a: Tornadus|12\/100\n|\n|-heal|p2a: Manaphy|83\/100|[from] item: Leftovers\n|upkeep\n|turn|5\n|\n|t:|1700105361\n|move|p1a: Tornadus|U-turn|p2a: Manaphy\n|-supereffective|p2a: Manaphy\n|-damage|p2a: Manaphy|54\/100\n|\n|t:|1700105378\n|switch|p1a: Thundurus|Thundurus-Therian, M|100\/100|[from] U-turn\n|move|p2a: Manaphy|Ice Beam|p1a: Thundurus\n|-supereffective|p1a: Thundurus\n|-damage|p1a: Thundurus|0 fnt\n|faint|p1a: Thundurus\n|\n|-heal|p2a: Manaphy|60\/100|[from] item: Leftovers\n|upkeep\n|\n|t:|1700105390\n|switch|p1a: Tornadus|Tornadus-Therian, M|45\/100\n|turn|6\n|\n|t:|1700105398\n|move|p1a: Tornadus|U-turn|p2a: Manaphy\n|-supereffective|p2a: Manaphy\n|-damage|p2a: Manaphy|33\/100\n|inactive|nba baltoy has 120 seconds left.\n|\n|t:|1700105444\n|switch|p1a: Skeledirge|Skeledirge, M|100\/100|[from] U-turn\n|move|p2a: Manaphy|Surf|p1a: Skeledirge\n|-supereffective|p1a: Skeledirge\n|-damage|p1a: Skeledirge|22\/100\n|\n|-heal|p2a: Manaphy|39\/100|[from] item: Leftovers\n|upkeep\n|turn|7\n|inactive|nba baltoy has 90 seconds left.\n|\n|t:|1700105459\n|move|p2a: Manaphy|Surf|p1a: Skeledirge\n|-supereffective|p1a: Skeledirge\n|-damage|p1a: Skeledirge|0 fnt\n|faint|p1a: Skeledirge\n|\n|-heal|p2a: Manaphy|45\/100|[from] item: Leftovers\n|upkeep\n|\n|t:|1700105462\n|switch|p1a: Tornadus|Tornadus-Therian, M|78\/100\n|turn|8\n|\n|t:|1700105474\n|move|p1a: Tornadus|Knock Off|p2a: Manaphy\n|-damage|p2a: Manaphy|27\/100\n|-enditem|p2a: Manaphy|Leftovers|[from] move: Knock Off|[of] p1a: Tornadus\n|move|p2a: Manaphy|Ice Beam|p1a: Tornadus\n|-supereffective|p1a: Tornadus\n|-damage|p1a: Tornadus|0 fnt\n|faint|p1a: Tornadus\n|\n|upkeep\n|inactive|nba baltoy has 90 seconds left.\n|\n|t:|1700105498\n|switch|p1a: Scizor|Scizor, M|100\/100\n|-activate|p1a: Scizor|move: Sticky Web\n|-unboost|p1a: Scizor|spe|1\n|turn|9\n|\n|t:|1700105502\n|move|p1a: Scizor|Bullet Punch|p2a: Manaphy\n|-damage|p2a: Manaphy|0 fnt\n|faint|p2a: Manaphy\n|\n|upkeep\n|\n|t:|1700105506\n|switch|p2a: Ogerpon|Ogerpon-Wellspring, F|100\/100\n|-damage|p2a: Ogerpon|88\/100|[from] Stealth Rock\n|turn|10\n|inactive|nba baltoy has 90 seconds left.\n|\n|t:|1700105530\n|move|p2a: Ogerpon|Swords Dance|p2a: Ogerpon\n|-boost|p2a: Ogerpon|atk|2\n|move|p1a: Scizor|Close Combat|p2a: Ogerpon\n|-damage|p2a: Ogerpon|34\/100\n|-unboost|p1a: Scizor|def|1\n|-unboost|p1a: Scizor|spd|1\n|\n|upkeep\n|turn|11\n|inactive|nba baltoy has 90 seconds left.\n|\n|t:|1700105549\n|move|p1a: Scizor|Bullet Punch|p2a: Ogerpon\n|-resisted|p2a: Ogerpon\n|-damage|p2a: Ogerpon|13\/100\n|move|p2a: Ogerpon|Ivy Cudgel|p1a: Scizor|[anim] Ivy Cudgel Water\n|-damage|p1a: Scizor|0 fnt\n|faint|p1a: Scizor\n|\n|upkeep\n|\n|t:|1700105560\n|switch|p1a: Great Tusk|Great Tusk|100\/100\n|turn|12\n|\n|t:|1700105563\n|-terastallize|p1a: Great Tusk|Dragon\n|move|p2a: Ogerpon|Ivy Cudgel|p1a: Great Tusk|[anim] Ivy Cudgel Water\n|-resisted|p1a: Great Tusk\n|-damage|p1a: Great Tusk|63\/100\n|move|p1a: Great Tusk|Rapid Spin|p2a: Ogerpon\n|-damage|p2a: Ogerpon|0 fnt\n|-boost|p1a: Great Tusk|spe|1\n|-sideend|p1: nba baltoy|Sticky Web|[from] move: Rapid Spin|[of] p1a: Great Tusk\n|faint|p2a: Ogerpon\n|\n|upkeep\n|\n|t:|1700105568\n|switch|p2a: Iron Moth|Iron Moth|100\/100\n|-damage|p2a: Iron Moth|76\/100|[from] Stealth Rock\n|-enditem|p2a: Iron Moth|Booster Energy\n|-activate|p2a: Iron Moth|ability: Quark Drive|[fromitem]\n|-start|p2a: Iron Moth|quarkdrivespe\n|turn|13\n|\n|t:|1700105574\n|-end|p1a: Great Tusk|Protosynthesis|[silent]\n|switch|p1a: Heatran|Heatran, M|100\/100 par\n|move|p2a: Iron Moth|Dazzling Gleam|p1a: Heatran\n|-resisted|p1a: Heatran\n|-damage|p1a: Heatran|97\/100 par\n|\n|-heal|p1a: Heatran|100\/100 par|[from] item: Leftovers\n|upkeep\n|turn|14\n|inactive|nba baltoy has 90 seconds left.\n|\n|t:|1700105589\n|-end|p2a: Iron Moth|Quark Drive|[silent]\n|switch|p2a: Kingambit|Kingambit, M|100\/100\n|-damage|p2a: Kingambit|94\/100|[from] Stealth Rock\n|-activate|p2a: Kingambit|ability: Supreme Overlord\n|-start|p2a: Kingambit|fallen3|[silent]\n|cant|p1a: Heatran|par\n|\n|upkeep\n|turn|15\n|\n|t:|1700105598\n|-end|p2a: Kingambit|fallen3|[silent]\n|switch|p2a: Iron Moth|Iron Moth|76\/100\n|-damage|p2a: Iron Moth|51\/100|[from] Stealth Rock\n|move|p1a: Heatran|Magma Storm|p2a: Iron Moth\n|-resisted|p2a: Iron Moth\n|-damage|p2a: Iron Moth|27\/100\n|-activate|p2a: Iron Moth|move: Magma Storm|[of] p1a: Heatran\n|\n|-damage|p2a: Iron Moth|15\/100|[from] move: Magma Storm|[partiallytrapped]\n|upkeep\n|turn|16\n|\n|t:|1700105603\n|move|p2a: Iron Moth|Dazzling Gleam|p1a: Heatran\n|-resisted|p1a: Heatran\n|-damage|p1a: Heatran|97\/100 par\n|move|p1a: Heatran|Stealth Rock||[still]\n|-fail|p1a: Heatran\n|\n|-heal|p1a: Heatran|100\/100 par|[from] item: Leftovers\n|-damage|p2a: Iron Moth|2\/100|[from] move: Magma Storm|[partiallytrapped]\n|upkeep\n|turn|17\n|\n|t:|1700105609\n|move|p2a: Iron Moth|Dazzling Gleam|p1a: Heatran\n|-resisted|p1a: Heatran\n|-damage|p1a: Heatran|96\/100 par\n|move|p1a: Heatran|Earth Power|p2a: Iron Moth\n|-supereffective|p2a: Iron Moth\n|-damage|p2a: Iron Moth|0 fnt\n|faint|p2a: Iron Moth\n|-end|p2a: Iron Moth|Quark Drive|[silent]\n|\n|-heal|p1a: Heatran|100\/100 par|[from] item: Leftovers\n|upkeep\n|\n|t:|1700105614\n|switch|p2a: Kingambit|Kingambit, M|94\/100\n|-damage|p2a: Kingambit|88\/100|[from] Stealth Rock\n|-activate|p2a: Kingambit|ability: Supreme Overlord\n|-start|p2a: Kingambit|fallen4|[silent]\n|turn|18\n|\n|t:|1700105632\n|switch|p1a: Great Tusk|Great Tusk, tera:Dragon|63\/100\n|move|p2a: Kingambit|Swords Dance|p2a: Kingambit\n|-boost|p2a: Kingambit|atk|2\n|\n|upkeep\n|turn|19\n|\n|t:|1700105637\n|move|p2a: Kingambit|Sucker Punch||[still]\n|-fail|p2a: Kingambit\n|move|p1a: Great Tusk|Bulk Up|p1a: Great Tusk\n|-boost|p1a: Great Tusk|atk|1\n|-boost|p1a: Great Tusk|def|1\n|\n|upkeep\n|turn|20\n|inactive|nba baltoy has 120 seconds left.\n|\n|t:|1700105646\n|move|p1a: Great Tusk|Headlong Rush|p2a: Kingambit\n|-supereffective|p2a: Kingambit\n|-damage|p2a: Kingambit|0 fnt\n|-unboost|p1a: Great Tusk|def|1\n|-unboost|p1a: Great Tusk|spd|1\n|faint|p2a: Kingambit\n|-end|p2a: Kingambit|fallen4|[silent]\n|\n|upkeep\n|\n|t:|1700105648\n|switch|p2a: Gholdengo|Gholdengo|100\/100\n|-damage|p2a: Gholdengo|94\/100|[from] Stealth Rock\n|-item|p2a: Gholdengo|Air Balloon\n|turn|21\n|\n|t:|1700105654\n|move|p1a: Great Tusk|Ice Spinner|p2a: Gholdengo\n|-resisted|p2a: Gholdengo\n|-damage|p2a: Gholdengo|76\/100\n|-enditem|p2a: Gholdengo|Air Balloon\n|move|p2a: Gholdengo|Shadow Ball|p1a: Great Tusk\n|-damage|p1a: Great Tusk|0 fnt\n|faint|p1a: Great Tusk\n|-end|p1a: Great Tusk|Protosynthesis|[silent]\n|\n|upkeep\n|\n|t:|1700105656\n|switch|p1a: Heatran|Heatran, M|100\/100 par\n|turn|22\n|\n|t:|1700105663\n|move|p2a: Gholdengo|Shadow Ball|p1a: Heatran\n|-damage|p1a: Heatran|73\/100 par\n|-unboost|p1a: Heatran|spd|1\n|move|p1a: Heatran|Earth Power|p2a: Gholdengo\n|-supereffective|p2a: Gholdengo\n|-crit|p2a: Gholdengo\n|-damage|p2a: Gholdengo|0 fnt\n|faint|p2a: Gholdengo\n|\n|win|nba baltoy\n|raw|nba baltoy's rating: 1527 &rarr; <strong>1543<\/strong><br \/>(+16 for winning)\n|raw|Firebird838's rating: 1451 &rarr; <strong>1435<\/strong><br \/>(-16 for losing)\n|l|\u2606Firebird838\n|c|\u2606nba baltoy|gg\n","uploadtime":1700105670,"views":15,"p1id":"nbabaltoy","p2id":"firebird838","formatid":"gen9ou","rating":1435,"private":0,"password":""}