{"id":"gen9ou-1993234919","p1":"XtremeSkillz22","p2":"malk tyme","format":"[Gen 9] OU","log":"|j|\u2606XtremeSkillz22\n|j|\u2606malk tyme\n|t:|1700281932\n|gametype|singles\n|player|p1|XtremeSkillz22|sightseerf|1553\n|player|p2|malk tyme|101|1664\n|teamsize|p1|6\n|teamsize|p2|6\n|gen|9\n|tier|[Gen 9] OU\n|rated|\n|rule|Sleep Clause Mod: Limit one foe put to sleep\n|rule|Species Clause: Limit one of each Pok\u00e9mon\n|rule|OHKO Clause: OHKO moves are banned\n|rule|Evasion Items Clause: Evasion items are banned\n|rule|Evasion Moves Clause: Evasion moves are banned\n|rule|Endless Battle Clause: Forcing endless battles is banned\n|rule|HP Percentage Mod: HP is shown in percentages\n|clearpoke\n|poke|p1|Kingambit, F|\n|poke|p1|Amoonguss, F|\n|poke|p1|Cinderace, F|\n|poke|p1|Great Tusk|\n|poke|p1|Thundurus, M|\n|poke|p1|Greninja-*, M|\n|poke|p2|Mew|\n|poke|p2|Grimmsnarl, M|\n|poke|p2|Kommo-o, F|\n|poke|p2|Veluza, M|\n|poke|p2|Iron Hands|\n|poke|p2|Mamoswine, F|\n|teampreview\n|inactive|Battle timer is ON: inactive players will automatically lose when time's up. (requested by XtremeSkillz22)\n|inactive|malk tyme has 120 seconds left.\n|\n|t:|1700281974\n|start\n|switch|p1a: Cinderace|Cinderace, F|100\/100\n|switch|p2a: Grimmsnarl|Grimmsnarl, M|100\/100\n|turn|1\n|\n|t:|1700281978\n|move|p2a: Grimmsnarl|Thunder Wave|p1a: Cinderace\n|-status|p1a: Cinderace|par\n|move|p1a: Cinderace|Gunk Shot|p2a: Grimmsnarl\n|-start|p1a: Cinderace|typechange|Poison|[from] ability: Libero\n|-supereffective|p2a: Grimmsnarl\n|-damage|p2a: Grimmsnarl|0 fnt\n|faint|p2a: Grimmsnarl\n|-damage|p1a: Cinderace|91\/100 par|[from] item: Life Orb\n|\n|upkeep\n|\n|t:|1700281997\n|switch|p2a: Kommo-o|Kommo-o, F|100\/100\n|turn|2\n|\n|t:|1700282000\n|move|p2a: Kommo-o|Swords Dance|p2a: Kommo-o\n|-boost|p2a: Kommo-o|atk|2\n|cant|p1a: Cinderace|par\n|\n|upkeep\n|turn|3\n|j| Regimidas\n|\n|t:|1700282007\n|switch|p1a: Amoonguss|Amoonguss, F, shiny|100\/100\n|move|p2a: Kommo-o|Scale Shot|p1a: Amoonguss\n|-damage|p1a: Amoonguss|82\/100\n|-damage|p1a: Amoonguss|65\/100\n|-damage|p1a: Amoonguss|49\/100\n|-damage|p1a: Amoonguss|31\/100\n|-hitcount|p1a: Amoonguss|4\n|-unboost|p2a: Kommo-o|def|1\n|-boost|p2a: Kommo-o|spe|1\n|\n|upkeep\n|turn|4\n|inactive|XtremeSkillz22 has 120 seconds left.\n|j| So Dynamic\n|\n|t:|1700282049\n|switch|p1a: Great Tusk|Great Tusk|100\/100\n|move|p2a: Kommo-o|Iron Head|p1a: Great Tusk\n|-damage|p1a: Great Tusk|62\/100\n|\n|-heal|p1a: Great Tusk|68\/100|[from] item: Leftovers\n|upkeep\n|turn|5\n|\n|t:|1700282059\n|move|p2a: Kommo-o|Scale Shot|p1a: Great Tusk\n|-damage|p1a: Great Tusk|52\/100\n|-damage|p1a: Great Tusk|36\/100\n|-damage|p1a: Great Tusk|17\/100\n|-damage|p1a: Great Tusk|2\/100\n|-hitcount|p1a: Great Tusk|4\n|-unboost|p2a: Kommo-o|def|1\n|-boost|p2a: Kommo-o|spe|1\n|move|p1a: Great Tusk|Ice Spinner|p2a: Kommo-o\n|-supereffective|p2a: Kommo-o\n|-damage|p2a: Kommo-o|0 fnt\n|faint|p2a: Kommo-o\n|\n|-heal|p1a: Great Tusk|8\/100|[from] item: Leftovers\n|upkeep\n|\n|t:|1700282077\n|switch|p2a: Mew|Mew|100\/100\n|turn|6\n|\n|t:|1700282082\n|-end|p1a: Great Tusk|Protosynthesis|[silent]\n|switch|p1a: Thundurus|Thundurus, M|100\/100\n|move|p2a: Mew|Iron Defense|p2a: Mew\n|-boost|p2a: Mew|def|2\n|\n|upkeep\n|turn|7\n|\n|t:|1700282086\n|move|p1a: Thundurus|Taunt|p2a: Mew\n|-start|p2a: Mew|move: Taunt\n|cant|p2a: Mew|move: Taunt|Calm Mind\n|\n|upkeep\n|turn|8\n|\n|t:|1700282094\n|move|p2a: Mew|Stored Power|p1a: Thundurus\n|-damage|p1a: Thundurus|82\/100\n|move|p1a: Thundurus|Volt Switch|p2a: Mew\n|-damage|p2a: Mew|77\/100\n|\n|t:|1700282098\n|switch|p1a: Greninja|Greninja, M|100\/100|[from] Volt Switch\n|\n|-heal|p2a: Mew|84\/100|[from] item: Leftovers\n|upkeep\n|turn|9\n|\n|t:|1700282103\n|-terastallize|p2a: Mew|Fairy\n|move|p1a: Greninja|Dark Pulse|p2a: Mew\n|-resisted|p2a: Mew\n|-damage|p2a: Mew|70\/100\n|move|p2a: Mew|Draining Kiss|p1a: Greninja\n|-supereffective|p1a: Greninja\n|-damage|p1a: Greninja|31\/100\n|-heal|p2a: Mew|100\/100|[from] drain|[of] p1a: Greninja\n|\n|-end|p2a: Mew|move: Taunt\n|upkeep\n|turn|10\n|\n|t:|1700282111\n|move|p1a: Greninja|Hydro Pump|p2a: Mew\n|-damage|p2a: Mew|54\/100\n|move|p2a: Mew|Calm Mind|p2a: Mew\n|-boost|p2a: Mew|spa|1\n|-boost|p2a: Mew|spd|1\n|\n|-heal|p2a: Mew|60\/100|[from] item: Leftovers\n|upkeep\n|turn|11\n|\n|t:|1700282126\n|switch|p1a: Thundurus|Thundurus, M|82\/100\n|move|p2a: Mew|Calm Mind|p2a: Mew\n|-boost|p2a: Mew|spa|1\n|-boost|p2a: Mew|spd|1\n|\n|-heal|p2a: Mew|67\/100|[from] item: Leftovers\n|upkeep\n|turn|12\n|\n|t:|1700282130\n|move|p1a: Thundurus|Taunt|p2a: Mew\n|-start|p2a: Mew|move: Taunt\n|move|p2a: Mew|Draining Kiss|p1a: Thundurus\n|-crit|p1a: Thundurus\n|-damage|p1a: Thundurus|33\/100\n|-heal|p2a: Mew|99\/100|[from] drain|[of] p1a: Thundurus\n|\n|-heal|p2a: Mew|100\/100|[from] item: Leftovers\n|upkeep\n|turn|13\n|\n|t:|1700282140\n|move|p1a: Thundurus|Thunder Wave|p2a: Mew\n|-status|p2a: Mew|par\n|-activate|p2a: Mew|ability: Synchronize\n|-immune|p1a: Thundurus\n|move|p2a: Mew|Draining Kiss|p1a: Thundurus\n|-damage|p1a: Thundurus|1\/100\n|\n|upkeep\n|turn|14\n|\n|t:|1700282159\n|move|p1a: Thundurus|Volt Switch|p2a: Mew\n|-damage|p2a: Mew|89\/100 par\n|\n|t:|1700282162\n|switch|p1a: Cinderace|Cinderace, F|91\/100 par|[from] Volt Switch\n|cant|p2a: Mew|par\n|\n|-heal|p2a: Mew|96\/100 par|[from] item: Leftovers\n|-end|p2a: Mew|move: Taunt\n|upkeep\n|turn|15\n|\n|t:|1700282165\n|move|p1a: Cinderace|Gunk Shot|p2a: Mew|[miss]\n|-start|p1a: Cinderace|typechange|Poison|[from] ability: Libero\n|-miss|p1a: Cinderace|p2a: Mew\n|cant|p2a: Mew|par\n|\n|-heal|p2a: Mew|100\/100 par|[from] item: Leftovers\n|upkeep\n|turn|16\n|\n|t:|1700282168\n|move|p1a: Cinderace|Gunk Shot|p2a: Mew|[miss]\n|-miss|p1a: Cinderace|p2a: Mew\n|move|p2a: Mew|Iron Defense|p2a: Mew\n|-boost|p2a: Mew|def|2\n|\n|upkeep\n|turn|17\n|\n|t:|1700282172\n|move|p1a: Cinderace|Gunk Shot|p2a: Mew|[miss]\n|-miss|p1a: Cinderace|p2a: Mew\n|move|p2a: Mew|Iron Defense|p2a: Mew\n|-boost|p2a: Mew|def|2\n|\n|upkeep\n|turn|18\n|c|\u2606XtremeSkillz22|Wha\n|\n|t:|1700282178\n|move|p1a: Cinderace|Gunk Shot|p2a: Mew\n|-supereffective|p2a: Mew\n|-damage|p2a: Mew|70\/100 par\n|-damage|p1a: Cinderace|81\/100 par|[from] item: Life Orb\n|move|p2a: Mew|Calm Mind|p2a: Mew\n|-boost|p2a: Mew|spa|1\n|-boost|p2a: Mew|spd|1\n|\n|-heal|p2a: Mew|76\/100 par|[from] item: Leftovers\n|upkeep\n|turn|19\n|-message|XtremeSkillz22 forfeited.\n|\n|win|malk tyme\n|raw|XtremeSkillz22's rating: 1553 &rarr; <strong>1539<\/strong><br \/>(-14 for losing)\n|raw|malk tyme's rating: 1664 &rarr; <strong>1678<\/strong><br \/>(+14 for winning)\n|l|\u2606XtremeSkillz22\n|l|\u2606malk tyme\n","uploadtime":1700282190,"views":26,"p1id":"xtremeskillz22","p2id":"malktyme","formatid":"gen9ou","rating":1539,"private":0,"password":""}