{"id":"gen9ou-1994443296","p1":"Prav33n","p2":"PeterPumpknEater69","format":"[Gen 9] OU","log":"|j|\u2606Prav33n\n|j|\u2606PeterPumpknEater69\n|t:|1700444524\n|gametype|singles\n|player|p1|Prav33n|swimmer-gen4|1616\n|player|p2|PeterPumpknEater69|hiker-gen4|1542\n|teamsize|p1|6\n|teamsize|p2|6\n|gen|9\n|tier|[Gen 9] OU\n|rated|\n|rule|Sleep Clause Mod: Limit one foe put to sleep\n|rule|Species Clause: Limit one of each Pok\u00e9mon\n|rule|OHKO Clause: OHKO moves are banned\n|rule|Evasion Items Clause: Evasion items are banned\n|rule|Evasion Moves Clause: Evasion moves are banned\n|rule|Endless Battle Clause: Forcing endless battles is banned\n|rule|HP Percentage Mod: HP is shown in percentages\n|clearpoke\n|poke|p1|Cinderace, F|\n|poke|p1|Landorus-Therian, M|\n|poke|p1|Weavile, M|\n|poke|p1|Great Tusk|\n|poke|p1|Gholdengo|\n|poke|p1|Walking Wake|\n|poke|p2|Weavile, F|\n|poke|p2|Amoonguss, F|\n|poke|p2|Garganacl, F|\n|poke|p2|Maushold|\n|poke|p2|Kingambit, M|\n|poke|p2|Samurott-Hisui, M|\n|teampreview\n|inactive|Battle timer is ON: inactive players will automatically lose when time's up. (requested by PeterPumpknEater69)\n|\n|t:|1700444536\n|start\n|switch|p1a: Great Tusk|Great Tusk|100\/100\n|switch|p2a: Amoonguss|Amoonguss, F|100\/100\n|turn|1\n|\n|t:|1700444543\n|switch|p2a: Samurott|Samurott-Hisui, M|100\/100\n|move|p1a: Great Tusk|Headlong Rush|p2a: Samurott\n|-damage|p2a: Samurott|28\/100\n|-unboost|p1a: Great Tusk|def|1\n|-unboost|p1a: Great Tusk|spd|1\n|-enditem|p1a: Great Tusk|Eject Pack\n|\n|t:|1700444549\n|-end|p1a: Great Tusk|Protosynthesis|[silent]\n|switch|p1a: Cinderace|Cinderace, F|100\/100\n|\n|upkeep\n|turn|2\n|\n|t:|1700444558\n|switch|p2a: Garganacl|Garganacl, F|100\/100\n|move|p1a: Cinderace|U-turn|p2a: Garganacl\n|-start|p1a: Cinderace|typechange|Bug|[from] ability: Libero\n|-damage|p2a: Garganacl|79\/100\n|\n|t:|1700444573\n|switch|p1a: Great Tusk|Great Tusk|100\/100|[from] U-turn\n|\n|-heal|p2a: Garganacl|85\/100|[from] item: Leftovers\n|upkeep\n|turn|3\n|\n|t:|1700444581\n|switch|p2a: Samurott|Samurott-Hisui, M|28\/100\n|move|p1a: Great Tusk|Close Combat|p2a: Samurott\n|-supereffective|p2a: Samurott\n|-damage|p2a: Samurott|0 fnt\n|-unboost|p1a: Great Tusk|def|1\n|-unboost|p1a: Great Tusk|spd|1\n|faint|p2a: Samurott\n|\n|upkeep\n|\n|t:|1700444599\n|switch|p2a: Weavile|Weavile, F|100\/100\n|-ability|p2a: Weavile|Pressure\n|turn|4\n|inactive|Prav33n has 120 seconds left.\n|\n|t:|1700444637\n|move|p2a: Weavile|Knock Off|p1a: Great Tusk\n|-resisted|p1a: Great Tusk\n|-damage|p1a: Great Tusk|82\/100\n|move|p1a: Great Tusk|Close Combat|p2a: Weavile\n|-supereffective|p2a: Weavile\n|-damage|p2a: Weavile|0 fnt\n|-unboost|p1a: Great Tusk|def|1\n|-unboost|p1a: Great Tusk|spd|1\n|faint|p2a: Weavile\n|\n|upkeep\n|\n|t:|1700444647\n|switch|p2a: Amoonguss|Amoonguss, F|100\/100\n|turn|5\n|\n|t:|1700444652\n|-end|p1a: Great Tusk|Protosynthesis|[silent]\n|switch|p1a: Gholdengo|Gholdengo|100\/100\n|-item|p1a: Gholdengo|Air Balloon\n|switch|p2a: Kingambit|Kingambit, M|100\/100\n|-activate|p2a: Kingambit|ability: Supreme Overlord\n|-start|p2a: Kingambit|fallen2|[silent]\n|\n|upkeep\n|turn|6\n|\n|t:|1700444665\n|switch|p1a: Great Tusk|Great Tusk|82\/100\n|-end|p2a: Kingambit|fallen2|[silent]\n|switch|p2a: Amoonguss|Amoonguss, F|100\/100\n|\n|upkeep\n|turn|7\n|\n|t:|1700444672\n|-end|p1a: Great Tusk|Protosynthesis|[silent]\n|switch|p1a: Cinderace|Cinderace, F|100\/100\n|move|p2a: Amoonguss|Grass Knot|p1a: Cinderace\n|-resisted|p1a: Cinderace\n|-damage|p1a: Cinderace|88\/100\n|\n|upkeep\n|turn|8\n|\n|t:|1700444678\n|move|p1a: Cinderace|Pyro Ball|p2a: Amoonguss\n|-supereffective|p2a: Amoonguss\n|-damage|p2a: Amoonguss|14\/100\n|-enditem|p2a: Amoonguss|Red Card|[of] p1a: Cinderace\n|drag|p1a: Great Tusk|Great Tusk|82\/100\n|move|p2a: Amoonguss|Spore|p1a: Great Tusk\n|-status|p1a: Great Tusk|slp|[from] move: Spore\n|\n|upkeep\n|turn|9\n|\n|t:|1700444686\n|-end|p1a: Great Tusk|Protosynthesis|[silent]\n|switch|p1a: Cinderace|Cinderace, F|88\/100\n|switch|p2a: Maushold|Maushold|100\/100\n|\n|upkeep\n|turn|10\n|\n|t:|1700444693\n|switch|p2a: Amoonguss|Amoonguss, F|47\/100\n|move|p1a: Cinderace|Pyro Ball|p2a: Amoonguss\n|-supereffective|p2a: Amoonguss\n|-damage|p2a: Amoonguss|0 fnt\n|faint|p2a: Amoonguss\n|\n|upkeep\n|\n|t:|1700444699\n|switch|p2a: Garganacl|Garganacl, F|85\/100\n|turn|11\n|\n|t:|1700444702\n|move|p1a: Cinderace|U-turn|p2a: Garganacl\n|-start|p1a: Cinderace|typechange|Bug|[from] ability: Libero\n|-damage|p2a: Garganacl|64\/100\n|-message|PeterPumpknEater69 forfeited.\n|\n|win|Prav33n\n|raw|Prav33n's rating: 1616 &rarr; <strong>1632<\/strong><br \/>(+16 for winning)\n|raw|PeterPumpknEater69's rating: 1542 &rarr; <strong>1526<\/strong><br \/>(-16 for losing)\n|l|\u2606PeterPumpknEater69\n","uploadtime":1700444711,"views":9,"p1id":"prav33n","p2id":"peterpumpkneater69","formatid":"gen9ou","rating":1526,"private":0,"password":""}