{"id":"gen9ou-1991532893","p1":"katuljpg","p2":"PrinceOberon","format":"[Gen 9] OU","log":"|j|\u2606katuljpg\n|j|\u2606PrinceOberon\n|t:|1700085698\n|gametype|singles\n|player|p1|katuljpg|2|1000\n|player|p2|PrinceOberon|swimmer-gen4jp|1075\n|teamsize|p1|6\n|teamsize|p2|6\n|gen|9\n|tier|[Gen 9] OU\n|rated|\n|rule|Sleep Clause Mod: Limit one foe put to sleep\n|rule|Species Clause: Limit one of each Pok\u00e9mon\n|rule|OHKO Clause: OHKO moves are banned\n|rule|Evasion Items Clause: Evasion items are banned\n|rule|Evasion Moves Clause: Evasion moves are banned\n|rule|Endless Battle Clause: Forcing endless battles is banned\n|rule|HP Percentage Mod: HP is shown in percentages\n|clearpoke\n|poke|p1|Milotic, M|\n|poke|p1|Scizor, F|\n|poke|p1|Charizard, M|\n|poke|p1|Hydreigon, F|\n|poke|p1|Heracross, M|\n|poke|p1|Gengar, M|\n|poke|p2|Jolteon, F|\n|poke|p2|Ribombee, F|\n|poke|p2|Goodra-Hisui, M|\n|poke|p2|Avalugg, F|\n|poke|p2|Landorus-Therian, M|\n|poke|p2|Ninetales-Alola, F|\n|teampreview\n|\n|t:|1700085726\n|start\n|switch|p1a: Heracross|Heracross, M|100\/100\n|switch|p2a: Ribombee|Ribombee, F|100\/100\n|turn|1\n|\n|t:|1700085742\n|move|p2a: Ribombee|Moonblast|p1a: Heracross\n|-supereffective|p1a: Heracross\n|-damage|p1a: Heracross|18\/100\n|move|p1a: Heracross|Stone Edge|p2a: Ribombee|[miss]\n|-miss|p1a: Heracross|p2a: Ribombee\n|\n|upkeep\n|turn|2\n|\n|t:|1700085750\n|switch|p1a: Hydreigon|Hydreigon, F|100\/100\n|move|p2a: Ribombee|Moonblast|p1a: Hydreigon\n|-supereffective|p1a: Hydreigon\n|-damage|p1a: Hydreigon|0 fnt\n|faint|p1a: Hydreigon\n|\n|upkeep\n|\n|t:|1700085763\n|switch|p1a: Gengar|Gengar, M|100\/100\n|turn|3\n|\n|t:|1700085772\n|move|p2a: Ribombee|U-turn|p1a: Gengar\n|-resisted|p1a: Gengar\n|-damage|p1a: Gengar|95\/100\n|-start|p2a: Ribombee|Disable|U-turn|[from] ability: Cursed Body|[of] p1a: Gengar\n|\n|t:|1700085775\n|switch|p2a: Goodra|Goodra-Hisui, M|100\/100|[from] U-turn\n|move|p1a: Gengar|Shadow Ball|p2a: Goodra\n|-damage|p2a: Goodra|78\/100\n|-damage|p1a: Gengar|85\/100|[from] item: Life Orb\n|\n|upkeep\n|turn|4\n|\n|t:|1700085786\n|move|p1a: Gengar|Curse|p2a: Goodra\n|-start|p2a: Goodra|Curse|[of] p1a: Gengar\n|-damage|p1a: Gengar|35\/100\n|move|p2a: Goodra|Draco Meteor|p1a: Gengar\n|-damage|p1a: Gengar|0 fnt\n|-unboost|p2a: Goodra|spa|2\n|-start|p2a: Goodra|Disable|Draco Meteor|[from] ability: Cursed Body|[of] p1a: Gengar\n|faint|p1a: Gengar\n|\n|-damage|p2a: Goodra|53\/100|[from] Curse\n|upkeep\n|\n|t:|1700085800\n|switch|p1a: Scizor|Scizor, F|100\/100\n|turn|5\n|\n|t:|1700085811\n|switch|p2a: Avalugg|Avalugg, F, shiny|100\/100\n|move|p1a: Scizor|Bullet Punch|p2a: Avalugg\n|-supereffective|p2a: Avalugg\n|-damage|p2a: Avalugg|77\/100\n|-damage|p1a: Scizor|84\/100|[from] item: Rocky Helmet|[of] p2a: Avalugg\n|\n|upkeep\n|turn|6\n|\n|t:|1700085826\n|move|p1a: Scizor|Bullet Punch|p2a: Avalugg\n|-supereffective|p2a: Avalugg\n|-crit|p2a: Avalugg\n|-damage|p2a: Avalugg|41\/100\n|-damage|p1a: Scizor|68\/100|[from] item: Rocky Helmet|[of] p2a: Avalugg\n|move|p2a: Avalugg|Avalanche|p1a: Scizor\n|-resisted|p1a: Scizor\n|-damage|p1a: Scizor|42\/100\n|\n|upkeep\n|turn|7\n|\n|t:|1700085837\n|move|p1a: Scizor|Bullet Punch|p2a: Avalugg\n|-supereffective|p2a: Avalugg\n|-damage|p2a: Avalugg|16\/100\n|-damage|p1a: Scizor|25\/100|[from] item: Rocky Helmet|[of] p2a: Avalugg\n|move|p2a: Avalugg|Rest|p2a: Avalugg\n|-status|p2a: Avalugg|slp|[from] move: Rest\n|-heal|p2a: Avalugg|100\/100 slp|[silent]\n|\n|upkeep\n|turn|8\n|\n|t:|1700085846\n|switch|p1a: Charizard|Charizard, M|100\/100\n|cant|p2a: Avalugg|slp\n|move|p2a: Avalugg|Sleep Talk|p2a: Avalugg\n|move|p2a: Avalugg|Avalanche|p1a: Charizard|[from]move: Sleep Talk\n|-damage|p1a: Charizard|70\/100\n|\n|upkeep\n|turn|9\n|\n|t:|1700085864\n|switch|p2a: Landorus|Landorus-Therian, M|100\/100\n|-ability|p2a: Landorus|Intimidate|boost\n|-unboost|p1a: Charizard|atk|1\n|move|p1a: Charizard|Heat Wave|p2a: Landorus\n|-damage|p2a: Landorus|52\/100\n|\n|upkeep\n|turn|10\n|\n|t:|1700085874\n|move|p2a: Landorus|Rock Slide|p1a: Charizard\n|-supereffective|p1a: Charizard\n|-damage|p1a: Charizard|0 fnt\n|faint|p1a: Charizard\n|\n|upkeep\n|\n|t:|1700085880\n|switch|p1a: Scizor|Scizor, F|25\/100\n|turn|11\n|\n|t:|1700085885\n|switch|p2a: Avalugg|Avalugg, F, shiny|100\/100 slp\n|move|p1a: Scizor|Bullet Punch|p2a: Avalugg\n|-supereffective|p2a: Avalugg\n|-damage|p2a: Avalugg|76\/100 slp\n|-damage|p1a: Scizor|9\/100|[from] item: Rocky Helmet|[of] p2a: Avalugg\n|\n|upkeep\n|turn|12\n|\n|t:|1700085892\n|move|p1a: Scizor|Bullet Punch|p2a: Avalugg\n|-supereffective|p2a: Avalugg\n|-damage|p2a: Avalugg|53\/100 slp\n|-damage|p1a: Scizor|0 fnt|[from] item: Rocky Helmet|[of] p2a: Avalugg\n|faint|p1a: Scizor\n|cant|p2a: Avalugg|slp\n|move|p2a: Avalugg|Sleep Talk|p2a: Avalugg\n|move|p2a: Avalugg|Rest||[from]move: Sleep Talk|[still]\n|-fail|p2a: Avalugg\n|\n|upkeep\n|\n|t:|1700085902\n|switch|p1a: Heracross|Heracross, M|18\/100\n|turn|13\n|\n|t:|1700085907\n|move|p1a: Heracross|Close Combat|p2a: Avalugg\n|-supereffective|p2a: Avalugg\n|-damage|p2a: Avalugg|0 fnt\n|-unboost|p1a: Heracross|def|1\n|-unboost|p1a: Heracross|spd|1\n|-damage|p1a: Heracross|2\/100|[from] item: Rocky Helmet|[of] p2a: Avalugg\n|faint|p2a: Avalugg\n|\n|upkeep\n|\n|t:|1700085911\n|switch|p2a: Ribombee|Ribombee, F|100\/100\n|turn|14\n|\n|t:|1700085918\n|move|p2a: Ribombee|U-turn|p1a: Heracross\n|-resisted|p1a: Heracross\n|-damage|p1a: Heracross|0 fnt\n|faint|p1a: Heracross\n|\n|t:|1700085925\n|switch|p2a: Jolteon|Jolteon, F|100\/100|[from] U-turn\n|\n|upkeep\n|\n|t:|1700085929\n|switch|p1a: Milotic|Milotic, M|100\/100\n|turn|15\n|\n|t:|1700085939\n|move|p2a: Jolteon|Yawn|p1a: Milotic\n|-start|p1a: Milotic|move: Yawn|[of] p2a: Jolteon\n|move|p1a: Milotic|Confuse Ray|p2a: Jolteon\n|-start|p2a: Jolteon|confusion\n|\n|upkeep\n|turn|16\n|\n|t:|1700085952\n|switch|p2a: Ninetales|Ninetales-Alola, F|100\/100\n|-weather|Snow|[from] ability: Snow Warning|[of] p2a: Ninetales\n|move|p1a: Milotic|Ice Beam|p2a: Ninetales\n|-resisted|p2a: Ninetales\n|-damage|p2a: Ninetales|86\/100\n|\n|-weather|Snow|[upkeep]\n|-heal|p2a: Ninetales|92\/100|[from] item: Leftovers\n|-end|p1a: Milotic|move: Yawn|[silent]\n|-status|p1a: Milotic|slp\n|upkeep\n|turn|17\n|-message|katuljpg forfeited.\n|\n|win|PrinceOberon\n|raw|katuljpg's rating: 1000 &rarr; <strong>1000<\/strong><br \/>(+0 for losing)\n|raw|PrinceOberon's rating: 1075 &rarr; <strong>1098<\/strong><br \/>(+23 for winning)\n|l|\u2606katuljpg\n","uploadtime":1700085972,"views":13,"p1id":"katuljpg","p2id":"princeoberon","formatid":"gen9ou","rating":1000,"private":0,"password":""}