{"id":"gen9ou-1990292787","p1":"Inder-House","p2":"ZeroPops","format":"[Gen 9] OU","log":"|j|\u2606Inder-House\n|j|\u2606ZeroPops\n|t:|1699951956\n|gametype|singles\n|player|p1|Inder-House|will|1515\n|player|p2|ZeroPops|1|1651\n|teamsize|p1|6\n|teamsize|p2|6\n|gen|9\n|tier|[Gen 9] OU\n|rated|\n|rule|Sleep Clause Mod: Limit one foe put to sleep\n|rule|Species Clause: Limit one of each Pok\u00e9mon\n|rule|OHKO Clause: OHKO moves are banned\n|rule|Evasion Items Clause: Evasion items are banned\n|rule|Evasion Moves Clause: Evasion moves are banned\n|rule|Endless Battle Clause: Forcing endless battles is banned\n|rule|HP Percentage Mod: HP is shown in percentages\n|clearpoke\n|poke|p1|Weezing-Galar, M|\n|poke|p1|Azumarill, M|\n|poke|p1|Tinkaton, F|\n|poke|p1|Kingambit, M|\n|poke|p1|Iron Valiant|\n|poke|p1|Florges-Blue, F|\n|poke|p2|Glimmora, F|\n|poke|p2|Ceruledge, M|\n|poke|p2|Iron Jugulis|\n|poke|p2|Iron Valiant|\n|poke|p2|Kingambit, M|\n|poke|p2|Ogerpon-Wellspring, F|\n|teampreview\n|c|\u2606Inder-House|cool team\n|c|\u2606ZeroPops|u2\n|\n|t:|1699951988\n|start\n|switch|p1a: Buttercup|Tinkaton, F|100\/100\n|switch|p2a: Glimmora|Glimmora, F|100\/100\n|-ability|p1a: Buttercup|Mold Breaker\n|turn|1\n|\n|t:|1699951996\n|move|p2a: Glimmora|Stealth Rock|p1a: Buttercup\n|-sidestart|p1: Inder-House|move: Stealth Rock\n|move|p1a: Buttercup|Gigaton Hammer|p2a: Glimmora\n|-supereffective|p2a: Glimmora\n|-enditem|p2a: Glimmora|Focus Sash\n|-damage|p2a: Glimmora|1\/100\n|-activate|p2a: Glimmora|ability: Toxic Debris\n|-sidestart|p1: Inder-House|move: Toxic Spikes\n|\n|upkeep\n|turn|2\n|\n|t:|1699952000\n|move|p2a: Glimmora|Earth Power|p1a: Buttercup\n|-supereffective|p1a: Buttercup\n|-damage|p1a: Buttercup|39\/100\n|move|p1a: Buttercup|Knock Off|p2a: Glimmora\n|-damage|p2a: Glimmora|0 fnt\n|-activate|p2a: Glimmora|ability: Toxic Debris\n|-sidestart|p1: Inder-House|move: Toxic Spikes\n|faint|p2a: Glimmora\n|\n|-heal|p1a: Buttercup|46\/100|[from] item: Leftovers\n|upkeep\n|\n|t:|1699952012\n|switch|p2a: Ceruledge|Ceruledge, M|100\/100\n|turn|3\n|inactive|Battle timer is ON: inactive players will automatically lose when time's up. (requested by ZeroPops)\n|\n|t:|1699952076\n|switch|p1a: Churchill|Weezing-Galar, M|100\/100\n|-damage|p1a: Churchill|88\/100|[from] Stealth Rock\n|move|p2a: Ceruledge|Poltergeist|p1a: Churchill\n|-activate|p1a: Churchill|move: Poltergeist|Black Sludge\n|-damage|p1a: Churchill|54\/100\n|\n|-heal|p1a: Churchill|60\/100|[from] item: Black Sludge\n|upkeep\n|turn|4\n|\n|t:|1699952091\n|move|p2a: Ceruledge|Swords Dance|p2a: Ceruledge\n|-boost|p2a: Ceruledge|atk|2\n|move|p1a: Churchill|Defog|p2a: Ceruledge\n|-unboost|p2a: Ceruledge|evasion|1\n|-sideend|p1: Inder-House|Toxic Spikes|[from] move: Defog|[of] p1a: Churchill\n|-sideend|p1: Inder-House|Stealth Rock|[from] move: Defog|[of] p1a: Churchill\n|\n|-heal|p1a: Churchill|66\/100|[from] item: Black Sludge\n|upkeep\n|turn|5\n|inactive|Inder-House has 120 seconds left.\n|\n|t:|1699952132\n|-terastallize|p1a: Churchill|Fire\n|move|p2a: Ceruledge|Poltergeist|p1a: Churchill\n|-activate|p1a: Churchill|move: Poltergeist|Black Sludge\n|-damage|p1a: Churchill|0 fnt\n|faint|p1a: Churchill\n|\n|upkeep\n|c|\u2606Inder-House|hecc\n|\n|t:|1699952142\n|switch|p1a: Thumper|Azumarill, M|100\/100\n|turn|6\n|\n|t:|1699952145\n|move|p1a: Thumper|Aqua Jet|p2a: Ceruledge\n|-supereffective|p2a: Ceruledge\n|-damage|p2a: Ceruledge|26\/100\n|-ability|p2a: Ceruledge|Weak Armor|boost\n|-unboost|p2a: Ceruledge|def|1\n|-boost|p2a: Ceruledge|spe|2\n|move|p2a: Ceruledge|Poltergeist|p1a: Thumper\n|-activate|p1a: Thumper|move: Poltergeist|Assault Vest\n|-damage|p1a: Thumper|0 fnt\n|faint|p1a: Thumper\n|\n|upkeep\n|\n|t:|1699952149\n|switch|p1a: Oberon|Kingambit, M|100\/100\n|-activate|p1a: Oberon|ability: Supreme Overlord\n|-start|p1a: Oberon|fallen2|[silent]\n|turn|7\n|\n|t:|1699952159\n|switch|p2a: Ogerpon|Ogerpon-Wellspring, F|100\/100\n|move|p1a: Oberon|Sucker Punch||[still]\n|-fail|p1a: Oberon\n|\n|upkeep\n|turn|8\n|inactive|Inder-House has 120 seconds left.\n|inactive|Inder-House has 90 seconds left.\n|inactive|Inder-House has 60 seconds left.\n|\n|t:|1699952247\n|-end|p1a: Oberon|fallen2|[silent]\n|switch|p1a: Buttercup|Tinkaton, F|46\/100\n|-ability|p1a: Buttercup|Mold Breaker\n|move|p2a: Ogerpon|Encore||[still]\n|-fail|p2a: Ogerpon\n|\n|-heal|p1a: Buttercup|52\/100|[from] item: Leftovers\n|upkeep\n|turn|9\n|\n|t:|1699952255\n|move|p2a: Ogerpon|Ivy Cudgel|p1a: Buttercup\n|-damage|p1a: Buttercup|0 fnt\n|faint|p1a: Buttercup\n|\n|upkeep\n|\n|t:|1699952262\n|switch|p1a: GLaD0S|Iron Valiant, shiny|100\/100\n|-enditem|p1a: GLaD0S|Booster Energy\n|-activate|p1a: GLaD0S|ability: Quark Drive|[fromitem]\n|-start|p1a: GLaD0S|quarkdrivespe\n|turn|10\n|\n|t:|1699952268\n|move|p1a: GLaD0S|Moonblast|p2a: Ogerpon\n|-damage|p2a: Ogerpon|42\/100\n|-unboost|p2a: Ogerpon|spa|1\n|move|p2a: Ogerpon|Ivy Cudgel|p1a: GLaD0S\n|-damage|p1a: GLaD0S|23\/100\n|\n|upkeep\n|turn|11\n|\n|t:|1699952276\n|switch|p2a: Ceruledge|Ceruledge, M|26\/100\n|move|p1a: GLaD0S|Moonblast|p2a: Ceruledge\n|-resisted|p2a: Ceruledge\n|-damage|p2a: Ceruledge|0 fnt\n|faint|p2a: Ceruledge\n|\n|upkeep\n|\n|t:|1699952295\n|switch|p2a: Kingambit|Kingambit, M|100\/100\n|-activate|p2a: Kingambit|ability: Supreme Overlord\n|-start|p2a: Kingambit|fallen2|[silent]\n|turn|12\n|c|\u2606Inder-House|you're playing well\n|\n|t:|1699952306\n|-terastallize|p2a: Kingambit|Fairy\n|move|p1a: GLaD0S|Moonblast|p2a: Kingambit\n|-damage|p2a: Kingambit|52\/100\n|move|p2a: Kingambit|Iron Head|p1a: GLaD0S\n|-supereffective|p1a: GLaD0S\n|-damage|p1a: GLaD0S|0 fnt\n|faint|p1a: GLaD0S\n|-end|p1a: GLaD0S|Quark Drive|[silent]\n|\n|-heal|p2a: Kingambit|58\/100|[from] item: Leftovers\n|upkeep\n|c|\u2606Inder-House|I think I'm done\n|\n|t:|1699952314\n|switch|p1a: Oberon|Kingambit, M|100\/100\n|-activate|p1a: Oberon|ability: Supreme Overlord\n|-start|p1a: Oberon|fallen4|[silent]\n|turn|13\n|\n|t:|1699952317\n|-end|p2a: Kingambit|fallen2|[silent]\n|switch|p2a: Ogerpon|Ogerpon-Wellspring, F|42\/100\n|move|p1a: Oberon|Iron Head|p2a: Ogerpon\n|-resisted|p2a: Ogerpon\n|-damage|p2a: Ogerpon|0 fnt\n|faint|p2a: Ogerpon\n|\n|upkeep\n|\n|t:|1699952322\n|switch|p2a: Iron Valiant|Iron Valiant|100\/100\n|-enditem|p2a: Iron Valiant|Booster Energy\n|-activate|p2a: Iron Valiant|ability: Quark Drive|[fromitem]\n|-start|p2a: Iron Valiant|quarkdrivespe\n|turn|14\n|\n|t:|1699952328\n|-end|p1a: Oberon|fallen4|[silent]\n|switch|p1a: Cornflower|Florges-Blue, F|100\/100\n|move|p2a: Iron Valiant|Close Combat|p1a: Cornflower\n|-resisted|p1a: Cornflower\n|-damage|p1a: Cornflower|58\/100\n|-unboost|p2a: Iron Valiant|def|1\n|-unboost|p2a: Iron Valiant|spd|1\n|\n|-heal|p1a: Cornflower|64\/100|[from] item: Leftovers\n|upkeep\n|turn|15\n|\n|t:|1699952336\n|-end|p2a: Iron Valiant|Quark Drive|[silent]\n|switch|p2a: Iron Jugulis|Iron Jugulis|100\/100\n|-enditem|p2a: Iron Jugulis|Booster Energy\n|-activate|p2a: Iron Jugulis|ability: Quark Drive|[fromitem]\n|-start|p2a: Iron Jugulis|quarkdrivespe\n|move|p1a: Cornflower|Wish|p1a: Cornflower\n|\n|-heal|p1a: Cornflower|70\/100|[from] item: Leftovers\n|upkeep\n|turn|16\n|\n|t:|1699952344\n|move|p2a: Iron Jugulis|Earth Power|p1a: Cornflower\n|-damage|p1a: Cornflower|56\/100\n|move|p1a: Cornflower|Calm Mind|p1a: Cornflower\n|-boost|p1a: Cornflower|spa|1\n|-boost|p1a: Cornflower|spd|1\n|\n|-heal|p1a: Cornflower|100\/100|[from] move: Wish|[wisher] Cornflower\n|upkeep\n|turn|17\n|inactive|Inder-House has 120 seconds left.\n|\n|t:|1699952373\n|move|p2a: Iron Jugulis|Taunt|p1a: Cornflower\n|-start|p1a: Cornflower|move: Taunt\n|move|p1a: Cornflower|Moonblast|p2a: Iron Jugulis\n|-supereffective|p2a: Iron Jugulis\n|-damage|p2a: Iron Jugulis|0 fnt\n|faint|p2a: Iron Jugulis\n|-end|p2a: Iron Jugulis|Quark Drive|[silent]\n|\n|upkeep\n|\n|t:|1699952376\n|switch|p2a: Kingambit|Kingambit, M, tera:Fairy|58\/100\n|-activate|p2a: Kingambit|ability: Supreme Overlord\n|-start|p2a: Kingambit|fallen4|[silent]\n|turn|18\n|inactive|Inder-House has 120 seconds left.\n|\n|t:|1699952390\n|switch|p1a: Oberon|Kingambit, M|100\/100\n|-activate|p1a: Oberon|ability: Supreme Overlord\n|-start|p1a: Oberon|fallen4|[silent]\n|move|p2a: Kingambit|Iron Head|p1a: Oberon\n|-resisted|p1a: Oberon\n|-damage|p1a: Oberon|78\/100\n|\n|-heal|p2a: Kingambit|64\/100|[from] item: Leftovers\n|upkeep\n|turn|19\n|c|\u2606Inder-House|super close one\n|\n|t:|1699952399\n|move|p2a: Kingambit|Kowtow Cleave|p1a: Oberon\n|-resisted|p1a: Oberon\n|-damage|p1a: Oberon|52\/100\n|move|p1a: Oberon|Iron Head|p2a: Kingambit\n|-supereffective|p2a: Kingambit\n|-damage|p2a: Kingambit|0 fnt\n|faint|p2a: Kingambit\n|-end|p2a: Kingambit|fallen4|[silent]\n|\n|upkeep\n|\n|t:|1699952402\n|switch|p2a: Iron Valiant|Iron Valiant|100\/100\n|turn|20\n|\n|t:|1699952406\n|move|p1a: Oberon|Sucker Punch|p2a: Iron Valiant\n|-resisted|p2a: Iron Valiant\n|-damage|p2a: Iron Valiant|78\/100\n|move|p2a: Iron Valiant|Close Combat|p1a: Oberon\n|-supereffective|p1a: Oberon\n|-damage|p1a: Oberon|0 fnt\n|-unboost|p2a: Iron Valiant|def|1\n|-unboost|p2a: Iron Valiant|spd|1\n|faint|p1a: Oberon\n|-end|p1a: Oberon|fallen4|[silent]\n|\n|upkeep\n|\n|t:|1699952409\n|switch|p1a: Cornflower|Florges-Blue, F|100\/100\n|turn|21\n|-message|ZeroPops forfeited.\n|\n|win|Inder-House\n|raw|Inder-House's rating: 1515 &rarr; <strong>1542<\/strong><br \/>(+27 for winning)\n|raw|ZeroPops's rating: 1651 &rarr; <strong>1624<\/strong><br \/>(-27 for losing)\n|l|\u2606ZeroPops\n","uploadtime":1699952429,"views":24,"p1id":"inderhouse","p2id":"zeropops","formatid":"gen9ou","rating":1542,"private":0,"password":""}