{"id":"gen9ou-1996946383","p1":"new hole city","p2":"HaveniteRaven","format":"[Gen 9] OU","log":"|j|\u2606new hole city\n|j|\u2606HaveniteRaven\n|t:|1700748199\n|gametype|singles\n|player|p1|new hole city|flannery|1425\n|player|p2|HaveniteRaven|doctor|1494\n|teamsize|p1|6\n|teamsize|p2|6\n|gen|9\n|tier|[Gen 9] OU\n|rated|\n|rule|Sleep Clause Mod: Limit one foe put to sleep\n|rule|Species Clause: Limit one of each Pok\u00e9mon\n|rule|OHKO Clause: OHKO moves are banned\n|rule|Evasion Items Clause: Evasion items are banned\n|rule|Evasion Moves Clause: Evasion moves are banned\n|rule|Endless Battle Clause: Forcing endless battles is banned\n|rule|HP Percentage Mod: HP is shown in percentages\n|clearpoke\n|poke|p1|Garganacl, M|\n|poke|p1|Great Tusk|\n|poke|p1|Gholdengo|\n|poke|p1|Iron Valiant|\n|poke|p1|Dragonite, M|\n|poke|p1|Zapdos|\n|poke|p2|Dondozo, M|\n|poke|p2|Grimmsnarl, M|\n|poke|p2|Kleavor, F|\n|poke|p2|Great Tusk|\n|poke|p2|Zarude|\n|poke|p2|Braviary-Hisui, M|\n|teampreview\n|inactive|Battle timer is ON: inactive players will automatically lose when time's up. (requested by HaveniteRaven)\n|\n|t:|1700748218\n|start\n|switch|p1a: listens to ska|Gholdengo|100\/100\n|switch|p2a: Grimmsnarl|Grimmsnarl, M, shiny|100\/100\n|-item|p1a: listens to ska|Air Balloon\n|turn|1\n|\n|t:|1700748224\n|move|p2a: Grimmsnarl|Light Screen|p2a: Grimmsnarl\n|-sidestart|p2: HaveniteRaven|move: Light Screen\n|move|p1a: listens to ska|Make It Rain|p2a: Grimmsnarl\n|-supereffective|p2a: Grimmsnarl\n|-damage|p2a: Grimmsnarl|45\/100\n|-unboost|p1a: listens to ska|spa|1\n|\n|upkeep\n|turn|2\n|\n|t:|1700748231\n|move|p2a: Grimmsnarl|Reflect|p2a: Grimmsnarl\n|-sidestart|p2: HaveniteRaven|Reflect\n|move|p1a: listens to ska|Nasty Plot|p1a: listens to ska\n|-boost|p1a: listens to ska|spa|2\n|\n|upkeep\n|turn|3\n|\n|t:|1700748240\n|switch|p2a: Dondozo|Dondozo, M|100\/100\n|move|p1a: listens to ska|Make It Rain|p2a: Dondozo\n|-resisted|p2a: Dondozo\n|-damage|p2a: Dondozo|92\/100\n|-unboost|p1a: listens to ska|spa|1\n|\n|-heal|p2a: Dondozo|98\/100|[from] item: Leftovers\n|upkeep\n|turn|4\n|\n|t:|1700748250\n|switch|p1a: Bonneville UT|Garganacl, M|100\/100\n|switch|p2a: Zarude|Zarude|100\/100\n|\n|upkeep\n|turn|5\n|\n|t:|1700748256\n|switch|p1a: Big Yellow|Zapdos|100\/100\n|move|p2a: Zarude|Swords Dance|p2a: Zarude\n|-boost|p2a: Zarude|atk|2\n|\n|upkeep\n|turn|6\n|\n|t:|1700748262\n|move|p2a: Zarude|Trailblaze|p1a: Big Yellow\n|-resisted|p1a: Big Yellow\n|-damage|p1a: Big Yellow|76\/100\n|-boost|p2a: Zarude|spe|1\n|-status|p2a: Zarude|par|[from] ability: Static|[of] p1a: Big Yellow\n|move|p1a: Big Yellow|Hurricane|p2a: Zarude\n|-supereffective|p2a: Zarude\n|-damage|p2a: Zarude|57\/100 par\n|-start|p2a: Zarude|confusion\n|-enditem|p2a: Zarude|Weakness Policy\n|-boost|p2a: Zarude|atk|2|[from] item: Weakness Policy\n|-boost|p2a: Zarude|spa|2|[from] item: Weakness Policy\n|\n|upkeep\n|turn|7\n|c|\u2606new hole city|nice\n|\n|t:|1700748284\n|-activate|p2a: Zarude|confusion\n|-damage|p2a: Zarude|20\/100 par|[from] confusion\n|move|p1a: Big Yellow|Heat Wave|p2a: Zarude\n|-supereffective|p2a: Zarude\n|-damage|p2a: Zarude|0 fnt\n|faint|p2a: Zarude\n|\n|upkeep\n|c|\u2606new hole city|:(\n|c|\u2606HaveniteRaven|Not really lol\n|c|\u2606HaveniteRaven|para, confusion, confusion, dead\n|\n|t:|1700748301\n|switch|p2a: Kleavor|Kleavor, F, shiny|100\/100\n|turn|8\n|c|\u2606new hole city|but it COULD have been cool\n|c|\u2606HaveniteRaven|In another world, another life time xD\n|c|\u2606new hole city|if zapdos wasnt a bullshit hax mon for assholes\n|inactive|new hole city has 120 seconds left.\n|\n|t:|1700748329\n|switch|p1a: the cooler daniel|Great Tusk|100\/100\n|move|p2a: Kleavor|Stone Axe|p1a: the cooler daniel|[miss]\n|-miss|p2a: Kleavor|p1a: the cooler daniel\n|\n|-sideend|p2: HaveniteRaven|move: Light Screen\n|upkeep\n|turn|9\n|\n|t:|1700748338\n|move|p1a: the cooler daniel|Stealth Rock|p2a: Kleavor\n|-sidestart|p2: HaveniteRaven|move: Stealth Rock\n|move|p2a: Kleavor|Swords Dance|p2a: Kleavor\n|-boost|p2a: Kleavor|atk|2\n|\n|-sideend|p2: HaveniteRaven|Reflect\n|upkeep\n|turn|10\n|\n|t:|1700748344\n|move|p1a: the cooler daniel|Headlong Rush|p2a: Kleavor\n|-damage|p2a: Kleavor|21\/100\n|-unboost|p1a: the cooler daniel|def|1\n|-unboost|p1a: the cooler daniel|spd|1\n|move|p2a: Kleavor|Trailblaze|p1a: the cooler daniel\n|-supereffective|p1a: the cooler daniel\n|-crit|p1a: the cooler daniel\n|-damage|p1a: the cooler daniel|0 fnt\n|-boost|p2a: Kleavor|spe|1\n|faint|p1a: the cooler daniel\n|-end|p1a: the cooler daniel|Protosynthesis|[silent]\n|\n|upkeep\n|inactive|new hole city has 120 seconds left.\n|\n|t:|1700748365\n|switch|p1a: Bonneville UT|Garganacl, M|100\/100\n|turn|11\n|\n|t:|1700748370\n|-terastallize|p1a: Bonneville UT|Water\n|move|p2a: Kleavor|Stone Axe|p1a: Bonneville UT\n|-damage|p1a: Bonneville UT|49\/100\n|-sidestart|p1: new hole city|move: Stealth Rock\n|move|p1a: Bonneville UT|Salt Cure|p2a: Kleavor\n|-supereffective|p2a: Kleavor\n|-damage|p2a: Kleavor|0 fnt\n|faint|p2a: Kleavor\n|\n|-heal|p1a: Bonneville UT|55\/100|[from] item: Leftovers\n|upkeep\n|\n|t:|1700748383\n|switch|p2a: Great Tusk|Great Tusk|100\/100\n|-damage|p2a: Great Tusk|98\/100|[from] Stealth Rock\n|turn|12\n|\n|t:|1700748388\n|move|p2a: Great Tusk|Knock Off|p1a: Bonneville UT\n|-damage|p1a: Bonneville UT|35\/100\n|-enditem|p1a: Bonneville UT|Leftovers|[from] move: Knock Off|[of] p2a: Great Tusk\n|move|p1a: Bonneville UT|Recover|p1a: Bonneville UT\n|-heal|p1a: Bonneville UT|85\/100\n|\n|upkeep\n|turn|13\n|\n|t:|1700748396\n|move|p2a: Great Tusk|Rapid Spin|p1a: Bonneville UT\n|-damage|p1a: Bonneville UT|75\/100\n|-boost|p2a: Great Tusk|spe|1\n|-sideend|p2: HaveniteRaven|Stealth Rock|[from] move: Rapid Spin|[of] p2a: Great Tusk\n|move|p1a: Bonneville UT|Curse|p1a: Bonneville UT\n|-unboost|p1a: Bonneville UT|spe|1\n|-boost|p1a: Bonneville UT|atk|1\n|-boost|p1a: Bonneville UT|def|1\n|\n|upkeep\n|turn|14\n|\n|t:|1700748404\n|-end|p2a: Great Tusk|Protosynthesis|[silent]\n|switch|p2a: Braviary|Braviary-Hisui, M, shiny|100\/100\n|move|p1a: Bonneville UT|Curse|p1a: Bonneville UT\n|-unboost|p1a: Bonneville UT|spe|1\n|-boost|p1a: Bonneville UT|atk|1\n|-boost|p1a: Bonneville UT|def|1\n|\n|upkeep\n|turn|15\n|\n|t:|1700748412\n|move|p2a: Braviary|Esper Wing|p1a: Bonneville UT\n|-damage|p1a: Bonneville UT|45\/100\n|-boost|p2a: Braviary|spe|1\n|move|p1a: Bonneville UT|Salt Cure|p2a: Braviary\n|-supereffective|p2a: Braviary\n|-damage|p2a: Braviary|38\/100\n|-start|p2a: Braviary|Salt Cure\n|-enditem|p2a: Braviary|Weakness Policy\n|-boost|p2a: Braviary|atk|2|[from] item: Weakness Policy\n|-boost|p2a: Braviary|spa|2|[from] item: Weakness Policy\n|\n|-damage|p2a: Braviary|26\/100|[from] Salt Cure\n|upkeep\n|turn|16\n|\n|t:|1700748424\n|move|p2a: Braviary|Roost|p2a: Braviary\n|-heal|p2a: Braviary|76\/100\n|-singleturn|p2a: Braviary|move: Roost\n|move|p1a: Bonneville UT|Recover|p1a: Bonneville UT\n|-heal|p1a: Bonneville UT|95\/100\n|\n|-damage|p2a: Braviary|64\/100|[from] Salt Cure\n|upkeep\n|turn|17\n|\n|t:|1700748434\n|-terastallize|p2a: Braviary|Steel\n|move|p2a: Braviary|Calm Mind|p2a: Braviary\n|-boost|p2a: Braviary|spa|1\n|-boost|p2a: Braviary|spd|1\n|move|p1a: Bonneville UT|Salt Cure|p2a: Braviary\n|-resisted|p2a: Braviary\n|-damage|p2a: Braviary|48\/100\n|\n|-damage|p2a: Braviary|23\/100|[from] Salt Cure\n|upkeep\n|turn|18\n|\n|t:|1700748443\n|move|p2a: Braviary|Roost|p2a: Braviary\n|-heal|p2a: Braviary|73\/100\n|move|p1a: Bonneville UT|Earthquake|p2a: Braviary\n|-supereffective|p2a: Braviary\n|-damage|p2a: Braviary|0 fnt\n|faint|p2a: Braviary\n|\n|upkeep\n|\n|t:|1700748452\n|switch|p2a: Grimmsnarl|Grimmsnarl, M, shiny|45\/100\n|turn|19\n|\n|t:|1700748457\n|move|p2a: Grimmsnarl|Reflect|p2a: Grimmsnarl\n|-sidestart|p2: HaveniteRaven|Reflect\n|move|p1a: Bonneville UT|Salt Cure|p2a: Grimmsnarl\n|-damage|p2a: Grimmsnarl|31\/100\n|-start|p2a: Grimmsnarl|Salt Cure\n|\n|-damage|p2a: Grimmsnarl|19\/100|[from] Salt Cure\n|upkeep\n|turn|20\n|\n|t:|1700748467\n|move|p2a: Grimmsnarl|Light Screen|p2a: Grimmsnarl\n|-sidestart|p2: HaveniteRaven|move: Light Screen\n|move|p1a: Bonneville UT|Curse|p1a: Bonneville UT\n|-unboost|p1a: Bonneville UT|spe|1\n|-boost|p1a: Bonneville UT|atk|1\n|-boost|p1a: Bonneville UT|def|1\n|\n|-damage|p2a: Grimmsnarl|7\/100|[from] Salt Cure\n|upkeep\n|turn|21\n|\n|t:|1700748474\n|move|p2a: Grimmsnarl|Taunt|p1a: Bonneville UT\n|-start|p1a: Bonneville UT|move: Taunt\n|cant|p1a: Bonneville UT|move: Taunt|Curse\n|\n|-damage|p2a: Grimmsnarl|0 fnt|[from] Salt Cure\n|faint|p2a: Grimmsnarl\n|upkeep\n|\n|t:|1700748483\n|switch|p2a: Dondozo|Dondozo, M|98\/100\n|turn|22\n|\n|t:|1700748486\n|move|p2a: Dondozo|Curse|p2a: Dondozo\n|-unboost|p2a: Dondozo|spe|1\n|-boost|p2a: Dondozo|atk|1\n|-boost|p2a: Dondozo|def|1\n|move|p1a: Bonneville UT|Salt Cure|p2a: Dondozo\n|-damage|p2a: Dondozo|96\/100\n|-start|p2a: Dondozo|Salt Cure\n|\n|-heal|p2a: Dondozo|100\/100|[from] item: Leftovers\n|-damage|p2a: Dondozo|75\/100|[from] Salt Cure\n|upkeep\n|turn|23\n|\n|t:|1700748496\n|move|p2a: Dondozo|Wave Crash|p1a: Bonneville UT\n|-resisted|p1a: Bonneville UT\n|-damage|p1a: Bonneville UT|77\/100\n|-damage|p2a: Dondozo|71\/100|[from] Recoil\n|move|p1a: Bonneville UT|Earthquake|p2a: Dondozo\n|-damage|p2a: Dondozo|66\/100\n|\n|-heal|p2a: Dondozo|72\/100|[from] item: Leftovers\n|-damage|p2a: Dondozo|47\/100|[from] Salt Cure\n|-end|p1a: Bonneville UT|move: Taunt\n|upkeep\n|turn|24\n|\n|t:|1700748507\n|move|p2a: Dondozo|Curse|p2a: Dondozo\n|-unboost|p2a: Dondozo|spe|1\n|-boost|p2a: Dondozo|atk|1\n|-boost|p2a: Dondozo|def|1\n|move|p1a: Bonneville UT|Recover|p1a: Bonneville UT\n|-heal|p1a: Bonneville UT|100\/100\n|\n|-heal|p2a: Dondozo|53\/100|[from] item: Leftovers\n|-damage|p2a: Dondozo|28\/100|[from] Salt Cure\n|upkeep\n|turn|25\n|\n|t:|1700748516\n|move|p2a: Dondozo|Rest|p2a: Dondozo\n|-status|p2a: Dondozo|slp|[from] move: Rest\n|-heal|p2a: Dondozo|100\/100 slp|[silent]\n|move|p1a: Bonneville UT|Salt Cure|p2a: Dondozo\n|-damage|p2a: Dondozo|98\/100 slp\n|\n|-heal|p2a: Dondozo|100\/100 slp|[from] item: Leftovers\n|-damage|p2a: Dondozo|75\/100 slp|[from] Salt Cure\n|upkeep\n|turn|26\n|c|\u2606HaveniteRaven|why does it do 25%\n|\n|t:|1700748535\n|cant|p2a: Dondozo|slp\n|move|p1a: Bonneville UT|Earthquake|p2a: Dondozo\n|-damage|p2a: Dondozo|72\/100 slp\n|\n|-heal|p2a: Dondozo|78\/100 slp|[from] item: Leftovers\n|-damage|p2a: Dondozo|53\/100 slp|[from] Salt Cure\n|-sideend|p2: HaveniteRaven|Reflect\n|upkeep\n|turn|27\n|c|\u2606new hole city|youre a water type\n|c|\u2606new hole city|does 25 to waters and steels\n|c|\u2606HaveniteRaven|Oh that's why?\n|c|\u2606HaveniteRaven|LOL\n|c|\u2606HaveniteRaven|okay\n|\n|t:|1700748563\n|cant|p2a: Dondozo|slp\n|move|p1a: Bonneville UT|Earthquake|p2a: Dondozo\n|-damage|p2a: Dondozo|46\/100 slp\n|\n|-heal|p2a: Dondozo|52\/100 slp|[from] item: Leftovers\n|-damage|p2a: Dondozo|27\/100 slp|[from] Salt Cure\n|-sideend|p2: HaveniteRaven|move: Light Screen\n|upkeep\n|turn|28\n|c|\u2606HaveniteRaven|gg, cooked\n|c|\u2606new hole city|gg\n|-message|HaveniteRaven forfeited.\n|\n|win|new hole city\n|raw|new hole city's rating: 1425 &rarr; <strong>1449<\/strong><br \/>(+24 for winning)\n|raw|HaveniteRaven's rating: 1494 &rarr; <strong>1470<\/strong><br \/>(-24 for losing)\n","uploadtime":1700748320,"views":0,"p1id":"newholecity","p2id":"haveniteraven","formatid":"gen9ou","rating":1449,"private":0,"password":""}