{"id":"gen9ou-1988430023","p1":"spookyaudrey","p2":"PK~Hunter\u2606","format":"[Gen 9] OU","log":"|j|\u2606spookyaudrey\n|j|\u2606PK~Hunter\u2606\n|t:|1699722081\n|gametype|singles\n|player|p1|spookyaudrey|flannery|1038\n|player|p2|PK~Hunter\u2606|steven|1063\n|teamsize|p1|6\n|teamsize|p2|6\n|gen|9\n|tier|[Gen 9] OU\n|rated|\n|rule|Sleep Clause Mod: Limit one foe put to sleep\n|rule|Species Clause: Limit one of each Pok\u00e9mon\n|rule|OHKO Clause: OHKO moves are banned\n|rule|Evasion Items Clause: Evasion items are banned\n|rule|Evasion Moves Clause: Evasion moves are banned\n|rule|Endless Battle Clause: Forcing endless battles is banned\n|rule|HP Percentage Mod: HP is shown in percentages\n|clearpoke\n|poke|p1|Altaria, F|\n|poke|p1|Kleavor, F|\n|poke|p1|Gyarados, F|\n|poke|p1|Braviary-Hisui, M|\n|poke|p1|Iron Jugulis|\n|poke|p1|Enamorus, F|\n|poke|p2|Dragapult, F|\n|poke|p2|Gliscor, M|\n|poke|p2|Milotic, F|\n|poke|p2|Iron Valiant|\n|poke|p2|Chandelure, M|\n|poke|p2|Corviknight, M|\n|teampreview\n|\n|t:|1699722119\n|start\n|switch|p1a: oscar|Kleavor, F, shiny|100\/100\n|switch|p2a: Chandelure|Chandelure, M, shiny|100\/100\n|turn|1\n|\n|t:|1699722141\n|-terastallize|p1a: oscar|Flying\n|-terastallize|p2a: Chandelure|Water\n|move|p1a: oscar|Night Slash|p2a: Chandelure\n|-damage|p2a: Chandelure|46\/100\n|move|p2a: Chandelure|Tera Blast|p1a: oscar|[anim] Tera Blast Water\n|-damage|p1a: oscar|32\/100\n|\n|upkeep\n|turn|2\n|\n|t:|1699722152\n|switch|p1a: gina|Gyarados, F|100\/100\n|-ability|p1a: gina|Intimidate|boost\n|-unboost|p2a: Chandelure|atk|1\n|move|p2a: Chandelure|Tera Blast|p1a: gina|[anim] Tera Blast Water\n|-resisted|p1a: gina\n|-crit|p1a: gina\n|-damage|p1a: gina|51\/100\n|\n|upkeep\n|turn|3\n|\n|t:|1699722162\n|move|p1a: gina|Earthquake|p2a: Chandelure\n|-damage|p2a: Chandelure|1\/100\n|move|p2a: Chandelure|Tera Blast|p1a: gina|[anim] Tera Blast Water\n|-resisted|p1a: gina\n|-damage|p1a: gina|16\/100\n|\n|upkeep\n|turn|4\n|\n|t:|1699722169\n|switch|p2a: Corviknight|Corviknight, M|100\/100\n|move|p1a: gina|Waterfall|p2a: Corviknight\n|-damage|p2a: Corviknight|70\/100\n|-damage|p1a: gina|0 fnt|[from] item: Rocky Helmet|[of] p2a: Corviknight\n|faint|p1a: gina\n|\n|upkeep\n|\n|t:|1699722179\n|switch|p1a: Enamorus|Enamorus, F, shiny|100\/100\n|turn|5\n|\n|t:|1699722186\n|move|p1a: Enamorus|Mystical Fire|p2a: Corviknight\n|-supereffective|p2a: Corviknight\n|-damage|p2a: Corviknight|35\/100\n|-ability|p2a: Corviknight|Mirror Armor\n|-unboost|p1a: Enamorus|spa|1\n|move|p2a: Corviknight|U-turn|p1a: Enamorus\n|-resisted|p1a: Enamorus\n|-damage|p1a: Enamorus|95\/100\n|-start|p2a: Corviknight|Attract|[from] ability: Cute Charm|[of] p1a: Enamorus\n|\n|t:|1699722195\n|switch|p2a: Chandelure|Chandelure, M, shiny, tera:Water|1\/100|[from] U-turn\n|\n|upkeep\n|turn|6\n|\n|t:|1699722201\n|move|p1a: Enamorus|Grass Knot|p2a: Chandelure\n|-supereffective|p2a: Chandelure\n|-damage|p2a: Chandelure|0 fnt\n|faint|p2a: Chandelure\n|\n|upkeep\n|\n|t:|1699722210\n|switch|p2a: Milotic|Milotic, F|100\/100\n|turn|7\n|\n|t:|1699722215\n|move|p1a: Enamorus|Grass Knot|p2a: Milotic\n|-supereffective|p2a: Milotic\n|-damage|p2a: Milotic|68\/100\n|move|p2a: Milotic|Mirror Coat|p1a: Enamorus\n|-damage|p1a: Enamorus|5\/100\n|\n|-status|p2a: Milotic|brn|[from] item: Flame Orb\n|upkeep\n|turn|8\n|\n|t:|1699722226\n|move|p1a: Enamorus|Moonblast|p2a: Milotic\n|-damage|p2a: Milotic|41\/100 brn\n|-unboost|p2a: Milotic|spa|1\n|move|p2a: Milotic|Scald|p1a: Enamorus\n|-damage|p1a: Enamorus|0 fnt\n|faint|p1a: Enamorus\n|\n|-damage|p2a: Milotic|35\/100 brn|[from] brn\n|upkeep\n|\n|t:|1699722241\n|switch|p1a: oscar|Kleavor, F, shiny, tera:Flying|32\/100\n|turn|9\n|\n|t:|1699722247\n|move|p1a: oscar|Stone Axe|p2a: Milotic\n|-damage|p2a: Milotic|10\/100 brn\n|-sidestart|p2: PK~Hunter\u2606|move: Stealth Rock\n|move|p2a: Milotic|Recover|p2a: Milotic\n|-heal|p2a: Milotic|60\/100 brn\n|\n|-damage|p2a: Milotic|54\/100 brn|[from] brn\n|upkeep\n|turn|10\n|\n|t:|1699722254\n|move|p1a: oscar|Lunge|p2a: Milotic\n|-damage|p2a: Milotic|32\/100 brn\n|-unboost|p2a: Milotic|atk|1\n|move|p2a: Milotic|Recover|p2a: Milotic\n|-heal|p2a: Milotic|82\/100 brn\n|\n|-damage|p2a: Milotic|76\/100 brn|[from] brn\n|upkeep\n|turn|11\n|\n|t:|1699722263\n|move|p1a: oscar|Lunge|p2a: Milotic\n|-damage|p2a: Milotic|55\/100 brn\n|-unboost|p2a: Milotic|atk|1\n|move|p2a: Milotic|Ice Beam|p1a: oscar\n|-supereffective|p1a: oscar\n|-damage|p1a: oscar|0 fnt\n|faint|p1a: oscar\n|\n|-damage|p2a: Milotic|49\/100 brn|[from] brn\n|upkeep\n|\n|t:|1699722268\n|switch|p1a: word|Braviary-Hisui, M|100\/100\n|turn|12\n|\n|t:|1699722281\n|move|p1a: word|Calm Mind|p1a: word\n|-boost|p1a: word|spa|1\n|-boost|p1a: word|spd|1\n|move|p2a: Milotic|Mirror Coat||[still]\n|-fail|p2a: Milotic\n|\n|-damage|p2a: Milotic|43\/100 brn|[from] brn\n|upkeep\n|turn|13\n|\n|t:|1699722294\n|move|p1a: word|Air Cutter|p2a: Milotic\n|-damage|p2a: Milotic|17\/100 brn\n|move|p2a: Milotic|Ice Beam|p1a: word\n|-supereffective|p1a: word\n|-damage|p1a: word|79\/100\n|\n|-damage|p2a: Milotic|11\/100 brn|[from] brn\n|upkeep\n|turn|14\n|\n|t:|1699722301\n|move|p1a: word|Roost|p1a: word\n|-heal|p1a: word|100\/100\n|-singleturn|p1a: word|move: Roost\n|move|p2a: Milotic|Recover|p2a: Milotic\n|-heal|p2a: Milotic|61\/100 brn\n|\n|-damage|p2a: Milotic|55\/100 brn|[from] brn\n|upkeep\n|turn|15\n|\n|t:|1699722308\n|move|p1a: word|Esper Wing|p2a: Milotic\n|-damage|p2a: Milotic|21\/100 brn\n|-boost|p1a: word|spe|1\n|move|p2a: Milotic|Recover|p2a: Milotic\n|-heal|p2a: Milotic|71\/100 brn\n|\n|-damage|p2a: Milotic|65\/100 brn|[from] brn\n|upkeep\n|turn|16\n|\n|t:|1699722315\n|move|p1a: word|Calm Mind|p1a: word\n|-boost|p1a: word|spa|1\n|-boost|p1a: word|spd|1\n|move|p2a: Milotic|Mirror Coat||[still]\n|-fail|p2a: Milotic\n|\n|-damage|p2a: Milotic|59\/100 brn|[from] brn\n|upkeep\n|turn|17\n|\n|t:|1699722320\n|move|p1a: word|Esper Wing|p2a: Milotic\n|-damage|p2a: Milotic|15\/100 brn\n|-boost|p1a: word|spe|1\n|move|p2a: Milotic|Mirror Coat|p1a: word\n|-damage|p1a: word|20\/100\n|\n|-damage|p2a: Milotic|9\/100 brn|[from] brn\n|upkeep\n|turn|18\n|\n|t:|1699722327\n|move|p1a: word|Air Cutter|p2a: Milotic\n|-crit|p2a: Milotic\n|-damage|p2a: Milotic|0 fnt\n|faint|p2a: Milotic\n|\n|upkeep\n|inactive|Battle timer is ON: inactive players will automatically lose when time's up. (requested by spookyaudrey)\n|\n|t:|1699722337\n|switch|p2a: Gliscor|Gliscor, M, shiny|100\/100\n|-damage|p2a: Gliscor|88\/100|[from] Stealth Rock\n|turn|19\n|\n|t:|1699722345\n|move|p1a: word|Roost|p1a: word\n|-heal|p1a: word|70\/100\n|-singleturn|p1a: word|move: Roost\n|move|p2a: Gliscor|Aerial Ace|p1a: word\n|-damage|p1a: word|49\/100\n|\n|-status|p2a: Gliscor|tox|[from] item: Toxic Orb\n|upkeep\n|turn|20\n|\n|t:|1699722353\n|move|p1a: word|Roost|p1a: word\n|-heal|p1a: word|99\/100\n|-singleturn|p1a: word|move: Roost\n|move|p2a: Gliscor|Toxic|p1a: word\n|-status|p1a: word|tox\n|\n|-damage|p1a: word|93\/100 tox|[from] psn\n|-heal|p2a: Gliscor|100\/100 tox|[from] ability: Poison Heal\n|upkeep\n|turn|21\n|\n|t:|1699722358\n|move|p2a: Gliscor|Protect|p2a: Gliscor\n|-singleturn|p2a: Gliscor|Protect\n|move|p1a: word|Air Cutter|p2a: Gliscor\n|-activate|p2a: Gliscor|move: Protect\n|\n|-damage|p1a: word|81\/100 tox|[from] psn\n|upkeep\n|turn|22\n|\n|t:|1699722363\n|switch|p2a: Corviknight|Corviknight, M|35\/100\n|-damage|p2a: Corviknight|23\/100|[from] Stealth Rock\n|move|p1a: word|Air Cutter|p2a: Corviknight\n|-resisted|p2a: Corviknight\n|-crit|p2a: Corviknight\n|-damage|p2a: Corviknight|0 fnt\n|faint|p2a: Corviknight\n|\n|-damage|p1a: word|63\/100 tox|[from] psn\n|upkeep\n|\n|t:|1699722368\n|switch|p2a: Gliscor|Gliscor, M, shiny|100\/100 tox\n|-damage|p2a: Gliscor|88\/100 tox|[from] Stealth Rock\n|turn|23\n|\n|t:|1699722377\n|move|p1a: word|Esper Wing|p2a: Gliscor\n|-crit|p2a: Gliscor\n|-damage|p2a: Gliscor|0 fnt\n|-boost|p1a: word|spe|1\n|faint|p2a: Gliscor\n|\n|-damage|p1a: word|38\/100 tox|[from] psn\n|upkeep\n|\n|t:|1699722385\n|switch|p2a: Dragapult|Dragapult, F|100\/100\n|-damage|p2a: Dragapult|88\/100|[from] Stealth Rock\n|turn|24\n|\n|t:|1699722390\n|move|p1a: word|Esper Wing|p2a: Dragapult\n|-damage|p2a: Dragapult|32\/100\n|-boost|p1a: word|spe|1\n|move|p2a: Dragapult|Dragon Darts|p1a: word\n|-damage|p1a: word|13\/100 tox\n|-anim|p2a: Dragapult|Dragon Darts|p1a: word\n|-damage|p1a: word|0 fnt\n|faint|p1a: word\n|\n|upkeep\n|\n|t:|1699722400\n|switch|p1a: orange julius|Iron Jugulis, shiny|100\/100\n|-enditem|p1a: orange julius|Booster Energy\n|-activate|p1a: orange julius|ability: Quark Drive|[fromitem]\n|-start|p1a: orange julius|quarkdrivespe\n|turn|25\n|\n|t:|1699722412\n|move|p1a: orange julius|Dark Pulse|p2a: Dragapult\n|-supereffective|p2a: Dragapult\n|-damage|p2a: Dragapult|0 fnt\n|faint|p2a: Dragapult\n|\n|upkeep\n|\n|t:|1699722416\n|switch|p2a: Iron Valiant|Iron Valiant|100\/100\n|-damage|p2a: Iron Valiant|94\/100|[from] Stealth Rock\n|-enditem|p2a: Iron Valiant|Booster Energy\n|-activate|p2a: Iron Valiant|ability: Quark Drive|[fromitem]\n|-start|p2a: Iron Valiant|quarkdrivespe\n|turn|26\n|\n|t:|1699722425\n|move|p2a: Iron Valiant|Spirit Break|p1a: orange julius\n|-supereffective|p1a: orange julius\n|-damage|p1a: orange julius|16\/100\n|-unboost|p1a: orange julius|spa|1\n|move|p1a: orange julius|Flash Cannon|p2a: Iron Valiant\n|-supereffective|p2a: Iron Valiant\n|-damage|p2a: Iron Valiant|32\/100\n|\n|upkeep\n|turn|27\n|\n|t:|1699722432\n|-end|p1a: orange julius|Quark Drive|[silent]\n|switch|p1a: qtip|Altaria, F, shiny|100\/100\n|move|p2a: Iron Valiant|Spirit Break|p1a: qtip\n|-supereffective|p1a: qtip\n|-damage|p1a: qtip|7\/100\n|-unboost|p1a: qtip|spa|1\n|\n|upkeep\n|turn|28\n|\n|t:|1699722441\n|move|p2a: Iron Valiant|Close Combat|p1a: qtip\n|-resisted|p1a: qtip\n|-damage|p1a: qtip|0 fnt\n|-unboost|p2a: Iron Valiant|def|1\n|-unboost|p2a: Iron Valiant|spd|1\n|faint|p1a: qtip\n|\n|upkeep\n|\n|t:|1699722445\n|switch|p1a: orange julius|Iron Jugulis, shiny|16\/100\n|turn|29\n|\n|t:|1699722450\n|move|p2a: Iron Valiant|Spirit Break|p1a: orange julius\n|-supereffective|p1a: orange julius\n|-damage|p1a: orange julius|0 fnt\n|faint|p1a: orange julius\n|-end|p1a: orange julius|Quark Drive|[silent]\n|\n|win|PK~Hunter\u2606\n|raw|spookyaudrey's rating: 1038 &rarr; <strong>1023<\/strong><br \/>(-15 for losing)\n|raw|PK~Hunter\u2606's rating: 1063 &rarr; <strong>1091<\/strong><br \/>(+28 for winning)\n|c|\u2606spookyaudrey|gg\n|l|\u2606spookyaudrey\n|c|\u2606PK~Hunter\u2606|Gg\n","uploadtime":1699722479,"views":23,"p1id":"spookyaudrey","p2id":"pkhunter","formatid":"gen9ou","rating":1023,"private":0,"password":""}