{"id":"gen9ou-1996236272","p1":"halaman95","p2":"d18l","format":"[Gen 9] OU","log":"|j|\u2606halaman95\n|j|\u2606d18l\n|t:|1700662517\n|gametype|singles\n|player|p1|halaman95|1|1676\n|player|p2|d18l|backpacker|1677\n|teamsize|p1|6\n|teamsize|p2|6\n|gen|9\n|tier|[Gen 9] OU\n|rated|\n|rule|Sleep Clause Mod: Limit one foe put to sleep\n|rule|Species Clause: Limit one of each Pok\u00e9mon\n|rule|OHKO Clause: OHKO moves are banned\n|rule|Evasion Items Clause: Evasion items are banned\n|rule|Evasion Moves Clause: Evasion moves are banned\n|rule|Endless Battle Clause: Forcing endless battles is banned\n|rule|HP Percentage Mod: HP is shown in percentages\n|clearpoke\n|poke|p1|Ribombee, M|\n|poke|p1|Grimmsnarl, M|\n|poke|p1|Great Tusk|\n|poke|p1|Hawlucha, F|\n|poke|p1|Gholdengo|\n|poke|p1|Rillaboom, F|\n|poke|p2|Ribombee, F|\n|poke|p2|Gholdengo|\n|poke|p2|Great Tusk|\n|poke|p2|Kingambit, F|\n|poke|p2|Ogerpon-Wellspring, F|\n|poke|p2|Iron Moth|\n|teampreview\n|inactive|Battle timer is ON: inactive players will automatically lose when time's up. (requested by halaman95)\n|\n|t:|1700662529\n|start\n|switch|p1a: Grimmsnarl|Grimmsnarl, M, shiny|100\/100\n|switch|p2a: Ribombee|Ribombee, F|100\/100\n|turn|1\n|\n|t:|1700662538\n|move|p1a: Grimmsnarl|Taunt|p2a: Ribombee\n|-start|p2a: Ribombee|move: Taunt\n|cant|p2a: Ribombee|move: Taunt|Sticky Web\n|\n|upkeep\n|turn|2\n|\n|t:|1700662544\n|move|p1a: Grimmsnarl|Light Screen|p1a: Grimmsnarl\n|-sidestart|p1: halaman95|move: Light Screen\n|move|p2a: Ribombee|Moonblast|p1a: Grimmsnarl\n|-supereffective|p1a: Grimmsnarl\n|-damage|p1a: Grimmsnarl|68\/100\n|-unboost|p1a: Grimmsnarl|spa|1\n|\n|upkeep\n|turn|3\n|\n|t:|1700662558\n|switch|p2a: Kingambit|Kingambit, F|100\/100\n|move|p1a: Grimmsnarl|Spirit Break|p2a: Kingambit\n|-damage|p2a: Kingambit|74\/100\n|-unboost|p2a: Kingambit|spa|1\n|\n|-heal|p2a: Kingambit|81\/100|[from] item: Leftovers\n|upkeep\n|turn|4\n|\n|t:|1700662569\n|move|p1a: Grimmsnarl|Reflect|p1a: Grimmsnarl\n|-sidestart|p1: halaman95|Reflect\n|move|p2a: Kingambit|Swords Dance|p2a: Kingambit\n|-boost|p2a: Kingambit|atk|2\n|\n|-heal|p2a: Kingambit|87\/100|[from] item: Leftovers\n|upkeep\n|turn|5\n|j| Seleukos\n|\n|t:|1700662583\n|switch|p1a: Great Tusk|Great Tusk|100\/100\n|-enditem|p1a: Great Tusk|Booster Energy\n|-activate|p1a: Great Tusk|ability: Protosynthesis|[fromitem]\n|-start|p1a: Great Tusk|protosynthesisspe\n|move|p2a: Kingambit|Swords Dance|p2a: Kingambit\n|-boost|p2a: Kingambit|atk|2\n|\n|-heal|p2a: Kingambit|93\/100|[from] item: Leftovers\n|upkeep\n|turn|6\n|\n|t:|1700662594\n|-terastallize|p2a: Kingambit|Fairy\n|move|p1a: Great Tusk|Headlong Rush|p2a: Kingambit\n|-damage|p2a: Kingambit|53\/100\n|-unboost|p1a: Great Tusk|def|1\n|-unboost|p1a: Great Tusk|spd|1\n|move|p2a: Kingambit|Tera Blast|p1a: Great Tusk|[anim] Tera Blast Fairy\n|-supereffective|p1a: Great Tusk\n|-damage|p1a: Great Tusk|0 fnt\n|faint|p1a: Great Tusk\n|-end|p1a: Great Tusk|Protosynthesis|[silent]\n|\n|-heal|p2a: Kingambit|59\/100|[from] item: Leftovers\n|upkeep\n|\n|t:|1700662619\n|switch|p1a: Gholdengo|Gholdengo|100\/100\n|turn|7\n|\n|t:|1700662636\n|move|p2a: Kingambit|Sucker Punch||[still]\n|-fail|p2a: Kingambit\n|move|p1a: Gholdengo|Substitute|p1a: Gholdengo\n|-start|p1a: Gholdengo|Substitute\n|-damage|p1a: Gholdengo|75\/100\n|\n|-heal|p2a: Kingambit|65\/100|[from] item: Leftovers\n|upkeep\n|turn|8\n|\n|t:|1700662642\n|move|p2a: Kingambit|Sucker Punch|p1a: Gholdengo\n|-supereffective|p1a: Gholdengo\n|-end|p1a: Gholdengo|Substitute\n|move|p1a: Gholdengo|Shadow Ball|p2a: Kingambit\n|-damage|p2a: Kingambit|15\/100\n|-unboost|p2a: Kingambit|spd|1\n|\n|-heal|p2a: Kingambit|21\/100|[from] item: Leftovers\n|upkeep\n|turn|9\n|\n|t:|1700662658\n|-terastallize|p1a: Gholdengo|Fighting\n|move|p1a: Gholdengo|Shadow Ball|p2a: Kingambit\n|-damage|p2a: Kingambit|0 fnt\n|faint|p2a: Kingambit\n|-end|p2a: Kingambit|fallenundefined|[silent]\n|\n|-sideend|p1: halaman95|move: Light Screen\n|upkeep\n|\n|t:|1700662667\n|switch|p2a: Ribombee|Ribombee, F|100\/100\n|turn|10\n|\n|t:|1700662673\n|switch|p1a: Grimmsnarl|Grimmsnarl, M, shiny|68\/100\n|move|p2a: Ribombee|Moonblast|p1a: Grimmsnarl\n|-supereffective|p1a: Grimmsnarl\n|-damage|p1a: Grimmsnarl|0 fnt\n|faint|p1a: Grimmsnarl\n|\n|upkeep\n|\n|t:|1700662680\n|switch|p1a: Rillaboom|Rillaboom, F|100\/100\n|-fieldstart|move: Grassy Terrain|[from] ability: Grassy Surge|[of] p1a: Rillaboom\n|turn|11\n|j| mew852\n|inactive|d18l has 120 seconds left.\n|\n|t:|1700662712\n|switch|p1a: Gholdengo|Gholdengo, tera:Fighting|75\/100\n|move|p2a: Ribombee|Sticky Web|p1a: Gholdengo\n|-sidestart|p1: halaman95|move: Sticky Web\n|\n|-heal|p1a: Gholdengo|82\/100|[from] Grassy Terrain\n|-sideend|p1: halaman95|Reflect\n|upkeep\n|turn|12\n|\n|t:|1700662739\n|move|p2a: Ribombee|Moonblast|p1a: Gholdengo\n|-supereffective|p1a: Gholdengo\n|-damage|p1a: Gholdengo|0 fnt\n|faint|p1a: Gholdengo\n|\n|upkeep\n|\n|t:|1700662746\n|switch|p1a: GreenUVLight|Ribombee, M|100\/100\n|-activate|p1a: GreenUVLight|move: Sticky Web\n|-unboost|p1a: GreenUVLight|spe|1\n|turn|13\n|\n|t:|1700662755\n|switch|p2a: Ogerpon|Ogerpon-Wellspring, F|100\/100\n|move|p1a: GreenUVLight|Quiver Dance|p1a: GreenUVLight\n|-boost|p1a: GreenUVLight|spa|1\n|-boost|p1a: GreenUVLight|spd|1\n|-boost|p1a: GreenUVLight|spe|1\n|\n|upkeep\n|turn|14\n|\n|t:|1700662766\n|move|p2a: Ogerpon|Ivy Cudgel|p1a: GreenUVLight|[anim] Ivy Cudgel Water\n|-crit|p1a: GreenUVLight\n|-damage|p1a: GreenUVLight|0 fnt\n|faint|p1a: GreenUVLight\n|\n|upkeep\n|\n|t:|1700662770\n|switch|p1a: Hawlucha|Hawlucha, F|100\/100\n|-enditem|p1a: Hawlucha|Grassy Seed\n|-boost|p1a: Hawlucha|def|1|[from] item: Grassy Seed\n|turn|15\n|\n|t:|1700662775\n|move|p1a: Hawlucha|Swords Dance|p1a: Hawlucha\n|-boost|p1a: Hawlucha|atk|2\n|move|p2a: Ogerpon|Encore|p1a: Hawlucha\n|-start|p1a: Hawlucha|Encore\n|\n|upkeep\n|turn|16\n|\n|t:|1700662785\n|switch|p2a: Ribombee|Ribombee, F|100\/100\n|move|p1a: Hawlucha|Swords Dance|p1a: Hawlucha\n|-boost|p1a: Hawlucha|atk|2\n|\n|upkeep\n|turn|17\n|\n|t:|1700662789\n|move|p1a: Hawlucha|Swords Dance|p1a: Hawlucha\n|-boost|p1a: Hawlucha|atk|2\n|move|p2a: Ribombee|Moonblast|p1a: Hawlucha\n|-supereffective|p1a: Hawlucha\n|-damage|p1a: Hawlucha|0 fnt\n|faint|p1a: Hawlucha\n|\n|upkeep\n|-message|halaman95 forfeited.\n|\n|win|d18l\n|raw|halaman95's rating: 1676 &rarr; <strong>1656<\/strong><br \/>(-20 for losing)\n|raw|d18l's rating: 1677 &rarr; <strong>1697<\/strong><br \/>(+20 for winning)\n|l|\u2606halaman95\n|l|\u2606d18l\n|l| Seleukos\n","uploadtime":1700662797,"views":4,"p1id":"halaman95","p2id":"d18l","formatid":"gen9ou","rating":1656,"private":0,"password":""}