{"id":"gen9ou-1991790912","p1":"ziyi1117","p2":"drakefan21","format":"[Gen 9] OU","log":"|j|\u2606ziyi1117\n|j|\u2606drakefan21\n|t:|1700117955\n|gametype|singles\n|player|p1|ziyi1117|linebacker|1147\n|player|p2|drakefan21|1|1094\n|teamsize|p1|6\n|teamsize|p2|6\n|gen|9\n|tier|[Gen 9] OU\n|rated|\n|rule|Sleep Clause Mod: Limit one foe put to sleep\n|rule|Species Clause: Limit one of each Pok\u00e9mon\n|rule|OHKO Clause: OHKO moves are banned\n|rule|Evasion Items Clause: Evasion items are banned\n|rule|Evasion Moves Clause: Evasion moves are banned\n|rule|Endless Battle Clause: Forcing endless battles is banned\n|rule|HP Percentage Mod: HP is shown in percentages\n|clearpoke\n|poke|p1|Great Tusk|\n|poke|p1|Mandibuzz, F|\n|poke|p1|Heatran, M|\n|poke|p1|Iron Valiant|\n|poke|p1|Gholdengo|\n|poke|p1|Ogerpon-Wellspring, F|\n|poke|p2|Mandibuzz, F|\n|poke|p2|Jirachi|\n|poke|p2|Garchomp, M|\n|poke|p2|Slowking-Galar, F|\n|poke|p2|Ogerpon, F|\n|poke|p2|Tauros-Paldea-Aqua, M|\n|teampreview\n|\n|t:|1700117963\n|start\n|switch|p1a: Mandibuzz|Mandibuzz, F|100\/100\n|switch|p2a: Tauros|Tauros-Paldea-Aqua, M|100\/100\n|-ability|p2a: Tauros|Intimidate|boost\n|-unboost|p1a: Mandibuzz|atk|1\n|turn|1\n|\n|t:|1700117990\n|switch|p2a: Garchomp|Garchomp, M|100\/100\n|move|p1a: Mandibuzz|Toxic|p2a: Garchomp\n|-status|p2a: Garchomp|tox\n|\n|-damage|p2a: Garchomp|94\/100 tox|[from] psn\n|upkeep\n|turn|2\n|\n|t:|1700117998\n|move|p1a: Mandibuzz|Foul Play|p2a: Garchomp\n|-damage|p2a: Garchomp|60\/100 tox\n|-damage|p1a: Mandibuzz|88\/100|[from] ability: Rough Skin|[of] p2a: Garchomp\n|move|p2a: Garchomp|Dragon Tail|p1a: Mandibuzz\n|-damage|p1a: Mandibuzz|73\/100\n|-damage|p2a: Garchomp|43\/100 tox|[from] item: Rocky Helmet|[of] p1a: Mandibuzz\n|drag|p1a: Great Tusk|Great Tusk|100\/100\n|\n|-heal|p2a: Garchomp|49\/100 tox|[from] item: Leftovers\n|-damage|p2a: Garchomp|37\/100 tox|[from] psn\n|upkeep\n|turn|3\n|\n|t:|1700118018\n|switch|p2a: Tauros|Tauros-Paldea-Aqua, M|100\/100\n|-ability|p2a: Tauros|Intimidate|boost\n|-unboost|p1a: Great Tusk|atk|1\n|move|p1a: Great Tusk|Rapid Spin|p2a: Tauros\n|-damage|p2a: Tauros|93\/100\n|-boost|p1a: Great Tusk|spe|1\n|\n|-heal|p2a: Tauros|99\/100|[from] item: Leftovers\n|upkeep\n|turn|4\n|\n|t:|1700118043\n|-end|p1a: Great Tusk|Protosynthesis|[silent]\n|switch|p1a: Ogerpon|Ogerpon-Wellspring, F|100\/100\n|move|p2a: Tauros|Raging Bull|p1a: Ogerpon\n|-immune|p1a: Ogerpon|[from] ability: Water Absorb\n|\n|-heal|p2a: Tauros|100\/100|[from] item: Leftovers\n|upkeep\n|turn|5\n|\n|t:|1700118057\n|switch|p2a: Slowking|Slowking-Galar, F|100\/100\n|move|p1a: Ogerpon|Horn Leech|p2a: Slowking\n|-resisted|p2a: Slowking\n|-damage|p2a: Slowking|85\/100\n|\n|-heal|p2a: Slowking|91\/100|[from] item: Black Sludge\n|upkeep\n|turn|6\n|\n|t:|1700118072\n|switch|p1a: Heatran|Heatran, M|100\/100\n|move|p2a: Slowking|Future Sight|p1a: Heatran\n|-start|p2a: Slowking|move: Future Sight\n|\n|-heal|p2a: Slowking|97\/100|[from] item: Black Sludge\n|upkeep\n|turn|7\n|\n|t:|1700118081\n|switch|p2a: Garchomp|Garchomp, M|37\/100 tox\n|move|p1a: Heatran|Earth Power|p2a: Garchomp\n|-damage|p2a: Garchomp|17\/100 tox\n|\n|-heal|p2a: Garchomp|23\/100 tox|[from] item: Leftovers\n|-damage|p2a: Garchomp|17\/100 tox|[from] psn\n|upkeep\n|turn|8\n|\n|t:|1700118094\n|switch|p1a: Ogerpon|Ogerpon-Wellspring, F|100\/100\n|move|p2a: Garchomp|Rest|p2a: Garchomp\n|-status|p2a: Garchomp|slp|[from] move: Rest\n|-heal|p2a: Garchomp|100\/100 slp|[silent]\n|\n|-end|p1a: Ogerpon|move: Future Sight\n|-damage|p1a: Ogerpon|49\/100\n|upkeep\n|turn|9\n|\n|t:|1700118107\n|switch|p2a: Slowking|Slowking-Galar, F|100\/100\n|move|p1a: Ogerpon|Horn Leech|p2a: Slowking\n|-resisted|p2a: Slowking\n|-damage|p2a: Slowking|85\/100\n|-heal|p1a: Ogerpon|59\/100|[from] drain|[of] p2a: Slowking\n|\n|-heal|p2a: Slowking|91\/100|[from] item: Black Sludge\n|upkeep\n|turn|10\n|\n|t:|1700118130\n|move|p1a: Ogerpon|Ivy Cudgel|p2a: Slowking|[anim] Ivy Cudgel Water\n|-damage|p2a: Slowking|43\/100\n|move|p2a: Slowking|Future Sight|p1a: Ogerpon\n|-start|p2a: Slowking|move: Future Sight\n|\n|-heal|p2a: Slowking|49\/100|[from] item: Black Sludge\n|upkeep\n|turn|11\n|inactive|Battle timer is ON: inactive players will automatically lose when time's up. (requested by ziyi1117)\n|\n|t:|1700118161\n|switch|p2a: Mandibuzz|Mandibuzz, F|100\/100\n|move|p1a: Ogerpon|Ivy Cudgel|p2a: Mandibuzz|[anim] Ivy Cudgel Water\n|-crit|p2a: Mandibuzz\n|-damage|p2a: Mandibuzz|47\/100\n|\n|upkeep\n|turn|12\n|\n|t:|1700118175\n|switch|p1a: Iron Valiant|Iron Valiant|100\/100\n|move|p2a: Mandibuzz|Roost|p2a: Mandibuzz\n|-heal|p2a: Mandibuzz|97\/100\n|-singleturn|p2a: Mandibuzz|move: Roost\n|\n|-end|p1a: Iron Valiant|move: Future Sight\n|-supereffective|p1a: Iron Valiant\n|-damage|p1a: Iron Valiant|0 fnt\n|faint|p1a: Iron Valiant\n|-end|p1a: Iron Valiant|Quark Drive|[silent]\n|upkeep\n|inactive|ziyi1117 has 120 seconds left.\n|\n|t:|1700118202\n|switch|p1a: Heatran|Heatran, M|100\/100\n|turn|13\n|\n|t:|1700118209\n|switch|p2a: Garchomp|Garchomp, M|100\/100 slp\n|move|p1a: Heatran|Flash Cannon|p2a: Garchomp\n|-damage|p2a: Garchomp|71\/100 slp\n|\n|-heal|p2a: Garchomp|77\/100 slp|[from] item: Leftovers\n|upkeep\n|turn|14\n|\n|t:|1700118223\n|switch|p1a: Mandibuzz|Mandibuzz, F|73\/100\n|cant|p2a: Garchomp|slp\n|move|p2a: Garchomp|Sleep Talk|p2a: Garchomp\n|move|p2a: Garchomp|Earthquake|p1a: Mandibuzz|[from]move: Sleep Talk\n|-immune|p1a: Mandibuzz\n|\n|-heal|p2a: Garchomp|83\/100 slp|[from] item: Leftovers\n|upkeep\n|turn|15\n|\n|t:|1700118237\n|cant|p2a: Garchomp|slp\n|move|p2a: Garchomp|Sleep Talk|p2a: Garchomp\n|move|p2a: Garchomp|Earthquake|p1a: Mandibuzz|[from]move: Sleep Talk\n|-immune|p1a: Mandibuzz\n|move|p1a: Mandibuzz|Toxic||[still]\n|-fail|p1a: Mandibuzz\n|\n|-heal|p2a: Garchomp|90\/100 slp|[from] item: Leftovers\n|upkeep\n|turn|16\n|\n|t:|1700118248\n|move|p1a: Mandibuzz|Toxic||[still]\n|-fail|p1a: Mandibuzz\n|-curestatus|p2a: Garchomp|slp|[msg]\n|move|p2a: Garchomp|Dragon Tail|p1a: Mandibuzz\n|-damage|p1a: Mandibuzz|57\/100\n|-damage|p2a: Garchomp|73\/100|[from] item: Rocky Helmet|[of] p1a: Mandibuzz\n|drag|p1a: Heatran|Heatran, M|100\/100\n|\n|-heal|p2a: Garchomp|79\/100|[from] item: Leftovers\n|upkeep\n|turn|17\n|\n|t:|1700118264\n|switch|p1a: Mandibuzz|Mandibuzz, F|57\/100\n|move|p2a: Garchomp|Dragon Tail|p1a: Mandibuzz|[miss]\n|-miss|p2a: Garchomp|p1a: Mandibuzz\n|\n|-heal|p2a: Garchomp|85\/100|[from] item: Leftovers\n|upkeep\n|turn|18\n|\n|t:|1700118281\n|switch|p2a: Happy|Jirachi|100\/100\n|move|p1a: Mandibuzz|Roost|p1a: Mandibuzz\n|-heal|p1a: Mandibuzz|100\/100\n|-singleturn|p1a: Mandibuzz|move: Roost\n|\n|upkeep\n|turn|19\n|\n|t:|1700118292\n|switch|p1a: Heatran|Heatran, M|100\/100\n|move|p2a: Happy|Doom Desire|p1a: Heatran\n|-start|p2a: Happy|Doom Desire\n|\n|upkeep\n|turn|20\n|\n|t:|1700118302\n|switch|p2a: Garchomp|Garchomp, M|85\/100\n|move|p1a: Heatran|Flamethrower|p2a: Garchomp\n|-resisted|p2a: Garchomp\n|-damage|p2a: Garchomp|69\/100\n|\n|-heal|p2a: Garchomp|75\/100|[from] item: Leftovers\n|upkeep\n|turn|21\n|\n|t:|1700118313\n|switch|p1a: Mandibuzz|Mandibuzz, F|100\/100\n|move|p2a: Garchomp|Dragon Tail|p1a: Mandibuzz\n|-damage|p1a: Mandibuzz|86\/100\n|-damage|p2a: Garchomp|58\/100|[from] item: Rocky Helmet|[of] p1a: Mandibuzz\n|drag|p1a: Gholdengo|Gholdengo|100\/100\n|\n|-end|p1a: Gholdengo|move: Doom Desire\n|-resisted|p1a: Gholdengo\n|-damage|p1a: Gholdengo|67\/100\n|-heal|p2a: Garchomp|65\/100|[from] item: Leftovers\n|upkeep\n|turn|22\n|\n|t:|1700118334\n|switch|p1a: Mandibuzz|Mandibuzz, F|86\/100\n|move|p2a: Garchomp|Earthquake|p1a: Mandibuzz\n|-immune|p1a: Mandibuzz\n|\n|-heal|p2a: Garchomp|71\/100|[from] item: Leftovers\n|upkeep\n|turn|23\n|\n|t:|1700118341\n|switch|p2a: Happy|Jirachi|100\/100\n|move|p1a: Mandibuzz|Toxic|p2a: Happy\n|-immune|p2a: Happy\n|\n|upkeep\n|turn|24\n|\n|t:|1700118352\n|move|p2a: Happy|U-turn|p1a: Mandibuzz\n|-damage|p1a: Mandibuzz|78\/100\n|-damage|p2a: Happy|84\/100|[from] item: Rocky Helmet|[of] p1a: Mandibuzz\n|inactive|drakefan21 has 120 seconds left.\n|\n|t:|1700118370\n|switch|p2a: Slowking|Slowking-Galar, F|82\/100|[from] U-turn\n|move|p1a: Mandibuzz|Foul Play|p2a: Slowking\n|-supereffective|p2a: Slowking\n|-damage|p2a: Slowking|52\/100\n|\n|-heal|p2a: Slowking|58\/100|[from] item: Black Sludge\n|upkeep\n|turn|25\n|inactive|ziyi1117 has 120 seconds left.\n|\n|t:|1700118410\n|switch|p1a: Heatran|Heatran, M|100\/100\n|move|p2a: Slowking|Trick|p1a: Heatran\n|-activate|p2a: Slowking|move: Trick|[of] p1a: Heatran\n|-item|p1a: Heatran|Black Sludge|[from] move: Trick\n|-item|p2a: Slowking|Assault Vest|[from] move: Trick\n|\n|-damage|p1a: Heatran|88\/100|[from] item: Black Sludge\n|upkeep\n|turn|26\n|inactive|ziyi1117 has 120 seconds left.\n|inactive|drakefan21 has 120 seconds left.\n|\n|t:|1700118432\n|switch|p2a: Garchomp|Garchomp, M|71\/100\n|move|p1a: Heatran|Earth Power|p2a: Garchomp\n|-damage|p2a: Garchomp|49\/100\n|\n|-damage|p1a: Heatran|76\/100|[from] item: Black Sludge\n|-heal|p2a: Garchomp|55\/100|[from] item: Leftovers\n|upkeep\n|turn|27\n|inactive|drakefan21 has 120 seconds left.\n|inactive|ziyi1117 has 90 seconds left.\n|\n|t:|1700118482\n|switch|p1a: Mandibuzz|Mandibuzz, F|78\/100\n|switch|p2a: Slowking|Slowking-Galar, F|91\/100\n|\n|upkeep\n|turn|28\n|inactive|drakefan21 has 90 seconds left.\n|\n|t:|1700118502\n|move|p1a: Mandibuzz|Foul Play|p2a: Slowking\n|-supereffective|p2a: Slowking\n|-damage|p2a: Slowking|64\/100\n|move|p2a: Slowking|Future Sight|p1a: Mandibuzz\n|-start|p2a: Slowking|move: Future Sight\n|\n|upkeep\n|turn|29\n|inactive|ziyi1117 has 90 seconds left.\n|\n|t:|1700118509\n|switch|p1a: Heatran|Heatran, M|76\/100\n|move|p2a: Slowking|Ice Beam|p1a: Heatran\n|-resisted|p1a: Heatran\n|-damage|p1a: Heatran|70\/100\n|\n|-damage|p1a: Heatran|58\/100|[from] item: Black Sludge\n|upkeep\n|turn|30\n|inactive|ziyi1117 has 90 seconds left.\n|inactive|drakefan21 has 90 seconds left.\n|\n|t:|1700118527\n|switch|p2a: Mandibuzz|Mandibuzz, F|97\/100\n|move|p1a: Heatran|Earth Power|p2a: Mandibuzz\n|-immune|p2a: Mandibuzz\n|\n|-end|p1a: Heatran|move: Future Sight\n|-resisted|p1a: Heatran\n|-damage|p1a: Heatran|35\/100\n|-damage|p1a: Heatran|23\/100|[from] item: Black Sludge\n|upkeep\n|turn|31\n|inactive|ziyi1117 has 90 seconds left.\n|inactive|drakefan21 has 90 seconds left.\n|\n|t:|1700118550\n|switch|p1a: Gholdengo|Gholdengo|67\/100\n|move|p2a: Mandibuzz|Roost|p2a: Mandibuzz\n|-heal|p2a: Mandibuzz|100\/100\n|-singleturn|p2a: Mandibuzz|move: Roost\n|\n|upkeep\n|turn|32\n|\n|t:|1700118563\n|move|p1a: Gholdengo|Nasty Plot|p1a: Gholdengo\n|-boost|p1a: Gholdengo|spa|2\n|move|p2a: Mandibuzz|Foul Play|p1a: Gholdengo\n|-supereffective|p1a: Gholdengo\n|-damage|p1a: Gholdengo|31\/100\n|\n|upkeep\n|turn|33\n|\n|t:|1700118573\n|move|p1a: Gholdengo|Make It Rain|p2a: Mandibuzz\n|-damage|p2a: Mandibuzz|0 fnt\n|-unboost|p1a: Gholdengo|spa|1\n|faint|p2a: Mandibuzz\n|\n|upkeep\n|\n|t:|1700118589\n|switch|p2a: Ogerpon|Ogerpon, F|100\/100\n|turn|34\n|inactive|ziyi1117 has 90 seconds left.\n|\n|t:|1700118605\n|switch|p1a: Heatran|Heatran, M|23\/100\n|move|p2a: Ogerpon|Knock Off|p1a: Heatran\n|-damage|p1a: Heatran|0 fnt\n|-enditem|p1a: Heatran|Black Sludge|[from] move: Knock Off|[of] p2a: Ogerpon\n|faint|p1a: Heatran\n|\n|upkeep\n|\n|t:|1700118614\n|switch|p1a: Great Tusk|Great Tusk|100\/100\n|turn|35\n|inactive|ziyi1117 has 90 seconds left.\n|inactive|drakefan21 has 90 seconds left.\n|\n|t:|1700118635\n|-terastallize|p1a: Great Tusk|Steel\n|move|p2a: Ogerpon|Swords Dance|p2a: Ogerpon\n|-boost|p2a: Ogerpon|atk|2\n|move|p1a: Great Tusk|Ice Spinner|p2a: Ogerpon\n|-supereffective|p2a: Ogerpon\n|-damage|p2a: Ogerpon|15\/100\n|\n|upkeep\n|turn|36\n|\n|t:|1700118649\n|move|p2a: Ogerpon|Superpower|p1a: Great Tusk\n|-supereffective|p1a: Great Tusk\n|-damage|p1a: Great Tusk|0 fnt\n|-unboost|p2a: Ogerpon|atk|1\n|-unboost|p2a: Ogerpon|def|1\n|faint|p1a: Great Tusk\n|-end|p1a: Great Tusk|Protosynthesis|[silent]\n|\n|upkeep\n|\n|t:|1700118655\n|switch|p1a: Mandibuzz|Mandibuzz, F|78\/100\n|turn|37\n|inactive|drakefan21 has 60 seconds left.\n|\n|t:|1700118686\n|-terastallize|p2a: Ogerpon|Grass\n|detailschange|p2a: Ogerpon|Ogerpon-Teal-Tera, F, tera:Grass\n|-ability|p2a: Ogerpon|Embody Aspect (Teal)|boost\n|-boost|p2a: Ogerpon|spe|1\n|move|p2a: Ogerpon|Ivy Cudgel|p1a: Mandibuzz\n|-resisted|p1a: Mandibuzz\n|-damage|p1a: Mandibuzz|52\/100\n|move|p1a: Mandibuzz|Foul Play|p2a: Ogerpon\n|-damage|p2a: Ogerpon|0 fnt\n|faint|p2a: Ogerpon\n|\n|upkeep\n|inactive|drakefan21 has 60 seconds left.\n|\n|t:|1700118701\n|switch|p2a: Slowking|Slowking-Galar, F|98\/100\n|turn|38\n|inactive|drakefan21 has 60 seconds left.\n|\n|t:|1700118711\n|move|p1a: Mandibuzz|Roost|p1a: Mandibuzz\n|-heal|p1a: Mandibuzz|100\/100\n|-singleturn|p1a: Mandibuzz|move: Roost\n|move|p2a: Slowking|Ice Beam|p1a: Mandibuzz\n|-crit|p1a: Mandibuzz\n|-damage|p1a: Mandibuzz|74\/100\n|\n|upkeep\n|turn|39\n|inactive|drakefan21 has 60 seconds left.\n|inactive|ziyi1117 has 120 seconds left.\n|\n|t:|1700118725\n|move|p1a: Mandibuzz|Foul Play|p2a: Slowking\n|-supereffective|p2a: Slowking\n|-damage|p2a: Slowking|71\/100\n|move|p2a: Slowking|Future Sight|p1a: Mandibuzz\n|-start|p2a: Slowking|move: Future Sight\n|\n|upkeep\n|turn|40\n|\n|t:|1700118732\n|switch|p2a: Garchomp|Garchomp, M|55\/100\n|move|p1a: Mandibuzz|Roost|p1a: Mandibuzz\n|-heal|p1a: Mandibuzz|100\/100\n|-singleturn|p1a: Mandibuzz|move: Roost\n|\n|-heal|p2a: Garchomp|61\/100|[from] item: Leftovers\n|upkeep\n|turn|41\n|\n|t:|1700118744\n|move|p1a: Mandibuzz|Toxic|p2a: Garchomp\n|-status|p2a: Garchomp|tox\n|move|p2a: Garchomp|Dragon Tail|p1a: Mandibuzz\n|-damage|p1a: Mandibuzz|85\/100\n|-damage|p2a: Garchomp|45\/100 tox|[from] item: Rocky Helmet|[of] p1a: Mandibuzz\n|drag|p1a: Ogerpon|Ogerpon-Wellspring, F|59\/100\n|\n|-end|p1a: Ogerpon|move: Future Sight\n|-damage|p1a: Ogerpon|6\/100\n|-heal|p2a: Garchomp|51\/100 tox|[from] item: Leftovers\n|-damage|p2a: Garchomp|45\/100 tox|[from] psn\n|upkeep\n|turn|42\n|inactive|drakefan21 has 60 seconds left.\n|inactive|drakefan21 has 30 seconds left.\n|\n|t:|1700118797\n|switch|p2a: Tauros|Tauros-Paldea-Aqua, M|100\/100\n|-ability|p2a: Tauros|Intimidate|boost\n|-unboost|p1a: Ogerpon|atk|1\n|move|p1a: Ogerpon|Ivy Cudgel|p2a: Tauros|[anim] Ivy Cudgel Water\n|-resisted|p2a: Tauros\n|-crit|p2a: Tauros\n|-damage|p2a: Tauros|69\/100\n|\n|-heal|p2a: Tauros|75\/100|[from] item: Leftovers\n|upkeep\n|turn|43\n|inactive|drakefan21 has 30 seconds left.\n|inactive|drakefan21 has 20 seconds left.\n|\n|t:|1700118815\n|switch|p2a: Happy|Jirachi|84\/100\n|move|p1a: Ogerpon|Horn Leech|p2a: Happy\n|-resisted|p2a: Happy\n|-damage|p2a: Happy|68\/100\n|-heal|p1a: Ogerpon|15\/100|[from] drain|[of] p2a: Happy\n|\n|-heal|p2a: Happy|74\/100|[from] item: Leftovers\n|upkeep\n|turn|44\n|inactive|drakefan21 has 30 seconds left this turn.\n|inactive|drakefan21 has 20 seconds left.\n|inactive|ziyi1117 has 120 seconds left.\n|inactive|drakefan21 has 15 seconds left.\n|inactive|drakefan21 has 10 seconds left.\n|inactive|drakefan21 has 5 seconds left.\n|\n|t:|1700118841\n|switch|p1a: Mandibuzz|Mandibuzz, F|85\/100\n|move|p2a: Happy|Doom Desire|p1a: Mandibuzz\n|-start|p2a: Happy|Doom Desire\n|\n|-heal|p2a: Happy|80\/100|[from] item: Leftovers\n|upkeep\n|turn|45\n|inactive|drakefan21 has 15 seconds left this turn.\n|inactive|drakefan21 has 10 seconds left.\n|inactive|drakefan21 has 5 seconds left.\n|\n|t:|1700118852\n|move|p2a: Happy|U-turn|p1a: Mandibuzz\n|-damage|p1a: Mandibuzz|76\/100\n|-damage|p2a: Happy|64\/100|[from] item: Rocky Helmet|[of] p1a: Mandibuzz\n|inactive|drakefan21 has 10 seconds left this turn.\n|\n|t:|1700118856\n|switch|p2a: Tauros|Tauros-Paldea-Aqua, M|75\/100|[from] U-turn\n|-ability|p2a: Tauros|Intimidate|boost\n|-unboost|p1a: Mandibuzz|atk|1\n|move|p1a: Mandibuzz|Foul Play|p2a: Tauros\n|-resisted|p2a: Tauros\n|-damage|p2a: Tauros|64\/100\n|\n|-heal|p2a: Tauros|70\/100|[from] item: Leftovers\n|upkeep\n|turn|46\n|inactive|drakefan21 has 20 seconds left this turn.\n|inactive|drakefan21 has 15 seconds left.\n|inactive|drakefan21 has 10 seconds left.\n|\n|t:|1700118867\n|move|p2a: Tauros|Raging Bull|p1a: Mandibuzz\n|-damage|p1a: Mandibuzz|56\/100\n|-damage|p2a: Tauros|53\/100|[from] item: Rocky Helmet|[of] p1a: Mandibuzz\n|move|p1a: Mandibuzz|Toxic|p2a: Tauros\n|-status|p2a: Tauros|tox\n|\n|-end|p1a: Mandibuzz|move: Doom Desire\n|-damage|p1a: Mandibuzz|3\/100\n|-heal|p2a: Tauros|60\/100 tox|[from] item: Leftovers\n|-damage|p2a: Tauros|53\/100 tox|[from] psn\n|upkeep\n|turn|47\n|inactive|drakefan21 has 20 seconds left this turn.\n|inactive|drakefan21 has 15 seconds left.\n|inactive|drakefan21 has 10 seconds left.\n|\n|t:|1700118880\n|move|p2a: Tauros|Raging Bull|p1a: Mandibuzz\n|-damage|p1a: Mandibuzz|0 fnt\n|-damage|p2a: Tauros|37\/100 tox|[from] item: Rocky Helmet|[of] p1a: Mandibuzz\n|faint|p1a: Mandibuzz\n|\n|-heal|p2a: Tauros|43\/100 tox|[from] item: Leftovers\n|-damage|p2a: Tauros|30\/100 tox|[from] psn\n|upkeep\n|inactive|drakefan21 has 15 seconds left this turn.\n|\n|t:|1700118885\n|switch|p1a: Ogerpon|Ogerpon-Wellspring, F|15\/100\n|turn|48\n|inactive|drakefan21 has 25 seconds left this turn.\n|inactive|drakefan21 has 20 seconds left.\n|inactive|drakefan21 has 15 seconds left.\n|inactive|drakefan21 has 10 seconds left.\n|inactive|drakefan21 has 5 seconds left.\n|\n|t:|1700118906\n|switch|p2a: Happy|Jirachi|64\/100\n|move|p1a: Ogerpon|Swords Dance|p1a: Ogerpon\n|-boost|p1a: Ogerpon|atk|2\n|\n|-heal|p2a: Happy|70\/100|[from] item: Leftovers\n|upkeep\n|turn|49\n|inactive|drakefan21 has 15 seconds left this turn.\n|inactive|drakefan21 has 10 seconds left.\n|inactive|drakefan21 has 5 seconds left.\n|\n|t:|1700118916\n|move|p1a: Ogerpon|Superpower|p2a: Happy\n|-damage|p2a: Happy|0 fnt\n|-unboost|p1a: Ogerpon|atk|1\n|-unboost|p1a: Ogerpon|def|1\n|faint|p2a: Happy\n|\n|upkeep\n|inactive|drakefan21 has 10 seconds left this turn.\n|inactive|drakefan21 has 5 seconds left.\n|\n|t:|1700118923\n|switch|p2a: Tauros|Tauros-Paldea-Aqua, M|30\/100 tox\n|-ability|p2a: Tauros|Intimidate|boost\n|-unboost|p1a: Ogerpon|atk|1\n|turn|50\n|inactive|drakefan21 has 15 seconds left this turn.\n|inactive|drakefan21 has 10 seconds left.\n|\n|t:|1700118929\n|switch|p2a: Slowking|Slowking-Galar, F|100\/100\n|move|p1a: Ogerpon|Horn Leech|p2a: Slowking\n|-resisted|p2a: Slowking\n|-damage|p2a: Slowking|84\/100\n|-heal|p1a: Ogerpon|26\/100|[from] drain|[of] p2a: Slowking\n|\n|upkeep\n|turn|51\n|inactive|drakefan21 has 20 seconds left this turn.\n|inactive|drakefan21 has 15 seconds left.\n|\n|t:|1700118948\n|switch|p2a: Tauros|Tauros-Paldea-Aqua, M|30\/100 tox\n|-ability|p2a: Tauros|Intimidate|boost\n|-unboost|p1a: Ogerpon|atk|1\n|move|p1a: Ogerpon|Ivy Cudgel|p2a: Tauros|[anim] Ivy Cudgel Water\n|-resisted|p2a: Tauros\n|-damage|p2a: Tauros|17\/100 tox\n|\n|-heal|p2a: Tauros|24\/100 tox|[from] item: Leftovers\n|-damage|p2a: Tauros|17\/100 tox|[from] psn\n|upkeep\n|turn|52\n|inactive|drakefan21 has 25 seconds left this turn.\n|inactive|drakefan21 has 20 seconds left.\n|inactive|drakefan21 has 15 seconds left.\n|inactive|drakefan21 has 10 seconds left.\n|inactive|drakefan21 has 5 seconds left.\n|\n|t:|1700118971\n|switch|p1a: Gholdengo|Gholdengo|31\/100\n|move|p2a: Tauros|Body Press|p1a: Gholdengo\n|-immune|p1a: Gholdengo\n|\n|-heal|p2a: Tauros|24\/100 tox|[from] item: Leftovers\n|-damage|p2a: Tauros|11\/100 tox|[from] psn\n|upkeep\n|turn|53\n|inactive|drakefan21 has 15 seconds left this turn.\n|inactive|drakefan21 has 10 seconds left.\n|\n|t:|1700118982\n|move|p1a: Gholdengo|Make It Rain|p2a: Tauros\n|-resisted|p2a: Tauros\n|-damage|p2a: Tauros|0 fnt\n|-unboost|p1a: Gholdengo|spa|1\n|faint|p2a: Tauros\n|\n|upkeep\n|inactive|drakefan21 has 15 seconds left this turn.\n|inactive|drakefan21 has 10 seconds left.\n|\n|t:|1700118989\n|switch|p2a: Garchomp|Garchomp, M|45\/100 tox\n|turn|54\n|inactive|drakefan21 has 20 seconds left this turn.\n|\n|t:|1700118993\n|move|p1a: Gholdengo|Make It Rain|p2a: Garchomp\n|-damage|p2a: Garchomp|15\/100 tox\n|-unboost|p1a: Gholdengo|spa|1\n|move|p2a: Garchomp|Rest|p2a: Garchomp\n|-status|p2a: Garchomp|slp|[from] move: Rest\n|-heal|p2a: Garchomp|100\/100 slp|[silent]\n|\n|upkeep\n|turn|55\n|inactive|drakefan21 has 30 seconds left this turn.\n|inactive|drakefan21 has 20 seconds left.\n|\n|t:|1700119007\n|move|p1a: Gholdengo|Nasty Plot|p1a: Gholdengo\n|-boost|p1a: Gholdengo|spa|2\n|cant|p2a: Garchomp|slp\n|move|p2a: Garchomp|Sleep Talk|p2a: Garchomp\n|move|p2a: Garchomp|Rest||[from]move: Sleep Talk|[still]\n|-fail|p2a: Garchomp\n|\n|upkeep\n|turn|56\n|inactive|drakefan21 has 30 seconds left this turn.\n|\n|t:|1700119021\n|move|p1a: Gholdengo|Make It Rain|p2a: Garchomp\n|-damage|p2a: Garchomp|60\/100 slp\n|-unboost|p1a: Gholdengo|spa|1\n|cant|p2a: Garchomp|slp\n|move|p2a: Garchomp|Sleep Talk|p2a: Garchomp\n|move|p2a: Garchomp|Rest||[from]move: Sleep Talk|[still]\n|-fail|p2a: Garchomp\n|\n|-heal|p2a: Garchomp|66\/100 slp|[from] item: Leftovers\n|upkeep\n|turn|57\n|inactive|drakefan21 has 30 seconds left.\n|\n|t:|1700119036\n|move|p1a: Gholdengo|Nasty Plot|p1a: Gholdengo\n|-boost|p1a: Gholdengo|spa|2\n|-curestatus|p2a: Garchomp|slp|[msg]\n|move|p2a: Garchomp|Earthquake|p1a: Gholdengo\n|-supereffective|p1a: Gholdengo\n|-damage|p1a: Gholdengo|0 fnt\n|faint|p1a: Gholdengo\n|\n|-heal|p2a: Garchomp|72\/100|[from] item: Leftovers\n|upkeep\n|inactive|drakefan21 has 30 seconds left this turn.\n|\n|t:|1700119041\n|switch|p1a: Ogerpon|Ogerpon-Wellspring, F|26\/100\n|turn|58\n|\n|t:|1700119049\n|move|p1a: Ogerpon|Ivy Cudgel|p2a: Garchomp|[anim] Ivy Cudgel Water\n|-damage|p2a: Garchomp|24\/100\n|move|p2a: Garchomp|Dragon Tail|p1a: Ogerpon\n|-damage|p1a: Ogerpon|0 fnt\n|faint|p1a: Ogerpon\n|\n|win|drakefan21\n|raw|ziyi1117's rating: 1147 &rarr; <strong>1118<\/strong><br \/>(-29 for losing)\n|raw|drakefan21's rating: 1094 &rarr; <strong>1124<\/strong><br \/>(+30 for winning)\n","uploadtime":1700119094,"views":10,"p1id":"ziyi1117","p2id":"drakefan21","formatid":"gen9ou","rating":1118,"private":0,"password":""}