{"id":"gen9ou-1989466376","p1":"BugCatcherN8R1X","p2":"Yitness","format":"[Gen 9] OU","log":"|j|\u2606BugCatcherN8R1X\n|j|\u2606Yitness\n|t:|1699854940\n|gametype|singles\n|player|p1|BugCatcherN8R1X|bugcatcher-gen4dp|1135\n|player|p2|Yitness|266|1078\n|teamsize|p1|6\n|teamsize|p2|6\n|gen|9\n|tier|[Gen 9] OU\n|rated|\n|rule|Sleep Clause Mod: Limit one foe put to sleep\n|rule|Species Clause: Limit one of each Pok\u00e9mon\n|rule|OHKO Clause: OHKO moves are banned\n|rule|Evasion Items Clause: Evasion items are banned\n|rule|Evasion Moves Clause: Evasion moves are banned\n|rule|Endless Battle Clause: Forcing endless battles is banned\n|rule|HP Percentage Mod: HP is shown in percentages\n|clearpoke\n|poke|p1|Kleavor, M|\n|poke|p1|Lokix, M|\n|poke|p1|Vikavolt, M|\n|poke|p1|Slither Wing|\n|poke|p1|Scizor, M|\n|poke|p1|Ribombee, M|\n|poke|p2|Enamorus, F|\n|poke|p2|Sneasler, M|\n|poke|p2|Ribombee, F|\n|poke|p2|Alomomola, F|\n|poke|p2|Iron Moth|\n|poke|p2|Salamence, M|\n|teampreview\n|\n|t:|1699854962\n|start\n|switch|p1a: Hermes|Ribombee, M|100\/100\n|switch|p2a: Salamence|Salamence, M|100\/100\n|turn|1\n|\n|t:|1699854968\n|move|p2a: Salamence|Dual Wingbeat|p1a: Hermes\n|-supereffective|p1a: Hermes\n|-damage|p1a: Hermes|46\/100\n|-supereffective|p1a: Hermes\n|-damage|p1a: Hermes|0 fnt\n|faint|p1a: Hermes\n|-ability|p2a: Salamence|Moxie|boost\n|-boost|p2a: Salamence|atk|1\n|-hitcount|p1: Hermes|2\n|\n|upkeep\n|\n|t:|1699854977\n|switch|p1a: Hachiman|Kleavor, M|100\/100\n|turn|2\n|\n|t:|1699854982\n|-terastallize|p2a: Salamence|Dragon\n|move|p2a: Salamence|Dual Wingbeat|p1a: Hachiman\n|-damage|p1a: Hachiman|58\/100\n|-damage|p1a: Hachiman|15\/100\n|-hitcount|p1a: Hachiman|2\n|move|p1a: Hachiman|Stone Axe|p2a: Salamence\n|-damage|p2a: Salamence|24\/100\n|-sidestart|p2: Yitness|move: Stealth Rock\n|\n|upkeep\n|turn|3\n|\n|t:|1699854990\n|move|p2a: Salamence|Dual Wingbeat|p1a: Hachiman\n|-damage|p1a: Hachiman|0 fnt\n|faint|p1a: Hachiman\n|-ability|p2a: Salamence|Moxie|boost\n|-boost|p2a: Salamence|atk|1\n|-hitcount|p1: Hachiman|1\n|\n|upkeep\n|\n|t:|1699854992\n|switch|p1a: Ares|Scizor, M|100\/100\n|turn|4\n|\n|t:|1699854995\n|move|p1a: Ares|Bullet Punch|p2a: Salamence\n|-damage|p2a: Salamence|0 fnt\n|faint|p2a: Salamence\n|\n|upkeep\n|\n|t:|1699855004\n|switch|p2a: Alomomola|Alomomola, F|100\/100\n|-damage|p2a: Alomomola|88\/100|[from] Stealth Rock\n|turn|5\n|\n|t:|1699855011\n|move|p2a: Alomomola|Aqua Ring|p2a: Alomomola\n|-start|p2a: Alomomola|Aqua Ring\n|move|p1a: Ares|Swords Dance|p1a: Ares\n|-boost|p1a: Ares|atk|2\n|\n|-heal|p2a: Alomomola|94\/100|[from] item: Leftovers\n|-heal|p2a: Alomomola|100\/100|[from] Aqua Ring\n|upkeep\n|turn|6\n|\n|t:|1699855017\n|move|p2a: Alomomola|Zen Headbutt|p1a: Ares\n|-resisted|p1a: Ares\n|-crit|p1a: Ares\n|-damage|p1a: Ares|89\/100\n|move|p1a: Ares|Swords Dance|p1a: Ares\n|-boost|p1a: Ares|atk|2\n|\n|upkeep\n|turn|7\n|\n|t:|1699855021\n|move|p2a: Alomomola|Substitute|p2a: Alomomola\n|-start|p2a: Alomomola|Substitute\n|-damage|p2a: Alomomola|76\/100\n|move|p1a: Ares|Swords Dance|p1a: Ares\n|-boost|p1a: Ares|atk|2\n|\n|-heal|p2a: Alomomola|82\/100|[from] item: Leftovers\n|-heal|p2a: Alomomola|88\/100|[from] Aqua Ring\n|upkeep\n|turn|8\n|\n|t:|1699855024\n|move|p2a: Alomomola|Zen Headbutt|p1a: Ares\n|-resisted|p1a: Ares\n|-damage|p1a: Ares|82\/100\n|move|p1a: Ares|Trailblaze|p2a: Alomomola\n|-supereffective|p2a: Alomomola\n|-crit|p2a: Alomomola\n|-end|p2a: Alomomola|Substitute\n|-boost|p1a: Ares|spe|1\n|\n|-heal|p2a: Alomomola|94\/100|[from] item: Leftovers\n|-heal|p2a: Alomomola|99\/100|[from] Aqua Ring\n|upkeep\n|turn|9\n|\n|t:|1699855028\n|move|p1a: Ares|Trailblaze|p2a: Alomomola\n|-supereffective|p2a: Alomomola\n|-damage|p2a: Alomomola|0 fnt\n|-boost|p1a: Ares|spe|1\n|faint|p2a: Alomomola\n|-heal|p1a: Ares|100\/100|[from] item: Shell Bell|[of] p2: Alomomola\n|\n|upkeep\n|\n|t:|1699855036\n|switch|p2a: Ribombee|Ribombee, F|100\/100\n|-damage|p2a: Ribombee|76\/100|[from] Stealth Rock\n|turn|10\n|\n|t:|1699855041\n|move|p1a: Ares|Bullet Punch|p2a: Ribombee\n|-supereffective|p2a: Ribombee\n|-damage|p2a: Ribombee|0 fnt\n|faint|p2a: Ribombee\n|\n|upkeep\n|\n|t:|1699855043\n|switch|p2a: Iron Moth|Iron Moth|100\/100\n|-damage|p2a: Iron Moth|76\/100|[from] Stealth Rock\n|-enditem|p2a: Iron Moth|Booster Energy\n|-activate|p2a: Iron Moth|ability: Quark Drive|[fromitem]\n|-start|p2a: Iron Moth|quarkdrivespa\n|turn|11\n|\n|t:|1699855050\n|move|p1a: Ares|Bullet Punch|p2a: Iron Moth\n|-resisted|p2a: Iron Moth\n|-damage|p2a: Iron Moth|0 fnt\n|faint|p2a: Iron Moth\n|-end|p2a: Iron Moth|Quark Drive|[silent]\n|\n|upkeep\n|\n|t:|1699855052\n|switch|p2a: Enamorus|Enamorus, F|100\/100\n|-damage|p2a: Enamorus|76\/100|[from] Stealth Rock\n|turn|12\n|\n|t:|1699855055\n|move|p1a: Ares|Bullet Punch|p2a: Enamorus\n|-supereffective|p2a: Enamorus\n|-damage|p2a: Enamorus|0 fnt\n|faint|p2a: Enamorus\n|\n|upkeep\n|\n|t:|1699855058\n|switch|p2a: Sneasler|Sneasler, M|100\/100\n|-damage|p2a: Sneasler|95\/100|[from] Stealth Rock\n|turn|13\n|\n|t:|1699855064\n|move|p2a: Sneasler|Fake Out|p1a: Ares\n|-resisted|p1a: Ares\n|-damage|p1a: Ares|92\/100\n|cant|p1a: Ares|flinch\n|\n|upkeep\n|turn|14\n|\n|t:|1699855067\n|move|p1a: Ares|Bullet Punch|p2a: Sneasler\n|-damage|p2a: Sneasler|0 fnt\n|faint|p2a: Sneasler\n|-heal|p1a: Ares|100\/100|[from] item: Shell Bell|[of] p2: Sneasler\n|\n|win|BugCatcherN8R1X\n|raw|BugCatcherN8R1X's rating: 1135 &rarr; <strong>1156<\/strong><br \/>(+21 for winning)\n|raw|Yitness's rating: 1078 &rarr; <strong>1060<\/strong><br \/>(-18 for losing)\n|l|\u2606Yitness\n","uploadtime":1699855080,"views":9,"p1id":"bugcatchern8r1x","p2id":"yitness","formatid":"gen9ou","rating":1060,"private":0,"password":""}