{"id":"gen9ou-1996387421","p1":"xernn","p2":"deedguest","format":"[Gen 9] OU","log":"|j|\u2606xernn\n|j|\u2606deedguest\n|t:|1700677206\n|gametype|singles\n|player|p1|xernn|iris-gen5bw2|1368\n|player|p2|deedguest|1|1316\n|teamsize|p1|6\n|teamsize|p2|6\n|gen|9\n|tier|[Gen 9] OU\n|rated|\n|rule|Sleep Clause Mod: Limit one foe put to sleep\n|rule|Species Clause: Limit one of each Pok\u00e9mon\n|rule|OHKO Clause: OHKO moves are banned\n|rule|Evasion Items Clause: Evasion items are banned\n|rule|Evasion Moves Clause: Evasion moves are banned\n|rule|Endless Battle Clause: Forcing endless battles is banned\n|rule|HP Percentage Mod: HP is shown in percentages\n|clearpoke\n|poke|p1|Cloyster, M|\n|poke|p1|Polteageist-Antique|\n|poke|p1|Drednaw, M|\n|poke|p1|Cinderace, M|\n|poke|p1|Indeedee, M|\n|poke|p1|Hatterene, F|\n|poke|p2|Garchomp, F|\n|poke|p2|Greninja-*, M|\n|poke|p2|Clefable, M|\n|poke|p2|Heatran, M|\n|poke|p2|Empoleon, M|\n|poke|p2|Great Tusk|\n|teampreview\n|inactive|Battle timer is ON: inactive players will automatically lose when time's up. (requested by xernn)\n|inactive|deedguest has 120 seconds left.\n|inactive|deedguest has 90 seconds left.\n|\n|t:|1700677286\n|start\n|switch|p1a: Cinderace|Cinderace, M|100\/100\n|switch|p2a: Empoleon|Empoleon, M|100\/100\n|turn|1\n|\n|t:|1700677301\n|move|p1a: Cinderace|High Jump Kick|p2a: Empoleon\n|-start|p1a: Cinderace|typechange|Fighting|[from] ability: Libero\n|-supereffective|p2a: Empoleon\n|-damage|p2a: Empoleon|0 fnt\n|faint|p2a: Empoleon\n|\n|upkeep\n|\n|t:|1700677309\n|switch|p2a: Great Tusk|Great Tusk|100\/100\n|turn|2\n|\n|t:|1700677313\n|move|p1a: Cinderace|U-turn|p2a: Great Tusk\n|-resisted|p2a: Great Tusk\n|-crit|p2a: Great Tusk\n|-damage|p2a: Great Tusk|93\/100\n|-damage|p1a: Cinderace|84\/100|[from] item: Rocky Helmet|[of] p2a: Great Tusk\n|\n|t:|1700677318\n|switch|p1a: Hatterene|Hatterene, F|100\/100|[from] U-turn\n|move|p2a: Great Tusk|Knock Off|p1a: Hatterene\n|-damage|p1a: Hatterene|79\/100\n|-enditem|p1a: Hatterene|Eject Button|[from] move: Knock Off|[of] p2a: Great Tusk\n|\n|upkeep\n|turn|3\n|\n|t:|1700677328\n|-end|p2a: Great Tusk|Protosynthesis|[silent]\n|switch|p2a: Heatran|Heatran, M|100\/100\n|-item|p2a: Heatran|Air Balloon\n|move|p1a: Hatterene|Calm Mind|p1a: Hatterene\n|-boost|p1a: Hatterene|spa|1\n|-boost|p1a: Hatterene|spd|1\n|\n|upkeep\n|turn|4\n|\n|t:|1700677336\n|move|p2a: Heatran|Taunt|p1a: Hatterene\n|move|p1a: Hatterene|Taunt|p2a: Heatran|[from]ability: Magic Bounce\n|-start|p2a: Heatran|move: Taunt\n|move|p1a: Hatterene|Nuzzle|p2a: Heatran\n|-damage|p2a: Heatran|97\/100\n|-status|p2a: Heatran|par\n|-enditem|p2a: Heatran|Air Balloon\n|\n|upkeep\n|turn|5\n|\n|t:|1700677354\n|switch|p1a: Cinderace|Cinderace, M|84\/100\n|move|p2a: Heatran|Magma Storm|p1a: Cinderace\n|-resisted|p1a: Cinderace\n|-damage|p1a: Cinderace|51\/100\n|-activate|p1a: Cinderace|move: Magma Storm|[of] p2a: Heatran\n|\n|-damage|p1a: Cinderace|39\/100|[from] move: Magma Storm|[partiallytrapped]\n|upkeep\n|turn|6\n|\n|t:|1700677360\n|switch|p2a: Great Tusk|Great Tusk|93\/100\n|move|p1a: Cinderace|U-turn|p2a: Great Tusk\n|-start|p1a: Cinderace|typechange|Bug|[from] ability: Libero\n|-resisted|p2a: Great Tusk\n|-damage|p2a: Great Tusk|86\/100\n|-damage|p1a: Cinderace|22\/100|[from] item: Rocky Helmet|[of] p2a: Great Tusk\n|\n|t:|1700677368\n|switch|p1a: Indeedee|Indeedee, M|100\/100|[from] U-turn\n|-fieldstart|move: Psychic Terrain|[from] ability: Psychic Surge|[of] p1a: Indeedee\n|\n|upkeep\n|turn|7\n|\n|t:|1700677379\n|switch|p1a: Hatterene|Hatterene, F|79\/100\n|-end|p2a: Great Tusk|Protosynthesis|[silent]\n|switch|p2a: Heatran|Heatran, M|97\/100 par\n|\n|upkeep\n|turn|8\n|\n|t:|1700677384\n|move|p2a: Heatran|Magma Storm|p1a: Hatterene|[miss]\n|-miss|p2a: Heatran|p1a: Hatterene\n|move|p1a: Hatterene|Calm Mind|p1a: Hatterene\n|-boost|p1a: Hatterene|spa|1\n|-boost|p1a: Hatterene|spd|1\n|\n|upkeep\n|turn|9\n|\n|t:|1700677389\n|move|p2a: Heatran|Magma Storm|p1a: Hatterene\n|-damage|p1a: Hatterene|41\/100\n|-activate|p1a: Hatterene|move: Magma Storm|[of] p2a: Heatran\n|move|p1a: Hatterene|Calm Mind|p1a: Hatterene\n|-boost|p1a: Hatterene|spa|1\n|-boost|p1a: Hatterene|spd|1\n|\n|-damage|p1a: Hatterene|29\/100|[from] move: Magma Storm|[partiallytrapped]\n|upkeep\n|turn|10\n|\n|t:|1700677393\n|cant|p2a: Heatran|par\n|move|p1a: Hatterene|Stored Power|p2a: Heatran\n|-resisted|p2a: Heatran\n|-damage|p2a: Heatran|44\/100 par\n|\n|-damage|p1a: Hatterene|16\/100|[from] move: Magma Storm|[partiallytrapped]\n|upkeep\n|turn|11\n|\n|t:|1700677398\n|move|p2a: Heatran|Magma Storm|p1a: Hatterene\n|-damage|p1a: Hatterene|0 fnt\n|faint|p1a: Hatterene\n|\n|upkeep\n|\n|t:|1700677412\n|switch|p1a: Drednaw|Drednaw, M|100\/100\n|turn|12\n|\n|t:|1700677431\n|switch|p2a: Great Tusk|Great Tusk|86\/100\n|move|p1a: Drednaw|Earthquake|p2a: Great Tusk\n|-damage|p2a: Great Tusk|68\/100\n|\n|upkeep\n|turn|13\n|\n|t:|1700677437\n|switch|p1a: Cinderace|Cinderace, M|22\/100\n|move|p2a: Great Tusk|Earthquake|p1a: Cinderace\n|-supereffective|p1a: Cinderace\n|-damage|p1a: Cinderace|0 fnt\n|faint|p1a: Cinderace\n|\n|-fieldend|move: Psychic Terrain\n|upkeep\n|\n|t:|1700677440\n|switch|p1a: Indeedee|Indeedee, M|100\/100\n|-fieldstart|move: Psychic Terrain|[from] ability: Psychic Surge|[of] p1a: Indeedee\n|turn|14\n|\n|t:|1700677458\n|switch|p1a: Drednaw|Drednaw, M|100\/100\n|-end|p2a: Great Tusk|Protosynthesis|[silent]\n|switch|p2a: Clefable|Clefable, M|100\/100\n|\n|upkeep\n|turn|15\n|\n|t:|1700677464\n|switch|p2a: Garchomp|Garchomp, F|100\/100\n|move|p1a: Drednaw|Shell Smash|p1a: Drednaw\n|-unboost|p1a: Drednaw|def|1\n|-unboost|p1a: Drednaw|spd|1\n|-boost|p1a: Drednaw|atk|2\n|-boost|p1a: Drednaw|spa|2\n|-boost|p1a: Drednaw|spe|2\n|\n|upkeep\n|turn|16\n|\n|t:|1700677469\n|-terastallize|p1a: Drednaw|Ground\n|move|p1a: Drednaw|Earthquake|p2a: Garchomp\n|-damage|p2a: Garchomp|0 fnt\n|faint|p2a: Garchomp\n|\n|upkeep\n|\n|t:|1700677477\n|switch|p2a: Greninja|Greninja, M|100\/100\n|turn|17\n|\n|t:|1700677489\n|-terastallize|p2a: Greninja|Water\n|move|p2a: Greninja|Water Shuriken|p1a: Drednaw\n|-activate|p1a: Drednaw|move: Psychic Terrain\n|move|p1a: Drednaw|Earthquake|p2a: Greninja\n|-damage|p2a: Greninja|0 fnt\n|faint|p2a: Greninja\n|\n|upkeep\n|-message|deedguest forfeited.\n|\n|win|xernn\n|raw|xernn's rating: 1368 &rarr; <strong>1385<\/strong><br \/>(+17 for winning)\n|raw|deedguest's rating: 1316 &rarr; <strong>1299<\/strong><br \/>(-17 for losing)\n|l|\u2606deedguest\n","uploadtime":1700677500,"views":3,"p1id":"xernn","p2id":"deedguest","formatid":"gen9ou","rating":1299,"private":0,"password":""}