{"id":"gen9ou-1988584615","p1":"JiR0k","p2":"Vince1314","format":"[Gen 9] OU","log":"|j|\u2606JiR0k\n|j|\u2606Vince1314\n|t:|1699738830\n|gametype|singles\n|player|p1|JiR0k|red|1726\n|player|p2|Vince1314|1|1595\n|teamsize|p1|6\n|teamsize|p2|6\n|gen|9\n|tier|[Gen 9] OU\n|rated|\n|rule|Sleep Clause Mod: Limit one foe put to sleep\n|rule|Species Clause: Limit one of each Pok\u00e9mon\n|rule|OHKO Clause: OHKO moves are banned\n|rule|Evasion Items Clause: Evasion items are banned\n|rule|Evasion Moves Clause: Evasion moves are banned\n|rule|Endless Battle Clause: Forcing endless battles is banned\n|rule|HP Percentage Mod: HP is shown in percentages\n|clearpoke\n|poke|p1|Great Tusk|\n|poke|p1|Dondozo, M|\n|poke|p1|Slowking-Galar, F|\n|poke|p1|Rillaboom, F|\n|poke|p1|Iron Moth|\n|poke|p1|Zapdos|\n|poke|p2|Dragonite, F|\n|poke|p2|Manaphy|\n|poke|p2|Pelipper, M|\n|poke|p2|Floatzel, M|\n|poke|p2|Corviknight, F|\n|poke|p2|Clodsire, F|\n|teampreview\n|\n|t:|1699738857\n|start\n|switch|p1a: Iron Moth|Iron Moth|100\/100\n|switch|p2a: Pelipper|Pelipper, M|100\/100\n|-weather|RainDance|[from] ability: Drizzle|[of] p2a: Pelipper\n|-enditem|p1a: Iron Moth|Booster Energy\n|-activate|p1a: Iron Moth|ability: Quark Drive|[fromitem]\n|-start|p1a: Iron Moth|quarkdrivespe\n|turn|1\n|inactive|Battle timer is ON: inactive players will automatically lose when time's up. (requested by Vince1314)\n|\n|t:|1699738867\n|switch|p2a: Clodsire|Clodsire, F|100\/100\n|move|p1a: Iron Moth|Sludge Wave|p2a: Clodsire\n|-resisted|p2a: Clodsire\n|-damage|p2a: Clodsire|94\/100\n|\n|-weather|RainDance|[upkeep]\n|-heal|p2a: Clodsire|100\/100|[from] item: Leftovers\n|upkeep\n|turn|2\n|\n|t:|1699738876\n|move|p1a: Iron Moth|Psychic|p2a: Clodsire\n|-supereffective|p2a: Clodsire\n|-damage|p2a: Clodsire|68\/100\n|move|p2a: Clodsire|Stealth Rock|p1a: Iron Moth\n|-sidestart|p1: JiR0k|move: Stealth Rock\n|\n|-weather|RainDance|[upkeep]\n|-heal|p2a: Clodsire|74\/100|[from] item: Leftovers\n|upkeep\n|turn|3\n|\n|t:|1699738883\n|move|p1a: Iron Moth|Fiery Dance|p2a: Clodsire\n|-damage|p2a: Clodsire|64\/100\n|-boost|p1a: Iron Moth|spa|1\n|move|p2a: Clodsire|Earthquake|p1a: Iron Moth\n|-supereffective|p1a: Iron Moth\n|-damage|p1a: Iron Moth|0 fnt\n|faint|p1a: Iron Moth\n|-end|p1a: Iron Moth|Quark Drive|[silent]\n|\n|-weather|RainDance|[upkeep]\n|-heal|p2a: Clodsire|71\/100|[from] item: Leftovers\n|upkeep\n|\n|t:|1699738896\n|switch|p1a: Rillaboom|Rillaboom, F|100\/100\n|-damage|p1a: Rillaboom|88\/100|[from] Stealth Rock\n|-fieldstart|move: Grassy Terrain|[from] ability: Grassy Surge|[of] p1a: Rillaboom\n|turn|4\n|\n|t:|1699738901\n|switch|p2a: Corviknight|Corviknight, F|100\/100\n|-ability|p2a: Corviknight|Pressure\n|move|p1a: Rillaboom|U-turn|p2a: Corviknight\n|-resisted|p2a: Corviknight\n|-damage|p2a: Corviknight|94\/100\n|\n|t:|1699738909\n|switch|p1a: Great Tusk|Great Tusk|100\/100|[from] U-turn\n|-damage|p1a: Great Tusk|98\/100|[from] Stealth Rock\n|\n|-weather|RainDance|[upkeep]\n|-heal|p1a: Great Tusk|100\/100|[from] Grassy Terrain\n|-heal|p2a: Corviknight|100\/100|[from] item: Leftovers\n|upkeep\n|turn|5\n|\n|t:|1699738918\n|move|p1a: Great Tusk|Rapid Spin|p2a: Corviknight\n|-resisted|p2a: Corviknight\n|-crit|p2a: Corviknight\n|-damage|p2a: Corviknight|92\/100\n|-boost|p1a: Great Tusk|spe|1\n|-sideend|p1: JiR0k|Stealth Rock|[from] move: Rapid Spin|[of] p1a: Great Tusk\n|move|p2a: Corviknight|U-turn|p1a: Great Tusk\n|-resisted|p1a: Great Tusk\n|-crit|p1a: Great Tusk\n|-damage|p1a: Great Tusk|93\/100\n|\n|t:|1699738927\n|switch|p2a: Floatzel|Floatzel, M|100\/100|[from] U-turn\n|\n|-weather|RainDance|[upkeep]\n|-heal|p1a: Great Tusk|99\/100|[from] Grassy Terrain\n|upkeep\n|turn|6\n|\n|t:|1699738939\n|-end|p1a: Great Tusk|Protosynthesis|[silent]\n|switch|p1a: Dondozo|Dondozo, M|100\/100\n|move|p2a: Floatzel|Wave Crash|p1a: Dondozo\n|-resisted|p1a: Dondozo\n|-damage|p1a: Dondozo|65\/100\n|-damage|p2a: Floatzel|82\/100|[from] Recoil\n|\n|-weather|RainDance|[upkeep]\n|-heal|p2a: Floatzel|88\/100|[from] Grassy Terrain\n|-heal|p1a: Dondozo|71\/100|[from] Grassy Terrain\n|-heal|p1a: Dondozo|77\/100|[from] item: Leftovers\n|upkeep\n|turn|7\n|\n|t:|1699738950\n|switch|p2a: Manaphy|Manaphy|100\/100\n|switch|p1a: Slowking|Slowking-Galar, F|100\/100\n|\n|-weather|RainDance|[upkeep]\n|upkeep\n|turn|8\n|\n|t:|1699738958\n|move|p2a: Manaphy|Hydro Pump|p1a: Slowking\n|-damage|p1a: Slowking|58\/100\n|move|p1a: Slowking|Future Sight|p2a: Manaphy\n|-start|p1a: Slowking|move: Future Sight\n|\n|-weather|none\n|-heal|p1a: Slowking|64\/100|[from] Grassy Terrain\n|-fieldend|move: Grassy Terrain\n|upkeep\n|turn|9\n|\n|t:|1699738966\n|move|p2a: Manaphy|Tail Glow|p2a: Manaphy\n|-boost|p2a: Manaphy|spa|3\n|move|p1a: Slowking|Sludge Bomb|p2a: Manaphy\n|-damage|p2a: Manaphy|63\/100\n|\n|-heal|p2a: Manaphy|70\/100|[from] item: Leftovers\n|upkeep\n|turn|10\n|\n|t:|1699738973\n|move|p2a: Manaphy|Hydro Pump|p1a: Slowking\n|-damage|p1a: Slowking|0 fnt\n|faint|p1a: Slowking\n|\n|-end|p2a: Manaphy|move: Future Sight\n|-damage|p2a: Manaphy|20\/100\n|-heal|p2a: Manaphy|26\/100|[from] item: Leftovers\n|upkeep\n|\n|t:|1699738982\n|switch|p1a: Rillaboom|Rillaboom, F|88\/100\n|-fieldstart|move: Grassy Terrain|[from] ability: Grassy Surge|[of] p1a: Rillaboom\n|turn|11\n|\n|t:|1699738988\n|switch|p2a: Corviknight|Corviknight, F|92\/100\n|-ability|p2a: Corviknight|Pressure\n|move|p1a: Rillaboom|Grassy Glide|p2a: Corviknight\n|-resisted|p2a: Corviknight\n|-damage|p2a: Corviknight|84\/100\n|\n|-heal|p1a: Rillaboom|94\/100|[from] Grassy Terrain\n|-heal|p2a: Corviknight|90\/100|[from] item: Leftovers\n|upkeep\n|turn|12\n|\n|t:|1699739003\n|switch|p1a: Zapdos|Zapdos|100\/100\n|move|p2a: Corviknight|U-turn|p1a: Zapdos\n|-resisted|p1a: Zapdos\n|-damage|p1a: Zapdos|94\/100\n|-status|p2a: Corviknight|par|[from] ability: Static|[of] p1a: Zapdos\n|\n|t:|1699739010\n|switch|p2a: Manaphy|Manaphy|26\/100|[from] U-turn\n|\n|-heal|p2a: Manaphy|33\/100|[from] Grassy Terrain\n|-heal|p2a: Manaphy|39\/100|[from] item: Leftovers\n|upkeep\n|turn|13\n|\n|t:|1699739017\n|switch|p2a: Clodsire|Clodsire, F|71\/100\n|move|p1a: Zapdos|Volt Switch|p2a: Clodsire\n|-immune|p2a: Clodsire\n|\n|-heal|p2a: Clodsire|77\/100|[from] Grassy Terrain\n|-heal|p2a: Clodsire|83\/100|[from] item: Leftovers\n|upkeep\n|turn|14\n|\n|t:|1699739025\n|switch|p1a: Great Tusk|Great Tusk|99\/100\n|move|p2a: Clodsire|Toxic|p1a: Great Tusk\n|-status|p1a: Great Tusk|tox\n|\n|-heal|p1a: Great Tusk|100\/100 tox|[from] Grassy Terrain\n|-heal|p2a: Clodsire|89\/100|[from] Grassy Terrain\n|-heal|p2a: Clodsire|96\/100|[from] item: Leftovers\n|-damage|p1a: Great Tusk|94\/100 tox|[from] psn\n|upkeep\n|turn|15\n|\n|t:|1699739035\n|switch|p2a: Corviknight|Corviknight, F|90\/100 par\n|-ability|p2a: Corviknight|Pressure\n|move|p1a: Great Tusk|Close Combat|p2a: Corviknight\n|-damage|p2a: Corviknight|45\/100 par\n|-unboost|p1a: Great Tusk|def|1\n|-unboost|p1a: Great Tusk|spd|1\n|\n|-heal|p1a: Great Tusk|100\/100 tox|[from] Grassy Terrain\n|-heal|p2a: Corviknight|52\/100 par|[from] item: Leftovers\n|-damage|p1a: Great Tusk|88\/100 tox|[from] psn\n|-fieldend|move: Grassy Terrain\n|upkeep\n|turn|16\n|\n|t:|1699739051\n|move|p1a: Great Tusk|Close Combat|p2a: Corviknight\n|-damage|p2a: Corviknight|7\/100 par\n|-unboost|p1a: Great Tusk|def|1\n|-unboost|p1a: Great Tusk|spd|1\n|cant|p2a: Corviknight|par\n|\n|-heal|p2a: Corviknight|13\/100 par|[from] item: Leftovers\n|-damage|p1a: Great Tusk|70\/100 tox|[from] psn\n|upkeep\n|turn|17\n|\n|t:|1699739060\n|move|p1a: Great Tusk|Close Combat|p2a: Corviknight\n|-damage|p2a: Corviknight|0 fnt\n|-unboost|p1a: Great Tusk|def|1\n|-unboost|p1a: Great Tusk|spd|1\n|faint|p2a: Corviknight\n|\n|-damage|p1a: Great Tusk|45\/100 tox|[from] psn\n|upkeep\n|\n|t:|1699739074\n|switch|p2a: Floatzel|Floatzel, M|88\/100\n|turn|18\n|\n|t:|1699739079\n|-end|p1a: Great Tusk|Protosynthesis|[silent]\n|switch|p1a: Zapdos|Zapdos|94\/100\n|move|p2a: Floatzel|Ice Spinner|p1a: Zapdos\n|-supereffective|p1a: Zapdos\n|-damage|p1a: Zapdos|24\/100\n|\n|upkeep\n|turn|19\n|\n|t:|1699739087\n|switch|p1a: Dondozo|Dondozo, M|77\/100\n|move|p2a: Floatzel|Ice Spinner|p1a: Dondozo\n|-resisted|p1a: Dondozo\n|-crit|p1a: Dondozo\n|-damage|p1a: Dondozo|60\/100\n|\n|-heal|p1a: Dondozo|66\/100|[from] item: Leftovers\n|upkeep\n|turn|20\n|\n|t:|1699739095\n|switch|p2a: Pelipper|Pelipper, M|100\/100\n|-weather|RainDance|[from] ability: Drizzle|[of] p2a: Pelipper\n|switch|p1a: Zapdos|Zapdos|24\/100\n|\n|-weather|RainDance|[upkeep]\n|upkeep\n|turn|21\n|\n|t:|1699739103\n|switch|p2a: Clodsire|Clodsire, F|96\/100\n|move|p1a: Zapdos|Roost|p1a: Zapdos\n|-heal|p1a: Zapdos|74\/100\n|-singleturn|p1a: Zapdos|move: Roost\n|\n|-weather|RainDance|[upkeep]\n|-heal|p2a: Clodsire|100\/100|[from] item: Leftovers\n|upkeep\n|turn|22\n|\n|t:|1699739112\n|switch|p1a: Great Tusk|Great Tusk|45\/100 tox\n|move|p2a: Clodsire|Stealth Rock|p1a: Great Tusk\n|-sidestart|p1: JiR0k|move: Stealth Rock\n|\n|-weather|RainDance|[upkeep]\n|-damage|p1a: Great Tusk|39\/100 tox|[from] psn\n|upkeep\n|turn|23\n|\n|t:|1699739119\n|switch|p2a: Pelipper|Pelipper, M|100\/100\n|move|p1a: Great Tusk|Earthquake|p2a: Pelipper\n|-immune|p2a: Pelipper\n|\n|-weather|RainDance|[upkeep]\n|-damage|p1a: Great Tusk|26\/100 tox|[from] psn\n|upkeep\n|turn|24\n|\n|t:|1699739128\n|move|p1a: Great Tusk|Ice Spinner|p2a: Pelipper\n|-damage|p2a: Pelipper|75\/100\n|move|p2a: Pelipper|Surf|p1a: Great Tusk\n|-supereffective|p1a: Great Tusk\n|-damage|p1a: Great Tusk|0 fnt\n|faint|p1a: Great Tusk\n|-end|p1a: Great Tusk|Protosynthesis|[silent]\n|\n|-weather|RainDance|[upkeep]\n|upkeep\n|\n|t:|1699739131\n|switch|p1a: Rillaboom|Rillaboom, F|94\/100\n|-damage|p1a: Rillaboom|82\/100|[from] Stealth Rock\n|-fieldstart|move: Grassy Terrain|[from] ability: Grassy Surge|[of] p1a: Rillaboom\n|turn|25\n|\n|t:|1699739143\n|switch|p2a: Dragonite|Dragonite, F|100\/100\n|move|p1a: Rillaboom|Knock Off|p2a: Dragonite\n|-damage|p2a: Dragonite|69\/100\n|-enditem|p2a: Dragonite|Heavy-Duty Boots|[from] move: Knock Off|[of] p1a: Rillaboom\n|\n|-weather|RainDance|[upkeep]\n|-heal|p1a: Rillaboom|88\/100|[from] Grassy Terrain\n|upkeep\n|turn|26\n|\n|t:|1699739151\n|switch|p1a: Zapdos|Zapdos|74\/100\n|move|p2a: Dragonite|Roost|p2a: Dragonite\n|-heal|p2a: Dragonite|100\/100\n|-singleturn|p2a: Dragonite|move: Roost\n|\n|-weather|RainDance|[upkeep]\n|upkeep\n|turn|27\n|\n|t:|1699739160\n|switch|p2a: Clodsire|Clodsire, F|100\/100\n|move|p1a: Zapdos|Roost|p1a: Zapdos\n|-heal|p1a: Zapdos|100\/100\n|-singleturn|p1a: Zapdos|move: Roost\n|\n|-weather|none\n|upkeep\n|turn|28\n|\n|t:|1699739168\n|move|p1a: Zapdos|Hurricane|p2a: Clodsire|[miss]\n|-miss|p1a: Zapdos|p2a: Clodsire\n|move|p2a: Clodsire|Toxic|p1a: Zapdos\n|-status|p1a: Zapdos|tox\n|\n|-damage|p1a: Zapdos|94\/100 tox|[from] psn\n|upkeep\n|turn|29\n|\n|t:|1699739175\n|move|p1a: Zapdos|Hurricane|p2a: Clodsire\n|-damage|p2a: Clodsire|76\/100\n|move|p2a: Clodsire|Toxic|p1a: Zapdos\n|-fail|p1a: Zapdos|tox\n|\n|-heal|p2a: Clodsire|83\/100|[from] Grassy Terrain\n|-heal|p2a: Clodsire|89\/100|[from] item: Leftovers\n|-damage|p1a: Zapdos|82\/100 tox|[from] psn\n|-fieldend|move: Grassy Terrain\n|upkeep\n|turn|30\n|\n|t:|1699739190\n|switch|p1a: Dondozo|Dondozo, M|66\/100\n|-damage|p1a: Dondozo|54\/100|[from] Stealth Rock\n|move|p2a: Clodsire|Toxic|p1a: Dondozo\n|-status|p1a: Dondozo|tox\n|\n|-heal|p1a: Dondozo|60\/100 tox|[from] item: Leftovers\n|-heal|p2a: Clodsire|95\/100|[from] item: Leftovers\n|-damage|p1a: Dondozo|54\/100 tox|[from] psn\n|upkeep\n|turn|31\n|\n|t:|1699739201\n|switch|p2a: Manaphy|Manaphy|39\/100\n|move|p1a: Dondozo|Rest|p1a: Dondozo\n|-status|p1a: Dondozo|slp|[from] move: Rest\n|-heal|p1a: Dondozo|100\/100 slp|[silent]\n|\n|-heal|p2a: Manaphy|45\/100|[from] item: Leftovers\n|upkeep\n|turn|32\n|\n|t:|1699739213\n|switch|p1a: Zapdos|Zapdos|82\/100 tox\n|move|p2a: Manaphy|Energy Ball|p1a: Zapdos\n|-resisted|p1a: Zapdos\n|-damage|p1a: Zapdos|68\/100 tox\n|\n|-heal|p2a: Manaphy|51\/100|[from] item: Leftovers\n|-damage|p1a: Zapdos|62\/100 tox|[from] psn\n|upkeep\n|turn|33\n|\n|t:|1699739222\n|switch|p2a: Clodsire|Clodsire, F|95\/100\n|move|p1a: Zapdos|Roost|p1a: Zapdos\n|-heal|p1a: Zapdos|100\/100 tox\n|-singleturn|p1a: Zapdos|move: Roost\n|\n|-heal|p2a: Clodsire|100\/100|[from] item: Leftovers\n|-damage|p1a: Zapdos|88\/100 tox|[from] psn\n|upkeep\n|turn|34\n|\n|t:|1699739232\n|switch|p1a: Dondozo|Dondozo, M|100\/100 slp\n|-damage|p1a: Dondozo|88\/100 slp|[from] Stealth Rock\n|move|p2a: Clodsire|Earthquake|p1a: Dondozo\n|-damage|p1a: Dondozo|73\/100 slp\n|\n|-heal|p1a: Dondozo|79\/100 slp|[from] item: Leftovers\n|upkeep\n|turn|35\n|\n|t:|1699739241\n|switch|p2a: Manaphy|Manaphy|51\/100\n|cant|p1a: Dondozo|slp\n|move|p1a: Dondozo|Sleep Talk|p1a: Dondozo\n|move|p1a: Dondozo|Waterfall|p2a: Manaphy|[from]move: Sleep Talk\n|-resisted|p2a: Manaphy\n|-damage|p2a: Manaphy|40\/100\n|\n|-heal|p2a: Manaphy|46\/100|[from] item: Leftovers\n|-heal|p1a: Dondozo|85\/100 slp|[from] item: Leftovers\n|upkeep\n|turn|36\n|\n|t:|1699739251\n|switch|p1a: Rillaboom|Rillaboom, F|88\/100\n|-damage|p1a: Rillaboom|75\/100|[from] Stealth Rock\n|-fieldstart|move: Grassy Terrain|[from] ability: Grassy Surge|[of] p1a: Rillaboom\n|move|p2a: Manaphy|Ice Beam|p1a: Rillaboom\n|-supereffective|p1a: Rillaboom\n|-damage|p1a: Rillaboom|9\/100\n|\n|-heal|p2a: Manaphy|52\/100|[from] Grassy Terrain\n|-heal|p2a: Manaphy|58\/100|[from] item: Leftovers\n|-heal|p1a: Rillaboom|15\/100|[from] Grassy Terrain\n|upkeep\n|turn|37\n|\n|t:|1699739263\n|switch|p2a: Dragonite|Dragonite, F|100\/100\n|move|p1a: Rillaboom|Wood Hammer|p2a: Dragonite\n|-resisted|p2a: Dragonite\n|-damage|p2a: Dragonite|83\/100\n|-damage|p1a: Rillaboom|10\/100|[from] Recoil\n|\n|-heal|p1a: Rillaboom|16\/100|[from] Grassy Terrain\n|upkeep\n|turn|38\n|\n|t:|1699739272\n|switch|p1a: Zapdos|Zapdos|88\/100 tox\n|move|p2a: Dragonite|Roost|p2a: Dragonite\n|-heal|p2a: Dragonite|100\/100\n|-singleturn|p2a: Dragonite|move: Roost\n|\n|-damage|p1a: Zapdos|82\/100 tox|[from] psn\n|upkeep\n|turn|39\n|\n|t:|1699739281\n|switch|p2a: Clodsire|Clodsire, F|100\/100\n|move|p1a: Zapdos|Hurricane|p2a: Clodsire\n|-damage|p2a: Clodsire|76\/100\n|\n|-heal|p2a: Clodsire|82\/100|[from] Grassy Terrain\n|-heal|p2a: Clodsire|88\/100|[from] item: Leftovers\n|-damage|p1a: Zapdos|69\/100 tox|[from] psn\n|upkeep\n|turn|40\n|\n|t:|1699739290\n|move|p1a: Zapdos|Hurricane|p2a: Clodsire|[miss]\n|-miss|p1a: Zapdos|p2a: Clodsire\n|move|p2a: Clodsire|Toxic|p1a: Zapdos\n|-fail|p1a: Zapdos|tox\n|\n|-heal|p2a: Clodsire|94\/100|[from] Grassy Terrain\n|-heal|p2a: Clodsire|100\/100|[from] item: Leftovers\n|-damage|p1a: Zapdos|50\/100 tox|[from] psn\n|-fieldend|move: Grassy Terrain\n|upkeep\n|turn|41\n|\n|t:|1699739299\n|move|p1a: Zapdos|Roost|p1a: Zapdos\n|-heal|p1a: Zapdos|100\/100 tox\n|-singleturn|p1a: Zapdos|move: Roost\n|move|p2a: Clodsire|Earthquake|p1a: Zapdos\n|-supereffective|p1a: Zapdos\n|-damage|p1a: Zapdos|50\/100 tox\n|\n|-damage|p1a: Zapdos|25\/100 tox|[from] psn\n|upkeep\n|turn|42\n|\n|t:|1699739310\n|switch|p1a: Dondozo|Dondozo, M|85\/100 slp\n|-damage|p1a: Dondozo|73\/100 slp|[from] Stealth Rock\n|move|p2a: Clodsire|Earthquake|p1a: Dondozo\n|-damage|p1a: Dondozo|57\/100 slp\n|\n|-heal|p1a: Dondozo|63\/100 slp|[from] item: Leftovers\n|upkeep\n|turn|43\n|\n|t:|1699739319\n|switch|p2a: Manaphy|Manaphy|58\/100\n|cant|p1a: Dondozo|slp\n|move|p1a: Dondozo|Sleep Talk|p1a: Dondozo\n|move|p1a: Dondozo|Curse|p1a: Dondozo|[from]move: Sleep Talk\n|-unboost|p1a: Dondozo|spe|1\n|-boost|p1a: Dondozo|atk|1\n|-boost|p1a: Dondozo|def|1\n|\n|-heal|p2a: Manaphy|65\/100|[from] item: Leftovers\n|-heal|p1a: Dondozo|70\/100 slp|[from] item: Leftovers\n|upkeep\n|turn|44\n|\n|t:|1699739332\n|-terastallize|p1a: Dondozo|Dark\n|move|p2a: Manaphy|Energy Ball|p1a: Dondozo\n|-damage|p1a: Dondozo|50\/100 slp\n|-curestatus|p1a: Dondozo|slp|[msg]\n|move|p1a: Dondozo|Sleep Talk||[still]\n|-fail|p1a: Dondozo\n|\n|-heal|p2a: Manaphy|71\/100|[from] item: Leftovers\n|-heal|p1a: Dondozo|57\/100|[from] item: Leftovers\n|upkeep\n|turn|45\n|\n|t:|1699739342\n|move|p2a: Manaphy|Hydro Pump|p1a: Dondozo|[miss]\n|-miss|p2a: Manaphy|p1a: Dondozo\n|move|p1a: Dondozo|Rest|p1a: Dondozo\n|-status|p1a: Dondozo|slp|[from] move: Rest\n|-heal|p1a: Dondozo|100\/100 slp|[silent]\n|\n|-heal|p2a: Manaphy|77\/100|[from] item: Leftovers\n|upkeep\n|turn|46\n|\n|t:|1699739357\n|move|p2a: Manaphy|Hydro Pump|p1a: Dondozo\n|-damage|p1a: Dondozo|63\/100 slp\n|cant|p1a: Dondozo|slp\n|move|p1a: Dondozo|Sleep Talk|p1a: Dondozo\n|move|p1a: Dondozo|Waterfall|p2a: Manaphy|[from]move: Sleep Talk\n|-resisted|p2a: Manaphy\n|-damage|p2a: Manaphy|60\/100\n|\n|-heal|p2a: Manaphy|67\/100|[from] item: Leftovers\n|-heal|p1a: Dondozo|69\/100 slp|[from] item: Leftovers\n|upkeep\n|turn|47\n|\n|t:|1699739373\n|move|p2a: Manaphy|Hydro Pump|p1a: Dondozo\n|-damage|p1a: Dondozo|31\/100 slp\n|cant|p1a: Dondozo|slp\n|move|p1a: Dondozo|Sleep Talk|p1a: Dondozo\n|move|p1a: Dondozo|Curse|p1a: Dondozo|[from]move: Sleep Talk\n|-unboost|p1a: Dondozo|spe|1\n|-boost|p1a: Dondozo|atk|1\n|-boost|p1a: Dondozo|def|1\n|\n|-heal|p2a: Manaphy|73\/100|[from] item: Leftovers\n|-heal|p1a: Dondozo|37\/100 slp|[from] item: Leftovers\n|upkeep\n|turn|48\n|\n|t:|1699739385\n|move|p2a: Manaphy|Hydro Pump|p1a: Dondozo\n|-damage|p1a: Dondozo|0 fnt\n|faint|p1a: Dondozo\n|\n|-heal|p2a: Manaphy|79\/100|[from] item: Leftovers\n|upkeep\n|-message|JiR0k forfeited.\n|\n|win|Vince1314\n|raw|JiR0k's rating: 1726 &rarr; <strong>1699<\/strong><br \/>(-27 for losing)\n|raw|Vince1314's rating: 1595 &rarr; <strong>1622<\/strong><br \/>(+27 for winning)\n|l|\u2606JiR0k\n","uploadtime":1699739395,"views":13,"p1id":"jir0k","p2id":"vince1314","formatid":"gen9ou","rating":1622,"private":0,"password":""}