{"id":"gen9ou-1996013101","p1":"quagyquag","p2":"XtremeSkillz22","format":"[Gen 9] OU","log":"|j|\u2606quagyquag\n|j|\u2606XtremeSkillz22\n|t:|1700629327\n|gametype|singles\n|player|p1|quagyquag|169|\n|player|p2|XtremeSkillz22|sightseerf|\n|teamsize|p1|6\n|teamsize|p2|6\n|gen|9\n|tier|[Gen 9] OU\n|rule|Sleep Clause Mod: Limit one foe put to sleep\n|rule|Species Clause: Limit one of each Pok\u00e9mon\n|rule|OHKO Clause: OHKO moves are banned\n|rule|Evasion Items Clause: Evasion items are banned\n|rule|Evasion Moves Clause: Evasion moves are banned\n|rule|Endless Battle Clause: Forcing endless battles is banned\n|rule|HP Percentage Mod: HP is shown in percentages\n|clearpoke\n|poke|p1|Sandy Shocks|\n|poke|p1|Enamorus, F|\n|poke|p1|Ceruledge, F|\n|poke|p1|Chesnaught, M|\n|poke|p1|Articuno-Galar|\n|poke|p1|Cloyster, F|\n|poke|p2|Eelektross, M|\n|poke|p2|Glimmora, M|\n|poke|p2|Lokix, M|\n|poke|p2|Bisharp, F|\n|poke|p2|Enamorus, F|\n|poke|p2|Houndstone, M|\n|teampreview\n|inactive|Battle timer is ON: inactive players will automatically lose when time's up. (requested by XtremeSkillz22)\n|inactive|quagyquag has 270 seconds left.\n|\n|t:|1700629384\n|start\n|switch|p1a: Cloyster|Cloyster, F|100\/100\n|switch|p2a: Glimmora|Glimmora, M|100\/100\n|turn|1\n|\n|t:|1700629410\n|move|p2a: Glimmora|Energy Ball|p1a: Cloyster\n|-supereffective|p1a: Cloyster\n|-enditem|p1a: Cloyster|Focus Sash\n|-damage|p1a: Cloyster|1\/100\n|move|p1a: Cloyster|Shell Smash|p1a: Cloyster\n|-unboost|p1a: Cloyster|def|1\n|-unboost|p1a: Cloyster|spd|1\n|-boost|p1a: Cloyster|atk|2\n|-boost|p1a: Cloyster|spa|2\n|-boost|p1a: Cloyster|spe|2\n|\n|upkeep\n|turn|2\n|inactive|quagyquag has 270 seconds left.\n|c|\u2606XtremeSkillz22|Wait\n|\n|t:|1700629428\n|move|p1a: Cloyster|Drill Run|p2a: Glimmora\n|-supereffective|p2a: Glimmora\n|-enditem|p2a: Glimmora|Focus Sash\n|-damage|p2a: Glimmora|1\/100\n|-activate|p2a: Glimmora|ability: Toxic Debris\n|-sidestart|p1: quagyquag|move: Toxic Spikes\n|move|p2a: Glimmora|Stealth Rock|p1a: Cloyster\n|-sidestart|p1: quagyquag|move: Stealth Rock\n|\n|upkeep\n|turn|3\n|c|\u2606XtremeSkillz22|I forgot to change my glimmora set\n|inactive|quagyquag has 270 seconds left.\n|\n|t:|1700629441\n|move|p1a: Cloyster|Icicle Spear|p2a: Glimmora\n|-damage|p2a: Glimmora|0 fnt\n|-activate|p2a: Glimmora|ability: Toxic Debris\n|-sidestart|p1: quagyquag|move: Toxic Spikes\n|faint|p2a: Glimmora\n|-hitcount|p2: Glimmora|1\n|\n|upkeep\n|\n|t:|1700629447\n|switch|p2a: Lokix|Lokix, M|100\/100\n|turn|4\n|\n|t:|1700629455\n|move|p2a: Lokix|First Impression|p1a: Cloyster\n|-damage|p1a: Cloyster|0 fnt\n|faint|p1a: Cloyster\n|\n|upkeep\n|inactive|quagyquag has 270 seconds left.\n|\n|t:|1700629474\n|switch|p1a: Enamorus|Enamorus, F|100\/100\n|-damage|p1a: Enamorus|76\/100|[from] Stealth Rock\n|turn|5\n|\n|t:|1700629481\n|switch|p2a: Eelektross|Eelektross, M|100\/100\n|move|p1a: Enamorus|Superpower|p2a: Eelektross\n|-crit|p2a: Eelektross\n|-damage|p2a: Eelektross|16\/100\n|-boost|p1a: Enamorus|atk|1\n|-boost|p1a: Enamorus|def|1\n|-damage|p1a: Enamorus|66\/100|[from] item: Life Orb\n|\n|upkeep\n|turn|6\n|c|\u2606XtremeSkillz22|Niiga\n|inactive|quagyquag has 270 seconds left.\n|\n|t:|1700629499\n|move|p1a: Enamorus|Superpower|p2a: Eelektross\n|-damage|p2a: Eelektross|0 fnt\n|-boost|p1a: Enamorus|atk|1\n|-boost|p1a: Enamorus|def|1\n|faint|p2a: Eelektross\n|-damage|p1a: Enamorus|56\/100|[from] item: Life Orb\n|\n|upkeep\n|\n|t:|1700629514\n|switch|p2a: Enamorus|Enamorus, F|100\/100\n|turn|7\n|\n|t:|1700629521\n|move|p1a: Enamorus|Iron Head|p2a: Enamorus\n|-supereffective|p2a: Enamorus\n|-damage|p2a: Enamorus|0 fnt\n|faint|p2a: Enamorus\n|-damage|p1a: Enamorus|47\/100|[from] item: Life Orb\n|\n|upkeep\n|\n|t:|1700629531\n|switch|p2a: Bisharp|Bisharp, F|100\/100\n|turn|8\n|\n|t:|1700629541\n|-terastallize|p2a: Bisharp|Flying\n|move|p1a: Enamorus|Superpower|p2a: Bisharp\n|-resisted|p2a: Bisharp\n|-damage|p2a: Bisharp|68\/100\n|-boost|p1a: Enamorus|atk|1\n|-boost|p1a: Enamorus|def|1\n|-damage|p1a: Enamorus|37\/100|[from] item: Life Orb\n|move|p2a: Bisharp|Iron Head|p1a: Enamorus\n|-supereffective|p1a: Enamorus\n|-damage|p1a: Enamorus|0 fnt\n|faint|p1a: Enamorus\n|\n|upkeep\n|c|\u2606quagyquag|Why didn't you do that sooner them\n|c|\u2606quagyquag|Then*\n|inactive|quagyquag has 270 seconds left.\n|\n|t:|1700629577\n|switch|p1a: Ceruledge|Ceruledge, F|100\/100\n|-status|p1a: Ceruledge|tox\n|-damage|p1a: Ceruledge|76\/100 tox|[from] Stealth Rock\n|turn|9\n|inactive|XtremeSkillz22 has 270 seconds left.\n|\n|t:|1700629608\n|move|p1a: Ceruledge|Shadow Sneak|p2a: Bisharp\n|-damage|p2a: Bisharp|52\/100\n|move|p2a: Bisharp|Sucker Punch||[still]\n|-fail|p2a: Bisharp\n|\n|-damage|p1a: Ceruledge|69\/100 tox|[from] psn\n|upkeep\n|turn|10\n|\n|t:|1700629620\n|move|p2a: Bisharp|Sucker Punch|p1a: Ceruledge\n|-supereffective|p1a: Ceruledge\n|-damage|p1a: Ceruledge|0 fnt\n|faint|p1a: Ceruledge\n|\n|upkeep\n|inactive|quagyquag has 240 seconds left.\n|\n|t:|1700629637\n|switch|p1a: Sandy Shocks|Sandy Shocks|100\/100\n|-status|p1a: Sandy Shocks|tox\n|-damage|p1a: Sandy Shocks|94\/100 tox|[from] Stealth Rock\n|turn|11\n|inactive|quagyquag has 240 seconds left.\n|\n|t:|1700629656\n|move|p2a: Bisharp|Sucker Punch|p1a: Sandy Shocks\n|-damage|p1a: Sandy Shocks|54\/100 tox\n|move|p1a: Sandy Shocks|Thunderbolt|p2a: Bisharp\n|-supereffective|p2a: Bisharp\n|-damage|p2a: Bisharp|0 fnt\n|faint|p2a: Bisharp\n|\n|-damage|p1a: Sandy Shocks|48\/100 tox|[from] psn\n|upkeep\n|\n|t:|1700629660\n|switch|p2a: Houndstone|Houndstone, M|100\/100\n|turn|12\n|inactive|quagyquag has 240 seconds left.\n|\n|t:|1700629679\n|move|p1a: Sandy Shocks|Thunderbolt|p2a: Houndstone\n|-damage|p2a: Houndstone|48\/100\n|move|p2a: Houndstone|Poltergeist|p1a: Sandy Shocks\n|-activate|p1a: Sandy Shocks|move: Poltergeist|Choice Scarf\n|-damage|p1a: Sandy Shocks|0 fnt\n|faint|p1a: Sandy Shocks\n|-end|p1a: Sandy Shocks|Protosynthesis|[silent]\n|\n|-heal|p2a: Houndstone|55\/100|[from] item: Leftovers\n|upkeep\n|inactive|quagyquag has 240 seconds left.\n|\n|t:|1700629696\n|switch|p1a: Chesnaught|Chesnaught, M|100\/100\n|-status|p1a: Chesnaught|tox\n|-damage|p1a: Chesnaught|94\/100 tox|[from] Stealth Rock\n|turn|13\n|\n|t:|1700629717\n|-terastallize|p1a: Chesnaught|Fire\n|move|p2a: Houndstone|Play Rough|p1a: Chesnaught\n|-resisted|p1a: Chesnaught\n|-crit|p1a: Chesnaught\n|-damage|p1a: Chesnaught|82\/100 tox\n|move|p1a: Chesnaught|Belly Drum|p1a: Chesnaught\n|-damage|p1a: Chesnaught|32\/100 tox\n|-setboost|p1a: Chesnaught|atk|6|[from] move: Belly Drum\n|-enditem|p1a: Chesnaught|Sitrus Berry|[eat]\n|-heal|p1a: Chesnaught|57\/100 tox|[from] item: Sitrus Berry\n|\n|-heal|p2a: Houndstone|61\/100|[from] item: Leftovers\n|-damage|p1a: Chesnaught|51\/100 tox|[from] psn\n|upkeep\n|turn|14\n|\n|t:|1700629734\n|move|p2a: Houndstone|Destiny Bond|p2a: Houndstone\n|-singlemove|p2a: Houndstone|Destiny Bond\n|move|p1a: Chesnaught|Earthquake|p2a: Houndstone\n|-damage|p2a: Houndstone|0 fnt\n|faint|p2a: Houndstone\n|-activate|p2a: Houndstone|move: Destiny Bond\n|faint|p1a: Chesnaught\n|\n|upkeep\n|\n|t:|1700629743\n|switch|p2a: Lokix|Lokix, M|100\/100\n|switch|p1a: Articuno|Articuno-Galar|100\/100\n|-damage|p1a: Articuno|76\/100|[from] Stealth Rock\n|turn|15\n|c|\u2606quagyquag|Ggs\n|\n|t:|1700629768\n|move|p2a: Lokix|Leech Life|p1a: Articuno\n|-damage|p1a: Articuno|10\/100\n|move|p1a: Articuno|Freezing Glare|p2a: Lokix\n|-immune|p2a: Lokix\n|\n|-heal|p1a: Articuno|16\/100|[from] item: Leftovers\n|upkeep\n|turn|16\n|c|\u2606XtremeSkillz22|?????????????\n|\n|t:|1700629779\n|move|p2a: Lokix|Leech Life|p1a: Articuno\n|-damage|p1a: Articuno|0 fnt\n|faint|p1a: Articuno\n|\n|win|XtremeSkillz22\n|c|\u2606quagyquag|I didn't change articuno set\n|c|\u2606quagyquag|It's all psychic moves\n","uploadtime":1700629794,"views":16,"p1id":"quagyquag","p2id":"xtremeskillz22","formatid":"gen9ou","rating":0,"private":0,"password":""}