{"id":"gen9ou-1996649284","p1":"h475y3dSOc8wS7HWPH","p2":"TechZ_phoenix","format":"[Gen 9] OU","log":"|j|\u2606h475y3dSOc8wS7HWPH\n|j|\u2606TechZ_phoenix\n|t:|1700705062\n|gametype|singles\n|player|p1|h475y3dSOc8wS7HWPH|1|1000\n|player|p2|TechZ_phoenix|hugh|1000\n|teamsize|p1|6\n|teamsize|p2|6\n|gen|9\n|tier|[Gen 9] OU\n|rated|\n|rule|Sleep Clause Mod: Limit one foe put to sleep\n|rule|Species Clause: Limit one of each Pok\u00e9mon\n|rule|OHKO Clause: OHKO moves are banned\n|rule|Evasion Items Clause: Evasion items are banned\n|rule|Evasion Moves Clause: Evasion moves are banned\n|rule|Endless Battle Clause: Forcing endless battles is banned\n|rule|HP Percentage Mod: HP is shown in percentages\n|clearpoke\n|poke|p1|Manaphy|\n|poke|p1|Kingambit, M|\n|poke|p1|Ribombee, F|\n|poke|p1|Gholdengo|\n|poke|p1|Iron Moth|\n|poke|p1|Ogerpon-Wellspring, F|\n|poke|p2|Zoroark-Hisui, F|\n|poke|p2|Dondozo, M|\n|poke|p2|Gholdengo|\n|poke|p2|Great Tusk|\n|poke|p2|Iron Hands|\n|poke|p2|Meowscarada, F|\n|teampreview\n|inactive|Battle timer is ON: inactive players will automatically lose when time's up. (requested by h475y3dSOc8wS7HWPH)\n|inactive|TechZ_phoenix also wants the timer to be on.\n|\n|t:|1700705068\n|start\n|switch|p1a: Ribombee|Ribombee, F, shiny|100\/100\n|switch|p2a: Iron Hands|Iron Hands|100\/100\n|turn|1\n|\n|t:|1700705076\n|move|p1a: Ribombee|Sticky Web|p2a: Iron Hands\n|-sidestart|p2: TechZ_phoenix|move: Sticky Web\n|move|p2a: Iron Hands|Bitter Malice|p1a: Ribombee\n|-damage|p1a: Ribombee|35\/100\n|\n|upkeep\n|turn|2\n|\n|t:|1700705081\n|move|p1a: Ribombee|Stun Spore|p2a: Iron Hands\n|-status|p2a: Iron Hands|par\n|move|p2a: Iron Hands|Bitter Malice|p1a: Ribombee\n|-damage|p1a: Ribombee|0 fnt\n|faint|p1a: Ribombee\n|\n|upkeep\n|\n|t:|1700705091\n|switch|p1a: Kingambit|Kingambit, M|100\/100\n|-activate|p1a: Kingambit|ability: Supreme Overlord\n|-start|p1a: Kingambit|fallen1|[silent]\n|turn|3\n|\n|t:|1700705100\n|-end|p1a: Kingambit|fallen1|[silent]\n|switch|p1a: Gholdengo|Gholdengo|100\/100\n|-item|p1a: Gholdengo|Air Balloon\n|move|p2a: Iron Hands|Focus Blast|p1a: Gholdengo\n|-immune|p1a: Gholdengo\n|\n|upkeep\n|turn|4\n|\n|t:|1700705114\n|switch|p1a: Manaphy|Manaphy|100\/100\n|cant|p2a: Iron Hands|par\n|\n|upkeep\n|turn|5\n|\n|t:|1700705121\n|move|p1a: Manaphy|Take Heart|p1a: Manaphy\n|-boost|p1a: Manaphy|spa|1\n|-boost|p1a: Manaphy|spd|1\n|move|p2a: Iron Hands|Psychic|p1a: Manaphy\n|-damage|p1a: Manaphy|80\/100\n|\n|-heal|p1a: Manaphy|86\/100|[from] item: Leftovers\n|upkeep\n|turn|6\n|\n|t:|1700705127\n|move|p1a: Manaphy|Acid Armor|p1a: Manaphy\n|-boost|p1a: Manaphy|def|2\n|cant|p2a: Iron Hands|par\n|\n|-heal|p1a: Manaphy|92\/100|[from] item: Leftovers\n|upkeep\n|turn|7\n|\n|t:|1700705130\n|move|p1a: Manaphy|Take Heart|p1a: Manaphy\n|-boost|p1a: Manaphy|spa|1\n|-boost|p1a: Manaphy|spd|1\n|move|p2a: Iron Hands|Bitter Malice|p1a: Manaphy\n|-damage|p1a: Manaphy|75\/100\n|-unboost|p1a: Manaphy|atk|1\n|\n|-heal|p1a: Manaphy|81\/100|[from] item: Leftovers\n|upkeep\n|turn|8\n|\n|t:|1700705133\n|move|p1a: Manaphy|Take Heart|p1a: Manaphy\n|-boost|p1a: Manaphy|spa|1\n|-boost|p1a: Manaphy|spd|1\n|move|p2a: Iron Hands|Bitter Malice|p1a: Manaphy\n|-damage|p1a: Manaphy|66\/100\n|-unboost|p1a: Manaphy|atk|1\n|\n|-heal|p1a: Manaphy|72\/100|[from] item: Leftovers\n|upkeep\n|turn|9\n|\n|t:|1700705135\n|move|p1a: Manaphy|Take Heart|p1a: Manaphy\n|-boost|p1a: Manaphy|spa|1\n|-boost|p1a: Manaphy|spd|1\n|move|p2a: Iron Hands|Bitter Malice|p1a: Manaphy\n|-damage|p1a: Manaphy|59\/100\n|-unboost|p1a: Manaphy|atk|1\n|\n|-heal|p1a: Manaphy|65\/100|[from] item: Leftovers\n|upkeep\n|turn|10\n|\n|t:|1700705138\n|move|p1a: Manaphy|Take Heart|p1a: Manaphy\n|-boost|p1a: Manaphy|spa|1\n|-boost|p1a: Manaphy|spd|1\n|move|p2a: Iron Hands|Bitter Malice|p1a: Manaphy\n|-damage|p1a: Manaphy|55\/100\n|-unboost|p1a: Manaphy|atk|1\n|\n|-heal|p1a: Manaphy|61\/100|[from] item: Leftovers\n|upkeep\n|turn|11\n|\n|t:|1700705141\n|move|p1a: Manaphy|Stored Power|p2a: Iron Hands\n|-enditem|p2a: Iron Hands|Focus Sash\n|-damage|p2a: Iron Hands|1\/100 par\n|replace|p2a: Zoroark|Zoroark-Hisui, F\n|-end|p2a: Zoroark|Illusion\n|move|p2a: Zoroark|Bitter Malice|p1a: Manaphy\n|-damage|p1a: Manaphy|51\/100\n|-unboost|p1a: Manaphy|atk|1\n|\n|-heal|p1a: Manaphy|57\/100|[from] item: Leftovers\n|upkeep\n|turn|12\n|\n|t:|1700705144\n|move|p1a: Manaphy|Stored Power|p2a: Zoroark\n|-damage|p2a: Zoroark|0 fnt\n|faint|p2a: Zoroark\n|\n|-heal|p1a: Manaphy|63\/100|[from] item: Leftovers\n|upkeep\n|\n|t:|1700705148\n|switch|p2a: Meowscarada|Meowscarada, F|100\/100\n|-activate|p2a: Meowscarada|move: Sticky Web\n|-unboost|p2a: Meowscarada|spe|1\n|turn|13\n|\n|t:|1700705159\n|-terastallize|p1a: Manaphy|Poison\n|-terastallize|p2a: Meowscarada|Grass\n|move|p1a: Manaphy|Scald|p2a: Meowscarada\n|-resisted|p2a: Meowscarada\n|-damage|p2a: Meowscarada|0 fnt\n|faint|p2a: Meowscarada\n|\n|-heal|p1a: Manaphy|69\/100|[from] item: Leftovers\n|upkeep\n|\n|t:|1700705170\n|switch|p2a: Gholdengo|Gholdengo|100\/100\n|turn|14\n|\n|t:|1700705176\n|move|p2a: Gholdengo|Psychic|p1a: Manaphy\n|-supereffective|p1a: Manaphy\n|-damage|p1a: Manaphy|50\/100\n|move|p1a: Manaphy|Stored Power|p2a: Gholdengo\n|-resisted|p2a: Gholdengo\n|-damage|p2a: Gholdengo|0 fnt\n|faint|p2a: Gholdengo\n|\n|-heal|p1a: Manaphy|56\/100|[from] item: Leftovers\n|upkeep\n|\n|t:|1700705180\n|switch|p2a: Dondozo|Dondozo, M|100\/100\n|-activate|p2a: Dondozo|move: Sticky Web\n|-unboost|p2a: Dondozo|spe|1\n|turn|15\n|\n|t:|1700705184\n|move|p1a: Manaphy|Stored Power|p2a: Dondozo\n|-damage|p2a: Dondozo|22\/100\n|move|p2a: Dondozo|Curse|p2a: Dondozo\n|-unboost|p2a: Dondozo|spe|1\n|-boost|p2a: Dondozo|atk|1\n|-boost|p2a: Dondozo|def|1\n|\n|-heal|p1a: Manaphy|62\/100|[from] item: Leftovers\n|upkeep\n|turn|16\n|\n|t:|1700705189\n|move|p1a: Manaphy|Stored Power|p2a: Dondozo\n|-damage|p2a: Dondozo|0 fnt\n|faint|p2a: Dondozo\n|\n|-heal|p1a: Manaphy|68\/100|[from] item: Leftovers\n|upkeep\n|\n|t:|1700705193\n|switch|p2a: Great Tusk|Great Tusk|100\/100\n|-activate|p2a: Great Tusk|move: Sticky Web\n|-unboost|p2a: Great Tusk|spe|1\n|turn|17\n|\n|t:|1700705195\n|move|p1a: Manaphy|Stored Power|p2a: Great Tusk\n|-supereffective|p2a: Great Tusk\n|-enditem|p2a: Great Tusk|Focus Sash\n|-damage|p2a: Great Tusk|1\/100\n|move|p2a: Great Tusk|Headlong Rush|p1a: Manaphy\n|-supereffective|p1a: Manaphy\n|-damage|p1a: Manaphy|5\/100\n|-unboost|p2a: Great Tusk|def|1\n|-unboost|p2a: Great Tusk|spd|1\n|\n|-heal|p1a: Manaphy|11\/100|[from] item: Leftovers\n|upkeep\n|turn|18\n|\n|t:|1700705203\n|move|p1a: Manaphy|Stored Power|p2a: Great Tusk\n|-supereffective|p2a: Great Tusk\n|-damage|p2a: Great Tusk|0 fnt\n|faint|p2a: Great Tusk\n|-end|p2a: Great Tusk|Protosynthesis|[silent]\n|\n|-heal|p1a: Manaphy|17\/100|[from] item: Leftovers\n|upkeep\n|\n|t:|1700705205\n|switch|p2a: Iron Hands|Iron Hands|100\/100\n|-item|p2a: Iron Hands|Air Balloon\n|turn|19\n|\n|t:|1700705208\n|move|p1a: Manaphy|Stored Power|p2a: Iron Hands\n|-supereffective|p2a: Iron Hands\n|-damage|p2a: Iron Hands|0 fnt\n|-enditem|p2a: Iron Hands|Air Balloon\n|faint|p2a: Iron Hands\n|-end|p2a: Iron Hands|Quark Drive|[silent]\n|\n|win|h475y3dSOc8wS7HWPH\n|raw|h475y3dSOc8wS7HWPH's rating: 1000 &rarr; <strong>1040<\/strong><br \/>(+40 for winning)\n|raw|TechZ_phoenix's rating: 1000 &rarr; <strong>1000<\/strong><br \/>(+0 for losing)\n","uploadtime":1700705211,"views":20,"p1id":"h475y3dsoc8ws7hwph","p2id":"techzphoenix","formatid":"gen9ou","rating":1000,"private":0,"password":""}