{"id":"gen9ou-1999894510","p1":"bodki","p2":"CatterCatter","format":"[Gen 9] OU","log":"|j|\u2606bodki\n|j|\u2606CatterCatter\n|t:|1701127277\n|gametype|singles\n|player|p1|bodki|170|1041\n|player|p2|CatterCatter|pokemaniac|1064\n|teamsize|p1|6\n|teamsize|p2|6\n|gen|9\n|tier|[Gen 9] OU\n|rated|\n|rule|Sleep Clause Mod: Limit one foe put to sleep\n|rule|Species Clause: Limit one of each Pok\u00e9mon\n|rule|OHKO Clause: OHKO moves are banned\n|rule|Evasion Items Clause: Evasion items are banned\n|rule|Evasion Moves Clause: Evasion moves are banned\n|rule|Endless Battle Clause: Forcing endless battles is banned\n|rule|HP Percentage Mod: HP is shown in percentages\n|clearpoke\n|poke|p1|Ribombee, M|\n|poke|p1|Kingambit, M|\n|poke|p1|Iron Valiant|\n|poke|p1|Great Tusk|\n|poke|p1|Dragonite, F|\n|poke|p1|Ogerpon-Cornerstone, F|\n|poke|p2|Ribombee, M|\n|poke|p2|Krookodile, M|\n|poke|p2|Alomomola, M|\n|poke|p2|Ogerpon-Wellspring, F|\n|poke|p2|Thundurus-Therian, M|\n|poke|p2|Cinderace, M|\n|teampreview\n|\n|t:|1701127286\n|start\n|switch|p1a: Ribombee|Ribombee, M|100\/100\n|switch|p2a: Ribombee|Ribombee, M|100\/100\n|turn|1\n|\n|t:|1701127290\n|move|p1a: Ribombee|Sticky Web|p2a: Ribombee\n|-sidestart|p2: CatterCatter|move: Sticky Web\n|move|p2a: Ribombee|Sticky Web|p1a: Ribombee\n|-sidestart|p1: bodki|move: Sticky Web\n|\n|upkeep\n|turn|2\n|\n|t:|1701127295\n|move|p1a: Ribombee|Stun Spore|p2a: Ribombee\n|-status|p2a: Ribombee|par\n|move|p2a: Ribombee|Tailwind|p2a: Ribombee\n|-sidestart|p2: CatterCatter|move: Tailwind\n|\n|upkeep\n|turn|3\n|\n|t:|1701127306\n|switch|p2a: Cinderace|Cinderace, M|100\/100\n|-activate|p2a: Cinderace|move: Sticky Web\n|-unboost|p2a: Cinderace|spe|1\n|move|p1a: Ribombee|Stun Spore|p2a: Cinderace\n|-status|p2a: Cinderace|par\n|\n|upkeep\n|turn|4\n|\n|t:|1701127318\n|move|p1a: Ribombee|Moonblast|p2a: Cinderace\n|-resisted|p2a: Cinderace\n|-damage|p2a: Cinderace|70\/100 par\n|move|p2a: Cinderace|Pyro Ball|p1a: Ribombee\n|-supereffective|p1a: Ribombee\n|-enditem|p1a: Ribombee|Focus Sash\n|-damage|p1a: Ribombee|1\/100\n|\n|upkeep\n|turn|5\n|\n|t:|1701127322\n|cant|p2a: Cinderace|par\n|move|p1a: Ribombee|Psychic|p2a: Cinderace\n|-damage|p2a: Cinderace|36\/100 par\n|\n|-sideend|p2: CatterCatter|move: Tailwind\n|upkeep\n|turn|6\n|\n|t:|1701127326\n|move|p2a: Cinderace|Sucker Punch|p1a: Ribombee\n|-start|p2a: Cinderace|typechange|Dark|[from] ability: Libero\n|-resisted|p1a: Ribombee\n|-damage|p1a: Ribombee|0 fnt\n|faint|p1a: Ribombee\n|\n|upkeep\n|\n|t:|1701127330\n|switch|p1a: Great Tusk|Great Tusk|100\/100\n|turn|7\n|\n|t:|1701127336\n|move|p1a: Great Tusk|Rapid Spin|p2a: Cinderace\n|-damage|p2a: Cinderace|10\/100 par\n|-boost|p1a: Great Tusk|spe|1\n|-sideend|p1: bodki|Sticky Web|[from] move: Rapid Spin|[of] p1a: Great Tusk\n|cant|p2a: Cinderace|par\n|\n|upkeep\n|turn|8\n|\n|t:|1701127344\n|move|p1a: Great Tusk|Knock Off|p2a: Cinderace\n|-resisted|p2a: Cinderace\n|-damage|p2a: Cinderace|0 fnt\n|-enditem|p2a: Cinderace|Wide Lens|[from] move: Knock Off|[of] p1a: Great Tusk\n|faint|p2a: Cinderace\n|\n|upkeep\n|\n|t:|1701127347\n|switch|p2a: Ribombee|Ribombee, M|100\/100 par\n|-activate|p2a: Ribombee|move: Sticky Web\n|-unboost|p2a: Ribombee|spe|1\n|turn|9\n|\n|t:|1701127352\n|move|p1a: Great Tusk|Knock Off|p2a: Ribombee\n|-resisted|p2a: Ribombee\n|-damage|p2a: Ribombee|68\/100 par\n|-enditem|p2a: Ribombee|Focus Sash|[from] move: Knock Off|[of] p1a: Great Tusk\n|move|p2a: Ribombee|Tailwind|p2a: Ribombee\n|-sidestart|p2: CatterCatter|move: Tailwind\n|\n|upkeep\n|turn|10\n|\n|t:|1701127359\n|move|p1a: Great Tusk|Rapid Spin|p2a: Ribombee\n|-damage|p2a: Ribombee|35\/100 par\n|-boost|p1a: Great Tusk|spe|1\n|move|p2a: Ribombee|Moonblast|p1a: Great Tusk\n|-supereffective|p1a: Great Tusk\n|-damage|p1a: Great Tusk|0 fnt\n|faint|p1a: Great Tusk\n|-end|p1a: Great Tusk|Protosynthesis|[silent]\n|\n|upkeep\n|\n|t:|1701127365\n|switch|p1a: Dragonite|Dragonite, F|100\/100\n|turn|11\n|\n|t:|1701127369\n|-terastallize|p1a: Dragonite|Normal\n|move|p1a: Dragonite|Dragon Dance|p1a: Dragonite\n|-boost|p1a: Dragonite|atk|1\n|-boost|p1a: Dragonite|spe|1\n|move|p2a: Ribombee|Moonblast|p1a: Dragonite\n|-damage|p1a: Dragonite|77\/100\n|-unboost|p1a: Dragonite|spa|1\n|\n|upkeep\n|turn|12\n|\n|t:|1701127375\n|switch|p2a: Krookodile|Krookodile, M|100\/100\n|-activate|p2a: Krookodile|move: Sticky Web\n|-unboost|p2a: Krookodile|spe|1\n|move|p1a: Dragonite|Extreme Speed|p2a: Krookodile\n|-damage|p2a: Krookodile|6\/100\n|\n|-sideend|p2: CatterCatter|move: Tailwind\n|upkeep\n|turn|13\n|\n|t:|1701127379\n|move|p1a: Dragonite|Extreme Speed|p2a: Krookodile\n|-damage|p2a: Krookodile|0 fnt\n|faint|p2a: Krookodile\n|\n|upkeep\n|\n|t:|1701127381\n|switch|p2a: Thundurus|Thundurus-Therian, M|100\/100\n|turn|14\n|\n|t:|1701127389\n|-terastallize|p2a: Thundurus|Flying\n|move|p1a: Dragonite|Extreme Speed|p2a: Thundurus\n|-damage|p2a: Thundurus|0 fnt\n|faint|p2a: Thundurus\n|\n|upkeep\n|-message|CatterCatter forfeited.\n|\n|win|bodki\n|raw|bodki's rating: 1041 &rarr; <strong>1077<\/strong><br \/>(+36 for winning)\n|raw|CatterCatter's rating: 1064 &rarr; <strong>1043<\/strong><br \/>(-21 for losing)\n|l|\u2606CatterCatter\n","uploadtime":1701127402,"views":2,"p1id":"bodki","p2id":"cattercatter","formatid":"gen9ou","rating":1043,"private":0,"password":""}