{"id":"gen9ou-1995669814","p1":"Rothmund \u22c6","p2":"Xanxus90","format":"[Gen 9] OU","log":"|j|\u2606Rothmund \u22c6\n|j|\u2606Xanxus90\n|t:|1700592465\n|gametype|singles\n|player|p1|Rothmund \u22c6|ingo|1139\n|player|p2|Xanxus90|hugh|1199\n|teamsize|p1|6\n|teamsize|p2|6\n|gen|9\n|tier|[Gen 9] OU\n|rated|\n|rule|Sleep Clause Mod: Limit one foe put to sleep\n|rule|Species Clause: Limit one of each Pok\u00e9mon\n|rule|OHKO Clause: OHKO moves are banned\n|rule|Evasion Items Clause: Evasion items are banned\n|rule|Evasion Moves Clause: Evasion moves are banned\n|rule|Endless Battle Clause: Forcing endless battles is banned\n|rule|HP Percentage Mod: HP is shown in percentages\n|clearpoke\n|poke|p1|Maushold-Four|\n|poke|p1|Rillaboom, M|\n|poke|p1|Great Tusk|\n|poke|p1|Heatran, M|\n|poke|p1|Kingambit, F|\n|poke|p1|Yanmega, F|\n|poke|p2|Walking Wake|\n|poke|p2|Mimikyu, M|\n|poke|p2|Sandy Shocks|\n|poke|p2|Torkoal, M|\n|poke|p2|Corviknight, M|\n|poke|p2|Brute Bonnet|\n|teampreview\n|\n|t:|1700592477\n|start\n|switch|p1a: Iron Magma|Heatran, M|100\/100\n|switch|p2a: Sandy Shocks|Sandy Shocks, shiny|100\/100\n|turn|1\n|\n|t:|1700592490\n|switch|p1a: My Favorite|Yanmega, F, shiny|100\/100\n|move|p2a: Sandy Shocks|Spikes|p1a: My Favorite\n|-sidestart|p1: Rothmund \u22c6|Spikes\n|\n|upkeep\n|turn|2\n|\n|t:|1700592508\n|move|p1a: My Favorite|Detect|p1a: My Favorite\n|-singleturn|p1a: My Favorite|Protect\n|move|p2a: Sandy Shocks|Thunderbolt|p1a: My Favorite\n|-activate|p1a: My Favorite|move: Protect\n|\n|-ability|p1a: My Favorite|Speed Boost|boost\n|-boost|p1a: My Favorite|spe|1\n|upkeep\n|turn|3\n|\n|t:|1700592520\n|switch|p1a: Bigthesth Theeth|Great Tusk|100\/100\n|-damage|p1a: Bigthesth Theeth|88\/100|[from] Spikes\n|-end|p2a: Sandy Shocks|Protosynthesis|[silent]\n|switch|p2a: Torkoal|Torkoal, M|100\/100\n|-weather|SunnyDay|[from] ability: Drought|[of] p2a: Torkoal\n|-activate|p1a: Bigthesth Theeth|ability: Protosynthesis\n|-start|p1a: Bigthesth Theeth|protosynthesisspe\n|\n|-weather|SunnyDay|[upkeep]\n|-heal|p1a: Bigthesth Theeth|94\/100|[from] item: Leftovers\n|upkeep\n|turn|4\n|\n|t:|1700592539\n|switch|p2a: Corviknight|Corviknight, M, shiny|100\/100\n|-ability|p2a: Corviknight|Pressure\n|move|p1a: Bigthesth Theeth|Headlong Rush|p2a: Corviknight\n|-immune|p2a: Corviknight\n|\n|-weather|SunnyDay|[upkeep]\n|-heal|p1a: Bigthesth Theeth|100\/100|[from] item: Leftovers\n|upkeep\n|turn|5\n|\n|t:|1700592553\n|move|p1a: Bigthesth Theeth|Rapid Spin|p2a: Corviknight\n|-resisted|p2a: Corviknight\n|-damage|p2a: Corviknight|95\/100\n|-boost|p1a: Bigthesth Theeth|spe|1\n|-sideend|p1: Rothmund \u22c6|Spikes|[from] move: Rapid Spin|[of] p1a: Bigthesth Theeth\n|move|p2a: Corviknight|U-turn|p1a: Bigthesth Theeth\n|-resisted|p1a: Bigthesth Theeth\n|-damage|p1a: Bigthesth Theeth|96\/100\n|\n|t:|1700592562\n|switch|p2a: Walking Wake|Walking Wake|100\/100|[from] U-turn\n|-activate|p2a: Walking Wake|ability: Protosynthesis\n|-start|p2a: Walking Wake|protosynthesisspe\n|\n|-weather|SunnyDay|[upkeep]\n|-heal|p1a: Bigthesth Theeth|100\/100|[from] item: Leftovers\n|upkeep\n|turn|6\n|\n|t:|1700592578\n|-end|p1a: Bigthesth Theeth|Protosynthesis|[silent]\n|switch|p1a: Rillaboom|Rillaboom, M|100\/100\n|-fieldstart|move: Grassy Terrain|[from] ability: Grassy Surge|[of] p1a: Rillaboom\n|move|p2a: Walking Wake|Hydro Steam|p1a: Rillaboom\n|-resisted|p1a: Rillaboom\n|-damage|p1a: Rillaboom|41\/100\n|\n|-weather|SunnyDay|[upkeep]\n|-heal|p1a: Rillaboom|47\/100|[from] Grassy Terrain\n|upkeep\n|turn|7\n|\n|t:|1700592599\n|-end|p2a: Walking Wake|Protosynthesis|[silent]\n|switch|p2a: Corviknight|Corviknight, M, shiny|95\/100\n|-ability|p2a: Corviknight|Pressure\n|-terastallize|p1a: Rillaboom|Grass\n|move|p1a: Rillaboom|Grassy Glide|p2a: Corviknight\n|-resisted|p2a: Corviknight\n|-damage|p2a: Corviknight|80\/100\n|\n|-weather|SunnyDay|[upkeep]\n|-heal|p1a: Rillaboom|53\/100|[from] Grassy Terrain\n|upkeep\n|turn|8\n|\n|t:|1700592608\n|switch|p1a: Iron Magma|Heatran, M|100\/100\n|move|p2a: Corviknight|Roost|p2a: Corviknight\n|-heal|p2a: Corviknight|100\/100\n|-singleturn|p2a: Corviknight|move: Roost\n|\n|-weather|SunnyDay|[upkeep]\n|upkeep\n|turn|9\n|\n|t:|1700592643\n|switch|p2a: Walking Wake|Walking Wake|100\/100\n|-activate|p2a: Walking Wake|ability: Protosynthesis\n|-start|p2a: Walking Wake|protosynthesisspe\n|move|p1a: Iron Magma|Magma Storm|p2a: Walking Wake|[miss]\n|-miss|p1a: Iron Magma|p2a: Walking Wake\n|\n|-weather|SunnyDay|[upkeep]\n|upkeep\n|turn|10\n|\n|t:|1700592650\n|move|p2a: Walking Wake|Hydro Steam|p1a: Iron Magma\n|-supereffective|p1a: Iron Magma\n|-damage|p1a: Iron Magma|0 fnt\n|faint|p1a: Iron Magma\n|\n|-weather|none\n|-end|p2a: Walking Wake|Protosynthesis\n|-fieldend|move: Grassy Terrain\n|upkeep\n|\n|t:|1700592657\n|switch|p1a: Kawa no Hikari|Maushold-Four|100\/100\n|turn|11\n|\n|t:|1700592662\n|-end|p2a: Walking Wake|Protosynthesis|[silent]\n|switch|p2a: Torkoal|Torkoal, M|100\/100\n|-weather|SunnyDay|[from] ability: Drought|[of] p2a: Torkoal\n|move|p1a: Kawa no Hikari|Population Bomb|p2a: Torkoal\n|-damage|p2a: Torkoal|93\/100\n|-damage|p2a: Torkoal|84\/100\n|-damage|p2a: Torkoal|77\/100\n|-damage|p2a: Torkoal|69\/100\n|-damage|p2a: Torkoal|61\/100\n|-damage|p2a: Torkoal|53\/100\n|-damage|p2a: Torkoal|46\/100\n|-damage|p2a: Torkoal|39\/100\n|-damage|p2a: Torkoal|31\/100\n|-damage|p2a: Torkoal|23\/100\n|-hitcount|p2a: Torkoal|10\n|\n|-weather|SunnyDay|[upkeep]\n|upkeep\n|turn|12\n|\n|t:|1700592694\n|switch|p2a: Mimikyu|Mimikyu, M, shiny|100\/100\n|move|p1a: Kawa no Hikari|Bite|p2a: Mimikyu\n|-activate|p2a: Mimikyu|ability: Disguise\n|-damage|p2a: Mimikyu|100\/100\n|detailschange|p2a: Mimikyu|Mimikyu-Busted, M, shiny\n|-damage|p2a: Mimikyu|88\/100|[from] pokemon: Mimikyu-Busted\n|\n|-weather|SunnyDay|[upkeep]\n|upkeep\n|turn|13\n|\n|t:|1700592715\n|-terastallize|p2a: Mimikyu|Fairy\n|move|p1a: Kawa no Hikari|Bite|p2a: Mimikyu\n|-resisted|p2a: Mimikyu\n|-damage|p2a: Mimikyu|69\/100\n|move|p2a: Mimikyu|Swords Dance|p2a: Mimikyu\n|-boost|p2a: Mimikyu|atk|2\n|\n|-weather|SunnyDay|[upkeep]\n|upkeep\n|turn|14\n|\n|t:|1700592729\n|move|p1a: Kawa no Hikari|Population Bomb|p2a: Mimikyu\n|-damage|p2a: Mimikyu|49\/100\n|-damage|p2a: Mimikyu|32\/100\n|-damage|p2a: Mimikyu|12\/100\n|-damage|p2a: Mimikyu|0 fnt\n|faint|p2a: Mimikyu\n|-hitcount|p2: Mimikyu|4\n|\n|-weather|SunnyDay|[upkeep]\n|upkeep\n|\n|t:|1700592749\n|switch|p2a: Walking Wake|Walking Wake|100\/100\n|-activate|p2a: Walking Wake|ability: Protosynthesis\n|-start|p2a: Walking Wake|protosynthesisspe\n|turn|15\n|\n|t:|1700592761\n|move|p2a: Walking Wake|Hydro Steam|p1a: Kawa no Hikari\n|-damage|p1a: Kawa no Hikari|0 fnt\n|faint|p1a: Kawa no Hikari\n|\n|-weather|SunnyDay|[upkeep]\n|upkeep\n|\n|t:|1700592772\n|switch|p1a: Rillaboom|Rillaboom, M, tera:Grass|53\/100\n|-fieldstart|move: Grassy Terrain|[from] ability: Grassy Surge|[of] p1a: Rillaboom\n|turn|16\n|\n|t:|1700592783\n|-end|p2a: Walking Wake|Protosynthesis|[silent]\n|switch|p2a: Corviknight|Corviknight, M, shiny|100\/100\n|-ability|p2a: Corviknight|Pressure\n|move|p1a: Rillaboom|Grassy Glide|p2a: Corviknight\n|-resisted|p2a: Corviknight\n|-damage|p2a: Corviknight|85\/100\n|\n|-weather|SunnyDay|[upkeep]\n|-heal|p1a: Rillaboom|59\/100|[from] Grassy Terrain\n|upkeep\n|turn|17\n|\n|t:|1700592796\n|switch|p1a: Bigthesth Theeth|Great Tusk|100\/100\n|-activate|p1a: Bigthesth Theeth|ability: Protosynthesis\n|-start|p1a: Bigthesth Theeth|protosynthesisspe\n|move|p2a: Corviknight|Brave Bird|p1a: Bigthesth Theeth\n|-supereffective|p1a: Bigthesth Theeth\n|-damage|p1a: Bigthesth Theeth|58\/100\n|-damage|p2a: Corviknight|70\/100|[from] Recoil\n|\n|-weather|SunnyDay|[upkeep]\n|-heal|p1a: Bigthesth Theeth|64\/100|[from] Grassy Terrain\n|-heal|p1a: Bigthesth Theeth|70\/100|[from] item: Leftovers\n|upkeep\n|turn|18\n|\n|t:|1700592828\n|move|p1a: Bigthesth Theeth|Ice Spinner|p2a: Corviknight\n|-damage|p2a: Corviknight|53\/100\n|-fieldend|move: Grassy Terrain\n|move|p2a: Corviknight|Roost|p2a: Corviknight\n|-heal|p2a: Corviknight|100\/100\n|-singleturn|p2a: Corviknight|move: Roost\n|\n|-weather|none\n|-end|p1a: Bigthesth Theeth|Protosynthesis\n|-heal|p1a: Bigthesth Theeth|76\/100|[from] item: Leftovers\n|upkeep\n|turn|19\n|\n|t:|1700592855\n|move|p1a: Bigthesth Theeth|Bulk Up|p1a: Bigthesth Theeth\n|-boost|p1a: Bigthesth Theeth|atk|1\n|-boost|p1a: Bigthesth Theeth|def|1\n|move|p2a: Corviknight|U-turn|p1a: Bigthesth Theeth\n|-resisted|p1a: Bigthesth Theeth\n|-damage|p1a: Bigthesth Theeth|74\/100\n|\n|t:|1700592859\n|switch|p2a: Brute Bonnet|Brute Bonnet, shiny|100\/100|[from] U-turn\n|\n|-heal|p1a: Bigthesth Theeth|80\/100|[from] item: Leftovers\n|upkeep\n|turn|20\n|\n|t:|1700592867\n|move|p1a: Bigthesth Theeth|Ice Spinner|p2a: Brute Bonnet\n|-supereffective|p2a: Brute Bonnet\n|-damage|p2a: Brute Bonnet|30\/100\n|move|p2a: Brute Bonnet|Growth|p2a: Brute Bonnet\n|-boost|p2a: Brute Bonnet|atk|1\n|-boost|p2a: Brute Bonnet|spa|1\n|\n|-heal|p1a: Bigthesth Theeth|86\/100|[from] item: Leftovers\n|upkeep\n|turn|21\n|\n|t:|1700592871\n|move|p2a: Brute Bonnet|Sucker Punch|p1a: Bigthesth Theeth\n|-resisted|p1a: Bigthesth Theeth\n|-damage|p1a: Bigthesth Theeth|75\/100\n|move|p1a: Bigthesth Theeth|Ice Spinner|p2a: Brute Bonnet\n|-supereffective|p2a: Brute Bonnet\n|-damage|p2a: Brute Bonnet|0 fnt\n|faint|p2a: Brute Bonnet\n|-end|p2a: Brute Bonnet|Protosynthesis|[silent]\n|\n|-heal|p1a: Bigthesth Theeth|81\/100|[from] item: Leftovers\n|upkeep\n|\n|t:|1700592878\n|switch|p2a: Torkoal|Torkoal, M|23\/100\n|-weather|SunnyDay|[from] ability: Drought|[of] p2a: Torkoal\n|-activate|p1a: Bigthesth Theeth|ability: Protosynthesis\n|-start|p1a: Bigthesth Theeth|protosynthesisatk\n|turn|22\n|inactive|Battle timer is ON: inactive players will automatically lose when time's up. (requested by Xanxus90)\n|\n|t:|1700592890\n|switch|p2a: Corviknight|Corviknight, M, shiny|100\/100\n|-ability|p2a: Corviknight|Pressure\n|move|p1a: Bigthesth Theeth|Headlong Rush|p2a: Corviknight\n|-immune|p2a: Corviknight\n|\n|-weather|SunnyDay|[upkeep]\n|-heal|p1a: Bigthesth Theeth|87\/100|[from] item: Leftovers\n|upkeep\n|turn|23\n|\n|t:|1700592901\n|move|p1a: Bigthesth Theeth|Ice Spinner|p2a: Corviknight\n|-damage|p2a: Corviknight|67\/100\n|move|p2a: Corviknight|Bulk Up|p2a: Corviknight\n|-boost|p2a: Corviknight|atk|1\n|-boost|p2a: Corviknight|def|1\n|\n|-weather|SunnyDay|[upkeep]\n|-heal|p1a: Bigthesth Theeth|93\/100|[from] item: Leftovers\n|upkeep\n|turn|24\n|\n|t:|1700592907\n|move|p1a: Bigthesth Theeth|Ice Spinner|p2a: Corviknight\n|-damage|p2a: Corviknight|45\/100\n|move|p2a: Corviknight|Bulk Up|p2a: Corviknight\n|-boost|p2a: Corviknight|atk|1\n|-boost|p2a: Corviknight|def|1\n|\n|-weather|SunnyDay|[upkeep]\n|-heal|p1a: Bigthesth Theeth|99\/100|[from] item: Leftovers\n|upkeep\n|turn|25\n|\n|t:|1700592910\n|move|p1a: Bigthesth Theeth|Bulk Up|p1a: Bigthesth Theeth\n|-boost|p1a: Bigthesth Theeth|atk|1\n|-boost|p1a: Bigthesth Theeth|def|1\n|move|p2a: Corviknight|Roost|p2a: Corviknight\n|-heal|p2a: Corviknight|95\/100\n|-singleturn|p2a: Corviknight|move: Roost\n|\n|-weather|SunnyDay|[upkeep]\n|-heal|p1a: Bigthesth Theeth|100\/100|[from] item: Leftovers\n|upkeep\n|turn|26\n|\n|t:|1700592918\n|move|p1a: Bigthesth Theeth|Ice Spinner|p2a: Corviknight\n|-damage|p2a: Corviknight|74\/100\n|move|p2a: Corviknight|Bulk Up|p2a: Corviknight\n|-boost|p2a: Corviknight|atk|1\n|-boost|p2a: Corviknight|def|1\n|\n|-weather|SunnyDay|[upkeep]\n|upkeep\n|turn|27\n|\n|t:|1700592929\n|move|p1a: Bigthesth Theeth|Ice Spinner|p2a: Corviknight\n|-damage|p2a: Corviknight|55\/100\n|move|p2a: Corviknight|Bulk Up|p2a: Corviknight\n|-boost|p2a: Corviknight|atk|1\n|-boost|p2a: Corviknight|def|1\n|\n|-weather|SunnyDay|[upkeep]\n|upkeep\n|turn|28\n|\n|t:|1700592940\n|move|p1a: Bigthesth Theeth|Ice Spinner|p2a: Corviknight\n|-damage|p2a: Corviknight|40\/100\n|move|p2a: Corviknight|Roost|p2a: Corviknight\n|-heal|p2a: Corviknight|90\/100\n|-singleturn|p2a: Corviknight|move: Roost\n|\n|-weather|SunnyDay|[upkeep]\n|upkeep\n|turn|29\n|\n|t:|1700592954\n|move|p1a: Bigthesth Theeth|Ice Spinner|p2a: Corviknight\n|-damage|p2a: Corviknight|74\/100\n|move|p2a: Corviknight|Brave Bird|p1a: Bigthesth Theeth\n|-supereffective|p1a: Bigthesth Theeth\n|-damage|p1a: Bigthesth Theeth|28\/100\n|-damage|p2a: Corviknight|48\/100|[from] Recoil\n|\n|-weather|none\n|-end|p1a: Bigthesth Theeth|Protosynthesis\n|-heal|p1a: Bigthesth Theeth|34\/100|[from] item: Leftovers\n|upkeep\n|turn|30\n|\n|t:|1700592964\n|move|p1a: Bigthesth Theeth|Ice Spinner|p2a: Corviknight\n|-damage|p2a: Corviknight|37\/100\n|move|p2a: Corviknight|Roost|p2a: Corviknight\n|-heal|p2a: Corviknight|87\/100\n|-singleturn|p2a: Corviknight|move: Roost\n|\n|-heal|p1a: Bigthesth Theeth|41\/100|[from] item: Leftovers\n|upkeep\n|turn|31\n|\n|t:|1700592973\n|move|p1a: Bigthesth Theeth|Ice Spinner|p2a: Corviknight\n|-damage|p2a: Corviknight|76\/100\n|move|p2a: Corviknight|Brave Bird|p1a: Bigthesth Theeth\n|-supereffective|p1a: Bigthesth Theeth\n|-damage|p1a: Bigthesth Theeth|0 fnt\n|faint|p1a: Bigthesth Theeth\n|-end|p1a: Bigthesth Theeth|Protosynthesis|[silent]\n|-damage|p2a: Corviknight|61\/100|[from] Recoil\n|\n|upkeep\n|\n|t:|1700592988\n|switch|p1a: My Favorite|Yanmega, F, shiny|100\/100\n|turn|32\n|\n|t:|1700593012\n|switch|p2a: Sandy Shocks|Sandy Shocks, shiny|100\/100\n|move|p1a: My Favorite|Detect||[still]\n|-fail|p1a: My Favorite\n|\n|-ability|p1a: My Favorite|Speed Boost|boost\n|-boost|p1a: My Favorite|spe|1\n|upkeep\n|turn|33\n|inactive|Xanxus90 has 120 seconds left.\n|\n|t:|1700593037\n|move|p1a: My Favorite|Air Slash|p2a: Sandy Shocks\n|-resisted|p2a: Sandy Shocks\n|-damage|p2a: Sandy Shocks|77\/100\n|cant|p2a: Sandy Shocks|flinch\n|\n|-heal|p2a: Sandy Shocks|83\/100|[from] item: Leftovers\n|-ability|p1a: My Favorite|Speed Boost|boost\n|-boost|p1a: My Favorite|spe|1\n|upkeep\n|turn|34\n|inactive|Xanxus90 has 120 seconds left.\n|\n|t:|1700593049\n|-end|p2a: Sandy Shocks|Protosynthesis|[silent]\n|switch|p2a: Torkoal|Torkoal, M|23\/100\n|-weather|SunnyDay|[from] ability: Drought|[of] p2a: Torkoal\n|move|p1a: My Favorite|Air Slash|p2a: Torkoal\n|-damage|p2a: Torkoal|0 fnt\n|faint|p2a: Torkoal\n|\n|-weather|SunnyDay|[upkeep]\n|-ability|p1a: My Favorite|Speed Boost|boost\n|-boost|p1a: My Favorite|spe|1\n|upkeep\n|inactive|Xanxus90 has 120 seconds left.\n|inactive|Xanxus90 has 90 seconds left.\n|\n|t:|1700593085\n|switch|p2a: Sandy Shocks|Sandy Shocks, shiny|83\/100\n|-activate|p2a: Sandy Shocks|ability: Protosynthesis\n|-start|p2a: Sandy Shocks|protosynthesisspe\n|turn|35\n|\n|t:|1700593107\n|move|p1a: My Favorite|Air Slash|p2a: Sandy Shocks\n|-resisted|p2a: Sandy Shocks\n|-damage|p2a: Sandy Shocks|58\/100\n|cant|p2a: Sandy Shocks|flinch\n|\n|-weather|SunnyDay|[upkeep]\n|-heal|p2a: Sandy Shocks|64\/100|[from] item: Leftovers\n|-ability|p1a: My Favorite|Speed Boost|boost\n|-boost|p1a: My Favorite|spe|1\n|upkeep\n|turn|36\n|\n|t:|1700593123\n|move|p1a: My Favorite|Detect|p1a: My Favorite\n|-singleturn|p1a: My Favorite|Protect\n|move|p2a: Sandy Shocks|Thunderbolt|p1a: My Favorite\n|-activate|p1a: My Favorite|move: Protect\n|\n|-weather|SunnyDay|[upkeep]\n|-heal|p2a: Sandy Shocks|71\/100|[from] item: Leftovers\n|-ability|p1a: My Favorite|Speed Boost|boost\n|-boost|p1a: My Favorite|spe|1\n|upkeep\n|turn|37\n|inactive|Xanxus90 has 90 seconds left.\n|\n|t:|1700593139\n|move|p1a: My Favorite|Air Slash|p2a: Sandy Shocks\n|-resisted|p2a: Sandy Shocks\n|-damage|p2a: Sandy Shocks|47\/100\n|cant|p2a: Sandy Shocks|flinch\n|\n|-weather|SunnyDay|[upkeep]\n|-heal|p2a: Sandy Shocks|53\/100|[from] item: Leftovers\n|-ability|p1a: My Favorite|Speed Boost|boost\n|-boost|p1a: My Favorite|spe|1\n|upkeep\n|turn|38\n|\n|t:|1700593147\n|move|p1a: My Favorite|Bug Buzz|p2a: Sandy Shocks\n|-damage|p2a: Sandy Shocks|0 fnt\n|faint|p2a: Sandy Shocks\n|-end|p2a: Sandy Shocks|Protosynthesis|[silent]\n|\n|-weather|SunnyDay|[upkeep]\n|upkeep\n|\n|t:|1700593151\n|switch|p2a: Walking Wake|Walking Wake|100\/100\n|-activate|p2a: Walking Wake|ability: Protosynthesis\n|-start|p2a: Walking Wake|protosynthesisspe\n|turn|39\n|\n|t:|1700593162\n|move|p1a: My Favorite|Air Slash|p2a: Walking Wake\n|-damage|p2a: Walking Wake|58\/100\n|move|p2a: Walking Wake|Hydro Steam|p1a: My Favorite\n|-damage|p1a: My Favorite|0 fnt\n|faint|p1a: My Favorite\n|\n|-weather|SunnyDay|[upkeep]\n|upkeep\n|\n|t:|1700593172\n|switch|p1a: Rillaboom|Rillaboom, M, tera:Grass|59\/100\n|-fieldstart|move: Grassy Terrain|[from] ability: Grassy Surge|[of] p1a: Rillaboom\n|turn|40\n|\n|t:|1700593175\n|-end|p2a: Walking Wake|Protosynthesis|[silent]\n|switch|p2a: Corviknight|Corviknight, M, shiny|61\/100\n|-ability|p2a: Corviknight|Pressure\n|move|p1a: Rillaboom|Knock Off|p2a: Corviknight\n|-damage|p2a: Corviknight|20\/100\n|-enditem|p2a: Corviknight|Covert Cloak|[from] move: Knock Off|[of] p1a: Rillaboom\n|\n|-weather|SunnyDay|[upkeep]\n|-heal|p1a: Rillaboom|65\/100|[from] Grassy Terrain\n|upkeep\n|turn|41\n|\n|t:|1700593178\n|move|p1a: Rillaboom|Knock Off|p2a: Corviknight\n|-damage|p2a: Corviknight|0 fnt\n|faint|p2a: Corviknight\n|\n|-weather|none\n|-heal|p1a: Rillaboom|71\/100|[from] Grassy Terrain\n|upkeep\n|\n|t:|1700593180\n|switch|p2a: Walking Wake|Walking Wake|58\/100\n|turn|42\n|\n|t:|1700593185\n|move|p2a: Walking Wake|Flamethrower|p1a: Rillaboom\n|-supereffective|p1a: Rillaboom\n|-damage|p1a: Rillaboom|0 fnt\n|faint|p1a: Rillaboom\n|\n|-heal|p2a: Walking Wake|64\/100|[from] Grassy Terrain\n|upkeep\n|\n|t:|1700593187\n|switch|p1a: Onna-musha|Kingambit, F|100\/100\n|-activate|p1a: Onna-musha|ability: Supreme Overlord\n|-start|p1a: Onna-musha|fallen5|[silent]\n|turn|43\n|\n|t:|1700593192\n|move|p1a: Onna-musha|Sucker Punch|p2a: Walking Wake\n|-crit|p2a: Walking Wake\n|-damage|p2a: Walking Wake|0 fnt\n|faint|p2a: Walking Wake\n|-end|p2a: Walking Wake|Protosynthesis|[silent]\n|\n|win|Rothmund \u22c6\n|raw|Rothmund \u22c6's rating: 1139 &rarr; <strong>1168<\/strong><br \/>(+29 for winning)\n|raw|Xanxus90's rating: 1199 &rarr; <strong>1170<\/strong><br \/>(-29 for losing)\n|c|\u2606Rothmund \u22c6|gg\n|l|\u2606Xanxus90\n","uploadtime":1700593205,"views":5,"p1id":"rothmund","p2id":"xanxus90","formatid":"gen9ou","rating":1168,"private":0,"password":""}