{"id":"gen9ou-1994357063","p1":"ratatta17","p2":"gonning","format":"[Gen 9] OU","log":"|j|\u2606ratatta17\n|j|\u2606gonning\n|t:|1700434697\n|gametype|singles\n|player|p1|ratatta17|266|1491\n|player|p2|gonning|266|1597\n|teamsize|p1|6\n|teamsize|p2|6\n|gen|9\n|tier|[Gen 9] OU\n|rated|\n|rule|Sleep Clause Mod: Limit one foe put to sleep\n|rule|Species Clause: Limit one of each Pok\u00e9mon\n|rule|OHKO Clause: OHKO moves are banned\n|rule|Evasion Items Clause: Evasion items are banned\n|rule|Evasion Moves Clause: Evasion moves are banned\n|rule|Endless Battle Clause: Forcing endless battles is banned\n|rule|HP Percentage Mod: HP is shown in percentages\n|clearpoke\n|poke|p1|Azumarill, F|\n|poke|p1|Staraptor, M|\n|poke|p1|Toedscruel, M|\n|poke|p1|Skeledirge, F|\n|poke|p1|Ninetales-Alola, M|\n|poke|p1|Iron Valiant|\n|poke|p2|Iron Valiant|\n|poke|p2|Glimmora, F|\n|poke|p2|Iron Moth|\n|poke|p2|Gholdengo|\n|poke|p2|Kingambit, F|\n|poke|p2|Samurott-Hisui, M|\n|teampreview\n|inactive|Battle timer is ON: inactive players will automatically lose when time's up. (requested by gonning)\n|\n|t:|1700434710\n|start\n|switch|p1a: Toedscruel|Toedscruel, M|100\/100\n|switch|p2a: Gholdengo|Gholdengo|100\/100\n|-item|p2a: Gholdengo|Air Balloon\n|turn|1\n|\n|t:|1700434716\n|switch|p2a: Samurott|Samurott-Hisui, M|100\/100\n|move|p1a: Toedscruel|Spore|p2a: Samurott\n|-status|p2a: Samurott|slp|[from] move: Spore\n|\n|upkeep\n|turn|2\n|\n|t:|1700434725\n|switch|p1a: Ninetales|Ninetales-Alola, M|100\/100\n|-weather|Snow|[from] ability: Snow Warning|[of] p1a: Ninetales\n|cant|p2a: Samurott|slp\n|\n|-weather|Snow|[upkeep]\n|upkeep\n|turn|3\n|\n|t:|1700434727\n|cant|p2a: Samurott|slp\n|move|p1a: Ninetales|Aurora Veil|p1a: Ninetales\n|-sidestart|p1: ratatta17|move: Aurora Veil\n|\n|-weather|Snow|[upkeep]\n|upkeep\n|turn|4\n|\n|t:|1700434731\n|switch|p1a: Staraptor|Staraptor, M|100\/100\n|-ability|p1a: Staraptor|Intimidate|boost\n|-unboost|p2a: Samurott|atk|1\n|cant|p2a: Samurott|slp\n|\n|-weather|Snow|[upkeep]\n|upkeep\n|turn|5\n|\n|t:|1700434736\n|move|p1a: Staraptor|U-turn|p2a: Samurott\n|-supereffective|p2a: Samurott\n|-damage|p2a: Samurott|50\/100 slp\n|\n|t:|1700434746\n|switch|p1a: Iron Valiant|Iron Valiant|100\/100|[from] U-turn\n|-curestatus|p2a: Samurott|slp|[msg]\n|move|p2a: Samurott|Ceaseless Edge|p1a: Iron Valiant\n|-resisted|p1a: Iron Valiant\n|-crit|p1a: Iron Valiant\n|-damage|p1a: Iron Valiant|80\/100\n|-sidestart|p1: ratatta17|Spikes\n|\n|-weather|Snow|[upkeep]\n|upkeep\n|turn|6\n|\n|t:|1700434751\n|move|p1a: Iron Valiant|Thunderbolt|p2a: Samurott\n|-supereffective|p2a: Samurott\n|-damage|p2a: Samurott|0 fnt\n|faint|p2a: Samurott\n|-damage|p1a: Iron Valiant|70\/100|[from] item: Life Orb\n|\n|-weather|none\n|upkeep\n|\n|t:|1700434758\n|switch|p2a: Gholdengo|Gholdengo|100\/100\n|-item|p2a: Gholdengo|Air Balloon\n|turn|7\n|\n|t:|1700434761\n|move|p1a: Iron Valiant|Knock Off|p2a: Gholdengo\n|-supereffective|p2a: Gholdengo\n|-damage|p2a: Gholdengo|25\/100\n|-enditem|p2a: Gholdengo|Air Balloon\n|-damage|p1a: Iron Valiant|61\/100|[from] item: Life Orb\n|move|p2a: Gholdengo|Make It Rain|p1a: Iron Valiant\n|-supereffective|p1a: Iron Valiant\n|-damage|p1a: Iron Valiant|0 fnt\n|-unboost|p2a: Gholdengo|spa|1\n|faint|p1a: Iron Valiant\n|-end|p1a: Iron Valiant|Quark Drive|[silent]\n|\n|upkeep\n|\n|t:|1700434773\n|switch|p1a: Skeledirge|Skeledirge, F|100\/100\n|-damage|p1a: Skeledirge|88\/100|[from] Spikes\n|turn|8\n|\n|t:|1700434779\n|switch|p2a: Glimmora|Glimmora, F|100\/100\n|move|p1a: Skeledirge|Torch Song|p2a: Glimmora\n|-resisted|p2a: Glimmora\n|-damage|p2a: Glimmora|78\/100\n|-boost|p1a: Skeledirge|spa|1\n|-enditem|p2a: Glimmora|Red Card|[of] p1a: Skeledirge\n|drag|p1a: Azumarill|Azumarill, F|100\/100\n|-damage|p1a: Azumarill|88\/100|[from] Spikes\n|\n|upkeep\n|turn|9\n|\n|t:|1700434786\n|move|p2a: Glimmora|Stealth Rock|p1a: Azumarill\n|-sidestart|p1: ratatta17|move: Stealth Rock\n|move|p1a: Azumarill|Bulldoze|p2a: Glimmora\n|-supereffective|p2a: Glimmora\n|-damage|p2a: Glimmora|0 fnt\n|-activate|p2a: Glimmora|ability: Toxic Debris\n|-sidestart|p1: ratatta17|move: Toxic Spikes\n|faint|p2a: Glimmora\n|\n|upkeep\n|\n|t:|1700434796\n|switch|p2a: Gholdengo|Gholdengo|25\/100\n|turn|10\n|\n|t:|1700434799\n|move|p1a: Azumarill|Aqua Jet|p2a: Gholdengo\n|-crit|p2a: Gholdengo\n|-damage|p2a: Gholdengo|0 fnt\n|faint|p2a: Gholdengo\n|\n|-sideend|p1: ratatta17|move: Aurora Veil\n|upkeep\n|\n|t:|1700434802\n|switch|p2a: Iron Moth|Iron Moth|100\/100\n|-enditem|p2a: Iron Moth|Booster Energy\n|-activate|p2a: Iron Moth|ability: Quark Drive|[fromitem]\n|-start|p2a: Iron Moth|quarkdrivespe\n|turn|11\n|\n|t:|1700434805\n|-terastallize|p1a: Azumarill|Steel\n|move|p2a: Iron Moth|Sludge Wave|p1a: Azumarill\n|-immune|p1a: Azumarill\n|move|p1a: Azumarill|Belly Drum|p1a: Azumarill\n|-damage|p1a: Azumarill|38\/100\n|-setboost|p1a: Azumarill|atk|6|[from] move: Belly Drum\n|-enditem|p1a: Azumarill|Sitrus Berry|[eat]\n|-heal|p1a: Azumarill|63\/100|[from] item: Sitrus Berry\n|\n|upkeep\n|turn|12\n|\n|t:|1700434810\n|move|p1a: Azumarill|Aqua Jet|p2a: Iron Moth\n|-supereffective|p2a: Iron Moth\n|-damage|p2a: Iron Moth|0 fnt\n|faint|p2a: Iron Moth\n|-end|p2a: Iron Moth|Quark Drive|[silent]\n|\n|upkeep\n|\n|t:|1700434814\n|switch|p2a: Iron Valiant|Iron Valiant|100\/100\n|-enditem|p2a: Iron Valiant|Booster Energy\n|-activate|p2a: Iron Valiant|ability: Quark Drive|[fromitem]\n|-start|p2a: Iron Valiant|quarkdrivespe\n|turn|13\n|\n|t:|1700434815\n|move|p1a: Azumarill|Aqua Jet|p2a: Iron Valiant\n|-damage|p2a: Iron Valiant|0 fnt\n|faint|p2a: Iron Valiant\n|-end|p2a: Iron Valiant|Quark Drive|[silent]\n|\n|upkeep\n|c|\u2606gonning|yeah too lucky\n|c|\u2606gonning|GG\n|-message|gonning forfeited.\n|\n|win|ratatta17\n|raw|ratatta17's rating: 1491 &rarr; <strong>1517<\/strong><br \/>(+26 for winning)\n|raw|gonning's rating: 1597 &rarr; <strong>1571<\/strong><br \/>(-26 for losing)\n|l|\u2606gonning\n","uploadtime":1700434872,"views":8,"p1id":"ratatta17","p2id":"gonning","formatid":"gen9ou","rating":1517,"private":0,"password":""}