{"id":"gen9ou-1988564389","p1":"pilkorish","p2":"Skaraptor2.1","format":"[Gen 9] OU","log":"|j|\u2606pilkorish\n|j|\u2606Skaraptor2.1\n|t:|1699736613\n|gametype|singles\n|player|p1|pilkorish|n|1036\n|player|p2|Skaraptor2.1|emma|1125\n|teamsize|p1|6\n|teamsize|p2|6\n|gen|9\n|tier|[Gen 9] OU\n|rated|\n|rule|Sleep Clause Mod: Limit one foe put to sleep\n|rule|Species Clause: Limit one of each Pok\u00e9mon\n|rule|OHKO Clause: OHKO moves are banned\n|rule|Evasion Items Clause: Evasion items are banned\n|rule|Evasion Moves Clause: Evasion moves are banned\n|rule|Endless Battle Clause: Forcing endless battles is banned\n|rule|HP Percentage Mod: HP is shown in percentages\n|clearpoke\n|poke|p1|Gholdengo|\n|poke|p1|Tyranitar, F|\n|poke|p1|Quaquaval, M|\n|poke|p1|Amoonguss, M|\n|poke|p1|Iron Treads|\n|poke|p1|Basculegion, M|\n|poke|p2|Ribombee, M|\n|poke|p2|Ogerpon-Wellspring, F|\n|poke|p2|Iron Moth|\n|poke|p2|Zamazenta-*|\n|poke|p2|Iron Valiant|\n|poke|p2|Kingambit, F|\n|teampreview\n|inactive|Battle timer is ON: inactive players will automatically lose when time's up. (requested by Skaraptor2.1)\n|\n|t:|1699736623\n|start\n|switch|p1a: Iron Treads|Iron Treads|100\/100\n|switch|p2a: Twink|Ribombee, M|100\/100\n|turn|1\n|\n|t:|1699736627\n|move|p2a: Twink|Stun Spore|p1a: Iron Treads\n|-status|p1a: Iron Treads|par\n|move|p1a: Iron Treads|Heavy Slam|p2a: Twink\n|-supereffective|p2a: Twink\n|-enditem|p2a: Twink|Focus Sash\n|-damage|p2a: Twink|1\/100\n|\n|upkeep\n|turn|2\n|\n|t:|1699736637\n|switch|p2a: Defender of Trans|Zamazenta, shiny|100\/100\n|-ability|p2a: Defender of Trans|Dauntless Shield|boost\n|-boost|p2a: Defender of Trans|def|1\n|move|p1a: Iron Treads|Rapid Spin|p2a: Defender of Trans\n|-damage|p2a: Defender of Trans|95\/100\n|-boost|p1a: Iron Treads|spe|1\n|\n|-heal|p2a: Defender of Trans|100\/100|[from] item: Leftovers\n|upkeep\n|turn|3\n|\n|t:|1699736645\n|move|p2a: Defender of Trans|Iron Defense|p2a: Defender of Trans\n|-boost|p2a: Defender of Trans|def|2\n|cant|p1a: Iron Treads|par\n|\n|upkeep\n|turn|4\n|\n|t:|1699736649\n|move|p2a: Defender of Trans|Iron Defense|p2a: Defender of Trans\n|-boost|p2a: Defender of Trans|def|2\n|move|p1a: Iron Treads|Stealth Rock|p2a: Defender of Trans\n|-sidestart|p2: Skaraptor2.1|move: Stealth Rock\n|\n|upkeep\n|turn|5\n|\n|t:|1699736663\n|move|p2a: Defender of Trans|Iron Defense|p2a: Defender of Trans\n|-boost|p2a: Defender of Trans|def|1\n|move|p1a: Iron Treads|Earthquake|p2a: Defender of Trans\n|-damage|p2a: Defender of Trans|94\/100\n|\n|-heal|p2a: Defender of Trans|100\/100|[from] item: Leftovers\n|upkeep\n|turn|6\n|\n|t:|1699736673\n|move|p2a: Defender of Trans|Body Press|p1a: Iron Treads\n|-supereffective|p1a: Iron Treads\n|-damage|p1a: Iron Treads|0 fnt\n|faint|p1a: Iron Treads\n|-end|p1a: Iron Treads|Quark Drive|[silent]\n|\n|upkeep\n|\n|t:|1699736676\n|switch|p1a: Amoonguss|Amoonguss, M|100\/100\n|turn|7\n|\n|t:|1699736681\n|move|p2a: Defender of Trans|Body Press|p1a: Amoonguss\n|-resisted|p1a: Amoonguss\n|-damage|p1a: Amoonguss|44\/100\n|move|p1a: Amoonguss|Toxic|p2a: Defender of Trans\n|-status|p2a: Defender of Trans|tox\n|\n|-heal|p1a: Amoonguss|50\/100|[from] item: Black Sludge\n|-damage|p2a: Defender of Trans|94\/100 tox|[from] psn\n|upkeep\n|turn|8\n|\n|t:|1699736691\n|switch|p1a: Basculegion|Basculegion, M|100\/100\n|move|p2a: Defender of Trans|Crunch|p1a: Basculegion\n|-supereffective|p1a: Basculegion\n|-damage|p1a: Basculegion|49\/100\n|-unboost|p1a: Basculegion|def|1\n|\n|-heal|p2a: Defender of Trans|100\/100 tox|[from] item: Leftovers\n|-damage|p2a: Defender of Trans|88\/100 tox|[from] psn\n|upkeep\n|turn|9\n|\n|t:|1699736699\n|move|p1a: Basculegion|Flip Turn|p2a: Defender of Trans\n|-damage|p2a: Defender of Trans|80\/100 tox\n|\n|t:|1699736705\n|switch|p1a: Quaquaval|Quaquaval, M|100\/100|[from] Flip Turn\n|move|p2a: Defender of Trans|Crunch|p1a: Quaquaval\n|-resisted|p1a: Quaquaval\n|-damage|p1a: Quaquaval|87\/100\n|-unboost|p1a: Quaquaval|def|1\n|\n|-heal|p2a: Defender of Trans|86\/100 tox|[from] item: Leftovers\n|-damage|p2a: Defender of Trans|68\/100 tox|[from] psn\n|upkeep\n|turn|10\n|\n|t:|1699736714\n|move|p2a: Defender of Trans|Body Press|p1a: Quaquaval\n|-damage|p1a: Quaquaval|0 fnt\n|faint|p1a: Quaquaval\n|\n|-heal|p2a: Defender of Trans|74\/100 tox|[from] item: Leftovers\n|-damage|p2a: Defender of Trans|49\/100 tox|[from] psn\n|upkeep\n|\n|t:|1699736723\n|switch|p1a: Amoonguss|Amoonguss, M|83\/100\n|turn|11\n|\n|t:|1699736727\n|move|p2a: Defender of Trans|Body Press|p1a: Amoonguss\n|-resisted|p1a: Amoonguss\n|-damage|p1a: Amoonguss|33\/100\n|move|p1a: Amoonguss|Giga Drain|p2a: Defender of Trans\n|-damage|p2a: Defender of Trans|32\/100 tox\n|-heal|p1a: Amoonguss|41\/100|[from] drain|[of] p2a: Defender of Trans\n|\n|-heal|p2a: Defender of Trans|39\/100 tox|[from] item: Leftovers\n|-heal|p1a: Amoonguss|47\/100|[from] item: Black Sludge\n|-damage|p2a: Defender of Trans|8\/100 tox|[from] psn\n|upkeep\n|turn|12\n|\n|t:|1699736735\n|move|p2a: Defender of Trans|Crunch|p1a: Amoonguss\n|-damage|p1a: Amoonguss|32\/100\n|-unboost|p1a: Amoonguss|def|1\n|move|p1a: Amoonguss|Synthesis|p1a: Amoonguss\n|-heal|p1a: Amoonguss|82\/100\n|\n|-heal|p2a: Defender of Trans|14\/100 tox|[from] item: Leftovers\n|-heal|p1a: Amoonguss|88\/100|[from] item: Black Sludge\n|-damage|p2a: Defender of Trans|0 fnt|[from] psn\n|faint|p2a: Defender of Trans\n|upkeep\n|\n|t:|1699736738\n|switch|p2a: Transfem|Ogerpon-Wellspring, F|100\/100\n|-damage|p2a: Transfem|88\/100|[from] Stealth Rock\n|turn|13\n|\n|t:|1699736749\n|move|p2a: Transfem|Encore|p1a: Amoonguss\n|-start|p1a: Amoonguss|Encore\n|move|p1a: Amoonguss|Synthesis|p1a: Amoonguss\n|-heal|p1a: Amoonguss|100\/100\n|\n|upkeep\n|turn|14\n|\n|t:|1699736755\n|switch|p1a: Basculegion|Basculegion, M|49\/100\n|move|p2a: Transfem|Swords Dance|p2a: Transfem\n|-boost|p2a: Transfem|atk|2\n|\n|upkeep\n|turn|15\n|\n|t:|1699736762\n|move|p1a: Basculegion|Head Smash|p2a: Transfem\n|-damage|p2a: Transfem|17\/100\n|-damage|p1a: Basculegion|21\/100|[from] Recoil\n|move|p2a: Transfem|Horn Leech|p1a: Basculegion\n|-supereffective|p1a: Basculegion\n|-damage|p1a: Basculegion|0 fnt\n|-heal|p2a: Transfem|30\/100|[from] drain|[of] p1a: Basculegion\n|faint|p1a: Basculegion\n|\n|upkeep\n|\n|t:|1699736771\n|switch|p1a: Amoonguss|Amoonguss, M|100\/100\n|turn|16\n|\n|t:|1699736774\n|move|p2a: Transfem|Ivy Cudgel|p1a: Amoonguss\n|-resisted|p1a: Amoonguss\n|-crit|p1a: Amoonguss\n|-damage|p1a: Amoonguss|35\/100\n|move|p1a: Amoonguss|Sludge Bomb|p2a: Transfem\n|-supereffective|p2a: Transfem\n|-damage|p2a: Transfem|0 fnt\n|faint|p2a: Transfem\n|\n|-heal|p1a: Amoonguss|41\/100|[from] item: Black Sludge\n|upkeep\n|\n|t:|1699736782\n|switch|p2a: Solar Panels|Iron Moth|100\/100\n|-damage|p2a: Solar Panels|76\/100|[from] Stealth Rock\n|-enditem|p2a: Solar Panels|Booster Energy\n|-activate|p2a: Solar Panels|ability: Quark Drive|[fromitem]\n|-start|p2a: Solar Panels|quarkdrivespa\n|turn|17\n|\n|t:|1699736792\n|move|p2a: Solar Panels|Substitute|p2a: Solar Panels\n|-start|p2a: Solar Panels|Substitute\n|-damage|p2a: Solar Panels|51\/100\n|move|p1a: Amoonguss|Synthesis|p1a: Amoonguss\n|-heal|p1a: Amoonguss|91\/100\n|\n|-heal|p1a: Amoonguss|98\/100|[from] item: Black Sludge\n|upkeep\n|turn|18\n|\n|t:|1699736799\n|switch|p1a: Tyranitar|Tyranitar, F|100\/100\n|-weather|Sandstorm|[from] ability: Sand Stream|[of] p1a: Tyranitar\n|move|p2a: Solar Panels|Fiery Dance|p1a: Tyranitar\n|-resisted|p1a: Tyranitar\n|-crit|p1a: Tyranitar\n|-damage|p1a: Tyranitar|88\/100\n|-boost|p2a: Solar Panels|spa|1\n|\n|-weather|Sandstorm|[upkeep]\n|-damage|p2a: Solar Panels|45\/100|[from] Sandstorm\n|upkeep\n|turn|19\n|\n|t:|1699736809\n|move|p2a: Solar Panels|Energy Ball|p1a: Tyranitar\n|-supereffective|p1a: Tyranitar\n|-damage|p1a: Tyranitar|53\/100\n|move|p1a: Tyranitar|Earthquake|p2a: Solar Panels\n|-supereffective|p2a: Solar Panels\n|-end|p2a: Solar Panels|Substitute\n|\n|-weather|Sandstorm|[upkeep]\n|-damage|p2a: Solar Panels|39\/100|[from] Sandstorm\n|upkeep\n|turn|20\n|\n|t:|1699736816\n|-terastallize|p1a: Tyranitar|Ghost\n|move|p2a: Solar Panels|Energy Ball|p1a: Tyranitar\n|-damage|p1a: Tyranitar|25\/100\n|move|p1a: Tyranitar|Earthquake|p2a: Solar Panels\n|-supereffective|p2a: Solar Panels\n|-damage|p2a: Solar Panels|0 fnt\n|faint|p2a: Solar Panels\n|-end|p2a: Solar Panels|Quark Drive|[silent]\n|\n|-weather|Sandstorm|[upkeep]\n|-damage|p1a: Tyranitar|19\/100|[from] Sandstorm\n|upkeep\n|\n|t:|1699736825\n|switch|p2a: Kingambit|Kingambit, F|100\/100\n|-damage|p2a: Kingambit|94\/100|[from] Stealth Rock\n|-activate|p2a: Kingambit|ability: Supreme Overlord\n|-start|p2a: Kingambit|fallen3|[silent]\n|turn|21\n|\n|t:|1699736834\n|move|p1a: Tyranitar|Earthquake|p2a: Kingambit\n|-supereffective|p2a: Kingambit\n|-damage|p2a: Kingambit|50\/100\n|move|p2a: Kingambit|Swords Dance|p2a: Kingambit\n|-boost|p2a: Kingambit|atk|2\n|\n|-weather|Sandstorm|[upkeep]\n|-damage|p1a: Tyranitar|12\/100|[from] Sandstorm\n|-heal|p2a: Kingambit|56\/100|[from] item: Leftovers\n|upkeep\n|turn|22\n|\n|t:|1699736840\n|move|p1a: Tyranitar|Earthquake|p2a: Kingambit\n|-supereffective|p2a: Kingambit\n|-damage|p2a: Kingambit|11\/100\n|move|p2a: Kingambit|Iron Head|p1a: Tyranitar\n|-damage|p1a: Tyranitar|0 fnt\n|faint|p1a: Tyranitar\n|\n|-weather|none\n|-heal|p2a: Kingambit|17\/100|[from] item: Leftovers\n|upkeep\n|\n|t:|1699736844\n|switch|p1a: Gholdengo|Gholdengo|100\/100\n|turn|23\n|\n|t:|1699736851\n|move|p2a: Kingambit|Sucker Punch|p1a: Gholdengo\n|-supereffective|p1a: Gholdengo\n|-damage|p1a: Gholdengo|0 fnt\n|faint|p1a: Gholdengo\n|\n|-heal|p2a: Kingambit|23\/100|[from] item: Leftovers\n|upkeep\n|\n|t:|1699736854\n|switch|p1a: Amoonguss|Amoonguss, M|100\/100\n|turn|24\n|\n|t:|1699736858\n|move|p2a: Kingambit|Iron Head|p1a: Amoonguss\n|-damage|p1a: Amoonguss|8\/100\n|move|p1a: Amoonguss|Giga Drain|p2a: Kingambit\n|-resisted|p2a: Kingambit\n|-damage|p2a: Kingambit|13\/100\n|-heal|p1a: Amoonguss|13\/100|[from] drain|[of] p2a: Kingambit\n|\n|-heal|p2a: Kingambit|19\/100|[from] item: Leftovers\n|-heal|p1a: Amoonguss|19\/100|[from] item: Black Sludge\n|upkeep\n|turn|25\n|\n|t:|1699736863\n|move|p2a: Kingambit|Iron Head|p1a: Amoonguss\n|-damage|p1a: Amoonguss|0 fnt\n|faint|p1a: Amoonguss\n|\n|win|Skaraptor2.1\n|raw|pilkorish's rating: 1036 &rarr; <strong>1024<\/strong><br \/>(-12 for losing)\n|raw|Skaraptor2.1's rating: 1125 &rarr; <strong>1144<\/strong><br \/>(+19 for winning)\n","uploadtime":1699736866,"views":11,"p1id":"pilkorish","p2id":"skaraptor21","formatid":"gen9ou","rating":1024,"private":0,"password":""}