{"id":"gen9ou-1993475969","p1":"rectreemz","p2":"Choice Bandington","format":"[Gen 9] OU","log":"|j|\u2606rectreemz\n|j|\u2606Choice Bandington\n|t:|1700322480\n|gametype|singles\n|player|p1|rectreemz|169|1326\n|player|p2|Choice Bandington|teammagmagruntm-gen3|1351\n|teamsize|p1|6\n|teamsize|p2|6\n|gen|9\n|tier|[Gen 9] OU\n|rated|\n|rule|Sleep Clause Mod: Limit one foe put to sleep\n|rule|Species Clause: Limit one of each Pok\u00e9mon\n|rule|OHKO Clause: OHKO moves are banned\n|rule|Evasion Items Clause: Evasion items are banned\n|rule|Evasion Moves Clause: Evasion moves are banned\n|rule|Endless Battle Clause: Forcing endless battles is banned\n|rule|HP Percentage Mod: HP is shown in percentages\n|clearpoke\n|poke|p1|Ogerpon, F|\n|poke|p1|Corviknight, M|\n|poke|p1|Sneasler, F|\n|poke|p1|Kingambit, M|\n|poke|p1|Landorus-Therian, M|\n|poke|p1|Iron Moth|\n|poke|p2|Rillaboom, F|\n|poke|p2|Sneasler, F|\n|poke|p2|Ogerpon-Wellspring, F|\n|poke|p2|Manaphy|\n|poke|p2|Hatterene, F|\n|poke|p2|Cinderace, F|\n|teampreview\n|inactive|Battle timer is ON: inactive players will automatically lose when time's up. (requested by Choice Bandington)\n|inactive|rectreemz also wants the timer to be on.\n|\n|t:|1700322493\n|start\n|switch|p1a: Sneasler|Sneasler, F|100\/100\n|switch|p2a: Boom Boom Room|Rillaboom, F|100\/100\n|-fieldstart|move: Grassy Terrain|[from] ability: Grassy Surge|[of] p2a: Boom Boom Room\n|turn|1\n|\n|t:|1700322500\n|move|p1a: Sneasler|U-turn|p2a: Boom Boom Room\n|-supereffective|p2a: Boom Boom Room\n|-damage|p2a: Boom Boom Room|46\/100\n|\n|t:|1700322503\n|switch|p1a: Landorus|Landorus-Therian, M|100\/100|[from] U-turn\n|-ability|p1a: Landorus|Intimidate|boost\n|-unboost|p2a: Boom Boom Room|atk|1\n|move|p2a: Boom Boom Room|U-turn|p1a: Landorus\n|-resisted|p1a: Landorus\n|-damage|p1a: Landorus|86\/100\n|\n|t:|1700322506\n|switch|p2a: Feds Did a Sweep|Manaphy, shiny|100\/100|[from] U-turn\n|\n|-heal|p1a: Landorus|92\/100|[from] item: Leftovers\n|upkeep\n|turn|2\n|\n|t:|1700322511\n|move|p1a: Landorus|Taunt|p2a: Feds Did a Sweep\n|-start|p2a: Feds Did a Sweep|move: Taunt\n|cant|p2a: Feds Did a Sweep|move: Taunt|Acid Armor\n|\n|-heal|p1a: Landorus|98\/100|[from] item: Leftovers\n|upkeep\n|turn|3\n|\n|t:|1700322516\n|move|p1a: Landorus|U-turn|p2a: Feds Did a Sweep\n|-damage|p2a: Feds Did a Sweep|81\/100\n|\n|t:|1700322533\n|switch|p1a: Ogerpon|Ogerpon, F|100\/100|[from] U-turn\n|move|p2a: Feds Did a Sweep|Scald|p1a: Ogerpon\n|-resisted|p1a: Ogerpon\n|-damage|p1a: Ogerpon|86\/100\n|\n|-heal|p1a: Ogerpon|92\/100|[from] Grassy Terrain\n|-heal|p2a: Feds Did a Sweep|87\/100|[from] Grassy Terrain\n|-heal|p2a: Feds Did a Sweep|93\/100|[from] item: Leftovers\n|upkeep\n|turn|4\n|\n|t:|1700322544\n|switch|p2a: Don Cheadle|Cinderace, F, shiny|100\/100\n|move|p1a: Ogerpon|Knock Off|p2a: Don Cheadle\n|-damage|p2a: Don Cheadle|58\/100\n|-enditem|p2a: Don Cheadle|Heavy-Duty Boots|[from] move: Knock Off|[of] p1a: Ogerpon\n|\n|-heal|p2a: Don Cheadle|64\/100|[from] Grassy Terrain\n|-heal|p1a: Ogerpon|98\/100|[from] Grassy Terrain\n|upkeep\n|turn|5\n|\n|t:|1700322552\n|switch|p1a: Landorus|Landorus-Therian, M|98\/100\n|-ability|p1a: Landorus|Intimidate|boost\n|-unboost|p2a: Don Cheadle|atk|1\n|move|p2a: Don Cheadle|Pyro Ball|p1a: Landorus\n|-crit|p1a: Landorus\n|-damage|p1a: Landorus|0 fnt\n|faint|p1a: Landorus\n|\n|-heal|p2a: Don Cheadle|70\/100|[from] Grassy Terrain\n|-fieldend|move: Grassy Terrain\n|upkeep\n|\n|t:|1700322570\n|switch|p1a: Iron Moth|Iron Moth|100\/100\n|-enditem|p1a: Iron Moth|Booster Energy\n|-activate|p1a: Iron Moth|ability: Quark Drive|[fromitem]\n|-start|p1a: Iron Moth|quarkdrivespe\n|turn|6\n|\n|t:|1700322584\n|switch|p2a: Feds Did a Sweep|Manaphy, shiny|93\/100\n|move|p1a: Iron Moth|Substitute|p1a: Iron Moth\n|-start|p1a: Iron Moth|Substitute\n|-damage|p1a: Iron Moth|75\/100\n|\n|-heal|p2a: Feds Did a Sweep|99\/100|[from] item: Leftovers\n|upkeep\n|turn|7\n|\n|t:|1700322588\n|move|p1a: Iron Moth|Energy Ball|p2a: Feds Did a Sweep\n|-supereffective|p2a: Feds Did a Sweep\n|-damage|p2a: Feds Did a Sweep|44\/100\n|move|p2a: Feds Did a Sweep|Take Heart|p2a: Feds Did a Sweep\n|-boost|p2a: Feds Did a Sweep|spa|1\n|-boost|p2a: Feds Did a Sweep|spd|1\n|\n|-heal|p2a: Feds Did a Sweep|50\/100|[from] item: Leftovers\n|upkeep\n|turn|8\n|\n|t:|1700322593\n|-terastallize|p1a: Iron Moth|Grass\n|-terastallize|p2a: Feds Did a Sweep|Poison\n|move|p1a: Iron Moth|Energy Ball|p2a: Feds Did a Sweep\n|-resisted|p2a: Feds Did a Sweep\n|-damage|p2a: Feds Did a Sweep|37\/100\n|move|p2a: Feds Did a Sweep|Take Heart|p2a: Feds Did a Sweep\n|-boost|p2a: Feds Did a Sweep|spa|1\n|-boost|p2a: Feds Did a Sweep|spd|1\n|\n|-heal|p2a: Feds Did a Sweep|43\/100|[from] item: Leftovers\n|upkeep\n|turn|9\n|\n|t:|1700322606\n|move|p1a: Iron Moth|Fiery Dance|p2a: Feds Did a Sweep\n|-damage|p2a: Feds Did a Sweep|26\/100\n|move|p2a: Feds Did a Sweep|Stored Power|p1a: Iron Moth\n|-end|p1a: Iron Moth|Substitute\n|\n|-heal|p2a: Feds Did a Sweep|32\/100|[from] item: Leftovers\n|upkeep\n|turn|10\n|\n|t:|1700322612\n|move|p1a: Iron Moth|Fiery Dance|p2a: Feds Did a Sweep\n|-damage|p2a: Feds Did a Sweep|15\/100\n|move|p2a: Feds Did a Sweep|Scald|p1a: Iron Moth\n|-resisted|p1a: Iron Moth\n|-damage|p1a: Iron Moth|50\/100\n|\n|-heal|p2a: Feds Did a Sweep|21\/100|[from] item: Leftovers\n|upkeep\n|turn|11\n|\n|t:|1700322617\n|move|p1a: Iron Moth|Fiery Dance|p2a: Feds Did a Sweep\n|-damage|p2a: Feds Did a Sweep|5\/100\n|move|p2a: Feds Did a Sweep|Stored Power|p1a: Iron Moth\n|-damage|p1a: Iron Moth|7\/100\n|\n|-heal|p2a: Feds Did a Sweep|11\/100|[from] item: Leftovers\n|upkeep\n|turn|12\n|\n|t:|1700322622\n|move|p1a: Iron Moth|Fiery Dance|p2a: Feds Did a Sweep\n|-damage|p2a: Feds Did a Sweep|0 fnt\n|-boost|p1a: Iron Moth|spa|1\n|faint|p2a: Feds Did a Sweep\n|\n|upkeep\n|\n|t:|1700322625\n|switch|p2a: Boom Boom Room|Rillaboom, F|46\/100\n|-fieldstart|move: Grassy Terrain|[from] ability: Grassy Surge|[of] p2a: Boom Boom Room\n|turn|13\n|\n|t:|1700322628\n|-end|p1a: Iron Moth|Quark Drive|[silent]\n|switch|p1a: Corviknight|Corviknight, M|100\/100\n|-ability|p1a: Corviknight|Pressure\n|move|p2a: Boom Boom Room|Grassy Glide|p1a: Corviknight\n|-resisted|p1a: Corviknight\n|-damage|p1a: Corviknight|91\/100\n|-damage|p2a: Boom Boom Room|30\/100|[from] item: Rocky Helmet|[of] p1a: Corviknight\n|\n|-heal|p2a: Boom Boom Room|36\/100|[from] Grassy Terrain\n|upkeep\n|turn|14\n|\n|t:|1700322641\n|switch|p2a: Don Cheadle|Cinderace, F, shiny|70\/100\n|move|p1a: Corviknight|Brave Bird|p2a: Don Cheadle\n|-damage|p2a: Don Cheadle|15\/100\n|-damage|p1a: Corviknight|77\/100|[from] Recoil\n|\n|-heal|p2a: Don Cheadle|21\/100|[from] Grassy Terrain\n|upkeep\n|turn|15\n|\n|t:|1700322649\n|switch|p1a: Iron Moth|Iron Moth, tera:Grass|7\/100\n|move|p2a: Don Cheadle|Pyro Ball|p1a: Iron Moth\n|-supereffective|p1a: Iron Moth\n|-damage|p1a: Iron Moth|0 fnt\n|faint|p1a: Iron Moth\n|-end|p1a: Iron Moth|Quark Drive|[silent]\n|\n|-heal|p2a: Don Cheadle|27\/100|[from] Grassy Terrain\n|upkeep\n|\n|t:|1700322657\n|switch|p1a: Sneasler|Sneasler, F|100\/100\n|turn|16\n|\n|t:|1700322660\n|move|p1a: Sneasler|Dire Claw|p2a: Don Cheadle\n|-damage|p2a: Don Cheadle|0 fnt\n|faint|p2a: Don Cheadle\n|\n|upkeep\n|\n|t:|1700322663\n|switch|p2a: Creepin|Sneasler, F, shiny|100\/100\n|-enditem|p2a: Creepin|Grassy Seed\n|-boost|p2a: Creepin|def|1|[from] item: Grassy Seed\n|turn|17\n|\n|t:|1700322669\n|switch|p1a: Corviknight|Corviknight, M|77\/100\n|-ability|p1a: Corviknight|Pressure\n|move|p2a: Creepin|Dire Claw|p1a: Corviknight\n|-immune|p1a: Corviknight\n|\n|-fieldend|move: Grassy Terrain\n|upkeep\n|turn|18\n|\n|t:|1700322676\n|switch|p2a: Boom Boom Room|Rillaboom, F|36\/100\n|-fieldstart|move: Grassy Terrain|[from] ability: Grassy Surge|[of] p2a: Boom Boom Room\n|move|p1a: Corviknight|Brave Bird|p2a: Boom Boom Room\n|-supereffective|p2a: Boom Boom Room\n|-damage|p2a: Boom Boom Room|0 fnt\n|faint|p2a: Boom Boom Room\n|-damage|p1a: Corviknight|66\/100|[from] Recoil\n|\n|upkeep\n|\n|t:|1700322677\n|switch|p2a: Saint Laurent Hatt|Hatterene, F|100\/100\n|-enditem|p2a: Saint Laurent Hatt|Grassy Seed\n|-boost|p2a: Saint Laurent Hatt|def|1|[from] item: Grassy Seed\n|turn|19\n|\n|t:|1700322680\n|move|p1a: Corviknight|U-turn|p2a: Saint Laurent Hatt\n|-damage|p2a: Saint Laurent Hatt|92\/100\n|\n|t:|1700322682\n|switch|p1a: Sneasler|Sneasler, F|100\/100|[from] U-turn\n|move|p2a: Saint Laurent Hatt|Calm Mind|p2a: Saint Laurent Hatt\n|-boost|p2a: Saint Laurent Hatt|spa|1\n|-boost|p2a: Saint Laurent Hatt|spd|1\n|\n|-heal|p2a: Saint Laurent Hatt|98\/100|[from] Grassy Terrain\n|upkeep\n|turn|20\n|\n|t:|1700322687\n|move|p1a: Sneasler|Dire Claw|p2a: Saint Laurent Hatt\n|-supereffective|p2a: Saint Laurent Hatt\n|-damage|p2a: Saint Laurent Hatt|43\/100\n|move|p2a: Saint Laurent Hatt|Psyshock|p1a: Sneasler\n|-supereffective|p1a: Sneasler\n|-crit|p1a: Sneasler\n|-damage|p1a: Sneasler|0 fnt\n|faint|p1a: Sneasler\n|\n|-heal|p2a: Saint Laurent Hatt|49\/100|[from] Grassy Terrain\n|upkeep\n|\n|t:|1700322693\n|switch|p1a: Kingambit|Kingambit, M|100\/100\n|-activate|p1a: Kingambit|ability: Supreme Overlord\n|-start|p1a: Kingambit|fallen3|[silent]\n|turn|21\n|\n|t:|1700322697\n|move|p1a: Kingambit|Iron Head|p2a: Saint Laurent Hatt\n|-supereffective|p2a: Saint Laurent Hatt\n|-damage|p2a: Saint Laurent Hatt|0 fnt\n|faint|p2a: Saint Laurent Hatt\n|\n|upkeep\n|\n|t:|1700322702\n|switch|p2a: Creepin|Sneasler, F, shiny|100\/100\n|turn|22\n|\n|t:|1700322706\n|move|p2a: Creepin|Close Combat|p1a: Kingambit\n|-supereffective|p1a: Kingambit\n|-damage|p1a: Kingambit|0 fnt\n|-unboost|p2a: Creepin|def|1\n|-unboost|p2a: Creepin|spd|1\n|faint|p1a: Kingambit\n|-end|p1a: Kingambit|fallen3|[silent]\n|\n|-fieldend|move: Grassy Terrain\n|upkeep\n|\n|t:|1700322709\n|switch|p1a: Corviknight|Corviknight, M|66\/100\n|-ability|p1a: Corviknight|Pressure\n|turn|23\n|\n|t:|1700322711\n|move|p2a: Creepin|Close Combat|p1a: Corviknight\n|-damage|p1a: Corviknight|19\/100\n|-unboost|p2a: Creepin|def|1\n|-unboost|p2a: Creepin|spd|1\n|-damage|p2a: Creepin|84\/100|[from] item: Rocky Helmet|[of] p1a: Corviknight\n|move|p1a: Corviknight|Brave Bird|p2a: Creepin\n|-supereffective|p2a: Creepin\n|-damage|p2a: Creepin|0 fnt\n|faint|p2a: Creepin\n|-damage|p1a: Corviknight|0 fnt|[from] Recoil\n|faint|p1a: Corviknight\n|\n|upkeep\n|\n|t:|1700322714\n|switch|p2a: I Serve the Base|Ogerpon-Wellspring, F|100\/100\n|switch|p1a: Ogerpon|Ogerpon, F|98\/100\n|turn|24\n|\n|t:|1700322721\n|move|p2a: I Serve the Base|Swords Dance|p2a: I Serve the Base\n|-boost|p2a: I Serve the Base|atk|2\n|move|p1a: Ogerpon|Trailblaze|p2a: I Serve the Base\n|-damage|p2a: I Serve the Base|71\/100\n|-boost|p1a: Ogerpon|spe|1\n|\n|upkeep\n|turn|25\n|\n|t:|1700322730\n|move|p1a: Ogerpon|Ivy Cudgel|p2a: I Serve the Base\n|-crit|p2a: I Serve the Base\n|-damage|p2a: I Serve the Base|0 fnt\n|faint|p2a: I Serve the Base\n|\n|win|rectreemz\n|raw|rectreemz's rating: 1326 &rarr; <strong>1347<\/strong><br \/>(+21 for winning)\n|raw|Choice Bandington's rating: 1351 &rarr; <strong>1330<\/strong><br \/>(-21 for losing)\n|l|\u2606Choice Bandington\n","uploadtime":1700322742,"views":8,"p1id":"rectreemz","p2id":"choicebandington","formatid":"gen9ou","rating":1330,"private":0,"password":""}