{"id":"gen9ou-1995042328","p1":"RSGM","p2":"BartardAngel","format":"[Gen 9] OU","log":"|j|\u2606RSGM\n|j|\u2606BartardAngel\n|t:|1700516354\n|gametype|singles\n|player|p1|RSGM|morty|1219\n|player|p2|BartardAngel|169|1304\n|teamsize|p1|6\n|teamsize|p2|6\n|gen|9\n|tier|[Gen 9] OU\n|rated|\n|rule|Sleep Clause Mod: Limit one foe put to sleep\n|rule|Species Clause: Limit one of each Pok\u00e9mon\n|rule|OHKO Clause: OHKO moves are banned\n|rule|Evasion Items Clause: Evasion items are banned\n|rule|Evasion Moves Clause: Evasion moves are banned\n|rule|Endless Battle Clause: Forcing endless battles is banned\n|rule|HP Percentage Mod: HP is shown in percentages\n|clearpoke\n|poke|p1|Cinderace, F|\n|poke|p1|Great Tusk|\n|poke|p1|Gholdengo|\n|poke|p1|Sandy Shocks|\n|poke|p1|Enamorus, F|\n|poke|p1|Ogerpon-Wellspring, F|\n|poke|p2|Dragapult, F|\n|poke|p2|Iron Valiant|\n|poke|p2|Iron Thorns|\n|poke|p2|Zapdos|\n|poke|p2|Manaphy|\n|poke|p2|Thundurus, M|\n|teampreview\n|\n|t:|1700516369\n|start\n|switch|p1a: Sandy Shocks|Sandy Shocks|100\/100\n|switch|p2a: Dragapult|Dragapult, F|100\/100\n|-enditem|p1a: Sandy Shocks|Booster Energy\n|-activate|p1a: Sandy Shocks|ability: Protosynthesis|[fromitem]\n|-start|p1a: Sandy Shocks|protosynthesisspe\n|turn|1\n|\n|t:|1700516377\n|move|p1a: Sandy Shocks|Stealth Rock|p2a: Dragapult\n|-sidestart|p2: BartardAngel|move: Stealth Rock\n|move|p2a: Dragapult|Shadow Ball|p1a: Sandy Shocks\n|-damage|p1a: Sandy Shocks|60\/100\n|\n|upkeep\n|turn|2\n|\n|t:|1700516388\n|move|p1a: Sandy Shocks|Earth Power|p2a: Dragapult\n|-damage|p2a: Dragapult|55\/100\n|move|p2a: Dragapult|Light Screen|p2a: Dragapult\n|-sidestart|p2: BartardAngel|move: Light Screen\n|\n|upkeep\n|turn|3\n|\n|t:|1700516393\n|move|p1a: Sandy Shocks|Spikes|p2a: Dragapult\n|-sidestart|p2: BartardAngel|Spikes\n|move|p2a: Dragapult|Shadow Ball|p1a: Sandy Shocks\n|-damage|p1a: Sandy Shocks|14\/100\n|-unboost|p1a: Sandy Shocks|spd|1\n|\n|upkeep\n|turn|4\n|\n|t:|1700516400\n|move|p1a: Sandy Shocks|Spikes|p2a: Dragapult\n|-sidestart|p2: BartardAngel|Spikes\n|move|p2a: Dragapult|Shadow Ball|p1a: Sandy Shocks\n|-damage|p1a: Sandy Shocks|0 fnt\n|faint|p1a: Sandy Shocks\n|-end|p1a: Sandy Shocks|Protosynthesis|[silent]\n|\n|upkeep\n|\n|t:|1700516408\n|switch|p1a: Great Tusk|Great Tusk|100\/100\n|turn|5\n|inactive|Battle timer is ON: inactive players will automatically lose when time's up. (requested by RSGM)\n|\n|t:|1700516428\n|move|p2a: Dragapult|Draco Meteor|p1a: Great Tusk\n|-damage|p1a: Great Tusk|22\/100\n|-unboost|p2a: Dragapult|spa|2\n|move|p1a: Great Tusk|Bulk Up|p1a: Great Tusk\n|-boost|p1a: Great Tusk|atk|1\n|-boost|p1a: Great Tusk|def|1\n|\n|-heal|p1a: Great Tusk|29\/100|[from] item: Leftovers\n|upkeep\n|turn|6\n|\n|t:|1700516441\n|-end|p1a: Great Tusk|Protosynthesis|[silent]\n|switch|p1a: Enamorus|Enamorus, F|100\/100\n|move|p2a: Dragapult|Draco Meteor|p1a: Enamorus\n|-immune|p1a: Enamorus\n|\n|upkeep\n|turn|7\n|\n|t:|1700516458\n|switch|p2a: Thundurus|Thundurus, M|100\/100\n|-damage|p2a: Thundurus|76\/100|[from] Stealth Rock\n|move|p1a: Enamorus|Moonblast|p2a: Thundurus\n|-damage|p2a: Thundurus|48\/100\n|\n|upkeep\n|turn|8\n|\n|t:|1700516466\n|-terastallize|p1a: Enamorus|Fairy\n|move|p2a: Thundurus|Thunder Wave|p1a: Enamorus\n|-status|p1a: Enamorus|par\n|move|p1a: Enamorus|Moonblast|p2a: Thundurus\n|-damage|p2a: Thundurus|13\/100\n|\n|upkeep\n|turn|9\n|\n|t:|1700516475\n|move|p2a: Thundurus|Rain Dance|p2a: Thundurus\n|-weather|RainDance\n|move|p1a: Enamorus|Moonblast|p2a: Thundurus\n|-damage|p2a: Thundurus|0 fnt\n|faint|p2a: Thundurus\n|\n|-weather|RainDance|[upkeep]\n|-sideend|p2: BartardAngel|move: Light Screen\n|upkeep\n|\n|t:|1700516498\n|switch|p2a: Manaphy|Manaphy|100\/100\n|-damage|p2a: Manaphy|88\/100|[from] Stealth Rock\n|-damage|p2a: Manaphy|72\/100|[from] Spikes\n|turn|10\n|\n|t:|1700516507\n|move|p2a: Manaphy|Tail Glow|p2a: Manaphy\n|-boost|p2a: Manaphy|spa|3\n|move|p1a: Enamorus|Moonblast|p2a: Manaphy\n|-damage|p2a: Manaphy|16\/100\n|\n|-weather|RainDance|[upkeep]\n|-heal|p2a: Manaphy|22\/100|[from] item: Leftovers\n|upkeep\n|turn|11\n|\n|t:|1700516513\n|switch|p1a: Ogerpon|Ogerpon-Wellspring, F|100\/100\n|move|p2a: Manaphy|Rest|p2a: Manaphy\n|-status|p2a: Manaphy|slp|[from] move: Rest\n|-heal|p2a: Manaphy|100\/100 slp|[silent]\n|\n|-weather|RainDance|[upkeep]\n|-activate|p2a: Manaphy|ability: Hydration\n|-curestatus|p2a: Manaphy|slp|[msg]\n|upkeep\n|turn|12\n|\n|t:|1700516519\n|-terastallize|p2a: Manaphy|Fairy\n|move|p1a: Ogerpon|Swords Dance|p1a: Ogerpon\n|-boost|p1a: Ogerpon|atk|2\n|move|p2a: Manaphy|Dazzling Gleam|p1a: Ogerpon\n|-damage|p1a: Ogerpon|5\/100\n|\n|-weather|RainDance|[upkeep]\n|upkeep\n|turn|13\n|\n|t:|1700516528\n|move|p1a: Ogerpon|Ivy Cudgel|p2a: Manaphy|[anim] Ivy Cudgel Water\n|-damage|p2a: Manaphy|0 fnt\n|faint|p2a: Manaphy\n|\n|-weather|RainDance|[upkeep]\n|upkeep\n|\n|t:|1700516532\n|switch|p2a: Zapdos|Zapdos|100\/100\n|-damage|p2a: Zapdos|76\/100|[from] Stealth Rock\n|turn|14\n|\n|t:|1700516542\n|move|p1a: Ogerpon|Ivy Cudgel|p2a: Zapdos|[anim] Ivy Cudgel Water\n|-damage|p2a: Zapdos|0 fnt\n|faint|p2a: Zapdos\n|\n|-weather|RainDance|[upkeep]\n|upkeep\n|\n|t:|1700516551\n|switch|p2a: Dragapult|Dragapult, F|55\/100\n|-damage|p2a: Dragapult|43\/100|[from] Stealth Rock\n|-damage|p2a: Dragapult|26\/100|[from] Spikes\n|turn|15\n|\n|t:|1700516558\n|switch|p1a: Great Tusk|Great Tusk|29\/100\n|move|p2a: Dragapult|Shadow Ball|p1a: Great Tusk\n|-crit|p1a: Great Tusk\n|-damage|p1a: Great Tusk|0 fnt\n|faint|p1a: Great Tusk\n|-end|p1a: Great Tusk|Protosynthesis|[silent]\n|\n|-weather|RainDance|[upkeep]\n|upkeep\n|\n|t:|1700516562\n|switch|p1a: Enamorus|Enamorus, F, tera:Fairy|100\/100 par\n|turn|16\n|\n|t:|1700516569\n|move|p2a: Dragapult|Shadow Ball|p1a: Enamorus\n|-damage|p1a: Enamorus|56\/100 par\n|move|p1a: Enamorus|Healing Wish|p1a: Enamorus\n|faint|p1a: Enamorus\n|\n|-weather|none\n|upkeep\n|\n|t:|1700516578\n|switch|p1a: Ogerpon|Ogerpon-Wellspring, F|5\/100\n|-heal|p1a: Ogerpon|100\/100|[from] move: Healing Wish\n|turn|17\n|\n|t:|1700516593\n|move|p2a: Dragapult|Draco Meteor|p1a: Ogerpon|[miss]\n|-miss|p2a: Dragapult|p1a: Ogerpon\n|move|p1a: Ogerpon|Ivy Cudgel|p2a: Dragapult|[anim] Ivy Cudgel Water\n|-resisted|p2a: Dragapult\n|-damage|p2a: Dragapult|0 fnt\n|faint|p2a: Dragapult\n|\n|upkeep\n|\n|t:|1700516603\n|switch|p2a: Iron Thorns|Iron Thorns|100\/100\n|-damage|p2a: Iron Thorns|88\/100|[from] Stealth Rock\n|-damage|p2a: Iron Thorns|72\/100|[from] Spikes\n|-enditem|p2a: Iron Thorns|Booster Energy\n|-activate|p2a: Iron Thorns|ability: Quark Drive|[fromitem]\n|-start|p2a: Iron Thorns|quarkdriveatk\n|turn|18\n|\n|t:|1700516608\n|move|p1a: Ogerpon|Ivy Cudgel|p2a: Iron Thorns|[anim] Ivy Cudgel Water\n|-supereffective|p2a: Iron Thorns\n|-damage|p2a: Iron Thorns|0 fnt\n|faint|p2a: Iron Thorns\n|-end|p2a: Iron Thorns|Quark Drive|[silent]\n|\n|upkeep\n|-message|BartardAngel forfeited.\n|\n|win|RSGM\n|raw|RSGM's rating: 1236 &rarr; <strong>1266<\/strong><br \/>(+30 for winning)\n|raw|BartardAngel's rating: 1304 &rarr; <strong>1280<\/strong><br \/>(-24 for losing)\n|l|\u2606BartardAngel\n","uploadtime":1700516626,"views":5,"p1id":"rsgm","p2id":"bartardangel","formatid":"gen9ou","rating":1266,"private":0,"password":""}