{"id":"gen9ou-1988532378","p1":"Usopp D Gawd","p2":"koles jakis","format":"[Gen 9] OU","log":"|j|\u2606Usopp D Gawd\n|j|\u2606koles jakis\n|t:|1699733065\n|gametype|singles\n|player|p1|Usopp D Gawd|blue|1264\n|player|p2|koles jakis|burgh|1236\n|teamsize|p1|6\n|teamsize|p2|6\n|gen|9\n|tier|[Gen 9] OU\n|rated|\n|rule|Sleep Clause Mod: Limit one foe put to sleep\n|rule|Species Clause: Limit one of each Pok\u00e9mon\n|rule|OHKO Clause: OHKO moves are banned\n|rule|Evasion Items Clause: Evasion items are banned\n|rule|Evasion Moves Clause: Evasion moves are banned\n|rule|Endless Battle Clause: Forcing endless battles is banned\n|rule|HP Percentage Mod: HP is shown in percentages\n|clearpoke\n|poke|p1|Great Tusk|\n|poke|p1|Dragapult, M|\n|poke|p1|Iron Moth|\n|poke|p1|Ogerpon-Wellspring, F|\n|poke|p1|Uxie|\n|poke|p1|Clefable, F|\n|poke|p2|Heatran, M|\n|poke|p2|Gholdengo|\n|poke|p2|Tinkaton, F|\n|poke|p2|Scizor, F|\n|poke|p2|Corviknight, M|\n|poke|p2|Garganacl, M|\n|teampreview\n|inactive|Battle timer is ON: inactive players will automatically lose when time's up. (requested by koles jakis)\n|\n|t:|1699733077\n|start\n|switch|p1a: The Fur.|Uxie, shiny|100\/100\n|switch|p2a: Tinkaton|Tinkaton, F|100\/100\n|-ability|p2a: Tinkaton|Mold Breaker\n|turn|1\n|\n|t:|1699733087\n|move|p2a: Tinkaton|Thunder Wave|p1a: The Fur.\n|-status|p1a: The Fur.|par\n|move|p1a: The Fur.|Stealth Rock|p2a: Tinkaton\n|-sidestart|p2: koles jakis|move: Stealth Rock\n|\n|upkeep\n|turn|2\n|\n|t:|1699733094\n|move|p2a: Tinkaton|Gigaton Hammer|p1a: The Fur.\n|-damage|p1a: The Fur.|56\/100 par\n|move|p1a: The Fur.|Thunder Wave|p2a: Tinkaton\n|-status|p2a: Tinkaton|par\n|\n|-heal|p1a: The Fur.|62\/100 par|[from] item: Leftovers\n|upkeep\n|turn|3\n|\n|t:|1699733104\n|cant|p2a: Tinkaton|par\n|move|p1a: The Fur.|U-turn|p2a: Tinkaton\n|-resisted|p2a: Tinkaton\n|-damage|p2a: Tinkaton|97\/100 par\n|-damage|p1a: The Fur.|45\/100 par|[from] item: Rocky Helmet|[of] p2a: Tinkaton\n|\n|t:|1699733117\n|switch|p1a: Redveil|Iron Moth|100\/100|[from] U-turn\n|-enditem|p1a: Redveil|Booster Energy\n|-activate|p1a: Redveil|ability: Quark Drive|[fromitem]\n|-start|p1a: Redveil|quarkdrivespe\n|\n|upkeep\n|turn|4\n|\n|t:|1699733125\n|move|p1a: Redveil|Fiery Dance|p2a: Tinkaton\n|-supereffective|p2a: Tinkaton\n|-damage|p2a: Tinkaton|10\/100 par\n|move|p2a: Tinkaton|Thunder Wave|p1a: Redveil\n|-status|p1a: Redveil|par\n|\n|upkeep\n|turn|5\n|\n|t:|1699733134\n|switch|p2a: Heatran|Heatran, M|100\/100\n|-damage|p2a: Heatran|88\/100|[from] Stealth Rock\n|-item|p2a: Heatran|Air Balloon\n|move|p1a: Redveil|Fiery Dance|p2a: Heatran\n|-start|p2a: Heatran|ability: Flash Fire\n|\n|upkeep\n|turn|6\n|\n|t:|1699733144\n|move|p2a: Heatran|Iron Defense|p2a: Heatran\n|-boost|p2a: Heatran|def|2\n|move|p1a: Redveil|Psychic|p2a: Heatran\n|-resisted|p2a: Heatran\n|-damage|p2a: Heatran|74\/100\n|-enditem|p2a: Heatran|Air Balloon\n|\n|upkeep\n|turn|7\n|\n|t:|1699733153\n|-end|p1a: Redveil|Quark Drive|[silent]\n|switch|p1a: The Fur.|Uxie, shiny|45\/100 par\n|move|p2a: Heatran|Iron Defense|p2a: Heatran\n|-boost|p2a: Heatran|def|2\n|\n|-heal|p1a: The Fur.|51\/100 par|[from] item: Leftovers\n|upkeep\n|turn|8\n|\n|t:|1699733162\n|move|p2a: Heatran|Magma Storm|p1a: The Fur.\n|-damage|p1a: The Fur.|0 fnt\n|faint|p1a: The Fur.\n|\n|upkeep\n|\n|t:|1699733169\n|switch|p1a: ScrewStache|Great Tusk|100\/100\n|turn|9\n|\n|t:|1699733173\n|move|p1a: ScrewStache|Headlong Rush|p2a: Heatran\n|-supereffective|p2a: Heatran\n|-damage|p2a: Heatran|0 fnt\n|-unboost|p1a: ScrewStache|def|1\n|-unboost|p1a: ScrewStache|spd|1\n|faint|p2a: Heatran\n|\n|upkeep\n|\n|t:|1699733182\n|switch|p2a: Corviknight|Corviknight, M|100\/100\n|-damage|p2a: Corviknight|88\/100|[from] Stealth Rock\n|turn|10\n|\n|t:|1699733193\n|-end|p1a: ScrewStache|Protosynthesis|[silent]\n|switch|p1a: Ace Spectrum|Clefable, F|100\/100\n|move|p2a: Corviknight|Bulk Up|p2a: Corviknight\n|-boost|p2a: Corviknight|atk|1\n|-boost|p2a: Corviknight|def|1\n|\n|upkeep\n|turn|11\n|\n|t:|1699733202\n|-terastallize|p1a: Ace Spectrum|Water\n|move|p2a: Corviknight|Drill Peck|p1a: Ace Spectrum\n|-damage|p1a: Ace Spectrum|72\/100\n|move|p1a: Ace Spectrum|Calm Mind|p1a: Ace Spectrum\n|-boost|p1a: Ace Spectrum|spa|1\n|-boost|p1a: Ace Spectrum|spd|1\n|\n|-heal|p1a: Ace Spectrum|78\/100|[from] item: Leftovers\n|upkeep\n|turn|12\n|\n|t:|1699733214\n|switch|p2a: Garganacl|Garganacl, M|100\/100\n|-damage|p2a: Garganacl|88\/100|[from] Stealth Rock\n|move|p1a: Ace Spectrum|Thunderbolt|p2a: Garganacl\n|-damage|p2a: Garganacl|51\/100\n|\n|-heal|p1a: Ace Spectrum|84\/100|[from] item: Leftovers\n|-heal|p2a: Garganacl|57\/100|[from] item: Leftovers\n|upkeep\n|turn|13\n|\n|t:|1699733226\n|move|p1a: Ace Spectrum|Draining Kiss|p2a: Garganacl\n|-damage|p2a: Garganacl|26\/100\n|-heal|p1a: Ace Spectrum|100\/100|[from] drain|[of] p2a: Garganacl\n|move|p2a: Garganacl|Salt Cure|p1a: Ace Spectrum\n|-damage|p1a: Ace Spectrum|84\/100\n|-start|p1a: Ace Spectrum|Salt Cure\n|\n|-heal|p1a: Ace Spectrum|90\/100|[from] item: Leftovers\n|-heal|p2a: Garganacl|32\/100|[from] item: Leftovers\n|-damage|p1a: Ace Spectrum|65\/100|[from] Salt Cure\n|upkeep\n|turn|14\n|\n|t:|1699733238\n|move|p1a: Ace Spectrum|Ice Beam|p2a: Garganacl\n|-damage|p2a: Garganacl|0 fnt\n|faint|p2a: Garganacl\n|\n|-heal|p1a: Ace Spectrum|71\/100|[from] item: Leftovers\n|-damage|p1a: Ace Spectrum|46\/100|[from] Salt Cure\n|upkeep\n|\n|t:|1699733260\n|switch|p2a: Gholdengo|Gholdengo|100\/100\n|-damage|p2a: Gholdengo|94\/100|[from] Stealth Rock\n|turn|15\n|\n|t:|1699733266\n|move|p2a: Gholdengo|Nasty Plot|p2a: Gholdengo\n|-boost|p2a: Gholdengo|spa|2\n|move|p1a: Ace Spectrum|Thunderbolt|p2a: Gholdengo\n|-damage|p2a: Gholdengo|48\/100\n|-status|p2a: Gholdengo|par\n|\n|-heal|p1a: Ace Spectrum|52\/100|[from] item: Leftovers\n|-damage|p1a: Ace Spectrum|27\/100|[from] Salt Cure\n|upkeep\n|turn|16\n|\n|t:|1699733283\n|move|p1a: Ace Spectrum|Thunderbolt|p2a: Gholdengo\n|-crit|p2a: Gholdengo\n|-damage|p2a: Gholdengo|0 fnt\n|faint|p2a: Gholdengo\n|\n|-heal|p1a: Ace Spectrum|33\/100|[from] item: Leftovers\n|-damage|p1a: Ace Spectrum|9\/100|[from] Salt Cure\n|upkeep\n|\n|t:|1699733291\n|switch|p2a: Scizor|Scizor, F|100\/100\n|-damage|p2a: Scizor|88\/100|[from] Stealth Rock\n|turn|17\n|\n|t:|1699733298\n|move|p1a: Ace Spectrum|Thunderbolt|p2a: Scizor\n|-damage|p2a: Scizor|38\/100\n|move|p2a: Scizor|U-turn|p1a: Ace Spectrum\n|-damage|p1a: Ace Spectrum|0 fnt\n|faint|p1a: Ace Spectrum\n|\n|t:|1699733304\n|switch|p2a: Corviknight|Corviknight, M|88\/100|[from] U-turn\n|-damage|p2a: Corviknight|76\/100|[from] Stealth Rock\n|\n|upkeep\n|\n|t:|1699733312\n|switch|p1a: Jay Safari|Dragapult, M|100\/100\n|turn|18\n|\n|t:|1699733316\n|move|p1a: Jay Safari|Flamethrower|p2a: Corviknight\n|-supereffective|p2a: Corviknight\n|-enditem|p2a: Corviknight|Occa Berry|[eat]\n|-enditem|p2a: Corviknight|Occa Berry|[weaken]\n|-damage|p2a: Corviknight|52\/100\n|-status|p2a: Corviknight|brn\n|-damage|p1a: Jay Safari|91\/100|[from] item: Life Orb\n|move|p2a: Corviknight|Bulk Up|p2a: Corviknight\n|-boost|p2a: Corviknight|atk|1\n|-boost|p2a: Corviknight|def|1\n|\n|-damage|p2a: Corviknight|46\/100 brn|[from] brn\n|upkeep\n|turn|19\n|-message|koles jakis forfeited.\n|\n|win|Usopp D Gawd\n|raw|Usopp D Gawd's rating: 1264 &rarr; <strong>1287<\/strong><br \/>(+23 for winning)\n|raw|koles jakis's rating: 1236 &rarr; <strong>1213<\/strong><br \/>(-23 for losing)\n|l|\u2606koles jakis\n","uploadtime":1699733335,"views":14,"p1id":"usoppdgawd","p2id":"kolesjakis","formatid":"gen9ou","rating":1213,"private":0,"password":""}