{"id":"gen9ou-1992571682","p1":"Roziekat","p2":"frog pokemom","format":"[Gen 9] OU","log":"|j|\u2606Roziekat\n|j|\u2606frog pokemom\n|t:|1700207922\n|gametype|singles\n|player|p1|Roziekat|rosa|1104\n|player|p2|frog pokemom|ghetsis|1164\n|teamsize|p1|6\n|teamsize|p2|6\n|gen|9\n|tier|[Gen 9] OU\n|rated|\n|rule|Sleep Clause Mod: Limit one foe put to sleep\n|rule|Species Clause: Limit one of each Pok\u00e9mon\n|rule|OHKO Clause: OHKO moves are banned\n|rule|Evasion Items Clause: Evasion items are banned\n|rule|Evasion Moves Clause: Evasion moves are banned\n|rule|Endless Battle Clause: Forcing endless battles is banned\n|rule|HP Percentage Mod: HP is shown in percentages\n|clearpoke\n|poke|p1|Umbreon, F|\n|poke|p1|Sylveon, M|\n|poke|p1|Espeon, M|\n|poke|p1|Vaporeon, F|\n|poke|p1|Jolteon, M|\n|poke|p1|Flareon, F|\n|poke|p2|Blissey, F|\n|poke|p2|Forretress, M|\n|poke|p2|Ninetales, F|\n|poke|p2|Dragonite, F|\n|poke|p2|Rotom-Wash|\n|poke|p2|Gengar, M|\n|teampreview\n|inactive|Battle timer is ON: inactive players will automatically lose when time's up. (requested by Roziekat)\n|c|\u2606frog pokemom|Nice\n|\n|t:|1700207943\n|start\n|switch|p1a: Umbreon|Umbreon, F, shiny|100\/100\n|switch|p2a: Blissey|Blissey, F|100\/100\n|turn|1\n|\n|t:|1700207961\n|move|p1a: Umbreon|Substitute|p1a: Umbreon\n|-start|p1a: Umbreon|Substitute\n|-damage|p1a: Umbreon|76\/100\n|move|p2a: Blissey|Stealth Rock|p1a: Umbreon\n|-sidestart|p1: Roziekat|move: Stealth Rock\n|\n|-heal|p1a: Umbreon|82\/100|[from] item: Leftovers\n|upkeep\n|turn|2\n|\n|t:|1700207970\n|move|p1a: Umbreon|Toxic|p2a: Blissey\n|-status|p2a: Blissey|tox\n|move|p2a: Blissey|Seismic Toss|p1a: Umbreon\n|-end|p1a: Umbreon|Substitute\n|\n|-heal|p1a: Umbreon|88\/100|[from] item: Leftovers\n|-damage|p2a: Blissey|94\/100 tox|[from] psn\n|upkeep\n|turn|3\n|\n|t:|1700207987\n|switch|p1a: Sylveon|Sylveon, M, shiny|100\/100\n|-damage|p1a: Sylveon|88\/100|[from] Stealth Rock\n|move|p2a: Blissey|Seismic Toss|p1a: Sylveon\n|-damage|p1a: Sylveon|63\/100\n|\n|-heal|p1a: Sylveon|69\/100|[from] item: Leftovers\n|-damage|p2a: Blissey|82\/100 tox|[from] psn\n|upkeep\n|turn|4\n|\n|t:|1700208002\n|move|p1a: Sylveon|Calm Mind|p1a: Sylveon\n|-boost|p1a: Sylveon|spa|1\n|-boost|p1a: Sylveon|spd|1\n|move|p2a: Blissey|Seismic Toss|p1a: Sylveon\n|-damage|p1a: Sylveon|43\/100\n|\n|-heal|p1a: Sylveon|49\/100|[from] item: Leftovers\n|-damage|p2a: Blissey|64\/100 tox|[from] psn\n|upkeep\n|turn|5\n|\n|t:|1700208012\n|move|p1a: Sylveon|Wish|p1a: Sylveon\n|move|p2a: Blissey|Seismic Toss|p1a: Sylveon\n|-damage|p1a: Sylveon|24\/100\n|\n|-heal|p1a: Sylveon|30\/100|[from] item: Leftovers\n|-damage|p2a: Blissey|39\/100 tox|[from] psn\n|upkeep\n|turn|6\n|\n|t:|1700208021\n|move|p1a: Sylveon|Protect|p1a: Sylveon\n|-singleturn|p1a: Sylveon|Protect\n|move|p2a: Blissey|Seismic Toss|p1a: Sylveon\n|-activate|p1a: Sylveon|move: Protect\n|\n|-heal|p1a: Sylveon|80\/100|[from] move: Wish|[wisher] Sylveon\n|-heal|p1a: Sylveon|86\/100|[from] item: Leftovers\n|-damage|p2a: Blissey|8\/100 tox|[from] psn\n|upkeep\n|turn|7\n|\n|t:|1700208033\n|move|p1a: Sylveon|Calm Mind|p1a: Sylveon\n|-boost|p1a: Sylveon|spa|1\n|-boost|p1a: Sylveon|spd|1\n|move|p2a: Blissey|Soft-Boiled|p2a: Blissey\n|-heal|p2a: Blissey|58\/100 tox\n|\n|-heal|p1a: Sylveon|92\/100|[from] item: Leftovers\n|-damage|p2a: Blissey|22\/100 tox|[from] psn\n|upkeep\n|turn|8\n|\n|t:|1700208055\n|-curestatus|p2a: Blissey|tox|[from] ability: Natural Cure\n|switch|p2a: Forretress|Forretress, M|100\/100\n|move|p1a: Sylveon|Calm Mind|p1a: Sylveon\n|-boost|p1a: Sylveon|spa|1\n|-boost|p1a: Sylveon|spd|1\n|\n|-heal|p1a: Sylveon|98\/100|[from] item: Leftovers\n|upkeep\n|turn|9\n|\n|t:|1700208071\n|move|p1a: Sylveon|Hyper Voice|p2a: Forretress\n|-resisted|p2a: Forretress\n|-damage|p2a: Forretress|27\/100\n|move|p2a: Forretress|Gyro Ball|p1a: Sylveon\n|-supereffective|p1a: Sylveon\n|-damage|p1a: Sylveon|61\/100\n|\n|-heal|p1a: Sylveon|68\/100|[from] item: Leftovers\n|-heal|p2a: Forretress|33\/100|[from] item: Leftovers\n|upkeep\n|turn|10\n|\n|t:|1700208082\n|move|p1a: Sylveon|Hyper Voice|p2a: Forretress\n|-resisted|p2a: Forretress\n|-damage|p2a: Forretress|0 fnt\n|faint|p2a: Forretress\n|\n|-heal|p1a: Sylveon|74\/100|[from] item: Leftovers\n|upkeep\n|inactive|frog pokemom has 120 seconds left.\n|\n|t:|1700208094\n|switch|p2a: Gengar|Gengar, M|100\/100\n|turn|11\n|\n|t:|1700208098\n|move|p2a: Gengar|Sludge Bomb|p1a: Sylveon\n|-supereffective|p1a: Sylveon\n|-damage|p1a: Sylveon|52\/100\n|move|p1a: Sylveon|Wish|p1a: Sylveon\n|\n|-heal|p1a: Sylveon|58\/100|[from] item: Leftovers\n|upkeep\n|turn|12\n|\n|t:|1700208116\n|move|p2a: Gengar|Sludge Bomb|p1a: Sylveon\n|-supereffective|p1a: Sylveon\n|-damage|p1a: Sylveon|40\/100\n|move|p1a: Sylveon|Calm Mind|p1a: Sylveon\n|-boost|p1a: Sylveon|spa|1\n|-boost|p1a: Sylveon|spd|1\n|\n|-heal|p1a: Sylveon|90\/100|[from] move: Wish|[wisher] Sylveon\n|-heal|p1a: Sylveon|96\/100|[from] item: Leftovers\n|upkeep\n|turn|13\n|\n|t:|1700208134\n|move|p2a: Gengar|Destiny Bond|p2a: Gengar\n|-singlemove|p2a: Gengar|Destiny Bond\n|move|p1a: Sylveon|Calm Mind|p1a: Sylveon\n|-boost|p1a: Sylveon|spa|1\n|-boost|p1a: Sylveon|spd|1\n|\n|-heal|p1a: Sylveon|100\/100|[from] item: Leftovers\n|upkeep\n|turn|14\n|\n|t:|1700208148\n|move|p2a: Gengar|Sludge Bomb|p1a: Sylveon\n|-supereffective|p1a: Sylveon\n|-damage|p1a: Sylveon|87\/100\n|-status|p1a: Sylveon|psn\n|move|p1a: Sylveon|Wish|p1a: Sylveon\n|\n|-heal|p1a: Sylveon|93\/100 psn|[from] item: Leftovers\n|-damage|p1a: Sylveon|80\/100 psn|[from] psn\n|upkeep\n|turn|15\n|\n|t:|1700208160\n|move|p2a: Gengar|Destiny Bond|p2a: Gengar\n|-singlemove|p2a: Gengar|Destiny Bond\n|move|p1a: Sylveon|Calm Mind|p1a: Sylveon\n|-boost|p1a: Sylveon|spa|1\n|-boost|p1a: Sylveon|spd|1\n|\n|-heal|p1a: Sylveon|100\/100 psn|[from] move: Wish|[wisher] Sylveon\n|-damage|p1a: Sylveon|88\/100 psn|[from] psn\n|upkeep\n|turn|16\n|inactive|Roziekat has 120 seconds left.\n|\n|t:|1700208184\n|move|p2a: Gengar|Shadow Ball|p1a: Sylveon\n|-damage|p1a: Sylveon|83\/100 psn\n|-unboost|p1a: Sylveon|spd|1\n|move|p1a: Sylveon|Hyper Voice|p2a: Gengar\n|-resisted|p2a: Gengar\n|-enditem|p2a: Gengar|Focus Sash\n|-damage|p2a: Gengar|1\/100\n|\n|-heal|p1a: Sylveon|89\/100 psn|[from] item: Leftovers\n|-damage|p1a: Sylveon|76\/100 psn|[from] psn\n|upkeep\n|turn|17\n|inactive|Roziekat has 120 seconds left.\n|\n|t:|1700208198\n|move|p2a: Gengar|Destiny Bond|p2a: Gengar\n|-singlemove|p2a: Gengar|Destiny Bond\n|move|p1a: Sylveon|Hyper Voice|p2a: Gengar\n|-resisted|p2a: Gengar\n|-damage|p2a: Gengar|0 fnt\n|-start|p1a: Sylveon|Disable|Hyper Voice|[from] ability: Cursed Body|[of] p2a: Gengar\n|faint|p2a: Gengar\n|-activate|p2a: Gengar|move: Destiny Bond\n|faint|p1a: Sylveon\n|\n|upkeep\n|inactive|Roziekat has 120 seconds left.\n|\n|t:|1700208222\n|switch|p2a: Rotom|Rotom-Wash|100\/100\n|switch|p1a: Umbreon|Umbreon, F, shiny|88\/100\n|-damage|p1a: Umbreon|75\/100|[from] Stealth Rock\n|turn|18\n|\n|t:|1700208229\n|move|p2a: Rotom|Will-O-Wisp|p1a: Umbreon|[miss]\n|-miss|p2a: Rotom|p1a: Umbreon\n|move|p1a: Umbreon|Substitute|p1a: Umbreon\n|-start|p1a: Umbreon|Substitute\n|-damage|p1a: Umbreon|50\/100\n|\n|-heal|p1a: Umbreon|57\/100|[from] item: Leftovers\n|upkeep\n|turn|19\n|\n|t:|1700208245\n|move|p2a: Rotom|Hydro Pump|p1a: Umbreon\n|-activate|p1a: Umbreon|move: Substitute|[damage]\n|move|p1a: Umbreon|Toxic|p2a: Rotom\n|-status|p2a: Rotom|tox\n|\n|-heal|p1a: Umbreon|63\/100|[from] item: Leftovers\n|-damage|p2a: Rotom|94\/100 tox|[from] psn\n|upkeep\n|turn|20\n|\n|t:|1700208256\n|move|p2a: Rotom|Volt Switch|p1a: Umbreon\n|-end|p1a: Umbreon|Substitute\n|\n|t:|1700208260\n|switch|p2a: Blissey|Blissey, F|22\/100|[from] Volt Switch\n|move|p1a: Umbreon|Moonlight|p1a: Umbreon\n|-heal|p1a: Umbreon|100\/100\n|\n|upkeep\n|turn|21\n|\n|t:|1700208270\n|move|p1a: Umbreon|Substitute|p1a: Umbreon\n|-start|p1a: Umbreon|Substitute\n|-damage|p1a: Umbreon|76\/100\n|move|p2a: Blissey|Soft-Boiled|p2a: Blissey\n|-heal|p2a: Blissey|72\/100\n|\n|-heal|p1a: Umbreon|82\/100|[from] item: Leftovers\n|upkeep\n|turn|22\n|\n|t:|1700208280\n|move|p1a: Umbreon|Toxic|p2a: Blissey\n|-status|p2a: Blissey|tox\n|move|p2a: Blissey|Seismic Toss|p1a: Umbreon\n|-end|p1a: Umbreon|Substitute\n|\n|-heal|p1a: Umbreon|88\/100|[from] item: Leftovers\n|-damage|p2a: Blissey|66\/100 tox|[from] psn\n|upkeep\n|turn|23\n|\n|t:|1700208296\n|-curestatus|p2a: Blissey|tox|[from] ability: Natural Cure\n|switch|p2a: Ninetales|Ninetales, F|100\/100\n|-weather|SunnyDay|[from] ability: Drought|[of] p2a: Ninetales\n|-terastallize|p1a: Umbreon|Steel\n|move|p1a: Umbreon|Substitute|p1a: Umbreon\n|-start|p1a: Umbreon|Substitute\n|-damage|p1a: Umbreon|63\/100\n|\n|-weather|SunnyDay|[upkeep]\n|-heal|p1a: Umbreon|69\/100|[from] item: Leftovers\n|upkeep\n|turn|24\n|\n|t:|1700208321\n|move|p2a: Ninetales|Overheat|p1a: Umbreon\n|-supereffective|p1a: Umbreon\n|-end|p1a: Umbreon|Substitute\n|-unboost|p2a: Ninetales|spa|2\n|move|p1a: Umbreon|Toxic|p2a: Ninetales\n|-status|p2a: Ninetales|tox\n|\n|-weather|SunnyDay|[upkeep]\n|-heal|p1a: Umbreon|75\/100|[from] item: Leftovers\n|-damage|p2a: Ninetales|94\/100 tox|[from] psn\n|upkeep\n|turn|25\n|\n|t:|1700208341\n|switch|p1a: Flareon|Flareon, F, shiny|100\/100\n|move|p2a: Ninetales|Confuse Ray|p1a: Flareon\n|-start|p1a: Flareon|confusion\n|\n|-weather|SunnyDay|[upkeep]\n|-damage|p2a: Ninetales|82\/100 tox|[from] psn\n|upkeep\n|turn|26\n|\n|t:|1700208355\n|move|p2a: Ninetales|Substitute|p2a: Ninetales\n|-start|p2a: Ninetales|Substitute\n|-damage|p2a: Ninetales|58\/100 tox\n|-activate|p1a: Flareon|confusion\n|move|p1a: Flareon|Rest|p1a: Flareon\n|-fail|p1a: Flareon|heal\n|\n|-weather|SunnyDay|[upkeep]\n|-damage|p2a: Ninetales|40\/100 tox|[from] psn\n|upkeep\n|turn|27\n|inactive|frog pokemom has 120 seconds left.\n|\n|t:|1700208384\n|move|p2a: Ninetales|Overheat|p1a: Flareon\n|-start|p1a: Flareon|ability: Flash Fire\n|-activate|p1a: Flareon|confusion\n|move|p1a: Flareon|Flamethrower|p2a: Ninetales\n|-resisted|p2a: Ninetales\n|-end|p2a: Ninetales|Substitute\n|\n|-weather|SunnyDay|[upkeep]\n|-damage|p2a: Ninetales|16\/100 tox|[from] psn\n|upkeep\n|turn|28\n|\n|t:|1700208405\n|move|p2a: Ninetales|Confuse Ray||[still]\n|-fail|p2a: Ninetales\n|-activate|p1a: Flareon|confusion\n|-damage|p1a: Flareon|84\/100|[from] confusion\n|\n|-weather|SunnyDay|[upkeep]\n|-damage|p2a: Ninetales|0 fnt|[from] psn\n|faint|p2a: Ninetales\n|upkeep\n|\n|t:|1700208415\n|switch|p2a: Dragonite|Dragonite, F|100\/100\n|turn|29\n|\n|t:|1700208427\n|move|p2a: Dragonite|Dragon Dance|p2a: Dragonite\n|-boost|p2a: Dragonite|atk|1\n|-boost|p2a: Dragonite|spe|1\n|-activate|p1a: Flareon|confusion\n|move|p1a: Flareon|Will-O-Wisp|p2a: Dragonite|[miss]\n|-miss|p1a: Flareon|p2a: Dragonite\n|\n|-weather|SunnyDay|[upkeep]\n|upkeep\n|turn|30\n|\n|t:|1700208444\n|move|p2a: Dragonite|Earthquake|p1a: Flareon\n|-supereffective|p1a: Flareon\n|-damage|p1a: Flareon|0 fnt\n|faint|p1a: Flareon\n|\n|-weather|none\n|upkeep\n|\n|t:|1700208457\n|switch|p1a: Jolteon|Jolteon, M, shiny|100\/100\n|turn|31\n|\n|t:|1700208467\n|move|p1a: Jolteon|Yawn|p2a: Dragonite\n|-start|p2a: Dragonite|move: Yawn|[of] p1a: Jolteon\n|move|p2a: Dragonite|Earthquake|p1a: Jolteon\n|-supereffective|p1a: Jolteon\n|-damage|p1a: Jolteon|0 fnt\n|faint|p1a: Jolteon\n|\n|upkeep\n|\n|t:|1700208484\n|switch|p1a: Espeon|Espeon, M, shiny|100\/100\n|turn|32\n|\n|t:|1700208490\n|move|p1a: Espeon|Draining Kiss|p2a: Dragonite\n|-supereffective|p2a: Dragonite\n|-damage|p2a: Dragonite|85\/100\n|move|p2a: Dragonite|Earthquake|p1a: Espeon\n|-damage|p1a: Espeon|0 fnt\n|faint|p1a: Espeon\n|\n|-end|p2a: Dragonite|move: Yawn|[silent]\n|-status|p2a: Dragonite|slp\n|upkeep\n|-message|Roziekat forfeited.\n|\n|win|frog pokemom\n|raw|Roziekat's rating: 1104 &rarr; <strong>1083<\/strong><br \/>(-21 for losing)\n|raw|frog pokemom's rating: 1164 &rarr; <strong>1185<\/strong><br \/>(+21 for winning)\n|l|\u2606Roziekat\n","uploadtime":1700208502,"views":8,"p1id":"roziekat","p2id":"frogpokemom","formatid":"gen9ou","rating":1083,"private":0,"password":""}