{"id":"gen9ou-1992049012","p1":"Lmanzz","p2":"shuuro","format":"[Gen 9] OU","log":"|j|\u2606Lmanzz\n|j|\u2606shuuro\n|t:|1700150794\n|gametype|singles\n|player|p1|Lmanzz|ninjaboy|1446\n|player|p2|shuuro|backers|1354\n|teamsize|p1|6\n|teamsize|p2|6\n|gen|9\n|tier|[Gen 9] OU\n|rated|\n|rule|Sleep Clause Mod: Limit one foe put to sleep\n|rule|Species Clause: Limit one of each Pok\u00e9mon\n|rule|OHKO Clause: OHKO moves are banned\n|rule|Evasion Items Clause: Evasion items are banned\n|rule|Evasion Moves Clause: Evasion moves are banned\n|rule|Endless Battle Clause: Forcing endless battles is banned\n|rule|HP Percentage Mod: HP is shown in percentages\n|clearpoke\n|poke|p1|Heatran, F|\n|poke|p1|Kingambit, M|\n|poke|p1|Rillaboom, M|\n|poke|p1|Iron Moth|\n|poke|p1|Garchomp, F|\n|poke|p1|Corviknight, F|\n|poke|p2|Dondozo, F|\n|poke|p2|Slowking-Galar, M|\n|poke|p2|Sneasler, M|\n|poke|p2|Thundurus-Therian, M|\n|poke|p2|Cinderace, M|\n|poke|p2|Rillaboom, F|\n|teampreview\n|\n|t:|1700150833\n|start\n|switch|p1a: Rillaboom|Rillaboom, M|100\/100\n|switch|p2a: Rillaboom|Rillaboom, F|100\/100\n|-fieldstart|move: Grassy Terrain|[from] ability: Grassy Surge|[of] p2a: Rillaboom\n|turn|1\n|inactive|Battle timer is ON: inactive players will automatically lose when time's up. (requested by Lmanzz)\n|\n|t:|1700150843\n|switch|p1a: Corviknight|Corviknight, F, shiny|100\/100\n|move|p2a: Rillaboom|U-turn|p1a: Corviknight\n|-resisted|p1a: Corviknight\n|-damage|p1a: Corviknight|95\/100\n|-damage|p2a: Rillaboom|84\/100|[from] item: Rocky Helmet|[of] p1a: Corviknight\n|\n|t:|1700150863\n|switch|p2a: Cinderace|Cinderace, M|100\/100|[from] U-turn\n|\n|upkeep\n|turn|2\n|\n|t:|1700150868\n|switch|p1a: Garchomp|Garchomp, F, shiny|100\/100\n|move|p2a: Cinderace|U-turn|p1a: Garchomp\n|-start|p2a: Cinderace|typechange|Bug|[from] ability: Libero\n|-damage|p1a: Garchomp|83\/100\n|-damage|p2a: Cinderace|88\/100|[from] ability: Rough Skin|[of] p1a: Garchomp\n|-damage|p2a: Cinderace|72\/100|[from] item: Rocky Helmet|[of] p1a: Garchomp\n|\n|t:|1700150882\n|switch|p2a: Rillaboom|Rillaboom, F|84\/100|[from] U-turn\n|\n|-heal|p2a: Rillaboom|90\/100|[from] Grassy Terrain\n|-heal|p1a: Garchomp|89\/100|[from] Grassy Terrain\n|upkeep\n|turn|3\n|\n|t:|1700150890\n|move|p2a: Rillaboom|Wood Hammer|p1a: Garchomp\n|-damage|p1a: Garchomp|4\/100\n|-damage|p2a: Rillaboom|78\/100|[from] ability: Rough Skin|[of] p1a: Garchomp\n|-damage|p2a: Rillaboom|61\/100|[from] item: Rocky Helmet|[of] p1a: Garchomp\n|-damage|p2a: Rillaboom|27\/100|[from] Recoil\n|move|p1a: Garchomp|Dragon Tail|p2a: Rillaboom\n|-damage|p2a: Rillaboom|0 fnt\n|faint|p2a: Rillaboom\n|\n|-heal|p1a: Garchomp|10\/100|[from] Grassy Terrain\n|upkeep\n|\n|t:|1700150907\n|switch|p2a: Cinderace|Cinderace, M|72\/100\n|turn|4\n|\n|t:|1700150916\n|move|p2a: Cinderace|U-turn|p1a: Garchomp\n|-start|p2a: Cinderace|typechange|Bug|[from] ability: Libero\n|-damage|p1a: Garchomp|0 fnt\n|-damage|p2a: Cinderace|59\/100|[from] ability: Rough Skin|[of] p1a: Garchomp\n|-damage|p2a: Cinderace|43\/100|[from] item: Rocky Helmet|[of] p1a: Garchomp\n|faint|p1a: Garchomp\n|\n|t:|1700150918\n|switch|p2a: Sneasler|Sneasler, M|100\/100|[from] U-turn\n|-enditem|p2a: Sneasler|Grassy Seed\n|-boost|p2a: Sneasler|def|1|[from] item: Grassy Seed\n|\n|upkeep\n|\n|t:|1700150929\n|switch|p1a: Corviknight|Corviknight, F, shiny|95\/100\n|turn|5\n|\n|t:|1700150938\n|-terastallize|p2a: Sneasler|Flying\n|move|p2a: Sneasler|Swords Dance|p2a: Sneasler\n|-boost|p2a: Sneasler|atk|2\n|move|p1a: Corviknight|Brave Bird|p2a: Sneasler\n|-crit|p2a: Sneasler\n|-damage|p2a: Sneasler|8\/100\n|-damage|p1a: Corviknight|72\/100|[from] Recoil\n|\n|-fieldend|move: Grassy Terrain\n|upkeep\n|turn|6\n|\n|t:|1700150943\n|move|p2a: Sneasler|Close Combat|p1a: Corviknight\n|-damage|p1a: Corviknight|0 fnt\n|-unboost|p2a: Sneasler|def|1\n|-unboost|p2a: Sneasler|spd|1\n|-damage|p2a: Sneasler|0 fnt|[from] item: Rocky Helmet|[of] p1a: Corviknight\n|faint|p1a: Corviknight\n|faint|p2a: Sneasler\n|\n|upkeep\n|\n|t:|1700150951\n|switch|p2a: Thundurus|Thundurus-Therian, M|100\/100\n|switch|p1a: Heatran|Heatran, F, shiny|100\/100\n|turn|7\n|\n|t:|1700150953\n|move|p2a: Thundurus|Volt Switch|p1a: Heatran\n|-damage|p1a: Heatran|44\/100\n|\n|t:|1700150959\n|switch|p2a: Slowking|Slowking-Galar, M|100\/100|[from] Volt Switch\n|move|p1a: Heatran|Magma Storm|p2a: Slowking\n|-damage|p2a: Slowking|64\/100\n|-activate|p2a: Slowking|move: Magma Storm|[of] p1a: Heatran\n|\n|-heal|p1a: Heatran|50\/100|[from] item: Leftovers\n|-damage|p2a: Slowking|52\/100|[from] move: Magma Storm|[partiallytrapped]\n|upkeep\n|turn|8\n|\n|t:|1700150963\n|move|p1a: Heatran|Taunt|p2a: Slowking\n|-start|p2a: Slowking|move: Taunt\n|cant|p2a: Slowking|move: Taunt|Chilly Reception\n|\n|-heal|p1a: Heatran|57\/100|[from] item: Leftovers\n|-damage|p2a: Slowking|39\/100|[from] move: Magma Storm|[partiallytrapped]\n|upkeep\n|turn|9\n|\n|t:|1700150969\n|move|p1a: Heatran|Earth Power|p2a: Slowking\n|-supereffective|p2a: Slowking\n|-damage|p2a: Slowking|0 fnt\n|faint|p2a: Slowking\n|\n|-heal|p1a: Heatran|63\/100|[from] item: Leftovers\n|upkeep\n|\n|t:|1700150974\n|switch|p2a: Dondozo|Dondozo, F|100\/100\n|turn|10\n|\n|t:|1700150987\n|move|p1a: Heatran|Taunt|p2a: Dondozo\n|-start|p2a: Dondozo|move: Taunt\n|cant|p2a: Dondozo|move: Taunt|Curse\n|\n|-heal|p1a: Heatran|69\/100|[from] item: Leftovers\n|upkeep\n|turn|11\n|\n|t:|1700151000\n|-terastallize|p1a: Heatran|Grass\n|move|p1a: Heatran|Magma Storm|p2a: Dondozo\n|-resisted|p2a: Dondozo\n|-damage|p2a: Dondozo|75\/100\n|-activate|p2a: Dondozo|move: Magma Storm|[of] p1a: Heatran\n|move|p2a: Dondozo|Body Press|p1a: Heatran\n|-damage|p1a: Heatran|44\/100\n|\n|-heal|p1a: Heatran|50\/100|[from] item: Leftovers\n|-damage|p2a: Dondozo|63\/100|[from] move: Magma Storm|[partiallytrapped]\n|upkeep\n|turn|12\n|\n|t:|1700151007\n|move|p1a: Heatran|Earth Power|p2a: Dondozo\n|-damage|p2a: Dondozo|28\/100\n|move|p2a: Dondozo|Body Press|p1a: Heatran\n|-damage|p1a: Heatran|27\/100\n|\n|-heal|p1a: Heatran|34\/100|[from] item: Leftovers\n|-damage|p2a: Dondozo|15\/100|[from] move: Magma Storm|[partiallytrapped]\n|-end|p2a: Dondozo|move: Taunt\n|upkeep\n|turn|13\n|\n|t:|1700151014\n|move|p1a: Heatran|Earth Power|p2a: Dondozo\n|-damage|p2a: Dondozo|0 fnt\n|faint|p2a: Dondozo\n|\n|-heal|p1a: Heatran|40\/100|[from] item: Leftovers\n|upkeep\n|\n|t:|1700151021\n|switch|p2a: Thundurus|Thundurus-Therian, M|100\/100\n|turn|14\n|\n|t:|1700151027\n|move|p1a: Heatran|Protect|p1a: Heatran\n|-singleturn|p1a: Heatran|Protect\n|move|p2a: Thundurus|Thunderbolt|p1a: Heatran\n|-activate|p1a: Heatran|move: Protect\n|\n|-heal|p1a: Heatran|46\/100|[from] item: Leftovers\n|upkeep\n|turn|15\n|\n|t:|1700151032\n|move|p2a: Thundurus|Thunderbolt|p1a: Heatran\n|-resisted|p1a: Heatran\n|-damage|p1a: Heatran|10\/100\n|-status|p1a: Heatran|par\n|move|p1a: Heatran|Magma Storm|p2a: Thundurus\n|-damage|p2a: Thundurus|28\/100\n|-activate|p2a: Thundurus|move: Magma Storm|[of] p1a: Heatran\n|\n|-heal|p1a: Heatran|17\/100 par|[from] item: Leftovers\n|-damage|p2a: Thundurus|16\/100|[from] move: Magma Storm|[partiallytrapped]\n|upkeep\n|turn|16\n|-message|shuuro forfeited.\n|\n|win|Lmanzz\n|raw|Lmanzz's rating: 1446 &rarr; <strong>1461<\/strong><br \/>(+15 for winning)\n|raw|shuuro's rating: 1354 &rarr; <strong>1339<\/strong><br \/>(-15 for losing)\n|l|\u2606shuuro\n","uploadtime":1700151045,"views":21,"p1id":"lmanzz","p2id":"shuuro","formatid":"gen9ou","rating":1339,"private":0,"password":""}