{"id":"gen9ou-1988778736","p1":"A1-andy","p2":"Peratest","format":"[Gen 9] OU","log":"|j|\u2606A1-andy\n|j|\u203dPeratest\n|t:|1699761984\n|gametype|singles\n|player|p1|A1-andy|red|1449\n|player|p2|Peratest|linebacker|1535\n|teamsize|p1|6\n|teamsize|p2|6\n|gen|9\n|tier|[Gen 9] OU\n|rated|\n|rule|Sleep Clause Mod: Limit one foe put to sleep\n|rule|Species Clause: Limit one of each Pok\u00e9mon\n|rule|OHKO Clause: OHKO moves are banned\n|rule|Evasion Items Clause: Evasion items are banned\n|rule|Evasion Moves Clause: Evasion moves are banned\n|rule|Endless Battle Clause: Forcing endless battles is banned\n|rule|HP Percentage Mod: HP is shown in percentages\n|clearpoke\n|poke|p1|Greninja-*, M|\n|poke|p1|Rillaboom, M|\n|poke|p1|Zapdos-Galar|\n|poke|p1|Slowking-Galar, M|\n|poke|p1|Enamorus, F|\n|poke|p1|Dragonite, F|\n|poke|p2|Heatran, M|\n|poke|p2|Dragonite, M|\n|poke|p2|Iron Valiant|\n|poke|p2|Ursaluna, M|\n|poke|p2|Corviknight, M|\n|poke|p2|Empoleon, M|\n|teampreview\n|inactive|Battle timer is ON: inactive players will automatically lose when time's up. (requested by A1-andy)\n|\n|t:|1699761997\n|start\n|switch|p1a: THE HULK|Dragonite, F, shiny|100\/100\n|switch|p2a: Corviknight|Corviknight, M, shiny|100\/100\n|-ability|p2a: Corviknight|Pressure\n|turn|1\n|\n|t:|1699762019\n|move|p1a: THE HULK|Dragon Dance|p1a: THE HULK\n|-boost|p1a: THE HULK|atk|1\n|-boost|p1a: THE HULK|spe|1\n|move|p2a: Corviknight|Brave Bird|p1a: THE HULK\n|-crit|p1a: THE HULK\n|-damage|p1a: THE HULK|69\/100\n|-damage|p2a: Corviknight|92\/100|[from] Recoil\n|\n|upkeep\n|turn|2\n|\n|t:|1699762028\n|move|p1a: THE HULK|Dragon Dance|p1a: THE HULK\n|-boost|p1a: THE HULK|atk|1\n|-boost|p1a: THE HULK|spe|1\n|move|p2a: Corviknight|Brave Bird|p1a: THE HULK\n|-damage|p1a: THE HULK|26\/100\n|-damage|p2a: Corviknight|80\/100|[from] Recoil\n|\n|upkeep\n|turn|3\n|\n|t:|1699762037\n|move|p1a: THE HULK|Ice Spinner|p2a: Corviknight\n|-damage|p2a: Corviknight|44\/100\n|-damage|p1a: THE HULK|9\/100|[from] item: Rocky Helmet|[of] p2a: Corviknight\n|move|p2a: Corviknight|Roost|p2a: Corviknight\n|-heal|p2a: Corviknight|94\/100\n|-singleturn|p2a: Corviknight|move: Roost\n|\n|upkeep\n|turn|4\n|\n|t:|1699762046\n|move|p1a: THE HULK|Ice Spinner|p2a: Corviknight\n|-damage|p2a: Corviknight|55\/100\n|-damage|p1a: THE HULK|0 fnt|[from] item: Rocky Helmet|[of] p2a: Corviknight\n|faint|p1a: THE HULK\n|move|p2a: Corviknight|Brave Bird|p1: THE HULK|[notarget]\n|-fail|p2a: Corviknight\n|\n|upkeep\n|\n|t:|1699762061\n|switch|p1a: PETER PAID PAUL|Zapdos-Galar|100\/100\n|turn|5\n|\n|t:|1699762071\n|move|p1a: PETER PAID PAUL|Trailblaze|p2a: Corviknight\n|-resisted|p2a: Corviknight\n|-damage|p2a: Corviknight|51\/100\n|-boost|p1a: PETER PAID PAUL|spe|1\n|-damage|p1a: PETER PAID PAUL|84\/100|[from] item: Rocky Helmet|[of] p2a: Corviknight\n|-damage|p1a: PETER PAID PAUL|74\/100|[from] item: Life Orb\n|move|p2a: Corviknight|Brave Bird|p1a: PETER PAID PAUL\n|-supereffective|p1a: PETER PAID PAUL\n|-damage|p1a: PETER PAID PAUL|0 fnt\n|faint|p1a: PETER PAID PAUL\n|-damage|p2a: Corviknight|32\/100|[from] Recoil\n|\n|upkeep\n|\n|t:|1699762091\n|switch|p1a: SLYTHERIN|Enamorus, F|100\/100\n|turn|6\n|\n|t:|1699762097\n|switch|p2a: Empoleon|Empoleon, M, shiny|100\/100\n|-terastallize|p1a: SLYTHERIN|Fighting\n|move|p1a: SLYTHERIN|Superpower|p2a: Empoleon\n|-supereffective|p2a: Empoleon\n|-damage|p2a: Empoleon|0 fnt\n|-boost|p1a: SLYTHERIN|atk|1\n|-boost|p1a: SLYTHERIN|def|1\n|faint|p2a: Empoleon\n|\n|upkeep\n|\n|t:|1699762111\n|switch|p2a: Iron Valiant|Iron Valiant, shiny|100\/100\n|-enditem|p2a: Iron Valiant|Booster Energy\n|-activate|p2a: Iron Valiant|ability: Quark Drive|[fromitem]\n|-start|p2a: Iron Valiant|quarkdrivespe\n|turn|7\n|\n|t:|1699762117\n|switch|p1a: GRIMEY!|Slowking-Galar, M, shiny|100\/100\n|move|p2a: Iron Valiant|Moonblast|p1a: GRIMEY!\n|-resisted|p1a: GRIMEY!\n|-crit|p1a: GRIMEY!\n|-damage|p1a: GRIMEY!|81\/100\n|\n|upkeep\n|turn|8\n|\n|t:|1699762132\n|-end|p2a: Iron Valiant|Quark Drive|[silent]\n|switch|p2a: Heatran|Heatran, M, shiny|100\/100\n|switch|p1a: BAPESTA|Rillaboom, M|100\/100\n|-fieldstart|move: Grassy Terrain|[from] ability: Grassy Surge|[of] p1a: BAPESTA\n|\n|upkeep\n|turn|9\n|\n|t:|1699762140\n|switch|p2a: Corviknight|Corviknight, M, shiny|32\/100\n|-ability|p2a: Corviknight|Pressure\n|move|p1a: BAPESTA|Earthquake|p2a: Corviknight\n|-immune|p2a: Corviknight\n|\n|upkeep\n|turn|10\n|\n|t:|1699762153\n|move|p1a: BAPESTA|Knock Off|p2a: Corviknight\n|-damage|p2a: Corviknight|4\/100\n|-damage|p1a: BAPESTA|84\/100|[from] item: Rocky Helmet|[of] p2a: Corviknight\n|-enditem|p2a: Corviknight|Rocky Helmet|[from] move: Knock Off|[of] p1a: BAPESTA\n|-damage|p1a: BAPESTA|74\/100|[from] item: Life Orb\n|move|p2a: Corviknight|Roost|p2a: Corviknight\n|-heal|p2a: Corviknight|54\/100\n|-singleturn|p2a: Corviknight|move: Roost\n|\n|-heal|p1a: BAPESTA|80\/100|[from] Grassy Terrain\n|-heal|p2a: Corviknight|60\/100|[from] Grassy Terrain\n|upkeep\n|turn|11\n|\n|t:|1699762173\n|switch|p1a: GRIMEY!|Slowking-Galar, M, shiny|100\/100\n|move|p2a: Corviknight|Brave Bird|p1a: GRIMEY!\n|-damage|p1a: GRIMEY!|60\/100\n|-damage|p2a: Corviknight|48\/100|[from] Recoil\n|\n|-heal|p1a: GRIMEY!|67\/100|[from] Grassy Terrain\n|upkeep\n|turn|12\n|\n|t:|1699762183\n|switch|p2a: Heatran|Heatran, M, shiny|100\/100\n|move|p1a: GRIMEY!|Fire Blast|p2a: Heatran\n|-start|p2a: Heatran|ability: Flash Fire\n|\n|-heal|p1a: GRIMEY!|73\/100|[from] Grassy Terrain\n|-fieldend|move: Grassy Terrain\n|upkeep\n|turn|13\n|\n|t:|1699762193\n|move|p2a: Heatran|Magma Storm|p1a: GRIMEY!\n|-damage|p1a: GRIMEY!|36\/100\n|-activate|p1a: GRIMEY!|move: Magma Storm|[of] p2a: Heatran\n|move|p1a: GRIMEY!|Psyshock|p2a: Heatran\n|-resisted|p2a: Heatran\n|-damage|p2a: Heatran|82\/100\n|\n|-heal|p2a: Heatran|88\/100|[from] item: Leftovers\n|-damage|p1a: GRIMEY!|24\/100|[from] move: Magma Storm|[partiallytrapped]\n|upkeep\n|turn|14\n|\n|t:|1699762204\n|move|p2a: Heatran|Earth Power|p1a: GRIMEY!\n|-supereffective|p1a: GRIMEY!\n|-damage|p1a: GRIMEY!|0 fnt\n|faint|p1a: GRIMEY!\n|\n|-heal|p2a: Heatran|94\/100|[from] item: Leftovers\n|upkeep\n|\n|t:|1699762210\n|switch|p1a: SLYTHERIN|Enamorus, F, tera:Fighting|100\/100\n|turn|15\n|\n|t:|1699762228\n|-end|p2a: Heatran|ability: Flash Fire|[silent]\n|switch|p2a: Iron Valiant|Iron Valiant, shiny|100\/100\n|move|p1a: SLYTHERIN|Superpower|p2a: Iron Valiant\n|-resisted|p2a: Iron Valiant\n|-damage|p2a: Iron Valiant|70\/100\n|-boost|p1a: SLYTHERIN|atk|1\n|-boost|p1a: SLYTHERIN|def|1\n|\n|upkeep\n|turn|16\n|\n|t:|1699762238\n|switch|p1a: BAPESTA|Rillaboom, M|80\/100\n|-fieldstart|move: Grassy Terrain|[from] ability: Grassy Surge|[of] p1a: BAPESTA\n|move|p2a: Iron Valiant|Moonblast|p1a: BAPESTA\n|-crit|p1a: BAPESTA\n|-damage|p1a: BAPESTA|0 fnt\n|faint|p1a: BAPESTA\n|\n|-heal|p2a: Iron Valiant|76\/100|[from] Grassy Terrain\n|upkeep\n|\n|t:|1699762242\n|switch|p1a: SLYTHERIN|Enamorus, F, tera:Fighting|100\/100\n|turn|17\n|\n|t:|1699762251\n|move|p1a: SLYTHERIN|Moonblast|p2a: Iron Valiant\n|-supereffective|p2a: Iron Valiant\n|-damage|p2a: Iron Valiant|0 fnt\n|faint|p2a: Iron Valiant\n|-end|p2a: Iron Valiant|Quark Drive|[silent]\n|\n|upkeep\n|\n|t:|1699762259\n|switch|p2a: Ursaluna|Ursaluna, M, shiny|100\/100\n|turn|18\n|\n|t:|1699762264\n|move|p1a: SLYTHERIN|Moonblast|p2a: Ursaluna\n|-damage|p2a: Ursaluna|68\/100\n|move|p2a: Ursaluna|Body Slam|p1a: SLYTHERIN\n|-damage|p1a: SLYTHERIN|12\/100\n|\n|-heal|p1a: SLYTHERIN|18\/100|[from] Grassy Terrain\n|-heal|p2a: Ursaluna|74\/100|[from] Grassy Terrain\n|upkeep\n|turn|19\n|\n|t:|1699762275\n|switch|p1a: JAMES BOND|Greninja, M|100\/100\n|move|p2a: Ursaluna|Drain Punch|p1a: JAMES BOND\n|-supereffective|p1a: JAMES BOND\n|-damage|p1a: JAMES BOND|2\/100\n|-heal|p2a: Ursaluna|100\/100|[from] drain|[of] p1a: JAMES BOND\n|\n|-heal|p1a: JAMES BOND|8\/100|[from] Grassy Terrain\n|upkeep\n|turn|20\n|\n|t:|1699762291\n|-terastallize|p2a: Ursaluna|Water\n|move|p1a: JAMES BOND|Surf|p2a: Ursaluna\n|-resisted|p2a: Ursaluna\n|-damage|p2a: Ursaluna|85\/100\n|-damage|p1a: JAMES BOND|0 fnt|[from] item: Life Orb\n|faint|p1a: JAMES BOND\n|move|p2a: Ursaluna|Drain Punch|p1: JAMES BOND|[notarget]\n|-fail|p2a: Ursaluna\n|\n|-heal|p2a: Ursaluna|91\/100|[from] Grassy Terrain\n|-fieldend|move: Grassy Terrain\n|upkeep\n|\n|t:|1699762295\n|switch|p1a: SLYTHERIN|Enamorus, F, tera:Fighting|18\/100\n|turn|21\n|\n|t:|1699762306\n|move|p1a: SLYTHERIN|Superpower|p2a: Ursaluna\n|-damage|p2a: Ursaluna|54\/100\n|-boost|p1a: SLYTHERIN|atk|1\n|-boost|p1a: SLYTHERIN|def|1\n|move|p2a: Ursaluna|Body Slam|p1a: SLYTHERIN\n|-damage|p1a: SLYTHERIN|0 fnt\n|faint|p1a: SLYTHERIN\n|\n|win|Peratest\n|raw|A1-andy's rating: 1449 &rarr; <strong>1434<\/strong><br \/>(-15 for losing)\n|raw|Peratest's rating: 1535 &rarr; <strong>1550<\/strong><br \/>(+15 for winning)\n|l|\u2606A1-andy\n","uploadtime":1699762320,"views":19,"p1id":"a1andy","p2id":"peratest","formatid":"gen9ou","rating":1434,"private":0,"password":""}