{"id":"gen9ou-1988323885","p1":"GreTier0","p2":"astoriks1","format":"[Gen 9] OU","log":"|j|\u2606GreTier0\n|j|\u2606astoriks1\n|t:|1699708579\n|gametype|singles\n|player|p1|GreTier0|ghetsis|\n|player|p2|astoriks1|169|\n|teamsize|p1|6\n|teamsize|p2|6\n|gen|9\n|tier|[Gen 9] OU\n|rule|Sleep Clause Mod: Limit one foe put to sleep\n|rule|Species Clause: Limit one of each Pok\u00e9mon\n|rule|OHKO Clause: OHKO moves are banned\n|rule|Evasion Items Clause: Evasion items are banned\n|rule|Evasion Moves Clause: Evasion moves are banned\n|rule|Endless Battle Clause: Forcing endless battles is banned\n|rule|HP Percentage Mod: HP is shown in percentages\n|clearpoke\n|poke|p1|Kingambit, M|\n|poke|p1|Garganacl, M|\n|poke|p1|Toxapex, M|\n|poke|p1|Iron Valiant|\n|poke|p1|Zoroark-Hisui, F|\n|poke|p1|Ursaluna, M|\n|poke|p2|Toxapex, F|\n|poke|p2|Manaphy|\n|poke|p2|Garganacl, F|\n|poke|p2|Skeledirge, M|\n|poke|p2|Zoroark-Hisui, M|\n|poke|p2|Ursaluna, M|\n|teampreview\n|\n|t:|1699708593\n|start\n|switch|p1a: Toxapex|Toxapex, M|100\/100\n|switch|p2a: Skeledirge|Skeledirge, M|100\/100\n|turn|1\n|\n|t:|1699708602\n|move|p1a: Toxapex|Shadow Ball|p2a: Skeledirge\n|-immune|p2a: Skeledirge\n|move|p2a: Skeledirge|Dark Pulse|p1a: Toxapex\n|-supereffective|p1a: Toxapex\n|-enditem|p1a: Toxapex|Focus Sash\n|-damage|p1a: Toxapex|1\/100\n|replace|p1a: Zoroark|Zoroark-Hisui, F\n|-end|p1a: Zoroark|Illusion\n|-damage|p2a: Skeledirge|91\/100|[from] item: Life Orb\n|\n|upkeep\n|turn|2\n|\n|t:|1699708613\n|move|p2a: Skeledirge|Dark Pulse|p1a: Zoroark\n|-supereffective|p1a: Zoroark\n|-damage|p1a: Zoroark|0 fnt\n|faint|p1a: Zoroark\n|-damage|p2a: Skeledirge|81\/100|[from] item: Life Orb\n|\n|upkeep\n|\n|t:|1699708618\n|switch|p1a: Toxapex|Toxapex, M|100\/100\n|turn|3\n|inactive|Battle timer is ON: inactive players will automatically lose when time's up. (requested by GreTier0)\n|\n|t:|1699708633\n|switch|p2a: Toxapex|Toxapex, F|100\/100\n|move|p1a: Toxapex|Liquidation|p2a: Toxapex\n|-resisted|p2a: Toxapex\n|-damage|p2a: Toxapex|94\/100\n|-unboost|p2a: Toxapex|def|1\n|\n|-heal|p2a: Toxapex|100\/100|[from] item: Leftovers\n|upkeep\n|turn|4\n|\n|t:|1699708649\n|switch|p1a: Iron Valiant|Iron Valiant|100\/100\n|-enditem|p1a: Iron Valiant|Booster Energy\n|-activate|p1a: Iron Valiant|ability: Quark Drive|[fromitem]\n|-start|p1a: Iron Valiant|quarkdrivespe\n|move|p2a: Toxapex|Liquidation|p1a: Iron Valiant\n|-damage|p1a: Iron Valiant|72\/100\n|\n|upkeep\n|turn|5\n|\n|t:|1699708661\n|move|p1a: Iron Valiant|Aura Sphere|p2a: Toxapex\n|-resisted|p2a: Toxapex\n|-damage|p2a: Toxapex|84\/100\n|move|p2a: Toxapex|Toxic|p1a: Iron Valiant\n|-status|p1a: Iron Valiant|tox\n|\n|-heal|p2a: Toxapex|91\/100|[from] item: Leftovers\n|-damage|p1a: Iron Valiant|66\/100 tox|[from] psn\n|upkeep\n|turn|6\n|c|\u2606astoriks1|He\n|\n|t:|1699708674\n|move|p2a: Toxapex|Baneful Bunker|p2a: Toxapex\n|-singleturn|p2a: Toxapex|move: Protect\n|move|p1a: Iron Valiant|Thunderbolt|p2a: Toxapex\n|-activate|p2a: Toxapex|move: Protect\n|\n|-heal|p2a: Toxapex|97\/100|[from] item: Leftovers\n|-damage|p1a: Iron Valiant|54\/100 tox|[from] psn\n|upkeep\n|turn|7\n|\n|t:|1699708684\n|switch|p2a: Ursaluna|Ursaluna, M|100\/100\n|move|p1a: Iron Valiant|Thunderbolt|p2a: Ursaluna\n|-immune|p2a: Ursaluna\n|\n|-damage|p1a: Iron Valiant|35\/100 tox|[from] psn\n|-status|p2a: Ursaluna|brn|[from] item: Flame Orb\n|upkeep\n|turn|8\n|\n|t:|1699708694\n|switch|p2a: Toxapex|Toxapex, F|100\/100\n|move|p1a: Iron Valiant|Aura Sphere|p2a: Toxapex\n|-resisted|p2a: Toxapex\n|-damage|p2a: Toxapex|84\/100\n|\n|-heal|p2a: Toxapex|90\/100|[from] item: Leftovers\n|-damage|p1a: Iron Valiant|10\/100 tox|[from] psn\n|upkeep\n|turn|9\n|\n|t:|1699708704\n|move|p2a: Toxapex|Baneful Bunker|p2a: Toxapex\n|-singleturn|p2a: Toxapex|move: Protect\n|move|p1a: Iron Valiant|Thunderbolt|p2a: Toxapex\n|-activate|p2a: Toxapex|move: Protect\n|\n|-heal|p2a: Toxapex|96\/100|[from] item: Leftovers\n|-damage|p1a: Iron Valiant|0 fnt|[from] psn\n|faint|p1a: Iron Valiant\n|-end|p1a: Iron Valiant|Quark Drive|[silent]\n|upkeep\n|c|\u2606astoriks1|.d\n|\n|t:|1699708712\n|switch|p1a: Garganacl|Garganacl, M|100\/100\n|turn|10\n|\n|t:|1699708719\n|switch|p1a: Toxapex|Toxapex, M|100\/100\n|switch|p2a: Garganacl|Garganacl, F|100\/100\n|\n|upkeep\n|turn|11\n|\n|t:|1699708726\n|move|p2a: Garganacl|Salt Cure|p1a: Toxapex\n|-damage|p1a: Toxapex|93\/100\n|-start|p1a: Toxapex|Salt Cure\n|move|p1a: Toxapex|Toxic|p2a: Garganacl\n|-immune|p2a: Garganacl|[from] ability: Purifying Salt\n|\n|-heal|p1a: Toxapex|99\/100|[from] item: Leftovers\n|-damage|p1a: Toxapex|74\/100|[from] Salt Cure\n|upkeep\n|turn|12\n|c|\u2606astoriks1|G\u00fcnayd\u0131n\n|inactive|astoriks1 has 270 seconds left.\n|c|\u2606astoriks1|Zoroark a d\u00f6n\u00fc\u015f m\u00fcstu ya\n|c|\u2606astoriks1|Yok\n|c|\u2606astoriks1|Zoroark \u00f6ld\u00fc\n|c|\u2606astoriks1|Onu diyorum\n|c|\u2606astoriks1|Oda fake bozulmas\u0131n diye\n|c|\u2606astoriks1|Diyelim de\u011fi\u015fti falan\n|\n|t:|1699708785\n|switch|p1a: Kingambit|Kingambit, M|100\/100\n|-activate|p1a: Kingambit|ability: Supreme Overlord\n|-start|p1a: Kingambit|fallen2|[silent]\n|move|p2a: Garganacl|Iron Defense|p2a: Garganacl\n|-boost|p2a: Garganacl|def|2\n|\n|upkeep\n|turn|13\n|c|\u2606astoriks1|Sen\n|c|\u2606astoriks1|Sen\n|\n|t:|1699708804\n|move|p1a: Kingambit|Swords Dance|p1a: Kingambit\n|-boost|p1a: Kingambit|atk|2\n|move|p2a: Garganacl|Salt Cure|p1a: Kingambit\n|-resisted|p1a: Kingambit\n|-damage|p1a: Kingambit|96\/100\n|-start|p1a: Kingambit|Salt Cure\n|\n|-damage|p1a: Kingambit|71\/100|[from] Salt Cure\n|upkeep\n|turn|14\n|\n|t:|1699708816\n|move|p2a: Garganacl|Protect|p2a: Garganacl\n|-singleturn|p2a: Garganacl|Protect\n|move|p1a: Kingambit|Swords Dance|p1a: Kingambit\n|-boost|p1a: Kingambit|atk|2\n|\n|-damage|p1a: Kingambit|46\/100|[from] Salt Cure\n|upkeep\n|turn|15\n|\n|t:|1699708825\n|switch|p2a: Toxapex|Toxapex, F|100\/100\n|move|p1a: Kingambit|Kowtow Cleave|p2a: Toxapex\n|-damage|p2a: Toxapex|0 fnt\n|faint|p2a: Toxapex\n|\n|-damage|p1a: Kingambit|21\/100|[from] Salt Cure\n|upkeep\n|c|\u2606astoriks1|Amk\n|\n|t:|1699708836\n|switch|p2a: Garganacl|Garganacl, F|100\/100\n|turn|16\n|\n|t:|1699708842\n|move|p2a: Garganacl|Protect|p2a: Garganacl\n|-singleturn|p2a: Garganacl|Protect\n|move|p1a: Kingambit|Kowtow Cleave|p2a: Garganacl\n|-activate|p2a: Garganacl|move: Protect\n|\n|-damage|p1a: Kingambit|0 fnt|[from] Salt Cure\n|faint|p1a: Kingambit\n|-end|p1a: Kingambit|fallen2|[silent]\n|upkeep\n|\n|t:|1699708849\n|switch|p1a: Ursaluna|Ursaluna, M|100\/100\n|turn|17\n|c|\u2606astoriks1|A\u011flama.d\n|inactive|astoriks1 has 270 seconds left.\n|\n|t:|1699708873\n|switch|p2a: Skeledirge|Skeledirge, M|81\/100\n|move|p1a: Ursaluna|Trailblaze|p2a: Skeledirge\n|-damage|p2a: Skeledirge|38\/100\n|-boost|p1a: Ursaluna|spe|1\n|replace|p2a: Zoroark|Zoroark-Hisui, M\n|-end|p2a: Zoroark|Illusion\n|\n|-status|p1a: Ursaluna|brn|[from] item: Flame Orb\n|upkeep\n|turn|18\n|\n|t:|1699708890\n|move|p2a: Zoroark|Dark Pulse|p1a: Ursaluna\n|-damage|p1a: Ursaluna|69\/100 brn\n|-damage|p2a: Zoroark|28\/100|[from] item: Life Orb\n|move|p1a: Ursaluna|Earthquake|p2a: Zoroark\n|-damage|p2a: Zoroark|0 fnt\n|faint|p2a: Zoroark\n|\n|-damage|p1a: Ursaluna|63\/100 brn|[from] brn\n|upkeep\n|inactive|astoriks1 has 240 seconds left.\n|\n|t:|1699708918\n|switch|p2a: Manaphy|Manaphy|100\/100\n|turn|19\n|inactive|astoriks1 has 240 seconds left.\n|c|\u2606GreTier0|oynaa\n|\n|t:|1699708938\n|-terastallize|p2a: Manaphy|Grass\n|move|p2a: Manaphy|Tail Glow|p2a: Manaphy\n|-boost|p2a: Manaphy|spa|3\n|move|p1a: Ursaluna|Trailblaze|p2a: Manaphy\n|-resisted|p2a: Manaphy\n|-damage|p2a: Manaphy|88\/100\n|-boost|p1a: Ursaluna|spe|1\n|\n|-heal|p2a: Manaphy|94\/100|[from] item: Leftovers\n|-damage|p1a: Ursaluna|57\/100 brn|[from] brn\n|upkeep\n|turn|20\n|c|\u2606astoriks1|.d\n|\n|t:|1699708953\n|move|p1a: Ursaluna|Facade|p2a: Manaphy\n|-damage|p2a: Manaphy|0 fnt\n|faint|p2a: Manaphy\n|\n|-damage|p1a: Ursaluna|51\/100 brn|[from] brn\n|upkeep\n|c|\u2606astoriks1|Doru\n|c|\u2606astoriks1|H\u0131zl\u0131s\u0131n\n|c|\u2606astoriks1|H\u0131zl\u0131 pokem yoq amina\n|\n|t:|1699708972\n|switch|p2a: Garganacl|Garganacl, F|100\/100\n|turn|21\n|\n|t:|1699708982\n|move|p1a: Ursaluna|Earthquake|p2a: Garganacl\n|-supereffective|p2a: Garganacl\n|-damage|p2a: Garganacl|0 fnt\n|faint|p2a: Garganacl\n|\n|-damage|p1a: Ursaluna|45\/100 brn|[from] brn\n|upkeep\n|c|\u2606astoriks1|There is nothing we can do\n|c|\u2606astoriks1|Kendime ct dizmi\u015fim\n|inactive|astoriks1 has 210 seconds left.\n|\n|t:|1699709003\n|switch|p2a: Ursaluna|Ursaluna, M|100\/100 brn\n|turn|22\n|inactive|astoriks1 has 210 seconds left.\n|\n|t:|1699709009\n|move|p1a: Ursaluna|Close Combat|p2a: Ursaluna\n|-supereffective|p2a: Ursaluna\n|-damage|p2a: Ursaluna|4\/100 brn\n|-unboost|p1a: Ursaluna|def|1\n|-unboost|p1a: Ursaluna|spd|1\n|move|p2a: Ursaluna|Facade|p1a: Ursaluna\n|-damage|p1a: Ursaluna|0 fnt\n|faint|p1a: Ursaluna\n|\n|-damage|p2a: Ursaluna|0 fnt|[from] brn\n|faint|p2a: Ursaluna\n|upkeep\n|inactive|astoriks1 has 210 seconds left.\n|\n|t:|1699709022\n|switch|p2a: Skeledirge|Skeledirge, M|100\/100\n|switch|p1a: Toxapex|Toxapex, M|100\/100\n|turn|23\n|\n|t:|1699709030\n|move|p2a: Skeledirge|Earth Power|p1a: Toxapex\n|-supereffective|p1a: Toxapex\n|-damage|p1a: Toxapex|46\/100\n|move|p1a: Toxapex|Toxic|p2a: Skeledirge\n|-status|p2a: Skeledirge|tox\n|\n|-heal|p1a: Toxapex|52\/100|[from] item: Leftovers\n|-damage|p2a: Skeledirge|94\/100 tox|[from] psn\n|upkeep\n|turn|24\n|\n|t:|1699709040\n|move|p1a: Toxapex|Baneful Bunker|p1a: Toxapex\n|-singleturn|p1a: Toxapex|move: Protect\n|move|p2a: Skeledirge|Earth Power|p1a: Toxapex\n|-activate|p1a: Toxapex|move: Protect\n|\n|-heal|p1a: Toxapex|58\/100|[from] item: Leftovers\n|-damage|p2a: Skeledirge|82\/100 tox|[from] psn\n|upkeep\n|turn|25\n|\n|t:|1699709055\n|-terastallize|p1a: Toxapex|Flying\n|move|p2a: Skeledirge|Earth Power|p1a: Toxapex\n|-immune|p1a: Toxapex\n|move|p1a: Toxapex|Liquidation|p2a: Skeledirge\n|-supereffective|p2a: Skeledirge\n|-damage|p2a: Skeledirge|46\/100 tox\n|\n|-heal|p1a: Toxapex|65\/100|[from] item: Leftovers\n|-damage|p2a: Skeledirge|28\/100 tox|[from] psn\n|upkeep\n|turn|26\n|c|\u2606astoriks1|.d\n|-message|astoriks1 forfeited.\n|\n|win|GreTier0\n|l|\u2606astoriks1\n","uploadtime":1699709068,"views":29,"p1id":"gretier0","p2id":"astoriks1","formatid":"gen9ou","rating":0,"private":0,"password":""}