{"id":"gen9ou-1992346916","p1":"Fantasy687","p2":"Juan_206","format":"[Gen 9] OU","log":"|j|\u2606Fantasy687\n|j|\u2606Juan_206\n|t:|1700177148\n|gametype|singles\n|player|p1|Fantasy687|boarder|1086\n|player|p2|Juan_206|hilbert|1141\n|teamsize|p1|6\n|teamsize|p2|6\n|gen|9\n|tier|[Gen 9] OU\n|rated|\n|rule|Sleep Clause Mod: Limit one foe put to sleep\n|rule|Species Clause: Limit one of each Pok\u00e9mon\n|rule|OHKO Clause: OHKO moves are banned\n|rule|Evasion Items Clause: Evasion items are banned\n|rule|Evasion Moves Clause: Evasion moves are banned\n|rule|Endless Battle Clause: Forcing endless battles is banned\n|rule|HP Percentage Mod: HP is shown in percentages\n|clearpoke\n|poke|p1|Garganacl, F|\n|poke|p1|Clodsire, F|\n|poke|p1|Alomomola, F|\n|poke|p1|Corviknight, F|\n|poke|p1|Toxapex, F|\n|poke|p1|Gholdengo|\n|poke|p2|Glimmora, F|\n|poke|p2|Great Tusk|\n|poke|p2|Ogerpon-Wellspring, F|\n|poke|p2|Ceruledge, M|\n|poke|p2|Enamorus, F|\n|poke|p2|Slowking-Galar, F|\n|teampreview\n|\n|t:|1700177158\n|start\n|switch|p1a: idk|Toxapex, F|100\/100\n|switch|p2a: Glimmora|Glimmora, F|100\/100\n|turn|1\n|c|\u2606Juan_206|FUCK\n|\n|t:|1700177166\n|move|p2a: Glimmora|Stealth Rock|p1a: idk\n|-sidestart|p1: Fantasy687|move: Stealth Rock\n|move|p1a: idk|Toxic Spikes|p2a: Glimmora\n|-sidestart|p2: Juan_206|move: Toxic Spikes\n|\n|upkeep\n|turn|2\n|\n|t:|1700177171\n|move|p2a: Glimmora|Spikes|p1a: idk\n|-sidestart|p1: Fantasy687|Spikes\n|move|p1a: idk|Toxic Spikes|p2a: Glimmora\n|-sidestart|p2: Juan_206|move: Toxic Spikes\n|\n|upkeep\n|turn|3\n|\n|t:|1700177177\n|switch|p1a: flat rock|Clodsire, F|100\/100\n|move|p2a: Glimmora|Spikes|p1a: flat rock\n|-sidestart|p1: Fantasy687|Spikes\n|\n|upkeep\n|turn|4\n|\n|t:|1700177186\n|move|p2a: Glimmora|Spikes|p1a: flat rock\n|-sidestart|p1: Fantasy687|Spikes\n|move|p1a: flat rock|Recover||[still]\n|-fail|p1a: flat rock|heal\n|\n|upkeep\n|turn|5\n|\n|t:|1700177194\n|move|p2a: Glimmora|Mortal Spin|p1a: flat rock\n|-resisted|p1a: flat rock\n|-damage|p1a: flat rock|99\/100\n|-sideend|p2: Juan_206|Toxic Spikes|[from] move: Mortal Spin|[of] p2a: Glimmora\n|move|p1a: flat rock|Stealth Rock|p2a: Glimmora\n|-sidestart|p2: Juan_206|move: Stealth Rock\n|\n|upkeep\n|turn|6\n|\n|t:|1700177202\n|move|p2a: Glimmora|Mortal Spin|p1a: flat rock\n|-resisted|p1a: flat rock\n|-damage|p1a: flat rock|97\/100\n|-sideend|p2: Juan_206|Stealth Rock|[from] move: Mortal Spin|[of] p2a: Glimmora\n|move|p1a: flat rock|Earthquake|p2a: Glimmora\n|-supereffective|p2a: Glimmora\n|-enditem|p2a: Glimmora|Focus Sash\n|-damage|p2a: Glimmora|1\/100\n|-activate|p2a: Glimmora|ability: Toxic Debris\n|-sidestart|p1: Fantasy687|move: Toxic Spikes\n|\n|upkeep\n|turn|7\n|\n|t:|1700177212\n|switch|p1a: birb|Corviknight, F|100\/100\n|-damage|p1a: birb|88\/100|[from] Stealth Rock\n|-ability|p1a: birb|Pressure\n|move|p2a: Glimmora|Mortal Spin|p1a: birb\n|-immune|p1a: birb\n|\n|upkeep\n|turn|8\n|\n|t:|1700177225\n|move|p2a: Glimmora|Power Gem|p1a: birb\n|-damage|p1a: birb|54\/100\n|move|p1a: birb|Defog|p2a: Glimmora\n|-unboost|p2a: Glimmora|evasion|1\n|-sideend|p1: Fantasy687|Spikes|[from] move: Defog|[of] p1a: birb\n|-sideend|p1: Fantasy687|Toxic Spikes|[from] move: Defog|[of] p1a: birb\n|-sideend|p1: Fantasy687|Stealth Rock|[from] move: Defog|[of] p1a: birb\n|\n|upkeep\n|turn|9\n|\n|t:|1700177234\n|move|p2a: Glimmora|Stealth Rock|p1a: birb\n|-sidestart|p1: Fantasy687|move: Stealth Rock\n|move|p1a: birb|Roost|p1a: birb\n|-heal|p1a: birb|100\/100\n|-singleturn|p1a: birb|move: Roost\n|\n|upkeep\n|turn|10\n|\n|t:|1700177242\n|move|p2a: Glimmora|Spikes|p1a: birb\n|-sidestart|p1: Fantasy687|Spikes\n|move|p1a: birb|Body Press|p2a: Glimmora\n|-damage|p2a: Glimmora|0 fnt\n|-activate|p2a: Glimmora|ability: Toxic Debris\n|-sidestart|p1: Fantasy687|move: Toxic Spikes\n|faint|p2a: Glimmora\n|\n|upkeep\n|\n|t:|1700177249\n|switch|p2a: Ceruledge|Ceruledge, M|100\/100\n|turn|11\n|\n|t:|1700177260\n|move|p2a: Ceruledge|Swords Dance|p2a: Ceruledge\n|-boost|p2a: Ceruledge|atk|2\n|move|p1a: birb|Defog|p2a: Ceruledge\n|-unboost|p2a: Ceruledge|evasion|1\n|-sideend|p1: Fantasy687|Spikes|[from] move: Defog|[of] p1a: birb\n|-sideend|p1: Fantasy687|Toxic Spikes|[from] move: Defog|[of] p1a: birb\n|-sideend|p1: Fantasy687|Stealth Rock|[from] move: Defog|[of] p1a: birb\n|\n|upkeep\n|turn|12\n|\n|t:|1700177269\n|switch|p1a: idk|Toxapex, F|100\/100\n|move|p2a: Ceruledge|Bitter Blade|p1a: idk\n|-resisted|p1a: idk\n|-damage|p1a: idk|74\/100\n|\n|-heal|p1a: idk|80\/100|[from] item: Leftovers\n|upkeep\n|turn|13\n|\n|t:|1700177278\n|move|p2a: Ceruledge|Poltergeist|p1a: idk|[miss]\n|-miss|p2a: Ceruledge|p1a: idk\n|move|p1a: idk|Haze|p1a: idk\n|-clearallboost\n|\n|-heal|p1a: idk|86\/100|[from] item: Leftovers\n|upkeep\n|turn|14\n|\n|t:|1700177287\n|move|p2a: Ceruledge|Swords Dance|p2a: Ceruledge\n|-boost|p2a: Ceruledge|atk|2\n|move|p1a: idk|Toxic Spikes|p2a: Ceruledge\n|-sidestart|p2: Juan_206|move: Toxic Spikes\n|\n|-heal|p1a: idk|93\/100|[from] item: Leftovers\n|upkeep\n|turn|15\n|\n|t:|1700177295\n|move|p2a: Ceruledge|Poltergeist|p1a: idk\n|-activate|p1a: idk|move: Poltergeist|Leftovers\n|-damage|p1a: idk|21\/100\n|move|p1a: idk|Haze|p1a: idk\n|-clearallboost\n|\n|-heal|p1a: idk|27\/100|[from] item: Leftovers\n|upkeep\n|turn|16\n|\n|t:|1700177304\n|move|p2a: Ceruledge|Poltergeist|p1a: idk\n|-activate|p1a: idk|move: Poltergeist|Leftovers\n|-damage|p1a: idk|0 fnt\n|faint|p1a: idk\n|\n|upkeep\n|-message|Fantasy687 forfeited.\n|\n|win|Juan_206\n|raw|Fantasy687's rating: 1086 &rarr; <strong>1067<\/strong><br \/>(-19 for losing)\n|raw|Juan_206's rating: 1141 &rarr; <strong>1162<\/strong><br \/>(+21 for winning)\n|l|\u2606Fantasy687\n","uploadtime":1700177313,"views":11,"p1id":"fantasy687","p2id":"juan206","formatid":"gen9ou","rating":1067,"private":0,"password":""}