{"id":"gen9ou-1992816365","p1":"rtfx","p2":"Remioche","format":"[Gen 9] OU","log":"|j|\u2606rtfx\n|j|\u2606Remioche\n|t:|1700237953\n|gametype|singles\n|player|p1|rtfx|101|1626\n|player|p2|Remioche|unknown|1683\n|teamsize|p1|6\n|teamsize|p2|6\n|gen|9\n|tier|[Gen 9] OU\n|rated|\n|rule|Sleep Clause Mod: Limit one foe put to sleep\n|rule|Species Clause: Limit one of each Pok\u00e9mon\n|rule|OHKO Clause: OHKO moves are banned\n|rule|Evasion Items Clause: Evasion items are banned\n|rule|Evasion Moves Clause: Evasion moves are banned\n|rule|Endless Battle Clause: Forcing endless battles is banned\n|rule|HP Percentage Mod: HP is shown in percentages\n|clearpoke\n|poke|p1|Kingambit, M|\n|poke|p1|Glimmora, F|\n|poke|p1|Zamazenta-*|\n|poke|p1|Iron Valiant|\n|poke|p1|Iron Moth|\n|poke|p1|Ogerpon-Wellspring, F|\n|poke|p2|Sandy Shocks|\n|poke|p2|Slowking-Galar, F|\n|poke|p2|Dragonite, M|\n|poke|p2|Corviknight, F|\n|poke|p2|Cinderace, M|\n|poke|p2|Iron Valiant|\n|teampreview\n|inactive|Battle timer is ON: inactive players will automatically lose when time's up. (requested by rtfx)\n|inactive|Remioche also wants the timer to be on.\n|j| bpewn\n|\n|t:|1700237964\n|start\n|switch|p1a: Glimmora|Glimmora, F|100\/100\n|switch|p2a: Sandy Shocks|Sandy Shocks|100\/100\n|turn|1\n|\n|t:|1700237969\n|move|p2a: Sandy Shocks|Volt Switch|p1a: Glimmora\n|-damage|p1a: Glimmora|30\/100\n|\n|t:|1700237971\n|-end|p2a: Sandy Shocks|Protosynthesis|[silent]\n|switch|p2a: Pourrais|Slowking-Galar, F|100\/100|[from] Volt Switch\n|move|p1a: Glimmora|Earth Power|p2a: Pourrais\n|-supereffective|p2a: Pourrais\n|-damage|p2a: Pourrais|66\/100\n|\n|-heal|p2a: Pourrais|73\/100|[from] item: Leftovers\n|upkeep\n|turn|2\n|\n|t:|1700237978\n|move|p1a: Glimmora|Stealth Rock|p2a: Pourrais\n|-sidestart|p2: Remioche|move: Stealth Rock\n|move|p2a: Pourrais|Sludge Bomb|p1a: Glimmora\n|-resisted|p1a: Glimmora\n|-damage|p1a: Glimmora|19\/100\n|\n|-heal|p2a: Pourrais|79\/100|[from] item: Leftovers\n|upkeep\n|turn|3\n|\n|t:|1700237982\n|move|p1a: Glimmora|Earth Power|p2a: Pourrais\n|-supereffective|p2a: Pourrais\n|-damage|p2a: Pourrais|45\/100\n|move|p2a: Pourrais|Future Sight|p1a: Glimmora\n|-start|p2a: Pourrais|move: Future Sight\n|\n|-heal|p2a: Pourrais|51\/100|[from] item: Leftovers\n|upkeep\n|turn|4\n|\n|t:|1700237995\n|move|p1a: Glimmora|Power Gem|p2a: Pourrais\n|-damage|p2a: Pourrais|24\/100\n|move|p2a: Pourrais|Chilly Reception|p2a: Pourrais\n|-weather|Snow\n|\n|t:|1700238004\n|switch|p2a: Jeaneau|Cinderace, M, shiny|100\/100|[from] Chilly Reception\n|\n|-weather|Snow|[upkeep]\n|upkeep\n|turn|5\n|\n|t:|1700238015\n|move|p2a: Jeaneau|U-turn|p1a: Glimmora\n|-start|p2a: Jeaneau|typechange|Bug|[from] ability: Libero\n|-resisted|p1a: Glimmora\n|-damage|p1a: Glimmora|0 fnt\n|-activate|p1a: Glimmora|ability: Toxic Debris\n|-sidestart|p2: Remioche|move: Toxic Spikes\n|faint|p1a: Glimmora\n|\n|t:|1700238028\n|switch|p2a: Pourrais|Slowking-Galar, F|57\/100|[from] U-turn\n|-damage|p2a: Pourrais|45\/100|[from] Stealth Rock\n|-sideend|p2: Remioche|move: Toxic Spikes|[of] p2a: Pourrais\n|\n|-weather|Snow|[upkeep]\n|-hint|Future Sight did not hit because the target is fainted.\n|-heal|p2a: Pourrais|51\/100|[from] item: Leftovers\n|upkeep\n|\n|t:|1700238033\n|switch|p1a: Kingambit|Kingambit, M|100\/100\n|-activate|p1a: Kingambit|ability: Supreme Overlord\n|-start|p1a: Kingambit|fallen1|[silent]\n|turn|6\n|\n|t:|1700238037\n|switch|p2a: Corviknight|Corviknight, F|100\/100\n|-damage|p2a: Corviknight|88\/100|[from] Stealth Rock\n|-ability|p2a: Corviknight|Pressure\n|move|p1a: Kingambit|Kowtow Cleave|p2a: Corviknight\n|-crit|p2a: Corviknight\n|-damage|p2a: Corviknight|20\/100\n|\n|-weather|Snow|[upkeep]\n|-heal|p2a: Corviknight|26\/100|[from] item: Leftovers\n|upkeep\n|turn|7\n|\n|t:|1700238046\n|move|p2a: Corviknight|Roost|p2a: Corviknight\n|-heal|p2a: Corviknight|76\/100\n|-singleturn|p2a: Corviknight|move: Roost\n|move|p1a: Kingambit|Kowtow Cleave|p2a: Corviknight\n|-damage|p2a: Corviknight|33\/100\n|\n|-weather|Snow|[upkeep]\n|-heal|p2a: Corviknight|39\/100|[from] item: Leftovers\n|upkeep\n|turn|8\n|\n|t:|1700238056\n|move|p2a: Corviknight|Iron Defense|p2a: Corviknight\n|-boost|p2a: Corviknight|def|2\n|move|p1a: Kingambit|Swords Dance|p1a: Kingambit\n|-boost|p1a: Kingambit|atk|2\n|\n|-weather|none\n|-heal|p2a: Corviknight|45\/100|[from] item: Leftovers\n|upkeep\n|turn|9\n|\n|t:|1700238059\n|move|p2a: Corviknight|Roost|p2a: Corviknight\n|-heal|p2a: Corviknight|95\/100\n|-singleturn|p2a: Corviknight|move: Roost\n|move|p1a: Kingambit|Swords Dance|p1a: Kingambit\n|-boost|p1a: Kingambit|atk|2\n|\n|-heal|p2a: Corviknight|100\/100|[from] item: Leftovers\n|upkeep\n|turn|10\n|\n|t:|1700238066\n|move|p2a: Corviknight|Iron Defense|p2a: Corviknight\n|-boost|p2a: Corviknight|def|2\n|move|p1a: Kingambit|Kowtow Cleave|p2a: Corviknight\n|-damage|p2a: Corviknight|61\/100\n|\n|-heal|p2a: Corviknight|67\/100|[from] item: Leftovers\n|upkeep\n|turn|11\n|\n|t:|1700238074\n|move|p2a: Corviknight|Body Press|p1a: Kingambit\n|-supereffective|p1a: Kingambit\n|-damage|p1a: Kingambit|0 fnt\n|faint|p1a: Kingambit\n|-end|p1a: Kingambit|fallen1|[silent]\n|\n|-heal|p2a: Corviknight|73\/100|[from] item: Leftovers\n|upkeep\n|j| SwabbyYabby\n|\n|t:|1700238079\n|switch|p1a: Iron Moth|Iron Moth|100\/100\n|-enditem|p1a: Iron Moth|Booster Energy\n|-activate|p1a: Iron Moth|ability: Quark Drive|[fromitem]\n|-start|p1a: Iron Moth|quarkdrivespe\n|turn|12\n|c|\u2606rtfx|hahah\n|\n|t:|1700238085\n|switch|p2a: Pourrais|Slowking-Galar, F|84\/100\n|-damage|p2a: Pourrais|72\/100|[from] Stealth Rock\n|move|p1a: Iron Moth|Fiery Dance|p2a: Pourrais\n|-crit|p2a: Pourrais\n|-damage|p2a: Pourrais|36\/100\n|\n|-heal|p2a: Pourrais|42\/100|[from] item: Leftovers\n|upkeep\n|turn|13\n|\n|t:|1700238099\n|move|p1a: Iron Moth|Fiery Dance|p2a: Pourrais\n|-damage|p2a: Pourrais|16\/100\n|-boost|p1a: Iron Moth|spa|1\n|move|p2a: Pourrais|Thunder Wave|p1a: Iron Moth\n|-status|p1a: Iron Moth|par\n|\n|-heal|p2a: Pourrais|22\/100|[from] item: Leftovers\n|upkeep\n|turn|14\n|\n|t:|1700238107\n|move|p1a: Iron Moth|Fiery Dance|p2a: Pourrais\n|-damage|p2a: Pourrais|0 fnt\n|-boost|p1a: Iron Moth|spa|1\n|faint|p2a: Pourrais\n|\n|upkeep\n|\n|t:|1700238113\n|switch|p2a: Sandy Shocks|Sandy Shocks|100\/100\n|-damage|p2a: Sandy Shocks|94\/100|[from] Stealth Rock\n|turn|15\n|\n|t:|1700238120\n|move|p2a: Sandy Shocks|Earth Power|p1a: Iron Moth\n|-supereffective|p1a: Iron Moth\n|-damage|p1a: Iron Moth|0 fnt\n|faint|p1a: Iron Moth\n|-end|p1a: Iron Moth|Quark Drive|[silent]\n|\n|upkeep\n|\n|t:|1700238139\n|switch|p1a: Ogerpon|Ogerpon-Wellspring, F|100\/100\n|turn|16\n|\n|t:|1700238153\n|-end|p2a: Sandy Shocks|Protosynthesis|[silent]\n|switch|p2a: Corviknight|Corviknight, F|73\/100\n|-damage|p2a: Corviknight|60\/100|[from] Stealth Rock\n|-ability|p2a: Corviknight|Pressure\n|move|p1a: Ogerpon|Ivy Cudgel|p2a: Corviknight|[anim] Ivy Cudgel Water\n|-damage|p2a: Corviknight|23\/100\n|\n|-heal|p2a: Corviknight|29\/100|[from] item: Leftovers\n|upkeep\n|turn|17\n|\n|t:|1700238159\n|move|p1a: Ogerpon|Ivy Cudgel|p2a: Corviknight|[anim] Ivy Cudgel Water\n|-damage|p2a: Corviknight|0 fnt\n|faint|p2a: Corviknight\n|\n|upkeep\n|\n|t:|1700238164\n|switch|p2a: Jeaneau|Cinderace, M, shiny|100\/100\n|turn|18\n|\n|t:|1700238170\n|-terastallize|p1a: Ogerpon|Water\n|detailschange|p1a: Ogerpon|Ogerpon-Wellspring-Tera, F, tera:Water\n|-ability|p1a: Ogerpon|Embody Aspect (Wellspring)|boost\n|-boost|p1a: Ogerpon|spd|1\n|move|p2a: Jeaneau|U-turn|p1a: Ogerpon\n|-start|p2a: Jeaneau|typechange|Bug|[from] ability: Libero\n|-damage|p1a: Ogerpon|58\/100\n|\n|t:|1700238176\n|switch|p2a: Dragonite|Dragonite, M|100\/100|[from] U-turn\n|move|p1a: Ogerpon|Ivy Cudgel|p2a: Dragonite|[anim] Ivy Cudgel Water\n|-resisted|p2a: Dragonite\n|-damage|p2a: Dragonite|80\/100\n|\n|upkeep\n|turn|19\n|\n|t:|1700238182\n|move|p1a: Ogerpon|Knock Off|p2a: Dragonite\n|-damage|p2a: Dragonite|38\/100\n|-enditem|p2a: Dragonite|Heavy-Duty Boots|[from] move: Knock Off|[of] p1a: Ogerpon\n|move|p2a: Dragonite|Earthquake|p1a: Ogerpon\n|-damage|p1a: Ogerpon|7\/100\n|\n|upkeep\n|turn|20\n|\n|t:|1700238192\n|move|p2a: Dragonite|Extreme Speed|p1a: Ogerpon\n|-damage|p1a: Ogerpon|0 fnt\n|faint|p1a: Ogerpon\n|\n|upkeep\n|\n|t:|1700238209\n|switch|p1a: Iron Valiant|Iron Valiant|100\/100\n|-enditem|p1a: Iron Valiant|Booster Energy\n|-activate|p1a: Iron Valiant|ability: Quark Drive|[fromitem]\n|-start|p1a: Iron Valiant|quarkdrivespe\n|turn|21\n|\n|t:|1700238214\n|move|p2a: Dragonite|Extreme Speed|p1a: Iron Valiant\n|-damage|p1a: Iron Valiant|62\/100\n|move|p1a: Iron Valiant|Moonblast|p2a: Dragonite\n|-supereffective|p2a: Dragonite\n|-damage|p2a: Dragonite|0 fnt\n|faint|p2a: Dragonite\n|\n|upkeep\n|\n|t:|1700238221\n|switch|p2a: Jeaneau|Cinderace, M, shiny|100\/100\n|turn|22\n|\n|t:|1700238232\n|move|p1a: Iron Valiant|Psyshock|p2a: Jeaneau\n|-damage|p2a: Jeaneau|62\/100\n|move|p2a: Jeaneau|Pyro Ball|p1a: Iron Valiant\n|-damage|p1a: Iron Valiant|0 fnt\n|faint|p1a: Iron Valiant\n|-end|p1a: Iron Valiant|Quark Drive|[silent]\n|\n|upkeep\n|\n|t:|1700238237\n|switch|p1a: Zamazenta|Zamazenta, shiny|100\/100\n|-ability|p1a: Zamazenta|Dauntless Shield|boost\n|-boost|p1a: Zamazenta|def|1\n|turn|23\n|\n|t:|1700238241\n|move|p1a: Zamazenta|Iron Defense|p1a: Zamazenta\n|-boost|p1a: Zamazenta|def|2\n|move|p2a: Jeaneau|U-turn|p1a: Zamazenta\n|-start|p2a: Jeaneau|typechange|Bug|[from] ability: Libero\n|-resisted|p1a: Zamazenta\n|-damage|p1a: Zamazenta|95\/100\n|\n|t:|1700238244\n|switch|p2a: Iron Valiant|Iron Valiant|100\/100|[from] U-turn\n|-damage|p2a: Iron Valiant|94\/100|[from] Stealth Rock\n|\n|-heal|p1a: Zamazenta|100\/100|[from] item: Leftovers\n|upkeep\n|turn|24\n|j| ThatJebshuckle\n|l| ThatJebshuckle\n|c|\u2606rtfx|gg\n|\n|t:|1700238265\n|move|p2a: Iron Valiant|Trick|p1a: Zamazenta\n|-activate|p2a: Iron Valiant|move: Trick|[of] p1a: Zamazenta\n|-item|p1a: Zamazenta|Choice Scarf|[from] move: Trick\n|-item|p2a: Iron Valiant|Leftovers|[from] move: Trick\n|move|p1a: Zamazenta|Stone Edge|p2a: Iron Valiant\n|-resisted|p2a: Iron Valiant\n|-damage|p2a: Iron Valiant|72\/100\n|\n|-heal|p2a: Iron Valiant|79\/100|[from] item: Leftovers\n|upkeep\n|turn|25\n|c|\u2606Remioche|gg\n|\n|t:|1700238273\n|move|p1a: Zamazenta|Stone Edge|p2a: Iron Valiant\n|-resisted|p2a: Iron Valiant\n|-damage|p2a: Iron Valiant|58\/100\n|move|p2a: Iron Valiant|Moonblast|p1a: Zamazenta\n|-supereffective|p1a: Zamazenta\n|-damage|p1a: Zamazenta|24\/100\n|\n|-heal|p2a: Iron Valiant|65\/100|[from] item: Leftovers\n|upkeep\n|turn|26\n|\n|t:|1700238276\n|move|p1a: Zamazenta|Stone Edge|p2a: Iron Valiant\n|-resisted|p2a: Iron Valiant\n|-damage|p2a: Iron Valiant|44\/100\n|move|p2a: Iron Valiant|Moonblast|p1a: Zamazenta\n|-supereffective|p1a: Zamazenta\n|-damage|p1a: Zamazenta|0 fnt\n|faint|p1a: Zamazenta\n|\n|win|Remioche\n|raw|rtfx's rating: 1626 &rarr; <strong>1609<\/strong><br \/>(-17 for losing)\n|raw|Remioche's rating: 1683 &rarr; <strong>1700<\/strong><br \/>(+17 for winning)\n|l|\u2606rtfx\n","uploadtime":1700238288,"views":12,"p1id":"rtfx","p2id":"remioche","formatid":"gen9ou","rating":1609,"private":0,"password":""}