{"id":"gen9ou-1996447431","p1":"Blurred Ace","p2":"AKAKingACE","format":"[Gen 9] OU","log":"|j|\u2606Blurred Ace\n|j|\u2606AKAKingACE\n|t:|1700682899\n|gametype|singles\n|player|p1|Blurred Ace|gambler|1541\n|player|p2|AKAKingACE|170|1539\n|teamsize|p1|6\n|teamsize|p2|6\n|gen|9\n|tier|[Gen 9] OU\n|rated|\n|rule|Sleep Clause Mod: Limit one foe put to sleep\n|rule|Species Clause: Limit one of each Pok\u00e9mon\n|rule|OHKO Clause: OHKO moves are banned\n|rule|Evasion Items Clause: Evasion items are banned\n|rule|Evasion Moves Clause: Evasion moves are banned\n|rule|Endless Battle Clause: Forcing endless battles is banned\n|rule|HP Percentage Mod: HP is shown in percentages\n|clearpoke\n|poke|p1|Dragapult, M|\n|poke|p1|Scizor, M|\n|poke|p1|Samurott-Hisui, M|\n|poke|p1|Great Tusk|\n|poke|p1|Slowking, M|\n|poke|p1|Garganacl, M|\n|poke|p2|Hoopa-Unbound|\n|poke|p2|Iron Hands|\n|poke|p2|Kingambit, F|\n|poke|p2|Ribombee, F|\n|poke|p2|Iron Valiant|\n|poke|p2|Zamazenta-*|\n|teampreview\n|inactive|Battle timer is ON: inactive players will automatically lose when time's up. (requested by AKAKingACE)\n|\n|t:|1700682903\n|start\n|switch|p1a: Scizor|Scizor, M|100\/100\n|switch|p2a: Ribombee|Ribombee, F|100\/100\n|turn|1\n|\n|t:|1700682907\n|move|p1a: Scizor|Bullet Punch|p2a: Ribombee\n|-supereffective|p2a: Ribombee\n|-enditem|p2a: Ribombee|Focus Sash\n|-damage|p2a: Ribombee|1\/100\n|move|p2a: Ribombee|Sticky Web|p1a: Scizor\n|-sidestart|p1: Blurred Ace|move: Sticky Web\n|\n|upkeep\n|turn|2\n|\n|t:|1700682913\n|switch|p2a: Zamazenta|Zamazenta|100\/100\n|-ability|p2a: Zamazenta|Dauntless Shield|boost\n|-boost|p2a: Zamazenta|def|1\n|move|p1a: Scizor|Bullet Punch|p2a: Zamazenta\n|-damage|p2a: Zamazenta|75\/100\n|\n|-heal|p2a: Zamazenta|82\/100|[from] item: Leftovers\n|upkeep\n|turn|3\n|\n|t:|1700682919\n|switch|p1a: Dragapult|Dragapult, M|100\/100\n|move|p2a: Zamazenta|Iron Defense|p2a: Zamazenta\n|-boost|p2a: Zamazenta|def|2\n|\n|-heal|p2a: Zamazenta|88\/100|[from] item: Leftovers\n|upkeep\n|turn|4\n|\n|t:|1700682924\n|move|p1a: Dragapult|Will-O-Wisp|p2a: Zamazenta\n|-status|p2a: Zamazenta|brn\n|move|p2a: Zamazenta|Crunch|p1a: Dragapult\n|-supereffective|p1a: Dragapult\n|-damage|p1a: Dragapult|67\/100\n|\n|-heal|p2a: Zamazenta|94\/100 brn|[from] item: Leftovers\n|-damage|p2a: Zamazenta|88\/100 brn|[from] brn\n|upkeep\n|turn|5\n|\n|t:|1700682929\n|move|p1a: Dragapult|Hex|p2a: Zamazenta\n|-damage|p2a: Zamazenta|47\/100 brn\n|move|p2a: Zamazenta|Crunch|p1a: Dragapult\n|-supereffective|p1a: Dragapult\n|-damage|p1a: Dragapult|32\/100\n|\n|-heal|p2a: Zamazenta|53\/100 brn|[from] item: Leftovers\n|-damage|p2a: Zamazenta|47\/100 brn|[from] brn\n|upkeep\n|turn|6\n|\n|t:|1700682934\n|move|p1a: Dragapult|Hex|p2a: Zamazenta\n|-damage|p2a: Zamazenta|0 fnt\n|faint|p2a: Zamazenta\n|\n|upkeep\n|c|\u2606AKAKingACE|The rolls are crazy\n|\n|t:|1700682952\n|switch|p2a: Iron Valiant|Iron Valiant|100\/100\n|-enditem|p2a: Iron Valiant|Booster Energy\n|-activate|p2a: Iron Valiant|ability: Quark Drive|[fromitem]\n|-start|p2a: Iron Valiant|quarkdrivespe\n|turn|7\n|inactive|Blurred Ace has 120 seconds left.\n|\n|t:|1700682983\n|switch|p1a: Slowking|Slowking, M|100\/100\n|-activate|p1a: Slowking|move: Sticky Web\n|-unboost|p1a: Slowking|spe|1\n|move|p2a: Iron Valiant|Moonblast|p1a: Slowking\n|-damage|p1a: Slowking|72\/100\n|-unboost|p1a: Slowking|spa|1\n|\n|-heal|p1a: Slowking|78\/100|[from] item: Leftovers\n|upkeep\n|turn|8\n|inactive|Blurred Ace has 120 seconds left.\n|\n|t:|1700683000\n|move|p2a: Iron Valiant|Thunderbolt|p1a: Slowking\n|-supereffective|p1a: Slowking\n|-damage|p1a: Slowking|42\/100\n|move|p1a: Slowking|Future Sight|p2a: Iron Valiant\n|-start|p1a: Slowking|move: Future Sight\n|\n|-heal|p1a: Slowking|48\/100|[from] item: Leftovers\n|upkeep\n|turn|9\n|\n|t:|1700683005\n|move|p2a: Iron Valiant|Thunderbolt|p1a: Slowking\n|-supereffective|p1a: Slowking\n|-damage|p1a: Slowking|14\/100\n|move|p1a: Slowking|Chilly Reception|p1a: Slowking\n|-weather|Snow\n|inactive|Blurred Ace has 120 seconds left.\n|\n|t:|1700683028\n|switch|p1a: Scizor|Scizor, M|100\/100|[from] Chilly Reception\n|-activate|p1a: Scizor|move: Sticky Web\n|-unboost|p1a: Scizor|spe|1\n|\n|-weather|Snow|[upkeep]\n|upkeep\n|turn|10\n|\n|t:|1700683039\n|-end|p2a: Iron Valiant|Quark Drive|[silent]\n|switch|p2a: Iron Hands|Iron Hands|100\/100\n|move|p1a: Scizor|Bullet Punch|p2a: Iron Hands\n|-resisted|p2a: Iron Hands\n|-damage|p2a: Iron Hands|83\/100\n|\n|-weather|Snow|[upkeep]\n|-end|p2a: Iron Hands|move: Future Sight\n|-supereffective|p2a: Iron Hands\n|-damage|p2a: Iron Hands|31\/100\n|upkeep\n|turn|11\n|inactive|Blurred Ace has 120 seconds left.\n|\n|t:|1700683054\n|switch|p1a: Great Tusk|Great Tusk|100\/100\n|-activate|p1a: Great Tusk|move: Sticky Web\n|-unboost|p1a: Great Tusk|spe|1\n|move|p2a: Iron Hands|Drain Punch|p1a: Great Tusk\n|-damage|p1a: Great Tusk|74\/100\n|-heal|p2a: Iron Hands|42\/100|[from] drain|[of] p1a: Great Tusk\n|\n|-weather|Snow|[upkeep]\n|-heal|p1a: Great Tusk|80\/100|[from] item: Leftovers\n|upkeep\n|turn|12\n|\n|t:|1700683062\n|-end|p2a: Iron Hands|Quark Drive|[silent]\n|switch|p2a: Ribombee|Ribombee, F|1\/100\n|move|p1a: Great Tusk|Rapid Spin|p2a: Ribombee\n|-damage|p2a: Ribombee|0 fnt\n|-boost|p1a: Great Tusk|spe|1\n|-sideend|p1: Blurred Ace|Sticky Web|[from] move: Rapid Spin|[of] p1a: Great Tusk\n|faint|p2a: Ribombee\n|\n|-weather|Snow|[upkeep]\n|-heal|p1a: Great Tusk|86\/100|[from] item: Leftovers\n|upkeep\n|\n|t:|1700683067\n|switch|p2a: Iron Valiant|Iron Valiant|100\/100\n|turn|13\n|\n|t:|1700683079\n|-end|p1a: Great Tusk|Protosynthesis|[silent]\n|switch|p1a: Scizor|Scizor, M|100\/100\n|move|p2a: Iron Valiant|Moonblast|p1a: Scizor\n|-resisted|p1a: Scizor\n|-damage|p1a: Scizor|71\/100\n|\n|-weather|none\n|upkeep\n|turn|14\n|\n|t:|1700683087\n|-end|p2a: Iron Valiant|Quark Drive|[silent]\n|switch|p2a: Iron Hands|Iron Hands|42\/100\n|move|p1a: Scizor|Bullet Punch|p2a: Iron Hands\n|-resisted|p2a: Iron Hands\n|-damage|p2a: Iron Hands|26\/100\n|\n|upkeep\n|turn|15\n|\n|t:|1700683096\n|switch|p1a: Great Tusk|Great Tusk|86\/100\n|move|p2a: Iron Hands|Drain Punch|p1a: Great Tusk\n|-damage|p1a: Great Tusk|59\/100\n|-heal|p2a: Iron Hands|38\/100|[from] drain|[of] p1a: Great Tusk\n|\n|-heal|p1a: Great Tusk|65\/100|[from] item: Leftovers\n|upkeep\n|turn|16\n|\n|t:|1700683103\n|-end|p2a: Iron Hands|Quark Drive|[silent]\n|switch|p2a: Iron Valiant|Iron Valiant|100\/100\n|move|p1a: Great Tusk|Earthquake|p2a: Iron Valiant\n|-damage|p2a: Iron Valiant|22\/100\n|\n|-heal|p1a: Great Tusk|71\/100|[from] item: Leftovers\n|upkeep\n|turn|17\n|\n|t:|1700683113\n|-end|p1a: Great Tusk|Protosynthesis|[silent]\n|switch|p1a: Scizor|Scizor, M|71\/100\n|move|p2a: Iron Valiant|Moonblast|p1a: Scizor\n|-resisted|p1a: Scizor\n|-damage|p1a: Scizor|44\/100\n|-unboost|p1a: Scizor|spa|1\n|\n|upkeep\n|turn|18\n|\n|t:|1700683118\n|move|p2a: Iron Valiant|Aura Sphere|p1a: Scizor\n|-damage|p1a: Scizor|0 fnt\n|faint|p1a: Scizor\n|\n|upkeep\n|\n|t:|1700683125\n|switch|p1a: Samurott|Samurott-Hisui, M|100\/100\n|turn|19\n|\n|t:|1700683126\n|move|p1a: Samurott|Aqua Jet|p2a: Iron Valiant\n|-damage|p2a: Iron Valiant|0 fnt\n|faint|p2a: Iron Valiant\n|-end|p2a: Iron Valiant|Quark Drive|[silent]\n|\n|upkeep\n|\n|t:|1700683128\n|switch|p2a: Iron Hands|Iron Hands|38\/100\n|turn|20\n|\n|t:|1700683132\n|move|p1a: Samurott|Knock Off|p2a: Iron Hands\n|-resisted|p2a: Iron Hands\n|-crit|p2a: Iron Hands\n|-damage|p2a: Iron Hands|17\/100\n|-enditem|p2a: Iron Hands|Assault Vest|[from] move: Knock Off|[of] p1a: Samurott\n|move|p2a: Iron Hands|Drain Punch|p1a: Samurott\n|-supereffective|p1a: Samurott\n|-enditem|p1a: Samurott|Focus Sash\n|-damage|p1a: Samurott|1\/100\n|-heal|p2a: Iron Hands|48\/100|[from] drain|[of] p1a: Samurott\n|\n|upkeep\n|turn|21\n|\n|t:|1700683139\n|move|p1a: Samurott|Ceaseless Edge|p2a: Iron Hands\n|-resisted|p2a: Iron Hands\n|-damage|p2a: Iron Hands|34\/100\n|-sidestart|p2: AKAKingACE|Spikes\n|move|p2a: Iron Hands|Ice Punch|p1a: Samurott\n|-resisted|p1a: Samurott\n|-damage|p1a: Samurott|0 fnt\n|faint|p1a: Samurott\n|\n|upkeep\n|\n|t:|1700683146\n|switch|p1a: Great Tusk|Great Tusk|71\/100\n|turn|22\n|\n|t:|1700683150\n|-terastallize|p2a: Iron Hands|Flying\n|move|p1a: Great Tusk|Earthquake|p2a: Iron Hands\n|-immune|p2a: Iron Hands\n|move|p2a: Iron Hands|Ice Punch|p1a: Great Tusk\n|-supereffective|p1a: Great Tusk\n|-damage|p1a: Great Tusk|30\/100\n|\n|-heal|p1a: Great Tusk|36\/100|[from] item: Leftovers\n|upkeep\n|turn|23\n|\n|t:|1700683161\n|-terastallize|p1a: Great Tusk|Water\n|move|p1a: Great Tusk|Bulk Up|p1a: Great Tusk\n|-boost|p1a: Great Tusk|atk|1\n|-boost|p1a: Great Tusk|def|1\n|move|p2a: Iron Hands|Ice Punch|p1a: Great Tusk\n|-resisted|p1a: Great Tusk\n|-damage|p1a: Great Tusk|30\/100\n|\n|-heal|p1a: Great Tusk|36\/100|[from] item: Leftovers\n|upkeep\n|turn|24\n|\n|t:|1700683168\n|move|p1a: Great Tusk|Knock Off|p2a: Iron Hands\n|-damage|p2a: Iron Hands|9\/100\n|move|p2a: Iron Hands|Thunder Punch|p1a: Great Tusk\n|-supereffective|p1a: Great Tusk\n|-damage|p1a: Great Tusk|0 fnt\n|faint|p1a: Great Tusk\n|-end|p1a: Great Tusk|Protosynthesis|[silent]\n|\n|upkeep\n|\n|t:|1700683178\n|switch|p1a: Dragapult|Dragapult, M|32\/100\n|turn|25\n|\n|t:|1700683180\n|move|p1a: Dragapult|Hex|p2a: Iron Hands\n|-damage|p2a: Iron Hands|0 fnt\n|faint|p2a: Iron Hands\n|-end|p2a: Iron Hands|Quark Drive|[silent]\n|\n|upkeep\n|\n|t:|1700683182\n|switch|p2a: Hoopa|Hoopa-Unbound|100\/100\n|-damage|p2a: Hoopa|88\/100|[from] Spikes\n|turn|26\n|\n|t:|1700683184\n|move|p1a: Dragapult|U-turn|p2a: Hoopa\n|-supereffective|p2a: Hoopa\n|-damage|p2a: Hoopa|0 fnt\n|faint|p2a: Hoopa\n|\n|t:|1700683186\n|switch|p1a: Slowking|Slowking, M|47\/100|[from] U-turn\n|\n|-heal|p1a: Slowking|54\/100|[from] item: Leftovers\n|upkeep\n|\n|t:|1700683188\n|switch|p2a: Kingambit|Kingambit, F|100\/100\n|-activate|p2a: Kingambit|ability: Supreme Overlord\n|-start|p2a: Kingambit|fallen5|[silent]\n|turn|27\n|\n|t:|1700683197\n|move|p2a: Kingambit|Swords Dance|p2a: Kingambit\n|-boost|p2a: Kingambit|atk|2\n|move|p1a: Slowking|Scald|p2a: Kingambit\n|-damage|p2a: Kingambit|70\/100\n|-status|p2a: Kingambit|brn\n|\n|-heal|p1a: Slowking|60\/100|[from] item: Leftovers\n|-damage|p2a: Kingambit|64\/100 brn|[from] brn\n|upkeep\n|turn|28\n|\n|t:|1700683203\n|move|p2a: Kingambit|Kowtow Cleave|p1a: Slowking\n|-supereffective|p1a: Slowking\n|-damage|p1a: Slowking|0 fnt\n|faint|p1a: Slowking\n|\n|-damage|p2a: Kingambit|58\/100 brn|[from] brn\n|upkeep\n|\n|t:|1700683205\n|switch|p1a: Garganacl|Garganacl, M|100\/100\n|turn|29\n|\n|t:|1700683207\n|move|p2a: Kingambit|Iron Head|p1a: Garganacl\n|-supereffective|p1a: Garganacl\n|-damage|p1a: Garganacl|25\/100\n|move|p1a: Garganacl|Salt Cure|p2a: Kingambit\n|-resisted|p2a: Kingambit\n|-damage|p2a: Kingambit|53\/100 brn\n|-start|p2a: Kingambit|Salt Cure\n|\n|-heal|p1a: Garganacl|32\/100|[from] item: Leftovers\n|-damage|p2a: Kingambit|46\/100 brn|[from] brn\n|-damage|p2a: Kingambit|21\/100 brn|[from] Salt Cure\n|upkeep\n|turn|30\n|c|\u2606Blurred Ace|GG\n|\n|t:|1700683223\n|move|p2a: Kingambit|Iron Head|p1a: Garganacl\n|-supereffective|p1a: Garganacl\n|-damage|p1a: Garganacl|0 fnt\n|faint|p1a: Garganacl\n|\n|-damage|p2a: Kingambit|15\/100 brn|[from] brn\n|-damage|p2a: Kingambit|0 fnt|[from] Salt Cure\n|faint|p2a: Kingambit\n|-end|p2a: Kingambit|fallen5|[silent]\n|\n|win|Blurred Ace\n|upkeep\n|raw|Blurred Ace's rating: 1541 &rarr; <strong>1561<\/strong><br \/>(+20 for winning)\n|raw|AKAKingACE's rating: 1539 &rarr; <strong>1519<\/strong><br \/>(-20 for losing)\n","uploadtime":1700683313,"views":1,"p1id":"blurredace","p2id":"akakingace","formatid":"gen9ou","rating":1519,"private":0,"password":""}