{"id":"gen9ou-2000009743","p1":"Hold DEEZNUUTZ","p2":"fuwa the cute","format":"[Gen 9] OU","log":"|j|\u2606Hold DEEZNUUTZ\n|j|\u2606fuwa the cute\n|t:|1701140736\n|gametype|singles\n|player|p1|Hold DEEZNUUTZ|cyclist|1488\n|player|p2|fuwa the cute|elesa|1580\n|teamsize|p1|6\n|teamsize|p2|6\n|gen|9\n|tier|[Gen 9] OU\n|rated|\n|rule|Sleep Clause Mod: Limit one foe put to sleep\n|rule|Species Clause: Limit one of each Pok\u00e9mon\n|rule|OHKO Clause: OHKO moves are banned\n|rule|Evasion Items Clause: Evasion items are banned\n|rule|Evasion Moves Clause: Evasion moves are banned\n|rule|Endless Battle Clause: Forcing endless battles is banned\n|rule|HP Percentage Mod: HP is shown in percentages\n|clearpoke\n|poke|p1|Corviknight, F|\n|poke|p1|Dragapult, M|\n|poke|p1|Hatterene, F|\n|poke|p1|Chansey, F|\n|poke|p1|Slowking-Galar, F|\n|poke|p1|Meowscarada, M|\n|poke|p2|Dondozo, M|\n|poke|p2|Toxapex, M|\n|poke|p2|Corviknight, M|\n|poke|p2|Clefable, F|\n|poke|p2|Slowking-Galar, F|\n|poke|p2|Clodsire, F|\n|teampreview\n|inactive|Battle timer is ON: inactive players will automatically lose when time's up. (requested by Hold DEEZNUUTZ)\n|c|\u2606Hold DEEZNUUTZ|stall\n|\n|t:|1701140743\n|start\n|switch|p1a: Dragapult|Dragapult, M|100\/100\n|switch|p2a: kING|Slowking-Galar, F|100\/100\n|turn|1\n|c|\u2606Hold DEEZNUUTZ|u easy\n|c|\u2606fuwa the cute|yes sir\n|\n|t:|1701140751\n|move|p1a: Dragapult|Substitute|p1a: Dragapult\n|-start|p1a: Dragapult|Substitute\n|-damage|p1a: Dragapult|76\/100\n|move|p2a: kING|Thunder Wave||[still]\n|-fail|p2a: kING\n|\n|-heal|p1a: Dragapult|82\/100|[from] item: Leftovers\n|upkeep\n|turn|2\n|c|\u2606Hold DEEZNUUTZ|get skills\n|\n|t:|1701140759\n|switch|p2a: QUDSierre|Clodsire, F|100\/100\n|move|p1a: Dragapult|Thunder Wave|p2a: QUDSierre\n|-immune|p2a: QUDSierre\n|\n|-heal|p1a: Dragapult|88\/100|[from] item: Leftovers\n|upkeep\n|turn|3\n|\n|t:|1701140767\n|move|p1a: Dragapult|Will-O-Wisp|p2a: QUDSierre\n|-status|p2a: QUDSierre|brn\n|move|p2a: QUDSierre|Earthquake|p1a: Dragapult\n|-crit|p1a: Dragapult\n|-activate|p1a: Dragapult|move: Substitute|[damage]\n|\n|-heal|p1a: Dragapult|94\/100|[from] item: Leftovers\n|-damage|p2a: QUDSierre|94\/100 brn|[from] brn\n|upkeep\n|turn|4\n|\n|t:|1701140778\n|switch|p1a: Hatterene|Hatterene, F|100\/100\n|move|p2a: QUDSierre|Spikes|p1a: Hatterene\n|move|p1a: Hatterene|Spikes|p2a: QUDSierre|[from]ability: Magic Bounce\n|-sidestart|p2: fuwa the cute|Spikes\n|\n|-damage|p2a: QUDSierre|88\/100 brn|[from] brn\n|upkeep\n|turn|5\n|c|\u2606Hold DEEZNUUTZ|skeels\n|\n|t:|1701140790\n|switch|p2a: kING|Slowking-Galar, F|100\/100\n|-damage|p2a: kING|88\/100|[from] Spikes\n|move|p1a: Hatterene|Calm Mind|p1a: Hatterene\n|-boost|p1a: Hatterene|spa|1\n|-boost|p1a: Hatterene|spd|1\n|\n|upkeep\n|turn|6\n|\n|t:|1701140799\n|-terastallize|p1a: Hatterene|Water\n|move|p2a: kING|Trick|p1a: Hatterene\n|-activate|p2a: kING|move: Trick|[of] p1a: Hatterene\n|-item|p1a: Hatterene|Choice Scarf|[from] move: Trick\n|-item|p2a: kING|Leftovers|[from] move: Trick\n|move|p1a: Hatterene|Calm Mind|p1a: Hatterene\n|-boost|p1a: Hatterene|spa|1\n|-boost|p1a: Hatterene|spd|1\n|\n|-heal|p2a: kING|94\/100|[from] item: Leftovers\n|upkeep\n|turn|7\n|c|\u2606Hold DEEZNUUTZ|lmao\n|c|\u2606Hold DEEZNUUTZ|scarf\n|c|\u2606Hold DEEZNUUTZ|and try to t wave me\n|c|\u2606fuwa the cute|nosir\n|inactive|Hold DEEZNUUTZ has 120 seconds left.\n|\n|t:|1701140830\n|switch|p1a: Slowking|Slowking-Galar, F|100\/100\n|move|p2a: kING|Future Sight|p1a: Slowking\n|-start|p2a: kING|move: Future Sight\n|\n|-heal|p2a: kING|99\/100|[from] item: Leftovers\n|upkeep\n|turn|8\n|inactive|Hold DEEZNUUTZ has 120 seconds left.\n|\n|t:|1701140845\n|switch|p2a: NightMech|Corviknight, M, shiny|100\/100\n|-ability|p2a: NightMech|Pressure\n|move|p1a: Slowking|Flamethrower|p2a: NightMech\n|-supereffective|p2a: NightMech\n|-damage|p2a: NightMech|24\/100\n|-damage|p1a: Slowking|91\/100|[from] item: Life Orb\n|\n|upkeep\n|turn|9\n|c|\u2606Hold DEEZNUUTZ|skills\n|\n|t:|1701140857\n|switch|p2a: QUDSierre|Clodsire, F|88\/100 brn\n|move|p1a: Slowking|Flamethrower|p2a: QUDSierre\n|-damage|p2a: QUDSierre|68\/100 brn\n|-damage|p1a: Slowking|81\/100|[from] item: Life Orb\n|\n|-end|p1a: Slowking|move: Future Sight\n|-damage|p1a: Slowking|46\/100\n|-damage|p2a: QUDSierre|62\/100 brn|[from] brn\n|upkeep\n|turn|10\n|\n|t:|1701140865\n|switch|p1a: Hatterene|Hatterene, F, tera:Water|100\/100\n|move|p2a: QUDSierre|Recover|p2a: QUDSierre\n|-heal|p2a: QUDSierre|100\/100 brn\n|\n|-damage|p2a: QUDSierre|94\/100 brn|[from] brn\n|upkeep\n|turn|11\n|\n|t:|1701140870\n|switch|p2a: NightMech|Corviknight, M, shiny|24\/100\n|-ability|p2a: NightMech|Pressure\n|move|p1a: Hatterene|Stored Power|p2a: NightMech\n|-resisted|p2a: NightMech\n|-damage|p2a: NightMech|20\/100\n|\n|upkeep\n|turn|12\n|\n|t:|1701140878\n|switch|p1a: Chansey|Chansey, F|100\/100\n|move|p2a: NightMech|Roost|p2a: NightMech\n|-heal|p2a: NightMech|70\/100\n|-singleturn|p2a: NightMech|move: Roost\n|\n|upkeep\n|turn|13\n|\n|t:|1701140882\n|move|p2a: NightMech|Defog|p1a: Chansey\n|-unboost|p1a: Chansey|evasion|1\n|-sideend|p2: fuwa the cute|Spikes|[from] move: Defog|[of] p2a: NightMech\n|move|p1a: Chansey|Thunder Wave|p2a: NightMech|[miss]\n|-miss|p1a: Chansey|p2a: NightMech\n|\n|upkeep\n|turn|14\n|c|\u2606Hold DEEZNUUTZ|bad n lucky\n|c|\u2606fuwa the cute|skills\n|\n|t:|1701140895\n|switch|p2a: Patutie|Clefable, F|100\/100\n|move|p1a: Chansey|Stealth Rock|p2a: Patutie\n|-sidestart|p2: fuwa the cute|move: Stealth Rock\n|\n|upkeep\n|turn|15\n|c|\u2606Hold DEEZNUUTZ|garb\n|\n|t:|1701140902\n|move|p2a: Patutie|Knock Off|p1a: Chansey\n|-damage|p1a: Chansey|89\/100\n|-enditem|p1a: Chansey|Eviolite|[from] move: Knock Off|[of] p2a: Patutie\n|move|p1a: Chansey|Thunder Wave|p2a: Patutie\n|-status|p2a: Patutie|par\n|\n|upkeep\n|turn|16\n|\n|t:|1701140910\n|switch|p1a: Slowking|Slowking-Galar, F|80\/100\n|cant|p2a: Patutie|par\n|\n|upkeep\n|turn|17\n|\n|t:|1701140919\n|switch|p2a: kING|Slowking-Galar, F|100\/100\n|-damage|p2a: kING|88\/100|[from] Stealth Rock\n|move|p1a: Slowking|Sludge Bomb|p2a: kING\n|-resisted|p2a: kING\n|-damage|p2a: kING|72\/100\n|-damage|p1a: Slowking|70\/100|[from] item: Life Orb\n|\n|-heal|p2a: kING|78\/100|[from] item: Leftovers\n|upkeep\n|turn|18\n|\n|t:|1701140948\n|switch|p1a: Hatterene|Hatterene, F, tera:Water|100\/100\n|move|p2a: kING|Future Sight|p1a: Hatterene\n|-start|p2a: kING|move: Future Sight\n|\n|-heal|p2a: kING|84\/100|[from] item: Leftovers\n|upkeep\n|turn|19\n|\n|t:|1701140958\n|move|p2a: kING|Chilly Reception|p2a: kING\n|-weather|Snow\n|\n|t:|1701140968\n|switch|p2a: QUDSierre|Clodsire, F|94\/100 brn|[from] Chilly Reception\n|move|p1a: Hatterene|Draining Kiss|p2a: QUDSierre\n|-resisted|p2a: QUDSierre\n|-damage|p2a: QUDSierre|89\/100 brn\n|\n|-weather|Snow|[upkeep]\n|-damage|p2a: QUDSierre|83\/100 brn|[from] brn\n|upkeep\n|turn|20\n|\n|t:|1701140979\n|switch|p1a: Corviknight|Corviknight, F|100\/100\n|-ability|p1a: Corviknight|Pressure\n|move|p2a: QUDSierre|Earthquake|p1a: Corviknight\n|-immune|p1a: Corviknight\n|\n|-weather|Snow|[upkeep]\n|-end|p1a: Corviknight|move: Future Sight\n|-resisted|p1a: Corviknight\n|-damage|p1a: Corviknight|80\/100\n|-heal|p1a: Corviknight|86\/100|[from] item: Leftovers\n|-damage|p2a: QUDSierre|77\/100 brn|[from] brn\n|upkeep\n|turn|21\n|\n|t:|1701140988\n|switch|p1a: Hatterene|Hatterene, F, tera:Water|100\/100\n|switch|p2a: kING|Slowking-Galar, F|100\/100\n|-damage|p2a: kING|88\/100|[from] Stealth Rock\n|\n|-weather|Snow|[upkeep]\n|-heal|p2a: kING|94\/100|[from] item: Leftovers\n|upkeep\n|turn|22\n|\n|t:|1701140998\n|switch|p1a: Meowscarada|Meowscarada, M|100\/100\n|move|p2a: kING|Future Sight|p1a: Meowscarada\n|-start|p2a: kING|move: Future Sight\n|\n|-weather|Snow|[upkeep]\n|-heal|p2a: kING|99\/100|[from] item: Leftovers\n|upkeep\n|turn|23\n|\n|t:|1701141004\n|switch|p2a: TToxiC|Toxapex, M, shiny|100\/100\n|move|p1a: Meowscarada|Knock Off|p2a: TToxiC\n|-start|p1a: Meowscarada|typechange|Dark|[from] ability: Protean\n|-damage|p2a: TToxiC|62\/100\n|-enditem|p2a: TToxiC|Heavy-Duty Boots|[from] move: Knock Off|[of] p1a: Meowscarada\n|\n|-weather|none\n|upkeep\n|turn|24\n|\n|t:|1701141018\n|switch|p1a: Hatterene|Hatterene, F, tera:Water|100\/100\n|move|p2a: TToxiC|Infestation|p1a: Hatterene\n|-damage|p1a: Hatterene|97\/100\n|-activate|p1a: Hatterene|move: Infestation|[of] p2a: TToxiC\n|\n|-end|p1a: Hatterene|move: Future Sight\n|-damage|p1a: Hatterene|49\/100\n|-damage|p1a: Hatterene|36\/100|[from] move: Infestation|[partiallytrapped]\n|upkeep\n|turn|25\n|\n|t:|1701141026\n|move|p2a: TToxiC|Recover|p2a: TToxiC\n|-heal|p2a: TToxiC|100\/100\n|move|p1a: Hatterene|Stored Power|p2a: TToxiC\n|-supereffective|p2a: TToxiC\n|-damage|p2a: TToxiC|84\/100\n|\n|-damage|p1a: Hatterene|24\/100|[from] move: Infestation|[partiallytrapped]\n|upkeep\n|turn|26\n|c|\u2606fuwa the cute|ez\n|c|\u2606Hold DEEZNUUTZ|1 miss\n|c|\u2606Hold DEEZNUUTZ|u dumb\n|c|\u2606fuwa the cute|its almost like this kill was free...\n|c|\u2606Hold DEEZNUUTZ|dumb n lucky\n|c|\u2606fuwa the cute|XD\n|\n|t:|1701141055\n|move|p2a: TToxiC|Infestation|p1a: Hatterene\n|-damage|p1a: Hatterene|21\/100\n|move|p1a: Hatterene|Stored Power|p2a: TToxiC\n|-supereffective|p2a: TToxiC\n|-damage|p2a: TToxiC|67\/100\n|\n|-damage|p1a: Hatterene|9\/100|[from] move: Infestation|[partiallytrapped]\n|upkeep\n|turn|27\n|c|\u2606Hold DEEZNUUTZ|only works once\n|\n|t:|1701141067\n|move|p2a: TToxiC|Recover|p2a: TToxiC\n|-heal|p2a: TToxiC|100\/100\n|move|p1a: Hatterene|Stored Power|p2a: TToxiC\n|-supereffective|p2a: TToxiC\n|-damage|p2a: TToxiC|85\/100\n|\n|-damage|p1a: Hatterene|0 fnt|[from] move: Infestation|[partiallytrapped]\n|faint|p1a: Hatterene\n|upkeep\n|\n|t:|1701141069\n|switch|p1a: Dragapult|Dragapult, M|94\/100\n|turn|28\n|c|\u2606fuwa the cute|bro still losing tho\n|c|\u2606fuwa the cute|quit yapping\n|c|\u2606Hold DEEZNUUTZ|u slow\n|c|\u2606Hold DEEZNUUTZ|mental\n|\n|t:|1701141088\n|switch|p2a: Patutie|Clefable, F|100\/100 par\n|move|p1a: Dragapult|Substitute|p1a: Dragapult\n|-start|p1a: Dragapult|Substitute\n|-damage|p1a: Dragapult|70\/100\n|\n|-heal|p1a: Dragapult|76\/100|[from] item: Leftovers\n|upkeep\n|turn|29\n|c|\u2606fuwa the cute|my team is\n|c|\u2606Hold DEEZNUUTZ|trash stall\n|c|\u2606fuwa the cute|and mental is the effect it has on you ;)\n|\n|t:|1701141107\n|move|p1a: Dragapult|Hex|p2a: Patutie\n|-damage|p2a: Patutie|69\/100 par\n|move|p2a: Patutie|Moonblast|p1a: Dragapult\n|-supereffective|p1a: Dragapult\n|-end|p1a: Dragapult|Substitute\n|\n|-heal|p1a: Dragapult|82\/100|[from] item: Leftovers\n|-heal|p2a: Patutie|75\/100 par|[from] item: Leftovers\n|upkeep\n|turn|30\n|c|\u2606Hold DEEZNUUTZ|copy pasted\n|c|\u2606fuwa the cute|OWIE\n|c|\u2606fuwa the cute|that hurt soo bad\n|\n|t:|1701141120\n|move|p1a: Dragapult|Substitute|p1a: Dragapult\n|-start|p1a: Dragapult|Substitute\n|-damage|p1a: Dragapult|57\/100\n|cant|p2a: Patutie|par\n|\n|-heal|p1a: Dragapult|63\/100|[from] item: Leftovers\n|-heal|p2a: Patutie|81\/100 par|[from] item: Leftovers\n|upkeep\n|turn|31\n|\n|t:|1701141125\n|move|p1a: Dragapult|Hex|p2a: Patutie\n|-damage|p2a: Patutie|49\/100 par\n|cant|p2a: Patutie|par\n|\n|-heal|p1a: Dragapult|70\/100|[from] item: Leftovers\n|-heal|p2a: Patutie|55\/100 par|[from] item: Leftovers\n|upkeep\n|turn|32\n|\n|t:|1701141130\n|move|p1a: Dragapult|Hex|p2a: Patutie\n|-damage|p2a: Patutie|24\/100 par\n|cant|p2a: Patutie|par\n|\n|-heal|p1a: Dragapult|76\/100|[from] item: Leftovers\n|-heal|p2a: Patutie|30\/100 par|[from] item: Leftovers\n|upkeep\n|turn|33\n|c|\u2606Hold DEEZNUUTZ|1 more\n|c|\u2606Hold DEEZNUUTZ|DEAD\n|c|\u2606fuwa the cute|:(\n|\n|t:|1701141147\n|switch|p2a: QUDSierre|Clodsire, F|77\/100 brn\n|move|p1a: Dragapult|Hex|p2a: QUDSierre\n|-damage|p2a: QUDSierre|52\/100 brn\n|\n|-heal|p1a: Dragapult|82\/100|[from] item: Leftovers\n|-damage|p2a: QUDSierre|46\/100 brn|[from] brn\n|upkeep\n|turn|34\n|\n|t:|1701141154\n|move|p1a: Dragapult|Hex|p2a: QUDSierre\n|-damage|p2a: QUDSierre|23\/100 brn\n|move|p2a: QUDSierre|Recover|p2a: QUDSierre\n|-heal|p2a: QUDSierre|73\/100 brn\n|\n|-heal|p1a: Dragapult|88\/100|[from] item: Leftovers\n|-damage|p2a: QUDSierre|67\/100 brn|[from] brn\n|upkeep\n|turn|35\n|c|\u2606fuwa the cute|nah\n|\n|t:|1701141160\n|move|p1a: Dragapult|Hex|p2a: QUDSierre\n|-damage|p2a: QUDSierre|43\/100 brn\n|move|p2a: QUDSierre|Amnesia|p2a: QUDSierre\n|-boost|p2a: QUDSierre|spd|2\n|\n|-heal|p1a: Dragapult|94\/100|[from] item: Leftovers\n|-damage|p2a: QUDSierre|37\/100 brn|[from] brn\n|upkeep\n|turn|36\n|\n|t:|1701141175\n|switch|p1a: Meowscarada|Meowscarada, M|100\/100\n|move|p2a: QUDSierre|Recover|p2a: QUDSierre\n|-heal|p2a: QUDSierre|87\/100 brn\n|\n|-damage|p2a: QUDSierre|81\/100 brn|[from] brn\n|upkeep\n|turn|37\n|\n|t:|1701141183\n|switch|p2a: TToxiC|Toxapex, M, shiny|100\/100\n|-damage|p2a: TToxiC|88\/100|[from] Stealth Rock\n|move|p1a: Meowscarada|U-turn|p2a: TToxiC\n|-start|p1a: Meowscarada|typechange|Bug|[from] ability: Protean\n|-resisted|p2a: TToxiC\n|-damage|p2a: TToxiC|73\/100\n|\n|t:|1701141187\n|switch|p1a: Dragapult|Dragapult, M|94\/100|[from] U-turn\n|\n|-heal|p1a: Dragapult|100\/100|[from] item: Leftovers\n|upkeep\n|turn|38\n|c|\u2606Hold DEEZNUUTZ|ez\n|\n|t:|1701141197\n|switch|p2a: QUDSierre|Clodsire, F|81\/100 brn\n|move|p1a: Dragapult|Substitute|p1a: Dragapult\n|-start|p1a: Dragapult|Substitute\n|-damage|p1a: Dragapult|76\/100\n|\n|-heal|p1a: Dragapult|82\/100|[from] item: Leftovers\n|-damage|p2a: QUDSierre|75\/100 brn|[from] brn\n|upkeep\n|turn|39\n|c|\u2606Hold DEEZNUUTZ|crit\n|c|\u2606fuwa the cute|nsah\n|\n|t:|1701141213\n|move|p1a: Dragapult|Hex|p2a: QUDSierre\n|-damage|p2a: QUDSierre|50\/100 brn\n|move|p2a: QUDSierre|Amnesia|p2a: QUDSierre\n|-boost|p2a: QUDSierre|spd|2\n|\n|-heal|p1a: Dragapult|88\/100|[from] item: Leftovers\n|-damage|p2a: QUDSierre|44\/100 brn|[from] brn\n|upkeep\n|turn|40\n|\n|t:|1701141233\n|switch|p1a: Meowscarada|Meowscarada, M|100\/100\n|move|p2a: QUDSierre|Recover|p2a: QUDSierre\n|-heal|p2a: QUDSierre|94\/100 brn\n|\n|-damage|p2a: QUDSierre|88\/100 brn|[from] brn\n|upkeep\n|turn|41\n|\n|t:|1701141239\n|switch|p2a: TToxiC|Toxapex, M, shiny|100\/100\n|-damage|p2a: TToxiC|88\/100|[from] Stealth Rock\n|move|p1a: Meowscarada|Knock Off|p2a: TToxiC\n|-start|p1a: Meowscarada|typechange|Dark|[from] ability: Protean\n|-damage|p2a: TToxiC|61\/100\n|\n|upkeep\n|turn|42\n|\n|t:|1701141253\n|switch|p1a: Corviknight|Corviknight, F|86\/100\n|-ability|p1a: Corviknight|Pressure\n|move|p2a: TToxiC|Infestation|p1a: Corviknight\n|-resisted|p1a: Corviknight\n|-damage|p1a: Corviknight|86\/100\n|-activate|p1a: Corviknight|move: Infestation|[of] p2a: TToxiC\n|\n|-heal|p1a: Corviknight|92\/100|[from] item: Leftovers\n|-damage|p1a: Corviknight|79\/100|[from] move: Infestation|[partiallytrapped]\n|upkeep\n|turn|43\n|\n|t:|1701141261\n|move|p1a: Corviknight|Iron Defense|p1a: Corviknight\n|-boost|p1a: Corviknight|def|2\n|move|p2a: TToxiC|Infestation|p1a: Corviknight\n|-resisted|p1a: Corviknight\n|-damage|p1a: Corviknight|79\/100\n|\n|-heal|p1a: Corviknight|85\/100|[from] item: Leftovers\n|-damage|p1a: Corviknight|73\/100|[from] move: Infestation|[partiallytrapped]\n|upkeep\n|turn|44\n|\n|t:|1701141267\n|move|p1a: Corviknight|Iron Defense|p1a: Corviknight\n|-boost|p1a: Corviknight|def|2\n|move|p2a: TToxiC|Surf|p1a: Corviknight\n|-damage|p1a: Corviknight|53\/100\n|\n|-heal|p1a: Corviknight|59\/100|[from] item: Leftovers\n|-damage|p1a: Corviknight|47\/100|[from] move: Infestation|[partiallytrapped]\n|upkeep\n|turn|45\n|\n|t:|1701141274\n|switch|p2a: kING|Slowking-Galar, F|100\/100\n|-damage|p2a: kING|88\/100|[from] Stealth Rock\n|move|p1a: Corviknight|Roost|p1a: Corviknight\n|-heal|p1a: Corviknight|97\/100\n|-singleturn|p1a: Corviknight|move: Roost\n|\n|-heal|p1a: Corviknight|100\/100|[from] item: Leftovers\n|-heal|p2a: kING|94\/100|[from] item: Leftovers\n|-end|p1a: Corviknight|Infestation|[partiallytrapped]|[silent]\n|upkeep\n|turn|46\n|c|\u2606fuwa the cute|wha u gon do??\n|\n|t:|1701141290\n|switch|p1a: Chansey|Chansey, F|89\/100\n|move|p2a: kING|Thunder Wave|p1a: Chansey\n|-status|p1a: Chansey|par\n|\n|-heal|p2a: kING|99\/100|[from] item: Leftovers\n|upkeep\n|turn|47\n|c|\u2606Hold DEEZNUUTZ|u dumb\n|c|\u2606fuwa the cute|ez\n|c|\u2606Hold DEEZNUUTZ|dumb n loud\n|c|\u2606fuwa the cute|ez para\n|c|\u2606fuwa the cute|ez\n|c|\u2606fuwa the cute|u mad\n|c|\u2606Hold DEEZNUUTZ|natural cure\n|c|\u2606fuwa the cute|u sad\n|c|\u2606Hold DEEZNUUTZ|idiot\n|c|\u2606fuwa the cute|cure deez nuts\n|\n|t:|1701141319\n|move|p2a: kING|Future Sight|p1a: Chansey\n|-start|p2a: kING|move: Future Sight\n|cant|p1a: Chansey|par\n|\n|-heal|p2a: kING|100\/100|[from] item: Leftovers\n|upkeep\n|turn|48\n|c|\u2606fuwa the cute|i have mold breaker\n|\n|t:|1701141326\n|move|p2a: kING|Thunder Wave|p1a: Chansey\n|-fail|p1a: Chansey|par\n|move|p1a: Chansey|Seismic Toss|p2a: kING\n|-damage|p2a: kING|75\/100\n|\n|-heal|p2a: kING|81\/100|[from] item: Leftovers\n|upkeep\n|turn|49\n|inactive|fuwa the cute has 120 seconds left.\n|\n|t:|1701141361\n|move|p2a: kING|Thunder Wave|p1a: Chansey\n|-fail|p1a: Chansey|par\n|move|p1a: Chansey|Thunder Wave|p2a: kING\n|-status|p2a: kING|par\n|\n|-end|p1a: Chansey|move: Future Sight\n|-crit|p1a: Chansey\n|-damage|p1a: Chansey|58\/100 par\n|-heal|p2a: kING|87\/100 par|[from] item: Leftovers\n|upkeep\n|turn|50\n|inactive|fuwa the cute has 120 seconds left.\n|\n|t:|1701141371\n|move|p1a: Chansey|Soft-Boiled|p1a: Chansey\n|-heal|p1a: Chansey|100\/100 par\n|move|p2a: kING|Future Sight|p1a: Chansey\n|-start|p2a: kING|move: Future Sight\n|\n|-heal|p2a: kING|93\/100 par|[from] item: Leftovers\n|upkeep\n|turn|51\n|\n|t:|1701141377\n|switch|p2a: Patutie|Clefable, F|30\/100 par\n|move|p1a: Chansey|Seismic Toss|p2a: Patutie\n|-damage|p2a: Patutie|5\/100 par\n|\n|-heal|p2a: Patutie|11\/100 par|[from] item: Leftovers\n|upkeep\n|turn|52\n|c|\u2606Hold DEEZNUUTZ|autism\n|\n|t:|1701141385\n|move|p2a: Patutie|Stealth Rock|p1a: Chansey\n|-sidestart|p1: Hold DEEZNUUTZ|move: Stealth Rock\n|move|p1a: Chansey|Seismic Toss|p2a: Patutie\n|-damage|p2a: Patutie|0 fnt\n|faint|p2a: Patutie\n|\n|-end|p1a: Chansey|move: Future Sight\n|-damage|p1a: Chansey|79\/100 par\n|upkeep\n|c|\u2606fuwa the cute|ez sack\n|\n|t:|1701141395\n|switch|p2a: QUDSierre|Clodsire, F|88\/100 brn\n|turn|53\n|\n|t:|1701141400\n|-curestatus|p1a: Chansey|par|[from] ability: Natural Cure\n|switch|p1a: Corviknight|Corviknight, F|100\/100\n|-damage|p1a: Corviknight|88\/100|[from] Stealth Rock\n|-ability|p1a: Corviknight|Pressure\n|move|p2a: QUDSierre|Spikes|p1a: Corviknight\n|-sidestart|p1: Hold DEEZNUUTZ|Spikes\n|\n|-heal|p1a: Corviknight|94\/100|[from] item: Leftovers\n|-damage|p2a: QUDSierre|82\/100 brn|[from] brn\n|upkeep\n|turn|54\n|\n|t:|1701141410\n|switch|p2a: TToxiC|Toxapex, M, shiny|94\/100\n|-damage|p2a: TToxiC|82\/100|[from] Stealth Rock\n|move|p1a: Corviknight|Defog|p2a: TToxiC\n|-unboost|p2a: TToxiC|evasion|1\n|-sideend|p2: fuwa the cute|Stealth Rock|[from] move: Defog|[of] p1a: Corviknight\n|-sideend|p1: Hold DEEZNUUTZ|Spikes|[from] move: Defog|[of] p1a: Corviknight\n|-sideend|p1: Hold DEEZNUUTZ|Stealth Rock|[from] move: Defog|[of] p1a: Corviknight\n|\n|-heal|p1a: Corviknight|99\/100|[from] item: Leftovers\n|upkeep\n|turn|55\n|\n|t:|1701141425\n|move|p1a: Corviknight|Iron Defense|p1a: Corviknight\n|-boost|p1a: Corviknight|def|2\n|move|p2a: TToxiC|Infestation|p1a: Corviknight\n|-resisted|p1a: Corviknight\n|-damage|p1a: Corviknight|99\/100\n|-activate|p1a: Corviknight|move: Infestation|[of] p2a: TToxiC\n|\n|-heal|p1a: Corviknight|100\/100|[from] item: Leftovers\n|-damage|p1a: Corviknight|88\/100|[from] move: Infestation|[partiallytrapped]\n|upkeep\n|turn|56\n|\n|t:|1701141431\n|move|p1a: Corviknight|Iron Defense|p1a: Corviknight\n|-boost|p1a: Corviknight|def|2\n|move|p2a: TToxiC|Surf|p1a: Corviknight\n|-damage|p1a: Corviknight|70\/100\n|\n|-heal|p1a: Corviknight|76\/100|[from] item: Leftovers\n|-damage|p1a: Corviknight|64\/100|[from] move: Infestation|[partiallytrapped]\n|upkeep\n|turn|57\n|\n|t:|1701141439\n|move|p1a: Corviknight|Iron Defense|p1a: Corviknight\n|-boost|p1a: Corviknight|def|2\n|move|p2a: TToxiC|Infestation|p1a: Corviknight\n|-resisted|p1a: Corviknight\n|-damage|p1a: Corviknight|63\/100\n|\n|-heal|p1a: Corviknight|69\/100|[from] item: Leftovers\n|-damage|p1a: Corviknight|57\/100|[from] move: Infestation|[partiallytrapped]\n|upkeep\n|turn|58\n|c|\u2606Hold DEEZNUUTZ|ez\n|\n|t:|1701141450\n|switch|p2a: kING|Slowking-Galar, F|100\/100 par\n|move|p1a: Corviknight|Body Press|p2a: kING\n|-resisted|p2a: kING\n|-damage|p2a: kING|75\/100 par\n|\n|-heal|p1a: Corviknight|63\/100|[from] item: Leftovers\n|-heal|p2a: kING|81\/100 par|[from] item: Leftovers\n|-end|p1a: Corviknight|Infestation|[partiallytrapped]|[silent]\n|upkeep\n|turn|59\n|\n|t:|1701141457\n|switch|p1a: Chansey|Chansey, F|79\/100\n|move|p2a: kING|Future Sight|p1a: Chansey\n|-start|p2a: kING|move: Future Sight\n|\n|-heal|p2a: kING|87\/100 par|[from] item: Leftovers\n|upkeep\n|turn|60\n|\n|t:|1701141462\n|switch|p2a: QUDSierre|Clodsire, F|82\/100 brn\n|move|p1a: Chansey|Stealth Rock|p2a: QUDSierre\n|-sidestart|p2: fuwa the cute|move: Stealth Rock\n|\n|-damage|p2a: QUDSierre|76\/100 brn|[from] brn\n|upkeep\n|turn|61\n|c|\u2606fuwa the cute|bro tried\n|\n|t:|1701141467\n|switch|p1a: Corviknight|Corviknight, F|63\/100\n|-ability|p1a: Corviknight|Pressure\n|move|p2a: QUDSierre|Spikes|p1a: Corviknight\n|-sidestart|p1: Hold DEEZNUUTZ|Spikes\n|\n|-end|p1a: Corviknight|move: Future Sight\n|-resisted|p1a: Corviknight\n|-damage|p1a: Corviknight|43\/100\n|-heal|p1a: Corviknight|49\/100|[from] item: Leftovers\n|-damage|p2a: QUDSierre|70\/100 brn|[from] brn\n|upkeep\n|turn|62\n|\n|t:|1701141480\n|switch|p2a: NightMech|Corviknight, M, shiny|70\/100\n|-damage|p2a: NightMech|58\/100|[from] Stealth Rock\n|-ability|p2a: NightMech|Pressure\n|move|p1a: Corviknight|Roost|p1a: Corviknight\n|-heal|p1a: Corviknight|99\/100\n|-singleturn|p1a: Corviknight|move: Roost\n|\n|-heal|p1a: Corviknight|100\/100|[from] item: Leftovers\n|upkeep\n|turn|63\n|\n|t:|1701141488\n|move|p2a: NightMech|Roost|p2a: NightMech\n|-heal|p2a: NightMech|100\/100\n|-singleturn|p2a: NightMech|move: Roost\n|move|p1a: Corviknight|Iron Defense|p1a: Corviknight\n|-boost|p1a: Corviknight|def|2\n|\n|upkeep\n|turn|64\n|\n|t:|1701141502\n|switch|p2a: kING|Slowking-Galar, F|100\/100 par\n|-damage|p2a: kING|88\/100 par|[from] Stealth Rock\n|move|p1a: Corviknight|Iron Defense|p1a: Corviknight\n|-boost|p1a: Corviknight|def|2\n|\n|-heal|p2a: kING|94\/100 par|[from] item: Leftovers\n|upkeep\n|turn|65\n|\n|t:|1701141513\n|switch|p1a: Chansey|Chansey, F|79\/100\n|-damage|p1a: Chansey|67\/100|[from] Spikes\n|switch|p2a: TToxiC|Toxapex, M, shiny|100\/100\n|-damage|p2a: TToxiC|88\/100|[from] Stealth Rock\n|\n|upkeep\n|turn|66\n|\n|t:|1701141522\n|switch|p1a: Corviknight|Corviknight, F|100\/100\n|-ability|p1a: Corviknight|Pressure\n|switch|p2a: kING|Slowking-Galar, F|100\/100 par\n|-damage|p2a: kING|88\/100 par|[from] Stealth Rock\n|\n|-heal|p2a: kING|94\/100 par|[from] item: Leftovers\n|upkeep\n|turn|67\n|\n|t:|1701141532\n|switch|p1a: Chansey|Chansey, F|67\/100\n|-damage|p1a: Chansey|54\/100|[from] Spikes\n|switch|p2a: TToxiC|Toxapex, M, shiny|100\/100\n|-damage|p2a: TToxiC|88\/100|[from] Stealth Rock\n|\n|upkeep\n|turn|68\n|\n|t:|1701141536\n|switch|p2a: kING|Slowking-Galar, F|100\/100 par\n|-damage|p2a: kING|88\/100 par|[from] Stealth Rock\n|move|p1a: Chansey|Thunder Wave|p2a: kING\n|-fail|p2a: kING|par\n|\n|-heal|p2a: kING|94\/100 par|[from] item: Leftovers\n|upkeep\n|turn|69\n|c|\u2606Hold DEEZNUUTZ|cute\n|\n|t:|1701141543\n|move|p1a: Chansey|Seismic Toss|p2a: kING\n|-damage|p2a: kING|69\/100 par\n|move|p2a: kING|Chilly Reception|p2a: kING\n|-weather|Snow\n|\n|t:|1701141548\n|switch|p2a: TToxiC|Toxapex, M, shiny|100\/100|[from] Chilly Reception\n|-damage|p2a: TToxiC|88\/100|[from] Stealth Rock\n|\n|-weather|Snow|[upkeep]\n|upkeep\n|turn|70\n|\n|t:|1701141555\n|switch|p1a: Corviknight|Corviknight, F|100\/100\n|-ability|p1a: Corviknight|Pressure\n|switch|p2a: kING|Slowking-Galar, F|100\/100 par\n|-damage|p2a: kING|88\/100 par|[from] Stealth Rock\n|\n|-weather|Snow|[upkeep]\n|-heal|p2a: kING|94\/100 par|[from] item: Leftovers\n|upkeep\n|turn|71\n|\n|t:|1701141570\n|switch|p2a: TToxiC|Toxapex, M, shiny|100\/100\n|-damage|p2a: TToxiC|88\/100|[from] Stealth Rock\n|move|p1a: Corviknight|Defog|p2a: TToxiC\n|-unboost|p2a: TToxiC|evasion|1\n|-sideend|p2: fuwa the cute|Stealth Rock|[from] move: Defog|[of] p1a: Corviknight\n|-sideend|p1: Hold DEEZNUUTZ|Spikes|[from] move: Defog|[of] p1a: Corviknight\n|\n|-weather|Snow|[upkeep]\n|upkeep\n|turn|72\n|c|\u2606fuwa the cute|spike damage crazy\n|c|\u2606fuwa the cute|damn\n|c|\u2606fuwa the cute|too bad its gone\n|\n|t:|1701141583\n|switch|p2a: kING|Slowking-Galar, F|100\/100 par\n|move|p1a: Corviknight|Iron Defense|p1a: Corviknight\n|-boost|p1a: Corviknight|def|2\n|\n|-weather|Snow|[upkeep]\n|upkeep\n|turn|73\n|\n|t:|1701141595\n|switch|p1a: Chansey|Chansey, F|54\/100\n|switch|p2a: QUDSierre|Clodsire, F|70\/100 brn\n|\n|-weather|none\n|-damage|p2a: QUDSierre|64\/100 brn|[from] brn\n|upkeep\n|turn|74\n|\n|t:|1701141603\n|move|p1a: Chansey|Seismic Toss|p2a: QUDSierre\n|-damage|p2a: QUDSierre|42\/100 brn\n|move|p2a: QUDSierre|Spikes|p1a: Chansey\n|-sidestart|p1: Hold DEEZNUUTZ|Spikes\n|\n|-damage|p2a: QUDSierre|36\/100 brn|[from] brn\n|upkeep\n|turn|75\n|c|\u2606fuwa the cute|shame if i add some more spikes lol\n|\n|t:|1701141610\n|move|p1a: Chansey|Seismic Toss|p2a: QUDSierre\n|-damage|p2a: QUDSierre|14\/100 brn\n|move|p2a: QUDSierre|Recover|p2a: QUDSierre\n|-heal|p2a: QUDSierre|64\/100 brn\n|\n|-damage|p2a: QUDSierre|58\/100 brn|[from] brn\n|upkeep\n|turn|76\n|\n|t:|1701141613\n|switch|p2a: NightMech|Corviknight, M, shiny|100\/100\n|-ability|p2a: NightMech|Pressure\n|move|p1a: Chansey|Seismic Toss|p2a: NightMech\n|-damage|p2a: NightMech|75\/100\n|-damage|p1a: Chansey|38\/100|[from] item: Rocky Helmet|[of] p2a: NightMech\n|\n|upkeep\n|turn|77\n|c|\u2606fuwa the cute|damn, where that extra pp go\n|c|\u2606fuwa the cute|:O\n|c|\u2606fuwa the cute|pressure go crazy!!!\n|\n|t:|1701141635\n|switch|p1a: Corviknight|Corviknight, F|100\/100\n|-ability|p1a: Corviknight|Pressure\n|move|p2a: NightMech|U-turn|p1a: Corviknight\n|-resisted|p1a: Corviknight\n|-damage|p1a: Corviknight|98\/100\n|\n|t:|1701141643\n|switch|p2a: QUDSierre|Clodsire, F|58\/100 brn|[from] U-turn\n|\n|-heal|p1a: Corviknight|100\/100|[from] item: Leftovers\n|-damage|p2a: QUDSierre|52\/100 brn|[from] brn\n|upkeep\n|turn|78\n|\n|t:|1701141647\n|switch|p2a: NightMech|Corviknight, M, shiny|75\/100\n|-ability|p2a: NightMech|Pressure\n|move|p1a: Corviknight|Defog|p2a: NightMech\n|-unboost|p2a: NightMech|evasion|1\n|-sideend|p1: Hold DEEZNUUTZ|Spikes|[from] move: Defog|[of] p1a: Corviknight\n|\n|upkeep\n|turn|79\n|c|\u2606fuwa the cute|:o\n|\n|t:|1701141659\n|switch|p1a: Dragapult|Dragapult, M|88\/100\n|switch|p2a: FishStiks|Dondozo, M|100\/100\n|\n|-heal|p1a: Dragapult|94\/100|[from] item: Leftovers\n|upkeep\n|turn|80\n|c|\u2606fuwa the cute|fish sticks yum\n|\n|t:|1701141685\n|switch|p2a: QUDSierre|Clodsire, F|52\/100 brn\n|move|p1a: Dragapult|Substitute|p1a: Dragapult\n|-start|p1a: Dragapult|Substitute\n|-damage|p1a: Dragapult|70\/100\n|\n|-heal|p1a: Dragapult|76\/100|[from] item: Leftovers\n|-damage|p2a: QUDSierre|46\/100 brn|[from] brn\n|upkeep\n|turn|81\n|c|\u2606Hold DEEZNUUTZ|3\n|inactive|fuwa the cute has 120 seconds left.\n|\n|t:|1701141703\n|switch|p2a: FishStiks|Dondozo, M|100\/100\n|move|p1a: Dragapult|Hex|p2a: FishStiks\n|-damage|p2a: FishStiks|78\/100\n|\n|-heal|p1a: Dragapult|82\/100|[from] item: Leftovers\n|-heal|p2a: FishStiks|84\/100|[from] item: Leftovers\n|upkeep\n|turn|82\n|\n|t:|1701141712\n|move|p1a: Dragapult|Will-O-Wisp|p2a: FishStiks\n|-status|p2a: FishStiks|brn\n|move|p2a: FishStiks|Wave Crash|p1a: Dragapult\n|-resisted|p1a: Dragapult\n|-activate|p1a: Dragapult|move: Substitute|[damage]\n|-damage|p2a: FishStiks|81\/100 brn|[from] Recoil|[of] p1a: Dragapult\n|\n|-heal|p1a: Dragapult|88\/100|[from] item: Leftovers\n|-heal|p2a: FishStiks|87\/100 brn|[from] item: Leftovers\n|-damage|p2a: FishStiks|81\/100 brn|[from] brn\n|upkeep\n|turn|83\n|\n|t:|1701141716\n|move|p1a: Dragapult|Hex|p2a: FishStiks\n|-damage|p2a: FishStiks|36\/100 brn\n|move|p2a: FishStiks|Rest|p2a: FishStiks\n|-status|p2a: FishStiks|slp|[from] move: Rest\n|-heal|p2a: FishStiks|100\/100 slp|[silent]\n|\n|-heal|p1a: Dragapult|94\/100|[from] item: Leftovers\n|upkeep\n|turn|84\n|\n|t:|1701141721\n|move|p1a: Dragapult|Hex|p2a: FishStiks\n|-damage|p2a: FishStiks|53\/100 slp\n|cant|p2a: FishStiks|slp\n|move|p2a: FishStiks|Sleep Talk|p2a: FishStiks\n|move|p2a: FishStiks|Wave Crash|p1a: Dragapult|[from]move: Sleep Talk\n|-resisted|p1a: Dragapult\n|-end|p1a: Dragapult|Substitute\n|-damage|p2a: FishStiks|50\/100 slp|[from] Recoil|[of] p1a: Dragapult\n|\n|-heal|p1a: Dragapult|100\/100|[from] item: Leftovers\n|-heal|p2a: FishStiks|56\/100 slp|[from] item: Leftovers\n|upkeep\n|turn|85\n|c|\u2606Hold DEEZNUUTZ|sleep\n|c|\u2606Hold DEEZNUUTZ|forever\n|c|\u2606fuwa the cute|oh no\n|\n|t:|1701141731\n|switch|p2a: TToxiC|Toxapex, M, shiny|100\/100\n|move|p1a: Dragapult|Hex|p2a: TToxiC\n|-damage|p2a: TToxiC|81\/100\n|\n|upkeep\n|turn|86\n|c|\u2606Hold DEEZNUUTZ|so bad\n|\n|t:|1701141742\n|switch|p2a: QUDSierre|Clodsire, F|46\/100 brn\n|move|p1a: Dragapult|Substitute|p1a: Dragapult\n|-start|p1a: Dragapult|Substitute\n|-damage|p1a: Dragapult|76\/100\n|\n|-heal|p1a: Dragapult|82\/100|[from] item: Leftovers\n|-damage|p2a: QUDSierre|40\/100 brn|[from] brn\n|upkeep\n|turn|87\n|\n|t:|1701141747\n|-terastallize|p2a: QUDSierre|Dark\n|move|p1a: Dragapult|Hex|p2a: QUDSierre\n|-resisted|p2a: QUDSierre\n|-damage|p2a: QUDSierre|28\/100 brn\n|move|p2a: QUDSierre|Recover|p2a: QUDSierre\n|-heal|p2a: QUDSierre|78\/100 brn\n|\n|-heal|p1a: Dragapult|88\/100|[from] item: Leftovers\n|-damage|p2a: QUDSierre|72\/100 brn|[from] brn\n|upkeep\n|turn|88\n|c|\u2606Hold DEEZNUUTZ|wasted tera\n|c|\u2606fuwa the cute|nah its good\n|\n|t:|1701141760\n|switch|p1a: Chansey|Chansey, F|38\/100\n|move|p2a: QUDSierre|Spikes|p1a: Chansey\n|-sidestart|p1: Hold DEEZNUUTZ|Spikes\n|\n|-damage|p2a: QUDSierre|66\/100 brn|[from] brn\n|upkeep\n|turn|89\n|c|\u2606Hold DEEZNUUTZ|free HP\n|\n|t:|1701141769\n|switch|p2a: TToxiC|Toxapex, M, shiny|100\/100\n|move|p1a: Chansey|Soft-Boiled|p1a: Chansey\n|-heal|p1a: Chansey|88\/100\n|\n|upkeep\n|turn|90\n|\n|t:|1701141775\n|switch|p1a: Corviknight|Corviknight, F|100\/100\n|-ability|p1a: Corviknight|Pressure\n|move|p2a: TToxiC|Infestation|p1a: Corviknight\n|-resisted|p1a: Corviknight\n|-damage|p1a: Corviknight|99\/100\n|-activate|p1a: Corviknight|move: Infestation|[of] p2a: TToxiC\n|\n|-heal|p1a: Corviknight|100\/100|[from] item: Leftovers\n|-damage|p1a: Corviknight|88\/100|[from] move: Infestation|[partiallytrapped]\n|upkeep\n|turn|91\n|\n|t:|1701141779\n|switch|p2a: NightMech|Corviknight, M, shiny|75\/100\n|-ability|p2a: NightMech|Pressure\n|move|p1a: Corviknight|Defog|p2a: NightMech\n|-unboost|p2a: NightMech|evasion|1\n|-sideend|p1: Hold DEEZNUUTZ|Spikes|[from] move: Defog|[of] p1a: Corviknight\n|\n|-heal|p1a: Corviknight|94\/100|[from] item: Leftovers\n|-end|p1a: Corviknight|Infestation|[partiallytrapped]|[silent]\n|upkeep\n|turn|92\n|\n|t:|1701141787\n|switch|p2a: TToxiC|Toxapex, M, shiny|100\/100\n|switch|p1a: Dragapult|Dragapult, M|88\/100\n|\n|-heal|p1a: Dragapult|94\/100|[from] item: Leftovers\n|upkeep\n|turn|93\n|\n|t:|1701141794\n|move|p1a: Dragapult|Substitute|p1a: Dragapult\n|-start|p1a: Dragapult|Substitute\n|-damage|p1a: Dragapult|70\/100\n|move|p2a: TToxiC|Surf|p1a: Dragapult\n|-resisted|p1a: Dragapult\n|-activate|p1a: Dragapult|move: Substitute|[damage]\n|\n|-heal|p1a: Dragapult|76\/100|[from] item: Leftovers\n|upkeep\n|turn|94\n|c|\u2606Hold DEEZNUUTZ|kek\n|c|\u2606Hold DEEZNUUTZ|draaggon\n|c|\u2606Hold DEEZNUUTZ|dragonin my nuts on your face\n|c|\u2606fuwa the cute|aint slick cuh\n|\n|t:|1701141818\n|move|p1a: Dragapult|Will-O-Wisp|p2a: TToxiC|[miss]\n|-miss|p1a: Dragapult|p2a: TToxiC\n|move|p2a: TToxiC|Surf|p1a: Dragapult\n|-resisted|p1a: Dragapult\n|-activate|p1a: Dragapult|move: Substitute|[damage]\n|\n|-heal|p1a: Dragapult|82\/100|[from] item: Leftovers\n|upkeep\n|turn|95\n|\n|t:|1701141824\n|move|p1a: Dragapult|Will-O-Wisp|p2a: TToxiC\n|-status|p2a: TToxiC|brn\n|move|p2a: TToxiC|Surf|p1a: Dragapult\n|-resisted|p1a: Dragapult\n|-end|p1a: Dragapult|Substitute\n|\n|-heal|p1a: Dragapult|88\/100|[from] item: Leftovers\n|-damage|p2a: TToxiC|95\/100 brn|[from] brn\n|upkeep\n|turn|96\n|inactive|fuwa the cute has 120 seconds left.\n|\n|t:|1701141840\n|switch|p2a: QUDSierre|Clodsire, F, tera:Dark|66\/100 brn\n|move|p1a: Dragapult|Substitute|p1a: Dragapult\n|-start|p1a: Dragapult|Substitute\n|-damage|p1a: Dragapult|63\/100\n|\n|-heal|p1a: Dragapult|70\/100|[from] item: Leftovers\n|-damage|p2a: QUDSierre|60\/100 brn|[from] brn\n|upkeep\n|turn|97\n|inactive|fuwa the cute has 120 seconds left.\n|\n|t:|1701141848\n|move|p1a: Dragapult|Will-O-Wisp|p2a: QUDSierre\n|-fail|p2a: QUDSierre|brn\n|move|p2a: QUDSierre|Spikes|p1a: Dragapult\n|-sidestart|p1: Hold DEEZNUUTZ|Spikes\n|\n|-heal|p1a: Dragapult|76\/100|[from] item: Leftovers\n|-damage|p2a: QUDSierre|54\/100 brn|[from] brn\n|upkeep\n|turn|98\n|\n|t:|1701141853\n|move|p1a: Dragapult|Will-O-Wisp|p2a: QUDSierre|[miss]\n|-miss|p1a: Dragapult|p2a: QUDSierre\n|move|p2a: QUDSierre|Recover|p2a: QUDSierre\n|-heal|p2a: QUDSierre|100\/100 brn\n|\n|-heal|p1a: Dragapult|82\/100|[from] item: Leftovers\n|-damage|p2a: QUDSierre|94\/100 brn|[from] brn\n|upkeep\n|turn|99\n|c|\u2606Hold DEEZNUUTZ|you burned\n|c|\u2606Hold DEEZNUUTZ|1\n|c|\u2606Hold DEEZNUUTZ|left\n|inactive|fuwa the cute has 120 seconds left.\n|c|\u2606fuwa the cute|yeah\n|\n|t:|1701141867\n|switch|p2a: FishStiks|Dondozo, M|56\/100 slp\n|move|p1a: Dragapult|Will-O-Wisp||[still]\n|-fail|p1a: Dragapult\n|\n|-heal|p1a: Dragapult|88\/100|[from] item: Leftovers\n|-heal|p2a: FishStiks|62\/100 slp|[from] item: Leftovers\n|upkeep\n|turn|100\n|\n|t:|1701141871\n|switch|p2a: NightMech|Corviknight, M, shiny|75\/100\n|-ability|p2a: NightMech|Pressure\n|move|p1a: Dragapult|Hex|p2a: NightMech\n|-damage|p2a: NightMech|53\/100\n|\n|-heal|p1a: Dragapult|94\/100|[from] item: Leftovers\n|upkeep\n|turn|101\n|\n|t:|1701141880\n|switch|p2a: TToxiC|Toxapex, M, shiny|100\/100 brn\n|move|p1a: Dragapult|Will-O-Wisp|p2a: TToxiC\n|-fail|p2a: TToxiC|brn\n|\n|-heal|p1a: Dragapult|100\/100|[from] item: Leftovers\n|-damage|p2a: TToxiC|95\/100 brn|[from] brn\n|upkeep\n|turn|102\n|\n|t:|1701141889\n|switch|p2a: QUDSierre|Clodsire, F, tera:Dark|94\/100 brn\n|move|p1a: Dragapult|Will-O-Wisp|p2a: QUDSierre\n|-fail|p2a: QUDSierre|brn\n|\n|-damage|p2a: QUDSierre|88\/100 brn|[from] brn\n|upkeep\n|turn|103\n|\n|t:|1701141898\n|switch|p2a: TToxiC|Toxapex, M, shiny|100\/100 brn\n|move|p1a: Dragapult|Will-O-Wisp|p2a: TToxiC\n|-fail|p2a: TToxiC|brn\n|\n|-damage|p2a: TToxiC|95\/100 brn|[from] brn\n|upkeep\n|turn|104\n|c|\u2606fuwa the cute|aint that deep cuh\n|c|\u2606fuwa the cute|forfeit\n|inactive|fuwa the cute has 120 seconds left.\n|c|\u2606Hold DEEZNUUTZ|lmaooo\n|\n|t:|1701141909\n|switch|p2a: FishStiks|Dondozo, M|62\/100 slp\n|move|p1a: Dragapult|Will-O-Wisp|p2a: FishStiks|[miss]\n|-miss|p1a: Dragapult|p2a: FishStiks\n|\n|-heal|p2a: FishStiks|69\/100 slp|[from] item: Leftovers\n|upkeep\n|turn|105\n|\n|t:|1701141918\n|switch|p2a: TToxiC|Toxapex, M, shiny|100\/100 brn\n|move|p1a: Dragapult|Will-O-Wisp|p2a: TToxiC\n|-fail|p2a: TToxiC|brn\n|\n|-damage|p2a: TToxiC|95\/100 brn|[from] brn\n|upkeep\n|turn|106\n|c|\u2606fuwa the cute|yo ahh is NOT winning this\n|\n|t:|1701141928\n|switch|p1a: Corviknight|Corviknight, F|94\/100\n|-ability|p1a: Corviknight|Pressure\n|switch|p2a: QUDSierre|Clodsire, F, tera:Dark|88\/100 brn\n|\n|-heal|p1a: Corviknight|99\/100|[from] item: Leftovers\n|-damage|p2a: QUDSierre|82\/100 brn|[from] brn\n|upkeep\n|turn|107\n|\n|t:|1701141938\n|switch|p2a: NightMech|Corviknight, M, shiny|53\/100\n|-ability|p2a: NightMech|Pressure\n|move|p1a: Corviknight|Iron Defense|p1a: Corviknight\n|-boost|p1a: Corviknight|def|2\n|\n|-heal|p1a: Corviknight|100\/100|[from] item: Leftovers\n|upkeep\n|turn|108\n|\n|t:|1701141945\n|switch|p2a: kING|Slowking-Galar, F|100\/100 par\n|move|p1a: Corviknight|Body Press|p2a: kING\n|-resisted|p2a: kING\n|-damage|p2a: kING|86\/100 par\n|\n|-heal|p2a: kING|92\/100 par|[from] item: Leftovers\n|upkeep\n|turn|109\n|c|\u2606Hold DEEZNUUTZ|t wave it\n|\n|t:|1701141954\n|move|p1a: Corviknight|Iron Defense|p1a: Corviknight\n|-boost|p1a: Corviknight|def|2\n|move|p2a: kING|Thunder Wave|p1a: Corviknight\n|-status|p1a: Corviknight|par\n|\n|-heal|p2a: kING|98\/100 par|[from] item: Leftovers\n|upkeep\n|turn|110\n|c|\u2606fuwa the cute|ok\n|c|\u2606fuwa the cute|goofy ahh\n|\n|t:|1701141966\n|switch|p2a: TToxiC|Toxapex, M, shiny|100\/100 brn\n|move|p1a: Corviknight|Iron Defense|p1a: Corviknight\n|-boost|p1a: Corviknight|def|2\n|\n|-damage|p2a: TToxiC|95\/100 brn|[from] brn\n|upkeep\n|turn|111\n|\n|t:|1701141973\n|switch|p2a: FishStiks|Dondozo, M|69\/100 slp\n|move|p1a: Corviknight|Defog|p2a: FishStiks\n|-unboost|p2a: FishStiks|evasion|1\n|-sideend|p1: Hold DEEZNUUTZ|Spikes|[from] move: Defog|[of] p1a: Corviknight\n|\n|-heal|p2a: FishStiks|75\/100 slp|[from] item: Leftovers\n|upkeep\n|turn|112\n|\n|t:|1701141982\n|switch|p2a: kING|Slowking-Galar, F|100\/100 par\n|switch|p1a: Meowscarada|Meowscarada, M|100\/100\n|\n|upkeep\n|turn|113\n|c|\u2606fuwa the cute|bro stay below 1500\n|inactive|fuwa the cute has 120 seconds left.\n|\n|t:|1701141993\n|switch|p2a: TToxiC|Toxapex, M, shiny|100\/100 brn\n|move|p1a: Meowscarada|Knock Off|p2a: TToxiC\n|-start|p1a: Meowscarada|typechange|Dark|[from] ability: Protean\n|-damage|p2a: TToxiC|73\/100 brn\n|\n|-damage|p2a: TToxiC|67\/100 brn|[from] brn\n|upkeep\n|turn|114\n|c|\u2606fuwa the cute|top lad aint for ya\n|inactive|fuwa the cute has 120 seconds left.\n|\n|t:|1701142009\n|switch|p1a: Corviknight|Corviknight, F|100\/100 par\n|-ability|p1a: Corviknight|Pressure\n|move|p2a: TToxiC|Infestation|p1a: Corviknight\n|-resisted|p1a: Corviknight\n|-damage|p1a: Corviknight|99\/100 par\n|-activate|p1a: Corviknight|move: Infestation|[of] p2a: TToxiC\n|\n|-heal|p1a: Corviknight|100\/100 par|[from] item: Leftovers\n|-damage|p2a: TToxiC|61\/100 brn|[from] brn\n|-damage|p1a: Corviknight|88\/100 par|[from] move: Infestation|[partiallytrapped]\n|upkeep\n|turn|115\n|c|\u2606Hold DEEZNUUTZ|easy win\n|\n|t:|1701142016\n|switch|p2a: kING|Slowking-Galar, F|100\/100 par\n|cant|p1a: Corviknight|par\n|\n|-heal|p1a: Corviknight|94\/100 par|[from] item: Leftovers\n|-end|p1a: Corviknight|Infestation|[partiallytrapped]|[silent]\n|upkeep\n|turn|116\n|c|\u2606fuwa the cute|for me\n|\n|t:|1701142024\n|switch|p1a: Chansey|Chansey, F|88\/100\n|cant|p2a: kING|par\n|\n|upkeep\n|turn|117\n|\n|t:|1701142030\n|switch|p2a: NightMech|Corviknight, M, shiny|53\/100\n|-ability|p2a: NightMech|Pressure\n|move|p1a: Chansey|Stealth Rock|p2a: NightMech\n|-sidestart|p2: fuwa the cute|move: Stealth Rock\n|\n|upkeep\n|turn|118\n|\n|t:|1701142044\n|switch|p2a: QUDSierre|Clodsire, F, tera:Dark|82\/100 brn\n|move|p1a: Chansey|Thunder Wave||[still]\n|-fail|p1a: Chansey\n|\n|-damage|p2a: QUDSierre|76\/100 brn|[from] brn\n|upkeep\n|turn|119\n|\n|t:|1701142050\n|move|p1a: Chansey|Seismic Toss|p2a: QUDSierre\n|-damage|p2a: QUDSierre|55\/100 brn\n|move|p2a: QUDSierre|Spikes|p1a: Chansey\n|-sidestart|p1: Hold DEEZNUUTZ|Spikes\n|\n|-damage|p2a: QUDSierre|49\/100 brn|[from] brn\n|upkeep\n|turn|120\n|\n|t:|1701142057\n|switch|p2a: NightMech|Corviknight, M, shiny|53\/100\n|-damage|p2a: NightMech|40\/100|[from] Stealth Rock\n|-ability|p2a: NightMech|Pressure\n|move|p1a: Chansey|Seismic Toss|p2a: NightMech\n|-damage|p2a: NightMech|15\/100\n|-damage|p1a: Chansey|71\/100|[from] item: Rocky Helmet|[of] p2a: NightMech\n|\n|upkeep\n|turn|121\n|\n|t:|1701142064\n|move|p2a: NightMech|Roost|p2a: NightMech\n|-heal|p2a: NightMech|65\/100\n|-singleturn|p2a: NightMech|move: Roost\n|move|p1a: Chansey|Thunder Wave|p2a: NightMech\n|-status|p2a: NightMech|par\n|\n|upkeep\n|turn|122\n|c|\u2606Hold DEEZNUUTZ|easy\n|\n|t:|1701142076\n|switch|p1a: Slowking|Slowking-Galar, F|100\/100\n|-damage|p1a: Slowking|88\/100|[from] Spikes\n|switch|p2a: TToxiC|Toxapex, M, shiny|94\/100 brn\n|-damage|p2a: TToxiC|82\/100 brn|[from] Stealth Rock\n|\n|-damage|p2a: TToxiC|76\/100 brn|[from] brn\n|upkeep\n|turn|123\n|c|\u2606fuwa the cute|alrrr\n|c|\u2606fuwa the cute|u get that one\n|\n|t:|1701142086\n|switch|p2a: kING|Slowking-Galar, F|100\/100 par\n|-damage|p2a: kING|88\/100 par|[from] Stealth Rock\n|switch|p1a: Corviknight|Corviknight, F|94\/100 par\n|-ability|p1a: Corviknight|Pressure\n|\n|-heal|p1a: Corviknight|99\/100 par|[from] item: Leftovers\n|-heal|p2a: kING|94\/100 par|[from] item: Leftovers\n|upkeep\n|turn|124\n|c|\u2606Hold DEEZNUUTZ|regen too\n|\n|t:|1701142102\n|switch|p2a: TToxiC|Toxapex, M, shiny|100\/100 brn\n|-damage|p2a: TToxiC|88\/100 brn|[from] Stealth Rock\n|move|p1a: Corviknight|Iron Defense|p1a: Corviknight\n|-boost|p1a: Corviknight|def|2\n|\n|-heal|p1a: Corviknight|100\/100 par|[from] item: Leftovers\n|-damage|p2a: TToxiC|82\/100 brn|[from] brn\n|upkeep\n|turn|125\n|\n|t:|1701142108\n|move|p2a: TToxiC|Infestation|p1a: Corviknight\n|-resisted|p1a: Corviknight\n|-damage|p1a: Corviknight|99\/100 par\n|-activate|p1a: Corviknight|move: Infestation|[of] p2a: TToxiC\n|move|p1a: Corviknight|Iron Defense|p1a: Corviknight\n|-boost|p1a: Corviknight|def|2\n|\n|-heal|p1a: Corviknight|100\/100 par|[from] item: Leftovers\n|-damage|p2a: TToxiC|76\/100 brn|[from] brn\n|-damage|p1a: Corviknight|88\/100 par|[from] move: Infestation|[partiallytrapped]\n|upkeep\n|turn|126\n|\n|t:|1701142113\n|move|p2a: TToxiC|Surf|p1a: Corviknight\n|-damage|p1a: Corviknight|69\/100 par\n|move|p1a: Corviknight|Defog|p2a: TToxiC\n|-unboost|p2a: TToxiC|evasion|1\n|-sideend|p2: fuwa the cute|Stealth Rock|[from] move: Defog|[of] p1a: Corviknight\n|-sideend|p1: Hold DEEZNUUTZ|Spikes|[from] move: Defog|[of] p1a: Corviknight\n|\n|-heal|p1a: Corviknight|75\/100 par|[from] item: Leftovers\n|-damage|p2a: TToxiC|70\/100 brn|[from] brn\n|-damage|p1a: Corviknight|62\/100 par|[from] move: Infestation|[partiallytrapped]\n|upkeep\n|turn|127\n|\n|t:|1701142121\n|move|p2a: TToxiC|Surf|p1a: Corviknight\n|-damage|p1a: Corviknight|45\/100 par\n|move|p1a: Corviknight|Roost|p1a: Corviknight\n|-heal|p1a: Corviknight|95\/100 par\n|-singleturn|p1a: Corviknight|move: Roost\n|\n|-heal|p1a: Corviknight|100\/100 par|[from] item: Leftovers\n|-damage|p2a: TToxiC|65\/100 brn|[from] brn\n|-damage|p1a: Corviknight|88\/100 par|[from] move: Infestation|[partiallytrapped]\n|upkeep\n|turn|128\n|\n|t:|1701142128\n|move|p2a: TToxiC|Surf|p1a: Corviknight\n|-crit|p1a: Corviknight\n|-damage|p1a: Corviknight|62\/100 par\n|move|p1a: Corviknight|Iron Defense|p1a: Corviknight\n|-boost|p1a: Corviknight|def|2\n|\n|-heal|p1a: Corviknight|68\/100 par|[from] item: Leftovers\n|-damage|p2a: TToxiC|59\/100 brn|[from] brn\n|-damage|p1a: Corviknight|55\/100 par|[from] move: Infestation|[partiallytrapped]\n|upkeep\n|turn|129\n|c|\u2606fuwa the cute|fk it\n|c|\u2606fuwa the cute|ur corv has to say bye bye\n|\n|t:|1701142138\n|switch|p2a: kING|Slowking-Galar, F|100\/100 par\n|move|p1a: Corviknight|Roost|p1a: Corviknight\n|-heal|p1a: Corviknight|100\/100 par\n|-singleturn|p1a: Corviknight|move: Roost\n|\n|-end|p1a: Corviknight|Infestation|[partiallytrapped]|[silent]\n|upkeep\n|turn|130\n|c|\u2606Hold DEEZNUUTZ|bad n lucky\n|\n|t:|1701142157\n|switch|p1a: Chansey|Chansey, F|71\/100\n|move|p2a: kING|Chilly Reception|p2a: kING\n|-weather|Snow\n|c|\u2606fuwa the cute|lucky\/?\n|\n|t:|1701142162\n|switch|p2a: TToxiC|Toxapex, M, shiny|92\/100 brn|[from] Chilly Reception\n|\n|-weather|Snow|[upkeep]\n|-damage|p2a: TToxiC|86\/100 brn|[from] brn\n|upkeep\n|turn|131\n|c|\u2606fuwa the cute|yeah ig lucky i got matched with a noob lol\n|c|\u2606fuwa the cute|ez points frfr\n|\n|t:|1701142179\n|switch|p1a: Corviknight|Corviknight, F|100\/100 par\n|-ability|p1a: Corviknight|Pressure\n|move|p2a: TToxiC|Infestation|p1a: Corviknight\n|-resisted|p1a: Corviknight\n|-damage|p1a: Corviknight|99\/100 par\n|-activate|p1a: Corviknight|move: Infestation|[of] p2a: TToxiC\n|\n|-weather|Snow|[upkeep]\n|-heal|p1a: Corviknight|100\/100 par|[from] item: Leftovers\n|-damage|p2a: TToxiC|80\/100 brn|[from] brn\n|-damage|p1a: Corviknight|88\/100 par|[from] move: Infestation|[partiallytrapped]\n|upkeep\n|turn|132\n|\n|t:|1701142185\n|move|p2a: TToxiC|Surf|p1a: Corviknight\n|-damage|p1a: Corviknight|70\/100 par\n|move|p1a: Corviknight|Iron Defense|p1a: Corviknight\n|-boost|p1a: Corviknight|def|2\n|\n|-weather|Snow|[upkeep]\n|-heal|p1a: Corviknight|76\/100 par|[from] item: Leftovers\n|-damage|p2a: TToxiC|74\/100 brn|[from] brn\n|-damage|p1a: Corviknight|64\/100 par|[from] move: Infestation|[partiallytrapped]\n|upkeep\n|turn|133\n|\n|t:|1701142191\n|move|p2a: TToxiC|Infestation|p1a: Corviknight\n|-resisted|p1a: Corviknight\n|-damage|p1a: Corviknight|63\/100 par\n|move|p1a: Corviknight|Roost|p1a: Corviknight\n|-heal|p1a: Corviknight|100\/100 par\n|-singleturn|p1a: Corviknight|move: Roost\n|\n|-weather|Snow|[upkeep]\n|-damage|p2a: TToxiC|68\/100 brn|[from] brn\n|-damage|p1a: Corviknight|88\/100 par|[from] move: Infestation|[partiallytrapped]\n|upkeep\n|turn|134\n|\n|t:|1701142194\n|switch|p2a: kING|Slowking-Galar, F|100\/100 par\n|cant|p1a: Corviknight|par\n|\n|-weather|none\n|-heal|p1a: Corviknight|94\/100 par|[from] item: Leftovers\n|-end|p1a: Corviknight|Infestation|[partiallytrapped]|[silent]\n|upkeep\n|turn|135\n|c|\u2606Hold DEEZNUUTZ|ez\n|\n|t:|1701142202\n|switch|p1a: Chansey|Chansey, F|71\/100\n|switch|p2a: TToxiC|Toxapex, M, shiny|100\/100 brn\n|\n|-damage|p2a: TToxiC|95\/100 brn|[from] brn\n|upkeep\n|turn|136\n|\n|t:|1701142206\n|switch|p1a: Corviknight|Corviknight, F|94\/100 par\n|-ability|p1a: Corviknight|Pressure\n|move|p2a: TToxiC|Infestation|p1a: Corviknight\n|-resisted|p1a: Corviknight\n|-damage|p1a: Corviknight|93\/100 par\n|-activate|p1a: Corviknight|move: Infestation|[of] p2a: TToxiC\n|\n|-heal|p1a: Corviknight|99\/100 par|[from] item: Leftovers\n|-damage|p2a: TToxiC|89\/100 brn|[from] brn\n|-damage|p1a: Corviknight|87\/100 par|[from] move: Infestation|[partiallytrapped]\n|upkeep\n|turn|137\n|c|\u2606fuwa the cute|ez what?\n|c|\u2606fuwa the cute|yo ass losing rn\n|c|\u2606Hold DEEZNUUTZ|ez win\n|c|\u2606Hold DEEZNUUTZ|lol\n|c|\u2606fuwa the cute|cuh\n|\n|t:|1701142224\n|move|p2a: TToxiC|Toxic||[still]\n|-fail|p2a: TToxiC\n|cant|p1a: Corviknight|par\n|\n|-heal|p1a: Corviknight|93\/100 par|[from] item: Leftovers\n|-damage|p2a: TToxiC|83\/100 brn|[from] brn\n|-damage|p1a: Corviknight|81\/100 par|[from] move: Infestation|[partiallytrapped]\n|upkeep\n|turn|138\n|c|\u2606fuwa the cute|ego way too much for ur skill\n|\n|t:|1701142235\n|switch|p2a: FishStiks|Dondozo, M|75\/100 slp\n|move|p1a: Corviknight|Iron Defense|p1a: Corviknight\n|-boost|p1a: Corviknight|def|2\n|\n|-heal|p2a: FishStiks|81\/100 slp|[from] item: Leftovers\n|-heal|p1a: Corviknight|87\/100 par|[from] item: Leftovers\n|-end|p1a: Corviknight|Infestation|[partiallytrapped]|[silent]\n|upkeep\n|turn|139\n|\n|t:|1701142242\n|switch|p1a: Meowscarada|Meowscarada, M|100\/100\n|cant|p2a: FishStiks|slp\n|\n|-heal|p2a: FishStiks|87\/100 slp|[from] item: Leftovers\n|upkeep\n|turn|140\n|\n|t:|1701142248\n|switch|p2a: TToxiC|Toxapex, M, shiny|100\/100 brn\n|move|p1a: Meowscarada|U-turn|p2a: TToxiC\n|-start|p1a: Meowscarada|typechange|Bug|[from] ability: Protean\n|-resisted|p2a: TToxiC\n|-damage|p2a: TToxiC|85\/100 brn\n|\n|t:|1701142261\n|switch|p1a: Dragapult|Dragapult, M|100\/100|[from] U-turn\n|\n|-damage|p2a: TToxiC|79\/100 brn|[from] brn\n|upkeep\n|turn|141\n|inactive|fuwa the cute has 120 seconds left.\n|\n|t:|1701142278\n|switch|p2a: QUDSierre|Clodsire, F, tera:Dark|49\/100 brn\n|move|p1a: Dragapult|Substitute|p1a: Dragapult\n|-start|p1a: Dragapult|Substitute\n|-damage|p1a: Dragapult|76\/100\n|\n|-heal|p1a: Dragapult|82\/100|[from] item: Leftovers\n|-damage|p2a: QUDSierre|43\/100 brn|[from] brn\n|upkeep\n|turn|142\n|\n|t:|1701142285\n|switch|p1a: Meowscarada|Meowscarada, M|100\/100\n|switch|p2a: TToxiC|Toxapex, M, shiny|100\/100 brn\n|\n|-damage|p2a: TToxiC|95\/100 brn|[from] brn\n|upkeep\n|turn|143\n|\n|t:|1701142290\n|move|p1a: Meowscarada|U-turn|p2a: TToxiC\n|-start|p1a: Meowscarada|typechange|Bug|[from] ability: Protean\n|-resisted|p2a: TToxiC\n|-damage|p2a: TToxiC|80\/100 brn\n|c|\u2606Hold DEEZNUUTZ|ez\n|\n|t:|1701142298\n|switch|p1a: Corviknight|Corviknight, F|87\/100 par|[from] U-turn\n|-ability|p1a: Corviknight|Pressure\n|move|p2a: TToxiC|Infestation|p1a: Corviknight\n|-resisted|p1a: Corviknight\n|-damage|p1a: Corviknight|86\/100 par\n|-activate|p1a: Corviknight|move: Infestation|[of] p2a: TToxiC\n|\n|-heal|p1a: Corviknight|92\/100 par|[from] item: Leftovers\n|-damage|p2a: TToxiC|74\/100 brn|[from] brn\n|-damage|p1a: Corviknight|80\/100 par|[from] move: Infestation|[partiallytrapped]\n|upkeep\n|turn|144\n|\n|t:|1701142307\n|move|p2a: TToxiC|Toxic||[still]\n|-fail|p2a: TToxiC\n|move|p1a: Corviknight|Defog|p2a: TToxiC\n|-unboost|p2a: TToxiC|evasion|1\n|\n|-heal|p1a: Corviknight|86\/100 par|[from] item: Leftovers\n|-damage|p2a: TToxiC|68\/100 brn|[from] brn\n|-damage|p1a: Corviknight|74\/100 par|[from] move: Infestation|[partiallytrapped]\n|upkeep\n|turn|145\n|\n|t:|1701142311\n|switch|p2a: NightMech|Corviknight, M, shiny|65\/100 par\n|-ability|p2a: NightMech|Pressure\n|move|p1a: Corviknight|Defog|p2a: NightMech\n|-unboost|p2a: NightMech|evasion|1\n|\n|-heal|p1a: Corviknight|80\/100 par|[from] item: Leftovers\n|-end|p1a: Corviknight|Infestation|[partiallytrapped]|[silent]\n|upkeep\n|turn|146\n|inactive|fuwa the cute has 120 seconds left.\n|\n|t:|1701142323\n|switch|p1a: Slowking|Slowking-Galar, F|100\/100\n|cant|p2a: NightMech|par\n|\n|upkeep\n|turn|147\n|\n|t:|1701142332\n|switch|p2a: kING|Slowking-Galar, F|100\/100 par\n|move|p1a: Slowking|Flamethrower|p2a: kING\n|-damage|p2a: kING|75\/100 par\n|-damage|p1a: Slowking|91\/100|[from] item: Life Orb\n|\n|-heal|p2a: kING|81\/100 par|[from] item: Leftovers\n|upkeep\n|turn|148\n|\n|t:|1701142344\n|switch|p1a: Corviknight|Corviknight, F|80\/100 par\n|-ability|p1a: Corviknight|Pressure\n|cant|p2a: kING|par\n|\n|-heal|p1a: Corviknight|86\/100 par|[from] item: Leftovers\n|-heal|p2a: kING|87\/100 par|[from] item: Leftovers\n|upkeep\n|turn|149\n|\n|t:|1701142351\n|switch|p1a: Chansey|Chansey, F|71\/100\n|switch|p2a: TToxiC|Toxapex, M, shiny|100\/100 brn\n|\n|-damage|p2a: TToxiC|95\/100 brn|[from] brn\n|upkeep\n|turn|150\n|\n|t:|1701142356\n|switch|p1a: Corviknight|Corviknight, F|86\/100 par\n|-ability|p1a: Corviknight|Pressure\n|switch|p2a: kING|Slowking-Galar, F|100\/100 par\n|\n|-heal|p1a: Corviknight|92\/100 par|[from] item: Leftovers\n|upkeep\n|turn|151\n|inactive|fuwa the cute has 120 seconds left.\n|\n|t:|1701142366\n|switch|p1a: Chansey|Chansey, F|71\/100\n|switch|p2a: TToxiC|Toxapex, M, shiny|100\/100 brn\n|\n|-damage|p2a: TToxiC|95\/100 brn|[from] brn\n|upkeep\n|turn|152\n|inactive|fuwa the cute has 120 seconds left.\n|\n|t:|1701142371\n|switch|p1a: Corviknight|Corviknight, F|92\/100 par\n|-ability|p1a: Corviknight|Pressure\n|switch|p2a: FishStiks|Dondozo, M|87\/100 slp\n|\n|-heal|p2a: FishStiks|93\/100 slp|[from] item: Leftovers\n|-heal|p1a: Corviknight|98\/100 par|[from] item: Leftovers\n|upkeep\n|turn|153\n|inactive|fuwa the cute has 120 seconds left.\n|\n|t:|1701142378\n|switch|p2a: NightMech|Corviknight, M, shiny|65\/100 par\n|-ability|p2a: NightMech|Pressure\n|switch|p1a: Dragapult|Dragapult, M|82\/100\n|\n|-heal|p1a: Dragapult|88\/100|[from] item: Leftovers\n|upkeep\n|turn|154\n|inactive|fuwa the cute has 120 seconds left.\n|\n|t:|1701142384\n|switch|p1a: Slowking|Slowking-Galar, F|100\/100\n|switch|p2a: TToxiC|Toxapex, M, shiny|100\/100 brn\n|\n|-damage|p2a: TToxiC|95\/100 brn|[from] brn\n|upkeep\n|turn|155\n|\n|t:|1701142389\n|switch|p2a: kING|Slowking-Galar, F|100\/100 par\n|switch|p1a: Corviknight|Corviknight, F|98\/100 par\n|-ability|p1a: Corviknight|Pressure\n|\n|-heal|p1a: Corviknight|100\/100 par|[from] item: Leftovers\n|upkeep\n|turn|156\n|\n|t:|1701142394\n|switch|p1a: Meowscarada|Meowscarada, M|100\/100\n|switch|p2a: TToxiC|Toxapex, M, shiny|100\/100 brn\n|\n|-damage|p2a: TToxiC|95\/100 brn|[from] brn\n|upkeep\n|turn|157\n|\n|t:|1701142400\n|switch|p2a: NightMech|Corviknight, M, shiny|65\/100 par\n|-ability|p2a: NightMech|Pressure\n|move|p1a: Meowscarada|U-turn|p2a: NightMech\n|-start|p1a: Meowscarada|typechange|Bug|[from] ability: Protean\n|-resisted|p2a: NightMech\n|-damage|p2a: NightMech|58\/100 par\n|-damage|p1a: Meowscarada|84\/100|[from] item: Rocky Helmet|[of] p2a: NightMech\n|\n|t:|1701142409\n|switch|p1a: Chansey|Chansey, F|71\/100|[from] U-turn\n|\n|upkeep\n|turn|158\n|\n|t:|1701142420\n|move|p1a: Chansey|Stealth Rock|p2a: NightMech\n|-sidestart|p2: fuwa the cute|move: Stealth Rock\n|cant|p2a: NightMech|par\n|\n|upkeep\n|turn|159\n|\n|t:|1701142426\n|move|p1a: Chansey|Seismic Toss|p2a: NightMech\n|-damage|p2a: NightMech|33\/100 par\n|-damage|p1a: Chansey|54\/100|[from] item: Rocky Helmet|[of] p2a: NightMech\n|move|p2a: NightMech|Defog|p1a: Chansey\n|-unboost|p1a: Chansey|evasion|1\n|-sideend|p2: fuwa the cute|Stealth Rock|[from] move: Defog|[of] p2a: NightMech\n|\n|upkeep\n|turn|160\n|\n|t:|1701142433\n|move|p1a: Chansey|Stealth Rock|p2a: NightMech\n|-sidestart|p2: fuwa the cute|move: Stealth Rock\n|cant|p2a: NightMech|par\n|\n|upkeep\n|turn|161\n|\n|t:|1701142447\n|switch|p1a: Slowking|Slowking-Galar, F|100\/100\n|move|p2a: NightMech|Roost|p2a: NightMech\n|-heal|p2a: NightMech|83\/100 par\n|-singleturn|p2a: NightMech|move: Roost\n|\n|upkeep\n|turn|162\n|c|\u2606Hold DEEZNUUTZ|ez\n|\n|t:|1701142454\n|switch|p2a: kING|Slowking-Galar, F|100\/100 par\n|-damage|p2a: kING|88\/100 par|[from] Stealth Rock\n|move|p1a: Slowking|Flamethrower|p2a: kING\n|-damage|p2a: kING|63\/100 par\n|-damage|p1a: Slowking|91\/100|[from] item: Life Orb\n|\n|-heal|p2a: kING|69\/100 par|[from] item: Leftovers\n|upkeep\n|turn|163\n|\n|t:|1701142461\n|switch|p1a: Meowscarada|Meowscarada, M|84\/100\n|switch|p2a: TToxiC|Toxapex, M, shiny|100\/100 brn\n|-damage|p2a: TToxiC|88\/100 brn|[from] Stealth Rock\n|\n|-damage|p2a: TToxiC|82\/100 brn|[from] brn\n|upkeep\n|turn|164\n|\n|t:|1701142471\n|switch|p1a: Corviknight|Corviknight, F|100\/100 par\n|-ability|p1a: Corviknight|Pressure\n|move|p2a: TToxiC|Toxic||[still]\n|-fail|p2a: TToxiC\n|\n|-damage|p2a: TToxiC|76\/100 brn|[from] brn\n|upkeep\n|turn|165\n|\n|t:|1701142489\n|switch|p2a: kING|Slowking-Galar, F|100\/100 par\n|-damage|p2a: kING|88\/100 par|[from] Stealth Rock\n|move|p1a: Corviknight|Iron Defense|p1a: Corviknight\n|-boost|p1a: Corviknight|def|2\n|\n|-heal|p2a: kING|94\/100 par|[from] item: Leftovers\n|upkeep\n|turn|166\n|\n|t:|1701142498\n|switch|p1a: Chansey|Chansey, F|54\/100\n|switch|p2a: TToxiC|Toxapex, M, shiny|100\/100 brn\n|-damage|p2a: TToxiC|88\/100 brn|[from] Stealth Rock\n|\n|-damage|p2a: TToxiC|82\/100 brn|[from] brn\n|upkeep\n|turn|167\n|\n|t:|1701142502\n|switch|p1a: Corviknight|Corviknight, F|100\/100 par\n|-ability|p1a: Corviknight|Pressure\n|switch|p2a: kING|Slowking-Galar, F|100\/100 par\n|-damage|p2a: kING|88\/100 par|[from] Stealth Rock\n|\n|-heal|p2a: kING|94\/100 par|[from] item: Leftovers\n|upkeep\n|turn|168\n|\n|t:|1701142505\n|switch|p1a: Chansey|Chansey, F|54\/100\n|switch|p2a: TToxiC|Toxapex, M, shiny|100\/100 brn\n|-damage|p2a: TToxiC|88\/100 brn|[from] Stealth Rock\n|\n|-damage|p2a: TToxiC|82\/100 brn|[from] brn\n|upkeep\n|turn|169\n|\n|t:|1701142509\n|switch|p1a: Corviknight|Corviknight, F|100\/100 par\n|-ability|p1a: Corviknight|Pressure\n|switch|p2a: kING|Slowking-Galar, F|100\/100 par\n|-damage|p2a: kING|88\/100 par|[from] Stealth Rock\n|\n|-heal|p2a: kING|94\/100 par|[from] item: Leftovers\n|upkeep\n|turn|170\n|\n|t:|1701142518\n|switch|p1a: Meowscarada|Meowscarada, M|84\/100\n|switch|p2a: TToxiC|Toxapex, M, shiny|100\/100 brn\n|-damage|p2a: TToxiC|88\/100 brn|[from] Stealth Rock\n|\n|-damage|p2a: TToxiC|82\/100 brn|[from] brn\n|upkeep\n|turn|171\n|\n|t:|1701142530\n|switch|p1a: Corviknight|Corviknight, F|100\/100 par\n|-ability|p1a: Corviknight|Pressure\n|move|p2a: TToxiC|Infestation|p1a: Corviknight\n|-resisted|p1a: Corviknight\n|-damage|p1a: Corviknight|99\/100 par\n|-activate|p1a: Corviknight|move: Infestation|[of] p2a: TToxiC\n|\n|-heal|p1a: Corviknight|100\/100 par|[from] item: Leftovers\n|-damage|p2a: TToxiC|76\/100 brn|[from] brn\n|-damage|p1a: Corviknight|88\/100 par|[from] move: Infestation|[partiallytrapped]\n|upkeep\n|turn|172\n|c|\u2606Hold DEEZNUUTZ|ez\n|\n|t:|1701142542\n|switch|p2a: kING|Slowking-Galar, F|100\/100 par\n|-damage|p2a: kING|88\/100 par|[from] Stealth Rock\n|cant|p1a: Corviknight|par\n|\n|-heal|p1a: Corviknight|94\/100 par|[from] item: Leftovers\n|-heal|p2a: kING|94\/100 par|[from] item: Leftovers\n|-end|p1a: Corviknight|Infestation|[partiallytrapped]|[silent]\n|upkeep\n|turn|173\n|\n|t:|1701142550\n|switch|p1a: Slowking|Slowking-Galar, F|100\/100\n|switch|p2a: TToxiC|Toxapex, M, shiny|100\/100 brn\n|-damage|p2a: TToxiC|88\/100 brn|[from] Stealth Rock\n|\n|-damage|p2a: TToxiC|82\/100 brn|[from] brn\n|upkeep\n|turn|174\n|c|\u2606Hold DEEZNUUTZ|kek\n|\n|t:|1701142565\n|switch|p1a: Corviknight|Corviknight, F|94\/100 par\n|-ability|p1a: Corviknight|Pressure\n|move|p2a: TToxiC|Toxic||[still]\n|-fail|p2a: TToxiC\n|\n|-heal|p1a: Corviknight|99\/100 par|[from] item: Leftovers\n|-damage|p2a: TToxiC|76\/100 brn|[from] brn\n|upkeep\n|turn|175\n|inactive|Hold DEEZNUUTZ has 120 seconds left.\n|\n|t:|1701142590\n|switch|p2a: kING|Slowking-Galar, F|100\/100 par\n|-damage|p2a: kING|88\/100 par|[from] Stealth Rock\n|cant|p1a: Corviknight|par\n|\n|-heal|p1a: Corviknight|100\/100 par|[from] item: Leftovers\n|-heal|p2a: kING|94\/100 par|[from] item: Leftovers\n|upkeep\n|turn|176\n|\n|t:|1701142602\n|switch|p1a: Meowscarada|Meowscarada, M|84\/100\n|move|p2a: kING|Future Sight|p1a: Meowscarada\n|-start|p2a: kING|move: Future Sight\n|\n|-heal|p2a: kING|99\/100 par|[from] item: Leftovers\n|upkeep\n|turn|177\n|\n|t:|1701142612\n|switch|p2a: TToxiC|Toxapex, M, shiny|100\/100 brn\n|-damage|p2a: TToxiC|88\/100 brn|[from] Stealth Rock\n|move|p1a: Meowscarada|Knock Off|p2a: TToxiC\n|-start|p1a: Meowscarada|typechange|Dark|[from] ability: Protean\n|-damage|p2a: TToxiC|62\/100 brn\n|\n|-damage|p2a: TToxiC|56\/100 brn|[from] brn\n|upkeep\n|turn|178\n|\n|t:|1701142631\n|switch|p1a: Corviknight|Corviknight, F|100\/100 par\n|-ability|p1a: Corviknight|Pressure\n|move|p2a: TToxiC|Toxic||[still]\n|-fail|p2a: TToxiC\n|\n|-end|p1a: Corviknight|move: Future Sight\n|-resisted|p1a: Corviknight\n|-damage|p1a: Corviknight|80\/100 par\n|-heal|p1a: Corviknight|86\/100 par|[from] item: Leftovers\n|-damage|p2a: TToxiC|50\/100 brn|[from] brn\n|upkeep\n|turn|179\n|c|\u2606Hold DEEZNUUTZ|kek\n|inactive|Hold DEEZNUUTZ has 90 seconds left.\n|\n|t:|1701142661\n|switch|p2a: kING|Slowking-Galar, F|100\/100 par\n|-damage|p2a: kING|88\/100 par|[from] Stealth Rock\n|switch|p1a: Slowking|Slowking-Galar, F|100\/100\n|\n|-heal|p2a: kING|94\/100 par|[from] item: Leftovers\n|upkeep\n|turn|180\n|\n|t:|1701142676\n|switch|p1a: Dragapult|Dragapult, M|88\/100\n|switch|p2a: TToxiC|Toxapex, M, shiny|83\/100 brn\n|-damage|p2a: TToxiC|71\/100 brn|[from] Stealth Rock\n|\n|-heal|p1a: Dragapult|94\/100|[from] item: Leftovers\n|-damage|p2a: TToxiC|65\/100 brn|[from] brn\n|upkeep\n|turn|181\n|\n|t:|1701142685\n|switch|p2a: FishStiks|Dondozo, M|93\/100 slp\n|-damage|p2a: FishStiks|81\/100 slp|[from] Stealth Rock\n|move|p1a: Dragapult|Substitute|p1a: Dragapult\n|-start|p1a: Dragapult|Substitute\n|-damage|p1a: Dragapult|70\/100\n|\n|-heal|p1a: Dragapult|76\/100|[from] item: Leftovers\n|-heal|p2a: FishStiks|87\/100 slp|[from] item: Leftovers\n|upkeep\n|turn|182\n|\n|t:|1701142696\n|switch|p1a: Meowscarada|Meowscarada, M|84\/100\n|switch|p2a: TToxiC|Toxapex, M, shiny|98\/100 brn\n|-damage|p2a: TToxiC|86\/100 brn|[from] Stealth Rock\n|\n|-damage|p2a: TToxiC|80\/100 brn|[from] brn\n|upkeep\n|turn|183\n|\n|t:|1701142702\n|switch|p2a: FishStiks|Dondozo, M|87\/100 slp\n|-damage|p2a: FishStiks|74\/100 slp|[from] Stealth Rock\n|move|p1a: Meowscarada|U-turn|p2a: FishStiks\n|-start|p1a: Meowscarada|typechange|Bug|[from] ability: Protean\n|-damage|p2a: FishStiks|54\/100 slp\n|\n|t:|1701142717\n|switch|p1a: Slowking|Slowking-Galar, F|100\/100|[from] U-turn\n|\n|-heal|p2a: FishStiks|60\/100 slp|[from] item: Leftovers\n|upkeep\n|turn|184\n|\n|t:|1701142722\n|switch|p2a: kING|Slowking-Galar, F|100\/100 par\n|-damage|p2a: kING|88\/100 par|[from] Stealth Rock\n|move|p1a: Slowking|Sludge Bomb|p2a: kING\n|-resisted|p2a: kING\n|-damage|p2a: kING|70\/100 par\n|-damage|p1a: Slowking|91\/100|[from] item: Life Orb\n|\n|-heal|p2a: kING|76\/100 par|[from] item: Leftovers\n|upkeep\n|turn|185\n|\n|t:|1701142733\n|switch|p2a: TToxiC|Toxapex, M, shiny|100\/100 brn\n|-damage|p2a: TToxiC|88\/100 brn|[from] Stealth Rock\n|move|p1a: Slowking|Sludge Bomb|p2a: TToxiC\n|-resisted|p2a: TToxiC\n|-damage|p2a: TToxiC|64\/100 brn\n|-damage|p1a: Slowking|81\/100|[from] item: Life Orb\n|\n|-damage|p2a: TToxiC|58\/100 brn|[from] brn\n|upkeep\n|turn|186\n|\n|t:|1701142745\n|switch|p2a: kING|Slowking-Galar, F|100\/100 par\n|-damage|p2a: kING|88\/100 par|[from] Stealth Rock\n|switch|p1a: Corviknight|Corviknight, F|86\/100 par\n|-ability|p1a: Corviknight|Pressure\n|\n|-heal|p1a: Corviknight|92\/100 par|[from] item: Leftovers\n|-heal|p2a: kING|94\/100 par|[from] item: Leftovers\n|upkeep\n|turn|187\n|\n|t:|1701142750\n|switch|p1a: Slowking|Slowking-Galar, F|100\/100\n|switch|p2a: TToxiC|Toxapex, M, shiny|92\/100 brn\n|-damage|p2a: TToxiC|79\/100 brn|[from] Stealth Rock\n|\n|-damage|p2a: TToxiC|73\/100 brn|[from] brn\n|upkeep\n|turn|188\n|\n|t:|1701142753\n|switch|p2a: kING|Slowking-Galar, F|100\/100 par\n|-damage|p2a: kING|88\/100 par|[from] Stealth Rock\n|switch|p1a: Corviknight|Corviknight, F|92\/100 par\n|-ability|p1a: Corviknight|Pressure\n|\n|-heal|p1a: Corviknight|98\/100 par|[from] item: Leftovers\n|-heal|p2a: kING|94\/100 par|[from] item: Leftovers\n|upkeep\n|turn|189\n|c|\u2606fuwa the cute|lol i dont think u can get past my regen spams\n|\n|t:|1701142764\n|switch|p1a: Slowking|Slowking-Galar, F|100\/100\n|switch|p2a: TToxiC|Toxapex, M, shiny|100\/100 brn\n|-damage|p2a: TToxiC|88\/100 brn|[from] Stealth Rock\n|\n|-damage|p2a: TToxiC|82\/100 brn|[from] brn\n|upkeep\n|turn|190\n|c|\u2606Hold DEEZNUUTZ|i got it too\n|c|\u2606Hold DEEZNUUTZ|idiot\n|\n|t:|1701142783\n|switch|p2a: kING|Slowking-Galar, F|100\/100 par\n|-damage|p2a: kING|88\/100 par|[from] Stealth Rock\n|switch|p1a: Corviknight|Corviknight, F|98\/100 par\n|-ability|p1a: Corviknight|Pressure\n|\n|-heal|p1a: Corviknight|100\/100 par|[from] item: Leftovers\n|-heal|p2a: kING|94\/100 par|[from] item: Leftovers\n|upkeep\n|turn|191\n|\n|t:|1701142791\n|switch|p1a: Meowscarada|Meowscarada, M|84\/100\n|switch|p2a: TToxiC|Toxapex, M, shiny|100\/100 brn\n|-damage|p2a: TToxiC|88\/100 brn|[from] Stealth Rock\n|\n|-damage|p2a: TToxiC|82\/100 brn|[from] brn\n|upkeep\n|turn|192\n|\n|t:|1701142797\n|switch|p1a: Corviknight|Corviknight, F|100\/100 par\n|-ability|p1a: Corviknight|Pressure\n|switch|p2a: NightMech|Corviknight, M, shiny|83\/100 par\n|-damage|p2a: NightMech|71\/100 par|[from] Stealth Rock\n|-ability|p2a: NightMech|Pressure\n|\n|upkeep\n|turn|193\n|inactive|Hold DEEZNUUTZ has 60 seconds left.\n|\n|t:|1701142808\n|switch|p1a: Chansey|Chansey, F|54\/100\n|switch|p2a: kING|Slowking-Galar, F|100\/100 par\n|-damage|p2a: kING|88\/100 par|[from] Stealth Rock\n|\n|-heal|p2a: kING|94\/100 par|[from] item: Leftovers\n|upkeep\n|turn|194\n|c|\u2606Hold DEEZNUUTZ|full\n|c|\u2606Hold DEEZNUUTZ|lol\n|\n|t:|1701142817\n|switch|p2a: TToxiC|Toxapex, M, shiny|100\/100 brn\n|-damage|p2a: TToxiC|88\/100 brn|[from] Stealth Rock\n|move|p1a: Chansey|Soft-Boiled|p1a: Chansey\n|-heal|p1a: Chansey|100\/100\n|\n|-damage|p2a: TToxiC|82\/100 brn|[from] brn\n|upkeep\n|turn|195\n|c|\u2606Hold DEEZNUUTZ|ez\n|inactive|Hold DEEZNUUTZ has 60 seconds left.\n|inactive|fuwa the cute has 120 seconds left.\n|\n|t:|1701142826\n|switch|p1a: Corviknight|Corviknight, F|100\/100 par\n|-ability|p1a: Corviknight|Pressure\n|switch|p2a: kING|Slowking-Galar, F|100\/100 par\n|-damage|p2a: kING|88\/100 par|[from] Stealth Rock\n|\n|-heal|p2a: kING|94\/100 par|[from] item: Leftovers\n|upkeep\n|turn|196\n|inactive|Hold DEEZNUUTZ has 60 seconds left.\n|\n|t:|1701142835\n|switch|p1a: Meowscarada|Meowscarada, M|84\/100\n|switch|p2a: TToxiC|Toxapex, M, shiny|100\/100 brn\n|-damage|p2a: TToxiC|88\/100 brn|[from] Stealth Rock\n|\n|-damage|p2a: TToxiC|82\/100 brn|[from] brn\n|upkeep\n|turn|197\n|inactive|fuwa the cute has 120 seconds left.\n|\n|t:|1701142842\n|switch|p1a: Corviknight|Corviknight, F|100\/100 par\n|-ability|p1a: Corviknight|Pressure\n|switch|p2a: kING|Slowking-Galar, F|100\/100 par\n|-damage|p2a: kING|88\/100 par|[from] Stealth Rock\n|\n|-heal|p2a: kING|94\/100 par|[from] item: Leftovers\n|upkeep\n|turn|198\n|\n|t:|1701142847\n|switch|p1a: Meowscarada|Meowscarada, M|84\/100\n|switch|p2a: TToxiC|Toxapex, M, shiny|100\/100 brn\n|-damage|p2a: TToxiC|88\/100 brn|[from] Stealth Rock\n|\n|-damage|p2a: TToxiC|82\/100 brn|[from] brn\n|upkeep\n|turn|199\n|c|\u2606Hold DEEZNUUTZ|one hit\n|inactive|fuwa the cute has 120 seconds left.\n|c|\u2606Hold DEEZNUUTZ|one crit\n|c|\u2606Hold DEEZNUUTZ|u clown\n|c|\u2606fuwa the cute|nah bro\n|\n|t:|1701142873\n|switch|p1a: Corviknight|Corviknight, F|100\/100 par\n|-ability|p1a: Corviknight|Pressure\n|switch|p2a: kING|Slowking-Galar, F|100\/100 par\n|-damage|p2a: kING|88\/100 par|[from] Stealth Rock\n|\n|-heal|p2a: kING|94\/100 par|[from] item: Leftovers\n|upkeep\n|turn|200\n|c|\u2606fuwa the cute|non needed\n|inactive|Hold DEEZNUUTZ has 30 seconds left.\n|\n|t:|1701142885\n|switch|p1a: Chansey|Chansey, F|100\/100\n|switch|p2a: TToxiC|Toxapex, M, shiny|100\/100 brn\n|-damage|p2a: TToxiC|88\/100 brn|[from] Stealth Rock\n|\n|-damage|p2a: TToxiC|82\/100 brn|[from] brn\n|upkeep\n|turn|201\n|inactive|Hold DEEZNUUTZ has 30 seconds left this turn.\n|\n|t:|1701142892\n|switch|p1a: Corviknight|Corviknight, F|100\/100 par\n|-ability|p1a: Corviknight|Pressure\n|switch|p2a: kING|Slowking-Galar, F|100\/100 par\n|-damage|p2a: kING|88\/100 par|[from] Stealth Rock\n|\n|-heal|p2a: kING|94\/100 par|[from] item: Leftovers\n|upkeep\n|turn|202\n|\n|t:|1701142896\n|switch|p1a: Meowscarada|Meowscarada, M|84\/100\n|switch|p2a: TToxiC|Toxapex, M, shiny|100\/100 brn\n|-damage|p2a: TToxiC|88\/100 brn|[from] Stealth Rock\n|\n|-damage|p2a: TToxiC|82\/100 brn|[from] brn\n|upkeep\n|turn|203\n|\n|t:|1701142900\n|switch|p1a: Corviknight|Corviknight, F|100\/100 par\n|-ability|p1a: Corviknight|Pressure\n|switch|p2a: kING|Slowking-Galar, F|100\/100 par\n|-damage|p2a: kING|88\/100 par|[from] Stealth Rock\n|\n|-heal|p2a: kING|94\/100 par|[from] item: Leftovers\n|upkeep\n|turn|204\n|\n|t:|1701142903\n|switch|p1a: Meowscarada|Meowscarada, M|84\/100\n|switch|p2a: TToxiC|Toxapex, M, shiny|100\/100 brn\n|-damage|p2a: TToxiC|88\/100 brn|[from] Stealth Rock\n|\n|-damage|p2a: TToxiC|82\/100 brn|[from] brn\n|upkeep\n|turn|205\n|\n|t:|1701142908\n|switch|p1a: Corviknight|Corviknight, F|100\/100 par\n|-ability|p1a: Corviknight|Pressure\n|switch|p2a: kING|Slowking-Galar, F|100\/100 par\n|-damage|p2a: kING|88\/100 par|[from] Stealth Rock\n|\n|-heal|p2a: kING|94\/100 par|[from] item: Leftovers\n|upkeep\n|turn|206\n|\n|t:|1701142911\n|switch|p1a: Meowscarada|Meowscarada, M|84\/100\n|switch|p2a: TToxiC|Toxapex, M, shiny|100\/100 brn\n|-damage|p2a: TToxiC|88\/100 brn|[from] Stealth Rock\n|\n|-damage|p2a: TToxiC|82\/100 brn|[from] brn\n|upkeep\n|turn|207\n|\n|t:|1701142913\n|switch|p2a: kING|Slowking-Galar, F|100\/100 par\n|-damage|p2a: kING|88\/100 par|[from] Stealth Rock\n|move|p1a: Meowscarada|Knock Off|p2a: kING\n|-start|p1a: Meowscarada|typechange|Dark|[from] ability: Protean\n|-supereffective|p2a: kING\n|-damage|p2a: kING|0 fnt\n|-enditem|p2a: kING|Leftovers|[from] move: Knock Off|[of] p1a: Meowscarada\n|faint|p2a: kING\n|\n|upkeep\n|inactive|fuwa the cute has 120 seconds left.\n|c|\u2606Hold DEEZNUUTZ|rekt\n|\n|t:|1701142922\n|switch|p2a: QUDSierre|Clodsire, F, tera:Dark|43\/100 brn\n|turn|208\n|c|\u2606Hold DEEZNUUTZ|dum dum\n|c|\u2606Hold DEEZNUUTZ|1 recover\n|\n|t:|1701142935\n|switch|p1a: Corviknight|Corviknight, F|100\/100 par\n|-ability|p1a: Corviknight|Pressure\n|move|p2a: QUDSierre|Recover|p2a: QUDSierre\n|-heal|p2a: QUDSierre|93\/100 brn\n|\n|-damage|p2a: QUDSierre|87\/100 brn|[from] brn\n|upkeep\n|turn|209\n|c|\u2606fuwa the cute|oh no\n|inactive|fuwa the cute has 120 seconds left.\n|\n|t:|1701142942\n|move|p1a: Corviknight|Body Press|p2a: QUDSierre\n|-supereffective|p2a: QUDSierre\n|-damage|p2a: QUDSierre|26\/100 brn\n|move|p2a: QUDSierre|Spikes|p1a: Corviknight\n|-sidestart|p1: Hold DEEZNUUTZ|Spikes\n|\n|-damage|p2a: QUDSierre|20\/100 brn|[from] brn\n|upkeep\n|turn|210\n|c|\u2606Hold DEEZNUUTZ|kek\n|c|\u2606Hold DEEZNUUTZ|dead\n|inactive|Hold DEEZNUUTZ has 30 seconds left.\n|\n|t:|1701142954\n|switch|p2a: NightMech|Corviknight, M, shiny|71\/100 par\n|-damage|p2a: NightMech|58\/100 par|[from] Stealth Rock\n|-ability|p2a: NightMech|Pressure\n|move|p1a: Corviknight|Defog|p2a: NightMech\n|-unboost|p2a: NightMech|evasion|1\n|-sideend|p2: fuwa the cute|Stealth Rock|[from] move: Defog|[of] p1a: Corviknight\n|-sideend|p1: Hold DEEZNUUTZ|Spikes|[from] move: Defog|[of] p1a: Corviknight\n|\n|upkeep\n|turn|211\n|inactive|Hold DEEZNUUTZ has 30 seconds left.\n|inactive|fuwa the cute has 120 seconds left.\n|\n|t:|1701142968\n|switch|p1a: Slowking|Slowking-Galar, F|100\/100\n|switch|p2a: FishStiks|Dondozo, M|60\/100 slp\n|\n|-heal|p2a: FishStiks|66\/100 slp|[from] item: Leftovers\n|upkeep\n|turn|212\n|inactive|Hold DEEZNUUTZ has 30 seconds left this turn.\n|inactiveoff|Battle timer is now OFF.\n|\n|t:|1701142972\n|switch|p1a: Meowscarada|Meowscarada, M|84\/100\n|-curestatus|p2a: FishStiks|slp|[msg]\n|move|p2a: FishStiks|Wave Crash|p1a: Meowscarada\n|-resisted|p1a: Meowscarada\n|-damage|p1a: Meowscarada|53\/100\n|-damage|p2a: FishStiks|60\/100|[from] Recoil\n|\n|-heal|p2a: FishStiks|67\/100|[from] item: Leftovers\n|upkeep\n|turn|213\n|\n|t:|1701142982\n|move|p1a: Meowscarada|Knock Off|p2a: FishStiks\n|-start|p1a: Meowscarada|typechange|Dark|[from] ability: Protean\n|-damage|p2a: FishStiks|38\/100\n|-enditem|p2a: FishStiks|Leftovers|[from] move: Knock Off|[of] p1a: Meowscarada\n|move|p2a: FishStiks|Curse|p2a: FishStiks\n|-unboost|p2a: FishStiks|spe|1\n|-boost|p2a: FishStiks|atk|1\n|-boost|p2a: FishStiks|def|1\n|\n|upkeep\n|turn|214\n|\n|t:|1701142989\n|switch|p1a: Dragapult|Dragapult, M|76\/100\n|move|p2a: FishStiks|Wave Crash|p1a: Dragapult\n|-resisted|p1a: Dragapult\n|-damage|p1a: Dragapult|40\/100\n|-damage|p2a: FishStiks|29\/100|[from] Recoil\n|\n|-heal|p1a: Dragapult|46\/100|[from] item: Leftovers\n|upkeep\n|turn|215\n|\n|t:|1701142998\n|move|p1a: Dragapult|Hex|p2a: FishStiks\n|-damage|p2a: FishStiks|7\/100\n|move|p2a: FishStiks|Wave Crash|p1a: Dragapult\n|-resisted|p1a: Dragapult\n|-damage|p1a: Dragapult|13\/100\n|-damage|p2a: FishStiks|0 fnt|[from] Recoil\n|faint|p2a: FishStiks\n|\n|-heal|p1a: Dragapult|19\/100|[from] item: Leftovers\n|upkeep\n|c|\u2606Hold DEEZNUUTZ|kek\n|c|\u2606Hold DEEZNUUTZ|easy\n|\n|t:|1701143010\n|switch|p2a: TToxiC|Toxapex, M, shiny|100\/100 brn\n|turn|216\n|c|\u2606Hold DEEZNUUTZ|easiest win\n|\n|t:|1701143017\n|switch|p1a: Corviknight|Corviknight, F|100\/100 par\n|-ability|p1a: Corviknight|Pressure\n|switch|p2a: NightMech|Corviknight, M, shiny|58\/100 par\n|-ability|p2a: NightMech|Pressure\n|\n|upkeep\n|turn|217\n|c|\u2606Hold DEEZNUUTZ|5-0\n|\n|t:|1701143028\n|switch|p1a: Slowking|Slowking-Galar, F|100\/100\n|switch|p2a: TToxiC|Toxapex, M, shiny|100\/100 brn\n|\n|-damage|p2a: TToxiC|95\/100 brn|[from] brn\n|upkeep\n|turn|218\n|j| Zorrodxl\n|c|\u2606fuwa the cute|u still got stuff to et pas lol\n|\n|t:|1701143035\n|switch|p2a: QUDSierre|Clodsire, F, tera:Dark|20\/100 brn\n|switch|p1a: Corviknight|Corviknight, F|100\/100 par\n|-ability|p1a: Corviknight|Pressure\n|\n|-damage|p2a: QUDSierre|14\/100 brn|[from] brn\n|upkeep\n|turn|219\n|\n|t:|1701143040\n|move|p1a: Corviknight|Body Press|p2a: QUDSierre\n|-supereffective|p2a: QUDSierre\n|-damage|p2a: QUDSierre|0 fnt\n|faint|p2a: QUDSierre\n|\n|upkeep\n|\n|t:|1701143041\n|switch|p2a: TToxiC|Toxapex, M, shiny|100\/100 brn\n|turn|220\n|c|\u2606Hold DEEZNUUTZ|oof\n|c|\u2606Hold DEEZNUUTZ|lol\n|\n|t:|1701143052\n|move|p2a: TToxiC|Surf|p1a: Corviknight\n|-damage|p1a: Corviknight|84\/100 par\n|move|p1a: Corviknight|Iron Defense|p1a: Corviknight\n|-boost|p1a: Corviknight|def|2\n|\n|-heal|p1a: Corviknight|90\/100 par|[from] item: Leftovers\n|-damage|p2a: TToxiC|95\/100 brn|[from] brn\n|upkeep\n|turn|221\n|c|\u2606fuwa the cute|stupid ass team\\\n|c|\u2606Hold DEEZNUUTZ|LMAOO\n|c|\u2606Hold DEEZNUUTZ|says the staller\n|c|\u2606Hold DEEZNUUTZ|5-0\n|c|\u2606fuwa the cute|go kil ursel lol\n|c|\u2606Hold DEEZNUUTZ|easy win\n|\n|t:|1701143075\n|switch|p2a: NightMech|Corviknight, M, shiny|58\/100 par\n|-ability|p2a: NightMech|Pressure\n|move|p1a: Corviknight|Defog|p2a: NightMech\n|-unboost|p2a: NightMech|evasion|1\n|\n|-heal|p1a: Corviknight|96\/100 par|[from] item: Leftovers\n|upkeep\n|turn|222\n|c|\u2606Hold DEEZNUUTZ|GG no ree\n|\n|t:|1701143082\n|switch|p2a: TToxiC|Toxapex, M, shiny|100\/100 brn\n|move|p1a: Corviknight|Body Press|p2a: TToxiC\n|-resisted|p2a: TToxiC\n|-damage|p2a: TToxiC|85\/100 brn\n|\n|-heal|p1a: Corviknight|100\/100 par|[from] item: Leftovers\n|-damage|p2a: TToxiC|79\/100 brn|[from] brn\n|upkeep\n|turn|223\n|\n|t:|1701143087\n|switch|p2a: NightMech|Corviknight, M, shiny|58\/100 par\n|-ability|p2a: NightMech|Pressure\n|cant|p1a: Corviknight|par\n|\n|upkeep\n|turn|224\n|\n|t:|1701143095\n|switch|p2a: TToxiC|Toxapex, M, shiny|100\/100 brn\n|switch|p1a: Chansey|Chansey, F|100\/100\n|\n|-damage|p2a: TToxiC|95\/100 brn|[from] brn\n|upkeep\n|turn|225\n|\n|t:|1701143101\n|switch|p1a: Corviknight|Corviknight, F|100\/100 par\n|-ability|p1a: Corviknight|Pressure\n|move|p2a: TToxiC|Infestation|p1a: Corviknight\n|-resisted|p1a: Corviknight\n|-damage|p1a: Corviknight|99\/100 par\n|-activate|p1a: Corviknight|move: Infestation|[of] p2a: TToxiC\n|\n|-heal|p1a: Corviknight|100\/100 par|[from] item: Leftovers\n|-damage|p2a: TToxiC|89\/100 brn|[from] brn\n|-damage|p1a: Corviknight|88\/100 par|[from] move: Infestation|[partiallytrapped]\n|upkeep\n|turn|226\n|\n|t:|1701143111\n|switch|p2a: NightMech|Corviknight, M, shiny|58\/100 par\n|-ability|p2a: NightMech|Pressure\n|move|p1a: Corviknight|Defog|p2a: NightMech\n|-unboost|p2a: NightMech|evasion|1\n|\n|-heal|p1a: Corviknight|94\/100 par|[from] item: Leftovers\n|-end|p1a: Corviknight|Infestation|[partiallytrapped]|[silent]\n|upkeep\n|turn|227\n|\n|t:|1701143115\n|switch|p2a: TToxiC|Toxapex, M, shiny|100\/100 brn\n|switch|p1a: Chansey|Chansey, F|100\/100\n|\n|-damage|p2a: TToxiC|95\/100 brn|[from] brn\n|upkeep\n|turn|228\n|\n|t:|1701143120\n|switch|p1a: Corviknight|Corviknight, F|94\/100 par\n|-ability|p1a: Corviknight|Pressure\n|switch|p2a: NightMech|Corviknight, M, shiny|58\/100 par\n|-ability|p2a: NightMech|Pressure\n|\n|-heal|p1a: Corviknight|99\/100 par|[from] item: Leftovers\n|upkeep\n|turn|229\n|c|\u2606Hold DEEZNUUTZ|u still trying\n|c|\u2606Hold DEEZNUUTZ|LMAAOO\n|c|\u2606fuwa the cute|yeah ofc\n|c|\u2606Hold DEEZNUUTZ|you lost\n|c|\u2606Hold DEEZNUUTZ|turn 3\n|c|\u2606Hold DEEZNUUTZ|clown\n|c|\u2606fuwa the cute|cant lose to ya\n|\n|t:|1701143141\n|switch|p1a: Slowking|Slowking-Galar, F|100\/100\n|move|p2a: NightMech|Defog|p1a: Slowking\n|-unboost|p1a: Slowking|evasion|1\n|\n|upkeep\n|turn|230\n|c|\u2606fuwa the cute|forfeit or sm\n|c|\u2606Hold DEEZNUUTZ|alreadt did\n|c|\u2606Hold DEEZNUUTZ|5-0\n|c| Zorrodxl|both of you are mentally ill for playing this game\n|\n|t:|1701143161\n|switch|p1a: Corviknight|Corviknight, F|99\/100 par\n|-ability|p1a: Corviknight|Pressure\n|switch|p2a: TToxiC|Toxapex, M, shiny|100\/100 brn\n|\n|-heal|p1a: Corviknight|100\/100 par|[from] item: Leftovers\n|-damage|p2a: TToxiC|95\/100 brn|[from] brn\n|upkeep\n|turn|231\n|c|\u2606fuwa the cute|:(\n|\n|t:|1701143170\n|switch|p2a: NightMech|Corviknight, M, shiny|58\/100 par\n|-ability|p2a: NightMech|Pressure\n|cant|p1a: Corviknight|par\n|\n|upkeep\n|turn|232\n|c|\u2606fuwa the cute|just tryna push and lil bro holds me back\n|c|\u2606fuwa the cute|actual child or sm\n|\n|t:|1701143183\n|switch|p1a: Dragapult|Dragapult, M|19\/100\n|switch|p2a: TToxiC|Toxapex, M, shiny|100\/100 brn\n|\n|-heal|p1a: Dragapult|25\/100|[from] item: Leftovers\n|-damage|p2a: TToxiC|95\/100 brn|[from] brn\n|upkeep\n|turn|233\n|c|\u2606fuwa the cute|bro prolly lives in his moms basement\n|\n|t:|1701143195\n|switch|p1a: Corviknight|Corviknight, F|100\/100 par\n|-ability|p1a: Corviknight|Pressure\n|move|p2a: TToxiC|Surf|p1a: Corviknight\n|-damage|p1a: Corviknight|82\/100 par\n|\n|-heal|p1a: Corviknight|88\/100 par|[from] item: Leftovers\n|-damage|p2a: TToxiC|89\/100 brn|[from] brn\n|upkeep\n|turn|234\n|c|\u2606Hold DEEZNUUTZ|kek\n|c|\u2606fuwa the cute|no gf\n|\n|t:|1701143207\n|switch|p2a: NightMech|Corviknight, M, shiny|58\/100 par\n|-ability|p2a: NightMech|Pressure\n|move|p1a: Corviknight|Defog|p2a: NightMech\n|-unboost|p2a: NightMech|evasion|1\n|\n|-heal|p1a: Corviknight|94\/100 par|[from] item: Leftovers\n|upkeep\n|turn|235\n|c|\u2606fuwa the cute|no job\n|c|\u2606fuwa the cute|no life\n|c|\u2606fuwa the cute|at least i got all 3\n|\n|t:|1701143216\n|switch|p1a: Dragapult|Dragapult, M|25\/100\n|switch|p2a: TToxiC|Toxapex, M, shiny|100\/100 brn\n|\n|-heal|p1a: Dragapult|31\/100|[from] item: Leftovers\n|-damage|p2a: TToxiC|95\/100 brn|[from] brn\n|upkeep\n|turn|236\n|c|\u2606Hold DEEZNUUTZ|ez\n|\n|t:|1701143223\n|switch|p2a: NightMech|Corviknight, M, shiny|58\/100 par\n|-ability|p2a: NightMech|Pressure\n|move|p1a: Dragapult|Substitute|p1a: Dragapult\n|-start|p1a: Dragapult|Substitute\n|-damage|p1a: Dragapult|7\/100\n|\n|-heal|p1a: Dragapult|13\/100|[from] item: Leftovers\n|upkeep\n|turn|237\n|c|\u2606Hold DEEZNUUTZ|so win\n|\n|t:|1701143232\n|switch|p2a: TToxiC|Toxapex, M, shiny|100\/100 brn\n|move|p1a: Dragapult|Thunder Wave||[still]\n|-fail|p1a: Dragapult\n|\n|-heal|p1a: Dragapult|19\/100|[from] item: Leftovers\n|-damage|p2a: TToxiC|95\/100 brn|[from] brn\n|upkeep\n|turn|238\n|\n|t:|1701143237\n|switch|p2a: NightMech|Corviknight, M, shiny|58\/100 par\n|-ability|p2a: NightMech|Pressure\n|move|p1a: Dragapult|Thunder Wave|p2a: NightMech\n|-fail|p2a: NightMech|par\n|\n|-heal|p1a: Dragapult|25\/100|[from] item: Leftovers\n|upkeep\n|turn|239\n|c|\u2606Hold DEEZNUUTZ|free lefty\n|\n|t:|1701143241\n|switch|p2a: TToxiC|Toxapex, M, shiny|100\/100 brn\n|move|p1a: Dragapult|Thunder Wave||[still]\n|-fail|p1a: Dragapult\n|\n|-heal|p1a: Dragapult|31\/100|[from] item: Leftovers\n|-damage|p2a: TToxiC|95\/100 brn|[from] brn\n|upkeep\n|turn|240\n|\n|t:|1701143247\n|switch|p2a: NightMech|Corviknight, M, shiny|58\/100 par\n|-ability|p2a: NightMech|Pressure\n|move|p1a: Dragapult|Thunder Wave|p2a: NightMech\n|-fail|p2a: NightMech|par\n|\n|-heal|p1a: Dragapult|38\/100|[from] item: Leftovers\n|upkeep\n|turn|241\n|c|\u2606Hold DEEZNUUTZ|kek\n|\n|t:|1701143253\n|switch|p2a: TToxiC|Toxapex, M, shiny|100\/100 brn\n|move|p1a: Dragapult|Thunder Wave||[still]\n|-fail|p1a: Dragapult\n|\n|-heal|p1a: Dragapult|44\/100|[from] item: Leftovers\n|-damage|p2a: TToxiC|95\/100 brn|[from] brn\n|upkeep\n|turn|242\n|c|\u2606fuwa the cute|wha you para for\n|\n|t:|1701143259\n|switch|p2a: NightMech|Corviknight, M, shiny|58\/100 par\n|-ability|p2a: NightMech|Pressure\n|move|p1a: Dragapult|Thunder Wave|p2a: NightMech\n|-fail|p2a: NightMech|par\n|\n|-heal|p1a: Dragapult|50\/100|[from] item: Leftovers\n|upkeep\n|turn|243\n|\n|t:|1701143263\n|switch|p2a: TToxiC|Toxapex, M, shiny|100\/100 brn\n|move|p1a: Dragapult|Thunder Wave||[still]\n|-fail|p1a: Dragapult\n|\n|-heal|p1a: Dragapult|56\/100|[from] item: Leftovers\n|-damage|p2a: TToxiC|95\/100 brn|[from] brn\n|upkeep\n|turn|244\n|c|\u2606Hold DEEZNUUTZ|free lefty\n|c|\u2606Hold DEEZNUUTZ|idiot\n|\n|t:|1701143270\n|switch|p2a: NightMech|Corviknight, M, shiny|58\/100 par\n|-ability|p2a: NightMech|Pressure\n|move|p1a: Dragapult|Thunder Wave|p2a: NightMech\n|-fail|p2a: NightMech|par\n|\n|-heal|p1a: Dragapult|62\/100|[from] item: Leftovers\n|upkeep\n|turn|245\n|\n|t:|1701143275\n|switch|p2a: TToxiC|Toxapex, M, shiny|100\/100 brn\n|move|p1a: Dragapult|Thunder Wave||[still]\n|-fail|p1a: Dragapult\n|\n|-heal|p1a: Dragapult|69\/100|[from] item: Leftovers\n|-damage|p2a: TToxiC|95\/100 brn|[from] brn\n|upkeep\n|turn|246\n|c|\u2606fuwa the cute|tf yo autisti ass dong\n|\n|t:|1701143286\n|switch|p2a: NightMech|Corviknight, M, shiny|58\/100 par\n|-ability|p2a: NightMech|Pressure\n|move|p1a: Dragapult|Thunder Wave|p2a: NightMech\n|-fail|p2a: NightMech|par\n|\n|-heal|p1a: Dragapult|75\/100|[from] item: Leftovers\n|upkeep\n|turn|247\n|\n|t:|1701143293\n|switch|p2a: TToxiC|Toxapex, M, shiny|100\/100 brn\n|move|p1a: Dragapult|Thunder Wave||[still]\n|-fail|p1a: Dragapult\n|\n|-heal|p1a: Dragapult|81\/100|[from] item: Leftovers\n|-damage|p2a: TToxiC|95\/100 brn|[from] brn\n|upkeep\n|turn|248\n|\n|t:|1701143296\n|switch|p2a: NightMech|Corviknight, M, shiny|58\/100 par\n|-ability|p2a: NightMech|Pressure\n|move|p1a: Dragapult|Hex|p2a: NightMech\n|-damage|p2a: NightMech|10\/100 par\n|\n|-heal|p1a: Dragapult|87\/100|[from] item: Leftovers\n|upkeep\n|turn|249\n|c|\u2606Hold DEEZNUUTZ|kek\n|c| Zorrodxl|two r3tards fighting\n|\n|t:|1701143308\n|switch|p1a: Corviknight|Corviknight, F|94\/100 par\n|-ability|p1a: Corviknight|Pressure\n|move|p2a: NightMech|Roost|p2a: NightMech\n|-heal|p2a: NightMech|60\/100 par\n|-singleturn|p2a: NightMech|move: Roost\n|\n|-heal|p1a: Corviknight|99\/100 par|[from] item: Leftovers\n|upkeep\n|turn|250\n|\n|t:|1701143322\n|switch|p1a: Dragapult|Dragapult, M|87\/100\n|switch|p2a: TToxiC|Toxapex, M, shiny|100\/100 brn\n|\n|-heal|p1a: Dragapult|93\/100|[from] item: Leftovers\n|-damage|p2a: TToxiC|95\/100 brn|[from] brn\n|upkeep\n|turn|251\n|c|\u2606fuwa the cute|play faster bro\n|\n|t:|1701143329\n|switch|p2a: NightMech|Corviknight, M, shiny|60\/100 par\n|-ability|p2a: NightMech|Pressure\n|move|p1a: Dragapult|Substitute|p1a: Dragapult\n|-start|p1a: Dragapult|Substitute\n|-damage|p1a: Dragapult|69\/100\n|\n|-heal|p1a: Dragapult|75\/100|[from] item: Leftovers\n|upkeep\n|turn|252\n|c|\u2606Hold DEEZNUUTZ|why\n|l| Zorrodxl\n|c|\u2606Hold DEEZNUUTZ|i already won\n|c|\u2606fuwa the cute|i needa go\n|\n|t:|1701143345\n|switch|p2a: TToxiC|Toxapex, M, shiny|100\/100 brn\n|move|p1a: Dragapult|Thunder Wave||[still]\n|-fail|p1a: Dragapult\n|\n|-heal|p1a: Dragapult|81\/100|[from] item: Leftovers\n|-damage|p2a: TToxiC|95\/100 brn|[from] brn\n|upkeep\n|turn|253\n|c|\u2606fuwa the cute|forfeit or sm\n|\n|t:|1701143352\n|switch|p1a: Chansey|Chansey, F|100\/100\n|switch|p2a: NightMech|Corviknight, M, shiny|60\/100 par\n|-ability|p2a: NightMech|Pressure\n|\n|upkeep\n|turn|254\n|\n|t:|1701143357\n|switch|p2a: TToxiC|Toxapex, M, shiny|100\/100 brn\n|move|p1a: Chansey|Stealth Rock|p2a: TToxiC\n|-sidestart|p2: fuwa the cute|move: Stealth Rock\n|\n|-damage|p2a: TToxiC|95\/100 brn|[from] brn\n|upkeep\n|turn|255\n|l|\u2606fuwa the cute\n|player|p2|\n|c|\u2606Hold DEEZNUUTZ|5-0\n|c|\u2606Hold DEEZNUUTZ|kek\n|c|\u2606Hold DEEZNUUTZ|hide\n|inactive|Battle timer is ON: inactive players will automatically lose when time's up. (requested by Hold DEEZNUUTZ)\n|inactive|fuwa the cute has 30 seconds to reconnect!\n|inactive|fuwa the cute has 20 seconds to reconnect!\n|inactive|fuwa the cute has 15 seconds to reconnect!\n|inactive|fuwa the cute has 10 seconds to reconnect!\n|inactive|fuwa the cute has 5 seconds to reconnect!\n|c|\u2606Hold DEEZNUUTZ|clown\n|-message|fuwa the cute lost due to inactivity.\n|\n|win|Hold DEEZNUUTZ\n|raw|Hold DEEZNUUTZ's rating: 1488 &rarr; <strong>1513<\/strong><br \/>(+25 for winning)\n|raw|fuwa the cute's rating: 1580 &rarr; <strong>1555<\/strong><br \/>(-25 for losing)\n","uploadtime":1701143072,"views":2,"p1id":"holddeeznuutz","p2id":"fuwathecute","formatid":"gen9ou","rating":1513,"private":0,"password":""}