{"id":"gen9ou-1988852549","p1":"live woch reaction","p2":"baelab","format":"[Gen 9] OU","log":"|j|\u2606live woch reaction\n|j|\u2606baelab\n|t:|1699774038\n|gametype|singles\n|player|p1|live woch reaction|169|1247\n|player|p2|baelab|ninjaboy|1369\n|teamsize|p1|6\n|teamsize|p2|6\n|gen|9\n|tier|[Gen 9] OU\n|rated|\n|rule|Sleep Clause Mod: Limit one foe put to sleep\n|rule|Species Clause: Limit one of each Pok\u00e9mon\n|rule|OHKO Clause: OHKO moves are banned\n|rule|Evasion Items Clause: Evasion items are banned\n|rule|Evasion Moves Clause: Evasion moves are banned\n|rule|Endless Battle Clause: Forcing endless battles is banned\n|rule|HP Percentage Mod: HP is shown in percentages\n|clearpoke\n|poke|p1|Heatran, F|\n|poke|p1|Ogerpon-Wellspring, F|\n|poke|p1|Dragapult, F|\n|poke|p1|Glimmora, M|\n|poke|p1|Dondozo, F|\n|poke|p1|Florges-Orange, F|\n|poke|p2|Muk-Alola, F|\n|poke|p2|Zamazenta-*|\n|poke|p2|Clefable, M|\n|poke|p2|Volcanion|\n|poke|p2|Landorus-Therian, M|\n|poke|p2|Forretress, F|\n|teampreview\n|\n|t:|1699774060\n|start\n|switch|p1a: Dragapult|Dragapult, F|100\/100\n|switch|p2a: Forretress|Forretress, F|100\/100\n|turn|1\n|\n|t:|1699774070\n|move|p1a: Dragapult|Flamethrower|p2a: Forretress\n|-supereffective|p2a: Forretress\n|-damage|p2a: Forretress|0 fnt\n|faint|p2a: Forretress\n|\n|upkeep\n|\n|t:|1699774077\n|switch|p2a: Muk|Muk-Alola, F|100\/100\n|turn|2\n|\n|t:|1699774090\n|switch|p1a: Heatran|Heatran, F|100\/100\n|move|p2a: Muk|Knock Off|p1a: Heatran\n|-damage|p1a: Heatran|60\/100\n|-enditem|p1a: Heatran|Heavy-Duty Boots|[from] move: Knock Off|[of] p2a: Muk\n|\n|upkeep\n|turn|3\n|\n|t:|1699774110\n|switch|p2a: Landorus|Landorus-Therian, M|100\/100\n|-ability|p2a: Landorus|Intimidate|boost\n|-unboost|p1a: Heatran|atk|1\n|move|p1a: Heatran|Magma Storm|p2a: Landorus\n|-damage|p2a: Landorus|29\/100\n|-activate|p2a: Landorus|move: Magma Storm|[of] p1a: Heatran\n|\n|-damage|p2a: Landorus|16\/100|[from] move: Magma Storm|[partiallytrapped]\n|upkeep\n|turn|4\n|\n|t:|1699774129\n|switch|p1a: Ogerpon|Ogerpon-Wellspring, F|100\/100\n|move|p2a: Landorus|Earth Power|p1a: Ogerpon\n|-resisted|p1a: Ogerpon\n|-damage|p1a: Ogerpon|78\/100\n|\n|-end|p2a: Landorus|Magma Storm|[partiallytrapped]|[silent]\n|upkeep\n|turn|5\n|\n|t:|1699774137\n|switch|p2a: Volcanion|Volcanion|100\/100\n|move|p1a: Ogerpon|Swords Dance|p1a: Ogerpon\n|-boost|p1a: Ogerpon|atk|2\n|\n|upkeep\n|turn|6\n|\n|t:|1699774163\n|-terastallize|p1a: Ogerpon|Water\n|detailschange|p1a: Ogerpon|Ogerpon-Wellspring-Tera, F, tera:Water\n|-ability|p1a: Ogerpon|Embody Aspect (Wellspring)|boost\n|-boost|p1a: Ogerpon|spd|1\n|move|p1a: Ogerpon|Horn Leech|p2a: Volcanion\n|-damage|p2a: Volcanion|35\/100\n|-heal|p1a: Ogerpon|100\/100|[from] drain|[of] p2a: Volcanion\n|move|p2a: Volcanion|Flamethrower|p1a: Ogerpon\n|-resisted|p1a: Ogerpon\n|-damage|p1a: Ogerpon|72\/100\n|\n|upkeep\n|turn|7\n|\n|t:|1699774188\n|move|p1a: Ogerpon|Horn Leech|p2a: Volcanion\n|-damage|p2a: Volcanion|0 fnt\n|-heal|p1a: Ogerpon|93\/100|[from] drain|[of] p2a: Volcanion\n|faint|p2a: Volcanion\n|\n|upkeep\n|\n|t:|1699774194\n|switch|p2a: Clefable|Clefable, M|100\/100\n|turn|8\n|\n|t:|1699774211\n|move|p1a: Ogerpon|Ivy Cudgel|p2a: Clefable\n|-crit|p2a: Clefable\n|-damage|p2a: Clefable|0 fnt\n|faint|p2a: Clefable\n|\n|upkeep\n|\n|t:|1699774217\n|switch|p2a: Landorus|Landorus-Therian, M|16\/100\n|-ability|p2a: Landorus|Intimidate|boost\n|-unboost|p1a: Ogerpon|atk|1\n|turn|9\n|\n|t:|1699774223\n|move|p1a: Ogerpon|Horn Leech|p2a: Landorus\n|-damage|p2a: Landorus|0 fnt\n|-heal|p1a: Ogerpon|100\/100|[from] drain|[of] p2a: Landorus\n|faint|p2a: Landorus\n|\n|upkeep\n|\n|t:|1699774231\n|switch|p2a: Zamazenta|Zamazenta|100\/100\n|-ability|p2a: Zamazenta|Dauntless Shield|boost\n|-boost|p2a: Zamazenta|def|1\n|turn|10\n|\n|t:|1699774236\n|move|p1a: Ogerpon|Ivy Cudgel|p2a: Zamazenta\n|-damage|p2a: Zamazenta|51\/100\n|move|p2a: Zamazenta|Iron Defense|p2a: Zamazenta\n|-boost|p2a: Zamazenta|def|2\n|\n|-heal|p2a: Zamazenta|57\/100|[from] item: Leftovers\n|upkeep\n|turn|11\n|\n|t:|1699774253\n|move|p1a: Ogerpon|Encore|p2a: Zamazenta\n|-start|p2a: Zamazenta|Encore\n|move|p2a: Zamazenta|Iron Defense|p2a: Zamazenta\n|-boost|p2a: Zamazenta|def|2\n|\n|-heal|p2a: Zamazenta|63\/100|[from] item: Leftovers\n|upkeep\n|turn|12\n|\n|t:|1699774261\n|move|p1a: Ogerpon|Swords Dance|p1a: Ogerpon\n|-boost|p1a: Ogerpon|atk|2\n|move|p2a: Zamazenta|Iron Defense|p2a: Zamazenta\n|-boost|p2a: Zamazenta|def|1\n|\n|-heal|p2a: Zamazenta|69\/100|[from] item: Leftovers\n|upkeep\n|turn|13\n|-message|baelab forfeited.\n|\n|win|live woch reaction\n|raw|live woch reaction's rating: 1247 &rarr; <strong>1280<\/strong><br \/>(+33 for winning)\n|raw|baelab's rating: 1369 &rarr; <strong>1342<\/strong><br \/>(-27 for losing)\n|l|\u2606baelab\n","uploadtime":1699774278,"views":19,"p1id":"livewochreaction","p2id":"baelab","formatid":"gen9ou","rating":1280,"private":0,"password":""}