{"id":"gen9ou-1991739393","p1":"Duckwora","p2":"maddensessa","format":"[Gen 9] OU","log":"|j|\u2606Duckwora\n|j|\u2606maddensessa\n|t:|1700109254\n|gametype|singles\n|player|p1|Duckwora|101|1123\n|player|p2|maddensessa|101|1065\n|teamsize|p1|6\n|teamsize|p2|6\n|gen|9\n|tier|[Gen 9] OU\n|rated|\n|rule|Sleep Clause Mod: Limit one foe put to sleep\n|rule|Species Clause: Limit one of each Pok\u00e9mon\n|rule|OHKO Clause: OHKO moves are banned\n|rule|Evasion Items Clause: Evasion items are banned\n|rule|Evasion Moves Clause: Evasion moves are banned\n|rule|Endless Battle Clause: Forcing endless battles is banned\n|rule|HP Percentage Mod: HP is shown in percentages\n|clearpoke\n|poke|p1|Kingambit, F|\n|poke|p1|Glimmora, F|\n|poke|p1|Iron Moth|\n|poke|p1|Dragapult, M|\n|poke|p1|Iron Hands|\n|poke|p1|Greninja-*, M|\n|poke|p2|Zapdos|\n|poke|p2|Charizard, F|\n|poke|p2|Zamazenta-*|\n|poke|p2|Corviknight, M|\n|poke|p2|Azumarill, M|\n|poke|p2|Gengar, M|\n|teampreview\n|\n|t:|1700109270\n|start\n|switch|p1a: Greninja|Greninja, M|100\/100\n|switch|p2a: Corviknight|Corviknight, M|100\/100\n|turn|1\n|inactive|Battle timer is ON: inactive players will automatically lose when time's up. (requested by maddensessa)\n|\n|t:|1700109283\n|switch|p2a: Zapdos|Zapdos, shiny|100\/100\n|-ability|p2a: Zapdos|Pressure\n|move|p1a: Greninja|Dark Pulse|p2a: Zapdos\n|-damage|p2a: Zapdos|49\/100\n|-damage|p1a: Greninja|91\/100|[from] item: Life Orb\n|\n|-heal|p2a: Zapdos|56\/100|[from] item: Leftovers\n|upkeep\n|turn|2\n|\n|t:|1700109300\n|switch|p1a: Glimmora|Glimmora, F|100\/100\n|move|p2a: Zapdos|Thunderbolt|p1a: Glimmora\n|-damage|p1a: Glimmora|36\/100\n|\n|-heal|p2a: Zapdos|62\/100|[from] item: Leftovers\n|upkeep\n|turn|3\n|\n|t:|1700109311\n|move|p2a: Zapdos|Thunderbolt|p1a: Glimmora\n|-damage|p1a: Glimmora|0 fnt\n|faint|p1a: Glimmora\n|\n|-heal|p2a: Zapdos|68\/100|[from] item: Leftovers\n|upkeep\n|\n|t:|1700109321\n|switch|p1a: Kingambit|Kingambit, F|100\/100\n|-activate|p1a: Kingambit|ability: Supreme Overlord\n|-start|p1a: Kingambit|fallen1|[silent]\n|turn|4\n|\n|t:|1700109330\n|-terastallize|p2a: Zapdos|Fire\n|move|p1a: Kingambit|Sucker Punch|p2a: Zapdos\n|-damage|p2a: Zapdos|14\/100\n|move|p2a: Zapdos|Heat Wave|p1a: Kingambit\n|-supereffective|p1a: Kingambit\n|-damage|p1a: Kingambit|0 fnt\n|faint|p1a: Kingambit\n|-end|p1a: Kingambit|fallen1|[silent]\n|\n|-heal|p2a: Zapdos|20\/100|[from] item: Leftovers\n|upkeep\n|\n|t:|1700109345\n|switch|p1a: Greninja|Greninja, M|91\/100\n|turn|5\n|\n|t:|1700109350\n|move|p1a: Greninja|Water Shuriken|p2a: Zapdos\n|-supereffective|p2a: Zapdos\n|-damage|p2a: Zapdos|0 fnt\n|faint|p2a: Zapdos\n|-ability|p1a: Greninja|Battle Bond|boost\n|-boost|p1a: Greninja|atk|1\n|-boost|p1a: Greninja|spa|1\n|-boost|p1a: Greninja|spe|1\n|-activate|p1a: Greninja|ability: Battle Bond\n|-hitcount|p2: Zapdos|1\n|-damage|p1a: Greninja|81\/100|[from] item: Life Orb\n|\n|upkeep\n|\n|t:|1700109363\n|switch|p2a: Charizard|Charizard, F, shiny|100\/100\n|turn|6\n|\n|t:|1700109367\n|move|p1a: Greninja|Water Shuriken|p2a: Charizard\n|-supereffective|p2a: Charizard\n|-crit|p2a: Charizard\n|-damage|p2a: Charizard|53\/100\n|-supereffective|p2a: Charizard\n|-damage|p2a: Charizard|17\/100\n|-supereffective|p2a: Charizard\n|-damage|p2a: Charizard|0 fnt\n|faint|p2a: Charizard\n|-hitcount|p2: Charizard|3\n|-damage|p1a: Greninja|71\/100|[from] item: Life Orb\n|\n|upkeep\n|\n|t:|1700109376\n|switch|p2a: Zamazenta|Zamazenta, shiny|100\/100\n|-ability|p2a: Zamazenta|Dauntless Shield|boost\n|-boost|p2a: Zamazenta|def|1\n|turn|7\n|\n|t:|1700109403\n|switch|p1a: Iron Moth|Iron Moth|100\/100\n|-enditem|p1a: Iron Moth|Booster Energy\n|-activate|p1a: Iron Moth|ability: Quark Drive|[fromitem]\n|-start|p1a: Iron Moth|quarkdrivespe\n|move|p2a: Zamazenta|Play Rough|p1a: Iron Moth|[miss]\n|-miss|p2a: Zamazenta|p1a: Iron Moth\n|\n|upkeep\n|turn|8\n|l|\u2606Duckwora\n|inactive|Duckwora disconnected and has a minute to reconnect!\n|player|p1|\n|j|\u2606Duckwora\n|inactive|Duckwora reconnected and has 120 seconds left.\n|player|p1|Duckwora|101\n|\n|t:|1700109424\n|move|p1a: Iron Moth|Dazzling Gleam|p2a: Zamazenta\n|-supereffective|p2a: Zamazenta\n|-damage|p2a: Zamazenta|51\/100\n|move|p2a: Zamazenta|Brick Break|p1a: Iron Moth\n|-resisted|p1a: Iron Moth\n|-damage|p1a: Iron Moth|72\/100\n|\n|upkeep\n|turn|9\n|inactive|Duckwora has 120 seconds left.\n|\n|t:|1700109435\n|move|p1a: Iron Moth|Dazzling Gleam|p2a: Zamazenta\n|-supereffective|p2a: Zamazenta\n|-damage|p2a: Zamazenta|3\/100\n|move|p2a: Zamazenta|Psychic Fangs|p1a: Iron Moth\n|-supereffective|p1a: Iron Moth\n|-damage|p1a: Iron Moth|0 fnt\n|faint|p1a: Iron Moth\n|-end|p1a: Iron Moth|Quark Drive|[silent]\n|\n|upkeep\n|inactive|Duckwora has 120 seconds left.\n|\n|t:|1700109445\n|switch|p1a: Greninja|Greninja, M|71\/100\n|turn|10\n|\n|t:|1700109449\n|move|p1a: Greninja|Water Shuriken|p2a: Zamazenta\n|-damage|p2a: Zamazenta|0 fnt\n|faint|p2a: Zamazenta\n|-hitcount|p2: Zamazenta|1\n|-damage|p1a: Greninja|61\/100|[from] item: Life Orb\n|\n|upkeep\n|\n|t:|1700109457\n|switch|p2a: Gengar|Gengar, M, shiny|100\/100\n|-item|p2a: Gengar|Air Balloon\n|turn|11\n|\n|t:|1700109464\n|move|p1a: Greninja|Water Shuriken|p2a: Gengar\n|-crit|p2a: Gengar\n|-damage|p2a: Gengar|79\/100\n|-enditem|p2a: Gengar|Air Balloon\n|-damage|p2a: Gengar|64\/100\n|-crit|p2a: Gengar\n|-damage|p2a: Gengar|43\/100\n|-hitcount|p2a: Gengar|3\n|-damage|p1a: Greninja|51\/100|[from] item: Life Orb\n|move|p2a: Gengar|Dazzling Gleam|p1a: Greninja\n|-supereffective|p1a: Greninja\n|-damage|p1a: Greninja|0 fnt\n|faint|p1a: Greninja\n|\n|upkeep\n|\n|t:|1700109477\n|switch|p1a: Dragapult|Dragapult, M|100\/100\n|turn|12\n|\n|t:|1700109482\n|move|p2a: Gengar|Sucker Punch|p1a: Dragapult\n|-supereffective|p1a: Dragapult\n|-damage|p1a: Dragapult|77\/100\n|move|p1a: Dragapult|Dragon Darts|p2a: Gengar\n|-damage|p2a: Gengar|2\/100\n|-anim|p1a: Dragapult|Dragon Darts|p2a: Gengar\n|-damage|p2a: Gengar|0 fnt\n|faint|p2a: Gengar\n|\n|upkeep\n|\n|t:|1700109490\n|switch|p2a: Azumarill|Azumarill, M|100\/100\n|turn|13\n|\n|t:|1700109494\n|move|p1a: Dragapult|Dragon Darts|p2a: Azumarill\n|-immune|p2a: Azumarill\n|move|p2a: Azumarill|Belly Drum|p2a: Azumarill\n|-damage|p2a: Azumarill|51\/100\n|-setboost|p2a: Azumarill|atk|6|[from] move: Belly Drum\n|\n|-heal|p2a: Azumarill|57\/100|[from] item: Leftovers\n|upkeep\n|turn|14\n|\n|t:|1700109504\n|move|p2a: Azumarill|Aqua Jet|p1a: Dragapult\n|-resisted|p1a: Dragapult\n|-damage|p1a: Dragapult|25\/100\n|move|p1a: Dragapult|Curse|p2a: Azumarill\n|-start|p2a: Azumarill|Curse|[of] p1a: Dragapult\n|-damage|p1a: Dragapult|0 fnt\n|faint|p1a: Dragapult\n|\n|-heal|p2a: Azumarill|63\/100|[from] item: Leftovers\n|-damage|p2a: Azumarill|38\/100|[from] Curse\n|upkeep\n|\n|t:|1700109516\n|switch|p1a: Iron Hands|Iron Hands|100\/100\n|turn|15\n|\n|t:|1700109521\n|move|p2a: Azumarill|Aqua Jet|p1a: Iron Hands\n|-damage|p1a: Iron Hands|40\/100\n|move|p1a: Iron Hands|Drain Punch|p2a: Azumarill\n|-resisted|p2a: Azumarill\n|-damage|p2a: Azumarill|16\/100\n|-heal|p1a: Iron Hands|49\/100|[from] drain|[of] p2a: Azumarill\n|\n|-heal|p1a: Iron Hands|55\/100|[from] item: Leftovers\n|-heal|p2a: Azumarill|22\/100|[from] item: Leftovers\n|-damage|p2a: Azumarill|0 fnt|[from] Curse\n|faint|p2a: Azumarill\n|upkeep\n|\n|t:|1700109525\n|switch|p2a: Corviknight|Corviknight, M|100\/100\n|turn|16\n|\n|t:|1700109540\n|move|p1a: Iron Hands|Drain Punch|p2a: Corviknight\n|-damage|p2a: Corviknight|65\/100\n|-heal|p1a: Iron Hands|68\/100|[from] drain|[of] p2a: Corviknight\n|move|p2a: Corviknight|Brave Bird|p1a: Iron Hands\n|-damage|p1a: Iron Hands|40\/100\n|-damage|p2a: Corviknight|52\/100|[from] Recoil\n|\n|-heal|p1a: Iron Hands|46\/100|[from] item: Leftovers\n|upkeep\n|turn|17\n|\n|t:|1700109551\n|move|p1a: Iron Hands|Drain Punch|p2a: Corviknight\n|-damage|p2a: Corviknight|16\/100\n|-heal|p1a: Iron Hands|60\/100|[from] drain|[of] p2a: Corviknight\n|move|p2a: Corviknight|Brave Bird|p1a: Iron Hands\n|-damage|p1a: Iron Hands|29\/100\n|-damage|p2a: Corviknight|2\/100|[from] Recoil\n|\n|-heal|p1a: Iron Hands|35\/100|[from] item: Leftovers\n|upkeep\n|turn|18\n|-message|maddensessa forfeited.\n|\n|win|Duckwora\n|raw|Duckwora's rating: 1123 &rarr; <strong>1144<\/strong><br \/>(+21 for winning)\n|raw|maddensessa's rating: 1065 &rarr; <strong>1049<\/strong><br \/>(-16 for losing)\n|l|\u2606maddensessa\n","uploadtime":1700109568,"views":16,"p1id":"duckwora","p2id":"maddensessa","formatid":"gen9ou","rating":1049,"private":0,"password":""}