{"id":"gen9ou-1991677692","p1":"Joinrique","p2":"Remixered","format":"[Gen 9] OU","log":"|j|\u2606Joinrique\n|j|\u2606Remixered\n|t:|1700101589\n|gametype|singles\n|player|p1|Joinrique|scientist-gen4dp|1015\n|player|p2|Remixered|ltsurge|1000\n|teamsize|p1|6\n|teamsize|p2|6\n|gen|9\n|tier|[Gen 9] OU\n|rated|\n|rule|Sleep Clause Mod: Limit one foe put to sleep\n|rule|Species Clause: Limit one of each Pok\u00e9mon\n|rule|OHKO Clause: OHKO moves are banned\n|rule|Evasion Items Clause: Evasion items are banned\n|rule|Evasion Moves Clause: Evasion moves are banned\n|rule|Endless Battle Clause: Forcing endless battles is banned\n|rule|HP Percentage Mod: HP is shown in percentages\n|clearpoke\n|poke|p1|Altaria, M|\n|poke|p1|Chansey, F|\n|poke|p1|Froslass, F|\n|poke|p1|Scizor, M|\n|poke|p1|Mienshao, M|\n|poke|p1|Chandelure, F|\n|poke|p2|Eelektross, F|\n|poke|p2|Slaking, M|\n|poke|p2|Heatran, M|\n|poke|p2|Volcanion|\n|poke|p2|Gyarados, M|\n|poke|p2|Scizor, F|\n|teampreview\n|\n|t:|1700101614\n|start\n|switch|p1a: Chansey|Chansey, F|100\/100\n|switch|p2a: Heatran|Heatran, M|100\/100\n|turn|1\n|\n|t:|1700101624\n|move|p2a: Heatran|Heat Wave|p1a: Chansey\n|-damage|p1a: Chansey|90\/100\n|move|p1a: Chansey|Grass Knot|p2a: Heatran\n|-resisted|p2a: Heatran\n|-damage|p2a: Heatran|98\/100\n|\n|upkeep\n|turn|2\n|\n|t:|1700101641\n|switch|p1a: Mienshao|Mienshao, M|100\/100\n|move|p2a: Heatran|Rock Tomb|p1a: Mienshao\n|-resisted|p1a: Mienshao\n|-damage|p1a: Mienshao|89\/100\n|-unboost|p1a: Mienshao|spe|1\n|\n|upkeep\n|turn|3\n|\n|t:|1700101659\n|switch|p2a: Gyarados|Gyarados, M|100\/100\n|-ability|p2a: Gyarados|Intimidate|boost\n|-unboost|p1a: Mienshao|atk|1\n|move|p1a: Mienshao|Taunt|p2a: Gyarados\n|-start|p2a: Gyarados|move: Taunt\n|\n|upkeep\n|turn|4\n|\n|t:|1700101679\n|switch|p1a: Altaria|Altaria, M|100\/100\n|move|p2a: Gyarados|Ice Fang|p1a: Altaria\n|-supereffective|p1a: Altaria\n|-damage|p1a: Altaria|29\/100\n|\n|-heal|p1a: Altaria|36\/100|[from] item: Leftovers\n|upkeep\n|turn|5\n|\n|t:|1700101689\n|move|p2a: Gyarados|Ice Fang|p1a: Altaria\n|-supereffective|p1a: Altaria\n|-damage|p1a: Altaria|0 fnt\n|faint|p1a: Altaria\n|\n|-end|p2a: Gyarados|move: Taunt\n|upkeep\n|\n|t:|1700101696\n|switch|p1a: Froslass|Froslass, F|100\/100\n|turn|6\n|\n|t:|1700101702\n|move|p1a: Froslass|Ice Beam|p2a: Gyarados\n|-damage|p2a: Gyarados|43\/100\n|move|p2a: Gyarados|Bulldoze|p1a: Froslass\n|-damage|p1a: Froslass|65\/100\n|-unboost|p1a: Froslass|spe|1\n|\n|upkeep\n|turn|7\n|\n|t:|1700101713\n|switch|p2a: Volcanion|Volcanion|100\/100\n|move|p1a: Froslass|Ice Beam|p2a: Volcanion\n|-resisted|p2a: Volcanion\n|-crit|p2a: Volcanion\n|-damage|p2a: Volcanion|83\/100\n|\n|upkeep\n|turn|8\n|\n|t:|1700101743\n|switch|p1a: Chansey|Chansey, F|90\/100\n|move|p2a: Volcanion|Heat Crash|p1a: Chansey\n|-damage|p1a: Chansey|0 fnt\n|faint|p1a: Chansey\n|\n|upkeep\n|\n|t:|1700101754\n|switch|p1a: Mienshao|Mienshao, M|100\/100\n|turn|9\n|\n|t:|1700101765\n|move|p1a: Mienshao|Knock Off|p2a: Volcanion\n|-damage|p2a: Volcanion|54\/100\n|-enditem|p2a: Volcanion|Iapapa Berry|[from] move: Knock Off|[of] p1a: Mienshao\n|move|p2a: Volcanion|Steam Eruption|p1a: Mienshao\n|-damage|p1a: Mienshao|16\/100\n|\n|upkeep\n|turn|10\n|\n|t:|1700101775\n|move|p1a: Mienshao|U-turn|p2a: Volcanion\n|-resisted|p2a: Volcanion\n|-damage|p2a: Volcanion|42\/100\n|\n|t:|1700101780\n|switch|p1a: Scizor|Scizor, M|100\/100|[from] U-turn\n|move|p2a: Volcanion|Heat Crash|p1a: Scizor\n|-supereffective|p1a: Scizor\n|-damage|p1a: Scizor|41\/100\n|\n|upkeep\n|turn|11\n|\n|t:|1700101790\n|move|p1a: Scizor|Bullet Punch|p2a: Volcanion\n|-resisted|p2a: Volcanion\n|-damage|p2a: Volcanion|34\/100\n|move|p2a: Volcanion|Heat Crash|p1a: Scizor\n|-supereffective|p1a: Scizor\n|-damage|p1a: Scizor|0 fnt\n|faint|p1a: Scizor\n|\n|upkeep\n|\n|t:|1700101801\n|switch|p1a: Mienshao|Mienshao, M|50\/100\n|turn|12\n|\n|t:|1700101807\n|move|p1a: Mienshao|Acrobatics|p2a: Volcanion\n|-damage|p2a: Volcanion|0 fnt\n|faint|p2a: Volcanion\n|\n|upkeep\n|\n|t:|1700101818\n|switch|p2a: Slaking|Slaking, M|100\/100\n|turn|13\n|\n|t:|1700101830\n|move|p1a: Mienshao|Acrobatics|p2a: Slaking\n|-damage|p2a: Slaking|73\/100\n|move|p2a: Slaking|Play Rough|p1a: Mienshao\n|-supereffective|p1a: Mienshao\n|-damage|p1a: Mienshao|0 fnt\n|faint|p1a: Mienshao\n|\n|upkeep\n|\n|t:|1700101838\n|switch|p1a: Froslass|Froslass, F|65\/100\n|turn|14\n|\n|t:|1700101843\n|move|p1a: Froslass|Destiny Bond|p1a: Froslass\n|-singlemove|p1a: Froslass|Destiny Bond\n|cant|p2a: Slaking|ability: Truant\n|\n|upkeep\n|turn|15\n|\n|t:|1700101875\n|switch|p1a: Chandelure|Chandelure, F|100\/100\n|switch|p2a: Heatran|Heatran, M|98\/100\n|\n|upkeep\n|turn|16\n|\n|t:|1700101886\n|move|p2a: Heatran|Rock Tomb|p1a: Chandelure\n|-supereffective|p1a: Chandelure\n|-damage|p1a: Chandelure|70\/100\n|-unboost|p1a: Chandelure|spe|1\n|move|p1a: Chandelure|Energy Ball|p2a: Heatran\n|-resisted|p2a: Heatran\n|-damage|p2a: Heatran|88\/100\n|\n|upkeep\n|turn|17\n|\n|t:|1700101897\n|move|p2a: Heatran|Rock Tomb|p1a: Chandelure\n|-supereffective|p1a: Chandelure\n|-damage|p1a: Chandelure|39\/100\n|-unboost|p1a: Chandelure|spe|1\n|move|p1a: Chandelure|Energy Ball|p2a: Heatran\n|-resisted|p2a: Heatran\n|-damage|p2a: Heatran|78\/100\n|\n|upkeep\n|turn|18\n|\n|t:|1700101908\n|move|p2a: Heatran|Rock Tomb|p1a: Chandelure\n|-supereffective|p1a: Chandelure\n|-damage|p1a: Chandelure|11\/100\n|-unboost|p1a: Chandelure|spe|1\n|move|p1a: Chandelure|Energy Ball|p2a: Heatran\n|-resisted|p2a: Heatran\n|-damage|p2a: Heatran|67\/100\n|\n|upkeep\n|turn|19\n|\n|t:|1700101926\n|move|p2a: Heatran|Rock Tomb|p1a: Chandelure\n|-supereffective|p1a: Chandelure\n|-damage|p1a: Chandelure|0 fnt\n|faint|p1a: Chandelure\n|\n|upkeep\n|\n|t:|1700101936\n|switch|p1a: Froslass|Froslass, F|65\/100\n|turn|20\n|\n|t:|1700101949\n|move|p1a: Froslass|Destiny Bond|p1a: Froslass\n|-singlemove|p1a: Froslass|Destiny Bond\n|move|p2a: Heatran|Heat Wave|p1a: Froslass\n|-supereffective|p1a: Froslass\n|-damage|p1a: Froslass|0 fnt\n|faint|p1a: Froslass\n|-activate|p1a: Froslass|move: Destiny Bond\n|faint|p2a: Heatran\n|\n|win|Remixered\n|raw|Joinrique's rating: 1015 &rarr; <strong>1002<\/strong><br \/>(-13 for losing)\n|raw|Remixered's rating: 1000 &rarr; <strong>1042<\/strong><br \/>(+42 for winning)\n|l|\u2606Joinrique\n","uploadtime":1700101997,"views":7,"p1id":"joinrique","p2id":"remixered","formatid":"gen9ou","rating":1002,"private":0,"password":""}