{"id":"gen9ou-1989562901","p1":"Neutralist","p2":"pokeag","format":"[Gen 9] OU","log":"|j|\u2606Neutralist\n|j|\u2606pokeag\n|t:|1699871789\n|gametype|singles\n|player|p1|Neutralist|101|1636\n|player|p2|pokeag|102|1680\n|teamsize|p1|6\n|teamsize|p2|6\n|gen|9\n|tier|[Gen 9] OU\n|rated|\n|rule|Sleep Clause Mod: Limit one foe put to sleep\n|rule|Species Clause: Limit one of each Pok\u00e9mon\n|rule|OHKO Clause: OHKO moves are banned\n|rule|Evasion Items Clause: Evasion items are banned\n|rule|Evasion Moves Clause: Evasion moves are banned\n|rule|Endless Battle Clause: Forcing endless battles is banned\n|rule|HP Percentage Mod: HP is shown in percentages\n|clearpoke\n|poke|p1|Crawdaunt, M|\n|poke|p1|Great Tusk|\n|poke|p1|Amoonguss, F|\n|poke|p1|Heatran, F|\n|poke|p1|Hatterene, F|\n|poke|p1|Ninetales-Alola, F|\n|poke|p2|Kingambit, F|\n|poke|p2|Rillaboom, F|\n|poke|p2|Sneasler, F|\n|poke|p2|Ceruledge, F|\n|poke|p2|Glimmora, F|\n|poke|p2|Iron Valiant|\n|teampreview\n|\n|t:|1699871801\n|start\n|switch|p1a: Belgazas|Great Tusk|100\/100\n|switch|p2a: Glimmora|Glimmora, F|100\/100\n|-enditem|p1a: Belgazas|Booster Energy\n|-activate|p1a: Belgazas|ability: Protosynthesis|[fromitem]\n|-start|p1a: Belgazas|protosynthesisspe\n|turn|1\n|\n|t:|1699871809\n|switch|p2a: Rillaboom|Rillaboom, F|100\/100\n|-fieldstart|move: Grassy Terrain|[from] ability: Grassy Surge|[of] p2a: Rillaboom\n|move|p1a: Belgazas|Ice Spinner|p2a: Rillaboom\n|-supereffective|p2a: Rillaboom\n|-damage|p2a: Rillaboom|54\/100\n|-fieldend|move: Grassy Terrain\n|\n|upkeep\n|turn|2\n|\n|t:|1699871815\n|move|p1a: Belgazas|Bulk Up|p1a: Belgazas\n|-boost|p1a: Belgazas|atk|1\n|-boost|p1a: Belgazas|def|1\n|move|p2a: Rillaboom|Wood Hammer|p1a: Belgazas\n|-supereffective|p1a: Belgazas\n|-damage|p1a: Belgazas|17\/100\n|-damage|p2a: Rillaboom|22\/100|[from] Recoil\n|\n|upkeep\n|turn|3\n|\n|t:|1699871827\n|switch|p2a: Ceruledge|Ceruledge, F|100\/100\n|move|p1a: Belgazas|Ice Spinner|p2a: Ceruledge\n|-resisted|p2a: Ceruledge\n|-crit|p2a: Ceruledge\n|-damage|p2a: Ceruledge|65\/100\n|-ability|p2a: Ceruledge|Weak Armor|boost\n|-unboost|p2a: Ceruledge|def|1\n|-boost|p2a: Ceruledge|spe|2\n|\n|upkeep\n|turn|4\n|inactive|Battle timer is ON: inactive players will automatically lose when time's up. (requested by Neutralist)\n|\n|t:|1699871876\n|-end|p1a: Belgazas|Protosynthesis|[silent]\n|switch|p1a: Firelight|Heatran, F|100\/100\n|move|p2a: Ceruledge|Bitter Blade|p1a: Firelight\n|-start|p1a: Firelight|ability: Flash Fire\n|\n|upkeep\n|turn|5\n|\n|t:|1699871886\n|move|p2a: Ceruledge|Poltergeist|p1a: Firelight|[miss]\n|-miss|p2a: Ceruledge|p1a: Firelight\n|move|p1a: Firelight|Magma Storm|p2a: Ceruledge\n|-resisted|p2a: Ceruledge\n|-damage|p2a: Ceruledge|15\/100\n|-activate|p2a: Ceruledge|move: Magma Storm|[of] p1a: Firelight\n|\n|-damage|p2a: Ceruledge|3\/100|[from] move: Magma Storm|[partiallytrapped]\n|upkeep\n|turn|6\n|\n|t:|1699871892\n|move|p2a: Ceruledge|Bitter Blade|p1a: Firelight\n|-immune|p1a: Firelight|[from] ability: Flash Fire\n|move|p1a: Firelight|Stealth Rock|p2a: Ceruledge\n|-sidestart|p2: pokeag|move: Stealth Rock\n|\n|-damage|p2a: Ceruledge|0 fnt|[from] move: Magma Storm|[partiallytrapped]\n|faint|p2a: Ceruledge\n|upkeep\n|\n|t:|1699871899\n|switch|p2a: Sneasler|Sneasler, F|100\/100\n|-damage|p2a: Sneasler|95\/100|[from] Stealth Rock\n|turn|7\n|\n|t:|1699871904\n|-end|p1a: Firelight|ability: Flash Fire|[silent]\n|switch|p1a: Belgazas|Great Tusk|17\/100\n|move|p2a: Sneasler|Close Combat|p1a: Belgazas\n|-damage|p1a: Belgazas|0 fnt\n|-unboost|p2a: Sneasler|def|1\n|-unboost|p2a: Sneasler|spd|1\n|faint|p1a: Belgazas\n|-end|p1a: Belgazas|Protosynthesis|[silent]\n|\n|upkeep\n|\n|t:|1699871909\n|switch|p1a: \uff22\uff4f\uff42|Amoonguss, F|100\/100\n|turn|8\n|\n|t:|1699871914\n|switch|p2a: Glimmora|Glimmora, F|100\/100\n|-damage|p2a: Glimmora|88\/100|[from] Stealth Rock\n|move|p1a: \uff22\uff4f\uff42|Clear Smog|p2a: Glimmora\n|-resisted|p2a: Glimmora\n|-damage|p2a: Glimmora|83\/100\n|-clearboost|p2a: Glimmora\n|\n|upkeep\n|turn|9\n|\n|t:|1699871923\n|move|p2a: Glimmora|Stealth Rock|p1a: \uff22\uff4f\uff42\n|-sidestart|p1: Neutralist|move: Stealth Rock\n|move|p1a: \uff22\uff4f\uff42|Spore|p2a: Glimmora\n|-status|p2a: Glimmora|slp|[from] move: Spore\n|\n|upkeep\n|turn|10\n|\n|t:|1699871933\n|switch|p2a: Kingambit|Kingambit, F|100\/100\n|-damage|p2a: Kingambit|94\/100|[from] Stealth Rock\n|-activate|p2a: Kingambit|ability: Supreme Overlord\n|-start|p2a: Kingambit|fallen1|[silent]\n|switch|p1a: Matthew|Crawdaunt, M|100\/100\n|-damage|p1a: Matthew|88\/100|[from] Stealth Rock\n|\n|-heal|p2a: Kingambit|100\/100|[from] item: Leftovers\n|upkeep\n|turn|11\n|inactive|Neutralist has 120 seconds left.\n|\n|t:|1699871972\n|-end|p2a: Kingambit|fallen1|[silent]\n|switch|p2a: Glimmora|Glimmora, F|83\/100 slp\n|-damage|p2a: Glimmora|71\/100 slp|[from] Stealth Rock\n|-terastallize|p1a: Matthew|Water\n|move|p1a: Matthew|Crabhammer|p2a: Glimmora\n|-supereffective|p2a: Glimmora\n|-damage|p2a: Glimmora|0 fnt\n|-activate|p2a: Glimmora|ability: Toxic Debris\n|-sidestart|p1: Neutralist|move: Toxic Spikes\n|faint|p2a: Glimmora\n|-damage|p1a: Matthew|78\/100|[from] item: Life Orb\n|\n|upkeep\n|\n|t:|1699871985\n|switch|p2a: Rillaboom|Rillaboom, F|22\/100\n|-damage|p2a: Rillaboom|10\/100|[from] Stealth Rock\n|-fieldstart|move: Grassy Terrain|[from] ability: Grassy Surge|[of] p2a: Rillaboom\n|turn|12\n|\n|t:|1699871998\n|switch|p1a: \uff22\uff4f\uff42|Amoonguss, F|100\/100\n|-damage|p1a: \uff22\uff4f\uff42|88\/100|[from] Stealth Rock\n|-sideend|p1: Neutralist|move: Toxic Spikes|[of] p1a: \uff22\uff4f\uff42\n|move|p2a: Rillaboom|Knock Off|p1a: \uff22\uff4f\uff42\n|-damage|p1a: \uff22\uff4f\uff42|48\/100\n|-enditem|p1a: \uff22\uff4f\uff42|Covert Cloak|[from] move: Knock Off|[of] p2a: Rillaboom\n|\n|-heal|p2a: Rillaboom|16\/100|[from] Grassy Terrain\n|-heal|p1a: \uff22\uff4f\uff42|54\/100|[from] Grassy Terrain\n|upkeep\n|turn|13\n|\n|t:|1699872007\n|switch|p2a: Kingambit|Kingambit, F|100\/100\n|-damage|p2a: Kingambit|94\/100|[from] Stealth Rock\n|-activate|p2a: Kingambit|ability: Supreme Overlord\n|-start|p2a: Kingambit|fallen2|[silent]\n|move|p1a: \uff22\uff4f\uff42|Synthesis|p1a: \uff22\uff4f\uff42\n|-heal|p1a: \uff22\uff4f\uff42|100\/100\n|\n|-heal|p2a: Kingambit|100\/100|[from] Grassy Terrain\n|upkeep\n|turn|14\n|\n|t:|1699872036\n|-end|p2a: Kingambit|fallen2|[silent]\n|switch|p2a: Rillaboom|Rillaboom, F|16\/100\n|-damage|p2a: Rillaboom|3\/100|[from] Stealth Rock\n|switch|p1a: Firelight|Heatran, F|100\/100\n|-damage|p1a: Firelight|88\/100|[from] Stealth Rock\n|\n|-heal|p2a: Rillaboom|10\/100|[from] Grassy Terrain\n|-heal|p1a: Firelight|94\/100|[from] Grassy Terrain\n|-heal|p1a: Firelight|100\/100|[from] item: Leftovers\n|upkeep\n|turn|15\n|\n|t:|1699872042\n|move|p1a: Firelight|Protect|p1a: Firelight\n|-singleturn|p1a: Firelight|Protect\n|move|p2a: Rillaboom|Knock Off|p1a: Firelight\n|-activate|p1a: Firelight|move: Protect\n|\n|-heal|p2a: Rillaboom|16\/100|[from] Grassy Terrain\n|upkeep\n|turn|16\n|\n|t:|1699872049\n|switch|p1a: \uff22\uff4f\uff42|Amoonguss, F|100\/100\n|-damage|p1a: \uff22\uff4f\uff42|88\/100|[from] Stealth Rock\n|move|p2a: Rillaboom|Knock Off|p1a: \uff22\uff4f\uff42\n|-damage|p1a: \uff22\uff4f\uff42|63\/100\n|\n|-heal|p2a: Rillaboom|22\/100|[from] Grassy Terrain\n|-heal|p1a: \uff22\uff4f\uff42|69\/100|[from] Grassy Terrain\n|-fieldend|move: Grassy Terrain\n|upkeep\n|turn|17\n|\n|t:|1699872058\n|switch|p2a: Kingambit|Kingambit, F|100\/100\n|-damage|p2a: Kingambit|94\/100|[from] Stealth Rock\n|-activate|p2a: Kingambit|ability: Supreme Overlord\n|-start|p2a: Kingambit|fallen2|[silent]\n|move|p1a: \uff22\uff4f\uff42|Spore|p2a: Kingambit\n|-status|p2a: Kingambit|slp|[from] move: Spore\n|\n|-heal|p2a: Kingambit|100\/100 slp|[from] item: Leftovers\n|upkeep\n|turn|18\n|\n|t:|1699872070\n|cant|p2a: Kingambit|slp\n|move|p1a: \uff22\uff4f\uff42|Clear Smog|p2a: Kingambit\n|-immune|p2a: Kingambit\n|\n|upkeep\n|turn|19\n|\n|t:|1699872076\n|switch|p1a: Firelight|Heatran, F|100\/100\n|-damage|p1a: Firelight|88\/100|[from] Stealth Rock\n|cant|p2a: Kingambit|slp\n|\n|-heal|p1a: Firelight|94\/100|[from] item: Leftovers\n|upkeep\n|turn|20\n|\n|t:|1699872092\n|-end|p2a: Kingambit|fallen2|[silent]\n|switch|p2a: Rillaboom|Rillaboom, F|22\/100\n|-damage|p2a: Rillaboom|10\/100|[from] Stealth Rock\n|-fieldstart|move: Grassy Terrain|[from] ability: Grassy Surge|[of] p2a: Rillaboom\n|move|p1a: Firelight|Earth Power|p2a: Rillaboom\n|-resisted|p2a: Rillaboom\n|-damage|p2a: Rillaboom|0 fnt\n|faint|p2a: Rillaboom\n|\n|-heal|p1a: Firelight|100\/100|[from] Grassy Terrain\n|upkeep\n|\n|t:|1699872098\n|switch|p2a: Sneasler|Sneasler, F|95\/100\n|-damage|p2a: Sneasler|89\/100|[from] Stealth Rock\n|-enditem|p2a: Sneasler|Grassy Seed\n|-boost|p2a: Sneasler|def|1|[from] item: Grassy Seed\n|turn|21\n|\n|t:|1699872101\n|move|p2a: Sneasler|Swords Dance|p2a: Sneasler\n|-boost|p2a: Sneasler|atk|2\n|move|p1a: Firelight|Magma Storm|p2a: Sneasler\n|-damage|p2a: Sneasler|11\/100\n|-activate|p2a: Sneasler|move: Magma Storm|[of] p1a: Firelight\n|\n|-heal|p2a: Sneasler|17\/100|[from] Grassy Terrain\n|-damage|p2a: Sneasler|4\/100|[from] move: Magma Storm|[partiallytrapped]\n|upkeep\n|turn|22\n|\n|t:|1699872104\n|move|p1a: Firelight|Protect|p1a: Firelight\n|-singleturn|p1a: Firelight|Protect\n|move|p2a: Sneasler|Close Combat|p1a: Firelight\n|-activate|p1a: Firelight|move: Protect\n|\n|-heal|p2a: Sneasler|10\/100|[from] Grassy Terrain\n|-damage|p2a: Sneasler|0 fnt|[from] move: Magma Storm|[partiallytrapped]\n|faint|p2a: Sneasler\n|upkeep\n|l|\u2606pokeag\n|inactive|pokeag disconnected and has a minute to reconnect!\n|player|p2|\n|inactive|pokeag has 30 seconds to reconnect!\n|inactive|pokeag has 20 seconds to reconnect!\n|inactive|pokeag has 15 seconds to reconnect!\n|inactive|pokeag has 10 seconds to reconnect!\n|inactive|pokeag has 5 seconds to reconnect!\n|-message|pokeag lost due to inactivity.\n|\n|win|Neutralist\n|raw|Neutralist's rating: 1636 &rarr; <strong>1659<\/strong><br \/>(+23 for winning)\n|raw|pokeag's rating: 1680 &rarr; <strong>1657<\/strong><br \/>(-23 for losing)\n","uploadtime":1699872250,"views":8,"p1id":"neutralist","p2id":"pokeag","formatid":"gen9ou","rating":1657,"private":0,"password":""}