{"id":"gen9ou-1999874820","p1":"ZaMango","p2":"Poddim","format":"[Gen 9] OU","log":"|j|\u2606ZaMango\n|j|\u2606Poddim\n|t:|1701125169\n|gametype|singles\n|player|p1|ZaMango|1|1028\n|player|p2|Poddim|red|1000\n|teamsize|p1|2\n|teamsize|p2|6\n|gen|9\n|tier|[Gen 9] OU\n|rated|\n|rule|Sleep Clause Mod: Limit one foe put to sleep\n|rule|Species Clause: Limit one of each Pok\u00e9mon\n|rule|OHKO Clause: OHKO moves are banned\n|rule|Evasion Items Clause: Evasion items are banned\n|rule|Evasion Moves Clause: Evasion moves are banned\n|rule|Endless Battle Clause: Forcing endless battles is banned\n|rule|HP Percentage Mod: HP is shown in percentages\n|clearpoke\n|poke|p1|Salamence, M|\n|poke|p1|Dugtrio, F|\n|poke|p2|Bellibolt, M|\n|poke|p2|Tinkaton, F|\n|poke|p2|Cinderace, F|\n|poke|p2|Dragapult, M|\n|poke|p2|Breloom, M|\n|poke|p2|Greninja-*, M|\n|teampreview\n|inactive|Battle timer is ON: inactive players will automatically lose when time's up. (requested by ZaMango)\n|\n|t:|1701125173\n|start\n|switch|p1a: Dugtrio|Dugtrio, F|100\/100\n|switch|p2a: Greninja|Greninja, M|100\/100\n|turn|1\n|\n|t:|1701125175\n|move|p1a: Dugtrio|Memento|p2a: Greninja\n|-unboost|p2a: Greninja|atk|2\n|-unboost|p2a: Greninja|spa|2\n|faint|p1a: Dugtrio\n|move|p2a: Greninja|Toxic Spikes|p1: Dugtrio\n|-sidestart|p1: ZaMango|move: Toxic Spikes\n|\n|upkeep\n|\n|t:|1701125177\n|switch|p1a: Salamence|Salamence, M|100\/100\n|turn|2\n|\n|t:|1701125182\n|move|p2a: Greninja|Ice Beam|p1a: Salamence\n|-supereffective|p1a: Salamence\n|-damage|p1a: Salamence|22\/100\n|move|p1a: Salamence|Dragon Dance|p1a: Salamence\n|-boost|p1a: Salamence|atk|1\n|-boost|p1a: Salamence|spe|1\n|\n|-heal|p1a: Salamence|28\/100|[from] item: Leftovers\n|upkeep\n|turn|3\n|\n|t:|1701125188\n|move|p1a: Salamence|Dual Wingbeat|p2a: Greninja\n|-damage|p2a: Greninja|39\/100\n|-damage|p2a: Greninja|0 fnt\n|faint|p2a: Greninja\n|-ability|p1a: Salamence|Moxie|boost\n|-boost|p1a: Salamence|atk|1\n|-hitcount|p2: Greninja|2\n|\n|-heal|p1a: Salamence|34\/100|[from] item: Leftovers\n|upkeep\n|\n|t:|1701125192\n|switch|p2a: Tinkaton|Tinkaton, F|100\/100\n|-ability|p2a: Tinkaton|Mold Breaker\n|turn|4\n|\n|t:|1701125195\n|move|p1a: Salamence|Earthquake|p2a: Tinkaton\n|-supereffective|p2a: Tinkaton\n|-damage|p2a: Tinkaton|0 fnt\n|faint|p2a: Tinkaton\n|-ability|p1a: Salamence|Moxie|boost\n|-boost|p1a: Salamence|atk|1\n|\n|-heal|p1a: Salamence|40\/100|[from] item: Leftovers\n|upkeep\n|\n|t:|1701125199\n|switch|p2a: Cinderace|Cinderace, F|100\/100\n|turn|5\n|\n|t:|1701125204\n|move|p2a: Cinderace|Sucker Punch|p1a: Salamence\n|-damage|p1a: Salamence|4\/100\n|move|p1a: Salamence|Earthquake|p2a: Cinderace\n|-supereffective|p2a: Cinderace\n|-damage|p2a: Cinderace|0 fnt\n|faint|p2a: Cinderace\n|-ability|p1a: Salamence|Moxie|boost\n|-boost|p1a: Salamence|atk|1\n|\n|-heal|p1a: Salamence|10\/100|[from] item: Leftovers\n|upkeep\n|\n|t:|1701125206\n|switch|p2a: Breloom|Breloom, M|100\/100\n|turn|6\n|\n|t:|1701125211\n|move|p1a: Salamence|Dual Wingbeat|p2a: Breloom\n|-supereffective|p2a: Breloom\n|-damage|p2a: Breloom|0 fnt\n|faint|p2a: Breloom\n|-ability|p1a: Salamence|Moxie|boost\n|-boost|p1a: Salamence|atk|1\n|-hitcount|p2: Breloom|1\n|\n|-heal|p1a: Salamence|16\/100|[from] item: Leftovers\n|upkeep\n|\n|t:|1701125220\n|switch|p2a: Dragapult|Dragapult, M|100\/100\n|turn|7\n|\n|t:|1701125222\n|move|p1a: Salamence|Dual Wingbeat|p2a: Dragapult\n|-enditem|p2a: Dragapult|Focus Sash\n|-damage|p2a: Dragapult|1\/100\n|-damage|p2a: Dragapult|0 fnt\n|faint|p2a: Dragapult\n|-ability|p1a: Salamence|Moxie|boost\n|-boost|p1a: Salamence|atk|1\n|-hitcount|p2: Dragapult|2\n|\n|-heal|p1a: Salamence|22\/100|[from] item: Leftovers\n|upkeep\n|\n|t:|1701125224\n|switch|p2a: Bellibolt|Bellibolt, M|100\/100\n|turn|8\n|\n|t:|1701125227\n|move|p1a: Salamence|Earthquake|p2a: Bellibolt\n|-supereffective|p2a: Bellibolt\n|-damage|p2a: Bellibolt|0 fnt\n|faint|p2a: Bellibolt\n|\n|win|ZaMango\n|raw|ZaMango's rating: 1028 &rarr; <strong>1061<\/strong><br \/>(+33 for winning)\n|raw|Poddim's rating: 1000 &rarr; <strong>1000<\/strong><br \/>(+0 for losing)\n|l|\u2606Poddim\n","uploadtime":1701125233,"views":10,"p1id":"zamango","p2id":"poddim","formatid":"gen9ou","rating":1000,"private":0,"password":""}