{"id":"gen9ou-1997445879","p1":"Something Badass","p2":"Fumimico","format":"[Gen 9] OU","log":"|j|\u2606Something Badass\n|j|\u2606Fumimico\n|t:|1700806558\n|gametype|singles\n|player|p1|Something Badass|brycen|1538\n|player|p2|Fumimico|backersf|1432\n|teamsize|p1|6\n|teamsize|p2|6\n|gen|9\n|tier|[Gen 9] OU\n|rated|\n|rule|Sleep Clause Mod: Limit one foe put to sleep\n|rule|Species Clause: Limit one of each Pok\u00e9mon\n|rule|OHKO Clause: OHKO moves are banned\n|rule|Evasion Items Clause: Evasion items are banned\n|rule|Evasion Moves Clause: Evasion moves are banned\n|rule|Endless Battle Clause: Forcing endless battles is banned\n|rule|HP Percentage Mod: HP is shown in percentages\n|clearpoke\n|poke|p1|Ogerpon-Cornerstone, F|\n|poke|p1|Mandibuzz, F|\n|poke|p1|Heatran, F|\n|poke|p1|Okidogi, M|\n|poke|p1|Great Tusk|\n|poke|p1|Slowking, F|\n|poke|p2|Ninetales-Alola, M|\n|poke|p2|Ribombee, F|\n|poke|p2|Manaphy|\n|poke|p2|Meowscarada, M|\n|poke|p2|Kingambit, M|\n|poke|p2|Iron Treads|\n|teampreview\n|inactive|Battle timer is ON: inactive players will automatically lose when time's up. (requested by Fumimico)\n|\n|t:|1700806572\n|start\n|switch|p1a: Heatran|Heatran, F|100\/100\n|switch|p2a: Meowscarada|Meowscarada, M|100\/100\n|turn|1\n|\n|t:|1700806578\n|move|p2a: Meowscarada|U-turn|p1a: Heatran\n|-start|p2a: Meowscarada|typechange|Bug|[from] ability: Protean\n|-resisted|p1a: Heatran\n|-damage|p1a: Heatran|89\/100\n|\n|t:|1700806584\n|switch|p2a: Manaphy|Manaphy|100\/100|[from] U-turn\n|move|p1a: Heatran|Magma Storm|p2a: Manaphy\n|-resisted|p2a: Manaphy\n|-damage|p2a: Manaphy|81\/100\n|-activate|p2a: Manaphy|move: Magma Storm|[of] p1a: Heatran\n|\n|-heal|p2a: Manaphy|87\/100|[from] item: Leftovers\n|-heal|p1a: Heatran|96\/100|[from] item: Leftovers\n|-damage|p2a: Manaphy|75\/100|[from] move: Magma Storm|[partiallytrapped]\n|upkeep\n|turn|2\n|\n|t:|1700806588\n|move|p2a: Manaphy|Surf|p1a: Heatran\n|-supereffective|p1a: Heatran\n|-damage|p1a: Heatran|54\/100\n|move|p1a: Heatran|Earth Power|p2a: Manaphy\n|-damage|p2a: Manaphy|53\/100\n|\n|-heal|p2a: Manaphy|59\/100|[from] item: Leftovers\n|-heal|p1a: Heatran|60\/100|[from] item: Leftovers\n|-damage|p2a: Manaphy|47\/100|[from] move: Magma Storm|[partiallytrapped]\n|upkeep\n|turn|3\n|\n|t:|1700806598\n|switch|p1a: Slowking|Slowking, F|100\/100\n|move|p2a: Manaphy|Surf|p1a: Slowking\n|-resisted|p1a: Slowking\n|-damage|p1a: Slowking|92\/100\n|\n|-heal|p2a: Manaphy|53\/100|[from] item: Leftovers\n|-end|p2a: Manaphy|Magma Storm|[partiallytrapped]|[silent]\n|upkeep\n|turn|4\n|\n|t:|1700806602\n|switch|p2a: Ninetales|Ninetales-Alola, M|100\/100\n|-weather|Snow|[from] ability: Snow Warning|[of] p2a: Ninetales\n|move|p1a: Slowking|Nasty Plot|p1a: Slowking\n|-boost|p1a: Slowking|spa|2\n|\n|-weather|Snow|[upkeep]\n|upkeep\n|turn|5\n|\n|t:|1700806606\n|move|p2a: Ninetales|Encore|p1a: Slowking\n|-start|p1a: Slowking|Encore\n|move|p1a: Slowking|Nasty Plot|p1a: Slowking\n|-boost|p1a: Slowking|spa|2\n|\n|-weather|Snow|[upkeep]\n|upkeep\n|turn|6\n|\n|t:|1700806609\n|switch|p2a: Meowscarada|Meowscarada, M|100\/100\n|switch|p1a: Heatran|Heatran, F|60\/100\n|\n|-weather|Snow|[upkeep]\n|-heal|p1a: Heatran|66\/100|[from] item: Leftovers\n|upkeep\n|turn|7\n|\n|t:|1700806613\n|move|p2a: Meowscarada|U-turn|p1a: Heatran\n|-start|p2a: Meowscarada|typechange|Bug|[from] ability: Protean\n|-resisted|p1a: Heatran\n|-damage|p1a: Heatran|56\/100\n|\n|t:|1700806619\n|switch|p2a: Manaphy|Manaphy|53\/100|[from] U-turn\n|move|p1a: Heatran|Magma Storm|p2a: Manaphy\n|-resisted|p2a: Manaphy\n|-damage|p2a: Manaphy|34\/100\n|-activate|p2a: Manaphy|move: Magma Storm|[of] p1a: Heatran\n|\n|-weather|Snow|[upkeep]\n|-heal|p2a: Manaphy|40\/100|[from] item: Leftovers\n|-heal|p1a: Heatran|62\/100|[from] item: Leftovers\n|-damage|p2a: Manaphy|28\/100|[from] move: Magma Storm|[partiallytrapped]\n|upkeep\n|turn|8\n|\n|t:|1700806622\n|move|p2a: Manaphy|Surf|p1a: Heatran\n|-supereffective|p1a: Heatran\n|-damage|p1a: Heatran|22\/100\n|move|p1a: Heatran|Earth Power|p2a: Manaphy\n|-damage|p2a: Manaphy|5\/100\n|\n|-weather|none\n|-heal|p2a: Manaphy|11\/100|[from] item: Leftovers\n|-heal|p1a: Heatran|28\/100|[from] item: Leftovers\n|-damage|p2a: Manaphy|0 fnt|[from] move: Magma Storm|[partiallytrapped]\n|faint|p2a: Manaphy\n|upkeep\n|\n|t:|1700806630\n|switch|p2a: Iron Treads|Iron Treads|100\/100\n|turn|9\n|\n|t:|1700806632\n|switch|p1a: Great Tusk|Great Tusk|100\/100\n|move|p2a: Iron Treads|Stealth Rock|p1a: Great Tusk\n|-sidestart|p1: Something Badass|move: Stealth Rock\n|\n|upkeep\n|turn|10\n|\n|t:|1700806637\n|-end|p2a: Iron Treads|Quark Drive|[silent]\n|switch|p2a: Ribombee|Ribombee, F|100\/100\n|move|p1a: Great Tusk|Headlong Rush|p2a: Ribombee\n|-resisted|p2a: Ribombee\n|-damage|p2a: Ribombee|12\/100\n|-unboost|p1a: Great Tusk|def|1\n|-unboost|p1a: Great Tusk|spd|1\n|\n|upkeep\n|turn|11\n|\n|t:|1700806643\n|-end|p1a: Great Tusk|Protosynthesis|[silent]\n|switch|p1a: Slowking|Slowking, F|100\/100\n|move|p2a: Ribombee|Quiver Dance|p2a: Ribombee\n|-boost|p2a: Ribombee|spa|1\n|-boost|p2a: Ribombee|spd|1\n|-boost|p2a: Ribombee|spe|1\n|\n|upkeep\n|turn|12\n|\n|t:|1700806648\n|move|p2a: Ribombee|Quiver Dance|p2a: Ribombee\n|-boost|p2a: Ribombee|spa|1\n|-boost|p2a: Ribombee|spd|1\n|-boost|p2a: Ribombee|spe|1\n|move|p1a: Slowking|Scald|p2a: Ribombee\n|-crit|p2a: Ribombee\n|-damage|p2a: Ribombee|0 fnt\n|faint|p2a: Ribombee\n|\n|upkeep\n|\n|t:|1700806654\n|switch|p2a: Meowscarada|Meowscarada, M|100\/100\n|turn|13\n|\n|t:|1700806661\n|move|p2a: Meowscarada|Knock Off|p1a: Slowking\n|-start|p2a: Meowscarada|typechange|Dark|[from] ability: Protean\n|-supereffective|p1a: Slowking\n|-damage|p1a: Slowking|0 fnt\n|-enditem|p1a: Slowking|Heavy-Duty Boots|[from] move: Knock Off|[of] p2a: Meowscarada\n|faint|p1a: Slowking\n|\n|upkeep\n|\n|t:|1700806664\n|switch|p1a: Great Tusk|Great Tusk|100\/100\n|-damage|p1a: Great Tusk|98\/100|[from] Stealth Rock\n|turn|14\n|\n|t:|1700806667\n|switch|p2a: Ninetales|Ninetales-Alola, M|100\/100\n|-weather|Snow|[from] ability: Snow Warning|[of] p2a: Ninetales\n|move|p1a: Great Tusk|Close Combat|p2a: Ninetales\n|-damage|p2a: Ninetales|19\/100\n|-unboost|p1a: Great Tusk|def|1\n|-unboost|p1a: Great Tusk|spd|1\n|\n|-weather|Snow|[upkeep]\n|upkeep\n|turn|15\n|\n|t:|1700806676\n|-end|p1a: Great Tusk|Protosynthesis|[silent]\n|switch|p1a: Okidogi|Okidogi, M|100\/100\n|-damage|p1a: Okidogi|94\/100|[from] Stealth Rock\n|move|p2a: Ninetales|Aurora Veil|p2a: Ninetales\n|-sidestart|p2: Fumimico|move: Aurora Veil\n|\n|-weather|Snow|[upkeep]\n|-heal|p1a: Okidogi|100\/100|[from] item: Leftovers\n|upkeep\n|turn|16\n|\n|t:|1700806679\n|move|p1a: Okidogi|Poison Jab|p2a: Ninetales\n|-supereffective|p2a: Ninetales\n|-damage|p2a: Ninetales|0 fnt\n|faint|p2a: Ninetales\n|\n|-weather|Snow|[upkeep]\n|upkeep\n|\n|t:|1700806685\n|switch|p2a: Kingambit|Kingambit, M|100\/100\n|-activate|p2a: Kingambit|ability: Supreme Overlord\n|-start|p2a: Kingambit|fallen3|[silent]\n|turn|17\n|\n|t:|1700806689\n|move|p1a: Okidogi|Taunt|p2a: Kingambit\n|-start|p2a: Kingambit|move: Taunt\n|cant|p2a: Kingambit|move: Taunt|Swords Dance\n|\n|-weather|Snow|[upkeep]\n|upkeep\n|turn|18\n|\n|t:|1700806692\n|move|p1a: Okidogi|Bulk Up|p1a: Okidogi\n|-boost|p1a: Okidogi|atk|1\n|-boost|p1a: Okidogi|def|1\n|move|p2a: Kingambit|Iron Head|p1a: Okidogi\n|-damage|p1a: Okidogi|67\/100\n|\n|-weather|none\n|-heal|p1a: Okidogi|73\/100|[from] item: Leftovers\n|upkeep\n|turn|19\n|-message|Fumimico forfeited.\n|\n|win|Something Badass\n|raw|Something Badass's rating: 1538 &rarr; <strong>1552<\/strong><br \/>(+14 for winning)\n|raw|Fumimico's rating: 1432 &rarr; <strong>1418<\/strong><br \/>(-14 for losing)\n|l|\u2606Fumimico\n","uploadtime":1700806702,"views":23,"p1id":"somethingbadass","p2id":"fumimico","formatid":"gen9ou","rating":1418,"private":0,"password":""}