{"id":"gen9ou-1991168939","p1":"d18l","p2":"malk tyme","format":"[Gen 9] OU","log":"|j|\u2606d18l\n|j|\u2606malk tyme\n|t:|1700052881\n|gametype|singles\n|player|p1|d18l|backpacker|1706\n|player|p2|malk tyme|170|1788\n|teamsize|p1|6\n|teamsize|p2|6\n|gen|9\n|tier|[Gen 9] OU\n|rated|\n|rule|Sleep Clause Mod: Limit one foe put to sleep\n|rule|Species Clause: Limit one of each Pok\u00e9mon\n|rule|OHKO Clause: OHKO moves are banned\n|rule|Evasion Items Clause: Evasion items are banned\n|rule|Evasion Moves Clause: Evasion moves are banned\n|rule|Endless Battle Clause: Forcing endless battles is banned\n|rule|HP Percentage Mod: HP is shown in percentages\n|clearpoke\n|poke|p1|Ninetales-Alola, M|\n|poke|p1|Rillaboom, F|\n|poke|p1|Sneasler, M|\n|poke|p1|Hatterene, F|\n|poke|p1|Heatran, F|\n|poke|p1|Kingambit, M|\n|poke|p2|Mew|\n|poke|p2|Grimmsnarl, M|\n|poke|p2|Kommo-o, M|\n|poke|p2|Veluza, F|\n|poke|p2|Iron Hands|\n|poke|p2|Mamoswine, M|\n|teampreview\n|j| teamtester48\n|\n|t:|1700052906\n|start\n|switch|p1a: Ninetales|Ninetales-Alola, M|100\/100\n|switch|p2a: Grimmsnarl|Grimmsnarl, M|100\/100\n|-weather|Snow|[from] ability: Snow Warning|[of] p1a: Ninetales\n|turn|1\n|\n|t:|1700052913\n|switch|p1a: Hatterene|Hatterene, F|100\/100\n|move|p2a: Grimmsnarl|Thunder Wave|p1a: Hatterene\n|move|p1a: Hatterene|Thunder Wave|p2a: Grimmsnarl|[from]ability: Magic Bounce\n|-status|p2a: Grimmsnarl|par\n|\n|-weather|Snow|[upkeep]\n|upkeep\n|turn|2\n|\n|t:|1700052923\n|switch|p1a: Rillaboom|Rillaboom, F|100\/100\n|-fieldstart|move: Grassy Terrain|[from] ability: Grassy Surge|[of] p1a: Rillaboom\n|cant|p2a: Grimmsnarl|par\n|\n|-weather|Snow|[upkeep]\n|upkeep\n|turn|3\n|\n|t:|1700052929\n|cant|p2a: Grimmsnarl|par\n|move|p1a: Rillaboom|Knock Off|p2a: Grimmsnarl\n|-resisted|p2a: Grimmsnarl\n|-damage|p2a: Grimmsnarl|92\/100 par\n|-enditem|p2a: Grimmsnarl|Light Clay|[from] move: Knock Off|[of] p1a: Rillaboom\n|\n|-weather|Snow|[upkeep]\n|-heal|p2a: Grimmsnarl|98\/100 par|[from] Grassy Terrain\n|upkeep\n|turn|4\n|\n|t:|1700052935\n|move|p2a: Grimmsnarl|Thunder Wave|p1a: Rillaboom\n|-status|p1a: Rillaboom|par\n|move|p1a: Rillaboom|Wood Hammer|p2a: Grimmsnarl\n|-damage|p2a: Grimmsnarl|23\/100 par\n|-damage|p1a: Rillaboom|76\/100 par|[from] Recoil\n|\n|-weather|Snow|[upkeep]\n|-heal|p1a: Rillaboom|82\/100 par|[from] Grassy Terrain\n|-heal|p1a: Rillaboom|89\/100 par|[from] item: Leftovers\n|-heal|p2a: Grimmsnarl|29\/100 par|[from] Grassy Terrain\n|upkeep\n|turn|5\n|\n|t:|1700052940\n|move|p1a: Rillaboom|Grassy Glide|p2a: Grimmsnarl\n|-damage|p2a: Grimmsnarl|0 fnt\n|faint|p2a: Grimmsnarl\n|\n|-weather|none\n|-heal|p1a: Rillaboom|95\/100 par|[from] Grassy Terrain\n|-heal|p1a: Rillaboom|100\/100 par|[from] item: Leftovers\n|upkeep\n|\n|t:|1700052946\n|switch|p2a: Kommo-o|Kommo-o, M|100\/100\n|turn|6\n|\n|t:|1700052985\n|switch|p1a: Ninetales|Ninetales-Alola, M|100\/100\n|-weather|Snow|[from] ability: Snow Warning|[of] p1a: Ninetales\n|move|p2a: Kommo-o|Swords Dance|p2a: Kommo-o\n|-boost|p2a: Kommo-o|atk|2\n|\n|-weather|Snow|[upkeep]\n|-fieldend|move: Grassy Terrain\n|upkeep\n|turn|7\n|\n|t:|1700052997\n|switch|p2a: Mamoswine|Mamoswine, M|100\/100\n|move|p1a: Ninetales|Encore||[still]\n|-fail|p1a: Ninetales\n|\n|-weather|Snow|[upkeep]\n|upkeep\n|turn|8\n|\n|t:|1700053016\n|switch|p1a: Hatterene|Hatterene, F|100\/100\n|move|p2a: Mamoswine|Rock Blast|p1a: Hatterene\n|-damage|p1a: Hatterene|94\/100\n|-damage|p1a: Hatterene|86\/100\n|-damage|p1a: Hatterene|78\/100\n|-hitcount|p1a: Hatterene|3\n|\n|-weather|Snow|[upkeep]\n|upkeep\n|turn|9\n|\n|t:|1700053022\n|switch|p2a: Mew|Mew|100\/100\n|move|p1a: Hatterene|Draining Kiss|p2a: Mew\n|-damage|p2a: Mew|83\/100\n|-heal|p1a: Hatterene|95\/100|[from] drain|[of] p2a: Mew\n|\n|-weather|Snow|[upkeep]\n|-heal|p2a: Mew|89\/100|[from] item: Leftovers\n|upkeep\n|turn|10\n|\n|t:|1700053032\n|move|p2a: Mew|Calm Mind|p2a: Mew\n|-boost|p2a: Mew|spa|1\n|-boost|p2a: Mew|spd|1\n|move|p1a: Hatterene|Nuzzle|p2a: Mew\n|-damage|p2a: Mew|86\/100\n|-status|p2a: Mew|par\n|-activate|p2a: Mew|ability: Synchronize\n|-status|p1a: Hatterene|par\n|\n|-weather|none\n|-heal|p2a: Mew|92\/100 par|[from] item: Leftovers\n|upkeep\n|turn|11\n|\n|t:|1700053035\n|switch|p1a: Ninetales|Ninetales-Alola, M|100\/100\n|-weather|Snow|[from] ability: Snow Warning|[of] p1a: Ninetales\n|move|p2a: Mew|Calm Mind|p2a: Mew\n|-boost|p2a: Mew|spa|1\n|-boost|p2a: Mew|spd|1\n|\n|-weather|Snow|[upkeep]\n|-heal|p2a: Mew|99\/100 par|[from] item: Leftovers\n|upkeep\n|turn|12\n|\n|t:|1700053039\n|move|p1a: Ninetales|Aurora Veil|p1a: Ninetales\n|-sidestart|p1: d18l|move: Aurora Veil\n|move|p2a: Mew|Calm Mind|p2a: Mew\n|-boost|p2a: Mew|spa|1\n|-boost|p2a: Mew|spd|1\n|\n|-weather|Snow|[upkeep]\n|-heal|p2a: Mew|100\/100 par|[from] item: Leftovers\n|upkeep\n|turn|13\n|\n|t:|1700053041\n|move|p1a: Ninetales|Encore|p2a: Mew\n|-start|p2a: Mew|Encore\n|cant|p2a: Mew|par\n|\n|-weather|Snow|[upkeep]\n|upkeep\n|turn|14\n|\n|t:|1700053047\n|switch|p1a: Kingambit|Kingambit, M|100\/100\n|cant|p2a: Mew|par\n|\n|-weather|Snow|[upkeep]\n|upkeep\n|turn|15\n|\n|t:|1700053056\n|switch|p2a: Iron Hands|Iron Hands|100\/100\n|move|p1a: Kingambit|Kowtow Cleave|p2a: Iron Hands\n|-resisted|p2a: Iron Hands\n|-damage|p2a: Iron Hands|83\/100\n|\n|-weather|none\n|upkeep\n|turn|16\n|\n|t:|1700053067\n|-end|p1a: Kingambit|fallenundefined|[silent]\n|switch|p1a: Ninetales|Ninetales-Alola, M|100\/100\n|-weather|Snow|[from] ability: Snow Warning|[of] p1a: Ninetales\n|move|p2a: Iron Hands|Swords Dance|p2a: Iron Hands\n|-boost|p2a: Iron Hands|atk|2\n|\n|-weather|Snow|[upkeep]\n|upkeep\n|turn|17\n|\n|t:|1700053079\n|-end|p2a: Iron Hands|Quark Drive|[silent]\n|switch|p2a: Mew|Mew|100\/100 par\n|move|p1a: Ninetales|Moonblast|p2a: Mew\n|-damage|p2a: Mew|80\/100 par\n|\n|-weather|Snow|[upkeep]\n|-heal|p2a: Mew|86\/100 par|[from] item: Leftovers\n|upkeep\n|turn|18\n|\n|t:|1700053086\n|switch|p1a: Kingambit|Kingambit, M|100\/100\n|move|p2a: Mew|Iron Defense|p2a: Mew\n|-boost|p2a: Mew|def|2\n|\n|-weather|Snow|[upkeep]\n|-heal|p2a: Mew|93\/100 par|[from] item: Leftovers\n|upkeep\n|turn|19\n|\n|t:|1700053093\n|-end|p1a: Kingambit|fallenundefined|[silent]\n|switch|p1a: Ninetales|Ninetales-Alola, M|100\/100\n|switch|p2a: Iron Hands|Iron Hands|83\/100\n|\n|-weather|Snow|[upkeep]\n|-sideend|p1: d18l|move: Aurora Veil\n|upkeep\n|turn|20\n|\n|t:|1700053105\n|move|p1a: Ninetales|Aurora Veil|p1a: Ninetales\n|-sidestart|p1: d18l|move: Aurora Veil\n|move|p2a: Iron Hands|Wild Charge|p1a: Ninetales\n|-damage|p1a: Ninetales|80\/100\n|-damage|p2a: Iron Hands|79\/100|[from] Recoil\n|\n|-weather|none\n|upkeep\n|turn|21\n|\n|t:|1700053117\n|-end|p2a: Iron Hands|Quark Drive|[silent]\n|switch|p2a: Mew|Mew|93\/100 par\n|move|p1a: Ninetales|Moonblast|p2a: Mew\n|-damage|p2a: Mew|74\/100 par\n|\n|-heal|p2a: Mew|80\/100 par|[from] item: Leftovers\n|upkeep\n|turn|22\n|\n|t:|1700053155\n|switch|p1a: Heatran|Heatran, F|100\/100\n|-item|p1a: Heatran|Air Balloon\n|move|p2a: Mew|Calm Mind|p2a: Mew\n|-boost|p2a: Mew|spa|1\n|-boost|p2a: Mew|spd|1\n|\n|-heal|p2a: Mew|86\/100 par|[from] item: Leftovers\n|upkeep\n|turn|23\n|\n|t:|1700053160\n|move|p1a: Heatran|Stealth Rock|p2a: Mew\n|-sidestart|p2: malk tyme|move: Stealth Rock\n|cant|p2a: Mew|par\n|\n|-heal|p2a: Mew|92\/100 par|[from] item: Leftovers\n|upkeep\n|turn|24\n|\n|t:|1700053166\n|move|p1a: Heatran|Magma Storm|p2a: Mew\n|-damage|p2a: Mew|65\/100 par\n|-activate|p2a: Mew|move: Magma Storm|[of] p1a: Heatran\n|move|p2a: Mew|Iron Defense|p2a: Mew\n|-boost|p2a: Mew|def|2\n|\n|-heal|p2a: Mew|72\/100 par|[from] item: Leftovers\n|-damage|p2a: Mew|59\/100 par|[from] move: Magma Storm|[partiallytrapped]\n|upkeep\n|turn|25\n|\n|t:|1700053171\n|switch|p1a: Ninetales|Ninetales-Alola, M|80\/100\n|-weather|Snow|[from] ability: Snow Warning|[of] p1a: Ninetales\n|move|p2a: Mew|Draining Kiss|p1a: Ninetales\n|-damage|p1a: Ninetales|72\/100\n|-heal|p2a: Mew|64\/100 par|[from] drain|[of] p1a: Ninetales\n|\n|-weather|Snow|[upkeep]\n|-heal|p2a: Mew|70\/100 par|[from] item: Leftovers\n|-end|p2a: Mew|Magma Storm|[partiallytrapped]|[silent]\n|upkeep\n|turn|26\n|\n|t:|1700053201\n|move|p1a: Ninetales|Encore|p2a: Mew\n|-start|p2a: Mew|Encore\n|move|p2a: Mew|Draining Kiss|p1a: Ninetales\n|-damage|p1a: Ninetales|63\/100\n|-heal|p2a: Mew|76\/100 par|[from] drain|[of] p1a: Ninetales\n|\n|-weather|Snow|[upkeep]\n|-heal|p2a: Mew|82\/100 par|[from] item: Leftovers\n|upkeep\n|turn|27\n|\n|t:|1700053206\n|move|p1a: Ninetales|Moonblast|p2a: Mew\n|-damage|p2a: Mew|68\/100 par\n|-unboost|p2a: Mew|spa|1\n|move|p2a: Mew|Draining Kiss|p1a: Ninetales\n|-crit|p1a: Ninetales\n|-damage|p1a: Ninetales|47\/100\n|-heal|p2a: Mew|78\/100 par|[from] drain|[of] p1a: Ninetales\n|\n|-weather|Snow|[upkeep]\n|-heal|p2a: Mew|85\/100 par|[from] item: Leftovers\n|-sideend|p1: d18l|move: Aurora Veil\n|upkeep\n|turn|28\n|\n|t:|1700053211\n|move|p1a: Ninetales|Aurora Veil|p1a: Ninetales\n|-sidestart|p1: d18l|move: Aurora Veil\n|cant|p2a: Mew|par\n|\n|-weather|Snow|[upkeep]\n|-heal|p2a: Mew|91\/100 par|[from] item: Leftovers\n|-end|p2a: Mew|Encore\n|upkeep\n|turn|29\n|\n|t:|1700053218\n|move|p1a: Ninetales|Encore|p2a: Mew\n|-start|p2a: Mew|Encore\n|move|p2a: Mew|Draining Kiss|p1a: Ninetales\n|-damage|p1a: Ninetales|42\/100\n|-heal|p2a: Mew|94\/100 par|[from] drain|[of] p1a: Ninetales\n|\n|-weather|none\n|-heal|p2a: Mew|100\/100 par|[from] item: Leftovers\n|upkeep\n|turn|30\n|\n|t:|1700053222\n|move|p1a: Ninetales|Moonblast|p2a: Mew\n|-damage|p2a: Mew|87\/100 par\n|move|p2a: Mew|Draining Kiss|p1a: Ninetales\n|-damage|p1a: Ninetales|36\/100\n|-heal|p2a: Mew|91\/100 par|[from] drain|[of] p1a: Ninetales\n|\n|-heal|p2a: Mew|97\/100 par|[from] item: Leftovers\n|upkeep\n|turn|31\n|\n|t:|1700053230\n|move|p1a: Ninetales|Moonblast|p2a: Mew\n|-damage|p2a: Mew|84\/100 par\n|move|p2a: Mew|Draining Kiss|p1a: Ninetales\n|-damage|p1a: Ninetales|30\/100\n|-heal|p2a: Mew|88\/100 par|[from] drain|[of] p1a: Ninetales\n|\n|-heal|p2a: Mew|94\/100 par|[from] item: Leftovers\n|-end|p2a: Mew|Encore\n|upkeep\n|turn|32\n|j| empo ma mannn\n|\n|t:|1700053247\n|move|p1a: Ninetales|Encore|p2a: Mew\n|-start|p2a: Mew|Encore\n|move|p2a: Mew|Draining Kiss|p1a: Ninetales\n|-damage|p1a: Ninetales|24\/100\n|-heal|p2a: Mew|98\/100 par|[from] drain|[of] p1a: Ninetales\n|\n|-heal|p2a: Mew|100\/100 par|[from] item: Leftovers\n|upkeep\n|turn|33\n|\n|t:|1700053252\n|move|p1a: Ninetales|Moonblast|p2a: Mew\n|-damage|p2a: Mew|86\/100 par\n|move|p2a: Mew|Draining Kiss|p1a: Ninetales\n|-damage|p1a: Ninetales|19\/100\n|-heal|p2a: Mew|90\/100 par|[from] drain|[of] p1a: Ninetales\n|\n|-heal|p2a: Mew|96\/100 par|[from] item: Leftovers\n|upkeep\n|turn|34\n|\n|t:|1700053257\n|move|p1a: Ninetales|Moonblast|p2a: Mew\n|-damage|p2a: Mew|82\/100 par\n|cant|p2a: Mew|par\n|\n|-heal|p2a: Mew|89\/100 par|[from] item: Leftovers\n|-end|p2a: Mew|Encore\n|upkeep\n|turn|35\n|\n|t:|1700053263\n|move|p1a: Ninetales|Encore|p2a: Mew\n|-start|p2a: Mew|Encore\n|cant|p2a: Mew|par\n|\n|-heal|p2a: Mew|95\/100 par|[from] item: Leftovers\n|-sideend|p1: d18l|move: Aurora Veil\n|upkeep\n|turn|36\n|\n|t:|1700053268\n|move|p1a: Ninetales|Moonblast|p2a: Mew\n|-damage|p2a: Mew|82\/100 par\n|move|p2a: Mew|Draining Kiss|p1a: Ninetales\n|-damage|p1a: Ninetales|7\/100\n|-heal|p2a: Mew|90\/100 par|[from] drain|[of] p1a: Ninetales\n|\n|-heal|p2a: Mew|96\/100 par|[from] item: Leftovers\n|upkeep\n|turn|37\n|\n|t:|1700053272\n|move|p1a: Ninetales|Moonblast|p2a: Mew\n|-crit|p2a: Mew\n|-damage|p2a: Mew|65\/100 par\n|-unboost|p2a: Mew|spa|1\n|move|p2a: Mew|Draining Kiss|p1a: Ninetales\n|-damage|p1a: Ninetales|0 fnt\n|-heal|p2a: Mew|69\/100 par|[from] drain|[of] p1a: Ninetales\n|faint|p1a: Ninetales\n|\n|-heal|p2a: Mew|75\/100 par|[from] item: Leftovers\n|-end|p2a: Mew|Encore\n|upkeep\n|\n|t:|1700053276\n|switch|p1a: Kingambit|Kingambit, M|100\/100\n|-activate|p1a: Kingambit|ability: Supreme Overlord\n|-start|p1a: Kingambit|fallen1|[silent]\n|turn|38\n|\n|t:|1700053280\n|switch|p2a: Iron Hands|Iron Hands|79\/100\n|-damage|p2a: Iron Hands|73\/100|[from] Stealth Rock\n|move|p1a: Kingambit|Swords Dance|p1a: Kingambit\n|-boost|p1a: Kingambit|atk|2\n|\n|upkeep\n|turn|39\n|\n|t:|1700053291\n|-terastallize|p1a: Kingambit|Fairy\n|move|p1a: Kingambit|Tera Blast|p2a: Iron Hands|[anim] Tera Blast Fairy\n|-supereffective|p2a: Iron Hands\n|-crit|p2a: Iron Hands\n|-damage|p2a: Iron Hands|0 fnt\n|faint|p2a: Iron Hands\n|-end|p2a: Iron Hands|Quark Drive|[silent]\n|\n|upkeep\n|\n|t:|1700053299\n|switch|p2a: Kommo-o|Kommo-o, M|100\/100\n|-damage|p2a: Kommo-o|94\/100|[from] Stealth Rock\n|turn|40\n|\n|t:|1700053304\n|-terastallize|p2a: Kommo-o|Steel\n|move|p2a: Kommo-o|Iron Head|p1a: Kingambit\n|-supereffective|p1a: Kingambit\n|-damage|p1a: Kingambit|33\/100\n|move|p1a: Kingambit|Tera Blast|p2a: Kommo-o|[anim] Tera Blast Fairy\n|-resisted|p2a: Kommo-o\n|-damage|p2a: Kommo-o|45\/100\n|\n|upkeep\n|turn|41\n|\n|t:|1700053314\n|move|p1a: Kingambit|Sucker Punch||[still]\n|-fail|p1a: Kingambit\n|move|p2a: Kommo-o|Swords Dance|p2a: Kommo-o\n|-boost|p2a: Kommo-o|atk|2\n|\n|upkeep\n|turn|42\n|\n|t:|1700053323\n|move|p1a: Kingambit|Sucker Punch|p2a: Kommo-o\n|-damage|p2a: Kommo-o|0 fnt\n|faint|p2a: Kommo-o\n|\n|upkeep\n|\n|t:|1700053326\n|switch|p2a: Veluza|Veluza, F|100\/100\n|-damage|p2a: Veluza|88\/100|[from] Stealth Rock\n|-ability|p2a: Veluza|Mold Breaker\n|turn|43\n|\n|t:|1700053331\n|move|p2a: Veluza|Fillet Away|p2a: Veluza\n|-boost|p2a: Veluza|atk|2\n|-boost|p2a: Veluza|spa|2\n|-boost|p2a: Veluza|spe|2\n|-damage|p2a: Veluza|38\/100\n|-enditem|p2a: Veluza|Sitrus Berry|[eat]\n|-heal|p2a: Veluza|63\/100|[from] item: Sitrus Berry\n|move|p1a: Kingambit|Kowtow Cleave|p2a: Veluza\n|-supereffective|p2a: Veluza\n|-damage|p2a: Veluza|0 fnt\n|faint|p2a: Veluza\n|\n|upkeep\n|\n|t:|1700053335\n|switch|p2a: Mamoswine|Mamoswine, M|100\/100\n|-damage|p2a: Mamoswine|88\/100|[from] Stealth Rock\n|turn|44\n|\n|t:|1700053344\n|move|p1a: Kingambit|Sucker Punch|p2a: Mamoswine\n|-damage|p2a: Mamoswine|0 fnt\n|faint|p2a: Mamoswine\n|\n|upkeep\n|\n|t:|1700053347\n|switch|p2a: Mew|Mew|75\/100 par\n|-damage|p2a: Mew|63\/100 par|[from] Stealth Rock\n|turn|45\n|\n|t:|1700053350\n|move|p1a: Kingambit|Kowtow Cleave|p2a: Mew\n|-supereffective|p2a: Mew\n|-damage|p2a: Mew|0 fnt\n|faint|p2a: Mew\n|\n|win|d18l\n|raw|d18l's rating: 1706 &rarr; <strong>1731<\/strong><br \/>(+25 for winning)\n|raw|malk tyme's rating: 1788 &rarr; <strong>1763<\/strong><br \/>(-25 for losing)\n|l|\u2606malk tyme\n","uploadtime":1700053357,"views":6,"p1id":"d18l","p2id":"malktyme","formatid":"gen9ou","rating":1731,"private":0,"password":""}