{"id":"gen9ou-1998264111","p1":"HeavilyBlackpilled","p2":"Lialiabeast","format":"[Gen 9] OU","log":"|j|\u2606HeavilyBlackpilled\n|j|\u2606Lialiabeast\n|t:|1700921863\n|gametype|singles\n|player|p1|HeavilyBlackpilled|steven|\n|player|p2|Lialiabeast|emmet-masters|\n|teamsize|p1|6\n|teamsize|p2|6\n|gen|9\n|tier|[Gen 9] OU\n|rule|Sleep Clause Mod: Limit one foe put to sleep\n|rule|Species Clause: Limit one of each Pok\u00e9mon\n|rule|OHKO Clause: OHKO moves are banned\n|rule|Evasion Items Clause: Evasion items are banned\n|rule|Evasion Moves Clause: Evasion moves are banned\n|rule|Endless Battle Clause: Forcing endless battles is banned\n|rule|HP Percentage Mod: HP is shown in percentages\n|clearpoke\n|poke|p1|Glimmora, F|\n|poke|p1|Iron Hands|\n|poke|p1|Dragonite, F|\n|poke|p1|Ogerpon-Wellspring, F|\n|poke|p1|Dragapult, F|\n|poke|p1|Iron Valiant|\n|poke|p2|Slowking-Galar, F|\n|poke|p2|Zapdos|\n|poke|p2|Landorus-Therian, M|\n|poke|p2|Samurott-Hisui, F|\n|poke|p2|Iron Valiant|\n|poke|p2|Dragapult, F|\n|teampreview\n|inactive|Battle timer is ON: inactive players will automatically lose when time's up. (requested by Lialiabeast)\n|inactive|HeavilyBlackpilled has 270 seconds left.\n|\n|t:|1700921945\n|start\n|switch|p1a: Iron Hands|Iron Hands|100\/100\n|switch|p2a: Landorus|Landorus-Therian, M|100\/100\n|-ability|p2a: Landorus|Intimidate|boost\n|-unboost|p1a: Iron Hands|atk|1\n|turn|1\n|inactive|Lialiabeast has 270 seconds left.\n|inactive|HeavilyBlackpilled has 270 seconds left.\n|\n|t:|1700921989\n|-end|p1a: Iron Hands|Quark Drive|[silent]\n|switch|p1a: Dragonite|Dragonite, F|100\/100\n|move|p2a: Landorus|U-turn|p1a: Dragonite\n|-resisted|p1a: Dragonite\n|-damage|p1a: Dragonite|95\/100\n|\n|t:|1700921998\n|switch|p2a: Dragapult|Dragapult, F|100\/100|[from] U-turn\n|\n|upkeep\n|turn|2\n|inactive|HeavilyBlackpilled has 270 seconds left.\n|\n|t:|1700922039\n|switch|p1a: Glimmora|Glimmora, F|100\/100\n|move|p2a: Dragapult|Will-O-Wisp|p1a: Glimmora\n|-status|p1a: Glimmora|brn\n|\n|-damage|p1a: Glimmora|94\/100 brn|[from] brn\n|upkeep\n|turn|3\n|inactive|Lialiabeast has 270 seconds left.\n|\n|t:|1700922053\n|move|p2a: Dragapult|Substitute|p2a: Dragapult\n|-start|p2a: Dragapult|Substitute\n|-damage|p2a: Dragapult|76\/100\n|move|p1a: Glimmora|Stealth Rock|p2a: Dragapult\n|-sidestart|p2: Lialiabeast|move: Stealth Rock\n|\n|-heal|p2a: Dragapult|82\/100|[from] item: Leftovers\n|-damage|p1a: Glimmora|88\/100 brn|[from] brn\n|upkeep\n|turn|4\n|j| Lindsey Paraeah\n|\n|t:|1700922058\n|move|p2a: Dragapult|Hex|p1a: Glimmora\n|-damage|p1a: Glimmora|16\/100 brn\n|move|p1a: Glimmora|Earth Power|p2a: Dragapult\n|-end|p2a: Dragapult|Substitute\n|\n|-heal|p2a: Dragapult|88\/100|[from] item: Leftovers\n|-damage|p1a: Glimmora|10\/100 brn|[from] brn\n|upkeep\n|turn|5\n|\n|t:|1700922066\n|move|p2a: Dragapult|Hex|p1a: Glimmora\n|-damage|p1a: Glimmora|0 fnt\n|faint|p1a: Glimmora\n|\n|-heal|p2a: Dragapult|94\/100|[from] item: Leftovers\n|upkeep\n|inactive|HeavilyBlackpilled has 240 seconds left.\n|\n|t:|1700922097\n|switch|p1a: Iron Valiant|Iron Valiant|100\/100\n|-enditem|p1a: Iron Valiant|Booster Energy\n|-activate|p1a: Iron Valiant|ability: Quark Drive|[fromitem]\n|-start|p1a: Iron Valiant|quarkdrivespe\n|turn|6\n|inactive|HeavilyBlackpilled has 240 seconds left.\n|\n|t:|1700922129\n|-end|p1a: Iron Valiant|Quark Drive|[silent]\n|switch|p1a: Dragapult|Dragapult, F|100\/100\n|switch|p2a: Slowking|Slowking-Galar, F|100\/100\n|\n|upkeep\n|turn|7\n|inactive|HeavilyBlackpilled has 210 seconds left.\n|\n|t:|1700922152\n|move|p1a: Dragapult|Shadow Ball|p2a: Slowking\n|-supereffective|p2a: Slowking\n|-crit|p2a: Slowking\n|-damage|p2a: Slowking|27\/100\n|move|p2a: Slowking|Thunder Wave|p1a: Dragapult\n|-status|p1a: Dragapult|par\n|\n|upkeep\n|turn|8\n|inactive|HeavilyBlackpilled has 210 seconds left.\n|\n|t:|1700922158\n|switch|p2a: Samurott|Samurott-Hisui, F|100\/100\n|move|p1a: Dragapult|Will-O-Wisp|p2a: Samurott\n|-status|p2a: Samurott|brn\n|\n|-damage|p2a: Samurott|94\/100 brn|[from] brn\n|upkeep\n|turn|9\n|inactive|HeavilyBlackpilled has 210 seconds left.\n|inactive|HeavilyBlackpilled has 180 seconds left.\n|inactive|HeavilyBlackpilled has 150 seconds left.\n|\n|t:|1700922230\n|move|p2a: Samurott|Ceaseless Edge|p1a: Dragapult|[miss]\n|-miss|p2a: Samurott|p1a: Dragapult\n|move|p1a: Dragapult|Draco Meteor|p2a: Samurott\n|-damage|p2a: Samurott|4\/100 brn\n|-unboost|p1a: Dragapult|spa|2\n|\n|-damage|p2a: Samurott|0 fnt|[from] brn\n|faint|p2a: Samurott\n|upkeep\n|\n|t:|1700922245\n|switch|p2a: Landorus|Landorus-Therian, M|100\/100\n|-damage|p2a: Landorus|88\/100|[from] Stealth Rock\n|-ability|p2a: Landorus|Intimidate|boost\n|-unboost|p1a: Dragapult|atk|1\n|turn|10\n|\n|t:|1700922253\n|move|p2a: Landorus|Stealth Rock|p1a: Dragapult\n|-sidestart|p1: HeavilyBlackpilled|move: Stealth Rock\n|move|p1a: Dragapult|Will-O-Wisp|p2a: Landorus\n|-status|p2a: Landorus|brn\n|\n|-heal|p2a: Landorus|94\/100 brn|[from] item: Leftovers\n|-damage|p2a: Landorus|88\/100 brn|[from] brn\n|upkeep\n|turn|11\n|\n|t:|1700922272\n|move|p2a: Landorus|U-turn|p1a: Dragapult\n|-resisted|p1a: Dragapult\n|-crit|p1a: Dragapult\n|-damage|p1a: Dragapult|89\/100 par\n|\n|t:|1700922276\n|switch|p2a: Zapdos|Zapdos|100\/100|[from] U-turn\n|move|p1a: Dragapult|Shadow Ball|p2a: Zapdos\n|-damage|p2a: Zapdos|85\/100\n|\n|upkeep\n|turn|12\n|inactive|HeavilyBlackpilled has 150 seconds left.\n|\n|t:|1700922299\n|switch|p1a: Dragonite|Dragonite, F|95\/100\n|move|p2a: Zapdos|Volt Switch|p1a: Dragonite\n|-damage|p1a: Dragonite|65\/100\n|\n|t:|1700922305\n|switch|p2a: Dragapult|Dragapult, F|94\/100|[from] Volt Switch\n|-damage|p2a: Dragapult|81\/100|[from] Stealth Rock\n|\n|-heal|p2a: Dragapult|87\/100|[from] item: Leftovers\n|upkeep\n|turn|13\n|j| Rigas\n|inactive|HeavilyBlackpilled has 150 seconds left.\n|\n|t:|1700922322\n|switch|p1a: Dragapult|Dragapult, F|89\/100 par\n|move|p2a: Dragapult|Will-O-Wisp||[still]\n|-fail|p2a: Dragapult\n|\n|-heal|p2a: Dragapult|93\/100|[from] item: Leftovers\n|upkeep\n|turn|14\n|inactive|HeavilyBlackpilled has 150 seconds left.\n|\n|t:|1700922358\n|switch|p1a: Iron Valiant|Iron Valiant|100\/100\n|-damage|p1a: Iron Valiant|94\/100|[from] Stealth Rock\n|move|p2a: Dragapult|Hex|p1a: Iron Valiant\n|-damage|p1a: Iron Valiant|42\/100\n|\n|-heal|p2a: Dragapult|99\/100|[from] item: Leftovers\n|upkeep\n|turn|15\n|inactive|HeavilyBlackpilled has 120 seconds left.\n|inactive|HeavilyBlackpilled has 90 seconds left.\n|inactive|Lialiabeast has 270 seconds left.\n|\n|t:|1700922429\n|move|p2a: Dragapult|Hex|p1a: Iron Valiant\n|-damage|p1a: Iron Valiant|0 fnt\n|faint|p1a: Iron Valiant\n|-end|p1a: Iron Valiant|Quark Drive|[silent]\n|\n|-heal|p2a: Dragapult|100\/100|[from] item: Leftovers\n|upkeep\n|inactive|HeavilyBlackpilled has 60 seconds left.\n|\n|t:|1700922477\n|switch|p1a: Iron Hands|Iron Hands|100\/100\n|-damage|p1a: Iron Hands|94\/100|[from] Stealth Rock\n|turn|16\n|\n|t:|1700922488\n|move|p2a: Dragapult|Will-O-Wisp|p1a: Iron Hands\n|-status|p1a: Iron Hands|brn\n|move|p1a: Iron Hands|Ice Punch|p2a: Dragapult\n|-supereffective|p2a: Dragapult\n|-damage|p2a: Dragapult|65\/100\n|\n|-heal|p2a: Dragapult|71\/100|[from] item: Leftovers\n|-heal|p1a: Iron Hands|100\/100 brn|[from] item: Leftovers\n|-damage|p1a: Iron Hands|94\/100 brn|[from] brn\n|upkeep\n|turn|17\n|\n|t:|1700922503\n|move|p2a: Dragapult|Hex|p1a: Iron Hands\n|-damage|p1a: Iron Hands|63\/100 brn\n|move|p1a: Iron Hands|Ice Punch|p2a: Dragapult\n|-supereffective|p2a: Dragapult\n|-damage|p2a: Dragapult|34\/100\n|-status|p2a: Dragapult|frz\n|\n|-heal|p2a: Dragapult|40\/100 frz|[from] item: Leftovers\n|-heal|p1a: Iron Hands|69\/100 brn|[from] item: Leftovers\n|-damage|p1a: Iron Hands|63\/100 brn|[from] brn\n|upkeep\n|turn|18\n|\n|t:|1700922516\n|-curestatus|p2a: Dragapult|frz|[msg]\n|move|p2a: Dragapult|Dragon Darts|p1a: Iron Hands\n|-damage|p1a: Iron Hands|49\/100 brn\n|-anim|p2a: Dragapult|Dragon Darts|p1a: Iron Hands\n|-damage|p1a: Iron Hands|36\/100 brn\n|move|p1a: Iron Hands|Iron Defense|p1a: Iron Hands\n|-boost|p1a: Iron Hands|def|2\n|\n|-heal|p2a: Dragapult|46\/100|[from] item: Leftovers\n|-heal|p1a: Iron Hands|42\/100 brn|[from] item: Leftovers\n|-damage|p1a: Iron Hands|36\/100 brn|[from] brn\n|upkeep\n|turn|19\n|\n|t:|1700922526\n|switch|p2a: Landorus|Landorus-Therian, M|88\/100 brn\n|-damage|p2a: Landorus|76\/100 brn|[from] Stealth Rock\n|-ability|p2a: Landorus|Intimidate|boost\n|-unboost|p1a: Iron Hands|atk|1\n|move|p1a: Iron Hands|Ice Punch|p2a: Landorus\n|-supereffective|p2a: Landorus\n|-crit|p2a: Landorus\n|-damage|p2a: Landorus|27\/100 brn\n|\n|-heal|p2a: Landorus|33\/100 brn|[from] item: Leftovers\n|-heal|p1a: Iron Hands|42\/100 brn|[from] item: Leftovers\n|-damage|p2a: Landorus|27\/100 brn|[from] brn\n|-damage|p1a: Iron Hands|36\/100 brn|[from] brn\n|upkeep\n|turn|20\n|\n|t:|1700922542\n|-end|p1a: Iron Hands|Quark Drive|[silent]\n|switch|p1a: Dragonite|Dragonite, F|65\/100\n|move|p2a: Landorus|Earthquake|p1a: Dragonite\n|-immune|p1a: Dragonite\n|\n|-heal|p2a: Landorus|33\/100 brn|[from] item: Leftovers\n|-damage|p2a: Landorus|27\/100 brn|[from] brn\n|upkeep\n|turn|21\n|\n|t:|1700922553\n|move|p1a: Dragonite|Dragon Dance|p1a: Dragonite\n|-boost|p1a: Dragonite|atk|1\n|-boost|p1a: Dragonite|spe|1\n|move|p2a: Landorus|U-turn|p1a: Dragonite\n|-resisted|p1a: Dragonite\n|-damage|p1a: Dragonite|59\/100\n|\n|t:|1700922555\n|switch|p2a: Iron Valiant|Iron Valiant|100\/100|[from] U-turn\n|\n|upkeep\n|turn|22\n|inactive|HeavilyBlackpilled has 60 seconds left.\n|\n|t:|1700922588\n|-end|p2a: Iron Valiant|Quark Drive|[silent]\n|switch|p2a: Landorus|Landorus-Therian, M|27\/100 brn\n|-damage|p2a: Landorus|15\/100 brn|[from] Stealth Rock\n|-ability|p2a: Landorus|Intimidate|boost\n|-unboost|p1a: Dragonite|atk|1\n|-terastallize|p1a: Dragonite|Normal\n|move|p1a: Dragonite|Dragon Dance|p1a: Dragonite\n|-boost|p1a: Dragonite|atk|1\n|-boost|p1a: Dragonite|spe|1\n|\n|-heal|p2a: Landorus|21\/100 brn|[from] item: Leftovers\n|-damage|p2a: Landorus|15\/100 brn|[from] brn\n|upkeep\n|turn|23\n|\n|t:|1700922605\n|move|p1a: Dragonite|Roost|p1a: Dragonite\n|-heal|p1a: Dragonite|100\/100\n|move|p2a: Landorus|Taunt|p1a: Dragonite\n|-start|p1a: Dragonite|move: Taunt\n|\n|-heal|p2a: Landorus|21\/100 brn|[from] item: Leftovers\n|-damage|p2a: Landorus|15\/100 brn|[from] brn\n|upkeep\n|turn|24\n|\n|t:|1700922612\n|move|p1a: Dragonite|Extreme Speed|p2a: Landorus\n|-damage|p2a: Landorus|0 fnt\n|faint|p2a: Landorus\n|\n|upkeep\n|\n|t:|1700922614\n|switch|p2a: Zapdos|Zapdos|85\/100\n|turn|25\n|\n|t:|1700922622\n|move|p1a: Dragonite|Extreme Speed|p2a: Zapdos\n|-crit|p2a: Zapdos\n|-damage|p2a: Zapdos|0 fnt\n|faint|p2a: Zapdos\n|\n|upkeep\n|\n|t:|1700922635\n|switch|p2a: Iron Valiant|Iron Valiant|100\/100\n|turn|26\n|inactive|HeavilyBlackpilled has 60 seconds left.\n|j| pyrromanis\n|\n|t:|1700922650\n|move|p1a: Dragonite|Extreme Speed|p2a: Iron Valiant\n|-damage|p2a: Iron Valiant|9\/100\n|move|p2a: Iron Valiant|Close Combat|p1a: Dragonite\n|-supereffective|p1a: Dragonite\n|-damage|p1a: Dragonite|51\/100\n|-unboost|p2a: Iron Valiant|def|1\n|-unboost|p2a: Iron Valiant|spd|1\n|\n|-end|p1a: Dragonite|move: Taunt\n|upkeep\n|turn|27\n|inactive|HeavilyBlackpilled has 60 seconds left.\n|\n|t:|1700922660\n|move|p1a: Dragonite|Extreme Speed|p2a: Iron Valiant\n|-damage|p2a: Iron Valiant|0 fnt\n|faint|p2a: Iron Valiant\n|-end|p2a: Iron Valiant|Quark Drive|[silent]\n|\n|upkeep\n|\n|t:|1700922664\n|switch|p2a: Slowking|Slowking-Galar, F|61\/100\n|turn|28\n|\n|t:|1700922676\n|move|p1a: Dragonite|Earthquake|p2a: Slowking\n|-supereffective|p2a: Slowking\n|-damage|p2a: Slowking|0 fnt\n|faint|p2a: Slowking\n|\n|upkeep\n|\n|t:|1700922682\n|switch|p2a: Dragapult|Dragapult, F|46\/100\n|-damage|p2a: Dragapult|34\/100|[from] Stealth Rock\n|turn|29\n|\n|t:|1700922686\n|move|p1a: Dragonite|Earthquake|p2a: Dragapult\n|-damage|p2a: Dragapult|0 fnt\n|faint|p2a: Dragapult\n|\n|win|HeavilyBlackpilled\n|c|\u2606HeavilyBlackpilled|not gg\n|l| Lindsey Paraeah\n","uploadtime":1700922717,"views":2,"p1id":"heavilyblackpilled","p2id":"lialiabeast","formatid":"gen9ou","rating":0,"private":0,"password":""}