{"id":"gen9ou-1992110564","p1":"TheLawOfIdentity","p2":"George Cyclops","format":"[Gen 9] OU","log":"|j|\u2606TheLawOfIdentity\n|j|\u2606George Cyclops\n|t:|1700155960\n|gametype|singles\n|player|p1|TheLawOfIdentity|whitney|1279\n|player|p2|George Cyclops|ghetsis|1191\n|teamsize|p1|6\n|teamsize|p2|6\n|gen|9\n|tier|[Gen 9] OU\n|rated|\n|rule|Sleep Clause Mod: Limit one foe put to sleep\n|rule|Species Clause: Limit one of each Pok\u00e9mon\n|rule|OHKO Clause: OHKO moves are banned\n|rule|Evasion Items Clause: Evasion items are banned\n|rule|Evasion Moves Clause: Evasion moves are banned\n|rule|Endless Battle Clause: Forcing endless battles is banned\n|rule|HP Percentage Mod: HP is shown in percentages\n|clearpoke\n|poke|p1|Iron Hands|\n|poke|p1|Corviknight, M|\n|poke|p1|Kommo-o, M|\n|poke|p1|Fezandipiti, M|\n|poke|p1|Landorus-Therian, M|\n|poke|p1|Sinistcha-Masterpiece|\n|poke|p2|Iron Moth|\n|poke|p2|Ninetales-Alola, M|\n|poke|p2|Iron Valiant|\n|poke|p2|Great Tusk|\n|poke|p2|Haxorus, M|\n|poke|p2|Greninja-*, M|\n|teampreview\n|inactive|Battle timer is ON: inactive players will automatically lose when time's up. (requested by George Cyclops)\n|inactive|TheLawOfIdentity also wants the timer to be on.\n|\n|t:|1700155979\n|start\n|switch|p1a: Corviknight|Corviknight, M|100\/100\n|switch|p2a: Greninja|Greninja, M|100\/100\n|turn|1\n|\n|t:|1700155987\n|switch|p1a: Fezandipiti|Fezandipiti, M|100\/100\n|-terastallize|p2a: Greninja|Ice\n|move|p2a: Greninja|Ice Beam|p1a: Fezandipiti\n|-damage|p1a: Fezandipiti|78\/100\n|\n|-heal|p1a: Fezandipiti|84\/100|[from] item: Black Sludge\n|upkeep\n|turn|2\n|\n|t:|1700156009\n|switch|p2a: Great Tusk|Great Tusk|100\/100\n|-enditem|p2a: Great Tusk|Booster Energy\n|-activate|p2a: Great Tusk|ability: Protosynthesis|[fromitem]\n|-start|p2a: Great Tusk|protosynthesisatk\n|move|p1a: Fezandipiti|U-turn|p2a: Great Tusk\n|-resisted|p2a: Great Tusk\n|-damage|p2a: Great Tusk|95\/100\n|\n|t:|1700156013\n|switch|p1a: Landorus|Landorus-Therian, M|100\/100|[from] U-turn\n|-ability|p1a: Landorus|Intimidate|boost\n|-unboost|p2a: Great Tusk|atk|1\n|\n|upkeep\n|turn|3\n|\n|t:|1700156019\n|move|p1a: Landorus|Earthquake|p2a: Great Tusk\n|-crit|p2a: Great Tusk\n|-damage|p2a: Great Tusk|25\/100\n|move|p2a: Great Tusk|Ice Spinner|p1a: Landorus\n|-supereffective|p1a: Landorus\n|-damage|p1a: Landorus|0 fnt\n|faint|p1a: Landorus\n|\n|upkeep\n|\n|t:|1700156037\n|switch|p1a: Kommo-o|Kommo-o, M|100\/100\n|turn|4\n|\n|t:|1700156041\n|move|p2a: Great Tusk|Headlong Rush|p1a: Kommo-o\n|-damage|p1a: Kommo-o|47\/100\n|-unboost|p2a: Great Tusk|def|1\n|-unboost|p2a: Great Tusk|spd|1\n|move|p1a: Kommo-o|Clangorous Soul|p1a: Kommo-o\n|-boost|p1a: Kommo-o|atk|1\n|-boost|p1a: Kommo-o|def|1\n|-boost|p1a: Kommo-o|spa|1\n|-boost|p1a: Kommo-o|spd|1\n|-boost|p1a: Kommo-o|spe|1\n|-damage|p1a: Kommo-o|14\/100\n|-enditem|p1a: Kommo-o|Throat Spray\n|-boost|p1a: Kommo-o|spa|1|[from] item: Throat Spray\n|\n|upkeep\n|turn|5\n|\n|t:|1700156053\n|move|p1a: Kommo-o|Aura Sphere|p2a: Great Tusk\n|-crit|p2a: Great Tusk\n|-damage|p2a: Great Tusk|0 fnt\n|faint|p2a: Great Tusk\n|-end|p2a: Great Tusk|Protosynthesis|[silent]\n|\n|upkeep\n|\n|t:|1700156059\n|switch|p2a: Greninja|Greninja, M, tera:Ice|100\/100\n|turn|6\n|\n|t:|1700156063\n|move|p2a: Greninja|Water Shuriken|p1a: Kommo-o\n|-resisted|p1a: Kommo-o\n|-damage|p1a: Kommo-o|11\/100\n|-resisted|p1a: Kommo-o\n|-damage|p1a: Kommo-o|9\/100\n|-resisted|p1a: Kommo-o\n|-damage|p1a: Kommo-o|6\/100\n|-hitcount|p1a: Kommo-o|3\n|move|p1a: Kommo-o|Aura Sphere|p2a: Greninja\n|-supereffective|p2a: Greninja\n|-damage|p2a: Greninja|0 fnt\n|faint|p2a: Greninja\n|\n|upkeep\n|\n|t:|1700156074\n|switch|p2a: Iron Moth|Iron Moth|100\/100\n|-enditem|p2a: Iron Moth|Booster Energy\n|-activate|p2a: Iron Moth|ability: Quark Drive|[fromitem]\n|-start|p2a: Iron Moth|quarkdrivespe\n|turn|7\n|\n|t:|1700156086\n|move|p2a: Iron Moth|Dazzling Gleam|p1a: Kommo-o\n|-supereffective|p1a: Kommo-o\n|-damage|p1a: Kommo-o|0 fnt\n|faint|p1a: Kommo-o\n|\n|upkeep\n|c|\u2606George Cyclops|oh\n|\n|t:|1700156094\n|switch|p1a: Fezandipiti|Fezandipiti, M|84\/100\n|turn|8\n|c|\u2606George Cyclops|almost predicted a switch but I'm glad I didn't\n|\n|t:|1700156102\n|move|p2a: Iron Moth|Fiery Dance|p1a: Fezandipiti\n|-damage|p1a: Fezandipiti|61\/100\n|move|p1a: Fezandipiti|Roost|p1a: Fezandipiti\n|-heal|p1a: Fezandipiti|100\/100\n|-singleturn|p1a: Fezandipiti|move: Roost\n|\n|upkeep\n|turn|9\n|\n|t:|1700156112\n|move|p2a: Iron Moth|Fiery Dance|p1a: Fezandipiti\n|-damage|p1a: Fezandipiti|80\/100\n|-boost|p2a: Iron Moth|spa|1\n|move|p1a: Fezandipiti|Poison Jab|p2a: Iron Moth\n|-resisted|p2a: Iron Moth\n|-damage|p2a: Iron Moth|83\/100\n|\n|-heal|p1a: Fezandipiti|86\/100|[from] item: Black Sludge\n|upkeep\n|turn|10\n|\n|t:|1700156123\n|move|p2a: Iron Moth|Fiery Dance|p1a: Fezandipiti\n|-damage|p1a: Fezandipiti|52\/100\n|-boost|p2a: Iron Moth|spa|1\n|move|p1a: Fezandipiti|Poison Jab|p2a: Iron Moth\n|-resisted|p2a: Iron Moth\n|-damage|p2a: Iron Moth|63\/100\n|\n|-heal|p1a: Fezandipiti|58\/100|[from] item: Black Sludge\n|upkeep\n|turn|11\n|\n|t:|1700156132\n|move|p2a: Iron Moth|Fiery Dance|p1a: Fezandipiti\n|-crit|p1a: Fezandipiti\n|-damage|p1a: Fezandipiti|0 fnt\n|-boost|p2a: Iron Moth|spa|1\n|faint|p1a: Fezandipiti\n|\n|upkeep\n|\n|t:|1700156144\n|switch|p1a: Ferro mela empalma|Iron Hands|100\/100\n|turn|12\n|\n|t:|1700156156\n|move|p1a: Ferro mela empalma|Fake Out|p2a: Iron Moth\n|-damage|p2a: Iron Moth|39\/100\n|cant|p2a: Iron Moth|flinch\n|\n|upkeep\n|turn|13\n|\n|t:|1700156167\n|-end|p1a: Ferro mela empalma|Quark Drive|[silent]\n|switch|p1a: Sinistcha|Sinistcha-Masterpiece|100\/100\n|move|p2a: Iron Moth|Sludge Wave|p1a: Sinistcha\n|-damage|p1a: Sinistcha|0 fnt\n|faint|p1a: Sinistcha\n|\n|upkeep\n|\n|t:|1700156169\n|switch|p1a: Ferro mela empalma|Iron Hands|100\/100\n|turn|14\n|\n|t:|1700156175\n|move|p1a: Ferro mela empalma|Fake Out|p2a: Iron Moth\n|-damage|p2a: Iron Moth|14\/100\n|cant|p2a: Iron Moth|flinch\n|\n|upkeep\n|turn|15\n|\n|t:|1700156179\n|-end|p1a: Ferro mela empalma|Quark Drive|[silent]\n|switch|p1a: Corviknight|Corviknight, M|100\/100\n|move|p2a: Iron Moth|Fiery Dance|p1a: Corviknight\n|-supereffective|p1a: Corviknight\n|-damage|p1a: Corviknight|0 fnt\n|faint|p1a: Corviknight\n|\n|upkeep\n|\n|t:|1700156182\n|switch|p1a: Ferro mela empalma|Iron Hands|100\/100\n|turn|16\n|\n|t:|1700156188\n|move|p1a: Ferro mela empalma|Fake Out|p2a: Iron Moth\n|-damage|p2a: Iron Moth|0 fnt\n|faint|p2a: Iron Moth\n|-end|p2a: Iron Moth|Quark Drive|[silent]\n|\n|upkeep\n|\n|t:|1700156192\n|switch|p2a: Haxorus|Haxorus, M, shiny|100\/100\n|-ability|p2a: Haxorus|Mold Breaker\n|turn|17\n|\n|t:|1700156199\n|-terastallize|p1a: Ferro mela empalma|Fighting\n|move|p2a: Haxorus|Dragon Dance|p2a: Haxorus\n|-boost|p2a: Haxorus|atk|1\n|-boost|p2a: Haxorus|spe|1\n|move|p1a: Ferro mela empalma|Drain Punch|p2a: Haxorus\n|-damage|p2a: Haxorus|30\/100\n|\n|upkeep\n|turn|18\n|\n|t:|1700156207\n|move|p2a: Haxorus|Earthquake|p1a: Ferro mela empalma\n|-damage|p1a: Ferro mela empalma|64\/100\n|move|p1a: Ferro mela empalma|Drain Punch|p2a: Haxorus\n|-damage|p2a: Haxorus|0 fnt\n|-heal|p1a: Ferro mela empalma|74\/100|[from] drain|[of] p2a: Haxorus\n|faint|p2a: Haxorus\n|\n|upkeep\n|\n|t:|1700156217\n|switch|p2a: Ninetales|Ninetales-Alola, M|100\/100\n|-weather|Snow|[from] ability: Snow Warning|[of] p2a: Ninetales\n|turn|19\n|\n|t:|1700156223\n|move|p2a: Ninetales|Aurora Veil|p2a: Ninetales\n|-sidestart|p2: George Cyclops|move: Aurora Veil\n|move|p1a: Ferro mela empalma|Drain Punch|p2a: Ninetales\n|-damage|p2a: Ninetales|74\/100\n|-heal|p1a: Ferro mela empalma|84\/100|[from] drain|[of] p2a: Ninetales\n|\n|-weather|Snow|[upkeep]\n|upkeep\n|turn|20\n|\n|t:|1700156229\n|move|p2a: Ninetales|Draining Kiss|p1a: Ferro mela empalma\n|-supereffective|p1a: Ferro mela empalma\n|-crit|p1a: Ferro mela empalma\n|-damage|p1a: Ferro mela empalma|58\/100\n|-heal|p2a: Ninetales|99\/100|[from] drain|[of] p1a: Ferro mela empalma\n|move|p1a: Ferro mela empalma|Drain Punch|p2a: Ninetales\n|-damage|p2a: Ninetales|72\/100\n|-heal|p1a: Ferro mela empalma|69\/100|[from] drain|[of] p2a: Ninetales\n|\n|-weather|Snow|[upkeep]\n|upkeep\n|turn|21\n|\n|t:|1700156238\n|move|p2a: Ninetales|Draining Kiss|p1a: Ferro mela empalma\n|-supereffective|p1a: Ferro mela empalma\n|-damage|p1a: Ferro mela empalma|51\/100\n|-heal|p2a: Ninetales|89\/100|[from] drain|[of] p1a: Ferro mela empalma\n|move|p1a: Ferro mela empalma|Drain Punch|p2a: Ninetales\n|-damage|p2a: Ninetales|63\/100\n|-heal|p1a: Ferro mela empalma|61\/100|[from] drain|[of] p2a: Ninetales\n|\n|-weather|Snow|[upkeep]\n|upkeep\n|turn|22\n|c|\u2606George Cyclops|eternal battle lol\n|\n|t:|1700156255\n|move|p2a: Ninetales|Draining Kiss|p1a: Ferro mela empalma\n|-supereffective|p1a: Ferro mela empalma\n|-damage|p1a: Ferro mela empalma|44\/100\n|-heal|p2a: Ninetales|80\/100|[from] drain|[of] p1a: Ferro mela empalma\n|move|p1a: Ferro mela empalma|Drain Punch|p2a: Ninetales\n|-damage|p2a: Ninetales|56\/100\n|-heal|p1a: Ferro mela empalma|53\/100|[from] drain|[of] p2a: Ninetales\n|\n|-weather|Snow|[upkeep]\n|upkeep\n|turn|23\n|\n|t:|1700156264\n|move|p2a: Ninetales|Draining Kiss|p1a: Ferro mela empalma\n|-supereffective|p1a: Ferro mela empalma\n|-damage|p1a: Ferro mela empalma|35\/100\n|-heal|p2a: Ninetales|73\/100|[from] drain|[of] p1a: Ferro mela empalma\n|move|p1a: Ferro mela empalma|Thunder Punch|p2a: Ninetales\n|-damage|p2a: Ninetales|56\/100\n|\n|-weather|none\n|upkeep\n|turn|24\n|\n|t:|1700156272\n|move|p2a: Ninetales|Draining Kiss|p1a: Ferro mela empalma\n|-supereffective|p1a: Ferro mela empalma\n|-damage|p1a: Ferro mela empalma|15\/100\n|-heal|p2a: Ninetales|75\/100|[from] drain|[of] p1a: Ferro mela empalma\n|move|p1a: Ferro mela empalma|Drain Punch|p2a: Ninetales\n|-damage|p2a: Ninetales|36\/100\n|-heal|p1a: Ferro mela empalma|31\/100|[from] drain|[of] p2a: Ninetales\n|\n|upkeep\n|turn|25\n|\n|t:|1700156280\n|move|p2a: Ninetales|Draining Kiss|p1a: Ferro mela empalma\n|-supereffective|p1a: Ferro mela empalma\n|-damage|p1a: Ferro mela empalma|11\/100\n|-heal|p2a: Ninetales|55\/100|[from] drain|[of] p1a: Ferro mela empalma\n|move|p1a: Ferro mela empalma|Drain Punch|p2a: Ninetales\n|-damage|p2a: Ninetales|19\/100\n|-heal|p1a: Ferro mela empalma|25\/100|[from] drain|[of] p2a: Ninetales\n|\n|upkeep\n|turn|26\n|\n|t:|1700156288\n|move|p2a: Ninetales|Draining Kiss|p1a: Ferro mela empalma\n|-supereffective|p1a: Ferro mela empalma\n|-damage|p1a: Ferro mela empalma|7\/100\n|-heal|p2a: Ninetales|36\/100|[from] drain|[of] p1a: Ferro mela empalma\n|move|p1a: Ferro mela empalma|Drain Punch|p2a: Ninetales\n|-damage|p2a: Ninetales|0 fnt\n|-heal|p1a: Ferro mela empalma|21\/100|[from] drain|[of] p2a: Ninetales\n|faint|p2a: Ninetales\n|\n|-sideend|p2: George Cyclops|move: Aurora Veil\n|upkeep\n|\n|t:|1700156297\n|switch|p2a: Iron Valiant|Iron Valiant|100\/100\n|-enditem|p2a: Iron Valiant|Booster Energy\n|-activate|p2a: Iron Valiant|ability: Quark Drive|[fromitem]\n|-start|p2a: Iron Valiant|quarkdrivespe\n|turn|27\n|\n|t:|1700156304\n|move|p2a: Iron Valiant|Close Combat|p1a: Ferro mela empalma\n|-damage|p1a: Ferro mela empalma|0 fnt\n|-unboost|p2a: Iron Valiant|def|1\n|-unboost|p2a: Iron Valiant|spd|1\n|faint|p1a: Ferro mela empalma\n|-end|p1a: Ferro mela empalma|Quark Drive|[silent]\n|\n|win|George Cyclops\n|raw|TheLawOfIdentity's rating: 1279 &rarr; <strong>1248<\/strong><br \/>(-31 for losing)\n|raw|George Cyclops's rating: 1191 &rarr; <strong>1222<\/strong><br \/>(+31 for winning)\n|c|\u2606George Cyclops|gg\n","uploadtime":1700156312,"views":7,"p1id":"thelawofidentity","p2id":"georgecyclops","formatid":"gen9ou","rating":1222,"private":0,"password":""}