{"id":"gen9ou-1992798026","p1":"Slipvinny","p2":"Knight_Garland","format":"[Gen 9] OU","log":"|j|\u2606Slipvinny\n|j|\u2606Knight_Garland\n|t:|1700236348\n|gametype|singles\n|player|p1|Slipvinny|swimmerf|1409\n|player|p2|Knight_Garland|1|1442\n|teamsize|p1|6\n|teamsize|p2|6\n|gen|9\n|tier|[Gen 9] OU\n|rated|\n|rule|Sleep Clause Mod: Limit one foe put to sleep\n|rule|Species Clause: Limit one of each Pok\u00e9mon\n|rule|OHKO Clause: OHKO moves are banned\n|rule|Evasion Items Clause: Evasion items are banned\n|rule|Evasion Moves Clause: Evasion moves are banned\n|rule|Endless Battle Clause: Forcing endless battles is banned\n|rule|HP Percentage Mod: HP is shown in percentages\n|clearpoke\n|poke|p1|Enamorus, F|\n|poke|p1|Gholdengo|\n|poke|p1|Glimmora, M|\n|poke|p1|Conkeldurr, M|\n|poke|p1|Iron Valiant|\n|poke|p1|Kingambit, M|\n|poke|p2|Gholdengo|\n|poke|p2|Samurott-Hisui, M|\n|poke|p2|Glimmora, F|\n|poke|p2|Garganacl, M|\n|poke|p2|Great Tusk|\n|poke|p2|Dragonite, M|\n|teampreview\n|inactive|Battle timer is ON: inactive players will automatically lose when time's up. (requested by Slipvinny)\n|\n|t:|1700236360\n|start\n|switch|p1a: Enamorus|Enamorus, F|100\/100\n|switch|p2a: Great Tusk|Great Tusk|100\/100\n|turn|1\n|\n|t:|1700236367\n|-end|p2a: Great Tusk|Protosynthesis|[silent]\n|switch|p2a: Gholdengo|Gholdengo|100\/100\n|move|p1a: Enamorus|Play Rough|p2a: Gholdengo\n|-resisted|p2a: Gholdengo\n|-damage|p2a: Gholdengo|74\/100\n|\n|upkeep\n|turn|2\n|\n|t:|1700236388\n|move|p2a: Gholdengo|Thunderbolt|p1a: Enamorus\n|-supereffective|p1a: Enamorus\n|-damage|p1a: Enamorus|25\/100\n|move|p1a: Enamorus|Earth Power|p2a: Gholdengo\n|-supereffective|p2a: Gholdengo\n|-damage|p2a: Gholdengo|6\/100\n|\n|upkeep\n|turn|3\n|\n|t:|1700236410\n|move|p2a: Gholdengo|Thunderbolt|p1a: Enamorus\n|-supereffective|p1a: Enamorus\n|-damage|p1a: Enamorus|0 fnt\n|faint|p1a: Enamorus\n|\n|upkeep\n|\n|t:|1700236416\n|switch|p1a: Iron Valiant|Iron Valiant|100\/100\n|-enditem|p1a: Iron Valiant|Booster Energy\n|-activate|p1a: Iron Valiant|ability: Quark Drive|[fromitem]\n|-start|p1a: Iron Valiant|quarkdrivespe\n|turn|4\n|\n|t:|1700236437\n|move|p1a: Iron Valiant|Moonblast|p2a: Gholdengo\n|-resisted|p2a: Gholdengo\n|-damage|p2a: Gholdengo|0 fnt\n|faint|p2a: Gholdengo\n|\n|upkeep\n|\n|t:|1700236443\n|switch|p2a: Somehow OU|Garganacl, M|100\/100\n|turn|5\n|\n|t:|1700236450\n|-terastallize|p2a: Somehow OU|Ghost\n|move|p1a: Iron Valiant|Aura Sphere|p2a: Somehow OU\n|-immune|p2a: Somehow OU\n|move|p2a: Somehow OU|Salt Cure|p1a: Iron Valiant\n|-resisted|p1a: Iron Valiant\n|-damage|p1a: Iron Valiant|92\/100\n|-start|p1a: Iron Valiant|Salt Cure\n|\n|-damage|p1a: Iron Valiant|79\/100|[from] Salt Cure\n|upkeep\n|turn|6\n|\n|t:|1700236458\n|-end|p1a: Iron Valiant|Quark Drive|[silent]\n|switch|p1a: Gholdengo|Gholdengo|100\/100\n|move|p2a: Somehow OU|Iron Defense|p2a: Somehow OU\n|-boost|p2a: Somehow OU|def|2\n|\n|upkeep\n|turn|7\n|\n|t:|1700236464\n|move|p1a: Gholdengo|Hex|p2a: Somehow OU\n|-supereffective|p2a: Somehow OU\n|-damage|p2a: Somehow OU|82\/100\n|move|p2a: Somehow OU|Salt Cure|p1a: Gholdengo\n|-resisted|p1a: Gholdengo\n|-damage|p1a: Gholdengo|95\/100\n|-start|p1a: Gholdengo|Salt Cure\n|\n|-heal|p1a: Gholdengo|100\/100|[from] item: Leftovers\n|-heal|p2a: Somehow OU|88\/100|[from] item: Leftovers\n|-damage|p1a: Gholdengo|76\/100|[from] Salt Cure\n|upkeep\n|turn|8\n|\n|t:|1700236471\n|switch|p1a: Conkeldurr|Conkeldurr, M|100\/100\n|move|p2a: Somehow OU|Iron Defense|p2a: Somehow OU\n|-boost|p2a: Somehow OU|def|2\n|\n|-heal|p2a: Somehow OU|95\/100|[from] item: Leftovers\n|-status|p1a: Conkeldurr|brn|[from] item: Flame Orb\n|upkeep\n|turn|9\n|\n|t:|1700236476\n|move|p1a: Conkeldurr|Knock Off|p2a: Somehow OU\n|-supereffective|p2a: Somehow OU\n|-damage|p2a: Somehow OU|68\/100\n|-enditem|p2a: Somehow OU|Leftovers|[from] move: Knock Off|[of] p1a: Conkeldurr\n|move|p2a: Somehow OU|Salt Cure|p1a: Conkeldurr\n|-resisted|p1a: Conkeldurr\n|-damage|p1a: Conkeldurr|95\/100 brn\n|-start|p1a: Conkeldurr|Salt Cure\n|\n|-damage|p1a: Conkeldurr|89\/100 brn|[from] brn\n|-damage|p1a: Conkeldurr|76\/100 brn|[from] Salt Cure\n|upkeep\n|turn|10\n|inactive|Slipvinny has 120 seconds left.\n|\n|t:|1700236509\n|switch|p1a: Kingambit|Kingambit, M|100\/100\n|-activate|p1a: Kingambit|ability: Supreme Overlord\n|-start|p1a: Kingambit|fallen1|[silent]\n|move|p2a: Somehow OU|Recover|p2a: Somehow OU\n|-heal|p2a: Somehow OU|100\/100\n|\n|upkeep\n|turn|11\n|inactive|Slipvinny has 120 seconds left.\n|\n|t:|1700236520\n|move|p1a: Kingambit|Swords Dance|p1a: Kingambit\n|-boost|p1a: Kingambit|atk|2\n|move|p2a: Somehow OU|Body Press|p1a: Kingambit\n|-supereffective|p1a: Kingambit\n|-crit|p1a: Kingambit\n|-enditem|p1a: Kingambit|Focus Sash\n|-damage|p1a: Kingambit|1\/100\n|\n|upkeep\n|turn|12\n|\n|t:|1700236538\n|move|p1a: Kingambit|Kowtow Cleave|p2a: Somehow OU\n|-supereffective|p2a: Somehow OU\n|-damage|p2a: Somehow OU|53\/100\n|move|p2a: Somehow OU|Salt Cure|p1a: Kingambit\n|-resisted|p1a: Kingambit\n|-damage|p1a: Kingambit|0 fnt\n|faint|p1a: Kingambit\n|-end|p1a: Kingambit|fallen1|[silent]\n|\n|upkeep\n|inactive|Slipvinny has 120 seconds left.\n|\n|t:|1700236550\n|switch|p1a: Iron Valiant|Iron Valiant|79\/100\n|turn|13\n|\n|t:|1700236552\n|move|p1a: Iron Valiant|Moonblast|p2a: Somehow OU\n|-damage|p2a: Somehow OU|23\/100\n|move|p2a: Somehow OU|Recover|p2a: Somehow OU\n|-heal|p2a: Somehow OU|73\/100\n|\n|upkeep\n|turn|14\n|\n|t:|1700236561\n|move|p1a: Iron Valiant|Moonblast|p2a: Somehow OU\n|-damage|p2a: Somehow OU|41\/100\n|move|p2a: Somehow OU|Salt Cure|p1a: Iron Valiant\n|-resisted|p1a: Iron Valiant\n|-damage|p1a: Iron Valiant|71\/100\n|-start|p1a: Iron Valiant|Salt Cure\n|\n|-damage|p1a: Iron Valiant|58\/100|[from] Salt Cure\n|upkeep\n|turn|15\n|\n|t:|1700236566\n|move|p1a: Iron Valiant|Moonblast|p2a: Somehow OU\n|-damage|p2a: Somehow OU|9\/100\n|-unboost|p2a: Somehow OU|spa|1\n|move|p2a: Somehow OU|Recover|p2a: Somehow OU\n|-heal|p2a: Somehow OU|59\/100\n|\n|-damage|p1a: Iron Valiant|46\/100|[from] Salt Cure\n|upkeep\n|turn|16\n|\n|t:|1700236571\n|move|p1a: Iron Valiant|Moonblast|p2a: Somehow OU\n|-damage|p2a: Somehow OU|30\/100\n|move|p2a: Somehow OU|Recover|p2a: Somehow OU\n|-heal|p2a: Somehow OU|80\/100\n|\n|-damage|p1a: Iron Valiant|33\/100|[from] Salt Cure\n|upkeep\n|turn|17\n|c|\u2606Slipvinny|This damn thing\n|l|\u2606Slipvinny\n|inactive|Slipvinny disconnected and has a minute to reconnect!\n|player|p1|\n|inactive|Slipvinny has 30 seconds to reconnect!\n|inactive|Slipvinny has 20 seconds to reconnect!\n|inactive|Slipvinny has 15 seconds to reconnect!\n|inactive|Slipvinny has 10 seconds to reconnect!\n|inactive|Slipvinny has 5 seconds to reconnect!\n|-message|Slipvinny lost due to inactivity.\n|\n|win|Knight_Garland\n|raw|Slipvinny's rating: 1409 &rarr; <strong>1391<\/strong><br \/>(-18 for losing)\n|raw|Knight_Garland's rating: 1442 &rarr; <strong>1460<\/strong><br \/>(+18 for winning)\n","uploadtime":1700236650,"views":9,"p1id":"slipvinny","p2id":"knightgarland","formatid":"gen9ou","rating":1391,"private":0,"password":""}