{"id":"gen9ou-1997404525","p1":"Digitaldrippp","p2":"SpasDeUzi","format":"[Gen 9] OU","log":"|j|\u2606Digitaldrippp\n|j|\u2606SpasDeUzi\n|t:|1700799935\n|gametype|singles\n|player|p1|Digitaldrippp|266|1153\n|player|p2|SpasDeUzi|102|1142\n|teamsize|p1|6\n|teamsize|p2|6\n|gen|9\n|tier|[Gen 9] OU\n|rated|\n|rule|Sleep Clause Mod: Limit one foe put to sleep\n|rule|Species Clause: Limit one of each Pok\u00e9mon\n|rule|OHKO Clause: OHKO moves are banned\n|rule|Evasion Items Clause: Evasion items are banned\n|rule|Evasion Moves Clause: Evasion moves are banned\n|rule|Endless Battle Clause: Forcing endless battles is banned\n|rule|HP Percentage Mod: HP is shown in percentages\n|clearpoke\n|poke|p1|Rillaboom, M|\n|poke|p1|Armarouge, M|\n|poke|p1|Ogerpon-Cornerstone, F|\n|poke|p1|Iron Treads|\n|poke|p1|Greninja-*, M|\n|poke|p1|Hatterene, F|\n|poke|p2|Torterra, M|\n|poke|p2|Ribombee, M|\n|poke|p2|Grimmsnarl, M|\n|poke|p2|Manaphy|\n|poke|p2|Dragonite, F|\n|poke|p2|Gholdengo|\n|teampreview\n|\n|t:|1700799942\n|start\n|switch|p1a: Ogerpon|Ogerpon-Cornerstone, F|100\/100\n|switch|p2a: Ribombee|Ribombee, M, shiny|100\/100\n|turn|1\n|inactive|Battle timer is ON: inactive players will automatically lose when time's up. (requested by SpasDeUzi)\n|\n|t:|1700799949\n|move|p2a: Ribombee|Sticky Web|p1a: Ogerpon\n|-sidestart|p1: Digitaldrippp|move: Sticky Web\n|move|p1a: Ogerpon|Ivy Cudgel|p2a: Ribombee|[anim] Ivy Cudgel Rock\n|-supereffective|p2a: Ribombee\n|-enditem|p2a: Ribombee|Focus Sash\n|-damage|p2a: Ribombee|1\/100\n|\n|upkeep\n|turn|2\n|\n|t:|1700799954\n|move|p2a: Ribombee|Stun Spore|p1a: Ogerpon\n|-immune|p1a: Ogerpon\n|move|p1a: Ogerpon|Ivy Cudgel|p2a: Ribombee|[anim] Ivy Cudgel Rock\n|-supereffective|p2a: Ribombee\n|-damage|p2a: Ribombee|0 fnt\n|faint|p2a: Ribombee\n|\n|upkeep\n|\n|t:|1700799963\n|switch|p2a: Torterra|Torterra, M, shiny|100\/100\n|turn|3\n|\n|t:|1700799971\n|move|p1a: Ogerpon|Swords Dance|p1a: Ogerpon\n|-boost|p1a: Ogerpon|atk|2\n|move|p2a: Torterra|Shell Smash|p2a: Torterra\n|-unboost|p2a: Torterra|def|1\n|-unboost|p2a: Torterra|spd|1\n|-boost|p2a: Torterra|atk|2\n|-boost|p2a: Torterra|spa|2\n|-boost|p2a: Torterra|spe|2\n|\n|upkeep\n|turn|4\n|\n|t:|1700799978\n|move|p2a: Torterra|Bullet Seed|p1a: Ogerpon\n|-damage|p1a: Ogerpon|69\/100\n|-damage|p1a: Ogerpon|36\/100\n|-damage|p1a: Ogerpon|4\/100\n|-damage|p1a: Ogerpon|0 fnt\n|faint|p1a: Ogerpon\n|-hitcount|p1: Ogerpon|4\n|\n|upkeep\n|\n|t:|1700800000\n|switch|p1a: Hatterene|Hatterene, F|100\/100\n|-activate|p1a: Hatterene|move: Sticky Web\n|-unboost|p1a: Hatterene|spe|1\n|turn|5\n|\n|t:|1700800007\n|move|p2a: Torterra|Bullet Seed|p1a: Hatterene\n|-damage|p1a: Hatterene|73\/100\n|-damage|p1a: Hatterene|45\/100\n|-damage|p1a: Hatterene|17\/100\n|-damage|p1a: Hatterene|0 fnt\n|faint|p1a: Hatterene\n|-hitcount|p1: Hatterene|4\n|\n|upkeep\n|\n|t:|1700800024\n|switch|p1a: Rillaboom|Rillaboom, M|100\/100\n|-activate|p1a: Rillaboom|move: Sticky Web\n|-unboost|p1a: Rillaboom|spe|1\n|-fieldstart|move: Grassy Terrain|[from] ability: Grassy Surge|[of] p1a: Rillaboom\n|turn|6\n|\n|t:|1700800034\n|move|p2a: Torterra|Rock Blast|p1a: Rillaboom\n|-damage|p1a: Rillaboom|83\/100\n|-damage|p1a: Rillaboom|63\/100\n|-damage|p1a: Rillaboom|45\/100\n|-damage|p1a: Rillaboom|27\/100\n|-damage|p1a: Rillaboom|9\/100\n|-hitcount|p1a: Rillaboom|5\n|move|p1a: Rillaboom|U-turn|p2a: Torterra\n|-supereffective|p2a: Torterra\n|-damage|p2a: Torterra|0 fnt\n|faint|p2a: Torterra\n|inactive|Digitaldrippp has 120 seconds left.\n|\n|t:|1700800057\n|switch|p1a: Greninja|Greninja, M|100\/100|[from] U-turn\n|-activate|p1a: Greninja|move: Sticky Web\n|-unboost|p1a: Greninja|spe|1\n|\n|upkeep\n|\n|t:|1700800073\n|switch|p2a: Grimmsnarl|Grimmsnarl, M, shiny|100\/100\n|turn|7\n|\n|t:|1700800086\n|switch|p1a: Iron Treads|Iron Treads|100\/100\n|-activate|p1a: Iron Treads|move: Sticky Web\n|-unboost|p1a: Iron Treads|spe|1\n|-enditem|p1a: Iron Treads|Booster Energy\n|-activate|p1a: Iron Treads|ability: Quark Drive|[fromitem]\n|-start|p1a: Iron Treads|quarkdrivedef\n|move|p2a: Grimmsnarl|Light Screen|p2a: Grimmsnarl\n|-sidestart|p2: SpasDeUzi|move: Light Screen\n|\n|upkeep\n|turn|8\n|\n|t:|1700800103\n|move|p2a: Grimmsnarl|Taunt|p1a: Iron Treads\n|-start|p1a: Iron Treads|move: Taunt\n|move|p1a: Iron Treads|Rapid Spin|p2a: Grimmsnarl\n|-damage|p2a: Grimmsnarl|87\/100\n|-boost|p1a: Iron Treads|spe|1\n|-sideend|p1: Digitaldrippp|Sticky Web|[from] move: Rapid Spin|[of] p1a: Iron Treads\n|\n|-heal|p2a: Grimmsnarl|93\/100|[from] Grassy Terrain\n|upkeep\n|turn|9\n|\n|t:|1700800107\n|move|p2a: Grimmsnarl|Reflect|p2a: Grimmsnarl\n|-sidestart|p2: SpasDeUzi|Reflect\n|move|p1a: Iron Treads|Earth Power|p2a: Grimmsnarl\n|-damage|p2a: Grimmsnarl|81\/100\n|\n|-heal|p2a: Grimmsnarl|87\/100|[from] Grassy Terrain\n|upkeep\n|turn|10\n|\n|t:|1700800115\n|move|p2a: Grimmsnarl|Parting Shot|p1a: Iron Treads\n|-unboost|p1a: Iron Treads|atk|1\n|-unboost|p1a: Iron Treads|spa|1\n|\n|t:|1700800130\n|switch|p2a: Manaphy|Manaphy, shiny|100\/100|[from] Parting Shot\n|move|p1a: Iron Treads|Rapid Spin|p2a: Manaphy\n|-crit|p2a: Manaphy\n|-damage|p2a: Manaphy|87\/100\n|-boost|p1a: Iron Treads|spe|1\n|\n|-heal|p2a: Manaphy|93\/100|[from] Grassy Terrain\n|-end|p1a: Iron Treads|move: Taunt\n|-fieldend|move: Grassy Terrain\n|upkeep\n|turn|11\n|\n|t:|1700800150\n|move|p1a: Iron Treads|Steel Beam|p2a: Manaphy\n|-resisted|p2a: Manaphy\n|-crit|p2a: Manaphy\n|-damage|p2a: Manaphy|58\/100\n|-damage|p1a: Iron Treads|50\/100|[from] steelbeam\n|move|p2a: Manaphy|Tail Glow|p2a: Manaphy\n|-boost|p2a: Manaphy|spa|3\n|\n|upkeep\n|turn|12\n|\n|t:|1700800156\n|-end|p1a: Iron Treads|Quark Drive|[silent]\n|switch|p1a: Rillaboom|Rillaboom, M|9\/100\n|-fieldstart|move: Grassy Terrain|[from] ability: Grassy Surge|[of] p1a: Rillaboom\n|move|p2a: Manaphy|Scald|p1a: Rillaboom\n|-resisted|p1a: Rillaboom\n|-damage|p1a: Rillaboom|0 fnt\n|faint|p1a: Rillaboom\n|\n|-heal|p2a: Manaphy|64\/100|[from] Grassy Terrain\n|upkeep\n|\n|t:|1700800169\n|switch|p1a: Armarouge|Armarouge, M|100\/100\n|-enditem|p1a: Armarouge|Grassy Seed\n|-boost|p1a: Armarouge|def|1|[from] item: Grassy Seed\n|turn|13\n|\n|t:|1700800176\n|move|p2a: Manaphy|Scald|p1a: Armarouge\n|-supereffective|p1a: Armarouge\n|-damage|p1a: Armarouge|0 fnt\n|faint|p1a: Armarouge\n|\n|-heal|p2a: Manaphy|71\/100|[from] Grassy Terrain\n|upkeep\n|-message|Digitaldrippp forfeited.\n|\n|win|SpasDeUzi\n|raw|Digitaldrippp's rating: 1153 &rarr; <strong>1127<\/strong><br \/>(-26 for losing)\n|raw|SpasDeUzi's rating: 1142 &rarr; <strong>1168<\/strong><br \/>(+26 for winning)\n|l|\u2606Digitaldrippp\n","uploadtime":1700800205,"views":13,"p1id":"digitaldrippp","p2id":"spasdeuzi","formatid":"gen9ou","rating":1127,"private":0,"password":""}