{"id":"gen9ou-1993601887","p1":"StrikeV22","p2":"cb dozo ftw","format":"[Gen 9] OU","log":"|j|\u2606StrikeV22\n|j|\u2606cb dozo ftw\n|t:|1700336311\n|gametype|singles\n|player|p1|StrikeV22|102|1145\n|player|p2|cb dozo ftw|adaman|1226\n|teamsize|p1|6\n|teamsize|p2|6\n|gen|9\n|tier|[Gen 9] OU\n|rated|\n|rule|Sleep Clause Mod: Limit one foe put to sleep\n|rule|Species Clause: Limit one of each Pok\u00e9mon\n|rule|OHKO Clause: OHKO moves are banned\n|rule|Evasion Items Clause: Evasion items are banned\n|rule|Evasion Moves Clause: Evasion moves are banned\n|rule|Endless Battle Clause: Forcing endless battles is banned\n|rule|HP Percentage Mod: HP is shown in percentages\n|clearpoke\n|poke|p1|Pelipper, M|\n|poke|p1|Barraskewda, M|\n|poke|p1|Dragonite, M|\n|poke|p1|Landorus-Therian, M|\n|poke|p1|Kingambit, F|\n|poke|p1|Breloom, F|\n|poke|p2|Dondozo, F|\n|poke|p2|Iron Valiant|\n|poke|p2|Heatran, F|\n|poke|p2|Rillaboom, M|\n|poke|p2|Hatterene, F|\n|poke|p2|Kingambit, F|\n|teampreview\n|inactive|Battle timer is ON: inactive players will automatically lose when time's up. (requested by cb dozo ftw)\n|inactive|StrikeV22 also wants the timer to be on.\n|\n|t:|1700336334\n|start\n|switch|p1a: Barraskewda|Barraskewda, M|100\/100\n|switch|p2a: Heatran|Heatran, F|100\/100\n|-item|p2a: Heatran|Air Balloon\n|turn|1\n|\n|t:|1700336339\n|switch|p2a: Rillaboom|Rillaboom, M|100\/100\n|-fieldstart|move: Grassy Terrain|[from] ability: Grassy Surge|[of] p2a: Rillaboom\n|move|p1a: Barraskewda|Liquidation|p2a: Rillaboom\n|-resisted|p2a: Rillaboom\n|-damage|p2a: Rillaboom|63\/100\n|-unboost|p2a: Rillaboom|def|1\n|\n|-heal|p2a: Rillaboom|69\/100|[from] Grassy Terrain\n|upkeep\n|turn|2\n|\n|t:|1700336346\n|switch|p1a: Dragonite|Dragonite, M|100\/100\n|move|p2a: Rillaboom|U-turn|p1a: Dragonite\n|-resisted|p1a: Dragonite\n|-damage|p1a: Dragonite|92\/100\n|\n|t:|1700336350\n|switch|p2a: Hatterene|Hatterene, F|100\/100|[from] U-turn\n|-enditem|p2a: Hatterene|Grassy Seed\n|-boost|p2a: Hatterene|def|1|[from] item: Grassy Seed\n|\n|-heal|p1a: Dragonite|98\/100|[from] item: Leftovers\n|upkeep\n|turn|3\n|\n|t:|1700336363\n|switch|p1a: Pelipper|Pelipper, M|100\/100\n|-weather|RainDance|[from] ability: Drizzle|[of] p1a: Pelipper\n|move|p2a: Hatterene|Calm Mind|p2a: Hatterene\n|-boost|p2a: Hatterene|spa|1\n|-boost|p2a: Hatterene|spd|1\n|\n|-weather|RainDance|[upkeep]\n|upkeep\n|turn|4\n|\n|t:|1700336371\n|move|p1a: Pelipper|U-turn|p2a: Hatterene\n|-damage|p2a: Hatterene|95\/100\n|\n|t:|1700336379\n|switch|p1a: Barraskewda|Barraskewda, M|100\/100|[from] U-turn\n|move|p2a: Hatterene|Draining Kiss|p1a: Barraskewda\n|-damage|p1a: Barraskewda|24\/100\n|-heal|p2a: Hatterene|100\/100|[from] drain|[of] p1a: Barraskewda\n|\n|-weather|RainDance|[upkeep]\n|-heal|p1a: Barraskewda|30\/100|[from] Grassy Terrain\n|upkeep\n|turn|5\n|\n|t:|1700336386\n|move|p1a: Barraskewda|Poison Jab|p2a: Hatterene\n|-supereffective|p2a: Hatterene\n|-damage|p2a: Hatterene|55\/100\n|move|p2a: Hatterene|Draining Kiss|p1a: Barraskewda\n|-damage|p1a: Barraskewda|0 fnt\n|-heal|p2a: Hatterene|73\/100|[from] drain|[of] p1a: Barraskewda\n|faint|p1a: Barraskewda\n|\n|-weather|RainDance|[upkeep]\n|-heal|p2a: Hatterene|79\/100|[from] Grassy Terrain\n|-fieldend|move: Grassy Terrain\n|upkeep\n|\n|t:|1700336398\n|switch|p1a: Landorus|Landorus-Therian, M|100\/100\n|-ability|p1a: Landorus|Intimidate|boost\n|-unboost|p2a: Hatterene|atk|1\n|turn|6\n|\n|t:|1700336406\n|-terastallize|p1a: Landorus|Ground\n|-terastallize|p2a: Hatterene|Flying\n|move|p1a: Landorus|Sandsear Storm|p2a: Hatterene\n|-immune|p2a: Hatterene\n|move|p2a: Hatterene|Calm Mind|p2a: Hatterene\n|-boost|p2a: Hatterene|spa|1\n|-boost|p2a: Hatterene|spd|1\n|\n|-weather|RainDance|[upkeep]\n|upkeep\n|turn|7\n|-message|StrikeV22 forfeited.\n|\n|win|cb dozo ftw\n|raw|StrikeV22's rating: 1145 &rarr; <strong>1126<\/strong><br \/>(-19 for losing)\n|raw|cb dozo ftw's rating: 1226 &rarr; <strong>1245<\/strong><br \/>(+19 for winning)\n|l|\u2606StrikeV22\n","uploadtime":1700336413,"views":8,"p1id":"strikev22","p2id":"cbdozoftw","formatid":"gen9ou","rating":1126,"private":0,"password":""}