{"id":"gen9ou-1997290293","p1":"illneverchooseyou","p2":"Apoteosis","format":"[Gen 9] OU","log":"|j|\u2606illneverchooseyou\n|j|\u2606Apoteosis\n|t:|1700785272\n|gametype|singles\n|player|p1|illneverchooseyou|psychic-gen4|1615\n|player|p2|Apoteosis|265|1621\n|teamsize|p1|6\n|teamsize|p2|6\n|gen|9\n|tier|[Gen 9] OU\n|rated|\n|rule|Sleep Clause Mod: Limit one foe put to sleep\n|rule|Species Clause: Limit one of each Pok\u00e9mon\n|rule|OHKO Clause: OHKO moves are banned\n|rule|Evasion Items Clause: Evasion items are banned\n|rule|Evasion Moves Clause: Evasion moves are banned\n|rule|Endless Battle Clause: Forcing endless battles is banned\n|rule|HP Percentage Mod: HP is shown in percentages\n|clearpoke\n|poke|p1|Great Tusk|\n|poke|p1|Ursaluna, F|\n|poke|p1|Munkidori, M|\n|poke|p1|Slowking-Galar, F|\n|poke|p1|Alomomola, F|\n|poke|p1|Amoonguss, F|\n|poke|p2|Ninetales-Alola, M|\n|poke|p2|Slowbro-Galar, F|\n|poke|p2|Iron Hands|\n|poke|p2|Manaphy|\n|poke|p2|Cresselia, F|\n|poke|p2|Landorus-Therian, M|\n|teampreview\n|inactive|Battle timer is ON: inactive players will automatically lose when time's up. (requested by Apoteosis)\n|j| Mooncougar\n|\n|t:|1700785282\n|start\n|switch|p1a: Munkidori|Munkidori, M|100\/100\n|switch|p2a: Ninetales|Ninetales-Alola, M|100\/100\n|-weather|Snow|[from] ability: Snow Warning|[of] p2a: Ninetales\n|turn|1\n|\n|t:|1700785288\n|switch|p2a: Slowbro|Slowbro-Galar, F|100\/100\n|move|p1a: Munkidori|U-turn|p2a: Slowbro\n|-damage|p2a: Slowbro|89\/100\n|\n|t:|1700785296\n|switch|p1a: Ursaluna|Ursaluna, F|100\/100|[from] U-turn\n|\n|-weather|Snow|[upkeep]\n|-status|p1a: Ursaluna|brn|[from] item: Flame Orb\n|upkeep\n|turn|2\n|\n|t:|1700785309\n|switch|p2a: Landorus|Landorus-Therian, M|100\/100\n|-ability|p2a: Landorus|Intimidate|boost\n|-unboost|p1a: Ursaluna|atk|1\n|move|p1a: Ursaluna|Facade|p2a: Landorus\n|-damage|p2a: Landorus|10\/100\n|\n|-weather|Snow|[upkeep]\n|-damage|p1a: Ursaluna|94\/100 brn|[from] brn\n|upkeep\n|turn|3\n|\n|t:|1700785317\n|switch|p1a: Alomomola|Alomomola, F|100\/100\n|move|p2a: Landorus|U-turn|p1a: Alomomola\n|-damage|p1a: Alomomola|85\/100\n|-damage|p2a: Landorus|0 fnt|[from] item: Rocky Helmet|[of] p1a: Alomomola\n|faint|p2a: Landorus\n|\n|-weather|Snow|[upkeep]\n|upkeep\n|\n|t:|1700785325\n|switch|p2a: Ninetales|Ninetales-Alola, M|100\/100\n|turn|4\n|\n|t:|1700785329\n|move|p2a: Ninetales|Aurora Veil|p2a: Ninetales\n|-sidestart|p2: Apoteosis|move: Aurora Veil\n|move|p1a: Alomomola|Flip Turn|p2a: Ninetales\n|-crit|p2a: Ninetales\n|-damage|p2a: Ninetales|76\/100\n|\n|t:|1700785335\n|switch|p1a: Slowking|Slowking-Galar, F, shiny|100\/100|[from] Flip Turn\n|\n|-weather|Snow|[upkeep]\n|upkeep\n|turn|5\n|\n|t:|1700785343\n|switch|p2a: Manaphy|Manaphy|100\/100\n|move|p1a: Slowking|Trick Room|p1a: Slowking\n|-fieldstart|move: Trick Room|[of] p1a: Slowking\n|\n|-weather|none\n|upkeep\n|turn|6\n|\n|t:|1700785350\n|move|p2a: Manaphy|Tail Glow|p2a: Manaphy\n|-boost|p2a: Manaphy|spa|3\n|move|p1a: Slowking|Future Sight|p2a: Manaphy\n|-start|p1a: Slowking|move: Future Sight\n|\n|upkeep\n|turn|7\n|\n|t:|1700785356\n|move|p2a: Manaphy|Tail Glow|p2a: Manaphy\n|-boost|p2a: Manaphy|spa|3\n|move|p1a: Slowking|Chilly Reception|p1a: Slowking\n|-weather|Snow\n|\n|t:|1700785361\n|switch|p1a: Ursaluna|Ursaluna, F|94\/100 brn|[from] Chilly Reception\n|\n|-weather|Snow|[upkeep]\n|-damage|p1a: Ursaluna|88\/100 brn|[from] brn\n|upkeep\n|turn|8\n|\n|t:|1700785365\n|-terastallize|p1a: Ursaluna|Normal\n|move|p1a: Ursaluna|Facade|p2a: Manaphy\n|-damage|p2a: Manaphy|13\/100\n|move|p2a: Manaphy|Surf|p1a: Ursaluna\n|-damage|p1a: Ursaluna|0 fnt\n|faint|p1a: Ursaluna\n|\n|-weather|Snow|[upkeep]\n|-end|p2a: Manaphy|move: Future Sight\n|-damage|p2a: Manaphy|0 fnt\n|faint|p2a: Manaphy\n|upkeep\n|\n|t:|1700785378\n|switch|p1a: Amoonguss|Amoonguss, F, shiny|100\/100\n|switch|p2a: Iron Hands|Iron Hands|100\/100\n|turn|9\n|\n|t:|1700785385\n|-end|p2a: Iron Hands|Quark Drive|[silent]\n|switch|p2a: Slowbro|Slowbro-Galar, F|89\/100\n|move|p1a: Amoonguss|Spore|p2a: Slowbro\n|-status|p2a: Slowbro|slp|[from] move: Spore\n|\n|-weather|Snow|[upkeep]\n|-fieldend|move: Trick Room\n|upkeep\n|turn|10\n|\n|t:|1700785393\n|switch|p2a: Cresselia|Cresselia, F|100\/100\n|move|p1a: Amoonguss|Leaf Storm|p2a: Cresselia\n|-damage|p2a: Cresselia|88\/100\n|-unboost|p1a: Amoonguss|spa|2\n|-enditem|p1a: Amoonguss|Eject Pack\n|\n|t:|1700785404\n|switch|p1a: Munkidori|Munkidori, M|100\/100\n|\n|-weather|Snow|[upkeep]\n|upkeep\n|turn|11\n|\n|t:|1700785409\n|-terastallize|p2a: Cresselia|Poison\n|move|p1a: Munkidori|Shadow Ball|p2a: Cresselia\n|-damage|p2a: Cresselia|79\/100\n|move|p2a: Cresselia|Calm Mind|p2a: Cresselia\n|-boost|p2a: Cresselia|spa|1\n|-boost|p2a: Cresselia|spd|1\n|\n|-weather|none\n|-sideend|p2: Apoteosis|move: Aurora Veil\n|upkeep\n|turn|12\n|\n|t:|1700785414\n|switch|p1a: Amoonguss|Amoonguss, F, shiny|100\/100\n|move|p2a: Cresselia|Calm Mind|p2a: Cresselia\n|-boost|p2a: Cresselia|spa|1\n|-boost|p2a: Cresselia|spd|1\n|\n|upkeep\n|turn|13\n|\n|t:|1700785418\n|move|p2a: Cresselia|Stored Power|p1a: Amoonguss\n|-supereffective|p1a: Amoonguss\n|-damage|p1a: Amoonguss|18\/100\n|move|p1a: Amoonguss|Clear Smog|p2a: Cresselia\n|-resisted|p2a: Cresselia\n|-damage|p2a: Cresselia|76\/100\n|-clearboost|p2a: Cresselia\n|\n|upkeep\n|turn|14\n|\n|t:|1700785425\n|switch|p1a: Alomomola|Alomomola, F|100\/100\n|move|p2a: Cresselia|Calm Mind|p2a: Cresselia\n|-boost|p2a: Cresselia|spa|1\n|-boost|p2a: Cresselia|spd|1\n|\n|upkeep\n|turn|15\n|\n|t:|1700785428\n|move|p2a: Cresselia|Calm Mind|p2a: Cresselia\n|-boost|p2a: Cresselia|spa|1\n|-boost|p2a: Cresselia|spd|1\n|move|p1a: Alomomola|Wish|p1a: Alomomola\n|\n|upkeep\n|turn|16\n|\n|t:|1700785433\n|move|p2a: Cresselia|Stored Power|p1a: Alomomola\n|-damage|p1a: Alomomola|40\/100\n|move|p1a: Alomomola|Flip Turn|p2a: Cresselia\n|-damage|p2a: Cresselia|68\/100\n|\n|t:|1700785450\n|switch|p1a: Amoonguss|Amoonguss, F, shiny|52\/100|[from] Flip Turn\n|\n|-heal|p1a: Amoonguss|100\/100|[from] move: Wish|[wisher] Alomomola\n|upkeep\n|turn|17\n|\n|t:|1700785466\n|move|p2a: Cresselia|Stored Power|p1a: Amoonguss\n|-supereffective|p1a: Amoonguss\n|-damage|p1a: Amoonguss|15\/100\n|move|p1a: Amoonguss|Clear Smog|p2a: Cresselia\n|-resisted|p2a: Cresselia\n|-damage|p2a: Cresselia|65\/100\n|-clearboost|p2a: Cresselia\n|\n|upkeep\n|turn|18\n|\n|t:|1700785470\n|switch|p1a: Slowking|Slowking-Galar, F, shiny|100\/100\n|move|p2a: Cresselia|Calm Mind|p2a: Cresselia\n|-boost|p2a: Cresselia|spa|1\n|-boost|p2a: Cresselia|spd|1\n|\n|upkeep\n|turn|19\n|-activate|p2a: Cresselia|item: Quick Claw\n|\n|t:|1700785472\n|move|p2a: Cresselia|Calm Mind|p2a: Cresselia\n|-boost|p2a: Cresselia|spa|1\n|-boost|p2a: Cresselia|spd|1\n|move|p1a: Slowking|Future Sight|p2a: Cresselia\n|-start|p1a: Slowking|move: Future Sight\n|\n|upkeep\n|turn|20\n|\n|t:|1700785484\n|move|p2a: Cresselia|Calm Mind|p2a: Cresselia\n|-boost|p2a: Cresselia|spa|1\n|-boost|p2a: Cresselia|spd|1\n|move|p1a: Slowking|Chilly Reception|p1a: Slowking\n|-weather|Snow\n|\n|t:|1700785486\n|switch|p1a: Munkidori|Munkidori, M|100\/100|[from] Chilly Reception\n|\n|-weather|Snow|[upkeep]\n|upkeep\n|turn|21\n|\n|t:|1700785493\n|move|p1a: Munkidori|Psychic|p2a: Cresselia\n|-supereffective|p2a: Cresselia\n|-damage|p2a: Cresselia|41\/100\n|move|p2a: Cresselia|Stored Power|p1a: Munkidori\n|-damage|p1a: Munkidori|0 fnt\n|faint|p1a: Munkidori\n|\n|-weather|Snow|[upkeep]\n|-end|p2a: Cresselia|move: Future Sight\n|-supereffective|p2a: Cresselia\n|-damage|p2a: Cresselia|17\/100\n|upkeep\n|\n|t:|1700785499\n|switch|p1a: Great Tusk|Great Tusk|100\/100\n|turn|22\n|\n|t:|1700785507\n|switch|p2a: Slowbro|Slowbro-Galar, F|89\/100 slp\n|move|p1a: Great Tusk|Ice Spinner|p2a: Slowbro\n|-damage|p2a: Slowbro|64\/100 slp\n|\n|-weather|Snow|[upkeep]\n|upkeep\n|turn|23\n|j| oracio7420\n|\n|t:|1700785515\n|switch|p2a: Ninetales|Ninetales-Alola, M|76\/100\n|move|p1a: Great Tusk|Stealth Rock|p2a: Ninetales\n|-sidestart|p2: Apoteosis|move: Stealth Rock\n|\n|-weather|Snow|[upkeep]\n|upkeep\n|turn|24\n|l| Mooncougar\n|\n|t:|1700785522\n|-end|p1a: Great Tusk|Protosynthesis|[silent]\n|switch|p1a: Slowking|Slowking-Galar, F, shiny|100\/100\n|move|p2a: Ninetales|Aurora Veil|p2a: Ninetales\n|-sidestart|p2: Apoteosis|move: Aurora Veil\n|\n|-weather|none\n|upkeep\n|turn|25\n|\n|t:|1700785531\n|switch|p2a: Cresselia|Cresselia, F, tera:Poison|17\/100\n|-damage|p2a: Cresselia|5\/100|[from] Stealth Rock\n|move|p1a: Slowking|Future Sight|p2a: Cresselia\n|-start|p1a: Slowking|move: Future Sight\n|\n|upkeep\n|turn|26\n|\n|t:|1700785540\n|move|p2a: Cresselia|Moonlight|p2a: Cresselia\n|-heal|p2a: Cresselia|55\/100\n|move|p1a: Slowking|Chilly Reception|p1a: Slowking\n|-weather|Snow\n|\n|t:|1700785569\n|switch|p1a: Great Tusk|Great Tusk|100\/100|[from] Chilly Reception\n|\n|-weather|Snow|[upkeep]\n|upkeep\n|turn|27\n|\n|t:|1700785574\n|switch|p2a: Slowbro|Slowbro-Galar, F|64\/100 slp\n|-damage|p2a: Slowbro|52\/100 slp|[from] Stealth Rock\n|move|p1a: Great Tusk|Ice Spinner|p2a: Slowbro\n|-damage|p2a: Slowbro|40\/100 slp\n|\n|-weather|Snow|[upkeep]\n|-end|p2a: Slowbro|move: Future Sight\n|-damage|p2a: Slowbro|13\/100 slp\n|upkeep\n|turn|28\n|-activate|p2a: Slowbro|ability: Quick Draw\n|\n|t:|1700785584\n|cant|p2a: Slowbro|slp\n|move|p1a: Great Tusk|Ice Spinner|p2a: Slowbro\n|-damage|p2a: Slowbro|0 fnt\n|faint|p2a: Slowbro\n|\n|-weather|Snow|[upkeep]\n|upkeep\n|\n|t:|1700785597\n|switch|p2a: Iron Hands|Iron Hands|100\/100\n|-damage|p2a: Iron Hands|94\/100|[from] Stealth Rock\n|turn|29\n|\n|t:|1700785609\n|-end|p1a: Great Tusk|Protosynthesis|[silent]\n|switch|p1a: Alomomola|Alomomola, F|73\/100\n|move|p2a: Iron Hands|Swords Dance|p2a: Iron Hands\n|-boost|p2a: Iron Hands|atk|2\n|\n|-weather|Snow|[upkeep]\n|upkeep\n|turn|30\n|-activate|p2a: Iron Hands|item: Quick Claw\n|\n|t:|1700785618\n|move|p2a: Iron Hands|Wild Charge|p1a: Alomomola\n|-supereffective|p1a: Alomomola\n|-damage|p1a: Alomomola|0 fnt\n|-damage|p2a: Iron Hands|78\/100|[from] item: Rocky Helmet|[of] p1a: Alomomola\n|faint|p1a: Alomomola\n|-damage|p2a: Iron Hands|59\/100|[from] Recoil\n|\n|-weather|none\n|upkeep\n|c|\u2606illneverchooseyou|What is this jank team\n|c|\u2606illneverchooseyou|Everything has quick claws lol\n|\n|t:|1700785646\n|switch|p1a: Great Tusk|Great Tusk|100\/100\n|turn|31\n|c|\u2606Apoteosis|It\u2019s a quick team I made lol\n|inactive|illneverchooseyou has 120 seconds left.\n|-activate|p2a: Iron Hands|item: Quick Claw\n|\n|t:|1700785672\n|move|p2a: Iron Hands|Drain Punch|p1a: Great Tusk\n|-damage|p1a: Great Tusk|39\/100\n|-heal|p2a: Iron Hands|81\/100|[from] drain|[of] p1a: Great Tusk\n|move|p1a: Great Tusk|Headlong Rush|p2a: Iron Hands\n|-supereffective|p2a: Iron Hands\n|-damage|p2a: Iron Hands|45\/100\n|-unboost|p1a: Great Tusk|def|1\n|-unboost|p1a: Great Tusk|spd|1\n|\n|-sideend|p2: Apoteosis|move: Aurora Veil\n|upkeep\n|turn|32\n|\n|t:|1700785680\n|move|p1a: Great Tusk|Headlong Rush|p2a: Iron Hands\n|-supereffective|p2a: Iron Hands\n|-damage|p2a: Iron Hands|0 fnt\n|-unboost|p1a: Great Tusk|def|1\n|-unboost|p1a: Great Tusk|spd|1\n|faint|p2a: Iron Hands\n|-end|p2a: Iron Hands|Quark Drive|[silent]\n|\n|upkeep\n|\n|t:|1700785686\n|switch|p2a: Cresselia|Cresselia, F, tera:Poison|55\/100\n|-damage|p2a: Cresselia|43\/100|[from] Stealth Rock\n|turn|33\n|\n|t:|1700785692\n|-end|p1a: Great Tusk|Protosynthesis|[silent]\n|switch|p1a: Amoonguss|Amoonguss, F, shiny|48\/100\n|move|p2a: Cresselia|Moonlight|p2a: Cresselia\n|-heal|p2a: Cresselia|93\/100\n|\n|upkeep\n|turn|34\n|\n|t:|1700785699\n|switch|p2a: Ninetales|Ninetales-Alola, M|76\/100\n|-damage|p2a: Ninetales|51\/100|[from] Stealth Rock\n|-weather|Snow|[from] ability: Snow Warning|[of] p2a: Ninetales\n|switch|p1a: Slowking|Slowking-Galar, F, shiny|100\/100\n|\n|-weather|Snow|[upkeep]\n|upkeep\n|turn|35\n|\n|t:|1700785707\n|move|p2a: Ninetales|Aurora Veil|p2a: Ninetales\n|-sidestart|p2: Apoteosis|move: Aurora Veil\n|move|p1a: Slowking|Future Sight|p2a: Ninetales\n|-start|p1a: Slowking|move: Future Sight\n|\n|-weather|Snow|[upkeep]\n|upkeep\n|turn|36\n|\n|t:|1700785717\n|switch|p1a: Amoonguss|Amoonguss, F, shiny|81\/100\n|move|p2a: Ninetales|Encore||[still]\n|-fail|p2a: Ninetales\n|\n|-weather|Snow|[upkeep]\n|upkeep\n|turn|37\n|\n|t:|1700785721\n|switch|p1a: Slowking|Slowking-Galar, F, shiny|100\/100\n|move|p2a: Ninetales|Blizzard|p1a: Slowking\n|-damage|p1a: Slowking|77\/100\n|\n|-weather|Snow|[upkeep]\n|-end|p2a: Ninetales|move: Future Sight\n|-damage|p2a: Ninetales|26\/100\n|upkeep\n|turn|38\n|\n|t:|1700785727\n|switch|p2a: Cresselia|Cresselia, F, tera:Poison|93\/100\n|-damage|p2a: Cresselia|80\/100|[from] Stealth Rock\n|move|p1a: Slowking|Future Sight|p2a: Cresselia\n|-start|p1a: Slowking|move: Future Sight\n|\n|-weather|none\n|upkeep\n|turn|39\n|\n|t:|1700785737\n|move|p2a: Cresselia|Calm Mind|p2a: Cresselia\n|-boost|p2a: Cresselia|spa|1\n|-boost|p2a: Cresselia|spd|1\n|move|p1a: Slowking|Chilly Reception|p1a: Slowking\n|-weather|Snow\n|\n|t:|1700785742\n|switch|p1a: Amoonguss|Amoonguss, F, shiny|100\/100|[from] Chilly Reception\n|\n|-weather|Snow|[upkeep]\n|upkeep\n|turn|40\n|\n|t:|1700785750\n|move|p2a: Cresselia|Stored Power|p1a: Amoonguss\n|-supereffective|p1a: Amoonguss\n|-damage|p1a: Amoonguss|65\/100\n|move|p1a: Amoonguss|Clear Smog|p2a: Cresselia\n|-resisted|p2a: Cresselia\n|-damage|p2a: Cresselia|79\/100\n|-clearboost|p2a: Cresselia\n|\n|-weather|Snow|[upkeep]\n|-end|p2a: Cresselia|move: Future Sight\n|-supereffective|p2a: Cresselia\n|-damage|p2a: Cresselia|48\/100\n|upkeep\n|turn|41\n|\n|t:|1700785754\n|move|p2a: Cresselia|Calm Mind|p2a: Cresselia\n|-boost|p2a: Cresselia|spa|1\n|-boost|p2a: Cresselia|spd|1\n|move|p1a: Amoonguss|Clear Smog|p2a: Cresselia\n|-resisted|p2a: Cresselia\n|-damage|p2a: Cresselia|46\/100\n|-clearboost|p2a: Cresselia\n|\n|-weather|Snow|[upkeep]\n|upkeep\n|turn|42\n|\n|t:|1700785761\n|move|p2a: Cresselia|Calm Mind|p2a: Cresselia\n|-boost|p2a: Cresselia|spa|1\n|-boost|p2a: Cresselia|spd|1\n|move|p1a: Amoonguss|Clear Smog|p2a: Cresselia\n|-resisted|p2a: Cresselia\n|-damage|p2a: Cresselia|45\/100\n|-clearboost|p2a: Cresselia\n|\n|-weather|Snow|[upkeep]\n|-sideend|p2: Apoteosis|move: Aurora Veil\n|upkeep\n|turn|43\n|\n|t:|1700785770\n|move|p2a: Cresselia|Calm Mind|p2a: Cresselia\n|-boost|p2a: Cresselia|spa|1\n|-boost|p2a: Cresselia|spd|1\n|move|p1a: Amoonguss|Clear Smog|p2a: Cresselia\n|-resisted|p2a: Cresselia\n|-damage|p2a: Cresselia|41\/100\n|-clearboost|p2a: Cresselia\n|\n|-weather|none\n|upkeep\n|turn|44\n|\n|t:|1700785774\n|move|p2a: Cresselia|Moonlight|p2a: Cresselia\n|-heal|p2a: Cresselia|91\/100\n|move|p1a: Amoonguss|Spore|p2a: Cresselia\n|-status|p2a: Cresselia|slp|[from] move: Spore\n|\n|upkeep\n|turn|45\n|\n|t:|1700785780\n|switch|p1a: Slowking|Slowking-Galar, F, shiny|100\/100\n|cant|p2a: Cresselia|slp\n|\n|upkeep\n|turn|46\n|-activate|p2a: Cresselia|item: Quick Claw\n|\n|t:|1700785782\n|-curestatus|p2a: Cresselia|slp|[msg]\n|move|p2a: Cresselia|Calm Mind|p2a: Cresselia\n|-boost|p2a: Cresselia|spa|1\n|-boost|p2a: Cresselia|spd|1\n|move|p1a: Slowking|Future Sight|p2a: Cresselia\n|-start|p1a: Slowking|move: Future Sight\n|\n|upkeep\n|turn|47\n|\n|t:|1700785786\n|move|p2a: Cresselia|Calm Mind|p2a: Cresselia\n|-boost|p2a: Cresselia|spa|1\n|-boost|p2a: Cresselia|spd|1\n|move|p1a: Slowking|Chilly Reception|p1a: Slowking\n|-weather|Snow\n|\n|t:|1700785787\n|switch|p1a: Amoonguss|Amoonguss, F, shiny|98\/100|[from] Chilly Reception\n|\n|-weather|Snow|[upkeep]\n|upkeep\n|turn|48\n|\n|t:|1700785793\n|move|p2a: Cresselia|Stored Power|p1a: Amoonguss\n|-supereffective|p1a: Amoonguss\n|-damage|p1a: Amoonguss|16\/100\n|move|p1a: Amoonguss|Clear Smog|p2a: Cresselia\n|-resisted|p2a: Cresselia\n|-damage|p2a: Cresselia|89\/100\n|-clearboost|p2a: Cresselia\n|\n|-weather|Snow|[upkeep]\n|-end|p2a: Cresselia|move: Future Sight\n|-supereffective|p2a: Cresselia\n|-damage|p2a: Cresselia|31\/100\n|upkeep\n|turn|49\n|-activate|p2a: Cresselia|item: Quick Claw\n|\n|t:|1700785800\n|switch|p1a: Slowking|Slowking-Galar, F, shiny|100\/100\n|move|p2a: Cresselia|Calm Mind|p2a: Cresselia\n|-boost|p2a: Cresselia|spa|1\n|-boost|p2a: Cresselia|spd|1\n|\n|-weather|Snow|[upkeep]\n|upkeep\n|turn|50\n|-activate|p2a: Cresselia|item: Quick Claw\n|\n|t:|1700785804\n|move|p2a: Cresselia|Calm Mind|p2a: Cresselia\n|-boost|p2a: Cresselia|spa|1\n|-boost|p2a: Cresselia|spd|1\n|move|p1a: Slowking|Future Sight|p2a: Cresselia\n|-start|p1a: Slowking|move: Future Sight\n|\n|-weather|Snow|[upkeep]\n|upkeep\n|turn|51\n|\n|t:|1700785815\n|move|p2a: Cresselia|Calm Mind|p2a: Cresselia\n|-boost|p2a: Cresselia|spa|1\n|-boost|p2a: Cresselia|spd|1\n|move|p1a: Slowking|Trick Room|p1a: Slowking\n|-fieldstart|move: Trick Room|[of] p1a: Slowking\n|\n|-weather|none\n|upkeep\n|turn|52\n|\n|t:|1700785821\n|move|p2a: Cresselia|Moonlight|p2a: Cresselia\n|-heal|p2a: Cresselia|81\/100\n|move|p1a: Slowking|Chilly Reception|p1a: Slowking\n|-weather|Snow\n|\n|t:|1700785826\n|switch|p1a: Amoonguss|Amoonguss, F, shiny|49\/100|[from] Chilly Reception\n|\n|-weather|Snow|[upkeep]\n|-end|p2a: Cresselia|move: Future Sight\n|-supereffective|p2a: Cresselia\n|-damage|p2a: Cresselia|57\/100\n|upkeep\n|turn|53\n|\n|t:|1700785837\n|move|p1a: Amoonguss|Clear Smog|p2a: Cresselia\n|-resisted|p2a: Cresselia\n|-damage|p2a: Cresselia|55\/100\n|-clearboost|p2a: Cresselia\n|move|p2a: Cresselia|Stored Power|p1a: Amoonguss\n|-supereffective|p1a: Amoonguss\n|-damage|p1a: Amoonguss|41\/100\n|\n|-weather|Snow|[upkeep]\n|upkeep\n|turn|54\n|\n|t:|1700785840\n|move|p1a: Amoonguss|Spore|p2a: Cresselia\n|-status|p2a: Cresselia|slp|[from] move: Spore\n|cant|p2a: Cresselia|slp\n|\n|-weather|Snow|[upkeep]\n|upkeep\n|turn|55\n|\n|t:|1700785842\n|switch|p1a: Slowking|Slowking-Galar, F, shiny|100\/100\n|cant|p2a: Cresselia|slp\n|\n|-weather|Snow|[upkeep]\n|-fieldend|move: Trick Room\n|upkeep\n|turn|56\n|\n|t:|1700785844\n|cant|p2a: Cresselia|slp\n|move|p1a: Slowking|Future Sight|p2a: Cresselia\n|-start|p1a: Slowking|move: Future Sight\n|\n|-weather|none\n|upkeep\n|turn|57\n|-activate|p2a: Cresselia|item: Quick Claw\n|\n|t:|1700785847\n|-curestatus|p2a: Cresselia|slp|[msg]\n|move|p2a: Cresselia|Calm Mind|p2a: Cresselia\n|-boost|p2a: Cresselia|spa|1\n|-boost|p2a: Cresselia|spd|1\n|move|p1a: Slowking|Chilly Reception|p1a: Slowking\n|-weather|Snow\n|\n|t:|1700785852\n|switch|p1a: Amoonguss|Amoonguss, F, shiny|74\/100|[from] Chilly Reception\n|\n|-weather|Snow|[upkeep]\n|upkeep\n|turn|58\n|\n|t:|1700785858\n|move|p2a: Cresselia|Stored Power|p1a: Amoonguss\n|-supereffective|p1a: Amoonguss\n|-damage|p1a: Amoonguss|40\/100\n|move|p1a: Amoonguss|Clear Smog|p2a: Cresselia\n|-resisted|p2a: Cresselia\n|-damage|p2a: Cresselia|52\/100\n|-clearboost|p2a: Cresselia\n|\n|-weather|Snow|[upkeep]\n|-end|p2a: Cresselia|move: Future Sight\n|-supereffective|p2a: Cresselia\n|-damage|p2a: Cresselia|0 fnt\n|faint|p2a: Cresselia\n|upkeep\n|\n|t:|1700785862\n|switch|p2a: Ninetales|Ninetales-Alola, M|26\/100\n|-damage|p2a: Ninetales|2\/100|[from] Stealth Rock\n|turn|59\n|-message|Apoteosis forfeited.\n|\n|win|illneverchooseyou\n|raw|illneverchooseyou's rating: 1615 &rarr; <strong>1635<\/strong><br \/>(+20 for winning)\n|raw|Apoteosis's rating: 1621 &rarr; <strong>1601<\/strong><br \/>(-20 for losing)\n|c|\u2606illneverchooseyou|Get this jank outta here\n|l|\u2606Apoteosis\n|c|\u2606illneverchooseyou|Fr quick claw is the most useless item on cress lol\n|c|\u2606illneverchooseyou|Like okay I get the Iron Hands for the 10 percent priority drain punch\n|c|\u2606illneverchooseyou|But if is cress accomplishing with it\n|l|\u2606illneverchooseyou\n|j|\u2606illneverchooseyou\n|player|p1|illneverchooseyou|psychic-gen4\n","uploadtime":1700785998,"views":6,"p1id":"illneverchooseyou","p2id":"apoteosis","formatid":"gen9ou","rating":1601,"private":0,"password":""}