{"id":"gen9ou-1992253671","p1":"FlippySpatula","p2":"GoTE Heartless","format":"[Gen 9] OU","log":"|j|\u2606FlippySpatula\n|j|\u2606GoTE Heartless\n|t:|1700168004\n|gametype|singles\n|player|p1|FlippySpatula|265|1388\n|player|p2|GoTE Heartless|guzma|1360\n|teamsize|p1|6\n|teamsize|p2|6\n|gen|9\n|tier|[Gen 9] OU\n|rated|\n|rule|Sleep Clause Mod: Limit one foe put to sleep\n|rule|Species Clause: Limit one of each Pok\u00e9mon\n|rule|OHKO Clause: OHKO moves are banned\n|rule|Evasion Items Clause: Evasion items are banned\n|rule|Evasion Moves Clause: Evasion moves are banned\n|rule|Endless Battle Clause: Forcing endless battles is banned\n|rule|HP Percentage Mod: HP is shown in percentages\n|clearpoke\n|poke|p1|Kingambit, M|\n|poke|p1|Great Tusk|\n|poke|p1|Iron Valiant|\n|poke|p1|Iron Moth|\n|poke|p1|Ting-Lu|\n|poke|p1|Alomomola, F|\n|poke|p2|Ceruledge, F|\n|poke|p2|Gholdengo|\n|poke|p2|Rillaboom, F|\n|poke|p2|Cinderace, F|\n|poke|p2|Toxapex, F|\n|poke|p2|Heatran, M|\n|teampreview\n|inactive|Battle timer is ON: inactive players will automatically lose when time's up. (requested by GoTE Heartless)\n|\n|t:|1700168015\n|start\n|switch|p1a: Grandma Sicko Mode|Alomomola, F|100\/100\n|switch|p2a: Rillaboom|Rillaboom, F|100\/100\n|-fieldstart|move: Grassy Terrain|[from] ability: Grassy Surge|[of] p2a: Rillaboom\n|turn|1\n|\n|t:|1700168020\n|switch|p1a: Budget Chi-Yu|Iron Moth|100\/100\n|move|p2a: Rillaboom|Wood Hammer|p1a: Budget Chi-Yu\n|-resisted|p1a: Budget Chi-Yu\n|-damage|p1a: Budget Chi-Yu|43\/100\n|-damage|p2a: Rillaboom|85\/100|[from] Recoil\n|\n|-heal|p1a: Budget Chi-Yu|49\/100|[from] Grassy Terrain\n|-heal|p2a: Rillaboom|91\/100|[from] Grassy Terrain\n|upkeep\n|turn|2\n|\n|t:|1700168031\n|-end|p1a: Budget Chi-Yu|Quark Drive|[silent]\n|switch|p1a: Live Bowl Reaction|Ting-Lu|100\/100\n|-ability|p1a: Live Bowl Reaction|Vessel of Ruin\n|switch|p2a: Heatran|Heatran, M|100\/100\n|\n|upkeep\n|turn|3\n|\n|t:|1700168037\n|move|p2a: Heatran|Taunt|p1a: Live Bowl Reaction\n|-start|p1a: Live Bowl Reaction|move: Taunt\n|cant|p1a: Live Bowl Reaction|move: Taunt|Stealth Rock\n|\n|upkeep\n|turn|4\n|\n|t:|1700168040\n|move|p2a: Heatran|Stealth Rock|p1a: Live Bowl Reaction\n|-sidestart|p1: FlippySpatula|move: Stealth Rock\n|move|p1a: Live Bowl Reaction|Earthquake|p2a: Heatran\n|-supereffective|p2a: Heatran\n|-damage|p2a: Heatran|21\/100\n|\n|-heal|p2a: Heatran|27\/100|[from] Grassy Terrain\n|-heal|p2a: Heatran|34\/100|[from] item: Leftovers\n|upkeep\n|turn|5\n|\n|t:|1700168053\n|switch|p2a: Toxapex|Toxapex, F|100\/100\n|move|p1a: Live Bowl Reaction|Earthquake|p2a: Toxapex\n|-supereffective|p2a: Toxapex\n|-damage|p2a: Toxapex|76\/100\n|\n|-heal|p2a: Toxapex|82\/100|[from] Grassy Terrain\n|-heal|p2a: Toxapex|89\/100|[from] item: Leftovers\n|-end|p1a: Live Bowl Reaction|move: Taunt\n|-fieldend|move: Grassy Terrain\n|upkeep\n|turn|6\n|\n|t:|1700168058\n|move|p1a: Live Bowl Reaction|Earthquake|p2a: Toxapex\n|-supereffective|p2a: Toxapex\n|-crit|p2a: Toxapex\n|-damage|p2a: Toxapex|19\/100\n|move|p2a: Toxapex|Toxic|p1a: Live Bowl Reaction\n|-status|p1a: Live Bowl Reaction|tox\n|\n|-heal|p2a: Toxapex|25\/100|[from] item: Leftovers\n|-damage|p1a: Live Bowl Reaction|94\/100 tox|[from] psn\n|upkeep\n|turn|7\n|\n|t:|1700168063\n|switch|p2a: Rillaboom|Rillaboom, F|91\/100\n|-fieldstart|move: Grassy Terrain|[from] ability: Grassy Surge|[of] p2a: Rillaboom\n|move|p1a: Live Bowl Reaction|Earthquake|p2a: Rillaboom\n|-resisted|p2a: Rillaboom\n|-damage|p2a: Rillaboom|82\/100\n|\n|-heal|p2a: Rillaboom|88\/100|[from] Grassy Terrain\n|-heal|p1a: Live Bowl Reaction|100\/100 tox|[from] Grassy Terrain\n|-damage|p1a: Live Bowl Reaction|88\/100 tox|[from] psn\n|upkeep\n|turn|8\n|\n|t:|1700168067\n|switch|p1a: Medium Tusk|Great Tusk|100\/100\n|-damage|p1a: Medium Tusk|98\/100|[from] Stealth Rock\n|move|p2a: Rillaboom|Wood Hammer|p1a: Medium Tusk\n|-supereffective|p1a: Medium Tusk\n|-damage|p1a: Medium Tusk|0 fnt\n|faint|p1a: Medium Tusk\n|-end|p1a: Medium Tusk|Protosynthesis|[silent]\n|-damage|p2a: Rillaboom|49\/100|[from] Recoil\n|\n|-heal|p2a: Rillaboom|55\/100|[from] Grassy Terrain\n|upkeep\n|\n|t:|1700168075\n|switch|p1a: M'theydy|Iron Valiant|100\/100\n|-damage|p1a: M'theydy|94\/100|[from] Stealth Rock\n|-enditem|p1a: M'theydy|Booster Energy\n|-activate|p1a: M'theydy|ability: Quark Drive|[fromitem]\n|-start|p1a: M'theydy|quarkdrivespe\n|turn|9\n|\n|t:|1700168082\n|switch|p2a: Gholdengo|Gholdengo|100\/100\n|move|p1a: M'theydy|Moonblast|p2a: Gholdengo\n|-resisted|p2a: Gholdengo\n|-damage|p2a: Gholdengo|76\/100\n|-unboost|p2a: Gholdengo|spa|1\n|\n|-heal|p1a: M'theydy|100\/100|[from] Grassy Terrain\n|-heal|p2a: Gholdengo|82\/100|[from] Grassy Terrain\n|-heal|p2a: Gholdengo|88\/100|[from] item: Leftovers\n|upkeep\n|turn|10\n|\n|t:|1700168089\n|switch|p2a: Rillaboom|Rillaboom, F|55\/100\n|-terastallize|p1a: M'theydy|Electric\n|move|p1a: M'theydy|Calm Mind|p1a: M'theydy\n|-boost|p1a: M'theydy|spa|1\n|-boost|p1a: M'theydy|spd|1\n|\n|-heal|p2a: Rillaboom|62\/100|[from] Grassy Terrain\n|upkeep\n|turn|11\n|\n|t:|1700168097\n|-terastallize|p2a: Rillaboom|Grass\n|move|p2a: Rillaboom|Grassy Glide|p1a: M'theydy\n|-damage|p1a: M'theydy|0 fnt\n|faint|p1a: M'theydy\n|-end|p1a: M'theydy|Quark Drive|[silent]\n|\n|-heal|p2a: Rillaboom|68\/100|[from] Grassy Terrain\n|-fieldend|move: Grassy Terrain\n|upkeep\n|-message|FlippySpatula forfeited.\n|\n|win|GoTE Heartless\n|raw|FlippySpatula's rating: 1388 &rarr; <strong>1366<\/strong><br \/>(-22 for losing)\n|raw|GoTE Heartless's rating: 1360 &rarr; <strong>1382<\/strong><br \/>(+22 for winning)\n|l|\u2606FlippySpatula\n","uploadtime":1700168129,"views":7,"p1id":"flippyspatula","p2id":"goteheartless","formatid":"gen9ou","rating":1366,"private":0,"password":""}