{"id":"gen9ou-1990385011","p1":"Briendo","p2":"AikonZ_Test","format":"[Gen 9] OU","log":"|j|\u2606Briendo\n|j|\u2606AikonZ_Test\n|t:|1699965240\n|gametype|singles\n|player|p1|Briendo|169|1811\n|player|p2|AikonZ_Test|veteran|1851\n|teamsize|p1|6\n|teamsize|p2|6\n|gen|9\n|tier|[Gen 9] OU\n|rated|\n|rule|Sleep Clause Mod: Limit one foe put to sleep\n|rule|Species Clause: Limit one of each Pok\u00e9mon\n|rule|OHKO Clause: OHKO moves are banned\n|rule|Evasion Items Clause: Evasion items are banned\n|rule|Evasion Moves Clause: Evasion moves are banned\n|rule|Endless Battle Clause: Forcing endless battles is banned\n|rule|HP Percentage Mod: HP is shown in percentages\n|clearpoke\n|poke|p1|Ursaluna, M|\n|poke|p1|Kingambit, F|\n|poke|p1|Enamorus-Therian, F|\n|poke|p1|Cresselia, F|\n|poke|p1|Iron Hands|\n|poke|p1|Bronzong|\n|poke|p2|Slowking-Galar, M|\n|poke|p2|Clefable, F|\n|poke|p2|Zamazenta-*|\n|poke|p2|Cinderace, M|\n|poke|p2|Greninja-*, M|\n|poke|p2|Great Tusk|\n|teampreview\n|\n|t:|1699965257\n|start\n|switch|p1a: Ursaluna|Ursaluna, M|100\/100\n|switch|p2a: Slowking|Slowking-Galar, M|100\/100\n|turn|1\n|\n|t:|1699965265\n|-terastallize|p2a: Slowking|Water\n|move|p2a: Slowking|Surf|p1a: Ursaluna\n|-supereffective|p1a: Ursaluna\n|-damage|p1a: Ursaluna|24\/100\n|move|p1a: Ursaluna|Earthquake|p2a: Slowking\n|-damage|p2a: Slowking|36\/100\n|\n|-status|p1a: Ursaluna|brn|[from] item: Flame Orb\n|upkeep\n|turn|2\n|\n|t:|1699965286\n|switch|p1a: Cresselia|Cresselia, F|100\/100\n|move|p2a: Slowking|Surf|p1a: Cresselia\n|-damage|p1a: Cresselia|81\/100\n|\n|upkeep\n|turn|3\n|\n|t:|1699965292\n|move|p2a: Slowking|Future Sight|p1a: Cresselia\n|-start|p2a: Slowking|move: Future Sight\n|move|p1a: Cresselia|Trick Room|p1a: Cresselia\n|-fieldstart|move: Trick Room|[of] p1a: Cresselia\n|\n|upkeep\n|turn|4\n|\n|t:|1699965297\n|switch|p1a: Kingambit|Kingambit, F|100\/100\n|move|p2a: Slowking|Flamethrower|p1a: Kingambit\n|-supereffective|p1a: Kingambit\n|-damage|p1a: Kingambit|48\/100\n|\n|upkeep\n|turn|5\n|\n|t:|1699965309\n|switch|p2a: Great Tusk|Great Tusk|100\/100\n|move|p1a: Kingambit|Iron Head|p2a: Great Tusk\n|-damage|p2a: Great Tusk|77\/100\n|\n|-end|p1a: Kingambit|move: Future Sight\n|-immune|p1a: Kingambit\n|-heal|p2a: Great Tusk|83\/100|[from] item: Leftovers\n|upkeep\n|turn|6\n|\n|t:|1699965319\n|-end|p1a: Kingambit|fallenundefined|[silent]\n|switch|p1a: Enamorus|Enamorus-Therian, F|100\/100\n|move|p2a: Great Tusk|Knock Off|p1a: Enamorus\n|-resisted|p1a: Enamorus\n|-damage|p1a: Enamorus|89\/100\n|-enditem|p1a: Enamorus|Choice Specs|[from] move: Knock Off|[of] p2a: Great Tusk\n|\n|-heal|p2a: Great Tusk|89\/100|[from] item: Leftovers\n|upkeep\n|turn|7\n|\n|t:|1699965328\n|-end|p2a: Great Tusk|Protosynthesis|[silent]\n|switch|p2a: Slowking|Slowking-Galar, M, tera:Water|70\/100\n|-terastallize|p1a: Enamorus|Fairy\n|move|p1a: Enamorus|Moonblast|p2a: Slowking\n|-damage|p2a: Slowking|35\/100\n|\n|-fieldend|move: Trick Room\n|upkeep\n|turn|8\n|j| pikmin > pkmn\n|\n|t:|1699965336\n|move|p2a: Slowking|Sludge Bomb|p1a: Enamorus\n|-supereffective|p1a: Enamorus\n|-damage|p1a: Enamorus|12\/100\n|-status|p1a: Enamorus|psn\n|move|p1a: Enamorus|Moonblast|p2a: Slowking\n|-damage|p2a: Slowking|0 fnt\n|faint|p2a: Slowking\n|\n|-damage|p1a: Enamorus|0 fnt|[from] psn\n|faint|p1a: Enamorus\n|upkeep\n|j| fghsbertb\n|\n|t:|1699965361\n|switch|p2a: Greninja|Greninja, M|100\/100\n|switch|p1a: Cresselia|Cresselia, F|81\/100\n|turn|9\n|\n|t:|1699965366\n|move|p2a: Greninja|Switcheroo|p1a: Cresselia\n|-start|p2a: Greninja|typechange|Dark|[from] ability: Protean\n|-activate|p2a: Greninja|move: Trick|[of] p1a: Cresselia\n|-item|p1a: Cresselia|Choice Scarf|[from] move: Switcheroo\n|-item|p2a: Greninja|Colbur Berry|[from] move: Switcheroo\n|move|p1a: Cresselia|Trick Room|p1a: Cresselia\n|-fieldstart|move: Trick Room|[of] p1a: Cresselia\n|\n|upkeep\n|turn|10\n|j| Sviqma\n|\n|t:|1699965379\n|switch|p1a: Iron Hands|Iron Hands|100\/100\n|-enditem|p1a: Iron Hands|Booster Energy\n|-activate|p1a: Iron Hands|ability: Quark Drive|[fromitem]\n|-start|p1a: Iron Hands|quarkdriveatk\n|switch|p2a: Great Tusk|Great Tusk|89\/100\n|\n|-heal|p2a: Great Tusk|96\/100|[from] item: Leftovers\n|upkeep\n|turn|11\n|\n|t:|1699965395\n|move|p1a: Iron Hands|Ice Punch|p2a: Great Tusk\n|-supereffective|p2a: Great Tusk\n|-damage|p2a: Great Tusk|59\/100\n|move|p2a: Great Tusk|Bulk Up|p2a: Great Tusk\n|-boost|p2a: Great Tusk|atk|1\n|-boost|p2a: Great Tusk|def|1\n|\n|-heal|p2a: Great Tusk|65\/100|[from] item: Leftovers\n|upkeep\n|turn|12\n|\n|t:|1699965400\n|move|p1a: Iron Hands|Ice Punch|p2a: Great Tusk\n|-supereffective|p2a: Great Tusk\n|-damage|p2a: Great Tusk|40\/100\n|move|p2a: Great Tusk|Earthquake|p1a: Iron Hands\n|-supereffective|p1a: Iron Hands\n|-damage|p1a: Iron Hands|25\/100\n|\n|-heal|p2a: Great Tusk|46\/100|[from] item: Leftovers\n|upkeep\n|turn|13\n|\n|t:|1699965431\n|move|p1a: Iron Hands|Ice Punch|p2a: Great Tusk\n|-supereffective|p2a: Great Tusk\n|-damage|p2a: Great Tusk|22\/100\n|move|p2a: Great Tusk|Knock Off|p1a: Iron Hands\n|-resisted|p1a: Iron Hands\n|-damage|p1a: Iron Hands|16\/100\n|\n|-heal|p2a: Great Tusk|28\/100|[from] item: Leftovers\n|-fieldend|move: Trick Room\n|upkeep\n|turn|14\n|\n|t:|1699965443\n|move|p2a: Great Tusk|Earthquake|p1a: Iron Hands\n|-supereffective|p1a: Iron Hands\n|-damage|p1a: Iron Hands|0 fnt\n|faint|p1a: Iron Hands\n|-end|p1a: Iron Hands|Quark Drive|[silent]\n|\n|-heal|p2a: Great Tusk|34\/100|[from] item: Leftovers\n|upkeep\n|\n|t:|1699965446\n|switch|p1a: Bronzong|Bronzong|100\/100\n|turn|15\n|\n|t:|1699965449\n|move|p2a: Great Tusk|Knock Off|p1a: Bronzong\n|-supereffective|p1a: Bronzong\n|-damage|p1a: Bronzong|45\/100\n|-enditem|p1a: Bronzong|Kasib Berry|[from] move: Knock Off|[of] p2a: Great Tusk\n|move|p1a: Bronzong|Trick Room|p1a: Bronzong\n|-fieldstart|move: Trick Room|[of] p1a: Bronzong\n|\n|-heal|p2a: Great Tusk|41\/100|[from] item: Leftovers\n|upkeep\n|turn|16\n|j| HotheadIsTheGoat\n|inactive|Battle timer is ON: inactive players will automatically lose when time's up. (requested by Briendo)\n|l| HotheadIsTheGoat\n|\n|t:|1699965495\n|-end|p2a: Great Tusk|Protosynthesis|[silent]\n|switch|p2a: Greninja|Greninja, M|100\/100\n|move|p1a: Bronzong|Steel Beam|p2a: Greninja\n|-resisted|p2a: Greninja\n|-damage|p2a: Greninja|71\/100\n|-damage|p1a: Bronzong|0 fnt|[from] steelbeam\n|faint|p1a: Bronzong\n|\n|upkeep\n|\n|t:|1699965502\n|switch|p1a: Kingambit|Kingambit, F|48\/100\n|-activate|p1a: Kingambit|ability: Supreme Overlord\n|-start|p1a: Kingambit|fallen3|[silent]\n|turn|17\n|\n|t:|1699965518\n|move|p1a: Kingambit|Low Kick|p2a: Greninja\n|-supereffective|p2a: Greninja\n|-damage|p2a: Greninja|0 fnt\n|faint|p2a: Greninja\n|\n|upkeep\n|\n|t:|1699965527\n|switch|p2a: Clefable|Clefable, F|100\/100\n|turn|18\n|\n|t:|1699965531\n|move|p1a: Kingambit|Iron Head|p2a: Clefable\n|-supereffective|p2a: Clefable\n|-crit|p2a: Clefable\n|-damage|p2a: Clefable|0 fnt\n|faint|p2a: Clefable\n|\n|upkeep\n|j| HotheadIsTheGoat\n|l| HotheadIsTheGoat\n|j| HotheadIsTheGoat\n|l| HotheadIsTheGoat\n|n| fghsbertb|fghsbertb\n|inactive|AikonZ_Test has 120 seconds left.\n|\n|t:|1699965563\n|switch|p2a: Zamazenta|Zamazenta|100\/100\n|-ability|p2a: Zamazenta|Dauntless Shield|boost\n|-boost|p2a: Zamazenta|def|1\n|turn|19\n|\n|t:|1699965567\n|-end|p1a: Kingambit|fallen3|[silent]\n|switch|p1a: Cresselia|Cresselia, F|81\/100\n|move|p2a: Zamazenta|Iron Defense|p2a: Zamazenta\n|-boost|p2a: Zamazenta|def|2\n|\n|-fieldend|move: Trick Room\n|upkeep\n|turn|20\n|\n|t:|1699965575\n|move|p2a: Zamazenta|Crunch|p1a: Cresselia\n|-supereffective|p1a: Cresselia\n|-damage|p1a: Cresselia|53\/100\n|move|p1a: Cresselia|Trick Room|p1a: Cresselia\n|-fieldstart|move: Trick Room|[of] p1a: Cresselia\n|\n|upkeep\n|turn|21\n|\n|t:|1699965582\n|switch|p1a: Kingambit|Kingambit, F|48\/100\n|-activate|p1a: Kingambit|ability: Supreme Overlord\n|-start|p1a: Kingambit|fallen3|[silent]\n|move|p2a: Zamazenta|Substitute|p2a: Zamazenta\n|-start|p2a: Zamazenta|Substitute\n|-damage|p2a: Zamazenta|75\/100\n|\n|-heal|p2a: Zamazenta|82\/100|[from] item: Leftovers\n|upkeep\n|turn|22\n|j| thegymmerteachere\n|\n|t:|1699965589\n|move|p1a: Kingambit|Iron Head|p2a: Zamazenta\n|-activate|p2a: Zamazenta|move: Substitute|[damage]\n|move|p2a: Zamazenta|Body Press|p1a: Kingambit\n|-supereffective|p1a: Kingambit\n|-damage|p1a: Kingambit|0 fnt\n|faint|p1a: Kingambit\n|-end|p1a: Kingambit|fallen3|[silent]\n|\n|-heal|p2a: Zamazenta|88\/100|[from] item: Leftovers\n|upkeep\n|-message|Briendo forfeited.\n|\n|win|AikonZ_Test\n|raw|Briendo's rating: 1811 &rarr; <strong>1793<\/strong><br \/>(-18 for losing)\n|raw|AikonZ_Test's rating: 1851 &rarr; <strong>1869<\/strong><br \/>(+18 for winning)\n|l| pikmin > pkmn\n|l|\u2606Briendo\n|l|\u2606AikonZ_Test\n|l| fghsbertb\n","uploadtime":1699965706,"views":6,"p1id":"briendo","p2id":"aikonztest","formatid":"gen9ou","rating":1793,"private":0,"password":""}