{"id":"gen9ou-1995836095","p1":"DynaTheCryo","p2":"SumPK","format":"[Gen 9] OU","log":"|j|\u2606DynaTheCryo\n|j|\u2606SumPK\n|t:|1700607994\n|gametype|singles\n|player|p1|DynaTheCryo|unknown|\n|player|p2|SumPK|cynthia-gen4|\n|teamsize|p1|6\n|teamsize|p2|6\n|gen|9\n|tier|[Gen 9] OU\n|rule|Sleep Clause Mod: Limit one foe put to sleep\n|rule|Species Clause: Limit one of each Pok\u00e9mon\n|rule|OHKO Clause: OHKO moves are banned\n|rule|Evasion Items Clause: Evasion items are banned\n|rule|Evasion Moves Clause: Evasion moves are banned\n|rule|Endless Battle Clause: Forcing endless battles is banned\n|rule|HP Percentage Mod: HP is shown in percentages\n|clearpoke\n|poke|p1|Samurott-Hisui, M|\n|poke|p1|Heatran, F|\n|poke|p1|Dragonite, M|\n|poke|p1|Ogerpon-Wellspring, F|\n|poke|p1|Corviknight, F|\n|poke|p1|Grimmsnarl, M|\n|poke|p2|Snorlax, F|\n|poke|p2|Charizard, M|\n|poke|p2|Lucario, M|\n|poke|p2|Rotom-Wash|\n|poke|p2|Clodsire, M|\n|poke|p2|Meowscarada, M|\n|teampreview\n|\n|t:|1700608015\n|start\n|switch|p1a: Grimmsnarl|Grimmsnarl, M|100\/100\n|switch|p2a: Clodsire|Clodsire, M|100\/100\n|turn|1\n|\n|t:|1700608022\n|move|p1a: Grimmsnarl|Light Screen|p1a: Grimmsnarl\n|-sidestart|p1: DynaTheCryo|move: Light Screen\n|move|p2a: Clodsire|Stealth Rock|p1a: Grimmsnarl\n|-sidestart|p1: DynaTheCryo|move: Stealth Rock\n|\n|upkeep\n|turn|2\n|\n|t:|1700608028\n|switch|p1a: Corviknight|Corviknight, F, shiny|100\/100\n|move|p2a: Clodsire|Toxic|p1a: Corviknight\n|-immune|p1a: Corviknight\n|\n|upkeep\n|turn|3\n|\n|t:|1700608042\n|switch|p2a: Rotom|Rotom-Wash, shiny|100\/100\n|move|p1a: Corviknight|Defog|p2a: Rotom\n|-unboost|p2a: Rotom|evasion|1\n|-sideend|p1: DynaTheCryo|Stealth Rock|[from] move: Defog|[of] p1a: Corviknight\n|\n|upkeep\n|turn|4\n|\n|t:|1700608057\n|switch|p1a: Grimmsnarl|Grimmsnarl, M|100\/100\n|move|p2a: Rotom|Light Screen|p2a: Rotom\n|-sidestart|p2: SumPK|move: Light Screen\n|\n|upkeep\n|turn|5\n|\n|t:|1700608066\n|move|p1a: Grimmsnarl|Taunt|p2a: Rotom\n|-start|p2a: Rotom|move: Taunt\n|cant|p2a: Rotom|move: Taunt|Reflect\n|\n|-sideend|p1: DynaTheCryo|move: Light Screen\n|upkeep\n|turn|6\n|\n|t:|1700608071\n|move|p1a: Grimmsnarl|Light Screen|p1a: Grimmsnarl\n|-sidestart|p1: DynaTheCryo|move: Light Screen\n|move|p2a: Rotom|Volt Switch|p1a: Grimmsnarl\n|-damage|p1a: Grimmsnarl|85\/100\n|\n|t:|1700608087\n|switch|p2a: Clodsire|Clodsire, M|100\/100|[from] Volt Switch\n|\n|upkeep\n|turn|7\n|\n|t:|1700608093\n|move|p1a: Grimmsnarl|Taunt|p2a: Clodsire\n|-start|p2a: Clodsire|move: Taunt\n|move|p2a: Clodsire|Chilling Water|p1a: Grimmsnarl\n|-damage|p1a: Grimmsnarl|83\/100\n|-unboost|p1a: Grimmsnarl|atk|1\n|\n|upkeep\n|turn|8\n|\n|t:|1700608101\n|move|p1a: Grimmsnarl|Reflect|p1a: Grimmsnarl\n|-sidestart|p1: DynaTheCryo|Reflect\n|move|p2a: Clodsire|Chilling Water|p1a: Grimmsnarl\n|-damage|p1a: Grimmsnarl|80\/100\n|-unboost|p1a: Grimmsnarl|atk|1\n|\n|upkeep\n|turn|9\n|\n|t:|1700608116\n|switch|p1a: Corviknight|Corviknight, F, shiny|100\/100\n|switch|p2a: Charizard|Charizard, M, shiny|100\/100\n|\n|upkeep\n|turn|10\n|\n|t:|1700608126\n|switch|p1a: Heatran|Heatran, F|100\/100\n|move|p2a: Charizard|Will-O-Wisp|p1a: Heatran\n|-start|p1a: Heatran|ability: Flash Fire\n|\n|-sideend|p1: DynaTheCryo|move: Light Screen\n|upkeep\n|turn|11\n|\n|t:|1700608143\n|switch|p2a: Rotom|Rotom-Wash, shiny|100\/100\n|move|p1a: Heatran|Earth Power|p2a: Rotom\n|-immune|p2a: Rotom|[from] ability: Levitate\n|\n|-sideend|p2: SumPK|move: Light Screen\n|upkeep\n|turn|12\n|\n|t:|1700608158\n|-end|p1a: Heatran|ability: Flash Fire|[silent]\n|switch|p1a: Ogerpon|Ogerpon-Wellspring, F|100\/100\n|move|p2a: Rotom|Light Screen|p2a: Rotom\n|-sidestart|p2: SumPK|move: Light Screen\n|\n|-sideend|p1: DynaTheCryo|Reflect\n|upkeep\n|turn|13\n|\n|t:|1700608171\n|move|p1a: Ogerpon|Horn Leech|p2a: Rotom\n|-supereffective|p2a: Rotom\n|-damage|p2a: Rotom|0 fnt\n|faint|p2a: Rotom\n|\n|upkeep\n|\n|t:|1700608178\n|switch|p2a: Snorlax|Snorlax, F|100\/100\n|turn|14\n|\n|t:|1700608185\n|move|p1a: Ogerpon|Swords Dance|p1a: Ogerpon\n|-boost|p1a: Ogerpon|atk|2\n|move|p2a: Snorlax|Body Slam|p1a: Ogerpon\n|-damage|p1a: Ogerpon|46\/100\n|\n|upkeep\n|turn|15\n|\n|t:|1700608194\n|move|p1a: Ogerpon|Play Rough|p2a: Snorlax\n|-damage|p2a: Snorlax|43\/100\n|-enditem|p2a: Snorlax|Aguav Berry|[eat]\n|-heal|p2a: Snorlax|76\/100|[from] item: Aguav Berry\n|move|p2a: Snorlax|Body Slam|p1a: Ogerpon\n|-damage|p1a: Ogerpon|0 fnt\n|faint|p1a: Ogerpon\n|\n|upkeep\n|\n|t:|1700608205\n|switch|p1a: Samurott-Unova|Samurott-Hisui, M, shiny|100\/100\n|turn|16\n|\n|t:|1700608218\n|move|p1a: Samurott-Unova|Sacred Sword|p2a: Snorlax\n|-supereffective|p2a: Snorlax\n|-damage|p2a: Snorlax|6\/100\n|move|p2a: Snorlax|Rest|p2a: Snorlax\n|-status|p2a: Snorlax|slp|[from] move: Rest\n|-heal|p2a: Snorlax|100\/100 slp|[silent]\n|\n|upkeep\n|turn|17\n|\n|t:|1700608253\n|switch|p2a: Lucario|Lucario, M, shiny|100\/100\n|move|p1a: Samurott-Unova|Ceaseless Edge|p2a: Lucario\n|-resisted|p2a: Lucario\n|-damage|p2a: Lucario|63\/100\n|-sidestart|p2: SumPK|Spikes\n|\n|upkeep\n|turn|18\n|\n|t:|1700608266\n|move|p2a: Lucario|Close Combat|p1a: Samurott-Unova\n|-supereffective|p1a: Samurott-Unova\n|-damage|p1a: Samurott-Unova|0 fnt\n|-unboost|p2a: Lucario|def|1\n|-unboost|p2a: Lucario|spd|1\n|faint|p1a: Samurott-Unova\n|\n|upkeep\n|\n|t:|1700608271\n|switch|p1a: Heatran|Heatran, F|100\/100\n|turn|19\n|\n|t:|1700608283\n|move|p1a: Heatran|Flamethrower|p2a: Lucario\n|-supereffective|p2a: Lucario\n|-damage|p2a: Lucario|0 fnt\n|faint|p2a: Lucario\n|\n|-sideend|p2: SumPK|move: Light Screen\n|upkeep\n|\n|t:|1700608301\n|switch|p2a: Charizard|Charizard, M, shiny|100\/100\n|turn|20\n|\n|t:|1700608315\n|move|p1a: Heatran|Flamethrower|p2a: Charizard\n|-resisted|p2a: Charizard\n|-damage|p2a: Charizard|70\/100\n|move|p2a: Charizard|Air Slash|p1a: Heatran\n|-resisted|p1a: Heatran\n|-crit|p1a: Heatran\n|-damage|p1a: Heatran|59\/100\n|\n|upkeep\n|turn|21\n|\n|t:|1700608335\n|switch|p1a: Dragonite|Dragonite, M|100\/100\n|-terastallize|p2a: Charizard|Water\n|move|p2a: Charizard|Air Slash|p1a: Dragonite\n|-damage|p1a: Dragonite|75\/100\n|\n|upkeep\n|turn|22\n|\n|t:|1700608341\n|move|p2a: Charizard|Air Slash|p1a: Dragonite\n|-damage|p1a: Dragonite|18\/100\n|move|p1a: Dragonite|Dragon Dance|p1a: Dragonite\n|-boost|p1a: Dragonite|atk|1\n|-boost|p1a: Dragonite|spe|1\n|\n|upkeep\n|turn|23\n|\n|t:|1700608353\n|move|p1a: Dragonite|Earthquake|p2a: Charizard\n|-damage|p2a: Charizard|0 fnt\n|faint|p2a: Charizard\n|\n|upkeep\n|\n|t:|1700608357\n|switch|p2a: Snorlax|Snorlax, F|100\/100 slp\n|-damage|p2a: Snorlax|88\/100 slp|[from] Spikes\n|turn|24\n|\n|t:|1700608368\n|move|p1a: Dragonite|Earthquake|p2a: Snorlax\n|-crit|p2a: Snorlax\n|-damage|p2a: Snorlax|21\/100 slp\n|cant|p2a: Snorlax|slp\n|move|p2a: Snorlax|Sleep Talk|p2a: Snorlax\n|move|p2a: Snorlax|Body Slam|p1a: Dragonite|[from]move: Sleep Talk\n|-damage|p1a: Dragonite|0 fnt\n|faint|p1a: Dragonite\n|\n|upkeep\n|\n|t:|1700608381\n|switch|p1a: Heatran|Heatran, F|59\/100\n|turn|25\n|\n|t:|1700608387\n|move|p1a: Heatran|Earth Power|p2a: Snorlax\n|-damage|p2a: Snorlax|3\/100 slp\n|cant|p2a: Snorlax|slp\n|move|p2a: Snorlax|Sleep Talk|p2a: Snorlax\n|move|p2a: Snorlax|Brick Break|p1a: Heatran|[from]move: Sleep Talk\n|-supereffective|p1a: Heatran\n|-damage|p1a: Heatran|9\/100\n|\n|upkeep\n|turn|26\n|\n|t:|1700608395\n|move|p1a: Heatran|Earth Power|p2a: Snorlax\n|-damage|p2a: Snorlax|0 fnt\n|faint|p2a: Snorlax\n|\n|upkeep\n|\n|t:|1700608402\n|switch|p2a: Clodsire|Clodsire, M|100\/100\n|-damage|p2a: Clodsire|88\/100|[from] Spikes\n|turn|27\n|\n|t:|1700608410\n|switch|p1a: Corviknight|Corviknight, F, shiny|100\/100\n|move|p2a: Clodsire|Chilling Water|p1a: Corviknight\n|-damage|p1a: Corviknight|95\/100\n|-ability|p1a: Corviknight|Mirror Armor\n|-unboost|p2a: Clodsire|atk|1\n|\n|-heal|p2a: Clodsire|94\/100|[from] item: Leftovers\n|upkeep\n|turn|28\n|\n|t:|1700608430\n|switch|p2a: Meowscarada|Meowscarada, M|100\/100\n|-damage|p2a: Meowscarada|88\/100|[from] Spikes\n|move|p1a: Corviknight|Iron Head|p2a: Meowscarada\n|-damage|p2a: Meowscarada|50\/100\n|\n|upkeep\n|turn|29\n|\n|t:|1700608452\n|move|p2a: Meowscarada|Flower Trick|p1a: Corviknight\n|-start|p2a: Meowscarada|typechange|Grass|[from] ability: Protean\n|-resisted|p1a: Corviknight\n|-crit|p1a: Corviknight\n|-damage|p1a: Corviknight|86\/100\n|move|p1a: Corviknight|U-turn|p2a: Meowscarada\n|-supereffective|p2a: Meowscarada\n|-damage|p2a: Meowscarada|6\/100\n|\n|t:|1700608459\n|switch|p1a: Grimmsnarl|Grimmsnarl, M|80\/100|[from] U-turn\n|\n|upkeep\n|turn|30\n|\n|t:|1700608466\n|switch|p2a: Clodsire|Clodsire, M|94\/100\n|-damage|p2a: Clodsire|82\/100|[from] Spikes\n|move|p1a: Grimmsnarl|Sucker Punch||[still]\n|-fail|p1a: Grimmsnarl\n|\n|-heal|p2a: Clodsire|88\/100|[from] item: Leftovers\n|upkeep\n|turn|31\n|\n|t:|1700608477\n|move|p1a: Grimmsnarl|Taunt|p2a: Clodsire\n|-start|p2a: Clodsire|move: Taunt\n|cant|p2a: Clodsire|move: Taunt|Toxic\n|\n|-heal|p2a: Clodsire|94\/100|[from] item: Leftovers\n|upkeep\n|turn|32\n|\n|t:|1700608483\n|move|p1a: Grimmsnarl|Sucker Punch|p2a: Clodsire\n|-damage|p2a: Clodsire|67\/100\n|move|p2a: Clodsire|Chilling Water|p1a: Grimmsnarl\n|-damage|p1a: Grimmsnarl|75\/100\n|-unboost|p1a: Grimmsnarl|atk|1\n|\n|-heal|p2a: Clodsire|73\/100|[from] item: Leftovers\n|upkeep\n|turn|33\n|\n|t:|1700608490\n|switch|p1a: Corviknight|Corviknight, F, shiny|86\/100\n|move|p2a: Clodsire|Chilling Water|p1a: Corviknight\n|-damage|p1a: Corviknight|81\/100\n|-ability|p1a: Corviknight|Mirror Armor\n|-unboost|p2a: Clodsire|atk|1\n|\n|-heal|p2a: Clodsire|79\/100|[from] item: Leftovers\n|-end|p2a: Clodsire|move: Taunt\n|upkeep\n|turn|34\n|\n|t:|1700608502\n|move|p1a: Corviknight|Iron Head|p2a: Clodsire\n|-damage|p2a: Clodsire|57\/100\n|cant|p2a: Clodsire|flinch\n|\n|-heal|p2a: Clodsire|64\/100|[from] item: Leftovers\n|upkeep\n|turn|35\n|\n|t:|1700608509\n|move|p1a: Corviknight|Iron Head|p2a: Clodsire\n|-damage|p2a: Clodsire|42\/100\n|move|p2a: Clodsire|Stealth Rock|p1a: Corviknight\n|-sidestart|p1: DynaTheCryo|move: Stealth Rock\n|\n|-heal|p2a: Clodsire|49\/100|[from] item: Leftovers\n|upkeep\n|turn|36\n|\n|t:|1700608525\n|move|p1a: Corviknight|Iron Head|p2a: Clodsire\n|-damage|p2a: Clodsire|26\/100\n|move|p2a: Clodsire|Recover|p2a: Clodsire\n|-heal|p2a: Clodsire|76\/100\n|\n|-heal|p2a: Clodsire|82\/100|[from] item: Leftovers\n|upkeep\n|turn|37\n|\n|t:|1700608543\n|move|p1a: Corviknight|Defog|p2a: Clodsire\n|-unboost|p2a: Clodsire|evasion|1\n|-sideend|p2: SumPK|Spikes|[from] move: Defog|[of] p1a: Corviknight\n|-sideend|p1: DynaTheCryo|Stealth Rock|[from] move: Defog|[of] p1a: Corviknight\n|move|p2a: Clodsire|Chilling Water|p1a: Corviknight\n|-damage|p1a: Corviknight|76\/100\n|-ability|p1a: Corviknight|Mirror Armor\n|-unboost|p2a: Clodsire|atk|1\n|\n|-heal|p2a: Clodsire|88\/100|[from] item: Leftovers\n|upkeep\n|turn|38\n|\n|t:|1700608552\n|switch|p2a: Meowscarada|Meowscarada, M|6\/100\n|move|p1a: Corviknight|U-turn|p2a: Meowscarada\n|-supereffective|p2a: Meowscarada\n|-damage|p2a: Meowscarada|0 fnt\n|faint|p2a: Meowscarada\n|\n|t:|1700608555\n|switch|p1a: Heatran|Heatran, F|9\/100|[from] U-turn\n|\n|upkeep\n|\n|t:|1700608560\n|switch|p2a: Clodsire|Clodsire, M|88\/100\n|turn|39\n|\n|t:|1700608564\n|move|p1a: Heatran|Earth Power|p2a: Clodsire\n|-supereffective|p2a: Clodsire\n|-damage|p2a: Clodsire|46\/100\n|move|p2a: Clodsire|Chilling Water|p1a: Heatran\n|-supereffective|p1a: Heatran\n|-crit|p1a: Heatran\n|-damage|p1a: Heatran|0 fnt\n|faint|p1a: Heatran\n|\n|-heal|p2a: Clodsire|52\/100|[from] item: Leftovers\n|upkeep\n|\n|t:|1700608568\n|switch|p1a: Corviknight|Corviknight, F, shiny|76\/100\n|turn|40\n|\n|t:|1700608576\n|move|p1a: Corviknight|Iron Head|p2a: Clodsire\n|-damage|p2a: Clodsire|31\/100\n|move|p2a: Clodsire|Chilling Water|p1a: Corviknight\n|-damage|p1a: Corviknight|70\/100\n|-ability|p1a: Corviknight|Mirror Armor\n|-unboost|p2a: Clodsire|atk|1\n|\n|-heal|p2a: Clodsire|37\/100|[from] item: Leftovers\n|upkeep\n|turn|41\n|\n|t:|1700608585\n|move|p1a: Corviknight|Iron Head|p2a: Clodsire\n|-damage|p2a: Clodsire|18\/100\n|move|p2a: Clodsire|Recover|p2a: Clodsire\n|-heal|p2a: Clodsire|68\/100\n|\n|-heal|p2a: Clodsire|74\/100|[from] item: Leftovers\n|upkeep\n|turn|42\n|\n|t:|1700608592\n|switch|p1a: Grimmsnarl|Grimmsnarl, M|75\/100\n|move|p2a: Clodsire|Chilling Water|p1a: Grimmsnarl\n|-damage|p1a: Grimmsnarl|70\/100\n|-unboost|p1a: Grimmsnarl|atk|1\n|\n|-heal|p2a: Clodsire|80\/100|[from] item: Leftovers\n|upkeep\n|turn|43\n|\n|t:|1700608599\n|move|p1a: Grimmsnarl|Taunt|p2a: Clodsire\n|-start|p2a: Clodsire|move: Taunt\n|move|p2a: Clodsire|Chilling Water|p1a: Grimmsnarl\n|-damage|p1a: Grimmsnarl|64\/100\n|-unboost|p1a: Grimmsnarl|atk|1\n|\n|-heal|p2a: Clodsire|86\/100|[from] item: Leftovers\n|upkeep\n|turn|44\n|\n|t:|1700608608\n|switch|p1a: Corviknight|Corviknight, F, shiny|70\/100\n|move|p2a: Clodsire|Chilling Water|p1a: Corviknight\n|-damage|p1a: Corviknight|65\/100\n|-ability|p1a: Corviknight|Mirror Armor\n|-unboost|p2a: Clodsire|atk|1\n|\n|-heal|p2a: Clodsire|93\/100|[from] item: Leftovers\n|upkeep\n|turn|45\n|\n|t:|1700608617\n|move|p1a: Corviknight|Iron Head|p2a: Clodsire\n|-damage|p2a: Clodsire|71\/100\n|move|p2a: Clodsire|Chilling Water|p1a: Corviknight\n|-damage|p1a: Corviknight|60\/100\n|-ability|p1a: Corviknight|Mirror Armor\n|-unboost|p2a: Clodsire|atk|1\n|\n|-heal|p2a: Clodsire|77\/100|[from] item: Leftovers\n|-end|p2a: Clodsire|move: Taunt\n|upkeep\n|turn|46\n|\n|t:|1700608628\n|move|p1a: Corviknight|Iron Head|p2a: Clodsire\n|-damage|p2a: Clodsire|56\/100\n|move|p2a: Clodsire|Toxic|p1a: Corviknight\n|-immune|p1a: Corviknight\n|\n|-heal|p2a: Clodsire|62\/100|[from] item: Leftovers\n|upkeep\n|turn|47\n|\n|t:|1700608634\n|move|p1a: Corviknight|Iron Head|p2a: Clodsire\n|-damage|p2a: Clodsire|43\/100\n|cant|p2a: Clodsire|flinch\n|\n|-heal|p2a: Clodsire|49\/100|[from] item: Leftovers\n|upkeep\n|turn|48\n|\n|t:|1700608641\n|move|p1a: Corviknight|Iron Head|p2a: Clodsire\n|-damage|p2a: Clodsire|28\/100\n|cant|p2a: Clodsire|flinch\n|\n|-heal|p2a: Clodsire|34\/100|[from] item: Leftovers\n|upkeep\n|turn|49\n|\n|t:|1700608646\n|move|p1a: Corviknight|Iron Head|p2a: Clodsire\n|-damage|p2a: Clodsire|13\/100\n|move|p2a: Clodsire|Recover|p2a: Clodsire\n|-heal|p2a: Clodsire|63\/100\n|\n|-heal|p2a: Clodsire|69\/100|[from] item: Leftovers\n|upkeep\n|turn|50\n|j| Bhggg\n|\n|t:|1700608653\n|move|p1a: Corviknight|Iron Head|p2a: Clodsire\n|-damage|p2a: Clodsire|48\/100\n|move|p2a: Clodsire|Chilling Water|p1a: Corviknight\n|-damage|p1a: Corviknight|55\/100\n|-ability|p1a: Corviknight|Mirror Armor\n|-unboost|p2a: Clodsire|atk|1\n|\n|-heal|p2a: Clodsire|54\/100|[from] item: Leftovers\n|upkeep\n|turn|51\n|\n|t:|1700608661\n|move|p1a: Corviknight|Iron Head|p2a: Clodsire\n|-damage|p2a: Clodsire|31\/100\n|move|p2a: Clodsire|Recover|p2a: Clodsire\n|-heal|p2a: Clodsire|81\/100\n|\n|-heal|p2a: Clodsire|88\/100|[from] item: Leftovers\n|upkeep\n|turn|52\n|\n|t:|1700608673\n|move|p1a: Corviknight|Iron Head|p2a: Clodsire\n|-damage|p2a: Clodsire|67\/100\n|cant|p2a: Clodsire|flinch\n|\n|-heal|p2a: Clodsire|73\/100|[from] item: Leftovers\n|upkeep\n|turn|53\n|\n|t:|1700608679\n|move|p1a: Corviknight|Roost|p1a: Corviknight\n|-heal|p1a: Corviknight|100\/100\n|-singleturn|p1a: Corviknight|move: Roost\n|move|p2a: Clodsire|Chilling Water|p1a: Corviknight\n|-damage|p1a: Corviknight|95\/100\n|-ability|p1a: Corviknight|Mirror Armor\n|-unboost|p2a: Clodsire|atk|1\n|\n|-heal|p2a: Clodsire|79\/100|[from] item: Leftovers\n|upkeep\n|turn|54\n|\n|t:|1700608689\n|move|p1a: Corviknight|U-turn|p2a: Clodsire\n|-resisted|p2a: Clodsire\n|-crit|p2a: Clodsire\n|-damage|p2a: Clodsire|69\/100\n|\n|t:|1700608691\n|switch|p1a: Grimmsnarl|Grimmsnarl, M|64\/100|[from] U-turn\n|move|p2a: Clodsire|Chilling Water|p1a: Grimmsnarl\n|-damage|p1a: Grimmsnarl|59\/100\n|-unboost|p1a: Grimmsnarl|atk|1\n|\n|-heal|p2a: Clodsire|75\/100|[from] item: Leftovers\n|upkeep\n|turn|55\n|\n|t:|1700608701\n|move|p1a: Grimmsnarl|Light Screen|p1a: Grimmsnarl\n|-sidestart|p1: DynaTheCryo|move: Light Screen\n|move|p2a: Clodsire|Chilling Water|p1a: Grimmsnarl\n|-damage|p1a: Grimmsnarl|56\/100\n|-unboost|p1a: Grimmsnarl|atk|1\n|\n|-heal|p2a: Clodsire|82\/100|[from] item: Leftovers\n|upkeep\n|turn|56\n|\n|t:|1700608710\n|move|p1a: Grimmsnarl|Taunt|p2a: Clodsire\n|-start|p2a: Clodsire|move: Taunt\n|cant|p2a: Clodsire|move: Taunt|Toxic\n|\n|-heal|p2a: Clodsire|88\/100|[from] item: Leftovers\n|upkeep\n|turn|57\n|\n|t:|1700608715\n|move|p1a: Grimmsnarl|Sucker Punch|p2a: Clodsire\n|-damage|p2a: Clodsire|74\/100\n|move|p2a: Clodsire|Chilling Water|p1a: Grimmsnarl\n|-damage|p1a: Grimmsnarl|54\/100\n|-unboost|p1a: Grimmsnarl|atk|1\n|\n|-heal|p2a: Clodsire|80\/100|[from] item: Leftovers\n|upkeep\n|turn|58\n|\n|t:|1700608722\n|move|p1a: Grimmsnarl|Sucker Punch|p2a: Clodsire\n|-damage|p2a: Clodsire|69\/100\n|move|p2a: Clodsire|Chilling Water|p1a: Grimmsnarl\n|-damage|p1a: Grimmsnarl|51\/100\n|-unboost|p1a: Grimmsnarl|atk|1\n|\n|-heal|p2a: Clodsire|76\/100|[from] item: Leftovers\n|-end|p2a: Clodsire|move: Taunt\n|upkeep\n|turn|59\n|inactive|Battle timer is ON: inactive players will automatically lose when time's up. (requested by SumPK)\n|\n|t:|1700608731\n|move|p1a: Grimmsnarl|Taunt|p2a: Clodsire\n|-start|p2a: Clodsire|move: Taunt\n|move|p2a: Clodsire|Chilling Water|p1a: Grimmsnarl\n|-damage|p1a: Grimmsnarl|49\/100\n|-unboost|p1a: Grimmsnarl|atk|1\n|\n|-heal|p2a: Clodsire|82\/100|[from] item: Leftovers\n|-sideend|p1: DynaTheCryo|move: Light Screen\n|upkeep\n|turn|60\n|\n|t:|1700608745\n|switch|p1a: Corviknight|Corviknight, F, shiny|95\/100\n|move|p2a: Clodsire|Chilling Water|p1a: Corviknight\n|-damage|p1a: Corviknight|90\/100\n|-ability|p1a: Corviknight|Mirror Armor\n|-unboost|p2a: Clodsire|atk|1\n|\n|-heal|p2a: Clodsire|88\/100|[from] item: Leftovers\n|upkeep\n|turn|61\n|\n|t:|1700608753\n|move|p1a: Corviknight|Iron Head|p2a: Clodsire\n|-damage|p2a: Clodsire|66\/100\n|cant|p2a: Clodsire|flinch\n|\n|-heal|p2a: Clodsire|72\/100|[from] item: Leftovers\n|-end|p2a: Clodsire|move: Taunt\n|upkeep\n|turn|62\n|\n|t:|1700608762\n|move|p1a: Corviknight|Iron Head|p2a: Clodsire\n|-damage|p2a: Clodsire|50\/100\n|move|p2a: Clodsire|Chilling Water|p1a: Corviknight\n|-damage|p1a: Corviknight|85\/100\n|-ability|p1a: Corviknight|Mirror Armor\n|-unboost|p2a: Clodsire|atk|0\n|\n|-heal|p2a: Clodsire|57\/100|[from] item: Leftovers\n|upkeep\n|turn|63\n|\n|t:|1700608775\n|move|p1a: Corviknight|Iron Head|p2a: Clodsire\n|-damage|p2a: Clodsire|35\/100\n|move|p2a: Clodsire|Chilling Water|p1a: Corviknight\n|-damage|p1a: Corviknight|79\/100\n|-ability|p1a: Corviknight|Mirror Armor\n|-unboost|p2a: Clodsire|atk|0\n|\n|-heal|p2a: Clodsire|41\/100|[from] item: Leftovers\n|upkeep\n|turn|64\n|-message|SumPK forfeited.\n|\n|win|DynaTheCryo\n|l|\u2606SumPK\n|c|\u2606DynaTheCryo|gg\n|l|\u2606DynaTheCryo\n|j|\u2606SumPK\n|player|p2|SumPK|cynthia-gen4\n|l|\u2606SumPK\n|player|p2|\n|l| Bhggg\n","uploadtime":1700609257,"views":8,"p1id":"dynathecryo","p2id":"sumpk","formatid":"gen9ou","rating":0,"private":0,"password":""}