{"id":"gen9ou-1992336921","p1":"Docter_Peng99","p2":"ygdrasol","format":"[Gen 9] OU","log":"|j|\u2606Docter_Peng99\n|j|\u2606ygdrasol\n|t:|1700176078\n|gametype|singles\n|player|p1|Docter_Peng99|larry|1210\n|player|p2|ygdrasol|170|1183\n|teamsize|p1|6\n|teamsize|p2|6\n|gen|9\n|tier|[Gen 9] OU\n|rated|\n|rule|Sleep Clause Mod: Limit one foe put to sleep\n|rule|Species Clause: Limit one of each Pok\u00e9mon\n|rule|OHKO Clause: OHKO moves are banned\n|rule|Evasion Items Clause: Evasion items are banned\n|rule|Evasion Moves Clause: Evasion moves are banned\n|rule|Endless Battle Clause: Forcing endless battles is banned\n|rule|HP Percentage Mod: HP is shown in percentages\n|clearpoke\n|poke|p1|Heatran, M|\n|poke|p1|Great Tusk|\n|poke|p1|Iron Moth|\n|poke|p1|Iron Valiant|\n|poke|p1|Dragapult, M|\n|poke|p1|Kingambit, M|\n|poke|p2|Iron Moth|\n|poke|p2|Kingambit, M|\n|poke|p2|Enamorus, F|\n|poke|p2|Slowking-Galar, M|\n|poke|p2|Milotic, F|\n|poke|p2|Rillaboom, M|\n|teampreview\n|inactive|Battle timer is ON: inactive players will automatically lose when time's up. (requested by ygdrasol)\n|\n|t:|1700176104\n|start\n|switch|p1a: Wall|Heatran, M|100\/100\n|switch|p2a: Milotic|Milotic, F|100\/100\n|turn|1\n|\n|t:|1700176133\n|move|p1a: Wall|Magma Storm|p2a: Milotic|[miss]\n|-miss|p1a: Wall|p2a: Milotic\n|move|p2a: Milotic|Scald|p1a: Wall\n|-supereffective|p1a: Wall\n|-damage|p1a: Wall|64\/100\n|\n|-heal|p1a: Wall|70\/100|[from] item: Leftovers\n|upkeep\n|turn|2\n|\n|t:|1700176140\n|move|p1a: Wall|Taunt|p2a: Milotic\n|-start|p2a: Milotic|move: Taunt\n|move|p2a: Milotic|Mirror Coat||[still]\n|-fail|p2a: Milotic\n|\n|-heal|p1a: Wall|77\/100|[from] item: Leftovers\n|upkeep\n|turn|3\n|\n|t:|1700176145\n|move|p1a: Wall|Magma Storm|p2a: Milotic\n|-resisted|p2a: Milotic\n|-damage|p2a: Milotic|90\/100\n|-activate|p2a: Milotic|move: Magma Storm|[of] p1a: Wall\n|move|p2a: Milotic|Scald|p1a: Wall\n|-supereffective|p1a: Wall\n|-damage|p1a: Wall|38\/100\n|\n|-heal|p1a: Wall|44\/100|[from] item: Leftovers\n|-heal|p2a: Milotic|96\/100|[from] item: Leftovers\n|-damage|p2a: Milotic|83\/100|[from] move: Magma Storm|[partiallytrapped]\n|upkeep\n|turn|4\n|\n|t:|1700176158\n|move|p1a: Wall|Earth Power|p2a: Milotic\n|-damage|p2a: Milotic|69\/100\n|move|p2a: Milotic|Flip Turn|p1a: Wall\n|-supereffective|p1a: Wall\n|-damage|p1a: Wall|25\/100\n|inactive|ygdrasol has 120 seconds left.\n|l|\u2606Docter_Peng99\n|inactive|Docter_Peng99 disconnected and has a minute to reconnect!\n|player|p1|\n|j|\u2606Docter_Peng99\n|inactive|Docter_Peng99 reconnected.\n|player|p1|Docter_Peng99|larry\n|inactive|ygdrasol has 90 seconds left.\n|\n|t:|1700176228\n|switch|p2a: Rillaboom|Rillaboom, M|100\/100|[from] Flip Turn\n|-fieldstart|move: Grassy Terrain|[from] ability: Grassy Surge|[of] p2a: Rillaboom\n|\n|-heal|p1a: Wall|31\/100|[from] Grassy Terrain\n|-heal|p1a: Wall|37\/100|[from] item: Leftovers\n|upkeep\n|turn|5\n|\n|t:|1700176232\n|move|p2a: Rillaboom|High Horsepower|p1a: Wall\n|-supereffective|p1a: Wall\n|-damage|p1a: Wall|0 fnt\n|faint|p1a: Wall\n|\n|upkeep\n|\n|t:|1700176236\n|switch|p1a: Solarflare|Iron Moth|100\/100\n|-enditem|p1a: Solarflare|Booster Energy\n|-activate|p1a: Solarflare|ability: Quark Drive|[fromitem]\n|-start|p1a: Solarflare|quarkdrivespe\n|turn|6\n|\n|t:|1700176241\n|switch|p2a: Slowking|Slowking-Galar, M, shiny|100\/100\n|move|p1a: Solarflare|Fiery Dance|p2a: Slowking\n|-damage|p2a: Slowking|69\/100\n|-boost|p1a: Solarflare|spa|1\n|\n|-heal|p2a: Slowking|75\/100|[from] Grassy Terrain\n|-heal|p2a: Slowking|81\/100|[from] item: Leftovers\n|upkeep\n|turn|7\n|\n|t:|1700176247\n|move|p1a: Solarflare|Substitute|p1a: Solarflare\n|-start|p1a: Solarflare|Substitute\n|-damage|p1a: Solarflare|76\/100\n|move|p2a: Slowking|Future Sight|p1a: Solarflare\n|-start|p2a: Slowking|move: Future Sight\n|\n|-heal|p1a: Solarflare|82\/100|[from] Grassy Terrain\n|-heal|p2a: Slowking|88\/100|[from] Grassy Terrain\n|-heal|p2a: Slowking|94\/100|[from] item: Leftovers\n|upkeep\n|turn|8\n|inactive|ygdrasol has 120 seconds left.\n|\n|t:|1700176253\n|move|p1a: Solarflare|Fiery Dance|p2a: Slowking\n|-damage|p2a: Slowking|43\/100\n|move|p2a: Slowking|Sludge Bomb|p1a: Solarflare\n|-resisted|p1a: Solarflare\n|-activate|p1a: Solarflare|move: Substitute|[damage]\n|\n|-heal|p1a: Solarflare|88\/100|[from] Grassy Terrain\n|-heal|p2a: Slowking|49\/100|[from] Grassy Terrain\n|-heal|p2a: Slowking|55\/100|[from] item: Leftovers\n|-fieldend|move: Grassy Terrain\n|upkeep\n|turn|9\n|inactive|ygdrasol has 120 seconds left.\n|\n|t:|1700176265\n|move|p1a: Solarflare|Fiery Dance|p2a: Slowking\n|-damage|p2a: Slowking|10\/100\n|-boost|p1a: Solarflare|spa|1\n|move|p2a: Slowking|Chilly Reception|p2a: Slowking\n|-weather|Snow\n|\n|t:|1700176268\n|switch|p2a: Milotic|Milotic, F|69\/100|[from] Chilly Reception\n|\n|-weather|Snow|[upkeep]\n|-end|p1a: Solarflare|move: Future Sight\n|-supereffective|p1a: Solarflare\n|-end|p1a: Solarflare|Substitute\n|-heal|p2a: Milotic|75\/100|[from] item: Leftovers\n|upkeep\n|turn|10\n|\n|t:|1700176272\n|move|p1a: Solarflare|Energy Ball|p2a: Milotic\n|-supereffective|p2a: Milotic\n|-damage|p2a: Milotic|11\/100\n|move|p2a: Milotic|Scald|p1a: Solarflare\n|-supereffective|p1a: Solarflare\n|-damage|p1a: Solarflare|34\/100\n|\n|-weather|Snow|[upkeep]\n|-heal|p2a: Milotic|17\/100|[from] item: Leftovers\n|upkeep\n|turn|11\n|\n|t:|1700176280\n|switch|p2a: Enamorus|Enamorus, F|100\/100\n|move|p1a: Solarflare|Energy Ball|p2a: Enamorus\n|-resisted|p2a: Enamorus\n|-damage|p2a: Enamorus|58\/100\n|\n|-weather|Snow|[upkeep]\n|upkeep\n|turn|12\n|\n|t:|1700176287\n|move|p1a: Solarflare|Sludge Wave|p2a: Enamorus\n|-supereffective|p2a: Enamorus\n|-damage|p2a: Enamorus|0 fnt\n|faint|p2a: Enamorus\n|\n|-weather|Snow|[upkeep]\n|upkeep\n|\n|t:|1700176297\n|switch|p2a: Kingambit|Kingambit, M|100\/100\n|-activate|p2a: Kingambit|ability: Supreme Overlord\n|-start|p2a: Kingambit|fallen1|[silent]\n|turn|13\n|\n|t:|1700176301\n|-terastallize|p2a: Kingambit|Fairy\n|move|p1a: Solarflare|Fiery Dance|p2a: Kingambit\n|-damage|p2a: Kingambit|22\/100\n|-boost|p1a: Solarflare|spa|1\n|move|p2a: Kingambit|Kowtow Cleave|p1a: Solarflare\n|-damage|p1a: Solarflare|0 fnt\n|faint|p1a: Solarflare\n|-end|p1a: Solarflare|Quark Drive|[silent]\n|\n|-weather|none\n|-heal|p2a: Kingambit|28\/100|[from] item: Leftovers\n|upkeep\n|\n|t:|1700176304\n|switch|p1a: Ancient Elephant|Great Tusk|100\/100\n|turn|14\n|\n|t:|1700176306\n|move|p1a: Ancient Elephant|Earthquake|p2a: Kingambit\n|-damage|p2a: Kingambit|0 fnt\n|faint|p2a: Kingambit\n|-end|p2a: Kingambit|fallen1|[silent]\n|\n|upkeep\n|\n|t:|1700176308\n|switch|p2a: Rillaboom|Rillaboom, M|100\/100\n|-fieldstart|move: Grassy Terrain|[from] ability: Grassy Surge|[of] p2a: Rillaboom\n|turn|15\n|\n|t:|1700176311\n|move|p2a: Rillaboom|Knock Off|p1a: Ancient Elephant\n|-resisted|p1a: Ancient Elephant\n|-damage|p1a: Ancient Elephant|85\/100\n|-enditem|p1a: Ancient Elephant|Assault Vest|[from] move: Knock Off|[of] p2a: Rillaboom\n|move|p1a: Ancient Elephant|Ice Spinner|p2a: Rillaboom\n|-supereffective|p2a: Rillaboom\n|-damage|p2a: Rillaboom|30\/100\n|-fieldend|move: Grassy Terrain\n|\n|upkeep\n|turn|16\n|\n|t:|1700176317\n|switch|p2a: Milotic|Milotic, F|17\/100\n|move|p1a: Ancient Elephant|Knock Off|p2a: Milotic\n|-damage|p2a: Milotic|0 fnt\n|-enditem|p2a: Milotic|Leftovers|[from] move: Knock Off|[of] p1a: Ancient Elephant\n|faint|p2a: Milotic\n|\n|upkeep\n|\n|t:|1700176319\n|switch|p2a: Iron Moth|Iron Moth, shiny|100\/100\n|-enditem|p2a: Iron Moth|Booster Energy\n|-activate|p2a: Iron Moth|ability: Quark Drive|[fromitem]\n|-start|p2a: Iron Moth|quarkdrivespa\n|turn|17\n|\n|t:|1700176322\n|move|p2a: Iron Moth|Energy Ball|p1a: Ancient Elephant\n|-supereffective|p1a: Ancient Elephant\n|-damage|p1a: Ancient Elephant|0 fnt\n|faint|p1a: Ancient Elephant\n|-end|p1a: Ancient Elephant|Protosynthesis|[silent]\n|\n|upkeep\n|\n|t:|1700176326\n|switch|p1a: Gotta Sweep|Dragapult, M, shiny|100\/100\n|turn|18\n|\n|t:|1700176328\n|move|p1a: Gotta Sweep|Dragon Darts|p2a: Iron Moth\n|-damage|p2a: Iron Moth|35\/100\n|-anim|p1a: Gotta Sweep|Dragon Darts|p2a: Iron Moth\n|-damage|p2a: Iron Moth|0 fnt\n|faint|p2a: Iron Moth\n|-end|p2a: Iron Moth|Quark Drive|[silent]\n|\n|upkeep\n|\n|t:|1700176330\n|switch|p2a: Rillaboom|Rillaboom, M|30\/100\n|-fieldstart|move: Grassy Terrain|[from] ability: Grassy Surge|[of] p2a: Rillaboom\n|turn|19\n|\n|t:|1700176333\n|move|p1a: Gotta Sweep|Dragon Darts|p2a: Rillaboom\n|-damage|p2a: Rillaboom|0 fnt\n|faint|p2a: Rillaboom\n|\n|upkeep\n|-message|ygdrasol forfeited.\n|\n|win|Docter_Peng99\n|raw|Docter_Peng99's rating: 1210 &rarr; <strong>1233<\/strong><br \/>(+23 for winning)\n|raw|ygdrasol's rating: 1183 &rarr; <strong>1160<\/strong><br \/>(-23 for losing)\n|l|\u2606ygdrasol\n|c|\u2606Docter_Peng99|gg\n","uploadtime":1700176346,"views":7,"p1id":"docterpeng99","p2id":"ygdrasol","formatid":"gen9ou","rating":1160,"private":0,"password":""}