{"id":"gen9ou-1988572238","p1":"Vanotti15","p2":"Noobster237","format":"[Gen 9] OU","log":"|j|\u2606Vanotti15\n|j|\u2606Noobster237\n|t:|1699737487\n|gametype|singles\n|player|p1|Vanotti15|102|1094\n|player|p2|Noobster237|102|1007\n|teamsize|p1|6\n|teamsize|p2|6\n|gen|9\n|tier|[Gen 9] OU\n|rated|\n|rule|Sleep Clause Mod: Limit one foe put to sleep\n|rule|Species Clause: Limit one of each Pok\u00e9mon\n|rule|OHKO Clause: OHKO moves are banned\n|rule|Evasion Items Clause: Evasion items are banned\n|rule|Evasion Moves Clause: Evasion moves are banned\n|rule|Endless Battle Clause: Forcing endless battles is banned\n|rule|HP Percentage Mod: HP is shown in percentages\n|clearpoke\n|poke|p1|Torterra, M|\n|poke|p1|Munkidori, M|\n|poke|p1|Noctowl, M|\n|poke|p1|Cinderace, F|\n|poke|p1|Ribombee, F|\n|poke|p1|Mamoswine, M|\n|poke|p2|Hatterene, F|\n|poke|p2|Heatran, F|\n|poke|p2|Dragapult, M|\n|poke|p2|Zapdos|\n|poke|p2|Mamoswine, M|\n|poke|p2|Ogerpon-Wellspring, F|\n|teampreview\n|\n|t:|1699737509\n|start\n|switch|p1a: Munkidori|Munkidori, M|100\/100\n|switch|p2a: Heatran|Heatran, F|100\/100\n|turn|1\n|\n|t:|1699737517\n|move|p1a: Munkidori|Parting Shot|p2a: Heatran\n|-unboost|p2a: Heatran|atk|1\n|-unboost|p2a: Heatran|spa|1\n|\n|t:|1699737520\n|switch|p1a: Mamoswine|Mamoswine, M|100\/100|[from] Parting Shot\n|move|p2a: Heatran|Earth Power|p1a: Mamoswine\n|-damage|p1a: Mamoswine|70\/100\n|\n|upkeep\n|turn|2\n|inactive|Battle timer is ON: inactive players will automatically lose when time's up. (requested by Vanotti15)\n|\n|t:|1699737548\n|switch|p2a: Ogerpon|Ogerpon-Wellspring, F|100\/100\n|move|p1a: Mamoswine|Earthquake|p2a: Ogerpon\n|-resisted|p2a: Ogerpon\n|-damage|p2a: Ogerpon|68\/100\n|\n|upkeep\n|turn|3\n|\n|t:|1699737569\n|switch|p1a: Noctowl|Noctowl, M, shiny|100\/100\n|move|p2a: Ogerpon|Ivy Cudgel|p1a: Noctowl\n|-crit|p1a: Noctowl\n|-damage|p1a: Noctowl|0 fnt\n|faint|p1a: Noctowl\n|\n|upkeep\n|\n|t:|1699737575\n|switch|p1a: Ribombee|Ribombee, F|100\/100\n|turn|4\n|\n|t:|1699737579\n|switch|p2a: Hatterene|Hatterene, F|100\/100\n|move|p1a: Ribombee|Bug Buzz|p2a: Hatterene\n|-damage|p2a: Hatterene|62\/100\n|\n|-heal|p2a: Hatterene|68\/100|[from] item: Leftovers\n|upkeep\n|turn|5\n|\n|t:|1699737589\n|move|p1a: Ribombee|Bug Buzz|p2a: Hatterene\n|-damage|p2a: Hatterene|26\/100\n|move|p2a: Hatterene|Mystical Fire|p1a: Ribombee\n|-supereffective|p1a: Ribombee\n|-damage|p1a: Ribombee|25\/100\n|\n|-heal|p2a: Hatterene|32\/100|[from] item: Leftovers\n|upkeep\n|turn|6\n|\n|t:|1699737596\n|move|p1a: Ribombee|Bug Buzz|p2a: Hatterene\n|-damage|p2a: Hatterene|0 fnt\n|faint|p2a: Hatterene\n|\n|upkeep\n|\n|t:|1699737598\n|switch|p2a: Heatran|Heatran, F|100\/100\n|turn|7\n|\n|t:|1699737604\n|switch|p1a: Mamoswine|Mamoswine, M|70\/100\n|move|p2a: Heatran|Lava Plume|p1a: Mamoswine\n|-supereffective|p1a: Mamoswine\n|-damage|p1a: Mamoswine|5\/100\n|-enditem|p1a: Mamoswine|Sitrus Berry|[eat]\n|-heal|p1a: Mamoswine|30\/100|[from] item: Sitrus Berry\n|\n|upkeep\n|turn|8\n|\n|t:|1699737615\n|switch|p2a: Zapdos|Zapdos|100\/100\n|move|p1a: Mamoswine|Earthquake|p2a: Zapdos\n|-immune|p2a: Zapdos\n|\n|upkeep\n|turn|9\n|\n|t:|1699737621\n|move|p2a: Zapdos|Hurricane|p1a: Mamoswine|[miss]\n|-miss|p2a: Zapdos|p1a: Mamoswine\n|move|p1a: Mamoswine|Icicle Crash|p2a: Zapdos\n|-supereffective|p2a: Zapdos\n|-damage|p2a: Zapdos|0 fnt\n|faint|p2a: Zapdos\n|\n|upkeep\n|\n|t:|1699737628\n|switch|p2a: Ogerpon|Ogerpon-Wellspring, F|68\/100\n|turn|10\n|\n|t:|1699737634\n|move|p1a: Mamoswine|Ice Shard|p2a: Ogerpon\n|-damage|p2a: Ogerpon|41\/100\n|move|p2a: Ogerpon|Ivy Cudgel|p1a: Mamoswine\n|-supereffective|p1a: Mamoswine\n|-damage|p1a: Mamoswine|0 fnt\n|faint|p1a: Mamoswine\n|\n|upkeep\n|\n|t:|1699737638\n|switch|p1a: Ribombee|Ribombee, F|25\/100\n|turn|11\n|\n|t:|1699737650\n|move|p2a: Ogerpon|Spiky Shield|p2a: Ogerpon\n|-singleturn|p2a: Ogerpon|move: Protect\n|move|p1a: Ribombee|Sticky Web|p2a: Ogerpon\n|-sidestart|p2: Noobster237|move: Sticky Web\n|\n|upkeep\n|turn|12\n|\n|t:|1699737660\n|move|p1a: Ribombee|Bug Buzz|p2a: Ogerpon\n|-supereffective|p2a: Ogerpon\n|-damage|p2a: Ogerpon|0 fnt\n|faint|p2a: Ogerpon\n|\n|upkeep\n|\n|t:|1699737665\n|switch|p2a: Mamoswine|Mamoswine, M|100\/100\n|-activate|p2a: Mamoswine|move: Sticky Web\n|-unboost|p2a: Mamoswine|spe|1\n|turn|13\n|\n|t:|1699737679\n|move|p2a: Mamoswine|Ice Shard|p1a: Ribombee\n|-damage|p1a: Ribombee|0 fnt\n|faint|p1a: Ribombee\n|\n|upkeep\n|\n|t:|1699737690\n|switch|p1a: Torterra|Torterra, M|100\/100\n|turn|14\n|\n|t:|1699737696\n|-terastallize|p1a: Torterra|Water\n|move|p1a: Torterra|Shell Smash|p1a: Torterra\n|-unboost|p1a: Torterra|def|1\n|-unboost|p1a: Torterra|spd|1\n|-boost|p1a: Torterra|atk|2\n|-boost|p1a: Torterra|spa|2\n|-boost|p1a: Torterra|spe|2\n|-enditem|p1a: Torterra|White Herb\n|-clearnegativeboost|p1a: Torterra|[silent]\n|move|p2a: Mamoswine|Icicle Crash|p1a: Torterra\n|-resisted|p1a: Torterra\n|-damage|p1a: Torterra|78\/100\n|\n|upkeep\n|turn|15\n|\n|t:|1699737715\n|move|p1a: Torterra|Seed Bomb|p2a: Mamoswine\n|-supereffective|p2a: Mamoswine\n|-enditem|p2a: Mamoswine|Focus Sash\n|-damage|p2a: Mamoswine|1\/100\n|move|p2a: Mamoswine|Stealth Rock|p1a: Torterra\n|-sidestart|p1: Vanotti15|move: Stealth Rock\n|\n|upkeep\n|turn|16\n|\n|t:|1699737724\n|move|p2a: Mamoswine|Ice Shard|p1a: Torterra\n|-resisted|p1a: Torterra\n|-damage|p1a: Torterra|67\/100\n|move|p1a: Torterra|Seed Bomb|p2a: Mamoswine\n|-supereffective|p2a: Mamoswine\n|-damage|p2a: Mamoswine|0 fnt\n|faint|p2a: Mamoswine\n|\n|upkeep\n|c|\u2606Noobster237|!weak kyogre\n|c| Noobster237|\/raw <div class=\"infobox\">Kyogre (ignoring abilities):<br \/><span class=\"message-effect-weak\">Weaknesses<\/span>: Electric, Grass<br \/><span class=\"message-effect-resist\">Resistances<\/span>: Fire, Ice, Steel, Water<br \/><span class=\"message-effect-immune\">Immunities<\/span>: <font color=#999999>None<\/font><\/div>\n|\n|t:|1699737747\n|switch|p2a: Dragapult|Dragapult, M|100\/100\n|-activate|p2a: Dragapult|move: Sticky Web\n|-unboost|p2a: Dragapult|spe|1\n|turn|17\n|\n|t:|1699737756\n|move|p1a: Torterra|Headlong Rush|p2a: Dragapult\n|-damage|p2a: Dragapult|0 fnt\n|-unboost|p1a: Torterra|def|1\n|-unboost|p1a: Torterra|spd|1\n|faint|p2a: Dragapult\n|\n|upkeep\n|n|!Noobster237|noobster237\n|inactive|Noobster237 has 120 seconds left.\n|-message|Noobster237 forfeited.\n|\n|win|Vanotti15\n|raw|Vanotti15's rating: 1094 &rarr; <strong>1114<\/strong><br \/>(+20 for winning)\n|raw|Noobster237's rating: 1007 &rarr; <strong>1000<\/strong><br \/>(-7 for losing)\n","uploadtime":1699737766,"views":10,"p1id":"vanotti15","p2id":"noobster237","formatid":"gen9ou","rating":1000,"private":0,"password":""}