{"id":"gen9ou-1991683557","p1":"Melonscarada","p2":"syano29","format":"[Gen 9] OU","log":"|j|\u2606Melonscarada\n|j|\u2606syano29\n|t:|1700102276\n|gametype|singles\n|player|p1|Melonscarada|steven|\n|player|p2|syano29|lady-gen4|\n|teamsize|p1|6\n|teamsize|p2|6\n|gen|9\n|tier|[Gen 9] OU\n|rule|Sleep Clause Mod: Limit one foe put to sleep\n|rule|Species Clause: Limit one of each Pok\u00e9mon\n|rule|OHKO Clause: OHKO moves are banned\n|rule|Evasion Items Clause: Evasion items are banned\n|rule|Evasion Moves Clause: Evasion moves are banned\n|rule|Endless Battle Clause: Forcing endless battles is banned\n|rule|HP Percentage Mod: HP is shown in percentages\n|clearpoke\n|poke|p1|Dragonite, F|\n|poke|p1|Gengar, M|\n|poke|p1|Landorus-Therian, M|\n|poke|p1|Tauros-Paldea-Aqua, M|\n|poke|p1|Cryogonal|\n|poke|p1|Tinkaton, F|\n|poke|p2|Dragapult, F|\n|poke|p2|Skeledirge, F|\n|poke|p2|Zapdos-Galar|\n|poke|p2|Toedscruel, F|\n|poke|p2|Wo-Chien|\n|poke|p2|Crabominable, F|\n|teampreview\n|c|\u2606syano29|why do u have so many boy pokemon\n|j| Jamsfield\n|c| Jamsfield|Bc u aren\u2019t running cute charm enamorous\n|c|\u2606syano29|are we waiting for anyone\n|c|\u2606Melonscarada|Wage gap applies to EV's as well\n|c| Jamsfield|3\/6 mons are boys? Wtf is this a quadball team Ben??\n|\n|t:|1700102386\n|start\n|switch|p1a: SheGenOnMyGar|Gengar, M|100\/100\n|switch|p2a: Thriller|Dragapult, F|100\/100\n|turn|1\n|\n|t:|1700102412\n|switch|p2a: Doja Cat|Wo-Chien|100\/100\n|-ability|p2a: Doja Cat|Tablets of Ruin\n|move|p1a: SheGenOnMyGar|Shadow Ball|p2a: Doja Cat\n|-resisted|p2a: Doja Cat\n|-damage|p2a: Doja Cat|89\/100\n|\n|upkeep\n|turn|2\n|l| Jamsfield\n|j| Jamsfield\n|\n|t:|1700102490\n|switch|p1a: GodOfHammerz|Tinkaton, F|100\/100\n|-ability|p1a: GodOfHammerz|Mold Breaker\n|move|p2a: Doja Cat|Light Screen|p2a: Doja Cat\n|-sidestart|p2: syano29|move: Light Screen\n|\n|upkeep\n|turn|3\n|c|\u2606syano29|i've been playing exclusively blitz for the last 3 weeks\n|\n|t:|1700102562\n|switch|p2a: TentaGhoul|Toedscruel, F|100\/100\n|move|p1a: GodOfHammerz|Play Rough|p2a: TentaGhoul\n|-damage|p2a: TentaGhoul|55\/100\n|\n|upkeep\n|turn|4\n|\n|t:|1700102583\n|move|p1a: GodOfHammerz|Gigaton Hammer|p2a: TentaGhoul\n|-damage|p2a: TentaGhoul|0 fnt\n|faint|p2a: TentaGhoul\n|\n|upkeep\n|c|\u2606syano29|ope\n|c|\u2606Melonscarada|bonk\n|\n|t:|1700102606\n|switch|p2a: l8r|Skeledirge, F|100\/100\n|turn|5\n|\n|t:|1700102638\n|switch|p1a: Ole|Tauros-Paldea-Aqua, M|100\/100\n|-ability|p1a: Ole|Intimidate|boost\n|-unboost|p2a: l8r|atk|1\n|move|p2a: l8r|Shadow Ball|p1a: Ole\n|-damage|p1a: Ole|55\/100\n|-unboost|p1a: Ole|spd|1\n|\n|upkeep\n|turn|6\n|\n|t:|1700102747\n|switch|p2a: Thriller|Dragapult, F|100\/100\n|move|p1a: Ole|Aqua Jet|p2a: Thriller\n|-resisted|p2a: Thriller\n|-damage|p2a: Thriller|87\/100\n|-start|p1a: Ole|Disable|Aqua Jet|[from] ability: Cursed Body|[of] p2a: Thriller\n|\n|upkeep\n|turn|7\n|\n|t:|1700102794\n|switch|p1a: GodOfHammerz|Tinkaton, F|100\/100\n|-ability|p1a: GodOfHammerz|Mold Breaker\n|move|p2a: Thriller|Curse|p1a: GodOfHammerz\n|-start|p1a: GodOfHammerz|Curse|[of] p2a: Thriller\n|-damage|p2a: Thriller|37\/100\n|\n|-damage|p1a: GodOfHammerz|76\/100|[from] Curse\n|upkeep\n|turn|8\n|c| Jamsfield|Curse dragapult\u2026\n|c|\u2606syano29|tbh i didn't read the description\n|\n|t:|1700102858\n|switch|p2a: l8r|Skeledirge, F|100\/100\n|move|p1a: GodOfHammerz|Gigaton Hammer|p2a: l8r\n|-resisted|p2a: l8r\n|-damage|p2a: l8r|80\/100\n|\n|-heal|p1a: GodOfHammerz|82\/100|[from] item: Leftovers\n|-damage|p1a: GodOfHammerz|57\/100|[from] Curse\n|upkeep\n|turn|9\n|\n|t:|1700102938\n|move|p1a: GodOfHammerz|Stealth Rock|p2a: l8r\n|-sidestart|p2: syano29|move: Stealth Rock\n|move|p2a: l8r|Torch Song|p1a: GodOfHammerz\n|-supereffective|p1a: GodOfHammerz\n|-damage|p1a: GodOfHammerz|0 fnt\n|-boost|p2a: l8r|spa|1\n|faint|p1a: GodOfHammerz\n|\n|-sideend|p2: syano29|move: Light Screen\n|upkeep\n|\n|t:|1700102958\n|switch|p1a: Ole|Tauros-Paldea-Aqua, M|55\/100\n|-ability|p1a: Ole|Intimidate|boost\n|-unboost|p2a: l8r|atk|1\n|turn|10\n|\n|t:|1700103014\n|switch|p2a: Doja Cat|Wo-Chien|89\/100\n|-damage|p2a: Doja Cat|76\/100|[from] Stealth Rock\n|-ability|p2a: Doja Cat|Tablets of Ruin\n|move|p1a: Ole|Stone Edge|p2a: Doja Cat\n|-damage|p2a: Doja Cat|51\/100\n|\n|upkeep\n|turn|11\n|l| Jamsfield\n|\n|t:|1700103096\n|move|p1a: Ole|Stone Edge|p2a: Doja Cat\n|-damage|p2a: Doja Cat|27\/100\n|move|p2a: Doja Cat|Giga Drain|p1a: Ole\n|-supereffective|p1a: Ole\n|-damage|p1a: Ole|0 fnt\n|-heal|p2a: Doja Cat|53\/100|[from] drain|[of] p1a: Ole\n|faint|p1a: Ole\n|\n|upkeep\n|c|\u2606syano29|Ol\u00e9!\n|j| Jamsfield\n|l| Jamsfield\n|\n|t:|1700103161\n|switch|p1a: Lance's Pal|Dragonite, F|100\/100\n|turn|12\n|j| Jamsfield\n|l| Jamsfield\n|\n|t:|1700103197\n|move|p1a: Lance's Pal|Dragon Claw|p2a: Doja Cat\n|-damage|p2a: Doja Cat|20\/100\n|move|p2a: Doja Cat|Leech Seed|p1a: Lance's Pal\n|-start|p1a: Lance's Pal|move: Leech Seed\n|\n|-damage|p1a: Lance's Pal|88\/100|[from] Leech Seed|[of] p2a: Doja Cat\n|-heal|p2a: Doja Cat|31\/100|[silent]\n|upkeep\n|turn|13\n|\n|t:|1700103234\n|switch|p2a: Jason Funderberker|Crabominable, F|100\/100\n|-damage|p2a: Jason Funderberker|88\/100|[from] Stealth Rock\n|move|p1a: Lance's Pal|Dragon Claw|p2a: Jason Funderberker\n|-damage|p2a: Jason Funderberker|37\/100\n|\n|-damage|p1a: Lance's Pal|76\/100|[from] Leech Seed|[of] p2a: Jason Funderberker\n|-heal|p2a: Jason Funderberker|47\/100|[silent]\n|upkeep\n|turn|14\n|j| Jamsfield\n|\n|t:|1700103251\n|move|p1a: Lance's Pal|Dragon Claw|p2a: Jason Funderberker\n|-damage|p2a: Jason Funderberker|0 fnt\n|faint|p2a: Jason Funderberker\n|\n|upkeep\n|c|\u2606syano29|darn\n|\n|t:|1700103275\n|switch|p2a: Thriller|Dragapult, F|37\/100\n|-damage|p2a: Thriller|25\/100|[from] Stealth Rock\n|turn|15\n|l| Jamsfield\n|j| Jamsfield\n|\n|t:|1700103316\n|switch|p1a: IceIceBaby|Cryogonal|100\/100\n|move|p2a: Thriller|Dragon Darts|p1a: IceIceBaby\n|-damage|p1a: IceIceBaby|67\/100\n|-anim|p2a: Thriller|Dragon Darts|p1a: IceIceBaby\n|-damage|p1a: IceIceBaby|36\/100\n|\n|-heal|p1a: IceIceBaby|42\/100|[from] item: Leftovers\n|upkeep\n|turn|16\n|c|\u2606syano29|do do do dodo dodo\n|l| Jamsfield\n|\n|t:|1700103397\n|move|p2a: Thriller|Dragon Darts|p1a: IceIceBaby\n|-damage|p1a: IceIceBaby|9\/100\n|-anim|p2a: Thriller|Dragon Darts|p1a: IceIceBaby\n|-damage|p1a: IceIceBaby|0 fnt\n|faint|p1a: IceIceBaby\n|\n|upkeep\n|j| Jamsfield\n|l| Jamsfield\n|j| Jamsfield\n|\n|t:|1700103459\n|switch|p1a: SheGenOnMyGar|Gengar, M|100\/100\n|turn|17\n|c|\u2606Melonscarada|my cat is now watching, please let me win so she'll be proud of me\n|\n|t:|1700103637\n|move|p2a: Thriller|Dragon Darts|p1a: SheGenOnMyGar\n|-damage|p1a: SheGenOnMyGar|60\/100\n|-anim|p2a: Thriller|Dragon Darts|p1a: SheGenOnMyGar\n|-damage|p1a: SheGenOnMyGar|18\/100\n|move|p1a: SheGenOnMyGar|Shadow Ball|p2a: Thriller\n|-supereffective|p2a: Thriller\n|-damage|p2a: Thriller|0 fnt\n|faint|p2a: Thriller\n|\n|upkeep\n|l| Jamsfield\n|j| Jamsfield\n|l| Jamsfield\n|j| Jamsfield\n|\n|t:|1700103716\n|switch|p2a: Lewis|Zapdos-Galar|100\/100\n|-damage|p2a: Lewis|88\/100|[from] Stealth Rock\n|turn|18\n|\n|t:|1700103755\n|move|p1a: SheGenOnMyGar|Toxic Spikes|p2a: Lewis\n|-sidestart|p2: syano29|move: Toxic Spikes\n|move|p2a: Lewis|Brave Bird|p1a: SheGenOnMyGar\n|-damage|p1a: SheGenOnMyGar|0 fnt\n|faint|p1a: SheGenOnMyGar\n|-damage|p2a: Lewis|83\/100|[from] Recoil\n|\n|upkeep\n|l| Jamsfield\n|j| Jamsfield\n|\n|t:|1700103812\n|switch|p1a: Lance's Pal|Dragonite, F|76\/100\n|turn|19\n|\n|t:|1700103921\n|switch|p2a: Doja Cat|Wo-Chien|31\/100\n|-damage|p2a: Doja Cat|18\/100|[from] Stealth Rock\n|-status|p2a: Doja Cat|psn\n|-ability|p2a: Doja Cat|Tablets of Ruin\n|move|p1a: Lance's Pal|Extreme Speed|p2a: Doja Cat\n|-damage|p2a: Doja Cat|0 fnt\n|faint|p2a: Doja Cat\n|\n|upkeep\n|\n|t:|1700103926\n|switch|p2a: l8r|Skeledirge, F|80\/100\n|turn|20\n|j| MsandsV\n|\n|t:|1700103980\n|move|p1a: Lance's Pal|Earthquake|p2a: l8r\n|-supereffective|p2a: l8r\n|-damage|p2a: l8r|16\/100\n|move|p2a: l8r|Torch Song|p1a: Lance's Pal\n|-resisted|p1a: Lance's Pal\n|-damage|p1a: Lance's Pal|61\/100\n|-boost|p2a: l8r|spa|1\n|\n|upkeep\n|turn|21\n|c| MsandsV|Intense \ud83d\ude36\n|\n|t:|1700104072\n|move|p1a: Lance's Pal|Dragon Dance|p1a: Lance's Pal\n|-boost|p1a: Lance's Pal|atk|1\n|-boost|p1a: Lance's Pal|spe|1\n|move|p2a: l8r|Torch Song|p1a: Lance's Pal\n|-resisted|p1a: Lance's Pal\n|-damage|p1a: Lance's Pal|35\/100\n|-boost|p2a: l8r|spa|1\n|\n|upkeep\n|turn|22\n|\n|t:|1700104083\n|move|p1a: Lance's Pal|Dragon Claw|p2a: l8r\n|-damage|p2a: l8r|0 fnt\n|faint|p2a: l8r\n|\n|upkeep\n|\n|t:|1700104086\n|switch|p2a: Lewis|Zapdos-Galar|83\/100\n|-damage|p2a: Lewis|71\/100|[from] Stealth Rock\n|turn|23\n|\n|t:|1700104102\n|move|p1a: Lance's Pal|Dragon Claw|p2a: Lewis\n|-damage|p2a: Lewis|0 fnt\n|faint|p2a: Lewis\n|\n|win|Melonscarada\n|c|\u2606syano29|gg!\n|c|\u2606Melonscarada|GG!!\n|l| Jamsfield\n|c| MsandsV|Gg\n|c|\u2606syano29|i thought i could get myself out of that omg\n|c| MsandsV|I was rooting for you Yano!\n|c|\u2606syano29|but the DD was a good move\n|j| Jamsfield\n|c|\u2606syano29|I hope your cat is proud <3\n|c| MsandsV|Mostly for the slightly better seed\n|c|\u2606syano29|the truth comes otu\n|c|\u2606syano29|note to self: don't forget to add KO to wo-chien lol\n|c|\u2606Melonscarada|Yano revenge tour coming in the playoffs\n|c| Jamsfield|Stop switching when you have games sewn up Yano!!! \ud83d\ude21\ud83d\ude21\ud83d\ude21\n|l| Jamsfield\n|c|\u2606Melonscarada|yeah I think if you just hit brave bird again instead of switching zapdos out you win\n|l| MsandsV\n","uploadtime":1700104235,"views":42,"p1id":"melonscarada","p2id":"syano29","formatid":"gen9ou","rating":0,"private":0,"password":""}