{"id":"gen9ou-2000019368","p1":"gock glocker","p2":"Noobula","format":"[Gen 9] OU","log":"|j|\u2606gock glocker\n|j|\u2606Noobula\n|t:|1701141938\n|gametype|singles\n|player|p1|gock glocker|acerola-masters|1662\n|player|p2|Noobula|cyclist-gen4|1719\n|teamsize|p1|6\n|teamsize|p2|6\n|gen|9\n|tier|[Gen 9] OU\n|rated|\n|rule|Sleep Clause Mod: Limit one foe put to sleep\n|rule|Species Clause: Limit one of each Pok\u00e9mon\n|rule|OHKO Clause: OHKO moves are banned\n|rule|Evasion Items Clause: Evasion items are banned\n|rule|Evasion Moves Clause: Evasion moves are banned\n|rule|Endless Battle Clause: Forcing endless battles is banned\n|rule|HP Percentage Mod: HP is shown in percentages\n|clearpoke\n|poke|p1|Manaphy|\n|poke|p1|Kingambit, M|\n|poke|p1|Ribombee, M|\n|poke|p1|Gholdengo|\n|poke|p1|Iron Moth|\n|poke|p1|Ogerpon-Wellspring, F|\n|poke|p2|Great Tusk|\n|poke|p2|Ogerpon-Wellspring, F|\n|poke|p2|Rillaboom, M|\n|poke|p2|Slowking-Galar, M|\n|poke|p2|Cinderace, M|\n|poke|p2|Garganacl, M|\n|teampreview\n|inactive|Battle timer is ON: inactive players will automatically lose when time's up. (requested by gock glocker)\n|\n|t:|1701141944\n|start\n|switch|p1a: wildfiree|Ribombee, M, shiny|100\/100\n|switch|p2a: Garganacl|Garganacl, M|100\/100\n|turn|1\n|\n|t:|1701141951\n|move|p1a: wildfiree|Sticky Web|p2a: Garganacl\n|-sidestart|p2: Noobula|move: Sticky Web\n|move|p2a: Garganacl|Salt Cure|p1a: wildfiree\n|-supereffective|p1a: wildfiree\n|-damage|p1a: wildfiree|45\/100\n|\n|upkeep\n|turn|2\n|\n|t:|1701141958\n|move|p1a: wildfiree|Moonblast|p2a: Garganacl\n|-damage|p2a: Garganacl|75\/100\n|move|p2a: Garganacl|Salt Cure|p1a: wildfiree\n|-supereffective|p1a: wildfiree\n|-damage|p1a: wildfiree|0 fnt\n|faint|p1a: wildfiree\n|\n|-heal|p2a: Garganacl|81\/100|[from] item: Leftovers\n|upkeep\n|\n|t:|1701141970\n|switch|p1a: wessin|Gholdengo|100\/100\n|-item|p1a: wessin|Air Balloon\n|turn|3\n|\n|t:|1701141975\n|-terastallize|p2a: Garganacl|Water\n|move|p1a: wessin|Make It Rain|p2a: Garganacl\n|-resisted|p2a: Garganacl\n|-damage|p2a: Garganacl|62\/100\n|-unboost|p1a: wessin|spa|1\n|move|p2a: Garganacl|Salt Cure|p1a: wessin\n|-resisted|p1a: wessin\n|-damage|p1a: wessin|93\/100\n|-start|p1a: wessin|Salt Cure\n|-enditem|p1a: wessin|Air Balloon\n|\n|-heal|p2a: Garganacl|68\/100|[from] item: Leftovers\n|-damage|p1a: wessin|68\/100|[from] Salt Cure\n|upkeep\n|turn|4\n|\n|t:|1701141984\n|switch|p1a: faya|Ogerpon-Wellspring, F|100\/100\n|move|p2a: Garganacl|Iron Defense|p2a: Garganacl\n|-boost|p2a: Garganacl|def|2\n|\n|-heal|p2a: Garganacl|74\/100|[from] item: Leftovers\n|upkeep\n|turn|5\n|\n|t:|1701141993\n|move|p1a: faya|Encore|p2a: Garganacl\n|-start|p2a: Garganacl|Encore\n|move|p2a: Garganacl|Iron Defense|p2a: Garganacl\n|-boost|p2a: Garganacl|def|2\n|\n|-heal|p2a: Garganacl|80\/100|[from] item: Leftovers\n|upkeep\n|turn|6\n|\n|t:|1701141997\n|switch|p2a: Cinderace|Cinderace, M|100\/100\n|move|p1a: faya|Swords Dance|p1a: faya\n|-boost|p1a: faya|atk|2\n|\n|upkeep\n|turn|7\n|\n|t:|1701142008\n|move|p2a: Cinderace|Court Change|p2a: Cinderace\n|-start|p2a: Cinderace|typechange|Normal|[from] ability: Libero\n|-swapsideconditions\n|-activate|p2a: Cinderace|move: Court Change\n|move|p1a: faya|Ivy Cudgel|p2a: Cinderace|[anim] Ivy Cudgel Water\n|-damage|p2a: Cinderace|0 fnt\n|faint|p2a: Cinderace\n|\n|upkeep\n|\n|t:|1701142014\n|switch|p2a: Rillaboom|Rillaboom, M|100\/100\n|-fieldstart|move: Grassy Terrain|[from] ability: Grassy Surge|[of] p2a: Rillaboom\n|turn|8\n|\n|t:|1701142024\n|switch|p1a: scarlet|Iron Moth|100\/100\n|-activate|p1a: scarlet|move: Sticky Web\n|-unboost|p1a: scarlet|spe|1\n|-enditem|p1a: scarlet|Booster Energy\n|-activate|p1a: scarlet|ability: Quark Drive|[fromitem]\n|-start|p1a: scarlet|quarkdrivespa\n|move|p2a: Rillaboom|Grassy Glide|p1a: scarlet\n|-resisted|p1a: scarlet\n|-damage|p1a: scarlet|80\/100\n|\n|-heal|p1a: scarlet|86\/100|[from] Grassy Terrain\n|upkeep\n|turn|9\n|\n|t:|1701142031\n|switch|p2a: Slowking|Slowking-Galar, M|100\/100\n|move|p1a: scarlet|Fiery Dance|p2a: Slowking\n|-damage|p2a: Slowking|70\/100\n|-boost|p1a: scarlet|spa|1\n|\n|-heal|p1a: scarlet|92\/100|[from] Grassy Terrain\n|-heal|p2a: Slowking|76\/100|[from] Grassy Terrain\n|upkeep\n|turn|10\n|\n|t:|1701142039\n|move|p1a: scarlet|Fiery Dance|p2a: Slowking\n|-damage|p2a: Slowking|22\/100\n|move|p2a: Slowking|Future Sight|p1a: scarlet\n|-start|p2a: Slowking|move: Future Sight\n|\n|-heal|p1a: scarlet|98\/100|[from] Grassy Terrain\n|-heal|p2a: Slowking|28\/100|[from] Grassy Terrain\n|upkeep\n|turn|11\n|\n|t:|1701142044\n|switch|p2a: Garganacl|Garganacl, M, tera:Water|80\/100\n|move|p1a: scarlet|Fiery Dance|p2a: Garganacl\n|-resisted|p2a: Garganacl\n|-damage|p2a: Garganacl|56\/100\n|\n|-heal|p1a: scarlet|100\/100|[from] Grassy Terrain\n|-heal|p2a: Garganacl|62\/100|[from] Grassy Terrain\n|-heal|p2a: Garganacl|68\/100|[from] item: Leftovers\n|upkeep\n|turn|12\n|\n|t:|1701142055\n|move|p2a: Garganacl|Protect|p2a: Garganacl\n|-singleturn|p2a: Garganacl|Protect\n|move|p1a: scarlet|Energy Ball|p2a: Garganacl\n|-activate|p2a: Garganacl|move: Protect\n|\n|-end|p1a: scarlet|move: Future Sight\n|-supereffective|p1a: scarlet\n|-damage|p1a: scarlet|3\/100\n|-heal|p1a: scarlet|9\/100|[from] Grassy Terrain\n|-heal|p2a: Garganacl|75\/100|[from] Grassy Terrain\n|-heal|p2a: Garganacl|81\/100|[from] item: Leftovers\n|-fieldend|move: Grassy Terrain\n|upkeep\n|turn|13\n|\n|t:|1701142072\n|switch|p2a: Slowking|Slowking-Galar, M|62\/100\n|move|p1a: scarlet|Energy Ball|p2a: Slowking\n|-resisted|p2a: Slowking\n|-damage|p2a: Slowking|42\/100\n|\n|upkeep\n|turn|14\n|\n|t:|1701142087\n|move|p1a: scarlet|Fiery Dance|p2a: Slowking\n|-damage|p2a: Slowking|0 fnt\n|-boost|p1a: scarlet|spa|1\n|faint|p2a: Slowking\n|\n|upkeep\n|\n|t:|1701142089\n|switch|p2a: Rillaboom|Rillaboom, M|100\/100\n|-fieldstart|move: Grassy Terrain|[from] ability: Grassy Surge|[of] p2a: Rillaboom\n|turn|15\n|\n|t:|1701142100\n|move|p2a: Rillaboom|U-turn|p1a: scarlet\n|-resisted|p1a: scarlet\n|-damage|p1a: scarlet|0 fnt\n|faint|p1a: scarlet\n|-end|p1a: scarlet|Quark Drive|[silent]\n|\n|t:|1701142103\n|switch|p2a: Garganacl|Garganacl, M, tera:Water|81\/100|[from] U-turn\n|\n|-heal|p2a: Garganacl|87\/100|[from] Grassy Terrain\n|-heal|p2a: Garganacl|93\/100|[from] item: Leftovers\n|upkeep\n|\n|t:|1701142105\n|switch|p1a: faya|Ogerpon-Wellspring, F|100\/100\n|-activate|p1a: faya|move: Sticky Web\n|-unboost|p1a: faya|spe|1\n|turn|16\n|\n|t:|1701142119\n|switch|p2a: Rillaboom|Rillaboom, M|100\/100\n|move|p1a: faya|Power Whip|p2a: Rillaboom\n|-resisted|p2a: Rillaboom\n|-damage|p2a: Rillaboom|46\/100\n|\n|-heal|p2a: Rillaboom|52\/100|[from] Grassy Terrain\n|upkeep\n|turn|17\n|\n|t:|1701142129\n|switch|p1a: wessin|Gholdengo|68\/100\n|-activate|p1a: wessin|move: Sticky Web\n|-unboost|p1a: wessin|spe|1\n|move|p2a: Rillaboom|Wood Hammer|p1a: wessin\n|-resisted|p1a: wessin\n|-crit|p1a: wessin\n|-damage|p1a: wessin|0 fnt\n|faint|p1a: wessin\n|-damage|p2a: Rillaboom|32\/100|[from] Recoil\n|\n|-heal|p2a: Rillaboom|38\/100|[from] Grassy Terrain\n|upkeep\n|\n|t:|1701142134\n|switch|p1a: faya|Ogerpon-Wellspring, F|100\/100\n|-activate|p1a: faya|move: Sticky Web\n|-unboost|p1a: faya|spe|1\n|turn|18\n|c|\u2606gock glocker|wait a min\n|\n|t:|1701142145\n|move|p2a: Rillaboom|Wood Hammer|p1a: faya\n|-damage|p1a: faya|0 fnt\n|faint|p1a: faya\n|-damage|p2a: Rillaboom|9\/100|[from] Recoil\n|\n|-heal|p2a: Rillaboom|15\/100|[from] Grassy Terrain\n|upkeep\n|c|\u2606gock glocker|im so dumb\n|\n|t:|1701142152\n|switch|p1a: HPDARKEAGLE|Manaphy|100\/100\n|-activate|p1a: HPDARKEAGLE|move: Sticky Web\n|-unboost|p1a: HPDARKEAGLE|spe|1\n|turn|19\n|\n|t:|1701142156\n|switch|p2a: Garganacl|Garganacl, M, tera:Water|93\/100\n|-terastallize|p1a: HPDARKEAGLE|Poison\n|move|p1a: HPDARKEAGLE|Acid Armor|p1a: HPDARKEAGLE\n|-boost|p1a: HPDARKEAGLE|def|2\n|\n|-heal|p2a: Garganacl|99\/100|[from] Grassy Terrain\n|-heal|p2a: Garganacl|100\/100|[from] item: Leftovers\n|-fieldend|move: Grassy Terrain\n|upkeep\n|turn|20\n|j| SwabbyYabby\n|j| NicksRokaya\n|\n|t:|1701142161\n|move|p1a: HPDARKEAGLE|Take Heart|p1a: HPDARKEAGLE\n|-boost|p1a: HPDARKEAGLE|spa|1\n|-boost|p1a: HPDARKEAGLE|spd|1\n|move|p2a: Garganacl|Salt Cure|p1a: HPDARKEAGLE\n|-damage|p1a: HPDARKEAGLE|94\/100\n|-start|p1a: HPDARKEAGLE|Salt Cure\n|\n|-heal|p1a: HPDARKEAGLE|99\/100|[from] item: Leftovers\n|-damage|p1a: HPDARKEAGLE|88\/100|[from] Salt Cure\n|upkeep\n|turn|21\n|\n|t:|1701142170\n|switch|p2a: Ogerpon|Ogerpon-Wellspring, F|100\/100\n|move|p1a: HPDARKEAGLE|Take Heart|p1a: HPDARKEAGLE\n|-boost|p1a: HPDARKEAGLE|spa|1\n|-boost|p1a: HPDARKEAGLE|spd|1\n|\n|-heal|p1a: HPDARKEAGLE|94\/100|[from] item: Leftovers\n|-damage|p1a: HPDARKEAGLE|81\/100|[from] Salt Cure\n|upkeep\n|turn|22\n|\n|t:|1701142174\n|move|p2a: Ogerpon|Encore|p1a: HPDARKEAGLE\n|-start|p1a: HPDARKEAGLE|Encore\n|move|p1a: HPDARKEAGLE|Take Heart|p1a: HPDARKEAGLE\n|-boost|p1a: HPDARKEAGLE|spa|1\n|-boost|p1a: HPDARKEAGLE|spd|1\n|\n|-heal|p1a: HPDARKEAGLE|87\/100|[from] item: Leftovers\n|-damage|p1a: HPDARKEAGLE|75\/100|[from] Salt Cure\n|upkeep\n|turn|23\n|\n|t:|1701142177\n|move|p2a: Ogerpon|Swords Dance|p2a: Ogerpon\n|-boost|p2a: Ogerpon|atk|2\n|move|p1a: HPDARKEAGLE|Take Heart|p1a: HPDARKEAGLE\n|-boost|p1a: HPDARKEAGLE|spa|1\n|-boost|p1a: HPDARKEAGLE|spd|1\n|\n|-heal|p1a: HPDARKEAGLE|81\/100|[from] item: Leftovers\n|-damage|p1a: HPDARKEAGLE|69\/100|[from] Salt Cure\n|upkeep\n|turn|24\n|\n|t:|1701142186\n|move|p2a: Ogerpon|Ivy Cudgel|p1a: HPDARKEAGLE|[anim] Ivy Cudgel Water\n|-damage|p1a: HPDARKEAGLE|12\/100\n|move|p1a: HPDARKEAGLE|Take Heart|p1a: HPDARKEAGLE\n|-boost|p1a: HPDARKEAGLE|spa|1\n|-boost|p1a: HPDARKEAGLE|spd|1\n|\n|-heal|p1a: HPDARKEAGLE|18\/100|[from] item: Leftovers\n|-damage|p1a: HPDARKEAGLE|6\/100|[from] Salt Cure\n|-end|p1a: HPDARKEAGLE|Encore\n|upkeep\n|turn|25\n|\n|t:|1701142195\n|move|p2a: Ogerpon|Horn Leech|p1a: HPDARKEAGLE\n|-resisted|p1a: HPDARKEAGLE\n|-damage|p1a: HPDARKEAGLE|0 fnt\n|faint|p1a: HPDARKEAGLE\n|\n|upkeep\n|\n|t:|1701142198\n|switch|p1a: awyp|Kingambit, M|100\/100\n|-activate|p1a: awyp|move: Sticky Web\n|-unboost|p1a: awyp|spe|1\n|-activate|p1a: awyp|ability: Supreme Overlord\n|-start|p1a: awyp|fallen5|[silent]\n|turn|26\n|\n|t:|1701142207\n|switch|p2a: Great Tusk|Great Tusk|100\/100\n|move|p1a: awyp|Sucker Punch||[still]\n|-fail|p1a: awyp\n|\n|upkeep\n|turn|27\n|c|\u2606gock glocker|i belive in my goat\n|\n|t:|1701142212\n|move|p2a: Great Tusk|Bulk Up|p2a: Great Tusk\n|-boost|p2a: Great Tusk|atk|1\n|-boost|p2a: Great Tusk|def|1\n|move|p1a: awyp|Low Kick|p2a: Great Tusk\n|-damage|p2a: Great Tusk|73\/100\n|-damage|p1a: awyp|84\/100|[from] item: Rocky Helmet|[of] p2a: Great Tusk\n|\n|upkeep\n|turn|28\n|c|\u2606gock glocker|i dont belive in my goat\n|-message|gock glocker forfeited.\n|\n|win|Noobula\n|raw|gock glocker's rating: 1662 &rarr; <strong>1645<\/strong><br \/>(-17 for losing)\n|raw|Noobula's rating: 1719 &rarr; <strong>1736<\/strong><br \/>(+17 for winning)\n|l|\u2606gock glocker\n","uploadtime":1701142230,"views":17,"p1id":"gockglocker","p2id":"noobula","formatid":"gen9ou","rating":1645,"private":0,"password":""}