{"id":"gen9ou-1988750159","p1":"Vapporeonn","p2":"grass knot zygarde","format":"[Gen 9] OU","log":"|j|\u2606Vapporeonn\n|j|\u2606grass knot zygarde\n|t:|1699758332\n|gametype|singles\n|player|p1|Vapporeonn|alec-anime|\n|player|p2|grass knot zygarde|dawn|\n|teamsize|p1|6\n|teamsize|p2|6\n|gen|9\n|tier|[Gen 9] OU\n|rule|Sleep Clause Mod: Limit one foe put to sleep\n|rule|Species Clause: Limit one of each Pok\u00e9mon\n|rule|OHKO Clause: OHKO moves are banned\n|rule|Evasion Items Clause: Evasion items are banned\n|rule|Evasion Moves Clause: Evasion moves are banned\n|rule|Endless Battle Clause: Forcing endless battles is banned\n|rule|HP Percentage Mod: HP is shown in percentages\n|clearpoke\n|poke|p1|Alomomola, F|\n|poke|p1|Heatran, M|\n|poke|p1|Hatterene, F|\n|poke|p1|Gliscor, M|\n|poke|p1|Clefable, M|\n|poke|p1|Garchomp, M|\n|poke|p2|Ceruledge, M|\n|poke|p2|Dragonite, F|\n|poke|p2|Iron Valiant|\n|poke|p2|Kingambit, F|\n|poke|p2|Glimmora, M|\n|poke|p2|Ogerpon-Wellspring, F|\n|teampreview\n|inactive|Battle timer is ON: inactive players will automatically lose when time's up. (requested by Vapporeonn)\n|inactive|grass knot zygarde also wants the timer to be on.\n|c|\u2606grass knot zygarde|i dont know if i used this on u already\n|c|\u2606grass knot zygarde|but do i care\n|c|\u2606Vapporeonn|nope\n|\n|t:|1699758359\n|start\n|switch|p1a: Alomomola|Alomomola, F|100\/100\n|switch|p2a: Glimmora|Glimmora, M|100\/100\n|turn|1\n|\n|t:|1699758365\n|switch|p1a: Heatran|Heatran, M|100\/100\n|-item|p1a: Heatran|Air Balloon\n|move|p2a: Glimmora|Power Gem|p1a: Heatran\n|-damage|p1a: Heatran|74\/100\n|-enditem|p1a: Heatran|Air Balloon\n|\n|upkeep\n|turn|2\n|\n|t:|1699758372\n|-terastallize|p1a: Heatran|Grass\n|move|p2a: Glimmora|Earth Power|p1a: Heatran\n|-resisted|p1a: Heatran\n|-damage|p1a: Heatran|64\/100\n|move|p1a: Heatran|Earth Power|p2a: Glimmora\n|-supereffective|p2a: Glimmora\n|-enditem|p2a: Glimmora|Focus Sash\n|-damage|p2a: Glimmora|1\/100\n|\n|upkeep\n|turn|3\n|\n|t:|1699758384\n|move|p2a: Glimmora|Stealth Rock|p1a: Heatran\n|-sidestart|p1: Vapporeonn|move: Stealth Rock\n|move|p1a: Heatran|Will-O-Wisp|p2a: Glimmora|[miss]\n|-miss|p1a: Heatran|p2a: Glimmora\n|\n|upkeep\n|turn|4\n|c|\u2606Vapporeonn|br\n|\n|t:|1699758412\n|switch|p1a: Gliscor|Gliscor, M|100\/100\n|-damage|p1a: Gliscor|88\/100|[from] Stealth Rock\n|move|p2a: Glimmora|Mortal Spin|p1a: Gliscor\n|-resisted|p1a: Gliscor\n|-damage|p1a: Gliscor|85\/100\n|-status|p1a: Gliscor|psn\n|\n|-heal|p1a: Gliscor|97\/100 psn|[from] ability: Poison Heal\n|upkeep\n|turn|5\n|c|\u2606Vapporeonn|i hate hazard smh\n|c|\u2606grass knot zygarde|pffft\n|\n|t:|1699758421\n|move|p1a: Gliscor|Acrobatics|p2a: Glimmora\n|-resisted|p2a: Glimmora\n|-damage|p2a: Glimmora|0 fnt\n|-activate|p2a: Glimmora|ability: Toxic Debris\n|-sidestart|p1: Vapporeonn|move: Toxic Spikes\n|faint|p2a: Glimmora\n|\n|-heal|p1a: Gliscor|100\/100 psn|[from] ability: Poison Heal\n|upkeep\n|\n|t:|1699758433\n|switch|p2a: Dragonite|Dragonite, F|100\/100\n|turn|6\n|\n|t:|1699758439\n|move|p1a: Gliscor|Fling|p2a: Dragonite\n|-damage|p2a: Dragonite|96\/100\n|-status|p2a: Dragonite|tox\n|-enditem|p1a: Gliscor|Toxic Orb|[from] move: Fling\n|move|p2a: Dragonite|Dragon Dance|p2a: Dragonite\n|-boost|p2a: Dragonite|atk|1\n|-boost|p2a: Dragonite|spe|1\n|\n|-damage|p2a: Dragonite|90\/100 tox|[from] psn\n|upkeep\n|turn|7\n|\n|t:|1699758455\n|switch|p1a: Garchomp|Garchomp, M|100\/100\n|-damage|p1a: Garchomp|94\/100|[from] Stealth Rock\n|-status|p1a: Garchomp|psn\n|move|p2a: Dragonite|Ice Spinner|p1a: Garchomp\n|-supereffective|p1a: Garchomp\n|-damage|p1a: Garchomp|0 fnt\n|-damage|p2a: Dragonite|78\/100 tox|[from] ability: Rough Skin|[of] p1a: Garchomp\n|faint|p1a: Garchomp\n|\n|-damage|p2a: Dragonite|66\/100 tox|[from] psn\n|upkeep\n|\n|t:|1699758464\n|switch|p1a: Alomomola|Alomomola, F|100\/100\n|-damage|p1a: Alomomola|88\/100|[from] Stealth Rock\n|-status|p1a: Alomomola|psn\n|turn|8\n|c|\u2606grass knot zygarde|oh thats the old fling thief set from gen 7 isnt it\n|\n|t:|1699758475\n|move|p2a: Dragonite|Dragon Dance|p2a: Dragonite\n|-boost|p2a: Dragonite|atk|1\n|-boost|p2a: Dragonite|spe|1\n|move|p1a: Alomomola|Wish|p1a: Alomomola\n|\n|-damage|p2a: Dragonite|47\/100 tox|[from] psn\n|-damage|p1a: Alomomola|76\/100 psn|[from] psn\n|upkeep\n|turn|9\n|\n|t:|1699758482\n|move|p2a: Dragonite|Dragon Dance|p2a: Dragonite\n|-boost|p2a: Dragonite|atk|1\n|-boost|p2a: Dragonite|spe|1\n|move|p1a: Alomomola|Flip Turn|p2a: Dragonite\n|-resisted|p2a: Dragonite\n|-damage|p2a: Dragonite|39\/100 tox\n|\n|t:|1699758488\n|switch|p1a: Clefable|Clefable, M|100\/100|[from] Flip Turn\n|-damage|p1a: Clefable|88\/100|[from] Stealth Rock\n|-status|p1a: Clefable|psn\n|\n|-heal|p1a: Clefable|100\/100 psn|[from] move: Wish|[wisher] Alomomola\n|-damage|p2a: Dragonite|14\/100 tox|[from] psn\n|-damage|p1a: Clefable|88\/100 psn|[from] psn\n|upkeep\n|turn|10\n|\n|t:|1699758496\n|move|p2a: Dragonite|Extreme Speed|p1a: Clefable\n|-damage|p1a: Clefable|50\/100 psn\n|move|p1a: Clefable|Moonlight|p1a: Clefable\n|-heal|p1a: Clefable|99\/100 psn\n|\n|-heal|p1a: Clefable|100\/100 psn|[from] item: Leftovers\n|-damage|p2a: Dragonite|0 fnt|[from] psn\n|faint|p2a: Dragonite\n|-damage|p1a: Clefable|88\/100 psn|[from] psn\n|upkeep\n|\n|t:|1699758508\n|switch|p2a: Kingambit|Kingambit, F|100\/100\n|-activate|p2a: Kingambit|ability: Supreme Overlord\n|-start|p2a: Kingambit|fallen2|[silent]\n|turn|11\n|c|\u2606Vapporeonn|no\n|\n|t:|1699758521\n|switch|p1a: Gliscor|Gliscor, M|100\/100 psn\n|-damage|p1a: Gliscor|88\/100 psn|[from] Stealth Rock\n|move|p2a: Kingambit|Swords Dance|p2a: Kingambit\n|-boost|p2a: Kingambit|atk|2\n|\n|-heal|p1a: Gliscor|100\/100 psn|[from] ability: Poison Heal\n|upkeep\n|turn|12\n|\n|t:|1699758535\n|move|p1a: Gliscor|Substitute|p1a: Gliscor\n|-start|p1a: Gliscor|Substitute\n|-damage|p1a: Gliscor|76\/100 psn\n|move|p2a: Kingambit|Kowtow Cleave|p1a: Gliscor\n|-end|p1a: Gliscor|Substitute\n|\n|-heal|p1a: Gliscor|88\/100 psn|[from] ability: Poison Heal\n|upkeep\n|turn|13\n|c|\u2606grass knot zygarde|oh ok\n|\n|t:|1699758545\n|move|p1a: Gliscor|Substitute|p1a: Gliscor\n|-start|p1a: Gliscor|Substitute\n|-damage|p1a: Gliscor|63\/100 psn\n|move|p2a: Kingambit|Kowtow Cleave|p1a: Gliscor\n|-end|p1a: Gliscor|Substitute\n|\n|-heal|p1a: Gliscor|76\/100 psn|[from] ability: Poison Heal\n|upkeep\n|turn|14\n|\n|t:|1699758551\n|move|p1a: Gliscor|Protect|p1a: Gliscor\n|-singleturn|p1a: Gliscor|Protect\n|move|p2a: Kingambit|Kowtow Cleave|p1a: Gliscor\n|-activate|p1a: Gliscor|move: Protect\n|\n|-heal|p1a: Gliscor|88\/100 psn|[from] ability: Poison Heal\n|upkeep\n|turn|15\n|c|\u2606grass knot zygarde|no earthquake\n|c|\u2606grass knot zygarde|noted\n|\n|t:|1699758567\n|move|p1a: Gliscor|Acrobatics|p2a: Kingambit\n|-resisted|p2a: Kingambit\n|-damage|p2a: Kingambit|82\/100\n|move|p2a: Kingambit|Kowtow Cleave|p1a: Gliscor\n|-damage|p1a: Gliscor|0 fnt\n|faint|p1a: Gliscor\n|\n|-heal|p2a: Kingambit|88\/100|[from] item: Leftovers\n|upkeep\n|\n|t:|1699758595\n|switch|p1a: Alomomola|Alomomola, F|100\/100 psn\n|-damage|p1a: Alomomola|88\/100 psn|[from] Stealth Rock\n|turn|16\n|\n|t:|1699758600\n|move|p1a: Alomomola|Scald|p2a: Kingambit\n|-damage|p2a: Kingambit|76\/100\n|move|p2a: Kingambit|Kowtow Cleave|p1a: Alomomola\n|-damage|p1a: Alomomola|22\/100 psn\n|-enditem|p1a: Alomomola|Red Card|[of] p2a: Kingambit\n|-end|p2a: Kingambit|fallen2|[silent]\n|drag|p2a: Ogerpon|Ogerpon-Wellspring, F|100\/100\n|\n|-damage|p1a: Alomomola|9\/100 psn|[from] psn\n|upkeep\n|turn|17\n|\n|t:|1699758612\n|switch|p1a: Heatran|Heatran, M, tera:Grass|64\/100\n|-damage|p1a: Heatran|51\/100|[from] Stealth Rock\n|-status|p1a: Heatran|psn\n|move|p2a: Ogerpon|Encore||[still]\n|-fail|p2a: Ogerpon\n|\n|-damage|p1a: Heatran|39\/100 psn|[from] psn\n|upkeep\n|turn|18\n|\n|t:|1699758623\n|switch|p2a: Kingambit|Kingambit, F|76\/100\n|-activate|p2a: Kingambit|ability: Supreme Overlord\n|-start|p2a: Kingambit|fallen2|[silent]\n|move|p1a: Heatran|Will-O-Wisp|p2a: Kingambit\n|-status|p2a: Kingambit|brn\n|\n|-heal|p2a: Kingambit|82\/100 brn|[from] item: Leftovers\n|-damage|p1a: Heatran|26\/100 psn|[from] psn\n|-damage|p2a: Kingambit|76\/100 brn|[from] brn\n|upkeep\n|turn|19\n|\n|t:|1699758630\n|move|p2a: Kingambit|Sucker Punch|p1a: Heatran\n|-damage|p1a: Heatran|6\/100 psn\n|move|p1a: Heatran|Magma Storm|p2a: Kingambit\n|-supereffective|p2a: Kingambit\n|-crit|p2a: Kingambit\n|-damage|p2a: Kingambit|0 fnt\n|faint|p2a: Kingambit\n|-end|p2a: Kingambit|fallen2|[silent]\n|\n|-damage|p1a: Heatran|0 fnt|[from] psn\n|faint|p1a: Heatran\n|upkeep\n|\n|t:|1699758647\n|switch|p1a: Hatterene|Hatterene, F|100\/100\n|switch|p2a: Ogerpon|Ogerpon-Wellspring, F|100\/100\n|-damage|p1a: Hatterene|88\/100|[from] Stealth Rock\n|-status|p1a: Hatterene|psn\n|turn|20\n|\n|t:|1699758652\n|-terastallize|p2a: Ogerpon|Water\n|detailschange|p2a: Ogerpon|Ogerpon-Wellspring-Tera, F, tera:Water\n|-ability|p2a: Ogerpon|Embody Aspect (Wellspring)|boost\n|-boost|p2a: Ogerpon|spd|1\n|move|p2a: Ogerpon|Swords Dance|p2a: Ogerpon\n|-boost|p2a: Ogerpon|atk|2\n|move|p1a: Hatterene|Thunder Wave|p2a: Ogerpon\n|-status|p2a: Ogerpon|par\n|\n|-heal|p1a: Hatterene|94\/100 psn|[from] item: Leftovers\n|-damage|p1a: Hatterene|82\/100 psn|[from] psn\n|upkeep\n|turn|21\n|\n|t:|1699758663\n|move|p2a: Ogerpon|Ivy Cudgel|p1a: Hatterene\n|-damage|p1a: Hatterene|0 fnt\n|faint|p1a: Hatterene\n|\n|upkeep\n|\n|t:|1699758667\n|switch|p1a: Alomomola|Alomomola, F|43\/100 psn\n|-damage|p1a: Alomomola|30\/100 psn|[from] Stealth Rock\n|turn|22\n|\n|t:|1699758671\n|cant|p2a: Ogerpon|par\n|move|p1a: Alomomola|Wish|p1a: Alomomola\n|\n|-damage|p1a: Alomomola|18\/100 psn|[from] psn\n|upkeep\n|turn|23\n|\n|t:|1699758677\n|switch|p1a: Clefable|Clefable, M|88\/100 psn\n|-damage|p1a: Clefable|76\/100 psn|[from] Stealth Rock\n|move|p2a: Ogerpon|Horn Leech|p1a: Clefable\n|-damage|p1a: Clefable|30\/100 psn\n|\n|-heal|p1a: Clefable|98\/100 psn|[from] move: Wish|[wisher] Alomomola\n|-heal|p1a: Clefable|100\/100 psn|[from] item: Leftovers\n|-damage|p1a: Clefable|88\/100 psn|[from] psn\n|upkeep\n|turn|24\n|\n|t:|1699758685\n|cant|p2a: Ogerpon|par\n|move|p1a: Clefable|Cosmic Power|p1a: Clefable\n|-boost|p1a: Clefable|def|1\n|-boost|p1a: Clefable|spd|1\n|\n|-heal|p1a: Clefable|94\/100 psn|[from] item: Leftovers\n|-damage|p1a: Clefable|82\/100 psn|[from] psn\n|upkeep\n|turn|25\n|\n|t:|1699758690\n|cant|p2a: Ogerpon|par\n|move|p1a: Clefable|Cosmic Power|p1a: Clefable\n|-boost|p1a: Clefable|def|1\n|-boost|p1a: Clefable|spd|1\n|\n|-heal|p1a: Clefable|88\/100 psn|[from] item: Leftovers\n|-damage|p1a: Clefable|75\/100 psn|[from] psn\n|upkeep\n|turn|26\n|c|\u2606Vapporeonn|lmao\n|\n|t:|1699758702\n|cant|p2a: Ogerpon|par\n|move|p1a: Clefable|Moonlight|p1a: Clefable\n|-heal|p1a: Clefable|100\/100 psn\n|\n|-damage|p1a: Clefable|88\/100 psn|[from] psn\n|upkeep\n|turn|27\n|c|\u2606grass knot zygarde|yeah no\n|\n|t:|1699758707\n|move|p2a: Ogerpon|Encore|p1a: Clefable\n|-start|p1a: Clefable|Encore\n|move|p1a: Clefable|Moonlight|p1a: Clefable\n|-heal|p1a: Clefable|100\/100 psn\n|\n|-damage|p1a: Clefable|88\/100 psn|[from] psn\n|upkeep\n|turn|28\n|\n|t:|1699758716\n|move|p2a: Ogerpon|Ivy Cudgel|p1a: Clefable\n|-damage|p1a: Clefable|43\/100 psn\n|move|p1a: Clefable|Moonlight|p1a: Clefable\n|-heal|p1a: Clefable|93\/100 psn\n|\n|-heal|p1a: Clefable|99\/100 psn|[from] item: Leftovers\n|-damage|p1a: Clefable|87\/100 psn|[from] psn\n|upkeep\n|turn|29\n|\n|t:|1699758722\n|move|p2a: Ogerpon|Ivy Cudgel|p1a: Clefable\n|-damage|p1a: Clefable|43\/100 psn\n|move|p1a: Clefable|Moonlight|p1a: Clefable\n|-heal|p1a: Clefable|93\/100 psn\n|\n|-heal|p1a: Clefable|99\/100 psn|[from] item: Leftovers\n|-damage|p1a: Clefable|87\/100 psn|[from] psn\n|-end|p1a: Clefable|Encore\n|upkeep\n|turn|30\n|\n|t:|1699758733\n|move|p2a: Ogerpon|Ivy Cudgel|p1a: Clefable\n|-damage|p1a: Clefable|42\/100 psn\n|move|p1a: Clefable|Cosmic Power|p1a: Clefable\n|-boost|p1a: Clefable|def|1\n|-boost|p1a: Clefable|spd|1\n|\n|-heal|p1a: Clefable|48\/100 psn|[from] item: Leftovers\n|-damage|p1a: Clefable|36\/100 psn|[from] psn\n|upkeep\n|turn|31\n|\n|t:|1699758740\n|move|p2a: Ogerpon|Encore|p1a: Clefable\n|-start|p1a: Clefable|Encore\n|move|p1a: Clefable|Cosmic Power|p1a: Clefable\n|-boost|p1a: Clefable|def|1\n|-boost|p1a: Clefable|spd|1\n|\n|-heal|p1a: Clefable|42\/100 psn|[from] item: Leftovers\n|-damage|p1a: Clefable|30\/100 psn|[from] psn\n|upkeep\n|turn|32\n|\n|t:|1699758745\n|switch|p1a: Alomomola|Alomomola, F|51\/100 psn\n|-damage|p1a: Alomomola|39\/100 psn|[from] Stealth Rock\n|cant|p2a: Ogerpon|par\n|\n|-damage|p1a: Alomomola|27\/100 psn|[from] psn\n|upkeep\n|turn|33\n|c|\u2606grass knot zygarde|amazing\n|c|\u2606grass knot zygarde|gg\n|\n|t:|1699758752\n|move|p2a: Ogerpon|Horn Leech|p1a: Alomomola\n|-supereffective|p1a: Alomomola\n|-damage|p1a: Alomomola|0 fnt\n|faint|p1a: Alomomola\n|\n|upkeep\n|c|\u2606Vapporeonn|gg\n|\n|t:|1699758755\n|switch|p1a: Clefable|Clefable, M|30\/100 psn\n|-damage|p1a: Clefable|17\/100 psn|[from] Stealth Rock\n|turn|34\n|\n|t:|1699758779\n|cant|p2a: Ogerpon|par\n|move|p1a: Clefable|Healing Wish||[still]\n|-fail|p1a: Clefable\n|\n|-heal|p1a: Clefable|23\/100 psn|[from] item: Leftovers\n|-damage|p1a: Clefable|11\/100 psn|[from] psn\n|upkeep\n|turn|35\n|\n|t:|1699758784\n|move|p2a: Ogerpon|Ivy Cudgel|p1a: Clefable\n|-damage|p1a: Clefable|0 fnt\n|faint|p1a: Clefable\n|\n|win|grass knot zygarde\n","uploadtime":1699758794,"views":7,"p1id":"vapporeonn","p2id":"grassknotzygarde","formatid":"gen9ou","rating":0,"private":0,"password":""}