{"id":"gen9ou-1994626401","p1":"jkvfvkfv d","p2":"Kill\/them pronoun","format":"[Gen 9] OU","log":"|j|\u2606jkvfvkfv d\n|j|\u2606Kill\/them pronoun\n|t:|1700471634\n|gametype|singles\n|player|p1|jkvfvkfv d|169|1000\n|player|p2|Kill\/them pronoun|volo|1055\n|teamsize|p1|6\n|teamsize|p2|6\n|gen|9\n|tier|[Gen 9] OU\n|rated|\n|rule|Sleep Clause Mod: Limit one foe put to sleep\n|rule|Species Clause: Limit one of each Pok\u00e9mon\n|rule|OHKO Clause: OHKO moves are banned\n|rule|Evasion Items Clause: Evasion items are banned\n|rule|Evasion Moves Clause: Evasion moves are banned\n|rule|Endless Battle Clause: Forcing endless battles is banned\n|rule|HP Percentage Mod: HP is shown in percentages\n|clearpoke\n|poke|p1|Ogerpon, F|\n|poke|p1|Moltres|\n|poke|p1|Great Tusk|\n|poke|p1|Kingambit, M|\n|poke|p1|Greninja-*, M|\n|poke|p1|Dragapult, M|\n|poke|p2|Manaphy|\n|poke|p2|Grimmsnarl, M|\n|poke|p2|Iron Moth|\n|poke|p2|Ceruledge, M|\n|poke|p2|Iron Valiant|\n|poke|p2|Ogerpon-Wellspring, F|\n|teampreview\n|inactive|Battle timer is ON: inactive players will automatically lose when time's up. (requested by Kill\/them pronoun)\n|\n|t:|1700471649\n|start\n|switch|p1a: Ogerpon|Ogerpon, F|100\/100\n|switch|p2a: Annoying ass|Grimmsnarl, M|100\/100\n|turn|1\n|\n|t:|1700471658\n|move|p2a: Annoying ass|Reflect|p2a: Annoying ass\n|-sidestart|p2: Kill\/them pronoun|Reflect\n|move|p1a: Ogerpon|Swords Dance|p1a: Ogerpon\n|-boost|p1a: Ogerpon|atk|2\n|\n|upkeep\n|turn|2\n|\n|t:|1700471666\n|move|p2a: Annoying ass|Parting Shot|p1a: Ogerpon\n|-unboost|p1a: Ogerpon|atk|1\n|-ability|p1a: Ogerpon|Defiant|boost\n|-boost|p1a: Ogerpon|atk|2\n|-unboost|p1a: Ogerpon|spa|1\n|-ability|p1a: Ogerpon|Defiant|boost\n|-boost|p1a: Ogerpon|atk|2\n|c|\u2606Kill\/them pronoun|Shit i forgot\n|\n|t:|1700471677\n|switch|p2a: Can\u2019t quiver|Iron Moth|100\/100|[from] Parting Shot\n|-enditem|p2a: Can\u2019t quiver|Booster Energy\n|-activate|p2a: Can\u2019t quiver|ability: Quark Drive|[fromitem]\n|-start|p2a: Can\u2019t quiver|quarkdrivespa\n|move|p1a: Ogerpon|Swords Dance|p1a: Ogerpon\n|-boost|p1a: Ogerpon|atk|1\n|\n|upkeep\n|turn|3\n|\n|t:|1700471701\n|switch|p1a: Greninja|Greninja, M|100\/100\n|-terastallize|p2a: Can\u2019t quiver|Flying\n|move|p2a: Can\u2019t quiver|Fiery Dance|p1a: Greninja\n|-resisted|p1a: Greninja\n|-damage|p1a: Greninja|53\/100\n|\n|upkeep\n|turn|4\n|\n|t:|1700471720\n|-end|p2a: Can\u2019t quiver|Quark Drive|[silent]\n|switch|p2a: Annoying ass|Grimmsnarl, M|100\/100\n|move|p1a: Greninja|Ice Beam|p2a: Annoying ass\n|-damage|p2a: Annoying ass|64\/100\n|-damage|p1a: Greninja|43\/100|[from] item: Life Orb\n|\n|upkeep\n|turn|5\n|\n|t:|1700471728\n|move|p2a: Annoying ass|Light Screen|p2a: Annoying ass\n|-sidestart|p2: Kill\/them pronoun|move: Light Screen\n|move|p1a: Greninja|U-turn|p2a: Annoying ass\n|-damage|p2a: Annoying ass|54\/100\n|-damage|p1a: Greninja|33\/100|[from] item: Life Orb\n|\n|t:|1700471739\n|switch|p1a: Great Tusk|Great Tusk|100\/100|[from] U-turn\n|\n|upkeep\n|turn|6\n|\n|t:|1700471751\n|move|p2a: Annoying ass|Taunt|p1a: Great Tusk\n|-start|p1a: Great Tusk|move: Taunt\n|move|p1a: Great Tusk|Earthquake|p2a: Annoying ass\n|-damage|p2a: Annoying ass|28\/100\n|\n|upkeep\n|turn|7\n|\n|t:|1700471759\n|move|p2a: Annoying ass|Parting Shot|p1a: Great Tusk\n|-unboost|p1a: Great Tusk|atk|1\n|-unboost|p1a: Great Tusk|spa|1\n|\n|t:|1700471762\n|switch|p2a: Can\u2019t quiver|Iron Moth, tera:Flying|100\/100|[from] Parting Shot\n|move|p1a: Great Tusk|Earthquake|p2a: Can\u2019t quiver\n|-immune|p2a: Can\u2019t quiver\n|\n|upkeep\n|turn|8\n|\n|t:|1700471770\n|move|p2a: Can\u2019t quiver|Fiery Dance|p1a: Great Tusk\n|-damage|p1a: Great Tusk|32\/100\n|move|p1a: Great Tusk|Thunder Fang|p2a: Can\u2019t quiver\n|-supereffective|p2a: Can\u2019t quiver\n|-damage|p2a: Can\u2019t quiver|75\/100\n|\n|-heal|p1a: Great Tusk|38\/100|[from] item: Leftovers\n|-end|p1a: Great Tusk|move: Taunt\n|-sideend|p2: Kill\/them pronoun|Reflect\n|upkeep\n|turn|9\n|\n|t:|1700471781\n|move|p2a: Can\u2019t quiver|Fiery Dance|p1a: Great Tusk\n|-damage|p1a: Great Tusk|0 fnt\n|-boost|p2a: Can\u2019t quiver|spa|1\n|faint|p1a: Great Tusk\n|-end|p1a: Great Tusk|Protosynthesis|[silent]\n|\n|upkeep\n|\n|t:|1700471793\n|switch|p1a: Greninja|Greninja, M|33\/100\n|turn|10\n|\n|t:|1700471797\n|move|p1a: Greninja|Ice Beam|p2a: Can\u2019t quiver\n|-supereffective|p2a: Can\u2019t quiver\n|-damage|p2a: Can\u2019t quiver|39\/100\n|-damage|p1a: Greninja|24\/100|[from] item: Life Orb\n|move|p2a: Can\u2019t quiver|Discharge|p1a: Greninja\n|-supereffective|p1a: Greninja\n|-damage|p1a: Greninja|0 fnt\n|faint|p1a: Greninja\n|\n|upkeep\n|\n|t:|1700471816\n|switch|p1a: Moltres|Moltres|100\/100\n|turn|11\n|\n|t:|1700471830\n|move|p2a: Can\u2019t quiver|Discharge|p1a: Moltres\n|-supereffective|p1a: Moltres\n|-damage|p1a: Moltres|22\/100\n|move|p1a: Moltres|Flamethrower|p2a: Can\u2019t quiver\n|-damage|p2a: Can\u2019t quiver|21\/100\n|\n|upkeep\n|turn|12\n|\n|t:|1700471838\n|move|p2a: Can\u2019t quiver|Discharge|p1a: Moltres\n|-supereffective|p1a: Moltres\n|-damage|p1a: Moltres|0 fnt\n|faint|p1a: Moltres\n|\n|-sideend|p2: Kill\/them pronoun|move: Light Screen\n|upkeep\n|\n|t:|1700471847\n|switch|p1a: Dragapult|Dragapult, M|100\/100\n|turn|13\n|\n|t:|1700471854\n|move|p1a: Dragapult|Shadow Ball|p2a: Can\u2019t quiver\n|-damage|p2a: Can\u2019t quiver|0 fnt\n|faint|p2a: Can\u2019t quiver\n|-end|p2a: Can\u2019t quiver|Quark Drive|[silent]\n|\n|upkeep\n|\n|t:|1700471862\n|switch|p2a: Kill\/them|Iron Valiant|100\/100\n|-enditem|p2a: Kill\/them|Booster Energy\n|-activate|p2a: Kill\/them|ability: Quark Drive|[fromitem]\n|-start|p2a: Kill\/them|quarkdrivespe\n|turn|14\n|\n|t:|1700471871\n|switch|p1a: Ogerpon|Ogerpon, F|100\/100\n|move|p2a: Kill\/them|Spirit Break|p1a: Ogerpon\n|-crit|p1a: Ogerpon\n|-damage|p1a: Ogerpon|20\/100\n|-unboost|p1a: Ogerpon|spa|1\n|-ability|p1a: Ogerpon|Defiant|boost\n|-boost|p1a: Ogerpon|atk|2\n|\n|upkeep\n|turn|15\n|\n|t:|1700471883\n|move|p2a: Kill\/them|Spirit Break|p1a: Ogerpon\n|-damage|p1a: Ogerpon|0 fnt\n|faint|p1a: Ogerpon\n|\n|upkeep\n|l|\u2606jkvfvkfv d\n|inactive|jkvfvkfv d disconnected and has a minute to reconnect!\n|player|p1|\n|inactive|jkvfvkfv d has 30 seconds to reconnect!\n|inactive|jkvfvkfv d has 20 seconds to reconnect!\n|inactive|jkvfvkfv d has 15 seconds to reconnect!\n|inactive|jkvfvkfv d has 10 seconds to reconnect!\n|inactive|jkvfvkfv d has 5 seconds to reconnect!\n|-message|jkvfvkfv d lost due to inactivity.\n|\n|win|Kill\/them pronoun\n|raw|jkvfvkfv d's rating: 1000 &rarr; <strong>1000<\/strong><br \/>(+0 for losing)\n|raw|Kill&#x2f;them pronoun's rating: 1055 &rarr; <strong>1082<\/strong><br \/>(+27 for winning)\n|c|\u2606Kill\/them pronoun|Kel\n|c|\u2606Kill\/them pronoun|kek\n","uploadtime":1700471953,"views":13,"p1id":"jkvfvkfvd","p2id":"killthempronoun","formatid":"gen9ou","rating":1000,"private":0,"password":""}