{"id":"gen9ou-1997489611","p1":"YJTYGV","p2":"Fran_0442","format":"[Gen 9] OU","log":"|j|\u2606YJTYGV\n|j|\u2606Fran_0442\n|t:|1700814333\n|gametype|singles\n|player|p1|YJTYGV|bugcatcher-gen4dp|1078\n|player|p2|Fran_0442|bugsy|1086\n|teamsize|p1|6\n|teamsize|p2|6\n|gen|9\n|tier|[Gen 9] OU\n|rated|\n|rule|Sleep Clause Mod: Limit one foe put to sleep\n|rule|Species Clause: Limit one of each Pok\u00e9mon\n|rule|OHKO Clause: OHKO moves are banned\n|rule|Evasion Items Clause: Evasion items are banned\n|rule|Evasion Moves Clause: Evasion moves are banned\n|rule|Endless Battle Clause: Forcing endless battles is banned\n|rule|HP Percentage Mod: HP is shown in percentages\n|clearpoke\n|poke|p1|Ceruledge, F|\n|poke|p1|Zapdos|\n|poke|p1|Clefable, M|\n|poke|p1|Glimmora, F|\n|poke|p1|Manaphy|\n|poke|p1|Great Tusk|\n|poke|p2|Glimmora, M|\n|poke|p2|Hatterene, F|\n|poke|p2|Enamorus, F|\n|poke|p2|Manaphy|\n|poke|p2|Walking Wake|\n|poke|p2|Ting-Lu|\n|teampreview\n|\n|t:|1700814344\n|start\n|switch|p1a: Glimmora|Glimmora, F|100\/100\n|switch|p2a: Ting-Lu|Ting-Lu|100\/100\n|-ability|p2a: Ting-Lu|Vessel of Ruin\n|turn|1\n|inactive|Battle timer is ON: inactive players will automatically lose when time's up. (requested by Fran_0442)\n|\n|t:|1700814354\n|switch|p1a: Great Tusk|Great Tusk|100\/100\n|switch|p2a: Hatterene|Hatterene, F|100\/100\n|\n|upkeep\n|turn|2\n|\n|t:|1700814373\n|-end|p1a: Great Tusk|Protosynthesis|[silent]\n|switch|p1a: Clefable|Clefable, M|100\/100\n|switch|p2a: Enamorus|Enamorus, F|100\/100\n|\n|upkeep\n|turn|3\n|\n|t:|1700814392\n|switch|p2a: Manaphy|Manaphy|100\/100\n|move|p1a: Clefable|Calm Mind|p1a: Clefable\n|-boost|p1a: Clefable|spa|1\n|-boost|p1a: Clefable|spd|1\n|\n|upkeep\n|turn|4\n|\n|t:|1700814398\n|move|p2a: Manaphy|Calm Mind|p2a: Manaphy\n|-boost|p2a: Manaphy|spa|1\n|-boost|p2a: Manaphy|spd|1\n|move|p1a: Clefable|Moonblast|p2a: Manaphy\n|-damage|p2a: Manaphy|42\/100\n|-unboost|p2a: Manaphy|spa|1\n|\n|-heal|p2a: Manaphy|48\/100|[from] item: Leftovers\n|upkeep\n|turn|5\n|\n|t:|1700814413\n|move|p2a: Manaphy|Calm Mind|p2a: Manaphy\n|-boost|p2a: Manaphy|spa|1\n|-boost|p2a: Manaphy|spd|1\n|move|p1a: Clefable|Moonblast|p2a: Manaphy\n|-damage|p2a: Manaphy|7\/100\n|\n|-heal|p2a: Manaphy|13\/100|[from] item: Leftovers\n|upkeep\n|turn|6\n|c|\u2606YJTYGV|Offensive\n|\n|t:|1700814426\n|move|p2a: Manaphy|Stored Power|p1a: Clefable\n|-damage|p1a: Clefable|80\/100\n|move|p1a: Clefable|Moonblast|p2a: Manaphy\n|-crit|p2a: Manaphy\n|-damage|p2a: Manaphy|0 fnt\n|faint|p2a: Manaphy\n|\n|upkeep\n|\n|t:|1700814437\n|switch|p2a: Ting-Lu|Ting-Lu|100\/100\n|-ability|p2a: Ting-Lu|Vessel of Ruin\n|turn|7\n|\n|t:|1700814443\n|move|p1a: Clefable|Moonblast|p2a: Ting-Lu\n|-supereffective|p2a: Ting-Lu\n|-damage|p2a: Ting-Lu|15\/100\n|move|p2a: Ting-Lu|Taunt|p1a: Clefable\n|-start|p1a: Clefable|move: Taunt\n|\n|-heal|p2a: Ting-Lu|22\/100|[from] item: Leftovers\n|upkeep\n|turn|8\n|\n|t:|1700814455\n|switch|p2a: Enamorus|Enamorus, F|100\/100\n|move|p1a: Clefable|Moonblast|p2a: Enamorus\n|-crit|p2a: Enamorus\n|-damage|p2a: Enamorus|0 fnt\n|faint|p2a: Enamorus\n|\n|upkeep\n|\n|t:|1700814460\n|switch|p2a: Hatterene|Hatterene, F|100\/100\n|turn|9\n|\n|t:|1700814463\n|move|p1a: Clefable|Shadow Ball|p2a: Hatterene\n|-supereffective|p2a: Hatterene\n|-damage|p2a: Hatterene|3\/100\n|move|p2a: Hatterene|Nuzzle|p1a: Clefable\n|-damage|p1a: Clefable|75\/100\n|-status|p1a: Clefable|par\n|\n|upkeep\n|turn|10\n|\n|t:|1700814476\n|move|p1a: Clefable|Shadow Ball|p2a: Hatterene\n|-supereffective|p2a: Hatterene\n|-damage|p2a: Hatterene|0 fnt\n|faint|p2a: Hatterene\n|\n|-end|p1a: Clefable|move: Taunt\n|upkeep\n|\n|t:|1700814483\n|switch|p2a: Ting-Lu|Ting-Lu|22\/100\n|-ability|p2a: Ting-Lu|Vessel of Ruin\n|turn|11\n|\n|t:|1700814489\n|move|p2a: Ting-Lu|Ruination|p1a: Clefable\n|-damage|p1a: Clefable|38\/100 par\n|move|p1a: Clefable|Moonblast|p2a: Ting-Lu\n|-supereffective|p2a: Ting-Lu\n|-damage|p2a: Ting-Lu|0 fnt\n|faint|p2a: Ting-Lu\n|\n|upkeep\n|\n|t:|1700814495\n|switch|p2a: Walking Wake|Walking Wake|100\/100\n|-enditem|p2a: Walking Wake|Booster Energy\n|-activate|p2a: Walking Wake|ability: Protosynthesis|[fromitem]\n|-start|p2a: Walking Wake|protosynthesisspa\n|turn|12\n|\n|t:|1700814513\n|move|p2a: Walking Wake|Scald|p1a: Clefable\n|-damage|p1a: Clefable|5\/100 par\n|move|p1a: Clefable|Moonblast|p2a: Walking Wake\n|-supereffective|p2a: Walking Wake\n|-damage|p2a: Walking Wake|0 fnt\n|faint|p2a: Walking Wake\n|-end|p2a: Walking Wake|Protosynthesis|[silent]\n|\n|upkeep\n|\n|t:|1700814517\n|switch|p2a: Glimmora|Glimmora, M|100\/100\n|turn|13\n|\n|t:|1700814527\n|switch|p1a: Glimmora|Glimmora, F|100\/100\n|move|p2a: Glimmora|Mortal Spin|p1a: Glimmora\n|-resisted|p1a: Glimmora\n|-damage|p1a: Glimmora|99\/100\n|-activate|p1a: Glimmora|ability: Toxic Debris\n|-sidestart|p2: Fran_0442|move: Toxic Spikes\n|-sideend|p2: Fran_0442|Toxic Spikes|[from] move: Mortal Spin|[of] p2a: Glimmora\n|\n|upkeep\n|turn|14\n|\n|t:|1700814537\n|move|p2a: Glimmora|Spiky Shield|p2a: Glimmora\n|-singleturn|p2a: Glimmora|move: Protect\n|move|p1a: Glimmora|Power Gem|p2a: Glimmora\n|-activate|p2a: Glimmora|move: Protect\n|\n|upkeep\n|turn|15\n|\n|t:|1700814547\n|-terastallize|p2a: Glimmora|Rock\n|move|p1a: Glimmora|Power Gem|p2a: Glimmora\n|-damage|p2a: Glimmora|55\/100\n|move|p2a: Glimmora|Mortal Spin|p1a: Glimmora\n|-resisted|p1a: Glimmora\n|-damage|p1a: Glimmora|97\/100\n|-activate|p1a: Glimmora|ability: Toxic Debris\n|-sidestart|p2: Fran_0442|move: Toxic Spikes\n|-sideend|p2: Fran_0442|Toxic Spikes|[from] move: Mortal Spin|[of] p2a: Glimmora\n|\n|upkeep\n|turn|16\n|\n|t:|1700814558\n|move|p1a: Glimmora|Sludge Wave|p2a: Glimmora\n|-resisted|p2a: Glimmora\n|-crit|p2a: Glimmora\n|-damage|p2a: Glimmora|16\/100\n|move|p2a: Glimmora|Stealth Rock|p1a: Glimmora\n|-sidestart|p1: YJTYGV|move: Stealth Rock\n|\n|upkeep\n|turn|17\n|\n|t:|1700814564\n|move|p1a: Glimmora|Energy Ball|p2a: Glimmora\n|-supereffective|p2a: Glimmora\n|-damage|p2a: Glimmora|0 fnt\n|faint|p2a: Glimmora\n|\n|win|YJTYGV\n|raw|YJTYGV's rating: 1078 &rarr; <strong>1107<\/strong><br \/>(+29 for winning)\n|raw|Fran_0442's rating: 1086 &rarr; <strong>1063<\/strong><br \/>(-23 for losing)\n","uploadtime":1700814578,"views":3,"p1id":"yjtygv","p2id":"fran0442","formatid":"gen9ou","rating":1063,"private":0,"password":""}