{"id":"gen9ou-1994918926","p1":"red violet blue","p2":"Toxicr0akIsCool","format":"[Gen 9] OU","log":"|j|\u2606red violet blue\n|j|\u2606Toxicr0akIsCool\n|t:|1700504645\n|gametype|singles\n|player|p1|red violet blue|2|1629\n|player|p2|Toxicr0akIsCool|burglar|1734\n|teamsize|p1|6\n|teamsize|p2|6\n|gen|9\n|tier|[Gen 9] OU\n|rated|\n|rule|Sleep Clause Mod: Limit one foe put to sleep\n|rule|Species Clause: Limit one of each Pok\u00e9mon\n|rule|OHKO Clause: OHKO moves are banned\n|rule|Evasion Items Clause: Evasion items are banned\n|rule|Evasion Moves Clause: Evasion moves are banned\n|rule|Endless Battle Clause: Forcing endless battles is banned\n|rule|HP Percentage Mod: HP is shown in percentages\n|clearpoke\n|poke|p1|Glimmora, F|\n|poke|p1|Gholdengo|\n|poke|p1|Iron Moth|\n|poke|p1|Kingambit, M|\n|poke|p1|Ogerpon-Wellspring, F|\n|poke|p1|Dragonite, M|\n|poke|p2|Ogerpon-Cornerstone, F|\n|poke|p2|Hoopa-Unbound|\n|poke|p2|Kingambit, F|\n|poke|p2|Scizor, F|\n|poke|p2|Iron Valiant|\n|poke|p2|Great Tusk|\n|teampreview\n|inactive|Battle timer is ON: inactive players will automatically lose when time's up. (requested by red violet blue)\n|\n|t:|1700504652\n|start\n|switch|p1a: Glimmora|Glimmora, F|100\/100\n|switch|p2a: Scizor|Scizor, F|100\/100\n|turn|1\n|inactive|red violet blue has 120 seconds left.\n|\n|t:|1700504691\n|move|p1a: Glimmora|Stealth Rock|p2a: Scizor\n|-sidestart|p2: Toxicr0akIsCool|move: Stealth Rock\n|move|p2a: Scizor|Knock Off|p1a: Glimmora\n|-damage|p1a: Glimmora|58\/100\n|-activate|p1a: Glimmora|ability: Toxic Debris\n|-sidestart|p2: Toxicr0akIsCool|move: Toxic Spikes\n|-enditem|p1a: Glimmora|Focus Sash|[from] move: Knock Off|[of] p2a: Scizor\n|\n|upkeep\n|turn|2\n|\n|t:|1700504695\n|switch|p1a: Gholdengo|Gholdengo|100\/100\n|-item|p1a: Gholdengo|Air Balloon\n|move|p2a: Scizor|Defog|p1a: Gholdengo\n|-immune|p1a: Gholdengo|[from] ability: Good as Gold\n|\n|upkeep\n|turn|3\n|\n|t:|1700504702\n|move|p1a: Gholdengo|Shadow Ball|p2a: Scizor\n|-damage|p2a: Scizor|48\/100\n|move|p2a: Scizor|U-turn|p1a: Gholdengo\n|-resisted|p1a: Gholdengo\n|-damage|p1a: Gholdengo|90\/100\n|-enditem|p1a: Gholdengo|Air Balloon\n|\n|t:|1700504709\n|switch|p2a: Kingambit|Kingambit, F, shiny|100\/100|[from] U-turn\n|-damage|p2a: Kingambit|94\/100|[from] Stealth Rock\n|\n|-heal|p2a: Kingambit|100\/100|[from] item: Leftovers\n|upkeep\n|turn|4\n|\n|t:|1700504719\n|switch|p1a: Glimmora|Glimmora, F|58\/100\n|-end|p2a: Kingambit|fallenundefined|[silent]\n|switch|p2a: Scizor|Scizor, F|48\/100\n|\n|upkeep\n|turn|5\n|\n|t:|1700504727\n|switch|p1a: Gholdengo|Gholdengo|90\/100\n|move|p2a: Scizor|Knock Off|p1a: Gholdengo\n|-supereffective|p1a: Gholdengo\n|-damage|p1a: Gholdengo|32\/100\n|\n|upkeep\n|turn|6\n|\n|t:|1700504737\n|switch|p2a: Kingambit|Kingambit, F, shiny|100\/100\n|-damage|p2a: Kingambit|94\/100|[from] Stealth Rock\n|move|p1a: Gholdengo|Recover|p1a: Gholdengo\n|-heal|p1a: Gholdengo|82\/100\n|\n|-heal|p2a: Kingambit|100\/100|[from] item: Leftovers\n|upkeep\n|turn|7\n|\n|t:|1700504750\n|switch|p1a: Glimmora|Glimmora, F|58\/100\n|move|p2a: Kingambit|Swords Dance|p2a: Kingambit\n|-boost|p2a: Kingambit|atk|2\n|\n|upkeep\n|turn|8\n|\n|t:|1700504756\n|move|p1a: Glimmora|Earth Power|p2a: Kingambit\n|-supereffective|p2a: Kingambit\n|-damage|p2a: Kingambit|36\/100\n|move|p2a: Kingambit|Kowtow Cleave|p1a: Glimmora\n|-crit|p1a: Glimmora\n|-damage|p1a: Glimmora|0 fnt\n|-activate|p1a: Glimmora|ability: Toxic Debris\n|-sidestart|p2: Toxicr0akIsCool|move: Toxic Spikes\n|faint|p1a: Glimmora\n|\n|-heal|p2a: Kingambit|42\/100|[from] item: Leftovers\n|upkeep\n|\n|t:|1700504778\n|switch|p1a: Dragonite|Dragonite, M|100\/100\n|turn|9\n|\n|t:|1700504787\n|-end|p2a: Kingambit|fallenundefined|[silent]\n|switch|p2a: Scizor|Scizor, F|48\/100\n|move|p1a: Dragonite|Earthquake|p2a: Scizor\n|-damage|p2a: Scizor|10\/100\n|\n|upkeep\n|turn|10\n|\n|t:|1700504794\n|move|p1a: Dragonite|Extreme Speed|p2a: Scizor\n|-resisted|p2a: Scizor\n|-damage|p2a: Scizor|0 fnt\n|faint|p2a: Scizor\n|\n|upkeep\n|\n|t:|1700504803\n|switch|p2a: Great Tusk|Great Tusk, shiny|100\/100\n|-damage|p2a: Great Tusk|98\/100|[from] Stealth Rock\n|-status|p2a: Great Tusk|tox\n|turn|11\n|\n|t:|1700504811\n|switch|p1a: Gholdengo|Gholdengo|82\/100\n|move|p2a: Great Tusk|Ice Spinner|p1a: Gholdengo\n|-resisted|p1a: Gholdengo\n|-damage|p1a: Gholdengo|70\/100\n|\n|-damage|p2a: Great Tusk|91\/100 tox|[from] psn\n|upkeep\n|turn|12\n|\n|t:|1700504816\n|move|p1a: Gholdengo|Make It Rain|p2a: Great Tusk\n|-damage|p2a: Great Tusk|9\/100 tox\n|-unboost|p1a: Gholdengo|spa|1\n|move|p2a: Great Tusk|Earthquake|p1a: Gholdengo\n|-supereffective|p1a: Gholdengo\n|-damage|p1a: Gholdengo|0 fnt\n|faint|p1a: Gholdengo\n|\n|-damage|p2a: Great Tusk|0 fnt|[from] psn\n|faint|p2a: Great Tusk\n|-end|p2a: Great Tusk|Protosynthesis|[silent]\n|upkeep\n|\n|t:|1700504844\n|switch|p1a: Iron Moth|Iron Moth|100\/100\n|switch|p2a: Ogerpon|Ogerpon-Cornerstone, F|100\/100\n|-damage|p2a: Ogerpon|88\/100|[from] Stealth Rock\n|-status|p2a: Ogerpon|tox\n|-enditem|p1a: Iron Moth|Booster Energy\n|-activate|p1a: Iron Moth|ability: Quark Drive|[fromitem]\n|-start|p1a: Iron Moth|quarkdrivespe\n|turn|13\n|\n|t:|1700504857\n|move|p1a: Iron Moth|Fiery Dance|p2a: Ogerpon\n|-damage|p2a: Ogerpon|39\/100 tox\n|move|p2a: Ogerpon|Ivy Cudgel|p1a: Iron Moth|[anim] Ivy Cudgel Rock\n|-supereffective|p1a: Iron Moth\n|-crit|p1a: Iron Moth\n|-damage|p1a: Iron Moth|0 fnt\n|faint|p1a: Iron Moth\n|-end|p1a: Iron Moth|Quark Drive|[silent]\n|\n|-damage|p2a: Ogerpon|33\/100 tox|[from] psn\n|upkeep\n|\n|t:|1700504865\n|switch|p1a: Kingambit|Kingambit, M|100\/100\n|-activate|p1a: Kingambit|ability: Supreme Overlord\n|-start|p1a: Kingambit|fallen3|[silent]\n|turn|14\n|\n|t:|1700504867\n|move|p1a: Kingambit|Sucker Punch|p2a: Ogerpon\n|-damage|p2a: Ogerpon|0 fnt\n|faint|p2a: Ogerpon\n|\n|upkeep\n|\n|t:|1700504894\n|switch|p2a: Hoopa|Hoopa-Unbound|100\/100\n|-damage|p2a: Hoopa|88\/100|[from] Stealth Rock\n|-status|p2a: Hoopa|tox\n|turn|15\n|\n|t:|1700504902\n|-terastallize|p2a: Hoopa|Fighting\n|move|p1a: Kingambit|Sucker Punch|p2a: Hoopa\n|-resisted|p2a: Hoopa\n|-damage|p2a: Hoopa|36\/100 tox\n|move|p2a: Hoopa|Drain Punch|p1a: Kingambit\n|-supereffective|p1a: Kingambit\n|-damage|p1a: Kingambit|0 fnt\n|-heal|p2a: Hoopa|97\/100 tox|[from] drain|[of] p1a: Kingambit\n|faint|p1a: Kingambit\n|-end|p1a: Kingambit|fallen3|[silent]\n|\n|-damage|p2a: Hoopa|91\/100 tox|[from] psn\n|upkeep\n|\n|t:|1700504913\n|switch|p1a: Dragonite|Dragonite, M|100\/100\n|turn|16\n|\n|t:|1700504926\n|move|p1a: Dragonite|Dragon Dance|p1a: Dragonite\n|-boost|p1a: Dragonite|atk|1\n|-boost|p1a: Dragonite|spe|1\n|move|p2a: Hoopa|Psychic|p1a: Dragonite\n|-damage|p1a: Dragonite|65\/100\n|\n|-damage|p2a: Hoopa|79\/100 tox|[from] psn\n|upkeep\n|turn|17\n|j| Lo-F1\n|\n|t:|1700504936\n|-terastallize|p1a: Dragonite|Normal\n|move|p1a: Dragonite|Extreme Speed|p2a: Hoopa\n|-damage|p2a: Hoopa|0 fnt\n|faint|p2a: Hoopa\n|\n|upkeep\n|\n|t:|1700504943\n|switch|p2a: Iron Valiant|Iron Valiant, shiny|100\/100\n|-damage|p2a: Iron Valiant|94\/100|[from] Stealth Rock\n|-status|p2a: Iron Valiant|tox\n|turn|18\n|\n|t:|1700504948\n|move|p1a: Dragonite|Extreme Speed|p2a: Iron Valiant\n|-damage|p2a: Iron Valiant|4\/100 tox\n|move|p2a: Iron Valiant|Aura Sphere|p1a: Dragonite\n|-supereffective|p1a: Dragonite\n|-damage|p1a: Dragonite|0 fnt\n|faint|p1a: Dragonite\n|\n|-damage|p2a: Iron Valiant|0 fnt|[from] psn\n|faint|p2a: Iron Valiant\n|-end|p2a: Iron Valiant|Quark Drive|[silent]\n|upkeep\n|\n|t:|1700504951\n|switch|p2a: Kingambit|Kingambit, F, shiny|42\/100\n|switch|p1a: Ogerpon|Ogerpon-Wellspring, F|100\/100\n|-damage|p2a: Kingambit|36\/100|[from] Stealth Rock\n|-activate|p2a: Kingambit|ability: Supreme Overlord\n|-start|p2a: Kingambit|fallen5|[silent]\n|turn|19\n|\n|t:|1700504957\n|move|p2a: Kingambit|Sucker Punch||[still]\n|-fail|p2a: Kingambit\n|move|p1a: Ogerpon|Encore|p2a: Kingambit\n|-start|p2a: Kingambit|Encore\n|\n|-heal|p2a: Kingambit|42\/100|[from] item: Leftovers\n|upkeep\n|turn|20\n|\n|t:|1700504960\n|move|p2a: Kingambit|Sucker Punch||[still]\n|-fail|p2a: Kingambit\n|move|p1a: Ogerpon|Swords Dance|p1a: Ogerpon\n|-boost|p1a: Ogerpon|atk|2\n|\n|-heal|p2a: Kingambit|48\/100|[from] item: Leftovers\n|upkeep\n|turn|21\n|\n|t:|1700504963\n|move|p2a: Kingambit|Sucker Punch||[still]\n|-fail|p2a: Kingambit\n|move|p1a: Ogerpon|Swords Dance|p1a: Ogerpon\n|-boost|p1a: Ogerpon|atk|2\n|\n|-heal|p2a: Kingambit|54\/100|[from] item: Leftovers\n|upkeep\n|turn|22\n|-message|Toxicr0akIsCool forfeited.\n|\n|win|red violet blue\n|raw|red violet blue's rating: 1629 &rarr; <strong>1655<\/strong><br \/>(+26 for winning)\n|raw|Toxicr0akIsCool's rating: 1734 &rarr; <strong>1708<\/strong><br \/>(-26 for losing)\n|l|\u2606Toxicr0akIsCool\n","uploadtime":1700504994,"views":27,"p1id":"redvioletblue","p2id":"toxicr0akiscool","formatid":"gen9ou","rating":1655,"private":0,"password":""}