{"id":"gen9ou-1991545260","p1":"Toto2002","p2":"Draconic Kai","format":"[Gen 9] OU","log":"|j|\u2606Toto2002\n|j|\u2606Draconic Kai\n|t:|1700086918\n|gametype|singles\n|player|p1|Toto2002|rosa|1303\n|player|p2|Draconic Kai|red|1369\n|teamsize|p1|6\n|teamsize|p2|6\n|gen|9\n|tier|[Gen 9] OU\n|rated|\n|rule|Sleep Clause Mod: Limit one foe put to sleep\n|rule|Species Clause: Limit one of each Pok\u00e9mon\n|rule|OHKO Clause: OHKO moves are banned\n|rule|Evasion Items Clause: Evasion items are banned\n|rule|Evasion Moves Clause: Evasion moves are banned\n|rule|Endless Battle Clause: Forcing endless battles is banned\n|rule|HP Percentage Mod: HP is shown in percentages\n|clearpoke\n|poke|p1|Clodsire, M|\n|poke|p1|Zapdos|\n|poke|p1|Gholdengo|\n|poke|p1|Walking Wake|\n|poke|p1|Great Tusk|\n|poke|p1|Sneasler, F|\n|poke|p2|Dragonite, M|\n|poke|p2|Kingambit, M|\n|poke|p2|Ursaluna, M|\n|poke|p2|Hatterene, F|\n|poke|p2|Chandelure, F|\n|poke|p2|Alomomola, F|\n|teampreview\n|inactive|Battle timer is ON: inactive players will automatically lose when time's up. (requested by Draconic Kai)\n|\n|t:|1700086930\n|start\n|switch|p1a: Sneasler|Sneasler, F|100\/100\n|switch|p2a: Alomomola|Alomomola, F|100\/100\n|turn|1\n|\n|t:|1700086933\n|move|p1a: Sneasler|Fake Out|p2a: Alomomola\n|-damage|p2a: Alomomola|91\/100\n|cant|p2a: Alomomola|flinch\n|\n|upkeep\n|turn|2\n|\n|t:|1700086935\n|move|p1a: Sneasler|U-turn|p2a: Alomomola\n|-damage|p2a: Alomomola|76\/100\n|\n|t:|1700086938\n|switch|p1a: Zapdos|Zapdos|100\/100|[from] U-turn\n|move|p2a: Alomomola|Scald|p1a: Zapdos\n|-damage|p1a: Zapdos|83\/100\n|\n|upkeep\n|turn|3\n|\n|t:|1700086944\n|switch|p2a: Ursaluna|Ursaluna, M|100\/100\n|move|p1a: Zapdos|Thunderbolt|p2a: Ursaluna\n|-immune|p2a: Ursaluna\n|\n|-status|p2a: Ursaluna|brn|[from] item: Flame Orb\n|upkeep\n|turn|4\n|\n|t:|1700086954\n|move|p1a: Zapdos|U-turn|p2a: Ursaluna\n|-damage|p2a: Ursaluna|91\/100 brn\n|\n|t:|1700086957\n|switch|p1a: Great Tusk|Great Tusk|100\/100|[from] U-turn\n|move|p2a: Ursaluna|Facade|p1a: Great Tusk\n|-damage|p1a: Great Tusk|44\/100\n|\n|-damage|p2a: Ursaluna|85\/100 brn|[from] brn\n|upkeep\n|turn|5\n|\n|t:|1700086960\n|move|p1a: Great Tusk|Body Press|p2a: Ursaluna\n|-supereffective|p2a: Ursaluna\n|-damage|p2a: Ursaluna|25\/100 brn\n|move|p2a: Ursaluna|Ice Punch|p1a: Great Tusk\n|-supereffective|p1a: Great Tusk\n|-damage|p1a: Great Tusk|0 fnt\n|faint|p1a: Great Tusk\n|-end|p1a: Great Tusk|Protosynthesis|[silent]\n|\n|-damage|p2a: Ursaluna|19\/100 brn|[from] brn\n|upkeep\n|\n|t:|1700086963\n|switch|p1a: Sneasler|Sneasler, F|100\/100\n|turn|6\n|\n|t:|1700086967\n|switch|p2a: Chandelure|Chandelure, F|100\/100\n|move|p1a: Sneasler|Fake Out|p2a: Chandelure\n|-immune|p2a: Chandelure\n|\n|upkeep\n|turn|7\n|\n|t:|1700086973\n|switch|p1a: Clodsire|Clodsire, M|100\/100\n|move|p2a: Chandelure|Overheat|p1a: Clodsire\n|-damage|p1a: Clodsire|58\/100\n|-unboost|p2a: Chandelure|spa|2\n|\n|-heal|p1a: Clodsire|65\/100|[from] item: Leftovers\n|upkeep\n|turn|8\n|\n|t:|1700086978\n|switch|p2a: Hatterene|Hatterene, F|100\/100\n|move|p1a: Clodsire|Stealth Rock|p2a: Hatterene\n|move|p2a: Hatterene|Stealth Rock|p1a: Clodsire|[from]ability: Magic Bounce\n|-sidestart|p1: Toto2002|move: Stealth Rock\n|\n|-heal|p1a: Clodsire|71\/100|[from] item: Leftovers\n|upkeep\n|turn|9\n|-message|Toto2002 forfeited.\n|\n|win|Draconic Kai\n|raw|Toto2002's rating: 1303 &rarr; <strong>1287<\/strong><br \/>(-16 for losing)\n|raw|Draconic Kai's rating: 1369 &rarr; <strong>1385<\/strong><br \/>(+16 for winning)\n|l|\u2606Toto2002\n","uploadtime":1700086996,"views":19,"p1id":"toto2002","p2id":"draconickai","formatid":"gen9ou","rating":1287,"private":0,"password":""}