{"id":"gen9ou-1996169510","p1":"jonbilbaobi","p2":"Darnellred","format":"[Gen 9] OU","log":"|j|\u203djonbilbaobi\n|j|\u2606Darnellred\n|t:|1700654380\n|gametype|singles\n|player|p1|jonbilbaobi|2|1718\n|player|p2|Darnellred|265|1696\n|teamsize|p1|6\n|teamsize|p2|6\n|gen|9\n|tier|[Gen 9] OU\n|rated|\n|rule|Sleep Clause Mod: Limit one foe put to sleep\n|rule|Species Clause: Limit one of each Pok\u00e9mon\n|rule|OHKO Clause: OHKO moves are banned\n|rule|Evasion Items Clause: Evasion items are banned\n|rule|Evasion Moves Clause: Evasion moves are banned\n|rule|Endless Battle Clause: Forcing endless battles is banned\n|rule|HP Percentage Mod: HP is shown in percentages\n|clearpoke\n|poke|p1|Ursaluna, M|\n|poke|p1|Corviknight, M|\n|poke|p1|Slowking-Galar, M|\n|poke|p1|Iron Valiant|\n|poke|p1|Dondozo, F|\n|poke|p1|Toxapex, F|\n|poke|p2|Garganacl, M|\n|poke|p2|Gholdengo|\n|poke|p2|Ting-Lu|\n|poke|p2|Dragapult, F|\n|poke|p2|Great Tusk|\n|poke|p2|Enamorus, F|\n|teampreview\n|\n|t:|1700654395\n|start\n|switch|p1a: Corviknight|Corviknight, M|100\/100\n|switch|p2a: Dragapult|Dragapult, F|100\/100\n|-ability|p1a: Corviknight|Pressure\n|turn|1\n|inactive|Battle timer is ON: inactive players will automatically lose when time's up. (requested by jonbilbaobi)\n|\n|t:|1700654400\n|move|p2a: Dragapult|Will-O-Wisp|p1a: Corviknight\n|-status|p1a: Corviknight|brn\n|move|p1a: Corviknight|U-turn|p2a: Dragapult\n|-resisted|p2a: Dragapult\n|-damage|p2a: Dragapult|95\/100\n|\n|t:|1700654403\n|switch|p1a: Ursaluna|Ursaluna, M, shiny|100\/100|[from] U-turn\n|\n|-heal|p2a: Dragapult|100\/100|[from] item: Leftovers\n|-status|p1a: Ursaluna|brn|[from] item: Flame Orb\n|upkeep\n|turn|2\n|\n|t:|1700654425\n|switch|p2a: Ting-Lu|Ting-Lu|100\/100\n|-ability|p2a: Ting-Lu|Vessel of Ruin\n|move|p1a: Ursaluna|Headlong Rush|p2a: Ting-Lu\n|-damage|p2a: Ting-Lu|46\/100\n|-unboost|p1a: Ursaluna|def|1\n|-unboost|p1a: Ursaluna|spd|1\n|\n|-heal|p2a: Ting-Lu|52\/100|[from] item: Leftovers\n|-damage|p1a: Ursaluna|94\/100 brn|[from] brn\n|upkeep\n|turn|3\n|inactive|Darnellred has 120 seconds left.\n|\n|t:|1700654446\n|move|p1a: Ursaluna|Facade|p2a: Ting-Lu\n|-damage|p2a: Ting-Lu|0 fnt\n|faint|p2a: Ting-Lu\n|\n|-damage|p1a: Ursaluna|88\/100 brn|[from] brn\n|upkeep\n|inactive|Darnellred has 120 seconds left.\n|\n|t:|1700654451\n|switch|p2a: Great Tusk|Great Tusk|100\/100\n|turn|4\n|\n|t:|1700654458\n|switch|p1a: Corviknight|Corviknight, M|100\/100 brn\n|-ability|p1a: Corviknight|Pressure\n|move|p2a: Great Tusk|Close Combat|p1a: Corviknight\n|-damage|p1a: Corviknight|46\/100 brn\n|-unboost|p2a: Great Tusk|def|1\n|-unboost|p2a: Great Tusk|spd|1\n|-damage|p2a: Great Tusk|84\/100|[from] item: Rocky Helmet|[of] p1a: Corviknight\n|\n|-damage|p1a: Corviknight|40\/100 brn|[from] brn\n|upkeep\n|turn|5\n|\n|t:|1700654467\n|switch|p1a: Toxapex|Toxapex, F|100\/100\n|move|p2a: Great Tusk|Close Combat|p1a: Toxapex\n|-resisted|p1a: Toxapex\n|-damage|p1a: Toxapex|74\/100\n|-unboost|p2a: Great Tusk|def|1\n|-unboost|p2a: Great Tusk|spd|1\n|\n|upkeep\n|turn|6\n|\n|t:|1700654473\n|-end|p2a: Great Tusk|Protosynthesis|[silent]\n|switch|p2a: Gholdengo|Gholdengo|100\/100\n|move|p1a: Toxapex|Toxic Spikes|p2a: Gholdengo\n|-sidestart|p2: Darnellred|move: Toxic Spikes\n|\n|upkeep\n|turn|7\n|\n|t:|1700654484\n|switch|p1a: Corviknight|Corviknight, M|40\/100 brn\n|-ability|p1a: Corviknight|Pressure\n|move|p2a: Gholdengo|Thunder Wave||[still]\n|-fail|p2a: Gholdengo\n|\n|-damage|p1a: Corviknight|34\/100 brn|[from] brn\n|upkeep\n|turn|8\n|\n|t:|1700654490\n|switch|p1a: Slowking|Slowking-Galar, M|100\/100\n|move|p2a: Gholdengo|Hex|p1a: Slowking\n|-supereffective|p1a: Slowking\n|-damage|p1a: Slowking|79\/100\n|\n|upkeep\n|turn|9\n|\n|t:|1700654493\n|move|p2a: Gholdengo|Thunder Wave|p1a: Slowking\n|-status|p1a: Slowking|par\n|move|p1a: Slowking|Flamethrower|p2a: Gholdengo\n|-supereffective|p2a: Gholdengo\n|-damage|p2a: Gholdengo|56\/100\n|\n|-heal|p2a: Gholdengo|62\/100|[from] item: Leftovers\n|upkeep\n|turn|10\n|\n|t:|1700654499\n|switch|p1a: Ursaluna|Ursaluna, M, shiny|88\/100 brn\n|move|p2a: Gholdengo|Nasty Plot|p2a: Gholdengo\n|-boost|p2a: Gholdengo|spa|2\n|\n|-heal|p2a: Gholdengo|68\/100|[from] item: Leftovers\n|-damage|p1a: Ursaluna|82\/100 brn|[from] brn\n|upkeep\n|turn|11\n|\n|t:|1700654507\n|switch|p2a: Enamorus|Enamorus, F|100\/100\n|move|p1a: Ursaluna|Fire Punch|p2a: Enamorus\n|-damage|p2a: Enamorus|24\/100\n|\n|-damage|p1a: Ursaluna|76\/100 brn|[from] brn\n|upkeep\n|turn|12\n|\n|t:|1700654513\n|switch|p1a: Slowking|Slowking-Galar, M|100\/100 par\n|move|p2a: Enamorus|Moonblast|p1a: Slowking\n|-resisted|p1a: Slowking\n|-damage|p1a: Slowking|85\/100 par\n|\n|upkeep\n|turn|13\n|\n|t:|1700654523\n|switch|p2a: Great Tusk|Great Tusk|84\/100\n|-status|p2a: Great Tusk|psn\n|switch|p1a: Ursaluna|Ursaluna, M, shiny|76\/100 brn\n|\n|-damage|p2a: Great Tusk|72\/100 psn|[from] psn\n|-damage|p1a: Ursaluna|69\/100 brn|[from] brn\n|upkeep\n|turn|14\n|\n|t:|1700654529\n|switch|p1a: Toxapex|Toxapex, F|100\/100\n|move|p2a: Great Tusk|Rapid Spin|p1a: Toxapex\n|-damage|p1a: Toxapex|84\/100\n|-boost|p2a: Great Tusk|spe|1\n|-sideend|p2: Darnellred|Toxic Spikes|[from] move: Rapid Spin|[of] p2a: Great Tusk\n|\n|-damage|p2a: Great Tusk|59\/100 psn|[from] psn\n|upkeep\n|turn|15\n|\n|t:|1700654534\n|-end|p2a: Great Tusk|Protosynthesis|[silent]\n|switch|p2a: Garganacl|Garganacl, M|100\/100\n|switch|p1a: Ursaluna|Ursaluna, M, shiny|69\/100 brn\n|\n|-damage|p1a: Ursaluna|63\/100 brn|[from] brn\n|upkeep\n|turn|16\n|\n|t:|1700654542\n|-terastallize|p2a: Garganacl|Water\n|move|p1a: Ursaluna|Headlong Rush|p2a: Garganacl\n|-damage|p2a: Garganacl|42\/100\n|-unboost|p1a: Ursaluna|def|1\n|-unboost|p1a: Ursaluna|spd|1\n|move|p2a: Garganacl|Salt Cure|p1a: Ursaluna\n|-resisted|p1a: Ursaluna\n|-crit|p1a: Ursaluna\n|-damage|p1a: Ursaluna|51\/100 brn\n|-start|p1a: Ursaluna|Salt Cure\n|\n|-heal|p2a: Garganacl|48\/100|[from] item: Leftovers\n|-damage|p1a: Ursaluna|45\/100 brn|[from] brn\n|-damage|p1a: Ursaluna|32\/100 brn|[from] Salt Cure\n|upkeep\n|turn|17\n|\n|t:|1700654557\n|switch|p1a: Toxapex|Toxapex, F|100\/100\n|switch|p2a: Dragapult|Dragapult, F|100\/100\n|\n|upkeep\n|turn|18\n|\n|t:|1700654566\n|switch|p1a: Slowking|Slowking-Galar, M|100\/100 par\n|move|p2a: Dragapult|Substitute|p2a: Dragapult\n|-start|p2a: Dragapult|Substitute\n|-damage|p2a: Dragapult|76\/100\n|\n|-heal|p2a: Dragapult|82\/100|[from] item: Leftovers\n|upkeep\n|turn|19\n|\n|t:|1700654572\n|-terastallize|p1a: Slowking|Water\n|move|p2a: Dragapult|Hex|p1a: Slowking\n|-crit|p1a: Slowking\n|-damage|p1a: Slowking|71\/100 par\n|move|p1a: Slowking|Sludge Bomb|p2a: Dragapult\n|-resisted|p2a: Dragapult\n|-activate|p2a: Dragapult|move: Substitute|[damage]\n|\n|-heal|p2a: Dragapult|88\/100|[from] item: Leftovers\n|upkeep\n|turn|20\n|\n|t:|1700654581\n|move|p2a: Dragapult|Hex|p1a: Slowking\n|-damage|p1a: Slowking|51\/100 par\n|move|p1a: Slowking|Sludge Bomb|p2a: Dragapult\n|-resisted|p2a: Dragapult\n|-end|p2a: Dragapult|Substitute\n|\n|-heal|p2a: Dragapult|94\/100|[from] item: Leftovers\n|upkeep\n|turn|21\n|\n|t:|1700654587\n|move|p2a: Dragapult|Substitute|p2a: Dragapult\n|-start|p2a: Dragapult|Substitute\n|-damage|p2a: Dragapult|69\/100\n|cant|p1a: Slowking|par\n|\n|-heal|p2a: Dragapult|75\/100|[from] item: Leftovers\n|upkeep\n|turn|22\n|\n|t:|1700654590\n|move|p2a: Dragapult|Hex|p1a: Slowking\n|-damage|p1a: Slowking|29\/100 par\n|move|p1a: Slowking|Future Sight|p2a: Dragapult\n|-start|p1a: Slowking|move: Future Sight\n|\n|-heal|p2a: Dragapult|81\/100|[from] item: Leftovers\n|upkeep\n|turn|23\n|\n|t:|1700654595\n|switch|p1a: Ursaluna|Ursaluna, M, shiny|32\/100 brn\n|move|p2a: Dragapult|Dragon Darts|p1a: Ursaluna\n|-damage|p1a: Ursaluna|16\/100 brn\n|-anim|p2a: Dragapult|Dragon Darts|p1a: Ursaluna\n|-damage|p1a: Ursaluna|0 fnt\n|faint|p1a: Ursaluna\n|\n|-heal|p2a: Dragapult|87\/100|[from] item: Leftovers\n|upkeep\n|\n|t:|1700654599\n|switch|p1a: Iron Valiant|Iron Valiant|100\/100\n|-enditem|p1a: Iron Valiant|Booster Energy\n|-activate|p1a: Iron Valiant|ability: Quark Drive|[fromitem]\n|-start|p1a: Iron Valiant|quarkdrivespe\n|turn|24\n|\n|t:|1700654605\n|move|p1a: Iron Valiant|Knock Off|p2a: Dragapult\n|-supereffective|p2a: Dragapult\n|-end|p2a: Dragapult|Substitute\n|move|p2a: Dragapult|Will-O-Wisp|p1a: Iron Valiant\n|-status|p1a: Iron Valiant|brn\n|\n|-end|p2a: Dragapult|move: Future Sight\n|-damage|p2a: Dragapult|21\/100\n|-heal|p2a: Dragapult|27\/100|[from] item: Leftovers\n|-damage|p1a: Iron Valiant|94\/100 brn|[from] brn\n|upkeep\n|turn|25\n|inactive|Darnellred has 120 seconds left.\n|\n|t:|1700654638\n|switch|p2a: Enamorus|Enamorus, F|24\/100\n|move|p1a: Iron Valiant|Knock Off|p2a: Enamorus\n|-resisted|p2a: Enamorus\n|-damage|p2a: Enamorus|10\/100\n|-enditem|p2a: Enamorus|Choice Specs|[from] move: Knock Off|[of] p1a: Iron Valiant\n|\n|-damage|p1a: Iron Valiant|88\/100 brn|[from] brn\n|upkeep\n|turn|26\n|\n|t:|1700654645\n|move|p1a: Iron Valiant|Spirit Break|p2a: Enamorus\n|-damage|p2a: Enamorus|0 fnt\n|faint|p2a: Enamorus\n|\n|-damage|p1a: Iron Valiant|82\/100 brn|[from] brn\n|upkeep\n|inactive|Darnellred has 120 seconds left.\n|\n|t:|1700654655\n|switch|p2a: Garganacl|Garganacl, M, tera:Water|48\/100\n|turn|27\n|\n|t:|1700654661\n|-end|p1a: Iron Valiant|Quark Drive|[silent]\n|switch|p1a: Toxapex|Toxapex, F|100\/100\n|move|p2a: Garganacl|Recover|p2a: Garganacl\n|-heal|p2a: Garganacl|98\/100\n|\n|-heal|p2a: Garganacl|100\/100|[from] item: Leftovers\n|upkeep\n|turn|28\n|\n|t:|1700654665\n|move|p1a: Toxapex|Toxic Spikes|p2a: Garganacl\n|-sidestart|p2: Darnellred|move: Toxic Spikes\n|move|p2a: Garganacl|Curse|p2a: Garganacl\n|-unboost|p2a: Garganacl|spe|1\n|-boost|p2a: Garganacl|atk|1\n|-boost|p2a: Garganacl|def|1\n|\n|upkeep\n|turn|29\n|\n|t:|1700654668\n|move|p1a: Toxapex|Chilling Water|p2a: Garganacl\n|-resisted|p2a: Garganacl\n|-damage|p2a: Garganacl|96\/100\n|-unboost|p2a: Garganacl|atk|1\n|move|p2a: Garganacl|Curse|p2a: Garganacl\n|-unboost|p2a: Garganacl|spe|1\n|-boost|p2a: Garganacl|atk|1\n|-boost|p2a: Garganacl|def|1\n|\n|-heal|p2a: Garganacl|100\/100|[from] item: Leftovers\n|upkeep\n|turn|30\n|\n|t:|1700654671\n|move|p1a: Toxapex|Haze|p1a: Toxapex\n|-clearallboost\n|move|p2a: Garganacl|Curse|p2a: Garganacl\n|-unboost|p2a: Garganacl|spe|1\n|-boost|p2a: Garganacl|atk|1\n|-boost|p2a: Garganacl|def|1\n|\n|upkeep\n|turn|31\n|\n|t:|1700654674\n|move|p1a: Toxapex|Haze|p1a: Toxapex\n|-clearallboost\n|move|p2a: Garganacl|Salt Cure|p1a: Toxapex\n|-damage|p1a: Toxapex|92\/100\n|\n|upkeep\n|turn|32\n|\n|t:|1700654684\n|move|p2a: Garganacl|Earthquake|p1a: Toxapex\n|-supereffective|p1a: Toxapex\n|-damage|p1a: Toxapex|63\/100\n|move|p1a: Toxapex|Chilling Water|p2a: Garganacl\n|-resisted|p2a: Garganacl\n|-damage|p2a: Garganacl|97\/100\n|-unboost|p2a: Garganacl|atk|1\n|\n|-heal|p2a: Garganacl|100\/100|[from] item: Leftovers\n|upkeep\n|turn|33\n|\n|t:|1700654689\n|move|p1a: Toxapex|Chilling Water|p2a: Garganacl\n|-resisted|p2a: Garganacl\n|-damage|p2a: Garganacl|96\/100\n|-unboost|p2a: Garganacl|atk|1\n|move|p2a: Garganacl|Curse|p2a: Garganacl\n|-unboost|p2a: Garganacl|spe|1\n|-boost|p2a: Garganacl|atk|1\n|-boost|p2a: Garganacl|def|1\n|\n|-heal|p2a: Garganacl|100\/100|[from] item: Leftovers\n|upkeep\n|turn|34\n|\n|t:|1700654693\n|move|p1a: Toxapex|Chilling Water|p2a: Garganacl\n|-resisted|p2a: Garganacl\n|-damage|p2a: Garganacl|97\/100\n|-unboost|p2a: Garganacl|atk|1\n|move|p2a: Garganacl|Curse|p2a: Garganacl\n|-unboost|p2a: Garganacl|spe|1\n|-boost|p2a: Garganacl|atk|1\n|-boost|p2a: Garganacl|def|1\n|\n|-heal|p2a: Garganacl|100\/100|[from] item: Leftovers\n|upkeep\n|turn|35\n|\n|t:|1700654698\n|move|p1a: Toxapex|Chilling Water|p2a: Garganacl\n|-resisted|p2a: Garganacl\n|-damage|p2a: Garganacl|97\/100\n|-unboost|p2a: Garganacl|atk|1\n|move|p2a: Garganacl|Earthquake|p1a: Toxapex\n|-supereffective|p1a: Toxapex\n|-damage|p1a: Toxapex|48\/100\n|\n|-heal|p2a: Garganacl|100\/100|[from] item: Leftovers\n|upkeep\n|turn|36\n|\n|t:|1700654702\n|switch|p1a: Corviknight|Corviknight, M|34\/100 brn\n|-ability|p1a: Corviknight|Pressure\n|move|p2a: Garganacl|Earthquake|p1a: Corviknight\n|-immune|p1a: Corviknight\n|\n|-damage|p1a: Corviknight|28\/100 brn|[from] brn\n|upkeep\n|turn|37\n|\n|t:|1700654707\n|move|p1a: Corviknight|Roost|p1a: Corviknight\n|-heal|p1a: Corviknight|78\/100 brn\n|-singleturn|p1a: Corviknight|move: Roost\n|move|p2a: Garganacl|Curse|p2a: Garganacl\n|-unboost|p2a: Garganacl|spe|1\n|-boost|p2a: Garganacl|atk|1\n|-boost|p2a: Garganacl|def|1\n|\n|-damage|p1a: Corviknight|72\/100 brn|[from] brn\n|upkeep\n|turn|38\n|\n|t:|1700654711\n|move|p1a: Corviknight|U-turn|p2a: Garganacl\n|-damage|p2a: Garganacl|99\/100\n|\n|t:|1700654713\n|switch|p1a: Toxapex|Toxapex, F|81\/100|[from] U-turn\n|move|p2a: Garganacl|Salt Cure|p1a: Toxapex\n|-damage|p1a: Toxapex|76\/100\n|\n|-heal|p2a: Garganacl|100\/100|[from] item: Leftovers\n|upkeep\n|turn|39\n|\n|t:|1700654719\n|move|p1a: Toxapex|Chilling Water|p2a: Garganacl\n|-resisted|p2a: Garganacl\n|-damage|p2a: Garganacl|96\/100\n|-unboost|p2a: Garganacl|atk|1\n|move|p2a: Garganacl|Earthquake|p1a: Toxapex\n|-supereffective|p1a: Toxapex\n|-damage|p1a: Toxapex|61\/100\n|\n|-heal|p2a: Garganacl|100\/100|[from] item: Leftovers\n|upkeep\n|turn|40\n|\n|t:|1700654723\n|switch|p2a: Gholdengo|Gholdengo|68\/100\n|move|p1a: Toxapex|Chilling Water|p2a: Gholdengo\n|-damage|p2a: Gholdengo|57\/100\n|-unboost|p2a: Gholdengo|atk|1\n|\n|-heal|p2a: Gholdengo|63\/100|[from] item: Leftovers\n|upkeep\n|turn|41\n|\n|t:|1700654728\n|switch|p1a: Iron Valiant|Iron Valiant|82\/100 brn\n|move|p2a: Gholdengo|Recover|p2a: Gholdengo\n|-heal|p2a: Gholdengo|100\/100\n|\n|-damage|p1a: Iron Valiant|76\/100 brn|[from] brn\n|upkeep\n|turn|42\n|\n|t:|1700654734\n|move|p1a: Iron Valiant|Knock Off|p2a: Gholdengo\n|-supereffective|p2a: Gholdengo\n|-damage|p2a: Gholdengo|76\/100\n|-enditem|p2a: Gholdengo|Leftovers|[from] move: Knock Off|[of] p1a: Iron Valiant\n|move|p2a: Gholdengo|Recover|p2a: Gholdengo\n|-heal|p2a: Gholdengo|100\/100\n|\n|-damage|p1a: Iron Valiant|69\/100 brn|[from] brn\n|upkeep\n|turn|43\n|\n|t:|1700654737\n|move|p1a: Iron Valiant|Knock Off|p2a: Gholdengo\n|-supereffective|p2a: Gholdengo\n|-damage|p2a: Gholdengo|86\/100\n|move|p2a: Gholdengo|Hex|p1a: Iron Valiant\n|-damage|p1a: Iron Valiant|0 fnt\n|faint|p1a: Iron Valiant\n|-end|p1a: Iron Valiant|Quark Drive|[silent]\n|\n|upkeep\n|\n|t:|1700654741\n|switch|p1a: Slowking|Slowking-Galar, M, tera:Water|62\/100 par\n|turn|44\n|\n|t:|1700654745\n|move|p2a: Gholdengo|Nasty Plot|p2a: Gholdengo\n|-boost|p2a: Gholdengo|spa|2\n|move|p1a: Slowking|Flamethrower|p2a: Gholdengo\n|-supereffective|p2a: Gholdengo\n|-crit|p2a: Gholdengo\n|-damage|p2a: Gholdengo|21\/100\n|-status|p2a: Gholdengo|brn\n|\n|-damage|p2a: Gholdengo|15\/100 brn|[from] brn\n|upkeep\n|turn|45\n|j| mew852\n|\n|t:|1700654772\n|move|p2a: Gholdengo|Recover|p2a: Gholdengo\n|-heal|p2a: Gholdengo|65\/100 brn\n|cant|p1a: Slowking|par\n|\n|-damage|p2a: Gholdengo|59\/100 brn|[from] brn\n|upkeep\n|turn|46\n|\n|t:|1700654776\n|move|p2a: Gholdengo|Hex|p1a: Slowking\n|-damage|p1a: Slowking|21\/100 par\n|move|p1a: Slowking|Flamethrower|p2a: Gholdengo\n|-supereffective|p2a: Gholdengo\n|-damage|p2a: Gholdengo|19\/100 brn\n|\n|-damage|p2a: Gholdengo|13\/100 brn|[from] brn\n|upkeep\n|turn|47\n|\n|t:|1700654782\n|switch|p1a: Toxapex|Toxapex, F|94\/100\n|move|p2a: Gholdengo|Recover|p2a: Gholdengo\n|-heal|p2a: Gholdengo|63\/100 brn\n|\n|-damage|p2a: Gholdengo|57\/100 brn|[from] brn\n|upkeep\n|turn|48\n|\n|t:|1700654786\n|switch|p1a: Slowking|Slowking-Galar, M, tera:Water|54\/100 par\n|move|p2a: Gholdengo|Thunder Wave|p1a: Slowking\n|-fail|p1a: Slowking|par\n|\n|-damage|p2a: Gholdengo|50\/100 brn|[from] brn\n|upkeep\n|turn|49\n|\n|t:|1700654791\n|move|p2a: Gholdengo|Recover|p2a: Gholdengo\n|-heal|p2a: Gholdengo|100\/100 brn\n|move|p1a: Slowking|Flamethrower|p2a: Gholdengo\n|-supereffective|p2a: Gholdengo\n|-damage|p2a: Gholdengo|57\/100 brn\n|\n|-damage|p2a: Gholdengo|50\/100 brn|[from] brn\n|upkeep\n|turn|50\n|\n|t:|1700654801\n|move|p2a: Gholdengo|Recover|p2a: Gholdengo\n|-heal|p2a: Gholdengo|100\/100 brn\n|move|p1a: Slowking|Flamethrower|p2a: Gholdengo\n|-supereffective|p2a: Gholdengo\n|-damage|p2a: Gholdengo|54\/100 brn\n|\n|-damage|p2a: Gholdengo|48\/100 brn|[from] brn\n|upkeep\n|turn|51\n|\n|t:|1700654808\n|move|p2a: Gholdengo|Hex|p1a: Slowking\n|-damage|p1a: Slowking|7\/100 par\n|move|p1a: Slowking|Flamethrower|p2a: Gholdengo\n|-supereffective|p2a: Gholdengo\n|-damage|p2a: Gholdengo|8\/100 brn\n|\n|-damage|p2a: Gholdengo|2\/100 brn|[from] brn\n|upkeep\n|turn|52\n|\n|t:|1700654816\n|move|p2a: Gholdengo|Recover|p2a: Gholdengo\n|-heal|p2a: Gholdengo|52\/100 brn\n|move|p1a: Slowking|Flamethrower|p2a: Gholdengo\n|-supereffective|p2a: Gholdengo\n|-damage|p2a: Gholdengo|9\/100 brn\n|\n|-damage|p2a: Gholdengo|3\/100 brn|[from] brn\n|upkeep\n|turn|53\n|\n|t:|1700654821\n|switch|p1a: Toxapex|Toxapex, F|100\/100\n|move|p2a: Gholdengo|Hex|p1a: Toxapex\n|-damage|p1a: Toxapex|53\/100\n|\n|-damage|p2a: Gholdengo|0 fnt|[from] brn\n|faint|p2a: Gholdengo\n|upkeep\n|\n|t:|1700654843\n|switch|p2a: Dragapult|Dragapult, F|27\/100\n|-status|p2a: Dragapult|psn\n|turn|54\n|j| Patatex\n|\n|t:|1700654851\n|move|p1a: Toxapex|Baneful Bunker|p1a: Toxapex\n|-singleturn|p1a: Toxapex|move: Protect\n|move|p2a: Dragapult|Dragon Darts|p1a: Toxapex\n|-activate|p1a: Toxapex|move: Protect\n|\n|-heal|p2a: Dragapult|33\/100 psn|[from] item: Leftovers\n|-damage|p2a: Dragapult|21\/100 psn|[from] psn\n|upkeep\n|turn|55\n|\n|t:|1700654859\n|switch|p1a: Slowking|Slowking-Galar, M, tera:Water|40\/100 par\n|move|p2a: Dragapult|Hex|p1a: Slowking\n|-damage|p1a: Slowking|18\/100 par\n|\n|-heal|p2a: Dragapult|27\/100 psn|[from] item: Leftovers\n|-damage|p2a: Dragapult|15\/100 psn|[from] psn\n|upkeep\n|turn|56\n|\n|t:|1700654872\n|switch|p1a: Dondozo|Dondozo, F|100\/100\n|move|p2a: Dragapult|Hex|p1a: Dondozo\n|-damage|p1a: Dondozo|75\/100\n|\n|-heal|p2a: Dragapult|21\/100 psn|[from] item: Leftovers\n|-damage|p2a: Dragapult|8\/100 psn|[from] psn\n|upkeep\n|turn|57\n|\n|t:|1700654879\n|switch|p2a: Great Tusk|Great Tusk|59\/100 psn\n|switch|p1a: Slowking|Slowking-Galar, M, tera:Water|52\/100 par\n|\n|-damage|p2a: Great Tusk|47\/100 psn|[from] psn\n|upkeep\n|turn|58\n|\n|t:|1700654883\n|switch|p1a: Corviknight|Corviknight, M|72\/100 brn\n|-ability|p1a: Corviknight|Pressure\n|move|p2a: Great Tusk|Rapid Spin|p1a: Corviknight\n|-resisted|p1a: Corviknight\n|-damage|p1a: Corviknight|64\/100 brn\n|-boost|p2a: Great Tusk|spe|1\n|-damage|p2a: Great Tusk|30\/100 psn|[from] item: Rocky Helmet|[of] p1a: Corviknight\n|-sideend|p2: Darnellred|Toxic Spikes|[from] move: Rapid Spin|[of] p2a: Great Tusk\n|\n|-damage|p2a: Great Tusk|18\/100 psn|[from] psn\n|-damage|p1a: Corviknight|58\/100 brn|[from] brn\n|upkeep\n|turn|59\n|\n|t:|1700654887\n|-end|p2a: Great Tusk|Protosynthesis|[silent]\n|switch|p2a: Garganacl|Garganacl, M, tera:Water|100\/100\n|move|p1a: Corviknight|Roost|p1a: Corviknight\n|-heal|p1a: Corviknight|100\/100 brn\n|-singleturn|p1a: Corviknight|move: Roost\n|\n|-damage|p1a: Corviknight|94\/100 brn|[from] brn\n|upkeep\n|turn|60\n|j| firemaniac\n|\n|t:|1700654894\n|move|p1a: Corviknight|U-turn|p2a: Garganacl\n|-damage|p2a: Garganacl|97\/100\n|\n|t:|1700654897\n|switch|p1a: Toxapex|Toxapex, F|86\/100|[from] U-turn\n|move|p2a: Garganacl|Curse|p2a: Garganacl\n|-unboost|p2a: Garganacl|spe|1\n|-boost|p2a: Garganacl|atk|1\n|-boost|p2a: Garganacl|def|1\n|\n|-heal|p2a: Garganacl|100\/100|[from] item: Leftovers\n|upkeep\n|turn|61\n|\n|t:|1700654900\n|move|p1a: Toxapex|Haze|p1a: Toxapex\n|-clearallboost\n|move|p2a: Garganacl|Earthquake|p1a: Toxapex\n|-supereffective|p1a: Toxapex\n|-damage|p1a: Toxapex|60\/100\n|\n|upkeep\n|turn|62\n|\n|t:|1700654908\n|switch|p2a: Dragapult|Dragapult, F|8\/100 psn\n|move|p1a: Toxapex|Chilling Water|p2a: Dragapult\n|-resisted|p2a: Dragapult\n|-damage|p2a: Dragapult|1\/100 psn\n|-unboost|p2a: Dragapult|atk|1\n|\n|-heal|p2a: Dragapult|7\/100 psn|[from] item: Leftovers\n|-damage|p2a: Dragapult|0 fnt|[from] psn\n|faint|p2a: Dragapult\n|upkeep\n|\n|t:|1700654910\n|switch|p2a: Great Tusk|Great Tusk|18\/100 psn\n|turn|63\n|\n|t:|1700654920\n|move|p1a: Toxapex|Baneful Bunker|p1a: Toxapex\n|-singleturn|p1a: Toxapex|move: Protect\n|move|p2a: Great Tusk|Close Combat|p1a: Toxapex\n|-activate|p1a: Toxapex|move: Protect\n|\n|-damage|p2a: Great Tusk|6\/100 psn|[from] psn\n|upkeep\n|turn|64\n|l| Patatex\n|\n|t:|1700654928\n|switch|p1a: Slowking|Slowking-Galar, M, tera:Water|85\/100 par\n|move|p2a: Great Tusk|Close Combat|p1a: Slowking\n|-damage|p1a: Slowking|0 fnt\n|-unboost|p2a: Great Tusk|def|1\n|-unboost|p2a: Great Tusk|spd|1\n|faint|p1a: Slowking\n|\n|-damage|p2a: Great Tusk|0 fnt|[from] psn\n|faint|p2a: Great Tusk\n|-end|p2a: Great Tusk|Protosynthesis|[silent]\n|upkeep\n|\n|t:|1700654938\n|switch|p2a: Garganacl|Garganacl, M, tera:Water|100\/100\n|switch|p1a: Toxapex|Toxapex, F|94\/100\n|turn|65\n|\n|t:|1700654944\n|move|p1a: Toxapex|Chilling Water|p2a: Garganacl\n|-resisted|p2a: Garganacl\n|-damage|p2a: Garganacl|97\/100\n|-unboost|p2a: Garganacl|atk|1\n|move|p2a: Garganacl|Earthquake|p1a: Toxapex\n|-supereffective|p1a: Toxapex\n|-damage|p1a: Toxapex|75\/100\n|\n|-heal|p2a: Garganacl|100\/100|[from] item: Leftovers\n|upkeep\n|turn|66\n|c|\u2606Darnellred|Gg\n|\n|t:|1700654960\n|switch|p1a: Corviknight|Corviknight, M|94\/100 brn\n|-ability|p1a: Corviknight|Pressure\n|move|p2a: Garganacl|Curse|p2a: Garganacl\n|-unboost|p2a: Garganacl|spe|1\n|-boost|p2a: Garganacl|atk|1\n|-boost|p2a: Garganacl|def|1\n|\n|-damage|p1a: Corviknight|88\/100 brn|[from] brn\n|upkeep\n|turn|67\n|\n|t:|1700654963\n|move|p1a: Corviknight|U-turn|p2a: Garganacl\n|-damage|p2a: Garganacl|98\/100\n|\n|t:|1700654966\n|switch|p1a: Toxapex|Toxapex, F|100\/100|[from] U-turn\n|move|p2a: Garganacl|Salt Cure|p1a: Toxapex\n|-damage|p1a: Toxapex|93\/100\n|\n|-heal|p2a: Garganacl|100\/100|[from] item: Leftovers\n|upkeep\n|turn|68\n|inactive|Darnellred has 120 seconds left.\n|j| fropop\n|inactive|Darnellred has 90 seconds left.\n|\n|t:|1700655039\n|move|p1a: Toxapex|Chilling Water|p2a: Garganacl\n|-resisted|p2a: Garganacl\n|-damage|p2a: Garganacl|97\/100\n|-unboost|p2a: Garganacl|atk|1\n|move|p2a: Garganacl|Salt Cure|p1a: Toxapex\n|-damage|p1a: Toxapex|87\/100\n|\n|-heal|p2a: Garganacl|100\/100|[from] item: Leftovers\n|upkeep\n|turn|69\n|\n|t:|1700655044\n|move|p1a: Toxapex|Chilling Water|p2a: Garganacl\n|-resisted|p2a: Garganacl\n|-damage|p2a: Garganacl|96\/100\n|-unboost|p2a: Garganacl|atk|1\n|move|p2a: Garganacl|Salt Cure|p1a: Toxapex\n|-damage|p1a: Toxapex|83\/100\n|\n|-heal|p2a: Garganacl|100\/100|[from] item: Leftovers\n|upkeep\n|turn|70\n|\n|t:|1700655050\n|move|p1a: Toxapex|Toxic Spikes|p2a: Garganacl\n|-sidestart|p2: Darnellred|move: Toxic Spikes\n|move|p2a: Garganacl|Curse|p2a: Garganacl\n|-unboost|p2a: Garganacl|spe|1\n|-boost|p2a: Garganacl|atk|1\n|-boost|p2a: Garganacl|def|1\n|\n|upkeep\n|turn|71\n|\n|t:|1700655055\n|move|p1a: Toxapex|Chilling Water|p2a: Garganacl\n|-resisted|p2a: Garganacl\n|-crit|p2a: Garganacl\n|-damage|p2a: Garganacl|94\/100\n|-unboost|p2a: Garganacl|atk|1\n|move|p2a: Garganacl|Curse|p2a: Garganacl\n|-unboost|p2a: Garganacl|spe|1\n|-boost|p2a: Garganacl|atk|1\n|-boost|p2a: Garganacl|def|1\n|\n|-heal|p2a: Garganacl|100\/100|[from] item: Leftovers\n|upkeep\n|turn|72\n|\n|t:|1700655067\n|move|p1a: Toxapex|Chilling Water|p2a: Garganacl\n|-resisted|p2a: Garganacl\n|-damage|p2a: Garganacl|96\/100\n|-unboost|p2a: Garganacl|atk|1\n|move|p2a: Garganacl|Salt Cure|p1a: Toxapex\n|-damage|p1a: Toxapex|79\/100\n|\n|-heal|p2a: Garganacl|100\/100|[from] item: Leftovers\n|upkeep\n|turn|73\n|\n|t:|1700655073\n|move|p1a: Toxapex|Chilling Water|p2a: Garganacl\n|-resisted|p2a: Garganacl\n|-damage|p2a: Garganacl|96\/100\n|-unboost|p2a: Garganacl|atk|1\n|move|p2a: Garganacl|Salt Cure|p1a: Toxapex\n|-damage|p1a: Toxapex|75\/100\n|\n|-heal|p2a: Garganacl|100\/100|[from] item: Leftovers\n|upkeep\n|turn|74\n|inactive|Darnellred has 120 seconds left.\n|\n|t:|1700655082\n|move|p1a: Toxapex|Chilling Water|p2a: Garganacl\n|-resisted|p2a: Garganacl\n|-damage|p2a: Garganacl|96\/100\n|-unboost|p2a: Garganacl|atk|1\n|move|p2a: Garganacl|Recover|p2a: Garganacl\n|-heal|p2a: Garganacl|100\/100\n|\n|upkeep\n|turn|75\n|\n|t:|1700655088\n|move|p1a: Toxapex|Toxic Spikes|p2a: Garganacl\n|-sidestart|p2: Darnellred|move: Toxic Spikes\n|move|p2a: Garganacl|Salt Cure|p1a: Toxapex\n|-crit|p1a: Toxapex\n|-damage|p1a: Toxapex|62\/100\n|\n|upkeep\n|turn|76\n|-message|Darnellred forfeited.\n|\n|win|jonbilbaobi\n|raw|jonbilbaobi's rating: 1718 &rarr; <strong>1737<\/strong><br \/>(+19 for winning)\n|raw|Darnellred's rating: 1696 &rarr; <strong>1677<\/strong><br \/>(-19 for losing)\n|l|\u2606Darnellred\n","uploadtime":1700655212,"views":1,"p1id":"jonbilbaobi","p2id":"darnellred","formatid":"gen9ou","rating":1677,"private":0,"password":""}