{"id":"gen9ou-1995890248","p1":"Magiquaza","p2":"brodiewhat","format":"[Gen 9] OU","log":"|j|\u2606Magiquaza\n|j|\u2606brodiewhat\n|inactive|Battle timer is ON: inactive players will automatically lose when time's up.\n|t:|1700614070\n|gametype|singles\n|player|p1|Magiquaza|1|\n|player|p2|brodiewhat|102|\n|teamsize|p1|5\n|teamsize|p2|5\n|gen|9\n|tier|[Gen 9] OU\n|rated|Tournament battle\n|rule|Sleep Clause Mod: Limit one foe put to sleep\n|rule|Species Clause: Limit one of each Pok\u00e9mon\n|rule|OHKO Clause: OHKO moves are banned\n|rule|Evasion Items Clause: Evasion items are banned\n|rule|Evasion Moves Clause: Evasion moves are banned\n|rule|Endless Battle Clause: Forcing endless battles is banned\n|rule|HP Percentage Mod: HP is shown in percentages\n|clearpoke\n|poke|p1|Barraskewda, F|\n|poke|p1|Skuntank, F|\n|poke|p1|Copperajah, M|\n|poke|p1|Ursaluna, F|\n|poke|p1|Clefable, F|\n|poke|p2|Kingambit, M|\n|poke|p2|Masquerain, F|\n|poke|p2|Grimmsnarl, M|\n|poke|p2|Drizzile, M|\n|poke|p2|Dragapult, M|\n|teampreview\n|j|*Lady Monita \u2746\n|inactive|brodiewhat also wants the timer to be on.\n|j| Yeet259\n|\n|t:|1700614103\n|start\n|switch|p1a: gengar irl|Clefable, F|100\/100\n|switch|p2a: Drizzile|Drizzile, M|100\/100\n|turn|1\n|\n|t:|1700614110\n|move|p2a: Drizzile|Hydro Pump|p1a: gengar irl|[miss]\n|-miss|p2a: Drizzile|p1a: gengar irl\n|move|p1a: gengar irl|Calm Mind|p1a: gengar irl\n|-boost|p1a: gengar irl|spa|1\n|-boost|p1a: gengar irl|spd|1\n|\n|upkeep\n|turn|2\n|\n|t:|1700614115\n|move|p2a: Drizzile|Hydro Pump|p1a: gengar irl|[miss]\n|-miss|p2a: Drizzile|p1a: gengar irl\n|move|p1a: gengar irl|Calm Mind|p1a: gengar irl\n|-boost|p1a: gengar irl|spa|1\n|-boost|p1a: gengar irl|spd|1\n|\n|upkeep\n|turn|3\n|c|\u2606brodiewhat|ouch\n|\n|t:|1700614122\n|move|p2a: Drizzile|Hydro Pump|p1a: gengar irl\n|-damage|p1a: gengar irl|79\/100\n|move|p1a: gengar irl|Calm Mind|p1a: gengar irl\n|-boost|p1a: gengar irl|spa|1\n|-boost|p1a: gengar irl|spd|1\n|\n|-heal|p1a: gengar irl|85\/100|[from] item: Leftovers\n|upkeep\n|turn|4\n|j| kanishk0612d\n|\n|t:|1700614133\n|move|p2a: Drizzile|Hydro Pump|p1a: gengar irl\n|-damage|p1a: gengar irl|67\/100\n|move|p1a: gengar irl|Moonblast|p2a: Drizzile\n|-damage|p2a: Drizzile|0 fnt\n|faint|p2a: Drizzile\n|\n|-heal|p1a: gengar irl|73\/100|[from] item: Leftovers\n|upkeep\n|\n|t:|1700614146\n|switch|p2a: Masquerain|Masquerain, F|100\/100\n|-ability|p2a: Masquerain|Intimidate|boost\n|-unboost|p1a: gengar irl|atk|1\n|turn|5\n|j| fucuk\n|\n|t:|1700614150\n|move|p2a: Masquerain|Haze|p2a: Masquerain\n|-clearallboost\n|move|p1a: gengar irl|Flamethrower|p2a: Masquerain\n|-supereffective|p2a: Masquerain\n|-damage|p2a: Masquerain|53\/100\n|\n|-heal|p1a: gengar irl|79\/100|[from] item: Leftovers\n|upkeep\n|turn|6\n|j| caterqu2\n|\n|t:|1700614157\n|move|p2a: Masquerain|Stun Spore|p1a: gengar irl\n|-status|p1a: gengar irl|par\n|cant|p1a: gengar irl|par\n|\n|-heal|p1a: gengar irl|85\/100 par|[from] item: Leftovers\n|upkeep\n|turn|7\n|l| caterqu2\n|j| caterqu2\n|\n|t:|1700614163\n|move|p2a: Masquerain|Sticky Web|p1a: gengar irl\n|-sidestart|p1: Magiquaza|move: Sticky Web\n|move|p1a: gengar irl|Flamethrower|p2a: Masquerain\n|-supereffective|p2a: Masquerain\n|-damage|p2a: Masquerain|9\/100\n|\n|-heal|p1a: gengar irl|91\/100 par|[from] item: Leftovers\n|upkeep\n|turn|8\n|\n|t:|1700614170\n|switch|p2a: Grimmsnarl|Grimmsnarl, M|100\/100\n|move|p1a: gengar irl|Moonblast|p2a: Grimmsnarl\n|-supereffective|p2a: Grimmsnarl\n|-damage|p2a: Grimmsnarl|50\/100\n|\n|-heal|p1a: gengar irl|97\/100 par|[from] item: Leftovers\n|upkeep\n|turn|9\n|\n|t:|1700614174\n|move|p2a: Grimmsnarl|Light Screen|p2a: Grimmsnarl\n|-sidestart|p2: brodiewhat|move: Light Screen\n|move|p1a: gengar irl|Moonblast|p2a: Grimmsnarl\n|-supereffective|p2a: Grimmsnarl\n|-damage|p2a: Grimmsnarl|24\/100\n|\n|-heal|p1a: gengar irl|100\/100 par|[from] item: Leftovers\n|upkeep\n|turn|10\n|\n|t:|1700614179\n|move|p2a: Grimmsnarl|Reflect|p2a: Grimmsnarl\n|-sidestart|p2: brodiewhat|Reflect\n|move|p1a: gengar irl|Moonblast|p2a: Grimmsnarl\n|-supereffective|p2a: Grimmsnarl\n|-damage|p2a: Grimmsnarl|1\/100\n|-unboost|p2a: Grimmsnarl|spa|1\n|\n|upkeep\n|turn|11\n|\n|t:|1700614184\n|move|p2a: Grimmsnarl|Light Screen||[still]\n|-fail|p2a: Grimmsnarl\n|move|p1a: gengar irl|Calm Mind|p1a: gengar irl\n|-boost|p1a: gengar irl|spa|1\n|-boost|p1a: gengar irl|spd|1\n|\n|upkeep\n|turn|12\n|\n|t:|1700614190\n|move|p2a: Grimmsnarl|Bulk Up|p2a: Grimmsnarl\n|-boost|p2a: Grimmsnarl|atk|1\n|-boost|p2a: Grimmsnarl|def|1\n|move|p1a: gengar irl|Calm Mind|p1a: gengar irl\n|-boost|p1a: gengar irl|spa|1\n|-boost|p1a: gengar irl|spd|1\n|\n|upkeep\n|turn|13\n|\n|t:|1700614195\n|move|p2a: Grimmsnarl|Drain Punch|p1a: gengar irl\n|-resisted|p1a: gengar irl\n|-damage|p1a: gengar irl|89\/100 par\n|-heal|p2a: Grimmsnarl|7\/100|[from] drain|[of] p1a: gengar irl\n|cant|p1a: gengar irl|par\n|\n|-heal|p1a: gengar irl|95\/100 par|[from] item: Leftovers\n|upkeep\n|turn|14\n|\n|t:|1700614202\n|move|p2a: Grimmsnarl|Drain Punch|p1a: gengar irl\n|-resisted|p1a: gengar irl\n|-damage|p1a: gengar irl|83\/100 par\n|-heal|p2a: Grimmsnarl|13\/100|[from] drain|[of] p1a: gengar irl\n|move|p1a: gengar irl|Calm Mind|p1a: gengar irl\n|-boost|p1a: gengar irl|spa|1\n|-boost|p1a: gengar irl|spd|1\n|\n|-heal|p1a: gengar irl|89\/100 par|[from] item: Leftovers\n|upkeep\n|turn|15\n|\n|t:|1700614205\n|move|p2a: Grimmsnarl|Drain Punch|p1a: gengar irl\n|-resisted|p1a: gengar irl\n|-damage|p1a: gengar irl|79\/100 par\n|-heal|p2a: Grimmsnarl|18\/100|[from] drain|[of] p1a: gengar irl\n|move|p1a: gengar irl|Calm Mind|p1a: gengar irl\n|-boost|p1a: gengar irl|spa|1\n|-boost|p1a: gengar irl|spd|1\n|\n|-heal|p1a: gengar irl|85\/100 par|[from] item: Leftovers\n|upkeep\n|turn|16\n|\n|t:|1700614211\n|move|p2a: Grimmsnarl|Drain Punch|p1a: gengar irl\n|-resisted|p1a: gengar irl\n|-damage|p1a: gengar irl|73\/100 par\n|-heal|p2a: Grimmsnarl|24\/100|[from] drain|[of] p1a: gengar irl\n|move|p1a: gengar irl|Calm Mind|p1a: gengar irl\n|-boost|p1a: gengar irl|spa|1\n|-boost|p1a: gengar irl|spd|1\n|\n|-heal|p1a: gengar irl|79\/100 par|[from] item: Leftovers\n|-sideend|p2: brodiewhat|move: Light Screen\n|upkeep\n|turn|17\n|\n|t:|1700614216\n|move|p2a: Grimmsnarl|Light Screen|p2a: Grimmsnarl\n|-sidestart|p2: brodiewhat|move: Light Screen\n|move|p1a: gengar irl|Calm Mind|p1a: gengar irl\n|-boost|p1a: gengar irl|spa|1\n|-boost|p1a: gengar irl|spd|1\n|\n|-heal|p1a: gengar irl|85\/100 par|[from] item: Leftovers\n|-sideend|p2: brodiewhat|Reflect\n|upkeep\n|turn|18\n|\n|t:|1700614222\n|move|p2a: Grimmsnarl|Reflect|p2a: Grimmsnarl\n|-sidestart|p2: brodiewhat|Reflect\n|cant|p1a: gengar irl|par\n|\n|-heal|p1a: gengar irl|91\/100 par|[from] item: Leftovers\n|upkeep\n|turn|19\n|\n|t:|1700614226\n|move|p2a: Grimmsnarl|Drain Punch|p1a: gengar irl\n|-resisted|p1a: gengar irl\n|-damage|p1a: gengar irl|79\/100 par\n|-heal|p2a: Grimmsnarl|30\/100|[from] drain|[of] p1a: gengar irl\n|move|p1a: gengar irl|Moonlight|p1a: gengar irl\n|-heal|p1a: gengar irl|100\/100 par\n|\n|upkeep\n|turn|20\n|\n|t:|1700614233\n|switch|p2a: Kingambit|Kingambit, M|100\/100\n|move|p1a: gengar irl|Moonblast|p2a: Kingambit\n|-damage|p2a: Kingambit|39\/100\n|\n|upkeep\n|turn|21\n|\n|t:|1700614237\n|-terastallize|p1a: gengar irl|Fire\n|move|p2a: Kingambit|Rest|p2a: Kingambit\n|-status|p2a: Kingambit|slp|[from] move: Rest\n|-enditem|p2a: Kingambit|Lum Berry|[eat]\n|-curestatus|p2a: Kingambit|slp|[msg]\n|-heal|p2a: Kingambit|100\/100|[silent]\n|move|p1a: gengar irl|Moonblast|p2a: Kingambit\n|-damage|p2a: Kingambit|43\/100\n|\n|upkeep\n|turn|22\n|\n|t:|1700614251\n|move|p2a: Kingambit|Kowtow Cleave|p1a: gengar irl\n|-damage|p1a: gengar irl|61\/100 par\n|move|p1a: gengar irl|Flamethrower|p2a: Kingambit\n|-supereffective|p2a: Kingambit\n|-damage|p2a: Kingambit|0 fnt\n|faint|p2a: Kingambit\n|\n|-heal|p1a: gengar irl|67\/100 par|[from] item: Leftovers\n|upkeep\n|\n|t:|1700614256\n|switch|p2a: Dragapult|Dragapult, M, shiny|100\/100\n|turn|23\n|\n|t:|1700614265\n|-terastallize|p2a: Dragapult|Steel\n|move|p2a: Dragapult|Dragon Darts|p1a: gengar irl\n|-damage|p1a: gengar irl|47\/100 par\n|-anim|p2a: Dragapult|Dragon Darts|p1a: gengar irl\n|-damage|p1a: gengar irl|25\/100 par\n|move|p1a: gengar irl|Moonblast|p2a: Dragapult\n|-resisted|p2a: Dragapult\n|-damage|p2a: Dragapult|65\/100\n|\n|-heal|p1a: gengar irl|31\/100 par|[from] item: Leftovers\n|upkeep\n|turn|24\n|\n|t:|1700614272\n|move|p2a: Dragapult|Dragon Darts|p1a: gengar irl\n|-damage|p1a: gengar irl|11\/100 par\n|-anim|p2a: Dragapult|Dragon Darts|p1a: gengar irl\n|-damage|p1a: gengar irl|0 fnt\n|faint|p1a: gengar irl\n|\n|-sideend|p2: brodiewhat|move: Light Screen\n|upkeep\n|\n|t:|1700614280\n|switch|p1a: nuke|Skuntank, F|100\/100\n|-activate|p1a: nuke|move: Sticky Web\n|-unboost|p1a: nuke|spe|1\n|turn|25\n|\n|t:|1700614288\n|move|p2a: Dragapult|Dragon Dance|p2a: Dragapult\n|-boost|p2a: Dragapult|atk|1\n|-boost|p2a: Dragapult|spe|1\n|move|p1a: nuke|Toxic Spikes|p2a: Dragapult\n|-sidestart|p2: brodiewhat|move: Toxic Spikes\n|\n|-sideend|p2: brodiewhat|Reflect\n|upkeep\n|turn|26\n|\n|t:|1700614293\n|move|p2a: Dragapult|Dragon Darts|p1a: nuke\n|-damage|p1a: nuke|46\/100\n|-anim|p2a: Dragapult|Dragon Darts|p1a: nuke\n|-damage|p1a: nuke|0 fnt\n|faint|p1a: nuke\n|\n|upkeep\n|\n|t:|1700614296\n|switch|p1a: block|Copperajah, M|100\/100\n|-activate|p1a: block|move: Sticky Web\n|-unboost|p1a: block|spe|1\n|turn|27\n|\n|t:|1700614309\n|switch|p2a: Masquerain|Masquerain, F|9\/100\n|-ability|p2a: Masquerain|Intimidate|boost\n|-unboost|p1a: block|atk|1\n|move|p1a: block|Earthquake|p2a: Masquerain\n|-immune|p2a: Masquerain\n|\n|upkeep\n|turn|28\n|\n|t:|1700614319\n|switch|p1a: har har harhar|Ursaluna, F|100\/100\n|-activate|p1a: har har harhar|move: Sticky Web\n|-unboost|p1a: har har harhar|spe|1\n|move|p2a: Masquerain|Stun Spore|p1a: har har harhar|[miss]\n|-miss|p2a: Masquerain|p1a: har har harhar\n|\n|-status|p1a: har har harhar|brn|[from] item: Flame Orb\n|upkeep\n|turn|29\n|j| 325209187a\n|inactive|brodiewhat has 120 seconds left.\n|\n|t:|1700614360\n|move|p2a: Masquerain|Haze|p2a: Masquerain\n|-clearallboost\n|move|p1a: har har harhar|Facade|p2a: Masquerain\n|-crit|p2a: Masquerain\n|-damage|p2a: Masquerain|0 fnt\n|faint|p2a: Masquerain\n|\n|-damage|p1a: har har harhar|94\/100 brn|[from] brn\n|upkeep\n|\n|t:|1700614366\n|switch|p2a: Grimmsnarl|Grimmsnarl, M|30\/100\n|-status|p2a: Grimmsnarl|psn\n|turn|30\n|\n|t:|1700614372\n|move|p2a: Grimmsnarl|Reflect|p2a: Grimmsnarl\n|-sidestart|p2: brodiewhat|Reflect\n|move|p1a: har har harhar|Facade|p2a: Grimmsnarl\n|-damage|p2a: Grimmsnarl|0 fnt\n|faint|p2a: Grimmsnarl\n|\n|-damage|p1a: har har harhar|88\/100 brn|[from] brn\n|upkeep\n|\n|t:|1700614375\n|switch|p2a: Dragapult|Dragapult, M, shiny, tera:Steel|65\/100\n|turn|31\n|\n|t:|1700614382\n|move|p2a: Dragapult|Dragon Dance|p2a: Dragapult\n|-boost|p2a: Dragapult|atk|1\n|-boost|p2a: Dragapult|spe|1\n|move|p1a: har har harhar|Earthquake|p2a: Dragapult\n|-supereffective|p2a: Dragapult\n|-crit|p2a: Dragapult\n|-damage|p2a: Dragapult|0 fnt\n|faint|p2a: Dragapult\n|\n|win|Magiquaza\n|n|\u2606Magiquaza|magiquaza\n|n|\u2606brodiewhat|brodiewhat\n|n|*Lady Monita \u2746|ladymonita\n|n| Yeet259|yeet259\n|n| kanishk0612d|kanishk0612d\n|n| fucuk|fucuk\n|n| caterqu2|caterqu2\n|n| 325209187a|325209187a\n","uploadtime":1700614383,"views":6,"p1id":"magiquaza","p2id":"brodiewhat","formatid":"gen9ou","rating":0,"private":0,"password":""}