{"id":"gen9ou-1994981146","p1":"Thomahawks","p2":"K hamza","format":"[Gen 9] OU","log":"|j|\u2606Thomahawks\n|j|\u2606K hamza\n|t:|1700510193\n|gametype|singles\n|player|p1|Thomahawks|alder|1267\n|player|p2|K hamza|dragontamer|1277\n|teamsize|p1|6\n|teamsize|p2|6\n|gen|9\n|tier|[Gen 9] OU\n|rated|\n|rule|Sleep Clause Mod: Limit one foe put to sleep\n|rule|Species Clause: Limit one of each Pok\u00e9mon\n|rule|OHKO Clause: OHKO moves are banned\n|rule|Evasion Items Clause: Evasion items are banned\n|rule|Evasion Moves Clause: Evasion moves are banned\n|rule|Endless Battle Clause: Forcing endless battles is banned\n|rule|HP Percentage Mod: HP is shown in percentages\n|clearpoke\n|poke|p1|Iron Moth|\n|poke|p1|Ninetales-Alola, F|\n|poke|p1|Hatterene, F|\n|poke|p1|Ting-Lu|\n|poke|p1|Garchomp, F|\n|poke|p1|Rillaboom, F|\n|poke|p2|Ogerpon-Wellspring, F|\n|poke|p2|Rillaboom, F|\n|poke|p2|Iron Moth|\n|poke|p2|Dragapult, M|\n|poke|p2|Great Tusk|\n|poke|p2|Ribombee, M|\n|teampreview\n|\n|t:|1700510202\n|start\n|switch|p1a: Kurama|Ninetales-Alola, F, shiny|100\/100\n|switch|p2a: Iron Moth|Iron Moth|100\/100\n|-weather|Snow|[from] ability: Snow Warning|[of] p1a: Kurama\n|-enditem|p2a: Iron Moth|Booster Energy\n|-activate|p2a: Iron Moth|ability: Quark Drive|[fromitem]\n|-start|p2a: Iron Moth|quarkdrivespe\n|turn|1\n|\n|t:|1700510212\n|switch|p1a: Ting-Lu|Ting-Lu|100\/100\n|-ability|p1a: Ting-Lu|Vessel of Ruin\n|move|p2a: Iron Moth|Fiery Dance|p1a: Ting-Lu\n|-damage|p1a: Ting-Lu|83\/100\n|-enditem|p1a: Ting-Lu|Red Card|[of] p2a: Iron Moth\n|-end|p2a: Iron Moth|Quark Drive|[silent]\n|drag|p2a: Dragapult|Dragapult, M|100\/100\n|\n|-weather|Snow|[upkeep]\n|upkeep\n|turn|2\n|\n|t:|1700510226\n|move|p2a: Dragapult|Substitute|p2a: Dragapult\n|-start|p2a: Dragapult|Substitute\n|-damage|p2a: Dragapult|76\/100\n|move|p1a: Ting-Lu|Ruination|p2a: Dragapult\n|-end|p2a: Dragapult|Substitute\n|\n|-weather|Snow|[upkeep]\n|-heal|p2a: Dragapult|82\/100|[from] item: Leftovers\n|upkeep\n|turn|3\n|\n|t:|1700510240\n|switch|p2a: Ogerpon|Ogerpon-Wellspring, F|100\/100\n|move|p1a: Ting-Lu|Ruination|p2a: Ogerpon|[miss]\n|-miss|p1a: Ting-Lu|p2a: Ogerpon\n|\n|-weather|Snow|[upkeep]\n|upkeep\n|turn|4\n|inactive|Battle timer is ON: inactive players will automatically lose when time's up. (requested by K hamza)\n|\n|t:|1700510253\n|move|p2a: Ogerpon|Ivy Cudgel|p1a: Ting-Lu|[anim] Ivy Cudgel Water\n|-supereffective|p1a: Ting-Lu\n|-damage|p1a: Ting-Lu|15\/100\n|move|p1a: Ting-Lu|Stealth Rock|p2a: Ogerpon\n|-sidestart|p2: K hamza|move: Stealth Rock\n|\n|-weather|Snow|[upkeep]\n|upkeep\n|turn|5\n|\n|t:|1700510263\n|move|p2a: Ogerpon|Trailblaze|p1a: Ting-Lu\n|-supereffective|p1a: Ting-Lu\n|-damage|p1a: Ting-Lu|0 fnt\n|-boost|p2a: Ogerpon|spe|1\n|faint|p1a: Ting-Lu\n|\n|-weather|none\n|upkeep\n|\n|t:|1700510267\n|switch|p1a: Kurama|Ninetales-Alola, F, shiny|100\/100\n|-weather|Snow|[from] ability: Snow Warning|[of] p1a: Kurama\n|turn|6\n|\n|t:|1700510277\n|-terastallize|p2a: Ogerpon|Water\n|detailschange|p2a: Ogerpon|Ogerpon-Wellspring-Tera, F, tera:Water\n|-ability|p2a: Ogerpon|Embody Aspect (Wellspring)|boost\n|-boost|p2a: Ogerpon|spd|1\n|move|p2a: Ogerpon|Ivy Cudgel|p1a: Kurama|[anim] Ivy Cudgel Water\n|-damage|p1a: Kurama|35\/100\n|move|p1a: Kurama|Freeze-Dry|p2a: Ogerpon\n|-supereffective|p2a: Ogerpon\n|-damage|p2a: Ogerpon|69\/100\n|\n|-weather|Snow|[upkeep]\n|upkeep\n|turn|7\n|\n|t:|1700510289\n|move|p2a: Ogerpon|Horn Leech|p1a: Kurama\n|-damage|p1a: Kurama|0 fnt\n|-heal|p2a: Ogerpon|89\/100|[from] drain|[of] p1a: Kurama\n|faint|p1a: Kurama\n|\n|-weather|Snow|[upkeep]\n|upkeep\n|\n|t:|1700510296\n|switch|p1a: Rillaboom|Rillaboom, F|100\/100\n|-fieldstart|move: Grassy Terrain|[from] ability: Grassy Surge|[of] p1a: Rillaboom\n|turn|8\n|\n|t:|1700510304\n|switch|p2a: Rillaboom|Rillaboom, F|100\/100\n|-damage|p2a: Rillaboom|88\/100|[from] Stealth Rock\n|move|p1a: Rillaboom|Grassy Glide|p2a: Rillaboom\n|-resisted|p2a: Rillaboom\n|-damage|p2a: Rillaboom|53\/100\n|\n|-weather|Snow|[upkeep]\n|-heal|p2a: Rillaboom|59\/100|[from] Grassy Terrain\n|upkeep\n|turn|9\n|\n|t:|1700510316\n|switch|p1a: Iron Moth|Iron Moth|100\/100\n|-enditem|p1a: Iron Moth|Booster Energy\n|-activate|p1a: Iron Moth|ability: Quark Drive|[fromitem]\n|-start|p1a: Iron Moth|quarkdrivespe\n|move|p2a: Rillaboom|Knock Off|p1a: Iron Moth\n|-damage|p1a: Iron Moth|52\/100\n|\n|-weather|Snow|[upkeep]\n|-heal|p1a: Iron Moth|58\/100|[from] Grassy Terrain\n|-heal|p2a: Rillaboom|65\/100|[from] Grassy Terrain\n|upkeep\n|turn|10\n|\n|t:|1700510330\n|move|p1a: Iron Moth|Fiery Dance|p2a: Rillaboom\n|-supereffective|p2a: Rillaboom\n|-damage|p2a: Rillaboom|0 fnt\n|faint|p2a: Rillaboom\n|\n|-weather|none\n|-heal|p1a: Iron Moth|64\/100|[from] Grassy Terrain\n|upkeep\n|\n|t:|1700510345\n|switch|p2a: Ogerpon|Ogerpon-Wellspring-Tera, F, tera:Water|89\/100\n|-damage|p2a: Ogerpon|76\/100|[from] Stealth Rock\n|-ability|p2a: Ogerpon|Embody Aspect (Wellspring)|boost\n|-boost|p2a: Ogerpon|spd|1\n|turn|11\n|\n|t:|1700510372\n|move|p1a: Iron Moth|Sludge Wave|p2a: Ogerpon\n|-crit|p2a: Ogerpon\n|-damage|p2a: Ogerpon|0 fnt\n|faint|p2a: Ogerpon\n|\n|-heal|p1a: Iron Moth|70\/100|[from] Grassy Terrain\n|upkeep\n|c|\u2606K hamza|Fuck em crits\n|\n|t:|1700510388\n|switch|p2a: Iron Moth|Iron Moth|100\/100\n|-damage|p2a: Iron Moth|75\/100|[from] Stealth Rock\n|turn|12\n|\n|t:|1700510393\n|move|p1a: Iron Moth|Psychic|p2a: Iron Moth\n|-supereffective|p2a: Iron Moth\n|-damage|p2a: Iron Moth|18\/100\n|move|p2a: Iron Moth|Fiery Dance|p1a: Iron Moth\n|-resisted|p1a: Iron Moth\n|-damage|p1a: Iron Moth|50\/100\n|\n|-heal|p1a: Iron Moth|56\/100|[from] Grassy Terrain\n|-heal|p2a: Iron Moth|24\/100|[from] Grassy Terrain\n|-fieldend|move: Grassy Terrain\n|upkeep\n|turn|13\n|\n|t:|1700510407\n|move|p1a: Iron Moth|Psychic|p2a: Iron Moth\n|-supereffective|p2a: Iron Moth\n|-damage|p2a: Iron Moth|0 fnt\n|faint|p2a: Iron Moth\n|-end|p2a: Iron Moth|Quark Drive|[silent]\n|\n|upkeep\n|\n|t:|1700510416\n|switch|p2a: Great Tusk|Great Tusk|100\/100\n|-damage|p2a: Great Tusk|98\/100|[from] Stealth Rock\n|turn|14\n|\n|t:|1700510423\n|-terastallize|p1a: Iron Moth|Fairy\n|move|p1a: Iron Moth|Dazzling Gleam|p2a: Great Tusk\n|-supereffective|p2a: Great Tusk\n|-damage|p2a: Great Tusk|33\/100\n|move|p2a: Great Tusk|Rapid Spin|p1a: Iron Moth\n|-damage|p1a: Iron Moth|28\/100\n|-boost|p2a: Great Tusk|spe|1\n|-sideend|p2: K hamza|Stealth Rock|[from] move: Rapid Spin|[of] p2a: Great Tusk\n|\n|upkeep\n|turn|15\n|\n|t:|1700510436\n|move|p1a: Iron Moth|Dazzling Gleam|p2a: Great Tusk\n|-supereffective|p2a: Great Tusk\n|-damage|p2a: Great Tusk|0 fnt\n|faint|p2a: Great Tusk\n|-end|p2a: Great Tusk|Protosynthesis|[silent]\n|\n|upkeep\n|\n|t:|1700510448\n|switch|p2a: Ribombee|Ribombee, M|100\/100\n|turn|16\n|\n|t:|1700510452\n|move|p1a: Iron Moth|Sludge Wave|p2a: Ribombee\n|-supereffective|p2a: Ribombee\n|-enditem|p2a: Ribombee|Focus Sash\n|-damage|p2a: Ribombee|1\/100\n|move|p2a: Ribombee|Moonblast|p1a: Iron Moth\n|-damage|p1a: Iron Moth|0 fnt\n|faint|p1a: Iron Moth\n|-end|p1a: Iron Moth|Quark Drive|[silent]\n|\n|upkeep\n|\n|t:|1700510469\n|switch|p1a: Rillaboom|Rillaboom, F|100\/100\n|-fieldstart|move: Grassy Terrain|[from] ability: Grassy Surge|[of] p1a: Rillaboom\n|turn|17\n|\n|t:|1700510475\n|move|p2a: Ribombee|Bug Buzz|p1a: Rillaboom\n|-supereffective|p1a: Rillaboom\n|-damage|p1a: Rillaboom|0 fnt\n|faint|p1a: Rillaboom\n|\n|-heal|p2a: Ribombee|7\/100|[from] Grassy Terrain\n|upkeep\n|\n|t:|1700510484\n|switch|p1a: Garchomp|Garchomp, F|100\/100\n|turn|18\n|\n|t:|1700510488\n|move|p2a: Ribombee|Moonblast|p1a: Garchomp\n|-supereffective|p1a: Garchomp\n|-crit|p1a: Garchomp\n|-damage|p1a: Garchomp|0 fnt\n|faint|p1a: Garchomp\n|\n|-heal|p2a: Ribombee|13\/100|[from] Grassy Terrain\n|upkeep\n|\n|t:|1700510493\n|switch|p1a: Bubblizz|Hatterene, F|100\/100\n|-enditem|p1a: Bubblizz|Grassy Seed\n|-boost|p1a: Bubblizz|def|1|[from] item: Grassy Seed\n|turn|19\n|c|\u2606K hamza|Fuck em crits\n|\n|t:|1700510503\n|move|p2a: Ribombee|Bug Buzz|p1a: Bubblizz\n|-damage|p1a: Bubblizz|61\/100\n|move|p1a: Bubblizz|Substitute|p1a: Bubblizz\n|-start|p1a: Bubblizz|Substitute\n|-damage|p1a: Bubblizz|36\/100\n|\n|-heal|p2a: Ribombee|19\/100|[from] Grassy Terrain\n|-heal|p1a: Bubblizz|42\/100|[from] Grassy Terrain\n|upkeep\n|turn|20\n|\n|t:|1700510513\n|move|p2a: Ribombee|Bug Buzz|p1a: Bubblizz\n|-damage|p1a: Bubblizz|0 fnt\n|faint|p1a: Bubblizz\n|\n|win|K hamza\n|raw|Thomahawks's rating: 1267 &rarr; <strong>1243<\/strong><br \/>(-24 for losing)\n|raw|K hamza's rating: 1277 &rarr; <strong>1301<\/strong><br \/>(+24 for winning)\n","uploadtime":1700510400,"views":5,"p1id":"thomahawks","p2id":"khamza","formatid":"gen9ou","rating":1243,"private":0,"password":""}