{"id":"gen9ou-1991638540","p1":"lord denominator","p2":"HOWL466","format":"[Gen 9] OU","log":"|j|\u203dlord denominator\n|j|\u2606HOWL466\n|t:|1700097120\n|gametype|singles\n|player|p1|lord denominator|iris-gen5bw2|1068\n|player|p2|HOWL466|shadowtriad|1058\n|teamsize|p1|6\n|teamsize|p2|6\n|gen|9\n|tier|[Gen 9] OU\n|rated|\n|rule|Sleep Clause Mod: Limit one foe put to sleep\n|rule|Species Clause: Limit one of each Pok\u00e9mon\n|rule|OHKO Clause: OHKO moves are banned\n|rule|Evasion Items Clause: Evasion items are banned\n|rule|Evasion Moves Clause: Evasion moves are banned\n|rule|Endless Battle Clause: Forcing endless battles is banned\n|rule|HP Percentage Mod: HP is shown in percentages\n|clearpoke\n|poke|p1|Gholdengo|\n|poke|p1|Dragonite, F|\n|poke|p1|Kingambit, F|\n|poke|p1|Sandy Shocks|\n|poke|p1|Iron Valiant|\n|poke|p1|Walking Wake|\n|poke|p2|Slowbro, F|\n|poke|p2|Pikachu, M|\n|poke|p2|Golem, M|\n|poke|p2|Armarouge, M|\n|poke|p2|Moltres-Galar|\n|poke|p2|Mienshao, F|\n|teampreview\n|inactive|Battle timer is ON: inactive players will automatically lose when time's up. (requested by lord denominator)\n|\n|t:|1700097138\n|start\n|switch|p1a: Sandy Shocks|Sandy Shocks|100\/100\n|switch|p2a: Golem|Golem, M|100\/100\n|-enditem|p1a: Sandy Shocks|Booster Energy\n|-activate|p1a: Sandy Shocks|ability: Protosynthesis|[fromitem]\n|-start|p1a: Sandy Shocks|protosynthesisspe\n|turn|1\n|\n|t:|1700097146\n|move|p1a: Sandy Shocks|Stealth Rock|p2a: Golem\n|-sidestart|p2: HOWL466|move: Stealth Rock\n|move|p2a: Golem|Earthquake|p1a: Sandy Shocks\n|-supereffective|p1a: Sandy Shocks\n|-damage|p1a: Sandy Shocks|0 fnt\n|faint|p1a: Sandy Shocks\n|-end|p1a: Sandy Shocks|Protosynthesis|[silent]\n|\n|upkeep\n|\n|t:|1700097151\n|switch|p1a: Gholdengo|Gholdengo|100\/100\n|-item|p1a: Gholdengo|Air Balloon\n|turn|2\n|\n|t:|1700097158\n|move|p1a: Gholdengo|Shadow Ball|p2a: Golem\n|-damage|p2a: Golem|35\/100\n|-unboost|p2a: Golem|spd|1\n|move|p2a: Golem|Smack Down|p1a: Gholdengo\n|-resisted|p1a: Gholdengo\n|-damage|p1a: Gholdengo|87\/100\n|-enditem|p1a: Gholdengo|Air Balloon\n|\n|upkeep\n|turn|3\n|\n|t:|1700097170\n|move|p1a: Gholdengo|Shadow Ball|p2a: Golem\n|-damage|p2a: Golem|0 fnt\n|faint|p2a: Golem\n|\n|upkeep\n|\n|t:|1700097183\n|switch|p2a: Mienshao|Mienshao, F|100\/100\n|-damage|p2a: Mienshao|95\/100|[from] Stealth Rock\n|turn|4\n|\n|t:|1700097192\n|move|p2a: Mienshao|Knock Off|p1a: Gholdengo\n|-supereffective|p1a: Gholdengo\n|-damage|p1a: Gholdengo|37\/100\n|move|p1a: Gholdengo|Dazzling Gleam|p2a: Mienshao\n|-supereffective|p2a: Mienshao\n|-damage|p2a: Mienshao|0 fnt\n|faint|p2a: Mienshao\n|\n|upkeep\n|\n|t:|1700097199\n|switch|p2a: Moltres|Moltres-Galar|100\/100\n|-damage|p2a: Moltres|75\/100|[from] Stealth Rock\n|turn|5\n|\n|t:|1700097206\n|move|p1a: Gholdengo|Dazzling Gleam|p2a: Moltres\n|-supereffective|p2a: Moltres\n|-damage|p2a: Moltres|26\/100\n|-ability|p2a: Moltres|Berserk|boost\n|-boost|p2a: Moltres|spa|1\n|move|p2a: Moltres|Tailwind|p2a: Moltres\n|-sidestart|p2: HOWL466|move: Tailwind\n|\n|upkeep\n|turn|6\n|\n|t:|1700097214\n|move|p2a: Moltres|Fiery Wrath|p1a: Gholdengo\n|-supereffective|p1a: Gholdengo\n|-damage|p1a: Gholdengo|0 fnt\n|faint|p1a: Gholdengo\n|\n|upkeep\n|\n|t:|1700097217\n|switch|p1a: Dragonite|Dragonite, F|100\/100\n|turn|7\n|\n|t:|1700097224\n|move|p1a: Dragonite|Extreme Speed|p2a: Moltres\n|-damage|p2a: Moltres|0 fnt\n|faint|p2a: Moltres\n|\n|upkeep\n|\n|t:|1700097230\n|switch|p2a: Slowbro|Slowbro, F|100\/100\n|-damage|p2a: Slowbro|88\/100|[from] Stealth Rock\n|turn|8\n|\n|t:|1700097234\n|switch|p1a: Walking Wake|Walking Wake|100\/100\n|-enditem|p1a: Walking Wake|Booster Energy\n|-activate|p1a: Walking Wake|ability: Protosynthesis|[fromitem]\n|-start|p1a: Walking Wake|protosynthesisspa\n|move|p2a: Slowbro|Ice Beam|p1a: Walking Wake\n|-damage|p1a: Walking Wake|66\/100\n|\n|-sideend|p2: HOWL466|move: Tailwind\n|upkeep\n|turn|9\n|\n|t:|1700097242\n|move|p1a: Walking Wake|Dragon Pulse|p2a: Slowbro\n|-damage|p2a: Slowbro|45\/100\n|move|p2a: Slowbro|Ice Beam|p1a: Walking Wake\n|-damage|p1a: Walking Wake|31\/100\n|-status|p1a: Walking Wake|frz\n|\n|upkeep\n|turn|10\n|\n|t:|1700097255\n|cant|p1a: Walking Wake|frz\n|move|p2a: Slowbro|Scald|p1a: Walking Wake\n|-resisted|p1a: Walking Wake\n|-damage|p1a: Walking Wake|20\/100 frz\n|-curestatus|p1a: Walking Wake|frz|[msg]\n|\n|upkeep\n|turn|11\n|inactive|lord denominator has 120 seconds left.\n|\n|t:|1700097290\n|move|p1a: Walking Wake|Dragon Pulse|p2a: Slowbro\n|-damage|p2a: Slowbro|6\/100\n|move|p2a: Slowbro|Ice Beam|p1a: Walking Wake\n|-damage|p1a: Walking Wake|0 fnt\n|faint|p1a: Walking Wake\n|-end|p1a: Walking Wake|Protosynthesis|[silent]\n|\n|upkeep\n|\n|t:|1700097293\n|switch|p1a: Dragonite|Dragonite, F|100\/100\n|turn|12\n|\n|t:|1700097300\n|switch|p2a: Armarouge|Armarouge, M|100\/100\n|-damage|p2a: Armarouge|76\/100|[from] Stealth Rock\n|move|p1a: Dragonite|Earthquake|p2a: Armarouge\n|-supereffective|p2a: Armarouge\n|-damage|p2a: Armarouge|1\/100\n|-ability|p2a: Armarouge|Weak Armor|boost\n|-unboost|p2a: Armarouge|def|1\n|-boost|p2a: Armarouge|spe|2\n|\n|upkeep\n|turn|13\n|\n|t:|1700097310\n|move|p2a: Armarouge|Will-O-Wisp|p1a: Dragonite|[miss]\n|-miss|p2a: Armarouge|p1a: Dragonite\n|move|p1a: Dragonite|Dragon Dance|p1a: Dragonite\n|-boost|p1a: Dragonite|atk|1\n|-boost|p1a: Dragonite|spe|1\n|\n|upkeep\n|turn|14\n|\n|t:|1700097312\n|move|p1a: Dragonite|Extreme Speed|p2a: Armarouge\n|-damage|p2a: Armarouge|0 fnt\n|-damage|p1a: Dragonite|84\/100|[from] item: Rocky Helmet|[of] p2a: Armarouge\n|faint|p2a: Armarouge\n|\n|upkeep\n|\n|t:|1700097316\n|switch|p2a: Pikachu|Pikachu, M|100\/100\n|-damage|p2a: Pikachu|88\/100|[from] Stealth Rock\n|turn|15\n|\n|t:|1700097333\n|move|p1a: Dragonite|Earthquake|p2a: Pikachu\n|-supereffective|p2a: Pikachu\n|-crit|p2a: Pikachu\n|-damage|p2a: Pikachu|0 fnt\n|faint|p2a: Pikachu\n|\n|upkeep\n|\n|t:|1700097340\n|switch|p2a: Slowbro|Slowbro, F|40\/100\n|-damage|p2a: Slowbro|27\/100|[from] Stealth Rock\n|turn|16\n|\n|t:|1700097347\n|-terastallize|p1a: Dragonite|Normal\n|move|p1a: Dragonite|Extreme Speed|p2a: Slowbro\n|-damage|p2a: Slowbro|0 fnt\n|faint|p2a: Slowbro\n|\n|win|lord denominator\n|raw|lord denominator's rating: 1068 &rarr; <strong>1097<\/strong><br \/>(+29 for winning)\n|raw|HOWL466's rating: 1058 &rarr; <strong>1040<\/strong><br \/>(-18 for losing)\n|l|\u2606HOWL466\n","uploadtime":1700097353,"views":42,"p1id":"lorddenominator","p2id":"howl466","formatid":"gen9ou","rating":1040,"private":0,"password":""}