{"id":"gen9ou-1988814711","p1":"Test4823","p2":"omaromi","format":"[Gen 9] OU","log":"|j|\u2606Test4823\n|j|\u2606omaromi\n|t:|1699767152\n|gametype|singles\n|player|p1|Test4823|101|1289\n|player|p2|omaromi|1|1340\n|teamsize|p1|6\n|teamsize|p2|6\n|gen|9\n|tier|[Gen 9] OU\n|rated|\n|rule|Sleep Clause Mod: Limit one foe put to sleep\n|rule|Species Clause: Limit one of each Pok\u00e9mon\n|rule|OHKO Clause: OHKO moves are banned\n|rule|Evasion Items Clause: Evasion items are banned\n|rule|Evasion Moves Clause: Evasion moves are banned\n|rule|Endless Battle Clause: Forcing endless battles is banned\n|rule|HP Percentage Mod: HP is shown in percentages\n|clearpoke\n|poke|p1|Enamorus, F|\n|poke|p1|Toxapex, F|\n|poke|p1|Meowscarada, F|\n|poke|p1|Heatran, F|\n|poke|p1|Goodra-Hisui, F|\n|poke|p1|Landorus-Therian, M|\n|poke|p2|Samurott-Hisui, F|\n|poke|p2|Iron Valiant|\n|poke|p2|Gholdengo|\n|poke|p2|Ninetales-Alola, M|\n|poke|p2|Heatran, M|\n|poke|p2|Gliscor, F|\n|teampreview\n|inactive|Battle timer is ON: inactive players will automatically lose when time's up. (requested by Test4823)\n|\n|t:|1699767162\n|start\n|switch|p1a: Toxapex|Toxapex, F|100\/100\n|switch|p2a: Samurott|Samurott-Hisui, F|100\/100\n|turn|1\n|\n|t:|1699767167\n|move|p2a: Samurott|Ceaseless Edge|p1a: Toxapex\n|-damage|p1a: Toxapex|65\/100\n|-sidestart|p1: Test4823|Spikes\n|move|p1a: Toxapex|Sludge Bomb|p2a: Samurott\n|-damage|p2a: Samurott|55\/100\n|\n|upkeep\n|turn|2\n|\n|t:|1699767174\n|move|p2a: Samurott|Ceaseless Edge|p1a: Toxapex\n|-damage|p1a: Toxapex|32\/100\n|-sidestart|p1: Test4823|Spikes\n|move|p1a: Toxapex|Sludge Bomb|p2a: Samurott\n|-damage|p2a: Samurott|12\/100\n|\n|upkeep\n|turn|3\n|\n|t:|1699767182\n|switch|p1a: Enamorus|Enamorus, F|100\/100\n|move|p2a: Samurott|Ceaseless Edge|p1a: Enamorus\n|-resisted|p1a: Enamorus\n|-damage|p1a: Enamorus|66\/100\n|-sidestart|p1: Test4823|Spikes\n|\n|upkeep\n|turn|4\n|\n|t:|1699767189\n|move|p1a: Enamorus|Moonblast|p2a: Samurott\n|-supereffective|p2a: Samurott\n|-damage|p2a: Samurott|0 fnt\n|faint|p2a: Samurott\n|-damage|p1a: Enamorus|57\/100|[from] item: Life Orb\n|\n|upkeep\n|\n|t:|1699767201\n|switch|p2a: Ninetales|Ninetales-Alola, M|100\/100\n|-weather|Snow|[from] ability: Snow Warning|[of] p2a: Ninetales\n|turn|5\n|\n|t:|1699767210\n|switch|p1a: Goodra|Goodra-Hisui, F|100\/100\n|-damage|p1a: Goodra|75\/100|[from] Spikes\n|move|p2a: Ninetales|Aurora Veil|p2a: Ninetales\n|-sidestart|p2: omaromi|move: Aurora Veil\n|\n|-weather|Snow|[upkeep]\n|-heal|p1a: Goodra|82\/100|[from] item: Leftovers\n|upkeep\n|turn|6\n|\n|t:|1699767234\n|switch|p2a: Heatran|Heatran, M|100\/100\n|move|p1a: Goodra|Flash Cannon|p2a: Heatran\n|-resisted|p2a: Heatran\n|-damage|p2a: Heatran|96\/100\n|\n|-weather|Snow|[upkeep]\n|-heal|p2a: Heatran|100\/100|[from] item: Leftovers\n|-heal|p1a: Goodra|88\/100|[from] item: Leftovers\n|upkeep\n|turn|7\n|\n|t:|1699767245\n|move|p2a: Heatran|Stealth Rock|p1a: Goodra\n|-sidestart|p1: Test4823|move: Stealth Rock\n|move|p1a: Goodra|Dragon Tail|p2a: Heatran\n|-resisted|p2a: Heatran\n|-damage|p2a: Heatran|96\/100\n|drag|p2a: Iron Valiant|Iron Valiant|100\/100\n|-enditem|p2a: Iron Valiant|Booster Energy\n|-activate|p2a: Iron Valiant|ability: Quark Drive|[fromitem]\n|-start|p2a: Iron Valiant|quarkdrivespe\n|\n|-weather|Snow|[upkeep]\n|-heal|p1a: Goodra|94\/100|[from] item: Leftovers\n|upkeep\n|turn|8\n|\n|t:|1699767258\n|move|p2a: Iron Valiant|Close Combat|p1a: Goodra\n|-supereffective|p1a: Goodra\n|-crit|p1a: Goodra\n|-damage|p1a: Goodra|0 fnt\n|-unboost|p2a: Iron Valiant|def|1\n|-unboost|p2a: Iron Valiant|spd|1\n|faint|p1a: Goodra\n|\n|-weather|Snow|[upkeep]\n|upkeep\n|\n|t:|1699767265\n|switch|p1a: Landorus|Landorus-Therian, M|100\/100\n|-damage|p1a: Landorus|88\/100|[from] Stealth Rock\n|-ability|p1a: Landorus|Intimidate|boost\n|-unboost|p2a: Iron Valiant|atk|1\n|turn|9\n|\n|t:|1699767271\n|move|p2a: Iron Valiant|Swords Dance|p2a: Iron Valiant\n|-boost|p2a: Iron Valiant|atk|2\n|move|p1a: Landorus|Earthquake|p2a: Iron Valiant\n|-damage|p2a: Iron Valiant|49\/100\n|\n|-weather|none\n|upkeep\n|turn|10\n|\n|t:|1699767284\n|-terastallize|p2a: Iron Valiant|Water\n|move|p2a: Iron Valiant|Liquidation|p1a: Landorus\n|-supereffective|p1a: Landorus\n|-damage|p1a: Landorus|0 fnt\n|faint|p1a: Landorus\n|\n|upkeep\n|\n|t:|1699767302\n|switch|p1a: Meowscarada|Meowscarada, F|100\/100\n|-damage|p1a: Meowscarada|76\/100|[from] Spikes\n|-damage|p1a: Meowscarada|63\/100|[from] Stealth Rock\n|turn|11\n|\n|t:|1699767308\n|move|p1a: Meowscarada|Sucker Punch|p2a: Iron Valiant\n|-start|p1a: Meowscarada|typechange|Dark|[from] ability: Protean\n|-damage|p2a: Iron Valiant|0 fnt\n|faint|p2a: Iron Valiant\n|-end|p2a: Iron Valiant|Quark Drive|[silent]\n|\n|upkeep\n|\n|t:|1699767320\n|switch|p2a: Heatran|Heatran, M|96\/100\n|turn|12\n|\n|t:|1699767329\n|switch|p1a: Heatran|Heatran, F|100\/100\n|-damage|p1a: Heatran|88\/100|[from] Stealth Rock\n|-item|p1a: Heatran|Air Balloon\n|move|p2a: Heatran|Magma Storm|p1a: Heatran\n|-start|p1a: Heatran|ability: Flash Fire\n|\n|-heal|p2a: Heatran|100\/100|[from] item: Leftovers\n|-sideend|p2: omaromi|move: Aurora Veil\n|upkeep\n|turn|13\n|\n|t:|1699767341\n|move|p2a: Heatran|Taunt|p1a: Heatran\n|-start|p1a: Heatran|move: Taunt\n|move|p1a: Heatran|Earth Power|p2a: Heatran\n|-supereffective|p2a: Heatran\n|-damage|p2a: Heatran|0 fnt\n|faint|p2a: Heatran\n|\n|upkeep\n|\n|t:|1699767357\n|switch|p2a: Gliscor|Gliscor, F|100\/100\n|turn|14\n|\n|t:|1699767361\n|move|p2a: Gliscor|Ice Fang|p1a: Heatran\n|-resisted|p1a: Heatran\n|-damage|p1a: Heatran|85\/100\n|-enditem|p1a: Heatran|Air Balloon\n|move|p1a: Heatran|Magma Storm|p2a: Gliscor\n|-damage|p2a: Gliscor|1\/100\n|-activate|p2a: Gliscor|move: Magma Storm|[of] p1a: Heatran\n|\n|-damage|p2a: Gliscor|0 fnt|[from] move: Magma Storm|[partiallytrapped]\n|faint|p2a: Gliscor\n|upkeep\n|\n|t:|1699767374\n|switch|p2a: Ninetales|Ninetales-Alola, M|100\/100\n|-weather|Snow|[from] ability: Snow Warning|[of] p2a: Ninetales\n|turn|15\n|\n|t:|1699767378\n|move|p2a: Ninetales|Aurora Veil|p2a: Ninetales\n|-sidestart|p2: omaromi|move: Aurora Veil\n|move|p1a: Heatran|Iron Head|p2a: Ninetales\n|-supereffective|p2a: Ninetales\n|-damage|p2a: Ninetales|59\/100\n|\n|-weather|Snow|[upkeep]\n|-end|p1a: Heatran|move: Taunt\n|upkeep\n|turn|16\n|\n|t:|1699767385\n|move|p1a: Heatran|Iron Head|p2a: Ninetales\n|-supereffective|p2a: Ninetales\n|-damage|p2a: Ninetales|14\/100\n|cant|p2a: Ninetales|flinch\n|\n|-weather|Snow|[upkeep]\n|upkeep\n|turn|17\n|\n|t:|1699767392\n|move|p1a: Heatran|Iron Head|p2a: Ninetales\n|-supereffective|p2a: Ninetales\n|-damage|p2a: Ninetales|0 fnt\n|faint|p2a: Ninetales\n|\n|-weather|Snow|[upkeep]\n|upkeep\n|\n|t:|1699767397\n|switch|p2a: Gholdengo|Gholdengo|100\/100\n|turn|18\n|\n|t:|1699767402\n|move|p2a: Gholdengo|Shadow Ball|p1a: Heatran\n|-damage|p1a: Heatran|49\/100\n|move|p1a: Heatran|Magma Storm|p2a: Gholdengo\n|-supereffective|p2a: Gholdengo\n|-damage|p2a: Gholdengo|4\/100\n|-activate|p2a: Gholdengo|move: Magma Storm|[of] p1a: Heatran\n|\n|-weather|Snow|[upkeep]\n|-damage|p2a: Gholdengo|0 fnt|[from] move: Magma Storm|[partiallytrapped]\n|faint|p2a: Gholdengo\n|\n|win|Test4823\n|upkeep\n|raw|Test4823's rating: 1289 &rarr; <strong>1318<\/strong><br \/>(+29 for winning)\n|raw|omaromi's rating: 1340 &rarr; <strong>1317<\/strong><br \/>(-23 for losing)\n|c|\u2606Test4823|gg\n|l|\u2606omaromi\n","uploadtime":1699767445,"views":10,"p1id":"test4823","p2id":"omaromi","formatid":"gen9ou","rating":1317,"private":0,"password":""}