{"id":"gen9ou-1993829780","p1":"Sinnerofgod","p2":"tlea","format":"[Gen 9] OU","log":"|j|\u2606Sinnerofgod\n|j|\u2606tlea\n|t:|1700362495\n|gametype|singles\n|player|p1|Sinnerofgod|richboy-gen4|1039\n|player|p2|tlea|265|1000\n|teamsize|p1|6\n|teamsize|p2|6\n|gen|9\n|tier|[Gen 9] OU\n|rated|\n|rule|Sleep Clause Mod: Limit one foe put to sleep\n|rule|Species Clause: Limit one of each Pok\u00e9mon\n|rule|OHKO Clause: OHKO moves are banned\n|rule|Evasion Items Clause: Evasion items are banned\n|rule|Evasion Moves Clause: Evasion moves are banned\n|rule|Endless Battle Clause: Forcing endless battles is banned\n|rule|HP Percentage Mod: HP is shown in percentages\n|clearpoke\n|poke|p1|Clodsire, M|\n|poke|p1|Hoopa-Unbound|\n|poke|p1|Quaquaval, M|\n|poke|p1|Moltres|\n|poke|p1|Meowscarada, M|\n|poke|p1|Goodra-Hisui, M|\n|poke|p2|Beartic, M|\n|poke|p2|Dragapult, M|\n|poke|p2|Abomasnow, M|\n|poke|p2|Mimikyu, F|\n|poke|p2|Tinkaton, F|\n|poke|p2|Barraskewda, F|\n|teampreview\n|\n|t:|1700362508\n|start\n|switch|p1a: Quaquaval|Quaquaval, M, shiny|100\/100\n|switch|p2a: Dragapult|Dragapult, M|100\/100\n|turn|1\n|\n|t:|1700362514\n|move|p2a: Dragapult|Reflect|p2a: Dragapult\n|-sidestart|p2: tlea|Reflect\n|move|p1a: Quaquaval|Aqua Step|p2a: Dragapult\n|-resisted|p2a: Dragapult\n|-damage|p2a: Dragapult|87\/100\n|-boost|p1a: Quaquaval|spe|1\n|\n|upkeep\n|turn|2\n|\n|t:|1700362520\n|move|p1a: Quaquaval|Ice Spinner|p2a: Dragapult\n|-supereffective|p2a: Dragapult\n|-damage|p2a: Dragapult|55\/100\n|move|p2a: Dragapult|Light Screen|p2a: Dragapult\n|-sidestart|p2: tlea|move: Light Screen\n|\n|upkeep\n|turn|3\n|\n|t:|1700362525\n|switch|p2a: Abomasnow|Abomasnow, M|100\/100\n|-weather|Snow|[from] ability: Snow Warning|[of] p2a: Abomasnow\n|move|p1a: Quaquaval|Ice Spinner|p2a: Abomasnow\n|-damage|p2a: Abomasnow|89\/100\n|\n|-weather|Snow|[upkeep]\n|upkeep\n|turn|4\n|\n|t:|1700362534\n|move|p1a: Quaquaval|Close Combat|p2a: Abomasnow\n|-supereffective|p2a: Abomasnow\n|-damage|p2a: Abomasnow|38\/100\n|-unboost|p1a: Quaquaval|def|1\n|-unboost|p1a: Quaquaval|spd|1\n|move|p2a: Abomasnow|Aurora Veil|p2a: Abomasnow\n|-sidestart|p2: tlea|move: Aurora Veil\n|\n|-weather|Snow|[upkeep]\n|upkeep\n|turn|5\n|\n|t:|1700362541\n|move|p1a: Quaquaval|Close Combat|p2a: Abomasnow\n|-supereffective|p2a: Abomasnow\n|-damage|p2a: Abomasnow|0 fnt\n|-unboost|p1a: Quaquaval|def|1\n|-unboost|p1a: Quaquaval|spd|1\n|faint|p2a: Abomasnow\n|-ability|p1a: Quaquaval|Moxie|boost\n|-boost|p1a: Quaquaval|atk|1\n|\n|-weather|Snow|[upkeep]\n|upkeep\n|\n|t:|1700362549\n|switch|p2a: Beartic|Beartic, M|100\/100\n|turn|6\n|\n|t:|1700362564\n|move|p1a: Quaquaval|Close Combat|p2a: Beartic\n|-supereffective|p2a: Beartic\n|-damage|p2a: Beartic|27\/100\n|-unboost|p1a: Quaquaval|def|1\n|-unboost|p1a: Quaquaval|spd|1\n|move|p2a: Beartic|Swords Dance|p2a: Beartic\n|-boost|p2a: Beartic|atk|2\n|\n|-weather|Snow|[upkeep]\n|upkeep\n|turn|7\n|\n|t:|1700362573\n|-terastallize|p2a: Beartic|Ice\n|move|p1a: Quaquaval|Close Combat|p2a: Beartic\n|-supereffective|p2a: Beartic\n|-damage|p2a: Beartic|0 fnt\n|-unboost|p1a: Quaquaval|def|1\n|-unboost|p1a: Quaquaval|spd|1\n|faint|p2a: Beartic\n|-ability|p1a: Quaquaval|Moxie|boost\n|-boost|p1a: Quaquaval|atk|1\n|\n|-weather|Snow|[upkeep]\n|upkeep\n|c|\u2606tlea|you shouldnt be able to outspeed\n|c|\u2606tlea|that bullshit\n|c|\u2606tlea|how do you have more than 436\n|-message|tlea forfeited.\n|\n|win|Sinnerofgod\n|raw|Sinnerofgod's rating: 1039 &rarr; <strong>1069<\/strong><br \/>(+30 for winning)\n|raw|tlea's rating: 1000 &rarr; <strong>1000<\/strong><br \/>(+0 for losing)\n|l|\u2606tlea\n","uploadtime":1700362631,"views":8,"p1id":"sinnerofgod","p2id":"tlea","formatid":"gen9ou","rating":1000,"private":0,"password":""}