{"id":"gen9ou-1998033689","p1":"Iceman8911","p2":"PLLV51 XWipe","format":"[Gen 9] OU","log":"|j|\u2606Iceman8911\n|j|\u2606PLLV51 XWipe\n|t:|1700881583\n|gametype|singles\n|player|p1|Iceman8911|169|1764\n|player|p2|PLLV51 XWipe|burglar|1853\n|teamsize|p1|6\n|teamsize|p2|6\n|gen|9\n|tier|[Gen 9] OU\n|rated|\n|rule|Sleep Clause Mod: Limit one foe put to sleep\n|rule|Species Clause: Limit one of each Pok\u00e9mon\n|rule|OHKO Clause: OHKO moves are banned\n|rule|Evasion Items Clause: Evasion items are banned\n|rule|Evasion Moves Clause: Evasion moves are banned\n|rule|Endless Battle Clause: Forcing endless battles is banned\n|rule|HP Percentage Mod: HP is shown in percentages\n|clearpoke\n|poke|p1|Alomomola, F|\n|poke|p1|Dondozo, F|\n|poke|p1|Blissey, F|\n|poke|p1|Clefable, M|\n|poke|p1|Corviknight, F|\n|poke|p1|Toxapex, F|\n|poke|p2|Rotom-Wash|\n|poke|p2|Dragonite, F|\n|poke|p2|Garchomp, F|\n|poke|p2|Tyranitar, M|\n|poke|p2|Amoonguss, M|\n|poke|p2|Iron Valiant|\n|teampreview\n|inactive|Battle timer is ON: inactive players will automatically lose when time's up. (requested by Iceman8911)\n|j| Evil T-tar\n|l| Evil T-tar\n|j| xxdimixx\n|inactive|Iceman8911 has 120 seconds left.\n|j| Light Dlc1 Train\n|\n|t:|1700881631\n|start\n|switch|p1a: Clefable|Clefable, M|100\/100\n|switch|p2a: Rotom|Rotom-Wash|100\/100\n|turn|1\n|c|\u2606PLLV51 XWipe|j'en ai marre light\n|j| Cant2NEobii\n|\n|t:|1700881636\n|move|p2a: Rotom|Trick|p1a: Clefable\n|-activate|p2a: Rotom|move: Trick|[of] p1a: Clefable\n|-item|p1a: Clefable|Choice Scarf|[from] move: Trick\n|-item|p2a: Rotom|Leftovers|[from] move: Trick\n|move|p1a: Clefable|Knock Off|p2a: Rotom\n|-damage|p2a: Rotom|82\/100\n|-enditem|p2a: Rotom|Leftovers|[from] move: Knock Off|[of] p1a: Clefable\n|\n|upkeep\n|turn|2\n|c| Light Dlc1 Train|je vois \u00e7a\n|\n|t:|1700881642\n|move|p2a: Rotom|Volt Switch|p1a: Clefable\n|-damage|p1a: Clefable|81\/100\n|\n|t:|1700881645\n|switch|p2a: Iron Valiant|Iron Valiant|100\/100|[from] Volt Switch\n|-enditem|p2a: Iron Valiant|Booster Energy\n|-activate|p2a: Iron Valiant|ability: Quark Drive|[fromitem]\n|-start|p2a: Iron Valiant|quarkdrivespe\n|move|p1a: Clefable|Knock Off|p2a: Iron Valiant\n|-resisted|p2a: Iron Valiant\n|-damage|p2a: Iron Valiant|97\/100\n|\n|upkeep\n|turn|3\n|\n|t:|1700881651\n|-end|p2a: Iron Valiant|Quark Drive|[silent]\n|switch|p2a: Garchomp|Garchomp, F|100\/100\n|switch|p1a: Toxapex|Toxapex, F, shiny|100\/100\n|\n|upkeep\n|turn|4\n|\n|t:|1700881655\n|switch|p1a: Corviknight|Corviknight, F, shiny|100\/100\n|-ability|p1a: Corviknight|Pressure\n|move|p2a: Garchomp|Stealth Rock|p1a: Corviknight\n|-sidestart|p1: Iceman8911|move: Stealth Rock\n|\n|upkeep\n|turn|5\n|\n|t:|1700881659\n|switch|p2a: Rotom|Rotom-Wash|82\/100\n|move|p1a: Corviknight|Defog|p2a: Rotom\n|-unboost|p2a: Rotom|evasion|1\n|-sideend|p1: Iceman8911|Stealth Rock|[from] move: Defog|[of] p1a: Corviknight\n|\n|upkeep\n|turn|6\n|\n|t:|1700881664\n|switch|p1a: Clefable|Clefable, M|81\/100\n|move|p2a: Rotom|Volt Switch|p1a: Clefable\n|-damage|p1a: Clefable|61\/100\n|\n|t:|1700881674\n|switch|p2a: Tyranitar|Tyranitar, M|100\/100|[from] Volt Switch\n|-weather|Sandstorm|[from] ability: Sand Stream|[of] p2a: Tyranitar\n|\n|-weather|Sandstorm|[upkeep]\n|upkeep\n|turn|7\n|\n|t:|1700881680\n|switch|p1a: Alomomola|Alomomola, F, shiny|100\/100\n|move|p2a: Tyranitar|Iron Head|p1a: Alomomola\n|-resisted|p1a: Alomomola\n|-damage|p1a: Alomomola|93\/100\n|\n|-weather|Sandstorm|[upkeep]\n|-damage|p1a: Alomomola|87\/100|[from] Sandstorm\n|upkeep\n|turn|8\n|c| xxdimixx|that clefable seems like immortal lol\n|\n|t:|1700881686\n|move|p2a: Tyranitar|Knock Off|p1a: Alomomola\n|-damage|p1a: Alomomola|59\/100\n|-enditem|p1a: Alomomola|Heavy-Duty Boots|[from] move: Knock Off|[of] p2a: Tyranitar\n|move|p1a: Alomomola|Wish|p1a: Alomomola\n|\n|-weather|Sandstorm|[upkeep]\n|-damage|p1a: Alomomola|53\/100|[from] Sandstorm\n|upkeep\n|turn|9\n|\n|t:|1700881692\n|switch|p2a: Garchomp|Garchomp, F|100\/100\n|move|p1a: Alomomola|Scald|p2a: Garchomp\n|-damage|p2a: Garchomp|88\/100\n|\n|-weather|Sandstorm|[upkeep]\n|-damage|p1a: Alomomola|46\/100|[from] Sandstorm\n|-heal|p1a: Alomomola|96\/100|[from] move: Wish|[wisher] Alomomola\n|upkeep\n|turn|10\n|\n|t:|1700881697\n|move|p2a: Garchomp|Stealth Rock|p1a: Alomomola\n|-sidestart|p1: Iceman8911|move: Stealth Rock\n|move|p1a: Alomomola|Flip Turn|p2a: Garchomp\n|-damage|p2a: Garchomp|77\/100\n|-damage|p1a: Alomomola|84\/100|[from] ability: Rough Skin|[of] p2a: Garchomp\n|-damage|p1a: Alomomola|67\/100|[from] item: Rocky Helmet|[of] p2a: Garchomp\n|\n|t:|1700881700\n|switch|p1a: Corviknight|Corviknight, F, shiny|100\/100|[from] Flip Turn\n|-damage|p1a: Corviknight|88\/100|[from] Stealth Rock\n|-ability|p1a: Corviknight|Pressure\n|\n|-weather|none\n|-heal|p1a: Corviknight|94\/100|[from] item: Leftovers\n|upkeep\n|turn|11\n|\n|t:|1700881704\n|switch|p2a: Rotom|Rotom-Wash|82\/100\n|move|p1a: Corviknight|Defog|p2a: Rotom\n|-unboost|p2a: Rotom|evasion|1\n|-sideend|p1: Iceman8911|Stealth Rock|[from] move: Defog|[of] p1a: Corviknight\n|\n|-heal|p1a: Corviknight|100\/100|[from] item: Leftovers\n|upkeep\n|turn|12\n|\n|t:|1700881707\n|switch|p1a: Blissey|Blissey, F, shiny|100\/100\n|move|p2a: Rotom|Volt Switch|p1a: Blissey\n|-damage|p1a: Blissey|91\/100\n|\n|t:|1700881719\n|switch|p2a: Tyranitar|Tyranitar, M|100\/100|[from] Volt Switch\n|-weather|Sandstorm|[from] ability: Sand Stream|[of] p2a: Tyranitar\n|\n|-weather|Sandstorm|[upkeep]\n|-damage|p1a: Blissey|85\/100|[from] Sandstorm\n|upkeep\n|turn|13\n|\n|t:|1700881722\n|switch|p1a: Alomomola|Alomomola, F, shiny|100\/100\n|move|p2a: Tyranitar|Stone Edge|p1a: Alomomola\n|-damage|p1a: Alomomola|70\/100\n|\n|-weather|Sandstorm|[upkeep]\n|-damage|p1a: Alomomola|63\/100|[from] Sandstorm\n|upkeep\n|turn|14\n|\n|t:|1700881727\n|switch|p2a: Rotom|Rotom-Wash|82\/100\n|move|p1a: Alomomola|Wish|p1a: Alomomola\n|\n|-weather|Sandstorm|[upkeep]\n|-damage|p2a: Rotom|76\/100|[from] Sandstorm\n|-damage|p1a: Alomomola|57\/100|[from] Sandstorm\n|upkeep\n|turn|15\n|\n|t:|1700881732\n|switch|p1a: Clefable|Clefable, M|61\/100\n|move|p2a: Rotom|Volt Switch|p1a: Clefable\n|-damage|p1a: Clefable|42\/100\n|c| xxdimixx|sneaky tactic scalding and knock off and being lets say a tankest of the tanks\n|\n|t:|1700881751\n|switch|p2a: Tyranitar|Tyranitar, M|100\/100|[from] Volt Switch\n|\n|-weather|Sandstorm|[upkeep]\n|-heal|p1a: Clefable|100\/100|[from] move: Wish|[wisher] Alomomola\n|upkeep\n|turn|16\n|c| xxdimixx|iceman will win obviously\n|\n|t:|1700881771\n|move|p1a: Clefable|Knock Off|p2a: Tyranitar\n|-resisted|p2a: Tyranitar\n|-damage|p2a: Tyranitar|94\/100\n|-enditem|p2a: Tyranitar|Assault Vest|[from] move: Knock Off|[of] p1a: Clefable\n|move|p2a: Tyranitar|Stone Edge|p1a: Clefable\n|-damage|p1a: Clefable|46\/100\n|\n|-weather|none\n|upkeep\n|turn|17\n|\n|t:|1700881778\n|switch|p1a: Alomomola|Alomomola, F, shiny|90\/100\n|move|p2a: Tyranitar|Stone Edge|p1a: Alomomola\n|-damage|p1a: Alomomola|61\/100\n|\n|upkeep\n|turn|18\n|\n|t:|1700881784\n|move|p2a: Tyranitar|Stone Edge|p1a: Alomomola\n|-damage|p1a: Alomomola|32\/100\n|move|p1a: Alomomola|Wish|p1a: Alomomola\n|\n|upkeep\n|turn|19\n|\n|t:|1700881789\n|move|p1a: Alomomola|Protect|p1a: Alomomola\n|-singleturn|p1a: Alomomola|Protect\n|move|p2a: Tyranitar|Stone Edge|p1a: Alomomola\n|-activate|p1a: Alomomola|move: Protect\n|\n|-heal|p1a: Alomomola|82\/100|[from] move: Wish|[wisher] Alomomola\n|upkeep\n|turn|20\n|\n|t:|1700881793\n|switch|p2a: Amoonguss|Amoonguss, M|100\/100\n|move|p1a: Alomomola|Scald|p2a: Amoonguss\n|-resisted|p2a: Amoonguss\n|-damage|p2a: Amoonguss|94\/100\n|\n|upkeep\n|turn|21\n|\n|t:|1700881798\n|switch|p1a: Blissey|Blissey, F, shiny|85\/100\n|move|p2a: Amoonguss|Spore|p1a: Blissey\n|-status|p1a: Blissey|slp|[from] move: Spore\n|\n|upkeep\n|turn|22\n|c| xxdimixx|no d dance on tar what is this\n|\n|t:|1700881806\n|switch|p2a: Garchomp|Garchomp, F|77\/100\n|cant|p1a: Blissey|slp\n|\n|upkeep\n|turn|23\n|\n|t:|1700881809\n|-curestatus|p1a: Blissey|slp|[from] ability: Natural Cure\n|switch|p1a: Corviknight|Corviknight, F, shiny|100\/100\n|-ability|p1a: Corviknight|Pressure\n|move|p2a: Garchomp|Stealth Rock|p1a: Corviknight\n|-sidestart|p1: Iceman8911|move: Stealth Rock\n|\n|upkeep\n|turn|24\n|\n|t:|1700881813\n|switch|p2a: Rotom|Rotom-Wash|76\/100\n|move|p1a: Corviknight|Defog|p2a: Rotom\n|-unboost|p2a: Rotom|evasion|1\n|-sideend|p1: Iceman8911|Stealth Rock|[from] move: Defog|[of] p1a: Corviknight\n|\n|upkeep\n|turn|25\n|\n|t:|1700881822\n|switch|p1a: Blissey|Blissey, F, shiny|85\/100\n|move|p2a: Rotom|Volt Switch|p1a: Blissey\n|-damage|p1a: Blissey|77\/100\n|\n|t:|1700881826\n|switch|p2a: Garchomp|Garchomp, F|77\/100|[from] Volt Switch\n|\n|upkeep\n|turn|26\n|\n|t:|1700881828\n|switch|p1a: Corviknight|Corviknight, F, shiny|100\/100\n|-ability|p1a: Corviknight|Pressure\n|move|p2a: Garchomp|Stealth Rock|p1a: Corviknight\n|-sidestart|p1: Iceman8911|move: Stealth Rock\n|\n|upkeep\n|turn|27\n|\n|t:|1700881832\n|switch|p2a: Rotom|Rotom-Wash|76\/100\n|move|p1a: Corviknight|Defog|p2a: Rotom\n|-unboost|p2a: Rotom|evasion|1\n|-sideend|p1: Iceman8911|Stealth Rock|[from] move: Defog|[of] p1a: Corviknight\n|\n|upkeep\n|turn|28\n|\n|t:|1700881835\n|switch|p1a: Blissey|Blissey, F, shiny|77\/100\n|move|p2a: Rotom|Volt Switch|p1a: Blissey\n|-damage|p1a: Blissey|68\/100\n|\n|t:|1700881839\n|switch|p2a: Garchomp|Garchomp, F|77\/100|[from] Volt Switch\n|\n|upkeep\n|turn|29\n|\n|t:|1700881842\n|switch|p1a: Corviknight|Corviknight, F, shiny|100\/100\n|-ability|p1a: Corviknight|Pressure\n|move|p2a: Garchomp|Stealth Rock|p1a: Corviknight\n|-sidestart|p1: Iceman8911|move: Stealth Rock\n|\n|upkeep\n|turn|30\n|\n|t:|1700881846\n|switch|p2a: Rotom|Rotom-Wash|76\/100\n|move|p1a: Corviknight|Defog|p2a: Rotom\n|-unboost|p2a: Rotom|evasion|1\n|-sideend|p1: Iceman8911|Stealth Rock|[from] move: Defog|[of] p1a: Corviknight\n|\n|upkeep\n|turn|31\n|\n|t:|1700881849\n|switch|p1a: Blissey|Blissey, F, shiny|68\/100\n|move|p2a: Rotom|Volt Switch|p1a: Blissey\n|-damage|p1a: Blissey|59\/100\n|j| VicBossMG\n|\n|t:|1700881852\n|switch|p2a: Dragonite|Dragonite, F|100\/100|[from] Volt Switch\n|\n|upkeep\n|turn|32\n|\n|t:|1700881855\n|switch|p1a: Alomomola|Alomomola, F, shiny|100\/100\n|move|p2a: Dragonite|Outrage|p1a: Alomomola\n|-damage|p1a: Alomomola|45\/100\n|\n|upkeep\n|turn|33\n|\n|t:|1700881865\n|switch|p1a: Clefable|Clefable, M|46\/100\n|move|p2a: Dragonite|Outrage|p1a: Clefable|[from]lockedmove\n|-immune|p1a: Clefable\n|-start|p2a: Dragonite|confusion|[fatigue]\n|\n|upkeep\n|turn|34\n|\n|t:|1700881873\n|switch|p2a: Amoonguss|Amoonguss, M|100\/100\n|move|p1a: Clefable|Knock Off|p2a: Amoonguss\n|-damage|p2a: Amoonguss|89\/100\n|-enditem|p2a: Amoonguss|Rocky Helmet|[from] move: Knock Off|[of] p1a: Clefable\n|\n|upkeep\n|turn|35\n|\n|t:|1700881880\n|switch|p1a: Blissey|Blissey, F, shiny|59\/100\n|switch|p2a: Garchomp|Garchomp, F|77\/100\n|\n|upkeep\n|turn|36\n|\n|t:|1700881884\n|switch|p1a: Corviknight|Corviknight, F, shiny|100\/100\n|-ability|p1a: Corviknight|Pressure\n|move|p2a: Garchomp|Stealth Rock|p1a: Corviknight\n|-sidestart|p1: Iceman8911|move: Stealth Rock\n|\n|upkeep\n|turn|37\n|\n|t:|1700881888\n|switch|p2a: Rotom|Rotom-Wash|76\/100\n|move|p1a: Corviknight|Defog|p2a: Rotom\n|-unboost|p2a: Rotom|evasion|1\n|-sideend|p1: Iceman8911|Stealth Rock|[from] move: Defog|[of] p1a: Corviknight\n|\n|upkeep\n|turn|38\n|\n|t:|1700881891\n|switch|p1a: Blissey|Blissey, F, shiny|59\/100\n|move|p2a: Rotom|Volt Switch|p1a: Blissey\n|-damage|p1a: Blissey|50\/100\n|l| Cant2NEobii\n|\n|t:|1700881901\n|switch|p2a: Dragonite|Dragonite, F|100\/100|[from] Volt Switch\n|\n|upkeep\n|turn|39\n|\n|t:|1700881905\n|switch|p1a: Alomomola|Alomomola, F, shiny|79\/100\n|move|p2a: Dragonite|Fire Punch|p1a: Alomomola\n|-resisted|p1a: Alomomola\n|-damage|p1a: Alomomola|67\/100\n|\n|upkeep\n|turn|40\n|\n|t:|1700881931\n|switch|p2a: Garchomp|Garchomp, F|77\/100\n|move|p1a: Alomomola|Wish|p1a: Alomomola\n|\n|upkeep\n|turn|41\n|\n|t:|1700881938\n|move|p2a: Garchomp|Draco Meteor|p1a: Alomomola\n|-damage|p1a: Alomomola|14\/100\n|-unboost|p2a: Garchomp|spa|2\n|move|p1a: Alomomola|Scald|p2a: Garchomp\n|-damage|p2a: Garchomp|64\/100\n|\n|-heal|p1a: Alomomola|64\/100|[from] move: Wish|[wisher] Alomomola\n|upkeep\n|turn|42\n|\n|t:|1700881946\n|switch|p2a: Rotom|Rotom-Wash|76\/100\n|switch|p1a: Corviknight|Corviknight, F, shiny|100\/100\n|-ability|p1a: Corviknight|Pressure\n|\n|upkeep\n|turn|43\n|\n|t:|1700881951\n|switch|p1a: Toxapex|Toxapex, F, shiny|100\/100\n|move|p2a: Rotom|Volt Switch|p1a: Toxapex\n|-supereffective|p1a: Toxapex\n|-damage|p1a: Toxapex|54\/100\n|\n|t:|1700881956\n|switch|p2a: Dragonite|Dragonite, F|100\/100|[from] Volt Switch\n|\n|upkeep\n|turn|44\n|\n|t:|1700881960\n|switch|p1a: Corviknight|Corviknight, F, shiny|100\/100\n|-ability|p1a: Corviknight|Pressure\n|move|p2a: Dragonite|Earthquake|p1a: Corviknight\n|-immune|p1a: Corviknight\n|\n|upkeep\n|turn|45\n|\n|t:|1700881966\n|switch|p2a: Garchomp|Garchomp, F|64\/100\n|switch|p1a: Blissey|Blissey, F, shiny|50\/100\n|\n|upkeep\n|turn|46\n|\n|t:|1700881970\n|switch|p1a: Corviknight|Corviknight, F, shiny|100\/100\n|-ability|p1a: Corviknight|Pressure\n|move|p2a: Garchomp|Stealth Rock|p1a: Corviknight\n|-sidestart|p1: Iceman8911|move: Stealth Rock\n|\n|upkeep\n|turn|47\n|\n|t:|1700881975\n|switch|p2a: Rotom|Rotom-Wash|76\/100\n|move|p1a: Corviknight|Defog|p2a: Rotom\n|-unboost|p2a: Rotom|evasion|1\n|-sideend|p1: Iceman8911|Stealth Rock|[from] move: Defog|[of] p1a: Corviknight\n|\n|upkeep\n|turn|48\n|\n|t:|1700881983\n|switch|p1a: Blissey|Blissey, F, shiny|50\/100\n|move|p2a: Rotom|Volt Switch|p1a: Blissey\n|-damage|p1a: Blissey|42\/100\n|j| PreludeofChampions\n|\n|t:|1700882001\n|switch|p2a: Garchomp|Garchomp, F|64\/100|[from] Volt Switch\n|\n|upkeep\n|turn|49\n|\n|t:|1700882007\n|switch|p1a: Alomomola|Alomomola, F, shiny|97\/100\n|move|p2a: Garchomp|Stealth Rock|p1a: Alomomola\n|-sidestart|p1: Iceman8911|move: Stealth Rock\n|\n|upkeep\n|turn|50\n|\n|t:|1700882011\n|move|p2a: Garchomp|Earth Power|p1a: Alomomola\n|-damage|p1a: Alomomola|61\/100\n|move|p1a: Alomomola|Wish|p1a: Alomomola\n|\n|upkeep\n|turn|51\n|j| SirSalad 9132\n|\n|t:|1700882030\n|switch|p1a: Blissey|Blissey, F, shiny|42\/100\n|-terastallize|p2a: Garchomp|Dragon\n|move|p2a: Garchomp|Draco Meteor|p1a: Blissey\n|-damage|p1a: Blissey|25\/100\n|-unboost|p2a: Garchomp|spa|2\n|\n|-heal|p1a: Blissey|63\/100|[from] move: Wish|[wisher] Alomomola\n|upkeep\n|turn|52\n|\n|t:|1700882042\n|switch|p1a: Alomomola|Alomomola, F, shiny|94\/100\n|-damage|p1a: Alomomola|82\/100|[from] Stealth Rock\n|move|p2a: Garchomp|Dragon Tail|p1a: Alomomola\n|-damage|p1a: Alomomola|66\/100\n|drag|p1a: Toxapex|Toxapex, F, shiny|88\/100\n|\n|upkeep\n|turn|53\n|\n|t:|1700882052\n|switch|p2a: Rotom|Rotom-Wash|76\/100\n|switch|p1a: Alomomola|Alomomola, F, shiny|99\/100\n|-damage|p1a: Alomomola|87\/100|[from] Stealth Rock\n|\n|upkeep\n|turn|54\n|\n|t:|1700882057\n|switch|p1a: Blissey|Blissey, F, shiny|63\/100\n|move|p2a: Rotom|Volt Switch|p1a: Blissey\n|-crit|p1a: Blissey\n|-damage|p1a: Blissey|50\/100\n|\n|t:|1700882062\n|switch|p2a: Garchomp|Garchomp, F, tera:Dragon|64\/100|[from] Volt Switch\n|\n|upkeep\n|turn|55\n|\n|t:|1700882067\n|switch|p1a: Corviknight|Corviknight, F, shiny|100\/100\n|-damage|p1a: Corviknight|88\/100|[from] Stealth Rock\n|-ability|p1a: Corviknight|Pressure\n|move|p2a: Garchomp|Earth Power|p1a: Corviknight\n|-immune|p1a: Corviknight\n|\n|-heal|p1a: Corviknight|94\/100|[from] item: Leftovers\n|upkeep\n|turn|56\n|c| xxdimixx|crit didnt matter\n|\n|t:|1700882074\n|switch|p2a: Rotom|Rotom-Wash|76\/100\n|move|p1a: Corviknight|Defog|p2a: Rotom\n|-unboost|p2a: Rotom|evasion|1\n|-sideend|p1: Iceman8911|Stealth Rock|[from] move: Defog|[of] p1a: Corviknight\n|\n|-heal|p1a: Corviknight|100\/100|[from] item: Leftovers\n|upkeep\n|turn|57\n|l| SirSalad 9132\n|\n|t:|1700882081\n|switch|p1a: Blissey|Blissey, F, shiny|50\/100\n|move|p2a: Rotom|Volt Switch|p1a: Blissey\n|-damage|p1a: Blissey|41\/100\n|\n|t:|1700882085\n|switch|p2a: Iron Valiant|Iron Valiant|97\/100|[from] Volt Switch\n|\n|upkeep\n|turn|58\n|\n|t:|1700882089\n|switch|p1a: Toxapex|Toxapex, F, shiny|100\/100\n|move|p2a: Iron Valiant|Moonblast|p1a: Toxapex\n|-resisted|p1a: Toxapex\n|-damage|p1a: Toxapex|82\/100\n|\n|upkeep\n|turn|59\n|\n|t:|1700882095\n|-end|p2a: Iron Valiant|Quark Drive|[silent]\n|switch|p2a: Rotom|Rotom-Wash|76\/100\n|move|p1a: Toxapex|Toxic|p2a: Rotom\n|-status|p2a: Rotom|tox\n|\n|-damage|p2a: Rotom|69\/100 tox|[from] psn\n|upkeep\n|turn|60\n|\n|t:|1700882103\n|move|p2a: Rotom|Volt Switch|p1a: Toxapex\n|-supereffective|p1a: Toxapex\n|-damage|p1a: Toxapex|28\/100\n|\n|t:|1700882108\n|switch|p2a: Tyranitar|Tyranitar, M|94\/100|[from] Volt Switch\n|-weather|Sandstorm|[from] ability: Sand Stream|[of] p2a: Tyranitar\n|move|p1a: Toxapex|Recover|p1a: Toxapex\n|-heal|p1a: Toxapex|78\/100\n|\n|-weather|Sandstorm|[upkeep]\n|-damage|p1a: Toxapex|72\/100|[from] Sandstorm\n|upkeep\n|turn|61\n|\n|t:|1700882112\n|switch|p1a: Alomomola|Alomomola, F, shiny|100\/100\n|move|p2a: Tyranitar|Stone Edge|p1a: Alomomola\n|-damage|p1a: Alomomola|74\/100\n|\n|-weather|Sandstorm|[upkeep]\n|-damage|p1a: Alomomola|68\/100|[from] Sandstorm\n|upkeep\n|turn|62\n|\n|t:|1700882117\n|switch|p2a: Garchomp|Garchomp, F, tera:Dragon|64\/100\n|move|p1a: Alomomola|Wish|p1a: Alomomola\n|\n|-weather|Sandstorm|[upkeep]\n|-damage|p2a: Garchomp|57\/100|[from] Sandstorm\n|-damage|p1a: Alomomola|61\/100|[from] Sandstorm\n|upkeep\n|turn|63\n|\n|t:|1700882123\n|switch|p1a: Blissey|Blissey, F, shiny|41\/100\n|move|p2a: Garchomp|Stealth Rock|p1a: Blissey\n|-sidestart|p1: Iceman8911|move: Stealth Rock\n|\n|-weather|Sandstorm|[upkeep]\n|-damage|p2a: Garchomp|51\/100|[from] Sandstorm\n|-damage|p1a: Blissey|35\/100|[from] Sandstorm\n|-heal|p1a: Blissey|73\/100|[from] move: Wish|[wisher] Alomomola\n|upkeep\n|turn|64\n|\n|t:|1700882131\n|move|p1a: Blissey|Seismic Toss|p2a: Garchomp\n|-damage|p2a: Garchomp|27\/100\n|-damage|p1a: Blissey|61\/100|[from] ability: Rough Skin|[of] p2a: Garchomp\n|-damage|p1a: Blissey|44\/100|[from] item: Rocky Helmet|[of] p2a: Garchomp\n|move|p2a: Garchomp|Dragon Tail|p1a: Blissey\n|-damage|p1a: Blissey|0 fnt\n|faint|p1a: Blissey\n|\n|-weather|none\n|upkeep\n|c|\u2606Iceman8911|misclick\n|c|\u2606Iceman8911|bro\n|\n|t:|1700882144\n|switch|p1a: Alomomola|Alomomola, F, shiny|95\/100\n|-damage|p1a: Alomomola|82\/100|[from] Stealth Rock\n|turn|65\n|c| xxdimixx|lets revive it\n|\n|t:|1700882151\n|switch|p1a: Clefable|Clefable, M|46\/100\n|move|p2a: Garchomp|Draco Meteor|p1a: Clefable\n|-immune|p1a: Clefable\n|\n|upkeep\n|turn|66\n|\n|t:|1700882156\n|switch|p2a: Amoonguss|Amoonguss, M|100\/100\n|move|p1a: Clefable|Moonlight|p1a: Clefable\n|-heal|p1a: Clefable|96\/100\n|\n|upkeep\n|turn|67\n|\n|t:|1700882173\n|move|p1a: Clefable|Moonlight|p1a: Clefable\n|-heal|p1a: Clefable|100\/100\n|move|p2a: Amoonguss|Spore|p1a: Clefable\n|-status|p1a: Clefable|slp|[from] move: Spore\n|\n|upkeep\n|turn|68\n|\n|t:|1700882177\n|switch|p1a: Toxapex|Toxapex, F, shiny|100\/100\n|switch|p2a: Rotom|Rotom-Wash|69\/100 tox\n|\n|-damage|p2a: Rotom|63\/100 tox|[from] psn\n|upkeep\n|turn|69\n|\n|t:|1700882186\n|move|p2a: Rotom|Volt Switch|p1a: Toxapex\n|-supereffective|p1a: Toxapex\n|-damage|p1a: Toxapex|54\/100\n|\n|t:|1700882193\n|switch|p2a: Amoonguss|Amoonguss, M|100\/100|[from] Volt Switch\n|move|p1a: Toxapex|Surf|p2a: Amoonguss\n|-resisted|p2a: Amoonguss\n|-damage|p2a: Amoonguss|91\/100\n|\n|upkeep\n|turn|70\n|\n|t:|1700882198\n|switch|p2a: Rotom|Rotom-Wash|63\/100 tox\n|switch|p1a: Corviknight|Corviknight, F, shiny|100\/100\n|-damage|p1a: Corviknight|88\/100|[from] Stealth Rock\n|-ability|p1a: Corviknight|Pressure\n|\n|-heal|p1a: Corviknight|94\/100|[from] item: Leftovers\n|-damage|p2a: Rotom|57\/100 tox|[from] psn\n|upkeep\n|turn|71\n|\n|t:|1700882203\n|switch|p1a: Clefable|Clefable, M|100\/100 slp\n|move|p2a: Rotom|Volt Switch|p1a: Clefable\n|-damage|p1a: Clefable|79\/100 slp\n|\n|t:|1700882210\n|switch|p2a: Tyranitar|Tyranitar, M|94\/100|[from] Volt Switch\n|-weather|Sandstorm|[from] ability: Sand Stream|[of] p2a: Tyranitar\n|\n|-weather|Sandstorm|[upkeep]\n|upkeep\n|turn|72\n|\n|t:|1700882214\n|switch|p1a: Alomomola|Alomomola, F, shiny|100\/100\n|-damage|p1a: Alomomola|88\/100|[from] Stealth Rock\n|move|p2a: Tyranitar|Stone Edge|p1a: Alomomola\n|-damage|p1a: Alomomola|57\/100\n|\n|-weather|Sandstorm|[upkeep]\n|-damage|p1a: Alomomola|51\/100|[from] Sandstorm\n|upkeep\n|turn|73\n|\n|t:|1700882220\n|move|p2a: Tyranitar|Stone Edge|p1a: Alomomola|[miss]\n|-miss|p2a: Tyranitar|p1a: Alomomola\n|move|p1a: Alomomola|Wish|p1a: Alomomola\n|\n|-weather|Sandstorm|[upkeep]\n|-damage|p1a: Alomomola|45\/100|[from] Sandstorm\n|upkeep\n|turn|74\n|\n|t:|1700882225\n|move|p2a: Tyranitar|Iron Head|p1a: Alomomola\n|-resisted|p1a: Alomomola\n|-damage|p1a: Alomomola|37\/100\n|cant|p1a: Alomomola|flinch\n|\n|-weather|Sandstorm|[upkeep]\n|-damage|p1a: Alomomola|31\/100|[from] Sandstorm\n|-heal|p1a: Alomomola|81\/100|[from] move: Wish|[wisher] Alomomola\n|upkeep\n|turn|75\n|\n|t:|1700882233\n|switch|p2a: Amoonguss|Amoonguss, M|100\/100\n|move|p1a: Alomomola|Scald|p2a: Amoonguss\n|-resisted|p2a: Amoonguss\n|-damage|p2a: Amoonguss|94\/100\n|\n|-weather|none\n|upkeep\n|turn|76\n|\n|t:|1700882239\n|switch|p1a: Toxapex|Toxapex, F, shiny|88\/100\n|switch|p2a: Rotom|Rotom-Wash|57\/100 tox\n|\n|-damage|p2a: Rotom|51\/100 tox|[from] psn\n|upkeep\n|turn|77\n|\n|t:|1700882247\n|switch|p1a: Clefable|Clefable, M|79\/100 slp\n|move|p2a: Rotom|Volt Switch|p1a: Clefable\n|-damage|p1a: Clefable|58\/100 slp\n|\n|t:|1700882254\n|switch|p2a: Dragonite|Dragonite, F|100\/100|[from] Volt Switch\n|\n|upkeep\n|turn|78\n|\n|t:|1700882263\n|switch|p1a: Alomomola|Alomomola, F, shiny|100\/100\n|-damage|p1a: Alomomola|88\/100|[from] Stealth Rock\n|move|p2a: Dragonite|Outrage|p1a: Alomomola\n|-damage|p1a: Alomomola|34\/100\n|\n|upkeep\n|turn|79\n|\n|t:|1700882274\n|switch|p1a: Corviknight|Corviknight, F, shiny|94\/100\n|-damage|p1a: Corviknight|82\/100|[from] Stealth Rock\n|-ability|p1a: Corviknight|Pressure\n|move|p2a: Dragonite|Outrage|p1a: Corviknight|[from]lockedmove\n|-resisted|p1a: Corviknight\n|-damage|p1a: Corviknight|51\/100\n|-start|p2a: Dragonite|confusion|[fatigue]\n|\n|-heal|p1a: Corviknight|57\/100|[from] item: Leftovers\n|upkeep\n|turn|80\n|\n|t:|1700882278\n|switch|p2a: Rotom|Rotom-Wash|51\/100 tox\n|move|p1a: Corviknight|Defog|p2a: Rotom\n|-unboost|p2a: Rotom|evasion|1\n|-sideend|p1: Iceman8911|Stealth Rock|[from] move: Defog|[of] p1a: Corviknight\n|\n|-heal|p1a: Corviknight|63\/100|[from] item: Leftovers\n|-damage|p2a: Rotom|44\/100 tox|[from] psn\n|upkeep\n|turn|81\n|\n|t:|1700882284\n|switch|p1a: Toxapex|Toxapex, F, shiny|100\/100\n|move|p2a: Rotom|Volt Switch|p1a: Toxapex\n|-supereffective|p1a: Toxapex\n|-crit|p1a: Toxapex\n|-damage|p1a: Toxapex|21\/100\n|c|\u2606Iceman8911|:(\n|c| xxdimixx|gg\n|inactive|PLLV51 XWipe has 120 seconds left.\n|\n|t:|1700882327\n|switch|p2a: Iron Valiant|Iron Valiant|97\/100|[from] Volt Switch\n|\n|upkeep\n|turn|82\n|\n|t:|1700882333\n|switch|p1a: Clefable|Clefable, M|58\/100 slp\n|move|p2a: Iron Valiant|Shadow Ball|p1a: Clefable\n|-damage|p1a: Clefable|41\/100 slp\n|\n|upkeep\n|turn|83\n|\n|t:|1700882339\n|-end|p2a: Iron Valiant|Quark Drive|[silent]\n|switch|p2a: Rotom|Rotom-Wash|44\/100 tox\n|switch|p1a: Toxapex|Toxapex, F, shiny|55\/100\n|\n|-damage|p2a: Rotom|38\/100 tox|[from] psn\n|upkeep\n|turn|84\n|inactive|Iceman8911 has 120 seconds left.\n|\n|t:|1700882376\n|switch|p1a: Clefable|Clefable, M|41\/100 slp\n|move|p2a: Rotom|Volt Switch|p1a: Clefable\n|-damage|p1a: Clefable|19\/100 slp\n|inactive|PLLV51 XWipe has 120 seconds left.\n|\n|t:|1700882399\n|switch|p2a: Iron Valiant|Iron Valiant|97\/100|[from] Volt Switch\n|\n|upkeep\n|turn|85\n|\n|t:|1700882403\n|-end|p2a: Iron Valiant|Quark Drive|[silent]\n|switch|p2a: Rotom|Rotom-Wash|38\/100 tox\n|switch|p1a: Toxapex|Toxapex, F, shiny|88\/100\n|\n|-damage|p2a: Rotom|32\/100 tox|[from] psn\n|upkeep\n|turn|86\n|\n|t:|1700882408\n|move|p2a: Rotom|Volt Switch|p1a: Toxapex\n|-supereffective|p1a: Toxapex\n|-damage|p1a: Toxapex|42\/100\n|\n|t:|1700882416\n|switch|p2a: Dragonite|Dragonite, F|100\/100|[from] Volt Switch\n|move|p1a: Toxapex|Surf|p2a: Dragonite\n|-resisted|p2a: Dragonite\n|-damage|p2a: Dragonite|96\/100\n|\n|upkeep\n|turn|87\n|\n|t:|1700882422\n|switch|p1a: Alomomola|Alomomola, F, shiny|67\/100\n|move|p2a: Dragonite|Fire Punch|p1a: Alomomola\n|-resisted|p1a: Alomomola\n|-damage|p1a: Alomomola|56\/100\n|\n|upkeep\n|turn|88\n|n| Concept Everything|preludeofchampions\n|\n|t:|1700882433\n|switch|p2a: Amoonguss|Amoonguss, M|100\/100\n|move|p1a: Alomomola|Wish|p1a: Alomomola\n|\n|upkeep\n|turn|89\n|j| Sagiae999\n|\n|t:|1700882440\n|move|p1a: Alomomola|Flip Turn|p2a: Amoonguss\n|-resisted|p2a: Amoonguss\n|-damage|p2a: Amoonguss|94\/100\n|\n|t:|1700882444\n|switch|p1a: Corviknight|Corviknight, F, shiny|63\/100|[from] Flip Turn\n|-ability|p1a: Corviknight|Pressure\n|move|p2a: Amoonguss|Sludge Bomb|p1a: Corviknight\n|-immune|p1a: Corviknight\n|\n|-heal|p1a: Corviknight|100\/100|[from] move: Wish|[wisher] Alomomola\n|upkeep\n|turn|90\n|j| Ctannn\n|inactive|PLLV51 XWipe has 120 seconds left.\n|l| Concept Everything\n|\n|t:|1700882456\n|switch|p1a: Toxapex|Toxapex, F, shiny|75\/100\n|switch|p2a: Garchomp|Garchomp, F, tera:Dragon|27\/100\n|\n|upkeep\n|turn|91\n|\n|t:|1700882462\n|switch|p1a: Corviknight|Corviknight, F, shiny|100\/100\n|-ability|p1a: Corviknight|Pressure\n|move|p2a: Garchomp|Earth Power|p1a: Corviknight\n|-immune|p1a: Corviknight\n|\n|upkeep\n|turn|92\n|\n|t:|1700882468\n|switch|p2a: Dragonite|Dragonite, F|96\/100\n|move|p1a: Corviknight|Body Press|p2a: Dragonite\n|-resisted|p2a: Dragonite\n|-damage|p2a: Dragonite|82\/100\n|\n|upkeep\n|turn|93\n|\n|t:|1700882473\n|switch|p1a: Alomomola|Alomomola, F, shiny|89\/100\n|move|p2a: Dragonite|Earthquake|p1a: Alomomola\n|-damage|p1a: Alomomola|59\/100\n|\n|upkeep\n|turn|94\n|\n|t:|1700882481\n|switch|p2a: Rotom|Rotom-Wash|32\/100 tox\n|move|p1a: Alomomola|Scald|p2a: Rotom\n|-resisted|p2a: Rotom\n|-damage|p2a: Rotom|22\/100 tox\n|\n|-damage|p2a: Rotom|16\/100 tox|[from] psn\n|upkeep\n|turn|95\n|\n|t:|1700882485\n|move|p1a: Alomomola|Protect|p1a: Alomomola\n|-singleturn|p1a: Alomomola|Protect\n|move|p2a: Rotom|Volt Switch|p1a: Alomomola\n|-activate|p1a: Alomomola|move: Protect\n|\n|-damage|p2a: Rotom|3\/100 tox|[from] psn\n|upkeep\n|turn|96\n|\n|t:|1700882489\n|switch|p1a: Toxapex|Toxapex, F, shiny|100\/100\n|move|p2a: Rotom|Volt Switch|p1a: Toxapex\n|-supereffective|p1a: Toxapex\n|-damage|p1a: Toxapex|49\/100\n|\n|t:|1700882494\n|switch|p2a: Dragonite|Dragonite, F|82\/100|[from] Volt Switch\n|\n|upkeep\n|turn|97\n|\n|t:|1700882500\n|switch|p1a: Alomomola|Alomomola, F, shiny|92\/100\n|move|p2a: Dragonite|Outrage|p1a: Alomomola\n|-damage|p1a: Alomomola|34\/100\n|\n|upkeep\n|turn|98\n|\n|t:|1700882503\n|switch|p1a: Corviknight|Corviknight, F, shiny|100\/100\n|-ability|p1a: Corviknight|Pressure\n|move|p2a: Dragonite|Outrage|p1a: Corviknight|[from]lockedmove\n|-resisted|p1a: Corviknight\n|-damage|p1a: Corviknight|65\/100\n|-start|p2a: Dragonite|confusion|[fatigue]\n|\n|-heal|p1a: Corviknight|71\/100|[from] item: Leftovers\n|upkeep\n|turn|99\n|\n|t:|1700882510\n|switch|p2a: Garchomp|Garchomp, F, tera:Dragon|27\/100\n|move|p1a: Corviknight|Body Press|p2a: Garchomp\n|-damage|p2a: Garchomp|10\/100\n|-damage|p1a: Corviknight|59\/100|[from] ability: Rough Skin|[of] p2a: Garchomp\n|-damage|p1a: Corviknight|42\/100|[from] item: Rocky Helmet|[of] p2a: Garchomp\n|\n|-heal|p1a: Corviknight|48\/100|[from] item: Leftovers\n|upkeep\n|turn|100\n|j| SwabbyYabby\n|\n|t:|1700882519\n|move|p2a: Garchomp|Stealth Rock|p1a: Corviknight\n|-sidestart|p1: Iceman8911|move: Stealth Rock\n|move|p1a: Corviknight|Roost|p1a: Corviknight\n|-heal|p1a: Corviknight|99\/100\n|-singleturn|p1a: Corviknight|move: Roost\n|\n|-heal|p1a: Corviknight|100\/100|[from] item: Leftovers\n|upkeep\n|turn|101\n|\n|t:|1700882522\n|move|p1a: Corviknight|Defog|p2a: Garchomp\n|-unboost|p2a: Garchomp|evasion|1\n|-sideend|p1: Iceman8911|Stealth Rock|[from] move: Defog|[of] p1a: Corviknight\n|move|p2a: Garchomp|Dragon Tail|p1a: Corviknight\n|-resisted|p1a: Corviknight\n|-damage|p1a: Corviknight|89\/100\n|drag|p1a: Clefable|Clefable, M|19\/100 slp\n|\n|upkeep\n|turn|102\n|\n|t:|1700882526\n|switch|p1a: Corviknight|Corviknight, F, shiny|89\/100\n|-ability|p1a: Corviknight|Pressure\n|move|p2a: Garchomp|Earth Power|p1a: Corviknight\n|-immune|p1a: Corviknight\n|\n|-heal|p1a: Corviknight|96\/100|[from] item: Leftovers\n|upkeep\n|turn|103\n|l| Sagiae999\n|\n|t:|1700882536\n|switch|p2a: Dragonite|Dragonite, F|82\/100\n|move|p1a: Corviknight|Iron Defense|p1a: Corviknight\n|-boost|p1a: Corviknight|def|2\n|\n|-heal|p1a: Corviknight|100\/100|[from] item: Leftovers\n|upkeep\n|turn|104\n|\n|t:|1700882543\n|switch|p2a: Iron Valiant|Iron Valiant|97\/100\n|switch|p1a: Alomomola|Alomomola, F, shiny|68\/100\n|\n|upkeep\n|turn|105\n|\n|t:|1700882547\n|-end|p2a: Iron Valiant|Quark Drive|[silent]\n|switch|p2a: Rotom|Rotom-Wash|3\/100 tox\n|switch|p1a: Toxapex|Toxapex, F, shiny|82\/100\n|\n|-damage|p2a: Rotom|0 fnt|[from] psn\n|faint|p2a: Rotom\n|upkeep\n|\n|t:|1700882550\n|switch|p2a: Tyranitar|Tyranitar, M|94\/100\n|-weather|Sandstorm|[from] ability: Sand Stream|[of] p2a: Tyranitar\n|turn|106\n|\n|t:|1700882554\n|switch|p1a: Alomomola|Alomomola, F, shiny|100\/100\n|move|p2a: Tyranitar|Knock Off|p1a: Alomomola\n|-damage|p1a: Alomomola|81\/100\n|\n|-weather|Sandstorm|[upkeep]\n|-damage|p1a: Alomomola|75\/100|[from] Sandstorm\n|upkeep\n|turn|107\n|\n|t:|1700882560\n|switch|p2a: Iron Valiant|Iron Valiant|97\/100\n|move|p1a: Alomomola|Wish|p1a: Alomomola\n|\n|-weather|Sandstorm|[upkeep]\n|-damage|p2a: Iron Valiant|91\/100|[from] Sandstorm\n|-damage|p1a: Alomomola|69\/100|[from] Sandstorm\n|upkeep\n|turn|108\n|\n|t:|1700882574\n|move|p2a: Iron Valiant|Shadow Ball|p1a: Alomomola\n|-damage|p1a: Alomomola|35\/100\n|move|p1a: Alomomola|Flip Turn|p2a: Iron Valiant\n|-damage|p2a: Iron Valiant|70\/100\n|\n|t:|1700882579\n|switch|p1a: Clefable|Clefable, M|19\/100 slp|[from] Flip Turn\n|\n|-weather|Sandstorm|[upkeep]\n|-damage|p2a: Iron Valiant|64\/100|[from] Sandstorm\n|-heal|p1a: Clefable|87\/100 slp|[from] move: Wish|[wisher] Alomomola\n|upkeep\n|turn|109\n|\n|t:|1700882583\n|switch|p1a: Toxapex|Toxapex, F, shiny|100\/100\n|move|p2a: Iron Valiant|Moonblast|p1a: Toxapex\n|-resisted|p1a: Toxapex\n|-damage|p1a: Toxapex|84\/100\n|\n|-weather|Sandstorm|[upkeep]\n|-damage|p2a: Iron Valiant|58\/100|[from] Sandstorm\n|-damage|p1a: Toxapex|78\/100|[from] Sandstorm\n|upkeep\n|turn|110\n|\n|t:|1700882587\n|move|p2a: Iron Valiant|Destiny Bond|p2a: Iron Valiant\n|-singlemove|p2a: Iron Valiant|Destiny Bond\n|move|p1a: Toxapex|Toxic|p2a: Iron Valiant\n|-status|p2a: Iron Valiant|tox\n|\n|-weather|none\n|-damage|p2a: Iron Valiant|51\/100 tox|[from] psn\n|upkeep\n|turn|111\n|c| xxdimixx|this fight is getting more intresting than I thought\n|-message|PLLV51 XWipe forfeited.\n|\n|win|Iceman8911\n|raw|Iceman8911's rating: 1764 &rarr; <strong>1789<\/strong><br \/>(+25 for winning)\n|raw|PLLV51 XWipe's rating: 1853 &rarr; <strong>1828<\/strong><br \/>(-25 for losing)\n|l|\u2606PLLV51 XWipe\n|c|\u2606Iceman8911|lmao\n","uploadtime":1700882603,"views":3,"p1id":"iceman8911","p2id":"pllv51xwipe","formatid":"gen9ou","rating":1789,"private":0,"password":""}