{"id":"gen9ou-1995178698","p1":"d8nny","p2":"henny inna cup","format":"[Gen 9] OU","log":"|j|\u2606d8nny\n|j|\u2606henny inna cup\n|t:|1700531402\n|gametype|singles\n|player|p1|d8nny|169|1180\n|player|p2|henny inna cup|hiker-gen4|1214\n|teamsize|p1|6\n|teamsize|p2|6\n|gen|9\n|tier|[Gen 9] OU\n|rated|\n|rule|Sleep Clause Mod: Limit one foe put to sleep\n|rule|Species Clause: Limit one of each Pok\u00e9mon\n|rule|OHKO Clause: OHKO moves are banned\n|rule|Evasion Items Clause: Evasion items are banned\n|rule|Evasion Moves Clause: Evasion moves are banned\n|rule|Endless Battle Clause: Forcing endless battles is banned\n|rule|HP Percentage Mod: HP is shown in percentages\n|clearpoke\n|poke|p1|Muk-Alola, M|\n|poke|p1|Rotom-Wash|\n|poke|p1|Chandelure, F|\n|poke|p1|Chesnaught, M|\n|poke|p1|Decidueye, M|\n|poke|p1|Gholdengo|\n|poke|p2|Okidogi, M|\n|poke|p2|Ninetales-Alola, M|\n|poke|p2|Manaphy|\n|poke|p2|Kingambit, F|\n|poke|p2|Ditto|\n|poke|p2|Dragapult, M|\n|teampreview\n|inactive|Battle timer is ON: inactive players will automatically lose when time's up. (requested by d8nny)\n|c|\u2606henny inna cup|gl\n|\n|t:|1700531420\n|start\n|switch|p1a: Muk|Muk-Alola, M|100\/100\n|switch|p2a: Ninetales|Ninetales-Alola, M|100\/100\n|-weather|Snow|[from] ability: Snow Warning|[of] p2a: Ninetales\n|turn|1\n|j| Maxedout9\n|\n|t:|1700531434\n|move|p2a: Ninetales|Aurora Veil|p2a: Ninetales\n|-sidestart|p2: henny inna cup|move: Aurora Veil\n|move|p1a: Muk|Poison Jab|p2a: Ninetales\n|-supereffective|p2a: Ninetales\n|-damage|p2a: Ninetales|62\/100\n|\n|-weather|Snow|[upkeep]\n|upkeep\n|turn|2\n|\n|t:|1700531447\n|move|p2a: Ninetales|Encore|p1a: Muk\n|-start|p1a: Muk|Encore\n|move|p1a: Muk|Poison Jab|p2a: Ninetales\n|-supereffective|p2a: Ninetales\n|-damage|p2a: Ninetales|24\/100\n|-status|p2a: Ninetales|psn|[from] ability: Poison Touch|[of] p1a: Muk\n|\n|-weather|Snow|[upkeep]\n|-damage|p2a: Ninetales|11\/100 psn|[from] psn\n|upkeep\n|turn|3\n|\n|t:|1700531457\n|switch|p2a: Kingambit|Kingambit, F|100\/100\n|-item|p2a: Kingambit|Air Balloon\n|switch|p1a: Chandelure|Chandelure, F|100\/100\n|\n|-weather|Snow|[upkeep]\n|upkeep\n|turn|4\n|\n|t:|1700531465\n|switch|p1a: Chesnaught|Chesnaught, M|100\/100\n|move|p2a: Kingambit|Sucker Punch||[still]\n|-fail|p2a: Kingambit\n|\n|-weather|Snow|[upkeep]\n|upkeep\n|turn|5\n|\n|t:|1700531472\n|-end|p2a: Kingambit|fallenundefined|[silent]\n|switch|p2a: Dragapult|Dragapult, M|100\/100\n|move|p1a: Chesnaught|Substitute|p1a: Chesnaught\n|-start|p1a: Chesnaught|Substitute\n|-damage|p1a: Chesnaught|75\/100\n|\n|-weather|none\n|upkeep\n|turn|6\n|\n|t:|1700531480\n|move|p2a: Dragapult|Flamethrower|p1a: Chesnaught\n|-supereffective|p1a: Chesnaught\n|-damage|p1a: Chesnaught|32\/100\n|move|p1a: Chesnaught|Leech Seed|p2a: Dragapult\n|-start|p2a: Dragapult|move: Leech Seed\n|\n|-damage|p2a: Dragapult|88\/100|[from] Leech Seed|[of] p1a: Chesnaught\n|-heal|p1a: Chesnaught|46\/100|[silent]\n|upkeep\n|turn|7\n|\n|t:|1700531487\n|move|p1a: Chesnaught|Spiky Shield|p1a: Chesnaught\n|-singleturn|p1a: Chesnaught|move: Protect\n|move|p2a: Dragapult|Draco Meteor|p1a: Chesnaught\n|-activate|p1a: Chesnaught|move: Protect\n|\n|-damage|p2a: Dragapult|76\/100|[from] Leech Seed|[of] p1a: Chesnaught\n|-heal|p1a: Chesnaught|59\/100|[silent]\n|upkeep\n|turn|8\n|\n|t:|1700531497\n|switch|p1a: Gholdengo|Gholdengo|100\/100\n|move|p2a: Dragapult|Draco Meteor|p1a: Gholdengo\n|-resisted|p1a: Gholdengo\n|-damage|p1a: Gholdengo|71\/100\n|-unboost|p2a: Dragapult|spa|2\n|\n|-damage|p2a: Dragapult|64\/100|[from] Leech Seed|[of] p1a: Gholdengo\n|-heal|p1a: Gholdengo|81\/100|[silent]\n|-sideend|p2: henny inna cup|move: Aurora Veil\n|upkeep\n|turn|9\n|\n|t:|1700531505\n|switch|p2a: Ninetales|Ninetales-Alola, M|11\/100 psn\n|-weather|Snow|[from] ability: Snow Warning|[of] p2a: Ninetales\n|move|p1a: Gholdengo|Shadow Ball|p2a: Ninetales\n|-damage|p2a: Ninetales|0 fnt\n|faint|p2a: Ninetales\n|\n|-weather|Snow|[upkeep]\n|upkeep\n|\n|t:|1700531512\n|switch|p2a: Manaphy|Manaphy|100\/100\n|turn|10\n|\n|t:|1700531516\n|move|p2a: Manaphy|Take Heart|p2a: Manaphy\n|-boost|p2a: Manaphy|spa|1\n|-boost|p2a: Manaphy|spd|1\n|move|p1a: Gholdengo|Nasty Plot|p1a: Gholdengo\n|-boost|p1a: Gholdengo|spa|2\n|\n|-weather|Snow|[upkeep]\n|upkeep\n|turn|11\n|\n|t:|1700531521\n|move|p2a: Manaphy|Take Heart|p2a: Manaphy\n|-boost|p2a: Manaphy|spa|1\n|-boost|p2a: Manaphy|spd|1\n|move|p1a: Gholdengo|Shadow Ball|p2a: Manaphy\n|-damage|p2a: Manaphy|62\/100\n|-unboost|p2a: Manaphy|spd|1\n|\n|-weather|Snow|[upkeep]\n|-heal|p2a: Manaphy|68\/100|[from] item: Leftovers\n|upkeep\n|turn|12\n|\n|t:|1700531530\n|move|p2a: Manaphy|Take Heart|p2a: Manaphy\n|-boost|p2a: Manaphy|spa|1\n|-boost|p2a: Manaphy|spd|1\n|move|p1a: Gholdengo|Shadow Ball|p2a: Manaphy\n|-damage|p2a: Manaphy|28\/100\n|\n|-weather|Snow|[upkeep]\n|-heal|p2a: Manaphy|34\/100|[from] item: Leftovers\n|upkeep\n|turn|13\n|\n|t:|1700531540\n|move|p2a: Manaphy|Scald|p1a: Gholdengo\n|-damage|p1a: Gholdengo|0 fnt\n|faint|p1a: Gholdengo\n|\n|-weather|none\n|-heal|p2a: Manaphy|40\/100|[from] item: Leftovers\n|upkeep\n|\n|t:|1700531544\n|switch|p1a: Rotom|Rotom-Wash|100\/100\n|turn|14\n|\n|t:|1700531561\n|move|p2a: Manaphy|Stored Power|p1a: Rotom\n|-damage|p1a: Rotom|0 fnt\n|faint|p1a: Rotom\n|\n|-heal|p2a: Manaphy|47\/100|[from] item: Leftovers\n|upkeep\n|\n|t:|1700531566\n|switch|p1a: Muk|Muk-Alola, M|100\/100\n|turn|15\n|\n|t:|1700531575\n|move|p2a: Manaphy|Acid Armor|p2a: Manaphy\n|-boost|p2a: Manaphy|def|2\n|move|p1a: Muk|Knock Off|p2a: Manaphy\n|-damage|p2a: Manaphy|25\/100\n|-enditem|p2a: Manaphy|Leftovers|[from] move: Knock Off|[of] p1a: Muk\n|\n|upkeep\n|turn|16\n|\n|t:|1700531580\n|move|p2a: Manaphy|Scald|p1a: Muk\n|-damage|p1a: Muk|24\/100\n|move|p1a: Muk|Poison Jab|p2a: Manaphy\n|-damage|p2a: Manaphy|7\/100\n|-status|p2a: Manaphy|psn\n|\n|-damage|p2a: Manaphy|0 fnt|[from] psn\n|faint|p2a: Manaphy\n|upkeep\n|c| Maxedout9|Oof\n|\n|t:|1700531594\n|switch|p2a: Okidogi|Okidogi, M|100\/100\n|turn|17\n|\n|t:|1700531602\n|move|p2a: Okidogi|Knock Off|p1a: Muk\n|-resisted|p1a: Muk\n|-damage|p1a: Muk|4\/100\n|-enditem|p1a: Muk|Expert Belt|[from] move: Knock Off|[of] p2a: Okidogi\n|move|p1a: Muk|Knock Off|p2a: Okidogi\n|-resisted|p2a: Okidogi\n|-damage|p2a: Okidogi|80\/100\n|-enditem|p2a: Okidogi|Leftovers|[from] move: Knock Off|[of] p1a: Muk\n|\n|upkeep\n|turn|18\n|\n|t:|1700531612\n|move|p2a: Okidogi|Knock Off|p1a: Muk\n|-resisted|p1a: Muk\n|-damage|p1a: Muk|0 fnt\n|faint|p1a: Muk\n|\n|upkeep\n|\n|t:|1700531621\n|switch|p1a: Chesnaught|Chesnaught, M|59\/100\n|turn|19\n|c|\u2606henny inna cup|its ight maxed\n|\n|t:|1700531625\n|-terastallize|p1a: Chesnaught|Steel\n|move|p2a: Okidogi|Poison Jab|p1a: Chesnaught\n|-immune|p1a: Chesnaught\n|move|p1a: Chesnaught|Leech Seed|p2a: Okidogi\n|-start|p2a: Okidogi|move: Leech Seed\n|\n|-damage|p2a: Okidogi|67\/100|[from] Leech Seed|[of] p1a: Chesnaught\n|-heal|p1a: Chesnaught|74\/100|[silent]\n|upkeep\n|turn|20\n|\n|t:|1700531635\n|move|p1a: Chesnaught|Spiky Shield|p1a: Chesnaught\n|-singleturn|p1a: Chesnaught|move: Protect\n|move|p2a: Okidogi|Bulk Up|p2a: Okidogi\n|-boost|p2a: Okidogi|atk|1\n|-boost|p2a: Okidogi|def|1\n|\n|-damage|p2a: Okidogi|55\/100|[from] Leech Seed|[of] p1a: Chesnaught\n|-heal|p1a: Chesnaught|89\/100|[silent]\n|upkeep\n|turn|21\n|\n|t:|1700531639\n|switch|p1a: Chandelure|Chandelure, F|100\/100\n|move|p2a: Okidogi|Drain Punch|p1a: Chandelure\n|-immune|p1a: Chandelure\n|\n|-damage|p2a: Okidogi|42\/100|[from] Leech Seed|[of] p1a: Chandelure\n|upkeep\n|turn|22\n|\n|t:|1700531649\n|switch|p1a: Chesnaught|Chesnaught, M, tera:Steel|89\/100\n|move|p2a: Okidogi|Knock Off|p1a: Chesnaught\n|-damage|p1a: Chesnaught|47\/100\n|-enditem|p1a: Chesnaught|Big Root|[from] move: Knock Off|[of] p2a: Okidogi\n|\n|-damage|p2a: Okidogi|30\/100|[from] Leech Seed|[of] p1a: Chesnaught\n|-heal|p1a: Chesnaught|59\/100|[silent]\n|upkeep\n|turn|23\n|c| Maxedout9|Like a book\n|\n|t:|1700531678\n|move|p1a: Chesnaught|Spiky Shield|p1a: Chesnaught\n|-singleturn|p1a: Chesnaught|move: Protect\n|move|p2a: Okidogi|Drain Punch|p1a: Chesnaught\n|-activate|p1a: Chesnaught|move: Protect\n|-damage|p2a: Okidogi|17\/100|[from] Spiky Shield|[of] p1a: Chesnaught\n|\n|-damage|p2a: Okidogi|5\/100|[from] Leech Seed|[of] p1a: Chesnaught\n|-heal|p1a: Chesnaught|70\/100|[silent]\n|upkeep\n|turn|24\n|\n|t:|1700531693\n|move|p2a: Okidogi|Knock Off|p1a: Chesnaught\n|-damage|p1a: Chesnaught|45\/100\n|move|p1a: Chesnaught|Substitute|p1a: Chesnaught\n|-start|p1a: Chesnaught|Substitute\n|-damage|p1a: Chesnaught|20\/100\n|\n|-damage|p2a: Okidogi|0 fnt|[from] Leech Seed|[of] p1a: Chesnaught\n|-heal|p1a: Chesnaught|24\/100|[silent]\n|faint|p2a: Okidogi\n|upkeep\n|\n|t:|1700531697\n|switch|p2a: Dragapult|Dragapult, M|64\/100\n|turn|25\n|\n|t:|1700531706\n|switch|p1a: Chandelure|Chandelure, F|100\/100\n|move|p2a: Dragapult|Thunder Wave|p1a: Chandelure\n|-status|p1a: Chandelure|par\n|\n|upkeep\n|turn|26\n|\n|t:|1700531712\n|move|p2a: Dragapult|Hex|p1a: Chandelure\n|-supereffective|p1a: Chandelure\n|-damage|p1a: Chandelure|0 fnt\n|faint|p1a: Chandelure\n|\n|upkeep\n|\n|t:|1700531715\n|switch|p1a: Decidueye|Decidueye, M|100\/100\n|turn|27\n|\n|t:|1700531719\n|switch|p2a: Kingambit|Kingambit, F|100\/100\n|-activate|p2a: Kingambit|ability: Supreme Overlord\n|-start|p2a: Kingambit|fallen3|[silent]\n|-item|p2a: Kingambit|Air Balloon\n|move|p1a: Decidueye|Spirit Shackle|p2a: Kingambit\n|-resisted|p2a: Kingambit\n|-damage|p2a: Kingambit|85\/100\n|-activate|p2a: Kingambit|trapped\n|-enditem|p2a: Kingambit|Air Balloon\n|\n|upkeep\n|turn|28\n|-message|d8nny forfeited.\n|\n|win|henny inna cup\n|raw|d8nny's rating: 1180 &rarr; <strong>1159<\/strong><br \/>(-21 for losing)\n|raw|henny inna cup's rating: 1233 &rarr; <strong>1254<\/strong><br \/>(+21 for winning)\n|l|\u2606d8nny\n","uploadtime":1700531733,"views":16,"p1id":"d8nny","p2id":"hennyinnacup","formatid":"gen9ou","rating":1159,"private":0,"password":""}