{"id":"gen9ou-1997217344","p1":"Rwbyred","p2":"The Shaft Master","format":"[Gen 9] OU","log":"|j|\u2606Rwbyred\n|j|\u2606The Shaft Master\n|t:|1700776688\n|gametype|singles\n|player|p1|Rwbyred|marlon|1376\n|player|p2|The Shaft Master|266|1442\n|teamsize|p1|6\n|teamsize|p2|6\n|gen|9\n|tier|[Gen 9] OU\n|rated|\n|rule|Sleep Clause Mod: Limit one foe put to sleep\n|rule|Species Clause: Limit one of each Pok\u00e9mon\n|rule|OHKO Clause: OHKO moves are banned\n|rule|Evasion Items Clause: Evasion items are banned\n|rule|Evasion Moves Clause: Evasion moves are banned\n|rule|Endless Battle Clause: Forcing endless battles is banned\n|rule|HP Percentage Mod: HP is shown in percentages\n|clearpoke\n|poke|p1|Clodsire, M|\n|poke|p1|Dragonite, M|\n|poke|p1|Hatterene, F|\n|poke|p1|Ogerpon-Wellspring, F|\n|poke|p1|Skeledirge, M|\n|poke|p1|Great Tusk|\n|poke|p2|Torkoal, M|\n|poke|p2|Ogerpon-Wellspring, F|\n|poke|p2|Walking Wake|\n|poke|p2|Great Tusk|\n|poke|p2|Corviknight, M|\n|poke|p2|Sandy Shocks|\n|teampreview\n|inactive|Battle timer is ON: inactive players will automatically lose when time's up. (requested by Rwbyred)\n|\n|t:|1700776703\n|start\n|switch|p1a: Ogerpon|Ogerpon-Wellspring, F|100\/100\n|switch|p2a: Sandy Shocks|Sandy Shocks|100\/100\n|turn|1\n|\n|t:|1700776729\n|move|p2a: Sandy Shocks|Volt Switch|p1a: Ogerpon\n|-damage|p1a: Ogerpon|61\/100\n|\n|t:|1700776734\n|-end|p2a: Sandy Shocks|Protosynthesis|[silent]\n|switch|p2a: Torkoal|Torkoal, M|100\/100|[from] Volt Switch\n|-weather|SunnyDay|[from] ability: Drought|[of] p2a: Torkoal\n|move|p1a: Ogerpon|Ivy Cudgel|p2a: Torkoal|[anim] Ivy Cudgel Water\n|-supereffective|p2a: Torkoal\n|-damage|p2a: Torkoal|60\/100\n|\n|-weather|SunnyDay|[upkeep]\n|upkeep\n|turn|2\n|\n|t:|1700776749\n|switch|p2a: Walking Wake|Walking Wake|100\/100\n|-activate|p2a: Walking Wake|ability: Protosynthesis\n|-start|p2a: Walking Wake|protosynthesisspa\n|move|p1a: Ogerpon|Taunt|p2a: Walking Wake\n|-start|p2a: Walking Wake|move: Taunt\n|\n|-weather|SunnyDay|[upkeep]\n|upkeep\n|turn|3\n|\n|t:|1700776755\n|switch|p1a: Clodsire|Clodsire, M|100\/100\n|move|p2a: Walking Wake|Hydro Steam|p1a: Clodsire\n|-immune|p1a: Clodsire|[from] ability: Water Absorb\n|\n|-weather|SunnyDay|[upkeep]\n|upkeep\n|turn|4\n|\n|t:|1700776764\n|-end|p2a: Walking Wake|Protosynthesis|[silent]\n|switch|p2a: Great Tusk|Great Tusk|100\/100\n|-activate|p2a: Great Tusk|ability: Protosynthesis\n|-start|p2a: Great Tusk|protosynthesisdef\n|move|p1a: Clodsire|Toxic|p2a: Great Tusk\n|-status|p2a: Great Tusk|tox\n|\n|-weather|SunnyDay|[upkeep]\n|-damage|p2a: Great Tusk|94\/100 tox|[from] psn\n|upkeep\n|turn|5\n|\n|t:|1700776772\n|-end|p2a: Great Tusk|Protosynthesis|[silent]\n|switch|p2a: Walking Wake|Walking Wake|100\/100\n|-activate|p2a: Walking Wake|ability: Protosynthesis\n|-start|p2a: Walking Wake|protosynthesisspa\n|move|p1a: Clodsire|Protect||[still]\n|-fail|p1a: Clodsire\n|\n|-weather|SunnyDay|[upkeep]\n|upkeep\n|turn|6\n|\n|t:|1700776777\n|move|p2a: Walking Wake|Dragon Pulse|p1a: Clodsire\n|-damage|p1a: Clodsire|57\/100\n|move|p1a: Clodsire|Toxic|p2a: Walking Wake\n|-status|p2a: Walking Wake|tox\n|\n|-weather|SunnyDay|[upkeep]\n|-heal|p1a: Clodsire|63\/100|[from] item: Leftovers\n|-damage|p2a: Walking Wake|94\/100 tox|[from] psn\n|upkeep\n|turn|7\n|-message|The Shaft Master forfeited.\n|\n|win|Rwbyred\n|raw|Rwbyred's rating: 1376 &rarr; <strong>1400<\/strong><br \/>(+24 for winning)\n|raw|The Shaft Master's rating: 1442 &rarr; <strong>1418<\/strong><br \/>(-24 for losing)\n|l|\u2606The Shaft Master\n","uploadtime":1700776798,"views":4,"p1id":"rwbyred","p2id":"theshaftmaster","formatid":"gen9ou","rating":1400,"private":0,"password":""}