{"id":"gen9ou-2000632650","p1":"Morgan&Sableye","p2":"DivineGabriel","format":"[Gen 9] OU","log":"|j|\u2606Morgan&Sableye\n|j|\u2606DivineGabriel\n|t:|1701212613\n|gametype|singles\n|player|p1|Morgan&Sableye|marley|1741\n|player|p2|DivineGabriel|rye|1753\n|teamsize|p1|6\n|teamsize|p2|6\n|gen|9\n|tier|[Gen 9] OU\n|rated|\n|rule|Sleep Clause Mod: Limit one foe put to sleep\n|rule|Species Clause: Limit one of each Pok\u00e9mon\n|rule|OHKO Clause: OHKO moves are banned\n|rule|Evasion Items Clause: Evasion items are banned\n|rule|Evasion Moves Clause: Evasion moves are banned\n|rule|Endless Battle Clause: Forcing endless battles is banned\n|rule|HP Percentage Mod: HP is shown in percentages\n|clearpoke\n|poke|p1|Hoopa-Unbound|\n|poke|p1|Ursaluna, F|\n|poke|p1|Hatterene, F|\n|poke|p1|Cresselia, F|\n|poke|p1|Iron Hands|\n|poke|p1|Kingambit, M|\n|poke|p2|Typhlosion-Hisui, M|\n|poke|p2|Great Tusk|\n|poke|p2|Torkoal, F|\n|poke|p2|Walking Wake|\n|poke|p2|Hatterene, F|\n|poke|p2|Meowscarada, F|\n|teampreview\n|inactive|Battle timer is ON: inactive players will automatically lose when time's up. (requested by DivineGabriel)\n|j| DancingWithGays\n|\n|t:|1701212624\n|start\n|switch|p1a: Hands|Iron Hands|100\/100\n|switch|p2a: Typhlosion|Typhlosion-Hisui, M|100\/100\n|-enditem|p1a: Hands|Booster Energy\n|-activate|p1a: Hands|ability: Quark Drive|[fromitem]\n|-start|p1a: Hands|quarkdriveatk\n|turn|1\n|\n|t:|1701212646\n|switch|p2a: Torkoal|Torkoal, F|100\/100\n|-weather|SunnyDay|[from] ability: Drought|[of] p2a: Torkoal\n|move|p1a: Hands|Wild Charge|p2a: Torkoal\n|-damage|p2a: Torkoal|63\/100\n|-damage|p1a: Hands|94\/100|[from] Recoil\n|\n|-weather|SunnyDay|[upkeep]\n|upkeep\n|turn|2\n|\n|t:|1701212655\n|-end|p1a: Hands|Quark Drive|[silent]\n|switch|p1a: Hat|Hatterene, F|100\/100\n|switch|p2a: Hatterene|Hatterene, F|100\/100\n|\n|-weather|SunnyDay|[upkeep]\n|upkeep\n|turn|3\n|j| SwabbyYabby\n|\n|t:|1701212663\n|switch|p1a: King|Kingambit, M, shiny|100\/100\n|move|p2a: Hatterene|Nuzzle|p1a: King\n|-damage|p1a: King|98\/100\n|-status|p1a: King|par\n|\n|-weather|SunnyDay|[upkeep]\n|-heal|p1a: King|100\/100 par|[from] item: Leftovers\n|upkeep\n|turn|4\n|\n|t:|1701212667\n|switch|p2a: Great Tusk|Great Tusk|100\/100\n|-activate|p2a: Great Tusk|ability: Protosynthesis\n|-start|p2a: Great Tusk|protosynthesisatk\n|cant|p1a: King|par\n|\n|-weather|SunnyDay|[upkeep]\n|upkeep\n|turn|5\n|\n|t:|1701212673\n|-end|p1a: King|fallenundefined|[silent]\n|switch|p1a: Crescent|Cresselia, F, shiny|100\/100\n|move|p2a: Great Tusk|Knock Off|p1a: Crescent\n|-supereffective|p1a: Crescent\n|-damage|p1a: Crescent|22\/100\n|-enditem|p1a: Crescent|Leftovers|[from] move: Knock Off|[of] p2a: Great Tusk\n|\n|-weather|SunnyDay|[upkeep]\n|upkeep\n|turn|6\n|\n|t:|1701212679\n|move|p2a: Great Tusk|Knock Off|p1a: Crescent\n|-supereffective|p1a: Crescent\n|-damage|p1a: Crescent|0 fnt\n|faint|p1a: Crescent\n|\n|-weather|SunnyDay|[upkeep]\n|upkeep\n|\n|t:|1701212681\n|switch|p1a: Hat|Hatterene, F|100\/100\n|turn|7\n|\n|t:|1701212683\n|move|p2a: Great Tusk|Knock Off|p1a: Hat\n|-damage|p1a: Hat|31\/100\n|-enditem|p1a: Hat|Focus Sash|[from] move: Knock Off|[of] p2a: Great Tusk\n|move|p1a: Hat|Trick Room|p1a: Hat\n|-fieldstart|move: Trick Room|[of] p1a: Hat\n|\n|-weather|SunnyDay|[upkeep]\n|upkeep\n|turn|8\n|j| unluckness\n|\n|t:|1701212686\n|-end|p2a: Great Tusk|Protosynthesis|[silent]\n|switch|p2a: Hatterene|Hatterene, F|100\/100\n|move|p1a: Hat|Misty Explosion|p2a: Hatterene\n|-damage|p2a: Hatterene|49\/100\n|faint|p1a: Hat\n|-enditem|p2a: Hatterene|Eject Button\n|\n|t:|1701212694\n|switch|p2a: Great Tusk|Great Tusk|100\/100\n|-activate|p2a: Great Tusk|ability: Protosynthesis\n|-start|p2a: Great Tusk|protosynthesisatk\n|\n|-weather|none\n|-end|p2a: Great Tusk|Protosynthesis\n|upkeep\n|\n|t:|1701212698\n|switch|p1a: Uuummmm...|Hoopa-Unbound|100\/100\n|turn|9\n|j| Bad Players\n|\n|t:|1701212700\n|-end|p2a: Great Tusk|Protosynthesis|[silent]\n|switch|p2a: Hatterene|Hatterene, F|49\/100\n|move|p1a: Uuummmm...|Psychic|p2a: Hatterene\n|-resisted|p2a: Hatterene\n|-damage|p2a: Hatterene|26\/100\n|\n|upkeep\n|turn|10\n|\n|t:|1701212713\n|move|p2a: Hatterene|Healing Wish|p2a: Hatterene\n|faint|p2a: Hatterene\n|move|p1a: Uuummmm...|Hyperspace Fury|p2: Hatterene|[notarget]\n|-fail|p1a: Uuummmm...\n|\n|upkeep\n|j| Bumbaclaat\n|\n|t:|1701212719\n|switch|p2a: Torkoal|Torkoal, F|63\/100\n|-heal|p2a: Torkoal|100\/100|[from] move: Healing Wish\n|-weather|SunnyDay|[from] ability: Drought|[of] p2a: Torkoal\n|turn|11\n|j| noob98765\n|\n|t:|1701212728\n|switch|p2a: Great Tusk|Great Tusk|100\/100\n|-activate|p2a: Great Tusk|ability: Protosynthesis\n|-start|p2a: Great Tusk|protosynthesisatk\n|move|p1a: Uuummmm...|Psychic|p2a: Great Tusk\n|-supereffective|p2a: Great Tusk\n|-crit|p2a: Great Tusk\n|-damage|p2a: Great Tusk|0 fnt\n|faint|p2a: Great Tusk\n|-end|p2a: Great Tusk|Protosynthesis|[silent]\n|\n|-weather|SunnyDay|[upkeep]\n|-fieldend|move: Trick Room\n|upkeep\n|\n|t:|1701212731\n|switch|p2a: Meowscarada|Meowscarada, F|100\/100\n|turn|12\n|\n|t:|1701212741\n|switch|p1a: King|Kingambit, M, shiny|100\/100 par\n|-activate|p1a: King|ability: Supreme Overlord\n|-start|p1a: King|fallen2|[silent]\n|move|p2a: Meowscarada|U-turn|p1a: King\n|-start|p2a: Meowscarada|typechange|Bug|[from] ability: Protean\n|-damage|p1a: King|76\/100 par\n|l| unluckness\n|j| UUber Test\n|\n|t:|1701212748\n|switch|p2a: Walking Wake|Walking Wake|100\/100|[from] U-turn\n|-activate|p2a: Walking Wake|ability: Protosynthesis\n|-start|p2a: Walking Wake|protosynthesisspe\n|\n|-weather|SunnyDay|[upkeep]\n|-heal|p1a: King|82\/100 par|[from] item: Leftovers\n|upkeep\n|turn|13\n|\n|t:|1701212759\n|-terastallize|p2a: Walking Wake|Water\n|move|p2a: Walking Wake|Hydro Steam|p1a: King\n|-damage|p1a: King|0 fnt\n|faint|p1a: King\n|-end|p1a: King|fallen2|[silent]\n|\n|-weather|SunnyDay|[upkeep]\n|upkeep\n|\n|t:|1701212769\n|switch|p1a: Uuummmm...|Hoopa-Unbound|100\/100\n|turn|14\n|\n|t:|1701212772\n|move|p2a: Walking Wake|Hydro Steam|p1a: Uuummmm...\n|-crit|p1a: Uuummmm...\n|-damage|p1a: Uuummmm...|0 fnt\n|faint|p1a: Uuummmm...\n|\n|-weather|SunnyDay|[upkeep]\n|upkeep\n|\n|t:|1701212775\n|switch|p1a: Hands|Iron Hands|94\/100\n|turn|15\n|j| unluckness\n|\n|t:|1701212778\n|move|p2a: Walking Wake|Hydro Steam|p1a: Hands\n|-damage|p1a: Hands|0 fnt\n|faint|p1a: Hands\n|-end|p1a: Hands|Quark Drive|[silent]\n|\n|-weather|SunnyDay|[upkeep]\n|upkeep\n|\n|t:|1701212781\n|switch|p1a: Bear|Ursaluna, F|100\/100\n|turn|16\n|\n|t:|1701212783\n|-terastallize|p1a: Bear|Normal\n|move|p2a: Walking Wake|Hydro Steam|p1a: Bear\n|-crit|p1a: Bear\n|-damage|p1a: Bear|0 fnt\n|faint|p1a: Bear\n|\n|win|DivineGabriel\n|raw|Morgan&amp;Sableye's rating: 1741 &rarr; <strong>1722<\/strong><br \/>(-19 for losing)\n|raw|DivineGabriel's rating: 1753 &rarr; <strong>1772<\/strong><br \/>(+19 for winning)\n|l|\u2606DivineGabriel\n|l| noob98765\n|l| DancingWithGays\n|l|\u2606Morgan&Sableye\n|l| Bad Players\n|l| UUber Test\n","uploadtime":1701213002,"views":9,"p1id":"morgansableye","p2id":"divinegabriel","formatid":"gen9ou","rating":1722,"private":0,"password":""}