{"id":"gen9ou-1992056975","p1":"st3vepopz","p2":"krelenlor","format":"[Gen 9] OU","log":"|j|\u2606st3vepopz\n|j|\u2606krelenlor\n|t:|1700151470\n|gametype|singles\n|player|p1|st3vepopz|265|1147\n|player|p2|krelenlor|265|1107\n|teamsize|p1|6\n|teamsize|p2|6\n|gen|9\n|tier|[Gen 9] OU\n|rated|\n|rule|Sleep Clause Mod: Limit one foe put to sleep\n|rule|Species Clause: Limit one of each Pok\u00e9mon\n|rule|OHKO Clause: OHKO moves are banned\n|rule|Evasion Items Clause: Evasion items are banned\n|rule|Evasion Moves Clause: Evasion moves are banned\n|rule|Endless Battle Clause: Forcing endless battles is banned\n|rule|HP Percentage Mod: HP is shown in percentages\n|clearpoke\n|poke|p1|Meloetta|\n|poke|p1|Manaphy|\n|poke|p1|Dondozo, M|\n|poke|p1|Clefable, F|\n|poke|p1|Gholdengo|\n|poke|p1|Cyclizar, M|\n|poke|p2|Blissey, F|\n|poke|p2|Iron Hands|\n|poke|p2|Kingambit, M|\n|poke|p2|Skeledirge, M|\n|poke|p2|Ogerpon-Wellspring, F|\n|poke|p2|Corviknight, M|\n|teampreview\n|inactive|Battle timer is ON: inactive players will automatically lose when time's up. (requested by krelenlor)\n|\n|t:|1700151544\n|start\n|switch|p1a: Meloetta|Meloetta|100\/100\n|switch|p2a: Iron Hands|Iron Hands|100\/100\n|turn|1\n|\n|t:|1700151553\n|move|p1a: Meloetta|Relic Song|p2a: Iron Hands\n|-damage|p2a: Iron Hands|78\/100\n|-formechange|p1a: Meloetta|Meloetta-Pirouette|[msg]\n|move|p2a: Iron Hands|Belly Drum|p2a: Iron Hands\n|-damage|p2a: Iron Hands|29\/100\n|-setboost|p2a: Iron Hands|atk|6|[from] move: Belly Drum\n|-enditem|p2a: Iron Hands|Sitrus Berry|[eat]\n|-heal|p2a: Iron Hands|54\/100|[from] item: Sitrus Berry\n|\n|upkeep\n|turn|2\n|\n|t:|1700151572\n|-terastallize|p1a: Meloetta|Fighting\n|move|p1a: Meloetta|Close Combat|p2a: Iron Hands\n|-damage|p2a: Iron Hands|10\/100\n|-unboost|p1a: Meloetta|def|1\n|-unboost|p1a: Meloetta|spd|1\n|move|p2a: Iron Hands|Drain Punch|p1a: Meloetta\n|-damage|p1a: Meloetta|0 fnt\n|-heal|p2a: Iron Hands|48\/100|[from] drain|[of] p1a: Meloetta\n|faint|p1a: Meloetta\n|\n|upkeep\n|\n|t:|1700151581\n|switch|p1a: Dondozo|Dondozo, M|100\/100\n|turn|3\n|\n|t:|1700151593\n|move|p2a: Iron Hands|Thunder Punch|p1a: Dondozo\n|-supereffective|p1a: Dondozo\n|-damage|p1a: Dondozo|50\/100\n|move|p1a: Dondozo|Liquidation|p2a: Iron Hands\n|-damage|p2a: Iron Hands|23\/100\n|\n|-heal|p1a: Dondozo|57\/100|[from] item: Leftovers\n|upkeep\n|turn|4\n|\n|t:|1700151604\n|move|p2a: Iron Hands|Drain Punch|p1a: Dondozo\n|-damage|p1a: Dondozo|35\/100\n|-heal|p2a: Iron Hands|35\/100|[from] drain|[of] p1a: Dondozo\n|move|p1a: Dondozo|Liquidation|p2a: Iron Hands\n|-damage|p2a: Iron Hands|11\/100\n|\n|-heal|p1a: Dondozo|41\/100|[from] item: Leftovers\n|upkeep\n|turn|5\n|\n|t:|1700151612\n|move|p2a: Iron Hands|Thunder Punch|p1a: Dondozo\n|-supereffective|p1a: Dondozo\n|-damage|p1a: Dondozo|0 fnt\n|faint|p1a: Dondozo\n|\n|upkeep\n|\n|t:|1700151616\n|switch|p1a: Manaphy|Manaphy|100\/100\n|turn|6\n|\n|t:|1700151624\n|move|p1a: Manaphy|Surf|p2a: Iron Hands\n|-damage|p2a: Iron Hands|0 fnt\n|faint|p2a: Iron Hands\n|-end|p2a: Iron Hands|Quark Drive|[silent]\n|\n|upkeep\n|\n|t:|1700151632\n|switch|p2a: Blissey|Blissey, F|100\/100\n|turn|7\n|inactive|st3vepopz has 120 seconds left.\n|\n|t:|1700151665\n|move|p1a: Manaphy|Take Heart|p1a: Manaphy\n|-boost|p1a: Manaphy|spa|1\n|-boost|p1a: Manaphy|spd|1\n|move|p2a: Blissey|Flamethrower|p1a: Manaphy\n|-resisted|p1a: Manaphy\n|-damage|p1a: Manaphy|93\/100\n|\n|-heal|p1a: Manaphy|99\/100|[from] item: Leftovers\n|upkeep\n|turn|8\n|\n|t:|1700151673\n|move|p1a: Manaphy|Take Heart|p1a: Manaphy\n|-boost|p1a: Manaphy|spa|1\n|-boost|p1a: Manaphy|spd|1\n|move|p2a: Blissey|Thunder|p1a: Manaphy\n|-supereffective|p1a: Manaphy\n|-damage|p1a: Manaphy|73\/100\n|-status|p1a: Manaphy|par\n|\n|-heal|p1a: Manaphy|79\/100 par|[from] item: Leftovers\n|upkeep\n|turn|9\n|\n|t:|1700151687\n|cant|p1a: Manaphy|par\n|move|p2a: Blissey|Thunder|p1a: Manaphy\n|-supereffective|p1a: Manaphy\n|-damage|p1a: Manaphy|52\/100 par\n|\n|-heal|p1a: Manaphy|59\/100 par|[from] item: Leftovers\n|upkeep\n|turn|10\n|\n|t:|1700151694\n|move|p1a: Manaphy|Take Heart|p1a: Manaphy\n|-boost|p1a: Manaphy|spa|1\n|-boost|p1a: Manaphy|spd|1\n|-curestatus|p1a: Manaphy|par|[msg]\n|move|p2a: Blissey|Thunder|p1a: Manaphy|[miss]\n|-miss|p2a: Blissey|p1a: Manaphy\n|\n|-heal|p1a: Manaphy|65\/100|[from] item: Leftovers\n|upkeep\n|turn|11\n|\n|t:|1700151702\n|move|p1a: Manaphy|Take Heart|p1a: Manaphy\n|-boost|p1a: Manaphy|spa|1\n|-boost|p1a: Manaphy|spd|1\n|move|p2a: Blissey|Thunder|p1a: Manaphy\n|-supereffective|p1a: Manaphy\n|-damage|p1a: Manaphy|48\/100\n|\n|-heal|p1a: Manaphy|54\/100|[from] item: Leftovers\n|upkeep\n|turn|12\n|\n|t:|1700151709\n|move|p1a: Manaphy|Take Heart|p1a: Manaphy\n|-boost|p1a: Manaphy|spa|1\n|-boost|p1a: Manaphy|spd|1\n|move|p2a: Blissey|Thunder|p1a: Manaphy\n|-supereffective|p1a: Manaphy\n|-damage|p1a: Manaphy|39\/100\n|\n|-heal|p1a: Manaphy|45\/100|[from] item: Leftovers\n|upkeep\n|turn|13\n|\n|t:|1700151717\n|move|p1a: Manaphy|Take Heart|p1a: Manaphy\n|-boost|p1a: Manaphy|spa|1\n|-boost|p1a: Manaphy|spd|1\n|move|p2a: Blissey|Thunder|p1a: Manaphy\n|-supereffective|p1a: Manaphy\n|-damage|p1a: Manaphy|31\/100\n|\n|-heal|p1a: Manaphy|37\/100|[from] item: Leftovers\n|upkeep\n|turn|14\n|\n|t:|1700151726\n|move|p1a: Manaphy|Surf|p2a: Blissey\n|-damage|p2a: Blissey|53\/100\n|move|p2a: Blissey|Thunder|p1a: Manaphy|[miss]\n|-miss|p2a: Blissey|p1a: Manaphy\n|\n|-heal|p1a: Manaphy|44\/100|[from] item: Leftovers\n|-heal|p2a: Blissey|59\/100|[from] item: Leftovers\n|upkeep\n|turn|15\n|inactive|st3vepopz has 120 seconds left.\n|\n|t:|1700151783\n|move|p1a: Manaphy|Surf|p2a: Blissey\n|-damage|p2a: Blissey|12\/100\n|move|p2a: Blissey|Soft-Boiled|p2a: Blissey\n|-heal|p2a: Blissey|63\/100\n|\n|-heal|p1a: Manaphy|50\/100|[from] item: Leftovers\n|-heal|p2a: Blissey|69\/100|[from] item: Leftovers\n|upkeep\n|turn|16\n|\n|t:|1700151793\n|move|p1a: Manaphy|Surf|p2a: Blissey\n|-crit|p2a: Blissey\n|-damage|p2a: Blissey|3\/100\n|move|p2a: Blissey|Soft-Boiled|p2a: Blissey\n|-heal|p2a: Blissey|53\/100\n|\n|-heal|p1a: Manaphy|56\/100|[from] item: Leftovers\n|-heal|p2a: Blissey|59\/100|[from] item: Leftovers\n|upkeep\n|turn|17\n|\n|t:|1700151800\n|move|p1a: Manaphy|Surf|p2a: Blissey\n|-damage|p2a: Blissey|8\/100\n|move|p2a: Blissey|Soft-Boiled|p2a: Blissey\n|-heal|p2a: Blissey|58\/100\n|\n|-heal|p1a: Manaphy|62\/100|[from] item: Leftovers\n|-heal|p2a: Blissey|64\/100|[from] item: Leftovers\n|upkeep\n|turn|18\n|\n|t:|1700151808\n|move|p1a: Manaphy|Ice Beam|p2a: Blissey\n|-damage|p2a: Blissey|33\/100\n|move|p2a: Blissey|Soft-Boiled|p2a: Blissey\n|-heal|p2a: Blissey|83\/100\n|\n|-heal|p1a: Manaphy|68\/100|[from] item: Leftovers\n|-heal|p2a: Blissey|90\/100|[from] item: Leftovers\n|upkeep\n|turn|19\n|\n|t:|1700151816\n|move|p1a: Manaphy|Ice Beam|p2a: Blissey\n|-damage|p2a: Blissey|56\/100\n|move|p2a: Blissey|Thunder|p1a: Manaphy\n|-supereffective|p1a: Manaphy\n|-damage|p1a: Manaphy|54\/100\n|\n|-heal|p1a: Manaphy|60\/100|[from] item: Leftovers\n|-heal|p2a: Blissey|62\/100|[from] item: Leftovers\n|upkeep\n|turn|20\n|\n|t:|1700151824\n|move|p1a: Manaphy|Ice Beam|p2a: Blissey\n|-damage|p2a: Blissey|28\/100\n|-status|p2a: Blissey|frz\n|cant|p2a: Blissey|frz\n|\n|-heal|p1a: Manaphy|66\/100|[from] item: Leftovers\n|-heal|p2a: Blissey|35\/100 frz|[from] item: Leftovers\n|upkeep\n|turn|21\n|\n|t:|1700151836\n|move|p1a: Manaphy|Surf|p2a: Blissey\n|-damage|p2a: Blissey|0 fnt\n|faint|p2a: Blissey\n|\n|-heal|p1a: Manaphy|72\/100|[from] item: Leftovers\n|upkeep\n|\n|t:|1700151844\n|switch|p2a: Ogerpon|Ogerpon-Wellspring, F|100\/100\n|turn|22\n|\n|t:|1700151849\n|-terastallize|p2a: Ogerpon|Water\n|detailschange|p2a: Ogerpon|Ogerpon-Wellspring-Tera, F, tera:Water\n|-ability|p2a: Ogerpon|Embody Aspect (Wellspring)|boost\n|-boost|p2a: Ogerpon|spd|1\n|move|p1a: Manaphy|Ice Beam|p2a: Ogerpon\n|-resisted|p2a: Ogerpon\n|-damage|p2a: Ogerpon|61\/100\n|move|p2a: Ogerpon|Horn Leech|p1a: Manaphy\n|-supereffective|p1a: Manaphy\n|-damage|p1a: Manaphy|0 fnt\n|-heal|p2a: Ogerpon|100\/100|[from] drain|[of] p1a: Manaphy\n|faint|p1a: Manaphy\n|\n|upkeep\n|\n|t:|1700151865\n|switch|p1a: Cyclizar|Cyclizar, M|100\/100\n|turn|23\n|\n|t:|1700151881\n|switch|p2a: Kingambit|Kingambit, M|100\/100\n|-activate|p2a: Kingambit|ability: Supreme Overlord\n|-start|p2a: Kingambit|fallen2|[silent]\n|move|p1a: Cyclizar|Shift Gear|p1a: Cyclizar\n|-boost|p1a: Cyclizar|spe|2\n|-boost|p1a: Cyclizar|atk|1\n|\n|upkeep\n|turn|24\n|\n|t:|1700151891\n|move|p1a: Cyclizar|U-turn|p2a: Kingambit\n|-crit|p2a: Kingambit\n|-damage|p2a: Kingambit|62\/100\n|inactive|st3vepopz has 120 seconds left.\n|\n|t:|1700151925\n|switch|p1a: Clefable|Clefable, F|100\/100|[from] U-turn\n|move|p2a: Kingambit|Iron Head|p1a: Clefable\n|-supereffective|p1a: Clefable\n|-damage|p1a: Clefable|0 fnt\n|faint|p1a: Clefable\n|\n|upkeep\n|\n|t:|1700151928\n|switch|p1a: Gholdengo|Gholdengo|100\/100\n|turn|25\n|-message|st3vepopz forfeited.\n|\n|win|krelenlor\n|raw|st3vepopz's rating: 1147 &rarr; <strong>1119<\/strong><br \/>(-28 for losing)\n|raw|krelenlor's rating: 1107 &rarr; <strong>1135<\/strong><br \/>(+28 for winning)\n|l|\u2606st3vepopz\n","uploadtime":1700151944,"views":14,"p1id":"st3vepopz","p2id":"krelenlor","formatid":"gen9ou","rating":1119,"private":0,"password":""}