{"id":"gen9ou-2000475591","p1":"Waliwigi101","p2":"FutureZombie07","format":"[Gen 9] OU","log":"|j|\u2606Waliwigi101\n|j|\u2606FutureZombie07\n|t:|1701197939\n|gametype|singles\n|player|p1|Waliwigi101|swimmer|\n|player|p2|FutureZombie07|burglar|\n|teamsize|p1|6\n|teamsize|p2|6\n|gen|9\n|tier|[Gen 9] OU\n|rule|Sleep Clause Mod: Limit one foe put to sleep\n|rule|Species Clause: Limit one of each Pok\u00e9mon\n|rule|OHKO Clause: OHKO moves are banned\n|rule|Evasion Items Clause: Evasion items are banned\n|rule|Evasion Moves Clause: Evasion moves are banned\n|rule|Endless Battle Clause: Forcing endless battles is banned\n|rule|HP Percentage Mod: HP is shown in percentages\n|clearpoke\n|poke|p1|Kingambit, F|\n|poke|p1|Gholdengo|\n|poke|p1|Blissey, F|\n|poke|p1|Clefable, F|\n|poke|p1|Dragapult, M|\n|poke|p1|Heatran, M|\n|poke|p2|Breloom, M|\n|poke|p2|Toxapex, M|\n|poke|p2|Rillaboom, M|\n|poke|p2|Blissey, F|\n|poke|p2|Greninja-*, M|\n|poke|p2|Kingambit, M|\n|teampreview\n|\n|t:|1701197948\n|start\n|switch|p1a: Clefable|Clefable, F|100\/100\n|switch|p2a: Annoying Orange|Breloom, M, shiny|100\/100\n|turn|1\n|\n|t:|1701197963\n|move|p2a: Annoying Orange|Bulk Up|p2a: Annoying Orange\n|-boost|p2a: Annoying Orange|atk|1\n|-boost|p2a: Annoying Orange|def|1\n|move|p1a: Clefable|Draining Kiss|p2a: Annoying Orange\n|-supereffective|p2a: Annoying Orange\n|-damage|p2a: Annoying Orange|63\/100\n|\n|-status|p2a: Annoying Orange|tox|[from] item: Toxic Orb\n|upkeep\n|turn|2\n|j| Sachcue\n|l| Sachcue\n|\n|t:|1701197976\n|move|p2a: Annoying Orange|Spore|p1a: Clefable\n|-status|p1a: Clefable|slp|[from] move: Spore\n|cant|p1a: Clefable|slp\n|\n|-heal|p2a: Annoying Orange|76\/100 tox|[from] ability: Poison Heal\n|upkeep\n|turn|3\n|\n|t:|1701197988\n|-terastallize|p1a: Clefable|Fairy\n|move|p2a: Annoying Orange|Bulk Up|p2a: Annoying Orange\n|-boost|p2a: Annoying Orange|atk|1\n|-boost|p2a: Annoying Orange|def|1\n|cant|p1a: Clefable|slp\n|\n|-heal|p2a: Annoying Orange|88\/100 tox|[from] ability: Poison Heal\n|upkeep\n|turn|4\n|\n|t:|1701198001\n|move|p2a: Annoying Orange|Bulk Up|p2a: Annoying Orange\n|-boost|p2a: Annoying Orange|atk|1\n|-boost|p2a: Annoying Orange|def|1\n|-curestatus|p1a: Clefable|slp|[msg]\n|move|p1a: Clefable|Drain Punch|p2a: Annoying Orange\n|-damage|p2a: Annoying Orange|82\/100 tox\n|\n|-heal|p2a: Annoying Orange|94\/100 tox|[from] ability: Poison Heal\n|upkeep\n|turn|5\n|\n|t:|1701198017\n|move|p2a: Annoying Orange|Facade|p1a: Clefable\n|-damage|p1a: Clefable|25\/100\n|move|p1a: Clefable|Draining Kiss|p2a: Annoying Orange\n|-supereffective|p2a: Annoying Orange\n|-damage|p2a: Annoying Orange|35\/100 tox\n|-heal|p1a: Clefable|61\/100|[from] drain|[of] p2a: Annoying Orange\n|\n|-heal|p1a: Clefable|67\/100|[from] item: Leftovers\n|-heal|p2a: Annoying Orange|47\/100 tox|[from] ability: Poison Heal\n|upkeep\n|turn|6\n|\n|t:|1701198030\n|move|p2a: Annoying Orange|Spore|p1a: Clefable\n|-status|p1a: Clefable|slp|[from] move: Spore\n|cant|p1a: Clefable|slp\n|\n|-heal|p1a: Clefable|73\/100 slp|[from] item: Leftovers\n|-heal|p2a: Annoying Orange|60\/100 tox|[from] ability: Poison Heal\n|upkeep\n|turn|7\n|\n|t:|1701198039\n|move|p2a: Annoying Orange|Bulk Up|p2a: Annoying Orange\n|-boost|p2a: Annoying Orange|atk|1\n|-boost|p2a: Annoying Orange|def|1\n|-curestatus|p1a: Clefable|slp|[msg]\n|move|p1a: Clefable|Draining Kiss|p2a: Annoying Orange\n|-supereffective|p2a: Annoying Orange\n|-damage|p2a: Annoying Orange|5\/100 tox\n|-heal|p1a: Clefable|100\/100|[from] drain|[of] p2a: Annoying Orange\n|\n|-heal|p2a: Annoying Orange|18\/100 tox|[from] ability: Poison Heal\n|upkeep\n|turn|8\n|\n|t:|1701198050\n|move|p2a: Annoying Orange|Facade|p1a: Clefable\n|-damage|p1a: Clefable|16\/100\n|move|p1a: Clefable|Draining Kiss|p2a: Annoying Orange\n|-supereffective|p2a: Annoying Orange\n|-damage|p2a: Annoying Orange|0 fnt\n|-heal|p1a: Clefable|27\/100|[from] drain|[of] p2a: Annoying Orange\n|faint|p2a: Annoying Orange\n|\n|-heal|p1a: Clefable|33\/100|[from] item: Leftovers\n|upkeep\n|\n|t:|1701198070\n|switch|p2a: Egg witch|Blissey, F|100\/100\n|turn|9\n|\n|t:|1701198091\n|switch|p2a: TF2 Engineer|Toxapex, M, shiny|100\/100\n|move|p1a: Clefable|Drain Punch|p2a: TF2 Engineer\n|-resisted|p2a: TF2 Engineer\n|-damage|p2a: TF2 Engineer|96\/100\n|-heal|p1a: Clefable|35\/100|[from] drain|[of] p2a: TF2 Engineer\n|\n|-heal|p1a: Clefable|41\/100|[from] item: Leftovers\n|upkeep\n|turn|10\n|\n|t:|1701198105\n|move|p1a: Clefable|Chilling Water|p2a: TF2 Engineer\n|-resisted|p2a: TF2 Engineer\n|-damage|p2a: TF2 Engineer|92\/100\n|-unboost|p2a: TF2 Engineer|atk|1\n|move|p2a: TF2 Engineer|Toxic Spikes|p1a: Clefable\n|-sidestart|p1: Waliwigi101|move: Toxic Spikes\n|\n|-heal|p1a: Clefable|47\/100|[from] item: Leftovers\n|upkeep\n|turn|11\n|\n|t:|1701198116\n|move|p2a: TF2 Engineer|Baneful Bunker|p2a: TF2 Engineer\n|-singleturn|p2a: TF2 Engineer|move: Protect\n|move|p1a: Clefable|Chilling Water|p2a: TF2 Engineer\n|-activate|p2a: TF2 Engineer|move: Protect\n|\n|-heal|p1a: Clefable|53\/100|[from] item: Leftovers\n|upkeep\n|turn|12\n|\n|t:|1701198127\n|move|p1a: Clefable|Draining Kiss|p2a: TF2 Engineer\n|-resisted|p2a: TF2 Engineer\n|-crit|p2a: TF2 Engineer\n|-damage|p2a: TF2 Engineer|75\/100\n|-heal|p1a: Clefable|62\/100|[from] drain|[of] p2a: TF2 Engineer\n|move|p2a: TF2 Engineer|Ice Beam|p1a: Clefable\n|-crit|p1a: Clefable\n|-damage|p1a: Clefable|45\/100\n|\n|-heal|p1a: Clefable|51\/100|[from] item: Leftovers\n|upkeep\n|turn|13\n|\n|t:|1701198138\n|move|p1a: Clefable|Chilling Water|p2a: TF2 Engineer\n|-resisted|p2a: TF2 Engineer\n|-damage|p2a: TF2 Engineer|70\/100\n|-unboost|p2a: TF2 Engineer|atk|1\n|move|p2a: TF2 Engineer|Ice Beam|p1a: Clefable\n|-damage|p1a: Clefable|40\/100\n|\n|-heal|p1a: Clefable|46\/100|[from] item: Leftovers\n|upkeep\n|turn|14\n|\n|t:|1701198153\n|move|p1a: Clefable|Chilling Water|p2a: TF2 Engineer\n|-resisted|p2a: TF2 Engineer\n|-damage|p2a: TF2 Engineer|66\/100\n|-unboost|p2a: TF2 Engineer|atk|1\n|move|p2a: TF2 Engineer|Ice Beam|p1a: Clefable\n|-damage|p1a: Clefable|34\/100\n|\n|-heal|p1a: Clefable|40\/100|[from] item: Leftovers\n|upkeep\n|turn|15\n|\n|t:|1701198164\n|move|p1a: Clefable|Draining Kiss|p2a: TF2 Engineer\n|-resisted|p2a: TF2 Engineer\n|-damage|p2a: TF2 Engineer|55\/100\n|-heal|p1a: Clefable|46\/100|[from] drain|[of] p2a: TF2 Engineer\n|move|p2a: TF2 Engineer|Ice Beam|p1a: Clefable\n|-damage|p1a: Clefable|35\/100\n|\n|-heal|p1a: Clefable|41\/100|[from] item: Leftovers\n|upkeep\n|turn|16\n|\n|t:|1701198175\n|move|p1a: Clefable|Drain Punch|p2a: TF2 Engineer\n|-resisted|p2a: TF2 Engineer\n|-damage|p2a: TF2 Engineer|51\/100\n|-heal|p1a: Clefable|43\/100|[from] drain|[of] p2a: TF2 Engineer\n|move|p2a: TF2 Engineer|Ice Beam|p1a: Clefable\n|-damage|p1a: Clefable|30\/100\n|\n|-heal|p1a: Clefable|36\/100|[from] item: Leftovers\n|upkeep\n|turn|17\n|\n|t:|1701198186\n|move|p2a: TF2 Engineer|Baneful Bunker|p2a: TF2 Engineer\n|-singleturn|p2a: TF2 Engineer|move: Protect\n|move|p1a: Clefable|Drain Punch|p2a: TF2 Engineer\n|-activate|p2a: TF2 Engineer|move: Protect\n|-status|p1a: Clefable|psn\n|\n|-heal|p1a: Clefable|42\/100 psn|[from] item: Leftovers\n|upkeep\n|turn|18\n|\n|t:|1701198197\n|move|p1a: Clefable|Facade|p2a: TF2 Engineer\n|-damage|p2a: TF2 Engineer|36\/100\n|move|p2a: TF2 Engineer|Recover|p2a: TF2 Engineer\n|-heal|p2a: TF2 Engineer|86\/100\n|\n|-heal|p1a: Clefable|48\/100 psn|[from] item: Leftovers\n|upkeep\n|turn|19\n|\n|t:|1701198207\n|move|p1a: Clefable|Facade|p2a: TF2 Engineer\n|-damage|p2a: TF2 Engineer|70\/100\n|move|p2a: TF2 Engineer|Ice Beam|p1a: Clefable\n|-damage|p1a: Clefable|36\/100 psn\n|\n|-heal|p1a: Clefable|42\/100 psn|[from] item: Leftovers\n|upkeep\n|turn|20\n|\n|t:|1701198216\n|move|p1a: Clefable|Facade|p2a: TF2 Engineer\n|-damage|p2a: TF2 Engineer|56\/100\n|move|p2a: TF2 Engineer|Ice Beam|p1a: Clefable\n|-damage|p1a: Clefable|30\/100 psn\n|\n|-heal|p1a: Clefable|36\/100 psn|[from] item: Leftovers\n|upkeep\n|turn|21\n|\n|t:|1701198228\n|move|p1a: Clefable|Facade|p2a: TF2 Engineer\n|-damage|p2a: TF2 Engineer|42\/100\n|move|p2a: TF2 Engineer|Recover|p2a: TF2 Engineer\n|-heal|p2a: TF2 Engineer|92\/100\n|\n|-heal|p1a: Clefable|42\/100 psn|[from] item: Leftovers\n|upkeep\n|turn|22\n|\n|t:|1701198241\n|switch|p2a: GGREV2 Potemkin|Rillaboom, M, shiny|100\/100\n|-fieldstart|move: Grassy Terrain|[from] ability: Grassy Surge|[of] p2a: GGREV2 Potemkin\n|move|p1a: Clefable|Draining Kiss|p2a: GGREV2 Potemkin\n|-damage|p2a: GGREV2 Potemkin|73\/100\n|-heal|p1a: Clefable|64\/100 psn|[from] drain|[of] p2a: GGREV2 Potemkin\n|\n|-heal|p2a: GGREV2 Potemkin|79\/100|[from] Grassy Terrain\n|-heal|p2a: GGREV2 Potemkin|85\/100|[from] item: Leftovers\n|-heal|p1a: Clefable|70\/100 psn|[from] Grassy Terrain\n|-heal|p1a: Clefable|76\/100 psn|[from] item: Leftovers\n|upkeep\n|turn|23\n|\n|t:|1701198259\n|move|p2a: GGREV2 Potemkin|Knock Off|p1a: Clefable\n|-resisted|p1a: Clefable\n|-damage|p1a: Clefable|61\/100 psn\n|-enditem|p1a: Clefable|Leftovers|[from] move: Knock Off|[of] p2a: GGREV2 Potemkin\n|move|p1a: Clefable|Drain Punch|p2a: GGREV2 Potemkin\n|-damage|p2a: GGREV2 Potemkin|73\/100\n|-heal|p1a: Clefable|68\/100 psn|[from] drain|[of] p2a: GGREV2 Potemkin\n|\n|-heal|p2a: GGREV2 Potemkin|79\/100|[from] Grassy Terrain\n|-heal|p2a: GGREV2 Potemkin|86\/100|[from] item: Leftovers\n|-heal|p1a: Clefable|74\/100 psn|[from] Grassy Terrain\n|upkeep\n|turn|24\n|\n|t:|1701198273\n|move|p2a: GGREV2 Potemkin|Grassy Glide|p1a: Clefable\n|-damage|p1a: Clefable|43\/100 psn\n|move|p1a: Clefable|Draining Kiss|p2a: GGREV2 Potemkin\n|-damage|p2a: GGREV2 Potemkin|54\/100\n|-heal|p1a: Clefable|67\/100 psn|[from] drain|[of] p2a: GGREV2 Potemkin\n|\n|-heal|p2a: GGREV2 Potemkin|61\/100|[from] Grassy Terrain\n|-heal|p2a: GGREV2 Potemkin|67\/100|[from] item: Leftovers\n|-heal|p1a: Clefable|73\/100 psn|[from] Grassy Terrain\n|upkeep\n|turn|25\n|\n|t:|1701198296\n|move|p2a: GGREV2 Potemkin|Knock Off|p1a: Clefable\n|-resisted|p1a: Clefable\n|-damage|p1a: Clefable|63\/100 psn\n|move|p1a: Clefable|Chilling Water|p2a: GGREV2 Potemkin\n|-resisted|p2a: GGREV2 Potemkin\n|-damage|p2a: GGREV2 Potemkin|61\/100\n|-unboost|p2a: GGREV2 Potemkin|atk|1\n|\n|-heal|p2a: GGREV2 Potemkin|67\/100|[from] Grassy Terrain\n|-heal|p2a: GGREV2 Potemkin|73\/100|[from] item: Leftovers\n|-heal|p1a: Clefable|70\/100 psn|[from] Grassy Terrain\n|upkeep\n|turn|26\n|\n|t:|1701198309\n|switch|p2a: GGXXAC+R Chipp|Greninja, M|100\/100\n|move|p1a: Clefable|Facade|p2a: GGXXAC+R Chipp\n|-damage|p2a: GGXXAC+R Chipp|60\/100\n|\n|-heal|p2a: GGXXAC+R Chipp|66\/100|[from] Grassy Terrain\n|-heal|p1a: Clefable|76\/100 psn|[from] Grassy Terrain\n|-fieldend|move: Grassy Terrain\n|upkeep\n|turn|27\n|\n|t:|1701198324\n|move|p2a: GGXXAC+R Chipp|Surf|p1a: Clefable\n|-damage|p1a: Clefable|21\/100 psn\n|move|p1a: Clefable|Draining Kiss|p2a: GGXXAC+R Chipp\n|-supereffective|p2a: GGXXAC+R Chipp\n|-damage|p2a: GGXXAC+R Chipp|0 fnt\n|-heal|p1a: Clefable|57\/100 psn|[from] drain|[of] p2a: GGXXAC+R Chipp\n|faint|p2a: GGXXAC+R Chipp\n|\n|upkeep\n|\n|t:|1701198356\n|switch|p2a: Comeback Mechanic|Kingambit, M, shiny|100\/100\n|-activate|p2a: Comeback Mechanic|ability: Supreme Overlord\n|-start|p2a: Comeback Mechanic|fallen2|[silent]\n|turn|28\n|\n|t:|1701198374\n|move|p1a: Clefable|Drain Punch|p2a: Comeback Mechanic\n|-supereffective|p2a: Comeback Mechanic\n|-damage|p2a: Comeback Mechanic|61\/100\n|-heal|p1a: Clefable|77\/100 psn|[from] drain|[of] p2a: Comeback Mechanic\n|move|p2a: Comeback Mechanic|Kowtow Cleave|p1a: Clefable\n|-resisted|p1a: Clefable\n|-damage|p1a: Clefable|54\/100 psn\n|\n|-heal|p2a: Comeback Mechanic|67\/100|[from] item: Leftovers\n|upkeep\n|turn|29\n|\n|t:|1701198393\n|move|p2a: Comeback Mechanic|Sucker Punch|p1a: Clefable\n|-resisted|p1a: Clefable\n|-damage|p1a: Clefable|34\/100 psn\n|move|p1a: Clefable|Drain Punch|p2a: Comeback Mechanic\n|-supereffective|p2a: Comeback Mechanic\n|-damage|p2a: Comeback Mechanic|26\/100\n|-heal|p1a: Clefable|55\/100 psn|[from] drain|[of] p2a: Comeback Mechanic\n|\n|-heal|p2a: Comeback Mechanic|33\/100|[from] item: Leftovers\n|upkeep\n|turn|30\n|\n|t:|1701198408\n|-end|p2a: Comeback Mechanic|fallen2|[silent]\n|switch|p2a: TF2 Engineer|Toxapex, M, shiny|100\/100\n|move|p1a: Clefable|Drain Punch|p2a: TF2 Engineer\n|-resisted|p2a: TF2 Engineer\n|-damage|p2a: TF2 Engineer|97\/100\n|-heal|p1a: Clefable|57\/100 psn|[from] drain|[of] p2a: TF2 Engineer\n|\n|upkeep\n|turn|31\n|\n|t:|1701198422\n|move|p1a: Clefable|Facade|p2a: TF2 Engineer\n|-damage|p2a: TF2 Engineer|82\/100\n|move|p2a: TF2 Engineer|Ice Beam|p1a: Clefable\n|-damage|p1a: Clefable|45\/100 psn\n|\n|upkeep\n|turn|32\n|\n|t:|1701198433\n|move|p1a: Clefable|Draining Kiss|p2a: TF2 Engineer\n|-resisted|p2a: TF2 Engineer\n|-damage|p2a: TF2 Engineer|71\/100\n|-heal|p1a: Clefable|51\/100 psn|[from] drain|[of] p2a: TF2 Engineer\n|move|p2a: TF2 Engineer|Ice Beam|p1a: Clefable\n|-crit|p1a: Clefable\n|-damage|p1a: Clefable|33\/100 psn\n|\n|upkeep\n|turn|33\n|\n|t:|1701198442\n|move|p1a: Clefable|Draining Kiss|p2a: TF2 Engineer\n|-resisted|p2a: TF2 Engineer\n|-damage|p2a: TF2 Engineer|61\/100\n|-heal|p1a: Clefable|39\/100 psn|[from] drain|[of] p2a: TF2 Engineer\n|move|p2a: TF2 Engineer|Ice Beam|p1a: Clefable\n|-damage|p1a: Clefable|26\/100 psn\n|\n|upkeep\n|turn|34\n|\n|t:|1701198451\n|move|p1a: Clefable|Facade|p2a: TF2 Engineer\n|-damage|p2a: TF2 Engineer|46\/100\n|move|p2a: TF2 Engineer|Ice Beam|p1a: Clefable\n|-damage|p1a: Clefable|15\/100 psn\n|\n|upkeep\n|turn|35\n|\n|t:|1701198458\n|move|p1a: Clefable|Facade|p2a: TF2 Engineer\n|-damage|p2a: TF2 Engineer|32\/100\n|move|p2a: TF2 Engineer|Recover|p2a: TF2 Engineer\n|-heal|p2a: TF2 Engineer|82\/100\n|\n|upkeep\n|turn|36\n|\n|t:|1701198465\n|move|p1a: Clefable|Facade|p2a: TF2 Engineer\n|-damage|p2a: TF2 Engineer|66\/100\n|move|p2a: TF2 Engineer|Ice Beam|p1a: Clefable\n|-damage|p1a: Clefable|3\/100 psn\n|\n|upkeep\n|turn|37\n|\n|t:|1701198472\n|move|p1a: Clefable|Facade|p2a: TF2 Engineer\n|-damage|p2a: TF2 Engineer|51\/100\n|move|p2a: TF2 Engineer|Ice Beam|p1a: Clefable\n|-damage|p1a: Clefable|0 fnt\n|faint|p1a: Clefable\n|\n|upkeep\n|\n|t:|1701198484\n|switch|p1a: Heatran|Heatran, M|100\/100\n|turn|38\n|\n|t:|1701198497\n|move|p1a: Heatran|Earthquake|p2a: TF2 Engineer\n|-supereffective|p2a: TF2 Engineer\n|-crit|p2a: TF2 Engineer\n|-damage|p2a: TF2 Engineer|11\/100\n|move|p2a: TF2 Engineer|Ice Beam|p1a: Heatran\n|-resisted|p1a: Heatran\n|-damage|p1a: Heatran|98\/100\n|\n|upkeep\n|turn|39\n|\n|t:|1701198507\n|move|p1a: Heatran|Earthquake|p2a: TF2 Engineer\n|-supereffective|p2a: TF2 Engineer\n|-damage|p2a: TF2 Engineer|0 fnt\n|faint|p2a: TF2 Engineer\n|\n|upkeep\n|\n|t:|1701198517\n|switch|p2a: Egg witch|Blissey, F|100\/100\n|turn|40\n|\n|t:|1701198532\n|move|p1a: Heatran|Flare Blitz|p2a: Egg witch\n|-damage|p2a: Egg witch|61\/100\n|-damage|p1a: Heatran|69\/100|[from] Recoil\n|move|p2a: Egg witch|Heal Bell||[still]\n|-activate|p2a: Egg witch|move: Heal Bell\n|-fail|p2a: Egg witch\n|\n|-heal|p2a: Egg witch|67\/100|[from] item: Leftovers\n|upkeep\n|turn|41\n|\n|t:|1701198551\n|move|p1a: Heatran|Fire Fang|p2a: Egg witch\n|-damage|p2a: Egg witch|49\/100\n|-status|p2a: Egg witch|brn\n|move|p2a: Egg witch|Healing Wish|p2a: Egg witch\n|faint|p2a: Egg witch\n|\n|upkeep\n|\n|t:|1701198560\n|switch|p2a: Comeback Mechanic|Kingambit, M, shiny|33\/100\n|-heal|p2a: Comeback Mechanic|100\/100|[from] move: Healing Wish\n|-activate|p2a: Comeback Mechanic|ability: Supreme Overlord\n|-start|p2a: Comeback Mechanic|fallen4|[silent]\n|turn|42\n|\n|t:|1701198578\n|move|p1a: Heatran|Earthquake|p2a: Comeback Mechanic\n|-supereffective|p2a: Comeback Mechanic\n|-damage|p2a: Comeback Mechanic|71\/100\n|move|p2a: Comeback Mechanic|Kowtow Cleave|p1a: Heatran\n|-damage|p1a: Heatran|21\/100\n|\n|-heal|p2a: Comeback Mechanic|77\/100|[from] item: Leftovers\n|upkeep\n|turn|43\n|\n|t:|1701198596\n|move|p2a: Comeback Mechanic|Sucker Punch|p1a: Heatran\n|-damage|p1a: Heatran|0 fnt\n|faint|p1a: Heatran\n|\n|-heal|p2a: Comeback Mechanic|84\/100|[from] item: Leftovers\n|upkeep\n|\n|t:|1701198604\n|switch|p1a: Gholdengo|Gholdengo|100\/100\n|turn|44\n|\n|t:|1701198618\n|move|p1a: Gholdengo|Low Kick|p2a: Comeback Mechanic\n|-supereffective|p2a: Comeback Mechanic\n|-damage|p2a: Comeback Mechanic|33\/100\n|move|p2a: Comeback Mechanic|Kowtow Cleave|p1a: Gholdengo\n|-supereffective|p1a: Gholdengo\n|-damage|p1a: Gholdengo|0 fnt\n|faint|p1a: Gholdengo\n|\n|-heal|p2a: Comeback Mechanic|39\/100|[from] item: Leftovers\n|upkeep\n|\n|t:|1701198632\n|switch|p1a: Dragapult|Dragapult, M|100\/100\n|-status|p1a: Dragapult|psn\n|turn|45\n|\n|t:|1701198637\n|move|p1a: Dragapult|Disable|p2a: Comeback Mechanic\n|-start|p2a: Comeback Mechanic|Disable|Kowtow Cleave\n|cant|p2a: Comeback Mechanic|Disable|Kowtow Cleave\n|\n|-heal|p2a: Comeback Mechanic|46\/100|[from] item: Leftovers\n|-damage|p1a: Dragapult|88\/100 psn|[from] psn\n|upkeep\n|turn|46\n|\n|t:|1701198650\n|move|p2a: Comeback Mechanic|Sucker Punch|p1a: Dragapult\n|-supereffective|p1a: Dragapult\n|-damage|p1a: Dragapult|0 fnt\n|faint|p1a: Dragapult\n|\n|-heal|p2a: Comeback Mechanic|52\/100|[from] item: Leftovers\n|upkeep\n|\n|t:|1701198657\n|switch|p1a: Blissey|Blissey, F|100\/100\n|-status|p1a: Blissey|psn\n|turn|47\n|\n|t:|1701198664\n|move|p1a: Blissey|Grass Knot|p2a: Comeback Mechanic\n|-resisted|p2a: Comeback Mechanic\n|-damage|p2a: Comeback Mechanic|43\/100\n|move|p2a: Comeback Mechanic|Iron Head|p1a: Blissey\n|-damage|p1a: Blissey|0 fnt\n|faint|p1a: Blissey\n|\n|-heal|p2a: Comeback Mechanic|50\/100|[from] item: Leftovers\n|upkeep\n|\n|t:|1701198675\n|switch|p1a: Kingambit|Kingambit, F, shiny|100\/100\n|-activate|p1a: Kingambit|ability: Supreme Overlord\n|-start|p1a: Kingambit|fallen5|[silent]\n|turn|48\n|\n|t:|1701198680\n|move|p1a: Kingambit|Kowtow Cleave|p2a: Comeback Mechanic\n|-resisted|p2a: Comeback Mechanic\n|-damage|p2a: Comeback Mechanic|28\/100\n|move|p2a: Comeback Mechanic|Iron Head|p1a: Kingambit\n|-resisted|p1a: Kingambit\n|-damage|p1a: Kingambit|74\/100\n|\n|-heal|p2a: Comeback Mechanic|34\/100|[from] item: Leftovers\n|-end|p2a: Comeback Mechanic|Disable\n|upkeep\n|turn|49\n|\n|t:|1701198712\n|move|p1a: Kingambit|Air Slash|p2a: Comeback Mechanic\n|-resisted|p2a: Comeback Mechanic\n|-damage|p2a: Comeback Mechanic|23\/100\n|move|p2a: Comeback Mechanic|Swords Dance|p2a: Comeback Mechanic\n|-boost|p2a: Comeback Mechanic|atk|2\n|\n|-heal|p2a: Comeback Mechanic|29\/100|[from] item: Leftovers\n|upkeep\n|turn|50\n|\n|t:|1701198722\n|move|p1a: Kingambit|Kowtow Cleave|p2a: Comeback Mechanic\n|-resisted|p2a: Comeback Mechanic\n|-damage|p2a: Comeback Mechanic|6\/100\n|move|p2a: Comeback Mechanic|Iron Head|p1a: Kingambit\n|-resisted|p1a: Kingambit\n|-damage|p1a: Kingambit|15\/100\n|\n|-heal|p2a: Comeback Mechanic|12\/100|[from] item: Leftovers\n|upkeep\n|turn|51\n|\n|t:|1701198732\n|move|p2a: Comeback Mechanic|Sucker Punch|p1a: Kingambit\n|-resisted|p1a: Kingambit\n|-damage|p1a: Kingambit|0 fnt\n|faint|p1a: Kingambit\n|-end|p1a: Kingambit|fallen5|[silent]\n|\n|win|FutureZombie07\n|l|\u2606Waliwigi101\n","uploadtime":1701198774,"views":2,"p1id":"waliwigi101","p2id":"futurezombie07","formatid":"gen9ou","rating":0,"private":0,"password":""}