{"id":"gen9ou-1990655590","p1":"CheetosD","p2":"OctoberSmith","format":"[Gen 9] OU","log":"|j|\u2606CheetosD\n|j|\u2606OctoberSmith\n|t:|1699989195\n|gametype|singles\n|player|p1|CheetosD|skierf|1116\n|player|p2|OctoberSmith|170|1041\n|teamsize|p1|6\n|teamsize|p2|6\n|gen|9\n|tier|[Gen 9] OU\n|rated|\n|rule|Sleep Clause Mod: Limit one foe put to sleep\n|rule|Species Clause: Limit one of each Pok\u00e9mon\n|rule|OHKO Clause: OHKO moves are banned\n|rule|Evasion Items Clause: Evasion items are banned\n|rule|Evasion Moves Clause: Evasion moves are banned\n|rule|Endless Battle Clause: Forcing endless battles is banned\n|rule|HP Percentage Mod: HP is shown in percentages\n|clearpoke\n|poke|p1|Azelf|\n|poke|p1|Krookodile, F|\n|poke|p1|Goodra-Hisui, F|\n|poke|p1|Ogerpon-Wellspring, F|\n|poke|p1|Mandibuzz, F|\n|poke|p1|Clefable, M|\n|poke|p2|Leavanny, M|\n|poke|p2|Great Tusk|\n|poke|p2|Azumarill, F|\n|poke|p2|Gengar, M|\n|poke|p2|Toxapex, F|\n|poke|p2|Dragalge, F|\n|teampreview\n|inactive|Battle timer is ON: inactive players will automatically lose when time's up. (requested by CheetosD)\n|\n|t:|1699989205\n|start\n|switch|p1a: Azelf|Azelf|100\/100\n|switch|p2a: Leavanny|Leavanny, M|100\/100\n|turn|1\n|\n|t:|1699989213\n|move|p1a: Azelf|Reflect|p1a: Azelf\n|-sidestart|p1: CheetosD|Reflect\n|move|p2a: Leavanny|Knock Off|p1a: Azelf\n|-supereffective|p1a: Azelf\n|-damage|p1a: Azelf|66\/100\n|-enditem|p1a: Azelf|Light Clay|[from] move: Knock Off|[of] p2a: Leavanny\n|\n|upkeep\n|turn|2\n|\n|t:|1699989222\n|move|p1a: Azelf|Thunder Wave|p2a: Leavanny\n|-status|p2a: Leavanny|par\n|move|p2a: Leavanny|X-Scissor|p1a: Azelf\n|-supereffective|p1a: Azelf\n|-damage|p1a: Azelf|23\/100\n|\n|upkeep\n|turn|3\n|\n|t:|1699989228\n|move|p1a: Azelf|U-turn|p2a: Leavanny\n|-supereffective|p2a: Leavanny\n|-damage|p2a: Leavanny|41\/100 par\n|\n|t:|1699989230\n|switch|p1a: Clefable|Clefable, M, shiny|100\/100|[from] U-turn\n|move|p2a: Leavanny|X-Scissor|p1a: Clefable\n|-resisted|p1a: Clefable\n|-crit|p1a: Clefable\n|-damage|p1a: Clefable|71\/100\n|\n|-heal|p1a: Clefable|77\/100|[from] item: Leftovers\n|upkeep\n|turn|4\n|\n|t:|1699989236\n|move|p1a: Clefable|Cosmic Power|p1a: Clefable\n|-boost|p1a: Clefable|def|1\n|-boost|p1a: Clefable|spd|1\n|cant|p2a: Leavanny|par\n|\n|-heal|p1a: Clefable|83\/100|[from] item: Leftovers\n|upkeep\n|turn|5\n|\n|t:|1699989240\n|move|p1a: Clefable|Cosmic Power|p1a: Clefable\n|-boost|p1a: Clefable|def|1\n|-boost|p1a: Clefable|spd|1\n|cant|p2a: Leavanny|par\n|\n|-heal|p1a: Clefable|89\/100|[from] item: Leftovers\n|upkeep\n|turn|6\n|\n|t:|1699989246\n|move|p1a: Clefable|Cosmic Power|p1a: Clefable\n|-boost|p1a: Clefable|def|1\n|-boost|p1a: Clefable|spd|1\n|cant|p2a: Leavanny|par\n|\n|-heal|p1a: Clefable|95\/100|[from] item: Leftovers\n|upkeep\n|turn|7\n|\n|t:|1699989251\n|move|p1a: Clefable|Cosmic Power|p1a: Clefable\n|-boost|p1a: Clefable|def|1\n|-boost|p1a: Clefable|spd|1\n|cant|p2a: Leavanny|par\n|\n|-heal|p1a: Clefable|100\/100|[from] item: Leftovers\n|upkeep\n|turn|8\n|c|\u2606CheetosD|LOL\n|\n|t:|1699989259\n|move|p1a: Clefable|Cosmic Power|p1a: Clefable\n|-boost|p1a: Clefable|def|1\n|-boost|p1a: Clefable|spd|1\n|cant|p2a: Leavanny|par\n|\n|-sideend|p1: CheetosD|Reflect\n|upkeep\n|turn|9\n|\n|t:|1699989268\n|move|p1a: Clefable|Cosmic Power|p1a: Clefable\n|-boost|p1a: Clefable|def|1\n|-boost|p1a: Clefable|spd|1\n|move|p2a: Leavanny|Sticky Web|p1a: Clefable\n|-sidestart|p1: CheetosD|move: Sticky Web\n|\n|upkeep\n|turn|10\n|\n|t:|1699989277\n|move|p1a: Clefable|Moonblast|p2a: Leavanny\n|-damage|p2a: Leavanny|0 fnt\n|faint|p2a: Leavanny\n|\n|upkeep\n|\n|t:|1699989281\n|switch|p2a: Toxapex|Toxapex, F|100\/100\n|turn|11\n|\n|t:|1699989287\n|move|p1a: Clefable|Stored Power|p2a: Toxapex\n|-supereffective|p2a: Toxapex\n|-damage|p2a: Toxapex|0 fnt\n|faint|p2a: Toxapex\n|\n|upkeep\n|\n|t:|1699989296\n|switch|p2a: Gengar|Gengar, M|100\/100\n|turn|12\n|\n|t:|1699989300\n|move|p2a: Gengar|Sludge Bomb|p1a: Clefable\n|-supereffective|p1a: Clefable\n|-damage|p1a: Clefable|71\/100\n|-damage|p2a: Gengar|91\/100|[from] item: Life Orb\n|move|p1a: Clefable|Stored Power|p2a: Gengar\n|-supereffective|p2a: Gengar\n|-damage|p2a: Gengar|0 fnt\n|faint|p2a: Gengar\n|\n|-heal|p1a: Clefable|77\/100|[from] item: Leftovers\n|upkeep\n|\n|t:|1699989305\n|switch|p2a: Dragalge|Dragalge, F|100\/100\n|turn|13\n|\n|t:|1699989313\n|move|p1a: Clefable|Moonblast|p2a: Dragalge\n|-damage|p2a: Dragalge|82\/100\n|move|p2a: Dragalge|Sludge Bomb|p1a: Clefable\n|-supereffective|p1a: Clefable\n|-damage|p1a: Clefable|57\/100\n|-status|p1a: Clefable|psn\n|\n|-heal|p1a: Clefable|63\/100 psn|[from] item: Leftovers\n|-damage|p1a: Clefable|50\/100 psn|[from] psn\n|upkeep\n|turn|14\n|\n|t:|1699989326\n|-terastallize|p2a: Dragalge|Steel\n|move|p1a: Clefable|Moonlight|p1a: Clefable\n|-heal|p1a: Clefable|99\/100 psn\n|move|p2a: Dragalge|Sludge Bomb|p1a: Clefable\n|-supereffective|p1a: Clefable\n|-damage|p1a: Clefable|86\/100 psn\n|\n|-heal|p1a: Clefable|92\/100 psn|[from] item: Leftovers\n|-damage|p1a: Clefable|80\/100 psn|[from] psn\n|upkeep\n|turn|15\n|l|\u2606OctoberSmith\n|inactive|OctoberSmith disconnected and has a minute to reconnect!\n|player|p2|\n|inactive|OctoberSmith has 30 seconds to reconnect!\n|inactive|OctoberSmith has 20 seconds to reconnect!\n|inactive|OctoberSmith has 15 seconds to reconnect!\n|inactive|OctoberSmith has 10 seconds to reconnect!\n|inactive|OctoberSmith has 5 seconds to reconnect!\n|-message|OctoberSmith lost due to inactivity.\n|\n|win|CheetosD\n|raw|CheetosD's rating: 1116 &rarr; <strong>1136<\/strong><br \/>(+20 for winning)\n|raw|OctoberSmith's rating: 1041 &rarr; <strong>1028<\/strong><br \/>(-13 for losing)\n","uploadtime":1699989401,"views":20,"p1id":"cheetosd","p2id":"octobersmith","formatid":"gen9ou","rating":1028,"private":0,"password":""}