{"id":"gen9ou-1999849896","p1":"strongasou","p2":"Omega1306","format":"[Gen 9] OU","log":"|j|\u2606strongasou\n|j|\u2606Omega1306\n|t:|1701122605\n|gametype|singles\n|player|p1|strongasou|ethan|1000\n|player|p2|Omega1306|101|1035\n|teamsize|p1|6\n|teamsize|p2|6\n|gen|9\n|tier|[Gen 9] OU\n|rated|\n|rule|Sleep Clause Mod: Limit one foe put to sleep\n|rule|Species Clause: Limit one of each Pok\u00e9mon\n|rule|OHKO Clause: OHKO moves are banned\n|rule|Evasion Items Clause: Evasion items are banned\n|rule|Evasion Moves Clause: Evasion moves are banned\n|rule|Endless Battle Clause: Forcing endless battles is banned\n|rule|HP Percentage Mod: HP is shown in percentages\n|clearpoke\n|poke|p1|Gholdengo|\n|poke|p1|Great Tusk|\n|poke|p1|Azumarill, F|\n|poke|p1|Cinderace, F|\n|poke|p1|Garganacl, F|\n|poke|p1|Tyranitar, F|\n|poke|p2|Donphan, L1, F|\n|poke|p2|Kingambit, M|\n|poke|p2|Dragapult, F|\n|poke|p2|Alomomola, F|\n|poke|p2|Thundurus-Therian, M|\n|poke|p2|Slowking-Galar, M|\n|teampreview\n|\n|t:|1701122653\n|start\n|switch|p1a: Azumarill|Azumarill, F|100\/100\n|switch|p2a: Slowking|Slowking-Galar, M, shiny|100\/100\n|turn|1\n|\n|t:|1701122666\n|switch|p1a: Garganacl|Garganacl, F|100\/100\n|move|p2a: Slowking|Toxic Spikes|p1a: Garganacl\n|-sidestart|p1: strongasou|move: Toxic Spikes\n|\n|upkeep\n|turn|2\n|\n|t:|1701122677\n|move|p1a: Garganacl|Stealth Rock|p2a: Slowking\n|-sidestart|p2: Omega1306|move: Stealth Rock\n|move|p2a: Slowking|Toxic Spikes|p1a: Garganacl\n|-sidestart|p1: strongasou|move: Toxic Spikes\n|\n|upkeep\n|turn|3\n|\n|t:|1701122684\n|move|p1a: Garganacl|Salt Cure|p2a: Slowking\n|-damage|p2a: Slowking|89\/100\n|-start|p2a: Slowking|Salt Cure\n|move|p2a: Slowking|Toxic Spikes||[still]\n|-fail|p2a: Slowking\n|\n|-heal|p2a: Slowking|95\/100|[from] item: Black Sludge\n|-damage|p2a: Slowking|82\/100|[from] Salt Cure\n|upkeep\n|turn|4\n|\n|t:|1701122696\n|switch|p1a: Gholdengo|Gholdengo|100\/100\n|move|p2a: Slowking|Future Sight|p1a: Gholdengo\n|-start|p2a: Slowking|move: Future Sight\n|\n|-heal|p2a: Slowking|88\/100|[from] item: Black Sludge\n|-damage|p2a: Slowking|76\/100|[from] Salt Cure\n|upkeep\n|turn|5\n|\n|t:|1701122742\n|switch|p1a: Cinderace|Cinderace, F|100\/100\n|switch|p2a: Dragapult|Dragapult, F, shiny|100\/100\n|-damage|p2a: Dragapult|88\/100|[from] Stealth Rock\n|\n|upkeep\n|turn|6\n|\n|t:|1701122763\n|switch|p1a: Tyranitar|Tyranitar, F|100\/100\n|-status|p1a: Tyranitar|tox\n|-weather|Sandstorm|[from] ability: Sand Stream|[of] p1a: Tyranitar\n|move|p2a: Dragapult|U-turn|p1a: Tyranitar\n|-supereffective|p1a: Tyranitar\n|-damage|p1a: Tyranitar|47\/100 tox\n|-damage|p2a: Dragapult|78\/100|[from] item: Life Orb\n|\n|t:|1701122776\n|switch|p2a: Alomomola|Alomomola, F, shiny|100\/100|[from] U-turn\n|-damage|p2a: Alomomola|88\/100|[from] Stealth Rock\n|\n|-weather|Sandstorm|[upkeep]\n|-damage|p2a: Alomomola|82\/100|[from] Sandstorm\n|-end|p1a: Tyranitar|move: Future Sight\n|-immune|p1a: Tyranitar\n|-damage|p1a: Tyranitar|41\/100 tox|[from] psn\n|upkeep\n|turn|7\n|\n|t:|1701122790\n|move|p1a: Tyranitar|Knock Off|p2a: Alomomola\n|-damage|p2a: Alomomola|44\/100\n|-enditem|p2a: Alomomola|Red Card|[from] move: Knock Off|[of] p1a: Tyranitar\n|move|p2a: Alomomola|Flip Turn|p1a: Tyranitar\n|-supereffective|p1a: Tyranitar\n|-damage|p1a: Tyranitar|9\/100 tox\n|\n|t:|1701122800\n|switch|p2a: Slowking|Slowking-Galar, M, shiny|100\/100|[from] Flip Turn\n|-damage|p2a: Slowking|88\/100|[from] Stealth Rock\n|\n|-weather|Sandstorm|[upkeep]\n|-damage|p2a: Slowking|82\/100|[from] Sandstorm\n|-heal|p2a: Slowking|88\/100|[from] item: Black Sludge\n|-damage|p1a: Tyranitar|0 fnt|[from] psn\n|faint|p1a: Tyranitar\n|upkeep\n|\n|t:|1701122810\n|switch|p1a: Gholdengo|Gholdengo|100\/100\n|turn|8\n|inactive|Battle timer is ON: inactive players will automatically lose when time's up. (requested by strongasou)\n|\n|t:|1701122842\n|switch|p2a: Alomomola|Alomomola, F, shiny|77\/100\n|-damage|p2a: Alomomola|65\/100|[from] Stealth Rock\n|move|p1a: Gholdengo|Shadow Ball|p2a: Alomomola\n|-damage|p2a: Alomomola|18\/100\n|\n|-weather|Sandstorm|[upkeep]\n|-damage|p2a: Alomomola|12\/100|[from] Sandstorm\n|upkeep\n|turn|9\n|\n|t:|1701122855\n|switch|p1a: Cinderace|Cinderace, F|100\/100\n|move|p2a: Alomomola|Flip Turn|p1a: Cinderace\n|-supereffective|p1a: Cinderace\n|-damage|p1a: Cinderace|56\/100\n|-message|strongasou forfeited.\n|\n|win|Omega1306\n|raw|strongasou's rating: 1000 &rarr; <strong>1000<\/strong><br \/>(+0 for losing)\n|raw|Omega1306's rating: 1035 &rarr; <strong>1066<\/strong><br \/>(+31 for winning)\n|l|\u2606strongasou\n","uploadtime":1701122878,"views":9,"p1id":"strongasou","p2id":"omega1306","formatid":"gen9ou","rating":1000,"private":0,"password":""}