{"id":"gen9ou-1996007880","p1":"hnayen28","p2":"VanhominTesting","format":"[Gen 9] OU","log":"|j|\u2606hnayen28\n|j|\u2606VanhominTesting\n|t:|1700628569\n|gametype|singles\n|player|p1|hnayen28|170|1040\n|player|p2|VanhominTesting|scientist-gen4|1148\n|teamsize|p1|6\n|teamsize|p2|6\n|gen|9\n|tier|[Gen 9] OU\n|rated|\n|rule|Sleep Clause Mod: Limit one foe put to sleep\n|rule|Species Clause: Limit one of each Pok\u00e9mon\n|rule|OHKO Clause: OHKO moves are banned\n|rule|Evasion Items Clause: Evasion items are banned\n|rule|Evasion Moves Clause: Evasion moves are banned\n|rule|Endless Battle Clause: Forcing endless battles is banned\n|rule|HP Percentage Mod: HP is shown in percentages\n|clearpoke\n|poke|p1|Glimmora, F|\n|poke|p1|Azumarill, F|\n|poke|p1|Dragonite, F|\n|poke|p1|Iron Valiant|\n|poke|p1|Ceruledge, M|\n|poke|p1|Kingambit, M|\n|poke|p2|Enamorus, F|\n|poke|p2|Ninetales-Alola, F|\n|poke|p2|Garganacl, M|\n|poke|p2|Alomomola, M|\n|poke|p2|Clodsire, M|\n|poke|p2|Ditto|\n|teampreview\n|inactive|Battle timer is ON: inactive players will automatically lose when time's up. (requested by VanhominTesting)\n|c|\u2606hnayen28|hello\n|\n|t:|1700628576\n|start\n|switch|p1a: oopsiess|Glimmora, F, shiny|100\/100\n|switch|p2a: Ninetales|Ninetales-Alola, F|100\/100\n|-weather|Snow|[from] ability: Snow Warning|[of] p2a: Ninetales\n|turn|1\n|\n|t:|1700628586\n|move|p2a: Ninetales|Aurora Veil|p2a: Ninetales\n|-sidestart|p2: VanhominTesting|move: Aurora Veil\n|move|p1a: oopsiess|Stealth Rock|p2a: Ninetales\n|-sidestart|p2: VanhominTesting|move: Stealth Rock\n|\n|-weather|Snow|[upkeep]\n|upkeep\n|turn|2\n|\n|t:|1700628593\n|move|p2a: Ninetales|Encore|p1a: oopsiess\n|-start|p1a: oopsiess|Encore\n|move|p1a: oopsiess|Stealth Rock||[still]\n|-fail|p1a: oopsiess\n|\n|-weather|Snow|[upkeep]\n|upkeep\n|turn|3\n|\n|t:|1700628610\n|move|p2a: Ninetales|Moonblast|p1a: oopsiess\n|-resisted|p1a: oopsiess\n|-damage|p1a: oopsiess|83\/100\n|move|p1a: oopsiess|Stealth Rock||[still]\n|-fail|p1a: oopsiess\n|\n|-weather|Snow|[upkeep]\n|upkeep\n|turn|4\n|\n|t:|1700628619\n|move|p2a: Ninetales|Moonblast|p1a: oopsiess\n|-resisted|p1a: oopsiess\n|-damage|p1a: oopsiess|66\/100\n|move|p1a: oopsiess|Stealth Rock||[still]\n|-fail|p1a: oopsiess\n|\n|-weather|Snow|[upkeep]\n|-end|p1a: oopsiess|Encore\n|upkeep\n|turn|5\n|\n|t:|1700628628\n|move|p2a: Ninetales|Encore|p1a: oopsiess\n|-start|p1a: oopsiess|Encore\n|move|p1a: oopsiess|Stealth Rock||[still]\n|-fail|p1a: oopsiess\n|\n|-weather|none\n|upkeep\n|turn|6\n|\n|t:|1700628638\n|switch|p2a: Enamorus|Enamorus, F|100\/100\n|-damage|p2a: Enamorus|76\/100|[from] Stealth Rock\n|switch|p1a: Azumarill|Azumarill, F, shiny|100\/100\n|\n|-heal|p2a: Enamorus|82\/100|[from] item: Leftovers\n|upkeep\n|turn|7\n|\n|t:|1700628649\n|switch|p1a: oopsiess|Glimmora, F, shiny|66\/100\n|move|p2a: Enamorus|Substitute|p2a: Enamorus\n|-start|p2a: Enamorus|Substitute\n|-damage|p2a: Enamorus|57\/100\n|\n|-heal|p2a: Enamorus|63\/100|[from] item: Leftovers\n|upkeep\n|turn|8\n|\n|t:|1700628663\n|move|p2a: Enamorus|Calm Mind|p2a: Enamorus\n|-boost|p2a: Enamorus|spa|1\n|-boost|p2a: Enamorus|spd|1\n|move|p1a: oopsiess|Mortal Spin|p2a: Enamorus\n|-supereffective|p2a: Enamorus\n|-activate|p2a: Enamorus|move: Substitute|[damage]\n|\n|-heal|p2a: Enamorus|69\/100|[from] item: Leftovers\n|-sideend|p2: VanhominTesting|move: Aurora Veil\n|upkeep\n|turn|9\n|\n|t:|1700628681\n|move|p2a: Enamorus|Calm Mind|p2a: Enamorus\n|-boost|p2a: Enamorus|spa|1\n|-boost|p2a: Enamorus|spd|1\n|move|p1a: oopsiess|Mortal Spin|p2a: Enamorus\n|-supereffective|p2a: Enamorus\n|-end|p2a: Enamorus|Substitute\n|\n|-heal|p2a: Enamorus|76\/100|[from] item: Leftovers\n|upkeep\n|turn|10\n|\n|t:|1700628689\n|move|p2a: Enamorus|Substitute|p2a: Enamorus\n|-start|p2a: Enamorus|Substitute\n|-damage|p2a: Enamorus|51\/100\n|move|p1a: oopsiess|Mortal Spin|p2a: Enamorus\n|-supereffective|p2a: Enamorus\n|-activate|p2a: Enamorus|move: Substitute|[damage]\n|\n|-heal|p2a: Enamorus|57\/100|[from] item: Leftovers\n|upkeep\n|turn|11\n|\n|t:|1700628700\n|move|p2a: Enamorus|Earth Power|p1a: oopsiess\n|-supereffective|p1a: oopsiess\n|-damage|p1a: oopsiess|0 fnt\n|faint|p1a: oopsiess\n|\n|-heal|p2a: Enamorus|63\/100|[from] item: Leftovers\n|upkeep\n|inactive|hnayen28 has 120 seconds left.\n|\n|t:|1700628732\n|switch|p1a: Azumarill|Azumarill, F, shiny|100\/100\n|turn|12\n|inactive|hnayen28 has 120 seconds left.\n|\n|t:|1700628738\n|move|p2a: Enamorus|Moonblast|p1a: Azumarill\n|-damage|p1a: Azumarill|0 fnt\n|faint|p1a: Azumarill\n|\n|-heal|p2a: Enamorus|69\/100|[from] item: Leftovers\n|upkeep\n|inactive|hnayen28 has 120 seconds left.\n|-message|hnayen28 forfeited.\n|\n|win|VanhominTesting\n|raw|hnayen28's rating: 1040 &rarr; <strong>1029<\/strong><br \/>(-11 for losing)\n|raw|VanhominTesting's rating: 1148 &rarr; <strong>1165<\/strong><br \/>(+17 for winning)\n|l|\u2606hnayen28\n","uploadtime":1700628750,"views":0,"p1id":"hnayen28","p2id":"vanhomintesting","formatid":"gen9ou","rating":1029,"private":0,"password":""}