{"id":"gen9ou-1993515803","p1":"smoodayx","p2":"Spix on YT","format":"[Gen 9] OU","log":"|j|\u2606smoodayx\n|j|\u2606Spix on YT\n|t:|1700326972\n|gametype|singles\n|player|p1|smoodayx|falkner|1170\n|player|p2|Spix on YT|ghetsis|1098\n|teamsize|p1|6\n|teamsize|p2|6\n|gen|9\n|tier|[Gen 9] OU\n|rated|\n|rule|Sleep Clause Mod: Limit one foe put to sleep\n|rule|Species Clause: Limit one of each Pok\u00e9mon\n|rule|OHKO Clause: OHKO moves are banned\n|rule|Evasion Items Clause: Evasion items are banned\n|rule|Evasion Moves Clause: Evasion moves are banned\n|rule|Endless Battle Clause: Forcing endless battles is banned\n|rule|HP Percentage Mod: HP is shown in percentages\n|clearpoke\n|poke|p1|Gastrodon, M|\n|poke|p1|Corviknight, F|\n|poke|p1|Breloom, F|\n|poke|p1|Rotom-Wash|\n|poke|p1|Gholdengo|\n|poke|p1|Walking Wake|\n|poke|p2|Walking Wake|\n|poke|p2|Great Tusk|\n|poke|p2|Gholdengo|\n|poke|p2|Moltres|\n|poke|p2|Quagsire, M|\n|poke|p2|Electrode-Hisui|\n|teampreview\n|\n|t:|1700326981\n|start\n|switch|p1a: Bonaparte|Breloom, F|100\/100\n|switch|p2a: Electrode|Electrode-Hisui, shiny|100\/100\n|turn|1\n|\n|t:|1700327005\n|move|p2a: Electrode|Taunt|p1a: Bonaparte\n|-start|p1a: Bonaparte|move: Taunt\n|move|p1a: Bonaparte|Bulldoze|p2a: Electrode\n|-damage|p2a: Electrode|43\/100\n|-unboost|p2a: Electrode|spe|1\n|\n|upkeep\n|turn|2\n|inactive|Battle timer is ON: inactive players will automatically lose when time's up. (requested by Spix on YT)\n|\n|t:|1700327016\n|move|p1a: Bonaparte|Mach Punch|p2a: Electrode\n|-damage|p2a: Electrode|0 fnt\n|faint|p2a: Electrode\n|\n|upkeep\n|\n|t:|1700327022\n|switch|p2a: Moltres|Moltres|100\/100\n|turn|3\n|\n|t:|1700327028\n|switch|p1a: Step-sis|Rotom-Wash|100\/100\n|move|p2a: Moltres|Fire Blast|p1a: Step-sis\n|-resisted|p1a: Step-sis\n|-damage|p1a: Step-sis|69\/100\n|\n|upkeep\n|turn|4\n|\n|t:|1700327038\n|switch|p2a: Quagsire|Quagsire, M|100\/100\n|move|p1a: Step-sis|Hydro Pump|p2a: Quagsire\n|-damage|p2a: Quagsire|56\/100\n|\n|-heal|p2a: Quagsire|62\/100|[from] item: Leftovers\n|upkeep\n|turn|5\n|\n|t:|1700327046\n|move|p1a: Step-sis|Hydro Pump|p2a: Quagsire\n|-damage|p2a: Quagsire|16\/100\n|move|p2a: Quagsire|Stealth Rock|p1a: Step-sis\n|-sidestart|p1: smoodayx|move: Stealth Rock\n|\n|-heal|p2a: Quagsire|22\/100|[from] item: Leftovers\n|upkeep\n|turn|6\n|\n|t:|1700327059\n|switch|p1a: ElMONSTROER|Gastrodon, M|100\/100\n|-damage|p1a: ElMONSTROER|94\/100|[from] Stealth Rock\n|move|p2a: Quagsire|Yawn|p1a: ElMONSTROER\n|-start|p1a: ElMONSTROER|move: Yawn|[of] p2a: Quagsire\n|\n|-heal|p1a: ElMONSTROER|100\/100|[from] item: Leftovers\n|-heal|p2a: Quagsire|28\/100|[from] item: Leftovers\n|upkeep\n|turn|7\n|\n|t:|1700327073\n|switch|p1a: Step-sis|Rotom-Wash|69\/100\n|-damage|p1a: Step-sis|56\/100|[from] Stealth Rock\n|move|p2a: Quagsire|Recover|p2a: Quagsire\n|-heal|p2a: Quagsire|78\/100\n|\n|-heal|p2a: Quagsire|84\/100|[from] item: Leftovers\n|upkeep\n|turn|8\n|\n|t:|1700327082\n|move|p1a: Step-sis|Trick|p2a: Quagsire\n|-activate|p1a: Step-sis|move: Trick|[of] p2a: Quagsire\n|-item|p2a: Quagsire|Choice Scarf|[from] move: Trick\n|-item|p1a: Step-sis|Leftovers|[from] move: Trick\n|move|p2a: Quagsire|Yawn|p1a: Step-sis\n|-start|p1a: Step-sis|move: Yawn|[of] p2a: Quagsire\n|\n|-heal|p1a: Step-sis|63\/100|[from] item: Leftovers\n|upkeep\n|turn|9\n|\n|t:|1700327092\n|switch|p1a: ElMONSTROER|Gastrodon, M|100\/100\n|-damage|p1a: ElMONSTROER|94\/100|[from] Stealth Rock\n|switch|p2a: Gholdengo|Gholdengo|100\/100\n|\n|-heal|p1a: ElMONSTROER|100\/100|[from] item: Leftovers\n|upkeep\n|turn|10\n|\n|t:|1700327100\n|switch|p2a: Moltres|Moltres|100\/100\n|move|p1a: ElMONSTROER|Stealth Rock|p2a: Moltres\n|-sidestart|p2: Spix on YT|move: Stealth Rock\n|\n|upkeep\n|turn|11\n|\n|t:|1700327107\n|move|p2a: Moltres|Air Slash|p1a: ElMONSTROER\n|-damage|p1a: ElMONSTROER|75\/100\n|cant|p1a: ElMONSTROER|flinch\n|\n|-heal|p1a: ElMONSTROER|81\/100|[from] item: Leftovers\n|upkeep\n|turn|12\n|\n|t:|1700327113\n|move|p2a: Moltres|U-turn|p1a: ElMONSTROER\n|-damage|p1a: ElMONSTROER|65\/100\n|\n|t:|1700327116\n|switch|p2a: Walking Wake|Walking Wake|100\/100|[from] U-turn\n|-damage|p2a: Walking Wake|88\/100|[from] Stealth Rock\n|-enditem|p2a: Walking Wake|Booster Energy\n|-activate|p2a: Walking Wake|ability: Protosynthesis|[fromitem]\n|-start|p2a: Walking Wake|protosynthesisspa\n|move|p1a: ElMONSTROER|Surf|p2a: Walking Wake\n|-resisted|p2a: Walking Wake\n|-damage|p2a: Walking Wake|80\/100\n|\n|-heal|p1a: ElMONSTROER|71\/100|[from] item: Leftovers\n|upkeep\n|turn|13\n|\n|t:|1700327120\n|move|p2a: Walking Wake|Substitute|p2a: Walking Wake\n|-start|p2a: Walking Wake|Substitute\n|-damage|p2a: Walking Wake|55\/100\n|move|p1a: ElMONSTROER|Yawn||[still]\n|-fail|p1a: ElMONSTROER\n|\n|-heal|p1a: ElMONSTROER|77\/100|[from] item: Leftovers\n|upkeep\n|turn|14\n|\n|t:|1700327130\n|switch|p1a: Step-sis|Rotom-Wash|63\/100\n|-damage|p1a: Step-sis|50\/100|[from] Stealth Rock\n|move|p2a: Walking Wake|Hydro Pump|p1a: Step-sis|[miss]\n|-miss|p2a: Walking Wake|p1a: Step-sis\n|\n|-heal|p1a: Step-sis|56\/100|[from] item: Leftovers\n|upkeep\n|turn|15\n|\n|t:|1700327139\n|move|p2a: Walking Wake|Dragon Pulse|p1a: Step-sis\n|-damage|p1a: Step-sis|0 fnt\n|faint|p1a: Step-sis\n|\n|upkeep\n|\n|t:|1700327147\n|switch|p1a: ElMONSTROER|Gastrodon, M|77\/100\n|-damage|p1a: ElMONSTROER|71\/100|[from] Stealth Rock\n|turn|16\n|\n|t:|1700327151\n|move|p2a: Walking Wake|Dragon Pulse|p1a: ElMONSTROER\n|-damage|p1a: ElMONSTROER|36\/100\n|move|p1a: ElMONSTROER|Surf|p2a: Walking Wake\n|-resisted|p2a: Walking Wake\n|-crit|p2a: Walking Wake\n|-activate|p2a: Walking Wake|move: Substitute|[damage]\n|\n|-heal|p1a: ElMONSTROER|43\/100|[from] item: Leftovers\n|upkeep\n|turn|17\n|\n|t:|1700327159\n|move|p2a: Walking Wake|Dragon Pulse|p1a: ElMONSTROER\n|-damage|p1a: ElMONSTROER|7\/100\n|move|p1a: ElMONSTROER|Surf|p2a: Walking Wake\n|-resisted|p2a: Walking Wake\n|-activate|p2a: Walking Wake|move: Substitute|[damage]\n|\n|-heal|p1a: ElMONSTROER|13\/100|[from] item: Leftovers\n|upkeep\n|turn|18\n|\n|t:|1700327168\n|move|p2a: Walking Wake|Dragon Pulse|p1a: ElMONSTROER\n|-damage|p1a: ElMONSTROER|0 fnt\n|faint|p1a: ElMONSTROER\n|\n|upkeep\n|\n|t:|1700327171\n|switch|p1a: Bird|Corviknight, F|100\/100\n|-damage|p1a: Bird|88\/100|[from] Stealth Rock\n|-ability|p1a: Bird|Pressure\n|turn|19\n|\n|t:|1700327179\n|-terastallize|p2a: Walking Wake|Fire\n|move|p2a: Walking Wake|Flamethrower|p1a: Bird\n|-supereffective|p1a: Bird\n|-damage|p1a: Bird|0 fnt\n|faint|p1a: Bird\n|\n|upkeep\n|\n|t:|1700327184\n|switch|p1a: Bonaparte|Breloom, F|100\/100\n|-damage|p1a: Bonaparte|94\/100|[from] Stealth Rock\n|turn|20\n|\n|t:|1700327189\n|move|p1a: Bonaparte|Mach Punch|p2a: Walking Wake\n|-end|p2a: Walking Wake|Substitute\n|move|p2a: Walking Wake|Flamethrower|p1a: Bonaparte\n|-supereffective|p1a: Bonaparte\n|-damage|p1a: Bonaparte|0 fnt\n|faint|p1a: Bonaparte\n|\n|upkeep\n|\n|t:|1700327200\n|switch|p1a: Unstopable|Walking Wake|100\/100\n|-damage|p1a: Unstopable|88\/100|[from] Stealth Rock\n|turn|21\n|\n|t:|1700327205\n|move|p2a: Walking Wake|Hydro Pump|p1a: Unstopable|[miss]\n|-miss|p2a: Walking Wake|p1a: Unstopable\n|move|p1a: Unstopable|Hydro Steam|p2a: Walking Wake\n|-supereffective|p2a: Walking Wake\n|-damage|p2a: Walking Wake|0 fnt\n|faint|p2a: Walking Wake\n|-end|p2a: Walking Wake|Protosynthesis|[silent]\n|\n|upkeep\n|c|\u2606Spix on YT|bro i swear\n|\n|t:|1700327220\n|switch|p2a: Quagsire|Quagsire, M|84\/100\n|-damage|p2a: Quagsire|78\/100|[from] Stealth Rock\n|turn|22\n|c|\u2606Spix on YT|i bee missing fr\n|\n|t:|1700327232\n|move|p1a: Unstopable|Hydro Steam|p2a: Quagsire\n|-damage|p2a: Quagsire|6\/100\n|move|p2a: Quagsire|Yawn|p1a: Unstopable\n|-start|p1a: Unstopable|move: Yawn|[of] p2a: Quagsire\n|\n|upkeep\n|turn|23\n|\n|t:|1700327240\n|-end|p1a: Unstopable|Protosynthesis|[silent]\n|switch|p1a: It's over 1000|Gholdengo|100\/100\n|-damage|p1a: It's over 1000|94\/100|[from] Stealth Rock\n|switch|p2a: Gholdengo|Gholdengo|100\/100\n|-damage|p2a: Gholdengo|94\/100|[from] Stealth Rock\n|\n|-heal|p2a: Gholdengo|100\/100|[from] item: Leftovers\n|upkeep\n|turn|24\n|\n|t:|1700327248\n|move|p1a: It's over 1000|Shadow Ball|p2a: Gholdengo\n|-supereffective|p2a: Gholdengo\n|-damage|p2a: Gholdengo|34\/100\n|move|p2a: Gholdengo|Trick|p1a: It's over 1000\n|-immune|p1a: It's over 1000|[from] ability: Good as Gold\n|\n|-heal|p2a: Gholdengo|40\/100|[from] item: Leftovers\n|upkeep\n|turn|25\n|\n|t:|1700327261\n|move|p1a: It's over 1000|Shadow Ball|p2a: Gholdengo\n|-supereffective|p2a: Gholdengo\n|-damage|p2a: Gholdengo|0 fnt\n|faint|p2a: Gholdengo\n|\n|upkeep\n|\n|t:|1700327263\n|switch|p2a: Moltres|Moltres|100\/100\n|turn|26\n|\n|t:|1700327269\n|move|p1a: It's over 1000|Shadow Ball|p2a: Moltres\n|-damage|p2a: Moltres|58\/100\n|move|p2a: Moltres|Fire Blast|p1a: It's over 1000\n|-supereffective|p1a: It's over 1000\n|-damage|p1a: It's over 1000|0 fnt\n|faint|p1a: It's over 1000\n|\n|upkeep\n|\n|t:|1700327275\n|switch|p1a: Unstopable|Walking Wake|88\/100\n|-damage|p1a: Unstopable|76\/100|[from] Stealth Rock\n|turn|27\n|\n|t:|1700327280\n|move|p1a: Unstopable|Hydro Steam|p2a: Moltres\n|-supereffective|p2a: Moltres\n|-crit|p2a: Moltres\n|-damage|p2a: Moltres|0 fnt\n|faint|p2a: Moltres\n|\n|upkeep\n|\n|t:|1700327287\n|switch|p2a: Great Tusk|Great Tusk|100\/100\n|-damage|p2a: Great Tusk|98\/100|[from] Stealth Rock\n|turn|28\n|\n|t:|1700327292\n|move|p2a: Great Tusk|Headlong Rush|p1a: Unstopable\n|-damage|p1a: Unstopable|11\/100\n|-unboost|p2a: Great Tusk|def|1\n|-unboost|p2a: Great Tusk|spd|1\n|move|p1a: Unstopable|Hydro Steam|p2a: Great Tusk\n|-supereffective|p2a: Great Tusk\n|-damage|p2a: Great Tusk|0 fnt\n|faint|p2a: Great Tusk\n|-end|p2a: Great Tusk|Protosynthesis|[silent]\n|\n|upkeep\n|\n|t:|1700327297\n|switch|p2a: Quagsire|Quagsire, M|6\/100\n|-damage|p2a: Quagsire|0 fnt|[from] Stealth Rock\n|faint|p2a: Quagsire\n|\n|win|smoodayx\n|raw|smoodayx's rating: 1170 &rarr; <strong>1190<\/strong><br \/>(+20 for winning)\n|raw|Spix on YT's rating: 1098 &rarr; <strong>1078<\/strong><br \/>(-20 for losing)\n|l|\u2606Spix on YT\n|c|\u2606smoodayx|gg\n","uploadtime":1700327311,"views":11,"p1id":"smoodayx","p2id":"spixonyt","formatid":"gen9ou","rating":1078,"private":0,"password":""}