{"id":"gen9ou-1993530848","p1":"eu amo pitsa","p2":"BugCatcherN8R1X","format":"[Gen 9] OU","log":"|j|\u2606eu amo pitsa\n|j|\u2606BugCatcherN8R1X\n|t:|1700328612\n|gametype|singles\n|player|p1|eu amo pitsa|acerola-masters|1202\n|player|p2|BugCatcherN8R1X|bugcatcher-gen4dp|1195\n|teamsize|p1|6\n|teamsize|p2|6\n|gen|9\n|tier|[Gen 9] OU\n|rated|\n|rule|Sleep Clause Mod: Limit one foe put to sleep\n|rule|Species Clause: Limit one of each Pok\u00e9mon\n|rule|OHKO Clause: OHKO moves are banned\n|rule|Evasion Items Clause: Evasion items are banned\n|rule|Evasion Moves Clause: Evasion moves are banned\n|rule|Endless Battle Clause: Forcing endless battles is banned\n|rule|HP Percentage Mod: HP is shown in percentages\n|clearpoke\n|poke|p1|Greninja-*, M|\n|poke|p1|Ceruledge, F|\n|poke|p1|Kingambit, M|\n|poke|p1|Zapdos|\n|poke|p1|Landorus-Therian, M|\n|poke|p1|Mandibuzz, F|\n|poke|p2|Kleavor, M|\n|poke|p2|Lokix, M|\n|poke|p2|Yanmega, M|\n|poke|p2|Slither Wing|\n|poke|p2|Scizor, M|\n|poke|p2|Frosmoth, M|\n|teampreview\n|inactive|Battle timer is ON: inactive players will automatically lose when time's up. (requested by BugCatcherN8R1X)\n|\n|t:|1700328622\n|start\n|switch|p1a: Landorus|Landorus-Therian, M|100\/100\n|switch|p2a: Hachiman|Kleavor, M|100\/100\n|-ability|p1a: Landorus|Intimidate|boost\n|-unboost|p2a: Hachiman|atk|1\n|turn|1\n|\n|t:|1700328635\n|move|p2a: Hachiman|U-turn|p1a: Landorus\n|-resisted|p1a: Landorus\n|-damage|p1a: Landorus|91\/100\n|-damage|p2a: Hachiman|84\/100|[from] item: Rocky Helmet|[of] p1a: Landorus\n|\n|t:|1700328654\n|switch|p2a: Boreas|Frosmoth, M|100\/100|[from] U-turn\n|move|p1a: Landorus|Stealth Rock|p2a: Boreas\n|-sidestart|p2: BugCatcherN8R1X|move: Stealth Rock\n|\n|upkeep\n|turn|2\n|\n|t:|1700328663\n|move|p2a: Boreas|Substitute|p2a: Boreas\n|-start|p2a: Boreas|Substitute\n|-damage|p2a: Boreas|76\/100\n|move|p1a: Landorus|Earthquake|p2a: Boreas\n|-resisted|p2a: Boreas\n|-end|p2a: Boreas|Substitute\n|\n|upkeep\n|turn|3\n|\n|t:|1700328673\n|switch|p1a: Ceruledge|Ceruledge, F|100\/100\n|move|p2a: Boreas|Ice Beam|p1a: Ceruledge\n|-resisted|p1a: Ceruledge\n|-damage|p1a: Ceruledge|72\/100\n|-status|p1a: Ceruledge|frz\n|\n|upkeep\n|turn|4\n|\n|t:|1700328700\n|switch|p2a: Apollo|Slither Wing|100\/100\n|-damage|p2a: Apollo|88\/100|[from] Stealth Rock\n|cant|p1a: Ceruledge|frz\n|\n|upkeep\n|turn|5\n|\n|t:|1700328712\n|-curestatus|p1a: Ceruledge|frz|[msg]\n|move|p1a: Ceruledge|Bitter Blade|p2a: Apollo\n|-supereffective|p2a: Apollo\n|-damage|p2a: Apollo|9\/100\n|-heal|p1a: Ceruledge|100\/100|[from] drain|[of] p2a: Apollo\n|move|p2a: Apollo|Flame Charge|p1a: Ceruledge\n|-resisted|p1a: Ceruledge\n|-damage|p1a: Ceruledge|90\/100\n|-boost|p2a: Apollo|spe|1\n|-ability|p1a: Ceruledge|Weak Armor|boost\n|-unboost|p1a: Ceruledge|def|1\n|-boost|p1a: Ceruledge|spe|2\n|\n|upkeep\n|turn|6\n|\n|t:|1700328722\n|move|p1a: Ceruledge|Bitter Blade|p2a: Apollo\n|-supereffective|p2a: Apollo\n|-crit|p2a: Apollo\n|-damage|p2a: Apollo|0 fnt\n|-heal|p1a: Ceruledge|96\/100|[from] drain|[of] p2a: Apollo\n|faint|p2a: Apollo\n|-end|p2a: Apollo|Protosynthesis|[silent]\n|\n|upkeep\n|\n|t:|1700328731\n|switch|p2a: Ares|Scizor, M|100\/100\n|-damage|p2a: Ares|88\/100|[from] Stealth Rock\n|turn|7\n|\n|t:|1700328740\n|-terastallize|p2a: Ares|Water\n|move|p1a: Ceruledge|Bitter Blade|p2a: Ares\n|-resisted|p2a: Ares\n|-damage|p2a: Ares|67\/100\n|-heal|p1a: Ceruledge|100\/100|[from] drain|[of] p2a: Ares\n|move|p2a: Ares|Knock Off|p1a: Ceruledge\n|-supereffective|p1a: Ceruledge\n|-enditem|p1a: Ceruledge|Focus Sash\n|-damage|p1a: Ceruledge|1\/100\n|-ability|p1a: Ceruledge|Weak Armor|boost\n|-unboost|p1a: Ceruledge|def|1\n|-boost|p1a: Ceruledge|spe|2\n|-heal|p2a: Ares|77\/100|[from] item: Shell Bell|[of] p1a: Ceruledge\n|\n|upkeep\n|turn|8\n|\n|t:|1700328760\n|move|p1a: Ceruledge|Shadow Sneak|p2a: Ares\n|-damage|p2a: Ares|56\/100\n|move|p2a: Ares|Bullet Punch|p1a: Ceruledge\n|-resisted|p1a: Ceruledge\n|-damage|p1a: Ceruledge|0 fnt\n|faint|p1a: Ceruledge\n|-heal|p2a: Ares|56\/100|[from] item: Shell Bell|[of] p1: Ceruledge\n|\n|upkeep\n|\n|t:|1700328768\n|switch|p1a: Zapdos|Zapdos|100\/100\n|turn|9\n|\n|t:|1700328784\n|move|p2a: Ares|Bullet Punch|p1a: Zapdos\n|-resisted|p1a: Zapdos\n|-crit|p1a: Zapdos\n|-damage|p1a: Zapdos|76\/100\n|-heal|p2a: Ares|60\/100|[from] item: Shell Bell|[of] p1a: Zapdos\n|move|p1a: Zapdos|Volt Switch|p2a: Ares\n|-supereffective|p2a: Ares\n|-damage|p2a: Ares|0 fnt\n|faint|p2a: Ares\n|\n|t:|1700328800\n|switch|p1a: Landorus|Landorus-Therian, M|91\/100|[from] Volt Switch\n|\n|upkeep\n|\n|t:|1700328816\n|switch|p2a: Boreas|Frosmoth, M|76\/100\n|turn|10\n|\n|t:|1700328822\n|move|p2a: Boreas|Quiver Dance|p2a: Boreas\n|-boost|p2a: Boreas|spa|1\n|-boost|p2a: Boreas|spd|1\n|-boost|p2a: Boreas|spe|1\n|move|p1a: Landorus|Earthquake|p2a: Boreas\n|-resisted|p2a: Boreas\n|-damage|p2a: Boreas|32\/100\n|\n|upkeep\n|turn|11\n|\n|t:|1700328832\n|move|p2a: Boreas|Ice Beam|p1a: Landorus\n|-supereffective|p1a: Landorus\n|-damage|p1a: Landorus|0 fnt\n|faint|p1a: Landorus\n|\n|upkeep\n|\n|t:|1700328836\n|switch|p1a: Greninja|Greninja, M|100\/100\n|turn|12\n|\n|t:|1700328840\n|move|p1a: Greninja|Surf|p2a: Boreas\n|-damage|p2a: Boreas|7\/100\n|-damage|p1a: Greninja|91\/100|[from] item: Life Orb\n|move|p2a: Boreas|Giga Drain|p1a: Greninja\n|-supereffective|p1a: Greninja\n|-damage|p1a: Greninja|0 fnt\n|-heal|p2a: Boreas|53\/100|[from] drain|[of] p1a: Greninja\n|faint|p1a: Greninja\n|\n|upkeep\n|\n|t:|1700328850\n|switch|p1a: Mandibuzz|Mandibuzz, F|100\/100\n|turn|13\n|\n|t:|1700328856\n|move|p2a: Boreas|Substitute|p2a: Boreas\n|-start|p2a: Boreas|Substitute\n|-damage|p2a: Boreas|28\/100\n|move|p1a: Mandibuzz|Foul Play|p2a: Boreas\n|-end|p2a: Boreas|Substitute\n|\n|upkeep\n|turn|14\n|\n|t:|1700328862\n|move|p2a: Boreas|Ice Beam|p1a: Mandibuzz\n|-supereffective|p1a: Mandibuzz\n|-damage|p1a: Mandibuzz|0 fnt\n|faint|p1a: Mandibuzz\n|\n|upkeep\n|\n|t:|1700328866\n|switch|p1a: Zapdos|Zapdos|76\/100\n|turn|15\n|\n|t:|1700328870\n|move|p2a: Boreas|Ice Beam|p1a: Zapdos\n|-supereffective|p1a: Zapdos\n|-damage|p1a: Zapdos|0 fnt\n|faint|p1a: Zapdos\n|\n|upkeep\n|\n|t:|1700328872\n|switch|p1a: Kingambit|Kingambit, M|100\/100\n|-activate|p1a: Kingambit|ability: Supreme Overlord\n|-start|p1a: Kingambit|fallen5|[silent]\n|turn|16\n|\n|t:|1700328887\n|move|p2a: Boreas|Ice Beam|p1a: Kingambit\n|-resisted|p1a: Kingambit\n|-damage|p1a: Kingambit|63\/100\n|move|p1a: Kingambit|Swords Dance|p1a: Kingambit\n|-boost|p1a: Kingambit|atk|2\n|\n|upkeep\n|turn|17\n|\n|t:|1700328896\n|move|p1a: Kingambit|Sucker Punch||[still]\n|-fail|p1a: Kingambit\n|move|p2a: Boreas|Substitute|p2a: Boreas\n|-start|p2a: Boreas|Substitute\n|-damage|p2a: Boreas|3\/100\n|\n|upkeep\n|turn|18\n|\n|t:|1700328907\n|move|p1a: Kingambit|Sucker Punch|p2a: Boreas\n|-end|p2a: Boreas|Substitute\n|move|p2a: Boreas|Ice Beam|p1a: Kingambit\n|-resisted|p1a: Kingambit\n|-damage|p1a: Kingambit|26\/100\n|\n|upkeep\n|turn|19\n|\n|t:|1700328917\n|move|p2a: Boreas|Quiver Dance|p2a: Boreas\n|-boost|p2a: Boreas|spa|1\n|-boost|p2a: Boreas|spd|1\n|-boost|p2a: Boreas|spe|1\n|move|p1a: Kingambit|Kowtow Cleave|p2a: Boreas\n|-damage|p2a: Boreas|0 fnt\n|faint|p2a: Boreas\n|\n|upkeep\n|\n|t:|1700328923\n|switch|p2a: Nidhogg|Yanmega, M|100\/100\n|-damage|p2a: Nidhogg|51\/100|[from] Stealth Rock\n|turn|20\n|\n|t:|1700328931\n|move|p2a: Nidhogg|Protect|p2a: Nidhogg\n|-singleturn|p2a: Nidhogg|Protect\n|move|p1a: Kingambit|Iron Head|p2a: Nidhogg\n|-activate|p2a: Nidhogg|move: Protect\n|\n|-ability|p2a: Nidhogg|Speed Boost|boost\n|-boost|p2a: Nidhogg|spe|1\n|upkeep\n|turn|21\n|\n|t:|1700328940\n|move|p1a: Kingambit|Sucker Punch|p2a: Nidhogg\n|-damage|p2a: Nidhogg|0 fnt\n|faint|p2a: Nidhogg\n|\n|upkeep\n|\n|t:|1700328943\n|switch|p2a: Erebus|Lokix, M|100\/100\n|turn|22\n|\n|t:|1700328951\n|-terastallize|p1a: Kingambit|Flying\n|move|p2a: Erebus|Sucker Punch|p1a: Kingambit\n|-damage|p1a: Kingambit|0 fnt\n|faint|p1a: Kingambit\n|-end|p1a: Kingambit|fallen5|[silent]\n|\n|win|BugCatcherN8R1X\n|raw|eu amo pitsa's rating: 1202 &rarr; <strong>1176<\/strong><br \/>(-26 for losing)\n|raw|BugCatcherN8R1X's rating: 1195 &rarr; <strong>1221<\/strong><br \/>(+26 for winning)\n|l|\u2606eu amo pitsa\n","uploadtime":1700328967,"views":10,"p1id":"euamopitsa","p2id":"bugcatchern8r1x","formatid":"gen9ou","rating":1176,"private":0,"password":""}