{"id":"gen9ou-1997994799","p1":"G0 easy I'm new","p2":"Lugia 4 OU","format":"[Gen 9] OU","log":"|j|\u2606G0 easy I'm new\n|j|\u2606Lugia 4 OU\n|t:|1700876650\n|gametype|singles\n|player|p1|G0 easy I'm new|waitress-gen4|1120\n|player|p2|Lugia 4 OU|benga|1210\n|teamsize|p1|6\n|teamsize|p2|6\n|gen|9\n|tier|[Gen 9] OU\n|rated|\n|rule|Sleep Clause Mod: Limit one foe put to sleep\n|rule|Species Clause: Limit one of each Pok\u00e9mon\n|rule|OHKO Clause: OHKO moves are banned\n|rule|Evasion Items Clause: Evasion items are banned\n|rule|Evasion Moves Clause: Evasion moves are banned\n|rule|Endless Battle Clause: Forcing endless battles is banned\n|rule|HP Percentage Mod: HP is shown in percentages\n|clearpoke\n|poke|p1|Enamorus, F|\n|poke|p1|Iron Moth|\n|poke|p1|Samurott-Hisui, F|\n|poke|p1|Great Tusk|\n|poke|p1|Iron Valiant|\n|poke|p1|Kingambit, M|\n|poke|p2|Maushold|\n|poke|p2|Quaquaval, M|\n|poke|p2|Glastrier|\n|poke|p2|Landorus-Therian, M|\n|poke|p2|Dragapult, M|\n|poke|p2|Espeon, F|\n|teampreview\n|\n|t:|1700876670\n|start\n|switch|p1a: Samurott|Samurott-Hisui, F|100\/100\n|switch|p2a: Dragapult|Dragapult, M|100\/100\n|turn|1\n|\n|t:|1700876677\n|move|p2a: Dragapult|Draco Meteor|p1a: Samurott\n|-enditem|p1a: Samurott|Focus Sash\n|-damage|p1a: Samurott|1\/100\n|-unboost|p2a: Dragapult|spa|2\n|move|p1a: Samurott|Ceaseless Edge|p2a: Dragapult\n|-supereffective|p2a: Dragapult\n|-damage|p2a: Dragapult|0 fnt\n|-sidestart|p2: Lugia 4 OU|Spikes\n|faint|p2a: Dragapult\n|\n|upkeep\n|\n|t:|1700876683\n|switch|p2a: Quaquaval|Quaquaval, M|100\/100\n|-damage|p2a: Quaquaval|88\/100|[from] Spikes\n|turn|2\n|\n|t:|1700876703\n|move|p1a: Samurott|Sucker Punch||[still]\n|-fail|p1a: Samurott\n|move|p2a: Quaquaval|Bulk Up|p2a: Quaquaval\n|-boost|p2a: Quaquaval|atk|1\n|-boost|p2a: Quaquaval|def|1\n|\n|-heal|p2a: Quaquaval|94\/100|[from] item: Leftovers\n|upkeep\n|turn|3\n|\n|t:|1700876712\n|switch|p1a: Iron Valiant|Iron Valiant|100\/100\n|-enditem|p1a: Iron Valiant|Booster Energy\n|-activate|p1a: Iron Valiant|ability: Quark Drive|[fromitem]\n|-start|p1a: Iron Valiant|quarkdrivespe\n|move|p2a: Quaquaval|Substitute|p2a: Quaquaval\n|-start|p2a: Quaquaval|Substitute\n|-damage|p2a: Quaquaval|69\/100\n|\n|-heal|p2a: Quaquaval|76\/100|[from] item: Leftovers\n|upkeep\n|turn|4\n|\n|t:|1700876723\n|move|p1a: Iron Valiant|Encore|p2a: Quaquaval\n|-start|p2a: Quaquaval|Encore\n|move|p2a: Quaquaval|Substitute|p2a: Quaquaval\n|-fail|p2a: Quaquaval|move: Substitute\n|\n|-heal|p2a: Quaquaval|82\/100|[from] item: Leftovers\n|upkeep\n|turn|5\n|\n|t:|1700876734\n|move|p1a: Iron Valiant|Swords Dance|p1a: Iron Valiant\n|-boost|p1a: Iron Valiant|atk|2\n|move|p2a: Quaquaval|Substitute|p2a: Quaquaval\n|-fail|p2a: Quaquaval|move: Substitute\n|\n|-heal|p2a: Quaquaval|88\/100|[from] item: Leftovers\n|upkeep\n|turn|6\n|\n|t:|1700876743\n|switch|p2a: Landorus|Landorus-Therian, M|100\/100\n|-ability|p2a: Landorus|Intimidate|boost\n|-unboost|p1a: Iron Valiant|atk|1\n|move|p1a: Iron Valiant|Knock Off|p2a: Landorus\n|-damage|p2a: Landorus|50\/100\n|-enditem|p2a: Landorus|Red Card|[from] move: Knock Off|[of] p1a: Iron Valiant\n|\n|upkeep\n|turn|7\n|\n|t:|1700876760\n|switch|p2a: Espeon|Espeon, F|100\/100\n|-damage|p2a: Espeon|88\/100|[from] Spikes\n|move|p1a: Iron Valiant|Swords Dance|p1a: Iron Valiant\n|-boost|p1a: Iron Valiant|atk|2\n|\n|upkeep\n|turn|8\n|\n|t:|1700876766\n|move|p1a: Iron Valiant|Close Combat|p2a: Espeon\n|-resisted|p2a: Espeon\n|-damage|p2a: Espeon|0 fnt\n|-unboost|p1a: Iron Valiant|def|1\n|-unboost|p1a: Iron Valiant|spd|1\n|faint|p2a: Espeon\n|\n|upkeep\n|\n|t:|1700876768\n|switch|p2a: Landorus|Landorus-Therian, M|50\/100\n|-ability|p2a: Landorus|Intimidate|boost\n|-unboost|p1a: Iron Valiant|atk|1\n|turn|9\n|\n|t:|1700876773\n|move|p1a: Iron Valiant|Knock Off|p2a: Landorus\n|-damage|p2a: Landorus|7\/100\n|move|p2a: Landorus|Earthquake|p1a: Iron Valiant\n|-damage|p1a: Iron Valiant|9\/100\n|\n|upkeep\n|turn|10\n|\n|t:|1700876779\n|move|p1a: Iron Valiant|Knock Off|p2a: Landorus\n|-damage|p2a: Landorus|0 fnt\n|faint|p2a: Landorus\n|\n|upkeep\n|\n|t:|1700876781\n|switch|p2a: Glastrier|Glastrier|100\/100\n|-damage|p2a: Glastrier|88\/100|[from] Spikes\n|turn|11\n|\n|t:|1700876785\n|-terastallize|p2a: Glastrier|Poison\n|move|p1a: Iron Valiant|Close Combat|p2a: Glastrier\n|-resisted|p2a: Glastrier\n|-damage|p2a: Glastrier|47\/100\n|-unboost|p1a: Iron Valiant|def|1\n|-unboost|p1a: Iron Valiant|spd|1\n|move|p2a: Glastrier|Icicle Crash|p1a: Iron Valiant\n|-damage|p1a: Iron Valiant|0 fnt\n|faint|p1a: Iron Valiant\n|-end|p1a: Iron Valiant|Quark Drive|[silent]\n|-ability|p2a: Glastrier|Chilling Neigh|boost\n|-boost|p2a: Glastrier|atk|1\n|\n|-heal|p2a: Glastrier|53\/100|[from] item: Leftovers\n|upkeep\n|\n|t:|1700876812\n|switch|p1a: Enamorus|Enamorus, F|100\/100\n|turn|12\n|\n|t:|1700876821\n|switch|p2a: Quaquaval|Quaquaval, M|88\/100\n|-damage|p2a: Quaquaval|76\/100|[from] Spikes\n|-terastallize|p1a: Enamorus|Steel\n|move|p1a: Enamorus|Calm Mind|p1a: Enamorus\n|-boost|p1a: Enamorus|spa|1\n|-boost|p1a: Enamorus|spd|1\n|\n|-heal|p2a: Quaquaval|82\/100|[from] item: Leftovers\n|upkeep\n|turn|13\n|\n|t:|1700876829\n|move|p1a: Enamorus|Moonblast|p2a: Quaquaval\n|-supereffective|p2a: Quaquaval\n|-damage|p2a: Quaquaval|0 fnt\n|faint|p2a: Quaquaval\n|\n|upkeep\n|\n|t:|1700876833\n|switch|p2a: Maushold|Maushold|100\/100\n|-damage|p2a: Maushold|88\/100|[from] Spikes\n|turn|14\n|\n|t:|1700876835\n|move|p2a: Maushold|Thunder Wave|p1a: Enamorus\n|-status|p1a: Enamorus|par\n|cant|p1a: Enamorus|par\n|\n|upkeep\n|turn|15\n|\n|t:|1700876841\n|move|p2a: Maushold|Tidy Up|p2a: Maushold\n|-sideend|p2: Lugia 4 OU|Spikes\n|-activate|p2a: Maushold|move: Tidy Up\n|-boost|p2a: Maushold|atk|1\n|-boost|p2a: Maushold|spe|1\n|cant|p1a: Enamorus|par\n|\n|upkeep\n|turn|16\n|\n|t:|1700876843\n|move|p2a: Maushold|Bite|p1a: Enamorus\n|-damage|p1a: Enamorus|61\/100 par\n|cant|p1a: Enamorus|flinch\n|\n|-heal|p1a: Enamorus|67\/100 par|[from] item: Leftovers\n|upkeep\n|turn|17\n|\n|t:|1700876845\n|move|p2a: Maushold|Bite|p1a: Enamorus\n|-damage|p1a: Enamorus|27\/100 par\n|cant|p1a: Enamorus|flinch\n|\n|-heal|p1a: Enamorus|33\/100 par|[from] item: Leftovers\n|upkeep\n|turn|18\n|\n|t:|1700876878\n|move|p2a: Maushold|Population Bomb|p1a: Enamorus\n|-resisted|p1a: Enamorus\n|-damage|p1a: Enamorus|24\/100 par\n|-resisted|p1a: Enamorus\n|-damage|p1a: Enamorus|15\/100 par\n|-resisted|p1a: Enamorus\n|-damage|p1a: Enamorus|5\/100 par\n|-resisted|p1a: Enamorus\n|-damage|p1a: Enamorus|0 fnt\n|faint|p1a: Enamorus\n|-hitcount|p1: Enamorus|4\n|\n|upkeep\n|\n|t:|1700876879\n|switch|p1a: Great Tusk|Great Tusk|100\/100\n|-enditem|p1a: Great Tusk|Booster Energy\n|-activate|p1a: Great Tusk|ability: Protosynthesis|[fromitem]\n|-start|p1a: Great Tusk|protosynthesisspe\n|turn|19\n|\n|t:|1700876884\n|move|p2a: Maushold|Population Bomb|p1a: Great Tusk\n|-damage|p1a: Great Tusk|90\/100\n|-damage|p1a: Great Tusk|79\/100\n|-damage|p1a: Great Tusk|69\/100\n|-damage|p1a: Great Tusk|59\/100\n|-damage|p1a: Great Tusk|50\/100\n|-damage|p1a: Great Tusk|39\/100\n|-damage|p1a: Great Tusk|27\/100\n|-damage|p1a: Great Tusk|17\/100\n|-damage|p1a: Great Tusk|6\/100\n|-damage|p1a: Great Tusk|0 fnt\n|faint|p1a: Great Tusk\n|-end|p1a: Great Tusk|Protosynthesis|[silent]\n|-hitcount|p1: Great Tusk|10\n|\n|upkeep\n|\n|t:|1700876887\n|switch|p1a: Samurott|Samurott-Hisui, F|1\/100\n|turn|20\n|\n|t:|1700876892\n|move|p1a: Samurott|Sucker Punch|p2a: Maushold\n|-damage|p2a: Maushold|34\/100\n|move|p2a: Maushold|Bite|p1a: Samurott\n|-resisted|p1a: Samurott\n|-damage|p1a: Samurott|0 fnt\n|faint|p1a: Samurott\n|\n|upkeep\n|\n|t:|1700876895\n|switch|p1a: Kingambit|Kingambit, M|100\/100\n|-activate|p1a: Kingambit|ability: Supreme Overlord\n|-start|p1a: Kingambit|fallen4|[silent]\n|turn|21\n|\n|t:|1700876899\n|move|p1a: Kingambit|Sucker Punch||[still]\n|-fail|p1a: Kingambit\n|move|p2a: Maushold|Thunder Wave|p1a: Kingambit\n|-status|p1a: Kingambit|par\n|\n|upkeep\n|turn|22\n|\n|t:|1700876904\n|cant|p1a: Kingambit|par\n|move|p2a: Maushold|Population Bomb|p1a: Kingambit\n|-resisted|p1a: Kingambit\n|-damage|p1a: Kingambit|94\/100 par\n|-resisted|p1a: Kingambit\n|-damage|p1a: Kingambit|87\/100 par\n|-resisted|p1a: Kingambit\n|-damage|p1a: Kingambit|81\/100 par\n|-resisted|p1a: Kingambit\n|-damage|p1a: Kingambit|74\/100 par\n|-resisted|p1a: Kingambit\n|-damage|p1a: Kingambit|68\/100 par\n|-resisted|p1a: Kingambit\n|-damage|p1a: Kingambit|62\/100 par\n|-resisted|p1a: Kingambit\n|-damage|p1a: Kingambit|55\/100 par\n|-resisted|p1a: Kingambit\n|-damage|p1a: Kingambit|48\/100 par\n|-resisted|p1a: Kingambit\n|-damage|p1a: Kingambit|41\/100 par\n|-resisted|p1a: Kingambit\n|-damage|p1a: Kingambit|35\/100 par\n|-hitcount|p1a: Kingambit|10\n|\n|upkeep\n|turn|23\n|\n|t:|1700876907\n|move|p1a: Kingambit|Sucker Punch|p2a: Maushold\n|-damage|p2a: Maushold|0 fnt\n|faint|p2a: Maushold\n|\n|upkeep\n|\n|t:|1700876908\n|switch|p2a: Glastrier|Glastrier, tera:Poison|53\/100\n|turn|24\n|\n|t:|1700876912\n|cant|p1a: Kingambit|par\n|move|p2a: Glastrier|Iron Defense|p2a: Glastrier\n|-boost|p2a: Glastrier|def|2\n|\n|-heal|p2a: Glastrier|59\/100|[from] item: Leftovers\n|upkeep\n|turn|25\n|\n|t:|1700876916\n|move|p2a: Glastrier|Iron Defense|p2a: Glastrier\n|-boost|p2a: Glastrier|def|2\n|cant|p1a: Kingambit|par\n|\n|-heal|p2a: Glastrier|65\/100|[from] item: Leftovers\n|upkeep\n|turn|26\n|\n|t:|1700876927\n|move|p2a: Glastrier|Iron Defense|p2a: Glastrier\n|-boost|p2a: Glastrier|def|2\n|move|p1a: Kingambit|Kowtow Cleave|p2a: Glastrier\n|-damage|p2a: Glastrier|50\/100\n|\n|-heal|p2a: Glastrier|56\/100|[from] item: Leftovers\n|upkeep\n|turn|27\n|\n|t:|1700876929\n|move|p1a: Kingambit|Sucker Punch|p2a: Glastrier\n|-damage|p2a: Glastrier|43\/100\n|move|p2a: Glastrier|Body Press|p1a: Kingambit\n|-supereffective|p1a: Kingambit\n|-damage|p1a: Kingambit|0 fnt\n|faint|p1a: Kingambit\n|-end|p1a: Kingambit|fallen4|[silent]\n|-ability|p2a: Glastrier|Chilling Neigh|boost\n|-boost|p2a: Glastrier|atk|1\n|\n|-heal|p2a: Glastrier|49\/100|[from] item: Leftovers\n|upkeep\n|\n|t:|1700876932\n|switch|p1a: Iron Moth|Iron Moth|100\/100\n|-enditem|p1a: Iron Moth|Booster Energy\n|-activate|p1a: Iron Moth|ability: Quark Drive|[fromitem]\n|-start|p1a: Iron Moth|quarkdrivespe\n|turn|28\n|\n|t:|1700876938\n|move|p1a: Iron Moth|Fiery Dance|p2a: Glastrier\n|-damage|p2a: Glastrier|25\/100\n|move|p2a: Glastrier|Body Press|p1a: Iron Moth\n|-resisted|p1a: Iron Moth\n|-damage|p1a: Iron Moth|30\/100\n|\n|-heal|p2a: Glastrier|31\/100|[from] item: Leftovers\n|upkeep\n|turn|29\n|\n|t:|1700876941\n|move|p1a: Iron Moth|Fiery Dance|p2a: Glastrier\n|-damage|p2a: Glastrier|9\/100\n|move|p2a: Glastrier|Body Press|p1a: Iron Moth\n|-resisted|p1a: Iron Moth\n|-damage|p1a: Iron Moth|0 fnt\n|faint|p1a: Iron Moth\n|-end|p1a: Iron Moth|Quark Drive|[silent]\n|\n|win|Lugia 4 OU\n|raw|G0 easy I&apos;m new's rating: 1120 &rarr; <strong>1101<\/strong><br \/>(-19 for losing)\n|raw|Lugia 4 OU's rating: 1210 &rarr; <strong>1229<\/strong><br \/>(+19 for winning)\n|c|\u2606Lugia 4 OU|No way\n","uploadtime":1700876991,"views":6,"p1id":"g0easyimnew","p2id":"lugia4ou","formatid":"gen9ou","rating":1101,"private":0,"password":""}