{"id":"gen9ou-1999493896","p1":"Giccer","p2":"Just Mew","format":"[Gen 9] OU","log":"|j|\u2606Giccer\n|j|\u2606Just Mew\n|t:|1701088747\n|gametype|singles\n|player|p1|Giccer|102|1197\n|player|p2|Just Mew|marnie|1281\n|teamsize|p1|6\n|teamsize|p2|6\n|gen|9\n|tier|[Gen 9] OU\n|rated|\n|rule|Sleep Clause Mod: Limit one foe put to sleep\n|rule|Species Clause: Limit one of each Pok\u00e9mon\n|rule|OHKO Clause: OHKO moves are banned\n|rule|Evasion Items Clause: Evasion items are banned\n|rule|Evasion Moves Clause: Evasion moves are banned\n|rule|Endless Battle Clause: Forcing endless battles is banned\n|rule|HP Percentage Mod: HP is shown in percentages\n|clearpoke\n|poke|p1|Ursaluna, M|\n|poke|p1|Ogerpon-Wellspring, F|\n|poke|p1|Ting-Lu|\n|poke|p1|Gholdengo|\n|poke|p1|Zapdos|\n|poke|p1|Great Tusk|\n|poke|p2|Ribombee, M|\n|poke|p2|Ogerpon-Wellspring, F|\n|poke|p2|Gholdengo|\n|poke|p2|Iron Moth|\n|poke|p2|Dragonite, M|\n|poke|p2|Great Tusk|\n|teampreview\n|\n|t:|1701088766\n|start\n|switch|p1a: Cheese Boy|Gholdengo|100\/100\n|switch|p2a: Ribombee|Ribombee, M|100\/100\n|turn|1\n|\n|t:|1701088782\n|move|p2a: Ribombee|Sticky Web|p1a: Cheese Boy\n|-sidestart|p1: Giccer|move: Sticky Web\n|move|p1a: Cheese Boy|Shadow Ball|p2a: Ribombee\n|-damage|p2a: Ribombee|35\/100\n|\n|upkeep\n|turn|2\n|\n|t:|1701088792\n|move|p2a: Ribombee|Skill Swap|p1a: Cheese Boy\n|-immune|p1a: Cheese Boy|[from] ability: Good as Gold\n|move|p1a: Cheese Boy|Shadow Ball|p2a: Ribombee\n|-damage|p2a: Ribombee|0 fnt\n|faint|p2a: Ribombee\n|\n|upkeep\n|\n|t:|1701088802\n|switch|p2a: Great Tusk|Great Tusk|100\/100\n|turn|3\n|\n|t:|1701088810\n|-terastallize|p1a: Cheese Boy|Fairy\n|move|p2a: Great Tusk|Headlong Rush|p1a: Cheese Boy\n|-damage|p1a: Cheese Boy|43\/100\n|-unboost|p2a: Great Tusk|def|1\n|-unboost|p2a: Great Tusk|spd|1\n|move|p1a: Cheese Boy|Dazzling Gleam|p2a: Great Tusk\n|-supereffective|p2a: Great Tusk\n|-damage|p2a: Great Tusk|0 fnt\n|faint|p2a: Great Tusk\n|-end|p2a: Great Tusk|Protosynthesis|[silent]\n|\n|upkeep\n|\n|t:|1701088821\n|switch|p2a: Iron Moth|Iron Moth|100\/100\n|-enditem|p2a: Iron Moth|Booster Energy\n|-activate|p2a: Iron Moth|ability: Quark Drive|[fromitem]\n|-start|p2a: Iron Moth|quarkdrivespa\n|turn|4\n|\n|t:|1701088833\n|move|p2a: Iron Moth|Substitute|p2a: Iron Moth\n|-start|p2a: Iron Moth|Substitute\n|-damage|p2a: Iron Moth|76\/100\n|move|p1a: Cheese Boy|Shadow Ball|p2a: Iron Moth\n|-end|p2a: Iron Moth|Substitute\n|\n|upkeep\n|turn|5\n|\n|t:|1701088840\n|move|p2a: Iron Moth|Fiery Dance|p1a: Cheese Boy\n|-damage|p1a: Cheese Boy|0 fnt\n|faint|p1a: Cheese Boy\n|\n|upkeep\n|\n|t:|1701088844\n|switch|p1a: Big Show|Great Tusk|100\/100\n|-activate|p1a: Big Show|move: Sticky Web\n|-unboost|p1a: Big Show|spe|1\n|-enditem|p1a: Big Show|Booster Energy\n|-activate|p1a: Big Show|ability: Protosynthesis|[fromitem]\n|-start|p1a: Big Show|protosynthesisatk\n|turn|6\n|\n|t:|1701088854\n|move|p2a: Iron Moth|Energy Ball|p1a: Big Show\n|-supereffective|p1a: Big Show\n|-damage|p1a: Big Show|0 fnt\n|faint|p1a: Big Show\n|-end|p1a: Big Show|Protosynthesis|[silent]\n|\n|upkeep\n|\n|t:|1701088860\n|switch|p1a: Papa Bear|Ursaluna, M|100\/100\n|-activate|p1a: Papa Bear|move: Sticky Web\n|-unboost|p1a: Papa Bear|spe|1\n|turn|7\n|\n|t:|1701088865\n|-terastallize|p2a: Iron Moth|Grass\n|move|p2a: Iron Moth|Energy Ball|p1a: Papa Bear\n|-supereffective|p1a: Papa Bear\n|-damage|p1a: Papa Bear|0 fnt\n|faint|p1a: Papa Bear\n|\n|upkeep\n|\n|t:|1701088873\n|switch|p1a: Zappy|Zapdos|100\/100\n|turn|8\n|\n|t:|1701088879\n|move|p2a: Iron Moth|Substitute|p2a: Iron Moth\n|-start|p2a: Iron Moth|Substitute\n|-damage|p2a: Iron Moth|51\/100\n|move|p1a: Zappy|Hurricane|p2a: Iron Moth\n|-supereffective|p2a: Iron Moth\n|-end|p2a: Iron Moth|Substitute\n|\n|upkeep\n|turn|9\n|\n|t:|1701088890\n|move|p2a: Iron Moth|Substitute|p2a: Iron Moth\n|-start|p2a: Iron Moth|Substitute\n|-damage|p2a: Iron Moth|26\/100\n|move|p1a: Zappy|Hurricane|p2a: Iron Moth\n|-supereffective|p2a: Iron Moth\n|-end|p2a: Iron Moth|Substitute\n|\n|upkeep\n|turn|10\n|\n|t:|1701088897\n|move|p2a: Iron Moth|Substitute|p2a: Iron Moth\n|-start|p2a: Iron Moth|Substitute\n|-damage|p2a: Iron Moth|1\/100\n|move|p1a: Zappy|Hurricane|p2a: Iron Moth|[miss]\n|-miss|p1a: Zappy|p2a: Iron Moth\n|\n|upkeep\n|turn|11\n|\n|t:|1701088903\n|move|p2a: Iron Moth|Sludge Wave|p1a: Zappy\n|-damage|p1a: Zappy|37\/100\n|move|p1a: Zappy|Hurricane|p2a: Iron Moth\n|-supereffective|p2a: Iron Moth\n|-end|p2a: Iron Moth|Substitute\n|\n|upkeep\n|turn|12\n|\n|t:|1701088914\n|move|p2a: Iron Moth|Fiery Dance|p1a: Zappy\n|-damage|p1a: Zappy|0 fnt\n|faint|p1a: Zappy\n|\n|upkeep\n|-message|Giccer forfeited.\n|\n|win|Just Mew\n|raw|Giccer's rating: 1197 &rarr; <strong>1178<\/strong><br \/>(-19 for losing)\n|raw|Just Mew's rating: 1281 &rarr; <strong>1300<\/strong><br \/>(+19 for winning)\n|l|\u2606Giccer\n","uploadtime":1701088936,"views":2,"p1id":"giccer","p2id":"justmew","formatid":"gen9ou","rating":1178,"private":0,"password":""}