{"id":"gen9ou-1991752465","p1":"defnotapenguin","p2":"captinartemis","format":"[Gen 9] OU","log":"|j|\u2606defnotapenguin\n|j|\u2606captinartemis\n|t:|1700111215\n|gametype|singles\n|player|p1|defnotapenguin|cameraman|1120\n|player|p2|captinartemis|guitarist|1134\n|teamsize|p1|6\n|teamsize|p2|6\n|gen|9\n|tier|[Gen 9] OU\n|rated|\n|rule|Sleep Clause Mod: Limit one foe put to sleep\n|rule|Species Clause: Limit one of each Pok\u00e9mon\n|rule|OHKO Clause: OHKO moves are banned\n|rule|Evasion Items Clause: Evasion items are banned\n|rule|Evasion Moves Clause: Evasion moves are banned\n|rule|Endless Battle Clause: Forcing endless battles is banned\n|rule|HP Percentage Mod: HP is shown in percentages\n|clearpoke\n|poke|p1|Alomomola, F|\n|poke|p1|Samurott-Hisui, M|\n|poke|p1|Breloom, M|\n|poke|p1|Manaphy|\n|poke|p1|Landorus-Therian, M|\n|poke|p1|Dragonite, F|\n|poke|p2|Glimmora, F|\n|poke|p2|Pelipper, M|\n|poke|p2|Dragapult, F|\n|poke|p2|Basculegion, M|\n|poke|p2|Zapdos|\n|poke|p2|Greninja-*, M|\n|teampreview\n|inactive|Battle timer is ON: inactive players will automatically lose when time's up. (requested by defnotapenguin)\n|\n|t:|1700111219\n|start\n|switch|p1a: Wellspringphy|Manaphy|100\/100\n|switch|p2a: Glimmora|Glimmora, F|100\/100\n|turn|1\n|\n|t:|1700111224\n|move|p2a: Glimmora|Stealth Rock|p1a: Wellspringphy\n|-sidestart|p1: defnotapenguin|move: Stealth Rock\n|move|p1a: Wellspringphy|Tail Glow|p1a: Wellspringphy\n|-boost|p1a: Wellspringphy|spa|3\n|\n|upkeep\n|turn|2\n|\n|t:|1700111231\n|move|p2a: Glimmora|Earth Power|p1a: Wellspringphy\n|-damage|p1a: Wellspringphy|74\/100\n|move|p1a: Wellspringphy|Surf|p2a: Glimmora\n|-supereffective|p2a: Glimmora\n|-enditem|p2a: Glimmora|Focus Sash\n|-damage|p2a: Glimmora|1\/100\n|\n|-heal|p1a: Wellspringphy|80\/100|[from] item: Leftovers\n|upkeep\n|turn|3\n|\n|t:|1700111245\n|switch|p2a: Pelipper|Pelipper, M|100\/100\n|-weather|RainDance|[from] ability: Drizzle|[of] p2a: Pelipper\n|move|p1a: Wellspringphy|Surf|p2a: Pelipper\n|-resisted|p2a: Pelipper\n|-damage|p2a: Pelipper|0 fnt\n|faint|p2a: Pelipper\n|\n|-weather|RainDance|[upkeep]\n|-heal|p1a: Wellspringphy|87\/100|[from] item: Leftovers\n|upkeep\n|\n|t:|1700111254\n|switch|p2a: Zapdos|Zapdos|100\/100\n|turn|4\n|\n|t:|1700111260\n|-terastallize|p1a: Wellspringphy|Fairy\n|move|p2a: Zapdos|Thunderbolt|p1a: Wellspringphy\n|-damage|p1a: Wellspringphy|48\/100\n|move|p1a: Wellspringphy|Ice Beam|p2a: Zapdos\n|-supereffective|p2a: Zapdos\n|-damage|p2a: Zapdos|0 fnt\n|faint|p2a: Zapdos\n|\n|-weather|RainDance|[upkeep]\n|-heal|p1a: Wellspringphy|54\/100|[from] item: Leftovers\n|upkeep\n|\n|t:|1700111270\n|switch|p2a: Basculegion|Basculegion, M|100\/100\n|turn|5\n|\n|t:|1700111279\n|move|p2a: Basculegion|Aqua Jet|p1a: Wellspringphy\n|-damage|p1a: Wellspringphy|14\/100\n|move|p1a: Wellspringphy|Energy Ball|p2a: Basculegion\n|-supereffective|p2a: Basculegion\n|-damage|p2a: Basculegion|0 fnt\n|faint|p2a: Basculegion\n|\n|-weather|RainDance|[upkeep]\n|-heal|p1a: Wellspringphy|20\/100|[from] item: Leftovers\n|upkeep\n|\n|t:|1700111288\n|switch|p2a: Dragapult|Dragapult, F|100\/100\n|turn|6\n|\n|t:|1700111294\n|move|p2a: Dragapult|Hex|p1a: Wellspringphy\n|-damage|p1a: Wellspringphy|0 fnt\n|faint|p1a: Wellspringphy\n|\n|-weather|RainDance|[upkeep]\n|upkeep\n|\n|t:|1700111316\n|switch|p1a: Dragonite|Dragonite, F|100\/100\n|-damage|p1a: Dragonite|76\/100|[from] Stealth Rock\n|turn|7\n|\n|t:|1700111328\n|switch|p2a: Greninja|Greninja, M|100\/100\n|switch|p1a: Alomomola|Alomomola, F|100\/100\n|\n|-weather|RainDance|[upkeep]\n|upkeep\n|turn|8\n|\n|t:|1700111344\n|move|p2a: Greninja|Grass Knot|p1a: Alomomola\n|-supereffective|p1a: Alomomola\n|-damage|p1a: Alomomola|54\/100\n|-damage|p2a: Greninja|91\/100|[from] item: Life Orb\n|move|p1a: Alomomola|Scald|p2a: Greninja\n|-resisted|p2a: Greninja\n|-damage|p2a: Greninja|76\/100\n|-status|p2a: Greninja|brn\n|\n|-weather|RainDance|[upkeep]\n|-damage|p2a: Greninja|70\/100 brn|[from] brn\n|upkeep\n|turn|9\n|\n|t:|1700111367\n|switch|p1a: Breloom|Breloom, M|100\/100\n|-damage|p1a: Breloom|94\/100|[from] Stealth Rock\n|move|p2a: Greninja|Grass Knot|p1a: Breloom\n|-resisted|p1a: Breloom\n|-damage|p1a: Breloom|76\/100\n|-damage|p2a: Greninja|60\/100 brn|[from] item: Life Orb\n|\n|-weather|RainDance|[upkeep]\n|-damage|p2a: Greninja|54\/100 brn|[from] brn\n|-status|p1a: Breloom|tox|[from] item: Toxic Orb\n|upkeep\n|turn|10\n|\n|t:|1700111380\n|move|p2a: Greninja|Ice Beam|p1a: Breloom\n|-supereffective|p1a: Breloom\n|-damage|p1a: Breloom|0 fnt\n|faint|p1a: Breloom\n|-ability|p2a: Greninja|Battle Bond|boost\n|-boost|p2a: Greninja|atk|1\n|-boost|p2a: Greninja|spa|1\n|-boost|p2a: Greninja|spe|1\n|-activate|p2a: Greninja|ability: Battle Bond\n|-damage|p2a: Greninja|44\/100 brn|[from] item: Life Orb\n|\n|-weather|none\n|-damage|p2a: Greninja|38\/100 brn|[from] brn\n|upkeep\n|inactive|defnotapenguin has 120 seconds left.\n|\n|t:|1700111391\n|switch|p1a: Alomomola|Alomomola, F|87\/100\n|turn|11\n|\n|t:|1700111395\n|move|p1a: Alomomola|Protect|p1a: Alomomola\n|-singleturn|p1a: Alomomola|Protect\n|move|p2a: Greninja|Grass Knot|p1a: Alomomola\n|-activate|p1a: Alomomola|move: Protect\n|\n|-damage|p2a: Greninja|32\/100 brn|[from] brn\n|upkeep\n|turn|12\n|\n|t:|1700111404\n|move|p2a: Greninja|Grass Knot|p1a: Alomomola\n|-supereffective|p1a: Alomomola\n|-damage|p1a: Alomomola|22\/100\n|-damage|p2a: Greninja|23\/100 brn|[from] item: Life Orb\n|move|p1a: Alomomola|Wish|p1a: Alomomola\n|\n|-damage|p2a: Greninja|17\/100 brn|[from] brn\n|upkeep\n|turn|13\n|\n|t:|1700111412\n|move|p1a: Alomomola|Protect|p1a: Alomomola\n|-singleturn|p1a: Alomomola|Protect\n|move|p2a: Greninja|Grass Knot|p1a: Alomomola\n|-activate|p1a: Alomomola|move: Protect\n|\n|-heal|p1a: Alomomola|72\/100|[from] move: Wish|[wisher] Alomomola\n|-damage|p2a: Greninja|11\/100 brn|[from] brn\n|upkeep\n|turn|14\n|\n|t:|1700111424\n|move|p2a: Greninja|Grass Knot|p1a: Alomomola\n|-supereffective|p1a: Alomomola\n|-damage|p1a: Alomomola|3\/100\n|-damage|p2a: Greninja|1\/100 brn|[from] item: Life Orb\n|move|p1a: Alomomola|Wish|p1a: Alomomola\n|\n|-damage|p2a: Greninja|0 fnt|[from] brn\n|faint|p2a: Greninja\n|upkeep\n|\n|t:|1700111432\n|switch|p2a: Glimmora|Glimmora, F|1\/100\n|turn|15\n|\n|t:|1700111438\n|move|p2a: Glimmora|Mortal Spin|p1a: Alomomola\n|-damage|p1a: Alomomola|0 fnt\n|faint|p1a: Alomomola\n|\n|upkeep\n|\n|t:|1700111450\n|switch|p1a: Landorus|Landorus-Therian, M|100\/100\n|-damage|p1a: Landorus|88\/100|[from] Stealth Rock\n|-ability|p1a: Landorus|Intimidate|boost\n|-unboost|p2a: Glimmora|atk|1\n|turn|16\n|\n|t:|1700111459\n|move|p1a: Landorus|Earthquake|p2a: Glimmora\n|-supereffective|p2a: Glimmora\n|-damage|p2a: Glimmora|0 fnt\n|-activate|p2a: Glimmora|ability: Toxic Debris\n|-sidestart|p1: defnotapenguin|move: Toxic Spikes\n|faint|p2a: Glimmora\n|\n|-heal|p1a: Landorus|94\/100|[from] item: Leftovers\n|upkeep\n|\n|t:|1700111467\n|switch|p2a: Dragapult|Dragapult, F|100\/100\n|turn|17\n|\n|t:|1700111477\n|-terastallize|p2a: Dragapult|Fairy\n|move|p2a: Dragapult|Substitute|p2a: Dragapult\n|-start|p2a: Dragapult|Substitute\n|-damage|p2a: Dragapult|76\/100\n|move|p1a: Landorus|U-turn|p2a: Dragapult\n|-resisted|p2a: Dragapult\n|-activate|p2a: Dragapult|move: Substitute|[damage]\n|\n|t:|1700111493\n|switch|p1a: Dragonite|Dragonite, F|76\/100|[from] U-turn\n|-damage|p1a: Dragonite|51\/100|[from] Stealth Rock\n|\n|-heal|p2a: Dragapult|82\/100|[from] item: Leftovers\n|upkeep\n|turn|18\n|\n|t:|1700111503\n|switch|p1a: Landorus|Landorus-Therian, M|94\/100\n|-damage|p1a: Landorus|82\/100|[from] Stealth Rock\n|-ability|p1a: Landorus|Intimidate|boost\n|-immune|p2a: Dragapult\n|move|p2a: Dragapult|Dragon Darts|p1a: Landorus\n|-damage|p1a: Landorus|58\/100\n|-anim|p2a: Dragapult|Dragon Darts|p1a: Landorus\n|-damage|p1a: Landorus|33\/100\n|\n|-heal|p2a: Dragapult|88\/100|[from] item: Leftovers\n|-heal|p1a: Landorus|39\/100|[from] item: Leftovers\n|upkeep\n|turn|19\n|\n|t:|1700111520\n|move|p2a: Dragapult|Hex|p1a: Landorus\n|-damage|p1a: Landorus|1\/100\n|move|p1a: Landorus|Earthquake|p2a: Dragapult\n|-end|p2a: Dragapult|Substitute\n|\n|-heal|p2a: Dragapult|94\/100|[from] item: Leftovers\n|-heal|p1a: Landorus|7\/100|[from] item: Leftovers\n|upkeep\n|turn|20\n|\n|t:|1700111531\n|move|p2a: Dragapult|Hex|p1a: Landorus\n|-damage|p1a: Landorus|0 fnt\n|faint|p1a: Landorus\n|\n|-heal|p2a: Dragapult|99\/100|[from] item: Leftovers\n|upkeep\n|\n|t:|1700111537\n|switch|p1a: Dragonite|Dragonite, F|51\/100\n|-damage|p1a: Dragonite|26\/100|[from] Stealth Rock\n|turn|21\n|\n|t:|1700111541\n|move|p1a: Dragonite|Extreme Speed|p2a: Dragapult\n|-damage|p2a: Dragapult|28\/100\n|move|p2a: Dragapult|Dragon Darts|p1a: Dragonite\n|-supereffective|p1a: Dragonite\n|-damage|p1a: Dragonite|0 fnt\n|faint|p1a: Dragonite\n|\n|-heal|p2a: Dragapult|34\/100|[from] item: Leftovers\n|upkeep\n|\n|t:|1700111550\n|switch|p1a: Samurott|Samurott-Hisui, M|100\/100\n|-damage|p1a: Samurott|88\/100|[from] Stealth Rock\n|-status|p1a: Samurott|psn\n|turn|22\n|\n|t:|1700111563\n|move|p2a: Dragapult|Substitute|p2a: Dragapult\n|-start|p2a: Dragapult|Substitute\n|-damage|p2a: Dragapult|9\/100\n|move|p1a: Samurott|Aqua Cutter|p2a: Dragapult\n|-end|p2a: Dragapult|Substitute\n|\n|-heal|p2a: Dragapult|15\/100|[from] item: Leftovers\n|-damage|p1a: Samurott|76\/100 psn|[from] psn\n|upkeep\n|turn|23\n|\n|t:|1700111574\n|move|p2a: Dragapult|Dragon Darts|p1a: Samurott\n|-damage|p1a: Samurott|49\/100 psn\n|-anim|p2a: Dragapult|Dragon Darts|p1a: Samurott\n|-damage|p1a: Samurott|20\/100 psn\n|move|p1a: Samurott|Aqua Cutter|p2a: Dragapult\n|-damage|p2a: Dragapult|0 fnt\n|faint|p2a: Dragapult\n|\n|win|defnotapenguin\n|raw|defnotapenguin's rating: 1120 &rarr; <strong>1146<\/strong><br \/>(+26 for winning)\n|raw|captinartemis's rating: 1134 &rarr; <strong>1108<\/strong><br \/>(-26 for losing)\n","uploadtime":1700111584,"views":8,"p1id":"defnotapenguin","p2id":"captinartemis","formatid":"gen9ou","rating":1108,"private":0,"password":""}