{"id":"gen9ou-1996779992","p1":"Supraxd","p2":"youngJizzy","format":"[Gen 9] OU","log":"|j|\u2606Supraxd\n|j|\u2606youngJizzy\n|t:|1700724053\n|gametype|singles\n|player|p1|Supraxd|steven|1261\n|player|p2|youngJizzy|benga|1289\n|teamsize|p1|6\n|teamsize|p2|6\n|gen|9\n|tier|[Gen 9] OU\n|rated|\n|rule|Sleep Clause Mod: Limit one foe put to sleep\n|rule|Species Clause: Limit one of each Pok\u00e9mon\n|rule|OHKO Clause: OHKO moves are banned\n|rule|Evasion Items Clause: Evasion items are banned\n|rule|Evasion Moves Clause: Evasion moves are banned\n|rule|Endless Battle Clause: Forcing endless battles is banned\n|rule|HP Percentage Mod: HP is shown in percentages\n|clearpoke\n|poke|p1|Kingambit, M|\n|poke|p1|Manaphy|\n|poke|p1|Kommo-o, M|\n|poke|p1|Ogerpon-Cornerstone, F|\n|poke|p1|Iron Treads|\n|poke|p1|Iron Valiant|\n|poke|p2|Munkidori, M|\n|poke|p2|Scizor, F|\n|poke|p2|Enamorus, F|\n|poke|p2|Vikavolt, M|\n|poke|p2|Ogerpon-Cornerstone, F|\n|poke|p2|Iron Moth|\n|teampreview\n|\n|t:|1700724083\n|start\n|switch|p1a: Ogerpon|Ogerpon-Cornerstone, F|100\/100\n|switch|p2a: Enamorus|Enamorus, F|100\/100\n|turn|1\n|\n|t:|1700724089\n|move|p1a: Ogerpon|Ivy Cudgel|p2a: Enamorus|[anim] Ivy Cudgel Rock\n|-supereffective|p2a: Enamorus\n|-damage|p2a: Enamorus|0 fnt\n|faint|p2a: Enamorus\n|\n|upkeep\n|\n|t:|1700724096\n|switch|p2a: Scizor|Scizor, F|100\/100\n|turn|2\n|\n|t:|1700724141\n|move|p2a: Scizor|Bullet Punch|p1a: Ogerpon\n|-supereffective|p1a: Ogerpon\n|-damage|p1a: Ogerpon|21\/100\n|move|p1a: Ogerpon|Knock Off|p2a: Scizor\n|-damage|p2a: Scizor|72\/100\n|-enditem|p2a: Scizor|Leftovers|[from] move: Knock Off|[of] p1a: Ogerpon\n|\n|upkeep\n|turn|3\n|\n|t:|1700724147\n|move|p1a: Ogerpon|Taunt|p2a: Scizor\n|-start|p2a: Scizor|move: Taunt\n|move|p2a: Scizor|U-turn|p1a: Ogerpon\n|-supereffective|p1a: Ogerpon\n|-damage|p1a: Ogerpon|0 fnt\n|faint|p1a: Ogerpon\n|\n|t:|1700724155\n|switch|p2a: Vikavolt|Vikavolt, M|100\/100|[from] U-turn\n|\n|upkeep\n|\n|t:|1700724187\n|switch|p1a: Kommo-o|Kommo-o, M|100\/100\n|turn|4\n|\n|t:|1700724193\n|move|p1a: Kommo-o|Clangorous Soul|p1a: Kommo-o\n|-boost|p1a: Kommo-o|atk|1\n|-boost|p1a: Kommo-o|def|1\n|-boost|p1a: Kommo-o|spa|1\n|-boost|p1a: Kommo-o|spd|1\n|-boost|p1a: Kommo-o|spe|1\n|-damage|p1a: Kommo-o|68\/100\n|-enditem|p1a: Kommo-o|Throat Spray\n|-boost|p1a: Kommo-o|spa|1|[from] item: Throat Spray\n|move|p2a: Vikavolt|Volt Switch|p1a: Kommo-o\n|-resisted|p1a: Kommo-o\n|-damage|p1a: Kommo-o|51\/100\n|\n|t:|1700724216\n|switch|p2a: Munkidori|Munkidori, M|100\/100|[from] Volt Switch\n|\n|upkeep\n|turn|5\n|\n|t:|1700724229\n|move|p2a: Munkidori|Psychic|p1a: Kommo-o\n|-supereffective|p1a: Kommo-o\n|-damage|p1a: Kommo-o|0 fnt\n|faint|p1a: Kommo-o\n|\n|upkeep\n|\n|t:|1700724239\n|switch|p1a: Iron Treads|Iron Treads|100\/100\n|-enditem|p1a: Iron Treads|Booster Energy\n|-activate|p1a: Iron Treads|ability: Quark Drive|[fromitem]\n|-start|p1a: Iron Treads|quarkdrivespe\n|turn|6\n|\n|t:|1700724244\n|switch|p2a: Vikavolt|Vikavolt, M|100\/100\n|move|p1a: Iron Treads|Knock Off|p2a: Vikavolt\n|-damage|p2a: Vikavolt|66\/100\n|-enditem|p2a: Vikavolt|Heavy-Duty Boots|[from] move: Knock Off|[of] p1a: Iron Treads\n|\n|upkeep\n|turn|7\n|\n|t:|1700724297\n|move|p1a: Iron Treads|Knock Off|p2a: Vikavolt\n|-damage|p2a: Vikavolt|44\/100\n|move|p2a: Vikavolt|Bug Buzz|p1a: Iron Treads\n|-resisted|p1a: Iron Treads\n|-damage|p1a: Iron Treads|63\/100\n|\n|upkeep\n|turn|8\n|\n|t:|1700724315\n|move|p1a: Iron Treads|Knock Off|p2a: Vikavolt\n|-damage|p2a: Vikavolt|21\/100\n|move|p2a: Vikavolt|Bug Buzz|p1a: Iron Treads\n|-resisted|p1a: Iron Treads\n|-damage|p1a: Iron Treads|22\/100\n|\n|upkeep\n|turn|9\n|\n|t:|1700724320\n|move|p1a: Iron Treads|Knock Off|p2a: Vikavolt\n|-damage|p2a: Vikavolt|0 fnt\n|faint|p2a: Vikavolt\n|\n|upkeep\n|\n|t:|1700724333\n|switch|p2a: Iron Moth|Iron Moth|100\/100\n|-enditem|p2a: Iron Moth|Booster Energy\n|-activate|p2a: Iron Moth|ability: Quark Drive|[fromitem]\n|-start|p2a: Iron Moth|quarkdrivespe\n|turn|10\n|\n|t:|1700724390\n|move|p2a: Iron Moth|Fiery Dance|p1a: Iron Treads\n|-supereffective|p1a: Iron Treads\n|-damage|p1a: Iron Treads|0 fnt\n|-boost|p2a: Iron Moth|spa|1\n|faint|p1a: Iron Treads\n|-end|p1a: Iron Treads|Quark Drive|[silent]\n|\n|upkeep\n|\n|t:|1700724540\n|switch|p1a: Manaphy|Manaphy|100\/100\n|turn|11\n|\n|t:|1700724671\n|move|p2a: Iron Moth|Sludge Wave|p1a: Manaphy\n|-damage|p1a: Manaphy|29\/100\n|-status|p1a: Manaphy|psn\n|move|p1a: Manaphy|Surf|p2a: Iron Moth\n|-supereffective|p2a: Iron Moth\n|-damage|p2a: Iron Moth|29\/100\n|\n|-heal|p1a: Manaphy|35\/100 psn|[from] item: Leftovers\n|-damage|p1a: Manaphy|23\/100 psn|[from] psn\n|upkeep\n|turn|12\n|\n|t:|1700724742\n|move|p2a: Iron Moth|Fiery Dance|p1a: Manaphy\n|-resisted|p1a: Manaphy\n|-damage|p1a: Manaphy|0 fnt\n|-boost|p2a: Iron Moth|spa|1\n|faint|p1a: Manaphy\n|\n|upkeep\n|\n|t:|1700725032\n|switch|p1a: Iron Valiant|Iron Valiant|100\/100\n|-enditem|p1a: Iron Valiant|Booster Energy\n|-activate|p1a: Iron Valiant|ability: Quark Drive|[fromitem]\n|-start|p1a: Iron Valiant|quarkdrivespe\n|turn|13\n|\n|t:|1700725104\n|move|p1a: Iron Valiant|Knock Off|p2a: Iron Moth\n|-damage|p2a: Iron Moth|0 fnt\n|faint|p2a: Iron Moth\n|-end|p2a: Iron Moth|Quark Drive|[silent]\n|\n|upkeep\n|\n|t:|1700725109\n|switch|p2a: Scizor|Scizor, F|72\/100\n|turn|14\n|\n|t:|1700725117\n|move|p2a: Scizor|Bullet Punch|p1a: Iron Valiant\n|-supereffective|p1a: Iron Valiant\n|-damage|p1a: Iron Valiant|22\/100\n|move|p1a: Iron Valiant|Drain Punch|p2a: Scizor\n|-damage|p2a: Scizor|39\/100\n|-heal|p1a: Iron Valiant|41\/100|[from] drain|[of] p2a: Scizor\n|\n|upkeep\n|turn|15\n|\n|t:|1700725126\n|move|p1a: Iron Valiant|Drain Punch|p2a: Scizor\n|-damage|p2a: Scizor|10\/100\n|-heal|p1a: Iron Valiant|59\/100|[from] drain|[of] p2a: Scizor\n|move|p2a: Scizor|Swords Dance|p2a: Scizor\n|-boost|p2a: Scizor|atk|2\n|\n|upkeep\n|turn|16\n|\n|t:|1700725151\n|move|p2a: Scizor|Bullet Punch|p1a: Iron Valiant\n|-supereffective|p1a: Iron Valiant\n|-damage|p1a: Iron Valiant|0 fnt\n|faint|p1a: Iron Valiant\n|-end|p1a: Iron Valiant|Quark Drive|[silent]\n|\n|upkeep\n|\n|t:|1700725154\n|switch|p1a: Kingambit|Kingambit, M|100\/100\n|-activate|p1a: Kingambit|ability: Supreme Overlord\n|-start|p1a: Kingambit|fallen5|[silent]\n|turn|17\n|\n|t:|1700725161\n|move|p1a: Kingambit|Kowtow Cleave|p2a: Scizor\n|-damage|p2a: Scizor|0 fnt\n|faint|p2a: Scizor\n|\n|upkeep\n|\n|t:|1700725168\n|switch|p2a: Munkidori|Munkidori, M|100\/100\n|turn|18\n|\n|t:|1700725176\n|move|p2a: Munkidori|Trick|p1a: Kingambit\n|-activate|p2a: Munkidori|move: Trick|[of] p1a: Kingambit\n|-item|p1a: Kingambit|Choice Scarf|[from] move: Trick\n|-item|p2a: Munkidori|Black Glasses|[from] move: Trick\n|move|p1a: Kingambit|Kowtow Cleave|p2a: Munkidori\n|-supereffective|p2a: Munkidori\n|-damage|p2a: Munkidori|0 fnt\n|faint|p2a: Munkidori\n|\n|upkeep\n|\n|t:|1700725181\n|switch|p2a: Ogerpon|Ogerpon-Cornerstone, F|100\/100\n|turn|19\n|\n|t:|1700725190\n|move|p2a: Ogerpon|Leech Seed|p1a: Kingambit\n|-start|p1a: Kingambit|move: Leech Seed\n|move|p1a: Kingambit|Kowtow Cleave|p2a: Ogerpon\n|-damage|p2a: Ogerpon|5\/100\n|\n|-damage|p1a: Kingambit|88\/100|[from] Leech Seed|[of] p2a: Ogerpon\n|-heal|p2a: Ogerpon|20\/100|[silent]\n|upkeep\n|turn|20\n|\n|t:|1700725198\n|move|p2a: Ogerpon|Spiky Shield|p2a: Ogerpon\n|-singleturn|p2a: Ogerpon|move: Protect\n|move|p1a: Kingambit|Kowtow Cleave|p2a: Ogerpon\n|-activate|p2a: Ogerpon|move: Protect\n|-damage|p1a: Kingambit|76\/100|[from] Spiky Shield|[of] p2a: Ogerpon\n|\n|-damage|p1a: Kingambit|64\/100|[from] Leech Seed|[of] p2a: Ogerpon\n|-heal|p2a: Ogerpon|35\/100|[silent]\n|upkeep\n|turn|21\n|\n|t:|1700725214\n|-terastallize|p2a: Ogerpon|Rock\n|detailschange|p2a: Ogerpon|Ogerpon-Cornerstone-Tera, F, tera:Rock\n|-ability|p2a: Ogerpon|Embody Aspect (Cornerstone)|boost\n|-boost|p2a: Ogerpon|def|1\n|move|p2a: Ogerpon|Ivy Cudgel|p1a: Kingambit|[anim] Ivy Cudgel Rock\n|-resisted|p1a: Kingambit\n|-damage|p1a: Kingambit|33\/100\n|move|p1a: Kingambit|Kowtow Cleave|p2a: Ogerpon\n|-damage|p2a: Ogerpon|0 fnt\n|faint|p2a: Ogerpon\n|\n|win|Supraxd\n|raw|Supraxd's rating: 1261 &rarr; <strong>1288<\/strong><br \/>(+27 for winning)\n|raw|youngJizzy's rating: 1289 &rarr; <strong>1262<\/strong><br \/>(-27 for losing)\n","uploadtime":1700725232,"views":2,"p1id":"supraxd","p2id":"youngjizzy","formatid":"gen9ou","rating":1262,"private":0,"password":""}