{"id":"gen9ou-2000606476","p1":"akumu15","p2":"Glook","format":"[Gen 9] OU","log":"|j|\u2606akumu15\n|j|\u2606Glook\n|t:|1701209876\n|gametype|singles\n|player|p1|akumu15|colress|1199\n|player|p2|Glook|nate|1246\n|teamsize|p1|6\n|teamsize|p2|6\n|gen|9\n|tier|[Gen 9] OU\n|rated|\n|rule|Sleep Clause Mod: Limit one foe put to sleep\n|rule|Species Clause: Limit one of each Pok\u00e9mon\n|rule|OHKO Clause: OHKO moves are banned\n|rule|Evasion Items Clause: Evasion items are banned\n|rule|Evasion Moves Clause: Evasion moves are banned\n|rule|Endless Battle Clause: Forcing endless battles is banned\n|rule|HP Percentage Mod: HP is shown in percentages\n|clearpoke\n|poke|p1|Quaquaval, F|\n|poke|p1|Landorus-Therian, M|\n|poke|p1|Kingambit, M|\n|poke|p1|Moltres|\n|poke|p1|Volcanion|\n|poke|p1|Kommo-o, F|\n|poke|p2|Heatran, F|\n|poke|p2|Greninja-*, M|\n|poke|p2|Amoonguss, M|\n|poke|p2|Scizor, M|\n|poke|p2|Skeledirge, F|\n|poke|p2|Lycanroc-Dusk, F|\n|teampreview\n|inactive|Battle timer is ON: inactive players will automatically lose when time's up. (requested by akumu15)\n|\n|t:|1701209907\n|start\n|switch|p1a: Volcanion|Volcanion|100\/100\n|switch|p2a: Greninja|Greninja, M|100\/100\n|turn|1\n|\n|t:|1701209925\n|move|p2a: Greninja|Dark Pulse|p1a: Volcanion\n|-damage|p1a: Volcanion|41\/100\n|move|p1a: Volcanion|Steam Eruption|p2a: Greninja\n|-resisted|p2a: Greninja\n|-damage|p2a: Greninja|54\/100\n|\n|upkeep\n|turn|2\n|\n|t:|1701209945\n|switch|p1a: Moltres|Moltres|100\/100\n|move|p2a: Greninja|Dark Pulse|p1a: Moltres\n|-damage|p1a: Moltres|63\/100\n|\n|upkeep\n|turn|3\n|inactive|Glook has 120 seconds left.\n|\n|t:|1701209982\n|switch|p2a: Heatran|Heatran, F|100\/100\n|move|p1a: Moltres|U-turn|p2a: Heatran\n|-resisted|p2a: Heatran\n|-damage|p2a: Heatran|97\/100\n|\n|t:|1701209987\n|switch|p1a: Landorus|Landorus-Therian, M|100\/100|[from] U-turn\n|-ability|p1a: Landorus|Intimidate|boost\n|-unboost|p2a: Heatran|atk|1\n|\n|-heal|p2a: Heatran|100\/100|[from] item: Leftovers\n|upkeep\n|turn|4\n|inactive|Glook has 120 seconds left.\n|inactive|Glook has 90 seconds left.\n|\n|t:|1701210028\n|switch|p2a: Amoonguss|Amoonguss, M|100\/100\n|move|p1a: Landorus|Stealth Rock|p2a: Amoonguss\n|-sidestart|p2: Glook|move: Stealth Rock\n|\n|upkeep\n|turn|5\n|\n|t:|1701210035\n|move|p1a: Landorus|Earthquake|p2a: Amoonguss\n|-damage|p2a: Amoonguss|65\/100\n|move|p2a: Amoonguss|Giga Drain|p1a: Landorus\n|-damage|p1a: Landorus|75\/100\n|-heal|p2a: Amoonguss|77\/100|[from] drain|[of] p1a: Landorus\n|\n|-heal|p1a: Landorus|81\/100|[from] item: Leftovers\n|upkeep\n|turn|6\n|\n|t:|1701210040\n|move|p1a: Landorus|Taunt|p2a: Amoonguss\n|-start|p2a: Amoonguss|move: Taunt\n|cant|p2a: Amoonguss|move: Taunt|Spore\n|\n|-heal|p1a: Landorus|87\/100|[from] item: Leftovers\n|upkeep\n|turn|7\n|\n|t:|1701210044\n|move|p1a: Landorus|U-turn|p2a: Amoonguss\n|-damage|p2a: Amoonguss|61\/100\n|-damage|p1a: Landorus|71\/100|[from] item: Rocky Helmet|[of] p2a: Amoonguss\n|\n|t:|1701210050\n|switch|p1a: Moltres|Moltres|63\/100|[from] U-turn\n|move|p2a: Amoonguss|Giga Drain|p1a: Moltres\n|-resisted|p1a: Moltres\n|-damage|p1a: Moltres|59\/100\n|-heal|p2a: Amoonguss|63\/100|[from] drain|[of] p1a: Moltres\n|\n|upkeep\n|turn|8\n|\n|t:|1701210055\n|switch|p2a: Heatran|Heatran, F|100\/100\n|-damage|p2a: Heatran|88\/100|[from] Stealth Rock\n|move|p1a: Moltres|Flamethrower|p2a: Heatran\n|-start|p2a: Heatran|ability: Flash Fire\n|\n|-heal|p2a: Heatran|94\/100|[from] item: Leftovers\n|upkeep\n|turn|9\n|\n|t:|1701210063\n|switch|p1a: Landorus|Landorus-Therian, M|71\/100\n|-ability|p1a: Landorus|Intimidate|boost\n|-unboost|p2a: Heatran|atk|1\n|move|p2a: Heatran|Magma Storm|p1a: Landorus\n|-damage|p1a: Landorus|0 fnt\n|faint|p1a: Landorus\n|\n|-heal|p2a: Heatran|99\/100|[from] item: Leftovers\n|upkeep\n|\n|t:|1701210079\n|switch|p1a: Quaquaval|Quaquaval, F|100\/100\n|turn|10\n|\n|t:|1701210086\n|-terastallize|p2a: Heatran|Water\n|move|p1a: Quaquaval|Close Combat|p2a: Heatran\n|-damage|p2a: Heatran|31\/100\n|-unboost|p1a: Quaquaval|def|1\n|-unboost|p1a: Quaquaval|spd|1\n|move|p2a: Heatran|Magma Storm|p1a: Quaquaval\n|-resisted|p1a: Quaquaval\n|-damage|p1a: Quaquaval|26\/100\n|-activate|p1a: Quaquaval|move: Magma Storm|[of] p2a: Heatran\n|\n|-heal|p2a: Heatran|37\/100|[from] item: Leftovers\n|-damage|p1a: Quaquaval|13\/100|[from] move: Magma Storm|[partiallytrapped]\n|upkeep\n|turn|11\n|\n|t:|1701210095\n|move|p2a: Heatran|Protect|p2a: Heatran\n|-singleturn|p2a: Heatran|Protect\n|move|p1a: Quaquaval|Close Combat|p2a: Heatran\n|-activate|p2a: Heatran|move: Protect\n|\n|-heal|p2a: Heatran|43\/100|[from] item: Leftovers\n|-damage|p1a: Quaquaval|1\/100|[from] move: Magma Storm|[partiallytrapped]\n|upkeep\n|turn|12\n|\n|t:|1701210099\n|-end|p2a: Heatran|ability: Flash Fire|[silent]\n|switch|p2a: Amoonguss|Amoonguss, M|96\/100\n|-damage|p2a: Amoonguss|84\/100|[from] Stealth Rock\n|move|p1a: Quaquaval|Close Combat|p2a: Amoonguss\n|-resisted|p2a: Amoonguss\n|-damage|p2a: Amoonguss|52\/100\n|-unboost|p1a: Quaquaval|def|1\n|-unboost|p1a: Quaquaval|spd|1\n|-damage|p1a: Quaquaval|0 fnt|[from] item: Rocky Helmet|[of] p2a: Amoonguss\n|faint|p1a: Quaquaval\n|\n|upkeep\n|\n|t:|1701210113\n|switch|p1a: Moltres|Moltres|59\/100\n|turn|13\n|\n|t:|1701210117\n|move|p1a: Moltres|U-turn|p2a: Amoonguss\n|-damage|p2a: Amoonguss|41\/100\n|-damage|p1a: Moltres|43\/100|[from] item: Rocky Helmet|[of] p2a: Amoonguss\n|\n|t:|1701210119\n|switch|p1a: Volcanion|Volcanion|41\/100|[from] U-turn\n|move|p2a: Amoonguss|Spore|p1a: Volcanion\n|-status|p1a: Volcanion|slp|[from] move: Spore\n|\n|upkeep\n|turn|14\n|\n|t:|1701210127\n|switch|p2a: Lycanroc|Lycanroc-Dusk, F|100\/100\n|-damage|p2a: Lycanroc|88\/100|[from] Stealth Rock\n|cant|p1a: Volcanion|slp\n|\n|upkeep\n|turn|15\n|\n|t:|1701210132\n|move|p2a: Lycanroc|Accelerock|p1a: Volcanion\n|-supereffective|p1a: Volcanion\n|-damage|p1a: Volcanion|3\/100 slp\n|-curestatus|p1a: Volcanion|slp|[msg]\n|move|p1a: Volcanion|Steam Eruption|p2a: Lycanroc\n|-supereffective|p2a: Lycanroc\n|-damage|p2a: Lycanroc|0 fnt\n|faint|p2a: Lycanroc\n|\n|upkeep\n|c|\u2606akumu15|Ah\n|c|\u2606Glook|What kinda roll is that\n|inactive|Glook has 120 seconds left.\n|\n|t:|1701210190\n|switch|p2a: Skeledirge|Skeledirge, F|100\/100\n|turn|16\n|\n|t:|1701210217\n|move|p2a: Skeledirge|Flame Charge|p1a: Volcanion\n|-resisted|p1a: Volcanion\n|-damage|p1a: Volcanion|0 fnt\n|-boost|p2a: Skeledirge|spe|1\n|faint|p1a: Volcanion\n|\n|upkeep\n|\n|t:|1701210226\n|switch|p1a: Moltres|Moltres|43\/100\n|turn|17\n|\n|t:|1701210229\n|move|p2a: Skeledirge|Shadow Ball|p1a: Moltres\n|-damage|p1a: Moltres|17\/100\n|-unboost|p1a: Moltres|spd|1\n|move|p1a: Moltres|Flamethrower|p2a: Skeledirge\n|-resisted|p2a: Skeledirge\n|-damage|p2a: Skeledirge|76\/100\n|\n|upkeep\n|turn|18\n|\n|t:|1701210238\n|move|p2a: Skeledirge|Torch Song|p1a: Moltres\n|-resisted|p1a: Moltres\n|-damage|p1a: Moltres|4\/100\n|-boost|p2a: Skeledirge|spa|1\n|move|p1a: Moltres|Roost|p1a: Moltres\n|-heal|p1a: Moltres|54\/100\n|-singleturn|p1a: Moltres|move: Roost\n|\n|upkeep\n|turn|19\n|inactive|Glook has 120 seconds left.\n|\n|t:|1701210275\n|move|p2a: Skeledirge|Flame Charge|p1a: Moltres\n|-resisted|p1a: Moltres\n|-damage|p1a: Moltres|48\/100\n|-boost|p2a: Skeledirge|spe|1\n|move|p1a: Moltres|Flamethrower|p2a: Skeledirge\n|-resisted|p2a: Skeledirge\n|-damage|p2a: Skeledirge|49\/100\n|\n|upkeep\n|turn|20\n|\n|t:|1701210285\n|move|p2a: Skeledirge|Shadow Ball|p1a: Moltres\n|-damage|p1a: Moltres|6\/100\n|move|p1a: Moltres|Flamethrower|p2a: Skeledirge\n|-resisted|p2a: Skeledirge\n|-damage|p2a: Skeledirge|21\/100\n|\n|upkeep\n|turn|21\n|inactive|Glook has 120 seconds left.\n|inactive|Glook has 90 seconds left.\n|\n|t:|1701210321\n|move|p2a: Skeledirge|Shadow Ball|p1a: Moltres\n|-damage|p1a: Moltres|0 fnt\n|faint|p1a: Moltres\n|\n|upkeep\n|\n|t:|1701210324\n|switch|p1a: Kommo-o|Kommo-o, F|100\/100\n|turn|22\n|\n|t:|1701210331\n|-terastallize|p1a: Kommo-o|Normal\n|move|p2a: Skeledirge|Earth Power|p1a: Kommo-o\n|-damage|p1a: Kommo-o|50\/100\n|move|p1a: Kommo-o|Clangorous Soul|p1a: Kommo-o\n|-boost|p1a: Kommo-o|atk|1\n|-boost|p1a: Kommo-o|def|1\n|-boost|p1a: Kommo-o|spa|1\n|-boost|p1a: Kommo-o|spd|1\n|-boost|p1a: Kommo-o|spe|1\n|-damage|p1a: Kommo-o|17\/100\n|-enditem|p1a: Kommo-o|Throat Spray\n|-boost|p1a: Kommo-o|spa|1|[from] item: Throat Spray\n|\n|upkeep\n|turn|23\n|\n|t:|1701210343\n|move|p2a: Skeledirge|Torch Song|p1a: Kommo-o\n|-crit|p1a: Kommo-o\n|-damage|p1a: Kommo-o|0 fnt\n|-boost|p2a: Skeledirge|spa|1\n|faint|p1a: Kommo-o\n|\n|upkeep\n|\n|t:|1701210345\n|switch|p1a: Kingambit|Kingambit, M|100\/100\n|-activate|p1a: Kingambit|ability: Supreme Overlord\n|-start|p1a: Kingambit|fallen5|[silent]\n|turn|24\n|\n|t:|1701210351\n|move|p2a: Skeledirge|Torch Song|p1a: Kingambit\n|-supereffective|p1a: Kingambit\n|-damage|p1a: Kingambit|0 fnt\n|-boost|p2a: Skeledirge|spa|1\n|faint|p1a: Kingambit\n|-end|p1a: Kingambit|fallen5|[silent]\n|\n|win|Glook\n|raw|akumu15's rating: 1199 &rarr; <strong>1179<\/strong><br \/>(-20 for losing)\n|raw|Glook's rating: 1274 &rarr; <strong>1294<\/strong><br \/>(+20 for winning)\n|l|\u2606akumu15\n|c|\u2606Glook|Gg\n","uploadtime":1701210363,"views":8,"p1id":"akumu15","p2id":"glook","formatid":"gen9ou","rating":1179,"private":0,"password":""}