{"id":"gen9ou-1994294460","p1":"Armawile","p2":"EllieTheAlt","format":"[Gen 9] OU","log":"|j|\u2606Armawile\n|j|\u2606EllieTheAlt\n|t:|1700428018\n|gametype|singles\n|player|p1|Armawile|169|1610\n|player|p2|EllieTheAlt|leaf-masters|1662\n|teamsize|p1|6\n|teamsize|p2|6\n|gen|9\n|tier|[Gen 9] OU\n|rated|\n|rule|Sleep Clause Mod: Limit one foe put to sleep\n|rule|Species Clause: Limit one of each Pok\u00e9mon\n|rule|OHKO Clause: OHKO moves are banned\n|rule|Evasion Items Clause: Evasion items are banned\n|rule|Evasion Moves Clause: Evasion moves are banned\n|rule|Endless Battle Clause: Forcing endless battles is banned\n|rule|HP Percentage Mod: HP is shown in percentages\n|clearpoke\n|poke|p1|Milotic, F|\n|poke|p1|Kingambit, F|\n|poke|p1|Dragapult, F|\n|poke|p1|Iron Valiant|\n|poke|p1|Zamazenta-*|\n|poke|p1|Glimmora, M|\n|poke|p2|Great Tusk|\n|poke|p2|Rillaboom, M|\n|poke|p2|Clodsire, M|\n|poke|p2|Moltres|\n|poke|p2|Heatran, F|\n|poke|p2|Kingambit, F|\n|teampreview\n|inactive|Battle timer is ON: inactive players will automatically lose when time's up. (requested by Armawile)\n|\n|t:|1700428066\n|start\n|switch|p1a: Iron Valiant|Iron Valiant, shiny|100\/100\n|switch|p2a: Kingambit|Kingambit, F|100\/100\n|-enditem|p1a: Iron Valiant|Booster Energy\n|-activate|p1a: Iron Valiant|ability: Quark Drive|[fromitem]\n|-start|p1a: Iron Valiant|quarkdrivespe\n|turn|1\n|\n|t:|1700428074\n|-end|p2a: Kingambit|fallenundefined|[silent]\n|switch|p2a: Moltres|Moltres|100\/100\n|move|p1a: Iron Valiant|Close Combat|p2a: Moltres\n|-resisted|p2a: Moltres\n|-damage|p2a: Moltres|82\/100\n|-unboost|p1a: Iron Valiant|def|1\n|-unboost|p1a: Iron Valiant|spd|1\n|-status|p1a: Iron Valiant|brn|[from] ability: Flame Body|[of] p2a: Moltres\n|\n|-damage|p1a: Iron Valiant|94\/100 brn|[from] brn\n|upkeep\n|turn|2\n|\n|t:|1700428081\n|move|p1a: Iron Valiant|Destiny Bond|p1a: Iron Valiant\n|-singlemove|p1a: Iron Valiant|Destiny Bond\n|move|p2a: Moltres|Flamethrower|p1a: Iron Valiant\n|-damage|p1a: Iron Valiant|0 fnt\n|faint|p1a: Iron Valiant\n|-activate|p1a: Iron Valiant|move: Destiny Bond\n|-end|p1a: Iron Valiant|Quark Drive|[silent]\n|faint|p2a: Moltres\n|\n|upkeep\n|\n|t:|1700428093\n|switch|p1a: Glimmora|Glimmora, M|100\/100\n|switch|p2a: Heatran|Heatran, F|100\/100\n|turn|3\n|\n|t:|1700428099\n|switch|p2a: Rillaboom|Rillaboom, M|100\/100\n|-fieldstart|move: Grassy Terrain|[from] ability: Grassy Surge|[of] p2a: Rillaboom\n|move|p1a: Glimmora|Earth Power|p2a: Rillaboom\n|-resisted|p2a: Rillaboom\n|-damage|p2a: Rillaboom|81\/100\n|\n|-heal|p2a: Rillaboom|87\/100|[from] Grassy Terrain\n|-heal|p2a: Rillaboom|94\/100|[from] item: Leftovers\n|upkeep\n|turn|4\n|\n|t:|1700428104\n|move|p1a: Glimmora|Stealth Rock|p2a: Rillaboom\n|-sidestart|p2: EllieTheAlt|move: Stealth Rock\n|move|p2a: Rillaboom|Wood Hammer|p1a: Glimmora\n|-damage|p1a: Glimmora|0 fnt\n|-activate|p1a: Glimmora|ability: Toxic Debris\n|-sidestart|p2: EllieTheAlt|move: Toxic Spikes\n|faint|p1a: Glimmora\n|-damage|p2a: Rillaboom|68\/100|[from] Recoil\n|\n|-heal|p2a: Rillaboom|75\/100|[from] Grassy Terrain\n|-heal|p2a: Rillaboom|81\/100|[from] item: Leftovers\n|upkeep\n|\n|t:|1700428110\n|switch|p1a: Zamazenta|Zamazenta|100\/100\n|-ability|p1a: Zamazenta|Dauntless Shield|boost\n|-boost|p1a: Zamazenta|def|1\n|turn|5\n|\n|t:|1700428113\n|move|p1a: Zamazenta|Close Combat|p2a: Rillaboom\n|-damage|p2a: Rillaboom|11\/100\n|-unboost|p1a: Zamazenta|def|1\n|-unboost|p1a: Zamazenta|spd|1\n|move|p2a: Rillaboom|U-turn|p1a: Zamazenta\n|-resisted|p1a: Zamazenta\n|-damage|p1a: Zamazenta|90\/100\n|\n|t:|1700428117\n|switch|p2a: Clodsire|Clodsire, M|100\/100|[from] U-turn\n|-damage|p2a: Clodsire|94\/100|[from] Stealth Rock\n|-sideend|p2: EllieTheAlt|move: Toxic Spikes|[of] p2a: Clodsire\n|\n|-heal|p1a: Zamazenta|96\/100|[from] Grassy Terrain\n|-heal|p2a: Clodsire|100\/100|[from] Grassy Terrain\n|upkeep\n|turn|6\n|\n|t:|1700428122\n|switch|p1a: Kingambit|Kingambit, F, shiny|100\/100\n|-activate|p1a: Kingambit|ability: Supreme Overlord\n|-start|p1a: Kingambit|fallen2|[silent]\n|move|p2a: Clodsire|Toxic|p1a: Kingambit\n|-immune|p1a: Kingambit\n|\n|upkeep\n|turn|7\n|\n|t:|1700428129\n|switch|p2a: Heatran|Heatran, F|100\/100\n|-damage|p2a: Heatran|88\/100|[from] Stealth Rock\n|move|p1a: Kingambit|Iron Head|p2a: Heatran\n|-resisted|p2a: Heatran\n|-damage|p2a: Heatran|77\/100\n|\n|-heal|p2a: Heatran|83\/100|[from] Grassy Terrain\n|-heal|p2a: Heatran|90\/100|[from] item: Leftovers\n|-fieldend|move: Grassy Terrain\n|upkeep\n|turn|8\n|\n|t:|1700428138\n|-end|p1a: Kingambit|fallen2|[silent]\n|switch|p1a: Milotic|Milotic, F, shiny|100\/100\n|move|p2a: Heatran|Lava Plume|p1a: Milotic\n|-resisted|p1a: Milotic\n|-damage|p1a: Milotic|92\/100\n|-status|p1a: Milotic|brn\n|\n|-heal|p2a: Heatran|96\/100|[from] item: Leftovers\n|-damage|p1a: Milotic|86\/100 brn|[from] brn\n|upkeep\n|turn|9\n|\n|t:|1700428146\n|switch|p2a: Clodsire|Clodsire, M|100\/100\n|-damage|p2a: Clodsire|94\/100|[from] Stealth Rock\n|move|p1a: Milotic|Flip Turn|p2a: Clodsire\n|-heal|p2a: Clodsire|100\/100|[from] ability: Water Absorb|[of] p1a: Milotic\n|\n|-damage|p1a: Milotic|80\/100 brn|[from] brn\n|upkeep\n|turn|10\n|\n|t:|1700428152\n|move|p1a: Milotic|Recover|p1a: Milotic\n|-heal|p1a: Milotic|100\/100 brn\n|move|p2a: Clodsire|Spikes|p1a: Milotic\n|-sidestart|p1: Armawile|Spikes\n|\n|-damage|p1a: Milotic|94\/100 brn|[from] brn\n|upkeep\n|turn|11\n|\n|t:|1700428159\n|switch|p1a: Kingambit|Kingambit, F, shiny|100\/100\n|-damage|p1a: Kingambit|88\/100|[from] Spikes\n|-activate|p1a: Kingambit|ability: Supreme Overlord\n|-start|p1a: Kingambit|fallen2|[silent]\n|move|p2a: Clodsire|Spikes|p1a: Kingambit\n|-sidestart|p1: Armawile|Spikes\n|\n|upkeep\n|turn|12\n|\n|t:|1700428164\n|move|p1a: Kingambit|Swords Dance|p1a: Kingambit\n|-boost|p1a: Kingambit|atk|2\n|move|p2a: Clodsire|High Horsepower|p1a: Kingambit\n|-supereffective|p1a: Kingambit\n|-damage|p1a: Kingambit|50\/100\n|\n|upkeep\n|turn|13\n|\n|t:|1700428173\n|switch|p2a: Rillaboom|Rillaboom, M|11\/100\n|-damage|p2a: Rillaboom|0 fnt|[from] Stealth Rock\n|faint|p2a: Rillaboom\n|move|p1a: Kingambit|Iron Head|p2: Rillaboom|[notarget]\n|-fail|p1a: Kingambit\n|\n|upkeep\n|\n|t:|1700428177\n|switch|p2a: Great Tusk|Great Tusk|100\/100\n|-damage|p2a: Great Tusk|98\/100|[from] Stealth Rock\n|turn|14\n|\n|t:|1700428187\n|-end|p1a: Kingambit|fallen2|[silent]\n|switch|p1a: Milotic|Milotic, F, shiny|94\/100 brn\n|move|p2a: Great Tusk|Headlong Rush|p1a: Milotic\n|-crit|p1a: Milotic\n|-damage|p1a: Milotic|43\/100 brn\n|-unboost|p2a: Great Tusk|def|1\n|-unboost|p2a: Great Tusk|spd|1\n|\n|-heal|p2a: Great Tusk|100\/100|[from] item: Leftovers\n|-damage|p1a: Milotic|37\/100 brn|[from] brn\n|upkeep\n|turn|15\n|\n|t:|1700428191\n|move|p2a: Great Tusk|Headlong Rush|p1a: Milotic\n|-damage|p1a: Milotic|0 fnt\n|-unboost|p2a: Great Tusk|def|1\n|-unboost|p2a: Great Tusk|spd|1\n|faint|p1a: Milotic\n|\n|upkeep\n|\n|t:|1700428195\n|switch|p1a: Dragapult|Dragapult, F, shiny|100\/100\n|-damage|p1a: Dragapult|84\/100|[from] Spikes\n|turn|16\n|\n|t:|1700428200\n|-end|p2a: Great Tusk|Protosynthesis|[silent]\n|switch|p2a: Kingambit|Kingambit, F|100\/100\n|-damage|p2a: Kingambit|94\/100|[from] Stealth Rock\n|-activate|p2a: Kingambit|ability: Supreme Overlord\n|-start|p2a: Kingambit|fallen2|[silent]\n|move|p1a: Dragapult|Shadow Ball|p2a: Kingambit\n|-resisted|p2a: Kingambit\n|-damage|p2a: Kingambit|68\/100\n|\n|-heal|p2a: Kingambit|74\/100|[from] item: Leftovers\n|upkeep\n|turn|17\n|\n|t:|1700428207\n|switch|p1a: Kingambit|Kingambit, F, shiny|50\/100\n|-damage|p1a: Kingambit|33\/100|[from] Spikes\n|-activate|p1a: Kingambit|ability: Supreme Overlord\n|-start|p1a: Kingambit|fallen3|[silent]\n|move|p2a: Kingambit|Iron Head|p1a: Kingambit\n|-resisted|p1a: Kingambit\n|-damage|p1a: Kingambit|12\/100\n|\n|-heal|p2a: Kingambit|81\/100|[from] item: Leftovers\n|upkeep\n|turn|18\n|\n|t:|1700428219\n|move|p1a: Kingambit|Kowtow Cleave|p2a: Kingambit\n|-resisted|p2a: Kingambit\n|-damage|p2a: Kingambit|55\/100\n|move|p2a: Kingambit|Iron Head|p1a: Kingambit\n|-resisted|p1a: Kingambit\n|-damage|p1a: Kingambit|0 fnt\n|faint|p1a: Kingambit\n|-end|p1a: Kingambit|fallen3|[silent]\n|\n|-heal|p2a: Kingambit|61\/100|[from] item: Leftovers\n|upkeep\n|\n|t:|1700428224\n|switch|p1a: Zamazenta|Zamazenta|96\/100\n|-damage|p1a: Zamazenta|79\/100|[from] Spikes\n|turn|19\n|\n|t:|1700428229\n|-end|p2a: Kingambit|fallen2|[silent]\n|switch|p2a: Clodsire|Clodsire, M|100\/100\n|-damage|p2a: Clodsire|94\/100|[from] Stealth Rock\n|move|p1a: Zamazenta|Close Combat|p2a: Clodsire\n|-resisted|p2a: Clodsire\n|-damage|p2a: Clodsire|39\/100\n|-unboost|p1a: Zamazenta|def|1\n|-unboost|p1a: Zamazenta|spd|1\n|\n|-heal|p2a: Clodsire|46\/100|[from] item: Leftovers\n|upkeep\n|turn|20\n|\n|t:|1700428235\n|move|p1a: Zamazenta|Close Combat|p2a: Clodsire\n|-resisted|p2a: Clodsire\n|-damage|p2a: Clodsire|0 fnt\n|-unboost|p1a: Zamazenta|def|1\n|-unboost|p1a: Zamazenta|spd|1\n|faint|p2a: Clodsire\n|\n|upkeep\n|\n|t:|1700428240\n|switch|p2a: Great Tusk|Great Tusk|100\/100\n|-damage|p2a: Great Tusk|98\/100|[from] Stealth Rock\n|turn|21\n|\n|t:|1700428255\n|switch|p1a: Dragapult|Dragapult, F, shiny|84\/100\n|-damage|p1a: Dragapult|68\/100|[from] Spikes\n|move|p2a: Great Tusk|Headlong Rush|p1a: Dragapult\n|-damage|p1a: Dragapult|0 fnt\n|-unboost|p2a: Great Tusk|def|1\n|-unboost|p2a: Great Tusk|spd|1\n|faint|p1a: Dragapult\n|\n|-heal|p2a: Great Tusk|100\/100|[from] item: Leftovers\n|upkeep\n|\n|t:|1700428259\n|switch|p1a: Zamazenta|Zamazenta|79\/100\n|-damage|p1a: Zamazenta|63\/100|[from] Spikes\n|turn|22\n|\n|t:|1700428262\n|-end|p2a: Great Tusk|Protosynthesis|[silent]\n|switch|p2a: Heatran|Heatran, F|96\/100\n|-damage|p2a: Heatran|83\/100|[from] Stealth Rock\n|move|p1a: Zamazenta|Close Combat|p2a: Heatran\n|-supereffective|p2a: Heatran\n|-damage|p2a: Heatran|0 fnt\n|-unboost|p1a: Zamazenta|def|1\n|-unboost|p1a: Zamazenta|spd|1\n|faint|p2a: Heatran\n|\n|upkeep\n|\n|t:|1700428270\n|switch|p2a: Great Tusk|Great Tusk|100\/100\n|-damage|p2a: Great Tusk|98\/100|[from] Stealth Rock\n|turn|23\n|\n|t:|1700428277\n|move|p1a: Zamazenta|Close Combat|p2a: Great Tusk\n|-damage|p2a: Great Tusk|31\/100\n|-unboost|p1a: Zamazenta|def|1\n|-unboost|p1a: Zamazenta|spd|1\n|move|p2a: Great Tusk|Rapid Spin|p1a: Zamazenta\n|-damage|p1a: Zamazenta|35\/100\n|-boost|p2a: Great Tusk|spe|1\n|-sideend|p2: EllieTheAlt|Stealth Rock|[from] move: Rapid Spin|[of] p2a: Great Tusk\n|\n|-heal|p2a: Great Tusk|37\/100|[from] item: Leftovers\n|upkeep\n|turn|24\n|\n|t:|1700428284\n|move|p2a: Great Tusk|Headlong Rush|p1a: Zamazenta\n|-damage|p1a: Zamazenta|0 fnt\n|-unboost|p2a: Great Tusk|def|1\n|-unboost|p2a: Great Tusk|spd|1\n|faint|p1a: Zamazenta\n|\n|win|EllieTheAlt\n|raw|Armawile's rating: 1610 &rarr; <strong>1593<\/strong><br \/>(-17 for losing)\n|raw|EllieTheAlt's rating: 1662 &rarr; <strong>1679<\/strong><br \/>(+17 for winning)\n|l|\u2606Armawile\n","uploadtime":1700428307,"views":7,"p1id":"armawile","p2id":"elliethealt","formatid":"gen9ou","rating":1593,"private":0,"password":""}