{"id":"gen9ou-1998322621","p1":"Tempest1169","p2":"Legendary crybaby","format":"[Gen 9] OU","log":"|j|\u2606Tempest1169\n|j|\u2606Legendary crybaby\n|t:|1700929326\n|gametype|singles\n|player|p1|Tempest1169|ghetsis-gen5bw|1041\n|player|p2|Legendary crybaby|265|1051\n|teamsize|p1|6\n|teamsize|p2|6\n|gen|9\n|tier|[Gen 9] OU\n|rated|\n|rule|Sleep Clause Mod: Limit one foe put to sleep\n|rule|Species Clause: Limit one of each Pok\u00e9mon\n|rule|OHKO Clause: OHKO moves are banned\n|rule|Evasion Items Clause: Evasion items are banned\n|rule|Evasion Moves Clause: Evasion moves are banned\n|rule|Endless Battle Clause: Forcing endless battles is banned\n|rule|HP Percentage Mod: HP is shown in percentages\n|clearpoke\n|poke|p1|Skeledirge, F|\n|poke|p1|Blissey, F|\n|poke|p1|Ninetales-Alola, F|\n|poke|p1|Weavile, M|\n|poke|p1|Greninja-*, F|\n|poke|p1|Iron Valiant|\n|poke|p2|Grimmsnarl, M|\n|poke|p2|Grafaiai, M|\n|poke|p2|Quaquaval, M|\n|poke|p2|Scizor, M|\n|poke|p2|Drifblim, M|\n|poke|p2|Gallade, M|\n|teampreview\n|\n|t:|1700929343\n|start\n|switch|p1a: Ninetales|Ninetales-Alola, F|100\/100\n|switch|p2a: Straight Trollin|Grimmsnarl, M|100\/100\n|-weather|Snow|[from] ability: Snow Warning|[of] p1a: Ninetales\n|turn|1\n|\n|t:|1700929356\n|move|p2a: Straight Trollin|Parting Shot|p1a: Ninetales\n|-unboost|p1a: Ninetales|atk|1\n|-unboost|p1a: Ninetales|spa|1\n|\n|t:|1700929362\n|switch|p2a: Obviously Trollin|Grafaiai, M|100\/100|[from] Parting Shot\n|move|p1a: Ninetales|Aurora Veil|p1a: Ninetales\n|-sidestart|p1: Tempest1169|move: Aurora Veil\n|\n|-weather|Snow|[upkeep]\n|upkeep\n|turn|2\n|\n|t:|1700929371\n|move|p2a: Obviously Trollin|Copycat|p2a: Obviously Trollin\n|move|p2a: Obviously Trollin|Aurora Veil|p2a: Obviously Trollin|[from]move: Copycat\n|-sidestart|p2: Legendary crybaby|move: Aurora Veil\n|move|p1a: Ninetales|Misty Terrain|p1a: Ninetales\n|-fieldstart|move: Misty Terrain\n|\n|-weather|Snow|[upkeep]\n|upkeep\n|turn|3\n|\n|t:|1700929383\n|switch|p1a: Iron Valiant|Iron Valiant|100\/100\n|-enditem|p1a: Iron Valiant|Booster Energy\n|-activate|p1a: Iron Valiant|ability: Quark Drive|[fromitem]\n|-start|p1a: Iron Valiant|quarkdriveatk\n|move|p2a: Obviously Trollin|Parting Shot|p1a: Iron Valiant\n|-unboost|p1a: Iron Valiant|atk|1\n|-unboost|p1a: Iron Valiant|spa|1\n|\n|t:|1700929391\n|switch|p2a: Straight Trollin|Grimmsnarl, M|100\/100|[from] Parting Shot\n|\n|-weather|Snow|[upkeep]\n|upkeep\n|turn|4\n|\n|t:|1700929398\n|move|p2a: Straight Trollin|Thunder Wave|p1a: Iron Valiant\n|-activate|p1a: Iron Valiant|move: Misty Terrain\n|move|p1a: Iron Valiant|Brick Break|p2a: Straight Trollin\n|-sideend|p2: Legendary crybaby|move: Aurora Veil\n|-damage|p2a: Straight Trollin|63\/100\n|\n|-weather|Snow|[upkeep]\n|upkeep\n|turn|5\n|c|\u2606Tempest1169|he do be trolling tho\n|\n|t:|1700929420\n|move|p2a: Straight Trollin|Parting Shot|p1a: Iron Valiant\n|-unboost|p1a: Iron Valiant|atk|1\n|-unboost|p1a: Iron Valiant|spa|1\n|\n|t:|1700929425\n|switch|p2a: Obviously Trollin|Grafaiai, M|100\/100|[from] Parting Shot\n|move|p1a: Iron Valiant|Spirit Break|p2a: Obviously Trollin\n|-resisted|p2a: Obviously Trollin\n|-damage|p2a: Obviously Trollin|83\/100\n|-unboost|p2a: Obviously Trollin|spa|1\n|\n|-weather|Snow|[upkeep]\n|-heal|p2a: Obviously Trollin|89\/100|[from] item: Leftovers\n|-sideend|p1: Tempest1169|move: Aurora Veil\n|upkeep\n|turn|6\n|\n|t:|1700929444\n|-end|p1a: Iron Valiant|Quark Drive|[silent]\n|switch|p1a: Skeledirge|Skeledirge, F|100\/100\n|move|p2a: Obviously Trollin|Copycat|p2a: Obviously Trollin\n|move|p2a: Obviously Trollin|Spirit Break|p1a: Skeledirge|[from]move: Copycat\n|-resisted|p1a: Skeledirge\n|-damage|p1a: Skeledirge|96\/100\n|-unboost|p1a: Skeledirge|spa|1\n|\n|-weather|Snow|[upkeep]\n|-heal|p2a: Obviously Trollin|95\/100|[from] item: Leftovers\n|-heal|p1a: Skeledirge|100\/100|[from] item: Leftovers\n|-fieldend|Misty Terrain\n|upkeep\n|turn|7\n|\n|t:|1700929461\n|move|p2a: Obviously Trollin|Parting Shot|p1a: Skeledirge\n|-unboost|p1a: Skeledirge|atk|1\n|-unboost|p1a: Skeledirge|spa|1\n|\n|t:|1700929467\n|switch|p2a: Trolldier|Quaquaval, M|100\/100|[from] Parting Shot\n|move|p1a: Skeledirge|Curse|p2a: Trolldier\n|-start|p2a: Trolldier|Curse|[of] p1a: Skeledirge\n|-damage|p1a: Skeledirge|50\/100\n|\n|-weather|Snow|[upkeep]\n|-heal|p1a: Skeledirge|57\/100|[from] item: Leftovers\n|-damage|p2a: Trolldier|76\/100|[from] Curse\n|upkeep\n|turn|8\n|\n|t:|1700929481\n|move|p2a: Trolldier|U-turn|p1a: Skeledirge\n|-resisted|p1a: Skeledirge\n|-damage|p1a: Skeledirge|53\/100\n|\n|t:|1700929486\n|switch|p2a: Straight Trollin|Grimmsnarl, M|63\/100|[from] U-turn\n|move|p1a: Skeledirge|Slack Off|p1a: Skeledirge\n|-heal|p1a: Skeledirge|100\/100\n|\n|-weather|none\n|upkeep\n|turn|9\n|\n|t:|1700929502\n|move|p2a: Straight Trollin|Thunder Wave|p1a: Skeledirge\n|-status|p1a: Skeledirge|par\n|move|p1a: Skeledirge|Torch Song|p2a: Straight Trollin\n|-damage|p2a: Straight Trollin|51\/100\n|-boost|p1a: Skeledirge|spa|1\n|\n|upkeep\n|turn|10\n|\n|t:|1700929514\n|move|p2a: Straight Trollin|Parting Shot|p1a: Skeledirge\n|-unboost|p1a: Skeledirge|atk|1\n|-unboost|p1a: Skeledirge|spa|1\n|\n|t:|1700929520\n|switch|p2a: Trolldier|Quaquaval, M|76\/100|[from] Parting Shot\n|move|p1a: Skeledirge|Torch Song|p2a: Trolldier\n|-resisted|p2a: Trolldier\n|-damage|p2a: Trolldier|65\/100\n|-boost|p1a: Skeledirge|spa|1\n|\n|-heal|p2a: Trolldier|71\/100|[from] item: Leftovers\n|upkeep\n|turn|11\n|\n|t:|1700929539\n|-terastallize|p1a: Skeledirge|Dark\n|move|p2a: Trolldier|Bulk Up|p2a: Trolldier\n|-boost|p2a: Trolldier|atk|1\n|-boost|p2a: Trolldier|def|1\n|cant|p1a: Skeledirge|par\n|\n|-heal|p2a: Trolldier|77\/100|[from] item: Leftovers\n|upkeep\n|turn|12\n|\n|t:|1700929563\n|switch|p1a: Ninetales|Ninetales-Alola, F|100\/100\n|-weather|Snow|[from] ability: Snow Warning|[of] p1a: Ninetales\n|move|p2a: Trolldier|U-turn|p1a: Ninetales\n|-resisted|p1a: Ninetales\n|-damage|p1a: Ninetales|86\/100\n|c|\u2606Legendary crybaby|Lol\n|\n|t:|1700929585\n|switch|p2a: Kinda buggin|Scizor, M|100\/100|[from] U-turn\n|\n|-weather|Snow|[upkeep]\n|upkeep\n|turn|13\n|\n|t:|1700929594\n|move|p1a: Ninetales|Aurora Veil|p1a: Ninetales\n|-sidestart|p1: Tempest1169|move: Aurora Veil\n|move|p2a: Kinda buggin|Swords Dance|p2a: Kinda buggin\n|-boost|p2a: Kinda buggin|atk|2\n|\n|-weather|Snow|[upkeep]\n|upkeep\n|turn|14\n|\n|t:|1700929601\n|move|p2a: Kinda buggin|Bullet Punch|p1a: Ninetales\n|-supereffective|p1a: Ninetales\n|-damage|p1a: Ninetales|0 fnt\n|faint|p1a: Ninetales\n|\n|-weather|Snow|[upkeep]\n|upkeep\n|\n|t:|1700929617\n|switch|p1a: Skeledirge|Skeledirge, F, tera:Dark|100\/100 par\n|turn|15\n|\n|t:|1700929620\n|move|p2a: Kinda buggin|U-turn|p1a: Skeledirge\n|-supereffective|p1a: Skeledirge\n|-damage|p1a: Skeledirge|75\/100 par\n|\n|t:|1700929629\n|switch|p2a: Trolldier|Quaquaval, M|77\/100|[from] U-turn\n|cant|p1a: Skeledirge|par\n|\n|-weather|Snow|[upkeep]\n|-heal|p2a: Trolldier|83\/100|[from] item: Leftovers\n|-heal|p1a: Skeledirge|81\/100 par|[from] item: Leftovers\n|upkeep\n|turn|16\n|\n|t:|1700929644\n|switch|p1a: Greninja|Greninja, F|100\/100\n|move|p2a: Trolldier|U-turn|p1a: Greninja\n|-supereffective|p1a: Greninja\n|-damage|p1a: Greninja|62\/100\n|\n|t:|1700929660\n|switch|p2a: Obviously Trollin|Grafaiai, M|95\/100|[from] U-turn\n|\n|-weather|Snow|[upkeep]\n|-heal|p2a: Obviously Trollin|100\/100|[from] item: Leftovers\n|upkeep\n|turn|17\n|\n|t:|1700929670\n|move|p1a: Greninja|Water Shuriken|p2a: Obviously Trollin\n|-damage|p2a: Obviously Trollin|93\/100\n|-damage|p2a: Obviously Trollin|86\/100\n|-damage|p2a: Obviously Trollin|77\/100\n|-damage|p2a: Obviously Trollin|69\/100\n|-hitcount|p2a: Obviously Trollin|4\n|move|p2a: Obviously Trollin|Low Kick|p1a: Greninja\n|-supereffective|p1a: Greninja\n|-damage|p1a: Greninja|39\/100\n|\n|-weather|Snow|[upkeep]\n|-heal|p2a: Obviously Trollin|75\/100|[from] item: Leftovers\n|-sideend|p1: Tempest1169|move: Aurora Veil\n|upkeep\n|turn|18\n|\n|t:|1700929685\n|move|p1a: Greninja|Protect|p1a: Greninja\n|-singleturn|p1a: Greninja|Protect\n|move|p2a: Obviously Trollin|Low Kick|p1a: Greninja\n|-activate|p1a: Greninja|move: Protect\n|\n|-weather|Snow|[upkeep]\n|-heal|p2a: Obviously Trollin|81\/100|[from] item: Leftovers\n|upkeep\n|turn|19\n|\n|t:|1700929699\n|switch|p1a: Iron Valiant|Iron Valiant|100\/100\n|move|p2a: Obviously Trollin|Low Kick|p1a: Iron Valiant\n|-resisted|p1a: Iron Valiant\n|-damage|p1a: Iron Valiant|92\/100\n|\n|-weather|none\n|-heal|p2a: Obviously Trollin|87\/100|[from] item: Leftovers\n|upkeep\n|turn|20\n|\n|t:|1700929715\n|move|p2a: Obviously Trollin|Parting Shot|p1a: Iron Valiant\n|-unboost|p1a: Iron Valiant|atk|1\n|-unboost|p1a: Iron Valiant|spa|1\n|\n|t:|1700929721\n|switch|p2a: Straight Trollin|Grimmsnarl, M|51\/100|[from] Parting Shot\n|move|p1a: Iron Valiant|Swords Dance|p1a: Iron Valiant\n|-boost|p1a: Iron Valiant|atk|2\n|\n|upkeep\n|turn|21\n|\n|t:|1700929731\n|move|p2a: Straight Trollin|Thunder Wave|p1a: Iron Valiant\n|-status|p1a: Iron Valiant|par\n|move|p1a: Iron Valiant|Swords Dance|p1a: Iron Valiant\n|-boost|p1a: Iron Valiant|atk|2\n|\n|upkeep\n|turn|22\n|\n|t:|1700929752\n|move|p2a: Straight Trollin|Reflect|p2a: Straight Trollin\n|-sidestart|p2: Legendary crybaby|Reflect\n|move|p1a: Iron Valiant|Leaf Blade|p2a: Straight Trollin\n|-damage|p2a: Straight Trollin|7\/100\n|\n|upkeep\n|turn|23\n|\n|t:|1700929760\n|move|p2a: Straight Trollin|Parting Shot|p1a: Iron Valiant\n|-unboost|p1a: Iron Valiant|atk|1\n|-unboost|p1a: Iron Valiant|spa|1\n|\n|t:|1700929766\n|switch|p2a: Obviously Trollin|Grafaiai, M|87\/100|[from] Parting Shot\n|move|p1a: Iron Valiant|Leaf Blade|p2a: Obviously Trollin\n|-resisted|p2a: Obviously Trollin\n|-damage|p2a: Obviously Trollin|66\/100\n|\n|-heal|p2a: Obviously Trollin|72\/100|[from] item: Leftovers\n|upkeep\n|turn|24\n|\n|t:|1700929778\n|move|p2a: Obviously Trollin|Knock Off|p1a: Iron Valiant\n|-resisted|p1a: Iron Valiant\n|-damage|p1a: Iron Valiant|87\/100 par\n|move|p1a: Iron Valiant|Brick Break|p2a: Obviously Trollin\n|-sideend|p2: Legendary crybaby|Reflect\n|-damage|p2a: Obviously Trollin|0 fnt\n|faint|p2a: Obviously Trollin\n|\n|upkeep\n|\n|t:|1700929788\n|switch|p2a: Kinda buggin|Scizor, M|100\/100\n|turn|25\n|\n|t:|1700929800\n|move|p2a: Kinda buggin|U-turn|p1a: Iron Valiant\n|-resisted|p1a: Iron Valiant\n|-damage|p1a: Iron Valiant|74\/100 par\n|\n|t:|1700929806\n|switch|p2a: Straight Trollin|Grimmsnarl, M|7\/100|[from] U-turn\n|move|p1a: Iron Valiant|Leaf Blade|p2a: Straight Trollin\n|-damage|p2a: Straight Trollin|0 fnt\n|faint|p2a: Straight Trollin\n|\n|upkeep\n|\n|t:|1700929816\n|switch|p2a: Kinda buggin|Scizor, M|100\/100\n|turn|26\n|\n|t:|1700929822\n|move|p2a: Kinda buggin|Swords Dance|p2a: Kinda buggin\n|-boost|p2a: Kinda buggin|atk|2\n|move|p1a: Iron Valiant|Leaf Blade|p2a: Kinda buggin\n|-resisted|p2a: Kinda buggin\n|-damage|p2a: Kinda buggin|81\/100\n|\n|upkeep\n|turn|27\n|\n|t:|1700929831\n|move|p2a: Kinda buggin|Bullet Punch|p1a: Iron Valiant\n|-supereffective|p1a: Iron Valiant\n|-damage|p1a: Iron Valiant|0 fnt\n|faint|p1a: Iron Valiant\n|-end|p1a: Iron Valiant|Quark Drive|[silent]\n|-heal|p2a: Kinda buggin|90\/100|[from] item: Shell Bell|[of] p1: Iron Valiant\n|\n|upkeep\n|\n|t:|1700929840\n|switch|p1a: Weavile|Weavile, M|100\/100\n|-ability|p1a: Weavile|Pressure\n|turn|28\n|\n|t:|1700929848\n|move|p2a: Kinda buggin|Bullet Punch|p1a: Weavile\n|-supereffective|p1a: Weavile\n|-damage|p1a: Weavile|0 fnt\n|faint|p1a: Weavile\n|-heal|p2a: Kinda buggin|100\/100|[from] item: Shell Bell|[of] p1: Weavile\n|\n|upkeep\n|\n|t:|1700929855\n|switch|p1a: Greninja|Greninja, F|39\/100\n|turn|29\n|\n|t:|1700929861\n|move|p1a: Greninja|Water Shuriken|p2a: Kinda buggin\n|-damage|p2a: Kinda buggin|90\/100\n|-damage|p2a: Kinda buggin|79\/100\n|-damage|p2a: Kinda buggin|69\/100\n|-damage|p2a: Kinda buggin|60\/100\n|-damage|p2a: Kinda buggin|51\/100\n|-hitcount|p2a: Kinda buggin|5\n|move|p2a: Kinda buggin|Bullet Punch|p1a: Greninja\n|-resisted|p1a: Greninja\n|-damage|p1a: Greninja|0 fnt\n|faint|p1a: Greninja\n|-heal|p2a: Kinda buggin|55\/100|[from] item: Shell Bell|[of] p1: Greninja\n|\n|upkeep\n|\n|t:|1700929875\n|switch|p1a: Skeledirge|Skeledirge, F, tera:Dark|81\/100 par\n|turn|30\n|\n|t:|1700929881\n|move|p2a: Kinda buggin|Bullet Punch|p1a: Skeledirge\n|-damage|p1a: Skeledirge|60\/100 par\n|-heal|p2a: Kinda buggin|59\/100|[from] item: Shell Bell|[of] p1a: Skeledirge\n|move|p1a: Skeledirge|Torch Song|p2a: Kinda buggin\n|-supereffective|p2a: Kinda buggin\n|-crit|p2a: Kinda buggin\n|-damage|p2a: Kinda buggin|0 fnt\n|-boost|p1a: Skeledirge|spa|1\n|faint|p2a: Kinda buggin\n|\n|-heal|p1a: Skeledirge|66\/100 par|[from] item: Leftovers\n|upkeep\n|\n|t:|1700929894\n|switch|p2a: Game Over!|Gallade, M|100\/100\n|turn|31\n|\n|t:|1700929907\n|move|p2a: Game Over!|Drain Punch|p1a: Skeledirge\n|-supereffective|p1a: Skeledirge\n|-damage|p1a: Skeledirge|22\/100 par\n|move|p1a: Skeledirge|Torch Song|p2a: Game Over!\n|-damage|p2a: Game Over!|55\/100\n|-boost|p1a: Skeledirge|spa|1\n|\n|-heal|p1a: Skeledirge|28\/100 par|[from] item: Leftovers\n|upkeep\n|turn|32\n|\n|t:|1700929918\n|move|p2a: Game Over!|Drain Punch|p1a: Skeledirge\n|-supereffective|p1a: Skeledirge\n|-damage|p1a: Skeledirge|0 fnt\n|-heal|p2a: Game Over!|76\/100|[from] drain|[of] p1a: Skeledirge\n|faint|p1a: Skeledirge\n|\n|upkeep\n|\n|t:|1700929925\n|switch|p1a: Blissey|Blissey, F|100\/100\n|turn|33\n|c|\u2606Legendary crybaby|This team was meant just for you.\n|\n|t:|1700929999\n|move|p2a: Game Over!|Drain Punch|p1a: Blissey\n|-supereffective|p1a: Blissey\n|-damage|p1a: Blissey|0 fnt\n|-heal|p2a: Game Over!|100\/100|[from] drain|[of] p1a: Blissey\n|faint|p1a: Blissey\n|\n|win|Legendary crybaby\n|raw|Tempest1169's rating: 1041 &rarr; <strong>1025<\/strong><br \/>(-16 for losing)\n|raw|Legendary crybaby's rating: 1051 &rarr; <strong>1082<\/strong><br \/>(+31 for winning)\n|c|\u2606Tempest1169|are ya\u2026 gonna press the win button or what?\n|c|\u2606Legendary crybaby|Gg\n|c|\u2606Tempest1169|oh there you go\n|c|\u2606Tempest1169|gg\n|c|\u2606Legendary crybaby|Nice team.\n|c|\u2606Tempest1169|thanks\n|c|\u2606Tempest1169|same for you\n|c|\u2606Legendary crybaby|It's experiment\n|c|\u2606Tempest1169|prankster has to be one of the best abilities gamefreak came up with\n|c|\u2606Legendary crybaby|I know right?\n|c|\u2606Legendary crybaby|They had to nerf it.\n|c|\u2606Legendary crybaby|And still broken.\n|c|\u2606Tempest1169|the grafaiai and grimmsnarl would be a good core for a bulky offense or stall team\n|c|\u2606Legendary crybaby|Ikr? Double parting shot is outstanding.\n|c|\u2606Tempest1169|grafaiai is criminally underrated\n|c|\u2606Legendary crybaby|Lmao ikr? Prankster copy cat.\n|c|\u2606Tempest1169|the bullet punch scissor has to be one of the most annoying things i\u2019ve ever seen\n|c|\u2606Legendary crybaby|Really? I thought its common\n|c|\u2606Tempest1169|i kept trying to throw out skeledirge but p a r a l i z e d\n|c|\u2606Legendary crybaby|Ikr? Perfect scenario.\n|c|\u2606Tempest1169|idk that i\u2019ve seen bullet punch scissor in ou\n|c|\u2606Legendary crybaby|My gen 8 team more annoying.\n|c|\u2606Tempest1169|i have in nat dex cause of the mega\n|c|\u2606Tempest1169|i lost my gen 8 team a long time ago \ud83e\udd72\n|c|\u2606Legendary crybaby|My heliolisk makes rain teams wish for sun.\n|c|\u2606Tempest1169|that\u2019s so dirty\n|c|\u2606Tempest1169|as a weather player that pains me\n|c|\u2606Tempest1169|i used to have this broken paldean tauros team\n|c|\u2606Tempest1169|fire tauros with meowscarada, tauros had anger point and meowscarada had flower trick\n|c|\u2606Legendary crybaby|Heliolisk voltswitch, surf, glare, substitute, with leftovers, xry skin, and timid nature.\n|c|\u2606Tempest1169|you just took one turn to max tauros\u2019s attack\n|c|\u2606Tempest1169|then you switch to flamigo for double sweeping action\n|c|\u2606Legendary crybaby|Ok that's dope.\n|c|\u2606Tempest1169|i can try to remake it\n|c|\u2606Tempest1169|do you want to friend me so that i can build and and fight with it?\n|c|\u2606Legendary crybaby|Same. I'll remake my gen 8 team\n|c|\u2606Legendary crybaby|Okay.\n|c|\u2606Tempest1169|i sent the request, i gtg remake that team\n|c|\u2606Tempest1169|its doubles format of course\n|l|\u2606Tempest1169\n","uploadtime":1700931521,"views":1,"p1id":"tempest1169","p2id":"legendarycrybaby","formatid":"gen9ou","rating":1025,"private":0,"password":""}