{"id":"gen9ou-1997114885","p1":"Aintnowayurreal","p2":"StormJet1613","format":"[Gen 9] OU","log":"|j|\u2606Aintnowayurreal\n|j|\u2606StormJet1613\n|t:|1700765981\n|gametype|singles\n|player|p1|Aintnowayurreal|169|1192\n|player|p2|StormJet1613|102|1144\n|teamsize|p1|6\n|teamsize|p2|6\n|gen|9\n|tier|[Gen 9] OU\n|rated|\n|rule|Sleep Clause Mod: Limit one foe put to sleep\n|rule|Species Clause: Limit one of each Pok\u00e9mon\n|rule|OHKO Clause: OHKO moves are banned\n|rule|Evasion Items Clause: Evasion items are banned\n|rule|Evasion Moves Clause: Evasion moves are banned\n|rule|Endless Battle Clause: Forcing endless battles is banned\n|rule|HP Percentage Mod: HP is shown in percentages\n|clearpoke\n|poke|p1|Iron Valiant|\n|poke|p1|Great Tusk|\n|poke|p1|Quaquaval, F|\n|poke|p1|Kingambit, M|\n|poke|p1|Ninetales-Alola, M|\n|poke|p1|Heatran, M|\n|poke|p2|Iron Valiant|\n|poke|p2|Toxapex, M|\n|poke|p2|Great Tusk|\n|poke|p2|Iron Moth|\n|poke|p2|Ogerpon-Cornerstone, F|\n|poke|p2|Kingambit, M|\n|teampreview\n|inactive|Battle timer is ON: inactive players will automatically lose when time's up. (requested by Aintnowayurreal)\n|\n|t:|1700765995\n|start\n|switch|p1a: Dimwit|Ninetales-Alola, M|100\/100\n|switch|p2a: Vulcan|Iron Moth|100\/100\n|-weather|Snow|[from] ability: Snow Warning|[of] p1a: Dimwit\n|-enditem|p2a: Vulcan|Booster Energy\n|-activate|p2a: Vulcan|ability: Quark Drive|[fromitem]\n|-start|p2a: Vulcan|quarkdrivespa\n|turn|1\n|l|\u2606StormJet1613\n|inactive|StormJet1613 disconnected and has a minute to reconnect!\n|player|p2|\n|c|\u2606Aintnowayurreal|I remember naming my gen 5 volcarona after spock\n|j|\u2606StormJet1613\n|inactive|StormJet1613 reconnected.\n|player|p2|StormJet1613|102\n|inactive|Aintnowayurreal has 120 seconds left.\n|c|\u2606Aintnowayurreal|i see it bein a vulcan fr\n|\n|t:|1700766034\n|switch|p1a: Heatran|Heatran, M|100\/100\n|move|p2a: Vulcan|Sludge Wave|p1a: Heatran\n|-immune|p1a: Heatran\n|\n|-weather|Snow|[upkeep]\n|upkeep\n|turn|2\n|\n|t:|1700766039\n|move|p2a: Vulcan|Fiery Dance|p1a: Heatran\n|-start|p1a: Heatran|ability: Flash Fire\n|move|p1a: Heatran|Magma Storm|p2a: Vulcan\n|-resisted|p2a: Vulcan\n|-damage|p2a: Vulcan|70\/100\n|-activate|p2a: Vulcan|move: Magma Storm|[of] p1a: Heatran\n|\n|-weather|Snow|[upkeep]\n|-damage|p2a: Vulcan|57\/100|[from] move: Magma Storm|[partiallytrapped]\n|upkeep\n|turn|3\n|c|\u2606StormJet1613|fuck\n|\n|t:|1700766047\n|move|p2a: Vulcan|Discharge|p1a: Heatran\n|-damage|p1a: Heatran|78\/100\n|-status|p1a: Heatran|par\n|move|p1a: Heatran|Stealth Rock|p2a: Vulcan\n|-sidestart|p2: StormJet1613|move: Stealth Rock\n|\n|-weather|Snow|[upkeep]\n|-heal|p1a: Heatran|84\/100 par|[from] item: Leftovers\n|-damage|p2a: Vulcan|45\/100|[from] move: Magma Storm|[partiallytrapped]\n|upkeep\n|turn|4\n|\n|t:|1700766074\n|move|p1a: Heatran|Protect|p1a: Heatran\n|-singleturn|p1a: Heatran|Protect\n|move|p2a: Vulcan|Discharge|p1a: Heatran\n|-activate|p1a: Heatran|move: Protect\n|\n|-weather|Snow|[upkeep]\n|-heal|p1a: Heatran|90\/100 par|[from] item: Leftovers\n|-damage|p2a: Vulcan|33\/100|[from] move: Magma Storm|[partiallytrapped]\n|upkeep\n|turn|5\n|\n|t:|1700766082\n|move|p2a: Vulcan|Discharge|p1a: Heatran\n|-damage|p1a: Heatran|67\/100 par\n|cant|p1a: Heatran|par\n|\n|-weather|none\n|-heal|p1a: Heatran|73\/100 par|[from] item: Leftovers\n|-damage|p2a: Vulcan|20\/100|[from] move: Magma Storm|[partiallytrapped]\n|upkeep\n|turn|6\n|\n|t:|1700766094\n|move|p2a: Vulcan|Energy Ball|p1a: Heatran\n|-resisted|p1a: Heatran\n|-damage|p1a: Heatran|67\/100 par\n|move|p1a: Heatran|Magma Storm|p2a: Vulcan\n|-resisted|p2a: Vulcan\n|-damage|p2a: Vulcan|0 fnt\n|faint|p2a: Vulcan\n|-end|p2a: Vulcan|Quark Drive|[silent]\n|\n|-heal|p1a: Heatran|73\/100 par|[from] item: Leftovers\n|upkeep\n|\n|t:|1700766099\n|switch|p2a: Great Tusk|Great Tusk|100\/100\n|-damage|p2a: Great Tusk|98\/100|[from] Stealth Rock\n|-enditem|p2a: Great Tusk|Booster Energy\n|-activate|p2a: Great Tusk|ability: Protosynthesis|[fromitem]\n|-start|p2a: Great Tusk|protosynthesisatk\n|turn|7\n|\n|t:|1700766106\n|move|p2a: Great Tusk|Rapid Spin|p1a: Heatran\n|-resisted|p1a: Heatran\n|-damage|p1a: Heatran|63\/100 par\n|-boost|p2a: Great Tusk|spe|1\n|-sideend|p2: StormJet1613|Stealth Rock|[from] move: Rapid Spin|[of] p2a: Great Tusk\n|move|p1a: Heatran|Will-O-Wisp|p2a: Great Tusk\n|-status|p2a: Great Tusk|brn\n|\n|-heal|p1a: Heatran|69\/100 par|[from] item: Leftovers\n|-damage|p2a: Great Tusk|91\/100 brn|[from] brn\n|upkeep\n|turn|8\n|c|\u2606StormJet1613|oh f u\n|\n|t:|1700766122\n|-terastallize|p1a: Heatran|Grass\n|move|p2a: Great Tusk|Headlong Rush|p1a: Heatran\n|-resisted|p1a: Heatran\n|-damage|p1a: Heatran|53\/100 par\n|-unboost|p2a: Great Tusk|def|1\n|-unboost|p2a: Great Tusk|spd|1\n|move|p1a: Heatran|Magma Storm|p2a: Great Tusk|[miss]\n|-miss|p1a: Heatran|p2a: Great Tusk\n|\n|-heal|p1a: Heatran|59\/100 par|[from] item: Leftovers\n|-damage|p2a: Great Tusk|85\/100 brn|[from] brn\n|upkeep\n|turn|9\n|\n|t:|1700766132\n|move|p1a: Heatran|Protect|p1a: Heatran\n|-singleturn|p1a: Heatran|Protect\n|move|p2a: Great Tusk|Ice Spinner|p1a: Heatran\n|-activate|p1a: Heatran|move: Protect\n|\n|-heal|p1a: Heatran|65\/100 par|[from] item: Leftovers\n|-damage|p2a: Great Tusk|79\/100 brn|[from] brn\n|upkeep\n|turn|10\n|\n|t:|1700766135\n|move|p2a: Great Tusk|Ice Spinner|p1a: Heatran\n|-supereffective|p1a: Heatran\n|-damage|p1a: Heatran|33\/100 par\n|move|p1a: Heatran|Magma Storm|p2a: Great Tusk\n|-damage|p2a: Great Tusk|0 fnt\n|faint|p2a: Great Tusk\n|-end|p2a: Great Tusk|Protosynthesis|[silent]\n|\n|-heal|p1a: Heatran|39\/100 par|[from] item: Leftovers\n|upkeep\n|\n|t:|1700766143\n|switch|p2a: Spiky Boi|Toxapex, M, shiny|100\/100\n|turn|11\n|\n|t:|1700766150\n|move|p2a: Spiky Boi|Toxic||[still]\n|-fail|p2a: Spiky Boi\n|move|p1a: Heatran|Will-O-Wisp|p2a: Spiky Boi\n|-status|p2a: Spiky Boi|brn\n|\n|-heal|p1a: Heatran|45\/100 par|[from] item: Leftovers\n|-damage|p2a: Spiky Boi|94\/100 brn|[from] brn\n|upkeep\n|turn|12\n|c|\u2606Aintnowayurreal|Im para\u2019d\n|\n|t:|1700766161\n|move|p2a: Spiky Boi|Iron Defense|p2a: Spiky Boi\n|-boost|p2a: Spiky Boi|def|2\n|cant|p1a: Heatran|par\n|\n|-heal|p1a: Heatran|52\/100 par|[from] item: Leftovers\n|-damage|p2a: Spiky Boi|88\/100 brn|[from] brn\n|upkeep\n|turn|13\n|c|\u2606StormJet1613|forgot that :p\n|\n|t:|1700766173\n|move|p2a: Spiky Boi|Baneful Bunker|p2a: Spiky Boi\n|-singleturn|p2a: Spiky Boi|move: Protect\n|move|p1a: Heatran|Magma Storm|p2a: Spiky Boi\n|-activate|p2a: Spiky Boi|move: Protect\n|\n|-heal|p1a: Heatran|58\/100 par|[from] item: Leftovers\n|-damage|p2a: Spiky Boi|82\/100 brn|[from] brn\n|upkeep\n|turn|14\n|\n|t:|1700766183\n|move|p2a: Spiky Boi|Iron Defense|p2a: Spiky Boi\n|-boost|p2a: Spiky Boi|def|2\n|move|p1a: Heatran|Magma Storm|p2a: Spiky Boi\n|-resisted|p2a: Spiky Boi\n|-crit|p2a: Spiky Boi\n|-damage|p2a: Spiky Boi|48\/100 brn\n|-activate|p2a: Spiky Boi|move: Magma Storm|[of] p1a: Heatran\n|\n|-heal|p1a: Heatran|64\/100 par|[from] item: Leftovers\n|-damage|p2a: Spiky Boi|42\/100 brn|[from] brn\n|-damage|p2a: Spiky Boi|29\/100 brn|[from] move: Magma Storm|[partiallytrapped]\n|upkeep\n|turn|15\n|\n|t:|1700766188\n|move|p2a: Spiky Boi|Baneful Bunker|p2a: Spiky Boi\n|-singleturn|p2a: Spiky Boi|move: Protect\n|move|p1a: Heatran|Stealth Rock|p2a: Spiky Boi\n|-sidestart|p2: StormJet1613|move: Stealth Rock\n|\n|-heal|p1a: Heatran|70\/100 par|[from] item: Leftovers\n|-damage|p2a: Spiky Boi|23\/100 brn|[from] brn\n|-damage|p2a: Spiky Boi|11\/100 brn|[from] move: Magma Storm|[partiallytrapped]\n|upkeep\n|turn|16\n|\n|t:|1700766192\n|cant|p1a: Heatran|par\n|move|p2a: Spiky Boi|Recover|p2a: Spiky Boi\n|-heal|p2a: Spiky Boi|61\/100 brn\n|\n|-heal|p1a: Heatran|76\/100 par|[from] item: Leftovers\n|-damage|p2a: Spiky Boi|54\/100 brn|[from] brn\n|-damage|p2a: Spiky Boi|42\/100 brn|[from] move: Magma Storm|[partiallytrapped]\n|upkeep\n|turn|17\n|c|\u2606StormJet1613|damn\n|\n|t:|1700766199\n|move|p2a: Spiky Boi|Recover|p2a: Spiky Boi\n|-heal|p2a: Spiky Boi|92\/100 brn\n|move|p1a: Heatran|Will-O-Wisp|p2a: Spiky Boi\n|-fail|p2a: Spiky Boi|brn\n|\n|-heal|p1a: Heatran|83\/100 par|[from] item: Leftovers\n|-damage|p2a: Spiky Boi|86\/100 brn|[from] brn\n|-damage|p2a: Spiky Boi|73\/100 brn|[from] move: Magma Storm|[partiallytrapped]\n|upkeep\n|turn|18\n|\n|t:|1700766209\n|move|p2a: Spiky Boi|Iron Defense|p2a: Spiky Boi\n|-boost|p2a: Spiky Boi|def|2\n|cant|p1a: Heatran|par\n|\n|-heal|p1a: Heatran|89\/100 par|[from] item: Leftovers\n|-damage|p2a: Spiky Boi|67\/100 brn|[from] brn\n|-end|p2a: Spiky Boi|Magma Storm|[partiallytrapped]\n|upkeep\n|turn|19\n|c|\u2606StormJet1613|I have no attacks\n|c|\u2606StormJet1613|and don't wanna switch\n|inactive|StormJet1613 has 120 seconds left.\n|\n|t:|1700766241\n|move|p2a: Spiky Boi|Baneful Bunker|p2a: Spiky Boi\n|-singleturn|p2a: Spiky Boi|move: Protect\n|move|p1a: Heatran|Magma Storm|p2a: Spiky Boi\n|-activate|p2a: Spiky Boi|move: Protect\n|\n|-heal|p1a: Heatran|95\/100 par|[from] item: Leftovers\n|-damage|p2a: Spiky Boi|61\/100 brn|[from] brn\n|upkeep\n|turn|20\n|\n|t:|1700766248\n|move|p2a: Spiky Boi|Recover|p2a: Spiky Boi\n|-heal|p2a: Spiky Boi|100\/100 brn\n|cant|p1a: Heatran|par\n|\n|-heal|p1a: Heatran|100\/100 par|[from] item: Leftovers\n|-damage|p2a: Spiky Boi|94\/100 brn|[from] brn\n|upkeep\n|turn|21\n|\n|t:|1700766254\n|move|p2a: Spiky Boi|Baneful Bunker|p2a: Spiky Boi\n|-singleturn|p2a: Spiky Boi|move: Protect\n|cant|p1a: Heatran|par\n|\n|-damage|p2a: Spiky Boi|88\/100 brn|[from] brn\n|upkeep\n|turn|22\n|inactive|Aintnowayurreal has 120 seconds left.\n|c|\u2606Aintnowayurreal|Whats the point of this tox set?\n|c|\u2606StormJet1613|stall\n|\n|t:|1700766293\n|move|p2a: Spiky Boi|Iron Defense|p2a: Spiky Boi\n|-boost|p2a: Spiky Boi|def|0\n|move|p1a: Heatran|Will-O-Wisp|p2a: Spiky Boi\n|-fail|p2a: Spiky Boi|brn\n|\n|-damage|p2a: Spiky Boi|82\/100 brn|[from] brn\n|upkeep\n|turn|23\n|c|\u2606StormJet1613|:P\n|\n|t:|1700766308\n|move|p2a: Spiky Boi|Baneful Bunker|p2a: Spiky Boi\n|-singleturn|p2a: Spiky Boi|move: Protect\n|move|p1a: Heatran|Will-O-Wisp|p2a: Spiky Boi\n|-activate|p2a: Spiky Boi|move: Protect\n|\n|-damage|p2a: Spiky Boi|75\/100 brn|[from] brn\n|upkeep\n|turn|24\n|inactive|Aintnowayurreal has 120 seconds left.\n|c|\u2606StormJet1613|switch if u want\n|c|\u2606StormJet1613|but I ain't switching\n|c|\u2606Aintnowayurreal|Its not effective stall, you get shredded by any super effective special move\n|c|\u2606StormJet1613|yeah\n|c|\u2606Aintnowayurreal|im good, i have enough pp\n|inactive|Aintnowayurreal has 90 seconds left.\n|\n|t:|1700766355\n|move|p2a: Spiky Boi|Iron Defense|p2a: Spiky Boi\n|-boost|p2a: Spiky Boi|def|0\n|move|p1a: Heatran|Will-O-Wisp|p2a: Spiky Boi\n|-fail|p2a: Spiky Boi|brn\n|\n|-damage|p2a: Spiky Boi|69\/100 brn|[from] brn\n|upkeep\n|turn|25\n|\n|t:|1700766361\n|move|p2a: Spiky Boi|Iron Defense|p2a: Spiky Boi\n|-boost|p2a: Spiky Boi|def|0\n|move|p1a: Heatran|Will-O-Wisp|p2a: Spiky Boi|[miss]\n|-miss|p1a: Heatran|p2a: Spiky Boi\n|\n|-damage|p2a: Spiky Boi|63\/100 brn|[from] brn\n|upkeep\n|turn|26\n|\n|t:|1700766363\n|move|p2a: Spiky Boi|Iron Defense|p2a: Spiky Boi\n|-boost|p2a: Spiky Boi|def|0\n|move|p1a: Heatran|Will-O-Wisp|p2a: Spiky Boi|[miss]\n|-miss|p1a: Heatran|p2a: Spiky Boi\n|\n|-damage|p2a: Spiky Boi|57\/100 brn|[from] brn\n|upkeep\n|turn|27\n|\n|t:|1700766365\n|move|p2a: Spiky Boi|Iron Defense|p2a: Spiky Boi\n|-boost|p2a: Spiky Boi|def|0\n|move|p1a: Heatran|Stealth Rock||[still]\n|-fail|p1a: Heatran\n|\n|-damage|p2a: Spiky Boi|50\/100 brn|[from] brn\n|upkeep\n|turn|28\n|\n|t:|1700766369\n|move|p2a: Spiky Boi|Recover|p2a: Spiky Boi\n|-heal|p2a: Spiky Boi|100\/100 brn\n|move|p1a: Heatran|Will-O-Wisp|p2a: Spiky Boi\n|-fail|p2a: Spiky Boi|brn\n|\n|-damage|p2a: Spiky Boi|94\/100 brn|[from] brn\n|upkeep\n|turn|29\n|\n|t:|1700766372\n|move|p2a: Spiky Boi|Iron Defense|p2a: Spiky Boi\n|-boost|p2a: Spiky Boi|def|0\n|move|p1a: Heatran|Will-O-Wisp|p2a: Spiky Boi\n|-fail|p2a: Spiky Boi|brn\n|\n|-damage|p2a: Spiky Boi|88\/100 brn|[from] brn\n|upkeep\n|turn|30\n|\n|t:|1700766377\n|move|p2a: Spiky Boi|Iron Defense|p2a: Spiky Boi\n|-boost|p2a: Spiky Boi|def|0\n|move|p1a: Heatran|Will-O-Wisp|p2a: Spiky Boi\n|-fail|p2a: Spiky Boi|brn\n|\n|-damage|p2a: Spiky Boi|82\/100 brn|[from] brn\n|upkeep\n|turn|31\n|\n|t:|1700766383\n|move|p2a: Spiky Boi|Iron Defense|p2a: Spiky Boi\n|-boost|p2a: Spiky Boi|def|0\n|move|p1a: Heatran|Stealth Rock||[still]\n|-fail|p1a: Heatran\n|\n|-damage|p2a: Spiky Boi|75\/100 brn|[from] brn\n|upkeep\n|turn|32\n|\n|t:|1700766386\n|move|p2a: Spiky Boi|Toxic||[still]\n|-fail|p2a: Spiky Boi\n|move|p1a: Heatran|Will-O-Wisp|p2a: Spiky Boi\n|-fail|p2a: Spiky Boi|brn\n|\n|-damage|p2a: Spiky Boi|69\/100 brn|[from] brn\n|upkeep\n|turn|33\n|\n|t:|1700766389\n|move|p2a: Spiky Boi|Toxic||[still]\n|-fail|p2a: Spiky Boi\n|cant|p1a: Heatran|par\n|\n|-damage|p2a: Spiky Boi|63\/100 brn|[from] brn\n|upkeep\n|turn|34\n|\n|t:|1700766392\n|move|p2a: Spiky Boi|Toxic||[still]\n|-fail|p2a: Spiky Boi\n|move|p1a: Heatran|Stealth Rock||[still]\n|-fail|p1a: Heatran\n|\n|-damage|p2a: Spiky Boi|57\/100 brn|[from] brn\n|upkeep\n|turn|35\n|\n|t:|1700766394\n|move|p2a: Spiky Boi|Iron Defense|p2a: Spiky Boi\n|-boost|p2a: Spiky Boi|def|0\n|cant|p1a: Heatran|par\n|\n|-damage|p2a: Spiky Boi|50\/100 brn|[from] brn\n|upkeep\n|turn|36\n|\n|t:|1700766396\n|move|p2a: Spiky Boi|Recover|p2a: Spiky Boi\n|-heal|p2a: Spiky Boi|100\/100 brn\n|move|p1a: Heatran|Stealth Rock||[still]\n|-fail|p1a: Heatran\n|\n|-damage|p2a: Spiky Boi|94\/100 brn|[from] brn\n|upkeep\n|turn|37\n|\n|t:|1700766405\n|move|p2a: Spiky Boi|Baneful Bunker|p2a: Spiky Boi\n|-singleturn|p2a: Spiky Boi|move: Protect\n|move|p1a: Heatran|Stealth Rock||[still]\n|-fail|p1a: Heatran\n|\n|-damage|p2a: Spiky Boi|88\/100 brn|[from] brn\n|upkeep\n|turn|38\n|\n|t:|1700766425\n|switch|p2a: Paladin|Iron Valiant, shiny|100\/100\n|-damage|p2a: Paladin|94\/100|[from] Stealth Rock\n|-enditem|p2a: Paladin|Booster Energy\n|-activate|p2a: Paladin|ability: Quark Drive|[fromitem]\n|-start|p2a: Paladin|quarkdrivespe\n|move|p1a: Heatran|Stealth Rock||[still]\n|-fail|p1a: Heatran\n|\n|upkeep\n|turn|39\n|c|\u2606Aintnowayurreal|Wait, realistically you win by switching\n|c|\u2606Aintnowayurreal|yeah lol\n|c|\u2606Aintnowayurreal|you literally did it as i said it\n|c|\u2606StormJet1613|yeah\n|c|\u2606StormJet1613|:P\n|\n|t:|1700766448\n|move|p2a: Paladin|Swords Dance|p2a: Paladin\n|-boost|p2a: Paladin|atk|2\n|move|p1a: Heatran|Magma Storm|p2a: Paladin\n|-damage|p2a: Paladin|0 fnt\n|faint|p2a: Paladin\n|-end|p2a: Paladin|Quark Drive|[silent]\n|\n|upkeep\n|\n|t:|1700766459\n|switch|p2a: Ogerpon|Ogerpon-Cornerstone, F|100\/100\n|-damage|p2a: Ogerpon|88\/100|[from] Stealth Rock\n|turn|40\n|\n|t:|1700766464\n|-terastallize|p2a: Ogerpon|Rock\n|detailschange|p2a: Ogerpon|Ogerpon-Cornerstone-Tera, F, tera:Rock\n|-ability|p2a: Ogerpon|Embody Aspect (Cornerstone)|boost\n|-boost|p2a: Ogerpon|def|1\n|move|p2a: Ogerpon|Ivy Cudgel|p1a: Heatran|[anim] Ivy Cudgel Rock\n|-crit|p1a: Heatran\n|-damage|p1a: Heatran|0 fnt\n|faint|p1a: Heatran\n|\n|upkeep\n|l|\u2606StormJet1613\n|inactive|StormJet1613 disconnected and has a minute to reconnect!\n|player|p2|\n|c|\u2606Aintnowayurreal|Crit\n|\n|t:|1700766481\n|switch|p1a: Clitical hitolas|Quaquaval, F|100\/100\n|turn|41\n|l|\u2606Aintnowayurreal\n|inactive|Aintnowayurreal disconnected and has a minute to reconnect!\n|player|p1|\n|j|\u2606Aintnowayurreal\n|inactive|Aintnowayurreal reconnected.\n|player|p1|Aintnowayurreal|169\n|c|\u2606Aintnowayurreal|Hi\n|inactive|StormJet1613 has 30 seconds to reconnect!\n|inactive|StormJet1613 has 20 seconds to reconnect!\n|inactive|StormJet1613 has 15 seconds to reconnect!\n|inactive|StormJet1613 has 10 seconds to reconnect!\n|inactive|StormJet1613 has 5 seconds to reconnect!\n|-message|StormJet1613 lost due to inactivity.\n|\n|win|Aintnowayurreal\n|raw|Aintnowayurreal's rating: 1192 &rarr; <strong>1214<\/strong><br \/>(+22 for winning)\n|raw|StormJet1613's rating: 1144 &rarr; <strong>1122<\/strong><br \/>(-22 for losing)\n|j|\u2606StormJet1613\n|player|p2|StormJet1613|adaman\n","uploadtime":1700766554,"views":5,"p1id":"aintnowayurreal","p2id":"stormjet1613","formatid":"gen9ou","rating":1122,"private":0,"password":""}