{"id":"gen9ou-1995983096","p1":"Anonxx01","p2":"wooloo supremacy","format":"[Gen 9] OU","log":"|j|\u2606Anonxx01\n|j|\u2606wooloo supremacy\n|t:|1700625154\n|gametype|singles\n|player|p1|Anonxx01|bruno-gen1|1664\n|player|p2|wooloo supremacy|adaman|1627\n|teamsize|p1|6\n|teamsize|p2|6\n|gen|9\n|tier|[Gen 9] OU\n|rated|\n|rule|Sleep Clause Mod: Limit one foe put to sleep\n|rule|Species Clause: Limit one of each Pok\u00e9mon\n|rule|OHKO Clause: OHKO moves are banned\n|rule|Evasion Items Clause: Evasion items are banned\n|rule|Evasion Moves Clause: Evasion moves are banned\n|rule|Endless Battle Clause: Forcing endless battles is banned\n|rule|HP Percentage Mod: HP is shown in percentages\n|clearpoke\n|poke|p1|Brambleghast, F|\n|poke|p1|Ting-Lu|\n|poke|p1|Crawdaunt, M|\n|poke|p1|Scizor, M|\n|poke|p1|Ninetales-Alola, F|\n|poke|p1|Enamorus, F|\n|poke|p2|Muk-Alola, M|\n|poke|p2|Rillaboom, F|\n|poke|p2|Dragapult, F|\n|poke|p2|Kingambit, M|\n|poke|p2|Great Tusk|\n|poke|p2|Landorus-Therian, M|\n|teampreview\n|inactive|Battle timer is ON: inactive players will automatically lose when time's up. (requested by wooloo supremacy)\n|inactive|Anonxx01 also wants the timer to be on.\n|inactive|wooloo supremacy has 120 seconds left.\n|\n|t:|1700625190\n|start\n|switch|p1a: Enamorus|Enamorus, F|100\/100\n|switch|p2a: Landorus|Landorus-Therian, M|100\/100\n|-ability|p2a: Landorus|Intimidate|boost\n|-boost|p1a: Enamorus|atk|1\n|turn|1\n|\n|t:|1700625204\n|switch|p2a: Muk|Muk-Alola, M|100\/100\n|move|p1a: Enamorus|Moonblast|p2a: Muk\n|-damage|p2a: Muk|68\/100\n|\n|-heal|p2a: Muk|74\/100|[from] item: Black Sludge\n|upkeep\n|turn|2\n|\n|t:|1700625212\n|switch|p1a: Scizor|Scizor, M|100\/100\n|move|p2a: Muk|Knock Off|p1a: Scizor\n|-damage|p1a: Scizor|67\/100\n|-enditem|p1a: Scizor|Life Orb|[from] move: Knock Off|[of] p2a: Muk\n|\n|-heal|p2a: Muk|80\/100|[from] item: Black Sludge\n|upkeep\n|turn|3\n|\n|t:|1700625216\n|switch|p2a: Landorus|Landorus-Therian, M|100\/100\n|-ability|p2a: Landorus|Intimidate|boost\n|-unboost|p1a: Scizor|atk|1\n|move|p1a: Scizor|Knock Off|p2a: Landorus\n|-crit|p2a: Landorus\n|-damage|p2a: Landorus|61\/100\n|-damage|p1a: Scizor|51\/100|[from] item: Rocky Helmet|[of] p2a: Landorus\n|-enditem|p2a: Landorus|Rocky Helmet|[from] move: Knock Off|[of] p1a: Scizor\n|\n|upkeep\n|turn|4\n|\n|t:|1700625221\n|switch|p1a: Ninetales|Ninetales-Alola, F, shiny|100\/100\n|-weather|Snow|[from] ability: Snow Warning|[of] p1a: Ninetales\n|move|p2a: Landorus|Stealth Rock|p1a: Ninetales\n|-sidestart|p1: Anonxx01|move: Stealth Rock\n|\n|-weather|Snow|[upkeep]\n|upkeep\n|turn|5\n|\n|t:|1700625225\n|switch|p2a: Muk|Muk-Alola, M|80\/100\n|move|p1a: Ninetales|Aurora Veil|p1a: Ninetales\n|-sidestart|p1: Anonxx01|move: Aurora Veil\n|\n|-weather|Snow|[upkeep]\n|-heal|p2a: Muk|86\/100|[from] item: Black Sludge\n|upkeep\n|turn|6\n|inactive|wooloo supremacy has 120 seconds left.\n|inactive|Anonxx01 has 120 seconds left.\n|\n|t:|1700625274\n|switch|p1a: Scizor|Scizor, M|51\/100\n|-damage|p1a: Scizor|39\/100|[from] Stealth Rock\n|move|p2a: Muk|Knock Off|p1a: Scizor\n|-damage|p1a: Scizor|27\/100\n|\n|-weather|Snow|[upkeep]\n|-heal|p2a: Muk|92\/100|[from] item: Black Sludge\n|upkeep\n|turn|7\n|\n|t:|1700625284\n|switch|p2a: Landorus|Landorus-Therian, M|61\/100\n|-ability|p2a: Landorus|Intimidate|boost\n|-unboost|p1a: Scizor|atk|1\n|move|p1a: Scizor|Bullet Punch|p2a: Landorus\n|-damage|p2a: Landorus|46\/100\n|\n|-weather|Snow|[upkeep]\n|upkeep\n|turn|8\n|\n|t:|1700625288\n|switch|p1a: Brambleghast|Brambleghast, F|100\/100\n|move|p2a: Landorus|Earth Power|p1a: Brambleghast\n|-resisted|p1a: Brambleghast\n|-crit|p1a: Brambleghast\n|-damage|p1a: Brambleghast|58\/100\n|\n|-weather|none\n|upkeep\n|turn|9\n|\n|t:|1700625295\n|switch|p2a: Muk|Muk-Alola, M|92\/100\n|move|p1a: Brambleghast|Spikes|p2a: Muk\n|-sidestart|p2: wooloo supremacy|Spikes\n|\n|-heal|p2a: Muk|98\/100|[from] item: Black Sludge\n|upkeep\n|turn|10\n|\n|t:|1700625301\n|move|p1a: Brambleghast|Rapid Spin|p2a: Muk\n|-damage|p2a: Muk|81\/100\n|-boost|p1a: Brambleghast|spe|1\n|-sideend|p1: Anonxx01|Stealth Rock|[from] move: Rapid Spin|[of] p1a: Brambleghast\n|move|p2a: Muk|Knock Off|p1a: Brambleghast\n|-supereffective|p1a: Brambleghast\n|-damage|p1a: Brambleghast|4\/100\n|-status|p1a: Brambleghast|psn|[from] ability: Poison Touch|[of] p2a: Muk\n|-enditem|p1a: Brambleghast|Heavy-Duty Boots|[from] move: Knock Off|[of] p2a: Muk\n|\n|-heal|p2a: Muk|87\/100|[from] item: Black Sludge\n|-damage|p1a: Brambleghast|0 fnt|[from] psn\n|faint|p1a: Brambleghast\n|upkeep\n|\n|t:|1700625309\n|switch|p1a: Crawdaunt|Crawdaunt, M|100\/100\n|turn|11\n|\n|t:|1700625316\n|move|p1a: Crawdaunt|Crabhammer|p2a: Muk\n|-damage|p2a: Muk|0 fnt\n|faint|p2a: Muk\n|\n|upkeep\n|\n|t:|1700625318\n|switch|p2a: Rillaboom|Rillaboom, F|100\/100\n|-damage|p2a: Rillaboom|88\/100|[from] Spikes\n|-fieldstart|move: Grassy Terrain|[from] ability: Grassy Surge|[of] p2a: Rillaboom\n|turn|12\n|\n|t:|1700625328\n|switch|p1a: Scizor|Scizor, M|27\/100\n|move|p2a: Rillaboom|Wood Hammer|p1a: Scizor\n|-resisted|p1a: Scizor\n|-damage|p1a: Scizor|12\/100\n|-damage|p2a: Rillaboom|84\/100|[from] Recoil\n|\n|-heal|p2a: Rillaboom|90\/100|[from] Grassy Terrain\n|-heal|p1a: Scizor|18\/100|[from] Grassy Terrain\n|-sideend|p1: Anonxx01|move: Aurora Veil\n|upkeep\n|turn|13\n|\n|t:|1700625335\n|switch|p2a: Landorus|Landorus-Therian, M|46\/100\n|-ability|p2a: Landorus|Intimidate|boost\n|-unboost|p1a: Scizor|atk|1\n|move|p1a: Scizor|Bullet Punch|p2a: Landorus\n|-damage|p2a: Landorus|30\/100\n|\n|-heal|p1a: Scizor|24\/100|[from] Grassy Terrain\n|upkeep\n|turn|14\n|\n|t:|1700625344\n|switch|p1a: Ninetales|Ninetales-Alola, F, shiny|100\/100\n|-weather|Snow|[from] ability: Snow Warning|[of] p1a: Ninetales\n|move|p2a: Landorus|Stealth Rock|p1a: Ninetales\n|-sidestart|p1: Anonxx01|move: Stealth Rock\n|\n|-weather|Snow|[upkeep]\n|upkeep\n|turn|15\n|\n|t:|1700625349\n|switch|p2a: Kingambit|Kingambit, M|100\/100\n|-damage|p2a: Kingambit|88\/100|[from] Spikes\n|-activate|p2a: Kingambit|ability: Supreme Overlord\n|-start|p2a: Kingambit|fallen1|[silent]\n|move|p1a: Ninetales|Aurora Veil|p1a: Ninetales\n|-sidestart|p1: Anonxx01|move: Aurora Veil\n|\n|-weather|Snow|[upkeep]\n|-heal|p2a: Kingambit|94\/100|[from] Grassy Terrain\n|upkeep\n|turn|16\n|\n|t:|1700625353\n|switch|p1a: Crawdaunt|Crawdaunt, M|100\/100\n|-damage|p1a: Crawdaunt|88\/100|[from] Stealth Rock\n|move|p2a: Kingambit|Iron Head|p1a: Crawdaunt\n|-resisted|p1a: Crawdaunt\n|-damage|p1a: Crawdaunt|62\/100\n|\n|-weather|Snow|[upkeep]\n|-heal|p2a: Kingambit|100\/100|[from] Grassy Terrain\n|-heal|p1a: Crawdaunt|68\/100|[from] Grassy Terrain\n|-fieldend|move: Grassy Terrain\n|upkeep\n|turn|17\n|\n|t:|1700625361\n|-end|p2a: Kingambit|fallen1|[silent]\n|switch|p2a: Landorus|Landorus-Therian, M|30\/100\n|-ability|p2a: Landorus|Intimidate|boost\n|-unboost|p1a: Crawdaunt|atk|1\n|move|p1a: Crawdaunt|Crabhammer|p2a: Landorus\n|-supereffective|p2a: Landorus\n|-damage|p2a: Landorus|0 fnt\n|faint|p2a: Landorus\n|\n|-weather|Snow|[upkeep]\n|upkeep\n|\n|t:|1700625363\n|switch|p2a: Rillaboom|Rillaboom, F|90\/100\n|-damage|p2a: Rillaboom|77\/100|[from] Spikes\n|-fieldstart|move: Grassy Terrain|[from] ability: Grassy Surge|[of] p2a: Rillaboom\n|turn|18\n|\n|t:|1700625367\n|switch|p1a: Scizor|Scizor, M|24\/100\n|-damage|p1a: Scizor|12\/100|[from] Stealth Rock\n|move|p2a: Rillaboom|U-turn|p1a: Scizor\n|-resisted|p1a: Scizor\n|-damage|p1a: Scizor|2\/100\n|\n|t:|1700625379\n|switch|p2a: Great Tusk|Great Tusk|100\/100|[from] U-turn\n|-damage|p2a: Great Tusk|88\/100|[from] Spikes\n|\n|-weather|none\n|-heal|p2a: Great Tusk|94\/100|[from] Grassy Terrain\n|-heal|p1a: Scizor|8\/100|[from] Grassy Terrain\n|upkeep\n|turn|19\n|\n|t:|1700625386\n|move|p2a: Great Tusk|Rapid Spin|p1a: Scizor\n|-resisted|p1a: Scizor\n|-damage|p1a: Scizor|4\/100\n|-boost|p2a: Great Tusk|spe|1\n|-sideend|p2: wooloo supremacy|Spikes|[from] move: Rapid Spin|[of] p2a: Great Tusk\n|move|p1a: Scizor|Swords Dance|p1a: Scizor\n|-boost|p1a: Scizor|atk|2\n|\n|-heal|p2a: Great Tusk|100\/100|[from] Grassy Terrain\n|-heal|p1a: Scizor|10\/100|[from] Grassy Terrain\n|upkeep\n|turn|20\n|\n|t:|1700625403\n|move|p1a: Scizor|Bullet Punch|p2a: Great Tusk\n|-damage|p2a: Great Tusk|52\/100\n|move|p2a: Great Tusk|Headlong Rush|p1a: Scizor\n|-damage|p1a: Scizor|0 fnt\n|-unboost|p2a: Great Tusk|def|1\n|-unboost|p2a: Great Tusk|spd|1\n|faint|p1a: Scizor\n|\n|-heal|p2a: Great Tusk|58\/100|[from] Grassy Terrain\n|upkeep\n|\n|t:|1700625410\n|switch|p1a: Enamorus|Enamorus, F|100\/100\n|-damage|p1a: Enamorus|76\/100|[from] Stealth Rock\n|turn|21\n|\n|t:|1700625440\n|move|p1a: Enamorus|Moonblast|p2a: Great Tusk\n|-supereffective|p2a: Great Tusk\n|-damage|p2a: Great Tusk|0 fnt\n|faint|p2a: Great Tusk\n|-end|p2a: Great Tusk|Protosynthesis|[silent]\n|\n|upkeep\n|\n|t:|1700625444\n|switch|p2a: Kingambit|Kingambit, M|100\/100\n|-activate|p2a: Kingambit|ability: Supreme Overlord\n|-start|p2a: Kingambit|fallen3|[silent]\n|turn|22\n|\n|t:|1700625453\n|move|p1a: Enamorus|Moonblast|p2a: Kingambit\n|-damage|p2a: Kingambit|36\/100\n|move|p2a: Kingambit|Iron Head|p1a: Enamorus\n|-supereffective|p1a: Enamorus\n|-damage|p1a: Enamorus|0 fnt\n|faint|p1a: Enamorus\n|\n|-heal|p2a: Kingambit|42\/100|[from] Grassy Terrain\n|-sideend|p1: Anonxx01|move: Aurora Veil\n|-fieldend|move: Grassy Terrain\n|upkeep\n|\n|t:|1700625460\n|switch|p1a: Ninetales|Ninetales-Alola, F, shiny|100\/100\n|-damage|p1a: Ninetales|76\/100|[from] Stealth Rock\n|-weather|Snow|[from] ability: Snow Warning|[of] p1a: Ninetales\n|turn|23\n|\n|t:|1700625468\n|move|p1a: Ninetales|Aurora Veil|p1a: Ninetales\n|-sidestart|p1: Anonxx01|move: Aurora Veil\n|move|p2a: Kingambit|Iron Head|p1a: Ninetales\n|-supereffective|p1a: Ninetales\n|-damage|p1a: Ninetales|0 fnt\n|faint|p1a: Ninetales\n|\n|-weather|Snow|[upkeep]\n|upkeep\n|\n|t:|1700625472\n|switch|p1a: Ting-Lu|Ting-Lu|100\/100\n|-damage|p1a: Ting-Lu|94\/100|[from] Stealth Rock\n|-ability|p1a: Ting-Lu|Vessel of Ruin\n|turn|24\n|\n|t:|1700625475\n|-end|p2a: Kingambit|fallen3|[silent]\n|switch|p2a: Rillaboom|Rillaboom, F|77\/100\n|-fieldstart|move: Grassy Terrain|[from] ability: Grassy Surge|[of] p2a: Rillaboom\n|move|p1a: Ting-Lu|Earthquake|p2a: Rillaboom\n|-resisted|p2a: Rillaboom\n|-damage|p2a: Rillaboom|69\/100\n|\n|-weather|Snow|[upkeep]\n|-heal|p2a: Rillaboom|75\/100|[from] Grassy Terrain\n|-heal|p1a: Ting-Lu|100\/100|[from] Grassy Terrain\n|upkeep\n|turn|25\n|\n|t:|1700625479\n|-terastallize|p1a: Ting-Lu|Poison\n|move|p2a: Rillaboom|Wood Hammer|p1a: Ting-Lu\n|-resisted|p1a: Ting-Lu\n|-damage|p1a: Ting-Lu|84\/100\n|-damage|p2a: Rillaboom|67\/100|[from] Recoil\n|move|p1a: Ting-Lu|Stealth Rock|p2a: Rillaboom\n|-sidestart|p2: wooloo supremacy|move: Stealth Rock\n|\n|-weather|Snow|[upkeep]\n|-heal|p2a: Rillaboom|73\/100|[from] Grassy Terrain\n|-heal|p1a: Ting-Lu|90\/100|[from] Grassy Terrain\n|-heal|p1a: Ting-Lu|97\/100|[from] item: Leftovers\n|upkeep\n|turn|26\n|\n|t:|1700625483\n|switch|p2a: Kingambit|Kingambit, M|42\/100\n|-damage|p2a: Kingambit|36\/100|[from] Stealth Rock\n|-activate|p2a: Kingambit|ability: Supreme Overlord\n|-start|p2a: Kingambit|fallen3|[silent]\n|move|p1a: Ting-Lu|Stone Edge|p2a: Kingambit|[miss]\n|-miss|p1a: Ting-Lu|p2a: Kingambit\n|\n|-weather|Snow|[upkeep]\n|-heal|p2a: Kingambit|42\/100|[from] Grassy Terrain\n|-heal|p1a: Ting-Lu|100\/100|[from] Grassy Terrain\n|upkeep\n|turn|27\n|\n|t:|1700625487\n|move|p2a: Kingambit|Kowtow Cleave|p1a: Ting-Lu\n|-damage|p1a: Ting-Lu|75\/100\n|move|p1a: Ting-Lu|Earthquake|p2a: Kingambit\n|-supereffective|p2a: Kingambit\n|-damage|p2a: Kingambit|8\/100\n|\n|-weather|none\n|-heal|p2a: Kingambit|15\/100|[from] Grassy Terrain\n|-heal|p1a: Ting-Lu|82\/100|[from] Grassy Terrain\n|-heal|p1a: Ting-Lu|88\/100|[from] item: Leftovers\n|upkeep\n|turn|28\n|\n|t:|1700625491\n|move|p2a: Kingambit|Kowtow Cleave|p1a: Ting-Lu\n|-damage|p1a: Ting-Lu|60\/100\n|move|p1a: Ting-Lu|Earthquake|p2a: Kingambit\n|-supereffective|p2a: Kingambit\n|-damage|p2a: Kingambit|0 fnt\n|faint|p2a: Kingambit\n|-end|p2a: Kingambit|fallen3|[silent]\n|\n|-heal|p1a: Ting-Lu|66\/100|[from] Grassy Terrain\n|-heal|p1a: Ting-Lu|73\/100|[from] item: Leftovers\n|-fieldend|move: Grassy Terrain\n|upkeep\n|\n|t:|1700625493\n|switch|p2a: Rillaboom|Rillaboom, F|73\/100\n|-damage|p2a: Rillaboom|61\/100|[from] Stealth Rock\n|-fieldstart|move: Grassy Terrain|[from] ability: Grassy Surge|[of] p2a: Rillaboom\n|turn|29\n|\n|t:|1700625496\n|move|p2a: Rillaboom|Knock Off|p1a: Ting-Lu\n|-damage|p1a: Ting-Lu|58\/100\n|-enditem|p1a: Ting-Lu|Leftovers|[from] move: Knock Off|[of] p2a: Rillaboom\n|move|p1a: Ting-Lu|Stone Edge|p2a: Rillaboom\n|-damage|p2a: Rillaboom|35\/100\n|\n|-heal|p2a: Rillaboom|41\/100|[from] Grassy Terrain\n|-heal|p1a: Ting-Lu|64\/100|[from] Grassy Terrain\n|upkeep\n|turn|30\n|\n|t:|1700625503\n|switch|p1a: Crawdaunt|Crawdaunt, M|68\/100\n|-damage|p1a: Crawdaunt|56\/100|[from] Stealth Rock\n|move|p2a: Rillaboom|Knock Off|p1a: Crawdaunt\n|-resisted|p1a: Crawdaunt\n|-damage|p1a: Crawdaunt|40\/100\n|-enditem|p1a: Crawdaunt|Choice Band|[from] move: Knock Off|[of] p2a: Rillaboom\n|\n|-heal|p2a: Rillaboom|47\/100|[from] Grassy Terrain\n|-heal|p1a: Crawdaunt|46\/100|[from] Grassy Terrain\n|-sideend|p1: Anonxx01|move: Aurora Veil\n|upkeep\n|turn|31\n|\n|t:|1700625510\n|move|p2a: Rillaboom|Knock Off|p1a: Crawdaunt\n|-resisted|p1a: Crawdaunt\n|-damage|p1a: Crawdaunt|22\/100\n|move|p1a: Crawdaunt|Knock Off|p2a: Rillaboom\n|-damage|p2a: Rillaboom|0 fnt\n|-enditem|p2a: Rillaboom|Choice Band|[from] move: Knock Off|[of] p1a: Crawdaunt\n|faint|p2a: Rillaboom\n|\n|-heal|p1a: Crawdaunt|28\/100|[from] Grassy Terrain\n|upkeep\n|\n|t:|1700625512\n|switch|p2a: Dragapult|Dragapult, F|100\/100\n|-damage|p2a: Dragapult|88\/100|[from] Stealth Rock\n|turn|32\n|\n|t:|1700625516\n|-terastallize|p2a: Dragapult|Ghost\n|move|p1a: Crawdaunt|Aqua Jet|p2a: Dragapult\n|-damage|p2a: Dragapult|52\/100\n|move|p2a: Dragapult|Shadow Ball|p1a: Crawdaunt\n|-resisted|p1a: Crawdaunt\n|-damage|p1a: Crawdaunt|0 fnt\n|faint|p1a: Crawdaunt\n|\n|-heal|p2a: Dragapult|58\/100|[from] Grassy Terrain\n|upkeep\n|\n|t:|1700625526\n|switch|p1a: Ting-Lu|Ting-Lu, tera:Poison|64\/100\n|-damage|p1a: Ting-Lu|52\/100|[from] Stealth Rock\n|-ability|p1a: Ting-Lu|Vessel of Ruin\n|turn|33\n|\n|t:|1700625535\n|move|p2a: Dragapult|Shadow Ball|p1a: Ting-Lu\n|-damage|p1a: Ting-Lu|20\/100\n|move|p1a: Ting-Lu|Stone Edge|p2a: Dragapult\n|-damage|p2a: Dragapult|26\/100\n|\n|-heal|p2a: Dragapult|32\/100|[from] Grassy Terrain\n|-heal|p1a: Ting-Lu|26\/100|[from] Grassy Terrain\n|-fieldend|move: Grassy Terrain\n|upkeep\n|turn|34\n|\n|t:|1700625541\n|move|p2a: Dragapult|Shadow Ball|p1a: Ting-Lu\n|-damage|p1a: Ting-Lu|0 fnt\n|faint|p1a: Ting-Lu\n|\n|win|wooloo supremacy\n|raw|Anonxx01's rating: 1664 &rarr; <strong>1641<\/strong><br \/>(-23 for losing)\n|raw|wooloo supremacy's rating: 1603 &rarr; <strong>1626<\/strong><br \/>(+23 for winning)\n|c|\u2606wooloo supremacy|gg\n","uploadtime":1700625545,"views":1,"p1id":"anonxx01","p2id":"wooloosupremacy","formatid":"gen9ou","rating":1626,"private":0,"password":""}