{"id":"gen9ou-1990110701","p1":"kcorn321","p2":"GeorgiaEternatuss","format":"[Gen 9] OU","log":"|j|\u2606kcorn321\n|j|\u2606GeorgiaEternatuss\n|t:|1699925673\n|gametype|singles\n|player|p1|kcorn321|2|1249\n|player|p2|GeorgiaEternatuss|steven|1274\n|teamsize|p1|6\n|teamsize|p2|6\n|gen|9\n|tier|[Gen 9] OU\n|rated|\n|rule|Sleep Clause Mod: Limit one foe put to sleep\n|rule|Species Clause: Limit one of each Pok\u00e9mon\n|rule|OHKO Clause: OHKO moves are banned\n|rule|Evasion Items Clause: Evasion items are banned\n|rule|Evasion Moves Clause: Evasion moves are banned\n|rule|Endless Battle Clause: Forcing endless battles is banned\n|rule|HP Percentage Mod: HP is shown in percentages\n|clearpoke\n|poke|p1|Samurott-Hisui, F|\n|poke|p1|Ceruledge, F|\n|poke|p1|Thundurus-Therian, M|\n|poke|p1|Amoonguss, M|\n|poke|p1|Great Tusk|\n|poke|p1|Gholdengo|\n|poke|p2|Goodra-Hisui, F|\n|poke|p2|Garchomp, M|\n|poke|p2|Dragonite, F|\n|poke|p2|Iron Valiant|\n|poke|p2|Gholdengo|\n|poke|p2|Ditto|\n|teampreview\n|\n|t:|1699925688\n|start\n|switch|p1a: Dumbo|Great Tusk, shiny|100\/100\n|switch|p2a: Dragonite|Dragonite, F|100\/100\n|turn|1\n|\n|t:|1699925699\n|-terastallize|p2a: Dragonite|Normal\n|move|p2a: Dragonite|Dragon Dance|p2a: Dragonite\n|-boost|p2a: Dragonite|atk|1\n|-boost|p2a: Dragonite|spe|1\n|move|p1a: Dumbo|Ice Spinner|p2a: Dragonite\n|-damage|p2a: Dragonite|87\/100\n|\n|upkeep\n|turn|2\n|\n|t:|1699925712\n|-end|p1a: Dumbo|Protosynthesis|[silent]\n|switch|p1a: Amanita Phalloides|Amoonguss, M, shiny|100\/100\n|move|p2a: Dragonite|Encore||[still]\n|-fail|p2a: Dragonite\n|\n|upkeep\n|turn|3\n|\n|t:|1699925722\n|move|p2a: Dragonite|Extreme Speed|p1a: Amanita Phalloides\n|-damage|p1a: Amanita Phalloides|33\/100\n|-enditem|p1a: Amanita Phalloides|Red Card|[of] p2a: Dragonite\n|drag|p2a: Ditto|Ditto|100\/100\n|-transform|p2a: Ditto|p1a: Amanita Phalloides|[from] ability: Imposter\n|move|p1a: Amanita Phalloides|Spore|p2a: Ditto\n|-immune|p2a: Ditto\n|\n|upkeep\n|turn|4\n|\n|t:|1699925737\n|switch|p1a: Kuzko|Gholdengo, shiny|100\/100\n|move|p2a: Ditto|Sludge Bomb|p1a: Kuzko\n|-immune|p1a: Kuzko\n|\n|upkeep\n|turn|5\n|\n|t:|1699925746\n|switch|p2a: Goodra|Goodra-Hisui, F|100\/100\n|move|p1a: Kuzko|Nasty Plot|p1a: Kuzko\n|-boost|p1a: Kuzko|spa|2\n|\n|upkeep\n|turn|6\n|\n|t:|1699925755\n|move|p2a: Goodra|Fire Blast|p1a: Kuzko\n|-supereffective|p1a: Kuzko\n|-damage|p1a: Kuzko|29\/100\n|move|p1a: Kuzko|Shadow Ball|p2a: Goodra\n|-damage|p2a: Goodra|62\/100\n|-unboost|p2a: Goodra|spd|1\n|\n|-heal|p1a: Kuzko|36\/100|[from] item: Leftovers\n|upkeep\n|turn|7\n|\n|t:|1699925779\n|switch|p2a: Dragonite|Dragonite, F, tera:Normal|87\/100\n|switch|p1a: Sekiro|Samurott-Hisui, F, shiny|100\/100\n|\n|upkeep\n|turn|8\n|\n|t:|1699925788\n|move|p1a: Sekiro|Sacred Sword|p2a: Dragonite\n|-supereffective|p2a: Dragonite\n|-damage|p2a: Dragonite|0 fnt\n|faint|p2a: Dragonite\n|\n|upkeep\n|\n|t:|1699925799\n|switch|p2a: Iron Valiant|Iron Valiant|100\/100\n|-enditem|p2a: Iron Valiant|Booster Energy\n|-activate|p2a: Iron Valiant|ability: Quark Drive|[fromitem]\n|-start|p2a: Iron Valiant|quarkdrivespe\n|turn|9\n|\n|t:|1699925807\n|switch|p1a: Kuzko|Gholdengo, shiny|36\/100\n|move|p2a: Iron Valiant|Swords Dance|p2a: Iron Valiant\n|-boost|p2a: Iron Valiant|atk|2\n|\n|-heal|p1a: Kuzko|42\/100|[from] item: Leftovers\n|upkeep\n|turn|10\n|\n|t:|1699925815\n|move|p2a: Iron Valiant|Knock Off|p1a: Kuzko\n|-supereffective|p1a: Kuzko\n|-damage|p1a: Kuzko|0 fnt\n|-enditem|p1a: Kuzko|Leftovers|[from] move: Knock Off|[of] p2a: Iron Valiant\n|faint|p1a: Kuzko\n|\n|upkeep\n|\n|t:|1699925835\n|switch|p1a: Amanita Phalloides|Amoonguss, M, shiny|67\/100\n|turn|11\n|\n|t:|1699925841\n|move|p2a: Iron Valiant|Ice Punch|p1a: Amanita Phalloides\n|-supereffective|p1a: Amanita Phalloides\n|-damage|p1a: Amanita Phalloides|0 fnt\n|faint|p1a: Amanita Phalloides\n|\n|upkeep\n|\n|t:|1699925846\n|switch|p1a: Palpatin|Ceruledge, F, shiny|100\/100\n|turn|12\n|\n|t:|1699925856\n|-terastallize|p1a: Palpatin|Fairy\n|move|p2a: Iron Valiant|Knock Off|p1a: Palpatin\n|-resisted|p1a: Palpatin\n|-damage|p1a: Palpatin|50\/100\n|-ability|p1a: Palpatin|Weak Armor|boost\n|-unboost|p1a: Palpatin|def|1\n|-boost|p1a: Palpatin|spe|2\n|-enditem|p1a: Palpatin|Heavy-Duty Boots|[from] move: Knock Off|[of] p2a: Iron Valiant\n|move|p1a: Palpatin|Bitter Blade|p2a: Iron Valiant\n|-damage|p2a: Iron Valiant|38\/100\n|-heal|p1a: Palpatin|81\/100|[from] drain|[of] p2a: Iron Valiant\n|\n|upkeep\n|turn|13\n|\n|t:|1699925879\n|move|p2a: Iron Valiant|Close Combat|p1a: Palpatin\n|-resisted|p1a: Palpatin\n|-damage|p1a: Palpatin|0 fnt\n|-unboost|p2a: Iron Valiant|def|1\n|-unboost|p2a: Iron Valiant|spd|1\n|faint|p1a: Palpatin\n|\n|upkeep\n|-message|kcorn321 forfeited.\n|\n|win|GeorgiaEternatuss\n|raw|kcorn321's rating: 1249 &rarr; <strong>1226<\/strong><br \/>(-23 for losing)\n|raw|GeorgiaEternatuss's rating: 1274 &rarr; <strong>1297<\/strong><br \/>(+23 for winning)\n|l|\u2606kcorn321\n","uploadtime":1699925898,"views":19,"p1id":"kcorn321","p2id":"georgiaeternatuss","formatid":"gen9ou","rating":1226,"private":0,"password":""}