{"id":"gen9ou-1995783829","p1":"Wilfred Gnonto","p2":"Darkmaniman+Minus","format":"[Gen 9] OU","log":"|j|\u2606Wilfred Gnonto\n|j|\u2606Darkmaniman+Minus\n|t:|1700602798\n|gametype|singles\n|player|p1|Wilfred Gnonto|harlequin|1351\n|player|p2|Darkmaniman+Minus|170|1310\n|teamsize|p1|6\n|teamsize|p2|6\n|gen|9\n|tier|[Gen 9] OU\n|rated|\n|rule|Sleep Clause Mod: Limit one foe put to sleep\n|rule|Species Clause: Limit one of each Pok\u00e9mon\n|rule|OHKO Clause: OHKO moves are banned\n|rule|Evasion Items Clause: Evasion items are banned\n|rule|Evasion Moves Clause: Evasion moves are banned\n|rule|Endless Battle Clause: Forcing endless battles is banned\n|rule|HP Percentage Mod: HP is shown in percentages\n|clearpoke\n|poke|p1|Rillaboom, M|\n|poke|p1|Dragonite, M|\n|poke|p1|Great Tusk|\n|poke|p1|Heatran, F|\n|poke|p1|Mandibuzz, F|\n|poke|p1|Slowking-Galar, F|\n|poke|p2|Rillaboom, F|\n|poke|p2|Drifblim, M|\n|poke|p2|Great Tusk|\n|poke|p2|Hawlucha, M|\n|poke|p2|Magnezone|\n|poke|p2|Blissey, F|\n|teampreview\n|inactive|Battle timer is ON: inactive players will automatically lose when time's up. (requested by Wilfred Gnonto)\n|c|\u2606Wilfred Gnonto|cool team glhf\n|\n|t:|1700602823\n|start\n|switch|p1a: Rillaboom|Rillaboom, M|100\/100\n|switch|p2a: Rillaboom|Rillaboom, F|100\/100\n|-fieldstart|move: Grassy Terrain|[from] ability: Grassy Surge|[of] p1a: Rillaboom\n|turn|1\n|\n|t:|1700602826\n|switch|p1a: Heatran|Heatran, F|100\/100\n|move|p2a: Rillaboom|U-turn|p1a: Heatran\n|-resisted|p1a: Heatran\n|-damage|p1a: Heatran|95\/100\n|-status|p2a: Rillaboom|brn|[from] ability: Flame Body|[of] p1a: Heatran\n|c|\u2606Darkmaniman+Minus|Ahhh\n|c|\u2606Wilfred Gnonto|;)\n|c|\u2606Darkmaniman+Minus|AGGGHHHH\n|\n|t:|1700602851\n|switch|p2a: Hawlucha|Hawlucha, M|100\/100|[from] U-turn\n|-enditem|p2a: Hawlucha|Grassy Seed\n|-boost|p2a: Hawlucha|def|1|[from] item: Grassy Seed\n|\n|-heal|p1a: Heatran|100\/100|[from] Grassy Terrain\n|upkeep\n|turn|2\n|\n|t:|1700602864\n|switch|p1a: Slowking|Slowking-Galar, F|100\/100\n|move|p2a: Hawlucha|Swords Dance|p2a: Hawlucha\n|-boost|p2a: Hawlucha|atk|2\n|\n|upkeep\n|turn|3\n|\n|t:|1700602869\n|move|p2a: Hawlucha|Acrobatics|p1a: Slowking\n|-damage|p1a: Slowking|27\/100\n|move|p1a: Slowking|Ice Beam|p2a: Hawlucha\n|-supereffective|p2a: Hawlucha\n|-damage|p2a: Hawlucha|35\/100\n|\n|-heal|p1a: Slowking|33\/100|[from] Grassy Terrain\n|upkeep\n|turn|4\n|\n|t:|1700602876\n|switch|p1a: Heatran|Heatran, F|100\/100\n|move|p2a: Hawlucha|Close Combat|p1a: Heatran\n|-supereffective|p1a: Heatran\n|-damage|p1a: Heatran|0 fnt\n|-unboost|p2a: Hawlucha|def|1\n|-unboost|p2a: Hawlucha|spd|1\n|-status|p2a: Hawlucha|brn|[from] ability: Flame Body|[of] p1a: Heatran\n|faint|p1a: Heatran\n|\n|-damage|p2a: Hawlucha|29\/100 brn|[from] brn\n|upkeep\n|c|\u2606Wilfred Gnonto|nice predict\n|c|\u2606Darkmaniman+Minus|Bbbbbbruh\n|c|\u2606Wilfred Gnonto|Im sorry Lol\n|\n|t:|1700602894\n|switch|p1a: Slowking|Slowking-Galar, F|67\/100\n|turn|5\n|\n|t:|1700602898\n|move|p2a: Hawlucha|Acrobatics|p1a: Slowking\n|-damage|p1a: Slowking|28\/100\n|move|p1a: Slowking|Ice Beam|p2a: Hawlucha\n|-supereffective|p2a: Hawlucha\n|-damage|p2a: Hawlucha|0 fnt\n|faint|p2a: Hawlucha\n|\n|-heal|p1a: Slowking|34\/100|[from] Grassy Terrain\n|-fieldend|move: Grassy Terrain\n|upkeep\n|\n|t:|1700602901\n|switch|p2a: Rillaboom|Rillaboom, F|100\/100 brn\n|-fieldstart|move: Grassy Terrain|[from] ability: Grassy Surge|[of] p2a: Rillaboom\n|turn|6\n|\n|t:|1700602911\n|move|p2a: Rillaboom|High Horsepower|p1a: Slowking\n|-supereffective|p1a: Slowking\n|-damage|p1a: Slowking|8\/100\n|move|p1a: Slowking|Sludge Bomb|p2a: Rillaboom\n|-supereffective|p2a: Rillaboom\n|-damage|p2a: Rillaboom|26\/100 brn\n|\n|-heal|p2a: Rillaboom|32\/100 brn|[from] Grassy Terrain\n|-heal|p1a: Slowking|14\/100|[from] Grassy Terrain\n|-damage|p2a: Rillaboom|26\/100 brn|[from] brn\n|upkeep\n|turn|7\n|\n|t:|1700602918\n|switch|p1a: Mandibuzz|Mandibuzz, F|100\/100\n|move|p2a: Rillaboom|High Horsepower|p1a: Mandibuzz\n|-immune|p1a: Mandibuzz\n|\n|-heal|p2a: Rillaboom|32\/100 brn|[from] Grassy Terrain\n|-damage|p2a: Rillaboom|26\/100 brn|[from] brn\n|upkeep\n|turn|8\n|\n|t:|1700602924\n|move|p2a: Rillaboom|U-turn|p1a: Mandibuzz\n|-damage|p1a: Mandibuzz|93\/100\n|\n|t:|1700602930\n|switch|p2a: Magnezone|Magnezone|100\/100|[from] U-turn\n|move|p1a: Mandibuzz|Foul Play|p2a: Magnezone\n|-damage|p2a: Magnezone|85\/100\n|\n|-heal|p2a: Magnezone|91\/100|[from] Grassy Terrain\n|upkeep\n|turn|9\n|\n|t:|1700602940\n|switch|p1a: Great Tusk|Great Tusk|100\/100\n|move|p2a: Magnezone|Flash Cannon|p1a: Great Tusk\n|-damage|p1a: Great Tusk|0 fnt\n|faint|p1a: Great Tusk\n|-end|p1a: Great Tusk|Protosynthesis|[silent]\n|\n|-heal|p2a: Magnezone|97\/100|[from] Grassy Terrain\n|upkeep\n|c|\u2606Wilfred Gnonto|Dayum\n|\n|t:|1700602953\n|switch|p1a: Slowking|Slowking-Galar, F|47\/100\n|turn|10\n|inactive|Darkmaniman+Minus has 120 seconds left.\n|\n|t:|1700603000\n|move|p2a: Magnezone|Flash Cannon|p1a: Slowking\n|-damage|p1a: Slowking|0 fnt\n|faint|p1a: Slowking\n|\n|-heal|p2a: Magnezone|100\/100|[from] Grassy Terrain\n|upkeep\n|\n|t:|1700603015\n|switch|p1a: Dragonite|Dragonite, M|100\/100\n|turn|11\n|\n|t:|1700603031\n|switch|p2a: Drifblim|Drifblim, M|100\/100\n|-enditem|p2a: Drifblim|Grassy Seed\n|-boost|p2a: Drifblim|def|1|[from] item: Grassy Seed\n|move|p1a: Dragonite|Earthquake|p2a: Drifblim\n|-immune|p2a: Drifblim\n|\n|upkeep\n|turn|12\n|j| bloodyfrogkingdom\n|\n|t:|1700603047\n|switch|p1a: Mandibuzz|Mandibuzz, F|93\/100\n|move|p2a: Drifblim|Will-O-Wisp|p1a: Mandibuzz\n|-status|p1a: Mandibuzz|brn\n|\n|-damage|p1a: Mandibuzz|87\/100 brn|[from] brn\n|upkeep\n|turn|13\n|inactive|Darkmaniman+Minus has 120 seconds left.\n|\n|t:|1700603053\n|move|p2a: Drifblim|Calm Mind|p2a: Drifblim\n|-boost|p2a: Drifblim|spa|1\n|-boost|p2a: Drifblim|spd|1\n|move|p1a: Mandibuzz|Foul Play|p2a: Drifblim\n|-supereffective|p2a: Drifblim\n|-damage|p2a: Drifblim|86\/100\n|\n|-damage|p1a: Mandibuzz|81\/100 brn|[from] brn\n|-fieldend|move: Grassy Terrain\n|upkeep\n|turn|14\n|\n|t:|1700603055\n|move|p2a: Drifblim|Calm Mind|p2a: Drifblim\n|-boost|p2a: Drifblim|spa|1\n|-boost|p2a: Drifblim|spd|1\n|move|p1a: Mandibuzz|Toxic|p2a: Drifblim\n|-status|p2a: Drifblim|tox\n|\n|-damage|p2a: Drifblim|80\/100 tox|[from] psn\n|-damage|p1a: Mandibuzz|75\/100 brn|[from] brn\n|upkeep\n|turn|15\n|\n|t:|1700603060\n|move|p2a: Drifblim|Calm Mind|p2a: Drifblim\n|-boost|p2a: Drifblim|spa|1\n|-boost|p2a: Drifblim|spd|1\n|move|p1a: Mandibuzz|Foul Play|p2a: Drifblim\n|-supereffective|p2a: Drifblim\n|-damage|p2a: Drifblim|66\/100 tox\n|\n|-damage|p2a: Drifblim|54\/100 tox|[from] psn\n|-damage|p1a: Mandibuzz|68\/100 brn|[from] brn\n|upkeep\n|turn|16\n|\n|t:|1700603065\n|move|p2a: Drifblim|Shadow Ball|p1a: Mandibuzz\n|-resisted|p1a: Mandibuzz\n|-damage|p1a: Mandibuzz|36\/100 brn\n|move|p1a: Mandibuzz|Roost|p1a: Mandibuzz\n|-heal|p1a: Mandibuzz|86\/100 brn\n|-singleturn|p1a: Mandibuzz|move: Roost\n|\n|-damage|p2a: Drifblim|36\/100 tox|[from] psn\n|-damage|p1a: Mandibuzz|80\/100 brn|[from] brn\n|upkeep\n|turn|17\n|\n|t:|1700603068\n|move|p2a: Drifblim|Strength Sap|p1a: Mandibuzz\n|-unboost|p1a: Mandibuzz|atk|1\n|-heal|p2a: Drifblim|66\/100 tox\n|move|p1a: Mandibuzz|Roost|p1a: Mandibuzz\n|-heal|p1a: Mandibuzz|100\/100 brn\n|-singleturn|p1a: Mandibuzz|move: Roost\n|\n|-damage|p2a: Drifblim|42\/100 tox|[from] psn\n|-damage|p1a: Mandibuzz|94\/100 brn|[from] brn\n|upkeep\n|turn|18\n|\n|t:|1700603072\n|switch|p2a: Magnezone|Magnezone|100\/100\n|move|p1a: Mandibuzz|Foul Play|p2a: Magnezone\n|-damage|p2a: Magnezone|93\/100\n|\n|-damage|p1a: Mandibuzz|88\/100 brn|[from] brn\n|upkeep\n|turn|19\n|\n|t:|1700603082\n|switch|p1a: Rillaboom|Rillaboom, M|100\/100\n|-fieldstart|move: Grassy Terrain|[from] ability: Grassy Surge|[of] p1a: Rillaboom\n|-terastallize|p2a: Magnezone|Steel\n|move|p2a: Magnezone|Flash Cannon|p1a: Rillaboom\n|-damage|p1a: Rillaboom|0 fnt\n|faint|p1a: Rillaboom\n|\n|-heal|p2a: Magnezone|99\/100|[from] Grassy Terrain\n|upkeep\n|c|\u2606Wilfred Gnonto|Dude no way u just swept me with a specs Magnezone\n|\n|t:|1700603101\n|switch|p1a: Dragonite|Dragonite, M|100\/100\n|turn|20\n|\n|t:|1700603104\n|move|p1a: Dragonite|Earthquake|p2a: Magnezone\n|-supereffective|p2a: Magnezone\n|-damage|p2a: Magnezone|66\/100\n|move|p2a: Magnezone|Flash Cannon|p1a: Dragonite\n|-damage|p1a: Dragonite|42\/100\n|\n|-heal|p2a: Magnezone|72\/100|[from] Grassy Terrain\n|upkeep\n|turn|21\n|\n|t:|1700603110\n|move|p1a: Dragonite|Earthquake|p2a: Magnezone\n|-supereffective|p2a: Magnezone\n|-damage|p2a: Magnezone|37\/100\n|move|p2a: Magnezone|Flash Cannon|p1a: Dragonite\n|-damage|p1a: Dragonite|0 fnt\n|faint|p1a: Dragonite\n|\n|-heal|p2a: Magnezone|43\/100|[from] Grassy Terrain\n|upkeep\n|\n|t:|1700603114\n|switch|p1a: Mandibuzz|Mandibuzz, F|88\/100 brn\n|turn|22\n|c|\u2606Wilfred Gnonto|Gg\n|inactive|Darkmaniman+Minus has 120 seconds left.\n|c| bloodyfrogkingdom|bruh\n|\n|t:|1700603164\n|move|p1a: Mandibuzz|Foul Play|p2a: Magnezone\n|-damage|p2a: Magnezone|35\/100\n|move|p2a: Magnezone|Flash Cannon|p1a: Mandibuzz\n|-damage|p1a: Mandibuzz|0 fnt\n|faint|p1a: Mandibuzz\n|\n|win|Darkmaniman+Minus\n|raw|Wilfred Gnonto's rating: 1351 &rarr; <strong>1329<\/strong><br \/>(-22 for losing)\n|raw|Darkmaniman+Minus's rating: 1310 &rarr; <strong>1332<\/strong><br \/>(+22 for winning)\n|l|\u2606Wilfred Gnonto\n|l| bloodyfrogkingdom\n|j| bloodyfrogkingdom\n|l| bloodyfrogkingdom\n|j| sandveil10\n|j| Carnelian M\n|j| MeatTendon\n|l| Carnelian M\n|j| spookybeans123\n|l| MeatTendon\n|l| spookybeans123\n|j| DaddyBuzzwole\n|l| DaddyBuzzwole\n|j| bloodyfrogkingdom\n|l| bloodyfrogkingdom\n","uploadtime":1700603558,"views":8,"p1id":"wilfredgnonto","p2id":"darkmanimanminus","formatid":"gen9ou","rating":1329,"private":0,"password":""}