{"id":"gen9ou-1992522859","p1":"mummyNSFW","p2":"lugiadukiatime","format":"[Gen 9] OU","log":"|j|\u2606mummyNSFW\n|j|\u2606lugiadukiatime\n|t:|1700199130\n|gametype|singles\n|player|p1|mummyNSFW|cynthia-masters3|1279\n|player|p2|lugiadukiatime|ash|1258\n|teamsize|p1|6\n|teamsize|p2|6\n|gen|9\n|tier|[Gen 9] OU\n|rated|\n|rule|Sleep Clause Mod: Limit one foe put to sleep\n|rule|Species Clause: Limit one of each Pok\u00e9mon\n|rule|OHKO Clause: OHKO moves are banned\n|rule|Evasion Items Clause: Evasion items are banned\n|rule|Evasion Moves Clause: Evasion moves are banned\n|rule|Endless Battle Clause: Forcing endless battles is banned\n|rule|HP Percentage Mod: HP is shown in percentages\n|clearpoke\n|poke|p1|Landorus-Therian, M|\n|poke|p1|Rillaboom, M|\n|poke|p1|Iron Moth|\n|poke|p1|Staraptor, M|\n|poke|p1|Hydreigon, F|\n|poke|p1|Rotom-Wash|\n|poke|p2|Kingambit, F|\n|poke|p2|Iron Valiant|\n|poke|p2|Cresselia, F|\n|poke|p2|Great Tusk|\n|poke|p2|Sneasler, F|\n|poke|p2|Landorus-Therian, M|\n|teampreview\n|inactive|Battle timer is ON: inactive players will automatically lose when time's up. (requested by lugiadukiatime)\n|\n|t:|1700199147\n|start\n|switch|p1a: wiped u|Hydreigon, F|100\/100\n|switch|p2a: LandoTBagins|Landorus-Therian, M|100\/100\n|-ability|p2a: LandoTBagins|Intimidate|boost\n|-unboost|p1a: wiped u|atk|1\n|turn|1\n|c|\u2606lugiadukiatime|gl\n|\n|t:|1700199155\n|move|p1a: wiped u|Surf|p2a: LandoTBagins\n|-supereffective|p2a: LandoTBagins\n|-damage|p2a: LandoTBagins|0 fnt\n|faint|p2a: LandoTBagins\n|\n|upkeep\n|\n|t:|1700199163\n|switch|p2a: Floater|Cresselia, F|100\/100\n|turn|2\n|c|\u2606mummyNSFW|hf\n|\n|t:|1700199175\n|switch|p1a: jack-o-lantern|Rotom-Wash|100\/100\n|move|p2a: Floater|Calm Mind|p2a: Floater\n|-boost|p2a: Floater|spa|1\n|-boost|p2a: Floater|spd|1\n|\n|upkeep\n|turn|3\n|\n|t:|1700199182\n|move|p2a: Floater|Calm Mind|p2a: Floater\n|-boost|p2a: Floater|spa|1\n|-boost|p2a: Floater|spd|1\n|move|p1a: jack-o-lantern|Will-O-Wisp|p2a: Floater|[miss]\n|-miss|p1a: jack-o-lantern|p2a: Floater\n|\n|upkeep\n|turn|4\n|\n|t:|1700199188\n|move|p2a: Floater|Calm Mind|p2a: Floater\n|-boost|p2a: Floater|spa|1\n|-boost|p2a: Floater|spd|1\n|move|p1a: jack-o-lantern|Will-O-Wisp|p2a: Floater\n|-status|p2a: Floater|brn\n|\n|-damage|p2a: Floater|94\/100 brn|[from] brn\n|upkeep\n|turn|5\n|\n|t:|1700199201\n|move|p2a: Floater|Calm Mind|p2a: Floater\n|-boost|p2a: Floater|spa|1\n|-boost|p2a: Floater|spd|1\n|move|p1a: jack-o-lantern|Hydro Pump|p2a: Floater\n|-damage|p2a: Floater|85\/100 brn\n|\n|-heal|p2a: Floater|91\/100 brn|[from] item: Leftovers\n|-damage|p2a: Floater|85\/100 brn|[from] brn\n|upkeep\n|turn|6\n|c|\u2606mummyNSFW|i just need chip lol\n|\n|t:|1700199218\n|move|p2a: Floater|Stored Power|p1a: jack-o-lantern\n|-damage|p1a: jack-o-lantern|0 fnt\n|faint|p1a: jack-o-lantern\n|\n|-heal|p2a: Floater|91\/100 brn|[from] item: Leftovers\n|-damage|p2a: Floater|85\/100 brn|[from] brn\n|upkeep\n|c|\u2606lugiadukiatime|what chip?\n|\n|t:|1700199228\n|switch|p1a: UUbl(boy love)|Staraptor, M, shiny|100\/100\n|turn|7\n|\n|t:|1700199232\n|move|p1a: UUbl(boy love)|Double-Edge|p2a: Floater\n|-damage|p2a: Floater|46\/100 brn\n|-damage|p1a: UUbl(boy love)|82\/100|[from] Recoil\n|move|p2a: Floater|Stored Power|p1a: UUbl(boy love)\n|-damage|p1a: UUbl(boy love)|0 fnt\n|faint|p1a: UUbl(boy love)\n|\n|-heal|p2a: Floater|52\/100 brn|[from] item: Leftovers\n|-damage|p2a: Floater|46\/100 brn|[from] brn\n|upkeep\n|\n|t:|1700199246\n|switch|p1a: monke|Rillaboom, M, shiny|100\/100\n|-fieldstart|move: Grassy Terrain|[from] ability: Grassy Surge|[of] p1a: monke\n|turn|8\n|\n|t:|1700199252\n|move|p1a: monke|Knock Off|p2a: Floater\n|-supereffective|p2a: Floater\n|-damage|p2a: Floater|9\/100 brn\n|-enditem|p2a: Floater|Leftovers|[from] move: Knock Off|[of] p1a: monke\n|move|p2a: Floater|Stored Power|p1a: monke\n|-damage|p1a: monke|0 fnt\n|faint|p1a: monke\n|\n|-damage|p2a: Floater|3\/100 brn|[from] brn\n|upkeep\n|c|\u2606mummyNSFW|oof\n|c|\u2606lugiadukiatime|hits doesnt it?\n|\n|t:|1700199266\n|switch|p1a: discount rona|Iron Moth|100\/100\n|-enditem|p1a: discount rona|Booster Energy\n|-activate|p1a: discount rona|ability: Quark Drive|[fromitem]\n|-start|p1a: discount rona|quarkdrivespe\n|turn|9\n|\n|t:|1700199271\n|move|p1a: discount rona|Fiery Dance|p2a: Floater\n|-damage|p2a: Floater|0 fnt\n|faint|p2a: Floater\n|\n|upkeep\n|\n|t:|1700199280\n|switch|p2a: Horno|Great Tusk|100\/100\n|-enditem|p2a: Horno|Booster Energy\n|-activate|p2a: Horno|ability: Protosynthesis|[fromitem]\n|-start|p2a: Horno|protosynthesisspe\n|turn|10\n|\n|t:|1700199289\n|-terastallize|p1a: discount rona|Grass\n|move|p1a: discount rona|Fiery Dance|p2a: Horno\n|-damage|p2a: Horno|44\/100\n|-boost|p1a: discount rona|spa|1\n|move|p2a: Horno|Bulk Up|p2a: Horno\n|-boost|p2a: Horno|atk|1\n|-boost|p2a: Horno|def|1\n|\n|-heal|p2a: Horno|50\/100|[from] Grassy Terrain\n|upkeep\n|turn|11\n|\n|t:|1700199299\n|move|p1a: discount rona|Dazzling Gleam|p2a: Horno\n|-supereffective|p2a: Horno\n|-damage|p2a: Horno|0 fnt\n|faint|p2a: Horno\n|-end|p2a: Horno|Protosynthesis|[silent]\n|\n|upkeep\n|\n|t:|1700199304\n|switch|p2a: Gawiane|Iron Valiant, shiny|100\/100\n|-enditem|p2a: Gawiane|Booster Energy\n|-activate|p2a: Gawiane|ability: Quark Drive|[fromitem]\n|-start|p2a: Gawiane|quarkdrivespe\n|turn|12\n|\n|t:|1700199309\n|move|p2a: Gawiane|Ice Punch|p1a: discount rona\n|-supereffective|p1a: discount rona\n|-damage|p1a: discount rona|16\/100\n|move|p1a: discount rona|Sludge Wave|p2a: Gawiane\n|-supereffective|p2a: Gawiane\n|-damage|p2a: Gawiane|0 fnt\n|faint|p2a: Gawiane\n|-end|p2a: Gawiane|Quark Drive|[silent]\n|\n|-heal|p1a: discount rona|22\/100|[from] Grassy Terrain\n|-fieldend|move: Grassy Terrain\n|upkeep\n|\n|t:|1700199314\n|switch|p2a: Knight|Kingambit, F|100\/100\n|-activate|p2a: Knight|ability: Supreme Overlord\n|-start|p2a: Knight|fallen4|[silent]\n|turn|13\n|c|\u2606lugiadukiatime|yonkers!\n|\n|t:|1700199323\n|-end|p1a: discount rona|Quark Drive|[silent]\n|switch|p1a: its not lanover|Landorus-Therian, M|100\/100\n|-ability|p1a: its not lanover|Intimidate|boost\n|-unboost|p2a: Knight|atk|1\n|move|p2a: Knight|Sucker Punch||[still]\n|-fail|p2a: Knight\n|\n|upkeep\n|turn|14\n|\n|t:|1700199331\n|move|p1a: its not lanover|Earthquake|p2a: Knight\n|-supereffective|p2a: Knight\n|-damage|p2a: Knight|9\/100\n|move|p2a: Knight|Swords Dance|p2a: Knight\n|-boost|p2a: Knight|atk|2\n|\n|upkeep\n|turn|15\n|\n|t:|1700199338\n|switch|p1a: discount rona|Iron Moth, tera:Grass|22\/100\n|move|p2a: Knight|Sucker Punch||[still]\n|-fail|p2a: Knight\n|\n|upkeep\n|turn|16\n|\n|t:|1700199347\n|move|p1a: discount rona|Endure|p1a: discount rona\n|-singleturn|p1a: discount rona|move: Endure\n|move|p2a: Knight|Sucker Punch||[still]\n|-fail|p2a: Knight\n|\n|upkeep\n|turn|17\n|\n|t:|1700199355\n|move|p1a: discount rona|Fiery Dance|p2a: Knight\n|-supereffective|p2a: Knight\n|-damage|p2a: Knight|0 fnt\n|faint|p2a: Knight\n|-end|p2a: Knight|fallen4|[silent]\n|\n|upkeep\n|\n|t:|1700199357\n|switch|p2a: Sweeper|Sneasler, F, shiny|100\/100\n|-item|p2a: Sweeper|Air Balloon\n|turn|18\n|c|\u2606lugiadukiatime|wow\n|c|\u2606lugiadukiatime|ggs\n|\n|t:|1700199366\n|move|p1a: discount rona|Dazzling Gleam|p2a: Sweeper\n|-damage|p2a: Sweeper|64\/100\n|-enditem|p2a: Sweeper|Air Balloon\n|move|p2a: Sweeper|Swords Dance|p2a: Sweeper\n|-boost|p2a: Sweeper|atk|2\n|\n|upkeep\n|turn|19\n|c|\u2606mummyNSFW|im not sure\n|\n|t:|1700199374\n|move|p2a: Sweeper|Acrobatics|p1a: discount rona\n|-supereffective|p1a: discount rona\n|-damage|p1a: discount rona|0 fnt\n|faint|p1a: discount rona\n|-end|p1a: discount rona|Quark Drive|[silent]\n|\n|upkeep\n|\n|t:|1700199379\n|switch|p1a: its not lanover|Landorus-Therian, M|100\/100\n|-ability|p1a: its not lanover|Intimidate|boost\n|-unboost|p2a: Sweeper|atk|1\n|turn|20\n|c|\u2606lugiadukiatime|i thought you could one shot\n|c|\u2606lugiadukiatime|whoops\n|\n|t:|1700199386\n|move|p2a: Sweeper|Acrobatics|p1a: its not lanover\n|-damage|p1a: its not lanover|27\/100\n|move|p1a: its not lanover|Earthquake|p2a: Sweeper\n|-supereffective|p2a: Sweeper\n|-damage|p2a: Sweeper|0 fnt\n|faint|p2a: Sweeper\n|\n|win|mummyNSFW\n|raw|mummyNSFW's rating: 1279 &rarr; <strong>1302<\/strong><br \/>(+23 for winning)\n|raw|lugiadukiatime's rating: 1258 &rarr; <strong>1235<\/strong><br \/>(-23 for losing)\n|c|\u2606lugiadukiatime|ggs\n|c|\u2606lugiadukiatime|the intimate\n|c|\u2606lugiadukiatime|wp\n|c|\u2606mummyNSFW|yee\n|c|\u2606mummyNSFW|gg\n|l|\u2606lugiadukiatime\n","uploadtime":1700199405,"views":9,"p1id":"mummynsfw","p2id":"lugiadukiatime","formatid":"gen9ou","rating":1235,"private":0,"password":""}