{"id":"gen9ou-1996805039","p1":"Rekka's Tails","p2":"4th Acct To 1700","format":"[Gen 9] OU","log":"|j|\u2606Rekka's Tails\n|j|\u26064th Acct To 1700\n|t:|1700728178\n|gametype|singles\n|player|p1|Rekka's Tails|lady-gen4|1269\n|player|p2|4th Acct To 1700|clown|1298\n|teamsize|p1|6\n|teamsize|p2|6\n|gen|9\n|tier|[Gen 9] OU\n|rated|\n|rule|Sleep Clause Mod: Limit one foe put to sleep\n|rule|Species Clause: Limit one of each Pok\u00e9mon\n|rule|OHKO Clause: OHKO moves are banned\n|rule|Evasion Items Clause: Evasion items are banned\n|rule|Evasion Moves Clause: Evasion moves are banned\n|rule|Endless Battle Clause: Forcing endless battles is banned\n|rule|HP Percentage Mod: HP is shown in percentages\n|clearpoke\n|poke|p1|Maushold-Four|\n|poke|p1|Amoonguss, M|\n|poke|p1|Scizor, M|\n|poke|p1|Weavile, F|\n|poke|p1|Inteleon, F|\n|poke|p1|Kleavor, M|\n|poke|p2|Great Tusk|\n|poke|p2|Iron Moth|\n|poke|p2|Ninetales, M|\n|poke|p2|Walking Wake|\n|poke|p2|Moltres|\n|poke|p2|Dragapult, F|\n|teampreview\n|\n|t:|1700728187\n|start\n|switch|p1a: Kleavor|Kleavor, M|100\/100\n|switch|p2a: Kaido KingoBeasts|Dragapult, F, shiny|100\/100\n|turn|1\n|\n|t:|1700728193\n|move|p1a: Kleavor|Night Slash|p2a: Kaido KingoBeasts\n|-supereffective|p2a: Kaido KingoBeasts\n|-damage|p2a: Kaido KingoBeasts|3\/100\n|-start|p1a: Kleavor|Disable|Night Slash|[from] ability: Cursed Body|[of] p2a: Kaido KingoBeasts\n|move|p2a: Kaido KingoBeasts|Dragon Dance|p2a: Kaido KingoBeasts\n|-boost|p2a: Kaido KingoBeasts|atk|1\n|-boost|p2a: Kaido KingoBeasts|spe|1\n|\n|upkeep\n|turn|2\n|\n|t:|1700728199\n|switch|p1a: Scizor|Scizor, M|100\/100\n|move|p2a: Kaido KingoBeasts|Dragon Darts|p1a: Scizor\n|-resisted|p1a: Scizor\n|-damage|p1a: Scizor|83\/100\n|-anim|p2a: Kaido KingoBeasts|Dragon Darts|p1a: Scizor\n|-resisted|p1a: Scizor\n|-damage|p1a: Scizor|65\/100\n|\n|upkeep\n|turn|3\n|\n|t:|1700728208\n|switch|p2a: Ninetales|Ninetales, M|100\/100\n|-weather|SunnyDay|[from] ability: Drought|[of] p2a: Ninetales\n|move|p1a: Scizor|Bullet Punch|p2a: Ninetales\n|-resisted|p2a: Ninetales\n|-damage|p2a: Ninetales|62\/100\n|\n|-weather|SunnyDay|[upkeep]\n|upkeep\n|turn|4\n|\n|t:|1700728216\n|move|p1a: Scizor|Bullet Punch|p2a: Ninetales\n|-resisted|p2a: Ninetales\n|-damage|p2a: Ninetales|26\/100\n|move|p2a: Ninetales|Flame Charge|p1a: Scizor\n|-supereffective|p1a: Scizor\n|-crit|p1a: Scizor\n|-damage|p1a: Scizor|0 fnt\n|-boost|p2a: Ninetales|spe|1\n|faint|p1a: Scizor\n|\n|-weather|SunnyDay|[upkeep]\n|upkeep\n|\n|t:|1700728219\n|switch|p1a: Kleavor|Kleavor, M|100\/100\n|turn|5\n|\n|t:|1700728226\n|move|p2a: Ninetales|Flamethrower|p1a: Kleavor\n|-damage|p1a: Kleavor|19\/100\n|move|p1a: Kleavor|Stone Axe|p2a: Ninetales\n|-supereffective|p2a: Ninetales\n|-damage|p2a: Ninetales|0 fnt\n|-sidestart|p2: 4th Acct To 1700|move: Stealth Rock\n|faint|p2a: Ninetales\n|\n|-weather|SunnyDay|[upkeep]\n|upkeep\n|\n|t:|1700728235\n|switch|p2a: Great Tusk|Great Tusk|100\/100\n|-damage|p2a: Great Tusk|98\/100|[from] Stealth Rock\n|-activate|p2a: Great Tusk|ability: Protosynthesis\n|-start|p2a: Great Tusk|protosynthesisdef\n|turn|6\n|\n|t:|1700728239\n|switch|p1a: Amoonguss|Amoonguss, M, shiny|100\/100\n|move|p2a: Great Tusk|Rapid Spin|p1a: Amoonguss\n|-damage|p1a: Amoonguss|88\/100\n|-boost|p2a: Great Tusk|spe|1\n|-sideend|p2: 4th Acct To 1700|Stealth Rock|[from] move: Rapid Spin|[of] p2a: Great Tusk\n|-enditem|p1a: Amoonguss|Red Card|[of] p2a: Great Tusk\n|-end|p2a: Great Tusk|Protosynthesis|[silent]\n|drag|p2a: Kaido KingoBeasts|Dragapult, F, shiny|3\/100\n|\n|-weather|SunnyDay|[upkeep]\n|upkeep\n|turn|7\n|\n|t:|1700728253\n|move|p2a: Kaido KingoBeasts|Will-O-Wisp|p1a: Amoonguss\n|-status|p1a: Amoonguss|brn\n|move|p1a: Amoonguss|Sludge Bomb|p2a: Kaido KingoBeasts\n|-resisted|p2a: Kaido KingoBeasts\n|-damage|p2a: Kaido KingoBeasts|0 fnt\n|faint|p2a: Kaido KingoBeasts\n|\n|-weather|SunnyDay|[upkeep]\n|-damage|p1a: Amoonguss|82\/100 brn|[from] brn\n|upkeep\n|\n|t:|1700728263\n|switch|p2a: Moltres|Moltres|100\/100\n|turn|8\n|\n|t:|1700728269\n|switch|p1a: Weavile|Weavile, F|100\/100\n|-ability|p1a: Weavile|Pressure\n|move|p2a: Moltres|Air Slash|p1a: Weavile\n|-damage|p1a: Weavile|55\/100\n|\n|-weather|SunnyDay|[upkeep]\n|upkeep\n|turn|9\n|\n|t:|1700728273\n|move|p1a: Weavile|Knock Off|p2a: Moltres\n|-damage|p2a: Moltres|43\/100\n|-enditem|p2a: Moltres|Leftovers|[from] move: Knock Off|[of] p1a: Weavile\n|-damage|p1a: Weavile|45\/100|[from] item: Life Orb\n|move|p2a: Moltres|Flamethrower|p1a: Weavile\n|-supereffective|p1a: Weavile\n|-crit|p1a: Weavile\n|-damage|p1a: Weavile|0 fnt\n|faint|p1a: Weavile\n|\n|-weather|SunnyDay|[upkeep]\n|upkeep\n|\n|t:|1700728275\n|switch|p1a: Kleavor|Kleavor, M|19\/100\n|turn|10\n|\n|t:|1700728280\n|move|p1a: Kleavor|Stone Axe|p2a: Moltres\n|-supereffective|p2a: Moltres\n|-damage|p2a: Moltres|0 fnt\n|-status|p1a: Kleavor|brn|[from] ability: Flame Body|[of] p2a: Moltres\n|-sidestart|p2: 4th Acct To 1700|move: Stealth Rock\n|faint|p2a: Moltres\n|\n|-weather|none\n|-damage|p1a: Kleavor|13\/100 brn|[from] brn\n|upkeep\n|\n|t:|1700728288\n|switch|p2a: Great Tusk|Great Tusk|98\/100\n|-damage|p2a: Great Tusk|95\/100|[from] Stealth Rock\n|turn|11\n|\n|t:|1700728292\n|switch|p1a: Amoonguss|Amoonguss, M, shiny|100\/100 brn\n|move|p2a: Great Tusk|Rapid Spin|p1a: Amoonguss\n|-damage|p1a: Amoonguss|90\/100 brn\n|-boost|p2a: Great Tusk|spe|1\n|-sideend|p2: 4th Acct To 1700|Stealth Rock|[from] move: Rapid Spin|[of] p2a: Great Tusk\n|\n|-damage|p1a: Amoonguss|84\/100 brn|[from] brn\n|upkeep\n|turn|12\n|\n|t:|1700728296\n|-terastallize|p2a: Great Tusk|Ice\n|move|p2a: Great Tusk|Ice Spinner|p1a: Amoonguss\n|-supereffective|p1a: Amoonguss\n|-damage|p1a: Amoonguss|32\/100 brn\n|move|p1a: Amoonguss|Spore|p2a: Great Tusk\n|-status|p2a: Great Tusk|slp|[from] move: Spore\n|\n|-damage|p1a: Amoonguss|26\/100 brn|[from] brn\n|upkeep\n|turn|13\n|\n|t:|1700728301\n|switch|p1a: Maushold|Maushold-Four|100\/100\n|cant|p2a: Great Tusk|slp\n|\n|upkeep\n|turn|14\n|\n|t:|1700728303\n|-curestatus|p2a: Great Tusk|slp|[msg]\n|move|p2a: Great Tusk|Earthquake|p1a: Maushold\n|-damage|p1a: Maushold|27\/100\n|move|p1a: Maushold|Tidy Up|p1a: Maushold\n|-boost|p1a: Maushold|atk|1\n|-boost|p1a: Maushold|spe|1\n|\n|upkeep\n|turn|15\n|\n|t:|1700728308\n|move|p1a: Maushold|Population Bomb|p2a: Great Tusk\n|-damage|p2a: Great Tusk|84\/100\n|-damage|p2a: Great Tusk|72\/100\n|-damage|p2a: Great Tusk|62\/100\n|-damage|p2a: Great Tusk|51\/100\n|-damage|p2a: Great Tusk|40\/100\n|-damage|p2a: Great Tusk|29\/100\n|-damage|p2a: Great Tusk|18\/100\n|-damage|p2a: Great Tusk|8\/100\n|-damage|p2a: Great Tusk|0 fnt\n|faint|p2a: Great Tusk\n|-end|p2a: Great Tusk|Protosynthesis|[silent]\n|-hitcount|p2: Great Tusk|9\n|\n|upkeep\n|\n|t:|1700728315\n|switch|p2a: Walking Wake|Walking Wake|100\/100\n|turn|16\n|\n|t:|1700728318\n|move|p1a: Maushold|Population Bomb|p2a: Walking Wake\n|-damage|p2a: Walking Wake|83\/100\n|-damage|p2a: Walking Wake|64\/100\n|-damage|p2a: Walking Wake|44\/100\n|-damage|p2a: Walking Wake|25\/100\n|-damage|p2a: Walking Wake|7\/100\n|-damage|p2a: Walking Wake|0 fnt\n|faint|p2a: Walking Wake\n|-end|p2a: Walking Wake|Protosynthesis|[silent]\n|-hitcount|p2: Walking Wake|6\n|\n|upkeep\n|\n|t:|1700728320\n|switch|p2a: Iron Moth|Iron Moth|100\/100\n|-enditem|p2a: Iron Moth|Booster Energy\n|-activate|p2a: Iron Moth|ability: Quark Drive|[fromitem]\n|-start|p2a: Iron Moth|quarkdrivespe\n|turn|17\n|\n|t:|1700728331\n|move|p1a: Maushold|Population Bomb|p2a: Iron Moth\n|-damage|p2a: Iron Moth|76\/100\n|-damage|p2a: Iron Moth|52\/100\n|-damage|p2a: Iron Moth|28\/100\n|-damage|p2a: Iron Moth|4\/100\n|-damage|p2a: Iron Moth|0 fnt\n|faint|p2a: Iron Moth\n|-end|p2a: Iron Moth|Quark Drive|[silent]\n|-hitcount|p2: Iron Moth|5\n|\n|win|Rekka's Tails\n|raw|Rekka&apos;s Tails's rating: 1269 &rarr; <strong>1296<\/strong><br \/>(+27 for winning)\n|raw|4th Acct To 1700's rating: 1298 &rarr; <strong>1271<\/strong><br \/>(-27 for losing)\n|l|\u26064th Acct To 1700\n","uploadtime":1700728345,"views":4,"p1id":"rekkastails","p2id":"4thacctto1700","formatid":"gen9ou","rating":1271,"private":0,"password":""}