{"id":"gen9ou-1997714367","p1":"Brakeyoke","p2":"VanhominTest","format":"[Gen 9] OU","log":"|j|\u2606Brakeyoke\n|j|\u2606VanhominTest\n|t:|1700844816\n|gametype|singles\n|player|p1|Brakeyoke|idol|1346\n|player|p2|VanhominTest|scientist-gen4|1401\n|teamsize|p1|6\n|teamsize|p2|6\n|gen|9\n|tier|[Gen 9] OU\n|rated|\n|rule|Sleep Clause Mod: Limit one foe put to sleep\n|rule|Species Clause: Limit one of each Pok\u00e9mon\n|rule|OHKO Clause: OHKO moves are banned\n|rule|Evasion Items Clause: Evasion items are banned\n|rule|Evasion Moves Clause: Evasion moves are banned\n|rule|Endless Battle Clause: Forcing endless battles is banned\n|rule|HP Percentage Mod: HP is shown in percentages\n|clearpoke\n|poke|p1|Dragapult, F|\n|poke|p1|Corviknight, M|\n|poke|p1|Floatzel, F|\n|poke|p1|Pelipper, F|\n|poke|p1|Pawmot, F|\n|poke|p1|Kilowattrel, M|\n|poke|p2|Ditto|\n|poke|p2|Ninetales-Alola, F|\n|poke|p2|Garganacl, M|\n|poke|p2|Ursaluna, M|\n|poke|p2|Enamorus, F|\n|poke|p2|Corviknight, F|\n|teampreview\n|inactive|Battle timer is ON: inactive players will automatically lose when time's up. (requested by VanhominTest)\n|c|\u2606Brakeyoke|glhf\n|\n|t:|1700844844\n|start\n|switch|p1a: Pelipper|Pelipper, F, shiny|100\/100\n|switch|p2a: Giiwedin|Ninetales-Alola, F|100\/100\n|-weather|Snow|[from] ability: Snow Warning|[of] p2a: Giiwedin\n|-weather|RainDance|[from] ability: Drizzle|[of] p1a: Pelipper\n|turn|1\n|\n|t:|1700844849\n|move|p2a: Giiwedin|Freeze-Dry|p1a: Pelipper\n|-supereffective|p1a: Pelipper\n|-damage|p1a: Pelipper|0 fnt\n|faint|p1a: Pelipper\n|\n|-weather|RainDance|[upkeep]\n|upkeep\n|\n|t:|1700844853\n|switch|p1a: Floatzel|Floatzel, F, shiny|100\/100\n|turn|2\n|\n|t:|1700844857\n|switch|p2a: Mordred|Corviknight, F|100\/100\n|-ability|p2a: Mordred|Pressure\n|move|p1a: Floatzel|Wave Crash|p2a: Mordred\n|-damage|p2a: Mordred|27\/100\n|-damage|p1a: Floatzel|84\/100|[from] item: Rocky Helmet|[of] p2a: Mordred\n|-damage|p1a: Floatzel|53\/100|[from] Recoil\n|\n|-weather|RainDance|[upkeep]\n|upkeep\n|turn|3\n|\n|t:|1700844875\n|move|p1a: Floatzel|Wave Crash|p2a: Mordred\n|-damage|p2a: Mordred|0 fnt\n|-damage|p1a: Floatzel|37\/100|[from] item: Rocky Helmet|[of] p2a: Mordred\n|faint|p2a: Mordred\n|-damage|p1a: Floatzel|25\/100|[from] Recoil\n|\n|-weather|RainDance|[upkeep]\n|upkeep\n|\n|t:|1700844878\n|switch|p2a: Giiwedin|Ninetales-Alola, F|100\/100\n|-weather|Snow|[from] ability: Snow Warning|[of] p2a: Giiwedin\n|turn|4\n|\n|t:|1700844889\n|move|p2a: Giiwedin|Aurora Veil|p2a: Giiwedin\n|-sidestart|p2: VanhominTest|move: Aurora Veil\n|move|p1a: Floatzel|Wave Crash|p2a: Giiwedin\n|-damage|p2a: Giiwedin|66\/100\n|-damage|p1a: Floatzel|13\/100|[from] Recoil\n|\n|-weather|Snow|[upkeep]\n|upkeep\n|turn|5\n|\n|t:|1700844895\n|switch|p1a: Corviknight|Corviknight, M, shiny|100\/100\n|-ability|p1a: Corviknight|Pressure\n|move|p2a: Giiwedin|Freeze-Dry|p1a: Corviknight\n|-damage|p1a: Corviknight|86\/100\n|\n|-weather|Snow|[upkeep]\n|upkeep\n|turn|6\n|inactive|Brakeyoke has 120 seconds left.\n|\n|t:|1700844929\n|move|p2a: Giiwedin|Freeze-Dry|p1a: Corviknight\n|-damage|p1a: Corviknight|71\/100\n|move|p1a: Corviknight|Defog|p2a: Giiwedin\n|-unboost|p2a: Giiwedin|evasion|1\n|-sideend|p2: VanhominTest|move: Aurora Veil\n|\n|-weather|Snow|[upkeep]\n|upkeep\n|turn|7\n|\n|t:|1700844932\n|move|p2a: Giiwedin|Encore|p1a: Corviknight\n|-start|p1a: Corviknight|Encore\n|move|p1a: Corviknight|Defog|p2a: Giiwedin\n|-unboost|p2a: Giiwedin|evasion|1\n|\n|-weather|Snow|[upkeep]\n|upkeep\n|turn|8\n|\n|t:|1700844939\n|move|p2a: Giiwedin|Freeze-Dry|p1a: Corviknight\n|-damage|p1a: Corviknight|56\/100\n|move|p1a: Corviknight|Defog|p2a: Giiwedin\n|-unboost|p2a: Giiwedin|evasion|1\n|\n|-weather|none\n|upkeep\n|turn|9\n|\n|t:|1700844945\n|move|p2a: Giiwedin|Freeze-Dry|p1a: Corviknight\n|-damage|p1a: Corviknight|43\/100\n|move|p1a: Corviknight|Defog|p2a: Giiwedin\n|-unboost|p2a: Giiwedin|evasion|1\n|\n|-end|p1a: Corviknight|Encore\n|upkeep\n|turn|10\n|\n|t:|1700844950\n|move|p2a: Giiwedin|Encore|p1a: Corviknight\n|-start|p1a: Corviknight|Encore\n|move|p1a: Corviknight|Defog|p2a: Giiwedin\n|-unboost|p2a: Giiwedin|evasion|1\n|\n|upkeep\n|turn|11\n|\n|t:|1700844955\n|switch|p1a: Pawmot|Pawmot, F, shiny|100\/100\n|move|p2a: Giiwedin|Moonblast|p1a: Pawmot\n|-supereffective|p1a: Pawmot\n|-damage|p1a: Pawmot|20\/100\n|\n|upkeep\n|turn|12\n|inactive|Brakeyoke has 120 seconds left.\n|inactive|Brakeyoke has 90 seconds left.\n|inactive|Brakeyoke has 60 seconds left.\n|inactive|Brakeyoke has 30 seconds left.\n|\n|t:|1700845079\n|switch|p1a: Corviknight|Corviknight, M, shiny|43\/100\n|-ability|p1a: Corviknight|Pressure\n|move|p2a: Giiwedin|Moonblast|p1a: Corviknight\n|-resisted|p1a: Corviknight\n|-damage|p1a: Corviknight|34\/100\n|-unboost|p1a: Corviknight|spa|1\n|\n|upkeep\n|turn|13\n|\n|t:|1700845086\n|move|p2a: Giiwedin|Freeze-Dry|p1a: Corviknight\n|-damage|p1a: Corviknight|21\/100\n|move|p1a: Corviknight|Roost|p1a: Corviknight\n|-heal|p1a: Corviknight|71\/100\n|-singleturn|p1a: Corviknight|move: Roost\n|\n|upkeep\n|turn|14\n|\n|t:|1700845090\n|move|p2a: Giiwedin|Encore|p1a: Corviknight\n|-start|p1a: Corviknight|Encore\n|move|p1a: Corviknight|Roost|p1a: Corviknight\n|-heal|p1a: Corviknight|100\/100\n|-singleturn|p1a: Corviknight|move: Roost\n|\n|upkeep\n|turn|15\n|\n|t:|1700845105\n|switch|p2a: Enamorus|Enamorus, F|100\/100\n|switch|p1a: Floatzel|Floatzel, F, shiny|13\/100\n|\n|upkeep\n|turn|16\n|\n|t:|1700845119\n|move|p1a: Floatzel|Aqua Jet|p2a: Enamorus\n|-damage|p2a: Enamorus|57\/100\n|move|p2a: Enamorus|Moonblast|p1a: Floatzel\n|-damage|p1a: Floatzel|0 fnt\n|faint|p1a: Floatzel\n|\n|-heal|p2a: Enamorus|63\/100|[from] item: Leftovers\n|upkeep\n|\n|t:|1700845141\n|switch|p1a: Dragapult|Dragapult, F, shiny|100\/100\n|turn|17\n|\n|t:|1700845147\n|move|p1a: Dragapult|Flamethrower|p2a: Enamorus\n|-damage|p2a: Enamorus|24\/100\n|-status|p2a: Enamorus|brn\n|move|p2a: Enamorus|Moonblast|p1a: Dragapult\n|-supereffective|p1a: Dragapult\n|-crit|p1a: Dragapult\n|-damage|p1a: Dragapult|0 fnt\n|faint|p1a: Dragapult\n|\n|-heal|p2a: Enamorus|30\/100 brn|[from] item: Leftovers\n|-damage|p2a: Enamorus|24\/100 brn|[from] brn\n|upkeep\n|\n|t:|1700845156\n|switch|p1a: Corviknight|Corviknight, M, shiny|100\/100\n|-ability|p1a: Corviknight|Pressure\n|turn|18\n|\n|t:|1700845164\n|switch|p2a: Giiwedin|Ninetales-Alola, F|66\/100\n|-weather|Snow|[from] ability: Snow Warning|[of] p2a: Giiwedin\n|move|p1a: Corviknight|Iron Head|p2a: Giiwedin\n|-supereffective|p2a: Giiwedin\n|-damage|p2a: Giiwedin|0 fnt\n|faint|p2a: Giiwedin\n|\n|-weather|Snow|[upkeep]\n|upkeep\n|\n|t:|1700845173\n|switch|p2a: Makwa|Ursaluna, M, shiny|100\/100\n|turn|19\n|inactive|Brakeyoke has 60 seconds left.\n|\n|t:|1700845207\n|move|p2a: Makwa|Bulk Up|p2a: Makwa\n|-boost|p2a: Makwa|atk|1\n|-boost|p2a: Makwa|def|1\n|move|p1a: Corviknight|U-turn|p2a: Makwa\n|-damage|p2a: Makwa|94\/100\n|\n|t:|1700845210\n|switch|p1a: Pawmot|Pawmot, F, shiny|20\/100|[from] U-turn\n|\n|-weather|Snow|[upkeep]\n|-status|p2a: Makwa|brn|[from] item: Flame Orb\n|upkeep\n|turn|20\n|\n|t:|1700845217\n|move|p1a: Pawmot|Encore|p2a: Makwa\n|-start|p2a: Makwa|Encore\n|move|p2a: Makwa|Bulk Up|p2a: Makwa\n|-boost|p2a: Makwa|atk|1\n|-boost|p2a: Makwa|def|1\n|\n|-weather|Snow|[upkeep]\n|-damage|p2a: Makwa|88\/100 brn|[from] brn\n|upkeep\n|turn|21\n|\n|t:|1700845227\n|switch|p2a: Recursion|Ditto|100\/100\n|-transform|p2a: Recursion|p1a: Pawmot|[from] ability: Imposter\n|move|p1a: Pawmot|Revival Blessing|p1a: Pawmot\n|-enditem|p1a: Pawmot|Leppa Berry|[eat]\n|-activate|p1a: Pawmot|item: Leppa Berry|Revival Blessing|[consumed]\n|\n|t:|1700845256\n|-heal|p1: Pelipper|50\/100|[from] move: Revival Blessing\n|\n|-weather|Snow|[upkeep]\n|upkeep\n|turn|22\n|\n|t:|1700845263\n|switch|p1a: Corviknight|Corviknight, M, shiny|100\/100\n|-ability|p1a: Corviknight|Pressure\n|move|p2a: Recursion|Revival Blessing|p2a: Recursion\n|\n|t:|1700845268\n|-heal|p2: Giiwedin|50\/100|[from] move: Revival Blessing\n|\n|-weather|none\n|upkeep\n|turn|23\n|\n|t:|1700845278\n|switch|p2a: Makwa|Ursaluna, M, shiny|88\/100 brn\n|move|p1a: Corviknight|U-turn|p2a: Makwa\n|-damage|p2a: Makwa|78\/100 brn\n|inactive|Brakeyoke has 30 seconds left.\n|inactive|Brakeyoke has 20 seconds left.\n|inactive|Brakeyoke has 15 seconds left.\n|inactive|Brakeyoke has 10 seconds left.\n|inactive|Brakeyoke has 5 seconds left.\n|-message|Brakeyoke lost due to inactivity.\n|\n|win|VanhominTest\n|raw|Brakeyoke's rating: 1346 &rarr; <strong>1329<\/strong><br \/>(-17 for losing)\n|raw|VanhominTest's rating: 1401 &rarr; <strong>1418<\/strong><br \/>(+17 for winning)\n|l|\u2606Brakeyoke\n","uploadtime":1700845338,"views":14,"p1id":"brakeyoke","p2id":"vanhomintest","formatid":"gen9ou","rating":1329,"private":0,"password":""}