{"id":"gen9ou-1996363855","p1":"MilanJG","p2":"DeathMelMetal","format":"[Gen 9] OU","log":"|j|\u2606MilanJG\n|j|\u2606DeathMelMetal\n|t:|1700674952\n|gametype|singles\n|player|p1|MilanJG|chuck|1236\n|player|p2|DeathMelMetal|cheren-gen5bw2|1331\n|teamsize|p1|6\n|teamsize|p2|6\n|gen|9\n|tier|[Gen 9] OU\n|rated|\n|rule|Sleep Clause Mod: Limit one foe put to sleep\n|rule|Species Clause: Limit one of each Pok\u00e9mon\n|rule|OHKO Clause: OHKO moves are banned\n|rule|Evasion Items Clause: Evasion items are banned\n|rule|Evasion Moves Clause: Evasion moves are banned\n|rule|Endless Battle Clause: Forcing endless battles is banned\n|rule|HP Percentage Mod: HP is shown in percentages\n|clearpoke\n|poke|p1|Samurott-Hisui, M|\n|poke|p1|Dragonite, M|\n|poke|p1|Great Tusk|\n|poke|p1|Manaphy|\n|poke|p1|Amoonguss, M|\n|poke|p1|Cinderace, F|\n|poke|p2|Empoleon, M|\n|poke|p2|Zapdos|\n|poke|p2|Weavile, M|\n|poke|p2|Slowking-Galar, M|\n|poke|p2|Great Tusk|\n|poke|p2|Enamorus, F|\n|teampreview\n|\n|t:|1700674962\n|start\n|switch|p1a: Cinderace|Cinderace, F|100\/100\n|switch|p2a: Zapdos|Zapdos|100\/100\n|turn|1\n|\n|t:|1700674978\n|move|p1a: Cinderace|Pyro Ball|p2a: Zapdos\n|-damage|p2a: Zapdos|58\/100\n|move|p2a: Zapdos|Thunder Wave|p1a: Cinderace\n|-status|p1a: Cinderace|par\n|\n|upkeep\n|turn|2\n|\n|t:|1700674984\n|move|p2a: Zapdos|Roost|p2a: Zapdos\n|-heal|p2a: Zapdos|100\/100\n|-singleturn|p2a: Zapdos|move: Roost\n|move|p1a: Cinderace|U-turn|p2a: Zapdos\n|-start|p1a: Cinderace|typechange|Bug|[from] ability: Libero\n|-damage|p2a: Zapdos|78\/100\n|-damage|p1a: Cinderace|84\/100 par|[from] item: Rocky Helmet|[of] p2a: Zapdos\n|\n|t:|1700675003\n|switch|p1a: Amoonguss|Amoonguss, M|100\/100|[from] U-turn\n|\n|upkeep\n|turn|3\n|\n|t:|1700675023\n|move|p2a: Zapdos|Volt Switch|p1a: Amoonguss\n|-resisted|p1a: Amoonguss\n|-damage|p1a: Amoonguss|89\/100\n|\n|t:|1700675034\n|switch|p2a: Great Tusk|Great Tusk|100\/100|[from] Volt Switch\n|move|p1a: Amoonguss|Toxic|p2a: Great Tusk\n|-status|p2a: Great Tusk|tox\n|\n|-heal|p1a: Amoonguss|95\/100|[from] item: Leftovers\n|-damage|p2a: Great Tusk|94\/100 tox|[from] psn\n|upkeep\n|turn|4\n|\n|t:|1700675043\n|move|p2a: Great Tusk|Knock Off|p1a: Amoonguss\n|-damage|p1a: Amoonguss|72\/100\n|-enditem|p1a: Amoonguss|Leftovers|[from] move: Knock Off|[of] p2a: Great Tusk\n|move|p1a: Amoonguss|Giga Drain|p2a: Great Tusk\n|-supereffective|p2a: Great Tusk\n|-damage|p2a: Great Tusk|34\/100 tox\n|-heal|p1a: Amoonguss|100\/100|[from] drain|[of] p2a: Great Tusk\n|\n|-heal|p2a: Great Tusk|41\/100 tox|[from] item: Leftovers\n|-damage|p2a: Great Tusk|28\/100 tox|[from] psn\n|upkeep\n|turn|5\n|\n|t:|1700675053\n|-end|p2a: Great Tusk|Protosynthesis|[silent]\n|switch|p2a: Slowking|Slowking-Galar, M, shiny|100\/100\n|move|p1a: Amoonguss|Spore|p2a: Slowking\n|-status|p2a: Slowking|slp|[from] move: Spore\n|\n|upkeep\n|turn|6\n|\n|t:|1700675065\n|switch|p1a: Samurott|Samurott-Hisui, M|100\/100\n|cant|p2a: Slowking|slp\n|\n|upkeep\n|turn|7\n|\n|t:|1700675076\n|switch|p2a: Enamorus|Enamorus, F, shiny|100\/100\n|move|p1a: Samurott|Ceaseless Edge|p2a: Enamorus|[miss]\n|-miss|p1a: Samurott|p2a: Enamorus\n|\n|upkeep\n|turn|8\n|\n|t:|1700675088\n|switch|p1a: Amoonguss|Amoonguss, M|100\/100\n|move|p2a: Enamorus|Moonblast|p1a: Amoonguss\n|-resisted|p1a: Amoonguss\n|-damage|p1a: Amoonguss|82\/100\n|-unboost|p1a: Amoonguss|spa|1\n|\n|upkeep\n|turn|9\n|\n|t:|1700675096\n|switch|p2a: Slowking|Slowking-Galar, M, shiny|100\/100 slp\n|move|p1a: Amoonguss|Toxic||[still]\n|-fail|p1a: Amoonguss\n|\n|upkeep\n|turn|10\n|\n|t:|1700675102\n|switch|p1a: Samurott|Samurott-Hisui, M|100\/100\n|-curestatus|p2a: Slowking|slp|[msg]\n|move|p2a: Slowking|Future Sight|p1a: Samurott\n|-start|p2a: Slowking|move: Future Sight\n|\n|upkeep\n|turn|11\n|\n|t:|1700675119\n|switch|p2a: Great Tusk|Great Tusk|28\/100 tox\n|move|p1a: Samurott|Razor Shell|p2a: Great Tusk\n|-supereffective|p2a: Great Tusk\n|-damage|p2a: Great Tusk|0 fnt\n|faint|p2a: Great Tusk\n|-end|p2a: Great Tusk|Protosynthesis|[silent]\n|\n|upkeep\n|\n|t:|1700675126\n|switch|p2a: Enamorus|Enamorus, F, shiny|100\/100\n|turn|12\n|\n|t:|1700675134\n|switch|p1a: Cinderace|Cinderace, F|84\/100 par\n|move|p2a: Enamorus|Moonblast|p1a: Cinderace\n|-resisted|p1a: Cinderace\n|-damage|p1a: Cinderace|50\/100 par\n|-unboost|p1a: Cinderace|spa|1\n|\n|-end|p1a: Cinderace|move: Future Sight\n|-damage|p1a: Cinderace|0 fnt\n|faint|p1a: Cinderace\n|upkeep\n|\n|t:|1700675152\n|switch|p1a: Manaphy|Manaphy|100\/100\n|turn|13\n|\n|t:|1700675168\n|switch|p2a: Empoleon|Empoleon, M|100\/100\n|move|p1a: Manaphy|Tail Glow|p1a: Manaphy\n|-boost|p1a: Manaphy|spa|3\n|\n|upkeep\n|turn|14\n|\n|t:|1700675174\n|move|p1a: Manaphy|Scald|p2a: Empoleon\n|-resisted|p2a: Empoleon\n|-damage|p2a: Empoleon|77\/100\n|move|p2a: Empoleon|Flip Turn|p1a: Manaphy\n|-resisted|p1a: Manaphy\n|-damage|p1a: Manaphy|93\/100\n|\n|t:|1700675183\n|switch|p2a: Weavile|Weavile, M|100\/100|[from] Flip Turn\n|\n|-heal|p1a: Manaphy|99\/100|[from] item: Leftovers\n|upkeep\n|turn|15\n|\n|t:|1700675202\n|-terastallize|p2a: Weavile|Dark\n|move|p2a: Weavile|Knock Off|p1a: Manaphy\n|-damage|p1a: Manaphy|24\/100\n|-enditem|p1a: Manaphy|Leftovers|[from] move: Knock Off|[of] p2a: Weavile\n|move|p1a: Manaphy|Scald|p2a: Weavile\n|-damage|p2a: Weavile|0 fnt\n|faint|p2a: Weavile\n|\n|upkeep\n|\n|t:|1700675205\n|switch|p2a: Enamorus|Enamorus, F, shiny|100\/100\n|turn|16\n|\n|t:|1700675215\n|switch|p1a: Amoonguss|Amoonguss, M|100\/100\n|move|p2a: Enamorus|Mystical Fire|p1a: Amoonguss\n|-supereffective|p1a: Amoonguss\n|-damage|p1a: Amoonguss|61\/100\n|-unboost|p1a: Amoonguss|spa|1\n|\n|upkeep\n|turn|17\n|\n|t:|1700675248\n|switch|p2a: Empoleon|Empoleon, M|77\/100\n|move|p1a: Amoonguss|Spore|p2a: Empoleon\n|-status|p2a: Empoleon|slp|[from] move: Spore\n|\n|-heal|p2a: Empoleon|83\/100 slp|[from] item: Leftovers\n|upkeep\n|turn|18\n|\n|t:|1700675262\n|switch|p2a: Enamorus|Enamorus, F, shiny|100\/100\n|switch|p1a: Samurott|Samurott-Hisui, M|100\/100\n|\n|upkeep\n|turn|19\n|\n|t:|1700675272\n|move|p2a: Enamorus|Moonblast|p1a: Samurott\n|-supereffective|p1a: Samurott\n|-damage|p1a: Samurott|0 fnt\n|faint|p1a: Samurott\n|\n|upkeep\n|\n|t:|1700675280\n|switch|p1a: Manaphy|Manaphy|24\/100\n|turn|20\n|\n|t:|1700675283\n|move|p2a: Enamorus|Moonblast|p1a: Manaphy\n|-damage|p1a: Manaphy|0 fnt\n|faint|p1a: Manaphy\n|\n|upkeep\n|\n|t:|1700675288\n|switch|p1a: Amoonguss|Amoonguss, M|94\/100\n|turn|21\n|\n|t:|1700675295\n|switch|p2a: Empoleon|Empoleon, M|83\/100 slp\n|switch|p1a: Great Tusk|Great Tusk|100\/100\n|-enditem|p1a: Great Tusk|Booster Energy\n|-activate|p1a: Great Tusk|ability: Protosynthesis|[fromitem]\n|-start|p1a: Great Tusk|protosynthesisspe\n|\n|-heal|p2a: Empoleon|89\/100 slp|[from] item: Leftovers\n|upkeep\n|turn|22\n|\n|t:|1700675307\n|switch|p2a: Enamorus|Enamorus, F, shiny|100\/100\n|move|p1a: Great Tusk|Stealth Rock|p2a: Enamorus\n|-sidestart|p2: DeathMelMetal|move: Stealth Rock\n|\n|upkeep\n|turn|23\n|\n|t:|1700675337\n|move|p2a: Enamorus|Moonblast|p1a: Great Tusk\n|-supereffective|p1a: Great Tusk\n|-damage|p1a: Great Tusk|0 fnt\n|faint|p1a: Great Tusk\n|-end|p1a: Great Tusk|Protosynthesis|[silent]\n|\n|upkeep\n|-message|MilanJG forfeited.\n|\n|win|DeathMelMetal\n|raw|MilanJG's rating: 1236 &rarr; <strong>1218<\/strong><br \/>(-18 for losing)\n|raw|DeathMelMetal's rating: 1331 &rarr; <strong>1346<\/strong><br \/>(+15 for winning)\n|l|\u2606MilanJG\n","uploadtime":1700675359,"views":2,"p1id":"milanjg","p2id":"deathmelmetal","formatid":"gen9ou","rating":1218,"private":0,"password":""}