{"id":"gen9ou-1991126484","p1":"malk tyme","p2":"OUHF Zam Zam","format":"[Gen 9] OU","log":"|j|\u2606malk tyme\n|j|\u2606OUHF Zam Zam\n|t:|1700046972\n|gametype|singles\n|player|p1|malk tyme|170|1720\n|player|p2|OUHF Zam Zam|palmer|1892\n|teamsize|p1|6\n|teamsize|p2|6\n|gen|9\n|tier|[Gen 9] OU\n|rated|\n|rule|Sleep Clause Mod: Limit one foe put to sleep\n|rule|Species Clause: Limit one of each Pok\u00e9mon\n|rule|OHKO Clause: OHKO moves are banned\n|rule|Evasion Items Clause: Evasion items are banned\n|rule|Evasion Moves Clause: Evasion moves are banned\n|rule|Endless Battle Clause: Forcing endless battles is banned\n|rule|HP Percentage Mod: HP is shown in percentages\n|clearpoke\n|poke|p1|Mew|\n|poke|p1|Grimmsnarl, M|\n|poke|p1|Kommo-o, F|\n|poke|p1|Veluza, M|\n|poke|p1|Iron Hands|\n|poke|p1|Mamoswine, M|\n|poke|p2|Weavile, F|\n|poke|p2|Zapdos|\n|poke|p2|Great Tusk|\n|poke|p2|Slowking-Galar, M|\n|poke|p2|Heatran, F|\n|poke|p2|Kingambit, M|\n|teampreview\n|inactive|Battle timer is ON: inactive players will automatically lose when time's up. (requested by OUHF Zam Zam)\n|j| Pmograhc\n|j| Ctannn\n|inactive|OUHF Zam Zam has 120 seconds left.\n|\n|t:|1700047025\n|start\n|switch|p1a: Iron Hands|Iron Hands|100\/100\n|switch|p2a: Heatran|Heatran, F|100\/100\n|-item|p2a: Heatran|Air Balloon\n|turn|1\n|j| Ahmidoush\n|\n|t:|1700047044\n|switch|p2a: Great Tusk|Great Tusk|100\/100\n|move|p1a: Iron Hands|Drain Punch|p2a: Great Tusk\n|-damage|p2a: Great Tusk|78\/100\n|-damage|p1a: Iron Hands|84\/100|[from] item: Rocky Helmet|[of] p2a: Great Tusk\n|\n|upkeep\n|turn|2\n|j| nightsuwu\n|\n|t:|1700047055\n|-end|p1a: Iron Hands|Quark Drive|[silent]\n|switch|p1a: Grimmsnarl|Grimmsnarl, M|100\/100\n|move|p2a: Great Tusk|Stealth Rock|p1a: Grimmsnarl\n|-sidestart|p1: malk tyme|move: Stealth Rock\n|\n|upkeep\n|turn|3\n|\n|t:|1700047061\n|-end|p2a: Great Tusk|Protosynthesis|[silent]\n|switch|p2a: Heatran|Heatran, F|100\/100\n|-item|p2a: Heatran|Air Balloon\n|move|p1a: Grimmsnarl|Reflect|p1a: Grimmsnarl\n|-sidestart|p1: malk tyme|Reflect\n|\n|upkeep\n|turn|4\n|\n|t:|1700047064\n|move|p1a: Grimmsnarl|Thunder Wave|p2a: Heatran\n|-status|p2a: Heatran|par\n|move|p2a: Heatran|Magma Storm|p1a: Grimmsnarl\n|-crit|p1a: Grimmsnarl\n|-damage|p1a: Grimmsnarl|40\/100\n|-activate|p1a: Grimmsnarl|move: Magma Storm|[of] p2a: Heatran\n|\n|-damage|p1a: Grimmsnarl|28\/100|[from] move: Magma Storm|[partiallytrapped]\n|upkeep\n|turn|5\n|\n|t:|1700047074\n|move|p1a: Grimmsnarl|Light Screen|p1a: Grimmsnarl\n|-sidestart|p1: malk tyme|move: Light Screen\n|move|p2a: Heatran|Earth Power|p1a: Grimmsnarl\n|-damage|p1a: Grimmsnarl|15\/100\n|\n|-damage|p1a: Grimmsnarl|3\/100|[from] move: Magma Storm|[partiallytrapped]\n|upkeep\n|turn|6\n|\n|t:|1700047091\n|switch|p2a: Zapdos|Zapdos|100\/100\n|move|p1a: Grimmsnarl|Spirit Break|p2a: Zapdos\n|-damage|p2a: Zapdos|74\/100\n|-unboost|p2a: Zapdos|spa|1\n|\n|-end|p1a: Grimmsnarl|Magma Storm|[partiallytrapped]|[silent]\n|upkeep\n|turn|7\n|\n|t:|1700047107\n|move|p2a: Zapdos|Roost|p2a: Zapdos\n|-heal|p2a: Zapdos|100\/100\n|-singleturn|p2a: Zapdos|move: Roost\n|move|p1a: Grimmsnarl|Spirit Break|p2a: Zapdos\n|-damage|p2a: Zapdos|75\/100\n|-unboost|p2a: Zapdos|spa|1\n|\n|upkeep\n|turn|8\n|\n|t:|1700047113\n|switch|p1a: Iron Hands|Iron Hands|84\/100\n|-damage|p1a: Iron Hands|78\/100|[from] Stealth Rock\n|move|p2a: Zapdos|U-turn|p1a: Iron Hands\n|-resisted|p1a: Iron Hands\n|-damage|p1a: Iron Hands|76\/100\n|\n|t:|1700047120\n|switch|p2a: Great Tusk|Great Tusk|78\/100|[from] U-turn\n|\n|upkeep\n|turn|9\n|\n|t:|1700047137\n|-end|p1a: Iron Hands|Quark Drive|[silent]\n|switch|p1a: Grimmsnarl|Grimmsnarl, M|3\/100\n|-damage|p1a: Grimmsnarl|0 fnt|[from] Stealth Rock\n|faint|p1a: Grimmsnarl\n|move|p2a: Great Tusk|Earthquake|p1: Grimmsnarl|[notarget]\n|-fail|p2a: Great Tusk\n|\n|upkeep\n|\n|t:|1700047139\n|switch|p1a: Veluza|Veluza, M|100\/100\n|-damage|p1a: Veluza|88\/100|[from] Stealth Rock\n|-ability|p1a: Veluza|Mold Breaker\n|turn|10\n|\n|t:|1700047163\n|-end|p2a: Great Tusk|Protosynthesis|[silent]\n|switch|p2a: Slowking|Slowking-Galar, M|100\/100\n|move|p1a: Veluza|Fillet Away|p1a: Veluza\n|-boost|p1a: Veluza|atk|2\n|-boost|p1a: Veluza|spa|2\n|-boost|p1a: Veluza|spe|2\n|-damage|p1a: Veluza|38\/100\n|-enditem|p1a: Veluza|Sitrus Berry|[eat]\n|-heal|p1a: Veluza|63\/100|[from] item: Sitrus Berry\n|\n|-sideend|p1: malk tyme|Reflect\n|upkeep\n|turn|11\n|\n|t:|1700047173\n|move|p1a: Veluza|Stored Power|p2a: Slowking\n|-damage|p2a: Slowking|30\/100\n|move|p2a: Slowking|Sludge Bomb|p1a: Veluza\n|-damage|p1a: Veluza|37\/100\n|\n|upkeep\n|turn|12\n|\n|t:|1700047182\n|move|p1a: Veluza|Recover|p1a: Veluza\n|-heal|p1a: Veluza|87\/100\n|move|p2a: Slowking|Sludge Bomb|p1a: Veluza\n|-damage|p1a: Veluza|60\/100\n|\n|-sideend|p1: malk tyme|move: Light Screen\n|upkeep\n|turn|13\n|\n|t:|1700047188\n|move|p1a: Veluza|Stored Power|p2a: Slowking\n|-damage|p2a: Slowking|0 fnt\n|faint|p2a: Slowking\n|\n|upkeep\n|\n|t:|1700047204\n|switch|p2a: Kingambit|Kingambit, M|100\/100\n|-activate|p2a: Kingambit|ability: Supreme Overlord\n|-start|p2a: Kingambit|fallen1|[silent]\n|turn|14\n|\n|t:|1700047215\n|-terastallize|p1a: Veluza|Fighting\n|move|p1a: Veluza|Tera Blast|p2a: Kingambit|[anim] Tera Blast Fighting\n|-supereffective|p2a: Kingambit\n|-crit|p2a: Kingambit\n|-damage|p2a: Kingambit|0 fnt\n|faint|p2a: Kingambit\n|-end|p2a: Kingambit|fallen1|[silent]\n|\n|upkeep\n|inactive|OUHF Zam Zam has 120 seconds left.\n|l| nightsuwu\n|\n|t:|1700047259\n|switch|p2a: Zapdos|Zapdos|75\/100\n|turn|15\n|inactive|OUHF Zam Zam has 90 seconds left.\n|\n|t:|1700047274\n|-terastallize|p2a: Zapdos|Steel\n|move|p1a: Veluza|Stored Power|p2a: Zapdos\n|-resisted|p2a: Zapdos\n|-damage|p2a: Zapdos|17\/100\n|move|p2a: Zapdos|Discharge|p1a: Veluza\n|-damage|p1a: Veluza|6\/100\n|\n|upkeep\n|turn|16\n|inactive|OUHF Zam Zam has 90 seconds left.\n|\n|t:|1700047293\n|move|p1a: Veluza|Tera Blast|p2a: Zapdos|[anim] Tera Blast Fighting\n|-supereffective|p2a: Zapdos\n|-damage|p2a: Zapdos|0 fnt\n|faint|p2a: Zapdos\n|\n|upkeep\n|\n|t:|1700047297\n|switch|p2a: Weavile|Weavile, F|100\/100\n|-ability|p2a: Weavile|Pressure\n|turn|17\n|\n|t:|1700047321\n|switch|p1a: Mamoswine|Mamoswine, M|100\/100\n|-damage|p1a: Mamoswine|88\/100|[from] Stealth Rock\n|move|p2a: Weavile|Ice Shard|p1a: Mamoswine\n|-damage|p1a: Mamoswine|76\/100\n|\n|upkeep\n|turn|18\n|inactive|malk tyme has 120 seconds left.\n|\n|t:|1700047347\n|move|p1a: Mamoswine|Earthquake|p2a: Weavile\n|-damage|p2a: Weavile|13\/100\n|move|p2a: Weavile|Low Kick|p1a: Mamoswine\n|-supereffective|p1a: Mamoswine\n|-damage|p1a: Mamoswine|0 fnt\n|faint|p1a: Mamoswine\n|\n|upkeep\n|inactive|malk tyme has 120 seconds left.\n|\n|t:|1700047353\n|switch|p1a: Mew|Mew|100\/100\n|-damage|p1a: Mew|88\/100|[from] Stealth Rock\n|turn|19\n|inactive|malk tyme has 120 seconds left.\n|\n|t:|1700047376\n|switch|p2a: Heatran|Heatran, F|100\/100 par\n|-item|p2a: Heatran|Air Balloon\n|switch|p1a: Veluza|Veluza, M, tera:Fighting|6\/100\n|-damage|p1a: Veluza|0 fnt|[from] Stealth Rock\n|faint|p1a: Veluza\n|\n|upkeep\n|inactive|malk tyme has 90 seconds left.\n|\n|t:|1700047424\n|switch|p1a: Iron Hands|Iron Hands|76\/100\n|-damage|p1a: Iron Hands|70\/100|[from] Stealth Rock\n|turn|20\n|c|\u2606malk tyme|i feel like I choked\n|inactive|OUHF Zam Zam has 90 seconds left.\n|\n|t:|1700047467\n|switch|p2a: Great Tusk|Great Tusk|78\/100\n|move|p1a: Iron Hands|Swords Dance|p1a: Iron Hands\n|-boost|p1a: Iron Hands|atk|2\n|\n|upkeep\n|turn|21\n|\n|t:|1700047471\n|move|p2a: Great Tusk|Earthquake|p1a: Iron Hands\n|-supereffective|p1a: Iron Hands\n|-damage|p1a: Iron Hands|16\/100\n|move|p1a: Iron Hands|Ice Punch|p2a: Great Tusk\n|-supereffective|p2a: Great Tusk\n|-damage|p2a: Great Tusk|17\/100\n|-damage|p1a: Iron Hands|0 fnt|[from] item: Rocky Helmet|[of] p2a: Great Tusk\n|faint|p1a: Iron Hands\n|-end|p1a: Iron Hands|Quark Drive|[silent]\n|\n|upkeep\n|\n|t:|1700047475\n|switch|p1a: Kommo-o|Kommo-o, F|100\/100\n|-damage|p1a: Kommo-o|94\/100|[from] Stealth Rock\n|turn|22\n|\n|t:|1700047482\n|move|p1a: Kommo-o|Scale Shot|p2a: Great Tusk\n|-damage|p2a: Great Tusk|12\/100\n|-damage|p2a: Great Tusk|6\/100\n|-damage|p2a: Great Tusk|1\/100\n|-damage|p2a: Great Tusk|0 fnt\n|faint|p2a: Great Tusk\n|-end|p2a: Great Tusk|Protosynthesis|[silent]\n|-hitcount|p2: Great Tusk|4\n|-unboost|p1a: Kommo-o|def|1\n|-boost|p1a: Kommo-o|spe|1\n|\n|upkeep\n|\n|t:|1700047490\n|switch|p2a: Heatran|Heatran, F|100\/100 par\n|-item|p2a: Heatran|Air Balloon\n|turn|23\n|inactive|OUHF Zam Zam has 90 seconds left.\n|\n|t:|1700047522\n|move|p1a: Kommo-o|Swords Dance|p1a: Kommo-o\n|-boost|p1a: Kommo-o|atk|2\n|move|p2a: Heatran|Will-O-Wisp|p1a: Kommo-o\n|-status|p1a: Kommo-o|brn\n|\n|-damage|p1a: Kommo-o|88\/100 brn|[from] brn\n|upkeep\n|turn|24\n|inactive|malk tyme has 120 seconds left.\n|\n|t:|1700047532\n|move|p1a: Kommo-o|Swords Dance|p1a: Kommo-o\n|-boost|p1a: Kommo-o|atk|2\n|move|p2a: Heatran|Earth Power|p1a: Kommo-o\n|-damage|p1a: Kommo-o|51\/100 brn\n|\n|-damage|p1a: Kommo-o|45\/100 brn|[from] brn\n|upkeep\n|turn|25\n|\n|t:|1700047536\n|move|p1a: Kommo-o|Drain Punch|p2a: Heatran\n|-supereffective|p2a: Heatran\n|-damage|p2a: Heatran|0 fnt\n|-heal|p1a: Kommo-o|100\/100 brn|[from] drain|[of] p2a: Heatran\n|-enditem|p2a: Heatran|Air Balloon\n|faint|p2a: Heatran\n|\n|-damage|p1a: Kommo-o|94\/100 brn|[from] brn\n|upkeep\n|inactive|OUHF Zam Zam has 90 seconds left.\n|\n|t:|1700047544\n|switch|p2a: Weavile|Weavile, F|13\/100\n|-ability|p2a: Weavile|Pressure\n|turn|26\n|c|\u2606malk tyme|gg i hope\n|\n|t:|1700047552\n|move|p2a: Weavile|Ice Shard|p1a: Kommo-o\n|-supereffective|p1a: Kommo-o\n|-damage|p1a: Kommo-o|34\/100 brn\n|move|p1a: Kommo-o|Drain Punch|p2a: Weavile\n|-supereffective|p2a: Weavile\n|-damage|p2a: Weavile|0 fnt\n|-heal|p1a: Kommo-o|40\/100 brn|[from] drain|[of] p2a: Weavile\n|faint|p2a: Weavile\n|\n|win|malk tyme\n|raw|malk tyme's rating: 1720 &rarr; <strong>1749<\/strong><br \/>(+29 for winning)\n|raw|OUHF Zam Zam's rating: 1892 &rarr; <strong>1863<\/strong><br \/>(-29 for losing)\n|c|\u2606OUHF Zam Zam|gg\n|l| Ctannn\n|l|\u2606OUHF Zam Zam\n|l| Ahmidoush\n|l| Pmograhc\n|l|\u2606malk tyme\n|j| Pmograhc\n|l| Pmograhc\n","uploadtime":1700047618,"views":5,"p1id":"malktyme","p2id":"ouhfzamzam","formatid":"gen9ou","rating":1749,"private":0,"password":""}