{"id":"gen9ou-1992711984","p1":"dragonmaster441","p2":"Hiya jigoo","format":"[Gen 9] OU","log":"|j|\u2606dragonmaster441\n|j|\u2606Hiya jigoo\n|t:|1700228067\n|gametype|singles\n|player|p1|dragonmaster441|bianca|1165\n|player|p2|Hiya jigoo|265|1130\n|teamsize|p1|6\n|teamsize|p2|6\n|gen|9\n|tier|[Gen 9] OU\n|rated|\n|rule|Sleep Clause Mod: Limit one foe put to sleep\n|rule|Species Clause: Limit one of each Pok\u00e9mon\n|rule|OHKO Clause: OHKO moves are banned\n|rule|Evasion Items Clause: Evasion items are banned\n|rule|Evasion Moves Clause: Evasion moves are banned\n|rule|Endless Battle Clause: Forcing endless battles is banned\n|rule|HP Percentage Mod: HP is shown in percentages\n|clearpoke\n|poke|p1|Falinks|\n|poke|p1|Kingambit, M|\n|poke|p1|Ninetales-Alola, F|\n|poke|p1|Garchomp, F|\n|poke|p1|Gyarados, F|\n|poke|p1|Conkeldurr, M|\n|poke|p2|Great Tusk|\n|poke|p2|Ogerpon-Wellspring, F|\n|poke|p2|Dragapult, M|\n|poke|p2|Tornadus, M|\n|poke|p2|Samurott-Hisui, F|\n|poke|p2|Toxapex, F|\n|teampreview\n|inactive|Battle timer is ON: inactive players will automatically lose when time's up. (requested by dragonmaster441)\n|c|\u2606dragonmaster441|hf\n|\n|t:|1700228079\n|start\n|switch|p1a: Ninetales|Ninetales-Alola, F|100\/100\n|switch|p2a: Toxapex|Toxapex, F|100\/100\n|-weather|Snow|[from] ability: Snow Warning|[of] p1a: Ninetales\n|turn|1\n|\n|t:|1700228085\n|move|p1a: Ninetales|Freeze-Dry|p2a: Toxapex\n|-supereffective|p2a: Toxapex\n|-damage|p2a: Toxapex|51\/100\n|move|p2a: Toxapex|Toxic|p1a: Ninetales\n|-status|p1a: Ninetales|tox\n|\n|-weather|Snow|[upkeep]\n|-damage|p1a: Ninetales|95\/100 tox|[from] psn\n|upkeep\n|turn|2\n|\n|t:|1700228094\n|move|p1a: Ninetales|Encore|p2a: Toxapex\n|-start|p2a: Toxapex|Encore\n|move|p2a: Toxapex|Toxic|p1a: Ninetales\n|-fail|p1a: Ninetales|tox\n|\n|-weather|Snow|[upkeep]\n|-damage|p1a: Ninetales|83\/100 tox|[from] psn\n|upkeep\n|turn|3\n|\n|t:|1700228109\n|switch|p2a: Samurott|Samurott-Hisui, F|100\/100\n|move|p1a: Ninetales|Aurora Veil|p1a: Ninetales\n|-sidestart|p1: dragonmaster441|move: Aurora Veil\n|\n|-weather|Snow|[upkeep]\n|-damage|p1a: Ninetales|65\/100 tox|[from] psn\n|upkeep\n|turn|4\n|\n|t:|1700228120\n|move|p1a: Ninetales|Freeze-Dry|p2a: Samurott\n|-supereffective|p2a: Samurott\n|-damage|p2a: Samurott|27\/100\n|-status|p2a: Samurott|frz\n|cant|p2a: Samurott|frz\n|\n|-weather|Snow|[upkeep]\n|-damage|p1a: Ninetales|41\/100 tox|[from] psn\n|upkeep\n|turn|5\n|\n|t:|1700228128\n|switch|p1a: Gyarados|Gyarados, F|100\/100\n|-ability|p1a: Gyarados|Intimidate|boost\n|-unboost|p2a: Samurott|atk|1\n|cant|p2a: Samurott|frz\n|\n|-weather|none\n|upkeep\n|turn|6\n|\n|t:|1700228136\n|-curestatus|p2a: Samurott|frz|[msg]\n|move|p2a: Samurott|Drill Run|p1a: Gyarados\n|-immune|p1a: Gyarados\n|move|p1a: Gyarados|Substitute|p1a: Gyarados\n|-start|p1a: Gyarados|Substitute\n|-damage|p1a: Gyarados|76\/100\n|\n|upkeep\n|turn|7\n|\n|t:|1700228144\n|move|p2a: Samurott|Ceaseless Edge|p1a: Gyarados\n|-end|p1a: Gyarados|Substitute\n|-sidestart|p1: dragonmaster441|Spikes\n|-damage|p2a: Samurott|17\/100|[from] item: Life Orb\n|move|p1a: Gyarados|Dragon Dance|p1a: Gyarados\n|-boost|p1a: Gyarados|atk|1\n|-boost|p1a: Gyarados|spe|1\n|\n|upkeep\n|turn|8\n|\n|t:|1700228159\n|move|p1a: Gyarados|Waterfall|p2a: Samurott\n|-resisted|p2a: Samurott\n|-damage|p2a: Samurott|0 fnt\n|faint|p2a: Samurott\n|\n|upkeep\n|\n|t:|1700228165\n|switch|p2a: Ogerpon|Ogerpon-Wellspring, F|100\/100\n|turn|9\n|\n|t:|1700228169\n|-terastallize|p1a: Gyarados|Flying\n|move|p1a: Gyarados|Tera Blast|p2a: Ogerpon|[anim] Tera Blast Flying\n|-supereffective|p2a: Ogerpon\n|-damage|p2a: Ogerpon|0 fnt\n|faint|p2a: Ogerpon\n|\n|upkeep\n|\n|t:|1700228177\n|switch|p2a: Toxapex|Toxapex, F|51\/100\n|turn|10\n|\n|t:|1700228182\n|move|p1a: Gyarados|Substitute|p1a: Gyarados\n|-start|p1a: Gyarados|Substitute\n|-damage|p1a: Gyarados|51\/100\n|move|p2a: Toxapex|Toxic||[still]\n|-fail|p2a: Toxapex\n|\n|-sideend|p1: dragonmaster441|move: Aurora Veil\n|upkeep\n|turn|11\n|\n|t:|1700228188\n|move|p1a: Gyarados|Dragon Dance|p1a: Gyarados\n|-boost|p1a: Gyarados|atk|1\n|-boost|p1a: Gyarados|spe|1\n|move|p2a: Toxapex|Chilling Water|p1a: Gyarados\n|-activate|p1a: Gyarados|move: Substitute|[damage]\n|\n|upkeep\n|turn|12\n|\n|t:|1700228195\n|move|p1a: Gyarados|Dragon Dance|p1a: Gyarados\n|-boost|p1a: Gyarados|atk|1\n|-boost|p1a: Gyarados|spe|1\n|move|p2a: Toxapex|Chilling Water|p1a: Gyarados\n|-activate|p1a: Gyarados|move: Substitute|[damage]\n|\n|upkeep\n|turn|13\n|\n|t:|1700228201\n|move|p1a: Gyarados|Dragon Dance|p1a: Gyarados\n|-boost|p1a: Gyarados|atk|1\n|-boost|p1a: Gyarados|spe|1\n|move|p2a: Toxapex|Chilling Water|p1a: Gyarados\n|-end|p1a: Gyarados|Substitute\n|\n|upkeep\n|turn|14\n|\n|t:|1700228206\n|move|p1a: Gyarados|Substitute|p1a: Gyarados\n|-start|p1a: Gyarados|Substitute\n|-damage|p1a: Gyarados|26\/100\n|move|p2a: Toxapex|Chilling Water|p1a: Gyarados\n|-activate|p1a: Gyarados|move: Substitute|[damage]\n|\n|upkeep\n|turn|15\n|\n|t:|1700228214\n|move|p1a: Gyarados|Dragon Dance|p1a: Gyarados\n|-boost|p1a: Gyarados|atk|1\n|-boost|p1a: Gyarados|spe|1\n|move|p2a: Toxapex|Toxic Spikes|p1a: Gyarados\n|-sidestart|p1: dragonmaster441|move: Toxic Spikes\n|\n|upkeep\n|turn|16\n|\n|t:|1700228223\n|switch|p2a: Great Tusk|Great Tusk|100\/100\n|-enditem|p2a: Great Tusk|Booster Energy\n|-activate|p2a: Great Tusk|ability: Protosynthesis|[fromitem]\n|-start|p2a: Great Tusk|protosynthesisatk\n|move|p1a: Gyarados|Dragon Dance|p1a: Gyarados\n|-boost|p1a: Gyarados|atk|1\n|-boost|p1a: Gyarados|spe|1\n|\n|upkeep\n|turn|17\n|\n|t:|1700228233\n|move|p1a: Gyarados|Tera Blast|p2a: Great Tusk|[anim] Tera Blast Flying\n|-supereffective|p2a: Great Tusk\n|-damage|p2a: Great Tusk|0 fnt\n|faint|p2a: Great Tusk\n|-end|p2a: Great Tusk|Protosynthesis|[silent]\n|\n|upkeep\n|\n|t:|1700228241\n|switch|p2a: Dragapult|Dragapult, M, shiny|100\/100\n|turn|18\n|\n|t:|1700228246\n|-terastallize|p2a: Dragapult|Fairy\n|move|p2a: Dragapult|Sucker Punch|p1a: Gyarados\n|-end|p1a: Gyarados|Substitute\n|move|p1a: Gyarados|Tera Blast|p2a: Dragapult|[anim] Tera Blast Flying\n|-damage|p2a: Dragapult|0 fnt\n|faint|p2a: Dragapult\n|\n|upkeep\n|\n|t:|1700228255\n|switch|p2a: Tornadus|Tornadus, M, shiny|100\/100\n|turn|19\n|\n|t:|1700228260\n|move|p1a: Gyarados|Tera Blast|p2a: Tornadus|[anim] Tera Blast Flying\n|-damage|p2a: Tornadus|0 fnt\n|faint|p2a: Tornadus\n|\n|upkeep\n|\n|t:|1700228264\n|switch|p2a: Toxapex|Toxapex, F|51\/100\n|turn|20\n|\n|t:|1700228272\n|move|p1a: Gyarados|Tera Blast|p2a: Toxapex|[anim] Tera Blast Flying\n|-damage|p2a: Toxapex|0 fnt\n|faint|p2a: Toxapex\n|\n|win|dragonmaster441\n|raw|dragonmaster441's rating: 1165 &rarr; <strong>1187<\/strong><br \/>(+22 for winning)\n|raw|Hiya jigoo's rating: 1130 &rarr; <strong>1108<\/strong><br \/>(-22 for losing)\n|c|\u2606dragonmaster441|gg!\n","uploadtime":1700228282,"views":8,"p1id":"dragonmaster441","p2id":"hiyajigoo","formatid":"gen9ou","rating":1108,"private":0,"password":""}