{"id":"gen9ou-1993779434","p1":"clefablemain","p2":"Nicko61921","format":"[Gen 9] OU","log":"|j|\u2606clefablemain\n|j|\u2606Nicko61921\n|t:|1700356270\n|gametype|singles\n|player|p1|clefablemain|2|1552\n|player|p2|Nicko61921|benga|1585\n|teamsize|p1|6\n|teamsize|p2|6\n|gen|9\n|tier|[Gen 9] OU\n|rated|\n|rule|Sleep Clause Mod: Limit one foe put to sleep\n|rule|Species Clause: Limit one of each Pok\u00e9mon\n|rule|OHKO Clause: OHKO moves are banned\n|rule|Evasion Items Clause: Evasion items are banned\n|rule|Evasion Moves Clause: Evasion moves are banned\n|rule|Endless Battle Clause: Forcing endless battles is banned\n|rule|HP Percentage Mod: HP is shown in percentages\n|clearpoke\n|poke|p1|Iron Hands|\n|poke|p1|Samurott-Hisui, F|\n|poke|p1|Volcanion|\n|poke|p1|Mamoswine, F|\n|poke|p1|Gholdengo|\n|poke|p1|Corviknight, F|\n|poke|p2|Hawlucha, M|\n|poke|p2|Clefable, F|\n|poke|p2|Rotom-Wash|\n|poke|p2|Ting-Lu|\n|poke|p2|Cinderace, M|\n|poke|p2|Corviknight, M|\n|teampreview\n|\n|t:|1700356285\n|start\n|switch|p1a: Gholdengo|Gholdengo|100\/100\n|switch|p2a: Pele|Cinderace, M, shiny|100\/100\n|turn|1\n|\n|t:|1700356298\n|switch|p1a: Corviknight|Corviknight, F|100\/100\n|move|p2a: Pele|Pyro Ball|p1a: Corviknight\n|-supereffective|p1a: Corviknight\n|-damage|p1a: Corviknight|4\/100\n|\n|upkeep\n|turn|2\n|\n|t:|1700356307\n|move|p2a: Pele|Pyro Ball|p1a: Corviknight\n|-supereffective|p1a: Corviknight\n|-damage|p1a: Corviknight|0 fnt\n|faint|p1a: Corviknight\n|\n|upkeep\n|\n|t:|1700356309\n|switch|p1a: Volcanion|Volcanion|100\/100\n|turn|3\n|\n|t:|1700356311\n|move|p2a: Pele|High Jump Kick|p1a: Volcanion\n|-start|p2a: Pele|typechange|Fighting|[from] ability: Libero\n|-damage|p1a: Volcanion|46\/100\n|move|p1a: Volcanion|Steam Eruption|p2a: Pele\n|-damage|p2a: Pele|29\/100\n|\n|upkeep\n|turn|4\n|\n|t:|1700356319\n|switch|p1a: Gholdengo|Gholdengo|100\/100\n|move|p2a: Pele|High Jump Kick|p1a: Gholdengo\n|-immune|p1a: Gholdengo\n|-damage|p2a: Pele|0 fnt|[from] highjumpkick\n|faint|p2a: Pele\n|\n|upkeep\n|\n|t:|1700356342\n|switch|p2a: Ting-Lu|Ting-Lu|100\/100\n|-ability|p2a: Ting-Lu|Vessel of Ruin\n|turn|5\n|\n|t:|1700356350\n|switch|p1a: Mamoswine|Mamoswine, F|100\/100\n|move|p2a: Ting-Lu|Earthquake|p1a: Mamoswine\n|-damage|p1a: Mamoswine|38\/100\n|\n|-heal|p1a: Mamoswine|44\/100|[from] item: Leftovers\n|upkeep\n|turn|6\n|\n|t:|1700356355\n|move|p1a: Mamoswine|Icicle Crash|p2a: Ting-Lu\n|-supereffective|p2a: Ting-Lu\n|-damage|p2a: Ting-Lu|46\/100\n|cant|p2a: Ting-Lu|flinch\n|\n|-heal|p1a: Mamoswine|50\/100|[from] item: Leftovers\n|upkeep\n|turn|7\n|\n|t:|1700356361\n|switch|p2a: Rinse|Rotom-Wash, shiny|100\/100\n|move|p1a: Mamoswine|Icicle Crash|p2a: Rinse\n|-resisted|p2a: Rinse\n|-damage|p2a: Rinse|69\/100\n|\n|-heal|p1a: Mamoswine|56\/100|[from] item: Leftovers\n|upkeep\n|turn|8\n|inactive|Battle timer is ON: inactive players will automatically lose when time's up. (requested by clefablemain)\n|\n|t:|1700356375\n|move|p2a: Rinse|Trick|p1a: Mamoswine\n|-activate|p2a: Rinse|move: Trick|[of] p1a: Mamoswine\n|-item|p1a: Mamoswine|Choice Specs|[from] move: Trick\n|-item|p2a: Rinse|Leftovers|[from] move: Trick\n|move|p1a: Mamoswine|Knock Off|p2a: Rinse\n|-damage|p2a: Rinse|21\/100\n|-enditem|p2a: Rinse|Leftovers|[from] move: Knock Off|[of] p1a: Mamoswine\n|\n|upkeep\n|turn|9\n|\n|t:|1700356380\n|move|p2a: Rinse|Hydro Pump|p1a: Mamoswine\n|-supereffective|p1a: Mamoswine\n|-damage|p1a: Mamoswine|0 fnt\n|faint|p1a: Mamoswine\n|\n|upkeep\n|\n|t:|1700356384\n|switch|p1a: Samurott|Samurott-Hisui, F, shiny|100\/100\n|turn|10\n|\n|t:|1700356389\n|move|p2a: Rinse|Thunder Wave|p1a: Samurott\n|-status|p1a: Samurott|par\n|move|p1a: Samurott|Ceaseless Edge|p2a: Rinse\n|-damage|p2a: Rinse|0 fnt\n|-sidestart|p2: Nicko61921|Spikes\n|faint|p2a: Rinse\n|\n|upkeep\n|\n|t:|1700356410\n|switch|p2a: Mi No Sabe|Hawlucha, M|100\/100\n|turn|11\n|\n|t:|1700356428\n|switch|p1a: Gholdengo|Gholdengo|100\/100\n|move|p2a: Mi No Sabe|Swords Dance|p2a: Mi No Sabe\n|-boost|p2a: Mi No Sabe|atk|2\n|\n|upkeep\n|turn|12\n|\n|t:|1700356436\n|-terastallize|p2a: Mi No Sabe|Flying\n|move|p2a: Mi No Sabe|Sky Attack||[still]\n|-prepare|p2a: Mi No Sabe|Sky Attack\n|-enditem|p2a: Mi No Sabe|Power Herb\n|-anim|p2a: Mi No Sabe|Sky Attack|p1a: Gholdengo\n|-resisted|p1a: Gholdengo\n|-damage|p1a: Gholdengo|19\/100\n|move|p1a: Gholdengo|Make It Rain|p2a: Mi No Sabe\n|-damage|p2a: Mi No Sabe|0 fnt\n|-unboost|p1a: Gholdengo|spa|1\n|faint|p2a: Mi No Sabe\n|\n|-heal|p1a: Gholdengo|25\/100|[from] item: Leftovers\n|upkeep\n|\n|t:|1700356449\n|switch|p2a: Valerie|Corviknight, M, shiny|100\/100\n|turn|13\n|\n|t:|1700356455\n|move|p2a: Valerie|Agility|p2a: Valerie\n|-boost|p2a: Valerie|spe|2\n|move|p1a: Gholdengo|Recover|p1a: Gholdengo\n|-heal|p1a: Gholdengo|75\/100\n|\n|-heal|p1a: Gholdengo|81\/100|[from] item: Leftovers\n|upkeep\n|turn|14\n|\n|t:|1700356458\n|switch|p1a: Iron Hands|Iron Hands|100\/100\n|move|p2a: Valerie|Bulk Up|p2a: Valerie\n|-boost|p2a: Valerie|atk|1\n|-boost|p2a: Valerie|def|1\n|\n|upkeep\n|turn|15\n|\n|t:|1700356460\n|move|p2a: Valerie|Bulk Up|p2a: Valerie\n|-boost|p2a: Valerie|atk|1\n|-boost|p2a: Valerie|def|1\n|move|p1a: Iron Hands|Drain Punch|p2a: Valerie\n|-damage|p2a: Valerie|79\/100\n|\n|upkeep\n|turn|16\n|\n|t:|1700356463\n|move|p2a: Valerie|Bulk Up|p2a: Valerie\n|-boost|p2a: Valerie|atk|1\n|-boost|p2a: Valerie|def|1\n|move|p1a: Iron Hands|Drain Punch|p2a: Valerie\n|-damage|p2a: Valerie|62\/100\n|\n|upkeep\n|turn|17\n|\n|t:|1700356466\n|move|p2a: Valerie|Bulk Up|p2a: Valerie\n|-boost|p2a: Valerie|atk|1\n|-boost|p2a: Valerie|def|1\n|move|p1a: Iron Hands|Drain Punch|p2a: Valerie\n|-damage|p2a: Valerie|50\/100\n|\n|upkeep\n|turn|18\n|\n|t:|1700356468\n|move|p2a: Valerie|Roost|p2a: Valerie\n|-heal|p2a: Valerie|100\/100\n|-singleturn|p2a: Valerie|move: Roost\n|move|p1a: Iron Hands|Drain Punch|p2a: Valerie\n|-supereffective|p2a: Valerie\n|-damage|p2a: Valerie|75\/100\n|-enditem|p2a: Valerie|Weakness Policy\n|-boost|p2a: Valerie|atk|2|[from] item: Weakness Policy\n|-boost|p2a: Valerie|spa|2|[from] item: Weakness Policy\n|\n|upkeep\n|turn|19\n|\n|t:|1700356473\n|move|p2a: Valerie|Bulk Up|p2a: Valerie\n|-boost|p2a: Valerie|atk|0\n|-boost|p2a: Valerie|def|1\n|move|p1a: Iron Hands|Drain Punch|p2a: Valerie\n|-damage|p2a: Valerie|62\/100\n|\n|upkeep\n|turn|20\n|\n|t:|1700356479\n|move|p2a: Valerie|Bulk Up|p2a: Valerie\n|-boost|p2a: Valerie|atk|0\n|-boost|p2a: Valerie|def|1\n|move|p1a: Iron Hands|Drain Punch|p2a: Valerie\n|-damage|p2a: Valerie|52\/100\n|\n|upkeep\n|turn|21\n|\n|t:|1700356483\n|move|p2a: Valerie|Roost|p2a: Valerie\n|-heal|p2a: Valerie|100\/100\n|-singleturn|p2a: Valerie|move: Roost\n|move|p1a: Iron Hands|Drain Punch|p2a: Valerie\n|-supereffective|p2a: Valerie\n|-damage|p2a: Valerie|81\/100\n|\n|upkeep\n|turn|22\n|\n|t:|1700356485\n|move|p2a: Valerie|Agility|p2a: Valerie\n|-boost|p2a: Valerie|spe|2\n|move|p1a: Iron Hands|Drain Punch|p2a: Valerie\n|-crit|p2a: Valerie\n|-damage|p2a: Valerie|23\/100\n|\n|upkeep\n|turn|23\n|\n|t:|1700356488\n|move|p2a: Valerie|Roost|p2a: Valerie\n|-heal|p2a: Valerie|73\/100\n|-singleturn|p2a: Valerie|move: Roost\n|move|p1a: Iron Hands|Drain Punch|p2a: Valerie\n|-supereffective|p2a: Valerie\n|-damage|p2a: Valerie|51\/100\n|\n|upkeep\n|turn|24\n|\n|t:|1700356490\n|move|p2a: Valerie|Roost|p2a: Valerie\n|-heal|p2a: Valerie|100\/100\n|-singleturn|p2a: Valerie|move: Roost\n|move|p1a: Iron Hands|Drain Punch|p2a: Valerie\n|-supereffective|p2a: Valerie\n|-damage|p2a: Valerie|81\/100\n|\n|upkeep\n|turn|25\n|\n|t:|1700356493\n|move|p2a: Valerie|Power Trip|p1a: Iron Hands\n|-resisted|p1a: Iron Hands\n|-damage|p1a: Iron Hands|11\/100\n|-damage|p2a: Valerie|64\/100|[from] item: Rocky Helmet|[of] p1a: Iron Hands\n|move|p1a: Iron Hands|Drain Punch|p2a: Valerie\n|-damage|p2a: Valerie|55\/100\n|-heal|p1a: Iron Hands|14\/100|[from] drain|[of] p2a: Valerie\n|\n|upkeep\n|turn|26\n|\n|t:|1700356499\n|move|p2a: Valerie|Roost|p2a: Valerie\n|-heal|p2a: Valerie|100\/100\n|-singleturn|p2a: Valerie|move: Roost\n|move|p1a: Iron Hands|Drain Punch|p2a: Valerie\n|-supereffective|p2a: Valerie\n|-damage|p2a: Valerie|81\/100\n|-heal|p1a: Iron Hands|21\/100|[from] drain|[of] p2a: Valerie\n|\n|upkeep\n|turn|27\n|\n|t:|1700356501\n|move|p2a: Valerie|Power Trip|p1a: Iron Hands\n|-resisted|p1a: Iron Hands\n|-damage|p1a: Iron Hands|0 fnt\n|-damage|p2a: Valerie|64\/100|[from] item: Rocky Helmet|[of] p1a: Iron Hands\n|faint|p1a: Iron Hands\n|-end|p1a: Iron Hands|Quark Drive|[silent]\n|\n|upkeep\n|\n|t:|1700356504\n|switch|p1a: Samurott|Samurott-Hisui, F, shiny|100\/100 par\n|turn|28\n|-message|clefablemain forfeited.\n|\n|win|Nicko61921\n|raw|clefablemain's rating: 1552 &rarr; <strong>1534<\/strong><br \/>(-18 for losing)\n|raw|Nicko61921's rating: 1585 &rarr; <strong>1603<\/strong><br \/>(+18 for winning)\n|l|\u2606clefablemain\n","uploadtime":1700356511,"views":23,"p1id":"clefablemain","p2id":"nicko61921","formatid":"gen9ou","rating":1534,"private":0,"password":""}