{"id":"gen9ou-1990694543","p1":"Iron124","p2":"drummerman88","format":"[Gen 9] OU","log":"|j|\u2606Iron124\n|j|\u2606drummerman88\n|t:|1699992420\n|gametype|singles\n|player|p1|Iron124|170|1084\n|player|p2|drummerman88|169|1091\n|teamsize|p1|6\n|teamsize|p2|6\n|gen|9\n|tier|[Gen 9] OU\n|rated|\n|rule|Sleep Clause Mod: Limit one foe put to sleep\n|rule|Species Clause: Limit one of each Pok\u00e9mon\n|rule|OHKO Clause: OHKO moves are banned\n|rule|Evasion Items Clause: Evasion items are banned\n|rule|Evasion Moves Clause: Evasion moves are banned\n|rule|Endless Battle Clause: Forcing endless battles is banned\n|rule|HP Percentage Mod: HP is shown in percentages\n|clearpoke\n|poke|p1|Lilligant, F|\n|poke|p1|Forretress, F|\n|poke|p1|Crawdaunt, M|\n|poke|p1|Bronzong|\n|poke|p1|Luxray, F|\n|poke|p1|Magcargo, M|\n|poke|p2|Corviknight, M|\n|poke|p2|Cloyster, M|\n|poke|p2|Garchomp, M|\n|poke|p2|Diancie|\n|poke|p2|Iron Valiant|\n|poke|p2|Meowscarada, M|\n|teampreview\n|\n|t:|1699992430\n|start\n|switch|p1a: Magcargo|Magcargo, M|100\/100\n|switch|p2a: Garchomp|Garchomp, M|100\/100\n|turn|1\n|\n|t:|1699992440\n|-terastallize|p2a: Garchomp|Fire\n|move|p2a: Garchomp|Swords Dance|p2a: Garchomp\n|-boost|p2a: Garchomp|atk|2\n|move|p1a: Magcargo|Stealth Rock|p2a: Garchomp\n|-sidestart|p2: drummerman88|move: Stealth Rock\n|\n|upkeep\n|turn|2\n|\n|t:|1699992449\n|move|p2a: Garchomp|Scale Shot|p1a: Magcargo\n|-damage|p1a: Magcargo|81\/100\n|-damage|p1a: Magcargo|62\/100\n|-damage|p1a: Magcargo|43\/100\n|-damage|p1a: Magcargo|25\/100\n|-hitcount|p1a: Magcargo|4\n|-unboost|p2a: Garchomp|def|1\n|-boost|p2a: Garchomp|spe|1\n|move|p1a: Magcargo|Yawn|p2a: Garchomp\n|-start|p2a: Garchomp|move: Yawn|[of] p1a: Magcargo\n|\n|-heal|p1a: Magcargo|31\/100|[from] item: Leftovers\n|upkeep\n|turn|3\n|\n|t:|1699992473\n|move|p2a: Garchomp|Scale Shot|p1a: Magcargo\n|-damage|p1a: Magcargo|11\/100\n|-damage|p1a: Magcargo|0 fnt\n|faint|p1a: Magcargo\n|-hitcount|p1: Magcargo|2\n|-unboost|p2a: Garchomp|def|1\n|-boost|p2a: Garchomp|spe|1\n|\n|-end|p2a: Garchomp|move: Yawn|[silent]\n|-status|p2a: Garchomp|slp\n|upkeep\n|j| AccelgorSquad5\n|\n|t:|1699992485\n|switch|p1a: Forretress|Forretress, F|100\/100\n|turn|4\n|\n|t:|1699992494\n|cant|p2a: Garchomp|slp\n|move|p1a: Forretress|Iron Defense|p1a: Forretress\n|-boost|p1a: Forretress|def|2\n|\n|upkeep\n|turn|5\n|\n|t:|1699992501\n|cant|p2a: Garchomp|slp\n|move|p1a: Forretress|Light Screen|p1a: Forretress\n|-sidestart|p1: Iron124|move: Light Screen\n|\n|upkeep\n|turn|6\n|\n|t:|1699992506\n|-curestatus|p2a: Garchomp|slp|[msg]\n|move|p2a: Garchomp|Swords Dance|p2a: Garchomp\n|-boost|p2a: Garchomp|atk|2\n|move|p1a: Forretress|Iron Defense|p1a: Forretress\n|-boost|p1a: Forretress|def|2\n|\n|upkeep\n|turn|7\n|\n|t:|1699992515\n|move|p2a: Garchomp|Swords Dance|p2a: Garchomp\n|-boost|p2a: Garchomp|atk|2\n|move|p1a: Forretress|Body Press|p2a: Garchomp\n|-damage|p2a: Garchomp|0 fnt\n|-damage|p1a: Forretress|88\/100|[from] ability: Rough Skin|[of] p2a: Garchomp\n|faint|p2a: Garchomp\n|\n|-heal|p1a: Forretress|94\/100|[from] item: Leftovers\n|upkeep\n|\n|t:|1699992530\n|switch|p2a: Corviknight|Corviknight, M|100\/100\n|-damage|p2a: Corviknight|88\/100|[from] Stealth Rock\n|-ability|p2a: Corviknight|Pressure\n|turn|8\n|\n|t:|1699992538\n|move|p2a: Corviknight|Bulk Up|p2a: Corviknight\n|-boost|p2a: Corviknight|atk|1\n|-boost|p2a: Corviknight|def|1\n|move|p1a: Forretress|Body Press|p2a: Corviknight\n|-damage|p2a: Corviknight|43\/100\n|\n|-heal|p2a: Corviknight|49\/100|[from] item: Leftovers\n|-heal|p1a: Forretress|100\/100|[from] item: Leftovers\n|upkeep\n|turn|9\n|\n|t:|1699992551\n|move|p2a: Corviknight|Bulk Up|p2a: Corviknight\n|-boost|p2a: Corviknight|atk|1\n|-boost|p2a: Corviknight|def|1\n|move|p1a: Forretress|Iron Defense|p1a: Forretress\n|-boost|p1a: Forretress|def|2\n|\n|-heal|p2a: Corviknight|55\/100|[from] item: Leftovers\n|-sideend|p1: Iron124|move: Light Screen\n|upkeep\n|turn|10\n|\n|t:|1699992560\n|move|p2a: Corviknight|Bulk Up|p2a: Corviknight\n|-boost|p2a: Corviknight|atk|1\n|-boost|p2a: Corviknight|def|1\n|move|p1a: Forretress|Body Press|p2a: Corviknight\n|-crit|p2a: Corviknight\n|-damage|p2a: Corviknight|0 fnt\n|faint|p2a: Corviknight\n|\n|upkeep\n|\n|t:|1699992575\n|switch|p2a: Cloyster|Cloyster, M|100\/100\n|-damage|p2a: Cloyster|76\/100|[from] Stealth Rock\n|turn|11\n|\n|t:|1699992581\n|move|p2a: Cloyster|Icicle Spear|p1a: Forretress\n|-resisted|p1a: Forretress\n|-damage|p1a: Forretress|99\/100\n|-resisted|p1a: Forretress\n|-damage|p1a: Forretress|99\/100\n|-resisted|p1a: Forretress\n|-damage|p1a: Forretress|98\/100\n|-resisted|p1a: Forretress\n|-damage|p1a: Forretress|97\/100\n|-resisted|p1a: Forretress\n|-damage|p1a: Forretress|96\/100\n|-hitcount|p1a: Forretress|5\n|move|p1a: Forretress|Body Press|p2a: Cloyster\n|-supereffective|p2a: Cloyster\n|-damage|p2a: Cloyster|0 fnt\n|faint|p2a: Cloyster\n|\n|-heal|p1a: Forretress|100\/100|[from] item: Leftovers\n|upkeep\n|-message|drummerman88 forfeited.\n|\n|win|Iron124\n|raw|Iron124's rating: 1084 &rarr; <strong>1112<\/strong><br \/>(+28 for winning)\n|raw|drummerman88's rating: 1091 &rarr; <strong>1067<\/strong><br \/>(-24 for losing)\n|l|\u2606drummerman88\n","uploadtime":1699992609,"views":9,"p1id":"iron124","p2id":"drummerman88","formatid":"gen9ou","rating":1067,"private":0,"password":""}