{"id":"gen9ou-1996544643","p1":"mmeira","p2":"Luccasim","format":"[Gen 9] OU","log":"|j|\u2606mmeira\n|j|\u2606Luccasim\n|t:|1700692635\n|gametype|singles\n|player|p1|mmeira|n-masters3|\n|player|p2|Luccasim|roxie|\n|teamsize|p1|6\n|teamsize|p2|6\n|gen|9\n|tier|[Gen 9] OU\n|rule|Sleep Clause Mod: Limit one foe put to sleep\n|rule|Species Clause: Limit one of each Pok\u00e9mon\n|rule|OHKO Clause: OHKO moves are banned\n|rule|Evasion Items Clause: Evasion items are banned\n|rule|Evasion Moves Clause: Evasion moves are banned\n|rule|Endless Battle Clause: Forcing endless battles is banned\n|rule|HP Percentage Mod: HP is shown in percentages\n|clearpoke\n|poke|p1|Weezing, M|\n|poke|p1|Arcanine-Hisui, M|\n|poke|p1|Brambleghast, M|\n|poke|p1|Zapdos|\n|poke|p1|Scizor, M|\n|poke|p1|Chansey, F|\n|poke|p2|Ting-Lu|\n|poke|p2|Meowscarada, F|\n|poke|p2|Volcanion|\n|poke|p2|Scream Tail|\n|poke|p2|Rotom-Heat|\n|poke|p2|Quaxwell, M|\n|teampreview\n|\n|t:|1700692658\n|start\n|switch|p1a: Whatzapdos|Zapdos|100\/100\n|switch|p2a: Magic man|Meowscarada, F|100\/100\n|turn|1\n|\n|t:|1700692671\n|move|p2a: Magic man|Knock Off|p1a: Whatzapdos\n|-start|p2a: Magic man|typechange|Dark|[from] ability: Protean\n|-damage|p1a: Whatzapdos|35\/100\n|-enditem|p1a: Whatzapdos|Leftovers|[from] move: Knock Off|[of] p2a: Magic man\n|move|p1a: Whatzapdos|U-turn|p2a: Magic man\n|-supereffective|p2a: Magic man\n|-damage|p2a: Magic man|57\/100\n|\n|t:|1700692679\n|switch|p1a: Chef Scizor|Scizor, M|100\/100|[from] U-turn\n|\n|upkeep\n|turn|2\n|\n|t:|1700692685\n|switch|p2a: Aaron Zheng|Rotom-Heat, shiny|100\/100\n|move|p1a: Chef Scizor|U-turn|p2a: Aaron Zheng\n|-resisted|p2a: Aaron Zheng\n|-damage|p2a: Aaron Zheng|79\/100\n|\n|t:|1700692689\n|switch|p1a: Gorda Jr|Chansey, F|100\/100|[from] U-turn\n|\n|upkeep\n|turn|3\n|\n|t:|1700692696\n|switch|p2a: Obeso e calvo|Ting-Lu|100\/100\n|-ability|p2a: Obeso e calvo|Vessel of Ruin\n|move|p1a: Gorda Jr|Stealth Rock|p2a: Obeso e calvo\n|-sidestart|p2: Luccasim|move: Stealth Rock\n|\n|upkeep\n|turn|4\n|\n|t:|1700692705\n|switch|p1a: Sao e Paulo|Weezing, M|100\/100\n|move|p2a: Obeso e calvo|Spikes|p1a: Sao e Paulo\n|-sidestart|p1: mmeira|Spikes\n|\n|upkeep\n|turn|5\n|j| FlameWolf26\n|\n|t:|1700692710\n|move|p1a: Sao e Paulo|Toxic Spikes|p2a: Obeso e calvo\n|-sidestart|p2: Luccasim|move: Toxic Spikes\n|move|p2a: Obeso e calvo|Spikes|p1a: Sao e Paulo\n|-sidestart|p1: mmeira|Spikes\n|\n|upkeep\n|turn|6\n|\n|t:|1700692716\n|move|p1a: Sao e Paulo|Toxic Spikes|p2a: Obeso e calvo\n|-sidestart|p2: Luccasim|move: Toxic Spikes\n|move|p2a: Obeso e calvo|Spikes|p1a: Sao e Paulo\n|-sidestart|p1: mmeira|Spikes\n|\n|upkeep\n|turn|7\n|\n|t:|1700692720\n|move|p1a: Sao e Paulo|Sludge Bomb|p2a: Obeso e calvo\n|-resisted|p2a: Obeso e calvo\n|-damage|p2a: Obeso e calvo|91\/100\n|move|p2a: Obeso e calvo|Whirlwind|p1a: Sao e Paulo\n|drag|p1a: Gorda Jr|Chansey, F|100\/100\n|-damage|p1a: Gorda Jr|76\/100|[from] Spikes\n|\n|-heal|p2a: Obeso e calvo|98\/100|[from] item: Leftovers\n|upkeep\n|turn|8\n|\n|t:|1700692738\n|switch|p1a: Whatzapdos|Zapdos|35\/100\n|move|p2a: Obeso e calvo|Ruination|p1a: Whatzapdos\n|-damage|p1a: Whatzapdos|18\/100\n|\n|-heal|p2a: Obeso e calvo|100\/100|[from] item: Leftovers\n|upkeep\n|turn|9\n|\n|t:|1700692748\n|move|p1a: Whatzapdos|Roost|p1a: Whatzapdos\n|-heal|p1a: Whatzapdos|68\/100\n|-singleturn|p1a: Whatzapdos|move: Roost\n|move|p2a: Obeso e calvo|Whirlwind|p1a: Whatzapdos\n|drag|p1a: Pre tiroteio|Brambleghast, M|100\/100\n|-damage|p1a: Pre tiroteio|76\/100|[from] Spikes\n|\n|-heal|p1a: Pre tiroteio|82\/100|[from] item: Leftovers\n|upkeep\n|turn|10\n|\n|t:|1700692764\n|switch|p2a: Aaron Zheng|Rotom-Heat, shiny|79\/100\n|move|p1a: Pre tiroteio|Spikes|p2a: Aaron Zheng\n|-sidestart|p2: Luccasim|Spikes\n|\n|-heal|p1a: Pre tiroteio|88\/100|[from] item: Leftovers\n|upkeep\n|turn|11\n|\n|t:|1700692775\n|switch|p1a: Gorda Jr|Chansey, F|76\/100\n|-damage|p1a: Gorda Jr|51\/100|[from] Spikes\n|move|p2a: Aaron Zheng|Overheat|p1a: Gorda Jr\n|-damage|p1a: Gorda Jr|39\/100\n|-unboost|p2a: Aaron Zheng|spa|2\n|\n|upkeep\n|turn|12\n|\n|t:|1700692783\n|move|p2a: Aaron Zheng|Volt Switch|p1a: Gorda Jr\n|-damage|p1a: Gorda Jr|36\/100\n|\n|t:|1700692786\n|switch|p2a: Quaxwell|Quaxwell, M|100\/100|[from] Volt Switch\n|-damage|p2a: Quaxwell|88\/100|[from] Stealth Rock\n|-status|p2a: Quaxwell|tox\n|-damage|p2a: Quaxwell|75\/100 tox|[from] Spikes\n|move|p1a: Gorda Jr|Soft-Boiled|p1a: Gorda Jr\n|-heal|p1a: Gorda Jr|86\/100\n|\n|-damage|p2a: Quaxwell|69\/100 tox|[from] psn\n|upkeep\n|turn|13\n|\n|t:|1700692796\n|switch|p1a: Pre tiroteio|Brambleghast, M|88\/100\n|-damage|p1a: Pre tiroteio|63\/100|[from] Spikes\n|move|p2a: Quaxwell|Rapid Spin|p1a: Pre tiroteio\n|-immune|p1a: Pre tiroteio\n|\n|-heal|p1a: Pre tiroteio|69\/100|[from] item: Leftovers\n|-damage|p2a: Quaxwell|57\/100 tox|[from] psn\n|upkeep\n|turn|14\n|\n|t:|1700692813\n|switch|p2a: Aaron Zheng|Rotom-Heat, shiny|79\/100\n|move|p1a: Pre tiroteio|Strength Sap|p2a: Aaron Zheng\n|-unboost|p2a: Aaron Zheng|atk|1\n|-heal|p1a: Pre tiroteio|100\/100\n|\n|upkeep\n|turn|15\n|\n|t:|1700692822\n|switch|p1a: Gorda Jr|Chansey, F|86\/100\n|-damage|p1a: Gorda Jr|61\/100|[from] Spikes\n|move|p2a: Aaron Zheng|Will-O-Wisp|p1a: Gorda Jr|[miss]\n|-miss|p2a: Aaron Zheng|p1a: Gorda Jr\n|\n|upkeep\n|turn|16\n|\n|t:|1700692832\n|move|p2a: Aaron Zheng|Volt Switch|p1a: Gorda Jr\n|-damage|p1a: Gorda Jr|56\/100\n|\n|t:|1700692835\n|switch|p2a: Quaxwell|Quaxwell, M|57\/100 tox|[from] Volt Switch\n|-damage|p2a: Quaxwell|45\/100 tox|[from] Stealth Rock\n|-damage|p2a: Quaxwell|32\/100 tox|[from] Spikes\n|move|p1a: Gorda Jr|Soft-Boiled|p1a: Gorda Jr\n|-heal|p1a: Gorda Jr|100\/100\n|\n|-damage|p2a: Quaxwell|26\/100 tox|[from] psn\n|upkeep\n|turn|17\n|\n|t:|1700692844\n|switch|p2a: Magic man|Meowscarada, F|57\/100\n|-damage|p2a: Magic man|45\/100|[from] Stealth Rock\n|-status|p2a: Magic man|tox\n|-damage|p2a: Magic man|32\/100 tox|[from] Spikes\n|switch|p1a: Pre tiroteio|Brambleghast, M|100\/100\n|-damage|p1a: Pre tiroteio|76\/100|[from] Spikes\n|\n|-heal|p1a: Pre tiroteio|82\/100|[from] item: Leftovers\n|-damage|p2a: Magic man|26\/100 tox|[from] psn\n|upkeep\n|turn|18\n|\n|t:|1700692853\n|switch|p1a: Whatzapdos|Zapdos|68\/100\n|move|p2a: Magic man|Knock Off|p1a: Whatzapdos\n|-start|p2a: Magic man|typechange|Dark|[from] ability: Protean\n|-damage|p1a: Whatzapdos|21\/100\n|\n|-damage|p2a: Magic man|14\/100 tox|[from] psn\n|upkeep\n|turn|19\n|\n|t:|1700692865\n|switch|p1a: Sao e Paulo|Weezing, M|100\/100\n|move|p2a: Magic man|Knock Off|p1a: Sao e Paulo\n|-damage|p1a: Sao e Paulo|44\/100\n|-enditem|p1a: Sao e Paulo|Leftovers|[from] move: Knock Off|[of] p2a: Magic man\n|\n|-damage|p2a: Magic man|0 fnt|[from] psn\n|faint|p2a: Magic man\n|upkeep\n|\n|t:|1700692895\n|switch|p2a: Quaxwell|Quaxwell, M|26\/100 tox\n|-damage|p2a: Quaxwell|14\/100 tox|[from] Stealth Rock\n|-damage|p2a: Quaxwell|1\/100 tox|[from] Spikes\n|turn|20\n|\n|t:|1700692901\n|switch|p1a: Pre tiroteio|Brambleghast, M|82\/100\n|-damage|p1a: Pre tiroteio|57\/100|[from] Spikes\n|move|p2a: Quaxwell|Roost|p2a: Quaxwell\n|-heal|p2a: Quaxwell|51\/100 tox\n|-singleturn|p2a: Quaxwell|move: Roost\n|\n|-heal|p1a: Pre tiroteio|63\/100|[from] item: Leftovers\n|-damage|p2a: Quaxwell|45\/100 tox|[from] psn\n|upkeep\n|turn|21\n|\n|t:|1700692910\n|move|p1a: Pre tiroteio|Spikes|p2a: Quaxwell\n|-sidestart|p2: Luccasim|Spikes\n|move|p2a: Quaxwell|Roost|p2a: Quaxwell\n|-heal|p2a: Quaxwell|95\/100 tox\n|-singleturn|p2a: Quaxwell|move: Roost\n|\n|-heal|p1a: Pre tiroteio|69\/100|[from] item: Leftovers\n|-damage|p2a: Quaxwell|83\/100 tox|[from] psn\n|upkeep\n|turn|22\n|\n|t:|1700692918\n|move|p1a: Pre tiroteio|Power Whip|p2a: Quaxwell\n|-supereffective|p2a: Quaxwell\n|-damage|p2a: Quaxwell|0 fnt\n|faint|p2a: Quaxwell\n|\n|-heal|p1a: Pre tiroteio|75\/100|[from] item: Leftovers\n|upkeep\n|\n|t:|1700692930\n|switch|p2a: Vulc\u00e3o da paix\u00e3o|Volcanion|100\/100\n|turn|23\n|\n|t:|1700692945\n|switch|p1a: Gorda Jr|Chansey, F|100\/100\n|-damage|p1a: Gorda Jr|76\/100|[from] Spikes\n|move|p2a: Vulc\u00e3o da paix\u00e3o|Flamethrower|p1a: Gorda Jr\n|-damage|p1a: Gorda Jr|64\/100\n|\n|upkeep\n|turn|24\n|\n|t:|1700692959\n|move|p2a: Vulc\u00e3o da paix\u00e3o|Fire Fang|p1a: Gorda Jr|[miss]\n|-miss|p2a: Vulc\u00e3o da paix\u00e3o|p1a: Gorda Jr\n|move|p1a: Gorda Jr|Soft-Boiled|p1a: Gorda Jr\n|-heal|p1a: Gorda Jr|100\/100\n|\n|upkeep\n|turn|25\n|\n|t:|1700692980\n|move|p2a: Vulc\u00e3o da paix\u00e3o|Fire Fang|p1a: Gorda Jr\n|-damage|p1a: Gorda Jr|68\/100\n|move|p1a: Gorda Jr|Seismic Toss|p2a: Vulc\u00e3o da paix\u00e3o\n|-damage|p2a: Vulc\u00e3o da paix\u00e3o|73\/100\n|\n|upkeep\n|turn|26\n|\n|t:|1700693007\n|switch|p2a: Obeso e calvo|Ting-Lu|100\/100\n|-damage|p2a: Obeso e calvo|94\/100|[from] Stealth Rock\n|-status|p2a: Obeso e calvo|tox\n|-damage|p2a: Obeso e calvo|78\/100 tox|[from] Spikes\n|-ability|p2a: Obeso e calvo|Vessel of Ruin\n|move|p1a: Gorda Jr|Soft-Boiled|p1a: Gorda Jr\n|-heal|p1a: Gorda Jr|100\/100\n|\n|-heal|p2a: Obeso e calvo|84\/100 tox|[from] item: Leftovers\n|-damage|p2a: Obeso e calvo|78\/100 tox|[from] psn\n|upkeep\n|turn|27\n|\n|t:|1700693020\n|switch|p1a: Sao e Paulo|Weezing, M|44\/100\n|move|p2a: Obeso e calvo|Earthquake|p1a: Sao e Paulo\n|-immune|p1a: Sao e Paulo|[from] ability: Levitate\n|\n|-heal|p2a: Obeso e calvo|84\/100 tox|[from] item: Leftovers\n|-damage|p2a: Obeso e calvo|72\/100 tox|[from] psn\n|upkeep\n|turn|28\n|-message|Luccasim forfeited.\n|\n|win|mmeira\n|l|\u2606Luccasim\n","uploadtime":1700693034,"views":7,"p1id":"mmeira","p2id":"luccasim","formatid":"gen9ou","rating":0,"private":0,"password":""}