{"id":"gen9ou-1999489289","p1":"byanar","p2":"plonkpipe","format":"[Gen 9] OU","log":"|j|\u2606byanar\n|j|\u2606plonkpipe\n|t:|1701088150\n|gametype|singles\n|player|p1|byanar|rosa|1376\n|player|p2|plonkpipe|petrel|1334\n|teamsize|p1|6\n|teamsize|p2|6\n|gen|9\n|tier|[Gen 9] OU\n|rated|\n|rule|Sleep Clause Mod: Limit one foe put to sleep\n|rule|Species Clause: Limit one of each Pok\u00e9mon\n|rule|OHKO Clause: OHKO moves are banned\n|rule|Evasion Items Clause: Evasion items are banned\n|rule|Evasion Moves Clause: Evasion moves are banned\n|rule|Endless Battle Clause: Forcing endless battles is banned\n|rule|HP Percentage Mod: HP is shown in percentages\n|clearpoke\n|poke|p1|Kingambit, M|\n|poke|p1|Iron Valiant|\n|poke|p1|Dragapult, M|\n|poke|p1|Samurott-Hisui, F|\n|poke|p1|Enamorus, F|\n|poke|p1|Heatran, F|\n|poke|p2|Kommo-o, M|\n|poke|p2|Ninetales-Alola, F|\n|poke|p2|Iron Moth|\n|poke|p2|Iron Valiant|\n|poke|p2|Kingambit, F|\n|poke|p2|Great Tusk|\n|teampreview\n|inactive|Battle timer is ON: inactive players will automatically lose when time's up. (requested by byanar)\n|inactive|plonkpipe also wants the timer to be on.\n|c|\u2606plonkpipe|glhf, cool team\n|\n|t:|1701088164\n|start\n|switch|p1a: Enamorus|Enamorus, F|100\/100\n|switch|p2a: Ninetales|Ninetales-Alola, F|100\/100\n|-weather|Snow|[from] ability: Snow Warning|[of] p2a: Ninetales\n|turn|1\n|\n|t:|1701088169\n|move|p2a: Ninetales|Aurora Veil|p2a: Ninetales\n|-sidestart|p2: plonkpipe|move: Aurora Veil\n|move|p1a: Enamorus|Sludge Bomb|p2a: Ninetales\n|-supereffective|p2a: Ninetales\n|-damage|p2a: Ninetales|71\/100\n|\n|-weather|Snow|[upkeep]\n|upkeep\n|turn|2\n|\n|t:|1701088179\n|switch|p1a: Heatran|Heatran, F|100\/100\n|move|p2a: Ninetales|Freeze-Dry|p1a: Heatran\n|-resisted|p1a: Heatran\n|-damage|p1a: Heatran|97\/100\n|-status|p1a: Heatran|frz\n|\n|-weather|Snow|[upkeep]\n|-heal|p1a: Heatran|100\/100 frz|[from] item: Leftovers\n|upkeep\n|turn|3\n|\n|t:|1701088193\n|switch|p2a: Great Tusk|Great Tusk|100\/100\n|-curestatus|p1a: Heatran|frz|[msg]\n|move|p1a: Heatran|Lava Plume|p2a: Great Tusk\n|-damage|p2a: Great Tusk|74\/100\n|\n|-weather|Snow|[upkeep]\n|upkeep\n|turn|4\n|\n|t:|1701088211\n|switch|p1a: Enamorus|Enamorus, F|100\/100\n|move|p2a: Great Tusk|Knock Off|p1a: Enamorus\n|-resisted|p1a: Enamorus\n|-damage|p1a: Enamorus|75\/100\n|-enditem|p1a: Enamorus|Heavy-Duty Boots|[from] move: Knock Off|[of] p2a: Great Tusk\n|\n|-weather|Snow|[upkeep]\n|upkeep\n|turn|5\n|\n|t:|1701088217\n|-end|p2a: Great Tusk|Protosynthesis|[silent]\n|switch|p2a: Ninetales|Ninetales-Alola, F|71\/100\n|move|p1a: Enamorus|Moonblast|p2a: Ninetales\n|-damage|p2a: Ninetales|46\/100\n|-unboost|p2a: Ninetales|spa|1\n|\n|-weather|none\n|upkeep\n|turn|6\n|\n|t:|1701088223\n|switch|p1a: Heatran|Heatran, F|100\/100\n|move|p2a: Ninetales|Freeze-Dry|p1a: Heatran\n|-resisted|p1a: Heatran\n|-damage|p1a: Heatran|97\/100\n|\n|-heal|p1a: Heatran|100\/100|[from] item: Leftovers\n|upkeep\n|turn|7\n|\n|t:|1701088232\n|move|p2a: Ninetales|Freeze-Dry|p1a: Heatran\n|-resisted|p1a: Heatran\n|-damage|p1a: Heatran|98\/100\n|-status|p1a: Heatran|frz\n|cant|p1a: Heatran|frz\n|\n|-heal|p1a: Heatran|100\/100 frz|[from] item: Leftovers\n|upkeep\n|turn|8\n|inactive|plonkpipe has 120 seconds left.\n|\n|t:|1701088264\n|switch|p2a: Kingambit|Kingambit, F|100\/100\n|-item|p2a: Kingambit|Air Balloon\n|cant|p1a: Heatran|frz\n|\n|-sideend|p2: plonkpipe|move: Aurora Veil\n|upkeep\n|turn|9\n|\n|t:|1701088273\n|-terastallize|p2a: Kingambit|Dark\n|move|p2a: Kingambit|Kowtow Cleave|p1a: Heatran\n|-damage|p1a: Heatran|60\/100 frz\n|-status|p2a: Kingambit|brn|[from] ability: Flame Body|[of] p1a: Heatran\n|cant|p1a: Heatran|frz\n|\n|-heal|p1a: Heatran|66\/100 frz|[from] item: Leftovers\n|-damage|p2a: Kingambit|94\/100 brn|[from] brn\n|upkeep\n|turn|10\n|\n|t:|1701088283\n|cant|p1a: Heatran|frz\n|move|p2a: Kingambit|Swords Dance|p2a: Kingambit\n|-boost|p2a: Kingambit|atk|2\n|\n|-heal|p1a: Heatran|73\/100 frz|[from] item: Leftovers\n|-damage|p2a: Kingambit|88\/100 brn|[from] brn\n|upkeep\n|turn|11\n|\n|t:|1701088286\n|cant|p1a: Heatran|frz\n|move|p2a: Kingambit|Kowtow Cleave|p1a: Heatran\n|-damage|p1a: Heatran|30\/100 frz\n|\n|-heal|p1a: Heatran|36\/100 frz|[from] item: Leftovers\n|-damage|p2a: Kingambit|82\/100 brn|[from] brn\n|upkeep\n|turn|12\n|\n|t:|1701088295\n|cant|p1a: Heatran|frz\n|move|p2a: Kingambit|Kowtow Cleave|p1a: Heatran\n|-damage|p1a: Heatran|0 fnt\n|faint|p1a: Heatran\n|\n|-damage|p2a: Kingambit|76\/100 brn|[from] brn\n|upkeep\n|\n|t:|1701088313\n|switch|p1a: Enamorus|Enamorus, F|75\/100\n|turn|13\n|\n|t:|1701088320\n|move|p2a: Kingambit|Sucker Punch|p1a: Enamorus\n|-resisted|p1a: Enamorus\n|-damage|p1a: Enamorus|30\/100\n|move|p1a: Enamorus|Moonblast|p2a: Kingambit\n|-supereffective|p2a: Kingambit\n|-damage|p2a: Kingambit|0 fnt\n|-enditem|p2a: Kingambit|Air Balloon\n|faint|p2a: Kingambit\n|-end|p2a: Kingambit|fallenundefined|[silent]\n|\n|upkeep\n|\n|t:|1701088324\n|switch|p2a: Ninetales|Ninetales-Alola, F|46\/100\n|-weather|Snow|[from] ability: Snow Warning|[of] p2a: Ninetales\n|turn|14\n|\n|t:|1701088327\n|move|p2a: Ninetales|Aurora Veil|p2a: Ninetales\n|-sidestart|p2: plonkpipe|move: Aurora Veil\n|move|p1a: Enamorus|Sludge Bomb|p2a: Ninetales\n|-supereffective|p2a: Ninetales\n|-damage|p2a: Ninetales|16\/100\n|\n|-weather|Snow|[upkeep]\n|upkeep\n|turn|15\n|\n|t:|1701088334\n|switch|p1a: Kingambit|Kingambit, M|100\/100\n|-activate|p1a: Kingambit|ability: Supreme Overlord\n|-start|p1a: Kingambit|fallen1|[silent]\n|move|p2a: Ninetales|Moonblast|p1a: Kingambit\n|-damage|p1a: Kingambit|73\/100\n|\n|-weather|Snow|[upkeep]\n|-heal|p1a: Kingambit|79\/100|[from] item: Leftovers\n|upkeep\n|turn|16\n|\n|t:|1701088341\n|switch|p2a: Great Tusk|Great Tusk|74\/100\n|move|p1a: Kingambit|Iron Head|p2a: Great Tusk\n|-damage|p2a: Great Tusk|57\/100\n|\n|-weather|Snow|[upkeep]\n|-heal|p1a: Kingambit|85\/100|[from] item: Leftovers\n|upkeep\n|turn|17\n|\n|t:|1701088347\n|-end|p1a: Kingambit|fallen1|[silent]\n|switch|p1a: Enamorus|Enamorus, F|30\/100\n|move|p2a: Great Tusk|Rapid Spin|p1a: Enamorus\n|-damage|p1a: Enamorus|4\/100\n|-boost|p2a: Great Tusk|spe|1\n|\n|-weather|Snow|[upkeep]\n|upkeep\n|turn|18\n|\n|t:|1701088363\n|move|p2a: Great Tusk|Knock Off|p1a: Enamorus\n|-resisted|p1a: Enamorus\n|-damage|p1a: Enamorus|0 fnt\n|faint|p1a: Enamorus\n|\n|-weather|none\n|upkeep\n|inactive|byanar has 120 seconds left.\n|\n|t:|1701088403\n|switch|p1a: Iron Valiant|Iron Valiant|100\/100\n|-enditem|p1a: Iron Valiant|Booster Energy\n|-activate|p1a: Iron Valiant|ability: Quark Drive|[fromitem]\n|-start|p1a: Iron Valiant|quarkdrivespe\n|turn|19\n|\n|t:|1701088411\n|move|p1a: Iron Valiant|Moonblast|p2a: Great Tusk\n|-supereffective|p2a: Great Tusk\n|-damage|p2a: Great Tusk|0 fnt\n|faint|p2a: Great Tusk\n|-end|p2a: Great Tusk|Protosynthesis|[silent]\n|\n|upkeep\n|\n|t:|1701088441\n|switch|p2a: Iron Valiant|Iron Valiant|100\/100\n|turn|20\n|inactive|byanar has 120 seconds left.\n|\n|t:|1701088447\n|-terastallize|p1a: Iron Valiant|Steel\n|move|p1a: Iron Valiant|Moonblast|p2a: Iron Valiant\n|-supereffective|p2a: Iron Valiant\n|-damage|p2a: Iron Valiant|16\/100\n|move|p2a: Iron Valiant|Moonblast|p1a: Iron Valiant\n|-resisted|p1a: Iron Valiant\n|-damage|p1a: Iron Valiant|42\/100\n|\n|upkeep\n|turn|21\n|\n|t:|1701088468\n|-end|p2a: Iron Valiant|Quark Drive|[silent]\n|switch|p2a: Ninetales|Ninetales-Alola, F|16\/100\n|-weather|Snow|[from] ability: Snow Warning|[of] p2a: Ninetales\n|move|p1a: Iron Valiant|Moonblast|p2a: Ninetales\n|-damage|p2a: Ninetales|0 fnt\n|faint|p2a: Ninetales\n|\n|-weather|Snow|[upkeep]\n|-sideend|p2: plonkpipe|move: Aurora Veil\n|upkeep\n|\n|t:|1701088471\n|switch|p2a: Iron Moth|Iron Moth|100\/100\n|-enditem|p2a: Iron Moth|Booster Energy\n|-activate|p2a: Iron Moth|ability: Quark Drive|[fromitem]\n|-start|p2a: Iron Moth|quarkdrivespe\n|turn|22\n|\n|t:|1701088475\n|move|p1a: Iron Valiant|Psyshock|p2a: Iron Moth\n|-supereffective|p2a: Iron Moth\n|-crit|p2a: Iron Moth\n|-damage|p2a: Iron Moth|0 fnt\n|faint|p2a: Iron Moth\n|-end|p2a: Iron Moth|Quark Drive|[silent]\n|\n|-weather|Snow|[upkeep]\n|upkeep\n|\n|t:|1701088481\n|switch|p2a: kommo on|Kommo-o, M, shiny|100\/100\n|turn|23\n|\n|t:|1701088492\n|move|p1a: Iron Valiant|Moonblast|p2a: kommo on\n|-supereffective|p2a: kommo on\n|-damage|p2a: kommo on|0 fnt\n|faint|p2a: kommo on\n|\n|-weather|Snow|[upkeep]\n|upkeep\n|\n|t:|1701088495\n|switch|p2a: Iron Valiant|Iron Valiant|16\/100\n|turn|24\n|\n|t:|1701088498\n|move|p1a: Iron Valiant|Moonblast|p2a: Iron Valiant\n|-supereffective|p2a: Iron Valiant\n|-damage|p2a: Iron Valiant|0 fnt\n|faint|p2a: Iron Valiant\n|-end|p2a: Iron Valiant|Quark Drive|[silent]\n|\n|win|byanar\n|raw|byanar's rating: 1376 &rarr; <strong>1394<\/strong><br \/>(+18 for winning)\n|raw|plonkpipe's rating: 1334 &rarr; <strong>1316<\/strong><br \/>(-18 for losing)\n|l|\u2606plonkpipe\n","uploadtime":1701088548,"views":3,"p1id":"byanar","p2id":"plonkpipe","formatid":"gen9ou","rating":1316,"private":0,"password":""}