{"id":"gen9ou-1990837303","p1":"E4Everyone","p2":"EkCantDrawLol","format":"[Gen 9] OU","log":"|j|\u2606E4Everyone\n|j|\u2606EkCantDrawLol\n|inactive|Battle timer is ON: inactive players will automatically lose when time's up.\n|j|*Lady Monita \u2746\n|t:|1700005995\n|gametype|singles\n|player|p1|E4Everyone|hugh|\n|player|p2|EkCantDrawLol|skierf|\n|teamsize|p1|3\n|teamsize|p2|3\n|gen|9\n|tier|[Gen 9] OU\n|rated|Tournament battle\n|rule|Sleep Clause Mod: Limit one foe put to sleep\n|rule|Species Clause: Limit one of each Pok\u00e9mon\n|rule|OHKO Clause: OHKO moves are banned\n|rule|Evasion Items Clause: Evasion items are banned\n|rule|Evasion Moves Clause: Evasion moves are banned\n|rule|Endless Battle Clause: Forcing endless battles is banned\n|rule|HP Percentage Mod: HP is shown in percentages\n|clearpoke\n|poke|p1|Munchlax, F|\n|poke|p1|Gabite, M|\n|poke|p1|Magnemite|\n|poke|p2|Feebas, F|\n|poke|p2|Chespin, M|\n|poke|p2|Gholdengo|\n|teampreview\n|j| Sneaselenjoyer\n|c|\u2606EkCantDrawLol|Glhf\n|\n|t:|1700006023\n|start\n|switch|p1a: Gabite|Gabite, M|100\/100\n|switch|p2a: Chespin|Chespin, M|100\/100\n|turn|1\n|\n|t:|1700006032\n|move|p1a: Gabite|Substitute|p1a: Gabite\n|-start|p1a: Gabite|Substitute\n|-damage|p1a: Gabite|75\/100\n|move|p2a: Chespin|Leech Seed||[still]\n|-fail|p2a: Chespin\n|\n|-heal|p1a: Gabite|82\/100|[from] item: Leftovers\n|upkeep\n|turn|2\n|\n|t:|1700006037\n|move|p1a: Gabite|Stealth Rock|p2a: Chespin\n|-sidestart|p2: EkCantDrawLol|move: Stealth Rock\n|move|p2a: Chespin|Substitute|p2a: Chespin\n|-start|p2a: Chespin|Substitute\n|-damage|p2a: Chespin|76\/100\n|\n|-heal|p1a: Gabite|88\/100|[from] item: Leftovers\n|upkeep\n|turn|3\n|\n|t:|1700006043\n|move|p1a: Gabite|Earthquake|p2a: Chespin\n|-resisted|p2a: Chespin\n|-activate|p2a: Chespin|move: Substitute|[damage]\n|move|p2a: Chespin|Shadow Claw|p1a: Gabite\n|-activate|p1a: Gabite|move: Substitute|[damage]\n|\n|-heal|p1a: Gabite|94\/100|[from] item: Leftovers\n|upkeep\n|turn|4\n|\n|t:|1700006052\n|-singleturn|p2a: Chespin|move: Focus Punch\n|move|p2a: Chespin|Focus Punch|p1a: Gabite\n|-end|p1a: Gabite|Substitute\n|move|p1a: Gabite|Dragon Tail|p2a: Chespin\n|-activate|p2a: Chespin|move: Substitute|[damage]\n|\n|-heal|p1a: Gabite|99\/100|[from] item: Leftovers\n|upkeep\n|turn|5\n|\n|t:|1700006064\n|-singleturn|p2a: Chespin|move: Focus Punch\n|move|p1a: Gabite|Substitute|p1a: Gabite\n|-start|p1a: Gabite|Substitute\n|-damage|p1a: Gabite|75\/100\n|move|p2a: Chespin|Focus Punch|p1a: Gabite\n|-end|p1a: Gabite|Substitute\n|\n|-heal|p1a: Gabite|81\/100|[from] item: Leftovers\n|upkeep\n|turn|6\n|\n|t:|1700006069\n|-singleturn|p2a: Chespin|move: Focus Punch\n|move|p1a: Gabite|Earthquake|p2a: Chespin\n|-resisted|p2a: Chespin\n|-end|p2a: Chespin|Substitute\n|move|p2a: Chespin|Focus Punch|p1a: Gabite\n|-damage|p1a: Gabite|48\/100\n|-damage|p2a: Chespin|63\/100|[from] ability: Rough Skin|[of] p1a: Gabite\n|\n|-heal|p1a: Gabite|54\/100|[from] item: Leftovers\n|upkeep\n|turn|7\n|\n|t:|1700006076\n|move|p1a: Gabite|Earthquake|p2a: Chespin\n|-resisted|p2a: Chespin\n|-damage|p2a: Chespin|53\/100\n|move|p2a: Chespin|Substitute|p2a: Chespin\n|-start|p2a: Chespin|Substitute\n|-damage|p2a: Chespin|28\/100\n|\n|-heal|p1a: Gabite|60\/100|[from] item: Leftovers\n|upkeep\n|turn|8\n|\n|t:|1700006085\n|move|p1a: Gabite|Earthquake|p2a: Chespin\n|-resisted|p2a: Chespin\n|-activate|p2a: Chespin|move: Substitute|[damage]\n|move|p2a: Chespin|Leech Seed|p1a: Gabite\n|-start|p1a: Gabite|move: Leech Seed\n|\n|-heal|p1a: Gabite|66\/100|[from] item: Leftovers\n|-damage|p1a: Gabite|54\/100|[from] Leech Seed|[of] p2a: Chespin\n|-heal|p2a: Chespin|41\/100|[silent]\n|upkeep\n|turn|9\n|\n|t:|1700006088\n|-singleturn|p2a: Chespin|move: Focus Punch\n|move|p1a: Gabite|Earthquake|p2a: Chespin\n|-resisted|p2a: Chespin\n|-activate|p2a: Chespin|move: Substitute|[damage]\n|move|p2a: Chespin|Focus Punch|p1a: Gabite\n|-damage|p1a: Gabite|18\/100\n|-damage|p2a: Chespin|29\/100|[from] ability: Rough Skin|[of] p1a: Gabite\n|\n|-heal|p1a: Gabite|24\/100|[from] item: Leftovers\n|-damage|p1a: Gabite|12\/100|[from] Leech Seed|[of] p2a: Chespin\n|-heal|p2a: Chespin|42\/100|[silent]\n|upkeep\n|turn|10\n|\n|t:|1700006099\n|switch|p1a: Magnemite|Magnemite|100\/100\n|move|p2a: Chespin|Substitute|p2a: Chespin\n|-fail|p2a: Chespin|move: Substitute\n|\n|upkeep\n|turn|11\n|\n|t:|1700006105\n|move|p1a: Magnemite|Reflect|p1a: Magnemite\n|-sidestart|p1: E4Everyone|Reflect\n|move|p2a: Chespin|Leech Seed|p1a: Magnemite\n|-start|p1a: Magnemite|move: Leech Seed\n|\n|-damage|p1a: Magnemite|88\/100|[from] Leech Seed|[of] p2a: Chespin\n|-heal|p2a: Chespin|52\/100|[silent]\n|upkeep\n|turn|12\n|\n|t:|1700006109\n|-singleturn|p2a: Chespin|move: Focus Punch\n|move|p1a: Magnemite|Light Screen|p1a: Magnemite\n|-sidestart|p1: E4Everyone|move: Light Screen\n|move|p2a: Chespin|Focus Punch|p1a: Magnemite\n|-supereffective|p1a: Magnemite\n|-damage|p1a: Magnemite|62\/100\n|\n|-damage|p1a: Magnemite|50\/100|[from] Leech Seed|[of] p2a: Chespin\n|-heal|p2a: Chespin|62\/100|[silent]\n|upkeep\n|turn|13\n|\n|t:|1700006116\n|-singleturn|p2a: Chespin|move: Focus Punch\n|move|p1a: Magnemite|Thunderbolt|p2a: Chespin\n|-resisted|p2a: Chespin\n|-end|p2a: Chespin|Substitute\n|move|p2a: Chespin|Focus Punch|p1a: Magnemite\n|-supereffective|p1a: Magnemite\n|-damage|p1a: Magnemite|21\/100\n|\n|-damage|p1a: Magnemite|9\/100|[from] Leech Seed|[of] p2a: Chespin\n|-heal|p2a: Chespin|72\/100|[silent]\n|upkeep\n|turn|14\n|\n|t:|1700006123\n|switch|p1a: Munchlax|Munchlax, F|100\/100\n|move|p2a: Chespin|Substitute|p2a: Chespin\n|-start|p2a: Chespin|Substitute\n|-damage|p2a: Chespin|47\/100\n|\n|upkeep\n|turn|15\n|\n|t:|1700006131\n|-terastallize|p2a: Chespin|Fighting\n|-singleturn|p2a: Chespin|move: Focus Punch\n|move|p1a: Munchlax|Curse|p1a: Munchlax\n|-unboost|p1a: Munchlax|spe|1\n|-boost|p1a: Munchlax|atk|1\n|-boost|p1a: Munchlax|def|1\n|move|p2a: Chespin|Focus Punch|p1a: Munchlax\n|-supereffective|p1a: Munchlax\n|-damage|p1a: Munchlax|78\/100\n|\n|upkeep\n|turn|16\n|\n|t:|1700006149\n|move|p2a: Chespin|Leech Seed|p1a: Munchlax\n|-start|p1a: Munchlax|move: Leech Seed\n|move|p1a: Munchlax|Curse|p1a: Munchlax\n|-unboost|p1a: Munchlax|spe|1\n|-boost|p1a: Munchlax|atk|1\n|-boost|p1a: Munchlax|def|1\n|\n|-damage|p1a: Munchlax|66\/100|[from] Leech Seed|[of] p2a: Chespin\n|-heal|p2a: Chespin|66\/100|[silent]\n|upkeep\n|turn|17\n|\n|t:|1700006153\n|-terastallize|p1a: Munchlax|Ghost\n|-singleturn|p2a: Chespin|move: Focus Punch\n|move|p1a: Munchlax|Body Slam|p2a: Chespin\n|-end|p2a: Chespin|Substitute\n|move|p2a: Chespin|Focus Punch|p1a: Munchlax\n|-immune|p1a: Munchlax\n|\n|-damage|p1a: Munchlax|53\/100|[from] Leech Seed|[of] p2a: Chespin\n|-heal|p2a: Chespin|85\/100|[silent]\n|upkeep\n|turn|18\n|\n|t:|1700006171\n|move|p2a: Chespin|Substitute|p2a: Chespin\n|-start|p2a: Chespin|Substitute\n|-damage|p2a: Chespin|60\/100\n|move|p1a: Munchlax|Body Slam|p2a: Chespin\n|-end|p2a: Chespin|Substitute\n|\n|-damage|p1a: Munchlax|41\/100|[from] Leech Seed|[of] p2a: Chespin\n|-heal|p2a: Chespin|79\/100|[silent]\n|-sideend|p1: E4Everyone|Reflect\n|upkeep\n|turn|19\n|\n|t:|1700006176\n|move|p2a: Chespin|Substitute|p2a: Chespin\n|-start|p2a: Chespin|Substitute\n|-damage|p2a: Chespin|54\/100\n|move|p1a: Munchlax|Body Slam|p2a: Chespin\n|-end|p2a: Chespin|Substitute\n|\n|-damage|p1a: Munchlax|28\/100|[from] Leech Seed|[of] p2a: Chespin\n|-heal|p2a: Chespin|73\/100|[silent]\n|-sideend|p1: E4Everyone|move: Light Screen\n|upkeep\n|turn|20\n|\n|t:|1700006178\n|move|p2a: Chespin|Substitute|p2a: Chespin\n|-start|p2a: Chespin|Substitute\n|-damage|p2a: Chespin|48\/100\n|move|p1a: Munchlax|Rest|p1a: Munchlax\n|-status|p1a: Munchlax|slp|[from] move: Rest\n|-heal|p1a: Munchlax|100\/100 slp|[silent]\n|\n|-damage|p1a: Munchlax|88\/100 slp|[from] Leech Seed|[of] p2a: Chespin\n|-heal|p2a: Chespin|67\/100|[silent]\n|upkeep\n|turn|21\n|\n|t:|1700006181\n|move|p2a: Chespin|Shadow Claw|p1a: Munchlax\n|-supereffective|p1a: Munchlax\n|-damage|p1a: Munchlax|77\/100 slp\n|cant|p1a: Munchlax|slp\n|\n|-damage|p1a: Munchlax|65\/100 slp|[from] Leech Seed|[of] p2a: Chespin\n|-heal|p2a: Chespin|85\/100|[silent]\n|upkeep\n|turn|22\n|\n|t:|1700006185\n|move|p2a: Chespin|Shadow Claw|p1a: Munchlax\n|-supereffective|p1a: Munchlax\n|-damage|p1a: Munchlax|54\/100 slp\n|cant|p1a: Munchlax|slp\n|move|p1a: Munchlax|Sleep Talk|p1a: Munchlax\n|move|p1a: Munchlax|Body Slam|p2a: Chespin|[from]move: Sleep Talk\n|-end|p2a: Chespin|Substitute\n|\n|-damage|p1a: Munchlax|42\/100 slp|[from] Leech Seed|[of] p2a: Chespin\n|-heal|p2a: Chespin|100\/100|[silent]\n|upkeep\n|turn|23\n|\n|t:|1700006191\n|move|p2a: Chespin|Substitute|p2a: Chespin\n|-start|p2a: Chespin|Substitute\n|-damage|p2a: Chespin|76\/100\n|-curestatus|p1a: Munchlax|slp|[msg]\n|move|p1a: Munchlax|Sleep Talk||[still]\n|-fail|p1a: Munchlax\n|\n|-damage|p1a: Munchlax|29\/100|[from] Leech Seed|[of] p2a: Chespin\n|-heal|p2a: Chespin|94\/100|[silent]\n|upkeep\n|turn|24\n|\n|t:|1700006197\n|move|p2a: Chespin|Shadow Claw|p1a: Munchlax\n|-supereffective|p1a: Munchlax\n|-damage|p1a: Munchlax|18\/100\n|move|p1a: Munchlax|Rest|p1a: Munchlax\n|-status|p1a: Munchlax|slp|[from] move: Rest\n|-heal|p1a: Munchlax|100\/100 slp|[silent]\n|\n|-damage|p1a: Munchlax|88\/100 slp|[from] Leech Seed|[of] p2a: Chespin\n|-heal|p2a: Chespin|100\/100|[silent]\n|upkeep\n|turn|25\n|\n|t:|1700006201\n|move|p2a: Chespin|Shadow Claw|p1a: Munchlax\n|-supereffective|p1a: Munchlax\n|-damage|p1a: Munchlax|78\/100 slp\n|cant|p1a: Munchlax|slp\n|move|p1a: Munchlax|Sleep Talk|p1a: Munchlax\n|move|p1a: Munchlax|Curse|p2a: Chespin|[from]move: Sleep Talk\n|-start|p2a: Chespin|Curse|[of] p1a: Munchlax\n|-damage|p1a: Munchlax|28\/100 slp\n|\n|-damage|p1a: Munchlax|15\/100 slp|[from] Leech Seed|[of] p2a: Chespin\n|-damage|p2a: Chespin|76\/100|[from] Curse\n|upkeep\n|turn|26\n|\n|t:|1700006205\n|move|p2a: Chespin|Shadow Claw|p1a: Munchlax\n|-supereffective|p1a: Munchlax\n|-damage|p1a: Munchlax|5\/100 slp\n|cant|p1a: Munchlax|slp\n|\n|-damage|p1a: Munchlax|0 fnt|[from] Leech Seed|[of] p2a: Chespin\n|-heal|p2a: Chespin|82\/100|[silent]\n|faint|p1a: Munchlax\n|-damage|p2a: Chespin|57\/100|[from] Curse\n|upkeep\n|\n|t:|1700006208\n|switch|p1a: Magnemite|Magnemite|9\/100\n|turn|27\n|\n|t:|1700006212\n|move|p1a: Magnemite|Reflect|p1a: Magnemite\n|-sidestart|p1: E4Everyone|Reflect\n|move|p2a: Chespin|Shadow Claw|p1a: Magnemite\n|-damage|p1a: Magnemite|3\/100\n|\n|-damage|p2a: Chespin|32\/100|[from] Curse\n|upkeep\n|turn|28\n|\n|t:|1700006216\n|move|p1a: Magnemite|Thunderbolt|p2a: Chespin\n|-end|p2a: Chespin|Substitute\n|move|p2a: Chespin|Shadow Claw|p1a: Magnemite\n|-damage|p1a: Magnemite|0 fnt\n|faint|p1a: Magnemite\n|\n|-damage|p2a: Chespin|7\/100|[from] Curse\n|upkeep\n|\n|t:|1700006221\n|switch|p1a: Gabite|Gabite, M|12\/100\n|turn|29\n|\n|t:|1700006226\n|-singleturn|p2a: Chespin|move: Focus Punch\n|move|p1a: Gabite|Earthquake|p2a: Chespin\n|-damage|p2a: Chespin|0 fnt\n|faint|p2a: Chespin\n|\n|-heal|p1a: Gabite|18\/100|[from] item: Leftovers\n|upkeep\n|\n|t:|1700006229\n|switch|p2a: Feebas|Feebas, F, shiny|100\/100\n|-damage|p2a: Feebas|88\/100|[from] Stealth Rock\n|turn|30\n|\n|t:|1700006239\n|move|p1a: Gabite|Earthquake|p2a: Feebas\n|-damage|p2a: Feebas|0 fnt\n|faint|p2a: Feebas\n|\n|-heal|p1a: Gabite|24\/100|[from] item: Leftovers\n|upkeep\n|\n|t:|1700006241\n|switch|p2a: Gholdengo|Gholdengo, shiny|100\/100\n|-damage|p2a: Gholdengo|94\/100|[from] Stealth Rock\n|turn|31\n|\n|t:|1700006258\n|move|p1a: Gabite|Earthquake|p2a: Gholdengo\n|-supereffective|p2a: Gholdengo\n|-damage|p2a: Gholdengo|37\/100\n|move|p2a: Gholdengo|Make It Rain|p1a: Gabite\n|-damage|p1a: Gabite|0 fnt\n|-unboost|p2a: Gholdengo|spa|1\n|faint|p1a: Gabite\n|\n|win|EkCantDrawLol\n|n|\u2606E4Everyone|e4everyone\n|n|\u2606EkCantDrawLol|ekcantdrawlol\n|n|*Lady Monita \u2746|ladymonita\n|n| Sneaselenjoyer|sneaselenjoyer\n|l|*Lady Monita \u2746\n|l|\u2606E4Everyone\n|l| Sneaselenjoyer\n","uploadtime":1700006684,"views":19,"p1id":"e4everyone","p2id":"ekcantdrawlol","formatid":"gen9ou","rating":0,"private":0,"password":""}