{"id":"gen9ou-1996437474","p1":"Naerzar","p2":"Pokedrew4747","format":"[Gen 9] OU","log":"|j|\u2606Naerzar\n|j|\u2606Pokedrew4747\n|t:|1700681948\n|gametype|singles\n|player|p1|Naerzar|clair|1074\n|player|p2|Pokedrew4747|clown|1050\n|teamsize|p1|6\n|teamsize|p2|6\n|gen|9\n|tier|[Gen 9] OU\n|rated|\n|rule|Sleep Clause Mod: Limit one foe put to sleep\n|rule|Species Clause: Limit one of each Pok\u00e9mon\n|rule|OHKO Clause: OHKO moves are banned\n|rule|Evasion Items Clause: Evasion items are banned\n|rule|Evasion Moves Clause: Evasion moves are banned\n|rule|Endless Battle Clause: Forcing endless battles is banned\n|rule|HP Percentage Mod: HP is shown in percentages\n|clearpoke\n|poke|p1|Iron Valiant|\n|poke|p1|Glimmora, F|\n|poke|p1|Dragonite, M|\n|poke|p1|Hatterene, F|\n|poke|p1|Ceruledge, M|\n|poke|p1|Torkoal, F|\n|poke|p2|Dudunsparce-*, F|\n|poke|p2|Slowking-Galar, M|\n|poke|p2|Shaymin|\n|poke|p2|Rotom-Wash|\n|poke|p2|Toxapex, M|\n|poke|p2|Inteleon, F|\n|teampreview\n|\n|t:|1700681963\n|start\n|switch|p1a: Glimmora|Glimmora, F|100\/100\n|switch|p2a: Shaymin|Shaymin, shiny|100\/100\n|turn|1\n|\n|t:|1700681973\n|move|p1a: Glimmora|Stealth Rock|p2a: Shaymin\n|-sidestart|p2: Pokedrew4747|move: Stealth Rock\n|move|p2a: Shaymin|Seed Flare|p1a: Glimmora\n|-damage|p1a: Glimmora|39\/100\n|\n|upkeep\n|turn|2\n|\n|t:|1700681981\n|move|p1a: Glimmora|Mortal Spin|p2a: Shaymin\n|-supereffective|p2a: Shaymin\n|-damage|p2a: Shaymin|89\/100\n|-status|p2a: Shaymin|psn\n|move|p2a: Shaymin|Seed Flare|p1a: Glimmora\n|-damage|p1a: Glimmora|0 fnt\n|faint|p1a: Glimmora\n|\n|-heal|p2a: Shaymin|95\/100 psn|[from] item: Leftovers\n|-damage|p2a: Shaymin|83\/100 psn|[from] psn\n|upkeep\n|\n|t:|1700681995\n|switch|p1a: Dragonite|Dragonite, M|100\/100\n|turn|3\n|\n|t:|1700681999\n|move|p1a: Dragonite|Agility|p1a: Dragonite\n|-boost|p1a: Dragonite|spe|2\n|move|p2a: Shaymin|Substitute|p2a: Shaymin\n|-start|p2a: Shaymin|Substitute\n|-damage|p2a: Shaymin|58\/100 psn\n|\n|-heal|p2a: Shaymin|64\/100 psn|[from] item: Leftovers\n|-damage|p2a: Shaymin|51\/100 psn|[from] psn\n|upkeep\n|turn|4\n|\n|t:|1700682010\n|move|p2a: Shaymin|Leech Seed|p1a: Dragonite\n|-start|p1a: Dragonite|move: Leech Seed\n|move|p1a: Dragonite|Roar|p2a: Shaymin\n|-curestatus|p2a: Shaymin|psn|[from] ability: Natural Cure\n|drag|p2a: Slowking|Slowking-Galar, M, shiny|100\/100\n|-damage|p2a: Slowking|88\/100|[from] Stealth Rock\n|\n|-heal|p2a: Slowking|94\/100|[from] item: Leftovers\n|-damage|p1a: Dragonite|88\/100|[from] Leech Seed|[of] p2a: Slowking\n|-heal|p2a: Slowking|100\/100|[silent]\n|upkeep\n|turn|5\n|\n|t:|1700682022\n|move|p1a: Dragonite|Metronome|p1a: Dragonite\n|move|p1a: Dragonite|Healing Wish|p1a: Dragonite|[from]move: Metronome\n|faint|p1a: Dragonite\n|move|p2a: Slowking|Trick Room|p2a: Slowking\n|-fieldstart|move: Trick Room|[of] p2a: Slowking\n|\n|upkeep\n|c|\u2606Naerzar|brp\n|c|\u2606Naerzar|bro\n|c|\u2606Pokedrew4747|i feel your pain\n|c|\u2606Naerzar|bro took low tier gods advice\n|c|\u2606Pokedrew4747|lol\n|\n|t:|1700682061\n|switch|p1a: Hatterene|Hatterene, F, shiny|100\/100\n|turn|6\n|c|\u2606Naerzar|strategy is overrated fr\n|c|\u2606Naerzar|have faith in metronome\n|\n|t:|1700682088\n|move|p2a: Slowking|Chilly Reception|p2a: Slowking\n|-weather|Snow\n|\n|t:|1700682091\n|switch|p2a: Sir Tank|Toxapex, M, shiny|100\/100|[from] Chilly Reception\n|-damage|p2a: Sir Tank|88\/100|[from] Stealth Rock\n|move|p1a: Hatterene|Light Screen|p1a: Hatterene\n|-sidestart|p1: Naerzar|move: Light Screen\n|\n|-weather|Snow|[upkeep]\n|-heal|p2a: Sir Tank|94\/100|[from] item: Black Sludge\n|upkeep\n|turn|7\n|\n|t:|1700682102\n|move|p1a: Hatterene|Reflect|p1a: Hatterene\n|-sidestart|p1: Naerzar|Reflect\n|move|p2a: Sir Tank|Toxic|p1a: Hatterene\n|move|p1a: Hatterene|Toxic|p2a: Sir Tank|[from]ability: Magic Bounce\n|-immune|p2a: Sir Tank\n|\n|-weather|Snow|[upkeep]\n|-heal|p2a: Sir Tank|100\/100|[from] item: Black Sludge\n|upkeep\n|turn|8\n|\n|t:|1700682131\n|switch|p2a: Rotom|Rotom-Wash, shiny|100\/100\n|-damage|p2a: Rotom|88\/100|[from] Stealth Rock\n|move|p1a: Hatterene|Metronome|p1a: Hatterene\n|move|p1a: Hatterene|Earthquake|p2a: Rotom|[from]move: Metronome\n|-immune|p2a: Rotom|[from] ability: Levitate\n|\n|-weather|Snow|[upkeep]\n|-heal|p2a: Rotom|94\/100|[from] item: Leftovers\n|upkeep\n|turn|9\n|\n|t:|1700682148\n|move|p1a: Hatterene|Metronome|p1a: Hatterene\n|move|p1a: Hatterene|Fiery Dance|p2a: Rotom|[from]move: Metronome\n|-resisted|p2a: Rotom\n|-damage|p2a: Rotom|74\/100\n|move|p2a: Rotom|Thunder|p1a: Hatterene|[miss]\n|-miss|p2a: Rotom|p1a: Hatterene\n|\n|-weather|Snow|[upkeep]\n|-heal|p2a: Rotom|80\/100|[from] item: Leftovers\n|-fieldend|move: Trick Room\n|upkeep\n|turn|10\n|c|\u2606Naerzar|can i like\n|\n|t:|1700682166\n|move|p2a: Rotom|Volt Switch|p1a: Hatterene\n|-damage|p1a: Hatterene|83\/100\n|c|\u2606Naerzar|get something good\n|\n|t:|1700682169\n|switch|p2a: Dudunsparce|Dudunsparce-Three-Segment, F|100\/100|[from] Volt Switch\n|-damage|p2a: Dudunsparce|88\/100|[from] Stealth Rock\n|move|p1a: Hatterene|Metronome|p1a: Hatterene\n|move|p1a: Hatterene|Fury Cutter|p2a: Dudunsparce|[from]move: Metronome\n|-damage|p2a: Dudunsparce|79\/100\n|\n|-weather|none\n|upkeep\n|turn|11\n|\n|t:|1700682191\n|move|p2a: Dudunsparce|Rock Slide|p1a: Hatterene\n|-damage|p1a: Hatterene|65\/100\n|move|p1a: Hatterene|Thunder Wave|p2a: Dudunsparce\n|-status|p2a: Dudunsparce|par\n|\n|upkeep\n|turn|12\n|\n|t:|1700682197\n|move|p2a: Dudunsparce|Rock Slide|p1a: Hatterene\n|-damage|p1a: Hatterene|47\/100\n|move|p1a: Hatterene|Metronome|p1a: Hatterene\n|move|p1a: Hatterene|Doom Desire|p2a: Dudunsparce|[from]move: Metronome\n|-start|p1a: Hatterene|Doom Desire\n|\n|upkeep\n|turn|13\n|\n|t:|1700682206\n|move|p2a: Dudunsparce|Rock Slide|p1a: Hatterene\n|-damage|p1a: Hatterene|29\/100\n|move|p1a: Hatterene|Metronome|p1a: Hatterene\n|move|p1a: Hatterene|Lick|p2a: Dudunsparce|[from]move: Metronome\n|-immune|p2a: Dudunsparce\n|\n|-sideend|p1: Naerzar|move: Light Screen\n|upkeep\n|turn|14\n|\n|t:|1700682219\n|move|p2a: Dudunsparce|Rock Slide|p1a: Hatterene\n|-damage|p1a: Hatterene|13\/100\n|cant|p1a: Hatterene|flinch\n|\n|-end|p2a: Dudunsparce|move: Doom Desire\n|-damage|p2a: Dudunsparce|22\/100 par\n|-sideend|p1: Naerzar|Reflect\n|upkeep\n|turn|15\n|\n|t:|1700682229\n|move|p2a: Dudunsparce|Rock Slide|p1a: Hatterene\n|-damage|p1a: Hatterene|0 fnt\n|faint|p1a: Hatterene\n|\n|upkeep\n|\n|t:|1700682233\n|switch|p1a: Iron Valiant|Iron Valiant|100\/100\n|-enditem|p1a: Iron Valiant|Booster Energy\n|-activate|p1a: Iron Valiant|ability: Quark Drive|[fromitem]\n|-start|p1a: Iron Valiant|quarkdriveatk\n|turn|16\n|\n|t:|1700682247\n|switch|p2a: Sir Tank|Toxapex, M, shiny|100\/100\n|-damage|p2a: Sir Tank|88\/100|[from] Stealth Rock\n|move|p1a: Iron Valiant|Swords Dance|p1a: Iron Valiant\n|-boost|p1a: Iron Valiant|atk|2\n|\n|-heal|p2a: Sir Tank|94\/100|[from] item: Black Sludge\n|upkeep\n|turn|17\n|\n|t:|1700682261\n|-terastallize|p1a: Iron Valiant|Bug\n|move|p1a: Iron Valiant|Metronome|p1a: Iron Valiant\n|move|p1a: Iron Valiant|Avalanche|p2a: Sir Tank|[from]move: Metronome\n|-resisted|p2a: Sir Tank\n|-damage|p2a: Sir Tank|74\/100\n|move|p2a: Sir Tank|Toxic|p1a: Iron Valiant\n|-status|p1a: Iron Valiant|tox\n|\n|-heal|p2a: Sir Tank|80\/100|[from] item: Black Sludge\n|-damage|p1a: Iron Valiant|94\/100 tox|[from] psn\n|upkeep\n|turn|18\n|\n|t:|1700682287\n|move|p1a: Iron Valiant|Metronome|p1a: Iron Valiant\n|move|p1a: Iron Valiant|Play Rough|p2a: Sir Tank|[from]move: Metronome|[miss]\n|-miss|p1a: Iron Valiant|p2a: Sir Tank\n|move|p2a: Sir Tank|Haze|p2a: Sir Tank\n|-clearallboost\n|\n|-heal|p2a: Sir Tank|86\/100|[from] item: Black Sludge\n|-damage|p1a: Iron Valiant|82\/100 tox|[from] psn\n|upkeep\n|turn|19\n|\n|t:|1700682297\n|move|p1a: Iron Valiant|Metronome|p1a: Iron Valiant\n|move|p1a: Iron Valiant|Fire Pledge|p2a: Sir Tank|[from]move: Metronome\n|-resisted|p2a: Sir Tank\n|-damage|p2a: Sir Tank|78\/100\n|move|p2a: Sir Tank|Stockpile|p2a: Sir Tank\n|-start|p2a: Sir Tank|stockpile1\n|-boost|p2a: Sir Tank|def|1\n|-boost|p2a: Sir Tank|spd|1\n|\n|-heal|p2a: Sir Tank|84\/100|[from] item: Black Sludge\n|-damage|p1a: Iron Valiant|63\/100 tox|[from] psn\n|upkeep\n|turn|20\n|c|\u2606Naerzar|BRO\n|\n|t:|1700682311\n|move|p1a: Iron Valiant|Metronome|p1a: Iron Valiant\n|move|p1a: Iron Valiant|Coaching|null|[from]move: Metronome|[notarget]\n|-fail|p1a: Iron Valiant\n|move|p2a: Sir Tank|Stockpile|p2a: Sir Tank\n|-start|p2a: Sir Tank|stockpile2\n|-boost|p2a: Sir Tank|def|1\n|-boost|p2a: Sir Tank|spd|1\n|\n|-heal|p2a: Sir Tank|91\/100|[from] item: Black Sludge\n|-damage|p1a: Iron Valiant|38\/100 tox|[from] psn\n|upkeep\n|turn|21\n|c|\u2606Naerzar|DO SOMETHING\n|c|\u2606Naerzar|YOU STUPID MACHINE\n|\n|t:|1700682327\n|move|p1a: Iron Valiant|Metronome|p1a: Iron Valiant\n|move|p1a: Iron Valiant|Slam|p2a: Sir Tank|[from]move: Metronome|[miss]\n|-miss|p1a: Iron Valiant|p2a: Sir Tank\n|move|p2a: Sir Tank|Stockpile|p2a: Sir Tank\n|-start|p2a: Sir Tank|stockpile3\n|-boost|p2a: Sir Tank|def|1\n|-boost|p2a: Sir Tank|spd|1\n|\n|-heal|p2a: Sir Tank|97\/100|[from] item: Black Sludge\n|-damage|p1a: Iron Valiant|7\/100 tox|[from] psn\n|upkeep\n|turn|22\n|\n|t:|1700682341\n|move|p1a: Iron Valiant|Metronome|p1a: Iron Valiant\n|move|p1a: Iron Valiant|Howl|p1a: Iron Valiant|[from]move: Metronome\n|-boost|p1a: Iron Valiant|atk|1\n|move|p2a: Sir Tank|Recover|p2a: Sir Tank\n|-heal|p2a: Sir Tank|100\/100\n|\n|-damage|p1a: Iron Valiant|0 fnt|[from] psn\n|faint|p1a: Iron Valiant\n|-end|p1a: Iron Valiant|Quark Drive|[silent]\n|upkeep\n|\n|t:|1700682351\n|switch|p1a: Torkoal|Torkoal, F|100\/100\n|-weather|SunnyDay|[from] ability: Drought|[of] p1a: Torkoal\n|turn|23\n|\n|t:|1700682362\n|move|p2a: Sir Tank|Toxic|p1a: Torkoal\n|-status|p1a: Torkoal|tox\n|move|p1a: Torkoal|Earthquake|p2a: Sir Tank\n|-supereffective|p2a: Sir Tank\n|-damage|p2a: Sir Tank|89\/100\n|\n|-weather|SunnyDay|[upkeep]\n|-heal|p2a: Sir Tank|96\/100|[from] item: Black Sludge\n|-damage|p1a: Torkoal|94\/100 tox|[from] psn\n|upkeep\n|turn|24\n|c|\u2606Naerzar|uh oh\n|c|\u2606Naerzar|i realise my mistake\n|\n|t:|1700682388\n|move|p2a: Sir Tank|Stockpile||[still]\n|-fail|p2a: Sir Tank\n|move|p1a: Torkoal|Earthquake|p2a: Sir Tank\n|-supereffective|p2a: Sir Tank\n|-damage|p2a: Sir Tank|84\/100\n|\n|-weather|SunnyDay|[upkeep]\n|-heal|p2a: Sir Tank|90\/100|[from] item: Black Sludge\n|-damage|p1a: Torkoal|82\/100 tox|[from] psn\n|upkeep\n|turn|25\n|\n|t:|1700682396\n|switch|p1a: Ceruledge|Ceruledge, M|100\/100\n|move|p2a: Sir Tank|Stockpile||[still]\n|-fail|p2a: Sir Tank\n|\n|-weather|SunnyDay|[upkeep]\n|-heal|p2a: Sir Tank|96\/100|[from] item: Black Sludge\n|upkeep\n|turn|26\n|\n|t:|1700682407\n|move|p1a: Ceruledge|Shadow Claw|p2a: Sir Tank\n|-damage|p2a: Sir Tank|82\/100\n|-damage|p1a: Ceruledge|91\/100|[from] item: Life Orb\n|move|p2a: Sir Tank|Toxic|p1a: Ceruledge\n|-status|p1a: Ceruledge|tox\n|\n|-weather|SunnyDay|[upkeep]\n|-heal|p2a: Sir Tank|88\/100|[from] item: Black Sludge\n|-damage|p1a: Ceruledge|84\/100 tox|[from] psn\n|upkeep\n|turn|27\n|\n|t:|1700682422\n|move|p1a: Ceruledge|Shadow Claw|p2a: Sir Tank\n|-damage|p2a: Sir Tank|75\/100\n|-damage|p1a: Ceruledge|74\/100 tox|[from] item: Life Orb\n|move|p2a: Sir Tank|Stockpile||[still]\n|-fail|p2a: Sir Tank\n|\n|-weather|SunnyDay|[upkeep]\n|-heal|p2a: Sir Tank|81\/100|[from] item: Black Sludge\n|-damage|p1a: Ceruledge|62\/100 tox|[from] psn\n|upkeep\n|turn|28\n|\n|t:|1700682434\n|move|p1a: Ceruledge|Shadow Claw|p2a: Sir Tank\n|-damage|p2a: Sir Tank|68\/100\n|-damage|p1a: Ceruledge|52\/100 tox|[from] item: Life Orb\n|move|p2a: Sir Tank|Stockpile||[still]\n|-fail|p2a: Sir Tank\n|\n|-weather|SunnyDay|[upkeep]\n|-heal|p2a: Sir Tank|74\/100|[from] item: Black Sludge\n|-damage|p1a: Ceruledge|33\/100 tox|[from] psn\n|upkeep\n|turn|29\n|\n|t:|1700682448\n|move|p1a: Ceruledge|Shadow Claw|p2a: Sir Tank\n|-damage|p2a: Sir Tank|60\/100\n|-damage|p1a: Ceruledge|24\/100 tox|[from] item: Life Orb\n|move|p2a: Sir Tank|Stockpile||[still]\n|-fail|p2a: Sir Tank\n|\n|-weather|SunnyDay|[upkeep]\n|-heal|p2a: Sir Tank|66\/100|[from] item: Black Sludge\n|-damage|p1a: Ceruledge|0 fnt|[from] psn\n|faint|p1a: Ceruledge\n|upkeep\n|c|\u2606Naerzar|my guy\n|\n|t:|1700682459\n|switch|p1a: Torkoal|Torkoal, F|82\/100 tox\n|-heal|p1a: Torkoal|100\/100|[from] move: Healing Wish\n|turn|30\n|c|\u2606Naerzar|WOW\n|c|\u2606Pokedrew4747|thank you\n|c|\u2606Naerzar|DRAGONITE REALLY HELPED THERE DIDNT HE\n|c|\u2606Naerzar|im tweaking at my luck rn\n|\n|t:|1700682490\n|-terastallize|p2a: Sir Tank|Poison\n|move|p2a: Sir Tank|Toxic|p1a: Torkoal\n|-status|p1a: Torkoal|tox\n|move|p1a: Torkoal|Earthquake|p2a: Sir Tank\n|-supereffective|p2a: Sir Tank\n|-damage|p2a: Sir Tank|54\/100\n|\n|-weather|none\n|-heal|p2a: Sir Tank|60\/100|[from] item: Black Sludge\n|-damage|p1a: Torkoal|94\/100 tox|[from] psn\n|upkeep\n|turn|31\n|\n|t:|1700682501\n|move|p2a: Sir Tank|Recover|p2a: Sir Tank\n|-heal|p2a: Sir Tank|100\/100\n|move|p1a: Torkoal|Eruption|p2a: Sir Tank\n|-damage|p2a: Sir Tank|89\/100\n|\n|-heal|p2a: Sir Tank|96\/100|[from] item: Black Sludge\n|-damage|p1a: Torkoal|82\/100 tox|[from] psn\n|upkeep\n|turn|32\n|\n|t:|1700682515\n|move|p2a: Sir Tank|Stockpile||[still]\n|-fail|p2a: Sir Tank\n|move|p1a: Torkoal|Earthquake|p2a: Sir Tank\n|-supereffective|p2a: Sir Tank\n|-damage|p2a: Sir Tank|83\/100\n|\n|-heal|p2a: Sir Tank|89\/100|[from] item: Black Sludge\n|-damage|p1a: Torkoal|64\/100 tox|[from] psn\n|upkeep\n|turn|33\n|\n|t:|1700682525\n|move|p2a: Sir Tank|Stockpile||[still]\n|-fail|p2a: Sir Tank\n|move|p1a: Torkoal|Earthquake|p2a: Sir Tank\n|-supereffective|p2a: Sir Tank\n|-damage|p2a: Sir Tank|77\/100\n|\n|-heal|p2a: Sir Tank|84\/100|[from] item: Black Sludge\n|-damage|p1a: Torkoal|39\/100 tox|[from] psn\n|upkeep\n|turn|34\n|c|\u2606Naerzar|this is all iron valiants fault\n|\n|t:|1700682541\n|move|p2a: Sir Tank|Stockpile||[still]\n|-fail|p2a: Sir Tank\n|move|p1a: Torkoal|Earthquake|p2a: Sir Tank\n|-supereffective|p2a: Sir Tank\n|-damage|p2a: Sir Tank|71\/100\n|\n|-heal|p2a: Sir Tank|77\/100|[from] item: Black Sludge\n|-damage|p1a: Torkoal|9\/100 tox|[from] psn\n|upkeep\n|turn|35\n|\n|t:|1700682550\n|move|p2a: Sir Tank|Recover|p2a: Sir Tank\n|-heal|p2a: Sir Tank|100\/100\n|move|p1a: Torkoal|Earthquake|p2a: Sir Tank\n|-supereffective|p2a: Sir Tank\n|-damage|p2a: Sir Tank|88\/100\n|\n|-heal|p2a: Sir Tank|94\/100|[from] item: Black Sludge\n|-damage|p1a: Torkoal|0 fnt|[from] psn\n|faint|p1a: Torkoal\n|\n|win|Pokedrew4747\n|upkeep\n|raw|Naerzar's rating: 1074 &rarr; <strong>1051<\/strong><br \/>(-23 for losing)\n|raw|Pokedrew4747's rating: 1050 &rarr; <strong>1085<\/strong><br \/>(+35 for winning)\n|c|\u2606Naerzar|gg tho\n","uploadtime":1700682572,"views":0,"p1id":"naerzar","p2id":"pokedrew4747","formatid":"gen9ou","rating":1051,"private":0,"password":""}