{"id":"gen9ou-1993674190","p1":"Gatrekd","p2":"Rafa178","format":"[Gen 9] OU","log":"|j|\u2606Gatrekd\n|j|\u2606Rafa178\n|t:|1700344163\n|gametype|singles\n|player|p1|Gatrekd|marlon|1060\n|player|p2|Rafa178|lucas|1045\n|teamsize|p1|6\n|teamsize|p2|6\n|gen|9\n|tier|[Gen 9] OU\n|rated|\n|rule|Sleep Clause Mod: Limit one foe put to sleep\n|rule|Species Clause: Limit one of each Pok\u00e9mon\n|rule|OHKO Clause: OHKO moves are banned\n|rule|Evasion Items Clause: Evasion items are banned\n|rule|Evasion Moves Clause: Evasion moves are banned\n|rule|Endless Battle Clause: Forcing endless battles is banned\n|rule|HP Percentage Mod: HP is shown in percentages\n|clearpoke\n|poke|p1|Dragapult, M|\n|poke|p1|Garganacl, M|\n|poke|p1|Azumarill, F|\n|poke|p1|Sneasler, M|\n|poke|p1|Meowscarada, M|\n|poke|p1|Cinderace, M|\n|poke|p2|Gholdengo|\n|poke|p2|Blissey, F|\n|poke|p2|Toxapex, M|\n|poke|p2|Ogerpon-Cornerstone, F|\n|poke|p2|Zapdos|\n|poke|p2|Ninetales-Alola, M|\n|teampreview\n|inactive|Battle timer is ON: inactive players will automatically lose when time's up. (requested by Rafa178)\n|\n|t:|1700344174\n|start\n|switch|p1a: Garganacl|Garganacl, M|100\/100\n|switch|p2a: Toxapex|Toxapex, M|100\/100\n|turn|1\n|\n|t:|1700344180\n|move|p1a: Garganacl|Salt Cure|p2a: Toxapex\n|-damage|p2a: Toxapex|93\/100\n|-start|p2a: Toxapex|Salt Cure\n|move|p2a: Toxapex|Toxic|p1a: Garganacl\n|-immune|p1a: Garganacl|[from] ability: Purifying Salt\n|\n|-heal|p2a: Toxapex|99\/100|[from] item: Leftovers\n|-damage|p2a: Toxapex|74\/100|[from] Salt Cure\n|upkeep\n|turn|2\n|inactive|Rafa178 has 120 seconds left.\n|\n|t:|1700344219\n|switch|p2a: Gholdengo|Gholdengo|100\/100\n|move|p1a: Garganacl|Iron Defense|p1a: Garganacl\n|-boost|p1a: Garganacl|def|2\n|\n|upkeep\n|turn|3\n|inactive|Rafa178 has 120 seconds left.\n|\n|t:|1700344230\n|switch|p1a: Sneasler|Sneasler, M|100\/100\n|move|p2a: Gholdengo|Make It Rain|p1a: Sneasler\n|-damage|p1a: Sneasler|29\/100\n|-unboost|p2a: Gholdengo|spa|1\n|\n|-heal|p1a: Sneasler|35\/100|[from] item: Leftovers\n|upkeep\n|turn|4\n|inactive|Rafa178 has 120 seconds left.\n|\n|t:|1700344251\n|move|p1a: Sneasler|U-turn|p2a: Gholdengo\n|-resisted|p2a: Gholdengo\n|-damage|p2a: Gholdengo|95\/100\n|\n|t:|1700344256\n|switch|p1a: Meowscarada|Meowscarada, M|100\/100|[from] U-turn\n|move|p2a: Gholdengo|Shadow Ball|p1a: Meowscarada\n|-resisted|p1a: Meowscarada\n|-damage|p1a: Meowscarada|80\/100\n|\n|-heal|p2a: Gholdengo|100\/100|[from] item: Leftovers\n|upkeep\n|turn|5\n|inactive|Rafa178 has 120 seconds left.\n|\n|t:|1700344274\n|switch|p2a: Ninetales|Ninetales-Alola, M|100\/100\n|-weather|Snow|[from] ability: Snow Warning|[of] p2a: Ninetales\n|move|p1a: Meowscarada|Knock Off|p2a: Ninetales\n|-start|p1a: Meowscarada|typechange|Dark|[from] ability: Protean\n|-resisted|p2a: Ninetales\n|-damage|p2a: Ninetales|80\/100\n|-enditem|p2a: Ninetales|Leftovers|[from] move: Knock Off|[of] p1a: Meowscarada\n|\n|-weather|Snow|[upkeep]\n|upkeep\n|turn|6\n|\n|t:|1700344295\n|move|p1a: Meowscarada|U-turn|p2a: Ninetales\n|-resisted|p2a: Ninetales\n|-damage|p2a: Ninetales|68\/100\n|\n|t:|1700344304\n|switch|p1a: Cinderace|Cinderace, M|100\/100|[from] U-turn\n|move|p2a: Ninetales|Draining Kiss|p1a: Cinderace\n|-resisted|p1a: Cinderace\n|-damage|p1a: Cinderace|88\/100\n|-heal|p2a: Ninetales|79\/100|[from] drain|[of] p1a: Cinderace\n|\n|-weather|Snow|[upkeep]\n|upkeep\n|turn|7\n|\n|t:|1700344316\n|switch|p2a: Toxapex|Toxapex, M|100\/100\n|move|p1a: Cinderace|Pyro Ball|p2a: Toxapex\n|-resisted|p2a: Toxapex\n|-damage|p2a: Toxapex|82\/100\n|-status|p2a: Toxapex|brn\n|\n|-weather|Snow|[upkeep]\n|-heal|p2a: Toxapex|88\/100 brn|[from] item: Leftovers\n|-damage|p2a: Toxapex|82\/100 brn|[from] brn\n|upkeep\n|turn|8\n|\n|t:|1700344329\n|move|p1a: Cinderace|U-turn|p2a: Toxapex\n|-start|p1a: Cinderace|typechange|Bug|[from] ability: Libero\n|-resisted|p2a: Toxapex\n|-damage|p2a: Toxapex|71\/100 brn\n|\n|t:|1700344337\n|switch|p1a: Garganacl|Garganacl, M|100\/100|[from] U-turn\n|move|p2a: Toxapex|Toxic|p1a: Garganacl\n|-immune|p1a: Garganacl|[from] ability: Purifying Salt\n|\n|-weather|Snow|[upkeep]\n|-heal|p2a: Toxapex|77\/100 brn|[from] item: Leftovers\n|-damage|p2a: Toxapex|71\/100 brn|[from] brn\n|upkeep\n|turn|9\n|inactive|Rafa178 has 120 seconds left.\n|\n|t:|1700344348\n|switch|p2a: Ogerpon|Ogerpon-Cornerstone, F|100\/100\n|move|p1a: Garganacl|Salt Cure|p2a: Ogerpon\n|-damage|p2a: Ogerpon|81\/100\n|-start|p2a: Ogerpon|Salt Cure\n|\n|-weather|none\n|-damage|p2a: Ogerpon|69\/100|[from] Salt Cure\n|upkeep\n|turn|10\n|\n|t:|1700344370\n|move|p2a: Ogerpon|Swords Dance|p2a: Ogerpon\n|-boost|p2a: Ogerpon|atk|2\n|move|p1a: Garganacl|Body Press|p2a: Ogerpon\n|-supereffective|p2a: Ogerpon\n|-damage|p2a: Ogerpon|0 fnt\n|faint|p2a: Ogerpon\n|\n|upkeep\n|inactive|Rafa178 has 120 seconds left.\n|c|\u2606Rafa178|!weakness garganacl\n|c| Rafa178|\/raw <div class=\"infobox\">Garganacl (ignoring abilities):<br \/><span class=\"message-effect-weak\">Weaknesses<\/span>: Fighting, Grass, Ground, Steel, Water<br \/><span class=\"message-effect-resist\">Resistances<\/span>: Fire, Flying, Normal, Poison<br \/><span class=\"message-effect-immune\">Immunities<\/span>: Sandstorm damage<\/div>\n|\n|t:|1700344394\n|switch|p2a: Gholdengo|Gholdengo|100\/100\n|turn|11\n|\n|t:|1700344404\n|switch|p1a: Cinderace|Cinderace, M|88\/100\n|move|p2a: Gholdengo|Make It Rain|p1a: Cinderace\n|-resisted|p1a: Cinderace\n|-damage|p1a: Cinderace|44\/100\n|-unboost|p2a: Gholdengo|spa|1\n|\n|upkeep\n|turn|12\n|inactive|Rafa178 has 120 seconds left.\n|\n|t:|1700344444\n|switch|p2a: Blissey|Blissey, F|100\/100\n|move|p1a: Cinderace|Pyro Ball|p2a: Blissey\n|-damage|p2a: Blissey|48\/100\n|\n|-heal|p2a: Blissey|54\/100|[from] item: Leftovers\n|upkeep\n|turn|13\n|\n|t:|1700344453\n|move|p1a: Cinderace|Gunk Shot|p2a: Blissey\n|-start|p1a: Cinderace|typechange|Poison|[from] ability: Libero\n|-damage|p2a: Blissey|8\/100\n|move|p2a: Blissey|Stealth Rock|p1a: Cinderace\n|-sidestart|p1: Gatrekd|move: Stealth Rock\n|\n|-heal|p2a: Blissey|14\/100|[from] item: Leftovers\n|upkeep\n|turn|14\n|\n|t:|1700344461\n|move|p2a: Blissey|Protect|p2a: Blissey\n|-singleturn|p2a: Blissey|Protect\n|move|p1a: Cinderace|Court Change|p1a: Cinderace\n|-swapsideconditions\n|-activate|p1a: Cinderace|move: Court Change\n|\n|-heal|p2a: Blissey|20\/100|[from] item: Leftovers\n|upkeep\n|turn|15\n|\n|t:|1700344468\n|move|p1a: Cinderace|U-turn|p2a: Blissey\n|-damage|p2a: Blissey|1\/100\n|\n|t:|1700344473\n|switch|p1a: Garganacl|Garganacl, M|100\/100|[from] U-turn\n|move|p2a: Blissey|Soft-Boiled|p2a: Blissey\n|-heal|p2a: Blissey|51\/100\n|\n|-heal|p2a: Blissey|58\/100|[from] item: Leftovers\n|upkeep\n|turn|16\n|inactive|Rafa178 has 120 seconds left.\n|\n|t:|1700344481\n|move|p2a: Blissey|Hyper Voice|p1a: Garganacl\n|-resisted|p1a: Garganacl\n|-damage|p1a: Garganacl|91\/100\n|move|p1a: Garganacl|Iron Defense|p1a: Garganacl\n|-boost|p1a: Garganacl|def|2\n|\n|-heal|p2a: Blissey|64\/100|[from] item: Leftovers\n|-heal|p1a: Garganacl|97\/100|[from] item: Leftovers\n|upkeep\n|turn|17\n|inactive|Rafa178 has 120 seconds left.\n|\n|t:|1700344493\n|switch|p2a: Gholdengo|Gholdengo|100\/100\n|-damage|p2a: Gholdengo|94\/100|[from] Stealth Rock\n|move|p1a: Garganacl|Body Press|p2a: Gholdengo\n|-immune|p2a: Gholdengo\n|\n|-heal|p2a: Gholdengo|100\/100|[from] item: Leftovers\n|-heal|p1a: Garganacl|100\/100|[from] item: Leftovers\n|upkeep\n|turn|18\n|inactive|Rafa178 has 120 seconds left.\n|inactive|Gatrekd has 120 seconds left.\n|\n|t:|1700344529\n|switch|p1a: Cinderace|Cinderace, M|44\/100\n|move|p2a: Gholdengo|Make It Rain|p1a: Cinderace\n|-resisted|p1a: Cinderace\n|-damage|p1a: Cinderace|0 fnt\n|-unboost|p2a: Gholdengo|spa|1\n|faint|p1a: Cinderace\n|\n|upkeep\n|\n|t:|1700344546\n|switch|p1a: Meowscarada|Meowscarada, M|80\/100\n|turn|19\n|inactive|Rafa178 has 120 seconds left.\n|\n|t:|1700344565\n|move|p1a: Meowscarada|Knock Off|p2a: Gholdengo\n|-start|p1a: Meowscarada|typechange|Dark|[from] ability: Protean\n|-supereffective|p2a: Gholdengo\n|-damage|p2a: Gholdengo|0 fnt\n|-enditem|p2a: Gholdengo|Leftovers|[from] move: Knock Off|[of] p1a: Meowscarada\n|faint|p2a: Gholdengo\n|\n|upkeep\n|inactive|Rafa178 has 120 seconds left.\n|\n|t:|1700344581\n|switch|p2a: Zapdos|Zapdos|100\/100\n|-damage|p2a: Zapdos|76\/100|[from] Stealth Rock\n|turn|20\n|\n|t:|1700344590\n|move|p1a: Meowscarada|Knock Off|p2a: Zapdos\n|-damage|p2a: Zapdos|20\/100\n|-enditem|p2a: Zapdos|Life Orb|[from] move: Knock Off|[of] p1a: Meowscarada\n|move|p2a: Zapdos|Thunderbolt|p1a: Meowscarada\n|-damage|p1a: Meowscarada|6\/100\n|\n|upkeep\n|turn|21\n|inactive|Rafa178 has 120 seconds left.\n|\n|t:|1700344600\n|move|p1a: Meowscarada|Knock Off|p2a: Zapdos\n|-damage|p2a: Zapdos|0 fnt\n|faint|p2a: Zapdos\n|\n|upkeep\n|inactive|Rafa178 has 120 seconds left.\n|\n|t:|1700344607\n|switch|p2a: Blissey|Blissey, F|64\/100\n|-damage|p2a: Blissey|51\/100|[from] Stealth Rock\n|turn|22\n|\n|t:|1700344613\n|move|p1a: Meowscarada|Knock Off|p2a: Blissey\n|-damage|p2a: Blissey|11\/100\n|-enditem|p2a: Blissey|Leftovers|[from] move: Knock Off|[of] p1a: Meowscarada\n|move|p2a: Blissey|Hyper Voice|p1a: Meowscarada\n|-damage|p1a: Meowscarada|0 fnt\n|faint|p1a: Meowscarada\n|\n|upkeep\n|\n|t:|1700344633\n|switch|p1a: Garganacl|Garganacl, M|100\/100\n|turn|23\n|\n|t:|1700344639\n|switch|p2a: Ninetales|Ninetales-Alola, M|79\/100\n|-damage|p2a: Ninetales|54\/100|[from] Stealth Rock\n|-weather|Snow|[from] ability: Snow Warning|[of] p2a: Ninetales\n|move|p1a: Garganacl|Body Press|p2a: Ninetales\n|-damage|p2a: Ninetales|25\/100\n|\n|-weather|Snow|[upkeep]\n|upkeep\n|turn|24\n|inactive|Rafa178 has 120 seconds left.\n|\n|t:|1700344672\n|move|p2a: Ninetales|Draining Kiss|p1a: Garganacl\n|-damage|p1a: Garganacl|83\/100\n|-heal|p2a: Ninetales|43\/100|[from] drain|[of] p1a: Garganacl\n|move|p1a: Garganacl|Salt Cure|p2a: Ninetales\n|-supereffective|p2a: Ninetales\n|-damage|p2a: Ninetales|14\/100\n|-start|p2a: Ninetales|Salt Cure\n|\n|-weather|Snow|[upkeep]\n|-heal|p1a: Garganacl|89\/100|[from] item: Leftovers\n|-damage|p2a: Ninetales|2\/100|[from] Salt Cure\n|upkeep\n|turn|25\n|inactive|Rafa178 has 120 seconds left.\n|\n|t:|1700344687\n|move|p2a: Ninetales|Freeze-Dry|p1a: Garganacl\n|-damage|p1a: Garganacl|66\/100\n|move|p1a: Garganacl|Salt Cure|p2a: Ninetales\n|-supereffective|p2a: Ninetales\n|-damage|p2a: Ninetales|0 fnt\n|faint|p2a: Ninetales\n|\n|-weather|Snow|[upkeep]\n|-heal|p1a: Garganacl|73\/100|[from] item: Leftovers\n|upkeep\n|inactive|Rafa178 has 120 seconds left.\n|-message|Rafa178 forfeited.\n|\n|win|Gatrekd\n|raw|Gatrekd's rating: 1060 &rarr; <strong>1090<\/strong><br \/>(+30 for winning)\n|raw|Rafa178's rating: 1045 &rarr; <strong>1029<\/strong><br \/>(-16 for losing)\n|l|\u2606Rafa178\n","uploadtime":1700344704,"views":8,"p1id":"gatrekd","p2id":"rafa178","formatid":"gen9ou","rating":1029,"private":0,"password":""}