{"id":"gen9ou-1992285656","p1":"hatakeguy","p2":"matthew is typing","format":"[Gen 9] OU","log":"|j|\u2606hatakeguy\n|j|\u2606matthew is typing\n|t:|1700170959\n|gametype|singles\n|player|p1|hatakeguy|170|\n|player|p2|matthew is typing|gambler|\n|teamsize|p1|6\n|teamsize|p2|6\n|gen|9\n|tier|[Gen 9] OU\n|rule|Sleep Clause Mod: Limit one foe put to sleep\n|rule|Species Clause: Limit one of each Pok\u00e9mon\n|rule|OHKO Clause: OHKO moves are banned\n|rule|Evasion Items Clause: Evasion items are banned\n|rule|Evasion Moves Clause: Evasion moves are banned\n|rule|Endless Battle Clause: Forcing endless battles is banned\n|rule|HP Percentage Mod: HP is shown in percentages\n|clearpoke\n|poke|p1|Torkoal, F|\n|poke|p1|Azumarill, M|\n|poke|p1|Garchomp, M|\n|poke|p1|Ursaluna, M|\n|poke|p1|Hatterene, F|\n|poke|p1|Uxie|\n|poke|p2|Slowking-Galar, M|\n|poke|p2|Cinderace, M|\n|poke|p2|Hatterene, F|\n|poke|p2|Dragapult, F|\n|poke|p2|Great Tusk|\n|poke|p2|Zapdos|\n|teampreview\n|\n|t:|1700170974\n|start\n|switch|p1a: Uxie|Uxie|100\/100\n|switch|p2a: parsite|Slowking-Galar, M|100\/100\n|turn|1\n|\n|t:|1700170992\n|move|p1a: Uxie|Encore||[still]\n|-fail|p1a: Uxie\n|move|p2a: parsite|Sludge Bomb|p1a: Uxie\n|-damage|p1a: Uxie|76\/100\n|\n|upkeep\n|turn|2\n|\n|t:|1700171000\n|move|p2a: parsite|Future Sight|p1a: Uxie\n|-start|p2a: parsite|move: Future Sight\n|move|p1a: Uxie|Trick Room|p1a: Uxie\n|-fieldstart|move: Trick Room|[of] p1a: Uxie\n|\n|upkeep\n|turn|3\n|\n|t:|1700171016\n|move|p2a: parsite|Sludge Bomb|p1a: Uxie\n|-damage|p1a: Uxie|50\/100\n|-status|p1a: Uxie|psn\n|move|p1a: Uxie|Encore|p2a: parsite\n|-start|p2a: parsite|Encore\n|\n|-damage|p1a: Uxie|38\/100 psn|[from] psn\n|upkeep\n|turn|4\n|\n|t:|1700171046\n|switch|p1a: Ursaluna|Ursaluna, M|100\/100\n|move|p2a: parsite|Sludge Bomb|p1a: Ursaluna\n|-resisted|p1a: Ursaluna\n|-damage|p1a: Ursaluna|87\/100\n|\n|-end|p1a: Ursaluna|move: Future Sight\n|-damage|p1a: Ursaluna|50\/100\n|-status|p1a: Ursaluna|brn|[from] item: Flame Orb\n|upkeep\n|turn|5\n|\n|t:|1700171080\n|switch|p2a: the shocker|Zapdos|100\/100\n|move|p1a: Ursaluna|Facade|p2a: the shocker\n|-damage|p2a: the shocker|0 fnt\n|faint|p2a: the shocker\n|\n|-damage|p1a: Ursaluna|44\/100 brn|[from] brn\n|upkeep\n|\n|t:|1700171102\n|switch|p2a: paul|Dragapult, F, shiny|100\/100\n|turn|6\n|\n|t:|1700171109\n|move|p1a: Ursaluna|Headlong Rush|p2a: paul\n|-damage|p2a: paul|0 fnt\n|-unboost|p1a: Ursaluna|def|1\n|-unboost|p1a: Ursaluna|spd|1\n|faint|p2a: paul\n|\n|-damage|p1a: Ursaluna|38\/100 brn|[from] brn\n|-fieldend|move: Trick Room\n|upkeep\n|\n|t:|1700171126\n|switch|p2a: hot boy|Cinderace, M|100\/100\n|turn|7\n|\n|t:|1700171130\n|move|p2a: hot boy|Pyro Ball|p1a: Ursaluna\n|-damage|p1a: Ursaluna|0 fnt\n|faint|p1a: Ursaluna\n|\n|upkeep\n|\n|t:|1700171136\n|switch|p1a: Azumarill|Azumarill, M|100\/100\n|turn|8\n|\n|t:|1700171143\n|switch|p2a: ranni the witch|Hatterene, F|100\/100\n|move|p1a: Azumarill|Belly Drum|p1a: Azumarill\n|-damage|p1a: Azumarill|50\/100\n|-setboost|p1a: Azumarill|atk|6|[from] move: Belly Drum\n|-enditem|p1a: Azumarill|Sitrus Berry|[eat]\n|-heal|p1a: Azumarill|75\/100|[from] item: Sitrus Berry\n|\n|upkeep\n|turn|9\n|\n|t:|1700171166\n|switch|p2a: parsite|Slowking-Galar, M|100\/100\n|move|p1a: Azumarill|Play Rough|p2a: parsite\n|-resisted|p2a: parsite\n|-damage|p2a: parsite|45\/100\n|\n|-heal|p2a: parsite|52\/100|[from] item: Leftovers\n|upkeep\n|turn|10\n|\n|t:|1700171185\n|move|p1a: Azumarill|Ice Spinner|p2a: parsite\n|-damage|p2a: parsite|0 fnt\n|faint|p2a: parsite\n|\n|upkeep\n|\n|t:|1700171199\n|switch|p2a: hot boy|Cinderace, M|100\/100\n|turn|11\n|\n|t:|1700171214\n|move|p1a: Azumarill|Aqua Jet|p2a: hot boy\n|-supereffective|p2a: hot boy\n|-damage|p2a: hot boy|0 fnt\n|faint|p2a: hot boy\n|\n|upkeep\n|\n|t:|1700171227\n|switch|p2a: tusk|Great Tusk|100\/100\n|turn|12\n|\n|t:|1700171243\n|move|p2a: tusk|Head Smash|p1a: Azumarill|[miss]\n|-miss|p2a: tusk|p1a: Azumarill\n|move|p1a: Azumarill|Play Rough|p2a: tusk|[miss]\n|-miss|p1a: Azumarill|p2a: tusk\n|\n|upkeep\n|turn|13\n|\n|t:|1700171252\n|move|p2a: tusk|Headlong Rush|p1a: Azumarill\n|-damage|p1a: Azumarill|16\/100\n|-unboost|p2a: tusk|def|1\n|-unboost|p2a: tusk|spd|1\n|-enditem|p2a: tusk|Eject Pack\n|\n|t:|1700171258\n|-end|p2a: tusk|Protosynthesis|[silent]\n|switch|p2a: ranni the witch|Hatterene, F|100\/100\n|move|p1a: Azumarill|Play Rough|p2a: ranni the witch\n|-crit|p2a: ranni the witch\n|-damage|p2a: ranni the witch|0 fnt\n|faint|p2a: ranni the witch\n|\n|upkeep\n|\n|t:|1700171266\n|switch|p2a: tusk|Great Tusk|100\/100\n|turn|14\n|\n|t:|1700171270\n|move|p2a: tusk|Headlong Rush|p1a: Azumarill\n|-damage|p1a: Azumarill|0 fnt\n|-unboost|p2a: tusk|def|1\n|-unboost|p2a: tusk|spd|1\n|faint|p1a: Azumarill\n|\n|upkeep\n|\n|t:|1700171286\n|switch|p1a: Garchomp|Garchomp, M|100\/100\n|turn|15\n|\n|t:|1700171292\n|move|p1a: Garchomp|Earthquake|p2a: tusk\n|-damage|p2a: tusk|26\/100\n|-damage|p1a: Garchomp|91\/100|[from] item: Life Orb\n|move|p2a: tusk|Ice Spinner|p1a: Garchomp\n|-supereffective|p1a: Garchomp\n|-damage|p1a: Garchomp|0 fnt\n|-damage|p2a: tusk|13\/100|[from] ability: Rough Skin|[of] p1a: Garchomp\n|faint|p1a: Garchomp\n|\n|upkeep\n|\n|t:|1700171304\n|switch|p1a: Uxie|Uxie|38\/100 psn\n|turn|16\n|\n|t:|1700171322\n|move|p2a: tusk|Head Smash|p1a: Uxie\n|-damage|p1a: Uxie|9\/100 psn\n|-damage|p2a: tusk|0 fnt|[from] Recoil\n|faint|p2a: tusk\n|-end|p2a: tusk|Protosynthesis|[silent]\n|\n|win|hatakeguy\n","uploadtime":1700171348,"views":10,"p1id":"hatakeguy","p2id":"matthewistyping","formatid":"gen9ou","rating":0,"private":0,"password":""}