{"id":"gen9ou-1988794885","p1":"Potayo","p2":"Rodriguo","format":"[Gen 9] OU","log":"|j|\u2606Potayo\n|j|\u2606Rodriguo\n|inactive|Battle timer is ON: inactive players will automatically lose when time's up.\n|t:|1699764197\n|gametype|singles\n|player|p1|Potayo|1|\n|player|p2|Rodriguo|grimsley|\n|teamsize|p1|6\n|teamsize|p2|6\n|gen|9\n|tier|[Gen 9] OU\n|rated|Tournament battle\n|rule|Sleep Clause Mod: Limit one foe put to sleep\n|rule|Species Clause: Limit one of each Pok\u00e9mon\n|rule|OHKO Clause: OHKO moves are banned\n|rule|Evasion Items Clause: Evasion items are banned\n|rule|Evasion Moves Clause: Evasion moves are banned\n|rule|Endless Battle Clause: Forcing endless battles is banned\n|rule|HP Percentage Mod: HP is shown in percentages\n|clearpoke\n|poke|p1|Slowbro, M|\n|poke|p1|Cresselia, F|\n|poke|p1|Toedscruel, F|\n|poke|p1|Iron Hands|\n|poke|p1|Enamorus-Therian, F|\n|poke|p1|Torkoal, F|\n|poke|p2|Landorus-Therian, M|\n|poke|p2|Typhlosion-Hisui, M|\n|poke|p2|Corviknight, F|\n|poke|p2|Hatterene, F|\n|poke|p2|Samurott-Hisui, M|\n|poke|p2|Iron Valiant|\n|teampreview\n|j| Roshino\n|c| Roshino|FUCK HIM UP\n|inactive|Potayo has 120 seconds left.\n|\n|t:|1699764228\n|start\n|switch|p1a: Iron Hands|Iron Hands|100\/100\n|switch|p2a: Landorus|Landorus-Therian, M|100\/100\n|-ability|p2a: Landorus|Intimidate|boost\n|-unboost|p1a: Iron Hands|atk|1\n|turn|1\n|j|#SetsuStsna\n|j| ghostvein\n|l| ghostvein\n|\n|t:|1699764239\n|-end|p1a: Iron Hands|Quark Drive|[silent]\n|switch|p1a: Enamorus|Enamorus-Therian, F|100\/100\n|-terastallize|p2a: Landorus|Flying\n|move|p2a: Landorus|Tera Blast|p1a: Enamorus|[anim] Tera Blast Flying\n|-damage|p1a: Enamorus|12\/100\n|\n|upkeep\n|turn|2\n|j| Honest Wildcat\n|j| SDK04\n|j|+Shellnuts\n|c| SDK04|Eww\n|c| SDK04|Landorus-Therian.\n|j| AmphibiansRiseUp\n|\n|t:|1699764259\n|switch|p1a: Slowbro|Slowbro, M|100\/100\n|move|p2a: Landorus|Tera Blast|p1a: Slowbro|[anim] Tera Blast Flying\n|-damage|p1a: Slowbro|51\/100\n|\n|-heal|p1a: Slowbro|57\/100|[from] item: Leftovers\n|upkeep\n|turn|3\n|c| SDK04|What a __washed fraud__\n|j| oijwef\n|\n|t:|1699764268\n|move|p2a: Landorus|Tera Blast|p1a: Slowbro|[anim] Tera Blast Flying\n|-crit|p1a: Slowbro\n|-damage|p1a: Slowbro|0 fnt\n|faint|p1a: Slowbro\n|\n|upkeep\n|j| tckhj\n|l| Honest Wildcat\n|j| VicBossMG\n|inactive|Potayo has 120 seconds left.\n|j| galefang\n|\n|t:|1699764294\n|switch|p1a: Torkoal|Torkoal, F|100\/100\n|-weather|SunnyDay|[from] ability: Drought|[of] p1a: Torkoal\n|turn|4\n|j| YT Windy Girk\n|inactive|Potayo has 120 seconds left.\n|\n|t:|1699764299\n|switch|p2a: Samurott|Samurott-Hisui, M|100\/100\n|move|p1a: Torkoal|Weather Ball|p2a: Samurott\n|-resisted|p2a: Samurott\n|-damage|p2a: Samurott|54\/100\n|\n|-weather|SunnyDay|[upkeep]\n|upkeep\n|turn|5\n|inactive|Potayo has 120 seconds left.\n|\n|t:|1699764323\n|switch|p1a: Iron Hands|Iron Hands|100\/100\n|move|p2a: Samurott|Ceaseless Edge|p1a: Iron Hands\n|-resisted|p1a: Iron Hands\n|-damage|p1a: Iron Hands|84\/100\n|-sidestart|p1: Potayo|Spikes\n|\n|-weather|SunnyDay|[upkeep]\n|upkeep\n|turn|6\n|\n|t:|1699764340\n|switch|p2a: Hatterene|Hatterene, F|100\/100\n|move|p1a: Iron Hands|Drain Punch|p2a: Hatterene\n|-resisted|p2a: Hatterene\n|-damage|p2a: Hatterene|92\/100\n|-heal|p1a: Iron Hands|87\/100|[from] drain|[of] p2a: Hatterene\n|\n|-weather|SunnyDay|[upkeep]\n|-heal|p2a: Hatterene|98\/100|[from] item: Leftovers\n|upkeep\n|turn|7\n|\n|t:|1699764353\n|-end|p1a: Iron Hands|Quark Drive|[silent]\n|switch|p1a: Toedscruel|Toedscruel, F|100\/100\n|-damage|p1a: Toedscruel|88\/100|[from] Spikes\n|move|p2a: Hatterene|Psychic|p1a: Toedscruel\n|-damage|p1a: Toedscruel|66\/100\n|\n|-weather|SunnyDay|[upkeep]\n|-heal|p1a: Toedscruel|72\/100|[from] item: Leftovers\n|-heal|p2a: Hatterene|100\/100|[from] item: Leftovers\n|upkeep\n|turn|8\n|\n|t:|1699764367\n|switch|p2a: Samurott|Samurott-Hisui, M|54\/100\n|move|p1a: Toedscruel|Spore|p2a: Samurott\n|-status|p2a: Samurott|slp|[from] move: Spore\n|\n|-weather|none\n|-heal|p1a: Toedscruel|78\/100|[from] item: Leftovers\n|upkeep\n|turn|9\n|j| pyukumuku guru\n|inactive|Potayo has 120 seconds left.\n|\n|t:|1699764374\n|switch|p2a: Typhlosion|Typhlosion-Hisui, M|100\/100\n|-item|p1a: Toedscruel|Leftovers|[from] ability: Frisk|[of] p2a: Typhlosion|[identify]\n|move|p1a: Toedscruel|Earth Power|p2a: Typhlosion\n|-supereffective|p2a: Typhlosion\n|-damage|p2a: Typhlosion|29\/100\n|\n|-heal|p1a: Toedscruel|84\/100|[from] item: Leftovers\n|upkeep\n|turn|10\n|\n|t:|1699764382\n|move|p2a: Typhlosion|Flamethrower|p1a: Toedscruel\n|-supereffective|p1a: Toedscruel\n|-damage|p1a: Toedscruel|27\/100\n|move|p1a: Toedscruel|Trick Room|p1a: Toedscruel\n|-fieldstart|move: Trick Room|[of] p1a: Toedscruel\n|\n|-heal|p1a: Toedscruel|33\/100|[from] item: Leftovers\n|upkeep\n|turn|11\n|l| VicBossMG\n|inactive|Potayo has 120 seconds left.\n|\n|t:|1699764409\n|move|p1a: Toedscruel|Earth Power|p2a: Typhlosion\n|-supereffective|p2a: Typhlosion\n|-damage|p2a: Typhlosion|0 fnt\n|faint|p2a: Typhlosion\n|\n|-heal|p1a: Toedscruel|39\/100|[from] item: Leftovers\n|upkeep\n|l| SDK04\n|\n|t:|1699764415\n|switch|p2a: Corviknight|Corviknight, F|100\/100\n|turn|12\n|inactive|Potayo has 120 seconds left.\n|j|+d18l\n|\n|t:|1699764439\n|switch|p1a: Torkoal|Torkoal, F|100\/100\n|-damage|p1a: Torkoal|88\/100|[from] Spikes\n|-weather|SunnyDay|[from] ability: Drought|[of] p1a: Torkoal\n|move|p2a: Corviknight|U-turn|p1a: Torkoal\n|-resisted|p1a: Torkoal\n|-damage|p1a: Torkoal|82\/100\n|l|+Shellnuts\n|l|+d18l\n|\n|t:|1699764455\n|switch|p2a: Samurott|Samurott-Hisui, M|54\/100 slp|[from] U-turn\n|\n|-weather|SunnyDay|[upkeep]\n|upkeep\n|turn|13\n|\n|t:|1699764463\n|move|p1a: Torkoal|Eruption|p2a: Samurott\n|-resisted|p2a: Samurott\n|-damage|p2a: Samurott|0 fnt\n|faint|p2a: Samurott\n|\n|-weather|SunnyDay|[upkeep]\n|upkeep\n|\n|t:|1699764469\n|switch|p2a: Corviknight|Corviknight, F|100\/100\n|turn|14\n|\n|t:|1699764474\n|move|p1a: Torkoal|Eruption|p2a: Corviknight\n|-supereffective|p2a: Corviknight\n|-crit|p2a: Corviknight\n|-damage|p2a: Corviknight|0 fnt\n|faint|p2a: Corviknight\n|\n|-weather|SunnyDay|[upkeep]\n|-fieldend|move: Trick Room\n|upkeep\n|\n|t:|1699764478\n|switch|p2a: Landorus|Landorus-Therian, M, tera:Flying|100\/100\n|-ability|p2a: Landorus|Intimidate|boost\n|-unboost|p1a: Torkoal|atk|1\n|turn|15\n|inactive|Potayo has 120 seconds left.\n|\n|t:|1699764512\n|switch|p1a: Enamorus|Enamorus-Therian, F|12\/100\n|move|p2a: Landorus|Tera Blast|p1a: Enamorus|[anim] Tera Blast Flying\n|-damage|p1a: Enamorus|0 fnt\n|faint|p1a: Enamorus\n|\n|-weather|SunnyDay|[upkeep]\n|upkeep\n|\n|t:|1699764519\n|switch|p1a: Cresselia|Cresselia, F|100\/100\n|turn|16\n|inactive|Potayo has 120 seconds left.\n|\n|t:|1699764527\n|switch|p2a: Hatterene|Hatterene, F|100\/100\n|move|p1a: Cresselia|Trick Room|p1a: Cresselia\n|-fieldstart|move: Trick Room|[of] p1a: Cresselia\n|\n|-weather|none\n|upkeep\n|turn|17\n|inactive|Potayo has 120 seconds left.\n|\n|t:|1699764540\n|move|p2a: Hatterene|Calm Mind|p2a: Hatterene\n|-boost|p2a: Hatterene|spa|1\n|-boost|p2a: Hatterene|spd|1\n|move|p1a: Cresselia|Lunar Dance|p1a: Cresselia\n|faint|p1a: Cresselia\n|\n|upkeep\n|inactive|Potayo has 120 seconds left.\n|l| pyukumuku guru\n|\n|t:|1699764568\n|switch|p1a: Torkoal|Torkoal, F|82\/100\n|-heal|p1a: Torkoal|100\/100|[from] move: Lunar Dance\n|-damage|p1a: Torkoal|88\/100|[from] Spikes\n|-weather|SunnyDay|[from] ability: Drought|[of] p1a: Torkoal\n|turn|18\n|\n|t:|1699764583\n|-terastallize|p1a: Torkoal|Fire\n|move|p1a: Torkoal|Eruption|p2a: Hatterene\n|-damage|p2a: Hatterene|0 fnt\n|faint|p2a: Hatterene\n|\n|-weather|SunnyDay|[upkeep]\n|upkeep\n|\n|t:|1699764593\n|switch|p2a: Iron Valiant|Iron Valiant|100\/100\n|-enditem|p2a: Iron Valiant|Booster Energy\n|-activate|p2a: Iron Valiant|ability: Quark Drive|[fromitem]\n|-start|p2a: Iron Valiant|quarkdrivespe\n|turn|19\n|\n|t:|1699764599\n|move|p1a: Torkoal|Eruption|p2a: Iron Valiant\n|-damage|p2a: Iron Valiant|0 fnt\n|faint|p2a: Iron Valiant\n|-end|p2a: Iron Valiant|Quark Drive|[silent]\n|\n|-weather|SunnyDay|[upkeep]\n|upkeep\n|\n|t:|1699764602\n|switch|p2a: Landorus|Landorus-Therian, M, tera:Flying|100\/100\n|-ability|p2a: Landorus|Intimidate|boost\n|-unboost|p1a: Torkoal|atk|1\n|turn|20\n|\n|t:|1699764604\n|move|p1a: Torkoal|Eruption|p2a: Landorus\n|-damage|p2a: Landorus|0 fnt\n|faint|p2a: Landorus\n|\n|win|Potayo\n|n|\u2606Potayo|potayo\n|n|\u2606Rodriguo|rodriguo\n|n| Roshino|roshino\n|n|%SetsuStsna|setsustsna\n|n| AmphibiansRiseUp|amphibiansriseup\n|n| oijwef|oijwef\n|n| galefang|galefang\n|n| YT Windy Girk|ytwindygirk\n","uploadtime":1699764605,"views":9,"p1id":"potayo","p2id":"rodriguo","formatid":"gen9ou","rating":0,"private":0,"password":""}