{"id":"gen9ou-1989389675","p1":"PottieMSD","p2":"shitking","format":"[Gen 9] OU","log":"|j|\u2606PottieMSD\n|j|\u2606shitking\n|t:|1699844101\n|gametype|singles\n|player|p1|PottieMSD|lenora|1207\n|player|p2|shitking|fantina|1214\n|teamsize|p1|6\n|teamsize|p2|6\n|gen|9\n|tier|[Gen 9] OU\n|rated|\n|rule|Sleep Clause Mod: Limit one foe put to sleep\n|rule|Species Clause: Limit one of each Pok\u00e9mon\n|rule|OHKO Clause: OHKO moves are banned\n|rule|Evasion Items Clause: Evasion items are banned\n|rule|Evasion Moves Clause: Evasion moves are banned\n|rule|Endless Battle Clause: Forcing endless battles is banned\n|rule|HP Percentage Mod: HP is shown in percentages\n|clearpoke\n|poke|p1|Gholdengo|\n|poke|p1|Great Tusk|\n|poke|p1|Ninetales-Alola, F|\n|poke|p1|Slowking-Galar, M|\n|poke|p1|Meowscarada, M|\n|poke|p1|Thundurus-Therian, M|\n|poke|p2|Great Tusk|\n|poke|p2|Corviknight, M|\n|poke|p2|Walking Wake|\n|poke|p2|Rillaboom, F|\n|poke|p2|Slowking-Galar, F|\n|poke|p2|Manaphy|\n|teampreview\n|inactive|Battle timer is ON: inactive players will automatically lose when time's up. (requested by PottieMSD)\n|\n|t:|1699844131\n|start\n|switch|p1a: Meowscarada|Meowscarada, M, shiny|100\/100\n|switch|p2a: Slowking|Slowking-Galar, F|100\/100\n|turn|1\n|inactive|PottieMSD has 120 seconds left.\n|\n|t:|1699844179\n|switch|p2a: Great Tusk|Great Tusk|100\/100\n|move|p1a: Meowscarada|Knock Off|p2a: Great Tusk\n|-start|p1a: Meowscarada|typechange|Dark|[from] ability: Protean\n|-resisted|p2a: Great Tusk\n|-damage|p2a: Great Tusk|88\/100\n|-enditem|p2a: Great Tusk|Leftovers|[from] move: Knock Off|[of] p1a: Meowscarada\n|\n|upkeep\n|turn|2\n|inactive|PottieMSD has 120 seconds left.\n|\n|t:|1699844194\n|switch|p1a: Great Tusk|Great Tusk|100\/100\n|move|p2a: Great Tusk|Body Press|p1a: Great Tusk\n|-damage|p1a: Great Tusk|72\/100\n|\n|upkeep\n|turn|3\n|\n|t:|1699844200\n|move|p1a: Great Tusk|Stealth Rock|p2a: Great Tusk\n|-sidestart|p2: shitking|move: Stealth Rock\n|move|p2a: Great Tusk|Ice Spinner|p1a: Great Tusk\n|-supereffective|p1a: Great Tusk\n|-damage|p1a: Great Tusk|35\/100\n|\n|upkeep\n|turn|4\n|inactive|PottieMSD has 120 seconds left.\n|\n|t:|1699844221\n|move|p1a: Great Tusk|Ice Spinner|p2a: Great Tusk\n|-supereffective|p2a: Great Tusk\n|-damage|p2a: Great Tusk|50\/100\n|move|p2a: Great Tusk|Ice Spinner|p1a: Great Tusk\n|-supereffective|p1a: Great Tusk\n|-damage|p1a: Great Tusk|1\/100\n|\n|upkeep\n|turn|5\n|inactive|PottieMSD has 120 seconds left.\n|\n|t:|1699844248\n|-end|p1a: Great Tusk|Protosynthesis|[silent]\n|switch|p1a: Ninetales|Ninetales-Alola, F|100\/100\n|-weather|Snow|[from] ability: Snow Warning|[of] p1a: Ninetales\n|move|p2a: Great Tusk|Earthquake|p1a: Ninetales\n|-damage|p1a: Ninetales|68\/100\n|\n|-weather|Snow|[upkeep]\n|upkeep\n|turn|6\n|\n|t:|1699844257\n|-end|p2a: Great Tusk|Protosynthesis|[silent]\n|switch|p2a: Slowking|Slowking-Galar, F|100\/100\n|-damage|p2a: Slowking|88\/100|[from] Stealth Rock\n|move|p1a: Ninetales|Aurora Veil|p1a: Ninetales\n|-sidestart|p1: PottieMSD|move: Aurora Veil\n|\n|-weather|Snow|[upkeep]\n|upkeep\n|turn|7\n|inactive|PottieMSD has 120 seconds left.\n|\n|t:|1699844265\n|switch|p1a: Gholdengo|Gholdengo|100\/100\n|move|p2a: Slowking|Flamethrower|p1a: Gholdengo\n|-supereffective|p1a: Gholdengo\n|-damage|p1a: Gholdengo|71\/100\n|\n|-weather|Snow|[upkeep]\n|upkeep\n|turn|8\n|\n|t:|1699844276\n|switch|p2a: Corviknight|Corviknight, M|100\/100\n|-damage|p2a: Corviknight|88\/100|[from] Stealth Rock\n|-ability|p2a: Corviknight|Pressure\n|move|p1a: Gholdengo|Nasty Plot|p1a: Gholdengo\n|-boost|p1a: Gholdengo|spa|2\n|\n|-weather|Snow|[upkeep]\n|-heal|p2a: Corviknight|94\/100|[from] item: Leftovers\n|upkeep\n|turn|9\n|inactive|PottieMSD has 120 seconds left.\n|\n|t:|1699844318\n|switch|p2a: Slowking|Slowking-Galar, F|88\/100\n|-damage|p2a: Slowking|76\/100|[from] Stealth Rock\n|move|p1a: Gholdengo|Nasty Plot|p1a: Gholdengo\n|-boost|p1a: Gholdengo|spa|2\n|\n|-weather|none\n|upkeep\n|turn|10\n|\n|t:|1699844325\n|move|p1a: Gholdengo|Shadow Ball|p2a: Slowking\n|-supereffective|p2a: Slowking\n|-damage|p2a: Slowking|0 fnt\n|faint|p2a: Slowking\n|\n|upkeep\n|-message|shitking forfeited.\n|\n|win|PottieMSD\n|raw|PottieMSD's rating: 1207 &rarr; <strong>1233<\/strong><br \/>(+26 for winning)\n|raw|shitking's rating: 1214 &rarr; <strong>1188<\/strong><br \/>(-26 for losing)\n|l|\u2606shitking\n","uploadtime":1699844339,"views":23,"p1id":"pottiemsd","p2id":"shitking","formatid":"gen9ou","rating":1188,"private":0,"password":""}