{"id":"gen9ou-1992270130","p1":"ooj2","p2":"Just luck and hax","format":"[Gen 9] OU","log":"|j|\u2606ooj2\n|j|\u2606Just luck and hax\n|t:|1700169506\n|gametype|singles\n|player|p1|ooj2|psychicf-gen4|1459\n|player|p2|Just luck and hax|steven|1531\n|teamsize|p1|6\n|teamsize|p2|6\n|gen|9\n|tier|[Gen 9] OU\n|rated|\n|rule|Sleep Clause Mod: Limit one foe put to sleep\n|rule|Species Clause: Limit one of each Pok\u00e9mon\n|rule|OHKO Clause: OHKO moves are banned\n|rule|Evasion Items Clause: Evasion items are banned\n|rule|Evasion Moves Clause: Evasion moves are banned\n|rule|Endless Battle Clause: Forcing endless battles is banned\n|rule|HP Percentage Mod: HP is shown in percentages\n|clearpoke\n|poke|p1|Rillaboom, F|\n|poke|p1|Sneasler, M|\n|poke|p1|Manaphy|\n|poke|p1|Iron Valiant|\n|poke|p1|Cinderace, M|\n|poke|p1|Corviknight, F|\n|poke|p2|Ninetales-Alola, F|\n|poke|p2|Manaphy|\n|poke|p2|Kingambit, M|\n|poke|p2|Dragonite, F|\n|poke|p2|Garganacl, F|\n|poke|p2|Iron Moth|\n|teampreview\n|inactive|Battle timer is ON: inactive players will automatically lose when time's up. (requested by ooj2)\n|\n|t:|1700169526\n|start\n|switch|p1a: Se\u00f1or Goalpost|Cinderace, M|100\/100\n|switch|p2a: Ninetales|Ninetales-Alola, F|100\/100\n|-weather|Snow|[from] ability: Snow Warning|[of] p2a: Ninetales\n|turn|1\n|\n|t:|1700169534\n|move|p1a: Se\u00f1or Goalpost|U-turn|p2a: Ninetales\n|-start|p1a: Se\u00f1or Goalpost|typechange|Bug|[from] ability: Libero\n|-resisted|p2a: Ninetales\n|-damage|p2a: Ninetales|87\/100\n|\n|t:|1700169536\n|switch|p1a: Taxi Driver|Corviknight, F|100\/100|[from] U-turn\n|-ability|p1a: Taxi Driver|Pressure\n|move|p2a: Ninetales|Aurora Veil|p2a: Ninetales\n|-sidestart|p2: Just luck and hax|move: Aurora Veil\n|\n|-weather|Snow|[upkeep]\n|upkeep\n|turn|2\n|\n|t:|1700169541\n|move|p2a: Ninetales|Freeze-Dry|p1a: Taxi Driver\n|-damage|p1a: Taxi Driver|83\/100\n|move|p1a: Taxi Driver|Defog|p2a: Ninetales\n|-unboost|p2a: Ninetales|evasion|1\n|-sideend|p2: Just luck and hax|move: Aurora Veil\n|\n|-weather|Snow|[upkeep]\n|upkeep\n|turn|3\n|\n|t:|1700169545\n|move|p2a: Ninetales|Encore|p1a: Taxi Driver\n|-start|p1a: Taxi Driver|Encore\n|move|p1a: Taxi Driver|Defog|p2a: Ninetales\n|-unboost|p2a: Ninetales|evasion|1\n|\n|-weather|Snow|[upkeep]\n|upkeep\n|turn|4\n|\n|t:|1700169552\n|switch|p2a: Garganacl|Garganacl, F|100\/100\n|switch|p1a: Se\u00f1or Goalpost|Cinderace, M|100\/100\n|\n|-weather|Snow|[upkeep]\n|upkeep\n|turn|5\n|\n|t:|1700169561\n|move|p1a: Se\u00f1or Goalpost|U-turn|p2a: Garganacl\n|-start|p1a: Se\u00f1or Goalpost|typechange|Bug|[from] ability: Libero\n|-damage|p2a: Garganacl|77\/100\n|\n|t:|1700169563\n|switch|p1a: Mr. Bombastic|Rillaboom, F|100\/100|[from] U-turn\n|-fieldstart|move: Grassy Terrain|[from] ability: Grassy Surge|[of] p1a: Mr. Bombastic\n|move|p2a: Garganacl|Iron Defense|p2a: Garganacl\n|-boost|p2a: Garganacl|def|2\n|\n|-weather|none\n|-heal|p2a: Garganacl|83\/100|[from] Grassy Terrain\n|-heal|p2a: Garganacl|89\/100|[from] item: Leftovers\n|upkeep\n|turn|6\n|\n|t:|1700169569\n|move|p1a: Mr. Bombastic|Wood Hammer|p2a: Garganacl\n|-supereffective|p2a: Garganacl\n|-damage|p2a: Garganacl|34\/100\n|-damage|p1a: Mr. Bombastic|79\/100|[from] Recoil\n|move|p2a: Garganacl|Salt Cure|p1a: Mr. Bombastic\n|-damage|p1a: Mr. Bombastic|64\/100\n|-start|p1a: Mr. Bombastic|Salt Cure\n|\n|-heal|p1a: Mr. Bombastic|70\/100|[from] Grassy Terrain\n|-heal|p2a: Garganacl|40\/100|[from] Grassy Terrain\n|-heal|p2a: Garganacl|46\/100|[from] item: Leftovers\n|-damage|p1a: Mr. Bombastic|58\/100|[from] Salt Cure\n|upkeep\n|turn|7\n|\n|t:|1700169582\n|move|p1a: Mr. Bombastic|Wood Hammer|p2a: Garganacl\n|-supereffective|p2a: Garganacl\n|-damage|p2a: Garganacl|0 fnt\n|faint|p2a: Garganacl\n|-damage|p1a: Mr. Bombastic|40\/100|[from] Recoil\n|\n|-heal|p1a: Mr. Bombastic|46\/100|[from] Grassy Terrain\n|-damage|p1a: Mr. Bombastic|34\/100|[from] Salt Cure\n|upkeep\n|\n|t:|1700169585\n|switch|p2a: Manaphy|Manaphy|100\/100\n|turn|8\n|\n|t:|1700169592\n|switch|p1a: F\u00fcta Fighter|Iron Valiant|100\/100\n|-enditem|p1a: F\u00fcta Fighter|Booster Energy\n|-activate|p1a: F\u00fcta Fighter|ability: Quark Drive|[fromitem]\n|-start|p1a: F\u00fcta Fighter|quarkdrivespe\n|-terastallize|p2a: Manaphy|Poison\n|move|p2a: Manaphy|Acid Armor|p2a: Manaphy\n|-boost|p2a: Manaphy|def|2\n|\n|upkeep\n|turn|9\n|\n|t:|1700169599\n|move|p1a: F\u00fcta Fighter|Encore|p2a: Manaphy\n|-start|p2a: Manaphy|Encore\n|move|p2a: Manaphy|Acid Armor|p2a: Manaphy\n|-boost|p2a: Manaphy|def|2\n|\n|-fieldend|move: Grassy Terrain\n|upkeep\n|turn|10\n|\n|t:|1700169602\n|move|p1a: F\u00fcta Fighter|Calm Mind|p1a: F\u00fcta Fighter\n|-boost|p1a: F\u00fcta Fighter|spa|1\n|-boost|p1a: F\u00fcta Fighter|spd|1\n|move|p2a: Manaphy|Acid Armor|p2a: Manaphy\n|-boost|p2a: Manaphy|def|2\n|\n|upkeep\n|turn|11\n|\n|t:|1700169610\n|switch|p2a: Iron Moth|Iron Moth|100\/100\n|-enditem|p2a: Iron Moth|Booster Energy\n|-activate|p2a: Iron Moth|ability: Quark Drive|[fromitem]\n|-start|p2a: Iron Moth|quarkdrivespe\n|move|p1a: F\u00fcta Fighter|Calm Mind|p1a: F\u00fcta Fighter\n|-boost|p1a: F\u00fcta Fighter|spa|1\n|-boost|p1a: F\u00fcta Fighter|spd|1\n|\n|upkeep\n|turn|12\n|\n|t:|1700169618\n|move|p1a: F\u00fcta Fighter|Aura Sphere|p2a: Iron Moth\n|-resisted|p2a: Iron Moth\n|-damage|p2a: Iron Moth|62\/100\n|move|p2a: Iron Moth|Dazzling Gleam|p1a: F\u00fcta Fighter\n|-supereffective|p1a: F\u00fcta Fighter\n|-damage|p1a: F\u00fcta Fighter|52\/100\n|\n|upkeep\n|turn|13\n|\n|t:|1700169624\n|move|p1a: F\u00fcta Fighter|Aura Sphere|p2a: Iron Moth\n|-resisted|p2a: Iron Moth\n|-damage|p2a: Iron Moth|23\/100\n|move|p2a: Iron Moth|Dazzling Gleam|p1a: F\u00fcta Fighter\n|-supereffective|p1a: F\u00fcta Fighter\n|-damage|p1a: F\u00fcta Fighter|6\/100\n|\n|upkeep\n|turn|14\n|\n|t:|1700169631\n|move|p1a: F\u00fcta Fighter|Aura Sphere|p2a: Iron Moth\n|-resisted|p2a: Iron Moth\n|-damage|p2a: Iron Moth|0 fnt\n|faint|p2a: Iron Moth\n|-end|p2a: Iron Moth|Quark Drive|[silent]\n|\n|upkeep\n|\n|t:|1700169635\n|switch|p2a: Dragonite|Dragonite, F|100\/100\n|turn|15\n|\n|t:|1700169637\n|-end|p1a: F\u00fcta Fighter|Quark Drive|[silent]\n|switch|p1a: Taxi Driver|Corviknight, F|83\/100\n|-ability|p1a: Taxi Driver|Pressure\n|move|p2a: Dragonite|Extreme Speed|p1a: Taxi Driver\n|-resisted|p1a: Taxi Driver\n|-damage|p1a: Taxi Driver|74\/100\n|-damage|p2a: Dragonite|84\/100|[from] item: Rocky Helmet|[of] p1a: Taxi Driver\n|\n|upkeep\n|turn|16\n|\n|t:|1700169639\n|move|p2a: Dragonite|Roost|p2a: Dragonite\n|-heal|p2a: Dragonite|100\/100\n|-singleturn|p2a: Dragonite|move: Roost\n|move|p1a: Taxi Driver|U-turn|p2a: Dragonite\n|-damage|p2a: Dragonite|93\/100\n|\n|t:|1700169645\n|switch|p1a: Se\u00f1or Goalpost|Cinderace, M|100\/100|[from] U-turn\n|\n|upkeep\n|turn|17\n|\n|t:|1700169651\n|move|p1a: Se\u00f1or Goalpost|Will-O-Wisp|p2a: Dragonite\n|-status|p2a: Dragonite|brn\n|move|p2a: Dragonite|Dragon Dance|p2a: Dragonite\n|-boost|p2a: Dragonite|atk|1\n|-boost|p2a: Dragonite|spe|1\n|\n|-damage|p2a: Dragonite|87\/100 brn|[from] brn\n|upkeep\n|turn|18\n|\n|t:|1700169653\n|move|p2a: Dragonite|Extreme Speed|p1a: Se\u00f1or Goalpost\n|-damage|p1a: Se\u00f1or Goalpost|68\/100\n|move|p1a: Se\u00f1or Goalpost|U-turn|p2a: Dragonite\n|-start|p1a: Se\u00f1or Goalpost|typechange|Bug|[from] ability: Libero\n|-resisted|p2a: Dragonite\n|-damage|p2a: Dragonite|70\/100 brn\n|\n|t:|1700169671\n|switch|p1a: Glup Shiddo|Manaphy|100\/100|[from] U-turn\n|\n|-damage|p2a: Dragonite|64\/100 brn|[from] brn\n|upkeep\n|turn|19\n|\n|t:|1700169674\n|switch|p2a: Ninetales|Ninetales-Alola, F|87\/100\n|-weather|Snow|[from] ability: Snow Warning|[of] p2a: Ninetales\n|move|p1a: Glup Shiddo|Acid Armor|p1a: Glup Shiddo\n|-boost|p1a: Glup Shiddo|def|2\n|\n|-weather|Snow|[upkeep]\n|upkeep\n|turn|20\n|\n|t:|1700169677\n|switch|p1a: Snoodler|Sneasler, M|100\/100\n|move|p2a: Ninetales|Encore||[still]\n|-fail|p2a: Ninetales\n|\n|-weather|Snow|[upkeep]\n|upkeep\n|turn|21\n|\n|t:|1700169682\n|switch|p2a: Dragonite|Dragonite, F|64\/100 brn\n|move|p1a: Snoodler|Gunk Shot|p2a: Dragonite\n|-damage|p2a: Dragonite|3\/100 brn\n|\n|-weather|Snow|[upkeep]\n|-damage|p2a: Dragonite|0 fnt|[from] brn\n|faint|p2a: Dragonite\n|upkeep\n|\n|t:|1700169690\n|switch|p2a: Manaphy|Manaphy, tera:Poison|100\/100\n|turn|22\n|\n|t:|1700169702\n|-terastallize|p1a: Snoodler|Flying\n|move|p1a: Snoodler|Swords Dance|p1a: Snoodler\n|-boost|p1a: Snoodler|atk|2\n|move|p2a: Manaphy|Scald|p1a: Snoodler\n|-damage|p1a: Snoodler|66\/100\n|\n|-weather|Snow|[upkeep]\n|upkeep\n|turn|23\n|\n|t:|1700169719\n|move|p1a: Snoodler|Close Combat|p2a: Manaphy\n|-resisted|p2a: Manaphy\n|-damage|p2a: Manaphy|56\/100\n|-unboost|p1a: Snoodler|def|1\n|-unboost|p1a: Snoodler|spd|1\n|move|p2a: Manaphy|Scald|p1a: Snoodler\n|-damage|p1a: Snoodler|5\/100\n|-status|p1a: Snoodler|brn\n|\n|-weather|none\n|-heal|p2a: Manaphy|62\/100|[from] item: Leftovers\n|-damage|p1a: Snoodler|0 fnt|[from] brn\n|faint|p1a: Snoodler\n|upkeep\n|\n|t:|1700169738\n|switch|p1a: Taxi Driver|Corviknight, F|74\/100\n|-ability|p1a: Taxi Driver|Pressure\n|turn|24\n|\n|t:|1700169742\n|move|p2a: Manaphy|Acid Armor|p2a: Manaphy\n|-boost|p2a: Manaphy|def|2\n|move|p1a: Taxi Driver|U-turn|p2a: Manaphy\n|-resisted|p2a: Manaphy\n|-damage|p2a: Manaphy|60\/100\n|\n|t:|1700169744\n|switch|p1a: F\u00fcta Fighter|Iron Valiant|6\/100|[from] U-turn\n|\n|-heal|p2a: Manaphy|66\/100|[from] item: Leftovers\n|upkeep\n|turn|25\n|\n|t:|1700169749\n|switch|p2a: Ninetales|Ninetales-Alola, F|87\/100\n|-weather|Snow|[from] ability: Snow Warning|[of] p2a: Ninetales\n|move|p1a: F\u00fcta Fighter|Calm Mind|p1a: F\u00fcta Fighter\n|-boost|p1a: F\u00fcta Fighter|spa|1\n|-boost|p1a: F\u00fcta Fighter|spd|1\n|\n|-weather|Snow|[upkeep]\n|upkeep\n|turn|26\n|\n|t:|1700169759\n|move|p1a: F\u00fcta Fighter|Moonblast|p2a: Ninetales\n|-damage|p2a: Ninetales|22\/100\n|-unboost|p2a: Ninetales|spa|1\n|move|p2a: Ninetales|Moonblast|p1a: F\u00fcta Fighter\n|-supereffective|p1a: F\u00fcta Fighter\n|-damage|p1a: F\u00fcta Fighter|0 fnt\n|faint|p1a: F\u00fcta Fighter\n|-end|p1a: F\u00fcta Fighter|Quark Drive|[silent]\n|\n|-weather|Snow|[upkeep]\n|upkeep\n|\n|t:|1700169773\n|switch|p1a: Se\u00f1or Goalpost|Cinderace, M|68\/100\n|turn|27\n|\n|t:|1700169779\n|move|p1a: Se\u00f1or Goalpost|Pyro Ball|p2a: Ninetales\n|-supereffective|p2a: Ninetales\n|-damage|p2a: Ninetales|0 fnt\n|faint|p2a: Ninetales\n|\n|-weather|Snow|[upkeep]\n|upkeep\n|\n|t:|1700169781\n|switch|p2a: Manaphy|Manaphy, tera:Poison|66\/100\n|turn|28\n|\n|t:|1700169787\n|move|p1a: Se\u00f1or Goalpost|U-turn|p2a: Manaphy\n|-start|p1a: Se\u00f1or Goalpost|typechange|Bug|[from] ability: Libero\n|-resisted|p2a: Manaphy\n|-damage|p2a: Manaphy|54\/100\n|\n|t:|1700169788\n|switch|p1a: Glup Shiddo|Manaphy|100\/100|[from] U-turn\n|move|p2a: Manaphy|Acid Armor|p2a: Manaphy\n|-boost|p2a: Manaphy|def|2\n|\n|-weather|Snow|[upkeep]\n|-heal|p2a: Manaphy|60\/100|[from] item: Leftovers\n|upkeep\n|turn|29\n|\n|t:|1700169792\n|move|p1a: Glup Shiddo|Take Heart|p1a: Glup Shiddo\n|-boost|p1a: Glup Shiddo|spa|1\n|-boost|p1a: Glup Shiddo|spd|1\n|move|p2a: Manaphy|Take Heart|p2a: Manaphy\n|-boost|p2a: Manaphy|spa|1\n|-boost|p2a: Manaphy|spd|1\n|\n|-weather|none\n|-heal|p2a: Manaphy|66\/100|[from] item: Leftovers\n|upkeep\n|turn|30\n|\n|t:|1700169794\n|move|p1a: Glup Shiddo|Take Heart|p1a: Glup Shiddo\n|-boost|p1a: Glup Shiddo|spa|1\n|-boost|p1a: Glup Shiddo|spd|1\n|move|p2a: Manaphy|Take Heart|p2a: Manaphy\n|-boost|p2a: Manaphy|spa|1\n|-boost|p2a: Manaphy|spd|1\n|\n|-heal|p2a: Manaphy|73\/100|[from] item: Leftovers\n|upkeep\n|turn|31\n|\n|t:|1700169796\n|move|p1a: Glup Shiddo|Acid Armor|p1a: Glup Shiddo\n|-boost|p1a: Glup Shiddo|def|2\n|move|p2a: Manaphy|Take Heart|p2a: Manaphy\n|-boost|p2a: Manaphy|spa|1\n|-boost|p2a: Manaphy|spd|1\n|\n|-heal|p2a: Manaphy|79\/100|[from] item: Leftovers\n|upkeep\n|turn|32\n|\n|t:|1700169800\n|move|p1a: Glup Shiddo|Stored Power|p2a: Manaphy\n|-supereffective|p2a: Manaphy\n|-damage|p2a: Manaphy|36\/100\n|move|p2a: Manaphy|Take Heart|p2a: Manaphy\n|-boost|p2a: Manaphy|spa|1\n|-boost|p2a: Manaphy|spd|1\n|\n|-heal|p2a: Manaphy|42\/100|[from] item: Leftovers\n|upkeep\n|turn|33\n|\n|t:|1700169805\n|move|p1a: Glup Shiddo|Stored Power|p2a: Manaphy\n|-supereffective|p2a: Manaphy\n|-damage|p2a: Manaphy|7\/100\n|move|p2a: Manaphy|Stored Power|p1a: Glup Shiddo\n|-damage|p1a: Glup Shiddo|34\/100\n|\n|-heal|p1a: Glup Shiddo|40\/100|[from] item: Leftovers\n|-heal|p2a: Manaphy|13\/100|[from] item: Leftovers\n|upkeep\n|turn|34\n|\n|t:|1700169809\n|move|p1a: Glup Shiddo|Stored Power|p2a: Manaphy\n|-supereffective|p2a: Manaphy\n|-damage|p2a: Manaphy|0 fnt\n|faint|p2a: Manaphy\n|\n|-heal|p1a: Glup Shiddo|46\/100|[from] item: Leftovers\n|upkeep\n|\n|t:|1700169812\n|switch|p2a: Kingambit|Kingambit, M|100\/100\n|-activate|p2a: Kingambit|ability: Supreme Overlord\n|-start|p2a: Kingambit|fallen5|[silent]\n|turn|35\n|\n|t:|1700169817\n|move|p1a: Glup Shiddo|Scald|p2a: Kingambit\n|-damage|p2a: Kingambit|48\/100\n|move|p2a: Kingambit|Kowtow Cleave|p1a: Glup Shiddo\n|-crit|p1a: Glup Shiddo\n|-damage|p1a: Glup Shiddo|0 fnt\n|faint|p1a: Glup Shiddo\n|\n|-heal|p2a: Kingambit|54\/100|[from] item: Leftovers\n|upkeep\n|\n|t:|1700169832\n|switch|p1a: Se\u00f1or Goalpost|Cinderace, M|68\/100\n|turn|36\n|\n|t:|1700169834\n|move|p2a: Kingambit|Sucker Punch||[still]\n|-fail|p2a: Kingambit\n|move|p1a: Se\u00f1or Goalpost|Will-O-Wisp|p2a: Kingambit\n|-status|p2a: Kingambit|brn\n|\n|-heal|p2a: Kingambit|60\/100 brn|[from] item: Leftovers\n|-damage|p2a: Kingambit|54\/100 brn|[from] brn\n|upkeep\n|turn|37\n|\n|t:|1700169839\n|move|p2a: Kingambit|Sucker Punch|p1a: Se\u00f1or Goalpost\n|-crit|p1a: Se\u00f1or Goalpost\n|-damage|p1a: Se\u00f1or Goalpost|0 fnt\n|faint|p1a: Se\u00f1or Goalpost\n|\n|-heal|p2a: Kingambit|60\/100 brn|[from] item: Leftovers\n|-damage|p2a: Kingambit|54\/100 brn|[from] brn\n|upkeep\n|\n|t:|1700169852\n|switch|p1a: Mr. Bombastic|Rillaboom, F|34\/100\n|-fieldstart|move: Grassy Terrain|[from] ability: Grassy Surge|[of] p1a: Mr. Bombastic\n|turn|38\n|\n|t:|1700169856\n|move|p1a: Mr. Bombastic|U-turn|p2a: Kingambit\n|-damage|p2a: Kingambit|34\/100 brn\n|\n|t:|1700169858\n|switch|p1a: Taxi Driver|Corviknight, F|74\/100|[from] U-turn\n|-ability|p1a: Taxi Driver|Pressure\n|move|p2a: Kingambit|Kowtow Cleave|p1a: Taxi Driver\n|-damage|p1a: Taxi Driver|48\/100\n|-damage|p2a: Kingambit|18\/100 brn|[from] item: Rocky Helmet|[of] p1a: Taxi Driver\n|\n|-heal|p2a: Kingambit|24\/100 brn|[from] Grassy Terrain\n|-heal|p2a: Kingambit|30\/100 brn|[from] item: Leftovers\n|-damage|p2a: Kingambit|24\/100 brn|[from] brn\n|upkeep\n|turn|39\n|\n|t:|1700169863\n|move|p2a: Kingambit|Swords Dance|p2a: Kingambit\n|-boost|p2a: Kingambit|atk|2\n|move|p1a: Taxi Driver|U-turn|p2a: Kingambit\n|-damage|p2a: Kingambit|13\/100 brn\n|\n|t:|1700169865\n|switch|p1a: Mr. Bombastic|Rillaboom, F|34\/100|[from] U-turn\n|\n|-heal|p1a: Mr. Bombastic|40\/100|[from] Grassy Terrain\n|-heal|p2a: Kingambit|19\/100 brn|[from] Grassy Terrain\n|-heal|p2a: Kingambit|26\/100 brn|[from] item: Leftovers\n|-damage|p2a: Kingambit|19\/100 brn|[from] brn\n|upkeep\n|turn|40\n|\n|t:|1700169871\n|switch|p1a: Taxi Driver|Corviknight, F|48\/100\n|-ability|p1a: Taxi Driver|Pressure\n|move|p2a: Kingambit|Sucker Punch||[still]\n|-fail|p2a: Kingambit\n|\n|-heal|p2a: Kingambit|26\/100 brn|[from] Grassy Terrain\n|-heal|p2a: Kingambit|32\/100 brn|[from] item: Leftovers\n|-damage|p2a: Kingambit|26\/100 brn|[from] brn\n|upkeep\n|turn|41\n|\n|t:|1700169884\n|move|p2a: Kingambit|Swords Dance|p2a: Kingambit\n|-boost|p2a: Kingambit|atk|2\n|move|p1a: Taxi Driver|Roost|p1a: Taxi Driver\n|-heal|p1a: Taxi Driver|98\/100\n|-singleturn|p1a: Taxi Driver|move: Roost\n|\n|-heal|p2a: Kingambit|32\/100 brn|[from] Grassy Terrain\n|-heal|p2a: Kingambit|38\/100 brn|[from] item: Leftovers\n|-heal|p1a: Taxi Driver|100\/100|[from] Grassy Terrain\n|-damage|p2a: Kingambit|32\/100 brn|[from] brn\n|upkeep\n|turn|42\n|\n|t:|1700169890\n|move|p2a: Kingambit|Swords Dance|p2a: Kingambit\n|-boost|p2a: Kingambit|atk|2\n|move|p1a: Taxi Driver|Brave Bird|p2a: Kingambit\n|-resisted|p2a: Kingambit\n|-damage|p2a: Kingambit|19\/100 brn\n|-damage|p1a: Taxi Driver|96\/100|[from] Recoil\n|\n|-heal|p2a: Kingambit|25\/100 brn|[from] Grassy Terrain\n|-heal|p2a: Kingambit|31\/100 brn|[from] item: Leftovers\n|-damage|p2a: Kingambit|25\/100 brn|[from] brn\n|-fieldend|move: Grassy Terrain\n|upkeep\n|turn|43\n|\n|t:|1700169898\n|move|p2a: Kingambit|Kowtow Cleave|p1a: Taxi Driver\n|-damage|p1a: Taxi Driver|0 fnt\n|-damage|p2a: Kingambit|8\/100 brn|[from] item: Rocky Helmet|[of] p1a: Taxi Driver\n|faint|p1a: Taxi Driver\n|\n|-heal|p2a: Kingambit|15\/100 brn|[from] item: Leftovers\n|-damage|p2a: Kingambit|8\/100 brn|[from] brn\n|upkeep\n|\n|t:|1700169902\n|switch|p1a: Mr. Bombastic|Rillaboom, F|40\/100\n|-fieldstart|move: Grassy Terrain|[from] ability: Grassy Surge|[of] p1a: Mr. Bombastic\n|turn|44\n|\n|t:|1700169906\n|move|p1a: Mr. Bombastic|Grassy Glide|p2a: Kingambit\n|-resisted|p2a: Kingambit\n|-damage|p2a: Kingambit|0 fnt\n|faint|p2a: Kingambit\n|-end|p2a: Kingambit|fallen5|[silent]\n|\n|win|ooj2\n|raw|ooj2's rating: 1459 &rarr; <strong>1484<\/strong><br \/>(+25 for winning)\n|raw|Just luck and hax's rating: 1555 &rarr; <strong>1530<\/strong><br \/>(-25 for losing)\n|c|\u2606Just luck and hax|Gg\n","uploadtime":1700169922,"views":8,"p1id":"ooj2","p2id":"justluckandhax","formatid":"gen9ou","rating":1484,"private":0,"password":""}