{"id":"gen9ou-2000185055","p1":"PLLV52 Macaxandre","p2":"jonbilbaobi","format":"[Gen 9] OU","log":"|j|\u2606PLLV52 Macaxandre\n|j|\u203djonbilbaobi\n|t:|1701168963\n|gametype|singles\n|player|p1|PLLV52 Macaxandre|cynthia-gen4|1763\n|player|p2|jonbilbaobi|2|1677\n|teamsize|p1|6\n|teamsize|p2|6\n|gen|9\n|tier|[Gen 9] OU\n|rated|\n|rule|Sleep Clause Mod: Limit one foe put to sleep\n|rule|Species Clause: Limit one of each Pok\u00e9mon\n|rule|OHKO Clause: OHKO moves are banned\n|rule|Evasion Items Clause: Evasion items are banned\n|rule|Evasion Moves Clause: Evasion moves are banned\n|rule|Endless Battle Clause: Forcing endless battles is banned\n|rule|HP Percentage Mod: HP is shown in percentages\n|clearpoke\n|poke|p1|Greninja-*, M|\n|poke|p1|Ogerpon-Cornerstone, F|\n|poke|p1|Hatterene, F|\n|poke|p1|Dragonite, F|\n|poke|p1|Ceruledge, F|\n|poke|p1|Glimmora, M|\n|poke|p2|Kingambit, M|\n|poke|p2|Cinderace, M|\n|poke|p2|Zamazenta-*|\n|poke|p2|Garganacl, F|\n|poke|p2|Alomomola, F|\n|poke|p2|Goodra-Hisui, F|\n|teampreview\n|\n|t:|1701168979\n|start\n|switch|p1a: Glimmora|Glimmora, M|100\/100\n|switch|p2a: Goodra|Goodra-Hisui, F|100\/100\n|turn|1\n|\n|t:|1701168987\n|move|p1a: Glimmora|Stealth Rock|p2a: Goodra\n|-sidestart|p2: jonbilbaobi|move: Stealth Rock\n|move|p2a: Goodra|Flash Cannon|p1a: Glimmora\n|-supereffective|p1a: Glimmora\n|-damage|p1a: Glimmora|16\/100\n|\n|upkeep\n|turn|2\n|\n|t:|1701168995\n|move|p1a: Glimmora|Earth Power|p2a: Goodra\n|-supereffective|p2a: Goodra\n|-damage|p2a: Goodra|75\/100\n|move|p2a: Goodra|Thunderbolt|p1a: Glimmora\n|-damage|p1a: Glimmora|0 fnt\n|faint|p1a: Glimmora\n|\n|upkeep\n|inactive|Battle timer is ON: inactive players will automatically lose when time's up. (requested by jonbilbaobi)\n|\n|t:|1701169026\n|switch|p1a: Ceruledge|Ceruledge, F|100\/100\n|turn|3\n|inactive|jonbilbaobi has 120 seconds left.\n|\n|t:|1701169066\n|switch|p2a: Garganacl|Garganacl, F|100\/100\n|-damage|p2a: Garganacl|88\/100|[from] Stealth Rock\n|move|p1a: Ceruledge|Swords Dance|p1a: Ceruledge\n|-boost|p1a: Ceruledge|atk|2\n|\n|-heal|p2a: Garganacl|94\/100|[from] item: Leftovers\n|upkeep\n|turn|4\n|\n|t:|1701169072\n|move|p1a: Ceruledge|Swords Dance|p1a: Ceruledge\n|-boost|p1a: Ceruledge|atk|2\n|move|p2a: Garganacl|Salt Cure|p1a: Ceruledge\n|-supereffective|p1a: Ceruledge\n|-damage|p1a: Ceruledge|61\/100\n|-start|p1a: Ceruledge|Salt Cure\n|-ability|p1a: Ceruledge|Weak Armor|boost\n|-unboost|p1a: Ceruledge|def|1\n|-boost|p1a: Ceruledge|spe|2\n|\n|-heal|p2a: Garganacl|100\/100|[from] item: Leftovers\n|-damage|p1a: Ceruledge|48\/100|[from] Salt Cure\n|upkeep\n|turn|5\n|j| Jontrendline\n|j| quesitoooo\n|\n|t:|1701169093\n|move|p1a: Ceruledge|Poltergeist|p2a: Garganacl\n|-activate|p2a: Garganacl|move: Poltergeist|Leftovers\n|-damage|p2a: Garganacl|60\/100\n|move|p2a: Garganacl|Salt Cure|p1a: Ceruledge\n|-supereffective|p1a: Ceruledge\n|-damage|p1a: Ceruledge|0 fnt\n|faint|p1a: Ceruledge\n|\n|-heal|p2a: Garganacl|66\/100|[from] item: Leftovers\n|upkeep\n|\n|t:|1701169100\n|switch|p1a: Ogerpon|Ogerpon-Cornerstone, F|100\/100\n|turn|6\n|\n|t:|1701169109\n|move|p1a: Ogerpon|Swords Dance|p1a: Ogerpon\n|-boost|p1a: Ogerpon|atk|2\n|move|p2a: Garganacl|Salt Cure|p1a: Ogerpon\n|-damage|p1a: Ogerpon|81\/100\n|-start|p1a: Ogerpon|Salt Cure\n|\n|-heal|p2a: Garganacl|73\/100|[from] item: Leftovers\n|-damage|p1a: Ogerpon|68\/100|[from] Salt Cure\n|upkeep\n|turn|7\n|\n|t:|1701169119\n|switch|p2a: Cinderace|Cinderace, M|100\/100\n|move|p1a: Ogerpon|Swords Dance|p1a: Ogerpon\n|-boost|p1a: Ogerpon|atk|2\n|\n|-damage|p1a: Ogerpon|56\/100|[from] Salt Cure\n|upkeep\n|turn|8\n|\n|t:|1701169126\n|-terastallize|p1a: Ogerpon|Rock\n|detailschange|p1a: Ogerpon|Ogerpon-Cornerstone-Tera, F, tera:Rock\n|-ability|p1a: Ogerpon|Embody Aspect (Cornerstone)|boost\n|-boost|p1a: Ogerpon|def|1\n|move|p2a: Cinderace|Pyro Ball|p1a: Ogerpon\n|-resisted|p1a: Ogerpon\n|-damage|p1a: Ogerpon|31\/100\n|move|p1a: Ogerpon|Horn Leech|p2a: Cinderace\n|-resisted|p2a: Cinderace\n|-damage|p2a: Cinderace|0 fnt\n|-heal|p1a: Ogerpon|81\/100|[from] drain|[of] p2a: Cinderace\n|faint|p2a: Cinderace\n|\n|-damage|p1a: Ogerpon|69\/100|[from] Salt Cure\n|upkeep\n|\n|t:|1701169135\n|switch|p2a: Zamazenta|Zamazenta|100\/100\n|-damage|p2a: Zamazenta|94\/100|[from] Stealth Rock\n|-ability|p2a: Zamazenta|Dauntless Shield|boost\n|-boost|p2a: Zamazenta|def|1\n|turn|9\n|\n|t:|1701169145\n|switch|p1a: Hatterene|Hatterene, F|100\/100\n|move|p2a: Zamazenta|Body Press|p1a: Hatterene\n|-resisted|p1a: Hatterene\n|-damage|p1a: Hatterene|92\/100\n|\n|-heal|p2a: Zamazenta|100\/100|[from] item: Leftovers\n|-heal|p1a: Hatterene|98\/100|[from] item: Leftovers\n|upkeep\n|turn|10\n|\n|t:|1701169149\n|switch|p2a: Goodra|Goodra-Hisui, F|75\/100\n|-damage|p2a: Goodra|69\/100|[from] Stealth Rock\n|move|p1a: Hatterene|Dazzling Gleam|p2a: Goodra\n|-crit|p2a: Goodra\n|-damage|p2a: Goodra|46\/100\n|\n|-heal|p1a: Hatterene|100\/100|[from] item: Leftovers\n|upkeep\n|turn|11\n|\n|t:|1701169159\n|move|p2a: Goodra|Flash Cannon|p1a: Hatterene\n|-supereffective|p1a: Hatterene\n|-damage|p1a: Hatterene|31\/100\n|move|p1a: Hatterene|Mystical Fire|p2a: Goodra\n|-damage|p2a: Goodra|36\/100\n|-unboost|p2a: Goodra|spa|1\n|\n|-heal|p1a: Hatterene|37\/100|[from] item: Leftovers\n|upkeep\n|turn|12\n|\n|t:|1701169169\n|switch|p1a: Greninja|Greninja, M|100\/100\n|move|p2a: Goodra|Flash Cannon|p1a: Greninja\n|-resisted|p1a: Greninja\n|-damage|p1a: Greninja|85\/100\n|\n|upkeep\n|turn|13\n|\n|t:|1701169177\n|switch|p2a: Kingambit|Kingambit, M|100\/100\n|-damage|p2a: Kingambit|94\/100|[from] Stealth Rock\n|-activate|p2a: Kingambit|ability: Supreme Overlord\n|-start|p2a: Kingambit|fallen1|[silent]\n|move|p1a: Greninja|Dark Pulse|p2a: Kingambit\n|-resisted|p2a: Kingambit\n|-damage|p2a: Kingambit|72\/100\n|-damage|p1a: Greninja|76\/100|[from] item: Life Orb\n|\n|-heal|p2a: Kingambit|78\/100|[from] item: Leftovers\n|upkeep\n|turn|14\n|\n|t:|1701169185\n|move|p2a: Kingambit|Sucker Punch|p1a: Greninja\n|-resisted|p1a: Greninja\n|-damage|p1a: Greninja|37\/100\n|move|p1a: Greninja|Surf|p2a: Kingambit\n|-damage|p2a: Kingambit|25\/100\n|-damage|p1a: Greninja|27\/100|[from] item: Life Orb\n|\n|-heal|p2a: Kingambit|31\/100|[from] item: Leftovers\n|upkeep\n|turn|15\n|\n|t:|1701169193\n|move|p1a: Greninja|Water Shuriken|p2a: Kingambit\n|-damage|p2a: Kingambit|22\/100\n|-damage|p2a: Kingambit|14\/100\n|-damage|p2a: Kingambit|5\/100\n|-hitcount|p2a: Kingambit|3\n|-damage|p1a: Greninja|17\/100|[from] item: Life Orb\n|move|p2a: Kingambit|Sucker Punch||[still]\n|-fail|p2a: Kingambit\n|\n|-heal|p2a: Kingambit|12\/100|[from] item: Leftovers\n|upkeep\n|turn|16\n|\n|t:|1701169200\n|-end|p2a: Kingambit|fallen1|[silent]\n|switch|p2a: Alomomola|Alomomola, F|100\/100\n|move|p1a: Greninja|Water Shuriken|p2a: Alomomola\n|-resisted|p2a: Alomomola\n|-damage|p2a: Alomomola|95\/100\n|-resisted|p2a: Alomomola\n|-crit|p2a: Alomomola\n|-damage|p2a: Alomomola|87\/100\n|-hitcount|p2a: Alomomola|2\n|-damage|p1a: Greninja|7\/100|[from] item: Life Orb\n|\n|upkeep\n|turn|17\n|\n|t:|1701169206\n|move|p1a: Greninja|Dark Pulse|p2a: Alomomola\n|-damage|p2a: Alomomola|28\/100\n|-damage|p1a: Greninja|0 fnt|[from] item: Life Orb\n|faint|p1a: Greninja\n|move|p2a: Alomomola|Wish|p2a: Alomomola\n|\n|upkeep\n|\n|t:|1701169213\n|switch|p1a: Dragonite|Dragonite, F|100\/100\n|turn|18\n|\n|t:|1701169219\n|move|p1a: Dragonite|Encore|p2a: Alomomola\n|-start|p2a: Alomomola|Encore\n|move|p2a: Alomomola|Wish||[still]\n|-fail|p2a: Alomomola\n|\n|-heal|p2a: Alomomola|78\/100|[from] move: Wish|[wisher] Alomomola\n|upkeep\n|turn|19\n|\n|t:|1701169222\n|move|p1a: Dragonite|Dragon Dance|p1a: Dragonite\n|-boost|p1a: Dragonite|atk|1\n|-boost|p1a: Dragonite|spe|1\n|move|p2a: Alomomola|Wish|p2a: Alomomola\n|\n|upkeep\n|turn|20\n|\n|t:|1701169228\n|switch|p2a: Zamazenta|Zamazenta|100\/100\n|-damage|p2a: Zamazenta|94\/100|[from] Stealth Rock\n|move|p1a: Dragonite|Dragon Dance|p1a: Dragonite\n|-boost|p1a: Dragonite|atk|1\n|-boost|p1a: Dragonite|spe|1\n|\n|-heal|p2a: Zamazenta|100\/100|[from] move: Wish|[wisher] Alomomola\n|upkeep\n|turn|21\n|\n|t:|1701169232\n|move|p1a: Dragonite|Fly||[still]\n|-prepare|p1a: Dragonite|Fly\n|move|p2a: Zamazenta|Iron Defense|p2a: Zamazenta\n|-boost|p2a: Zamazenta|def|2\n|\n|upkeep\n|turn|22\n|\n|t:|1701169239\n|move|p1a: Dragonite|Fly|p2a: Zamazenta|[from]lockedmove\n|-supereffective|p2a: Zamazenta\n|-damage|p2a: Zamazenta|24\/100\n|move|p2a: Zamazenta|Body Press|p1a: Dragonite\n|-resisted|p1a: Dragonite\n|-damage|p1a: Dragonite|87\/100\n|\n|-heal|p1a: Dragonite|93\/100|[from] item: Leftovers\n|-heal|p2a: Zamazenta|30\/100|[from] item: Leftovers\n|upkeep\n|turn|23\n|\n|t:|1701169250\n|-terastallize|p2a: Zamazenta|Steel\n|move|p1a: Dragonite|Dragon Dance|p1a: Dragonite\n|-boost|p1a: Dragonite|atk|1\n|-boost|p1a: Dragonite|spe|1\n|move|p2a: Zamazenta|Substitute|p2a: Zamazenta\n|-start|p2a: Zamazenta|Substitute\n|-damage|p2a: Zamazenta|5\/100\n|\n|-heal|p1a: Dragonite|99\/100|[from] item: Leftovers\n|-heal|p2a: Zamazenta|12\/100|[from] item: Leftovers\n|upkeep\n|turn|24\n|\n|t:|1701169256\n|move|p1a: Dragonite|Encore|p2a: Zamazenta\n|-start|p2a: Zamazenta|Encore\n|move|p2a: Zamazenta|Substitute|p2a: Zamazenta\n|-fail|p2a: Zamazenta|move: Substitute\n|\n|-heal|p1a: Dragonite|100\/100|[from] item: Leftovers\n|-heal|p2a: Zamazenta|18\/100|[from] item: Leftovers\n|upkeep\n|turn|25\n|\n|t:|1701169261\n|switch|p2a: Alomomola|Alomomola, F|100\/100\n|move|p1a: Dragonite|Dragon Dance|p1a: Dragonite\n|-boost|p1a: Dragonite|atk|1\n|-boost|p1a: Dragonite|spe|1\n|\n|upkeep\n|turn|26\n|\n|t:|1701169267\n|move|p1a: Dragonite|Fly||[still]\n|-prepare|p1a: Dragonite|Fly\n|move|p2a: Alomomola|Scald|p1a: Dragonite|[miss]\n|-miss|p2a: Alomomola|p1a: Dragonite\n|\n|upkeep\n|turn|27\n|\n|t:|1701169269\n|move|p2a: Alomomola|Protect|p2a: Alomomola\n|-singleturn|p2a: Alomomola|Protect\n|move|p1a: Dragonite|Fly|p2a: Alomomola|[from]lockedmove\n|-activate|p2a: Alomomola|move: Protect\n|\n|upkeep\n|turn|28\n|\n|t:|1701169276\n|move|p1a: Dragonite|Encore|p2a: Alomomola\n|-start|p2a: Alomomola|Encore\n|move|p2a: Alomomola|Protect||[still]\n|-fail|p2a: Alomomola\n|\n|upkeep\n|turn|29\n|\n|t:|1701169279\n|switch|p2a: Zamazenta|Zamazenta, tera:Steel|18\/100\n|-damage|p2a: Zamazenta|12\/100|[from] Stealth Rock\n|move|p1a: Dragonite|Dragon Dance|p1a: Dragonite\n|-boost|p1a: Dragonite|atk|1\n|-boost|p1a: Dragonite|spe|1\n|\n|-heal|p2a: Zamazenta|18\/100|[from] item: Leftovers\n|upkeep\n|turn|30\n|\n|t:|1701169286\n|move|p1a: Dragonite|Dragon Dance|p1a: Dragonite\n|-boost|p1a: Dragonite|atk|1\n|-boost|p1a: Dragonite|spe|1\n|move|p2a: Zamazenta|Body Press|p1a: Dragonite\n|-resisted|p1a: Dragonite\n|-damage|p1a: Dragonite|92\/100\n|\n|-heal|p1a: Dragonite|99\/100|[from] item: Leftovers\n|-heal|p2a: Zamazenta|24\/100|[from] item: Leftovers\n|upkeep\n|turn|31\n|\n|t:|1701169291\n|move|p1a: Dragonite|Fly||[still]\n|-prepare|p1a: Dragonite|Fly\n|move|p2a: Zamazenta|Body Press|p1a: Dragonite|[miss]\n|-miss|p2a: Zamazenta|p1a: Dragonite\n|\n|-heal|p1a: Dragonite|100\/100|[from] item: Leftovers\n|-heal|p2a: Zamazenta|30\/100|[from] item: Leftovers\n|upkeep\n|turn|32\n|\n|t:|1701169300\n|move|p1a: Dragonite|Fly|p2a: Zamazenta|[from]lockedmove\n|-resisted|p2a: Zamazenta\n|-damage|p2a: Zamazenta|0 fnt\n|faint|p2a: Zamazenta\n|\n|upkeep\n|\n|t:|1701169303\n|switch|p2a: Alomomola|Alomomola, F|100\/100\n|turn|33\n|\n|t:|1701169307\n|move|p1a: Dragonite|Fly||[still]\n|-prepare|p1a: Dragonite|Fly\n|move|p2a: Alomomola|Scald|p1a: Dragonite|[miss]\n|-miss|p2a: Alomomola|p1a: Dragonite\n|\n|upkeep\n|turn|34\n|\n|t:|1701169311\n|move|p2a: Alomomola|Protect|p2a: Alomomola\n|-singleturn|p2a: Alomomola|Protect\n|move|p1a: Dragonite|Fly|p2a: Alomomola|[from]lockedmove\n|-activate|p2a: Alomomola|move: Protect\n|\n|upkeep\n|turn|35\n|\n|t:|1701169320\n|move|p1a: Dragonite|Fly||[still]\n|-prepare|p1a: Dragonite|Fly\n|move|p2a: Alomomola|Scald|p1a: Dragonite|[miss]\n|-miss|p2a: Alomomola|p1a: Dragonite\n|\n|upkeep\n|turn|36\n|\n|t:|1701169324\n|move|p2a: Alomomola|Protect|p2a: Alomomola\n|-singleturn|p2a: Alomomola|Protect\n|move|p1a: Dragonite|Fly|p2a: Alomomola|[from]lockedmove\n|-activate|p2a: Alomomola|move: Protect\n|\n|upkeep\n|turn|37\n|\n|t:|1701169331\n|move|p1a: Dragonite|Encore|p2a: Alomomola\n|-start|p2a: Alomomola|Encore\n|move|p2a: Alomomola|Protect||[still]\n|-fail|p2a: Alomomola\n|\n|upkeep\n|turn|38\n|\n|t:|1701169337\n|switch|p2a: Garganacl|Garganacl, F|73\/100\n|-damage|p2a: Garganacl|60\/100|[from] Stealth Rock\n|move|p1a: Dragonite|Fly||[still]\n|-prepare|p1a: Dragonite|Fly\n|\n|-heal|p2a: Garganacl|66\/100|[from] item: Leftovers\n|upkeep\n|turn|39\n|\n|t:|1701169341\n|move|p1a: Dragonite|Fly|p2a: Garganacl|[from]lockedmove\n|-resisted|p2a: Garganacl\n|-damage|p2a: Garganacl|13\/100\n|move|p2a: Garganacl|Recover|p2a: Garganacl\n|-heal|p2a: Garganacl|63\/100\n|\n|-heal|p2a: Garganacl|69\/100|[from] item: Leftovers\n|upkeep\n|turn|40\n|\n|t:|1701169348\n|move|p1a: Dragonite|Encore|p2a: Garganacl\n|-start|p2a: Garganacl|Encore\n|move|p2a: Garganacl|Recover|p2a: Garganacl\n|-heal|p2a: Garganacl|100\/100\n|\n|upkeep\n|turn|41\n|\n|t:|1701169350\n|switch|p2a: Alomomola|Alomomola, F|100\/100\n|move|p1a: Dragonite|Fly||[still]\n|-prepare|p1a: Dragonite|Fly\n|\n|upkeep\n|turn|42\n|\n|t:|1701169353\n|move|p2a: Alomomola|Protect|p2a: Alomomola\n|-singleturn|p2a: Alomomola|Protect\n|move|p1a: Dragonite|Fly|p2a: Alomomola|[from]lockedmove\n|-activate|p2a: Alomomola|move: Protect\n|\n|upkeep\n|turn|43\n|\n|t:|1701169380\n|move|p1a: Dragonite|Encore|p2a: Alomomola\n|-start|p2a: Alomomola|Encore\n|move|p2a: Alomomola|Protect||[still]\n|-fail|p2a: Alomomola\n|\n|upkeep\n|turn|44\n|\n|t:|1701169385\n|switch|p1a: Ogerpon|Ogerpon-Cornerstone-Tera, F, tera:Rock|69\/100\n|-ability|p1a: Ogerpon|Embody Aspect (Cornerstone)|boost\n|-boost|p1a: Ogerpon|def|1\n|switch|p2a: Garganacl|Garganacl, F|100\/100\n|-damage|p2a: Garganacl|88\/100|[from] Stealth Rock\n|\n|-heal|p2a: Garganacl|94\/100|[from] item: Leftovers\n|upkeep\n|turn|45\n|\n|t:|1701169395\n|switch|p2a: Goodra|Goodra-Hisui, F|36\/100\n|-damage|p2a: Goodra|30\/100|[from] Stealth Rock\n|move|p1a: Ogerpon|Swords Dance|p1a: Ogerpon\n|-boost|p1a: Ogerpon|atk|2\n|\n|upkeep\n|turn|46\n|\n|t:|1701169401\n|move|p1a: Ogerpon|Stomping Tantrum|p2a: Goodra\n|-supereffective|p2a: Goodra\n|-damage|p2a: Goodra|0 fnt\n|faint|p2a: Goodra\n|\n|upkeep\n|\n|t:|1701169410\n|switch|p2a: Alomomola|Alomomola, F|100\/100\n|turn|47\n|\n|t:|1701169413\n|move|p1a: Ogerpon|Horn Leech|p2a: Alomomola\n|-supereffective|p2a: Alomomola\n|-damage|p2a: Alomomola|6\/100\n|-heal|p1a: Ogerpon|100\/100|[from] drain|[of] p2a: Alomomola\n|move|p2a: Alomomola|Scald|p1a: Ogerpon\n|-supereffective|p1a: Ogerpon\n|-damage|p1a: Ogerpon|69\/100\n|\n|upkeep\n|turn|48\n|\n|t:|1701169422\n|move|p1a: Ogerpon|Horn Leech|p2a: Alomomola\n|-supereffective|p2a: Alomomola\n|-damage|p2a: Alomomola|0 fnt\n|-heal|p1a: Ogerpon|73\/100|[from] drain|[of] p2a: Alomomola\n|faint|p2a: Alomomola\n|\n|upkeep\n|-message|jonbilbaobi forfeited.\n|\n|win|PLLV52 Macaxandre\n|raw|PLLV52 Macaxandre's rating: 1763 &rarr; <strong>1778<\/strong><br \/>(+15 for winning)\n|raw|jonbilbaobi's rating: 1677 &rarr; <strong>1662<\/strong><br \/>(-15 for losing)\n|l|\u203djonbilbaobi\n","uploadtime":1701169430,"views":3,"p1id":"pllv52macaxandre","p2id":"jonbilbaobi","formatid":"gen9ou","rating":1662,"private":0,"password":""}