{"id":"gen9ou-1996818751","p1":"Joyenfeu","p2":"spicy piquant","format":"[Gen 9] OU","log":"|j|\u2606Joyenfeu\n|j|\u2606spicy piquant\n|t:|1700730397\n|gametype|singles\n|player|p1|Joyenfeu|policeman|1653\n|player|p2|spicy piquant|170|1769\n|teamsize|p1|6\n|teamsize|p2|6\n|gen|9\n|tier|[Gen 9] OU\n|rated|\n|rule|Sleep Clause Mod: Limit one foe put to sleep\n|rule|Species Clause: Limit one of each Pok\u00e9mon\n|rule|OHKO Clause: OHKO moves are banned\n|rule|Evasion Items Clause: Evasion items are banned\n|rule|Evasion Moves Clause: Evasion moves are banned\n|rule|Endless Battle Clause: Forcing endless battles is banned\n|rule|HP Percentage Mod: HP is shown in percentages\n|clearpoke\n|poke|p1|Iron Treads|\n|poke|p1|Great Tusk|\n|poke|p1|Gholdengo|\n|poke|p1|Samurott-Hisui, F|\n|poke|p1|Kingambit, M|\n|poke|p1|Rotom-Heat|\n|poke|p2|Iron Valiant|\n|poke|p2|Gholdengo|\n|poke|p2|Cinderace, M|\n|poke|p2|Toxapex, M|\n|poke|p2|Corviknight, F|\n|poke|p2|Ursaluna, F|\n|teampreview\n|inactive|Battle timer is ON: inactive players will automatically lose when time's up. (requested by spicy piquant)\n|\n|t:|1700730421\n|start\n|switch|p1a: Samurott|Samurott-Hisui, F|100\/100\n|switch|p2a: Cinderace|Cinderace, M|100\/100\n|turn|1\n|\n|t:|1700730424\n|move|p1a: Samurott|Razor Shell|p2a: Cinderace\n|-supereffective|p2a: Cinderace\n|-damage|p2a: Cinderace|0 fnt\n|faint|p2a: Cinderace\n|\n|upkeep\n|\n|t:|1700730430\n|switch|p2a: Toxapex|Toxapex, M|100\/100\n|turn|2\n|j| mew852\n|\n|t:|1700730435\n|switch|p1a: Gholdengo|Gholdengo|100\/100\n|-item|p1a: Gholdengo|Air Balloon\n|switch|p2a: Ursaluna|Ursaluna, F, shiny|100\/100\n|\n|-status|p2a: Ursaluna|brn|[from] item: Flame Orb\n|upkeep\n|turn|3\n|\n|t:|1700730441\n|switch|p2a: Toxapex|Toxapex, M|100\/100\n|move|p1a: Gholdengo|Make It Rain|p2a: Toxapex\n|-resisted|p2a: Toxapex\n|-damage|p2a: Toxapex|84\/100\n|-unboost|p1a: Gholdengo|spa|1\n|\n|upkeep\n|turn|4\n|\n|t:|1700730444\n|switch|p1a: Samurott|Samurott-Hisui, F|100\/100\n|move|p2a: Toxapex|Infestation|p1a: Samurott\n|-supereffective|p1a: Samurott\n|-damage|p1a: Samurott|87\/100\n|-activate|p1a: Samurott|move: Infestation|[of] p2a: Toxapex\n|\n|-damage|p1a: Samurott|74\/100|[from] move: Infestation|[partiallytrapped]\n|upkeep\n|turn|5\n|\n|t:|1700730448\n|move|p1a: Samurott|Ceaseless Edge|p2a: Toxapex\n|-damage|p2a: Toxapex|50\/100\n|-sidestart|p2: spicy piquant|Spikes\n|move|p2a: Toxapex|Sludge Bomb|p1a: Samurott\n|-damage|p1a: Samurott|32\/100\n|\n|-damage|p1a: Samurott|20\/100|[from] move: Infestation|[partiallytrapped]\n|upkeep\n|turn|6\n|\n|t:|1700730452\n|switch|p2a: Corviknight|Corviknight, F|100\/100\n|-ability|p2a: Corviknight|Pressure\n|move|p1a: Samurott|Ceaseless Edge|p2a: Corviknight\n|-damage|p2a: Corviknight|75\/100\n|-damage|p1a: Samurott|3\/100|[from] item: Rocky Helmet|[of] p2a: Corviknight\n|-sidestart|p2: spicy piquant|Spikes\n|\n|-end|p1a: Samurott|Infestation|[partiallytrapped]|[silent]\n|upkeep\n|turn|7\n|\n|t:|1700730455\n|switch|p1a: Gholdengo|Gholdengo|100\/100\n|-item|p1a: Gholdengo|Air Balloon\n|move|p2a: Corviknight|Roost|p2a: Corviknight\n|-heal|p2a: Corviknight|100\/100\n|-singleturn|p2a: Corviknight|move: Roost\n|\n|upkeep\n|turn|8\n|\n|t:|1700730458\n|move|p1a: Gholdengo|Nasty Plot|p1a: Gholdengo\n|-boost|p1a: Gholdengo|spa|2\n|move|p2a: Corviknight|U-turn|p1a: Gholdengo\n|-resisted|p1a: Gholdengo\n|-damage|p1a: Gholdengo|96\/100\n|-enditem|p1a: Gholdengo|Air Balloon\n|\n|t:|1700730462\n|switch|p2a: Gholdengo|Gholdengo|100\/100|[from] U-turn\n|-damage|p2a: Gholdengo|84\/100|[from] Spikes\n|\n|upkeep\n|turn|9\n|\n|t:|1700730468\n|switch|p1a: Kingambit|Kingambit, M|100\/100\n|move|p2a: Gholdengo|Shadow Ball|p1a: Kingambit\n|-resisted|p1a: Kingambit\n|-damage|p1a: Kingambit|80\/100\n|\n|-heal|p1a: Kingambit|86\/100|[from] item: Leftovers\n|upkeep\n|turn|10\n|j| deneme12\n|\n|t:|1700730477\n|switch|p2a: Corviknight|Corviknight, F|100\/100\n|-ability|p2a: Corviknight|Pressure\n|-end|p1a: Kingambit|fallenundefined|[silent]\n|switch|p1a: Samurott|Samurott-Hisui, F|3\/100\n|\n|upkeep\n|turn|11\n|\n|t:|1700730483\n|move|p1a: Samurott|Ceaseless Edge|p2a: Corviknight\n|-damage|p2a: Corviknight|72\/100\n|-damage|p1a: Samurott|0 fnt|[from] item: Rocky Helmet|[of] p2a: Corviknight\n|faint|p1a: Samurott\n|move|p2a: Corviknight|Roost|p2a: Corviknight\n|-heal|p2a: Corviknight|100\/100\n|-singleturn|p2a: Corviknight|move: Roost\n|\n|upkeep\n|\n|t:|1700730489\n|switch|p1a: Rotom|Rotom-Heat|100\/100\n|turn|12\n|\n|t:|1700730495\n|switch|p2a: Toxapex|Toxapex, M|83\/100\n|-damage|p2a: Toxapex|67\/100|[from] Spikes\n|move|p1a: Rotom|Overheat|p2a: Toxapex\n|-resisted|p2a: Toxapex\n|-crit|p2a: Toxapex\n|-damage|p2a: Toxapex|47\/100\n|-unboost|p1a: Rotom|spa|2\n|\n|upkeep\n|turn|13\n|\n|t:|1700730504\n|move|p1a: Rotom|Volt Switch|p2a: Toxapex\n|-supereffective|p2a: Toxapex\n|-damage|p2a: Toxapex|31\/100\n|\n|t:|1700730508\n|switch|p1a: Iron Treads|Iron Treads|100\/100|[from] Volt Switch\n|-enditem|p1a: Iron Treads|Booster Energy\n|-activate|p1a: Iron Treads|ability: Quark Drive|[fromitem]\n|-start|p1a: Iron Treads|quarkdrivespe\n|move|p2a: Toxapex|Surf|p1a: Iron Treads\n|-supereffective|p1a: Iron Treads\n|-damage|p1a: Iron Treads|12\/100\n|\n|upkeep\n|turn|14\n|\n|t:|1700730521\n|switch|p2a: Corviknight|Corviknight, F|100\/100\n|-ability|p2a: Corviknight|Pressure\n|move|p1a: Iron Treads|Stealth Rock|p2a: Corviknight\n|-sidestart|p2: spicy piquant|move: Stealth Rock\n|\n|upkeep\n|turn|15\n|\n|t:|1700730525\n|move|p1a: Iron Treads|Steel Beam|p2a: Corviknight\n|-resisted|p2a: Corviknight\n|-damage|p2a: Corviknight|74\/100\n|-damage|p1a: Iron Treads|0 fnt|[from] steelbeam\n|faint|p1a: Iron Treads\n|-end|p1a: Iron Treads|Quark Drive|[silent]\n|move|p2a: Corviknight|Body Press|p1: Iron Treads|[notarget]\n|-fail|p2a: Corviknight\n|\n|upkeep\n|\n|t:|1700730536\n|switch|p1a: Rotom|Rotom-Heat|100\/100\n|turn|16\n|\n|t:|1700730549\n|switch|p1a: Gholdengo|Gholdengo|96\/100\n|switch|p2a: Ursaluna|Ursaluna, F, shiny|100\/100 brn\n|-damage|p2a: Ursaluna|84\/100 brn|[from] Spikes\n|-damage|p2a: Ursaluna|78\/100 brn|[from] Stealth Rock\n|\n|-damage|p2a: Ursaluna|72\/100 brn|[from] brn\n|upkeep\n|turn|17\n|\n|t:|1700730556\n|move|p1a: Gholdengo|Make It Rain|p2a: Ursaluna\n|-damage|p2a: Ursaluna|15\/100 brn\n|-unboost|p1a: Gholdengo|spa|1\n|move|p2a: Ursaluna|Facade|p1a: Gholdengo\n|-immune|p1a: Gholdengo\n|\n|-damage|p2a: Ursaluna|9\/100 brn|[from] brn\n|upkeep\n|turn|18\n|\n|t:|1700730565\n|move|p1a: Gholdengo|Make It Rain|p2a: Ursaluna\n|-damage|p2a: Ursaluna|0 fnt\n|-unboost|p1a: Gholdengo|spa|1\n|faint|p2a: Ursaluna\n|\n|upkeep\n|\n|t:|1700730568\n|switch|p2a: Gholdengo|Gholdengo|84\/100\n|-damage|p2a: Gholdengo|67\/100|[from] Spikes\n|-damage|p2a: Gholdengo|61\/100|[from] Stealth Rock\n|turn|19\n|\n|t:|1700730571\n|switch|p1a: Rotom|Rotom-Heat|100\/100\n|move|p2a: Gholdengo|Focus Blast|p1a: Rotom\n|-damage|p1a: Rotom|68\/100\n|\n|upkeep\n|turn|20\n|\n|t:|1700730579\n|switch|p2a: Toxapex|Toxapex, M|64\/100\n|-damage|p2a: Toxapex|48\/100|[from] Spikes\n|-damage|p2a: Toxapex|35\/100|[from] Stealth Rock\n|move|p1a: Rotom|Volt Switch|p2a: Toxapex\n|-supereffective|p2a: Toxapex\n|-damage|p2a: Toxapex|6\/100\n|\n|t:|1700730589\n|switch|p1a: Great Tusk|Great Tusk|100\/100|[from] Volt Switch\n|-enditem|p1a: Great Tusk|Booster Energy\n|-activate|p1a: Great Tusk|ability: Protosynthesis|[fromitem]\n|-start|p1a: Great Tusk|protosynthesisspe\n|\n|upkeep\n|turn|21\n|\n|t:|1700730593\n|switch|p2a: Corviknight|Corviknight, F|74\/100\n|-damage|p2a: Corviknight|62\/100|[from] Stealth Rock\n|-ability|p2a: Corviknight|Pressure\n|move|p1a: Great Tusk|Ice Spinner|p2a: Corviknight\n|-damage|p2a: Corviknight|48\/100\n|-damage|p1a: Great Tusk|84\/100|[from] item: Rocky Helmet|[of] p2a: Corviknight\n|\n|upkeep\n|turn|22\n|\n|t:|1700730607\n|-end|p1a: Great Tusk|Protosynthesis|[silent]\n|switch|p1a: Gholdengo|Gholdengo|96\/100\n|switch|p2a: Iron Valiant|Iron Valiant|100\/100\n|-damage|p2a: Iron Valiant|84\/100|[from] Spikes\n|-damage|p2a: Iron Valiant|78\/100|[from] Stealth Rock\n|-enditem|p2a: Iron Valiant|Booster Energy\n|-activate|p2a: Iron Valiant|ability: Quark Drive|[fromitem]\n|-start|p2a: Iron Valiant|quarkdrivespe\n|\n|upkeep\n|turn|23\n|\n|t:|1700730616\n|-terastallize|p2a: Iron Valiant|Dark\n|move|p2a: Iron Valiant|Knock Off|p1a: Gholdengo\n|-supereffective|p1a: Gholdengo\n|-damage|p1a: Gholdengo|37\/100\n|move|p1a: Gholdengo|Shadow Ball|p2a: Iron Valiant\n|-resisted|p2a: Iron Valiant\n|-crit|p2a: Iron Valiant\n|-damage|p2a: Iron Valiant|10\/100\n|\n|upkeep\n|turn|24\n|\n|t:|1700730626\n|switch|p1a: Great Tusk|Great Tusk|84\/100\n|move|p2a: Iron Valiant|Knock Off|p1a: Great Tusk\n|-resisted|p1a: Great Tusk\n|-damage|p1a: Great Tusk|74\/100\n|\n|upkeep\n|turn|25\n|\n|t:|1700730629\n|move|p2a: Iron Valiant|Moonblast|p1a: Great Tusk\n|-supereffective|p1a: Great Tusk\n|-damage|p1a: Great Tusk|0 fnt\n|faint|p1a: Great Tusk\n|-end|p1a: Great Tusk|Protosynthesis|[silent]\n|\n|upkeep\n|\n|t:|1700730636\n|switch|p1a: Rotom|Rotom-Heat|68\/100\n|turn|26\n|\n|t:|1700730648\n|move|p2a: Iron Valiant|Close Combat|p1a: Rotom\n|-damage|p1a: Rotom|18\/100\n|-unboost|p2a: Iron Valiant|def|1\n|-unboost|p2a: Iron Valiant|spd|1\n|move|p1a: Rotom|Volt Switch|p2a: Iron Valiant\n|-damage|p2a: Iron Valiant|0 fnt\n|faint|p2a: Iron Valiant\n|-end|p2a: Iron Valiant|Quark Drive|[silent]\n|\n|t:|1700730653\n|switch|p1a: Kingambit|Kingambit, M|86\/100|[from] Volt Switch\n|-activate|p1a: Kingambit|ability: Supreme Overlord\n|-start|p1a: Kingambit|fallen3|[silent]\n|\n|-heal|p1a: Kingambit|93\/100|[from] item: Leftovers\n|upkeep\n|\n|t:|1700730670\n|switch|p2a: Corviknight|Corviknight, F|48\/100\n|-damage|p2a: Corviknight|36\/100|[from] Stealth Rock\n|-ability|p2a: Corviknight|Pressure\n|turn|27\n|\n|t:|1700730676\n|-end|p1a: Kingambit|fallen3|[silent]\n|switch|p1a: Rotom|Rotom-Heat|18\/100\n|move|p2a: Corviknight|Body Press|p1a: Rotom\n|-damage|p1a: Rotom|0 fnt\n|faint|p1a: Rotom\n|\n|upkeep\n|\n|t:|1700730678\n|switch|p1a: Gholdengo|Gholdengo|37\/100\n|turn|28\n|\n|t:|1700730688\n|switch|p2a: Toxapex|Toxapex, M|39\/100\n|-damage|p2a: Toxapex|23\/100|[from] Spikes\n|-damage|p2a: Toxapex|10\/100|[from] Stealth Rock\n|move|p1a: Gholdengo|Shadow Ball|p2a: Toxapex\n|-damage|p2a: Toxapex|0 fnt\n|faint|p2a: Toxapex\n|\n|upkeep\n|\n|t:|1700730691\n|switch|p2a: Gholdengo|Gholdengo|61\/100\n|-damage|p2a: Gholdengo|45\/100|[from] Spikes\n|-damage|p2a: Gholdengo|39\/100|[from] Stealth Rock\n|turn|29\n|\n|t:|1700730696\n|move|p2a: Gholdengo|Shadow Ball|p1a: Gholdengo\n|-supereffective|p1a: Gholdengo\n|-damage|p1a: Gholdengo|0 fnt\n|faint|p1a: Gholdengo\n|\n|upkeep\n|\n|t:|1700730698\n|switch|p1a: Kingambit|Kingambit, M|93\/100\n|-activate|p1a: Kingambit|ability: Supreme Overlord\n|-start|p1a: Kingambit|fallen5|[silent]\n|turn|30\n|\n|t:|1700730700\n|move|p2a: Gholdengo|Shadow Ball|p1a: Kingambit\n|-resisted|p1a: Kingambit\n|-damage|p1a: Kingambit|72\/100\n|move|p1a: Kingambit|Kowtow Cleave|p2a: Gholdengo\n|-supereffective|p2a: Gholdengo\n|-damage|p2a: Gholdengo|0 fnt\n|faint|p2a: Gholdengo\n|\n|-heal|p1a: Kingambit|78\/100|[from] item: Leftovers\n|upkeep\n|\n|t:|1700730703\n|switch|p2a: Corviknight|Corviknight, F|36\/100\n|-damage|p2a: Corviknight|24\/100|[from] Stealth Rock\n|-ability|p2a: Corviknight|Pressure\n|turn|31\n|\n|t:|1700730706\n|-terastallize|p1a: Kingambit|Fairy\n|move|p2a: Corviknight|Roost|p2a: Corviknight\n|-heal|p2a: Corviknight|74\/100\n|-singleturn|p2a: Corviknight|move: Roost\n|move|p1a: Kingambit|Swords Dance|p1a: Kingambit\n|-boost|p1a: Kingambit|atk|2\n|\n|-heal|p1a: Kingambit|84\/100|[from] item: Leftovers\n|upkeep\n|turn|32\n|\n|t:|1700730709\n|move|p2a: Corviknight|Iron Defense|p2a: Corviknight\n|-boost|p2a: Corviknight|def|2\n|move|p1a: Kingambit|Kowtow Cleave|p2a: Corviknight\n|-damage|p2a: Corviknight|27\/100\n|-damage|p1a: Kingambit|68\/100|[from] item: Rocky Helmet|[of] p2a: Corviknight\n|\n|-heal|p1a: Kingambit|74\/100|[from] item: Leftovers\n|upkeep\n|turn|33\n|\n|t:|1700730714\n|move|p2a: Corviknight|Roost|p2a: Corviknight\n|-heal|p2a: Corviknight|77\/100\n|-singleturn|p2a: Corviknight|move: Roost\n|move|p1a: Kingambit|Kowtow Cleave|p2a: Corviknight\n|-damage|p2a: Corviknight|29\/100\n|-damage|p1a: Kingambit|57\/100|[from] item: Rocky Helmet|[of] p2a: Corviknight\n|\n|-heal|p1a: Kingambit|64\/100|[from] item: Leftovers\n|upkeep\n|turn|34\n|\n|t:|1700730717\n|move|p2a: Corviknight|Roost|p2a: Corviknight\n|-heal|p2a: Corviknight|79\/100\n|-singleturn|p2a: Corviknight|move: Roost\n|move|p1a: Kingambit|Kowtow Cleave|p2a: Corviknight\n|-damage|p2a: Corviknight|32\/100\n|-damage|p1a: Kingambit|47\/100|[from] item: Rocky Helmet|[of] p2a: Corviknight\n|\n|-heal|p1a: Kingambit|53\/100|[from] item: Leftovers\n|upkeep\n|turn|35\n|\n|t:|1700730720\n|move|p2a: Corviknight|Roost|p2a: Corviknight\n|-heal|p2a: Corviknight|82\/100\n|-singleturn|p2a: Corviknight|move: Roost\n|move|p1a: Kingambit|Swords Dance|p1a: Kingambit\n|-boost|p1a: Kingambit|atk|2\n|\n|-heal|p1a: Kingambit|60\/100|[from] item: Leftovers\n|upkeep\n|turn|36\n|\n|t:|1700730724\n|move|p2a: Corviknight|Iron Defense|p2a: Corviknight\n|-boost|p2a: Corviknight|def|2\n|move|p1a: Kingambit|Kowtow Cleave|p2a: Corviknight\n|-damage|p2a: Corviknight|40\/100\n|-damage|p1a: Kingambit|43\/100|[from] item: Rocky Helmet|[of] p2a: Corviknight\n|\n|-heal|p1a: Kingambit|49\/100|[from] item: Leftovers\n|upkeep\n|turn|37\n|\n|t:|1700730727\n|move|p2a: Corviknight|Roost|p2a: Corviknight\n|-heal|p2a: Corviknight|90\/100\n|-singleturn|p2a: Corviknight|move: Roost\n|move|p1a: Kingambit|Kowtow Cleave|p2a: Corviknight\n|-damage|p2a: Corviknight|42\/100\n|-damage|p1a: Kingambit|33\/100|[from] item: Rocky Helmet|[of] p2a: Corviknight\n|\n|-heal|p1a: Kingambit|39\/100|[from] item: Leftovers\n|upkeep\n|turn|38\n|\n|t:|1700730730\n|move|p2a: Corviknight|Body Press|p1a: Kingambit\n|-resisted|p1a: Kingambit\n|-damage|p1a: Kingambit|10\/100\n|move|p1a: Kingambit|Kowtow Cleave|p2a: Corviknight\n|-damage|p2a: Corviknight|0 fnt\n|-damage|p1a: Kingambit|0 fnt|[from] item: Rocky Helmet|[of] p2a: Corviknight\n|faint|p2a: Corviknight\n|faint|p1a: Kingambit\n|-end|p1a: Kingambit|fallen5|[silent]\n|\n|win|Joyenfeu\n|raw|Joyenfeu's rating: 1653 &rarr; <strong>1679<\/strong><br \/>(+26 for winning)\n|raw|spicy piquant's rating: 1769 &rarr; <strong>1743<\/strong><br \/>(-26 for losing)\n|l|\u2606spicy piquant\n|l|\u2606Joyenfeu\n|l| deneme12\n","uploadtime":1700732062,"views":8,"p1id":"joyenfeu","p2id":"spicypiquant","formatid":"gen9ou","rating":1679,"private":0,"password":""}