{"id":"gen9ou-1993795404","p1":"Beh","p2":"WillDog859","format":"[Gen 9] OU","log":"|j|\u2606Beh\n|j|\u2606WillDog859\n|t:|1700358209\n|gametype|singles\n|player|p1|Beh|101|1063\n|player|p2|WillDog859|ethan|1018\n|teamsize|p1|6\n|teamsize|p2|6\n|gen|9\n|tier|[Gen 9] OU\n|rated|\n|rule|Sleep Clause Mod: Limit one foe put to sleep\n|rule|Species Clause: Limit one of each Pok\u00e9mon\n|rule|OHKO Clause: OHKO moves are banned\n|rule|Evasion Items Clause: Evasion items are banned\n|rule|Evasion Moves Clause: Evasion moves are banned\n|rule|Endless Battle Clause: Forcing endless battles is banned\n|rule|HP Percentage Mod: HP is shown in percentages\n|clearpoke\n|poke|p1|Slowking-Galar, F|\n|poke|p1|Ninetales-Alola, F|\n|poke|p1|Zapdos|\n|poke|p1|Zoroark-Hisui, M|\n|poke|p1|Mamoswine, F|\n|poke|p1|Garganacl, M|\n|poke|p2|Basculegion, M|\n|poke|p2|Great Tusk|\n|poke|p2|Kilowattrel, F|\n|poke|p2|Klefki, M|\n|poke|p2|Cloyster, M|\n|poke|p2|Farigiraf, M|\n|teampreview\n|\n|t:|1700358217\n|start\n|switch|p1a: Garganacl|Garganacl, M|100\/100\n|switch|p2a: Basculegion|Basculegion, M, shiny|100\/100\n|turn|1\n|\n|t:|1700358227\n|move|p1a: Garganacl|Bitter Malice|p2a: Basculegion\n|-supereffective|p2a: Basculegion\n|-damage|p2a: Basculegion|20\/100\n|-unboost|p2a: Basculegion|atk|1\n|move|p2a: Basculegion|Wave Crash|p1a: Garganacl\n|-enditem|p1a: Garganacl|Focus Sash\n|-damage|p1a: Garganacl|1\/100\n|replace|p1a: Zoroark|Zoroark-Hisui, M\n|-end|p1a: Zoroark|Illusion\n|-damage|p2a: Basculegion|0 fnt|[from] Recoil\n|faint|p2a: Basculegion\n|\n|upkeep\n|\n|t:|1700358242\n|switch|p2a: Klefki|Klefki, M, shiny|100\/100\n|turn|2\n|\n|t:|1700358249\n|move|p1a: Zoroark|Flamethrower|p2a: Klefki\n|-supereffective|p2a: Klefki\n|-damage|p2a: Klefki|51\/100\n|-status|p2a: Klefki|brn\n|move|p2a: Klefki|Draining Kiss|p1a: Zoroark\n|-damage|p1a: Zoroark|0 fnt\n|-heal|p2a: Klefki|51\/100 brn|[from] drain|[of] p1a: Zoroark\n|faint|p1a: Zoroark\n|\n|-heal|p2a: Klefki|57\/100 brn|[from] item: Leftovers\n|-damage|p2a: Klefki|51\/100 brn|[from] brn\n|upkeep\n|\n|t:|1700358259\n|switch|p1a: Mamoswine|Mamoswine, F, shiny|100\/100\n|turn|3\n|\n|t:|1700358269\n|switch|p2a: Cloyster|Cloyster, M, shiny|100\/100\n|move|p1a: Mamoswine|Curse|p1a: Mamoswine\n|-unboost|p1a: Mamoswine|spe|1\n|-boost|p1a: Mamoswine|atk|1\n|-boost|p1a: Mamoswine|def|1\n|\n|upkeep\n|turn|4\n|l|\u2606Beh\n|player|p1|\n|j|\u2606Beh\n|player|p1|Beh|101\n|\n|t:|1700358281\n|move|p2a: Cloyster|Shell Smash|p2a: Cloyster\n|-unboost|p2a: Cloyster|def|1\n|-unboost|p2a: Cloyster|spd|1\n|-boost|p2a: Cloyster|atk|2\n|-boost|p2a: Cloyster|spa|2\n|-boost|p2a: Cloyster|spe|2\n|move|p1a: Mamoswine|Earthquake|p2a: Cloyster\n|-enditem|p2a: Cloyster|Focus Sash\n|-damage|p2a: Cloyster|1\/100\n|\n|upkeep\n|turn|5\n|\n|t:|1700358294\n|move|p1a: Mamoswine|Ice Shard|p2a: Cloyster\n|-resisted|p2a: Cloyster\n|-damage|p2a: Cloyster|0 fnt\n|faint|p2a: Cloyster\n|\n|upkeep\n|l|\u2606Beh\n|player|p1|\n|\n|t:|1700358302\n|switch|p2a: Kilowattrel|Kilowattrel, F, shiny|100\/100\n|turn|6\n|j|\u2606Beh\n|player|p1|Beh|101\n|\n|t:|1700358310\n|-terastallize|p2a: Kilowattrel|Grass\n|move|p2a: Kilowattrel|Tera Blast|p1a: Mamoswine|[anim] Tera Blast Grass\n|-supereffective|p1a: Mamoswine\n|-damage|p1a: Mamoswine|0 fnt\n|faint|p1a: Mamoswine\n|\n|upkeep\n|\n|t:|1700358316\n|switch|p1a: Ninetales|Ninetales-Alola, F|100\/100\n|-weather|Snow|[from] ability: Snow Warning|[of] p1a: Ninetales\n|turn|7\n|\n|t:|1700358319\n|move|p2a: Kilowattrel|Tera Blast|p1a: Ninetales|[anim] Tera Blast Grass\n|-damage|p1a: Ninetales|35\/100\n|move|p1a: Ninetales|Blizzard|p2a: Kilowattrel\n|-supereffective|p2a: Kilowattrel\n|-damage|p2a: Kilowattrel|0 fnt\n|faint|p2a: Kilowattrel\n|\n|-weather|Snow|[upkeep]\n|upkeep\n|\n|t:|1700358323\n|switch|p2a: Farigiraf|Farigiraf, M, shiny|100\/100\n|turn|8\n|\n|t:|1700358328\n|move|p1a: Ninetales|Aurora Veil|p1a: Ninetales\n|-sidestart|p1: Beh|move: Aurora Veil\n|move|p2a: Farigiraf|Thunder Wave|p1a: Ninetales\n|-status|p1a: Ninetales|par\n|\n|-weather|Snow|[upkeep]\n|upkeep\n|turn|9\n|\n|t:|1700358334\n|move|p1a: Ninetales|Blizzard|p2a: Farigiraf\n|-damage|p2a: Farigiraf|56\/100\n|move|p2a: Farigiraf|Twin Beam|p1a: Ninetales\n|-damage|p1a: Ninetales|22\/100 par\n|-damage|p1a: Ninetales|11\/100 par\n|-hitcount|p1a: Ninetales|2\n|\n|-weather|Snow|[upkeep]\n|-heal|p2a: Farigiraf|62\/100|[from] item: Leftovers\n|upkeep\n|turn|10\n|\n|t:|1700358344\n|move|p1a: Ninetales|Blizzard|p2a: Farigiraf\n|-damage|p2a: Farigiraf|15\/100\n|move|p2a: Farigiraf|Calm Mind|p2a: Farigiraf\n|-boost|p2a: Farigiraf|spa|1\n|-boost|p2a: Farigiraf|spd|1\n|\n|-weather|Snow|[upkeep]\n|-heal|p2a: Farigiraf|21\/100|[from] item: Leftovers\n|upkeep\n|turn|11\n|\n|t:|1700358351\n|move|p1a: Ninetales|Blizzard|p2a: Farigiraf\n|-damage|p2a: Farigiraf|0 fnt\n|faint|p2a: Farigiraf\n|\n|-weather|none\n|upkeep\n|\n|t:|1700358353\n|switch|p2a: Great Tusk|Great Tusk, shiny|100\/100\n|turn|12\n|\n|t:|1700358360\n|move|p2a: Great Tusk|Headlong Rush|p1a: Ninetales\n|-damage|p1a: Ninetales|0 fnt\n|-unboost|p2a: Great Tusk|def|1\n|-unboost|p2a: Great Tusk|spd|1\n|faint|p1a: Ninetales\n|\n|upkeep\n|\n|t:|1700358362\n|switch|p1a: Slowking|Slowking-Galar, F|100\/100\n|turn|13\n|\n|t:|1700358365\n|move|p2a: Great Tusk|Headlong Rush|p1a: Slowking\n|-supereffective|p1a: Slowking\n|-damage|p1a: Slowking|9\/100\n|-unboost|p2a: Great Tusk|def|1\n|-unboost|p2a: Great Tusk|spd|1\n|move|p1a: Slowking|Future Sight|p2a: Great Tusk\n|-start|p1a: Slowking|move: Future Sight\n|\n|-heal|p1a: Slowking|15\/100|[from] item: Leftovers\n|upkeep\n|turn|14\n|\n|t:|1700358369\n|switch|p1a: Zapdos|Zapdos|100\/100\n|-ability|p1a: Zapdos|Pressure\n|move|p2a: Great Tusk|Headlong Rush|p1a: Zapdos\n|-immune|p1a: Zapdos\n|\n|upkeep\n|turn|15\n|\n|t:|1700358375\n|-end|p2a: Great Tusk|Protosynthesis|[silent]\n|switch|p2a: Klefki|Klefki, M, shiny|51\/100 brn\n|move|p1a: Zapdos|Volt Switch|p2a: Klefki\n|-damage|p2a: Klefki|17\/100 brn\n|\n|t:|1700358380\n|switch|p1a: Slowking|Slowking-Galar, F|48\/100|[from] Volt Switch\n|\n|-end|p2a: Klefki|move: Future Sight\n|-resisted|p2a: Klefki\n|-damage|p2a: Klefki|0 fnt\n|faint|p2a: Klefki\n|-heal|p1a: Slowking|55\/100|[from] item: Leftovers\n|-sideend|p1: Beh|move: Aurora Veil\n|upkeep\n|\n|t:|1700358382\n|switch|p2a: Great Tusk|Great Tusk, shiny|100\/100\n|turn|16\n|\n|t:|1700358395\n|move|p2a: Great Tusk|Close Combat|p1a: Slowking\n|-resisted|p1a: Slowking\n|-damage|p1a: Slowking|30\/100\n|-unboost|p2a: Great Tusk|def|1\n|-unboost|p2a: Great Tusk|spd|1\n|move|p1a: Slowking|Future Sight|p2a: Great Tusk\n|-start|p1a: Slowking|move: Future Sight\n|\n|-heal|p1a: Slowking|37\/100|[from] item: Leftovers\n|upkeep\n|turn|17\n|\n|t:|1700358400\n|switch|p1a: Zapdos|Zapdos|100\/100\n|-ability|p1a: Zapdos|Pressure\n|move|p2a: Great Tusk|Close Combat|p1a: Zapdos\n|-resisted|p1a: Zapdos\n|-damage|p1a: Zapdos|39\/100\n|-unboost|p2a: Great Tusk|def|1\n|-unboost|p2a: Great Tusk|spd|1\n|\n|upkeep\n|turn|18\n|\n|t:|1700358406\n|move|p1a: Zapdos|Heat Wave|p2a: Great Tusk\n|-damage|p2a: Great Tusk|2\/100\n|move|p2a: Great Tusk|Close Combat|p1a: Zapdos\n|-resisted|p1a: Zapdos\n|-damage|p1a: Zapdos|0 fnt\n|-unboost|p2a: Great Tusk|def|1\n|-unboost|p2a: Great Tusk|spd|1\n|faint|p1a: Zapdos\n|\n|-end|p2a: Great Tusk|move: Future Sight\n|-supereffective|p2a: Great Tusk\n|-damage|p2a: Great Tusk|0 fnt\n|faint|p2a: Great Tusk\n|-end|p2a: Great Tusk|Protosynthesis|[silent]\n|\n|win|Beh\n|upkeep\n|raw|Beh's rating: 1063 &rarr; <strong>1090<\/strong><br \/>(+27 for winning)\n|raw|WillDog859's rating: 1018 &rarr; <strong>1007<\/strong><br \/>(-11 for losing)\n|l|\u2606Beh\n","uploadtime":1700358421,"views":11,"p1id":"beh","p2id":"willdog859","formatid":"gen9ou","rating":1007,"private":0,"password":""}