{"id":"gen9ou-1988235626","p1":"friedfreak","p2":"SilphGambleR","format":"[Gen 9] OU","log":"|j|\u2606friedfreak\n|j|\u2606SilphGambleR\n|t:|1699691220\n|gametype|singles\n|player|p1|friedfreak|clown|1799\n|player|p2|SilphGambleR|lady-gen4|1691\n|teamsize|p1|6\n|teamsize|p2|6\n|gen|9\n|tier|[Gen 9] OU\n|rated|\n|rule|Sleep Clause Mod: Limit one foe put to sleep\n|rule|Species Clause: Limit one of each Pok\u00e9mon\n|rule|OHKO Clause: OHKO moves are banned\n|rule|Evasion Items Clause: Evasion items are banned\n|rule|Evasion Moves Clause: Evasion moves are banned\n|rule|Endless Battle Clause: Forcing endless battles is banned\n|rule|HP Percentage Mod: HP is shown in percentages\n|clearpoke\n|poke|p1|Empoleon, M|\n|poke|p1|Gliscor, M|\n|poke|p1|Dragapult, M|\n|poke|p1|Weezing-Galar, F|\n|poke|p1|Cinderace, M|\n|poke|p1|Kingambit, F|\n|poke|p2|Azumarill, F|\n|poke|p2|Zapdos|\n|poke|p2|Slowking-Galar, F|\n|poke|p2|Gliscor, M|\n|poke|p2|Greninja-*, M|\n|poke|p2|Zamazenta-*|\n|teampreview\n|\n|t:|1699691230\n|start\n|switch|p1a: Weezing|Weezing-Galar, F|100\/100\n|switch|p2a: Gliscor|Gliscor, M|100\/100\n|-ability|p1a: Weezing|Neutralizing Gas\n|turn|1\n|\n|t:|1699691239\n|move|p2a: Gliscor|Swords Dance|p2a: Gliscor\n|-boost|p2a: Gliscor|atk|2\n|move|p1a: Weezing|Will-O-Wisp|p2a: Gliscor\n|-status|p2a: Gliscor|brn\n|\n|-damage|p2a: Gliscor|94\/100 brn|[from] brn\n|upkeep\n|turn|2\n|\n|t:|1699691251\n|-end|p1a: Weezing|ability: Neutralizing Gas\n|switch|p1a: Gliscor|Gliscor, M|100\/100\n|move|p2a: Gliscor|Swords Dance|p2a: Gliscor\n|-boost|p2a: Gliscor|atk|2\n|\n|-damage|p2a: Gliscor|88\/100 brn|[from] brn\n|-status|p1a: Gliscor|tox|[from] item: Toxic Orb\n|upkeep\n|turn|3\n|inactive|Battle timer is ON: inactive players will automatically lose when time's up. (requested by friedfreak)\n|\n|t:|1699691272\n|move|p2a: Gliscor|Crabhammer|p1a: Gliscor\n|-supereffective|p1a: Gliscor\n|-damage|p1a: Gliscor|19\/100 tox\n|-damage|p2a: Gliscor|78\/100 brn|[from] item: Life Orb\n|move|p1a: Gliscor|Swords Dance|p1a: Gliscor\n|-boost|p1a: Gliscor|atk|2\n|\n|-heal|p1a: Gliscor|32\/100 tox|[from] ability: Poison Heal\n|-damage|p2a: Gliscor|72\/100 brn|[from] brn\n|upkeep\n|turn|4\n|\n|t:|1699691285\n|move|p1a: Gliscor|Protect|p1a: Gliscor\n|-singleturn|p1a: Gliscor|Protect\n|move|p2a: Gliscor|Crabhammer|p1a: Gliscor\n|-activate|p1a: Gliscor|move: Protect\n|\n|-heal|p1a: Gliscor|44\/100 tox|[from] ability: Poison Heal\n|-damage|p2a: Gliscor|66\/100 brn|[from] brn\n|upkeep\n|turn|5\n|inactive|friedfreak has 120 seconds left.\n|\n|t:|1699691318\n|switch|p1a: Weezing|Weezing-Galar, F|100\/100\n|-ability|p1a: Weezing|Neutralizing Gas\n|move|p2a: Gliscor|Earthquake|p1a: Weezing\n|-supereffective|p1a: Weezing\n|-damage|p1a: Weezing|0 fnt\n|faint|p1a: Weezing\n|-end|p1a: Weezing|ability: Neutralizing Gas\n|-damage|p2a: Gliscor|56\/100 brn|[from] item: Life Orb\n|\n|-damage|p2a: Gliscor|50\/100 brn|[from] brn\n|upkeep\n|\n|t:|1699691323\n|switch|p1a: Dragapult|Dragapult, M|100\/100\n|turn|6\n|\n|t:|1699691327\n|switch|p2a: Azumarill|Azumarill, F|100\/100\n|move|p1a: Dragapult|Shadow Ball|p2a: Azumarill\n|-damage|p2a: Azumarill|70\/100\n|\n|upkeep\n|turn|7\n|\n|t:|1699691333\n|switch|p1a: Empoleon|Empoleon, M|100\/100\n|move|p2a: Azumarill|Brick Break|p1a: Empoleon\n|-supereffective|p1a: Empoleon\n|-damage|p1a: Empoleon|32\/100\n|\n|-heal|p1a: Empoleon|38\/100|[from] item: Leftovers\n|upkeep\n|turn|8\n|\n|t:|1699691355\n|move|p1a: Empoleon|Roost|p1a: Empoleon\n|-heal|p1a: Empoleon|88\/100\n|-singleturn|p1a: Empoleon|move: Roost\n|move|p2a: Azumarill|Brick Break|p1a: Empoleon\n|-supereffective|p1a: Empoleon\n|-damage|p1a: Empoleon|22\/100\n|\n|-heal|p1a: Empoleon|28\/100|[from] item: Leftovers\n|upkeep\n|turn|9\n|\n|t:|1699691362\n|move|p1a: Empoleon|Stealth Rock|p2a: Azumarill\n|-sidestart|p2: SilphGambleR|move: Stealth Rock\n|move|p2a: Azumarill|Liquidation|p1a: Empoleon\n|-resisted|p1a: Empoleon\n|-damage|p1a: Empoleon|2\/100\n|\n|-heal|p1a: Empoleon|9\/100|[from] item: Leftovers\n|upkeep\n|turn|10\n|\n|t:|1699691372\n|move|p1a: Empoleon|Surf|p2a: Azumarill\n|-resisted|p2a: Azumarill\n|-damage|p2a: Azumarill|54\/100\n|move|p2a: Azumarill|Brick Break|p1a: Empoleon\n|-supereffective|p1a: Empoleon\n|-damage|p1a: Empoleon|0 fnt\n|faint|p1a: Empoleon\n|\n|upkeep\n|\n|t:|1699691378\n|switch|p1a: Cinderace|Cinderace, M|100\/100\n|turn|11\n|\n|t:|1699691382\n|move|p1a: Cinderace|Will-O-Wisp|p2a: Azumarill\n|-status|p2a: Azumarill|brn\n|move|p2a: Azumarill|Liquidation|p1a: Cinderace\n|-supereffective|p1a: Cinderace\n|-damage|p1a: Cinderace|39\/100\n|\n|-damage|p2a: Azumarill|48\/100 brn|[from] brn\n|upkeep\n|turn|12\n|\n|t:|1699691393\n|move|p2a: Azumarill|Aqua Jet|p1a: Cinderace\n|-supereffective|p1a: Cinderace\n|-damage|p1a: Cinderace|8\/100\n|move|p1a: Cinderace|Pyro Ball|p2a: Azumarill\n|-resisted|p2a: Azumarill\n|-damage|p2a: Azumarill|3\/100 brn\n|\n|-damage|p2a: Azumarill|0 fnt|[from] brn\n|faint|p2a: Azumarill\n|upkeep\n|\n|t:|1699691407\n|switch|p2a: Zamazenta|Zamazenta|100\/100\n|-damage|p2a: Zamazenta|94\/100|[from] Stealth Rock\n|-ability|p2a: Zamazenta|Dauntless Shield|boost\n|-boost|p2a: Zamazenta|def|1\n|turn|13\n|\n|t:|1699691413\n|move|p2a: Zamazenta|Crunch|p1a: Cinderace\n|-damage|p1a: Cinderace|0 fnt\n|faint|p1a: Cinderace\n|-damage|p2a: Zamazenta|84\/100|[from] item: Life Orb\n|\n|upkeep\n|\n|t:|1699691426\n|switch|p1a: Dragapult|Dragapult, M|100\/100\n|turn|14\n|inactive|SilphGambleR has 120 seconds left.\n|\n|t:|1699691462\n|move|p1a: Dragapult|Draco Meteor|p2a: Zamazenta\n|-damage|p2a: Zamazenta|12\/100\n|-unboost|p1a: Dragapult|spa|2\n|move|p2a: Zamazenta|Crunch|p1a: Dragapult\n|-supereffective|p1a: Dragapult\n|-damage|p1a: Dragapult|6\/100\n|-damage|p2a: Zamazenta|2\/100|[from] item: Life Orb\n|\n|upkeep\n|turn|15\n|inactive|SilphGambleR has 120 seconds left.\n|\n|t:|1699691473\n|switch|p1a: Gliscor|Gliscor, M|44\/100 tox\n|move|p2a: Zamazenta|Crunch|p1a: Gliscor\n|-damage|p1a: Gliscor|16\/100 tox\n|-damage|p2a: Zamazenta|0 fnt|[from] item: Life Orb\n|faint|p2a: Zamazenta\n|\n|-heal|p1a: Gliscor|29\/100 tox|[from] ability: Poison Heal\n|upkeep\n|inactive|SilphGambleR has 120 seconds left.\n|\n|t:|1699691481\n|switch|p2a: Slowking|Slowking-Galar, F|100\/100\n|-damage|p2a: Slowking|88\/100|[from] Stealth Rock\n|turn|16\n|\n|t:|1699691493\n|move|p1a: Gliscor|Protect|p1a: Gliscor\n|-singleturn|p1a: Gliscor|Protect\n|move|p2a: Slowking|Psyshock|p1a: Gliscor\n|-activate|p1a: Gliscor|move: Protect\n|\n|-heal|p1a: Gliscor|41\/100 tox|[from] ability: Poison Heal\n|upkeep\n|turn|17\n|\n|t:|1699691506\n|switch|p1a: Kingambit|Kingambit, F|100\/100\n|-activate|p1a: Kingambit|ability: Supreme Overlord\n|-start|p1a: Kingambit|fallen3|[silent]\n|move|p2a: Slowking|Flamethrower|p1a: Kingambit\n|-supereffective|p1a: Kingambit\n|-damage|p1a: Kingambit|31\/100\n|\n|-heal|p1a: Kingambit|37\/100|[from] item: Leftovers\n|upkeep\n|turn|18\n|\n|t:|1699691513\n|move|p1a: Kingambit|Kowtow Cleave|p2a: Slowking\n|-supereffective|p2a: Slowking\n|-enditem|p2a: Slowking|Colbur Berry|[eat]\n|-enditem|p2a: Slowking|Colbur Berry|[weaken]\n|-damage|p2a: Slowking|19\/100\n|move|p2a: Slowking|Flamethrower|p1a: Kingambit\n|-supereffective|p1a: Kingambit\n|-damage|p1a: Kingambit|0 fnt\n|faint|p1a: Kingambit\n|-end|p1a: Kingambit|fallen3|[silent]\n|\n|upkeep\n|\n|t:|1699691518\n|switch|p1a: Gliscor|Gliscor, M|41\/100 tox\n|turn|19\n|\n|t:|1699691523\n|move|p1a: Gliscor|Protect|p1a: Gliscor\n|-singleturn|p1a: Gliscor|Protect\n|move|p2a: Slowking|Flamethrower|p1a: Gliscor\n|-activate|p1a: Gliscor|move: Protect\n|\n|-heal|p1a: Gliscor|54\/100 tox|[from] ability: Poison Heal\n|upkeep\n|turn|20\n|\n|t:|1699691534\n|move|p1a: Gliscor|Swords Dance|p1a: Gliscor\n|-boost|p1a: Gliscor|atk|2\n|move|p2a: Slowking|Flamethrower|p1a: Gliscor\n|-damage|p1a: Gliscor|24\/100 tox\n|\n|-heal|p1a: Gliscor|37\/100 tox|[from] ability: Poison Heal\n|upkeep\n|turn|21\n|\n|t:|1699691539\n|move|p1a: Gliscor|Protect|p1a: Gliscor\n|-singleturn|p1a: Gliscor|Protect\n|move|p2a: Slowking|Flamethrower|p1a: Gliscor\n|-activate|p1a: Gliscor|move: Protect\n|\n|-heal|p1a: Gliscor|49\/100 tox|[from] ability: Poison Heal\n|upkeep\n|turn|22\n|\n|t:|1699691546\n|move|p1a: Gliscor|Earthquake|p2a: Slowking\n|-supereffective|p2a: Slowking\n|-damage|p2a: Slowking|0 fnt\n|faint|p2a: Slowking\n|\n|-heal|p1a: Gliscor|62\/100 tox|[from] ability: Poison Heal\n|upkeep\n|\n|t:|1699691549\n|switch|p2a: Greninja|Greninja, M|100\/100\n|-damage|p2a: Greninja|88\/100|[from] Stealth Rock\n|turn|23\n|\n|t:|1699691553\n|move|p1a: Gliscor|Protect|p1a: Gliscor\n|-singleturn|p1a: Gliscor|Protect\n|move|p2a: Greninja|Ice Beam|p1a: Gliscor\n|-start|p2a: Greninja|typechange|Ice|[from] ability: Protean\n|-activate|p1a: Gliscor|move: Protect\n|\n|-heal|p1a: Gliscor|74\/100 tox|[from] ability: Poison Heal\n|upkeep\n|turn|24\n|\n|t:|1699691571\n|switch|p2a: Gliscor|Gliscor, M|50\/100 brn\n|-damage|p2a: Gliscor|37\/100 brn|[from] Stealth Rock\n|-terastallize|p1a: Gliscor|Dragon\n|move|p1a: Gliscor|Earthquake|p2a: Gliscor\n|-immune|p2a: Gliscor\n|\n|-heal|p1a: Gliscor|87\/100 tox|[from] ability: Poison Heal\n|-damage|p2a: Gliscor|31\/100 brn|[from] brn\n|upkeep\n|turn|25\n|\n|t:|1699691588\n|move|p2a: Gliscor|Swords Dance|p2a: Gliscor\n|-boost|p2a: Gliscor|atk|2\n|move|p1a: Gliscor|Facade|p2a: Gliscor\n|-damage|p2a: Gliscor|0 fnt\n|faint|p2a: Gliscor\n|\n|-heal|p1a: Gliscor|99\/100 tox|[from] ability: Poison Heal\n|upkeep\n|\n|t:|1699691591\n|switch|p2a: Greninja|Greninja, M|88\/100\n|-damage|p2a: Greninja|76\/100|[from] Stealth Rock\n|turn|26\n|\n|t:|1699691596\n|move|p1a: Gliscor|Protect|p1a: Gliscor\n|-singleturn|p1a: Gliscor|Protect\n|move|p2a: Greninja|Ice Beam|p1a: Gliscor\n|-start|p2a: Greninja|typechange|Ice|[from] ability: Protean\n|-activate|p1a: Gliscor|move: Protect\n|\n|-heal|p1a: Gliscor|100\/100 tox|[from] ability: Poison Heal\n|upkeep\n|turn|27\n|\n|t:|1699691599\n|move|p2a: Greninja|Ice Beam|p1a: Gliscor\n|-supereffective|p1a: Gliscor\n|-damage|p1a: Gliscor|31\/100 tox\n|move|p1a: Gliscor|Earthquake|p2a: Greninja\n|-damage|p2a: Greninja|0 fnt\n|faint|p2a: Greninja\n|\n|-heal|p1a: Gliscor|43\/100 tox|[from] ability: Poison Heal\n|upkeep\n|\n|t:|1699691601\n|switch|p2a: Zapdos|Zapdos|100\/100\n|-damage|p2a: Zapdos|75\/100|[from] Stealth Rock\n|turn|28\n|\n|t:|1699691605\n|move|p1a: Gliscor|Protect|p1a: Gliscor\n|-singleturn|p1a: Gliscor|Protect\n|move|p2a: Zapdos|Hurricane|p1a: Gliscor\n|-activate|p1a: Gliscor|move: Protect\n|\n|-heal|p1a: Gliscor|56\/100 tox|[from] ability: Poison Heal\n|upkeep\n|turn|29\n|\n|t:|1699691609\n|move|p2a: Zapdos|Hurricane|p1a: Gliscor\n|-damage|p1a: Gliscor|15\/100 tox\n|move|p1a: Gliscor|Facade|p2a: Zapdos\n|-damage|p2a: Zapdos|35\/100\n|-damage|p1a: Gliscor|0 fnt|[from] item: Rocky Helmet|[of] p2a: Zapdos\n|faint|p1a: Gliscor\n|\n|upkeep\n|\n|t:|1699691615\n|switch|p1a: Dragapult|Dragapult, M|6\/100\n|turn|30\n|\n|t:|1699691617\n|move|p1a: Dragapult|Shadow Ball|p2a: Zapdos\n|-damage|p2a: Zapdos|0 fnt\n|faint|p2a: Zapdos\n|\n|win|friedfreak\n|raw|friedfreak's rating: 1799 &rarr; <strong>1812<\/strong><br \/>(+13 for winning)\n|raw|SilphGambleR's rating: 1676 &rarr; <strong>1663<\/strong><br \/>(-13 for losing)\n|l|\u2606SilphGambleR\n|l|\u2606friedfreak\n","uploadtime":1699691898,"views":22,"p1id":"friedfreak","p2id":"silphgambler","formatid":"gen9ou","rating":1663,"private":0,"password":""}