{"id":"gen9ou-1993917167","p1":"RAILOLACHU","p2":"Slither Moth 13","format":"[Gen 9] OU","log":"|j|\u2606RAILOLACHU\n|j|\u2606Slither Moth 13\n|t:|1700375069\n|gametype|singles\n|player|p1|RAILOLACHU|169|1118\n|player|p2|Slither Moth 13|biker-gen4|1119\n|teamsize|p1|6\n|teamsize|p2|6\n|gen|9\n|tier|[Gen 9] OU\n|rated|\n|rule|Sleep Clause Mod: Limit one foe put to sleep\n|rule|Species Clause: Limit one of each Pok\u00e9mon\n|rule|OHKO Clause: OHKO moves are banned\n|rule|Evasion Items Clause: Evasion items are banned\n|rule|Evasion Moves Clause: Evasion moves are banned\n|rule|Endless Battle Clause: Forcing endless battles is banned\n|rule|HP Percentage Mod: HP is shown in percentages\n|clearpoke\n|poke|p1|Maushold-Four|\n|poke|p1|Glimmora, F|\n|poke|p1|Dragonite, M|\n|poke|p1|Tatsugiri-Droopy, F|\n|poke|p1|Pawmot, M|\n|poke|p1|Rockruff, L1, F|\n|poke|p2|Ribombee, F|\n|poke|p2|Samurott-Hisui, M|\n|poke|p2|Glimmora, M|\n|poke|p2|Gholdengo|\n|poke|p2|Iron Treads|\n|poke|p2|Kingambit, F|\n|teampreview\n|inactive|Battle timer is ON: inactive players will automatically lose when time's up. (requested by RAILOLACHU)\n|inactive|Slither Moth 13 has 120 seconds left.\n|j| Phaoryx\n|j| Pokemonshitshow\n|j| cheese miestro\n|j| great treads 96\n|\n|t:|1700375118\n|start\n|switch|p1a: Bluey Dies|Rockruff, L1, F, shiny|100\/100\n|switch|p2a: WEB META|Ribombee, F|100\/100\n|turn|1\n|j| virgin to rank 1\n|\n|t:|1700375129\n|move|p2a: WEB META|Sticky Web|p1a: Bluey Dies\n|-sidestart|p1: RAILOLACHU|move: Sticky Web\n|move|p1a: Bluey Dies|Stealth Rock|p2a: WEB META\n|-sidestart|p2: Slither Moth 13|move: Stealth Rock\n|\n|upkeep\n|turn|2\n|\n|t:|1700375135\n|move|p2a: WEB META|Moonblast|p1a: Bluey Dies\n|-enditem|p1a: Bluey Dies|Focus Sash\n|-damage|p1a: Bluey Dies|9\/100\n|-unboost|p1a: Bluey Dies|spa|1\n|move|p1a: Bluey Dies|Endeavor|p2a: WEB META\n|-damage|p2a: WEB META|1\/100\n|\n|upkeep\n|turn|3\n|c|\u2606RAILOLACHU|wow you famous!\n|j| qrib\n|\n|t:|1700375144\n|move|p1a: Bluey Dies|Sucker Punch|p2a: WEB META\n|-resisted|p2a: WEB META\n|-damage|p2a: WEB META|0 fnt\n|faint|p2a: WEB META\n|\n|upkeep\n|c|\u2606Slither Moth 13|WHAT\n|c|\u2606Slither Moth 13|HOW\n|c|\u2606Slither Moth 13|HOW DID A PUNY LEVEL 1 BEAT MY LV 100\n|c|\u2606RAILOLACHU|all moves do 1hp attack :D\n|\n|t:|1700375163\n|switch|p2a: TSPIKE META|Glimmora, M|100\/100\n|-damage|p2a: TSPIKE META|88\/100|[from] Stealth Rock\n|turn|4\n|c| Phaoryx|XD\n|c|\u2606RAILOLACHU|Thats a guarantee!\n|c| great treads 96|it was me iron tusk.\n|c|\u2606Slither Moth 13|IVE NEVER SEEN THIS BEFORE\n|c|\u2606Slither Moth 13|WTF\n|\n|t:|1700375173\n|move|p1a: Bluey Dies|Protect|p1a: Bluey Dies\n|-singleturn|p1a: Bluey Dies|Protect\n|move|p2a: TSPIKE META|Mortal Spin|p1a: Bluey Dies\n|-activate|p1a: Bluey Dies|move: Protect\n|\n|upkeep\n|turn|5\n|j| FALESS\n|\n|t:|1700375179\n|move|p2a: TSPIKE META|Mortal Spin|p1a: Bluey Dies\n|-resisted|p1a: Bluey Dies\n|-damage|p1a: Bluey Dies|0 fnt\n|-sideend|p2: Slither Moth 13|Stealth Rock|[from] move: Mortal Spin|[of] p2a: TSPIKE META\n|faint|p1a: Bluey Dies\n|\n|upkeep\n|\n|t:|1700375185\n|switch|p1a: Tatsugiri|Tatsugiri-Droopy, F|100\/100\n|-activate|p1a: Tatsugiri|move: Sticky Web\n|-unboost|p1a: Tatsugiri|spe|1\n|turn|6\n|c| great treads 96|i was the rockruff.\n|c|\u2606RAILOLACHU|D:\n|c| Phaoryx|so you died? L\n|j| Psyspam Enjoyer\n|\n|t:|1700375215\n|move|p2a: TSPIKE META|Stealth Rock|p1a: Tatsugiri\n|-sidestart|p1: RAILOLACHU|move: Stealth Rock\n|move|p1a: Tatsugiri|Rapid Spin|p2a: TSPIKE META\n|-resisted|p2a: TSPIKE META\n|-damage|p2a: TSPIKE META|85\/100\n|-boost|p1a: Tatsugiri|spe|1\n|-sideend|p1: RAILOLACHU|Stealth Rock|[from] move: Rapid Spin|[of] p1a: Tatsugiri\n|-sideend|p1: RAILOLACHU|Sticky Web|[from] move: Rapid Spin|[of] p1a: Tatsugiri\n|\n|upkeep\n|turn|7\n|c|\u2606Slither Moth 13|wut\n|c|\u2606Slither Moth 13|secret spinner????\n|c| Psyspam Enjoyer|low ladder ultranoob\n|\n|t:|1700375229\n|move|p2a: TSPIKE META|Toxic|p1a: Tatsugiri\n|-status|p1a: Tatsugiri|tox\n|move|p1a: Tatsugiri|Hydro Pump|p2a: TSPIKE META\n|-supereffective|p2a: TSPIKE META\n|-damage|p2a: TSPIKE META|0 fnt\n|faint|p2a: TSPIKE META\n|\n|-damage|p1a: Tatsugiri|94\/100 tox|[from] psn\n|upkeep\n|\n|t:|1700375235\n|switch|p2a: SPIKE META|Samurott-Hisui, M|100\/100\n|turn|8\n|c|\u2606Slither Moth 13|how this thing finna spin\n|c|\u2606RAILOLACHU|he break dancing\n|c|\u2606Slither Moth 13|motherfucker got a tail and two atrophied fins\n|j| SDK04\n|inactive|RAILOLACHU has 120 seconds left.\n|\n|t:|1700375265\n|switch|p1a: Glimmora|Glimmora, F, shiny|100\/100\n|move|p2a: SPIKE META|Ceaseless Edge|p1a: Glimmora\n|-damage|p1a: Glimmora|73\/100\n|-sidestart|p1: RAILOLACHU|Spikes\n|\n|-heal|p1a: Glimmora|79\/100|[from] item: Leftovers\n|upkeep\n|turn|9\n|\n|t:|1700375274\n|move|p2a: SPIKE META|Ceaseless Edge|p1a: Glimmora\n|-damage|p1a: Glimmora|54\/100\n|-sidestart|p1: RAILOLACHU|Spikes\n|move|p1a: Glimmora|Toxic|p2a: SPIKE META\n|-status|p2a: SPIKE META|tox\n|\n|-heal|p1a: Glimmora|60\/100|[from] item: Leftovers\n|-damage|p2a: SPIKE META|94\/100 tox|[from] psn\n|upkeep\n|turn|10\n|j| pokemonisrigged725\n|c| Phaoryx|you have been tspiked\n|c| Phaoryx|wait\n|c| Phaoryx|you havent been tspiked\n|c| Phaoryx|corrosive W\n|c| Phaoryx|k bye\n|l| Phaoryx\n|\n|t:|1700375288\n|move|p1a: Glimmora|Spiky Shield|p1a: Glimmora\n|-singleturn|p1a: Glimmora|move: Protect\n|move|p2a: SPIKE META|Surf|p1a: Glimmora\n|-activate|p1a: Glimmora|move: Protect\n|\n|-heal|p1a: Glimmora|66\/100|[from] item: Leftovers\n|-damage|p2a: SPIKE META|82\/100 tox|[from] psn\n|upkeep\n|turn|11\n|c|\u2606Slither Moth 13|im also corrosive\n|c|\u2606Slither Moth 13|lol\n|\n|t:|1700375296\n|switch|p1a: Tatsugiri|Tatsugiri-Droopy, F|94\/100 tox\n|-damage|p1a: Tatsugiri|78\/100 tox|[from] Spikes\n|move|p2a: SPIKE META|Surf|p1a: Tatsugiri\n|-ability|p1a: Tatsugiri|Storm Drain|boost\n|-boost|p1a: Tatsugiri|spa|1\n|\n|-heal|p1a: Tatsugiri|84\/100 tox|[from] item: Leftovers\n|-damage|p2a: SPIKE META|63\/100 tox|[from] psn\n|-damage|p1a: Tatsugiri|78\/100 tox|[from] psn\n|upkeep\n|turn|12\n|c|\u2606Slither Moth 13|corrosive gang\n|\n|t:|1700375308\n|switch|p2a: EVIL META|Gholdengo|100\/100\n|move|p1a: Tatsugiri|Dragon Pulse|p2a: EVIL META\n|-resisted|p2a: EVIL META\n|-crit|p2a: EVIL META\n|-damage|p2a: EVIL META|73\/100\n|\n|-heal|p1a: Tatsugiri|84\/100 tox|[from] item: Leftovers\n|-damage|p1a: Tatsugiri|72\/100 tox|[from] psn\n|upkeep\n|turn|13\n|l| virgin to rank 1\n|inactive|RAILOLACHU has 120 seconds left.\n|l| pokemonisrigged725\n|c|\u2606RAILOLACHU|im going to waste this 1.5 on this move but if it works..\n|\n|t:|1700375342\n|move|p2a: EVIL META|Light Screen|p2a: EVIL META\n|-sidestart|p2: Slither Moth 13|move: Light Screen\n|move|p1a: Tatsugiri|Water Pulse|p2a: EVIL META\n|-damage|p2a: EVIL META|60\/100\n|-start|p2a: EVIL META|confusion\n|\n|-heal|p1a: Tatsugiri|78\/100 tox|[from] item: Leftovers\n|-damage|p1a: Tatsugiri|59\/100 tox|[from] psn\n|upkeep\n|turn|14\n|j| pokemonisrigged725\n|c|\u2606Slither Moth 13|ayy\n|c|\u2606RAILOLACHU|B)\n|\n|t:|1700375355\n|-activate|p2a: EVIL META|confusion\n|move|p2a: EVIL META|Reflect|p2a: EVIL META\n|-sidestart|p2: Slither Moth 13|Reflect\n|move|p1a: Tatsugiri|Hydro Pump|p2a: EVIL META\n|-damage|p2a: EVIL META|39\/100\n|\n|-heal|p1a: Tatsugiri|65\/100 tox|[from] item: Leftovers\n|-damage|p1a: Tatsugiri|41\/100 tox|[from] psn\n|upkeep\n|turn|15\n|\n|t:|1700375361\n|-activate|p2a: EVIL META|confusion\n|move|p2a: EVIL META|Steel Beam|p1a: Tatsugiri\n|-resisted|p1a: Tatsugiri\n|-damage|p1a: Tatsugiri|18\/100 tox\n|-damage|p2a: EVIL META|0 fnt|[from] steelbeam\n|faint|p2a: EVIL META\n|move|p1a: Tatsugiri|Hydro Pump|p2: EVIL META|[notarget]\n|-fail|p1a: Tatsugiri\n|\n|-heal|p1a: Tatsugiri|25\/100 tox|[from] item: Leftovers\n|-damage|p1a: Tatsugiri|0 fnt|[from] psn\n|faint|p1a: Tatsugiri\n|upkeep\n|inactive|RAILOLACHU has 120 seconds left.\n|j| moope\n|l| moope\n|inactive|Slither Moth 13 has 120 seconds left.\n|l| cheese miestro\n|c|\u2606RAILOLACHU|May i ask why everyone is spectating? :o\n|\n|t:|1700375405\n|switch|p2a: IRON TUSK 69|Iron Treads|100\/100\n|switch|p1a: Glimmora|Glimmora, F, shiny|66\/100\n|-damage|p1a: Glimmora|50\/100|[from] Spikes\n|-enditem|p2a: IRON TUSK 69|Booster Energy\n|-activate|p2a: IRON TUSK 69|ability: Quark Drive|[fromitem]\n|-start|p2a: IRON TUSK 69|quarkdrivespe\n|turn|16\n|inactive|RAILOLACHU has 120 seconds left.\n|\n|t:|1700375414\n|move|p1a: Glimmora|Spiky Shield|p1a: Glimmora\n|-singleturn|p1a: Glimmora|move: Protect\n|move|p2a: IRON TUSK 69|Earth Power|p1a: Glimmora\n|-activate|p1a: Glimmora|move: Protect\n|\n|-heal|p1a: Glimmora|56\/100|[from] item: Leftovers\n|upkeep\n|turn|17\n|c|\u2606Slither Moth 13|RAILOLACHU i sent link to OU cha\n|inactive|RAILOLACHU has 120 seconds left.\n|\n|t:|1700375430\n|-terastallize|p1a: Glimmora|Flying\n|move|p2a: IRON TUSK 69|Earth Power|p1a: Glimmora\n|-immune|p1a: Glimmora\n|move|p1a: Glimmora|Toxic|p2a: IRON TUSK 69\n|-status|p2a: IRON TUSK 69|tox\n|\n|-heal|p1a: Glimmora|62\/100|[from] item: Leftovers\n|-damage|p2a: IRON TUSK 69|94\/100 tox|[from] psn\n|upkeep\n|turn|18\n|inactive|RAILOLACHU has 120 seconds left.\n|c|\u2606Slither Moth 13|oh nah\n|\n|t:|1700375441\n|move|p2a: IRON TUSK 69|Stealth Rock|p1a: Glimmora\n|-sidestart|p1: RAILOLACHU|move: Stealth Rock\n|move|p1a: Glimmora|Earth Power|p2a: IRON TUSK 69\n|-supereffective|p2a: IRON TUSK 69\n|-damage|p2a: IRON TUSK 69|53\/100 tox\n|-unboost|p2a: IRON TUSK 69|spd|1\n|\n|-heal|p1a: Glimmora|68\/100|[from] item: Leftovers\n|-damage|p2a: IRON TUSK 69|41\/100 tox|[from] psn\n|upkeep\n|turn|19\n|l| FALESS\n|inactive|RAILOLACHU has 120 seconds left.\n|c|\u2606RAILOLACHU|ohh i forgot about chats lol\n|\n|t:|1700375460\n|move|p2a: IRON TUSK 69|Steel Beam|p1a: Glimmora\n|-damage|p1a: Glimmora|13\/100\n|-damage|p2a: IRON TUSK 69|0 fnt|[from] steelbeam\n|faint|p2a: IRON TUSK 69\n|-end|p2a: IRON TUSK 69|Quark Drive|[silent]\n|move|p1a: Glimmora|Earth Power|p2: IRON TUSK 69|[notarget]\n|-fail|p1a: Glimmora\n|\n|-heal|p1a: Glimmora|19\/100|[from] item: Leftovers\n|upkeep\n|l| qrib\n|j| Omegasization\n|inactive|Slither Moth 13 has 120 seconds left.\n|l| Omegasization\n|\n|t:|1700375494\n|switch|p2a: SPIKE META|Samurott-Hisui, M|63\/100 tox\n|turn|20\n|\n|t:|1700375498\n|move|p1a: Glimmora|Spiky Shield|p1a: Glimmora\n|-singleturn|p1a: Glimmora|move: Protect\n|move|p2a: SPIKE META|Aqua Jet|p1a: Glimmora\n|-activate|p1a: Glimmora|move: Protect\n|-damage|p2a: SPIKE META|51\/100 tox|[from] Spiky Shield|[of] p1a: Glimmora\n|\n|-heal|p1a: Glimmora|26\/100|[from] item: Leftovers\n|-damage|p2a: SPIKE META|44\/100 tox|[from] psn\n|-sideend|p2: Slither Moth 13|move: Light Screen\n|upkeep\n|turn|21\n|\n|t:|1700375507\n|move|p1a: Glimmora|Spiky Shield||[still]\n|-fail|p1a: Glimmora\n|move|p2a: SPIKE META|Surf|p1a: Glimmora\n|-damage|p1a: Glimmora|0 fnt\n|faint|p1a: Glimmora\n|\n|-damage|p2a: SPIKE META|32\/100 tox|[from] psn\n|-sideend|p2: Slither Moth 13|Reflect\n|upkeep\n|\n|t:|1700375518\n|switch|p1a: Maushold|Maushold-Four, shiny|100\/100\n|-damage|p1a: Maushold|84\/100|[from] Spikes\n|-damage|p1a: Maushold|71\/100|[from] Stealth Rock\n|turn|22\n|inactive|Slither Moth 13 has 120 seconds left.\n|c| SDK04|Bro is getting bodied by FEAR Rockruff, Corrosion Leftovers Glimmora and Maushold\n|c| SDK04|in real time\n|c|\u2606RAILOLACHU|They are strong D:\n|inactive|Slither Moth 13 has 90 seconds left.\n|\n|t:|1700375596\n|move|p1a: Maushold|Population Bomb|p2a: SPIKE META|[miss]\n|-miss|p1a: Maushold|p2a: SPIKE META\n|move|p2a: SPIKE META|Ceaseless Edge|p1a: Maushold\n|-damage|p1a: Maushold|14\/100\n|-sidestart|p1: RAILOLACHU|Spikes\n|\n|-damage|p2a: SPIKE META|13\/100 tox|[from] psn\n|upkeep\n|turn|23\n|inactive|Slither Moth 13 has 60 seconds left.\n|inactive|Slither Moth 13 has 30 seconds left.\n|c|\u2606RAILOLACHU|ggs? :o\n|inactive|Slither Moth 13 has 20 seconds left.\n|\n|t:|1700375660\n|move|p2a: SPIKE META|Aqua Jet|p1a: Maushold\n|-damage|p1a: Maushold|0 fnt\n|faint|p1a: Maushold\n|\n|-damage|p2a: SPIKE META|0 fnt|[from] psn\n|faint|p2a: SPIKE META\n|upkeep\n|inactive|Slither Moth 13 has 30 seconds left this turn.\n|inactive|Slither Moth 13 has 20 seconds left.\n|inactive|Slither Moth 13 has 15 seconds left.\n|inactive|Slither Moth 13 has 10 seconds left.\n|c| Pokemonshitshow|KGs got this\n|inactive|Slither Moth 13 has 5 seconds left.\n|\n|t:|1700375685\n|switch|p1a: Pawmot|Pawmot, M, shiny|100\/100\n|switch|p2a: Rigged Suspect|Kingambit, F|100\/100\n|-damage|p1a: Pawmot|76\/100|[from] Spikes\n|-damage|p1a: Pawmot|70\/100|[from] Stealth Rock\n|-activate|p2a: Rigged Suspect|ability: Supreme Overlord\n|-start|p2a: Rigged Suspect|fallen5|[silent]\n|turn|24\n|inactive|Slither Moth 13 has 15 seconds left this turn.\n|c| Pokemonshitshow|Bring out Kingambit 69\n|\n|t:|1700375711\n|-terastallize|p2a: Rigged Suspect|Fairy\n|move|p1a: Pawmot|Wish|p1a: Pawmot\n|move|p2a: Rigged Suspect|Tera Blast|p1a: Pawmot|[anim] Tera Blast Fairy\n|-supereffective|p1a: Pawmot\n|-damage|p1a: Pawmot|0 fnt\n|faint|p1a: Pawmot\n|\n|upkeep\n|inactive|Slither Moth 13 has 20 seconds left this turn.\n|\n|t:|1700375717\n|switch|p1a: Star|Dragonite, M|100\/100\n|turn|25\n|inactive|Slither Moth 13 has 30 seconds left this turn.\n|\n|t:|1700375724\n|move|p1a: Star|Earthquake|p2a: Rigged Suspect\n|-damage|p2a: Rigged Suspect|72\/100\n|move|p2a: Rigged Suspect|Tera Blast|p1a: Star|[anim] Tera Blast Fairy\n|-supereffective|p1a: Star\n|-damage|p1a: Star|21\/100\n|\n|-heal|p1a: Star|65\/100|[from] move: Wish|[wisher] Pawmot\n|-heal|p2a: Rigged Suspect|78\/100|[from] item: Leftovers\n|upkeep\n|turn|26\n|inactive|Slither Moth 13 has 30 seconds left.\n|c| great treads 96|NO\n|c|\u2606RAILOLACHU|ggs :D\n|\n|t:|1700375742\n|move|p1a: Star|Ice Spinner|p2a: Rigged Suspect\n|-damage|p2a: Rigged Suspect|54\/100\n|move|p2a: Rigged Suspect|Tera Blast|p1a: Star|[anim] Tera Blast Fairy\n|-supereffective|p1a: Star\n|-damage|p1a: Star|0 fnt\n|faint|p1a: Star\n|\n|win|Slither Moth 13\n|inactive|Slither Moth 13 has 30 seconds left this turn.\n|raw|RAILOLACHU's rating: 1118 &rarr; <strong>1093<\/strong><br \/>(-25 for losing)\n|raw|Slither Moth 13's rating: 1119 &rarr; <strong>1144<\/strong><br \/>(+25 for winning)\n","uploadtime":1700375257,"views":8,"p1id":"railolachu","p2id":"slithermoth13","formatid":"gen9ou","rating":1093,"private":0,"password":""}