{"id":"gen9ou-1997553279","p1":"anamchara","p2":"dilkem","format":"[Gen 9] OU","log":"|j|\u2606anamchara\n|j|\u203ddilkem\n|t:|1700824499\n|gametype|singles\n|player|p1|anamchara|169|1459\n|player|p2|dilkem|worker|1355\n|teamsize|p1|6\n|teamsize|p2|6\n|gen|9\n|tier|[Gen 9] OU\n|rated|\n|rule|Sleep Clause Mod: Limit one foe put to sleep\n|rule|Species Clause: Limit one of each Pok\u00e9mon\n|rule|OHKO Clause: OHKO moves are banned\n|rule|Evasion Items Clause: Evasion items are banned\n|rule|Evasion Moves Clause: Evasion moves are banned\n|rule|Endless Battle Clause: Forcing endless battles is banned\n|rule|HP Percentage Mod: HP is shown in percentages\n|clearpoke\n|poke|p1|Zapdos|\n|poke|p1|Dragapult, F|\n|poke|p1|Ogerpon-Wellspring, F|\n|poke|p1|Greninja-*, M|\n|poke|p1|Landorus-Therian, M|\n|poke|p1|Iron Valiant|\n|poke|p2|Slowbro, M|\n|poke|p2|Diancie|\n|poke|p2|Slither Wing|\n|poke|p2|Donphan, M|\n|poke|p2|Arcanine-Hisui, M|\n|poke|p2|Revavroom, M|\n|teampreview\n|inactive|Battle timer is ON: inactive players will automatically lose when time's up. (requested by dilkem)\n|\n|t:|1700824519\n|start\n|switch|p1a: Landorus|Landorus-Therian, M|100\/100\n|switch|p2a: Revavroom|Revavroom, M|100\/100\n|-ability|p1a: Landorus|Intimidate|boost\n|-unboost|p2a: Revavroom|atk|1\n|turn|1\n|\n|t:|1700824527\n|switch|p2a: Slither Wing|Slither Wing|100\/100\n|move|p1a: Landorus|Earthquake|p2a: Slither Wing\n|-resisted|p2a: Slither Wing\n|-damage|p2a: Slither Wing|68\/100\n|\n|upkeep\n|turn|2\n|\n|t:|1700824535\n|switch|p1a: Zapdos|Zapdos|100\/100\n|move|p2a: Slither Wing|U-turn|p1a: Zapdos\n|-resisted|p1a: Zapdos\n|-crit|p1a: Zapdos\n|-damage|p1a: Zapdos|66\/100\n|-status|p2a: Slither Wing|par|[from] ability: Static|[of] p1a: Zapdos\n|\n|t:|1700824545\n|-end|p2a: Slither Wing|Protosynthesis|[silent]\n|switch|p2a: Diancie|Diancie|100\/100|[from] U-turn\n|\n|upkeep\n|turn|3\n|\n|t:|1700824549\n|-terastallize|p1a: Zapdos|Water\n|move|p1a: Zapdos|Tera Blast|p2a: Diancie|[anim] Tera Blast Water\n|-supereffective|p2a: Diancie\n|-damage|p2a: Diancie|27\/100\n|move|p2a: Diancie|Trick Room|p2a: Diancie\n|-fieldstart|move: Trick Room|[of] p2a: Diancie\n|\n|-heal|p2a: Diancie|34\/100|[from] item: Leftovers\n|upkeep\n|turn|4\n|\n|t:|1700824562\n|switch|p2a: Slither Wing|Slither Wing|68\/100 par\n|move|p1a: Zapdos|U-turn|p2a: Slither Wing\n|-resisted|p2a: Slither Wing\n|-damage|p2a: Slither Wing|60\/100 par\n|\n|t:|1700824572\n|switch|p1a: Landorus|Landorus-Therian, M|100\/100|[from] U-turn\n|-ability|p1a: Landorus|Intimidate|boost\n|-unboost|p2a: Slither Wing|atk|1\n|\n|upkeep\n|turn|5\n|\n|t:|1700824577\n|move|p2a: Slither Wing|U-turn|p1a: Landorus\n|-resisted|p1a: Landorus\n|-damage|p1a: Landorus|80\/100\n|\n|t:|1700824582\n|-end|p2a: Slither Wing|Protosynthesis|[silent]\n|switch|p2a: Slowbro|Slowbro, M, shiny|100\/100|[from] U-turn\n|move|p1a: Landorus|U-turn|p2a: Slowbro\n|-supereffective|p2a: Slowbro\n|-damage|p2a: Slowbro|53\/100\n|-enditem|p2a: Slowbro|Weakness Policy\n|-boost|p2a: Slowbro|atk|2|[from] item: Weakness Policy\n|-boost|p2a: Slowbro|spa|2|[from] item: Weakness Policy\n|\n|t:|1700824589\n|switch|p1a: Zapdos|Zapdos, tera:Water|66\/100|[from] U-turn\n|\n|upkeep\n|turn|6\n|\n|t:|1700824593\n|move|p2a: Slowbro|Psychic|p1a: Zapdos\n|-crit|p1a: Zapdos\n|-damage|p1a: Zapdos|0 fnt\n|faint|p1a: Zapdos\n|\n|upkeep\n|\n|t:|1700824601\n|switch|p1a: Ogerpon|Ogerpon-Wellspring, F|100\/100\n|turn|7\n|\n|t:|1700824604\n|move|p2a: Slowbro|Psychic|p1a: Ogerpon\n|-damage|p1a: Ogerpon|0 fnt\n|faint|p1a: Ogerpon\n|\n|-fieldend|move: Trick Room\n|upkeep\n|\n|t:|1700824611\n|switch|p1a: Greninja|Greninja, M|100\/100\n|turn|8\n|\n|t:|1700824615\n|switch|p2a: Slither Wing|Slither Wing|60\/100 par\n|move|p1a: Greninja|Dark Pulse|p2a: Slither Wing\n|-resisted|p2a: Slither Wing\n|-crit|p2a: Slither Wing\n|-damage|p2a: Slither Wing|34\/100 par\n|\n|upkeep\n|turn|9\n|\n|t:|1700824621\n|move|p1a: Greninja|Water Shuriken|p2a: Slither Wing\n|-damage|p2a: Slither Wing|28\/100 par\n|-damage|p2a: Slither Wing|22\/100 par\n|-damage|p2a: Slither Wing|16\/100 par\n|-damage|p2a: Slither Wing|10\/100 par\n|-damage|p2a: Slither Wing|4\/100 par\n|-hitcount|p2a: Slither Wing|5\n|move|p2a: Slither Wing|U-turn|p1a: Greninja\n|-supereffective|p1a: Greninja\n|-damage|p1a: Greninja|0 fnt\n|faint|p1a: Greninja\n|\n|t:|1700824635\n|-end|p2a: Slither Wing|Protosynthesis|[silent]\n|switch|p2a: Slowbro|Slowbro, M, shiny|87\/100|[from] U-turn\n|\n|upkeep\n|\n|t:|1700824638\n|switch|p1a: Dragapult|Dragapult, F|100\/100\n|turn|10\n|\n|t:|1700824644\n|switch|p2a: Diancie|Diancie|34\/100\n|move|p1a: Dragapult|Shadow Ball|p2a: Diancie\n|-damage|p2a: Diancie|1\/100\n|-damage|p1a: Dragapult|91\/100|[from] item: Life Orb\n|\n|-heal|p2a: Diancie|7\/100|[from] item: Leftovers\n|upkeep\n|turn|11\n|\n|t:|1700824652\n|move|p1a: Dragapult|Shadow Ball|p2a: Diancie\n|-damage|p2a: Diancie|0 fnt\n|faint|p2a: Diancie\n|-damage|p1a: Dragapult|81\/100|[from] item: Life Orb\n|\n|upkeep\n|\n|t:|1700824660\n|switch|p2a: Revavroom|Revavroom, M|100\/100\n|turn|12\n|\n|t:|1700824670\n|move|p1a: Dragapult|Dragon Darts|p2a: Revavroom\n|-resisted|p2a: Revavroom\n|-damage|p2a: Revavroom|83\/100\n|-anim|p1a: Dragapult|Dragon Darts|p2a: Revavroom\n|-resisted|p2a: Revavroom\n|-damage|p2a: Revavroom|68\/100\n|-damage|p1a: Dragapult|71\/100|[from] item: Life Orb\n|move|p2a: Revavroom|Parting Shot|p1a: Dragapult\n|-unboost|p1a: Dragapult|atk|1\n|-unboost|p1a: Dragapult|spa|1\n|\n|t:|1700824685\n|switch|p2a: Slowbro|Slowbro, M, shiny|100\/100|[from] Parting Shot\n|\n|upkeep\n|turn|13\n|\n|t:|1700824689\n|move|p1a: Dragapult|Shadow Ball|p2a: Slowbro\n|-supereffective|p2a: Slowbro\n|-damage|p2a: Slowbro|46\/100\n|-damage|p1a: Dragapult|61\/100|[from] item: Life Orb\n|move|p2a: Slowbro|Trick Room|p2a: Slowbro\n|-fieldstart|move: Trick Room|[of] p2a: Slowbro\n|\n|upkeep\n|turn|14\n|\n|t:|1700824695\n|move|p1a: Dragapult|Sucker Punch|p2a: Slowbro\n|-supereffective|p2a: Slowbro\n|-damage|p2a: Slowbro|16\/100\n|-damage|p1a: Dragapult|52\/100|[from] item: Life Orb\n|move|p2a: Slowbro|Psychic|p1a: Dragapult\n|-damage|p1a: Dragapult|0 fnt\n|faint|p1a: Dragapult\n|\n|upkeep\n|\n|t:|1700824709\n|switch|p1a: Landorus|Landorus-Therian, M|80\/100\n|-ability|p1a: Landorus|Intimidate|boost\n|-unboost|p2a: Slowbro|atk|1\n|turn|15\n|\n|t:|1700824714\n|-terastallize|p2a: Slowbro|Water\n|move|p2a: Slowbro|Surf|p1a: Landorus\n|-supereffective|p1a: Landorus\n|-damage|p1a: Landorus|0 fnt\n|faint|p1a: Landorus\n|\n|upkeep\n|-message|anamchara forfeited.\n|\n|win|dilkem\n|raw|anamchara's rating: 1492 &rarr; <strong>1464<\/strong><br \/>(-28 for losing)\n|raw|dilkem's rating: 1355 &rarr; <strong>1383<\/strong><br \/>(+28 for winning)\n|l|\u2606anamchara\n","uploadtime":1700824725,"views":3,"p1id":"anamchara","p2id":"dilkem","formatid":"gen9ou","rating":1383,"private":0,"password":""}