{"id":"gen9ou-1993305479","p1":"superiax","p2":"Joy840","format":"[Gen 9] OU","log":"|j|\u2606superiax\n|j|\u2606Joy840\n|t:|1700294469\n|gametype|singles\n|player|p1|superiax|whitney|1348\n|player|p2|Joy840|hilbert|1255\n|teamsize|p1|6\n|teamsize|p2|6\n|gen|9\n|tier|[Gen 9] OU\n|rated|\n|rule|Sleep Clause Mod: Limit one foe put to sleep\n|rule|Species Clause: Limit one of each Pok\u00e9mon\n|rule|OHKO Clause: OHKO moves are banned\n|rule|Evasion Items Clause: Evasion items are banned\n|rule|Evasion Moves Clause: Evasion moves are banned\n|rule|Endless Battle Clause: Forcing endless battles is banned\n|rule|HP Percentage Mod: HP is shown in percentages\n|clearpoke\n|poke|p1|Ribombee, F|\n|poke|p1|Ninetales-Alola, F|\n|poke|p1|Kingambit, M|\n|poke|p1|Iron Moth|\n|poke|p1|Gholdengo|\n|poke|p1|Ogerpon-Wellspring, F|\n|poke|p2|Ribombee, F|\n|poke|p2|Sneasler, F|\n|poke|p2|Ogerpon-Wellspring, F|\n|poke|p2|Landorus-Therian, M|\n|poke|p2|Cresselia, F|\n|poke|p2|Kommo-o, F|\n|teampreview\n|inactive|Battle timer is ON: inactive players will automatically lose when time's up. (requested by Joy840)\n|\n|t:|1700294474\n|start\n|switch|p1a: Mirror Master|Ribombee, F, shiny|100\/100\n|switch|p2a: Ribombee|Ribombee, F|100\/100\n|turn|1\n|\n|t:|1700294479\n|move|p2a: Ribombee|Sticky Web|p1a: Mirror Master\n|-sidestart|p1: superiax|move: Sticky Web\n|move|p1a: Mirror Master|Stun Spore|p2a: Ribombee|[miss]\n|-miss|p1a: Mirror Master|p2a: Ribombee\n|\n|upkeep\n|turn|2\n|\n|t:|1700294489\n|move|p2a: Ribombee|Quiver Dance|p2a: Ribombee\n|-boost|p2a: Ribombee|spa|1\n|-boost|p2a: Ribombee|spd|1\n|-boost|p2a: Ribombee|spe|1\n|move|p1a: Mirror Master|Sticky Web|p2a: Ribombee\n|-sidestart|p2: Joy840|move: Sticky Web\n|\n|upkeep\n|turn|3\n|\n|t:|1700294495\n|move|p2a: Ribombee|Quiver Dance|p2a: Ribombee\n|-boost|p2a: Ribombee|spa|1\n|-boost|p2a: Ribombee|spd|1\n|-boost|p2a: Ribombee|spe|1\n|move|p1a: Mirror Master|Stun Spore|p2a: Ribombee\n|-status|p2a: Ribombee|par\n|\n|upkeep\n|turn|4\n|\n|t:|1700294502\n|move|p2a: Ribombee|Moonblast|p1a: Mirror Master\n|-enditem|p1a: Mirror Master|Focus Sash\n|-damage|p1a: Mirror Master|1\/100\n|move|p1a: Mirror Master|Moonblast|p2a: Ribombee\n|-damage|p2a: Ribombee|66\/100 par\n|\n|upkeep\n|turn|5\n|\n|t:|1700294508\n|move|p1a: Mirror Master|Moonblast|p2a: Ribombee\n|-damage|p2a: Ribombee|33\/100 par\n|move|p2a: Ribombee|Moonblast|p1a: Mirror Master\n|-damage|p1a: Mirror Master|0 fnt\n|faint|p1a: Mirror Master\n|\n|upkeep\n|\n|t:|1700294515\n|switch|p1a: Heatwave|Iron Moth, shiny|100\/100\n|turn|6\n|\n|t:|1700294525\n|cant|p2a: Ribombee|par\n|move|p1a: Heatwave|Fiery Dance|p2a: Ribombee\n|-supereffective|p2a: Ribombee\n|-damage|p2a: Ribombee|0 fnt\n|faint|p2a: Ribombee\n|\n|upkeep\n|\n|t:|1700294532\n|switch|p2a: Landorus|Landorus-Therian, M|100\/100\n|-ability|p2a: Landorus|Intimidate|boost\n|-unboost|p1a: Heatwave|atk|1\n|turn|7\n|\n|t:|1700294539\n|-terastallize|p1a: Heatwave|Grass\n|move|p2a: Landorus|Earthquake|p1a: Heatwave\n|-resisted|p1a: Heatwave\n|-damage|p1a: Heatwave|44\/100\n|move|p1a: Heatwave|Fiery Dance|p2a: Landorus\n|-damage|p2a: Landorus|44\/100\n|-boost|p1a: Heatwave|spa|1\n|\n|upkeep\n|turn|8\n|\n|t:|1700294550\n|-end|p1a: Heatwave|Quark Drive|[silent]\n|switch|p1a: Weather Wizard|Ogerpon-Wellspring, F|100\/100\n|-activate|p1a: Weather Wizard|move: Sticky Web\n|-unboost|p1a: Weather Wizard|spe|1\n|move|p2a: Landorus|Earthquake|p1a: Weather Wizard\n|-resisted|p1a: Weather Wizard\n|-damage|p1a: Weather Wizard|57\/100\n|\n|upkeep\n|turn|9\n|\n|t:|1700294562\n|switch|p2a: Cresselia|Cresselia, F|100\/100\n|move|p1a: Weather Wizard|Swords Dance|p1a: Weather Wizard\n|-boost|p1a: Weather Wizard|atk|2\n|\n|upkeep\n|turn|10\n|\n|t:|1700294569\n|move|p1a: Weather Wizard|Ivy Cudgel|p2a: Cresselia|[anim] Ivy Cudgel Water\n|-damage|p2a: Cresselia|37\/100\n|move|p2a: Cresselia|Moonblast|p1a: Weather Wizard\n|-damage|p1a: Weather Wizard|34\/100\n|\n|-heal|p2a: Cresselia|44\/100|[from] item: Leftovers\n|upkeep\n|turn|11\n|\n|t:|1700294578\n|switch|p2a: Ogerpon|Ogerpon-Wellspring, F|100\/100\n|-activate|p2a: Ogerpon|move: Sticky Web\n|-unboost|p2a: Ogerpon|spe|1\n|move|p1a: Weather Wizard|Horn Leech|p2a: Ogerpon\n|-damage|p2a: Ogerpon|0 fnt\n|-heal|p1a: Weather Wizard|84\/100|[from] drain|[of] p2a: Ogerpon\n|faint|p2a: Ogerpon\n|\n|upkeep\n|\n|t:|1700294587\n|switch|p2a: Landorus|Landorus-Therian, M|44\/100\n|-ability|p2a: Landorus|Intimidate|boost\n|-unboost|p1a: Weather Wizard|atk|1\n|turn|12\n|\n|t:|1700294592\n|-terastallize|p2a: Landorus|Flying\n|move|p2a: Landorus|Tera Blast|p1a: Weather Wizard|[anim] Tera Blast Flying\n|-supereffective|p1a: Weather Wizard\n|-damage|p1a: Weather Wizard|0 fnt\n|faint|p1a: Weather Wizard\n|\n|upkeep\n|\n|t:|1700294604\n|switch|p1a: Golden Glider|Gholdengo|100\/100\n|-activate|p1a: Golden Glider|move: Sticky Web\n|-unboost|p1a: Golden Glider|spe|1\n|turn|13\n|\n|t:|1700294610\n|switch|p2a: Sneasler|Sneasler, F|100\/100\n|-activate|p2a: Sneasler|move: Sticky Web\n|-unboost|p2a: Sneasler|spe|1\n|-enditem|p2a: Sneasler|White Herb\n|-clearnegativeboost|p2a: Sneasler|[silent]\n|move|p1a: Golden Glider|Nasty Plot|p1a: Golden Glider\n|-boost|p1a: Golden Glider|spa|2\n|\n|upkeep\n|turn|14\n|\n|t:|1700294621\n|move|p2a: Sneasler|Swords Dance|p2a: Sneasler\n|-boost|p2a: Sneasler|atk|2\n|move|p1a: Golden Glider|Shadow Ball|p2a: Sneasler\n|-damage|p2a: Sneasler|7\/100\n|\n|upkeep\n|turn|15\n|\n|t:|1700294630\n|move|p2a: Sneasler|Acrobatics|p1a: Golden Glider\n|-resisted|p1a: Golden Glider\n|-damage|p1a: Golden Glider|74\/100\n|move|p1a: Golden Glider|Shadow Ball|p2a: Sneasler\n|-damage|p2a: Sneasler|0 fnt\n|faint|p2a: Sneasler\n|\n|upkeep\n|\n|t:|1700294643\n|switch|p2a: Kommo-o|Kommo-o, F|100\/100\n|-activate|p2a: Kommo-o|move: Sticky Web\n|-unboost|p2a: Kommo-o|spe|1\n|turn|16\n|\n|t:|1700294655\n|move|p2a: Kommo-o|Clangorous Soul|p2a: Kommo-o\n|-boost|p2a: Kommo-o|atk|1\n|-boost|p2a: Kommo-o|def|1\n|-boost|p2a: Kommo-o|spa|1\n|-boost|p2a: Kommo-o|spd|1\n|-boost|p2a: Kommo-o|spe|1\n|-damage|p2a: Kommo-o|68\/100\n|-enditem|p2a: Kommo-o|Throat Spray\n|-boost|p2a: Kommo-o|spa|1|[from] item: Throat Spray\n|move|p1a: Golden Glider|Nasty Plot|p1a: Golden Glider\n|-boost|p1a: Golden Glider|spa|2\n|\n|upkeep\n|turn|17\n|\n|t:|1700294666\n|move|p2a: Kommo-o|Flamethrower|p1a: Golden Glider\n|-supereffective|p1a: Golden Glider\n|-damage|p1a: Golden Glider|0 fnt\n|faint|p1a: Golden Glider\n|\n|upkeep\n|\n|t:|1700294672\n|switch|p1a: Heatwave|Iron Moth, shiny, tera:Grass|44\/100\n|turn|18\n|\n|t:|1700294677\n|move|p1a: Heatwave|Dazzling Gleam|p2a: Kommo-o\n|-supereffective|p2a: Kommo-o\n|-damage|p2a: Kommo-o|0 fnt\n|faint|p2a: Kommo-o\n|\n|upkeep\n|\n|t:|1700294682\n|switch|p2a: Landorus|Landorus-Therian, M, tera:Flying|44\/100\n|-ability|p2a: Landorus|Intimidate|boost\n|-unboost|p1a: Heatwave|atk|1\n|turn|19\n|\n|t:|1700294698\n|move|p2a: Landorus|U-turn|p1a: Heatwave\n|-supereffective|p1a: Heatwave\n|-damage|p1a: Heatwave|0 fnt\n|faint|p1a: Heatwave\n|-end|p1a: Heatwave|Quark Drive|[silent]\n|\n|t:|1700294701\n|switch|p2a: Cresselia|Cresselia, F|44\/100|[from] U-turn\n|\n|-heal|p2a: Cresselia|50\/100|[from] item: Leftovers\n|upkeep\n|\n|t:|1700294709\n|switch|p1a: Captain Cold|Ninetales-Alola, F, shiny|100\/100\n|-activate|p1a: Captain Cold|move: Sticky Web\n|-unboost|p1a: Captain Cold|spe|1\n|-weather|Snow|[from] ability: Snow Warning|[of] p1a: Captain Cold\n|turn|20\n|\n|t:|1700294716\n|move|p1a: Captain Cold|Aurora Veil|p1a: Captain Cold\n|-sidestart|p1: superiax|move: Aurora Veil\n|move|p2a: Cresselia|Calm Mind|p2a: Cresselia\n|-boost|p2a: Cresselia|spa|1\n|-boost|p2a: Cresselia|spd|1\n|\n|-weather|Snow|[upkeep]\n|-heal|p2a: Cresselia|56\/100|[from] item: Leftovers\n|upkeep\n|turn|21\n|\n|t:|1700294722\n|move|p1a: Captain Cold|Encore|p2a: Cresselia\n|-start|p2a: Cresselia|Encore\n|move|p2a: Cresselia|Calm Mind|p2a: Cresselia\n|-boost|p2a: Cresselia|spa|1\n|-boost|p2a: Cresselia|spd|1\n|\n|-weather|Snow|[upkeep]\n|-heal|p2a: Cresselia|62\/100|[from] item: Leftovers\n|upkeep\n|turn|22\n|\n|t:|1700294729\n|switch|p1a: Captain Boomerang|Kingambit, M, shiny|100\/100\n|-activate|p1a: Captain Boomerang|move: Sticky Web\n|-unboost|p1a: Captain Boomerang|spe|1\n|-activate|p1a: Captain Boomerang|ability: Supreme Overlord\n|-start|p1a: Captain Boomerang|fallen4|[silent]\n|move|p2a: Cresselia|Calm Mind|p2a: Cresselia\n|-boost|p2a: Cresselia|spa|1\n|-boost|p2a: Cresselia|spd|1\n|\n|-weather|Snow|[upkeep]\n|-heal|p2a: Cresselia|68\/100|[from] item: Leftovers\n|upkeep\n|turn|23\n|\n|t:|1700294739\n|move|p2a: Cresselia|Calm Mind|p2a: Cresselia\n|-boost|p2a: Cresselia|spa|1\n|-boost|p2a: Cresselia|spd|1\n|move|p1a: Captain Boomerang|Swords Dance|p1a: Captain Boomerang\n|-boost|p1a: Captain Boomerang|atk|2\n|\n|-weather|Snow|[upkeep]\n|-heal|p2a: Cresselia|74\/100|[from] item: Leftovers\n|-end|p2a: Cresselia|Encore\n|upkeep\n|turn|24\n|\n|t:|1700294748\n|move|p2a: Cresselia|Thunderbolt|p1a: Captain Boomerang\n|-damage|p1a: Captain Boomerang|74\/100\n|move|p1a: Captain Boomerang|Kowtow Cleave|p2a: Cresselia\n|-supereffective|p2a: Cresselia\n|-damage|p2a: Cresselia|0 fnt\n|faint|p2a: Cresselia\n|\n|-weather|none\n|upkeep\n|\n|t:|1700294754\n|switch|p2a: Landorus|Landorus-Therian, M, tera:Flying|44\/100\n|-ability|p2a: Landorus|Intimidate|boost\n|-unboost|p1a: Captain Boomerang|atk|1\n|turn|25\n|c|\u2606superiax|lol\n|c|\u2606superiax|gg\n|\n|t:|1700294759\n|move|p1a: Captain Boomerang|Sucker Punch|p2a: Landorus\n|-damage|p2a: Landorus|0 fnt\n|faint|p2a: Landorus\n|\n|win|superiax\n|raw|superiax's rating: 1348 &rarr; <strong>1363<\/strong><br \/>(+15 for winning)\n|raw|Joy840's rating: 1255 &rarr; <strong>1237<\/strong><br \/>(-18 for losing)\n|l|\u2606Joy840\n","uploadtime":1700294765,"views":10,"p1id":"superiax","p2id":"joy840","formatid":"gen9ou","rating":1237,"private":0,"password":""}