{"id":"gen9ou-1999709489","p1":"sampDLC","p2":"Yibril","format":"[Gen 9] OU","log":"|j|\u2606sampDLC\n|j|\u2606Yibril\n|t:|1701109799\n|gametype|singles\n|player|p1|sampDLC|fisherman-gen3|1657\n|player|p2|Yibril|ghetsis|1655\n|teamsize|p1|6\n|teamsize|p2|6\n|gen|9\n|tier|[Gen 9] OU\n|rated|\n|rule|Sleep Clause Mod: Limit one foe put to sleep\n|rule|Species Clause: Limit one of each Pok\u00e9mon\n|rule|OHKO Clause: OHKO moves are banned\n|rule|Evasion Items Clause: Evasion items are banned\n|rule|Evasion Moves Clause: Evasion moves are banned\n|rule|Endless Battle Clause: Forcing endless battles is banned\n|rule|HP Percentage Mod: HP is shown in percentages\n|clearpoke\n|poke|p1|Jirachi|\n|poke|p1|Hatterene, F|\n|poke|p1|Zapdos|\n|poke|p1|Ting-Lu|\n|poke|p1|Ogerpon-Wellspring, F|\n|poke|p1|Dragapult, M|\n|poke|p2|Kingambit, F|\n|poke|p2|Dragapult, F|\n|poke|p2|Gholdengo|\n|poke|p2|Great Tusk|\n|poke|p2|Garganacl, F|\n|poke|p2|Dragonite, F|\n|teampreview\n|\n|t:|1701109821\n|start\n|switch|p1a: Jirachi|Jirachi|100\/100\n|switch|p2a: Dragapult|Dragapult, F|100\/100\n|turn|1\n|\n|t:|1701109826\n|move|p1a: Jirachi|Iron Head|p2a: Dragapult\n|-damage|p2a: Dragapult|48\/100\n|cant|p2a: Dragapult|flinch\n|\n|upkeep\n|turn|2\n|\n|t:|1701109834\n|switch|p1a: Zapdos|Zapdos|100\/100\n|switch|p2a: Gholdengo|Gholdengo|100\/100\n|\n|upkeep\n|turn|3\n|\n|t:|1701109843\n|switch|p2a: Garganacl|Garganacl, F|100\/100\n|move|p1a: Zapdos|Volt Switch|p2a: Garganacl\n|-damage|p2a: Garganacl|82\/100\n|\n|t:|1701109846\n|switch|p1a: Jirachi|Jirachi|100\/100|[from] Volt Switch\n|\n|-heal|p2a: Garganacl|88\/100|[from] item: Leftovers\n|upkeep\n|turn|4\n|\n|t:|1701109853\n|switch|p2a: Gholdengo|Gholdengo|100\/100\n|move|p1a: Jirachi|Trick|p2a: Gholdengo\n|-immune|p2a: Gholdengo|[from] ability: Good as Gold\n|\n|upkeep\n|turn|5\n|\n|t:|1701109863\n|switch|p1a: Zapdos|Zapdos|100\/100\n|move|p2a: Gholdengo|Nasty Plot|p2a: Gholdengo\n|-boost|p2a: Gholdengo|spa|2\n|\n|upkeep\n|turn|6\n|\n|t:|1701109882\n|move|p1a: Zapdos|Volt Switch|p2a: Gholdengo\n|-damage|p2a: Gholdengo|71\/100\n|\n|t:|1701109885\n|switch|p1a: Ting-Lu|Ting-Lu|100\/100|[from] Volt Switch\n|-ability|p1a: Ting-Lu|Vessel of Ruin\n|move|p2a: Gholdengo|Shadow Ball|p1a: Ting-Lu\n|-resisted|p1a: Ting-Lu\n|-damage|p1a: Ting-Lu|85\/100\n|\n|-heal|p2a: Gholdengo|77\/100|[from] item: Leftovers\n|-heal|p1a: Ting-Lu|91\/100|[from] item: Leftovers\n|upkeep\n|turn|7\n|\n|t:|1701109896\n|switch|p2a: Great Tusk|Great Tusk|100\/100\n|move|p1a: Ting-Lu|Stealth Rock|p2a: Great Tusk\n|-sidestart|p2: Yibril|move: Stealth Rock\n|\n|-heal|p1a: Ting-Lu|98\/100|[from] item: Leftovers\n|upkeep\n|turn|8\n|\n|t:|1701109902\n|move|p2a: Great Tusk|Knock Off|p1a: Ting-Lu\n|-resisted|p1a: Ting-Lu\n|-damage|p1a: Ting-Lu|90\/100\n|-enditem|p1a: Ting-Lu|Leftovers|[from] move: Knock Off|[of] p2a: Great Tusk\n|move|p1a: Ting-Lu|Ruination|p2a: Great Tusk\n|-damage|p2a: Great Tusk|50\/100\n|\n|-heal|p2a: Great Tusk|57\/100|[from] item: Leftovers\n|upkeep\n|turn|9\n|\n|t:|1701109915\n|switch|p1a: Dragapult|Dragapult, M|100\/100\n|move|p2a: Great Tusk|Rapid Spin|p1a: Dragapult\n|-immune|p1a: Dragapult\n|\n|-heal|p2a: Great Tusk|63\/100|[from] item: Leftovers\n|upkeep\n|turn|10\n|\n|t:|1701109922\n|move|p1a: Dragapult|Draco Meteor|p2a: Great Tusk\n|-damage|p2a: Great Tusk|0 fnt\n|-unboost|p1a: Dragapult|spa|2\n|faint|p2a: Great Tusk\n|-end|p2a: Great Tusk|Protosynthesis|[silent]\n|\n|upkeep\n|\n|t:|1701109933\n|switch|p2a: Garganacl|Garganacl, F|88\/100\n|-damage|p2a: Garganacl|76\/100|[from] Stealth Rock\n|turn|11\n|\n|t:|1701109951\n|switch|p1a: Hatterene|Hatterene, F|100\/100\n|move|p2a: Garganacl|Iron Defense|p2a: Garganacl\n|-boost|p2a: Garganacl|def|2\n|\n|-heal|p2a: Garganacl|82\/100|[from] item: Leftovers\n|upkeep\n|turn|12\n|\n|t:|1701109958\n|move|p1a: Hatterene|Calm Mind|p1a: Hatterene\n|-boost|p1a: Hatterene|spa|1\n|-boost|p1a: Hatterene|spd|1\n|move|p2a: Garganacl|Salt Cure|p1a: Hatterene\n|-crit|p1a: Hatterene\n|-damage|p1a: Hatterene|83\/100\n|-start|p1a: Hatterene|Salt Cure\n|\n|-heal|p1a: Hatterene|89\/100|[from] item: Leftovers\n|-heal|p2a: Garganacl|88\/100|[from] item: Leftovers\n|-damage|p1a: Hatterene|77\/100|[from] Salt Cure\n|upkeep\n|turn|13\n|j| Ran Kob\n|\n|t:|1701109969\n|switch|p2a: Kingambit|Kingambit, F|100\/100\n|-damage|p2a: Kingambit|94\/100|[from] Stealth Rock\n|-activate|p2a: Kingambit|ability: Supreme Overlord\n|-start|p2a: Kingambit|fallen1|[silent]\n|move|p1a: Hatterene|Draining Kiss|p2a: Kingambit\n|-damage|p2a: Kingambit|59\/100\n|-heal|p1a: Hatterene|100\/100|[from] drain|[of] p2a: Kingambit\n|\n|-heal|p2a: Kingambit|65\/100|[from] item: Leftovers\n|-damage|p1a: Hatterene|88\/100|[from] Salt Cure\n|upkeep\n|turn|14\n|\n|t:|1701109980\n|switch|p1a: Zapdos|Zapdos|100\/100\n|move|p2a: Kingambit|Kowtow Cleave|p1a: Zapdos\n|-damage|p1a: Zapdos|40\/100\n|\n|-heal|p2a: Kingambit|71\/100|[from] item: Leftovers\n|upkeep\n|turn|15\n|\n|t:|1701109989\n|move|p1a: Zapdos|Roost|p1a: Zapdos\n|-heal|p1a: Zapdos|90\/100\n|-singleturn|p1a: Zapdos|move: Roost\n|move|p2a: Kingambit|Swords Dance|p2a: Kingambit\n|-boost|p2a: Kingambit|atk|2\n|\n|-heal|p2a: Kingambit|77\/100|[from] item: Leftovers\n|upkeep\n|turn|16\n|\n|t:|1701110000\n|move|p2a: Kingambit|Sucker Punch||[still]\n|-fail|p2a: Kingambit\n|move|p1a: Zapdos|Thunder Wave|p2a: Kingambit\n|-status|p2a: Kingambit|par\n|\n|-heal|p2a: Kingambit|83\/100 par|[from] item: Leftovers\n|upkeep\n|turn|17\n|\n|t:|1701110009\n|switch|p1a: Ting-Lu|Ting-Lu|90\/100\n|-ability|p1a: Ting-Lu|Vessel of Ruin\n|cant|p2a: Kingambit|par\n|\n|-heal|p2a: Kingambit|90\/100 par|[from] item: Leftovers\n|upkeep\n|turn|18\n|\n|t:|1701110016\n|move|p1a: Ting-Lu|Earthquake|p2a: Kingambit\n|-supereffective|p2a: Kingambit\n|-damage|p2a: Kingambit|29\/100 par\n|move|p2a: Kingambit|Iron Head|p1a: Ting-Lu\n|-crit|p1a: Ting-Lu\n|-damage|p1a: Ting-Lu|2\/100\n|\n|-heal|p2a: Kingambit|35\/100 par|[from] item: Leftovers\n|upkeep\n|turn|19\n|\n|t:|1701110024\n|move|p1a: Ting-Lu|Earthquake|p2a: Kingambit\n|-supereffective|p2a: Kingambit\n|-damage|p2a: Kingambit|0 fnt\n|faint|p2a: Kingambit\n|-end|p2a: Kingambit|fallen1|[silent]\n|\n|upkeep\n|\n|t:|1701110029\n|switch|p2a: Gholdengo|Gholdengo|77\/100\n|-damage|p2a: Gholdengo|71\/100|[from] Stealth Rock\n|turn|20\n|\n|t:|1701110040\n|switch|p1a: Ogerpon|Ogerpon-Wellspring, F|100\/100\n|move|p2a: Gholdengo|Shadow Ball|p1a: Ogerpon\n|-damage|p1a: Ogerpon|61\/100\n|\n|-heal|p2a: Gholdengo|77\/100|[from] item: Leftovers\n|upkeep\n|turn|21\n|\n|t:|1701110055\n|switch|p2a: Dragapult|Dragapult, F|48\/100\n|-damage|p2a: Dragapult|35\/100|[from] Stealth Rock\n|move|p1a: Ogerpon|U-turn|p2a: Dragapult\n|-resisted|p2a: Dragapult\n|-damage|p2a: Dragapult|16\/100\n|\n|t:|1701110061\n|switch|p1a: Jirachi|Jirachi|100\/100|[from] U-turn\n|\n|upkeep\n|turn|22\n|\n|t:|1701110070\n|move|p1a: Jirachi|U-turn|p2a: Dragapult\n|-resisted|p2a: Dragapult\n|-damage|p2a: Dragapult|2\/100\n|\n|t:|1701110084\n|switch|p1a: Ogerpon|Ogerpon-Wellspring, F|61\/100|[from] U-turn\n|move|p2a: Dragapult|Will-O-Wisp|p1a: Ogerpon\n|-status|p1a: Ogerpon|brn\n|\n|-damage|p1a: Ogerpon|55\/100 brn|[from] brn\n|upkeep\n|turn|23\n|\n|t:|1701110092\n|move|p2a: Dragapult|Thunderbolt|p1a: Ogerpon\n|-damage|p1a: Ogerpon|23\/100 brn\n|move|p1a: Ogerpon|Ivy Cudgel|p2a: Dragapult|[anim] Ivy Cudgel Water\n|-resisted|p2a: Dragapult\n|-damage|p2a: Dragapult|0 fnt\n|faint|p2a: Dragapult\n|\n|-damage|p1a: Ogerpon|17\/100 brn|[from] brn\n|upkeep\n|\n|t:|1701110102\n|switch|p2a: Gholdengo|Gholdengo|77\/100\n|-damage|p2a: Gholdengo|71\/100|[from] Stealth Rock\n|turn|24\n|\n|t:|1701110107\n|move|p1a: Ogerpon|Ivy Cudgel|p2a: Gholdengo|[anim] Ivy Cudgel Water\n|-damage|p2a: Gholdengo|50\/100\n|move|p2a: Gholdengo|Nasty Plot|p2a: Gholdengo\n|-boost|p2a: Gholdengo|spa|2\n|\n|-heal|p2a: Gholdengo|56\/100|[from] item: Leftovers\n|-damage|p1a: Ogerpon|11\/100 brn|[from] brn\n|upkeep\n|turn|25\n|\n|t:|1701110117\n|move|p1a: Ogerpon|Ivy Cudgel|p2a: Gholdengo|[anim] Ivy Cudgel Water\n|-damage|p2a: Gholdengo|35\/100\n|move|p2a: Gholdengo|Recover|p2a: Gholdengo\n|-heal|p2a: Gholdengo|85\/100\n|\n|-heal|p2a: Gholdengo|91\/100|[from] item: Leftovers\n|-damage|p1a: Ogerpon|5\/100 brn|[from] brn\n|upkeep\n|turn|26\n|\n|t:|1701110125\n|move|p1a: Ogerpon|Ivy Cudgel|p2a: Gholdengo|[anim] Ivy Cudgel Water\n|-damage|p2a: Gholdengo|72\/100\n|move|p2a: Gholdengo|Recover|p2a: Gholdengo\n|-heal|p2a: Gholdengo|100\/100\n|\n|-damage|p1a: Ogerpon|0 fnt|[from] brn\n|faint|p1a: Ogerpon\n|upkeep\n|\n|t:|1701110133\n|switch|p1a: Jirachi|Jirachi|100\/100\n|turn|27\n|\n|t:|1701110139\n|move|p1a: Jirachi|Healing Wish|p1a: Jirachi\n|faint|p1a: Jirachi\n|move|p2a: Gholdengo|Shadow Ball|p1: Jirachi|[notarget]\n|-fail|p2a: Gholdengo\n|\n|upkeep\n|\n|t:|1701110142\n|switch|p1a: Ting-Lu|Ting-Lu|2\/100\n|-heal|p1a: Ting-Lu|100\/100|[from] move: Healing Wish\n|-ability|p1a: Ting-Lu|Vessel of Ruin\n|turn|28\n|\n|t:|1701110155\n|switch|p2a: Garganacl|Garganacl, F|88\/100\n|-damage|p2a: Garganacl|76\/100|[from] Stealth Rock\n|move|p1a: Ting-Lu|Ruination|p2a: Garganacl\n|-damage|p2a: Garganacl|38\/100\n|\n|-heal|p2a: Garganacl|44\/100|[from] item: Leftovers\n|upkeep\n|turn|29\n|\n|t:|1701110164\n|move|p1a: Ting-Lu|Earthquake|p2a: Garganacl\n|-supereffective|p2a: Garganacl\n|-damage|p2a: Garganacl|0 fnt\n|faint|p2a: Garganacl\n|\n|upkeep\n|\n|t:|1701110170\n|switch|p2a: Dragonite|Dragonite, F|100\/100\n|turn|30\n|\n|t:|1701110176\n|move|p2a: Dragonite|Dragon Dance|p2a: Dragonite\n|-boost|p2a: Dragonite|atk|1\n|-boost|p2a: Dragonite|spe|1\n|move|p1a: Ting-Lu|Ruination|p2a: Dragonite\n|-damage|p2a: Dragonite|51\/100\n|\n|upkeep\n|turn|31\n|\n|t:|1701110183\n|move|p2a: Dragonite|Dragon Dance|p2a: Dragonite\n|-boost|p2a: Dragonite|atk|1\n|-boost|p2a: Dragonite|spe|1\n|move|p1a: Ting-Lu|Stone Edge|p2a: Dragonite\n|-supereffective|p2a: Dragonite\n|-damage|p2a: Dragonite|0 fnt\n|faint|p2a: Dragonite\n|\n|upkeep\n|\n|t:|1701110190\n|switch|p2a: Gholdengo|Gholdengo|100\/100\n|-damage|p2a: Gholdengo|94\/100|[from] Stealth Rock\n|turn|32\n|\n|t:|1701110195\n|move|p2a: Gholdengo|Nasty Plot|p2a: Gholdengo\n|-boost|p2a: Gholdengo|spa|2\n|move|p1a: Ting-Lu|Ruination|p2a: Gholdengo\n|-damage|p2a: Gholdengo|47\/100\n|\n|-heal|p2a: Gholdengo|54\/100|[from] item: Leftovers\n|upkeep\n|turn|33\n|\n|t:|1701110204\n|move|p2a: Gholdengo|Nasty Plot|p2a: Gholdengo\n|-boost|p2a: Gholdengo|spa|2\n|move|p1a: Ting-Lu|Earthquake|p2a: Gholdengo\n|-supereffective|p2a: Gholdengo\n|-damage|p2a: Gholdengo|0 fnt\n|faint|p2a: Gholdengo\n|\n|win|sampDLC\n|raw|sampDLC's rating: 1657 &rarr; <strong>1677<\/strong><br \/>(+20 for winning)\n|raw|Yibril's rating: 1655 &rarr; <strong>1635<\/strong><br \/>(-20 for losing)\n|l|\u2606Yibril\n|l| Ran Kob\n|c|\u2606sampDLC|gg\n","uploadtime":1701110214,"views":8,"p1id":"sampdlc","p2id":"yibril","formatid":"gen9ou","rating":1635,"private":0,"password":""}