{"id":"gen9ou-1989357943","p1":"S3PP1","p2":"BeardoftheRed","format":"[Gen 9] OU","log":"|j|\u2606S3PP1\n|j|\u2606BeardoftheRed\n|t:|1699840342\n|gametype|singles\n|player|p1|S3PP1|chuck|\n|player|p2|BeardoftheRed|101|\n|teamsize|p1|6\n|teamsize|p2|6\n|gen|9\n|tier|[Gen 9] OU\n|rule|Sleep Clause Mod: Limit one foe put to sleep\n|rule|Species Clause: Limit one of each Pok\u00e9mon\n|rule|OHKO Clause: OHKO moves are banned\n|rule|Evasion Items Clause: Evasion items are banned\n|rule|Evasion Moves Clause: Evasion moves are banned\n|rule|Endless Battle Clause: Forcing endless battles is banned\n|rule|HP Percentage Mod: HP is shown in percentages\n|clearpoke\n|poke|p1|Samurott-Hisui, M|\n|poke|p1|Ting-Lu|\n|poke|p1|Amoonguss, M|\n|poke|p1|Noivern, F|\n|poke|p1|Quagsire, M|\n|poke|p1|Heracross, M|\n|poke|p2|Cinderace, F|\n|poke|p2|Mamoswine, F|\n|poke|p2|Grimmsnarl, M|\n|poke|p2|Gligar, M|\n|poke|p2|Barraskewda, F|\n|poke|p2|Muk, M|\n|teampreview\n|inactive|Battle timer is ON: inactive players will automatically lose when time's up. (requested by S3PP1)\n|inactive|BeardoftheRed also wants the timer to be on.\n|\n|t:|1699840357\n|start\n|switch|p1a: Sir Edgelord|Samurott-Hisui, M|100\/100\n|switch|p2a: Gligar|Gligar, M|100\/100\n|turn|1\n|\n|t:|1699840365\n|move|p2a: Gligar|Stealth Rock|p1a: Sir Edgelord\n|-sidestart|p1: S3PP1|move: Stealth Rock\n|move|p1a: Sir Edgelord|Ceaseless Edge|p2a: Gligar\n|-damage|p2a: Gligar|65\/100\n|-sidestart|p2: BeardoftheRed|Spikes\n|\n|-heal|p2a: Gligar|71\/100|[from] item: Leftovers\n|upkeep\n|turn|2\n|\n|t:|1699840375\n|-terastallize|p2a: Gligar|Ground\n|move|p1a: Sir Edgelord|Swords Dance|p1a: Sir Edgelord\n|-boost|p1a: Sir Edgelord|atk|2\n|move|p2a: Gligar|High Horsepower|p1a: Sir Edgelord|[miss]\n|-miss|p2a: Gligar|p1a: Sir Edgelord\n|\n|-heal|p2a: Gligar|77\/100|[from] item: Leftovers\n|upkeep\n|turn|3\n|j| CRIPPYwitdaGRIPPY\n|\n|t:|1699840386\n|move|p2a: Gligar|Wing Attack|p1a: Sir Edgelord\n|-damage|p1a: Sir Edgelord|73\/100\n|move|p1a: Sir Edgelord|Ceaseless Edge|p2a: Gligar\n|-damage|p2a: Gligar|8\/100\n|-sidestart|p2: BeardoftheRed|Spikes\n|\n|-heal|p2a: Gligar|14\/100|[from] item: Leftovers\n|upkeep\n|turn|4\n|\n|t:|1699840394\n|move|p1a: Sir Edgelord|Aqua Jet|p2a: Gligar\n|-supereffective|p2a: Gligar\n|-damage|p2a: Gligar|0 fnt\n|faint|p2a: Gligar\n|\n|upkeep\n|\n|t:|1699840403\n|switch|p2a: Cinderace|Cinderace, F|100\/100\n|-damage|p2a: Cinderace|84\/100|[from] Spikes\n|turn|5\n|\n|t:|1699840424\n|move|p1a: Sir Edgelord|Aqua Jet|p2a: Cinderace\n|-supereffective|p2a: Cinderace\n|-damage|p2a: Cinderace|0 fnt\n|faint|p2a: Cinderace\n|\n|upkeep\n|\n|t:|1699840433\n|switch|p2a: Muk|Muk, M|100\/100\n|-damage|p2a: Muk|84\/100|[from] Spikes\n|turn|6\n|\n|t:|1699840440\n|move|p2a: Muk|Acid Armor|p2a: Muk\n|-boost|p2a: Muk|def|2\n|move|p1a: Sir Edgelord|Aqua Cutter|p2a: Muk\n|-damage|p2a: Muk|33\/100\n|\n|upkeep\n|turn|7\n|\n|t:|1699840448\n|move|p2a: Muk|Acid Armor|p2a: Muk\n|-boost|p2a: Muk|def|2\n|move|p1a: Sir Edgelord|Aqua Cutter|p2a: Muk\n|-damage|p2a: Muk|0 fnt\n|faint|p2a: Muk\n|\n|upkeep\n|\n|t:|1699840456\n|switch|p2a: Grimmsnarl|Grimmsnarl, M|100\/100\n|-damage|p2a: Grimmsnarl|84\/100|[from] Spikes\n|turn|8\n|\n|t:|1699840476\n|move|p2a: Grimmsnarl|Protect|p2a: Grimmsnarl\n|-singleturn|p2a: Grimmsnarl|Protect\n|move|p1a: Sir Edgelord|Aqua Cutter|p2a: Grimmsnarl\n|-activate|p2a: Grimmsnarl|move: Protect\n|\n|-heal|p2a: Grimmsnarl|90\/100|[from] item: Leftovers\n|upkeep\n|turn|9\n|\n|t:|1699840484\n|move|p2a: Grimmsnarl|Sucker Punch|p1a: Sir Edgelord\n|-resisted|p1a: Sir Edgelord\n|-damage|p1a: Sir Edgelord|55\/100\n|move|p1a: Sir Edgelord|Ceaseless Edge|p2a: Grimmsnarl|[miss]\n|-miss|p1a: Sir Edgelord|p2a: Grimmsnarl\n|\n|-heal|p2a: Grimmsnarl|96\/100|[from] item: Leftovers\n|upkeep\n|turn|10\n|\n|t:|1699840491\n|move|p1a: Sir Edgelord|Aqua Cutter|p2a: Grimmsnarl\n|-damage|p2a: Grimmsnarl|0 fnt\n|faint|p2a: Grimmsnarl\n|\n|upkeep\n|\n|t:|1699840498\n|switch|p2a: Mamoswine|Mamoswine, F|100\/100\n|turn|11\n|\n|t:|1699840511\n|move|p1a: Sir Edgelord|Aqua Jet|p2a: Mamoswine\n|-supereffective|p2a: Mamoswine\n|-damage|p2a: Mamoswine|0 fnt\n|faint|p2a: Mamoswine\n|\n|upkeep\n|\n|t:|1699840516\n|switch|p2a: Barraskewda|Barraskewda, F|100\/100\n|-damage|p2a: Barraskewda|84\/100|[from] Spikes\n|turn|12\n|\n|t:|1699840521\n|move|p2a: Barraskewda|Ice Beam|p1a: Sir Edgelord\n|-resisted|p1a: Sir Edgelord\n|-damage|p1a: Sir Edgelord|39\/100\n|move|p1a: Sir Edgelord|Ceaseless Edge|p2a: Barraskewda\n|-damage|p2a: Barraskewda|0 fnt\n|-sidestart|p2: BeardoftheRed|Spikes\n|faint|p2a: Barraskewda\n|\n|win|S3PP1\n|l|\u2606BeardoftheRed\n","uploadtime":1699840531,"views":7,"p1id":"s3pp1","p2id":"beardofthered","formatid":"gen9ou","rating":0,"private":0,"password":""}