{"id":"gen9ou-1995329317","p1":"RadRaph","p2":"Pokenub2023","format":"[Gen 9] OU","log":"|j|\u2606RadRaph\n|j|\u203dPokenub2023\n|t:|1700554647\n|gametype|singles\n|player|p1|RadRaph|steven|\n|player|p2|Pokenub2023|alder|\n|teamsize|p1|6\n|teamsize|p2|6\n|gen|9\n|tier|[Gen 9] OU\n|rule|Sleep Clause Mod: Limit one foe put to sleep\n|rule|Species Clause: Limit one of each Pok\u00e9mon\n|rule|OHKO Clause: OHKO moves are banned\n|rule|Evasion Items Clause: Evasion items are banned\n|rule|Evasion Moves Clause: Evasion moves are banned\n|rule|Endless Battle Clause: Forcing endless battles is banned\n|rule|HP Percentage Mod: HP is shown in percentages\n|clearpoke\n|poke|p1|Dudunsparce-*, F|\n|poke|p1|Great Tusk|\n|poke|p1|Kingambit, M|\n|poke|p1|Meowscarada, M|\n|poke|p1|Pawmot, F|\n|poke|p1|Tinkaton, F|\n|poke|p2|Breloom, F|\n|poke|p2|Tatsugiri, F|\n|poke|p2|Zoroark-Hisui, M|\n|poke|p2|Persian, M|\n|poke|p2|Arboliva, F|\n|poke|p2|Cinderace, M|\n|teampreview\n|\n|t:|1700554711\n|start\n|switch|p1a: Tinkaton|Tinkaton, F|100\/100\n|switch|p2a: Breloom|Breloom, F|100\/100\n|turn|1\n|\n|t:|1700554725\n|-terastallize|p2a: Breloom|Steel\n|move|p1a: Tinkaton|Ice Hammer|p2a: Breloom\n|-resisted|p2a: Breloom\n|-damage|p2a: Breloom|86\/100\n|-unboost|p1a: Tinkaton|spe|1\n|-damage|p1a: Tinkaton|91\/100|[from] item: Life Orb\n|move|p2a: Breloom|Spore|p1a: Tinkaton\n|-status|p1a: Tinkaton|slp|[from] move: Spore\n|\n|upkeep\n|turn|2\n|\n|t:|1700554747\n|switch|p1a: Pawmot|Pawmot, F|100\/100\n|-singleturn|p2a: Breloom|move: Focus Punch\n|move|p2a: Breloom|Focus Punch|p1a: Pawmot\n|-damage|p1a: Pawmot|0 fnt\n|faint|p1a: Pawmot\n|\n|upkeep\n|\n|t:|1700554758\n|switch|p1a: Great Tusk|Great Tusk|100\/100\n|turn|3\n|\n|t:|1700554777\n|switch|p2a: Arboliva|Arboliva, F|100\/100\n|move|p1a: Great Tusk|Brick Break|p2a: Arboliva\n|-supereffective|p2a: Arboliva\n|-crit|p2a: Arboliva\n|-damage|p2a: Arboliva|0 fnt\n|faint|p2a: Arboliva\n|-damage|p1a: Great Tusk|91\/100|[from] item: Life Orb\n|\n|upkeep\n|\n|t:|1700554797\n|switch|p2a: Persian|Persian, M|100\/100\n|turn|4\n|\n|t:|1700554808\n|move|p2a: Persian|Fake Out|p1a: Great Tusk\n|-damage|p1a: Great Tusk|70\/100\n|-damage|p2a: Persian|91\/100|[from] item: Life Orb\n|cant|p1a: Great Tusk|flinch\n|\n|upkeep\n|turn|5\n|\n|t:|1700554826\n|switch|p2a: Cinderace|Cinderace, M|100\/100\n|move|p1a: Great Tusk|Brick Break|p2a: Cinderace\n|-immune|p2a: Cinderace\n|\n|upkeep\n|turn|6\n|\n|t:|1700554856\n|move|p2a: Cinderace|Hyper Voice|p1a: Great Tusk\n|-damage|p1a: Great Tusk|6\/100\n|move|p1a: Great Tusk|Earthquake|p2a: Cinderace\n|-enditem|p2a: Cinderace|Focus Sash\n|-damage|p2a: Cinderace|1\/100\n|replace|p2a: Zoroark|Zoroark-Hisui, M\n|-end|p2a: Zoroark|Illusion\n|-damage|p1a: Great Tusk|0 fnt|[from] item: Life Orb\n|faint|p1a: Great Tusk\n|-end|p1a: Great Tusk|Protosynthesis|[silent]\n|\n|upkeep\n|\n|t:|1700554870\n|switch|p1a: Meowscarada|Meowscarada, M|100\/100\n|turn|7\n|\n|t:|1700554883\n|move|p1a: Meowscarada|Flower Trick|p2a: Zoroark\n|-start|p1a: Meowscarada|typechange|Grass|[from] ability: Protean\n|-crit|p2a: Zoroark\n|-damage|p2a: Zoroark|0 fnt\n|faint|p2a: Zoroark\n|-damage|p1a: Meowscarada|91\/100|[from] item: Life Orb\n|\n|upkeep\n|\n|t:|1700554917\n|switch|p2a: Cinderace|Cinderace, M|100\/100\n|turn|8\n|\n|t:|1700554935\n|move|p1a: Meowscarada|Sucker Punch|p2a: Cinderace\n|-damage|p2a: Cinderace|62\/100\n|-damage|p1a: Meowscarada|81\/100|[from] item: Life Orb\n|move|p2a: Cinderace|High Jump Kick|p1a: Meowscarada\n|-start|p2a: Cinderace|typechange|Fighting|[from] ability: Libero\n|-damage|p1a: Meowscarada|0 fnt\n|faint|p1a: Meowscarada\n|\n|upkeep\n|\n|t:|1700554949\n|switch|p1a: Tinkaton|Tinkaton, F|91\/100 slp\n|turn|9\n|\n|t:|1700554962\n|move|p2a: Cinderace|Pyro Ball|p1a: Tinkaton\n|-supereffective|p1a: Tinkaton\n|-damage|p1a: Tinkaton|0 fnt\n|faint|p1a: Tinkaton\n|\n|upkeep\n|\n|t:|1700554969\n|switch|p1a: Dudunsparce|Dudunsparce, F|100\/100\n|turn|10\n|\n|t:|1700554984\n|move|p2a: Cinderace|High Jump Kick|p1a: Dudunsparce|[miss]\n|-miss|p2a: Cinderace|p1a: Dudunsparce\n|-damage|p2a: Cinderace|12\/100|[from] highjumpkick\n|move|p1a: Dudunsparce|Earthquake|p2a: Cinderace\n|-damage|p2a: Cinderace|0 fnt\n|faint|p2a: Cinderace\n|\n|upkeep\n|\n|t:|1700554997\n|switch|p2a: Breloom|Breloom, F, tera:Steel|86\/100\n|turn|11\n|\n|t:|1700555015\n|move|p2a: Breloom|Spore|p1a: Dudunsparce\n|-status|p1a: Dudunsparce|slp|[from] move: Spore\n|cant|p1a: Dudunsparce|slp\n|\n|upkeep\n|turn|12\n|\n|t:|1700555027\n|move|p2a: Breloom|Substitute|p2a: Breloom\n|-start|p2a: Breloom|Substitute\n|-damage|p2a: Breloom|61\/100\n|-curestatus|p1a: Dudunsparce|slp|[msg]\n|move|p1a: Dudunsparce|Earthquake|p2a: Breloom\n|-supereffective|p2a: Breloom\n|-end|p2a: Breloom|Substitute\n|\n|upkeep\n|turn|13\n|\n|t:|1700555044\n|move|p2a: Breloom|Spore|p1a: Dudunsparce\n|-status|p1a: Dudunsparce|slp|[from] move: Spore\n|cant|p1a: Dudunsparce|slp\n|\n|upkeep\n|turn|14\n|\n|t:|1700555055\n|move|p2a: Breloom|Substitute|p2a: Breloom\n|-start|p2a: Breloom|Substitute\n|-damage|p2a: Breloom|36\/100\n|cant|p1a: Dudunsparce|slp\n|\n|upkeep\n|turn|15\n|\n|t:|1700555071\n|-singleturn|p2a: Breloom|move: Focus Punch\n|-curestatus|p1a: Dudunsparce|slp|[msg]\n|move|p1a: Dudunsparce|Earthquake|p2a: Breloom\n|-supereffective|p2a: Breloom\n|-end|p2a: Breloom|Substitute\n|move|p2a: Breloom|Focus Punch|p1a: Dudunsparce\n|-supereffective|p1a: Dudunsparce\n|-damage|p1a: Dudunsparce|12\/100\n|\n|-heal|p1a: Dudunsparce|18\/100|[from] item: Leftovers\n|upkeep\n|turn|16\n|\n|t:|1700555097\n|move|p2a: Breloom|Spore|p1a: Dudunsparce\n|-status|p1a: Dudunsparce|slp|[from] move: Spore\n|cant|p1a: Dudunsparce|slp\n|\n|-heal|p1a: Dudunsparce|24\/100 slp|[from] item: Leftovers\n|upkeep\n|turn|17\n|\n|t:|1700555109\n|move|p2a: Breloom|Substitute|p2a: Breloom\n|-start|p2a: Breloom|Substitute\n|-damage|p2a: Breloom|12\/100\n|cant|p1a: Dudunsparce|slp\n|\n|-heal|p1a: Dudunsparce|30\/100 slp|[from] item: Leftovers\n|upkeep\n|turn|18\n|\n|t:|1700555127\n|-singleturn|p2a: Breloom|move: Focus Punch\n|cant|p1a: Dudunsparce|slp\n|move|p2a: Breloom|Focus Punch|p1a: Dudunsparce\n|-supereffective|p1a: Dudunsparce\n|-damage|p1a: Dudunsparce|0 fnt\n|faint|p1a: Dudunsparce\n|\n|upkeep\n|\n|t:|1700555137\n|switch|p1a: Kingambit|Kingambit, M|100\/100\n|-activate|p1a: Kingambit|ability: Supreme Overlord\n|-start|p1a: Kingambit|fallen5|[silent]\n|turn|19\n|\n|t:|1700555145\n|-singleturn|p2a: Breloom|move: Focus Punch\n|move|p1a: Kingambit|Sucker Punch|p2a: Breloom\n|-end|p2a: Breloom|Substitute\n|move|p2a: Breloom|Focus Punch|p1a: Kingambit\n|-supereffective|p1a: Kingambit\n|-damage|p1a: Kingambit|0 fnt\n|faint|p1a: Kingambit\n|-end|p1a: Kingambit|fallen5|[silent]\n|\n|win|Pokenub2023\n|l|\u2606RadRaph\n","uploadtime":1700555180,"views":4,"p1id":"radraph","p2id":"pokenub2023","formatid":"gen9ou","rating":0,"private":0,"password":""}