{"id":"gen9ou-2000049673","p1":"southwest road","p2":"RggV","format":"[Gen 9] OU","log":"|j|\u2606southwest road\n|j|\u2606RggV\n|t:|1701146110\n|gametype|singles\n|player|p1|southwest road|lillie-masters2|1579\n|player|p2|RggV|#wcop2023latinamerica|1763\n|teamsize|p1|6\n|teamsize|p2|6\n|gen|9\n|tier|[Gen 9] OU\n|rated|\n|rule|Sleep Clause Mod: Limit one foe put to sleep\n|rule|Species Clause: Limit one of each Pok\u00e9mon\n|rule|OHKO Clause: OHKO moves are banned\n|rule|Evasion Items Clause: Evasion items are banned\n|rule|Evasion Moves Clause: Evasion moves are banned\n|rule|Endless Battle Clause: Forcing endless battles is banned\n|rule|HP Percentage Mod: HP is shown in percentages\n|clearpoke\n|poke|p1|Dragapult, M|\n|poke|p1|Heatran, M|\n|poke|p1|Zapdos|\n|poke|p1|Samurott-Hisui, M|\n|poke|p1|Great Tusk|\n|poke|p1|Okidogi, M|\n|poke|p2|Infernape, F|\n|poke|p2|Ribombee, M|\n|poke|p2|Gholdengo|\n|poke|p2|Manaphy|\n|poke|p2|Landorus-Therian, M|\n|poke|p2|Kommo-o, F|\n|teampreview\n|inactive|Battle timer is ON: inactive players will automatically lose when time's up. (requested by RggV)\n|inactive|RggV has 120 seconds left.\n|\n|t:|1701146140\n|start\n|switch|p1a: Heatran|Heatran, M|100\/100\n|switch|p2a: Ribombee|Ribombee, M|100\/100\n|turn|1\n|\n|t:|1701146158\n|move|p2a: Ribombee|Sticky Web|p1a: Heatran\n|-sidestart|p1: southwest road|move: Sticky Web\n|move|p1a: Heatran|Stealth Rock|p2a: Ribombee\n|-sidestart|p2: RggV|move: Stealth Rock\n|\n|upkeep\n|turn|2\n|j| xxCOALLAxx\n|\n|t:|1701146188\n|move|p2a: Ribombee|Stun Spore|p1a: Heatran\n|-status|p1a: Heatran|par\n|move|p1a: Heatran|Magma Storm|p2a: Ribombee\n|-supereffective|p2a: Ribombee\n|-enditem|p2a: Ribombee|Focus Sash\n|-damage|p2a: Ribombee|1\/100\n|-activate|p2a: Ribombee|move: Magma Storm|[of] p1a: Heatran\n|\n|-damage|p2a: Ribombee|0 fnt|[from] move: Magma Storm|[partiallytrapped]\n|faint|p2a: Ribombee\n|upkeep\n|\n|t:|1701146192\n|switch|p2a: Manaphy|Manaphy|100\/100\n|-damage|p2a: Manaphy|88\/100|[from] Stealth Rock\n|turn|3\n|\n|t:|1701146201\n|switch|p1a: Zapdos|Zapdos|100\/100\n|move|p2a: Manaphy|Tail Glow|p2a: Manaphy\n|-boost|p2a: Manaphy|spa|3\n|\n|-heal|p2a: Manaphy|94\/100|[from] item: Leftovers\n|upkeep\n|turn|4\n|\n|t:|1701146205\n|-terastallize|p1a: Zapdos|Electric\n|move|p1a: Zapdos|Thunderbolt|p2a: Manaphy\n|-supereffective|p2a: Manaphy\n|-damage|p2a: Manaphy|0 fnt\n|faint|p2a: Manaphy\n|\n|upkeep\n|\n|t:|1701146210\n|switch|p2a: Landorus|Landorus-Therian, M|100\/100\n|-damage|p2a: Landorus|88\/100|[from] Stealth Rock\n|-ability|p2a: Landorus|Intimidate|boost\n|-unboost|p1a: Zapdos|atk|1\n|turn|5\n|\n|t:|1701146235\n|switch|p1a: Dragapult|Dragapult, M|100\/100\n|move|p2a: Landorus|Earthquake|p1a: Dragapult\n|-damage|p1a: Dragapult|17\/100\n|\n|-heal|p2a: Landorus|94\/100|[from] item: Leftovers\n|upkeep\n|turn|6\n|\n|t:|1701146241\n|move|p1a: Dragapult|Will-O-Wisp|p2a: Landorus\n|-status|p2a: Landorus|brn\n|move|p2a: Landorus|Earthquake|p1a: Dragapult\n|-damage|p1a: Dragapult|0 fnt\n|faint|p1a: Dragapult\n|\n|-heal|p2a: Landorus|99\/100 brn|[from] item: Leftovers\n|-damage|p2a: Landorus|94\/100 brn|[from] brn\n|upkeep\n|\n|t:|1701146249\n|switch|p1a: Great Tusk|Great Tusk|100\/100\n|-activate|p1a: Great Tusk|move: Sticky Web\n|-unboost|p1a: Great Tusk|spe|1\n|-enditem|p1a: Great Tusk|Booster Energy\n|-activate|p1a: Great Tusk|ability: Protosynthesis|[fromitem]\n|-start|p1a: Great Tusk|protosynthesisatk\n|turn|7\n|\n|t:|1701146258\n|switch|p2a: McFries|Gholdengo|100\/100\n|-damage|p2a: McFries|94\/100|[from] Stealth Rock\n|-item|p2a: McFries|Air Balloon\n|move|p1a: Great Tusk|Headlong Rush|p2a: McFries\n|-immune|p2a: McFries\n|\n|upkeep\n|turn|8\n|\n|t:|1701146268\n|switch|p2a: Landorus|Landorus-Therian, M|94\/100 brn\n|-damage|p2a: Landorus|82\/100 brn|[from] Stealth Rock\n|-ability|p2a: Landorus|Intimidate|boost\n|-unboost|p1a: Great Tusk|atk|1\n|-end|p1a: Great Tusk|Protosynthesis|[silent]\n|switch|p1a: Heatran|Heatran, M|100\/100 par\n|-activate|p1a: Heatran|move: Sticky Web\n|-unboost|p1a: Heatran|spe|1\n|\n|-heal|p2a: Landorus|88\/100 brn|[from] item: Leftovers\n|-damage|p2a: Landorus|82\/100 brn|[from] brn\n|upkeep\n|turn|9\n|\n|t:|1701146275\n|move|p2a: Landorus|Earthquake|p1a: Heatran\n|-supereffective|p1a: Heatran\n|-damage|p1a: Heatran|12\/100 par\n|move|p1a: Heatran|Magma Storm|p2a: Landorus|[miss]\n|-miss|p1a: Heatran|p2a: Landorus\n|\n|-heal|p2a: Landorus|88\/100 brn|[from] item: Leftovers\n|-heal|p1a: Heatran|18\/100 par|[from] item: Leftovers\n|-damage|p2a: Landorus|82\/100 brn|[from] brn\n|upkeep\n|turn|10\n|\n|t:|1701146280\n|move|p2a: Landorus|Earthquake|p1a: Heatran\n|-supereffective|p1a: Heatran\n|-damage|p1a: Heatran|0 fnt\n|faint|p1a: Heatran\n|\n|-heal|p2a: Landorus|88\/100 brn|[from] item: Leftovers\n|-damage|p2a: Landorus|82\/100 brn|[from] brn\n|upkeep\n|\n|t:|1701146289\n|switch|p1a: Great Tusk|Great Tusk|100\/100\n|-activate|p1a: Great Tusk|move: Sticky Web\n|-unboost|p1a: Great Tusk|spe|1\n|turn|11\n|\n|t:|1701146295\n|switch|p2a: McFries|Gholdengo|94\/100\n|-damage|p2a: McFries|88\/100|[from] Stealth Rock\n|-item|p2a: McFries|Air Balloon\n|move|p1a: Great Tusk|Ice Spinner|p2a: McFries\n|-resisted|p2a: McFries\n|-damage|p2a: McFries|76\/100\n|-enditem|p2a: McFries|Air Balloon\n|\n|upkeep\n|turn|12\n|\n|t:|1701146306\n|-end|p1a: Great Tusk|Protosynthesis|[silent]\n|switch|p1a: Samurott|Samurott-Hisui, M|100\/100\n|-activate|p1a: Samurott|move: Sticky Web\n|-unboost|p1a: Samurott|spe|1\n|move|p2a: McFries|Make It Rain|p1a: Samurott\n|-resisted|p1a: Samurott\n|-damage|p1a: Samurott|55\/100\n|-unboost|p2a: McFries|spa|1\n|\n|upkeep\n|turn|13\n|\n|t:|1701146311\n|switch|p2a: Landorus|Landorus-Therian, M|82\/100 brn\n|-damage|p2a: Landorus|70\/100 brn|[from] Stealth Rock\n|-ability|p2a: Landorus|Intimidate|boost\n|-unboost|p1a: Samurott|atk|1\n|move|p1a: Samurott|Ceaseless Edge|p2a: Landorus\n|-damage|p2a: Landorus|37\/100 brn\n|-sidestart|p2: RggV|Spikes\n|\n|-heal|p2a: Landorus|43\/100 brn|[from] item: Leftovers\n|-damage|p2a: Landorus|37\/100 brn|[from] brn\n|upkeep\n|turn|14\n|\n|t:|1701146314\n|move|p2a: Landorus|Earthquake|p1a: Samurott\n|-damage|p1a: Samurott|20\/100\n|move|p1a: Samurott|Ceaseless Edge|p2a: Landorus\n|-damage|p2a: Landorus|0 fnt\n|-sidestart|p2: RggV|Spikes\n|faint|p2a: Landorus\n|\n|upkeep\n|\n|t:|1701146319\n|switch|p2a: Kommo-o|Kommo-o, F|100\/100\n|-damage|p2a: Kommo-o|94\/100|[from] Stealth Rock\n|-damage|p2a: Kommo-o|78\/100|[from] Spikes\n|turn|15\n|\n|t:|1701146322\n|switch|p1a: Zapdos|Zapdos, tera:Electric|100\/100\n|move|p2a: Kommo-o|Clangorous Soul|p2a: Kommo-o\n|-boost|p2a: Kommo-o|atk|1\n|-boost|p2a: Kommo-o|def|1\n|-boost|p2a: Kommo-o|spa|1\n|-boost|p2a: Kommo-o|spd|1\n|-boost|p2a: Kommo-o|spe|1\n|-damage|p2a: Kommo-o|45\/100\n|-enditem|p2a: Kommo-o|Throat Spray\n|-boost|p2a: Kommo-o|spa|1|[from] item: Throat Spray\n|\n|upkeep\n|turn|16\n|\n|t:|1701146326\n|move|p2a: Kommo-o|Clanging Scales|p1a: Zapdos\n|-damage|p1a: Zapdos|0 fnt\n|faint|p1a: Zapdos\n|-unboost|p2a: Kommo-o|def|1\n|\n|upkeep\n|\n|t:|1701146336\n|switch|p1a: Great Tusk|Great Tusk|100\/100\n|-activate|p1a: Great Tusk|move: Sticky Web\n|-unboost|p1a: Great Tusk|spe|1\n|turn|17\n|\n|t:|1701146339\n|move|p2a: Kommo-o|Clanging Scales|p1a: Great Tusk\n|-damage|p1a: Great Tusk|0 fnt\n|faint|p1a: Great Tusk\n|-end|p1a: Great Tusk|Protosynthesis|[silent]\n|-unboost|p2a: Kommo-o|def|1\n|\n|upkeep\n|-message|southwest road forfeited.\n|\n|win|RggV\n|raw|southwest road's rating: 1579 &rarr; <strong>1569<\/strong><br \/>(-10 for losing)\n|raw|RggV's rating: 1763 &rarr; <strong>1773<\/strong><br \/>(+10 for winning)\n|l|\u2606southwest road\n|l|\u2606RggV\n","uploadtime":1701146352,"views":18,"p1id":"southwestroad","p2id":"rggv","formatid":"gen9ou","rating":1569,"private":0,"password":""}