{"id":"gen9ou-2000665286","p1":"muffy54683","p2":"Jayteejay10","format":"[Gen 9] OU","log":"|j|\u2606muffy54683\n|j|\u2606Jayteejay10\n|t:|1701216291\n|gametype|singles\n|player|p1|muffy54683|1|1441\n|player|p2|Jayteejay10|rika|1518\n|teamsize|p1|6\n|teamsize|p2|6\n|gen|9\n|tier|[Gen 9] OU\n|rated|\n|rule|Sleep Clause Mod: Limit one foe put to sleep\n|rule|Species Clause: Limit one of each Pok\u00e9mon\n|rule|OHKO Clause: OHKO moves are banned\n|rule|Evasion Items Clause: Evasion items are banned\n|rule|Evasion Moves Clause: Evasion moves are banned\n|rule|Endless Battle Clause: Forcing endless battles is banned\n|rule|HP Percentage Mod: HP is shown in percentages\n|clearpoke\n|poke|p1|Iron Valiant|\n|poke|p1|Dragonite, M|\n|poke|p1|Great Tusk|\n|poke|p1|Thundurus, M|\n|poke|p1|Samurott-Hisui, M|\n|poke|p1|Landorus-Therian, M|\n|poke|p2|Great Tusk|\n|poke|p2|Mandibuzz, F|\n|poke|p2|Slowking-Galar, M|\n|poke|p2|Walking Wake|\n|poke|p2|Gholdengo|\n|poke|p2|Ting-Lu|\n|teampreview\n|inactive|Battle timer is ON: inactive players will automatically lose when time's up. (requested by Jayteejay10)\n|inactive|muffy54683 also wants the timer to be on.\n|\n|t:|1701216298\n|start\n|switch|p1a: Landorus|Landorus-Therian, M|100\/100\n|switch|p2a: Ting-Lu|Ting-Lu|100\/100\n|-ability|p1a: Landorus|Intimidate|boost\n|-unboost|p2a: Ting-Lu|atk|1\n|-ability|p2a: Ting-Lu|Vessel of Ruin\n|turn|1\n|\n|t:|1701216318\n|move|p1a: Landorus|U-turn|p2a: Ting-Lu\n|-supereffective|p2a: Ting-Lu\n|-damage|p2a: Ting-Lu|79\/100\n|\n|t:|1701216321\n|switch|p1a: Dragonite|Dragonite, M|100\/100|[from] U-turn\n|move|p2a: Ting-Lu|Spikes|p1a: Dragonite\n|-sidestart|p1: muffy54683|Spikes\n|\n|-heal|p2a: Ting-Lu|85\/100|[from] item: Leftovers\n|upkeep\n|turn|2\n|\n|t:|1701216332\n|move|p1a: Dragonite|Encore|p2a: Ting-Lu\n|-start|p2a: Ting-Lu|Encore\n|move|p2a: Ting-Lu|Spikes|p1a: Dragonite\n|-sidestart|p1: muffy54683|Spikes\n|\n|-heal|p2a: Ting-Lu|92\/100|[from] item: Leftovers\n|upkeep\n|turn|3\n|\n|t:|1701216339\n|switch|p2a: Mandibuzz|Mandibuzz, F|100\/100\n|move|p1a: Dragonite|Earthquake|p2a: Mandibuzz\n|-immune|p2a: Mandibuzz\n|\n|upkeep\n|turn|4\n|\n|t:|1701216346\n|switch|p1a: Samurott|Samurott-Hisui, M|100\/100\n|-damage|p1a: Samurott|84\/100|[from] Spikes\n|move|p2a: Mandibuzz|U-turn|p1a: Samurott\n|-supereffective|p1a: Samurott\n|-damage|p1a: Samurott|55\/100\n|\n|t:|1701216358\n|switch|p2a: Walking Wake|Walking Wake|100\/100|[from] U-turn\n|\n|upkeep\n|turn|5\n|\n|t:|1701216365\n|move|p2a: Walking Wake|Draco Meteor|p1a: Samurott\n|-damage|p1a: Samurott|0 fnt\n|-unboost|p2a: Walking Wake|spa|2\n|faint|p1a: Samurott\n|\n|upkeep\n|\n|t:|1701216376\n|switch|p1a: Thundurus|Thundurus, M|100\/100\n|turn|6\n|\n|t:|1701216381\n|-end|p2a: Walking Wake|Protosynthesis|[silent]\n|switch|p2a: Slowking|Slowking-Galar, M|100\/100\n|move|p1a: Thundurus|Grass Knot|p2a: Slowking\n|-resisted|p2a: Slowking\n|-damage|p2a: Slowking|89\/100\n|\n|upkeep\n|turn|7\n|\n|t:|1701216389\n|move|p1a: Thundurus|Thunderbolt|p2a: Slowking\n|-damage|p2a: Slowking|54\/100\n|-status|p2a: Slowking|par\n|move|p2a: Slowking|Future Sight|p1a: Thundurus\n|-start|p2a: Slowking|move: Future Sight\n|\n|upkeep\n|turn|8\n|\n|t:|1701216395\n|move|p1a: Thundurus|Thunderbolt|p2a: Slowking\n|-damage|p2a: Slowking|15\/100 par\n|cant|p2a: Slowking|par\n|\n|upkeep\n|turn|9\n|\n|t:|1701216405\n|switch|p1a: Landorus|Landorus-Therian, M|100\/100\n|-ability|p1a: Landorus|Intimidate|boost\n|-unboost|p2a: Slowking|atk|1\n|cant|p2a: Slowking|par\n|\n|-end|p1a: Landorus|move: Future Sight\n|-damage|p1a: Landorus|73\/100\n|upkeep\n|turn|10\n|\n|t:|1701216416\n|switch|p2a: Mandibuzz|Mandibuzz, F|100\/100\n|move|p1a: Landorus|Grass Knot|p2a: Mandibuzz\n|-resisted|p2a: Mandibuzz\n|-damage|p2a: Mandibuzz|94\/100\n|\n|upkeep\n|turn|11\n|\n|t:|1701216423\n|move|p1a: Landorus|Stone Edge|p2a: Mandibuzz\n|-supereffective|p2a: Mandibuzz\n|-damage|p2a: Mandibuzz|60\/100\n|move|p2a: Mandibuzz|Foul Play|p1a: Landorus\n|-damage|p1a: Landorus|28\/100\n|\n|upkeep\n|turn|12\n|\n|t:|1701216429\n|move|p1a: Landorus|U-turn|p2a: Mandibuzz\n|-damage|p2a: Mandibuzz|49\/100\n|\n|t:|1701216442\n|switch|p1a: Thundurus|Thundurus, M|100\/100|[from] U-turn\n|move|p2a: Mandibuzz|Roost|p2a: Mandibuzz\n|-heal|p2a: Mandibuzz|99\/100\n|-singleturn|p2a: Mandibuzz|move: Roost\n|\n|upkeep\n|turn|13\n|inactive|Jayteejay10 has 120 seconds left.\n|\n|t:|1701216473\n|switch|p2a: Ting-Lu|Ting-Lu|92\/100\n|-ability|p2a: Ting-Lu|Vessel of Ruin\n|move|p1a: Thundurus|Thunderbolt|p2a: Ting-Lu\n|-immune|p2a: Ting-Lu\n|\n|-heal|p2a: Ting-Lu|98\/100|[from] item: Leftovers\n|upkeep\n|turn|14\n|\n|t:|1701216480\n|move|p1a: Thundurus|Taunt|p2a: Ting-Lu\n|-hint|Since gen 7, Dark is immune to Prankster moves.\n|-immune|p2a: Ting-Lu\n|move|p2a: Ting-Lu|Ruination|p1a: Thundurus\n|-damage|p1a: Thundurus|51\/100\n|\n|-heal|p2a: Ting-Lu|100\/100|[from] item: Leftovers\n|upkeep\n|turn|15\n|\n|t:|1701216492\n|move|p1a: Thundurus|Grass Knot|p2a: Ting-Lu\n|-supereffective|p2a: Ting-Lu\n|-damage|p2a: Ting-Lu|65\/100\n|move|p2a: Ting-Lu|Whirlwind|p1a: Thundurus\n|drag|p1a: Iron Valiant|Iron Valiant, shiny|100\/100\n|-damage|p1a: Iron Valiant|84\/100|[from] Spikes\n|-enditem|p1a: Iron Valiant|Booster Energy\n|-activate|p1a: Iron Valiant|ability: Quark Drive|[fromitem]\n|-start|p1a: Iron Valiant|quarkdrivespe\n|\n|-heal|p2a: Ting-Lu|72\/100|[from] item: Leftovers\n|upkeep\n|turn|16\n|\n|t:|1701216505\n|move|p1a: Iron Valiant|Calm Mind|p1a: Iron Valiant\n|-boost|p1a: Iron Valiant|spa|1\n|-boost|p1a: Iron Valiant|spd|1\n|move|p2a: Ting-Lu|Whirlwind|p1a: Iron Valiant\n|-end|p1a: Iron Valiant|Quark Drive|[silent]\n|drag|p1a: Great Tusk|Great Tusk|100\/100\n|-damage|p1a: Great Tusk|84\/100|[from] Spikes\n|-enditem|p1a: Great Tusk|Booster Energy\n|-activate|p1a: Great Tusk|ability: Protosynthesis|[fromitem]\n|-start|p1a: Great Tusk|protosynthesisspe\n|\n|-heal|p2a: Ting-Lu|78\/100|[from] item: Leftovers\n|upkeep\n|turn|17\n|\n|t:|1701216515\n|move|p1a: Great Tusk|Ice Spinner|p2a: Ting-Lu\n|-supereffective|p2a: Ting-Lu\n|-damage|p2a: Ting-Lu|52\/100\n|move|p2a: Ting-Lu|Whirlwind|p1a: Great Tusk\n|-end|p1a: Great Tusk|Protosynthesis|[silent]\n|drag|p1a: Iron Valiant|Iron Valiant, shiny|84\/100\n|-damage|p1a: Iron Valiant|67\/100|[from] Spikes\n|\n|-heal|p2a: Ting-Lu|58\/100|[from] item: Leftovers\n|upkeep\n|turn|18\n|\n|t:|1701216523\n|move|p1a: Iron Valiant|Moonblast|p2a: Ting-Lu\n|-supereffective|p2a: Ting-Lu\n|-damage|p2a: Ting-Lu|17\/100\n|move|p2a: Ting-Lu|Ruination|p1a: Iron Valiant\n|-damage|p1a: Iron Valiant|34\/100\n|\n|-heal|p2a: Ting-Lu|23\/100|[from] item: Leftovers\n|upkeep\n|turn|19\n|\n|t:|1701216531\n|move|p1a: Iron Valiant|Shadow Ball|p2a: Ting-Lu\n|-resisted|p2a: Ting-Lu\n|-damage|p2a: Ting-Lu|18\/100\n|move|p2a: Ting-Lu|Whirlwind|p1a: Iron Valiant\n|-end|p1a: Iron Valiant|Quark Drive|[silent]\n|drag|p1a: Dragonite|Dragonite, M|100\/100\n|\n|-heal|p2a: Ting-Lu|24\/100|[from] item: Leftovers\n|upkeep\n|turn|20\n|\n|t:|1701216543\n|move|p1a: Dragonite|Earthquake|p2a: Ting-Lu\n|-damage|p2a: Ting-Lu|2\/100\n|move|p2a: Ting-Lu|Ruination|p1a: Dragonite\n|-damage|p1a: Dragonite|51\/100\n|\n|-heal|p2a: Ting-Lu|8\/100|[from] item: Leftovers\n|upkeep\n|turn|21\n|\n|t:|1701216550\n|move|p1a: Dragonite|Earthquake|p2a: Ting-Lu\n|-damage|p2a: Ting-Lu|0 fnt\n|faint|p2a: Ting-Lu\n|\n|upkeep\n|\n|t:|1701216564\n|switch|p2a: Great Tusk|Great Tusk|100\/100\n|-enditem|p2a: Great Tusk|Booster Energy\n|-activate|p2a: Great Tusk|ability: Protosynthesis|[fromitem]\n|-start|p2a: Great Tusk|protosynthesisspe\n|turn|22\n|\n|t:|1701216573\n|switch|p1a: Great Tusk|Great Tusk|84\/100\n|-damage|p1a: Great Tusk|67\/100|[from] Spikes\n|move|p2a: Great Tusk|Bulk Up|p2a: Great Tusk\n|-boost|p2a: Great Tusk|atk|1\n|-boost|p2a: Great Tusk|def|1\n|\n|upkeep\n|turn|23\n|\n|t:|1701216584\n|move|p2a: Great Tusk|Ice Spinner|p1a: Great Tusk\n|-supereffective|p1a: Great Tusk\n|-damage|p1a: Great Tusk|27\/100\n|move|p1a: Great Tusk|Bulk Up|p1a: Great Tusk\n|-boost|p1a: Great Tusk|atk|1\n|-boost|p1a: Great Tusk|def|1\n|\n|upkeep\n|turn|24\n|\n|t:|1701216591\n|move|p2a: Great Tusk|Ice Spinner|p1a: Great Tusk\n|-supereffective|p1a: Great Tusk\n|-damage|p1a: Great Tusk|0 fnt\n|faint|p1a: Great Tusk\n|-end|p1a: Great Tusk|Protosynthesis|[silent]\n|\n|upkeep\n|\n|t:|1701216600\n|switch|p1a: Landorus|Landorus-Therian, M|28\/100\n|-ability|p1a: Landorus|Intimidate|boost\n|-unboost|p2a: Great Tusk|atk|1\n|turn|25\n|\n|t:|1701216610\n|move|p2a: Great Tusk|Ice Spinner|p1a: Landorus\n|-supereffective|p1a: Landorus\n|-damage|p1a: Landorus|0 fnt\n|faint|p1a: Landorus\n|\n|upkeep\n|\n|t:|1701216617\n|switch|p1a: Thundurus|Thundurus, M|51\/100\n|turn|26\n|\n|t:|1701216622\n|move|p2a: Great Tusk|Ice Spinner|p1a: Thundurus\n|-supereffective|p1a: Thundurus\n|-damage|p1a: Thundurus|0 fnt\n|faint|p1a: Thundurus\n|\n|upkeep\n|-message|muffy54683 forfeited.\n|\n|win|Jayteejay10\n|raw|muffy54683's rating: 1441 &rarr; <strong>1425<\/strong><br \/>(-16 for losing)\n|raw|Jayteejay10's rating: 1518 &rarr; <strong>1534<\/strong><br \/>(+16 for winning)\n|l|\u2606muffy54683\n","uploadtime":1701216637,"views":0,"p1id":"muffy54683","p2id":"jayteejay10","formatid":"gen9ou","rating":1425,"private":0,"password":""}