{"id":"gen9ou-1991119138","p1":"Corbinc","p2":"Hastolato","format":"[Gen 9] OU","log":"|j|\u2606Corbinc\n|j|\u2606Hastolato\n|t:|1700045843\n|gametype|singles\n|player|p1|Corbinc|ghetsis-gen5bw|1163\n|player|p2|Hastolato|102|1140\n|teamsize|p1|6\n|teamsize|p2|6\n|gen|9\n|tier|[Gen 9] OU\n|rated|\n|rule|Sleep Clause Mod: Limit one foe put to sleep\n|rule|Species Clause: Limit one of each Pok\u00e9mon\n|rule|OHKO Clause: OHKO moves are banned\n|rule|Evasion Items Clause: Evasion items are banned\n|rule|Evasion Moves Clause: Evasion moves are banned\n|rule|Endless Battle Clause: Forcing endless battles is banned\n|rule|HP Percentage Mod: HP is shown in percentages\n|clearpoke\n|poke|p1|Kommo-o, F|\n|poke|p1|Grimmsnarl, M|\n|poke|p1|Thundurus-Therian, M|\n|poke|p1|Zoroark-Hisui, F|\n|poke|p1|Wo-Chien|\n|poke|p1|Tauros-Paldea-Blaze, M|\n|poke|p2|Amoonguss, M|\n|poke|p2|Iron Moth|\n|poke|p2|Cresselia, F|\n|poke|p2|Dragapult, M|\n|poke|p2|Weavile, M|\n|poke|p2|Great Tusk|\n|teampreview\n|inactive|Battle timer is ON: inactive players will automatically lose when time's up. (requested by Corbinc)\n|inactive|Corbinc has 120 seconds left.\n|\n|t:|1700045896\n|start\n|switch|p1a: Wo-Chien|Wo-Chien|100\/100\n|switch|p2a: Great Tusk|Great Tusk|100\/100\n|-ability|p1a: Wo-Chien|Tablets of Ruin\n|turn|1\n|\n|t:|1700045908\n|-terastallize|p1a: Wo-Chien|Fairy\n|move|p2a: Great Tusk|Knock Off|p1a: Wo-Chien\n|-resisted|p1a: Wo-Chien\n|-damage|p1a: Wo-Chien|94\/100\n|-enditem|p1a: Wo-Chien|Leftovers|[from] move: Knock Off|[of] p2a: Great Tusk\n|move|p1a: Wo-Chien|Mean Look|p2a: Great Tusk\n|-activate|p2a: Great Tusk|trapped\n|\n|upkeep\n|turn|2\n|\n|t:|1700045926\n|move|p2a: Great Tusk|Stealth Rock|p1a: Wo-Chien\n|-sidestart|p1: Corbinc|move: Stealth Rock\n|move|p1a: Wo-Chien|Leech Seed|p2a: Great Tusk|[miss]\n|-miss|p1a: Wo-Chien|p2a: Great Tusk\n|\n|upkeep\n|turn|3\n|\n|t:|1700045935\n|move|p2a: Great Tusk|Headlong Rush|p1a: Wo-Chien\n|-damage|p1a: Wo-Chien|68\/100\n|-unboost|p2a: Great Tusk|def|1\n|-unboost|p2a: Great Tusk|spd|1\n|move|p1a: Wo-Chien|Leech Seed|p2a: Great Tusk\n|-start|p2a: Great Tusk|move: Leech Seed\n|\n|-damage|p2a: Great Tusk|88\/100|[from] Leech Seed|[of] p1a: Wo-Chien\n|-heal|p1a: Wo-Chien|82\/100|[silent]\n|upkeep\n|turn|4\n|\n|t:|1700045948\n|move|p2a: Great Tusk|Headlong Rush|p1a: Wo-Chien\n|-damage|p1a: Wo-Chien|56\/100\n|-unboost|p2a: Great Tusk|def|1\n|-unboost|p2a: Great Tusk|spd|1\n|move|p1a: Wo-Chien|Giga Drain|p2a: Great Tusk\n|-supereffective|p2a: Great Tusk\n|-damage|p2a: Great Tusk|0 fnt\n|-heal|p1a: Wo-Chien|100\/100|[from] drain|[of] p2a: Great Tusk\n|faint|p2a: Great Tusk\n|-end|p2a: Great Tusk|Protosynthesis|[silent]\n|\n|upkeep\n|\n|t:|1700045969\n|switch|p2a: Iron Moth|Iron Moth|100\/100\n|-enditem|p2a: Iron Moth|Booster Energy\n|-activate|p2a: Iron Moth|ability: Quark Drive|[fromitem]\n|-start|p2a: Iron Moth|quarkdrivespe\n|turn|5\n|inactive|Hastolato has 120 seconds left.\n|\n|t:|1700045994\n|switch|p1a: Tauros|Tauros-Paldea-Blaze, M|100\/100\n|-damage|p1a: Tauros|88\/100|[from] Stealth Rock\n|-ability|p1a: Tauros|Intimidate|boost\n|-unboost|p2a: Iron Moth|atk|1\n|move|p2a: Iron Moth|Sludge Wave|p1a: Tauros\n|-damage|p1a: Tauros|22\/100\n|\n|-heal|p1a: Tauros|28\/100|[from] item: Leftovers\n|upkeep\n|turn|6\n|inactive|Corbinc has 120 seconds left.\n|\n|t:|1700046052\n|move|p2a: Iron Moth|Sludge Wave|p1a: Tauros\n|-damage|p1a: Tauros|0 fnt\n|faint|p1a: Tauros\n|\n|upkeep\n|inactive|Corbinc has 90 seconds left.\n|\n|t:|1700046071\n|switch|p1a: Kommo-o|Kommo-o, F|100\/100\n|-damage|p1a: Kommo-o|94\/100|[from] Stealth Rock\n|turn|7\n|inactive|Corbinc has 90 seconds left.\n|\n|t:|1700046087\n|move|p2a: Iron Moth|Sludge Wave|p1a: Kommo-o\n|-damage|p1a: Kommo-o|37\/100\n|move|p1a: Kommo-o|Clanging Scales|p2a: Iron Moth\n|-damage|p2a: Iron Moth|51\/100\n|-unboost|p1a: Kommo-o|def|1\n|-enditem|p1a: Kommo-o|Throat Spray\n|-boost|p1a: Kommo-o|spa|1|[from] item: Throat Spray\n|\n|upkeep\n|turn|8\n|\n|t:|1700046097\n|move|p2a: Iron Moth|Sludge Wave|p1a: Kommo-o\n|-damage|p1a: Kommo-o|0 fnt\n|faint|p1a: Kommo-o\n|\n|upkeep\n|inactive|Corbinc has 90 seconds left.\n|\n|t:|1700046112\n|switch|p1a: Grimmsnarl|Grimmsnarl, M|100\/100\n|-damage|p1a: Grimmsnarl|88\/100|[from] Stealth Rock\n|turn|9\n|inactive|Corbinc has 90 seconds left.\n|inactive|Hastolato has 120 seconds left.\n|\n|t:|1700046123\n|move|p1a: Grimmsnarl|Light Screen|p1a: Grimmsnarl\n|-sidestart|p1: Corbinc|move: Light Screen\n|move|p2a: Iron Moth|Sludge Wave|p1a: Grimmsnarl\n|-supereffective|p1a: Grimmsnarl\n|-damage|p1a: Grimmsnarl|38\/100\n|\n|upkeep\n|turn|10\n|inactive|Hastolato has 120 seconds left.\n|\n|t:|1700046128\n|move|p1a: Grimmsnarl|Sucker Punch|p2a: Iron Moth\n|-damage|p2a: Iron Moth|0 fnt\n|faint|p2a: Iron Moth\n|-end|p2a: Iron Moth|Quark Drive|[silent]\n|\n|upkeep\n|inactive|Hastolato has 120 seconds left.\n|\n|t:|1700046140\n|switch|p2a: Weavile|Weavile, M|100\/100\n|-ability|p2a: Weavile|Pressure\n|turn|11\n|inactive|Hastolato has 120 seconds left.\n|inactive|Corbinc has 90 seconds left.\n|\n|t:|1700046169\n|move|p1a: Grimmsnarl|Reflect|p1a: Grimmsnarl\n|-sidestart|p1: Corbinc|Reflect\n|move|p2a: Weavile|Ice Spinner|p1a: Grimmsnarl\n|-damage|p1a: Grimmsnarl|2\/100\n|-damage|p2a: Weavile|91\/100|[from] item: Life Orb\n|\n|upkeep\n|turn|12\n|inactive|Corbinc has 90 seconds left.\n|\n|t:|1700046180\n|move|p2a: Weavile|Ice Shard|p1a: Grimmsnarl\n|-damage|p1a: Grimmsnarl|0 fnt\n|faint|p1a: Grimmsnarl\n|-damage|p2a: Weavile|81\/100|[from] item: Life Orb\n|\n|upkeep\n|\n|t:|1700046183\n|switch|p1a: Wo-Chien|Wo-Chien|100\/100\n|-damage|p1a: Wo-Chien|88\/100|[from] Stealth Rock\n|-start|p1a: Wo-Chien|typechange|Fairy|[silent]\n|turn|13\n|\n|t:|1700046197\n|switch|p2a: Amoonguss|Amoonguss, M|100\/100\n|move|p1a: Wo-Chien|Flamethrower|p2a: Amoonguss\n|-supereffective|p2a: Amoonguss\n|-damage|p2a: Amoonguss|17\/100\n|\n|-heal|p2a: Amoonguss|23\/100|[from] item: Black Sludge\n|upkeep\n|turn|14\n|inactive|Hastolato has 120 seconds left.\n|\n|t:|1700046219\n|move|p1a: Wo-Chien|Flamethrower|p2a: Amoonguss\n|-supereffective|p2a: Amoonguss\n|-damage|p2a: Amoonguss|0 fnt\n|faint|p2a: Amoonguss\n|\n|upkeep\n|\n|t:|1700046224\n|switch|p2a: Cresselia|Cresselia, F|100\/100\n|turn|15\n|\n|t:|1700046234\n|switch|p1a: Wo-Chien|Wo-Chien, tera:Fairy|100\/100\n|-damage|p1a: Wo-Chien|88\/100|[from] Stealth Rock\n|-ability|p1a: Wo-Chien|Tablets of Ruin\n|move|p2a: Cresselia|Thunder Wave|p1a: Wo-Chien\n|-status|p1a: Wo-Chien|par\n|\n|upkeep\n|turn|16\n|\n|t:|1700046257\n|move|p2a: Cresselia|Moonblast|p1a: Wo-Chien\n|-damage|p1a: Wo-Chien|82\/100 par\n|-unboost|p1a: Wo-Chien|spa|1\n|move|p1a: Wo-Chien|Mean Look|p2a: Cresselia\n|-activate|p2a: Cresselia|trapped\n|\n|-sideend|p1: Corbinc|move: Light Screen\n|upkeep\n|turn|17\n|inactive|Corbinc has 120 seconds left.\n|\n|t:|1700046270\n|move|p2a: Cresselia|Psychic|p1a: Wo-Chien\n|-damage|p1a: Wo-Chien|65\/100 par\n|move|p1a: Wo-Chien|Leech Seed|p2a: Cresselia\n|-start|p2a: Cresselia|move: Leech Seed\n|\n|-damage|p2a: Cresselia|88\/100|[from] Leech Seed|[of] p1a: Wo-Chien\n|-heal|p1a: Wo-Chien|80\/100 par|[silent]\n|upkeep\n|turn|18\n|\n|t:|1700046277\n|move|p2a: Cresselia|Psychic|p1a: Wo-Chien\n|-damage|p1a: Wo-Chien|66\/100 par\n|move|p1a: Wo-Chien|Giga Drain|p2a: Cresselia\n|-damage|p2a: Cresselia|78\/100\n|-heal|p1a: Wo-Chien|72\/100 par|[from] drain|[of] p2a: Cresselia\n|\n|-heal|p2a: Cresselia|84\/100|[from] item: Leftovers\n|-damage|p2a: Cresselia|72\/100|[from] Leech Seed|[of] p1a: Wo-Chien\n|-heal|p1a: Wo-Chien|87\/100 par|[silent]\n|-sideend|p1: Corbinc|Reflect\n|upkeep\n|turn|19\n|inactive|Corbinc has 120 seconds left.\n|inactive|Hastolato has 120 seconds left.\n|\n|t:|1700046301\n|move|p2a: Cresselia|Psychic|p1a: Wo-Chien\n|-damage|p1a: Wo-Chien|72\/100 par\n|move|p1a: Wo-Chien|Rest|p1a: Wo-Chien\n|-status|p1a: Wo-Chien|slp|[from] move: Rest\n|-heal|p1a: Wo-Chien|100\/100 slp|[silent]\n|\n|-heal|p2a: Cresselia|78\/100|[from] item: Leftovers\n|-damage|p2a: Cresselia|65\/100|[from] Leech Seed|[of] p1a: Wo-Chien\n|upkeep\n|turn|20\n|inactive|Hastolato has 120 seconds left.\n|\n|t:|1700046312\n|move|p2a: Cresselia|Moonlight|p2a: Cresselia\n|-heal|p2a: Cresselia|100\/100\n|cant|p1a: Wo-Chien|slp\n|\n|-damage|p2a: Cresselia|88\/100|[from] Leech Seed|[of] p1a: Wo-Chien\n|upkeep\n|turn|21\n|\n|t:|1700046319\n|move|p2a: Cresselia|Psychic|p1a: Wo-Chien\n|-damage|p1a: Wo-Chien|86\/100 slp\n|cant|p1a: Wo-Chien|slp\n|\n|-heal|p2a: Cresselia|94\/100|[from] item: Leftovers\n|-damage|p2a: Cresselia|82\/100|[from] Leech Seed|[of] p1a: Wo-Chien\n|-heal|p1a: Wo-Chien|100\/100 slp|[silent]\n|upkeep\n|turn|22\n|\n|t:|1700046326\n|move|p2a: Cresselia|Psychic|p1a: Wo-Chien\n|-damage|p1a: Wo-Chien|86\/100 slp\n|-curestatus|p1a: Wo-Chien|slp|[msg]\n|move|p1a: Wo-Chien|Giga Drain|p2a: Cresselia\n|-damage|p2a: Cresselia|71\/100\n|-heal|p1a: Wo-Chien|92\/100|[from] drain|[of] p2a: Cresselia\n|\n|-heal|p2a: Cresselia|77\/100|[from] item: Leftovers\n|-damage|p2a: Cresselia|65\/100|[from] Leech Seed|[of] p1a: Wo-Chien\n|-heal|p1a: Wo-Chien|100\/100|[silent]\n|upkeep\n|turn|23\n|\n|t:|1700046337\n|move|p2a: Cresselia|Thunder Wave|p1a: Wo-Chien|[miss]\n|-miss|p2a: Cresselia|p1a: Wo-Chien\n|move|p1a: Wo-Chien|Giga Drain|p2a: Cresselia\n|-damage|p2a: Cresselia|53\/100\n|\n|-heal|p2a: Cresselia|59\/100|[from] item: Leftovers\n|-damage|p2a: Cresselia|47\/100|[from] Leech Seed|[of] p1a: Wo-Chien\n|upkeep\n|turn|24\n|\n|t:|1700046345\n|move|p2a: Cresselia|Thunder Wave|p1a: Wo-Chien|[miss]\n|-miss|p2a: Cresselia|p1a: Wo-Chien\n|move|p1a: Wo-Chien|Giga Drain|p2a: Cresselia\n|-damage|p2a: Cresselia|36\/100\n|\n|-heal|p2a: Cresselia|42\/100|[from] item: Leftovers\n|-damage|p2a: Cresselia|29\/100|[from] Leech Seed|[of] p1a: Wo-Chien\n|upkeep\n|turn|25\n|\n|t:|1700046353\n|move|p2a: Cresselia|Moonlight|p2a: Cresselia\n|-heal|p2a: Cresselia|79\/100\n|move|p1a: Wo-Chien|Giga Drain|p2a: Cresselia\n|-damage|p2a: Cresselia|69\/100\n|\n|-heal|p2a: Cresselia|75\/100|[from] item: Leftovers\n|-damage|p2a: Cresselia|63\/100|[from] Leech Seed|[of] p1a: Wo-Chien\n|upkeep\n|turn|26\n|\n|t:|1700046361\n|move|p2a: Cresselia|Thunder Wave|p1a: Wo-Chien\n|-status|p1a: Wo-Chien|par\n|move|p1a: Wo-Chien|Giga Drain|p2a: Cresselia\n|-damage|p2a: Cresselia|53\/100\n|\n|-heal|p2a: Cresselia|59\/100|[from] item: Leftovers\n|-damage|p2a: Cresselia|46\/100|[from] Leech Seed|[of] p1a: Wo-Chien\n|upkeep\n|turn|27\n|\n|t:|1700046370\n|move|p2a: Cresselia|Psychic|p1a: Wo-Chien\n|-damage|p1a: Wo-Chien|85\/100 par\n|move|p1a: Wo-Chien|Giga Drain|p2a: Cresselia\n|-damage|p2a: Cresselia|35\/100\n|-heal|p1a: Wo-Chien|92\/100 par|[from] drain|[of] p2a: Cresselia\n|\n|-heal|p2a: Cresselia|41\/100|[from] item: Leftovers\n|-damage|p2a: Cresselia|29\/100|[from] Leech Seed|[of] p1a: Wo-Chien\n|-heal|p1a: Wo-Chien|100\/100 par|[silent]\n|upkeep\n|turn|28\n|\n|t:|1700046379\n|move|p2a: Cresselia|Moonlight|p2a: Cresselia\n|-heal|p2a: Cresselia|79\/100\n|cant|p1a: Wo-Chien|par\n|\n|-heal|p2a: Cresselia|85\/100|[from] item: Leftovers\n|-damage|p2a: Cresselia|72\/100|[from] Leech Seed|[of] p1a: Wo-Chien\n|upkeep\n|turn|29\n|\n|t:|1700046387\n|move|p2a: Cresselia|Psychic|p1a: Wo-Chien\n|-crit|p1a: Wo-Chien\n|-damage|p1a: Wo-Chien|77\/100 par\n|move|p1a: Wo-Chien|Giga Drain|p2a: Cresselia\n|-damage|p2a: Cresselia|61\/100\n|-heal|p1a: Wo-Chien|84\/100 par|[from] drain|[of] p2a: Cresselia\n|\n|-heal|p2a: Cresselia|67\/100|[from] item: Leftovers\n|-damage|p2a: Cresselia|54\/100|[from] Leech Seed|[of] p1a: Wo-Chien\n|-heal|p1a: Wo-Chien|99\/100 par|[silent]\n|upkeep\n|turn|30\n|\n|t:|1700046396\n|move|p2a: Cresselia|Psychic|p1a: Wo-Chien\n|-damage|p1a: Wo-Chien|83\/100 par\n|move|p1a: Wo-Chien|Giga Drain|p2a: Cresselia\n|-damage|p2a: Cresselia|42\/100\n|-heal|p1a: Wo-Chien|90\/100 par|[from] drain|[of] p2a: Cresselia\n|\n|-heal|p2a: Cresselia|48\/100|[from] item: Leftovers\n|-damage|p2a: Cresselia|36\/100|[from] Leech Seed|[of] p1a: Wo-Chien\n|-heal|p1a: Wo-Chien|100\/100 par|[silent]\n|upkeep\n|turn|31\n|\n|t:|1700046410\n|move|p2a: Cresselia|Moonlight|p2a: Cresselia\n|-heal|p2a: Cresselia|86\/100\n|move|p1a: Wo-Chien|Leech Seed||[still]\n|-fail|p1a: Wo-Chien\n|\n|-heal|p2a: Cresselia|92\/100|[from] item: Leftovers\n|-damage|p2a: Cresselia|80\/100|[from] Leech Seed|[of] p1a: Wo-Chien\n|upkeep\n|turn|32\n|\n|t:|1700046439\n|move|p2a: Cresselia|Psychic|p1a: Wo-Chien\n|-damage|p1a: Wo-Chien|83\/100 par\n|move|p1a: Wo-Chien|Giga Drain|p2a: Cresselia\n|-damage|p2a: Cresselia|69\/100\n|-heal|p1a: Wo-Chien|90\/100 par|[from] drain|[of] p2a: Cresselia\n|\n|-heal|p2a: Cresselia|75\/100|[from] item: Leftovers\n|-damage|p2a: Cresselia|63\/100|[from] Leech Seed|[of] p1a: Wo-Chien\n|-heal|p1a: Wo-Chien|100\/100 par|[silent]\n|upkeep\n|turn|33\n|\n|t:|1700046450\n|move|p2a: Cresselia|Psychic|p1a: Wo-Chien\n|-damage|p1a: Wo-Chien|84\/100 par\n|-unboost|p1a: Wo-Chien|spd|1\n|cant|p1a: Wo-Chien|par\n|\n|-heal|p2a: Cresselia|69\/100|[from] item: Leftovers\n|-damage|p2a: Cresselia|57\/100|[from] Leech Seed|[of] p1a: Wo-Chien\n|-heal|p1a: Wo-Chien|99\/100 par|[silent]\n|upkeep\n|turn|34\n|\n|t:|1700046459\n|move|p2a: Cresselia|Psychic|p1a: Wo-Chien\n|-damage|p1a: Wo-Chien|75\/100 par\n|move|p1a: Wo-Chien|Giga Drain|p2a: Cresselia\n|-damage|p2a: Cresselia|46\/100\n|-heal|p1a: Wo-Chien|81\/100 par|[from] drain|[of] p2a: Cresselia\n|\n|-heal|p2a: Cresselia|53\/100|[from] item: Leftovers\n|-damage|p2a: Cresselia|40\/100|[from] Leech Seed|[of] p1a: Wo-Chien\n|-heal|p1a: Wo-Chien|95\/100 par|[silent]\n|upkeep\n|turn|35\n|\n|t:|1700046468\n|move|p2a: Cresselia|Moonlight|p2a: Cresselia\n|-heal|p2a: Cresselia|90\/100\n|move|p1a: Wo-Chien|Leech Seed||[still]\n|-fail|p1a: Wo-Chien\n|\n|-heal|p2a: Cresselia|96\/100|[from] item: Leftovers\n|-damage|p2a: Cresselia|84\/100|[from] Leech Seed|[of] p1a: Wo-Chien\n|-heal|p1a: Wo-Chien|100\/100 par|[silent]\n|upkeep\n|turn|36\n|\n|t:|1700046477\n|move|p2a: Cresselia|Psychic|p1a: Wo-Chien\n|-crit|p1a: Wo-Chien\n|-damage|p1a: Wo-Chien|64\/100 par\n|-unboost|p1a: Wo-Chien|spd|1\n|cant|p1a: Wo-Chien|par\n|\n|-heal|p2a: Cresselia|90\/100|[from] item: Leftovers\n|-damage|p2a: Cresselia|78\/100|[from] Leech Seed|[of] p1a: Wo-Chien\n|-heal|p1a: Wo-Chien|78\/100 par|[silent]\n|upkeep\n|turn|37\n|\n|t:|1700046487\n|move|p2a: Cresselia|Psychic|p1a: Wo-Chien\n|-damage|p1a: Wo-Chien|49\/100 par\n|-unboost|p1a: Wo-Chien|spd|1\n|move|p1a: Wo-Chien|Giga Drain|p2a: Cresselia\n|-damage|p2a: Cresselia|67\/100\n|-heal|p1a: Wo-Chien|56\/100 par|[from] drain|[of] p2a: Cresselia\n|\n|-heal|p2a: Cresselia|73\/100|[from] item: Leftovers\n|-damage|p2a: Cresselia|60\/100|[from] Leech Seed|[of] p1a: Wo-Chien\n|-heal|p1a: Wo-Chien|70\/100 par|[silent]\n|upkeep\n|turn|38\n|\n|t:|1700046500\n|move|p2a: Cresselia|Moonlight|p2a: Cresselia\n|-heal|p2a: Cresselia|100\/100\n|move|p1a: Wo-Chien|Leech Seed||[still]\n|-fail|p1a: Wo-Chien\n|\n|-damage|p2a: Cresselia|88\/100|[from] Leech Seed|[of] p1a: Wo-Chien\n|-heal|p1a: Wo-Chien|85\/100 par|[silent]\n|upkeep\n|turn|39\n|\n|t:|1700046507\n|move|p2a: Cresselia|Psychic|p1a: Wo-Chien\n|-damage|p1a: Wo-Chien|42\/100 par\n|move|p1a: Wo-Chien|Leech Seed||[still]\n|-fail|p1a: Wo-Chien\n|\n|-heal|p2a: Cresselia|94\/100|[from] item: Leftovers\n|-damage|p2a: Cresselia|82\/100|[from] Leech Seed|[of] p1a: Wo-Chien\n|-heal|p1a: Wo-Chien|57\/100 par|[silent]\n|upkeep\n|turn|40\n|\n|t:|1700046515\n|move|p2a: Cresselia|Psychic|p1a: Wo-Chien\n|-damage|p1a: Wo-Chien|16\/100 par\n|cant|p1a: Wo-Chien|par\n|\n|-heal|p2a: Cresselia|88\/100|[from] item: Leftovers\n|-damage|p2a: Cresselia|75\/100|[from] Leech Seed|[of] p1a: Wo-Chien\n|-heal|p1a: Wo-Chien|31\/100 par|[silent]\n|upkeep\n|turn|41\n|\n|t:|1700046531\n|move|p2a: Cresselia|Moonblast|p1a: Wo-Chien\n|-damage|p1a: Wo-Chien|1\/100 par\n|-unboost|p1a: Wo-Chien|spa|1\n|cant|p1a: Wo-Chien|par\n|\n|-heal|p2a: Cresselia|82\/100|[from] item: Leftovers\n|-damage|p2a: Cresselia|69\/100|[from] Leech Seed|[of] p1a: Wo-Chien\n|-heal|p1a: Wo-Chien|16\/100 par|[silent]\n|upkeep\n|turn|42\n|\n|t:|1700046539\n|move|p2a: Cresselia|Moonblast|p1a: Wo-Chien\n|-damage|p1a: Wo-Chien|0 fnt\n|faint|p1a: Wo-Chien\n|\n|-heal|p2a: Cresselia|75\/100|[from] item: Leftovers\n|upkeep\n|\n|t:|1700046544\n|switch|p1a: Thundurus|Thundurus-Therian, M|88\/100\n|-damage|p1a: Thundurus|76\/100|[from] Stealth Rock\n|turn|43\n|\n|t:|1700046553\n|move|p1a: Thundurus|Dark Pulse|p2a: Cresselia\n|-supereffective|p2a: Cresselia\n|-damage|p2a: Cresselia|23\/100\n|cant|p2a: Cresselia|flinch\n|\n|-heal|p2a: Cresselia|29\/100|[from] item: Leftovers\n|-damage|p2a: Cresselia|16\/100|[from] Leech Seed|[of] p1a: Thundurus\n|-heal|p1a: Thundurus|98\/100|[silent]\n|upkeep\n|turn|44\n|\n|t:|1700046562\n|move|p1a: Thundurus|Dark Pulse|p2a: Cresselia\n|-supereffective|p2a: Cresselia\n|-damage|p2a: Cresselia|0 fnt\n|faint|p2a: Cresselia\n|\n|upkeep\n|\n|t:|1700046571\n|switch|p2a: Weavile|Weavile, M|81\/100\n|-ability|p2a: Weavile|Pressure\n|turn|45\n|\n|t:|1700046577\n|move|p2a: Weavile|Ice Spinner|p1a: Thundurus\n|-damage|p1a: Thundurus|0 fnt\n|replace|p1a: Zoroark|Zoroark-Hisui, F\n|-end|p1a: Zoroark|Illusion\n|faint|p1a: Zoroark\n|-damage|p2a: Weavile|71\/100|[from] item: Life Orb\n|\n|upkeep\n|\n|t:|1700046580\n|switch|p1a: Thundurus|Thundurus-Therian, M|100\/100\n|-damage|p1a: Thundurus|75\/100|[from] Stealth Rock\n|turn|46\n|\n|t:|1700046593\n|move|p1a: Thundurus|Dark Pulse|p2a: Weavile\n|-resisted|p2a: Weavile\n|-damage|p2a: Weavile|47\/100\n|cant|p2a: Weavile|flinch\n|\n|upkeep\n|turn|47\n|\n|t:|1700046611\n|move|p2a: Weavile|Ice Shard|p1a: Thundurus\n|-supereffective|p1a: Thundurus\n|-damage|p1a: Thundurus|0 fnt\n|faint|p1a: Thundurus\n|-damage|p2a: Weavile|37\/100|[from] item: Life Orb\n|\n|win|Hastolato\n|raw|Corbinc's rating: 1163 &rarr; <strong>1136<\/strong><br \/>(-27 for losing)\n|raw|Hastolato's rating: 1140 &rarr; <strong>1167<\/strong><br \/>(+27 for winning)\n|l|\u2606Corbinc\n","uploadtime":1700046624,"views":6,"p1id":"corbinc","p2id":"hastolato","formatid":"gen9ou","rating":1136,"private":0,"password":""}