{"id":"gen9ou-2000005063","p1":"xen769","p2":"Redboy128","format":"[Gen 9] OU","log":"|j|\u2606xen769\n|j|\u2606Redboy128\n|t:|1701140156\n|gametype|singles\n|player|p1|xen769|roxie|1339\n|player|p2|Redboy128|ethan|1447\n|teamsize|p1|6\n|teamsize|p2|6\n|gen|9\n|tier|[Gen 9] OU\n|rated|\n|rule|Sleep Clause Mod: Limit one foe put to sleep\n|rule|Species Clause: Limit one of each Pok\u00e9mon\n|rule|OHKO Clause: OHKO moves are banned\n|rule|Evasion Items Clause: Evasion items are banned\n|rule|Evasion Moves Clause: Evasion moves are banned\n|rule|Endless Battle Clause: Forcing endless battles is banned\n|rule|HP Percentage Mod: HP is shown in percentages\n|clearpoke\n|poke|p1|Blissey, F|\n|poke|p1|Skeledirge, M|\n|poke|p1|Umbreon, F|\n|poke|p1|Corviknight, M|\n|poke|p1|Hippowdon, F|\n|poke|p1|Toxapex, F|\n|poke|p2|Donphan, M|\n|poke|p2|Azelf|\n|poke|p2|Chesnaught, M|\n|poke|p2|Delphox, F|\n|poke|p2|Kommo-o, F|\n|poke|p2|Hawlucha, F|\n|teampreview\n|inactive|Battle timer is ON: inactive players will automatically lose when time's up. (requested by xen769)\n|\n|t:|1701140161\n|start\n|switch|p1a: Umbreon|Umbreon, F|100\/100\n|switch|p2a: Azelf|Azelf|100\/100\n|turn|1\n|\n|t:|1701140164\n|move|p2a: Azelf|Taunt|p1a: Umbreon\n|-start|p1a: Umbreon|move: Taunt\n|move|p1a: Umbreon|Foul Play|p2a: Azelf\n|-supereffective|p2a: Azelf\n|-enditem|p2a: Azelf|Focus Sash\n|-damage|p2a: Azelf|1\/100\n|\n|upkeep\n|turn|2\n|\n|t:|1701140167\n|move|p2a: Azelf|Stealth Rock|p1a: Umbreon\n|-sidestart|p1: xen769|move: Stealth Rock\n|move|p1a: Umbreon|Foul Play|p2a: Azelf\n|-supereffective|p2a: Azelf\n|-damage|p2a: Azelf|0 fnt\n|faint|p2a: Azelf\n|\n|upkeep\n|\n|t:|1701140177\n|switch|p2a: Chesnaught|Chesnaught, M|100\/100\n|turn|3\n|\n|t:|1701140196\n|switch|p1a: Toxapex|Toxapex, F|100\/100\n|-damage|p1a: Toxapex|88\/100|[from] Stealth Rock\n|move|p2a: Chesnaught|Knock Off|p1a: Toxapex\n|-damage|p1a: Toxapex|71\/100\n|-enditem|p1a: Toxapex|Binding Band|[from] move: Knock Off|[of] p2a: Chesnaught\n|\n|upkeep\n|turn|4\n|\n|t:|1701140202\n|move|p2a: Chesnaught|Substitute|p2a: Chesnaught\n|-start|p2a: Chesnaught|Substitute\n|-damage|p2a: Chesnaught|76\/100\n|move|p1a: Toxapex|Toxic Spikes|p2a: Chesnaught\n|-sidestart|p2: Redboy128|move: Toxic Spikes\n|\n|-heal|p2a: Chesnaught|82\/100|[from] item: Leftovers\n|upkeep\n|turn|5\n|\n|t:|1701140220\n|move|p1a: Toxapex|Baneful Bunker|p1a: Toxapex\n|-singleturn|p1a: Toxapex|move: Protect\n|move|p2a: Chesnaught|Leech Seed|p1a: Toxapex\n|-activate|p1a: Toxapex|move: Protect\n|\n|-heal|p2a: Chesnaught|88\/100|[from] item: Leftovers\n|upkeep\n|turn|6\n|\n|t:|1701140230\n|move|p2a: Chesnaught|Leech Seed|p1a: Toxapex\n|-start|p1a: Toxapex|move: Leech Seed\n|move|p1a: Toxapex|Infestation|p2a: Chesnaught\n|-activate|p2a: Chesnaught|move: Substitute|[damage]\n|\n|-heal|p2a: Chesnaught|94\/100|[from] item: Leftovers\n|-damage|p1a: Toxapex|59\/100|[from] Leech Seed|[of] p2a: Chesnaught\n|-heal|p2a: Chesnaught|100\/100|[silent]\n|upkeep\n|turn|7\n|\n|t:|1701140240\n|switch|p1a: Corviknight|Corviknight, M|100\/100\n|-ability|p1a: Corviknight|Unnerve\n|-damage|p1a: Corviknight|88\/100|[from] Stealth Rock\n|move|p2a: Chesnaught|Leech Seed|p1a: Corviknight\n|-start|p1a: Corviknight|move: Leech Seed\n|\n|-damage|p1a: Corviknight|75\/100|[from] Leech Seed|[of] p2a: Chesnaught\n|upkeep\n|turn|8\n|\n|t:|1701140244\n|move|p2a: Chesnaught|Spiky Shield|p2a: Chesnaught\n|-singleturn|p2a: Chesnaught|move: Protect\n|move|p1a: Corviknight|Defog|p2a: Chesnaught\n|-activate|p2a: Chesnaught|move: Protect\n|\n|-damage|p1a: Corviknight|63\/100|[from] Leech Seed|[of] p2a: Chesnaught\n|upkeep\n|turn|9\n|\n|t:|1701140249\n|move|p1a: Corviknight|Defog|p2a: Chesnaught\n|-sideend|p2: Redboy128|Toxic Spikes|[from] move: Defog|[of] p1a: Corviknight\n|-sideend|p1: xen769|Stealth Rock|[from] move: Defog|[of] p1a: Corviknight\n|move|p2a: Chesnaught|Knock Off|p1a: Corviknight\n|-damage|p1a: Corviknight|46\/100\n|-enditem|p1a: Corviknight|Weakness Policy|[from] move: Knock Off|[of] p2a: Chesnaught\n|\n|-damage|p1a: Corviknight|33\/100|[from] Leech Seed|[of] p2a: Chesnaught\n|upkeep\n|turn|10\n|\n|t:|1701140253\n|move|p1a: Corviknight|Roost|p1a: Corviknight\n|-heal|p1a: Corviknight|83\/100\n|-singleturn|p1a: Corviknight|move: Roost\n|move|p2a: Chesnaught|Knock Off|p1a: Corviknight\n|-damage|p1a: Corviknight|73\/100\n|\n|-damage|p1a: Corviknight|61\/100|[from] Leech Seed|[of] p2a: Chesnaught\n|upkeep\n|turn|11\n|\n|t:|1701140258\n|move|p1a: Corviknight|Roost|p1a: Corviknight\n|-heal|p1a: Corviknight|100\/100\n|-singleturn|p1a: Corviknight|move: Roost\n|move|p2a: Chesnaught|Knock Off|p1a: Corviknight\n|-damage|p1a: Corviknight|90\/100\n|\n|-damage|p1a: Corviknight|78\/100|[from] Leech Seed|[of] p2a: Chesnaught\n|upkeep\n|turn|12\n|\n|t:|1701140262\n|switch|p1a: Hippowdon|Hippowdon, F|100\/100\n|-weather|Sandstorm|[from] ability: Sand Stream|[of] p1a: Hippowdon\n|move|p2a: Chesnaught|Spiky Shield||[still]\n|-fail|p2a: Chesnaught\n|\n|-weather|Sandstorm|[upkeep]\n|-damage|p2a: Chesnaught|94\/100|[from] Sandstorm\n|-heal|p2a: Chesnaught|100\/100|[from] item: Leftovers\n|upkeep\n|turn|13\n|\n|t:|1701140269\n|move|p2a: Chesnaught|Leech Seed|p1a: Hippowdon\n|-start|p1a: Hippowdon|move: Leech Seed\n|move|p1a: Hippowdon|Stockpile|p1a: Hippowdon\n|-start|p1a: Hippowdon|stockpile1\n|-boost|p1a: Hippowdon|def|1\n|-boost|p1a: Hippowdon|spd|1\n|\n|-weather|Sandstorm|[upkeep]\n|-damage|p2a: Chesnaught|94\/100|[from] Sandstorm\n|-heal|p2a: Chesnaught|100\/100|[from] item: Leftovers\n|-damage|p1a: Hippowdon|88\/100|[from] Leech Seed|[of] p2a: Chesnaught\n|upkeep\n|turn|14\n|\n|t:|1701140275\n|move|p2a: Chesnaught|Knock Off|p1a: Hippowdon\n|-damage|p1a: Hippowdon|78\/100\n|-enditem|p1a: Hippowdon|Leftovers|[from] move: Knock Off|[of] p2a: Chesnaught\n|move|p1a: Hippowdon|Stockpile|p1a: Hippowdon\n|-start|p1a: Hippowdon|stockpile2\n|-boost|p1a: Hippowdon|def|1\n|-boost|p1a: Hippowdon|spd|1\n|\n|-weather|Sandstorm|[upkeep]\n|-damage|p2a: Chesnaught|94\/100|[from] Sandstorm\n|-heal|p2a: Chesnaught|100\/100|[from] item: Leftovers\n|-damage|p1a: Hippowdon|65\/100|[from] Leech Seed|[of] p2a: Chesnaught\n|upkeep\n|turn|15\n|\n|t:|1701140286\n|move|p2a: Chesnaught|Knock Off|p1a: Hippowdon\n|-damage|p1a: Hippowdon|61\/100\n|move|p1a: Hippowdon|Stockpile|p1a: Hippowdon\n|-start|p1a: Hippowdon|stockpile3\n|-boost|p1a: Hippowdon|def|1\n|-boost|p1a: Hippowdon|spd|1\n|\n|-weather|Sandstorm|[upkeep]\n|-damage|p2a: Chesnaught|94\/100|[from] Sandstorm\n|-heal|p2a: Chesnaught|100\/100|[from] item: Leftovers\n|-damage|p1a: Hippowdon|48\/100|[from] Leech Seed|[of] p2a: Chesnaught\n|upkeep\n|turn|16\n|\n|t:|1701140288\n|move|p2a: Chesnaught|Knock Off|p1a: Hippowdon\n|-damage|p1a: Hippowdon|44\/100\n|move|p1a: Hippowdon|Slack Off|p1a: Hippowdon\n|-heal|p1a: Hippowdon|94\/100\n|\n|-weather|none\n|-damage|p1a: Hippowdon|82\/100|[from] Leech Seed|[of] p2a: Chesnaught\n|upkeep\n|turn|17\n|\n|t:|1701140292\n|move|p2a: Chesnaught|Knock Off|p1a: Hippowdon\n|-crit|p1a: Hippowdon\n|-damage|p1a: Hippowdon|68\/100\n|move|p1a: Hippowdon|Body Press|p2a: Chesnaught\n|-end|p2a: Chesnaught|Substitute\n|\n|-damage|p1a: Hippowdon|56\/100|[from] Leech Seed|[of] p2a: Chesnaught\n|upkeep\n|turn|18\n|\n|t:|1701140298\n|move|p2a: Chesnaught|Substitute|p2a: Chesnaught\n|-start|p2a: Chesnaught|Substitute\n|-damage|p2a: Chesnaught|76\/100\n|move|p1a: Hippowdon|Slack Off|p1a: Hippowdon\n|-heal|p1a: Hippowdon|100\/100\n|\n|-heal|p2a: Chesnaught|82\/100|[from] item: Leftovers\n|-damage|p1a: Hippowdon|88\/100|[from] Leech Seed|[of] p2a: Chesnaught\n|-heal|p2a: Chesnaught|93\/100|[silent]\n|upkeep\n|turn|19\n|\n|t:|1701140300\n|move|p2a: Chesnaught|Spiky Shield|p2a: Chesnaught\n|-singleturn|p2a: Chesnaught|move: Protect\n|move|p1a: Hippowdon|Body Press|p2a: Chesnaught\n|-activate|p2a: Chesnaught|move: Protect\n|-damage|p1a: Hippowdon|76\/100|[from] Spiky Shield|[of] p2a: Chesnaught\n|\n|-heal|p2a: Chesnaught|99\/100|[from] item: Leftovers\n|-damage|p1a: Hippowdon|64\/100|[from] Leech Seed|[of] p2a: Chesnaught\n|-heal|p2a: Chesnaught|100\/100|[silent]\n|upkeep\n|turn|20\n|\n|t:|1701140303\n|move|p2a: Chesnaught|Knock Off|p1a: Hippowdon\n|-damage|p1a: Hippowdon|59\/100\n|move|p1a: Hippowdon|Body Press|p2a: Chesnaught\n|-end|p2a: Chesnaught|Substitute\n|\n|-damage|p1a: Hippowdon|47\/100|[from] Leech Seed|[of] p2a: Chesnaught\n|upkeep\n|turn|21\n|\n|t:|1701140308\n|move|p2a: Chesnaught|Substitute|p2a: Chesnaught\n|-start|p2a: Chesnaught|Substitute\n|-damage|p2a: Chesnaught|76\/100\n|move|p1a: Hippowdon|Body Press|p2a: Chesnaught\n|-end|p2a: Chesnaught|Substitute\n|\n|-heal|p2a: Chesnaught|82\/100|[from] item: Leftovers\n|-damage|p1a: Hippowdon|35\/100|[from] Leech Seed|[of] p2a: Chesnaught\n|-heal|p2a: Chesnaught|93\/100|[silent]\n|upkeep\n|turn|22\n|\n|t:|1701140310\n|move|p2a: Chesnaught|Substitute|p2a: Chesnaught\n|-start|p2a: Chesnaught|Substitute\n|-damage|p2a: Chesnaught|69\/100\n|move|p1a: Hippowdon|Slack Off|p1a: Hippowdon\n|-heal|p1a: Hippowdon|85\/100\n|\n|-heal|p2a: Chesnaught|75\/100|[from] item: Leftovers\n|-damage|p1a: Hippowdon|72\/100|[from] Leech Seed|[of] p2a: Chesnaught\n|-heal|p2a: Chesnaught|86\/100|[silent]\n|upkeep\n|turn|23\n|\n|t:|1701140315\n|move|p2a: Chesnaught|Spiky Shield|p2a: Chesnaught\n|-singleturn|p2a: Chesnaught|move: Protect\n|move|p1a: Hippowdon|Slack Off|p1a: Hippowdon\n|-heal|p1a: Hippowdon|100\/100\n|\n|-heal|p2a: Chesnaught|92\/100|[from] item: Leftovers\n|-damage|p1a: Hippowdon|88\/100|[from] Leech Seed|[of] p2a: Chesnaught\n|-heal|p2a: Chesnaught|100\/100|[silent]\n|upkeep\n|turn|24\n|\n|t:|1701140326\n|move|p2a: Chesnaught|Knock Off|p1a: Hippowdon\n|-damage|p1a: Hippowdon|85\/100\n|move|p1a: Hippowdon|Body Press|p2a: Chesnaught\n|-end|p2a: Chesnaught|Substitute\n|\n|-damage|p1a: Hippowdon|72\/100|[from] Leech Seed|[of] p2a: Chesnaught\n|upkeep\n|turn|25\n|\n|t:|1701140339\n|switch|p1a: Skeledirge|Skeledirge, M, shiny|100\/100\n|move|p2a: Chesnaught|Substitute|p2a: Chesnaught\n|-start|p2a: Chesnaught|Substitute\n|-damage|p2a: Chesnaught|76\/100\n|\n|-heal|p2a: Chesnaught|82\/100|[from] item: Leftovers\n|upkeep\n|turn|26\n|\n|t:|1701140343\n|switch|p2a: Delphox|Delphox, F|100\/100\n|-terastallize|p1a: Skeledirge|Fairy\n|move|p1a: Skeledirge|Torch Song|p2a: Delphox\n|-resisted|p2a: Delphox\n|-damage|p2a: Delphox|82\/100\n|-boost|p1a: Skeledirge|spa|1\n|\n|upkeep\n|turn|27\n|\n|t:|1701140347\n|move|p2a: Delphox|Overheat|p1a: Skeledirge|[miss]\n|-miss|p2a: Delphox|p1a: Skeledirge\n|move|p1a: Skeledirge|Hex|p2a: Delphox\n|-supereffective|p2a: Delphox\n|-damage|p2a: Delphox|0 fnt\n|faint|p2a: Delphox\n|\n|upkeep\n|\n|t:|1701140354\n|switch|p2a: Hawlucha|Hawlucha, F|100\/100\n|turn|28\n|\n|t:|1701140360\n|move|p2a: Hawlucha|Sky Attack||[still]\n|-prepare|p2a: Hawlucha|Sky Attack\n|-enditem|p2a: Hawlucha|Power Herb\n|-anim|p2a: Hawlucha|Sky Attack|p1a: Skeledirge\n|-damage|p1a: Skeledirge|50\/100\n|move|p1a: Skeledirge|Will-O-Wisp|p2a: Hawlucha\n|-status|p2a: Hawlucha|brn\n|\n|-heal|p1a: Skeledirge|57\/100|[from] item: Leftovers\n|-damage|p2a: Hawlucha|94\/100 brn|[from] brn\n|upkeep\n|turn|29\n|\n|t:|1701140367\n|move|p2a: Hawlucha|Drain Punch|p1a: Skeledirge\n|-resisted|p1a: Skeledirge\n|-damage|p1a: Skeledirge|50\/100\n|-heal|p2a: Hawlucha|99\/100 brn|[from] drain|[of] p1a: Skeledirge\n|move|p1a: Skeledirge|Slack Off|p1a: Skeledirge\n|-heal|p1a: Skeledirge|99\/100\n|\n|-heal|p1a: Skeledirge|100\/100|[from] item: Leftovers\n|-damage|p2a: Hawlucha|93\/100 brn|[from] brn\n|upkeep\n|turn|30\n|\n|t:|1701140370\n|move|p2a: Hawlucha|Drain Punch|p1a: Skeledirge\n|-resisted|p1a: Skeledirge\n|-damage|p1a: Skeledirge|94\/100\n|-heal|p2a: Hawlucha|97\/100 brn|[from] drain|[of] p1a: Skeledirge\n|move|p1a: Skeledirge|Torch Song|p2a: Hawlucha\n|-damage|p2a: Hawlucha|29\/100 brn\n|-boost|p1a: Skeledirge|spa|1\n|\n|-heal|p1a: Skeledirge|99\/100|[from] item: Leftovers\n|-damage|p2a: Hawlucha|23\/100 brn|[from] brn\n|upkeep\n|turn|31\n|\n|t:|1701140375\n|move|p2a: Hawlucha|Drain Punch|p1a: Skeledirge\n|-resisted|p1a: Skeledirge\n|-damage|p1a: Skeledirge|93\/100\n|-heal|p2a: Hawlucha|27\/100 brn|[from] drain|[of] p1a: Skeledirge\n|move|p1a: Skeledirge|Torch Song|p2a: Hawlucha\n|-damage|p2a: Hawlucha|0 fnt\n|-boost|p1a: Skeledirge|spa|1\n|faint|p2a: Hawlucha\n|\n|-heal|p1a: Skeledirge|99\/100|[from] item: Leftovers\n|upkeep\n|\n|t:|1701140377\n|switch|p2a: Chesnaught|Chesnaught, M|82\/100\n|turn|32\n|\n|t:|1701140382\n|move|p1a: Skeledirge|Torch Song|p2a: Chesnaught\n|-supereffective|p2a: Chesnaught\n|-damage|p2a: Chesnaught|0 fnt\n|-boost|p1a: Skeledirge|spa|1\n|faint|p2a: Chesnaught\n|\n|-heal|p1a: Skeledirge|100\/100|[from] item: Leftovers\n|upkeep\n|\n|t:|1701140387\n|switch|p2a: Donphan|Donphan, M|100\/100\n|turn|33\n|\n|t:|1701140390\n|move|p1a: Skeledirge|Torch Song|p2a: Donphan\n|-ability|p2a: Donphan|Sturdy\n|-damage|p2a: Donphan|1\/100\n|-boost|p1a: Skeledirge|spa|1\n|move|p2a: Donphan|Endeavor|p1a: Skeledirge\n|-damage|p1a: Skeledirge|1\/100\n|\n|-heal|p1a: Skeledirge|7\/100|[from] item: Leftovers\n|upkeep\n|turn|34\n|\n|t:|1701140397\n|move|p2a: Donphan|Ice Shard|p1a: Skeledirge\n|-damage|p1a: Skeledirge|0 fnt\n|faint|p1a: Skeledirge\n|\n|upkeep\n|\n|t:|1701140414\n|switch|p1a: Toxapex|Toxapex, F|92\/100\n|turn|35\n|\n|t:|1701140416\n|move|p1a: Toxapex|Baneful Bunker|p1a: Toxapex\n|-singleturn|p1a: Toxapex|move: Protect\n|move|p2a: Donphan|Earthquake|p1a: Toxapex\n|-activate|p1a: Toxapex|move: Protect\n|\n|upkeep\n|turn|36\n|\n|t:|1701140426\n|switch|p1a: Corviknight|Corviknight, M|78\/100\n|-ability|p1a: Corviknight|Unnerve\n|move|p2a: Donphan|Endeavor|p1a: Corviknight\n|-damage|p1a: Corviknight|1\/100\n|\n|upkeep\n|turn|37\n|\n|t:|1701140434\n|move|p2a: Donphan|Ice Shard|p1a: Corviknight\n|-damage|p1a: Corviknight|0 fnt\n|faint|p1a: Corviknight\n|\n|upkeep\n|\n|t:|1701140441\n|switch|p1a: Umbreon|Umbreon, F|100\/100\n|turn|38\n|\n|t:|1701140445\n|move|p1a: Umbreon|Foul Play|p2a: Donphan\n|-damage|p2a: Donphan|0 fnt\n|faint|p2a: Donphan\n|\n|upkeep\n|\n|t:|1701140447\n|switch|p2a: Kommo-o|Kommo-o, F|100\/100\n|turn|39\n|\n|t:|1701140449\n|move|p2a: Kommo-o|Substitute|p2a: Kommo-o\n|-start|p2a: Kommo-o|Substitute\n|-damage|p2a: Kommo-o|76\/100\n|move|p1a: Umbreon|Foul Play|p2a: Kommo-o\n|-resisted|p2a: Kommo-o\n|-activate|p2a: Kommo-o|move: Substitute|[damage]\n|\n|-heal|p2a: Kommo-o|82\/100|[from] item: Leftovers\n|upkeep\n|turn|40\n|\n|t:|1701140456\n|move|p2a: Kommo-o|Clangorous Soul|p2a: Kommo-o\n|-boost|p2a: Kommo-o|atk|1\n|-boost|p2a: Kommo-o|def|1\n|-boost|p2a: Kommo-o|spa|1\n|-boost|p2a: Kommo-o|spd|1\n|-boost|p2a: Kommo-o|spe|1\n|-damage|p2a: Kommo-o|49\/100\n|move|p1a: Umbreon|Foul Play|p2a: Kommo-o\n|-resisted|p2a: Kommo-o\n|-end|p2a: Kommo-o|Substitute\n|\n|-heal|p2a: Kommo-o|55\/100|[from] item: Leftovers\n|upkeep\n|turn|41\n|\n|t:|1701140460\n|move|p2a: Kommo-o|Substitute|p2a: Kommo-o\n|-start|p2a: Kommo-o|Substitute\n|-damage|p2a: Kommo-o|30\/100\n|move|p1a: Umbreon|Light Screen|p1a: Umbreon\n|-sidestart|p1: xen769|move: Light Screen\n|\n|-heal|p2a: Kommo-o|37\/100|[from] item: Leftovers\n|upkeep\n|turn|42\n|\n|t:|1701140462\n|move|p2a: Kommo-o|Drain Punch|p1a: Umbreon\n|-supereffective|p1a: Umbreon\n|-damage|p1a: Umbreon|38\/100\n|-heal|p2a: Kommo-o|79\/100|[from] drain|[of] p1a: Umbreon\n|move|p1a: Umbreon|Foul Play|p2a: Kommo-o\n|-resisted|p2a: Kommo-o\n|-activate|p2a: Kommo-o|move: Substitute|[damage]\n|\n|-heal|p2a: Kommo-o|85\/100|[from] item: Leftovers\n|upkeep\n|turn|43\n|\n|t:|1701140467\n|move|p2a: Kommo-o|Drain Punch|p1a: Umbreon\n|-supereffective|p1a: Umbreon\n|-damage|p1a: Umbreon|0 fnt\n|-heal|p2a: Kommo-o|100\/100|[from] drain|[of] p1a: Umbreon\n|faint|p1a: Umbreon\n|\n|upkeep\n|\n|t:|1701140471\n|switch|p1a: Toxapex|Toxapex, F|100\/100\n|turn|44\n|\n|t:|1701140476\n|move|p1a: Toxapex|Baneful Bunker|p1a: Toxapex\n|-singleturn|p1a: Toxapex|move: Protect\n|move|p2a: Kommo-o|Clangorous Soul|p2a: Kommo-o\n|-boost|p2a: Kommo-o|atk|1\n|-boost|p2a: Kommo-o|def|1\n|-boost|p2a: Kommo-o|spa|1\n|-boost|p2a: Kommo-o|spd|1\n|-boost|p2a: Kommo-o|spe|1\n|-damage|p2a: Kommo-o|68\/100\n|\n|-heal|p2a: Kommo-o|74\/100|[from] item: Leftovers\n|upkeep\n|turn|45\n|\n|t:|1701140484\n|switch|p1a: Hippowdon|Hippowdon, F|72\/100\n|-weather|Sandstorm|[from] ability: Sand Stream|[of] p1a: Hippowdon\n|move|p2a: Kommo-o|Tera Blast|p1a: Hippowdon\n|-damage|p1a: Hippowdon|58\/100\n|\n|-weather|Sandstorm|[upkeep]\n|-damage|p2a: Kommo-o|68\/100|[from] Sandstorm\n|-heal|p2a: Kommo-o|74\/100|[from] item: Leftovers\n|upkeep\n|turn|46\n|\n|t:|1701140487\n|move|p2a: Kommo-o|Drain Punch|p1a: Hippowdon\n|-damage|p1a: Hippowdon|13\/100\n|-heal|p2a: Kommo-o|100\/100|[from] drain|[of] p1a: Hippowdon\n|move|p1a: Hippowdon|Stockpile|p1a: Hippowdon\n|-start|p1a: Hippowdon|stockpile1\n|-boost|p1a: Hippowdon|def|1\n|-boost|p1a: Hippowdon|spd|1\n|\n|-weather|Sandstorm|[upkeep]\n|-damage|p2a: Kommo-o|94\/100|[from] Sandstorm\n|-heal|p2a: Kommo-o|100\/100|[from] item: Leftovers\n|upkeep\n|turn|47\n|\n|t:|1701140491\n|move|p2a: Kommo-o|Tera Blast|p1a: Hippowdon\n|-damage|p1a: Hippowdon|3\/100\n|move|p1a: Hippowdon|Slack Off|p1a: Hippowdon\n|-heal|p1a: Hippowdon|53\/100\n|\n|-weather|Sandstorm|[upkeep]\n|-damage|p2a: Kommo-o|94\/100|[from] Sandstorm\n|-heal|p2a: Kommo-o|100\/100|[from] item: Leftovers\n|upkeep\n|turn|48\n|\n|t:|1701140496\n|move|p2a: Kommo-o|Clangorous Soul|p2a: Kommo-o\n|-boost|p2a: Kommo-o|atk|1\n|-boost|p2a: Kommo-o|def|1\n|-boost|p2a: Kommo-o|spa|1\n|-boost|p2a: Kommo-o|spd|1\n|-boost|p2a: Kommo-o|spe|1\n|-damage|p2a: Kommo-o|68\/100\n|move|p1a: Hippowdon|Slack Off|p1a: Hippowdon\n|-heal|p1a: Hippowdon|100\/100\n|\n|-weather|Sandstorm|[upkeep]\n|-damage|p2a: Kommo-o|61\/100|[from] Sandstorm\n|-heal|p2a: Kommo-o|68\/100|[from] item: Leftovers\n|-sideend|p1: xen769|move: Light Screen\n|upkeep\n|turn|49\n|\n|t:|1701140499\n|move|p2a: Kommo-o|Drain Punch|p1a: Hippowdon\n|-damage|p1a: Hippowdon|62\/100\n|-heal|p2a: Kommo-o|91\/100|[from] drain|[of] p1a: Hippowdon\n|move|p1a: Hippowdon|Stockpile|p1a: Hippowdon\n|-start|p1a: Hippowdon|stockpile2\n|-boost|p1a: Hippowdon|def|1\n|-boost|p1a: Hippowdon|spd|1\n|\n|-weather|none\n|-heal|p2a: Kommo-o|97\/100|[from] item: Leftovers\n|upkeep\n|turn|50\n|\n|t:|1701140503\n|move|p2a: Kommo-o|Drain Punch|p1a: Hippowdon\n|-damage|p1a: Hippowdon|34\/100\n|-heal|p2a: Kommo-o|100\/100|[from] drain|[of] p1a: Hippowdon\n|move|p1a: Hippowdon|Stockpile|p1a: Hippowdon\n|-start|p1a: Hippowdon|stockpile3\n|-boost|p1a: Hippowdon|def|1\n|-boost|p1a: Hippowdon|spd|1\n|\n|upkeep\n|turn|51\n|\n|t:|1701140508\n|move|p2a: Kommo-o|Drain Punch|p1a: Hippowdon\n|-damage|p1a: Hippowdon|11\/100\n|move|p1a: Hippowdon|Slack Off|p1a: Hippowdon\n|-heal|p1a: Hippowdon|61\/100\n|\n|upkeep\n|turn|52\n|\n|t:|1701140512\n|move|p2a: Kommo-o|Clangorous Soul|p2a: Kommo-o\n|-boost|p2a: Kommo-o|atk|1\n|-boost|p2a: Kommo-o|def|1\n|-boost|p2a: Kommo-o|spa|1\n|-boost|p2a: Kommo-o|spd|1\n|-boost|p2a: Kommo-o|spe|1\n|-damage|p2a: Kommo-o|68\/100\n|move|p1a: Hippowdon|Body Press|p2a: Kommo-o\n|-end|p2a: Kommo-o|Substitute\n|\n|-heal|p2a: Kommo-o|74\/100|[from] item: Leftovers\n|upkeep\n|turn|53\n|\n|t:|1701140514\n|move|p2a: Kommo-o|Drain Punch|p1a: Hippowdon\n|-damage|p1a: Hippowdon|34\/100\n|-heal|p2a: Kommo-o|90\/100|[from] drain|[of] p1a: Hippowdon\n|move|p1a: Hippowdon|Body Press|p2a: Kommo-o\n|-damage|p2a: Kommo-o|69\/100\n|\n|-heal|p2a: Kommo-o|75\/100|[from] item: Leftovers\n|upkeep\n|turn|54\n|\n|t:|1701140522\n|move|p2a: Kommo-o|Drain Punch|p1a: Hippowdon\n|-damage|p1a: Hippowdon|9\/100\n|-heal|p2a: Kommo-o|91\/100|[from] drain|[of] p1a: Hippowdon\n|move|p1a: Hippowdon|Yawn|p2a: Kommo-o\n|-start|p2a: Kommo-o|move: Yawn|[of] p1a: Hippowdon\n|\n|-heal|p2a: Kommo-o|97\/100|[from] item: Leftovers\n|upkeep\n|turn|55\n|\n|t:|1701140536\n|move|p2a: Kommo-o|Clangorous Soul|p2a: Kommo-o\n|-boost|p2a: Kommo-o|atk|1\n|-boost|p2a: Kommo-o|def|1\n|-boost|p2a: Kommo-o|spa|1\n|-boost|p2a: Kommo-o|spd|1\n|-boost|p2a: Kommo-o|spe|1\n|-damage|p2a: Kommo-o|64\/100\n|move|p1a: Hippowdon|Body Press|p2a: Kommo-o\n|-damage|p2a: Kommo-o|43\/100\n|\n|-heal|p2a: Kommo-o|49\/100|[from] item: Leftovers\n|-end|p2a: Kommo-o|move: Yawn|[silent]\n|-status|p2a: Kommo-o|slp\n|upkeep\n|turn|56\n|\n|t:|1701140548\n|cant|p2a: Kommo-o|slp\n|move|p1a: Hippowdon|Body Press|p2a: Kommo-o\n|-damage|p2a: Kommo-o|29\/100 slp\n|\n|-heal|p2a: Kommo-o|35\/100 slp|[from] item: Leftovers\n|upkeep\n|turn|57\n|\n|t:|1701140556\n|cant|p2a: Kommo-o|slp\n|move|p1a: Hippowdon|Body Press|p2a: Kommo-o\n|-damage|p2a: Kommo-o|14\/100 slp\n|\n|-heal|p2a: Kommo-o|20\/100 slp|[from] item: Leftovers\n|upkeep\n|turn|58\n|\n|t:|1701140558\n|-curestatus|p2a: Kommo-o|slp|[msg]\n|move|p2a: Kommo-o|Drain Punch|p1a: Hippowdon\n|-damage|p1a: Hippowdon|0 fnt\n|-heal|p2a: Kommo-o|26\/100|[from] drain|[of] p1a: Hippowdon\n|faint|p1a: Hippowdon\n|\n|-heal|p2a: Kommo-o|32\/100|[from] item: Leftovers\n|upkeep\n|\n|t:|1701140563\n|switch|p1a: Toxapex|Toxapex, F|100\/100\n|turn|59\n|\n|t:|1701140567\n|move|p2a: Kommo-o|Substitute|p2a: Kommo-o\n|-start|p2a: Kommo-o|Substitute\n|-damage|p2a: Kommo-o|7\/100\n|move|p1a: Toxapex|Infestation|p2a: Kommo-o\n|-resisted|p2a: Kommo-o\n|-activate|p2a: Kommo-o|move: Substitute|[damage]\n|\n|-heal|p2a: Kommo-o|13\/100|[from] item: Leftovers\n|upkeep\n|turn|60\n|\n|t:|1701140572\n|move|p1a: Toxapex|Baneful Bunker|p1a: Toxapex\n|-singleturn|p1a: Toxapex|move: Protect\n|move|p2a: Kommo-o|Tera Blast|p1a: Toxapex\n|-activate|p1a: Toxapex|move: Protect\n|\n|-heal|p2a: Kommo-o|19\/100|[from] item: Leftovers\n|upkeep\n|turn|61\n|\n|t:|1701140576\n|switch|p1a: Blissey|Blissey, F, shiny|100\/100\n|move|p2a: Kommo-o|Tera Blast|p1a: Blissey\n|-damage|p1a: Blissey|83\/100\n|\n|-heal|p2a: Kommo-o|26\/100|[from] item: Leftovers\n|-heal|p1a: Blissey|89\/100|[from] item: Leftovers\n|upkeep\n|turn|62\n|\n|t:|1701140578\n|move|p2a: Kommo-o|Drain Punch|p1a: Blissey\n|-supereffective|p1a: Blissey\n|-damage|p1a: Blissey|0 fnt\n|-heal|p2a: Kommo-o|100\/100|[from] drain|[of] p1a: Blissey\n|faint|p1a: Blissey\n|\n|upkeep\n|\n|t:|1701140581\n|switch|p1a: Toxapex|Toxapex, F|100\/100\n|turn|63\n|-message|xen769 forfeited.\n|\n|win|Redboy128\n|raw|xen769's rating: 1339 &rarr; <strong>1325<\/strong><br \/>(-14 for losing)\n|raw|Redboy128's rating: 1447 &rarr; <strong>1461<\/strong><br \/>(+14 for winning)\n|l|\u2606xen769\n","uploadtime":1701140591,"views":6,"p1id":"xen769","p2id":"redboy128","formatid":"gen9ou","rating":1325,"private":0,"password":""}