{"id":"gen9ou-1989049589","p1":"Vixen 4 Life","p2":"Lyn0730","format":"[Gen 9] OU","log":"|j|\u2606Vixen 4 Life\n|j|\u2606Lyn0730\n|t:|1699806545\n|gametype|singles\n|player|p1|Vixen 4 Life|penny|1254\n|player|p2|Lyn0730|teamrocket|1228\n|teamsize|p1|6\n|teamsize|p2|6\n|gen|9\n|tier|[Gen 9] OU\n|rated|\n|rule|Sleep Clause Mod: Limit one foe put to sleep\n|rule|Species Clause: Limit one of each Pok\u00e9mon\n|rule|OHKO Clause: OHKO moves are banned\n|rule|Evasion Items Clause: Evasion items are banned\n|rule|Evasion Moves Clause: Evasion moves are banned\n|rule|Endless Battle Clause: Forcing endless battles is banned\n|rule|HP Percentage Mod: HP is shown in percentages\n|clearpoke\n|poke|p1|Samurott-Hisui, F|\n|poke|p1|Ceruledge, F|\n|poke|p1|Thundurus-Therian, M|\n|poke|p1|Amoonguss, M|\n|poke|p1|Great Tusk|\n|poke|p1|Gholdengo|\n|poke|p2|Meowth, M|\n|poke|p2|Arbok, F|\n|poke|p2|Weezing, M|\n|poke|p2|Morpeko, F|\n|poke|p2|Chimecho, F|\n|poke|p2|Cacturne, M|\n|teampreview\n|inactive|Battle timer is ON: inactive players will automatically lose when time's up. (requested by Lyn0730)\n|c|\u2606Vixen 4 Life|Im impressed\n|c|\u2606Vixen 4 Life|But\n|c|\u2606Vixen 4 Life|James never evolved cacnea\n|\n|t:|1699806571\n|start\n|switch|p1a: Sekiro|Samurott-Hisui, F, shiny|100\/100\n|switch|p2a: Morpeko|Morpeko, F|100\/100\n|turn|1\n|\n|t:|1699806579\n|move|p1a: Sekiro|Flip Turn|p2a: Morpeko\n|-damage|p2a: Morpeko|47\/100\n|\n|t:|1699806581\n|switch|p1a: Dumbo|Great Tusk, shiny|100\/100|[from] Flip Turn\n|move|p2a: Morpeko|Aura Wheel|p1a: Dumbo\n|-immune|p1a: Dumbo\n|\n|-heal|p2a: Morpeko|53\/100|[from] item: Leftovers\n|-formechange|p2a: Morpeko|Morpeko-Hangry||[from] ability: Hunger Switch\n|upkeep\n|turn|2\n|\n|t:|1699806589\n|move|p2a: Morpeko|Protect|p2a: Morpeko\n|-singleturn|p2a: Morpeko|Protect\n|move|p1a: Dumbo|Stealth Rock|p2a: Morpeko\n|-sidestart|p2: Lyn0730|move: Stealth Rock\n|\n|-heal|p2a: Morpeko|59\/100|[from] item: Leftovers\n|-formechange|p2a: Morpeko|Morpeko||[from] ability: Hunger Switch\n|upkeep\n|turn|3\n|\n|t:|1699806600\n|move|p2a: Morpeko|Rapid Spin|p1a: Dumbo\n|-damage|p1a: Dumbo|93\/100\n|-boost|p2a: Morpeko|spe|1\n|-sideend|p2: Lyn0730|Stealth Rock|[from] move: Rapid Spin|[of] p2a: Morpeko\n|move|p1a: Dumbo|Ice Spinner|p2a: Morpeko\n|-damage|p2a: Morpeko|13\/100\n|\n|-heal|p2a: Morpeko|20\/100|[from] item: Leftovers\n|-heal|p1a: Dumbo|99\/100|[from] item: Leftovers\n|-formechange|p2a: Morpeko|Morpeko-Hangry||[from] ability: Hunger Switch\n|upkeep\n|turn|4\n|\n|t:|1699806609\n|move|p2a: Morpeko|Aura Wheel|p1a: Dumbo\n|-resisted|p1a: Dumbo\n|-damage|p1a: Dumbo|87\/100\n|-boost|p2a: Morpeko|spe|1\n|move|p1a: Dumbo|Stealth Rock|p2a: Morpeko\n|-sidestart|p2: Lyn0730|move: Stealth Rock\n|\n|-heal|p2a: Morpeko|26\/100|[from] item: Leftovers\n|-heal|p1a: Dumbo|94\/100|[from] item: Leftovers\n|-formechange|p2a: Morpeko|Morpeko||[from] ability: Hunger Switch\n|upkeep\n|turn|5\n|\n|t:|1699806616\n|move|p2a: Morpeko|Rapid Spin|p1a: Dumbo\n|-damage|p1a: Dumbo|86\/100\n|-boost|p2a: Morpeko|spe|1\n|-sideend|p2: Lyn0730|Stealth Rock|[from] move: Rapid Spin|[of] p2a: Morpeko\n|move|p1a: Dumbo|Rapid Spin|p2a: Morpeko\n|-damage|p2a: Morpeko|0 fnt\n|-boost|p1a: Dumbo|spe|1\n|faint|p2a: Morpeko\n|\n|-heal|p1a: Dumbo|92\/100|[from] item: Leftovers\n|upkeep\n|\n|t:|1699806625\n|switch|p2a: Chimecho|Chimecho, F|100\/100\n|turn|6\n|\n|t:|1699806629\n|-end|p1a: Dumbo|Protosynthesis|[silent]\n|switch|p1a: Sekiro|Samurott-Hisui, F, shiny|100\/100\n|move|p2a: Chimecho|Cosmic Power|p2a: Chimecho\n|-boost|p2a: Chimecho|def|1\n|-boost|p2a: Chimecho|spd|1\n|\n|upkeep\n|turn|7\n|\n|t:|1699806633\n|-terastallize|p2a: Chimecho|Electric\n|move|p1a: Sekiro|Ceaseless Edge|p2a: Chimecho\n|-damage|p2a: Chimecho|74\/100\n|-sidestart|p2: Lyn0730|Spikes\n|move|p2a: Chimecho|Cosmic Power|p2a: Chimecho\n|-boost|p2a: Chimecho|def|1\n|-boost|p2a: Chimecho|spd|1\n|\n|-heal|p2a: Chimecho|80\/100|[from] item: Leftovers\n|upkeep\n|turn|8\n|\n|t:|1699806641\n|move|p1a: Sekiro|Ceaseless Edge|p2a: Chimecho\n|-damage|p2a: Chimecho|62\/100\n|-sidestart|p2: Lyn0730|Spikes\n|move|p2a: Chimecho|Cosmic Power|p2a: Chimecho\n|-boost|p2a: Chimecho|def|1\n|-boost|p2a: Chimecho|spd|1\n|\n|-heal|p2a: Chimecho|69\/100|[from] item: Leftovers\n|upkeep\n|turn|9\n|\n|t:|1699806646\n|switch|p1a: Amanita Phalloides|Amoonguss, M, shiny|100\/100\n|move|p2a: Chimecho|Cosmic Power|p2a: Chimecho\n|-boost|p2a: Chimecho|def|1\n|-boost|p2a: Chimecho|spd|1\n|\n|-heal|p2a: Chimecho|75\/100|[from] item: Leftovers\n|upkeep\n|turn|10\n|\n|t:|1699806651\n|-terastallize|p1a: Amanita Phalloides|Dark\n|move|p2a: Chimecho|Stored Power|p1a: Amanita Phalloides\n|-immune|p1a: Amanita Phalloides\n|move|p1a: Amanita Phalloides|Spore|p2a: Chimecho\n|-status|p2a: Chimecho|slp|[from] move: Spore\n|\n|-heal|p2a: Chimecho|81\/100 slp|[from] item: Leftovers\n|upkeep\n|turn|11\n|\n|t:|1699806663\n|cant|p2a: Chimecho|slp\n|move|p1a: Amanita Phalloides|Sludge Bomb|p2a: Chimecho\n|-damage|p2a: Chimecho|72\/100 slp\n|\n|-heal|p2a: Chimecho|78\/100 slp|[from] item: Leftovers\n|upkeep\n|turn|12\n|inactive|Vixen 4 Life has 120 seconds left.\n|\n|t:|1699806697\n|cant|p2a: Chimecho|slp\n|move|p1a: Amanita Phalloides|Sludge Bomb|p2a: Chimecho\n|-damage|p2a: Chimecho|68\/100 slp\n|\n|-heal|p2a: Chimecho|74\/100 slp|[from] item: Leftovers\n|upkeep\n|turn|13\n|inactive|Vixen 4 Life has 120 seconds left.\n|\n|t:|1699806708\n|-curestatus|p2a: Chimecho|slp|[msg]\n|move|p2a: Chimecho|Draining Kiss|p1a: Amanita Phalloides\n|-supereffective|p1a: Amanita Phalloides\n|-crit|p1a: Amanita Phalloides\n|-damage|p1a: Amanita Phalloides|78\/100\n|-heal|p2a: Chimecho|94\/100|[from] drain|[of] p1a: Amanita Phalloides\n|-enditem|p1a: Amanita Phalloides|Red Card|[of] p2a: Chimecho\n|drag|p2a: Arbok|Arbok, F|100\/100\n|-damage|p2a: Arbok|84\/100|[from] Spikes\n|-ability|p2a: Arbok|Intimidate|boost\n|-unboost|p1a: Amanita Phalloides|atk|1\n|move|p1a: Amanita Phalloides|Sludge Bomb|p2a: Arbok\n|-resisted|p2a: Arbok\n|-damage|p2a: Arbok|63\/100\n|\n|upkeep\n|turn|14\n|\n|t:|1699806723\n|switch|p1a: Dumbo|Great Tusk, shiny|92\/100\n|move|p2a: Arbok|Switcheroo|p1a: Dumbo\n|-activate|p2a: Arbok|move: Trick|[of] p1a: Dumbo\n|-item|p1a: Dumbo|Choice Scarf|[from] move: Switcheroo\n|-item|p2a: Arbok|Leftovers|[from] move: Switcheroo\n|\n|-heal|p2a: Arbok|69\/100|[from] item: Leftovers\n|upkeep\n|turn|15\n|inactive|Vixen 4 Life has 120 seconds left.\n|\n|t:|1699806749\n|-end|p1a: Dumbo|Protosynthesis|[silent]\n|switch|p1a: Thor|Thundurus-Therian, M, shiny|100\/100\n|move|p2a: Arbok|Gunk Shot|p1a: Thor\n|-damage|p1a: Thor|19\/100\n|\n|-heal|p2a: Arbok|76\/100|[from] item: Leftovers\n|upkeep\n|turn|16\n|\n|t:|1699806761\n|move|p1a: Thor|Volt Switch|p2a: Arbok\n|-damage|p2a: Arbok|17\/100\n|inactive|Vixen 4 Life has 120 seconds left.\n|\n|t:|1699806767\n|switch|p1a: Kuzko|Gholdengo, shiny|100\/100|[from] Volt Switch\n|move|p2a: Arbok|Gunk Shot|p1a: Kuzko\n|-immune|p1a: Kuzko\n|\n|-heal|p2a: Arbok|23\/100|[from] item: Leftovers\n|upkeep\n|turn|17\n|\n|t:|1699806773\n|move|p2a: Arbok|Earthquake|p1a: Kuzko\n|-supereffective|p1a: Kuzko\n|-damage|p1a: Kuzko|64\/100\n|move|p1a: Kuzko|Shadow Ball|p2a: Arbok\n|-damage|p2a: Arbok|0 fnt\n|faint|p2a: Arbok\n|\n|-heal|p1a: Kuzko|71\/100|[from] item: Leftovers\n|upkeep\n|\n|t:|1699806780\n|switch|p2a: Chimecho|Chimecho, F, tera:Electric|94\/100\n|turn|18\n|\n|t:|1699806783\n|move|p1a: Kuzko|Nasty Plot|p1a: Kuzko\n|-boost|p1a: Kuzko|spa|2\n|move|p2a: Chimecho|Cosmic Power|p2a: Chimecho\n|-boost|p2a: Chimecho|def|1\n|-boost|p2a: Chimecho|spd|1\n|\n|-heal|p1a: Kuzko|77\/100|[from] item: Leftovers\n|-heal|p2a: Chimecho|100\/100|[from] item: Leftovers\n|upkeep\n|turn|19\n|\n|t:|1699806785\n|move|p1a: Kuzko|Nasty Plot|p1a: Kuzko\n|-boost|p1a: Kuzko|spa|2\n|move|p2a: Chimecho|Cosmic Power|p2a: Chimecho\n|-boost|p2a: Chimecho|def|1\n|-boost|p2a: Chimecho|spd|1\n|\n|-heal|p1a: Kuzko|83\/100|[from] item: Leftovers\n|upkeep\n|turn|20\n|\n|t:|1699806788\n|move|p1a: Kuzko|Shadow Ball|p2a: Chimecho\n|-damage|p2a: Chimecho|41\/100\n|-unboost|p2a: Chimecho|spd|1\n|move|p2a: Chimecho|Cosmic Power|p2a: Chimecho\n|-boost|p2a: Chimecho|def|1\n|-boost|p2a: Chimecho|spd|1\n|\n|-heal|p1a: Kuzko|89\/100|[from] item: Leftovers\n|-heal|p2a: Chimecho|47\/100|[from] item: Leftovers\n|upkeep\n|turn|21\n|\n|t:|1699806796\n|move|p1a: Kuzko|Shadow Ball|p2a: Chimecho\n|-damage|p2a: Chimecho|0 fnt\n|faint|p2a: Chimecho\n|\n|-heal|p1a: Kuzko|95\/100|[from] item: Leftovers\n|upkeep\n|\n|t:|1699806800\n|switch|p2a: Cacturne|Cacturne, M|100\/100\n|-damage|p2a: Cacturne|84\/100|[from] Spikes\n|turn|22\n|-message|Lyn0730 forfeited.\n|\n|win|Vixen 4 Life\n|raw|Vixen 4 Life's rating: 1254 &rarr; <strong>1277<\/strong><br \/>(+23 for winning)\n|raw|Lyn0730's rating: 1228 &rarr; <strong>1205<\/strong><br \/>(-23 for losing)\n|l|\u2606Lyn0730\n","uploadtime":1699807019,"views":16,"p1id":"vixen4life","p2id":"lyn0730","formatid":"gen9ou","rating":1205,"private":0,"password":""}