{"id":"gen9ou-1993378494","p1":"softbot","p2":"tuesparliasfr","format":"[Gen 9] OU","log":"|j|\u2606softbot\n|j|\u2606tuesparliasfr\n|t:|1700308999\n|gametype|singles\n|player|p1|softbot|lorelei-gen1rb|1187\n|player|p2|tuesparliasfr|265|1264\n|teamsize|p1|6\n|teamsize|p2|6\n|gen|9\n|tier|[Gen 9] OU\n|rated|\n|rule|Sleep Clause Mod: Limit one foe put to sleep\n|rule|Species Clause: Limit one of each Pok\u00e9mon\n|rule|OHKO Clause: OHKO moves are banned\n|rule|Evasion Items Clause: Evasion items are banned\n|rule|Evasion Moves Clause: Evasion moves are banned\n|rule|Endless Battle Clause: Forcing endless battles is banned\n|rule|HP Percentage Mod: HP is shown in percentages\n|clearpoke\n|poke|p1|Ceruledge, M|\n|poke|p1|Kingambit, M|\n|poke|p1|Great Tusk|\n|poke|p1|Iron Valiant|\n|poke|p1|Ogerpon-Wellspring, F|\n|poke|p1|Gholdengo|\n|poke|p2|Scizor, F|\n|poke|p2|Zapdos|\n|poke|p2|Samurott-Hisui, F|\n|poke|p2|Kommo-o, M|\n|poke|p2|Sneasler, F|\n|poke|p2|Fezandipiti, M|\n|teampreview\n|inactive|Battle timer is ON: inactive players will automatically lose when time's up. (requested by softbot)\n|\n|t:|1700309015\n|start\n|switch|p1a: Gholdengo|Gholdengo|100\/100\n|switch|p2a: Zapdos|Zapdos|100\/100\n|turn|1\n|\n|t:|1700309024\n|move|p1a: Gholdengo|Shadow Ball|p2a: Zapdos\n|-damage|p2a: Zapdos|55\/100\n|-unboost|p2a: Zapdos|spd|1\n|move|p2a: Zapdos|Heat Wave|p1a: Gholdengo\n|-supereffective|p1a: Gholdengo\n|-damage|p1a: Gholdengo|28\/100\n|\n|upkeep\n|turn|2\n|\n|t:|1700309031\n|switch|p2a: Samurott|Samurott-Hisui, F|100\/100\n|move|p1a: Gholdengo|Shadow Ball|p2a: Samurott\n|-resisted|p2a: Samurott\n|-damage|p2a: Samurott|67\/100\n|-unboost|p2a: Samurott|spd|1\n|\n|upkeep\n|turn|3\n|\n|t:|1700309038\n|move|p2a: Samurott|Ceaseless Edge|p1a: Gholdengo\n|-supereffective|p1a: Gholdengo\n|-damage|p1a: Gholdengo|0 fnt\n|-sidestart|p1: softbot|Spikes\n|faint|p1a: Gholdengo\n|\n|upkeep\n|\n|t:|1700309053\n|switch|p1a: Great Tusk|Great Tusk|100\/100\n|-damage|p1a: Great Tusk|88\/100|[from] Spikes\n|turn|4\n|\n|t:|1700309057\n|switch|p2a: Zapdos|Zapdos|55\/100\n|move|p1a: Great Tusk|Rapid Spin|p2a: Zapdos\n|-damage|p2a: Zapdos|34\/100\n|-boost|p1a: Great Tusk|spe|1\n|-damage|p1a: Great Tusk|72\/100|[from] item: Rocky Helmet|[of] p2a: Zapdos\n|-sideend|p1: softbot|Spikes|[from] move: Rapid Spin|[of] p1a: Great Tusk\n|\n|-heal|p1a: Great Tusk|78\/100|[from] item: Leftovers\n|upkeep\n|turn|5\n|\n|t:|1700309065\n|move|p1a: Great Tusk|Ice Spinner|p2a: Zapdos\n|-supereffective|p2a: Zapdos\n|-damage|p2a: Zapdos|0 fnt\n|-damage|p1a: Great Tusk|61\/100|[from] item: Rocky Helmet|[of] p2a: Zapdos\n|faint|p2a: Zapdos\n|\n|-heal|p1a: Great Tusk|68\/100|[from] item: Leftovers\n|upkeep\n|\n|t:|1700309075\n|switch|p2a: Sneasler|Sneasler, F|100\/100\n|turn|6\n|\n|t:|1700309078\n|move|p2a: Sneasler|Fake Out|p1a: Great Tusk\n|-enditem|p2a: Sneasler|Normal Gem|[from] gem\n|-damage|p1a: Great Tusk|52\/100\n|cant|p1a: Great Tusk|flinch\n|\n|-heal|p1a: Great Tusk|58\/100|[from] item: Leftovers\n|upkeep\n|turn|7\n|\n|t:|1700309084\n|-terastallize|p2a: Sneasler|Flying\n|move|p2a: Sneasler|Acrobatics|p1a: Great Tusk\n|-supereffective|p1a: Great Tusk\n|-damage|p1a: Great Tusk|0 fnt\n|faint|p1a: Great Tusk\n|-end|p1a: Great Tusk|Protosynthesis|[silent]\n|\n|upkeep\n|\n|t:|1700309105\n|switch|p1a: Ceruledge|Ceruledge, M|100\/100\n|-item|p1a: Ceruledge|Air Balloon\n|turn|8\n|\n|t:|1700309112\n|move|p2a: Sneasler|Acrobatics|p1a: Ceruledge\n|-damage|p1a: Ceruledge|15\/100\n|-ability|p1a: Ceruledge|Weak Armor|boost\n|-unboost|p1a: Ceruledge|def|1\n|-boost|p1a: Ceruledge|spe|2\n|-enditem|p1a: Ceruledge|Air Balloon\n|move|p1a: Ceruledge|Swords Dance|p1a: Ceruledge\n|-boost|p1a: Ceruledge|atk|2\n|\n|upkeep\n|turn|9\n|\n|t:|1700309120\n|move|p2a: Sneasler|Acrobatics|p1a: Ceruledge\n|-damage|p1a: Ceruledge|0 fnt\n|faint|p1a: Ceruledge\n|\n|upkeep\n|-message|softbot forfeited.\n|\n|win|tuesparliasfr\n|raw|softbot's rating: 1187 &rarr; <strong>1167<\/strong><br \/>(-20 for losing)\n|raw|tuesparliasfr's rating: 1264 &rarr; <strong>1284<\/strong><br \/>(+20 for winning)\n|l|\u2606softbot\n|c|\u2606tuesparliasfr|bro is insane\n","uploadtime":1700309135,"views":10,"p1id":"softbot","p2id":"tuesparliasfr","formatid":"gen9ou","rating":1167,"private":0,"password":""}