{"id":"gen9ou-1995018882","p1":"Egoist N1 fan","p2":"G.L.Borges","format":"[Gen 9] OU","log":"|j|\u2606Egoist N1 fan\n|j|\u2606G.L.Borges\n|inactive|Battle timer is ON: inactive players will automatically lose when time's up.\n|t:|1700513946\n|gametype|singles\n|player|p1|Egoist N1 fan|anabel|\n|player|p2|G.L.Borges|veteranf|\n|teamsize|p1|6\n|teamsize|p2|6\n|gen|9\n|tier|[Gen 9] OU\n|rated|Tournament battle\n|rule|Sleep Clause Mod: Limit one foe put to sleep\n|rule|Species Clause: Limit one of each Pok\u00e9mon\n|rule|OHKO Clause: OHKO moves are banned\n|rule|Evasion Items Clause: Evasion items are banned\n|rule|Evasion Moves Clause: Evasion moves are banned\n|rule|Endless Battle Clause: Forcing endless battles is banned\n|rule|HP Percentage Mod: HP is shown in percentages\n|clearpoke\n|poke|p1|Samurott-Hisui, M|\n|poke|p1|Slowking-Galar, M|\n|poke|p1|Zapdos|\n|poke|p1|Dragapult, M|\n|poke|p1|Tinkaton, F|\n|poke|p1|Great Tusk|\n|poke|p2|Maushold|\n|poke|p2|Rillaboom, M|\n|poke|p2|Great Tusk|\n|poke|p2|Heatran, M|\n|poke|p2|Enamorus, F|\n|poke|p2|Kingambit, F|\n|teampreview\n|inactive|G.L.Borges also wants the timer to be on.\n|j|%vkhss@!\n|c|\u2606G.L.Borges|glhf\n|j| serinoap3\n|j| Mikirae1218\n|\n|t:|1700513968\n|start\n|switch|p1a: Andrealphus|Zapdos|100\/100\n|switch|p2a: Enamorus|Enamorus, F|100\/100\n|turn|1\n|\n|t:|1700513974\n|switch|p2a: Heatran|Heatran, M|100\/100\n|move|p1a: Andrealphus|Discharge|p2a: Heatran\n|-damage|p2a: Heatran|78\/100\n|\n|-heal|p2a: Heatran|84\/100|[from] item: Leftovers\n|upkeep\n|turn|2\n|\n|t:|1700513984\n|move|p1a: Andrealphus|Discharge|p2a: Heatran\n|-damage|p2a: Heatran|62\/100\n|-status|p2a: Heatran|par\n|cant|p2a: Heatran|par\n|\n|-heal|p2a: Heatran|68\/100 par|[from] item: Leftovers\n|upkeep\n|turn|3\n|\n|t:|1700513992\n|move|p1a: Andrealphus|U-turn|p2a: Heatran\n|-resisted|p2a: Heatran\n|-damage|p2a: Heatran|66\/100 par\n|\n|t:|1700513994\n|switch|p1a: Belphegor|Samurott-Hisui, M|100\/100|[from] U-turn\n|move|p2a: Heatran|Stealth Rock|p1a: Belphegor\n|-sidestart|p1: Egoist N1 fan|move: Stealth Rock\n|\n|-heal|p2a: Heatran|72\/100 par|[from] item: Leftovers\n|upkeep\n|turn|4\n|\n|t:|1700514003\n|switch|p2a: Enamorus|Enamorus, F|100\/100\n|move|p1a: Belphegor|Ceaseless Edge|p2a: Enamorus\n|-resisted|p2a: Enamorus\n|-damage|p2a: Enamorus|65\/100\n|-sidestart|p2: G.L.Borges|Spikes\n|\n|upkeep\n|turn|5\n|\n|t:|1700514010\n|switch|p1a: Baal|Slowking-Galar, M|100\/100\n|move|p2a: Enamorus|Moonblast|p1a: Baal\n|-resisted|p1a: Baal\n|-damage|p1a: Baal|85\/100\n|\n|upkeep\n|turn|6\n|\n|t:|1700514014\n|switch|p2a: Heatran|Heatran, M|72\/100 par\n|-damage|p2a: Heatran|60\/100 par|[from] Spikes\n|move|p1a: Baal|Chilly Reception|p1a: Baal\n|-weather|Snow\n|\n|t:|1700514018\n|switch|p1a: Belphegor|Samurott-Hisui, M|100\/100|[from] Chilly Reception\n|\n|-weather|Snow|[upkeep]\n|-heal|p2a: Heatran|66\/100 par|[from] item: Leftovers\n|upkeep\n|turn|7\n|\n|t:|1700514024\n|switch|p2a: Great Tusk|Great Tusk|100\/100\n|-damage|p2a: Great Tusk|88\/100|[from] Spikes\n|move|p1a: Belphegor|Aqua Cutter|p2a: Great Tusk\n|-supereffective|p2a: Great Tusk\n|-damage|p2a: Great Tusk|29\/100\n|\n|-weather|Snow|[upkeep]\n|-heal|p2a: Great Tusk|35\/100|[from] item: Leftovers\n|upkeep\n|turn|8\n|\n|t:|1700514034\n|move|p2a: Great Tusk|Rapid Spin|p1a: Belphegor\n|-damage|p1a: Belphegor|82\/100\n|-boost|p2a: Great Tusk|spe|1\n|-sideend|p2: G.L.Borges|Spikes|[from] move: Rapid Spin|[of] p2a: Great Tusk\n|move|p1a: Belphegor|Aqua Cutter|p2a: Great Tusk\n|-supereffective|p2a: Great Tusk\n|-damage|p2a: Great Tusk|0 fnt\n|faint|p2a: Great Tusk\n|-end|p2a: Great Tusk|Protosynthesis|[silent]\n|\n|-weather|Snow|[upkeep]\n|upkeep\n|\n|t:|1700514045\n|switch|p2a: Rillaboom|Rillaboom, M|100\/100\n|-fieldstart|move: Grassy Terrain|[from] ability: Grassy Surge|[of] p2a: Rillaboom\n|turn|9\n|\n|t:|1700514050\n|switch|p1a: Andrealphus|Zapdos|100\/100\n|move|p2a: Rillaboom|Knock Off|p1a: Andrealphus\n|-damage|p1a: Andrealphus|51\/100\n|-enditem|p1a: Andrealphus|Heavy-Duty Boots|[from] move: Knock Off|[of] p2a: Rillaboom\n|\n|-weather|Snow|[upkeep]\n|upkeep\n|turn|10\n|\n|t:|1700514059\n|switch|p2a: Heatran|Heatran, M|66\/100 par\n|move|p1a: Andrealphus|U-turn|p2a: Heatran\n|-resisted|p2a: Heatran\n|-damage|p2a: Heatran|63\/100 par\n|\n|t:|1700514066\n|switch|p1a: Belphegor|Samurott-Hisui, M|82\/100|[from] U-turn\n|\n|-weather|none\n|-heal|p1a: Belphegor|89\/100|[from] Grassy Terrain\n|-heal|p2a: Heatran|69\/100 par|[from] Grassy Terrain\n|-heal|p2a: Heatran|75\/100 par|[from] item: Leftovers\n|upkeep\n|turn|11\n|\n|t:|1700514071\n|switch|p2a: Enamorus|Enamorus, F|65\/100\n|move|p1a: Belphegor|Ceaseless Edge|p2a: Enamorus\n|-resisted|p2a: Enamorus\n|-damage|p2a: Enamorus|32\/100\n|-sidestart|p2: G.L.Borges|Spikes\n|\n|-heal|p1a: Belphegor|95\/100|[from] Grassy Terrain\n|upkeep\n|turn|12\n|\n|t:|1700514084\n|switch|p2a: devindian|Kingambit, F|100\/100\n|-damage|p2a: devindian|88\/100|[from] Spikes\n|-activate|p2a: devindian|ability: Supreme Overlord\n|-start|p2a: devindian|fallen1|[silent]\n|switch|p1a: Baal|Slowking-Galar, M|100\/100\n|\n|-heal|p2a: devindian|94\/100|[from] Grassy Terrain\n|-heal|p2a: devindian|100\/100|[from] item: Leftovers\n|upkeep\n|turn|13\n|\n|t:|1700514093\n|switch|p1a: Berith|Tinkaton, F|100\/100\n|-damage|p1a: Berith|94\/100|[from] Stealth Rock\n|-ability|p1a: Berith|Mold Breaker\n|move|p2a: devindian|Iron Head|p1a: Berith\n|-damage|p1a: Berith|35\/100\n|\n|-heal|p1a: Berith|41\/100|[from] Grassy Terrain\n|-heal|p1a: Berith|47\/100|[from] item: Leftovers\n|-fieldend|move: Grassy Terrain\n|upkeep\n|turn|14\n|\n|t:|1700514110\n|switch|p1a: Behemoth|Great Tusk|100\/100\n|-damage|p1a: Behemoth|98\/100|[from] Stealth Rock\n|-end|p2a: devindian|fallen1|[silent]\n|switch|p2a: Heatran|Heatran, M|75\/100 par\n|-damage|p2a: Heatran|63\/100 par|[from] Spikes\n|\n|-heal|p1a: Behemoth|100\/100|[from] item: Leftovers\n|-heal|p2a: Heatran|69\/100 par|[from] item: Leftovers\n|upkeep\n|turn|15\n|\n|t:|1700514119\n|-end|p1a: Behemoth|Protosynthesis|[silent]\n|switch|p1a: Belphegor|Samurott-Hisui, M|95\/100\n|-terastallize|p2a: Heatran|Grass\n|move|p2a: Heatran|Magma Storm|p1a: Belphegor\n|-resisted|p1a: Belphegor\n|-damage|p1a: Belphegor|64\/100\n|-activate|p1a: Belphegor|move: Magma Storm|[of] p2a: Heatran\n|\n|-heal|p2a: Heatran|75\/100 par|[from] item: Leftovers\n|-damage|p1a: Belphegor|51\/100|[from] move: Magma Storm|[partiallytrapped]\n|upkeep\n|turn|16\n|\n|t:|1700514126\n|move|p1a: Belphegor|Ceaseless Edge|p2a: Heatran\n|-damage|p2a: Heatran|38\/100 par\n|-sidestart|p2: G.L.Borges|Spikes\n|move|p2a: Heatran|Earth Power|p1a: Belphegor\n|-damage|p1a: Belphegor|15\/100\n|\n|-heal|p2a: Heatran|44\/100 par|[from] item: Leftovers\n|-damage|p1a: Belphegor|2\/100|[from] move: Magma Storm|[partiallytrapped]\n|upkeep\n|turn|17\n|\n|t:|1700514132\n|move|p1a: Belphegor|Ceaseless Edge|p2a: Heatran\n|-damage|p2a: Heatran|8\/100 par\n|-sidestart|p2: G.L.Borges|Spikes\n|move|p2a: Heatran|Earth Power|p1a: Belphegor\n|-damage|p1a: Belphegor|0 fnt\n|faint|p1a: Belphegor\n|\n|-heal|p2a: Heatran|14\/100 par|[from] item: Leftovers\n|upkeep\n|\n|t:|1700514135\n|switch|p1a: Astaroth|Dragapult, M|100\/100\n|turn|18\n|\n|t:|1700514142\n|move|p1a: Astaroth|U-turn|p2a: Heatran\n|-supereffective|p2a: Heatran\n|-damage|p2a: Heatran|0 fnt\n|faint|p2a: Heatran\n|\n|t:|1700514149\n|switch|p1a: Berith|Tinkaton, F|47\/100|[from] U-turn\n|-damage|p1a: Berith|41\/100|[from] Stealth Rock\n|-ability|p1a: Berith|Mold Breaker\n|\n|-heal|p1a: Berith|47\/100|[from] item: Leftovers\n|upkeep\n|\n|t:|1700514156\n|switch|p2a: Enamorus|Enamorus, F|32\/100\n|turn|19\n|\n|t:|1700514163\n|switch|p1a: Baal|Slowking-Galar, M|100\/100\n|move|p2a: Enamorus|Earth Power|p1a: Baal\n|-supereffective|p1a: Baal\n|-damage|p1a: Baal|64\/100\n|\n|upkeep\n|turn|20\n|\n|t:|1700514171\n|move|p2a: Enamorus|Earth Power|p1a: Baal\n|-supereffective|p1a: Baal\n|-damage|p1a: Baal|24\/100\n|move|p1a: Baal|Chilly Reception|p1a: Baal\n|-weather|Snow\n|\n|t:|1700514174\n|switch|p1a: Andrealphus|Zapdos|51\/100|[from] Chilly Reception\n|-damage|p1a: Andrealphus|26\/100|[from] Stealth Rock\n|\n|-weather|Snow|[upkeep]\n|upkeep\n|turn|21\n|\n|t:|1700514180\n|switch|p2a: Maushold|Maushold|100\/100\n|-damage|p2a: Maushold|76\/100|[from] Spikes\n|move|p1a: Andrealphus|Discharge|p2a: Maushold\n|-damage|p2a: Maushold|29\/100\n|\n|-weather|Snow|[upkeep]\n|upkeep\n|turn|22\n|\n|t:|1700514186\n|move|p2a: Maushold|Tidy Up|p2a: Maushold\n|-sideend|p2: G.L.Borges|Spikes\n|-sideend|p1: Egoist N1 fan|Stealth Rock\n|-activate|p2a: Maushold|move: Tidy Up\n|-boost|p2a: Maushold|atk|1\n|-boost|p2a: Maushold|spe|1\n|move|p1a: Andrealphus|Discharge|p2a: Maushold\n|-damage|p2a: Maushold|0 fnt\n|faint|p2a: Maushold\n|\n|-weather|Snow|[upkeep]\n|upkeep\n|j| GiantStonker\n|\n|t:|1700514190\n|switch|p2a: Enamorus|Enamorus, F|32\/100\n|turn|23\n|\n|t:|1700514199\n|move|p2a: Enamorus|Moonblast|p1a: Andrealphus\n|-damage|p1a: Andrealphus|0 fnt\n|faint|p1a: Andrealphus\n|\n|-weather|Snow|[upkeep]\n|upkeep\n|\n|t:|1700514202\n|switch|p1a: Baal|Slowking-Galar, M|57\/100\n|turn|24\n|\n|t:|1700514207\n|move|p2a: Enamorus|Moonblast|p1a: Baal\n|-resisted|p1a: Baal\n|-damage|p1a: Baal|42\/100\n|-unboost|p1a: Baal|spa|1\n|move|p1a: Baal|Chilly Reception|p1a: Baal\n|j| Rextestear\n|\n|t:|1700514212\n|switch|p1a: Berith|Tinkaton, F|47\/100|[from] Chilly Reception\n|-ability|p1a: Berith|Mold Breaker\n|\n|-weather|none\n|-heal|p1a: Berith|53\/100|[from] item: Leftovers\n|upkeep\n|turn|25\n|\n|t:|1700514216\n|move|p2a: Enamorus|Moonblast|p1a: Berith\n|-resisted|p1a: Berith\n|-damage|p1a: Berith|32\/100\n|move|p1a: Berith|Stealth Rock|p2a: Enamorus\n|-sidestart|p2: G.L.Borges|move: Stealth Rock\n|\n|-heal|p1a: Berith|38\/100|[from] item: Leftovers\n|upkeep\n|turn|26\n|\n|t:|1700514221\n|switch|p1a: Baal|Slowking-Galar, M|75\/100\n|move|p2a: Enamorus|Moonblast|p1a: Baal\n|-resisted|p1a: Baal\n|-damage|p1a: Baal|60\/100\n|\n|upkeep\n|turn|27\n|\n|t:|1700514223\n|switch|p2a: devindian|Kingambit, F|100\/100\n|-damage|p2a: devindian|94\/100|[from] Stealth Rock\n|-activate|p2a: devindian|ability: Supreme Overlord\n|-start|p2a: devindian|fallen3|[silent]\n|move|p1a: Baal|Chilly Reception|p1a: Baal\n|-weather|Snow\n|\n|t:|1700514234\n|switch|p1a: Berith|Tinkaton, F|38\/100|[from] Chilly Reception\n|-ability|p1a: Berith|Mold Breaker\n|\n|-weather|Snow|[upkeep]\n|-heal|p1a: Berith|44\/100|[from] item: Leftovers\n|-heal|p2a: devindian|100\/100|[from] item: Leftovers\n|upkeep\n|turn|28\n|\n|t:|1700514237\n|move|p1a: Berith|Knock Off|p2a: devindian\n|-resisted|p2a: devindian\n|-damage|p2a: devindian|94\/100\n|-enditem|p2a: devindian|Leftovers|[from] move: Knock Off|[of] p1a: Berith\n|move|p2a: devindian|Iron Head|p1a: Berith\n|-crit|p1a: Berith\n|-damage|p1a: Berith|0 fnt\n|faint|p1a: Berith\n|\n|-weather|Snow|[upkeep]\n|upkeep\n|\n|t:|1700514244\n|switch|p1a: Astaroth|Dragapult, M|100\/100\n|turn|29\n|\n|t:|1700514251\n|move|p1a: Astaroth|Will-O-Wisp|p2a: devindian\n|-status|p2a: devindian|brn\n|move|p2a: devindian|Iron Head|p1a: Astaroth\n|-damage|p1a: Astaroth|56\/100\n|\n|-weather|Snow|[upkeep]\n|-damage|p2a: devindian|87\/100 brn|[from] brn\n|upkeep\n|turn|30\n|\n|t:|1700514257\n|switch|p1a: Behemoth|Great Tusk|100\/100\n|-end|p2a: devindian|fallen3|[silent]\n|switch|p2a: Rillaboom|Rillaboom, M|100\/100\n|-damage|p2a: Rillaboom|88\/100|[from] Stealth Rock\n|-fieldstart|move: Grassy Terrain|[from] ability: Grassy Surge|[of] p2a: Rillaboom\n|\n|-weather|Snow|[upkeep]\n|-heal|p2a: Rillaboom|94\/100|[from] Grassy Terrain\n|upkeep\n|turn|31\n|\n|t:|1700514265\n|-terastallize|p1a: Behemoth|Dragon\n|move|p1a: Behemoth|Rapid Spin|p2a: Rillaboom\n|-damage|p2a: Rillaboom|79\/100\n|-boost|p1a: Behemoth|spe|1\n|move|p2a: Rillaboom|Knock Off|p1a: Behemoth\n|-damage|p1a: Behemoth|68\/100\n|-enditem|p1a: Behemoth|Leftovers|[from] move: Knock Off|[of] p2a: Rillaboom\n|\n|-weather|none\n|-heal|p1a: Behemoth|74\/100|[from] Grassy Terrain\n|-heal|p2a: Rillaboom|85\/100|[from] Grassy Terrain\n|upkeep\n|turn|32\n|\n|t:|1700514273\n|switch|p2a: devindian|Kingambit, F|87\/100 brn\n|-damage|p2a: devindian|81\/100 brn|[from] Stealth Rock\n|-activate|p2a: devindian|ability: Supreme Overlord\n|-start|p2a: devindian|fallen3|[silent]\n|move|p1a: Behemoth|Rapid Spin|p2a: devindian\n|-resisted|p2a: devindian\n|-damage|p2a: devindian|75\/100 brn\n|-boost|p1a: Behemoth|spe|1\n|\n|-heal|p1a: Behemoth|81\/100|[from] Grassy Terrain\n|-heal|p2a: devindian|82\/100 brn|[from] Grassy Terrain\n|-damage|p2a: devindian|75\/100 brn|[from] brn\n|upkeep\n|turn|33\n|\n|t:|1700514278\n|move|p2a: devindian|Sucker Punch||[still]\n|-fail|p2a: devindian\n|move|p1a: Behemoth|Bulk Up|p1a: Behemoth\n|-boost|p1a: Behemoth|atk|1\n|-boost|p1a: Behemoth|def|1\n|\n|-heal|p1a: Behemoth|87\/100|[from] Grassy Terrain\n|-heal|p2a: devindian|82\/100 brn|[from] Grassy Terrain\n|-damage|p2a: devindian|75\/100 brn|[from] brn\n|upkeep\n|turn|34\n|j|+boe\n|\n|t:|1700514287\n|move|p1a: Behemoth|Headlong Rush|p2a: devindian\n|-supereffective|p2a: devindian\n|-damage|p2a: devindian|0 fnt\n|-unboost|p1a: Behemoth|def|1\n|-unboost|p1a: Behemoth|spd|1\n|faint|p2a: devindian\n|-end|p2a: devindian|fallen3|[silent]\n|\n|-heal|p1a: Behemoth|93\/100|[from] Grassy Terrain\n|-fieldend|move: Grassy Terrain\n|upkeep\n|\n|t:|1700514291\n|switch|p2a: Enamorus|Enamorus, F|32\/100\n|-damage|p2a: Enamorus|7\/100|[from] Stealth Rock\n|turn|35\n|\n|t:|1700514295\n|move|p1a: Behemoth|Ice Spinner|p2a: Enamorus\n|-supereffective|p2a: Enamorus\n|-damage|p2a: Enamorus|0 fnt\n|faint|p2a: Enamorus\n|\n|upkeep\n|\n|t:|1700514297\n|switch|p2a: Rillaboom|Rillaboom, M|85\/100\n|-damage|p2a: Rillaboom|73\/100|[from] Stealth Rock\n|-fieldstart|move: Grassy Terrain|[from] ability: Grassy Surge|[of] p2a: Rillaboom\n|turn|36\n|\n|t:|1700514301\n|move|p2a: Rillaboom|Grassy Glide|p1a: Behemoth\n|-resisted|p1a: Behemoth\n|-damage|p1a: Behemoth|75\/100\n|move|p1a: Behemoth|Ice Spinner|p2a: Rillaboom\n|-supereffective|p2a: Rillaboom\n|-damage|p2a: Rillaboom|0 fnt\n|-fieldend|move: Grassy Terrain\n|faint|p2a: Rillaboom\n|\n|win|Egoist N1 fan\n|n|\u2606Egoist N1 fan|egoistn1fan\n|n|\u2606G.L.Borges|glborges\n|n| vkhss@!|vkhss\n|n| serinoap3|serinoap3\n|n| Mikirae1218|mikirae1218\n|n| GiantStonker|giantstonker\n|n| Rextestear|rextestear\n|n|+boe|boe\n","uploadtime":1700514303,"views":7,"p1id":"egoistn1fan","p2id":"glborges","formatid":"gen9ou","rating":0,"private":0,"password":""}