{"id":"gen9ou-1998226332","p1":"SCHIZODROOLER98","p2":"Queen Furina","format":"[Gen 9] OU","log":"|j|\u2606SCHIZODROOLER98\n|j|\u2606Queen Furina\n|t:|1700916003\n|gametype|singles\n|player|p1|SCHIZODROOLER98|medium|1584\n|player|p2|Queen Furina|winona|1687\n|teamsize|p1|6\n|teamsize|p2|6\n|gen|9\n|tier|[Gen 9] OU\n|rated|\n|rule|Sleep Clause Mod: Limit one foe put to sleep\n|rule|Species Clause: Limit one of each Pok\u00e9mon\n|rule|OHKO Clause: OHKO moves are banned\n|rule|Evasion Items Clause: Evasion items are banned\n|rule|Evasion Moves Clause: Evasion moves are banned\n|rule|Endless Battle Clause: Forcing endless battles is banned\n|rule|HP Percentage Mod: HP is shown in percentages\n|clearpoke\n|poke|p1|Ninetales-Alola, F|\n|poke|p1|Slowbro-Galar, M|\n|poke|p1|Enamorus-Therian, F|\n|poke|p1|Iron Hands|\n|poke|p1|Kingambit, M|\n|poke|p1|Ceruledge, M|\n|poke|p2|Weavile, F|\n|poke|p2|Weezing-Galar, M|\n|poke|p2|Alomomola, M|\n|poke|p2|Ting-Lu|\n|poke|p2|Corviknight, F|\n|poke|p2|Dondozo, F|\n|teampreview\n|inactive|Battle timer is ON: inactive players will automatically lose when time's up. (requested by Queen Furina)\n|\n|t:|1700916010\n|start\n|switch|p1a: ASTAGHFIRULLAH|Enamorus-Therian, F, shiny|100\/100\n|switch|p2a: Weavile|Weavile, F|100\/100\n|-ability|p2a: Weavile|Pressure\n|turn|1\n|\n|t:|1700916021\n|-terastallize|p1a: ASTAGHFIRULLAH|Water\n|move|p2a: Weavile|Substitute|p2a: Weavile\n|-start|p2a: Weavile|Substitute\n|-damage|p2a: Weavile|76\/100\n|move|p1a: ASTAGHFIRULLAH|Calm Mind|p1a: ASTAGHFIRULLAH\n|-boost|p1a: ASTAGHFIRULLAH|spa|1\n|-boost|p1a: ASTAGHFIRULLAH|spd|1\n|\n|-heal|p2a: Weavile|82\/100|[from] item: Leftovers\n|upkeep\n|turn|2\n|\n|t:|1700916031\n|move|p2a: Weavile|Knock Off|p1a: ASTAGHFIRULLAH\n|-damage|p1a: ASTAGHFIRULLAH|66\/100\n|-enditem|p1a: ASTAGHFIRULLAH|Quick Claw|[from] move: Knock Off|[of] p2a: Weavile\n|move|p1a: ASTAGHFIRULLAH|Moonblast|p2a: Weavile\n|-supereffective|p2a: Weavile\n|-end|p2a: Weavile|Substitute\n|\n|-heal|p2a: Weavile|88\/100|[from] item: Leftovers\n|upkeep\n|turn|3\n|\n|t:|1700916041\n|switch|p2a: Corviknight|Corviknight, F|100\/100\n|-ability|p2a: Corviknight|Pressure\n|move|p1a: ASTAGHFIRULLAH|Calm Mind|p1a: ASTAGHFIRULLAH\n|-boost|p1a: ASTAGHFIRULLAH|spa|1\n|-boost|p1a: ASTAGHFIRULLAH|spd|1\n|\n|upkeep\n|turn|4\n|\n|t:|1700916047\n|switch|p2a: Dondozo|Dondozo, F|100\/100\n|move|p1a: ASTAGHFIRULLAH|Mystical Fire|p2a: Dondozo\n|-resisted|p2a: Dondozo\n|-damage|p2a: Dondozo|92\/100\n|\n|upkeep\n|turn|5\n|\n|t:|1700916051\n|move|p1a: ASTAGHFIRULLAH|Moonblast|p2a: Dondozo\n|-damage|p2a: Dondozo|55\/100\n|move|p2a: Dondozo|Curse|p2a: Dondozo\n|-unboost|p2a: Dondozo|spe|1\n|-boost|p2a: Dondozo|atk|1\n|-boost|p2a: Dondozo|def|1\n|\n|upkeep\n|turn|6\n|j| Evil T-tar\n|l| Evil T-tar\n|\n|t:|1700916065\n|move|p1a: ASTAGHFIRULLAH|Moonblast|p2a: Dondozo\n|-damage|p2a: Dondozo|20\/100\n|move|p2a: Dondozo|Earthquake|p1a: ASTAGHFIRULLAH\n|-damage|p1a: ASTAGHFIRULLAH|38\/100\n|\n|upkeep\n|turn|7\n|\n|t:|1700916073\n|switch|p2a: Weezing|Weezing-Galar, M|100\/100\n|-ability|p2a: Weezing|Neutralizing Gas\n|move|p1a: ASTAGHFIRULLAH|Moonblast|p2a: Weezing\n|-resisted|p2a: Weezing\n|-damage|p2a: Weezing|24\/100\n|\n|upkeep\n|turn|8\n|\n|t:|1700916080\n|move|p2a: Weezing|Sludge Bomb|p1a: ASTAGHFIRULLAH\n|-damage|p1a: ASTAGHFIRULLAH|24\/100\n|move|p1a: ASTAGHFIRULLAH|Moonblast|p2a: Weezing\n|-resisted|p2a: Weezing\n|-damage|p2a: Weezing|0 fnt\n|faint|p2a: Weezing\n|-end|p2a: Weezing|ability: Neutralizing Gas\n|\n|upkeep\n|\n|t:|1700916087\n|switch|p2a: Weavile|Weavile, F|88\/100\n|-ability|p2a: Weavile|Pressure\n|turn|9\n|\n|t:|1700916091\n|move|p2a: Weavile|Poison Jab|p1a: ASTAGHFIRULLAH\n|-damage|p1a: ASTAGHFIRULLAH|4\/100\n|move|p1a: ASTAGHFIRULLAH|Moonblast|p2a: Weavile\n|-supereffective|p2a: Weavile\n|-damage|p2a: Weavile|0 fnt\n|faint|p2a: Weavile\n|\n|upkeep\n|\n|t:|1700916095\n|switch|p2a: Corviknight|Corviknight, F|100\/100\n|-ability|p2a: Corviknight|Pressure\n|turn|10\n|\n|t:|1700916097\n|move|p2a: Corviknight|Body Press|p1a: ASTAGHFIRULLAH\n|-damage|p1a: ASTAGHFIRULLAH|0 fnt\n|faint|p1a: ASTAGHFIRULLAH\n|\n|upkeep\n|\n|t:|1700916100\n|switch|p1a: SKILL ISSUE|Slowbro-Galar, M, shiny|100\/100\n|turn|11\n|\n|t:|1700916109\n|switch|p2a: Ting-Lu|Ting-Lu|100\/100\n|-ability|p2a: Ting-Lu|Vessel of Ruin\n|move|p1a: SKILL ISSUE|Nasty Plot|p1a: SKILL ISSUE\n|-boost|p1a: SKILL ISSUE|spa|2\n|\n|upkeep\n|turn|12\n|\n|t:|1700916113\n|move|p2a: Ting-Lu|Earthquake|p1a: SKILL ISSUE\n|-supereffective|p1a: SKILL ISSUE\n|-damage|p1a: SKILL ISSUE|30\/100\n|move|p1a: SKILL ISSUE|Focus Blast|p2a: Ting-Lu\n|-supereffective|p2a: Ting-Lu\n|-damage|p2a: Ting-Lu|32\/100\n|\n|-heal|p2a: Ting-Lu|38\/100|[from] item: Leftovers\n|upkeep\n|turn|13\n|-activate|p1a: SKILL ISSUE|ability: Quick Draw\n|\n|t:|1700916120\n|move|p1a: SKILL ISSUE|Surf|p2a: Ting-Lu\n|-supereffective|p2a: Ting-Lu\n|-damage|p2a: Ting-Lu|0 fnt\n|faint|p2a: Ting-Lu\n|\n|upkeep\n|\n|t:|1700916123\n|switch|p2a: Dondozo|Dondozo, F|20\/100\n|turn|14\n|-activate|p1a: SKILL ISSUE|ability: Quick Draw\n|\n|t:|1700916125\n|move|p1a: SKILL ISSUE|Psyshock|p2a: Dondozo\n|-damage|p2a: Dondozo|0 fnt\n|faint|p2a: Dondozo\n|\n|upkeep\n|\n|t:|1700916128\n|switch|p2a: Alomomola|Alomomola, M|100\/100\n|turn|15\n|\n|t:|1700916132\n|move|p1a: SKILL ISSUE|Focus Blast|p2a: Alomomola\n|-damage|p2a: Alomomola|36\/100\n|move|p2a: Alomomola|Mirror Coat|p1a: SKILL ISSUE\n|-damage|p1a: SKILL ISSUE|0 fnt\n|faint|p1a: SKILL ISSUE\n|\n|-heal|p2a: Alomomola|42\/100|[from] item: Leftovers\n|upkeep\n|\n|t:|1700916136\n|switch|p1a: MIDWEST FURFEST|Ninetales-Alola, F, shiny|100\/100\n|-weather|Snow|[from] ability: Snow Warning|[of] p1a: MIDWEST FURFEST\n|turn|16\n|\n|t:|1700916152\n|move|p1a: MIDWEST FURFEST|Aurora Veil|p1a: MIDWEST FURFEST\n|-sidestart|p1: SCHIZODROOLER98|move: Aurora Veil\n|move|p2a: Alomomola|Wish|p2a: Alomomola\n|\n|-weather|Snow|[upkeep]\n|-heal|p2a: Alomomola|48\/100|[from] item: Leftovers\n|upkeep\n|turn|17\n|\n|t:|1700916155\n|switch|p1a: DEEZ HANDS|Iron Hands|100\/100\n|switch|p2a: Corviknight|Corviknight, F|100\/100\n|-ability|p2a: Corviknight|Pressure\n|\n|-weather|Snow|[upkeep]\n|upkeep\n|turn|18\n|\n|t:|1700916161\n|move|p2a: Corviknight|Iron Defense|p2a: Corviknight\n|-boost|p2a: Corviknight|def|2\n|move|p1a: DEEZ HANDS|Swords Dance|p1a: DEEZ HANDS\n|-boost|p1a: DEEZ HANDS|atk|2\n|\n|-weather|Snow|[upkeep]\n|upkeep\n|turn|19\n|\n|t:|1700916165\n|move|p2a: Corviknight|Iron Defense|p2a: Corviknight\n|-boost|p2a: Corviknight|def|2\n|move|p1a: DEEZ HANDS|Swords Dance|p1a: DEEZ HANDS\n|-boost|p1a: DEEZ HANDS|atk|2\n|\n|-weather|Snow|[upkeep]\n|upkeep\n|turn|20\n|\n|t:|1700916190\n|move|p2a: Corviknight|Iron Defense|p2a: Corviknight\n|-boost|p2a: Corviknight|def|2\n|move|p1a: DEEZ HANDS|Swords Dance|p1a: DEEZ HANDS\n|-boost|p1a: DEEZ HANDS|atk|2\n|\n|-weather|none\n|upkeep\n|turn|21\n|-activate|p1a: DEEZ HANDS|item: Quick Claw\n|\n|t:|1700916194\n|move|p1a: DEEZ HANDS|Thunder Punch|p2a: Corviknight\n|-supereffective|p2a: Corviknight\n|-damage|p2a: Corviknight|39\/100\n|-damage|p1a: DEEZ HANDS|84\/100|[from] item: Rocky Helmet|[of] p2a: Corviknight\n|move|p2a: Corviknight|Body Press|p1a: DEEZ HANDS\n|-damage|p1a: DEEZ HANDS|51\/100\n|\n|upkeep\n|turn|22\n|\n|t:|1700916205\n|move|p2a: Corviknight|Roost|p2a: Corviknight\n|-heal|p2a: Corviknight|89\/100\n|-singleturn|p2a: Corviknight|move: Roost\n|move|p1a: DEEZ HANDS|Drain Punch|p2a: Corviknight\n|-supereffective|p2a: Corviknight\n|-damage|p2a: Corviknight|35\/100\n|-heal|p1a: DEEZ HANDS|72\/100|[from] drain|[of] p2a: Corviknight\n|-damage|p1a: DEEZ HANDS|55\/100|[from] item: Rocky Helmet|[of] p2a: Corviknight\n|\n|upkeep\n|turn|23\n|\n|t:|1700916216\n|move|p2a: Corviknight|Body Press|p1a: DEEZ HANDS\n|-damage|p1a: DEEZ HANDS|23\/100\n|move|p1a: DEEZ HANDS|Thunder Punch|p2a: Corviknight\n|-supereffective|p2a: Corviknight\n|-damage|p2a: Corviknight|0 fnt\n|-damage|p1a: DEEZ HANDS|6\/100|[from] item: Rocky Helmet|[of] p2a: Corviknight\n|faint|p2a: Corviknight\n|\n|-sideend|p1: SCHIZODROOLER98|move: Aurora Veil\n|upkeep\n|-message|Queen Furina forfeited.\n|\n|win|SCHIZODROOLER98\n|raw|SCHIZODROOLER98's rating: 1584 &rarr; <strong>1610<\/strong><br \/>(+26 for winning)\n|raw|Queen Furina's rating: 1687 &rarr; <strong>1661<\/strong><br \/>(-26 for losing)\n","uploadtime":1700916226,"views":6,"p1id":"schizodrooler98","p2id":"queenfurina","formatid":"gen9ou","rating":1610,"private":0,"password":""}