{"id":"gen9ou-1988907240","p1":"sussy frfr nocap","p2":"Sentimenla22441","format":"[Gen 9] OU","log":"|j|\u2606sussy frfr nocap\n|j|\u2606Sentimenla22441\n|t:|1699785443\n|gametype|singles\n|player|p1|sussy frfr nocap|169|1224\n|player|p2|Sentimenla22441|2|1202\n|teamsize|p1|6\n|teamsize|p2|6\n|gen|9\n|tier|[Gen 9] OU\n|rated|\n|rule|Sleep Clause Mod: Limit one foe put to sleep\n|rule|Species Clause: Limit one of each Pok\u00e9mon\n|rule|OHKO Clause: OHKO moves are banned\n|rule|Evasion Items Clause: Evasion items are banned\n|rule|Evasion Moves Clause: Evasion moves are banned\n|rule|Endless Battle Clause: Forcing endless battles is banned\n|rule|HP Percentage Mod: HP is shown in percentages\n|clearpoke\n|poke|p1|Dragonite, F|\n|poke|p1|Manaphy|\n|poke|p1|Armarouge, F|\n|poke|p1|Cinderace, F|\n|poke|p1|Grimmsnarl, M|\n|poke|p1|Conkeldurr, F|\n|poke|p2|Torterra, M|\n|poke|p2|Ninetales-Alola, F|\n|poke|p2|Haxorus, F|\n|poke|p2|Quaquaval, M|\n|poke|p2|Ceruledge, M|\n|poke|p2|Kleavor, F|\n|teampreview\n|inactive|Battle timer is ON: inactive players will automatically lose when time's up. (requested by sussy frfr nocap)\n|\n|t:|1699785448\n|start\n|switch|p1a: Grimmsnarl|Grimmsnarl, M|100\/100\n|switch|p2a: Kleavor|Kleavor, F|100\/100\n|turn|1\n|\n|t:|1699785457\n|move|p1a: Grimmsnarl|Reflect|p1a: Grimmsnarl\n|-sidestart|p1: sussy frfr nocap|Reflect\n|move|p2a: Kleavor|Stone Axe|p1a: Grimmsnarl\n|-damage|p1a: Grimmsnarl|66\/100\n|-sidestart|p1: sussy frfr nocap|move: Stealth Rock\n|\n|upkeep\n|turn|2\n|\n|t:|1699785475\n|switch|p2a: Quaquaval|Quaquaval, M|100\/100\n|move|p1a: Grimmsnarl|Parting Shot|p2a: Quaquaval\n|-unboost|p2a: Quaquaval|atk|1\n|-unboost|p2a: Quaquaval|spa|1\n|\n|t:|1699785481\n|switch|p1a: Armarouge|Armarouge, F|100\/100|[from] Parting Shot\n|-damage|p1a: Armarouge|76\/100|[from] Stealth Rock\n|\n|upkeep\n|turn|3\n|\n|t:|1699785490\n|move|p1a: Armarouge|Calm Mind|p1a: Armarouge\n|-boost|p1a: Armarouge|spa|1\n|-boost|p1a: Armarouge|spd|1\n|move|p2a: Quaquaval|Aqua Step|p1a: Armarouge\n|-supereffective|p1a: Armarouge\n|-damage|p1a: Armarouge|48\/100\n|-boost|p2a: Quaquaval|spe|1\n|-ability|p1a: Armarouge|Weak Armor|boost\n|-unboost|p1a: Armarouge|def|1\n|-boost|p1a: Armarouge|spe|2\n|-enditem|p1a: Armarouge|Weakness Policy\n|-boost|p1a: Armarouge|atk|2|[from] item: Weakness Policy\n|-boost|p1a: Armarouge|spa|2|[from] item: Weakness Policy\n|\n|upkeep\n|turn|4\n|\n|t:|1699785501\n|switch|p2a: Ninetales|Ninetales-Alola, F, shiny|100\/100\n|-weather|Snow|[from] ability: Snow Warning|[of] p2a: Ninetales\n|move|p1a: Armarouge|Energy Ball|p2a: Ninetales\n|-damage|p2a: Ninetales|16\/100\n|\n|-weather|Snow|[upkeep]\n|upkeep\n|turn|5\n|\n|t:|1699785512\n|move|p1a: Armarouge|Stored Power|p2a: Ninetales\n|-damage|p2a: Ninetales|0 fnt\n|faint|p2a: Ninetales\n|\n|-weather|Snow|[upkeep]\n|upkeep\n|\n|t:|1699785519\n|switch|p2a: Quaquaval|Quaquaval, M|100\/100\n|turn|6\n|\n|t:|1699785521\n|move|p1a: Armarouge|Energy Ball|p2a: Quaquaval\n|-supereffective|p2a: Quaquaval\n|-damage|p2a: Quaquaval|0 fnt\n|faint|p2a: Quaquaval\n|\n|-weather|Snow|[upkeep]\n|upkeep\n|\n|t:|1699785526\n|switch|p2a: Kleavor|Kleavor, F|100\/100\n|turn|7\n|\n|t:|1699785541\n|move|p1a: Armarouge|Stored Power|p2a: Kleavor\n|-damage|p2a: Kleavor|0 fnt\n|faint|p2a: Kleavor\n|\n|-weather|Snow|[upkeep]\n|upkeep\n|\n|t:|1699785549\n|switch|p2a: Ceruledge|Ceruledge, M|100\/100\n|turn|8\n|\n|t:|1699785565\n|-terastallize|p2a: Ceruledge|Ghost\n|move|p2a: Ceruledge|Shadow Sneak|p1a: Armarouge\n|-supereffective|p1a: Armarouge\n|-damage|p1a: Armarouge|2\/100\n|-ability|p1a: Armarouge|Weak Armor|boost\n|-unboost|p1a: Armarouge|def|1\n|-boost|p1a: Armarouge|spe|2\n|move|p1a: Armarouge|Stored Power|p2a: Ceruledge\n|-enditem|p2a: Ceruledge|Focus Sash\n|-damage|p2a: Ceruledge|1\/100\n|\n|-weather|none\n|-sideend|p1: sussy frfr nocap|Reflect\n|upkeep\n|turn|9\n|\n|t:|1699785579\n|move|p2a: Ceruledge|Shadow Sneak|p1a: Armarouge\n|-supereffective|p1a: Armarouge\n|-damage|p1a: Armarouge|0 fnt\n|faint|p1a: Armarouge\n|\n|upkeep\n|\n|t:|1699785583\n|switch|p1a: Cinderace|Cinderace, F|100\/100\n|turn|10\n|\n|t:|1699785598\n|move|p2a: Ceruledge|Shadow Sneak|p1a: Cinderace\n|-damage|p1a: Cinderace|55\/100\n|move|p1a: Cinderace|Court Change|p1a: Cinderace\n|-swapsideconditions\n|-activate|p1a: Cinderace|move: Court Change\n|\n|upkeep\n|turn|11\n|\n|t:|1699785603\n|move|p1a: Cinderace|Sucker Punch|p2a: Ceruledge\n|-supereffective|p2a: Ceruledge\n|-damage|p2a: Ceruledge|0 fnt\n|faint|p2a: Ceruledge\n|\n|upkeep\n|\n|t:|1699785611\n|switch|p2a: Haxorus|Haxorus, F, shiny|100\/100\n|-damage|p2a: Haxorus|88\/100|[from] Stealth Rock\n|-ability|p2a: Haxorus|Mold Breaker\n|turn|12\n|\n|t:|1699785622\n|move|p1a: Cinderace|Pyro Ball|p2a: Haxorus\n|-resisted|p2a: Haxorus\n|-damage|p2a: Haxorus|52\/100\n|move|p2a: Haxorus|Scale Shot|p1a: Cinderace\n|-crit|p1a: Cinderace\n|-damage|p1a: Cinderace|24\/100\n|-damage|p1a: Cinderace|3\/100\n|-damage|p1a: Cinderace|0 fnt\n|faint|p1a: Cinderace\n|-hitcount|p1: Cinderace|3\n|-unboost|p2a: Haxorus|def|1\n|-boost|p2a: Haxorus|spe|1\n|\n|upkeep\n|\n|t:|1699785633\n|switch|p1a: Grimmsnarl|Grimmsnarl, M|66\/100\n|turn|13\n|\n|t:|1699785646\n|move|p1a: Grimmsnarl|Reflect|p1a: Grimmsnarl\n|-sidestart|p1: sussy frfr nocap|Reflect\n|move|p2a: Haxorus|Earthquake|p1a: Grimmsnarl\n|-damage|p1a: Grimmsnarl|41\/100\n|\n|upkeep\n|turn|14\n|\n|t:|1699785653\n|move|p1a: Grimmsnarl|Parting Shot|p2a: Haxorus\n|-unboost|p2a: Haxorus|atk|1\n|-unboost|p2a: Haxorus|spa|1\n|\n|t:|1699785656\n|switch|p1a: Dragonite|Dragonite, F|100\/100|[from] Parting Shot\n|move|p2a: Haxorus|Earthquake|p1a: Dragonite\n|-immune|p1a: Dragonite\n|\n|upkeep\n|turn|15\n|\n|t:|1699785663\n|-terastallize|p1a: Dragonite|Normal\n|move|p2a: Haxorus|Scale Shot|p1a: Dragonite|[miss]\n|-miss|p2a: Haxorus|p1a: Dragonite\n|move|p1a: Dragonite|Dragon Dance|p1a: Dragonite\n|-boost|p1a: Dragonite|atk|1\n|-boost|p1a: Dragonite|spe|1\n|\n|upkeep\n|turn|16\n|\n|t:|1699785669\n|move|p2a: Haxorus|Earthquake|p1a: Dragonite\n|-damage|p1a: Dragonite|86\/100\n|move|p1a: Dragonite|Dragon Dance|p1a: Dragonite\n|-boost|p1a: Dragonite|atk|1\n|-boost|p1a: Dragonite|spe|1\n|\n|upkeep\n|turn|17\n|\n|t:|1699785675\n|move|p1a: Dragonite|Extreme Speed|p2a: Haxorus\n|-damage|p2a: Haxorus|0 fnt\n|faint|p2a: Haxorus\n|\n|upkeep\n|l|\u2606Sentimenla22441\n|inactive|Sentimenla22441 disconnected and has a minute to reconnect!\n|player|p2|\n|c|\u2606sussy frfr nocap|wow disconnect?\n|c|\u2606sussy frfr nocap|gg no re\n|inactive|Sentimenla22441 has 30 seconds to reconnect!\n|inactive|Sentimenla22441 has 20 seconds to reconnect!\n|inactive|Sentimenla22441 has 15 seconds to reconnect!\n|inactive|Sentimenla22441 has 10 seconds to reconnect!\n|inactive|Sentimenla22441 has 5 seconds to reconnect!\n|-message|Sentimenla22441 lost due to inactivity.\n|\n|win|sussy frfr nocap\n|raw|sussy frfr nocap's rating: 1224 &rarr; <strong>1247<\/strong><br \/>(+23 for winning)\n|raw|Sentimenla22441's rating: 1202 &rarr; <strong>1179<\/strong><br \/>(-23 for losing)\n","uploadtime":1699785895,"views":13,"p1id":"sussyfrfrnocap","p2id":"sentimenla22441","formatid":"gen9ou","rating":1179,"private":0,"password":""}