{"id":"gen9ou-1988660379","p1":"pogchimp970314","p2":"Foosyyy","format":"[Gen 9] OU","log":"|j|\u2606pogchimp970314\n|j|\u2606Foosyyy\n|inactive|Battle timer is ON: inactive players will automatically lose when time's up.\n|t:|1699747423\n|gametype|singles\n|player|p1|pogchimp970314|mai|\n|player|p2|Foosyyy|169|\n|teamsize|p1|6\n|teamsize|p2|6\n|gen|9\n|tier|[Gen 9] OU\n|rated|Tournament battle\n|rule|Sleep Clause Mod: Limit one foe put to sleep\n|rule|Species Clause: Limit one of each Pok\u00e9mon\n|rule|OHKO Clause: OHKO moves are banned\n|rule|Evasion Items Clause: Evasion items are banned\n|rule|Evasion Moves Clause: Evasion moves are banned\n|rule|Endless Battle Clause: Forcing endless battles is banned\n|rule|HP Percentage Mod: HP is shown in percentages\n|clearpoke\n|poke|p1|Tropius, F|\n|poke|p1|Abomasnow, M|\n|poke|p1|Flapple, M|\n|poke|p1|Volcanion|\n|poke|p1|Gyarados, F|\n|poke|p1|Ogerpon, F|\n|poke|p2|Flapple, M|\n|poke|p2|Abomasnow, M|\n|poke|p2|Gyarados, M|\n|poke|p2|Tropius, M|\n|poke|p2|Volcanion|\n|poke|p2|Ogerpon-Cornerstone, F|\n|teampreview\n|j|*Lady Monita \u2746\n|inactive|pogchimp970314 also wants the timer to be on.\n|j| mr.pickup\n|j| Snorlaxisalpha\n|\n|t:|1699747439\n|start\n|switch|p1a: Volcanion|Volcanion|100\/100\n|switch|p2a: Tropius|Tropius, M|100\/100\n|turn|1\n|\n|t:|1699747449\n|move|p1a: Volcanion|Flamethrower|p2a: Tropius\n|-supereffective|p2a: Tropius\n|-damage|p2a: Tropius|48\/100\n|move|p2a: Tropius|Tailwind|p2a: Tropius\n|-sidestart|p2: Foosyyy|move: Tailwind\n|\n|-heal|p2a: Tropius|54\/100|[from] item: Leftovers\n|upkeep\n|turn|2\n|c|\u2606Foosyyy|chat\n|c|\u2606Foosyyy|do we let him win\n|\n|t:|1699747455\n|move|p2a: Tropius|Leech Seed|p1a: Volcanion\n|-start|p1a: Volcanion|move: Leech Seed\n|move|p1a: Volcanion|Will-O-Wisp|p2a: Tropius\n|-status|p2a: Tropius|brn\n|\n|-heal|p2a: Tropius|60\/100 brn|[from] item: Leftovers\n|-damage|p1a: Volcanion|88\/100|[from] Leech Seed|[of] p2a: Tropius\n|-heal|p2a: Tropius|71\/100 brn|[silent]\n|-damage|p2a: Tropius|65\/100 brn|[from] brn\n|upkeep\n|turn|3\n|j| Im dumb srly\n|\n|t:|1699747462\n|switch|p1a: Abomasnow|Abomasnow, M|100\/100\n|-weather|Snow|[from] ability: Snow Warning|[of] p1a: Abomasnow\n|move|p2a: Tropius|Air Slash|p1a: Abomasnow\n|-supereffective|p1a: Abomasnow\n|-damage|p1a: Abomasnow|58\/100\n|\n|-weather|Snow|[upkeep]\n|-heal|p2a: Tropius|71\/100 brn|[from] item: Leftovers\n|-damage|p2a: Tropius|65\/100 brn|[from] brn\n|upkeep\n|turn|4\n|\n|t:|1699747471\n|move|p2a: Tropius|Air Slash|p1a: Abomasnow\n|-supereffective|p1a: Abomasnow\n|-damage|p1a: Abomasnow|20\/100\n|move|p1a: Abomasnow|Aurora Veil|p1a: Abomasnow\n|-sidestart|p1: pogchimp970314|move: Aurora Veil\n|\n|-weather|Snow|[upkeep]\n|-heal|p2a: Tropius|71\/100 brn|[from] item: Leftovers\n|-damage|p2a: Tropius|65\/100 brn|[from] brn\n|-sideend|p2: Foosyyy|move: Tailwind\n|upkeep\n|turn|5\n|\n|t:|1699747487\n|switch|p1a: Flapple|Flapple, M|100\/100\n|move|p2a: Tropius|Air Slash|p1a: Flapple\n|-supereffective|p1a: Flapple\n|-damage|p1a: Flapple|65\/100\n|\n|-weather|Snow|[upkeep]\n|-heal|p2a: Tropius|71\/100 brn|[from] item: Leftovers\n|-damage|p2a: Tropius|65\/100 brn|[from] brn\n|upkeep\n|turn|6\n|j| SunnnyDays\n|\n|t:|1699747506\n|move|p1a: Flapple|Dragon Dance|p1a: Flapple\n|-boost|p1a: Flapple|atk|1\n|-boost|p1a: Flapple|spe|1\n|move|p2a: Tropius|Air Slash|p1a: Flapple\n|-supereffective|p1a: Flapple\n|-damage|p1a: Flapple|30\/100\n|\n|-weather|Snow|[upkeep]\n|-heal|p2a: Tropius|71\/100 brn|[from] item: Leftovers\n|-damage|p2a: Tropius|65\/100 brn|[from] brn\n|upkeep\n|turn|7\n|c|\u2606Foosyyy|oh\n|c|\u2606Foosyyy|i lost\n|\n|t:|1699747518\n|move|p1a: Flapple|Outrage|p2a: Tropius\n|-damage|p2a: Tropius|0 fnt\n|faint|p2a: Tropius\n|\n|-weather|none\n|upkeep\n|c|\u2606Foosyyy|wild\n|\n|t:|1699747535\n|switch|p2a: Volcanion|Volcanion|100\/100\n|turn|8\n|c|\u2606pogchimp970314|in what way have u lost\n|\n|t:|1699747540\n|move|p1a: Flapple|Outrage|p2a: Volcanion|[from]lockedmove\n|-damage|p2a: Volcanion|26\/100\n|move|p2a: Volcanion|Sludge Bomb|p1a: Flapple\n|-supereffective|p1a: Flapple\n|-damage|p1a: Flapple|0 fnt\n|faint|p1a: Flapple\n|\n|upkeep\n|c|\u2606Foosyyy|nvm\n|\n|t:|1699747547\n|switch|p1a: Gyarados|Gyarados, F|100\/100\n|turn|9\n|c|\u2606Foosyyy|flapple mid asf\n|\n|t:|1699747552\n|move|p1a: Gyarados|Dragon Dance|p1a: Gyarados\n|-boost|p1a: Gyarados|atk|1\n|-boost|p1a: Gyarados|spe|1\n|move|p2a: Volcanion|Sludge Bomb|p1a: Gyarados\n|-damage|p1a: Gyarados|72\/100\n|\n|upkeep\n|turn|10\n|c|\u2606pogchimp970314|doesnt seem too lost\n|c|\u2606Foosyyy|now it does\n|\n|t:|1699747564\n|switch|p2a: Ogerpon|Ogerpon-Cornerstone, F|100\/100\n|move|p1a: Gyarados|Earthquake|p2a: Ogerpon\n|-damage|p2a: Ogerpon|30\/100\n|\n|upkeep\n|turn|11\n|\n|t:|1699747572\n|move|p1a: Gyarados|Earthquake|p2a: Ogerpon\n|-damage|p2a: Ogerpon|0 fnt\n|faint|p2a: Ogerpon\n|-ability|p1a: Gyarados|Moxie|boost\n|-boost|p1a: Gyarados|atk|1\n|\n|-sideend|p1: pogchimp970314|move: Aurora Veil\n|upkeep\n|c|\u2606pogchimp970314|it does after that\n|\n|t:|1699747594\n|switch|p2a: Abomasnow|Abomasnow, M|100\/100\n|turn|12\n|\n|t:|1699747598\n|-terastallize|p1a: Gyarados|Flying\n|-terastallize|p2a: Abomasnow|Grass\n|move|p1a: Gyarados|Tera Blast|p2a: Abomasnow|[anim] Tera Blast Flying\n|-supereffective|p2a: Abomasnow\n|-damage|p2a: Abomasnow|0 fnt\n|faint|p2a: Abomasnow\n|-ability|p1a: Gyarados|Moxie|boost\n|-boost|p1a: Gyarados|atk|1\n|\n|upkeep\n|c|\u2606Foosyyy|fuck it\n|c|\u2606Foosyyy|rip\n|c| mr.pickup|Soundproof moment\n|\n|t:|1699747605\n|switch|p2a: Gyarados|Gyarados, M|100\/100\n|turn|13\n|c|\u2606pogchimp970314|whats soundproof for\n|\n|t:|1699747616\n|move|p1a: Gyarados|Tera Blast|p2a: Gyarados|[anim] Tera Blast Flying\n|-damage|p2a: Gyarados|0 fnt\n|faint|p2a: Gyarados\n|-ability|p1a: Gyarados|Moxie|boost\n|-boost|p1a: Gyarados|atk|1\n|\n|upkeep\n|c|\u2606Foosyyy|cos hail hurts my own mons\n|c|\u2606Foosyyy|whats the point\n|\n|t:|1699747621\n|switch|p2a: Flapple|Flapple, M|100\/100\n|turn|14\n|c|\u2606pogchimp970314|hail\n|c| mr.pickup|Its not hail lol\n|c|\u2606pogchimp970314|wdym\n|\n|t:|1699747628\n|move|p1a: Gyarados|Tera Blast|p2a: Flapple|[anim] Tera Blast Flying\n|-supereffective|p2a: Flapple\n|-damage|p2a: Flapple|0 fnt\n|faint|p2a: Flapple\n|-ability|p1a: Gyarados|Moxie|boost\n|-boost|p1a: Gyarados|atk|1\n|\n|upkeep\n|c|\u2606Foosyyy|what is it then\n|c| mr.pickup|How did lose\n|c|\u2606Foosyyy|the snow shit\n|j| BigSilverBilver\n|\n|t:|1699747633\n|switch|p2a: Volcanion|Volcanion|26\/100\n|turn|15\n|c|\u2606pogchimp970314|snow does nothing\n|c| Im dumb srly|No focus sash?\n|c|\u2606pogchimp970314|its useless\n|\n|t:|1699747639\n|move|p1a: Gyarados|Tera Blast|p2a: Volcanion|[anim] Tera Blast Flying\n|-damage|p2a: Volcanion|0 fnt\n|faint|p2a: Volcanion\n|\n|win|pogchimp970314\n|n|\u2606pogchimp970314|pogchimp970314\n|n|\u2606Foosyyy|foosyyy\n|n|*Lady Monita \u2746|ladymonita\n|n| mr.pickup|mrpickup\n|n| Snorlaxisalpha|snorlaxisalpha\n|n| Im dumb srly|imdumbsrly\n|n| SunnnyDays|sunnnydays\n|n| BigSilverBilver|bigsilverbilver\n","uploadtime":1699747640,"views":10,"p1id":"pogchimp970314","p2id":"foosyyy","formatid":"gen9ou","rating":0,"private":0,"password":""}