{"id":"gen9ou-1991778723","p1":"Aceman2798","p2":"Duckycrater","format":"[Gen 9] OU","log":"|j|\u2606Aceman2798\n|j|\u2606Duckycrater\n|t:|1700115682\n|gametype|singles\n|player|p1|Aceman2798|acetrainer-gen4dp|1666\n|player|p2|Duckycrater|102|1658\n|teamsize|p1|6\n|teamsize|p2|6\n|gen|9\n|tier|[Gen 9] OU\n|rated|\n|rule|Sleep Clause Mod: Limit one foe put to sleep\n|rule|Species Clause: Limit one of each Pok\u00e9mon\n|rule|OHKO Clause: OHKO moves are banned\n|rule|Evasion Items Clause: Evasion items are banned\n|rule|Evasion Moves Clause: Evasion moves are banned\n|rule|Endless Battle Clause: Forcing endless battles is banned\n|rule|HP Percentage Mod: HP is shown in percentages\n|clearpoke\n|poke|p1|Ribombee, M|\n|poke|p1|Torkoal, M|\n|poke|p1|Walking Wake|\n|poke|p1|Gholdengo|\n|poke|p1|Great Tusk|\n|poke|p1|Ogerpon-Wellspring, F|\n|poke|p2|Clefable, F|\n|poke|p2|Alomomola, M|\n|poke|p2|Blissey, F|\n|poke|p2|Clodsire, M|\n|poke|p2|Dondozo, F|\n|poke|p2|Amoonguss, F|\n|teampreview\n|inactive|Battle timer is ON: inactive players will automatically lose when time's up. (requested by Duckycrater)\n|inactive|Aceman2798 has 120 seconds left.\n|\n|t:|1700115737\n|start\n|switch|p1a: Gholdengo|Gholdengo|100\/100\n|switch|p2a: Blissey|Blissey, F|100\/100\n|turn|1\n|j| DR NEFARIO MD\n|inactive|Duckycrater has 120 seconds left.\n|\n|t:|1700115796\n|move|p2a: Blissey|Protect|p2a: Blissey\n|-singleturn|p2a: Blissey|Protect\n|move|p1a: Gholdengo|Trick|p2a: Blissey\n|-activate|p2a: Blissey|move: Protect\n|\n|upkeep\n|turn|2\n|\n|t:|1700115805\n|switch|p2a: Amoonguss|Amoonguss, F|100\/100\n|move|p1a: Gholdengo|Trick|p2a: Amoonguss\n|-activate|p1a: Gholdengo|move: Trick|[of] p2a: Amoonguss\n|-item|p2a: Amoonguss|Choice Scarf|[from] move: Trick\n|-item|p1a: Gholdengo|Heavy-Duty Boots|[from] move: Trick\n|\n|upkeep\n|turn|3\n|\n|t:|1700115828\n|switch|p1a: Ogerpon|Ogerpon-Wellspring, F|100\/100\n|move|p2a: Amoonguss|Toxic|p1a: Ogerpon\n|-status|p1a: Ogerpon|tox\n|\n|-damage|p1a: Ogerpon|95\/100 tox|[from] psn\n|upkeep\n|turn|4\n|\n|t:|1700115841\n|move|p1a: Ogerpon|Swords Dance|p1a: Ogerpon\n|-boost|p1a: Ogerpon|atk|2\n|move|p2a: Amoonguss|Toxic|p1a: Ogerpon\n|-fail|p1a: Ogerpon|tox\n|\n|-damage|p1a: Ogerpon|83\/100 tox|[from] psn\n|upkeep\n|turn|5\n|\n|t:|1700115849\n|move|p1a: Ogerpon|Horn Leech|p2a: Amoonguss\n|-resisted|p2a: Amoonguss\n|-damage|p2a: Amoonguss|84\/100\n|-heal|p1a: Ogerpon|94\/100 tox|[from] drain|[of] p2a: Amoonguss\n|move|p2a: Amoonguss|Toxic|p1a: Ogerpon\n|-fail|p1a: Ogerpon|tox\n|\n|-damage|p1a: Ogerpon|76\/100 tox|[from] psn\n|upkeep\n|turn|6\n|\n|t:|1700115863\n|switch|p1a: Gholdengo|Gholdengo|100\/100\n|move|p2a: Amoonguss|Toxic|p1a: Gholdengo\n|-immune|p1a: Gholdengo|[from] ability: Good as Gold\n|\n|upkeep\n|turn|7\n|\n|t:|1700115872\n|switch|p1a: Torkoal|Torkoal, M|100\/100\n|-weather|SunnyDay|[from] ability: Drought|[of] p1a: Torkoal\n|switch|p2a: Blissey|Blissey, F|100\/100\n|\n|-weather|SunnyDay|[upkeep]\n|upkeep\n|turn|8\n|\n|t:|1700115883\n|move|p2a: Blissey|Stealth Rock|p1a: Torkoal\n|-sidestart|p1: Aceman2798|move: Stealth Rock\n|move|p1a: Torkoal|Stealth Rock|p2a: Blissey\n|-sidestart|p2: Duckycrater|move: Stealth Rock\n|\n|-weather|SunnyDay|[upkeep]\n|upkeep\n|turn|9\n|\n|t:|1700115906\n|move|p2a: Blissey|Seismic Toss|p1a: Torkoal\n|-damage|p1a: Torkoal|71\/100\n|move|p1a: Torkoal|Yawn|p2a: Blissey\n|-start|p2a: Blissey|move: Yawn|[of] p1a: Torkoal\n|\n|-weather|SunnyDay|[upkeep]\n|upkeep\n|turn|10\n|\n|t:|1700115924\n|switch|p2a: Clodsire|Clodsire, M|100\/100\n|switch|p1a: Great Tusk|Great Tusk|100\/100\n|-damage|p1a: Great Tusk|98\/100|[from] Stealth Rock\n|-activate|p1a: Great Tusk|ability: Protosynthesis\n|-start|p1a: Great Tusk|protosynthesisspe\n|\n|-weather|SunnyDay|[upkeep]\n|-heal|p1a: Great Tusk|100\/100|[from] item: Leftovers\n|upkeep\n|turn|11\n|inactive|Aceman2798 has 120 seconds left.\n|\n|t:|1700115950\n|-end|p1a: Great Tusk|Protosynthesis|[silent]\n|switch|p1a: Ribombee|Ribombee, M|100\/100\n|-damage|p1a: Ribombee|76\/100|[from] Stealth Rock\n|switch|p2a: Alomomola|Alomomola, M|100\/100\n|\n|-weather|none\n|upkeep\n|turn|12\n|l| DR NEFARIO MD\n|\n|t:|1700115960\n|move|p1a: Ribombee|Stun Spore|p2a: Alomomola|[miss]\n|-miss|p1a: Ribombee|p2a: Alomomola\n|move|p2a: Alomomola|Flip Turn|p1a: Ribombee\n|-damage|p1a: Ribombee|48\/100\n|\n|t:|1700115963\n|switch|p2a: Clodsire|Clodsire, M|100\/100|[from] Flip Turn\n|\n|upkeep\n|turn|13\n|inactive|Aceman2798 has 120 seconds left.\n|\n|t:|1700115973\n|switch|p2a: Blissey|Blissey, F|100\/100\n|move|p1a: Ribombee|Stun Spore|p2a: Blissey\n|-status|p2a: Blissey|par\n|\n|upkeep\n|turn|14\n|inactive|Aceman2798 has 120 seconds left.\n|\n|t:|1700115984\n|move|p1a: Ribombee|Sticky Web|p2a: Blissey\n|-sidestart|p2: Duckycrater|move: Sticky Web\n|cant|p2a: Blissey|par\n|\n|upkeep\n|turn|15\n|inactive|Aceman2798 has 120 seconds left.\n|\n|t:|1700115992\n|switch|p1a: Gholdengo|Gholdengo|100\/100\n|move|p2a: Blissey|Seismic Toss|p1a: Gholdengo\n|-immune|p1a: Gholdengo\n|\n|upkeep\n|turn|16\n|inactive|Aceman2798 has 120 seconds left.\n|\n|t:|1700116007\n|switch|p1a: Great Tusk|Great Tusk|100\/100\n|-damage|p1a: Great Tusk|98\/100|[from] Stealth Rock\n|-curestatus|p2a: Blissey|par|[from] ability: Natural Cure\n|switch|p2a: Clodsire|Clodsire, M|100\/100\n|\n|-heal|p1a: Great Tusk|100\/100|[from] item: Leftovers\n|upkeep\n|turn|17\n|inactive|Aceman2798 has 120 seconds left.\n|j| Soobuwu\n|\n|t:|1700116022\n|switch|p2a: Alomomola|Alomomola, M|100\/100\n|move|p1a: Great Tusk|Earthquake|p2a: Alomomola\n|-damage|p2a: Alomomola|78\/100\n|\n|upkeep\n|turn|18\n|l| Soobuwu\n|inactive|Aceman2798 has 120 seconds left.\n|\n|t:|1700116039\n|-end|p1a: Great Tusk|Protosynthesis|[silent]\n|switch|p1a: Ogerpon|Ogerpon-Wellspring, F|76\/100 tox\n|-damage|p1a: Ogerpon|64\/100 tox|[from] Stealth Rock\n|move|p2a: Alomomola|Scald|p1a: Ogerpon\n|-heal|p1a: Ogerpon|89\/100 tox|[from] ability: Water Absorb|[of] p2a: Alomomola\n|\n|-damage|p1a: Ogerpon|83\/100 tox|[from] psn\n|upkeep\n|turn|19\n|\n|t:|1700116052\n|switch|p1a: Torkoal|Torkoal, M|71\/100\n|-weather|SunnyDay|[from] ability: Drought|[of] p1a: Torkoal\n|switch|p2a: Amoonguss|Amoonguss, F|100\/100\n|-damage|p2a: Amoonguss|88\/100|[from] Stealth Rock\n|-activate|p2a: Amoonguss|move: Sticky Web\n|-unboost|p2a: Amoonguss|spe|1\n|\n|-weather|SunnyDay|[upkeep]\n|upkeep\n|turn|20\n|\n|t:|1700116079\n|switch|p1a: Ribombee|Ribombee, M|48\/100\n|-damage|p1a: Ribombee|24\/100|[from] Stealth Rock\n|switch|p2a: Blissey|Blissey, F|100\/100\n|\n|-weather|SunnyDay|[upkeep]\n|upkeep\n|turn|21\n|inactive|Aceman2798 has 90 seconds left.\n|\n|t:|1700116116\n|move|p1a: Ribombee|Stun Spore|p2a: Blissey\n|-status|p2a: Blissey|par\n|move|p2a: Blissey|Seismic Toss|p1a: Ribombee\n|-damage|p1a: Ribombee|0 fnt\n|faint|p1a: Ribombee\n|\n|-weather|SunnyDay|[upkeep]\n|upkeep\n|\n|t:|1700116126\n|switch|p1a: Walking Wake|Walking Wake|100\/100\n|-damage|p1a: Walking Wake|88\/100|[from] Stealth Rock\n|-activate|p1a: Walking Wake|ability: Protosynthesis\n|-start|p1a: Walking Wake|protosynthesisspa\n|turn|22\n|\n|t:|1700116141\n|move|p1a: Walking Wake|Hydro Steam|p2a: Blissey\n|-damage|p2a: Blissey|67\/100 par\n|move|p2a: Blissey|Seismic Toss|p1a: Walking Wake\n|-damage|p1a: Walking Wake|59\/100\n|\n|-weather|SunnyDay|[upkeep]\n|upkeep\n|turn|23\n|\n|t:|1700116152\n|-terastallize|p1a: Walking Wake|Water\n|move|p1a: Walking Wake|Hydro Steam|p2a: Blissey\n|-damage|p2a: Blissey|20\/100 par\n|cant|p2a: Blissey|par\n|\n|-weather|none\n|-end|p1a: Walking Wake|Protosynthesis\n|upkeep\n|turn|24\n|\n|t:|1700116162\n|move|p2a: Blissey|Protect|p2a: Blissey\n|-singleturn|p2a: Blissey|Protect\n|move|p1a: Walking Wake|Hydro Steam|p2a: Blissey\n|-activate|p2a: Blissey|move: Protect\n|\n|upkeep\n|turn|25\n|\n|t:|1700116173\n|-curestatus|p2a: Blissey|par|[from] ability: Natural Cure\n|switch|p2a: Alomomola|Alomomola, M|100\/100\n|move|p1a: Walking Wake|Hydro Steam|p2a: Alomomola\n|-resisted|p2a: Alomomola\n|-damage|p2a: Alomomola|57\/100\n|\n|upkeep\n|turn|26\n|\n|t:|1700116183\n|move|p1a: Walking Wake|Hydro Steam|p2a: Alomomola\n|-resisted|p2a: Alomomola\n|-damage|p2a: Alomomola|13\/100\n|move|p2a: Alomomola|Wish|p2a: Alomomola\n|\n|upkeep\n|turn|27\n|\n|t:|1700116208\n|move|p2a: Alomomola|Protect|p2a: Alomomola\n|-singleturn|p2a: Alomomola|Protect\n|move|p1a: Walking Wake|Hydro Steam|p2a: Alomomola\n|-activate|p2a: Alomomola|move: Protect\n|\n|-heal|p2a: Alomomola|63\/100|[from] move: Wish|[wisher] Alomomola\n|upkeep\n|turn|28\n|\n|t:|1700116218\n|-end|p1a: Walking Wake|Protosynthesis|[silent]\n|switch|p1a: Ogerpon|Ogerpon-Wellspring, F|83\/100 tox\n|-damage|p1a: Ogerpon|71\/100 tox|[from] Stealth Rock\n|move|p2a: Alomomola|Wish|p2a: Alomomola\n|\n|-damage|p1a: Ogerpon|65\/100 tox|[from] psn\n|upkeep\n|turn|29\n|\n|t:|1700116229\n|switch|p2a: Amoonguss|Amoonguss, F|100\/100\n|-damage|p2a: Amoonguss|88\/100|[from] Stealth Rock\n|-activate|p2a: Amoonguss|move: Sticky Web\n|-unboost|p2a: Amoonguss|spe|1\n|move|p1a: Ogerpon|Horn Leech|p2a: Amoonguss\n|-resisted|p2a: Amoonguss\n|-damage|p2a: Amoonguss|80\/100\n|-heal|p1a: Ogerpon|71\/100 tox|[from] drain|[of] p2a: Amoonguss\n|\n|-heal|p2a: Amoonguss|100\/100|[from] move: Wish|[wisher] Alomomola\n|-damage|p1a: Ogerpon|59\/100 tox|[from] psn\n|upkeep\n|turn|30\n|inactive|Aceman2798 has 60 seconds left.\n|\n|t:|1700116259\n|switch|p1a: Torkoal|Torkoal, M|71\/100\n|-weather|SunnyDay|[from] ability: Drought|[of] p1a: Torkoal\n|move|p2a: Amoonguss|Foul Play|p1a: Torkoal\n|-damage|p1a: Torkoal|61\/100\n|\n|-weather|SunnyDay|[upkeep]\n|upkeep\n|turn|31\n|inactive|Aceman2798 has 60 seconds left.\n|\n|t:|1700116270\n|switch|p1a: Walking Wake|Walking Wake, tera:Water|59\/100\n|-damage|p1a: Walking Wake|46\/100|[from] Stealth Rock\n|-activate|p1a: Walking Wake|ability: Protosynthesis\n|-start|p1a: Walking Wake|protosynthesisspa\n|switch|p2a: Blissey|Blissey, F|20\/100\n|\n|-weather|SunnyDay|[upkeep]\n|upkeep\n|turn|32\n|inactive|Aceman2798 has 60 seconds left.\n|\n|t:|1700116280\n|move|p2a: Blissey|Protect|p2a: Blissey\n|-singleturn|p2a: Blissey|Protect\n|move|p1a: Walking Wake|Hydro Steam|p2a: Blissey\n|-activate|p2a: Blissey|move: Protect\n|\n|-weather|SunnyDay|[upkeep]\n|upkeep\n|turn|33\n|inactive|Aceman2798 has 60 seconds left.\n|\n|t:|1700116296\n|switch|p2a: Amoonguss|Amoonguss, F|100\/100\n|-damage|p2a: Amoonguss|88\/100|[from] Stealth Rock\n|-activate|p2a: Amoonguss|move: Sticky Web\n|-unboost|p2a: Amoonguss|spe|1\n|move|p1a: Walking Wake|Hydro Steam|p2a: Amoonguss\n|-resisted|p2a: Amoonguss\n|-damage|p2a: Amoonguss|7\/100\n|\n|-weather|SunnyDay|[upkeep]\n|upkeep\n|turn|34\n|inactive|Aceman2798 has 60 seconds left.\n|\n|t:|1700116307\n|move|p1a: Walking Wake|Hydro Steam|p2a: Amoonguss\n|-resisted|p2a: Amoonguss\n|-damage|p2a: Amoonguss|0 fnt\n|faint|p2a: Amoonguss\n|\n|-weather|none\n|-end|p1a: Walking Wake|Protosynthesis\n|upkeep\n|\n|t:|1700116312\n|switch|p2a: Alomomola|Alomomola, M|96\/100\n|turn|35\n|\n|t:|1700116323\n|-end|p1a: Walking Wake|Protosynthesis|[silent]\n|switch|p1a: Ogerpon|Ogerpon-Wellspring, F|59\/100 tox\n|-damage|p1a: Ogerpon|46\/100 tox|[from] Stealth Rock\n|move|p2a: Alomomola|Flip Turn|p1a: Ogerpon\n|-heal|p1a: Ogerpon|71\/100 tox|[from] ability: Water Absorb|[of] p2a: Alomomola\n|\n|-damage|p1a: Ogerpon|65\/100 tox|[from] psn\n|upkeep\n|turn|36\n|-message|Duckycrater forfeited.\n|\n|win|Aceman2798\n|raw|Aceman2798's rating: 1666 &rarr; <strong>1686<\/strong><br \/>(+20 for winning)\n|raw|Duckycrater's rating: 1658 &rarr; <strong>1638<\/strong><br \/>(-20 for losing)\n|l|\u2606Duckycrater\n","uploadtime":1700116560,"views":31,"p1id":"aceman2798","p2id":"duckycrater","formatid":"gen9ou","rating":1638,"private":0,"password":""}