{"id":"gen9ou-1988432085","p1":"Bluestreak1984","p2":"Foster121505","format":"[Gen 9] OU","log":"|j|\u2606Bluestreak1984\n|j|\u2606Foster121505\n|t:|1699722306\n|gametype|singles\n|player|p1|Bluestreak1984|cheren|1215\n|player|p2|Foster121505|will|1239\n|teamsize|p1|6\n|teamsize|p2|6\n|gen|9\n|tier|[Gen 9] OU\n|rated|\n|rule|Sleep Clause Mod: Limit one foe put to sleep\n|rule|Species Clause: Limit one of each Pok\u00e9mon\n|rule|OHKO Clause: OHKO moves are banned\n|rule|Evasion Items Clause: Evasion items are banned\n|rule|Evasion Moves Clause: Evasion moves are banned\n|rule|Endless Battle Clause: Forcing endless battles is banned\n|rule|HP Percentage Mod: HP is shown in percentages\n|clearpoke\n|poke|p1|Great Tusk|\n|poke|p1|Corviknight, M|\n|poke|p1|Iron Moth|\n|poke|p1|Kingambit, M|\n|poke|p1|Gliscor, F|\n|poke|p1|Dragapult, F|\n|poke|p2|Altaria, F|\n|poke|p2|Sneasler, F|\n|poke|p2|Thundurus-Therian, M|\n|poke|p2|Skeledirge, M|\n|poke|p2|Kingambit, F|\n|poke|p2|Toxapex, F|\n|teampreview\n|inactive|Battle timer is ON: inactive players will automatically lose when time's up. (requested by Bluestreak1984)\n|\n|t:|1699722331\n|start\n|switch|p1a: Corviknight|Corviknight, M|100\/100\n|switch|p2a: Altaria|Altaria, F|100\/100\n|-ability|p2a: Altaria|Cloud Nine\n|-ability|p1a: Corviknight|Pressure\n|turn|1\n|\n|t:|1699722338\n|move|p2a: Altaria|Fire Spin|p1a: Corviknight\n|-supereffective|p1a: Corviknight\n|-damage|p1a: Corviknight|88\/100\n|-activate|p1a: Corviknight|move: Fire Spin|[of] p2a: Altaria\n|move|p1a: Corviknight|U-turn|p2a: Altaria\n|-resisted|p2a: Altaria\n|-damage|p2a: Altaria|93\/100\n|\n|t:|1699722344\n|switch|p1a: Dragapult|Dragapult, F, shiny|100\/100|[from] U-turn\n|\n|upkeep\n|turn|2\n|\n|t:|1699722355\n|switch|p2a: Kingambit|Kingambit, F, shiny|100\/100\n|move|p1a: Dragapult|U-turn|p2a: Kingambit\n|-damage|p2a: Kingambit|88\/100\n|\n|t:|1699722362\n|switch|p1a: Great Tusk|Great Tusk|100\/100|[from] U-turn\n|\n|-heal|p2a: Kingambit|95\/100|[from] item: Leftovers\n|upkeep\n|turn|3\n|\n|t:|1699722368\n|-end|p2a: Kingambit|fallenundefined|[silent]\n|switch|p2a: Toxapex|Toxapex, F|100\/100\n|move|p1a: Great Tusk|Close Combat|p2a: Toxapex\n|-resisted|p2a: Toxapex\n|-damage|p2a: Toxapex|79\/100\n|-unboost|p1a: Great Tusk|def|1\n|-unboost|p1a: Great Tusk|spd|1\n|\n|-heal|p2a: Toxapex|86\/100|[from] item: Leftovers\n|upkeep\n|turn|4\n|\n|t:|1699722379\n|-end|p1a: Great Tusk|Protosynthesis|[silent]\n|switch|p1a: Gliscor|Gliscor, F|100\/100\n|move|p2a: Toxapex|Surf|p1a: Gliscor\n|-supereffective|p1a: Gliscor\n|-damage|p1a: Gliscor|40\/100\n|\n|-heal|p2a: Toxapex|92\/100|[from] item: Leftovers\n|-status|p1a: Gliscor|tox|[from] item: Toxic Orb\n|upkeep\n|turn|5\n|\n|t:|1699722387\n|switch|p1a: Dragapult|Dragapult, F, shiny|100\/100\n|move|p2a: Toxapex|Surf|p1a: Dragapult\n|-resisted|p1a: Dragapult\n|-damage|p1a: Dragapult|87\/100\n|\n|-heal|p2a: Toxapex|98\/100|[from] item: Leftovers\n|upkeep\n|turn|6\n|\n|t:|1699722394\n|move|p1a: Dragapult|U-turn|p2a: Toxapex\n|-resisted|p2a: Toxapex\n|-damage|p2a: Toxapex|93\/100\n|\n|t:|1699722399\n|switch|p1a: Corviknight|Corviknight, M|88\/100|[from] U-turn\n|-ability|p1a: Corviknight|Pressure\n|move|p2a: Toxapex|Toxic|p1a: Corviknight\n|-immune|p1a: Corviknight\n|\n|-heal|p2a: Toxapex|99\/100|[from] item: Leftovers\n|upkeep\n|turn|7\n|\n|t:|1699722408\n|move|p1a: Corviknight|U-turn|p2a: Toxapex\n|-resisted|p2a: Toxapex\n|-crit|p2a: Toxapex\n|-damage|p2a: Toxapex|93\/100\n|\n|t:|1699722420\n|switch|p1a: Gliscor|Gliscor, F|40\/100 tox|[from] U-turn\n|move|p2a: Toxapex|Surf|p1a: Gliscor\n|-supereffective|p1a: Gliscor\n|-damage|p1a: Gliscor|0 fnt\n|faint|p1a: Gliscor\n|\n|-heal|p2a: Toxapex|99\/100|[from] item: Leftovers\n|upkeep\n|\n|t:|1699722434\n|switch|p1a: Kingambit|Kingambit, M|100\/100\n|-activate|p1a: Kingambit|ability: Supreme Overlord\n|-start|p1a: Kingambit|fallen1|[silent]\n|turn|8\n|\n|t:|1699722439\n|move|p1a: Kingambit|Kowtow Cleave|p2a: Toxapex\n|-damage|p2a: Toxapex|63\/100\n|move|p2a: Toxapex|Surf|p1a: Kingambit\n|-damage|p1a: Kingambit|83\/100\n|\n|-heal|p1a: Kingambit|89\/100|[from] item: Leftovers\n|-heal|p2a: Toxapex|69\/100|[from] item: Leftovers\n|upkeep\n|turn|9\n|\n|t:|1699722456\n|switch|p2a: Sneasler|Sneasler, F|100\/100\n|-item|p2a: Sneasler|Air Balloon\n|move|p1a: Kingambit|Kowtow Cleave|p2a: Sneasler\n|-resisted|p2a: Sneasler\n|-damage|p2a: Sneasler|53\/100\n|-enditem|p2a: Sneasler|Air Balloon\n|\n|-heal|p1a: Kingambit|95\/100|[from] item: Leftovers\n|upkeep\n|turn|10\n|\n|t:|1699722465\n|move|p1a: Kingambit|Sucker Punch||[still]\n|-fail|p1a: Kingambit\n|move|p2a: Sneasler|Swords Dance|p2a: Sneasler\n|-boost|p2a: Sneasler|atk|2\n|\n|-heal|p1a: Kingambit|100\/100|[from] item: Leftovers\n|upkeep\n|turn|11\n|\n|t:|1699722472\n|-terastallize|p1a: Kingambit|Fairy\n|move|p1a: Kingambit|Sucker Punch|p2a: Sneasler\n|-resisted|p2a: Sneasler\n|-damage|p2a: Sneasler|14\/100\n|move|p2a: Sneasler|Close Combat|p1a: Kingambit\n|-resisted|p1a: Kingambit\n|-damage|p1a: Kingambit|51\/100\n|-unboost|p2a: Sneasler|def|1\n|-unboost|p2a: Sneasler|spd|1\n|\n|-heal|p1a: Kingambit|57\/100|[from] item: Leftovers\n|upkeep\n|turn|12\n|\n|t:|1699722482\n|move|p2a: Sneasler|Swords Dance|p2a: Sneasler\n|-boost|p2a: Sneasler|atk|2\n|move|p1a: Kingambit|Iron Head|p2a: Sneasler\n|-damage|p2a: Sneasler|0 fnt\n|faint|p2a: Sneasler\n|\n|-heal|p1a: Kingambit|63\/100|[from] item: Leftovers\n|upkeep\n|\n|t:|1699722490\n|switch|p2a: Altaria|Altaria, F|93\/100\n|-ability|p2a: Altaria|Cloud Nine\n|turn|13\n|\n|t:|1699722508\n|move|p2a: Altaria|Fire Spin|p1a: Kingambit\n|-damage|p1a: Kingambit|57\/100\n|-activate|p1a: Kingambit|move: Fire Spin|[of] p2a: Altaria\n|move|p1a: Kingambit|Kowtow Cleave|p2a: Altaria\n|-damage|p2a: Altaria|36\/100\n|\n|-heal|p1a: Kingambit|63\/100|[from] item: Leftovers\n|-damage|p1a: Kingambit|51\/100|[from] move: Fire Spin|[partiallytrapped]\n|upkeep\n|turn|14\n|\n|t:|1699722520\n|move|p2a: Altaria|Perish Song|p2a: Altaria\n|-start|p1a: Kingambit|perish3|[silent]\n|-start|p2a: Altaria|perish3|[silent]\n|-fieldactivate|move: Perish Song\n|move|p1a: Kingambit|Kowtow Cleave|p2a: Altaria\n|-damage|p2a: Altaria|0 fnt\n|faint|p2a: Altaria\n|\n|-heal|p1a: Kingambit|57\/100|[from] item: Leftovers\n|-end|p1a: Kingambit|Fire Spin|[partiallytrapped]|[silent]\n|-start|p1a: Kingambit|perish3\n|upkeep\n|\n|t:|1699722528\n|switch|p2a: Skeledirge|Skeledirge, M|100\/100\n|turn|15\n|\n|t:|1699722533\n|-terastallize|p2a: Skeledirge|Fairy\n|move|p2a: Skeledirge|Will-O-Wisp|p1a: Kingambit\n|-status|p1a: Kingambit|brn\n|move|p1a: Kingambit|Kowtow Cleave|p2a: Skeledirge\n|-resisted|p2a: Skeledirge\n|-damage|p2a: Skeledirge|90\/100\n|\n|-heal|p1a: Kingambit|63\/100 brn|[from] item: Leftovers\n|-damage|p1a: Kingambit|57\/100 brn|[from] brn\n|-start|p1a: Kingambit|perish2\n|upkeep\n|turn|16\n|\n|t:|1699722545\n|move|p2a: Skeledirge|Hex|p1a: Kingambit\n|-damage|p1a: Kingambit|7\/100 brn\n|move|p1a: Kingambit|Iron Head|p2a: Skeledirge\n|-supereffective|p2a: Skeledirge\n|-damage|p2a: Skeledirge|50\/100\n|\n|-heal|p1a: Kingambit|13\/100 brn|[from] item: Leftovers\n|-damage|p1a: Kingambit|7\/100 brn|[from] brn\n|-start|p1a: Kingambit|perish1\n|upkeep\n|turn|17\n|\n|t:|1699722560\n|switch|p2a: Thundurus|Thundurus-Therian, M, shiny|100\/100\n|move|p1a: Kingambit|Iron Head|p2a: Thundurus\n|-resisted|p2a: Thundurus\n|-damage|p2a: Thundurus|81\/100\n|\n|-heal|p1a: Kingambit|13\/100 brn|[from] item: Leftovers\n|-damage|p1a: Kingambit|7\/100 brn|[from] brn\n|-start|p1a: Kingambit|perish0\n|upkeep\n|faint|p1a: Kingambit\n|-end|p1a: Kingambit|fallen1|[silent]\n|\n|t:|1699722568\n|switch|p1a: Iron Moth|Iron Moth|100\/100\n|-enditem|p1a: Iron Moth|Booster Energy\n|-activate|p1a: Iron Moth|ability: Quark Drive|[fromitem]\n|-start|p1a: Iron Moth|quarkdrivespa\n|turn|18\n|\n|t:|1699722573\n|move|p2a: Thundurus|Nasty Plot|p2a: Thundurus\n|-boost|p2a: Thundurus|spa|2\n|move|p1a: Iron Moth|Agility|p1a: Iron Moth\n|-boost|p1a: Iron Moth|spe|2\n|\n|upkeep\n|turn|19\n|\n|t:|1699722580\n|move|p1a: Iron Moth|Fiery Dance|p2a: Thundurus\n|-damage|p2a: Thundurus|2\/100\n|move|p2a: Thundurus|Thunderbolt|p1a: Iron Moth\n|-damage|p1a: Iron Moth|0 fnt\n|faint|p1a: Iron Moth\n|-end|p1a: Iron Moth|Quark Drive|[silent]\n|\n|upkeep\n|\n|t:|1699722586\n|switch|p1a: Dragapult|Dragapult, F, shiny|87\/100\n|turn|20\n|\n|t:|1699722596\n|move|p1a: Dragapult|U-turn|p2a: Thundurus\n|-resisted|p2a: Thundurus\n|-damage|p2a: Thundurus|0 fnt\n|faint|p2a: Thundurus\n|\n|t:|1699722602\n|switch|p1a: Great Tusk|Great Tusk|100\/100|[from] U-turn\n|\n|upkeep\n|\n|t:|1699722606\n|switch|p2a: Skeledirge|Skeledirge, M, tera:Fairy|50\/100\n|turn|21\n|\n|t:|1699722610\n|move|p1a: Great Tusk|Earthquake|p2a: Skeledirge\n|-damage|p2a: Skeledirge|11\/100\n|move|p2a: Skeledirge|Will-O-Wisp|p1a: Great Tusk\n|-status|p1a: Great Tusk|brn\n|\n|-damage|p1a: Great Tusk|94\/100 brn|[from] brn\n|upkeep\n|turn|22\n|\n|t:|1699722619\n|move|p1a: Great Tusk|Earthquake|p2a: Skeledirge\n|-damage|p2a: Skeledirge|0 fnt\n|faint|p2a: Skeledirge\n|\n|-heal|p1a: Great Tusk|100\/100 brn|[from] item: Leftovers\n|-damage|p1a: Great Tusk|94\/100 brn|[from] brn\n|upkeep\n|\n|t:|1699722625\n|switch|p2a: Toxapex|Toxapex, F|100\/100\n|turn|23\n|\n|t:|1699722629\n|move|p1a: Great Tusk|Earthquake|p2a: Toxapex\n|-supereffective|p2a: Toxapex\n|-damage|p2a: Toxapex|69\/100\n|move|p2a: Toxapex|Surf|p1a: Great Tusk\n|-supereffective|p1a: Great Tusk\n|-damage|p1a: Great Tusk|36\/100 brn\n|\n|-heal|p1a: Great Tusk|42\/100 brn|[from] item: Leftovers\n|-heal|p2a: Toxapex|75\/100|[from] item: Leftovers\n|-damage|p1a: Great Tusk|36\/100 brn|[from] brn\n|upkeep\n|turn|24\n|\n|t:|1699722638\n|move|p1a: Great Tusk|Earthquake|p2a: Toxapex\n|-supereffective|p2a: Toxapex\n|-damage|p2a: Toxapex|45\/100\n|move|p2a: Toxapex|Surf|p1a: Great Tusk\n|-supereffective|p1a: Great Tusk\n|-damage|p1a: Great Tusk|0 fnt\n|faint|p1a: Great Tusk\n|-end|p1a: Great Tusk|Protosynthesis|[silent]\n|\n|-heal|p2a: Toxapex|51\/100|[from] item: Leftovers\n|upkeep\n|\n|t:|1699722642\n|switch|p1a: Dragapult|Dragapult, F, shiny|87\/100\n|turn|25\n|\n|t:|1699722648\n|switch|p2a: Kingambit|Kingambit, F, shiny|95\/100\n|-activate|p2a: Kingambit|ability: Supreme Overlord\n|-start|p2a: Kingambit|fallen4|[silent]\n|move|p1a: Dragapult|Shadow Ball|p2a: Kingambit\n|-resisted|p2a: Kingambit\n|-damage|p2a: Kingambit|78\/100\n|\n|-heal|p2a: Kingambit|84\/100|[from] item: Leftovers\n|upkeep\n|turn|26\n|\n|t:|1699722656\n|move|p1a: Dragapult|Fire Blast|p2a: Kingambit\n|-supereffective|p2a: Kingambit\n|-damage|p2a: Kingambit|8\/100\n|move|p2a: Kingambit|Swords Dance|p2a: Kingambit\n|-boost|p2a: Kingambit|atk|2\n|\n|-heal|p2a: Kingambit|15\/100|[from] item: Leftovers\n|upkeep\n|turn|27\n|\n|t:|1699722664\n|switch|p1a: Corviknight|Corviknight, M|88\/100\n|-ability|p1a: Corviknight|Pressure\n|move|p2a: Kingambit|Sucker Punch||[still]\n|-fail|p2a: Kingambit\n|\n|-heal|p2a: Kingambit|21\/100|[from] item: Leftovers\n|upkeep\n|turn|28\n|\n|t:|1699722672\n|move|p2a: Kingambit|Sucker Punch|p1a: Corviknight\n|-damage|p1a: Corviknight|14\/100\n|-damage|p2a: Kingambit|4\/100|[from] item: Rocky Helmet|[of] p1a: Corviknight\n|move|p1a: Corviknight|U-turn|p2a: Kingambit\n|-damage|p2a: Kingambit|0 fnt\n|faint|p2a: Kingambit\n|-end|p2a: Kingambit|fallen4|[silent]\n|\n|t:|1699722675\n|switch|p1a: Dragapult|Dragapult, F, shiny|87\/100|[from] U-turn\n|\n|upkeep\n|\n|t:|1699722681\n|switch|p2a: Toxapex|Toxapex, F|84\/100\n|turn|29\n|\n|t:|1699722684\n|switch|p1a: Corviknight|Corviknight, M|14\/100\n|-ability|p1a: Corviknight|Pressure\n|move|p2a: Toxapex|Toxic|p1a: Corviknight\n|-immune|p1a: Corviknight\n|\n|-heal|p2a: Toxapex|90\/100|[from] item: Leftovers\n|upkeep\n|turn|30\n|\n|t:|1699722692\n|move|p1a: Corviknight|Roost|p1a: Corviknight\n|-heal|p1a: Corviknight|64\/100\n|-singleturn|p1a: Corviknight|move: Roost\n|move|p2a: Toxapex|Toxic|p1a: Corviknight\n|-immune|p1a: Corviknight\n|\n|-heal|p2a: Toxapex|97\/100|[from] item: Leftovers\n|upkeep\n|turn|31\n|\n|t:|1699722699\n|move|p1a: Corviknight|U-turn|p2a: Toxapex\n|-resisted|p2a: Toxapex\n|-damage|p2a: Toxapex|92\/100\n|\n|t:|1699722702\n|switch|p1a: Dragapult|Dragapult, F, shiny|87\/100|[from] U-turn\n|move|p2a: Toxapex|Surf|p1a: Dragapult\n|-resisted|p1a: Dragapult\n|-damage|p1a: Dragapult|74\/100\n|\n|-heal|p2a: Toxapex|98\/100|[from] item: Leftovers\n|upkeep\n|turn|32\n|\n|t:|1699722709\n|move|p1a: Dragapult|Shadow Ball|p2a: Toxapex\n|-damage|p2a: Toxapex|71\/100\n|move|p2a: Toxapex|Toxic|p1a: Dragapult\n|-status|p1a: Dragapult|tox\n|\n|-heal|p2a: Toxapex|77\/100|[from] item: Leftovers\n|-damage|p1a: Dragapult|68\/100 tox|[from] psn\n|upkeep\n|turn|33\n|\n|t:|1699722719\n|move|p1a: Dragapult|Shadow Ball|p2a: Toxapex\n|-damage|p2a: Toxapex|51\/100\n|move|p2a: Toxapex|Surf|p1a: Dragapult\n|-resisted|p1a: Dragapult\n|-damage|p1a: Dragapult|56\/100 tox\n|\n|-heal|p2a: Toxapex|58\/100|[from] item: Leftovers\n|-damage|p1a: Dragapult|44\/100 tox|[from] psn\n|upkeep\n|turn|34\n|\n|t:|1699722733\n|move|p1a: Dragapult|Shadow Ball|p2a: Toxapex\n|-damage|p2a: Toxapex|28\/100\n|move|p2a: Toxapex|Surf|p1a: Dragapult\n|-resisted|p1a: Dragapult\n|-damage|p1a: Dragapult|31\/100 tox\n|\n|-heal|p2a: Toxapex|34\/100|[from] item: Leftovers\n|-damage|p1a: Dragapult|13\/100 tox|[from] psn\n|upkeep\n|turn|35\n|\n|t:|1699722736\n|move|p1a: Dragapult|Shadow Ball|p2a: Toxapex\n|-damage|p2a: Toxapex|8\/100\n|-unboost|p2a: Toxapex|spd|1\n|move|p2a: Toxapex|Recover|p2a: Toxapex\n|-heal|p2a: Toxapex|58\/100\n|\n|-heal|p2a: Toxapex|65\/100|[from] item: Leftovers\n|-damage|p1a: Dragapult|0 fnt|[from] psn\n|faint|p1a: Dragapult\n|upkeep\n|\n|t:|1699722739\n|switch|p1a: Corviknight|Corviknight, M|64\/100\n|-ability|p1a: Corviknight|Pressure\n|turn|36\n|-message|Bluestreak1984 forfeited.\n|\n|win|Foster121505\n|raw|Bluestreak1984's rating: 1215 &rarr; <strong>1192<\/strong><br \/>(-23 for losing)\n|raw|Foster121505's rating: 1239 &rarr; <strong>1262<\/strong><br \/>(+23 for winning)\n|l|\u2606Bluestreak1984\n","uploadtime":1699722759,"views":28,"p1id":"bluestreak1984","p2id":"foster121505","formatid":"gen9ou","rating":1192,"private":0,"password":""}