{"id":"gen9ou-1999550104","p1":"MyTinykakuna","p2":"ouvt botolwotol","format":"[Gen 9] OU","log":"|j|\u2606MyTinykakuna\n|j|\u2606ouvt botolwotol\n|t:|1701095155\n|gametype|singles\n|player|p1|MyTinykakuna|wally|1615\n|player|p2|ouvt botolwotol|pokemonrangerf-gen4|1499\n|teamsize|p1|6\n|teamsize|p2|6\n|gen|9\n|tier|[Gen 9] OU\n|rated|\n|rule|Sleep Clause Mod: Limit one foe put to sleep\n|rule|Species Clause: Limit one of each Pok\u00e9mon\n|rule|OHKO Clause: OHKO moves are banned\n|rule|Evasion Items Clause: Evasion items are banned\n|rule|Evasion Moves Clause: Evasion moves are banned\n|rule|Endless Battle Clause: Forcing endless battles is banned\n|rule|HP Percentage Mod: HP is shown in percentages\n|clearpoke\n|poke|p1|Amoonguss, M|\n|poke|p1|Gholdengo|\n|poke|p1|Great Tusk|\n|poke|p1|Iron Valiant|\n|poke|p1|Rotom-Wash|\n|poke|p1|Dragapult, F|\n|poke|p2|Rillaboom, F|\n|poke|p2|Ogerpon-Cornerstone, F|\n|poke|p2|Glimmora, F|\n|poke|p2|Iron Valiant|\n|poke|p2|Dragapult, F|\n|poke|p2|Hawlucha, F|\n|teampreview\n|inactive|Battle timer is ON: inactive players will automatically lose when time's up. (requested by MyTinykakuna)\n|\n|t:|1701095171\n|start\n|switch|p1a: Dragapult|Dragapult, F|100\/100\n|switch|p2a: Glimmora|Glimmora, F|100\/100\n|turn|1\n|\n|t:|1701095175\n|move|p1a: Dragapult|Dragon Darts|p2a: Glimmora\n|-damage|p2a: Glimmora|52\/100\n|-activate|p2a: Glimmora|ability: Toxic Debris\n|-sidestart|p1: MyTinykakuna|move: Toxic Spikes\n|-anim|p1a: Dragapult|Dragon Darts|p2a: Glimmora\n|-damage|p2a: Glimmora|6\/100\n|-activate|p2a: Glimmora|ability: Toxic Debris\n|-sidestart|p1: MyTinykakuna|move: Toxic Spikes\n|move|p2a: Glimmora|Stealth Rock|p1a: Dragapult\n|-sidestart|p1: MyTinykakuna|move: Stealth Rock\n|\n|upkeep\n|turn|2\n|\n|t:|1701095178\n|switch|p2a: Iron Valiant|Iron Valiant|100\/100\n|-enditem|p2a: Iron Valiant|Booster Energy\n|-activate|p2a: Iron Valiant|ability: Quark Drive|[fromitem]\n|-start|p2a: Iron Valiant|quarkdrivespe\n|move|p1a: Dragapult|Dragon Darts|p2a: Iron Valiant\n|-immune|p2a: Iron Valiant\n|\n|upkeep\n|turn|3\n|\n|t:|1701095182\n|switch|p1a: Amoonguss|Amoonguss, M|100\/100\n|-sideend|p1: MyTinykakuna|move: Toxic Spikes|[of] p1a: Amoonguss\n|-damage|p1a: Amoonguss|88\/100|[from] Stealth Rock\n|move|p2a: Iron Valiant|Thunderbolt|p1a: Amoonguss\n|-resisted|p1a: Amoonguss\n|-damage|p1a: Amoonguss|75\/100\n|\n|upkeep\n|turn|4\n|\n|t:|1701095190\n|move|p2a: Iron Valiant|Destiny Bond|p2a: Iron Valiant\n|-singlemove|p2a: Iron Valiant|Destiny Bond\n|move|p1a: Amoonguss|Sludge Bomb|p2a: Iron Valiant\n|-supereffective|p2a: Iron Valiant\n|-damage|p2a: Iron Valiant|0 fnt\n|faint|p2a: Iron Valiant\n|-activate|p2a: Iron Valiant|move: Destiny Bond\n|-end|p2a: Iron Valiant|Quark Drive|[silent]\n|faint|p1a: Amoonguss\n|\n|upkeep\n|\n|t:|1701095194\n|switch|p2a: Rillaboom|Rillaboom, F|100\/100\n|switch|p1a: Dragapult|Dragapult, F|100\/100\n|-damage|p1a: Dragapult|88\/100|[from] Stealth Rock\n|-fieldstart|move: Grassy Terrain|[from] ability: Grassy Surge|[of] p2a: Rillaboom\n|turn|5\n|\n|t:|1701095200\n|switch|p2a: Glimmora|Glimmora, F|6\/100\n|move|p1a: Dragapult|U-turn|p2a: Glimmora\n|-resisted|p2a: Glimmora\n|-damage|p2a: Glimmora|0 fnt\n|-activate|p2a: Glimmora|ability: Toxic Debris\n|-sidestart|p1: MyTinykakuna|move: Toxic Spikes\n|faint|p2a: Glimmora\n|\n|t:|1701095205\n|switch|p1a: Gholdengo|Gholdengo|100\/100|[from] U-turn\n|-damage|p1a: Gholdengo|94\/100|[from] Stealth Rock\n|\n|-heal|p1a: Gholdengo|100\/100|[from] Grassy Terrain\n|upkeep\n|\n|t:|1701095211\n|switch|p2a: Hawlucha|Hawlucha, F|100\/100\n|-enditem|p2a: Hawlucha|Grassy Seed\n|-boost|p2a: Hawlucha|def|1|[from] item: Grassy Seed\n|turn|6\n|\n|t:|1701095215\n|move|p2a: Hawlucha|Swords Dance|p2a: Hawlucha\n|-boost|p2a: Hawlucha|atk|2\n|move|p1a: Gholdengo|Make It Rain|p2a: Hawlucha\n|-damage|p2a: Hawlucha|10\/100\n|-unboost|p1a: Gholdengo|spa|1\n|\n|upkeep\n|turn|7\n|\n|t:|1701095228\n|move|p2a: Hawlucha|Acrobatics|p1a: Gholdengo\n|-resisted|p1a: Gholdengo\n|-damage|p1a: Gholdengo|40\/100\n|move|p1a: Gholdengo|Make It Rain|p2a: Hawlucha\n|-damage|p2a: Hawlucha|0 fnt\n|-unboost|p1a: Gholdengo|spa|1\n|faint|p2a: Hawlucha\n|\n|-heal|p1a: Gholdengo|47\/100|[from] Grassy Terrain\n|upkeep\n|\n|t:|1701095231\n|switch|p2a: Rillaboom|Rillaboom, F|100\/100\n|turn|8\n|\n|t:|1701095239\n|move|p2a: Rillaboom|Grassy Glide|p1a: Gholdengo\n|-resisted|p1a: Gholdengo\n|-damage|p1a: Gholdengo|12\/100\n|move|p1a: Gholdengo|Make It Rain|p2a: Rillaboom\n|-damage|p2a: Rillaboom|64\/100\n|-unboost|p1a: Gholdengo|spa|1\n|\n|-heal|p1a: Gholdengo|18\/100|[from] Grassy Terrain\n|-heal|p2a: Rillaboom|70\/100|[from] Grassy Terrain\n|upkeep\n|turn|9\n|\n|t:|1701095246\n|move|p2a: Rillaboom|Grassy Glide|p1a: Gholdengo\n|-resisted|p1a: Gholdengo\n|-damage|p1a: Gholdengo|0 fnt\n|faint|p1a: Gholdengo\n|\n|-heal|p2a: Rillaboom|76\/100|[from] Grassy Terrain\n|-fieldend|move: Grassy Terrain\n|upkeep\n|\n|t:|1701095249\n|switch|p1a: Dragapult|Dragapult, F|88\/100\n|-damage|p1a: Dragapult|76\/100|[from] Stealth Rock\n|-status|p1a: Dragapult|psn\n|turn|10\n|\n|t:|1701095252\n|switch|p2a: Intruder|Dragapult, F|100\/100\n|move|p1a: Dragapult|U-turn|p2a: Intruder\n|-resisted|p2a: Intruder\n|-damage|p2a: Intruder|73\/100\n|\n|t:|1701095255\n|switch|p1a: Iron Valiant|Iron Valiant|100\/100|[from] U-turn\n|-damage|p1a: Iron Valiant|94\/100|[from] Stealth Rock\n|-status|p1a: Iron Valiant|psn\n|-enditem|p1a: Iron Valiant|Booster Energy\n|-activate|p1a: Iron Valiant|ability: Quark Drive|[fromitem]\n|-start|p1a: Iron Valiant|quarkdrivespe\n|\n|-damage|p1a: Iron Valiant|82\/100 psn|[from] psn\n|upkeep\n|turn|11\n|\n|t:|1701095258\n|switch|p2a: Rillaboom|Rillaboom, F|76\/100\n|-fieldstart|move: Grassy Terrain|[from] ability: Grassy Surge|[of] p2a: Rillaboom\n|move|p1a: Iron Valiant|Moonblast|p2a: Rillaboom\n|-damage|p2a: Rillaboom|20\/100\n|\n|-heal|p1a: Iron Valiant|88\/100 psn|[from] Grassy Terrain\n|-heal|p2a: Rillaboom|26\/100|[from] Grassy Terrain\n|-damage|p1a: Iron Valiant|76\/100 psn|[from] psn\n|upkeep\n|turn|12\n|\n|t:|1701095261\n|-terastallize|p2a: Rillaboom|Grass\n|move|p2a: Rillaboom|Grassy Glide|p1a: Iron Valiant\n|-damage|p1a: Iron Valiant|0 fnt\n|faint|p1a: Iron Valiant\n|-end|p1a: Iron Valiant|Quark Drive|[silent]\n|\n|-heal|p2a: Rillaboom|32\/100|[from] Grassy Terrain\n|upkeep\n|-message|MyTinykakuna forfeited.\n|\n|win|ouvt botolwotol\n|raw|MyTinykakuna's rating: 1615 &rarr; <strong>1589<\/strong><br \/>(-26 for losing)\n|raw|ouvt botolwotol's rating: 1499 &rarr; <strong>1525<\/strong><br \/>(+26 for winning)\n|l|\u2606MyTinykakuna\n","uploadtime":1701095271,"views":2,"p1id":"mytinykakuna","p2id":"ouvtbotolwotol","formatid":"gen9ou","rating":1525,"private":0,"password":""}