{"id":"gen9ou-1999418447","p1":"xcxcxxcxc","p2":"Blurred Ace","format":"[Gen 9] OU","log":"|j|\u2606xcxcxxcxc\n|j|\u2606Blurred Ace\n|t:|1701077256\n|gametype|singles\n|player|p1|xcxcxxcxc|lucas|1527\n|player|p2|Blurred Ace|gambler|1579\n|teamsize|p1|6\n|teamsize|p2|6\n|gen|9\n|tier|[Gen 9] OU\n|rated|\n|rule|Sleep Clause Mod: Limit one foe put to sleep\n|rule|Species Clause: Limit one of each Pok\u00e9mon\n|rule|OHKO Clause: OHKO moves are banned\n|rule|Evasion Items Clause: Evasion items are banned\n|rule|Evasion Moves Clause: Evasion moves are banned\n|rule|Endless Battle Clause: Forcing endless battles is banned\n|rule|HP Percentage Mod: HP is shown in percentages\n|clearpoke\n|poke|p1|Clefable, F|\n|poke|p1|Kingambit, F|\n|poke|p1|Manaphy|\n|poke|p1|Tauros-Paldea-Blaze, M|\n|poke|p1|Zapdos|\n|poke|p1|Rillaboom, M|\n|poke|p2|Dragapult, M|\n|poke|p2|Scizor, M|\n|poke|p2|Samurott-Hisui, M|\n|poke|p2|Great Tusk|\n|poke|p2|Slowking, M|\n|poke|p2|Garganacl, M|\n|teampreview\n|\n|t:|1701077263\n|start\n|switch|p1a: Rillaboom|Rillaboom, M|100\/100\n|switch|p2a: Garganacl|Garganacl, M|100\/100\n|-fieldstart|move: Grassy Terrain|[from] ability: Grassy Surge|[of] p1a: Rillaboom\n|turn|1\n|\n|t:|1701077273\n|switch|p2a: Scizor|Scizor, M|100\/100\n|move|p1a: Rillaboom|Knock Off|p2a: Scizor\n|-damage|p2a: Scizor|61\/100\n|-enditem|p2a: Scizor|Choice Band|[from] move: Knock Off|[of] p1a: Rillaboom\n|\n|-heal|p2a: Scizor|68\/100|[from] Grassy Terrain\n|upkeep\n|turn|2\n|\n|t:|1701077278\n|switch|p1a: Tauros|Tauros-Paldea-Blaze, M|100\/100\n|-ability|p1a: Tauros|Intimidate|boost\n|-unboost|p2a: Scizor|atk|1\n|move|p2a: Scizor|U-turn|p1a: Tauros\n|-resisted|p1a: Tauros\n|-damage|p1a: Tauros|95\/100\n|\n|t:|1701077289\n|switch|p2a: Slowking|Slowking, M|100\/100|[from] U-turn\n|\n|-heal|p1a: Tauros|100\/100|[from] Grassy Terrain\n|upkeep\n|turn|3\n|\n|t:|1701077296\n|switch|p1a: Rillaboom|Rillaboom, M|100\/100\n|move|p2a: Slowking|Scald|p1a: Rillaboom\n|-resisted|p1a: Rillaboom\n|-damage|p1a: Rillaboom|85\/100\n|-status|p1a: Rillaboom|brn\n|\n|-heal|p1a: Rillaboom|91\/100 brn|[from] Grassy Terrain\n|-damage|p1a: Rillaboom|85\/100 brn|[from] brn\n|upkeep\n|turn|4\n|\n|t:|1701077299\n|switch|p2a: Scizor|Scizor, M|68\/100\n|move|p1a: Rillaboom|Knock Off|p2a: Scizor\n|-damage|p2a: Scizor|56\/100\n|\n|-heal|p1a: Rillaboom|91\/100 brn|[from] Grassy Terrain\n|-heal|p2a: Scizor|62\/100|[from] Grassy Terrain\n|-damage|p1a: Rillaboom|85\/100 brn|[from] brn\n|upkeep\n|turn|5\n|\n|t:|1701077303\n|switch|p1a: Zapdos|Zapdos|100\/100\n|move|p2a: Scizor|U-turn|p1a: Zapdos\n|-resisted|p1a: Zapdos\n|-damage|p1a: Zapdos|80\/100\n|\n|t:|1701077307\n|switch|p2a: Garganacl|Garganacl, M|100\/100|[from] U-turn\n|\n|-fieldend|move: Grassy Terrain\n|upkeep\n|turn|6\n|\n|t:|1701077310\n|move|p1a: Zapdos|Volt Switch|p2a: Garganacl\n|-damage|p2a: Garganacl|72\/100\n|\n|t:|1701077311\n|switch|p1a: Rillaboom|Rillaboom, M|85\/100 brn|[from] Volt Switch\n|-fieldstart|move: Grassy Terrain|[from] ability: Grassy Surge|[of] p1a: Rillaboom\n|move|p2a: Garganacl|Salt Cure|p1a: Rillaboom\n|-damage|p1a: Rillaboom|73\/100 brn\n|-start|p1a: Rillaboom|Salt Cure\n|\n|-heal|p1a: Rillaboom|79\/100 brn|[from] Grassy Terrain\n|-heal|p2a: Garganacl|78\/100|[from] Grassy Terrain\n|-heal|p2a: Garganacl|84\/100|[from] item: Leftovers\n|-damage|p1a: Rillaboom|73\/100 brn|[from] brn\n|-damage|p1a: Rillaboom|60\/100 brn|[from] Salt Cure\n|upkeep\n|turn|7\n|\n|t:|1701077320\n|switch|p2a: Scizor|Scizor, M|62\/100\n|move|p1a: Rillaboom|U-turn|p2a: Scizor\n|-resisted|p2a: Scizor\n|-crit|p2a: Scizor\n|-damage|p2a: Scizor|52\/100\n|\n|t:|1701077325\n|switch|p1a: Tauros|Tauros-Paldea-Blaze, M|100\/100|[from] U-turn\n|-ability|p1a: Tauros|Intimidate|boost\n|-unboost|p2a: Scizor|atk|1\n|\n|-heal|p2a: Scizor|58\/100|[from] Grassy Terrain\n|upkeep\n|turn|8\n|\n|t:|1701077331\n|switch|p1a: Manaphy|Manaphy|100\/100\n|switch|p2a: Garganacl|Garganacl, M|84\/100\n|\n|-heal|p2a: Garganacl|90\/100|[from] Grassy Terrain\n|-heal|p2a: Garganacl|96\/100|[from] item: Leftovers\n|upkeep\n|turn|9\n|\n|t:|1701077335\n|switch|p1a: Clefable|Clefable, F|100\/100\n|move|p2a: Garganacl|Salt Cure|p1a: Clefable\n|-damage|p1a: Clefable|84\/100\n|-start|p1a: Clefable|Salt Cure\n|\n|-heal|p1a: Clefable|90\/100|[from] Grassy Terrain\n|-heal|p2a: Garganacl|100\/100|[from] Grassy Terrain\n|upkeep\n|turn|10\n|\n|t:|1701077343\n|switch|p2a: Scizor|Scizor, M|58\/100\n|move|p1a: Clefable|Focus Blast|p2a: Scizor\n|-crit|p2a: Scizor\n|-damage|p2a: Scizor|0 fnt\n|faint|p2a: Scizor\n|\n|-heal|p1a: Clefable|96\/100|[from] Grassy Terrain\n|-fieldend|move: Grassy Terrain\n|upkeep\n|\n|t:|1701077357\n|switch|p2a: Slowking|Slowking, M|100\/100\n|turn|11\n|\n|t:|1701077361\n|move|p1a: Clefable|Thunderbolt|p2a: Slowking\n|-supereffective|p2a: Slowking\n|-damage|p2a: Slowking|59\/100\n|move|p2a: Slowking|Future Sight|p1a: Clefable\n|-start|p2a: Slowking|move: Future Sight\n|\n|-heal|p2a: Slowking|65\/100|[from] item: Leftovers\n|upkeep\n|turn|12\n|\n|t:|1701077364\n|switch|p1a: Rillaboom|Rillaboom, M|60\/100 brn\n|-fieldstart|move: Grassy Terrain|[from] ability: Grassy Surge|[of] p1a: Rillaboom\n|move|p2a: Slowking|Chilly Reception|p2a: Slowking\n|-weather|Snow\n|\n|t:|1701077372\n|switch|p2a: Dragapult|Dragapult, M|100\/100|[from] Chilly Reception\n|\n|-weather|Snow|[upkeep]\n|-heal|p1a: Rillaboom|66\/100 brn|[from] Grassy Terrain\n|-damage|p1a: Rillaboom|60\/100 brn|[from] brn\n|upkeep\n|turn|13\n|\n|t:|1701077375\n|move|p2a: Dragapult|Hex|p1a: Rillaboom\n|-damage|p1a: Rillaboom|0 fnt\n|faint|p1a: Rillaboom\n|\n|-weather|Snow|[upkeep]\n|-hint|Future Sight did not hit because the target is fainted.\n|upkeep\n|\n|t:|1701077378\n|switch|p1a: Kingambit|Kingambit, F|100\/100\n|-activate|p1a: Kingambit|ability: Supreme Overlord\n|-start|p1a: Kingambit|fallen1|[silent]\n|-item|p1a: Kingambit|Air Balloon\n|turn|14\n|\n|t:|1701077380\n|move|p2a: Dragapult|Will-O-Wisp|p1a: Kingambit\n|-status|p1a: Kingambit|brn\n|move|p1a: Kingambit|Iron Head|p2a: Dragapult\n|-damage|p2a: Dragapult|62\/100\n|\n|-weather|Snow|[upkeep]\n|-heal|p2a: Dragapult|68\/100|[from] Grassy Terrain\n|-damage|p1a: Kingambit|94\/100 brn|[from] brn\n|upkeep\n|turn|15\n|\n|t:|1701077386\n|move|p1a: Kingambit|Sucker Punch|p2a: Dragapult\n|-supereffective|p2a: Dragapult\n|-damage|p2a: Dragapult|1\/100\n|move|p2a: Dragapult|U-turn|p1a: Kingambit\n|-damage|p1a: Kingambit|80\/100 brn\n|-enditem|p1a: Kingambit|Air Balloon\n|\n|t:|1701077394\n|switch|p2a: Garganacl|Garganacl, M|100\/100|[from] U-turn\n|\n|-weather|Snow|[upkeep]\n|-heal|p1a: Kingambit|86\/100 brn|[from] Grassy Terrain\n|-damage|p1a: Kingambit|80\/100 brn|[from] brn\n|upkeep\n|turn|16\n|c|\u2606xcxcxxcxc|goat pult\n|\n|t:|1701077398\n|-end|p1a: Kingambit|fallen1|[silent]\n|switch|p1a: Clefable|Clefable, F|96\/100\n|move|p2a: Garganacl|Stealth Rock|p1a: Clefable\n|-sidestart|p1: xcxcxxcxc|move: Stealth Rock\n|\n|-weather|none\n|-heal|p1a: Clefable|100\/100|[from] Grassy Terrain\n|-fieldend|move: Grassy Terrain\n|upkeep\n|turn|17\n|\n|t:|1701077409\n|switch|p2a: Slowking|Slowking, M|98\/100\n|move|p1a: Clefable|Moonblast|p2a: Slowking\n|-damage|p2a: Slowking|65\/100\n|\n|-heal|p2a: Slowking|72\/100|[from] item: Leftovers\n|upkeep\n|turn|18\n|\n|t:|1701077413\n|move|p1a: Clefable|Thunderbolt|p2a: Slowking\n|-supereffective|p2a: Slowking\n|-damage|p2a: Slowking|27\/100\n|move|p2a: Slowking|Future Sight|p1a: Clefable\n|-start|p2a: Slowking|move: Future Sight\n|\n|-heal|p2a: Slowking|33\/100|[from] item: Leftovers\n|upkeep\n|turn|19\n|\n|t:|1701077418\n|switch|p2a: Garganacl|Garganacl, M|100\/100\n|move|p1a: Clefable|Moonblast|p2a: Garganacl\n|-damage|p2a: Garganacl|46\/100\n|-unboost|p2a: Garganacl|spa|1\n|\n|-heal|p2a: Garganacl|52\/100|[from] item: Leftovers\n|upkeep\n|turn|20\n|\n|t:|1701077425\n|switch|p2a: Slowking|Slowking, M|67\/100\n|move|p1a: Clefable|Moonblast|p2a: Slowking\n|-crit|p2a: Slowking\n|-damage|p2a: Slowking|16\/100\n|-unboost|p2a: Slowking|spa|1\n|\n|-end|p1a: Clefable|move: Future Sight\n|-damage|p1a: Clefable|73\/100\n|-heal|p2a: Slowking|22\/100|[from] item: Leftovers\n|upkeep\n|turn|21\n|\n|t:|1701077438\n|switch|p2a: Garganacl|Garganacl, M|52\/100\n|move|p1a: Clefable|Moonblast|p2a: Garganacl\n|-damage|p2a: Garganacl|0 fnt\n|faint|p2a: Garganacl\n|\n|upkeep\n|\n|t:|1701077440\n|switch|p2a: Great Tusk|Great Tusk|100\/100\n|turn|22\n|\n|t:|1701077443\n|switch|p1a: Zapdos|Zapdos|80\/100\n|move|p2a: Great Tusk|Bulk Up|p2a: Great Tusk\n|-boost|p2a: Great Tusk|atk|1\n|-boost|p2a: Great Tusk|def|1\n|\n|upkeep\n|turn|23\n|\n|t:|1701077448\n|move|p1a: Zapdos|Hurricane|p2a: Great Tusk\n|-supereffective|p2a: Great Tusk\n|-damage|p2a: Great Tusk|0 fnt\n|faint|p2a: Great Tusk\n|-end|p2a: Great Tusk|Protosynthesis|[silent]\n|\n|upkeep\n|\n|t:|1701077452\n|switch|p2a: Samurott|Samurott-Hisui, M|100\/100\n|turn|24\n|\n|t:|1701077455\n|-terastallize|p1a: Zapdos|Fairy\n|move|p2a: Samurott|Ceaseless Edge|p1a: Zapdos\n|-resisted|p1a: Zapdos\n|-damage|p1a: Zapdos|58\/100\n|-sidestart|p1: xcxcxxcxc|Spikes\n|move|p1a: Zapdos|Thunder Wave|p2a: Samurott\n|-status|p2a: Samurott|par\n|\n|upkeep\n|turn|25\n|\n|t:|1701077462\n|move|p1a: Zapdos|Roost|p1a: Zapdos\n|-heal|p1a: Zapdos|100\/100\n|move|p2a: Samurott|Razor Shell|p1a: Zapdos\n|-damage|p1a: Zapdos|47\/100\n|-unboost|p1a: Zapdos|def|1\n|\n|upkeep\n|turn|26\n|\n|t:|1701077465\n|move|p1a: Zapdos|Volt Switch|p2a: Samurott\n|-supereffective|p2a: Samurott\n|-damage|p2a: Samurott|12\/100 par\n|\n|t:|1701077467\n|switch|p1a: Manaphy|Manaphy|100\/100|[from] Volt Switch\n|-damage|p1a: Manaphy|88\/100|[from] Stealth Rock\n|-damage|p1a: Manaphy|76\/100|[from] Spikes\n|cant|p2a: Samurott|par\n|\n|-heal|p1a: Manaphy|82\/100|[from] item: Leftovers\n|upkeep\n|turn|27\n|\n|t:|1701077470\n|move|p1a: Manaphy|Scald|p2a: Samurott\n|-resisted|p2a: Samurott\n|-damage|p2a: Samurott|0 fnt\n|faint|p2a: Samurott\n|\n|-heal|p1a: Manaphy|88\/100|[from] item: Leftovers\n|upkeep\n|\n|t:|1701077473\n|switch|p2a: Slowking|Slowking, M|55\/100\n|turn|28\n|\n|t:|1701077474\n|move|p1a: Manaphy|Take Heart|p1a: Manaphy\n|-boost|p1a: Manaphy|spa|1\n|-boost|p1a: Manaphy|spd|1\n|move|p2a: Slowking|Future Sight|p1a: Manaphy\n|-start|p2a: Slowking|move: Future Sight\n|\n|-heal|p1a: Manaphy|94\/100|[from] item: Leftovers\n|-heal|p2a: Slowking|61\/100|[from] item: Leftovers\n|upkeep\n|turn|29\n|\n|t:|1701077476\n|move|p1a: Manaphy|Acid Armor|p1a: Manaphy\n|-boost|p1a: Manaphy|def|2\n|move|p2a: Slowking|Chilly Reception|p2a: Slowking\n|-weather|Snow\n|\n|t:|1701077477\n|switch|p2a: Dragapult|Dragapult, M|1\/100|[from] Chilly Reception\n|\n|-weather|Snow|[upkeep]\n|-heal|p1a: Manaphy|100\/100|[from] item: Leftovers\n|upkeep\n|turn|30\n|\n|t:|1701077484\n|move|p2a: Dragapult|Draco Meteor|p1a: Manaphy\n|-damage|p1a: Manaphy|68\/100\n|-unboost|p2a: Dragapult|spa|2\n|move|p1a: Manaphy|Stored Power|p2a: Dragapult\n|-damage|p2a: Dragapult|0 fnt\n|faint|p2a: Dragapult\n|\n|-weather|Snow|[upkeep]\n|-end|p1a: Manaphy|move: Future Sight\n|-damage|p1a: Manaphy|42\/100\n|-heal|p1a: Manaphy|49\/100|[from] item: Leftovers\n|upkeep\n|-message|Blurred Ace forfeited.\n|\n|win|xcxcxxcxc\n|raw|xcxcxxcxc's rating: 1527 &rarr; <strong>1550<\/strong><br \/>(+23 for winning)\n|raw|Blurred Ace's rating: 1579 &rarr; <strong>1556<\/strong><br \/>(-23 for losing)\n|l|\u2606Blurred Ace\n|c|\u2606xcxcxxcxc|gg\n","uploadtime":1701077818,"views":13,"p1id":"xcxcxxcxc","p2id":"blurredace","formatid":"gen9ou","rating":1550,"private":0,"password":""}