{"id":"gen9ou-1999820611","p1":"VanhominTest","p2":"whitepikmin","format":"[Gen 9] OU","log":"|j|\u2606VanhominTest\n|j|\u2606whitepikmin\n|t:|1701119777\n|gametype|singles\n|player|p1|VanhominTest|scientist-gen4|\n|player|p2|whitepikmin|wallace|\n|teamsize|p1|6\n|teamsize|p2|6\n|gen|9\n|tier|[Gen 9] OU\n|rule|Sleep Clause Mod: Limit one foe put to sleep\n|rule|Species Clause: Limit one of each Pok\u00e9mon\n|rule|OHKO Clause: OHKO moves are banned\n|rule|Evasion Items Clause: Evasion items are banned\n|rule|Evasion Moves Clause: Evasion moves are banned\n|rule|Endless Battle Clause: Forcing endless battles is banned\n|rule|HP Percentage Mod: HP is shown in percentages\n|clearpoke\n|poke|p1|Ditto|\n|poke|p1|Ninetales-Alola, F|\n|poke|p1|Garganacl, F|\n|poke|p1|Lokix, M|\n|poke|p1|Enamorus, F|\n|poke|p1|Corviknight, F|\n|poke|p2|Weezing-Galar, M|\n|poke|p2|Samurott-Hisui, M|\n|poke|p2|Scream Tail|\n|poke|p2|Armarouge, M|\n|poke|p2|Slowking-Galar, M|\n|poke|p2|Iron Valiant|\n|teampreview\n|inactive|Battle timer is ON: inactive players will automatically lose when time's up. (requested by VanhominTest)\n|inactive|VanhominTest has 270 seconds left.\n|inactive|VanhominTest has 240 seconds left.\n|inactive|VanhominTest has 210 seconds left.\n|inactive|VanhominTest has 180 seconds left.\n|c|\u2606whitepikmin|I can't stop the timer, uh oh'\n|inactive|VanhominTest has 150 seconds left.\n|inactiveoff|Battle timer is now OFF.\n|\n|t:|1701119956\n|start\n|switch|p1a: Giiwedin|Ninetales-Alola, F|100\/100\n|switch|p2a: Jogo|Armarouge, M|100\/100\n|-weather|Snow|[from] ability: Snow Warning|[of] p1a: Giiwedin\n|turn|1\n|\n|t:|1701119985\n|move|p1a: Giiwedin|Aurora Veil|p1a: Giiwedin\n|-sidestart|p1: VanhominTest|move: Aurora Veil\n|move|p2a: Jogo|Calm Mind|p2a: Jogo\n|-boost|p2a: Jogo|spa|1\n|-boost|p2a: Jogo|spd|1\n|\n|-weather|Snow|[upkeep]\n|upkeep\n|turn|2\n|\n|t:|1701119991\n|-terastallize|p2a: Jogo|Fire\n|move|p1a: Giiwedin|Encore|p2a: Jogo\n|-start|p2a: Jogo|Encore\n|move|p2a: Jogo|Calm Mind|p2a: Jogo\n|-boost|p2a: Jogo|spa|1\n|-boost|p2a: Jogo|spd|1\n|\n|-weather|Snow|[upkeep]\n|upkeep\n|turn|3\n|\n|t:|1701119999\n|move|p1a: Giiwedin|Moonblast|p2a: Jogo\n|-resisted|p2a: Jogo\n|-damage|p2a: Jogo|92\/100\n|-unboost|p2a: Jogo|spa|1\n|move|p2a: Jogo|Calm Mind|p2a: Jogo\n|-boost|p2a: Jogo|spa|1\n|-boost|p2a: Jogo|spd|1\n|\n|-weather|Snow|[upkeep]\n|upkeep\n|turn|4\n|\n|t:|1701120002\n|move|p1a: Giiwedin|Freeze-Dry|p2a: Jogo\n|-resisted|p2a: Jogo\n|-damage|p2a: Jogo|88\/100\n|move|p2a: Jogo|Calm Mind|p2a: Jogo\n|-boost|p2a: Jogo|spa|1\n|-boost|p2a: Jogo|spd|1\n|\n|-weather|Snow|[upkeep]\n|-end|p2a: Jogo|Encore\n|upkeep\n|turn|5\n|\n|t:|1701120008\n|switch|p2a: AngrySquare|Scream Tail|100\/100\n|move|p1a: Giiwedin|Encore||[still]\n|-fail|p1a: Giiwedin\n|\n|-weather|none\n|upkeep\n|turn|6\n|\n|t:|1701120016\n|switch|p1a: Catalyst|Garganacl, F|100\/100\n|move|p2a: AngrySquare|Wish|p2a: AngrySquare\n|\n|upkeep\n|turn|7\n|\n|t:|1701120020\n|move|p2a: AngrySquare|Reflect|p2a: AngrySquare\n|-sidestart|p2: whitepikmin|Reflect\n|move|p1a: Catalyst|Salt Cure|p2a: AngrySquare\n|-crit|p2a: AngrySquare\n|-damage|p2a: AngrySquare|85\/100\n|-start|p2a: AngrySquare|Salt Cure\n|\n|-heal|p2a: AngrySquare|100\/100|[from] move: Wish|[wisher] AngrySquare\n|-damage|p2a: AngrySquare|88\/100|[from] Salt Cure\n|upkeep\n|turn|8\n|\n|t:|1701120033\n|-end|p2a: AngrySquare|Protosynthesis|[silent]\n|switch|p2a: Gent|Weezing-Galar, M, shiny|100\/100\n|move|p1a: Catalyst|Salt Cure|p2a: Gent\n|-damage|p2a: Gent|96\/100\n|-start|p2a: Gent|Salt Cure\n|\n|-heal|p2a: Gent|100\/100|[from] item: Black Sludge\n|-damage|p2a: Gent|88\/100|[from] Salt Cure\n|-sideend|p1: VanhominTest|move: Aurora Veil\n|upkeep\n|turn|9\n|\n|t:|1701120046\n|switch|p1a: Mordred|Corviknight, F|100\/100\n|-ability|p1a: Mordred|Pressure\n|move|p2a: Gent|Clear Smog|p1a: Mordred\n|-immune|p1a: Mordred\n|\n|-heal|p2a: Gent|94\/100|[from] item: Black Sludge\n|-damage|p2a: Gent|82\/100|[from] Salt Cure\n|upkeep\n|turn|10\n|\n|t:|1701120053\n|switch|p2a: AngrySquare|Scream Tail|88\/100\n|move|p1a: Mordred|U-turn|p2a: AngrySquare\n|-damage|p2a: AngrySquare|83\/100\n|\n|t:|1701120068\n|switch|p1a: Blackleg|Lokix, M|100\/100|[from] U-turn\n|\n|upkeep\n|turn|11\n|\n|t:|1701120085\n|move|p2a: AngrySquare|Light Screen|p2a: AngrySquare\n|-sidestart|p2: whitepikmin|move: Light Screen\n|move|p1a: Blackleg|U-turn|p2a: AngrySquare\n|-damage|p2a: AngrySquare|69\/100\n|\n|t:|1701120120\n|switch|p1a: Catalyst|Garganacl, F|100\/100|[from] U-turn\n|\n|upkeep\n|turn|12\n|\n|t:|1701120140\n|move|p2a: AngrySquare|Wish|p2a: AngrySquare\n|move|p1a: Catalyst|Salt Cure|p2a: AngrySquare\n|-damage|p2a: AngrySquare|64\/100\n|-start|p2a: AngrySquare|Salt Cure\n|\n|-damage|p2a: AngrySquare|52\/100|[from] Salt Cure\n|upkeep\n|turn|13\n|\n|t:|1701120150\n|move|p2a: AngrySquare|Encore|p1a: Catalyst\n|-start|p1a: Catalyst|Encore\n|move|p1a: Catalyst|Salt Cure|p2a: AngrySquare\n|-damage|p2a: AngrySquare|46\/100\n|\n|-heal|p2a: AngrySquare|96\/100|[from] move: Wish|[wisher] AngrySquare\n|-damage|p2a: AngrySquare|84\/100|[from] Salt Cure\n|upkeep\n|turn|14\n|\n|t:|1701120157\n|move|p2a: AngrySquare|Wish|p2a: AngrySquare\n|move|p1a: Catalyst|Salt Cure|p2a: AngrySquare\n|-damage|p2a: AngrySquare|78\/100\n|\n|-damage|p2a: AngrySquare|66\/100|[from] Salt Cure\n|-sideend|p2: whitepikmin|Reflect\n|upkeep\n|turn|15\n|\n|t:|1701120161\n|-end|p2a: AngrySquare|Protosynthesis|[silent]\n|switch|p2a: Jogo|Armarouge, M, tera:Fire|88\/100\n|move|p1a: Catalyst|Salt Cure|p2a: Jogo\n|-supereffective|p2a: Jogo\n|-damage|p2a: Jogo|62\/100\n|-start|p2a: Jogo|Salt Cure\n|-ability|p2a: Jogo|Weak Armor|boost\n|-unboost|p2a: Jogo|def|1\n|-boost|p2a: Jogo|spe|2\n|\n|-heal|p2a: Jogo|100\/100|[from] move: Wish|[wisher] AngrySquare\n|-damage|p2a: Jogo|88\/100|[from] Salt Cure\n|-end|p1a: Catalyst|Encore\n|upkeep\n|turn|16\n|\n|t:|1701120172\n|move|p2a: Jogo|Psychic|p1a: Catalyst\n|-damage|p1a: Catalyst|64\/100\n|move|p1a: Catalyst|Salt Cure|p2a: Jogo\n|-supereffective|p2a: Jogo\n|-damage|p2a: Jogo|46\/100\n|-ability|p2a: Jogo|Weak Armor|boost\n|-unboost|p2a: Jogo|def|1\n|-boost|p2a: Jogo|spe|2\n|\n|-heal|p1a: Catalyst|70\/100|[from] item: Leftovers\n|-damage|p2a: Jogo|34\/100|[from] Salt Cure\n|upkeep\n|turn|17\n|\n|t:|1701120183\n|switch|p2a: Shirohige|Samurott-Hisui, M, shiny|100\/100\n|move|p1a: Catalyst|Recover|p1a: Catalyst\n|-heal|p1a: Catalyst|100\/100\n|\n|upkeep\n|turn|18\n|\n|t:|1701120191\n|move|p2a: Shirohige|Razor Shell|p1a: Catalyst\n|-supereffective|p1a: Catalyst\n|-damage|p1a: Catalyst|32\/100\n|-unboost|p1a: Catalyst|def|1\n|move|p1a: Catalyst|Salt Cure|p2a: Shirohige\n|-damage|p2a: Shirohige|82\/100\n|-start|p2a: Shirohige|Salt Cure\n|\n|-heal|p1a: Catalyst|38\/100|[from] item: Leftovers\n|-damage|p2a: Shirohige|57\/100|[from] Salt Cure\n|-sideend|p2: whitepikmin|move: Light Screen\n|upkeep\n|turn|19\n|\n|t:|1701120201\n|switch|p1a: Mordred|Corviknight, F|100\/100\n|-ability|p1a: Mordred|Pressure\n|move|p2a: Shirohige|Razor Shell|p1a: Mordred\n|-damage|p1a: Mordred|67\/100\n|-unboost|p1a: Mordred|def|1\n|-damage|p2a: Shirohige|40\/100|[from] item: Rocky Helmet|[of] p1a: Mordred\n|\n|-damage|p2a: Shirohige|15\/100|[from] Salt Cure\n|upkeep\n|turn|20\n|c|\u2606VanhominTest|Ow\n|\n|t:|1701120208\n|switch|p2a: AngrySquare|Scream Tail|66\/100\n|move|p1a: Mordred|Roost|p1a: Mordred\n|-heal|p1a: Mordred|100\/100\n|-singleturn|p1a: Mordred|move: Roost\n|\n|upkeep\n|turn|21\n|\n|t:|1701120212\n|move|p2a: AngrySquare|Wish|p2a: AngrySquare\n|move|p1a: Mordred|U-turn|p2a: AngrySquare\n|-damage|p2a: AngrySquare|54\/100\n|\n|t:|1701120216\n|switch|p1a: Catalyst|Garganacl, F|38\/100|[from] U-turn\n|\n|-heal|p1a: Catalyst|45\/100|[from] item: Leftovers\n|upkeep\n|turn|22\n|\n|t:|1701120222\n|move|p2a: AngrySquare|Reflect|p2a: AngrySquare\n|-sidestart|p2: whitepikmin|Reflect\n|move|p1a: Catalyst|Recover|p1a: Catalyst\n|-heal|p1a: Catalyst|95\/100\n|\n|-heal|p2a: AngrySquare|100\/100|[from] move: Wish|[wisher] AngrySquare\n|-heal|p1a: Catalyst|100\/100|[from] item: Leftovers\n|upkeep\n|turn|23\n|\n|t:|1701120245\n|switch|p1a: Mordred|Corviknight, F|100\/100\n|-ability|p1a: Mordred|Pressure\n|move|p2a: AngrySquare|Wish|p2a: AngrySquare\n|\n|upkeep\n|turn|24\n|\n|t:|1701120260\n|-end|p2a: AngrySquare|Protosynthesis|[silent]\n|switch|p2a: Jogo|Armarouge, M, tera:Fire|34\/100\n|move|p1a: Mordred|U-turn|p2a: Jogo\n|-resisted|p2a: Jogo\n|-damage|p2a: Jogo|31\/100\n|-ability|p2a: Jogo|Weak Armor|boost\n|-unboost|p2a: Jogo|def|1\n|-boost|p2a: Jogo|spe|2\n|\n|t:|1701120266\n|switch|p1a: Catalyst|Garganacl, F|100\/100|[from] U-turn\n|\n|-heal|p2a: Jogo|89\/100|[from] move: Wish|[wisher] AngrySquare\n|upkeep\n|turn|25\n|\n|t:|1701120291\n|switch|p2a: Gent|Weezing-Galar, M, shiny|82\/100\n|move|p1a: Catalyst|Salt Cure|p2a: Gent\n|-damage|p2a: Gent|77\/100\n|-start|p2a: Gent|Salt Cure\n|\n|-heal|p2a: Gent|83\/100|[from] item: Black Sludge\n|-damage|p2a: Gent|71\/100|[from] Salt Cure\n|upkeep\n|turn|26\n|\n|t:|1701120329\n|move|p2a: Gent|Clear Smog|p1a: Catalyst\n|-resisted|p1a: Catalyst\n|-damage|p1a: Catalyst|96\/100\n|-clearboost|p1a: Catalyst\n|move|p1a: Catalyst|Salt Cure|p2a: Gent\n|-damage|p2a: Gent|67\/100\n|\n|-heal|p2a: Gent|73\/100|[from] item: Black Sludge\n|-heal|p1a: Catalyst|100\/100|[from] item: Leftovers\n|-damage|p2a: Gent|60\/100|[from] Salt Cure\n|upkeep\n|turn|27\n|c|\u2606whitepikmin|No ogrepon makes salty a pain to deal with again\n|\n|t:|1701120354\n|move|p2a: Gent|Pain Split|p1a: Catalyst\n|-sethp|p1a: Catalyst|75\/100|[from] move: Pain Split|[silent]\n|-sethp|p2a: Gent|91\/100|[from] move: Pain Split\n|move|p1a: Catalyst|Salt Cure|p2a: Gent\n|-damage|p2a: Gent|86\/100\n|\n|-heal|p2a: Gent|92\/100|[from] item: Black Sludge\n|-heal|p1a: Catalyst|81\/100|[from] item: Leftovers\n|-damage|p2a: Gent|80\/100|[from] Salt Cure\n|upkeep\n|turn|28\n|\n|t:|1701120362\n|switch|p1a: Mordred|Corviknight, F|100\/100\n|-ability|p1a: Mordred|Pressure\n|move|p2a: Gent|Pain Split|p1a: Mordred\n|-sethp|p1a: Mordred|84\/100|[from] move: Pain Split|[silent]\n|-sethp|p2a: Gent|99\/100|[from] move: Pain Split\n|\n|-heal|p2a: Gent|100\/100|[from] item: Black Sludge\n|-damage|p2a: Gent|88\/100|[from] Salt Cure\n|upkeep\n|turn|29\n|\n|t:|1701120366\n|move|p2a: Gent|Protect|p2a: Gent\n|-singleturn|p2a: Gent|Protect\n|move|p1a: Mordred|U-turn|p2a: Gent\n|-activate|p2a: Gent|move: Protect\n|\n|-heal|p2a: Gent|94\/100|[from] item: Black Sludge\n|-damage|p2a: Gent|82\/100|[from] Salt Cure\n|-sideend|p2: whitepikmin|Reflect\n|upkeep\n|turn|30\n|c|\u2606VanhominTest|No need for salt counters, he is innocent\n|\n|t:|1701120400\n|switch|p2a: Claude|Slowking-Galar, M, shiny|100\/100\n|move|p1a: Mordred|Body Press|p2a: Claude\n|-resisted|p2a: Claude\n|-damage|p2a: Claude|94\/100\n|\n|upkeep\n|turn|31\n|\n|t:|1701120407\n|switch|p1a: Catalyst|Garganacl, F|81\/100\n|move|p2a: Claude|Thunder Wave|p1a: Catalyst\n|-immune|p1a: Catalyst|[from] ability: Purifying Salt\n|\n|-heal|p1a: Catalyst|88\/100|[from] item: Leftovers\n|upkeep\n|turn|32\n|c|\u2606whitepikmin|Hmm\n|\n|t:|1701120441\n|move|p1a: Catalyst|Salt Cure|p2a: Claude\n|-damage|p2a: Claude|79\/100\n|-start|p2a: Claude|Salt Cure\n|move|p2a: Claude|Future Sight|p1a: Catalyst\n|-start|p2a: Claude|move: Future Sight\n|\n|-heal|p1a: Catalyst|94\/100|[from] item: Leftovers\n|-damage|p2a: Claude|66\/100|[from] Salt Cure\n|upkeep\n|turn|33\n|\n|t:|1701120474\n|switch|p2a: AngrySquare|Scream Tail|100\/100\n|move|p1a: Catalyst|Salt Cure|p2a: AngrySquare\n|-damage|p2a: AngrySquare|90\/100\n|-start|p2a: AngrySquare|Salt Cure\n|\n|-heal|p1a: Catalyst|99\/100|[from] item: Leftovers\n|-damage|p2a: AngrySquare|78\/100|[from] Salt Cure\n|upkeep\n|turn|34\n|\n|t:|1701120487\n|switch|p1a: Blackleg|Lokix, M|100\/100\n|move|p2a: AngrySquare|Reflect|p2a: AngrySquare\n|-sidestart|p2: whitepikmin|Reflect\n|\n|-end|p1a: Blackleg|move: Future Sight\n|-immune|p1a: Blackleg\n|-damage|p2a: AngrySquare|65\/100|[from] Salt Cure\n|upkeep\n|turn|35\n|\n|t:|1701120492\n|move|p2a: AngrySquare|Wish|p2a: AngrySquare\n|move|p1a: Blackleg|Knock Off|p2a: AngrySquare\n|-damage|p2a: AngrySquare|48\/100\n|-enditem|p2a: AngrySquare|Light Clay|[from] move: Knock Off|[of] p1a: Blackleg\n|\n|-damage|p2a: AngrySquare|35\/100|[from] Salt Cure\n|upkeep\n|turn|36\n|\n|t:|1701120511\n|move|p2a: AngrySquare|Encore|p1a: Blackleg\n|-start|p1a: Blackleg|Encore\n|move|p1a: Blackleg|Knock Off|p2a: AngrySquare\n|-damage|p2a: AngrySquare|23\/100\n|\n|-heal|p2a: AngrySquare|73\/100|[from] move: Wish|[wisher] AngrySquare\n|-damage|p2a: AngrySquare|61\/100|[from] Salt Cure\n|upkeep\n|turn|37\n|\n|t:|1701120533\n|move|p2a: AngrySquare|Wish|p2a: AngrySquare\n|move|p1a: Blackleg|Knock Off|p2a: AngrySquare\n|-damage|p2a: AngrySquare|49\/100\n|\n|-damage|p2a: AngrySquare|37\/100|[from] Salt Cure\n|upkeep\n|turn|38\n|\n|t:|1701120539\n|-end|p2a: AngrySquare|Protosynthesis|[silent]\n|switch|p2a: Shirohige|Samurott-Hisui, M, shiny|15\/100\n|move|p1a: Blackleg|Knock Off|p2a: Shirohige\n|-resisted|p2a: Shirohige\n|-damage|p2a: Shirohige|0 fnt\n|-enditem|p2a: Shirohige|Choice Scarf|[from] move: Knock Off|[of] p1a: Blackleg\n|faint|p2a: Shirohige\n|\n|-end|p1a: Blackleg|Encore\n|upkeep\n|c|\u2606VanhominTest|A scarf eh, dangerous to be unaware of :O\n|c|\u2606whitepikmin|Huh, did more to him than screamtail with a resist\n|\n|t:|1701120574\n|switch|p2a: Jogo|Armarouge, M, tera:Fire|89\/100\n|turn|39\n|c|\u2606VanhominTest|tinted lenses\n|c|\u2606whitepikmin|What the hell! I just read what that does lmao\n|\n|t:|1701120612\n|switch|p1a: Catalyst|Garganacl, F|99\/100\n|move|p2a: Jogo|Armor Cannon|p1a: Catalyst\n|-resisted|p1a: Catalyst\n|-damage|p1a: Catalyst|71\/100\n|-unboost|p2a: Jogo|def|1\n|-unboost|p2a: Jogo|spd|1\n|\n|-heal|p1a: Catalyst|77\/100|[from] item: Leftovers\n|upkeep\n|turn|40\n|\n|t:|1701120640\n|switch|p2a: Gent|Weezing-Galar, M, shiny|82\/100\n|move|p1a: Catalyst|Salt Cure|p2a: Gent\n|-damage|p2a: Gent|77\/100\n|-start|p2a: Gent|Salt Cure\n|\n|-heal|p2a: Gent|83\/100|[from] item: Black Sludge\n|-heal|p1a: Catalyst|83\/100|[from] item: Leftovers\n|-damage|p2a: Gent|71\/100|[from] Salt Cure\n|upkeep\n|turn|41\n|c|\u2606VanhominTest|That's why Lokix was one of my MVPs in-game.. he just smashes through pretty much anything.\n|\n|t:|1701120675\n|switch|p1a: Mordred|Corviknight, F|84\/100\n|-ability|p1a: Mordred|Pressure\n|move|p2a: Gent|Pain Split|p1a: Mordred\n|-sethp|p1a: Mordred|71\/100|[from] move: Pain Split|[silent]\n|-sethp|p2a: Gent|85\/100|[from] move: Pain Split\n|\n|-heal|p2a: Gent|91\/100|[from] item: Black Sludge\n|-damage|p2a: Gent|79\/100|[from] Salt Cure\n|-sideend|p2: whitepikmin|Reflect\n|upkeep\n|turn|42\n|\n|t:|1701120688\n|move|p2a: Gent|Protect|p2a: Gent\n|-singleturn|p2a: Gent|Protect\n|move|p1a: Mordred|U-turn|p2a: Gent\n|-activate|p2a: Gent|move: Protect\n|\n|-heal|p2a: Gent|85\/100|[from] item: Black Sludge\n|-damage|p2a: Gent|73\/100|[from] Salt Cure\n|upkeep\n|turn|43\n|c|\u2606whitepikmin|Salt cure weezing at your own risk! Makes pain split Hurt even more hehe\n|\n|t:|1701120716\n|move|p1a: Mordred|U-turn|p2a: Gent\n|-resisted|p2a: Gent\n|-damage|p2a: Gent|70\/100\n|\n|t:|1701120725\n|switch|p1a: Giiwedin|Ninetales-Alola, F|100\/100|[from] U-turn\n|-weather|Snow|[from] ability: Snow Warning|[of] p1a: Giiwedin\n|move|p2a: Gent|Clear Smog|p1a: Giiwedin\n|-supereffective|p1a: Giiwedin\n|-damage|p1a: Giiwedin|71\/100\n|-clearboost|p1a: Giiwedin\n|\n|-weather|Snow|[upkeep]\n|-heal|p2a: Gent|76\/100|[from] item: Black Sludge\n|-damage|p2a: Gent|64\/100|[from] Salt Cure\n|upkeep\n|turn|44\n|\n|t:|1701120744\n|move|p1a: Giiwedin|Aurora Veil|p1a: Giiwedin\n|-sidestart|p1: VanhominTest|move: Aurora Veil\n|move|p2a: Gent|Clear Smog|p1a: Giiwedin\n|-supereffective|p1a: Giiwedin\n|-damage|p1a: Giiwedin|55\/100\n|-clearboost|p1a: Giiwedin\n|\n|-weather|Snow|[upkeep]\n|-heal|p2a: Gent|70\/100|[from] item: Black Sludge\n|-damage|p2a: Gent|58\/100|[from] Salt Cure\n|upkeep\n|turn|45\n|c|\u2606VanhominTest|Gotta fully kill Slowking and Weezing, wounding won't work...\n|\n|t:|1701120760\n|switch|p2a: Claude|Slowking-Galar, M, shiny|99\/100\n|move|p1a: Giiwedin|Encore||[still]\n|-fail|p1a: Giiwedin\n|\n|-weather|Snow|[upkeep]\n|upkeep\n|turn|46\n|\n|t:|1701120766\n|switch|p1a: Catalyst|Garganacl, F|83\/100\n|move|p2a: Claude|Future Sight|p1a: Catalyst\n|-start|p2a: Claude|move: Future Sight\n|\n|-weather|Snow|[upkeep]\n|-heal|p1a: Catalyst|89\/100|[from] item: Leftovers\n|upkeep\n|turn|47\n|c|\u2606whitepikmin|Missing ursaluna for the wallbreaking eh\n|\n|t:|1701120816\n|switch|p2a: AngrySquare|Scream Tail|37\/100\n|move|p1a: Catalyst|Curse|p1a: Catalyst\n|-unboost|p1a: Catalyst|spe|1\n|-boost|p1a: Catalyst|atk|1\n|-boost|p1a: Catalyst|def|1\n|\n|-weather|none\n|-heal|p1a: Catalyst|96\/100|[from] item: Leftovers\n|upkeep\n|turn|48\n|c|\u2606VanhominTest|Aye\n|\n|t:|1701120826\n|switch|p1a: Blackleg|Lokix, M|100\/100\n|move|p2a: AngrySquare|Encore||[still]\n|-fail|p2a: AngrySquare\n|\n|-end|p1a: Blackleg|move: Future Sight\n|-immune|p1a: Blackleg\n|upkeep\n|turn|49\n|\n|t:|1701120831\n|move|p2a: AngrySquare|Reflect|p2a: AngrySquare\n|-sidestart|p2: whitepikmin|Reflect\n|move|p1a: Blackleg|U-turn|p2a: AngrySquare\n|-damage|p2a: AngrySquare|24\/100\n|\n|t:|1701120859\n|switch|p1a: Enamorus|Enamorus, F|100\/100|[from] U-turn\n|\n|upkeep\n|turn|50\n|\n|t:|1701120877\n|move|p2a: AngrySquare|Light Screen|p2a: AngrySquare\n|-sidestart|p2: whitepikmin|move: Light Screen\n|move|p1a: Enamorus|Moonblast|p2a: AngrySquare\n|-damage|p2a: AngrySquare|7\/100\n|-unboost|p2a: AngrySquare|spa|1\n|\n|upkeep\n|turn|51\n|\n|t:|1701120890\n|move|p2a: AngrySquare|Wish|p2a: AngrySquare\n|move|p1a: Enamorus|Moonblast|p2a: AngrySquare\n|-damage|p2a: AngrySquare|0 fnt\n|faint|p2a: AngrySquare\n|-end|p2a: AngrySquare|Protosynthesis|[silent]\n|\n|-sideend|p1: VanhominTest|move: Aurora Veil\n|upkeep\n|c|\u2606whitepikmin|Jigglypuff faster than a literal flying genie lmao\n|\n|t:|1701120908\n|switch|p2a: Gent|Weezing-Galar, M, shiny|58\/100\n|turn|52\n|c|\u2606VanhominTest|Yeah I still lack natural speed haha\n|\n|t:|1701120924\n|move|p1a: Enamorus|Calm Mind|p1a: Enamorus\n|-boost|p1a: Enamorus|spa|1\n|-boost|p1a: Enamorus|spd|1\n|move|p2a: Gent|Clear Smog|p1a: Enamorus\n|-supereffective|p1a: Enamorus\n|-damage|p1a: Enamorus|71\/100\n|-clearboost|p1a: Enamorus\n|\n|-heal|p2a: Gent|100\/100|[from] move: Wish|[wisher] AngrySquare\n|-heal|p1a: Enamorus|77\/100|[from] item: Leftovers\n|upkeep\n|turn|53\n|c|\u2606VanhominTest|Oh yeah\n|\n|t:|1701120934\n|switch|p1a: Mordred|Corviknight, F|71\/100\n|-ability|p1a: Mordred|Pressure\n|move|p2a: Gent|Clear Smog|p1a: Mordred\n|-immune|p1a: Mordred\n|\n|-sideend|p2: whitepikmin|Reflect\n|upkeep\n|turn|54\n|c|\u2606VanhominTest|Screens aren't so bad if you slap the clay away from the screener\n|c|\u2606whitepikmin|54 turns and I've done like no damage haha\n|\n|t:|1701120963\n|switch|p2a: Iron Valiant|Iron Valiant|100\/100\n|-enditem|p2a: Iron Valiant|Booster Energy\n|-activate|p2a: Iron Valiant|ability: Quark Drive|[fromitem]\n|-start|p2a: Iron Valiant|quarkdrivespe\n|move|p1a: Mordred|Roost|p1a: Mordred\n|-heal|p1a: Mordred|100\/100\n|-singleturn|p1a: Mordred|move: Roost\n|\n|-sideend|p2: whitepikmin|move: Light Screen\n|upkeep\n|turn|55\n|\n|t:|1701120976\n|move|p2a: Iron Valiant|Swords Dance|p2a: Iron Valiant\n|-boost|p2a: Iron Valiant|atk|2\n|move|p1a: Mordred|U-turn|p2a: Iron Valiant\n|-resisted|p2a: Iron Valiant\n|-damage|p2a: Iron Valiant|96\/100\n|\n|t:|1701120985\n|switch|p1a: Recursion|Ditto|100\/100|[from] U-turn\n|-transform|p1a: Recursion|p2a: Iron Valiant|[from] ability: Imposter\n|\n|upkeep\n|turn|56\n|\n|t:|1701120993\n|-terastallize|p1a: Recursion|Fairy\n|move|p1a: Recursion|Spirit Break|p2a: Iron Valiant\n|-supereffective|p2a: Iron Valiant\n|-damage|p2a: Iron Valiant|0 fnt\n|faint|p2a: Iron Valiant\n|-end|p2a: Iron Valiant|Quark Drive|[silent]\n|\n|upkeep\n|c|\u2606whitepikmin|But my anti ditto juice!\n|\n|t:|1701121013\n|switch|p2a: Gent|Weezing-Galar, M, shiny|100\/100\n|turn|57\n|c|\u2606VanhominTest|Makes it a coin toss, I wonder if dropping the weakness would let me survive...probably not so that's just luck ^^;\n|\n|t:|1701121036\n|move|p1a: Recursion|Spirit Break|p2a: Gent\n|-resisted|p2a: Gent\n|-damage|p2a: Gent|66\/100\n|-unboost|p2a: Gent|spa|1\n|move|p2a: Gent|Clear Smog|p1a: Recursion\n|-supereffective|p1a: Recursion\n|-damage|p1a: Recursion|66\/100\n|-clearboost|p1a: Recursion\n|\n|-heal|p2a: Gent|72\/100|[from] item: Black Sludge\n|upkeep\n|turn|58\n|c|\u2606whitepikmin|As long as slowking lives.....\n|\n|t:|1701121055\n|-end|p1a: Recursion|Quark Drive|[silent]\n|switch|p1a: Mordred|Corviknight, F|100\/100\n|-ability|p1a: Mordred|Pressure\n|move|p2a: Gent|Clear Smog|p1a: Mordred\n|-immune|p1a: Mordred\n|\n|-heal|p2a: Gent|78\/100|[from] item: Black Sludge\n|upkeep\n|turn|59\n|c|\u2606VanhominTest|Hawlucha (unburden) doubles speed, robo juice just is x1.5\n|c|\u2606whitepikmin|Hawlucha remains the Supreme anti ditto check huh\n|\n|t:|1701121084\n|switch|p2a: Claude|Slowking-Galar, M, shiny|100\/100\n|move|p1a: Mordred|U-turn|p2a: Claude\n|-damage|p2a: Claude|87\/100\n|c|\u2606VanhominTest|I loathe unburden users!\n|\n|t:|1701121115\n|switch|p1a: Enamorus|Enamorus, F|77\/100|[from] U-turn\n|\n|-heal|p1a: Enamorus|83\/100|[from] item: Leftovers\n|upkeep\n|turn|60\n|\n|t:|1701121124\n|move|p1a: Enamorus|Calm Mind|p1a: Enamorus\n|-boost|p1a: Enamorus|spa|1\n|-boost|p1a: Enamorus|spd|1\n|move|p2a: Claude|Sludge Bomb|p1a: Enamorus\n|-supereffective|p1a: Enamorus\n|-damage|p1a: Enamorus|25\/100\n|\n|-heal|p1a: Enamorus|31\/100|[from] item: Leftovers\n|upkeep\n|turn|61\n|\n|t:|1701121129\n|move|p1a: Enamorus|Earth Power|p2a: Claude\n|-supereffective|p2a: Claude\n|-damage|p2a: Claude|25\/100\n|move|p2a: Claude|Sludge Bomb|p1a: Enamorus\n|-supereffective|p1a: Enamorus\n|-damage|p1a: Enamorus|0 fnt\n|faint|p1a: Enamorus\n|\n|upkeep\n|\n|t:|1701121136\n|switch|p1a: Blackleg|Lokix, M|100\/100\n|turn|62\n|\n|t:|1701121155\n|switch|p2a: Gent|Weezing-Galar, M, shiny|78\/100\n|move|p1a: Blackleg|First Impression|p2a: Gent\n|-resisted|p2a: Gent\n|-damage|p2a: Gent|65\/100\n|\n|-heal|p2a: Gent|71\/100|[from] item: Black Sludge\n|upkeep\n|turn|63\n|\n|t:|1701121166\n|move|p1a: Blackleg|Knock Off|p2a: Gent\n|-resisted|p2a: Gent\n|-damage|p2a: Gent|44\/100\n|-enditem|p2a: Gent|Black Sludge|[from] move: Knock Off|[of] p1a: Blackleg\n|move|p2a: Gent|Pain Split|p1a: Blackleg\n|-sethp|p1a: Blackleg|76\/100|[from] move: Pain Split|[silent]\n|-sethp|p2a: Gent|64\/100|[from] move: Pain Split\n|\n|upkeep\n|turn|64\n|\n|t:|1701121176\n|move|p2a: Gent|Protect|p2a: Gent\n|-singleturn|p2a: Gent|Protect\n|move|p1a: Blackleg|U-turn|p2a: Gent\n|-activate|p2a: Gent|move: Protect\n|\n|upkeep\n|turn|65\n|\n|t:|1701121183\n|move|p1a: Blackleg|U-turn|p2a: Gent\n|-resisted|p2a: Gent\n|-damage|p2a: Gent|55\/100\n|\n|t:|1701121186\n|switch|p1a: Mordred|Corviknight, F|100\/100|[from] U-turn\n|-ability|p1a: Mordred|Pressure\n|move|p2a: Gent|Pain Split|p1a: Mordred\n|-sethp|p1a: Mordred|73\/100|[from] move: Pain Split|[silent]\n|-sethp|p2a: Gent|88\/100|[from] move: Pain Split\n|\n|upkeep\n|turn|66\n|\n|t:|1701121193\n|switch|p2a: Claude|Slowking-Galar, M, shiny|58\/100\n|move|p1a: Mordred|Body Press|p2a: Claude\n|-resisted|p2a: Claude\n|-damage|p2a: Claude|52\/100\n|\n|upkeep\n|turn|67\n|\n|t:|1701121197\n|switch|p1a: Catalyst|Garganacl, F|96\/100\n|move|p2a: Claude|Thunder Wave|p1a: Catalyst\n|-immune|p1a: Catalyst|[from] ability: Purifying Salt\n|\n|-heal|p1a: Catalyst|100\/100|[from] item: Leftovers\n|upkeep\n|turn|68\n|c|\u2606whitepikmin|Gah\n|c|\u2606whitepikmin|Damn salt\n|\n|t:|1701121214\n|move|p1a: Catalyst|Salt Cure|p2a: Claude\n|-damage|p2a: Claude|36\/100\n|-start|p2a: Claude|Salt Cure\n|move|p2a: Claude|Slack Off|p2a: Claude\n|-heal|p2a: Claude|86\/100\n|\n|-damage|p2a: Claude|74\/100|[from] Salt Cure\n|upkeep\n|turn|69\n|\n|t:|1701121222\n|move|p1a: Catalyst|Curse|p1a: Catalyst\n|-unboost|p1a: Catalyst|spe|1\n|-boost|p1a: Catalyst|atk|1\n|-boost|p1a: Catalyst|def|1\n|move|p2a: Claude|Future Sight|p1a: Catalyst\n|-start|p2a: Claude|move: Future Sight\n|\n|-damage|p2a: Claude|61\/100|[from] Salt Cure\n|upkeep\n|turn|70\n|\n|t:|1701121227\n|switch|p2a: Gent|Weezing-Galar, M, shiny|88\/100\n|move|p1a: Catalyst|Salt Cure|p2a: Gent\n|-damage|p2a: Gent|75\/100\n|-start|p2a: Gent|Salt Cure\n|\n|-damage|p2a: Gent|62\/100|[from] Salt Cure\n|upkeep\n|turn|71\n|\n|t:|1701121231\n|move|p2a: Gent|Clear Smog|p1a: Catalyst\n|-resisted|p1a: Catalyst\n|-damage|p1a: Catalyst|95\/100\n|-clearboost|p1a: Catalyst\n|move|p1a: Catalyst|Salt Cure|p2a: Gent\n|-damage|p2a: Gent|54\/100\n|\n|-end|p1a: Catalyst|move: Future Sight\n|-damage|p1a: Catalyst|63\/100\n|-heal|p1a: Catalyst|70\/100|[from] item: Leftovers\n|-damage|p2a: Gent|42\/100|[from] Salt Cure\n|upkeep\n|turn|72\n|\n|t:|1701121239\n|move|p2a: Gent|Pain Split|p1a: Catalyst\n|-sethp|p1a: Catalyst|52\/100|[from] move: Pain Split|[silent]\n|-sethp|p2a: Gent|63\/100|[from] move: Pain Split\n|move|p1a: Catalyst|Salt Cure|p2a: Gent\n|-damage|p2a: Gent|54\/100\n|\n|-heal|p1a: Catalyst|58\/100|[from] item: Leftovers\n|-damage|p2a: Gent|42\/100|[from] Salt Cure\n|upkeep\n|turn|73\n|\n|t:|1701121250\n|switch|p1a: Giiwedin|Ninetales-Alola, F|55\/100\n|-weather|Snow|[from] ability: Snow Warning|[of] p1a: Giiwedin\n|move|p2a: Gent|Protect||[still]\n|-fail|p2a: Gent\n|\n|-weather|Snow|[upkeep]\n|-damage|p2a: Gent|30\/100|[from] Salt Cure\n|upkeep\n|turn|74\n|\n|t:|1701121254\n|move|p1a: Giiwedin|Encore|p2a: Gent\n|-start|p2a: Gent|Encore\n|move|p2a: Gent|Protect||[still]\n|-fail|p2a: Gent\n|\n|-weather|Snow|[upkeep]\n|-damage|p2a: Gent|18\/100|[from] Salt Cure\n|upkeep\n|turn|75\n|c|\u2606VanhominTest|Die!\n|\n|t:|1701121263\n|switch|p2a: Jogo|Armarouge, M, tera:Fire|89\/100\n|move|p1a: Giiwedin|Aurora Veil|p1a: Giiwedin\n|-sidestart|p1: VanhominTest|move: Aurora Veil\n|\n|-weather|Snow|[upkeep]\n|upkeep\n|turn|76\n|c|\u2606whitepikmin|Never!\n|\n|t:|1701121281\n|switch|p1a: Catalyst|Garganacl, F|58\/100\n|move|p2a: Jogo|Psychic|p1a: Catalyst\n|-damage|p1a: Catalyst|43\/100\n|\n|-weather|Snow|[upkeep]\n|-heal|p1a: Catalyst|49\/100|[from] item: Leftovers\n|upkeep\n|turn|77\n|\n|t:|1701121296\n|switch|p2a: Claude|Slowking-Galar, M, shiny|95\/100\n|move|p1a: Catalyst|Salt Cure|p2a: Claude\n|-damage|p2a: Claude|81\/100\n|-start|p2a: Claude|Salt Cure\n|\n|-weather|none\n|-heal|p1a: Catalyst|55\/100|[from] item: Leftovers\n|-damage|p2a: Claude|69\/100|[from] Salt Cure\n|upkeep\n|turn|78\n|\n|t:|1701121306\n|switch|p1a: Giiwedin|Ninetales-Alola, F|55\/100\n|-weather|Snow|[from] ability: Snow Warning|[of] p1a: Giiwedin\n|move|p2a: Claude|Future Sight|p1a: Giiwedin\n|-start|p2a: Claude|move: Future Sight\n|\n|-weather|Snow|[upkeep]\n|-damage|p2a: Claude|56\/100|[from] Salt Cure\n|upkeep\n|turn|79\n|\n|t:|1701121312\n|move|p1a: Giiwedin|Encore|p2a: Claude\n|-start|p2a: Claude|Encore\n|move|p2a: Claude|Future Sight||[still]\n|-fail|p2a: Claude\n|\n|-weather|Snow|[upkeep]\n|-damage|p2a: Claude|44\/100|[from] Salt Cure\n|upkeep\n|turn|80\n|\n|t:|1701121323\n|switch|p1a: Blackleg|Lokix, M|76\/100\n|switch|p2a: Jogo|Armarouge, M, tera:Fire|89\/100\n|\n|-weather|Snow|[upkeep]\n|-end|p1a: Blackleg|move: Future Sight\n|-immune|p1a: Blackleg\n|upkeep\n|turn|81\n|\n|t:|1701121360\n|move|p1a: Blackleg|Sucker Punch||[still]\n|-fail|p1a: Blackleg\n|move|p2a: Jogo|Calm Mind|p2a: Jogo\n|-boost|p2a: Jogo|spa|1\n|-boost|p2a: Jogo|spd|1\n|\n|-weather|Snow|[upkeep]\n|upkeep\n|turn|82\n|\n|t:|1701121371\n|move|p1a: Blackleg|Knock Off|p2a: Jogo\n|-damage|p2a: Jogo|50\/100\n|-ability|p2a: Jogo|Weak Armor|boost\n|-unboost|p2a: Jogo|def|1\n|-boost|p2a: Jogo|spe|2\n|-enditem|p2a: Jogo|Focus Sash|[from] move: Knock Off|[of] p1a: Blackleg\n|move|p2a: Jogo|Armor Cannon|p1a: Blackleg\n|-supereffective|p1a: Blackleg\n|-damage|p1a: Blackleg|0 fnt\n|-unboost|p2a: Jogo|def|1\n|-unboost|p2a: Jogo|spd|1\n|faint|p1a: Blackleg\n|\n|-weather|none\n|-sideend|p1: VanhominTest|move: Aurora Veil\n|upkeep\n|\n|t:|1701121381\n|switch|p1a: Recursion|Ditto, tera:Fairy|66\/100\n|-transform|p1a: Recursion|p2a: Jogo|[from] ability: Imposter\n|turn|83\n|c|\u2606whitepikmin|Damnit, don't think slowking can tank super rouge\n|\n|t:|1701121407\n|move|p1a: Recursion|Armor Cannon|p2a: Jogo\n|-resisted|p2a: Jogo\n|-damage|p2a: Jogo|0 fnt\n|-unboost|p1a: Recursion|def|1\n|-unboost|p1a: Recursion|spd|1\n|faint|p2a: Jogo\n|\n|upkeep\n|c|\u2606VanhominTest|DIEEEEE\n|\n|t:|1701121414\n|switch|p2a: Claude|Slowking-Galar, M, shiny|77\/100\n|turn|84\n|\n|t:|1701121417\n|move|p1a: Recursion|Armor Cannon|p2a: Claude\n|-damage|p2a: Claude|17\/100\n|-unboost|p1a: Recursion|def|1\n|-unboost|p1a: Recursion|spd|1\n|move|p2a: Claude|Sludge Bomb|p1a: Recursion\n|-supereffective|p1a: Recursion\n|-damage|p1a: Recursion|0 fnt\n|faint|p1a: Recursion\n|\n|upkeep\n|\n|t:|1701121426\n|switch|p1a: Giiwedin|Ninetales-Alola, F|55\/100\n|-weather|Snow|[from] ability: Snow Warning|[of] p1a: Giiwedin\n|turn|85\n|c|\u2606whitepikmin|My death, was greatly exaggerated.hehe\n|\n|t:|1701121440\n|move|p1a: Giiwedin|Moonblast|p2a: Claude\n|-resisted|p2a: Claude\n|-damage|p2a: Claude|9\/100\n|-unboost|p2a: Claude|spa|1\n|move|p2a: Claude|Slack Off|p2a: Claude\n|-heal|p2a: Claude|59\/100\n|\n|-weather|Snow|[upkeep]\n|upkeep\n|turn|86\n|\n|t:|1701121444\n|move|p1a: Giiwedin|Encore|p2a: Claude\n|-start|p2a: Claude|Encore\n|move|p2a: Claude|Slack Off|p2a: Claude\n|-heal|p2a: Claude|100\/100\n|\n|-weather|Snow|[upkeep]\n|upkeep\n|turn|87\n|\n|t:|1701121456\n|switch|p2a: Gent|Weezing-Galar, M, shiny|18\/100\n|move|p1a: Giiwedin|Moonblast|p2a: Gent\n|-resisted|p2a: Gent\n|-damage|p2a: Gent|0 fnt\n|faint|p2a: Gent\n|\n|-weather|Snow|[upkeep]\n|upkeep\n|c|\u2606whitepikmin|Nooooo\n|\n|t:|1701121466\n|switch|p2a: Claude|Slowking-Galar, M, shiny|100\/100\n|turn|88\n|\n|t:|1701121475\n|move|p1a: Giiwedin|Aurora Veil|p1a: Giiwedin\n|-sidestart|p1: VanhominTest|move: Aurora Veil\n|move|p2a: Claude|Sludge Bomb|p1a: Giiwedin\n|-supereffective|p1a: Giiwedin\n|-damage|p1a: Giiwedin|21\/100\n|\n|-weather|Snow|[upkeep]\n|upkeep\n|turn|89\n|\n|t:|1701121481\n|switch|p1a: Mordred|Corviknight, F|73\/100\n|-ability|p1a: Mordred|Pressure\n|move|p2a: Claude|Future Sight|p1a: Mordred\n|-start|p2a: Claude|move: Future Sight\n|\n|-weather|none\n|upkeep\n|turn|90\n|\n|t:|1701121484\n|move|p1a: Mordred|Roost|p1a: Mordred\n|-heal|p1a: Mordred|100\/100\n|-singleturn|p1a: Mordred|move: Roost\n|move|p2a: Claude|Thunder Wave|p1a: Mordred\n|-status|p1a: Mordred|par\n|\n|upkeep\n|turn|91\n|\n|t:|1701121490\n|move|p2a: Claude|Thunder Wave|p1a: Mordred\n|-fail|p1a: Mordred|par\n|move|p1a: Mordred|U-turn|p2a: Claude\n|-damage|p2a: Claude|87\/100\n|\n|t:|1701121494\n|switch|p1a: Catalyst|Garganacl, F|55\/100|[from] U-turn\n|\n|-end|p1a: Catalyst|move: Future Sight\n|-damage|p1a: Catalyst|41\/100\n|-heal|p1a: Catalyst|47\/100|[from] item: Leftovers\n|upkeep\n|turn|92\n|\n|t:|1701121501\n|move|p1a: Catalyst|Recover|p1a: Catalyst\n|-heal|p1a: Catalyst|97\/100\n|move|p2a: Claude|Future Sight|p1a: Catalyst\n|-start|p2a: Claude|move: Future Sight\n|\n|-heal|p1a: Catalyst|100\/100|[from] item: Leftovers\n|upkeep\n|turn|93\n|\n|t:|1701121505\n|move|p1a: Catalyst|Salt Cure|p2a: Claude\n|-damage|p2a: Claude|71\/100\n|-start|p2a: Claude|Salt Cure\n|move|p2a: Claude|Sludge Bomb|p1a: Catalyst\n|-resisted|p1a: Catalyst\n|-damage|p1a: Catalyst|95\/100\n|\n|-heal|p1a: Catalyst|100\/100|[from] item: Leftovers\n|-damage|p2a: Claude|59\/100|[from] Salt Cure\n|upkeep\n|turn|94\n|c|\u2606whitepikmin|Damn, gg!\n|\n|t:|1701121513\n|move|p1a: Catalyst|Curse|p1a: Catalyst\n|-unboost|p1a: Catalyst|spe|1\n|-boost|p1a: Catalyst|atk|1\n|-boost|p1a: Catalyst|def|1\n|move|p2a: Claude|Sludge Bomb|p1a: Catalyst\n|-resisted|p1a: Catalyst\n|-damage|p1a: Catalyst|95\/100\n|\n|-end|p1a: Catalyst|move: Future Sight\n|-damage|p1a: Catalyst|80\/100\n|-heal|p1a: Catalyst|86\/100|[from] item: Leftovers\n|-damage|p2a: Claude|46\/100|[from] Salt Cure\n|upkeep\n|turn|95\n|c|\u2606VanhominTest|Good game\n|\n|t:|1701121525\n|move|p2a: Claude|Future Sight|p1a: Catalyst\n|-start|p2a: Claude|move: Future Sight\n|move|p1a: Catalyst|Salt Cure|p2a: Claude\n|-damage|p2a: Claude|24\/100\n|\n|-heal|p1a: Catalyst|92\/100|[from] item: Leftovers\n|-damage|p2a: Claude|11\/100|[from] Salt Cure\n|-sideend|p1: VanhominTest|move: Aurora Veil\n|upkeep\n|turn|96\n|c|\u2606whitepikmin|Almost 100 turns lol\n|\n|t:|1701121530\n|move|p2a: Claude|Slack Off|p2a: Claude\n|-heal|p2a: Claude|61\/100\n|move|p1a: Catalyst|Salt Cure|p2a: Claude\n|-damage|p2a: Claude|41\/100\n|\n|-heal|p1a: Catalyst|99\/100|[from] item: Leftovers\n|-damage|p2a: Claude|29\/100|[from] Salt Cure\n|upkeep\n|turn|97\n|\n|t:|1701121536\n|move|p2a: Claude|Slack Off|p2a: Claude\n|-heal|p2a: Claude|79\/100\n|move|p1a: Catalyst|Curse|p1a: Catalyst\n|-unboost|p1a: Catalyst|spe|1\n|-boost|p1a: Catalyst|atk|1\n|-boost|p1a: Catalyst|def|1\n|\n|-end|p1a: Catalyst|move: Future Sight\n|-damage|p1a: Catalyst|70\/100\n|-heal|p1a: Catalyst|76\/100|[from] item: Leftovers\n|-damage|p2a: Claude|66\/100|[from] Salt Cure\n|upkeep\n|turn|98\n|\n|t:|1701121543\n|move|p2a: Claude|Future Sight|p1a: Catalyst\n|-start|p2a: Claude|move: Future Sight\n|move|p1a: Catalyst|Salt Cure|p2a: Claude\n|-damage|p2a: Claude|40\/100\n|\n|-heal|p1a: Catalyst|82\/100|[from] item: Leftovers\n|-damage|p2a: Claude|28\/100|[from] Salt Cure\n|upkeep\n|turn|99\n|c|\u2606VanhominTest|Slowking gonna drag it over 100!\n|\n|t:|1701121549\n|move|p2a: Claude|Slack Off|p2a: Claude\n|-heal|p2a: Claude|78\/100\n|move|p1a: Catalyst|Salt Cure|p2a: Claude\n|-damage|p2a: Claude|48\/100\n|\n|-heal|p1a: Catalyst|88\/100|[from] item: Leftovers\n|-damage|p2a: Claude|36\/100|[from] Salt Cure\n|upkeep\n|turn|100\n|c|\u2606whitepikmin|I guess so lol\n|\n|t:|1701121556\n|move|p2a: Claude|Sludge Bomb|p1a: Catalyst\n|-resisted|p1a: Catalyst\n|-damage|p1a: Catalyst|77\/100\n|move|p1a: Catalyst|Curse|p1a: Catalyst\n|-unboost|p1a: Catalyst|spe|1\n|-boost|p1a: Catalyst|atk|1\n|-boost|p1a: Catalyst|def|1\n|\n|-end|p1a: Catalyst|move: Future Sight\n|-damage|p1a: Catalyst|46\/100\n|-heal|p1a: Catalyst|52\/100|[from] item: Leftovers\n|-damage|p2a: Claude|23\/100|[from] Salt Cure\n|upkeep\n|turn|101\n|\n|t:|1701121560\n|move|p2a: Claude|Sludge Bomb|p1a: Catalyst\n|-resisted|p1a: Catalyst\n|-damage|p1a: Catalyst|41\/100\n|move|p1a: Catalyst|Recover|p1a: Catalyst\n|-heal|p1a: Catalyst|91\/100\n|\n|-heal|p1a: Catalyst|97\/100|[from] item: Leftovers\n|-damage|p2a: Claude|11\/100|[from] Salt Cure\n|upkeep\n|turn|102\n|\n|t:|1701121563\n|move|p2a: Claude|Sludge Bomb|p1a: Catalyst\n|-resisted|p1a: Catalyst\n|-damage|p1a: Catalyst|86\/100\n|move|p1a: Catalyst|Body Press|p2a: Claude\n|-resisted|p2a: Claude\n|-damage|p2a: Claude|0 fnt\n|faint|p2a: Claude\n|\n|win|VanhominTest\n|c|\u2606whitepikmin|Gg\n|c|\u2606VanhominTest|good game\n","uploadtime":1701121570,"views":2,"p1id":"vanhomintest","p2id":"whitepikmin","formatid":"gen9ou","rating":0,"private":0,"password":""}