{"id":"gen9ou-1996409077","p1":"RSstar","p2":"CoffeeBeanz2","format":"[Gen 9] OU","log":"|j|\u2606RSstar\n|j|\u2606CoffeeBeanz2\n|t:|1700679238\n|gametype|singles\n|player|p1|RSstar|drayden|\n|player|p2|CoffeeBeanz2|lysandre|\n|teamsize|p1|6\n|teamsize|p2|6\n|gen|9\n|tier|[Gen 9] OU\n|rule|Sleep Clause Mod: Limit one foe put to sleep\n|rule|Species Clause: Limit one of each Pok\u00e9mon\n|rule|OHKO Clause: OHKO moves are banned\n|rule|Evasion Items Clause: Evasion items are banned\n|rule|Evasion Moves Clause: Evasion moves are banned\n|rule|Endless Battle Clause: Forcing endless battles is banned\n|rule|HP Percentage Mod: HP is shown in percentages\n|clearpoke\n|poke|p1|Ogerpon-Wellspring, F|\n|poke|p1|Vikavolt, M|\n|poke|p1|Gholdengo|\n|poke|p1|Ceruledge, M|\n|poke|p1|Tornadus-Therian, M|\n|poke|p1|Great Tusk|\n|poke|p2|Tauros-Paldea-Blaze, M|\n|poke|p2|Klefki, F|\n|poke|p2|Hydreigon, F|\n|poke|p2|Sandaconda, F|\n|poke|p2|Maushold-Four|\n|poke|p2|Clawitzer, F|\n|teampreview\n|c|\u2606RSstar|Bro i am actually lagging so hard for some  reason\n|\n|t:|1700679276\n|start\n|switch|p1a: Vikavolt|Vikavolt, M|100\/100\n|switch|p2a: Sandaconda|Sandaconda, F|100\/100\n|turn|1\n|\n|t:|1700679290\n|move|p2a: Sandaconda|Coil|p2a: Sandaconda\n|-boost|p2a: Sandaconda|atk|1\n|-boost|p2a: Sandaconda|def|1\n|-boost|p2a: Sandaconda|accuracy|1\n|move|p1a: Vikavolt|Sticky Web|p2a: Sandaconda\n|-sidestart|p2: CoffeeBeanz2|move: Sticky Web\n|\n|upkeep\n|turn|2\n|\n|t:|1700679303\n|-terastallize|p2a: Sandaconda|Dragon\n|move|p2a: Sandaconda|Scale Shot|p1a: Vikavolt\n|-damage|p1a: Vikavolt|88\/100\n|-damage|p1a: Vikavolt|75\/100\n|-damage|p1a: Vikavolt|62\/100\n|-damage|p1a: Vikavolt|49\/100\n|-hitcount|p1a: Vikavolt|4\n|-unboost|p2a: Sandaconda|def|1\n|-boost|p2a: Sandaconda|spe|1\n|move|p1a: Vikavolt|Bug Buzz|p2a: Sandaconda\n|-damage|p2a: Sandaconda|41\/100\n|\n|-heal|p1a: Vikavolt|55\/100|[from] item: Leftovers\n|upkeep\n|turn|3\n|\n|t:|1700679329\n|move|p2a: Sandaconda|Rock Blast|p1a: Vikavolt\n|-supereffective|p1a: Vikavolt\n|-damage|p1a: Vikavolt|38\/100\n|-supereffective|p1a: Vikavolt\n|-damage|p1a: Vikavolt|19\/100\n|-supereffective|p1a: Vikavolt\n|-damage|p1a: Vikavolt|1\/100\n|-supereffective|p1a: Vikavolt\n|-damage|p1a: Vikavolt|0 fnt\n|faint|p1a: Vikavolt\n|-hitcount|p1: Vikavolt|4\n|\n|upkeep\n|\n|t:|1700679346\n|switch|p1a: Great Tusk|Great Tusk|100\/100\n|turn|4\n|\n|t:|1700679366\n|move|p2a: Sandaconda|Rest|p2a: Sandaconda\n|-status|p2a: Sandaconda|slp|[from] move: Rest\n|-heal|p2a: Sandaconda|100\/100 slp|[silent]\n|move|p1a: Great Tusk|Stealth Rock|p2a: Sandaconda\n|-sidestart|p2: CoffeeBeanz2|move: Stealth Rock\n|\n|-activate|p2a: Sandaconda|ability: Shed Skin\n|-curestatus|p2a: Sandaconda|slp|[msg]\n|upkeep\n|turn|5\n|\n|t:|1700679384\n|move|p2a: Sandaconda|Coil|p2a: Sandaconda\n|-boost|p2a: Sandaconda|atk|1\n|-boost|p2a: Sandaconda|def|1\n|-boost|p2a: Sandaconda|accuracy|1\n|move|p1a: Great Tusk|Ice Spinner|p2a: Sandaconda\n|-supereffective|p2a: Sandaconda\n|-damage|p2a: Sandaconda|75\/100\n|\n|upkeep\n|turn|6\n|\n|t:|1700679408\n|-end|p1a: Great Tusk|Protosynthesis|[silent]\n|switch|p1a: Gholdengo|Gholdengo|100\/100\n|move|p2a: Sandaconda|Coil|p2a: Sandaconda\n|-boost|p2a: Sandaconda|atk|1\n|-boost|p2a: Sandaconda|def|1\n|-boost|p2a: Sandaconda|accuracy|1\n|\n|upkeep\n|turn|7\n|\n|t:|1700679426\n|move|p2a: Sandaconda|Scale Shot|p1a: Gholdengo\n|-resisted|p1a: Gholdengo\n|-damage|p1a: Gholdengo|87\/100\n|-resisted|p1a: Gholdengo\n|-damage|p1a: Gholdengo|75\/100\n|-resisted|p1a: Gholdengo\n|-damage|p1a: Gholdengo|63\/100\n|-resisted|p1a: Gholdengo\n|-damage|p1a: Gholdengo|51\/100\n|-resisted|p1a: Gholdengo\n|-damage|p1a: Gholdengo|37\/100\n|-hitcount|p1a: Gholdengo|5\n|-unboost|p2a: Sandaconda|def|1\n|-boost|p2a: Sandaconda|spe|1\n|move|p1a: Gholdengo|Make It Rain|p2a: Sandaconda\n|-damage|p2a: Sandaconda|0 fnt\n|-unboost|p1a: Gholdengo|spa|1\n|faint|p2a: Sandaconda\n|\n|-heal|p1a: Gholdengo|43\/100|[from] item: Leftovers\n|upkeep\n|\n|t:|1700679442\n|switch|p2a: Maushold|Maushold-Four|100\/100\n|-activate|p2a: Maushold|move: Sticky Web\n|-unboost|p2a: Maushold|spe|1\n|-damage|p2a: Maushold|88\/100|[from] Stealth Rock\n|turn|8\n|\n|t:|1700679455\n|switch|p1a: Great Tusk|Great Tusk|100\/100\n|move|p2a: Maushold|Tidy Up|p2a: Maushold\n|-sideend|p2: CoffeeBeanz2|Stealth Rock\n|-sideend|p2: CoffeeBeanz2|Sticky Web\n|-activate|p2a: Maushold|move: Tidy Up\n|-boost|p2a: Maushold|atk|1\n|-boost|p2a: Maushold|spe|1\n|\n|upkeep\n|turn|9\n|\n|t:|1700679467\n|move|p2a: Maushold|Tidy Up|p2a: Maushold\n|-boost|p2a: Maushold|atk|1\n|-boost|p2a: Maushold|spe|1\n|move|p1a: Great Tusk|Rapid Spin|p2a: Maushold\n|-damage|p2a: Maushold|58\/100\n|-boost|p1a: Great Tusk|spe|1\n|\n|upkeep\n|turn|10\n|\n|t:|1700679481\n|move|p2a: Maushold|Encore|p1a: Great Tusk\n|-start|p1a: Great Tusk|Encore\n|move|p1a: Great Tusk|Rapid Spin|p2a: Maushold\n|-damage|p2a: Maushold|31\/100\n|-boost|p1a: Great Tusk|spe|1\n|\n|upkeep\n|turn|11\n|\n|t:|1700679493\n|switch|p2a: Tauros|Tauros-Paldea-Blaze, M|100\/100\n|-ability|p2a: Tauros|Intimidate|boost\n|-unboost|p1a: Great Tusk|atk|1\n|move|p1a: Great Tusk|Rapid Spin|p2a: Tauros\n|-damage|p2a: Tauros|87\/100\n|-boost|p1a: Great Tusk|spe|1\n|\n|-heal|p2a: Tauros|93\/100|[from] item: Leftovers\n|upkeep\n|turn|12\n|\n|t:|1700679506\n|-end|p1a: Great Tusk|Protosynthesis|[silent]\n|switch|p1a: Ceruledge|Ceruledge, M|100\/100\n|move|p2a: Tauros|Substitute|p2a: Tauros\n|-start|p2a: Tauros|Substitute\n|-damage|p2a: Tauros|69\/100\n|\n|-heal|p2a: Tauros|75\/100|[from] item: Leftovers\n|upkeep\n|turn|13\n|\n|t:|1700679521\n|move|p2a: Tauros|Bulk Up|p2a: Tauros\n|-boost|p2a: Tauros|atk|1\n|-boost|p2a: Tauros|def|1\n|move|p1a: Ceruledge|Poltergeist|p2a: Tauros\n|-activate|p2a: Tauros|move: Poltergeist|Leftovers\n|-end|p2a: Tauros|Substitute\n|\n|-heal|p2a: Tauros|81\/100|[from] item: Leftovers\n|upkeep\n|turn|14\n|\n|t:|1700679532\n|move|p2a: Tauros|Substitute|p2a: Tauros\n|-start|p2a: Tauros|Substitute\n|-damage|p2a: Tauros|56\/100\n|move|p1a: Ceruledge|Swords Dance|p1a: Ceruledge\n|-boost|p1a: Ceruledge|atk|2\n|\n|-heal|p2a: Tauros|62\/100|[from] item: Leftovers\n|upkeep\n|turn|15\n|\n|t:|1700679544\n|move|p2a: Tauros|Bulk Up|p2a: Tauros\n|-boost|p2a: Tauros|atk|1\n|-boost|p2a: Tauros|def|1\n|move|p1a: Ceruledge|Poltergeist|p2a: Tauros\n|-activate|p2a: Tauros|move: Poltergeist|Leftovers\n|-end|p2a: Tauros|Substitute\n|\n|-heal|p2a: Tauros|69\/100|[from] item: Leftovers\n|upkeep\n|turn|16\n|\n|t:|1700679564\n|move|p1a: Ceruledge|Shadow Sneak|p2a: Tauros\n|-damage|p2a: Tauros|42\/100\n|move|p2a: Tauros|Raging Bull|p1a: Ceruledge\n|-resisted|p1a: Ceruledge\n|-damage|p1a: Ceruledge|38\/100\n|-ability|p1a: Ceruledge|Weak Armor|boost\n|-unboost|p1a: Ceruledge|def|1\n|-boost|p1a: Ceruledge|spe|2\n|\n|-heal|p2a: Tauros|49\/100|[from] item: Leftovers\n|upkeep\n|turn|17\n|\n|t:|1700679578\n|switch|p2a: Maushold|Maushold-Four|31\/100\n|move|p1a: Ceruledge|Poltergeist|p2a: Maushold\n|-immune|p2a: Maushold\n|\n|upkeep\n|turn|18\n|\n|t:|1700679588\n|switch|p2a: Tauros|Tauros-Paldea-Blaze, M|49\/100\n|-ability|p2a: Tauros|Intimidate|boost\n|-unboost|p1a: Ceruledge|atk|1\n|move|p1a: Ceruledge|Bitter Blade|p2a: Tauros\n|-resisted|p2a: Tauros\n|-damage|p2a: Tauros|4\/100\n|-heal|p1a: Ceruledge|60\/100|[from] drain|[of] p2a: Tauros\n|\n|-heal|p2a: Tauros|10\/100|[from] item: Leftovers\n|upkeep\n|turn|19\n|\n|t:|1700679602\n|move|p1a: Ceruledge|Bitter Blade|p2a: Tauros\n|-resisted|p2a: Tauros\n|-damage|p2a: Tauros|0 fnt\n|-heal|p1a: Ceruledge|65\/100|[from] drain|[of] p2a: Tauros\n|faint|p2a: Tauros\n|\n|upkeep\n|\n|t:|1700679605\n|switch|p2a: Clawitzer|Clawitzer, F|100\/100\n|turn|20\n|\n|t:|1700679613\n|move|p1a: Ceruledge|Poltergeist|p2a: Clawitzer\n|-activate|p2a: Clawitzer|move: Poltergeist|Choice Specs\n|-damage|p2a: Clawitzer|7\/100\n|move|p2a: Clawitzer|Dark Pulse|p1a: Ceruledge\n|-supereffective|p1a: Ceruledge\n|-damage|p1a: Ceruledge|0 fnt\n|faint|p1a: Ceruledge\n|\n|upkeep\n|\n|t:|1700679629\n|switch|p1a: Ogerpon|Ogerpon-Wellspring, F|100\/100\n|turn|21\n|\n|t:|1700679640\n|move|p1a: Ogerpon|Ivy Cudgel|p2a: Clawitzer|[anim] Ivy Cudgel Water\n|-resisted|p2a: Clawitzer\n|-damage|p2a: Clawitzer|0 fnt\n|faint|p2a: Clawitzer\n|\n|upkeep\n|\n|t:|1700679645\n|switch|p2a: Klefki|Klefki, F|100\/100\n|turn|22\n|\n|t:|1700679655\n|switch|p1a: Great Tusk|Great Tusk|100\/100\n|move|p2a: Klefki|Reflect|p2a: Klefki\n|-sidestart|p2: CoffeeBeanz2|Reflect\n|\n|upkeep\n|turn|23\n|\n|t:|1700679671\n|move|p2a: Klefki|Magic Room|p2a: Klefki\n|-fieldstart|move: Magic Room|[of] p2a: Klefki\n|move|p1a: Great Tusk|Rapid Spin|p2a: Klefki\n|-resisted|p2a: Klefki\n|-damage|p2a: Klefki|97\/100\n|-boost|p1a: Great Tusk|spe|1\n|\n|upkeep\n|turn|24\n|\n|t:|1700679680\n|switch|p2a: Hydreigon|Hydreigon, F|100\/100\n|move|p1a: Great Tusk|Headlong Rush|p2a: Hydreigon\n|-immune|p2a: Hydreigon|[from] ability: Levitate\n|\n|upkeep\n|turn|25\n|\n|t:|1700679689\n|move|p2a: Hydreigon|Substitute|p2a: Hydreigon\n|-start|p2a: Hydreigon|Substitute\n|-damage|p2a: Hydreigon|76\/100\n|move|p1a: Great Tusk|Ice Spinner|p2a: Hydreigon\n|-supereffective|p2a: Hydreigon\n|-end|p2a: Hydreigon|Substitute\n|\n|upkeep\n|turn|26\n|\n|t:|1700679700\n|move|p2a: Hydreigon|Nasty Plot|p2a: Hydreigon\n|-boost|p2a: Hydreigon|spa|2\n|move|p1a: Great Tusk|Ice Spinner|p2a: Hydreigon\n|-supereffective|p2a: Hydreigon\n|-damage|p2a: Hydreigon|40\/100\n|\n|upkeep\n|turn|27\n|\n|t:|1700679715\n|move|p2a: Hydreigon|Substitute|p2a: Hydreigon\n|-start|p2a: Hydreigon|Substitute\n|-damage|p2a: Hydreigon|16\/100\n|move|p1a: Great Tusk|Ice Spinner|p2a: Hydreigon\n|-supereffective|p2a: Hydreigon\n|-end|p2a: Hydreigon|Substitute\n|\n|-fieldend|move: Magic Room|[of] p2: Klefki\n|upkeep\n|turn|28\n|\n|t:|1700679726\n|move|p2a: Hydreigon|Draco Meteor|p1a: Great Tusk\n|-damage|p1a: Great Tusk|0 fnt\n|-unboost|p2a: Hydreigon|spa|2\n|faint|p1a: Great Tusk\n|-end|p1a: Great Tusk|Protosynthesis|[silent]\n|\n|upkeep\n|\n|t:|1700679736\n|switch|p1a: Tornadus|Tornadus-Therian, M|100\/100\n|turn|29\n|\n|t:|1700679742\n|move|p2a: Hydreigon|Draco Meteor|p1a: Tornadus\n|-damage|p1a: Tornadus|16\/100\n|-unboost|p2a: Hydreigon|spa|2\n|move|p1a: Tornadus|Bleakwind Storm|p2a: Hydreigon\n|-damage|p2a: Hydreigon|0 fnt\n|faint|p2a: Hydreigon\n|-damage|p1a: Tornadus|6\/100|[from] item: Life Orb\n|\n|-sideend|p2: CoffeeBeanz2|Reflect\n|upkeep\n|\n|t:|1700679749\n|switch|p2a: Klefki|Klefki, F|97\/100\n|turn|30\n|\n|t:|1700679759\n|move|p2a: Klefki|Reflect|p2a: Klefki\n|-sidestart|p2: CoffeeBeanz2|Reflect\n|move|p1a: Tornadus|Heat Wave|p2a: Klefki\n|-supereffective|p2a: Klefki\n|-damage|p2a: Klefki|8\/100\n|-damage|p1a: Tornadus|0 fnt|[from] item: Life Orb\n|faint|p1a: Tornadus\n|\n|upkeep\n|\n|t:|1700679773\n|switch|p1a: Ogerpon|Ogerpon-Wellspring, F|100\/100\n|turn|31\n|\n|t:|1700679777\n|move|p2a: Klefki|Spikes|p1a: Ogerpon\n|-sidestart|p1: RSstar|Spikes\n|move|p1a: Ogerpon|Ivy Cudgel|p2a: Klefki|[anim] Ivy Cudgel Water\n|-damage|p2a: Klefki|0 fnt\n|faint|p2a: Klefki\n|\n|upkeep\n|\n|t:|1700679781\n|switch|p2a: Maushold|Maushold-Four|31\/100\n|turn|32\n|\n|t:|1700679789\n|move|p2a: Maushold|Population Bomb|p1a: Ogerpon\n|-damage|p1a: Ogerpon|86\/100\n|-damage|p1a: Ogerpon|71\/100\n|-damage|p1a: Ogerpon|56\/100\n|-damage|p1a: Ogerpon|41\/100\n|-damage|p1a: Ogerpon|25\/100\n|-damage|p1a: Ogerpon|12\/100\n|-damage|p1a: Ogerpon|0 fnt\n|faint|p1a: Ogerpon\n|-hitcount|p1: Ogerpon|7\n|\n|upkeep\n|\n|t:|1700679801\n|switch|p1a: Gholdengo|Gholdengo|43\/100\n|-damage|p1a: Gholdengo|31\/100|[from] Spikes\n|turn|33\n|c|\u2606CoffeeBeanz2|ggggg\n|\n|t:|1700679815\n|-terastallize|p1a: Gholdengo|Fighting\n|move|p2a: Maushold|Bite|p1a: Gholdengo\n|-resisted|p1a: Gholdengo\n|-damage|p1a: Gholdengo|19\/100\n|move|p1a: Gholdengo|Make It Rain|p2a: Maushold\n|-damage|p2a: Maushold|0 fnt\n|-unboost|p1a: Gholdengo|spa|1\n|faint|p2a: Maushold\n|\n|win|RSstar\n|c|\u2606RSstar|Gg\n|c|\u2606CoffeeBeanz2|i won\n|c|\u2606CoffeeBeanz2|amazing work by me\n|c|\u2606RSstar|Wydm tf\n","uploadtime":1700679839,"views":2,"p1id":"rsstar","p2id":"coffeebeanz2","formatid":"gen9ou","rating":0,"private":0,"password":""}