{"id":"gen9ou-1989104995","p1":"yodaminnesota","p2":"Rending Scizor","format":"[Gen 9] OU","log":"|j|\u2606yodaminnesota\n|j|\u2606Rending Scizor\n|t:|1699812714\n|gametype|singles\n|player|p1|yodaminnesota|265|1295\n|player|p2|Rending Scizor|kieran-festival|1411\n|teamsize|p1|6\n|teamsize|p2|6\n|gen|9\n|tier|[Gen 9] OU\n|rated|\n|rule|Sleep Clause Mod: Limit one foe put to sleep\n|rule|Species Clause: Limit one of each Pok\u00e9mon\n|rule|OHKO Clause: OHKO moves are banned\n|rule|Evasion Items Clause: Evasion items are banned\n|rule|Evasion Moves Clause: Evasion moves are banned\n|rule|Endless Battle Clause: Forcing endless battles is banned\n|rule|HP Percentage Mod: HP is shown in percentages\n|clearpoke\n|poke|p1|Corviknight, M|\n|poke|p1|Walking Wake|\n|poke|p1|Great Tusk|\n|poke|p1|Zapdos|\n|poke|p1|Heatran, M|\n|poke|p1|Kingambit, F|\n|poke|p2|Kingambit, F|\n|poke|p2|Gholdengo|\n|poke|p2|Iron Valiant|\n|poke|p2|Iron Moth|\n|poke|p2|Great Tusk|\n|poke|p2|Samurott-Hisui, F|\n|teampreview\n|\n|t:|1699812726\n|start\n|switch|p1a: Zapdos|Zapdos|100\/100\n|switch|p2a: CoryXKenshin|Samurott-Hisui, F|100\/100\n|turn|1\n|inactive|Battle timer is ON: inactive players will automatically lose when time's up. (requested by Rending Scizor)\n|\n|t:|1699812737\n|move|p1a: Zapdos|Tailwind|p1a: Zapdos\n|-sidestart|p1: yodaminnesota|move: Tailwind\n|move|p2a: CoryXKenshin|Ceaseless Edge|p1a: Zapdos\n|-damage|p1a: Zapdos|57\/100\n|-sidestart|p1: yodaminnesota|Spikes\n|\n|upkeep\n|turn|2\n|\n|t:|1699812752\n|move|p1a: Zapdos|Volt Switch|p2a: CoryXKenshin\n|-supereffective|p2a: CoryXKenshin\n|-damage|p2a: CoryXKenshin|20\/100\n|\n|t:|1699812756\n|switch|p1a: Great Tusk|Great Tusk|100\/100|[from] Volt Switch\n|-damage|p1a: Great Tusk|88\/100|[from] Spikes\n|move|p2a: CoryXKenshin|Ceaseless Edge|p1a: Great Tusk\n|-resisted|p1a: Great Tusk\n|-damage|p1a: Great Tusk|72\/100\n|-sidestart|p1: yodaminnesota|Spikes\n|\n|upkeep\n|turn|3\n|\n|t:|1699812773\n|move|p2a: CoryXKenshin|Aqua Jet|p1a: Great Tusk\n|-supereffective|p1a: Great Tusk\n|-damage|p1a: Great Tusk|44\/100\n|move|p1a: Great Tusk|Knock Off|p2a: CoryXKenshin\n|-resisted|p2a: CoryXKenshin\n|-damage|p2a: CoryXKenshin|0 fnt\n|-enditem|p2a: CoryXKenshin|Focus Sash|[from] move: Knock Off|[of] p1a: Great Tusk\n|faint|p2a: CoryXKenshin\n|\n|upkeep\n|\n|t:|1699812784\n|switch|p2a: Mothra|Iron Moth|100\/100\n|-enditem|p2a: Mothra|Booster Energy\n|-activate|p2a: Mothra|ability: Quark Drive|[fromitem]\n|-start|p2a: Mothra|quarkdrivespe\n|turn|4\n|\n|t:|1699812788\n|move|p1a: Great Tusk|Knock Off|p2a: Mothra\n|-damage|p2a: Mothra|48\/100\n|move|p2a: Mothra|Psychic|p1a: Great Tusk\n|-supereffective|p1a: Great Tusk\n|-damage|p1a: Great Tusk|0 fnt\n|faint|p1a: Great Tusk\n|-end|p1a: Great Tusk|Protosynthesis|[silent]\n|\n|-sideend|p1: yodaminnesota|move: Tailwind\n|upkeep\n|\n|t:|1699812795\n|switch|p1a: Heatran|Heatran, M|100\/100\n|-damage|p1a: Heatran|84\/100|[from] Spikes\n|turn|5\n|c|\u2606Rending Scizor|Scarf tusk?\n|\n|t:|1699812816\n|-terastallize|p2a: Mothra|Ground\n|move|p2a: Mothra|Tera Blast|p1a: Heatran|[anim] Tera Blast Ground\n|-supereffective|p1a: Heatran\n|-damage|p1a: Heatran|0 fnt\n|faint|p1a: Heatran\n|\n|upkeep\n|c|\u2606yodaminnesota|tailwind team\n|\n|t:|1699812822\n|switch|p1a: Kingambit|Kingambit, F|100\/100\n|-activate|p1a: Kingambit|ability: Supreme Overlord\n|-start|p1a: Kingambit|fallen2|[silent]\n|turn|6\n|c|\u2606Rending Scizor|Thats cool\n|\n|t:|1699812836\n|move|p1a: Kingambit|Sucker Punch|p2a: Mothra\n|-damage|p2a: Mothra|0 fnt\n|faint|p2a: Mothra\n|-end|p2a: Mothra|Quark Drive|[silent]\n|\n|upkeep\n|\n|t:|1699812849\n|switch|p2a: Zangief|Great Tusk|100\/100\n|turn|7\n|\n|t:|1699812858\n|-end|p1a: Kingambit|fallen2|[silent]\n|switch|p1a: Zapdos|Zapdos|57\/100\n|move|p2a: Zangief|Headlong Rush|p1a: Zapdos\n|-immune|p1a: Zapdos\n|\n|upkeep\n|turn|8\n|\n|t:|1699812861\n|move|p1a: Zapdos|Roost|p1a: Zapdos\n|-heal|p1a: Zapdos|100\/100\n|-singleturn|p1a: Zapdos|move: Roost\n|move|p2a: Zangief|Ice Spinner|p1a: Zapdos\n|-damage|p1a: Zapdos|74\/100\n|-status|p2a: Zangief|par|[from] ability: Static|[of] p1a: Zapdos\n|\n|upkeep\n|turn|9\n|c|\u2606yodaminnesota|yeah i like how u dont have to run garbage mons just slap it on already good stuff like zapdos\n|\n|t:|1699812872\n|move|p1a: Zapdos|Tailwind|p1a: Zapdos\n|-sidestart|p1: yodaminnesota|move: Tailwind\n|move|p2a: Zangief|Ice Spinner|p1a: Zapdos\n|-supereffective|p1a: Zapdos\n|-damage|p1a: Zapdos|24\/100\n|\n|upkeep\n|turn|10\n|\n|t:|1699812884\n|switch|p1a: Walking Wake|Walking Wake|100\/100\n|-damage|p1a: Walking Wake|84\/100|[from] Spikes\n|move|p2a: Zangief|Ice Spinner|p1a: Walking Wake\n|-damage|p1a: Walking Wake|53\/100\n|\n|upkeep\n|turn|11\n|c|\u2606Rending Scizor|Ok\n|\n|t:|1699812901\n|move|p1a: Walking Wake|Hydro Pump|p2a: Zangief\n|-supereffective|p2a: Zangief\n|-damage|p2a: Zangief|0 fnt\n|faint|p2a: Zangief\n|-end|p2a: Zangief|Protosynthesis|[silent]\n|\n|upkeep\n|\n|t:|1699812905\n|switch|p2a: Fairtex|Iron Valiant|100\/100\n|-enditem|p2a: Fairtex|Booster Energy\n|-activate|p2a: Fairtex|ability: Quark Drive|[fromitem]\n|-start|p2a: Fairtex|quarkdrivespe\n|turn|12\n|\n|t:|1699812911\n|move|p1a: Walking Wake|Hydro Pump|p2a: Fairtex\n|-damage|p2a: Fairtex|0 fnt\n|faint|p2a: Fairtex\n|-end|p2a: Fairtex|Quark Drive|[silent]\n|\n|-sideend|p1: yodaminnesota|move: Tailwind\n|upkeep\n|c|\u2606Rending Scizor|Forgot u had tailwind lol\n|\n|t:|1699812938\n|switch|p2a: Shogun|Kingambit, F|100\/100\n|-activate|p2a: Shogun|ability: Supreme Overlord\n|-start|p2a: Shogun|fallen4|[silent]\n|turn|13\n|\n|t:|1699812943\n|-end|p1a: Walking Wake|Protosynthesis|[silent]\n|switch|p1a: Corviknight|Corviknight, M|100\/100\n|-ability|p1a: Corviknight|Pressure\n|move|p2a: Shogun|Sucker Punch||[still]\n|-fail|p2a: Shogun\n|\n|upkeep\n|turn|14\n|\n|t:|1699812950\n|-end|p2a: Shogun|fallen4|[silent]\n|switch|p2a: Goldilocx|Gholdengo|100\/100\n|-item|p2a: Goldilocx|Air Balloon\n|move|p1a: Corviknight|U-turn|p2a: Goldilocx\n|-resisted|p2a: Goldilocx\n|-crit|p2a: Goldilocx\n|-damage|p2a: Goldilocx|94\/100\n|-enditem|p2a: Goldilocx|Air Balloon\n|\n|t:|1699812956\n|switch|p1a: Kingambit|Kingambit, F|100\/100|[from] U-turn\n|-activate|p1a: Kingambit|ability: Supreme Overlord\n|-start|p1a: Kingambit|fallen2|[silent]\n|\n|upkeep\n|turn|15\n|\n|t:|1699812966\n|switch|p2a: Shogun|Kingambit, F|100\/100\n|-activate|p2a: Shogun|ability: Supreme Overlord\n|-start|p2a: Shogun|fallen4|[silent]\n|move|p1a: Kingambit|Swords Dance|p1a: Kingambit\n|-boost|p1a: Kingambit|atk|2\n|\n|upkeep\n|turn|16\n|\n|t:|1699812975\n|move|p1a: Kingambit|Kowtow Cleave|p2a: Shogun\n|-resisted|p2a: Shogun\n|-damage|p2a: Shogun|57\/100\n|move|p2a: Shogun|Low Kick|p1a: Kingambit\n|-supereffective|p1a: Kingambit\n|-damage|p1a: Kingambit|0 fnt\n|faint|p1a: Kingambit\n|-end|p1a: Kingambit|fallen2|[silent]\n|\n|upkeep\n|\n|t:|1699812986\n|switch|p1a: Corviknight|Corviknight, M|100\/100\n|-ability|p1a: Corviknight|Pressure\n|turn|17\n|\n|t:|1699812991\n|-end|p2a: Shogun|fallen4|[silent]\n|switch|p2a: Goldilocx|Gholdengo|94\/100\n|move|p1a: Corviknight|U-turn|p2a: Goldilocx\n|-resisted|p2a: Goldilocx\n|-damage|p2a: Goldilocx|90\/100\n|\n|t:|1699812995\n|switch|p1a: Walking Wake|Walking Wake|53\/100|[from] U-turn\n|-damage|p1a: Walking Wake|37\/100|[from] Spikes\n|\n|upkeep\n|turn|18\n|\n|t:|1699813001\n|move|p1a: Walking Wake|Flamethrower|p2a: Goldilocx\n|-supereffective|p2a: Goldilocx\n|-damage|p2a: Goldilocx|0 fnt\n|faint|p2a: Goldilocx\n|\n|upkeep\n|\n|t:|1699813004\n|switch|p2a: Shogun|Kingambit, F|57\/100\n|-activate|p2a: Shogun|ability: Supreme Overlord\n|-start|p2a: Shogun|fallen5|[silent]\n|turn|19\n|\n|t:|1699813008\n|move|p2a: Shogun|Sucker Punch|p1a: Walking Wake\n|-damage|p1a: Walking Wake|0 fnt\n|faint|p1a: Walking Wake\n|-end|p1a: Walking Wake|Protosynthesis|[silent]\n|\n|upkeep\n|\n|t:|1699813010\n|switch|p1a: Corviknight|Corviknight, M|100\/100\n|-ability|p1a: Corviknight|Pressure\n|turn|20\n|\n|t:|1699813015\n|move|p2a: Shogun|Kowtow Cleave|p1a: Corviknight\n|-damage|p1a: Corviknight|46\/100\n|move|p1a: Corviknight|U-turn|p2a: Shogun\n|-damage|p2a: Shogun|44\/100\n|\n|t:|1699813019\n|switch|p1a: Zapdos|Zapdos|24\/100|[from] U-turn\n|\n|upkeep\n|turn|21\n|\n|t:|1699813027\n|move|p2a: Shogun|Sucker Punch||[still]\n|-fail|p2a: Shogun\n|move|p1a: Zapdos|Roost|p1a: Zapdos\n|-heal|p1a: Zapdos|74\/100\n|-singleturn|p1a: Zapdos|move: Roost\n|\n|upkeep\n|turn|22\n|\n|t:|1699813031\n|move|p2a: Shogun|Sucker Punch|p1a: Zapdos\n|-damage|p1a: Zapdos|8\/100\n|move|p1a: Zapdos|Volt Switch|p2a: Shogun\n|-damage|p2a: Shogun|8\/100\n|\n|t:|1699813037\n|switch|p1a: Corviknight|Corviknight, M|46\/100|[from] Volt Switch\n|-ability|p1a: Corviknight|Pressure\n|\n|-heal|p1a: Corviknight|52\/100|[from] item: Leftovers\n|upkeep\n|turn|23\n|\n|t:|1699813047\n|move|p2a: Shogun|Kowtow Cleave|p1a: Corviknight\n|-damage|p1a: Corviknight|0 fnt\n|faint|p1a: Corviknight\n|\n|upkeep\n|\n|t:|1699813050\n|switch|p1a: Zapdos|Zapdos|8\/100\n|turn|24\n|\n|t:|1699813054\n|move|p2a: Shogun|Sucker Punch|p1a: Zapdos\n|-damage|p1a: Zapdos|0 fnt\n|-status|p2a: Shogun|par|[from] ability: Static|[of] p1a: Zapdos\n|faint|p1a: Zapdos\n|\n|win|Rending Scizor\n|raw|yodaminnesota's rating: 1295 &rarr; <strong>1278<\/strong><br \/>(-17 for losing)\n|raw|Rending Scizor's rating: 1411 &rarr; <strong>1425<\/strong><br \/>(+14 for winning)\n|c|\u2606Rending Scizor|Gg\n","uploadtime":1699813062,"views":9,"p1id":"yodaminnesota","p2id":"rendingscizor","formatid":"gen9ou","rating":1278,"private":0,"password":""}