{"id":"gen9ou-1994165309","p1":"peepeepoopoo72","p2":"tomebreaker","format":"[Gen 9] OU","log":"|j|\u2606peepeepoopoo72\n|j|\u2606tomebreaker\n|t:|1700414428\n|gametype|singles\n|player|p1|peepeepoopoo72|sage|1735\n|player|p2|tomebreaker|waitress|1633\n|teamsize|p1|6\n|teamsize|p2|6\n|gen|9\n|tier|[Gen 9] OU\n|rated|\n|rule|Sleep Clause Mod: Limit one foe put to sleep\n|rule|Species Clause: Limit one of each Pok\u00e9mon\n|rule|OHKO Clause: OHKO moves are banned\n|rule|Evasion Items Clause: Evasion items are banned\n|rule|Evasion Moves Clause: Evasion moves are banned\n|rule|Endless Battle Clause: Forcing endless battles is banned\n|rule|HP Percentage Mod: HP is shown in percentages\n|clearpoke\n|poke|p1|Torkoal, F|\n|poke|p1|Walking Wake|\n|poke|p1|Heatran, M|\n|poke|p1|Sinistcha-Masterpiece|\n|poke|p1|Great Tusk|\n|poke|p1|Clodsire, F|\n|poke|p2|Rillaboom, F|\n|poke|p2|Sneasler, F|\n|poke|p2|Zamazenta-*|\n|poke|p2|Heatran, M|\n|poke|p2|Hatterene, F|\n|poke|p2|Manaphy|\n|teampreview\n|inactive|Battle timer is ON: inactive players will automatically lose when time's up. (requested by tomebreaker)\n|\n|t:|1700414443\n|start\n|switch|p1a: Clodsire|Clodsire, F|100\/100\n|switch|p2a: Peculiar Mixture|Manaphy|100\/100\n|turn|1\n|\n|t:|1700414449\n|move|p2a: Peculiar Mixture|Take Heart|p2a: Peculiar Mixture\n|-boost|p2a: Peculiar Mixture|spa|1\n|-boost|p2a: Peculiar Mixture|spd|1\n|move|p1a: Clodsire|Toxic|p2a: Peculiar Mixture\n|-status|p2a: Peculiar Mixture|tox\n|\n|-damage|p2a: Peculiar Mixture|94\/100 tox|[from] psn\n|upkeep\n|turn|2\n|\n|t:|1700414458\n|switch|p1a: Walking Wake|Walking Wake|100\/100\n|move|p2a: Peculiar Mixture|Take Heart|p2a: Peculiar Mixture\n|-boost|p2a: Peculiar Mixture|spa|1\n|-boost|p2a: Peculiar Mixture|spd|1\n|-curestatus|p2a: Peculiar Mixture|tox|[msg]\n|\n|-heal|p2a: Peculiar Mixture|100\/100|[from] item: Leftovers\n|upkeep\n|turn|3\n|\n|t:|1700414467\n|-end|p1a: Walking Wake|Protosynthesis|[silent]\n|switch|p1a: Sinistcha|Sinistcha-Masterpiece|100\/100\n|move|p2a: Peculiar Mixture|Take Heart|p2a: Peculiar Mixture\n|-boost|p2a: Peculiar Mixture|spa|1\n|-boost|p2a: Peculiar Mixture|spd|1\n|\n|upkeep\n|turn|4\n|\n|t:|1700414477\n|move|p2a: Peculiar Mixture|Stored Power|p1a: Sinistcha\n|-damage|p1a: Sinistcha|3\/100\n|move|p1a: Sinistcha|Calm Mind|p1a: Sinistcha\n|-boost|p1a: Sinistcha|spa|1\n|-boost|p1a: Sinistcha|spd|1\n|\n|-heal|p1a: Sinistcha|9\/100|[from] item: Leftovers\n|upkeep\n|turn|5\n|\n|t:|1700414482\n|move|p2a: Peculiar Mixture|Stored Power|p1a: Sinistcha\n|-damage|p1a: Sinistcha|0 fnt\n|faint|p1a: Sinistcha\n|\n|upkeep\n|\n|t:|1700414486\n|switch|p1a: Torkoal|Torkoal, F|100\/100\n|-weather|SunnyDay|[from] ability: Drought|[of] p1a: Torkoal\n|turn|6\n|\n|t:|1700414491\n|move|p2a: Peculiar Mixture|Stored Power|p1a: Torkoal\n|-damage|p1a: Torkoal|0 fnt\n|faint|p1a: Torkoal\n|\n|-weather|SunnyDay|[upkeep]\n|upkeep\n|\n|t:|1700414494\n|switch|p1a: Great Tusk|Great Tusk|100\/100\n|-activate|p1a: Great Tusk|ability: Protosynthesis\n|-start|p1a: Great Tusk|protosynthesisatk\n|turn|7\n|\n|t:|1700414499\n|move|p2a: Peculiar Mixture|Stored Power|p1a: Great Tusk\n|-supereffective|p1a: Great Tusk\n|-damage|p1a: Great Tusk|0 fnt\n|faint|p1a: Great Tusk\n|-end|p1a: Great Tusk|Protosynthesis|[silent]\n|\n|-weather|SunnyDay|[upkeep]\n|upkeep\n|\n|t:|1700414502\n|switch|p1a: Clodsire|Clodsire, F|100\/100\n|turn|8\n|-message|peepeepoopoo72 forfeited.\n|\n|win|tomebreaker\n|raw|peepeepoopoo72's rating: 1735 &rarr; <strong>1709<\/strong><br \/>(-26 for losing)\n|raw|tomebreaker's rating: 1633 &rarr; <strong>1659<\/strong><br \/>(+26 for winning)\n|l|\u2606peepeepoopoo72\n","uploadtime":1700414755,"views":34,"p1id":"peepeepoopoo72","p2id":"tomebreaker","formatid":"gen9ou","rating":1659,"private":0,"password":""}