{"id":"gen9ou-1993523178","p1":"smoodayx","p2":"sunny my man","format":"[Gen 9] OU","log":"|j|\u2606smoodayx\n|j|\u2606sunny my man\n|t:|1700327779\n|gametype|singles\n|player|p1|smoodayx|falkner|1158\n|player|p2|sunny my man|lucas|1142\n|teamsize|p1|6\n|teamsize|p2|6\n|gen|9\n|tier|[Gen 9] OU\n|rated|\n|rule|Sleep Clause Mod: Limit one foe put to sleep\n|rule|Species Clause: Limit one of each Pok\u00e9mon\n|rule|OHKO Clause: OHKO moves are banned\n|rule|Evasion Items Clause: Evasion items are banned\n|rule|Evasion Moves Clause: Evasion moves are banned\n|rule|Endless Battle Clause: Forcing endless battles is banned\n|rule|HP Percentage Mod: HP is shown in percentages\n|clearpoke\n|poke|p1|Corviknight, M|\n|poke|p1|Breloom, M|\n|poke|p1|Rotom-Wash|\n|poke|p1|Gholdengo|\n|poke|p1|Walking Wake|\n|poke|p1|Clodsire, F|\n|poke|p2|Torkoal, F|\n|poke|p2|Iron Moth|\n|poke|p2|Walking Wake|\n|poke|p2|Cinderace, F|\n|poke|p2|Gholdengo|\n|poke|p2|Samurott-Hisui, M|\n|teampreview\n|inactive|Battle timer is ON: inactive players will automatically lose when time's up. (requested by sunny my man)\n|\n|t:|1700327784\n|start\n|switch|p1a: Bonaparte|Breloom, M|100\/100\n|switch|p2a: Torkoal|Torkoal, F|100\/100\n|-weather|SunnyDay|[from] ability: Drought|[of] p2a: Torkoal\n|turn|1\n|\n|t:|1700327792\n|switch|p2a: Gholdengo|Gholdengo|100\/100\n|-item|p2a: Gholdengo|Air Balloon\n|move|p1a: Bonaparte|Spore|p2a: Gholdengo\n|-immune|p2a: Gholdengo|[from] ability: Good as Gold\n|\n|-weather|SunnyDay|[upkeep]\n|upkeep\n|turn|2\n|\n|t:|1700327814\n|switch|p2a: Cinderace|Cinderace, F|100\/100\n|switch|p1a: Step-sis|Rotom-Wash|100\/100\n|\n|-weather|SunnyDay|[upkeep]\n|upkeep\n|turn|3\n|\n|t:|1700327825\n|move|p2a: Cinderace|U-turn|p1a: Step-sis\n|-start|p2a: Cinderace|typechange|Bug|[from] ability: Libero\n|-damage|p1a: Step-sis|76\/100\n|\n|t:|1700327835\n|switch|p2a: Samurott|Samurott-Hisui, M|100\/100|[from] U-turn\n|move|p1a: Step-sis|Volt Switch|p2a: Samurott\n|-supereffective|p2a: Samurott\n|-damage|p2a: Samurott|33\/100\n|\n|t:|1700327842\n|switch|p1a: Bonaparte|Breloom, M|100\/100|[from] Volt Switch\n|\n|-weather|SunnyDay|[upkeep]\n|upkeep\n|turn|4\n|\n|t:|1700327848\n|switch|p2a: Gholdengo|Gholdengo|100\/100\n|-item|p2a: Gholdengo|Air Balloon\n|move|p1a: Bonaparte|Mach Punch|p2a: Gholdengo\n|-immune|p2a: Gholdengo\n|\n|-weather|SunnyDay|[upkeep]\n|upkeep\n|turn|5\n|\n|t:|1700327852\n|switch|p1a: Step-sis|Rotom-Wash|76\/100\n|move|p2a: Gholdengo|Shadow Ball|p1a: Step-sis\n|-damage|p1a: Step-sis|33\/100\n|\n|-weather|SunnyDay|[upkeep]\n|upkeep\n|turn|6\n|\n|t:|1700327864\n|switch|p2a: Walking Wake|Walking Wake|100\/100\n|-activate|p2a: Walking Wake|ability: Protosynthesis\n|-start|p2a: Walking Wake|protosynthesisspe\n|move|p1a: Step-sis|Volt Switch|p2a: Walking Wake\n|-damage|p2a: Walking Wake|74\/100\n|\n|t:|1700327872\n|switch|p1a: Clodsire|Clodsire, F|100\/100|[from] Volt Switch\n|\n|-weather|SunnyDay|[upkeep]\n|upkeep\n|turn|7\n|\n|t:|1700327878\n|-end|p2a: Walking Wake|Protosynthesis|[silent]\n|switch|p2a: Gholdengo|Gholdengo|100\/100\n|-item|p2a: Gholdengo|Air Balloon\n|move|p1a: Clodsire|Yawn|p2a: Gholdengo\n|-immune|p2a: Gholdengo|[from] ability: Good as Gold\n|\n|-weather|SunnyDay|[upkeep]\n|upkeep\n|turn|8\n|\n|t:|1700327881\n|move|p2a: Gholdengo|Shadow Ball|p1a: Clodsire\n|-damage|p1a: Clodsire|77\/100\n|move|p1a: Clodsire|Stealth Rock|p2a: Gholdengo\n|-sidestart|p2: sunny my man|move: Stealth Rock\n|\n|-weather|none\n|-heal|p1a: Clodsire|83\/100|[from] item: Black Sludge\n|upkeep\n|turn|9\n|\n|t:|1700327894\n|switch|p1a: Step-sis|Rotom-Wash|33\/100\n|move|p2a: Gholdengo|Nasty Plot|p2a: Gholdengo\n|-boost|p2a: Gholdengo|spa|2\n|\n|upkeep\n|turn|10\n|\n|t:|1700327904\n|move|p1a: Step-sis|Hydro Pump|p2a: Gholdengo\n|-damage|p2a: Gholdengo|56\/100\n|-enditem|p2a: Gholdengo|Air Balloon\n|move|p2a: Gholdengo|Shadow Ball|p1a: Step-sis\n|-damage|p1a: Step-sis|0 fnt\n|faint|p1a: Step-sis\n|\n|upkeep\n|\n|t:|1700327910\n|switch|p1a: It's over 1000|Gholdengo|100\/100\n|turn|11\n|\n|t:|1700327913\n|switch|p2a: Samurott|Samurott-Hisui, M|33\/100\n|-damage|p2a: Samurott|21\/100|[from] Stealth Rock\n|move|p1a: It's over 1000|Shadow Ball|p2a: Samurott\n|-resisted|p2a: Samurott\n|-damage|p2a: Samurott|0 fnt\n|faint|p2a: Samurott\n|\n|upkeep\n|\n|t:|1700327918\n|switch|p2a: Torkoal|Torkoal, F|100\/100\n|-damage|p2a: Torkoal|76\/100|[from] Stealth Rock\n|-weather|SunnyDay|[from] ability: Drought|[of] p2a: Torkoal\n|turn|12\n|\n|t:|1700327930\n|switch|p1a: Clodsire|Clodsire, F|83\/100\n|switch|p2a: Iron Moth|Iron Moth|100\/100\n|-damage|p2a: Iron Moth|76\/100|[from] Stealth Rock\n|-enditem|p2a: Iron Moth|Booster Energy\n|-activate|p2a: Iron Moth|ability: Quark Drive|[fromitem]\n|-start|p2a: Iron Moth|quarkdrivespe\n|\n|-weather|SunnyDay|[upkeep]\n|-heal|p1a: Clodsire|89\/100|[from] item: Black Sludge\n|upkeep\n|turn|13\n|\n|t:|1700327941\n|-terastallize|p2a: Iron Moth|Grass\n|move|p2a: Iron Moth|Substitute|p2a: Iron Moth\n|-start|p2a: Iron Moth|Substitute\n|-damage|p2a: Iron Moth|51\/100\n|move|p1a: Clodsire|Earthquake|p2a: Iron Moth\n|-resisted|p2a: Iron Moth\n|-activate|p2a: Iron Moth|move: Substitute|[damage]\n|\n|-weather|SunnyDay|[upkeep]\n|-heal|p1a: Clodsire|95\/100|[from] item: Black Sludge\n|upkeep\n|turn|14\n|\n|t:|1700327948\n|move|p2a: Iron Moth|Fiery Dance|p1a: Clodsire\n|-damage|p1a: Clodsire|65\/100\n|-boost|p2a: Iron Moth|spa|1\n|move|p1a: Clodsire|Earthquake|p2a: Iron Moth\n|-resisted|p2a: Iron Moth\n|-end|p2a: Iron Moth|Substitute\n|\n|-weather|SunnyDay|[upkeep]\n|-heal|p1a: Clodsire|71\/100|[from] item: Black Sludge\n|upkeep\n|turn|15\n|\n|t:|1700327960\n|move|p2a: Iron Moth|Fiery Dance|p1a: Clodsire\n|-damage|p1a: Clodsire|21\/100\n|move|p1a: Clodsire|Earthquake|p2a: Iron Moth\n|-resisted|p2a: Iron Moth\n|-damage|p2a: Iron Moth|32\/100\n|\n|-weather|SunnyDay|[upkeep]\n|-heal|p1a: Clodsire|27\/100|[from] item: Black Sludge\n|upkeep\n|turn|16\n|\n|t:|1700327972\n|move|p2a: Iron Moth|Fiery Dance|p1a: Clodsire\n|-damage|p1a: Clodsire|0 fnt\n|-boost|p2a: Iron Moth|spa|1\n|faint|p1a: Clodsire\n|\n|-weather|SunnyDay|[upkeep]\n|upkeep\n|\n|t:|1700327975\n|switch|p1a: Bonaparte|Breloom, M|100\/100\n|turn|17\n|\n|t:|1700327979\n|-end|p2a: Iron Moth|Quark Drive|[silent]\n|switch|p2a: Gholdengo|Gholdengo|56\/100\n|-damage|p2a: Gholdengo|50\/100|[from] Stealth Rock\n|move|p1a: Bonaparte|Mach Punch|p2a: Gholdengo\n|-immune|p2a: Gholdengo\n|\n|-weather|SunnyDay|[upkeep]\n|upkeep\n|turn|18\n|\n|t:|1700327984\n|move|p2a: Gholdengo|Shadow Ball|p1a: Bonaparte\n|-damage|p1a: Bonaparte|19\/100\n|move|p1a: Bonaparte|Bulldoze|p2a: Gholdengo\n|-supereffective|p2a: Gholdengo\n|-damage|p2a: Gholdengo|0 fnt\n|faint|p2a: Gholdengo\n|\n|-weather|SunnyDay|[upkeep]\n|upkeep\n|\n|t:|1700327993\n|switch|p2a: Cinderace|Cinderace, F|100\/100\n|turn|19\n|\n|t:|1700328010\n|move|p1a: Bonaparte|Mach Punch|p2a: Cinderace\n|-damage|p2a: Cinderace|52\/100\n|move|p2a: Cinderace|Pyro Ball|p1a: Bonaparte\n|-supereffective|p1a: Bonaparte\n|-damage|p1a: Bonaparte|0 fnt\n|faint|p1a: Bonaparte\n|\n|-weather|none\n|upkeep\n|\n|t:|1700328020\n|switch|p1a: It's over 1000|Gholdengo|100\/100\n|turn|20\n|\n|t:|1700328025\n|move|p1a: It's over 1000|Shadow Ball|p2a: Cinderace\n|-damage|p2a: Cinderace|0 fnt\n|faint|p2a: Cinderace\n|\n|upkeep\n|\n|t:|1700328029\n|switch|p2a: Torkoal|Torkoal, F|76\/100\n|-damage|p2a: Torkoal|51\/100|[from] Stealth Rock\n|-weather|SunnyDay|[from] ability: Drought|[of] p2a: Torkoal\n|turn|21\n|\n|t:|1700328033\n|switch|p1a: Unstopable|Walking Wake|100\/100\n|-activate|p1a: Unstopable|ability: Protosynthesis\n|-start|p1a: Unstopable|protosynthesisspa\n|move|p2a: Torkoal|Yawn|p1a: Unstopable\n|-start|p1a: Unstopable|move: Yawn|[of] p2a: Torkoal\n|\n|-weather|SunnyDay|[upkeep]\n|upkeep\n|turn|22\n|\n|t:|1700328038\n|-end|p1a: Unstopable|Protosynthesis|[silent]\n|switch|p1a: Bird|Corviknight, M|100\/100\n|-ability|p1a: Bird|Pressure\n|move|p2a: Torkoal|Lava Plume|p1a: Bird\n|-supereffective|p1a: Bird\n|-damage|p1a: Bird|35\/100\n|\n|-weather|SunnyDay|[upkeep]\n|upkeep\n|turn|23\n|\n|t:|1700328046\n|move|p1a: Bird|Brave Bird|p2a: Torkoal\n|-damage|p2a: Torkoal|29\/100\n|-damage|p1a: Bird|29\/100|[from] Recoil\n|move|p2a: Torkoal|Yawn|p1a: Bird\n|-start|p1a: Bird|move: Yawn|[of] p2a: Torkoal\n|\n|-weather|SunnyDay|[upkeep]\n|upkeep\n|turn|24\n|\n|t:|1700328053\n|move|p1a: Bird|Brave Bird|p2a: Torkoal\n|-damage|p2a: Torkoal|10\/100\n|-damage|p1a: Bird|24\/100|[from] Recoil\n|move|p2a: Torkoal|Lava Plume|p1a: Bird\n|-supereffective|p1a: Bird\n|-crit|p1a: Bird\n|-damage|p1a: Bird|0 fnt\n|faint|p1a: Bird\n|\n|-weather|SunnyDay|[upkeep]\n|upkeep\n|\n|t:|1700328060\n|switch|p1a: Unstopable|Walking Wake|100\/100\n|-activate|p1a: Unstopable|ability: Protosynthesis\n|-start|p1a: Unstopable|protosynthesisspa\n|turn|25\n|\n|t:|1700328067\n|move|p1a: Unstopable|Hydro Steam|p2a: Torkoal\n|-supereffective|p2a: Torkoal\n|-damage|p2a: Torkoal|0 fnt\n|faint|p2a: Torkoal\n|\n|-weather|SunnyDay|[upkeep]\n|upkeep\n|\n|t:|1700328076\n|switch|p2a: Iron Moth|Iron Moth, tera:Grass|32\/100\n|-damage|p2a: Iron Moth|20\/100|[from] Stealth Rock\n|turn|26\n|\n|t:|1700328086\n|move|p2a: Iron Moth|Energy Ball|p1a: Unstopable\n|-damage|p1a: Unstopable|49\/100\n|-unboost|p1a: Unstopable|spd|1\n|move|p1a: Unstopable|Hydro Steam|p2a: Iron Moth\n|-resisted|p2a: Iron Moth\n|-damage|p2a: Iron Moth|0 fnt\n|faint|p2a: Iron Moth\n|-end|p2a: Iron Moth|Quark Drive|[silent]\n|\n|-weather|SunnyDay|[upkeep]\n|upkeep\n|\n|t:|1700328089\n|switch|p2a: Walking Wake|Walking Wake|74\/100\n|-damage|p2a: Walking Wake|62\/100|[from] Stealth Rock\n|-activate|p2a: Walking Wake|ability: Protosynthesis\n|-start|p2a: Walking Wake|protosynthesisspe\n|turn|27\n|\n|t:|1700328096\n|move|p2a: Walking Wake|Hydro Steam|p1a: Unstopable\n|-resisted|p1a: Unstopable\n|-damage|p1a: Unstopable|7\/100\n|move|p1a: Unstopable|Hydro Steam|p2a: Walking Wake\n|-resisted|p2a: Walking Wake\n|-damage|p2a: Walking Wake|24\/100\n|\n|-weather|SunnyDay|[upkeep]\n|upkeep\n|turn|28\n|-message|sunny my man forfeited.\n|\n|win|smoodayx\n|raw|smoodayx's rating: 1158 &rarr; <strong>1182<\/strong><br \/>(+24 for winning)\n|raw|sunny my man's rating: 1142 &rarr; <strong>1118<\/strong><br \/>(-24 for losing)\n|l|\u2606sunny my man\n","uploadtime":1700328108,"views":8,"p1id":"smoodayx","p2id":"sunnymyman","formatid":"gen9ou","rating":1118,"private":0,"password":""}