{"id":"gen9ou-1990460016","p1":"Isaayzin","p2":"uhjghg","format":"[Gen 9] OU","log":"|j|\u2606Isaayzin\n|j|\u2606uhjghg\n|t:|1699973016\n|gametype|singles\n|player|p1|Isaayzin|gambler|1198\n|player|p2|uhjghg|265|1119\n|teamsize|p1|6\n|teamsize|p2|6\n|gen|9\n|tier|[Gen 9] OU\n|rated|\n|rule|Sleep Clause Mod: Limit one foe put to sleep\n|rule|Species Clause: Limit one of each Pok\u00e9mon\n|rule|OHKO Clause: OHKO moves are banned\n|rule|Evasion Items Clause: Evasion items are banned\n|rule|Evasion Moves Clause: Evasion moves are banned\n|rule|Endless Battle Clause: Forcing endless battles is banned\n|rule|HP Percentage Mod: HP is shown in percentages\n|clearpoke\n|poke|p1|Landorus-Therian, M|\n|poke|p1|Gholdengo|\n|poke|p1|Garchomp, M|\n|poke|p1|Alomomola, M|\n|poke|p1|Mandibuzz, F|\n|poke|p1|Kingambit, M|\n|poke|p2|Mamoswine, M|\n|poke|p2|Zamazenta-*|\n|poke|p2|Donphan, M|\n|poke|p2|Ninetales-Alola, M|\n|poke|p2|Iron Moth|\n|poke|p2|Dondozo, M|\n|teampreview\n|inactive|Battle timer is ON: inactive players will automatically lose when time's up. (requested by Isaayzin)\n|\n|t:|1699973033\n|start\n|switch|p1a: Landorus|Landorus-Therian, M|100\/100\n|switch|p2a: Donphan|Donphan, M|100\/100\n|-ability|p1a: Landorus|Intimidate|boost\n|-unboost|p2a: Donphan|atk|1\n|turn|1\n|\n|t:|1699973040\n|move|p1a: Landorus|Stealth Rock|p2a: Donphan\n|-sidestart|p2: uhjghg|move: Stealth Rock\n|move|p2a: Donphan|Stealth Rock|p1a: Landorus\n|-sidestart|p1: Isaayzin|move: Stealth Rock\n|\n|upkeep\n|turn|2\n|\n|t:|1699973043\n|move|p1a: Landorus|U-turn|p2a: Donphan\n|-damage|p2a: Donphan|81\/100\n|-enditem|p2a: Donphan|Red Card|[of] p1a: Landorus\n|drag|p1a: Alomomola|Alomomola, M|100\/100\n|move|p2a: Donphan|Rapid Spin|p1a: Alomomola\n|-damage|p1a: Alomomola|94\/100\n|-boost|p2a: Donphan|spe|1\n|-sideend|p2: uhjghg|Stealth Rock|[from] move: Rapid Spin|[of] p2a: Donphan\n|\n|upkeep\n|turn|3\n|\n|t:|1699973059\n|switch|p2a: Ninetales|Ninetales-Alola, M|100\/100\n|-weather|Snow|[from] ability: Snow Warning|[of] p2a: Ninetales\n|move|p1a: Alomomola|Flip Turn|p2a: Ninetales\n|-damage|p2a: Ninetales|84\/100\n|\n|t:|1699973081\n|switch|p1a: Gholdengo|Gholdengo|100\/100|[from] Flip Turn\n|\n|-weather|Snow|[upkeep]\n|upkeep\n|turn|4\n|\n|t:|1699973085\n|move|p2a: Ninetales|Dark Pulse|p1a: Gholdengo\n|-supereffective|p1a: Gholdengo\n|-damage|p1a: Gholdengo|60\/100\n|move|p1a: Gholdengo|Make It Rain|p2a: Ninetales\n|-supereffective|p2a: Ninetales\n|-damage|p2a: Ninetales|0 fnt\n|-unboost|p1a: Gholdengo|spa|1\n|faint|p2a: Ninetales\n|\n|-weather|Snow|[upkeep]\n|upkeep\n|\n|t:|1699973090\n|switch|p2a: Zamazenta|Zamazenta|100\/100\n|-ability|p2a: Zamazenta|Dauntless Shield|boost\n|-boost|p2a: Zamazenta|def|1\n|turn|5\n|\n|t:|1699973105\n|switch|p1a: Alomomola|Alomomola, M|100\/100\n|move|p2a: Zamazenta|Substitute|p2a: Zamazenta\n|-start|p2a: Zamazenta|Substitute\n|-damage|p2a: Zamazenta|76\/100\n|\n|-weather|Snow|[upkeep]\n|-heal|p2a: Zamazenta|82\/100|[from] item: Leftovers\n|upkeep\n|turn|6\n|\n|t:|1699973110\n|move|p2a: Zamazenta|Iron Defense|p2a: Zamazenta\n|-boost|p2a: Zamazenta|def|2\n|move|p1a: Alomomola|Flip Turn|p2a: Zamazenta\n|-activate|p2a: Zamazenta|move: Substitute|[damage]\n|\n|t:|1699973132\n|switch|p1a: Garchomp|Garchomp, M|100\/100|[from] Flip Turn\n|-damage|p1a: Garchomp|94\/100|[from] Stealth Rock\n|\n|-weather|Snow|[upkeep]\n|-heal|p2a: Zamazenta|88\/100|[from] item: Leftovers\n|upkeep\n|turn|7\n|\n|t:|1699973143\n|move|p2a: Zamazenta|Iron Defense|p2a: Zamazenta\n|-boost|p2a: Zamazenta|def|2\n|move|p1a: Garchomp|Swords Dance|p1a: Garchomp\n|-boost|p1a: Garchomp|atk|2\n|\n|-weather|none\n|-heal|p2a: Zamazenta|94\/100|[from] item: Leftovers\n|upkeep\n|turn|8\n|\n|t:|1699973150\n|move|p2a: Zamazenta|Body Press|p1a: Garchomp\n|-damage|p1a: Garchomp|0 fnt\n|-damage|p2a: Zamazenta|82\/100|[from] ability: Rough Skin|[of] p1a: Garchomp\n|-damage|p2a: Zamazenta|65\/100|[from] item: Rocky Helmet|[of] p1a: Garchomp\n|faint|p1a: Garchomp\n|\n|-heal|p2a: Zamazenta|72\/100|[from] item: Leftovers\n|upkeep\n|\n|t:|1699973160\n|switch|p1a: Gholdengo|Gholdengo|60\/100\n|turn|9\n|\n|t:|1699973167\n|move|p2a: Zamazenta|Crunch|p1a: Gholdengo\n|-supereffective|p1a: Gholdengo\n|-damage|p1a: Gholdengo|28\/100\n|move|p1a: Gholdengo|Shadow Ball|p2a: Zamazenta\n|-end|p2a: Zamazenta|Substitute\n|\n|-heal|p2a: Zamazenta|78\/100|[from] item: Leftovers\n|upkeep\n|turn|10\n|\n|t:|1699973173\n|move|p2a: Zamazenta|Crunch|p1a: Gholdengo\n|-supereffective|p1a: Gholdengo\n|-damage|p1a: Gholdengo|0 fnt\n|faint|p1a: Gholdengo\n|\n|-heal|p2a: Zamazenta|84\/100|[from] item: Leftovers\n|upkeep\n|\n|t:|1699973183\n|switch|p1a: Alomomola|Alomomola, M|100\/100\n|turn|11\n|\n|t:|1699973186\n|move|p2a: Zamazenta|Substitute|p2a: Zamazenta\n|-start|p2a: Zamazenta|Substitute\n|-damage|p2a: Zamazenta|59\/100\n|move|p1a: Alomomola|Scald|p2a: Zamazenta\n|-activate|p2a: Zamazenta|move: Substitute|[damage]\n|\n|-heal|p2a: Zamazenta|65\/100|[from] item: Leftovers\n|upkeep\n|turn|12\n|\n|t:|1699973192\n|-terastallize|p1a: Alomomola|Fairy\n|move|p2a: Zamazenta|Body Press|p1a: Alomomola\n|-resisted|p1a: Alomomola\n|-damage|p1a: Alomomola|74\/100\n|move|p1a: Alomomola|Scald|p2a: Zamazenta\n|-activate|p2a: Zamazenta|move: Substitute|[damage]\n|\n|-heal|p2a: Zamazenta|72\/100|[from] item: Leftovers\n|upkeep\n|turn|13\n|\n|t:|1699973201\n|move|p2a: Zamazenta|Body Press|p1a: Alomomola\n|-resisted|p1a: Alomomola\n|-damage|p1a: Alomomola|46\/100\n|move|p1a: Alomomola|Scald|p2a: Zamazenta\n|-end|p2a: Zamazenta|Substitute\n|\n|-heal|p2a: Zamazenta|78\/100|[from] item: Leftovers\n|upkeep\n|turn|14\n|\n|t:|1699973208\n|move|p2a: Zamazenta|Substitute|p2a: Zamazenta\n|-start|p2a: Zamazenta|Substitute\n|-damage|p2a: Zamazenta|53\/100\n|move|p1a: Alomomola|Wish|p1a: Alomomola\n|\n|-heal|p2a: Zamazenta|59\/100|[from] item: Leftovers\n|upkeep\n|turn|15\n|\n|t:|1699973212\n|move|p1a: Alomomola|Protect|p1a: Alomomola\n|-singleturn|p1a: Alomomola|Protect\n|move|p2a: Zamazenta|Iron Defense|p2a: Zamazenta\n|-boost|p2a: Zamazenta|def|1\n|\n|-heal|p1a: Alomomola|96\/100|[from] move: Wish|[wisher] Alomomola\n|-heal|p2a: Zamazenta|65\/100|[from] item: Leftovers\n|upkeep\n|turn|16\n|\n|t:|1699973217\n|move|p2a: Zamazenta|Body Press|p1a: Alomomola\n|-resisted|p1a: Alomomola\n|-damage|p1a: Alomomola|63\/100\n|move|p1a: Alomomola|Scald|p2a: Zamazenta\n|-activate|p2a: Zamazenta|move: Substitute|[damage]\n|\n|-heal|p2a: Zamazenta|72\/100|[from] item: Leftovers\n|upkeep\n|turn|17\n|\n|t:|1699973224\n|move|p2a: Zamazenta|Crunch|p1a: Alomomola\n|-resisted|p1a: Alomomola\n|-damage|p1a: Alomomola|58\/100\n|move|p1a: Alomomola|Scald|p2a: Zamazenta\n|-activate|p2a: Zamazenta|move: Substitute|[damage]\n|\n|-heal|p2a: Zamazenta|78\/100|[from] item: Leftovers\n|upkeep\n|turn|18\n|\n|t:|1699973232\n|move|p2a: Zamazenta|Crunch|p1a: Alomomola\n|-resisted|p1a: Alomomola\n|-damage|p1a: Alomomola|51\/100\n|move|p1a: Alomomola|Wish|p1a: Alomomola\n|\n|-heal|p2a: Zamazenta|84\/100|[from] item: Leftovers\n|upkeep\n|turn|19\n|\n|t:|1699973237\n|move|p2a: Zamazenta|Crunch|p1a: Alomomola\n|-resisted|p1a: Alomomola\n|-damage|p1a: Alomomola|46\/100\n|move|p1a: Alomomola|Scald|p2a: Zamazenta\n|-end|p2a: Zamazenta|Substitute\n|\n|-heal|p1a: Alomomola|96\/100|[from] move: Wish|[wisher] Alomomola\n|-heal|p2a: Zamazenta|90\/100|[from] item: Leftovers\n|upkeep\n|turn|20\n|\n|t:|1699973249\n|move|p2a: Zamazenta|Substitute|p2a: Zamazenta\n|-start|p2a: Zamazenta|Substitute\n|-damage|p2a: Zamazenta|65\/100\n|move|p1a: Alomomola|Scald|p2a: Zamazenta\n|-activate|p2a: Zamazenta|move: Substitute|[damage]\n|\n|-heal|p2a: Zamazenta|72\/100|[from] item: Leftovers\n|upkeep\n|turn|21\n|\n|t:|1699973255\n|move|p2a: Zamazenta|Crunch|p1a: Alomomola\n|-resisted|p1a: Alomomola\n|-damage|p1a: Alomomola|90\/100\n|move|p1a: Alomomola|Scald|p2a: Zamazenta\n|-crit|p2a: Zamazenta\n|-end|p2a: Zamazenta|Substitute\n|\n|-heal|p2a: Zamazenta|78\/100|[from] item: Leftovers\n|upkeep\n|turn|22\n|\n|t:|1699973261\n|move|p2a: Zamazenta|Substitute|p2a: Zamazenta\n|-start|p2a: Zamazenta|Substitute\n|-damage|p2a: Zamazenta|53\/100\n|move|p1a: Alomomola|Scald|p2a: Zamazenta\n|-activate|p2a: Zamazenta|move: Substitute|[damage]\n|\n|-heal|p2a: Zamazenta|59\/100|[from] item: Leftovers\n|upkeep\n|turn|23\n|\n|t:|1699973266\n|move|p2a: Zamazenta|Crunch|p1a: Alomomola\n|-resisted|p1a: Alomomola\n|-crit|p1a: Alomomola\n|-damage|p1a: Alomomola|81\/100\n|move|p1a: Alomomola|Scald|p2a: Zamazenta\n|-activate|p2a: Zamazenta|move: Substitute|[damage]\n|\n|-heal|p2a: Zamazenta|65\/100|[from] item: Leftovers\n|upkeep\n|turn|24\n|\n|t:|1699973285\n|move|p2a: Zamazenta|Crunch|p1a: Alomomola\n|-resisted|p1a: Alomomola\n|-damage|p1a: Alomomola|76\/100\n|move|p1a: Alomomola|Scald|p2a: Zamazenta\n|-end|p2a: Zamazenta|Substitute\n|\n|-heal|p2a: Zamazenta|72\/100|[from] item: Leftovers\n|upkeep\n|turn|25\n|\n|t:|1699973295\n|move|p2a: Zamazenta|Substitute|p2a: Zamazenta\n|-start|p2a: Zamazenta|Substitute\n|-damage|p2a: Zamazenta|47\/100\n|move|p1a: Alomomola|Scald|p2a: Zamazenta\n|-crit|p2a: Zamazenta\n|-activate|p2a: Zamazenta|move: Substitute|[damage]\n|\n|-heal|p2a: Zamazenta|53\/100|[from] item: Leftovers\n|upkeep\n|turn|26\n|n|\u2606uhjghg|uhjghg\n|c|\u2606uhjghg|CAN I GET MY 20% drop please\n|c|\u2606uhjghg|jesus christ\n|\n|t:|1699973313\n|move|p2a: Zamazenta|Crunch|p1a: Alomomola\n|-resisted|p1a: Alomomola\n|-damage|p1a: Alomomola|70\/100\n|move|p1a: Alomomola|Scald|p2a: Zamazenta\n|-end|p2a: Zamazenta|Substitute\n|\n|-heal|p2a: Zamazenta|59\/100|[from] item: Leftovers\n|upkeep\n|turn|27\n|\n|t:|1699973321\n|move|p2a: Zamazenta|Substitute|p2a: Zamazenta\n|-start|p2a: Zamazenta|Substitute\n|-damage|p2a: Zamazenta|34\/100\n|move|p1a: Alomomola|Scald|p2a: Zamazenta\n|-activate|p2a: Zamazenta|move: Substitute|[damage]\n|\n|-heal|p2a: Zamazenta|41\/100|[from] item: Leftovers\n|upkeep\n|turn|28\n|\n|t:|1699973327\n|move|p2a: Zamazenta|Crunch|p1a: Alomomola\n|-resisted|p1a: Alomomola\n|-crit|p1a: Alomomola\n|-damage|p1a: Alomomola|60\/100\n|move|p1a: Alomomola|Scald|p2a: Zamazenta\n|-activate|p2a: Zamazenta|move: Substitute|[damage]\n|\n|-heal|p2a: Zamazenta|47\/100|[from] item: Leftovers\n|upkeep\n|turn|29\n|c|\u2606uhjghg|all these fuckign crits\n|\n|t:|1699973337\n|move|p2a: Zamazenta|Crunch|p1a: Alomomola\n|-resisted|p1a: Alomomola\n|-damage|p1a: Alomomola|55\/100\n|move|p1a: Alomomola|Scald|p2a: Zamazenta\n|-end|p2a: Zamazenta|Substitute\n|\n|-heal|p2a: Zamazenta|53\/100|[from] item: Leftovers\n|upkeep\n|turn|30\n|\n|t:|1699973347\n|move|p2a: Zamazenta|Body Press|p1a: Alomomola\n|-resisted|p1a: Alomomola\n|-damage|p1a: Alomomola|21\/100\n|move|p1a: Alomomola|Scald|p2a: Zamazenta\n|-damage|p2a: Zamazenta|42\/100\n|-status|p2a: Zamazenta|brn\n|\n|-heal|p2a: Zamazenta|48\/100 brn|[from] item: Leftovers\n|-damage|p2a: Zamazenta|42\/100 brn|[from] brn\n|upkeep\n|turn|31\n|\n|t:|1699973359\n|move|p2a: Zamazenta|Body Press|p1a: Alomomola\n|-resisted|p1a: Alomomola\n|-damage|p1a: Alomomola|4\/100\n|move|p1a: Alomomola|Wish|p1a: Alomomola\n|\n|-heal|p2a: Zamazenta|48\/100 brn|[from] item: Leftovers\n|-damage|p2a: Zamazenta|42\/100 brn|[from] brn\n|upkeep\n|turn|32\n|c|\u2606uhjghg|and then it burns the firs time\n|c|\u2606uhjghg|fucking absird\n|\n|t:|1699973369\n|switch|p2a: Iron Moth|Iron Moth|100\/100\n|-enditem|p2a: Iron Moth|Booster Energy\n|-activate|p2a: Iron Moth|ability: Quark Drive|[fromitem]\n|-start|p2a: Iron Moth|quarkdrivespe\n|move|p1a: Alomomola|Protect||[still]\n|-fail|p1a: Alomomola\n|\n|-heal|p1a: Alomomola|54\/100|[from] move: Wish|[wisher] Alomomola\n|upkeep\n|turn|33\n|\n|t:|1699973380\n|switch|p1a: Mandibuzz|Mandibuzz, F|100\/100\n|move|p2a: Iron Moth|Sludge Wave|p1a: Mandibuzz\n|-damage|p1a: Mandibuzz|73\/100\n|\n|upkeep\n|turn|34\n|\n|t:|1699973388\n|move|p2a: Iron Moth|Discharge|p1a: Mandibuzz\n|-supereffective|p1a: Mandibuzz\n|-damage|p1a: Mandibuzz|42\/100\n|move|p1a: Mandibuzz|U-turn|p2a: Iron Moth\n|-resisted|p2a: Iron Moth\n|-damage|p2a: Iron Moth|96\/100\n|c|\u2606uhjghg|ABSURD\n|\n|t:|1699973401\n|switch|p1a: Landorus|Landorus-Therian, M|100\/100|[from] U-turn\n|-ability|p1a: Landorus|Intimidate|boost\n|-unboost|p2a: Iron Moth|atk|1\n|\n|upkeep\n|turn|35\n|\n|t:|1699973405\n|-terastallize|p2a: Iron Moth|Grass\n|move|p2a: Iron Moth|Fiery Dance|p1a: Landorus\n|-damage|p1a: Landorus|51\/100\n|-boost|p2a: Iron Moth|spa|1\n|move|p1a: Landorus|Earthquake|p2a: Iron Moth\n|-resisted|p2a: Iron Moth\n|-damage|p2a: Iron Moth|55\/100\n|\n|upkeep\n|turn|36\n|\n|t:|1699973409\n|move|p2a: Iron Moth|Energy Ball|p1a: Landorus\n|-damage|p1a: Landorus|0 fnt\n|faint|p1a: Landorus\n|\n|upkeep\n|\n|t:|1699973423\n|switch|p1a: Kingambit|Kingambit, M|100\/100\n|-activate|p1a: Kingambit|ability: Supreme Overlord\n|-start|p1a: Kingambit|fallen3|[silent]\n|turn|37\n|c|\u2606uhjghg|and heres the suvcker punch button\n|c|\u2606uhjghg|fuckign stupid\n|\n|t:|1699973437\n|move|p1a: Kingambit|Sucker Punch|p2a: Iron Moth\n|-damage|p2a: Iron Moth|0 fnt\n|faint|p2a: Iron Moth\n|-end|p2a: Iron Moth|Quark Drive|[silent]\n|\n|upkeep\n|\n|t:|1699973459\n|switch|p2a: Donphan|Donphan, M|81\/100\n|turn|38\n|\n|t:|1699973471\n|move|p1a: Kingambit|Swords Dance|p1a: Kingambit\n|-boost|p1a: Kingambit|atk|2\n|move|p2a: Donphan|Rapid Spin|p1a: Kingambit\n|-resisted|p1a: Kingambit\n|-damage|p1a: Kingambit|93\/100\n|-boost|p2a: Donphan|spe|1\n|\n|upkeep\n|turn|39\n|\n|t:|1699973477\n|move|p2a: Donphan|Earthquake|p1a: Kingambit\n|-supereffective|p1a: Kingambit\n|-damage|p1a: Kingambit|0 fnt\n|faint|p1a: Kingambit\n|-end|p1a: Kingambit|fallen3|[silent]\n|\n|upkeep\n|-message|Isaayzin forfeited.\n|\n|win|uhjghg\n|raw|Isaayzin's rating: 1198 &rarr; <strong>1167<\/strong><br \/>(-31 for losing)\n|raw|uhjghg's rating: 1119 &rarr; <strong>1150<\/strong><br \/>(+31 for winning)\n","uploadtime":1699973436,"views":8,"p1id":"isaayzin","p2id":"uhjghg","formatid":"gen9ou","rating":1150,"private":0,"password":""}