{"id":"gen9ou-1996229522","p1":"random ttar fan","p2":"horneefuk","format":"[Gen 9] OU","log":"|j|\u2606random ttar fan\n|j|\u2606horneefuk\n|t:|1700661769\n|gametype|singles\n|player|p1|random ttar fan|guzma|1400\n|player|p2|horneefuk|102|1462\n|teamsize|p1|6\n|teamsize|p2|6\n|gen|9\n|tier|[Gen 9] OU\n|rated|\n|rule|Sleep Clause Mod: Limit one foe put to sleep\n|rule|Species Clause: Limit one of each Pok\u00e9mon\n|rule|OHKO Clause: OHKO moves are banned\n|rule|Evasion Items Clause: Evasion items are banned\n|rule|Evasion Moves Clause: Evasion moves are banned\n|rule|Endless Battle Clause: Forcing endless battles is banned\n|rule|HP Percentage Mod: HP is shown in percentages\n|clearpoke\n|poke|p1|Ribombee, F|\n|poke|p1|Ogerpon-Wellspring, F|\n|poke|p1|Iron Moth|\n|poke|p1|Kingambit, F|\n|poke|p1|Gholdengo|\n|poke|p1|Iron Valiant|\n|poke|p2|Great Tusk|\n|poke|p2|Zapdos|\n|poke|p2|Heatran, M|\n|poke|p2|Iron Valiant|\n|poke|p2|Kingambit, M|\n|poke|p2|Dragapult, M|\n|teampreview\n|inactive|Battle timer is ON: inactive players will automatically lose when time's up. (requested by random ttar fan)\n|c|\u2606random ttar fan|gl hf\n|inactive|horneefuk has 120 seconds left.\n|\n|t:|1700661819\n|start\n|switch|p1a: MVB|Ribombee, F|100\/100\n|switch|p2a: Heatran|Heatran, M|100\/100\n|turn|1\n|\n|t:|1700661827\n|move|p1a: MVB|Sticky Web|p2a: Heatran\n|-sidestart|p2: horneefuk|move: Sticky Web\n|move|p2a: Heatran|Magma Storm|p1a: MVB\n|-supereffective|p1a: MVB\n|-enditem|p1a: MVB|Focus Sash\n|-damage|p1a: MVB|1\/100\n|-activate|p1a: MVB|move: Magma Storm|[of] p2a: Heatran\n|\n|-damage|p1a: MVB|0 fnt|[from] move: Magma Storm|[partiallytrapped]\n|faint|p1a: MVB\n|upkeep\n|\n|t:|1700661833\n|switch|p1a: Totally Unique Set|Iron Valiant, shiny|100\/100\n|-enditem|p1a: Totally Unique Set|Booster Energy\n|-activate|p1a: Totally Unique Set|ability: Quark Drive|[fromitem]\n|-start|p1a: Totally Unique Set|quarkdrivespe\n|turn|2\n|\n|t:|1700661851\n|switch|p2a: Zapdos|Zapdos|100\/100\n|move|p1a: Totally Unique Set|Close Combat|p2a: Zapdos\n|-resisted|p2a: Zapdos\n|-damage|p2a: Zapdos|78\/100\n|-unboost|p1a: Totally Unique Set|def|1\n|-unboost|p1a: Totally Unique Set|spd|1\n|\n|upkeep\n|turn|3\n|\n|t:|1700661871\n|-end|p1a: Totally Unique Set|Quark Drive|[silent]\n|switch|p1a: Gold Hoe|Gholdengo, shiny|100\/100\n|-item|p1a: Gold Hoe|Air Balloon\n|move|p2a: Zapdos|Heat Wave|p1a: Gold Hoe\n|-supereffective|p1a: Gold Hoe\n|-damage|p1a: Gold Hoe|36\/100\n|-enditem|p1a: Gold Hoe|Air Balloon\n|\n|upkeep\n|turn|4\n|inactive|random ttar fan has 120 seconds left.\n|\n|t:|1700661897\n|move|p1a: Gold Hoe|Shadow Ball|p2a: Zapdos\n|-damage|p2a: Zapdos|36\/100\n|move|p2a: Zapdos|Heat Wave|p1a: Gold Hoe\n|-supereffective|p1a: Gold Hoe\n|-damage|p1a: Gold Hoe|0 fnt\n|faint|p1a: Gold Hoe\n|\n|upkeep\n|inactive|random ttar fan has 120 seconds left.\n|\n|t:|1700661904\n|switch|p1a: Return Of The Moth|Iron Moth, shiny|100\/100\n|-enditem|p1a: Return Of The Moth|Booster Energy\n|-activate|p1a: Return Of The Moth|ability: Quark Drive|[fromitem]\n|-start|p1a: Return Of The Moth|quarkdrivespa\n|turn|5\n|inactive|horneefuk has 120 seconds left.\n|inactive|horneefuk has 90 seconds left.\n|\n|t:|1700661972\n|-end|p1a: Return Of The Moth|Quark Drive|[silent]\n|switch|p1a: Totally Unique Set|Iron Valiant, shiny|100\/100\n|move|p2a: Zapdos|Hurricane|p1a: Totally Unique Set\n|-supereffective|p1a: Totally Unique Set\n|-damage|p1a: Totally Unique Set|0 fnt\n|faint|p1a: Totally Unique Set\n|-end|p1a: Totally Unique Set|Quark Drive|[silent]\n|\n|upkeep\n|c|\u2606random ttar fan|oooof\n|inactive|random ttar fan has 120 seconds left.\n|\n|t:|1700661987\n|switch|p1a: Return Of The Moth|Iron Moth, shiny|100\/100\n|turn|6\n|inactive|horneefuk has 90 seconds left.\n|c|\u2606horneefuk|Predicting correctly for once\n|\n|t:|1700662007\n|move|p1a: Return Of The Moth|Substitute|p1a: Return Of The Moth\n|-start|p1a: Return Of The Moth|Substitute\n|-damage|p1a: Return Of The Moth|76\/100\n|move|p2a: Zapdos|Hurricane|p1a: Return Of The Moth|[miss]\n|-miss|p2a: Zapdos|p1a: Return Of The Moth\n|\n|upkeep\n|turn|7\n|\n|t:|1700662012\n|move|p1a: Return Of The Moth|Sludge Wave|p2a: Zapdos\n|-damage|p2a: Zapdos|0 fnt\n|faint|p2a: Zapdos\n|\n|upkeep\n|\n|t:|1700662019\n|switch|p2a: Great Tusk|Great Tusk|100\/100\n|-activate|p2a: Great Tusk|move: Sticky Web\n|-unboost|p2a: Great Tusk|spe|1\n|turn|8\n|\n|t:|1700662033\n|-terastallize|p1a: Return Of The Moth|Ghost\n|move|p1a: Return Of The Moth|Psychic|p2a: Great Tusk\n|-supereffective|p2a: Great Tusk\n|-damage|p2a: Great Tusk|11\/100\n|move|p2a: Great Tusk|Earthquake|p1a: Return Of The Moth\n|-crit|p1a: Return Of The Moth\n|-end|p1a: Return Of The Moth|Substitute\n|\n|-heal|p2a: Great Tusk|17\/100|[from] item: Leftovers\n|upkeep\n|turn|9\n|\n|t:|1700662038\n|move|p1a: Return Of The Moth|Psychic|p2a: Great Tusk\n|-supereffective|p2a: Great Tusk\n|-damage|p2a: Great Tusk|0 fnt\n|faint|p2a: Great Tusk\n|-end|p2a: Great Tusk|Protosynthesis|[silent]\n|\n|upkeep\n|\n|t:|1700662048\n|switch|p2a: Dragapult|Dragapult, M|100\/100\n|-activate|p2a: Dragapult|move: Sticky Web\n|-unboost|p2a: Dragapult|spe|1\n|turn|10\n|\n|t:|1700662062\n|move|p1a: Return Of The Moth|Psychic|p2a: Dragapult\n|-damage|p2a: Dragapult|52\/100\n|move|p2a: Dragapult|Flamethrower|p1a: Return Of The Moth\n|-damage|p1a: Return Of The Moth|35\/100\n|\n|upkeep\n|turn|11\n|\n|t:|1700662070\n|move|p1a: Return Of The Moth|Psychic|p2a: Dragapult\n|-damage|p2a: Dragapult|6\/100\n|move|p2a: Dragapult|Flamethrower|p1a: Return Of The Moth\n|-damage|p1a: Return Of The Moth|0 fnt\n|faint|p1a: Return Of The Moth\n|-end|p1a: Return Of The Moth|Quark Drive|[silent]\n|\n|upkeep\n|\n|t:|1700662076\n|switch|p1a: Ogerpon|Ogerpon-Wellspring, F|100\/100\n|turn|12\n|\n|t:|1700662079\n|move|p1a: Ogerpon|Ivy Cudgel|p2a: Dragapult|[anim] Ivy Cudgel Water\n|-resisted|p2a: Dragapult\n|-damage|p2a: Dragapult|0 fnt\n|faint|p2a: Dragapult\n|\n|upkeep\n|\n|t:|1700662089\n|switch|p2a: Kingambit|Kingambit, M|100\/100\n|-activate|p2a: Kingambit|move: Sticky Web\n|-unboost|p2a: Kingambit|spe|1\n|-activate|p2a: Kingambit|ability: Supreme Overlord\n|-start|p2a: Kingambit|fallen3|[silent]\n|turn|13\n|\n|t:|1700662103\n|move|p1a: Ogerpon|Swords Dance|p1a: Ogerpon\n|-boost|p1a: Ogerpon|atk|2\n|move|p2a: Kingambit|Kowtow Cleave|p1a: Ogerpon\n|-damage|p1a: Ogerpon|20\/100\n|\n|upkeep\n|turn|14\n|\n|t:|1700662116\n|move|p2a: Kingambit|Sucker Punch|p1a: Ogerpon\n|-crit|p1a: Ogerpon\n|-damage|p1a: Ogerpon|0 fnt\n|faint|p1a: Ogerpon\n|\n|upkeep\n|\n|t:|1700662119\n|switch|p1a: Quenngambit|Kingambit, F, shiny|100\/100\n|-activate|p1a: Quenngambit|ability: Supreme Overlord\n|-start|p1a: Quenngambit|fallen5|[silent]\n|turn|15\n|\n|t:|1700662123\n|move|p1a: Quenngambit|Low Kick|p2a: Kingambit\n|-supereffective|p2a: Kingambit\n|-damage|p2a: Kingambit|0 fnt\n|faint|p2a: Kingambit\n|-end|p2a: Kingambit|fallen3|[silent]\n|\n|upkeep\n|\n|t:|1700662126\n|switch|p2a: Iron Valiant|Iron Valiant|100\/100\n|-activate|p2a: Iron Valiant|move: Sticky Web\n|-unboost|p2a: Iron Valiant|spe|1\n|-enditem|p2a: Iron Valiant|Booster Energy\n|-activate|p2a: Iron Valiant|ability: Quark Drive|[fromitem]\n|-start|p2a: Iron Valiant|quarkdrivespa\n|turn|16\n|\n|t:|1700662131\n|move|p2a: Iron Valiant|Close Combat|p1a: Quenngambit\n|-supereffective|p1a: Quenngambit\n|-damage|p1a: Quenngambit|0 fnt\n|-unboost|p2a: Iron Valiant|def|1\n|-unboost|p2a: Iron Valiant|spd|1\n|faint|p1a: Quenngambit\n|-end|p1a: Quenngambit|fallen5|[silent]\n|\n|win|horneefuk\n|raw|random ttar fan's rating: 1400 &rarr; <strong>1384<\/strong><br \/>(-16 for losing)\n|raw|horneefuk's rating: 1462 &rarr; <strong>1478<\/strong><br \/>(+16 for winning)\n|c|\u2606random ttar fan|ggs wp\n|l|\u2606random ttar fan\n|c|\u2606horneefuk|Gg\n","uploadtime":1700662152,"views":2,"p1id":"randomttarfan","p2id":"horneefuk","formatid":"gen9ou","rating":1384,"private":0,"password":""}