{"id":"gen9ou-1993088308","p1":"DJ-MeteorMash","p2":"CyberH3","format":"[Gen 9] OU","log":"|j|\u2606DJ-MeteorMash\n|j|\u2606CyberH3\n|t:|1700263372\n|gametype|singles\n|player|p1|DJ-MeteorMash|steven|1371\n|player|p2|CyberH3|mars|1343\n|teamsize|p1|6\n|teamsize|p2|6\n|gen|9\n|tier|[Gen 9] OU\n|rated|\n|rule|Sleep Clause Mod: Limit one foe put to sleep\n|rule|Species Clause: Limit one of each Pok\u00e9mon\n|rule|OHKO Clause: OHKO moves are banned\n|rule|Evasion Items Clause: Evasion items are banned\n|rule|Evasion Moves Clause: Evasion moves are banned\n|rule|Endless Battle Clause: Forcing endless battles is banned\n|rule|HP Percentage Mod: HP is shown in percentages\n|clearpoke\n|poke|p1|Tyranitar, F|\n|poke|p1|Enamorus, F|\n|poke|p1|Landorus-Therian, M|\n|poke|p1|Kingambit, F|\n|poke|p1|Conkeldurr, F|\n|poke|p1|Rotom-Wash|\n|poke|p2|Goodra-Hisui, M|\n|poke|p2|Scizor, F|\n|poke|p2|Mimikyu, F|\n|poke|p2|Iron Valiant|\n|poke|p2|Talonflame, F|\n|poke|p2|Lokix, M|\n|teampreview\n|inactive|Battle timer is ON: inactive players will automatically lose when time's up. (requested by DJ-MeteorMash)\n|c|\u2606DJ-MeteorMash|Talonflame nice\n|c|\u2606DJ-MeteorMash|!dt lokix\n|raw|<div class=\"message\"><ul class=\"utilichart\"><li class=\"result\"><span class=\"col numcol\">UU<\/span> <span class=\"col iconcol\"><psicon pokemon=\"lokix\"\/><\/span> <span class=\"col pokemonnamecol\" style=\"white-space:nowrap\"><a href=\"https:\/\/dex.pokemonshowdown.com\/pokemon\/lokix\" target=\"_blank\">Lokix<\/a><\/span> <span class=\"col typecol\"><img src=\"https:\/\/play.pokemonshowdown.com\/sprites\/types\/Bug.png\" alt=\"Bug\" height=\"14\" width=\"32\"><img src=\"https:\/\/play.pokemonshowdown.com\/sprites\/types\/Dark.png\" alt=\"Dark\" height=\"14\" width=\"32\"><\/span> <span style=\"float:left;min-height:26px\"><span class=\"col abilitycol\">Swarm<\/span><span class=\"col abilitycol\"><em>Tinted Lens<\/em><\/span><\/span><span style=\"float:left;min-height:26px\"><span class=\"col statcol\"><em>HP<\/em><br \/>71<\/span> <span class=\"col statcol\"><em>Atk<\/em><br \/>102<\/span> <span class=\"col statcol\"><em>Def<\/em><br \/>78<\/span> <span class=\"col statcol\"><em>SpA<\/em><br \/>52<\/span> <span class=\"col statcol\"><em>SpD<\/em><br \/>55<\/span> <span class=\"col statcol\"><em>Spe<\/em><br \/>92<\/span> <span class=\"col bstcol\"><em>BST<br \/>450<\/em><\/span> <\/span><\/li><li style=\"clear:both\"><\/li><\/ul><\/div>\n|raw|<font size=\"1\"><font color=\"#686868\">Dex#:<\/font> 920&nbsp;|&ThickSpace;<font color=\"#686868\">Gen:<\/font> 9&nbsp;|&ThickSpace;<font color=\"#686868\">Height:<\/font> 1 m&nbsp;|&ThickSpace;<font color=\"#686868\">Weight:<\/font> 17.5 kg <em>(40 BP)<\/em>&nbsp;|&ThickSpace;<font color=\"#686868\">Dex Colour:<\/font> Gray&nbsp;|&ThickSpace;<font color=\"#686868\">Egg Group(s):<\/font> Bug&nbsp;|&ThickSpace;<font color=\"#686868\">Pre-Evolution:<\/font> Nymble&nbsp;|&ThickSpace;<font color=\"#686868\">Does Not Evolve<\/font><\/font>\n\n|c|\u2606DJ-MeteorMash|!dt tented lens\nNo Pok\u00e9mon, item, move, ability or nature named 'tented lens' was found. Showing the data of 'Tinted Lens' instead.\n|raw|<ul class=\"utilichart\"><li class=\"result\"><span class=\"col namecol\"><a href=\"https:\/\/dex.pokemonshowdown.com\/abilities\/tintedlens\">Tinted Lens<\/a><\/span> <span class=\"col abilitydesccol\">This Pokemon's attacks that are not very effective on a target deal double damage.<\/span> <\/li><li style=\"clear:both\"><\/li><\/ul>\n|raw|<font size=\"1\"><font color=\"#686868\">Gen:<\/font> 4<\/font>\n\n|inactive|DJ-MeteorMash has 120 seconds left.\n|c|\u2606DJ-MeteorMash|Dang\n|c|\u2606CyberH3|tinted lens is a fun ability\n|\n|t:|1700263427\n|start\n|switch|p1a: Landorus|Landorus-Therian, M, shiny|100\/100\n|switch|p2a: Snailtare|Goodra-Hisui, M|100\/100\n|-ability|p1a: Landorus|Intimidate|boost\n|-unboost|p2a: Snailtare|atk|1\n|turn|1\n|\n|t:|1700263432\n|move|p1a: Landorus|Earthquake|p2a: Snailtare\n|-supereffective|p2a: Snailtare\n|-damage|p2a: Snailtare|10\/100\n|move|p2a: Snailtare|Ice Beam|p1a: Landorus\n|-supereffective|p1a: Landorus\n|-damage|p1a: Landorus|0 fnt\n|faint|p1a: Landorus\n|\n|-heal|p2a: Snailtare|16\/100|[from] item: Leftovers\n|upkeep\n|\n|t:|1700263439\n|switch|p1a: Rotom|Rotom-Wash, shiny|100\/100\n|turn|2\n|\n|t:|1700263442\n|move|p2a: Snailtare|Protect|p2a: Snailtare\n|-singleturn|p2a: Snailtare|Protect\n|move|p1a: Rotom|Volt Switch|p2a: Snailtare\n|-activate|p2a: Snailtare|move: Protect\n|\n|-heal|p2a: Snailtare|22\/100|[from] item: Leftovers\n|upkeep\n|turn|3\n|\n|t:|1700263446\n|move|p1a: Rotom|Volt Switch|p2a: Snailtare\n|-resisted|p2a: Snailtare\n|-damage|p2a: Snailtare|14\/100\n|\n|t:|1700263451\n|switch|p1a: Tyranitar|Tyranitar, F, shiny|100\/100|[from] Volt Switch\n|-weather|Sandstorm|[from] ability: Sand Stream|[of] p1a: Tyranitar\n|move|p2a: Snailtare|Draco Meteor|p1a: Tyranitar\n|-damage|p1a: Tyranitar|57\/100\n|-unboost|p2a: Snailtare|spa|2\n|\n|-weather|Sandstorm|[upkeep]\n|-heal|p2a: Snailtare|20\/100|[from] item: Leftovers\n|upkeep\n|turn|4\n|\n|t:|1700263461\n|switch|p1a: Conkeldurr|Conkeldurr, F, shiny|100\/100\n|switch|p2a: Morf LeRosh|Lokix, M|100\/100\n|\n|-weather|Sandstorm|[upkeep]\n|-damage|p2a: Morf LeRosh|94\/100|[from] Sandstorm\n|-damage|p1a: Conkeldurr|94\/100|[from] Sandstorm\n|upkeep\n|turn|5\n|\n|t:|1700263470\n|move|p2a: Morf LeRosh|U-turn|p1a: Conkeldurr\n|-resisted|p1a: Conkeldurr\n|-damage|p1a: Conkeldurr|60\/100\n|-damage|p2a: Morf LeRosh|85\/100|[from] item: Life Orb\n|\n|t:|1700263473\n|switch|p2a: The XO|Talonflame, F|100\/100|[from] U-turn\n|move|p1a: Conkeldurr|Bulk Up|p1a: Conkeldurr\n|-boost|p1a: Conkeldurr|atk|1\n|-boost|p1a: Conkeldurr|def|1\n|\n|-weather|Sandstorm|[upkeep]\n|-damage|p2a: The XO|94\/100|[from] Sandstorm\n|-damage|p1a: Conkeldurr|54\/100|[from] Sandstorm\n|-heal|p2a: The XO|100\/100|[from] item: Leftovers\n|upkeep\n|turn|6\n|\n|t:|1700263483\n|switch|p1a: Tyranitar|Tyranitar, F, shiny|57\/100\n|move|p2a: The XO|Will-O-Wisp|p1a: Tyranitar\n|-status|p1a: Tyranitar|brn\n|\n|-weather|Sandstorm|[upkeep]\n|-damage|p2a: The XO|94\/100|[from] Sandstorm\n|-heal|p2a: The XO|100\/100|[from] item: Leftovers\n|-damage|p1a: Tyranitar|51\/100 brn|[from] brn\n|upkeep\n|turn|7\n|\n|t:|1700263490\n|switch|p2a: Eat With Scissors|Scizor, F|100\/100\n|move|p1a: Tyranitar|Stone Edge|p2a: Eat With Scissors\n|-damage|p2a: Eat With Scissors|73\/100\n|\n|-weather|none\n|-damage|p1a: Tyranitar|45\/100 brn|[from] brn\n|upkeep\n|-enditem|p1a: Tyranitar|Sitrus Berry|[eat]\n|-heal|p1a: Tyranitar|70\/100 brn|[from] item: Sitrus Berry\n|turn|8\n|\n|t:|1700263493\n|move|p2a: Eat With Scissors|Bullet Punch|p1a: Tyranitar\n|-supereffective|p1a: Tyranitar\n|-damage|p1a: Tyranitar|0 fnt\n|faint|p1a: Tyranitar\n|-damage|p2a: Eat With Scissors|63\/100|[from] item: Life Orb\n|\n|upkeep\n|\n|t:|1700263496\n|switch|p1a: Rotom|Rotom-Wash, shiny|100\/100\n|turn|9\n|\n|t:|1700263501\n|move|p1a: Rotom|Thunder Wave|p2a: Eat With Scissors\n|-status|p2a: Eat With Scissors|par\n|cant|p2a: Eat With Scissors|par\n|\n|upkeep\n|turn|10\n|\n|t:|1700263507\n|move|p1a: Rotom|Hydro Pump|p2a: Eat With Scissors\n|-damage|p2a: Eat With Scissors|19\/100 par\n|move|p2a: Eat With Scissors|Knock Off|p1a: Rotom\n|-damage|p1a: Rotom|45\/100\n|-enditem|p1a: Rotom|Wide Lens|[from] move: Knock Off|[of] p2a: Eat With Scissors\n|-damage|p2a: Eat With Scissors|9\/100 par|[from] item: Life Orb\n|\n|upkeep\n|turn|11\n|\n|t:|1700263513\n|move|p2a: Eat With Scissors|Bullet Punch|p1a: Rotom\n|-resisted|p1a: Rotom\n|-damage|p1a: Rotom|33\/100\n|-damage|p2a: Eat With Scissors|0 fnt|[from] item: Life Orb\n|faint|p2a: Eat With Scissors\n|move|p1a: Rotom|Volt Switch|p2: Eat With Scissors|[notarget]\n|-fail|p1a: Rotom\n|\n|upkeep\n|\n|t:|1700263516\n|switch|p2a: Morf LeRosh|Lokix, M|85\/100\n|turn|12\n|\n|t:|1700263529\n|move|p2a: Morf LeRosh|First Impression|p1a: Rotom\n|-damage|p1a: Rotom|0 fnt\n|faint|p1a: Rotom\n|-damage|p2a: Morf LeRosh|75\/100|[from] item: Life Orb\n|\n|upkeep\n|\n|t:|1700263535\n|switch|p1a: Conkeldurr|Conkeldurr, F, shiny|54\/100\n|turn|13\n|\n|t:|1700263544\n|move|p2a: Morf LeRosh|U-turn|p1a: Conkeldurr\n|-resisted|p1a: Conkeldurr\n|-damage|p1a: Conkeldurr|18\/100\n|-enditem|p1a: Conkeldurr|Sitrus Berry|[eat]\n|-heal|p1a: Conkeldurr|43\/100|[from] item: Sitrus Berry\n|-damage|p2a: Morf LeRosh|65\/100|[from] item: Life Orb\n|\n|t:|1700263553\n|switch|p2a: The XO|Talonflame, F|100\/100|[from] U-turn\n|move|p1a: Conkeldurr|Substitute|p1a: Conkeldurr\n|-start|p1a: Conkeldurr|Substitute\n|-damage|p1a: Conkeldurr|18\/100\n|\n|upkeep\n|turn|14\n|\n|t:|1700263578\n|-singleturn|p1a: Conkeldurr|move: Focus Punch\n|move|p2a: The XO|Brave Bird|p1a: Conkeldurr\n|-supereffective|p1a: Conkeldurr\n|-end|p1a: Conkeldurr|Substitute\n|-damage|p2a: The XO|89\/100|[from] Recoil|[of] p1a: Conkeldurr\n|move|p1a: Conkeldurr|Focus Punch|p2a: The XO\n|-resisted|p2a: The XO\n|-damage|p2a: The XO|6\/100\n|\n|-heal|p2a: The XO|12\/100|[from] item: Leftovers\n|upkeep\n|turn|15\n|\n|t:|1700263593\n|move|p2a: The XO|Flare Blitz|p1a: Conkeldurr\n|-damage|p1a: Conkeldurr|0 fnt\n|faint|p1a: Conkeldurr\n|-damage|p2a: The XO|4\/100|[from] Recoil\n|\n|-heal|p2a: The XO|10\/100|[from] item: Leftovers\n|upkeep\n|\n|t:|1700263601\n|switch|p1a: Enamorus|Enamorus, F|100\/100\n|turn|16\n|\n|t:|1700263609\n|move|p2a: The XO|Taunt|p1a: Enamorus\n|-start|p1a: Enamorus|move: Taunt\n|move|p1a: Enamorus|Sludge Bomb|p2a: The XO\n|-damage|p2a: The XO|0 fnt\n|faint|p2a: The XO\n|-damage|p1a: Enamorus|91\/100|[from] item: Life Orb\n|\n|upkeep\n|\n|t:|1700263614\n|switch|p2a: Morf LeRosh|Lokix, M|65\/100\n|turn|17\n|\n|t:|1700263629\n|-terastallize|p1a: Enamorus|Ground\n|-terastallize|p2a: Morf LeRosh|Bug\n|move|p2a: Morf LeRosh|First Impression|p1a: Enamorus\n|-damage|p1a: Enamorus|0 fnt\n|faint|p1a: Enamorus\n|-damage|p2a: Morf LeRosh|55\/100|[from] item: Life Orb\n|\n|upkeep\n|\n|t:|1700263638\n|switch|p1a: Kingambit|Kingambit, F, shiny|100\/100\n|-activate|p1a: Kingambit|ability: Supreme Overlord\n|-start|p1a: Kingambit|fallen5|[silent]\n|turn|18\n|\n|t:|1700263642\n|move|p2a: Morf LeRosh|Axe Kick|p1a: Kingambit\n|-supereffective|p1a: Kingambit\n|-damage|p1a: Kingambit|0 fnt\n|faint|p1a: Kingambit\n|-end|p1a: Kingambit|fallen5|[silent]\n|-damage|p2a: Morf LeRosh|45\/100|[from] item: Life Orb\n|\n|win|CyberH3\n|raw|DJ-MeteorMash's rating: 1371 &rarr; <strong>1349<\/strong><br \/>(-22 for losing)\n|raw|CyberH3's rating: 1343 &rarr; <strong>1365<\/strong><br \/>(+22 for winning)\n|c|\u2606CyberH3|gg\n|c|\u2606DJ-MeteorMash|Crazy\n|c|\u2606CyberH3|fr\n|l|\u2606DJ-MeteorMash\n","uploadtime":1700263655,"views":11,"p1id":"djmeteormash","p2id":"cyberh3","formatid":"gen9ou","rating":1349,"private":0,"password":""}