{"id":"gen9ou-1991791036","p1":"Orcust Knightmare","p2":"ThePlayerBuster","format":"[Gen 9] OU","log":"|j|\u2606Orcust Knightmare\n|j|\u2606ThePlayerBuster\n|t:|1700117979\n|gametype|singles\n|player|p1|Orcust Knightmare|kieran-festival|1365\n|player|p2|ThePlayerBuster|swimmerf|1384\n|teamsize|p1|6\n|teamsize|p2|6\n|gen|9\n|tier|[Gen 9] OU\n|rated|\n|rule|Sleep Clause Mod: Limit one foe put to sleep\n|rule|Species Clause: Limit one of each Pok\u00e9mon\n|rule|OHKO Clause: OHKO moves are banned\n|rule|Evasion Items Clause: Evasion items are banned\n|rule|Evasion Moves Clause: Evasion moves are banned\n|rule|Endless Battle Clause: Forcing endless battles is banned\n|rule|HP Percentage Mod: HP is shown in percentages\n|clearpoke\n|poke|p1|Thundurus-Therian, M|\n|poke|p1|Great Tusk|\n|poke|p1|Gholdengo|\n|poke|p1|Clodsire, M|\n|poke|p1|Kingambit, M|\n|poke|p1|Alomomola, F|\n|poke|p2|Sneasler, F|\n|poke|p2|Rotom-Wash|\n|poke|p2|Kingambit, M|\n|poke|p2|Slowking-Galar, F|\n|poke|p2|Landorus-Therian, M|\n|poke|p2|Cinderace, F|\n|teampreview\n|inactive|Battle timer is ON: inactive players will automatically lose when time's up. (requested by ThePlayerBuster)\n|inactive|Orcust Knightmare has 120 seconds left.\n|\n|t:|1700118033\n|start\n|switch|p1a: Thundurus|Thundurus-Therian, M|100\/100\n|switch|p2a: Sneasler|Sneasler, F|100\/100\n|turn|1\n|\n|t:|1700118042\n|-terastallize|p1a: Thundurus|Flying\n|move|p2a: Sneasler|U-turn|p1a: Thundurus\n|-resisted|p1a: Thundurus\n|-damage|p1a: Thundurus|81\/100\n|\n|t:|1700118059\n|switch|p2a: Rotom|Rotom-Wash|100\/100|[from] U-turn\n|move|p1a: Thundurus|Tera Blast|p2a: Rotom|[anim] Tera Blast Flying\n|-resisted|p2a: Rotom\n|-damage|p2a: Rotom|76\/100\n|\n|-heal|p2a: Rotom|82\/100|[from] item: Leftovers\n|upkeep\n|turn|2\n|\n|t:|1700118071\n|move|p2a: Rotom|Protect|p2a: Rotom\n|-singleturn|p2a: Rotom|Protect\n|move|p1a: Thundurus|Knock Off|p2a: Rotom\n|-activate|p2a: Rotom|move: Protect\n|\n|-heal|p2a: Rotom|88\/100|[from] item: Leftovers\n|upkeep\n|turn|3\n|inactive|ThePlayerBuster has 120 seconds left.\n|\n|t:|1700118101\n|move|p1a: Thundurus|Knock Off|p2a: Rotom\n|-damage|p2a: Rotom|68\/100\n|-enditem|p2a: Rotom|Leftovers|[from] move: Knock Off|[of] p1a: Thundurus\n|move|p2a: Rotom|Hydro Pump|p1a: Thundurus|[miss]\n|-miss|p2a: Rotom|p1a: Thundurus\n|\n|upkeep\n|turn|4\n|inactive|ThePlayerBuster has 120 seconds left.\n|\n|t:|1700118130\n|move|p1a: Thundurus|Volt Switch|p2a: Rotom\n|-damage|p2a: Rotom|38\/100\n|inactive|Orcust Knightmare has 120 seconds left.\n|\n|t:|1700118147\n|switch|p1a: Clodsire|Clodsire, M|100\/100|[from] Volt Switch\n|move|p2a: Rotom|Hydro Pump|p1a: Clodsire\n|-immune|p1a: Clodsire|[from] ability: Water Absorb\n|\n|upkeep\n|turn|5\n|\n|t:|1700118152\n|switch|p2a: Landorus|Landorus-Therian, M|100\/100\n|-ability|p2a: Landorus|Intimidate|boost\n|-unboost|p1a: Clodsire|atk|1\n|move|p1a: Clodsire|Spikes|p2a: Landorus\n|-sidestart|p2: ThePlayerBuster|Spikes\n|\n|upkeep\n|turn|6\n|inactive|ThePlayerBuster has 120 seconds left.\n|\n|t:|1700118166\n|switch|p1a: Great Tusk|Great Tusk, shiny|100\/100\n|move|p2a: Landorus|Earthquake|p1a: Great Tusk\n|-damage|p1a: Great Tusk|69\/100\n|\n|-heal|p1a: Great Tusk|75\/100|[from] item: Leftovers\n|upkeep\n|turn|7\n|inactive|ThePlayerBuster has 120 seconds left.\n|\n|t:|1700118196\n|move|p2a: Landorus|Substitute|p2a: Landorus\n|-start|p2a: Landorus|Substitute\n|-damage|p2a: Landorus|75\/100\n|move|p1a: Great Tusk|Stealth Rock|p2a: Landorus\n|-sidestart|p2: ThePlayerBuster|move: Stealth Rock\n|\n|-heal|p2a: Landorus|82\/100|[from] item: Leftovers\n|-heal|p1a: Great Tusk|82\/100|[from] item: Leftovers\n|upkeep\n|turn|8\n|\n|t:|1700118203\n|move|p2a: Landorus|Earthquake|p1a: Great Tusk\n|-damage|p1a: Great Tusk|53\/100\n|move|p1a: Great Tusk|Ice Spinner|p2a: Landorus\n|-supereffective|p2a: Landorus\n|-end|p2a: Landorus|Substitute\n|\n|-heal|p2a: Landorus|88\/100|[from] item: Leftovers\n|-heal|p1a: Great Tusk|59\/100|[from] item: Leftovers\n|upkeep\n|turn|9\n|inactive|ThePlayerBuster has 120 seconds left.\n|inactive|ThePlayerBuster has 90 seconds left.\n|\n|t:|1700118247\n|-terastallize|p2a: Landorus|Water\n|move|p2a: Landorus|Substitute|p2a: Landorus\n|-start|p2a: Landorus|Substitute\n|-damage|p2a: Landorus|63\/100\n|move|p1a: Great Tusk|Ice Spinner|p2a: Landorus\n|-resisted|p2a: Landorus\n|-activate|p2a: Landorus|move: Substitute|[damage]\n|\n|-heal|p2a: Landorus|69\/100|[from] item: Leftovers\n|-heal|p1a: Great Tusk|65\/100|[from] item: Leftovers\n|upkeep\n|turn|10\n|inactive|ThePlayerBuster has 90 seconds left.\n|inactive|Orcust Knightmare has 120 seconds left.\n|inactive|Orcust Knightmare has 90 seconds left.\n|inactive|Orcust Knightmare has 60 seconds left.\n|j| Stantler is Uber\n|inactive|Orcust Knightmare has 30 seconds left.\n|c| Stantler is Uber|Arent you in school or something?\n|inactive|Orcust Knightmare has 20 seconds left.\n|inactive|Orcust Knightmare has 15 seconds left.\n|inactive|Orcust Knightmare has 10 seconds left.\n|inactive|Orcust Knightmare has 5 seconds left.\n|-message|Orcust Knightmare lost due to inactivity.\n|\n|win|ThePlayerBuster\n|raw|Orcust Knightmare's rating: 1383 &rarr; <strong>1363<\/strong><br \/>(-20 for losing)\n|raw|ThePlayerBuster's rating: 1384 &rarr; <strong>1404<\/strong><br \/>(+20 for winning)\n","uploadtime":1700118399,"views":8,"p1id":"orcustknightmare","p2id":"theplayerbuster","formatid":"gen9ou","rating":1363,"private":0,"password":""}