{"id":"gen9ou-1991112811","p1":"freestylaH","p2":"shmebnor","format":"[Gen 9] OU","log":"|j|\u2606freestylaH\n|j|\u2606shmebnor\n|t:|1700044879\n|gametype|singles\n|player|p1|freestylaH|169|1581\n|player|p2|shmebnor|2|1537\n|teamsize|p1|6\n|teamsize|p2|6\n|gen|9\n|tier|[Gen 9] OU\n|rated|\n|rule|Sleep Clause Mod: Limit one foe put to sleep\n|rule|Species Clause: Limit one of each Pok\u00e9mon\n|rule|OHKO Clause: OHKO moves are banned\n|rule|Evasion Items Clause: Evasion items are banned\n|rule|Evasion Moves Clause: Evasion moves are banned\n|rule|Endless Battle Clause: Forcing endless battles is banned\n|rule|HP Percentage Mod: HP is shown in percentages\n|clearpoke\n|poke|p1|Garganacl, F|\n|poke|p1|Kingambit, M|\n|poke|p1|Samurott-Hisui, M|\n|poke|p1|Moltres|\n|poke|p1|Amoonguss, M|\n|poke|p1|Zamazenta-*|\n|poke|p2|Zamazenta-*|\n|poke|p2|Rotom-Wash|\n|poke|p2|Great Tusk|\n|poke|p2|Kingambit, F|\n|poke|p2|Slowking-Galar, F|\n|poke|p2|Gholdengo|\n|teampreview\n|inactive|Battle timer is ON: inactive players will automatically lose when time's up. (requested by freestylaH)\n|\n|t:|1700044901\n|start\n|switch|p1a: Lynyrd|Moltres|100\/100\n|switch|p2a: Rotom|Rotom-Wash|100\/100\n|turn|1\n|\n|t:|1700044907\n|switch|p1a: Mike|Amoonguss, M|100\/100\n|move|p2a: Rotom|Hydro Pump|p1a: Mike\n|-resisted|p1a: Mike\n|-damage|p1a: Mike|87\/100\n|\n|-heal|p1a: Mike|94\/100|[from] item: Leftovers\n|upkeep\n|turn|2\n|\n|t:|1700044914\n|switch|p1a: Gilette|Samurott-Hisui, M|100\/100\n|move|p2a: Rotom|Will-O-Wisp|p1a: Gilette|[miss]\n|-miss|p2a: Rotom|p1a: Gilette\n|\n|upkeep\n|turn|3\n|\n|t:|1700044918\n|move|p1a: Gilette|Knock Off|p2a: Rotom\n|-damage|p2a: Rotom|72\/100\n|-enditem|p2a: Rotom|Leftovers|[from] move: Knock Off|[of] p1a: Gilette\n|move|p2a: Rotom|Volt Switch|p1a: Gilette\n|-supereffective|p1a: Gilette\n|-damage|p1a: Gilette|68\/100\n|\n|t:|1700044938\n|switch|p2a: Gholdengo|Gholdengo|100\/100|[from] Volt Switch\n|\n|upkeep\n|turn|4\n|\n|t:|1700044944\n|move|p2a: Gholdengo|Focus Blast|p1a: Gilette\n|-supereffective|p1a: Gilette\n|-damage|p1a: Gilette|16\/100\n|move|p1a: Gilette|Knock Off|p2a: Gholdengo\n|-supereffective|p2a: Gholdengo\n|-damage|p2a: Gholdengo|19\/100\n|-enditem|p2a: Gholdengo|Choice Scarf|[from] move: Knock Off|[of] p1a: Gilette\n|\n|upkeep\n|turn|5\n|\n|t:|1700044961\n|switch|p1a: Mike|Amoonguss, M|100\/100\n|move|p2a: Gholdengo|Shadow Ball|p1a: Mike\n|-damage|p1a: Mike|70\/100\n|-unboost|p1a: Mike|spd|1\n|\n|-heal|p1a: Mike|76\/100|[from] item: Leftovers\n|upkeep\n|turn|6\n|\n|t:|1700044965\n|move|p2a: Gholdengo|Make It Rain|p1a: Mike\n|-damage|p1a: Mike|2\/100\n|-unboost|p2a: Gholdengo|spa|1\n|move|p1a: Mike|Foul Play|p2a: Gholdengo\n|-supereffective|p2a: Gholdengo\n|-damage|p2a: Gholdengo|0 fnt\n|faint|p2a: Gholdengo\n|\n|-heal|p1a: Mike|8\/100|[from] item: Leftovers\n|upkeep\n|\n|t:|1700044981\n|switch|p2a: Zamazenta|Zamazenta|100\/100\n|-ability|p2a: Zamazenta|Dauntless Shield|boost\n|-boost|p2a: Zamazenta|def|1\n|turn|7\n|\n|t:|1700044984\n|switch|p1a: Lynyrd|Moltres|100\/100\n|move|p2a: Zamazenta|Substitute|p2a: Zamazenta\n|-start|p2a: Zamazenta|Substitute\n|-damage|p2a: Zamazenta|76\/100\n|\n|-heal|p2a: Zamazenta|82\/100|[from] item: Leftovers\n|upkeep\n|turn|8\n|\n|t:|1700045005\n|switch|p2a: Slowking|Slowking-Galar, F|100\/100\n|move|p1a: Lynyrd|Flamethrower|p2a: Slowking\n|-damage|p2a: Slowking|77\/100\n|\n|upkeep\n|turn|9\n|\n|t:|1700045015\n|move|p1a: Lynyrd|U-turn|p2a: Slowking\n|-damage|p2a: Slowking|61\/100\n|\n|t:|1700045017\n|switch|p1a: Gilette|Samurott-Hisui, M|16\/100|[from] U-turn\n|move|p2a: Slowking|Sludge Bomb|p1a: Gilette\n|-damage|p1a: Gilette|0 fnt\n|faint|p1a: Gilette\n|\n|upkeep\n|\n|t:|1700045020\n|switch|p1a: Henry VIII|Kingambit, M|100\/100\n|-activate|p1a: Henry VIII|ability: Supreme Overlord\n|-start|p1a: Henry VIII|fallen1|[silent]\n|turn|10\n|\n|t:|1700045024\n|-end|p1a: Henry VIII|fallen1|[silent]\n|switch|p1a: Lynyrd|Moltres|100\/100\n|switch|p2a: Rotom|Rotom-Wash|72\/100\n|\n|upkeep\n|turn|11\n|\n|t:|1700045027\n|switch|p1a: Mike|Amoonguss, M|41\/100\n|move|p2a: Rotom|Hydro Pump|p1a: Mike\n|-resisted|p1a: Mike\n|-crit|p1a: Mike\n|-damage|p1a: Mike|23\/100\n|\n|-heal|p1a: Mike|29\/100|[from] item: Leftovers\n|upkeep\n|turn|12\n|\n|t:|1700045030\n|switch|p1a: Evelyn|Garganacl, F|100\/100\n|move|p2a: Rotom|Will-O-Wisp|p1a: Evelyn\n|-immune|p1a: Evelyn|[from] ability: Purifying Salt\n|\n|upkeep\n|turn|13\n|\n|t:|1700045033\n|switch|p1a: Mike|Amoonguss, M|63\/100\n|move|p2a: Rotom|Hydro Pump|p1a: Mike\n|-resisted|p1a: Mike\n|-damage|p1a: Mike|50\/100\n|\n|-heal|p1a: Mike|57\/100|[from] item: Leftovers\n|upkeep\n|turn|14\n|\n|t:|1700045039\n|move|p2a: Rotom|Will-O-Wisp|p1a: Mike\n|-status|p1a: Mike|brn\n|move|p1a: Mike|Spore|p2a: Rotom\n|-status|p2a: Rotom|slp|[from] move: Spore\n|\n|-heal|p1a: Mike|63\/100 brn|[from] item: Leftovers\n|-damage|p1a: Mike|57\/100 brn|[from] brn\n|upkeep\n|turn|15\n|\n|t:|1700045048\n|switch|p1a: Evelyn|Garganacl, F|100\/100\n|cant|p2a: Rotom|slp\n|\n|upkeep\n|turn|16\n|\n|t:|1700045060\n|switch|p2a: Great Tusk|Great Tusk|100\/100\n|move|p1a: Evelyn|Salt Cure|p2a: Great Tusk\n|-resisted|p2a: Great Tusk\n|-damage|p2a: Great Tusk|98\/100\n|-start|p2a: Great Tusk|Salt Cure\n|\n|-damage|p2a: Great Tusk|86\/100|[from] Salt Cure\n|upkeep\n|turn|17\n|\n|t:|1700045064\n|switch|p1a: Lynyrd|Moltres|100\/100\n|move|p2a: Great Tusk|Knock Off|p1a: Lynyrd\n|-damage|p1a: Lynyrd|77\/100\n|-enditem|p1a: Lynyrd|Heavy-Duty Boots|[from] move: Knock Off|[of] p2a: Great Tusk\n|\n|-damage|p2a: Great Tusk|73\/100|[from] Salt Cure\n|upkeep\n|turn|18\n|\n|t:|1700045067\n|move|p2a: Great Tusk|Stealth Rock|p1a: Lynyrd\n|-sidestart|p1: freestylaH|move: Stealth Rock\n|move|p1a: Lynyrd|Hurricane|p2a: Great Tusk|[miss]\n|-miss|p1a: Lynyrd|p2a: Great Tusk\n|\n|-damage|p2a: Great Tusk|61\/100|[from] Salt Cure\n|upkeep\n|turn|19\n|\n|t:|1700045074\n|-end|p2a: Great Tusk|Protosynthesis|[silent]\n|switch|p2a: Slowking|Slowking-Galar, F|95\/100\n|move|p1a: Lynyrd|U-turn|p2a: Slowking\n|-damage|p2a: Slowking|80\/100\n|\n|t:|1700045077\n|switch|p1a: Henry VIII|Kingambit, M|100\/100|[from] U-turn\n|-damage|p1a: Henry VIII|94\/100|[from] Stealth Rock\n|-activate|p1a: Henry VIII|ability: Supreme Overlord\n|-start|p1a: Henry VIII|fallen1|[silent]\n|\n|-heal|p1a: Henry VIII|100\/100|[from] item: Leftovers\n|upkeep\n|turn|20\n|\n|t:|1700045085\n|-end|p1a: Henry VIII|fallen1|[silent]\n|switch|p1a: Clifford|Zamazenta|100\/100\n|-damage|p1a: Clifford|94\/100|[from] Stealth Rock\n|-ability|p1a: Clifford|Dauntless Shield|boost\n|-boost|p1a: Clifford|def|1\n|switch|p2a: Great Tusk|Great Tusk|61\/100\n|\n|-heal|p1a: Clifford|100\/100|[from] item: Leftovers\n|upkeep\n|turn|21\n|\n|t:|1700045088\n|move|p1a: Clifford|Iron Defense|p1a: Clifford\n|-boost|p1a: Clifford|def|2\n|move|p2a: Great Tusk|Knock Off|p1a: Clifford\n|-resisted|p1a: Clifford\n|-damage|p1a: Clifford|95\/100\n|-enditem|p1a: Clifford|Leftovers|[from] move: Knock Off|[of] p2a: Great Tusk\n|\n|upkeep\n|turn|22\n|\n|t:|1700045096\n|-end|p2a: Great Tusk|Protosynthesis|[silent]\n|switch|p2a: Slowking|Slowking-Galar, F|100\/100\n|move|p1a: Clifford|Iron Defense|p1a: Clifford\n|-boost|p1a: Clifford|def|2\n|\n|upkeep\n|turn|23\n|\n|t:|1700045102\n|move|p1a: Clifford|Substitute|p1a: Clifford\n|-start|p1a: Clifford|Substitute\n|-damage|p1a: Clifford|70\/100\n|move|p2a: Slowking|Future Sight|p1a: Clifford\n|-start|p2a: Slowking|move: Future Sight\n|\n|upkeep\n|turn|24\n|l|\u2606freestylaH\n|inactive|freestylaH disconnected and has a minute to reconnect!\n|player|p1|\n|j|\u2606freestylaH\n|inactive|freestylaH reconnected and has 140 seconds left.\n|player|p1|freestylaH|169\n|\n|t:|1700045124\n|switch|p2a: Rotom|Rotom-Wash|72\/100 slp\n|move|p1a: Clifford|Crunch|p2a: Rotom\n|-damage|p2a: Rotom|55\/100 slp\n|\n|upkeep\n|turn|25\n|\n|t:|1700045141\n|switch|p2a: Slowking|Slowking-Galar, F|100\/100\n|move|p1a: Clifford|Body Press|p2a: Slowking\n|-resisted|p2a: Slowking\n|-damage|p2a: Slowking|63\/100\n|\n|-end|p1a: Clifford|move: Future Sight\n|-supereffective|p1a: Clifford\n|-end|p1a: Clifford|Substitute\n|upkeep\n|turn|26\n|\n|t:|1700045147\n|move|p1a: Clifford|Body Press|p2a: Slowking\n|-resisted|p2a: Slowking\n|-damage|p2a: Slowking|26\/100\n|move|p2a: Slowking|Future Sight|p1a: Clifford\n|-start|p2a: Slowking|move: Future Sight\n|\n|upkeep\n|turn|27\n|inactive|shmebnor has 120 seconds left.\n|\n|t:|1700045185\n|move|p1a: Clifford|Substitute|p1a: Clifford\n|-start|p1a: Clifford|Substitute\n|-damage|p1a: Clifford|45\/100\n|move|p2a: Slowking|Sludge Bomb|p1a: Clifford\n|-end|p1a: Clifford|Substitute\n|\n|upkeep\n|turn|28\n|\n|t:|1700045191\n|move|p1a: Clifford|Body Press|p2a: Slowking\n|-resisted|p2a: Slowking\n|-damage|p2a: Slowking|0 fnt\n|faint|p2a: Slowking\n|\n|-end|p1a: Clifford|move: Future Sight\n|-supereffective|p1a: Clifford\n|-damage|p1a: Clifford|0 fnt\n|faint|p1a: Clifford\n|upkeep\n|inactive|shmebnor has 120 seconds left.\n|\n|t:|1700045208\n|switch|p1a: Evelyn|Garganacl, F|100\/100\n|switch|p2a: Rotom|Rotom-Wash|55\/100 slp\n|-damage|p1a: Evelyn|88\/100|[from] Stealth Rock\n|turn|29\n|inactive|shmebnor has 120 seconds left.\n|\n|t:|1700045214\n|cant|p2a: Rotom|slp\n|move|p1a: Evelyn|Salt Cure|p2a: Rotom\n|-damage|p2a: Rotom|43\/100 slp\n|-start|p2a: Rotom|Salt Cure\n|\n|-heal|p1a: Evelyn|94\/100|[from] item: Leftovers\n|-damage|p2a: Rotom|18\/100 slp|[from] Salt Cure\n|upkeep\n|turn|30\n|\n|t:|1700045219\n|move|p1a: Evelyn|Protect|p1a: Evelyn\n|-singleturn|p1a: Evelyn|Protect\n|-curestatus|p2a: Rotom|slp|[msg]\n|move|p2a: Rotom|Hydro Pump|p1a: Evelyn\n|-activate|p1a: Evelyn|move: Protect\n|\n|-heal|p1a: Evelyn|100\/100|[from] item: Leftovers\n|-damage|p2a: Rotom|0 fnt|[from] Salt Cure\n|faint|p2a: Rotom\n|upkeep\n|\n|t:|1700045226\n|switch|p2a: Zamazenta|Zamazenta|82\/100\n|turn|31\n|\n|t:|1700045233\n|switch|p1a: Lynyrd|Moltres|77\/100\n|-damage|p1a: Lynyrd|27\/100|[from] Stealth Rock\n|move|p2a: Zamazenta|Substitute|p2a: Zamazenta\n|-start|p2a: Zamazenta|Substitute\n|-damage|p2a: Zamazenta|57\/100\n|\n|-heal|p2a: Zamazenta|63\/100|[from] item: Leftovers\n|upkeep\n|turn|32\n|\n|t:|1700045237\n|move|p2a: Zamazenta|Iron Defense|p2a: Zamazenta\n|-boost|p2a: Zamazenta|def|2\n|move|p1a: Lynyrd|Roost|p1a: Lynyrd\n|-heal|p1a: Lynyrd|77\/100\n|-singleturn|p1a: Lynyrd|move: Roost\n|\n|-heal|p2a: Zamazenta|69\/100|[from] item: Leftovers\n|upkeep\n|turn|33\n|\n|t:|1700045246\n|move|p2a: Zamazenta|Iron Defense|p2a: Zamazenta\n|-boost|p2a: Zamazenta|def|2\n|move|p1a: Lynyrd|Flamethrower|p2a: Zamazenta\n|-end|p2a: Zamazenta|Substitute\n|\n|-heal|p2a: Zamazenta|76\/100|[from] item: Leftovers\n|upkeep\n|turn|34\n|\n|t:|1700045264\n|-terastallize|p2a: Zamazenta|Steel\n|move|p2a: Zamazenta|Body Press|p1a: Lynyrd\n|-resisted|p1a: Lynyrd\n|-damage|p1a: Lynyrd|34\/100\n|move|p1a: Lynyrd|Flamethrower|p2a: Zamazenta\n|-supereffective|p2a: Zamazenta\n|-damage|p2a: Zamazenta|6\/100\n|\n|-heal|p2a: Zamazenta|12\/100|[from] item: Leftovers\n|upkeep\n|turn|35\n|\n|t:|1700045274\n|move|p2a: Zamazenta|Body Press|p1a: Lynyrd\n|-resisted|p1a: Lynyrd\n|-damage|p1a: Lynyrd|0 fnt\n|faint|p1a: Lynyrd\n|\n|-heal|p2a: Zamazenta|18\/100|[from] item: Leftovers\n|upkeep\n|\n|t:|1700045277\n|switch|p1a: Mike|Amoonguss, M|90\/100 brn\n|-damage|p1a: Mike|78\/100 brn|[from] Stealth Rock\n|turn|36\n|\n|t:|1700045291\n|move|p2a: Zamazenta|Body Press|p1a: Mike\n|-resisted|p1a: Mike\n|-damage|p1a: Mike|20\/100 brn\n|move|p1a: Mike|Spore|p2a: Zamazenta\n|-status|p2a: Zamazenta|slp|[from] move: Spore\n|\n|-heal|p2a: Zamazenta|25\/100 slp|[from] item: Leftovers\n|-heal|p1a: Mike|26\/100 brn|[from] item: Leftovers\n|-damage|p1a: Mike|20\/100 brn|[from] brn\n|upkeep\n|turn|37\n|inactive|shmebnor has 120 seconds left.\n|\n|t:|1700045322\n|cant|p2a: Zamazenta|slp\n|move|p1a: Mike|Grass Knot|p2a: Zamazenta\n|-resisted|p2a: Zamazenta\n|-damage|p2a: Zamazenta|9\/100 slp\n|\n|-heal|p2a: Zamazenta|15\/100 slp|[from] item: Leftovers\n|-heal|p1a: Mike|26\/100 brn|[from] item: Leftovers\n|-damage|p1a: Mike|20\/100 brn|[from] brn\n|upkeep\n|turn|38\n|\n|t:|1700045325\n|-curestatus|p2a: Zamazenta|slp|[msg]\n|move|p2a: Zamazenta|Body Press|p1a: Mike\n|-resisted|p1a: Mike\n|-damage|p1a: Mike|0 fnt\n|faint|p1a: Mike\n|\n|-heal|p2a: Zamazenta|21\/100|[from] item: Leftovers\n|upkeep\n|\n|t:|1700045328\n|switch|p1a: Henry VIII|Kingambit, M|100\/100\n|-damage|p1a: Henry VIII|94\/100|[from] Stealth Rock\n|-activate|p1a: Henry VIII|ability: Supreme Overlord\n|-start|p1a: Henry VIII|fallen4|[silent]\n|turn|39\n|\n|t:|1700045331\n|move|p1a: Henry VIII|Sucker Punch||[still]\n|-fail|p1a: Henry VIII\n|move|p2a: Zamazenta|Iron Defense|p2a: Zamazenta\n|-boost|p2a: Zamazenta|def|2\n|\n|-heal|p2a: Zamazenta|28\/100|[from] item: Leftovers\n|-heal|p1a: Henry VIII|100\/100|[from] item: Leftovers\n|upkeep\n|turn|40\n|\n|t:|1700045336\n|move|p2a: Zamazenta|Substitute|p2a: Zamazenta\n|-start|p2a: Zamazenta|Substitute\n|-damage|p2a: Zamazenta|3\/100\n|move|p1a: Henry VIII|Low Kick|p2a: Zamazenta\n|-supereffective|p2a: Zamazenta\n|-activate|p2a: Zamazenta|move: Substitute|[damage]\n|\n|-heal|p2a: Zamazenta|9\/100|[from] item: Leftovers\n|upkeep\n|turn|41\n|l|\u2606freestylaH\n|inactive|freestylaH disconnected and has a minute to reconnect!\n|player|p1|\n|inactive|freestylaH has 30 seconds to reconnect!\n|inactive|freestylaH has 20 seconds to reconnect!\n|inactive|freestylaH has 15 seconds to reconnect!\n|inactive|freestylaH has 10 seconds to reconnect!\n|j|\u2606freestylaH\n|inactive|freestylaH reconnected and has 85 seconds left.\n|player|p1|freestylaH|169\n|\n|t:|1700045403\n|move|p1a: Henry VIII|Sucker Punch|p2a: Zamazenta\n|-end|p2a: Zamazenta|Substitute\n|move|p2a: Zamazenta|Body Press|p1a: Henry VIII\n|-supereffective|p1a: Henry VIII\n|-damage|p1a: Henry VIII|0 fnt\n|faint|p1a: Henry VIII\n|-end|p1a: Henry VIII|fallen4|[silent]\n|\n|-heal|p2a: Zamazenta|15\/100|[from] item: Leftovers\n|upkeep\n|\n|t:|1700045406\n|switch|p1a: Evelyn|Garganacl, F|100\/100\n|-damage|p1a: Evelyn|88\/100|[from] Stealth Rock\n|turn|42\n|\n|t:|1700045417\n|-terastallize|p1a: Evelyn|Fairy\n|move|p2a: Zamazenta|Body Press|p1a: Evelyn\n|-resisted|p1a: Evelyn\n|-damage|p1a: Evelyn|51\/100\n|move|p1a: Evelyn|Salt Cure|p2a: Zamazenta\n|-resisted|p2a: Zamazenta\n|-damage|p2a: Zamazenta|14\/100\n|-start|p2a: Zamazenta|Salt Cure\n|\n|-heal|p2a: Zamazenta|20\/100|[from] item: Leftovers\n|-heal|p1a: Evelyn|57\/100|[from] item: Leftovers\n|-damage|p2a: Zamazenta|0 fnt|[from] Salt Cure\n|faint|p2a: Zamazenta\n|upkeep\n|\n|t:|1700045421\n|switch|p2a: Kingambit|Kingambit, F|100\/100\n|-activate|p2a: Kingambit|ability: Supreme Overlord\n|-start|p2a: Kingambit|fallen4|[silent]\n|turn|43\n|\n|t:|1700045429\n|move|p2a: Kingambit|Swords Dance|p2a: Kingambit\n|-boost|p2a: Kingambit|atk|2\n|move|p1a: Evelyn|Recover|p1a: Evelyn\n|-heal|p1a: Evelyn|100\/100\n|\n|upkeep\n|turn|44\n|\n|t:|1700045434\n|move|p2a: Kingambit|Swords Dance|p2a: Kingambit\n|-boost|p2a: Kingambit|atk|2\n|move|p1a: Evelyn|Salt Cure|p2a: Kingambit\n|-resisted|p2a: Kingambit\n|-damage|p2a: Kingambit|96\/100\n|-start|p2a: Kingambit|Salt Cure\n|\n|-heal|p2a: Kingambit|100\/100|[from] item: Leftovers\n|-damage|p2a: Kingambit|75\/100|[from] Salt Cure\n|upkeep\n|turn|45\n|\n|t:|1700045439\n|move|p1a: Evelyn|Protect|p1a: Evelyn\n|-singleturn|p1a: Evelyn|Protect\n|move|p2a: Kingambit|Swords Dance|p2a: Kingambit\n|-boost|p2a: Kingambit|atk|2\n|\n|-heal|p2a: Kingambit|82\/100|[from] item: Leftovers\n|-damage|p2a: Kingambit|57\/100|[from] Salt Cure\n|upkeep\n|turn|46\n|\n|t:|1700045444\n|move|p2a: Kingambit|Kowtow Cleave|p1a: Evelyn\n|-resisted|p1a: Evelyn\n|-damage|p1a: Evelyn|25\/100\n|move|p1a: Evelyn|Recover|p1a: Evelyn\n|-heal|p1a: Evelyn|75\/100\n|\n|-heal|p2a: Kingambit|63\/100|[from] item: Leftovers\n|-heal|p1a: Evelyn|81\/100|[from] item: Leftovers\n|-damage|p2a: Kingambit|38\/100|[from] Salt Cure\n|upkeep\n|turn|47\n|\n|t:|1700045450\n|move|p1a: Evelyn|Protect|p1a: Evelyn\n|-singleturn|p1a: Evelyn|Protect\n|move|p2a: Kingambit|Kowtow Cleave|p1a: Evelyn\n|-activate|p1a: Evelyn|move: Protect\n|\n|-heal|p2a: Kingambit|44\/100|[from] item: Leftovers\n|-heal|p1a: Evelyn|87\/100|[from] item: Leftovers\n|-damage|p2a: Kingambit|19\/100|[from] Salt Cure\n|upkeep\n|turn|48\n|\n|t:|1700045452\n|move|p2a: Kingambit|Kowtow Cleave|p1a: Evelyn\n|-resisted|p1a: Evelyn\n|-damage|p1a: Evelyn|11\/100\n|move|p1a: Evelyn|Recover|p1a: Evelyn\n|-heal|p1a: Evelyn|61\/100\n|\n|-heal|p2a: Kingambit|25\/100|[from] item: Leftovers\n|-heal|p1a: Evelyn|68\/100|[from] item: Leftovers\n|-damage|p2a: Kingambit|0 fnt|[from] Salt Cure\n|faint|p2a: Kingambit\n|-end|p2a: Kingambit|fallen4|[silent]\n|upkeep\n|\n|t:|1700045457\n|switch|p2a: Great Tusk|Great Tusk|61\/100\n|turn|49\n|\n|t:|1700045470\n|move|p2a: Great Tusk|Knock Off|p1a: Evelyn\n|-resisted|p1a: Evelyn\n|-damage|p1a: Evelyn|59\/100\n|-enditem|p1a: Evelyn|Leftovers|[from] move: Knock Off|[of] p2a: Great Tusk\n|move|p1a: Evelyn|Recover|p1a: Evelyn\n|-heal|p1a: Evelyn|100\/100\n|\n|upkeep\n|turn|50\n|\n|t:|1700045481\n|move|p2a: Great Tusk|Headlong Rush|p1a: Evelyn\n|-damage|p1a: Evelyn|71\/100\n|-unboost|p2a: Great Tusk|def|1\n|-unboost|p2a: Great Tusk|spd|1\n|move|p1a: Evelyn|Salt Cure|p2a: Great Tusk\n|-resisted|p2a: Great Tusk\n|-damage|p2a: Great Tusk|57\/100\n|-start|p2a: Great Tusk|Salt Cure\n|\n|-damage|p2a: Great Tusk|45\/100|[from] Salt Cure\n|upkeep\n|turn|51\n|-message|shmebnor forfeited.\n|\n|win|freestylaH\n|raw|freestylaH's rating: 1581 &rarr; <strong>1598<\/strong><br \/>(+17 for winning)\n|raw|shmebnor's rating: 1537 &rarr; <strong>1520<\/strong><br \/>(-17 for losing)\n|l|\u2606shmebnor\n","uploadtime":1700045488,"views":4,"p1id":"freestylah","p2id":"shmebnor","formatid":"gen9ou","rating":1520,"private":0,"password":""}