{"id":"gen9ou-1991660689","p1":"gorodavy","p2":"Petergriffinonline","format":"[Gen 9] OU","log":"|j|\u2606gorodavy\n|j|\u2606Petergriffinonline\n|t:|1700099638\n|gametype|singles\n|player|p1|gorodavy|boarder|\n|player|p2|Petergriffinonline|102|\n|teamsize|p1|6\n|teamsize|p2|6\n|gen|9\n|tier|[Gen 9] OU\n|rule|Sleep Clause Mod: Limit one foe put to sleep\n|rule|Species Clause: Limit one of each Pok\u00e9mon\n|rule|OHKO Clause: OHKO moves are banned\n|rule|Evasion Items Clause: Evasion items are banned\n|rule|Evasion Moves Clause: Evasion moves are banned\n|rule|Endless Battle Clause: Forcing endless battles is banned\n|rule|HP Percentage Mod: HP is shown in percentages\n|clearpoke\n|poke|p1|Rillaboom, M|\n|poke|p1|Greninja-*, M|\n|poke|p1|Sneasler, M|\n|poke|p1|Slowking-Galar, M|\n|poke|p1|Heatran, F|\n|poke|p1|Great Tusk|\n|poke|p2|Ribombee, M|\n|poke|p2|Skeledirge, F|\n|poke|p2|Sneasler, F|\n|poke|p2|Iron Treads|\n|poke|p2|Rotom-Wash|\n|poke|p2|Goodra-Hisui, M|\n|teampreview\n|\n|t:|1700099659\n|start\n|switch|p1a: Heatran|Heatran, F, shiny|100\/100\n|switch|p2a: Sneasler|Sneasler, F, shiny|100\/100\n|turn|1\n|\n|t:|1700099686\n|switch|p1a: Great Tusk|Great Tusk|100\/100\n|-enditem|p1a: Great Tusk|Booster Energy\n|-activate|p1a: Great Tusk|ability: Protosynthesis|[fromitem]\n|-start|p1a: Great Tusk|protosynthesisspe\n|move|p2a: Sneasler|Shadow Claw|p1a: Great Tusk\n|-damage|p1a: Great Tusk|85\/100\n|-status|p1a: Great Tusk|psn|[from] ability: Poison Touch|[of] p2a: Sneasler\n|\n|-damage|p1a: Great Tusk|72\/100 psn|[from] psn\n|upkeep\n|turn|2\n|\n|t:|1700099699\n|switch|p2a: Rotom|Rotom-Wash|100\/100\n|move|p1a: Great Tusk|Bulk Up|p1a: Great Tusk\n|-boost|p1a: Great Tusk|atk|1\n|-boost|p1a: Great Tusk|def|1\n|\n|-damage|p1a: Great Tusk|60\/100 psn|[from] psn\n|upkeep\n|turn|3\n|\n|t:|1700099714\n|move|p1a: Great Tusk|Bulk Up|p1a: Great Tusk\n|-boost|p1a: Great Tusk|atk|1\n|-boost|p1a: Great Tusk|def|1\n|move|p2a: Rotom|Hydro Pump|p1a: Great Tusk\n|-supereffective|p1a: Great Tusk\n|-damage|p1a: Great Tusk|0 fnt\n|faint|p1a: Great Tusk\n|-end|p1a: Great Tusk|Protosynthesis|[silent]\n|\n|upkeep\n|\n|t:|1700099722\n|switch|p1a: Rillaboom|Rillaboom, M|100\/100\n|-fieldstart|move: Grassy Terrain|[from] ability: Grassy Surge|[of] p1a: Rillaboom\n|turn|4\n|\n|t:|1700099732\n|switch|p2a: Skeledirge|Skeledirge, F|100\/100\n|move|p1a: Rillaboom|Knock Off|p2a: Skeledirge\n|-supereffective|p2a: Skeledirge\n|-damage|p2a: Skeledirge|53\/100\n|-enditem|p2a: Skeledirge|Throat Spray|[from] move: Knock Off|[of] p1a: Rillaboom\n|\n|-heal|p2a: Skeledirge|59\/100|[from] Grassy Terrain\n|upkeep\n|turn|5\n|\n|t:|1700099754\n|switch|p1a: Heatran|Heatran, F, shiny|100\/100\n|move|p2a: Skeledirge|Torch Song|p1a: Heatran\n|-start|p1a: Heatran|ability: Flash Fire\n|\n|-heal|p2a: Skeledirge|66\/100|[from] Grassy Terrain\n|upkeep\n|turn|6\n|\n|t:|1700099761\n|switch|p2a: Goodra|Goodra-Hisui, M|100\/100\n|move|p1a: Heatran|Magma Storm|p2a: Goodra\n|-damage|p2a: Goodra|65\/100\n|-activate|p2a: Goodra|move: Magma Storm|[of] p1a: Heatran\n|\n|-heal|p2a: Goodra|71\/100|[from] Grassy Terrain\n|-damage|p2a: Goodra|58\/100|[from] move: Magma Storm|[partiallytrapped]\n|upkeep\n|turn|7\n|\n|t:|1700099770\n|move|p1a: Heatran|Earth Power|p2a: Goodra\n|-supereffective|p2a: Goodra\n|-damage|p2a: Goodra|26\/100\n|move|p2a: Goodra|Earthquake|p1a: Heatran\n|-supereffective|p1a: Heatran\n|-damage|p1a: Heatran|60\/100\n|\n|-heal|p1a: Heatran|66\/100|[from] Grassy Terrain\n|-heal|p2a: Goodra|32\/100|[from] Grassy Terrain\n|-damage|p2a: Goodra|19\/100|[from] move: Magma Storm|[partiallytrapped]\n|upkeep\n|turn|8\n|\n|t:|1700099780\n|move|p1a: Heatran|Earth Power|p2a: Goodra\n|-supereffective|p2a: Goodra\n|-damage|p2a: Goodra|0 fnt\n|faint|p2a: Goodra\n|\n|-heal|p1a: Heatran|72\/100|[from] Grassy Terrain\n|-fieldend|move: Grassy Terrain\n|upkeep\n|\n|t:|1700099791\n|switch|p2a: Rotom|Rotom-Wash|100\/100\n|turn|9\n|\n|t:|1700099801\n|-end|p1a: Heatran|ability: Flash Fire|[silent]\n|switch|p1a: Slowking|Slowking-Galar, M|100\/100\n|move|p2a: Rotom|Trick|p1a: Slowking\n|-activate|p2a: Rotom|move: Trick|[of] p1a: Slowking\n|-item|p1a: Slowking|Choice Scarf|[from] move: Trick\n|-item|p2a: Rotom|Assault Vest|[from] move: Trick\n|\n|upkeep\n|turn|10\n|\n|t:|1700099812\n|move|p2a: Rotom|Volt Switch|p1a: Slowking\n|-damage|p1a: Slowking|82\/100\n|\n|t:|1700099818\n|switch|p2a: Iron Treads|Iron Treads|100\/100|[from] Volt Switch\n|-enditem|p2a: Iron Treads|Booster Energy\n|-activate|p2a: Iron Treads|ability: Quark Drive|[fromitem]\n|-start|p2a: Iron Treads|quarkdrivespe\n|move|p1a: Slowking|Future Sight|p2a: Iron Treads\n|-start|p1a: Slowking|move: Future Sight\n|\n|upkeep\n|turn|11\n|\n|t:|1700099832\n|switch|p1a: Rillaboom|Rillaboom, M|100\/100\n|-fieldstart|move: Grassy Terrain|[from] ability: Grassy Surge|[of] p1a: Rillaboom\n|move|p2a: Iron Treads|Earthquake|p1a: Rillaboom\n|-resisted|p1a: Rillaboom\n|-damage|p1a: Rillaboom|89\/100\n|\n|-heal|p1a: Rillaboom|95\/100|[from] Grassy Terrain\n|upkeep\n|turn|12\n|\n|t:|1700099843\n|move|p2a: Iron Treads|Knock Off|p1a: Rillaboom\n|-damage|p1a: Rillaboom|69\/100\n|-enditem|p1a: Rillaboom|Heavy-Duty Boots|[from] move: Knock Off|[of] p2a: Iron Treads\n|move|p1a: Rillaboom|Swords Dance|p1a: Rillaboom\n|-boost|p1a: Rillaboom|atk|2\n|\n|-end|p2a: Iron Treads|move: Future Sight\n|-resisted|p2a: Iron Treads\n|-damage|p2a: Iron Treads|64\/100\n|-heal|p2a: Iron Treads|70\/100|[from] Grassy Terrain\n|-heal|p1a: Rillaboom|75\/100|[from] Grassy Terrain\n|upkeep\n|turn|13\n|\n|t:|1700099851\n|move|p1a: Rillaboom|Grassy Glide|p2a: Iron Treads\n|-damage|p2a: Iron Treads|1\/100\n|move|p2a: Iron Treads|Volt Switch|p1a: Rillaboom\n|-resisted|p1a: Rillaboom\n|-damage|p1a: Rillaboom|68\/100\n|\n|t:|1700099857\n|-end|p2a: Iron Treads|Quark Drive|[silent]\n|switch|p2a: Ribombee|Ribombee, M|100\/100|[from] Volt Switch\n|\n|-heal|p1a: Rillaboom|74\/100|[from] Grassy Terrain\n|upkeep\n|turn|14\n|\n|t:|1700099864\n|move|p2a: Ribombee|Bug Buzz|p1a: Rillaboom\n|-supereffective|p1a: Rillaboom\n|-damage|p1a: Rillaboom|0 fnt\n|faint|p1a: Rillaboom\n|\n|upkeep\n|\n|t:|1700099867\n|switch|p1a: Heatran|Heatran, F, shiny|72\/100\n|turn|15\n|\n|t:|1700099870\n|move|p2a: Ribombee|Sticky Web|p1a: Heatran\n|-sidestart|p1: gorodavy|move: Sticky Web\n|move|p1a: Heatran|Magma Storm|p2a: Ribombee\n|-supereffective|p2a: Ribombee\n|-crit|p2a: Ribombee\n|-enditem|p2a: Ribombee|Focus Sash\n|-damage|p2a: Ribombee|1\/100\n|-activate|p2a: Ribombee|move: Magma Storm|[of] p1a: Heatran\n|\n|-heal|p2a: Ribombee|7\/100|[from] Grassy Terrain\n|-heal|p1a: Heatran|78\/100|[from] Grassy Terrain\n|-damage|p2a: Ribombee|0 fnt|[from] move: Magma Storm|[partiallytrapped]\n|faint|p2a: Ribombee\n|-fieldend|move: Grassy Terrain\n|upkeep\n|\n|t:|1700099881\n|switch|p2a: Sneasler|Sneasler, F, shiny|100\/100\n|turn|16\n|\n|t:|1700099891\n|-terastallize|p1a: Heatran|Fairy\n|move|p2a: Sneasler|Switcheroo|p1a: Heatran\n|-activate|p2a: Sneasler|move: Trick|[of] p1a: Heatran\n|-item|p1a: Heatran|Choice Scarf|[from] move: Switcheroo\n|-item|p2a: Sneasler|Heavy-Duty Boots|[from] move: Switcheroo\n|move|p1a: Heatran|Earth Power|p2a: Sneasler\n|-supereffective|p2a: Sneasler\n|-damage|p2a: Sneasler|19\/100\n|\n|upkeep\n|turn|17\n|\n|t:|1700099902\n|move|p1a: Heatran|Earth Power|p2a: Sneasler\n|-supereffective|p2a: Sneasler\n|-damage|p2a: Sneasler|0 fnt\n|faint|p2a: Sneasler\n|\n|upkeep\n|\n|t:|1700099904\n|switch|p2a: Skeledirge|Skeledirge, F|66\/100\n|turn|18\n|\n|t:|1700099923\n|-terastallize|p2a: Skeledirge|Grass\n|move|p1a: Heatran|Earth Power|p2a: Skeledirge\n|-resisted|p2a: Skeledirge\n|-damage|p2a: Skeledirge|50\/100\n|move|p2a: Skeledirge|Shadow Ball|p1a: Heatran\n|-damage|p1a: Heatran|48\/100\n|\n|upkeep\n|turn|19\n|\n|t:|1700099940\n|switch|p1a: Slowking|Slowking-Galar, M|100\/100\n|-activate|p1a: Slowking|move: Sticky Web\n|-unboost|p1a: Slowking|spe|1\n|switch|p2a: Rotom|Rotom-Wash|100\/100\n|\n|upkeep\n|turn|20\n|\n|t:|1700099944\n|move|p2a: Rotom|Hydro Pump|p1a: Slowking\n|-damage|p1a: Slowking|72\/100\n|move|p1a: Slowking|Future Sight|p2a: Rotom\n|-start|p1a: Slowking|move: Future Sight\n|\n|upkeep\n|turn|21\n|\n|t:|1700099960\n|switch|p1a: Heatran|Heatran, F, shiny, tera:Fairy|48\/100\n|-activate|p1a: Heatran|move: Sticky Web\n|-unboost|p1a: Heatran|spe|1\n|move|p2a: Rotom|Hydro Pump|p1a: Heatran\n|-damage|p1a: Heatran|10\/100\n|\n|upkeep\n|turn|22\n|\n|t:|1700099971\n|move|p2a: Rotom|Volt Switch|p1a: Heatran\n|-damage|p1a: Heatran|0 fnt\n|faint|p1a: Heatran\n|\n|t:|1700099979\n|switch|p2a: Iron Treads|Iron Treads|1\/100|[from] Volt Switch\n|\n|-end|p2a: Iron Treads|move: Future Sight\n|-resisted|p2a: Iron Treads\n|-damage|p2a: Iron Treads|0 fnt\n|faint|p2a: Iron Treads\n|-end|p2a: Iron Treads|Quark Drive|[silent]\n|upkeep\n|\n|t:|1700100000\n|switch|p2a: Skeledirge|Skeledirge, F, tera:Grass|50\/100\n|switch|p1a: Slowking|Slowking-Galar, M|100\/100\n|-activate|p1a: Slowking|move: Sticky Web\n|-unboost|p1a: Slowking|spe|1\n|turn|23\n|\n|t:|1700100010\n|move|p2a: Skeledirge|Shadow Ball|p1a: Slowking\n|-supereffective|p1a: Slowking\n|-damage|p1a: Slowking|59\/100\n|move|p1a: Slowking|Future Sight|p2a: Skeledirge\n|-start|p1a: Slowking|move: Future Sight\n|\n|upkeep\n|turn|24\n|\n|t:|1700100016\n|switch|p1a: Greninja|Greninja, M|100\/100\n|-activate|p1a: Greninja|move: Sticky Web\n|-unboost|p1a: Greninja|spe|1\n|move|p2a: Skeledirge|Slack Off|p2a: Skeledirge\n|-heal|p2a: Skeledirge|99\/100\n|\n|upkeep\n|turn|25\n|\n|t:|1700100023\n|move|p1a: Greninja|Ice Beam|p2a: Skeledirge\n|-supereffective|p2a: Skeledirge\n|-damage|p2a: Skeledirge|19\/100\n|-damage|p1a: Greninja|91\/100|[from] item: Life Orb\n|move|p2a: Skeledirge|Tera Blast|p1a: Greninja|[anim] Tera Blast Grass\n|-supereffective|p1a: Greninja\n|-damage|p1a: Greninja|0 fnt\n|faint|p1a: Greninja\n|\n|-end|p2a: Skeledirge|move: Future Sight\n|-damage|p2a: Skeledirge|0 fnt\n|faint|p2a: Skeledirge\n|upkeep\n|\n|t:|1700100031\n|switch|p1a: Slowking|Slowking-Galar, M|93\/100\n|switch|p2a: Rotom|Rotom-Wash|100\/100\n|-activate|p1a: Slowking|move: Sticky Web\n|-unboost|p1a: Slowking|spe|1\n|turn|26\n|l|\u2606Petergriffinonline\n|player|p2|\n|j|\u2606Petergriffinonline\n|player|p2|Petergriffinonline|102\n|\n|t:|1700100041\n|move|p2a: Rotom|Hydro Pump|p1a: Slowking\n|-damage|p1a: Slowking|64\/100\n|move|p1a: Slowking|Sludge Bomb|p2a: Rotom\n|-damage|p2a: Rotom|61\/100\n|-status|p2a: Rotom|psn\n|\n|-damage|p2a: Rotom|48\/100 psn|[from] psn\n|upkeep\n|turn|27\n|\n|t:|1700100046\n|move|p2a: Rotom|Hydro Pump|p1a: Slowking\n|-damage|p1a: Slowking|34\/100\n|move|p1a: Slowking|Sludge Bomb|p2a: Rotom\n|-damage|p2a: Rotom|13\/100 psn\n|\n|-damage|p2a: Rotom|1\/100 psn|[from] psn\n|upkeep\n|turn|28\n|\n|t:|1700100052\n|move|p2a: Rotom|Hydro Pump|p1a: Slowking\n|-damage|p1a: Slowking|2\/100\n|move|p1a: Slowking|Sludge Bomb|p2a: Rotom\n|-damage|p2a: Rotom|0 fnt\n|faint|p2a: Rotom\n|\n|win|gorodavy\n|l|\u2606Petergriffinonline\n","uploadtime":1700100060,"views":12,"p1id":"gorodavy","p2id":"petergriffinonline","formatid":"gen9ou","rating":0,"private":0,"password":""}