{"id":"gen9ou-1999570390","p1":"CangYuLiuSu","p2":"Mapel_feng","format":"[Gen 9] OU","log":"|j|\u2606CangYuLiuSu\n|j|\u2606Mapel_feng\n|t:|1701097203\n|gametype|singles\n|player|p1|CangYuLiuSu|265|1142\n|player|p2|Mapel_feng|2|1145\n|teamsize|p1|6\n|teamsize|p2|6\n|gen|9\n|tier|[Gen 9] OU\n|rated|\n|rule|Sleep Clause Mod: Limit one foe put to sleep\n|rule|Species Clause: Limit one of each Pok\u00e9mon\n|rule|OHKO Clause: OHKO moves are banned\n|rule|Evasion Items Clause: Evasion items are banned\n|rule|Evasion Moves Clause: Evasion moves are banned\n|rule|Endless Battle Clause: Forcing endless battles is banned\n|rule|HP Percentage Mod: HP is shown in percentages\n|clearpoke\n|poke|p1|Iron Valiant|\n|poke|p1|Kingambit, M|\n|poke|p1|Dragonite, F|\n|poke|p1|Gholdengo|\n|poke|p1|Dondozo, M|\n|poke|p1|Hydreigon, F|\n|poke|p2|Toxapex, F|\n|poke|p2|Chansey, F|\n|poke|p2|Mimikyu, F|\n|poke|p2|Landorus-Therian, M|\n|poke|p2|Dragonite, F|\n|poke|p2|Great Tusk|\n|teampreview\n|inactive|Battle timer is ON: inactive players will automatically lose when time's up. (requested by CangYuLiuSu)\n|\n|t:|1701097212\n|start\n|switch|p1a: Gholdengo|Gholdengo|100\/100\n|switch|p2a: Dragonite|Dragonite, F|100\/100\n|-item|p1a: Gholdengo|Air Balloon\n|turn|1\n|\n|t:|1701097226\n|switch|p2a: Chansey|Chansey, F|100\/100\n|move|p1a: Gholdengo|Substitute|p1a: Gholdengo\n|-start|p1a: Gholdengo|Substitute\n|-damage|p1a: Gholdengo|76\/100\n|\n|upkeep\n|turn|2\n|\n|t:|1701097234\n|move|p1a: Gholdengo|Nasty Plot|p1a: Gholdengo\n|-boost|p1a: Gholdengo|spa|2\n|move|p2a: Chansey|Seismic Toss|p1a: Gholdengo\n|-immune|p1a: Gholdengo\n|\n|upkeep\n|turn|3\n|\n|t:|1701097251\n|switch|p2a: Mimikyu|Mimikyu, F|100\/100\n|move|p1a: Gholdengo|Nasty Plot|p1a: Gholdengo\n|-boost|p1a: Gholdengo|spa|2\n|\n|upkeep\n|turn|4\n|\n|t:|1701097260\n|move|p2a: Mimikyu|Shadow Sneak|p1a: Gholdengo\n|-supereffective|p1a: Gholdengo\n|-crit|p1a: Gholdengo\n|-end|p1a: Gholdengo|Substitute\n|-enditem|p1a: Gholdengo|Air Balloon\n|-damage|p2a: Mimikyu|91\/100|[from] item: Life Orb\n|move|p1a: Gholdengo|Shadow Ball|p2a: Mimikyu\n|-activate|p2a: Mimikyu|ability: Disguise\n|-damage|p2a: Mimikyu|91\/100\n|detailschange|p2a: Mimikyu|Mimikyu-Busted, F\n|-damage|p2a: Mimikyu|78\/100|[from] pokemon: Mimikyu-Busted\n|\n|upkeep\n|turn|5\n|\n|t:|1701097273\n|move|p2a: Mimikyu|Destiny Bond|p2a: Mimikyu\n|-singlemove|p2a: Mimikyu|Destiny Bond\n|move|p1a: Gholdengo|Shadow Ball|p2a: Mimikyu\n|-supereffective|p2a: Mimikyu\n|-damage|p2a: Mimikyu|0 fnt\n|faint|p2a: Mimikyu\n|-activate|p2a: Mimikyu|move: Destiny Bond\n|faint|p1a: Gholdengo\n|\n|upkeep\n|\n|t:|1701097287\n|switch|p2a: Toxapex|Toxapex, F|100\/100\n|switch|p1a: Dragonite|Dragonite, F, shiny|100\/100\n|turn|6\n|\n|t:|1701097295\n|move|p1a: Dragonite|Earthquake|p2a: Toxapex\n|-supereffective|p2a: Toxapex\n|-damage|p2a: Toxapex|30\/100\n|move|p2a: Toxapex|Ice Spinner|p1a: Dragonite\n|-supereffective|p1a: Dragonite\n|-damage|p1a: Dragonite|75\/100\n|\n|-heal|p2a: Toxapex|36\/100|[from] item: Black Sludge\n|upkeep\n|turn|7\n|\n|t:|1701097307\n|switch|p2a: Landorus|Landorus-Therian, M|100\/100\n|-ability|p2a: Landorus|Intimidate|boost\n|-unboost|p1a: Dragonite|atk|1\n|move|p1a: Dragonite|Earthquake|p2a: Landorus\n|-immune|p2a: Landorus\n|\n|upkeep\n|turn|8\n|\n|t:|1701097331\n|switch|p1a: Iron Valiant|Iron Valiant|100\/100\n|-enditem|p1a: Iron Valiant|Booster Energy\n|-activate|p1a: Iron Valiant|ability: Quark Drive|[fromitem]\n|-start|p1a: Iron Valiant|quarkdrivespe\n|move|p2a: Landorus|Rock Slide|p1a: Iron Valiant\n|-resisted|p1a: Iron Valiant\n|-damage|p1a: Iron Valiant|81\/100\n|\n|upkeep\n|turn|9\n|\n|t:|1701097347\n|switch|p2a: Toxapex|Toxapex, F|70\/100\n|move|p1a: Iron Valiant|Dazzling Gleam|p2a: Toxapex\n|-resisted|p2a: Toxapex\n|-damage|p2a: Toxapex|54\/100\n|\n|-heal|p2a: Toxapex|60\/100|[from] item: Black Sludge\n|upkeep\n|turn|10\n|\n|t:|1701097357\n|switch|p2a: Chansey|Chansey, F|100\/100\n|move|p1a: Iron Valiant|Thunderbolt|p2a: Chansey\n|-damage|p2a: Chansey|91\/100\n|\n|upkeep\n|turn|11\n|\n|t:|1701097366\n|-end|p1a: Iron Valiant|Quark Drive|[silent]\n|switch|p1a: Dondozo|Dondozo, M, shiny|100\/100\n|move|p2a: Chansey|Stealth Rock|p1a: Dondozo\n|-sidestart|p1: CangYuLiuSu|move: Stealth Rock\n|\n|upkeep\n|turn|12\n|inactive|CangYuLiuSu has 120 seconds left.\n|l|\u2606CangYuLiuSu\n|inactive|CangYuLiuSu disconnected and has a minute to reconnect!\n|player|p1|\n|inactive|CangYuLiuSu has 30 seconds to reconnect!\n|inactive|CangYuLiuSu has 20 seconds to reconnect!\n|inactive|CangYuLiuSu has 15 seconds to reconnect!\n|inactive|CangYuLiuSu has 10 seconds to reconnect!\n|j|\u2606CangYuLiuSu\n|inactive|CangYuLiuSu reconnected and has 70 seconds left.\n|player|p1|CangYuLiuSu|265\n|\n|t:|1701097449\n|move|p2a: Chansey|Seismic Toss|p1a: Dondozo\n|-damage|p1a: Dondozo|79\/100\n|move|p1a: Dondozo|Curse|p1a: Dondozo\n|-unboost|p1a: Dondozo|spe|1\n|-boost|p1a: Dondozo|atk|1\n|-boost|p1a: Dondozo|def|1\n|\n|-heal|p1a: Dondozo|85\/100|[from] item: Leftovers\n|upkeep\n|turn|13\n|\n|t:|1701097467\n|switch|p2a: Toxapex|Toxapex, F|93\/100\n|move|p1a: Dondozo|Curse|p1a: Dondozo\n|-unboost|p1a: Dondozo|spe|1\n|-boost|p1a: Dondozo|atk|1\n|-boost|p1a: Dondozo|def|1\n|\n|-heal|p2a: Toxapex|99\/100|[from] item: Black Sludge\n|-heal|p1a: Dondozo|92\/100|[from] item: Leftovers\n|upkeep\n|turn|14\n|\n|t:|1701097478\n|move|p2a: Toxapex|Toxic Spikes|p1a: Dondozo\n|-sidestart|p1: CangYuLiuSu|move: Toxic Spikes\n|move|p1a: Dondozo|Wave Crash|p2a: Toxapex\n|-resisted|p2a: Toxapex\n|-damage|p2a: Toxapex|75\/100\n|-damage|p1a: Dondozo|86\/100|[from] Recoil\n|\n|-heal|p2a: Toxapex|81\/100|[from] item: Black Sludge\n|-heal|p1a: Dondozo|92\/100|[from] item: Leftovers\n|upkeep\n|turn|15\n|\n|t:|1701097488\n|move|p2a: Toxapex|Toxic Spikes|p1a: Dondozo\n|-sidestart|p1: CangYuLiuSu|move: Toxic Spikes\n|move|p1a: Dondozo|Curse|p1a: Dondozo\n|-unboost|p1a: Dondozo|spe|1\n|-boost|p1a: Dondozo|atk|1\n|-boost|p1a: Dondozo|def|1\n|\n|-heal|p2a: Toxapex|87\/100|[from] item: Black Sludge\n|-heal|p1a: Dondozo|99\/100|[from] item: Leftovers\n|upkeep\n|turn|16\n|\n|t:|1701097500\n|move|p2a: Toxapex|Baneful Bunker|p2a: Toxapex\n|-singleturn|p2a: Toxapex|move: Protect\n|move|p1a: Dondozo|Curse|p1a: Dondozo\n|-unboost|p1a: Dondozo|spe|1\n|-boost|p1a: Dondozo|atk|1\n|-boost|p1a: Dondozo|def|1\n|\n|-heal|p2a: Toxapex|93\/100|[from] item: Black Sludge\n|-heal|p1a: Dondozo|100\/100|[from] item: Leftovers\n|upkeep\n|turn|17\n|inactive|CangYuLiuSu has 90 seconds left.\n|\n|t:|1701097511\n|move|p2a: Toxapex|Ice Spinner|p1a: Dondozo\n|-resisted|p1a: Dondozo\n|-damage|p1a: Dondozo|99\/100\n|move|p1a: Dondozo|Curse|p1a: Dondozo\n|-unboost|p1a: Dondozo|spe|1\n|-boost|p1a: Dondozo|atk|1\n|-boost|p1a: Dondozo|def|1\n|\n|-heal|p2a: Toxapex|99\/100|[from] item: Black Sludge\n|-heal|p1a: Dondozo|100\/100|[from] item: Leftovers\n|upkeep\n|turn|18\n|inactive|CangYuLiuSu has 90 seconds left.\n|\n|t:|1701097522\n|move|p2a: Toxapex|Ice Spinner|p1a: Dondozo\n|-resisted|p1a: Dondozo\n|-damage|p1a: Dondozo|99\/100\n|move|p1a: Dondozo|Curse|p1a: Dondozo\n|-unboost|p1a: Dondozo|spe|1\n|-boost|p1a: Dondozo|atk|1\n|-boost|p1a: Dondozo|def|1\n|\n|-heal|p2a: Toxapex|100\/100|[from] item: Black Sludge\n|-heal|p1a: Dondozo|100\/100|[from] item: Leftovers\n|upkeep\n|turn|19\n|inactive|CangYuLiuSu has 90 seconds left.\n|\n|t:|1701097533\n|move|p2a: Toxapex|Baneful Bunker|p2a: Toxapex\n|-singleturn|p2a: Toxapex|move: Protect\n|move|p1a: Dondozo|Wave Crash|p2a: Toxapex\n|-activate|p2a: Toxapex|move: Protect\n|-status|p1a: Dondozo|psn\n|\n|-damage|p1a: Dondozo|88\/100 psn|[from] psn\n|upkeep\n|turn|20\n|inactive|CangYuLiuSu has 90 seconds left.\n|\n|t:|1701097547\n|move|p2a: Toxapex|Ice Spinner|p1a: Dondozo\n|-resisted|p1a: Dondozo\n|-damage|p1a: Dondozo|87\/100 psn\n|move|p1a: Dondozo|Wave Crash|p2a: Toxapex\n|-resisted|p2a: Toxapex\n|-damage|p2a: Toxapex|50\/100\n|-damage|p1a: Dondozo|77\/100 psn|[from] Recoil\n|\n|-heal|p2a: Toxapex|57\/100|[from] item: Black Sludge\n|-heal|p1a: Dondozo|83\/100 psn|[from] item: Leftovers\n|-damage|p1a: Dondozo|71\/100 psn|[from] psn\n|upkeep\n|turn|21\n|inactive|CangYuLiuSu has 90 seconds left.\n|\n|t:|1701097564\n|move|p2a: Toxapex|Baneful Bunker|p2a: Toxapex\n|-singleturn|p2a: Toxapex|move: Protect\n|move|p1a: Dondozo|Rest|p1a: Dondozo\n|-status|p1a: Dondozo|slp|[from] move: Rest\n|-heal|p1a: Dondozo|100\/100 slp|[silent]\n|\n|-heal|p2a: Toxapex|63\/100|[from] item: Black Sludge\n|upkeep\n|turn|22\n|inactive|CangYuLiuSu has 90 seconds left.\n|\n|t:|1701097588\n|move|p2a: Toxapex|Recover|p2a: Toxapex\n|-heal|p2a: Toxapex|100\/100\n|cant|p1a: Dondozo|slp\n|move|p1a: Dondozo|Sleep Talk|p1a: Dondozo\n|move|p1a: Dondozo|Curse|p1a: Dondozo|[from]move: Sleep Talk\n|\n|upkeep\n|turn|23\n|\n|t:|1701097598\n|move|p2a: Toxapex|Toxic Spikes||[still]\n|-fail|p2a: Toxapex\n|cant|p1a: Dondozo|slp\n|move|p1a: Dondozo|Sleep Talk|p1a: Dondozo\n|move|p1a: Dondozo|Rest||[from]move: Sleep Talk|[still]\n|-fail|p1a: Dondozo\n|\n|upkeep\n|turn|24\n|\n|t:|1701097607\n|move|p2a: Toxapex|Toxic Spikes||[still]\n|-fail|p2a: Toxapex\n|-curestatus|p1a: Dondozo|slp|[msg]\n|move|p1a: Dondozo|Wave Crash|p2a: Toxapex\n|-resisted|p2a: Toxapex\n|-damage|p2a: Toxapex|53\/100\n|-damage|p1a: Dondozo|90\/100|[from] Recoil\n|\n|-heal|p2a: Toxapex|59\/100|[from] item: Black Sludge\n|-heal|p1a: Dondozo|96\/100|[from] item: Leftovers\n|upkeep\n|turn|25\n|inactive|CangYuLiuSu has 90 seconds left.\n|\n|t:|1701097619\n|move|p2a: Toxapex|Baneful Bunker|p2a: Toxapex\n|-singleturn|p2a: Toxapex|move: Protect\n|move|p1a: Dondozo|Curse|p1a: Dondozo\n|\n|-heal|p2a: Toxapex|66\/100|[from] item: Black Sludge\n|-heal|p1a: Dondozo|100\/100|[from] item: Leftovers\n|upkeep\n|turn|26\n|inactive|CangYuLiuSu has 90 seconds left.\n|\n|t:|1701097627\n|move|p2a: Toxapex|Recover|p2a: Toxapex\n|-heal|p2a: Toxapex|100\/100\n|move|p1a: Dondozo|Wave Crash|p2a: Toxapex\n|-resisted|p2a: Toxapex\n|-damage|p2a: Toxapex|50\/100\n|-damage|p1a: Dondozo|90\/100|[from] Recoil\n|\n|-heal|p2a: Toxapex|56\/100|[from] item: Black Sludge\n|-heal|p1a: Dondozo|96\/100|[from] item: Leftovers\n|upkeep\n|turn|27\n|\n|t:|1701097638\n|move|p2a: Toxapex|Recover|p2a: Toxapex\n|-heal|p2a: Toxapex|100\/100\n|move|p1a: Dondozo|Wave Crash|p2a: Toxapex\n|-resisted|p2a: Toxapex\n|-damage|p2a: Toxapex|50\/100\n|-damage|p1a: Dondozo|85\/100|[from] Recoil\n|\n|-heal|p2a: Toxapex|56\/100|[from] item: Black Sludge\n|-heal|p1a: Dondozo|92\/100|[from] item: Leftovers\n|upkeep\n|turn|28\n|\n|t:|1701097649\n|move|p2a: Toxapex|Baneful Bunker|p2a: Toxapex\n|-singleturn|p2a: Toxapex|move: Protect\n|move|p1a: Dondozo|Curse|p1a: Dondozo\n|\n|-heal|p2a: Toxapex|63\/100|[from] item: Black Sludge\n|-heal|p1a: Dondozo|98\/100|[from] item: Leftovers\n|upkeep\n|turn|29\n|\n|t:|1701097657\n|move|p2a: Toxapex|Recover|p2a: Toxapex\n|-heal|p2a: Toxapex|100\/100\n|move|p1a: Dondozo|Wave Crash|p2a: Toxapex\n|-resisted|p2a: Toxapex\n|-damage|p2a: Toxapex|50\/100\n|-damage|p1a: Dondozo|87\/100|[from] Recoil\n|\n|-heal|p2a: Toxapex|57\/100|[from] item: Black Sludge\n|-heal|p1a: Dondozo|93\/100|[from] item: Leftovers\n|upkeep\n|turn|30\n|inactive|CangYuLiuSu has 90 seconds left.\n|\n|t:|1701097701\n|move|p2a: Toxapex|Baneful Bunker|p2a: Toxapex\n|-singleturn|p2a: Toxapex|move: Protect\n|move|p1a: Dondozo|Wave Crash|p2a: Toxapex\n|-activate|p2a: Toxapex|move: Protect\n|-status|p1a: Dondozo|psn\n|\n|-heal|p2a: Toxapex|63\/100|[from] item: Black Sludge\n|-heal|p1a: Dondozo|99\/100 psn|[from] item: Leftovers\n|-damage|p1a: Dondozo|87\/100 psn|[from] psn\n|upkeep\n|turn|31\n|\n|t:|1701097723\n|move|p2a: Toxapex|Recover|p2a: Toxapex\n|-heal|p2a: Toxapex|100\/100\n|move|p1a: Dondozo|Wave Crash|p2a: Toxapex\n|-resisted|p2a: Toxapex\n|-damage|p2a: Toxapex|52\/100\n|-damage|p1a: Dondozo|77\/100 psn|[from] Recoil\n|\n|-heal|p2a: Toxapex|58\/100|[from] item: Black Sludge\n|-heal|p1a: Dondozo|83\/100 psn|[from] item: Leftovers\n|-damage|p1a: Dondozo|71\/100 psn|[from] psn\n|upkeep\n|turn|32\n|\n|t:|1701097736\n|move|p2a: Toxapex|Ice Spinner|p1a: Dondozo\n|-resisted|p1a: Dondozo\n|-damage|p1a: Dondozo|70\/100 psn\n|move|p1a: Dondozo|Rest|p1a: Dondozo\n|-status|p1a: Dondozo|slp|[from] move: Rest\n|-heal|p1a: Dondozo|100\/100 slp|[silent]\n|\n|-heal|p2a: Toxapex|64\/100|[from] item: Black Sludge\n|upkeep\n|turn|33\n|\n|t:|1701097753\n|move|p2a: Toxapex|Ice Spinner|p1a: Dondozo\n|-resisted|p1a: Dondozo\n|-damage|p1a: Dondozo|99\/100 slp\n|cant|p1a: Dondozo|slp\n|move|p1a: Dondozo|Sleep Talk|p1a: Dondozo\n|move|p1a: Dondozo|Wave Crash|p2a: Toxapex|[from]move: Sleep Talk\n|-resisted|p2a: Toxapex\n|-damage|p2a: Toxapex|16\/100\n|-damage|p1a: Dondozo|89\/100 slp|[from] Recoil\n|\n|-heal|p2a: Toxapex|22\/100|[from] item: Black Sludge\n|-heal|p1a: Dondozo|95\/100 slp|[from] item: Leftovers\n|upkeep\n|turn|34\n|inactive|CangYuLiuSu has 90 seconds left.\n|\n|t:|1701097768\n|move|p2a: Toxapex|Recover|p2a: Toxapex\n|-heal|p2a: Toxapex|72\/100\n|cant|p1a: Dondozo|slp\n|move|p1a: Dondozo|Sleep Talk|p1a: Dondozo\n|move|p1a: Dondozo|Curse|p1a: Dondozo|[from]move: Sleep Talk\n|\n|-heal|p2a: Toxapex|78\/100|[from] item: Black Sludge\n|-heal|p1a: Dondozo|100\/100 slp|[from] item: Leftovers\n|upkeep\n|turn|35\n|inactive|CangYuLiuSu has 90 seconds left.\n|\n|t:|1701097780\n|move|p2a: Toxapex|Ice Spinner|p1a: Dondozo\n|-resisted|p1a: Dondozo\n|-damage|p1a: Dondozo|99\/100 slp\n|-curestatus|p1a: Dondozo|slp|[msg]\n|move|p1a: Dondozo|Wave Crash|p2a: Toxapex\n|-resisted|p2a: Toxapex\n|-damage|p2a: Toxapex|32\/100\n|-damage|p1a: Dondozo|90\/100|[from] Recoil\n|\n|-heal|p2a: Toxapex|38\/100|[from] item: Black Sludge\n|-heal|p1a: Dondozo|96\/100|[from] item: Leftovers\n|upkeep\n|turn|36\n|inactive|CangYuLiuSu has 90 seconds left.\n|\n|t:|1701097792\n|move|p2a: Toxapex|Recover|p2a: Toxapex\n|-heal|p2a: Toxapex|88\/100\n|move|p1a: Dondozo|Curse|p1a: Dondozo\n|\n|-heal|p2a: Toxapex|94\/100|[from] item: Black Sludge\n|-heal|p1a: Dondozo|100\/100|[from] item: Leftovers\n|upkeep\n|turn|37\n|\n|t:|1701097801\n|move|p2a: Toxapex|Baneful Bunker|p2a: Toxapex\n|-singleturn|p2a: Toxapex|move: Protect\n|move|p1a: Dondozo|Curse|p1a: Dondozo\n|\n|-heal|p2a: Toxapex|100\/100|[from] item: Black Sludge\n|upkeep\n|turn|38\n|\n|t:|1701097809\n|move|p2a: Toxapex|Baneful Bunker||[still]\n|-fail|p2a: Toxapex\n|move|p1a: Dondozo|Wave Crash|p2a: Toxapex\n|-resisted|p2a: Toxapex\n|-damage|p2a: Toxapex|54\/100\n|-damage|p1a: Dondozo|91\/100|[from] Recoil\n|\n|-heal|p2a: Toxapex|61\/100|[from] item: Black Sludge\n|-heal|p1a: Dondozo|97\/100|[from] item: Leftovers\n|upkeep\n|turn|39\n|\n|t:|1701097819\n|move|p2a: Toxapex|Baneful Bunker|p2a: Toxapex\n|-singleturn|p2a: Toxapex|move: Protect\n|move|p1a: Dondozo|Curse|p1a: Dondozo\n|\n|-heal|p2a: Toxapex|67\/100|[from] item: Black Sludge\n|-heal|p1a: Dondozo|100\/100|[from] item: Leftovers\n|upkeep\n|turn|40\n|\n|t:|1701097828\n|move|p2a: Toxapex|Baneful Bunker|p2a: Toxapex\n|-singleturn|p2a: Toxapex|move: Protect\n|move|p1a: Dondozo|Curse|p1a: Dondozo\n|\n|-heal|p2a: Toxapex|73\/100|[from] item: Black Sludge\n|upkeep\n|turn|41\n|\n|t:|1701097837\n|move|p2a: Toxapex|Toxic Spikes||[still]\n|-fail|p2a: Toxapex\n|move|p1a: Dondozo|Curse|p1a: Dondozo\n|\n|-heal|p2a: Toxapex|79\/100|[from] item: Black Sludge\n|upkeep\n|turn|42\n|inactive|CangYuLiuSu has 120 seconds left.\n|\n|t:|1701097845\n|move|p2a: Toxapex|Toxic Spikes||[still]\n|-fail|p2a: Toxapex\n|move|p1a: Dondozo|Curse|p1a: Dondozo\n|\n|-heal|p2a: Toxapex|86\/100|[from] item: Black Sludge\n|upkeep\n|turn|43\n|\n|t:|1701097856\n|move|p2a: Toxapex|Toxic Spikes||[still]\n|-fail|p2a: Toxapex\n|move|p1a: Dondozo|Wave Crash|p2a: Toxapex\n|-resisted|p2a: Toxapex\n|-damage|p2a: Toxapex|35\/100\n|-damage|p1a: Dondozo|90\/100|[from] Recoil\n|\n|-heal|p2a: Toxapex|41\/100|[from] item: Black Sludge\n|-heal|p1a: Dondozo|96\/100|[from] item: Leftovers\n|upkeep\n|turn|44\n|\n|t:|1701097867\n|move|p2a: Toxapex|Recover|p2a: Toxapex\n|-heal|p2a: Toxapex|91\/100\n|move|p1a: Dondozo|Wave Crash|p2a: Toxapex\n|-resisted|p2a: Toxapex\n|-damage|p2a: Toxapex|42\/100\n|-damage|p1a: Dondozo|85\/100|[from] Recoil\n|\n|-heal|p2a: Toxapex|48\/100|[from] item: Black Sludge\n|-heal|p1a: Dondozo|91\/100|[from] item: Leftovers\n|upkeep\n|turn|45\n|\n|t:|1701097881\n|move|p2a: Toxapex|Baneful Bunker|p2a: Toxapex\n|-singleturn|p2a: Toxapex|move: Protect\n|move|p1a: Dondozo|Curse|p1a: Dondozo\n|\n|-heal|p2a: Toxapex|54\/100|[from] item: Black Sludge\n|-heal|p1a: Dondozo|98\/100|[from] item: Leftovers\n|upkeep\n|turn|46\n|\n|t:|1701097889\n|move|p2a: Toxapex|Toxic Spikes||[still]\n|-fail|p2a: Toxapex\n|move|p1a: Dondozo|Wave Crash|p2a: Toxapex\n|-resisted|p2a: Toxapex\n|-damage|p2a: Toxapex|3\/100\n|-damage|p1a: Dondozo|87\/100|[from] Recoil\n|\n|-heal|p2a: Toxapex|9\/100|[from] item: Black Sludge\n|-heal|p1a: Dondozo|93\/100|[from] item: Leftovers\n|upkeep\n|turn|47\n|\n|t:|1701097900\n|switch|p2a: Dragonite|Dragonite, F|100\/100\n|move|p1a: Dondozo|Curse|p1a: Dondozo\n|\n|-heal|p1a: Dondozo|99\/100|[from] item: Leftovers\n|upkeep\n|turn|48\n|\n|t:|1701097908\n|move|p2a: Dragonite|Thunder Punch|p1a: Dondozo\n|-supereffective|p1a: Dondozo\n|-damage|p1a: Dondozo|88\/100\n|move|p1a: Dondozo|Wave Crash|p2a: Dragonite\n|-resisted|p2a: Dragonite\n|-damage|p2a: Dragonite|61\/100\n|-damage|p1a: Dondozo|77\/100|[from] Recoil\n|\n|-heal|p1a: Dondozo|83\/100|[from] item: Leftovers\n|upkeep\n|turn|49\n|\n|t:|1701097920\n|switch|p2a: Toxapex|Toxapex, F|42\/100\n|move|p1a: Dondozo|Wave Crash|p2a: Toxapex\n|-resisted|p2a: Toxapex\n|-damage|p2a: Toxapex|0 fnt\n|faint|p2a: Toxapex\n|-damage|p1a: Dondozo|74\/100|[from] Recoil\n|\n|-heal|p1a: Dondozo|80\/100|[from] item: Leftovers\n|upkeep\n|\n|t:|1701097933\n|switch|p2a: Dragonite|Dragonite, F|61\/100\n|turn|50\n|\n|t:|1701097941\n|move|p2a: Dragonite|Thunder Punch|p1a: Dondozo\n|-supereffective|p1a: Dondozo\n|-damage|p1a: Dondozo|68\/100\n|-status|p1a: Dondozo|par\n|move|p1a: Dondozo|Rest|p1a: Dondozo\n|-status|p1a: Dondozo|slp|[from] move: Rest\n|-heal|p1a: Dondozo|100\/100 slp|[silent]\n|\n|upkeep\n|turn|51\n|\n|t:|1701097951\n|move|p2a: Dragonite|Thunder Punch|p1a: Dondozo\n|-supereffective|p1a: Dondozo\n|-damage|p1a: Dondozo|89\/100 slp\n|cant|p1a: Dondozo|slp\n|move|p1a: Dondozo|Sleep Talk|p1a: Dondozo\n|move|p1a: Dondozo|Curse|p1a: Dondozo|[from]move: Sleep Talk\n|\n|-heal|p1a: Dondozo|95\/100 slp|[from] item: Leftovers\n|upkeep\n|turn|52\n|\n|t:|1701097962\n|move|p2a: Dragonite|Thunder Punch|p1a: Dondozo\n|-supereffective|p1a: Dondozo\n|-damage|p1a: Dondozo|84\/100 slp\n|cant|p1a: Dondozo|slp\n|move|p1a: Dondozo|Sleep Talk|p1a: Dondozo\n|move|p1a: Dondozo|Wave Crash|p2a: Dragonite|[from]move: Sleep Talk\n|-resisted|p2a: Dragonite\n|-damage|p2a: Dragonite|0 fnt\n|faint|p2a: Dragonite\n|-damage|p1a: Dondozo|68\/100 slp|[from] Recoil\n|\n|-heal|p1a: Dondozo|74\/100 slp|[from] item: Leftovers\n|upkeep\n|\n|t:|1701097977\n|switch|p2a: Landorus|Landorus-Therian, M|100\/100\n|-ability|p2a: Landorus|Intimidate|boost\n|-unboost|p1a: Dondozo|atk|1\n|turn|53\n|\n|t:|1701097986\n|-terastallize|p2a: Landorus|Flying\n|move|p2a: Landorus|Tera Blast|p1a: Dondozo|[anim] Tera Blast Flying\n|-damage|p1a: Dondozo|66\/100 slp\n|-curestatus|p1a: Dondozo|slp|[msg]\n|move|p1a: Dondozo|Rest|p1a: Dondozo\n|-status|p1a: Dondozo|slp|[from] move: Rest\n|-heal|p1a: Dondozo|100\/100 slp|[silent]\n|\n|upkeep\n|turn|54\n|\n|t:|1701097996\n|move|p2a: Landorus|Earthquake|p1a: Dondozo\n|-damage|p1a: Dondozo|93\/100 slp\n|cant|p1a: Dondozo|slp\n|move|p1a: Dondozo|Sleep Talk|p1a: Dondozo\n|move|p1a: Dondozo|Curse|p1a: Dondozo|[from]move: Sleep Talk\n|-boost|p1a: Dondozo|atk|1\n|\n|-heal|p1a: Dondozo|99\/100 slp|[from] item: Leftovers\n|upkeep\n|turn|55\n|\n|t:|1701098008\n|move|p2a: Landorus|Rock Slide|p1a: Dondozo\n|-damage|p1a: Dondozo|95\/100 slp\n|cant|p1a: Dondozo|slp\n|move|p1a: Dondozo|Sleep Talk|p1a: Dondozo\n|move|p1a: Dondozo|Wave Crash|p2a: Landorus|[from]move: Sleep Talk\n|-damage|p2a: Landorus|0 fnt\n|faint|p2a: Landorus\n|-damage|p1a: Dondozo|69\/100 slp|[from] Recoil\n|\n|-heal|p1a: Dondozo|75\/100 slp|[from] item: Leftovers\n|upkeep\n|\n|t:|1701098023\n|switch|p2a: Great Tusk|Great Tusk|100\/100\n|-enditem|p2a: Great Tusk|Booster Energy\n|-activate|p2a: Great Tusk|ability: Protosynthesis|[fromitem]\n|-start|p2a: Great Tusk|protosynthesisatk\n|turn|56\n|\n|t:|1701098030\n|move|p2a: Great Tusk|Earthquake|p1a: Dondozo\n|-damage|p1a: Dondozo|66\/100 slp\n|-curestatus|p1a: Dondozo|slp|[msg]\n|move|p1a: Dondozo|Sleep Talk||[still]\n|-fail|p1a: Dondozo\n|\n|-heal|p1a: Dondozo|72\/100|[from] item: Leftovers\n|upkeep\n|turn|57\n|\n|t:|1701098039\n|move|p2a: Great Tusk|Earthquake|p1a: Dondozo\n|-damage|p1a: Dondozo|62\/100\n|move|p1a: Dondozo|Rest|p1a: Dondozo\n|-status|p1a: Dondozo|slp|[from] move: Rest\n|-heal|p1a: Dondozo|100\/100 slp|[silent]\n|\n|upkeep\n|turn|58\n|\n|t:|1701098048\n|move|p2a: Great Tusk|Earthquake|p1a: Dondozo\n|-damage|p1a: Dondozo|92\/100 slp\n|cant|p1a: Dondozo|slp\n|move|p1a: Dondozo|Sleep Talk|p1a: Dondozo\n|move|p1a: Dondozo|Rest||[from]move: Sleep Talk|[still]\n|-fail|p1a: Dondozo\n|\n|-heal|p1a: Dondozo|98\/100 slp|[from] item: Leftovers\n|upkeep\n|turn|59\n|\n|t:|1701098059\n|move|p2a: Great Tusk|Earthquake|p1a: Dondozo\n|-damage|p1a: Dondozo|89\/100 slp\n|cant|p1a: Dondozo|slp\n|move|p1a: Dondozo|Sleep Talk|p1a: Dondozo\n|move|p1a: Dondozo|Wave Crash|p2a: Great Tusk|[from]move: Sleep Talk\n|-supereffective|p2a: Great Tusk\n|-damage|p2a: Great Tusk|0 fnt\n|faint|p2a: Great Tusk\n|-end|p2a: Great Tusk|Protosynthesis|[silent]\n|-damage|p1a: Dondozo|63\/100 slp|[from] Recoil\n|\n|-heal|p1a: Dondozo|69\/100 slp|[from] item: Leftovers\n|upkeep\n|\n|t:|1701098073\n|switch|p2a: Chansey|Chansey, F|91\/100\n|turn|60\n|\n|t:|1701098077\n|move|p2a: Chansey|Seismic Toss|p1a: Dondozo\n|-damage|p1a: Dondozo|48\/100 slp\n|-curestatus|p1a: Dondozo|slp|[msg]\n|move|p1a: Dondozo|Rest|p1a: Dondozo\n|-status|p1a: Dondozo|slp|[from] move: Rest\n|-heal|p1a: Dondozo|100\/100 slp|[silent]\n|\n|upkeep\n|turn|61\n|\n|t:|1701098086\n|move|p2a: Chansey|Seismic Toss|p1a: Dondozo\n|-damage|p1a: Dondozo|79\/100 slp\n|cant|p1a: Dondozo|slp\n|move|p1a: Dondozo|Sleep Talk|p1a: Dondozo\n|move|p1a: Dondozo|Wave Crash|p2a: Chansey|[from]move: Sleep Talk\n|-damage|p2a: Chansey|0 fnt\n|faint|p2a: Chansey\n|-damage|p1a: Dondozo|34\/100 slp|[from] Recoil\n|\n|win|CangYuLiuSu\n|raw|CangYuLiuSu's rating: 1142 &rarr; <strong>1167<\/strong><br \/>(+25 for winning)\n|raw|Mapel_feng's rating: 1145 &rarr; <strong>1120<\/strong><br \/>(-25 for losing)\n","uploadtime":1701098101,"views":17,"p1id":"cangyuliusu","p2id":"mapelfeng","formatid":"gen9ou","rating":1120,"private":0,"password":""}