{"id":"gen9ou-1990870834","p1":"Violet Mask","p2":"aleldarg","format":"[Gen 9] OU","log":"|j|\u2606Violet Mask\n|j|\u2606aleldarg\n|t:|1700009702\n|gametype|singles\n|player|p1|Violet Mask|blue|1515\n|player|p2|aleldarg|101|1473\n|teamsize|p1|6\n|teamsize|p2|6\n|gen|9\n|tier|[Gen 9] OU\n|rated|\n|rule|Sleep Clause Mod: Limit one foe put to sleep\n|rule|Species Clause: Limit one of each Pok\u00e9mon\n|rule|OHKO Clause: OHKO moves are banned\n|rule|Evasion Items Clause: Evasion items are banned\n|rule|Evasion Moves Clause: Evasion moves are banned\n|rule|Endless Battle Clause: Forcing endless battles is banned\n|rule|HP Percentage Mod: HP is shown in percentages\n|clearpoke\n|poke|p1|Greninja-*, M|\n|poke|p1|Pelipper, M|\n|poke|p1|Barraskewda, F|\n|poke|p1|Zapdos|\n|poke|p1|Manaphy|\n|poke|p1|Ting-Lu|\n|poke|p2|Lokix, M|\n|poke|p2|Enamorus, F|\n|poke|p2|Hatterene, F|\n|poke|p2|Cinderace, M|\n|poke|p2|Dragonite, F|\n|poke|p2|Zamazenta-*|\n|teampreview\n|inactive|Battle timer is ON: inactive players will automatically lose when time's up. (requested by Violet Mask)\n|inactive|Violet Mask has 120 seconds left.\n|inactive|aleldarg has 120 seconds left.\n|\n|t:|1700009757\n|start\n|switch|p1a: Pelipper|Pelipper, M|100\/100\n|switch|p2a: Enamorus|Enamorus, F|100\/100\n|-weather|RainDance|[from] ability: Drizzle|[of] p1a: Pelipper\n|turn|1\n|\n|t:|1700009765\n|move|p2a: Enamorus|Moonblast|p1a: Pelipper\n|-damage|p1a: Pelipper|13\/100\n|-damage|p2a: Enamorus|91\/100|[from] item: Life Orb\n|move|p1a: Pelipper|U-turn|p2a: Enamorus\n|-resisted|p2a: Enamorus\n|-damage|p2a: Enamorus|88\/100\n|\n|t:|1700009771\n|switch|p1a: Barraskewda|Barraskewda, F|100\/100|[from] U-turn\n|\n|-weather|RainDance|[upkeep]\n|upkeep\n|turn|2\n|\n|t:|1700009782\n|switch|p2a: Hatterene|Hatterene, F|100\/100\n|move|p1a: Barraskewda|Liquidation|p2a: Hatterene\n|-damage|p2a: Hatterene|0 fnt\n|faint|p2a: Hatterene\n|\n|-weather|RainDance|[upkeep]\n|upkeep\n|\n|t:|1700009788\n|switch|p2a: Lokix|Lokix, M|100\/100\n|turn|3\n|\n|t:|1700009793\n|switch|p1a: Zapdos|Zapdos|100\/100\n|move|p2a: Lokix|First Impression|p1a: Zapdos\n|-resisted|p1a: Zapdos\n|-damage|p1a: Zapdos|31\/100\n|\n|-weather|RainDance|[upkeep]\n|upkeep\n|turn|4\n|\n|t:|1700009802\n|switch|p2a: Cinderace|Cinderace, M|100\/100\n|move|p1a: Zapdos|Hurricane|p2a: Cinderace\n|-damage|p2a: Cinderace|33\/100\n|\n|-weather|RainDance|[upkeep]\n|upkeep\n|turn|5\n|\n|t:|1700009810\n|switch|p1a: Manaphy|Manaphy|100\/100\n|move|p2a: Cinderace|Sucker Punch||[still]\n|-fail|p2a: Cinderace\n|\n|-weather|RainDance|[upkeep]\n|upkeep\n|turn|6\n|\n|t:|1700009818\n|move|p2a: Cinderace|U-turn|p1a: Manaphy\n|-start|p2a: Cinderace|typechange|Bug|[from] ability: Libero\n|-damage|p1a: Manaphy|66\/100\n|inactive|aleldarg has 120 seconds left.\n|\n|t:|1700009869\n|switch|p2a: Lokix|Lokix, M|100\/100|[from] U-turn\n|move|p1a: Manaphy|Surf|p2a: Lokix\n|-damage|p2a: Lokix|0 fnt\n|faint|p2a: Lokix\n|\n|-weather|RainDance|[upkeep]\n|upkeep\n|\n|t:|1700009880\n|switch|p2a: Enamorus|Enamorus, F|88\/100\n|turn|7\n|\n|t:|1700009888\n|switch|p1a: Zapdos|Zapdos|31\/100\n|move|p2a: Enamorus|Moonblast|p1a: Zapdos\n|-damage|p1a: Zapdos|0 fnt\n|faint|p1a: Zapdos\n|-damage|p2a: Enamorus|78\/100|[from] item: Life Orb\n|\n|-weather|RainDance|[upkeep]\n|upkeep\n|\n|t:|1700009891\n|switch|p1a: Barraskewda|Barraskewda, F|100\/100\n|turn|8\n|\n|t:|1700009905\n|switch|p2a: Cinderace|Cinderace, M|33\/100\n|move|p1a: Barraskewda|Liquidation|p2a: Cinderace\n|-supereffective|p2a: Cinderace\n|-damage|p2a: Cinderace|0 fnt\n|faint|p2a: Cinderace\n|\n|-weather|none\n|upkeep\n|\n|t:|1700009912\n|switch|p2a: Dragonite|Dragonite, F|100\/100\n|turn|9\n|\n|t:|1700009917\n|switch|p1a: Pelipper|Pelipper, M|13\/100\n|-weather|RainDance|[from] ability: Drizzle|[of] p1a: Pelipper\n|move|p2a: Dragonite|Dragon Dance|p2a: Dragonite\n|-boost|p2a: Dragonite|atk|1\n|-boost|p2a: Dragonite|spe|1\n|\n|-weather|RainDance|[upkeep]\n|upkeep\n|turn|10\n|inactive|aleldarg has 120 seconds left.\n|\n|t:|1700009930\n|move|p2a: Dragonite|Dragon Dance|p2a: Dragonite\n|-boost|p2a: Dragonite|atk|1\n|-boost|p2a: Dragonite|spe|1\n|move|p1a: Pelipper|U-turn|p2a: Dragonite\n|-resisted|p2a: Dragonite\n|-damage|p2a: Dragonite|99\/100\n|\n|t:|1700009941\n|switch|p1a: Ting-Lu|Ting-Lu|100\/100|[from] U-turn\n|-ability|p1a: Ting-Lu|Vessel of Ruin\n|\n|-weather|RainDance|[upkeep]\n|upkeep\n|turn|11\n|\n|t:|1700009949\n|move|p2a: Dragonite|Extreme Speed|p1a: Ting-Lu\n|-damage|p1a: Ting-Lu|64\/100\n|-enditem|p1a: Ting-Lu|Red Card|[of] p2a: Dragonite\n|drag|p2a: Zamazenta|Zamazenta|100\/100\n|-ability|p2a: Zamazenta|Dauntless Shield|boost\n|-boost|p2a: Zamazenta|def|1\n|move|p1a: Ting-Lu|Whirlwind|p2a: Zamazenta\n|drag|p2a: Enamorus|Enamorus, F|78\/100\n|\n|-weather|RainDance|[upkeep]\n|upkeep\n|turn|12\n|\n|t:|1700009966\n|switch|p1a: Pelipper|Pelipper, M|13\/100\n|move|p2a: Enamorus|Moonblast|p1a: Pelipper\n|-crit|p1a: Pelipper\n|-damage|p1a: Pelipper|0 fnt\n|faint|p1a: Pelipper\n|-damage|p2a: Enamorus|68\/100|[from] item: Life Orb\n|\n|-weather|RainDance|[upkeep]\n|upkeep\n|\n|t:|1700009971\n|switch|p1a: Barraskewda|Barraskewda, F|100\/100\n|turn|13\n|\n|t:|1700009976\n|move|p1a: Barraskewda|Liquidation|p2a: Enamorus\n|-crit|p2a: Enamorus\n|-damage|p2a: Enamorus|0 fnt\n|faint|p2a: Enamorus\n|\n|-weather|RainDance|[upkeep]\n|upkeep\n|\n|t:|1700009982\n|switch|p2a: Zamazenta|Zamazenta|100\/100\n|turn|14\n|inactive|Violet Mask has 120 seconds left.\n|\n|t:|1700010039\n|move|p1a: Barraskewda|Liquidation|p2a: Zamazenta\n|-damage|p2a: Zamazenta|21\/100\n|-unboost|p2a: Zamazenta|def|1\n|move|p2a: Zamazenta|Body Press|p1a: Barraskewda\n|-damage|p1a: Barraskewda|57\/100\n|\n|-weather|RainDance|[upkeep]\n|-heal|p2a: Zamazenta|27\/100|[from] item: Leftovers\n|upkeep\n|turn|15\n|\n|t:|1700010048\n|move|p1a: Barraskewda|Liquidation|p2a: Zamazenta\n|-damage|p2a: Zamazenta|0 fnt\n|faint|p2a: Zamazenta\n|\n|-weather|RainDance|[upkeep]\n|upkeep\n|\n|t:|1700010072\n|switch|p2a: Dragonite|Dragonite, F|99\/100\n|turn|16\n|\n|t:|1700010076\n|move|p2a: Dragonite|Extreme Speed|p1a: Barraskewda\n|-damage|p1a: Barraskewda|0 fnt\n|faint|p1a: Barraskewda\n|\n|-weather|none\n|upkeep\n|inactive|Violet Mask has 120 seconds left.\n|\n|t:|1700010082\n|switch|p1a: Greninja|Greninja, M|100\/100\n|turn|17\n|inactive|Violet Mask has 120 seconds left.\n|\n|t:|1700010093\n|-terastallize|p2a: Dragonite|Normal\n|move|p2a: Dragonite|Extreme Speed|p1a: Greninja\n|-damage|p1a: Greninja|25\/100\n|move|p1a: Greninja|Dark Pulse|p2a: Dragonite\n|-damage|p2a: Dragonite|54\/100\n|-damage|p1a: Greninja|16\/100|[from] item: Life Orb\n|\n|upkeep\n|turn|18\n|\n|t:|1700010111\n|-terastallize|p1a: Greninja|Ghost\n|move|p2a: Dragonite|Extreme Speed|p1a: Greninja\n|-immune|p1a: Greninja\n|move|p1a: Greninja|Surf|p2a: Dragonite\n|-damage|p2a: Dragonite|0 fnt\n|faint|p2a: Dragonite\n|-damage|p1a: Greninja|6\/100|[from] item: Life Orb\n|\n|win|Violet Mask\n|raw|Violet Mask's rating: 1515 &rarr; <strong>1533<\/strong><br \/>(+18 for winning)\n|raw|aleldarg's rating: 1473 &rarr; <strong>1455<\/strong><br \/>(-18 for losing)\n","uploadtime":1700010120,"views":15,"p1id":"violetmask","p2id":"aleldarg","formatid":"gen9ou","rating":1455,"private":0,"password":""}