{"id":"gen9ou-1999374599","p1":"god of joe","p2":"sidtherockjohnson","format":"[Gen 9] OU","log":"|j|\u2606god of joe\n|j|\u203dsidtherockjohnson\n|t:|1701069347\n|gametype|singles\n|player|p1|god of joe|clown|1549\n|player|p2|sidtherockjohnson|hilbert|1476\n|teamsize|p1|6\n|teamsize|p2|6\n|gen|9\n|tier|[Gen 9] OU\n|rated|\n|rule|Sleep Clause Mod: Limit one foe put to sleep\n|rule|Species Clause: Limit one of each Pok\u00e9mon\n|rule|OHKO Clause: OHKO moves are banned\n|rule|Evasion Items Clause: Evasion items are banned\n|rule|Evasion Moves Clause: Evasion moves are banned\n|rule|Endless Battle Clause: Forcing endless battles is banned\n|rule|HP Percentage Mod: HP is shown in percentages\n|clearpoke\n|poke|p1|Glimmora, M|\n|poke|p1|Dragapult, F|\n|poke|p1|Rillaboom, F|\n|poke|p1|Ting-Lu|\n|poke|p1|Corviknight, F|\n|poke|p1|Ogerpon-Wellspring, F|\n|poke|p2|Samurott-Hisui, M|\n|poke|p2|Great Tusk|\n|poke|p2|Clefable, M|\n|poke|p2|Arcanine-Hisui, F|\n|poke|p2|Gholdengo|\n|poke|p2|Zapdos|\n|teampreview\n|inactive|Battle timer is ON: inactive players will automatically lose when time's up. (requested by sidtherockjohnson)\n|\n|t:|1701069357\n|start\n|switch|p1a: Dragapult|Dragapult, F|100\/100\n|switch|p2a: Zapdos|Zapdos|100\/100\n|turn|1\n|j| jsjsjffj\n|\n|t:|1701069366\n|switch|p2a: Clefable|Clefable, M|100\/100\n|move|p1a: Dragapult|Substitute|p1a: Dragapult\n|-start|p1a: Dragapult|Substitute\n|-damage|p1a: Dragapult|76\/100\n|\n|-heal|p1a: Dragapult|82\/100|[from] item: Leftovers\n|upkeep\n|turn|2\n|\n|t:|1701069372\n|move|p1a: Dragapult|Will-O-Wisp|p2a: Clefable\n|-status|p2a: Clefable|brn\n|move|p2a: Clefable|Stealth Rock|p1a: Dragapult\n|-sidestart|p1: god of joe|move: Stealth Rock\n|\n|-heal|p1a: Dragapult|88\/100|[from] item: Leftovers\n|-damage|p2a: Clefable|94\/100 brn|[from] brn\n|upkeep\n|turn|3\n|\n|t:|1701069380\n|move|p1a: Dragapult|Hex|p2a: Clefable\n|-damage|p2a: Clefable|58\/100 brn\n|move|p2a: Clefable|Moonblast|p1a: Dragapult\n|-supereffective|p1a: Dragapult\n|-end|p1a: Dragapult|Substitute\n|\n|-heal|p1a: Dragapult|94\/100|[from] item: Leftovers\n|-heal|p2a: Clefable|64\/100 brn|[from] item: Leftovers\n|-damage|p2a: Clefable|58\/100 brn|[from] brn\n|upkeep\n|turn|4\n|\n|t:|1701069389\n|switch|p1a: Corviknight|Corviknight, F|100\/100\n|-damage|p1a: Corviknight|88\/100|[from] Stealth Rock\n|-ability|p1a: Corviknight|Pressure\n|move|p2a: Clefable|Wish|p2a: Clefable\n|\n|-heal|p1a: Corviknight|94\/100|[from] item: Leftovers\n|-heal|p2a: Clefable|64\/100 brn|[from] item: Leftovers\n|-damage|p2a: Clefable|58\/100 brn|[from] brn\n|upkeep\n|turn|5\n|\n|t:|1701069399\n|move|p1a: Corviknight|Defog|p2a: Clefable\n|-unboost|p2a: Clefable|evasion|1\n|-sideend|p1: god of joe|Stealth Rock|[from] move: Defog|[of] p1a: Corviknight\n|move|p2a: Clefable|Thunder Wave|p1a: Corviknight\n|-status|p1a: Corviknight|par\n|\n|-heal|p2a: Clefable|100\/100 brn|[from] move: Wish|[wisher] Clefable\n|-heal|p1a: Corviknight|99\/100 par|[from] item: Leftovers\n|-damage|p2a: Clefable|94\/100 brn|[from] brn\n|upkeep\n|turn|6\n|\n|t:|1701069409\n|move|p2a: Clefable|Stealth Rock|p1a: Corviknight\n|-sidestart|p1: god of joe|move: Stealth Rock\n|move|p1a: Corviknight|U-turn|p2a: Clefable\n|-resisted|p2a: Clefable\n|-damage|p2a: Clefable|87\/100 brn\n|\n|t:|1701069412\n|switch|p1a: Glimmora|Glimmora, M|100\/100|[from] U-turn\n|-damage|p1a: Glimmora|88\/100|[from] Stealth Rock\n|\n|-heal|p1a: Glimmora|94\/100|[from] item: Leftovers\n|-heal|p2a: Clefable|93\/100 brn|[from] item: Leftovers\n|-damage|p2a: Clefable|87\/100 brn|[from] brn\n|upkeep\n|turn|7\n|\n|t:|1701069422\n|switch|p2a: Great Tusk|Great Tusk|100\/100\n|move|p1a: Glimmora|Substitute|p1a: Glimmora\n|-start|p1a: Glimmora|Substitute\n|-damage|p1a: Glimmora|69\/100\n|\n|-heal|p1a: Glimmora|76\/100|[from] item: Leftovers\n|upkeep\n|turn|8\n|\n|t:|1701069429\n|move|p1a: Glimmora|Toxic|p2a: Great Tusk\n|-status|p2a: Great Tusk|tox\n|move|p2a: Great Tusk|Earthquake|p1a: Glimmora\n|-supereffective|p1a: Glimmora\n|-end|p1a: Glimmora|Substitute\n|\n|-heal|p1a: Glimmora|82\/100|[from] item: Leftovers\n|-damage|p2a: Great Tusk|94\/100 tox|[from] psn\n|upkeep\n|turn|9\n|\n|t:|1701069438\n|move|p1a: Glimmora|Spiky Shield|p1a: Glimmora\n|-singleturn|p1a: Glimmora|move: Protect\n|move|p2a: Great Tusk|Earthquake|p1a: Glimmora\n|-activate|p1a: Glimmora|move: Protect\n|\n|-heal|p1a: Glimmora|88\/100|[from] item: Leftovers\n|-heal|p2a: Great Tusk|100\/100 tox|[from] item: Leftovers\n|-damage|p2a: Great Tusk|88\/100 tox|[from] psn\n|upkeep\n|turn|10\n|\n|t:|1701069447\n|move|p1a: Glimmora|Substitute|p1a: Glimmora\n|-start|p1a: Glimmora|Substitute\n|-damage|p1a: Glimmora|63\/100\n|move|p2a: Great Tusk|Knock Off|p1a: Glimmora\n|-end|p1a: Glimmora|Substitute\n|\n|-heal|p1a: Glimmora|69\/100|[from] item: Leftovers\n|-heal|p2a: Great Tusk|94\/100 tox|[from] item: Leftovers\n|-damage|p2a: Great Tusk|76\/100 tox|[from] psn\n|upkeep\n|turn|11\n|\n|t:|1701069469\n|-end|p2a: Great Tusk|Protosynthesis|[silent]\n|switch|p2a: Gholdengo|Gholdengo|100\/100\n|move|p1a: Glimmora|Spiky Shield||[still]\n|-fail|p1a: Glimmora\n|\n|-heal|p1a: Glimmora|76\/100|[from] item: Leftovers\n|upkeep\n|turn|12\n|\n|t:|1701069477\n|switch|p1a: Ting-Lu|Ting-Lu|100\/100\n|-damage|p1a: Ting-Lu|94\/100|[from] Stealth Rock\n|-ability|p1a: Ting-Lu|Vessel of Ruin\n|move|p2a: Gholdengo|Shadow Ball|p1a: Ting-Lu\n|-resisted|p1a: Ting-Lu\n|-damage|p1a: Ting-Lu|85\/100\n|-unboost|p1a: Ting-Lu|spd|1\n|\n|-heal|p1a: Ting-Lu|91\/100|[from] item: Leftovers\n|upkeep\n|turn|13\n|\n|t:|1701069513\n|switch|p2a: Great Tusk|Great Tusk|76\/100 tox\n|move|p1a: Ting-Lu|Ruination|p2a: Great Tusk|[miss]\n|-miss|p1a: Ting-Lu|p2a: Great Tusk\n|\n|-heal|p2a: Great Tusk|82\/100 tox|[from] item: Leftovers\n|-heal|p1a: Ting-Lu|97\/100|[from] item: Leftovers\n|-damage|p2a: Great Tusk|76\/100 tox|[from] psn\n|upkeep\n|turn|14\n|\n|t:|1701069524\n|switch|p1a: Corviknight|Corviknight, F|99\/100 par\n|-damage|p1a: Corviknight|88\/100 par|[from] Stealth Rock\n|-ability|p1a: Corviknight|Pressure\n|move|p2a: Great Tusk|Close Combat|p1a: Corviknight\n|-damage|p1a: Corviknight|45\/100 par\n|-unboost|p2a: Great Tusk|def|1\n|-unboost|p2a: Great Tusk|spd|1\n|\n|-heal|p2a: Great Tusk|82\/100 tox|[from] item: Leftovers\n|-heal|p1a: Corviknight|51\/100 par|[from] item: Leftovers\n|-damage|p2a: Great Tusk|69\/100 tox|[from] psn\n|upkeep\n|turn|15\n|\n|t:|1701069539\n|-end|p2a: Great Tusk|Protosynthesis|[silent]\n|switch|p2a: Zapdos|Zapdos|100\/100\n|move|p1a: Corviknight|Defog|p2a: Zapdos\n|-unboost|p2a: Zapdos|evasion|1\n|-sideend|p1: god of joe|Stealth Rock|[from] move: Defog|[of] p1a: Corviknight\n|\n|-heal|p1a: Corviknight|57\/100 par|[from] item: Leftovers\n|upkeep\n|turn|16\n|\n|t:|1701069559\n|switch|p2a: Samurott|Samurott-Hisui, M|100\/100\n|switch|p1a: Ting-Lu|Ting-Lu|97\/100\n|-ability|p1a: Ting-Lu|Vessel of Ruin\n|\n|-heal|p1a: Ting-Lu|100\/100|[from] item: Leftovers\n|upkeep\n|turn|17\n|\n|t:|1701069580\n|move|p2a: Samurott|Ceaseless Edge|p1a: Ting-Lu\n|-resisted|p1a: Ting-Lu\n|-damage|p1a: Ting-Lu|88\/100\n|-sidestart|p1: god of joe|Spikes\n|move|p1a: Ting-Lu|Ruination|p2a: Samurott\n|-damage|p2a: Samurott|51\/100\n|\n|-heal|p1a: Ting-Lu|94\/100|[from] item: Leftovers\n|upkeep\n|turn|18\n|\n|t:|1701069588\n|switch|p1a: Ogerpon|Ogerpon-Wellspring, F|100\/100\n|-damage|p1a: Ogerpon|88\/100|[from] Spikes\n|move|p2a: Samurott|Aqua Cutter|p1a: Ogerpon\n|-heal|p1a: Ogerpon|100\/100|[from] ability: Water Absorb|[of] p2a: Samurott\n|\n|upkeep\n|turn|19\n|\n|t:|1701069605\n|switch|p2a: Zapdos|Zapdos|100\/100\n|move|p1a: Ogerpon|U-turn|p2a: Zapdos\n|-resisted|p2a: Zapdos\n|-damage|p2a: Zapdos|83\/100\n|-damage|p1a: Ogerpon|84\/100|[from] item: Rocky Helmet|[of] p2a: Zapdos\n|\n|t:|1701069612\n|switch|p1a: Glimmora|Glimmora, M|76\/100|[from] U-turn\n|-damage|p1a: Glimmora|63\/100|[from] Spikes\n|\n|-heal|p1a: Glimmora|69\/100|[from] item: Leftovers\n|upkeep\n|turn|20\n|\n|t:|1701069618\n|move|p2a: Zapdos|Volt Switch|p1a: Glimmora\n|-crit|p1a: Glimmora\n|-damage|p1a: Glimmora|14\/100\n|\n|t:|1701069626\n|switch|p2a: Gholdengo|Gholdengo|100\/100|[from] Volt Switch\n|move|p1a: Glimmora|Toxic|p2a: Gholdengo\n|-immune|p2a: Gholdengo|[from] ability: Good as Gold\n|\n|-heal|p1a: Glimmora|20\/100|[from] item: Leftovers\n|upkeep\n|turn|21\n|\n|t:|1701069633\n|move|p2a: Gholdengo|Shadow Ball|p1a: Glimmora\n|-damage|p1a: Glimmora|0 fnt\n|faint|p1a: Glimmora\n|\n|upkeep\n|\n|t:|1701069636\n|switch|p1a: Ting-Lu|Ting-Lu|94\/100\n|-damage|p1a: Ting-Lu|81\/100|[from] Spikes\n|-ability|p1a: Ting-Lu|Vessel of Ruin\n|turn|22\n|\n|t:|1701069644\n|switch|p2a: Clefable|Clefable, M|87\/100 brn\n|move|p1a: Ting-Lu|Stealth Rock|p2a: Clefable\n|-sidestart|p2: sidtherockjohnson|move: Stealth Rock\n|\n|-heal|p2a: Clefable|93\/100 brn|[from] item: Leftovers\n|-heal|p1a: Ting-Lu|88\/100|[from] item: Leftovers\n|-damage|p2a: Clefable|87\/100 brn|[from] brn\n|upkeep\n|turn|23\n|\n|t:|1701069655\n|move|p2a: Clefable|Wish|p2a: Clefable\n|move|p1a: Ting-Lu|Ruination|p2a: Clefable\n|-damage|p2a: Clefable|44\/100 brn\n|\n|-heal|p2a: Clefable|50\/100 brn|[from] item: Leftovers\n|-heal|p1a: Ting-Lu|94\/100|[from] item: Leftovers\n|-damage|p2a: Clefable|44\/100 brn|[from] brn\n|upkeep\n|turn|24\n|\n|t:|1701069663\n|move|p2a: Clefable|Stealth Rock|p1a: Ting-Lu\n|-sidestart|p1: god of joe|move: Stealth Rock\n|move|p1a: Ting-Lu|Whirlwind|p2a: Clefable\n|drag|p2a: Arcanine|Arcanine-Hisui, F|100\/100\n|\n|-heal|p1a: Ting-Lu|99\/100|[from] item: Leftovers\n|upkeep\n|turn|25\n|\n|t:|1701069675\n|switch|p2a: Great Tusk|Great Tusk|69\/100 tox\n|-damage|p2a: Great Tusk|66\/100 tox|[from] Stealth Rock\n|move|p1a: Ting-Lu|Earthquake|p2a: Great Tusk\n|-damage|p2a: Great Tusk|45\/100 tox\n|\n|-heal|p2a: Great Tusk|51\/100 tox|[from] item: Leftovers\n|-heal|p1a: Ting-Lu|100\/100|[from] item: Leftovers\n|-damage|p2a: Great Tusk|45\/100 tox|[from] psn\n|upkeep\n|turn|26\n|\n|t:|1701069687\n|switch|p1a: Corviknight|Corviknight, F|57\/100 par\n|-damage|p1a: Corviknight|45\/100 par|[from] Stealth Rock\n|-ability|p1a: Corviknight|Pressure\n|move|p2a: Great Tusk|Close Combat|p1a: Corviknight\n|-damage|p1a: Corviknight|0 fnt\n|-unboost|p2a: Great Tusk|def|1\n|-unboost|p2a: Great Tusk|spd|1\n|faint|p1a: Corviknight\n|\n|-heal|p2a: Great Tusk|51\/100 tox|[from] item: Leftovers\n|-damage|p2a: Great Tusk|39\/100 tox|[from] psn\n|upkeep\n|\n|t:|1701069690\n|switch|p1a: Dragapult|Dragapult, F|94\/100\n|-damage|p1a: Dragapult|81\/100|[from] Spikes\n|-damage|p1a: Dragapult|69\/100|[from] Stealth Rock\n|turn|27\n|\n|t:|1701069708\n|move|p1a: Dragapult|Hex|p2a: Great Tusk\n|-damage|p2a: Great Tusk|0 fnt\n|faint|p2a: Great Tusk\n|-end|p2a: Great Tusk|Protosynthesis|[silent]\n|\n|-heal|p1a: Dragapult|75\/100|[from] item: Leftovers\n|upkeep\n|\n|t:|1701069726\n|switch|p2a: Arcanine|Arcanine-Hisui, F|100\/100\n|turn|28\n|\n|t:|1701069732\n|switch|p1a: Ting-Lu|Ting-Lu|100\/100\n|-damage|p1a: Ting-Lu|88\/100|[from] Spikes\n|-damage|p1a: Ting-Lu|82\/100|[from] Stealth Rock\n|-ability|p1a: Ting-Lu|Vessel of Ruin\n|move|p2a: Arcanine|Head Smash|p1a: Ting-Lu\n|-resisted|p1a: Ting-Lu\n|-damage|p1a: Ting-Lu|61\/100\n|\n|-heal|p1a: Ting-Lu|67\/100|[from] item: Leftovers\n|upkeep\n|turn|29\n|\n|t:|1701069744\n|switch|p2a: Clefable|Clefable, M|44\/100 brn\n|-damage|p2a: Clefable|31\/100 brn|[from] Stealth Rock\n|move|p1a: Ting-Lu|Earthquake|p2a: Clefable\n|-damage|p2a: Clefable|0 fnt\n|faint|p2a: Clefable\n|\n|-heal|p1a: Ting-Lu|73\/100|[from] item: Leftovers\n|upkeep\n|inactive|sidtherockjohnson has 120 seconds left.\n|\n|t:|1701069789\n|switch|p2a: Samurott|Samurott-Hisui, M|51\/100\n|-damage|p2a: Samurott|38\/100|[from] Stealth Rock\n|turn|30\n|inactive|god of joe has 120 seconds left.\n|\n|t:|1701069834\n|switch|p1a: Rillaboom|Rillaboom, F|100\/100\n|-damage|p1a: Rillaboom|88\/100|[from] Spikes\n|-damage|p1a: Rillaboom|76\/100|[from] Stealth Rock\n|-fieldstart|move: Grassy Terrain|[from] ability: Grassy Surge|[of] p1a: Rillaboom\n|move|p2a: Samurott|Sacred Sword|p1a: Rillaboom\n|-damage|p1a: Rillaboom|34\/100\n|\n|-heal|p2a: Samurott|44\/100|[from] Grassy Terrain\n|-heal|p1a: Rillaboom|40\/100|[from] Grassy Terrain\n|upkeep\n|turn|31\n|\n|t:|1701069853\n|switch|p2a: Zapdos|Zapdos|83\/100\n|-damage|p2a: Zapdos|58\/100|[from] Stealth Rock\n|move|p1a: Rillaboom|Knock Off|p2a: Zapdos\n|-damage|p2a: Zapdos|0 fnt\n|-damage|p1a: Rillaboom|24\/100|[from] item: Rocky Helmet|[of] p2a: Zapdos\n|-enditem|p2a: Zapdos|Rocky Helmet|[from] move: Knock Off|[of] p1a: Rillaboom\n|faint|p2a: Zapdos\n|\n|-heal|p1a: Rillaboom|30\/100|[from] Grassy Terrain\n|upkeep\n|inactive|sidtherockjohnson has 90 seconds left.\n|\n|t:|1701069864\n|switch|p2a: Arcanine|Arcanine-Hisui, F|100\/100\n|turn|32\n|inactive|god of joe has 120 seconds left.\n|\n|t:|1701069874\n|switch|p1a: Dragapult|Dragapult, F|75\/100\n|-damage|p1a: Dragapult|63\/100|[from] Spikes\n|-damage|p1a: Dragapult|50\/100|[from] Stealth Rock\n|move|p2a: Arcanine|Flare Blitz|p1a: Dragapult\n|-resisted|p1a: Dragapult\n|-damage|p1a: Dragapult|13\/100\n|\n|-heal|p1a: Dragapult|19\/100|[from] Grassy Terrain\n|-heal|p1a: Dragapult|25\/100|[from] item: Leftovers\n|upkeep\n|turn|33\n|\n|t:|1701069884\n|move|p1a: Dragapult|Dragon Darts|p2a: Arcanine\n|-damage|p2a: Arcanine|72\/100\n|-anim|p1a: Dragapult|Dragon Darts|p2a: Arcanine\n|-damage|p2a: Arcanine|46\/100\n|move|p2a: Arcanine|Flare Blitz|p1a: Dragapult\n|-resisted|p1a: Dragapult\n|-damage|p1a: Dragapult|0 fnt\n|faint|p1a: Dragapult\n|\n|-heal|p2a: Arcanine|52\/100|[from] Grassy Terrain\n|upkeep\n|\n|t:|1701069893\n|switch|p1a: Ting-Lu|Ting-Lu|73\/100\n|-damage|p1a: Ting-Lu|61\/100|[from] Spikes\n|-damage|p1a: Ting-Lu|55\/100|[from] Stealth Rock\n|-ability|p1a: Ting-Lu|Vessel of Ruin\n|turn|34\n|\n|t:|1701069905\n|-terastallize|p1a: Ting-Lu|Poison\n|move|p2a: Arcanine|Flare Blitz|p1a: Ting-Lu\n|-crit|p1a: Ting-Lu\n|-damage|p1a: Ting-Lu|10\/100\n|move|p1a: Ting-Lu|Earthquake|p2a: Arcanine\n|-supereffective|p2a: Arcanine\n|-damage|p2a: Arcanine|0 fnt\n|faint|p2a: Arcanine\n|\n|-heal|p1a: Ting-Lu|16\/100|[from] Grassy Terrain\n|-heal|p1a: Ting-Lu|22\/100|[from] item: Leftovers\n|-fieldend|move: Grassy Terrain\n|upkeep\n|\n|t:|1701069925\n|switch|p2a: Samurott|Samurott-Hisui, M|44\/100\n|-damage|p2a: Samurott|32\/100|[from] Stealth Rock\n|turn|35\n|\n|t:|1701069929\n|move|p2a: Samurott|Ceaseless Edge|p1a: Ting-Lu\n|-damage|p1a: Ting-Lu|0 fnt\n|-sidestart|p1: god of joe|Spikes\n|faint|p1a: Ting-Lu\n|\n|upkeep\n|\n|t:|1701069932\n|switch|p1a: Rillaboom|Rillaboom, F|30\/100\n|-damage|p1a: Rillaboom|13\/100|[from] Spikes\n|-damage|p1a: Rillaboom|1\/100|[from] Stealth Rock\n|-fieldstart|move: Grassy Terrain|[from] ability: Grassy Surge|[of] p1a: Rillaboom\n|turn|36\n|inactive|sidtherockjohnson has 90 seconds left.\n|l| jsjsjffj\n|\n|t:|1701069992\n|move|p2a: Samurott|Sucker Punch|p1a: Rillaboom\n|-damage|p1a: Rillaboom|0 fnt\n|faint|p1a: Rillaboom\n|\n|-heal|p2a: Samurott|38\/100|[from] Grassy Terrain\n|upkeep\n|\n|t:|1701070005\n|switch|p1a: Ogerpon|Ogerpon-Wellspring, F|84\/100\n|-damage|p1a: Ogerpon|67\/100|[from] Spikes\n|-damage|p1a: Ogerpon|55\/100|[from] Stealth Rock\n|turn|37\n|\n|t:|1701070010\n|move|p2a: Samurott|Sucker Punch|p1a: Ogerpon\n|-damage|p1a: Ogerpon|11\/100\n|move|p1a: Ogerpon|Horn Leech|p2a: Samurott\n|-supereffective|p2a: Samurott\n|-crit|p2a: Samurott\n|-damage|p2a: Samurott|0 fnt\n|-heal|p1a: Ogerpon|31\/100|[from] drain|[of] p2a: Samurott\n|faint|p2a: Samurott\n|\n|-heal|p1a: Ogerpon|37\/100|[from] Grassy Terrain\n|upkeep\n|\n|t:|1701070019\n|switch|p2a: Gholdengo|Gholdengo|100\/100\n|-damage|p2a: Gholdengo|94\/100|[from] Stealth Rock\n|turn|38\n|\n|t:|1701070023\n|move|p2a: Gholdengo|Shadow Ball|p1a: Ogerpon\n|-damage|p1a: Ogerpon|0 fnt\n|faint|p1a: Ogerpon\n|\n|win|sidtherockjohnson\n|raw|god of joe's rating: 1549 &rarr; <strong>1525<\/strong><br \/>(-24 for losing)\n|raw|sidtherockjohnson's rating: 1476 &rarr; <strong>1500<\/strong><br \/>(+24 for winning)\n|l|\u2606god of joe\n","uploadtime":1701070030,"views":35,"p1id":"godofjoe","p2id":"sidtherockjohnson","formatid":"gen9ou","rating":1500,"private":0,"password":""}