{"id":"gen9ou-1995029920","p1":"pk.nutmeg","p2":"geen idea","format":"[Gen 9] OU","log":"|j|\u2606pk.nutmeg\n|j|\u2606geen idea\n|t:|1700515067\n|gametype|singles\n|player|p1|pk.nutmeg|sabrina|1385\n|player|p2|geen idea|bellelba|1389\n|teamsize|p1|6\n|teamsize|p2|6\n|gen|9\n|tier|[Gen 9] OU\n|rated|\n|rule|Sleep Clause Mod: Limit one foe put to sleep\n|rule|Species Clause: Limit one of each Pok\u00e9mon\n|rule|OHKO Clause: OHKO moves are banned\n|rule|Evasion Items Clause: Evasion items are banned\n|rule|Evasion Moves Clause: Evasion moves are banned\n|rule|Endless Battle Clause: Forcing endless battles is banned\n|rule|HP Percentage Mod: HP is shown in percentages\n|clearpoke\n|poke|p1|Slowking-Galar, F|\n|poke|p1|Garganacl, M|\n|poke|p1|Thundurus-Therian, M|\n|poke|p1|Walking Wake|\n|poke|p1|Great Tusk|\n|poke|p1|Iron Moth|\n|poke|p2|Dondozo, F|\n|poke|p2|Sinistcha|\n|poke|p2|Great Tusk|\n|poke|p2|Samurott-Hisui, M|\n|poke|p2|Zapdos|\n|poke|p2|Slowking-Galar, M|\n|teampreview\n|inactive|Battle timer is ON: inactive players will automatically lose when time's up. (requested by geen idea)\n|\n|t:|1700515083\n|start\n|switch|p1a: Thundurus|Thundurus-Therian, M|100\/100\n|switch|p2a: Slowking|Slowking-Galar, M|100\/100\n|turn|1\n|\n|t:|1700515106\n|move|p1a: Thundurus|Knock Off|p2a: Slowking\n|-supereffective|p2a: Slowking\n|-damage|p2a: Slowking|60\/100\n|-enditem|p2a: Slowking|Assault Vest|[from] move: Knock Off|[of] p1a: Thundurus\n|move|p2a: Slowking|Future Sight|p1a: Thundurus\n|-start|p2a: Slowking|move: Future Sight\n|\n|upkeep\n|turn|2\n|\n|t:|1700515115\n|move|p1a: Thundurus|U-turn|p2a: Slowking\n|-damage|p2a: Slowking|44\/100\n|\n|t:|1700515119\n|switch|p1a: Slowking|Slowking-Galar, F|100\/100|[from] U-turn\n|move|p2a: Slowking|Ice Beam|p1a: Slowking\n|-damage|p1a: Slowking|85\/100\n|\n|upkeep\n|turn|3\n|\n|t:|1700515124\n|switch|p2a: Great Tusk|Great Tusk|100\/100\n|move|p1a: Slowking|Chilly Reception|p1a: Slowking\n|-weather|Snow\n|\n|t:|1700515134\n|switch|p1a: Garganacl|Garganacl, M|100\/100|[from] Chilly Reception\n|\n|-weather|Snow|[upkeep]\n|-end|p1a: Garganacl|move: Future Sight\n|-damage|p1a: Garganacl|51\/100\n|-heal|p1a: Garganacl|58\/100|[from] item: Leftovers\n|upkeep\n|turn|4\n|\n|t:|1700515137\n|move|p1a: Garganacl|Protect|p1a: Garganacl\n|-singleturn|p1a: Garganacl|Protect\n|move|p2a: Great Tusk|Headlong Rush|p1a: Garganacl\n|-activate|p1a: Garganacl|move: Protect\n|\n|-weather|Snow|[upkeep]\n|-heal|p1a: Garganacl|64\/100|[from] item: Leftovers\n|upkeep\n|turn|5\n|\n|t:|1700515144\n|switch|p1a: Thundurus|Thundurus-Therian, M|100\/100\n|move|p2a: Great Tusk|Headlong Rush|p1a: Thundurus\n|-immune|p1a: Thundurus\n|\n|-weather|Snow|[upkeep]\n|upkeep\n|turn|6\n|\n|t:|1700515153\n|-end|p2a: Great Tusk|Protosynthesis|[silent]\n|switch|p2a: Slowking|Slowking-Galar, M|77\/100\n|-terastallize|p1a: Thundurus|Flying\n|move|p1a: Thundurus|Tera Blast|p2a: Slowking|[anim] Tera Blast Flying\n|-damage|p2a: Slowking|30\/100\n|\n|-weather|Snow|[upkeep]\n|upkeep\n|turn|7\n|\n|t:|1700515179\n|switch|p2a: Zapdos|Zapdos|100\/100\n|move|p1a: Thundurus|Thunderbolt|p2a: Zapdos\n|-damage|p2a: Zapdos|50\/100\n|\n|-weather|none\n|upkeep\n|turn|8\n|\n|t:|1700515185\n|move|p1a: Thundurus|Thunderbolt|p2a: Zapdos\n|-damage|p2a: Zapdos|0 fnt\n|faint|p2a: Zapdos\n|\n|upkeep\n|\n|t:|1700515201\n|switch|p2a: Sinistcha|Sinistcha|100\/100\n|turn|9\n|\n|t:|1700515210\n|-terastallize|p2a: Sinistcha|Steel\n|move|p1a: Thundurus|Tera Blast|p2a: Sinistcha|[anim] Tera Blast Flying\n|-resisted|p2a: Sinistcha\n|-damage|p2a: Sinistcha|60\/100\n|move|p2a: Sinistcha|Calm Mind|p2a: Sinistcha\n|-boost|p2a: Sinistcha|spa|1\n|-boost|p2a: Sinistcha|spd|1\n|\n|-heal|p2a: Sinistcha|66\/100|[from] item: Leftovers\n|upkeep\n|turn|10\n|l|\u2606pk.nutmeg\n|inactive|pk.nutmeg disconnected and has a minute to reconnect!\n|player|p1|\n|j|\u2606pk.nutmeg\n|inactive|pk.nutmeg reconnected and has 125 seconds left.\n|player|p1|pk.nutmeg|sabrina\n|inactive|pk.nutmeg has 120 seconds left.\n|\n|t:|1700515249\n|move|p1a: Thundurus|Knock Off|p2a: Sinistcha\n|-damage|p2a: Sinistcha|50\/100\n|-enditem|p2a: Sinistcha|Leftovers|[from] move: Knock Off|[of] p1a: Thundurus\n|move|p2a: Sinistcha|Calm Mind|p2a: Sinistcha\n|-boost|p2a: Sinistcha|spa|1\n|-boost|p2a: Sinistcha|spd|1\n|\n|upkeep\n|turn|11\n|inactive|pk.nutmeg has 120 seconds left.\n|\n|t:|1700515257\n|move|p1a: Thundurus|Thunderbolt|p2a: Sinistcha\n|-damage|p2a: Sinistcha|16\/100\n|-status|p2a: Sinistcha|par\n|move|p2a: Sinistcha|Matcha Gotcha|p1a: Thundurus\n|-resisted|p1a: Thundurus\n|-damage|p1a: Thundurus|58\/100\n|-heal|p2a: Sinistcha|35\/100 par|[from] drain|[of] p1a: Thundurus\n|\n|upkeep\n|turn|12\n|\n|t:|1700515267\n|move|p1a: Thundurus|U-turn|p2a: Sinistcha\n|-resisted|p2a: Sinistcha\n|-damage|p2a: Sinistcha|30\/100 par\n|\n|t:|1700515272\n|switch|p1a: Slowking|Slowking-Galar, F|100\/100|[from] U-turn\n|move|p2a: Sinistcha|Shadow Ball|p1a: Slowking\n|-supereffective|p1a: Slowking\n|-damage|p1a: Slowking|25\/100\n|\n|upkeep\n|turn|13\n|inactive|pk.nutmeg has 120 seconds left.\n|inactive|geen idea has 120 seconds left.\n|c|\u2606geen idea|HOW TF FUCK IS IT THAT MY STATIC AND DISCHARCH HASN\"T PARALIZED ANYONE IN LIKE 5 MATCHES BUT EVERY THUNDER BULT PARAS ME\n|\n|t:|1700515307\n|move|p2a: Sinistcha|Strength Sap|p1a: Slowking\n|-unboost|p1a: Slowking|atk|1\n|-heal|p2a: Sinistcha|69\/100 par\n|move|p1a: Slowking|Toxic Spikes|p2a: Sinistcha\n|-sidestart|p2: geen idea|move: Toxic Spikes\n|\n|upkeep\n|turn|14\n|inactive|pk.nutmeg has 120 seconds left.\n|\n|t:|1700515317\n|cant|p2a: Sinistcha|par\n|move|p1a: Slowking|Future Sight|p2a: Sinistcha\n|-start|p1a: Slowking|move: Future Sight\n|\n|upkeep\n|turn|15\n|\n|t:|1700515321\n|move|p2a: Sinistcha|Matcha Gotcha|p1a: Slowking\n|-resisted|p1a: Slowking\n|-damage|p1a: Slowking|7\/100\n|-heal|p2a: Sinistcha|79\/100 par|[from] drain|[of] p1a: Slowking\n|move|p1a: Slowking|Toxic Spikes|p2a: Sinistcha\n|-sidestart|p2: geen idea|move: Toxic Spikes\n|\n|upkeep\n|turn|16\n|\n|t:|1700515328\n|move|p2a: Sinistcha|Shadow Ball|p1a: Slowking\n|-supereffective|p1a: Slowking\n|-damage|p1a: Slowking|0 fnt\n|faint|p1a: Slowking\n|\n|-end|p2a: Sinistcha|move: Future Sight\n|-resisted|p2a: Sinistcha\n|-damage|p2a: Sinistcha|65\/100 par\n|upkeep\n|\n|t:|1700515348\n|switch|p1a: Great Tusk|Great Tusk|100\/100\n|turn|17\n|\n|t:|1700515375\n|switch|p2a: Great Tusk|Great Tusk|100\/100\n|move|p1a: Great Tusk|Body Press|p2a: Great Tusk\n|-damage|p2a: Great Tusk|74\/100\n|\n|upkeep\n|turn|18\n|\n|t:|1700515392\n|move|p2a: Great Tusk|Knock Off|p1a: Great Tusk\n|-resisted|p1a: Great Tusk\n|-damage|p1a: Great Tusk|90\/100\n|-enditem|p1a: Great Tusk|Leftovers|[from] move: Knock Off|[of] p2a: Great Tusk\n|move|p1a: Great Tusk|Body Press|p2a: Great Tusk\n|-damage|p2a: Great Tusk|48\/100\n|\n|upkeep\n|turn|19\n|\n|t:|1700515401\n|-end|p2a: Great Tusk|Protosynthesis|[silent]\n|switch|p2a: Slowking|Slowking-Galar, M|64\/100\n|-sideend|p2: geen idea|move: Toxic Spikes|[of] p2a: Slowking\n|move|p1a: Great Tusk|Body Press|p2a: Slowking\n|-resisted|p2a: Slowking\n|-damage|p2a: Slowking|55\/100\n|\n|upkeep\n|turn|20\n|\n|t:|1700515408\n|switch|p2a: Dondozo|Dondozo, F|100\/100\n|move|p1a: Great Tusk|Earthquake|p2a: Dondozo\n|-damage|p2a: Dondozo|75\/100\n|\n|-heal|p2a: Dondozo|81\/100|[from] item: Leftovers\n|upkeep\n|turn|21\n|\n|t:|1700515415\n|-end|p1a: Great Tusk|Protosynthesis|[silent]\n|switch|p1a: Thundurus|Thundurus-Therian, M, tera:Flying|58\/100\n|move|p2a: Dondozo|Curse|p2a: Dondozo\n|-unboost|p2a: Dondozo|spe|1\n|-boost|p2a: Dondozo|atk|1\n|-boost|p2a: Dondozo|def|1\n|\n|-heal|p2a: Dondozo|87\/100|[from] item: Leftovers\n|upkeep\n|turn|22\n|\n|t:|1700515425\n|move|p1a: Thundurus|Thunderbolt|p2a: Dondozo\n|-supereffective|p2a: Dondozo\n|-damage|p2a: Dondozo|14\/100\n|move|p2a: Dondozo|Liquidation|p1a: Thundurus\n|-damage|p1a: Thundurus|0 fnt\n|faint|p1a: Thundurus\n|\n|-heal|p2a: Dondozo|20\/100|[from] item: Leftovers\n|upkeep\n|\n|t:|1700515445\n|switch|p1a: Walking Wake|Walking Wake|100\/100\n|turn|23\n|\n|t:|1700515449\n|switch|p2a: Slowking|Slowking-Galar, M|88\/100\n|move|p1a: Walking Wake|Scald|p2a: Slowking\n|-damage|p2a: Slowking|49\/100\n|\n|upkeep\n|turn|24\n|\n|t:|1700515459\n|-end|p1a: Walking Wake|Protosynthesis|[silent]\n|switch|p1a: Garganacl|Garganacl, M|64\/100\n|move|p2a: Slowking|Future Sight|p1a: Garganacl\n|-start|p2a: Slowking|move: Future Sight\n|\n|-heal|p1a: Garganacl|70\/100|[from] item: Leftovers\n|upkeep\n|turn|25\n|\n|t:|1700515473\n|switch|p2a: Sinistcha|Sinistcha, tera:Steel|65\/100 par\n|move|p1a: Garganacl|Salt Cure|p2a: Sinistcha\n|-resisted|p2a: Sinistcha\n|-damage|p2a: Sinistcha|60\/100 par\n|-start|p2a: Sinistcha|Salt Cure\n|\n|-heal|p1a: Garganacl|76\/100|[from] item: Leftovers\n|-damage|p2a: Sinistcha|35\/100 par|[from] Salt Cure\n|upkeep\n|turn|26\n|\n|t:|1700515493\n|move|p1a: Garganacl|Protect|p1a: Garganacl\n|-singleturn|p1a: Garganacl|Protect\n|move|p2a: Sinistcha|Matcha Gotcha|p1a: Garganacl\n|-activate|p1a: Garganacl|move: Protect\n|\n|-end|p1a: Garganacl|move: Future Sight\n|-damage|p1a: Garganacl|34\/100\n|-heal|p1a: Garganacl|41\/100|[from] item: Leftovers\n|-damage|p2a: Sinistcha|10\/100 par|[from] Salt Cure\n|upkeep\n|turn|27\n|\n|t:|1700515515\n|switch|p1a: Walking Wake|Walking Wake|100\/100\n|move|p2a: Sinistcha|Matcha Gotcha|p1a: Walking Wake\n|-damage|p1a: Walking Wake|60\/100\n|-heal|p2a: Sinistcha|30\/100 par|[from] drain|[of] p1a: Walking Wake\n|\n|-damage|p2a: Sinistcha|5\/100 par|[from] Salt Cure\n|upkeep\n|turn|28\n|\n|t:|1700515522\n|move|p1a: Walking Wake|Scald|p2a: Sinistcha\n|-damage|p2a: Sinistcha|0 fnt\n|faint|p2a: Sinistcha\n|\n|upkeep\n|\n|t:|1700515528\n|switch|p2a: Dondozo|Dondozo, F|20\/100\n|turn|29\n|\n|t:|1700515534\n|move|p1a: Walking Wake|Scald|p2a: Dondozo\n|-resisted|p2a: Dondozo\n|-damage|p2a: Dondozo|2\/100\n|move|p2a: Dondozo|Rest|p2a: Dondozo\n|-status|p2a: Dondozo|slp|[from] move: Rest\n|-heal|p2a: Dondozo|100\/100 slp|[silent]\n|\n|upkeep\n|turn|30\n|\n|t:|1700515545\n|-end|p1a: Walking Wake|Protosynthesis|[silent]\n|switch|p1a: Garganacl|Garganacl, M|41\/100\n|cant|p2a: Dondozo|slp\n|\n|-heal|p1a: Garganacl|47\/100|[from] item: Leftovers\n|upkeep\n|turn|31\n|\n|t:|1700515557\n|switch|p2a: Great Tusk|Great Tusk|48\/100\n|move|p1a: Garganacl|Salt Cure|p2a: Great Tusk\n|-resisted|p2a: Great Tusk\n|-damage|p2a: Great Tusk|45\/100\n|-start|p2a: Great Tusk|Salt Cure\n|\n|-heal|p1a: Garganacl|53\/100|[from] item: Leftovers\n|-damage|p2a: Great Tusk|33\/100|[from] Salt Cure\n|upkeep\n|turn|32\n|\n|t:|1700515565\n|move|p1a: Garganacl|Protect|p1a: Garganacl\n|-singleturn|p1a: Garganacl|Protect\n|move|p2a: Great Tusk|Headlong Rush|p1a: Garganacl\n|-activate|p1a: Garganacl|move: Protect\n|\n|-heal|p1a: Garganacl|59\/100|[from] item: Leftovers\n|-damage|p2a: Great Tusk|20\/100|[from] Salt Cure\n|upkeep\n|turn|33\n|\n|t:|1700515586\n|switch|p1a: Great Tusk|Great Tusk|90\/100\n|move|p2a: Great Tusk|Headlong Rush|p1a: Great Tusk\n|-damage|p1a: Great Tusk|52\/100\n|-unboost|p2a: Great Tusk|def|1\n|-unboost|p2a: Great Tusk|spd|1\n|\n|-damage|p2a: Great Tusk|8\/100|[from] Salt Cure\n|upkeep\n|turn|34\n|\n|t:|1700515595\n|move|p2a: Great Tusk|Headlong Rush|p1a: Great Tusk\n|-damage|p1a: Great Tusk|14\/100\n|-unboost|p2a: Great Tusk|def|1\n|-unboost|p2a: Great Tusk|spd|1\n|move|p1a: Great Tusk|Rapid Spin|p2a: Great Tusk\n|-damage|p2a: Great Tusk|0 fnt\n|-boost|p1a: Great Tusk|spe|1\n|faint|p2a: Great Tusk\n|-end|p2a: Great Tusk|Protosynthesis|[silent]\n|\n|upkeep\n|\n|t:|1700515599\n|switch|p2a: Samurott|Samurott-Hisui, M|100\/100\n|turn|35\n|\n|t:|1700515607\n|move|p1a: Great Tusk|Body Press|p2a: Samurott\n|-supereffective|p2a: Samurott\n|-damage|p2a: Samurott|18\/100\n|move|p2a: Samurott|Ceaseless Edge|p1a: Great Tusk\n|-resisted|p1a: Great Tusk\n|-damage|p1a: Great Tusk|0 fnt\n|-sidestart|p1: pk.nutmeg|Spikes\n|faint|p1a: Great Tusk\n|-end|p1a: Great Tusk|Protosynthesis|[silent]\n|\n|upkeep\n|\n|t:|1700515619\n|switch|p1a: Iron Moth|Iron Moth|100\/100\n|-damage|p1a: Iron Moth|88\/100|[from] Spikes\n|-enditem|p1a: Iron Moth|Booster Energy\n|-activate|p1a: Iron Moth|ability: Quark Drive|[fromitem]\n|-start|p1a: Iron Moth|quarkdrivespe\n|turn|36\n|\n|t:|1700515627\n|move|p2a: Samurott|Aqua Jet|p1a: Iron Moth\n|-supereffective|p1a: Iron Moth\n|-damage|p1a: Iron Moth|36\/100\n|move|p1a: Iron Moth|Fiery Dance|p2a: Samurott\n|-resisted|p2a: Samurott\n|-damage|p2a: Samurott|0 fnt\n|faint|p2a: Samurott\n|\n|upkeep\n|\n|t:|1700515631\n|switch|p2a: Slowking|Slowking-Galar, M|83\/100\n|turn|37\n|\n|t:|1700515638\n|move|p1a: Iron Moth|Fiery Dance|p2a: Slowking\n|-damage|p2a: Slowking|55\/100\n|move|p2a: Slowking|Future Sight|p1a: Iron Moth\n|-start|p2a: Slowking|move: Future Sight\n|\n|upkeep\n|turn|38\n|\n|t:|1700515648\n|move|p1a: Iron Moth|Fiery Dance|p2a: Slowking\n|-damage|p2a: Slowking|28\/100\n|move|p2a: Slowking|Sludge Bomb|p1a: Iron Moth\n|-resisted|p1a: Iron Moth\n|-damage|p1a: Iron Moth|18\/100\n|\n|upkeep\n|turn|39\n|\n|t:|1700515655\n|switch|p2a: Dondozo|Dondozo, F|100\/100 slp\n|move|p1a: Iron Moth|Fiery Dance|p2a: Dondozo\n|-resisted|p2a: Dondozo\n|-crit|p2a: Dondozo\n|-damage|p2a: Dondozo|81\/100 slp\n|-boost|p1a: Iron Moth|spa|1\n|\n|-end|p1a: Iron Moth|move: Future Sight\n|-supereffective|p1a: Iron Moth\n|-damage|p1a: Iron Moth|0 fnt\n|faint|p1a: Iron Moth\n|-end|p1a: Iron Moth|Quark Drive|[silent]\n|-heal|p2a: Dondozo|87\/100 slp|[from] item: Leftovers\n|upkeep\n|\n|t:|1700515662\n|switch|p1a: Garganacl|Garganacl, M|59\/100\n|-damage|p1a: Garganacl|47\/100|[from] Spikes\n|turn|40\n|\n|t:|1700515669\n|cant|p2a: Dondozo|slp\n|move|p1a: Garganacl|Salt Cure|p2a: Dondozo\n|-damage|p2a: Dondozo|79\/100 slp\n|-start|p2a: Dondozo|Salt Cure\n|\n|-heal|p1a: Garganacl|53\/100|[from] item: Leftovers\n|-heal|p2a: Dondozo|85\/100 slp|[from] item: Leftovers\n|-damage|p2a: Dondozo|60\/100 slp|[from] Salt Cure\n|upkeep\n|turn|41\n|\n|t:|1700515676\n|-curestatus|p2a: Dondozo|slp|[msg]\n|move|p2a: Dondozo|Curse|p2a: Dondozo\n|-unboost|p2a: Dondozo|spe|1\n|-boost|p2a: Dondozo|atk|1\n|-boost|p2a: Dondozo|def|1\n|move|p1a: Garganacl|Recover|p1a: Garganacl\n|-heal|p1a: Garganacl|100\/100\n|\n|-heal|p2a: Dondozo|66\/100|[from] item: Leftovers\n|-damage|p2a: Dondozo|41\/100|[from] Salt Cure\n|upkeep\n|turn|42\n|\n|t:|1700515685\n|move|p1a: Garganacl|Salt Cure|p2a: Dondozo\n|-damage|p2a: Dondozo|35\/100\n|move|p2a: Dondozo|Rest|p2a: Dondozo\n|-status|p2a: Dondozo|slp|[from] move: Rest\n|-heal|p2a: Dondozo|100\/100 slp|[silent]\n|\n|-damage|p2a: Dondozo|75\/100 slp|[from] Salt Cure\n|upkeep\n|turn|43\n|\n|t:|1700515692\n|switch|p1a: Walking Wake|Walking Wake|60\/100\n|-damage|p1a: Walking Wake|47\/100|[from] Spikes\n|cant|p2a: Dondozo|slp\n|\n|-heal|p2a: Dondozo|82\/100 slp|[from] item: Leftovers\n|-damage|p2a: Dondozo|57\/100 slp|[from] Salt Cure\n|upkeep\n|turn|44\n|\n|t:|1700515699\n|switch|p2a: Slowking|Slowking-Galar, M|61\/100\n|move|p1a: Walking Wake|Dragon Pulse|p2a: Slowking\n|-damage|p2a: Slowking|20\/100\n|\n|upkeep\n|turn|45\n|-message|geen idea forfeited.\n|l|\u2606geen idea\n|inactive|geen idea disconnected and has a minute to reconnect!\n|player|p2|\n|\n|win|pk.nutmeg\n|raw|pk.nutmeg's rating: 1385 &rarr; <strong>1405<\/strong><br \/>(+20 for winning)\n|raw|geen idea's rating: 1389 &rarr; <strong>1369<\/strong><br \/>(-20 for losing)\n","uploadtime":1700515308,"views":5,"p1id":"pknutmeg","p2id":"geenidea","formatid":"gen9ou","rating":1369,"private":0,"password":""}