{"id":"gen9ou-1999700179","p1":"Damien Leruss","p2":"I Siegs I","format":"[Gen 9] OU","log":"|j|\u2606Damien Leruss\n|j|\u2606I Siegs I\n|t:|1701108981\n|gametype|singles\n|player|p1|Damien Leruss|shauntal|1251\n|player|p2|I Siegs I|marshal|1287\n|teamsize|p1|6\n|teamsize|p2|6\n|gen|9\n|tier|[Gen 9] OU\n|rated|\n|rule|Sleep Clause Mod: Limit one foe put to sleep\n|rule|Species Clause: Limit one of each Pok\u00e9mon\n|rule|OHKO Clause: OHKO moves are banned\n|rule|Evasion Items Clause: Evasion items are banned\n|rule|Evasion Moves Clause: Evasion moves are banned\n|rule|Endless Battle Clause: Forcing endless battles is banned\n|rule|HP Percentage Mod: HP is shown in percentages\n|clearpoke\n|poke|p1|Dragapult, F|\n|poke|p1|Bellibolt, F|\n|poke|p1|Toxicroak, F|\n|poke|p1|Dunsparce, M|\n|poke|p1|Klefki, M|\n|poke|p1|Arboliva, M|\n|poke|p2|Alomomola, F|\n|poke|p2|Slowking-Galar, F|\n|poke|p2|Kingambit, F|\n|poke|p2|Great Tusk|\n|poke|p2|Cinderace, F|\n|poke|p2|Thundurus-Therian, M|\n|teampreview\n|inactive|Battle timer is ON: inactive players will automatically lose when time's up. (requested by Damien Leruss)\n|\n|t:|1701108986\n|start\n|switch|p1a: Dennis|Dunsparce, M|100\/100\n|switch|p2a: Slowking|Slowking-Galar, F|100\/100\n|turn|1\n|\n|t:|1701108992\n|move|p1a: Dennis|Coil|p1a: Dennis\n|-boost|p1a: Dennis|atk|1\n|-boost|p1a: Dennis|def|1\n|-boost|p1a: Dennis|accuracy|1\n|move|p2a: Slowking|Future Sight|p1a: Dennis\n|-start|p2a: Slowking|move: Future Sight\n|\n|upkeep\n|turn|2\n|\n|t:|1701108999\n|move|p1a: Dennis|Coil|p1a: Dennis\n|-boost|p1a: Dennis|atk|1\n|-boost|p1a: Dennis|def|1\n|-boost|p1a: Dennis|accuracy|1\n|move|p2a: Slowking|Sludge Bomb|p1a: Dennis\n|-damage|p1a: Dennis|83\/100\n|-status|p1a: Dennis|psn\n|\n|-damage|p1a: Dennis|71\/100 psn|[from] psn\n|upkeep\n|turn|3\n|\n|t:|1701109009\n|move|p1a: Dennis|Body Slam|p2a: Slowking\n|-damage|p2a: Slowking|59\/100\n|-status|p2a: Slowking|par\n|move|p2a: Slowking|Chilly Reception|p2a: Slowking\n|-weather|Snow\n|\n|t:|1701109017\n|switch|p2a: Thundurus|Thundurus-Therian, M|100\/100|[from] Chilly Reception\n|\n|-weather|Snow|[upkeep]\n|-end|p1a: Dennis|move: Future Sight\n|-damage|p1a: Dennis|45\/100 psn\n|-damage|p1a: Dennis|33\/100 psn|[from] psn\n|upkeep\n|turn|4\n|\n|t:|1701109025\n|move|p2a: Thundurus|Volt Switch|p1a: Dennis\n|-damage|p1a: Dennis|2\/100 psn\n|\n|t:|1701109029\n|switch|p2a: Slowking|Slowking-Galar, F|92\/100 par|[from] Volt Switch\n|move|p1a: Dennis|Roost|p1a: Dennis\n|-heal|p1a: Dennis|52\/100 psn\n|-singleturn|p1a: Dennis|move: Roost\n|\n|-weather|Snow|[upkeep]\n|-damage|p1a: Dennis|39\/100 psn|[from] psn\n|upkeep\n|turn|5\n|\n|t:|1701109037\n|move|p1a: Dennis|Body Slam|p2a: Slowking\n|-damage|p2a: Slowking|50\/100 par\n|move|p2a: Slowking|Future Sight|p1a: Dennis\n|-start|p2a: Slowking|move: Future Sight\n|\n|-weather|Snow|[upkeep]\n|-damage|p1a: Dennis|27\/100 psn|[from] psn\n|upkeep\n|turn|6\n|\n|t:|1701109045\n|move|p1a: Dennis|Body Slam|p2a: Slowking\n|-damage|p2a: Slowking|5\/100 par\n|cant|p2a: Slowking|par\n|\n|-weather|Snow|[upkeep]\n|-damage|p1a: Dennis|15\/100 psn|[from] psn\n|upkeep\n|turn|7\n|\n|t:|1701109055\n|switch|p2a: Kingambit|Kingambit, F|100\/100\n|move|p1a: Dennis|Body Slam|p2a: Kingambit\n|-resisted|p2a: Kingambit\n|-damage|p2a: Kingambit|85\/100\n|-status|p2a: Kingambit|par\n|\n|-weather|none\n|-end|p1a: Dennis|move: Future Sight\n|-damage|p1a: Dennis|0 fnt\n|faint|p1a: Dennis\n|-heal|p2a: Kingambit|91\/100 par|[from] item: Leftovers\n|upkeep\n|\n|t:|1701109066\n|switch|p1a: Fung Shu|Toxicroak, F|100\/100\n|turn|8\n|\n|t:|1701109070\n|-end|p2a: Kingambit|fallenundefined|[silent]\n|switch|p2a: Alomomola|Alomomola, F|100\/100\n|move|p1a: Fung Shu|Nasty Plot|p1a: Fung Shu\n|-boost|p1a: Fung Shu|spa|2\n|\n|upkeep\n|turn|9\n|\n|t:|1701109078\n|move|p1a: Fung Shu|Sludge Bomb|p2a: Alomomola\n|-damage|p2a: Alomomola|15\/100\n|-enditem|p2a: Alomomola|Red Card|[of] p1a: Fung Shu\n|drag|p1a: Cassius|Bellibolt, F|100\/100\n|move|p2a: Alomomola|Wish|p2a: Alomomola\n|\n|upkeep\n|turn|10\n|\n|t:|1701109089\n|switch|p2a: Slowking|Slowking-Galar, F|39\/100 par\n|move|p1a: Cassius|Parabolic Charge|p2a: Slowking\n|-damage|p2a: Slowking|25\/100 par\n|\n|-heal|p2a: Slowking|84\/100 par|[from] move: Wish|[wisher] Alomomola\n|upkeep\n|turn|11\n|\n|t:|1701109098\n|switch|p1a: Jingle Jangle|Klefki, M|100\/100\n|cant|p2a: Slowking|par\n|\n|upkeep\n|turn|12\n|\n|t:|1701109107\n|move|p1a: Jingle Jangle|Light Screen|p1a: Jingle Jangle\n|-sidestart|p1: Damien Leruss|move: Light Screen\n|cant|p2a: Slowking|par\n|\n|upkeep\n|turn|13\n|\n|t:|1701109111\n|move|p1a: Jingle Jangle|Reflect|p1a: Jingle Jangle\n|-sidestart|p1: Damien Leruss|Reflect\n|move|p2a: Slowking|Chilly Reception|p2a: Slowking\n|-weather|Snow\n|\n|t:|1701109118\n|switch|p2a: Great Tusk|Great Tusk|100\/100|[from] Chilly Reception\n|\n|-weather|Snow|[upkeep]\n|upkeep\n|turn|14\n|\n|t:|1701109124\n|move|p2a: Great Tusk|Stealth Rock|p1a: Jingle Jangle\n|-sidestart|p1: Damien Leruss|move: Stealth Rock\n|move|p1a: Jingle Jangle|Dazzling Gleam|p2a: Great Tusk\n|-supereffective|p2a: Great Tusk\n|-damage|p2a: Great Tusk|24\/100\n|\n|-weather|Snow|[upkeep]\n|upkeep\n|turn|15\n|\n|t:|1701109138\n|-end|p2a: Great Tusk|Protosynthesis|[silent]\n|switch|p2a: Slowking|Slowking-Galar, F|100\/100 par\n|move|p1a: Jingle Jangle|Dazzling Gleam|p2a: Slowking\n|-resisted|p2a: Slowking\n|-damage|p2a: Slowking|94\/100 par\n|\n|-weather|Snow|[upkeep]\n|upkeep\n|turn|16\n|\n|t:|1701109147\n|move|p1a: Jingle Jangle|Dazzling Gleam|p2a: Slowking\n|-resisted|p2a: Slowking\n|-damage|p2a: Slowking|87\/100 par\n|move|p2a: Slowking|Chilly Reception|p2a: Slowking\n|\n|t:|1701109154\n|switch|p2a: Cinderace|Cinderace, F|100\/100|[from] Chilly Reception\n|\n|-weather|Snow|[upkeep]\n|upkeep\n|turn|17\n|\n|t:|1701109161\n|switch|p2a: Slowking|Slowking-Galar, F|100\/100 par\n|move|p1a: Jingle Jangle|Thunder Wave|p2a: Slowking\n|-fail|p2a: Slowking|par\n|\n|-weather|none\n|upkeep\n|turn|18\n|\n|t:|1701109170\n|move|p1a: Jingle Jangle|Dazzling Gleam|p2a: Slowking\n|-resisted|p2a: Slowking\n|-damage|p2a: Slowking|94\/100 par\n|move|p2a: Slowking|Chilly Reception|p2a: Slowking\n|-weather|Snow\n|\n|t:|1701109175\n|switch|p2a: Thundurus|Thundurus-Therian, M|100\/100|[from] Chilly Reception\n|\n|-weather|Snow|[upkeep]\n|upkeep\n|turn|19\n|\n|t:|1701109181\n|switch|p1a: Cassius|Bellibolt, F|100\/100\n|-damage|p1a: Cassius|88\/100|[from] Stealth Rock\n|move|p2a: Thundurus|Volt Switch|p1a: Cassius\n|-resisted|p1a: Cassius\n|-damage|p1a: Cassius|75\/100\n|-start|p1a: Cassius|Charge|Volt Switch|[from] ability: Electromorphosis\n|\n|t:|1701109190\n|switch|p2a: Cinderace|Cinderace, F|100\/100|[from] Volt Switch\n|\n|-weather|Snow|[upkeep]\n|-sideend|p1: Damien Leruss|move: Light Screen\n|upkeep\n|turn|20\n|inactive|I Siegs I has 120 seconds left.\n|\n|t:|1701109230\n|move|p2a: Cinderace|U-turn|p1a: Cassius\n|-start|p2a: Cinderace|typechange|Bug|[from] ability: Libero\n|-damage|p1a: Cassius|65\/100\n|-start|p1a: Cassius|Charge|U-turn|[from] ability: Electromorphosis\n|\n|t:|1701109236\n|switch|p2a: Great Tusk|Great Tusk|24\/100|[from] U-turn\n|move|p1a: Cassius|Chilling Water|p2a: Great Tusk\n|-supereffective|p2a: Great Tusk\n|-damage|p2a: Great Tusk|0 fnt\n|faint|p2a: Great Tusk\n|-end|p2a: Great Tusk|Protosynthesis|[silent]\n|\n|-weather|Snow|[upkeep]\n|-sideend|p1: Damien Leruss|Reflect\n|upkeep\n|\n|t:|1701109261\n|switch|p2a: Slowking|Slowking-Galar, F|100\/100 par\n|turn|21\n|l|\u2606I Siegs I\n|inactive|I Siegs I disconnected and has a minute to reconnect!\n|player|p2|\n|\n|t:|1701109275\n|move|p1a: Cassius|Parabolic Charge|p2a: Slowking\n|-damage|p2a: Slowking|74\/100 par\n|-heal|p1a: Cassius|78\/100|[from] drain|[of] p2a: Slowking\n|-end|p1a: Cassius|Charge|[silent]\n|move|p2a: Slowking|Future Sight|p1a: Cassius\n|-start|p2a: Slowking|move: Future Sight\n|\n|-weather|Snow|[upkeep]\n|upkeep\n|turn|22\n|j|\u2606I Siegs I\n|inactive|I Siegs I reconnected and has 105 seconds left.\n|player|p2|I Siegs I|marshal\n|\n|t:|1701109300\n|switch|p1a: Fung Shu|Toxicroak, F|100\/100\n|-damage|p1a: Fung Shu|94\/100|[from] Stealth Rock\n|move|p2a: Slowking|Sludge Bomb|p1a: Fung Shu\n|-resisted|p1a: Fung Shu\n|-damage|p1a: Fung Shu|67\/100\n|\n|-weather|none\n|upkeep\n|turn|23\n|\n|t:|1701109309\n|switch|p2a: Kingambit|Kingambit, F|91\/100 par\n|-activate|p2a: Kingambit|ability: Supreme Overlord\n|-start|p2a: Kingambit|fallen1|[silent]\n|-terastallize|p1a: Fung Shu|Dark\n|move|p1a: Fung Shu|Nasty Plot|p1a: Fung Shu\n|-boost|p1a: Fung Shu|spa|2\n|\n|-end|p1a: Fung Shu|move: Future Sight\n|-immune|p1a: Fung Shu\n|-heal|p2a: Kingambit|97\/100 par|[from] item: Leftovers\n|upkeep\n|turn|24\n|\n|t:|1701109331\n|-end|p2a: Kingambit|fallen1|[silent]\n|switch|p2a: Slowking|Slowking-Galar, F|100\/100 par\n|move|p1a: Fung Shu|Focus Blast|p2a: Slowking\n|-resisted|p2a: Slowking\n|-damage|p2a: Slowking|82\/100 par\n|-damage|p1a: Fung Shu|58\/100|[from] item: Life Orb\n|\n|upkeep\n|turn|25\n|\n|t:|1701109339\n|move|p1a: Fung Shu|Dark Pulse|p2a: Slowking\n|-supereffective|p2a: Slowking\n|-damage|p2a: Slowking|0 fnt\n|faint|p2a: Slowking\n|-damage|p1a: Fung Shu|48\/100|[from] item: Life Orb\n|\n|upkeep\n|\n|t:|1701109342\n|switch|p2a: Thundurus|Thundurus-Therian, M|100\/100\n|turn|26\n|\n|t:|1701109349\n|switch|p1a: Cassius|Bellibolt, F|78\/100\n|-damage|p1a: Cassius|65\/100|[from] Stealth Rock\n|move|p2a: Thundurus|Volt Switch|p1a: Cassius\n|-resisted|p1a: Cassius\n|-damage|p1a: Cassius|37\/100\n|-start|p1a: Cassius|Charge|Volt Switch|[from] ability: Electromorphosis\n|-enditem|p1a: Cassius|Sitrus Berry|[eat]\n|-heal|p1a: Cassius|62\/100|[from] item: Sitrus Berry\n|\n|t:|1701109361\n|switch|p2a: Cinderace|Cinderace, F|100\/100|[from] Volt Switch\n|\n|upkeep\n|turn|27\n|\n|t:|1701109368\n|move|p2a: Cinderace|Pyro Ball|p1a: Cassius\n|-damage|p1a: Cassius|26\/100\n|-start|p1a: Cassius|Charge|Pyro Ball|[from] ability: Electromorphosis\n|move|p1a: Cassius|Toxic|p2a: Cinderace\n|-status|p2a: Cinderace|tox\n|\n|-damage|p2a: Cinderace|95\/100 tox|[from] psn\n|upkeep\n|turn|28\n|inactive|I Siegs I has 120 seconds left.\n|\n|t:|1701109380\n|move|p2a: Cinderace|U-turn|p1a: Cassius\n|-start|p2a: Cinderace|typechange|Bug|[from] ability: Libero\n|-damage|p1a: Cassius|4\/100\n|-start|p1a: Cassius|Charge|U-turn|[from] ability: Electromorphosis\n|inactive|I Siegs I has 120 seconds left.\n|\n|t:|1701109386\n|switch|p2a: Thundurus|Thundurus-Therian, M|100\/100|[from] U-turn\n|move|p1a: Cassius|Slack Off|p1a: Cassius\n|-heal|p1a: Cassius|54\/100\n|\n|upkeep\n|turn|29\n|inactive|I Siegs I has 120 seconds left.\n|\n|t:|1701109399\n|move|p2a: Thundurus|Tera Blast|p1a: Cassius\n|-damage|p1a: Cassius|13\/100\n|-start|p1a: Cassius|Charge|Tera Blast|[from] ability: Electromorphosis\n|move|p1a: Cassius|Slack Off|p1a: Cassius\n|-heal|p1a: Cassius|63\/100\n|\n|upkeep\n|turn|30\n|inactive|I Siegs I has 120 seconds left.\n|\n|t:|1701109409\n|switch|p2a: Kingambit|Kingambit, F|97\/100 par\n|-activate|p2a: Kingambit|ability: Supreme Overlord\n|-start|p2a: Kingambit|fallen2|[silent]\n|move|p1a: Cassius|Toxic||[still]\n|-fail|p1a: Cassius\n|\n|-heal|p2a: Kingambit|100\/100 par|[from] item: Leftovers\n|upkeep\n|turn|31\n|\n|t:|1701109416\n|move|p1a: Cassius|Chilling Water|p2a: Kingambit\n|-damage|p2a: Kingambit|89\/100 par\n|-unboost|p2a: Kingambit|atk|1\n|move|p2a: Kingambit|Kowtow Cleave|p1a: Cassius\n|-damage|p1a: Cassius|36\/100\n|-start|p1a: Cassius|Charge|Kowtow Cleave|[from] ability: Electromorphosis\n|\n|-heal|p2a: Kingambit|95\/100 par|[from] item: Leftovers\n|upkeep\n|turn|32\n|inactive|I Siegs I has 120 seconds left.\n|\n|t:|1701109442\n|move|p1a: Cassius|Slack Off|p1a: Cassius\n|-heal|p1a: Cassius|86\/100\n|move|p2a: Kingambit|Low Kick|p1a: Cassius\n|-damage|p1a: Cassius|67\/100\n|-start|p1a: Cassius|Charge|Low Kick|[from] ability: Electromorphosis\n|\n|-heal|p2a: Kingambit|100\/100 par|[from] item: Leftovers\n|upkeep\n|turn|33\n|\n|t:|1701109454\n|-end|p2a: Kingambit|fallen2|[silent]\n|switch|p2a: Alomomola|Alomomola, F|48\/100\n|move|p1a: Cassius|Chilling Water|p2a: Alomomola\n|-resisted|p2a: Alomomola\n|-damage|p2a: Alomomola|43\/100\n|-unboost|p2a: Alomomola|atk|1\n|\n|upkeep\n|turn|34\n|\n|t:|1701109462\n|move|p1a: Cassius|Parabolic Charge|p2a: Alomomola\n|-supereffective|p2a: Alomomola\n|-damage|p2a: Alomomola|0 fnt\n|-heal|p1a: Cassius|91\/100|[from] drain|[of] p2a: Alomomola\n|faint|p2a: Alomomola\n|-end|p1a: Cassius|Charge|[silent]\n|\n|upkeep\n|\n|t:|1701109469\n|switch|p2a: Thundurus|Thundurus-Therian, M|100\/100\n|turn|35\n|\n|t:|1701109476\n|-terastallize|p2a: Thundurus|Flying\n|move|p2a: Thundurus|Tera Blast|p1a: Cassius|[anim] Tera Blast Flying\n|-resisted|p1a: Cassius\n|-damage|p1a: Cassius|49\/100\n|-start|p1a: Cassius|Charge|Tera Blast|[from] ability: Electromorphosis\n|move|p1a: Cassius|Chilling Water|p2a: Thundurus\n|-damage|p2a: Thundurus|83\/100\n|-unboost|p2a: Thundurus|atk|1\n|\n|upkeep\n|turn|36\n|\n|t:|1701109486\n|move|p2a: Thundurus|Tera Blast|p1a: Cassius|[anim] Tera Blast Flying\n|-resisted|p1a: Cassius\n|-damage|p1a: Cassius|9\/100\n|-start|p1a: Cassius|Charge|Tera Blast|[from] ability: Electromorphosis\n|move|p1a: Cassius|Slack Off|p1a: Cassius\n|-heal|p1a: Cassius|59\/100\n|\n|upkeep\n|turn|37\n|l|\u2606I Siegs I\n|inactive|I Siegs I disconnected and has a minute to reconnect!\n|player|p2|\n|inactive|I Siegs I has 30 seconds to reconnect!\n|inactive|I Siegs I has 20 seconds to reconnect!\n|inactive|I Siegs I has 15 seconds to reconnect!\n|inactive|I Siegs I has 10 seconds to reconnect!\n|inactive|I Siegs I has 5 seconds to reconnect!\n|-message|I Siegs I lost due to inactivity.\n|\n|win|Damien Leruss\n|raw|Damien Leruss's rating: 1251 &rarr; <strong>1279<\/strong><br \/>(+28 for winning)\n|raw|I Siegs I's rating: 1287 &rarr; <strong>1259<\/strong><br \/>(-28 for losing)\n","uploadtime":1701109559,"views":11,"p1id":"damienleruss","p2id":"isiegsi","formatid":"gen9ou","rating":1259,"private":0,"password":""}