{"id":"gen9ou-1994831373","p1":"jvb420","p2":"Skaraptor2.1","format":"[Gen 9] OU","log":"|j|\u2606jvb420\n|j|\u2606Skaraptor2.1\n|t:|1700496835\n|gametype|singles\n|player|p1|jvb420|265|1235\n|player|p2|Skaraptor2.1|bodybuilderf-gen9|1209\n|teamsize|p1|6\n|teamsize|p2|6\n|gen|9\n|tier|[Gen 9] OU\n|rated|\n|rule|Sleep Clause Mod: Limit one foe put to sleep\n|rule|Species Clause: Limit one of each Pok\u00e9mon\n|rule|OHKO Clause: OHKO moves are banned\n|rule|Evasion Items Clause: Evasion items are banned\n|rule|Evasion Moves Clause: Evasion moves are banned\n|rule|Endless Battle Clause: Forcing endless battles is banned\n|rule|HP Percentage Mod: HP is shown in percentages\n|clearpoke\n|poke|p1|Amoonguss, F|\n|poke|p1|Gholdengo|\n|poke|p1|Zamazenta-*|\n|poke|p1|Ting-Lu|\n|poke|p1|Zapdos|\n|poke|p1|Slowking, M|\n|poke|p2|Ribombee, M|\n|poke|p2|Ogerpon-Wellspring, F|\n|poke|p2|Great Tusk|\n|poke|p2|Zamazenta-*|\n|poke|p2|Iron Valiant|\n|poke|p2|Kingambit, F|\n|teampreview\n|inactive|Battle timer is ON: inactive players will automatically lose when time's up. (requested by Skaraptor2.1)\n|\n|t:|1700496860\n|start\n|switch|p1a: Slowking|Slowking, M|100\/100\n|switch|p2a: Raging Queer|Great Tusk|100\/100\n|turn|1\n|\n|t:|1700496871\n|-end|p2a: Raging Queer|Protosynthesis|[silent]\n|switch|p2a: Transfem|Ogerpon-Wellspring, F|100\/100\n|move|p1a: Slowking|Future Sight|p2a: Transfem\n|-start|p1a: Slowking|move: Future Sight\n|\n|upkeep\n|turn|2\n|\n|t:|1700496879\n|move|p2a: Transfem|Knock Off|p1a: Slowking\n|-supereffective|p1a: Slowking\n|-damage|p1a: Slowking|14\/100\n|-enditem|p1a: Slowking|Heavy-Duty Boots|[from] move: Knock Off|[of] p2a: Transfem\n|move|p1a: Slowking|Chilly Reception|p1a: Slowking\n|-weather|Snow\n|\n|t:|1700496887\n|switch|p1a: Zapdos|Zapdos|100\/100|[from] Chilly Reception\n|\n|-weather|Snow|[upkeep]\n|upkeep\n|turn|3\n|\n|t:|1700496904\n|switch|p2a: Queengambit|Kingambit, F|100\/100\n|move|p1a: Zapdos|Weather Ball|p2a: Queengambit\n|-resisted|p2a: Queengambit\n|-damage|p2a: Queengambit|84\/100\n|\n|-weather|Snow|[upkeep]\n|-end|p2a: Queengambit|move: Future Sight\n|-immune|p2a: Queengambit\n|-heal|p2a: Queengambit|90\/100|[from] item: Leftovers\n|upkeep\n|turn|4\n|\n|t:|1700496913\n|move|p1a: Zapdos|Volt Switch|p2a: Queengambit\n|-damage|p2a: Queengambit|56\/100\n|\n|t:|1700496918\n|switch|p1a: Ting-Lu|Ting-Lu|100\/100|[from] Volt Switch\n|-ability|p1a: Ting-Lu|Vessel of Ruin\n|move|p2a: Queengambit|Swords Dance|p2a: Queengambit\n|-boost|p2a: Queengambit|atk|2\n|\n|-weather|Snow|[upkeep]\n|-heal|p2a: Queengambit|62\/100|[from] item: Leftovers\n|upkeep\n|turn|5\n|\n|t:|1700496931\n|move|p2a: Queengambit|Low Kick|p1a: Ting-Lu\n|-supereffective|p1a: Ting-Lu\n|-damage|p1a: Ting-Lu|1\/100\n|move|p1a: Ting-Lu|Whirlwind|p2a: Queengambit\n|-end|p2a: Queengambit|fallenundefined|[silent]\n|drag|p2a: Defender of Trans|Zamazenta, shiny|100\/100\n|-ability|p2a: Defender of Trans|Dauntless Shield|boost\n|-boost|p2a: Defender of Trans|def|1\n|\n|-weather|Snow|[upkeep]\n|upkeep\n|turn|6\n|\n|t:|1700496941\n|move|p2a: Defender of Trans|Crunch|p1a: Ting-Lu\n|-resisted|p1a: Ting-Lu\n|-damage|p1a: Ting-Lu|0 fnt\n|faint|p1a: Ting-Lu\n|\n|-weather|none\n|upkeep\n|\n|t:|1700496958\n|switch|p1a: Amoonguss|Amoonguss, F|100\/100\n|turn|7\n|\n|t:|1700496966\n|switch|p2a: Transfem|Ogerpon-Wellspring, F|100\/100\n|move|p1a: Amoonguss|Spore|p2a: Transfem\n|-immune|p2a: Transfem\n|\n|upkeep\n|turn|8\n|\n|t:|1700496976\n|move|p2a: Transfem|Swords Dance|p2a: Transfem\n|-boost|p2a: Transfem|atk|2\n|move|p1a: Amoonguss|Sludge Bomb|p2a: Transfem\n|-supereffective|p2a: Transfem\n|-damage|p2a: Transfem|38\/100\n|\n|upkeep\n|turn|9\n|\n|t:|1700496984\n|move|p2a: Transfem|Knock Off|p1a: Amoonguss\n|-damage|p1a: Amoonguss|39\/100\n|-enditem|p1a: Amoonguss|Heavy-Duty Boots|[from] move: Knock Off|[of] p2a: Transfem\n|move|p1a: Amoonguss|Sludge Bomb|p2a: Transfem\n|-supereffective|p2a: Transfem\n|-damage|p2a: Transfem|0 fnt\n|faint|p2a: Transfem\n|\n|upkeep\n|\n|t:|1700496994\n|switch|p2a: Raging Queer|Great Tusk|100\/100\n|turn|10\n|\n|t:|1700497002\n|move|p2a: Raging Queer|Earthquake|p1a: Amoonguss\n|-damage|p1a: Amoonguss|4\/100\n|move|p1a: Amoonguss|Giga Drain|p2a: Raging Queer\n|-supereffective|p2a: Raging Queer\n|-damage|p2a: Raging Queer|64\/100\n|-heal|p1a: Amoonguss|22\/100|[from] drain|[of] p2a: Raging Queer\n|\n|upkeep\n|turn|11\n|\n|t:|1700497008\n|switch|p1a: Zapdos|Zapdos|100\/100\n|move|p2a: Raging Queer|Earthquake|p1a: Zapdos\n|-immune|p1a: Zapdos\n|\n|upkeep\n|turn|12\n|\n|t:|1700497014\n|move|p1a: Zapdos|Hurricane|p2a: Raging Queer\n|-supereffective|p2a: Raging Queer\n|-damage|p2a: Raging Queer|0 fnt\n|faint|p2a: Raging Queer\n|-end|p2a: Raging Queer|Protosynthesis|[silent]\n|\n|upkeep\n|\n|t:|1700497018\n|switch|p2a: Twink|Ribombee, M|100\/100\n|turn|13\n|\n|t:|1700497024\n|move|p2a: Twink|Sticky Web|p1a: Zapdos\n|-sidestart|p1: jvb420|move: Sticky Web\n|move|p1a: Zapdos|Volt Switch|p2a: Twink\n|-damage|p2a: Twink|48\/100\n|\n|t:|1700497028\n|switch|p1a: Gholdengo|Gholdengo|100\/100|[from] Volt Switch\n|-activate|p1a: Gholdengo|move: Sticky Web\n|-unboost|p1a: Gholdengo|spe|1\n|\n|upkeep\n|turn|14\n|\n|t:|1700497045\n|move|p2a: Twink|Skill Swap|p1a: Gholdengo\n|-immune|p1a: Gholdengo|[from] ability: Good as Gold\n|move|p1a: Gholdengo|Shadow Ball|p2a: Twink\n|-damage|p2a: Twink|0 fnt\n|faint|p2a: Twink\n|\n|upkeep\n|\n|t:|1700497050\n|switch|p2a: Queengambit|Kingambit, F|62\/100\n|-activate|p2a: Queengambit|ability: Supreme Overlord\n|-start|p2a: Queengambit|fallen3|[silent]\n|turn|15\n|\n|t:|1700497058\n|switch|p1a: Zamazenta|Zamazenta|100\/100\n|-ability|p1a: Zamazenta|Dauntless Shield|boost\n|-boost|p1a: Zamazenta|def|1\n|move|p2a: Queengambit|Swords Dance|p2a: Queengambit\n|-boost|p2a: Queengambit|atk|2\n|\n|-heal|p2a: Queengambit|68\/100|[from] item: Leftovers\n|upkeep\n|turn|16\n|\n|t:|1700497063\n|move|p1a: Zamazenta|Close Combat|p2a: Queengambit\n|-supereffective|p2a: Queengambit\n|-damage|p2a: Queengambit|0 fnt\n|-unboost|p1a: Zamazenta|def|1\n|-unboost|p1a: Zamazenta|spd|1\n|faint|p2a: Queengambit\n|-end|p2a: Queengambit|fallen3|[silent]\n|\n|upkeep\n|\n|t:|1700497066\n|switch|p2a: Bigender|Iron Valiant|100\/100\n|-enditem|p2a: Bigender|Booster Energy\n|-activate|p2a: Bigender|ability: Quark Drive|[fromitem]\n|-start|p2a: Bigender|quarkdrivespe\n|turn|17\n|\n|t:|1700497087\n|-terastallize|p1a: Zamazenta|Steel\n|move|p2a: Bigender|Moonblast|p1a: Zamazenta\n|-resisted|p1a: Zamazenta\n|-crit|p1a: Zamazenta\n|-damage|p1a: Zamazenta|53\/100\n|move|p1a: Zamazenta|Heavy Slam|p2a: Bigender\n|-supereffective|p2a: Bigender\n|-damage|p2a: Bigender|0 fnt\n|faint|p2a: Bigender\n|-end|p2a: Bigender|Quark Drive|[silent]\n|\n|upkeep\n|l|\u2606Skaraptor2.1\n|inactive|Skaraptor2.1 disconnected and has a minute to reconnect!\n|player|p2|\n|j|\u2606Skaraptor2.1\n|inactive|Skaraptor2.1 reconnected and has 125 seconds left.\n|player|p2|Skaraptor2.1|bodybuilderf-gen9\n|inactive|Skaraptor2.1 has 120 seconds left.\n|\n|t:|1700497118\n|switch|p2a: Defender of Trans|Zamazenta, shiny|100\/100\n|turn|18\n|\n|t:|1700497122\n|-terastallize|p2a: Defender of Trans|Fire\n|move|p1a: Zamazenta|Close Combat|p2a: Defender of Trans\n|-damage|p2a: Defender of Trans|60\/100\n|-unboost|p1a: Zamazenta|def|1\n|-unboost|p1a: Zamazenta|spd|1\n|move|p2a: Defender of Trans|Iron Defense|p2a: Defender of Trans\n|-boost|p2a: Defender of Trans|def|2\n|\n|-heal|p2a: Defender of Trans|66\/100|[from] item: Leftovers\n|upkeep\n|turn|19\n|\n|t:|1700497132\n|move|p1a: Zamazenta|Stone Edge|p2a: Defender of Trans|[miss]\n|-miss|p1a: Zamazenta|p2a: Defender of Trans\n|move|p2a: Defender of Trans|Iron Defense|p2a: Defender of Trans\n|-boost|p2a: Defender of Trans|def|2\n|\n|-heal|p2a: Defender of Trans|72\/100|[from] item: Leftovers\n|upkeep\n|turn|20\n|\n|t:|1700497135\n|move|p1a: Zamazenta|Stone Edge|p2a: Defender of Trans\n|-supereffective|p2a: Defender of Trans\n|-crit|p2a: Defender of Trans\n|-damage|p2a: Defender of Trans|5\/100\n|move|p2a: Defender of Trans|Iron Defense|p2a: Defender of Trans\n|-boost|p2a: Defender of Trans|def|2\n|\n|-heal|p2a: Defender of Trans|12\/100|[from] item: Leftovers\n|upkeep\n|turn|21\n|\n|t:|1700497140\n|move|p1a: Zamazenta|Stone Edge|p2a: Defender of Trans\n|-supereffective|p2a: Defender of Trans\n|-damage|p2a: Defender of Trans|1\/100\n|move|p2a: Defender of Trans|Body Press|p1a: Zamazenta\n|-supereffective|p1a: Zamazenta\n|-damage|p1a: Zamazenta|0 fnt\n|faint|p1a: Zamazenta\n|\n|-heal|p2a: Defender of Trans|7\/100|[from] item: Leftovers\n|upkeep\n|\n|t:|1700497148\n|switch|p1a: Zapdos|Zapdos|100\/100\n|turn|22\n|\n|t:|1700497154\n|move|p2a: Defender of Trans|Body Press|p1a: Zapdos\n|-resisted|p1a: Zapdos\n|-damage|p1a: Zapdos|7\/100\n|move|p1a: Zapdos|Hurricane|p2a: Defender of Trans\n|-damage|p2a: Defender of Trans|0 fnt\n|faint|p2a: Defender of Trans\n|\n|win|jvb420\n|raw|jvb420's rating: 1235 &rarr; <strong>1258<\/strong><br \/>(+23 for winning)\n|raw|Skaraptor2.1's rating: 1209 &rarr; <strong>1186<\/strong><br \/>(-23 for losing)\n","uploadtime":1700497159,"views":4,"p1id":"jvb420","p2id":"skaraptor21","formatid":"gen9ou","rating":1186,"private":0,"password":""}