{"id":"gen9ou-1996640240","p1":"gaypride13","p2":"del water gap","format":"[Gen 9] OU","log":"|j|\u2606gaypride13\n|j|\u2606del water gap\n|t:|1700703956\n|gametype|singles\n|player|p1|gaypride13|swimmer-gen4dp|1602\n|player|p2|del water gap|acetrainersnowf|1652\n|teamsize|p1|6\n|teamsize|p2|6\n|gen|9\n|tier|[Gen 9] OU\n|rated|\n|rule|Sleep Clause Mod: Limit one foe put to sleep\n|rule|Species Clause: Limit one of each Pok\u00e9mon\n|rule|OHKO Clause: OHKO moves are banned\n|rule|Evasion Items Clause: Evasion items are banned\n|rule|Evasion Moves Clause: Evasion moves are banned\n|rule|Endless Battle Clause: Forcing endless battles is banned\n|rule|HP Percentage Mod: HP is shown in percentages\n|clearpoke\n|poke|p1|Garganacl, M|\n|poke|p1|Cinderace, M|\n|poke|p1|Great Tusk|\n|poke|p1|Slowking-Galar, M|\n|poke|p1|Rillaboom, M|\n|poke|p1|Dragapult, M|\n|poke|p2|Tinkaton, F|\n|poke|p2|Moltres|\n|poke|p2|Ting-Lu|\n|poke|p2|Gholdengo|\n|poke|p2|Slowking-Galar, F|\n|poke|p2|Meowscarada, F|\n|teampreview\n|inactive|Battle timer is ON: inactive players will automatically lose when time's up. (requested by gaypride13)\n|\n|t:|1700703991\n|start\n|switch|p1a: Dragapult|Dragapult, M|100\/100\n|switch|p2a: Meowscarada|Meowscarada, F|100\/100\n|turn|1\n|\n|t:|1700703999\n|switch|p2a: Ting-Lu|Ting-Lu|100\/100\n|-ability|p2a: Ting-Lu|Vessel of Ruin\n|move|p1a: Dragapult|Substitute|p1a: Dragapult\n|-start|p1a: Dragapult|Substitute\n|-damage|p1a: Dragapult|76\/100\n|\n|-heal|p1a: Dragapult|82\/100|[from] item: Leftovers\n|upkeep\n|turn|2\n|\n|t:|1700704004\n|move|p1a: Dragapult|Dragon Darts|p2a: Ting-Lu\n|-damage|p2a: Ting-Lu|84\/100\n|-anim|p1a: Dragapult|Dragon Darts|p2a: Ting-Lu\n|-damage|p2a: Ting-Lu|70\/100\n|move|p2a: Ting-Lu|Spikes|p1a: Dragapult\n|-sidestart|p1: gaypride13|Spikes\n|\n|-heal|p1a: Dragapult|88\/100|[from] item: Leftovers\n|-heal|p2a: Ting-Lu|76\/100|[from] item: Leftovers\n|upkeep\n|turn|3\n|\n|t:|1700704012\n|move|p1a: Dragapult|Dragon Darts|p2a: Ting-Lu\n|-damage|p2a: Ting-Lu|60\/100\n|-anim|p1a: Dragapult|Dragon Darts|p2a: Ting-Lu\n|-damage|p2a: Ting-Lu|45\/100\n|move|p2a: Ting-Lu|Whirlwind|p1a: Dragapult\n|drag|p1a: Slowking|Slowking-Galar, M|100\/100\n|-damage|p1a: Slowking|88\/100|[from] Spikes\n|\n|-heal|p2a: Ting-Lu|52\/100|[from] item: Leftovers\n|-heal|p1a: Slowking|94\/100|[from] item: Black Sludge\n|upkeep\n|turn|4\n|\n|t:|1700704021\n|move|p2a: Ting-Lu|Ruination|p1a: Slowking\n|-damage|p1a: Slowking|47\/100\n|move|p1a: Slowking|Future Sight|p2a: Ting-Lu\n|-start|p1a: Slowking|move: Future Sight\n|\n|-heal|p2a: Ting-Lu|58\/100|[from] item: Leftovers\n|-heal|p1a: Slowking|53\/100|[from] item: Black Sludge\n|upkeep\n|turn|5\n|\n|t:|1700704027\n|switch|p1a: Great Nose|Great Tusk|100\/100\n|-damage|p1a: Great Nose|88\/100|[from] Spikes\n|move|p2a: Ting-Lu|Whirlwind|p1a: Great Nose\n|-end|p1a: Great Nose|Protosynthesis|[silent]\n|drag|p1a: Slowking|Slowking-Galar, M|87\/100\n|-damage|p1a: Slowking|74\/100|[from] Spikes\n|\n|-heal|p2a: Ting-Lu|64\/100|[from] item: Leftovers\n|-heal|p1a: Slowking|80\/100|[from] item: Black Sludge\n|upkeep\n|turn|6\n|\n|t:|1700704033\n|move|p2a: Ting-Lu|Earthquake|p1a: Slowking\n|-supereffective|p1a: Slowking\n|-damage|p1a: Slowking|0 fnt\n|faint|p1a: Slowking\n|\n|-end|p2a: Ting-Lu|move: Future Sight\n|-immune|p2a: Ting-Lu\n|-heal|p2a: Ting-Lu|70\/100|[from] item: Leftovers\n|upkeep\n|\n|t:|1700704042\n|switch|p1a: Rillaboom|Rillaboom, M|100\/100\n|-damage|p1a: Rillaboom|88\/100|[from] Spikes\n|-fieldstart|move: Grassy Terrain|[from] ability: Grassy Surge|[of] p1a: Rillaboom\n|turn|7\n|\n|t:|1700704046\n|switch|p2a: Moltres|Moltres|100\/100\n|move|p1a: Rillaboom|Knock Off|p2a: Moltres\n|-damage|p2a: Moltres|61\/100\n|-enditem|p2a: Moltres|Heavy-Duty Boots|[from] move: Knock Off|[of] p1a: Rillaboom\n|\n|-heal|p1a: Rillaboom|94\/100|[from] Grassy Terrain\n|upkeep\n|turn|8\n|\n|t:|1700704051\n|switch|p1a: GOAT|Garganacl, M|100\/100\n|-damage|p1a: GOAT|88\/100|[from] Spikes\n|move|p2a: Moltres|U-turn|p1a: GOAT\n|-crit|p1a: GOAT\n|-damage|p1a: GOAT|75\/100\n|\n|t:|1700704063\n|switch|p2a: Meowscarada|Meowscarada, F|100\/100|[from] U-turn\n|\n|-heal|p1a: GOAT|81\/100|[from] Grassy Terrain\n|-heal|p1a: GOAT|87\/100|[from] item: Leftovers\n|upkeep\n|turn|9\n|\n|t:|1700704066\n|-terastallize|p1a: GOAT|Ghost\n|move|p2a: Meowscarada|Knock Off|p1a: GOAT\n|-start|p2a: Meowscarada|typechange|Dark|[from] ability: Protean\n|-supereffective|p1a: GOAT\n|-damage|p1a: GOAT|35\/100\n|-enditem|p1a: GOAT|Leftovers|[from] move: Knock Off|[of] p2a: Meowscarada\n|move|p1a: GOAT|Recover|p1a: GOAT\n|-heal|p1a: GOAT|86\/100\n|\n|-heal|p1a: GOAT|92\/100|[from] Grassy Terrain\n|upkeep\n|turn|10\n|\n|t:|1700704076\n|move|p2a: Meowscarada|Knock Off|p1a: GOAT\n|-supereffective|p1a: GOAT\n|-damage|p1a: GOAT|55\/100\n|move|p1a: GOAT|Salt Cure|p2a: Meowscarada\n|-damage|p2a: Meowscarada|79\/100\n|-start|p2a: Meowscarada|Salt Cure\n|\n|-heal|p2a: Meowscarada|85\/100|[from] Grassy Terrain\n|-heal|p1a: GOAT|61\/100|[from] Grassy Terrain\n|-damage|p2a: Meowscarada|73\/100|[from] Salt Cure\n|upkeep\n|turn|11\n|\n|t:|1700704081\n|move|p2a: Meowscarada|U-turn|p1a: GOAT\n|-resisted|p1a: GOAT\n|-crit|p1a: GOAT\n|-damage|p1a: GOAT|50\/100\n|\n|t:|1700704086\n|switch|p2a: Tinkaton|Tinkaton, F|100\/100|[from] U-turn\n|-ability|p2a: Tinkaton|Mold Breaker\n|move|p1a: GOAT|Recover|p1a: GOAT\n|-heal|p1a: GOAT|100\/100\n|\n|-fieldend|move: Grassy Terrain\n|upkeep\n|turn|12\n|\n|t:|1700704091\n|switch|p1a: Cinderace|Cinderace, M|100\/100\n|move|p2a: Tinkaton|Encore||[still]\n|-fail|p2a: Tinkaton\n|\n|upkeep\n|turn|13\n|\n|t:|1700704099\n|move|p1a: Cinderace|U-turn|p2a: Tinkaton\n|-start|p1a: Cinderace|typechange|Bug|[from] ability: Libero\n|-resisted|p2a: Tinkaton\n|-damage|p2a: Tinkaton|91\/100\n|-enditem|p2a: Tinkaton|Red Card|[of] p1a: Cinderace\n|drag|p1a: Dragapult|Dragapult, M|88\/100\n|-damage|p1a: Dragapult|75\/100|[from] Spikes\n|move|p2a: Tinkaton|Knock Off|p1a: Dragapult\n|-supereffective|p1a: Dragapult\n|-damage|p1a: Dragapult|31\/100\n|-enditem|p1a: Dragapult|Leftovers|[from] move: Knock Off|[of] p2a: Tinkaton\n|\n|upkeep\n|turn|14\n|\n|t:|1700704114\n|move|p1a: Dragapult|Substitute|p1a: Dragapult\n|-start|p1a: Dragapult|Substitute\n|-damage|p1a: Dragapult|6\/100\n|move|p2a: Tinkaton|Gigaton Hammer|p1a: Dragapult\n|-end|p1a: Dragapult|Substitute\n|\n|upkeep\n|turn|15\n|\n|t:|1700704119\n|move|p1a: Dragapult|Phantom Force||[still]\n|-prepare|p1a: Dragapult|Phantom Force\n|move|p2a: Tinkaton|Knock Off|p1a: Dragapult|[miss]\n|-miss|p2a: Tinkaton|p1a: Dragapult\n|\n|upkeep\n|turn|16\n|\n|t:|1700704122\n|switch|p2a: Ting-Lu|Ting-Lu|70\/100\n|-ability|p2a: Ting-Lu|Vessel of Ruin\n|move|p1a: Dragapult|Phantom Force|p2a: Ting-Lu|[from]lockedmove\n|-resisted|p2a: Ting-Lu\n|-damage|p2a: Ting-Lu|58\/100\n|\n|-heal|p2a: Ting-Lu|64\/100|[from] item: Leftovers\n|upkeep\n|turn|17\n|\n|t:|1700704130\n|move|p1a: Dragapult|Dragon Darts|p2a: Ting-Lu\n|-damage|p2a: Ting-Lu|49\/100\n|-anim|p1a: Dragapult|Dragon Darts|p2a: Ting-Lu\n|-damage|p2a: Ting-Lu|35\/100\n|move|p2a: Ting-Lu|Whirlwind|p1a: Dragapult\n|drag|p1a: Cinderace|Cinderace, M|100\/100\n|\n|-heal|p2a: Ting-Lu|41\/100|[from] item: Leftovers\n|upkeep\n|turn|18\n|\n|t:|1700704138\n|switch|p2a: Moltres|Moltres|61\/100\n|move|p1a: Cinderace|U-turn|p2a: Moltres\n|-start|p1a: Cinderace|typechange|Bug|[from] ability: Libero\n|-resisted|p2a: Moltres\n|-damage|p2a: Moltres|55\/100\n|\n|t:|1700704142\n|switch|p1a: GOAT|Garganacl, M, tera:Ghost|100\/100|[from] U-turn\n|-damage|p1a: GOAT|88\/100|[from] Spikes\n|\n|upkeep\n|turn|19\n|\n|t:|1700704145\n|move|p2a: Moltres|U-turn|p1a: GOAT\n|-resisted|p1a: GOAT\n|-damage|p1a: GOAT|84\/100\n|\n|t:|1700704147\n|switch|p2a: Slowking|Slowking-Galar, F|100\/100|[from] U-turn\n|move|p1a: GOAT|Salt Cure|p2a: Slowking\n|-damage|p2a: Slowking|86\/100\n|-start|p2a: Slowking|Salt Cure\n|\n|-damage|p2a: Slowking|73\/100|[from] Salt Cure\n|upkeep\n|turn|20\n|\n|t:|1700704154\n|move|p1a: GOAT|Iron Defense|p1a: GOAT\n|-boost|p1a: GOAT|def|2\n|move|p2a: Slowking|Future Sight|p1a: GOAT\n|-start|p2a: Slowking|move: Future Sight\n|\n|-damage|p2a: Slowking|61\/100|[from] Salt Cure\n|upkeep\n|turn|21\n|\n|t:|1700704158\n|move|p1a: GOAT|Iron Defense|p1a: GOAT\n|-boost|p1a: GOAT|def|2\n|move|p2a: Slowking|Chilly Reception|p2a: Slowking\n|-weather|Snow\n|\n|t:|1700704161\n|switch|p2a: Tinkaton|Tinkaton, F|91\/100|[from] Chilly Reception\n|-ability|p2a: Tinkaton|Mold Breaker\n|\n|-weather|Snow|[upkeep]\n|upkeep\n|turn|22\n|\n|t:|1700704166\n|switch|p1a: Dragapult|Dragapult, M|6\/100\n|-damage|p1a: Dragapult|0 fnt|[from] Spikes\n|faint|p1a: Dragapult\n|move|p2a: Tinkaton|Encore|p1: Dragapult|[notarget]\n|-fail|p2a: Tinkaton\n|\n|-weather|Snow|[upkeep]\n|-hint|Future Sight did not hit because the target is fainted.\n|upkeep\n|\n|t:|1700704169\n|switch|p1a: Cinderace|Cinderace, M|100\/100\n|turn|23\n|\n|t:|1700704175\n|switch|p2a: Moltres|Moltres|55\/100\n|move|p1a: Cinderace|Pyro Ball|p2a: Moltres\n|-resisted|p2a: Moltres\n|-damage|p2a: Moltres|33\/100\n|\n|-weather|Snow|[upkeep]\n|upkeep\n|turn|24\n|\n|t:|1700704183\n|move|p1a: Cinderace|Court Change|p1a: Cinderace\n|-start|p1a: Cinderace|typechange|Normal|[from] ability: Libero\n|-swapsideconditions\n|-activate|p1a: Cinderace|move: Court Change\n|move|p2a: Moltres|Roost|p2a: Moltres\n|-heal|p2a: Moltres|83\/100\n|-singleturn|p2a: Moltres|move: Roost\n|\n|-weather|Snow|[upkeep]\n|upkeep\n|turn|25\n|\n|t:|1700704191\n|switch|p1a: GOAT|Garganacl, M, tera:Ghost|84\/100\n|move|p2a: Moltres|Flamethrower|p1a: GOAT\n|-damage|p1a: GOAT|55\/100\n|\n|-weather|none\n|upkeep\n|turn|26\n|\n|t:|1700704207\n|move|p2a: Moltres|U-turn|p1a: GOAT\n|-resisted|p1a: GOAT\n|-damage|p1a: GOAT|51\/100\n|\n|t:|1700704215\n|switch|p2a: Slowking|Slowking-Galar, F|94\/100|[from] U-turn\n|move|p1a: GOAT|Salt Cure|p2a: Slowking\n|-damage|p2a: Slowking|80\/100\n|-start|p2a: Slowking|Salt Cure\n|\n|-damage|p2a: Slowking|67\/100|[from] Salt Cure\n|upkeep\n|turn|27\n|\n|t:|1700704218\n|move|p1a: GOAT|Recover|p1a: GOAT\n|-heal|p1a: GOAT|100\/100\n|move|p2a: Slowking|Future Sight|p1a: GOAT\n|-start|p2a: Slowking|move: Future Sight\n|\n|-damage|p2a: Slowking|55\/100|[from] Salt Cure\n|upkeep\n|turn|28\n|\n|t:|1700704223\n|move|p1a: GOAT|Salt Cure|p2a: Slowking\n|-damage|p2a: Slowking|40\/100\n|move|p2a: Slowking|Chilly Reception|p2a: Slowking\n|-weather|Snow\n|\n|t:|1700704245\n|switch|p2a: Ting-Lu|Ting-Lu|41\/100|[from] Chilly Reception\n|-damage|p2a: Ting-Lu|29\/100|[from] Spikes\n|-ability|p2a: Ting-Lu|Vessel of Ruin\n|\n|-weather|Snow|[upkeep]\n|-heal|p2a: Ting-Lu|35\/100|[from] item: Leftovers\n|upkeep\n|turn|29\n|\n|t:|1700704255\n|move|p2a: Ting-Lu|Spikes|p1a: GOAT\n|-sidestart|p1: gaypride13|Spikes\n|move|p1a: GOAT|Iron Defense|p1a: GOAT\n|-boost|p1a: GOAT|def|2\n|\n|-weather|Snow|[upkeep]\n|-end|p1a: GOAT|move: Future Sight\n|-damage|p1a: GOAT|73\/100\n|-heal|p2a: Ting-Lu|41\/100|[from] item: Leftovers\n|upkeep\n|turn|30\n|\n|t:|1700704259\n|move|p1a: GOAT|Body Press|p2a: Ting-Lu\n|-supereffective|p2a: Ting-Lu\n|-damage|p2a: Ting-Lu|0 fnt\n|faint|p2a: Ting-Lu\n|\n|-weather|Snow|[upkeep]\n|upkeep\n|\n|t:|1700704271\n|switch|p2a: Meowscarada|Meowscarada, F|73\/100\n|turn|31\n|\n|t:|1700704274\n|move|p2a: Meowscarada|Flower Trick|p1a: GOAT\n|-start|p2a: Meowscarada|typechange|Grass|[from] ability: Protean\n|-crit|p1a: GOAT\n|-damage|p1a: GOAT|44\/100\n|move|p1a: GOAT|Recover|p1a: GOAT\n|-heal|p1a: GOAT|94\/100\n|\n|-weather|Snow|[upkeep]\n|upkeep\n|turn|32\n|\n|t:|1700704282\n|move|p2a: Meowscarada|U-turn|p1a: GOAT\n|-resisted|p1a: GOAT\n|-damage|p1a: GOAT|91\/100\n|\n|t:|1700704284\n|switch|p2a: Slowking|Slowking-Galar, F|74\/100|[from] U-turn\n|move|p1a: GOAT|Body Press|p2a: Slowking\n|-resisted|p2a: Slowking\n|-damage|p2a: Slowking|58\/100\n|\n|-weather|none\n|upkeep\n|turn|33\n|\n|t:|1700704287\n|move|p1a: GOAT|Salt Cure|p2a: Slowking\n|-damage|p2a: Slowking|44\/100\n|-start|p2a: Slowking|Salt Cure\n|move|p2a: Slowking|Chilly Reception|p2a: Slowking\n|-weather|Snow\n|\n|t:|1700704293\n|switch|p2a: Meowscarada|Meowscarada, F|73\/100|[from] Chilly Reception\n|\n|-weather|Snow|[upkeep]\n|upkeep\n|turn|34\n|\n|t:|1700704297\n|move|p2a: Meowscarada|U-turn|p1a: GOAT\n|-start|p2a: Meowscarada|typechange|Bug|[from] ability: Protean\n|-resisted|p1a: GOAT\n|-damage|p1a: GOAT|86\/100\n|\n|t:|1700704299\n|switch|p2a: Slowking|Slowking-Galar, F|77\/100|[from] U-turn\n|move|p1a: GOAT|Salt Cure|p2a: Slowking\n|-damage|p2a: Slowking|62\/100\n|-start|p2a: Slowking|Salt Cure\n|\n|-weather|Snow|[upkeep]\n|-damage|p2a: Slowking|49\/100|[from] Salt Cure\n|upkeep\n|turn|35\n|\n|t:|1700704303\n|move|p1a: GOAT|Salt Cure|p2a: Slowking\n|-damage|p2a: Slowking|34\/100\n|move|p2a: Slowking|Slack Off|p2a: Slowking\n|-heal|p2a: Slowking|84\/100\n|\n|-weather|Snow|[upkeep]\n|-damage|p2a: Slowking|72\/100|[from] Salt Cure\n|upkeep\n|turn|36\n|\n|t:|1700704308\n|move|p1a: GOAT|Iron Defense|p1a: GOAT\n|-boost|p1a: GOAT|def|2\n|move|p2a: Slowking|Future Sight|p1a: GOAT\n|-start|p2a: Slowking|move: Future Sight\n|\n|-weather|Snow|[upkeep]\n|-damage|p2a: Slowking|60\/100|[from] Salt Cure\n|upkeep\n|turn|37\n|\n|t:|1700704316\n|move|p1a: GOAT|Salt Cure|p2a: Slowking\n|-damage|p2a: Slowking|46\/100\n|move|p2a: Slowking|Slack Off|p2a: Slowking\n|-heal|p2a: Slowking|96\/100\n|\n|-weather|none\n|-damage|p2a: Slowking|83\/100|[from] Salt Cure\n|upkeep\n|turn|38\n|\n|t:|1700704323\n|move|p1a: GOAT|Body Press|p2a: Slowking\n|-resisted|p2a: Slowking\n|-damage|p2a: Slowking|61\/100\n|move|p2a: Slowking|Chilly Reception|p2a: Slowking\n|-weather|Snow\n|\n|t:|1700704328\n|switch|p2a: Meowscarada|Meowscarada, F|73\/100|[from] Chilly Reception\n|\n|-weather|Snow|[upkeep]\n|-end|p1a: GOAT|move: Future Sight\n|-damage|p1a: GOAT|50\/100\n|upkeep\n|turn|39\n|\n|t:|1700704338\n|move|p2a: Meowscarada|U-turn|p1a: GOAT\n|-start|p2a: Meowscarada|typechange|Bug|[from] ability: Protean\n|-resisted|p1a: GOAT\n|-damage|p1a: GOAT|47\/100\n|\n|t:|1700704340\n|switch|p2a: Slowking|Slowking-Galar, F|94\/100|[from] U-turn\n|move|p1a: GOAT|Recover|p1a: GOAT\n|-heal|p1a: GOAT|97\/100\n|\n|-weather|Snow|[upkeep]\n|upkeep\n|turn|40\n|\n|t:|1700704344\n|move|p1a: GOAT|Salt Cure|p2a: Slowking\n|-damage|p2a: Slowking|80\/100\n|-start|p2a: Slowking|Salt Cure\n|move|p2a: Slowking|Future Sight|p1a: GOAT\n|-start|p2a: Slowking|move: Future Sight\n|\n|-weather|Snow|[upkeep]\n|-damage|p2a: Slowking|67\/100|[from] Salt Cure\n|upkeep\n|turn|41\n|\n|t:|1700704350\n|switch|p1a: Cinderace|Cinderace, M|100\/100\n|move|p2a: Slowking|Chilly Reception|p2a: Slowking\n|\n|t:|1700704353\n|switch|p2a: Moltres|Moltres|83\/100|[from] Chilly Reception\n|\n|-weather|Snow|[upkeep]\n|upkeep\n|turn|42\n|\n|t:|1700704359\n|move|p1a: Cinderace|U-turn|p2a: Moltres\n|-start|p1a: Cinderace|typechange|Bug|[from] ability: Libero\n|-resisted|p2a: Moltres\n|-damage|p2a: Moltres|77\/100\n|\n|t:|1700704362\n|switch|p1a: GOAT|Garganacl, M, tera:Ghost|97\/100|[from] U-turn\n|-damage|p1a: GOAT|84\/100|[from] Spikes\n|move|p2a: Moltres|Flamethrower|p1a: GOAT\n|-damage|p1a: GOAT|51\/100\n|\n|-weather|none\n|-end|p1a: GOAT|move: Future Sight\n|-damage|p1a: GOAT|10\/100\n|upkeep\n|turn|43\n|-message|gaypride13 forfeited.\n|\n|win|del water gap\n|raw|gaypride13's rating: 1602 &rarr; <strong>1585<\/strong><br \/>(-17 for losing)\n|raw|del water gap's rating: 1652 &rarr; <strong>1669<\/strong><br \/>(+17 for winning)\n|l|\u2606gaypride13\n","uploadtime":1700704370,"views":3,"p1id":"gaypride13","p2id":"delwatergap","formatid":"gen9ou","rating":1585,"private":0,"password":""}