{"id":"gen9ou-1997319194","p1":"SCHIZODROOLER98","p2":"DeepFriedMagikarp","format":"[Gen 9] OU","log":"|j|\u2606SCHIZODROOLER98\n|j|\u2606DeepFriedMagikarp\n|t:|1700788877\n|gametype|singles\n|player|p1|SCHIZODROOLER98|medium|1620\n|player|p2|DeepFriedMagikarp|ninjaboy|1903\n|teamsize|p1|6\n|teamsize|p2|6\n|gen|9\n|tier|[Gen 9] OU\n|rated|\n|rule|Sleep Clause Mod: Limit one foe put to sleep\n|rule|Species Clause: Limit one of each Pok\u00e9mon\n|rule|OHKO Clause: OHKO moves are banned\n|rule|Evasion Items Clause: Evasion items are banned\n|rule|Evasion Moves Clause: Evasion moves are banned\n|rule|Endless Battle Clause: Forcing endless battles is banned\n|rule|HP Percentage Mod: HP is shown in percentages\n|clearpoke\n|poke|p1|Ninetales-Alola, F|\n|poke|p1|Slowbro-Galar, M|\n|poke|p1|Enamorus-Therian, F|\n|poke|p1|Iron Hands|\n|poke|p1|Kingambit, M|\n|poke|p1|Ceruledge, F|\n|poke|p2|Maushold|\n|poke|p2|Rillaboom, M|\n|poke|p2|Great Tusk|\n|poke|p2|Heatran, F|\n|poke|p2|Enamorus, F|\n|poke|p2|Kingambit, F|\n|teampreview\n|inactive|Battle timer is ON: inactive players will automatically lose when time's up. (requested by DeepFriedMagikarp)\n|j| Malilou\n|\n|t:|1700788904\n|start\n|switch|p1a: DEEZ HANDS|Iron Hands|100\/100\n|switch|p2a: Maushold|Maushold|100\/100\n|turn|1\n|\n|t:|1700788909\n|switch|p2a: Great Tusk|Great Tusk|100\/100\n|move|p1a: DEEZ HANDS|Swords Dance|p1a: DEEZ HANDS\n|-boost|p1a: DEEZ HANDS|atk|2\n|\n|upkeep\n|turn|2\n|\n|t:|1700788911\n|-terastallize|p1a: DEEZ HANDS|Ice\n|move|p2a: Great Tusk|Headlong Rush|p1a: DEEZ HANDS\n|-damage|p1a: DEEZ HANDS|64\/100\n|-unboost|p2a: Great Tusk|def|1\n|-unboost|p2a: Great Tusk|spd|1\n|move|p1a: DEEZ HANDS|Ice Punch|p2a: Great Tusk\n|-supereffective|p2a: Great Tusk\n|-damage|p2a: Great Tusk|0 fnt\n|faint|p2a: Great Tusk\n|-end|p2a: Great Tusk|Protosynthesis|[silent]\n|\n|upkeep\n|j| chupadorderola24\n|\n|t:|1700788920\n|switch|p2a: Heatran|Heatran, F|100\/100\n|turn|3\n|c|\u2606DeepFriedMagikarp|aight hope i dont miss\n|\n|t:|1700788928\n|-end|p1a: DEEZ HANDS|Quark Drive|[silent]\n|switch|p1a: JOHN DARKSOULS|Ceruledge, F|100\/100\n|move|p2a: Heatran|Magma Storm|p1a: JOHN DARKSOULS\n|-start|p1a: JOHN DARKSOULS|ability: Flash Fire\n|\n|upkeep\n|turn|4\n|\n|t:|1700788932\n|move|p2a: Heatran|Earth Power|p1a: JOHN DARKSOULS\n|-supereffective|p1a: JOHN DARKSOULS\n|-damage|p1a: JOHN DARKSOULS|47\/100\n|move|p1a: JOHN DARKSOULS|Swords Dance|p1a: JOHN DARKSOULS\n|-boost|p1a: JOHN DARKSOULS|atk|2\n|\n|upkeep\n|turn|5\n|j| kowasabii\n|\n|t:|1700788935\n|switch|p2a: Maushold|Maushold|100\/100\n|move|p1a: JOHN DARKSOULS|Poltergeist|p2a: Maushold\n|-immune|p2a: Maushold\n|\n|upkeep\n|turn|6\n|\n|t:|1700788938\n|move|p2a: Maushold|Bite|p1a: JOHN DARKSOULS\n|-supereffective|p1a: JOHN DARKSOULS\n|-damage|p1a: JOHN DARKSOULS|0 fnt\n|faint|p1a: JOHN DARKSOULS\n|\n|upkeep\n|\n|t:|1700788944\n|switch|p1a: DEEZ HANDS|Iron Hands, tera:Ice|64\/100\n|turn|7\n|j| SoulDewRegice\n|j| no more beeroes\n|inactive|DeepFriedMagikarp has 120 seconds left.\n|\n|t:|1700788975\n|move|p2a: Maushold|Population Bomb|p1a: DEEZ HANDS\n|-damage|p1a: DEEZ HANDS|58\/100\n|-damage|p1a: DEEZ HANDS|50\/100\n|-damage|p1a: DEEZ HANDS|43\/100\n|-damage|p1a: DEEZ HANDS|35\/100\n|-damage|p1a: DEEZ HANDS|28\/100\n|-damage|p1a: DEEZ HANDS|21\/100\n|-damage|p1a: DEEZ HANDS|14\/100\n|-damage|p1a: DEEZ HANDS|7\/100\n|-damage|p1a: DEEZ HANDS|0 fnt\n|faint|p1a: DEEZ HANDS\n|-end|p1a: DEEZ HANDS|Quark Drive|[silent]\n|-hitcount|p1: DEEZ HANDS|9\n|\n|upkeep\n|j| TheNewBrends11@!\n|\n|t:|1700788991\n|switch|p1a: SKILL ISSUE|Slowbro-Galar, M, shiny|100\/100\n|turn|8\n|-activate|p1a: SKILL ISSUE|ability: Quick Draw\n|\n|t:|1700788998\n|move|p1a: SKILL ISSUE|Focus Blast|p2a: Maushold\n|-supereffective|p2a: Maushold\n|-damage|p2a: Maushold|0 fnt\n|faint|p2a: Maushold\n|\n|upkeep\n|\n|t:|1700789010\n|switch|p2a: Heatran|Heatran, F|100\/100\n|turn|9\n|-activate|p1a: SKILL ISSUE|item: Quick Claw\n|\n|t:|1700789029\n|move|p1a: SKILL ISSUE|Focus Blast|p2a: Heatran\n|-supereffective|p2a: Heatran\n|-damage|p2a: Heatran|48\/100\n|move|p2a: Heatran|Stealth Rock|p1a: SKILL ISSUE\n|-sidestart|p1: SCHIZODROOLER98|move: Stealth Rock\n|\n|-heal|p2a: Heatran|54\/100|[from] item: Leftovers\n|upkeep\n|turn|10\n|-activate|p1a: SKILL ISSUE|ability: Quick Draw\n|\n|t:|1700789040\n|move|p1a: SKILL ISSUE|Focus Blast|p2a: Heatran\n|-supereffective|p2a: Heatran\n|-damage|p2a: Heatran|7\/100\n|-unboost|p2a: Heatran|spd|1\n|move|p2a: Heatran|Earth Power|p1a: SKILL ISSUE\n|-supereffective|p1a: SKILL ISSUE\n|-damage|p1a: SKILL ISSUE|48\/100\n|\n|-heal|p2a: Heatran|13\/100|[from] item: Leftovers\n|upkeep\n|turn|11\n|c|\u2606DeepFriedMagikarp|dayum\n|-activate|p1a: SKILL ISSUE|item: Quick Claw\n|\n|t:|1700789049\n|move|p1a: SKILL ISSUE|Surf|p2a: Heatran\n|-supereffective|p2a: Heatran\n|-damage|p2a: Heatran|0 fnt\n|faint|p2a: Heatran\n|\n|upkeep\n|\n|t:|1700789058\n|switch|p2a: devindian|Kingambit, F|100\/100\n|-activate|p2a: devindian|ability: Supreme Overlord\n|-start|p2a: devindian|fallen3|[silent]\n|turn|12\n|c| SoulDewRegice|Rip\n|c|\u2606SCHIZODROOLER98|no idea whats going on rn\n|\n|t:|1700789068\n|switch|p1a: MIDWEST FURFEST|Ninetales-Alola, F, shiny|100\/100\n|-damage|p1a: MIDWEST FURFEST|76\/100|[from] Stealth Rock\n|-weather|Snow|[from] ability: Snow Warning|[of] p1a: MIDWEST FURFEST\n|move|p2a: devindian|Sucker Punch||[still]\n|-fail|p2a: devindian\n|\n|-weather|Snow|[upkeep]\n|upkeep\n|turn|13\n|\n|t:|1700789072\n|move|p1a: MIDWEST FURFEST|Encore|p2a: devindian\n|-start|p2a: devindian|Encore\n|move|p2a: devindian|Sucker Punch||[still]\n|-fail|p2a: devindian\n|\n|-weather|Snow|[upkeep]\n|upkeep\n|turn|14\n|\n|t:|1700789075\n|-end|p2a: devindian|fallen3|[silent]\n|switch|p2a: Enamorus|Enamorus, F|100\/100\n|move|p1a: MIDWEST FURFEST|Aurora Veil|p1a: MIDWEST FURFEST\n|-sidestart|p1: SCHIZODROOLER98|move: Aurora Veil\n|\n|-weather|Snow|[upkeep]\n|upkeep\n|turn|15\n|\n|t:|1700789086\n|switch|p2a: devindian|Kingambit, F|100\/100\n|-activate|p2a: devindian|ability: Supreme Overlord\n|-start|p2a: devindian|fallen3|[silent]\n|move|p1a: MIDWEST FURFEST|Freeze-Dry|p2a: devindian\n|-resisted|p2a: devindian\n|-damage|p2a: devindian|90\/100\n|-status|p2a: devindian|frz\n|\n|-weather|Snow|[upkeep]\n|-heal|p2a: devindian|96\/100 frz|[from] item: Leftovers\n|upkeep\n|turn|16\n|c|\u2606DeepFriedMagikarp|dayum\n|c|\u2606SCHIZODROOLER98|\ud83e\udd70\n|\n|t:|1700789099\n|switch|p1a: HE JUST LIKE ME FR|Kingambit, M|100\/100\n|-damage|p1a: HE JUST LIKE ME FR|94\/100|[from] Stealth Rock\n|-activate|p1a: HE JUST LIKE ME FR|ability: Supreme Overlord\n|-start|p1a: HE JUST LIKE ME FR|fallen2|[silent]\n|-curestatus|p2a: devindian|frz|[msg]\n|move|p2a: devindian|Iron Head|p1a: HE JUST LIKE ME FR\n|-resisted|p1a: HE JUST LIKE ME FR\n|-damage|p1a: HE JUST LIKE ME FR|83\/100\n|\n|-weather|none\n|-heal|p2a: devindian|100\/100|[from] item: Leftovers\n|upkeep\n|turn|17\n|c| SoulDewRegice|Bruhhhhhhhhh\n|\n|t:|1700789103\n|move|p2a: devindian|Swords Dance|p2a: devindian\n|-boost|p2a: devindian|atk|2\n|move|p1a: HE JUST LIKE ME FR|Low Kick|p2a: devindian\n|-supereffective|p2a: devindian\n|-damage|p2a: devindian|0 fnt\n|faint|p2a: devindian\n|-end|p2a: devindian|fallen3|[silent]\n|\n|upkeep\n|c|\u2606SCHIZODROOLER98|hard\n|c|\u2606DeepFriedMagikarp|yeah thats game\n|c|\u2606SCHIZODROOLER98|ggwp\n|c|\u2606DeepFriedMagikarp|probably shouldve terad the maushold\n|c|\u2606DeepFriedMagikarp|cuz that wins\n|c|\u2606SCHIZODROOLER98|ye maus was a issue\n|c|\u2606SCHIZODROOLER98|couldnt veil cuz of that\n|inactive|DeepFriedMagikarp has 120 seconds left.\n|l| SoulDewRegice\n|c|\u2606DeepFriedMagikarp|but yknow dont always expect triple procc into triple focus blast\n|l| TheNewBrends11\n|j| TheNewBrends11@!\n|c|\u2606SCHIZODROOLER98|skill issue\n|\n|t:|1700789151\n|switch|p2a: Rillaboom|Rillaboom, M|100\/100\n|-fieldstart|move: Grassy Terrain|[from] ability: Grassy Surge|[of] p2a: Rillaboom\n|turn|18\n|\n|t:|1700789167\n|-terastallize|p2a: Rillaboom|Grass\n|move|p2a: Rillaboom|Wood Hammer|p1a: HE JUST LIKE ME FR\n|-resisted|p1a: HE JUST LIKE ME FR\n|-damage|p1a: HE JUST LIKE ME FR|49\/100\n|-damage|p2a: Rillaboom|87\/100|[from] Recoil\n|move|p1a: HE JUST LIKE ME FR|Kowtow Cleave|p2a: Rillaboom\n|-damage|p2a: Rillaboom|22\/100\n|\n|-heal|p2a: Rillaboom|28\/100|[from] Grassy Terrain\n|-heal|p1a: HE JUST LIKE ME FR|56\/100|[from] Grassy Terrain\n|upkeep\n|turn|19\n|\n|t:|1700789171\n|switch|p2a: Enamorus|Enamorus, F|100\/100\n|move|p1a: HE JUST LIKE ME FR|Kowtow Cleave|p2a: Enamorus\n|-resisted|p2a: Enamorus\n|-damage|p2a: Enamorus|53\/100\n|\n|-heal|p1a: HE JUST LIKE ME FR|62\/100|[from] Grassy Terrain\n|upkeep\n|turn|20\n|\n|t:|1700789179\n|move|p2a: Enamorus|Earth Power|p1a: HE JUST LIKE ME FR\n|-supereffective|p1a: HE JUST LIKE ME FR\n|-damage|p1a: HE JUST LIKE ME FR|31\/100\n|move|p1a: HE JUST LIKE ME FR|Iron Head|p2a: Enamorus\n|-supereffective|p2a: Enamorus\n|-damage|p2a: Enamorus|0 fnt\n|faint|p2a: Enamorus\n|\n|-heal|p1a: HE JUST LIKE ME FR|37\/100|[from] Grassy Terrain\n|upkeep\n|\n|t:|1700789180\n|switch|p2a: Rillaboom|Rillaboom, M, tera:Grass|28\/100\n|turn|21\n|\n|t:|1700789186\n|move|p2a: Rillaboom|Grassy Glide|p1a: HE JUST LIKE ME FR\n|-resisted|p1a: HE JUST LIKE ME FR\n|-damage|p1a: HE JUST LIKE ME FR|23\/100\n|move|p1a: HE JUST LIKE ME FR|Kowtow Cleave|p2a: Rillaboom\n|-damage|p2a: Rillaboom|0 fnt\n|faint|p2a: Rillaboom\n|\n|win|SCHIZODROOLER98\n|raw|SCHIZODROOLER98's rating: 1620 &rarr; <strong>1653<\/strong><br \/>(+33 for winning)\n|raw|DeepFriedMagikarp's rating: 1903 &rarr; <strong>1870<\/strong><br \/>(-33 for losing)\n|l|\u2606DeepFriedMagikarp\n|c|\u2606SCHIZODROOLER98|ggwp was a fun match\n","uploadtime":1700789199,"views":19,"p1id":"schizodrooler98","p2id":"deepfriedmagikarp","formatid":"gen9ou","rating":1653,"private":0,"password":""}