{"id":"gen9ou-1991116819","p1":"malk tyme","p2":"Derpy Monkey","format":"[Gen 9] OU","log":"|j|\u2606malk tyme\n|j|\u2606Derpy Monkey\n|t:|1700045490\n|gametype|singles\n|player|p1|malk tyme|170|1727\n|player|p2|Derpy Monkey|preschooler|1829\n|teamsize|p1|6\n|teamsize|p2|6\n|gen|9\n|tier|[Gen 9] OU\n|rated|\n|rule|Sleep Clause Mod: Limit one foe put to sleep\n|rule|Species Clause: Limit one of each Pok\u00e9mon\n|rule|OHKO Clause: OHKO moves are banned\n|rule|Evasion Items Clause: Evasion items are banned\n|rule|Evasion Moves Clause: Evasion moves are banned\n|rule|Endless Battle Clause: Forcing endless battles is banned\n|rule|HP Percentage Mod: HP is shown in percentages\n|clearpoke\n|poke|p1|Landorus-Therian, M|\n|poke|p1|Azelf|\n|poke|p1|Salamence, M|\n|poke|p1|Hoopa-Unbound|\n|poke|p1|Iron Valiant|\n|poke|p1|Forretress, F|\n|poke|p2|Garchomp, F|\n|poke|p2|Amoonguss, M|\n|poke|p2|Samurott-Hisui, M|\n|poke|p2|Gholdengo|\n|poke|p2|Iron Valiant|\n|poke|p2|Zapdos|\n|teampreview\n|\n|t:|1700045513\n|start\n|switch|p1a: Azelf|Azelf|100\/100\n|switch|p2a: Zapdos|Zapdos|100\/100\n|turn|1\n|\n|t:|1700045522\n|move|p1a: Azelf|Explosion|p2a: Zapdos\n|-damage|p2a: Zapdos|0 fnt\n|faint|p1a: Azelf\n|faint|p2a: Zapdos\n|\n|upkeep\n|\n|t:|1700045554\n|switch|p1a: Landorus|Landorus-Therian, M|100\/100\n|switch|p2a: Samurott|Samurott-Hisui, M|100\/100\n|-ability|p1a: Landorus|Intimidate|boost\n|-unboost|p2a: Samurott|atk|1\n|turn|2\n|\n|t:|1700045563\n|move|p1a: Landorus|Swords Dance|p1a: Landorus\n|-boost|p1a: Landorus|atk|2\n|move|p2a: Samurott|Aqua Cutter|p1a: Landorus\n|-supereffective|p1a: Landorus\n|-damage|p1a: Landorus|18\/100\n|\n|upkeep\n|turn|3\n|\n|t:|1700045569\n|move|p2a: Samurott|Aqua Jet|p1a: Landorus\n|-supereffective|p1a: Landorus\n|-damage|p1a: Landorus|0 fnt\n|faint|p1a: Landorus\n|\n|upkeep\n|\n|t:|1700045574\n|switch|p1a: Salamence|Salamence, M|100\/100\n|turn|4\n|\n|t:|1700045607\n|move|p1a: Salamence|Dragon Dance|p1a: Salamence\n|-boost|p1a: Salamence|atk|1\n|-boost|p1a: Salamence|spe|1\n|move|p2a: Samurott|Ceaseless Edge|p1a: Salamence\n|-damage|p1a: Salamence|59\/100\n|-sidestart|p1: malk tyme|Spikes\n|\n|upkeep\n|turn|5\n|\n|t:|1700045614\n|move|p1a: Salamence|Dragon Dance|p1a: Salamence\n|-boost|p1a: Salamence|atk|1\n|-boost|p1a: Salamence|spe|1\n|move|p2a: Samurott|Ceaseless Edge|p1a: Salamence\n|-damage|p1a: Salamence|17\/100\n|-sidestart|p1: malk tyme|Spikes\n|\n|upkeep\n|turn|6\n|\n|t:|1700045624\n|-terastallize|p1a: Salamence|Flying\n|move|p1a: Salamence|Tera Blast|p2a: Samurott|[anim] Tera Blast Flying\n|-damage|p2a: Samurott|0 fnt\n|faint|p2a: Samurott\n|-ability|p1a: Salamence|Moxie|boost\n|-boost|p1a: Salamence|atk|1\n|\n|upkeep\n|\n|t:|1700045633\n|switch|p2a: Amoonguss|Amoonguss, M|100\/100\n|turn|7\n|\n|t:|1700045640\n|-terastallize|p2a: Amoonguss|Water\n|move|p1a: Salamence|Tera Blast|p2a: Amoonguss|[anim] Tera Blast Flying\n|-damage|p2a: Amoonguss|16\/100\n|-enditem|p2a: Amoonguss|Red Card|[of] p1a: Salamence\n|drag|p1a: Hoopa|Hoopa-Unbound|100\/100\n|-damage|p1a: Hoopa|84\/100|[from] Spikes\n|move|p2a: Amoonguss|Sludge Bomb|p1a: Hoopa\n|-damage|p1a: Hoopa|57\/100\n|\n|upkeep\n|turn|8\n|\n|t:|1700045652\n|move|p1a: Hoopa|Psyshock|p2a: Amoonguss\n|-damage|p2a: Amoonguss|0 fnt\n|faint|p2a: Amoonguss\n|\n|upkeep\n|\n|t:|1700045660\n|switch|p2a: Iron Valiant|Iron Valiant|100\/100\n|turn|9\n|\n|t:|1700045693\n|move|p2a: Iron Valiant|Close Combat|p1a: Hoopa\n|-damage|p1a: Hoopa|0 fnt\n|-unboost|p2a: Iron Valiant|def|1\n|-unboost|p2a: Iron Valiant|spd|1\n|faint|p1a: Hoopa\n|\n|upkeep\n|\n|t:|1700045701\n|switch|p1a: Iron Valiant|Iron Valiant|100\/100\n|-damage|p1a: Iron Valiant|84\/100|[from] Spikes\n|-enditem|p1a: Iron Valiant|Booster Energy\n|-activate|p1a: Iron Valiant|ability: Quark Drive|[fromitem]\n|-start|p1a: Iron Valiant|quarkdrivespe\n|turn|10\n|\n|t:|1700045725\n|-end|p2a: Iron Valiant|Quark Drive|[silent]\n|switch|p2a: Garchomp|Garchomp, F|100\/100\n|move|p1a: Iron Valiant|Knock Off|p2a: Garchomp\n|-damage|p2a: Garchomp|71\/100\n|-damage|p1a: Iron Valiant|71\/100|[from] ability: Rough Skin|[of] p2a: Garchomp\n|-damage|p1a: Iron Valiant|55\/100|[from] item: Rocky Helmet|[of] p2a: Garchomp\n|-enditem|p2a: Garchomp|Rocky Helmet|[from] move: Knock Off|[of] p1a: Iron Valiant\n|\n|upkeep\n|turn|11\n|\n|t:|1700045733\n|move|p1a: Iron Valiant|Moonblast|p2a: Garchomp\n|-supereffective|p2a: Garchomp\n|-damage|p2a: Garchomp|0 fnt\n|faint|p2a: Garchomp\n|\n|upkeep\n|\n|t:|1700045736\n|switch|p2a: Gholdengo|Gholdengo|100\/100\n|-item|p2a: Gholdengo|Air Balloon\n|turn|12\n|\n|t:|1700045750\n|move|p1a: Iron Valiant|Knock Off|p2a: Gholdengo\n|-supereffective|p2a: Gholdengo\n|-damage|p2a: Gholdengo|19\/100\n|-enditem|p2a: Gholdengo|Air Balloon\n|move|p2a: Gholdengo|Shadow Ball|p1a: Iron Valiant\n|-damage|p1a: Iron Valiant|0 fnt\n|faint|p1a: Iron Valiant\n|-end|p1a: Iron Valiant|Quark Drive|[silent]\n|\n|upkeep\n|\n|t:|1700045757\n|switch|p1a: Salamence|Salamence, M, tera:Flying|17\/100\n|turn|13\n|\n|t:|1700045766\n|move|p1a: Salamence|Tera Blast|p2a: Gholdengo|[anim] Tera Blast Flying\n|-resisted|p2a: Gholdengo\n|-damage|p2a: Gholdengo|0 fnt\n|faint|p2a: Gholdengo\n|-ability|p1a: Salamence|Moxie|boost\n|-boost|p1a: Salamence|atk|1\n|\n|upkeep\n|\n|t:|1700045770\n|switch|p2a: Iron Valiant|Iron Valiant|100\/100\n|turn|14\n|c|\u2606Derpy Monkey|I guess this was a misplay\n|c|\u2606malk tyme|for me or u?\n|c|\u2606Derpy Monkey|me\n|c|\u2606Derpy Monkey|I had to play the 50\/50\n|c|\u2606malk tyme|depends\n|c|\u2606malk tyme|im trash\n|c|\u2606malk tyme|i still might choke\n|c|\u2606Derpy Monkey|that makes me feel better if I lose lol\n|c|\u2606Derpy Monkey|you cannot lose\n|\n|t:|1700045865\n|move|p2a: Iron Valiant|Moonblast|p1a: Salamence\n|-damage|p1a: Salamence|0 fnt\n|faint|p1a: Salamence\n|\n|upkeep\n|\n|t:|1700045872\n|switch|p1a: Forretress|Forretress, F|100\/100\n|-damage|p1a: Forretress|84\/100|[from] Spikes\n|turn|15\n|\n|t:|1700045897\n|move|p2a: Iron Valiant|Moonblast|p1a: Forretress\n|-resisted|p1a: Forretress\n|-damage|p1a: Forretress|62\/100\n|move|p1a: Forretress|Earthquake|p2a: Iron Valiant\n|-damage|p2a: Iron Valiant|75\/100\n|\n|upkeep\n|turn|16\n|c|\u2606Derpy Monkey|unless it's 100% utility\n|c|\u2606malk tyme|full utility\n|\n|t:|1700045911\n|move|p2a: Iron Valiant|Moonblast|p1a: Forretress\n|-resisted|p1a: Forretress\n|-damage|p1a: Forretress|39\/100\n|-unboost|p1a: Forretress|spa|1\n|move|p1a: Forretress|Earthquake|p2a: Iron Valiant\n|-damage|p2a: Iron Valiant|49\/100\n|\n|upkeep\n|turn|17\n|\n|t:|1700045918\n|move|p2a: Iron Valiant|Moonblast|p1a: Forretress\n|-resisted|p1a: Forretress\n|-crit|p1a: Forretress\n|-damage|p1a: Forretress|4\/100\n|move|p1a: Forretress|Earthquake|p2a: Iron Valiant\n|-damage|p2a: Iron Valiant|23\/100\n|\n|upkeep\n|turn|18\n|c|\u2606Derpy Monkey|oh...\n|\n|t:|1700045924\n|move|p2a: Iron Valiant|Moonblast|p1a: Forretress\n|-resisted|p1a: Forretress\n|-crit|p1a: Forretress\n|-damage|p1a: Forretress|0 fnt\n|faint|p1a: Forretress\n|\n|win|Derpy Monkey\n|raw|malk tyme's rating: 1727 &rarr; <strong>1713<\/strong><br \/>(-14 for losing)\n|raw|Derpy Monkey's rating: 1829 &rarr; <strong>1843<\/strong><br \/>(+14 for winning)\n|c|\u2606Derpy Monkey|gg\n|c|\u2606malk tyme|welp\n|c|\u2606malk tyme|gg\n|l|\u2606malk tyme\n|l|\u2606Derpy Monkey\n","uploadtime":1700045944,"views":4,"p1id":"malktyme","p2id":"derpymonkey","formatid":"gen9ou","rating":1713,"private":0,"password":""}