{"id":"gen9ou-1996914632","p1":"Diatere","p2":"K hamza","format":"[Gen 9] OU","log":"|j|\u2606Diatere\n|j|\u2606K hamza\n|t:|1700744208\n|gametype|singles\n|player|p1|Diatere|mina|1421\n|player|p2|K hamza|dragontamer|1343\n|teamsize|p1|6\n|teamsize|p2|6\n|gen|9\n|tier|[Gen 9] OU\n|rated|\n|rule|Sleep Clause Mod: Limit one foe put to sleep\n|rule|Species Clause: Limit one of each Pok\u00e9mon\n|rule|OHKO Clause: OHKO moves are banned\n|rule|Evasion Items Clause: Evasion items are banned\n|rule|Evasion Moves Clause: Evasion moves are banned\n|rule|Endless Battle Clause: Forcing endless battles is banned\n|rule|HP Percentage Mod: HP is shown in percentages\n|clearpoke\n|poke|p1|Ninetales-Alola, M|\n|poke|p1|Hatterene, F|\n|poke|p1|Manaphy|\n|poke|p1|Ogerpon-Cornerstone, F|\n|poke|p1|Rillaboom, M|\n|poke|p1|Iron Valiant|\n|poke|p2|Ogerpon-Wellspring, F|\n|poke|p2|Rillaboom, M|\n|poke|p2|Iron Moth|\n|poke|p2|Dragapult, M|\n|poke|p2|Great Tusk|\n|poke|p2|Ribombee, M|\n|teampreview\n|\n|t:|1700744219\n|start\n|switch|p1a: Tavros|Ninetales-Alola, M|100\/100\n|switch|p2a: Ribombee|Ribombee, M|100\/100\n|-weather|Snow|[from] ability: Snow Warning|[of] p1a: Tavros\n|turn|1\n|inactive|Battle timer is ON: inactive players will automatically lose when time's up. (requested by K hamza)\n|\n|t:|1700744241\n|move|p2a: Ribombee|Quiver Dance|p2a: Ribombee\n|-boost|p2a: Ribombee|spa|1\n|-boost|p2a: Ribombee|spd|1\n|-boost|p2a: Ribombee|spe|1\n|move|p1a: Tavros|Aurora Veil|p1a: Tavros\n|-sidestart|p1: Diatere|move: Aurora Veil\n|\n|-weather|Snow|[upkeep]\n|upkeep\n|turn|2\n|\n|t:|1700744249\n|move|p2a: Ribombee|Moonblast|p1a: Tavros\n|-damage|p1a: Tavros|73\/100\n|-unboost|p1a: Tavros|spa|1\n|move|p1a: Tavros|Encore|p2a: Ribombee\n|-start|p2a: Ribombee|Encore\n|\n|-weather|Snow|[upkeep]\n|upkeep\n|turn|3\n|\n|t:|1700744257\n|move|p2a: Ribombee|Moonblast|p1a: Tavros\n|-damage|p1a: Tavros|44\/100\n|move|p1a: Tavros|Freeze-Dry|p2a: Ribombee\n|-damage|p2a: Ribombee|86\/100\n|\n|-weather|Snow|[upkeep]\n|upkeep\n|turn|4\n|c|\u2606Diatere|love the bait and switch lead ribombee\n|\n|t:|1700744286\n|switch|p1a: Kanaya|Hatterene, F|100\/100\n|move|p2a: Ribombee|Moonblast|p1a: Kanaya\n|-damage|p1a: Kanaya|70\/100\n|\n|-weather|Snow|[upkeep]\n|upkeep\n|turn|5\n|c|\u2606K hamza|Tnx mate\n|\n|t:|1700744294\n|move|p2a: Ribombee|Moonblast|p1a: Kanaya\n|-damage|p1a: Kanaya|40\/100\n|move|p1a: Kanaya|Mystical Fire|p2a: Ribombee\n|-supereffective|p2a: Ribombee\n|-crit|p2a: Ribombee\n|-damage|p2a: Ribombee|0 fnt\n|faint|p2a: Ribombee\n|\n|-weather|none\n|upkeep\n|c|\u2606K hamza|Ouch!\n|c|\u2606Diatere|oof\n|\n|t:|1700744314\n|switch|p2a: Iron Moth|Iron Moth|100\/100\n|-enditem|p2a: Iron Moth|Booster Energy\n|-activate|p2a: Iron Moth|ability: Quark Drive|[fromitem]\n|-start|p2a: Iron Moth|quarkdrivespe\n|turn|6\n|\n|t:|1700744319\n|move|p2a: Iron Moth|Fiery Dance|p1a: Kanaya\n|-damage|p1a: Kanaya|20\/100\n|-boost|p2a: Iron Moth|spa|1\n|move|p1a: Kanaya|Psyshock|p2a: Iron Moth\n|-supereffective|p2a: Iron Moth\n|-damage|p2a: Iron Moth|0 fnt\n|faint|p2a: Iron Moth\n|-end|p2a: Iron Moth|Quark Drive|[silent]\n|\n|upkeep\n|c|\u2606K hamza|Snap\n|c|\u2606K hamza|Went from lead to two laps down\n|inactive|K hamza has 120 seconds left.\n|\n|t:|1700744348\n|switch|p2a: Ogerpon|Ogerpon-Wellspring, F|100\/100\n|turn|7\n|\n|t:|1700744352\n|move|p2a: Ogerpon|Ivy Cudgel|p1a: Kanaya|[anim] Ivy Cudgel Water\n|-damage|p1a: Kanaya|0 fnt\n|faint|p1a: Kanaya\n|\n|upkeep\n|\n|t:|1700744358\n|switch|p1a: Gamzee|Rillaboom, M|100\/100\n|-fieldstart|move: Grassy Terrain|[from] ability: Grassy Surge|[of] p1a: Gamzee\n|turn|8\n|\n|t:|1700744364\n|switch|p2a: Rillaboom|Rillaboom, M|100\/100\n|move|p1a: Gamzee|U-turn|p2a: Rillaboom\n|-supereffective|p2a: Rillaboom\n|-damage|p2a: Rillaboom|18\/100\n|\n|t:|1700744369\n|switch|p1a: Tavros|Ninetales-Alola, M|44\/100|[from] U-turn\n|-weather|Snow|[from] ability: Snow Warning|[of] p1a: Tavros\n|\n|-weather|Snow|[upkeep]\n|-heal|p1a: Tavros|50\/100|[from] Grassy Terrain\n|-heal|p2a: Rillaboom|24\/100|[from] Grassy Terrain\n|-sideend|p1: Diatere|move: Aurora Veil\n|upkeep\n|turn|9\n|\n|t:|1700744380\n|-terastallize|p2a: Rillaboom|Grass\n|move|p2a: Rillaboom|Grassy Glide|p1a: Tavros\n|-crit|p1a: Tavros\n|-damage|p1a: Tavros|0 fnt\n|faint|p1a: Tavros\n|\n|-weather|Snow|[upkeep]\n|-heal|p2a: Rillaboom|30\/100|[from] Grassy Terrain\n|upkeep\n|\n|t:|1700744389\n|switch|p1a: Terezi|Ogerpon-Cornerstone, F|100\/100\n|turn|10\n|c|\u2606K hamza|Crits when you dont need them\n|c|\u2606K hamza|Fuck emm\n|\n|t:|1700744397\n|move|p2a: Rillaboom|Grassy Glide|p1a: Terezi\n|-ability|p1a: Terezi|Sturdy\n|-damage|p1a: Terezi|1\/100\n|move|p1a: Terezi|Ivy Cudgel|p2a: Rillaboom|[anim] Ivy Cudgel Rock\n|-damage|p2a: Rillaboom|0 fnt\n|faint|p2a: Rillaboom\n|\n|-weather|Snow|[upkeep]\n|-heal|p1a: Terezi|7\/100|[from] Grassy Terrain\n|upkeep\n|\n|t:|1700744410\n|switch|p2a: Ogerpon|Ogerpon-Wellspring, F|100\/100\n|turn|11\n|\n|t:|1700744421\n|move|p2a: Ogerpon|Trailblaze|p1a: Terezi\n|-damage|p1a: Terezi|0 fnt\n|-boost|p2a: Ogerpon|spe|1\n|faint|p1a: Terezi\n|\n|-weather|Snow|[upkeep]\n|upkeep\n|\n|t:|1700744439\n|switch|p1a: Vriska|Iron Valiant|100\/100\n|-enditem|p1a: Vriska|Booster Energy\n|-activate|p1a: Vriska|ability: Quark Drive|[fromitem]\n|-start|p1a: Vriska|quarkdrivespe\n|turn|12\n|\n|t:|1700744462\n|move|p1a: Vriska|Close Combat|p2a: Ogerpon\n|-damage|p2a: Ogerpon|33\/100\n|-unboost|p1a: Vriska|def|1\n|-unboost|p1a: Vriska|spd|1\n|move|p2a: Ogerpon|Horn Leech|p1a: Vriska\n|-damage|p1a: Vriska|0 fnt\n|-heal|p2a: Ogerpon|81\/100|[from] drain|[of] p1a: Vriska\n|faint|p1a: Vriska\n|-end|p1a: Vriska|Quark Drive|[silent]\n|\n|-weather|none\n|-heal|p2a: Ogerpon|87\/100|[from] Grassy Terrain\n|-fieldend|move: Grassy Terrain\n|upkeep\n|\n|t:|1700744469\n|switch|p1a: Karkat|Manaphy|100\/100\n|turn|13\n|\n|t:|1700744478\n|-terastallize|p1a: Karkat|Poison\n|move|p2a: Ogerpon|Horn Leech|p1a: Karkat\n|-resisted|p1a: Karkat\n|-damage|p1a: Karkat|82\/100\n|-heal|p2a: Ogerpon|99\/100|[from] drain|[of] p1a: Karkat\n|move|p1a: Karkat|Acid Armor|p1a: Karkat\n|-boost|p1a: Karkat|def|2\n|\n|-heal|p1a: Karkat|88\/100|[from] item: Leftovers\n|upkeep\n|turn|14\n|c|\u2606K hamza|Crap\n|c|\u2606K hamza|Game is lost\n|\n|t:|1700744500\n|switch|p2a: Great Tusk|Great Tusk|100\/100\n|move|p1a: Karkat|Take Heart|p1a: Karkat\n|-boost|p1a: Karkat|spa|1\n|-boost|p1a: Karkat|spd|1\n|\n|-heal|p1a: Karkat|94\/100|[from] item: Leftovers\n|upkeep\n|turn|15\n|\n|t:|1700744508\n|move|p1a: Karkat|Stored Power|p2a: Great Tusk\n|-supereffective|p2a: Great Tusk\n|-damage|p2a: Great Tusk|15\/100\n|move|p2a: Great Tusk|Earthquake|p1a: Karkat\n|-supereffective|p1a: Karkat\n|-damage|p1a: Karkat|42\/100\n|\n|-heal|p1a: Karkat|48\/100|[from] item: Leftovers\n|upkeep\n|turn|16\n|\n|t:|1700744517\n|move|p1a: Karkat|Stored Power|p2a: Great Tusk\n|-supereffective|p2a: Great Tusk\n|-damage|p2a: Great Tusk|0 fnt\n|faint|p2a: Great Tusk\n|-end|p2a: Great Tusk|Protosynthesis|[silent]\n|\n|-heal|p1a: Karkat|54\/100|[from] item: Leftovers\n|upkeep\n|\n|t:|1700744524\n|switch|p2a: Ogerpon|Ogerpon-Wellspring, F|99\/100\n|turn|17\n|\n|t:|1700744528\n|move|p2a: Ogerpon|Ivy Cudgel|p1a: Karkat|[anim] Ivy Cudgel Water\n|-damage|p1a: Karkat|30\/100\n|move|p1a: Karkat|Stored Power|p2a: Ogerpon\n|-damage|p2a: Ogerpon|39\/100\n|\n|-heal|p1a: Karkat|36\/100|[from] item: Leftovers\n|upkeep\n|turn|18\n|\n|t:|1700744537\n|move|p2a: Ogerpon|Ivy Cudgel|p1a: Karkat|[anim] Ivy Cudgel Water\n|-damage|p1a: Karkat|9\/100\n|move|p1a: Karkat|Stored Power|p2a: Ogerpon\n|-damage|p2a: Ogerpon|0 fnt\n|faint|p2a: Ogerpon\n|\n|-heal|p1a: Karkat|16\/100|[from] item: Leftovers\n|upkeep\n|\n|t:|1700744546\n|switch|p2a: Dragapult|Dragapult, M|100\/100\n|turn|19\n|\n|t:|1700744549\n|move|p2a: Dragapult|Dragon Darts|p1a: Karkat\n|-damage|p1a: Karkat|3\/100\n|-anim|p2a: Dragapult|Dragon Darts|p1a: Karkat\n|-damage|p1a: Karkat|0 fnt\n|faint|p1a: Karkat\n|\n|upkeep\n|\n|t:|1700744553\n|switch|p1a: Gamzee|Rillaboom, M|100\/100\n|-fieldstart|move: Grassy Terrain|[from] ability: Grassy Surge|[of] p1a: Gamzee\n|turn|20\n|\n|t:|1700744565\n|move|p2a: Dragapult|Dragon Darts|p1a: Gamzee\n|-damage|p1a: Gamzee|72\/100\n|-anim|p2a: Dragapult|Dragon Darts|p1a: Gamzee\n|-damage|p1a: Gamzee|44\/100\n|move|p1a: Gamzee|Knock Off|p2a: Dragapult\n|-supereffective|p2a: Dragapult\n|-damage|p2a: Dragapult|0 fnt\n|-enditem|p2a: Dragapult|Leftovers|[from] move: Knock Off|[of] p1a: Gamzee\n|faint|p2a: Dragapult\n|\n|win|Diatere\n|raw|Diatere's rating: 1421 &rarr; <strong>1437<\/strong><br \/>(+16 for winning)\n|raw|K hamza's rating: 1343 &rarr; <strong>1327<\/strong><br \/>(-16 for losing)\n|c|\u2606Diatere|gg!\n|c|\u2606Diatere|very close game\n","uploadtime":1700744574,"views":1,"p1id":"diatere","p2id":"khamza","formatid":"gen9ou","rating":1327,"private":0,"password":""}