{"id":"gen9ou-1997174666","p1":"fus!0nflare","p2":"mathismathin","format":"[Gen 9] OU","log":"|j|\u2606fus!0nflare\n|j|\u2606mathismathin\n|t:|1700772171\n|gametype|singles\n|player|p1|fus!0nflare|guitarist|1783\n|player|p2|mathismathin|nate|1678\n|teamsize|p1|6\n|teamsize|p2|6\n|gen|9\n|tier|[Gen 9] OU\n|rated|\n|rule|Sleep Clause Mod: Limit one foe put to sleep\n|rule|Species Clause: Limit one of each Pok\u00e9mon\n|rule|OHKO Clause: OHKO moves are banned\n|rule|Evasion Items Clause: Evasion items are banned\n|rule|Evasion Moves Clause: Evasion moves are banned\n|rule|Endless Battle Clause: Forcing endless battles is banned\n|rule|HP Percentage Mod: HP is shown in percentages\n|clearpoke\n|poke|p1|Pelipper, M|\n|poke|p1|Barraskewda, M|\n|poke|p1|Tornadus-Therian, M|\n|poke|p1|Zapdos|\n|poke|p1|Ting-Lu|\n|poke|p1|Amoonguss, F|\n|poke|p2|Chesnaught, F|\n|poke|p2|Magnezone|\n|poke|p2|Sawsbuck, F|\n|poke|p2|Tinkaton, F|\n|poke|p2|Toxapex, F|\n|poke|p2|Walking Wake|\n|teampreview\n|j| Pajoomas!\n|\n|t:|1700772211\n|start\n|switch|p1a: Zapdos|Zapdos|100\/100\n|switch|p2a: Walking Wake|Walking Wake|100\/100\n|turn|1\n|\n|t:|1700772217\n|-terastallize|p1a: Zapdos|Fairy\n|move|p2a: Walking Wake|Hydro Pump|p1a: Zapdos|[miss]\n|-miss|p2a: Walking Wake|p1a: Zapdos\n|move|p1a: Zapdos|Thunder|p2a: Walking Wake\n|-damage|p2a: Walking Wake|40\/100\n|\n|upkeep\n|turn|2\n|\n|t:|1700772223\n|switch|p1a: Amoonguss|Amoonguss, F|100\/100\n|move|p2a: Walking Wake|Hydro Pump|p1a: Amoonguss\n|-resisted|p1a: Amoonguss\n|-damage|p1a: Amoonguss|64\/100\n|\n|upkeep\n|turn|3\n|j| banjoindamanjo\n|\n|t:|1700772232\n|-end|p2a: Walking Wake|Protosynthesis|[silent]\n|switch|p2a: Tinkaton|Tinkaton, F|100\/100\n|-ability|p2a: Tinkaton|Mold Breaker\n|move|p1a: Amoonguss|Sludge Bomb|p2a: Tinkaton\n|-immune|p2a: Tinkaton\n|\n|upkeep\n|turn|4\n|\n|t:|1700772235\n|move|p2a: Tinkaton|Stealth Rock|p1a: Amoonguss\n|-sidestart|p1: fus!0nflare|move: Stealth Rock\n|move|p1a: Amoonguss|Spore|p2a: Tinkaton\n|-status|p2a: Tinkaton|slp|[from] move: Spore\n|\n|upkeep\n|turn|5\n|\n|t:|1700772241\n|switch|p2a: Sawsbuck|Sawsbuck, F|100\/100\n|switch|p1a: Pelipper|Pelipper, M|100\/100\n|-damage|p1a: Pelipper|76\/100|[from] Stealth Rock\n|-weather|RainDance|[from] ability: Drizzle|[of] p1a: Pelipper\n|\n|-weather|RainDance|[upkeep]\n|upkeep\n|turn|6\n|\n|t:|1700772244\n|switch|p1a: Tornadus|Tornadus-Therian, M|100\/100\n|move|p2a: Sawsbuck|Headbutt|p1a: Tornadus\n|-damage|p1a: Tornadus|61\/100\n|\n|-weather|RainDance|[upkeep]\n|upkeep\n|turn|7\n|\n|t:|1700772247\n|switch|p2a: Magnezone|Magnezone|100\/100\n|move|p1a: Tornadus|Hurricane|p2a: Magnezone\n|-resisted|p2a: Magnezone\n|-damage|p2a: Magnezone|83\/100\n|\n|-weather|RainDance|[upkeep]\n|upkeep\n|turn|8\n|\n|t:|1700772250\n|switch|p1a: Ting-Lu|Ting-Lu|100\/100\n|-damage|p1a: Ting-Lu|94\/100|[from] Stealth Rock\n|-ability|p1a: Ting-Lu|Vessel of Ruin\n|move|p2a: Magnezone|Flash Cannon|p1a: Ting-Lu\n|-damage|p1a: Ting-Lu|68\/100\n|-unboost|p1a: Ting-Lu|spd|1\n|\n|-weather|RainDance|[upkeep]\n|-heal|p1a: Ting-Lu|74\/100|[from] item: Leftovers\n|upkeep\n|turn|9\n|\n|t:|1700772260\n|switch|p2a: Sawsbuck|Sawsbuck, F|100\/100\n|switch|p1a: Tornadus|Tornadus-Therian, M|94\/100\n|\n|-weather|RainDance|[upkeep]\n|upkeep\n|turn|10\n|\n|t:|1700772264\n|switch|p2a: Toxapex|Toxapex, F|100\/100\n|move|p1a: Tornadus|Substitute|p1a: Tornadus\n|-start|p1a: Tornadus|Substitute\n|-damage|p1a: Tornadus|69\/100\n|\n|-weather|RainDance|[upkeep]\n|upkeep\n|turn|11\n|\n|t:|1700772267\n|move|p1a: Tornadus|Nasty Plot|p1a: Tornadus\n|-boost|p1a: Tornadus|spa|2\n|move|p2a: Toxapex|Surf|p1a: Tornadus\n|-end|p1a: Tornadus|Substitute\n|\n|-weather|RainDance|[upkeep]\n|upkeep\n|turn|12\n|\n|t:|1700772273\n|move|p1a: Tornadus|Hurricane|p2a: Toxapex\n|-damage|p2a: Toxapex|16\/100\n|move|p2a: Toxapex|Surf|p1a: Tornadus\n|-damage|p1a: Tornadus|32\/100\n|\n|-weather|none\n|-heal|p2a: Toxapex|23\/100|[from] item: Leftovers\n|upkeep\n|turn|13\n|\n|t:|1700772277\n|switch|p2a: Magnezone|Magnezone|83\/100\n|move|p1a: Tornadus|Hurricane|p2a: Magnezone\n|-resisted|p2a: Magnezone\n|-damage|p2a: Magnezone|49\/100\n|-start|p2a: Magnezone|confusion\n|\n|upkeep\n|turn|14\n|\n|t:|1700772282\n|switch|p1a: Ting-Lu|Ting-Lu|74\/100\n|-damage|p1a: Ting-Lu|68\/100|[from] Stealth Rock\n|-ability|p1a: Ting-Lu|Vessel of Ruin\n|-activate|p2a: Magnezone|confusion\n|move|p2a: Magnezone|Flash Cannon|p1a: Ting-Lu\n|-damage|p1a: Ting-Lu|41\/100\n|-unboost|p1a: Ting-Lu|spd|1\n|\n|-heal|p1a: Ting-Lu|47\/100|[from] item: Leftovers\n|upkeep\n|turn|15\n|\n|t:|1700772294\n|switch|p2a: Sawsbuck|Sawsbuck, F|100\/100\n|move|p1a: Ting-Lu|Earthquake|p2a: Sawsbuck\n|-resisted|p2a: Sawsbuck\n|-damage|p2a: Sawsbuck|72\/100\n|\n|-heal|p1a: Ting-Lu|53\/100|[from] item: Leftovers\n|upkeep\n|turn|16\n|\n|t:|1700772302\n|switch|p2a: Magnezone|Magnezone|49\/100\n|switch|p1a: Amoonguss|Amoonguss, F|97\/100\n|\n|upkeep\n|turn|17\n|\n|t:|1700772306\n|switch|p1a: Ting-Lu|Ting-Lu|53\/100\n|-damage|p1a: Ting-Lu|47\/100|[from] Stealth Rock\n|-ability|p1a: Ting-Lu|Vessel of Ruin\n|move|p2a: Magnezone|Flash Cannon|p1a: Ting-Lu\n|-crit|p1a: Ting-Lu\n|-damage|p1a: Ting-Lu|6\/100\n|-unboost|p1a: Ting-Lu|spd|1\n|\n|-heal|p1a: Ting-Lu|12\/100|[from] item: Leftovers\n|upkeep\n|turn|18\n|\n|t:|1700772310\n|move|p2a: Magnezone|Flash Cannon|p1a: Ting-Lu\n|-damage|p1a: Ting-Lu|0 fnt\n|faint|p1a: Ting-Lu\n|\n|upkeep\n|\n|t:|1700772311\n|switch|p1a: Barraskewda|Barraskewda, M|100\/100\n|-damage|p1a: Barraskewda|88\/100|[from] Stealth Rock\n|turn|19\n|\n|t:|1700772318\n|switch|p2a: Chesnaught|Chesnaught, F|100\/100\n|move|p1a: Barraskewda|Close Combat|p2a: Chesnaught\n|-damage|p2a: Chesnaught|59\/100\n|-unboost|p1a: Barraskewda|def|1\n|-unboost|p1a: Barraskewda|spd|1\n|-damage|p1a: Barraskewda|71\/100|[from] item: Rocky Helmet|[of] p2a: Chesnaught\n|\n|upkeep\n|turn|20\n|\n|t:|1700772324\n|switch|p1a: Pelipper|Pelipper, M|76\/100\n|-damage|p1a: Pelipper|51\/100|[from] Stealth Rock\n|-weather|RainDance|[from] ability: Drizzle|[of] p1a: Pelipper\n|switch|p2a: Toxapex|Toxapex, F|56\/100\n|\n|-weather|RainDance|[upkeep]\n|-heal|p2a: Toxapex|62\/100|[from] item: Leftovers\n|upkeep\n|turn|21\n|\n|t:|1700772329\n|move|p1a: Pelipper|U-turn|p2a: Toxapex\n|-resisted|p2a: Toxapex\n|-damage|p2a: Toxapex|59\/100\n|\n|t:|1700772330\n|switch|p1a: Zapdos|Zapdos, tera:Fairy|100\/100|[from] U-turn\n|move|p2a: Toxapex|Surf|p1a: Zapdos\n|-damage|p1a: Zapdos|67\/100\n|\n|-weather|RainDance|[upkeep]\n|-heal|p2a: Toxapex|66\/100|[from] item: Leftovers\n|upkeep\n|turn|22\n|\n|t:|1700772341\n|switch|p2a: Tinkaton|Tinkaton, F|100\/100 slp\n|-ability|p2a: Tinkaton|Mold Breaker\n|move|p1a: Zapdos|Volt Switch|p2a: Tinkaton\n|-damage|p2a: Tinkaton|79\/100 slp\n|\n|t:|1700772343\n|switch|p1a: Tornadus|Tornadus-Therian, M|65\/100|[from] Volt Switch\n|\n|-weather|RainDance|[upkeep]\n|-heal|p2a: Tinkaton|85\/100 slp|[from] item: Leftovers\n|upkeep\n|turn|23\n|\n|t:|1700772347\n|move|p1a: Tornadus|Nasty Plot|p1a: Tornadus\n|-boost|p1a: Tornadus|spa|2\n|cant|p2a: Tinkaton|slp\n|\n|-weather|RainDance|[upkeep]\n|-heal|p2a: Tinkaton|91\/100 slp|[from] item: Leftovers\n|upkeep\n|turn|24\n|\n|t:|1700772351\n|move|p1a: Tornadus|Weather Ball|p2a: Tinkaton\n|-damage|p2a: Tinkaton|32\/100 slp\n|-curestatus|p2a: Tinkaton|slp|[msg]\n|move|p2a: Tinkaton|Gigaton Hammer|p1a: Tornadus\n|-damage|p1a: Tornadus|10\/100\n|\n|-weather|RainDance|[upkeep]\n|-heal|p2a: Tinkaton|38\/100|[from] item: Leftovers\n|upkeep\n|turn|25\n|\n|t:|1700772357\n|switch|p2a: Toxapex|Toxapex, F|99\/100\n|move|p1a: Tornadus|Weather Ball|p2a: Toxapex\n|-resisted|p2a: Toxapex\n|-damage|p2a: Toxapex|64\/100\n|\n|-weather|RainDance|[upkeep]\n|-heal|p2a: Toxapex|70\/100|[from] item: Leftovers\n|upkeep\n|turn|26\n|\n|t:|1700772360\n|switch|p2a: Tinkaton|Tinkaton, F|38\/100\n|-ability|p2a: Tinkaton|Mold Breaker\n|move|p1a: Tornadus|Hurricane|p2a: Tinkaton\n|-resisted|p2a: Tinkaton\n|-damage|p2a: Tinkaton|6\/100\n|-start|p2a: Tinkaton|confusion\n|\n|-weather|RainDance|[upkeep]\n|-heal|p2a: Tinkaton|12\/100|[from] item: Leftovers\n|upkeep\n|turn|27\n|\n|t:|1700772362\n|move|p1a: Tornadus|Hurricane|p2a: Tinkaton\n|-resisted|p2a: Tinkaton\n|-damage|p2a: Tinkaton|0 fnt\n|faint|p2a: Tinkaton\n|\n|-weather|none\n|upkeep\n|\n|t:|1700772367\n|switch|p2a: Magnezone|Magnezone|49\/100\n|turn|28\n|\n|t:|1700772372\n|switch|p1a: Amoonguss|Amoonguss, F|100\/100\n|move|p2a: Magnezone|Flash Cannon|p1a: Amoonguss\n|-damage|p1a: Amoonguss|31\/100\n|\n|upkeep\n|turn|29\n|\n|t:|1700772380\n|switch|p1a: Pelipper|Pelipper, M|51\/100\n|-damage|p1a: Pelipper|26\/100|[from] Stealth Rock\n|-weather|RainDance|[from] ability: Drizzle|[of] p1a: Pelipper\n|move|p2a: Magnezone|Flash Cannon|p1a: Pelipper\n|-resisted|p1a: Pelipper\n|-damage|p1a: Pelipper|0 fnt\n|faint|p1a: Pelipper\n|\n|-weather|RainDance|[upkeep]\n|upkeep\n|\n|t:|1700772381\n|switch|p1a: Barraskewda|Barraskewda, M|71\/100\n|-damage|p1a: Barraskewda|59\/100|[from] Stealth Rock\n|turn|30\n|\n|t:|1700772384\n|switch|p2a: Toxapex|Toxapex, F|100\/100\n|move|p1a: Barraskewda|Flip Turn|p2a: Toxapex\n|-resisted|p2a: Toxapex\n|-damage|p2a: Toxapex|78\/100\n|\n|t:|1700772386\n|switch|p1a: Zapdos|Zapdos, tera:Fairy|67\/100|[from] Flip Turn\n|\n|-weather|RainDance|[upkeep]\n|-heal|p2a: Toxapex|85\/100|[from] item: Leftovers\n|upkeep\n|turn|31\n|\n|t:|1700772394\n|switch|p2a: Chesnaught|Chesnaught, F|59\/100\n|move|p1a: Zapdos|Thunder|p2a: Chesnaught\n|-resisted|p2a: Chesnaught\n|-damage|p2a: Chesnaught|28\/100\n|\n|-weather|RainDance|[upkeep]\n|upkeep\n|turn|32\n|\n|t:|1700772398\n|move|p1a: Zapdos|Thunder|p2a: Chesnaught\n|-resisted|p2a: Chesnaught\n|-damage|p2a: Chesnaught|0 fnt\n|faint|p2a: Chesnaught\n|\n|-weather|RainDance|[upkeep]\n|upkeep\n|\n|t:|1700772400\n|switch|p2a: Walking Wake|Walking Wake|40\/100\n|turn|33\n|\n|t:|1700772430\n|switch|p1a: Amoonguss|Amoonguss, F|64\/100\n|move|p2a: Walking Wake|Hydro Steam|p1a: Amoonguss\n|-resisted|p1a: Amoonguss\n|-damage|p1a: Amoonguss|18\/100\n|\n|-weather|RainDance|[upkeep]\n|upkeep\n|turn|34\n|\n|t:|1700772451\n|move|p2a: Walking Wake|Hydro Steam|p1a: Amoonguss\n|-resisted|p1a: Amoonguss\n|-damage|p1a: Amoonguss|0 fnt\n|faint|p1a: Amoonguss\n|\n|-weather|RainDance|[upkeep]\n|upkeep\n|\n|t:|1700772453\n|switch|p1a: Tornadus|Tornadus-Therian, M|43\/100\n|turn|35\n|\n|t:|1700772461\n|-end|p2a: Walking Wake|Protosynthesis|[silent]\n|switch|p2a: Sawsbuck|Sawsbuck, F|72\/100\n|move|p1a: Tornadus|Hurricane|p2a: Sawsbuck\n|-supereffective|p2a: Sawsbuck\n|-damage|p2a: Sawsbuck|0 fnt\n|faint|p2a: Sawsbuck\n|\n|-weather|RainDance|[upkeep]\n|upkeep\n|\n|t:|1700772464\n|switch|p2a: Toxapex|Toxapex, F|100\/100\n|turn|36\n|\n|t:|1700772468\n|switch|p1a: Zapdos|Zapdos, tera:Fairy|67\/100\n|move|p2a: Toxapex|Surf|p1a: Zapdos\n|-damage|p1a: Zapdos|35\/100\n|\n|-weather|none\n|upkeep\n|turn|37\n|\n|t:|1700772505\n|move|p1a: Zapdos|Thunder|p2a: Toxapex\n|-supereffective|p2a: Toxapex\n|-damage|p2a: Toxapex|7\/100\n|move|p2a: Toxapex|Toxic|p1a: Zapdos\n|-status|p1a: Zapdos|tox\n|\n|-heal|p2a: Toxapex|13\/100|[from] item: Leftovers\n|-damage|p1a: Zapdos|29\/100 tox|[from] psn\n|upkeep\n|turn|38\n|\n|t:|1700772512\n|switch|p2a: Walking Wake|Walking Wake|40\/100\n|move|p1a: Zapdos|Volt Switch|p2a: Walking Wake\n|-damage|p2a: Walking Wake|0 fnt\n|faint|p2a: Walking Wake\n|-end|p2a: Walking Wake|Protosynthesis|[silent]\n|\n|t:|1700772517\n|switch|p1a: Barraskewda|Barraskewda, M|59\/100|[from] Volt Switch\n|-damage|p1a: Barraskewda|46\/100|[from] Stealth Rock\n|\n|upkeep\n|\n|t:|1700772520\n|switch|p2a: Toxapex|Toxapex, F|47\/100\n|turn|39\n|\n|t:|1700772523\n|move|p1a: Barraskewda|Flip Turn|p2a: Toxapex\n|-resisted|p2a: Toxapex\n|-damage|p2a: Toxapex|33\/100\n|\n|t:|1700772525\n|switch|p1a: Zapdos|Zapdos, tera:Fairy|29\/100 tox|[from] Flip Turn\n|move|p2a: Toxapex|Recover|p2a: Toxapex\n|-heal|p2a: Toxapex|83\/100\n|\n|-heal|p2a: Toxapex|90\/100|[from] item: Leftovers\n|-damage|p1a: Zapdos|23\/100 tox|[from] psn\n|upkeep\n|turn|40\n|\n|t:|1700772528\n|move|p1a: Zapdos|Roost|p1a: Zapdos\n|-heal|p1a: Zapdos|73\/100 tox\n|move|p2a: Toxapex|Surf|p1a: Zapdos\n|-damage|p1a: Zapdos|49\/100 tox\n|\n|-heal|p2a: Toxapex|96\/100|[from] item: Leftovers\n|-damage|p1a: Zapdos|37\/100 tox|[from] psn\n|upkeep\n|turn|41\n|\n|t:|1700772530\n|move|p1a: Zapdos|Thunder|p2a: Toxapex\n|-supereffective|p2a: Toxapex\n|-damage|p2a: Toxapex|8\/100\n|-status|p2a: Toxapex|par\n|move|p2a: Toxapex|Recover|p2a: Toxapex\n|-heal|p2a: Toxapex|58\/100 par\n|\n|-heal|p2a: Toxapex|65\/100 par|[from] item: Leftovers\n|-damage|p1a: Zapdos|18\/100 tox|[from] psn\n|upkeep\n|turn|42\n|\n|t:|1700772535\n|move|p1a: Zapdos|Volt Switch|p2a: Toxapex\n|-supereffective|p2a: Toxapex\n|-damage|p2a: Toxapex|5\/100 par\n|\n|t:|1700772538\n|switch|p1a: Tornadus|Tornadus-Therian, M|76\/100|[from] Volt Switch\n|cant|p2a: Toxapex|par\n|\n|-heal|p2a: Toxapex|12\/100 par|[from] item: Leftovers\n|upkeep\n|turn|43\n|\n|t:|1700772541\n|switch|p2a: Magnezone|Magnezone|49\/100\n|move|p1a: Tornadus|Weather Ball|p2a: Magnezone\n|-resisted|p2a: Magnezone\n|-damage|p2a: Magnezone|38\/100\n|\n|upkeep\n|turn|44\n|\n|t:|1700772543\n|move|p1a: Tornadus|Hurricane|p2a: Magnezone|[miss]\n|-miss|p1a: Tornadus|p2a: Magnezone\n|move|p2a: Magnezone|Volt Switch|p1a: Tornadus\n|-supereffective|p1a: Tornadus\n|-damage|p1a: Tornadus|0 fnt\n|faint|p1a: Tornadus\n|\n|t:|1700772545\n|switch|p2a: Toxapex|Toxapex, F|45\/100 par|[from] Volt Switch\n|\n|-heal|p2a: Toxapex|51\/100 par|[from] item: Leftovers\n|upkeep\n|\n|t:|1700772547\n|switch|p1a: Zapdos|Zapdos, tera:Fairy|18\/100 tox\n|turn|45\n|\n|t:|1700772552\n|switch|p2a: Magnezone|Magnezone|38\/100\n|move|p1a: Zapdos|Thunder|p2a: Magnezone|[miss]\n|-miss|p1a: Zapdos|p2a: Magnezone\n|\n|-damage|p1a: Zapdos|12\/100 tox|[from] psn\n|upkeep\n|turn|46\n|\n|t:|1700772556\n|move|p1a: Zapdos|Volt Switch|p2a: Magnezone\n|-resisted|p2a: Magnezone\n|-damage|p2a: Magnezone|14\/100\n|\n|t:|1700772557\n|switch|p1a: Barraskewda|Barraskewda, M|46\/100|[from] Volt Switch\n|-damage|p1a: Barraskewda|34\/100|[from] Stealth Rock\n|move|p2a: Magnezone|Flash Cannon|p1a: Barraskewda\n|-resisted|p1a: Barraskewda\n|-damage|p1a: Barraskewda|0 fnt\n|faint|p1a: Barraskewda\n|\n|upkeep\n|\n|t:|1700772559\n|switch|p1a: Zapdos|Zapdos, tera:Fairy|12\/100 tox\n|turn|47\n|\n|t:|1700772564\n|move|p1a: Zapdos|Volt Switch|p2a: Magnezone\n|-resisted|p2a: Magnezone\n|-damage|p2a: Magnezone|0 fnt\n|faint|p2a: Magnezone\n|\n|-damage|p1a: Zapdos|6\/100 tox|[from] psn\n|upkeep\n|\n|t:|1700772566\n|switch|p2a: Toxapex|Toxapex, F|84\/100 par\n|turn|48\n|\n|t:|1700772567\n|move|p1a: Zapdos|Roost|p1a: Zapdos\n|-heal|p1a: Zapdos|56\/100 tox\n|move|p2a: Toxapex|Recover|p2a: Toxapex\n|-heal|p2a: Toxapex|100\/100 par\n|\n|-damage|p1a: Zapdos|43\/100 tox|[from] psn\n|upkeep\n|turn|49\n|\n|t:|1700772570\n|move|p1a: Zapdos|Thunder|p2a: Toxapex|[miss]\n|-miss|p1a: Zapdos|p2a: Toxapex\n|move|p2a: Toxapex|Surf|p1a: Zapdos\n|-damage|p1a: Zapdos|23\/100 tox\n|\n|-damage|p1a: Zapdos|4\/100 tox|[from] psn\n|upkeep\n|turn|50\n|\n|t:|1700772572\n|move|p1a: Zapdos|Roost|p1a: Zapdos\n|-heal|p1a: Zapdos|54\/100 tox\n|cant|p2a: Toxapex|par\n|\n|-damage|p1a: Zapdos|29\/100 tox|[from] psn\n|upkeep\n|turn|51\n|\n|t:|1700772576\n|move|p1a: Zapdos|Thunder|p2a: Toxapex|[miss]\n|-miss|p1a: Zapdos|p2a: Toxapex\n|cant|p2a: Toxapex|par\n|\n|-damage|p1a: Zapdos|0 fnt|[from] psn\n|faint|p1a: Zapdos\n|\n|win|mathismathin\n|upkeep\n|raw|fus!0nflare's rating: 1783 &rarr; <strong>1757<\/strong><br \/>(-26 for losing)\n|raw|mathismathin's rating: 1678 &rarr; <strong>1704<\/strong><br \/>(+26 for winning)\n","uploadtime":1700772580,"views":5,"p1id":"fus0nflare","p2id":"mathismathin","formatid":"gen9ou","rating":1704,"private":0,"password":""}