{"id":"gen9ou-1990299314","p1":"Jiim80","p2":"XxItsGoatedxX","format":"[Gen 9] OU","log":"|j|\u2606Jiim80\n|j|\u2606XxItsGoatedxX\n|t:|1699953007\n|gametype|singles\n|player|p1|Jiim80|102|1195\n|player|p2|XxItsGoatedxX|hilbert|1096\n|teamsize|p1|6\n|teamsize|p2|6\n|gen|9\n|tier|[Gen 9] OU\n|rated|\n|rule|Sleep Clause Mod: Limit one foe put to sleep\n|rule|Species Clause: Limit one of each Pok\u00e9mon\n|rule|OHKO Clause: OHKO moves are banned\n|rule|Evasion Items Clause: Evasion items are banned\n|rule|Evasion Moves Clause: Evasion moves are banned\n|rule|Endless Battle Clause: Forcing endless battles is banned\n|rule|HP Percentage Mod: HP is shown in percentages\n|clearpoke\n|poke|p1|Enamorus, F|\n|poke|p1|Dragapult, M|\n|poke|p1|Iron Valiant|\n|poke|p1|Gholdengo|\n|poke|p1|Iron Treads|\n|poke|p1|Dragonite, M|\n|poke|p2|Ribombee, F|\n|poke|p2|Manaphy|\n|poke|p2|Kingambit, M|\n|poke|p2|Great Tusk|\n|poke|p2|Iron Moth|\n|poke|p2|Gholdengo|\n|teampreview\n|inactive|Battle timer is ON: inactive players will automatically lose when time's up. (requested by Jiim80)\n|\n|t:|1699953027\n|start\n|switch|p1a: Iron Treads|Iron Treads|100\/100\n|switch|p2a: Sticky|Ribombee, F, shiny|100\/100\n|-enditem|p1a: Iron Treads|Booster Energy\n|-activate|p1a: Iron Treads|ability: Quark Drive|[fromitem]\n|-start|p1a: Iron Treads|quarkdrivespe\n|turn|1\n|\n|t:|1699953040\n|move|p1a: Iron Treads|Knock Off|p2a: Sticky\n|-resisted|p2a: Sticky\n|-damage|p2a: Sticky|75\/100\n|-enditem|p2a: Sticky|Focus Sash|[from] move: Knock Off|[of] p1a: Iron Treads\n|move|p2a: Sticky|Stun Spore|p1a: Iron Treads\n|-status|p1a: Iron Treads|par\n|\n|upkeep\n|turn|2\n|\n|t:|1699953048\n|move|p2a: Sticky|Sticky Web|p1a: Iron Treads\n|-sidestart|p1: Jiim80|move: Sticky Web\n|move|p1a: Iron Treads|Stealth Rock|p2a: Sticky\n|-sidestart|p2: XxItsGoatedxX|move: Stealth Rock\n|\n|upkeep\n|turn|3\n|\n|t:|1699953058\n|switch|p2a: Manny|Great Tusk, shiny|100\/100\n|move|p1a: Iron Treads|Knock Off|p2a: Manny\n|-resisted|p2a: Manny\n|-damage|p2a: Manny|92\/100\n|-enditem|p2a: Manny|Heavy-Duty Boots|[from] move: Knock Off|[of] p1a: Iron Treads\n|\n|upkeep\n|turn|4\n|\n|t:|1699953078\n|move|p2a: Manny|Rapid Spin|p1a: Iron Treads\n|-resisted|p1a: Iron Treads\n|-damage|p1a: Iron Treads|94\/100 par\n|-boost|p2a: Manny|spe|1\n|-sideend|p2: XxItsGoatedxX|Stealth Rock|[from] move: Rapid Spin|[of] p2a: Manny\n|cant|p1a: Iron Treads|par\n|\n|upkeep\n|turn|5\n|\n|t:|1699953088\n|move|p2a: Manny|Ice Spinner|p1a: Iron Treads\n|-damage|p1a: Iron Treads|71\/100 par\n|move|p1a: Iron Treads|Rapid Spin|p2a: Manny\n|-damage|p2a: Manny|81\/100\n|-boost|p1a: Iron Treads|spe|1\n|-sideend|p1: Jiim80|Sticky Web|[from] move: Rapid Spin|[of] p1a: Iron Treads\n|\n|upkeep\n|turn|6\n|\n|t:|1699953096\n|move|p2a: Manny|Headlong Rush|p1a: Iron Treads\n|-supereffective|p1a: Iron Treads\n|-damage|p1a: Iron Treads|0 fnt\n|-unboost|p2a: Manny|def|1\n|-unboost|p2a: Manny|spd|1\n|faint|p1a: Iron Treads\n|-end|p1a: Iron Treads|Quark Drive|[silent]\n|\n|upkeep\n|\n|t:|1699953112\n|switch|p1a: Iron Valiant|Iron Valiant|100\/100\n|-enditem|p1a: Iron Valiant|Booster Energy\n|-activate|p1a: Iron Valiant|ability: Quark Drive|[fromitem]\n|-start|p1a: Iron Valiant|quarkdrivespe\n|turn|7\n|\n|t:|1699953121\n|-end|p2a: Manny|Protosynthesis|[silent]\n|switch|p2a: Smack|Iron Moth, shiny|100\/100\n|-enditem|p2a: Smack|Booster Energy\n|-activate|p2a: Smack|ability: Quark Drive|[fromitem]\n|-start|p2a: Smack|quarkdrivespe\n|move|p1a: Iron Valiant|Moonblast|p2a: Smack\n|-resisted|p2a: Smack\n|-damage|p2a: Smack|89\/100\n|\n|upkeep\n|turn|8\n|\n|t:|1699953142\n|-end|p1a: Iron Valiant|Quark Drive|[silent]\n|switch|p1a: Gholdengo|Gholdengo|100\/100\n|-item|p1a: Gholdengo|Air Balloon\n|move|p2a: Smack|Substitute|p2a: Smack\n|-start|p2a: Smack|Substitute\n|-damage|p2a: Smack|64\/100\n|\n|upkeep\n|turn|9\n|\n|t:|1699953156\n|switch|p1a: Dragonite|Dragonite, M|100\/100\n|move|p2a: Smack|Fiery Dance|p1a: Dragonite\n|-resisted|p1a: Dragonite\n|-damage|p1a: Dragonite|89\/100\n|\n|upkeep\n|turn|10\n|\n|t:|1699953164\n|move|p2a: Smack|Sludge Wave|p1a: Dragonite\n|-damage|p1a: Dragonite|37\/100\n|move|p1a: Dragonite|Earthquake|p2a: Smack\n|-supereffective|p2a: Smack\n|-end|p2a: Smack|Substitute\n|\n|upkeep\n|turn|11\n|\n|t:|1699953175\n|switch|p1a: Gholdengo|Gholdengo|100\/100\n|-item|p1a: Gholdengo|Air Balloon\n|move|p2a: Smack|Sludge Wave|p1a: Gholdengo\n|-immune|p1a: Gholdengo\n|\n|upkeep\n|turn|12\n|\n|t:|1699953193\n|switch|p1a: Dragonite|Dragonite, M|37\/100\n|move|p2a: Smack|Fiery Dance|p1a: Dragonite\n|-resisted|p1a: Dragonite\n|-damage|p1a: Dragonite|17\/100\n|-boost|p2a: Smack|spa|1\n|\n|upkeep\n|turn|13\n|\n|t:|1699953200\n|move|p1a: Dragonite|Extreme Speed|p2a: Smack\n|-damage|p2a: Smack|18\/100\n|move|p2a: Smack|Fiery Dance|p1a: Dragonite\n|-resisted|p1a: Dragonite\n|-damage|p1a: Dragonite|0 fnt\n|-boost|p2a: Smack|spa|1\n|faint|p1a: Dragonite\n|\n|upkeep\n|\n|t:|1699953213\n|switch|p1a: Dragapult|Dragapult, M|100\/100\n|turn|14\n|\n|t:|1699953219\n|move|p2a: Smack|Sludge Wave|p1a: Dragapult\n|-resisted|p1a: Dragapult\n|-damage|p1a: Dragapult|30\/100\n|move|p1a: Dragapult|Dragon Darts|p2a: Smack\n|-damage|p2a: Smack|0 fnt\n|faint|p2a: Smack\n|-end|p2a: Smack|Quark Drive|[silent]\n|\n|upkeep\n|\n|t:|1699953225\n|switch|p2a: Sticky|Ribombee, F, shiny|75\/100\n|turn|15\n|\n|t:|1699953233\n|switch|p1a: Enamorus|Enamorus, F|100\/100\n|move|p2a: Sticky|Moonblast|p1a: Enamorus\n|-damage|p1a: Enamorus|46\/100\n|\n|-heal|p1a: Enamorus|52\/100|[from] item: Leftovers\n|upkeep\n|turn|16\n|\n|t:|1699953245\n|switch|p1a: Gholdengo|Gholdengo|100\/100\n|-item|p1a: Gholdengo|Air Balloon\n|move|p2a: Sticky|Moonblast|p1a: Gholdengo\n|-resisted|p1a: Gholdengo\n|-damage|p1a: Gholdengo|79\/100\n|-enditem|p1a: Gholdengo|Air Balloon\n|\n|upkeep\n|turn|17\n|\n|t:|1699953258\n|move|p2a: Sticky|Stun Spore|p1a: Gholdengo\n|-immune|p1a: Gholdengo|[from] ability: Good as Gold\n|move|p1a: Gholdengo|Make It Rain|p2a: Sticky\n|-supereffective|p2a: Sticky\n|-damage|p2a: Sticky|0 fnt\n|-unboost|p1a: Gholdengo|spa|1\n|faint|p2a: Sticky\n|\n|upkeep\n|c|\u2606XxItsGoatedxX|Aw crap\n|\n|t:|1699953269\n|switch|p2a: Manny|Great Tusk, shiny|81\/100\n|turn|18\n|\n|t:|1699953281\n|switch|p1a: Enamorus|Enamorus, F|52\/100\n|move|p2a: Manny|Headlong Rush|p1a: Enamorus\n|-immune|p1a: Enamorus\n|\n|-heal|p1a: Enamorus|59\/100|[from] item: Leftovers\n|upkeep\n|turn|19\n|\n|t:|1699953292\n|-end|p2a: Manny|Protosynthesis|[silent]\n|switch|p2a: Cheese|Gholdengo, shiny|100\/100\n|-item|p2a: Cheese|Air Balloon\n|move|p1a: Enamorus|Substitute|p1a: Enamorus\n|-start|p1a: Enamorus|Substitute\n|-damage|p1a: Enamorus|34\/100\n|\n|-heal|p1a: Enamorus|40\/100|[from] item: Leftovers\n|upkeep\n|turn|20\n|\n|t:|1699953306\n|move|p1a: Enamorus|Moonblast|p2a: Cheese\n|-resisted|p2a: Cheese\n|-damage|p2a: Cheese|70\/100\n|-unboost|p2a: Cheese|spa|1\n|-enditem|p2a: Cheese|Air Balloon\n|move|p2a: Cheese|Thunderbolt|p1a: Enamorus\n|-supereffective|p1a: Enamorus\n|-end|p1a: Enamorus|Substitute\n|\n|-heal|p1a: Enamorus|46\/100|[from] item: Leftovers\n|upkeep\n|turn|21\n|\n|t:|1699953322\n|move|p1a: Enamorus|Earth Power|p2a: Cheese\n|-supereffective|p2a: Cheese\n|-damage|p2a: Cheese|0 fnt\n|faint|p2a: Cheese\n|\n|-heal|p1a: Enamorus|52\/100|[from] item: Leftovers\n|upkeep\n|\n|t:|1699953328\n|switch|p2a: DROWN|Manaphy, shiny|100\/100\n|turn|22\n|\n|t:|1699953335\n|switch|p1a: Dragapult|Dragapult, M|30\/100\n|move|p2a: DROWN|Scald|p1a: Dragapult\n|-resisted|p1a: Dragapult\n|-damage|p1a: Dragapult|6\/100\n|-status|p1a: Dragapult|brn\n|\n|-damage|p1a: Dragapult|0 fnt|[from] brn\n|faint|p1a: Dragapult\n|upkeep\n|\n|t:|1699953352\n|switch|p1a: Iron Valiant|Iron Valiant|100\/100\n|turn|23\n|\n|t:|1699953357\n|move|p1a: Iron Valiant|Moonblast|p2a: DROWN\n|-damage|p2a: DROWN|59\/100\n|move|p2a: DROWN|Acid Armor|p2a: DROWN\n|-boost|p2a: DROWN|def|2\n|\n|-heal|p2a: DROWN|65\/100|[from] item: Leftovers\n|upkeep\n|turn|24\n|\n|t:|1699953365\n|move|p1a: Iron Valiant|Encore|p2a: DROWN\n|-start|p2a: DROWN|Encore\n|move|p2a: DROWN|Acid Armor|p2a: DROWN\n|-boost|p2a: DROWN|def|2\n|\n|-heal|p2a: DROWN|71\/100|[from] item: Leftovers\n|upkeep\n|turn|25\n|\n|t:|1699953376\n|move|p1a: Iron Valiant|Moonblast|p2a: DROWN\n|-damage|p2a: DROWN|34\/100\n|move|p2a: DROWN|Acid Armor|p2a: DROWN\n|-boost|p2a: DROWN|def|2\n|\n|-heal|p2a: DROWN|40\/100|[from] item: Leftovers\n|upkeep\n|turn|26\n|\n|t:|1699953383\n|move|p1a: Iron Valiant|Moonblast|p2a: DROWN\n|-damage|p2a: DROWN|0 fnt\n|faint|p2a: DROWN\n|\n|upkeep\n|\n|t:|1699953387\n|switch|p2a: Manny|Great Tusk, shiny|81\/100\n|turn|27\n|\n|t:|1699953393\n|-terastallize|p2a: Manny|Ice\n|move|p1a: Iron Valiant|Moonblast|p2a: Manny\n|-damage|p2a: Manny|15\/100\n|move|p2a: Manny|Ice Spinner|p1a: Iron Valiant\n|-damage|p1a: Iron Valiant|48\/100\n|\n|upkeep\n|turn|28\n|\n|t:|1699953401\n|move|p1a: Iron Valiant|Moonblast|p2a: Manny\n|-damage|p2a: Manny|0 fnt\n|faint|p2a: Manny\n|-end|p2a: Manny|Protosynthesis|[silent]\n|\n|upkeep\n|\n|t:|1699953405\n|switch|p2a: ChainsawMan|Kingambit, M, shiny|100\/100\n|-activate|p2a: ChainsawMan|ability: Supreme Overlord\n|-start|p2a: ChainsawMan|fallen5|[silent]\n|turn|29\n|\n|t:|1699953410\n|move|p2a: ChainsawMan|Sucker Punch||[still]\n|-fail|p2a: ChainsawMan\n|move|p1a: Iron Valiant|Calm Mind|p1a: Iron Valiant\n|-boost|p1a: Iron Valiant|spa|1\n|-boost|p1a: Iron Valiant|spd|1\n|\n|upkeep\n|turn|30\n|\n|t:|1699953416\n|move|p2a: ChainsawMan|Sucker Punch||[still]\n|-fail|p2a: ChainsawMan\n|move|p1a: Iron Valiant|Encore|p2a: ChainsawMan\n|-start|p2a: ChainsawMan|Encore\n|\n|upkeep\n|turn|31\n|\n|t:|1699953421\n|move|p2a: ChainsawMan|Sucker Punch||[still]\n|-fail|p2a: ChainsawMan\n|move|p1a: Iron Valiant|Calm Mind|p1a: Iron Valiant\n|-boost|p1a: Iron Valiant|spa|1\n|-boost|p1a: Iron Valiant|spd|1\n|\n|upkeep\n|turn|32\n|\n|t:|1699953426\n|move|p2a: ChainsawMan|Sucker Punch||[still]\n|-fail|p2a: ChainsawMan\n|move|p1a: Iron Valiant|Calm Mind|p1a: Iron Valiant\n|-boost|p1a: Iron Valiant|spa|1\n|-boost|p1a: Iron Valiant|spd|1\n|\n|upkeep\n|turn|33\n|\n|t:|1699953433\n|move|p2a: ChainsawMan|Sucker Punch||[still]\n|-fail|p2a: ChainsawMan\n|move|p1a: Iron Valiant|Calm Mind|p1a: Iron Valiant\n|-boost|p1a: Iron Valiant|spa|1\n|-boost|p1a: Iron Valiant|spd|1\n|\n|-end|p2a: ChainsawMan|Encore\n|upkeep\n|turn|34\n|\n|t:|1699953444\n|move|p1a: Iron Valiant|Encore|p2a: ChainsawMan\n|-start|p2a: ChainsawMan|Encore\n|move|p2a: ChainsawMan|Sucker Punch||[still]\n|-fail|p2a: ChainsawMan\n|\n|upkeep\n|turn|35\n|\n|t:|1699953449\n|move|p2a: ChainsawMan|Sucker Punch||[still]\n|-fail|p2a: ChainsawMan\n|move|p1a: Iron Valiant|Calm Mind|p1a: Iron Valiant\n|-boost|p1a: Iron Valiant|spa|1\n|-boost|p1a: Iron Valiant|spd|1\n|\n|upkeep\n|turn|36\n|\n|t:|1699953455\n|move|p2a: ChainsawMan|Sucker Punch||[still]\n|-fail|p2a: ChainsawMan\n|move|p1a: Iron Valiant|Calm Mind|p1a: Iron Valiant\n|-boost|p1a: Iron Valiant|spa|1\n|-boost|p1a: Iron Valiant|spd|1\n|\n|-end|p2a: ChainsawMan|Encore\n|upkeep\n|turn|37\n|\n|t:|1699953462\n|move|p1a: Iron Valiant|Moonblast|p2a: ChainsawMan\n|-damage|p2a: ChainsawMan|0 fnt\n|faint|p2a: ChainsawMan\n|-end|p2a: ChainsawMan|fallen5|[silent]\n|\n|win|Jiim80\n|raw|Jiim80's rating: 1195 &rarr; <strong>1213<\/strong><br \/>(+18 for winning)\n|raw|XxItsGoatedxX's rating: 1096 &rarr; <strong>1078<\/strong><br \/>(-18 for losing)\n","uploadtime":1699953468,"views":11,"p1id":"jiim80","p2id":"xxitsgoatedxx","formatid":"gen9ou","rating":1078,"private":0,"password":""}