{"id":"gen9ou-1994704245","p1":"reyalpssehc","p2":"VikontAlu","format":"[Gen 9] OU","log":"|j|\u2606reyalpssehc\n|j|\u2606VikontAlu\n|t:|1700483460\n|gametype|singles\n|player|p1|reyalpssehc|fisherman-gen4|1049\n|player|p2|VikontAlu|169|1000\n|teamsize|p1|6\n|teamsize|p2|6\n|gen|9\n|tier|[Gen 9] OU\n|rated|\n|rule|Sleep Clause Mod: Limit one foe put to sleep\n|rule|Species Clause: Limit one of each Pok\u00e9mon\n|rule|OHKO Clause: OHKO moves are banned\n|rule|Evasion Items Clause: Evasion items are banned\n|rule|Evasion Moves Clause: Evasion moves are banned\n|rule|Endless Battle Clause: Forcing endless battles is banned\n|rule|HP Percentage Mod: HP is shown in percentages\n|clearpoke\n|poke|p1|Ceruledge, M|\n|poke|p1|Kingambit, F|\n|poke|p1|Bruxish, F|\n|poke|p1|Ting-Lu|\n|poke|p1|Great Tusk|\n|poke|p1|Toxapex, M|\n|poke|p2|Cinderace, F|\n|poke|p2|Corviknight, F|\n|poke|p2|Walking Wake|\n|poke|p2|Gholdengo|\n|poke|p2|Iron Valiant|\n|poke|p2|Zapdos|\n|teampreview\n|inactive|Battle timer is ON: inactive players will automatically lose when time's up. (requested by reyalpssehc)\n|inactive|reyalpssehc has 120 seconds left.\n|inactive|reyalpssehc has 90 seconds left.\n|c|\u2606VikontAlu|Why we waiting for\n|\n|t:|1700483532\n|start\n|switch|p1a: Toxapex|Toxapex, M|100\/100\n|switch|p2a: Gholdengo|Gholdengo|100\/100\n|turn|1\n|\n|t:|1700483545\n|switch|p2a: Iron Valiant|Iron Valiant|100\/100\n|-enditem|p2a: Iron Valiant|Booster Energy\n|-activate|p2a: Iron Valiant|ability: Quark Drive|[fromitem]\n|-start|p2a: Iron Valiant|quarkdrivespe\n|switch|p1a: Ceruledge|Ceruledge, M|100\/100\n|\n|upkeep\n|turn|2\n|\n|t:|1700483569\n|-end|p2a: Iron Valiant|Quark Drive|[silent]\n|switch|p2a: Walking Wake|Walking Wake|100\/100\n|-enditem|p2a: Walking Wake|Booster Energy\n|-activate|p2a: Walking Wake|ability: Protosynthesis|[fromitem]\n|-start|p2a: Walking Wake|protosynthesisspa\n|move|p1a: Ceruledge|Poltergeist||[still]\n|-fail|p1a: Ceruledge\n|\n|upkeep\n|turn|3\n|\n|t:|1700483586\n|switch|p1a: Toxapex|Toxapex, M|100\/100\n|move|p2a: Walking Wake|Hydro Steam|p1a: Toxapex\n|-resisted|p1a: Toxapex\n|-damage|p1a: Toxapex|80\/100\n|\n|-heal|p1a: Toxapex|86\/100|[from] item: Leftovers\n|upkeep\n|turn|4\n|\n|t:|1700483602\n|-end|p2a: Walking Wake|Protosynthesis|[silent]\n|switch|p2a: Iron Valiant|Iron Valiant|100\/100\n|move|p1a: Toxapex|Ice Spinner|p2a: Iron Valiant\n|-damage|p2a: Iron Valiant|83\/100\n|\n|-heal|p1a: Toxapex|93\/100|[from] item: Leftovers\n|upkeep\n|turn|5\n|\n|t:|1700483609\n|move|p2a: Iron Valiant|Psychic|p1a: Toxapex\n|-supereffective|p1a: Toxapex\n|-damage|p1a: Toxapex|50\/100\n|move|p1a: Toxapex|Toxic|p2a: Iron Valiant\n|-status|p2a: Iron Valiant|tox\n|\n|-heal|p1a: Toxapex|57\/100|[from] item: Leftovers\n|-damage|p2a: Iron Valiant|76\/100 tox|[from] psn\n|upkeep\n|turn|6\n|inactive|VikontAlu has 120 seconds left.\n|\n|t:|1700483632\n|-end|p2a: Iron Valiant|Quark Drive|[silent]\n|switch|p2a: Zapdos|Zapdos|100\/100\n|move|p1a: Toxapex|Protect||[still]\n|-fail|p1a: Toxapex\n|\n|-heal|p1a: Toxapex|63\/100|[from] item: Leftovers\n|upkeep\n|turn|7\n|inactive|VikontAlu has 120 seconds left.\n|\n|t:|1700483643\n|switch|p1a: Great Tusk|Great Tusk|100\/100\n|move|p2a: Zapdos|Thunder Wave|p1a: Great Tusk\n|-immune|p1a: Great Tusk\n|\n|upkeep\n|turn|8\n|inactive|VikontAlu has 120 seconds left.\n|\n|t:|1700483660\n|switch|p2a: Gholdengo|Gholdengo|100\/100\n|move|p1a: Great Tusk|Iron Head|p2a: Gholdengo\n|-resisted|p2a: Gholdengo\n|-damage|p2a: Gholdengo|84\/100\n|\n|upkeep\n|turn|9\n|inactive|VikontAlu has 120 seconds left.\n|\n|t:|1700483676\n|-end|p1a: Great Tusk|Protosynthesis|[silent]\n|switch|p1a: Toxapex|Toxapex, M|63\/100\n|move|p2a: Gholdengo|Dazzling Gleam|p1a: Toxapex\n|-resisted|p1a: Toxapex\n|-damage|p1a: Toxapex|51\/100\n|\n|-heal|p1a: Toxapex|58\/100|[from] item: Leftovers\n|upkeep\n|turn|10\n|inactive|VikontAlu has 120 seconds left.\n|\n|t:|1700483704\n|switch|p2a: Iron Valiant|Iron Valiant|76\/100 tox\n|move|p1a: Toxapex|Ice Spinner|p2a: Iron Valiant\n|-crit|p2a: Iron Valiant\n|-damage|p2a: Iron Valiant|52\/100 tox\n|\n|-heal|p1a: Toxapex|64\/100|[from] item: Leftovers\n|-damage|p2a: Iron Valiant|46\/100 tox|[from] psn\n|upkeep\n|turn|11\n|\n|t:|1700483716\n|move|p2a: Iron Valiant|Thunderbolt|p1a: Toxapex\n|-supereffective|p1a: Toxapex\n|-damage|p1a: Toxapex|23\/100\n|move|p1a: Toxapex|Sludge Bomb|p2a: Iron Valiant\n|-supereffective|p2a: Iron Valiant\n|-crit|p2a: Iron Valiant\n|-damage|p2a: Iron Valiant|0 fnt\n|faint|p2a: Iron Valiant\n|-end|p2a: Iron Valiant|Quark Drive|[silent]\n|\n|-heal|p1a: Toxapex|29\/100|[from] item: Leftovers\n|upkeep\n|\n|t:|1700483730\n|switch|p2a: Zapdos|Zapdos|100\/100\n|turn|12\n|\n|t:|1700483734\n|move|p1a: Toxapex|Protect|p1a: Toxapex\n|-singleturn|p1a: Toxapex|Protect\n|move|p2a: Zapdos|Discharge|p1a: Toxapex\n|-activate|p1a: Toxapex|move: Protect\n|\n|-heal|p1a: Toxapex|35\/100|[from] item: Leftovers\n|upkeep\n|turn|13\n|\n|t:|1700483749\n|switch|p1a: Ting-Lu|Ting-Lu|100\/100\n|-ability|p1a: Ting-Lu|Vessel of Ruin\n|move|p2a: Zapdos|Discharge|p1a: Ting-Lu\n|-immune|p1a: Ting-Lu\n|\n|upkeep\n|turn|14\n|\n|t:|1700483769\n|move|p2a: Zapdos|Heat Wave|p1a: Ting-Lu\n|-damage|p1a: Ting-Lu|90\/100\n|-status|p1a: Ting-Lu|brn\n|move|p1a: Ting-Lu|Heavy Slam|p2a: Zapdos\n|-resisted|p2a: Zapdos\n|-crit|p2a: Zapdos\n|-damage|p2a: Zapdos|87\/100\n|\n|-heal|p2a: Zapdos|94\/100|[from] item: Leftovers\n|-damage|p1a: Ting-Lu|84\/100 brn|[from] brn\n|upkeep\n|turn|15\n|\n|t:|1700483783\n|move|p2a: Zapdos|Heat Wave|p1a: Ting-Lu\n|-damage|p1a: Ting-Lu|74\/100 brn\n|move|p1a: Ting-Lu|Throat Chop|p2a: Zapdos\n|-damage|p2a: Zapdos|76\/100\n|-start|p2a: Zapdos|Throat Chop|[silent]\n|\n|-heal|p2a: Zapdos|82\/100|[from] item: Leftovers\n|-damage|p1a: Ting-Lu|67\/100 brn|[from] brn\n|upkeep\n|turn|16\n|inactive|reyalpssehc has 120 seconds left.\n|\n|t:|1700483829\n|switch|p1a: Ceruledge|Ceruledge, M|100\/100\n|move|p2a: Zapdos|Heat Wave|p1a: Ceruledge\n|-resisted|p1a: Ceruledge\n|-damage|p1a: Ceruledge|91\/100\n|\n|-heal|p2a: Zapdos|88\/100|[from] item: Leftovers\n|-end|p2a: Zapdos|Throat Chop|[silent]\n|upkeep\n|turn|17\n|\n|t:|1700483845\n|move|p1a: Ceruledge|Poltergeist|p2a: Zapdos\n|-activate|p2a: Zapdos|move: Poltergeist|Leftovers\n|-damage|p2a: Zapdos|45\/100\n|move|p2a: Zapdos|Thunder Wave|p1a: Ceruledge\n|-status|p1a: Ceruledge|par\n|\n|-heal|p2a: Zapdos|51\/100|[from] item: Leftovers\n|upkeep\n|turn|18\n|inactive|reyalpssehc has 90 seconds left.\n|inactive|reyalpssehc has 60 seconds left.\n|inactive|reyalpssehc has 30 seconds left.\n|inactive|reyalpssehc has 20 seconds left.\n|\n|t:|1700483948\n|move|p2a: Zapdos|Roost|p2a: Zapdos\n|-heal|p2a: Zapdos|100\/100\n|-singleturn|p2a: Zapdos|move: Roost\n|move|p1a: Ceruledge|Poltergeist|p2a: Zapdos\n|-activate|p2a: Zapdos|move: Poltergeist|Leftovers\n|-damage|p2a: Zapdos|50\/100\n|\n|-heal|p2a: Zapdos|56\/100|[from] item: Leftovers\n|upkeep\n|turn|19\n|inactive|reyalpssehc has 30 seconds left this turn.\n|inactive|reyalpssehc has 20 seconds left.\n|\n|t:|1700483963\n|move|p2a: Zapdos|Roost|p2a: Zapdos\n|-heal|p2a: Zapdos|100\/100\n|-singleturn|p2a: Zapdos|move: Roost\n|move|p1a: Ceruledge|Poltergeist|p2a: Zapdos\n|-activate|p2a: Zapdos|move: Poltergeist|Leftovers\n|-damage|p2a: Zapdos|55\/100\n|\n|-heal|p2a: Zapdos|62\/100|[from] item: Leftovers\n|upkeep\n|turn|20\n|inactive|reyalpssehc has 30 seconds left this turn.\n|\n|t:|1700483974\n|move|p2a: Zapdos|Roost|p2a: Zapdos\n|-heal|p2a: Zapdos|100\/100\n|-singleturn|p2a: Zapdos|move: Roost\n|move|p1a: Ceruledge|Poltergeist|p2a: Zapdos\n|-activate|p2a: Zapdos|move: Poltergeist|Leftovers\n|-damage|p2a: Zapdos|52\/100\n|\n|-heal|p2a: Zapdos|58\/100|[from] item: Leftovers\n|upkeep\n|turn|21\n|inactive|reyalpssehc has 30 seconds left.\n|\n|t:|1700483987\n|move|p2a: Zapdos|Roost|p2a: Zapdos\n|-heal|p2a: Zapdos|100\/100\n|-singleturn|p2a: Zapdos|move: Roost\n|move|p1a: Ceruledge|Poltergeist|p2a: Zapdos\n|-activate|p2a: Zapdos|move: Poltergeist|Leftovers\n|-damage|p2a: Zapdos|57\/100\n|\n|-heal|p2a: Zapdos|63\/100|[from] item: Leftovers\n|upkeep\n|turn|22\n|inactive|reyalpssehc has 30 seconds left.\n|\n|t:|1700483997\n|move|p2a: Zapdos|Roost|p2a: Zapdos\n|-heal|p2a: Zapdos|100\/100\n|-singleturn|p2a: Zapdos|move: Roost\n|move|p1a: Ceruledge|Poltergeist|p2a: Zapdos|[miss]\n|-miss|p1a: Ceruledge|p2a: Zapdos\n|\n|upkeep\n|turn|23\n|\n|t:|1700484015\n|switch|p1a: Great Tusk|Great Tusk|100\/100\n|move|p2a: Zapdos|Discharge|p1a: Great Tusk\n|-immune|p1a: Great Tusk\n|\n|upkeep\n|turn|24\n|\n|t:|1700484028\n|switch|p2a: Walking Wake|Walking Wake|100\/100\n|move|p1a: Great Tusk|Rapid Spin|p2a: Walking Wake\n|-damage|p2a: Walking Wake|81\/100\n|-boost|p1a: Great Tusk|spe|1\n|\n|upkeep\n|turn|25\n|\n|t:|1700484037\n|move|p2a: Walking Wake|Hydro Steam|p1a: Great Tusk\n|-supereffective|p1a: Great Tusk\n|-damage|p1a: Great Tusk|33\/100\n|move|p1a: Great Tusk|Ice Spinner|p2a: Walking Wake\n|-damage|p2a: Walking Wake|47\/100\n|\n|upkeep\n|turn|26\n|\n|t:|1700484044\n|-end|p1a: Great Tusk|Protosynthesis|[silent]\n|switch|p1a: Toxapex|Toxapex, M|35\/100\n|move|p2a: Walking Wake|Hydro Steam|p1a: Toxapex\n|-resisted|p1a: Toxapex\n|-damage|p1a: Toxapex|20\/100\n|\n|-heal|p1a: Toxapex|26\/100|[from] item: Leftovers\n|upkeep\n|turn|27\n|\n|t:|1700484054\n|move|p2a: Walking Wake|Draco Meteor|p1a: Toxapex\n|-damage|p1a: Toxapex|0 fnt\n|-unboost|p2a: Walking Wake|spa|2\n|faint|p1a: Toxapex\n|\n|upkeep\n|inactive|reyalpssehc has 60 seconds left.\n|\n|t:|1700484059\n|switch|p1a: Bruxish|Bruxish, F|100\/100\n|turn|28\n|inactive|VikontAlu has 120 seconds left.\n|\n|t:|1700484074\n|-end|p2a: Walking Wake|Protosynthesis|[silent]\n|switch|p2a: Zapdos|Zapdos|100\/100\n|move|p1a: Bruxish|Crunch|p2a: Zapdos\n|-damage|p2a: Zapdos|59\/100\n|-damage|p1a: Bruxish|91\/100|[from] item: Life Orb\n|\n|-heal|p2a: Zapdos|65\/100|[from] item: Leftovers\n|upkeep\n|turn|29\n|inactive|VikontAlu has 120 seconds left.\n|\n|t:|1700484087\n|switch|p1a: Great Tusk|Great Tusk|33\/100\n|move|p2a: Zapdos|Thunder Wave|p1a: Great Tusk\n|-immune|p1a: Great Tusk\n|\n|-heal|p2a: Zapdos|71\/100|[from] item: Leftovers\n|upkeep\n|turn|30\n|inactive|VikontAlu has 120 seconds left.\n|\n|t:|1700484100\n|-end|p1a: Great Tusk|Protosynthesis|[silent]\n|switch|p1a: Bruxish|Bruxish, F|91\/100\n|move|p2a: Zapdos|Heat Wave|p1a: Bruxish\n|-resisted|p1a: Bruxish\n|-damage|p1a: Bruxish|70\/100\n|-status|p1a: Bruxish|brn\n|\n|-heal|p2a: Zapdos|78\/100|[from] item: Leftovers\n|-damage|p1a: Bruxish|64\/100 brn|[from] brn\n|upkeep\n|turn|31\n|inactive|VikontAlu has 120 seconds left.\n|inactive|reyalpssehc has 60 seconds left.\n|\n|t:|1700484136\n|-terastallize|p1a: Bruxish|Dark\n|move|p1a: Bruxish|Psychic Fangs|p2a: Zapdos\n|-damage|p2a: Zapdos|48\/100\n|-damage|p1a: Bruxish|54\/100 brn|[from] item: Life Orb\n|move|p2a: Zapdos|Discharge|p1a: Bruxish\n|-damage|p1a: Bruxish|3\/100 brn\n|\n|-heal|p2a: Zapdos|55\/100|[from] item: Leftovers\n|-damage|p1a: Bruxish|0 fnt|[from] brn\n|faint|p1a: Bruxish\n|upkeep\n|\n|t:|1700484147\n|switch|p1a: Ceruledge|Ceruledge, M|91\/100 par\n|turn|32\n|\n|t:|1700484155\n|move|p2a: Zapdos|Roost|p2a: Zapdos\n|-heal|p2a: Zapdos|100\/100\n|-singleturn|p2a: Zapdos|move: Roost\n|move|p1a: Ceruledge|Poltergeist|p2a: Zapdos\n|-activate|p2a: Zapdos|move: Poltergeist|Leftovers\n|-damage|p2a: Zapdos|51\/100\n|\n|-heal|p2a: Zapdos|57\/100|[from] item: Leftovers\n|upkeep\n|turn|33\n|\n|t:|1700484166\n|switch|p1a: Great Tusk|Great Tusk|33\/100\n|move|p2a: Zapdos|Roost|p2a: Zapdos\n|-heal|p2a: Zapdos|100\/100\n|-singleturn|p2a: Zapdos|move: Roost\n|\n|upkeep\n|turn|34\n|\n|t:|1700484173\n|move|p2a: Zapdos|Heat Wave|p1a: Great Tusk\n|-damage|p1a: Great Tusk|9\/100\n|move|p1a: Great Tusk|Headlong Rush|p2a: Zapdos\n|-immune|p2a: Zapdos\n|\n|upkeep\n|turn|35\n|inactive|reyalpssehc has 60 seconds left.\n|\n|t:|1700484179\n|move|p2a: Zapdos|Heat Wave|p1a: Great Tusk\n|-damage|p1a: Great Tusk|0 fnt\n|faint|p1a: Great Tusk\n|-end|p1a: Great Tusk|Protosynthesis|[silent]\n|\n|upkeep\n|\n|t:|1700484183\n|switch|p1a: Ceruledge|Ceruledge, M|91\/100 par\n|turn|36\n|\n|t:|1700484188\n|move|p2a: Zapdos|Heat Wave|p1a: Ceruledge|[miss]\n|-miss|p2a: Zapdos|p1a: Ceruledge\n|move|p1a: Ceruledge|Brick Break|p2a: Zapdos\n|-resisted|p2a: Zapdos\n|-damage|p2a: Zapdos|89\/100\n|\n|-heal|p2a: Zapdos|95\/100|[from] item: Leftovers\n|upkeep\n|turn|37\n|\n|t:|1700484198\n|switch|p1a: Kingambit|Kingambit, F|100\/100\n|-activate|p1a: Kingambit|ability: Supreme Overlord\n|-start|p1a: Kingambit|fallen3|[silent]\n|move|p2a: Zapdos|Discharge|p1a: Kingambit\n|-damage|p1a: Kingambit|66\/100\n|\n|-heal|p2a: Zapdos|100\/100|[from] item: Leftovers\n|upkeep\n|turn|38\n|\n|t:|1700484211\n|move|p2a: Zapdos|Heat Wave|p1a: Kingambit\n|-supereffective|p1a: Kingambit\n|-damage|p1a: Kingambit|16\/100\n|-status|p1a: Kingambit|brn\n|-enditem|p1a: Kingambit|Lum Berry|[eat]\n|-curestatus|p1a: Kingambit|brn|[msg]\n|move|p1a: Kingambit|Kowtow Cleave|p2a: Zapdos\n|-damage|p2a: Zapdos|46\/100\n|-status|p1a: Kingambit|par|[from] ability: Static|[of] p2a: Zapdos\n|\n|-heal|p2a: Zapdos|52\/100|[from] item: Leftovers\n|upkeep\n|turn|39\n|inactive|reyalpssehc has 90 seconds left.\n|\n|t:|1700484223\n|move|p2a: Zapdos|Roost|p2a: Zapdos\n|-heal|p2a: Zapdos|100\/100\n|-singleturn|p2a: Zapdos|move: Roost\n|move|p1a: Kingambit|Kowtow Cleave|p2a: Zapdos\n|-damage|p2a: Zapdos|43\/100\n|\n|-heal|p2a: Zapdos|49\/100|[from] item: Leftovers\n|upkeep\n|turn|40\n|-message|reyalpssehc forfeited.\n|\n|win|VikontAlu\n|raw|reyalpssehc's rating: 1049 &rarr; <strong>1029<\/strong><br \/>(-20 for losing)\n|raw|VikontAlu's rating: 1000 &rarr; <strong>1046<\/strong><br \/>(+46 for winning)\n|l|\u2606reyalpssehc\n","uploadtime":1700484243,"views":23,"p1id":"reyalpssehc","p2id":"vikontalu","formatid":"gen9ou","rating":1029,"private":0,"password":""}