{"id":"gen9ou-1989824765","p1":"ratatta17","p2":"Wild We$t","format":"[Gen 9] OU","log":"|j|\u2606ratatta17\n|j|\u2606Wild We$t\n|t:|1699898852\n|gametype|singles\n|player|p1|ratatta17|265|1415\n|player|p2|Wild We$t|burglar|1322\n|teamsize|p1|6\n|teamsize|p2|6\n|gen|9\n|tier|[Gen 9] OU\n|rated|\n|rule|Sleep Clause Mod: Limit one foe put to sleep\n|rule|Species Clause: Limit one of each Pok\u00e9mon\n|rule|OHKO Clause: OHKO moves are banned\n|rule|Evasion Items Clause: Evasion items are banned\n|rule|Evasion Moves Clause: Evasion moves are banned\n|rule|Endless Battle Clause: Forcing endless battles is banned\n|rule|HP Percentage Mod: HP is shown in percentages\n|clearpoke\n|poke|p1|Azumarill, M|\n|poke|p1|Staraptor, M|\n|poke|p1|Toedscruel, M|\n|poke|p1|Skeledirge, F|\n|poke|p1|Ninetales-Alola, M|\n|poke|p1|Iron Valiant|\n|poke|p2|Hatterene, F|\n|poke|p2|Cinderace, F|\n|poke|p2|Great Tusk|\n|poke|p2|Slowking-Galar, M|\n|poke|p2|Mandibuzz, F|\n|poke|p2|Maushold|\n|teampreview\n|inactive|Battle timer is ON: inactive players will automatically lose when time's up. (requested by ratatta17)\n|\n|t:|1699898858\n|start\n|switch|p1a: Staraptor|Staraptor, M|100\/100\n|switch|p2a: Maushold|Maushold|100\/100\n|-ability|p1a: Staraptor|Intimidate|boost\n|-unboost|p2a: Maushold|atk|1\n|turn|1\n|\n|t:|1699898866\n|switch|p2a: Mandibuzz|Mandibuzz, F|100\/100\n|move|p1a: Staraptor|Final Gambit|p2a: Mandibuzz\n|-damage|p2a: Mandibuzz|12\/100\n|faint|p1a: Staraptor\n|\n|upkeep\n|\n|t:|1699898868\n|switch|p1a: Iron Valiant|Iron Valiant|100\/100\n|turn|2\n|\n|t:|1699898876\n|switch|p2a: Slowking|Slowking-Galar, M|100\/100\n|move|p1a: Iron Valiant|Thunderbolt|p2a: Slowking\n|-damage|p2a: Slowking|78\/100\n|-damage|p1a: Iron Valiant|91\/100|[from] item: Life Orb\n|\n|-heal|p2a: Slowking|84\/100|[from] item: Black Sludge\n|upkeep\n|turn|3\n|\n|t:|1699898882\n|move|p1a: Iron Valiant|Knock Off|p2a: Slowking\n|-supereffective|p2a: Slowking\n|-damage|p2a: Slowking|12\/100\n|-enditem|p2a: Slowking|Black Sludge|[from] move: Knock Off|[of] p1a: Iron Valiant\n|-damage|p1a: Iron Valiant|81\/100|[from] item: Life Orb\n|move|p2a: Slowking|Trick|p1a: Iron Valiant\n|-activate|p2a: Slowking|move: Trick|[of] p1a: Iron Valiant\n|-enditem|p1a: Iron Valiant|Life Orb|[silent]|[from] move: Trick\n|-item|p2a: Slowking|Life Orb|[from] move: Trick\n|\n|upkeep\n|turn|4\n|\n|t:|1699898897\n|switch|p2a: Great Tusk|Great Tusk|100\/100\n|move|p1a: Iron Valiant|Knock Off|p2a: Great Tusk\n|-resisted|p2a: Great Tusk\n|-damage|p2a: Great Tusk|90\/100\n|-damage|p1a: Iron Valiant|65\/100|[from] item: Rocky Helmet|[of] p2a: Great Tusk\n|-enditem|p2a: Great Tusk|Rocky Helmet|[from] move: Knock Off|[of] p1a: Iron Valiant\n|\n|upkeep\n|turn|5\n|\n|t:|1699898900\n|-end|p2a: Great Tusk|Protosynthesis|[silent]\n|switch|p2a: Slowking|Slowking-Galar, M|46\/100\n|move|p1a: Iron Valiant|Moonblast|p2a: Slowking\n|-resisted|p2a: Slowking\n|-damage|p2a: Slowking|31\/100\n|\n|upkeep\n|turn|6\n|\n|t:|1699898906\n|move|p1a: Iron Valiant|Knock Off|p2a: Slowking\n|-supereffective|p2a: Slowking\n|-damage|p2a: Slowking|0 fnt\n|-enditem|p2a: Slowking|Life Orb|[from] move: Knock Off|[of] p1a: Iron Valiant\n|faint|p2a: Slowking\n|\n|upkeep\n|\n|t:|1699898912\n|switch|p2a: Cinderace|Cinderace, F|100\/100\n|turn|7\n|\n|t:|1699898914\n|-end|p1a: Iron Valiant|Quark Drive|[silent]\n|switch|p1a: Skeledirge|Skeledirge, F|100\/100\n|move|p2a: Cinderace|Pyro Ball|p1a: Skeledirge\n|-resisted|p1a: Skeledirge\n|-damage|p1a: Skeledirge|79\/100\n|\n|-heal|p1a: Skeledirge|85\/100|[from] item: Leftovers\n|upkeep\n|turn|8\n|\n|t:|1699898924\n|switch|p2a: Hatterene|Hatterene, F|100\/100\n|move|p1a: Skeledirge|Will-O-Wisp|p2a: Hatterene\n|move|p2a: Hatterene|Will-O-Wisp|p1a: Skeledirge|[from]ability: Magic Bounce|[miss]\n|-miss|p2a: Hatterene|p1a: Skeledirge\n|\n|-heal|p1a: Skeledirge|92\/100|[from] item: Leftovers\n|upkeep\n|turn|9\n|\n|t:|1699898931\n|switch|p2a: Maushold|Maushold|100\/100\n|move|p1a: Skeledirge|Torch Song|p2a: Maushold\n|-damage|p2a: Maushold|52\/100\n|-boost|p1a: Skeledirge|spa|1\n|\n|-heal|p1a: Skeledirge|98\/100|[from] item: Leftovers\n|upkeep\n|turn|10\n|\n|t:|1699898938\n|move|p2a: Maushold|Bite|p1a: Skeledirge\n|-supereffective|p1a: Skeledirge\n|-damage|p1a: Skeledirge|60\/100\n|cant|p1a: Skeledirge|flinch\n|\n|-heal|p1a: Skeledirge|66\/100|[from] item: Leftovers\n|upkeep\n|turn|11\n|\n|t:|1699898946\n|move|p2a: Maushold|Bite|p1a: Skeledirge\n|-supereffective|p1a: Skeledirge\n|-damage|p1a: Skeledirge|29\/100\n|cant|p1a: Skeledirge|flinch\n|\n|-heal|p1a: Skeledirge|35\/100|[from] item: Leftovers\n|upkeep\n|turn|12\n|\n|t:|1699898957\n|switch|p1a: Toedscruel|Toedscruel, M|100\/100\n|move|p2a: Maushold|Bite|p1a: Toedscruel\n|-damage|p1a: Toedscruel|83\/100\n|\n|-heal|p1a: Toedscruel|89\/100|[from] item: Leftovers\n|upkeep\n|turn|13\n|\n|t:|1699898963\n|switch|p1a: Skeledirge|Skeledirge, F|35\/100\n|move|p2a: Maushold|Population Bomb|p1a: Skeledirge\n|-immune|p1a: Skeledirge\n|\n|-heal|p1a: Skeledirge|41\/100|[from] item: Leftovers\n|upkeep\n|turn|14\n|\n|t:|1699898970\n|move|p2a: Maushold|Bite|p1a: Skeledirge\n|-supereffective|p1a: Skeledirge\n|-damage|p1a: Skeledirge|4\/100\n|move|p1a: Skeledirge|Will-O-Wisp|p2a: Maushold\n|-status|p2a: Maushold|brn\n|\n|-heal|p1a: Skeledirge|10\/100|[from] item: Leftovers\n|-damage|p2a: Maushold|46\/100 brn|[from] brn\n|upkeep\n|turn|15\n|\n|t:|1699898991\n|switch|p1a: Toedscruel|Toedscruel, M|89\/100\n|move|p2a: Maushold|Encore||[still]\n|-fail|p2a: Maushold\n|\n|-heal|p1a: Toedscruel|95\/100|[from] item: Leftovers\n|-damage|p2a: Maushold|40\/100 brn|[from] brn\n|upkeep\n|turn|16\n|c|\u2606Wild We$t|Gtg sorry\n|c|\u2606Wild We$t|fg\n|c|\u2606Wild We$t|wp\n|-message|Wild We$t forfeited.\n|\n|win|ratatta17\n|raw|ratatta17's rating: 1415 &rarr; <strong>1430<\/strong><br \/>(+15 for winning)\n|raw|Wild We$t's rating: 1322 &rarr; <strong>1307<\/strong><br \/>(-15 for losing)\n|l|\u2606Wild We$t\n","uploadtime":1699899043,"views":8,"p1id":"ratatta17","p2id":"wildwet","formatid":"gen9ou","rating":1307,"private":0,"password":""}