{"id":"gen9ou-1996695307","p1":"punkmag","p2":"PeterGriffinOnline","format":"[Gen 9] OU","log":"|j|\u2606punkmag\n|j|\u2606PeterGriffinOnline\n|t:|1700710806\n|gametype|singles\n|player|p1|punkmag|waitress-gen4|1235\n|player|p2|PeterGriffinOnline|crasherwake|1162\n|teamsize|p1|6\n|teamsize|p2|6\n|gen|9\n|tier|[Gen 9] OU\n|rated|\n|rule|Sleep Clause Mod: Limit one foe put to sleep\n|rule|Species Clause: Limit one of each Pok\u00e9mon\n|rule|OHKO Clause: OHKO moves are banned\n|rule|Evasion Items Clause: Evasion items are banned\n|rule|Evasion Moves Clause: Evasion moves are banned\n|rule|Endless Battle Clause: Forcing endless battles is banned\n|rule|HP Percentage Mod: HP is shown in percentages\n|clearpoke\n|poke|p1|Iron Valiant|\n|poke|p1|Ninetales-Alola, F|\n|poke|p1|Forretress, F|\n|poke|p1|Dragonite, M|\n|poke|p1|Arcanine-Hisui, F|\n|poke|p1|Zapdos|\n|poke|p2|Kingambit, M|\n|poke|p2|Cinderace, F|\n|poke|p2|Slowking-Galar, F|\n|poke|p2|Greninja-*, M|\n|poke|p2|Ribombee, M|\n|poke|p2|Garchomp, M|\n|teampreview\n|inactive|Battle timer is ON: inactive players will automatically lose when time's up. (requested by punkmag)\n|\n|t:|1700710814\n|start\n|switch|p1a: Zapdos|Zapdos|100\/100\n|switch|p2a: Slowking|Slowking-Galar, F|100\/100\n|turn|1\n|\n|t:|1700710822\n|move|p1a: Zapdos|Hurricane|p2a: Slowking\n|-damage|p2a: Slowking|69\/100\n|move|p2a: Slowking|Future Sight|p1a: Zapdos\n|-start|p2a: Slowking|move: Future Sight\n|\n|upkeep\n|turn|2\n|\n|t:|1700710828\n|move|p1a: Zapdos|Volt Switch|p2a: Slowking\n|-damage|p2a: Slowking|50\/100\n|\n|t:|1700710833\n|switch|p1a: Forretress|Forretress, F|100\/100|[from] Volt Switch\n|move|p2a: Slowking|Sludge Bomb|p1a: Forretress\n|-immune|p1a: Forretress\n|\n|upkeep\n|turn|3\n|\n|t:|1700710845\n|move|p2a: Slowking|Flamethrower|p1a: Forretress\n|-supereffective|p1a: Forretress\n|-ability|p1a: Forretress|Sturdy\n|-damage|p1a: Forretress|1\/100\n|move|p1a: Forretress|Spikes|p2a: Slowking\n|-sidestart|p2: PeterGriffinOnline|Spikes\n|\n|-end|p1a: Forretress|move: Future Sight\n|-resisted|p1a: Forretress\n|-damage|p1a: Forretress|0 fnt\n|faint|p1a: Forretress\n|upkeep\n|\n|t:|1700710857\n|switch|p1a: Arcanine|Arcanine-Hisui, F|100\/100\n|turn|4\n|inactive|PeterGriffinOnline has 120 seconds left.\n|\n|t:|1700710897\n|move|p1a: Arcanine|Flare Blitz|p2a: Slowking\n|-damage|p2a: Slowking|0 fnt\n|faint|p2a: Slowking\n|\n|upkeep\n|\n|t:|1700710905\n|switch|p2a: Greninja|Greninja, M|100\/100\n|-damage|p2a: Greninja|88\/100|[from] Spikes\n|turn|5\n|\n|t:|1700710914\n|switch|p1a: Canada snow|Ninetales-Alola, F|100\/100\n|-weather|Snow|[from] ability: Snow Warning|[of] p1a: Canada snow\n|move|p2a: Greninja|Surf|p1a: Canada snow\n|-crit|p1a: Canada snow\n|-damage|p1a: Canada snow|1\/100\n|-damage|p2a: Greninja|78\/100|[from] item: Life Orb\n|\n|-weather|Snow|[upkeep]\n|upkeep\n|turn|6\n|inactive|punkmag has 120 seconds left.\n|\n|t:|1700710950\n|switch|p1a: Dragonite|Dragonite, M|100\/100\n|move|p2a: Greninja|Surf|p1a: Dragonite\n|-resisted|p1a: Dragonite\n|-damage|p1a: Dragonite|87\/100\n|-damage|p2a: Greninja|69\/100|[from] item: Life Orb\n|\n|-weather|Snow|[upkeep]\n|upkeep\n|turn|7\n|inactive|punkmag has 120 seconds left.\n|\n|t:|1700710961\n|move|p1a: Dragonite|Extreme Speed|p2a: Greninja\n|-damage|p2a: Greninja|21\/100\n|move|p2a: Greninja|Ice Beam|p1a: Dragonite\n|-supereffective|p1a: Dragonite\n|-damage|p1a: Dragonite|0 fnt\n|faint|p1a: Dragonite\n|-ability|p2a: Greninja|Battle Bond|boost\n|-boost|p2a: Greninja|atk|1\n|-boost|p2a: Greninja|spa|1\n|-boost|p2a: Greninja|spe|1\n|-activate|p2a: Greninja|ability: Battle Bond\n|-damage|p2a: Greninja|11\/100|[from] item: Life Orb\n|\n|-weather|Snow|[upkeep]\n|upkeep\n|\n|t:|1700710980\n|switch|p1a: Arcanine|Arcanine-Hisui, F|100\/100\n|turn|8\n|\n|t:|1700711002\n|switch|p2a: Garchomp|Garchomp, M|100\/100\n|-damage|p2a: Garchomp|88\/100|[from] Spikes\n|move|p1a: Arcanine|Extreme Speed|p2a: Garchomp\n|-damage|p2a: Garchomp|48\/100\n|-damage|p1a: Arcanine|88\/100|[from] ability: Rough Skin|[of] p2a: Garchomp\n|\n|-weather|Snow|[upkeep]\n|upkeep\n|turn|9\n|inactive|punkmag has 120 seconds left.\n|\n|t:|1700711013\n|switch|p1a: Canada snow|Ninetales-Alola, F|1\/100\n|move|p2a: Garchomp|Earthquake|p1a: Canada snow\n|-damage|p1a: Canada snow|0 fnt\n|faint|p1a: Canada snow\n|-damage|p2a: Garchomp|39\/100|[from] item: Life Orb\n|\n|-weather|none\n|upkeep\n|\n|t:|1700711022\n|switch|p1a: Vs|Iron Valiant|100\/100\n|turn|10\n|\n|t:|1700711029\n|-terastallize|p2a: Garchomp|Fire\n|move|p1a: Vs|Moonblast|p2a: Garchomp\n|-resisted|p2a: Garchomp\n|-damage|p2a: Garchomp|12\/100\n|-damage|p1a: Vs|91\/100|[from] item: Life Orb\n|move|p2a: Garchomp|Fire Blast|p1a: Vs\n|-damage|p1a: Vs|0 fnt\n|faint|p1a: Vs\n|-end|p1a: Vs|Quark Drive|[silent]\n|-damage|p2a: Garchomp|2\/100|[from] item: Life Orb\n|\n|upkeep\n|inactive|punkmag has 120 seconds left.\n|\n|t:|1700711041\n|switch|p1a: Arcanine|Arcanine-Hisui, F|88\/100\n|turn|11\n|inactive|punkmag has 120 seconds left.\n|\n|t:|1700711054\n|switch|p2a: Cinderace|Cinderace, F|100\/100\n|move|p1a: Arcanine|Extreme Speed|p2a: Cinderace\n|-damage|p2a: Cinderace|56\/100\n|\n|upkeep\n|turn|12\n|\n|t:|1700711060\n|switch|p1a: Zapdos|Zapdos|100\/100\n|move|p2a: Cinderace|Court Change|p2a: Cinderace\n|-swapsideconditions\n|-activate|p2a: Cinderace|move: Court Change\n|\n|upkeep\n|turn|13\n|\n|t:|1700711073\n|move|p2a: Cinderace|Will-O-Wisp|p1a: Zapdos\n|-status|p1a: Zapdos|brn\n|move|p1a: Zapdos|Hurricane|p2a: Cinderace\n|-damage|p2a: Cinderace|0 fnt\n|faint|p2a: Cinderace\n|\n|-damage|p1a: Zapdos|94\/100 brn|[from] brn\n|upkeep\n|\n|t:|1700711076\n|switch|p2a: Ribombee|Ribombee, M|100\/100\n|turn|14\n|\n|t:|1700711083\n|move|p2a: Ribombee|Sticky Web|p1a: Zapdos\n|-sidestart|p1: punkmag|move: Sticky Web\n|move|p1a: Zapdos|Heat Wave|p2a: Ribombee\n|-supereffective|p2a: Ribombee\n|-enditem|p2a: Ribombee|Focus Sash\n|-damage|p2a: Ribombee|1\/100\n|\n|-heal|p1a: Zapdos|100\/100 brn|[from] item: Leftovers\n|-damage|p1a: Zapdos|94\/100 brn|[from] brn\n|upkeep\n|turn|15\n|\n|t:|1700711093\n|move|p2a: Ribombee|Moonblast|p1a: Zapdos\n|-damage|p1a: Zapdos|56\/100 brn\n|move|p1a: Zapdos|Heat Wave|p2a: Ribombee\n|-supereffective|p2a: Ribombee\n|-damage|p2a: Ribombee|0 fnt\n|faint|p2a: Ribombee\n|\n|-heal|p1a: Zapdos|62\/100 brn|[from] item: Leftovers\n|-damage|p1a: Zapdos|56\/100 brn|[from] brn\n|upkeep\n|\n|t:|1700711099\n|switch|p2a: Greninja|Greninja, M|11\/100\n|turn|16\n|\n|t:|1700711105\n|move|p2a: Greninja|Ice Beam|p1a: Zapdos\n|-supereffective|p1a: Zapdos\n|-damage|p1a: Zapdos|0 fnt\n|faint|p1a: Zapdos\n|-damage|p2a: Greninja|1\/100|[from] item: Life Orb\n|\n|upkeep\n|\n|t:|1700711111\n|switch|p1a: Arcanine|Arcanine-Hisui, F|88\/100\n|-damage|p1a: Arcanine|76\/100|[from] Spikes\n|-activate|p1a: Arcanine|move: Sticky Web\n|-unboost|p1a: Arcanine|spe|1\n|turn|17\n|\n|t:|1700711126\n|-terastallize|p1a: Arcanine|Grass\n|move|p2a: Greninja|Surf|p1a: Arcanine\n|-resisted|p1a: Arcanine\n|-damage|p1a: Arcanine|43\/100\n|-damage|p2a: Greninja|0 fnt|[from] item: Life Orb\n|faint|p2a: Greninja\n|move|p1a: Arcanine|Flare Blitz|p2: Greninja|[notarget]\n|-fail|p1a: Arcanine\n|\n|upkeep\n|\n|t:|1700711135\n|switch|p2a: Garchomp|Garchomp, M, tera:Fire|2\/100\n|turn|18\n|\n|t:|1700711138\n|move|p2a: Garchomp|Draco Meteor|p1a: Arcanine|[miss]\n|-miss|p2a: Garchomp|p1a: Arcanine\n|move|p1a: Arcanine|Flare Blitz|p2a: Garchomp\n|-resisted|p2a: Garchomp\n|-damage|p2a: Garchomp|0 fnt\n|-damage|p1a: Arcanine|31\/100|[from] ability: Rough Skin|[of] p2a: Garchomp\n|faint|p2a: Garchomp\n|\n|upkeep\n|\n|t:|1700711141\n|switch|p2a: Kingambit|Kingambit, M|100\/100\n|-activate|p2a: Kingambit|ability: Supreme Overlord\n|-start|p2a: Kingambit|fallen5|[silent]\n|turn|19\n|\n|t:|1700711149\n|move|p2a: Kingambit|Sucker Punch|p1a: Arcanine\n|-damage|p1a: Arcanine|0 fnt\n|faint|p1a: Arcanine\n|\n|win|PeterGriffinOnline\n|raw|punkmag's rating: 1235 &rarr; <strong>1205<\/strong><br \/>(-30 for losing)\n|raw|PeterGriffinOnline's rating: 1162 &rarr; <strong>1192<\/strong><br \/>(+30 for winning)\n","uploadtime":1700711156,"views":3,"p1id":"punkmag","p2id":"petergriffinonline","formatid":"gen9ou","rating":1192,"private":0,"password":""}