{"id":"gen9ou-1989557520","p1":"bunnelby to NU","p2":"puihgiyftcvgjh","format":"[Gen 9] OU","log":"|j|\u2606bunnelby to NU\n|j|\u2606puihgiyftcvgjh\n|t:|1699870924\n|gametype|singles\n|player|p1|bunnelby to NU|102|1109\n|player|p2|puihgiyftcvgjh|169|1000\n|teamsize|p1|6\n|teamsize|p2|6\n|gen|9\n|tier|[Gen 9] OU\n|rated|\n|rule|Sleep Clause Mod: Limit one foe put to sleep\n|rule|Species Clause: Limit one of each Pok\u00e9mon\n|rule|OHKO Clause: OHKO moves are banned\n|rule|Evasion Items Clause: Evasion items are banned\n|rule|Evasion Moves Clause: Evasion moves are banned\n|rule|Endless Battle Clause: Forcing endless battles is banned\n|rule|HP Percentage Mod: HP is shown in percentages\n|clearpoke\n|poke|p1|Breloom, F|\n|poke|p1|Blissey, F|\n|poke|p1|Iron Valiant|\n|poke|p1|Ogerpon-Cornerstone, F|\n|poke|p1|Great Tusk|\n|poke|p1|Alomomola, F|\n|poke|p2|Clefable, F|\n|poke|p2|Dondozo, F|\n|poke|p2|Tornadus-Therian, M|\n|poke|p2|Toxapex, M|\n|poke|p2|Blissey, F|\n|poke|p2|Gastrodon, M|\n|teampreview\n|inactive|Battle timer is ON: inactive players will automatically lose when time's up. (requested by bunnelby to NU)\n|\n|t:|1699870957\n|start\n|switch|p1a: Ogerpon|Ogerpon-Cornerstone, F|100\/100\n|switch|p2a: Flying Dutchman|Tornadus-Therian, M|100\/100\n|turn|1\n|\n|t:|1699870977\n|move|p2a: Flying Dutchman|U-turn|p1a: Ogerpon\n|-supereffective|p1a: Ogerpon\n|-damage|p1a: Ogerpon|61\/100\n|\n|t:|1699870986\n|switch|p2a: Matchup Fish|Dondozo, F|100\/100|[from] U-turn\n|move|p1a: Ogerpon|Ivy Cudgel|p2a: Matchup Fish\n|-crit|p2a: Matchup Fish\n|-damage|p2a: Matchup Fish|64\/100\n|\n|upkeep\n|turn|2\n|\n|t:|1699870993\n|-terastallize|p2a: Matchup Fish|Dragon\n|move|p1a: Ogerpon|U-turn|p2a: Matchup Fish\n|-damage|p2a: Matchup Fish|53\/100\n|\n|t:|1699871000\n|switch|p1a: Alomomola|Alomomola, F|100\/100|[from] U-turn\n|move|p2a: Matchup Fish|Body Press|p1a: Alomomola\n|-damage|p1a: Alomomola|86\/100\n|\n|upkeep\n|turn|3\n|\n|t:|1699871006\n|move|p1a: Alomomola|Wish|p1a: Alomomola\n|move|p2a: Matchup Fish|Rest|p2a: Matchup Fish\n|-status|p2a: Matchup Fish|slp|[from] move: Rest\n|-heal|p2a: Matchup Fish|100\/100 slp|[silent]\n|\n|upkeep\n|turn|4\n|\n|t:|1699871023\n|move|p1a: Alomomola|Flip Turn|p2a: Matchup Fish\n|-resisted|p2a: Matchup Fish\n|-damage|p2a: Matchup Fish|97\/100 slp\n|\n|t:|1699871029\n|switch|p1a: Iron Valiant|Iron Valiant|100\/100|[from] Flip Turn\n|cant|p2a: Matchup Fish|slp\n|move|p2a: Matchup Fish|Sleep Talk|p2a: Matchup Fish\n|move|p2a: Matchup Fish|Body Press|p1a: Iron Valiant|[from]move: Sleep Talk\n|-resisted|p1a: Iron Valiant\n|-damage|p1a: Iron Valiant|81\/100\n|\n|-heal|p1a: Iron Valiant|100\/100|[from] move: Wish|[wisher] Alomomola\n|upkeep\n|turn|5\n|\n|t:|1699871040\n|switch|p2a: Apex Predator|Toxapex, M|100\/100\n|move|p1a: Iron Valiant|Moonblast|p2a: Apex Predator\n|-resisted|p2a: Apex Predator\n|-damage|p2a: Apex Predator|86\/100\n|\n|upkeep\n|turn|6\n|\n|t:|1699871046\n|move|p1a: Iron Valiant|Hypnosis|p2a: Apex Predator|[miss]\n|-miss|p1a: Iron Valiant|p2a: Apex Predator\n|move|p2a: Apex Predator|Toxic|p1a: Iron Valiant\n|-status|p1a: Iron Valiant|tox\n|\n|-damage|p1a: Iron Valiant|95\/100 tox|[from] psn\n|upkeep\n|turn|7\n|\n|t:|1699871052\n|move|p1a: Iron Valiant|Hypnosis|p2a: Apex Predator\n|-status|p2a: Apex Predator|slp|[from] move: Hypnosis\n|cant|p2a: Apex Predator|slp\n|\n|-damage|p1a: Iron Valiant|83\/100 tox|[from] psn\n|upkeep\n|turn|8\n|\n|t:|1699871058\n|-end|p1a: Iron Valiant|Quark Drive|[silent]\n|switch|p1a: Breloom|Breloom, F|100\/100\n|-curestatus|p2a: Apex Predator|slp|[msg]\n|move|p2a: Apex Predator|Infestation|p1a: Breloom\n|-damage|p1a: Breloom|95\/100\n|-activate|p1a: Breloom|move: Infestation|[of] p2a: Apex Predator\n|\n|-damage|p1a: Breloom|83\/100|[from] move: Infestation|[partiallytrapped]\n|upkeep\n|turn|9\n|\n|t:|1699871066\n|move|p1a: Breloom|Bullet Seed|p2a: Apex Predator\n|-damage|p2a: Apex Predator|61\/100\n|-damage|p2a: Apex Predator|36\/100\n|-damage|p2a: Apex Predator|10\/100\n|-damage|p2a: Apex Predator|0 fnt\n|faint|p2a: Apex Predator\n|-hitcount|p2: Apex Predator|4\n|\n|-end|p1a: Breloom|Infestation|[partiallytrapped]|[silent]\n|upkeep\n|\n|t:|1699871075\n|switch|p2a: Flying Dutchman|Tornadus-Therian, M|100\/100\n|turn|10\n|\n|t:|1699871079\n|switch|p1a: Alomomola|Alomomola, F|100\/100\n|move|p2a: Flying Dutchman|Bleakwind Storm|p1a: Alomomola\n|-damage|p1a: Alomomola|42\/100\n|\n|upkeep\n|turn|11\n|\n|t:|1699871085\n|switch|p1a: Blissey|Blissey, F|100\/100\n|move|p2a: Flying Dutchman|Bleakwind Storm|p1a: Blissey\n|-damage|p1a: Blissey|85\/100\n|\n|upkeep\n|turn|12\n|\n|t:|1699871094\n|move|p2a: Flying Dutchman|Knock Off|p1a: Blissey\n|-damage|p1a: Blissey|67\/100\n|-enditem|p1a: Blissey|Heavy-Duty Boots|[from] move: Knock Off|[of] p2a: Flying Dutchman\n|move|p1a: Blissey|Gravity|p1a: Blissey\n|-fieldstart|move: Gravity\n|\n|upkeep\n|turn|13\n|inactive|puihgiyftcvgjh has 120 seconds left.\n|\n|t:|1699871128\n|move|p2a: Flying Dutchman|U-turn|p1a: Blissey\n|-damage|p1a: Blissey|55\/100\n|\n|t:|1699871132\n|switch|p2a: G\u00f6tterd\u00e4mmerung|Blissey, F|100\/100|[from] U-turn\n|move|p1a: Blissey|Healing Wish|p1a: Blissey\n|faint|p1a: Blissey\n|\n|upkeep\n|\n|t:|1699871142\n|switch|p1a: Great Tusk|Great Tusk|100\/100\n|turn|14\n|\n|t:|1699871147\n|switch|p2a: Pink Blob Jr.|Clefable, F|100\/100\n|move|p1a: Great Tusk|Rapid Spin|p2a: Pink Blob Jr.\n|-crit|p2a: Pink Blob Jr.\n|-damage|p2a: Pink Blob Jr.|79\/100\n|-boost|p1a: Great Tusk|spe|1\n|\n|-heal|p2a: Pink Blob Jr.|85\/100|[from] item: Leftovers\n|upkeep\n|turn|15\n|\n|t:|1699871155\n|move|p1a: Great Tusk|Headlong Rush|p2a: Pink Blob Jr.\n|-damage|p2a: Pink Blob Jr.|35\/100\n|-unboost|p1a: Great Tusk|def|1\n|-unboost|p1a: Great Tusk|spd|1\n|move|p2a: Pink Blob Jr.|Moonblast|p1a: Great Tusk\n|-supereffective|p1a: Great Tusk\n|-damage|p1a: Great Tusk|0 fnt\n|faint|p1a: Great Tusk\n|-end|p1a: Great Tusk|Protosynthesis|[silent]\n|\n|-heal|p2a: Pink Blob Jr.|41\/100|[from] item: Leftovers\n|upkeep\n|\n|t:|1699871164\n|switch|p1a: Iron Valiant|Iron Valiant|83\/100 tox\n|-heal|p1a: Iron Valiant|100\/100|[from] move: Healing Wish\n|turn|16\n|\n|t:|1699871170\n|move|p2a: Pink Blob Jr.|Protect|p2a: Pink Blob Jr.\n|-singleturn|p2a: Pink Blob Jr.|Protect\n|move|p1a: Iron Valiant|Hypnosis|p2a: Pink Blob Jr.\n|-activate|p2a: Pink Blob Jr.|move: Protect\n|\n|-heal|p2a: Pink Blob Jr.|47\/100|[from] item: Leftovers\n|-fieldend|move: Gravity\n|upkeep\n|turn|17\n|\n|t:|1699871175\n|move|p1a: Iron Valiant|Hypnosis|p2a: Pink Blob Jr.\n|-status|p2a: Pink Blob Jr.|slp|[from] move: Hypnosis\n|cant|p2a: Pink Blob Jr.|slp\n|\n|-heal|p2a: Pink Blob Jr.|53\/100 slp|[from] item: Leftovers\n|upkeep\n|turn|18\n|\n|t:|1699871180\n|switch|p2a: G\u00f6tterd\u00e4mmerung|Blissey, F|100\/100\n|move|p1a: Iron Valiant|Calm Mind|p1a: Iron Valiant\n|-boost|p1a: Iron Valiant|spa|1\n|-boost|p1a: Iron Valiant|spd|1\n|\n|upkeep\n|turn|19\n|\n|t:|1699871187\n|-end|p1a: Iron Valiant|Quark Drive|[silent]\n|switch|p1a: Alomomola|Alomomola, F|75\/100\n|move|p2a: G\u00f6tterd\u00e4mmerung|Calm Mind|p2a: G\u00f6tterd\u00e4mmerung\n|-boost|p2a: G\u00f6tterd\u00e4mmerung|spa|1\n|-boost|p2a: G\u00f6tterd\u00e4mmerung|spd|1\n|\n|upkeep\n|turn|20\n|\n|t:|1699871192\n|move|p2a: G\u00f6tterd\u00e4mmerung|Seismic Toss|p1a: Alomomola\n|-damage|p1a: Alomomola|56\/100\n|move|p1a: Alomomola|Wish|p1a: Alomomola\n|\n|upkeep\n|turn|21\n|\n|t:|1699871204\n|switch|p2a: Flying Dutchman|Tornadus-Therian, M|100\/100\n|switch|p1a: Breloom|Breloom, F|83\/100\n|\n|-heal|p1a: Breloom|100\/100|[from] move: Wish|[wisher] Alomomola\n|upkeep\n|turn|22\n|\n|t:|1699871217\n|move|p2a: Flying Dutchman|Bleakwind Storm|p1a: Breloom|[miss]\n|-miss|p2a: Flying Dutchman|p1a: Breloom\n|move|p1a: Breloom|Rock Tomb|p2a: Flying Dutchman\n|-supereffective|p2a: Flying Dutchman\n|-damage|p2a: Flying Dutchman|0 fnt\n|faint|p2a: Flying Dutchman\n|\n|upkeep\n|\n|t:|1699871225\n|switch|p2a: Landkreuzer|Gastrodon, M|100\/100\n|turn|23\n|\n|t:|1699871230\n|switch|p1a: Alomomola|Alomomola, F|90\/100\n|move|p2a: Landkreuzer|Spikes|p1a: Alomomola\n|-sidestart|p1: bunnelby to NU|Spikes\n|\n|upkeep\n|turn|24\n|\n|t:|1699871235\n|move|p1a: Alomomola|Wish|p1a: Alomomola\n|move|p2a: Landkreuzer|Spikes|p1a: Alomomola\n|-sidestart|p1: bunnelby to NU|Spikes\n|\n|upkeep\n|turn|25\n|\n|t:|1699871240\n|move|p1a: Alomomola|Flip Turn|p2a: Landkreuzer\n|-damage|p2a: Landkreuzer|89\/100\n|\n|t:|1699871245\n|switch|p1a: Breloom|Breloom, F|100\/100|[from] Flip Turn\n|-damage|p1a: Breloom|84\/100|[from] Spikes\n|move|p2a: Landkreuzer|Spikes|p1a: Breloom\n|-sidestart|p1: bunnelby to NU|Spikes\n|\n|-heal|p1a: Breloom|100\/100|[from] move: Wish|[wisher] Alomomola\n|upkeep\n|turn|26\n|\n|t:|1699871256\n|switch|p2a: Matchup Fish|Dondozo, F, tera:Dragon|97\/100 slp\n|move|p1a: Breloom|Close Combat|p2a: Matchup Fish\n|-damage|p2a: Matchup Fish|54\/100 slp\n|-unboost|p1a: Breloom|def|1\n|-unboost|p1a: Breloom|spd|1\n|\n|upkeep\n|turn|27\n|\n|t:|1699871264\n|-terastallize|p1a: Breloom|Fighting\n|move|p1a: Breloom|Close Combat|p2a: Matchup Fish\n|-damage|p2a: Matchup Fish|0 fnt\n|-unboost|p1a: Breloom|def|1\n|-unboost|p1a: Breloom|spd|1\n|faint|p2a: Matchup Fish\n|\n|upkeep\n|\n|t:|1699871271\n|switch|p2a: Pink Blob Jr.|Clefable, F|53\/100 slp\n|turn|28\n|\n|t:|1699871275\n|switch|p1a: Ogerpon|Ogerpon-Cornerstone, F|61\/100\n|-damage|p1a: Ogerpon|36\/100|[from] Spikes\n|-curestatus|p2a: Pink Blob Jr.|slp|[msg]\n|move|p2a: Pink Blob Jr.|Moonblast|p1a: Ogerpon\n|-damage|p1a: Ogerpon|0 fnt\n|faint|p1a: Ogerpon\n|\n|-heal|p2a: Pink Blob Jr.|59\/100|[from] item: Leftovers\n|upkeep\n|c|\u2606bunnelby to NU|oh my god 1 turn wake up every time\n|\n|t:|1699871288\n|switch|p1a: Alomomola|Alomomola, F|100\/100\n|turn|29\n|\n|t:|1699871292\n|move|p2a: Pink Blob Jr.|Wish|p2a: Pink Blob Jr.\n|move|p1a: Alomomola|Wish|p1a: Alomomola\n|\n|-heal|p2a: Pink Blob Jr.|65\/100|[from] item: Leftovers\n|upkeep\n|turn|30\n|\n|t:|1699871296\n|move|p2a: Pink Blob Jr.|Stealth Rock|p1a: Alomomola\n|-sidestart|p1: bunnelby to NU|move: Stealth Rock\n|move|p1a: Alomomola|Flip Turn|p2a: Pink Blob Jr.\n|-damage|p2a: Pink Blob Jr.|53\/100\n|\n|t:|1699871304\n|switch|p1a: Breloom|Breloom, F, tera:Fighting|100\/100|[from] Flip Turn\n|-damage|p1a: Breloom|76\/100|[from] Spikes\n|-damage|p1a: Breloom|69\/100|[from] Stealth Rock\n|\n|-heal|p1a: Breloom|100\/100|[from] move: Wish|[wisher] Alomomola\n|-heal|p2a: Pink Blob Jr.|100\/100|[from] move: Wish|[wisher] Pink Blob Jr.\n|upkeep\n|turn|31\n|\n|t:|1699871314\n|move|p1a: Breloom|Bullet Seed|p2a: Pink Blob Jr.\n|-damage|p2a: Pink Blob Jr.|78\/100\n|-damage|p2a: Pink Blob Jr.|54\/100\n|-damage|p2a: Pink Blob Jr.|28\/100\n|-hitcount|p2a: Pink Blob Jr.|3\n|move|p2a: Pink Blob Jr.|Moonblast|p1a: Breloom\n|-supereffective|p1a: Breloom\n|-damage|p1a: Breloom|0 fnt\n|faint|p1a: Breloom\n|\n|-heal|p2a: Pink Blob Jr.|34\/100|[from] item: Leftovers\n|upkeep\n|\n|t:|1699871322\n|switch|p1a: Iron Valiant|Iron Valiant|100\/100\n|-damage|p1a: Iron Valiant|75\/100|[from] Spikes\n|-damage|p1a: Iron Valiant|70\/100|[from] Stealth Rock\n|turn|32\n|\n|t:|1699871328\n|move|p1a: Iron Valiant|Moonblast|p2a: Pink Blob Jr.\n|-damage|p2a: Pink Blob Jr.|0 fnt\n|faint|p2a: Pink Blob Jr.\n|\n|upkeep\n|\n|t:|1699871333\n|switch|p2a: Landkreuzer|Gastrodon, M|89\/100\n|turn|33\n|\n|t:|1699871336\n|-end|p1a: Iron Valiant|Quark Drive|[silent]\n|switch|p1a: Alomomola|Alomomola, F|100\/100\n|move|p2a: Landkreuzer|Earth Power|p1a: Alomomola\n|-damage|p1a: Alomomola|69\/100\n|\n|upkeep\n|turn|34\n|\n|t:|1699871342\n|switch|p2a: G\u00f6tterd\u00e4mmerung|Blissey, F|100\/100\n|move|p1a: Alomomola|Wish|p1a: Alomomola\n|\n|upkeep\n|turn|35\n|\n|t:|1699871346\n|move|p2a: G\u00f6tterd\u00e4mmerung|Calm Mind|p2a: G\u00f6tterd\u00e4mmerung\n|-boost|p2a: G\u00f6tterd\u00e4mmerung|spa|1\n|-boost|p2a: G\u00f6tterd\u00e4mmerung|spd|1\n|move|p1a: Alomomola|Flip Turn|p2a: G\u00f6tterd\u00e4mmerung\n|-damage|p2a: G\u00f6tterd\u00e4mmerung|66\/100\n|\n|t:|1699871350\n|switch|p1a: Iron Valiant|Iron Valiant|70\/100|[from] Flip Turn\n|-damage|p1a: Iron Valiant|45\/100|[from] Spikes\n|-damage|p1a: Iron Valiant|39\/100|[from] Stealth Rock\n|\n|-heal|p1a: Iron Valiant|100\/100|[from] move: Wish|[wisher] Alomomola\n|upkeep\n|turn|36\n|\n|t:|1699871356\n|move|p1a: Iron Valiant|Calm Mind|p1a: Iron Valiant\n|-boost|p1a: Iron Valiant|spa|1\n|-boost|p1a: Iron Valiant|spd|1\n|move|p2a: G\u00f6tterd\u00e4mmerung|Seismic Toss|p1a: Iron Valiant\n|-damage|p1a: Iron Valiant|63\/100\n|\n|upkeep\n|turn|37\n|\n|t:|1699871362\n|move|p1a: Iron Valiant|Moonblast|p2a: G\u00f6tterd\u00e4mmerung\n|-damage|p2a: G\u00f6tterd\u00e4mmerung|52\/100\n|move|p2a: G\u00f6tterd\u00e4mmerung|Seismic Toss|p1a: Iron Valiant\n|-damage|p1a: Iron Valiant|26\/100\n|\n|upkeep\n|turn|38\n|-message|bunnelby to NU forfeited.\n|\n|win|puihgiyftcvgjh\n|raw|bunnelby to NU's rating: 1109 &rarr; <strong>1076<\/strong><br \/>(-33 for losing)\n|raw|puihgiyftcvgjh's rating: 1000 &rarr; <strong>1052<\/strong><br \/>(+52 for winning)\n|l|\u2606bunnelby to NU\n|c|\u2606puihgiyftcvgjh|gg\n|c|\u2606puihgiyftcvgjh|sleep fishers deserve to get rnged\n","uploadtime":1699871376,"views":7,"p1id":"bunnelbytonu","p2id":"puihgiyftcvgjh","formatid":"gen9ou","rating":1052,"private":0,"password":""}