{"id":"gen9ou-1990484862","p1":"The Pokemon Place","p2":"dnites2","format":"[Gen 9] OU","log":"|j|\u2606The Pokemon Place\n|j|\u2606dnites2\n|t:|1699975230\n|gametype|singles\n|player|p1|The Pokemon Place|265|1720\n|player|p2|dnites2|2|1745\n|teamsize|p1|6\n|teamsize|p2|6\n|gen|9\n|tier|[Gen 9] OU\n|rated|\n|rule|Sleep Clause Mod: Limit one foe put to sleep\n|rule|Species Clause: Limit one of each Pok\u00e9mon\n|rule|OHKO Clause: OHKO moves are banned\n|rule|Evasion Items Clause: Evasion items are banned\n|rule|Evasion Moves Clause: Evasion moves are banned\n|rule|Endless Battle Clause: Forcing endless battles is banned\n|rule|HP Percentage Mod: HP is shown in percentages\n|clearpoke\n|poke|p1|Cinderace, M|\n|poke|p1|Muk-Alola, F|\n|poke|p1|Dondozo, F|\n|poke|p1|Landorus-Therian, M|\n|poke|p1|Zamazenta-*|\n|poke|p1|Clefable, F|\n|poke|p2|Ogerpon, F|\n|poke|p2|Rillaboom, M|\n|poke|p2|Hawlucha, F|\n|poke|p2|Goodra-Hisui, M|\n|poke|p2|Sneasler, M|\n|poke|p2|Walking Wake|\n|teampreview\n|inactive|Battle timer is ON: inactive players will automatically lose when time's up. (requested by The Pokemon Place)\n|\n|t:|1699975243\n|start\n|switch|p1a: Muk|Muk-Alola, F|100\/100\n|switch|p2a: Rillaboom|Rillaboom, M|100\/100\n|-fieldstart|move: Grassy Terrain|[from] ability: Grassy Surge|[of] p2a: Rillaboom\n|turn|1\n|\n|t:|1699975254\n|move|p2a: Rillaboom|U-turn|p1a: Muk\n|-crit|p1a: Muk\n|-damage|p1a: Muk|70\/100\n|inactive|dnites2 has 120 seconds left.\n|inactive|dnites2 has 90 seconds left.\n|\n|t:|1699975332\n|switch|p2a: Sneasler|Sneasler, M|100\/100|[from] U-turn\n|-enditem|p2a: Sneasler|Grassy Seed\n|-boost|p2a: Sneasler|def|1|[from] item: Grassy Seed\n|move|p1a: Muk|Knock Off|p2a: Sneasler\n|-resisted|p2a: Sneasler\n|-damage|p2a: Sneasler|90\/100\n|\n|-heal|p2a: Sneasler|96\/100|[from] Grassy Terrain\n|-heal|p1a: Muk|76\/100|[from] Grassy Terrain\n|-heal|p1a: Muk|82\/100|[from] item: Leftovers\n|upkeep\n|turn|2\n|j| 3(0)th try\n|inactive|The Pokemon Place has 120 seconds left.\n|inactive|dnites2 has 60 seconds left.\n|\n|t:|1699975374\n|move|p1a: Muk|Protect|p1a: Muk\n|-singleturn|p1a: Muk|Protect\n|move|p2a: Sneasler|Dire Claw|p1a: Muk\n|-activate|p1a: Muk|move: Protect\n|\n|-heal|p2a: Sneasler|100\/100|[from] Grassy Terrain\n|-heal|p1a: Muk|88\/100|[from] Grassy Terrain\n|-heal|p1a: Muk|94\/100|[from] item: Leftovers\n|upkeep\n|turn|3\n|inactive|The Pokemon Place has 120 seconds left.\n|\n|t:|1699975385\n|switch|p1a: Landorus|Landorus-Therian, M|100\/100\n|-ability|p1a: Landorus|Intimidate|boost\n|-unboost|p2a: Sneasler|atk|1\n|move|p2a: Sneasler|Swords Dance|p2a: Sneasler\n|-boost|p2a: Sneasler|atk|2\n|\n|upkeep\n|turn|4\n|\n|t:|1699975393\n|switch|p1a: Dondozo|Dondozo, F|100\/100\n|move|p2a: Sneasler|Acrobatics|p1a: Dondozo\n|-damage|p1a: Dondozo|81\/100\n|\n|-heal|p1a: Dondozo|88\/100|[from] Grassy Terrain\n|-heal|p1a: Dondozo|94\/100|[from] item: Leftovers\n|upkeep\n|turn|5\n|inactive|dnites2 has 60 seconds left.\n|\n|t:|1699975402\n|switch|p2a: Walking Wake|Walking Wake|100\/100\n|move|p1a: Dondozo|Curse|p1a: Dondozo\n|-unboost|p1a: Dondozo|spe|1\n|-boost|p1a: Dondozo|atk|1\n|-boost|p1a: Dondozo|def|1\n|\n|-heal|p1a: Dondozo|99\/100|[from] Grassy Terrain\n|-heal|p1a: Dondozo|100\/100|[from] item: Leftovers\n|upkeep\n|turn|6\n|j| Tusclomb\n|j| mew852\n|inactive|dnites2 has 60 seconds left.\n|\n|t:|1699975413\n|move|p1a: Dondozo|Protect|p1a: Dondozo\n|-singleturn|p1a: Dondozo|Protect\n|move|p2a: Walking Wake|Flip Turn|p1a: Dondozo\n|-activate|p1a: Dondozo|move: Protect\n|\n|upkeep\n|turn|7\n|\n|t:|1699975420\n|-end|p2a: Walking Wake|Protosynthesis|[silent]\n|switch|p2a: Goodra|Goodra-Hisui, M|100\/100\n|move|p1a: Dondozo|Body Press|p2a: Goodra\n|-supereffective|p2a: Goodra\n|-damage|p2a: Goodra|45\/100\n|-ability|p2a: Goodra|Gooey\n|-unboost|p1a: Dondozo|spe|1\n|\n|-heal|p2a: Goodra|51\/100|[from] Grassy Terrain\n|upkeep\n|turn|8\n|\n|t:|1699975433\n|move|p1a: Dondozo|Body Press|p2a: Goodra\n|-supereffective|p2a: Goodra\n|-damage|p2a: Goodra|0 fnt\n|-ability|p2a: Goodra|Gooey\n|-unboost|p1a: Dondozo|spe|1\n|faint|p2a: Goodra\n|\n|-fieldend|move: Grassy Terrain\n|upkeep\n|c|\u2606dnites2|Oof\n|inactive|dnites2 has 60 seconds left.\n|c|\u2606dnites2|The protecting is neat\n|c|\u2606The Pokemon Place|Dozo feels pretty good after Gliscor ban\n|\n|t:|1699975455\n|switch|p2a: Rillaboom|Rillaboom, M|100\/100\n|-fieldstart|move: Grassy Terrain|[from] ability: Grassy Surge|[of] p2a: Rillaboom\n|turn|9\n|c| 3(0)th try|wait gliscor got banned\n|c| 3(0)th try|I wasn't here this weekend\n|\n|t:|1699975472\n|move|p2a: Rillaboom|U-turn|p1a: Dondozo\n|-damage|p1a: Dondozo|95\/100\n|c| 3(0)th try|and didnt see the results\n|c|\u2606The Pokemon Place|Yep, got banned Saturday\n|\n|t:|1699975475\n|switch|p2a: Ogerpon|Ogerpon, F|100\/100|[from] U-turn\n|move|p1a: Dondozo|Curse|p1a: Dondozo\n|-unboost|p1a: Dondozo|spe|1\n|-boost|p1a: Dondozo|atk|1\n|-boost|p1a: Dondozo|def|1\n|\n|-heal|p1a: Dondozo|100\/100|[from] Grassy Terrain\n|upkeep\n|turn|10\n|c| 3(0)th try|dam, ok\n|\n|t:|1699975485\n|move|p1a: Dondozo|Protect|p1a: Dondozo\n|-singleturn|p1a: Dondozo|Protect\n|move|p2a: Ogerpon|Ivy Cudgel|p1a: Dondozo\n|-activate|p1a: Dondozo|move: Protect\n|\n|upkeep\n|turn|11\n|\n|t:|1699975492\n|-terastallize|p2a: Ogerpon|Grass\n|detailschange|p2a: Ogerpon|Ogerpon-Teal-Tera, F, tera:Grass\n|-ability|p2a: Ogerpon|Embody Aspect (Teal)|boost\n|-boost|p2a: Ogerpon|spe|1\n|-terastallize|p1a: Dondozo|Dragon\n|move|p2a: Ogerpon|Ivy Cudgel|p1a: Dondozo\n|-resisted|p1a: Dondozo\n|-damage|p1a: Dondozo|86\/100\n|move|p1a: Dondozo|Body Press|p2a: Ogerpon\n|-damage|p2a: Ogerpon|23\/100\n|\n|-heal|p2a: Ogerpon|29\/100|[from] Grassy Terrain\n|-heal|p1a: Dondozo|92\/100|[from] Grassy Terrain\n|-heal|p1a: Dondozo|98\/100|[from] item: Leftovers\n|upkeep\n|turn|12\n|c| 3(0)th try|gholdengo next?\n|inactive|dnites2 has 60 seconds left.\n|c|\u2606The Pokemon Place|TBD\n|-message|dnites2 forfeited.\n|\n|win|The Pokemon Place\n|raw|The Pokemon Place's rating: 1720 &rarr; <strong>1741<\/strong><br \/>(+21 for winning)\n|raw|dnites2's rating: 1745 &rarr; <strong>1724<\/strong><br \/>(-21 for losing)\n|l|\u2606dnites2\n|c|\u2606The Pokemon Place|Probably Gholdengo or Sneasler\n|c|\u2606The Pokemon Place|Maybe Gambit\n|c|\u2606The Pokemon Place|There will be a survey later this week\n|c| 3(0)th try|why would Sneasler get banned\n|c|\u2606The Pokemon Place|Rillaboom + Sneasler is currently running wild\n|c| 3(0)th try|I have it on my team\n|c| 3(0)th try|its good but not op\n|c|\u2606The Pokemon Place|SD + Acro set?\n|c| 3(0)th try|'Unburden sweeper'\n|c| 3(0)th try|SD, Dire claw, Acro, CC\n|l| 3(0)th try\n","uploadtime":1699975765,"views":10,"p1id":"thepokemonplace","p2id":"dnites2","formatid":"gen9ou","rating":1724,"private":0,"password":""}