{"id":"gen9ou-1999472233","p1":"Thrownoshade","p2":"Pyrotrainer kai","format":"[Gen 9] OU","log":"|j|\u2606Thrownoshade\n|j|\u2606Pyrotrainer kai\n|t:|1701085745\n|gametype|singles\n|player|p1|Thrownoshade|rocketgrunt|1026\n|player|p2|Pyrotrainer kai|102|1069\n|teamsize|p1|5\n|teamsize|p2|6\n|gen|9\n|tier|[Gen 9] OU\n|rated|\n|rule|Sleep Clause Mod: Limit one foe put to sleep\n|rule|Species Clause: Limit one of each Pok\u00e9mon\n|rule|OHKO Clause: OHKO moves are banned\n|rule|Evasion Items Clause: Evasion items are banned\n|rule|Evasion Moves Clause: Evasion moves are banned\n|rule|Endless Battle Clause: Forcing endless battles is banned\n|rule|HP Percentage Mod: HP is shown in percentages\n|clearpoke\n|poke|p1|Garchomp, M|\n|poke|p1|Lucario, F|\n|poke|p1|Toxapex, M|\n|poke|p1|Chansey, F|\n|poke|p1|Garganacl, F|\n|poke|p2|Pawmot, F|\n|poke|p2|Charizard, M|\n|poke|p2|Squawkabilly-Yellow, M|\n|poke|p2|Ceruledge, F|\n|poke|p2|Kingambit, M|\n|poke|p2|Arctibax, M|\n|teampreview\n|\n|t:|1701085759\n|start\n|switch|p1a: Toxapex|Toxapex, M|100\/100\n|switch|p2a: Charizard|Charizard, M|100\/100\n|turn|1\n|\n|t:|1701085766\n|move|p2a: Charizard|Dragon Dance|p2a: Charizard\n|-boost|p2a: Charizard|atk|1\n|-boost|p2a: Charizard|spe|1\n|move|p1a: Toxapex|Toxic Spikes|p2a: Charizard\n|-sidestart|p2: Pyrotrainer kai|move: Toxic Spikes\n|\n|upkeep\n|turn|2\n|\n|t:|1701085774\n|move|p2a: Charizard|Dragon Dance|p2a: Charizard\n|-boost|p2a: Charizard|atk|1\n|-boost|p2a: Charizard|spe|1\n|move|p1a: Toxapex|Toxic Spikes|p2a: Charizard\n|-sidestart|p2: Pyrotrainer kai|move: Toxic Spikes\n|\n|upkeep\n|turn|3\n|\n|t:|1701085785\n|move|p2a: Charizard|Dragon Rush|p1a: Toxapex\n|-damage|p1a: Toxapex|57\/100\n|-damage|p2a: Charizard|91\/100|[from] item: Life Orb\n|move|p1a: Toxapex|Haze|p1a: Toxapex\n|-clearallboost\n|\n|-heal|p1a: Toxapex|64\/100|[from] item: Leftovers\n|upkeep\n|turn|4\n|\n|t:|1701085798\n|move|p1a: Toxapex|Baneful Bunker|p1a: Toxapex\n|-singleturn|p1a: Toxapex|move: Protect\n|move|p2a: Charizard|Dragon Dance|p2a: Charizard\n|-boost|p2a: Charizard|atk|1\n|-boost|p2a: Charizard|spe|1\n|\n|-heal|p1a: Toxapex|70\/100|[from] item: Leftovers\n|upkeep\n|turn|5\n|\n|t:|1701085808\n|move|p2a: Charizard|Dragon Rush|p1a: Toxapex\n|-damage|p1a: Toxapex|38\/100\n|-damage|p2a: Charizard|81\/100|[from] item: Life Orb\n|move|p1a: Toxapex|Haze|p1a: Toxapex\n|-clearallboost\n|\n|-heal|p1a: Toxapex|44\/100|[from] item: Leftovers\n|upkeep\n|turn|6\n|c|\u2606Thrownoshade|Haze\n|\n|t:|1701085818\n|move|p1a: Toxapex|Baneful Bunker|p1a: Toxapex\n|-singleturn|p1a: Toxapex|move: Protect\n|move|p2a: Charizard|Dragon Dance|p2a: Charizard\n|-boost|p2a: Charizard|atk|1\n|-boost|p2a: Charizard|spe|1\n|\n|-heal|p1a: Toxapex|50\/100|[from] item: Leftovers\n|upkeep\n|turn|7\n|\n|t:|1701085830\n|move|p2a: Charizard|Dragon Rush|p1a: Toxapex|[miss]\n|-miss|p2a: Charizard|p1a: Toxapex\n|move|p1a: Toxapex|Recover|p1a: Toxapex\n|-heal|p1a: Toxapex|100\/100\n|\n|upkeep\n|turn|8\n|\n|t:|1701085839\n|move|p2a: Charizard|Fly||[still]\n|-prepare|p2a: Charizard|Fly\n|move|p1a: Toxapex|Haze|p1a: Toxapex\n|-clearallboost\n|\n|upkeep\n|turn|9\n|\n|t:|1701085847\n|move|p1a: Toxapex|Baneful Bunker|p1a: Toxapex\n|-singleturn|p1a: Toxapex|move: Protect\n|move|p2a: Charizard|Fly|p1a: Toxapex|[from]lockedmove\n|-activate|p1a: Toxapex|move: Protect\n|-status|p2a: Charizard|psn\n|\n|-damage|p2a: Charizard|69\/100 psn|[from] psn\n|upkeep\n|turn|10\n|\n|t:|1701085868\n|switch|p2a: Arctibax|Arctibax, M|100\/100\n|-status|p2a: Arctibax|tox\n|switch|p1a: Lucario|Lucario, F|100\/100\n|\n|-damage|p2a: Arctibax|94\/100 tox|[from] psn\n|upkeep\n|turn|11\n|\n|t:|1701085909\n|move|p2a: Arctibax|Dig||[still]\n|-prepare|p2a: Arctibax|Dig\n|move|p1a: Lucario|Circle Throw|p2a: Arctibax|[miss]\n|-miss|p1a: Lucario|p2a: Arctibax\n|\n|-damage|p2a: Arctibax|82\/100 tox|[from] psn\n|upkeep\n|turn|12\n|\n|t:|1701085917\n|move|p1a: Lucario|Protect|p1a: Lucario\n|-singleturn|p1a: Lucario|Protect\n|move|p2a: Arctibax|Dig|p1a: Lucario|[from]lockedmove\n|-activate|p1a: Lucario|move: Protect\n|\n|-damage|p2a: Arctibax|64\/100 tox|[from] psn\n|upkeep\n|turn|13\n|\n|t:|1701085925\n|move|p2a: Arctibax|Icicle Crash|p1a: Lucario\n|-resisted|p1a: Lucario\n|-crit|p1a: Lucario\n|-damage|p1a: Lucario|71\/100\n|move|p1a: Lucario|Circle Throw|p2a: Arctibax\n|-supereffective|p2a: Arctibax\n|-damage|p2a: Arctibax|1\/100 tox\n|-enditem|p2a: Arctibax|Liechi Berry|[eat]\n|-boost|p2a: Arctibax|atk|1|[from] item: Liechi Berry\n|drag|p2a: Pawmot|Pawmot, F|100\/100\n|-status|p2a: Pawmot|tox\n|\n|-heal|p1a: Lucario|77\/100|[from] item: Leftovers\n|-damage|p2a: Pawmot|94\/100 tox|[from] psn\n|upkeep\n|turn|14\n|\n|t:|1701085940\n|move|p2a: Pawmot|Nuzzle|p1a: Lucario\n|-damage|p1a: Lucario|68\/100\n|-status|p1a: Lucario|par\n|cant|p1a: Lucario|par\n|\n|-heal|p1a: Lucario|74\/100 par|[from] item: Leftovers\n|-damage|p2a: Pawmot|82\/100 tox|[from] psn\n|upkeep\n|turn|15\n|\n|t:|1701085950\n|move|p2a: Pawmot|Brick Break|p1a: Lucario\n|-supereffective|p1a: Lucario\n|-damage|p1a: Lucario|3\/100 par\n|move|p1a: Lucario|Circle Throw|p2a: Pawmot\n|-crit|p2a: Pawmot\n|-damage|p2a: Pawmot|45\/100 tox\n|drag|p2a: Ceruledge|Ceruledge, F|100\/100\n|-status|p2a: Ceruledge|tox\n|\n|-heal|p1a: Lucario|9\/100 par|[from] item: Leftovers\n|-damage|p2a: Ceruledge|94\/100 tox|[from] psn\n|upkeep\n|turn|16\n|\n|t:|1701085963\n|move|p2a: Ceruledge|Bulk Up|p2a: Ceruledge\n|-boost|p2a: Ceruledge|atk|1\n|-boost|p2a: Ceruledge|def|1\n|cant|p1a: Lucario|par\n|\n|-heal|p1a: Lucario|15\/100 par|[from] item: Leftovers\n|-damage|p2a: Ceruledge|82\/100 tox|[from] psn\n|upkeep\n|turn|17\n|\n|t:|1701085977\n|move|p2a: Ceruledge|Bulk Up|p2a: Ceruledge\n|-boost|p2a: Ceruledge|atk|1\n|-boost|p2a: Ceruledge|def|1\n|cant|p1a: Lucario|par\n|\n|-heal|p1a: Lucario|21\/100 par|[from] item: Leftovers\n|-damage|p2a: Ceruledge|63\/100 tox|[from] psn\n|upkeep\n|turn|18\n|\n|t:|1701085986\n|move|p2a: Ceruledge|Bitter Blade|p1a: Lucario\n|-supereffective|p1a: Lucario\n|-damage|p1a: Lucario|0 fnt\n|-heal|p2a: Ceruledge|74\/100 tox|[from] drain|[of] p1a: Lucario\n|faint|p1a: Lucario\n|\n|-damage|p2a: Ceruledge|49\/100 tox|[from] psn\n|upkeep\n|\n|t:|1701085989\n|switch|p1a: Toxapex|Toxapex, M|100\/100\n|turn|19\n|\n|t:|1701085996\n|move|p2a: Ceruledge|Poltergeist|p1a: Toxapex\n|-activate|p1a: Toxapex|move: Poltergeist|Leftovers\n|-damage|p1a: Toxapex|47\/100\n|move|p1a: Toxapex|Haze|p1a: Toxapex\n|-clearallboost\n|\n|-heal|p1a: Toxapex|53\/100|[from] item: Leftovers\n|-damage|p2a: Ceruledge|18\/100 tox|[from] psn\n|upkeep\n|turn|20\n|\n|t:|1701086008\n|move|p1a: Toxapex|Baneful Bunker|p1a: Toxapex\n|-singleturn|p1a: Toxapex|move: Protect\n|move|p2a: Ceruledge|Destiny Bond|p2a: Ceruledge\n|-singlemove|p2a: Ceruledge|Destiny Bond\n|\n|-heal|p1a: Toxapex|60\/100|[from] item: Leftovers\n|-damage|p2a: Ceruledge|0 fnt|[from] psn\n|faint|p2a: Ceruledge\n|upkeep\n|\n|t:|1701086021\n|switch|p2a: Pawmot|Pawmot, F|45\/100 tox\n|turn|21\n|\n|t:|1701086027\n|move|p2a: Pawmot|Nuzzle|p1a: Toxapex\n|-supereffective|p1a: Toxapex\n|-damage|p1a: Toxapex|49\/100\n|-status|p1a: Toxapex|par\n|move|p1a: Toxapex|Recover|p1a: Toxapex\n|-heal|p1a: Toxapex|99\/100 par\n|\n|-heal|p1a: Toxapex|100\/100 par|[from] item: Leftovers\n|-damage|p2a: Pawmot|39\/100 tox|[from] psn\n|upkeep\n|turn|22\n|\n|t:|1701086039\n|move|p1a: Toxapex|Baneful Bunker|p1a: Toxapex\n|-singleturn|p1a: Toxapex|move: Protect\n|move|p2a: Pawmot|Knock Off|p1a: Toxapex\n|-activate|p1a: Toxapex|move: Protect\n|\n|-damage|p2a: Pawmot|26\/100 tox|[from] psn\n|upkeep\n|turn|23\n|\n|t:|1701086050\n|move|p2a: Pawmot|Knock Off|p1a: Toxapex\n|-damage|p1a: Toxapex|85\/100 par\n|-enditem|p1a: Toxapex|Leftovers|[from] move: Knock Off|[of] p2a: Pawmot\n|cant|p1a: Toxapex|par\n|\n|-damage|p2a: Pawmot|8\/100 tox|[from] psn\n|upkeep\n|turn|24\n|\n|t:|1701086071\n|switch|p2a: Charizard|Charizard, M|69\/100 psn\n|move|p1a: Toxapex|Baneful Bunker||[still]\n|-fail|p1a: Toxapex\n|\n|-damage|p2a: Charizard|56\/100 psn|[from] psn\n|upkeep\n|turn|25\n|\n|t:|1701086080\n|move|p2a: Charizard|Dragon Dance|p2a: Charizard\n|-boost|p2a: Charizard|atk|1\n|-boost|p2a: Charizard|spe|1\n|cant|p1a: Toxapex|par\n|\n|-damage|p2a: Charizard|44\/100 psn|[from] psn\n|upkeep\n|turn|26\n|\n|t:|1701086094\n|move|p2a: Charizard|Dragon Rush|p1a: Toxapex|[miss]\n|-miss|p2a: Charizard|p1a: Toxapex\n|move|p1a: Toxapex|Haze|p1a: Toxapex\n|-clearallboost\n|\n|-damage|p2a: Charizard|31\/100 psn|[from] psn\n|upkeep\n|turn|27\n|\n|t:|1701086104\n|move|p2a: Charizard|Dragon Dance|p2a: Charizard\n|-boost|p2a: Charizard|atk|1\n|-boost|p2a: Charizard|spe|1\n|move|p1a: Toxapex|Recover|p1a: Toxapex\n|-heal|p1a: Toxapex|100\/100 par\n|\n|-damage|p2a: Charizard|19\/100 psn|[from] psn\n|upkeep\n|turn|28\n|\n|t:|1701086116\n|cant|p1a: Toxapex|par\n|move|p2a: Charizard|Flare Blitz|p1a: Toxapex\n|-resisted|p1a: Toxapex\n|-damage|p1a: Toxapex|61\/100 par\n|-damage|p2a: Charizard|6\/100 psn|[from] Recoil\n|-damage|p2a: Charizard|0 fnt|[from] item: Life Orb\n|faint|p2a: Charizard\n|\n|upkeep\n|\n|t:|1701086132\n|switch|p2a: Kingambit|Kingambit, M|100\/100\n|-activate|p2a: Kingambit|ability: Supreme Overlord\n|-start|p2a: Kingambit|fallen2|[silent]\n|turn|29\n|\n|t:|1701086142\n|-end|p2a: Kingambit|fallen2|[silent]\n|switch|p2a: Squawkabilly|Squawkabilly-Yellow, M|100\/100\n|-ability|p2a: Squawkabilly|Intimidate|boost\n|-unboost|p1a: Toxapex|atk|1\n|cant|p1a: Toxapex|par\n|\n|upkeep\n|turn|30\n|\n|t:|1701086150\n|move|p2a: Squawkabilly|Final Gambit|p1a: Toxapex\n|-damage|p1a: Toxapex|0 fnt\n|faint|p2a: Squawkabilly\n|faint|p1a: Toxapex\n|\n|upkeep\n|\n|t:|1701086169\n|switch|p2a: Kingambit|Kingambit, M|100\/100\n|switch|p1a: Garganacl|Garganacl, F|100\/100\n|-activate|p2a: Kingambit|ability: Supreme Overlord\n|-start|p2a: Kingambit|fallen3|[silent]\n|turn|31\n|\n|t:|1701086176\n|move|p2a: Kingambit|Swords Dance|p2a: Kingambit\n|-boost|p2a: Kingambit|atk|2\n|move|p1a: Garganacl|Salt Cure|p2a: Kingambit\n|-resisted|p2a: Kingambit\n|-damage|p2a: Kingambit|93\/100\n|-start|p2a: Kingambit|Salt Cure\n|\n|-damage|p2a: Kingambit|68\/100|[from] Salt Cure\n|upkeep\n|turn|32\n|\n|t:|1701086186\n|move|p2a: Kingambit|Swords Dance|p2a: Kingambit\n|-boost|p2a: Kingambit|atk|2\n|move|p1a: Garganacl|Iron Defense|p1a: Garganacl\n|-boost|p1a: Garganacl|def|2\n|\n|-damage|p2a: Kingambit|43\/100|[from] Salt Cure\n|upkeep\n|turn|33\n|\n|t:|1701086195\n|move|p2a: Kingambit|Iron Head|p1a: Garganacl\n|-supereffective|p1a: Garganacl\n|-damage|p1a: Garganacl|0 fnt\n|faint|p1a: Garganacl\n|\n|-damage|p2a: Kingambit|18\/100|[from] Salt Cure\n|upkeep\n|\n|t:|1701086199\n|switch|p1a: Chansey|Chansey, F|100\/100\n|turn|34\n|\n|t:|1701086204\n|move|p2a: Kingambit|Sucker Punch||[still]\n|-fail|p2a: Kingambit\n|move|p1a: Chansey|Stealth Rock|p2a: Kingambit\n|-sidestart|p2: Pyrotrainer kai|move: Stealth Rock\n|\n|-damage|p2a: Kingambit|0 fnt|[from] Salt Cure\n|faint|p2a: Kingambit\n|-end|p2a: Kingambit|fallen3|[silent]\n|upkeep\n|-message|Pyrotrainer kai forfeited.\n|\n|win|Thrownoshade\n|raw|Thrownoshade's rating: 1026 &rarr; <strong>1067<\/strong><br \/>(+41 for winning)\n|raw|Pyrotrainer kai's rating: 1069 &rarr; <strong>1046<\/strong><br \/>(-23 for losing)\n|l|\u2606Pyrotrainer kai\n","uploadtime":1701086221,"views":2,"p1id":"thrownoshade","p2id":"pyrotrainerkai","formatid":"gen9ou","rating":1046,"private":0,"password":""}