{"id":"gen9ou-1991907824","p1":"road2stafflol","p2":"Ditto2Top","format":"[Gen 9] OU","log":"|j|\u2606road2stafflol\n|j|\u2606Ditto2Top\n|t:|1700136675\n|gametype|singles\n|player|p1|road2stafflol|1|1038\n|player|p2|Ditto2Top|koga|1042\n|teamsize|p1|6\n|teamsize|p2|6\n|gen|9\n|tier|[Gen 9] OU\n|rated|\n|rule|Sleep Clause Mod: Limit one foe put to sleep\n|rule|Species Clause: Limit one of each Pok\u00e9mon\n|rule|OHKO Clause: OHKO moves are banned\n|rule|Evasion Items Clause: Evasion items are banned\n|rule|Evasion Moves Clause: Evasion moves are banned\n|rule|Endless Battle Clause: Forcing endless battles is banned\n|rule|HP Percentage Mod: HP is shown in percentages\n|clearpoke\n|poke|p1|Landorus-Therian, M|\n|poke|p1|Thundurus-Therian, M|\n|poke|p1|Corviknight, F|\n|poke|p1|Greninja-*, M|\n|poke|p1|Ting-Lu|\n|poke|p1|Alomomola, F|\n|poke|p2|Iron Valiant|\n|poke|p2|Ceruledge, F|\n|poke|p2|Ditto|\n|poke|p2|Cinderace, F|\n|poke|p2|Kingambit, F|\n|poke|p2|Slowking-Galar, M|\n|teampreview\n|\n|t:|1700136698\n|start\n|switch|p1a: Thundurus|Thundurus-Therian, M|100\/100\n|switch|p2a: Ronaldo|Cinderace, F, shiny|100\/100\n|turn|1\n|\n|t:|1700136720\n|move|p2a: Ronaldo|Pyro Ball|p1a: Thundurus|[miss]\n|-miss|p2a: Ronaldo|p1a: Thundurus\n|move|p1a: Thundurus|Volt Switch|p2a: Ronaldo\n|-damage|p2a: Ronaldo|12\/100\n|inactive|Battle timer is ON: inactive players will automatically lose when time's up. (requested by Ditto2Top)\n|\n|t:|1700136725\n|switch|p1a: Greninja|Greninja, M|100\/100|[from] Volt Switch\n|\n|upkeep\n|turn|2\n|\n|t:|1700136731\n|switch|p2a: KingSweep|Slowking-Galar, M, shiny|100\/100\n|move|p1a: Greninja|Dark Pulse|p2a: KingSweep\n|-supereffective|p2a: KingSweep\n|-damage|p2a: KingSweep|39\/100\n|-damage|p1a: Greninja|91\/100|[from] item: Life Orb\n|\n|-heal|p2a: KingSweep|45\/100|[from] item: Black Sludge\n|upkeep\n|turn|3\n|\n|t:|1700136740\n|switch|p2a: \ud83d\udc51|Kingambit, F, shiny|100\/100\n|move|p1a: Greninja|Dark Pulse|p2a: \ud83d\udc51\n|-resisted|p2a: \ud83d\udc51\n|-damage|p2a: \ud83d\udc51|80\/100\n|-damage|p1a: Greninja|81\/100|[from] item: Life Orb\n|\n|upkeep\n|turn|4\n|\n|t:|1700136762\n|move|p2a: \ud83d\udc51|Sucker Punch|p1a: Greninja\n|-resisted|p1a: Greninja\n|-crit|p1a: Greninja\n|-damage|p1a: Greninja|32\/100\n|move|p1a: Greninja|Hydro Pump|p2a: \ud83d\udc51\n|-damage|p2a: \ud83d\udc51|17\/100\n|-damage|p1a: Greninja|23\/100|[from] item: Life Orb\n|\n|upkeep\n|turn|5\n|\n|t:|1700136774\n|switch|p1a: Landorus|Landorus-Therian, M|100\/100\n|-ability|p1a: Landorus|Intimidate|boost\n|-unboost|p2a: \ud83d\udc51|atk|1\n|move|p2a: \ud83d\udc51|Low Kick|p1a: Landorus\n|-resisted|p1a: Landorus\n|-damage|p1a: Landorus|88\/100\n|-damage|p2a: \ud83d\udc51|0 fnt|[from] item: Rocky Helmet|[of] p1a: Landorus\n|faint|p2a: \ud83d\udc51\n|-end|p2a: \ud83d\udc51|fallenundefined|[silent]\n|\n|upkeep\n|\n|t:|1700136779\n|switch|p2a: DestinyBOND|Ceruledge, F|100\/100\n|turn|6\n|\n|t:|1700136793\n|move|p2a: DestinyBOND|Swords Dance|p2a: DestinyBOND\n|-boost|p2a: DestinyBOND|atk|2\n|move|p1a: Landorus|Taunt|p2a: DestinyBOND\n|-start|p2a: DestinyBOND|move: Taunt\n|\n|upkeep\n|turn|7\n|\n|t:|1700136800\n|move|p2a: DestinyBOND|Poltergeist|p1a: Landorus\n|-activate|p1a: Landorus|move: Poltergeist|Rocky Helmet\n|-damage|p1a: Landorus|0 fnt\n|faint|p1a: Landorus\n|\n|upkeep\n|\n|t:|1700136807\n|switch|p1a: Thundurus|Thundurus-Therian, M|100\/100\n|turn|8\n|\n|t:|1700136812\n|move|p1a: Thundurus|Volt Switch|p2a: DestinyBOND\n|-damage|p2a: DestinyBOND|31\/100\n|\n|t:|1700136841\n|switch|p1a: Ting-Lu|Ting-Lu|100\/100|[from] Volt Switch\n|-ability|p1a: Ting-Lu|Vessel of Ruin\n|move|p2a: DestinyBOND|Bitter Blade|p1a: Ting-Lu\n|-damage|p1a: Ting-Lu|55\/100\n|-heal|p2a: DestinyBOND|67\/100|[from] drain|[of] p1a: Ting-Lu\n|\n|upkeep\n|turn|9\n|\n|t:|1700136854\n|move|p2a: DestinyBOND|Close Combat|p1a: Ting-Lu\n|-supereffective|p1a: Ting-Lu\n|-damage|p1a: Ting-Lu|0 fnt\n|-unboost|p2a: DestinyBOND|def|1\n|-unboost|p2a: DestinyBOND|spd|1\n|faint|p1a: Ting-Lu\n|\n|-end|p2a: DestinyBOND|move: Taunt\n|upkeep\n|inactive|road2stafflol has 120 seconds left.\n|\n|t:|1700136875\n|switch|p1a: Greninja|Greninja, M|23\/100\n|turn|10\n|\n|t:|1700136887\n|-terastallize|p2a: DestinyBOND|Poison\n|move|p1a: Greninja|Dark Pulse|p2a: DestinyBOND\n|-damage|p2a: DestinyBOND|0 fnt\n|faint|p2a: DestinyBOND\n|-ability|p1a: Greninja|Battle Bond|boost\n|-boost|p1a: Greninja|atk|1\n|-boost|p1a: Greninja|spa|1\n|-boost|p1a: Greninja|spe|1\n|-activate|p1a: Greninja|ability: Battle Bond\n|-damage|p1a: Greninja|13\/100|[from] item: Life Orb\n|\n|upkeep\n|\n|t:|1700136893\n|switch|p2a: UButBetta|Ditto|100\/100\n|-transform|p2a: UButBetta|p1a: Greninja|[from] ability: Imposter\n|turn|11\n|\n|t:|1700136905\n|move|p2a: UButBetta|Dark Pulse|p1a: Greninja\n|-resisted|p1a: Greninja\n|-damage|p1a: Greninja|0 fnt\n|faint|p1a: Greninja\n|\n|upkeep\n|\n|t:|1700136910\n|switch|p1a: Thundurus|Thundurus-Therian, M|100\/100\n|turn|12\n|\n|t:|1700136917\n|move|p2a: UButBetta|Dark Pulse|p1a: Thundurus\n|-damage|p1a: Thundurus|29\/100\n|cant|p1a: Thundurus|flinch\n|\n|upkeep\n|turn|13\n|\n|t:|1700136939\n|move|p2a: UButBetta|Dark Pulse|p1a: Thundurus\n|-damage|p1a: Thundurus|0 fnt\n|faint|p1a: Thundurus\n|\n|upkeep\n|-message|road2stafflol forfeited.\n|\n|win|Ditto2Top\n|raw|road2stafflol's rating: 1038 &rarr; <strong>1022<\/strong><br \/>(-16 for losing)\n|raw|Ditto2Top's rating: 1042 &rarr; <strong>1075<\/strong><br \/>(+33 for winning)\n|l|\u2606road2stafflol\n","uploadtime":1700136946,"views":14,"p1id":"road2stafflol","p2id":"ditto2top","formatid":"gen9ou","rating":1022,"private":0,"password":""}