{"id":"gen9ou-1990792332","p1":"PurpleDew","p2":"5 minute gamez","format":"[Gen 9] OU","log":"|j|\u2606PurpleDew\n|j|\u26065 minute gamez\n|t:|1700001308\n|gametype|singles\n|player|p1|PurpleDew|steven-masters4|1186\n|player|p2|5 minute gamez|blaine|1229\n|teamsize|p1|6\n|teamsize|p2|6\n|gen|9\n|tier|[Gen 9] OU\n|rated|\n|rule|Sleep Clause Mod: Limit one foe put to sleep\n|rule|Species Clause: Limit one of each Pok\u00e9mon\n|rule|OHKO Clause: OHKO moves are banned\n|rule|Evasion Items Clause: Evasion items are banned\n|rule|Evasion Moves Clause: Evasion moves are banned\n|rule|Endless Battle Clause: Forcing endless battles is banned\n|rule|HP Percentage Mod: HP is shown in percentages\n|clearpoke\n|poke|p1|Okidogi, M|\n|poke|p1|Zapdos|\n|poke|p1|Heatran, F|\n|poke|p1|Walking Wake|\n|poke|p1|Rillaboom, F|\n|poke|p1|Enamorus, F|\n|poke|p2|Landorus-Therian, M|\n|poke|p2|Sandy Shocks|\n|poke|p2|Breloom, M|\n|poke|p2|Samurott-Hisui, M|\n|poke|p2|Iron Moth|\n|poke|p2|Walking Wake|\n|teampreview\n|inactive|Battle timer is ON: inactive players will automatically lose when time's up. (requested by 5 minute gamez)\n|inactive|5 minute gamez has 120 seconds left.\n|\n|t:|1700001342\n|start\n|switch|p1a: Okidogi|Okidogi, M|100\/100\n|switch|p2a: Magician Red|Iron Moth|100\/100\n|-enditem|p2a: Magician Red|Booster Energy\n|-activate|p2a: Magician Red|ability: Quark Drive|[fromitem]\n|-start|p2a: Magician Red|quarkdrivespe\n|turn|1\n|inactive|PurpleDew has 120 seconds left.\n|\n|t:|1700001373\n|-end|p2a: Magician Red|Quark Drive|[silent]\n|switch|p2a: Dinosaur Tony|Walking Wake|100\/100\n|-enditem|p2a: Dinosaur Tony|Booster Energy\n|-activate|p2a: Dinosaur Tony|ability: Protosynthesis|[fromitem]\n|-start|p2a: Dinosaur Tony|protosynthesisspa\n|move|p1a: Okidogi|Poison Jab|p2a: Dinosaur Tony\n|-damage|p2a: Dinosaur Tony|56\/100\n|-status|p2a: Dinosaur Tony|psn\n|\n|-damage|p2a: Dinosaur Tony|44\/100 psn|[from] psn\n|upkeep\n|turn|2\n|c|\u26065 minute gamez|what why\n|inactive|PurpleDew has 120 seconds left.\n|c|\u2606PurpleDew|hehe\n|\n|t:|1700001397\n|switch|p1a: Rillaboom|Rillaboom, F|100\/100\n|-fieldstart|move: Grassy Terrain|[from] ability: Grassy Surge|[of] p1a: Rillaboom\n|move|p2a: Dinosaur Tony|Hydro Steam|p1a: Rillaboom\n|-resisted|p1a: Rillaboom\n|-damage|p1a: Rillaboom|83\/100\n|\n|-heal|p2a: Dinosaur Tony|50\/100 psn|[from] Grassy Terrain\n|-heal|p1a: Rillaboom|89\/100|[from] Grassy Terrain\n|-damage|p2a: Dinosaur Tony|38\/100 psn|[from] psn\n|upkeep\n|turn|3\n|\n|t:|1700001412\n|move|p1a: Rillaboom|Grassy Glide|p2a: Dinosaur Tony\n|-damage|p2a: Dinosaur Tony|0 fnt\n|faint|p2a: Dinosaur Tony\n|-end|p2a: Dinosaur Tony|Protosynthesis|[silent]\n|\n|-heal|p1a: Rillaboom|96\/100|[from] Grassy Terrain\n|upkeep\n|\n|t:|1700001415\n|switch|p2a: Magician Red|Iron Moth|100\/100\n|turn|4\n|inactive|PurpleDew has 120 seconds left.\n|\n|t:|1700001441\n|-end|p2a: Magician Red|Quark Drive|[silent]\n|switch|p2a: Hierophant Green|Breloom, M|100\/100\n|switch|p1a: Walking Wake|Walking Wake|100\/100\n|\n|upkeep\n|turn|5\n|\n|t:|1700001454\n|-end|p1a: Walking Wake|Protosynthesis|[silent]\n|switch|p1a: Zapdos|Zapdos|100\/100\n|switch|p2a: Silver Chariot|Samurott-Hisui, M, shiny|100\/100\n|\n|upkeep\n|turn|6\n|\n|t:|1700001463\n|switch|p2a: M.I.H.|Landorus-Therian, M, shiny|100\/100\n|-ability|p2a: M.I.H.|Intimidate|boost\n|-unboost|p1a: Zapdos|atk|1\n|move|p1a: Zapdos|Protect||[still]\n|-fail|p1a: Zapdos\n|\n|-fieldend|move: Grassy Terrain\n|upkeep\n|turn|7\n|\n|t:|1700001477\n|move|p2a: M.I.H.|Stealth Rock|p1a: Zapdos\n|-sidestart|p1: PurpleDew|move: Stealth Rock\n|move|p1a: Zapdos|Hurricane|p2a: M.I.H.\n|-damage|p2a: M.I.H.|32\/100\n|\n|upkeep\n|turn|8\n|\n|t:|1700001492\n|switch|p2a: Magician Red|Iron Moth|100\/100\n|switch|p1a: Rillaboom|Rillaboom, F|96\/100\n|-damage|p1a: Rillaboom|83\/100|[from] Stealth Rock\n|-fieldstart|move: Grassy Terrain|[from] ability: Grassy Surge|[of] p1a: Rillaboom\n|\n|-heal|p1a: Rillaboom|89\/100|[from] Grassy Terrain\n|upkeep\n|turn|9\n|\n|t:|1700001506\n|-terastallize|p1a: Rillaboom|Fire\n|move|p2a: Magician Red|Fiery Dance|p1a: Rillaboom\n|-resisted|p1a: Rillaboom\n|-damage|p1a: Rillaboom|77\/100\n|-boost|p2a: Magician Red|spa|1\n|move|p1a: Rillaboom|U-turn|p2a: Magician Red\n|-resisted|p2a: Magician Red\n|-damage|p2a: Magician Red|91\/100\n|c|\u26065 minute gamez|wtf why\n|\n|t:|1700001515\n|switch|p1a: Walking Wake|Walking Wake|100\/100|[from] U-turn\n|-damage|p1a: Walking Wake|88\/100|[from] Stealth Rock\n|\n|-heal|p1a: Walking Wake|94\/100|[from] Grassy Terrain\n|-heal|p2a: Magician Red|97\/100|[from] Grassy Terrain\n|upkeep\n|turn|10\n|c|\u26065 minute gamez|lol\n|\n|t:|1700001530\n|move|p1a: Walking Wake|Scald|p2a: Magician Red\n|-supereffective|p2a: Magician Red\n|-damage|p2a: Magician Red|9\/100\n|move|p2a: Magician Red|Dazzling Gleam|p1a: Walking Wake\n|-supereffective|p1a: Walking Wake\n|-damage|p1a: Walking Wake|3\/100\n|\n|-heal|p1a: Walking Wake|9\/100|[from] Grassy Terrain\n|-heal|p2a: Magician Red|15\/100|[from] Grassy Terrain\n|upkeep\n|turn|11\n|c|\u26065 minute gamez|wow\n|c|\u2606PurpleDew|thats how we do it baby\n|\n|t:|1700001546\n|move|p1a: Walking Wake|Scald|p2a: Magician Red\n|-supereffective|p2a: Magician Red\n|-damage|p2a: Magician Red|0 fnt\n|faint|p2a: Magician Red\n|-end|p2a: Magician Red|Quark Drive|[silent]\n|\n|-heal|p1a: Walking Wake|15\/100|[from] Grassy Terrain\n|upkeep\n|\n|t:|1700001561\n|switch|p2a: Silver Chariot|Samurott-Hisui, M, shiny|100\/100\n|turn|12\n|\n|t:|1700001566\n|-end|p1a: Walking Wake|Protosynthesis|[silent]\n|switch|p1a: Rillaboom|Rillaboom, F, tera:Fire|77\/100\n|-damage|p1a: Rillaboom|52\/100|[from] Stealth Rock\n|move|p2a: Silver Chariot|Ceaseless Edge|p1a: Rillaboom\n|-damage|p1a: Rillaboom|11\/100\n|-sidestart|p1: PurpleDew|Spikes\n|\n|-heal|p1a: Rillaboom|17\/100|[from] Grassy Terrain\n|-fieldend|move: Grassy Terrain\n|upkeep\n|turn|13\n|\n|t:|1700001575\n|switch|p2a: Hierophant Green|Breloom, M|100\/100\n|move|p1a: Rillaboom|Grassy Glide|p2a: Hierophant Green\n|-resisted|p2a: Hierophant Green\n|-damage|p2a: Hierophant Green|75\/100\n|\n|upkeep\n|turn|14\n|\n|t:|1700001580\n|move|p2a: Hierophant Green|Mach Punch|p1a: Rillaboom\n|-damage|p1a: Rillaboom|0 fnt\n|faint|p1a: Rillaboom\n|\n|upkeep\n|\n|t:|1700001595\n|switch|p1a: Enamorus|Enamorus, F, shiny|100\/100\n|turn|15\n|\n|t:|1700001604\n|switch|p2a: M.I.H.|Landorus-Therian, M, shiny|32\/100\n|-ability|p2a: M.I.H.|Intimidate|boost\n|-boost|p1a: Enamorus|atk|1\n|move|p1a: Enamorus|Moonblast|p2a: M.I.H.\n|-damage|p2a: M.I.H.|0 fnt\n|faint|p2a: M.I.H.\n|\n|upkeep\n|\n|t:|1700001608\n|switch|p2a: C-MOON|Sandy Shocks, shiny|100\/100\n|-enditem|p2a: C-MOON|Booster Energy\n|-activate|p2a: C-MOON|ability: Protosynthesis|[fromitem]\n|-start|p2a: C-MOON|protosynthesisspe\n|turn|16\n|inactive|PurpleDew has 120 seconds left.\n|\n|t:|1700001638\n|move|p2a: C-MOON|Gravity|p2a: C-MOON\n|-fieldstart|move: Gravity\n|move|p1a: Enamorus|Moonblast|p2a: C-MOON\n|-damage|p2a: C-MOON|46\/100\n|\n|upkeep\n|turn|17\n|c|\u2606PurpleDew|oh\n|inactive|PurpleDew has 120 seconds left.\n|c|\u2606PurpleDew|interesting\n|\n|t:|1700001673\n|switch|p1a: Heatran|Heatran, F|100\/100\n|-damage|p1a: Heatran|88\/100|[from] Stealth Rock\n|-damage|p1a: Heatran|76\/100|[from] Spikes\n|-terastallize|p2a: C-MOON|Ground\n|move|p2a: C-MOON|Earth Power|p1a: Heatran\n|-supereffective|p1a: Heatran\n|-crit|p1a: Heatran\n|-damage|p1a: Heatran|0 fnt\n|faint|p1a: Heatran\n|\n|upkeep\n|inactive|PurpleDew has 90 seconds left.\n|\n|t:|1700001685\n|switch|p1a: Walking Wake|Walking Wake|15\/100\n|-damage|p1a: Walking Wake|3\/100|[from] Stealth Rock\n|-damage|p1a: Walking Wake|0 fnt|[from] Spikes\n|faint|p1a: Walking Wake\n|-end|p1a: Walking Wake|Protosynthesis|[silent]\n|inactive|PurpleDew has 90 seconds left.\n|\n|t:|1700001702\n|switch|p1a: Enamorus|Enamorus, F, shiny|100\/100\n|turn|18\n|c|\u26065 minute gamez|This stand has no weaknesses\n|\n|t:|1700001706\n|move|p2a: C-MOON|Earth Power|p1a: Enamorus\n|-damage|p1a: Enamorus|29\/100\n|-boost|p1a: Enamorus|spd|1\n|move|p1a: Enamorus|Moonblast|p2a: C-MOON\n|-damage|p2a: C-MOON|0 fnt\n|faint|p2a: C-MOON\n|-end|p2a: C-MOON|Protosynthesis|[silent]\n|\n|upkeep\n|c|\u26065 minute gamez|oh\n|\n|t:|1700001720\n|switch|p2a: Silver Chariot|Samurott-Hisui, M, shiny|100\/100\n|turn|19\n|c|\u26065 minute gamez|gg\n|inactive|PurpleDew has 90 seconds left.\n|c|\u2606PurpleDew|Theres a reason Pucci evolved that sucker\n|\n|t:|1700001738\n|move|p1a: Enamorus|Moonblast|p2a: Silver Chariot\n|-supereffective|p2a: Silver Chariot\n|-damage|p2a: Silver Chariot|0 fnt\n|faint|p2a: Silver Chariot\n|\n|upkeep\n|c|\u26065 minute gamez|lol\n|-message|5 minute gamez forfeited.\n|\n|win|PurpleDew\n|raw|PurpleDew's rating: 1215 &rarr; <strong>1241<\/strong><br \/>(+26 for winning)\n|raw|5 minute gamez's rating: 1229 &rarr; <strong>1203<\/strong><br \/>(-26 for losing)\n|l|\u26065 minute gamez\n","uploadtime":1700001747,"views":13,"p1id":"purpledew","p2id":"5minutegamez","formatid":"gen9ou","rating":1203,"private":0,"password":""}