{"id":"gen9ou-1997960874","p1":"monkey221","p2":"RedemptionDeath","format":"[Gen 9] OU","log":"|j|\u2606monkey221\n|j|\u2606RedemptionDeath\n|t:|1700872491\n|gametype|singles\n|player|p1|monkey221|169|1176\n|player|p2|RedemptionDeath|102|1196\n|teamsize|p1|6\n|teamsize|p2|6\n|gen|9\n|tier|[Gen 9] OU\n|rated|\n|rule|Sleep Clause Mod: Limit one foe put to sleep\n|rule|Species Clause: Limit one of each Pok\u00e9mon\n|rule|OHKO Clause: OHKO moves are banned\n|rule|Evasion Items Clause: Evasion items are banned\n|rule|Evasion Moves Clause: Evasion moves are banned\n|rule|Endless Battle Clause: Forcing endless battles is banned\n|rule|HP Percentage Mod: HP is shown in percentages\n|clearpoke\n|poke|p1|Alomomola, F|\n|poke|p1|Slowking-Galar, F|\n|poke|p1|Kingambit, F|\n|poke|p1|Great Tusk|\n|poke|p1|Cinderace, F|\n|poke|p1|Thundurus-Therian, M|\n|poke|p2|Clodsire, M|\n|poke|p2|Dondozo, F|\n|poke|p2|Alomomola, F|\n|poke|p2|Glimmora, F|\n|poke|p2|Toxapex, F|\n|poke|p2|Blissey, F|\n|teampreview\n|\n|t:|1700872506\n|start\n|switch|p1a: Thundurus|Thundurus-Therian, M|100\/100\n|switch|p2a: Clodsire|Clodsire, M|100\/100\n|turn|1\n|\n|t:|1700872511\n|move|p1a: Thundurus|Grass Knot|p2a: Clodsire\n|-damage|p2a: Clodsire|65\/100\n|move|p2a: Clodsire|Toxic|p1a: Thundurus\n|-status|p1a: Thundurus|tox\n|\n|-damage|p1a: Thundurus|94\/100 tox|[from] psn\n|upkeep\n|turn|2\n|\n|t:|1700872518\n|switch|p1a: Alomomola|Alomomola, F|100\/100\n|move|p2a: Clodsire|Recover|p2a: Clodsire\n|-heal|p2a: Clodsire|100\/100\n|\n|upkeep\n|turn|3\n|\n|t:|1700872531\n|switch|p2a: Glimmora|Glimmora, F|100\/100\n|move|p1a: Alomomola|Flip Turn|p2a: Glimmora\n|-supereffective|p2a: Glimmora\n|-damage|p2a: Glimmora|68\/100\n|-activate|p2a: Glimmora|ability: Toxic Debris\n|-sidestart|p1: monkey221|move: Toxic Spikes\n|\n|t:|1700872540\n|switch|p1a: Great Tusk|Great Tusk|100\/100|[from] Flip Turn\n|-status|p1a: Great Tusk|psn\n|\n|-damage|p1a: Great Tusk|88\/100 psn|[from] psn\n|upkeep\n|turn|4\n|c|\u2606RedemptionDeath|perfecto\n|\n|t:|1700872548\n|move|p2a: Glimmora|Spiky Shield|p2a: Glimmora\n|-singleturn|p2a: Glimmora|move: Protect\n|move|p1a: Great Tusk|Rapid Spin|p2a: Glimmora\n|-activate|p2a: Glimmora|move: Protect\n|-damage|p1a: Great Tusk|76\/100 psn|[from] Spiky Shield|[of] p2a: Glimmora\n|\n|-damage|p1a: Great Tusk|63\/100 psn|[from] psn\n|upkeep\n|turn|5\n|\n|t:|1700872562\n|move|p1a: Great Tusk|Rapid Spin|p2a: Glimmora\n|-resisted|p2a: Glimmora\n|-damage|p2a: Glimmora|60\/100\n|-boost|p1a: Great Tusk|spe|1\n|-activate|p2a: Glimmora|ability: Toxic Debris\n|-sidestart|p1: monkey221|move: Toxic Spikes\n|-sideend|p1: monkey221|Toxic Spikes|[from] move: Rapid Spin|[of] p1a: Great Tusk\n|move|p2a: Glimmora|Stealth Rock|p1a: Great Tusk\n|-sidestart|p1: monkey221|move: Stealth Rock\n|\n|-damage|p1a: Great Tusk|51\/100 psn|[from] psn\n|upkeep\n|turn|6\n|\n|t:|1700872572\n|move|p2a: Glimmora|Spiky Shield|p2a: Glimmora\n|-singleturn|p2a: Glimmora|move: Protect\n|move|p1a: Great Tusk|Headlong Rush|p2a: Glimmora\n|-activate|p2a: Glimmora|move: Protect\n|-damage|p1a: Great Tusk|39\/100 psn|[from] Spiky Shield|[of] p2a: Glimmora\n|\n|-damage|p1a: Great Tusk|26\/100 psn|[from] psn\n|upkeep\n|turn|7\n|\n|t:|1700872582\n|move|p1a: Great Tusk|Headlong Rush|p2a: Glimmora\n|-supereffective|p2a: Glimmora\n|-damage|p2a: Glimmora|0 fnt\n|-unboost|p1a: Great Tusk|def|1\n|-unboost|p1a: Great Tusk|spd|1\n|-activate|p2a: Glimmora|ability: Toxic Debris\n|-sidestart|p1: monkey221|move: Toxic Spikes\n|faint|p2a: Glimmora\n|\n|-damage|p1a: Great Tusk|14\/100 psn|[from] psn\n|upkeep\n|\n|t:|1700872599\n|switch|p2a: Alomomola|Alomomola, F|100\/100\n|turn|8\n|\n|t:|1700872606\n|-end|p1a: Great Tusk|Protosynthesis|[silent]\n|switch|p1a: Alomomola|Alomomola, F|100\/100\n|-damage|p1a: Alomomola|88\/100|[from] Stealth Rock\n|-status|p1a: Alomomola|psn\n|move|p2a: Alomomola|Protect||[still]\n|-fail|p2a: Alomomola\n|\n|-damage|p1a: Alomomola|76\/100 psn|[from] psn\n|upkeep\n|turn|9\n|\n|t:|1700872611\n|move|p2a: Alomomola|Whirlpool|p1a: Alomomola|[miss]\n|-miss|p2a: Alomomola|p1a: Alomomola\n|move|p1a: Alomomola|Wish|p1a: Alomomola\n|\n|-damage|p1a: Alomomola|64\/100 psn|[from] psn\n|upkeep\n|turn|10\n|\n|t:|1700872615\n|move|p1a: Alomomola|Flip Turn|p2a: Alomomola\n|-resisted|p2a: Alomomola\n|-damage|p2a: Alomomola|97\/100\n|\n|t:|1700872621\n|switch|p1a: Slowking|Slowking-Galar, F|100\/100|[from] Flip Turn\n|-sideend|p1: monkey221|move: Toxic Spikes|[of] p1a: Slowking\n|move|p2a: Alomomola|Whirlpool|p1a: Slowking\n|-damage|p1a: Slowking|97\/100\n|-activate|p1a: Slowking|move: Whirlpool|[of] p2a: Alomomola\n|\n|-heal|p1a: Slowking|100\/100|[from] move: Wish|[wisher] Alomomola\n|-damage|p1a: Slowking|88\/100|[from] move: Whirlpool|[partiallytrapped]\n|upkeep\n|turn|11\n|\n|t:|1700872635\n|switch|p2a: Blissey|Blissey, F|100\/100\n|move|p1a: Slowking|Future Sight|p2a: Blissey\n|-start|p1a: Slowking|move: Future Sight\n|\n|-end|p1a: Slowking|Whirlpool|[partiallytrapped]|[silent]\n|upkeep\n|turn|12\n|\n|t:|1700872644\n|move|p2a: Blissey|Seismic Toss|p1a: Slowking\n|-damage|p1a: Slowking|63\/100\n|move|p1a: Slowking|Chilly Reception|p1a: Slowking\n|-weather|Snow\n|\n|t:|1700872647\n|switch|p1a: Thundurus|Thundurus-Therian, M|94\/100 tox|[from] Chilly Reception\n|-damage|p1a: Thundurus|70\/100 tox|[from] Stealth Rock\n|\n|-weather|Snow|[upkeep]\n|-damage|p1a: Thundurus|64\/100 tox|[from] psn\n|upkeep\n|turn|13\n|\n|t:|1700872655\n|move|p1a: Thundurus|Knock Off|p2a: Blissey\n|-damage|p2a: Blissey|62\/100\n|-enditem|p2a: Blissey|Heavy-Duty Boots|[from] move: Knock Off|[of] p1a: Thundurus\n|move|p2a: Blissey|Seismic Toss|p1a: Thundurus\n|-damage|p1a: Thundurus|30\/100 tox\n|\n|-weather|Snow|[upkeep]\n|-end|p2a: Blissey|move: Future Sight\n|-damage|p2a: Blissey|48\/100\n|-damage|p1a: Thundurus|18\/100 tox|[from] psn\n|upkeep\n|turn|14\n|\n|t:|1700872666\n|switch|p1a: Slowking|Slowking-Galar, F|96\/100\n|move|p2a: Blissey|Soft-Boiled|p2a: Blissey\n|-heal|p2a: Blissey|98\/100\n|\n|-weather|Snow|[upkeep]\n|upkeep\n|turn|15\n|\n|t:|1700872679\n|move|p2a: Blissey|Shadow Ball|p1a: Slowking\n|-supereffective|p1a: Slowking\n|-damage|p1a: Slowking|78\/100\n|move|p1a: Slowking|Chilly Reception|p1a: Slowking\n|\n|t:|1700872684\n|switch|p1a: Alomomola|Alomomola, F|97\/100 psn|[from] Chilly Reception\n|-damage|p1a: Alomomola|85\/100 psn|[from] Stealth Rock\n|\n|-weather|Snow|[upkeep]\n|-damage|p1a: Alomomola|72\/100 psn|[from] psn\n|upkeep\n|turn|16\n|\n|t:|1700872691\n|move|p2a: Blissey|Seismic Toss|p1a: Alomomola\n|-damage|p1a: Alomomola|51\/100 psn\n|-enditem|p1a: Alomomola|Red Card|[of] p2a: Blissey\n|drag|p2a: Alomomola|Alomomola, F|100\/100\n|move|p1a: Alomomola|Wish|p1a: Alomomola\n|\n|-weather|none\n|-damage|p1a: Alomomola|39\/100 psn|[from] psn\n|upkeep\n|turn|17\n|\n|t:|1700872707\n|switch|p2a: Blissey|Blissey, F|98\/100\n|move|p1a: Alomomola|Acrobatics|p2a: Blissey\n|-damage|p2a: Blissey|62\/100\n|\n|-heal|p1a: Alomomola|89\/100 psn|[from] move: Wish|[wisher] Alomomola\n|-damage|p1a: Alomomola|76\/100 psn|[from] psn\n|upkeep\n|turn|18\n|\n|t:|1700872716\n|move|p2a: Blissey|Soft-Boiled|p2a: Blissey\n|-heal|p2a: Blissey|100\/100\n|move|p1a: Alomomola|Wish|p1a: Alomomola\n|\n|-damage|p1a: Alomomola|64\/100 psn|[from] psn\n|upkeep\n|turn|19\n|\n|t:|1700872722\n|switch|p2a: Toxapex|Toxapex, F|100\/100\n|move|p1a: Alomomola|Flip Turn|p2a: Toxapex\n|-resisted|p2a: Toxapex\n|-damage|p2a: Toxapex|95\/100\n|\n|t:|1700872725\n|switch|p1a: Great Tusk|Great Tusk|14\/100 psn|[from] Flip Turn\n|-damage|p1a: Great Tusk|11\/100 psn|[from] Stealth Rock\n|\n|-heal|p1a: Great Tusk|74\/100 psn|[from] move: Wish|[wisher] Alomomola\n|-damage|p1a: Great Tusk|62\/100 psn|[from] psn\n|upkeep\n|turn|20\n|\n|t:|1700872737\n|move|p1a: Great Tusk|Stealth Rock|p2a: Toxapex\n|-sidestart|p2: RedemptionDeath|move: Stealth Rock\n|move|p2a: Toxapex|Infestation|p1a: Great Tusk\n|-resisted|p1a: Great Tusk\n|-damage|p1a: Great Tusk|60\/100 psn\n|-activate|p1a: Great Tusk|move: Infestation|[of] p2a: Toxapex\n|-damage|p2a: Toxapex|78\/100|[from] item: Rocky Helmet|[of] p1a: Great Tusk\n|\n|-damage|p1a: Great Tusk|47\/100 psn|[from] psn\n|-damage|p1a: Great Tusk|35\/100 psn|[from] move: Infestation|[partiallytrapped]\n|upkeep\n|turn|21\n|\n|t:|1700872749\n|move|p1a: Great Tusk|Rapid Spin|p2a: Toxapex\n|-damage|p2a: Toxapex|68\/100\n|-boost|p1a: Great Tusk|spe|1\n|-sideend|p1: monkey221|Stealth Rock|[from] move: Rapid Spin|[of] p1a: Great Tusk\n|-end|p1a: Great Tusk|Infestation|[partiallytrapped]\n|move|p2a: Toxapex|Recover|p2a: Toxapex\n|-heal|p2a: Toxapex|100\/100\n|\n|-damage|p1a: Great Tusk|22\/100 psn|[from] psn\n|upkeep\n|turn|22\n|\n|t:|1700872760\n|-end|p1a: Great Tusk|Protosynthesis|[silent]\n|switch|p1a: Alomomola|Alomomola, F|97\/100 psn\n|move|p2a: Toxapex|Infestation|p1a: Alomomola\n|-damage|p1a: Alomomola|94\/100 psn\n|-activate|p1a: Alomomola|move: Infestation|[of] p2a: Toxapex\n|\n|-damage|p1a: Alomomola|82\/100 psn|[from] psn\n|-damage|p1a: Alomomola|70\/100 psn|[from] move: Infestation|[partiallytrapped]\n|upkeep\n|turn|23\n|\n|t:|1700872770\n|move|p1a: Alomomola|Wish|p1a: Alomomola\n|move|p2a: Toxapex|Toxic||[still]\n|-fail|p2a: Toxapex\n|\n|-damage|p1a: Alomomola|57\/100 psn|[from] psn\n|-damage|p1a: Alomomola|45\/100 psn|[from] move: Infestation|[partiallytrapped]\n|upkeep\n|turn|24\n|\n|t:|1700872776\n|move|p1a: Alomomola|Flip Turn|p2a: Toxapex\n|-resisted|p2a: Toxapex\n|-damage|p2a: Toxapex|96\/100\n|\n|t:|1700872780\n|switch|p1a: Thundurus|Thundurus-Therian, M|18\/100 tox|[from] Flip Turn\n|move|p2a: Toxapex|Toxic|p1a: Thundurus\n|-fail|p1a: Thundurus|tox\n|\n|-heal|p1a: Thundurus|97\/100 tox|[from] move: Wish|[wisher] Alomomola\n|-damage|p1a: Thundurus|91\/100 tox|[from] psn\n|upkeep\n|turn|25\n|\n|t:|1700872787\n|switch|p2a: Clodsire|Clodsire, M|100\/100\n|move|p1a: Thundurus|Volt Switch|p2a: Clodsire\n|-immune|p2a: Clodsire\n|\n|-damage|p1a: Thundurus|79\/100 tox|[from] psn\n|upkeep\n|turn|26\n|\n|t:|1700872793\n|switch|p1a: Slowking|Slowking-Galar, F|100\/100\n|switch|p2a: Blissey|Blissey, F|100\/100\n|-damage|p2a: Blissey|88\/100|[from] Stealth Rock\n|\n|upkeep\n|turn|27\n|\n|t:|1700872801\n|move|p2a: Blissey|Shadow Ball|p1a: Slowking\n|-supereffective|p1a: Slowking\n|-damage|p1a: Slowking|83\/100\n|move|p1a: Slowking|Chilly Reception|p1a: Slowking\n|-weather|Snow\n|\n|t:|1700872811\n|switch|p1a: Cinderace|Cinderace, F|100\/100|[from] Chilly Reception\n|\n|-weather|Snow|[upkeep]\n|upkeep\n|turn|28\n|\n|t:|1700872815\n|switch|p2a: Dondozo|Dondozo, F|100\/100\n|move|p1a: Cinderace|U-turn|p2a: Dondozo\n|-start|p1a: Cinderace|typechange|Bug|[from] ability: Libero\n|-damage|p2a: Dondozo|87\/100\n|\n|t:|1700872822\n|switch|p1a: Thundurus|Thundurus-Therian, M|79\/100 tox|[from] U-turn\n|\n|-weather|Snow|[upkeep]\n|-damage|p1a: Thundurus|73\/100 tox|[from] psn\n|upkeep\n|turn|29\n|\n|t:|1700872827\n|switch|p2a: Blissey|Blissey, F|88\/100\n|-damage|p2a: Blissey|76\/100|[from] Stealth Rock\n|move|p1a: Thundurus|Grass Knot|p2a: Blissey\n|-damage|p2a: Blissey|66\/100\n|\n|-weather|Snow|[upkeep]\n|-damage|p1a: Thundurus|61\/100 tox|[from] psn\n|upkeep\n|turn|30\n|\n|t:|1700872838\n|switch|p1a: Alomomola|Alomomola, F|78\/100 psn\n|move|p2a: Blissey|Seismic Toss|p1a: Alomomola\n|-damage|p1a: Alomomola|57\/100 psn\n|\n|-weather|Snow|[upkeep]\n|-damage|p1a: Alomomola|45\/100 psn|[from] psn\n|upkeep\n|turn|31\n|\n|t:|1700872851\n|move|p2a: Blissey|Seismic Toss|p1a: Alomomola\n|-damage|p1a: Alomomola|24\/100 psn\n|move|p1a: Alomomola|Wish|p1a: Alomomola\n|\n|-weather|none\n|-damage|p1a: Alomomola|11\/100 psn|[from] psn\n|upkeep\n|turn|32\n|\n|t:|1700872866\n|switch|p1a: Cinderace|Cinderace, F|100\/100\n|move|p2a: Blissey|Seismic Toss|p1a: Cinderace\n|-damage|p1a: Cinderace|67\/100\n|\n|-heal|p1a: Cinderace|100\/100|[from] move: Wish|[wisher] Alomomola\n|upkeep\n|turn|33\n|\n|t:|1700872874\n|switch|p2a: Dondozo|Dondozo, F|87\/100\n|move|p1a: Cinderace|U-turn|p2a: Dondozo\n|-start|p1a: Cinderace|typechange|Bug|[from] ability: Libero\n|-damage|p2a: Dondozo|71\/100\n|\n|t:|1700872881\n|switch|p1a: Thundurus|Thundurus-Therian, M|61\/100 tox|[from] U-turn\n|\n|-damage|p1a: Thundurus|55\/100 tox|[from] psn\n|upkeep\n|turn|34\n|\n|t:|1700872889\n|move|p1a: Thundurus|Volt Switch|p2a: Dondozo\n|-supereffective|p2a: Dondozo\n|-damage|p2a: Dondozo|0 fnt\n|faint|p2a: Dondozo\n|c|\u2606RedemptionDeath|F\n|\n|t:|1700872895\n|switch|p1a: Alomomola|Alomomola, F|45\/100 psn|[from] Volt Switch\n|\n|-damage|p1a: Alomomola|32\/100 psn|[from] psn\n|upkeep\n|c|\u2606RedemptionDeath|was expecting grass knot, but still then\n|c|\u2606RedemptionDeath|that's dumb to expect\n|\n|t:|1700872904\n|switch|p2a: Blissey|Blissey, F|66\/100\n|-damage|p2a: Blissey|54\/100|[from] Stealth Rock\n|turn|35\n|\n|t:|1700872915\n|move|p2a: Blissey|Seismic Toss|p1a: Alomomola\n|-damage|p1a: Alomomola|11\/100 psn\n|move|p1a: Alomomola|Wish|p1a: Alomomola\n|\n|-damage|p1a: Alomomola|0 fnt|[from] psn\n|faint|p1a: Alomomola\n|upkeep\n|\n|t:|1700872921\n|switch|p1a: Great Tusk|Great Tusk|22\/100 psn\n|turn|36\n|\n|t:|1700872927\n|switch|p2a: Toxapex|Toxapex, F|100\/100\n|move|p1a: Great Tusk|Headlong Rush|p2a: Toxapex\n|-supereffective|p2a: Toxapex\n|-crit|p2a: Toxapex\n|-damage|p2a: Toxapex|0 fnt\n|-unboost|p1a: Great Tusk|def|1\n|-unboost|p1a: Great Tusk|spd|1\n|faint|p2a: Toxapex\n|\n|-heal|p1a: Great Tusk|86\/100 psn|[from] move: Wish|[wisher] Alomomola\n|-damage|p1a: Great Tusk|73\/100 psn|[from] psn\n|upkeep\n|c|\u2606RedemptionDeath|yep gg, you hit a crit\n|n|!RedemptionDeath|redemptiondeath\n|c|\u2606monkey221|ggwp\n|-message|RedemptionDeath forfeited.\n|\n|win|monkey221\n|raw|monkey221's rating: 1176 &rarr; <strong>1202<\/strong><br \/>(+26 for winning)\n|raw|RedemptionDeath's rating: 1196 &rarr; <strong>1170<\/strong><br \/>(-26 for losing)\n","uploadtime":1700872942,"views":2,"p1id":"monkey221","p2id":"redemptiondeath","formatid":"gen9ou","rating":1170,"private":0,"password":""}