{"id":"gen9ou-1995152283","p1":"dragonbrrr","p2":"NihilisticWish","format":"[Gen 9] OU","log":"|j|\u2606dragonbrrr\n|j|\u2606NihilisticWish\n|t:|1700528410\n|gametype|singles\n|player|p1|dragonbrrr|unknownf|1423\n|player|p2|NihilisticWish|bellelba|1384\n|teamsize|p1|6\n|teamsize|p2|6\n|gen|9\n|tier|[Gen 9] OU\n|rated|\n|rule|Sleep Clause Mod: Limit one foe put to sleep\n|rule|Species Clause: Limit one of each Pok\u00e9mon\n|rule|OHKO Clause: OHKO moves are banned\n|rule|Evasion Items Clause: Evasion items are banned\n|rule|Evasion Moves Clause: Evasion moves are banned\n|rule|Endless Battle Clause: Forcing endless battles is banned\n|rule|HP Percentage Mod: HP is shown in percentages\n|clearpoke\n|poke|p1|Greninja-*, M|\n|poke|p1|Zapdos|\n|poke|p1|Hatterene, F|\n|poke|p1|Dragonite, F|\n|poke|p1|Heatran, M|\n|poke|p1|Clodsire, M|\n|poke|p2|Ribombee, M|\n|poke|p2|Manaphy|\n|poke|p2|Gholdengo|\n|poke|p2|Kingambit, F|\n|poke|p2|Dragonite, F|\n|poke|p2|Great Tusk|\n|teampreview\n|inactive|Battle timer is ON: inactive players will automatically lose when time's up. (requested by dragonbrrr)\n|inactive|NihilisticWish also wants the timer to be on.\n|\n|t:|1700528417\n|start\n|switch|p1a: Greninja|Greninja, M|100\/100\n|switch|p2a: Ribombee|Ribombee, M|100\/100\n|turn|1\n|\n|t:|1700528423\n|switch|p1a: Hatterene|Hatterene, F|100\/100\n|move|p2a: Ribombee|Sticky Web|p1a: Hatterene\n|move|p1a: Hatterene|Sticky Web|p2a: Ribombee|[from]ability: Magic Bounce\n|-sidestart|p2: NihilisticWish|move: Sticky Web\n|\n|upkeep\n|turn|2\n|\n|t:|1700528432\n|move|p2a: Ribombee|Moonblast|p1a: Hatterene\n|-damage|p1a: Hatterene|61\/100\n|-unboost|p1a: Hatterene|spa|1\n|-enditem|p1a: Hatterene|Eject Button\n|\n|t:|1700528440\n|switch|p1a: Heatran|Heatran, M|100\/100\n|-item|p1a: Heatran|Air Balloon\n|\n|upkeep\n|turn|3\n|\n|t:|1700528445\n|move|p2a: Ribombee|Sticky Web|p1a: Heatran\n|-sidestart|p1: dragonbrrr|move: Sticky Web\n|move|p1a: Heatran|Magma Storm|p2a: Ribombee\n|-supereffective|p2a: Ribombee\n|-enditem|p2a: Ribombee|Focus Sash\n|-damage|p2a: Ribombee|1\/100\n|-activate|p2a: Ribombee|move: Magma Storm|[of] p1a: Heatran\n|\n|-damage|p2a: Ribombee|0 fnt|[from] move: Magma Storm|[partiallytrapped]\n|faint|p2a: Ribombee\n|upkeep\n|\n|t:|1700528450\n|switch|p2a: Great Tusk|Great Tusk|100\/100\n|-activate|p2a: Great Tusk|move: Sticky Web\n|-unboost|p2a: Great Tusk|spe|1\n|-enditem|p2a: Great Tusk|Booster Energy\n|-activate|p2a: Great Tusk|ability: Protosynthesis|[fromitem]\n|-start|p2a: Great Tusk|protosynthesisdef\n|turn|4\n|\n|t:|1700528458\n|switch|p1a: Zapdos|Zapdos|100\/100\n|move|p2a: Great Tusk|Rapid Spin|p1a: Zapdos\n|-damage|p1a: Zapdos|86\/100\n|-boost|p2a: Great Tusk|spe|1\n|-sideend|p2: NihilisticWish|Sticky Web|[from] move: Rapid Spin|[of] p2a: Great Tusk\n|\n|upkeep\n|turn|5\n|\n|t:|1700528465\n|-end|p2a: Great Tusk|Protosynthesis|[silent]\n|switch|p2a: Dragonite|Dragonite, F|100\/100\n|move|p1a: Zapdos|Hurricane|p2a: Dragonite\n|-damage|p2a: Dragonite|77\/100\n|\n|upkeep\n|turn|6\n|\n|t:|1700528471\n|move|p1a: Zapdos|Volt Switch|p2a: Dragonite\n|-damage|p2a: Dragonite|48\/100\n|\n|t:|1700528479\n|switch|p1a: Greninja|Greninja, M|100\/100|[from] Volt Switch\n|-activate|p1a: Greninja|move: Sticky Web\n|-unboost|p1a: Greninja|spe|1\n|move|p2a: Dragonite|Dragon Dance|p2a: Dragonite\n|-boost|p2a: Dragonite|atk|1\n|-boost|p2a: Dragonite|spe|1\n|\n|upkeep\n|turn|7\n|\n|t:|1700528490\n|move|p2a: Dragonite|Earthquake|p1a: Greninja\n|-damage|p1a: Greninja|3\/100\n|move|p1a: Greninja|Ice Beam|p2a: Dragonite\n|-supereffective|p2a: Dragonite\n|-damage|p2a: Dragonite|0 fnt\n|faint|p2a: Dragonite\n|-ability|p1a: Greninja|Battle Bond|boost\n|-boost|p1a: Greninja|atk|1\n|-boost|p1a: Greninja|spa|1\n|-boost|p1a: Greninja|spe|1\n|-activate|p1a: Greninja|ability: Battle Bond\n|-damage|p1a: Greninja|0 fnt|[from] item: Life Orb\n|faint|p1a: Greninja\n|\n|upkeep\n|\n|t:|1700528500\n|switch|p1a: Hatterene|Hatterene, F|61\/100\n|switch|p2a: Gholdengo|Gholdengo|100\/100\n|-activate|p1a: Hatterene|move: Sticky Web\n|-unboost|p1a: Hatterene|spe|1\n|turn|8\n|\n|t:|1700528506\n|switch|p1a: i miss gliscor|Clodsire, M|100\/100\n|-activate|p1a: i miss gliscor|move: Sticky Web\n|-unboost|p1a: i miss gliscor|spe|1\n|move|p2a: Gholdengo|Make It Rain|p1a: i miss gliscor\n|-damage|p1a: i miss gliscor|68\/100\n|-unboost|p2a: Gholdengo|spa|1\n|\n|-heal|p1a: i miss gliscor|74\/100|[from] item: Leftovers\n|upkeep\n|turn|9\n|\n|t:|1700528512\n|switch|p2a: Great Tusk|Great Tusk|100\/100\n|move|p1a: i miss gliscor|Spikes|p2a: Great Tusk\n|-sidestart|p2: NihilisticWish|Spikes\n|\n|-heal|p1a: i miss gliscor|81\/100|[from] item: Leftovers\n|upkeep\n|turn|10\n|\n|t:|1700528515\n|move|p2a: Great Tusk|Headlong Rush|p1a: i miss gliscor\n|-supereffective|p1a: i miss gliscor\n|-damage|p1a: i miss gliscor|0 fnt\n|-unboost|p2a: Great Tusk|def|1\n|-unboost|p2a: Great Tusk|spd|1\n|faint|p1a: i miss gliscor\n|\n|upkeep\n|\n|t:|1700528519\n|switch|p1a: Zapdos|Zapdos|86\/100\n|turn|11\n|\n|t:|1700528524\n|-end|p2a: Great Tusk|Protosynthesis|[silent]\n|switch|p2a: Gholdengo|Gholdengo|100\/100\n|-damage|p2a: Gholdengo|88\/100|[from] Spikes\n|move|p1a: Zapdos|Hurricane|p2a: Gholdengo\n|-resisted|p2a: Gholdengo\n|-damage|p2a: Gholdengo|61\/100\n|\n|upkeep\n|turn|12\n|\n|t:|1700528528\n|move|p1a: Zapdos|Heat Wave|p2a: Gholdengo\n|-supereffective|p2a: Gholdengo\n|-damage|p2a: Gholdengo|0 fnt\n|faint|p2a: Gholdengo\n|\n|upkeep\n|\n|t:|1700528530\n|switch|p2a: Great Tusk|Great Tusk|100\/100\n|-damage|p2a: Great Tusk|88\/100|[from] Spikes\n|turn|13\n|\n|t:|1700528532\n|move|p1a: Zapdos|Hurricane|p2a: Great Tusk\n|-supereffective|p2a: Great Tusk\n|-damage|p2a: Great Tusk|0 fnt\n|faint|p2a: Great Tusk\n|-end|p2a: Great Tusk|Protosynthesis|[silent]\n|\n|upkeep\n|\n|t:|1700528534\n|switch|p2a: Manaphy|Manaphy|100\/100\n|-damage|p2a: Manaphy|88\/100|[from] Spikes\n|turn|14\n|\n|t:|1700528538\n|-terastallize|p2a: Manaphy|Poison\n|move|p1a: Zapdos|Volt Switch|p2a: Manaphy\n|-damage|p2a: Manaphy|64\/100\n|\n|t:|1700528540\n|switch|p1a: Heatran|Heatran, M|100\/100|[from] Volt Switch\n|-item|p1a: Heatran|Air Balloon\n|move|p2a: Manaphy|Take Heart|p2a: Manaphy\n|-boost|p2a: Manaphy|spa|1\n|-boost|p2a: Manaphy|spd|1\n|\n|-heal|p2a: Manaphy|70\/100|[from] item: Leftovers\n|upkeep\n|turn|15\n|\n|t:|1700528547\n|move|p2a: Manaphy|Scald|p1a: Heatran\n|-supereffective|p1a: Heatran\n|-damage|p1a: Heatran|50\/100\n|-enditem|p1a: Heatran|Air Balloon\n|move|p1a: Heatran|Taunt|p2a: Manaphy\n|-start|p2a: Manaphy|move: Taunt\n|\n|-heal|p2a: Manaphy|76\/100|[from] item: Leftovers\n|upkeep\n|turn|16\n|inactive|dragonbrrr has 120 seconds left.\n|\n|t:|1700528580\n|-terastallize|p1a: Heatran|Grass\n|move|p2a: Manaphy|Scald|p1a: Heatran\n|-resisted|p1a: Heatran\n|-damage|p1a: Heatran|37\/100\n|move|p1a: Heatran|Earth Power|p2a: Manaphy\n|-supereffective|p2a: Manaphy\n|-damage|p2a: Manaphy|46\/100\n|\n|-heal|p2a: Manaphy|52\/100|[from] item: Leftovers\n|upkeep\n|turn|17\n|\n|t:|1700528592\n|move|p2a: Manaphy|Scald|p1a: Heatran\n|-resisted|p1a: Heatran\n|-damage|p1a: Heatran|23\/100\n|move|p1a: Heatran|Magma Storm|p2a: Manaphy\n|-damage|p2a: Manaphy|25\/100\n|-activate|p2a: Manaphy|move: Magma Storm|[of] p1a: Heatran\n|\n|-heal|p2a: Manaphy|31\/100|[from] item: Leftovers\n|-damage|p2a: Manaphy|19\/100|[from] move: Magma Storm|[partiallytrapped]\n|upkeep\n|turn|18\n|\n|t:|1700528598\n|move|p2a: Manaphy|Scald|p1a: Heatran\n|-resisted|p1a: Heatran\n|-damage|p1a: Heatran|11\/100\n|-status|p1a: Heatran|brn\n|move|p1a: Heatran|Stealth Rock|p2a: Manaphy\n|-sidestart|p2: NihilisticWish|move: Stealth Rock\n|\n|-heal|p2a: Manaphy|25\/100|[from] item: Leftovers\n|-damage|p1a: Heatran|5\/100 brn|[from] brn\n|-damage|p2a: Manaphy|13\/100|[from] move: Magma Storm|[partiallytrapped]\n|-end|p2a: Manaphy|move: Taunt\n|upkeep\n|turn|19\n|\n|t:|1700528605\n|move|p2a: Manaphy|Scald|p1a: Heatran\n|-resisted|p1a: Heatran\n|-damage|p1a: Heatran|0 fnt\n|faint|p1a: Heatran\n|\n|-heal|p2a: Manaphy|19\/100|[from] item: Leftovers\n|-end|p2a: Manaphy|Magma Storm|[partiallytrapped]|[silent]\n|upkeep\n|\n|t:|1700528617\n|switch|p1a: Dragonite|Dragonite, F|100\/100\n|turn|20\n|\n|t:|1700528620\n|move|p2a: Manaphy|Scald|p1a: Dragonite\n|-resisted|p1a: Dragonite\n|-damage|p1a: Dragonite|90\/100\n|move|p1a: Dragonite|Dragon Dance|p1a: Dragonite\n|-boost|p1a: Dragonite|atk|1\n|-boost|p1a: Dragonite|spe|1\n|\n|-heal|p2a: Manaphy|25\/100|[from] item: Leftovers\n|upkeep\n|turn|21\n|\n|t:|1700528632\n|move|p1a: Dragonite|Extreme Speed|p2a: Manaphy\n|-damage|p2a: Manaphy|0 fnt\n|faint|p2a: Manaphy\n|\n|upkeep\n|\n|t:|1700528634\n|switch|p2a: Kingambit|Kingambit, F|100\/100\n|-damage|p2a: Kingambit|88\/100|[from] Spikes\n|-damage|p2a: Kingambit|82\/100|[from] Stealth Rock\n|-activate|p2a: Kingambit|ability: Supreme Overlord\n|-start|p2a: Kingambit|fallen5|[silent]\n|turn|22\n|\n|t:|1700528638\n|move|p1a: Dragonite|Earthquake|p2a: Kingambit\n|-supereffective|p2a: Kingambit\n|-damage|p2a: Kingambit|0 fnt\n|faint|p2a: Kingambit\n|-end|p2a: Kingambit|fallen5|[silent]\n|\n|win|dragonbrrr\n|raw|dragonbrrr's rating: 1423 &rarr; <strong>1441<\/strong><br \/>(+18 for winning)\n|raw|NihilisticWish's rating: 1384 &rarr; <strong>1366<\/strong><br \/>(-18 for losing)\n|l|\u2606NihilisticWish\n","uploadtime":1700528661,"views":14,"p1id":"dragonbrrr","p2id":"nihilisticwish","formatid":"gen9ou","rating":1366,"private":0,"password":""}