{"id":"gen9ou-1990324414","p1":"g9r","p2":"X3rn345","format":"[Gen 9] OU","log":"|j|\u2606g9r\n|j|\u2606X3rn345\n|inactive|Battle timer is ON: inactive players will automatically lose when time's up.\n|t:|1699956891\n|gametype|singles\n|player|p1|g9r|lucas|\n|player|p2|X3rn345|jasmine|\n|teamsize|p1|6\n|teamsize|p2|6\n|gen|9\n|tier|[Gen 9] OU\n|rated|Tournament battle\n|rule|Sleep Clause Mod: Limit one foe put to sleep\n|rule|Species Clause: Limit one of each Pok\u00e9mon\n|rule|OHKO Clause: OHKO moves are banned\n|rule|Evasion Items Clause: Evasion items are banned\n|rule|Evasion Moves Clause: Evasion moves are banned\n|rule|Endless Battle Clause: Forcing endless battles is banned\n|rule|HP Percentage Mod: HP is shown in percentages\n|clearpoke\n|poke|p1|Bombirdier, F|\n|poke|p1|Sylveon, M|\n|poke|p1|Phione|\n|poke|p1|Furret, F|\n|poke|p1|Altaria, M|\n|poke|p1|Brute Bonnet|\n|poke|p2|Bombirdier, M|\n|poke|p2|Sylveon, M|\n|poke|p2|Phione|\n|poke|p2|Furret, F|\n|poke|p2|Altaria, M|\n|poke|p2|Brute Bonnet|\n|teampreview\n|j|*Lady Monita \u2746\n|c|\u2606X3rn345|glhf\n|\n|t:|1699956896\n|start\n|switch|p1a: Furret|Furret, F, shiny|100\/100\n|switch|p2a: Furret|Furret, F|100\/100\n|-item|p2a: Furret|Choice Band|[from] ability: Frisk|[of] p1a: Furret|[identify]\n|-item|p1a: Furret|Heavy-Duty Boots|[from] ability: Frisk|[of] p2a: Furret|[identify]\n|turn|1\n|\n|t:|1699956902\n|move|p1a: Furret|Knock Off|p2a: Furret\n|-damage|p2a: Furret|66\/100\n|-enditem|p2a: Furret|Choice Band|[from] move: Knock Off|[of] p1a: Furret\n|move|p2a: Furret|U-turn|p1a: Furret\n|-damage|p1a: Furret|75\/100\n|\n|t:|1699956906\n|switch|p2a: Brute Bonnet|Brute Bonnet|100\/100|[from] U-turn\n|\n|upkeep\n|turn|2\n|\n|t:|1699956912\n|move|p1a: Furret|Knock Off|p2a: Brute Bonnet\n|-resisted|p2a: Brute Bonnet\n|-damage|p2a: Brute Bonnet|92\/100\n|-enditem|p2a: Brute Bonnet|Assault Vest|[from] move: Knock Off|[of] p1a: Furret\n|move|p2a: Brute Bonnet|Seed Bomb|p1a: Furret\n|-damage|p1a: Furret|3\/100\n|\n|upkeep\n|turn|3\n|\n|t:|1699956931\n|switch|p1a: Bombirdier|Bombirdier, F, shiny|100\/100\n|move|p2a: Brute Bonnet|Sucker Punch||[still]\n|-fail|p2a: Brute Bonnet\n|\n|upkeep\n|turn|4\n|\n|t:|1699956939\n|-end|p2a: Brute Bonnet|Protosynthesis|[silent]\n|switch|p2a: Phione|Phione|100\/100\n|move|p1a: Bombirdier|Parting Shot|p2a: Phione\n|-unboost|p2a: Phione|atk|1\n|-unboost|p2a: Phione|spa|1\n|\n|t:|1699956943\n|switch|p1a: Brute Bonnet|Brute Bonnet, shiny|100\/100|[from] Parting Shot\n|-enditem|p1a: Brute Bonnet|Booster Energy\n|-activate|p1a: Brute Bonnet|ability: Protosynthesis|[fromitem]\n|-start|p1a: Brute Bonnet|protosynthesisatk\n|\n|upkeep\n|turn|5\n|\n|t:|1699956951\n|move|p2a: Phione|U-turn|p1a: Brute Bonnet\n|-supereffective|p1a: Brute Bonnet\n|-damage|p1a: Brute Bonnet|73\/100\n|\n|t:|1699956955\n|switch|p2a: Altaria|Altaria, M|100\/100|[from] U-turn\n|move|p1a: Brute Bonnet|Trailblaze|p2a: Altaria\n|-resisted|p2a: Altaria\n|-damage|p2a: Altaria|89\/100\n|-boost|p1a: Brute Bonnet|spe|1\n|\n|upkeep\n|turn|6\n|\n|t:|1699956964\n|-terastallize|p1a: Brute Bonnet|Fire\n|move|p2a: Altaria|Hurricane|p1a: Brute Bonnet|[miss]\n|-miss|p2a: Altaria|p1a: Brute Bonnet\n|move|p1a: Brute Bonnet|Spore|p2a: Altaria\n|-status|p2a: Altaria|slp|[from] move: Spore\n|\n|upkeep\n|turn|7\n|j| Randomssp\n|\n|t:|1699956979\n|-curestatus|p2a: Altaria|slp|[from] ability: Natural Cure\n|switch|p2a: Bombirdier|Bombirdier, M|100\/100\n|move|p1a: Brute Bonnet|Trailblaze|p2a: Bombirdier\n|-resisted|p2a: Bombirdier\n|-damage|p2a: Bombirdier|76\/100\n|-boost|p1a: Brute Bonnet|spe|1\n|\n|upkeep\n|turn|8\n|\n|t:|1699956988\n|move|p1a: Brute Bonnet|Crunch|p2a: Bombirdier\n|-resisted|p2a: Bombirdier\n|-damage|p2a: Bombirdier|37\/100\n|move|p2a: Bombirdier|Rock Slide|p1a: Brute Bonnet\n|-supereffective|p1a: Brute Bonnet\n|-damage|p1a: Brute Bonnet|0 fnt\n|faint|p1a: Brute Bonnet\n|-end|p1a: Brute Bonnet|Protosynthesis|[silent]\n|\n|upkeep\n|\n|t:|1699957001\n|switch|p1a: Bombirdier|Bombirdier, F, shiny|100\/100\n|turn|9\n|\n|t:|1699957015\n|switch|p2a: Phione|Phione|100\/100\n|move|p1a: Bombirdier|Stone Edge|p2a: Phione\n|-damage|p2a: Phione|43\/100\n|\n|-heal|p2a: Phione|50\/100|[from] item: Leftovers\n|upkeep\n|turn|10\n|\n|t:|1699957023\n|move|p1a: Bombirdier|Stone Edge|p2a: Phione\n|-damage|p2a: Phione|0 fnt\n|faint|p2a: Phione\n|\n|upkeep\n|\n|t:|1699957026\n|switch|p2a: Sylveon|Sylveon, M|100\/100\n|turn|11\n|\n|t:|1699957046\n|switch|p1a: Sylveon|Sylveon, M, shiny|100\/100\n|move|p2a: Sylveon|Yawn|p1a: Sylveon\n|-start|p1a: Sylveon|move: Yawn|[of] p2a: Sylveon\n|\n|upkeep\n|turn|12\n|\n|t:|1699957053\n|switch|p1a: Phione|Phione, shiny|100\/100\n|move|p2a: Sylveon|Calm Mind|p2a: Sylveon\n|-boost|p2a: Sylveon|spa|1\n|-boost|p2a: Sylveon|spd|1\n|\n|upkeep\n|turn|13\n|\n|t:|1699957065\n|move|p1a: Phione|Ice Beam|p2a: Sylveon\n|-damage|p2a: Sylveon|91\/100\n|move|p2a: Sylveon|Yawn|p1a: Phione\n|-start|p1a: Phione|move: Yawn|[of] p2a: Sylveon\n|\n|-heal|p2a: Sylveon|97\/100|[from] item: Leftovers\n|upkeep\n|turn|14\n|\n|t:|1699957074\n|switch|p1a: Sylveon|Sylveon, M, shiny|100\/100\n|move|p2a: Sylveon|Calm Mind|p2a: Sylveon\n|-boost|p2a: Sylveon|spa|1\n|-boost|p2a: Sylveon|spd|1\n|\n|-heal|p2a: Sylveon|100\/100|[from] item: Leftovers\n|upkeep\n|turn|15\n|\n|t:|1699957078\n|move|p1a: Sylveon|Protect|p1a: Sylveon\n|-singleturn|p1a: Sylveon|Protect\n|move|p2a: Sylveon|Yawn|p1a: Sylveon\n|-activate|p1a: Sylveon|move: Protect\n|\n|upkeep\n|turn|16\n|\n|t:|1699957085\n|move|p2a: Sylveon|Yawn|p1a: Sylveon\n|-start|p1a: Sylveon|move: Yawn|[of] p2a: Sylveon\n|move|p1a: Sylveon|Hyper Voice|p2a: Sylveon\n|-damage|p2a: Sylveon|88\/100\n|\n|-heal|p2a: Sylveon|94\/100|[from] item: Leftovers\n|upkeep\n|turn|17\n|\n|t:|1699957091\n|switch|p1a: Bombirdier|Bombirdier, F, shiny|100\/100\n|move|p2a: Sylveon|Calm Mind|p2a: Sylveon\n|-boost|p2a: Sylveon|spa|1\n|-boost|p2a: Sylveon|spd|1\n|\n|-heal|p2a: Sylveon|99\/100|[from] item: Leftovers\n|upkeep\n|turn|18\n|\n|t:|1699957099\n|move|p1a: Bombirdier|Knock Off|p2a: Sylveon\n|-resisted|p2a: Sylveon\n|-damage|p2a: Sylveon|83\/100\n|-enditem|p2a: Sylveon|Leftovers|[from] move: Knock Off|[of] p1a: Bombirdier\n|move|p2a: Sylveon|Hyper Voice|p1a: Bombirdier\n|-supereffective|p1a: Bombirdier\n|-damage|p1a: Bombirdier|0 fnt\n|faint|p1a: Bombirdier\n|\n|upkeep\n|\n|t:|1699957113\n|switch|p1a: Furret|Furret, F, shiny|3\/100\n|turn|19\n|\n|t:|1699957121\n|move|p1a: Furret|Body Slam|p2a: Sylveon\n|-damage|p2a: Sylveon|59\/100\n|-status|p2a: Sylveon|par\n|move|p2a: Sylveon|Hyper Voice|p1a: Furret\n|-damage|p1a: Furret|0 fnt\n|faint|p1a: Furret\n|\n|upkeep\n|\n|t:|1699957133\n|switch|p1a: Phione|Phione, shiny|100\/100\n|turn|20\n|\n|t:|1699957139\n|move|p1a: Phione|Take Heart|p1a: Phione\n|-boost|p1a: Phione|spa|1\n|-boost|p1a: Phione|spd|1\n|cant|p2a: Sylveon|par\n|\n|upkeep\n|turn|21\n|\n|t:|1699957144\n|move|p1a: Phione|Take Heart|p1a: Phione\n|-boost|p1a: Phione|spa|1\n|-boost|p1a: Phione|spd|1\n|move|p2a: Sylveon|Wish|p2a: Sylveon\n|\n|upkeep\n|turn|22\n|\n|t:|1699957149\n|move|p1a: Phione|Take Heart|p1a: Phione\n|-boost|p1a: Phione|spa|1\n|-boost|p1a: Phione|spd|1\n|move|p2a: Sylveon|Yawn|p1a: Phione\n|-start|p1a: Phione|move: Yawn|[of] p2a: Sylveon\n|\n|-heal|p2a: Sylveon|100\/100 par|[from] move: Wish|[wisher] Sylveon\n|upkeep\n|turn|23\n|\n|t:|1699957157\n|move|p1a: Phione|Scald|p2a: Sylveon\n|-damage|p2a: Sylveon|79\/100 par\n|move|p2a: Sylveon|Calm Mind|p2a: Sylveon\n|-boost|p2a: Sylveon|spa|1\n|-boost|p2a: Sylveon|spd|1\n|\n|-end|p1a: Phione|move: Yawn|[silent]\n|-status|p1a: Phione|slp\n|upkeep\n|turn|24\n|\n|t:|1699957161\n|cant|p1a: Phione|slp\n|cant|p2a: Sylveon|par\n|\n|upkeep\n|turn|25\n|\n|t:|1699957164\n|cant|p1a: Phione|slp\n|move|p2a: Sylveon|Calm Mind|p2a: Sylveon\n|-boost|p2a: Sylveon|spa|1\n|-boost|p2a: Sylveon|spd|1\n|\n|upkeep\n|turn|26\n|\n|t:|1699957167\n|-terastallize|p2a: Sylveon|Fairy\n|-curestatus|p1a: Phione|slp|[msg]\n|move|p1a: Phione|Take Heart|p1a: Phione\n|-boost|p1a: Phione|spa|1\n|-boost|p1a: Phione|spd|1\n|move|p2a: Sylveon|Hyper Voice|p1a: Phione\n|-damage|p1a: Phione|19\/100\n|\n|-heal|p1a: Phione|25\/100|[from] item: Leftovers\n|upkeep\n|turn|27\n|\n|t:|1699957176\n|move|p1a: Phione|Scald|p2a: Sylveon\n|-damage|p2a: Sylveon|59\/100 par\n|move|p2a: Sylveon|Hyper Voice|p1a: Phione\n|-damage|p1a: Phione|0 fnt\n|faint|p1a: Phione\n|\n|upkeep\n|c|\u2606X3rn345|gg\n|j| chaitu\n|\n|t:|1699957181\n|switch|p1a: Altaria|Altaria, M, shiny|100\/100\n|turn|28\n|\n|t:|1699957188\n|move|p1a: Altaria|Dragon Dance|p1a: Altaria\n|-boost|p1a: Altaria|atk|1\n|-boost|p1a: Altaria|spe|1\n|cant|p2a: Sylveon|par\n|\n|upkeep\n|turn|29\n|\n|t:|1699957194\n|move|p1a: Altaria|Dual Wingbeat|p2a: Sylveon\n|-damage|p2a: Sylveon|39\/100 par\n|-damage|p2a: Sylveon|20\/100 par\n|-hitcount|p2a: Sylveon|2\n|move|p2a: Sylveon|Hyper Voice|p1a: Altaria\n|-supereffective|p1a: Altaria\n|-damage|p1a: Altaria|0 fnt\n|faint|p1a: Altaria\n|\n|upkeep\n|\n|t:|1699957201\n|switch|p1a: Sylveon|Sylveon, M, shiny|100\/100\n|turn|30\n|\n|t:|1699957205\n|move|p1a: Sylveon|Hyper Voice|p2a: Sylveon\n|-damage|p2a: Sylveon|11\/100 par\n|move|p2a: Sylveon|Hyper Voice|p1a: Sylveon\n|-damage|p1a: Sylveon|3\/100\n|\n|upkeep\n|turn|31\n|\n|t:|1699957211\n|move|p1a: Sylveon|Wish|p1a: Sylveon\n|move|p2a: Sylveon|Hyper Voice|p1a: Sylveon\n|-damage|p1a: Sylveon|0 fnt\n|faint|p1a: Sylveon\n|\n|win|X3rn345\n|n|\u2606g9r|g9r\n|n|\u2606X3rn345|x3rn345\n|n|*Lady Monita \u2746|ladymonita\n|n| Randomssp|randomssp\n|n| chaitu|chaitu\n","uploadtime":1699957212,"views":5,"p1id":"g9r","p2id":"x3rn345","formatid":"gen9ou","rating":0,"private":0,"password":""}