{"id":"gen9ou-2000031488","p1":"XJohnson","p2":"Beavrss","format":"[Gen 9] OU","log":"|j|\u2606XJohnson\n|j|\u2606Beavrss\n|t:|1701143518\n|gametype|singles\n|player|p1|XJohnson|nessa-masters|\n|player|p2|Beavrss|sada|\n|teamsize|p1|6\n|teamsize|p2|6\n|gen|9\n|tier|[Gen 9] OU\n|rule|Sleep Clause Mod: Limit one foe put to sleep\n|rule|Species Clause: Limit one of each Pok\u00e9mon\n|rule|OHKO Clause: OHKO moves are banned\n|rule|Evasion Items Clause: Evasion items are banned\n|rule|Evasion Moves Clause: Evasion moves are banned\n|rule|Endless Battle Clause: Forcing endless battles is banned\n|rule|HP Percentage Mod: HP is shown in percentages\n|clearpoke\n|poke|p1|Okidogi, M|\n|poke|p1|Slowking-Galar, M|\n|poke|p1|Sandslash-Alola, M|\n|poke|p1|Kommo-o, M|\n|poke|p1|Cinderace, M|\n|poke|p1|Ninetales-Alola, F|\n|poke|p2|Ceruledge, F|\n|poke|p2|Blissey, F|\n|poke|p2|Ogerpon, F|\n|poke|p2|Dondozo, F|\n|poke|p2|Enamorus, F|\n|poke|p2|Dragapult, F|\n|teampreview\n|j| pokXD\n|\n|t:|1701143552\n|start\n|switch|p1a: Slowking|Slowking-Galar, M|100\/100\n|switch|p2a: Ceruledge|Ceruledge, F|100\/100\n|turn|1\n|\n|t:|1701143563\n|move|p2a: Ceruledge|Bitter Blade|p1a: Slowking\n|-damage|p1a: Slowking|54\/100\n|move|p1a: Slowking|Toxic|p2a: Ceruledge\n|-status|p2a: Ceruledge|tox\n|\n|-heal|p1a: Slowking|60\/100|[from] item: Leftovers\n|-damage|p2a: Ceruledge|94\/100 tox|[from] psn\n|upkeep\n|turn|2\n|\n|t:|1701143573\n|switch|p1a: Kommo-o|Kommo-o, M, shiny|100\/100\n|move|p2a: Ceruledge|Poltergeist|p1a: Kommo-o\n|-activate|p1a: Kommo-o|move: Poltergeist|Clear Amulet\n|-damage|p1a: Kommo-o|46\/100\n|\n|-damage|p2a: Ceruledge|82\/100 tox|[from] psn\n|upkeep\n|turn|3\n|\n|t:|1701143585\n|move|p2a: Ceruledge|Poltergeist|p1a: Kommo-o\n|-activate|p1a: Kommo-o|move: Poltergeist|Clear Amulet\n|-damage|p1a: Kommo-o|0 fnt\n|faint|p1a: Kommo-o\n|\n|-damage|p2a: Ceruledge|63\/100 tox|[from] psn\n|upkeep\n|\n|t:|1701143592\n|switch|p1a: Cinderace|Cinderace, M, shiny|100\/100\n|turn|4\n|\n|t:|1701143595\n|switch|p2a: Dondozo|Dondozo, F|100\/100\n|move|p1a: Cinderace|Pyro Ball|p2a: Dondozo\n|-resisted|p2a: Dondozo\n|-damage|p2a: Dondozo|84\/100\n|\n|-heal|p2a: Dondozo|91\/100|[from] item: Leftovers\n|upkeep\n|turn|5\n|\n|t:|1701143603\n|move|p1a: Cinderace|Will-O-Wisp|p2a: Dondozo\n|-status|p2a: Dondozo|brn\n|move|p2a: Dondozo|Liquidation|p1a: Cinderace\n|-supereffective|p1a: Cinderace\n|-damage|p1a: Cinderace|61\/100\n|\n|-heal|p2a: Dondozo|97\/100 brn|[from] item: Leftovers\n|-damage|p2a: Dondozo|91\/100 brn|[from] brn\n|upkeep\n|turn|6\n|\n|t:|1701143615\n|move|p1a: Cinderace|U-turn|p2a: Dondozo\n|-damage|p2a: Dondozo|78\/100 brn\n|\n|t:|1701143616\n|switch|p1a: Ninetales|Ninetales-Alola, F, shiny|100\/100|[from] U-turn\n|-weather|Snow|[from] ability: Snow Warning|[of] p1a: Ninetales\n|move|p2a: Dondozo|Curse|p2a: Dondozo\n|-unboost|p2a: Dondozo|spe|1\n|-boost|p2a: Dondozo|atk|1\n|-boost|p2a: Dondozo|def|1\n|\n|-weather|Snow|[upkeep]\n|-heal|p2a: Dondozo|84\/100 brn|[from] item: Leftovers\n|-damage|p2a: Dondozo|78\/100 brn|[from] brn\n|upkeep\n|turn|7\n|\n|t:|1701143628\n|move|p1a: Ninetales|Aurora Veil|p1a: Ninetales\n|-sidestart|p1: XJohnson|move: Aurora Veil\n|move|p2a: Dondozo|Curse|p2a: Dondozo\n|-unboost|p2a: Dondozo|spe|1\n|-boost|p2a: Dondozo|atk|1\n|-boost|p2a: Dondozo|def|1\n|\n|-weather|Snow|[upkeep]\n|-heal|p2a: Dondozo|84\/100 brn|[from] item: Leftovers\n|-damage|p2a: Dondozo|78\/100 brn|[from] brn\n|upkeep\n|turn|8\n|\n|t:|1701143636\n|move|p1a: Ninetales|Freeze-Dry|p2a: Dondozo\n|-supereffective|p2a: Dondozo\n|-damage|p2a: Dondozo|48\/100 brn\n|move|p2a: Dondozo|Curse|p2a: Dondozo\n|-unboost|p2a: Dondozo|spe|1\n|-boost|p2a: Dondozo|atk|1\n|-boost|p2a: Dondozo|def|1\n|\n|-weather|Snow|[upkeep]\n|-heal|p2a: Dondozo|54\/100 brn|[from] item: Leftovers\n|-damage|p2a: Dondozo|48\/100 brn|[from] brn\n|upkeep\n|turn|9\n|\n|t:|1701143646\n|move|p1a: Ninetales|Freeze-Dry|p2a: Dondozo\n|-supereffective|p2a: Dondozo\n|-damage|p2a: Dondozo|18\/100 brn\n|move|p2a: Dondozo|Body Press|p1a: Ninetales\n|-damage|p1a: Ninetales|90\/100\n|\n|-weather|Snow|[upkeep]\n|-heal|p2a: Dondozo|24\/100 brn|[from] item: Leftovers\n|-damage|p2a: Dondozo|18\/100 brn|[from] brn\n|upkeep\n|turn|10\n|\n|t:|1701143655\n|move|p2a: Dondozo|Protect|p2a: Dondozo\n|-singleturn|p2a: Dondozo|Protect\n|move|p1a: Ninetales|Freeze-Dry|p2a: Dondozo\n|-activate|p2a: Dondozo|move: Protect\n|\n|-weather|none\n|-heal|p2a: Dondozo|24\/100 brn|[from] item: Leftovers\n|-damage|p2a: Dondozo|18\/100 brn|[from] brn\n|upkeep\n|turn|11\n|\n|t:|1701143670\n|switch|p2a: Dragapult|Dragapult, F|100\/100\n|move|p1a: Ninetales|Freeze-Dry|p2a: Dragapult\n|-supereffective|p2a: Dragapult\n|-damage|p2a: Dragapult|44\/100\n|\n|upkeep\n|turn|12\n|\n|t:|1701143685\n|switch|p1a: Sandslash|Sandslash-Alola, M|100\/100\n|move|p2a: Dragapult|Light Screen|p2a: Dragapult\n|-sidestart|p2: Beavrss|move: Light Screen\n|\n|upkeep\n|turn|13\n|\n|t:|1701143690\n|move|p1a: Sandslash|Ice Shard|p2a: Dragapult\n|-supereffective|p2a: Dragapult\n|-damage|p2a: Dragapult|0 fnt\n|faint|p2a: Dragapult\n|-damage|p1a: Sandslash|91\/100|[from] item: Life Orb\n|\n|upkeep\n|\n|t:|1701143702\n|switch|p2a: Blissey|Blissey, F|100\/100\n|turn|14\n|\n|t:|1701143705\n|switch|p1a: Ninetales|Ninetales-Alola, F, shiny|90\/100\n|-weather|Snow|[from] ability: Snow Warning|[of] p1a: Ninetales\n|move|p2a: Blissey|Heal Bell|p2a: Blissey\n|-activate|p2a: Blissey|move: Heal Bell\n|-curestatus|p2: Ceruledge|tox|[msg]\n|-curestatus|p2: Dondozo|brn|[msg]\n|\n|-weather|Snow|[upkeep]\n|-sideend|p1: XJohnson|move: Aurora Veil\n|upkeep\n|turn|15\n|\n|t:|1701143718\n|move|p1a: Ninetales|Aurora Veil|p1a: Ninetales\n|-sidestart|p1: XJohnson|move: Aurora Veil\n|move|p2a: Blissey|Seismic Toss|p1a: Ninetales\n|-damage|p1a: Ninetales|61\/100\n|\n|-weather|Snow|[upkeep]\n|upkeep\n|turn|16\n|\n|t:|1701143725\n|switch|p1a: Slowking|Slowking-Galar, M|93\/100\n|move|p2a: Blissey|Seismic Toss|p1a: Slowking\n|-damage|p1a: Slowking|68\/100\n|\n|-weather|Snow|[upkeep]\n|-heal|p1a: Slowking|74\/100|[from] item: Leftovers\n|-sideend|p2: Beavrss|move: Light Screen\n|upkeep\n|turn|17\n|\n|t:|1701143732\n|move|p2a: Blissey|Seismic Toss|p1a: Slowking\n|-damage|p1a: Slowking|49\/100\n|move|p1a: Slowking|Future Sight|p2a: Blissey\n|-start|p1a: Slowking|move: Future Sight\n|\n|-weather|Snow|[upkeep]\n|-heal|p1a: Slowking|55\/100|[from] item: Leftovers\n|upkeep\n|turn|18\n|\n|t:|1701143741\n|move|p2a: Blissey|Seismic Toss|p1a: Slowking\n|-damage|p1a: Slowking|29\/100\n|move|p1a: Slowking|Toxic|p2a: Blissey\n|-status|p2a: Blissey|tox\n|\n|-weather|none\n|-heal|p1a: Slowking|36\/100|[from] item: Leftovers\n|-damage|p2a: Blissey|94\/100 tox|[from] psn\n|upkeep\n|turn|19\n|\n|t:|1701143750\n|move|p2a: Blissey|Seismic Toss|p1a: Slowking\n|-damage|p1a: Slowking|10\/100\n|move|p1a: Slowking|Chilly Reception|p1a: Slowking\n|-weather|Snow\n|\n|t:|1701143754\n|switch|p1a: Sandslash|Sandslash-Alola, M|91\/100|[from] Chilly Reception\n|\n|-weather|Snow|[upkeep]\n|-end|p2a: Blissey|move: Future Sight\n|-damage|p2a: Blissey|77\/100 tox\n|-damage|p2a: Blissey|65\/100 tox|[from] psn\n|upkeep\n|turn|20\n|\n|t:|1701143763\n|move|p1a: Sandslash|Swords Dance|p1a: Sandslash\n|-boost|p1a: Sandslash|atk|2\n|move|p2a: Blissey|Soft-Boiled|p2a: Blissey\n|-heal|p2a: Blissey|100\/100 tox\n|\n|-weather|Snow|[upkeep]\n|-damage|p2a: Blissey|82\/100 tox|[from] psn\n|upkeep\n|turn|21\n|\n|t:|1701143774\n|-curestatus|p2a: Blissey|tox|[from] ability: Natural Cure\n|switch|p2a: Dondozo|Dondozo, F|18\/100\n|move|p1a: Sandslash|Ice Spinner|p2a: Dondozo\n|-resisted|p2a: Dondozo\n|-damage|p2a: Dondozo|4\/100\n|-damage|p1a: Sandslash|81\/100|[from] item: Life Orb\n|\n|-weather|Snow|[upkeep]\n|-heal|p2a: Dondozo|10\/100|[from] item: Leftovers\n|upkeep\n|turn|22\n|\n|t:|1701143786\n|move|p2a: Dondozo|Protect|p2a: Dondozo\n|-singleturn|p2a: Dondozo|Protect\n|move|p1a: Sandslash|Ice Spinner|p2a: Dondozo\n|-activate|p2a: Dondozo|move: Protect\n|\n|-weather|Snow|[upkeep]\n|-heal|p2a: Dondozo|16\/100|[from] item: Leftovers\n|-sideend|p1: XJohnson|move: Aurora Veil\n|upkeep\n|turn|23\n|\n|t:|1701143799\n|move|p1a: Sandslash|Earthquake|p2a: Dondozo\n|-damage|p2a: Dondozo|0 fnt\n|faint|p2a: Dondozo\n|-damage|p1a: Sandslash|71\/100|[from] item: Life Orb\n|\n|-weather|none\n|upkeep\n|\n|t:|1701143809\n|switch|p2a: Ceruledge|Ceruledge, F|63\/100\n|turn|24\n|\n|t:|1701143813\n|switch|p1a: Cinderace|Cinderace, M, shiny|61\/100\n|move|p2a: Ceruledge|Poltergeist|p1a: Cinderace\n|-activate|p1a: Cinderace|move: Poltergeist|Heavy-Duty Boots\n|-damage|p1a: Cinderace|0 fnt\n|faint|p1a: Cinderace\n|\n|upkeep\n|\n|t:|1701143818\n|switch|p1a: Ninetales|Ninetales-Alola, F, shiny|61\/100\n|-weather|Snow|[from] ability: Snow Warning|[of] p1a: Ninetales\n|turn|25\n|\n|t:|1701143823\n|move|p1a: Ninetales|Aurora Veil|p1a: Ninetales\n|-sidestart|p1: XJohnson|move: Aurora Veil\n|move|p2a: Ceruledge|Bitter Blade|p1a: Ninetales\n|-supereffective|p1a: Ninetales\n|-damage|p1a: Ninetales|21\/100\n|-heal|p2a: Ceruledge|88\/100|[from] drain|[of] p1a: Ninetales\n|\n|-weather|Snow|[upkeep]\n|upkeep\n|turn|26\n|\n|t:|1701143830\n|move|p1a: Ninetales|Freeze-Dry|p2a: Ceruledge\n|-resisted|p2a: Ceruledge\n|-damage|p2a: Ceruledge|76\/100\n|move|p2a: Ceruledge|Bitter Blade|p1a: Ninetales\n|-supereffective|p1a: Ninetales\n|-crit|p1a: Ninetales\n|-damage|p1a: Ninetales|0 fnt\n|-heal|p2a: Ceruledge|89\/100|[from] drain|[of] p1a: Ninetales\n|faint|p1a: Ninetales\n|\n|-weather|Snow|[upkeep]\n|upkeep\n|\n|t:|1701143834\n|switch|p1a: Sandslash|Sandslash-Alola, M|71\/100\n|turn|27\n|\n|t:|1701143846\n|switch|p2a: Enamorus|Enamorus, F|100\/100\n|move|p1a: Sandslash|Earthquake|p2a: Enamorus\n|-immune|p2a: Enamorus\n|\n|-weather|Snow|[upkeep]\n|upkeep\n|turn|28\n|\n|t:|1701143856\n|-terastallize|p2a: Enamorus|Fairy\n|move|p1a: Sandslash|Ice Spinner|p2a: Enamorus\n|-damage|p2a: Enamorus|17\/100\n|-damage|p1a: Sandslash|61\/100|[from] item: Life Orb\n|move|p2a: Enamorus|Superpower|p1a: Sandslash\n|-supereffective|p1a: Sandslash\n|-damage|p1a: Sandslash|13\/100\n|-boost|p2a: Enamorus|atk|1\n|-boost|p2a: Enamorus|def|1\n|\n|-weather|Snow|[upkeep]\n|upkeep\n|turn|29\n|\n|t:|1701143871\n|move|p1a: Sandslash|Ice Spinner|p2a: Enamorus\n|-damage|p2a: Enamorus|0 fnt\n|faint|p2a: Enamorus\n|-damage|p1a: Sandslash|3\/100|[from] item: Life Orb\n|\n|-weather|none\n|upkeep\n|\n|t:|1701143878\n|switch|p2a: Blissey|Blissey, F|82\/100\n|turn|30\n|\n|t:|1701143890\n|switch|p1a: Mr. Beast|Okidogi, M|100\/100\n|move|p2a: Blissey|Seismic Toss|p1a: Mr. Beast\n|-damage|p1a: Mr. Beast|74\/100\n|\n|upkeep\n|turn|31\n|\n|t:|1701143905\n|move|p1a: Mr. Beast|Bulk Up|p1a: Mr. Beast\n|-boost|p1a: Mr. Beast|atk|1\n|-boost|p1a: Mr. Beast|def|1\n|move|p2a: Blissey|Seismic Toss|p1a: Mr. Beast\n|-damage|p1a: Mr. Beast|48\/100\n|\n|upkeep\n|turn|32\n|\n|t:|1701143914\n|switch|p2a: Ogerpon|Ogerpon, F|100\/100\n|move|p1a: Mr. Beast|Bulk Up|p1a: Mr. Beast\n|-boost|p1a: Mr. Beast|atk|1\n|-boost|p1a: Mr. Beast|def|1\n|\n|-sideend|p1: XJohnson|move: Aurora Veil\n|upkeep\n|turn|33\n|\n|t:|1701143924\n|move|p2a: Ogerpon|Ivy Cudgel|p1a: Mr. Beast\n|-resisted|p1a: Mr. Beast\n|-damage|p1a: Mr. Beast|38\/100\n|move|p1a: Mr. Beast|Drain Punch|p2a: Ogerpon\n|-damage|p2a: Ogerpon|10\/100\n|-heal|p1a: Mr. Beast|74\/100|[from] drain|[of] p2a: Ogerpon\n|\n|upkeep\n|turn|34\n|\n|t:|1701143936\n|move|p2a: Ogerpon|Encore|p1a: Mr. Beast\n|-start|p1a: Mr. Beast|Encore\n|move|p1a: Mr. Beast|Drain Punch|p2a: Ogerpon\n|-damage|p2a: Ogerpon|0 fnt\n|-heal|p1a: Mr. Beast|78\/100|[from] drain|[of] p2a: Ogerpon\n|faint|p2a: Ogerpon\n|\n|upkeep\n|\n|t:|1701143943\n|switch|p2a: Ceruledge|Ceruledge, F|89\/100\n|turn|35\n|\n|t:|1701144011\n|-terastallize|p1a: Mr. Beast|Water\n|move|p2a: Ceruledge|Swords Dance|p2a: Ceruledge\n|-boost|p2a: Ceruledge|atk|2\n|-enditem|p1a: Mr. Beast|Mirror Herb\n|-boost|p1a: Mr. Beast|atk|2|[from] item: Mirror Herb\n|move|p1a: Mr. Beast|Drain Punch|p2a: Ceruledge\n|-immune|p2a: Ceruledge\n|\n|upkeep\n|turn|36\n|\n|t:|1701144020\n|move|p2a: Ceruledge|Poltergeist||[still]\n|-fail|p2a: Ceruledge\n|move|p1a: Mr. Beast|Drain Punch|p2a: Ceruledge\n|-immune|p2a: Ceruledge\n|\n|-end|p1a: Mr. Beast|Encore\n|upkeep\n|turn|37\n|\n|t:|1701144029\n|move|p2a: Ceruledge|Shadow Sneak|p1a: Mr. Beast\n|-damage|p1a: Mr. Beast|66\/100\n|move|p1a: Mr. Beast|Psychic Fangs|p2a: Ceruledge\n|-damage|p2a: Ceruledge|0 fnt\n|faint|p2a: Ceruledge\n|\n|upkeep\n|\n|t:|1701144034\n|switch|p2a: Blissey|Blissey, F|82\/100\n|turn|38\n|\n|t:|1701144037\n|move|p1a: Mr. Beast|Drain Punch|p2a: Blissey\n|-supereffective|p2a: Blissey\n|-enditem|p2a: Blissey|Chople Berry|[eat]\n|-enditem|p2a: Blissey|Chople Berry|[weaken]\n|-damage|p2a: Blissey|0 fnt\n|-heal|p1a: Mr. Beast|100\/100|[from] drain|[of] p2a: Blissey\n|faint|p2a: Blissey\n|\n|win|XJohnson\n|l|\u2606Beavrss\n","uploadtime":1701144076,"views":2,"p1id":"xjohnson","p2id":"beavrss","formatid":"gen9ou","rating":0,"private":0,"password":""}