{"id":"gen9ou-1991153698","p1":"gholdengo=rat","p2":"8y0","format":"[Gen 9] OU","log":"|j|\u2606gholdengo=rat\n|j|\u26068y0\n|t:|1700050936\n|gametype|singles\n|player|p1|gholdengo=rat|riley|1138\n|player|p2|8y0|265|1091\n|teamsize|p1|6\n|teamsize|p2|6\n|gen|9\n|tier|[Gen 9] OU\n|rated|\n|rule|Sleep Clause Mod: Limit one foe put to sleep\n|rule|Species Clause: Limit one of each Pok\u00e9mon\n|rule|OHKO Clause: OHKO moves are banned\n|rule|Evasion Items Clause: Evasion items are banned\n|rule|Evasion Moves Clause: Evasion moves are banned\n|rule|Endless Battle Clause: Forcing endless battles is banned\n|rule|HP Percentage Mod: HP is shown in percentages\n|clearpoke\n|poke|p1|Moltres-Galar|\n|poke|p1|Kingambit, M|\n|poke|p1|Kommo-o, F|\n|poke|p1|Toxapex, M|\n|poke|p1|Ceruledge, M|\n|poke|p1|Heatran, M|\n|poke|p2|Torkoal, M|\n|poke|p2|Great Tusk|\n|poke|p2|Walking Wake|\n|poke|p2|Kingambit, M|\n|poke|p2|Infernape, F|\n|poke|p2|Rillaboom, F|\n|teampreview\n|\n|t:|1700050948\n|start\n|switch|p1a: Heatran|Heatran, M|100\/100\n|switch|p2a: Torkoal|Torkoal, M|100\/100\n|-item|p1a: Heatran|Air Balloon\n|-weather|SunnyDay|[from] ability: Drought|[of] p2a: Torkoal\n|turn|1\n|\n|t:|1700050952\n|move|p1a: Heatran|Magma Storm|p2a: Torkoal|[miss]\n|-miss|p1a: Heatran|p2a: Torkoal\n|move|p2a: Torkoal|Yawn|p1a: Heatran\n|-start|p1a: Heatran|move: Yawn|[of] p2a: Torkoal\n|\n|-weather|SunnyDay|[upkeep]\n|upkeep\n|turn|2\n|\n|t:|1700050957\n|switch|p1a: Toxapex|Toxapex, M|100\/100\n|move|p2a: Torkoal|Stealth Rock|p1a: Toxapex\n|-sidestart|p1: gholdengo=rat|move: Stealth Rock\n|\n|-weather|SunnyDay|[upkeep]\n|upkeep\n|turn|3\n|\n|t:|1700050972\n|move|p1a: Toxapex|Toxic|p2a: Torkoal\n|-status|p2a: Torkoal|tox\n|move|p2a: Torkoal|Yawn|p1a: Toxapex\n|-start|p1a: Toxapex|move: Yawn|[of] p2a: Torkoal\n|\n|-weather|SunnyDay|[upkeep]\n|-damage|p2a: Torkoal|94\/100 tox|[from] psn\n|upkeep\n|turn|4\n|\n|t:|1700050977\n|switch|p1a: Heatran|Heatran, M|100\/100\n|-damage|p1a: Heatran|88\/100|[from] Stealth Rock\n|-item|p1a: Heatran|Air Balloon\n|switch|p2a: Great Tusk|Great Tusk|100\/100\n|-activate|p2a: Great Tusk|ability: Protosynthesis\n|-start|p2a: Great Tusk|protosynthesisspe\n|\n|-weather|SunnyDay|[upkeep]\n|upkeep\n|turn|5\n|\n|t:|1700050985\n|-end|p2a: Great Tusk|Protosynthesis|[silent]\n|switch|p2a: Walking Wake|Walking Wake|100\/100\n|-activate|p2a: Walking Wake|ability: Protosynthesis\n|-start|p2a: Walking Wake|protosynthesisspe\n|move|p1a: Heatran|Magma Storm|p2a: Walking Wake\n|-resisted|p2a: Walking Wake\n|-damage|p2a: Walking Wake|82\/100\n|-activate|p2a: Walking Wake|move: Magma Storm|[of] p1a: Heatran\n|\n|-weather|SunnyDay|[upkeep]\n|-damage|p2a: Walking Wake|70\/100|[from] move: Magma Storm|[partiallytrapped]\n|upkeep\n|turn|6\n|\n|t:|1700050995\n|move|p1a: Heatran|Protect|p1a: Heatran\n|-singleturn|p1a: Heatran|Protect\n|move|p2a: Walking Wake|Hydro Steam|p1a: Heatran\n|-activate|p1a: Heatran|move: Protect\n|\n|-weather|SunnyDay|[upkeep]\n|-damage|p2a: Walking Wake|57\/100|[from] move: Magma Storm|[partiallytrapped]\n|upkeep\n|turn|7\n|\n|t:|1700051011\n|switch|p1a: Toxapex|Toxapex, M|100\/100\n|-damage|p1a: Toxapex|88\/100|[from] Stealth Rock\n|move|p2a: Walking Wake|Hydro Steam|p1a: Toxapex\n|-resisted|p1a: Toxapex\n|-damage|p1a: Toxapex|50\/100\n|\n|-weather|SunnyDay|[upkeep]\n|-heal|p1a: Toxapex|56\/100|[from] item: Black Sludge\n|-end|p2a: Walking Wake|Magma Storm|[partiallytrapped]|[silent]\n|upkeep\n|turn|8\n|\n|t:|1700051019\n|-end|p2a: Walking Wake|Protosynthesis|[silent]\n|switch|p2a: Kingambit|Kingambit, M|100\/100\n|move|p1a: Toxapex|Recover|p1a: Toxapex\n|-heal|p1a: Toxapex|100\/100\n|\n|-weather|none\n|upkeep\n|turn|9\n|\n|t:|1700051026\n|switch|p1a: Heatran|Heatran, M|88\/100\n|-damage|p1a: Heatran|76\/100|[from] Stealth Rock\n|-item|p1a: Heatran|Air Balloon\n|move|p2a: Kingambit|Swords Dance|p2a: Kingambit\n|-boost|p2a: Kingambit|atk|2\n|\n|upkeep\n|turn|10\n|\n|t:|1700051032\n|-terastallize|p2a: Kingambit|Fairy\n|move|p2a: Kingambit|Sucker Punch||[still]\n|-fail|p2a: Kingambit\n|move|p1a: Heatran|Will-O-Wisp|p2a: Kingambit\n|-status|p2a: Kingambit|brn\n|\n|-damage|p2a: Kingambit|94\/100 brn|[from] brn\n|upkeep\n|turn|11\n|\n|t:|1700051039\n|move|p1a: Heatran|Protect|p1a: Heatran\n|-singleturn|p1a: Heatran|Protect\n|move|p2a: Kingambit|Swords Dance|p2a: Kingambit\n|-boost|p2a: Kingambit|atk|2\n|\n|-heal|p2a: Kingambit|100\/100 brn|[from] item: Leftovers\n|-damage|p2a: Kingambit|94\/100 brn|[from] brn\n|upkeep\n|turn|12\n|\n|t:|1700051046\n|move|p1a: Heatran|Magma Storm|p2a: Kingambit\n|-damage|p2a: Kingambit|55\/100 brn\n|-activate|p2a: Kingambit|move: Magma Storm|[of] p1a: Heatran\n|move|p2a: Kingambit|Kowtow Cleave|p1a: Heatran\n|-damage|p1a: Heatran|16\/100\n|-enditem|p1a: Heatran|Air Balloon\n|\n|-heal|p2a: Kingambit|61\/100 brn|[from] item: Leftovers\n|-damage|p2a: Kingambit|55\/100 brn|[from] brn\n|-damage|p2a: Kingambit|42\/100 brn|[from] move: Magma Storm|[partiallytrapped]\n|upkeep\n|turn|13\n|\n|t:|1700051058\n|move|p1a: Heatran|Protect|p1a: Heatran\n|-singleturn|p1a: Heatran|Protect\n|move|p2a: Kingambit|Swords Dance|p2a: Kingambit\n|-boost|p2a: Kingambit|atk|2\n|\n|-heal|p2a: Kingambit|49\/100 brn|[from] item: Leftovers\n|-damage|p2a: Kingambit|42\/100 brn|[from] brn\n|-damage|p2a: Kingambit|30\/100 brn|[from] move: Magma Storm|[partiallytrapped]\n|upkeep\n|turn|14\n|\n|t:|1700051066\n|move|p1a: Heatran|Protect||[still]\n|-fail|p1a: Heatran\n|move|p2a: Kingambit|Sucker Punch||[still]\n|-fail|p2a: Kingambit\n|\n|-heal|p2a: Kingambit|36\/100 brn|[from] item: Leftovers\n|-damage|p2a: Kingambit|30\/100 brn|[from] brn\n|-damage|p2a: Kingambit|17\/100 brn|[from] move: Magma Storm|[partiallytrapped]\n|upkeep\n|turn|15\n|\n|t:|1700051074\n|move|p1a: Heatran|Protect|p1a: Heatran\n|-singleturn|p1a: Heatran|Protect\n|move|p2a: Kingambit|Kowtow Cleave|p1a: Heatran\n|-activate|p1a: Heatran|move: Protect\n|\n|-heal|p2a: Kingambit|24\/100 brn|[from] item: Leftovers\n|-damage|p2a: Kingambit|17\/100 brn|[from] brn\n|-damage|p2a: Kingambit|5\/100 brn|[from] move: Magma Storm|[partiallytrapped]\n|upkeep\n|turn|16\n|\n|t:|1700051086\n|move|p1a: Heatran|Protect||[still]\n|-fail|p1a: Heatran\n|move|p2a: Kingambit|Sucker Punch||[still]\n|-fail|p2a: Kingambit\n|\n|-heal|p2a: Kingambit|11\/100 brn|[from] item: Leftovers\n|-damage|p2a: Kingambit|5\/100 brn|[from] brn\n|-damage|p2a: Kingambit|0 fnt|[from] move: Magma Storm|[partiallytrapped]\n|faint|p2a: Kingambit\n|-end|p2a: Kingambit|fallenundefined|[silent]\n|upkeep\n|\n|t:|1700051105\n|switch|p2a: Great Tusk|Great Tusk|100\/100\n|turn|17\n|\n|t:|1700051109\n|move|p2a: Great Tusk|Headlong Rush|p1a: Heatran\n|-supereffective|p1a: Heatran\n|-damage|p1a: Heatran|0 fnt\n|-unboost|p2a: Great Tusk|def|1\n|-unboost|p2a: Great Tusk|spd|1\n|faint|p1a: Heatran\n|\n|upkeep\n|\n|t:|1700051118\n|switch|p1a: Moltres|Moltres-Galar, shiny|100\/100\n|-damage|p1a: Moltres|76\/100|[from] Stealth Rock\n|turn|18\n|\n|t:|1700051130\n|-end|p2a: Great Tusk|Protosynthesis|[silent]\n|switch|p2a: Torkoal|Torkoal, M|94\/100 tox\n|-weather|SunnyDay|[from] ability: Drought|[of] p2a: Torkoal\n|move|p1a: Moltres|Air Slash|p2a: Torkoal\n|-damage|p2a: Torkoal|57\/100 tox\n|\n|-weather|SunnyDay|[upkeep]\n|-damage|p2a: Torkoal|50\/100 tox|[from] psn\n|upkeep\n|turn|19\n|\n|t:|1700051162\n|switch|p2a: Walking Wake|Walking Wake|57\/100\n|-activate|p2a: Walking Wake|ability: Protosynthesis\n|-start|p2a: Walking Wake|protosynthesisspe\n|move|p1a: Moltres|Fiery Wrath|p2a: Walking Wake\n|-damage|p2a: Walking Wake|1\/100\n|\n|-weather|SunnyDay|[upkeep]\n|upkeep\n|turn|20\n|\n|t:|1700051172\n|move|p2a: Walking Wake|Draco Meteor|p1a: Moltres\n|-damage|p1a: Moltres|0 fnt\n|-unboost|p2a: Walking Wake|spa|2\n|faint|p1a: Moltres\n|\n|-weather|SunnyDay|[upkeep]\n|upkeep\n|\n|t:|1700051175\n|switch|p1a: Ceruledge|Ceruledge, M|100\/100\n|turn|21\n|\n|t:|1700051186\n|-end|p2a: Walking Wake|Protosynthesis|[silent]\n|switch|p2a: Great Tusk|Great Tusk|100\/100\n|-activate|p2a: Great Tusk|ability: Protosynthesis\n|-start|p2a: Great Tusk|protosynthesisspe\n|move|p1a: Ceruledge|Shadow Sneak|p2a: Great Tusk\n|-damage|p2a: Great Tusk|88\/100\n|\n|-weather|SunnyDay|[upkeep]\n|upkeep\n|turn|22\n|\n|t:|1700051216\n|switch|p1a: Toxapex|Toxapex, M|100\/100\n|-damage|p1a: Toxapex|88\/100|[from] Stealth Rock\n|move|p2a: Great Tusk|Bulk Up|p2a: Great Tusk\n|-boost|p2a: Great Tusk|atk|1\n|-boost|p2a: Great Tusk|def|1\n|\n|-weather|SunnyDay|[upkeep]\n|-heal|p1a: Toxapex|94\/100|[from] item: Black Sludge\n|upkeep\n|turn|23\n|\n|t:|1700051224\n|move|p2a: Great Tusk|Headlong Rush|p1a: Toxapex\n|-supereffective|p1a: Toxapex\n|-damage|p1a: Toxapex|0 fnt\n|-unboost|p2a: Great Tusk|def|1\n|-unboost|p2a: Great Tusk|spd|1\n|faint|p1a: Toxapex\n|\n|-weather|SunnyDay|[upkeep]\n|upkeep\n|\n|t:|1700051234\n|switch|p1a: Kommo-o|Kommo-o, F|100\/100\n|-damage|p1a: Kommo-o|94\/100|[from] Stealth Rock\n|turn|24\n|\n|t:|1700051244\n|-terastallize|p1a: Kommo-o|Fighting\n|move|p2a: Great Tusk|Ice Spinner|p1a: Kommo-o\n|-damage|p1a: Kommo-o|62\/100\n|move|p1a: Kommo-o|Close Combat|p2a: Great Tusk\n|-damage|p2a: Great Tusk|39\/100\n|-unboost|p1a: Kommo-o|def|1\n|-unboost|p1a: Kommo-o|spd|1\n|\n|-weather|SunnyDay|[upkeep]\n|upkeep\n|turn|25\n|\n|t:|1700051254\n|move|p2a: Great Tusk|Headlong Rush|p1a: Kommo-o\n|-damage|p1a: Kommo-o|0 fnt\n|-unboost|p2a: Great Tusk|def|1\n|-unboost|p2a: Great Tusk|spd|1\n|faint|p1a: Kommo-o\n|\n|-weather|none\n|-end|p2a: Great Tusk|Protosynthesis\n|upkeep\n|\n|t:|1700051264\n|switch|p1a: Ceruledge|Ceruledge, M|100\/100\n|turn|26\n|\n|t:|1700051274\n|-end|p2a: Great Tusk|Protosynthesis|[silent]\n|switch|p2a: Walking Wake|Walking Wake|1\/100\n|move|p1a: Ceruledge|Bitter Blade|p2a: Walking Wake\n|-resisted|p2a: Walking Wake\n|-damage|p2a: Walking Wake|0 fnt\n|faint|p2a: Walking Wake\n|-end|p2a: Walking Wake|Protosynthesis|[silent]\n|\n|upkeep\n|\n|t:|1700051285\n|switch|p2a: Great Tusk|Great Tusk|39\/100\n|turn|27\n|\n|t:|1700051295\n|move|p2a: Great Tusk|Headlong Rush|p1a: Ceruledge\n|-supereffective|p1a: Ceruledge\n|-damage|p1a: Ceruledge|0 fnt\n|-unboost|p2a: Great Tusk|def|1\n|-unboost|p2a: Great Tusk|spd|1\n|faint|p1a: Ceruledge\n|\n|upkeep\n|\n|t:|1700051298\n|switch|p1a: Kingambit|Kingambit, M|100\/100\n|-damage|p1a: Kingambit|94\/100|[from] Stealth Rock\n|-activate|p1a: Kingambit|ability: Supreme Overlord\n|-start|p1a: Kingambit|fallen5|[silent]\n|turn|28\n|\n|t:|1700051304\n|move|p1a: Kingambit|Sucker Punch||[still]\n|-fail|p1a: Kingambit\n|move|p2a: Great Tusk|Bulk Up|p2a: Great Tusk\n|-boost|p2a: Great Tusk|atk|1\n|-boost|p2a: Great Tusk|def|1\n|\n|-heal|p1a: Kingambit|100\/100|[from] item: Leftovers\n|upkeep\n|turn|29\n|\n|t:|1700051307\n|move|p2a: Great Tusk|Headlong Rush|p1a: Kingambit\n|-supereffective|p1a: Kingambit\n|-damage|p1a: Kingambit|0 fnt\n|-unboost|p2a: Great Tusk|def|1\n|-unboost|p2a: Great Tusk|spd|1\n|faint|p1a: Kingambit\n|-end|p1a: Kingambit|fallen5|[silent]\n|\n|win|8y0\n|raw|gholdengo=rat's rating: 1138 &rarr; <strong>1110<\/strong><br \/>(-28 for losing)\n|raw|8y0's rating: 1091 &rarr; <strong>1121<\/strong><br \/>(+30 for winning)\n|l|\u2606gholdengo=rat\n","uploadtime":1700051312,"views":6,"p1id":"gholdengorat","p2id":"8y0","formatid":"gen9ou","rating":1110,"private":0,"password":""}