{"id":"gen9ou-1991070181","p1":"scalpel39","p2":"ChillLanturnYT","format":"[Gen 9] OU","log":"|j|\u2606scalpel39\n|j|\u2606ChillLanturnYT\n|t:|1700038061\n|gametype|singles\n|player|p1|scalpel39|caitlin|1193\n|player|p2|ChillLanturnYT|palmer|1150\n|teamsize|p1|6\n|teamsize|p2|6\n|gen|9\n|tier|[Gen 9] OU\n|rated|\n|rule|Sleep Clause Mod: Limit one foe put to sleep\n|rule|Species Clause: Limit one of each Pok\u00e9mon\n|rule|OHKO Clause: OHKO moves are banned\n|rule|Evasion Items Clause: Evasion items are banned\n|rule|Evasion Moves Clause: Evasion moves are banned\n|rule|Endless Battle Clause: Forcing endless battles is banned\n|rule|HP Percentage Mod: HP is shown in percentages\n|clearpoke\n|poke|p1|Ninetales-Alola, M|\n|poke|p1|Sandy Shocks|\n|poke|p1|Hatterene, F|\n|poke|p1|Kingambit, M|\n|poke|p1|Enamorus, F|\n|poke|p1|Iron Valiant|\n|poke|p2|Grafaiai, M|\n|poke|p2|Mandibuzz, F|\n|poke|p2|Pawmot, M|\n|poke|p2|Enamorus, F|\n|poke|p2|Blissey, F|\n|poke|p2|Dragapult, F|\n|teampreview\n|\n|t:|1700038066\n|start\n|switch|p1a: Sandy Shocks|Sandy Shocks|100\/100\n|switch|p2a: Grafaiai|Grafaiai, M|100\/100\n|-enditem|p1a: Sandy Shocks|Booster Energy\n|-activate|p1a: Sandy Shocks|ability: Protosynthesis|[fromitem]\n|-start|p1a: Sandy Shocks|protosynthesisspe\n|turn|1\n|\n|t:|1700038073\n|-terastallize|p2a: Grafaiai|Ground\n|move|p1a: Sandy Shocks|Earth Power|p2a: Grafaiai\n|-damage|p2a: Grafaiai|33\/100\n|-unboost|p2a: Grafaiai|spd|1\n|move|p2a: Grafaiai|Swagger|p1a: Sandy Shocks\n|-boost|p1a: Sandy Shocks|atk|2\n|-enditem|p2a: Grafaiai|Mirror Herb\n|-boost|p2a: Grafaiai|atk|2|[from] item: Mirror Herb\n|-start|p1a: Sandy Shocks|confusion\n|\n|upkeep\n|turn|2\n|\n|t:|1700038085\n|move|p2a: Grafaiai|Tera Blast|p1a: Sandy Shocks|[anim] Tera Blast Ground\n|-supereffective|p1a: Sandy Shocks\n|-damage|p1a: Sandy Shocks|0 fnt\n|faint|p1a: Sandy Shocks\n|-end|p1a: Sandy Shocks|Protosynthesis|[silent]\n|\n|upkeep\n|\n|t:|1700038110\n|switch|p1a: Enamorus|Enamorus, F|100\/100\n|turn|3\n|\n|t:|1700038113\n|move|p2a: Grafaiai|Poison Jab|p1a: Enamorus\n|-supereffective|p1a: Enamorus\n|-damage|p1a: Enamorus|0 fnt\n|faint|p1a: Enamorus\n|\n|upkeep\n|\n|t:|1700038117\n|switch|p1a: Iron Valiant|Iron Valiant|100\/100\n|-enditem|p1a: Iron Valiant|Booster Energy\n|-activate|p1a: Iron Valiant|ability: Quark Drive|[fromitem]\n|-start|p1a: Iron Valiant|quarkdrivespe\n|turn|4\n|\n|t:|1700038134\n|move|p2a: Grafaiai|Tera Blast|p1a: Iron Valiant|[anim] Tera Blast Ground\n|-damage|p1a: Iron Valiant|3\/100\n|move|p1a: Iron Valiant|Close Combat|p2a: Grafaiai\n|-damage|p2a: Grafaiai|0 fnt\n|-unboost|p1a: Iron Valiant|def|1\n|-unboost|p1a: Iron Valiant|spd|1\n|faint|p2a: Grafaiai\n|\n|upkeep\n|\n|t:|1700038142\n|switch|p2a: Mandibuzz|Mandibuzz, F|100\/100\n|turn|5\n|\n|t:|1700038149\n|move|p1a: Iron Valiant|Destiny Bond|p1a: Iron Valiant\n|-singlemove|p1a: Iron Valiant|Destiny Bond\n|move|p2a: Mandibuzz|Foul Play|p1a: Iron Valiant\n|-resisted|p1a: Iron Valiant\n|-damage|p1a: Iron Valiant|0 fnt\n|faint|p1a: Iron Valiant\n|-activate|p1a: Iron Valiant|move: Destiny Bond\n|-end|p1a: Iron Valiant|Quark Drive|[silent]\n|faint|p2a: Mandibuzz\n|\n|upkeep\n|\n|t:|1700038158\n|switch|p1a: Ninetales|Ninetales-Alola, M|100\/100\n|switch|p2a: Pawmot|Pawmot, M|100\/100\n|-weather|Snow|[from] ability: Snow Warning|[of] p1a: Ninetales\n|turn|6\n|\n|t:|1700038174\n|-terastallize|p1a: Ninetales|Ground\n|move|p1a: Ninetales|Tera Blast|p2a: Pawmot|[anim] Tera Blast Ground\n|-supereffective|p2a: Pawmot\n|-crit|p2a: Pawmot\n|-damage|p2a: Pawmot|0 fnt\n|faint|p2a: Pawmot\n|\n|-weather|Snow|[upkeep]\n|upkeep\n|\n|t:|1700038179\n|switch|p2a: Blissey|Blissey, F|100\/100\n|turn|7\n|\n|t:|1700038187\n|switch|p1a: Kingambit|Kingambit, M|100\/100\n|-activate|p1a: Kingambit|ability: Supreme Overlord\n|-start|p1a: Kingambit|fallen3|[silent]\n|-item|p1a: Kingambit|Air Balloon\n|move|p2a: Blissey|Stealth Rock|p1a: Kingambit\n|-sidestart|p1: scalpel39|move: Stealth Rock\n|\n|-weather|Snow|[upkeep]\n|upkeep\n|turn|8\n|\n|t:|1700038196\n|move|p1a: Kingambit|Swords Dance|p1a: Kingambit\n|-boost|p1a: Kingambit|atk|2\n|move|p2a: Blissey|Seismic Toss|p1a: Kingambit\n|-damage|p1a: Kingambit|73\/100\n|-enditem|p1a: Kingambit|Air Balloon\n|\n|-weather|Snow|[upkeep]\n|upkeep\n|turn|9\n|\n|t:|1700038203\n|move|p1a: Kingambit|Kowtow Cleave|p2a: Blissey\n|-damage|p2a: Blissey|0 fnt\n|faint|p2a: Blissey\n|\n|-weather|Snow|[upkeep]\n|upkeep\n|\n|t:|1700038207\n|switch|p2a: Enamorus|Enamorus, F|100\/100\n|turn|10\n|\n|t:|1700038222\n|move|p2a: Enamorus|Earth Power|p1a: Kingambit\n|-supereffective|p1a: Kingambit\n|-damage|p1a: Kingambit|0 fnt\n|faint|p1a: Kingambit\n|-end|p1a: Kingambit|fallen3|[silent]\n|\n|-weather|none\n|upkeep\n|\n|t:|1700038233\n|switch|p1a: Hatterene|Hatterene, F|100\/100\n|-damage|p1a: Hatterene|88\/100|[from] Stealth Rock\n|turn|11\n|\n|t:|1700038239\n|switch|p2a: Dragapult|Dragapult, F|100\/100\n|move|p1a: Hatterene|Calm Mind|p1a: Hatterene\n|-boost|p1a: Hatterene|spa|1\n|-boost|p1a: Hatterene|spd|1\n|\n|-heal|p1a: Hatterene|94\/100|[from] item: Leftovers\n|upkeep\n|turn|12\n|\n|t:|1700038246\n|move|p2a: Dragapult|Phantom Force||[still]\n|-prepare|p2a: Dragapult|Phantom Force\n|move|p1a: Hatterene|Draining Kiss|p2a: Dragapult|[miss]\n|-miss|p1a: Hatterene|p2a: Dragapult\n|\n|-heal|p1a: Hatterene|99\/100|[from] item: Leftovers\n|upkeep\n|turn|13\n|\n|t:|1700038253\n|move|p2a: Dragapult|Phantom Force|p1a: Hatterene|[from]lockedmove\n|-supereffective|p1a: Hatterene\n|-damage|p1a: Hatterene|17\/100\n|move|p1a: Hatterene|Calm Mind|p1a: Hatterene\n|-boost|p1a: Hatterene|spa|1\n|-boost|p1a: Hatterene|spd|1\n|\n|-heal|p1a: Hatterene|23\/100|[from] item: Leftovers\n|upkeep\n|turn|14\n|\n|t:|1700038262\n|move|p2a: Dragapult|Phantom Force||[still]\n|-prepare|p2a: Dragapult|Phantom Force\n|move|p1a: Hatterene|Draining Kiss|p2a: Dragapult|[miss]\n|-miss|p1a: Hatterene|p2a: Dragapult\n|\n|-heal|p1a: Hatterene|28\/100|[from] item: Leftovers\n|upkeep\n|turn|15\n|-message|scalpel39 forfeited.\n|\n|win|ChillLanturnYT\n|raw|scalpel39's rating: 1193 &rarr; <strong>1165<\/strong><br \/>(-28 for losing)\n|raw|ChillLanturnYT's rating: 1150 &rarr; <strong>1178<\/strong><br \/>(+28 for winning)\n|l|\u2606scalpel39\n","uploadtime":1700038280,"views":11,"p1id":"scalpel39","p2id":"chilllanturnyt","formatid":"gen9ou","rating":1165,"private":0,"password":""}