{"id":"gen9ou-1990576416","p1":"pokpp","p2":"ASNUFSANGU","format":"[Gen 9] OU","log":"|j|\u2606pokpp\n|j|\u2606ASNUFSANGU\n|t:|1699982793\n|gametype|singles\n|player|p1|pokpp|grimsley|1520\n|player|p2|ASNUFSANGU|backpacker|1621\n|teamsize|p1|6\n|teamsize|p2|6\n|gen|9\n|tier|[Gen 9] OU\n|rated|\n|rule|Sleep Clause Mod: Limit one foe put to sleep\n|rule|Species Clause: Limit one of each Pok\u00e9mon\n|rule|OHKO Clause: OHKO moves are banned\n|rule|Evasion Items Clause: Evasion items are banned\n|rule|Evasion Moves Clause: Evasion moves are banned\n|rule|Endless Battle Clause: Forcing endless battles is banned\n|rule|HP Percentage Mod: HP is shown in percentages\n|clearpoke\n|poke|p1|Iron Valiant|\n|poke|p1|Great Tusk|\n|poke|p1|Cinderace, F|\n|poke|p1|Dragapult, F|\n|poke|p1|Tyranitar, M|\n|poke|p1|Gholdengo|\n|poke|p2|Landorus-Therian, M|\n|poke|p2|Hoopa-Unbound|\n|poke|p2|Ambipom, F|\n|poke|p2|Kingambit, M|\n|poke|p2|Dragonite, F|\n|poke|p2|Iron Hands|\n|teampreview\n|inactive|Battle timer is ON: inactive players will automatically lose when time's up. (requested by pokpp)\n|\n|t:|1699982802\n|start\n|switch|p1a: Cinderace|Cinderace, F|100\/100\n|switch|p2a: Discount Machamp|Ambipom, F|100\/100\n|turn|1\n|\n|t:|1699982806\n|switch|p1a: Dragapult|Dragapult, F|100\/100\n|move|p2a: Discount Machamp|Fake Out|p1a: Dragapult\n|-immune|p1a: Dragapult\n|\n|upkeep\n|turn|2\n|\n|t:|1699982815\n|switch|p2a: Event Horizon|Hoopa-Unbound|100\/100\n|move|p1a: Dragapult|Draco Meteor|p2a: Event Horizon\n|-damage|p2a: Event Horizon|56\/100\n|-unboost|p1a: Dragapult|spa|2\n|\n|upkeep\n|turn|3\n|inactive|ASNUFSANGU has 120 seconds left.\n|\n|t:|1699982848\n|switch|p1a: Tyranitar|Tyranitar, M|100\/100\n|-weather|Sandstorm|[from] ability: Sand Stream|[of] p1a: Tyranitar\n|move|p2a: Event Horizon|Psychic|p1a: Tyranitar\n|-immune|p1a: Tyranitar\n|\n|-weather|Sandstorm|[upkeep]\n|-damage|p2a: Event Horizon|50\/100|[from] Sandstorm\n|upkeep\n|turn|4\n|\n|t:|1699982856\n|switch|p2a: Ulysess|Kingambit, M|100\/100\n|switch|p1a: Gholdengo|Gholdengo|100\/100\n|\n|-weather|Sandstorm|[upkeep]\n|upkeep\n|turn|5\n|\n|t:|1699982860\n|move|p1a: Gholdengo|Trick|p2a: Ulysess\n|-activate|p1a: Gholdengo|move: Trick|[of] p2a: Ulysess\n|-item|p2a: Ulysess|Choice Scarf|[from] move: Trick\n|-item|p1a: Gholdengo|Leftovers|[from] move: Trick\n|move|p2a: Ulysess|Kowtow Cleave|p1a: Gholdengo\n|-supereffective|p1a: Gholdengo\n|-damage|p1a: Gholdengo|0 fnt\n|faint|p1a: Gholdengo\n|\n|-weather|Sandstorm|[upkeep]\n|upkeep\n|\n|t:|1699982880\n|switch|p1a: Iron Valiant|Iron Valiant|100\/100\n|-enditem|p1a: Iron Valiant|Booster Energy\n|-activate|p1a: Iron Valiant|ability: Quark Drive|[fromitem]\n|-start|p1a: Iron Valiant|quarkdrivespe\n|turn|6\n|\n|t:|1699982889\n|-end|p2a: Ulysess|fallenundefined|[silent]\n|switch|p2a: Joy Buzzer|Iron Hands|100\/100\n|move|p1a: Iron Valiant|Swords Dance|p1a: Iron Valiant\n|-boost|p1a: Iron Valiant|atk|2\n|\n|-weather|Sandstorm|[upkeep]\n|-damage|p1a: Iron Valiant|94\/100|[from] Sandstorm\n|-damage|p2a: Joy Buzzer|94\/100|[from] Sandstorm\n|upkeep\n|turn|7\n|\n|t:|1699982896\n|move|p1a: Iron Valiant|Swords Dance|p1a: Iron Valiant\n|-boost|p1a: Iron Valiant|atk|2\n|move|p2a: Joy Buzzer|Thunder Punch|p1a: Iron Valiant\n|-damage|p1a: Iron Valiant|38\/100\n|\n|-weather|none\n|upkeep\n|turn|8\n|\n|t:|1699982904\n|-terastallize|p2a: Joy Buzzer|Steel\n|move|p1a: Iron Valiant|Spirit Break|p2a: Joy Buzzer\n|-resisted|p2a: Joy Buzzer\n|-damage|p2a: Joy Buzzer|56\/100\n|-unboost|p2a: Joy Buzzer|spa|1\n|move|p2a: Joy Buzzer|Thunder Punch|p1a: Iron Valiant\n|-damage|p1a: Iron Valiant|0 fnt\n|faint|p1a: Iron Valiant\n|-end|p1a: Iron Valiant|Quark Drive|[silent]\n|\n|upkeep\n|\n|t:|1699982912\n|switch|p1a: Cinderace|Cinderace, F|100\/100\n|turn|9\n|\n|t:|1699982928\n|-end|p2a: Joy Buzzer|Quark Drive|[silent]\n|switch|p2a: Lion King|Landorus-Therian, M|100\/100\n|-ability|p2a: Lion King|Intimidate|boost\n|-unboost|p1a: Cinderace|atk|1\n|move|p1a: Cinderace|Pyro Ball|p2a: Lion King\n|-damage|p2a: Lion King|62\/100\n|\n|-heal|p2a: Lion King|68\/100|[from] item: Leftovers\n|upkeep\n|turn|10\n|\n|t:|1699982934\n|switch|p1a: Dragapult|Dragapult, F|100\/100\n|move|p2a: Lion King|Earthquake|p1a: Dragapult\n|-damage|p1a: Dragapult|39\/100\n|\n|-heal|p2a: Lion King|74\/100|[from] item: Leftovers\n|upkeep\n|turn|11\n|\n|t:|1699982943\n|switch|p2a: Event Horizon|Hoopa-Unbound|50\/100\n|move|p1a: Dragapult|Draco Meteor|p2a: Event Horizon\n|-damage|p2a: Event Horizon|10\/100\n|-unboost|p1a: Dragapult|spa|2\n|\n|upkeep\n|turn|12\n|\n|t:|1699982948\n|move|p1a: Dragapult|Draco Meteor|p2a: Event Horizon\n|-damage|p2a: Event Horizon|0 fnt\n|-unboost|p1a: Dragapult|spa|2\n|faint|p2a: Event Horizon\n|\n|upkeep\n|\n|t:|1699982964\n|switch|p2a: Ulysess|Kingambit, M|100\/100\n|-activate|p2a: Ulysess|ability: Supreme Overlord\n|-start|p2a: Ulysess|fallen1|[silent]\n|turn|13\n|\n|t:|1699982968\n|move|p1a: Dragapult|Draco Meteor|p2a: Ulysess\n|-resisted|p2a: Ulysess\n|-damage|p2a: Ulysess|87\/100\n|-unboost|p1a: Dragapult|spa|2\n|move|p2a: Ulysess|Iron Head|p1a: Dragapult\n|-damage|p1a: Dragapult|0 fnt\n|faint|p1a: Dragapult\n|\n|upkeep\n|\n|t:|1699982976\n|switch|p1a: Cinderace|Cinderace, F|100\/100\n|turn|14\n|\n|t:|1699982989\n|-end|p2a: Ulysess|fallen1|[silent]\n|switch|p2a: Discount Machamp|Ambipom, F|100\/100\n|move|p1a: Cinderace|U-turn|p2a: Discount Machamp\n|-start|p1a: Cinderace|typechange|Bug|[from] ability: Libero\n|-damage|p2a: Discount Machamp|10\/100\n|\n|t:|1699982995\n|switch|p1a: Tyranitar|Tyranitar, M|100\/100|[from] U-turn\n|-weather|Sandstorm|[from] ability: Sand Stream|[of] p1a: Tyranitar\n|\n|-weather|Sandstorm|[upkeep]\n|-damage|p2a: Discount Machamp|4\/100|[from] Sandstorm\n|upkeep\n|turn|15\n|\n|t:|1699983010\n|switch|p1a: Cinderace|Cinderace, F|100\/100\n|move|p2a: Discount Machamp|U-turn|p1a: Cinderace\n|-resisted|p1a: Cinderace\n|-damage|p1a: Cinderace|80\/100\n|\n|t:|1699983018\n|switch|p2a: Lion King|Landorus-Therian, M|74\/100|[from] U-turn\n|-ability|p2a: Lion King|Intimidate|boost\n|-unboost|p1a: Cinderace|atk|1\n|\n|-weather|Sandstorm|[upkeep]\n|-damage|p1a: Cinderace|74\/100|[from] Sandstorm\n|-heal|p2a: Lion King|80\/100|[from] item: Leftovers\n|upkeep\n|turn|16\n|inactive|pokpp has 120 seconds left.\n|\n|t:|1699983072\n|move|p1a: Cinderace|Pyro Ball|p2a: Lion King\n|-damage|p2a: Lion King|42\/100\n|move|p2a: Lion King|Earthquake|p1a: Cinderace\n|-supereffective|p1a: Cinderace\n|-damage|p1a: Cinderace|0 fnt\n|faint|p1a: Cinderace\n|\n|-weather|Sandstorm|[upkeep]\n|-heal|p2a: Lion King|48\/100|[from] item: Leftovers\n|upkeep\n|\n|t:|1699983076\n|switch|p1a: Great Tusk|Great Tusk|100\/100\n|turn|17\n|\n|t:|1699983078\n|move|p1a: Great Tusk|Bulk Up|p1a: Great Tusk\n|-boost|p1a: Great Tusk|atk|1\n|-boost|p1a: Great Tusk|def|1\n|move|p2a: Lion King|Grass Knot|p1a: Great Tusk\n|-supereffective|p1a: Great Tusk\n|-damage|p1a: Great Tusk|41\/100\n|\n|-weather|Sandstorm|[upkeep]\n|-heal|p2a: Lion King|54\/100|[from] item: Leftovers\n|upkeep\n|turn|18\n|\n|t:|1699983082\n|-terastallize|p1a: Great Tusk|Steel\n|move|p1a: Great Tusk|Rapid Spin|p2a: Lion King\n|-damage|p2a: Lion King|40\/100\n|-boost|p1a: Great Tusk|spe|1\n|move|p2a: Lion King|Grass Knot|p1a: Great Tusk\n|-resisted|p1a: Great Tusk\n|-damage|p1a: Great Tusk|26\/100\n|\n|-weather|none\n|-heal|p2a: Lion King|46\/100|[from] item: Leftovers\n|upkeep\n|turn|19\n|\n|t:|1699983086\n|move|p1a: Great Tusk|Ice Spinner|p2a: Lion King\n|-supereffective|p2a: Lion King\n|-damage|p2a: Lion King|0 fnt\n|faint|p2a: Lion King\n|\n|upkeep\n|\n|t:|1699983091\n|switch|p2a: Puff|Dragonite, F|100\/100\n|turn|20\n|\n|t:|1699983094\n|move|p1a: Great Tusk|Ice Spinner|p2a: Puff\n|-supereffective|p2a: Puff\n|-damage|p2a: Puff|27\/100\n|move|p2a: Puff|Earthquake|p1a: Great Tusk\n|-supereffective|p1a: Great Tusk\n|-damage|p1a: Great Tusk|0 fnt\n|faint|p1a: Great Tusk\n|-end|p1a: Great Tusk|Protosynthesis|[silent]\n|\n|upkeep\n|\n|t:|1699983097\n|switch|p1a: Tyranitar|Tyranitar, M|100\/100\n|-weather|Sandstorm|[from] ability: Sand Stream|[of] p1a: Tyranitar\n|turn|21\n|c|\u2606ASNUFSANGU|gg\n|\n|t:|1699983101\n|move|p2a: Puff|Earthquake|p1a: Tyranitar\n|-supereffective|p1a: Tyranitar\n|-damage|p1a: Tyranitar|38\/100\n|move|p1a: Tyranitar|Ice Beam|p2a: Puff\n|-supereffective|p2a: Puff\n|-damage|p2a: Puff|0 fnt\n|faint|p2a: Puff\n|\n|-weather|Sandstorm|[upkeep]\n|-heal|p1a: Tyranitar|44\/100|[from] item: Leftovers\n|upkeep\n|\n|t:|1699983104\n|switch|p2a: Ulysess|Kingambit, M|87\/100\n|-activate|p2a: Ulysess|ability: Supreme Overlord\n|-start|p2a: Ulysess|fallen3|[silent]\n|turn|22\n|\n|t:|1699983107\n|move|p2a: Ulysess|Iron Head|p1a: Tyranitar\n|-supereffective|p1a: Tyranitar\n|-damage|p1a: Tyranitar|0 fnt\n|faint|p1a: Tyranitar\n|\n|win|ASNUFSANGU\n|raw|pokpp's rating: 1520 &rarr; <strong>1506<\/strong><br \/>(-14 for losing)\n|raw|ASNUFSANGU's rating: 1621 &rarr; <strong>1635<\/strong><br \/>(+14 for winning)\n|l|\u2606pokpp\n|l|\u2606ASNUFSANGU\n|j|\u2606ASNUFSANGU\n|player|p2|ASNUFSANGU|backpacker\n","uploadtime":1699983114,"views":5,"p1id":"pokpp","p2id":"asnufsangu","formatid":"gen9ou","rating":1506,"private":0,"password":""}