{"id":"gen9ou-1997287933","p1":"SpasDeUzi","p2":"captpallet","format":"[Gen 9] OU","log":"|j|\u2606SpasDeUzi\n|j|\u2606captpallet\n|t:|1700784982\n|gametype|singles\n|player|p1|SpasDeUzi|1|1078\n|player|p2|captpallet|169|1129\n|teamsize|p1|6\n|teamsize|p2|6\n|gen|9\n|tier|[Gen 9] OU\n|rated|\n|rule|Sleep Clause Mod: Limit one foe put to sleep\n|rule|Species Clause: Limit one of each Pok\u00e9mon\n|rule|OHKO Clause: OHKO moves are banned\n|rule|Evasion Items Clause: Evasion items are banned\n|rule|Evasion Moves Clause: Evasion moves are banned\n|rule|Endless Battle Clause: Forcing endless battles is banned\n|rule|HP Percentage Mod: HP is shown in percentages\n|clearpoke\n|poke|p1|Torterra, F|\n|poke|p1|Ribombee, F|\n|poke|p1|Grimmsnarl, M|\n|poke|p1|Manaphy|\n|poke|p1|Dragonite, M|\n|poke|p1|Gholdengo|\n|poke|p2|Walking Wake|\n|poke|p2|Enamorus, F|\n|poke|p2|Ting-Lu|\n|poke|p2|Manaphy|\n|poke|p2|Zapdos|\n|poke|p2|Ceruledge, F|\n|teampreview\n|inactive|Battle timer is ON: inactive players will automatically lose when time's up. (requested by SpasDeUzi)\n|\n|t:|1700785003\n|start\n|switch|p1a: Ribombee|Ribombee, F, shiny|100\/100\n|switch|p2a: Zapdos|Zapdos|100\/100\n|turn|1\n|\n|t:|1700785009\n|move|p1a: Ribombee|Sticky Web|p2a: Zapdos\n|-sidestart|p2: captpallet|move: Sticky Web\n|move|p2a: Zapdos|Thunderbolt|p1a: Ribombee\n|-damage|p1a: Ribombee|23\/100\n|\n|upkeep\n|turn|2\n|\n|t:|1700785013\n|move|p1a: Ribombee|Moonblast|p2a: Zapdos\n|-damage|p2a: Zapdos|72\/100\n|-unboost|p2a: Zapdos|spa|1\n|move|p2a: Zapdos|Volt Switch|p1a: Ribombee\n|-damage|p1a: Ribombee|0 fnt\n|faint|p1a: Ribombee\n|\n|t:|1700785022\n|switch|p2a: Ting-Lu|Ting-Lu|100\/100|[from] Volt Switch\n|-activate|p2a: Ting-Lu|move: Sticky Web\n|-unboost|p2a: Ting-Lu|spe|1\n|-ability|p2a: Ting-Lu|Vessel of Ruin\n|\n|upkeep\n|\n|t:|1700785025\n|switch|p1a: Torterra|Torterra, F, shiny|100\/100\n|turn|3\n|\n|t:|1700785030\n|move|p1a: Torterra|Shell Smash|p1a: Torterra\n|-unboost|p1a: Torterra|def|1\n|-unboost|p1a: Torterra|spd|1\n|-boost|p1a: Torterra|atk|2\n|-boost|p1a: Torterra|spa|2\n|-boost|p1a: Torterra|spe|2\n|move|p2a: Ting-Lu|Ruination|p1a: Torterra\n|-damage|p1a: Torterra|51\/100\n|\n|upkeep\n|turn|4\n|\n|t:|1700785036\n|move|p1a: Torterra|Bullet Seed|p2a: Ting-Lu\n|-supereffective|p2a: Ting-Lu\n|-damage|p2a: Ting-Lu|79\/100\n|-supereffective|p2a: Ting-Lu\n|-damage|p2a: Ting-Lu|54\/100\n|-supereffective|p2a: Ting-Lu\n|-damage|p2a: Ting-Lu|29\/100\n|-supereffective|p2a: Ting-Lu\n|-damage|p2a: Ting-Lu|6\/100\n|-hitcount|p2a: Ting-Lu|4\n|move|p2a: Ting-Lu|Whirlwind|p1a: Torterra\n|drag|p1a: Manaphy|Manaphy, shiny|100\/100\n|\n|-heal|p2a: Ting-Lu|12\/100|[from] item: Leftovers\n|upkeep\n|turn|5\n|\n|t:|1700785042\n|move|p1a: Manaphy|Scald|p2a: Ting-Lu\n|-supereffective|p2a: Ting-Lu\n|-damage|p2a: Ting-Lu|0 fnt\n|faint|p2a: Ting-Lu\n|\n|upkeep\n|\n|t:|1700785047\n|switch|p2a: Zapdos|Zapdos|72\/100\n|turn|6\n|\n|t:|1700785058\n|-terastallize|p1a: Manaphy|Steel\n|move|p1a: Manaphy|Tail Glow|p1a: Manaphy\n|-boost|p1a: Manaphy|spa|3\n|move|p2a: Zapdos|Hurricane|p1a: Manaphy|[miss]\n|-miss|p2a: Zapdos|p1a: Manaphy\n|\n|upkeep\n|turn|7\n|\n|t:|1700785069\n|move|p1a: Manaphy|Ice Beam|p2a: Zapdos\n|-supereffective|p2a: Zapdos\n|-damage|p2a: Zapdos|0 fnt\n|faint|p2a: Zapdos\n|\n|upkeep\n|\n|t:|1700785077\n|switch|p2a: Walking Wake|Walking Wake|100\/100\n|-activate|p2a: Walking Wake|move: Sticky Web\n|-unboost|p2a: Walking Wake|spe|1\n|-enditem|p2a: Walking Wake|Booster Energy\n|-activate|p2a: Walking Wake|ability: Protosynthesis|[fromitem]\n|-start|p2a: Walking Wake|protosynthesisspa\n|turn|8\n|\n|t:|1700785082\n|move|p1a: Manaphy|Ice Beam|p2a: Walking Wake\n|-crit|p2a: Walking Wake\n|-damage|p2a: Walking Wake|0 fnt\n|faint|p2a: Walking Wake\n|-end|p2a: Walking Wake|Protosynthesis|[silent]\n|\n|upkeep\n|\n|t:|1700785094\n|switch|p2a: Manaphy|Manaphy|100\/100\n|-activate|p2a: Manaphy|move: Sticky Web\n|-unboost|p2a: Manaphy|spe|1\n|turn|9\n|\n|t:|1700785104\n|move|p1a: Manaphy|Tail Glow|p1a: Manaphy\n|-boost|p1a: Manaphy|spa|3\n|move|p2a: Manaphy|Take Heart|p2a: Manaphy\n|-boost|p2a: Manaphy|spa|1\n|-boost|p2a: Manaphy|spd|1\n|\n|upkeep\n|turn|10\n|\n|t:|1700785114\n|move|p1a: Manaphy|Scald|p2a: Manaphy\n|-resisted|p2a: Manaphy\n|-damage|p2a: Manaphy|55\/100\n|move|p2a: Manaphy|Take Heart|p2a: Manaphy\n|-boost|p2a: Manaphy|spa|1\n|-boost|p2a: Manaphy|spd|1\n|\n|upkeep\n|turn|11\n|\n|t:|1700785117\n|move|p1a: Manaphy|Scald|p2a: Manaphy\n|-resisted|p2a: Manaphy\n|-damage|p2a: Manaphy|22\/100\n|move|p2a: Manaphy|Stored Power|p1a: Manaphy\n|-resisted|p1a: Manaphy\n|-damage|p1a: Manaphy|77\/100\n|\n|upkeep\n|turn|12\n|\n|t:|1700785128\n|-terastallize|p2a: Manaphy|Water\n|move|p1a: Manaphy|Scald|p2a: Manaphy\n|-resisted|p2a: Manaphy\n|-damage|p2a: Manaphy|0 fnt\n|faint|p2a: Manaphy\n|\n|upkeep\n|\n|t:|1700785131\n|switch|p2a: Enamorus|Enamorus, F|100\/100\n|turn|13\n|inactive|captpallet has 120 seconds left.\n|inactive|captpallet has 90 seconds left.\n|-message|captpallet forfeited.\n|\n|win|SpasDeUzi\n|raw|SpasDeUzi's rating: 1078 &rarr; <strong>1110<\/strong><br \/>(+32 for winning)\n|raw|captpallet's rating: 1129 &rarr; <strong>1100<\/strong><br \/>(-29 for losing)\n|l|\u2606captpallet\n|l|\u2606SpasDeUzi\n|j|\u2606SpasDeUzi\n|player|p1|SpasDeUzi|1\n","uploadtime":1700785222,"views":14,"p1id":"spasdeuzi","p2id":"captpallet","formatid":"gen9ou","rating":1100,"private":0,"password":""}