{"id":"gen9ou-1990684632","p1":"vyuiowe","p2":"crispybaconn","format":"[Gen 9] OU","log":"|j|\u2606vyuiowe\n|j|\u2606crispybaconn\n|t:|1699991583\n|gametype|singles\n|player|p1|vyuiowe|pokemonranger-gen4|1556\n|player|p2|crispybaconn|az|1517\n|teamsize|p1|6\n|teamsize|p2|6\n|gen|9\n|tier|[Gen 9] OU\n|rated|\n|rule|Sleep Clause Mod: Limit one foe put to sleep\n|rule|Species Clause: Limit one of each Pok\u00e9mon\n|rule|OHKO Clause: OHKO moves are banned\n|rule|Evasion Items Clause: Evasion items are banned\n|rule|Evasion Moves Clause: Evasion moves are banned\n|rule|Endless Battle Clause: Forcing endless battles is banned\n|rule|HP Percentage Mod: HP is shown in percentages\n|clearpoke\n|poke|p1|Dondozo, F|\n|poke|p1|Clefable, M|\n|poke|p1|Dragapult, F|\n|poke|p1|Zapdos|\n|poke|p1|Skeledirge, M|\n|poke|p1|Meowscarada, F|\n|poke|p2|Samurott-Hisui, M|\n|poke|p2|Great Tusk|\n|poke|p2|Rillaboom, F|\n|poke|p2|Sneasler, F|\n|poke|p2|Heatran, M|\n|poke|p2|Ogerpon-Cornerstone, F|\n|teampreview\n|\n|t:|1699991595\n|start\n|switch|p1a: Meowscarada|Meowscarada, F|100\/100\n|switch|p2a: Samurott|Samurott-Hisui, M|100\/100\n|turn|1\n|\n|t:|1699991599\n|move|p2a: Samurott|Sacred Sword|p1a: Meowscarada\n|-supereffective|p1a: Meowscarada\n|-damage|p1a: Meowscarada|0 fnt\n|faint|p1a: Meowscarada\n|\n|upkeep\n|\n|t:|1699991607\n|switch|p1a: Dragapult|Dragapult, F|100\/100\n|turn|2\n|inactive|Battle timer is ON: inactive players will automatically lose when time's up. (requested by crispybaconn)\n|\n|t:|1699991611\n|switch|p2a: Great Tusk|Great Tusk|100\/100\n|move|p1a: Dragapult|U-turn|p2a: Great Tusk\n|-resisted|p2a: Great Tusk\n|-damage|p2a: Great Tusk|94\/100\n|-damage|p1a: Dragapult|84\/100|[from] item: Rocky Helmet|[of] p2a: Great Tusk\n|\n|t:|1699991613\n|switch|p1a: Clefable|Clefable, M|100\/100|[from] U-turn\n|\n|upkeep\n|turn|3\n|\n|t:|1699991618\n|move|p2a: Great Tusk|Stealth Rock|p1a: Clefable\n|-sidestart|p1: vyuiowe|move: Stealth Rock\n|move|p1a: Clefable|Stealth Rock|p2a: Great Tusk\n|-sidestart|p2: crispybaconn|move: Stealth Rock\n|\n|upkeep\n|turn|4\n|\n|t:|1699991621\n|-end|p2a: Great Tusk|Protosynthesis|[silent]\n|switch|p2a: Heatran|Heatran, M|100\/100\n|-damage|p2a: Heatran|88\/100|[from] Stealth Rock\n|move|p1a: Clefable|Knock Off|p2a: Heatran\n|-damage|p2a: Heatran|72\/100\n|-enditem|p2a: Heatran|Leftovers|[from] move: Knock Off|[of] p1a: Clefable\n|\n|upkeep\n|turn|5\n|\n|t:|1699991633\n|switch|p1a: Zapdos|Zapdos|100\/100\n|move|p2a: Heatran|Magma Storm|p1a: Zapdos|[miss]\n|-miss|p2a: Heatran|p1a: Zapdos\n|\n|upkeep\n|turn|6\n|\n|t:|1699991637\n|move|p1a: Zapdos|Thunder Wave|p2a: Heatran\n|-status|p2a: Heatran|par\n|move|p2a: Heatran|Magma Storm|p1a: Zapdos\n|-damage|p1a: Zapdos|45\/100\n|-activate|p1a: Zapdos|move: Magma Storm|[of] p2a: Heatran\n|\n|-damage|p1a: Zapdos|32\/100|[from] move: Magma Storm|[partiallytrapped]\n|upkeep\n|turn|7\n|\n|t:|1699991643\n|move|p1a: Zapdos|Volt Switch|p2a: Heatran\n|-damage|p2a: Heatran|45\/100 par\n|\n|t:|1699991651\n|switch|p1a: Dondozo|Dondozo, F|100\/100|[from] Volt Switch\n|move|p2a: Heatran|Taunt|p1a: Dondozo\n|-start|p1a: Dondozo|move: Taunt\n|\n|upkeep\n|turn|8\n|\n|t:|1699991656\n|-terastallize|p2a: Heatran|Grass\n|cant|p2a: Heatran|par\n|move|p1a: Dondozo|Earthquake|p2a: Heatran\n|-resisted|p2a: Heatran\n|-damage|p2a: Heatran|33\/100 par\n|\n|upkeep\n|turn|9\n|\n|t:|1699991659\n|cant|p2a: Heatran|par\n|move|p1a: Dondozo|Avalanche|p2a: Heatran\n|-supereffective|p2a: Heatran\n|-damage|p2a: Heatran|6\/100 par\n|\n|-end|p1a: Dondozo|move: Taunt\n|upkeep\n|turn|10\n|\n|t:|1699991667\n|move|p2a: Heatran|Tera Blast|p1a: Dondozo|[anim] Tera Blast Grass\n|-supereffective|p1a: Dondozo\n|-damage|p1a: Dondozo|41\/100\n|move|p1a: Dondozo|Avalanche|p2a: Heatran\n|-supereffective|p2a: Heatran\n|-damage|p2a: Heatran|0 fnt\n|faint|p2a: Heatran\n|\n|upkeep\n|\n|t:|1699991669\n|switch|p2a: Rillaboom|Rillaboom, F|100\/100\n|-damage|p2a: Rillaboom|88\/100|[from] Stealth Rock\n|-fieldstart|move: Grassy Terrain|[from] ability: Grassy Surge|[of] p2a: Rillaboom\n|turn|11\n|\n|t:|1699991675\n|switch|p1a: Zapdos|Zapdos|32\/100\n|move|p2a: Rillaboom|U-turn|p1a: Zapdos\n|-resisted|p1a: Zapdos\n|-damage|p1a: Zapdos|17\/100\n|\n|t:|1699991686\n|switch|p2a: Samurott|Samurott-Hisui, M|100\/100|[from] U-turn\n|-damage|p2a: Samurott|88\/100|[from] Stealth Rock\n|\n|-heal|p2a: Samurott|94\/100|[from] Grassy Terrain\n|upkeep\n|turn|12\n|\n|t:|1699991690\n|move|p2a: Samurott|Razor Shell|p1a: Zapdos\n|-damage|p1a: Zapdos|0 fnt\n|faint|p1a: Zapdos\n|\n|-heal|p2a: Samurott|100\/100|[from] Grassy Terrain\n|upkeep\n|\n|t:|1699991693\n|switch|p1a: Dondozo|Dondozo, F|41\/100\n|turn|13\n|\n|t:|1699991699\n|switch|p2a: Rillaboom|Rillaboom, F|88\/100\n|-damage|p2a: Rillaboom|76\/100|[from] Stealth Rock\n|move|p1a: Dondozo|Curse|p1a: Dondozo\n|-unboost|p1a: Dondozo|spe|1\n|-boost|p1a: Dondozo|atk|1\n|-boost|p1a: Dondozo|def|1\n|\n|-heal|p2a: Rillaboom|82\/100|[from] Grassy Terrain\n|-heal|p1a: Dondozo|47\/100|[from] Grassy Terrain\n|upkeep\n|turn|14\n|inactive|vyuiowe has 120 seconds left.\n|\n|t:|1699991733\n|-terastallize|p1a: Dondozo|Dragon\n|move|p2a: Rillaboom|Wood Hammer|p1a: Dondozo\n|-resisted|p1a: Dondozo\n|-damage|p1a: Dondozo|22\/100\n|-damage|p2a: Rillaboom|70\/100|[from] Recoil\n|move|p1a: Dondozo|Curse|p1a: Dondozo\n|-unboost|p1a: Dondozo|spe|1\n|-boost|p1a: Dondozo|atk|1\n|-boost|p1a: Dondozo|def|1\n|\n|-heal|p2a: Rillaboom|76\/100|[from] Grassy Terrain\n|-heal|p1a: Dondozo|28\/100|[from] Grassy Terrain\n|upkeep\n|turn|15\n|\n|t:|1699991738\n|move|p2a: Rillaboom|Wood Hammer|p1a: Dondozo\n|-resisted|p1a: Dondozo\n|-damage|p1a: Dondozo|10\/100\n|-damage|p2a: Rillaboom|67\/100|[from] Recoil\n|move|p1a: Dondozo|Rest|p1a: Dondozo\n|-status|p1a: Dondozo|slp|[from] move: Rest\n|-heal|p1a: Dondozo|100\/100 slp|[silent]\n|\n|-heal|p2a: Rillaboom|73\/100|[from] Grassy Terrain\n|-fieldend|move: Grassy Terrain\n|upkeep\n|turn|16\n|\n|t:|1699991751\n|switch|p2a: Great Tusk|Great Tusk|94\/100\n|-damage|p2a: Great Tusk|91\/100|[from] Stealth Rock\n|cant|p1a: Dondozo|slp\n|\n|upkeep\n|turn|17\n|\n|t:|1699991754\n|move|p2a: Great Tusk|Rapid Spin|p1a: Dondozo\n|-crit|p1a: Dondozo\n|-damage|p1a: Dondozo|82\/100 slp\n|-boost|p2a: Great Tusk|spe|1\n|-sideend|p2: crispybaconn|Stealth Rock|[from] move: Rapid Spin|[of] p2a: Great Tusk\n|cant|p1a: Dondozo|slp\n|\n|upkeep\n|turn|18\n|\n|t:|1699991757\n|move|p2a: Great Tusk|Knock Off|p1a: Dondozo\n|-damage|p1a: Dondozo|71\/100 slp\n|-enditem|p1a: Dondozo|Heavy-Duty Boots|[from] move: Knock Off|[of] p2a: Great Tusk\n|-curestatus|p1a: Dondozo|slp|[msg]\n|move|p1a: Dondozo|Curse|p1a: Dondozo\n|-unboost|p1a: Dondozo|spe|1\n|-boost|p1a: Dondozo|atk|1\n|-boost|p1a: Dondozo|def|1\n|\n|upkeep\n|turn|19\n|\n|t:|1699991763\n|move|p2a: Great Tusk|Earthquake|p1a: Dondozo\n|-damage|p1a: Dondozo|56\/100\n|move|p1a: Dondozo|Curse|p1a: Dondozo\n|-unboost|p1a: Dondozo|spe|1\n|-boost|p1a: Dondozo|atk|1\n|-boost|p1a: Dondozo|def|1\n|\n|upkeep\n|turn|20\n|\n|t:|1699991767\n|move|p2a: Great Tusk|Earthquake|p1a: Dondozo\n|-damage|p1a: Dondozo|43\/100\n|move|p1a: Dondozo|Curse|p1a: Dondozo\n|-unboost|p1a: Dondozo|spe|1\n|-boost|p1a: Dondozo|atk|1\n|-boost|p1a: Dondozo|def|1\n|\n|upkeep\n|turn|21\n|\n|t:|1699991776\n|move|p2a: Great Tusk|Earthquake|p1a: Dondozo\n|-damage|p1a: Dondozo|34\/100\n|move|p1a: Dondozo|Rest|p1a: Dondozo\n|-status|p1a: Dondozo|slp|[from] move: Rest\n|-heal|p1a: Dondozo|100\/100 slp|[silent]\n|\n|upkeep\n|turn|22\n|\n|t:|1699991779\n|-end|p2a: Great Tusk|Protosynthesis|[silent]\n|switch|p2a: Ogerpon|Ogerpon-Cornerstone, F|100\/100\n|cant|p1a: Dondozo|slp\n|\n|upkeep\n|turn|23\n|\n|t:|1699991782\n|move|p2a: Ogerpon|Swords Dance|p2a: Ogerpon\n|-boost|p2a: Ogerpon|atk|2\n|cant|p1a: Dondozo|slp\n|\n|upkeep\n|turn|24\n|\n|t:|1699991785\n|move|p2a: Ogerpon|Ivy Cudgel|p1a: Dondozo|[anim] Ivy Cudgel Rock\n|-damage|p1a: Dondozo|90\/100 slp\n|-curestatus|p1a: Dondozo|slp|[msg]\n|move|p1a: Dondozo|Avalanche|p2a: Ogerpon\n|-supereffective|p2a: Ogerpon\n|-ability|p2a: Ogerpon|Sturdy\n|-damage|p2a: Ogerpon|1\/100\n|\n|upkeep\n|turn|25\n|\n|t:|1699991792\n|move|p2a: Ogerpon|Ivy Cudgel|p1a: Dondozo|[anim] Ivy Cudgel Rock\n|-damage|p1a: Dondozo|80\/100\n|move|p1a: Dondozo|Avalanche|p2a: Ogerpon\n|-supereffective|p2a: Ogerpon\n|-damage|p2a: Ogerpon|0 fnt\n|faint|p2a: Ogerpon\n|\n|upkeep\n|\n|t:|1699991797\n|switch|p2a: Sneasler|Sneasler, F|100\/100\n|turn|26\n|\n|t:|1699991800\n|move|p2a: Sneasler|Dire Claw|p1a: Dondozo\n|-damage|p1a: Dondozo|72\/100\n|-status|p1a: Dondozo|psn\n|move|p1a: Dondozo|Earthquake|p2a: Sneasler\n|-supereffective|p2a: Sneasler\n|-damage|p2a: Sneasler|0 fnt\n|faint|p2a: Sneasler\n|\n|-damage|p1a: Dondozo|60\/100 psn|[from] psn\n|upkeep\n|\n|t:|1699991809\n|switch|p2a: Samurott|Samurott-Hisui, M|100\/100\n|turn|27\n|\n|t:|1699991816\n|move|p2a: Samurott|Sacred Sword|p1a: Dondozo\n|-damage|p1a: Dondozo|34\/100 psn\n|move|p1a: Dondozo|Rest|p1a: Dondozo\n|-status|p1a: Dondozo|slp|[from] move: Rest\n|-heal|p1a: Dondozo|100\/100 slp|[silent]\n|\n|upkeep\n|turn|28\n|\n|t:|1699991821\n|move|p2a: Samurott|Sacred Sword|p1a: Dondozo\n|-damage|p1a: Dondozo|76\/100 slp\n|cant|p1a: Dondozo|slp\n|\n|upkeep\n|turn|29\n|\n|t:|1699991824\n|move|p2a: Samurott|Sacred Sword|p1a: Dondozo\n|-damage|p1a: Dondozo|52\/100 slp\n|cant|p1a: Dondozo|slp\n|\n|upkeep\n|turn|30\n|\n|t:|1699991827\n|move|p2a: Samurott|Sacred Sword|p1a: Dondozo\n|-damage|p1a: Dondozo|26\/100 slp\n|-curestatus|p1a: Dondozo|slp|[msg]\n|move|p1a: Dondozo|Earthquake|p2a: Samurott\n|-damage|p2a: Samurott|0 fnt\n|faint|p2a: Samurott\n|\n|upkeep\n|\n|t:|1699991830\n|switch|p2a: Rillaboom|Rillaboom, F|73\/100\n|-fieldstart|move: Grassy Terrain|[from] ability: Grassy Surge|[of] p2a: Rillaboom\n|turn|31\n|\n|t:|1699991835\n|move|p2a: Rillaboom|Wood Hammer|p1a: Dondozo\n|-resisted|p1a: Dondozo\n|-damage|p1a: Dondozo|14\/100\n|-damage|p2a: Rillaboom|67\/100|[from] Recoil\n|move|p1a: Dondozo|Rest|p1a: Dondozo\n|-status|p1a: Dondozo|slp|[from] move: Rest\n|-heal|p1a: Dondozo|100\/100 slp|[silent]\n|\n|-heal|p2a: Rillaboom|74\/100|[from] Grassy Terrain\n|upkeep\n|turn|32\n|-message|crispybaconn forfeited.\n|\n|win|vyuiowe\n|raw|vyuiowe's rating: 1556 &rarr; <strong>1574<\/strong><br \/>(+18 for winning)\n|raw|crispybaconn's rating: 1517 &rarr; <strong>1499<\/strong><br \/>(-18 for losing)\n|l|\u2606crispybaconn\n","uploadtime":1699991843,"views":10,"p1id":"vyuiowe","p2id":"crispybaconn","formatid":"gen9ou","rating":1499,"private":0,"password":""}