{"id":"gen9ou-1993177318","p1":"PsiKowboj","p2":"Riders0","format":"[Gen 9] OU","log":"|j|\u2606PsiKowboj\n|j|\u2606Riders0\n|t:|1700274240\n|gametype|singles\n|player|p1|PsiKowboj|rocketgrunt|1283\n|player|p2|Riders0|169|1294\n|teamsize|p1|6\n|teamsize|p2|6\n|gen|9\n|tier|[Gen 9] OU\n|rated|\n|rule|Sleep Clause Mod: Limit one foe put to sleep\n|rule|Species Clause: Limit one of each Pok\u00e9mon\n|rule|OHKO Clause: OHKO moves are banned\n|rule|Evasion Items Clause: Evasion items are banned\n|rule|Evasion Moves Clause: Evasion moves are banned\n|rule|Endless Battle Clause: Forcing endless battles is banned\n|rule|HP Percentage Mod: HP is shown in percentages\n|clearpoke\n|poke|p1|Ninetales-Alola, M|\n|poke|p1|Mamoswine, F|\n|poke|p1|Ogerpon-Wellspring, F|\n|poke|p1|Thundurus-Therian, M|\n|poke|p1|Slowking-Galar, F|\n|poke|p1|Maushold-Four|\n|poke|p2|Ceruledge, F|\n|poke|p2|Walking Wake|\n|poke|p2|Hatterene, F|\n|poke|p2|Kingambit, M|\n|poke|p2|Ogerpon-Cornerstone, F|\n|poke|p2|Enamorus, F|\n|teampreview\n|inactive|Battle timer is ON: inactive players will automatically lose when time's up. (requested by Riders0)\n|\n|t:|1700274261\n|start\n|switch|p1a: 21 shards|Mamoswine, F|100\/100\n|switch|p2a: Ogerpon|Ogerpon-Cornerstone, F|100\/100\n|turn|1\n|\n|t:|1700274276\n|-terastallize|p1a: 21 shards|Grass\n|move|p2a: Ogerpon|Spikes|p1a: 21 shards\n|-sidestart|p1: PsiKowboj|Spikes\n|move|p1a: 21 shards|Icicle Crash|p2a: Ogerpon\n|-supereffective|p2a: Ogerpon\n|-ability|p2a: Ogerpon|Sturdy\n|-damage|p2a: Ogerpon|1\/100\n|\n|upkeep\n|turn|2\n|\n|t:|1700274282\n|move|p1a: 21 shards|Ice Shard|p2a: Ogerpon\n|-supereffective|p2a: Ogerpon\n|-damage|p2a: Ogerpon|0 fnt\n|faint|p2a: Ogerpon\n|\n|upkeep\n|\n|t:|1700274291\n|switch|p2a: Ceruledge|Ceruledge, F|100\/100\n|turn|3\n|\n|t:|1700274295\n|move|p2a: Ceruledge|Bitter Blade|p1a: 21 shards\n|-supereffective|p1a: 21 shards\n|-damage|p1a: 21 shards|48\/100\n|move|p1a: 21 shards|Earthquake|p2a: Ceruledge\n|-supereffective|p2a: Ceruledge\n|-enditem|p2a: Ceruledge|Focus Sash\n|-damage|p2a: Ceruledge|1\/100\n|-ability|p2a: Ceruledge|Weak Armor|boost\n|-unboost|p2a: Ceruledge|def|1\n|-boost|p2a: Ceruledge|spe|2\n|\n|upkeep\n|turn|4\n|\n|t:|1700274305\n|switch|p2a: Walking Wake|Walking Wake|100\/100\n|-enditem|p2a: Walking Wake|Booster Energy\n|-activate|p2a: Walking Wake|ability: Protosynthesis|[fromitem]\n|-start|p2a: Walking Wake|protosynthesisspa\n|move|p1a: 21 shards|Ice Shard|p2a: Walking Wake\n|-damage|p2a: Walking Wake|77\/100\n|\n|upkeep\n|turn|5\n|\n|t:|1700274315\n|move|p2a: Walking Wake|Agility|p2a: Walking Wake\n|-boost|p2a: Walking Wake|spe|2\n|move|p1a: 21 shards|Icicle Crash|p2a: Walking Wake\n|-damage|p2a: Walking Wake|25\/100\n|\n|upkeep\n|turn|6\n|\n|t:|1700274320\n|move|p1a: 21 shards|Ice Shard|p2a: Walking Wake\n|-damage|p2a: Walking Wake|2\/100\n|move|p2a: Walking Wake|Dragon Pulse|p1a: 21 shards\n|-damage|p1a: 21 shards|2\/100\n|\n|upkeep\n|turn|7\n|\n|t:|1700274330\n|-end|p2a: Walking Wake|Protosynthesis|[silent]\n|switch|p2a: Hatterene|Hatterene, F|100\/100\n|move|p1a: 21 shards|Ice Shard|p2a: Hatterene\n|-crit|p2a: Hatterene\n|-damage|p2a: Hatterene|72\/100\n|\n|-heal|p2a: Hatterene|78\/100|[from] item: Leftovers\n|upkeep\n|turn|8\n|\n|t:|1700274352\n|move|p1a: 21 shards|Earthquake|p2a: Hatterene\n|-damage|p2a: Hatterene|33\/100\n|move|p2a: Hatterene|Draining Kiss|p1a: 21 shards\n|-crit|p1a: 21 shards\n|-damage|p1a: 21 shards|0 fnt\n|-heal|p2a: Hatterene|34\/100|[from] drain|[of] p1a: 21 shards\n|faint|p1a: 21 shards\n|\n|-heal|p2a: Hatterene|40\/100|[from] item: Leftovers\n|upkeep\n|\n|t:|1700274357\n|switch|p1a: east atlanta santa|Maushold-Four|100\/100\n|-damage|p1a: east atlanta santa|88\/100|[from] Spikes\n|turn|9\n|\n|t:|1700274374\n|switch|p2a: Ceruledge|Ceruledge, F|1\/100\n|move|p1a: east atlanta santa|Population Bomb|p2a: Ceruledge\n|-immune|p2a: Ceruledge\n|\n|upkeep\n|turn|10\n|\n|t:|1700274392\n|switch|p2a: Kingambit|Kingambit, M|100\/100\n|-activate|p2a: Kingambit|ability: Supreme Overlord\n|-start|p2a: Kingambit|fallen1|[silent]\n|move|p1a: east atlanta santa|Tidy Up|p1a: east atlanta santa\n|-sideend|p1: PsiKowboj|Spikes\n|-activate|p1a: east atlanta santa|move: Tidy Up\n|-boost|p1a: east atlanta santa|atk|1\n|-boost|p1a: east atlanta santa|spe|1\n|\n|upkeep\n|turn|11\n|\n|t:|1700274403\n|move|p1a: east atlanta santa|Low Kick|p2a: Kingambit\n|-supereffective|p2a: Kingambit\n|-damage|p2a: Kingambit|0 fnt\n|faint|p2a: Kingambit\n|-end|p2a: Kingambit|fallen1|[silent]\n|\n|upkeep\n|\n|t:|1700274408\n|switch|p2a: Enamorus|Enamorus, F|100\/100\n|turn|12\n|\n|t:|1700274411\n|move|p1a: east atlanta santa|Population Bomb|p2a: Enamorus\n|-damage|p2a: Enamorus|75\/100\n|-damage|p2a: Enamorus|49\/100\n|-damage|p2a: Enamorus|23\/100\n|-damage|p2a: Enamorus|0 fnt\n|faint|p2a: Enamorus\n|-hitcount|p2: Enamorus|4\n|\n|upkeep\n|-message|Riders0 forfeited.\n|\n|win|PsiKowboj\n|raw|PsiKowboj's rating: 1283 &rarr; <strong>1309<\/strong><br \/>(+26 for winning)\n|raw|Riders0's rating: 1294 &rarr; <strong>1268<\/strong><br \/>(-26 for losing)\n|l|\u2606Riders0\n","uploadtime":1700274422,"views":12,"p1id":"psikowboj","p2id":"riders0","formatid":"gen9ou","rating":1268,"private":0,"password":""}