{"id":"gen9ou-1993388326","p1":"RayShimada","p2":"Piala","format":"[Gen 9] OU","log":"|j|\u2606RayShimada\n|j|\u2606Piala\n|t:|1700310687\n|gametype|singles\n|player|p1|RayShimada|266|\n|player|p2|Piala|170|\n|teamsize|p1|6\n|teamsize|p2|6\n|gen|9\n|tier|[Gen 9] OU\n|rule|Sleep Clause Mod: Limit one foe put to sleep\n|rule|Species Clause: Limit one of each Pok\u00e9mon\n|rule|OHKO Clause: OHKO moves are banned\n|rule|Evasion Items Clause: Evasion items are banned\n|rule|Evasion Moves Clause: Evasion moves are banned\n|rule|Endless Battle Clause: Forcing endless battles is banned\n|rule|HP Percentage Mod: HP is shown in percentages\n|clearpoke\n|poke|p1|Articuno|\n|poke|p1|Rotom-Frost|\n|poke|p1|Ninetales-Alola, F|\n|poke|p1|Cetitan, M|\n|poke|p1|Mamoswine, F|\n|poke|p1|Glaceon, F|\n|poke|p2|Ninetales-Alola, M|\n|poke|p2|Frosmoth, F|\n|poke|p2|Articuno|\n|poke|p2|Sneasel, M|\n|poke|p2|Glaceon, M|\n|poke|p2|Frigibax, F|\n|teampreview\n|\n|t:|1700310705\n|start\n|switch|p1a: Cetitan|Cetitan, M|100\/100\n|switch|p2a: Articuno|Articuno|100\/100\n|-ability|p2a: Articuno|Pressure\n|turn|1\n|\n|t:|1700310715\n|move|p2a: Articuno|Freeze-Dry|p1a: Cetitan\n|-resisted|p1a: Cetitan\n|-damage|p1a: Cetitan|96\/100\n|move|p1a: Cetitan|Body Press|p2a: Articuno\n|-damage|p2a: Articuno|87\/100\n|-damage|p1a: Cetitan|80\/100|[from] item: Rocky Helmet|[of] p2a: Articuno\n|\n|upkeep\n|turn|2\n|\n|t:|1700310736\n|switch|p1a: Rotom|Rotom-Frost|100\/100\n|move|p2a: Articuno|Ice Shard|p1a: Rotom\n|-resisted|p1a: Rotom\n|-damage|p1a: Rotom|91\/100\n|\n|upkeep\n|turn|3\n|\n|t:|1700310743\n|move|p2a: Articuno|Freeze-Dry|p1a: Rotom\n|-resisted|p1a: Rotom\n|-damage|p1a: Rotom|79\/100\n|move|p1a: Rotom|Thunder Wave|p2a: Articuno\n|-status|p2a: Articuno|par\n|\n|upkeep\n|turn|4\n|\n|t:|1700310750\n|move|p1a: Rotom|Hex|p2a: Articuno\n|-damage|p2a: Articuno|61\/100 par\n|move|p2a: Articuno|Air Slash|p1a: Rotom\n|-resisted|p1a: Rotom\n|-damage|p1a: Rotom|66\/100\n|\n|upkeep\n|turn|5\n|\n|t:|1700310757\n|move|p1a: Rotom|Discharge|p2a: Articuno\n|-supereffective|p2a: Articuno\n|-damage|p2a: Articuno|7\/100 par\n|move|p2a: Articuno|Roost|p2a: Articuno\n|-heal|p2a: Articuno|57\/100 par\n|-singleturn|p2a: Articuno|move: Roost\n|\n|upkeep\n|turn|6\n|\n|t:|1700310765\n|move|p2a: Articuno|Ice Shard|p1a: Rotom\n|-resisted|p1a: Rotom\n|-damage|p1a: Rotom|57\/100\n|move|p1a: Rotom|Discharge|p2a: Articuno\n|-supereffective|p2a: Articuno\n|-damage|p2a: Articuno|5\/100 par\n|\n|upkeep\n|turn|7\n|\n|t:|1700310779\n|switch|p2a: Frosmoth|Frosmoth, F|100\/100\n|move|p1a: Rotom|Hex|p2a: Frosmoth\n|-damage|p2a: Frosmoth|80\/100\n|\n|-heal|p2a: Frosmoth|86\/100|[from] item: Leftovers\n|upkeep\n|turn|8\n|\n|t:|1700310787\n|move|p1a: Rotom|Thunder Wave|p2a: Frosmoth\n|-status|p2a: Frosmoth|par\n|move|p2a: Frosmoth|Blizzard|p1a: Rotom\n|-resisted|p1a: Rotom\n|-damage|p1a: Rotom|32\/100\n|\n|-heal|p2a: Frosmoth|92\/100 par|[from] item: Leftovers\n|upkeep\n|turn|9\n|\n|t:|1700310806\n|switch|p1a: Articuno|Articuno|100\/100\n|-ability|p1a: Articuno|Pressure\n|move|p2a: Frosmoth|Leech Life|p1a: Articuno\n|-resisted|p1a: Articuno\n|-damage|p1a: Articuno|90\/100\n|-heal|p2a: Frosmoth|98\/100 par|[from] drain|[of] p1a: Articuno\n|\n|-heal|p2a: Frosmoth|100\/100 par|[from] item: Leftovers\n|upkeep\n|turn|10\n|\n|t:|1700310817\n|move|p1a: Articuno|Hurricane|p2a: Frosmoth|[miss]\n|-miss|p1a: Articuno|p2a: Frosmoth\n|move|p2a: Frosmoth|Blizzard|p1a: Articuno\n|-damage|p1a: Articuno|54\/100\n|\n|upkeep\n|turn|11\n|\n|t:|1700310824\n|move|p1a: Articuno|Hurricane|p2a: Frosmoth\n|-supereffective|p2a: Frosmoth\n|-damage|p2a: Frosmoth|18\/100 par\n|move|p2a: Frosmoth|Bug Buzz|p1a: Articuno\n|-resisted|p1a: Articuno\n|-damage|p1a: Articuno|41\/100\n|\n|-heal|p2a: Frosmoth|24\/100 par|[from] item: Leftovers\n|upkeep\n|turn|12\n|\n|t:|1700310835\n|move|p1a: Articuno|Blizzard|p2a: Frosmoth\n|-resisted|p2a: Frosmoth\n|-damage|p2a: Frosmoth|3\/100 par\n|move|p2a: Frosmoth|Quiver Dance|p2a: Frosmoth\n|-boost|p2a: Frosmoth|spa|1\n|-boost|p2a: Frosmoth|spd|1\n|-boost|p2a: Frosmoth|spe|1\n|\n|-heal|p2a: Frosmoth|9\/100 par|[from] item: Leftovers\n|upkeep\n|turn|13\n|\n|t:|1700310846\n|switch|p2a: Sneasel|Sneasel, M|100\/100\n|move|p1a: Articuno|Blizzard|p2a: Sneasel\n|-resisted|p2a: Sneasel\n|-damage|p2a: Sneasel|73\/100\n|\n|upkeep\n|turn|14\n|\n|t:|1700310855\n|switch|p1a: Ninetales|Ninetales-Alola, F|100\/100\n|-weather|Snow|[from] ability: Snow Warning|[of] p1a: Ninetales\n|move|p2a: Sneasel|Dark Pulse|p1a: Ninetales\n|-resisted|p1a: Ninetales\n|-damage|p1a: Ninetales|93\/100\n|\n|-weather|Snow|[upkeep]\n|-heal|p1a: Ninetales|99\/100|[from] item: Leftovers\n|upkeep\n|turn|15\n|\n|t:|1700310872\n|switch|p2a: Glaceon|Glaceon, M|100\/100\n|move|p1a: Ninetales|Dazzling Gleam|p2a: Glaceon\n|-damage|p2a: Glaceon|69\/100\n|\n|-weather|Snow|[upkeep]\n|-heal|p2a: Glaceon|75\/100|[from] ability: Ice Body\n|-heal|p1a: Ninetales|100\/100|[from] item: Leftovers\n|-heal|p2a: Glaceon|81\/100|[from] item: Leftovers\n|upkeep\n|turn|16\n|\n|t:|1700310885\n|switch|p1a: Mamoswine|Mamoswine, F|100\/100\n|move|p2a: Glaceon|Avalanche|p1a: Mamoswine\n|-damage|p1a: Mamoswine|93\/100\n|\n|-weather|Snow|[upkeep]\n|-heal|p2a: Glaceon|87\/100|[from] ability: Ice Body\n|-heal|p2a: Glaceon|93\/100|[from] item: Leftovers\n|upkeep\n|turn|17\n|\n|t:|1700310895\n|move|p1a: Mamoswine|Earthquake|p2a: Glaceon\n|-damage|p2a: Glaceon|58\/100\n|move|p2a: Glaceon|Haze|p2a: Glaceon\n|-clearallboost\n|\n|-weather|Snow|[upkeep]\n|-heal|p2a: Glaceon|64\/100|[from] ability: Ice Body\n|-heal|p2a: Glaceon|70\/100|[from] item: Leftovers\n|upkeep\n|turn|18\n|\n|t:|1700310907\n|move|p1a: Mamoswine|Iron Head|p2a: Glaceon\n|-supereffective|p2a: Glaceon\n|-damage|p2a: Glaceon|33\/100\n|move|p2a: Glaceon|Ice Fang|p1a: Mamoswine\n|-damage|p1a: Mamoswine|87\/100\n|\n|-weather|none\n|-heal|p2a: Glaceon|39\/100|[from] item: Leftovers\n|upkeep\n|turn|19\n|\n|t:|1700310915\n|move|p2a: Glaceon|Ice Shard|p1a: Mamoswine\n|-damage|p1a: Mamoswine|81\/100\n|move|p1a: Mamoswine|Iron Head|p2a: Glaceon\n|-supereffective|p2a: Glaceon\n|-damage|p2a: Glaceon|0 fnt\n|faint|p2a: Glaceon\n|\n|upkeep\n|\n|t:|1700310922\n|switch|p2a: Frigibax|Frigibax, F|100\/100\n|turn|20\n|\n|t:|1700310940\n|switch|p1a: Ninetales|Ninetales-Alola, F|100\/100\n|-weather|Snow|[from] ability: Snow Warning|[of] p1a: Ninetales\n|move|p2a: Frigibax|Dragon Tail|p1a: Ninetales\n|-immune|p1a: Ninetales\n|\n|-weather|Snow|[upkeep]\n|upkeep\n|turn|21\n|\n|t:|1700310949\n|move|p1a: Ninetales|Dazzling Gleam|p2a: Frigibax\n|-supereffective|p2a: Frigibax\n|-damage|p2a: Frigibax|5\/100\n|move|p2a: Frigibax|Dragon Pulse|p1a: Ninetales\n|-immune|p1a: Ninetales\n|\n|-weather|Snow|[upkeep]\n|upkeep\n|turn|22\n|\n|t:|1700310959\n|switch|p2a: Ninetales|Ninetales-Alola, M|100\/100\n|move|p1a: Ninetales|Body Slam|p2a: Ninetales\n|-crit|p2a: Ninetales\n|-damage|p2a: Ninetales|82\/100\n|-status|p2a: Ninetales|par\n|\n|-weather|Snow|[upkeep]\n|upkeep\n|turn|23\n|\n|t:|1700310972\n|switch|p1a: Mamoswine|Mamoswine, F|81\/100\n|cant|p2a: Ninetales|par\n|\n|-weather|Snow|[upkeep]\n|upkeep\n|turn|24\n|\n|t:|1700310981\n|move|p1a: Mamoswine|Iron Head|p2a: Ninetales\n|-supereffective|p2a: Ninetales\n|-damage|p2a: Ninetales|0 fnt\n|faint|p2a: Ninetales\n|\n|-weather|none\n|upkeep\n|\n|t:|1700310988\n|switch|p2a: Articuno|Articuno|5\/100 par\n|-ability|p2a: Articuno|Pressure\n|turn|25\n|\n|t:|1700310999\n|move|p1a: Mamoswine|Iron Head|p2a: Articuno\n|-supereffective|p2a: Articuno\n|-damage|p2a: Articuno|0 fnt\n|-damage|p1a: Mamoswine|64\/100|[from] item: Rocky Helmet|[of] p2a: Articuno\n|faint|p2a: Articuno\n|\n|upkeep\n|\n|t:|1700311010\n|switch|p2a: Frosmoth|Frosmoth, F|9\/100 par\n|turn|26\n|\n|t:|1700311017\n|move|p1a: Mamoswine|Iron Head|p2a: Frosmoth\n|-supereffective|p2a: Frosmoth\n|-damage|p2a: Frosmoth|0 fnt\n|faint|p2a: Frosmoth\n|\n|upkeep\n|\n|t:|1700311021\n|switch|p2a: Sneasel|Sneasel, M|73\/100\n|turn|27\n|\n|t:|1700311025\n|move|p2a: Sneasel|Knock Off|p1a: Mamoswine\n|-damage|p1a: Mamoswine|13\/100\n|-enditem|p1a: Mamoswine|Assault Vest|[from] move: Knock Off|[of] p2a: Sneasel\n|move|p1a: Mamoswine|Earthquake|p2a: Sneasel\n|-damage|p2a: Sneasel|0 fnt\n|faint|p2a: Sneasel\n|\n|upkeep\n|\n|t:|1700311033\n|switch|p2a: Frigibax|Frigibax, F|5\/100\n|turn|28\n|\n|t:|1700311038\n|move|p1a: Mamoswine|Iron Head|p2a: Frigibax\n|-supereffective|p2a: Frigibax\n|-damage|p2a: Frigibax|0 fnt\n|faint|p2a: Frigibax\n|\n|win|RayShimada\n|l|\u2606Piala\n","uploadtime":1700311157,"views":9,"p1id":"rayshimada","p2id":"piala","formatid":"gen9ou","rating":0,"private":0,"password":""}