{"id":"gen9ou-1994182016","p1":"MonkeyBaller69","p2":"pokcey.","format":"[Gen 9] OU","log":"|j|\u2606MonkeyBaller69\n|j|\u2606pokcey.\n|t:|1700416202\n|gametype|singles\n|player|p1|MonkeyBaller69|265|1142\n|player|p2|pokcey.|lady-gen4|1136\n|teamsize|p1|6\n|teamsize|p2|6\n|gen|9\n|tier|[Gen 9] OU\n|rated|\n|rule|Sleep Clause Mod: Limit one foe put to sleep\n|rule|Species Clause: Limit one of each Pok\u00e9mon\n|rule|OHKO Clause: OHKO moves are banned\n|rule|Evasion Items Clause: Evasion items are banned\n|rule|Evasion Moves Clause: Evasion moves are banned\n|rule|Endless Battle Clause: Forcing endless battles is banned\n|rule|HP Percentage Mod: HP is shown in percentages\n|clearpoke\n|poke|p1|Manaphy|\n|poke|p1|Goodra-Hisui, M|\n|poke|p1|Ninetales-Alola, F|\n|poke|p1|Zapdos|\n|poke|p1|Ting-Lu|\n|poke|p1|Basculegion-F, F|\n|poke|p2|Cramorant, F|\n|poke|p2|Typhlosion, M|\n|poke|p2|Maushold-Four|\n|poke|p2|Zarude-Dada|\n|poke|p2|Zamazenta-*|\n|poke|p2|Iron Hands|\n|teampreview\n|inactive|Battle timer is ON: inactive players will automatically lose when time's up. (requested by MonkeyBaller69)\n|\n|t:|1700416219\n|start\n|switch|p1a: Basculegion|Basculegion-F, F|100\/100\n|switch|p2a: Zamazenta|Zamazenta|100\/100\n|-ability|p2a: Zamazenta|Dauntless Shield|boost\n|-boost|p2a: Zamazenta|def|1\n|turn|1\n|\n|t:|1700416226\n|switch|p2a: Zarude|Zarude-Dada|100\/100\n|move|p1a: Basculegion|Surf|p2a: Zarude\n|-resisted|p2a: Zarude\n|-damage|p2a: Zarude|78\/100\n|\n|upkeep\n|turn|2\n|\n|t:|1700416233\n|switch|p1a: Goodra|Goodra-Hisui, M|100\/100\n|move|p2a: Zarude|Knock Off|p1a: Goodra\n|-damage|p1a: Goodra|59\/100\n|-enditem|p1a: Goodra|Leftovers|[from] move: Knock Off|[of] p2a: Zarude\n|\n|upkeep\n|turn|3\n|\n|t:|1700416249\n|move|p2a: Zarude|Fling|p1a: Goodra\n|-damage|p1a: Goodra|11\/100\n|-enditem|p2a: Zarude|Big Nugget|[from] move: Fling\n|move|p1a: Goodra|Acid Armor|p1a: Goodra\n|-boost|p1a: Goodra|def|2\n|\n|upkeep\n|turn|4\n|\n|t:|1700416263\n|move|p2a: Zarude|Stomping Tantrum|p1a: Goodra\n|-supereffective|p1a: Goodra\n|-damage|p1a: Goodra|0 fnt\n|faint|p1a: Goodra\n|\n|upkeep\n|\n|t:|1700416268\n|switch|p1a: Zapdos|Zapdos|100\/100\n|turn|5\n|\n|t:|1700416271\n|move|p1a: Zapdos|Hurricane|p2a: Zarude\n|-supereffective|p2a: Zarude\n|-damage|p2a: Zarude|0 fnt\n|faint|p2a: Zarude\n|\n|upkeep\n|\n|t:|1700416283\n|switch|p2a: Iron Hands|Iron Hands|100\/100\n|turn|6\n|\n|t:|1700416295\n|move|p1a: Zapdos|U-turn|p2a: Iron Hands\n|-resisted|p2a: Iron Hands\n|-damage|p2a: Iron Hands|96\/100\n|\n|t:|1700416302\n|switch|p1a: Ting-Lu|Ting-Lu|100\/100|[from] U-turn\n|-ability|p1a: Ting-Lu|Vessel of Ruin\n|move|p2a: Iron Hands|Thunder Punch|p1a: Ting-Lu\n|-immune|p1a: Ting-Lu\n|\n|upkeep\n|turn|7\n|\n|t:|1700416306\n|move|p2a: Iron Hands|Drain Punch|p1a: Ting-Lu\n|-supereffective|p1a: Ting-Lu\n|-damage|p1a: Ting-Lu|68\/100\n|-heal|p2a: Iron Hands|100\/100|[from] drain|[of] p1a: Ting-Lu\n|move|p1a: Ting-Lu|Stealth Rock|p2a: Iron Hands\n|-sidestart|p2: pokcey.|move: Stealth Rock\n|\n|-heal|p1a: Ting-Lu|74\/100|[from] item: Leftovers\n|upkeep\n|turn|8\n|\n|t:|1700416319\n|-end|p2a: Iron Hands|Quark Drive|[silent]\n|switch|p2a: Cramorant|Cramorant, F|100\/100\n|-damage|p2a: Cramorant|76\/100|[from] Stealth Rock\n|move|p1a: Ting-Lu|Ruination|p2a: Cramorant\n|-damage|p2a: Cramorant|38\/100\n|\n|-heal|p1a: Ting-Lu|80\/100|[from] item: Leftovers\n|upkeep\n|turn|9\n|\n|t:|1700416326\n|move|p2a: Cramorant|Surf|p1a: Ting-Lu\n|-formechange|p2a: Cramorant|Cramorant-Gorging|\n|-supereffective|p1a: Ting-Lu\n|-damage|p1a: Ting-Lu|48\/100\n|move|p1a: Ting-Lu|Whirlwind|p2a: Cramorant\n|drag|p2a: Maushold|Maushold-Four|100\/100\n|-damage|p2a: Maushold|88\/100|[from] Stealth Rock\n|\n|-heal|p1a: Ting-Lu|54\/100|[from] item: Leftovers\n|upkeep\n|turn|10\n|\n|t:|1700416335\n|move|p2a: Maushold|Tidy Up|p2a: Maushold\n|-sideend|p2: pokcey.|Stealth Rock\n|-activate|p2a: Maushold|move: Tidy Up\n|-boost|p2a: Maushold|atk|1\n|-boost|p2a: Maushold|spe|1\n|move|p1a: Ting-Lu|Whirlwind|p2a: Maushold\n|drag|p2a: Cramorant|Cramorant, F|38\/100\n|\n|-heal|p1a: Ting-Lu|60\/100|[from] item: Leftovers\n|upkeep\n|turn|11\n|\n|t:|1700416346\n|move|p2a: Cramorant|Surf|p1a: Ting-Lu\n|-formechange|p2a: Cramorant|Cramorant-Gorging|\n|-supereffective|p1a: Ting-Lu\n|-damage|p1a: Ting-Lu|29\/100\n|move|p1a: Ting-Lu|Stealth Rock|p2a: Cramorant\n|-sidestart|p2: pokcey.|move: Stealth Rock\n|\n|-heal|p1a: Ting-Lu|36\/100|[from] item: Leftovers\n|upkeep\n|turn|12\n|\n|t:|1700416355\n|move|p2a: Cramorant|Surf|p1a: Ting-Lu\n|-supereffective|p1a: Ting-Lu\n|-damage|p1a: Ting-Lu|5\/100\n|move|p1a: Ting-Lu|Whirlwind|p2a: Cramorant\n|drag|p2a: Iron Hands|Iron Hands|100\/100\n|-damage|p2a: Iron Hands|94\/100|[from] Stealth Rock\n|\n|-heal|p1a: Ting-Lu|11\/100|[from] item: Leftovers\n|upkeep\n|turn|13\n|\n|t:|1700416361\n|move|p2a: Iron Hands|Drain Punch|p1a: Ting-Lu\n|-supereffective|p1a: Ting-Lu\n|-damage|p1a: Ting-Lu|0 fnt\n|-heal|p2a: Iron Hands|99\/100|[from] drain|[of] p1a: Ting-Lu\n|faint|p1a: Ting-Lu\n|\n|upkeep\n|\n|t:|1700416366\n|switch|p1a: Ninetales|Ninetales-Alola, F|100\/100\n|-weather|Snow|[from] ability: Snow Warning|[of] p1a: Ninetales\n|turn|14\n|\n|t:|1700416388\n|-end|p2a: Iron Hands|Quark Drive|[silent]\n|switch|p2a: Typhlosion|Typhlosion, M|100\/100\n|-damage|p2a: Typhlosion|76\/100|[from] Stealth Rock\n|move|p1a: Ninetales|Aurora Veil|p1a: Ninetales\n|-sidestart|p1: MonkeyBaller69|move: Aurora Veil\n|\n|-weather|Snow|[upkeep]\n|upkeep\n|turn|15\n|\n|t:|1700416409\n|move|p2a: Typhlosion|Eruption|p1a: Ninetales\n|-supereffective|p1a: Ninetales\n|-damage|p1a: Ninetales|44\/100\n|move|p1a: Ninetales|Moonblast|p2a: Typhlosion\n|-resisted|p2a: Typhlosion\n|-damage|p2a: Typhlosion|53\/100\n|\n|-weather|Snow|[upkeep]\n|upkeep\n|turn|16\n|\n|t:|1700416414\n|move|p2a: Typhlosion|Eruption|p1a: Ninetales\n|-supereffective|p1a: Ninetales\n|-damage|p1a: Ninetales|1\/100\n|move|p1a: Ninetales|Moonblast|p2a: Typhlosion\n|-resisted|p2a: Typhlosion\n|-damage|p2a: Typhlosion|31\/100\n|\n|-weather|Snow|[upkeep]\n|upkeep\n|turn|17\n|\n|t:|1700416419\n|move|p2a: Typhlosion|Eruption|p1a: Ninetales\n|-supereffective|p1a: Ninetales\n|-damage|p1a: Ninetales|0 fnt\n|faint|p1a: Ninetales\n|\n|-weather|Snow|[upkeep]\n|upkeep\n|\n|t:|1700416422\n|switch|p1a: Manaphy|Manaphy|100\/100\n|turn|18\n|\n|t:|1700416430\n|switch|p2a: Maushold|Maushold-Four|88\/100\n|-damage|p2a: Maushold|76\/100|[from] Stealth Rock\n|move|p1a: Manaphy|Tail Glow|p1a: Manaphy\n|-boost|p1a: Manaphy|spa|3\n|\n|-weather|none\n|upkeep\n|turn|19\n|\n|t:|1700416439\n|move|p2a: Maushold|Encore|p1a: Manaphy\n|-start|p1a: Manaphy|Encore\n|move|p1a: Manaphy|Tail Glow|p1a: Manaphy\n|-boost|p1a: Manaphy|spa|3\n|\n|upkeep\n|turn|20\n|\n|t:|1700416442\n|move|p2a: Maushold|Tidy Up|p2a: Maushold\n|-sideend|p2: pokcey.|Stealth Rock\n|-activate|p2a: Maushold|move: Tidy Up\n|-boost|p2a: Maushold|atk|1\n|-boost|p2a: Maushold|spe|1\n|move|p1a: Manaphy|Tail Glow|p1a: Manaphy\n|-boost|p1a: Manaphy|spa|0\n|\n|upkeep\n|turn|21\n|\n|t:|1700416445\n|move|p2a: Maushold|Tidy Up|p2a: Maushold\n|-boost|p2a: Maushold|atk|1\n|-boost|p2a: Maushold|spe|1\n|move|p1a: Manaphy|Tail Glow|p1a: Manaphy\n|-boost|p1a: Manaphy|spa|0\n|\n|-end|p1a: Manaphy|Encore\n|-sideend|p1: MonkeyBaller69|move: Aurora Veil\n|upkeep\n|turn|22\n|\n|t:|1700416448\n|move|p2a: Maushold|Encore|p1a: Manaphy\n|-start|p1a: Manaphy|Encore\n|move|p1a: Manaphy|Tail Glow|p1a: Manaphy\n|-boost|p1a: Manaphy|spa|0\n|\n|upkeep\n|turn|23\n|-message|MonkeyBaller69 forfeited.\n|\n|win|pokcey.\n|raw|MonkeyBaller69's rating: 1142 &rarr; <strong>1117<\/strong><br \/>(-25 for losing)\n|raw|pokcey.'s rating: 1136 &rarr; <strong>1161<\/strong><br \/>(+25 for winning)\n|l|\u2606MonkeyBaller69\n","uploadtime":1700416463,"views":7,"p1id":"monkeyballer69","p2id":"pokcey","formatid":"gen9ou","rating":1117,"private":0,"password":""}