{"id":"gen9ou-1997963296","p1":"candytree","p2":"wooloo supremacy","format":"[Gen 9] OU","log":"|j|\u2606candytree\n|j|\u2606wooloo supremacy\n|t:|1700872779\n|gametype|singles\n|player|p1|candytree|lady|\n|player|p2|wooloo supremacy|adaman|\n|teamsize|p1|6\n|teamsize|p2|6\n|gen|9\n|tier|[Gen 9] OU\n|rule|Sleep Clause Mod: Limit one foe put to sleep\n|rule|Species Clause: Limit one of each Pok\u00e9mon\n|rule|OHKO Clause: OHKO moves are banned\n|rule|Evasion Items Clause: Evasion items are banned\n|rule|Evasion Moves Clause: Evasion moves are banned\n|rule|Endless Battle Clause: Forcing endless battles is banned\n|rule|HP Percentage Mod: HP is shown in percentages\n|clearpoke\n|poke|p1|Kingambit, F|\n|poke|p1|Glimmora, M|\n|poke|p1|Zamazenta-*|\n|poke|p1|Iron Valiant|\n|poke|p1|Iron Moth|\n|poke|p1|Ogerpon-Wellspring, F|\n|poke|p2|Muk-Alola, M|\n|poke|p2|Rillaboom, F|\n|poke|p2|Dragapult, F|\n|poke|p2|Kingambit, M|\n|poke|p2|Great Tusk|\n|poke|p2|Landorus-Therian, M|\n|teampreview\n|inactive|Battle timer is ON: inactive players will automatically lose when time's up. (requested by candytree)\n|inactive|wooloo supremacy also wants the timer to be on.\n|c|\u2606wooloo supremacy|hf\n|\n|t:|1700872797\n|start\n|switch|p1a: Glimmora|Glimmora, M|100\/100\n|switch|p2a: Dragapult|Dragapult, F|100\/100\n|turn|1\n|c|\u2606candytree|U2\n|\n|t:|1700872804\n|move|p2a: Dragapult|Shadow Ball|p1a: Glimmora\n|-damage|p1a: Glimmora|24\/100\n|-unboost|p1a: Glimmora|spd|1\n|move|p1a: Glimmora|Stealth Rock|p2a: Dragapult\n|-sidestart|p2: wooloo supremacy|move: Stealth Rock\n|\n|upkeep\n|turn|2\n|\n|t:|1700872810\n|move|p2a: Dragapult|Shadow Ball|p1a: Glimmora\n|-damage|p1a: Glimmora|0 fnt\n|faint|p1a: Glimmora\n|\n|upkeep\n|\n|t:|1700872826\n|switch|p1a: Kingambit|Kingambit, F|100\/100\n|-activate|p1a: Kingambit|ability: Supreme Overlord\n|-start|p1a: Kingambit|fallen1|[silent]\n|turn|3\n|\n|t:|1700872834\n|switch|p2a: Landorus|Landorus-Therian, M|100\/100\n|-damage|p2a: Landorus|88\/100|[from] Stealth Rock\n|-ability|p2a: Landorus|Intimidate|boost\n|-unboost|p1a: Kingambit|atk|1\n|-end|p1a: Kingambit|fallen1|[silent]\n|switch|p1a: Iron Valiant|Iron Valiant|100\/100\n|-enditem|p1a: Iron Valiant|Booster Energy\n|-activate|p1a: Iron Valiant|ability: Quark Drive|[fromitem]\n|-start|p1a: Iron Valiant|quarkdrivespe\n|\n|upkeep\n|turn|4\n|\n|t:|1700872840\n|switch|p2a: Muk|Muk-Alola, M|100\/100\n|-damage|p2a: Muk|88\/100|[from] Stealth Rock\n|move|p1a: Iron Valiant|Hypnosis|p2a: Muk|[miss]\n|-miss|p1a: Iron Valiant|p2a: Muk\n|\n|-heal|p2a: Muk|94\/100|[from] item: Black Sludge\n|upkeep\n|turn|5\n|inactive|wooloo supremacy has 270 seconds left.\n|\n|t:|1700872879\n|move|p1a: Iron Valiant|Moonblast|p2a: Muk\n|-damage|p2a: Muk|66\/100\n|move|p2a: Muk|Poison Jab|p1a: Iron Valiant\n|-supereffective|p1a: Iron Valiant\n|-damage|p1a: Iron Valiant|30\/100\n|\n|-heal|p2a: Muk|72\/100|[from] item: Black Sludge\n|upkeep\n|turn|6\n|\n|t:|1700872885\n|move|p1a: Iron Valiant|Moonblast|p2a: Muk\n|-damage|p2a: Muk|46\/100\n|-unboost|p2a: Muk|spa|1\n|move|p2a: Muk|Poison Jab|p1a: Iron Valiant\n|-supereffective|p1a: Iron Valiant\n|-damage|p1a: Iron Valiant|0 fnt\n|faint|p1a: Iron Valiant\n|-end|p1a: Iron Valiant|Quark Drive|[silent]\n|\n|-heal|p2a: Muk|52\/100|[from] item: Black Sludge\n|upkeep\n|\n|t:|1700872890\n|switch|p1a: Iron Moth|Iron Moth|100\/100\n|-enditem|p1a: Iron Moth|Booster Energy\n|-activate|p1a: Iron Moth|ability: Quark Drive|[fromitem]\n|-start|p1a: Iron Moth|quarkdrivespe\n|turn|7\n|\n|t:|1700872895\n|move|p2a: Muk|Protect|p2a: Muk\n|-singleturn|p2a: Muk|Protect\n|move|p1a: Iron Moth|Substitute|p1a: Iron Moth\n|-start|p1a: Iron Moth|Substitute\n|-damage|p1a: Iron Moth|76\/100\n|\n|-heal|p2a: Muk|58\/100|[from] item: Black Sludge\n|upkeep\n|turn|8\n|\n|t:|1700872902\n|move|p1a: Iron Moth|Fiery Dance|p2a: Muk\n|-damage|p2a: Muk|36\/100\n|move|p2a: Muk|Knock Off|p1a: Iron Moth\n|-end|p1a: Iron Moth|Substitute\n|\n|-heal|p2a: Muk|42\/100|[from] item: Black Sludge\n|upkeep\n|turn|9\n|\n|t:|1700872910\n|move|p1a: Iron Moth|Substitute|p1a: Iron Moth\n|-start|p1a: Iron Moth|Substitute\n|-damage|p1a: Iron Moth|51\/100\n|move|p2a: Muk|Knock Off|p1a: Iron Moth\n|-end|p1a: Iron Moth|Substitute\n|\n|-heal|p2a: Muk|48\/100|[from] item: Black Sludge\n|upkeep\n|turn|10\n|\n|t:|1700872915\n|move|p1a: Iron Moth|Fiery Dance|p2a: Muk\n|-damage|p2a: Muk|23\/100\n|-boost|p1a: Iron Moth|spa|1\n|move|p2a: Muk|Knock Off|p1a: Iron Moth\n|-damage|p1a: Iron Moth|18\/100\n|\n|-heal|p2a: Muk|29\/100|[from] item: Black Sludge\n|upkeep\n|turn|11\n|\n|t:|1700872922\n|move|p1a: Iron Moth|Fiery Dance|p2a: Muk\n|-damage|p2a: Muk|0 fnt\n|faint|p2a: Muk\n|\n|upkeep\n|\n|t:|1700872927\n|switch|p2a: Great Tusk|Great Tusk|100\/100\n|-damage|p2a: Great Tusk|98\/100|[from] Stealth Rock\n|turn|12\n|\n|t:|1700872933\n|move|p1a: Iron Moth|Dazzling Gleam|p2a: Great Tusk\n|-supereffective|p2a: Great Tusk\n|-damage|p2a: Great Tusk|16\/100\n|move|p2a: Great Tusk|Rapid Spin|p1a: Iron Moth\n|-damage|p1a: Iron Moth|0 fnt\n|-boost|p2a: Great Tusk|spe|1\n|-sideend|p2: wooloo supremacy|Stealth Rock|[from] move: Rapid Spin|[of] p2a: Great Tusk\n|faint|p1a: Iron Moth\n|-end|p1a: Iron Moth|Quark Drive|[silent]\n|\n|upkeep\n|\n|t:|1700872944\n|switch|p1a: Zamazenta|Zamazenta, shiny|100\/100\n|-ability|p1a: Zamazenta|Dauntless Shield|boost\n|-boost|p1a: Zamazenta|def|1\n|turn|13\n|\n|t:|1700872949\n|-end|p2a: Great Tusk|Protosynthesis|[silent]\n|switch|p2a: Landorus|Landorus-Therian, M|88\/100\n|-ability|p2a: Landorus|Intimidate|boost\n|-unboost|p1a: Zamazenta|atk|1\n|move|p1a: Zamazenta|Iron Defense|p1a: Zamazenta\n|-boost|p1a: Zamazenta|def|2\n|\n|upkeep\n|turn|14\n|\n|t:|1700872953\n|switch|p1a: Ogerpon|Ogerpon-Wellspring, F|100\/100\n|move|p2a: Landorus|Earth Power|p1a: Ogerpon\n|-resisted|p1a: Ogerpon\n|-damage|p1a: Ogerpon|83\/100\n|\n|upkeep\n|turn|15\n|\n|t:|1700872961\n|switch|p2a: Rillaboom|Rillaboom, F|100\/100\n|-fieldstart|move: Grassy Terrain|[from] ability: Grassy Surge|[of] p2a: Rillaboom\n|move|p1a: Ogerpon|Swords Dance|p1a: Ogerpon\n|-boost|p1a: Ogerpon|atk|2\n|\n|-heal|p1a: Ogerpon|89\/100|[from] Grassy Terrain\n|upkeep\n|turn|16\n|\n|t:|1700872967\n|switch|p1a: Zamazenta|Zamazenta, shiny|100\/100\n|move|p2a: Rillaboom|U-turn|p1a: Zamazenta\n|-resisted|p1a: Zamazenta\n|-damage|p1a: Zamazenta|85\/100\n|\n|t:|1700872971\n|switch|p2a: Dragapult|Dragapult, F|100\/100|[from] U-turn\n|\n|-heal|p1a: Zamazenta|92\/100|[from] Grassy Terrain\n|-heal|p1a: Zamazenta|98\/100|[from] item: Leftovers\n|upkeep\n|turn|17\n|\n|t:|1700872975\n|move|p2a: Dragapult|U-turn|p1a: Zamazenta\n|-resisted|p1a: Zamazenta\n|-damage|p1a: Zamazenta|90\/100\n|\n|t:|1700872977\n|switch|p2a: Landorus|Landorus-Therian, M|88\/100|[from] U-turn\n|-ability|p2a: Landorus|Intimidate|boost\n|-unboost|p1a: Zamazenta|atk|1\n|move|p1a: Zamazenta|Crunch|p2a: Landorus\n|-damage|p2a: Landorus|76\/100\n|-damage|p1a: Zamazenta|74\/100|[from] item: Rocky Helmet|[of] p2a: Landorus\n|\n|-heal|p1a: Zamazenta|80\/100|[from] Grassy Terrain\n|-heal|p1a: Zamazenta|86\/100|[from] item: Leftovers\n|upkeep\n|turn|18\n|\n|t:|1700872983\n|switch|p1a: Ogerpon|Ogerpon-Wellspring, F|89\/100\n|move|p2a: Landorus|U-turn|p1a: Ogerpon\n|-supereffective|p1a: Ogerpon\n|-damage|p1a: Ogerpon|35\/100\n|\n|t:|1700872985\n|switch|p2a: Dragapult|Dragapult, F|100\/100|[from] U-turn\n|\n|-heal|p1a: Ogerpon|41\/100|[from] Grassy Terrain\n|upkeep\n|turn|19\n|\n|t:|1700872990\n|switch|p1a: Kingambit|Kingambit, F|100\/100\n|-activate|p1a: Kingambit|ability: Supreme Overlord\n|-start|p1a: Kingambit|fallen3|[silent]\n|move|p2a: Dragapult|Shadow Ball|p1a: Kingambit\n|-resisted|p1a: Kingambit\n|-damage|p1a: Kingambit|72\/100\n|\n|-heal|p1a: Kingambit|79\/100|[from] Grassy Terrain\n|-fieldend|move: Grassy Terrain\n|upkeep\n|turn|20\n|\n|t:|1700872996\n|switch|p2a: Landorus|Landorus-Therian, M|76\/100\n|-ability|p2a: Landorus|Intimidate|boost\n|-unboost|p1a: Kingambit|atk|1\n|move|p1a: Kingambit|Kowtow Cleave|p2a: Landorus\n|-damage|p2a: Landorus|41\/100\n|-damage|p1a: Kingambit|62\/100|[from] item: Rocky Helmet|[of] p2a: Landorus\n|\n|upkeep\n|turn|21\n|\n|t:|1700873004\n|move|p2a: Landorus|Earth Power|p1a: Kingambit\n|-supereffective|p1a: Kingambit\n|-damage|p1a: Kingambit|0 fnt\n|faint|p1a: Kingambit\n|-end|p1a: Kingambit|fallen3|[silent]\n|\n|upkeep\n|\n|t:|1700873007\n|switch|p1a: Ogerpon|Ogerpon-Wellspring, F|41\/100\n|turn|22\n|\n|t:|1700873011\n|switch|p2a: Great Tusk|Great Tusk|16\/100\n|move|p1a: Ogerpon|Ivy Cudgel|p2a: Great Tusk|[anim] Ivy Cudgel Water\n|-supereffective|p2a: Great Tusk\n|-damage|p2a: Great Tusk|0 fnt\n|faint|p2a: Great Tusk\n|-end|p2a: Great Tusk|Protosynthesis|[silent]\n|\n|upkeep\n|\n|t:|1700873014\n|switch|p2a: Dragapult|Dragapult, F|100\/100\n|turn|23\n|\n|t:|1700873022\n|move|p2a: Dragapult|U-turn|p1a: Ogerpon\n|-supereffective|p1a: Ogerpon\n|-damage|p1a: Ogerpon|0 fnt\n|faint|p1a: Ogerpon\n|\n|t:|1700873027\n|switch|p2a: Landorus|Landorus-Therian, M|41\/100|[from] U-turn\n|\n|upkeep\n|\n|t:|1700873029\n|switch|p1a: Zamazenta|Zamazenta, shiny|86\/100\n|turn|24\n|\n|t:|1700873031\n|move|p1a: Zamazenta|Iron Defense|p1a: Zamazenta\n|-boost|p1a: Zamazenta|def|2\n|move|p2a: Landorus|Earth Power|p1a: Zamazenta\n|-damage|p1a: Zamazenta|55\/100\n|\n|-heal|p1a: Zamazenta|61\/100|[from] item: Leftovers\n|upkeep\n|turn|25\n|\n|t:|1700873040\n|move|p1a: Zamazenta|Stone Edge|p2a: Landorus\n|-damage|p2a: Landorus|19\/100\n|move|p2a: Landorus|Earth Power|p1a: Zamazenta\n|-damage|p1a: Zamazenta|34\/100\n|-unboost|p1a: Zamazenta|spd|1\n|\n|-heal|p1a: Zamazenta|40\/100|[from] item: Leftovers\n|upkeep\n|turn|26\n|c|\u2606wooloo supremacy|gg\n|\n|t:|1700873046\n|move|p1a: Zamazenta|Stone Edge|p2a: Landorus\n|-damage|p2a: Landorus|0 fnt\n|faint|p2a: Landorus\n|\n|-heal|p1a: Zamazenta|46\/100|[from] item: Leftovers\n|upkeep\n|\n|t:|1700873050\n|switch|p2a: Dragapult|Dragapult, F|100\/100\n|turn|27\n|\n|t:|1700873053\n|-terastallize|p2a: Dragapult|Ghost\n|move|p2a: Dragapult|Shadow Ball|p1a: Zamazenta\n|-damage|p1a: Zamazenta|0 fnt\n|faint|p1a: Zamazenta\n|\n|win|wooloo supremacy\n","uploadtime":1700873060,"views":2,"p1id":"candytree","p2id":"wooloosupremacy","formatid":"gen9ou","rating":0,"private":0,"password":""}