{"id":"gen9ou-1990147821","p1":"ratatta17","p2":"boltaway","format":"[Gen 9] OU","log":"|j|\u2606ratatta17\n|j|\u2606boltaway\n|t:|1699929786\n|gametype|singles\n|player|p1|ratatta17|169|1396\n|player|p2|boltaway|nemona-s|1520\n|teamsize|p1|6\n|teamsize|p2|6\n|gen|9\n|tier|[Gen 9] OU\n|rated|\n|rule|Sleep Clause Mod: Limit one foe put to sleep\n|rule|Species Clause: Limit one of each Pok\u00e9mon\n|rule|OHKO Clause: OHKO moves are banned\n|rule|Evasion Items Clause: Evasion items are banned\n|rule|Evasion Moves Clause: Evasion moves are banned\n|rule|Endless Battle Clause: Forcing endless battles is banned\n|rule|HP Percentage Mod: HP is shown in percentages\n|clearpoke\n|poke|p1|Azumarill, F|\n|poke|p1|Staraptor, M|\n|poke|p1|Toedscruel, F|\n|poke|p1|Skeledirge, M|\n|poke|p1|Ninetales-Alola, F|\n|poke|p1|Iron Valiant|\n|poke|p2|Manaphy|\n|poke|p2|Heatran, M|\n|poke|p2|Ogerpon, F|\n|poke|p2|Garchomp, M|\n|poke|p2|Gholdengo|\n|poke|p2|Landorus-Therian, M|\n|teampreview\n|inactive|Battle timer is ON: inactive players will automatically lose when time's up. (requested by boltaway)\n|\n|t:|1699929797\n|start\n|switch|p1a: Staraptor|Staraptor, M|100\/100\n|switch|p2a: Garchomp|Garchomp, M|100\/100\n|-ability|p1a: Staraptor|Intimidate|boost\n|-unboost|p2a: Garchomp|atk|1\n|turn|1\n|\n|t:|1699929802\n|move|p1a: Staraptor|Final Gambit|p2a: Garchomp\n|-damage|p2a: Garchomp|0 fnt\n|faint|p1a: Staraptor\n|faint|p2a: Garchomp\n|\n|upkeep\n|\n|t:|1699929811\n|switch|p2a: Gholdengo|Gholdengo|100\/100\n|switch|p1a: Toedscruel|Toedscruel, F|100\/100\n|-item|p2a: Gholdengo|Air Balloon\n|turn|2\n|\n|t:|1699929816\n|switch|p2a: Ogerpon|Ogerpon, F|100\/100\n|move|p1a: Toedscruel|Spore|p2a: Ogerpon\n|-immune|p2a: Ogerpon\n|\n|upkeep\n|turn|3\n|\n|t:|1699929819\n|switch|p1a: Ninetales|Ninetales-Alola, F|100\/100\n|-weather|Snow|[from] ability: Snow Warning|[of] p1a: Ninetales\n|move|p2a: Ogerpon|Knock Off|p1a: Ninetales\n|-resisted|p1a: Ninetales\n|-damage|p1a: Ninetales|87\/100\n|-enditem|p1a: Ninetales|Light Clay|[from] move: Knock Off|[of] p2a: Ogerpon\n|\n|-weather|Snow|[upkeep]\n|upkeep\n|turn|4\n|\n|t:|1699929823\n|switch|p2a: Heatran|Heatran, M|100\/100\n|move|p1a: Ninetales|Aurora Veil|p1a: Ninetales\n|-sidestart|p1: ratatta17|move: Aurora Veil\n|\n|-weather|Snow|[upkeep]\n|upkeep\n|turn|5\n|\n|t:|1699929830\n|switch|p1a: Skeledirge|Skeledirge, M|100\/100\n|move|p2a: Heatran|Will-O-Wisp|p1a: Skeledirge\n|-immune|p1a: Skeledirge\n|\n|-weather|Snow|[upkeep]\n|upkeep\n|turn|6\n|\n|t:|1699929835\n|move|p2a: Heatran|Taunt|p1a: Skeledirge\n|-start|p1a: Skeledirge|move: Taunt\n|move|p1a: Skeledirge|Hex|p2a: Heatran\n|-damage|p2a: Heatran|86\/100\n|\n|-weather|Snow|[upkeep]\n|-heal|p2a: Heatran|92\/100|[from] item: Leftovers\n|upkeep\n|turn|7\n|\n|t:|1699929838\n|switch|p1a: Toedscruel|Toedscruel, F|100\/100\n|move|p2a: Heatran|Earth Power|p1a: Toedscruel\n|-resisted|p1a: Toedscruel\n|-damage|p1a: Toedscruel|96\/100\n|\n|-weather|none\n|-heal|p1a: Toedscruel|100\/100|[from] item: Leftovers\n|-heal|p2a: Heatran|98\/100|[from] item: Leftovers\n|upkeep\n|turn|8\n|\n|t:|1699929842\n|switch|p2a: Ogerpon|Ogerpon, F|100\/100\n|move|p1a: Toedscruel|Knock Off|p2a: Ogerpon\n|-crit|p2a: Ogerpon\n|-damage|p2a: Ogerpon|67\/100\n|-enditem|p2a: Ogerpon|Heavy-Duty Boots|[from] move: Knock Off|[of] p1a: Toedscruel\n|\n|-sideend|p1: ratatta17|move: Aurora Veil\n|upkeep\n|turn|9\n|\n|t:|1699929848\n|switch|p1a: Ninetales|Ninetales-Alola, F|87\/100\n|-weather|Snow|[from] ability: Snow Warning|[of] p1a: Ninetales\n|move|p2a: Ogerpon|Spikes|p1a: Ninetales\n|-sidestart|p1: ratatta17|Spikes\n|\n|-weather|Snow|[upkeep]\n|upkeep\n|turn|10\n|\n|t:|1699929853\n|switch|p2a: Heatran|Heatran, M|98\/100\n|move|p1a: Ninetales|Encore||[still]\n|-fail|p1a: Ninetales\n|\n|-weather|Snow|[upkeep]\n|-heal|p2a: Heatran|100\/100|[from] item: Leftovers\n|upkeep\n|turn|11\n|\n|t:|1699929857\n|move|p1a: Ninetales|Aurora Veil|p1a: Ninetales\n|-sidestart|p1: ratatta17|move: Aurora Veil\n|move|p2a: Heatran|Earth Power|p1a: Ninetales\n|-damage|p1a: Ninetales|77\/100\n|\n|-weather|Snow|[upkeep]\n|upkeep\n|turn|12\n|\n|t:|1699929861\n|switch|p1a: Toedscruel|Toedscruel, F|100\/100\n|-damage|p1a: Toedscruel|88\/100|[from] Spikes\n|move|p2a: Heatran|Taunt|p1a: Toedscruel\n|-start|p1a: Toedscruel|move: Taunt\n|\n|-weather|Snow|[upkeep]\n|-heal|p1a: Toedscruel|94\/100|[from] item: Leftovers\n|upkeep\n|turn|13\n|\n|t:|1699929867\n|switch|p2a: Gholdengo|Gholdengo|100\/100\n|-item|p2a: Gholdengo|Air Balloon\n|move|p1a: Toedscruel|Knock Off|p2a: Gholdengo\n|-supereffective|p2a: Gholdengo\n|-damage|p2a: Gholdengo|63\/100\n|-enditem|p2a: Gholdengo|Air Balloon\n|\n|-weather|none\n|-heal|p1a: Toedscruel|99\/100|[from] item: Leftovers\n|upkeep\n|turn|14\n|\n|t:|1699929876\n|switch|p2a: Ogerpon|Ogerpon, F|67\/100\n|move|p1a: Toedscruel|Knock Off|p2a: Ogerpon\n|-damage|p2a: Ogerpon|53\/100\n|\n|-heal|p1a: Toedscruel|100\/100|[from] item: Leftovers\n|-end|p1a: Toedscruel|move: Taunt\n|upkeep\n|turn|15\n|\n|t:|1699929880\n|move|p2a: Ogerpon|Knock Off|p1a: Toedscruel\n|-damage|p1a: Toedscruel|88\/100\n|-enditem|p1a: Toedscruel|Leftovers|[from] move: Knock Off|[of] p2a: Ogerpon\n|move|p1a: Toedscruel|Rapid Spin|p2a: Ogerpon\n|-damage|p2a: Ogerpon|42\/100\n|-boost|p1a: Toedscruel|spe|1\n|-sideend|p1: ratatta17|Spikes|[from] move: Rapid Spin|[of] p1a: Toedscruel\n|\n|-sideend|p1: ratatta17|move: Aurora Veil\n|upkeep\n|turn|16\n|\n|t:|1699929884\n|move|p1a: Toedscruel|Knock Off|p2a: Ogerpon\n|-damage|p2a: Ogerpon|27\/100\n|move|p2a: Ogerpon|Spikes|p1a: Toedscruel\n|-sidestart|p1: ratatta17|Spikes\n|\n|upkeep\n|turn|17\n|\n|t:|1699929888\n|move|p1a: Toedscruel|Rapid Spin|p2a: Ogerpon\n|-damage|p2a: Ogerpon|15\/100\n|-boost|p1a: Toedscruel|spe|1\n|-sideend|p1: ratatta17|Spikes|[from] move: Rapid Spin|[of] p1a: Toedscruel\n|move|p2a: Ogerpon|Swords Dance|p2a: Ogerpon\n|-boost|p2a: Ogerpon|atk|2\n|\n|upkeep\n|turn|18\n|\n|t:|1699929894\n|move|p1a: Toedscruel|Knock Off|p2a: Ogerpon\n|-damage|p2a: Ogerpon|0 fnt\n|faint|p2a: Ogerpon\n|\n|upkeep\n|\n|t:|1699929900\n|switch|p2a: Manaphy|Manaphy|100\/100\n|turn|19\n|\n|t:|1699929906\n|switch|p2a: Landorus|Landorus-Therian, M|100\/100\n|-ability|p2a: Landorus|Intimidate|boost\n|-unboost|p1a: Toedscruel|atk|1\n|move|p1a: Toedscruel|Spore|p2a: Landorus\n|-status|p2a: Landorus|slp|[from] move: Spore\n|\n|upkeep\n|turn|20\n|\n|t:|1699929911\n|switch|p2a: Manaphy|Manaphy|100\/100\n|move|p1a: Toedscruel|Knock Off|p2a: Manaphy\n|-damage|p2a: Manaphy|92\/100\n|-enditem|p2a: Manaphy|Assault Vest|[from] move: Knock Off|[of] p1a: Toedscruel\n|\n|upkeep\n|turn|21\n|\n|t:|1699929920\n|switch|p1a: Ninetales|Ninetales-Alola, F|77\/100\n|-weather|Snow|[from] ability: Snow Warning|[of] p1a: Ninetales\n|move|p2a: Manaphy|Ice Beam|p1a: Ninetales\n|-resisted|p1a: Ninetales\n|-damage|p1a: Ninetales|70\/100\n|\n|-weather|Snow|[upkeep]\n|upkeep\n|turn|22\n|\n|t:|1699929926\n|switch|p2a: Heatran|Heatran, M|100\/100\n|move|p1a: Ninetales|Aurora Veil|p1a: Ninetales\n|-sidestart|p1: ratatta17|move: Aurora Veil\n|\n|-weather|Snow|[upkeep]\n|upkeep\n|turn|23\n|\n|t:|1699929931\n|switch|p1a: Skeledirge|Skeledirge, M|100\/100\n|move|p2a: Heatran|Magma Storm|p1a: Skeledirge\n|-resisted|p1a: Skeledirge\n|-damage|p1a: Skeledirge|92\/100\n|-activate|p1a: Skeledirge|move: Magma Storm|[of] p2a: Heatran\n|\n|-weather|Snow|[upkeep]\n|-heal|p1a: Skeledirge|99\/100|[from] item: Leftovers\n|-damage|p1a: Skeledirge|86\/100|[from] move: Magma Storm|[partiallytrapped]\n|upkeep\n|turn|24\n|\n|t:|1699929936\n|move|p2a: Heatran|Taunt|p1a: Skeledirge\n|-start|p1a: Skeledirge|move: Taunt\n|move|p1a: Skeledirge|Hex|p2a: Heatran\n|-damage|p2a: Heatran|85\/100\n|\n|-weather|Snow|[upkeep]\n|-heal|p2a: Heatran|92\/100|[from] item: Leftovers\n|-heal|p1a: Skeledirge|92\/100|[from] item: Leftovers\n|-damage|p1a: Skeledirge|80\/100|[from] move: Magma Storm|[partiallytrapped]\n|upkeep\n|turn|25\n|\n|t:|1699929939\n|switch|p1a: Toedscruel|Toedscruel, F|88\/100\n|move|p2a: Heatran|Earth Power|p1a: Toedscruel\n|-resisted|p1a: Toedscruel\n|-damage|p1a: Toedscruel|83\/100\n|\n|-weather|none\n|-heal|p2a: Heatran|98\/100|[from] item: Leftovers\n|upkeep\n|turn|26\n|\n|t:|1699929944\n|move|p1a: Toedscruel|Knock Off|p2a: Heatran\n|-damage|p2a: Heatran|85\/100\n|-enditem|p2a: Heatran|Leftovers|[from] move: Knock Off|[of] p1a: Toedscruel\n|move|p2a: Heatran|Magma Storm|p1a: Toedscruel|[miss]\n|-miss|p2a: Heatran|p1a: Toedscruel\n|\n|-sideend|p1: ratatta17|move: Aurora Veil\n|upkeep\n|turn|27\n|\n|t:|1699929952\n|move|p2a: Heatran|Magma Storm|p1a: Toedscruel\n|-supereffective|p1a: Toedscruel\n|-damage|p1a: Toedscruel|13\/100\n|-activate|p1a: Toedscruel|move: Magma Storm|[of] p2a: Heatran\n|move|p1a: Toedscruel|Leech Seed|p2a: Heatran\n|-start|p2a: Heatran|move: Leech Seed\n|\n|-damage|p2a: Heatran|73\/100|[from] Leech Seed|[of] p1a: Toedscruel\n|-heal|p1a: Toedscruel|26\/100|[silent]\n|-damage|p1a: Toedscruel|14\/100|[from] move: Magma Storm|[partiallytrapped]\n|upkeep\n|turn|28\n|\n|t:|1699929959\n|switch|p2a: Manaphy|Manaphy|92\/100\n|move|p1a: Toedscruel|Knock Off|p2a: Manaphy\n|-damage|p2a: Manaphy|81\/100\n|\n|-end|p1a: Toedscruel|Magma Storm|[partiallytrapped]|[silent]\n|upkeep\n|turn|29\n|\n|t:|1699929965\n|move|p2a: Manaphy|U-turn|p1a: Toedscruel\n|-supereffective|p1a: Toedscruel\n|-damage|p1a: Toedscruel|0 fnt\n|faint|p1a: Toedscruel\n|\n|t:|1699929973\n|switch|p2a: Heatran|Heatran, M|73\/100|[from] U-turn\n|\n|upkeep\n|\n|t:|1699929980\n|switch|p1a: Iron Valiant|Iron Valiant|100\/100\n|turn|30\n|\n|t:|1699929984\n|-terastallize|p2a: Heatran|Ghost\n|move|p1a: Iron Valiant|Knock Off|p2a: Heatran\n|-supereffective|p2a: Heatran\n|-damage|p2a: Heatran|35\/100\n|-damage|p1a: Iron Valiant|91\/100|[from] item: Life Orb\n|move|p2a: Heatran|Will-O-Wisp|p1a: Iron Valiant\n|-status|p1a: Iron Valiant|brn\n|\n|-damage|p1a: Iron Valiant|85\/100 brn|[from] brn\n|upkeep\n|turn|31\n|\n|t:|1699929989\n|switch|p2a: Landorus|Landorus-Therian, M|100\/100 slp\n|-ability|p2a: Landorus|Intimidate|boost\n|-unboost|p1a: Iron Valiant|atk|1\n|move|p1a: Iron Valiant|Moonblast|p2a: Landorus\n|-damage|p2a: Landorus|31\/100 slp\n|-damage|p1a: Iron Valiant|75\/100 brn|[from] item: Life Orb\n|\n|-heal|p2a: Landorus|37\/100 slp|[from] item: Leftovers\n|-damage|p1a: Iron Valiant|69\/100 brn|[from] brn\n|upkeep\n|turn|32\n|\n|t:|1699929993\n|switch|p2a: Manaphy|Manaphy|81\/100\n|move|p1a: Iron Valiant|Moonblast|p2a: Manaphy\n|-damage|p2a: Manaphy|43\/100\n|-damage|p1a: Iron Valiant|59\/100 brn|[from] item: Life Orb\n|\n|-damage|p1a: Iron Valiant|53\/100 brn|[from] brn\n|upkeep\n|turn|33\n|\n|t:|1699929998\n|move|p1a: Iron Valiant|Thunderbolt|p2a: Manaphy\n|-supereffective|p2a: Manaphy\n|-damage|p2a: Manaphy|0 fnt\n|faint|p2a: Manaphy\n|-damage|p1a: Iron Valiant|43\/100 brn|[from] item: Life Orb\n|\n|-damage|p1a: Iron Valiant|37\/100 brn|[from] brn\n|upkeep\n|\n|t:|1699930009\n|switch|p2a: Gholdengo|Gholdengo|63\/100\n|turn|34\n|\n|t:|1699930019\n|move|p1a: Iron Valiant|Thunderbolt|p2a: Gholdengo\n|-damage|p2a: Gholdengo|18\/100\n|-status|p2a: Gholdengo|par\n|-damage|p1a: Iron Valiant|27\/100 brn|[from] item: Life Orb\n|move|p2a: Gholdengo|Hex|p1a: Iron Valiant\n|-damage|p1a: Iron Valiant|0 fnt\n|faint|p1a: Iron Valiant\n|-end|p1a: Iron Valiant|Quark Drive|[silent]\n|\n|upkeep\n|\n|t:|1699930028\n|switch|p1a: Azumarill|Azumarill, F|100\/100\n|turn|35\n|\n|t:|1699930032\n|move|p1a: Azumarill|Aqua Jet|p2a: Gholdengo\n|-damage|p2a: Gholdengo|0 fnt\n|faint|p2a: Gholdengo\n|\n|upkeep\n|\n|t:|1699930037\n|switch|p2a: Heatran|Heatran, M, tera:Ghost|35\/100\n|turn|36\n|\n|t:|1699930039\n|switch|p1a: Skeledirge|Skeledirge, M|80\/100\n|move|p2a: Heatran|Will-O-Wisp|p1a: Skeledirge\n|-immune|p1a: Skeledirge\n|\n|-heal|p1a: Skeledirge|86\/100|[from] item: Leftovers\n|upkeep\n|turn|37\n|\n|t:|1699930043\n|move|p2a: Heatran|Earth Power|p1a: Skeledirge\n|-supereffective|p1a: Skeledirge\n|-crit|p1a: Skeledirge\n|-damage|p1a: Skeledirge|30\/100\n|move|p1a: Skeledirge|Hex|p2a: Heatran\n|-supereffective|p2a: Heatran\n|-damage|p2a: Heatran|3\/100\n|\n|-heal|p1a: Skeledirge|36\/100|[from] item: Leftovers\n|upkeep\n|turn|38\n|\n|t:|1699930049\n|move|p2a: Heatran|Earth Power|p1a: Skeledirge\n|-supereffective|p1a: Skeledirge\n|-damage|p1a: Skeledirge|0 fnt\n|faint|p1a: Skeledirge\n|\n|upkeep\n|\n|t:|1699930051\n|switch|p1a: Ninetales|Ninetales-Alola, F|70\/100\n|-weather|Snow|[from] ability: Snow Warning|[of] p1a: Ninetales\n|turn|39\n|\n|t:|1699930056\n|move|p1a: Ninetales|Ice Shard|p2a: Heatran\n|-damage|p2a: Heatran|0 fnt\n|faint|p2a: Heatran\n|\n|-weather|Snow|[upkeep]\n|upkeep\n|\n|t:|1699930063\n|switch|p2a: Landorus|Landorus-Therian, M|37\/100 slp\n|-ability|p2a: Landorus|Intimidate|boost\n|-unboost|p1a: Ninetales|atk|1\n|turn|40\n|\n|t:|1699930066\n|move|p1a: Ninetales|Ice Shard|p2a: Landorus\n|-supereffective|p2a: Landorus\n|-damage|p2a: Landorus|12\/100 slp\n|cant|p2a: Landorus|slp\n|\n|-weather|Snow|[upkeep]\n|-heal|p2a: Landorus|18\/100 slp|[from] item: Leftovers\n|upkeep\n|turn|41\n|\n|t:|1699930070\n|move|p1a: Ninetales|Ice Shard|p2a: Landorus\n|-supereffective|p2a: Landorus\n|-damage|p2a: Landorus|0 fnt\n|faint|p2a: Landorus\n|\n|win|ratatta17\n|raw|ratatta17's rating: 1396 &rarr; <strong>1423<\/strong><br \/>(+27 for winning)\n|raw|boltaway's rating: 1520 &rarr; <strong>1493<\/strong><br \/>(-27 for losing)\n","uploadtime":1699930075,"views":19,"p1id":"ratatta17","p2id":"boltaway","formatid":"gen9ou","rating":1423,"private":0,"password":""}