{"id":"gen9ou-1999693749","p1":"jxrx","p2":"call me victini","format":"[Gen 9] OU","log":"|j|\u2606jxrx\n|j|\u2606call me victini\n|t:|1701108421\n|gametype|singles\n|player|p1|jxrx|norman|1326\n|player|p2|call me victini|265|1367\n|teamsize|p1|6\n|teamsize|p2|6\n|gen|9\n|tier|[Gen 9] OU\n|rated|\n|rule|Sleep Clause Mod: Limit one foe put to sleep\n|rule|Species Clause: Limit one of each Pok\u00e9mon\n|rule|OHKO Clause: OHKO moves are banned\n|rule|Evasion Items Clause: Evasion items are banned\n|rule|Evasion Moves Clause: Evasion moves are banned\n|rule|Endless Battle Clause: Forcing endless battles is banned\n|rule|HP Percentage Mod: HP is shown in percentages\n|clearpoke\n|poke|p1|Alomomola, F|\n|poke|p1|Ting-Lu|\n|poke|p1|Empoleon, M|\n|poke|p1|Cryogonal|\n|poke|p1|Salamence, M|\n|poke|p1|Iron Valiant|\n|poke|p2|Dragapult, F|\n|poke|p2|Heatran, M|\n|poke|p2|Clefable, M|\n|poke|p2|Samurott-Hisui, M|\n|poke|p2|Brambleghast, M|\n|poke|p2|Landorus-Therian, M|\n|teampreview\n|\n|t:|1701108501\n|start\n|switch|p1a: Cryogonal|Cryogonal|100\/100\n|switch|p2a: Dragapult|Dragapult, F|100\/100\n|turn|1\n|inactive|Battle timer is ON: inactive players will automatically lose when time's up. (requested by call me victini)\n|inactive|jxrx has 120 seconds left.\n|\n|t:|1701108540\n|move|p2a: Dragapult|Substitute|p2a: Dragapult\n|-start|p2a: Dragapult|Substitute\n|-damage|p2a: Dragapult|76\/100\n|move|p1a: Cryogonal|Freeze-Dry|p2a: Dragapult\n|-supereffective|p2a: Dragapult\n|-end|p2a: Dragapult|Substitute\n|\n|-heal|p2a: Dragapult|82\/100|[from] item: Leftovers\n|upkeep\n|turn|2\n|\n|t:|1701108567\n|move|p2a: Dragapult|Disable|p1a: Cryogonal\n|-start|p1a: Cryogonal|Disable|Freeze-Dry\n|cant|p1a: Cryogonal|Disable|Freeze-Dry\n|\n|-heal|p2a: Dragapult|88\/100|[from] item: Leftovers\n|upkeep\n|turn|3\n|\n|t:|1701108577\n|move|p2a: Dragapult|Substitute|p2a: Dragapult\n|-start|p2a: Dragapult|Substitute\n|-damage|p2a: Dragapult|63\/100\n|move|p1a: Cryogonal|Flash Cannon|p2a: Dragapult\n|-end|p2a: Dragapult|Substitute\n|\n|-heal|p2a: Dragapult|69\/100|[from] item: Leftovers\n|upkeep\n|turn|4\n|\n|t:|1701108585\n|switch|p2a: Landorus|Landorus-Therian, M|100\/100\n|-ability|p2a: Landorus|Intimidate|boost\n|-unboost|p1a: Cryogonal|atk|1\n|move|p1a: Cryogonal|Flash Cannon|p2a: Landorus\n|-damage|p2a: Landorus|88\/100\n|\n|upkeep\n|turn|5\n|\n|t:|1701108594\n|move|p1a: Cryogonal|Rapid Spin|p2a: Landorus\n|-damage|p2a: Landorus|84\/100\n|-boost|p1a: Cryogonal|spe|1\n|move|p2a: Landorus|Smack Down|p1a: Cryogonal\n|-supereffective|p1a: Cryogonal\n|-damage|p1a: Cryogonal|35\/100\n|-start|p1a: Cryogonal|Smack Down\n|\n|-end|p1a: Cryogonal|Disable\n|upkeep\n|turn|6\n|\n|t:|1701108600\n|move|p1a: Cryogonal|Freeze-Dry|p2a: Landorus\n|-supereffective|p2a: Landorus\n|-damage|p2a: Landorus|17\/100\n|move|p2a: Landorus|Smack Down|p1a: Cryogonal\n|-supereffective|p1a: Cryogonal\n|-damage|p1a: Cryogonal|0 fnt\n|faint|p1a: Cryogonal\n|\n|upkeep\n|\n|t:|1701108609\n|switch|p1a: Alomomola|Alomomola, F|100\/100\n|turn|7\n|\n|t:|1701108612\n|move|p1a: Alomomola|Aqua Jet|p2a: Landorus\n|-supereffective|p2a: Landorus\n|-damage|p2a: Landorus|0 fnt\n|faint|p2a: Landorus\n|\n|upkeep\n|\n|t:|1701108621\n|switch|p2a: Dragapult|Dragapult, F|69\/100\n|turn|8\n|\n|t:|1701108627\n|move|p2a: Dragapult|Substitute|p2a: Dragapult\n|-start|p2a: Dragapult|Substitute\n|-damage|p2a: Dragapult|44\/100\n|move|p1a: Alomomola|Play Rough|p2a: Dragapult\n|-supereffective|p2a: Dragapult\n|-end|p2a: Dragapult|Substitute\n|\n|-heal|p2a: Dragapult|50\/100|[from] item: Leftovers\n|upkeep\n|turn|9\n|\n|t:|1701108631\n|switch|p1a: Ting-Lu|Ting-Lu|100\/100\n|-ability|p1a: Ting-Lu|Vessel of Ruin\n|move|p2a: Dragapult|Will-O-Wisp|p1a: Ting-Lu\n|-status|p1a: Ting-Lu|brn\n|\n|-heal|p2a: Dragapult|56\/100|[from] item: Leftovers\n|-damage|p1a: Ting-Lu|94\/100 brn|[from] brn\n|upkeep\n|turn|10\n|\n|t:|1701108641\n|switch|p2a: Brambleghast|Brambleghast, M|100\/100\n|move|p1a: Ting-Lu|Stealth Rock|p2a: Brambleghast\n|-sidestart|p2: call me victini|move: Stealth Rock\n|\n|-heal|p1a: Ting-Lu|100\/100 brn|[from] item: Leftovers\n|-damage|p1a: Ting-Lu|94\/100 brn|[from] brn\n|upkeep\n|turn|11\n|\n|t:|1701108648\n|-terastallize|p1a: Ting-Lu|Ghost\n|move|p2a: Brambleghast|Rapid Spin|p1a: Ting-Lu\n|-immune|p1a: Ting-Lu\n|move|p1a: Ting-Lu|Whirlwind|p2a: Brambleghast\n|-ability|p2a: Brambleghast|Wind Rider|boost\n|-boost|p2a: Brambleghast|atk|1\n|\n|-heal|p1a: Ting-Lu|100\/100 brn|[from] item: Leftovers\n|-damage|p1a: Ting-Lu|94\/100 brn|[from] brn\n|upkeep\n|turn|12\n|\n|t:|1701108666\n|switch|p1a: Alomomola|Alomomola, F|100\/100\n|move|p2a: Brambleghast|Poltergeist|p1a: Alomomola\n|-activate|p1a: Alomomola|move: Poltergeist|Rocky Helmet\n|-damage|p1a: Alomomola|62\/100\n|\n|upkeep\n|turn|13\n|\n|t:|1701108672\n|switch|p1a: Iron Valiant|Iron Valiant|100\/100\n|-enditem|p1a: Iron Valiant|Booster Energy\n|-activate|p1a: Iron Valiant|ability: Quark Drive|[fromitem]\n|-start|p1a: Iron Valiant|quarkdrivespe\n|move|p2a: Brambleghast|Power Whip|p1a: Iron Valiant\n|-damage|p1a: Iron Valiant|0 fnt\n|faint|p1a: Iron Valiant\n|-end|p1a: Iron Valiant|Quark Drive|[silent]\n|\n|upkeep\n|\n|t:|1701108686\n|switch|p1a: Salamence|Salamence, M|100\/100\n|turn|14\n|\n|t:|1701108692\n|move|p2a: Brambleghast|Strength Sap|p1a: Salamence\n|-unboost|p1a: Salamence|atk|1\n|move|p1a: Salamence|Dragon Dance|p1a: Salamence\n|-boost|p1a: Salamence|atk|1\n|-boost|p1a: Salamence|spe|1\n|\n|upkeep\n|turn|15\n|\n|t:|1701108695\n|move|p1a: Salamence|Substitute|p1a: Salamence\n|-start|p1a: Salamence|Substitute\n|-damage|p1a: Salamence|76\/100\n|move|p2a: Brambleghast|Rapid Spin|p1a: Salamence\n|-end|p1a: Salamence|Substitute\n|-sideend|p2: call me victini|Stealth Rock|[from] move: Rapid Spin|[of] p2a: Brambleghast\n|-boost|p2a: Brambleghast|spe|1\n|\n|-heal|p1a: Salamence|82\/100|[from] item: Leftovers\n|upkeep\n|turn|16\n|\n|t:|1701108699\n|move|p2a: Brambleghast|Poltergeist|p1a: Salamence\n|-activate|p1a: Salamence|move: Poltergeist|Leftovers\n|-damage|p1a: Salamence|0 fnt\n|faint|p1a: Salamence\n|\n|upkeep\n|-message|jxrx forfeited.\n|\n|win|call me victini\n|raw|jxrx's rating: 1326 &rarr; <strong>1308<\/strong><br \/>(-18 for losing)\n|raw|call me victini's rating: 1367 &rarr; <strong>1385<\/strong><br \/>(+18 for winning)\n|l|\u2606jxrx\n","uploadtime":1701108708,"views":2,"p1id":"jxrx","p2id":"callmevictini","formatid":"gen9ou","rating":1308,"private":0,"password":""}