{"id":"gen9ou-1991772610","p1":"hoverinope","p2":"wyverbal","format":"[Gen 9] OU","log":"|j|\u2606hoverinope\n|j|\u2606wyverbal\n|t:|1700114584\n|gametype|singles\n|player|p1|hoverinope|101|1178\n|player|p2|wyverbal|169|1134\n|teamsize|p1|6\n|teamsize|p2|6\n|gen|9\n|tier|[Gen 9] OU\n|rated|\n|rule|Sleep Clause Mod: Limit one foe put to sleep\n|rule|Species Clause: Limit one of each Pok\u00e9mon\n|rule|OHKO Clause: OHKO moves are banned\n|rule|Evasion Items Clause: Evasion items are banned\n|rule|Evasion Moves Clause: Evasion moves are banned\n|rule|Endless Battle Clause: Forcing endless battles is banned\n|rule|HP Percentage Mod: HP is shown in percentages\n|clearpoke\n|poke|p1|Poliwrath, F|\n|poke|p1|Pelipper, F|\n|poke|p1|Overqwil, M|\n|poke|p1|Rillaboom, M|\n|poke|p1|Iron Treads|\n|poke|p1|Zapdos|\n|poke|p2|Armarouge, M|\n|poke|p2|Revavroom, M|\n|poke|p2|Veluza, M|\n|poke|p2|Chesnaught, F|\n|poke|p2|Braviary-Hisui, M|\n|poke|p2|Scizor, F|\n|teampreview\n|inactive|Battle timer is ON: inactive players will automatically lose when time's up. (requested by hoverinope)\n|inactive|wyverbal also wants the timer to be on.\n|\n|t:|1700114591\n|start\n|switch|p1a: Pelipper|Pelipper, F|100\/100\n|switch|p2a: Scizor|Scizor, F, shiny|100\/100\n|-weather|RainDance|[from] ability: Drizzle|[of] p1a: Pelipper\n|turn|1\n|\n|t:|1700114596\n|move|p1a: Pelipper|U-turn|p2a: Scizor\n|-resisted|p2a: Scizor\n|-damage|p2a: Scizor|97\/100\n|\n|t:|1700114604\n|switch|p1a: Zapdos|Zapdos|100\/100|[from] U-turn\n|move|p2a: Scizor|Swords Dance|p2a: Scizor\n|-boost|p2a: Scizor|atk|2\n|\n|-weather|RainDance|[upkeep]\n|upkeep\n|turn|2\n|\n|t:|1700114615\n|move|p1a: Zapdos|Thunder|p2a: Scizor\n|-damage|p2a: Scizor|31\/100\n|-enditem|p2a: Scizor|Sitrus Berry|[eat]\n|-heal|p2a: Scizor|56\/100|[from] item: Sitrus Berry\n|move|p2a: Scizor|Thief|p1a: Zapdos\n|-damage|p1a: Zapdos|21\/100\n|-enditem|p1a: Zapdos|Heavy-Duty Boots|[silent]|[from] move: Thief|[of] p2a: Scizor\n|-item|p2a: Scizor|Heavy-Duty Boots|[from] move: Thief|[of] p1a: Zapdos\n|\n|-weather|RainDance|[upkeep]\n|upkeep\n|turn|3\n|\n|t:|1700114627\n|move|p2a: Scizor|Bullet Punch|p1a: Zapdos\n|-resisted|p1a: Zapdos\n|-damage|p1a: Zapdos|0 fnt\n|faint|p1a: Zapdos\n|\n|-weather|RainDance|[upkeep]\n|upkeep\n|\n|t:|1700114640\n|switch|p1a: Overqwil|Overqwil, M|100\/100\n|turn|4\n|\n|t:|1700114659\n|move|p2a: Scizor|Bullet Punch|p1a: Overqwil\n|-damage|p1a: Overqwil|29\/100\n|move|p1a: Overqwil|Crunch|p2a: Scizor\n|-damage|p2a: Scizor|4\/100\n|-damage|p1a: Overqwil|19\/100|[from] item: Life Orb\n|\n|-weather|RainDance|[upkeep]\n|upkeep\n|turn|5\n|\n|t:|1700114683\n|switch|p1a: Rillaboom|Rillaboom, M|100\/100\n|-fieldstart|move: Grassy Terrain|[from] ability: Grassy Surge|[of] p1a: Rillaboom\n|move|p2a: Scizor|Bullet Punch|p1a: Rillaboom\n|-damage|p1a: Rillaboom|22\/100\n|\n|-weather|RainDance|[upkeep]\n|-heal|p1a: Rillaboom|28\/100|[from] Grassy Terrain\n|-heal|p2a: Scizor|10\/100|[from] Grassy Terrain\n|upkeep\n|turn|6\n|\n|t:|1700114697\n|move|p1a: Rillaboom|Grassy Glide|p2a: Scizor\n|-resisted|p2a: Scizor\n|-damage|p2a: Scizor|0 fnt\n|faint|p2a: Scizor\n|\n|-weather|RainDance|[upkeep]\n|-heal|p1a: Rillaboom|34\/100|[from] Grassy Terrain\n|upkeep\n|inactive|wyverbal has 120 seconds left.\n|\n|t:|1700114724\n|switch|p2a: Revavroom|Revavroom, M, shiny|100\/100\n|-item|p2a: Revavroom|Air Balloon\n|turn|7\n|\n|t:|1700114734\n|switch|p1a: Iron Treads|Iron Treads|100\/100\n|move|p2a: Revavroom|Shift Gear|p2a: Revavroom\n|-boost|p2a: Revavroom|spe|2\n|-boost|p2a: Revavroom|atk|1\n|\n|-weather|RainDance|[upkeep]\n|upkeep\n|turn|8\n|inactive|wyverbal has 120 seconds left.\n|\n|t:|1700114762\n|move|p2a: Revavroom|Shift Gear|p2a: Revavroom\n|-boost|p2a: Revavroom|spe|2\n|-boost|p2a: Revavroom|atk|1\n|move|p1a: Iron Treads|Rapid Spin|p2a: Revavroom\n|-resisted|p2a: Revavroom\n|-damage|p2a: Revavroom|91\/100\n|-boost|p1a: Iron Treads|spe|1\n|-enditem|p2a: Revavroom|Air Balloon\n|\n|-weather|none\n|-heal|p2a: Revavroom|97\/100|[from] Grassy Terrain\n|upkeep\n|turn|9\n|\n|t:|1700114773\n|move|p2a: Revavroom|High Horsepower|p1a: Iron Treads\n|-supereffective|p1a: Iron Treads\n|-damage|p1a: Iron Treads|0 fnt\n|faint|p1a: Iron Treads\n|-end|p1a: Iron Treads|Quark Drive|[silent]\n|\n|-heal|p2a: Revavroom|100\/100|[from] Grassy Terrain\n|-fieldend|move: Grassy Terrain\n|upkeep\n|\n|t:|1700114779\n|switch|p1a: Pelipper|Pelipper, F|100\/100\n|-weather|RainDance|[from] ability: Drizzle|[of] p1a: Pelipper\n|turn|10\n|\n|t:|1700114789\n|move|p2a: Revavroom|Shift Gear|p2a: Revavroom\n|-boost|p2a: Revavroom|spe|2\n|-boost|p2a: Revavroom|atk|1\n|move|p1a: Pelipper|U-turn|p2a: Revavroom\n|-resisted|p2a: Revavroom\n|-damage|p2a: Revavroom|98\/100\n|\n|t:|1700114793\n|switch|p1a: Poliwrath|Poliwrath, F|100\/100|[from] U-turn\n|\n|-weather|RainDance|[upkeep]\n|upkeep\n|turn|11\n|\n|t:|1700114815\n|move|p2a: Revavroom|Poison Jab|p1a: Poliwrath\n|-damage|p1a: Poliwrath|0 fnt\n|faint|p1a: Poliwrath\n|\n|-weather|RainDance|[upkeep]\n|upkeep\n|-message|hoverinope forfeited.\n|\n|win|wyverbal\n|raw|hoverinope's rating: 1178 &rarr; <strong>1150<\/strong><br \/>(-28 for losing)\n|raw|wyverbal's rating: 1134 &rarr; <strong>1162<\/strong><br \/>(+28 for winning)\n|l|\u2606hoverinope\n","uploadtime":1700114823,"views":7,"p1id":"hoverinope","p2id":"wyverbal","formatid":"gen9ou","rating":1150,"private":0,"password":""}