{"id":"gen9ou-1989639708","p1":"Cranberru22","p2":"quitemarrow","format":"[Gen 9] OU","log":"|j|\u2606Cranberru22\n|j|\u2606quitemarrow\n|t:|1699882052\n|gametype|singles\n|player|p1|Cranberru22|2|1103\n|player|p2|quitemarrow|emmet|1045\n|teamsize|p1|6\n|teamsize|p2|6\n|gen|9\n|tier|[Gen 9] OU\n|rated|\n|rule|Sleep Clause Mod: Limit one foe put to sleep\n|rule|Species Clause: Limit one of each Pok\u00e9mon\n|rule|OHKO Clause: OHKO moves are banned\n|rule|Evasion Items Clause: Evasion items are banned\n|rule|Evasion Moves Clause: Evasion moves are banned\n|rule|Endless Battle Clause: Forcing endless battles is banned\n|rule|HP Percentage Mod: HP is shown in percentages\n|clearpoke\n|poke|p1|Tinkaton, F|\n|poke|p1|Dachsbun, F|\n|poke|p1|Great Tusk|\n|poke|p1|Iron Leaves|\n|poke|p1|Zamazenta-*|\n|poke|p1|Gholdengo|\n|poke|p2|Zapdos|\n|poke|p2|Clefable, F|\n|poke|p2|Great Tusk|\n|poke|p2|Kingambit, M|\n|poke|p2|Rillaboom, M|\n|poke|p2|Iron Valiant|\n|teampreview\n|\n|t:|1699882071\n|start\n|switch|p1a: built for the top|Gholdengo|100\/100\n|switch|p2a: Zapdos|Zapdos, shiny|100\/100\n|-item|p1a: built for the top|Air Balloon\n|turn|1\n|inactive|Battle timer is ON: inactive players will automatically lose when time's up. (requested by quitemarrow)\n|\n|t:|1699882080\n|switch|p1a: tusk when great:|Great Tusk|100\/100\n|move|p2a: Zapdos|Heat Wave|p1a: tusk when great:\n|-damage|p1a: tusk when great:|55\/100\n|-status|p1a: tusk when great:|brn\n|\n|-damage|p1a: tusk when great:|48\/100 brn|[from] brn\n|upkeep\n|turn|2\n|\n|t:|1699882091\n|move|p2a: Zapdos|Heat Wave|p1a: tusk when great:\n|-damage|p1a: tusk when great:|6\/100 brn\n|move|p1a: tusk when great:|Ice Spinner|p2a: Zapdos\n|-supereffective|p2a: Zapdos\n|-damage|p2a: Zapdos|75\/100\n|\n|-heal|p2a: Zapdos|81\/100|[from] item: Leftovers\n|-damage|p1a: tusk when great:|0 fnt|[from] brn\n|faint|p1a: tusk when great:\n|-end|p1a: tusk when great:|Protosynthesis|[silent]\n|upkeep\n|c|\u2606Cranberru22|ofcourse! burn! fuck me right>\n|c|\u2606Cranberru22|god i love when i get rnged\n|\n|t:|1699882111\n|switch|p1a: lmao dog funny|Zamazenta|100\/100\n|-ability|p1a: lmao dog funny|Dauntless Shield|boost\n|-boost|p1a: lmao dog funny|def|1\n|turn|3\n|\n|t:|1699882119\n|move|p1a: lmao dog funny|Ice Fang|p2a: Zapdos\n|-supereffective|p2a: Zapdos\n|-damage|p2a: Zapdos|2\/100\n|-status|p1a: lmao dog funny|par|[from] ability: Static|[of] p2a: Zapdos\n|move|p2a: Zapdos|Brave Bird|p1a: lmao dog funny\n|-supereffective|p1a: lmao dog funny\n|-damage|p1a: lmao dog funny|52\/100 par\n|-damage|p2a: Zapdos|0 fnt|[from] Recoil\n|faint|p2a: Zapdos\n|\n|upkeep\n|\n|t:|1699882131\n|switch|p2a: Iron Valiant|Iron Valiant|100\/100\n|turn|4\n|\n|t:|1699882146\n|switch|p1a: built for the top|Gholdengo|100\/100\n|-item|p1a: built for the top|Air Balloon\n|move|p2a: Iron Valiant|Confuse Ray|p1a: built for the top\n|-immune|p1a: built for the top|[from] ability: Good as Gold\n|\n|upkeep\n|turn|5\n|c|\u2606Cranberru22|dude what\n|c|\u2606Cranberru22|confuse ray????\n|inactive|Cranberru22 has 120 seconds left.\n|j| GooALT\n|\n|t:|1699882182\n|move|p2a: Iron Valiant|Psycho Cut|p1a: built for the top\n|-resisted|p1a: built for the top\n|-damage|p1a: built for the top|88\/100\n|-enditem|p1a: built for the top|Air Balloon\n|move|p1a: built for the top|Make It Rain|p2a: Iron Valiant\n|-supereffective|p2a: Iron Valiant\n|-enditem|p2a: Iron Valiant|Focus Sash\n|-damage|p2a: Iron Valiant|1\/100\n|-unboost|p1a: built for the top|spa|1\n|\n|upkeep\n|turn|6\n|j| xlr8benten\n|c| GooALT|what lol\n|j| Jeffffdd\n|c| xlr8benten|lol\n|\n|t:|1699882196\n|move|p2a: Iron Valiant|Moonblast|p1a: built for the top\n|-resisted|p1a: built for the top\n|-damage|p1a: built for the top|62\/100\n|move|p1a: built for the top|Shadow Ball|p2a: Iron Valiant\n|-damage|p2a: Iron Valiant|0 fnt\n|faint|p2a: Iron Valiant\n|-end|p2a: Iron Valiant|Quark Drive|[silent]\n|\n|upkeep\n|c| GooALT|Bro did this guy get advice from my sister\n|\n|t:|1699882207\n|switch|p2a: Clefable|Clefable, F|100\/100\n|turn|7\n|\n|t:|1699882211\n|move|p1a: built for the top|Make It Rain|p2a: Clefable\n|-supereffective|p2a: Clefable\n|-damage|p2a: Clefable|35\/100\n|-unboost|p1a: built for the top|spa|1\n|move|p2a: Clefable|Flamethrower|p1a: built for the top\n|-supereffective|p1a: built for the top\n|-damage|p1a: built for the top|13\/100\n|\n|upkeep\n|turn|8\n|c| xlr8benten|what\n|c| GooALT|HE ran mixed sets lol\n|\n|t:|1699882223\n|-terastallize|p2a: Clefable|Fairy\n|move|p1a: built for the top|Make It Rain|p2a: Clefable\n|-supereffective|p2a: Clefable\n|-damage|p2a: Clefable|0 fnt\n|-unboost|p1a: built for the top|spa|1\n|faint|p2a: Clefable\n|\n|upkeep\n|c| xlr8benten|who\n|c|\u2606Cranberru22|confuse ray though\n|c| GooALT|Bro XD\n|c| GooALT|What is this guy doing\n|j| Royal5888\u2665\n|\n|t:|1699882239\n|switch|p2a: Rillaboom|Rillaboom, M|100\/100\n|-fieldstart|move: Grassy Terrain|[from] ability: Grassy Surge|[of] p2a: Rillaboom\n|turn|9\n|c| xlr8benten|lmao\n|c|\u2606Cranberru22|i have no clue\n|c| xlr8benten|switch in\n|\n|t:|1699882252\n|switch|p1a: lmao dog funny|Zamazenta|52\/100 par\n|move|p2a: Rillaboom|Earthquake|p1a: lmao dog funny\n|-damage|p1a: lmao dog funny|37\/100 par\n|\n|-heal|p1a: lmao dog funny|44\/100 par|[from] Grassy Terrain\n|upkeep\n|turn|10\n|\n|t:|1699882264\n|move|p2a: Rillaboom|Earthquake|p1a: lmao dog funny\n|-damage|p1a: lmao dog funny|29\/100 par\n|move|p1a: lmao dog funny|Ice Fang|p2a: Rillaboom\n|-supereffective|p2a: Rillaboom\n|-damage|p2a: Rillaboom|47\/100\n|\n|-heal|p2a: Rillaboom|53\/100|[from] Grassy Terrain\n|-heal|p1a: lmao dog funny|35\/100 par|[from] Grassy Terrain\n|upkeep\n|turn|11\n|c|\u2606Cranberru22|i have ice fang for some reason so\n|c| xlr8benten|as i thought\n|c| GooALT|I think this guy took advice from my sister\n|\n|t:|1699882274\n|move|p2a: Rillaboom|Boomburst|p1a: lmao dog funny\n|-damage|p1a: lmao dog funny|11\/100 par\n|cant|p1a: lmao dog funny|par\n|\n|-heal|p2a: Rillaboom|59\/100|[from] Grassy Terrain\n|-heal|p1a: lmao dog funny|17\/100 par|[from] Grassy Terrain\n|upkeep\n|turn|12\n|c| xlr8benten|ice fang\n|c|\u2606Cranberru22|BOOM BURST??\n|\n|t:|1699882283\n|move|p2a: Rillaboom|Boomburst|p1a: lmao dog funny\n|-damage|p1a: lmao dog funny|0 fnt\n|faint|p1a: lmao dog funny\n|\n|-heal|p2a: Rillaboom|65\/100|[from] Grassy Terrain\n|upkeep\n|c| GooALT|Lol\n|c| xlr8benten|ll\n|c| xlr8benten|its busted\n|c| xlr8benten|be careful\n|c|\u2606Cranberru22|im utterly bewildered\n|\n|t:|1699882305\n|switch|p1a: hammer time|Tinkaton, F|100\/100\n|-item|p1a: hammer time|Air Balloon\n|turn|13\n|\n|t:|1699882310\n|move|p1a: hammer time|Encore|p2a: Rillaboom\n|-start|p2a: Rillaboom|Encore\n|move|p2a: Rillaboom|Boomburst|p1a: hammer time\n|-resisted|p1a: hammer time\n|-damage|p1a: hammer time|93\/100\n|-enditem|p1a: hammer time|Air Balloon\n|\n|-heal|p1a: hammer time|99\/100|[from] Grassy Terrain\n|-heal|p2a: Rillaboom|72\/100|[from] Grassy Terrain\n|-fieldend|move: Grassy Terrain\n|upkeep\n|turn|14\n|c| xlr8benten|noice\n|\n|t:|1699882323\n|switch|p1a: built for the top|Gholdengo|13\/100\n|move|p2a: Rillaboom|Boomburst|p1a: built for the top\n|-immune|p1a: built for the top\n|\n|upkeep\n|turn|15\n|\n|t:|1699882331\n|move|p1a: built for the top|Shadow Ball|p2a: Rillaboom\n|-damage|p2a: Rillaboom|25\/100\n|-unboost|p2a: Rillaboom|spd|1\n|move|p2a: Rillaboom|Boomburst|p1a: built for the top\n|-immune|p1a: built for the top\n|\n|-end|p2a: Rillaboom|Encore\n|upkeep\n|turn|16\n|c| GooALT|lol\n|\n|t:|1699882341\n|move|p1a: built for the top|Shadow Ball|p2a: Rillaboom\n|-damage|p2a: Rillaboom|0 fnt\n|faint|p2a: Rillaboom\n|\n|upkeep\n|c| xlr8benten|kek\n|\n|t:|1699882347\n|switch|p2a: Great Tusk|Great Tusk|100\/100\n|turn|17\n|c| xlr8benten|switch\n|\n|t:|1699882356\n|switch|p1a: hammer time|Tinkaton, F|99\/100\n|move|p2a: Great Tusk|Fire Fang|p1a: hammer time\n|-supereffective|p1a: hammer time\n|-damage|p1a: hammer time|55\/100\n|-enditem|p2a: Great Tusk|Leftovers|[silent]|[from] ability: Pickpocket|[of] p2a: Great Tusk\n|-item|p1a: hammer time|Leftovers|[from] ability: Pickpocket|[of] p2a: Great Tusk\n|\n|-heal|p1a: hammer time|61\/100|[from] item: Leftovers\n|upkeep\n|turn|18\n|c|\u2606Cranberru22|dawg\n|c|\u2606Cranberru22|hold on\n|c| xlr8benten|into leaves\n|c|\u2606Cranberru22|what\n|c|\u2606Cranberru22|fire fang\n|\n|t:|1699882374\n|move|p2a: Great Tusk|Fire Fang|p1a: hammer time\n|-supereffective|p1a: hammer time\n|-damage|p1a: hammer time|21\/100\n|move|p1a: hammer time|Play Rough|p2a: Great Tusk\n|-supereffective|p2a: Great Tusk\n|-damage|p2a: Great Tusk|71\/100\n|\n|-heal|p1a: hammer time|27\/100|[from] item: Leftovers\n|upkeep\n|turn|19\n|c| xlr8benten|yes\n|c| xlr8benten|go to leaves\n|c| GooALT|I swear to god if he has mixed gambit\n|\n|t:|1699882384\n|switch|p1a: wee little lad|Dachsbun, F|100\/100\n|move|p2a: Great Tusk|Fire Fang|p1a: wee little lad\n|-ability|p1a: wee little lad|Well-Baked Body|boost\n|-boost|p1a: wee little lad|def|2\n|\n|upkeep\n|turn|20\n|c| xlr8benten|to psycho cut\n|c|\u2606Cranberru22|nah watch this play\n|c|\u2606Cranberru22|im just better\n|c| xlr8benten|ok\n|\n|t:|1699882397\n|move|p1a: wee little lad|Agility|p1a: wee little lad\n|-boost|p1a: wee little lad|spe|2\n|move|p2a: Great Tusk|Iron Head|p1a: wee little lad\n|-supereffective|p1a: wee little lad\n|-damage|p1a: wee little lad|76\/100\n|\n|upkeep\n|turn|21\n|\n|t:|1699882404\n|move|p1a: wee little lad|Play Rough|p2a: Great Tusk\n|-supereffective|p2a: Great Tusk\n|-damage|p2a: Great Tusk|38\/100\n|move|p2a: Great Tusk|Iron Head|p1a: wee little lad\n|-supereffective|p1a: wee little lad\n|-damage|p1a: wee little lad|51\/100\n|\n|upkeep\n|turn|22\n|c| GooALT|is this guy like 4 XD\n|\n|t:|1699882412\n|move|p1a: wee little lad|Play Rough|p2a: Great Tusk\n|-supereffective|p2a: Great Tusk\n|-damage|p2a: Great Tusk|5\/100\n|move|p2a: Great Tusk|Iron Head|p1a: wee little lad\n|-supereffective|p1a: wee little lad\n|-damage|p1a: wee little lad|27\/100\n|\n|upkeep\n|turn|23\n|\n|t:|1699882420\n|move|p1a: wee little lad|Play Rough|p2a: Great Tusk\n|-supereffective|p2a: Great Tusk\n|-damage|p2a: Great Tusk|0 fnt\n|faint|p2a: Great Tusk\n|-end|p2a: Great Tusk|Protosynthesis|[silent]\n|\n|upkeep\n|c|\u2606Cranberru22|idk man\n|\n|t:|1699882426\n|switch|p2a: Kingambit|Kingambit, M|100\/100\n|-activate|p2a: Kingambit|ability: Supreme Overlord\n|-start|p2a: Kingambit|fallen5|[silent]\n|turn|24\n|c|\u2606Cranberru22|i mean\n|c| xlr8benten|absolute goat\n|c| GooALT|Okay at least he has supreme overlord gambit\n|c|\u2606Cranberru22|what are the realistic chances he has suckerpunch\n|c| GooALT|If he ran defiant I was gonna lose it\n|c|\u2606Cranberru22|lets be real\n|\n|t:|1699882456\n|move|p1a: wee little lad|Body Press|p2a: Kingambit\n|-supereffective|p2a: Kingambit\n|-damage|p2a: Kingambit|0 fnt\n|-damage|p1a: wee little lad|10\/100|[from] item: Rocky Helmet|[of] p2a: Kingambit\n|faint|p2a: Kingambit\n|-end|p2a: Kingambit|fallen5|[silent]\n|\n|win|Cranberru22\n|raw|Cranberru22's rating: 1103 &rarr; <strong>1124<\/strong><br \/>(+21 for winning)\n|raw|quitemarrow's rating: 1045 &rarr; <strong>1031<\/strong><br \/>(-14 for losing)\n|c| GooALT|lol\n|c|\u2606Cranberru22|LOL\n|c| xlr8benten|lol\n|c|\u2606Cranberru22|ROCKY HELMET\n|c|\u2606Cranberru22|heouabn\n|l|\u2606quitemarrow\n|c| GooALT|NO ACTUAL WAY XDDD\\\n|c|\u2606Cranberru22|what rambunctious silliness\n|c| GooALT|ur telling me XD\n|c| xlr8benten|of whom\n|c| GooALT|the guy he just swept\n|c| xlr8benten|oh\n|c| xlr8benten|silly team\n|c|\u2606Cranberru22|good replay\n","uploadtime":1699882509,"views":12,"p1id":"cranberru22","p2id":"quitemarrow","formatid":"gen9ou","rating":1031,"private":0,"password":""}