{"id":"gen9ou-1993851599","p1":"IJCares","p2":"mizdrev","format":"[Gen 9] OU","log":"|j|\u2606IJCares\n|j|\u2606mizdrev\n|t:|1700365304\n|gametype|singles\n|player|p1|IJCares|crasherwake|1071\n|player|p2|mizdrev|bellelba|1107\n|teamsize|p1|6\n|teamsize|p2|6\n|gen|9\n|tier|[Gen 9] OU\n|rated|\n|rule|Sleep Clause Mod: Limit one foe put to sleep\n|rule|Species Clause: Limit one of each Pok\u00e9mon\n|rule|OHKO Clause: OHKO moves are banned\n|rule|Evasion Items Clause: Evasion items are banned\n|rule|Evasion Moves Clause: Evasion moves are banned\n|rule|Endless Battle Clause: Forcing endless battles is banned\n|rule|HP Percentage Mod: HP is shown in percentages\n|clearpoke\n|poke|p1|Empoleon, F|\n|poke|p1|Dipplin, M|\n|poke|p1|Arcanine-Hisui, F|\n|poke|p1|Kingambit, M|\n|poke|p1|Maushold|\n|poke|p1|Ursaluna, F|\n|poke|p2|Dragapult, F|\n|poke|p2|Kingambit, F|\n|poke|p2|Landorus-Therian, M|\n|poke|p2|Toxapex, F|\n|poke|p2|Corviknight, F|\n|poke|p2|Iron Moth|\n|teampreview\n|inactive|Battle timer is ON: inactive players will automatically lose when time's up. (requested by IJCares)\n|\n|t:|1700365323\n|start\n|switch|p1a: Sappy|Dipplin, M|100\/100\n|switch|p2a: Dragapult|Dragapult, F, shiny|100\/100\n|turn|1\n|\n|t:|1700365341\n|move|p2a: Dragapult|Dragon Darts|p1a: Sappy\n|-supereffective|p1a: Sappy\n|-damage|p1a: Sappy|55\/100\n|-anim|p2a: Dragapult|Dragon Darts|p1a: Sappy\n|-supereffective|p1a: Sappy\n|-damage|p1a: Sappy|9\/100\n|move|p1a: Sappy|Dragon Breath|p2a: Dragapult\n|-supereffective|p2a: Dragapult\n|-damage|p2a: Dragapult|51\/100\n|\n|upkeep\n|turn|2\n|\n|t:|1700365350\n|switch|p1a: Delta|Empoleon, F|100\/100\n|move|p2a: Dragapult|Dragon Darts|p1a: Delta\n|-resisted|p1a: Delta\n|-damage|p1a: Delta|78\/100\n|-anim|p2a: Dragapult|Dragon Darts|p1a: Delta\n|-resisted|p1a: Delta\n|-damage|p1a: Delta|59\/100\n|\n|upkeep\n|turn|3\n|\n|t:|1700365368\n|switch|p2a: Corviknight|Corviknight, F, shiny|100\/100\n|move|p1a: Delta|Ice Beam|p2a: Corviknight\n|-damage|p2a: Corviknight|72\/100\n|\n|-heal|p2a: Corviknight|78\/100|[from] item: Leftovers\n|upkeep\n|turn|4\n|\n|t:|1700365376\n|move|p2a: Corviknight|Body Press|p1a: Delta\n|-supereffective|p1a: Delta\n|-damage|p1a: Delta|21\/100\n|move|p1a: Delta|Flash Cannon|p2a: Corviknight\n|-resisted|p2a: Corviknight\n|-damage|p2a: Corviknight|57\/100\n|\n|-heal|p2a: Corviknight|63\/100|[from] item: Leftovers\n|upkeep\n|turn|5\n|\n|t:|1700365383\n|move|p2a: Corviknight|Body Press|p1a: Delta\n|-supereffective|p1a: Delta\n|-damage|p1a: Delta|0 fnt\n|faint|p1a: Delta\n|\n|-heal|p2a: Corviknight|70\/100|[from] item: Leftovers\n|upkeep\n|\n|t:|1700365389\n|switch|p1a: Duchess|Arcanine-Hisui, F|100\/100\n|turn|6\n|\n|t:|1700365393\n|move|p1a: Duchess|Wild Charge|p2a: Corviknight\n|-supereffective|p2a: Corviknight\n|-damage|p2a: Corviknight|0 fnt\n|faint|p2a: Corviknight\n|\n|upkeep\n|\n|t:|1700365402\n|switch|p2a: Toxapex|Toxapex, F, shiny|100\/100\n|turn|7\n|\n|t:|1700365408\n|move|p2a: Toxapex|Baneful Bunker|p2a: Toxapex\n|-singleturn|p2a: Toxapex|move: Protect\n|move|p1a: Duchess|Wild Charge|p2a: Toxapex\n|-activate|p2a: Toxapex|move: Protect\n|-status|p1a: Duchess|psn\n|\n|-damage|p1a: Duchess|88\/100 psn|[from] psn\n|upkeep\n|turn|8\n|\n|t:|1700365417\n|move|p1a: Duchess|Wild Charge|p2a: Toxapex\n|-supereffective|p2a: Toxapex\n|-damage|p2a: Toxapex|45\/100\n|move|p2a: Toxapex|Surf|p1a: Duchess\n|-supereffective|p1a: Duchess\n|-damage|p1a: Duchess|4\/100 psn\n|\n|-heal|p2a: Toxapex|51\/100|[from] item: Leftovers\n|-damage|p1a: Duchess|0 fnt|[from] psn\n|faint|p1a: Duchess\n|upkeep\n|\n|t:|1700365427\n|switch|p1a: Hold|Maushold|100\/100\n|turn|9\n|\n|t:|1700365433\n|switch|p2a: Dragapult|Dragapult, F, shiny|51\/100\n|move|p1a: Hold|Tidy Up|p1a: Hold\n|-boost|p1a: Hold|atk|1\n|-boost|p1a: Hold|spe|1\n|\n|upkeep\n|turn|10\n|\n|t:|1700365440\n|move|p1a: Hold|Bite|p2a: Dragapult\n|-supereffective|p2a: Dragapult\n|-damage|p2a: Dragapult|0 fnt\n|faint|p2a: Dragapult\n|\n|upkeep\n|\n|t:|1700365448\n|switch|p2a: Iron Moth|Iron Moth|100\/100\n|-enditem|p2a: Iron Moth|Booster Energy\n|-activate|p2a: Iron Moth|ability: Quark Drive|[fromitem]\n|-start|p2a: Iron Moth|quarkdrivespa\n|turn|11\n|\n|t:|1700365456\n|move|p1a: Hold|Population Bomb|p2a: Iron Moth\n|-damage|p2a: Iron Moth|72\/100\n|-damage|p2a: Iron Moth|44\/100\n|-damage|p2a: Iron Moth|15\/100\n|-damage|p2a: Iron Moth|0 fnt\n|faint|p2a: Iron Moth\n|-end|p2a: Iron Moth|Quark Drive|[silent]\n|-hitcount|p2: Iron Moth|4\n|\n|upkeep\n|\n|t:|1700365466\n|switch|p2a: Kingambit|Kingambit, F, shiny|100\/100\n|-activate|p2a: Kingambit|ability: Supreme Overlord\n|-start|p2a: Kingambit|fallen3|[silent]\n|turn|12\n|\n|t:|1700365474\n|move|p1a: Hold|Encore||[still]\n|-fail|p1a: Hold\n|move|p2a: Kingambit|Brick Break|p1a: Hold\n|-supereffective|p1a: Hold\n|-damage|p1a: Hold|0 fnt\n|faint|p1a: Hold\n|\n|upkeep\n|\n|t:|1700365480\n|switch|p1a: Sappy|Dipplin, M|9\/100\n|turn|13\n|\n|t:|1700365486\n|move|p2a: Kingambit|Kowtow Cleave|p1a: Sappy\n|-damage|p1a: Sappy|0 fnt\n|faint|p1a: Sappy\n|\n|upkeep\n|\n|t:|1700365489\n|switch|p1a: Luna|Ursaluna, F, shiny|100\/100\n|turn|14\n|\n|t:|1700365496\n|-end|p2a: Kingambit|fallen3|[silent]\n|switch|p2a: Toxapex|Toxapex, F, shiny|85\/100\n|move|p1a: Luna|Fire Punch|p2a: Toxapex\n|-resisted|p2a: Toxapex\n|-damage|p2a: Toxapex|75\/100\n|\n|-heal|p2a: Toxapex|82\/100|[from] item: Leftovers\n|-status|p1a: Luna|brn|[from] item: Flame Orb\n|upkeep\n|turn|15\n|\n|t:|1700365507\n|move|p2a: Toxapex|Baneful Bunker|p2a: Toxapex\n|-singleturn|p2a: Toxapex|move: Protect\n|move|p1a: Luna|Headlong Rush|p2a: Toxapex\n|-activate|p2a: Toxapex|move: Protect\n|\n|-heal|p2a: Toxapex|88\/100|[from] item: Leftovers\n|-damage|p1a: Luna|94\/100 brn|[from] brn\n|upkeep\n|turn|16\n|\n|t:|1700365516\n|move|p1a: Luna|Swords Dance|p1a: Luna\n|-boost|p1a: Luna|atk|2\n|move|p2a: Toxapex|Surf|p1a: Luna\n|-supereffective|p1a: Luna\n|-damage|p1a: Luna|60\/100 brn\n|\n|-heal|p2a: Toxapex|94\/100|[from] item: Leftovers\n|-damage|p1a: Luna|54\/100 brn|[from] brn\n|upkeep\n|turn|17\n|\n|t:|1700365524\n|move|p1a: Luna|Headlong Rush|p2a: Toxapex\n|-supereffective|p2a: Toxapex\n|-damage|p2a: Toxapex|0 fnt\n|-unboost|p1a: Luna|def|1\n|-unboost|p1a: Luna|spd|1\n|faint|p2a: Toxapex\n|\n|-damage|p1a: Luna|48\/100 brn|[from] brn\n|upkeep\n|\n|t:|1700365534\n|switch|p2a: Kingambit|Kingambit, F, shiny|100\/100\n|-activate|p2a: Kingambit|ability: Supreme Overlord\n|-start|p2a: Kingambit|fallen4|[silent]\n|turn|18\n|\n|t:|1700365542\n|move|p1a: Luna|Headlong Rush|p2a: Kingambit\n|-supereffective|p2a: Kingambit\n|-damage|p2a: Kingambit|0 fnt\n|-unboost|p1a: Luna|def|1\n|-unboost|p1a: Luna|spd|1\n|faint|p2a: Kingambit\n|-end|p2a: Kingambit|fallen4|[silent]\n|\n|-damage|p1a: Luna|42\/100 brn|[from] brn\n|upkeep\n|\n|t:|1700365549\n|switch|p2a: Landorus|Landorus-Therian, M, shiny|100\/100\n|-ability|p2a: Landorus|Intimidate|boost\n|-unboost|p1a: Luna|atk|1\n|turn|19\n|\n|t:|1700365570\n|-terastallize|p2a: Landorus|Flying\n|-terastallize|p1a: Luna|Normal\n|move|p2a: Landorus|Tera Blast|p1a: Luna|[anim] Tera Blast Flying\n|-damage|p1a: Luna|0 fnt\n|faint|p1a: Luna\n|\n|upkeep\n|\n|t:|1700365576\n|switch|p1a: Roku|Kingambit, M|100\/100\n|-activate|p1a: Roku|ability: Supreme Overlord\n|-start|p1a: Roku|fallen5|[silent]\n|turn|20\n|\n|t:|1700365583\n|move|p1a: Roku|Sucker Punch|p2a: Landorus\n|-damage|p2a: Landorus|20\/100\n|-damage|p1a: Roku|84\/100|[from] item: Rocky Helmet|[of] p2a: Landorus\n|move|p2a: Landorus|Earthquake|p1a: Roku\n|-supereffective|p1a: Roku\n|-damage|p1a: Roku|0 fnt\n|faint|p1a: Roku\n|-end|p1a: Roku|fallen5|[silent]\n|\n|win|mizdrev\n|raw|IJCares's rating: 1071 &rarr; <strong>1052<\/strong><br \/>(-19 for losing)\n|raw|mizdrev's rating: 1107 &rarr; <strong>1129<\/strong><br \/>(+22 for winning)\n|l|\u2606IJCares\n","uploadtime":1700365602,"views":9,"p1id":"ijcares","p2id":"mizdrev","formatid":"gen9ou","rating":1052,"private":0,"password":""}