{"id":"gen9ou-1995564973","p1":"Gigglesmcgoo","p2":"christmascracker44","format":"[Gen 9] OU","log":"|j|\u2606Gigglesmcgoo\n|j|\u2606christmascracker44\n|t:|1700583336\n|gametype|singles\n|player|p1|Gigglesmcgoo|169|1327\n|player|p2|christmascracker44|102|1434\n|teamsize|p1|6\n|teamsize|p2|6\n|gen|9\n|tier|[Gen 9] OU\n|rated|\n|rule|Sleep Clause Mod: Limit one foe put to sleep\n|rule|Species Clause: Limit one of each Pok\u00e9mon\n|rule|OHKO Clause: OHKO moves are banned\n|rule|Evasion Items Clause: Evasion items are banned\n|rule|Evasion Moves Clause: Evasion moves are banned\n|rule|Endless Battle Clause: Forcing endless battles is banned\n|rule|HP Percentage Mod: HP is shown in percentages\n|clearpoke\n|poke|p1|Garganacl, F|\n|poke|p1|Dragapult, M|\n|poke|p1|Great Tusk|\n|poke|p1|Gholdengo|\n|poke|p1|Kingambit, M|\n|poke|p1|Weezing-Galar, F|\n|poke|p2|Ogerpon-Wellspring, F|\n|poke|p2|Corviknight, M|\n|poke|p2|Kingambit, M|\n|poke|p2|Rotom-Wash|\n|poke|p2|Scream Tail|\n|poke|p2|Clodsire, F|\n|teampreview\n|inactive|Battle timer is ON: inactive players will automatically lose when time's up. (requested by christmascracker44)\n|\n|t:|1700583361\n|start\n|switch|p1a: Garganacl|Garganacl, F|100\/100\n|switch|p2a: Clodsire|Clodsire, F|100\/100\n|turn|1\n|\n|t:|1700583375\n|move|p1a: Garganacl|Salt Cure|p2a: Clodsire\n|-resisted|p2a: Clodsire\n|-damage|p2a: Clodsire|93\/100\n|-start|p2a: Clodsire|Salt Cure\n|move|p2a: Clodsire|Stealth Rock|p1a: Garganacl\n|-sidestart|p1: Gigglesmcgoo|move: Stealth Rock\n|\n|-heal|p2a: Clodsire|99\/100|[from] item: Leftovers\n|-damage|p2a: Clodsire|87\/100|[from] Salt Cure\n|upkeep\n|turn|2\n|\n|t:|1700583385\n|switch|p2a: Rotom|Rotom-Wash|100\/100\n|move|p1a: Garganacl|Iron Defense|p1a: Garganacl\n|-boost|p1a: Garganacl|def|2\n|\n|upkeep\n|turn|3\n|\n|t:|1700583392\n|-terastallize|p1a: Garganacl|Ghost\n|move|p2a: Rotom|Trick|p1a: Garganacl\n|-activate|p2a: Rotom|move: Trick|[of] p1a: Garganacl\n|-item|p1a: Garganacl|Choice Scarf|[from] move: Trick\n|-item|p2a: Rotom|Leftovers|[from] move: Trick\n|move|p1a: Garganacl|Salt Cure|p2a: Rotom\n|-damage|p2a: Rotom|83\/100\n|-start|p2a: Rotom|Salt Cure\n|\n|-heal|p2a: Rotom|89\/100|[from] item: Leftovers\n|-damage|p2a: Rotom|64\/100|[from] Salt Cure\n|upkeep\n|turn|4\n|\n|t:|1700583403\n|switch|p2a: Clodsire|Clodsire, F|87\/100\n|move|p1a: Garganacl|Salt Cure|p2a: Clodsire\n|-resisted|p2a: Clodsire\n|-damage|p2a: Clodsire|79\/100\n|-start|p2a: Clodsire|Salt Cure\n|\n|-heal|p2a: Clodsire|85\/100|[from] item: Leftovers\n|-damage|p2a: Clodsire|73\/100|[from] Salt Cure\n|upkeep\n|turn|5\n|\n|t:|1700583413\n|move|p1a: Garganacl|Salt Cure|p2a: Clodsire\n|-resisted|p2a: Clodsire\n|-damage|p2a: Clodsire|66\/100\n|move|p2a: Clodsire|Earthquake|p1a: Garganacl\n|-damage|p1a: Garganacl|91\/100\n|\n|-heal|p2a: Clodsire|72\/100|[from] item: Leftovers\n|-damage|p2a: Clodsire|60\/100|[from] Salt Cure\n|upkeep\n|turn|6\n|\n|t:|1700583424\n|move|p1a: Garganacl|Salt Cure|p2a: Clodsire\n|-resisted|p2a: Clodsire\n|-damage|p2a: Clodsire|52\/100\n|move|p2a: Clodsire|Recover|p2a: Clodsire\n|-heal|p2a: Clodsire|100\/100\n|\n|-damage|p2a: Clodsire|88\/100|[from] Salt Cure\n|upkeep\n|turn|7\n|inactive|christmascracker44 has 120 seconds left.\n|\n|t:|1700583460\n|switch|p1a: Great Tusk|Great Tusk|100\/100\n|-damage|p1a: Great Tusk|98\/100|[from] Stealth Rock\n|switch|p2a: Rotom|Rotom-Wash|64\/100\n|\n|-heal|p2a: Rotom|71\/100|[from] item: Leftovers\n|upkeep\n|turn|8\n|inactive|christmascracker44 has 120 seconds left.\n|\n|t:|1700583469\n|move|p1a: Great Tusk|Rapid Spin|p2a: Rotom\n|-damage|p2a: Rotom|45\/100\n|-boost|p1a: Great Tusk|spe|1\n|-sideend|p1: Gigglesmcgoo|Stealth Rock|[from] move: Rapid Spin|[of] p1a: Great Tusk\n|move|p2a: Rotom|Hydro Pump|p1a: Great Tusk\n|-supereffective|p1a: Great Tusk\n|-damage|p1a: Great Tusk|0 fnt\n|faint|p1a: Great Tusk\n|-end|p1a: Great Tusk|Protosynthesis|[silent]\n|\n|-heal|p2a: Rotom|52\/100|[from] item: Leftovers\n|upkeep\n|\n|t:|1700583481\n|switch|p1a: Garganacl|Garganacl, F, tera:Ghost|91\/100\n|turn|9\n|\n|t:|1700583495\n|move|p2a: Rotom|Trick|p1a: Garganacl\n|-activate|p2a: Rotom|move: Trick|[of] p1a: Garganacl\n|-item|p1a: Garganacl|Leftovers|[from] move: Trick\n|-item|p2a: Rotom|Choice Scarf|[from] move: Trick\n|move|p1a: Garganacl|Body Press|p2a: Rotom\n|-damage|p2a: Rotom|22\/100\n|\n|-heal|p1a: Garganacl|97\/100|[from] item: Leftovers\n|upkeep\n|turn|10\n|\n|t:|1700583507\n|switch|p1a: Gholdengo|Gholdengo|100\/100\n|move|p2a: Rotom|Trick|p1a: Gholdengo\n|-immune|p1a: Gholdengo|[from] ability: Good as Gold\n|\n|upkeep\n|turn|11\n|\n|t:|1700583518\n|switch|p2a: Clodsire|Clodsire, F|88\/100\n|move|p1a: Gholdengo|Shadow Ball|p2a: Clodsire\n|-damage|p2a: Clodsire|70\/100\n|\n|-heal|p2a: Clodsire|76\/100|[from] item: Leftovers\n|upkeep\n|turn|12\n|\n|t:|1700583530\n|switch|p1a: Weezing|Weezing-Galar, F|100\/100\n|move|p2a: Clodsire|Stealth Rock|p1a: Weezing\n|-sidestart|p1: Gigglesmcgoo|move: Stealth Rock\n|\n|-heal|p2a: Clodsire|82\/100|[from] item: Leftovers\n|upkeep\n|turn|13\n|\n|t:|1700583538\n|switch|p2a: Corviknight|Corviknight, M|100\/100\n|-ability|p2a: Corviknight|Pressure\n|move|p1a: Weezing|Defog|p2a: Corviknight\n|-unboost|p2a: Corviknight|evasion|1\n|-sideend|p1: Gigglesmcgoo|Stealth Rock|[from] move: Defog|[of] p1a: Weezing\n|\n|upkeep\n|turn|14\n|\n|t:|1700583553\n|switch|p1a: Gholdengo|Gholdengo|100\/100\n|move|p2a: Corviknight|U-turn|p1a: Gholdengo\n|-resisted|p1a: Gholdengo\n|-damage|p1a: Gholdengo|98\/100\n|\n|t:|1700583558\n|switch|p2a: Kingambit|Kingambit, M|100\/100|[from] U-turn\n|\n|upkeep\n|turn|15\n|\n|t:|1700583564\n|-end|p2a: Kingambit|fallenundefined|[silent]\n|switch|p2a: Rotom|Rotom-Wash|22\/100\n|move|p1a: Gholdengo|Trick|p2a: Rotom\n|-activate|p1a: Gholdengo|move: Trick|[of] p2a: Rotom\n|-item|p2a: Rotom|Choice Scarf|[from] move: Trick\n|-item|p1a: Gholdengo|Choice Scarf|[from] move: Trick\n|\n|upkeep\n|turn|16\n|\n|t:|1700583571\n|move|p2a: Rotom|Volt Switch|p1a: Gholdengo\n|-damage|p1a: Gholdengo|68\/100\n|\n|t:|1700583574\n|switch|p2a: Clodsire|Clodsire, F|82\/100|[from] Volt Switch\n|move|p1a: Gholdengo|Shadow Ball|p2a: Clodsire\n|-damage|p2a: Clodsire|63\/100\n|\n|-heal|p2a: Clodsire|69\/100|[from] item: Leftovers\n|upkeep\n|turn|17\n|\n|t:|1700583590\n|switch|p1a: Weezing|Weezing-Galar, F|100\/100\n|switch|p2a: Kingambit|Kingambit, M|100\/100\n|\n|upkeep\n|turn|18\n|\n|t:|1700583599\n|switch|p1a: Gholdengo|Gholdengo|68\/100\n|move|p2a: Kingambit|Swords Dance|p2a: Kingambit\n|-boost|p2a: Kingambit|atk|2\n|\n|upkeep\n|turn|19\n|\n|t:|1700583606\n|move|p1a: Gholdengo|Trick|p2a: Kingambit\n|-activate|p1a: Gholdengo|move: Trick|[of] p2a: Kingambit\n|-item|p2a: Kingambit|Choice Scarf|[from] move: Trick\n|-item|p1a: Gholdengo|Leftovers|[from] move: Trick\n|move|p2a: Kingambit|Kowtow Cleave|p1a: Gholdengo\n|-supereffective|p1a: Gholdengo\n|-damage|p1a: Gholdengo|0 fnt\n|faint|p1a: Gholdengo\n|\n|upkeep\n|\n|t:|1700583616\n|switch|p1a: Weezing|Weezing-Galar, F|100\/100\n|turn|20\n|\n|t:|1700583619\n|move|p2a: Kingambit|Kowtow Cleave|p1a: Weezing\n|-resisted|p1a: Weezing\n|-damage|p1a: Weezing|55\/100\n|move|p1a: Weezing|Haze|p1a: Weezing\n|-clearallboost\n|\n|-heal|p1a: Weezing|61\/100|[from] item: Black Sludge\n|upkeep\n|turn|21\n|\n|t:|1700583633\n|-end|p2a: Kingambit|fallenundefined|[silent]\n|switch|p2a: Clodsire|Clodsire, F|69\/100\n|move|p1a: Weezing|Strange Steam|p2a: Clodsire\n|-resisted|p2a: Clodsire\n|-damage|p2a: Clodsire|62\/100\n|\n|-heal|p1a: Weezing|67\/100|[from] item: Black Sludge\n|-heal|p2a: Clodsire|68\/100|[from] item: Leftovers\n|upkeep\n|turn|22\n|\n|t:|1700583658\n|switch|p1a: Garganacl|Garganacl, F, tera:Ghost|97\/100\n|move|p2a: Clodsire|Recover|p2a: Clodsire\n|-heal|p2a: Clodsire|100\/100\n|\n|-heal|p1a: Garganacl|100\/100|[from] item: Leftovers\n|upkeep\n|turn|23\n|\n|t:|1700583666\n|switch|p2a: Scream Tail|Scream Tail|100\/100\n|move|p1a: Garganacl|Salt Cure|p2a: Scream Tail\n|-damage|p2a: Scream Tail|90\/100\n|-start|p2a: Scream Tail|Salt Cure\n|\n|-heal|p2a: Scream Tail|96\/100|[from] item: Leftovers\n|-damage|p2a: Scream Tail|84\/100|[from] Salt Cure\n|upkeep\n|turn|24\n|\n|t:|1700583692\n|move|p2a: Scream Tail|Wish|p2a: Scream Tail\n|move|p1a: Garganacl|Iron Defense|p1a: Garganacl\n|-boost|p1a: Garganacl|def|2\n|\n|-heal|p2a: Scream Tail|90\/100|[from] item: Leftovers\n|-damage|p2a: Scream Tail|77\/100|[from] Salt Cure\n|upkeep\n|turn|25\n|\n|t:|1700583700\n|move|p2a: Scream Tail|Encore|p1a: Garganacl\n|-start|p1a: Garganacl|Encore\n|move|p1a: Garganacl|Iron Defense|p1a: Garganacl\n|-boost|p1a: Garganacl|def|2\n|\n|-heal|p2a: Scream Tail|100\/100|[from] move: Wish|[wisher] Scream Tail\n|-damage|p2a: Scream Tail|88\/100|[from] Salt Cure\n|upkeep\n|turn|26\n|\n|t:|1700583709\n|-end|p2a: Scream Tail|Protosynthesis|[silent]\n|switch|p2a: Rotom|Rotom-Wash|22\/100\n|move|p1a: Garganacl|Iron Defense|p1a: Garganacl\n|-boost|p1a: Garganacl|def|2\n|\n|upkeep\n|turn|27\n|\n|t:|1700583721\n|switch|p1a: Weezing|Weezing-Galar, F|67\/100\n|move|p2a: Rotom|Trick|p1a: Weezing\n|-activate|p2a: Rotom|move: Trick|[of] p1a: Weezing\n|-item|p1a: Weezing|Choice Scarf|[from] move: Trick\n|-item|p2a: Rotom|Black Sludge|[from] move: Trick\n|\n|-damage|p2a: Rotom|9\/100|[from] item: Black Sludge\n|upkeep\n|turn|28\n|\n|t:|1700583734\n|move|p2a: Rotom|Volt Switch|p1a: Weezing\n|-damage|p1a: Weezing|38\/100\n|\n|t:|1700583741\n|switch|p2a: Kingambit|Kingambit, M|100\/100|[from] Volt Switch\n|move|p1a: Weezing|Sludge Bomb|p2a: Kingambit\n|-immune|p2a: Kingambit\n|\n|upkeep\n|turn|29\n|\n|t:|1700583756\n|switch|p1a: Kingambit|Kingambit, M|100\/100\n|-activate|p1a: Kingambit|ability: Supreme Overlord\n|-start|p1a: Kingambit|fallen2|[silent]\n|move|p2a: Kingambit|Kowtow Cleave|p1a: Kingambit\n|-resisted|p1a: Kingambit\n|-damage|p1a: Kingambit|82\/100\n|\n|-heal|p1a: Kingambit|88\/100|[from] item: Leftovers\n|upkeep\n|turn|30\n|\n|t:|1700583766\n|-end|p2a: Kingambit|fallenundefined|[silent]\n|switch|p2a: Scream Tail|Scream Tail|88\/100\n|move|p1a: Kingambit|Swords Dance|p1a: Kingambit\n|-boost|p1a: Kingambit|atk|2\n|\n|-heal|p2a: Scream Tail|94\/100|[from] item: Leftovers\n|-heal|p1a: Kingambit|94\/100|[from] item: Leftovers\n|upkeep\n|turn|31\n|\n|t:|1700583775\n|move|p2a: Scream Tail|Thunder Wave|p1a: Kingambit\n|-status|p1a: Kingambit|par\n|cant|p1a: Kingambit|par\n|\n|-heal|p2a: Scream Tail|100\/100|[from] item: Leftovers\n|-heal|p1a: Kingambit|99\/100 par|[from] item: Leftovers\n|upkeep\n|turn|32\n|\n|t:|1700583785\n|move|p2a: Scream Tail|Encore|p1a: Kingambit\n|-start|p1a: Kingambit|Encore\n|move|p1a: Kingambit|Swords Dance|p1a: Kingambit\n|-boost|p1a: Kingambit|atk|2\n|\n|-heal|p1a: Kingambit|100\/100 par|[from] item: Leftovers\n|upkeep\n|turn|33\n|\n|t:|1700583799\n|-end|p2a: Scream Tail|Protosynthesis|[silent]\n|switch|p2a: Rotom|Rotom-Wash|9\/100\n|-end|p1a: Kingambit|fallen2|[silent]\n|switch|p1a: Weezing|Weezing-Galar, F|38\/100\n|\n|-damage|p2a: Rotom|0 fnt|[from] item: Black Sludge\n|faint|p2a: Rotom\n|upkeep\n|\n|t:|1700583810\n|switch|p2a: Ogerpon|Ogerpon-Wellspring, F|100\/100\n|turn|34\n|\n|t:|1700583822\n|-terastallize|p2a: Ogerpon|Water\n|detailschange|p2a: Ogerpon|Ogerpon-Wellspring-Tera, F, tera:Water\n|-ability|p2a: Ogerpon|Embody Aspect (Wellspring)|boost\n|-boost|p2a: Ogerpon|spd|1\n|move|p2a: Ogerpon|Ivy Cudgel|p1a: Weezing|[anim] Ivy Cudgel Water\n|-damage|p1a: Weezing|0 fnt\n|faint|p1a: Weezing\n|\n|upkeep\n|\n|t:|1700583833\n|switch|p1a: Garganacl|Garganacl, F, tera:Ghost|100\/100\n|turn|35\n|\n|t:|1700583841\n|move|p2a: Ogerpon|Swords Dance|p2a: Ogerpon\n|-boost|p2a: Ogerpon|atk|2\n|move|p1a: Garganacl|Iron Defense|p1a: Garganacl\n|-boost|p1a: Garganacl|def|2\n|\n|upkeep\n|turn|36\n|\n|t:|1700583847\n|move|p2a: Ogerpon|Ivy Cudgel|p1a: Garganacl|[anim] Ivy Cudgel Water\n|-damage|p1a: Garganacl|51\/100\n|move|p1a: Garganacl|Iron Defense|p1a: Garganacl\n|-boost|p1a: Garganacl|def|2\n|\n|-heal|p1a: Garganacl|58\/100|[from] item: Leftovers\n|upkeep\n|turn|37\n|\n|t:|1700583856\n|move|p2a: Ogerpon|Swords Dance|p2a: Ogerpon\n|-boost|p2a: Ogerpon|atk|2\n|move|p1a: Garganacl|Recover|p1a: Garganacl\n|-heal|p1a: Garganacl|100\/100\n|\n|upkeep\n|turn|38\n|\n|t:|1700583865\n|move|p2a: Ogerpon|Ivy Cudgel|p1a: Garganacl|[anim] Ivy Cudgel Water\n|-damage|p1a: Garganacl|51\/100\n|move|p1a: Garganacl|Body Press|p2a: Ogerpon\n|-damage|p2a: Ogerpon|8\/100\n|\n|-heal|p1a: Garganacl|58\/100|[from] item: Leftovers\n|upkeep\n|turn|39\n|\n|t:|1700583876\n|move|p2a: Ogerpon|Ivy Cudgel|p1a: Garganacl|[anim] Ivy Cudgel Water\n|-damage|p1a: Garganacl|5\/100\n|move|p1a: Garganacl|Recover|p1a: Garganacl\n|-heal|p1a: Garganacl|55\/100\n|\n|-heal|p1a: Garganacl|61\/100|[from] item: Leftovers\n|upkeep\n|turn|40\n|\n|t:|1700583892\n|move|p2a: Ogerpon|Ivy Cudgel|p1a: Garganacl|[anim] Ivy Cudgel Water\n|-damage|p1a: Garganacl|6\/100\n|move|p1a: Garganacl|Recover|p1a: Garganacl\n|-heal|p1a: Garganacl|56\/100\n|\n|-heal|p1a: Garganacl|63\/100|[from] item: Leftovers\n|upkeep\n|turn|41\n|\n|t:|1700583900\n|move|p2a: Ogerpon|Ivy Cudgel|p1a: Garganacl|[anim] Ivy Cudgel Water\n|-damage|p1a: Garganacl|13\/100\n|move|p1a: Garganacl|Body Press|p2a: Ogerpon\n|-damage|p2a: Ogerpon|0 fnt\n|faint|p2a: Ogerpon\n|\n|-heal|p1a: Garganacl|19\/100|[from] item: Leftovers\n|upkeep\n|\n|t:|1700583905\n|switch|p2a: Kingambit|Kingambit, M|100\/100\n|-activate|p2a: Kingambit|ability: Supreme Overlord\n|-start|p2a: Kingambit|fallen2|[silent]\n|turn|42\n|\n|t:|1700583916\n|move|p2a: Kingambit|Kowtow Cleave|p1a: Garganacl\n|-supereffective|p1a: Garganacl\n|-crit|p1a: Garganacl\n|-damage|p1a: Garganacl|0 fnt\n|faint|p1a: Garganacl\n|\n|upkeep\n|\n|t:|1700583921\n|switch|p1a: Kingambit|Kingambit, M|100\/100 par\n|-activate|p1a: Kingambit|ability: Supreme Overlord\n|-start|p1a: Kingambit|fallen4|[silent]\n|turn|43\n|\n|t:|1700583927\n|-end|p2a: Kingambit|fallen2|[silent]\n|switch|p2a: Scream Tail|Scream Tail|100\/100\n|move|p1a: Kingambit|Brick Break|p2a: Scream Tail\n|-resisted|p2a: Scream Tail\n|-damage|p2a: Scream Tail|92\/100\n|\n|-heal|p2a: Scream Tail|98\/100|[from] item: Leftovers\n|upkeep\n|turn|44\n|\n|t:|1700583935\n|move|p2a: Scream Tail|Encore|p1a: Kingambit\n|-start|p1a: Kingambit|Encore\n|move|p1a: Kingambit|Brick Break|p2a: Scream Tail\n|-resisted|p2a: Scream Tail\n|-damage|p2a: Scream Tail|90\/100\n|\n|-heal|p2a: Scream Tail|96\/100|[from] item: Leftovers\n|upkeep\n|turn|45\n|\n|t:|1700583946\n|move|p2a: Scream Tail|Dazzling Gleam|p1a: Kingambit\n|-damage|p1a: Kingambit|81\/100 par\n|move|p1a: Kingambit|Brick Break|p2a: Scream Tail\n|-resisted|p2a: Scream Tail\n|-damage|p2a: Scream Tail|89\/100\n|\n|-heal|p2a: Scream Tail|95\/100|[from] item: Leftovers\n|-heal|p1a: Kingambit|87\/100 par|[from] item: Leftovers\n|upkeep\n|turn|46\n|\n|t:|1700583956\n|move|p2a: Scream Tail|Dazzling Gleam|p1a: Kingambit\n|-damage|p1a: Kingambit|69\/100 par\n|move|p1a: Kingambit|Brick Break|p2a: Scream Tail\n|-resisted|p2a: Scream Tail\n|-damage|p2a: Scream Tail|87\/100\n|\n|-heal|p2a: Scream Tail|93\/100|[from] item: Leftovers\n|-heal|p1a: Kingambit|75\/100 par|[from] item: Leftovers\n|-end|p1a: Kingambit|Encore\n|upkeep\n|turn|47\n|\n|t:|1700583968\n|-end|p2a: Scream Tail|Protosynthesis|[silent]\n|switch|p2a: Clodsire|Clodsire, F|100\/100\n|-end|p1a: Kingambit|fallen4|[silent]\n|switch|p1a: Dragapult|Dragapult, M|100\/100\n|\n|upkeep\n|turn|48\n|\n|t:|1700583978\n|move|p1a: Dragapult|Draco Meteor|p2a: Clodsire\n|-damage|p2a: Clodsire|56\/100\n|-unboost|p1a: Dragapult|spa|2\n|move|p2a: Clodsire|Stealth Rock|p1a: Dragapult\n|-sidestart|p1: Gigglesmcgoo|move: Stealth Rock\n|\n|-heal|p2a: Clodsire|62\/100|[from] item: Leftovers\n|upkeep\n|turn|49\n|c|\u2606Gigglesmcgoo|Well I got to go back to work so enjoy your stall\n|-message|Gigglesmcgoo forfeited.\n|\n|win|christmascracker44\n|raw|Gigglesmcgoo's rating: 1327 &rarr; <strong>1313<\/strong><br \/>(-14 for losing)\n|raw|christmascracker44's rating: 1434 &rarr; <strong>1448<\/strong><br \/>(+14 for winning)\n|l|\u2606Gigglesmcgoo\n|c|\u2606christmascracker44|lol\n","uploadtime":1700584015,"views":14,"p1id":"gigglesmcgoo","p2id":"christmascracker44","formatid":"gen9ou","rating":1313,"private":0,"password":""}