{"id":"gen9ou-1988677832","p1":"Realbirdshoota","p2":"PureVessel00","format":"[Gen 9] OU","log":"|j|\u2606Realbirdshoota\n|j|\u2606PureVessel00\n|t:|1699749522\n|gametype|singles\n|player|p1|Realbirdshoota|170|1298\n|player|p2|PureVessel00|pokemaniac|1355\n|teamsize|p1|6\n|teamsize|p2|6\n|gen|9\n|tier|[Gen 9] OU\n|rated|\n|rule|Sleep Clause Mod: Limit one foe put to sleep\n|rule|Species Clause: Limit one of each Pok\u00e9mon\n|rule|OHKO Clause: OHKO moves are banned\n|rule|Evasion Items Clause: Evasion items are banned\n|rule|Evasion Moves Clause: Evasion moves are banned\n|rule|Endless Battle Clause: Forcing endless battles is banned\n|rule|HP Percentage Mod: HP is shown in percentages\n|clearpoke\n|poke|p1|Great Tusk|\n|poke|p1|Zapdos|\n|poke|p1|Slowking-Galar, F|\n|poke|p1|Ogerpon-Wellspring, F|\n|poke|p1|Kingambit, M|\n|poke|p1|Iron Valiant|\n|poke|p2|Dragapult, F|\n|poke|p2|Skeledirge, M|\n|poke|p2|Mandibuzz, F|\n|poke|p2|Weezing-Galar, F|\n|poke|p2|Milotic, M|\n|poke|p2|Gliscor, F|\n|teampreview\n|\n|t:|1699749537\n|start\n|switch|p1a: Great Tusk|Great Tusk|100\/100\n|switch|p2a: Weezing|Weezing-Galar, F|100\/100\n|-ability|p2a: Weezing|Neutralizing Gas\n|turn|1\n|\n|t:|1699749547\n|move|p1a: Great Tusk|Stealth Rock|p2a: Weezing\n|-sidestart|p2: PureVessel00|move: Stealth Rock\n|move|p2a: Weezing|Will-O-Wisp|p1a: Great Tusk\n|-status|p1a: Great Tusk|brn\n|\n|-damage|p1a: Great Tusk|94\/100 brn|[from] brn\n|upkeep\n|turn|2\n|\n|t:|1699749554\n|-end|p2a: Weezing|ability: Neutralizing Gas\n|switch|p2a: Gliscor|Gliscor, F|100\/100\n|-damage|p2a: Gliscor|88\/100|[from] Stealth Rock\n|move|p1a: Great Tusk|Ice Spinner|p2a: Gliscor\n|-supereffective|p2a: Gliscor\n|-damage|p2a: Gliscor|50\/100\n|\n|-damage|p1a: Great Tusk|88\/100 brn|[from] brn\n|-status|p2a: Gliscor|tox|[from] item: Toxic Orb\n|upkeep\n|turn|3\n|\n|t:|1699749572\n|move|p2a: Gliscor|Protect|p2a: Gliscor\n|-singleturn|p2a: Gliscor|Protect\n|move|p1a: Great Tusk|Ice Spinner|p2a: Gliscor\n|-activate|p2a: Gliscor|move: Protect\n|\n|-heal|p2a: Gliscor|62\/100 tox|[from] ability: Poison Heal\n|-damage|p1a: Great Tusk|82\/100 brn|[from] brn\n|upkeep\n|turn|4\n|\n|t:|1699749583\n|switch|p2a: Weezing|Weezing-Galar, F|100\/100\n|-ability|p2a: Weezing|Neutralizing Gas\n|-damage|p2a: Weezing|88\/100|[from] Stealth Rock\n|move|p1a: Great Tusk|Ice Spinner|p2a: Weezing\n|-damage|p2a: Weezing|81\/100\n|\n|-heal|p2a: Weezing|87\/100|[from] item: Leftovers\n|-damage|p1a: Great Tusk|76\/100 brn|[from] brn\n|upkeep\n|turn|5\n|\n|t:|1699749595\n|-end|p1a: Great Tusk|Protosynthesis|[silent]\n|switch|p1a: Slowking|Slowking-Galar, F|100\/100\n|move|p2a: Weezing|Defog|p1a: Slowking\n|-unboost|p1a: Slowking|evasion|1\n|-sideend|p2: PureVessel00|Stealth Rock|[from] move: Defog|[of] p2a: Weezing\n|\n|-heal|p2a: Weezing|93\/100|[from] item: Leftovers\n|upkeep\n|turn|6\n|\n|t:|1699749604\n|move|p2a: Weezing|Will-O-Wisp|p1a: Slowking\n|-status|p1a: Slowking|brn\n|move|p1a: Slowking|Future Sight|p2a: Weezing\n|-start|p1a: Slowking|move: Future Sight\n|\n|-heal|p2a: Weezing|99\/100|[from] item: Leftovers\n|-damage|p1a: Slowking|94\/100 brn|[from] brn\n|upkeep\n|turn|7\n|\n|t:|1699749621\n|-end|p2a: Weezing|ability: Neutralizing Gas\n|switch|p2a: Mandibuzz|Mandibuzz, F|100\/100\n|move|p1a: Slowking|Sludge Bomb|p2a: Mandibuzz\n|-damage|p2a: Mandibuzz|74\/100\n|-status|p2a: Mandibuzz|psn\n|\n|-damage|p2a: Mandibuzz|62\/100 psn|[from] psn\n|-damage|p1a: Slowking|88\/100 brn|[from] brn\n|upkeep\n|turn|8\n|\n|t:|1699749634\n|move|p2a: Mandibuzz|Roost|p2a: Mandibuzz\n|-heal|p2a: Mandibuzz|100\/100 psn\n|-singleturn|p2a: Mandibuzz|move: Roost\n|move|p1a: Slowking|Chilly Reception|p1a: Slowking\n|-weather|Snow\n|\n|t:|1699749642\n|switch|p1a: Zapdos|Zapdos|100\/100|[from] Chilly Reception\n|\n|-weather|Snow|[upkeep]\n|-end|p2a: Mandibuzz|move: Future Sight\n|-immune|p2a: Mandibuzz\n|-damage|p2a: Mandibuzz|88\/100 psn|[from] psn\n|upkeep\n|turn|9\n|\n|t:|1699749653\n|switch|p2a: Milotic|Milotic, M|100\/100\n|move|p1a: Zapdos|Hurricane|p2a: Milotic\n|-damage|p2a: Milotic|68\/100\n|\n|-weather|Snow|[upkeep]\n|upkeep\n|turn|10\n|\n|t:|1699749662\n|move|p1a: Zapdos|Volt Switch|p2a: Milotic\n|-supereffective|p2a: Milotic\n|-damage|p2a: Milotic|31\/100\n|\n|t:|1699749666\n|switch|p1a: Slowking|Slowking-Galar, F|100\/100 brn|[from] Volt Switch\n|move|p2a: Milotic|Mirror Coat|p1a: Slowking\n|-damage|p1a: Slowking|26\/100 brn\n|\n|-weather|Snow|[upkeep]\n|-damage|p1a: Slowking|20\/100 brn|[from] brn\n|upkeep\n|turn|11\n|\n|t:|1699749674\n|switch|p1a: Zapdos|Zapdos|100\/100\n|move|p2a: Milotic|Recover|p2a: Milotic\n|-heal|p2a: Milotic|81\/100\n|\n|-weather|Snow|[upkeep]\n|upkeep\n|turn|12\n|\n|t:|1699749685\n|switch|p1a: Slowking|Slowking-Galar, F|53\/100 brn\n|move|p2a: Milotic|Mirror Coat||[still]\n|-fail|p2a: Milotic\n|\n|-weather|none\n|-damage|p1a: Slowking|47\/100 brn|[from] brn\n|upkeep\n|turn|13\n|\n|t:|1699749691\n|move|p2a: Milotic|Scald|p1a: Slowking\n|-damage|p1a: Slowking|32\/100 brn\n|move|p1a: Slowking|Chilly Reception|p1a: Slowking\n|-weather|Snow\n|\n|t:|1699749701\n|switch|p1a: Ogerpon|Ogerpon-Wellspring, F|100\/100|[from] Chilly Reception\n|\n|-weather|Snow|[upkeep]\n|upkeep\n|turn|14\n|\n|t:|1699749707\n|switch|p2a: Weezing|Weezing-Galar, F|99\/100\n|-ability|p2a: Weezing|Neutralizing Gas\n|move|p1a: Ogerpon|Knock Off|p2a: Weezing\n|-resisted|p2a: Weezing\n|-damage|p2a: Weezing|85\/100\n|-enditem|p2a: Weezing|Leftovers|[from] move: Knock Off|[of] p1a: Ogerpon\n|\n|-weather|Snow|[upkeep]\n|upkeep\n|turn|15\n|\n|t:|1699749719\n|switch|p1a: Slowking|Slowking-Galar, F|65\/100 brn\n|move|p2a: Weezing|Sludge Bomb|p1a: Slowking\n|-resisted|p1a: Slowking\n|-damage|p1a: Slowking|57\/100 brn\n|\n|-weather|Snow|[upkeep]\n|-damage|p1a: Slowking|51\/100 brn|[from] brn\n|upkeep\n|turn|16\n|\n|t:|1699749728\n|-end|p2a: Weezing|ability: Neutralizing Gas\n|switch|p2a: Dragapult|Dragapult, F|100\/100\n|move|p1a: Slowking|Future Sight|p2a: Dragapult\n|-start|p1a: Slowking|move: Future Sight\n|\n|-weather|Snow|[upkeep]\n|-damage|p1a: Slowking|45\/100 brn|[from] brn\n|upkeep\n|turn|17\n|\n|t:|1699749745\n|switch|p1a: Kingambit|Kingambit, M|100\/100\n|move|p2a: Dragapult|Shadow Ball|p1a: Kingambit\n|-resisted|p1a: Kingambit\n|-damage|p1a: Kingambit|72\/100\n|\n|-weather|none\n|upkeep\n|turn|18\n|\n|t:|1699749756\n|switch|p2a: Mandibuzz|Mandibuzz, F|88\/100 psn\n|move|p1a: Kingambit|Kowtow Cleave|p2a: Mandibuzz\n|-resisted|p2a: Mandibuzz\n|-damage|p2a: Mandibuzz|71\/100 psn\n|\n|-end|p2a: Mandibuzz|move: Future Sight\n|-immune|p2a: Mandibuzz\n|-damage|p2a: Mandibuzz|59\/100 psn|[from] psn\n|upkeep\n|turn|19\n|\n|t:|1699749770\n|move|p2a: Mandibuzz|Roost|p2a: Mandibuzz\n|-heal|p2a: Mandibuzz|100\/100 psn\n|-singleturn|p2a: Mandibuzz|move: Roost\n|move|p1a: Kingambit|Low Kick|p2a: Mandibuzz\n|-supereffective|p2a: Mandibuzz\n|-damage|p2a: Mandibuzz|73\/100 psn\n|\n|-damage|p2a: Mandibuzz|61\/100 psn|[from] psn\n|upkeep\n|turn|20\n|\n|t:|1699749781\n|switch|p2a: Weezing|Weezing-Galar, F|85\/100\n|-ability|p2a: Weezing|Neutralizing Gas\n|move|p1a: Kingambit|Kowtow Cleave|p2a: Weezing\n|-resisted|p2a: Weezing\n|-damage|p2a: Weezing|64\/100\n|\n|upkeep\n|turn|21\n|\n|t:|1699749793\n|-end|p1a: Kingambit|fallenundefined|[silent]\n|switch|p1a: Slowking|Slowking-Galar, F|78\/100 brn\n|move|p2a: Weezing|Will-O-Wisp|p1a: Slowking\n|-fail|p1a: Slowking|brn\n|\n|-damage|p1a: Slowking|72\/100 brn|[from] brn\n|upkeep\n|turn|22\n|\n|t:|1699749805\n|move|p2a: Weezing|Will-O-Wisp|p1a: Slowking\n|-fail|p1a: Slowking|brn\n|move|p1a: Slowking|Future Sight|p2a: Weezing\n|-start|p1a: Slowking|move: Future Sight\n|\n|-damage|p1a: Slowking|66\/100 brn|[from] brn\n|upkeep\n|turn|23\n|\n|t:|1699749812\n|-end|p2a: Weezing|ability: Neutralizing Gas\n|switch|p2a: Mandibuzz|Mandibuzz, F|61\/100 psn\n|move|p1a: Slowking|Chilly Reception|p1a: Slowking\n|-weather|Snow\n|\n|t:|1699749819\n|switch|p1a: Zapdos|Zapdos|100\/100|[from] Chilly Reception\n|\n|-weather|Snow|[upkeep]\n|-damage|p2a: Mandibuzz|48\/100 psn|[from] psn\n|upkeep\n|turn|24\n|\n|t:|1699749827\n|switch|p2a: Skeledirge|Skeledirge, M|100\/100\n|move|p1a: Zapdos|Volt Switch|p2a: Skeledirge\n|-damage|p2a: Skeledirge|75\/100\n|\n|t:|1699749839\n|switch|p1a: Great Tusk|Great Tusk|76\/100 brn|[from] Volt Switch\n|\n|-weather|Snow|[upkeep]\n|-end|p2a: Skeledirge|move: Future Sight\n|-damage|p2a: Skeledirge|40\/100\n|-damage|p1a: Great Tusk|69\/100 brn|[from] brn\n|upkeep\n|turn|25\n|\n|t:|1699749847\n|move|p1a: Great Tusk|Stealth Rock|p2a: Skeledirge\n|-sidestart|p2: PureVessel00|move: Stealth Rock\n|move|p2a: Skeledirge|Slack Off|p2a: Skeledirge\n|-heal|p2a: Skeledirge|90\/100\n|\n|-weather|Snow|[upkeep]\n|-damage|p1a: Great Tusk|63\/100 brn|[from] brn\n|upkeep\n|turn|26\n|\n|t:|1699749854\n|move|p1a: Great Tusk|Earthquake|p2a: Skeledirge\n|-supereffective|p2a: Skeledirge\n|-damage|p2a: Skeledirge|54\/100\n|move|p2a: Skeledirge|Torch Song|p1a: Great Tusk\n|-crit|p1a: Great Tusk\n|-damage|p1a: Great Tusk|0 fnt\n|-boost|p2a: Skeledirge|spa|1\n|faint|p1a: Great Tusk\n|-end|p1a: Great Tusk|Protosynthesis|[silent]\n|\n|-weather|Snow|[upkeep]\n|upkeep\n|\n|t:|1699749868\n|switch|p1a: Ogerpon|Ogerpon-Wellspring, F|100\/100\n|turn|27\n|\n|t:|1699749879\n|switch|p2a: Weezing|Weezing-Galar, F|64\/100\n|-ability|p2a: Weezing|Neutralizing Gas\n|-damage|p2a: Weezing|52\/100|[from] Stealth Rock\n|move|p1a: Ogerpon|Swords Dance|p1a: Ogerpon\n|-boost|p1a: Ogerpon|atk|2\n|\n|-weather|none\n|upkeep\n|turn|28\n|\n|t:|1699749889\n|move|p1a: Ogerpon|Ivy Cudgel|p2a: Weezing\n|-crit|p2a: Weezing\n|-damage|p2a: Weezing|0 fnt\n|faint|p2a: Weezing\n|-end|p2a: Weezing|ability: Neutralizing Gas\n|\n|upkeep\n|\n|t:|1699749895\n|switch|p2a: Dragapult|Dragapult, F|100\/100\n|-damage|p2a: Dragapult|88\/100|[from] Stealth Rock\n|turn|29\n|\n|t:|1699749915\n|-terastallize|p1a: Ogerpon|Water\n|detailschange|p1a: Ogerpon|Ogerpon-Wellspring-Tera, F, tera:Water\n|-ability|p1a: Ogerpon|Embody Aspect (Wellspring)|boost\n|-boost|p1a: Ogerpon|spd|1\n|move|p2a: Dragapult|Draco Meteor|p1a: Ogerpon|[miss]\n|-miss|p2a: Dragapult|p1a: Ogerpon\n|move|p1a: Ogerpon|Ivy Cudgel|p2a: Dragapult\n|-resisted|p2a: Dragapult\n|-damage|p2a: Dragapult|0 fnt\n|faint|p2a: Dragapult\n|\n|upkeep\n|-message|PureVessel00 forfeited.\n|\n|win|Realbirdshoota\n|raw|Realbirdshoota's rating: 1298 &rarr; <strong>1327<\/strong><br \/>(+29 for winning)\n|raw|PureVessel00's rating: 1355 &rarr; <strong>1332<\/strong><br \/>(-23 for losing)\n|l|\u2606PureVessel00\n","uploadtime":1699749932,"views":20,"p1id":"realbirdshoota","p2id":"purevessel00","formatid":"gen9ou","rating":1327,"private":0,"password":""}