{"id":"gen9ou-1989802791","p1":"JoltVolt2.0","p2":"freebird88","format":"[Gen 9] OU","log":"|j|\u2606JoltVolt2.0\n|j|\u2606freebird88\n|inactive|Battle timer is ON: inactive players will automatically lose when time's up.\n|t:|1699897010\n|gametype|singles\n|player|p1|JoltVolt2.0|psychic-gen4|\n|player|p2|freebird88|clown|\n|teamsize|p1|2\n|teamsize|p2|2\n|gen|9\n|tier|[Gen 9] OU\n|rated|Tournament battle\n|rule|Sleep Clause Mod: Limit one foe put to sleep\n|rule|Species Clause: Limit one of each Pok\u00e9mon\n|rule|OHKO Clause: OHKO moves are banned\n|rule|Evasion Items Clause: Evasion items are banned\n|rule|Evasion Moves Clause: Evasion moves are banned\n|rule|Endless Battle Clause: Forcing endless battles is banned\n|rule|HP Percentage Mod: HP is shown in percentages\n|clearpoke\n|poke|p1|Frosmoth, M|\n|poke|p1|Pawmo, F|\n|poke|p2|Chansey, F|\n|poke|p2|Cloyster, M|\n|teampreview\n|j|*Lady Monita \u2746\n|j| Yeet259\n|\n|t:|1699897016\n|start\n|switch|p1a: Pawmo|Pawmo, F|100\/100\n|switch|p2a: Chansey|Chansey, F|100\/100\n|turn|1\n|\n|t:|1699897022\n|move|p1a: Pawmo|Nuzzle|p2a: Chansey\n|-crit|p2a: Chansey\n|-damage|p2a: Chansey|95\/100\n|-status|p2a: Chansey|par\n|move|p2a: Chansey|Charm|p1a: Pawmo\n|-unboost|p1a: Pawmo|atk|2\n|\n|upkeep\n|turn|2\n|\n|t:|1699897031\n|move|p1a: Pawmo|Volt Switch|p2a: Chansey\n|-damage|p2a: Chansey|91\/100 par\n|j| DreamyFleur\n|\n|t:|1699897034\n|switch|p1a: Frosmoth|Frosmoth, M|100\/100|[from] Volt Switch\n|move|p2a: Chansey|Stealth Rock|p1a: Frosmoth\n|-sidestart|p1: JoltVolt2.0|move: Stealth Rock\n|\n|upkeep\n|turn|3\n|\n|t:|1699897039\n|move|p1a: Frosmoth|Substitute|p1a: Frosmoth\n|-start|p1a: Frosmoth|Substitute\n|-damage|p1a: Frosmoth|76\/100\n|move|p2a: Chansey|Seismic Toss|p1a: Frosmoth\n|-end|p1a: Frosmoth|Substitute\n|\n|upkeep\n|turn|4\n|\n|t:|1699897048\n|move|p1a: Frosmoth|Quiver Dance|p1a: Frosmoth\n|-boost|p1a: Frosmoth|spa|1\n|-boost|p1a: Frosmoth|spd|1\n|-boost|p1a: Frosmoth|spe|1\n|move|p2a: Chansey|Seismic Toss|p1a: Frosmoth\n|-damage|p1a: Frosmoth|40\/100\n|\n|upkeep\n|turn|5\n|\n|t:|1699897054\n|move|p1a: Frosmoth|Ice Beam|p2a: Chansey\n|-damage|p2a: Chansey|70\/100 par\n|move|p2a: Chansey|Seismic Toss|p1a: Frosmoth\n|-damage|p1a: Frosmoth|4\/100\n|\n|upkeep\n|turn|6\n|\n|t:|1699897060\n|move|p1a: Frosmoth|Ice Beam|p2a: Chansey\n|-damage|p2a: Chansey|50\/100 par\n|move|p2a: Chansey|Seismic Toss|p1a: Frosmoth\n|-damage|p1a: Frosmoth|0 fnt\n|faint|p1a: Frosmoth\n|\n|upkeep\n|\n|t:|1699897062\n|switch|p1a: Pawmo|Pawmo, F|100\/100\n|-damage|p1a: Pawmo|94\/100|[from] Stealth Rock\n|turn|7\n|-message|JoltVolt2.0 forfeited.\n|\n|win|freebird88\n|n|\u2606JoltVolt2.0|joltvolt20\n|n|\u2606freebird88|freebird88\n|n|*Lady Monita \u2746|ladymonita\n|n| Yeet259|yeet259\n|n| DreamyFleur|dreamyfleur\n","uploadtime":1699897071,"views":7,"p1id":"joltvolt20","p2id":"freebird88","formatid":"gen9ou","rating":0,"private":0,"password":""}