{"id":"gen9ou-1989609402","p1":"bdeg","p2":"Corbinc","format":"[Gen 9] OU","log":"|j|\u2606bdeg\n|j|\u2606Corbinc\n|t:|1699878400\n|gametype|singles\n|player|p1|bdeg|102|1048\n|player|p2|Corbinc|ghetsis-gen5bw|1102\n|teamsize|p1|6\n|teamsize|p2|6\n|gen|9\n|tier|[Gen 9] OU\n|rated|\n|rule|Sleep Clause Mod: Limit one foe put to sleep\n|rule|Species Clause: Limit one of each Pok\u00e9mon\n|rule|OHKO Clause: OHKO moves are banned\n|rule|Evasion Items Clause: Evasion items are banned\n|rule|Evasion Moves Clause: Evasion moves are banned\n|rule|Endless Battle Clause: Forcing endless battles is banned\n|rule|HP Percentage Mod: HP is shown in percentages\n|clearpoke\n|poke|p1|Clodsire, M|\n|poke|p1|Corviknight, F|\n|poke|p1|Talonflame, F|\n|poke|p1|Dondozo, M|\n|poke|p1|Toxapex, M|\n|poke|p1|Blissey, F|\n|poke|p2|Kommo-o, F|\n|poke|p2|Grimmsnarl, M|\n|poke|p2|Cresselia, F|\n|poke|p2|Zoroark-Hisui, M|\n|poke|p2|Wo-Chien|\n|poke|p2|Tauros-Paldea-Blaze, M|\n|teampreview\n|inactive|Battle timer is ON: inactive players will automatically lose when time's up. (requested by Corbinc)\n|inactive|bdeg also wants the timer to be on.\n|\n|t:|1699878424\n|start\n|switch|p1a: Toxapex|Toxapex, M|100\/100\n|switch|p2a: Wo-Chien|Wo-Chien|100\/100\n|-ability|p2a: Wo-Chien|Tablets of Ruin\n|turn|1\n|\n|t:|1699878429\n|move|p2a: Wo-Chien|Mean Look|p1a: Toxapex\n|-activate|p1a: Toxapex|trapped\n|move|p1a: Toxapex|Toxic|p2a: Wo-Chien\n|-status|p2a: Wo-Chien|tox\n|\n|-damage|p2a: Wo-Chien|94\/100 tox|[from] psn\n|upkeep\n|turn|2\n|\n|t:|1699878434\n|move|p2a: Wo-Chien|Leech Seed|p1a: Toxapex|[miss]\n|-miss|p2a: Wo-Chien|p1a: Toxapex\n|move|p1a: Toxapex|Infestation|p2a: Wo-Chien\n|-supereffective|p2a: Wo-Chien\n|-damage|p2a: Wo-Chien|86\/100 tox\n|-activate|p2a: Wo-Chien|move: Infestation|[of] p1a: Toxapex\n|\n|-heal|p2a: Wo-Chien|92\/100 tox|[from] item: Leftovers\n|-damage|p2a: Wo-Chien|80\/100 tox|[from] psn\n|-damage|p2a: Wo-Chien|67\/100 tox|[from] move: Infestation|[partiallytrapped]\n|upkeep\n|turn|3\n|\n|t:|1699878438\n|move|p2a: Wo-Chien|Leech Seed|p1a: Toxapex\n|-start|p1a: Toxapex|move: Leech Seed\n|move|p1a: Toxapex|Haze|p1a: Toxapex\n|-clearallboost\n|\n|-heal|p2a: Wo-Chien|73\/100 tox|[from] item: Leftovers\n|-damage|p1a: Toxapex|88\/100|[from] Leech Seed|[of] p2a: Wo-Chien\n|-heal|p2a: Wo-Chien|84\/100 tox|[silent]\n|-damage|p2a: Wo-Chien|65\/100 tox|[from] psn\n|-damage|p2a: Wo-Chien|53\/100 tox|[from] move: Infestation|[partiallytrapped]\n|upkeep\n|turn|4\n|\n|t:|1699878441\n|move|p2a: Wo-Chien|Rest|p2a: Wo-Chien\n|-status|p2a: Wo-Chien|slp|[from] move: Rest\n|-heal|p2a: Wo-Chien|100\/100 slp|[silent]\n|move|p1a: Toxapex|Haze|p1a: Toxapex\n|-clearallboost\n|\n|-damage|p1a: Toxapex|75\/100|[from] Leech Seed|[of] p2a: Wo-Chien\n|-damage|p2a: Wo-Chien|88\/100 slp|[from] move: Infestation|[partiallytrapped]\n|upkeep\n|turn|5\n|\n|t:|1699878451\n|cant|p2a: Wo-Chien|slp\n|move|p1a: Toxapex|Haze|p1a: Toxapex\n|-clearallboost\n|\n|-heal|p2a: Wo-Chien|94\/100 slp|[from] item: Leftovers\n|-damage|p1a: Toxapex|63\/100|[from] Leech Seed|[of] p2a: Wo-Chien\n|-heal|p2a: Wo-Chien|100\/100 slp|[silent]\n|-damage|p2a: Wo-Chien|88\/100 slp|[from] move: Infestation|[partiallytrapped]\n|upkeep\n|turn|6\n|\n|t:|1699878460\n|cant|p2a: Wo-Chien|slp\n|move|p1a: Toxapex|Haze|p1a: Toxapex\n|-clearallboost\n|\n|-heal|p2a: Wo-Chien|94\/100 slp|[from] item: Leftovers\n|-damage|p1a: Toxapex|50\/100|[from] Leech Seed|[of] p2a: Wo-Chien\n|-heal|p2a: Wo-Chien|100\/100 slp|[silent]\n|-damage|p2a: Wo-Chien|88\/100 slp|[from] move: Infestation|[partiallytrapped]\n|upkeep\n|turn|7\n|\n|t:|1699878465\n|-curestatus|p2a: Wo-Chien|slp|[msg]\n|move|p2a: Wo-Chien|Knock Off|p1a: Toxapex\n|-damage|p1a: Toxapex|33\/100\n|-enditem|p1a: Toxapex|Heavy-Duty Boots|[from] move: Knock Off|[of] p2a: Wo-Chien\n|move|p1a: Toxapex|Toxic|p2a: Wo-Chien\n|-status|p2a: Wo-Chien|tox\n|\n|-heal|p2a: Wo-Chien|94\/100 tox|[from] item: Leftovers\n|-damage|p1a: Toxapex|20\/100|[from] Leech Seed|[of] p2a: Wo-Chien\n|-heal|p2a: Wo-Chien|100\/100 tox|[silent]\n|-damage|p2a: Wo-Chien|94\/100 tox|[from] psn\n|-end|p2a: Wo-Chien|Infestation|[partiallytrapped]\n|upkeep\n|turn|8\n|\n|t:|1699878477\n|move|p2a: Wo-Chien|Rest|p2a: Wo-Chien\n|-status|p2a: Wo-Chien|slp|[from] move: Rest\n|-heal|p2a: Wo-Chien|100\/100 slp|[silent]\n|move|p1a: Toxapex|Recover|p1a: Toxapex\n|-heal|p1a: Toxapex|70\/100\n|\n|-damage|p1a: Toxapex|58\/100|[from] Leech Seed|[of] p2a: Wo-Chien\n|upkeep\n|turn|9\n|\n|t:|1699878483\n|cant|p2a: Wo-Chien|slp\n|move|p1a: Toxapex|Haze|p1a: Toxapex\n|-clearallboost\n|\n|-damage|p1a: Toxapex|45\/100|[from] Leech Seed|[of] p2a: Wo-Chien\n|upkeep\n|turn|10\n|\n|t:|1699878487\n|cant|p2a: Wo-Chien|slp\n|move|p1a: Toxapex|Recover|p1a: Toxapex\n|-heal|p1a: Toxapex|95\/100\n|\n|-damage|p1a: Toxapex|83\/100|[from] Leech Seed|[of] p2a: Wo-Chien\n|upkeep\n|turn|11\n|\n|t:|1699878490\n|-curestatus|p2a: Wo-Chien|slp|[msg]\n|move|p2a: Wo-Chien|Knock Off|p1a: Toxapex\n|-damage|p1a: Toxapex|72\/100\n|move|p1a: Toxapex|Toxic|p2a: Wo-Chien\n|-status|p2a: Wo-Chien|tox\n|\n|-damage|p1a: Toxapex|59\/100|[from] Leech Seed|[of] p2a: Wo-Chien\n|-damage|p2a: Wo-Chien|94\/100 tox|[from] psn\n|upkeep\n|turn|12\n|\n|t:|1699878494\n|move|p2a: Wo-Chien|Knock Off|p1a: Toxapex\n|-damage|p1a: Toxapex|46\/100\n|move|p1a: Toxapex|Haze|p1a: Toxapex\n|-clearallboost\n|\n|-heal|p2a: Wo-Chien|100\/100 tox|[from] item: Leftovers\n|-damage|p1a: Toxapex|34\/100|[from] Leech Seed|[of] p2a: Wo-Chien\n|-damage|p2a: Wo-Chien|88\/100 tox|[from] psn\n|upkeep\n|turn|13\n|l|\u2606Corbinc\n|inactive|Corbinc disconnected and has a minute to reconnect!\n|player|p2|\n|j|\u2606Corbinc\n|inactive|Corbinc reconnected and has 120 seconds left.\n|player|p2|Corbinc|ghetsis-gen5bw\n|\n|t:|1699878533\n|move|p2a: Wo-Chien|Knock Off|p1a: Toxapex\n|-damage|p1a: Toxapex|21\/100\n|move|p1a: Toxapex|Recover|p1a: Toxapex\n|-heal|p1a: Toxapex|71\/100\n|\n|-heal|p2a: Wo-Chien|94\/100 tox|[from] item: Leftovers\n|-damage|p1a: Toxapex|58\/100|[from] Leech Seed|[of] p2a: Wo-Chien\n|-heal|p2a: Wo-Chien|100\/100 tox|[silent]\n|-damage|p2a: Wo-Chien|82\/100 tox|[from] psn\n|upkeep\n|turn|14\n|inactive|Corbinc has 120 seconds left.\n|\n|t:|1699878544\n|move|p2a: Wo-Chien|Knock Off|p1a: Toxapex\n|-damage|p1a: Toxapex|46\/100\n|move|p1a: Toxapex|Infestation|p2a: Wo-Chien\n|-supereffective|p2a: Wo-Chien\n|-damage|p2a: Wo-Chien|73\/100 tox\n|-activate|p2a: Wo-Chien|move: Infestation|[of] p1a: Toxapex\n|\n|-heal|p2a: Wo-Chien|80\/100 tox|[from] item: Leftovers\n|-damage|p1a: Toxapex|33\/100|[from] Leech Seed|[of] p2a: Wo-Chien\n|-heal|p2a: Wo-Chien|90\/100 tox|[silent]\n|-damage|p2a: Wo-Chien|65\/100 tox|[from] psn\n|-damage|p2a: Wo-Chien|53\/100 tox|[from] move: Infestation|[partiallytrapped]\n|upkeep\n|turn|15\n|\n|t:|1699878551\n|move|p2a: Wo-Chien|Rest|p2a: Wo-Chien\n|-status|p2a: Wo-Chien|slp|[from] move: Rest\n|-heal|p2a: Wo-Chien|100\/100 slp|[silent]\n|move|p1a: Toxapex|Recover|p1a: Toxapex\n|-heal|p1a: Toxapex|83\/100\n|\n|-damage|p1a: Toxapex|71\/100|[from] Leech Seed|[of] p2a: Wo-Chien\n|-damage|p2a: Wo-Chien|88\/100 slp|[from] move: Infestation|[partiallytrapped]\n|upkeep\n|turn|16\n|\n|t:|1699878560\n|cant|p2a: Wo-Chien|slp\n|move|p1a: Toxapex|Infestation|p2a: Wo-Chien\n|-supereffective|p2a: Wo-Chien\n|-damage|p2a: Wo-Chien|80\/100 slp\n|\n|-heal|p2a: Wo-Chien|86\/100 slp|[from] item: Leftovers\n|-damage|p1a: Toxapex|58\/100|[from] Leech Seed|[of] p2a: Wo-Chien\n|-heal|p2a: Wo-Chien|96\/100 slp|[silent]\n|-damage|p2a: Wo-Chien|84\/100 slp|[from] move: Infestation|[partiallytrapped]\n|upkeep\n|turn|17\n|\n|t:|1699878567\n|cant|p2a: Wo-Chien|slp\n|move|p1a: Toxapex|Infestation|p2a: Wo-Chien\n|-supereffective|p2a: Wo-Chien\n|-crit|p2a: Wo-Chien\n|-damage|p2a: Wo-Chien|72\/100 slp\n|\n|-heal|p2a: Wo-Chien|78\/100 slp|[from] item: Leftovers\n|-damage|p1a: Toxapex|46\/100|[from] Leech Seed|[of] p2a: Wo-Chien\n|-heal|p2a: Wo-Chien|88\/100 slp|[silent]\n|-damage|p2a: Wo-Chien|76\/100 slp|[from] move: Infestation|[partiallytrapped]\n|upkeep\n|turn|18\n|\n|t:|1699878573\n|-curestatus|p2a: Wo-Chien|slp|[msg]\n|move|p2a: Wo-Chien|Knock Off|p1a: Toxapex\n|-damage|p1a: Toxapex|34\/100\n|move|p1a: Toxapex|Toxic|p2a: Wo-Chien\n|-status|p2a: Wo-Chien|tox\n|\n|-heal|p2a: Wo-Chien|82\/100 tox|[from] item: Leftovers\n|-damage|p1a: Toxapex|22\/100|[from] Leech Seed|[of] p2a: Wo-Chien\n|-heal|p2a: Wo-Chien|92\/100 tox|[silent]\n|-damage|p2a: Wo-Chien|86\/100 tox|[from] psn\n|-end|p2a: Wo-Chien|Infestation|[partiallytrapped]\n|upkeep\n|turn|19\n|\n|t:|1699878580\n|move|p2a: Wo-Chien|Knock Off|p1a: Toxapex\n|-damage|p1a: Toxapex|10\/100\n|move|p1a: Toxapex|Recover|p1a: Toxapex\n|-heal|p1a: Toxapex|60\/100\n|\n|-heal|p2a: Wo-Chien|92\/100 tox|[from] item: Leftovers\n|-damage|p1a: Toxapex|48\/100|[from] Leech Seed|[of] p2a: Wo-Chien\n|-heal|p2a: Wo-Chien|100\/100 tox|[silent]\n|-damage|p2a: Wo-Chien|88\/100 tox|[from] psn\n|upkeep\n|turn|20\n|\n|t:|1699878582\n|move|p2a: Wo-Chien|Knock Off|p1a: Toxapex\n|-damage|p1a: Toxapex|34\/100\n|move|p1a: Toxapex|Infestation|p2a: Wo-Chien\n|-supereffective|p2a: Wo-Chien\n|-damage|p2a: Wo-Chien|80\/100 tox\n|-activate|p2a: Wo-Chien|move: Infestation|[of] p1a: Toxapex\n|\n|-heal|p2a: Wo-Chien|86\/100 tox|[from] item: Leftovers\n|-damage|p1a: Toxapex|22\/100|[from] Leech Seed|[of] p2a: Wo-Chien\n|-heal|p2a: Wo-Chien|96\/100 tox|[silent]\n|-damage|p2a: Wo-Chien|78\/100 tox|[from] psn\n|-damage|p2a: Wo-Chien|65\/100 tox|[from] move: Infestation|[partiallytrapped]\n|upkeep\n|turn|21\n|\n|t:|1699878587\n|move|p2a: Wo-Chien|Rest|p2a: Wo-Chien\n|-status|p2a: Wo-Chien|slp|[from] move: Rest\n|-heal|p2a: Wo-Chien|100\/100 slp|[silent]\n|move|p1a: Toxapex|Recover|p1a: Toxapex\n|-heal|p1a: Toxapex|72\/100\n|\n|-damage|p1a: Toxapex|59\/100|[from] Leech Seed|[of] p2a: Wo-Chien\n|-damage|p2a: Wo-Chien|88\/100 slp|[from] move: Infestation|[partiallytrapped]\n|upkeep\n|turn|22\n|\n|t:|1699878605\n|cant|p2a: Wo-Chien|slp\n|move|p1a: Toxapex|Infestation|p2a: Wo-Chien\n|-supereffective|p2a: Wo-Chien\n|-damage|p2a: Wo-Chien|81\/100 slp\n|\n|-heal|p2a: Wo-Chien|87\/100 slp|[from] item: Leftovers\n|-damage|p1a: Toxapex|47\/100|[from] Leech Seed|[of] p2a: Wo-Chien\n|-heal|p2a: Wo-Chien|97\/100 slp|[silent]\n|-damage|p2a: Wo-Chien|85\/100 slp|[from] move: Infestation|[partiallytrapped]\n|upkeep\n|turn|23\n|\n|t:|1699878607\n|cant|p2a: Wo-Chien|slp\n|move|p1a: Toxapex|Infestation|p2a: Wo-Chien\n|-supereffective|p2a: Wo-Chien\n|-damage|p2a: Wo-Chien|77\/100 slp\n|\n|-heal|p2a: Wo-Chien|83\/100 slp|[from] item: Leftovers\n|-damage|p1a: Toxapex|34\/100|[from] Leech Seed|[of] p2a: Wo-Chien\n|-heal|p2a: Wo-Chien|94\/100 slp|[silent]\n|-damage|p2a: Wo-Chien|81\/100 slp|[from] move: Infestation|[partiallytrapped]\n|upkeep\n|turn|24\n|\n|t:|1699878612\n|-curestatus|p2a: Wo-Chien|slp|[msg]\n|move|p2a: Wo-Chien|Knock Off|p1a: Toxapex\n|-damage|p1a: Toxapex|22\/100\n|move|p1a: Toxapex|Recover|p1a: Toxapex\n|-heal|p1a: Toxapex|72\/100\n|\n|-heal|p2a: Wo-Chien|87\/100|[from] item: Leftovers\n|-damage|p1a: Toxapex|60\/100|[from] Leech Seed|[of] p2a: Wo-Chien\n|-heal|p2a: Wo-Chien|98\/100|[silent]\n|-end|p2a: Wo-Chien|Infestation|[partiallytrapped]\n|upkeep\n|turn|25\n|\n|t:|1699878615\n|move|p2a: Wo-Chien|Knock Off|p1a: Toxapex\n|-damage|p1a: Toxapex|48\/100\n|move|p1a: Toxapex|Toxic|p2a: Wo-Chien\n|-status|p2a: Wo-Chien|tox\n|\n|-heal|p2a: Wo-Chien|100\/100 tox|[from] item: Leftovers\n|-damage|p1a: Toxapex|35\/100|[from] Leech Seed|[of] p2a: Wo-Chien\n|-damage|p2a: Wo-Chien|94\/100 tox|[from] psn\n|upkeep\n|turn|26\n|c|\u2606Corbinc|Can you ff\n|\n|t:|1699878625\n|move|p2a: Wo-Chien|Knock Off|p1a: Toxapex\n|-damage|p1a: Toxapex|24\/100\n|move|p1a: Toxapex|Recover|p1a: Toxapex\n|-heal|p1a: Toxapex|74\/100\n|\n|-heal|p2a: Wo-Chien|100\/100 tox|[from] item: Leftovers\n|-damage|p1a: Toxapex|61\/100|[from] Leech Seed|[of] p2a: Wo-Chien\n|-damage|p2a: Wo-Chien|88\/100 tox|[from] psn\n|upkeep\n|turn|27\n|\n|t:|1699878629\n|move|p2a: Wo-Chien|Knock Off|p1a: Toxapex\n|-damage|p1a: Toxapex|50\/100\n|move|p1a: Toxapex|Infestation|p2a: Wo-Chien\n|-supereffective|p2a: Wo-Chien\n|-damage|p2a: Wo-Chien|81\/100 tox\n|-activate|p2a: Wo-Chien|move: Infestation|[of] p1a: Toxapex\n|\n|-heal|p2a: Wo-Chien|87\/100 tox|[from] item: Leftovers\n|-damage|p1a: Toxapex|37\/100|[from] Leech Seed|[of] p2a: Wo-Chien\n|-heal|p2a: Wo-Chien|97\/100 tox|[silent]\n|-damage|p2a: Wo-Chien|79\/100 tox|[from] psn\n|-damage|p2a: Wo-Chien|66\/100 tox|[from] move: Infestation|[partiallytrapped]\n|upkeep\n|turn|28\n|\n|t:|1699878632\n|move|p2a: Wo-Chien|Rest|p2a: Wo-Chien\n|-status|p2a: Wo-Chien|slp|[from] move: Rest\n|-heal|p2a: Wo-Chien|100\/100 slp|[silent]\n|move|p1a: Toxapex|Infestation|p2a: Wo-Chien\n|-supereffective|p2a: Wo-Chien\n|-damage|p2a: Wo-Chien|92\/100 slp\n|\n|-heal|p2a: Wo-Chien|98\/100 slp|[from] item: Leftovers\n|-damage|p1a: Toxapex|25\/100|[from] Leech Seed|[of] p2a: Wo-Chien\n|-heal|p2a: Wo-Chien|100\/100 slp|[silent]\n|-damage|p2a: Wo-Chien|88\/100 slp|[from] move: Infestation|[partiallytrapped]\n|upkeep\n|turn|29\n|\n|t:|1699878637\n|cant|p2a: Wo-Chien|slp\n|move|p1a: Toxapex|Infestation|p2a: Wo-Chien\n|-supereffective|p2a: Wo-Chien\n|-damage|p2a: Wo-Chien|80\/100 slp\n|\n|-heal|p2a: Wo-Chien|86\/100 slp|[from] item: Leftovers\n|-damage|p1a: Toxapex|12\/100|[from] Leech Seed|[of] p2a: Wo-Chien\n|-heal|p2a: Wo-Chien|96\/100 slp|[silent]\n|-damage|p2a: Wo-Chien|84\/100 slp|[from] move: Infestation|[partiallytrapped]\n|upkeep\n|turn|30\n|\n|t:|1699878641\n|cant|p2a: Wo-Chien|slp\n|move|p1a: Toxapex|Infestation|p2a: Wo-Chien\n|-supereffective|p2a: Wo-Chien\n|-damage|p2a: Wo-Chien|74\/100 slp\n|\n|-heal|p2a: Wo-Chien|80\/100 slp|[from] item: Leftovers\n|-damage|p1a: Toxapex|0 fnt|[from] Leech Seed|[of] p2a: Wo-Chien\n|-heal|p2a: Wo-Chien|90\/100 slp|[silent]\n|faint|p1a: Toxapex\n|-end|p2a: Wo-Chien|Infestation|[partiallytrapped]|[silent]\n|upkeep\n|\n|t:|1699878654\n|switch|p1a: Corviknight|Corviknight, F|100\/100\n|-ability|p1a: Corviknight|Pressure\n|turn|31\n|\n|t:|1699878669\n|switch|p2a: Tauros|Tauros-Paldea-Blaze, M|100\/100\n|-ability|p2a: Tauros|Intimidate|boost\n|-unboost|p1a: Corviknight|atk|1\n|move|p1a: Corviknight|Body Press|p2a: Tauros\n|-damage|p2a: Tauros|83\/100\n|\n|-heal|p2a: Tauros|89\/100|[from] item: Leftovers\n|upkeep\n|turn|32\n|\n|t:|1699878680\n|switch|p1a: Dondozo|Dondozo, M|100\/100\n|move|p2a: Tauros|Will-O-Wisp|p1a: Dondozo\n|-status|p1a: Dondozo|brn\n|\n|-heal|p2a: Tauros|95\/100|[from] item: Leftovers\n|-damage|p1a: Dondozo|94\/100 brn|[from] brn\n|upkeep\n|turn|33\n|\n|t:|1699878686\n|switch|p2a: Wo-Chien|Wo-Chien|90\/100 slp\n|-ability|p2a: Wo-Chien|Tablets of Ruin\n|move|p1a: Dondozo|Body Press|p2a: Wo-Chien\n|-supereffective|p2a: Wo-Chien\n|-crit|p2a: Wo-Chien\n|-damage|p2a: Wo-Chien|67\/100 slp\n|\n|-heal|p2a: Wo-Chien|73\/100 slp|[from] item: Leftovers\n|-damage|p1a: Dondozo|88\/100 brn|[from] brn\n|upkeep\n|turn|34\n|\n|t:|1699878690\n|switch|p1a: Corviknight|Corviknight, F|100\/100\n|-ability|p1a: Corviknight|Pressure\n|-curestatus|p2a: Wo-Chien|slp|[msg]\n|move|p2a: Wo-Chien|Mean Look|p1a: Corviknight\n|-activate|p1a: Corviknight|trapped\n|\n|-heal|p2a: Wo-Chien|79\/100|[from] item: Leftovers\n|upkeep\n|turn|35\n|\n|t:|1699878704\n|move|p2a: Wo-Chien|Leech Seed|p1a: Corviknight\n|-start|p1a: Corviknight|move: Leech Seed\n|move|p1a: Corviknight|Body Press|p2a: Wo-Chien\n|-supereffective|p2a: Wo-Chien\n|-damage|p2a: Wo-Chien|51\/100\n|\n|-heal|p2a: Wo-Chien|57\/100|[from] item: Leftovers\n|-damage|p1a: Corviknight|88\/100|[from] Leech Seed|[of] p2a: Wo-Chien\n|-heal|p2a: Wo-Chien|70\/100|[silent]\n|upkeep\n|turn|36\n|\n|t:|1699878709\n|move|p2a: Wo-Chien|Knock Off|p1a: Corviknight\n|-damage|p1a: Corviknight|70\/100\n|-damage|p2a: Wo-Chien|54\/100|[from] item: Rocky Helmet|[of] p1a: Corviknight\n|-enditem|p1a: Corviknight|Rocky Helmet|[from] move: Knock Off|[of] p2a: Wo-Chien\n|move|p1a: Corviknight|U-turn|p2a: Wo-Chien\n|-supereffective|p2a: Wo-Chien\n|-damage|p2a: Wo-Chien|27\/100\n|\n|t:|1699878711\n|switch|p1a: Dondozo|Dondozo, M|88\/100 brn|[from] U-turn\n|\n|-heal|p2a: Wo-Chien|33\/100|[from] item: Leftovers\n|-damage|p1a: Dondozo|82\/100 brn|[from] brn\n|upkeep\n|turn|37\n|\n|t:|1699878729\n|switch|p1a: Corviknight|Corviknight, F|70\/100\n|-ability|p1a: Corviknight|Pressure\n|move|p2a: Wo-Chien|Leech Seed|p1a: Corviknight\n|-start|p1a: Corviknight|move: Leech Seed\n|\n|-heal|p2a: Wo-Chien|39\/100|[from] item: Leftovers\n|-damage|p1a: Corviknight|58\/100|[from] Leech Seed|[of] p2a: Wo-Chien\n|-heal|p2a: Wo-Chien|52\/100|[silent]\n|upkeep\n|turn|38\n|\n|t:|1699878734\n|move|p2a: Wo-Chien|Rest|p2a: Wo-Chien\n|-status|p2a: Wo-Chien|slp|[from] move: Rest\n|-heal|p2a: Wo-Chien|100\/100 slp|[silent]\n|move|p1a: Corviknight|U-turn|p2a: Wo-Chien\n|-supereffective|p2a: Wo-Chien\n|-damage|p2a: Wo-Chien|73\/100 slp\n|\n|t:|1699878738\n|switch|p1a: Blissey|Blissey, F, shiny|100\/100|[from] U-turn\n|\n|-heal|p2a: Wo-Chien|79\/100 slp|[from] item: Leftovers\n|upkeep\n|turn|39\n|\n|t:|1699878747\n|cant|p2a: Wo-Chien|slp\n|move|p1a: Blissey|Stealth Rock|p2a: Wo-Chien\n|-sidestart|p2: Corbinc|move: Stealth Rock\n|\n|-heal|p2a: Wo-Chien|85\/100 slp|[from] item: Leftovers\n|upkeep\n|turn|40\n|\n|t:|1699878750\n|cant|p2a: Wo-Chien|slp\n|move|p1a: Blissey|Seismic Toss|p2a: Wo-Chien\n|-damage|p2a: Wo-Chien|58\/100 slp\n|\n|-heal|p2a: Wo-Chien|64\/100 slp|[from] item: Leftovers\n|upkeep\n|turn|41\n|\n|t:|1699878753\n|switch|p1a: Corviknight|Corviknight, F|58\/100\n|-ability|p1a: Corviknight|Pressure\n|-curestatus|p2a: Wo-Chien|slp|[msg]\n|move|p2a: Wo-Chien|Mean Look|p1a: Corviknight\n|-activate|p1a: Corviknight|trapped\n|\n|-heal|p2a: Wo-Chien|71\/100|[from] item: Leftovers\n|upkeep\n|turn|42\n|\n|t:|1699878756\n|move|p2a: Wo-Chien|Leech Seed|p1a: Corviknight\n|-start|p1a: Corviknight|move: Leech Seed\n|move|p1a: Corviknight|U-turn|p2a: Wo-Chien\n|-supereffective|p2a: Wo-Chien\n|-damage|p2a: Wo-Chien|43\/100\n|\n|t:|1699878760\n|switch|p1a: Blissey|Blissey, F, shiny|100\/100|[from] U-turn\n|\n|-heal|p2a: Wo-Chien|49\/100|[from] item: Leftovers\n|upkeep\n|turn|43\n|\n|t:|1699878764\n|switch|p1a: Corviknight|Corviknight, F|58\/100\n|-ability|p1a: Corviknight|Pressure\n|move|p2a: Wo-Chien|Leech Seed|p1a: Corviknight|[miss]\n|-miss|p2a: Wo-Chien|p1a: Corviknight\n|\n|-heal|p2a: Wo-Chien|55\/100|[from] item: Leftovers\n|upkeep\n|turn|44\n|\n|t:|1699878776\n|move|p2a: Wo-Chien|Knock Off|p1a: Corviknight\n|-damage|p1a: Corviknight|46\/100\n|move|p1a: Corviknight|Body Press|p2a: Wo-Chien\n|-supereffective|p2a: Wo-Chien\n|-damage|p2a: Wo-Chien|31\/100\n|\n|-heal|p2a: Wo-Chien|37\/100|[from] item: Leftovers\n|upkeep\n|turn|45\n|\n|t:|1699878782\n|move|p2a: Wo-Chien|Rest|p2a: Wo-Chien\n|-status|p2a: Wo-Chien|slp|[from] move: Rest\n|-heal|p2a: Wo-Chien|100\/100 slp|[silent]\n|move|p1a: Corviknight|Roost|p1a: Corviknight\n|-heal|p1a: Corviknight|96\/100\n|-singleturn|p1a: Corviknight|move: Roost\n|\n|upkeep\n|turn|46\n|\n|t:|1699878791\n|switch|p1a: Blissey|Blissey, F, shiny|100\/100\n|cant|p2a: Wo-Chien|slp\n|\n|upkeep\n|turn|47\n|\n|t:|1699878798\n|switch|p2a: Grimmsnarl|Grimmsnarl, M|100\/100\n|-damage|p2a: Grimmsnarl|88\/100|[from] Stealth Rock\n|move|p1a: Blissey|Seismic Toss|p2a: Grimmsnarl\n|-immune|p2a: Grimmsnarl\n|\n|upkeep\n|turn|48\n|\n|t:|1699878809\n|switch|p1a: Clodsire|Clodsire, M|100\/100\n|move|p2a: Grimmsnarl|Flamethrower|p1a: Clodsire\n|-crit|p1a: Clodsire\n|-damage|p1a: Clodsire|63\/100\n|\n|upkeep\n|turn|49\n|\n|t:|1699878817\n|switch|p2a: Cresselia|Cresselia, F|100\/100\n|-damage|p2a: Cresselia|88\/100|[from] Stealth Rock\n|move|p1a: Clodsire|Toxic|p2a: Cresselia\n|-status|p2a: Cresselia|tox\n|\n|-heal|p2a: Cresselia|94\/100 tox|[from] item: Leftovers\n|-damage|p2a: Cresselia|88\/100 tox|[from] psn\n|upkeep\n|turn|50\n|inactive|Corbinc has 120 seconds left.\n|\n|t:|1699878852\n|switch|p1a: Blissey|Blissey, F, shiny|100\/100\n|move|p2a: Cresselia|Calm Mind|p2a: Cresselia\n|-boost|p2a: Cresselia|spa|1\n|-boost|p2a: Cresselia|spd|1\n|\n|-heal|p2a: Cresselia|94\/100 tox|[from] item: Leftovers\n|-damage|p2a: Cresselia|82\/100 tox|[from] psn\n|upkeep\n|turn|51\n|inactive|Corbinc has 120 seconds left.\n|inactive|bdeg has 120 seconds left.\n|\n|t:|1699878882\n|switch|p2a: Grimmsnarl|Grimmsnarl, M|100\/100\n|-damage|p2a: Grimmsnarl|88\/100|[from] Stealth Rock\n|switch|p1a: Clodsire|Clodsire, M|63\/100\n|\n|upkeep\n|turn|52\n|inactive|Corbinc has 120 seconds left.\n|\n|t:|1699878900\n|move|p2a: Grimmsnarl|Light Screen|p2a: Grimmsnarl\n|-sidestart|p2: Corbinc|move: Light Screen\n|move|p1a: Clodsire|Recover|p1a: Clodsire\n|-heal|p1a: Clodsire|100\/100\n|\n|upkeep\n|turn|53\n|\n|t:|1699878906\n|move|p2a: Grimmsnarl|Reflect|p2a: Grimmsnarl\n|-sidestart|p2: Corbinc|Reflect\n|move|p1a: Clodsire|Toxic|p2a: Grimmsnarl\n|-status|p2a: Grimmsnarl|tox\n|\n|-damage|p2a: Grimmsnarl|82\/100 tox|[from] psn\n|upkeep\n|turn|54\n|\n|t:|1699878910\n|move|p2a: Grimmsnarl|Parting Shot|p1a: Clodsire\n|-unboost|p1a: Clodsire|atk|1\n|-unboost|p1a: Clodsire|spa|1\n|\n|t:|1699878915\n|switch|p2a: Wo-Chien|Wo-Chien|100\/100 slp|[from] Parting Shot\n|-damage|p2a: Wo-Chien|88\/100 slp|[from] Stealth Rock\n|-ability|p2a: Wo-Chien|Tablets of Ruin\n|move|p1a: Clodsire|Toxic||[still]\n|-fail|p1a: Clodsire\n|\n|-heal|p2a: Wo-Chien|94\/100 slp|[from] item: Leftovers\n|upkeep\n|turn|55\n|\n|t:|1699878925\n|cant|p2a: Wo-Chien|slp\n|move|p1a: Clodsire|Earthquake|p2a: Wo-Chien\n|-resisted|p2a: Wo-Chien\n|-damage|p2a: Wo-Chien|92\/100 slp\n|\n|-heal|p2a: Wo-Chien|98\/100 slp|[from] item: Leftovers\n|upkeep\n|turn|56\n|\n|t:|1699878931\n|switch|p1a: Corviknight|Corviknight, F|96\/100\n|-ability|p1a: Corviknight|Pressure\n|-curestatus|p2a: Wo-Chien|slp|[msg]\n|move|p2a: Wo-Chien|Mean Look|p1a: Corviknight\n|-activate|p1a: Corviknight|trapped\n|\n|-heal|p2a: Wo-Chien|100\/100|[from] item: Leftovers\n|upkeep\n|turn|57\n|\n|t:|1699878939\n|move|p2a: Wo-Chien|Knock Off|p1a: Corviknight\n|-damage|p1a: Corviknight|85\/100\n|move|p1a: Corviknight|U-turn|p2a: Wo-Chien\n|-supereffective|p2a: Wo-Chien\n|-damage|p2a: Wo-Chien|86\/100\n|\n|t:|1699878941\n|switch|p1a: Blissey|Blissey, F, shiny|100\/100|[from] U-turn\n|\n|-heal|p2a: Wo-Chien|92\/100|[from] item: Leftovers\n|upkeep\n|turn|58\n|inactive|Corbinc has 120 seconds left.\n|\n|t:|1699878975\n|switch|p2a: Tauros|Tauros-Paldea-Blaze, M|95\/100\n|-damage|p2a: Tauros|83\/100|[from] Stealth Rock\n|-ability|p2a: Tauros|Intimidate|boost\n|-unboost|p1a: Blissey|atk|1\n|switch|p1a: Corviknight|Corviknight, F|85\/100\n|-ability|p1a: Corviknight|Pressure\n|\n|-heal|p2a: Tauros|89\/100|[from] item: Leftovers\n|upkeep\n|turn|59\n|inactive|Corbinc has 120 seconds left.\n|inactive|bdeg has 120 seconds left.\n|\n|t:|1699879008\n|switch|p1a: Dondozo|Dondozo, M|82\/100 brn\n|move|p2a: Tauros|Will-O-Wisp|p1a: Dondozo\n|-fail|p1a: Dondozo|brn\n|\n|-heal|p2a: Tauros|95\/100|[from] item: Leftovers\n|-damage|p1a: Dondozo|76\/100 brn|[from] brn\n|-sideend|p2: Corbinc|move: Light Screen\n|upkeep\n|turn|60\n|\n|t:|1699879015\n|switch|p2a: Wo-Chien|Wo-Chien|92\/100\n|-damage|p2a: Wo-Chien|80\/100|[from] Stealth Rock\n|-ability|p2a: Wo-Chien|Tablets of Ruin\n|move|p1a: Dondozo|Body Press|p2a: Wo-Chien\n|-supereffective|p2a: Wo-Chien\n|-damage|p2a: Wo-Chien|73\/100\n|\n|-heal|p2a: Wo-Chien|79\/100|[from] item: Leftovers\n|-damage|p1a: Dondozo|70\/100 brn|[from] brn\n|-sideend|p2: Corbinc|Reflect\n|upkeep\n|turn|61\n|\n|t:|1699879027\n|switch|p2a: Kommo-o|Kommo-o, F|100\/100\n|-damage|p2a: Kommo-o|94\/100|[from] Stealth Rock\n|switch|p1a: Corviknight|Corviknight, F|85\/100\n|-ability|p1a: Corviknight|Pressure\n|\n|upkeep\n|turn|62\n|\n|t:|1699879050\n|switch|p1a: Clodsire|Clodsire, M|100\/100\n|-terastallize|p2a: Kommo-o|Dragon\n|move|p2a: Kommo-o|Clangorous Soul|p2a: Kommo-o\n|-boost|p2a: Kommo-o|atk|1\n|-boost|p2a: Kommo-o|def|1\n|-boost|p2a: Kommo-o|spa|1\n|-boost|p2a: Kommo-o|spd|1\n|-boost|p2a: Kommo-o|spe|1\n|-damage|p2a: Kommo-o|61\/100\n|-enditem|p2a: Kommo-o|Throat Spray\n|-boost|p2a: Kommo-o|spa|1|[from] item: Throat Spray\n|\n|upkeep\n|turn|63\n|\n|t:|1699879062\n|move|p2a: Kommo-o|Clanging Scales|p1a: Clodsire\n|-damage|p1a: Clodsire|66\/100\n|-unboost|p2a: Kommo-o|def|1\n|move|p1a: Clodsire|Toxic|p2a: Kommo-o\n|-status|p2a: Kommo-o|tox\n|\n|-damage|p2a: Kommo-o|55\/100 tox|[from] psn\n|upkeep\n|turn|64\n|\n|t:|1699879067\n|move|p2a: Kommo-o|Clangorous Soul|p2a: Kommo-o\n|-boost|p2a: Kommo-o|atk|1\n|-boost|p2a: Kommo-o|def|1\n|-boost|p2a: Kommo-o|spa|1\n|-boost|p2a: Kommo-o|spd|1\n|-boost|p2a: Kommo-o|spe|1\n|-damage|p2a: Kommo-o|22\/100 tox\n|move|p1a: Clodsire|Recover|p1a: Clodsire\n|-heal|p1a: Clodsire|100\/100\n|\n|-damage|p2a: Kommo-o|10\/100 tox|[from] psn\n|upkeep\n|turn|65\n|\n|t:|1699879071\n|move|p2a: Kommo-o|Drain Punch|p1a: Clodsire\n|-resisted|p1a: Clodsire\n|-damage|p1a: Clodsire|86\/100\n|-heal|p2a: Kommo-o|22\/100 tox|[from] drain|[of] p1a: Clodsire\n|move|p1a: Clodsire|Haze|p1a: Clodsire\n|-clearallboost\n|\n|-damage|p2a: Kommo-o|3\/100 tox|[from] psn\n|upkeep\n|turn|66\n|\n|t:|1699879076\n|move|p2a: Kommo-o|Drain Punch|p1a: Clodsire\n|-resisted|p1a: Clodsire\n|-damage|p1a: Clodsire|69\/100\n|-heal|p2a: Kommo-o|16\/100 tox|[from] drain|[of] p1a: Clodsire\n|move|p1a: Clodsire|Earthquake|p2a: Kommo-o\n|-damage|p2a: Kommo-o|0 fnt\n|faint|p2a: Kommo-o\n|\n|upkeep\n|\n|t:|1699879083\n|switch|p2a: Cresselia|Cresselia, F|88\/100\n|-damage|p2a: Cresselia|76\/100|[from] Stealth Rock\n|turn|67\n|\n|t:|1699879091\n|move|p2a: Cresselia|Grass Knot|p1a: Clodsire\n|-damage|p1a: Clodsire|36\/100\n|move|p1a: Clodsire|Toxic|p2a: Cresselia\n|-status|p2a: Cresselia|tox\n|\n|-damage|p2a: Cresselia|70\/100 tox|[from] psn\n|upkeep\n|turn|68\n|\n|t:|1699879096\n|move|p2a: Cresselia|Grass Knot|p1a: Clodsire\n|-crit|p1a: Clodsire\n|-damage|p1a: Clodsire|0 fnt\n|faint|p1a: Clodsire\n|\n|-damage|p2a: Cresselia|58\/100 tox|[from] psn\n|upkeep\n|\n|t:|1699879100\n|switch|p1a: Blissey|Blissey, F, shiny|100\/100\n|turn|69\n|\n|t:|1699879110\n|switch|p2a: Cresselia|Cresselia, F|82\/100 tox\n|-damage|p2a: Cresselia|70\/100 tox|[from] Stealth Rock\n|move|p1a: Blissey|Seismic Toss|p2a: Cresselia\n|-damage|p2a: Cresselia|47\/100 tox\n|\n|-heal|p2a: Cresselia|53\/100 tox|[from] item: Leftovers\n|-damage|p2a: Cresselia|47\/100 tox|[from] psn\n|upkeep\n|turn|70\n|l|\u2606Corbinc\n|inactive|Corbinc disconnected and has a minute to reconnect!\n|player|p2|\n|inactive|Corbinc has 30 seconds to reconnect!\n|inactive|Corbinc has 20 seconds to reconnect!\n|inactive|Corbinc has 15 seconds to reconnect!\n|inactive|Corbinc has 10 seconds to reconnect!\n|inactive|Corbinc has 5 seconds to reconnect!\n|-message|Corbinc lost due to inactivity.\n|\n|win|bdeg\n|raw|bdeg's rating: 1048 &rarr; <strong>1086<\/strong><br \/>(+38 for winning)\n|raw|Corbinc's rating: 1102 &rarr; <strong>1073<\/strong><br \/>(-29 for losing)\n","uploadtime":1699879193,"views":8,"p1id":"bdeg","p2id":"corbinc","formatid":"gen9ou","rating":1073,"private":0,"password":""}