{"id":"gen9ou-1988818308","p1":"Bakuryuuha","p2":"Bunnysai","format":"[Gen 9] OU","log":"|j|\u2606Bakuryuuha\n|j|\u2606Bunnysai\n|inactive|Battle timer is ON: inactive players will automatically lose when time's up.\n|t:|1699767718\n|gametype|singles\n|player|p1|Bakuryuuha|170|\n|player|p2|Bunnysai|brock|\n|teamsize|p1|6\n|teamsize|p2|6\n|gen|9\n|tier|[Gen 9] OU\n|rated|Tournament battle\n|rule|Sleep Clause Mod: Limit one foe put to sleep\n|rule|Species Clause: Limit one of each Pok\u00e9mon\n|rule|OHKO Clause: OHKO moves are banned\n|rule|Evasion Items Clause: Evasion items are banned\n|rule|Evasion Moves Clause: Evasion moves are banned\n|rule|Endless Battle Clause: Forcing endless battles is banned\n|rule|HP Percentage Mod: HP is shown in percentages\n|clearpoke\n|poke|p1|Azumarill, F|\n|poke|p1|Zamazenta-*|\n|poke|p1|Slowking-Galar, F|\n|poke|p1|Goodra-Hisui, M|\n|poke|p1|Greninja-*, M|\n|poke|p1|Ting-Lu|\n|poke|p2|Iron Moth|\n|poke|p2|Toedscruel, M|\n|poke|p2|Kommo-o, M|\n|poke|p2|Kingambit, M|\n|poke|p2|Azumarill, M|\n|poke|p2|Thundurus-Therian, M|\n|teampreview\n|j|*Lady Monita \u2746\n|inactive|Bunnysai also wants the timer to be on.\n|\n|t:|1699767735\n|start\n|switch|p1a: Ting-Lu|Ting-Lu|100\/100\n|switch|p2a: Symbolism|Iron Moth, shiny|100\/100\n|-ability|p1a: Ting-Lu|Vessel of Ruin\n|turn|1\n|\n|t:|1699767756\n|-end|p2a: Symbolism|Quark Drive|[silent]\n|switch|p2a: Scoliosis|Toedscruel, M, shiny|100\/100\n|move|p1a: Ting-Lu|Earthquake|p2a: Scoliosis\n|-resisted|p2a: Scoliosis\n|-damage|p2a: Scoliosis|41\/100\n|\n|upkeep\n|turn|2\n|\n|t:|1699767760\n|switch|p1a: Slowking|Slowking-Galar, F|100\/100\n|move|p2a: Scoliosis|Leaf Storm|p1a: Slowking\n|-resisted|p1a: Slowking\n|-damage|p1a: Slowking|80\/100\n|-unboost|p2a: Scoliosis|spa|2\n|\n|upkeep\n|turn|3\n|\n|t:|1699767768\n|switch|p2a: Overgod|Kingambit, M, shiny|100\/100\n|move|p1a: Slowking|Sludge Bomb|p2a: Overgod\n|-immune|p2a: Overgod\n|\n|upkeep\n|turn|4\n|\n|t:|1699767788\n|switch|p1a: Ting-Lu|Ting-Lu|100\/100\n|-ability|p1a: Ting-Lu|Vessel of Ruin\n|-terastallize|p2a: Overgod|Dark\n|move|p2a: Overgod|Kowtow Cleave|p1a: Ting-Lu\n|-resisted|p1a: Ting-Lu\n|-damage|p1a: Ting-Lu|73\/100\n|\n|upkeep\n|turn|5\n|\n|t:|1699767793\n|-end|p2a: Overgod|fallenundefined|[silent]\n|switch|p2a: Scoliosis|Toedscruel, M, shiny|41\/100\n|move|p1a: Ting-Lu|Stealth Rock|p2a: Scoliosis\n|-sidestart|p2: Bunnysai|move: Stealth Rock\n|\n|upkeep\n|turn|6\n|\n|t:|1699767800\n|switch|p1a: Slowking|Slowking-Galar, F|100\/100\n|move|p2a: Scoliosis|Rapid Spin|p1a: Slowking\n|-damage|p1a: Slowking|93\/100\n|-boost|p2a: Scoliosis|spe|1\n|-sideend|p2: Bunnysai|Stealth Rock|[from] move: Rapid Spin|[of] p2a: Scoliosis\n|\n|upkeep\n|turn|7\n|\n|t:|1699767827\n|switch|p2a: Godzilla|Kommo-o, M, shiny|100\/100\n|switch|p1a: Ting-Lu|Ting-Lu|73\/100\n|-ability|p1a: Ting-Lu|Vessel of Ruin\n|\n|upkeep\n|turn|8\n|\n|t:|1699767836\n|switch|p1a: Slowking|Slowking-Galar, F|100\/100\n|move|p2a: Godzilla|Clanging Scales|p1a: Slowking\n|-damage|p1a: Slowking|59\/100\n|-unboost|p2a: Godzilla|def|1\n|\n|upkeep\n|turn|9\n|\n|t:|1699767841\n|move|p2a: Godzilla|Clanging Scales|p1a: Slowking\n|-damage|p1a: Slowking|18\/100\n|-unboost|p2a: Godzilla|def|1\n|move|p1a: Slowking|Ice Beam|p2a: Godzilla\n|-supereffective|p2a: Godzilla\n|-damage|p2a: Godzilla|22\/100\n|\n|upkeep\n|turn|10\n|\n|t:|1699767847\n|switch|p1a: Azumarill|Azumarill, F|100\/100\n|move|p2a: Godzilla|Clanging Scales|p1a: Azumarill\n|-immune|p1a: Azumarill\n|\n|upkeep\n|turn|11\n|\n|t:|1699767854\n|switch|p2a: Scoliosis|Toedscruel, M, shiny|41\/100\n|move|p1a: Azumarill|Liquidation|p2a: Scoliosis\n|-damage|p2a: Scoliosis|0 fnt\n|faint|p2a: Scoliosis\n|\n|upkeep\n|inactive|Bunnysai has 120 seconds left.\n|\n|t:|1699767904\n|switch|p2a: Zeus|Thundurus-Therian, M, shiny|100\/100\n|turn|12\n|\n|t:|1699767912\n|switch|p1a: Goodra|Goodra-Hisui, M, shiny|100\/100\n|move|p2a: Zeus|Grass Knot|p1a: Goodra\n|-resisted|p1a: Goodra\n|-damage|p1a: Goodra|92\/100\n|-ability|p1a: Goodra|Gooey\n|-unboost|p2a: Zeus|spe|1\n|\n|upkeep\n|turn|13\n|\n|t:|1699767922\n|switch|p2a: Godzilla|Kommo-o, M, shiny|22\/100\n|move|p1a: Goodra|Ice Beam|p2a: Godzilla\n|-supereffective|p2a: Godzilla\n|-crit|p2a: Godzilla\n|-damage|p2a: Godzilla|0 fnt\n|faint|p2a: Godzilla\n|\n|upkeep\n|\n|t:|1699767930\n|switch|p2a: Torrent|Azumarill, M, shiny|100\/100\n|turn|14\n|\n|t:|1699767938\n|switch|p1a: Zamazenta|Zamazenta|100\/100\n|-ability|p1a: Zamazenta|Dauntless Shield|boost\n|-boost|p1a: Zamazenta|def|1\n|move|p2a: Torrent|Play Rough|p1a: Zamazenta\n|-supereffective|p1a: Zamazenta\n|-damage|p1a: Zamazenta|8\/100\n|\n|upkeep\n|turn|15\n|\n|t:|1699767945\n|move|p1a: Zamazenta|Wild Charge|p2a: Torrent\n|-supereffective|p2a: Torrent\n|-damage|p2a: Torrent|32\/100\n|-damage|p1a: Zamazenta|0 fnt|[from] Recoil\n|faint|p1a: Zamazenta\n|move|p2a: Torrent|Play Rough|p1: Zamazenta|[notarget]\n|-fail|p2a: Torrent\n|\n|upkeep\n|\n|t:|1699767952\n|switch|p1a: Slowking|Slowking-Galar, F|52\/100\n|turn|16\n|inactive|Bunnysai has 120 seconds left.\n|\n|t:|1699768011\n|move|p2a: Torrent|Play Rough|p1a: Slowking\n|-resisted|p1a: Slowking\n|-damage|p1a: Slowking|7\/100\n|move|p1a: Slowking|Sludge Bomb|p2a: Torrent\n|-supereffective|p2a: Torrent\n|-damage|p2a: Torrent|0 fnt\n|faint|p2a: Torrent\n|\n|upkeep\n|\n|t:|1699768020\n|switch|p2a: Symbolism|Iron Moth, shiny|100\/100\n|turn|17\n|\n|t:|1699768022\n|move|p2a: Symbolism|Fiery Dance|p1a: Slowking\n|-damage|p1a: Slowking|0 fnt\n|faint|p1a: Slowking\n|\n|upkeep\n|\n|t:|1699768043\n|switch|p1a: Greninja|Greninja, M|100\/100\n|turn|18\n|\n|t:|1699768052\n|-end|p2a: Symbolism|Quark Drive|[silent]\n|switch|p2a: Overgod|Kingambit, M, shiny, tera:Dark|100\/100\n|-activate|p2a: Overgod|ability: Supreme Overlord\n|-start|p2a: Overgod|fallen3|[silent]\n|move|p1a: Greninja|Hydro Pump|p2a: Overgod\n|-damage|p2a: Overgod|10\/100\n|\n|upkeep\n|turn|19\n|inactive|Bunnysai has 120 seconds left.\n|\n|t:|1699768064\n|switch|p1a: Ting-Lu|Ting-Lu|73\/100\n|-ability|p1a: Ting-Lu|Vessel of Ruin\n|move|p2a: Overgod|Sucker Punch||[still]\n|-fail|p2a: Overgod\n|\n|upkeep\n|turn|20\n|\n|t:|1699768066\n|move|p2a: Overgod|Sucker Punch||[still]\n|-fail|p2a: Overgod\n|move|p1a: Ting-Lu|Stealth Rock|p2a: Overgod\n|-sidestart|p2: Bunnysai|move: Stealth Rock\n|\n|upkeep\n|turn|21\n|\n|t:|1699768070\n|switch|p1a: Greninja|Greninja, M|100\/100\n|move|p2a: Overgod|Sucker Punch||[still]\n|-fail|p2a: Overgod\n|\n|upkeep\n|turn|22\n|\n|t:|1699768072\n|move|p2a: Overgod|Sucker Punch|p1a: Greninja\n|-resisted|p1a: Greninja\n|-damage|p1a: Greninja|13\/100\n|move|p1a: Greninja|Dark Pulse|p2a: Overgod\n|-resisted|p2a: Overgod\n|-damage|p2a: Overgod|0 fnt\n|faint|p2a: Overgod\n|-end|p2a: Overgod|fallen3|[silent]\n|-ability|p1a: Greninja|Battle Bond|boost\n|-boost|p1a: Greninja|atk|1\n|-boost|p1a: Greninja|spa|1\n|-boost|p1a: Greninja|spe|1\n|-activate|p1a: Greninja|ability: Battle Bond\n|\n|upkeep\n|\n|t:|1699768078\n|switch|p2a: Zeus|Thundurus-Therian, M, shiny|100\/100\n|-damage|p2a: Zeus|76\/100|[from] Stealth Rock\n|turn|23\n|\n|t:|1699768094\n|move|p1a: Greninja|Dark Pulse|p2a: Zeus\n|-damage|p2a: Zeus|0 fnt\n|faint|p2a: Zeus\n|\n|upkeep\n|\n|t:|1699768122\n|switch|p2a: Symbolism|Iron Moth, shiny|100\/100\n|-damage|p2a: Symbolism|76\/100|[from] Stealth Rock\n|turn|24\n|\n|t:|1699768126\n|move|p1a: Greninja|Dark Pulse|p2a: Symbolism\n|-damage|p2a: Symbolism|0 fnt\n|faint|p2a: Symbolism\n|-end|p2a: Symbolism|Quark Drive|[silent]\n|\n|win|Bakuryuuha\n|n|\u2606Bakuryuuha|bakuryuuha\n|n|\u2606Bunnysai|bunnysai\n|n|*Lady Monita \u2746|ladymonita\n","uploadtime":1699768127,"views":9,"p1id":"bakuryuuha","p2id":"bunnysai","formatid":"gen9ou","rating":0,"private":0,"password":""}