{"id":"gen9ou-1992898206","p1":"NovaProgression","p2":"qb69x","format":"[Gen 9] OU","log":"|j|\u2606NovaProgression\n|j|\u2606qb69x\n|t:|1700244980\n|gametype|singles\n|player|p1|NovaProgression|roxie|1212\n|player|p2|qb69x|swimmerf-gen4|1173\n|teamsize|p1|6\n|teamsize|p2|6\n|gen|9\n|tier|[Gen 9] OU\n|rated|\n|rule|Sleep Clause Mod: Limit one foe put to sleep\n|rule|Species Clause: Limit one of each Pok\u00e9mon\n|rule|OHKO Clause: OHKO moves are banned\n|rule|Evasion Items Clause: Evasion items are banned\n|rule|Evasion Moves Clause: Evasion moves are banned\n|rule|Endless Battle Clause: Forcing endless battles is banned\n|rule|HP Percentage Mod: HP is shown in percentages\n|clearpoke\n|poke|p1|Ogerpon, F|\n|poke|p1|Arcanine-Hisui, M|\n|poke|p1|Crawdaunt, M|\n|poke|p1|Ribombee, M|\n|poke|p1|Kommo-o, F|\n|poke|p1|Forretress, F|\n|poke|p2|Gholdengo|\n|poke|p2|Kingambit, M|\n|poke|p2|Glimmora, F|\n|poke|p2|Ribombee, F|\n|poke|p2|Landorus-Therian, M|\n|poke|p2|Rillaboom, M|\n|teampreview\n|\n|t:|1700244993\n|start\n|switch|p1a: Forretress|Forretress, F|100\/100\n|switch|p2a: Glimmora|Glimmora, F|100\/100\n|turn|1\n|\n|t:|1700245003\n|switch|p2a: Gholdengo|Gholdengo, shiny|100\/100\n|move|p1a: Forretress|Gyro Ball|p2a: Gholdengo\n|-resisted|p2a: Gholdengo\n|-damage|p2a: Gholdengo|90\/100\n|\n|upkeep\n|turn|2\n|\n|t:|1700245009\n|move|p2a: Gholdengo|Thunder Wave|p1a: Forretress\n|-status|p1a: Forretress|par\n|move|p1a: Forretress|Stealth Rock|p2a: Gholdengo\n|-sidestart|p2: qb69x|move: Stealth Rock\n|\n|upkeep\n|turn|3\n|\n|t:|1700245015\n|move|p2a: Gholdengo|Nasty Plot|p2a: Gholdengo\n|-boost|p2a: Gholdengo|spa|2\n|cant|p1a: Forretress|par\n|\n|upkeep\n|turn|4\n|\n|t:|1700245025\n|move|p2a: Gholdengo|Hex|p1a: Forretress\n|-ability|p1a: Forretress|Sturdy\n|-damage|p1a: Forretress|1\/100 par\n|cant|p1a: Forretress|par\n|\n|upkeep\n|turn|5\n|-enditem|p1a: Forretress|Custap Berry|[eat]\n|-activate|p1a: Forretress|item: Custap Berry|[consumed]\n|\n|t:|1700245031\n|move|p1a: Forretress|Toxic Spikes|p2a: Gholdengo\n|-sidestart|p2: qb69x|move: Toxic Spikes\n|move|p2a: Gholdengo|Hex|p1a: Forretress\n|-damage|p1a: Forretress|0 fnt\n|faint|p1a: Forretress\n|\n|upkeep\n|\n|t:|1700245037\n|switch|p1a: Crawdaunt|Crawdaunt, M|100\/100\n|turn|6\n|\n|t:|1700245045\n|switch|p2a: Rillaboom|Rillaboom, M|100\/100\n|-damage|p2a: Rillaboom|88\/100|[from] Stealth Rock\n|-status|p2a: Rillaboom|psn\n|-fieldstart|move: Grassy Terrain|[from] ability: Grassy Surge|[of] p2a: Rillaboom\n|move|p1a: Crawdaunt|Crunch|p2a: Rillaboom\n|-damage|p2a: Rillaboom|38\/100 psn\n|\n|-heal|p2a: Rillaboom|44\/100 psn|[from] Grassy Terrain\n|-damage|p2a: Rillaboom|32\/100 psn|[from] psn\n|upkeep\n|turn|7\n|\n|t:|1700245060\n|switch|p1a: Kommo-o|Kommo-o, F|100\/100\n|move|p2a: Rillaboom|Knock Off|p1a: Kommo-o\n|-resisted|p1a: Kommo-o\n|-damage|p1a: Kommo-o|84\/100\n|-enditem|p1a: Kommo-o|Throat Spray|[from] move: Knock Off|[of] p2a: Rillaboom\n|\n|-heal|p1a: Kommo-o|90\/100|[from] Grassy Terrain\n|-heal|p2a: Rillaboom|38\/100 psn|[from] Grassy Terrain\n|-damage|p2a: Rillaboom|26\/100 psn|[from] psn\n|upkeep\n|turn|8\n|\n|t:|1700245075\n|move|p1a: Kommo-o|Clangorous Soul|p1a: Kommo-o\n|-boost|p1a: Kommo-o|atk|1\n|-boost|p1a: Kommo-o|def|1\n|-boost|p1a: Kommo-o|spa|1\n|-boost|p1a: Kommo-o|spd|1\n|-boost|p1a: Kommo-o|spe|1\n|-damage|p1a: Kommo-o|57\/100\n|move|p2a: Rillaboom|Drain Punch|p1a: Kommo-o\n|-damage|p1a: Kommo-o|37\/100\n|-heal|p2a: Rillaboom|33\/100 psn|[from] drain|[of] p1a: Kommo-o\n|\n|-heal|p1a: Kommo-o|43\/100|[from] Grassy Terrain\n|-heal|p2a: Rillaboom|39\/100 psn|[from] Grassy Terrain\n|-damage|p2a: Rillaboom|27\/100 psn|[from] psn\n|upkeep\n|turn|9\n|\n|t:|1700245089\n|move|p2a: Rillaboom|Grassy Glide|p1a: Kommo-o\n|-resisted|p1a: Kommo-o\n|-damage|p1a: Kommo-o|30\/100\n|move|p1a: Kommo-o|Aura Sphere|p2a: Rillaboom\n|-damage|p2a: Rillaboom|0 fnt\n|faint|p2a: Rillaboom\n|\n|-heal|p1a: Kommo-o|36\/100|[from] Grassy Terrain\n|upkeep\n|\n|t:|1700245106\n|switch|p2a: Ribombee|Ribombee, F, shiny|100\/100\n|-damage|p2a: Ribombee|76\/100|[from] Stealth Rock\n|-status|p2a: Ribombee|psn\n|turn|10\n|\n|t:|1700245113\n|move|p1a: Kommo-o|Boomburst|p2a: Ribombee\n|-damage|p2a: Ribombee|0 fnt\n|faint|p2a: Ribombee\n|\n|-heal|p1a: Kommo-o|42\/100|[from] Grassy Terrain\n|-fieldend|move: Grassy Terrain\n|upkeep\n|\n|t:|1700245123\n|switch|p2a: Glimmora|Glimmora, F|100\/100\n|-damage|p2a: Glimmora|88\/100|[from] Stealth Rock\n|-sideend|p2: qb69x|move: Toxic Spikes|[of] p2a: Glimmora\n|turn|11\n|\n|t:|1700245137\n|move|p1a: Kommo-o|Aura Sphere|p2a: Glimmora\n|-damage|p2a: Glimmora|61\/100\n|move|p2a: Glimmora|Sludge Wave|p1a: Kommo-o\n|-damage|p1a: Kommo-o|8\/100\n|\n|upkeep\n|turn|12\n|\n|t:|1700245143\n|move|p1a: Kommo-o|Clanging Scales|p2a: Glimmora\n|-damage|p2a: Glimmora|20\/100\n|-unboost|p1a: Kommo-o|def|1\n|move|p2a: Glimmora|Sludge Wave|p1a: Kommo-o\n|-damage|p1a: Kommo-o|0 fnt\n|faint|p1a: Kommo-o\n|\n|upkeep\n|\n|t:|1700245154\n|switch|p1a: Ribombee|Ribombee, M|100\/100\n|turn|13\n|\n|t:|1700245159\n|move|p1a: Ribombee|Moonblast|p2a: Glimmora\n|-resisted|p2a: Glimmora\n|-damage|p2a: Glimmora|9\/100\n|move|p2a: Glimmora|Mortal Spin|p1a: Ribombee\n|-supereffective|p1a: Ribombee\n|-damage|p1a: Ribombee|75\/100\n|-status|p1a: Ribombee|psn\n|-sideend|p2: qb69x|Stealth Rock|[from] move: Mortal Spin|[of] p2a: Glimmora\n|\n|-damage|p1a: Ribombee|63\/100 psn|[from] psn\n|upkeep\n|turn|14\n|\n|t:|1700245168\n|move|p1a: Ribombee|Moonblast|p2a: Glimmora\n|-resisted|p2a: Glimmora\n|-damage|p2a: Glimmora|0 fnt\n|faint|p2a: Glimmora\n|\n|-damage|p1a: Ribombee|51\/100 psn|[from] psn\n|upkeep\n|c|\u2606NovaProgression|What is this thing made of lol\n|\n|t:|1700245175\n|switch|p2a: Gholdengo|Gholdengo, shiny|90\/100\n|turn|15\n|c|\u2606NovaProgression|This is the buffest glimm ive ever seen\n|\n|t:|1700245186\n|move|p1a: Ribombee|Sticky Web|p2a: Gholdengo\n|-sidestart|p2: qb69x|move: Sticky Web\n|move|p2a: Gholdengo|Hex|p1a: Ribombee\n|-damage|p1a: Ribombee|0 fnt\n|faint|p1a: Ribombee\n|\n|upkeep\n|\n|t:|1700245189\n|switch|p1a: Crawdaunt|Crawdaunt, M|100\/100\n|turn|16\n|c|\u2606qb69x|assault vest glim lol\n|\n|t:|1700245213\n|move|p1a: Crawdaunt|Dragon Dance|p1a: Crawdaunt\n|-boost|p1a: Crawdaunt|atk|1\n|-boost|p1a: Crawdaunt|spe|1\n|move|p2a: Gholdengo|Thunder Wave|p1a: Crawdaunt\n|-status|p1a: Crawdaunt|par\n|\n|upkeep\n|turn|17\n|\n|t:|1700245227\n|-terastallize|p2a: Gholdengo|Fairy\n|move|p2a: Gholdengo|Nasty Plot|p2a: Gholdengo\n|-boost|p2a: Gholdengo|spa|2\n|cant|p1a: Crawdaunt|par\n|\n|upkeep\n|turn|18\n|\n|t:|1700245232\n|move|p2a: Gholdengo|Hex|p1a: Crawdaunt\n|-resisted|p1a: Crawdaunt\n|-crit|p1a: Crawdaunt\n|-enditem|p1a: Crawdaunt|Focus Sash\n|-damage|p1a: Crawdaunt|1\/100 par\n|move|p1a: Crawdaunt|Crabhammer|p2a: Gholdengo\n|-damage|p2a: Gholdengo|21\/100\n|\n|upkeep\n|turn|19\n|\n|t:|1700245241\n|move|p1a: Crawdaunt|Aqua Jet|p2a: Gholdengo\n|-damage|p2a: Gholdengo|0 fnt\n|faint|p2a: Gholdengo\n|\n|upkeep\n|\n|t:|1700245245\n|switch|p2a: Landorus|Landorus-Therian, M|100\/100\n|-ability|p2a: Landorus|Intimidate|boost\n|-unboost|p1a: Crawdaunt|atk|1\n|turn|20\n|\n|t:|1700245251\n|move|p1a: Crawdaunt|Aqua Jet|p2a: Landorus\n|-supereffective|p2a: Landorus\n|-damage|p2a: Landorus|38\/100\n|move|p2a: Landorus|Earthquake|p1a: Crawdaunt\n|-damage|p1a: Crawdaunt|0 fnt\n|faint|p1a: Crawdaunt\n|\n|-heal|p2a: Landorus|44\/100|[from] item: Leftovers\n|upkeep\n|\n|t:|1700245256\n|switch|p1a: Ogerpon|Ogerpon, F|100\/100\n|turn|21\n|\n|t:|1700245265\n|move|p1a: Ogerpon|Swords Dance|p1a: Ogerpon\n|-boost|p1a: Ogerpon|atk|2\n|move|p2a: Landorus|Taunt|p1a: Ogerpon\n|-start|p1a: Ogerpon|move: Taunt\n|\n|-heal|p2a: Landorus|50\/100|[from] item: Leftovers\n|upkeep\n|turn|22\n|\n|t:|1700245272\n|-terastallize|p1a: Ogerpon|Grass\n|detailschange|p1a: Ogerpon|Ogerpon-Teal-Tera, F, tera:Grass\n|-ability|p1a: Ogerpon|Embody Aspect (Teal)|boost\n|-boost|p1a: Ogerpon|spe|1\n|move|p1a: Ogerpon|Ivy Cudgel|p2a: Landorus\n|-damage|p2a: Landorus|0 fnt\n|faint|p2a: Landorus\n|\n|upkeep\n|\n|t:|1700245280\n|switch|p2a: Kingambit|Kingambit, M, shiny|100\/100\n|-activate|p2a: Kingambit|move: Sticky Web\n|-unboost|p2a: Kingambit|spe|1\n|-activate|p2a: Kingambit|ability: Supreme Overlord\n|-start|p2a: Kingambit|fallen5|[silent]\n|turn|23\n|\n|t:|1700245287\n|move|p2a: Kingambit|Sucker Punch|p1a: Ogerpon\n|-damage|p1a: Ogerpon|12\/100\n|move|p1a: Ogerpon|Knock Off|p2a: Kingambit\n|-resisted|p2a: Kingambit\n|-damage|p2a: Kingambit|77\/100\n|-enditem|p2a: Kingambit|Leftovers|[from] move: Knock Off|[of] p1a: Ogerpon\n|\n|upkeep\n|turn|24\n|-enditem|p1a: Ogerpon|Custap Berry|[eat]\n|-activate|p1a: Ogerpon|item: Custap Berry|[consumed]\n|\n|t:|1700245312\n|move|p2a: Kingambit|Sucker Punch|p1a: Ogerpon\n|-damage|p1a: Ogerpon|0 fnt\n|faint|p1a: Ogerpon\n|\n|upkeep\n|\n|t:|1700245316\n|switch|p1a: Arcanine|Arcanine-Hisui, M|100\/100\n|turn|25\n|\n|t:|1700245347\n|move|p1a: Arcanine|Close Combat|p2a: Kingambit\n|-supereffective|p2a: Kingambit\n|-crit|p2a: Kingambit\n|-damage|p2a: Kingambit|0 fnt\n|-unboost|p1a: Arcanine|def|1\n|-unboost|p1a: Arcanine|spd|1\n|faint|p2a: Kingambit\n|-end|p2a: Kingambit|fallen5|[silent]\n|\n|win|NovaProgression\n|raw|NovaProgression's rating: 1212 &rarr; <strong>1234<\/strong><br \/>(+22 for winning)\n|raw|qb69x's rating: 1173 &rarr; <strong>1151<\/strong><br \/>(-22 for losing)\n|c|\u2606qb69x|gg\n|c|\u2606NovaProgression|Gg\n|c|\u2606NovaProgression|Wp\n","uploadtime":1700245364,"views":10,"p1id":"novaprogression","p2id":"qb69x","formatid":"gen9ou","rating":1151,"private":0,"password":""}