{"id":"gen9ou-1995703249","p1":"imverykyle","p2":"FartyMc6","format":"[Gen 9] OU","log":"|j|\u2606imverykyle\n|j|\u2606FartyMc6\n|t:|1700595391\n|gametype|singles\n|player|p1|imverykyle|pokemaniac|1150\n|player|p2|FartyMc6|brycenman|1124\n|teamsize|p1|6\n|teamsize|p2|6\n|gen|9\n|tier|[Gen 9] OU\n|rated|\n|rule|Sleep Clause Mod: Limit one foe put to sleep\n|rule|Species Clause: Limit one of each Pok\u00e9mon\n|rule|OHKO Clause: OHKO moves are banned\n|rule|Evasion Items Clause: Evasion items are banned\n|rule|Evasion Moves Clause: Evasion moves are banned\n|rule|Endless Battle Clause: Forcing endless battles is banned\n|rule|HP Percentage Mod: HP is shown in percentages\n|clearpoke\n|poke|p1|Hawlucha, F|\n|poke|p1|Rillaboom, F|\n|poke|p1|Landorus-Therian, M|\n|poke|p1|Alomomola, M|\n|poke|p1|Cinderace, M|\n|poke|p1|Gholdengo|\n|poke|p2|Arcanine-Hisui, M|\n|poke|p2|Torkoal, M|\n|poke|p2|Great Tusk|\n|poke|p2|Walking Wake|\n|poke|p2|Enamorus, F|\n|poke|p2|Sinistcha|\n|teampreview\n|inactive|Battle timer is ON: inactive players will automatically lose when time's up. (requested by FartyMc6)\n|\n|t:|1700595398\n|start\n|switch|p1a: Landorus|Landorus-Therian, M|100\/100\n|switch|p2a: Torkoal|Torkoal, M|100\/100\n|-ability|p1a: Landorus|Intimidate|boost\n|-unboost|p2a: Torkoal|atk|1\n|-weather|SunnyDay|[from] ability: Drought|[of] p2a: Torkoal\n|turn|1\n|\n|t:|1700595410\n|switch|p2a: Walking Wake|Walking Wake|100\/100\n|-activate|p2a: Walking Wake|ability: Protosynthesis\n|-start|p2a: Walking Wake|protosynthesisspa\n|move|p1a: Landorus|U-turn|p2a: Walking Wake\n|-damage|p2a: Walking Wake|67\/100\n|inactive|imverykyle has 120 seconds left.\n|\n|t:|1700595449\n|switch|p1a: Cinderace|Cinderace, M|100\/100|[from] U-turn\n|\n|-weather|SunnyDay|[upkeep]\n|-heal|p2a: Walking Wake|73\/100|[from] item: Leftovers\n|upkeep\n|turn|2\n|inactive|imverykyle has 120 seconds left.\n|\n|t:|1700595456\n|move|p1a: Cinderace|U-turn|p2a: Walking Wake\n|-start|p1a: Cinderace|typechange|Bug|[from] ability: Libero\n|-damage|p2a: Walking Wake|37\/100\n|inactive|imverykyle has 120 seconds left.\n|\n|t:|1700595461\n|switch|p1a: Rillaboom|Rillaboom, F|100\/100|[from] U-turn\n|-fieldstart|move: Grassy Terrain|[from] ability: Grassy Surge|[of] p1a: Rillaboom\n|move|p2a: Walking Wake|Hydro Steam|p1a: Rillaboom\n|-resisted|p1a: Rillaboom\n|-damage|p1a: Rillaboom|73\/100\n|\n|-weather|SunnyDay|[upkeep]\n|-heal|p2a: Walking Wake|43\/100|[from] Grassy Terrain\n|-heal|p2a: Walking Wake|49\/100|[from] item: Leftovers\n|-heal|p1a: Rillaboom|79\/100|[from] Grassy Terrain\n|upkeep\n|turn|3\n|\n|t:|1700595478\n|switch|p1a: Landorus|Landorus-Therian, M|100\/100\n|-ability|p1a: Landorus|Intimidate|boost\n|-unboost|p2a: Walking Wake|atk|1\n|-terastallize|p2a: Walking Wake|Fire\n|move|p2a: Walking Wake|Flamethrower|p1a: Landorus\n|-damage|p1a: Landorus|0 fnt\n|faint|p1a: Landorus\n|\n|-weather|SunnyDay|[upkeep]\n|-heal|p2a: Walking Wake|56\/100|[from] Grassy Terrain\n|-heal|p2a: Walking Wake|62\/100|[from] item: Leftovers\n|upkeep\n|inactive|imverykyle has 120 seconds left.\n|inactive|imverykyle has 90 seconds left.\n|\n|t:|1700595526\n|switch|p1a: Hawlucha|Hawlucha, F|100\/100\n|-enditem|p1a: Hawlucha|Grassy Seed\n|-boost|p1a: Hawlucha|def|1|[from] item: Grassy Seed\n|turn|4\n|inactive|imverykyle has 90 seconds left.\n|\n|t:|1700595542\n|-end|p2a: Walking Wake|Protosynthesis|[silent]\n|switch|p2a: Arcanine|Arcanine-Hisui, M|100\/100\n|move|p1a: Hawlucha|Close Combat|p2a: Arcanine\n|-supereffective|p2a: Arcanine\n|-damage|p2a: Arcanine|0 fnt\n|-unboost|p1a: Hawlucha|def|1\n|-unboost|p1a: Hawlucha|spd|1\n|faint|p2a: Arcanine\n|\n|-weather|SunnyDay|[upkeep]\n|upkeep\n|\n|t:|1700595556\n|switch|p2a: Enamorus|Enamorus, F|100\/100\n|turn|5\n|\n|t:|1700595562\n|switch|p1a: Gholdengo|Gholdengo|100\/100\n|move|p2a: Enamorus|Springtide Storm|p1a: Gholdengo\n|-resisted|p1a: Gholdengo\n|-damage|p1a: Gholdengo|79\/100\n|-unboost|p1a: Gholdengo|atk|1\n|\n|-weather|none\n|-heal|p1a: Gholdengo|85\/100|[from] Grassy Terrain\n|-heal|p1a: Gholdengo|91\/100|[from] item: Leftovers\n|upkeep\n|turn|6\n|\n|t:|1700595576\n|move|p2a: Enamorus|Earth Power|p1a: Gholdengo\n|-supereffective|p1a: Gholdengo\n|-damage|p1a: Gholdengo|35\/100\n|move|p1a: Gholdengo|Shadow Ball|p2a: Enamorus\n|-damage|p2a: Enamorus|41\/100\n|\n|-heal|p1a: Gholdengo|41\/100|[from] Grassy Terrain\n|-heal|p1a: Gholdengo|47\/100|[from] item: Leftovers\n|-fieldend|move: Grassy Terrain\n|upkeep\n|turn|7\n|\n|t:|1700595588\n|switch|p1a: Alomomola|Alomomola, M|100\/100\n|move|p2a: Enamorus|Tailwind|p2a: Enamorus\n|-sidestart|p2: FartyMc6|move: Tailwind\n|\n|upkeep\n|turn|8\n|\n|t:|1700595597\n|switch|p2a: Torkoal|Torkoal, M|100\/100\n|-weather|SunnyDay|[from] ability: Drought|[of] p2a: Torkoal\n|move|p1a: Alomomola|Wish|p1a: Alomomola\n|\n|-weather|SunnyDay|[upkeep]\n|upkeep\n|turn|9\n|\n|t:|1700595614\n|switch|p2a: Sinistcha|Sinistcha|100\/100\n|move|p1a: Alomomola|Flip Turn|p2a: Sinistcha\n|-resisted|p2a: Sinistcha\n|-crit|p2a: Sinistcha\n|-damage|p2a: Sinistcha|95\/100\n|\n|t:|1700595620\n|switch|p1a: Gholdengo|Gholdengo|47\/100|[from] Flip Turn\n|\n|-weather|SunnyDay|[upkeep]\n|-heal|p1a: Gholdengo|100\/100|[from] move: Wish|[wisher] Alomomola\n|upkeep\n|turn|10\n|inactive|imverykyle has 120 seconds left.\n|\n|t:|1700595627\n|move|p2a: Sinistcha|Shadow Ball|p1a: Gholdengo\n|-supereffective|p1a: Gholdengo\n|-damage|p1a: Gholdengo|0 fnt\n|faint|p1a: Gholdengo\n|\n|-weather|SunnyDay|[upkeep]\n|-sideend|p2: FartyMc6|move: Tailwind\n|upkeep\n|inactive|imverykyle has 120 seconds left.\n|\n|t:|1700595643\n|switch|p1a: Rillaboom|Rillaboom, F|79\/100\n|-fieldstart|move: Grassy Terrain|[from] ability: Grassy Surge|[of] p1a: Rillaboom\n|turn|11\n|\n|t:|1700595653\n|switch|p2a: Walking Wake|Walking Wake, tera:Fire|62\/100\n|-activate|p2a: Walking Wake|ability: Protosynthesis\n|-start|p2a: Walking Wake|protosynthesisspa\n|move|p1a: Rillaboom|Knock Off|p2a: Walking Wake\n|-damage|p2a: Walking Wake|34\/100\n|-enditem|p2a: Walking Wake|Leftovers|[from] move: Knock Off|[of] p1a: Rillaboom\n|\n|-weather|SunnyDay|[upkeep]\n|-heal|p2a: Walking Wake|40\/100|[from] Grassy Terrain\n|-heal|p1a: Rillaboom|85\/100|[from] Grassy Terrain\n|upkeep\n|turn|12\n|inactive|imverykyle has 120 seconds left.\n|\n|t:|1700595666\n|-terastallize|p1a: Rillaboom|Water\n|move|p2a: Walking Wake|Hydro Steam|p1a: Rillaboom\n|-resisted|p1a: Rillaboom\n|-damage|p1a: Rillaboom|56\/100\n|move|p1a: Rillaboom|High Horsepower|p2a: Walking Wake\n|-supereffective|p2a: Walking Wake\n|-damage|p2a: Walking Wake|0 fnt\n|faint|p2a: Walking Wake\n|-end|p2a: Walking Wake|Protosynthesis|[silent]\n|\n|-weather|none\n|-heal|p1a: Rillaboom|62\/100|[from] Grassy Terrain\n|upkeep\n|\n|t:|1700595676\n|switch|p2a: Sinistcha|Sinistcha|95\/100\n|turn|13\n|\n|t:|1700595685\n|switch|p1a: Cinderace|Cinderace, M|100\/100\n|move|p2a: Sinistcha|Matcha Gotcha|p1a: Cinderace\n|-resisted|p1a: Cinderace\n|-damage|p1a: Cinderace|39\/100\n|-heal|p2a: Sinistcha|100\/100|[from] drain|[of] p1a: Cinderace\n|\n|-heal|p1a: Cinderace|45\/100|[from] Grassy Terrain\n|upkeep\n|turn|14\n|\n|t:|1700595701\n|switch|p2a: Torkoal|Torkoal, M|100\/100\n|-weather|SunnyDay|[from] ability: Drought|[of] p2a: Torkoal\n|move|p1a: Cinderace|Pyro Ball|p2a: Torkoal\n|-resisted|p2a: Torkoal\n|-damage|p2a: Torkoal|68\/100\n|\n|-weather|SunnyDay|[upkeep]\n|-heal|p1a: Cinderace|51\/100|[from] Grassy Terrain\n|-heal|p2a: Torkoal|75\/100|[from] Grassy Terrain\n|upkeep\n|turn|15\n|\n|t:|1700595709\n|move|p1a: Cinderace|U-turn|p2a: Torkoal\n|-start|p1a: Cinderace|typechange|Bug|[from] ability: Libero\n|-resisted|p2a: Torkoal\n|-damage|p2a: Torkoal|62\/100\n|\n|t:|1700595714\n|switch|p1a: Alomomola|Alomomola, M|100\/100|[from] U-turn\n|move|p2a: Torkoal|Ancient Power|p1a: Alomomola\n|-damage|p1a: Alomomola|80\/100\n|\n|-weather|SunnyDay|[upkeep]\n|-heal|p1a: Alomomola|86\/100|[from] Grassy Terrain\n|-heal|p2a: Torkoal|68\/100|[from] Grassy Terrain\n|-fieldend|move: Grassy Terrain\n|upkeep\n|turn|16\n|\n|t:|1700595730\n|switch|p2a: Enamorus|Enamorus, F|41\/100\n|move|p1a: Alomomola|Wish|p1a: Alomomola\n|\n|-weather|SunnyDay|[upkeep]\n|upkeep\n|turn|17\n|\n|t:|1700595742\n|move|p2a: Enamorus|Tailwind|p2a: Enamorus\n|-sidestart|p2: FartyMc6|move: Tailwind\n|move|p1a: Alomomola|Flip Turn|p2a: Enamorus\n|-damage|p2a: Enamorus|29\/100\n|\n|t:|1700595751\n|switch|p1a: Rillaboom|Rillaboom, F, tera:Water|62\/100|[from] Flip Turn\n|-fieldstart|move: Grassy Terrain|[from] ability: Grassy Surge|[of] p1a: Rillaboom\n|\n|-weather|SunnyDay|[upkeep]\n|-heal|p1a: Rillaboom|100\/100|[from] move: Wish|[wisher] Alomomola\n|upkeep\n|turn|18\n|\n|t:|1700595764\n|move|p2a: Enamorus|Springtide Storm|p1a: Rillaboom\n|-damage|p1a: Rillaboom|61\/100\n|move|p1a: Rillaboom|Knock Off|p2a: Enamorus\n|-resisted|p2a: Enamorus\n|-damage|p2a: Enamorus|10\/100\n|-enditem|p2a: Enamorus|Focus Sash|[from] move: Knock Off|[of] p1a: Rillaboom\n|\n|-weather|none\n|-heal|p1a: Rillaboom|67\/100|[from] Grassy Terrain\n|upkeep\n|turn|19\n|\n|t:|1700595774\n|move|p1a: Rillaboom|Grassy Glide|p2a: Enamorus\n|-resisted|p2a: Enamorus\n|-crit|p2a: Enamorus\n|-damage|p2a: Enamorus|0 fnt\n|faint|p2a: Enamorus\n|\n|-heal|p1a: Rillaboom|73\/100|[from] Grassy Terrain\n|upkeep\n|\n|t:|1700595779\n|switch|p2a: Sinistcha|Sinistcha|100\/100\n|turn|20\n|\n|t:|1700595790\n|switch|p1a: Hawlucha|Hawlucha, F|100\/100\n|move|p2a: Sinistcha|Scald|p1a: Hawlucha\n|-damage|p1a: Hawlucha|34\/100\n|-status|p1a: Hawlucha|brn\n|\n|-damage|p1a: Hawlucha|28\/100 brn|[from] brn\n|-sideend|p2: FartyMc6|move: Tailwind\n|upkeep\n|turn|21\n|\n|t:|1700595801\n|move|p1a: Hawlucha|Acrobatics|p2a: Sinistcha\n|-supereffective|p2a: Sinistcha\n|-damage|p2a: Sinistcha|53\/100\n|move|p2a: Sinistcha|Scald|p1a: Hawlucha\n|-damage|p1a: Hawlucha|0 fnt\n|faint|p1a: Hawlucha\n|\n|-heal|p2a: Sinistcha|59\/100|[from] Grassy Terrain\n|-fieldend|move: Grassy Terrain\n|upkeep\n|\n|t:|1700595806\n|switch|p1a: Cinderace|Cinderace, M|51\/100\n|turn|22\n|\n|t:|1700595811\n|switch|p2a: Torkoal|Torkoal, M|68\/100\n|-weather|SunnyDay|[from] ability: Drought|[of] p2a: Torkoal\n|move|p1a: Cinderace|Pyro Ball|p2a: Torkoal\n|-resisted|p2a: Torkoal\n|-damage|p2a: Torkoal|35\/100\n|\n|-weather|SunnyDay|[upkeep]\n|upkeep\n|turn|23\n|\n|t:|1700595825\n|move|p1a: Cinderace|U-turn|p2a: Torkoal\n|-start|p1a: Cinderace|typechange|Bug|[from] ability: Libero\n|-resisted|p2a: Torkoal\n|-damage|p2a: Torkoal|22\/100\n|\n|t:|1700595832\n|switch|p1a: Rillaboom|Rillaboom, F, tera:Water|73\/100|[from] U-turn\n|-fieldstart|move: Grassy Terrain|[from] ability: Grassy Surge|[of] p1a: Rillaboom\n|move|p2a: Torkoal|Lava Plume|p1a: Rillaboom\n|-resisted|p1a: Rillaboom\n|-damage|p1a: Rillaboom|55\/100\n|\n|-weather|SunnyDay|[upkeep]\n|-heal|p1a: Rillaboom|61\/100|[from] Grassy Terrain\n|-heal|p2a: Torkoal|28\/100|[from] Grassy Terrain\n|upkeep\n|turn|24\n|\n|t:|1700595844\n|switch|p2a: Sinistcha|Sinistcha|59\/100\n|move|p1a: Rillaboom|High Horsepower|p2a: Sinistcha\n|-resisted|p2a: Sinistcha\n|-damage|p2a: Sinistcha|46\/100\n|\n|-weather|SunnyDay|[upkeep]\n|-heal|p1a: Rillaboom|67\/100|[from] Grassy Terrain\n|-heal|p2a: Sinistcha|53\/100|[from] Grassy Terrain\n|upkeep\n|turn|25\n|\n|t:|1700595854\n|switch|p1a: Alomomola|Alomomola, M|100\/100\n|move|p2a: Sinistcha|Matcha Gotcha|p1a: Alomomola\n|-supereffective|p1a: Alomomola\n|-damage|p1a: Alomomola|0 fnt\n|-heal|p2a: Sinistcha|100\/100|[from] drain|[of] p1a: Alomomola\n|faint|p1a: Alomomola\n|\n|-weather|SunnyDay|[upkeep]\n|upkeep\n|\n|t:|1700595860\n|switch|p1a: Cinderace|Cinderace, M|51\/100\n|turn|26\n|\n|t:|1700595865\n|switch|p2a: Great Tusk|Great Tusk|100\/100\n|-activate|p2a: Great Tusk|ability: Protosynthesis\n|-start|p2a: Great Tusk|protosynthesisatk\n|move|p1a: Cinderace|Pyro Ball|p2a: Great Tusk\n|-damage|p2a: Great Tusk|46\/100\n|\n|-weather|none\n|-end|p2a: Great Tusk|Protosynthesis\n|-heal|p1a: Cinderace|57\/100|[from] Grassy Terrain\n|-heal|p2a: Great Tusk|52\/100|[from] Grassy Terrain\n|upkeep\n|turn|27\n|\n|t:|1700595882\n|-end|p2a: Great Tusk|Protosynthesis|[silent]\n|switch|p2a: Torkoal|Torkoal, M|28\/100\n|-weather|SunnyDay|[from] ability: Drought|[of] p2a: Torkoal\n|move|p1a: Cinderace|Will-O-Wisp|p2a: Torkoal\n|-immune|p2a: Torkoal\n|\n|-weather|SunnyDay|[upkeep]\n|-heal|p1a: Cinderace|63\/100|[from] Grassy Terrain\n|-heal|p2a: Torkoal|34\/100|[from] Grassy Terrain\n|-fieldend|move: Grassy Terrain\n|upkeep\n|turn|28\n|\n|t:|1700595897\n|move|p1a: Cinderace|Pyro Ball|p2a: Torkoal|[miss]\n|-miss|p1a: Cinderace|p2a: Torkoal\n|move|p2a: Torkoal|Ancient Power|p1a: Cinderace\n|-supereffective|p1a: Cinderace\n|-damage|p1a: Cinderace|9\/100\n|\n|-weather|SunnyDay|[upkeep]\n|upkeep\n|turn|29\n|\n|t:|1700595915\n|move|p1a: Cinderace|U-turn|p2a: Torkoal\n|-start|p1a: Cinderace|typechange|Bug|[from] ability: Libero\n|-resisted|p2a: Torkoal\n|-damage|p2a: Torkoal|21\/100\n|\n|t:|1700595919\n|switch|p1a: Rillaboom|Rillaboom, F, tera:Water|67\/100|[from] U-turn\n|-fieldstart|move: Grassy Terrain|[from] ability: Grassy Surge|[of] p1a: Rillaboom\n|move|p2a: Torkoal|Ancient Power|p1a: Rillaboom\n|-damage|p1a: Rillaboom|55\/100\n|\n|-weather|SunnyDay|[upkeep]\n|-heal|p1a: Rillaboom|61\/100|[from] Grassy Terrain\n|-heal|p2a: Torkoal|28\/100|[from] Grassy Terrain\n|upkeep\n|turn|30\n|\n|t:|1700595930\n|switch|p2a: Sinistcha|Sinistcha|100\/100\n|move|p1a: Rillaboom|Knock Off|p2a: Sinistcha\n|-supereffective|p2a: Sinistcha\n|-damage|p2a: Sinistcha|51\/100\n|-enditem|p2a: Sinistcha|Choice Specs|[from] move: Knock Off|[of] p1a: Rillaboom\n|\n|-weather|SunnyDay|[upkeep]\n|-heal|p1a: Rillaboom|67\/100|[from] Grassy Terrain\n|-heal|p2a: Sinistcha|57\/100|[from] Grassy Terrain\n|upkeep\n|turn|31\n|\n|t:|1700595941\n|move|p1a: Rillaboom|U-turn|p2a: Sinistcha\n|-damage|p2a: Sinistcha|39\/100\n|\n|t:|1700595945\n|switch|p1a: Cinderace|Cinderace, M|9\/100|[from] U-turn\n|move|p2a: Sinistcha|Matcha Gotcha|p1a: Cinderace\n|-resisted|p1a: Cinderace\n|-damage|p1a: Cinderace|0 fnt\n|-heal|p2a: Sinistcha|43\/100|[from] drain|[of] p1a: Cinderace\n|faint|p1a: Cinderace\n|\n|-weather|none\n|-heal|p2a: Sinistcha|49\/100|[from] Grassy Terrain\n|upkeep\n|-message|imverykyle forfeited.\n|\n|win|FartyMc6\n|raw|imverykyle's rating: 1150 &rarr; <strong>1123<\/strong><br \/>(-27 for losing)\n|raw|FartyMc6's rating: 1124 &rarr; <strong>1151<\/strong><br \/>(+27 for winning)\n|l|\u2606imverykyle\n|c|\u2606FartyMc6|idiot\n","uploadtime":1700595964,"views":18,"p1id":"imverykyle","p2id":"fartymc6","formatid":"gen9ou","rating":1123,"private":0,"password":""}