{"id":"gen9ou-1992274741","p1":"oscar2222","p2":"hatakeguy","format":"[Gen 9] OU","log":"|j|\u2606oscar2222\n|j|\u2606hatakeguy\n|t:|1700169928\n|gametype|singles\n|player|p1|oscar2222|1|\n|player|p2|hatakeguy|170|\n|teamsize|p1|6\n|teamsize|p2|6\n|gen|9\n|tier|[Gen 9] OU\n|rule|Sleep Clause Mod: Limit one foe put to sleep\n|rule|Species Clause: Limit one of each Pok\u00e9mon\n|rule|OHKO Clause: OHKO moves are banned\n|rule|Evasion Items Clause: Evasion items are banned\n|rule|Evasion Moves Clause: Evasion moves are banned\n|rule|Endless Battle Clause: Forcing endless battles is banned\n|rule|HP Percentage Mod: HP is shown in percentages\n|clearpoke\n|poke|p1|Manaphy|\n|poke|p1|Kommo-o, F|\n|poke|p1|Corviknight, M|\n|poke|p1|Ceruledge, M|\n|poke|p1|Hatterene, F|\n|poke|p1|Ting-Lu|\n|poke|p2|Torkoal, M|\n|poke|p2|Azumarill, F|\n|poke|p2|Garchomp, M|\n|poke|p2|Ursaluna, F|\n|poke|p2|Hatterene, F|\n|poke|p2|Uxie|\n|teampreview\n|\n|t:|1700169957\n|start\n|switch|p1a: Manaphy|Manaphy|100\/100\n|switch|p2a: Uxie|Uxie|100\/100\n|turn|1\n|\n|t:|1700169980\n|move|p1a: Manaphy|Tail Glow|p1a: Manaphy\n|-boost|p1a: Manaphy|spa|3\n|move|p2a: Uxie|Trick Room|p2a: Uxie\n|-fieldstart|move: Trick Room|[of] p2a: Uxie\n|\n|upkeep\n|turn|2\n|\n|t:|1700169997\n|move|p2a: Uxie|Encore|p1a: Manaphy\n|-start|p1a: Manaphy|Encore\n|move|p1a: Manaphy|Tail Glow|p1a: Manaphy\n|-boost|p1a: Manaphy|spa|3\n|\n|upkeep\n|turn|3\n|\n|t:|1700170025\n|switch|p2a: Ursaluna|Ursaluna, F|100\/100\n|move|p1a: Manaphy|Tail Glow|p1a: Manaphy\n|-boost|p1a: Manaphy|spa|0\n|\n|-status|p2a: Ursaluna|brn|[from] item: Flame Orb\n|upkeep\n|turn|4\n|\n|t:|1700170067\n|switch|p1a: Corviknight|Corviknight, M|100\/100\n|move|p2a: Ursaluna|Facade|p1a: Corviknight\n|-resisted|p1a: Corviknight\n|-damage|p1a: Corviknight|65\/100\n|-damage|p2a: Ursaluna|84\/100 brn|[from] item: Rocky Helmet|[of] p1a: Corviknight\n|\n|-damage|p2a: Ursaluna|78\/100 brn|[from] brn\n|upkeep\n|turn|5\n|\n|t:|1700170087\n|move|p2a: Ursaluna|Facade|p1a: Corviknight\n|-resisted|p1a: Corviknight\n|-damage|p1a: Corviknight|26\/100\n|-damage|p2a: Ursaluna|61\/100 brn|[from] item: Rocky Helmet|[of] p1a: Corviknight\n|move|p1a: Corviknight|Body Press|p2a: Ursaluna\n|-supereffective|p2a: Ursaluna\n|-damage|p2a: Ursaluna|27\/100 brn\n|\n|-damage|p2a: Ursaluna|20\/100 brn|[from] brn\n|-fieldend|move: Trick Room\n|upkeep\n|turn|6\n|\n|t:|1700170106\n|switch|p2a: Azumarill|Azumarill, F|100\/100\n|move|p1a: Corviknight|Roost|p1a: Corviknight\n|-heal|p1a: Corviknight|76\/100\n|-singleturn|p1a: Corviknight|move: Roost\n|\n|upkeep\n|turn|7\n|\n|t:|1700170155\n|move|p1a: Corviknight|U-turn|p2a: Azumarill\n|-resisted|p2a: Azumarill\n|-damage|p2a: Azumarill|93\/100\n|\n|t:|1700170160\n|switch|p1a: Ting-Lu|Ting-Lu|100\/100|[from] U-turn\n|-ability|p1a: Ting-Lu|Vessel of Ruin\n|move|p2a: Azumarill|Belly Drum|p2a: Azumarill\n|-damage|p2a: Azumarill|43\/100\n|-setboost|p2a: Azumarill|atk|6|[from] move: Belly Drum\n|-enditem|p2a: Azumarill|Sitrus Berry|[eat]\n|-heal|p2a: Azumarill|68\/100|[from] item: Sitrus Berry\n|\n|upkeep\n|turn|8\n|\n|t:|1700170173\n|move|p2a: Azumarill|Play Rough|p1a: Ting-Lu\n|-supereffective|p1a: Ting-Lu\n|-damage|p1a: Ting-Lu|0 fnt\n|faint|p1a: Ting-Lu\n|\n|upkeep\n|\n|t:|1700170191\n|switch|p1a: Manaphy|Manaphy|100\/100\n|turn|9\n|\n|t:|1700170204\n|-terastallize|p1a: Manaphy|Fairy\n|move|p1a: Manaphy|Energy Ball|p2a: Azumarill\n|-supereffective|p2a: Azumarill\n|-damage|p2a: Azumarill|13\/100\n|move|p2a: Azumarill|Play Rough|p1a: Manaphy\n|-damage|p1a: Manaphy|0 fnt\n|faint|p1a: Manaphy\n|\n|upkeep\n|\n|t:|1700170237\n|switch|p1a: Kommo-o|Kommo-o, F|100\/100\n|turn|10\n|\n|t:|1700170251\n|move|p1a: Kommo-o|Boomburst|p2a: Azumarill\n|-damage|p2a: Azumarill|0 fnt\n|faint|p2a: Azumarill\n|-enditem|p1a: Kommo-o|Throat Spray\n|-boost|p1a: Kommo-o|spa|1|[from] item: Throat Spray\n|\n|upkeep\n|\n|t:|1700170268\n|switch|p2a: Uxie|Uxie|100\/100\n|turn|11\n|\n|t:|1700170281\n|move|p1a: Kommo-o|Clanging Scales|p2a: Uxie\n|-damage|p2a: Uxie|48\/100\n|-unboost|p1a: Kommo-o|def|1\n|move|p2a: Uxie|Trick Room|p2a: Uxie\n|-fieldstart|move: Trick Room|[of] p2a: Uxie\n|\n|upkeep\n|turn|12\n|\n|t:|1700170295\n|switch|p2a: Hatterene|Hatterene, F|100\/100\n|move|p1a: Kommo-o|Clanging Scales|p2a: Hatterene\n|-immune|p2a: Hatterene\n|\n|upkeep\n|turn|13\n|\n|t:|1700170319\n|switch|p1a: Hatterene|Hatterene, F|100\/100\n|move|p2a: Hatterene|Psyshock|p1a: Hatterene\n|-resisted|p1a: Hatterene\n|-damage|p1a: Hatterene|80\/100\n|\n|-heal|p1a: Hatterene|86\/100|[from] item: Leftovers\n|upkeep\n|turn|14\n|\n|t:|1700170334\n|switch|p2a: Uxie|Uxie|48\/100\n|move|p1a: Hatterene|Nuzzle|p2a: Uxie\n|-damage|p2a: Uxie|45\/100\n|-status|p2a: Uxie|par\n|\n|-heal|p1a: Hatterene|92\/100|[from] item: Leftovers\n|upkeep\n|turn|15\n|\n|t:|1700170354\n|move|p1a: Hatterene|Calm Mind|p1a: Hatterene\n|-boost|p1a: Hatterene|spa|1\n|-boost|p1a: Hatterene|spd|1\n|cant|p2a: Uxie|par\n|\n|-heal|p1a: Hatterene|98\/100|[from] item: Leftovers\n|-fieldend|move: Trick Room\n|upkeep\n|turn|16\n|\n|t:|1700170362\n|move|p2a: Uxie|Encore|p1a: Hatterene\n|move|p1a: Hatterene|Encore||[from]ability: Magic Bounce|[still]\n|-fail|p1a: Hatterene\n|move|p1a: Hatterene|Calm Mind|p1a: Hatterene\n|-boost|p1a: Hatterene|spa|1\n|-boost|p1a: Hatterene|spd|1\n|\n|-heal|p1a: Hatterene|100\/100|[from] item: Leftovers\n|upkeep\n|turn|17\n|\n|t:|1700170374\n|move|p1a: Hatterene|Calm Mind|p1a: Hatterene\n|-boost|p1a: Hatterene|spa|1\n|-boost|p1a: Hatterene|spd|1\n|move|p2a: Uxie|Trick Room|p2a: Uxie\n|-fieldstart|move: Trick Room|[of] p2a: Uxie\n|\n|upkeep\n|turn|18\n|\n|t:|1700170391\n|switch|p2a: Ursaluna|Ursaluna, F|20\/100 brn\n|move|p1a: Hatterene|Calm Mind|p1a: Hatterene\n|-boost|p1a: Hatterene|spa|1\n|-boost|p1a: Hatterene|spd|1\n|\n|-damage|p2a: Ursaluna|14\/100 brn|[from] brn\n|upkeep\n|turn|19\n|\n|t:|1700170404\n|move|p1a: Hatterene|Psyshock|p2a: Ursaluna\n|-damage|p2a: Ursaluna|0 fnt\n|faint|p2a: Ursaluna\n|\n|upkeep\n|\n|t:|1700170415\n|switch|p2a: Torkoal|Torkoal, M|100\/100\n|-weather|SunnyDay|[from] ability: Drought|[of] p2a: Torkoal\n|turn|20\n|\n|t:|1700170447\n|move|p1a: Hatterene|Draining Kiss|p2a: Torkoal\n|-resisted|p2a: Torkoal\n|-damage|p2a: Torkoal|57\/100\n|move|p2a: Torkoal|Eruption|p1a: Hatterene\n|-damage|p1a: Hatterene|81\/100\n|\n|-weather|SunnyDay|[upkeep]\n|-heal|p1a: Hatterene|87\/100|[from] item: Leftovers\n|upkeep\n|turn|21\n|\n|t:|1700170481\n|switch|p2a: Garchomp|Garchomp, M|100\/100\n|move|p1a: Hatterene|Draining Kiss|p2a: Garchomp\n|-supereffective|p2a: Garchomp\n|-damage|p2a: Garchomp|0 fnt\n|-heal|p1a: Hatterene|100\/100|[from] drain|[of] p2a: Garchomp\n|-damage|p1a: Hatterene|88\/100|[from] ability: Rough Skin|[of] p2a: Garchomp\n|faint|p2a: Garchomp\n|\n|-weather|SunnyDay|[upkeep]\n|-heal|p1a: Hatterene|94\/100|[from] item: Leftovers\n|-fieldend|move: Trick Room\n|upkeep\n|\n|t:|1700170497\n|switch|p2a: Hatterene|Hatterene, F|100\/100\n|turn|22\n|\n|t:|1700170544\n|-terastallize|p2a: Hatterene|Steel\n|move|p2a: Hatterene|Calm Mind|p2a: Hatterene\n|-boost|p2a: Hatterene|spa|1\n|-boost|p2a: Hatterene|spd|1\n|move|p1a: Hatterene|Nuzzle|p2a: Hatterene\n|-damage|p2a: Hatterene|96\/100\n|-status|p2a: Hatterene|par\n|\n|-weather|SunnyDay|[upkeep]\n|-heal|p1a: Hatterene|99\/100|[from] item: Leftovers\n|upkeep\n|turn|23\n|\n|t:|1700170560\n|move|p1a: Hatterene|Psyshock|p2a: Hatterene\n|-resisted|p2a: Hatterene\n|-damage|p2a: Hatterene|40\/100 par\n|move|p2a: Hatterene|Calm Mind|p2a: Hatterene\n|-boost|p2a: Hatterene|spa|1\n|-boost|p2a: Hatterene|spd|1\n|\n|-weather|SunnyDay|[upkeep]\n|-heal|p1a: Hatterene|100\/100|[from] item: Leftovers\n|upkeep\n|turn|24\n|\n|t:|1700170577\n|move|p1a: Hatterene|Psyshock|p2a: Hatterene\n|-resisted|p2a: Hatterene\n|-damage|p2a: Hatterene|0 fnt\n|faint|p2a: Hatterene\n|\n|-weather|none\n|upkeep\n|\n|t:|1700170589\n|switch|p2a: Uxie|Uxie|45\/100 par\n|turn|25\n|\n|t:|1700170601\n|move|p2a: Uxie|Memento|p1a: Hatterene\n|-unboost|p1a: Hatterene|atk|2\n|-unboost|p1a: Hatterene|spa|2\n|faint|p2a: Uxie\n|move|p1a: Hatterene|Psyshock|p2: Uxie|[notarget]\n|-fail|p1a: Hatterene\n|\n|upkeep\n|\n|t:|1700170610\n|switch|p2a: Torkoal|Torkoal, M|57\/100\n|-weather|SunnyDay|[from] ability: Drought|[of] p2a: Torkoal\n|turn|26\n|\n|t:|1700170621\n|move|p2a: Torkoal|Solar Beam||[still]\n|-prepare|p2a: Torkoal|Solar Beam\n|-anim|p2a: Torkoal|Solar Beam|p1a: Hatterene\n|-damage|p1a: Hatterene|88\/100\n|move|p1a: Hatterene|Psyshock|p2a: Torkoal\n|-damage|p2a: Torkoal|7\/100\n|\n|-weather|SunnyDay|[upkeep]\n|-heal|p1a: Hatterene|94\/100|[from] item: Leftovers\n|upkeep\n|turn|27\n|\n|t:|1700170632\n|move|p2a: Torkoal|Solar Beam||[still]\n|-prepare|p2a: Torkoal|Solar Beam\n|-anim|p2a: Torkoal|Solar Beam|p1a: Hatterene\n|-damage|p1a: Hatterene|80\/100\n|move|p1a: Hatterene|Psyshock|p2a: Torkoal\n|-damage|p2a: Torkoal|0 fnt\n|faint|p2a: Torkoal\n|\n|win|oscar2222\n","uploadtime":1700170642,"views":14,"p1id":"oscar2222","p2id":"hatakeguy","formatid":"gen9ou","rating":0,"private":0,"password":""}