{"id":"gen9ou-1995087521","p1":"Aerodragon3","p2":"Noruderu","format":"[Gen 9] OU","log":"|j|\u2606Aerodragon3\n|j|\u2606Noruderu\n|t:|1700521152\n|gametype|singles\n|player|p1|Aerodragon3|dragontamer|1315\n|player|p2|Noruderu|ghetsis-gen5bw|1368\n|teamsize|p1|6\n|teamsize|p2|6\n|gen|9\n|tier|[Gen 9] OU\n|rated|\n|rule|Sleep Clause Mod: Limit one foe put to sleep\n|rule|Species Clause: Limit one of each Pok\u00e9mon\n|rule|OHKO Clause: OHKO moves are banned\n|rule|Evasion Items Clause: Evasion items are banned\n|rule|Evasion Moves Clause: Evasion moves are banned\n|rule|Endless Battle Clause: Forcing endless battles is banned\n|rule|HP Percentage Mod: HP is shown in percentages\n|clearpoke\n|poke|p1|Glimmora, F|\n|poke|p1|Ceruledge, M|\n|poke|p1|Great Tusk|\n|poke|p1|Ogerpon-Wellspring, F|\n|poke|p1|Enamorus, F|\n|poke|p1|Greninja-*, M|\n|poke|p2|Enamorus, F|\n|poke|p2|Zamazenta-*|\n|poke|p2|Goodra-Hisui, F|\n|poke|p2|Hatterene, F|\n|poke|p2|Rillaboom, M|\n|poke|p2|Cinderace, F|\n|teampreview\n|inactive|Battle timer is ON: inactive players will automatically lose when time's up. (requested by Noruderu)\n|\n|t:|1700521158\n|start\n|switch|p1a: Glimmora|Glimmora, F|100\/100\n|switch|p2a: Enamorus|Enamorus, F|100\/100\n|turn|1\n|\n|t:|1700521162\n|move|p2a: Enamorus|Earth Power|p1a: Glimmora\n|-supereffective|p1a: Glimmora\n|-crit|p1a: Glimmora\n|-enditem|p1a: Glimmora|Focus Sash\n|-damage|p1a: Glimmora|1\/100\n|-unboost|p1a: Glimmora|spd|1\n|move|p1a: Glimmora|Stealth Rock|p2a: Enamorus\n|-sidestart|p2: Noruderu|move: Stealth Rock\n|\n|upkeep\n|turn|2\n|\n|t:|1700521167\n|move|p2a: Enamorus|Earth Power|p1a: Glimmora\n|-supereffective|p1a: Glimmora\n|-damage|p1a: Glimmora|0 fnt\n|faint|p1a: Glimmora\n|\n|upkeep\n|\n|t:|1700521177\n|switch|p1a: Enamorus|Enamorus, F|100\/100\n|turn|3\n|\n|t:|1700521180\n|switch|p2a: Rillaboom|Rillaboom, M|100\/100\n|-damage|p2a: Rillaboom|88\/100|[from] Stealth Rock\n|-fieldstart|move: Grassy Terrain|[from] ability: Grassy Surge|[of] p2a: Rillaboom\n|move|p1a: Enamorus|Calm Mind|p1a: Enamorus\n|-boost|p1a: Enamorus|spa|1\n|-boost|p1a: Enamorus|spd|1\n|\n|-heal|p2a: Rillaboom|94\/100|[from] Grassy Terrain\n|upkeep\n|turn|4\n|\n|t:|1700521187\n|move|p1a: Enamorus|Mystical Fire|p2a: Rillaboom\n|-supereffective|p2a: Rillaboom\n|-damage|p2a: Rillaboom|0 fnt\n|faint|p2a: Rillaboom\n|-damage|p1a: Enamorus|91\/100|[from] item: Life Orb\n|\n|upkeep\n|\n|t:|1700521191\n|switch|p2a: Cinderace|Cinderace, F|100\/100\n|turn|5\n|\n|t:|1700521200\n|move|p2a: Cinderace|Court Change|p2a: Cinderace\n|-start|p2a: Cinderace|typechange|Normal|[from] ability: Libero\n|-swapsideconditions\n|-activate|p2a: Cinderace|move: Court Change\n|move|p1a: Enamorus|Draining Kiss|p2a: Cinderace\n|-damage|p2a: Cinderace|27\/100\n|-heal|p1a: Enamorus|100\/100|[from] drain|[of] p2a: Cinderace\n|-damage|p1a: Enamorus|91\/100|[from] item: Life Orb\n|\n|-heal|p2a: Cinderace|33\/100|[from] Grassy Terrain\n|upkeep\n|turn|6\n|\n|t:|1700521207\n|move|p2a: Cinderace|U-turn|p1a: Enamorus\n|-resisted|p1a: Enamorus\n|-damage|p1a: Enamorus|81\/100\n|\n|t:|1700521209\n|switch|p2a: Goodra|Goodra-Hisui, F|100\/100|[from] U-turn\n|move|p1a: Enamorus|Draining Kiss|p2a: Goodra\n|-damage|p2a: Goodra|81\/100\n|-heal|p1a: Enamorus|99\/100|[from] drain|[of] p2a: Goodra\n|-damage|p1a: Enamorus|90\/100|[from] item: Life Orb\n|\n|-heal|p2a: Goodra|87\/100|[from] Grassy Terrain\n|upkeep\n|turn|7\n|\n|t:|1700521215\n|-terastallize|p1a: Enamorus|Fire\n|move|p1a: Enamorus|Calm Mind|p1a: Enamorus\n|-boost|p1a: Enamorus|spa|1\n|-boost|p1a: Enamorus|spd|1\n|move|p2a: Goodra|Flash Cannon|p1a: Enamorus\n|-resisted|p1a: Enamorus\n|-damage|p1a: Enamorus|79\/100\n|\n|-heal|p1a: Enamorus|86\/100|[from] Grassy Terrain\n|-heal|p2a: Goodra|93\/100|[from] Grassy Terrain\n|upkeep\n|turn|8\n|\n|t:|1700521221\n|move|p1a: Enamorus|Calm Mind|p1a: Enamorus\n|-boost|p1a: Enamorus|spa|1\n|-boost|p1a: Enamorus|spd|1\n|move|p2a: Goodra|Surf|p1a: Enamorus\n|-supereffective|p1a: Enamorus\n|-damage|p1a: Enamorus|61\/100\n|\n|-heal|p1a: Enamorus|67\/100|[from] Grassy Terrain\n|-heal|p2a: Goodra|99\/100|[from] Grassy Terrain\n|upkeep\n|turn|9\n|\n|t:|1700521225\n|move|p1a: Enamorus|Calm Mind|p1a: Enamorus\n|-boost|p1a: Enamorus|spa|1\n|-boost|p1a: Enamorus|spd|1\n|move|p2a: Goodra|Surf|p1a: Enamorus\n|-supereffective|p1a: Enamorus\n|-damage|p1a: Enamorus|45\/100\n|\n|-heal|p1a: Enamorus|52\/100|[from] Grassy Terrain\n|-heal|p2a: Goodra|100\/100|[from] Grassy Terrain\n|upkeep\n|turn|10\n|\n|t:|1700521228\n|move|p1a: Enamorus|Draining Kiss|p2a: Goodra\n|-damage|p2a: Goodra|64\/100\n|-heal|p1a: Enamorus|87\/100|[from] drain|[of] p2a: Goodra\n|-damage|p1a: Enamorus|77\/100|[from] item: Life Orb\n|move|p2a: Goodra|Surf|p1a: Enamorus\n|-supereffective|p1a: Enamorus\n|-damage|p1a: Enamorus|54\/100\n|\n|-heal|p1a: Enamorus|60\/100|[from] Grassy Terrain\n|-heal|p2a: Goodra|70\/100|[from] Grassy Terrain\n|-fieldend|move: Grassy Terrain\n|upkeep\n|turn|11\n|\n|t:|1700521235\n|move|p1a: Enamorus|Draining Kiss|p2a: Goodra\n|-damage|p2a: Goodra|35\/100\n|-heal|p1a: Enamorus|93\/100|[from] drain|[of] p2a: Goodra\n|-damage|p1a: Enamorus|83\/100|[from] item: Life Orb\n|move|p2a: Goodra|Surf|p1a: Enamorus\n|-supereffective|p1a: Enamorus\n|-damage|p1a: Enamorus|63\/100\n|\n|upkeep\n|turn|12\n|\n|t:|1700521239\n|move|p1a: Enamorus|Draining Kiss|p2a: Goodra\n|-damage|p2a: Goodra|0 fnt\n|-heal|p1a: Enamorus|96\/100|[from] drain|[of] p2a: Goodra\n|faint|p2a: Goodra\n|-damage|p1a: Enamorus|86\/100|[from] item: Life Orb\n|\n|upkeep\n|\n|t:|1700521247\n|switch|p2a: Enamorus|Enamorus, F|100\/100\n|turn|13\n|\n|t:|1700521251\n|move|p2a: Enamorus|Earth Power|p1a: Enamorus\n|-supereffective|p1a: Enamorus\n|-damage|p1a: Enamorus|55\/100\n|move|p1a: Enamorus|Draining Kiss|p2a: Enamorus\n|-damage|p2a: Enamorus|0 fnt\n|-heal|p1a: Enamorus|100\/100|[from] drain|[of] p2a: Enamorus\n|faint|p2a: Enamorus\n|-damage|p1a: Enamorus|91\/100|[from] item: Life Orb\n|\n|upkeep\n|\n|t:|1700521255\n|switch|p2a: Zamazenta|Zamazenta|100\/100\n|-ability|p2a: Zamazenta|Dauntless Shield|boost\n|-boost|p2a: Zamazenta|def|1\n|turn|14\n|\n|t:|1700521258\n|move|p2a: Zamazenta|Body Press|p1a: Enamorus\n|-damage|p1a: Enamorus|7\/100\n|move|p1a: Enamorus|Draining Kiss|p2a: Zamazenta\n|-supereffective|p2a: Zamazenta\n|-damage|p2a: Zamazenta|0 fnt\n|-heal|p1a: Enamorus|100\/100|[from] drain|[of] p2a: Zamazenta\n|faint|p2a: Zamazenta\n|-damage|p1a: Enamorus|91\/100|[from] item: Life Orb\n|\n|upkeep\n|-message|Noruderu forfeited.\n|\n|win|Aerodragon3\n|raw|Aerodragon3's rating: 1315 &rarr; <strong>1338<\/strong><br \/>(+23 for winning)\n|raw|Noruderu's rating: 1368 &rarr; <strong>1345<\/strong><br \/>(-23 for losing)\n|l|\u2606Noruderu\n","uploadtime":1700521275,"views":7,"p1id":"aerodragon3","p2id":"noruderu","formatid":"gen9ou","rating":1338,"private":0,"password":""}