{"id":"gen9ou-1996288323","p1":"aceman2798","p2":"aWildTito","format":"[Gen 9] OU","log":"|j|\u2606aceman2798\n|j|\u2606aWildTito\n|t:|1700667814\n|gametype|singles\n|player|p1|aceman2798|byron|\n|player|p2|aWildTito|benga|\n|teamsize|p1|4\n|teamsize|p2|4\n|gen|9\n|tier|[Gen 9] OU\n|rule|Sleep Clause Mod: Limit one foe put to sleep\n|rule|Species Clause: Limit one of each Pok\u00e9mon\n|rule|OHKO Clause: OHKO moves are banned\n|rule|Evasion Items Clause: Evasion items are banned\n|rule|Evasion Moves Clause: Evasion moves are banned\n|rule|Endless Battle Clause: Forcing endless battles is banned\n|rule|HP Percentage Mod: HP is shown in percentages\n|clearpoke\n|poke|p1|Weavile, F|\n|poke|p1|Iron Hands|\n|poke|p1|Grimmsnarl, M|\n|poke|p1|Meowscarada, M|\n|poke|p2|Amoonguss, M|\n|poke|p2|Blissey, F|\n|poke|p2|Meowscarada, M|\n|poke|p2|Zoroark-Hisui, M|\n|teampreview\n|inactive|Battle timer is ON: inactive players will automatically lose when time's up. (requested by aWildTito)\n|\n|t:|1700667836\n|start\n|switch|p1a: Weavile|Weavile, F|100\/100\n|switch|p2a: Blissey|Blissey, F|100\/100\n|-ability|p1a: Weavile|Pressure\n|turn|1\n|\n|t:|1700667844\n|move|p1a: Weavile|Fake Out|p2a: Blissey\n|-immune|p2a: Blissey\n|move|p2a: Blissey|Trick|p1a: Weavile\n|-activate|p2a: Blissey|move: Trick|[of] p1a: Weavile\n|-item|p1a: Weavile|Choice Specs|[from] move: Trick\n|-item|p2a: Blissey|Never-Melt Ice|[from] move: Trick\n|\n|upkeep\n|turn|2\n|inactive|aWildTito has 270 seconds left.\n|\n|t:|1700667893\n|move|p1a: Weavile|Knock Off|p2a: Blissey\n|-supereffective|p2a: Blissey\n|-damage|p2a: Blissey|0 fnt\n|replace|p2a: Zoroark|Zoroark-Hisui, M\n|-end|p2a: Zoroark|Illusion\n|-enditem|p2a: Zoroark|Never-Melt Ice|[from] move: Knock Off|[of] p1a: Weavile\n|faint|p2a: Zoroark\n|\n|upkeep\n|inactive|aWildTito has 240 seconds left.\n|\n|t:|1700667936\n|switch|p2a: Amoonguss|Amoonguss, M|100\/100\n|turn|3\n|\n|t:|1700667963\n|move|p1a: Weavile|Knock Off|p2a: Amoonguss\n|-damage|p2a: Amoonguss|61\/100\n|-damage|p1a: Weavile|84\/100|[from] item: Rocky Helmet|[of] p2a: Amoonguss\n|-enditem|p2a: Amoonguss|Rocky Helmet|[from] move: Knock Off|[of] p1a: Weavile\n|move|p2a: Amoonguss|Sludge Bomb|p1a: Weavile\n|-damage|p1a: Weavile|49\/100\n|\n|upkeep\n|turn|4\n|\n|t:|1700667976\n|switch|p1a: Grimmsnarl|Grimmsnarl, M|100\/100\n|move|p2a: Amoonguss|Spore|p1a: Grimmsnarl\n|-status|p1a: Grimmsnarl|slp|[from] move: Spore\n|\n|upkeep\n|turn|5\n|\n|t:|1700667986\n|switch|p1a: Weavile|Weavile, F|49\/100\n|-ability|p1a: Weavile|Pressure\n|switch|p2a: Meowscarada|Meowscarada, M|100\/100\n|\n|upkeep\n|turn|6\n|\n|t:|1700668000\n|-terastallize|p2a: Meowscarada|Grass\n|move|p2a: Meowscarada|Sucker Punch|p1a: Weavile\n|-resisted|p1a: Weavile\n|-damage|p1a: Weavile|22\/100\n|move|p1a: Weavile|Ice Spinner|p2a: Meowscarada\n|-supereffective|p2a: Meowscarada\n|-damage|p2a: Meowscarada|0 fnt\n|faint|p2a: Meowscarada\n|\n|upkeep\n|inactive|aWildTito has 210 seconds left.\n|\n|t:|1700668020\n|switch|p2a: Blissey|Blissey, F|100\/100\n|turn|7\n|inactive|aWildTito has 210 seconds left.\n|\n|t:|1700668032\n|switch|p1a: Iron Hands|Iron Hands|100\/100\n|move|p2a: Blissey|Seismic Toss|p1a: Iron Hands\n|-damage|p1a: Iron Hands|81\/100\n|\n|-heal|p1a: Iron Hands|87\/100|[from] item: Leftovers\n|upkeep\n|turn|8\n|inactive|aWildTito has 210 seconds left.\n|\n|t:|1700668042\n|move|p1a: Iron Hands|Swords Dance|p1a: Iron Hands\n|-boost|p1a: Iron Hands|atk|2\n|move|p2a: Blissey|Trick|p1a: Iron Hands\n|-activate|p2a: Blissey|move: Trick|[of] p1a: Iron Hands\n|-item|p1a: Iron Hands|Lagging Tail|[from] move: Trick\n|-item|p2a: Blissey|Leftovers|[from] move: Trick\n|\n|upkeep\n|turn|9\n|inactive|aWildTito has 210 seconds left.\n|\n|t:|1700668053\n|switch|p2a: Amoonguss|Amoonguss, M|94\/100\n|move|p1a: Iron Hands|Swords Dance|p1a: Iron Hands\n|-boost|p1a: Iron Hands|atk|2\n|\n|upkeep\n|turn|10\n|inactive|aWildTito has 210 seconds left.\n|\n|t:|1700668061\n|move|p2a: Amoonguss|Clear Smog|p1a: Iron Hands\n|-damage|p1a: Iron Hands|74\/100\n|-clearboost|p1a: Iron Hands\n|move|p1a: Iron Hands|Fire Punch|p2a: Amoonguss\n|-supereffective|p2a: Amoonguss\n|-damage|p2a: Amoonguss|45\/100\n|-status|p2a: Amoonguss|brn\n|\n|-damage|p2a: Amoonguss|39\/100 brn|[from] brn\n|upkeep\n|turn|11\n|inactive|aWildTito has 210 seconds left.\n|\n|t:|1700668074\n|move|p2a: Amoonguss|Sludge Bomb|p1a: Iron Hands\n|-damage|p1a: Iron Hands|48\/100\n|move|p1a: Iron Hands|Fire Punch|p2a: Amoonguss\n|-supereffective|p2a: Amoonguss\n|-damage|p2a: Amoonguss|0 fnt\n|faint|p2a: Amoonguss\n|\n|upkeep\n|inactive|aWildTito has 210 seconds left.\n|\n|t:|1700668082\n|switch|p2a: Blissey|Blissey, F|100\/100\n|turn|12\n|\n|t:|1700668088\n|move|p2a: Blissey|Seismic Toss|p1a: Iron Hands\n|-damage|p1a: Iron Hands|29\/100\n|move|p1a: Iron Hands|Drain Punch|p2a: Blissey\n|-supereffective|p2a: Blissey\n|-damage|p2a: Blissey|10\/100\n|-heal|p1a: Iron Hands|86\/100|[from] drain|[of] p2a: Blissey\n|\n|-heal|p2a: Blissey|16\/100|[from] item: Leftovers\n|upkeep\n|turn|13\n|\n|t:|1700668099\n|move|p2a: Blissey|Seismic Toss|p1a: Iron Hands\n|-damage|p1a: Iron Hands|67\/100\n|move|p1a: Iron Hands|Drain Punch|p2a: Blissey\n|-supereffective|p2a: Blissey\n|-damage|p2a: Blissey|0 fnt\n|-heal|p1a: Iron Hands|77\/100|[from] drain|[of] p2a: Blissey\n|faint|p2a: Blissey\n|\n|win|aceman2798\n|l|\u2606aWildTito\n","uploadtime":1700668110,"views":3,"p1id":"aceman2798","p2id":"awildtito","formatid":"gen9ou","rating":0,"private":0,"password":""}