{"id":"gen9ou-1989399343","p1":"paradox 420","p2":"Dml248","format":"[Gen 9] OU","log":"|j|\u2606paradox 420\n|j|\u2606Dml248\n|t:|1699845311\n|gametype|singles\n|player|p1|paradox 420|preschooler|1150\n|player|p2|Dml248|n|1263\n|teamsize|p1|6\n|teamsize|p2|6\n|gen|9\n|tier|[Gen 9] OU\n|rated|\n|rule|Sleep Clause Mod: Limit one foe put to sleep\n|rule|Species Clause: Limit one of each Pok\u00e9mon\n|rule|OHKO Clause: OHKO moves are banned\n|rule|Evasion Items Clause: Evasion items are banned\n|rule|Evasion Moves Clause: Evasion moves are banned\n|rule|Endless Battle Clause: Forcing endless battles is banned\n|rule|HP Percentage Mod: HP is shown in percentages\n|clearpoke\n|poke|p1|Slowking-Galar, F|\n|poke|p1|Great Tusk|\n|poke|p1|Rillaboom, F|\n|poke|p1|Kingambit, F|\n|poke|p1|Dragapult, F|\n|poke|p1|Moltres|\n|poke|p2|Iron Moth|\n|poke|p2|Empoleon, F|\n|poke|p2|Iron Treads|\n|poke|p2|Goodra-Hisui, F|\n|poke|p2|Corviknight, M|\n|poke|p2|Revavroom, F|\n|teampreview\n|c|\u2606paradox 420|glhf\n|c|\u2606Dml248|glhf\n|inactive|Battle timer is ON: inactive players will automatically lose when time's up. (requested by Dml248)\n|inactive|paradox 420 has 120 seconds left.\n|\n|t:|1699845370\n|start\n|switch|p1a: Great Tusk|Great Tusk|100\/100\n|switch|p2a: Empoleon|Empoleon, F|100\/100\n|turn|1\n|\n|t:|1699845389\n|-end|p1a: Great Tusk|Protosynthesis|[silent]\n|switch|p1a: Slowking|Slowking-Galar, F|100\/100\n|-terastallize|p2a: Empoleon|Bug\n|move|p2a: Empoleon|Grass Knot|p1a: Slowking\n|-resisted|p1a: Slowking\n|-damage|p1a: Slowking|93\/100\n|\n|upkeep\n|turn|2\n|\n|t:|1699845397\n|move|p2a: Empoleon|Surf|p1a: Slowking\n|-damage|p1a: Slowking|68\/100\n|move|p1a: Slowking|Future Sight|p2a: Empoleon\n|-start|p1a: Slowking|move: Future Sight\n|\n|upkeep\n|turn|3\n|\n|t:|1699845402\n|move|p2a: Empoleon|Flash Cannon|p1a: Slowking\n|-damage|p1a: Slowking|44\/100\n|move|p1a: Slowking|Chilly Reception|p1a: Slowking\n|-weather|Snow\n|inactive|paradox 420 has 120 seconds left.\n|\n|t:|1699845445\n|switch|p1a: Dragapult|Dragapult, F|100\/100|[from] Chilly Reception\n|\n|-weather|Snow|[upkeep]\n|upkeep\n|turn|4\n|\n|t:|1699845451\n|move|p1a: Dragapult|Flamethrower|p2a: Empoleon\n|-supereffective|p2a: Empoleon\n|-damage|p2a: Empoleon|26\/100\n|move|p2a: Empoleon|Ice Beam|p1a: Dragapult\n|-supereffective|p1a: Dragapult\n|-damage|p1a: Dragapult|6\/100\n|\n|-weather|Snow|[upkeep]\n|-end|p2a: Empoleon|move: Future Sight\n|-damage|p2a: Empoleon|0 fnt\n|faint|p2a: Empoleon\n|upkeep\n|\n|t:|1699845460\n|switch|p2a: Iron Treads|Iron Treads|100\/100\n|-enditem|p2a: Iron Treads|Booster Energy\n|-activate|p2a: Iron Treads|ability: Quark Drive|[fromitem]\n|-start|p2a: Iron Treads|quarkdrivespe\n|turn|5\n|inactive|paradox 420 has 120 seconds left.\n|\n|t:|1699845482\n|switch|p1a: Great Tusk|Great Tusk|100\/100\n|move|p2a: Iron Treads|Ice Spinner|p1a: Great Tusk\n|-supereffective|p1a: Great Tusk\n|-damage|p1a: Great Tusk|64\/100\n|\n|-weather|Snow|[upkeep]\n|-heal|p1a: Great Tusk|70\/100|[from] item: Leftovers\n|upkeep\n|turn|6\n|inactive|paradox 420 has 120 seconds left.\n|\n|t:|1699845492\n|-end|p2a: Iron Treads|Quark Drive|[silent]\n|switch|p2a: Corviknight|Corviknight, M|100\/100\n|move|p1a: Great Tusk|Stealth Rock|p2a: Corviknight\n|-sidestart|p2: Dml248|move: Stealth Rock\n|\n|-weather|Snow|[upkeep]\n|-heal|p1a: Great Tusk|76\/100|[from] item: Leftovers\n|upkeep\n|turn|7\n|inactive|paradox 420 has 120 seconds left.\n|\n|t:|1699845504\n|-end|p1a: Great Tusk|Protosynthesis|[silent]\n|switch|p1a: Moltres|Moltres|100\/100\n|move|p2a: Corviknight|Iron Defense|p2a: Corviknight\n|-boost|p2a: Corviknight|def|2\n|\n|-weather|none\n|upkeep\n|turn|8\n|\n|t:|1699845510\n|switch|p2a: Goodra|Goodra-Hisui, F|100\/100\n|-damage|p2a: Goodra|94\/100|[from] Stealth Rock\n|move|p1a: Moltres|U-turn|p2a: Goodra\n|-resisted|p2a: Goodra\n|-damage|p2a: Goodra|88\/100\n|inactive|paradox 420 has 120 seconds left.\n|\n|t:|1699845534\n|switch|p1a: Great Tusk|Great Tusk|76\/100|[from] U-turn\n|\n|-heal|p1a: Great Tusk|82\/100|[from] item: Leftovers\n|upkeep\n|turn|9\n|\n|t:|1699845540\n|switch|p2a: Corviknight|Corviknight, M|100\/100\n|-damage|p2a: Corviknight|88\/100|[from] Stealth Rock\n|move|p1a: Great Tusk|Headlong Rush|p2a: Corviknight\n|-immune|p2a: Corviknight\n|\n|-heal|p1a: Great Tusk|89\/100|[from] item: Leftovers\n|-heal|p2a: Corviknight|94\/100|[from] item: Leftovers\n|upkeep\n|turn|10\n|\n|t:|1699845549\n|-end|p1a: Great Tusk|Protosynthesis|[silent]\n|switch|p1a: Slowking|Slowking-Galar, F|77\/100\n|move|p2a: Corviknight|Iron Defense|p2a: Corviknight\n|-boost|p2a: Corviknight|def|2\n|\n|-heal|p2a: Corviknight|100\/100|[from] item: Leftovers\n|upkeep\n|turn|11\n|\n|t:|1699845559\n|move|p2a: Corviknight|Iron Defense|p2a: Corviknight\n|-boost|p2a: Corviknight|def|2\n|move|p1a: Slowking|Future Sight|p2a: Corviknight\n|-start|p1a: Slowking|move: Future Sight\n|\n|upkeep\n|turn|12\n|\n|t:|1699845565\n|move|p2a: Corviknight|Body Press|p1a: Slowking\n|-resisted|p1a: Slowking\n|-damage|p1a: Slowking|56\/100\n|move|p1a: Slowking|Chilly Reception|p1a: Slowking\n|-weather|Snow\n|\n|t:|1699845572\n|switch|p1a: Moltres|Moltres|100\/100|[from] Chilly Reception\n|\n|-weather|Snow|[upkeep]\n|upkeep\n|turn|13\n|\n|t:|1699845578\n|switch|p2a: Goodra|Goodra-Hisui, F|88\/100\n|-damage|p2a: Goodra|82\/100|[from] Stealth Rock\n|move|p1a: Moltres|Flamethrower|p2a: Goodra\n|-crit|p2a: Goodra\n|-damage|p2a: Goodra|56\/100\n|\n|-weather|Snow|[upkeep]\n|-end|p2a: Goodra|move: Future Sight\n|-resisted|p2a: Goodra\n|-damage|p2a: Goodra|46\/100\n|upkeep\n|turn|14\n|inactive|paradox 420 has 120 seconds left.\n|\n|t:|1699845610\n|switch|p1a: Slowking|Slowking-Galar, F|89\/100\n|move|p2a: Goodra|Draco Meteor|p1a: Slowking\n|-damage|p1a: Slowking|50\/100\n|-unboost|p2a: Goodra|spa|2\n|\n|-weather|Snow|[upkeep]\n|upkeep\n|turn|15\n|\n|t:|1699845619\n|switch|p2a: Iron Treads|Iron Treads|100\/100\n|-damage|p2a: Iron Treads|97\/100|[from] Stealth Rock\n|move|p1a: Slowking|Future Sight|p2a: Iron Treads\n|-start|p1a: Slowking|move: Future Sight\n|\n|-weather|Snow|[upkeep]\n|upkeep\n|turn|16\n|\n|t:|1699845632\n|switch|p1a: Moltres|Moltres|100\/100\n|move|p2a: Iron Treads|Rapid Spin|p1a: Moltres\n|-damage|p1a: Moltres|88\/100\n|-boost|p2a: Iron Treads|spe|1\n|-sideend|p2: Dml248|Stealth Rock|[from] move: Rapid Spin|[of] p2a: Iron Treads\n|\n|-weather|none\n|upkeep\n|turn|17\n|\n|t:|1699845640\n|-end|p2a: Iron Treads|Quark Drive|[silent]\n|switch|p2a: Goodra|Goodra-Hisui, F|46\/100\n|move|p1a: Moltres|Flamethrower|p2a: Goodra\n|-damage|p2a: Goodra|29\/100\n|\n|-end|p2a: Goodra|move: Future Sight\n|-resisted|p2a: Goodra\n|-damage|p2a: Goodra|19\/100\n|upkeep\n|turn|18\n|\n|t:|1699845651\n|switch|p1a: Slowking|Slowking-Galar, F|83\/100\n|move|p2a: Goodra|Draco Meteor|p1a: Slowking\n|-damage|p1a: Slowking|43\/100\n|-unboost|p2a: Goodra|spa|2\n|\n|upkeep\n|turn|19\n|\n|t:|1699845659\n|switch|p2a: Revavroom|Revavroom, F|100\/100\n|move|p1a: Slowking|Future Sight|p2a: Revavroom\n|-start|p1a: Slowking|move: Future Sight\n|\n|upkeep\n|turn|20\n|inactive|paradox 420 has 120 seconds left.\n|\n|t:|1699845688\n|switch|p1a: Great Tusk|Great Tusk|89\/100\n|move|p2a: Revavroom|Shift Gear|p2a: Revavroom\n|-boost|p2a: Revavroom|spe|2\n|-boost|p2a: Revavroom|atk|1\n|\n|-heal|p1a: Great Tusk|95\/100|[from] item: Leftovers\n|upkeep\n|turn|21\n|\n|t:|1699845704\n|move|p2a: Revavroom|Iron Head|p1a: Great Tusk\n|-damage|p1a: Great Tusk|48\/100\n|cant|p1a: Great Tusk|flinch\n|\n|-end|p2a: Revavroom|move: Future Sight\n|-damage|p2a: Revavroom|33\/100\n|-heal|p1a: Great Tusk|54\/100|[from] item: Leftovers\n|upkeep\n|turn|22\n|\n|t:|1699845713\n|-end|p1a: Great Tusk|Protosynthesis|[silent]\n|switch|p1a: Moltres|Moltres|88\/100\n|move|p2a: Revavroom|Iron Head|p1a: Moltres\n|-resisted|p1a: Moltres\n|-damage|p1a: Moltres|66\/100\n|-status|p2a: Revavroom|brn|[from] ability: Flame Body|[of] p1a: Moltres\n|\n|-damage|p2a: Revavroom|27\/100 brn|[from] brn\n|upkeep\n|turn|23\n|\n|t:|1699845721\n|move|p2a: Revavroom|Poison Jab|p1a: Moltres\n|-damage|p1a: Moltres|45\/100\n|move|p1a: Moltres|Roost|p1a: Moltres\n|-heal|p1a: Moltres|96\/100\n|-singleturn|p1a: Moltres|move: Roost\n|\n|-damage|p2a: Revavroom|21\/100 brn|[from] brn\n|upkeep\n|turn|24\n|\n|t:|1699845729\n|switch|p1a: Great Tusk|Great Tusk|54\/100\n|move|p2a: Revavroom|Poison Jab|p1a: Great Tusk\n|-resisted|p1a: Great Tusk\n|-damage|p1a: Great Tusk|42\/100\n|\n|-heal|p1a: Great Tusk|48\/100|[from] item: Leftovers\n|-damage|p2a: Revavroom|15\/100 brn|[from] brn\n|upkeep\n|turn|25\n|\n|t:|1699845743\n|-end|p1a: Great Tusk|Protosynthesis|[silent]\n|switch|p1a: Moltres|Moltres|96\/100\n|move|p2a: Revavroom|Iron Head|p1a: Moltres\n|-resisted|p1a: Moltres\n|-damage|p1a: Moltres|85\/100\n|\n|-damage|p2a: Revavroom|9\/100 brn|[from] brn\n|upkeep\n|turn|26\n|\n|t:|1699845751\n|move|p2a: Revavroom|Poison Jab|p1a: Moltres\n|-damage|p1a: Moltres|62\/100\n|move|p1a: Moltres|Flamethrower|p2a: Revavroom\n|-supereffective|p2a: Revavroom\n|-damage|p2a: Revavroom|0 fnt\n|faint|p2a: Revavroom\n|\n|upkeep\n|\n|t:|1699845762\n|switch|p2a: Goodra|Goodra-Hisui, F|19\/100\n|turn|27\n|\n|t:|1699845767\n|switch|p1a: Slowking|Slowking-Galar, F|76\/100\n|move|p2a: Goodra|Draco Meteor|p1a: Slowking\n|-damage|p1a: Slowking|36\/100\n|-unboost|p2a: Goodra|spa|2\n|\n|upkeep\n|turn|28\n|\n|t:|1699845775\n|switch|p2a: Iron Treads|Iron Treads|97\/100\n|move|p1a: Slowking|Future Sight|p2a: Iron Treads\n|-start|p1a: Slowking|move: Future Sight\n|\n|upkeep\n|turn|29\n|\n|t:|1699845781\n|switch|p1a: Moltres|Moltres|62\/100\n|move|p2a: Iron Treads|Earthquake|p1a: Moltres\n|-immune|p1a: Moltres\n|\n|upkeep\n|turn|30\n|\n|t:|1699845791\n|-end|p2a: Iron Treads|Quark Drive|[silent]\n|switch|p2a: Goodra|Goodra-Hisui, F|19\/100\n|move|p1a: Moltres|Roost|p1a: Moltres\n|-heal|p1a: Moltres|100\/100\n|-singleturn|p1a: Moltres|move: Roost\n|\n|-end|p2a: Goodra|move: Future Sight\n|-resisted|p2a: Goodra\n|-damage|p2a: Goodra|10\/100\n|upkeep\n|turn|31\n|\n|t:|1699845800\n|move|p1a: Moltres|Flamethrower|p2a: Goodra\n|-damage|p2a: Goodra|0 fnt\n|faint|p2a: Goodra\n|\n|upkeep\n|\n|t:|1699845804\n|switch|p2a: Iron Moth|Iron Moth|100\/100\n|-enditem|p2a: Iron Moth|Booster Energy\n|-activate|p2a: Iron Moth|ability: Quark Drive|[fromitem]\n|-start|p2a: Iron Moth|quarkdrivespa\n|turn|32\n|\n|t:|1699845825\n|move|p2a: Iron Moth|Energy Ball|p1a: Moltres\n|-resisted|p1a: Moltres\n|-damage|p1a: Moltres|88\/100\n|move|p1a: Moltres|U-turn|p2a: Iron Moth\n|-resisted|p2a: Iron Moth\n|-damage|p2a: Iron Moth|95\/100\n|\n|t:|1699845835\n|switch|p1a: Slowking|Slowking-Galar, F|69\/100|[from] U-turn\n|\n|upkeep\n|turn|33\n|\n|t:|1699845840\n|switch|p1a: Great Tusk|Great Tusk|48\/100\n|move|p2a: Iron Moth|Flamethrower|p1a: Great Tusk\n|-damage|p1a: Great Tusk|0 fnt\n|faint|p1a: Great Tusk\n|-end|p1a: Great Tusk|Protosynthesis|[silent]\n|\n|upkeep\n|\n|t:|1699845846\n|switch|p1a: Dragapult|Dragapult, F|6\/100\n|turn|34\n|\n|t:|1699845855\n|move|p1a: Dragapult|Draco Meteor|p2a: Iron Moth\n|-damage|p2a: Iron Moth|0 fnt\n|-unboost|p1a: Dragapult|spa|2\n|faint|p2a: Iron Moth\n|-end|p2a: Iron Moth|Quark Drive|[silent]\n|\n|upkeep\n|\n|t:|1699845862\n|switch|p2a: Corviknight|Corviknight, M|100\/100\n|turn|35\n|\n|t:|1699845867\n|switch|p1a: Moltres|Moltres|88\/100\n|move|p2a: Corviknight|Brave Bird|p1a: Moltres\n|-damage|p1a: Moltres|62\/100\n|-damage|p2a: Corviknight|92\/100|[from] Recoil\n|\n|-heal|p2a: Corviknight|98\/100|[from] item: Leftovers\n|upkeep\n|turn|36\n|\n|t:|1699845874\n|move|p1a: Moltres|Flamethrower|p2a: Corviknight\n|-supereffective|p2a: Corviknight\n|-damage|p2a: Corviknight|28\/100\n|move|p2a: Corviknight|Brave Bird|p1a: Moltres\n|-damage|p1a: Moltres|35\/100\n|-damage|p2a: Corviknight|19\/100|[from] Recoil\n|\n|-heal|p2a: Corviknight|26\/100|[from] item: Leftovers\n|upkeep\n|turn|37\n|\n|t:|1699845882\n|move|p1a: Moltres|Roost|p1a: Moltres\n|-heal|p1a: Moltres|85\/100\n|-singleturn|p1a: Moltres|move: Roost\n|move|p2a: Corviknight|Brave Bird|p1a: Moltres\n|-damage|p1a: Moltres|59\/100\n|-damage|p2a: Corviknight|17\/100|[from] Recoil\n|\n|-heal|p2a: Corviknight|23\/100|[from] item: Leftovers\n|upkeep\n|turn|38\n|\n|t:|1699845891\n|move|p1a: Moltres|Flamethrower|p2a: Corviknight\n|-supereffective|p2a: Corviknight\n|-damage|p2a: Corviknight|0 fnt\n|faint|p2a: Corviknight\n|\n|upkeep\n|\n|t:|1699845895\n|switch|p2a: Iron Treads|Iron Treads|97\/100\n|turn|39\n|\n|t:|1699845899\n|move|p2a: Iron Treads|Ice Spinner|p1a: Moltres\n|-damage|p1a: Moltres|43\/100\n|move|p1a: Moltres|Flamethrower|p2a: Iron Treads\n|-supereffective|p2a: Iron Treads\n|-damage|p2a: Iron Treads|0 fnt\n|faint|p2a: Iron Treads\n|-end|p2a: Iron Treads|Quark Drive|[silent]\n|\n|win|paradox 420\n|raw|paradox 420's rating: 1150 &rarr; <strong>1183<\/strong><br \/>(+33 for winning)\n|raw|Dml248's rating: 1263 &rarr; <strong>1230<\/strong><br \/>(-33 for losing)\n|c|\u2606paradox 420|gg\n|c|\u2606Dml248|gg\n|l|\u2606Dml248\n","uploadtime":1699845913,"views":41,"p1id":"paradox420","p2id":"dml248","formatid":"gen9ou","rating":1183,"private":0,"password":""}