{"id":"gen9ou-1994193004","p1":"outdated ahh team","p2":"Theimpactassault","format":"[Gen 9] OU","log":"|j|\u2606outdated ahh team\n|j|\u2606Theimpactassault\n|t:|1700417395\n|gametype|singles\n|player|p1|outdated ahh team|bruno-gen2|1546\n|player|p2|Theimpactassault|hilda|1460\n|teamsize|p1|6\n|teamsize|p2|6\n|gen|9\n|tier|[Gen 9] OU\n|rated|\n|rule|Sleep Clause Mod: Limit one foe put to sleep\n|rule|Species Clause: Limit one of each Pok\u00e9mon\n|rule|OHKO Clause: OHKO moves are banned\n|rule|Evasion Items Clause: Evasion items are banned\n|rule|Evasion Moves Clause: Evasion moves are banned\n|rule|Endless Battle Clause: Forcing endless battles is banned\n|rule|HP Percentage Mod: HP is shown in percentages\n|clearpoke\n|poke|p1|Kingambit, M|\n|poke|p1|Ogerpon-Wellspring, F|\n|poke|p1|Hoopa-Unbound|\n|poke|p1|Iron Valiant|\n|poke|p1|Arcanine-Hisui, F|\n|poke|p1|Great Tusk|\n|poke|p2|Samurott-Hisui, F|\n|poke|p2|Arcanine-Hisui, F|\n|poke|p2|Corviknight, F|\n|poke|p2|Clodsire, M|\n|poke|p2|Forretress, M|\n|poke|p2|Meowscarada, F|\n|teampreview\n|inactive|Battle timer is ON: inactive players will automatically lose when time's up. (requested by outdated ahh team)\n|inactive|outdated ahh team has 120 seconds left.\n|inactive|outdated ahh team has 90 seconds left.\n|inactive|outdated ahh team has 60 seconds left.\n|\n|t:|1700417508\n|start\n|switch|p1a: Alpha \ud83d\udc15|Arcanine-Hisui, F|100\/100\n|switch|p2a: Meowscarada|Meowscarada, F|100\/100\n|turn|1\n|inactive|outdated ahh team has 90 seconds left.\n|\n|t:|1700417539\n|move|p2a: Meowscarada|U-turn|p1a: Alpha \ud83d\udc15\n|-start|p2a: Meowscarada|typechange|Bug|[from] ability: Protean\n|-resisted|p1a: Alpha \ud83d\udc15\n|-damage|p1a: Alpha \ud83d\udc15|81\/100\n|\n|t:|1700417542\n|switch|p2a: Arcanine|Arcanine-Hisui, F|100\/100|[from] U-turn\n|move|p1a: Alpha \ud83d\udc15|Head Smash|p2a: Arcanine\n|-supereffective|p2a: Arcanine\n|-damage|p2a: Arcanine|0 fnt\n|faint|p2a: Arcanine\n|\n|upkeep\n|\n|t:|1700417547\n|switch|p2a: Samurott|Samurott-Hisui, F, shiny|100\/100\n|turn|2\n|inactive|outdated ahh team has 90 seconds left.\n|inactive|outdated ahh team has 60 seconds left.\n|\n|t:|1700417602\n|switch|p1a: Casca \u2694\ufe0f|Ogerpon-Wellspring, F|100\/100\n|move|p2a: Samurott|Swords Dance|p2a: Samurott\n|-boost|p2a: Samurott|atk|2\n|\n|upkeep\n|turn|3\n|inactive|Theimpactassault has 120 seconds left.\n|\n|t:|1700417649\n|switch|p2a: Meowscarada|Meowscarada, F|100\/100\n|move|p1a: Casca \u2694\ufe0f|Horn Leech|p2a: Meowscarada\n|-resisted|p2a: Meowscarada\n|-damage|p2a: Meowscarada|67\/100\n|\n|upkeep\n|turn|4\n|\n|t:|1700417655\n|switch|p1a: Guts \u2694\ufe0f|Kingambit, M|100\/100\n|move|p2a: Meowscarada|U-turn|p1a: Guts \u2694\ufe0f\n|-start|p2a: Meowscarada|typechange|Bug|[from] ability: Protean\n|-damage|p1a: Guts \u2694\ufe0f|74\/100\n|\n|t:|1700417657\n|switch|p2a: Corviknight|Corviknight, F|100\/100|[from] U-turn\n|-ability|p2a: Corviknight|Pressure\n|\n|-heal|p1a: Guts \u2694\ufe0f|80\/100|[from] item: Leftovers\n|upkeep\n|turn|5\n|\n|t:|1700417675\n|-end|p1a: Guts \u2694\ufe0f|fallenundefined|[silent]\n|switch|p1a: Tuskuthy the Great|Great Tusk|100\/100\n|move|p2a: Corviknight|Substitute|p2a: Corviknight\n|-start|p2a: Corviknight|Substitute\n|-damage|p2a: Corviknight|75\/100\n|\n|-heal|p2a: Corviknight|82\/100|[from] item: Leftovers\n|upkeep\n|turn|6\n|\n|t:|1700417685\n|-end|p1a: Tuskuthy the Great|Protosynthesis|[silent]\n|switch|p1a: Alisa Bosconovitch|Iron Valiant|100\/100\n|move|p2a: Corviknight|Iron Defense|p2a: Corviknight\n|-boost|p2a: Corviknight|def|2\n|\n|-heal|p2a: Corviknight|88\/100|[from] item: Leftovers\n|upkeep\n|turn|7\n|\n|t:|1700417694\n|move|p1a: Alisa Bosconovitch|Taunt|p2a: Corviknight\n|-start|p2a: Corviknight|move: Taunt\n|cant|p2a: Corviknight|move: Taunt|Substitute\n|\n|-heal|p2a: Corviknight|94\/100|[from] item: Leftovers\n|upkeep\n|turn|8\n|inactive|outdated ahh team has 60 seconds left.\n|\n|t:|1700417699\n|move|p1a: Alisa Bosconovitch|Moonblast|p2a: Corviknight\n|-resisted|p2a: Corviknight\n|-activate|p2a: Corviknight|move: Substitute|[damage]\n|move|p2a: Corviknight|Body Press|p1a: Alisa Bosconovitch\n|-resisted|p1a: Alisa Bosconovitch\n|-damage|p1a: Alisa Bosconovitch|68\/100\n|\n|-heal|p2a: Corviknight|100\/100|[from] item: Leftovers\n|upkeep\n|turn|9\n|\n|t:|1700417702\n|move|p1a: Alisa Bosconovitch|Moonblast|p2a: Corviknight\n|-resisted|p2a: Corviknight\n|-crit|p2a: Corviknight\n|-end|p2a: Corviknight|Substitute\n|move|p2a: Corviknight|Body Press|p1a: Alisa Bosconovitch\n|-resisted|p1a: Alisa Bosconovitch\n|-damage|p1a: Alisa Bosconovitch|36\/100\n|\n|-end|p2a: Corviknight|move: Taunt\n|upkeep\n|turn|10\n|\n|t:|1700417709\n|move|p1a: Alisa Bosconovitch|Moonblast|p2a: Corviknight\n|-resisted|p2a: Corviknight\n|-damage|p2a: Corviknight|78\/100\n|move|p2a: Corviknight|Body Press|p1a: Alisa Bosconovitch\n|-resisted|p1a: Alisa Bosconovitch\n|-crit|p1a: Alisa Bosconovitch\n|-damage|p1a: Alisa Bosconovitch|0 fnt\n|faint|p1a: Alisa Bosconovitch\n|-end|p1a: Alisa Bosconovitch|Quark Drive|[silent]\n|\n|-heal|p2a: Corviknight|84\/100|[from] item: Leftovers\n|upkeep\n|\n|t:|1700417715\n|switch|p1a: Ryomen Sukuna \u26e9\ufe0f|Hoopa-Unbound|100\/100\n|turn|11\n|\n|t:|1700417718\n|switch|p2a: Clodsire|Clodsire, M|100\/100\n|-terastallize|p1a: Ryomen Sukuna \u26e9\ufe0f|Poison\n|move|p1a: Ryomen Sukuna \u26e9\ufe0f|Thunderbolt|p2a: Clodsire\n|-immune|p2a: Clodsire\n|\n|upkeep\n|turn|12\n|\n|t:|1700417721\n|move|p1a: Ryomen Sukuna \u26e9\ufe0f|Psychic|p2a: Clodsire\n|-supereffective|p2a: Clodsire\n|-damage|p2a: Clodsire|48\/100\n|move|p2a: Clodsire|Earthquake|p1a: Ryomen Sukuna \u26e9\ufe0f\n|-supereffective|p1a: Ryomen Sukuna \u26e9\ufe0f\n|-damage|p1a: Ryomen Sukuna \u26e9\ufe0f|19\/100\n|\n|-heal|p2a: Clodsire|55\/100|[from] item: Black Sludge\n|upkeep\n|turn|13\n|\n|t:|1700417725\n|move|p2a: Clodsire|Protect|p2a: Clodsire\n|-singleturn|p2a: Clodsire|Protect\n|move|p1a: Ryomen Sukuna \u26e9\ufe0f|Psychic|p2a: Clodsire\n|-activate|p2a: Clodsire|move: Protect\n|\n|-heal|p2a: Clodsire|61\/100|[from] item: Black Sludge\n|upkeep\n|turn|14\n|\n|t:|1700417728\n|switch|p1a: Casca \u2694\ufe0f|Ogerpon-Wellspring, F|100\/100\n|move|p2a: Clodsire|Earthquake|p1a: Casca \u2694\ufe0f\n|-resisted|p1a: Casca \u2694\ufe0f\n|-damage|p1a: Casca \u2694\ufe0f|81\/100\n|\n|-heal|p2a: Clodsire|67\/100|[from] item: Black Sludge\n|upkeep\n|turn|15\n|\n|t:|1700417732\n|move|p1a: Casca \u2694\ufe0f|Swords Dance|p1a: Casca \u2694\ufe0f\n|-boost|p1a: Casca \u2694\ufe0f|atk|2\n|move|p2a: Clodsire|Toxic|p1a: Casca \u2694\ufe0f\n|-status|p1a: Casca \u2694\ufe0f|tox\n|\n|-heal|p2a: Clodsire|73\/100|[from] item: Black Sludge\n|-damage|p1a: Casca \u2694\ufe0f|75\/100 tox|[from] psn\n|upkeep\n|turn|16\n|\n|t:|1700417735\n|move|p2a: Clodsire|Protect|p2a: Clodsire\n|-singleturn|p2a: Clodsire|Protect\n|move|p1a: Casca \u2694\ufe0f|Swords Dance|p1a: Casca \u2694\ufe0f\n|-boost|p1a: Casca \u2694\ufe0f|atk|2\n|\n|-heal|p2a: Clodsire|80\/100|[from] item: Black Sludge\n|-damage|p1a: Casca \u2694\ufe0f|63\/100 tox|[from] psn\n|upkeep\n|turn|17\n|\n|t:|1700417739\n|switch|p2a: Forretress|Forretress, M|100\/100\n|move|p1a: Casca \u2694\ufe0f|Ivy Cudgel|p2a: Forretress|[anim] Ivy Cudgel Water\n|-damage|p2a: Forretress|1\/100\n|\n|-damage|p1a: Casca \u2694\ufe0f|45\/100 tox|[from] psn\n|upkeep\n|turn|18\n|\n|t:|1700417742\n|move|p1a: Casca \u2694\ufe0f|Trailblaze|p2a: Forretress\n|-resisted|p2a: Forretress\n|-damage|p2a: Forretress|0 fnt\n|-boost|p1a: Casca \u2694\ufe0f|spe|1\n|faint|p2a: Forretress\n|\n|-damage|p1a: Casca \u2694\ufe0f|21\/100 tox|[from] psn\n|upkeep\n|\n|t:|1700417745\n|switch|p2a: Meowscarada|Meowscarada, F|67\/100\n|turn|19\n|\n|t:|1700417750\n|move|p2a: Meowscarada|U-turn|p1a: Casca \u2694\ufe0f\n|-start|p2a: Meowscarada|typechange|Bug|[from] ability: Protean\n|-supereffective|p1a: Casca \u2694\ufe0f\n|-damage|p1a: Casca \u2694\ufe0f|0 fnt\n|faint|p1a: Casca \u2694\ufe0f\n|\n|t:|1700417755\n|switch|p2a: Samurott|Samurott-Hisui, F, shiny|100\/100|[from] U-turn\n|\n|upkeep\n|\n|t:|1700417766\n|switch|p1a: Alpha \ud83d\udc15|Arcanine-Hisui, F|81\/100\n|turn|20\n|\n|t:|1700417770\n|-terastallize|p2a: Samurott|Water\n|move|p2a: Samurott|Aqua Jet|p1a: Alpha \ud83d\udc15\n|-supereffective|p1a: Alpha \ud83d\udc15\n|-damage|p1a: Alpha \ud83d\udc15|0 fnt\n|faint|p1a: Alpha \ud83d\udc15\n|\n|upkeep\n|\n|t:|1700417774\n|switch|p1a: Tuskuthy the Great|Great Tusk|100\/100\n|turn|21\n|\n|t:|1700417777\n|move|p1a: Tuskuthy the Great|Headlong Rush|p2a: Samurott\n|-damage|p2a: Samurott|20\/100\n|-unboost|p1a: Tuskuthy the Great|def|1\n|-unboost|p1a: Tuskuthy the Great|spd|1\n|move|p2a: Samurott|Razor Shell|p1a: Tuskuthy the Great\n|-supereffective|p1a: Tuskuthy the Great\n|-damage|p1a: Tuskuthy the Great|0 fnt\n|faint|p1a: Tuskuthy the Great\n|-end|p1a: Tuskuthy the Great|Protosynthesis|[silent]\n|\n|-heal|p2a: Samurott|26\/100|[from] item: Leftovers\n|upkeep\n|\n|t:|1700417780\n|switch|p1a: Guts \u2694\ufe0f|Kingambit, M|80\/100\n|-activate|p1a: Guts \u2694\ufe0f|ability: Supreme Overlord\n|-start|p1a: Guts \u2694\ufe0f|fallen4|[silent]\n|turn|22\n|\n|t:|1700417784\n|move|p2a: Samurott|Aqua Jet|p1a: Guts \u2694\ufe0f\n|-damage|p1a: Guts \u2694\ufe0f|60\/100\n|move|p1a: Guts \u2694\ufe0f|Swords Dance|p1a: Guts \u2694\ufe0f\n|-boost|p1a: Guts \u2694\ufe0f|atk|2\n|\n|-heal|p2a: Samurott|33\/100|[from] item: Leftovers\n|-heal|p1a: Guts \u2694\ufe0f|66\/100|[from] item: Leftovers\n|upkeep\n|turn|23\n|\n|t:|1700417789\n|move|p2a: Samurott|Razor Shell|p1a: Guts \u2694\ufe0f\n|-damage|p1a: Guts \u2694\ufe0f|6\/100\n|move|p1a: Guts \u2694\ufe0f|Low Kick|p2a: Samurott\n|-damage|p2a: Samurott|0 fnt\n|faint|p2a: Samurott\n|\n|-heal|p1a: Guts \u2694\ufe0f|12\/100|[from] item: Leftovers\n|upkeep\n|\n|t:|1700417794\n|switch|p2a: Corviknight|Corviknight, F|84\/100\n|-ability|p2a: Corviknight|Pressure\n|turn|24\n|\n|t:|1700417797\n|move|p1a: Guts \u2694\ufe0f|Low Kick|p2a: Corviknight\n|-damage|p2a: Corviknight|28\/100\n|move|p2a: Corviknight|Body Press|p1a: Guts \u2694\ufe0f\n|-supereffective|p1a: Guts \u2694\ufe0f\n|-damage|p1a: Guts \u2694\ufe0f|0 fnt\n|faint|p1a: Guts \u2694\ufe0f\n|-end|p1a: Guts \u2694\ufe0f|fallen4|[silent]\n|\n|-heal|p2a: Corviknight|34\/100|[from] item: Leftovers\n|upkeep\n|\n|t:|1700417801\n|switch|p1a: Ryomen Sukuna \u26e9\ufe0f|Hoopa-Unbound, tera:Poison|19\/100\n|turn|25\n|\n|t:|1700417804\n|move|p1a: Ryomen Sukuna \u26e9\ufe0f|Psychic|p2a: Corviknight\n|-resisted|p2a: Corviknight\n|-damage|p2a: Corviknight|11\/100\n|-unboost|p2a: Corviknight|spd|1\n|move|p2a: Corviknight|Roost|p2a: Corviknight\n|-heal|p2a: Corviknight|61\/100\n|-singleturn|p2a: Corviknight|move: Roost\n|\n|-heal|p2a: Corviknight|67\/100|[from] item: Leftovers\n|upkeep\n|turn|26\n|\n|t:|1700417806\n|move|p1a: Ryomen Sukuna \u26e9\ufe0f|Psychic|p2a: Corviknight\n|-resisted|p2a: Corviknight\n|-damage|p2a: Corviknight|34\/100\n|move|p2a: Corviknight|Body Press|p1a: Ryomen Sukuna \u26e9\ufe0f\n|-resisted|p1a: Ryomen Sukuna \u26e9\ufe0f\n|-damage|p1a: Ryomen Sukuna \u26e9\ufe0f|0 fnt\n|faint|p1a: Ryomen Sukuna \u26e9\ufe0f\n|\n|win|Theimpactassault\n|raw|outdated ahh team's rating: 1561 &rarr; <strong>1535<\/strong><br \/>(-26 for losing)\n|raw|Theimpactassault's rating: 1460 &rarr; <strong>1486<\/strong><br \/>(+26 for winning)\n|l|\u2606outdated ahh team\n","uploadtime":1700417815,"views":10,"p1id":"outdatedahhteam","p2id":"theimpactassault","formatid":"gen9ou","rating":1486,"private":0,"password":""}