{"id":"gen9ou-1988621378","p1":"Yurmomsmom","p2":"ANOTHERDAYWILLCOME","format":"[Gen 9] OU","log":"|j|\u2606Yurmomsmom\n|j|\u2606ANOTHERDAYWILLCOME\n|t:|1699742916\n|gametype|singles\n|player|p1|Yurmomsmom|1|1562\n|player|p2|ANOTHERDAYWILLCOME|gambler|1491\n|teamsize|p1|6\n|teamsize|p2|6\n|gen|9\n|tier|[Gen 9] OU\n|rated|\n|rule|Sleep Clause Mod: Limit one foe put to sleep\n|rule|Species Clause: Limit one of each Pok\u00e9mon\n|rule|OHKO Clause: OHKO moves are banned\n|rule|Evasion Items Clause: Evasion items are banned\n|rule|Evasion Moves Clause: Evasion moves are banned\n|rule|Endless Battle Clause: Forcing endless battles is banned\n|rule|HP Percentage Mod: HP is shown in percentages\n|clearpoke\n|poke|p1|Ribombee, F|\n|poke|p1|Great Tusk|\n|poke|p1|Gholdengo|\n|poke|p1|Manaphy|\n|poke|p1|Kingambit, F|\n|poke|p1|Iron Moth|\n|poke|p2|Manaphy|\n|poke|p2|Kingambit, M|\n|poke|p2|Iron Moth|\n|poke|p2|Sneasler, F|\n|poke|p2|Dragapult, M|\n|poke|p2|Dondozo, M|\n|teampreview\n|inactive|Battle timer is ON: inactive players will automatically lose when time's up. (requested by Yurmomsmom)\n|\n|t:|1699742922\n|start\n|switch|p1a: Ribombee|Ribombee, F|100\/100\n|switch|p2a: Manaphy|Manaphy|100\/100\n|turn|1\n|\n|t:|1699742925\n|move|p1a: Ribombee|Sticky Web|p2a: Manaphy\n|-sidestart|p2: ANOTHERDAYWILLCOME|move: Sticky Web\n|move|p2a: Manaphy|Acid Armor|p2a: Manaphy\n|-boost|p2a: Manaphy|def|2\n|\n|upkeep\n|turn|2\n|\n|t:|1699742927\n|move|p1a: Ribombee|Moonblast|p2a: Manaphy\n|-damage|p2a: Manaphy|69\/100\n|-unboost|p2a: Manaphy|spa|1\n|move|p2a: Manaphy|Take Heart|p2a: Manaphy\n|-boost|p2a: Manaphy|spa|1\n|-boost|p2a: Manaphy|spd|1\n|\n|-heal|p2a: Manaphy|75\/100|[from] item: Leftovers\n|upkeep\n|turn|3\n|\n|t:|1699742931\n|move|p1a: Ribombee|Moonblast|p2a: Manaphy\n|-damage|p2a: Manaphy|53\/100\n|move|p2a: Manaphy|Take Heart|p2a: Manaphy\n|-boost|p2a: Manaphy|spa|1\n|-boost|p2a: Manaphy|spd|1\n|\n|-heal|p2a: Manaphy|59\/100|[from] item: Leftovers\n|upkeep\n|turn|4\n|\n|t:|1699742935\n|move|p1a: Ribombee|Moonblast|p2a: Manaphy\n|-damage|p2a: Manaphy|41\/100\n|move|p2a: Manaphy|Take Heart|p2a: Manaphy\n|-boost|p2a: Manaphy|spa|1\n|-boost|p2a: Manaphy|spd|1\n|\n|-heal|p2a: Manaphy|48\/100|[from] item: Leftovers\n|upkeep\n|turn|5\n|\n|t:|1699742936\n|move|p1a: Ribombee|Moonblast|p2a: Manaphy\n|-damage|p2a: Manaphy|34\/100\n|move|p2a: Manaphy|Take Heart|p2a: Manaphy\n|-boost|p2a: Manaphy|spa|1\n|-boost|p2a: Manaphy|spd|1\n|\n|-heal|p2a: Manaphy|40\/100|[from] item: Leftovers\n|upkeep\n|turn|6\n|\n|t:|1699742938\n|move|p1a: Ribombee|Moonblast|p2a: Manaphy\n|-damage|p2a: Manaphy|29\/100\n|move|p2a: Manaphy|Acid Armor|p2a: Manaphy\n|-boost|p2a: Manaphy|def|2\n|\n|-heal|p2a: Manaphy|35\/100|[from] item: Leftovers\n|upkeep\n|turn|7\n|\n|t:|1699742939\n|move|p1a: Ribombee|Moonblast|p2a: Manaphy\n|-damage|p2a: Manaphy|24\/100\n|move|p2a: Manaphy|Take Heart|p2a: Manaphy\n|-boost|p2a: Manaphy|spa|1\n|-boost|p2a: Manaphy|spd|1\n|\n|-heal|p2a: Manaphy|30\/100|[from] item: Leftovers\n|upkeep\n|turn|8\n|\n|t:|1699742940\n|move|p1a: Ribombee|Moonblast|p2a: Manaphy\n|-damage|p2a: Manaphy|21\/100\n|-unboost|p2a: Manaphy|spa|1\n|move|p2a: Manaphy|Take Heart|p2a: Manaphy\n|-boost|p2a: Manaphy|spa|1\n|-boost|p2a: Manaphy|spd|1\n|\n|-heal|p2a: Manaphy|27\/100|[from] item: Leftovers\n|upkeep\n|turn|9\n|\n|t:|1699742944\n|move|p1a: Ribombee|Moonblast|p2a: Manaphy\n|-damage|p2a: Manaphy|18\/100\n|move|p2a: Manaphy|Acid Armor|p2a: Manaphy\n|-boost|p2a: Manaphy|def|2\n|\n|-heal|p2a: Manaphy|25\/100|[from] item: Leftovers\n|upkeep\n|turn|10\n|\n|t:|1699742946\n|move|p1a: Ribombee|Moonblast|p2a: Manaphy\n|-damage|p2a: Manaphy|16\/100\n|-unboost|p2a: Manaphy|spa|1\n|move|p2a: Manaphy|Scald|p1a: Ribombee\n|-enditem|p1a: Ribombee|Focus Sash\n|-damage|p1a: Ribombee|1\/100\n|\n|-heal|p2a: Manaphy|23\/100|[from] item: Leftovers\n|upkeep\n|turn|11\n|\n|t:|1699742947\n|move|p1a: Ribombee|Moonblast|p2a: Manaphy\n|-damage|p2a: Manaphy|13\/100\n|move|p2a: Manaphy|Scald|p1a: Ribombee\n|-damage|p1a: Ribombee|0 fnt\n|faint|p1a: Ribombee\n|\n|-heal|p2a: Manaphy|20\/100|[from] item: Leftovers\n|upkeep\n|\n|t:|1699742956\n|switch|p1a: Iron Moth|Iron Moth|100\/100\n|-enditem|p1a: Iron Moth|Booster Energy\n|-activate|p1a: Iron Moth|ability: Quark Drive|[fromitem]\n|-start|p1a: Iron Moth|quarkdrivespe\n|turn|12\n|\n|t:|1699742959\n|move|p1a: Iron Moth|Energy Ball|p2a: Manaphy\n|-supereffective|p2a: Manaphy\n|-damage|p2a: Manaphy|6\/100\n|-unboost|p2a: Manaphy|spd|1\n|move|p2a: Manaphy|Stored Power|p1a: Iron Moth\n|-supereffective|p1a: Iron Moth\n|-damage|p1a: Iron Moth|0 fnt\n|faint|p1a: Iron Moth\n|-end|p1a: Iron Moth|Quark Drive|[silent]\n|\n|-heal|p2a: Manaphy|12\/100|[from] item: Leftovers\n|upkeep\n|\n|t:|1699742965\n|switch|p1a: Great Tusk|Great Tusk|100\/100\n|turn|13\n|\n|t:|1699742967\n|move|p2a: Manaphy|Stored Power|p1a: Great Tusk\n|-supereffective|p1a: Great Tusk\n|-damage|p1a: Great Tusk|0 fnt\n|faint|p1a: Great Tusk\n|-end|p1a: Great Tusk|Protosynthesis|[silent]\n|\n|-heal|p2a: Manaphy|18\/100|[from] item: Leftovers\n|upkeep\n|\n|t:|1699742969\n|switch|p1a: Kingambit|Kingambit, F|100\/100\n|-activate|p1a: Kingambit|ability: Supreme Overlord\n|-start|p1a: Kingambit|fallen3|[silent]\n|turn|14\n|\n|t:|1699742974\n|move|p2a: Manaphy|Scald|p1a: Kingambit\n|-damage|p1a: Kingambit|19\/100\n|move|p1a: Kingambit|Kowtow Cleave|p2a: Manaphy\n|-damage|p2a: Manaphy|4\/100\n|\n|-heal|p2a: Manaphy|11\/100|[from] item: Leftovers\n|-heal|p1a: Kingambit|25\/100|[from] item: Leftovers\n|upkeep\n|turn|15\n|\n|t:|1699742982\n|move|p2a: Manaphy|Scald|p1a: Kingambit\n|-damage|p1a: Kingambit|0 fnt\n|faint|p1a: Kingambit\n|-end|p1a: Kingambit|fallen3|[silent]\n|\n|-heal|p2a: Manaphy|17\/100|[from] item: Leftovers\n|upkeep\n|\n|t:|1699742984\n|switch|p1a: Manaphy|Manaphy|100\/100\n|turn|16\n|\n|t:|1699742988\n|move|p1a: Manaphy|Take Heart|p1a: Manaphy\n|-boost|p1a: Manaphy|spa|1\n|-boost|p1a: Manaphy|spd|1\n|move|p2a: Manaphy|Stored Power|p1a: Manaphy\n|-damage|p1a: Manaphy|9\/100\n|\n|-heal|p1a: Manaphy|15\/100|[from] item: Leftovers\n|-heal|p2a: Manaphy|23\/100|[from] item: Leftovers\n|upkeep\n|turn|17\n|\n|t:|1699742994\n|move|p2a: Manaphy|Stored Power|p1a: Manaphy\n|-damage|p1a: Manaphy|0 fnt\n|faint|p1a: Manaphy\n|\n|-heal|p2a: Manaphy|29\/100|[from] item: Leftovers\n|upkeep\n|-message|Yurmomsmom forfeited.\n|\n|win|ANOTHERDAYWILLCOME\n|raw|Yurmomsmom's rating: 1562 &rarr; <strong>1538<\/strong><br \/>(-24 for losing)\n|raw|ANOTHERDAYWILLCOME's rating: 1491 &rarr; <strong>1515<\/strong><br \/>(+24 for winning)\n|c|\u2606ANOTHERDAYWILLCOME|Deaerved\n|l|\u2606Yurmomsmom\n|c|\u2606ANOTHERDAYWILLCOME|Deserved\n","uploadtime":1699743010,"views":10,"p1id":"yurmomsmom","p2id":"anotherdaywillcome","formatid":"gen9ou","rating":1515,"private":0,"password":""}