{"id":"gen9ou-1994298164","p1":"Xkmkor","p2":"yaboiAshK.","format":"[Gen 9] OU","log":"|j|\u2606Xkmkor\n|j|\u2606yaboiAshK.\n|t:|1700428412\n|gametype|singles\n|player|p1|Xkmkor|rocket-gen1|1353\n|player|p2|yaboiAshK.|ash-johto|1464\n|teamsize|p1|6\n|teamsize|p2|6\n|gen|9\n|tier|[Gen 9] OU\n|rated|\n|rule|Sleep Clause Mod: Limit one foe put to sleep\n|rule|Species Clause: Limit one of each Pok\u00e9mon\n|rule|OHKO Clause: OHKO moves are banned\n|rule|Evasion Items Clause: Evasion items are banned\n|rule|Evasion Moves Clause: Evasion moves are banned\n|rule|Endless Battle Clause: Forcing endless battles is banned\n|rule|HP Percentage Mod: HP is shown in percentages\n|clearpoke\n|poke|p1|Torterra, M|\n|poke|p1|Alomomola, M|\n|poke|p1|Bellibolt, F|\n|poke|p1|Manaphy|\n|poke|p1|Tauros-Paldea-Blaze, M|\n|poke|p1|Ting-Lu|\n|poke|p2|Pikachu, M|\n|poke|p2|Greninja-*, M|\n|poke|p2|Dragonite, F|\n|poke|p2|Gengar, M|\n|poke|p2|Ceruledge, M|\n|poke|p2|Great Tusk|\n|teampreview\n|inactive|Battle timer is ON: inactive players will automatically lose when time's up. (requested by yaboiAshK.)\n|\n|t:|1700428432\n|start\n|switch|p1a: Tauros|Tauros-Paldea-Blaze, M, shiny|100\/100\n|switch|p2a: Greninja|Greninja, M|100\/100\n|-ability|p1a: Tauros|Intimidate|boost\n|-unboost|p2a: Greninja|atk|1\n|turn|1\n|\n|t:|1700428440\n|move|p1a: Tauros|Close Combat|p2a: Greninja\n|-supereffective|p2a: Greninja\n|-enditem|p2a: Greninja|Focus Sash\n|-damage|p2a: Greninja|1\/100\n|-unboost|p1a: Tauros|def|1\n|-unboost|p1a: Tauros|spd|1\n|move|p2a: Greninja|Toxic Spikes|p1a: Tauros\n|-start|p2a: Greninja|typechange|Poison|[from] ability: Protean\n|-sidestart|p1: Xkmkor|move: Toxic Spikes\n|\n|upkeep\n|turn|2\n|\n|t:|1700428451\n|switch|p2a: Gengar|Gengar, M|100\/100\n|move|p1a: Tauros|Close Combat|p2a: Gengar\n|-immune|p2a: Gengar\n|\n|upkeep\n|turn|3\n|\n|t:|1700428458\n|switch|p1a: Ting-Lu|Ting-Lu|100\/100\n|-status|p1a: Ting-Lu|psn\n|-ability|p1a: Ting-Lu|Vessel of Ruin\n|move|p2a: Gengar|Focus Blast|p1a: Ting-Lu|[miss]\n|-miss|p2a: Gengar|p1a: Ting-Lu\n|\n|-damage|p1a: Ting-Lu|88\/100 psn|[from] psn\n|upkeep\n|turn|4\n|\n|t:|1700428470\n|switch|p2a: Great Tusk|Great Tusk|100\/100\n|-terastallize|p1a: Ting-Lu|Ground\n|move|p1a: Ting-Lu|Spikes|p2a: Great Tusk\n|-sidestart|p2: yaboiAshK.|Spikes\n|\n|-damage|p1a: Ting-Lu|76\/100 psn|[from] psn\n|upkeep\n|turn|5\n|\n|t:|1700428475\n|switch|p1a: Alomomola|Alomomola, M|100\/100\n|-status|p1a: Alomomola|psn\n|move|p2a: Great Tusk|Knock Off|p1a: Alomomola\n|-damage|p1a: Alomomola|82\/100 psn\n|-damage|p2a: Great Tusk|84\/100|[from] item: Rocky Helmet|[of] p1a: Alomomola\n|-enditem|p1a: Alomomola|Rocky Helmet|[from] move: Knock Off|[of] p2a: Great Tusk\n|\n|-heal|p2a: Great Tusk|90\/100|[from] item: Leftovers\n|-damage|p1a: Alomomola|69\/100 psn|[from] psn\n|upkeep\n|turn|6\n|\n|t:|1700428481\n|move|p2a: Great Tusk|Stealth Rock|p1a: Alomomola\n|-sidestart|p1: Xkmkor|move: Stealth Rock\n|move|p1a: Alomomola|Flip Turn|p2a: Great Tusk\n|-supereffective|p2a: Great Tusk\n|-crit|p2a: Great Tusk\n|-damage|p2a: Great Tusk|64\/100\n|\n|t:|1700428484\n|switch|p1a: Manaphy|Manaphy|100\/100|[from] Flip Turn\n|-status|p1a: Manaphy|psn\n|-damage|p1a: Manaphy|88\/100 psn|[from] Stealth Rock\n|\n|-heal|p1a: Manaphy|94\/100 psn|[from] item: Leftovers\n|-heal|p2a: Great Tusk|70\/100|[from] item: Leftovers\n|-damage|p1a: Manaphy|82\/100 psn|[from] psn\n|upkeep\n|turn|7\n|\n|t:|1700428493\n|move|p1a: Manaphy|Tail Glow|p1a: Manaphy\n|-boost|p1a: Manaphy|spa|3\n|move|p2a: Great Tusk|Rapid Spin|p1a: Manaphy\n|-damage|p1a: Manaphy|68\/100 psn\n|-boost|p2a: Great Tusk|spe|1\n|-sideend|p2: yaboiAshK.|Spikes|[from] move: Rapid Spin|[of] p2a: Great Tusk\n|\n|-heal|p2a: Great Tusk|76\/100|[from] item: Leftovers\n|-heal|p1a: Manaphy|74\/100 psn|[from] item: Leftovers\n|-damage|p1a: Manaphy|62\/100 psn|[from] psn\n|upkeep\n|turn|8\n|\n|t:|1700428505\n|move|p2a: Great Tusk|Knock Off|p1a: Manaphy\n|-damage|p1a: Manaphy|36\/100 psn\n|-enditem|p1a: Manaphy|Leftovers|[from] move: Knock Off|[of] p2a: Great Tusk\n|move|p1a: Manaphy|Surf|p2a: Great Tusk\n|-supereffective|p2a: Great Tusk\n|-damage|p2a: Great Tusk|0 fnt\n|faint|p2a: Great Tusk\n|-end|p2a: Great Tusk|Protosynthesis|[silent]\n|\n|-damage|p1a: Manaphy|24\/100 psn|[from] psn\n|upkeep\n|\n|t:|1700428509\n|switch|p2a: Pikachu|Pikachu, M|100\/100\n|turn|9\n|\n|t:|1700428512\n|move|p2a: Pikachu|Fake Out|p1a: Manaphy\n|-damage|p1a: Manaphy|11\/100 psn\n|cant|p1a: Manaphy|flinch\n|\n|-damage|p1a: Manaphy|0 fnt|[from] psn\n|faint|p1a: Manaphy\n|upkeep\n|\n|t:|1700428516\n|switch|p1a: Ting-Lu|Ting-Lu, tera:Ground|76\/100 psn\n|-damage|p1a: Ting-Lu|69\/100 psn|[from] Stealth Rock\n|-ability|p1a: Ting-Lu|Vessel of Ruin\n|turn|10\n|\n|t:|1700428529\n|move|p2a: Pikachu|Grass Knot|p1a: Ting-Lu\n|-supereffective|p1a: Ting-Lu\n|-damage|p1a: Ting-Lu|14\/100 psn\n|move|p1a: Ting-Lu|Spikes|p2a: Pikachu\n|-sidestart|p2: yaboiAshK.|Spikes\n|\n|-damage|p1a: Ting-Lu|2\/100 psn|[from] psn\n|upkeep\n|turn|11\n|\n|t:|1700428533\n|move|p2a: Pikachu|Grass Knot|p1a: Ting-Lu\n|-supereffective|p1a: Ting-Lu\n|-damage|p1a: Ting-Lu|0 fnt\n|faint|p1a: Ting-Lu\n|\n|upkeep\n|\n|t:|1700428541\n|switch|p1a: Tauros|Tauros-Paldea-Blaze, M, shiny|100\/100\n|-status|p1a: Tauros|psn\n|-damage|p1a: Tauros|88\/100 psn|[from] Stealth Rock\n|-ability|p1a: Tauros|Intimidate|boost\n|-unboost|p2a: Pikachu|atk|1\n|turn|12\n|\n|t:|1700428544\n|switch|p2a: Greninja|Greninja, M|1\/100\n|-damage|p2a: Greninja|0 fnt|[from] Spikes\n|faint|p2a: Greninja\n|move|p1a: Tauros|Raging Bull|p2: Greninja|[notarget]\n|-fail|p1a: Tauros\n|\n|-damage|p1a: Tauros|76\/100 psn|[from] psn\n|upkeep\n|\n|t:|1700428551\n|switch|p2a: Dragonite|Dragonite, F|100\/100\n|turn|13\n|\n|t:|1700428555\n|switch|p1a: Alomomola|Alomomola, M|100\/100 psn\n|-damage|p1a: Alomomola|88\/100 psn|[from] Stealth Rock\n|move|p2a: Dragonite|Dragon Dance|p2a: Dragonite\n|-boost|p2a: Dragonite|atk|1\n|-boost|p2a: Dragonite|spe|1\n|\n|-damage|p1a: Alomomola|76\/100 psn|[from] psn\n|upkeep\n|turn|14\n|\n|t:|1700428561\n|move|p2a: Dragonite|Earthquake|p1a: Alomomola\n|-damage|p1a: Alomomola|39\/100 psn\n|move|p1a: Alomomola|Flip Turn|p2a: Dragonite\n|-resisted|p2a: Dragonite\n|-damage|p2a: Dragonite|96\/100\n|\n|t:|1700428568\n|switch|p1a: Bellibolt|Bellibolt, F, shiny|100\/100|[from] Flip Turn\n|-status|p1a: Bellibolt|psn\n|-damage|p1a: Bellibolt|88\/100 psn|[from] Stealth Rock\n|\n|-damage|p1a: Bellibolt|76\/100 psn|[from] psn\n|upkeep\n|turn|15\n|\n|t:|1700428575\n|move|p2a: Dragonite|Extreme Speed|p1a: Bellibolt\n|-damage|p1a: Bellibolt|29\/100 psn\n|-start|p1a: Bellibolt|Charge|Extreme Speed|[from] ability: Electromorphosis\n|move|p1a: Bellibolt|Parabolic Charge|p2a: Dragonite\n|-damage|p2a: Dragonite|25\/100\n|-heal|p1a: Bellibolt|70\/100 psn|[from] drain|[of] p2a: Dragonite\n|-end|p1a: Bellibolt|Charge|[silent]\n|\n|-damage|p1a: Bellibolt|58\/100 psn|[from] psn\n|upkeep\n|turn|16\n|\n|t:|1700428581\n|switch|p1a: Alomomola|Alomomola, M|72\/100 psn\n|-damage|p1a: Alomomola|60\/100 psn|[from] Stealth Rock\n|move|p2a: Dragonite|Earthquake|p1a: Alomomola\n|-damage|p1a: Alomomola|22\/100 psn\n|\n|-damage|p1a: Alomomola|9\/100 psn|[from] psn\n|upkeep\n|turn|17\n|\n|t:|1700428583\n|move|p2a: Dragonite|Earthquake|p1a: Alomomola\n|-damage|p1a: Alomomola|0 fnt\n|faint|p1a: Alomomola\n|\n|upkeep\n|\n|t:|1700428586\n|switch|p1a: Torterra|Torterra, M|100\/100\n|-status|p1a: Torterra|psn\n|-damage|p1a: Torterra|94\/100 psn|[from] Stealth Rock\n|turn|18\n|-message|Xkmkor forfeited.\n|\n|win|yaboiAshK.\n|raw|Xkmkor's rating: 1353 &rarr; <strong>1339<\/strong><br \/>(-14 for losing)\n|raw|yaboiAshK.'s rating: 1464 &rarr; <strong>1478<\/strong><br \/>(+14 for winning)\n|l|\u2606Xkmkor\n","uploadtime":1700428593,"views":9,"p1id":"xkmkor","p2id":"yaboiashk","formatid":"gen9ou","rating":1339,"private":0,"password":""}