{"id":"gen9ou-1988498171","p1":"Gatukeo","p2":"Im A Merican Man k","format":"[Gen 9] OU","log":"|j|\u2606Gatukeo\n|j|\u2606Im A Merican Man k\n|t:|1699729373\n|gametype|singles\n|player|p1|Gatukeo|dawn|1000\n|player|p2|Im A Merican Man k|blue|1076\n|teamsize|p1|6\n|teamsize|p2|6\n|gen|9\n|tier|[Gen 9] OU\n|rated|\n|rule|Sleep Clause Mod: Limit one foe put to sleep\n|rule|Species Clause: Limit one of each Pok\u00e9mon\n|rule|OHKO Clause: OHKO moves are banned\n|rule|Evasion Items Clause: Evasion items are banned\n|rule|Evasion Moves Clause: Evasion moves are banned\n|rule|Endless Battle Clause: Forcing endless battles is banned\n|rule|HP Percentage Mod: HP is shown in percentages\n|clearpoke\n|poke|p1|Zapdos|\n|poke|p1|Dragapult, M|\n|poke|p1|Gliscor, M|\n|poke|p1|Walking Wake|\n|poke|p1|Torkoal, M|\n|poke|p1|Blissey, F|\n|poke|p2|Iron Valiant|\n|poke|p2|Iron Moth|\n|poke|p2|Garganacl, F|\n|poke|p2|Weezing-Galar, F|\n|poke|p2|Torkoal, F|\n|poke|p2|Clefable, F|\n|teampreview\n|\n|t:|1699729400\n|start\n|switch|p1a: Torkoal|Torkoal, M, shiny|100\/100\n|switch|p2a: Garganacl|Garganacl, F|100\/100\n|-weather|SunnyDay|[from] ability: Drought|[of] p1a: Torkoal\n|turn|1\n|\n|t:|1699729411\n|move|p2a: Garganacl|Salt Cure|p1a: Torkoal\n|-supereffective|p1a: Torkoal\n|-damage|p1a: Torkoal|81\/100\n|-start|p1a: Torkoal|Salt Cure\n|move|p1a: Torkoal|Stealth Rock|p2a: Garganacl\n|-sidestart|p2: Im A Merican Man k|move: Stealth Rock\n|\n|-weather|SunnyDay|[upkeep]\n|-damage|p1a: Torkoal|69\/100|[from] Salt Cure\n|upkeep\n|turn|2\n|\n|t:|1699729424\n|move|p2a: Garganacl|Salt Cure|p1a: Torkoal\n|-supereffective|p1a: Torkoal\n|-damage|p1a: Torkoal|50\/100\n|move|p1a: Torkoal|Will-O-Wisp|p2a: Garganacl\n|-immune|p2a: Garganacl|[from] ability: Purifying Salt\n|\n|-weather|SunnyDay|[upkeep]\n|-damage|p1a: Torkoal|38\/100|[from] Salt Cure\n|upkeep\n|turn|3\n|\n|t:|1699729444\n|switch|p1a: Walking Wake|Walking Wake|100\/100\n|-activate|p1a: Walking Wake|ability: Protosynthesis\n|-start|p1a: Walking Wake|protosynthesisspa\n|move|p2a: Garganacl|Salt Cure|p1a: Walking Wake\n|-damage|p1a: Walking Wake|84\/100\n|-start|p1a: Walking Wake|Salt Cure\n|\n|-weather|SunnyDay|[upkeep]\n|-damage|p1a: Walking Wake|59\/100|[from] Salt Cure\n|upkeep\n|turn|4\n|\n|t:|1699729466\n|move|p1a: Walking Wake|Hydro Steam|p2a: Garganacl\n|-supereffective|p2a: Garganacl\n|-damage|p2a: Garganacl|0 fnt\n|faint|p2a: Garganacl\n|\n|-weather|SunnyDay|[upkeep]\n|-damage|p1a: Walking Wake|34\/100|[from] Salt Cure\n|upkeep\n|\n|t:|1699729477\n|switch|p2a: Clefable|Clefable, F|100\/100\n|-damage|p2a: Clefable|88\/100|[from] Stealth Rock\n|turn|5\n|\n|t:|1699729485\n|-end|p1a: Walking Wake|Protosynthesis|[silent]\n|switch|p1a: Gliscor|Gliscor, M, shiny|100\/100\n|move|p2a: Clefable|Thunder Wave|p1a: Gliscor\n|-immune|p1a: Gliscor\n|\n|-weather|SunnyDay|[upkeep]\n|-heal|p2a: Clefable|94\/100|[from] item: Leftovers\n|-status|p1a: Gliscor|tox|[from] item: Toxic Orb\n|upkeep\n|turn|6\n|\n|t:|1699729501\n|-terastallize|p2a: Clefable|Poison\n|move|p1a: Gliscor|Knock Off|p2a: Clefable\n|-damage|p2a: Clefable|68\/100\n|-enditem|p2a: Clefable|Leftovers|[from] move: Knock Off|[of] p1a: Gliscor\n|move|p2a: Clefable|Calm Mind|p2a: Clefable\n|-boost|p2a: Clefable|spa|1\n|-boost|p2a: Clefable|spd|1\n|\n|-weather|SunnyDay|[upkeep]\n|upkeep\n|turn|7\n|\n|t:|1699729519\n|move|p1a: Gliscor|Earthquake|p2a: Clefable\n|-supereffective|p2a: Clefable\n|-damage|p2a: Clefable|0 fnt\n|faint|p2a: Clefable\n|\n|-weather|SunnyDay|[upkeep]\n|upkeep\n|\n|t:|1699729528\n|switch|p2a: Iron Moth|Iron Moth|100\/100\n|-damage|p2a: Iron Moth|75\/100|[from] Stealth Rock\n|-enditem|p2a: Iron Moth|Booster Energy\n|-activate|p2a: Iron Moth|ability: Quark Drive|[fromitem]\n|-start|p2a: Iron Moth|quarkdrivespe\n|turn|8\n|\n|t:|1699729538\n|move|p2a: Iron Moth|Fiery Dance|p1a: Gliscor\n|-damage|p1a: Gliscor|35\/100 tox\n|-boost|p2a: Iron Moth|spa|1\n|move|p1a: Gliscor|Earthquake|p2a: Iron Moth\n|-supereffective|p2a: Iron Moth\n|-damage|p2a: Iron Moth|0 fnt\n|faint|p2a: Iron Moth\n|-end|p2a: Iron Moth|Quark Drive|[silent]\n|\n|-weather|none\n|-heal|p1a: Gliscor|48\/100 tox|[from] ability: Poison Heal\n|upkeep\n|\n|t:|1699729554\n|switch|p2a: Weezing|Weezing-Galar, F|100\/100\n|-damage|p2a: Weezing|88\/100|[from] Stealth Rock\n|-fieldstart|move: Misty Terrain|[from] ability: Misty Surge|[of] p2a: Weezing\n|turn|9\n|\n|t:|1699729566\n|move|p1a: Gliscor|Earthquake|p2a: Weezing\n|-supereffective|p2a: Weezing\n|-damage|p2a: Weezing|42\/100\n|move|p2a: Weezing|Strange Steam|p1a: Gliscor\n|-crit|p1a: Gliscor\n|-damage|p1a: Gliscor|0 fnt\n|faint|p1a: Gliscor\n|\n|upkeep\n|\n|t:|1699729584\n|switch|p1a: Walking Wake|Walking Wake|34\/100\n|turn|10\n|\n|t:|1699729617\n|move|p1a: Walking Wake|Hydro Steam|p2a: Weezing\n|-damage|p2a: Weezing|0 fnt\n|faint|p2a: Weezing\n|\n|upkeep\n|\n|t:|1699729658\n|switch|p2a: Iron Valiant|Iron Valiant|100\/100\n|-damage|p2a: Iron Valiant|94\/100|[from] Stealth Rock\n|-enditem|p2a: Iron Valiant|Booster Energy\n|-activate|p2a: Iron Valiant|ability: Quark Drive|[fromitem]\n|-start|p2a: Iron Valiant|quarkdrivespe\n|turn|11\n|\n|t:|1699729676\n|-terastallize|p1a: Walking Wake|Dragon\n|move|p2a: Iron Valiant|Spirit Break|p1a: Walking Wake\n|-supereffective|p1a: Walking Wake\n|-damage|p1a: Walking Wake|0 fnt\n|faint|p1a: Walking Wake\n|-end|p1a: Walking Wake|Protosynthesis|[silent]\n|\n|upkeep\n|\n|t:|1699729686\n|switch|p1a: Dragapult|Dragapult, M, shiny|100\/100\n|turn|12\n|\n|t:|1699729695\n|move|p2a: Iron Valiant|Swords Dance|p2a: Iron Valiant\n|-boost|p2a: Iron Valiant|atk|2\n|move|p1a: Dragapult|Flamethrower|p2a: Iron Valiant\n|-damage|p2a: Iron Valiant|46\/100\n|-damage|p1a: Dragapult|90\/100|[from] item: Life Orb\n|\n|upkeep\n|turn|13\n|\n|t:|1699729703\n|move|p2a: Iron Valiant|Spirit Break|p1a: Dragapult\n|-supereffective|p1a: Dragapult\n|-damage|p1a: Dragapult|0 fnt\n|faint|p1a: Dragapult\n|\n|upkeep\n|\n|t:|1699729713\n|switch|p1a: Torkoal|Torkoal, M, shiny|38\/100\n|-weather|SunnyDay|[from] ability: Drought|[of] p1a: Torkoal\n|turn|14\n|\n|t:|1699729720\n|move|p2a: Iron Valiant|Close Combat|p1a: Torkoal\n|-damage|p1a: Torkoal|0 fnt\n|-unboost|p2a: Iron Valiant|def|1\n|-unboost|p2a: Iron Valiant|spd|1\n|faint|p1a: Torkoal\n|\n|-weather|SunnyDay|[upkeep]\n|upkeep\n|\n|t:|1699729732\n|switch|p1a: Zapdos|Zapdos, shiny|100\/100\n|turn|15\n|\n|t:|1699729739\n|move|p2a: Iron Valiant|Spirit Break|p1a: Zapdos\n|-damage|p1a: Zapdos|34\/100\n|-unboost|p1a: Zapdos|spa|1\n|move|p1a: Zapdos|Discharge|p2a: Iron Valiant\n|-damage|p2a: Iron Valiant|0 fnt\n|faint|p2a: Iron Valiant\n|-end|p2a: Iron Valiant|Quark Drive|[silent]\n|\n|-weather|SunnyDay|[upkeep]\n|-heal|p1a: Zapdos|40\/100|[from] item: Leftovers\n|upkeep\n|\n|t:|1699729749\n|switch|p2a: Torkoal|Torkoal, F, shiny|100\/100\n|-damage|p2a: Torkoal|75\/100|[from] Stealth Rock\n|turn|16\n|\n|t:|1699729756\n|move|p1a: Zapdos|Roost|p1a: Zapdos\n|-heal|p1a: Zapdos|90\/100\n|-singleturn|p1a: Zapdos|move: Roost\n|move|p2a: Torkoal|Lava Plume|p1a: Zapdos\n|-damage|p1a: Zapdos|52\/100\n|\n|-weather|SunnyDay|[upkeep]\n|-heal|p1a: Zapdos|58\/100|[from] item: Leftovers\n|-fieldend|Misty Terrain\n|upkeep\n|turn|17\n|\n|t:|1699729766\n|move|p1a: Zapdos|Roost|p1a: Zapdos\n|-heal|p1a: Zapdos|100\/100\n|-singleturn|p1a: Zapdos|move: Roost\n|move|p2a: Torkoal|Lava Plume|p1a: Zapdos\n|-damage|p1a: Zapdos|67\/100\n|\n|-weather|SunnyDay|[upkeep]\n|-heal|p1a: Zapdos|73\/100|[from] item: Leftovers\n|upkeep\n|turn|18\n|\n|t:|1699729775\n|move|p1a: Zapdos|Volt Switch|p2a: Torkoal\n|-damage|p2a: Torkoal|49\/100\n|\n|t:|1699729779\n|switch|p1a: Blissey|Blissey, F, shiny|100\/100|[from] Volt Switch\n|move|p2a: Torkoal|Lava Plume|p1a: Blissey\n|-damage|p1a: Blissey|89\/100\n|\n|-weather|SunnyDay|[upkeep]\n|upkeep\n|turn|19\n|\n|t:|1699729787\n|move|p1a: Blissey|Dazzling Gleam|p2a: Torkoal\n|-resisted|p2a: Torkoal\n|-damage|p2a: Torkoal|40\/100\n|move|p2a: Torkoal|Yawn|p1a: Blissey\n|-start|p1a: Blissey|move: Yawn|[of] p2a: Torkoal\n|\n|-weather|SunnyDay|[upkeep]\n|upkeep\n|turn|20\n|\n|t:|1699729798\n|switch|p1a: Zapdos|Zapdos, shiny|73\/100\n|move|p2a: Torkoal|Lava Plume|p1a: Zapdos\n|-damage|p1a: Zapdos|40\/100\n|-status|p1a: Zapdos|brn\n|\n|-weather|SunnyDay|[upkeep]\n|-heal|p1a: Zapdos|46\/100 brn|[from] item: Leftovers\n|-damage|p1a: Zapdos|40\/100 brn|[from] brn\n|upkeep\n|turn|21\n|\n|t:|1699729808\n|move|p1a: Zapdos|Roost|p1a: Zapdos\n|-heal|p1a: Zapdos|90\/100 brn\n|-singleturn|p1a: Zapdos|move: Roost\n|move|p2a: Torkoal|Solar Beam||[still]\n|-prepare|p2a: Torkoal|Solar Beam\n|-anim|p2a: Torkoal|Solar Beam|p1a: Zapdos\n|-crit|p1a: Zapdos\n|-damage|p1a: Zapdos|55\/100 brn\n|\n|-weather|none\n|-heal|p1a: Zapdos|61\/100 brn|[from] item: Leftovers\n|-damage|p1a: Zapdos|55\/100 brn|[from] brn\n|upkeep\n|turn|22\n|\n|t:|1699729818\n|move|p1a: Zapdos|Volt Switch|p2a: Torkoal\n|-damage|p2a: Torkoal|1\/100\n|\n|t:|1699729821\n|switch|p1a: Blissey|Blissey, F, shiny|89\/100|[from] Volt Switch\n|move|p2a: Torkoal|Lava Plume|p1a: Blissey\n|-damage|p1a: Blissey|81\/100\n|-status|p1a: Blissey|brn\n|\n|-damage|p1a: Blissey|75\/100 brn|[from] brn\n|upkeep\n|turn|23\n|\n|t:|1699729831\n|move|p1a: Blissey|Dazzling Gleam|p2a: Torkoal\n|-resisted|p2a: Torkoal\n|-damage|p2a: Torkoal|0 fnt\n|faint|p2a: Torkoal\n|\n|win|Gatukeo\n|raw|Gatukeo's rating: 1000 &rarr; <strong>1049<\/strong><br \/>(+49 for winning)\n|raw|Im A Merican Man k's rating: 1076 &rarr; <strong>1050<\/strong><br \/>(-26 for losing)\n|l|\u2606Im A Merican Man k\n","uploadtime":1699729837,"views":17,"p1id":"gatukeo","p2id":"imamericanmank","formatid":"gen9ou","rating":1049,"private":0,"password":""}