{"id":"gen9ou-1992800000","p1":"Damaged_G","p2":"elfelikz","format":"[Gen 9] OU","log":"|j|\u2606Damaged_G\n|j|\u203delfelikz\n|t:|1700236522\n|gametype|singles\n|player|p1|Damaged_G|darach-caitlin|1111\n|player|p2|elfelikz|unknown|1113\n|teamsize|p1|6\n|teamsize|p2|6\n|gen|9\n|tier|[Gen 9] OU\n|rated|\n|rule|Sleep Clause Mod: Limit one foe put to sleep\n|rule|Species Clause: Limit one of each Pok\u00e9mon\n|rule|OHKO Clause: OHKO moves are banned\n|rule|Evasion Items Clause: Evasion items are banned\n|rule|Evasion Moves Clause: Evasion moves are banned\n|rule|Endless Battle Clause: Forcing endless battles is banned\n|rule|HP Percentage Mod: HP is shown in percentages\n|clearpoke\n|poke|p1|Arcanine-Hisui, M|\n|poke|p1|Ribombee, M|\n|poke|p1|Gholdengo|\n|poke|p1|Quaquaval, F|\n|poke|p1|Iron Valiant|\n|poke|p1|Alomomola, M|\n|poke|p2|Rillaboom, M|\n|poke|p2|Sneasler, M|\n|poke|p2|Ribombee, M|\n|poke|p2|Great Tusk|\n|poke|p2|Zapdos|\n|poke|p2|Enamorus, F|\n|teampreview\n|\n|t:|1700236533\n|start\n|switch|p1a: Arcanine|Arcanine-Hisui, M|100\/100\n|switch|p2a: Ribombee|Ribombee, M, shiny|100\/100\n|turn|1\n|\n|t:|1700236553\n|move|p2a: Ribombee|Sticky Web|p1a: Arcanine\n|-sidestart|p1: Damaged_G|move: Sticky Web\n|move|p1a: Arcanine|Flare Blitz|p2a: Ribombee\n|-supereffective|p2a: Ribombee\n|-enditem|p2a: Ribombee|Focus Sash\n|-damage|p2a: Ribombee|1\/100\n|\n|upkeep\n|turn|2\n|\n|t:|1700236565\n|switch|p1a: Gholdengo|Gholdengo|100\/100\n|-item|p1a: Gholdengo|Air Balloon\n|move|p2a: Ribombee|Stun Spore|p1a: Gholdengo\n|-immune|p1a: Gholdengo|[from] ability: Good as Gold\n|\n|upkeep\n|turn|3\n|\n|t:|1700236577\n|switch|p2a: Great Tusk|Great Tusk|100\/100\n|move|p1a: Gholdengo|Shadow Ball|p2a: Great Tusk\n|-damage|p2a: Great Tusk|40\/100\n|\n|upkeep\n|turn|4\n|\n|t:|1700236580\n|move|p2a: Great Tusk|Knock Off|p1a: Gholdengo\n|-supereffective|p1a: Gholdengo\n|-damage|p1a: Gholdengo|17\/100\n|-enditem|p1a: Gholdengo|Air Balloon\n|move|p1a: Gholdengo|Shadow Ball|p2a: Great Tusk\n|-damage|p2a: Great Tusk|0 fnt\n|faint|p2a: Great Tusk\n|-end|p2a: Great Tusk|Protosynthesis|[silent]\n|\n|upkeep\n|\n|t:|1700236594\n|switch|p2a: Ribombee|Ribombee, M, shiny|1\/100\n|turn|5\n|n|\u203delfelikz|elfelikz\n|\n|t:|1700236607\n|switch|p1a: Alomomola|Alomomola, M|100\/100\n|move|p2a: Ribombee|Psychic|p1a: Alomomola\n|-damage|p1a: Alomomola|75\/100\n|\n|upkeep\n|turn|6\n|\n|t:|1700236611\n|move|p2a: Ribombee|Stun Spore|p1a: Alomomola\n|-status|p1a: Alomomola|par\n|move|p1a: Alomomola|Flip Turn|p2a: Ribombee\n|-damage|p2a: Ribombee|0 fnt\n|faint|p2a: Ribombee\n|\n|t:|1700236616\n|switch|p1a: Quaquaval|Quaquaval, F|100\/100|[from] Flip Turn\n|\n|upkeep\n|inactive|Battle timer is ON: inactive players will automatically lose when time's up. (requested by elfelikz)\n|\n|t:|1700236620\n|switch|p2a: Zapdos|Zapdos|100\/100\n|turn|7\n|\n|t:|1700236625\n|switch|p1a: Gholdengo|Gholdengo|17\/100\n|-activate|p1a: Gholdengo|move: Sticky Web\n|-unboost|p1a: Gholdengo|spe|1\n|move|p2a: Zapdos|Thunderbolt|p1a: Gholdengo\n|-damage|p1a: Gholdengo|0 fnt\n|faint|p1a: Gholdengo\n|\n|upkeep\n|\n|t:|1700236634\n|switch|p1a: Ribombee|Ribombee, M|100\/100\n|-activate|p1a: Ribombee|move: Sticky Web\n|-unboost|p1a: Ribombee|spe|1\n|turn|8\n|\n|t:|1700236639\n|move|p2a: Zapdos|Hurricane|p1a: Ribombee\n|-supereffective|p1a: Ribombee\n|-enditem|p1a: Ribombee|Focus Sash\n|-damage|p1a: Ribombee|1\/100\n|move|p1a: Ribombee|Sticky Web|p2a: Zapdos\n|-sidestart|p2: elfelikz|move: Sticky Web\n|\n|upkeep\n|turn|9\n|\n|t:|1700236643\n|move|p2a: Zapdos|Volt Switch|p1a: Ribombee\n|-damage|p1a: Ribombee|0 fnt\n|faint|p1a: Ribombee\n|\n|t:|1700236651\n|switch|p2a: Rillaboom|Rillaboom, M|100\/100|[from] Volt Switch\n|-activate|p2a: Rillaboom|move: Sticky Web\n|-unboost|p2a: Rillaboom|spe|1\n|-fieldstart|move: Grassy Terrain|[from] ability: Grassy Surge|[of] p2a: Rillaboom\n|\n|upkeep\n|\n|t:|1700236656\n|switch|p1a: Arcanine|Arcanine-Hisui, M|100\/100\n|-activate|p1a: Arcanine|move: Sticky Web\n|-unboost|p1a: Arcanine|spe|1\n|turn|10\n|\n|t:|1700236665\n|switch|p2a: Zapdos|Zapdos|100\/100\n|move|p1a: Arcanine|Flare Blitz|p2a: Zapdos\n|-damage|p2a: Zapdos|0 fnt\n|-status|p1a: Arcanine|par|[from] ability: Static|[of] p2a: Zapdos\n|faint|p2a: Zapdos\n|\n|upkeep\n|\n|t:|1700236670\n|switch|p2a: Sneasler|Sneasler, M, shiny|100\/100\n|-activate|p2a: Sneasler|move: Sticky Web\n|-unboost|p2a: Sneasler|spe|1\n|-enditem|p2a: Sneasler|Grassy Seed\n|-boost|p2a: Sneasler|def|1|[from] item: Grassy Seed\n|turn|11\n|\n|t:|1700236674\n|move|p2a: Sneasler|Swords Dance|p2a: Sneasler\n|-boost|p2a: Sneasler|atk|2\n|cant|p1a: Arcanine|par\n|\n|upkeep\n|turn|12\n|\n|t:|1700236679\n|move|p2a: Sneasler|Close Combat|p1a: Arcanine\n|-supereffective|p1a: Arcanine\n|-damage|p1a: Arcanine|0 fnt\n|-unboost|p2a: Sneasler|def|1\n|-unboost|p2a: Sneasler|spd|1\n|faint|p1a: Arcanine\n|\n|upkeep\n|\n|t:|1700236683\n|switch|p1a: Quaquaval|Quaquaval, F|100\/100\n|turn|13\n|\n|t:|1700236692\n|-terastallize|p2a: Sneasler|Flying\n|-terastallize|p1a: Quaquaval|Ghost\n|move|p2a: Sneasler|Acrobatics|p1a: Quaquaval\n|-damage|p1a: Quaquaval|0 fnt\n|faint|p1a: Quaquaval\n|\n|-fieldend|move: Grassy Terrain\n|upkeep\n|-message|Damaged_G forfeited.\n|\n|win|elfelikz\n|raw|Damaged_G's rating: 1111 &rarr; <strong>1086<\/strong><br \/>(-25 for losing)\n|raw|elfelikz's rating: 1113 &rarr; <strong>1138<\/strong><br \/>(+25 for winning)\n|l|\u2606Damaged_G\n","uploadtime":1700236704,"views":9,"p1id":"damagedg","p2id":"elfelikz","formatid":"gen9ou","rating":1086,"private":0,"password":""}