{"id":"gen9ou-1997965574","p1":"lupiit","p2":"Yesman247","format":"[Gen 9] OU","log":"|j|\u2606lupiit\n|j|\u2606Yesman247\n|t:|1700873056\n|gametype|singles\n|player|p1|lupiit|1|1241\n|player|p2|Yesman247|169|1325\n|teamsize|p1|6\n|teamsize|p2|6\n|gen|9\n|tier|[Gen 9] OU\n|rated|\n|rule|Sleep Clause Mod: Limit one foe put to sleep\n|rule|Species Clause: Limit one of each Pok\u00e9mon\n|rule|OHKO Clause: OHKO moves are banned\n|rule|Evasion Items Clause: Evasion items are banned\n|rule|Evasion Moves Clause: Evasion moves are banned\n|rule|Endless Battle Clause: Forcing endless battles is banned\n|rule|HP Percentage Mod: HP is shown in percentages\n|clearpoke\n|poke|p1|Gengar, M|\n|poke|p1|Kingambit, M|\n|poke|p1|Garchomp, M|\n|poke|p1|Ribombee, F|\n|poke|p1|Kommo-o, M|\n|poke|p1|Gardevoir, F|\n|poke|p2|Cinderace, F|\n|poke|p2|Zapdos|\n|poke|p2|Greninja-*, F|\n|poke|p2|Slowking-Galar, M|\n|poke|p2|Ting-Lu|\n|poke|p2|Dondozo, M|\n|teampreview\n|inactive|Battle timer is ON: inactive players will automatically lose when time's up. (requested by Yesman247)\n|inactive|lupiit has 120 seconds left.\n|inactive|lupiit has 90 seconds left.\n|\n|t:|1700873139\n|start\n|switch|p1a: Garchomp|Garchomp, M|100\/100\n|switch|p2a: Zapdos|Zapdos|100\/100\n|turn|1\n|inactive|Yesman247 has 120 seconds left.\n|\n|t:|1700873175\n|move|p1a: Garchomp|Stealth Rock|p2a: Zapdos\n|-sidestart|p2: Yesman247|move: Stealth Rock\n|move|p2a: Zapdos|Hurricane|p1a: Garchomp|[miss]\n|-miss|p2a: Zapdos|p1a: Garchomp\n|\n|upkeep\n|turn|2\n|inactive|Yesman247 has 120 seconds left.\n|\n|t:|1700873183\n|switch|p2a: Dondozo|Dondozo, M|100\/100\n|move|p1a: Garchomp|Swords Dance|p1a: Garchomp\n|-boost|p1a: Garchomp|atk|2\n|\n|upkeep\n|turn|3\n|inactive|Yesman247 has 120 seconds left.\n|\n|t:|1700873200\n|move|p1a: Garchomp|Earthquake|p2a: Dondozo\n|-damage|p2a: Dondozo|78\/100\n|move|p2a: Dondozo|Liquidation|p1a: Garchomp\n|-damage|p1a: Garchomp|71\/100\n|-damage|p2a: Dondozo|65\/100|[from] ability: Rough Skin|[of] p1a: Garchomp\n|-damage|p2a: Dondozo|49\/100|[from] item: Rocky Helmet|[of] p1a: Garchomp\n|\n|upkeep\n|turn|4\n|inactive|Yesman247 has 120 seconds left.\n|\n|t:|1700873211\n|move|p1a: Garchomp|Earthquake|p2a: Dondozo\n|-crit|p2a: Dondozo\n|-damage|p2a: Dondozo|13\/100\n|move|p2a: Dondozo|Rest|p2a: Dondozo\n|-status|p2a: Dondozo|slp|[from] move: Rest\n|-heal|p2a: Dondozo|100\/100 slp|[silent]\n|\n|upkeep\n|turn|5\n|inactive|Yesman247 has 120 seconds left.\n|inactive|lupiit has 120 seconds left.\n|\n|t:|1700873261\n|switch|p1a: Gardevoir|Gardevoir, F|100\/100\n|-ability|p1a: Gardevoir|Unaware|[from] ability: Trace|[of] p2a: Dondozo\n|cant|p2a: Dondozo|slp\n|move|p2a: Dondozo|Sleep Talk|p2a: Dondozo\n|move|p2a: Dondozo|Body Press|p1a: Gardevoir|[from]move: Sleep Talk\n|-resisted|p1a: Gardevoir\n|-crit|p1a: Gardevoir\n|-damage|p1a: Gardevoir|89\/100\n|\n|upkeep\n|turn|6\n|inactive|Yesman247 has 120 seconds left.\n|\n|t:|1700873275\n|switch|p2a: Slowking|Slowking-Galar, M|100\/100\n|move|p1a: Gardevoir|Trick|p2a: Slowking\n|-activate|p1a: Gardevoir|move: Trick|[of] p2a: Slowking\n|-item|p2a: Slowking|Choice Band|[from] move: Trick\n|-item|p1a: Gardevoir|Heavy-Duty Boots|[from] move: Trick\n|\n|upkeep\n|turn|7\n|inactive|lupiit has 120 seconds left.\n|inactive|Yesman247 has 120 seconds left.\n|\n|t:|1700873301\n|move|p2a: Slowking|Chilly Reception|p2a: Slowking\n|-weather|Snow\n|\n|t:|1700873311\n|switch|p2a: Ting-Lu|Ting-Lu|100\/100|[from] Chilly Reception\n|-damage|p2a: Ting-Lu|94\/100|[from] Stealth Rock\n|-ability|p2a: Ting-Lu|Vessel of Ruin\n|move|p1a: Gardevoir|Teleport|p1a: Gardevoir\n|inactive|lupiit has 120 seconds left.\n|\n|t:|1700873321\n|switch|p1a: Ribombee|Ribombee, F|100\/100|[from] Teleport\n|\n|-weather|Snow|[upkeep]\n|-heal|p2a: Ting-Lu|100\/100|[from] item: Leftovers\n|upkeep\n|turn|8\n|\n|t:|1700873333\n|switch|p2a: Zapdos|Zapdos|100\/100\n|move|p1a: Ribombee|Substitute|p1a: Ribombee\n|-start|p1a: Ribombee|Substitute\n|-damage|p1a: Ribombee|76\/100\n|\n|-weather|Snow|[upkeep]\n|-heal|p1a: Ribombee|82\/100|[from] item: Leftovers\n|upkeep\n|turn|9\n|\n|t:|1700873340\n|move|p1a: Ribombee|Moonblast|p2a: Zapdos\n|-damage|p2a: Zapdos|64\/100\n|-unboost|p2a: Zapdos|spa|1\n|move|p2a: Zapdos|Heat Wave|p1a: Ribombee\n|-supereffective|p1a: Ribombee\n|-end|p1a: Ribombee|Substitute\n|\n|-weather|Snow|[upkeep]\n|-heal|p1a: Ribombee|88\/100|[from] item: Leftovers\n|upkeep\n|turn|10\n|\n|t:|1700873363\n|-terastallize|p1a: Ribombee|Dragon\n|move|p1a: Ribombee|Quiver Dance|p1a: Ribombee\n|-boost|p1a: Ribombee|spa|1\n|-boost|p1a: Ribombee|spd|1\n|-boost|p1a: Ribombee|spe|1\n|move|p2a: Zapdos|Heat Wave|p1a: Ribombee\n|-resisted|p1a: Ribombee\n|-damage|p1a: Ribombee|78\/100\n|\n|-weather|Snow|[upkeep]\n|-heal|p1a: Ribombee|84\/100|[from] item: Leftovers\n|upkeep\n|turn|11\n|inactive|Yesman247 has 120 seconds left.\n|\n|t:|1700873378\n|move|p1a: Ribombee|Substitute|p1a: Ribombee\n|-start|p1a: Ribombee|Substitute\n|-damage|p1a: Ribombee|59\/100\n|move|p2a: Zapdos|Volt Switch|p1a: Ribombee\n|-resisted|p1a: Ribombee\n|-activate|p1a: Ribombee|move: Substitute|[damage]\n|inactive|Yesman247 has 90 seconds left.\n|\n|t:|1700873404\n|switch|p2a: Slowking|Slowking-Galar, M|100\/100|[from] Volt Switch\n|-damage|p2a: Slowking|88\/100|[from] Stealth Rock\n|\n|-weather|none\n|-heal|p1a: Ribombee|65\/100|[from] item: Leftovers\n|upkeep\n|turn|12\n|\n|t:|1700873418\n|move|p1a: Ribombee|Quiver Dance|p1a: Ribombee\n|-boost|p1a: Ribombee|spa|1\n|-boost|p1a: Ribombee|spd|1\n|-boost|p1a: Ribombee|spe|1\n|move|p2a: Slowking|Sludge Bomb|p1a: Ribombee\n|-end|p1a: Ribombee|Substitute\n|\n|-heal|p1a: Ribombee|71\/100|[from] item: Leftovers\n|upkeep\n|turn|13\n|\n|t:|1700873430\n|move|p1a: Ribombee|Quiver Dance|p1a: Ribombee\n|-boost|p1a: Ribombee|spa|1\n|-boost|p1a: Ribombee|spd|1\n|-boost|p1a: Ribombee|spe|1\n|move|p2a: Slowking|Sludge Bomb|p1a: Ribombee\n|-damage|p1a: Ribombee|47\/100\n|\n|-heal|p1a: Ribombee|53\/100|[from] item: Leftovers\n|upkeep\n|turn|14\n|\n|t:|1700873440\n|move|p1a: Ribombee|Bug Buzz|p2a: Slowking\n|-damage|p2a: Slowking|11\/100\n|move|p2a: Slowking|Sludge Bomb|p1a: Ribombee\n|-damage|p1a: Ribombee|30\/100\n|\n|-heal|p1a: Ribombee|36\/100|[from] item: Leftovers\n|upkeep\n|turn|15\n|\n|t:|1700873457\n|move|p1a: Ribombee|Bug Buzz|p2a: Slowking\n|-damage|p2a: Slowking|0 fnt\n|faint|p2a: Slowking\n|\n|-heal|p1a: Ribombee|42\/100|[from] item: Leftovers\n|upkeep\n|inactive|Yesman247 has 90 seconds left.\n|\n|t:|1700873468\n|switch|p2a: Dondozo|Dondozo, M|100\/100 slp\n|turn|16\n|\n|t:|1700873478\n|move|p1a: Ribombee|Moonblast|p2a: Dondozo\n|-damage|p2a: Dondozo|65\/100 slp\n|cant|p2a: Dondozo|slp\n|move|p2a: Dondozo|Sleep Talk|p2a: Dondozo\n|move|p2a: Dondozo|Rest||[from]move: Sleep Talk|[still]\n|-fail|p2a: Dondozo\n|\n|-heal|p1a: Ribombee|48\/100|[from] item: Leftovers\n|upkeep\n|turn|17\n|\n|t:|1700873487\n|move|p1a: Ribombee|Substitute|p1a: Ribombee\n|-start|p1a: Ribombee|Substitute\n|-damage|p1a: Ribombee|23\/100\n|-curestatus|p2a: Dondozo|slp|[msg]\n|move|p2a: Dondozo|Body Press|p1a: Ribombee\n|-end|p1a: Ribombee|Substitute\n|\n|-heal|p1a: Ribombee|30\/100|[from] item: Leftovers\n|upkeep\n|turn|18\n|\n|t:|1700873495\n|move|p1a: Ribombee|Moonblast|p2a: Dondozo\n|-damage|p2a: Dondozo|24\/100\n|move|p2a: Dondozo|Body Press|p1a: Ribombee\n|-damage|p1a: Ribombee|0 fnt\n|faint|p1a: Ribombee\n|\n|upkeep\n|\n|t:|1700873503\n|switch|p1a: Kommo-o|Kommo-o, M|100\/100\n|turn|19\n|\n|t:|1700873507\n|move|p1a: Kommo-o|Clangorous Soul|p1a: Kommo-o\n|-boost|p1a: Kommo-o|atk|1\n|-boost|p1a: Kommo-o|def|1\n|-boost|p1a: Kommo-o|spa|1\n|-boost|p1a: Kommo-o|spd|1\n|-boost|p1a: Kommo-o|spe|1\n|-damage|p1a: Kommo-o|68\/100\n|move|p2a: Dondozo|Rest|p2a: Dondozo\n|-status|p2a: Dondozo|slp|[from] move: Rest\n|-heal|p2a: Dondozo|100\/100 slp|[silent]\n|\n|-heal|p1a: Kommo-o|74\/100|[from] item: Leftovers\n|upkeep\n|turn|20\n|\n|t:|1700873518\n|move|p1a: Kommo-o|Clanging Scales|p2a: Dondozo\n|-damage|p2a: Dondozo|55\/100 slp\n|-unboost|p1a: Kommo-o|def|1\n|cant|p2a: Dondozo|slp\n|move|p2a: Dondozo|Sleep Talk|p2a: Dondozo\n|move|p2a: Dondozo|Body Press|p1a: Kommo-o|[from]move: Sleep Talk\n|-damage|p1a: Kommo-o|45\/100\n|\n|-heal|p1a: Kommo-o|51\/100|[from] item: Leftovers\n|upkeep\n|turn|21\n|\n|t:|1700873528\n|move|p1a: Kommo-o|Clanging Scales|p2a: Dondozo\n|-damage|p2a: Dondozo|12\/100 slp\n|-unboost|p1a: Kommo-o|def|1\n|cant|p2a: Dondozo|slp\n|move|p2a: Dondozo|Sleep Talk|p2a: Dondozo\n|move|p2a: Dondozo|Liquidation|p1a: Kommo-o|[from]move: Sleep Talk\n|-resisted|p1a: Kommo-o\n|-crit|p1a: Kommo-o\n|-damage|p1a: Kommo-o|32\/100\n|\n|-heal|p1a: Kommo-o|38\/100|[from] item: Leftovers\n|upkeep\n|turn|22\n|\n|t:|1700873540\n|-terastallize|p2a: Dondozo|Fairy\n|move|p1a: Kommo-o|Clanging Scales|p2a: Dondozo\n|-immune|p2a: Dondozo\n|-curestatus|p2a: Dondozo|slp|[msg]\n|move|p2a: Dondozo|Rest|p2a: Dondozo\n|-status|p2a: Dondozo|slp|[from] move: Rest\n|-heal|p2a: Dondozo|100\/100 slp|[silent]\n|\n|-heal|p1a: Kommo-o|44\/100|[from] item: Leftovers\n|upkeep\n|turn|23\n|inactive|lupiit has 120 seconds left.\n|\n|t:|1700873570\n|switch|p1a: Gardevoir|Gardevoir, F|89\/100\n|-ability|p1a: Gardevoir|Unaware|[from] ability: Trace|[of] p2a: Dondozo\n|cant|p2a: Dondozo|slp\n|move|p2a: Dondozo|Sleep Talk|p2a: Dondozo\n|move|p2a: Dondozo|Body Press|p1a: Gardevoir|[from]move: Sleep Talk\n|-resisted|p1a: Gardevoir\n|-damage|p1a: Gardevoir|80\/100\n|\n|upkeep\n|turn|24\n|inactive|Yesman247 has 120 seconds left.\n|\n|t:|1700873599\n|cant|p2a: Dondozo|slp\n|move|p2a: Dondozo|Sleep Talk|p2a: Dondozo\n|move|p2a: Dondozo|Body Press|p1a: Gardevoir|[from]move: Sleep Talk\n|-resisted|p1a: Gardevoir\n|-damage|p1a: Gardevoir|73\/100\n|move|p1a: Gardevoir|Teleport|p1a: Gardevoir\n|\n|t:|1700873602\n|switch|p1a: Kommo-o|Kommo-o, M|44\/100|[from] Teleport\n|\n|-heal|p1a: Kommo-o|50\/100|[from] item: Leftovers\n|upkeep\n|turn|25\n|inactive|Yesman247 has 120 seconds left.\n|\n|t:|1700873609\n|switch|p1a: Gardevoir|Gardevoir, F|73\/100\n|-ability|p1a: Gardevoir|Unaware|[from] ability: Trace|[of] p2a: Dondozo\n|-curestatus|p2a: Dondozo|slp|[msg]\n|move|p2a: Dondozo|Body Press|p1a: Gardevoir\n|-resisted|p1a: Gardevoir\n|-damage|p1a: Gardevoir|65\/100\n|\n|upkeep\n|turn|26\n|\n|t:|1700873618\n|move|p1a: Gardevoir|Thunder Wave|p2a: Dondozo\n|-status|p2a: Dondozo|par\n|cant|p2a: Dondozo|par\n|\n|upkeep\n|turn|27\n|\n|t:|1700873623\n|move|p2a: Dondozo|Liquidation|p1a: Gardevoir\n|-damage|p1a: Gardevoir|33\/100\n|-unboost|p1a: Gardevoir|def|1\n|move|p1a: Gardevoir|Teleport|p1a: Gardevoir\n|\n|t:|1700873627\n|switch|p1a: Kommo-o|Kommo-o, M|50\/100|[from] Teleport\n|\n|-heal|p1a: Kommo-o|57\/100|[from] item: Leftovers\n|upkeep\n|turn|28\n|\n|t:|1700873632\n|switch|p1a: Gardevoir|Gardevoir, F|33\/100\n|-ability|p1a: Gardevoir|Unaware|[from] ability: Trace|[of] p2a: Dondozo\n|move|p2a: Dondozo|Liquidation|p1a: Gardevoir\n|-damage|p1a: Gardevoir|0 fnt\n|faint|p1a: Gardevoir\n|\n|upkeep\n|\n|t:|1700873638\n|switch|p1a: Gengar|Gengar, M|100\/100\n|turn|29\n|\n|t:|1700873642\n|switch|p2a: Ting-Lu|Ting-Lu|100\/100\n|-damage|p2a: Ting-Lu|94\/100|[from] Stealth Rock\n|-ability|p2a: Ting-Lu|Vessel of Ruin\n|move|p1a: Gengar|Substitute|p1a: Gengar\n|-start|p1a: Gengar|Substitute\n|-damage|p1a: Gengar|76\/100\n|\n|-heal|p1a: Gengar|82\/100|[from] item: Black Sludge\n|-heal|p2a: Ting-Lu|100\/100|[from] item: Leftovers\n|upkeep\n|turn|30\n|\n|t:|1700873652\n|move|p1a: Gengar|Sludge Bomb|p2a: Ting-Lu\n|-resisted|p2a: Ting-Lu\n|-damage|p2a: Ting-Lu|91\/100\n|move|p2a: Ting-Lu|Earthquake|p1a: Gengar\n|-supereffective|p1a: Gengar\n|-end|p1a: Gengar|Substitute\n|\n|-heal|p1a: Gengar|88\/100|[from] item: Black Sludge\n|-heal|p2a: Ting-Lu|97\/100|[from] item: Leftovers\n|upkeep\n|turn|31\n|\n|t:|1700873661\n|move|p1a: Gengar|Disable|p2a: Ting-Lu\n|-start|p2a: Ting-Lu|Disable|Earthquake\n|cant|p2a: Ting-Lu|Disable|Earthquake\n|\n|-heal|p1a: Gengar|94\/100|[from] item: Black Sludge\n|-heal|p2a: Ting-Lu|100\/100|[from] item: Leftovers\n|upkeep\n|turn|32\n|\n|t:|1700873669\n|move|p1a: Gengar|Sludge Bomb|p2a: Ting-Lu\n|-resisted|p2a: Ting-Lu\n|-crit|p2a: Ting-Lu\n|-damage|p2a: Ting-Lu|86\/100\n|move|p2a: Ting-Lu|Whirlwind|p1a: Gengar\n|drag|p1a: Garchomp|Garchomp, M|71\/100\n|\n|-heal|p2a: Ting-Lu|92\/100|[from] item: Leftovers\n|upkeep\n|turn|33\n|\n|t:|1700873683\n|move|p1a: Garchomp|Earthquake|p2a: Ting-Lu\n|-damage|p2a: Ting-Lu|61\/100\n|move|p2a: Ting-Lu|Stealth Rock|p1a: Garchomp\n|-sidestart|p1: lupiit|move: Stealth Rock\n|\n|-heal|p2a: Ting-Lu|68\/100|[from] item: Leftovers\n|upkeep\n|turn|34\n|\n|t:|1700873689\n|switch|p2a: Zapdos|Zapdos|64\/100\n|move|p1a: Garchomp|Earthquake|p2a: Zapdos\n|-immune|p2a: Zapdos\n|\n|upkeep\n|turn|35\n|\n|t:|1700873696\n|move|p1a: Garchomp|Swords Dance|p1a: Garchomp\n|-boost|p1a: Garchomp|atk|2\n|move|p2a: Zapdos|Hurricane|p1a: Garchomp\n|-damage|p1a: Garchomp|18\/100\n|\n|upkeep\n|turn|36\n|\n|t:|1700873702\n|switch|p2a: Dondozo|Dondozo, M, tera:Fairy|100\/100 par\n|move|p1a: Garchomp|Scale Shot|p2a: Dondozo\n|-immune|p2a: Dondozo\n|\n|upkeep\n|turn|37\n|\n|t:|1700873708\n|move|p1a: Garchomp|Earthquake|p2a: Dondozo\n|-damage|p2a: Dondozo|78\/100 par\n|move|p2a: Dondozo|Body Press|p1a: Garchomp\n|-damage|p1a: Garchomp|0 fnt\n|-damage|p2a: Dondozo|65\/100 par|[from] ability: Rough Skin|[of] p1a: Garchomp\n|-damage|p2a: Dondozo|49\/100 par|[from] item: Rocky Helmet|[of] p1a: Garchomp\n|faint|p1a: Garchomp\n|\n|upkeep\n|\n|t:|1700873718\n|switch|p1a: Gengar|Gengar, M|94\/100\n|-damage|p1a: Gengar|82\/100|[from] Stealth Rock\n|turn|38\n|\n|t:|1700873722\n|switch|p2a: Ting-Lu|Ting-Lu|68\/100\n|-damage|p2a: Ting-Lu|61\/100|[from] Stealth Rock\n|-ability|p2a: Ting-Lu|Vessel of Ruin\n|move|p1a: Gengar|Sludge Bomb|p2a: Ting-Lu\n|-resisted|p2a: Ting-Lu\n|-damage|p2a: Ting-Lu|52\/100\n|-status|p2a: Ting-Lu|psn\n|\n|-heal|p1a: Gengar|88\/100|[from] item: Black Sludge\n|-heal|p2a: Ting-Lu|59\/100 psn|[from] item: Leftovers\n|-damage|p2a: Ting-Lu|46\/100 psn|[from] psn\n|upkeep\n|turn|39\n|\n|t:|1700873735\n|move|p1a: Gengar|Substitute|p1a: Gengar\n|-start|p1a: Gengar|Substitute\n|-damage|p1a: Gengar|63\/100\n|move|p2a: Ting-Lu|Whirlwind|p1a: Gengar\n|drag|p1a: Kommo-o|Kommo-o, M|57\/100\n|-damage|p1a: Kommo-o|50\/100|[from] Stealth Rock\n|\n|-heal|p1a: Kommo-o|57\/100|[from] item: Leftovers\n|-heal|p2a: Ting-Lu|52\/100 psn|[from] item: Leftovers\n|-damage|p2a: Ting-Lu|40\/100 psn|[from] psn\n|upkeep\n|turn|40\n|\n|t:|1700873745\n|move|p1a: Kommo-o|Close Combat|p2a: Ting-Lu\n|-supereffective|p2a: Ting-Lu\n|-damage|p2a: Ting-Lu|0 fnt\n|-unboost|p1a: Kommo-o|def|1\n|-unboost|p1a: Kommo-o|spd|1\n|faint|p2a: Ting-Lu\n|\n|-heal|p1a: Kommo-o|63\/100|[from] item: Leftovers\n|upkeep\n|\n|t:|1700873754\n|switch|p2a: Greninja|Greninja, F|100\/100\n|-damage|p2a: Greninja|88\/100|[from] Stealth Rock\n|turn|41\n|\n|t:|1700873762\n|switch|p1a: Kingambit|Kingambit, M|100\/100\n|-damage|p1a: Kingambit|94\/100|[from] Stealth Rock\n|-item|p1a: Kingambit|Air Balloon\n|move|p2a: Greninja|Dark Pulse|p1a: Kingambit\n|-start|p2a: Greninja|typechange|Dark|[from] ability: Protean\n|-resisted|p1a: Kingambit\n|-damage|p1a: Kingambit|67\/100\n|-enditem|p1a: Kingambit|Air Balloon\n|\n|upkeep\n|turn|42\n|\n|t:|1700873775\n|switch|p2a: Dondozo|Dondozo, M, tera:Fairy|49\/100 par\n|move|p1a: Kingambit|Kowtow Cleave|p2a: Dondozo\n|-resisted|p2a: Dondozo\n|-crit|p2a: Dondozo\n|-damage|p2a: Dondozo|33\/100 par\n|\n|upkeep\n|turn|43\n|\n|t:|1700873781\n|switch|p1a: Gengar|Gengar, M|63\/100\n|-damage|p1a: Gengar|51\/100|[from] Stealth Rock\n|move|p2a: Dondozo|Rest|p2a: Dondozo\n|-status|p2a: Dondozo|slp|[from] move: Rest\n|-heal|p2a: Dondozo|100\/100 slp|[silent]\n|\n|-heal|p1a: Gengar|57\/100|[from] item: Black Sludge\n|upkeep\n|turn|44\n|\n|t:|1700873794\n|switch|p2a: Zapdos|Zapdos|64\/100\n|move|p1a: Gengar|Substitute|p1a: Gengar\n|-start|p1a: Gengar|Substitute\n|-damage|p1a: Gengar|32\/100\n|\n|-heal|p1a: Gengar|38\/100|[from] item: Black Sludge\n|upkeep\n|turn|45\n|c|\u2606lupiit|you have the most boring team in the fucking world\n|\n|t:|1700873804\n|move|p1a: Gengar|Sludge Bomb|p2a: Zapdos\n|-damage|p2a: Zapdos|19\/100\n|move|p2a: Zapdos|Hurricane|p1a: Gengar\n|-end|p1a: Gengar|Substitute\n|\n|-heal|p1a: Gengar|44\/100|[from] item: Black Sludge\n|upkeep\n|turn|46\n|n|\u203dlupiit|lupiit\n|c|&|\/log lupiit was locked from talking by Artemis for a week. (\u2606lupiit: you have the most boring team in the fucking world)\n|c|&|\/raw <small>This action was done automatically. Want to learn more about the AI? <a href=\"https:\/\/www.smogon.com\/forums\/threads\/3570628\/#post-9056769\">Visit the information thread<\/a>.<\/small>\n|\n|t:|1700873811\n|move|p1a: Gengar|Sludge Bomb|p2a: Zapdos\n|-damage|p2a: Zapdos|0 fnt\n|faint|p2a: Zapdos\n|\n|-heal|p1a: Gengar|50\/100|[from] item: Black Sludge\n|upkeep\n|\n|t:|1700873819\n|switch|p2a: Greninja|Greninja, F|88\/100\n|-damage|p2a: Greninja|76\/100|[from] Stealth Rock\n|turn|47\n|\n|t:|1700873828\n|move|p2a: Greninja|Hydro Pump|p1a: Gengar\n|-start|p2a: Greninja|typechange|Water|[from] ability: Protean\n|-crit|p1a: Gengar\n|-damage|p1a: Gengar|0 fnt\n|faint|p1a: Gengar\n|\n|upkeep\n|\n|t:|1700873834\n|switch|p1a: Kingambit|Kingambit, M|67\/100\n|-damage|p1a: Kingambit|61\/100|[from] Stealth Rock\n|turn|48\n|\n|t:|1700873844\n|switch|p2a: Cinderace|Cinderace, F|100\/100\n|move|p1a: Kingambit|Sucker Punch||[still]\n|-fail|p1a: Kingambit\n|\n|upkeep\n|turn|49\n|\n|t:|1700873849\n|move|p1a: Kingambit|Sucker Punch||[still]\n|-fail|p1a: Kingambit\n|move|p2a: Cinderace|Will-O-Wisp|p1a: Kingambit\n|-status|p1a: Kingambit|brn\n|\n|-damage|p1a: Kingambit|55\/100 brn|[from] brn\n|upkeep\n|turn|50\n|-message|lupiit forfeited.\n|\n|win|Yesman247\n|raw|lupiit's rating: 1241 &rarr; <strong>1222<\/strong><br \/>(-19 for losing)\n|raw|Yesman247's rating: 1325 &rarr; <strong>1340<\/strong><br \/>(+15 for winning)\n|l|\u203dlupiit\n","uploadtime":1700873800,"views":5,"p1id":"lupiit","p2id":"yesman247","formatid":"gen9ou","rating":1222,"private":0,"password":""}