{"id":"gen9ou-1996153862","p1":"HEAVY-DUTY B0OTY","p2":"sundays.n_sundaes","format":"[Gen 9] OU","log":"|j|\u2606HEAVY-DUTY B0OTY\n|j|\u2606sundays.n_sundaes\n|inactive|Battle timer is ON: inactive players will automatically lose when time's up.\n|t:|1700652179\n|gametype|singles\n|player|p1|HEAVY-DUTY B0OTY|swimmerf-gen6|\n|player|p2|sundays.n_sundaes|psychic-gen2|\n|teamsize|p1|5\n|teamsize|p2|5\n|gen|9\n|tier|[Gen 9] OU\n|rated|Tournament battle\n|rule|Sleep Clause Mod: Limit one foe put to sleep\n|rule|Species Clause: Limit one of each Pok\u00e9mon\n|rule|OHKO Clause: OHKO moves are banned\n|rule|Evasion Items Clause: Evasion items are banned\n|rule|Evasion Moves Clause: Evasion moves are banned\n|rule|Endless Battle Clause: Forcing endless battles is banned\n|rule|HP Percentage Mod: HP is shown in percentages\n|clearpoke\n|poke|p1|Skeledirge, F|\n|poke|p1|Sunflora, F|\n|poke|p1|Arcanine, M|\n|poke|p1|Morgrem, M|\n|poke|p1|Noctowl, M|\n|poke|p2|Milotic, F|\n|poke|p2|Greedent, F|\n|poke|p2|Barraskewda, F|\n|poke|p2|Ekans, F|\n|poke|p2|Zoroark-Hisui, F|\n|teampreview\n|j|*Lady Monita \u2746\n|\n|t:|1700652190\n|start\n|switch|p1a: Morgrem|Morgrem, M|100\/100\n|switch|p2a: Barraskewda|Barraskewda, F|100\/100\n|turn|1\n|\n|t:|1700652196\n|move|p1a: Morgrem|Reflect|p1a: Morgrem\n|-sidestart|p1: HEAVY-DUTY B0OTY|Reflect\n|move|p2a: Barraskewda|Flip Turn|p1a: Morgrem\n|-damage|p1a: Morgrem|56\/100\n|\n|t:|1700652200\n|switch|p2a: Ekans|Ekans, F, shiny|100\/100|[from] Flip Turn\n|-ability|p2a: Ekans|Intimidate|boost\n|-unboost|p1a: Morgrem|atk|1\n|\n|upkeep\n|turn|2\n|\n|t:|1700652207\n|move|p1a: Morgrem|Foul Play|p2a: Ekans\n|-damage|p2a: Ekans|50\/100\n|move|p2a: Ekans|Toxic Spikes|p1a: Morgrem\n|-sidestart|p1: HEAVY-DUTY B0OTY|move: Toxic Spikes\n|\n|upkeep\n|turn|3\n|\n|t:|1700652219\n|-terastallize|p2a: Ekans|Dark\n|move|p1a: Morgrem|Foul Play|p2a: Ekans\n|-resisted|p2a: Ekans\n|-damage|p2a: Ekans|29\/100\n|move|p2a: Ekans|Toxic Spikes|p1a: Morgrem\n|-sidestart|p1: HEAVY-DUTY B0OTY|move: Toxic Spikes\n|\n|upkeep\n|turn|4\n|\n|t:|1700652231\n|move|p1a: Morgrem|Foul Play|p2a: Ekans\n|-resisted|p2a: Ekans\n|-damage|p2a: Ekans|5\/100\n|move|p2a: Ekans|Glare|p1a: Morgrem\n|-status|p1a: Morgrem|par\n|\n|upkeep\n|turn|5\n|\n|t:|1700652236\n|switch|p2a: Milotic|Milotic, F, shiny|100\/100\n|move|p1a: Morgrem|Foul Play|p2a: Milotic\n|-damage|p2a: Milotic|89\/100\n|\n|-heal|p2a: Milotic|95\/100|[from] item: Leftovers\n|upkeep\n|turn|6\n|\n|t:|1700652241\n|move|p1a: Morgrem|Light Screen|p1a: Morgrem\n|-sidestart|p1: HEAVY-DUTY B0OTY|move: Light Screen\n|move|p2a: Milotic|Scald|p1a: Morgrem\n|-damage|p1a: Morgrem|40\/100 par\n|\n|-heal|p2a: Milotic|100\/100|[from] item: Leftovers\n|upkeep\n|turn|7\n|\n|t:|1700652255\n|move|p1a: Morgrem|Taunt|p2a: Milotic\n|-start|p2a: Milotic|move: Taunt\n|move|p2a: Milotic|Scald|p1a: Morgrem\n|-damage|p1a: Morgrem|25\/100 par\n|\n|upkeep\n|turn|8\n|inactive|sundays.n_sundaes has 120 seconds left.\n|\n|t:|1700652286\n|move|p2a: Milotic|Scald|p1a: Morgrem\n|-damage|p1a: Morgrem|9\/100 par\n|cant|p1a: Morgrem|par\n|\n|-sideend|p1: HEAVY-DUTY B0OTY|Reflect\n|upkeep\n|turn|9\n|\n|t:|1700652290\n|cant|p1a: Morgrem|par\n|move|p2a: Milotic|Scald|p1a: Morgrem\n|-damage|p1a: Morgrem|0 fnt\n|faint|p1a: Morgrem\n|\n|-end|p2a: Milotic|move: Taunt\n|upkeep\n|\n|t:|1700652301\n|switch|p1a: Sunflora|Sunflora, F|100\/100\n|-status|p1a: Sunflora|tox\n|turn|10\n|inactive|sundays.n_sundaes has 120 seconds left.\n|\n|t:|1700652347\n|switch|p2a: Ekans|Ekans, F, shiny, tera:Dark|5\/100\n|-ability|p2a: Ekans|Intimidate|boost\n|-unboost|p1a: Sunflora|atk|1\n|move|p1a: Sunflora|Sunny Day|p1a: Sunflora\n|-weather|SunnyDay\n|\n|-weather|SunnyDay|[upkeep]\n|-damage|p1a: Sunflora|94\/100 tox|[from] psn\n|upkeep\n|turn|11\n|\n|t:|1700652356\n|move|p1a: Sunflora|Sludge Bomb|p2a: Ekans\n|-damage|p2a: Ekans|0 fnt\n|faint|p2a: Ekans\n|\n|-weather|SunnyDay|[upkeep]\n|-damage|p1a: Sunflora|82\/100 tox|[from] psn\n|upkeep\n|\n|t:|1700652361\n|switch|p2a: Greedent|Greedent, F, shiny|100\/100\n|turn|12\n|\n|t:|1700652364\n|move|p2a: Greedent|Flamethrower|p1a: Sunflora\n|-supereffective|p1a: Sunflora\n|-damage|p1a: Sunflora|0 fnt\n|faint|p1a: Sunflora\n|\n|-weather|SunnyDay|[upkeep]\n|upkeep\n|\n|t:|1700652370\n|switch|p1a: Skeledirge|Skeledirge, F|100\/100\n|turn|13\n|\n|t:|1700652375\n|switch|p2a: Milotic|Milotic, F, shiny|100\/100\n|move|p1a: Skeledirge|Torch Song|p2a: Milotic\n|-resisted|p2a: Milotic\n|-damage|p2a: Milotic|84\/100\n|-boost|p1a: Skeledirge|spa|1\n|\n|-weather|SunnyDay|[upkeep]\n|-heal|p2a: Milotic|90\/100|[from] item: Leftovers\n|-sideend|p1: HEAVY-DUTY B0OTY|move: Light Screen\n|upkeep\n|turn|14\n|\n|t:|1700652381\n|-terastallize|p1a: Skeledirge|Fairy\n|move|p2a: Milotic|Haze|p2a: Milotic\n|-clearallboost\n|move|p1a: Skeledirge|Will-O-Wisp|p2a: Milotic\n|-status|p2a: Milotic|brn\n|\n|-weather|SunnyDay|[upkeep]\n|-heal|p2a: Milotic|96\/100 brn|[from] item: Leftovers\n|-damage|p2a: Milotic|90\/100 brn|[from] brn\n|upkeep\n|turn|15\n|inactive|sundays.n_sundaes has 120 seconds left.\n|\n|t:|1700652416\n|move|p2a: Milotic|Ice Beam|p1a: Skeledirge\n|-damage|p1a: Skeledirge|84\/100\n|move|p1a: Skeledirge|Hex|p2a: Milotic\n|-damage|p2a: Milotic|55\/100 brn\n|\n|-weather|SunnyDay|[upkeep]\n|-heal|p2a: Milotic|61\/100 brn|[from] item: Leftovers\n|-damage|p2a: Milotic|55\/100 brn|[from] brn\n|upkeep\n|turn|16\n|\n|t:|1700652421\n|move|p2a: Milotic|Recover|p2a: Milotic\n|-heal|p2a: Milotic|100\/100 brn\n|move|p1a: Skeledirge|Torch Song|p2a: Milotic\n|-resisted|p2a: Milotic\n|-damage|p2a: Milotic|83\/100 brn\n|-boost|p1a: Skeledirge|spa|1\n|\n|-weather|SunnyDay|[upkeep]\n|-heal|p2a: Milotic|89\/100 brn|[from] item: Leftovers\n|-damage|p2a: Milotic|83\/100 brn|[from] brn\n|upkeep\n|turn|17\n|\n|t:|1700652425\n|move|p2a: Milotic|Haze|p2a: Milotic\n|-clearallboost\n|move|p1a: Skeledirge|Hex|p2a: Milotic\n|-damage|p2a: Milotic|51\/100 brn\n|\n|-weather|none\n|-heal|p2a: Milotic|57\/100 brn|[from] item: Leftovers\n|-damage|p2a: Milotic|51\/100 brn|[from] brn\n|upkeep\n|turn|18\n|\n|t:|1700652427\n|move|p2a: Milotic|Recover|p2a: Milotic\n|-heal|p2a: Milotic|100\/100 brn\n|move|p1a: Skeledirge|Hex|p2a: Milotic\n|-damage|p2a: Milotic|67\/100 brn\n|\n|-heal|p2a: Milotic|73\/100 brn|[from] item: Leftovers\n|-damage|p2a: Milotic|67\/100 brn|[from] brn\n|upkeep\n|turn|19\n|\n|t:|1700652437\n|move|p2a: Milotic|Scald|p1a: Skeledirge\n|-damage|p1a: Skeledirge|61\/100\n|-status|p1a: Skeledirge|brn\n|move|p1a: Skeledirge|Torch Song|p2a: Milotic\n|-resisted|p2a: Milotic\n|-damage|p2a: Milotic|57\/100 brn\n|-boost|p1a: Skeledirge|spa|1\n|\n|-heal|p2a: Milotic|63\/100 brn|[from] item: Leftovers\n|-damage|p2a: Milotic|57\/100 brn|[from] brn\n|-damage|p1a: Skeledirge|55\/100 brn|[from] brn\n|upkeep\n|turn|20\n|\n|t:|1700652444\n|move|p2a: Milotic|Haze|p2a: Milotic\n|-clearallboost\n|move|p1a: Skeledirge|Slack Off|p1a: Skeledirge\n|-heal|p1a: Skeledirge|100\/100 brn\n|\n|-heal|p2a: Milotic|63\/100 brn|[from] item: Leftovers\n|-damage|p2a: Milotic|57\/100 brn|[from] brn\n|-damage|p1a: Skeledirge|94\/100 brn|[from] brn\n|upkeep\n|turn|21\n|\n|t:|1700652447\n|move|p2a: Milotic|Recover|p2a: Milotic\n|-heal|p2a: Milotic|100\/100 brn\n|move|p1a: Skeledirge|Torch Song|p2a: Milotic\n|-resisted|p2a: Milotic\n|-damage|p2a: Milotic|89\/100 brn\n|-boost|p1a: Skeledirge|spa|1\n|\n|-heal|p2a: Milotic|95\/100 brn|[from] item: Leftovers\n|-damage|p2a: Milotic|89\/100 brn|[from] brn\n|-damage|p1a: Skeledirge|88\/100 brn|[from] brn\n|upkeep\n|turn|22\n|\n|t:|1700652477\n|move|p2a: Milotic|Haze|p2a: Milotic\n|-clearallboost\n|move|p1a: Skeledirge|Hex|p2a: Milotic\n|-damage|p2a: Milotic|57\/100 brn\n|\n|-heal|p2a: Milotic|63\/100 brn|[from] item: Leftovers\n|-damage|p2a: Milotic|57\/100 brn|[from] brn\n|-damage|p1a: Skeledirge|82\/100 brn|[from] brn\n|upkeep\n|turn|23\n|\n|t:|1700652480\n|move|p2a: Milotic|Scald|p1a: Skeledirge\n|-damage|p1a: Skeledirge|60\/100 brn\n|move|p1a: Skeledirge|Hex|p2a: Milotic\n|-damage|p2a: Milotic|21\/100 brn\n|\n|-heal|p2a: Milotic|27\/100 brn|[from] item: Leftovers\n|-damage|p2a: Milotic|21\/100 brn|[from] brn\n|-damage|p1a: Skeledirge|54\/100 brn|[from] brn\n|upkeep\n|turn|24\n|\n|t:|1700652485\n|move|p2a: Milotic|Recover|p2a: Milotic\n|-heal|p2a: Milotic|71\/100 brn\n|move|p1a: Skeledirge|Hex|p2a: Milotic\n|-damage|p2a: Milotic|37\/100 brn\n|\n|-heal|p2a: Milotic|43\/100 brn|[from] item: Leftovers\n|-damage|p2a: Milotic|37\/100 brn|[from] brn\n|-damage|p1a: Skeledirge|48\/100 brn|[from] brn\n|upkeep\n|turn|25\n|\n|t:|1700652488\n|move|p2a: Milotic|Recover|p2a: Milotic\n|-heal|p2a: Milotic|87\/100 brn\n|move|p1a: Skeledirge|Slack Off|p1a: Skeledirge\n|-heal|p1a: Skeledirge|98\/100 brn\n|\n|-heal|p2a: Milotic|93\/100 brn|[from] item: Leftovers\n|-damage|p2a: Milotic|87\/100 brn|[from] brn\n|-damage|p1a: Skeledirge|92\/100 brn|[from] brn\n|upkeep\n|turn|26\n|\n|t:|1700652491\n|move|p2a: Milotic|Scald|p1a: Skeledirge\n|-damage|p1a: Skeledirge|72\/100 brn\n|move|p1a: Skeledirge|Torch Song|p2a: Milotic\n|-resisted|p2a: Milotic\n|-damage|p2a: Milotic|76\/100 brn\n|-boost|p1a: Skeledirge|spa|1\n|\n|-heal|p2a: Milotic|82\/100 brn|[from] item: Leftovers\n|-damage|p2a: Milotic|76\/100 brn|[from] brn\n|-damage|p1a: Skeledirge|65\/100 brn|[from] brn\n|upkeep\n|turn|27\n|\n|t:|1700652497\n|move|p2a: Milotic|Haze|p2a: Milotic\n|-clearallboost\n|move|p1a: Skeledirge|Hex|p2a: Milotic\n|-damage|p2a: Milotic|41\/100 brn\n|\n|-heal|p2a: Milotic|47\/100 brn|[from] item: Leftovers\n|-damage|p2a: Milotic|41\/100 brn|[from] brn\n|-damage|p1a: Skeledirge|59\/100 brn|[from] brn\n|upkeep\n|turn|28\n|\n|t:|1700652501\n|move|p2a: Milotic|Recover|p2a: Milotic\n|-heal|p2a: Milotic|91\/100 brn\n|move|p1a: Skeledirge|Slack Off|p1a: Skeledirge\n|-heal|p1a: Skeledirge|100\/100 brn\n|\n|-heal|p2a: Milotic|97\/100 brn|[from] item: Leftovers\n|-damage|p2a: Milotic|91\/100 brn|[from] brn\n|-damage|p1a: Skeledirge|94\/100 brn|[from] brn\n|upkeep\n|turn|29\n|inactive|sundays.n_sundaes has 120 seconds left.\n|\n|t:|1700652538\n|move|p2a: Milotic|Scald|p1a: Skeledirge\n|-damage|p1a: Skeledirge|71\/100 brn\n|move|p1a: Skeledirge|Torch Song|p2a: Milotic\n|-resisted|p2a: Milotic\n|-damage|p2a: Milotic|80\/100 brn\n|-boost|p1a: Skeledirge|spa|1\n|\n|-heal|p2a: Milotic|86\/100 brn|[from] item: Leftovers\n|-damage|p2a: Milotic|80\/100 brn|[from] brn\n|-damage|p1a: Skeledirge|65\/100 brn|[from] brn\n|upkeep\n|turn|30\n|inactive|sundays.n_sundaes has 120 seconds left.\n|\n|t:|1700652546\n|switch|p2a: Greedent|Greedent, F, shiny|100\/100\n|move|p1a: Skeledirge|Hex|p2a: Greedent\n|-immune|p2a: Greedent\n|\n|-damage|p1a: Skeledirge|59\/100 brn|[from] brn\n|upkeep\n|turn|31\n|inactive|sundays.n_sundaes has 120 seconds left.\n|\n|t:|1700652557\n|switch|p2a: Barraskewda|Barraskewda, F|100\/100\n|move|p1a: Skeledirge|Slack Off|p1a: Skeledirge\n|-heal|p1a: Skeledirge|100\/100 brn\n|\n|-damage|p1a: Skeledirge|94\/100 brn|[from] brn\n|upkeep\n|turn|32\n|\n|t:|1700652561\n|move|p2a: Barraskewda|Flip Turn|p1a: Skeledirge\n|-damage|p1a: Skeledirge|62\/100 brn\n|\n|t:|1700652568\n|switch|p2a: Milotic|Milotic, F, shiny|100\/100|[from] Flip Turn\n|move|p1a: Skeledirge|Torch Song|p2a: Milotic\n|-damage|p2a: Milotic|8\/100\n|-boost|p1a: Skeledirge|spa|1\n|replace|p2a: Zoroark|Zoroark-Hisui, F, shiny\n|-end|p2a: Zoroark|Illusion\n|\n|-damage|p1a: Skeledirge|56\/100 brn|[from] brn\n|upkeep\n|turn|33\n|\n|t:|1700652582\n|move|p2a: Zoroark|Hyper Voice|p1a: Skeledirge\n|-damage|p1a: Skeledirge|3\/100 brn\n|move|p1a: Skeledirge|Torch Song|p2a: Zoroark\n|-damage|p2a: Zoroark|0 fnt\n|-boost|p1a: Skeledirge|spa|1\n|faint|p2a: Zoroark\n|\n|-damage|p1a: Skeledirge|0 fnt|[from] brn\n|faint|p1a: Skeledirge\n|upkeep\n|\n|t:|1700652597\n|switch|p2a: Milotic|Milotic, F, shiny|80\/100 brn\n|switch|p1a: Noctowl|Noctowl, M|100\/100\n|turn|34\n|\n|t:|1700652611\n|switch|p1a: Arcanine|Arcanine, M|100\/100\n|-status|p1a: Arcanine|tox\n|-ability|p1a: Arcanine|Intimidate|boost\n|-unboost|p2a: Milotic|atk|1\n|-ability|p2a: Milotic|Competitive|boost\n|-boost|p2a: Milotic|spa|2\n|move|p2a: Milotic|Ice Beam|p1a: Arcanine\n|-resisted|p1a: Arcanine\n|-damage|p1a: Arcanine|81\/100 tox\n|\n|-heal|p1a: Arcanine|88\/100 tox|[from] item: Leftovers\n|-heal|p2a: Milotic|86\/100 brn|[from] item: Leftovers\n|-damage|p1a: Arcanine|81\/100 tox|[from] psn\n|-damage|p2a: Milotic|80\/100 brn|[from] brn\n|upkeep\n|turn|35\n|\n|t:|1700652615\n|move|p1a: Arcanine|Wild Charge|p2a: Milotic\n|-supereffective|p2a: Milotic\n|-damage|p2a: Milotic|44\/100 brn\n|-damage|p1a: Arcanine|72\/100 tox|[from] Recoil\n|move|p2a: Milotic|Scald|p1a: Arcanine\n|-supereffective|p1a: Arcanine\n|-damage|p1a: Arcanine|0 fnt\n|faint|p1a: Arcanine\n|\n|-heal|p2a: Milotic|50\/100 brn|[from] item: Leftovers\n|-damage|p2a: Milotic|44\/100 brn|[from] brn\n|upkeep\n|\n|t:|1700652618\n|switch|p1a: Noctowl|Noctowl, M|100\/100\n|turn|36\n|\n|t:|1700652622\n|move|p1a: Noctowl|Nasty Plot|p1a: Noctowl\n|-boost|p1a: Noctowl|spa|2\n|move|p2a: Milotic|Ice Beam|p1a: Noctowl\n|-supereffective|p1a: Noctowl\n|-damage|p1a: Noctowl|14\/100\n|\n|-heal|p2a: Milotic|50\/100 brn|[from] item: Leftovers\n|-damage|p2a: Milotic|44\/100 brn|[from] brn\n|upkeep\n|turn|37\n|\n|t:|1700652625\n|move|p1a: Noctowl|Roost|p1a: Noctowl\n|-heal|p1a: Noctowl|64\/100\n|-singleturn|p1a: Noctowl|move: Roost\n|move|p2a: Milotic|Ice Beam|p1a: Noctowl\n|-damage|p1a: Noctowl|19\/100\n|\n|-heal|p2a: Milotic|50\/100 brn|[from] item: Leftovers\n|-damage|p2a: Milotic|44\/100 brn|[from] brn\n|upkeep\n|turn|38\n|\n|t:|1700652628\n|move|p1a: Noctowl|Hyper Voice|p2a: Milotic\n|-damage|p2a: Milotic|0 fnt\n|faint|p2a: Milotic\n|\n|upkeep\n|\n|t:|1700652631\n|switch|p2a: Greedent|Greedent, F, shiny|100\/100\n|turn|39\n|-message|HEAVY-DUTY B0OTY forfeited.\n|\n|win|sundays.n_sundaes\n|n|\u2606HEAVY-DUTY B0OTY|heavydutyb0oty\n|n|\u2606sundays.n_sundaes|sundaysnsundaes\n|n|*Lady Monita \u2746|ladymonita\n","uploadtime":1700652632,"views":0,"p1id":"heavydutyb0oty","p2id":"sundaysnsundaes","formatid":"gen9ou","rating":0,"private":0,"password":""}