{"id":"gen9ou-1996502136","p1":"Docter_Peng99","p2":"Golemfan789","format":"[Gen 9] OU","log":"|j|\u2606Docter_Peng99\n|j|\u2606Golemfan789\n|t:|1700688254\n|gametype|singles\n|player|p1|Docter_Peng99|larry|1389\n|player|p2|Golemfan789|flannery|1415\n|teamsize|p1|6\n|teamsize|p2|6\n|gen|9\n|tier|[Gen 9] OU\n|rated|\n|rule|Sleep Clause Mod: Limit one foe put to sleep\n|rule|Species Clause: Limit one of each Pok\u00e9mon\n|rule|OHKO Clause: OHKO moves are banned\n|rule|Evasion Items Clause: Evasion items are banned\n|rule|Evasion Moves Clause: Evasion moves are banned\n|rule|Endless Battle Clause: Forcing endless battles is banned\n|rule|HP Percentage Mod: HP is shown in percentages\n|clearpoke\n|poke|p1|Garganacl, M|\n|poke|p1|Great Tusk|\n|poke|p1|Iron Moth|\n|poke|p1|Iron Valiant|\n|poke|p1|Dragapult, M|\n|poke|p1|Kingambit, M|\n|poke|p2|Great Tusk|\n|poke|p2|Iron Valiant|\n|poke|p2|Corviknight, M|\n|poke|p2|Glimmora, M|\n|poke|p2|Garganacl, M|\n|poke|p2|Greninja-*, M|\n|teampreview\n|inactive|Battle timer is ON: inactive players will automatically lose when time's up. (requested by Golemfan789)\n|\n|t:|1700688261\n|start\n|switch|p1a: Ancient Elephant|Great Tusk|100\/100\n|switch|p2a: Great Tusk|Great Tusk|100\/100\n|turn|1\n|\n|t:|1700688268\n|move|p2a: Great Tusk|Headlong Rush|p1a: Ancient Elephant\n|-damage|p1a: Ancient Elephant|46\/100\n|-unboost|p2a: Great Tusk|def|1\n|-unboost|p2a: Great Tusk|spd|1\n|-damage|p2a: Great Tusk|91\/100|[from] item: Life Orb\n|move|p1a: Ancient Elephant|Knock Off|p2a: Great Tusk\n|-resisted|p2a: Great Tusk\n|-damage|p2a: Great Tusk|72\/100\n|-enditem|p2a: Great Tusk|Life Orb|[from] move: Knock Off|[of] p1a: Ancient Elephant\n|\n|upkeep\n|turn|2\n|\n|t:|1700688275\n|move|p2a: Great Tusk|Headlong Rush|p1a: Ancient Elephant\n|-damage|p1a: Ancient Elephant|8\/100\n|-unboost|p2a: Great Tusk|def|1\n|-unboost|p2a: Great Tusk|spd|1\n|move|p1a: Ancient Elephant|Ice Spinner|p2a: Great Tusk\n|-supereffective|p2a: Great Tusk\n|-damage|p2a: Great Tusk|0 fnt\n|faint|p2a: Great Tusk\n|-end|p2a: Great Tusk|Protosynthesis|[silent]\n|\n|upkeep\n|\n|t:|1700688281\n|switch|p2a: Iron Valiant|Iron Valiant|100\/100\n|turn|3\n|\n|t:|1700688290\n|move|p2a: Iron Valiant|Aura Sphere|p1a: Ancient Elephant\n|-damage|p1a: Ancient Elephant|0 fnt\n|faint|p1a: Ancient Elephant\n|-end|p1a: Ancient Elephant|Protosynthesis|[silent]\n|\n|upkeep\n|\n|t:|1700688296\n|switch|p1a: Metaslayer|Iron Valiant|100\/100\n|-enditem|p1a: Metaslayer|Booster Energy\n|-activate|p1a: Metaslayer|ability: Quark Drive|[fromitem]\n|-start|p1a: Metaslayer|quarkdrivespe\n|turn|4\n|\n|t:|1700688310\n|-end|p2a: Iron Valiant|Quark Drive|[silent]\n|switch|p2a: Garganacl|Garganacl, M|100\/100\n|move|p1a: Metaslayer|Moonblast|p2a: Garganacl\n|-damage|p2a: Garganacl|76\/100\n|\n|-heal|p2a: Garganacl|82\/100|[from] item: Leftovers\n|upkeep\n|turn|5\n|\n|t:|1700688314\n|move|p1a: Metaslayer|Calm Mind|p1a: Metaslayer\n|-boost|p1a: Metaslayer|spa|1\n|-boost|p1a: Metaslayer|spd|1\n|move|p2a: Garganacl|Salt Cure|p1a: Metaslayer\n|-resisted|p1a: Metaslayer\n|-damage|p1a: Metaslayer|92\/100\n|-start|p1a: Metaslayer|Salt Cure\n|\n|-heal|p2a: Garganacl|88\/100|[from] item: Leftovers\n|-damage|p1a: Metaslayer|79\/100|[from] Salt Cure\n|upkeep\n|turn|6\n|\n|t:|1700688323\n|-terastallize|p2a: Garganacl|Water\n|move|p1a: Metaslayer|Encore|p2a: Garganacl\n|-start|p2a: Garganacl|Encore\n|move|p2a: Garganacl|Salt Cure|p1a: Metaslayer\n|-resisted|p1a: Metaslayer\n|-damage|p1a: Metaslayer|70\/100\n|\n|-heal|p2a: Garganacl|95\/100|[from] item: Leftovers\n|-damage|p1a: Metaslayer|58\/100|[from] Salt Cure\n|upkeep\n|turn|7\n|\n|t:|1700688328\n|move|p1a: Metaslayer|Calm Mind|p1a: Metaslayer\n|-boost|p1a: Metaslayer|spa|1\n|-boost|p1a: Metaslayer|spd|1\n|move|p2a: Garganacl|Salt Cure|p1a: Metaslayer\n|-resisted|p1a: Metaslayer\n|-damage|p1a: Metaslayer|49\/100\n|\n|-heal|p2a: Garganacl|100\/100|[from] item: Leftovers\n|-damage|p1a: Metaslayer|36\/100|[from] Salt Cure\n|upkeep\n|turn|8\n|\n|t:|1700688331\n|move|p1a: Metaslayer|Moonblast|p2a: Garganacl\n|-damage|p2a: Garganacl|57\/100\n|-unboost|p2a: Garganacl|spa|1\n|move|p2a: Garganacl|Salt Cure|p1a: Metaslayer\n|-resisted|p1a: Metaslayer\n|-damage|p1a: Metaslayer|28\/100\n|\n|-heal|p2a: Garganacl|63\/100|[from] item: Leftovers\n|-damage|p1a: Metaslayer|15\/100|[from] Salt Cure\n|-end|p2a: Garganacl|Encore\n|upkeep\n|turn|9\n|\n|t:|1700688335\n|move|p1a: Metaslayer|Moonblast|p2a: Garganacl\n|-damage|p2a: Garganacl|21\/100\n|move|p2a: Garganacl|Recover|p2a: Garganacl\n|-heal|p2a: Garganacl|71\/100\n|\n|-heal|p2a: Garganacl|77\/100|[from] item: Leftovers\n|-damage|p1a: Metaslayer|3\/100|[from] Salt Cure\n|upkeep\n|turn|10\n|\n|t:|1700688339\n|move|p1a: Metaslayer|Moonblast|p2a: Garganacl\n|-damage|p2a: Garganacl|32\/100\n|move|p2a: Garganacl|Recover|p2a: Garganacl\n|-heal|p2a: Garganacl|82\/100\n|\n|-heal|p2a: Garganacl|89\/100|[from] item: Leftovers\n|-damage|p1a: Metaslayer|0 fnt|[from] Salt Cure\n|faint|p1a: Metaslayer\n|-end|p1a: Metaslayer|Quark Drive|[silent]\n|upkeep\n|\n|t:|1700688344\n|switch|p1a: Gotta Sweep|Dragapult, M, shiny|100\/100\n|turn|11\n|\n|t:|1700688348\n|move|p1a: Gotta Sweep|U-turn|p2a: Garganacl\n|-damage|p2a: Garganacl|77\/100\n|\n|t:|1700688350\n|switch|p1a: Wall|Garganacl, M|100\/100|[from] U-turn\n|move|p2a: Garganacl|Salt Cure|p1a: Wall\n|-damage|p1a: Wall|92\/100\n|-start|p1a: Wall|Salt Cure\n|\n|-heal|p1a: Wall|99\/100|[from] item: Leftovers\n|-heal|p2a: Garganacl|83\/100|[from] item: Leftovers\n|-damage|p1a: Wall|86\/100|[from] Salt Cure\n|upkeep\n|turn|12\n|\n|t:|1700688354\n|move|p2a: Garganacl|Body Press|p1a: Wall\n|-supereffective|p1a: Wall\n|-damage|p1a: Wall|61\/100\n|move|p1a: Wall|Salt Cure|p2a: Garganacl\n|-damage|p2a: Garganacl|74\/100\n|-start|p2a: Garganacl|Salt Cure\n|\n|-heal|p1a: Wall|68\/100|[from] item: Leftovers\n|-heal|p2a: Garganacl|80\/100|[from] item: Leftovers\n|-damage|p1a: Wall|55\/100|[from] Salt Cure\n|-damage|p2a: Garganacl|55\/100|[from] Salt Cure\n|upkeep\n|turn|13\n|\n|t:|1700688361\n|move|p2a: Garganacl|Recover|p2a: Garganacl\n|-heal|p2a: Garganacl|100\/100\n|move|p1a: Wall|Stealth Rock|p2a: Garganacl\n|-sidestart|p2: Golemfan789|move: Stealth Rock\n|\n|-heal|p1a: Wall|61\/100|[from] item: Leftovers\n|-damage|p2a: Garganacl|75\/100|[from] Salt Cure\n|-damage|p1a: Wall|49\/100|[from] Salt Cure\n|upkeep\n|turn|14\n|\n|t:|1700688366\n|move|p2a: Garganacl|Iron Defense|p2a: Garganacl\n|-boost|p2a: Garganacl|def|2\n|move|p1a: Wall|Recover|p1a: Wall\n|-heal|p1a: Wall|99\/100\n|\n|-heal|p2a: Garganacl|82\/100|[from] item: Leftovers\n|-heal|p1a: Wall|100\/100|[from] item: Leftovers\n|-damage|p2a: Garganacl|57\/100|[from] Salt Cure\n|-damage|p1a: Wall|88\/100|[from] Salt Cure\n|upkeep\n|turn|15\n|\n|t:|1700688371\n|switch|p1a: Gotta Sweep|Dragapult, M, shiny|100\/100\n|move|p2a: Garganacl|Recover|p2a: Garganacl\n|-heal|p2a: Garganacl|100\/100\n|\n|-damage|p2a: Garganacl|75\/100|[from] Salt Cure\n|upkeep\n|turn|16\n|\n|t:|1700688377\n|move|p1a: Gotta Sweep|Draco Meteor|p2a: Garganacl|[miss]\n|-miss|p1a: Gotta Sweep|p2a: Garganacl\n|move|p2a: Garganacl|Salt Cure|p1a: Gotta Sweep\n|-damage|p1a: Gotta Sweep|81\/100\n|-start|p1a: Gotta Sweep|Salt Cure\n|\n|-heal|p2a: Garganacl|82\/100|[from] item: Leftovers\n|-damage|p1a: Gotta Sweep|68\/100|[from] Salt Cure\n|-damage|p2a: Garganacl|57\/100|[from] Salt Cure\n|upkeep\n|turn|17\n|\n|t:|1700688387\n|move|p1a: Gotta Sweep|Draco Meteor|p2a: Garganacl\n|-damage|p2a: Garganacl|3\/100\n|-unboost|p1a: Gotta Sweep|spa|2\n|move|p2a: Garganacl|Recover|p2a: Garganacl\n|-heal|p2a: Garganacl|53\/100\n|\n|-heal|p2a: Garganacl|59\/100|[from] item: Leftovers\n|-damage|p1a: Gotta Sweep|56\/100|[from] Salt Cure\n|-damage|p2a: Garganacl|34\/100|[from] Salt Cure\n|upkeep\n|turn|18\n|\n|t:|1700688392\n|move|p1a: Gotta Sweep|Draco Meteor|p2a: Garganacl\n|-damage|p2a: Garganacl|7\/100\n|-unboost|p1a: Gotta Sweep|spa|2\n|move|p2a: Garganacl|Recover|p2a: Garganacl\n|-heal|p2a: Garganacl|57\/100\n|\n|-heal|p2a: Garganacl|63\/100|[from] item: Leftovers\n|-damage|p1a: Gotta Sweep|44\/100|[from] Salt Cure\n|-damage|p2a: Garganacl|38\/100|[from] Salt Cure\n|upkeep\n|turn|19\n|\n|t:|1700688395\n|move|p1a: Gotta Sweep|Draco Meteor|p2a: Garganacl\n|-damage|p2a: Garganacl|20\/100\n|-unboost|p1a: Gotta Sweep|spa|2\n|move|p2a: Garganacl|Recover|p2a: Garganacl\n|-heal|p2a: Garganacl|70\/100\n|\n|-heal|p2a: Garganacl|76\/100|[from] item: Leftovers\n|-damage|p1a: Gotta Sweep|31\/100|[from] Salt Cure\n|-damage|p2a: Garganacl|51\/100|[from] Salt Cure\n|upkeep\n|turn|20\n|\n|t:|1700688399\n|move|p1a: Gotta Sweep|Draco Meteor|p2a: Garganacl\n|-damage|p2a: Garganacl|39\/100\n|move|p2a: Garganacl|Recover|p2a: Garganacl\n|-heal|p2a: Garganacl|89\/100\n|\n|-heal|p2a: Garganacl|95\/100|[from] item: Leftovers\n|-damage|p1a: Gotta Sweep|19\/100|[from] Salt Cure\n|-damage|p2a: Garganacl|70\/100|[from] Salt Cure\n|upkeep\n|turn|21\n|\n|t:|1700688403\n|move|p1a: Gotta Sweep|Draco Meteor|p2a: Garganacl\n|-damage|p2a: Garganacl|56\/100\n|move|p2a: Garganacl|Salt Cure|p1a: Gotta Sweep\n|-damage|p1a: Gotta Sweep|0 fnt\n|faint|p1a: Gotta Sweep\n|\n|-heal|p2a: Garganacl|62\/100|[from] item: Leftovers\n|-damage|p2a: Garganacl|37\/100|[from] Salt Cure\n|upkeep\n|\n|t:|1700688407\n|switch|p1a: Solarflare|Iron Moth|100\/100\n|-enditem|p1a: Solarflare|Booster Energy\n|-activate|p1a: Solarflare|ability: Quark Drive|[fromitem]\n|-start|p1a: Solarflare|quarkdrivespe\n|turn|22\n|\n|t:|1700688412\n|move|p1a: Solarflare|Energy Ball|p2a: Garganacl\n|-supereffective|p2a: Garganacl\n|-damage|p2a: Garganacl|0 fnt\n|faint|p2a: Garganacl\n|\n|upkeep\n|\n|t:|1700688431\n|switch|p2a: Glimmora|Glimmora, M|100\/100\n|-damage|p2a: Glimmora|88\/100|[from] Stealth Rock\n|turn|23\n|\n|t:|1700688454\n|move|p1a: Solarflare|Fiery Dance|p2a: Glimmora\n|-resisted|p2a: Glimmora\n|-damage|p2a: Glimmora|58\/100\n|-boost|p1a: Solarflare|spa|1\n|move|p2a: Glimmora|Power Gem|p1a: Solarflare\n|-supereffective|p1a: Solarflare\n|-damage|p1a: Solarflare|13\/100\n|\n|upkeep\n|turn|24\n|\n|t:|1700688461\n|move|p1a: Solarflare|Sludge Wave|p2a: Glimmora\n|-resisted|p2a: Glimmora\n|-damage|p2a: Glimmora|31\/100\n|move|p2a: Glimmora|Power Gem|p1a: Solarflare\n|-supereffective|p1a: Solarflare\n|-damage|p1a: Solarflare|0 fnt\n|faint|p1a: Solarflare\n|-end|p1a: Solarflare|Quark Drive|[silent]\n|\n|upkeep\n|\n|t:|1700688464\n|switch|p1a: Wall|Garganacl, M|88\/100\n|turn|25\n|\n|t:|1700688492\n|switch|p2a: Corviknight|Corviknight, M|100\/100\n|-damage|p2a: Corviknight|88\/100|[from] Stealth Rock\n|move|p1a: Wall|Salt Cure|p2a: Corviknight\n|-damage|p2a: Corviknight|80\/100\n|-start|p2a: Corviknight|Salt Cure\n|\n|-heal|p1a: Wall|94\/100|[from] item: Leftovers\n|-damage|p2a: Corviknight|55\/100|[from] Salt Cure\n|upkeep\n|turn|26\n|\n|t:|1700688499\n|move|p2a: Corviknight|Body Press|p1a: Wall\n|-supereffective|p1a: Wall\n|-damage|p1a: Wall|68\/100\n|move|p1a: Wall|Stealth Rock||[still]\n|-fail|p1a: Wall\n|\n|-heal|p1a: Wall|74\/100|[from] item: Leftovers\n|-damage|p2a: Corviknight|30\/100|[from] Salt Cure\n|upkeep\n|turn|27\n|\n|t:|1700688508\n|move|p1a: Wall|Protect|p1a: Wall\n|-singleturn|p1a: Wall|Protect\n|move|p2a: Corviknight|Roost|p2a: Corviknight\n|-heal|p2a: Corviknight|80\/100\n|-singleturn|p2a: Corviknight|move: Roost\n|\n|-heal|p1a: Wall|80\/100|[from] item: Leftovers\n|-damage|p2a: Corviknight|55\/100|[from] Salt Cure\n|upkeep\n|turn|28\n|\n|t:|1700688516\n|move|p2a: Corviknight|Roost|p2a: Corviknight\n|-heal|p2a: Corviknight|100\/100\n|-singleturn|p2a: Corviknight|move: Roost\n|move|p1a: Wall|Salt Cure|p2a: Corviknight\n|-resisted|p2a: Corviknight\n|-damage|p2a: Corviknight|96\/100\n|\n|-heal|p1a: Wall|87\/100|[from] item: Leftovers\n|-damage|p2a: Corviknight|71\/100|[from] Salt Cure\n|upkeep\n|turn|29\n|\n|t:|1700688522\n|move|p2a: Corviknight|Defog|p1a: Wall\n|-unboost|p1a: Wall|evasion|1\n|-sideend|p2: Golemfan789|Stealth Rock|[from] move: Defog|[of] p2a: Corviknight\n|move|p1a: Wall|Salt Cure|p2a: Corviknight\n|-damage|p2a: Corviknight|62\/100\n|\n|-heal|p1a: Wall|93\/100|[from] item: Leftovers\n|-damage|p2a: Corviknight|37\/100|[from] Salt Cure\n|upkeep\n|turn|30\n|\n|t:|1700688527\n|move|p2a: Corviknight|Roost|p2a: Corviknight\n|-heal|p2a: Corviknight|87\/100\n|-singleturn|p2a: Corviknight|move: Roost\n|move|p1a: Wall|Stealth Rock|p2a: Corviknight\n|-sidestart|p2: Golemfan789|move: Stealth Rock\n|\n|-heal|p1a: Wall|99\/100|[from] item: Leftovers\n|-damage|p2a: Corviknight|62\/100|[from] Salt Cure\n|upkeep\n|turn|31\n|\n|t:|1700688536\n|move|p1a: Wall|Protect|p1a: Wall\n|-singleturn|p1a: Wall|Protect\n|move|p2a: Corviknight|Body Press|p1a: Wall\n|-activate|p1a: Wall|move: Protect\n|\n|-heal|p1a: Wall|100\/100|[from] item: Leftovers\n|-damage|p2a: Corviknight|37\/100|[from] Salt Cure\n|upkeep\n|turn|32\n|\n|t:|1700688542\n|move|p2a: Corviknight|Roost|p2a: Corviknight\n|-heal|p2a: Corviknight|87\/100\n|-singleturn|p2a: Corviknight|move: Roost\n|move|p1a: Wall|Salt Cure|p2a: Corviknight\n|-resisted|p2a: Corviknight\n|-damage|p2a: Corviknight|83\/100\n|\n|-damage|p2a: Corviknight|58\/100|[from] Salt Cure\n|upkeep\n|turn|33\n|\n|t:|1700688547\n|move|p1a: Wall|Protect|p1a: Wall\n|-singleturn|p1a: Wall|Protect\n|move|p2a: Corviknight|Defog|p1a: Wall\n|-activate|p1a: Wall|move: Protect\n|\n|-damage|p2a: Corviknight|33\/100|[from] Salt Cure\n|upkeep\n|turn|34\n|\n|t:|1700688553\n|move|p2a: Corviknight|Roost|p2a: Corviknight\n|-heal|p2a: Corviknight|83\/100\n|-singleturn|p2a: Corviknight|move: Roost\n|move|p1a: Wall|Stealth Rock||[still]\n|-fail|p1a: Wall\n|\n|-damage|p2a: Corviknight|58\/100|[from] Salt Cure\n|upkeep\n|turn|35\n|\n|t:|1700688558\n|move|p2a: Corviknight|Roost|p2a: Corviknight\n|-heal|p2a: Corviknight|100\/100\n|-singleturn|p2a: Corviknight|move: Roost\n|move|p1a: Wall|Salt Cure|p2a: Corviknight\n|-resisted|p2a: Corviknight\n|-damage|p2a: Corviknight|97\/100\n|\n|-damage|p2a: Corviknight|72\/100|[from] Salt Cure\n|upkeep\n|turn|36\n|\n|t:|1700688567\n|switch|p2a: Glimmora|Glimmora, M|31\/100\n|-damage|p2a: Glimmora|18\/100|[from] Stealth Rock\n|move|p1a: Wall|Stealth Rock||[still]\n|-fail|p1a: Wall\n|\n|upkeep\n|turn|37\n|\n|t:|1700688575\n|move|p2a: Glimmora|Stealth Rock|p1a: Wall\n|-sidestart|p1: Docter_Peng99|move: Stealth Rock\n|move|p1a: Wall|Salt Cure|p2a: Glimmora\n|-damage|p2a: Glimmora|2\/100\n|-start|p2a: Glimmora|Salt Cure\n|\n|-damage|p2a: Glimmora|0 fnt|[from] Salt Cure\n|faint|p2a: Glimmora\n|upkeep\n|\n|t:|1700688582\n|switch|p2a: Greninja|Greninja, M|100\/100\n|turn|38\n|\n|t:|1700688586\n|-terastallize|p1a: Wall|Water\n|move|p2a: Greninja|Surf|p1a: Wall\n|-resisted|p1a: Wall\n|-damage|p1a: Wall|82\/100\n|move|p1a: Wall|Salt Cure|p2a: Greninja\n|-damage|p2a: Greninja|77\/100\n|-start|p2a: Greninja|Salt Cure\n|\n|-heal|p1a: Wall|89\/100|[from] item: Leftovers\n|-damage|p2a: Greninja|52\/100|[from] Salt Cure\n|upkeep\n|turn|39\n|\n|t:|1700688602\n|move|p1a: Wall|Protect|p1a: Wall\n|-singleturn|p1a: Wall|Protect\n|move|p2a: Greninja|Dark Pulse|p1a: Wall\n|-activate|p1a: Wall|move: Protect\n|\n|-heal|p1a: Wall|95\/100|[from] item: Leftovers\n|-damage|p2a: Greninja|28\/100|[from] Salt Cure\n|upkeep\n|turn|40\n|\n|t:|1700688607\n|move|p2a: Greninja|Dark Pulse|p1a: Wall\n|-damage|p1a: Wall|63\/100\n|move|p1a: Wall|Recover|p1a: Wall\n|-heal|p1a: Wall|100\/100\n|\n|-damage|p2a: Greninja|3\/100|[from] Salt Cure\n|upkeep\n|turn|41\n|\n|t:|1700688614\n|switch|p2a: Corviknight|Corviknight, M|72\/100\n|-damage|p2a: Corviknight|59\/100|[from] Stealth Rock\n|move|p1a: Wall|Protect||[still]\n|-fail|p1a: Wall\n|\n|upkeep\n|turn|42\n|\n|t:|1700688623\n|move|p2a: Corviknight|U-turn|p1a: Wall\n|-damage|p1a: Wall|93\/100\n|\n|t:|1700688626\n|switch|p2a: Iron Valiant|Iron Valiant|100\/100|[from] U-turn\n|-damage|p2a: Iron Valiant|94\/100|[from] Stealth Rock\n|move|p1a: Wall|Salt Cure|p2a: Iron Valiant\n|-resisted|p2a: Iron Valiant\n|-damage|p2a: Iron Valiant|86\/100\n|-start|p2a: Iron Valiant|Salt Cure\n|\n|-heal|p1a: Wall|99\/100|[from] item: Leftovers\n|-damage|p2a: Iron Valiant|74\/100|[from] Salt Cure\n|upkeep\n|turn|43\n|\n|t:|1700688634\n|move|p1a: Wall|Protect|p1a: Wall\n|-singleturn|p1a: Wall|Protect\n|move|p2a: Iron Valiant|Thunderbolt|p1a: Wall\n|-activate|p1a: Wall|move: Protect\n|\n|-heal|p1a: Wall|100\/100|[from] item: Leftovers\n|-damage|p2a: Iron Valiant|61\/100|[from] Salt Cure\n|upkeep\n|turn|44\n|\n|t:|1700688641\n|move|p2a: Iron Valiant|Thunderbolt|p1a: Wall\n|-supereffective|p1a: Wall\n|-damage|p1a: Wall|50\/100\n|move|p1a: Wall|Recover|p1a: Wall\n|-heal|p1a: Wall|99\/100\n|\n|-heal|p1a: Wall|100\/100|[from] item: Leftovers\n|-damage|p2a: Iron Valiant|49\/100|[from] Salt Cure\n|upkeep\n|turn|45\n|\n|t:|1700688645\n|move|p2a: Iron Valiant|Thunderbolt|p1a: Wall\n|-supereffective|p1a: Wall\n|-damage|p1a: Wall|47\/100\n|move|p1a: Wall|Salt Cure|p2a: Iron Valiant\n|-resisted|p2a: Iron Valiant\n|-damage|p2a: Iron Valiant|40\/100\n|\n|-heal|p1a: Wall|53\/100|[from] item: Leftovers\n|-damage|p2a: Iron Valiant|28\/100|[from] Salt Cure\n|upkeep\n|turn|46\n|\n|t:|1700688649\n|move|p2a: Iron Valiant|Thunderbolt|p1a: Wall\n|-supereffective|p1a: Wall\n|-damage|p1a: Wall|2\/100\n|move|p1a: Wall|Recover|p1a: Wall\n|-heal|p1a: Wall|52\/100\n|\n|-heal|p1a: Wall|58\/100|[from] item: Leftovers\n|-damage|p2a: Iron Valiant|15\/100|[from] Salt Cure\n|upkeep\n|turn|47\n|\n|t:|1700688652\n|move|p2a: Iron Valiant|Thunderbolt|p1a: Wall\n|-supereffective|p1a: Wall\n|-damage|p1a: Wall|3\/100\n|move|p1a: Wall|Recover|p1a: Wall\n|-heal|p1a: Wall|53\/100\n|\n|-heal|p1a: Wall|59\/100|[from] item: Leftovers\n|-damage|p2a: Iron Valiant|3\/100|[from] Salt Cure\n|upkeep\n|turn|48\n|\n|t:|1700688656\n|move|p1a: Wall|Protect|p1a: Wall\n|-singleturn|p1a: Wall|Protect\n|move|p2a: Iron Valiant|Thunderbolt|p1a: Wall\n|-activate|p1a: Wall|move: Protect\n|\n|-heal|p1a: Wall|65\/100|[from] item: Leftovers\n|-damage|p2a: Iron Valiant|0 fnt|[from] Salt Cure\n|faint|p2a: Iron Valiant\n|-end|p2a: Iron Valiant|Quark Drive|[silent]\n|upkeep\n|-message|Golemfan789 forfeited.\n|\n|win|Docter_Peng99\n|raw|Docter_Peng99's rating: 1389 &rarr; <strong>1410<\/strong><br \/>(+21 for winning)\n|raw|Golemfan789's rating: 1415 &rarr; <strong>1394<\/strong><br \/>(-21 for losing)\n|l|\u2606Golemfan789\n","uploadtime":1700688689,"views":3,"p1id":"docterpeng99","p2id":"golemfan789","formatid":"gen9ou","rating":1394,"private":0,"password":""}