{"id":"gen9ou-1995678526","p1":"Xanxus90","p2":"danswer","format":"[Gen 9] OU","log":"|j|\u2606Xanxus90\n|j|\u2606danswer\n|t:|1700593228\n|gametype|singles\n|player|p1|Xanxus90|hugh|1170\n|player|p2|danswer|169|1236\n|teamsize|p1|6\n|teamsize|p2|6\n|gen|9\n|tier|[Gen 9] OU\n|rated|\n|rule|Sleep Clause Mod: Limit one foe put to sleep\n|rule|Species Clause: Limit one of each Pok\u00e9mon\n|rule|OHKO Clause: OHKO moves are banned\n|rule|Evasion Items Clause: Evasion items are banned\n|rule|Evasion Moves Clause: Evasion moves are banned\n|rule|Endless Battle Clause: Forcing endless battles is banned\n|rule|HP Percentage Mod: HP is shown in percentages\n|clearpoke\n|poke|p1|Walking Wake|\n|poke|p1|Mimikyu, M|\n|poke|p1|Sandy Shocks|\n|poke|p1|Torkoal, M|\n|poke|p1|Corviknight, M|\n|poke|p1|Brute Bonnet|\n|poke|p2|Toxapex, M|\n|poke|p2|Chesnaught, M|\n|poke|p2|Blissey, F|\n|poke|p2|Garganacl, M|\n|poke|p2|Gastrodon, M|\n|poke|p2|Rotom-Heat|\n|teampreview\n|inactive|Battle timer is ON: inactive players will automatically lose when time's up. (requested by Xanxus90)\n|\n|t:|1700593257\n|start\n|switch|p1a: Torkoal|Torkoal, M|100\/100\n|switch|p2a: Rotom|Rotom-Heat|100\/100\n|-weather|SunnyDay|[from] ability: Drought|[of] p1a: Torkoal\n|turn|1\n|\n|t:|1700593270\n|switch|p1a: Sandy Shocks|Sandy Shocks, shiny|100\/100\n|-activate|p1a: Sandy Shocks|ability: Protosynthesis\n|-start|p1a: Sandy Shocks|protosynthesisspe\n|move|p2a: Rotom|Discharge|p1a: Sandy Shocks\n|-immune|p1a: Sandy Shocks\n|\n|-weather|SunnyDay|[upkeep]\n|upkeep\n|turn|2\n|\n|t:|1700593286\n|-end|p1a: Sandy Shocks|Protosynthesis|[silent]\n|switch|p1a: Walking Wake|Walking Wake|100\/100\n|-activate|p1a: Walking Wake|ability: Protosynthesis\n|-start|p1a: Walking Wake|protosynthesisspe\n|switch|p2a: Gastrodon|Gastrodon, M|100\/100\n|\n|-weather|SunnyDay|[upkeep]\n|upkeep\n|turn|3\n|\n|t:|1700593303\n|-end|p1a: Walking Wake|Protosynthesis|[silent]\n|switch|p1a: Brute Bonnet|Brute Bonnet, shiny|100\/100\n|-activate|p1a: Brute Bonnet|ability: Protosynthesis\n|-start|p1a: Brute Bonnet|protosynthesisatk\n|move|p2a: Gastrodon|Stealth Rock|p1a: Brute Bonnet\n|-sidestart|p1: Xanxus90|move: Stealth Rock\n|\n|-weather|SunnyDay|[upkeep]\n|upkeep\n|turn|4\n|\n|t:|1700593313\n|switch|p2a: Chesnaught|Chesnaught, M|100\/100\n|move|p1a: Brute Bonnet|Bullet Seed|p2a: Chesnaught\n|-immune|p2a: Chesnaught|[from] ability: Bulletproof\n|\n|-weather|SunnyDay|[upkeep]\n|upkeep\n|turn|5\n|\n|t:|1700593321\n|-end|p1a: Brute Bonnet|Protosynthesis|[silent]\n|switch|p1a: Corviknight|Corviknight, M, shiny|100\/100\n|-damage|p1a: Corviknight|88\/100|[from] Stealth Rock\n|-ability|p1a: Corviknight|Pressure\n|move|p2a: Chesnaught|Knock Off|p1a: Corviknight\n|-damage|p1a: Corviknight|70\/100\n|-enditem|p1a: Corviknight|Covert Cloak|[from] move: Knock Off|[of] p2a: Chesnaught\n|\n|-weather|SunnyDay|[upkeep]\n|upkeep\n|turn|6\n|\n|t:|1700593330\n|move|p1a: Corviknight|Roost|p1a: Corviknight\n|-heal|p1a: Corviknight|100\/100\n|-singleturn|p1a: Corviknight|move: Roost\n|move|p2a: Chesnaught|Leech Seed|p1a: Corviknight\n|-start|p1a: Corviknight|move: Leech Seed\n|\n|-weather|SunnyDay|[upkeep]\n|-damage|p1a: Corviknight|88\/100|[from] Leech Seed|[of] p2a: Chesnaught\n|upkeep\n|turn|7\n|\n|t:|1700593338\n|switch|p2a: Rotom|Rotom-Heat|100\/100\n|move|p1a: Corviknight|U-turn|p2a: Rotom\n|-resisted|p2a: Rotom\n|-damage|p2a: Rotom|93\/100\n|\n|t:|1700593366\n|switch|p1a: Sandy Shocks|Sandy Shocks, shiny|100\/100|[from] U-turn\n|-damage|p1a: Sandy Shocks|94\/100|[from] Stealth Rock\n|-activate|p1a: Sandy Shocks|ability: Protosynthesis\n|-start|p1a: Sandy Shocks|protosynthesisspe\n|\n|-weather|SunnyDay|[upkeep]\n|-heal|p1a: Sandy Shocks|100\/100|[from] item: Leftovers\n|upkeep\n|turn|8\n|\n|t:|1700593384\n|move|p1a: Sandy Shocks|Spikes|p2a: Rotom\n|-sidestart|p2: danswer|Spikes\n|move|p2a: Rotom|Will-O-Wisp|p1a: Sandy Shocks\n|-status|p1a: Sandy Shocks|brn\n|\n|-weather|none\n|-end|p1a: Sandy Shocks|Protosynthesis\n|-damage|p1a: Sandy Shocks|94\/100 brn|[from] brn\n|upkeep\n|turn|9\n|\n|t:|1700593398\n|switch|p2a: Blissey|Blissey, F|100\/100\n|move|p1a: Sandy Shocks|Thunderbolt|p2a: Blissey\n|-damage|p2a: Blissey|88\/100\n|\n|-heal|p1a: Sandy Shocks|100\/100 brn|[from] item: Leftovers\n|-damage|p1a: Sandy Shocks|94\/100 brn|[from] brn\n|upkeep\n|turn|10\n|\n|t:|1700593406\n|-end|p1a: Sandy Shocks|Protosynthesis|[silent]\n|switch|p1a: Mimikyu|Mimikyu, M, shiny|100\/100\n|-damage|p1a: Mimikyu|88\/100|[from] Stealth Rock\n|move|p2a: Blissey|Seismic Toss|p1a: Mimikyu\n|-immune|p1a: Mimikyu\n|\n|upkeep\n|turn|11\n|inactive|Xanxus90 has 120 seconds left.\n|\n|t:|1700593429\n|switch|p2a: Toxapex|Toxapex, M|100\/100\n|-damage|p2a: Toxapex|88\/100|[from] Spikes\n|move|p1a: Mimikyu|Swords Dance|p1a: Mimikyu\n|-boost|p1a: Mimikyu|atk|2\n|\n|-heal|p2a: Toxapex|94\/100|[from] item: Black Sludge\n|upkeep\n|turn|12\n|inactive|Xanxus90 has 120 seconds left.\n|\n|t:|1700593445\n|move|p1a: Mimikyu|Play Rough|p2a: Toxapex\n|-resisted|p2a: Toxapex\n|-damage|p2a: Toxapex|63\/100\n|-damage|p1a: Mimikyu|78\/100|[from] item: Life Orb\n|move|p2a: Toxapex|Infestation|p1a: Mimikyu\n|-activate|p1a: Mimikyu|ability: Disguise\n|-damage|p1a: Mimikyu|78\/100\n|-activate|p1a: Mimikyu|move: Infestation|[of] p2a: Toxapex\n|detailschange|p1a: Mimikyu|Mimikyu-Busted, M, shiny\n|-damage|p1a: Mimikyu|66\/100|[from] pokemon: Mimikyu-Busted\n|\n|-heal|p2a: Toxapex|70\/100|[from] item: Black Sludge\n|-damage|p1a: Mimikyu|53\/100|[from] move: Infestation|[partiallytrapped]\n|upkeep\n|turn|13\n|inactive|Xanxus90 has 120 seconds left.\n|\n|t:|1700593464\n|switch|p1a: Corviknight|Corviknight, M, shiny|88\/100\n|-damage|p1a: Corviknight|76\/100|[from] Stealth Rock\n|-ability|p1a: Corviknight|Pressure\n|move|p2a: Toxapex|Baneful Bunker||[still]\n|-fail|p2a: Toxapex\n|\n|-heal|p2a: Toxapex|76\/100|[from] item: Black Sludge\n|upkeep\n|turn|14\n|\n|t:|1700593486\n|switch|p2a: Rotom|Rotom-Heat|93\/100\n|move|p1a: Corviknight|U-turn|p2a: Rotom\n|-resisted|p2a: Rotom\n|-damage|p2a: Rotom|86\/100\n|\n|t:|1700593493\n|switch|p1a: Torkoal|Torkoal, M|100\/100|[from] U-turn\n|-damage|p1a: Torkoal|76\/100|[from] Stealth Rock\n|-weather|SunnyDay|[from] ability: Drought|[of] p1a: Torkoal\n|\n|-weather|SunnyDay|[upkeep]\n|upkeep\n|turn|15\n|inactive|Xanxus90 has 90 seconds left.\n|\n|t:|1700593524\n|move|p2a: Rotom|Discharge|p1a: Torkoal\n|-damage|p1a: Torkoal|37\/100\n|move|p1a: Torkoal|Rapid Spin|p2a: Rotom\n|-damage|p2a: Rotom|76\/100\n|-boost|p1a: Torkoal|spe|1\n|-sideend|p1: Xanxus90|Stealth Rock|[from] move: Rapid Spin|[of] p1a: Torkoal\n|\n|-weather|SunnyDay|[upkeep]\n|upkeep\n|turn|16\n|inactive|Xanxus90 has 60 seconds left.\n|\n|t:|1700593580\n|switch|p1a: Mimikyu|Mimikyu-Busted, M, shiny|53\/100\n|move|p2a: Rotom|Overheat|p1a: Mimikyu\n|-damage|p1a: Mimikyu|0 fnt\n|-unboost|p2a: Rotom|spa|2\n|faint|p1a: Mimikyu\n|\n|-weather|SunnyDay|[upkeep]\n|upkeep\n|\n|t:|1700593589\n|switch|p1a: Walking Wake|Walking Wake|100\/100\n|-activate|p1a: Walking Wake|ability: Protosynthesis\n|-start|p1a: Walking Wake|protosynthesisspe\n|turn|17\n|\n|t:|1700593597\n|switch|p2a: Blissey|Blissey, F|88\/100\n|move|p1a: Walking Wake|Hydro Steam|p2a: Blissey\n|-damage|p2a: Blissey|63\/100\n|\n|-weather|SunnyDay|[upkeep]\n|upkeep\n|turn|18\n|\n|t:|1700593611\n|-end|p1a: Walking Wake|Protosynthesis|[silent]\n|switch|p1a: Brute Bonnet|Brute Bonnet, shiny|100\/100\n|-activate|p1a: Brute Bonnet|ability: Protosynthesis\n|-start|p1a: Brute Bonnet|protosynthesisatk\n|move|p2a: Blissey|Stealth Rock|p1a: Brute Bonnet\n|-sidestart|p1: Xanxus90|move: Stealth Rock\n|\n|-weather|SunnyDay|[upkeep]\n|upkeep\n|turn|19\n|\n|t:|1700593619\n|switch|p2a: Chesnaught|Chesnaught, M|100\/100\n|-damage|p2a: Chesnaught|88\/100|[from] Spikes\n|move|p1a: Brute Bonnet|Growth|p1a: Brute Bonnet\n|-boost|p1a: Brute Bonnet|atk|2\n|-boost|p1a: Brute Bonnet|spa|2\n|\n|-weather|SunnyDay|[upkeep]\n|upkeep\n|turn|20\n|\n|t:|1700593629\n|-terastallize|p1a: Brute Bonnet|Fire\n|move|p1a: Brute Bonnet|Tera Blast|p2a: Chesnaught|[anim] Tera Blast Fire\n|-supereffective|p2a: Chesnaught\n|-damage|p2a: Chesnaught|0 fnt\n|faint|p2a: Chesnaught\n|\n|-weather|SunnyDay|[upkeep]\n|upkeep\n|\n|t:|1700593645\n|switch|p2a: Blissey|Blissey, F|63\/100\n|turn|21\n|inactive|Xanxus90 has 60 seconds left.\n|\n|t:|1700593654\n|move|p1a: Brute Bonnet|Tera Blast|p2a: Blissey|[anim] Tera Blast Fire\n|-damage|p2a: Blissey|0 fnt\n|faint|p2a: Blissey\n|\n|-weather|none\n|-end|p1a: Brute Bonnet|Protosynthesis\n|upkeep\n|inactive|danswer has 120 seconds left.\n|inactive|danswer has 90 seconds left.\n|inactive|danswer has 60 seconds left.\n|inactive|danswer has 30 seconds left.\n|n|!Xanxus90|xanxus90\n|\n|t:|1700593784\n|switch|p2a: Rotom|Rotom-Heat|76\/100\n|turn|22\n|inactive|danswer has 30 seconds left.\n|inactive|Xanxus90 has 60 seconds left.\n|\n|t:|1700593806\n|move|p1a: Brute Bonnet|Growth|p1a: Brute Bonnet\n|-boost|p1a: Brute Bonnet|atk|1\n|-boost|p1a: Brute Bonnet|spa|1\n|move|p2a: Rotom|Discharge|p1a: Brute Bonnet\n|-damage|p1a: Brute Bonnet|74\/100\n|\n|upkeep\n|turn|23\n|inactive|Xanxus90 has 60 seconds left.\n|inactive|danswer has 30 seconds left.\n|inactive|danswer has 20 seconds left.\n|inactive|danswer has 15 seconds left.\n|inactive|danswer has 10 seconds left.\n|inactive|danswer has 5 seconds left.\n|-message|danswer lost due to inactivity.\n|\n|win|Xanxus90\n|raw|Xanxus90's rating: 1170 &rarr; <strong>1200<\/strong><br \/>(+30 for winning)\n|raw|danswer's rating: 1236 &rarr; <strong>1206<\/strong><br \/>(-30 for losing)\n","uploadtime":1700593783,"views":1,"p1id":"xanxus90","p2id":"danswer","formatid":"gen9ou","rating":1200,"private":0,"password":""}