{"id":"gen9ou-1989639309","p1":"Masterod","p2":"Leonard25","format":"[Gen 9] OU","log":"|j|\u2606Masterod\n|j|\u2606Leonard25\n|t:|1699882007\n|gametype|singles\n|player|p1|Masterod|leon|1119\n|player|p2|Leonard25|2|1122\n|teamsize|p1|6\n|teamsize|p2|6\n|gen|9\n|tier|[Gen 9] OU\n|rated|\n|rule|Sleep Clause Mod: Limit one foe put to sleep\n|rule|Species Clause: Limit one of each Pok\u00e9mon\n|rule|OHKO Clause: OHKO moves are banned\n|rule|Evasion Items Clause: Evasion items are banned\n|rule|Evasion Moves Clause: Evasion moves are banned\n|rule|Endless Battle Clause: Forcing endless battles is banned\n|rule|HP Percentage Mod: HP is shown in percentages\n|clearpoke\n|poke|p1|Grafaiai, M|\n|poke|p1|Gholdengo|\n|poke|p1|Landorus-Therian, M|\n|poke|p1|Walking Wake|\n|poke|p1|Clefable, F|\n|poke|p1|Cinderace, M|\n|poke|p2|Ambipom, M|\n|poke|p2|Sinistcha-Masterpiece|\n|poke|p2|Espeon, F|\n|poke|p2|Ursaluna, F|\n|poke|p2|Scizor, M|\n|poke|p2|Toxtricity-Low-Key, F|\n|teampreview\n|\n|t:|1699882017\n|start\n|switch|p1a: VGC nightmare|Landorus-Therian, M|100\/100\n|switch|p2a: Espeon|Espeon, F|100\/100\n|-ability|p1a: VGC nightmare|Intimidate|boost\n|-unboost|p2a: Espeon|atk|1\n|turn|1\n|\n|t:|1699882024\n|move|p2a: Espeon|Psychic|p1a: VGC nightmare\n|-damage|p1a: VGC nightmare|18\/100\n|-unboost|p1a: VGC nightmare|spd|1\n|-damage|p2a: Espeon|91\/100|[from] item: Life Orb\n|move|p1a: VGC nightmare|U-turn|p2a: Espeon\n|-supereffective|p2a: Espeon\n|-damage|p2a: Espeon|0 fnt\n|faint|p2a: Espeon\n|\n|t:|1699882032\n|switch|p1a: Maurice|Grafaiai, M|100\/100|[from] U-turn\n|\n|upkeep\n|\n|t:|1699882042\n|switch|p2a: Ambipom|Ambipom, M|100\/100\n|turn|2\n|\n|t:|1699882046\n|move|p2a: Ambipom|Fake Out|p1a: Maurice\n|-damage|p1a: Maurice|39\/100\n|-damage|p2a: Ambipom|91\/100|[from] item: Life Orb\n|cant|p1a: Maurice|flinch\n|\n|upkeep\n|turn|3\n|\n|t:|1699882054\n|move|p2a: Ambipom|Knock Off|p1a: Maurice\n|-damage|p1a: Maurice|0 fnt\n|-enditem|p1a: Maurice|Mirror Herb|[from] move: Knock Off|[of] p2a: Ambipom\n|faint|p1a: Maurice\n|-damage|p2a: Ambipom|81\/100|[from] item: Life Orb\n|\n|upkeep\n|\n|t:|1699882061\n|switch|p1a: Goldie|Gholdengo|100\/100\n|turn|4\n|\n|t:|1699882066\n|-terastallize|p1a: Goldie|Steel\n|move|p1a: Goldie|Make It Rain|p2a: Ambipom\n|-damage|p2a: Ambipom|0 fnt\n|-unboost|p1a: Goldie|spa|1\n|faint|p2a: Ambipom\n|\n|upkeep\n|\n|t:|1699882076\n|switch|p2a: Ursaluna|Ursaluna, F|100\/100\n|turn|5\n|\n|t:|1699882082\n|switch|p1a: VGC nightmare|Landorus-Therian, M|18\/100\n|-ability|p1a: VGC nightmare|Intimidate|boost\n|-unboost|p2a: Ursaluna|atk|1\n|move|p2a: Ursaluna|Avalanche|p1a: VGC nightmare\n|-supereffective|p1a: VGC nightmare\n|-damage|p1a: VGC nightmare|0 fnt\n|faint|p1a: VGC nightmare\n|\n|-status|p2a: Ursaluna|brn|[from] item: Flame Orb\n|upkeep\n|\n|t:|1699882091\n|switch|p1a: Azulong|Walking Wake|100\/100\n|-enditem|p1a: Azulong|Booster Energy\n|-activate|p1a: Azulong|ability: Protosynthesis|[fromitem]\n|-start|p1a: Azulong|protosynthesisspa\n|turn|6\n|\n|t:|1699882101\n|switch|p2a: Scizor|Scizor, M|100\/100\n|move|p1a: Azulong|Hydro Pump|p2a: Scizor\n|-damage|p2a: Scizor|13\/100\n|\n|upkeep\n|turn|7\n|\n|t:|1699882108\n|move|p2a: Scizor|Bullet Punch|p1a: Azulong\n|-resisted|p1a: Azulong\n|-damage|p1a: Azulong|76\/100\n|-damage|p2a: Scizor|3\/100|[from] item: Life Orb\n|move|p1a: Azulong|Flamethrower|p2a: Scizor\n|-supereffective|p2a: Scizor\n|-damage|p2a: Scizor|0 fnt\n|faint|p2a: Scizor\n|\n|upkeep\n|\n|t:|1699882114\n|switch|p2a: Ursaluna|Ursaluna, F|100\/100 brn\n|turn|8\n|\n|t:|1699882120\n|-terastallize|p2a: Ursaluna|Ghost\n|move|p1a: Azulong|Hydro Pump|p2a: Ursaluna\n|-damage|p2a: Ursaluna|34\/100 brn\n|move|p2a: Ursaluna|Facade|p1a: Azulong\n|-damage|p1a: Azulong|0 fnt\n|faint|p1a: Azulong\n|-end|p1a: Azulong|Protosynthesis|[silent]\n|\n|-damage|p2a: Ursaluna|28\/100 brn|[from] brn\n|upkeep\n|\n|t:|1699882128\n|switch|p1a: Goldie|Gholdengo, tera:Steel|100\/100\n|turn|9\n|\n|t:|1699882139\n|switch|p2a: Sinistcha|Sinistcha-Masterpiece|100\/100\n|move|p1a: Goldie|Shadow Ball|p2a: Sinistcha\n|-supereffective|p2a: Sinistcha\n|-damage|p2a: Sinistcha|3\/100\n|\n|-heal|p2a: Sinistcha|9\/100|[from] item: Leftovers\n|upkeep\n|turn|10\n|\n|t:|1699882147\n|move|p1a: Goldie|Shadow Ball|p2a: Sinistcha\n|-supereffective|p2a: Sinistcha\n|-damage|p2a: Sinistcha|0 fnt\n|faint|p2a: Sinistcha\n|\n|upkeep\n|\n|t:|1699882152\n|switch|p2a: Toxtricity|Toxtricity-Low-Key, F|100\/100\n|turn|11\n|\n|t:|1699882158\n|move|p1a: Goldie|Shadow Ball|p2a: Toxtricity\n|-damage|p2a: Toxtricity|61\/100\n|-unboost|p2a: Toxtricity|spd|1\n|move|p2a: Toxtricity|Nuzzle|p1a: Goldie\n|-damage|p1a: Goldie|93\/100\n|-status|p1a: Goldie|par\n|\n|upkeep\n|turn|12\n|\n|t:|1699882167\n|switch|p1a: Danna Paola|Clefable, F|100\/100\n|move|p2a: Toxtricity|Nuzzle|p1a: Danna Paola\n|-damage|p1a: Danna Paola|93\/100\n|-status|p1a: Danna Paola|par\n|\n|-heal|p1a: Danna Paola|99\/100 par|[from] item: Leftovers\n|upkeep\n|turn|13\n|\n|t:|1699882176\n|move|p2a: Toxtricity|Sludge Bomb|p1a: Danna Paola\n|-supereffective|p1a: Danna Paola\n|-damage|p1a: Danna Paola|33\/100 par\n|move|p1a: Danna Paola|Encore|p2a: Toxtricity\n|-start|p2a: Toxtricity|Encore\n|\n|-heal|p1a: Danna Paola|39\/100 par|[from] item: Leftovers\n|upkeep\n|turn|14\n|\n|t:|1699882183\n|switch|p1a: Goldie|Gholdengo, tera:Steel|93\/100 par\n|move|p2a: Toxtricity|Sludge Bomb|p1a: Goldie\n|-immune|p1a: Goldie\n|\n|upkeep\n|turn|15\n|\n|t:|1699882193\n|move|p1a: Goldie|Flash Cannon|p2a: Toxtricity\n|-resisted|p2a: Toxtricity\n|-damage|p2a: Toxtricity|24\/100\n|move|p2a: Toxtricity|Sludge Bomb|p1a: Goldie\n|-immune|p1a: Goldie\n|\n|upkeep\n|turn|16\n|\n|t:|1699882198\n|switch|p2a: Ursaluna|Ursaluna, F, tera:Ghost|28\/100 brn\n|move|p1a: Goldie|Flash Cannon|p2a: Ursaluna\n|-damage|p2a: Ursaluna|0 fnt\n|faint|p2a: Ursaluna\n|\n|upkeep\n|\n|t:|1699882200\n|switch|p2a: Toxtricity|Toxtricity-Low-Key, F|24\/100\n|turn|17\n|\n|t:|1699882206\n|move|p1a: Goldie|Flash Cannon|p2a: Toxtricity\n|-resisted|p2a: Toxtricity\n|-damage|p2a: Toxtricity|0 fnt\n|faint|p2a: Toxtricity\n|\n|win|Masterod\n|raw|Masterod's rating: 1119 &rarr; <strong>1144<\/strong><br \/>(+25 for winning)\n|raw|Leonard25's rating: 1122 &rarr; <strong>1097<\/strong><br \/>(-25 for losing)\n|c|\u2606Masterod|gg\n","uploadtime":1699882217,"views":9,"p1id":"masterod","p2id":"leonard25","formatid":"gen9ou","rating":1097,"private":0,"password":""}