{"id":"gen9ou-1992352685","p1":"Itswinefri","p2":"gcy9","format":"[Gen 9] OU","log":"|j|\u203dItswinefri\n|j|\u2606gcy9\n|t:|1700177776\n|gametype|singles\n|player|p1|Itswinefri|cynthia|1412\n|player|p2|gcy9|170|1425\n|teamsize|p1|6\n|teamsize|p2|6\n|gen|9\n|tier|[Gen 9] OU\n|rated|\n|rule|Sleep Clause Mod: Limit one foe put to sleep\n|rule|Species Clause: Limit one of each Pok\u00e9mon\n|rule|OHKO Clause: OHKO moves are banned\n|rule|Evasion Items Clause: Evasion items are banned\n|rule|Evasion Moves Clause: Evasion moves are banned\n|rule|Endless Battle Clause: Forcing endless battles is banned\n|rule|HP Percentage Mod: HP is shown in percentages\n|clearpoke\n|poke|p1|Sneasler, F|\n|poke|p1|Skeledirge, M|\n|poke|p1|Rillaboom, F|\n|poke|p1|Kingambit, F|\n|poke|p1|Dragapult, M|\n|poke|p1|Ogerpon-Cornerstone, F|\n|poke|p2|Zapdos|\n|poke|p2|Slowking-Galar, F|\n|poke|p2|Perrserker, M|\n|poke|p2|Great Tusk|\n|poke|p2|Crawdaunt, M|\n|poke|p2|Mandibuzz, F|\n|teampreview\n|inactive|Battle timer is ON: inactive players will automatically lose when time's up. (requested by Itswinefri)\n|\n|t:|1700177820\n|start\n|switch|p1a: Skeledirge|Skeledirge, M|100\/100\n|switch|p2a: Mandibuzz|Mandibuzz, F|100\/100\n|turn|1\n|\n|t:|1700177828\n|move|p1a: Skeledirge|Will-O-Wisp|p2a: Mandibuzz\n|-status|p2a: Mandibuzz|brn\n|move|p2a: Mandibuzz|U-turn|p1a: Skeledirge\n|-resisted|p1a: Skeledirge\n|-damage|p1a: Skeledirge|99\/100\n|\n|t:|1700177849\n|switch|p2a: Slowking|Slowking-Galar, F|100\/100|[from] U-turn\n|\n|upkeep\n|turn|2\n|\n|t:|1700177857\n|move|p1a: Skeledirge|Will-O-Wisp|p2a: Slowking|[miss]\n|-miss|p1a: Skeledirge|p2a: Slowking\n|move|p2a: Slowking|Trick Room|p2a: Slowking\n|-fieldstart|move: Trick Room|[of] p2a: Slowking\n|\n|upkeep\n|turn|3\n|\n|t:|1700177864\n|move|p2a: Slowking|Future Sight|p1a: Skeledirge\n|-start|p2a: Slowking|move: Future Sight\n|move|p1a: Skeledirge|Will-O-Wisp|p2a: Slowking\n|-status|p2a: Slowking|brn\n|\n|-damage|p2a: Slowking|94\/100 brn|[from] brn\n|upkeep\n|turn|4\n|\n|t:|1700177873\n|switch|p1a: Kingambit|Kingambit, F|100\/100\n|move|p2a: Slowking|Ice Beam|p1a: Kingambit\n|-resisted|p1a: Kingambit\n|-damage|p1a: Kingambit|88\/100\n|\n|-damage|p2a: Slowking|88\/100 brn|[from] brn\n|upkeep\n|turn|5\n|\n|t:|1700177886\n|move|p2a: Slowking|Chilly Reception|p2a: Slowking\n|-weather|Snow\n|\n|t:|1700177890\n|switch|p2a: Great Tusk|Great Tusk, shiny|100\/100|[from] Chilly Reception\n|move|p1a: Kingambit|Iron Head|p2a: Great Tusk\n|-damage|p2a: Great Tusk|80\/100\n|\n|-weather|Snow|[upkeep]\n|-end|p1a: Kingambit|move: Future Sight\n|-immune|p1a: Kingambit\n|-heal|p2a: Great Tusk|86\/100|[from] item: Leftovers\n|upkeep\n|turn|6\n|\n|t:|1700177903\n|-end|p1a: Kingambit|fallenundefined|[silent]\n|switch|p1a: Ogerpon|Ogerpon-Cornerstone, F|100\/100\n|move|p2a: Great Tusk|Stealth Rock|p1a: Ogerpon\n|-sidestart|p1: Itswinefri|move: Stealth Rock\n|\n|-weather|Snow|[upkeep]\n|-heal|p2a: Great Tusk|92\/100|[from] item: Leftovers\n|-fieldend|move: Trick Room\n|upkeep\n|turn|7\n|\n|t:|1700177914\n|move|p1a: Ogerpon|Ivy Cudgel|p2a: Great Tusk|[anim] Ivy Cudgel Rock\n|-resisted|p2a: Great Tusk\n|-damage|p2a: Great Tusk|85\/100\n|move|p2a: Great Tusk|Rapid Spin|p1a: Ogerpon\n|-resisted|p1a: Ogerpon\n|-crit|p1a: Ogerpon\n|-damage|p1a: Ogerpon|86\/100\n|-boost|p2a: Great Tusk|spe|1\n|\n|-weather|Snow|[upkeep]\n|-heal|p2a: Great Tusk|91\/100|[from] item: Leftovers\n|upkeep\n|turn|8\n|\n|t:|1700177931\n|move|p1a: Ogerpon|Encore|p2a: Great Tusk\n|-start|p2a: Great Tusk|Encore\n|move|p2a: Great Tusk|Rapid Spin|p1a: Ogerpon\n|-resisted|p1a: Ogerpon\n|-damage|p1a: Ogerpon|76\/100\n|-boost|p2a: Great Tusk|spe|1\n|\n|-weather|Snow|[upkeep]\n|-heal|p2a: Great Tusk|98\/100|[from] item: Leftovers\n|upkeep\n|turn|9\n|\n|t:|1700177941\n|move|p2a: Great Tusk|Rapid Spin|p1a: Ogerpon\n|-resisted|p1a: Ogerpon\n|-damage|p1a: Ogerpon|66\/100\n|-boost|p2a: Great Tusk|spe|1\n|move|p1a: Ogerpon|Horn Leech|p2a: Great Tusk\n|-supereffective|p2a: Great Tusk\n|-damage|p2a: Great Tusk|56\/100\n|-heal|p1a: Ogerpon|96\/100|[from] drain|[of] p2a: Great Tusk\n|\n|-weather|none\n|-heal|p2a: Great Tusk|62\/100|[from] item: Leftovers\n|upkeep\n|turn|10\n|\n|t:|1700177954\n|move|p2a: Great Tusk|Rapid Spin|p1a: Ogerpon\n|-resisted|p1a: Ogerpon\n|-damage|p1a: Ogerpon|87\/100\n|-boost|p2a: Great Tusk|spe|1\n|move|p1a: Ogerpon|Horn Leech|p2a: Great Tusk\n|-supereffective|p2a: Great Tusk\n|-damage|p2a: Great Tusk|19\/100\n|-heal|p1a: Ogerpon|100\/100|[from] drain|[of] p2a: Great Tusk\n|\n|-heal|p2a: Great Tusk|26\/100|[from] item: Leftovers\n|-end|p2a: Great Tusk|Encore\n|upkeep\n|turn|11\n|\n|t:|1700177968\n|move|p2a: Great Tusk|Earthquake|p1a: Ogerpon\n|-damage|p1a: Ogerpon|43\/100\n|move|p1a: Ogerpon|Horn Leech|p2a: Great Tusk\n|-supereffective|p2a: Great Tusk\n|-damage|p2a: Great Tusk|0 fnt\n|-heal|p1a: Ogerpon|61\/100|[from] drain|[of] p2a: Great Tusk\n|faint|p2a: Great Tusk\n|-end|p2a: Great Tusk|Protosynthesis|[silent]\n|\n|upkeep\n|\n|t:|1700177987\n|switch|p2a: Slowking|Slowking-Galar, F|100\/100 brn\n|turn|12\n|\n|t:|1700177992\n|move|p1a: Ogerpon|Ivy Cudgel|p2a: Slowking|[anim] Ivy Cudgel Rock\n|-damage|p2a: Slowking|55\/100 brn\n|move|p2a: Slowking|Trick Room|p2a: Slowking\n|-fieldstart|move: Trick Room|[of] p2a: Slowking\n|\n|-damage|p2a: Slowking|48\/100 brn|[from] brn\n|upkeep\n|turn|13\n|\n|t:|1700178000\n|move|p2a: Slowking|Chilly Reception|p2a: Slowking\n|-weather|Snow\n|\n|t:|1700178008\n|switch|p2a: Perrserker|Perrserker, M|100\/100|[from] Chilly Reception\n|move|p1a: Ogerpon|Spikes|p2a: Perrserker\n|-sidestart|p2: gcy9|Spikes\n|\n|-weather|Snow|[upkeep]\n|upkeep\n|turn|14\n|\n|t:|1700178017\n|move|p2a: Perrserker|Gyro Ball|p1a: Ogerpon\n|-supereffective|p1a: Ogerpon\n|-damage|p1a: Ogerpon|0 fnt\n|faint|p1a: Ogerpon\n|\n|-weather|Snow|[upkeep]\n|upkeep\n|\n|t:|1700178039\n|switch|p1a: Skeledirge|Skeledirge, M|99\/100\n|turn|15\n|inactive|gcy9 has 120 seconds left.\n|inactive|gcy9 has 90 seconds left.\n|\n|t:|1700178100\n|switch|p2a: Mandibuzz|Mandibuzz, F|100\/100 brn\n|move|p1a: Skeledirge|Torch Song|p2a: Mandibuzz\n|-damage|p2a: Mandibuzz|78\/100 brn\n|-boost|p1a: Skeledirge|spa|1\n|\n|-weather|Snow|[upkeep]\n|-damage|p2a: Mandibuzz|72\/100 brn|[from] brn\n|upkeep\n|turn|16\n|inactive|gcy9 has 90 seconds left.\n|\n|t:|1700178119\n|-terastallize|p1a: Skeledirge|Steel\n|move|p2a: Mandibuzz|Roost|p2a: Mandibuzz\n|-heal|p2a: Mandibuzz|100\/100 brn\n|-singleturn|p2a: Mandibuzz|move: Roost\n|move|p1a: Skeledirge|Torch Song|p2a: Mandibuzz\n|-damage|p2a: Mandibuzz|64\/100 brn\n|-boost|p1a: Skeledirge|spa|1\n|\n|-weather|Snow|[upkeep]\n|-damage|p2a: Mandibuzz|57\/100 brn|[from] brn\n|-fieldend|move: Trick Room\n|upkeep\n|turn|17\n|inactive|gcy9 has 90 seconds left.\n|\n|t:|1700178133\n|move|p1a: Skeledirge|Torch Song|p2a: Mandibuzz\n|-crit|p2a: Mandibuzz\n|-damage|p2a: Mandibuzz|0 fnt\n|-boost|p1a: Skeledirge|spa|1\n|faint|p2a: Mandibuzz\n|\n|-weather|none\n|upkeep\n|inactive|gcy9 has 90 seconds left.\n|\n|t:|1700178141\n|switch|p2a: Zapdos|Zapdos|100\/100\n|turn|18\n|\n|t:|1700178146\n|move|p2a: Zapdos|Thunder Wave|p1a: Skeledirge\n|-status|p1a: Skeledirge|par\n|move|p1a: Skeledirge|Torch Song|p2a: Zapdos\n|-damage|p2a: Zapdos|57\/100\n|-boost|p1a: Skeledirge|spa|1\n|\n|upkeep\n|turn|19\n|\n|t:|1700178160\n|move|p2a: Zapdos|Volt Switch|p1a: Skeledirge\n|-damage|p1a: Skeledirge|66\/100 par\n|\n|t:|1700178165\n|switch|p2a: Crawdaunt|Crawdaunt, M|100\/100|[from] Volt Switch\n|-damage|p2a: Crawdaunt|88\/100|[from] Spikes\n|move|p1a: Skeledirge|Will-O-Wisp|p2a: Crawdaunt\n|-status|p2a: Crawdaunt|brn\n|\n|-damage|p2a: Crawdaunt|82\/100 brn|[from] brn\n|upkeep\n|turn|20\n|\n|t:|1700178177\n|move|p2a: Crawdaunt|Knock Off|p1a: Skeledirge\n|-damage|p1a: Skeledirge|32\/100 par\n|-enditem|p1a: Skeledirge|Heavy-Duty Boots|[from] move: Knock Off|[of] p2a: Crawdaunt\n|move|p1a: Skeledirge|Slack Off|p1a: Skeledirge\n|-heal|p1a: Skeledirge|82\/100 par\n|\n|-damage|p2a: Crawdaunt|76\/100 brn|[from] brn\n|upkeep\n|turn|21\n|\n|t:|1700178186\n|move|p2a: Crawdaunt|Knock Off|p1a: Skeledirge\n|-damage|p1a: Skeledirge|58\/100 par\n|cant|p1a: Skeledirge|par\n|\n|-damage|p2a: Crawdaunt|70\/100 brn|[from] brn\n|upkeep\n|turn|22\n|\n|t:|1700178193\n|move|p2a: Crawdaunt|Knock Off|p1a: Skeledirge\n|-damage|p1a: Skeledirge|33\/100 par\n|cant|p1a: Skeledirge|par\n|\n|-damage|p2a: Crawdaunt|64\/100 brn|[from] brn\n|upkeep\n|turn|23\n|\n|t:|1700178201\n|move|p2a: Crawdaunt|Knock Off|p1a: Skeledirge\n|-damage|p1a: Skeledirge|9\/100 par\n|cant|p1a: Skeledirge|par\n|\n|-damage|p2a: Crawdaunt|58\/100 brn|[from] brn\n|upkeep\n|turn|24\n|\n|t:|1700178208\n|move|p2a: Crawdaunt|Knock Off|p1a: Skeledirge\n|-damage|p1a: Skeledirge|0 fnt\n|faint|p1a: Skeledirge\n|\n|-damage|p2a: Crawdaunt|52\/100 brn|[from] brn\n|upkeep\n|\n|t:|1700178217\n|switch|p1a: Dragapult|Dragapult, M|100\/100\n|turn|25\n|\n|t:|1700178221\n|move|p1a: Dragapult|U-turn|p2a: Crawdaunt\n|-supereffective|p2a: Crawdaunt\n|-damage|p2a: Crawdaunt|9\/100 brn\n|\n|t:|1700178225\n|switch|p1a: Kingambit|Kingambit, F|88\/100|[from] U-turn\n|-damage|p1a: Kingambit|82\/100|[from] Stealth Rock\n|-activate|p1a: Kingambit|ability: Supreme Overlord\n|-start|p1a: Kingambit|fallen2|[silent]\n|move|p2a: Crawdaunt|Knock Off|p1a: Kingambit\n|-resisted|p1a: Kingambit\n|-damage|p1a: Kingambit|61\/100\n|-enditem|p1a: Kingambit|Lum Berry|[from] move: Knock Off|[of] p2a: Crawdaunt\n|\n|-damage|p2a: Crawdaunt|3\/100 brn|[from] brn\n|upkeep\n|turn|26\n|\n|t:|1700178244\n|switch|p2a: Zapdos|Zapdos|57\/100\n|move|p1a: Kingambit|Iron Head|p2a: Zapdos\n|-resisted|p2a: Zapdos\n|-damage|p2a: Zapdos|31\/100\n|\n|upkeep\n|turn|27\n|\n|t:|1700178253\n|move|p2a: Zapdos|Roost|p2a: Zapdos\n|-heal|p2a: Zapdos|81\/100\n|-singleturn|p2a: Zapdos|move: Roost\n|move|p1a: Kingambit|Iron Head|p2a: Zapdos\n|-resisted|p2a: Zapdos\n|-crit|p2a: Zapdos\n|-damage|p2a: Zapdos|39\/100\n|\n|upkeep\n|turn|28\n|\n|t:|1700178261\n|move|p1a: Kingambit|Sucker Punch||[still]\n|-fail|p1a: Kingambit\n|move|p2a: Zapdos|Roost|p2a: Zapdos\n|-heal|p2a: Zapdos|89\/100\n|-singleturn|p2a: Zapdos|move: Roost\n|\n|upkeep\n|turn|29\n|\n|t:|1700178268\n|move|p2a: Zapdos|Thunder Wave|p1a: Kingambit\n|-status|p1a: Kingambit|par\n|move|p1a: Kingambit|Swords Dance|p1a: Kingambit\n|-boost|p1a: Kingambit|atk|2\n|\n|upkeep\n|turn|30\n|\n|t:|1700178276\n|move|p2a: Zapdos|Hurricane|p1a: Kingambit\n|-resisted|p1a: Kingambit\n|-damage|p1a: Kingambit|37\/100 par\n|-start|p1a: Kingambit|confusion\n|-activate|p1a: Kingambit|confusion\n|move|p1a: Kingambit|Iron Head|p2a: Zapdos\n|-resisted|p2a: Zapdos\n|-damage|p2a: Zapdos|34\/100\n|\n|upkeep\n|turn|31\n|\n|t:|1700178296\n|-end|p1a: Kingambit|confusion\n|move|p1a: Kingambit|Sucker Punch|p2a: Zapdos\n|-damage|p2a: Zapdos|0 fnt\n|faint|p2a: Zapdos\n|\n|upkeep\n|inactive|gcy9 has 120 seconds left.\n|\n|t:|1700178320\n|switch|p2a: Perrserker|Perrserker, M|100\/100\n|-damage|p2a: Perrserker|88\/100|[from] Spikes\n|turn|32\n|inactive|gcy9 has 120 seconds left.\n|\n|t:|1700178340\n|switch|p2a: Slowking|Slowking-Galar, F|82\/100 brn\n|move|p1a: Kingambit|Low Kick|p2a: Slowking\n|-resisted|p2a: Slowking\n|-damage|p2a: Slowking|68\/100 brn\n|\n|-damage|p2a: Slowking|62\/100 brn|[from] brn\n|upkeep\n|turn|33\n|\n|t:|1700178350\n|switch|p2a: Crawdaunt|Crawdaunt, M|3\/100 brn\n|-damage|p2a: Crawdaunt|0 fnt|[from] Spikes\n|faint|p2a: Crawdaunt\n|move|p1a: Kingambit|Iron Head|p2: Crawdaunt|[notarget]\n|-fail|p1a: Kingambit\n|\n|upkeep\n|\n|t:|1700178358\n|switch|p2a: Perrserker|Perrserker, M|88\/100\n|-damage|p2a: Perrserker|76\/100|[from] Spikes\n|turn|34\n|inactive|gcy9 has 120 seconds left.\n|\n|t:|1700178373\n|cant|p1a: Kingambit|par\n|move|p2a: Perrserker|Close Combat|p1a: Kingambit\n|-supereffective|p1a: Kingambit\n|-damage|p1a: Kingambit|0 fnt\n|-unboost|p2a: Perrserker|def|1\n|-unboost|p2a: Perrserker|spd|1\n|faint|p1a: Kingambit\n|-end|p1a: Kingambit|fallen2|[silent]\n|\n|upkeep\n|\n|t:|1700178384\n|switch|p1a: Sneasler|Sneasler, F|100\/100\n|-damage|p1a: Sneasler|95\/100|[from] Stealth Rock\n|turn|35\n|inactive|gcy9 has 120 seconds left.\n|\n|t:|1700178390\n|switch|p2a: Slowking|Slowking-Galar, F|95\/100 brn\n|move|p1a: Sneasler|Low Kick|p2a: Slowking\n|-resisted|p2a: Slowking\n|-damage|p2a: Slowking|88\/100 brn\n|\n|-damage|p2a: Slowking|81\/100 brn|[from] brn\n|upkeep\n|turn|36\n|\n|t:|1700178399\n|move|p1a: Sneasler|Shadow Claw|p2a: Slowking\n|-supereffective|p2a: Slowking\n|-damage|p2a: Slowking|43\/100 brn\n|move|p2a: Slowking|Trick Room|p2a: Slowking\n|-fieldstart|move: Trick Room|[of] p2a: Slowking\n|\n|-damage|p2a: Slowking|37\/100 brn|[from] brn\n|upkeep\n|turn|37\n|\n|t:|1700178407\n|move|p2a: Slowking|Future Sight|p1a: Sneasler\n|-start|p2a: Slowking|move: Future Sight\n|move|p1a: Sneasler|Shadow Claw|p2a: Slowking\n|-supereffective|p2a: Slowking\n|-damage|p2a: Slowking|0 fnt\n|faint|p2a: Slowking\n|\n|upkeep\n|\n|t:|1700178410\n|switch|p2a: Perrserker|Perrserker, M|76\/100\n|-damage|p2a: Perrserker|64\/100|[from] Spikes\n|turn|38\n|\n|t:|1700178417\n|switch|p1a: Dragapult|Dragapult, M|100\/100\n|-terastallize|p2a: Perrserker|Steel\n|move|p2a: Perrserker|Gyro Ball|p1a: Dragapult\n|-damage|p1a: Dragapult|0 fnt\n|faint|p1a: Dragapult\n|\n|upkeep\n|c|\u2606gcy9|gg\n|\n|t:|1700178441\n|switch|p1a: Sneasler|Sneasler, F|95\/100\n|-damage|p1a: Sneasler|89\/100|[from] Stealth Rock\n|turn|39\n|\n|t:|1700178452\n|move|p2a: Perrserker|Gyro Ball|p1a: Sneasler\n|-damage|p1a: Sneasler|0 fnt\n|faint|p1a: Sneasler\n|\n|-hint|Future Sight did not hit because the target is fainted.\n|upkeep\n|\n|t:|1700178458\n|switch|p1a: Rillaboom|Rillaboom, F|100\/100\n|-fieldstart|move: Grassy Terrain|[from] ability: Grassy Surge|[of] p1a: Rillaboom\n|turn|40\n|\n|t:|1700178469\n|move|p2a: Perrserker|Gyro Ball|p1a: Rillaboom\n|-damage|p1a: Rillaboom|0 fnt\n|faint|p1a: Rillaboom\n|\n|win|gcy9\n|raw|Itswinefri's rating: 1412 &rarr; <strong>1393<\/strong><br \/>(-19 for losing)\n|raw|gcy9's rating: 1425 &rarr; <strong>1444<\/strong><br \/>(+19 for winning)\n|l|\u203dItswinefri\n|c|\u2606gcy9|back to1330\n","uploadtime":1700178476,"views":9,"p1id":"itswinefri","p2id":"gcy9","formatid":"gen9ou","rating":1393,"private":0,"password":""}