{"id":"gen9ou-1994416817","p1":"vailorn","p2":"Stacyrocks11","format":"[Gen 9] OU","log":"|j|\u2606vailorn\n|j|\u2606Stacyrocks11\n|t:|1700441530\n|gametype|singles\n|player|p1|vailorn|rood|1413\n|player|p2|Stacyrocks11|266|1436\n|teamsize|p1|6\n|teamsize|p2|6\n|gen|9\n|tier|[Gen 9] OU\n|rated|\n|rule|Sleep Clause Mod: Limit one foe put to sleep\n|rule|Species Clause: Limit one of each Pok\u00e9mon\n|rule|OHKO Clause: OHKO moves are banned\n|rule|Evasion Items Clause: Evasion items are banned\n|rule|Evasion Moves Clause: Evasion moves are banned\n|rule|Endless Battle Clause: Forcing endless battles is banned\n|rule|HP Percentage Mod: HP is shown in percentages\n|clearpoke\n|poke|p1|Weavile, M|\n|poke|p1|Weezing-Galar, F|\n|poke|p1|Alomomola, F|\n|poke|p1|Ting-Lu|\n|poke|p1|Corviknight, F|\n|poke|p1|Dondozo, F|\n|poke|p2|Garganacl, M|\n|poke|p2|Kingambit, F|\n|poke|p2|Cinderace, M|\n|poke|p2|Kommo-o, F|\n|poke|p2|Dragapult, M|\n|poke|p2|Amoonguss, F|\n|teampreview\n|inactive|Battle timer is ON: inactive players will automatically lose when time's up. (requested by Stacyrocks11)\n|inactive|vailorn has 120 seconds left.\n|\n|t:|1700441572\n|start\n|switch|p1a: Ting-Lu|Ting-Lu|100\/100\n|switch|p2a: Amoonguss|Amoonguss, F|100\/100\n|-ability|p1a: Ting-Lu|Vessel of Ruin\n|turn|1\n|\n|t:|1700441580\n|switch|p1a: Corviknight|Corviknight, F|100\/100\n|-ability|p1a: Corviknight|Pressure\n|move|p2a: Amoonguss|Spore|p1a: Corviknight\n|-status|p1a: Corviknight|slp|[from] move: Spore\n|\n|upkeep\n|turn|2\n|\n|t:|1700441598\n|switch|p1a: Weezing|Weezing-Galar, F|100\/100\n|-ability|p1a: Weezing|Neutralizing Gas\n|switch|p2a: Garganacl|Garganacl, M|100\/100\n|\n|upkeep\n|turn|3\n|\n|t:|1700441620\n|-end|p1a: Weezing|ability: Neutralizing Gas\n|switch|p1a: Alomomola|Alomomola, F|100\/100\n|move|p2a: Garganacl|Iron Defense|p2a: Garganacl\n|-boost|p2a: Garganacl|def|2\n|\n|upkeep\n|turn|4\n|inactive|Stacyrocks11 has 120 seconds left.\n|\n|t:|1700441657\n|move|p1a: Alomomola|Flip Turn|p2a: Garganacl\n|-supereffective|p2a: Garganacl\n|-damage|p2a: Garganacl|90\/100\n|inactive|vailorn has 120 seconds left.\n|\n|t:|1700441709\n|switch|p1a: Weezing|Weezing-Galar, F|100\/100|[from] Flip Turn\n|-ability|p1a: Weezing|Neutralizing Gas\n|move|p2a: Garganacl|Iron Defense|p2a: Garganacl\n|-boost|p2a: Garganacl|def|2\n|\n|-heal|p2a: Garganacl|96\/100|[from] item: Leftovers\n|upkeep\n|turn|5\n|\n|t:|1700441714\n|move|p1a: Weezing|Will-O-Wisp|p2a: Garganacl\n|-status|p2a: Garganacl|brn\n|move|p2a: Garganacl|Salt Cure|p1a: Weezing\n|-damage|p1a: Weezing|96\/100\n|-start|p1a: Weezing|Salt Cure\n|\n|-heal|p2a: Garganacl|100\/100 brn|[from] item: Leftovers\n|-damage|p2a: Garganacl|94\/100 brn|[from] brn\n|-damage|p1a: Weezing|84\/100|[from] Salt Cure\n|upkeep\n|turn|6\n|\n|t:|1700441728\n|-end|p1a: Weezing|ability: Neutralizing Gas\n|switch|p1a: Ting-Lu|Ting-Lu|100\/100\n|-ability|p1a: Ting-Lu|Vessel of Ruin\n|move|p2a: Garganacl|Salt Cure|p1a: Ting-Lu\n|-resisted|p1a: Ting-Lu\n|-damage|p1a: Ting-Lu|99\/100\n|-start|p1a: Ting-Lu|Salt Cure\n|\n|-heal|p1a: Ting-Lu|100\/100|[from] item: Leftovers\n|-heal|p2a: Garganacl|100\/100 brn|[from] item: Leftovers\n|-damage|p2a: Garganacl|94\/100 brn|[from] brn\n|-damage|p1a: Ting-Lu|88\/100|[from] Salt Cure\n|upkeep\n|turn|7\n|\n|t:|1700441739\n|move|p1a: Ting-Lu|Protect|p1a: Ting-Lu\n|-singleturn|p1a: Ting-Lu|Protect\n|move|p2a: Garganacl|Body Press|p1a: Ting-Lu\n|-activate|p1a: Ting-Lu|move: Protect\n|\n|-heal|p1a: Ting-Lu|94\/100|[from] item: Leftovers\n|-heal|p2a: Garganacl|100\/100 brn|[from] item: Leftovers\n|-damage|p2a: Garganacl|94\/100 brn|[from] brn\n|-damage|p1a: Ting-Lu|82\/100|[from] Salt Cure\n|upkeep\n|turn|8\n|\n|t:|1700441765\n|switch|p1a: Alomomola|Alomomola, F|100\/100\n|move|p2a: Garganacl|Body Press|p1a: Alomomola\n|-damage|p1a: Alomomola|79\/100\n|\n|-heal|p1a: Alomomola|85\/100|[from] item: Leftovers\n|-heal|p2a: Garganacl|100\/100 brn|[from] item: Leftovers\n|-damage|p2a: Garganacl|94\/100 brn|[from] brn\n|upkeep\n|turn|9\n|inactive|Stacyrocks11 has 120 seconds left.\n|\n|t:|1700441786\n|move|p1a: Alomomola|Flip Turn|p2a: Garganacl\n|-supereffective|p2a: Garganacl\n|-damage|p2a: Garganacl|86\/100 brn\n|\n|t:|1700441789\n|switch|p1a: Weavile|Weavile, M|100\/100|[from] Flip Turn\n|-ability|p1a: Weavile|Pressure\n|move|p2a: Garganacl|Salt Cure|p1a: Weavile\n|-supereffective|p1a: Weavile\n|-damage|p1a: Weavile|83\/100\n|-start|p1a: Weavile|Salt Cure\n|\n|-heal|p1a: Weavile|89\/100|[from] item: Leftovers\n|-heal|p2a: Garganacl|93\/100 brn|[from] item: Leftovers\n|-damage|p2a: Garganacl|86\/100 brn|[from] brn\n|-damage|p1a: Weavile|77\/100|[from] Salt Cure\n|upkeep\n|turn|10\n|\n|t:|1700441802\n|move|p1a: Weavile|Protect|p1a: Weavile\n|-singleturn|p1a: Weavile|Protect\n|move|p2a: Garganacl|Body Press|p1a: Weavile\n|-activate|p1a: Weavile|move: Protect\n|\n|-heal|p1a: Weavile|83\/100|[from] item: Leftovers\n|-heal|p2a: Garganacl|93\/100 brn|[from] item: Leftovers\n|-damage|p2a: Garganacl|86\/100 brn|[from] brn\n|-damage|p1a: Weavile|70\/100|[from] Salt Cure\n|upkeep\n|turn|11\n|\n|t:|1700441806\n|switch|p1a: Dondozo|Dondozo, F|100\/100\n|move|p2a: Garganacl|Iron Defense|p2a: Garganacl\n|-boost|p2a: Garganacl|def|2\n|\n|-heal|p2a: Garganacl|93\/100 brn|[from] item: Leftovers\n|-damage|p2a: Garganacl|86\/100 brn|[from] brn\n|upkeep\n|turn|12\n|\n|t:|1700441820\n|-terastallize|p1a: Dondozo|Dragon\n|move|p2a: Garganacl|Salt Cure|p1a: Dondozo\n|-damage|p1a: Dondozo|97\/100\n|-start|p1a: Dondozo|Salt Cure\n|move|p1a: Dondozo|Curse|p1a: Dondozo\n|-unboost|p1a: Dondozo|spe|1\n|-boost|p1a: Dondozo|atk|1\n|-boost|p1a: Dondozo|def|1\n|\n|-heal|p2a: Garganacl|93\/100 brn|[from] item: Leftovers\n|-heal|p1a: Dondozo|100\/100|[from] item: Leftovers\n|-damage|p2a: Garganacl|86\/100 brn|[from] brn\n|-damage|p1a: Dondozo|88\/100|[from] Salt Cure\n|upkeep\n|turn|13\n|\n|t:|1700441837\n|switch|p2a: Amoonguss|Amoonguss, F|100\/100\n|move|p1a: Dondozo|Earthquake|p2a: Amoonguss\n|-damage|p2a: Amoonguss|64\/100\n|\n|-heal|p2a: Amoonguss|71\/100|[from] item: Black Sludge\n|-heal|p1a: Dondozo|94\/100|[from] item: Leftovers\n|-damage|p1a: Dondozo|82\/100|[from] Salt Cure\n|upkeep\n|turn|14\n|\n|t:|1700441847\n|switch|p1a: Weavile|Weavile, M|70\/100\n|-ability|p1a: Weavile|Pressure\n|move|p2a: Amoonguss|Spore|p1a: Weavile\n|-message|Sleep Clause Mod activated.\n|-hint|Sleep Clause Mod prevents players from putting more than one of their opponent's Pok\u00e9mon to sleep at a time\n|\n|-heal|p1a: Weavile|77\/100|[from] item: Leftovers\n|-heal|p2a: Amoonguss|77\/100|[from] item: Black Sludge\n|upkeep\n|turn|15\n|\n|t:|1700441860\n|switch|p2a: Garganacl|Garganacl, M|86\/100 brn\n|move|p1a: Weavile|Substitute|p1a: Weavile\n|-start|p1a: Weavile|Substitute\n|-damage|p1a: Weavile|52\/100\n|\n|-heal|p1a: Weavile|58\/100|[from] item: Leftovers\n|-heal|p2a: Garganacl|93\/100 brn|[from] item: Leftovers\n|-damage|p2a: Garganacl|86\/100 brn|[from] brn\n|upkeep\n|turn|16\n|\n|t:|1700441864\n|move|p1a: Weavile|Protect|p1a: Weavile\n|-singleturn|p1a: Weavile|Protect\n|move|p2a: Garganacl|Body Press|p1a: Weavile\n|-activate|p1a: Weavile|move: Protect\n|\n|-heal|p1a: Weavile|64\/100|[from] item: Leftovers\n|-heal|p2a: Garganacl|93\/100 brn|[from] item: Leftovers\n|-damage|p2a: Garganacl|86\/100 brn|[from] brn\n|upkeep\n|turn|17\n|\n|t:|1700441887\n|move|p1a: Weavile|Knock Off|p2a: Garganacl\n|-damage|p2a: Garganacl|59\/100 brn\n|-enditem|p2a: Garganacl|Leftovers|[from] move: Knock Off|[of] p1a: Weavile\n|move|p2a: Garganacl|Body Press|p1a: Weavile\n|-supereffective|p1a: Weavile\n|-end|p1a: Weavile|Substitute\n|\n|-heal|p1a: Weavile|70\/100|[from] item: Leftovers\n|-damage|p2a: Garganacl|53\/100 brn|[from] brn\n|upkeep\n|turn|18\n|\n|t:|1700441894\n|move|p1a: Weavile|Protect|p1a: Weavile\n|-singleturn|p1a: Weavile|Protect\n|move|p2a: Garganacl|Body Press|p1a: Weavile\n|-activate|p1a: Weavile|move: Protect\n|\n|-heal|p1a: Weavile|76\/100|[from] item: Leftovers\n|-damage|p2a: Garganacl|47\/100 brn|[from] brn\n|upkeep\n|turn|19\n|\n|t:|1700441896\n|move|p1a: Weavile|Substitute|p1a: Weavile\n|-start|p1a: Weavile|Substitute\n|-damage|p1a: Weavile|52\/100\n|move|p2a: Garganacl|Salt Cure|p1a: Weavile\n|-supereffective|p1a: Weavile\n|-activate|p1a: Weavile|move: Substitute|[damage]\n|\n|-heal|p1a: Weavile|58\/100|[from] item: Leftovers\n|-damage|p2a: Garganacl|40\/100 brn|[from] brn\n|upkeep\n|turn|20\n|\n|t:|1700441900\n|move|p1a: Weavile|Protect|p1a: Weavile\n|-singleturn|p1a: Weavile|Protect\n|move|p2a: Garganacl|Body Press|p1a: Weavile\n|-activate|p1a: Weavile|move: Protect\n|\n|-heal|p1a: Weavile|64\/100|[from] item: Leftovers\n|-damage|p2a: Garganacl|34\/100 brn|[from] brn\n|upkeep\n|turn|21\n|\n|t:|1700441904\n|move|p1a: Weavile|Knock Off|p2a: Garganacl\n|-damage|p2a: Garganacl|18\/100 brn\n|move|p2a: Garganacl|Recover|p2a: Garganacl\n|-heal|p2a: Garganacl|68\/100 brn\n|\n|-heal|p1a: Weavile|70\/100|[from] item: Leftovers\n|-damage|p2a: Garganacl|61\/100 brn|[from] brn\n|upkeep\n|turn|22\n|\n|t:|1700441911\n|move|p1a: Weavile|Protect|p1a: Weavile\n|-singleturn|p1a: Weavile|Protect\n|move|p2a: Garganacl|Recover|p2a: Garganacl\n|-heal|p2a: Garganacl|100\/100 brn\n|\n|-heal|p1a: Weavile|76\/100|[from] item: Leftovers\n|-damage|p2a: Garganacl|94\/100 brn|[from] brn\n|upkeep\n|turn|23\n|\n|t:|1700441917\n|move|p1a: Weavile|Knock Off|p2a: Garganacl\n|-damage|p2a: Garganacl|78\/100 brn\n|move|p2a: Garganacl|Body Press|p1a: Weavile\n|-supereffective|p1a: Weavile\n|-crit|p1a: Weavile\n|-end|p1a: Weavile|Substitute\n|\n|-heal|p1a: Weavile|82\/100|[from] item: Leftovers\n|-damage|p2a: Garganacl|72\/100 brn|[from] brn\n|upkeep\n|turn|24\n|\n|t:|1700441920\n|move|p1a: Weavile|Substitute|p1a: Weavile\n|-start|p1a: Weavile|Substitute\n|-damage|p1a: Weavile|57\/100\n|move|p2a: Garganacl|Body Press|p1a: Weavile\n|-supereffective|p1a: Weavile\n|-end|p1a: Weavile|Substitute\n|\n|-heal|p1a: Weavile|63\/100|[from] item: Leftovers\n|-damage|p2a: Garganacl|66\/100 brn|[from] brn\n|upkeep\n|turn|25\n|\n|t:|1700441926\n|move|p1a: Weavile|Protect|p1a: Weavile\n|-singleturn|p1a: Weavile|Protect\n|move|p2a: Garganacl|Salt Cure|p1a: Weavile\n|-activate|p1a: Weavile|move: Protect\n|\n|-heal|p1a: Weavile|70\/100|[from] item: Leftovers\n|-damage|p2a: Garganacl|59\/100 brn|[from] brn\n|upkeep\n|turn|26\n|\n|t:|1700441930\n|switch|p2a: Dragapult|Dragapult, M|100\/100\n|move|p1a: Weavile|Substitute|p1a: Weavile\n|-start|p1a: Weavile|Substitute\n|-damage|p1a: Weavile|45\/100\n|\n|-heal|p1a: Weavile|51\/100|[from] item: Leftovers\n|upkeep\n|turn|27\n|\n|t:|1700441932\n|-terastallize|p2a: Dragapult|Fire\n|move|p2a: Dragapult|Flamethrower|p1a: Weavile\n|-supereffective|p1a: Weavile\n|-damage|p1a: Weavile|0 fnt\n|faint|p1a: Weavile\n|\n|upkeep\n|c|\u2606vailorn|does that break protect to?\n|inactive|vailorn has 120 seconds left.\n|\n|t:|1700441967\n|switch|p1a: Ting-Lu|Ting-Lu|82\/100\n|-ability|p1a: Ting-Lu|Vessel of Ruin\n|turn|28\n|\n|t:|1700441974\n|switch|p2a: Garganacl|Garganacl, M|59\/100 brn\n|move|p1a: Ting-Lu|Stealth Rock|p2a: Garganacl\n|-sidestart|p2: Stacyrocks11|move: Stealth Rock\n|\n|-heal|p1a: Ting-Lu|88\/100|[from] item: Leftovers\n|-damage|p2a: Garganacl|53\/100 brn|[from] brn\n|upkeep\n|turn|29\n|\n|t:|1700441984\n|move|p1a: Ting-Lu|Earthquake|p2a: Garganacl\n|-supereffective|p2a: Garganacl\n|-damage|p2a: Garganacl|6\/100 brn\n|move|p2a: Garganacl|Salt Cure|p1a: Ting-Lu\n|-resisted|p1a: Ting-Lu\n|-damage|p1a: Ting-Lu|86\/100\n|-start|p1a: Ting-Lu|Salt Cure\n|\n|-heal|p1a: Ting-Lu|93\/100|[from] item: Leftovers\n|-damage|p2a: Garganacl|0 fnt|[from] brn\n|faint|p2a: Garganacl\n|-damage|p1a: Ting-Lu|80\/100|[from] Salt Cure\n|upkeep\n|\n|t:|1700442005\n|switch|p2a: Kommo-o|Kommo-o, F|100\/100\n|-damage|p2a: Kommo-o|94\/100|[from] Stealth Rock\n|turn|30\n|inactive|vailorn has 120 seconds left.\n|\n|t:|1700442042\n|switch|p1a: Dondozo|Dondozo, F, tera:Dragon|82\/100\n|move|p2a: Kommo-o|Clangorous Soul|p2a: Kommo-o\n|-boost|p2a: Kommo-o|atk|1\n|-boost|p2a: Kommo-o|def|1\n|-boost|p2a: Kommo-o|spa|1\n|-boost|p2a: Kommo-o|spd|1\n|-boost|p2a: Kommo-o|spe|1\n|-damage|p2a: Kommo-o|61\/100\n|-enditem|p2a: Kommo-o|Throat Spray\n|-boost|p2a: Kommo-o|spa|1|[from] item: Throat Spray\n|\n|-heal|p1a: Dondozo|88\/100|[from] item: Leftovers\n|upkeep\n|turn|31\n|\n|t:|1700442065\n|move|p2a: Kommo-o|Clanging Scales|p1a: Dondozo\n|-supereffective|p1a: Dondozo\n|-damage|p1a: Dondozo|23\/100\n|-unboost|p2a: Kommo-o|def|1\n|move|p1a: Dondozo|Avalanche|p2a: Kommo-o\n|-supereffective|p2a: Kommo-o\n|-damage|p2a: Kommo-o|6\/100\n|\n|-heal|p1a: Dondozo|29\/100|[from] item: Leftovers\n|upkeep\n|turn|32\n|\n|t:|1700442073\n|switch|p1a: Weezing|Weezing-Galar, F|84\/100\n|-ability|p1a: Weezing|Neutralizing Gas\n|move|p2a: Kommo-o|Boomburst|p1a: Weezing\n|-damage|p1a: Weezing|0 fnt\n|faint|p1a: Weezing\n|-end|p1a: Weezing|ability: Neutralizing Gas\n|\n|upkeep\n|\n|t:|1700442077\n|switch|p1a: Ting-Lu|Ting-Lu|80\/100\n|-ability|p1a: Ting-Lu|Vessel of Ruin\n|turn|33\n|inactive|vailorn has 120 seconds left.\n|\n|t:|1700442103\n|move|p2a: Kommo-o|Boomburst|p1a: Ting-Lu\n|-damage|p1a: Ting-Lu|49\/100\n|move|p1a: Ting-Lu|Spikes|p2a: Kommo-o\n|-sidestart|p2: Stacyrocks11|Spikes\n|\n|-heal|p1a: Ting-Lu|56\/100|[from] item: Leftovers\n|upkeep\n|turn|34\n|\n|t:|1700442111\n|move|p1a: Ting-Lu|Protect|p1a: Ting-Lu\n|-singleturn|p1a: Ting-Lu|Protect\n|move|p2a: Kommo-o|Aura Sphere|p1a: Ting-Lu\n|-activate|p1a: Ting-Lu|move: Protect\n|\n|-heal|p1a: Ting-Lu|62\/100|[from] item: Leftovers\n|upkeep\n|turn|35\n|inactive|vailorn has 120 seconds left.\n|\n|t:|1700442127\n|move|p2a: Kommo-o|Aura Sphere|p1a: Ting-Lu\n|-supereffective|p1a: Ting-Lu\n|-damage|p1a: Ting-Lu|1\/100\n|move|p1a: Ting-Lu|Earthquake|p2a: Kommo-o\n|-damage|p2a: Kommo-o|0 fnt\n|faint|p2a: Kommo-o\n|\n|-heal|p1a: Ting-Lu|7\/100|[from] item: Leftovers\n|upkeep\n|\n|t:|1700442144\n|switch|p2a: Dragapult|Dragapult, M, tera:Fire|100\/100\n|-damage|p2a: Dragapult|76\/100|[from] Stealth Rock\n|-damage|p2a: Dragapult|63\/100|[from] Spikes\n|turn|36\n|\n|t:|1700442151\n|move|p1a: Ting-Lu|Protect|p1a: Ting-Lu\n|-singleturn|p1a: Ting-Lu|Protect\n|move|p2a: Dragapult|U-turn|p1a: Ting-Lu\n|-activate|p1a: Ting-Lu|move: Protect\n|\n|-heal|p1a: Ting-Lu|14\/100|[from] item: Leftovers\n|upkeep\n|turn|37\n|c|\u2606vailorn|survey says no\n|\n|t:|1700442157\n|switch|p1a: Alomomola|Alomomola, F|100\/100\n|move|p2a: Dragapult|U-turn|p1a: Alomomola\n|-damage|p1a: Alomomola|91\/100\n|\n|t:|1700442163\n|switch|p2a: Cinderace|Cinderace, M|100\/100|[from] U-turn\n|\n|-heal|p1a: Alomomola|97\/100|[from] item: Leftovers\n|upkeep\n|turn|38\n|\n|t:|1700442169\n|move|p2a: Cinderace|Court Change|p2a: Cinderace\n|-start|p2a: Cinderace|typechange|Normal|[from] ability: Libero\n|-swapsideconditions\n|-activate|p2a: Cinderace|move: Court Change\n|move|p1a: Alomomola|Wish|p1a: Alomomola\n|\n|-heal|p1a: Alomomola|100\/100|[from] item: Leftovers\n|upkeep\n|turn|39\n|inactive|Stacyrocks11 has 120 seconds left.\n|\n|t:|1700442204\n|move|p2a: Cinderace|Will-O-Wisp|p1a: Alomomola|[miss]\n|-miss|p2a: Cinderace|p1a: Alomomola\n|move|p1a: Alomomola|Flip Turn|p2a: Cinderace\n|-damage|p2a: Cinderace|76\/100\n|\n|t:|1700442214\n|switch|p1a: Dondozo|Dondozo, F, tera:Dragon|29\/100|[from] Flip Turn\n|-damage|p1a: Dondozo|17\/100|[from] Stealth Rock\n|-damage|p1a: Dondozo|4\/100|[from] Spikes\n|\n|-heal|p1a: Dondozo|51\/100|[from] move: Wish|[wisher] Alomomola\n|-heal|p1a: Dondozo|57\/100|[from] item: Leftovers\n|upkeep\n|turn|40\n|inactive|Stacyrocks11 has 120 seconds left.\n|\n|t:|1700442244\n|move|p2a: Cinderace|Will-O-Wisp|p1a: Dondozo\n|-status|p1a: Dondozo|brn\n|move|p1a: Dondozo|Rest|p1a: Dondozo\n|-status|p1a: Dondozo|slp|[from] move: Rest\n|-heal|p1a: Dondozo|100\/100 slp|[silent]\n|\n|upkeep\n|turn|41\n|\n|t:|1700442253\n|switch|p2a: Kingambit|Kingambit, F|100\/100\n|-activate|p2a: Kingambit|ability: Supreme Overlord\n|-start|p2a: Kingambit|fallen2|[silent]\n|cant|p1a: Dondozo|slp\n|\n|upkeep\n|turn|42\n|\n|t:|1700442261\n|move|p2a: Kingambit|Swords Dance|p2a: Kingambit\n|-boost|p2a: Kingambit|atk|2\n|cant|p1a: Dondozo|slp\n|\n|upkeep\n|turn|43\n|\n|t:|1700442264\n|move|p2a: Kingambit|Kowtow Cleave|p1a: Dondozo\n|-damage|p1a: Dondozo|65\/100 slp\n|-curestatus|p1a: Dondozo|slp|[msg]\n|move|p1a: Dondozo|Curse|p1a: Dondozo\n|-unboost|p1a: Dondozo|spe|1\n|-boost|p1a: Dondozo|atk|1\n|-boost|p1a: Dondozo|def|1\n|\n|-heal|p1a: Dondozo|71\/100|[from] item: Leftovers\n|upkeep\n|turn|44\n|\n|t:|1700442269\n|-end|p2a: Kingambit|fallen2|[silent]\n|switch|p2a: Amoonguss|Amoonguss, F|100\/100\n|move|p1a: Dondozo|Curse|p1a: Dondozo\n|-unboost|p1a: Dondozo|spe|1\n|-boost|p1a: Dondozo|atk|1\n|-boost|p1a: Dondozo|def|1\n|\n|-heal|p1a: Dondozo|77\/100|[from] item: Leftovers\n|upkeep\n|turn|45\n|\n|t:|1700442277\n|move|p2a: Amoonguss|Clear Smog|p1a: Dondozo\n|-crit|p1a: Dondozo\n|-damage|p1a: Dondozo|63\/100\n|-clearboost|p1a: Dondozo\n|move|p1a: Dondozo|Avalanche|p2a: Amoonguss\n|-supereffective|p2a: Amoonguss\n|-damage|p2a: Amoonguss|38\/100\n|\n|-heal|p1a: Dondozo|70\/100|[from] item: Leftovers\n|-heal|p2a: Amoonguss|45\/100|[from] item: Black Sludge\n|upkeep\n|turn|46\n|\n|t:|1700442287\n|move|p1a: Dondozo|Curse|p1a: Dondozo\n|-unboost|p1a: Dondozo|spe|1\n|-boost|p1a: Dondozo|atk|1\n|-boost|p1a: Dondozo|def|1\n|move|p2a: Amoonguss|Sludge Bomb|p1a: Dondozo\n|-damage|p1a: Dondozo|50\/100\n|\n|-heal|p2a: Amoonguss|51\/100|[from] item: Black Sludge\n|-heal|p1a: Dondozo|57\/100|[from] item: Leftovers\n|upkeep\n|turn|47\n|\n|t:|1700442290\n|move|p2a: Amoonguss|Clear Smog|p1a: Dondozo\n|-damage|p1a: Dondozo|48\/100\n|-clearboost|p1a: Dondozo\n|move|p1a: Dondozo|Avalanche|p2a: Amoonguss\n|-supereffective|p2a: Amoonguss\n|-damage|p2a: Amoonguss|0 fnt\n|faint|p2a: Amoonguss\n|\n|-heal|p1a: Dondozo|54\/100|[from] item: Leftovers\n|upkeep\n|\n|t:|1700442293\n|switch|p2a: Kingambit|Kingambit, F|100\/100\n|-activate|p2a: Kingambit|ability: Supreme Overlord\n|-start|p2a: Kingambit|fallen3|[silent]\n|turn|48\n|\n|t:|1700442301\n|-end|p2a: Kingambit|fallen3|[silent]\n|switch|p2a: Cinderace|Cinderace, M|76\/100\n|move|p1a: Dondozo|Rest|p1a: Dondozo\n|-status|p1a: Dondozo|slp|[from] move: Rest\n|-heal|p1a: Dondozo|100\/100 slp|[silent]\n|\n|upkeep\n|turn|49\n|\n|t:|1700442305\n|move|p2a: Cinderace|Pyro Ball|p1a: Dondozo\n|-resisted|p1a: Dondozo\n|-damage|p1a: Dondozo|83\/100 slp\n|cant|p1a: Dondozo|slp\n|\n|-heal|p1a: Dondozo|89\/100 slp|[from] item: Leftovers\n|upkeep\n|turn|50\n|\n|t:|1700442308\n|move|p2a: Cinderace|Pyro Ball|p1a: Dondozo\n|-resisted|p1a: Dondozo\n|-damage|p1a: Dondozo|72\/100 slp\n|cant|p1a: Dondozo|slp\n|\n|-heal|p1a: Dondozo|78\/100 slp|[from] item: Leftovers\n|upkeep\n|turn|51\n|\n|t:|1700442310\n|move|p2a: Cinderace|Pyro Ball|p1a: Dondozo\n|-resisted|p1a: Dondozo\n|-damage|p1a: Dondozo|61\/100 slp\n|-curestatus|p1a: Dondozo|slp|[msg]\n|move|p1a: Dondozo|Curse|p1a: Dondozo\n|-unboost|p1a: Dondozo|spe|1\n|-boost|p1a: Dondozo|atk|1\n|-boost|p1a: Dondozo|def|1\n|\n|-heal|p1a: Dondozo|68\/100|[from] item: Leftovers\n|upkeep\n|turn|52\n|\n|t:|1700442312\n|move|p2a: Cinderace|Pyro Ball|p1a: Dondozo\n|-resisted|p1a: Dondozo\n|-damage|p1a: Dondozo|55\/100\n|move|p1a: Dondozo|Curse|p1a: Dondozo\n|-unboost|p1a: Dondozo|spe|1\n|-boost|p1a: Dondozo|atk|1\n|-boost|p1a: Dondozo|def|1\n|\n|-heal|p1a: Dondozo|61\/100|[from] item: Leftovers\n|upkeep\n|turn|53\n|\n|t:|1700442314\n|move|p2a: Cinderace|Pyro Ball|p1a: Dondozo\n|-resisted|p1a: Dondozo\n|-damage|p1a: Dondozo|53\/100\n|move|p1a: Dondozo|Curse|p1a: Dondozo\n|-unboost|p1a: Dondozo|spe|1\n|-boost|p1a: Dondozo|atk|1\n|-boost|p1a: Dondozo|def|1\n|\n|-heal|p1a: Dondozo|59\/100|[from] item: Leftovers\n|upkeep\n|turn|54\n|\n|t:|1700442315\n|move|p2a: Cinderace|Pyro Ball|p1a: Dondozo\n|-resisted|p1a: Dondozo\n|-damage|p1a: Dondozo|52\/100\n|-status|p1a: Dondozo|brn\n|move|p1a: Dondozo|Curse|p1a: Dondozo\n|-unboost|p1a: Dondozo|spe|1\n|-boost|p1a: Dondozo|atk|1\n|-boost|p1a: Dondozo|def|1\n|\n|-heal|p1a: Dondozo|59\/100 brn|[from] item: Leftovers\n|-damage|p1a: Dondozo|52\/100 brn|[from] brn\n|upkeep\n|turn|55\n|\n|t:|1700442320\n|move|p2a: Cinderace|Pyro Ball|p1a: Dondozo|[miss]\n|-miss|p2a: Cinderace|p1a: Dondozo\n|move|p1a: Dondozo|Curse|p1a: Dondozo\n|-unboost|p1a: Dondozo|spe|1\n|-boost|p1a: Dondozo|atk|1\n|-boost|p1a: Dondozo|def|1\n|\n|-heal|p1a: Dondozo|59\/100 brn|[from] item: Leftovers\n|-damage|p1a: Dondozo|52\/100 brn|[from] brn\n|upkeep\n|turn|56\n|-message|Stacyrocks11 forfeited.\n|\n|win|vailorn\n|raw|vailorn's rating: 1413 &rarr; <strong>1434<\/strong><br \/>(+21 for winning)\n|raw|Stacyrocks11's rating: 1436 &rarr; <strong>1415<\/strong><br \/>(-21 for losing)\n|l|\u2606Stacyrocks11\n","uploadtime":1700442330,"views":26,"p1id":"vailorn","p2id":"stacyrocks11","formatid":"gen9ou","rating":1415,"private":0,"password":""}