{"id":"gen9ou-1999977893","p1":"andymaury","p2":"doodieray","format":"[Gen 9] OU","log":"|j|\u2606andymaury\n|j|\u2606doodieray\n|t:|1701136904\n|gametype|singles\n|player|p1|andymaury|170|1572\n|player|p2|doodieray|2|1470\n|teamsize|p1|6\n|teamsize|p2|6\n|gen|9\n|tier|[Gen 9] OU\n|rated|\n|rule|Sleep Clause Mod: Limit one foe put to sleep\n|rule|Species Clause: Limit one of each Pok\u00e9mon\n|rule|OHKO Clause: OHKO moves are banned\n|rule|Evasion Items Clause: Evasion items are banned\n|rule|Evasion Moves Clause: Evasion moves are banned\n|rule|Endless Battle Clause: Forcing endless battles is banned\n|rule|HP Percentage Mod: HP is shown in percentages\n|clearpoke\n|poke|p1|Great Tusk|\n|poke|p1|Iron Moth|\n|poke|p1|Ogerpon-Wellspring, F|\n|poke|p1|Dragapult, M|\n|poke|p1|Tyranitar, F|\n|poke|p1|Corviknight, M|\n|poke|p2|Breloom, M|\n|poke|p2|Zamazenta-*|\n|poke|p2|Goodra-Hisui, M|\n|poke|p2|Quaquaval, M|\n|poke|p2|Iron Moth|\n|poke|p2|Alomomola, M|\n|teampreview\n|\n|t:|1701136942\n|start\n|switch|p1a: Dragapult|Dragapult, M|100\/100\n|switch|p2a: Breloom|Breloom, M|100\/100\n|turn|1\n|\n|t:|1701136948\n|move|p1a: Dragapult|Shadow Ball|p2a: Breloom\n|-enditem|p2a: Breloom|Focus Sash\n|-damage|p2a: Breloom|1\/100\n|move|p2a: Breloom|Bullet Seed|p1a: Dragapult\n|-resisted|p1a: Dragapult\n|-damage|p1a: Dragapult|87\/100\n|-resisted|p1a: Dragapult\n|-damage|p1a: Dragapult|75\/100\n|-resisted|p1a: Dragapult\n|-damage|p1a: Dragapult|62\/100\n|-hitcount|p1a: Dragapult|3\n|\n|upkeep\n|turn|2\n|\n|t:|1701136958\n|switch|p2a: Goodra|Goodra-Hisui, M|100\/100\n|move|p1a: Dragapult|Shadow Ball|p2a: Goodra\n|-damage|p2a: Goodra|77\/100\n|\n|upkeep\n|turn|3\n|\n|t:|1701136967\n|switch|p1a: Great Tusk|Great Tusk|100\/100\n|-enditem|p1a: Great Tusk|Booster Energy\n|-activate|p1a: Great Tusk|ability: Protosynthesis|[fromitem]\n|-start|p1a: Great Tusk|protosynthesisatk\n|move|p2a: Goodra|Fire Blast|p1a: Great Tusk\n|-crit|p1a: Great Tusk\n|-damage|p1a: Great Tusk|13\/100\n|\n|upkeep\n|turn|4\n|\n|t:|1701136992\n|switch|p2a: Alomomola|Alomomola, M|100\/100\n|move|p1a: Great Tusk|Close Combat|p2a: Alomomola\n|-damage|p2a: Alomomola|49\/100\n|-unboost|p1a: Great Tusk|def|1\n|-unboost|p1a: Great Tusk|spd|1\n|-enditem|p2a: Alomomola|Red Card|[of] p1a: Great Tusk\n|-end|p1a: Great Tusk|Protosynthesis|[silent]\n|drag|p1a: Iron Moth|Iron Moth|100\/100\n|-enditem|p1a: Iron Moth|Booster Energy\n|-activate|p1a: Iron Moth|ability: Quark Drive|[fromitem]\n|-start|p1a: Iron Moth|quarkdrivespe\n|\n|upkeep\n|turn|5\n|\n|t:|1701137007\n|switch|p2a: Goodra|Goodra-Hisui, M|77\/100\n|move|p1a: Iron Moth|Energy Ball|p2a: Goodra\n|-ability|p2a: Goodra|Sap Sipper|boost\n|-boost|p2a: Goodra|atk|1\n|\n|upkeep\n|turn|6\n|\n|t:|1701137017\n|-end|p1a: Iron Moth|Quark Drive|[silent]\n|switch|p1a: Corviknight|Corviknight, M|100\/100\n|move|p2a: Goodra|Flash Cannon|p1a: Corviknight\n|-resisted|p1a: Corviknight\n|-damage|p1a: Corviknight|81\/100\n|\n|upkeep\n|turn|7\n|\n|t:|1701137024\n|move|p2a: Goodra|Earthquake|p1a: Corviknight\n|-immune|p1a: Corviknight\n|move|p1a: Corviknight|U-turn|p2a: Goodra\n|-resisted|p2a: Goodra\n|-damage|p2a: Goodra|70\/100\n|\n|t:|1701137028\n|switch|p1a: Great Tusk|Great Tusk|13\/100|[from] U-turn\n|\n|upkeep\n|turn|8\n|\n|t:|1701137033\n|switch|p2a: Alomomola|Alomomola, M|83\/100\n|move|p1a: Great Tusk|Close Combat|p2a: Alomomola\n|-damage|p2a: Alomomola|41\/100\n|-unboost|p1a: Great Tusk|def|1\n|-unboost|p1a: Great Tusk|spd|1\n|\n|upkeep\n|turn|9\n|\n|t:|1701137043\n|move|p1a: Great Tusk|Close Combat|p2a: Alomomola\n|-damage|p2a: Alomomola|6\/100\n|-unboost|p1a: Great Tusk|def|1\n|-unboost|p1a: Great Tusk|spd|1\n|move|p2a: Alomomola|Flip Turn|p1a: Great Tusk\n|-supereffective|p1a: Great Tusk\n|-damage|p1a: Great Tusk|0 fnt\n|faint|p1a: Great Tusk\n|-end|p1a: Great Tusk|Protosynthesis|[silent]\n|\n|t:|1701137055\n|switch|p2a: Zamazenta|Zamazenta|100\/100|[from] Flip Turn\n|-ability|p2a: Zamazenta|Dauntless Shield|boost\n|-boost|p2a: Zamazenta|def|1\n|\n|upkeep\n|\n|t:|1701137062\n|switch|p1a: Dragapult|Dragapult, M|62\/100\n|turn|10\n|\n|t:|1701137067\n|move|p1a: Dragapult|Shadow Ball|p2a: Zamazenta\n|-damage|p2a: Zamazenta|69\/100\n|move|p2a: Zamazenta|Crunch|p1a: Dragapult\n|-supereffective|p1a: Dragapult\n|-damage|p1a: Dragapult|0 fnt\n|faint|p1a: Dragapult\n|\n|upkeep\n|\n|t:|1701137073\n|switch|p1a: Tyranitar|Tyranitar, F|100\/100\n|-weather|Sandstorm|[from] ability: Sand Stream|[of] p1a: Tyranitar\n|turn|11\n|\n|t:|1701137078\n|switch|p1a: Corviknight|Corviknight, M|81\/100\n|move|p2a: Zamazenta|Close Combat|p1a: Corviknight\n|-damage|p1a: Corviknight|46\/100\n|-unboost|p2a: Zamazenta|def|1\n|-unboost|p2a: Zamazenta|spd|1\n|-damage|p2a: Zamazenta|53\/100|[from] item: Rocky Helmet|[of] p1a: Corviknight\n|\n|-weather|Sandstorm|[upkeep]\n|-damage|p2a: Zamazenta|46\/100|[from] Sandstorm\n|upkeep\n|turn|12\n|\n|t:|1701137086\n|-terastallize|p2a: Zamazenta|Fighting\n|move|p2a: Zamazenta|Close Combat|p1a: Corviknight\n|-damage|p1a: Corviknight|0 fnt\n|-unboost|p2a: Zamazenta|def|1\n|-unboost|p2a: Zamazenta|spd|1\n|-damage|p2a: Zamazenta|30\/100|[from] item: Rocky Helmet|[of] p1a: Corviknight\n|faint|p1a: Corviknight\n|\n|-weather|Sandstorm|[upkeep]\n|-damage|p2a: Zamazenta|24\/100|[from] Sandstorm\n|upkeep\n|\n|t:|1701137093\n|switch|p1a: Ogerpon|Ogerpon-Wellspring, F|100\/100\n|turn|13\n|\n|t:|1701137100\n|move|p2a: Zamazenta|Close Combat|p1a: Ogerpon\n|-damage|p1a: Ogerpon|2\/100\n|-unboost|p2a: Zamazenta|def|1\n|-unboost|p2a: Zamazenta|spd|1\n|move|p1a: Ogerpon|Ivy Cudgel|p2a: Zamazenta|[anim] Ivy Cudgel Water\n|-damage|p2a: Zamazenta|0 fnt\n|faint|p2a: Zamazenta\n|\n|-weather|Sandstorm|[upkeep]\n|-damage|p1a: Ogerpon|0 fnt|[from] Sandstorm\n|faint|p1a: Ogerpon\n|upkeep\n|-message|andymaury forfeited.\n|\n|win|doodieray\n|raw|andymaury's rating: 1572 &rarr; <strong>1546<\/strong><br \/>(-26 for losing)\n|raw|doodieray's rating: 1470 &rarr; <strong>1496<\/strong><br \/>(+26 for winning)\n|l|\u2606andymaury\n","uploadtime":1701137112,"views":2,"p1id":"andymaury","p2id":"doodieray","formatid":"gen9ou","rating":1496,"private":0,"password":""}