{"id":"gen9ou-1988465452","p1":"Zerononame","p2":"RSDPM","format":"[Gen 9] OU","log":"|j|\u2606Zerononame\n|j|\u2606RSDPM\n|t:|1699725854\n|gametype|singles\n|player|p1|Zerononame|170|1373\n|player|p2|RSDPM|riley|1336\n|teamsize|p1|6\n|teamsize|p2|6\n|gen|9\n|tier|[Gen 9] OU\n|rated|\n|rule|Sleep Clause Mod: Limit one foe put to sleep\n|rule|Species Clause: Limit one of each Pok\u00e9mon\n|rule|OHKO Clause: OHKO moves are banned\n|rule|Evasion Items Clause: Evasion items are banned\n|rule|Evasion Moves Clause: Evasion moves are banned\n|rule|Endless Battle Clause: Forcing endless battles is banned\n|rule|HP Percentage Mod: HP is shown in percentages\n|clearpoke\n|poke|p1|Ditto|\n|poke|p1|Ceruledge, F|\n|poke|p1|Ting-Lu|\n|poke|p1|Ogerpon-Wellspring, F|\n|poke|p1|Iron Valiant|\n|poke|p1|Zapdos|\n|poke|p2|Wyrdeer, M|\n|poke|p2|Kleavor, F|\n|poke|p2|Ursaluna, F|\n|poke|p2|Basculegion-F, F|\n|poke|p2|Sneasler, M|\n|poke|p2|Overqwil, F|\n|teampreview\n|j| IamBadNoH8Pls\n|\n|t:|1699725870\n|start\n|switch|p1a: Ditto|Ditto|100\/100\n|switch|p2a: Overqwil|Overqwil, F|100\/100\n|-ability|p2a: Overqwil|Intimidate|boost\n|-unboost|p1a: Ditto|atk|1\n|-transform|p1a: Ditto|p2a: Overqwil|[from] ability: Imposter\n|-ability|p1a: Ditto|Intimidate|boost\n|-unboost|p2a: Overqwil|atk|1\n|turn|1\n|\n|t:|1699725889\n|move|p1a: Ditto|Spikes|p2a: Overqwil\n|-sidestart|p2: RSDPM|Spikes\n|move|p2a: Overqwil|Spikes|p1a: Ditto\n|-sidestart|p1: Zerononame|Spikes\n|\n|upkeep\n|turn|2\n|\n|t:|1699725901\n|move|p1a: Ditto|Spikes|p2a: Overqwil\n|-sidestart|p2: RSDPM|Spikes\n|move|p2a: Overqwil|Spikes|p1a: Ditto\n|-sidestart|p1: Zerononame|Spikes\n|\n|upkeep\n|turn|3\n|\n|t:|1699725904\n|move|p1a: Ditto|Spikes|p2a: Overqwil\n|-sidestart|p2: RSDPM|Spikes\n|move|p2a: Overqwil|Spikes|p1a: Ditto\n|-sidestart|p1: Zerononame|Spikes\n|\n|upkeep\n|turn|4\n|\n|t:|1699725920\n|switch|p1a: Ting-Lu|Ting-Lu|100\/100\n|-damage|p1a: Ting-Lu|76\/100|[from] Spikes\n|-ability|p1a: Ting-Lu|Vessel of Ruin\n|move|p2a: Overqwil|Toxic|p1a: Ting-Lu\n|-status|p1a: Ting-Lu|tox\n|\n|-heal|p1a: Ting-Lu|82\/100 tox|[from] item: Leftovers\n|-damage|p1a: Ting-Lu|76\/100 tox|[from] psn\n|upkeep\n|turn|5\n|\n|t:|1699725932\n|move|p2a: Overqwil|Protect|p2a: Overqwil\n|-singleturn|p2a: Overqwil|Protect\n|move|p1a: Ting-Lu|Earthquake|p2a: Overqwil\n|-activate|p2a: Overqwil|move: Protect\n|\n|-heal|p1a: Ting-Lu|82\/100 tox|[from] item: Leftovers\n|-damage|p1a: Ting-Lu|69\/100 tox|[from] psn\n|upkeep\n|turn|6\n|\n|t:|1699725943\n|move|p2a: Overqwil|Barb Barrage|p1a: Ting-Lu\n|-resisted|p1a: Ting-Lu\n|-damage|p1a: Ting-Lu|62\/100 tox\n|move|p1a: Ting-Lu|Ruination|p2a: Overqwil\n|-damage|p2a: Overqwil|50\/100\n|\n|-heal|p2a: Overqwil|57\/100|[from] item: Black Sludge\n|-heal|p1a: Ting-Lu|68\/100 tox|[from] item: Leftovers\n|-damage|p1a: Ting-Lu|49\/100 tox|[from] psn\n|upkeep\n|turn|7\n|\n|t:|1699725954\n|switch|p1a: Zapdos|Zapdos|100\/100\n|move|p2a: Overqwil|Toxic|p1a: Zapdos\n|-status|p1a: Zapdos|tox\n|\n|-heal|p2a: Overqwil|63\/100|[from] item: Black Sludge\n|-damage|p1a: Zapdos|94\/100 tox|[from] psn\n|upkeep\n|turn|8\n|\n|t:|1699725964\n|move|p2a: Overqwil|Protect|p2a: Overqwil\n|-singleturn|p2a: Overqwil|Protect\n|move|p1a: Zapdos|Discharge|p2a: Overqwil\n|-activate|p2a: Overqwil|move: Protect\n|\n|-heal|p2a: Overqwil|69\/100|[from] item: Black Sludge\n|-damage|p1a: Zapdos|82\/100 tox|[from] psn\n|upkeep\n|turn|9\n|\n|t:|1699725973\n|move|p1a: Zapdos|Hurricane|p2a: Overqwil\n|-damage|p2a: Overqwil|7\/100\n|-start|p2a: Overqwil|confusion\n|-activate|p2a: Overqwil|confusion\n|move|p2a: Overqwil|Barb Barrage|p1a: Zapdos\n|-damage|p1a: Zapdos|62\/100 tox\n|\n|-heal|p2a: Overqwil|13\/100|[from] item: Black Sludge\n|-damage|p1a: Zapdos|44\/100 tox|[from] psn\n|upkeep\n|turn|10\n|\n|t:|1699725985\n|switch|p1a: Ceruledge|Ceruledge, F|100\/100\n|-activate|p2a: Overqwil|confusion\n|-damage|p2a: Overqwil|8\/100|[from] confusion\n|\n|-heal|p2a: Overqwil|14\/100|[from] item: Black Sludge\n|upkeep\n|turn|11\n|-message|Zerononame forfeited.\n|\n|win|RSDPM\n|raw|Zerononame's rating: 1373 &rarr; <strong>1351<\/strong><br \/>(-22 for losing)\n|raw|RSDPM's rating: 1336 &rarr; <strong>1358<\/strong><br \/>(+22 for winning)\n|l|\u2606Zerononame\n|l| IamBadNoH8Pls\n","uploadtime":1699726020,"views":16,"p1id":"zerononame","p2id":"rsdpm","formatid":"gen9ou","rating":1351,"private":0,"password":""}