{"id":"gen9ou-1991591824","p1":"4AnneauxGris","p2":"alt no. 597","format":"[Gen 9] OU","log":"|j|\u26064AnneauxGris\n|j|\u2606alt no. 597\n|t:|1700091848\n|gametype|singles\n|player|p1|4AnneauxGris|marshal|1605\n|player|p2|alt no. 597|acetrainersnowf|1684\n|teamsize|p1|6\n|teamsize|p2|6\n|gen|9\n|tier|[Gen 9] OU\n|rated|\n|rule|Sleep Clause Mod: Limit one foe put to sleep\n|rule|Species Clause: Limit one of each Pok\u00e9mon\n|rule|OHKO Clause: OHKO moves are banned\n|rule|Evasion Items Clause: Evasion items are banned\n|rule|Evasion Moves Clause: Evasion moves are banned\n|rule|Endless Battle Clause: Forcing endless battles is banned\n|rule|HP Percentage Mod: HP is shown in percentages\n|clearpoke\n|poke|p1|Torkoal, M|\n|poke|p1|Walking Wake|\n|poke|p1|Kingambit, M|\n|poke|p1|Cinderace, M|\n|poke|p1|Great Tusk|\n|poke|p1|Heatran, M|\n|poke|p2|Clefable, M|\n|poke|p2|Rillaboom, F|\n|poke|p2|Heatran, M|\n|poke|p2|Great Tusk|\n|poke|p2|Dragapult, M|\n|poke|p2|Tornadus-Therian, M|\n|teampreview\n|\n|t:|1700091871\n|start\n|switch|p1a: Great Tusk|Great Tusk|100\/100\n|switch|p2a: Dragapult|Dragapult, M|100\/100\n|turn|1\n|\n|t:|1700091876\n|-end|p1a: Great Tusk|Protosynthesis|[silent]\n|switch|p1a: Kingambit|Kingambit, M|100\/100\n|move|p2a: Dragapult|Draco Meteor|p1a: Kingambit\n|-resisted|p1a: Kingambit\n|-damage|p1a: Kingambit|63\/100\n|-unboost|p2a: Dragapult|spa|2\n|\n|-heal|p1a: Kingambit|69\/100|[from] item: Leftovers\n|upkeep\n|turn|2\n|\n|t:|1700091887\n|switch|p2a: Great Tusk|Great Tusk|100\/100\n|-enditem|p2a: Great Tusk|Booster Energy\n|-activate|p2a: Great Tusk|ability: Protosynthesis|[fromitem]\n|-start|p2a: Great Tusk|protosynthesisatk\n|-end|p1a: Kingambit|fallenundefined|[silent]\n|switch|p1a: Walking Wake|Walking Wake|100\/100\n|\n|upkeep\n|turn|3\n|\n|t:|1700091897\n|-end|p2a: Great Tusk|Protosynthesis|[silent]\n|switch|p2a: Tornadus|Tornadus-Therian, M|100\/100\n|move|p1a: Walking Wake|Hydro Steam|p2a: Tornadus\n|-crit|p2a: Tornadus\n|-damage|p2a: Tornadus|46\/100\n|\n|upkeep\n|turn|4\n|\n|t:|1700091901\n|-end|p1a: Walking Wake|Protosynthesis|[silent]\n|switch|p1a: Torkoal|Torkoal, M|100\/100\n|-weather|SunnyDay|[from] ability: Drought|[of] p1a: Torkoal\n|move|p2a: Tornadus|Knock Off|p1a: Torkoal\n|-damage|p1a: Torkoal|89\/100\n|-enditem|p1a: Torkoal|Heat Rock|[from] move: Knock Off|[of] p2a: Tornadus\n|\n|-weather|SunnyDay|[upkeep]\n|upkeep\n|turn|5\n|\n|t:|1700091908\n|move|p2a: Tornadus|U-turn|p1a: Torkoal\n|-resisted|p1a: Torkoal\n|-damage|p1a: Torkoal|86\/100\n|\n|t:|1700091910\n|switch|p2a: Heatran|Heatran, M|100\/100|[from] U-turn\n|move|p1a: Torkoal|Stealth Rock|p2a: Heatran\n|-sidestart|p2: alt no. 597|move: Stealth Rock\n|\n|-weather|SunnyDay|[upkeep]\n|upkeep\n|turn|6\n|\n|t:|1700091920\n|switch|p2a: Dragapult|Dragapult, M|100\/100\n|-damage|p2a: Dragapult|88\/100|[from] Stealth Rock\n|switch|p1a: Walking Wake|Walking Wake|100\/100\n|-activate|p1a: Walking Wake|ability: Protosynthesis\n|-start|p1a: Walking Wake|protosynthesisspe\n|\n|-weather|SunnyDay|[upkeep]\n|upkeep\n|turn|7\n|\n|t:|1700091931\n|switch|p2a: Tornadus|Tornadus-Therian, M|79\/100\n|-damage|p2a: Tornadus|54\/100|[from] Stealth Rock\n|-terastallize|p1a: Walking Wake|Water\n|move|p1a: Walking Wake|Hydro Steam|p2a: Tornadus\n|-damage|p2a: Tornadus|0 fnt\n|faint|p2a: Tornadus\n|\n|-weather|SunnyDay|[upkeep]\n|upkeep\n|\n|t:|1700091933\n|switch|p2a: Rillaboom|Rillaboom, F|100\/100\n|-damage|p2a: Rillaboom|88\/100|[from] Stealth Rock\n|-fieldstart|move: Grassy Terrain|[from] ability: Grassy Surge|[of] p2a: Rillaboom\n|turn|8\n|\n|t:|1700091940\n|-end|p1a: Walking Wake|Protosynthesis|[silent]\n|switch|p1a: Heatran|Heatran, M|100\/100\n|move|p2a: Rillaboom|U-turn|p1a: Heatran\n|-resisted|p1a: Heatran\n|-damage|p1a: Heatran|93\/100\n|\n|t:|1700091946\n|switch|p2a: Great Tusk|Great Tusk|100\/100|[from] U-turn\n|-damage|p2a: Great Tusk|98\/100|[from] Stealth Rock\n|-activate|p2a: Great Tusk|ability: Protosynthesis\n|-start|p2a: Great Tusk|protosynthesisatk\n|\n|-weather|SunnyDay|[upkeep]\n|-heal|p2a: Great Tusk|100\/100|[from] Grassy Terrain\n|-heal|p1a: Heatran|99\/100|[from] Grassy Terrain\n|-heal|p1a: Heatran|100\/100|[from] item: Leftovers\n|upkeep\n|turn|9\n|\n|t:|1700092002\n|move|p1a: Heatran|Protect|p1a: Heatran\n|-singleturn|p1a: Heatran|Protect\n|move|p2a: Great Tusk|Headlong Rush|p1a: Heatran\n|-activate|p1a: Heatran|move: Protect\n|\n|-weather|SunnyDay|[upkeep]\n|upkeep\n|turn|10\n|\n|t:|1700092008\n|switch|p1a: Great Tusk|Great Tusk|100\/100\n|-activate|p1a: Great Tusk|ability: Protosynthesis\n|-start|p1a: Great Tusk|protosynthesisatk\n|move|p2a: Great Tusk|Headlong Rush|p1a: Great Tusk\n|-damage|p1a: Great Tusk|37\/100\n|-unboost|p2a: Great Tusk|def|1\n|-unboost|p2a: Great Tusk|spd|1\n|\n|-weather|SunnyDay|[upkeep]\n|-heal|p1a: Great Tusk|44\/100|[from] Grassy Terrain\n|upkeep\n|turn|11\n|\n|t:|1700092021\n|move|p2a: Great Tusk|Rapid Spin|p1a: Great Tusk\n|-crit|p1a: Great Tusk\n|-damage|p1a: Great Tusk|17\/100\n|-boost|p2a: Great Tusk|spe|1\n|-sideend|p2: alt no. 597|Stealth Rock|[from] move: Rapid Spin|[of] p2a: Great Tusk\n|move|p1a: Great Tusk|Headlong Rush|p2a: Great Tusk\n|-damage|p2a: Great Tusk|13\/100\n|-unboost|p1a: Great Tusk|def|1\n|-unboost|p1a: Great Tusk|spd|1\n|-enditem|p1a: Great Tusk|Eject Pack\n|\n|t:|1700092089\n|-end|p1a: Great Tusk|Protosynthesis|[silent]\n|switch|p1a: Torkoal|Torkoal, M|86\/100\n|\n|-weather|none\n|-end|p2a: Great Tusk|Protosynthesis\n|-heal|p2a: Great Tusk|19\/100|[from] Grassy Terrain\n|-heal|p1a: Torkoal|92\/100|[from] Grassy Terrain\n|upkeep\n|turn|12\n|\n|t:|1700092116\n|move|p2a: Great Tusk|Headlong Rush|p1a: Torkoal\n|-supereffective|p1a: Torkoal\n|-damage|p1a: Torkoal|17\/100\n|-unboost|p2a: Great Tusk|def|1\n|-unboost|p2a: Great Tusk|spd|1\n|move|p1a: Torkoal|Lava Plume|p2a: Great Tusk\n|-damage|p2a: Great Tusk|0 fnt\n|faint|p2a: Great Tusk\n|-end|p2a: Great Tusk|Protosynthesis|[silent]\n|\n|-heal|p1a: Torkoal|23\/100|[from] Grassy Terrain\n|-fieldend|move: Grassy Terrain\n|upkeep\n|inactive|Battle timer is ON: inactive players will automatically lose when time's up. (requested by 4AnneauxGris)\n|\n|t:|1700092126\n|switch|p2a: Dragapult|Dragapult, M|88\/100\n|turn|13\n|\n|t:|1700092131\n|switch|p1a: Great Tusk|Great Tusk|17\/100\n|move|p2a: Dragapult|Shadow Ball|p1a: Great Tusk\n|-damage|p1a: Great Tusk|0 fnt\n|faint|p1a: Great Tusk\n|-end|p1a: Great Tusk|Protosynthesis|[silent]\n|\n|upkeep\n|\n|t:|1700092136\n|switch|p1a: Kingambit|Kingambit, M|69\/100\n|-activate|p1a: Kingambit|ability: Supreme Overlord\n|-start|p1a: Kingambit|fallen1|[silent]\n|turn|14\n|\n|t:|1700092140\n|switch|p2a: Heatran|Heatran, M|100\/100\n|move|p1a: Kingambit|Kowtow Cleave|p2a: Heatran\n|-damage|p2a: Heatran|50\/100\n|\n|-heal|p2a: Heatran|56\/100|[from] item: Leftovers\n|-heal|p1a: Kingambit|75\/100|[from] item: Leftovers\n|upkeep\n|turn|15\n|\n|t:|1700092151\n|-end|p1a: Kingambit|fallen1|[silent]\n|switch|p1a: Walking Wake|Walking Wake, tera:Water|100\/100\n|move|p2a: Heatran|Earth Power|p1a: Walking Wake\n|-damage|p1a: Walking Wake|69\/100\n|\n|-heal|p2a: Heatran|62\/100|[from] item: Leftovers\n|upkeep\n|turn|16\n|\n|t:|1700092159\n|move|p2a: Heatran|Protect|p2a: Heatran\n|-singleturn|p2a: Heatran|Protect\n|move|p1a: Walking Wake|Hydro Steam|p2a: Heatran\n|-activate|p2a: Heatran|move: Protect\n|\n|-heal|p2a: Heatran|69\/100|[from] item: Leftovers\n|upkeep\n|turn|17\n|\n|t:|1700092163\n|-end|p1a: Walking Wake|Protosynthesis|[silent]\n|switch|p1a: Torkoal|Torkoal, M|23\/100\n|-weather|SunnyDay|[from] ability: Drought|[of] p1a: Torkoal\n|switch|p2a: Rillaboom|Rillaboom, F|88\/100\n|-fieldstart|move: Grassy Terrain|[from] ability: Grassy Surge|[of] p2a: Rillaboom\n|\n|-weather|SunnyDay|[upkeep]\n|-heal|p2a: Rillaboom|94\/100|[from] Grassy Terrain\n|-heal|p1a: Torkoal|29\/100|[from] Grassy Terrain\n|upkeep\n|turn|18\n|\n|t:|1700092170\n|move|p2a: Rillaboom|Wood Hammer|p1a: Torkoal\n|-resisted|p1a: Torkoal\n|-damage|p1a: Torkoal|0 fnt\n|faint|p1a: Torkoal\n|-damage|p2a: Rillaboom|86\/100|[from] Recoil\n|\n|-weather|SunnyDay|[upkeep]\n|-heal|p2a: Rillaboom|92\/100|[from] Grassy Terrain\n|upkeep\n|\n|t:|1700092183\n|switch|p1a: Cinderace|Cinderace, M|100\/100\n|turn|19\n|\n|t:|1700092189\n|switch|p2a: Heatran|Heatran, M|69\/100\n|move|p1a: Cinderace|Pyro Ball|p2a: Heatran\n|-start|p2a: Heatran|ability: Flash Fire\n|\n|-weather|SunnyDay|[upkeep]\n|-heal|p2a: Heatran|75\/100|[from] Grassy Terrain\n|-heal|p2a: Heatran|81\/100|[from] item: Leftovers\n|upkeep\n|turn|20\n|\n|t:|1700092192\n|move|p2a: Heatran|Protect|p2a: Heatran\n|-singleturn|p2a: Heatran|Protect\n|move|p1a: Cinderace|High Jump Kick|p2a: Heatran\n|-start|p1a: Cinderace|typechange|Fighting|[from] ability: Libero\n|-activate|p2a: Heatran|move: Protect\n|-damage|p1a: Cinderace|51\/100|[from] highjumpkick\n|\n|-weather|SunnyDay|[upkeep]\n|-heal|p1a: Cinderace|57\/100|[from] Grassy Terrain\n|-heal|p2a: Heatran|87\/100|[from] Grassy Terrain\n|-heal|p2a: Heatran|94\/100|[from] item: Leftovers\n|upkeep\n|turn|21\n|\n|t:|1700092195\n|-end|p2a: Heatran|ability: Flash Fire|[silent]\n|switch|p2a: Dragapult|Dragapult, M|88\/100\n|move|p1a: Cinderace|High Jump Kick|p2a: Dragapult\n|-immune|p2a: Dragapult\n|-damage|p1a: Cinderace|7\/100|[from] highjumpkick\n|\n|-weather|none\n|-heal|p2a: Dragapult|94\/100|[from] Grassy Terrain\n|-heal|p1a: Cinderace|13\/100|[from] Grassy Terrain\n|-fieldend|move: Grassy Terrain\n|upkeep\n|turn|22\n|\n|t:|1700092202\n|switch|p1a: Kingambit|Kingambit, M|75\/100\n|-activate|p1a: Kingambit|ability: Supreme Overlord\n|-start|p1a: Kingambit|fallen2|[silent]\n|move|p2a: Dragapult|U-turn|p1a: Kingambit\n|-damage|p1a: Kingambit|64\/100\n|\n|t:|1700092206\n|switch|p2a: Heatran|Heatran, M|94\/100|[from] U-turn\n|\n|-heal|p2a: Heatran|99\/100|[from] item: Leftovers\n|-heal|p1a: Kingambit|70\/100|[from] item: Leftovers\n|upkeep\n|turn|23\n|\n|t:|1700092220\n|-end|p1a: Kingambit|fallen2|[silent]\n|switch|p1a: Cinderace|Cinderace, M|13\/100\n|move|p2a: Heatran|Earth Power|p1a: Cinderace\n|-supereffective|p1a: Cinderace\n|-damage|p1a: Cinderace|0 fnt\n|faint|p1a: Cinderace\n|\n|-heal|p2a: Heatran|100\/100|[from] item: Leftovers\n|upkeep\n|\n|t:|1700092223\n|switch|p1a: Walking Wake|Walking Wake, tera:Water|69\/100\n|turn|24\n|\n|t:|1700092228\n|move|p2a: Heatran|Protect|p2a: Heatran\n|-singleturn|p2a: Heatran|Protect\n|move|p1a: Walking Wake|Hydro Steam|p2a: Heatran\n|-activate|p2a: Heatran|move: Protect\n|\n|upkeep\n|turn|25\n|\n|t:|1700092234\n|-end|p1a: Walking Wake|Protosynthesis|[silent]\n|switch|p1a: Heatran|Heatran, M|100\/100\n|switch|p2a: Rillaboom|Rillaboom, F|92\/100\n|-fieldstart|move: Grassy Terrain|[from] ability: Grassy Surge|[of] p2a: Rillaboom\n|\n|-heal|p2a: Rillaboom|98\/100|[from] Grassy Terrain\n|upkeep\n|turn|26\n|\n|t:|1700092238\n|move|p2a: Rillaboom|Knock Off|p1a: Heatran\n|-damage|p1a: Heatran|54\/100\n|-enditem|p1a: Heatran|Leftovers|[from] move: Knock Off|[of] p2a: Rillaboom\n|move|p1a: Heatran|Magma Storm|p2a: Rillaboom\n|-supereffective|p2a: Rillaboom\n|-crit|p2a: Rillaboom\n|-damage|p2a: Rillaboom|0 fnt\n|faint|p2a: Rillaboom\n|\n|-heal|p1a: Heatran|60\/100|[from] Grassy Terrain\n|upkeep\n|inactive|alt no. 597 has 120 seconds left.\n|j| ssakcalbkciht\n|l| ssakcalbkciht\n|\n|t:|1700092284\n|switch|p2a: Heatran|Heatran, M|100\/100\n|turn|27\n|\n|t:|1700092295\n|move|p1a: Heatran|Earth Power|p2a: Heatran\n|-supereffective|p2a: Heatran\n|-damage|p2a: Heatran|38\/100\n|move|p2a: Heatran|Earth Power|p1a: Heatran\n|-supereffective|p1a: Heatran\n|-damage|p1a: Heatran|0 fnt\n|faint|p1a: Heatran\n|\n|-heal|p2a: Heatran|45\/100|[from] Grassy Terrain\n|-heal|p2a: Heatran|51\/100|[from] item: Leftovers\n|upkeep\n|\n|t:|1700092311\n|switch|p1a: Walking Wake|Walking Wake, tera:Water|69\/100\n|turn|28\n|\n|t:|1700092314\n|move|p2a: Heatran|Protect|p2a: Heatran\n|-singleturn|p2a: Heatran|Protect\n|move|p1a: Walking Wake|Hydro Steam|p2a: Heatran\n|-activate|p2a: Heatran|move: Protect\n|\n|-heal|p1a: Walking Wake|75\/100|[from] Grassy Terrain\n|-heal|p2a: Heatran|57\/100|[from] Grassy Terrain\n|-heal|p2a: Heatran|63\/100|[from] item: Leftovers\n|upkeep\n|turn|29\n|\n|t:|1700092321\n|switch|p2a: Dragapult|Dragapult, M|94\/100\n|move|p1a: Walking Wake|Hydro Steam|p2a: Dragapult\n|-resisted|p2a: Dragapult\n|-damage|p2a: Dragapult|40\/100\n|\n|-heal|p2a: Dragapult|46\/100|[from] Grassy Terrain\n|-heal|p1a: Walking Wake|82\/100|[from] Grassy Terrain\n|-fieldend|move: Grassy Terrain\n|upkeep\n|turn|30\n|\n|t:|1700092330\n|-end|p1a: Walking Wake|Protosynthesis|[silent]\n|switch|p1a: Kingambit|Kingambit, M|70\/100\n|-activate|p1a: Kingambit|ability: Supreme Overlord\n|-start|p1a: Kingambit|fallen4|[silent]\n|move|p2a: Dragapult|Flamethrower|p1a: Kingambit\n|-supereffective|p1a: Kingambit\n|-damage|p1a: Kingambit|0 fnt\n|faint|p1a: Kingambit\n|-end|p1a: Kingambit|fallen4|[silent]\n|\n|upkeep\n|\n|t:|1700092336\n|switch|p1a: Walking Wake|Walking Wake, tera:Water|82\/100\n|turn|31\n|\n|t:|1700092341\n|switch|p2a: Heatran|Heatran, M|63\/100\n|move|p1a: Walking Wake|Hydro Steam|p2a: Heatran\n|-supereffective|p2a: Heatran\n|-damage|p2a: Heatran|0 fnt\n|faint|p2a: Heatran\n|\n|upkeep\n|\n|t:|1700092345\n|switch|p2a: Clefable|Clefable, M|100\/100\n|turn|32\n|\n|t:|1700092348\n|move|p1a: Walking Wake|Hydro Steam|p2a: Clefable\n|-damage|p2a: Clefable|20\/100\n|move|p2a: Clefable|Moonblast|p1a: Walking Wake\n|-damage|p1a: Walking Wake|44\/100\n|-unboost|p1a: Walking Wake|spa|1\n|\n|-heal|p2a: Clefable|26\/100|[from] item: Leftovers\n|upkeep\n|turn|33\n|\n|t:|1700092353\n|move|p1a: Walking Wake|Hydro Steam|p2a: Clefable\n|-damage|p2a: Clefable|0 fnt\n|faint|p2a: Clefable\n|\n|upkeep\n|\n|t:|1700092354\n|switch|p2a: Dragapult|Dragapult, M|46\/100\n|turn|34\n|\n|t:|1700092356\n|move|p2a: Dragapult|Shadow Ball|p1a: Walking Wake\n|-damage|p1a: Walking Wake|0 fnt\n|faint|p1a: Walking Wake\n|-end|p1a: Walking Wake|Protosynthesis|[silent]\n|\n|win|alt no. 597\n|raw|4AnneauxGris's rating: 1605 &rarr; <strong>1589<\/strong><br \/>(-16 for losing)\n|raw|alt no. 597's rating: 1684 &rarr; <strong>1700<\/strong><br \/>(+16 for winning)\n|l|\u26064AnneauxGris\n|c|\u2606alt no. 597|gg\n","uploadtime":1700092363,"views":8,"p1id":"4anneauxgris","p2id":"altno597","formatid":"gen9ou","rating":1589,"private":0,"password":""}