{"id":"gen9ou-1991259999","p1":"Mr. Kessler","p2":"grunkleconn","format":"[Gen 9] OU","log":"|j|\u2606Mr. Kessler\n|j|\u2606grunkleconn\n|t:|1700062125\n|gametype|singles\n|player|p1|Mr. Kessler|gambler|\n|player|p2|grunkleconn|170|\n|teamsize|p1|6\n|teamsize|p2|6\n|gen|9\n|tier|[Gen 9] OU\n|rule|Sleep Clause Mod: Limit one foe put to sleep\n|rule|Species Clause: Limit one of each Pok\u00e9mon\n|rule|OHKO Clause: OHKO moves are banned\n|rule|Evasion Items Clause: Evasion items are banned\n|rule|Evasion Moves Clause: Evasion moves are banned\n|rule|Endless Battle Clause: Forcing endless battles is banned\n|rule|HP Percentage Mod: HP is shown in percentages\n|clearpoke\n|poke|p1|Samurott-Hisui, M|\n|poke|p1|Scizor, M|\n|poke|p1|Chandelure, F|\n|poke|p1|Eelektross, F|\n|poke|p1|Golem-Alola, M|\n|poke|p1|Fraxure, F|\n|poke|p2|Ting-Lu|\n|poke|p2|Volcanion|\n|poke|p2|Cloyster, F|\n|poke|p2|Scyther, F|\n|poke|p2|Indeedee, M|\n|poke|p2|Falinks|\n|teampreview\n|inactive|Battle timer is ON: inactive players will automatically lose when time's up. (requested by Mr. Kessler)\n|c|\u2606grunkleconn|alright\n|c|\u2606grunkleconn|if we tera any mon RU or above insta loss\n|inactive|grunkleconn has 270 seconds left.\n|\n|t:|1700062156\n|start\n|switch|p1a: Hammy|Samurott-Hisui, M|100\/100\n|switch|p2a: Lawnmower|Scyther, F|100\/100\n|turn|1\n|c|\u2606Mr. Kessler|yuh\n|\n|t:|1700062163\n|move|p1a: Hammy|Ceaseless Edge|p2a: Lawnmower\n|-damage|p2a: Lawnmower|39\/100\n|-sidestart|p2: grunkleconn|Spikes\n|move|p2a: Lawnmower|Bug Bite|p1a: Hammy\n|-supereffective|p1a: Hammy\n|-damage|p1a: Hammy|2\/100\n|\n|upkeep\n|turn|2\n|\n|t:|1700062172\n|switch|p2a: avgFEbattalion|Falinks|100\/100\n|-damage|p2a: avgFEbattalion|88\/100|[from] Spikes\n|move|p1a: Hammy|Ceaseless Edge|p2a: avgFEbattalion|[miss]\n|-miss|p1a: Hammy|p2a: avgFEbattalion\n|\n|upkeep\n|turn|3\n|\n|t:|1700062179\n|switch|p1a: Red Lightning|Scizor, M|100\/100\n|move|p2a: avgFEbattalion|Knock Off|p1a: Red Lightning\n|-damage|p1a: Red Lightning|55\/100\n|-enditem|p1a: Red Lightning|Life Orb|[from] move: Knock Off|[of] p2a: avgFEbattalion\n|\n|upkeep\n|turn|4\n|\n|t:|1700062192\n|move|p2a: avgFEbattalion|Knock Off|p1a: Red Lightning\n|-damage|p1a: Red Lightning|22\/100\n|move|p1a: Red Lightning|U-turn|p2a: avgFEbattalion\n|-resisted|p2a: avgFEbattalion\n|-damage|p2a: avgFEbattalion|67\/100\n|\n|t:|1700062205\n|switch|p1a: Boo!|Chandelure, F|100\/100|[from] U-turn\n|\n|upkeep\n|turn|5\n|\n|t:|1700062210\n|switch|p2a: bowlingforsoup|Ting-Lu|100\/100\n|-damage|p2a: bowlingforsoup|88\/100|[from] Spikes\n|-ability|p2a: bowlingforsoup|Vessel of Ruin\n|move|p1a: Boo!|Fire Blast|p2a: bowlingforsoup\n|-damage|p2a: bowlingforsoup|53\/100\n|\n|-heal|p2a: bowlingforsoup|59\/100|[from] item: Leftovers\n|upkeep\n|turn|6\n|\n|t:|1700062214\n|switch|p1a: Hammy|Samurott-Hisui, M|2\/100\n|move|p2a: bowlingforsoup|Stealth Rock|p1a: Hammy\n|-sidestart|p1: Mr. Kessler|move: Stealth Rock\n|\n|-heal|p2a: bowlingforsoup|65\/100|[from] item: Leftovers\n|upkeep\n|turn|7\n|\n|t:|1700062239\n|switch|p2a: Lawnmower|Scyther, F|39\/100\n|move|p1a: Hammy|Ceaseless Edge|p2a: Lawnmower\n|-damage|p2a: Lawnmower|0 fnt\n|-sidestart|p2: grunkleconn|Spikes\n|faint|p2a: Lawnmower\n|\n|upkeep\n|\n|t:|1700062247\n|switch|p2a: INDEED!|Indeedee, M|100\/100\n|-damage|p2a: INDEED!|84\/100|[from] Spikes\n|-fieldstart|move: Psychic Terrain|[from] ability: Psychic Surge|[of] p2a: INDEED!\n|turn|8\n|\n|t:|1700062250\n|move|p2a: INDEED!|Dazzling Gleam|p1a: Hammy\n|-supereffective|p1a: Hammy\n|-damage|p1a: Hammy|0 fnt\n|faint|p1a: Hammy\n|\n|upkeep\n|\n|t:|1700062261\n|switch|p1a: Boo!|Chandelure, F|100\/100\n|-damage|p1a: Boo!|76\/100|[from] Stealth Rock\n|turn|9\n|\n|t:|1700062272\n|switch|p2a: Locomotive|Volcanion|100\/100\n|move|p1a: Boo!|Trick|p2a: Locomotive\n|-activate|p1a: Boo!|move: Trick|[of] p2a: Locomotive\n|-item|p2a: Locomotive|Choice Scarf|[from] move: Trick\n|-item|p1a: Boo!|Heavy-Duty Boots|[from] move: Trick\n|\n|upkeep\n|turn|10\n|\n|t:|1700062281\n|switch|p1a: Red Lightning|Scizor, M|22\/100\n|-damage|p1a: Red Lightning|10\/100|[from] Stealth Rock\n|move|p2a: Locomotive|Steam Eruption|p1a: Red Lightning\n|-crit|p1a: Red Lightning\n|-damage|p1a: Red Lightning|0 fnt\n|faint|p1a: Red Lightning\n|\n|upkeep\n|\n|t:|1700062297\n|switch|p1a: Rivalry|Fraxure, F, shiny|100\/100\n|-damage|p1a: Rivalry|88\/100|[from] Stealth Rock\n|-ability|p1a: Rivalry|Mold Breaker\n|turn|11\n|\n|t:|1700062312\n|move|p2a: Locomotive|Steam Eruption|p1a: Rivalry|[miss]\n|-miss|p2a: Locomotive|p1a: Rivalry\n|move|p1a: Rivalry|Dragon Dance|p1a: Rivalry\n|-boost|p1a: Rivalry|atk|1\n|-boost|p1a: Rivalry|spe|1\n|\n|upkeep\n|turn|12\n|\n|t:|1700062318\n|move|p1a: Rivalry|Dragon Dance|p1a: Rivalry\n|-boost|p1a: Rivalry|atk|1\n|-boost|p1a: Rivalry|spe|1\n|move|p2a: Locomotive|Steam Eruption|p1a: Rivalry\n|-resisted|p1a: Rivalry\n|-damage|p1a: Rivalry|46\/100\n|\n|-fieldend|move: Psychic Terrain\n|upkeep\n|turn|13\n|\n|t:|1700062327\n|move|p1a: Rivalry|Outrage|p2a: Locomotive\n|-damage|p2a: Locomotive|5\/100\n|move|p2a: Locomotive|Steam Eruption|p1a: Rivalry\n|-resisted|p1a: Rivalry\n|-damage|p1a: Rivalry|1\/100\n|\n|upkeep\n|turn|14\n|\n|t:|1700062331\n|move|p1a: Rivalry|Outrage|p2a: Locomotive|[from]lockedmove\n|-damage|p2a: Locomotive|0 fnt\n|faint|p2a: Locomotive\n|-start|p1a: Rivalry|confusion|[fatigue]\n|\n|upkeep\n|\n|t:|1700062332\n|switch|p2a: Javelin|Cloyster, F, shiny|100\/100\n|-damage|p2a: Javelin|84\/100|[from] Spikes\n|turn|15\n|\n|t:|1700062335\n|move|p2a: Javelin|Ice Shard|p1a: Rivalry\n|-supereffective|p1a: Rivalry\n|-damage|p1a: Rivalry|0 fnt\n|faint|p1a: Rivalry\n|\n|upkeep\n|\n|t:|1700062340\n|switch|p1a: Boo!|Chandelure, F|76\/100\n|turn|16\n|\n|t:|1700062346\n|switch|p2a: bowlingforsoup|Ting-Lu|65\/100\n|-damage|p2a: bowlingforsoup|49\/100|[from] Spikes\n|-ability|p2a: bowlingforsoup|Vessel of Ruin\n|move|p1a: Boo!|Energy Ball|p2a: bowlingforsoup\n|-supereffective|p2a: bowlingforsoup\n|-damage|p2a: bowlingforsoup|10\/100\n|\n|-heal|p2a: bowlingforsoup|16\/100|[from] item: Leftovers\n|upkeep\n|turn|17\n|\n|t:|1700062356\n|move|p1a: Boo!|Energy Ball|p2a: bowlingforsoup\n|-supereffective|p2a: bowlingforsoup\n|-damage|p2a: bowlingforsoup|0 fnt\n|faint|p2a: bowlingforsoup\n|\n|upkeep\n|\n|t:|1700062358\n|switch|p2a: INDEED!|Indeedee, M|84\/100\n|-damage|p2a: INDEED!|67\/100|[from] Spikes\n|-fieldstart|move: Psychic Terrain|[from] ability: Psychic Surge|[of] p2a: INDEED!\n|turn|18\n|\n|t:|1700062368\n|switch|p1a: BOOMer|Golem-Alola, M|100\/100\n|move|p2a: INDEED!|Psychic|p1a: BOOMer\n|-damage|p1a: BOOMer|28\/100\n|\n|upkeep\n|turn|19\n|\n|t:|1700062377\n|move|p2a: INDEED!|Psychic|p1a: BOOMer\n|-damage|p1a: BOOMer|0 fnt\n|faint|p1a: BOOMer\n|\n|upkeep\n|\n|t:|1700062380\n|switch|p1a: Eelly Excited|Eelektross, F|100\/100\n|-damage|p1a: Eelly Excited|88\/100|[from] Stealth Rock\n|turn|20\n|\n|t:|1700062383\n|-terastallize|p1a: Eelly Excited|Steel\n|move|p2a: INDEED!|Psychic|p1a: Eelly Excited\n|-resisted|p1a: Eelly Excited\n|-damage|p1a: Eelly Excited|68\/100\n|move|p1a: Eelly Excited|Coil|p1a: Eelly Excited\n|-boost|p1a: Eelly Excited|atk|1\n|-boost|p1a: Eelly Excited|def|1\n|-boost|p1a: Eelly Excited|accuracy|1\n|\n|-heal|p1a: Eelly Excited|74\/100|[from] item: Leftovers\n|upkeep\n|turn|21\n|\n|t:|1700062388\n|switch|p2a: avgFEbattalion|Falinks|67\/100\n|-damage|p2a: avgFEbattalion|51\/100|[from] Spikes\n|move|p1a: Eelly Excited|Drain Punch|p2a: avgFEbattalion\n|-damage|p2a: avgFEbattalion|19\/100\n|-heal|p1a: Eelly Excited|88\/100|[from] drain|[of] p2a: avgFEbattalion\n|\n|-heal|p1a: Eelly Excited|94\/100|[from] item: Leftovers\n|upkeep\n|turn|22\n|\n|t:|1700062395\n|switch|p1a: Boo!|Chandelure, F|76\/100\n|move|p2a: avgFEbattalion|Close Combat|p1a: Boo!\n|-immune|p1a: Boo!\n|\n|-fieldend|move: Psychic Terrain\n|upkeep\n|turn|23\n|\n|t:|1700062401\n|switch|p2a: INDEED!|Indeedee, M|67\/100\n|-damage|p2a: INDEED!|51\/100|[from] Spikes\n|-fieldstart|move: Psychic Terrain|[from] ability: Psychic Surge|[of] p2a: INDEED!\n|move|p1a: Boo!|Energy Ball|p2a: INDEED!\n|-damage|p2a: INDEED!|4\/100\n|\n|upkeep\n|turn|24\n|\n|t:|1700062423\n|move|p2a: INDEED!|Shadow Ball|p1a: Boo!\n|-supereffective|p1a: Boo!\n|-damage|p1a: Boo!|10\/100\n|move|p1a: Boo!|Energy Ball|p2a: INDEED!\n|-damage|p2a: INDEED!|0 fnt\n|faint|p2a: INDEED!\n|\n|upkeep\n|\n|t:|1700062429\n|switch|p2a: Javelin|Cloyster, F, shiny|84\/100\n|-damage|p2a: Javelin|67\/100|[from] Spikes\n|turn|25\n|\n|t:|1700062432\n|move|p2a: Javelin|Ice Shard|p1a: Boo!\n|-activate|p1a: Boo!|move: Psychic Terrain\n|move|p1a: Boo!|Energy Ball|p2a: Javelin\n|-supereffective|p2a: Javelin\n|-damage|p2a: Javelin|0 fnt\n|faint|p2a: Javelin\n|\n|upkeep\n|c|\u2606Mr. Kessler|oof\n|\n|t:|1700062436\n|switch|p2a: avgFEbattalion|Falinks|19\/100\n|-damage|p2a: avgFEbattalion|2\/100|[from] Spikes\n|turn|26\n|c|\u2606grunkleconn|gg\n|\n|t:|1700062442\n|move|p1a: Boo!|Energy Ball|p2a: avgFEbattalion\n|-damage|p2a: avgFEbattalion|0 fnt\n|faint|p2a: avgFEbattalion\n|\n|win|Mr. Kessler\n|c|\u2606Mr. Kessler|gg wp\n","uploadtime":1700062450,"views":31,"p1id":"mrkessler","p2id":"grunkleconn","formatid":"gen9ou","rating":0,"private":0,"password":""}