{"id":"gen9ou-1990021163","p1":"novice navidad","p2":"Kaladanda","format":"[Gen 9] OU","log":"|j|\u2606novice navidad\n|j|\u2606Kaladanda\n|t:|1699916165\n|gametype|singles\n|player|p1|novice navidad|jasmine-masters|1354\n|player|p2|Kaladanda|biker-gen4|1256\n|teamsize|p1|6\n|teamsize|p2|6\n|gen|9\n|tier|[Gen 9] OU\n|rated|\n|rule|Sleep Clause Mod: Limit one foe put to sleep\n|rule|Species Clause: Limit one of each Pok\u00e9mon\n|rule|OHKO Clause: OHKO moves are banned\n|rule|Evasion Items Clause: Evasion items are banned\n|rule|Evasion Moves Clause: Evasion moves are banned\n|rule|Endless Battle Clause: Forcing endless battles is banned\n|rule|HP Percentage Mod: HP is shown in percentages\n|clearpoke\n|poke|p1|Landorus-Therian, M|\n|poke|p1|Slowking-Galar, F|\n|poke|p1|Zamazenta-*|\n|poke|p1|Iron Valiant|\n|poke|p1|Cinderace, F|\n|poke|p1|Greninja-*, M|\n|poke|p2|Pincurchin, F|\n|poke|p2|Cyclizar, F|\n|poke|p2|Iron Hands|\n|poke|p2|Thundurus, M|\n|poke|p2|Iron Leaves|\n|poke|p2|Iron Jugulis|\n|teampreview\n|inactive|Battle timer is ON: inactive players will automatically lose when time's up. (requested by novice navidad)\n|\n|t:|1699916175\n|start\n|switch|p1a: doggy :)|Landorus-Therian, M, shiny|100\/100\n|switch|p2a: Pincurchin|Pincurchin, F|100\/100\n|-ability|p1a: doggy :)|Intimidate|boost\n|-unboost|p2a: Pincurchin|atk|1\n|-fieldstart|move: Electric Terrain|[from] ability: Electric Surge|[of] p2a: Pincurchin\n|turn|1\n|\n|t:|1699916191\n|switch|p2a: Iron Jugulis|Iron Jugulis|100\/100\n|-activate|p2a: Iron Jugulis|ability: Quark Drive\n|-start|p2a: Iron Jugulis|quarkdrivespe\n|move|p1a: doggy :)|Stealth Rock|p2a: Iron Jugulis\n|-sidestart|p2: Kaladanda|move: Stealth Rock\n|\n|upkeep\n|turn|2\n|\n|t:|1699916200\n|switch|p1a: dr dome|Slowking-Galar, F|100\/100\n|move|p2a: Iron Jugulis|Hurricane|p1a: dr dome\n|-crit|p1a: dr dome\n|-damage|p1a: dr dome|49\/100\n|\n|upkeep\n|turn|3\n|\n|t:|1699916209\n|move|p2a: Iron Jugulis|Dark Pulse|p1a: dr dome\n|-supereffective|p1a: dr dome\n|-damage|p1a: dr dome|0 fnt\n|faint|p1a: dr dome\n|\n|upkeep\n|\n|t:|1699916223\n|switch|p1a: charles|Zamazenta, shiny|100\/100\n|-ability|p1a: charles|Dauntless Shield|boost\n|-boost|p1a: charles|def|1\n|turn|4\n|\n|t:|1699916226\n|move|p2a: Iron Jugulis|Hurricane|p1a: charles\n|-supereffective|p1a: charles\n|-damage|p1a: charles|6\/100\n|move|p1a: charles|Close Combat|p2a: Iron Jugulis\n|-damage|p2a: Iron Jugulis|4\/100\n|-unboost|p1a: charles|def|1\n|-unboost|p1a: charles|spd|1\n|\n|upkeep\n|turn|5\n|\n|t:|1699916236\n|move|p2a: Iron Jugulis|Dark Pulse|p1a: charles\n|-resisted|p1a: charles\n|-damage|p1a: charles|0 fnt\n|faint|p1a: charles\n|\n|upkeep\n|\n|t:|1699916238\n|switch|p1a: rick roll'em|Greninja, M|100\/100\n|turn|6\n|\n|t:|1699916258\n|-end|p2a: Iron Jugulis|Quark Drive|[silent]\n|switch|p2a: Cyclizar|Cyclizar, F|100\/100\n|move|p1a: rick roll'em|Water Shuriken|p2a: Cyclizar\n|-resisted|p2a: Cyclizar\n|-damage|p2a: Cyclizar|96\/100\n|-resisted|p2a: Cyclizar\n|-damage|p2a: Cyclizar|92\/100\n|-hitcount|p2a: Cyclizar|2\n|-damage|p1a: rick roll'em|91\/100|[from] item: Life Orb\n|\n|upkeep\n|turn|7\n|\n|t:|1699916265\n|move|p1a: rick roll'em|Ice Beam|p2a: Cyclizar\n|-supereffective|p2a: Cyclizar\n|-damage|p2a: Cyclizar|25\/100\n|-damage|p1a: rick roll'em|81\/100|[from] item: Life Orb\n|move|p2a: Cyclizar|Rapid Spin|p1a: rick roll'em\n|-damage|p1a: rick roll'em|56\/100\n|-boost|p2a: Cyclizar|spe|1\n|-sideend|p2: Kaladanda|Stealth Rock|[from] move: Rapid Spin|[of] p2a: Cyclizar\n|\n|upkeep\n|turn|8\n|\n|t:|1699916275\n|switch|p1a: doggy :)|Landorus-Therian, M, shiny|100\/100\n|-ability|p1a: doggy :)|Intimidate|boost\n|-unboost|p2a: Cyclizar|atk|1\n|move|p2a: Cyclizar|U-turn|p1a: doggy :)\n|-resisted|p1a: doggy :)\n|-damage|p1a: doggy :)|97\/100\n|-damage|p2a: Cyclizar|8\/100|[from] item: Rocky Helmet|[of] p1a: doggy :)\n|\n|t:|1699916280\n|switch|p2a: Thundurus|Thundurus, M|100\/100|[from] U-turn\n|\n|-fieldend|move: Electric Terrain\n|upkeep\n|turn|9\n|\n|t:|1699916286\n|move|p2a: Thundurus|Taunt|p1a: doggy :)\n|-start|p1a: doggy :)|move: Taunt\n|move|p1a: doggy :)|U-turn|p2a: Thundurus\n|-resisted|p2a: Thundurus\n|-crit|p2a: Thundurus\n|-damage|p2a: Thundurus|76\/100\n|\n|t:|1699916293\n|switch|p1a: rodney|Cinderace, F|100\/100|[from] U-turn\n|\n|upkeep\n|turn|10\n|\n|t:|1699916300\n|switch|p2a: Pincurchin|Pincurchin, F|100\/100\n|-fieldstart|move: Electric Terrain|[from] ability: Electric Surge|[of] p2a: Pincurchin\n|move|p1a: rodney|Pyro Ball|p2a: Pincurchin\n|-damage|p2a: Pincurchin|49\/100\n|\n|upkeep\n|turn|11\n|\n|t:|1699916306\n|move|p1a: rodney|Pyro Ball|p2a: Pincurchin|[miss]\n|-miss|p1a: rodney|p2a: Pincurchin\n|move|p2a: Pincurchin|Memento|p1a: rodney\n|-unboost|p1a: rodney|atk|2\n|-unboost|p1a: rodney|spa|2\n|faint|p2a: Pincurchin\n|\n|upkeep\n|\n|t:|1699916317\n|switch|p2a: Iron Leaves|Iron Leaves|100\/100\n|-activate|p2a: Iron Leaves|ability: Quark Drive\n|-start|p2a: Iron Leaves|quarkdrivespe\n|-enditem|p2a: Iron Leaves|Electric Seed\n|-boost|p2a: Iron Leaves|def|1|[from] item: Electric Seed\n|turn|12\n|\n|t:|1699916326\n|switch|p1a: doggy :)|Landorus-Therian, M, shiny|97\/100\n|-ability|p1a: doggy :)|Intimidate|boost\n|-unboost|p2a: Iron Leaves|atk|1\n|-terastallize|p2a: Iron Leaves|Fighting\n|move|p2a: Iron Leaves|Swords Dance|p2a: Iron Leaves\n|-boost|p2a: Iron Leaves|atk|2\n|\n|upkeep\n|turn|13\n|\n|t:|1699916335\n|move|p2a: Iron Leaves|Psyblade|p1a: doggy :)\n|-damage|p1a: doggy :)|33\/100\n|-damage|p2a: Iron Leaves|84\/100|[from] item: Rocky Helmet|[of] p1a: doggy :)\n|move|p1a: doggy :)|U-turn|p2a: Iron Leaves\n|-resisted|p2a: Iron Leaves\n|-damage|p2a: Iron Leaves|75\/100\n|\n|t:|1699916340\n|switch|p1a: sharon|Iron Valiant|100\/100|[from] U-turn\n|-activate|p1a: sharon|ability: Quark Drive\n|-start|p1a: sharon|quarkdrivespe\n|\n|upkeep\n|turn|14\n|inactive|Kaladanda has 120 seconds left.\n|\n|t:|1699916377\n|-terastallize|p1a: sharon|Fairy\n|move|p1a: sharon|Moonblast|p2a: Iron Leaves\n|-supereffective|p2a: Iron Leaves\n|-damage|p2a: Iron Leaves|0 fnt\n|faint|p2a: Iron Leaves\n|-end|p2a: Iron Leaves|Quark Drive|[silent]\n|\n|upkeep\n|\n|t:|1699916383\n|switch|p2a: Thundurus|Thundurus, M|76\/100\n|turn|15\n|inactive|Kaladanda has 120 seconds left.\n|\n|t:|1699916393\n|move|p1a: sharon|Moonblast|p2a: Thundurus\n|-damage|p2a: Thundurus|0 fnt\n|faint|p2a: Thundurus\n|\n|upkeep\n|-message|Kaladanda forfeited.\n|\n|win|novice navidad\n|raw|novice navidad's rating: 1354 &rarr; <strong>1369<\/strong><br \/>(+15 for winning)\n|raw|Kaladanda's rating: 1256 &rarr; <strong>1238<\/strong><br \/>(-18 for losing)\n|l|\u2606Kaladanda\n","uploadtime":1699916404,"views":9,"p1id":"novicenavidad","p2id":"kaladanda","formatid":"gen9ou","rating":1238,"private":0,"password":""}