{"id":"gen9ou-1995158436","p1":"PLAYB0I R0BBIE B","p2":"Nintendeli\u262d","format":"[Gen 9] OU","log":"|j|\u2606PLAYB0I R0BBIE B\n|j|\u2606Nintendeli\u262d\n|t:|1700529104\n|gametype|singles\n|player|p1|PLAYB0I R0BBIE B|eusine|1311\n|player|p2|Nintendeli\u262d|ltsurge|1320\n|teamsize|p1|6\n|teamsize|p2|6\n|gen|9\n|tier|[Gen 9] OU\n|rated|\n|rule|Sleep Clause Mod: Limit one foe put to sleep\n|rule|Species Clause: Limit one of each Pok\u00e9mon\n|rule|OHKO Clause: OHKO moves are banned\n|rule|Evasion Items Clause: Evasion items are banned\n|rule|Evasion Moves Clause: Evasion moves are banned\n|rule|Endless Battle Clause: Forcing endless battles is banned\n|rule|HP Percentage Mod: HP is shown in percentages\n|clearpoke\n|poke|p1|Meowscarada, F|\n|poke|p1|Heatran, F|\n|poke|p1|Thundurus-Therian, M|\n|poke|p1|Dragapult, F|\n|poke|p1|Azumarill, F|\n|poke|p1|Corviknight, F|\n|poke|p2|Walking Wake|\n|poke|p2|Torkoal, M|\n|poke|p2|Heatran, M|\n|poke|p2|Victreebel, F|\n|poke|p2|Great Tusk|\n|poke|p2|Dragonite, M|\n|teampreview\n|inactive|Battle timer is ON: inactive players will automatically lose when time's up. (requested by Nintendeli\u262d)\n|\n|t:|1700529115\n|start\n|switch|p1a: 5% TINT|Heatran, F|100\/100\n|switch|p2a: Torkoal|Torkoal, M|100\/100\n|-item|p1a: 5% TINT|Air Balloon\n|-weather|SunnyDay|[from] ability: Drought|[of] p2a: Torkoal\n|turn|1\n|\n|t:|1700529123\n|switch|p2a: Walking Wake|Walking Wake|100\/100\n|-activate|p2a: Walking Wake|ability: Protosynthesis\n|-start|p2a: Walking Wake|protosynthesisspa\n|move|p1a: 5% TINT|Earth Power|p2a: Walking Wake\n|-damage|p2a: Walking Wake|63\/100\n|\n|-weather|SunnyDay|[upkeep]\n|upkeep\n|turn|2\n|\n|t:|1700529131\n|switch|p1a: CAN'T SAY|Azumarill, F|100\/100\n|move|p2a: Walking Wake|Agility|p2a: Walking Wake\n|-boost|p2a: Walking Wake|spe|2\n|\n|-weather|SunnyDay|[upkeep]\n|upkeep\n|turn|3\n|\n|t:|1700529135\n|-terastallize|p2a: Walking Wake|Water\n|move|p2a: Walking Wake|Hydro Steam|p1a: CAN'T SAY\n|-resisted|p1a: CAN'T SAY\n|-damage|p1a: CAN'T SAY|64\/100\n|move|p1a: CAN'T SAY|Play Rough|p2a: Walking Wake\n|-damage|p2a: Walking Wake|2\/100\n|\n|-weather|SunnyDay|[upkeep]\n|upkeep\n|turn|4\n|\n|t:|1700529142\n|move|p1a: CAN'T SAY|Aqua Jet|p2a: Walking Wake\n|-resisted|p2a: Walking Wake\n|-damage|p2a: Walking Wake|0 fnt\n|faint|p2a: Walking Wake\n|-end|p2a: Walking Wake|Protosynthesis|[silent]\n|\n|-weather|SunnyDay|[upkeep]\n|upkeep\n|\n|t:|1700529161\n|switch|p2a: Victreebel|Victreebel, F|100\/100\n|turn|5\n|\n|t:|1700529165\n|switch|p1a: SKELETONS|Corviknight, F|100\/100\n|-ability|p1a: SKELETONS|Pressure\n|move|p2a: Victreebel|Growth|p2a: Victreebel\n|-boost|p2a: Victreebel|atk|2\n|-boost|p2a: Victreebel|spa|2\n|\n|-weather|SunnyDay|[upkeep]\n|upkeep\n|turn|6\n|\n|t:|1700529168\n|move|p2a: Victreebel|Weather Ball|p1a: SKELETONS\n|-supereffective|p1a: SKELETONS\n|-damage|p1a: SKELETONS|0 fnt\n|faint|p1a: SKELETONS\n|-damage|p2a: Victreebel|91\/100|[from] item: Life Orb\n|\n|-weather|SunnyDay|[upkeep]\n|upkeep\n|\n|t:|1700529174\n|switch|p1a: 5% TINT|Heatran, F|100\/100\n|-item|p1a: 5% TINT|Air Balloon\n|turn|7\n|\n|t:|1700529178\n|switch|p2a: Great Tusk|Great Tusk|100\/100\n|-activate|p2a: Great Tusk|ability: Protosynthesis\n|-start|p2a: Great Tusk|protosynthesisatk\n|move|p1a: 5% TINT|Earth Power|p2a: Great Tusk\n|-damage|p2a: Great Tusk|70\/100\n|\n|-weather|SunnyDay|[upkeep]\n|upkeep\n|turn|8\n|\n|t:|1700529193\n|switch|p1a: CAN'T SAY|Azumarill, F|64\/100\n|move|p2a: Great Tusk|Ice Spinner|p1a: CAN'T SAY\n|-resisted|p1a: CAN'T SAY\n|-damage|p1a: CAN'T SAY|46\/100\n|\n|-weather|none\n|-end|p2a: Great Tusk|Protosynthesis\n|upkeep\n|turn|9\n|-message|Nintendeli\u262d forfeited.\n|\n|win|PLAYB0I R0BBIE B\n|raw|PLAYB0I R0BBIE B's rating: 1311 &rarr; <strong>1332<\/strong><br \/>(+21 for winning)\n|raw|Nintendeli\u262d's rating: 1320 &rarr; <strong>1299<\/strong><br \/>(-21 for losing)\n","uploadtime":1700529205,"views":4,"p1id":"playb0ir0bbieb","p2id":"nintendeli","formatid":"gen9ou","rating":1299,"private":0,"password":""}