{"id":"gen9ou-1989502296","p1":"ShaanPokemon123","p2":"raviolee7","format":"[Gen 9] OU","log":"|j|\u2606ShaanPokemon123\n|j|\u2606raviolee7\n|t:|1699861605\n|gametype|singles\n|player|p1|ShaanPokemon123|ninjaboy|\n|player|p2|raviolee7|1|\n|teamsize|p1|6\n|teamsize|p2|6\n|gen|9\n|tier|[Gen 9] OU\n|rule|Sleep Clause Mod: Limit one foe put to sleep\n|rule|Species Clause: Limit one of each Pok\u00e9mon\n|rule|OHKO Clause: OHKO moves are banned\n|rule|Evasion Items Clause: Evasion items are banned\n|rule|Evasion Moves Clause: Evasion moves are banned\n|rule|Endless Battle Clause: Forcing endless battles is banned\n|rule|HP Percentage Mod: HP is shown in percentages\n|clearpoke\n|poke|p1|Iron Treads|\n|poke|p1|Dipplin, F|\n|poke|p1|Dragapult, M|\n|poke|p1|Veluza, F|\n|poke|p1|Grafaiai, F|\n|poke|p1|Torterra, M|\n|poke|p2|Garganacl, M|\n|poke|p2|Toxapex, F|\n|poke|p2|Tornadus-Therian, M|\n|poke|p2|Umbreon, M|\n|poke|p2|Clodsire, F|\n|poke|p2|Skeledirge, F|\n|teampreview\n|c|\u2606ShaanPokemon123|Oh it was just stuck on challenging the whole time but the challenge didn\u2019t go through\n|c|\u2606ShaanPokemon123|Glhf\n|c|\u2606raviolee7|oh i seee\n|c|\u2606raviolee7|gl gl\n|l|\u2606ShaanPokemon123\n|player|p1|\n|j|\u2606ShaanPokemon123\n|player|p1|ShaanPokemon123|ninjaboy\n|\n|t:|1699861667\n|start\n|switch|p1a: Dragapult|Dragapult, M|100\/100\n|switch|p2a: Umbreon|Umbreon, M|100\/100\n|turn|1\n|\n|t:|1699861674\n|move|p1a: Dragapult|U-turn|p2a: Umbreon\n|-supereffective|p2a: Umbreon\n|-damage|p2a: Umbreon|39\/100\n|\n|t:|1699861690\n|switch|p1a: Grafaiai|Grafaiai, F|100\/100|[from] U-turn\n|move|p2a: Umbreon|Thunder Wave|p1a: Grafaiai\n|-status|p1a: Grafaiai|par\n|\n|upkeep\n|turn|2\n|\n|t:|1699861711\n|switch|p2a: Toxapex|Toxapex, F|100\/100\n|switch|p1a: Iron Treads|Iron Treads|100\/100\n|\n|upkeep\n|turn|3\n|\n|t:|1699861729\n|move|p2a: Toxapex|Baneful Bunker|p2a: Toxapex\n|-singleturn|p2a: Toxapex|move: Protect\n|move|p1a: Iron Treads|Earthquake|p2a: Toxapex\n|-activate|p2a: Toxapex|move: Protect\n|\n|upkeep\n|turn|4\n|\n|t:|1699861734\n|switch|p2a: Tornadus|Tornadus-Therian, M|100\/100\n|move|p1a: Iron Treads|Volt Switch|p2a: Tornadus\n|-supereffective|p2a: Tornadus\n|-damage|p2a: Tornadus|73\/100\n|\n|t:|1699861741\n|-end|p1a: Iron Treads|Quark Drive|[silent]\n|switch|p1a: Dragapult|Dragapult, M|100\/100|[from] Volt Switch\n|\n|upkeep\n|turn|5\n|\n|t:|1699861749\n|move|p1a: Dragapult|Dragon Darts|p2a: Tornadus\n|-damage|p2a: Tornadus|15\/100\n|-anim|p1a: Dragapult|Dragon Darts|p2a: Tornadus\n|-damage|p2a: Tornadus|0 fnt\n|faint|p2a: Tornadus\n|\n|upkeep\n|\n|t:|1699861757\n|switch|p2a: Toxapex|Toxapex, F|100\/100\n|turn|6\n|\n|t:|1699861763\n|switch|p1a: Grafaiai|Grafaiai, F|100\/100 par\n|switch|p2a: Garganacl|Garganacl, M|100\/100\n|\n|upkeep\n|turn|7\n|\n|t:|1699861769\n|move|p1a: Grafaiai|Switcheroo|p2a: Garganacl\n|-activate|p1a: Grafaiai|move: Trick|[of] p2a: Garganacl\n|-item|p2a: Garganacl|Black Sludge|[from] move: Switcheroo\n|-item|p1a: Grafaiai|Leftovers|[from] move: Switcheroo\n|move|p2a: Garganacl|Iron Defense|p2a: Garganacl\n|-boost|p2a: Garganacl|def|2\n|\n|-damage|p2a: Garganacl|88\/100|[from] item: Black Sludge\n|upkeep\n|turn|8\n|\n|t:|1699861776\n|move|p1a: Grafaiai|Encore|p2a: Garganacl\n|-start|p2a: Garganacl|Encore\n|move|p2a: Garganacl|Iron Defense|p2a: Garganacl\n|-boost|p2a: Garganacl|def|2\n|\n|-damage|p2a: Garganacl|76\/100|[from] item: Black Sludge\n|upkeep\n|turn|9\n|\n|t:|1699861785\n|switch|p1a: Dipplin|Dipplin, F|100\/100\n|switch|p2a: Skeledirge|Skeledirge, F|100\/100\n|\n|upkeep\n|turn|10\n|\n|t:|1699861791\n|move|p2a: Skeledirge|Will-O-Wisp|p1a: Dipplin\n|-status|p1a: Dipplin|brn\n|move|p1a: Dipplin|Draco Meteor|p2a: Skeledirge|[miss]\n|-miss|p1a: Dipplin|p2a: Skeledirge\n|\n|-damage|p1a: Dipplin|95\/100 brn|[from] brn\n|upkeep\n|turn|11\n|\n|t:|1699861805\n|switch|p1a: Grafaiai|Grafaiai, F|100\/100 par\n|move|p2a: Skeledirge|Torch Song|p1a: Grafaiai\n|-damage|p1a: Grafaiai|70\/100 par\n|-boost|p2a: Skeledirge|spa|1\n|\n|-heal|p1a: Grafaiai|77\/100 par|[from] item: Leftovers\n|upkeep\n|turn|12\n|\n|t:|1699861814\n|move|p2a: Skeledirge|Torch Song|p1a: Grafaiai\n|-damage|p1a: Grafaiai|38\/100 par\n|-boost|p2a: Skeledirge|spa|1\n|move|p1a: Grafaiai|Knock Off|p2a: Skeledirge\n|-supereffective|p2a: Skeledirge\n|-damage|p2a: Skeledirge|75\/100\n|-enditem|p2a: Skeledirge|Leftovers|[from] move: Knock Off|[of] p1a: Grafaiai\n|\n|-heal|p1a: Grafaiai|44\/100 par|[from] item: Leftovers\n|upkeep\n|turn|13\n|\n|t:|1699861833\n|move|p2a: Skeledirge|Torch Song|p1a: Grafaiai\n|-damage|p1a: Grafaiai|0 fnt\n|-boost|p2a: Skeledirge|spa|1\n|faint|p1a: Grafaiai\n|\n|upkeep\n|\n|t:|1699861844\n|switch|p1a: Veluza|Veluza, F|100\/100\n|turn|14\n|\n|t:|1699861853\n|move|p1a: Veluza|Aqua Cutter|p2a: Skeledirge\n|-supereffective|p2a: Skeledirge\n|-damage|p2a: Skeledirge|21\/100\n|move|p2a: Skeledirge|Will-O-Wisp|p1a: Veluza\n|-status|p1a: Veluza|brn\n|\n|-damage|p1a: Veluza|94\/100 brn|[from] brn\n|upkeep\n|turn|15\n|\n|t:|1699861860\n|move|p1a: Veluza|Aqua Cutter|p2a: Skeledirge\n|-supereffective|p2a: Skeledirge\n|-damage|p2a: Skeledirge|0 fnt\n|faint|p2a: Skeledirge\n|\n|-damage|p1a: Veluza|88\/100 brn|[from] brn\n|upkeep\n|\n|t:|1699861867\n|switch|p2a: Garganacl|Garganacl, M|76\/100\n|turn|16\n|\n|t:|1699861874\n|switch|p1a: Dipplin|Dipplin, F|95\/100 brn\n|move|p2a: Garganacl|Iron Defense|p2a: Garganacl\n|-boost|p2a: Garganacl|def|2\n|\n|-damage|p2a: Garganacl|63\/100|[from] item: Black Sludge\n|-damage|p1a: Dipplin|89\/100 brn|[from] brn\n|upkeep\n|turn|17\n|\n|t:|1699861882\n|move|p2a: Garganacl|Salt Cure|p1a: Dipplin\n|-damage|p1a: Dipplin|82\/100 brn\n|-start|p1a: Dipplin|Salt Cure\n|move|p1a: Dipplin|Giga Drain|p2a: Garganacl\n|-supereffective|p2a: Garganacl\n|-damage|p2a: Garganacl|29\/100\n|-heal|p1a: Dipplin|100\/100 brn|[from] drain|[of] p2a: Garganacl\n|\n|-damage|p2a: Garganacl|17\/100|[from] item: Black Sludge\n|-damage|p1a: Dipplin|95\/100 brn|[from] brn\n|-damage|p1a: Dipplin|82\/100 brn|[from] Salt Cure\n|upkeep\n|turn|18\n|\n|t:|1699861892\n|move|p2a: Garganacl|Recover|p2a: Garganacl\n|-heal|p2a: Garganacl|67\/100\n|move|p1a: Dipplin|Giga Drain|p2a: Garganacl\n|-supereffective|p2a: Garganacl\n|-damage|p2a: Garganacl|34\/100\n|-heal|p1a: Dipplin|100\/100 brn|[from] drain|[of] p2a: Garganacl\n|\n|-damage|p2a: Garganacl|22\/100|[from] item: Black Sludge\n|-damage|p1a: Dipplin|95\/100 brn|[from] brn\n|-damage|p1a: Dipplin|82\/100 brn|[from] Salt Cure\n|upkeep\n|turn|19\n|\n|t:|1699861902\n|move|p2a: Garganacl|Recover|p2a: Garganacl\n|-heal|p2a: Garganacl|72\/100\n|move|p1a: Dipplin|Giga Drain|p2a: Garganacl\n|-supereffective|p2a: Garganacl\n|-crit|p2a: Garganacl\n|-damage|p2a: Garganacl|23\/100\n|-heal|p1a: Dipplin|100\/100 brn|[from] drain|[of] p2a: Garganacl\n|\n|-damage|p2a: Garganacl|10\/100|[from] item: Black Sludge\n|-damage|p1a: Dipplin|95\/100 brn|[from] brn\n|-damage|p1a: Dipplin|82\/100 brn|[from] Salt Cure\n|upkeep\n|turn|20\n|\n|t:|1699861913\n|switch|p2a: Clodsire|Clodsire, F|100\/100\n|move|p1a: Dipplin|Giga Drain|p2a: Clodsire\n|-damage|p2a: Clodsire|88\/100\n|-heal|p1a: Dipplin|92\/100 brn|[from] drain|[of] p2a: Clodsire\n|\n|-heal|p2a: Clodsire|94\/100|[from] item: Leftovers\n|-damage|p1a: Dipplin|86\/100 brn|[from] brn\n|-damage|p1a: Dipplin|74\/100 brn|[from] Salt Cure\n|upkeep\n|turn|21\n|\n|t:|1699861924\n|switch|p1a: Torterra|Torterra, M|100\/100\n|move|p2a: Clodsire|Stealth Rock|p1a: Torterra\n|-sidestart|p1: ShaanPokemon123|move: Stealth Rock\n|\n|-heal|p2a: Clodsire|99\/100|[from] item: Leftovers\n|upkeep\n|turn|22\n|\n|t:|1699861930\n|move|p1a: Torterra|Reflect|p1a: Torterra\n|-sidestart|p1: ShaanPokemon123|Reflect\n|move|p2a: Clodsire|Toxic|p1a: Torterra\n|-status|p1a: Torterra|tox\n|\n|-heal|p2a: Clodsire|100\/100|[from] item: Leftovers\n|-damage|p1a: Torterra|94\/100 tox|[from] psn\n|upkeep\n|turn|23\n|\n|t:|1699861942\n|switch|p2a: Umbreon|Umbreon, M|39\/100\n|move|p1a: Torterra|Stealth Rock|p2a: Umbreon\n|-sidestart|p2: raviolee7|move: Stealth Rock\n|\n|-damage|p1a: Torterra|82\/100 tox|[from] psn\n|upkeep\n|turn|24\n|\n|t:|1699861951\n|move|p2a: Umbreon|Reflect|p2a: Umbreon\n|-sidestart|p2: raviolee7|Reflect\n|move|p1a: Torterra|Leech Seed|p2a: Umbreon\n|-start|p2a: Umbreon|move: Leech Seed\n|\n|-damage|p2a: Umbreon|27\/100|[from] Leech Seed|[of] p1a: Torterra\n|-heal|p1a: Torterra|95\/100 tox|[silent]\n|-damage|p1a: Torterra|76\/100 tox|[from] psn\n|upkeep\n|turn|25\n|\n|t:|1699861970\n|switch|p1a: Dragapult|Dragapult, M|100\/100\n|-damage|p1a: Dragapult|88\/100|[from] Stealth Rock\n|move|p2a: Umbreon|Wish|p2a: Umbreon\n|\n|-damage|p2a: Umbreon|14\/100|[from] Leech Seed|[of] p1a: Dragapult\n|-heal|p1a: Dragapult|100\/100|[silent]\n|upkeep\n|turn|26\n|\n|t:|1699861978\n|move|p1a: Dragapult|U-turn|p2a: Umbreon\n|-supereffective|p2a: Umbreon\n|-damage|p2a: Umbreon|0 fnt\n|faint|p2a: Umbreon\n|\n|t:|1699861997\n|switch|p1a: Iron Treads|Iron Treads|100\/100|[from] U-turn\n|-damage|p1a: Iron Treads|97\/100|[from] Stealth Rock\n|\n|upkeep\n|c|\u2606raviolee7|gg as soon as you had attack draga it was over\n|c|\u2606raviolee7|lol\n|\n|t:|1699862009\n|switch|p2a: Toxapex|Toxapex, F|100\/100\n|-damage|p2a: Toxapex|88\/100|[from] Stealth Rock\n|turn|27\n|\n|t:|1699862015\n|move|p1a: Iron Treads|Earthquake|p2a: Toxapex\n|-supereffective|p2a: Toxapex\n|-damage|p2a: Toxapex|51\/100\n|move|p2a: Toxapex|Toxic Spikes|p1a: Iron Treads\n|-sidestart|p1: ShaanPokemon123|move: Toxic Spikes\n|\n|-heal|p2a: Toxapex|57\/100|[from] item: Leftovers\n|upkeep\n|turn|28\n|\n|t:|1699862028\n|move|p1a: Iron Treads|Earthquake|p2a: Toxapex\n|-supereffective|p2a: Toxapex\n|-damage|p2a: Toxapex|23\/100\n|move|p2a: Toxapex|Recover|p2a: Toxapex\n|-heal|p2a: Toxapex|73\/100\n|\n|-heal|p2a: Toxapex|79\/100|[from] item: Leftovers\n|upkeep\n|turn|29\n|\n|t:|1699862035\n|move|p1a: Iron Treads|Rapid Spin|p2a: Toxapex\n|-damage|p2a: Toxapex|74\/100\n|-boost|p1a: Iron Treads|spe|1\n|-sideend|p1: ShaanPokemon123|Toxic Spikes|[from] move: Rapid Spin|[of] p1a: Iron Treads\n|-sideend|p1: ShaanPokemon123|Stealth Rock|[from] move: Rapid Spin|[of] p1a: Iron Treads\n|move|p2a: Toxapex|Toxic Spikes|p1a: Iron Treads\n|-sidestart|p1: ShaanPokemon123|move: Toxic Spikes\n|\n|-heal|p2a: Toxapex|80\/100|[from] item: Leftovers\n|-sideend|p1: ShaanPokemon123|Reflect\n|upkeep\n|turn|30\n|\n|t:|1699862043\n|move|p1a: Iron Treads|Earthquake|p2a: Toxapex\n|-supereffective|p2a: Toxapex\n|-damage|p2a: Toxapex|48\/100\n|move|p2a: Toxapex|Chilling Water|p1a: Iron Treads\n|-supereffective|p1a: Iron Treads\n|-damage|p1a: Iron Treads|65\/100\n|-unboost|p1a: Iron Treads|atk|1\n|\n|-heal|p2a: Toxapex|54\/100|[from] item: Leftovers\n|upkeep\n|turn|31\n|\n|t:|1699862059\n|-end|p1a: Iron Treads|Quark Drive|[silent]\n|switch|p1a: Dipplin|Dipplin, F|74\/100 brn\n|move|p2a: Toxapex|Chilling Water|p1a: Dipplin\n|-resisted|p1a: Dipplin\n|-damage|p1a: Dipplin|72\/100 brn\n|-unboost|p1a: Dipplin|atk|1\n|\n|-heal|p2a: Toxapex|60\/100|[from] item: Leftovers\n|-damage|p1a: Dipplin|66\/100 brn|[from] brn\n|-sideend|p2: raviolee7|Reflect\n|upkeep\n|turn|32\n|\n|t:|1699862071\n|move|p2a: Toxapex|Baneful Bunker|p2a: Toxapex\n|-singleturn|p2a: Toxapex|move: Protect\n|move|p1a: Dipplin|Recover|p1a: Dipplin\n|-heal|p1a: Dipplin|100\/100 brn\n|\n|-heal|p2a: Toxapex|66\/100|[from] item: Leftovers\n|-damage|p1a: Dipplin|95\/100 brn|[from] brn\n|upkeep\n|turn|33\n|\n|t:|1699862081\n|move|p2a: Toxapex|Toxic Spikes|p1a: Dipplin\n|-sidestart|p1: ShaanPokemon123|move: Toxic Spikes\n|move|p1a: Dipplin|Dragon Tail|p2a: Toxapex\n|-damage|p2a: Toxapex|63\/100\n|drag|p2a: Garganacl|Garganacl, M|10\/100\n|-damage|p2a: Garganacl|0 fnt|[from] Stealth Rock\n|faint|p2a: Garganacl\n|\n|-damage|p1a: Dipplin|89\/100 brn|[from] brn\n|upkeep\n|\n|t:|1699862092\n|switch|p2a: Clodsire|Clodsire, F|100\/100\n|-damage|p2a: Clodsire|94\/100|[from] Stealth Rock\n|turn|34\n|\n|t:|1699862101\n|move|p1a: Dipplin|Recover|p1a: Dipplin\n|-heal|p1a: Dipplin|100\/100 brn\n|move|p2a: Clodsire|Earthquake|p1a: Dipplin\n|-resisted|p1a: Dipplin\n|-damage|p1a: Dipplin|93\/100 brn\n|\n|-heal|p2a: Clodsire|100\/100|[from] item: Leftovers\n|-damage|p1a: Dipplin|87\/100 brn|[from] brn\n|upkeep\n|turn|35\n|\n|t:|1699862113\n|move|p2a: Clodsire|Toxic||[still]\n|-fail|p2a: Clodsire\n|move|p1a: Dipplin|Dragon Tail|p2a: Clodsire\n|-damage|p2a: Clodsire|94\/100\n|drag|p2a: Toxapex|Toxapex, F|96\/100\n|-damage|p2a: Toxapex|84\/100|[from] Stealth Rock\n|\n|-heal|p2a: Toxapex|90\/100|[from] item: Leftovers\n|-damage|p1a: Dipplin|81\/100 brn|[from] brn\n|upkeep\n|turn|36\n|\n|t:|1699862124\n|move|p2a: Toxapex|Chilling Water|p1a: Dipplin\n|-resisted|p1a: Dipplin\n|-damage|p1a: Dipplin|79\/100 brn\n|-unboost|p1a: Dipplin|atk|1\n|move|p1a: Dipplin|Dragon Tail|p2a: Toxapex|[miss]\n|-miss|p1a: Dipplin|p2a: Toxapex\n|\n|-heal|p2a: Toxapex|96\/100|[from] item: Leftovers\n|-damage|p1a: Dipplin|73\/100 brn|[from] brn\n|upkeep\n|turn|37\n|inactive|Battle timer is ON: inactive players will automatically lose when time's up. (requested by raviolee7)\n|inactiveoff|Battle timer is now OFF.\n|\n|t:|1699862152\n|move|p2a: Toxapex|Baneful Bunker|p2a: Toxapex\n|-singleturn|p2a: Toxapex|move: Protect\n|move|p1a: Dipplin|Giga Drain|p2a: Toxapex\n|-activate|p2a: Toxapex|move: Protect\n|\n|-heal|p2a: Toxapex|100\/100|[from] item: Leftovers\n|-damage|p1a: Dipplin|67\/100 brn|[from] brn\n|upkeep\n|turn|38\n|\n|t:|1699862163\n|move|p2a: Toxapex|Chilling Water|p1a: Dipplin\n|-resisted|p1a: Dipplin\n|-damage|p1a: Dipplin|66\/100 brn\n|-unboost|p1a: Dipplin|atk|1\n|move|p1a: Dipplin|Giga Drain|p2a: Toxapex\n|-damage|p2a: Toxapex|80\/100\n|-heal|p1a: Dipplin|76\/100 brn|[from] drain|[of] p2a: Toxapex\n|\n|-heal|p2a: Toxapex|87\/100|[from] item: Leftovers\n|-damage|p1a: Dipplin|70\/100 brn|[from] brn\n|upkeep\n|turn|39\n|\n|t:|1699862175\n|switch|p2a: Clodsire|Clodsire, F|94\/100\n|-damage|p2a: Clodsire|88\/100|[from] Stealth Rock\n|move|p1a: Dipplin|Giga Drain|p2a: Clodsire\n|-damage|p2a: Clodsire|75\/100\n|-heal|p1a: Dipplin|80\/100 brn|[from] drain|[of] p2a: Clodsire\n|\n|-heal|p2a: Clodsire|82\/100|[from] item: Leftovers\n|-damage|p1a: Dipplin|74\/100 brn|[from] brn\n|upkeep\n|turn|40\n|\n|t:|1699862191\n|switch|p1a: Dragapult|Dragapult, M|100\/100\n|-status|p1a: Dragapult|tox\n|move|p2a: Clodsire|Stealth Rock|p1a: Dragapult\n|-sidestart|p1: ShaanPokemon123|move: Stealth Rock\n|\n|-heal|p2a: Clodsire|88\/100|[from] item: Leftovers\n|-damage|p1a: Dragapult|94\/100 tox|[from] psn\n|upkeep\n|turn|41\n|\n|t:|1699862199\n|switch|p2a: Toxapex|Toxapex, F|100\/100\n|-damage|p2a: Toxapex|88\/100|[from] Stealth Rock\n|move|p1a: Dragapult|Psychic Fangs|p2a: Toxapex\n|-supereffective|p2a: Toxapex\n|-damage|p2a: Toxapex|37\/100\n|\n|-heal|p2a: Toxapex|43\/100|[from] item: Leftovers\n|-damage|p1a: Dragapult|82\/100 tox|[from] psn\n|upkeep\n|turn|42\n|\n|t:|1699862210\n|switch|p1a: Iron Treads|Iron Treads|65\/100\n|-damage|p1a: Iron Treads|62\/100|[from] Stealth Rock\n|move|p2a: Toxapex|Chilling Water|p1a: Iron Treads\n|-supereffective|p1a: Iron Treads\n|-damage|p1a: Iron Treads|34\/100\n|-unboost|p1a: Iron Treads|atk|1\n|\n|-heal|p2a: Toxapex|49\/100|[from] item: Leftovers\n|upkeep\n|turn|43\n|\n|t:|1699862220\n|move|p2a: Toxapex|Baneful Bunker|p2a: Toxapex\n|-singleturn|p2a: Toxapex|move: Protect\n|move|p1a: Iron Treads|Earthquake|p2a: Toxapex\n|-activate|p2a: Toxapex|move: Protect\n|\n|-heal|p2a: Toxapex|55\/100|[from] item: Leftovers\n|upkeep\n|turn|44\n|\n|t:|1699862230\n|move|p1a: Iron Treads|Earthquake|p2a: Toxapex\n|-supereffective|p2a: Toxapex\n|-damage|p2a: Toxapex|11\/100\n|move|p2a: Toxapex|Recover|p2a: Toxapex\n|-heal|p2a: Toxapex|61\/100\n|\n|-heal|p2a: Toxapex|68\/100|[from] item: Leftovers\n|upkeep\n|turn|45\n|\n|t:|1699862245\n|move|p1a: Iron Treads|Earthquake|p2a: Toxapex\n|-supereffective|p2a: Toxapex\n|-damage|p2a: Toxapex|20\/100\n|move|p2a: Toxapex|Chilling Water|p1a: Iron Treads\n|-supereffective|p1a: Iron Treads\n|-damage|p1a: Iron Treads|1\/100\n|-unboost|p1a: Iron Treads|atk|1\n|\n|-heal|p2a: Toxapex|26\/100|[from] item: Leftovers\n|upkeep\n|turn|46\n|\n|t:|1699862255\n|move|p2a: Toxapex|Baneful Bunker|p2a: Toxapex\n|-singleturn|p2a: Toxapex|move: Protect\n|move|p1a: Iron Treads|Earthquake|p2a: Toxapex\n|-activate|p2a: Toxapex|move: Protect\n|\n|-heal|p2a: Toxapex|32\/100|[from] item: Leftovers\n|upkeep\n|turn|47\n|\n|t:|1699862262\n|move|p1a: Iron Treads|Earthquake|p2a: Toxapex\n|-supereffective|p2a: Toxapex\n|-damage|p2a: Toxapex|0 fnt\n|faint|p2a: Toxapex\n|\n|upkeep\n|-message|raviolee7 forfeited.\n|\n|win|ShaanPokemon123\n|c|\u2606raviolee7|gg\n","uploadtime":1699862274,"views":36,"p1id":"shaanpokemon123","p2id":"raviolee7","formatid":"gen9ou","rating":0,"private":0,"password":""}