{"id":"gen9ou-1996757547","p1":"ronnie07","p2":"gett guuud","format":"[Gen 9] OU","log":"|j|\u2606ronnie07\n|j|\u2606gett guuud\n|t:|1700720119\n|gametype|singles\n|player|p1|ronnie07|cynthia-masters|1511\n|player|p2|gett guuud|cyclist|1493\n|teamsize|p1|6\n|teamsize|p2|6\n|gen|9\n|tier|[Gen 9] OU\n|rated|\n|rule|Sleep Clause Mod: Limit one foe put to sleep\n|rule|Species Clause: Limit one of each Pok\u00e9mon\n|rule|OHKO Clause: OHKO moves are banned\n|rule|Evasion Items Clause: Evasion items are banned\n|rule|Evasion Moves Clause: Evasion moves are banned\n|rule|Endless Battle Clause: Forcing endless battles is banned\n|rule|HP Percentage Mod: HP is shown in percentages\n|clearpoke\n|poke|p1|Ninetales-Alola, M|\n|poke|p1|Rillaboom, F|\n|poke|p1|Heatran, F|\n|poke|p1|Manaphy|\n|poke|p1|Corviknight, M|\n|poke|p1|Iron Treads|\n|poke|p2|Corviknight, M|\n|poke|p2|Dragapult, F|\n|poke|p2|Hatterene, F|\n|poke|p2|Chansey, F|\n|poke|p2|Toxapex, M|\n|poke|p2|Enamorus-Therian, F|\n|teampreview\n|inactive|Battle timer is ON: inactive players will automatically lose when time's up. (requested by gett guuud)\n|\n|t:|1700720143\n|start\n|switch|p1a: LPFJ3|Heatran, F|100\/100\n|switch|p2a: Dragapult|Dragapult, F|100\/100\n|turn|1\n|\n|t:|1700720147\n|move|p2a: Dragapult|Substitute|p2a: Dragapult\n|-start|p2a: Dragapult|Substitute\n|-damage|p2a: Dragapult|76\/100\n|move|p1a: LPFJ3|Stealth Rock|p2a: Dragapult\n|-sidestart|p2: gett guuud|move: Stealth Rock\n|\n|-heal|p2a: Dragapult|82\/100|[from] item: Leftovers\n|upkeep\n|turn|2\n|\n|t:|1700720150\n|move|p2a: Dragapult|Thunder Wave|p1a: LPFJ3\n|-status|p1a: LPFJ3|par\n|move|p1a: LPFJ3|Magma Storm|p2a: Dragapult\n|-resisted|p2a: Dragapult\n|-end|p2a: Dragapult|Substitute\n|\n|-heal|p2a: Dragapult|88\/100|[from] item: Leftovers\n|upkeep\n|turn|3\n|\n|t:|1700720160\n|move|p2a: Dragapult|Substitute|p2a: Dragapult\n|-start|p2a: Dragapult|Substitute\n|-damage|p2a: Dragapult|63\/100\n|move|p1a: LPFJ3|Taunt|p2a: Dragapult\n|-start|p2a: Dragapult|move: Taunt\n|\n|-heal|p2a: Dragapult|70\/100|[from] item: Leftovers\n|upkeep\n|turn|4\n|\n|t:|1700720165\n|switch|p1a: ROLLIE LOUD|Iron Treads|100\/100\n|move|p2a: Dragapult|Hex|p1a: ROLLIE LOUD\n|-damage|p1a: ROLLIE LOUD|78\/100\n|\n|-heal|p2a: Dragapult|76\/100|[from] item: Leftovers\n|-heal|p1a: ROLLIE LOUD|85\/100|[from] item: Leftovers\n|upkeep\n|turn|5\n|\n|t:|1700720172\n|move|p2a: Dragapult|Hex|p1a: ROLLIE LOUD\n|-damage|p1a: ROLLIE LOUD|60\/100\n|move|p1a: ROLLIE LOUD|Earthquake|p2a: Dragapult\n|-end|p2a: Dragapult|Substitute\n|\n|-heal|p2a: Dragapult|82\/100|[from] item: Leftovers\n|-heal|p1a: ROLLIE LOUD|66\/100|[from] item: Leftovers\n|upkeep\n|turn|6\n|\n|t:|1700720176\n|switch|p2a: Corviknight|Corviknight, M|100\/100\n|-damage|p2a: Corviknight|88\/100|[from] Stealth Rock\n|-ability|p2a: Corviknight|Pressure\n|move|p1a: ROLLIE LOUD|Volt Switch|p2a: Corviknight\n|-supereffective|p2a: Corviknight\n|-damage|p2a: Corviknight|67\/100\n|\n|t:|1700720189\n|-end|p1a: ROLLIE LOUD|Quark Drive|[silent]\n|switch|p1a: LPFJ3|Heatran, F|100\/100 par|[from] Volt Switch\n|\n|-heal|p2a: Corviknight|73\/100|[from] item: Leftovers\n|upkeep\n|turn|7\n|\n|t:|1700720193\n|switch|p2a: Chansey|Chansey, F|100\/100\n|-damage|p2a: Chansey|88\/100|[from] Stealth Rock\n|move|p1a: LPFJ3|Magma Storm|p2a: Chansey\n|-damage|p2a: Chansey|71\/100\n|-activate|p2a: Chansey|move: Magma Storm|[of] p1a: LPFJ3\n|\n|-damage|p2a: Chansey|59\/100|[from] move: Magma Storm|[partiallytrapped]\n|upkeep\n|turn|8\n|\n|t:|1700720199\n|move|p1a: LPFJ3|Taunt|p2a: Chansey\n|-start|p2a: Chansey|move: Taunt\n|cant|p2a: Chansey|move: Taunt|Soft-Boiled\n|\n|-damage|p2a: Chansey|47\/100|[from] move: Magma Storm|[partiallytrapped]\n|upkeep\n|turn|9\n|\n|t:|1700720204\n|cant|p1a: LPFJ3|par\n|move|p2a: Chansey|Seismic Toss|p1a: LPFJ3\n|-damage|p1a: LPFJ3|70\/100 par\n|\n|-heal|p1a: LPFJ3|76\/100 par|[from] item: Leftovers\n|-damage|p2a: Chansey|34\/100|[from] move: Magma Storm|[partiallytrapped]\n|upkeep\n|turn|10\n|\n|t:|1700720209\n|move|p1a: LPFJ3|Earth Power|p2a: Chansey\n|-damage|p2a: Chansey|25\/100\n|move|p2a: Chansey|Seismic Toss|p1a: LPFJ3\n|-damage|p1a: LPFJ3|45\/100 par\n|\n|-heal|p1a: LPFJ3|51\/100 par|[from] item: Leftovers\n|-damage|p2a: Chansey|12\/100|[from] move: Magma Storm|[partiallytrapped]\n|-end|p2a: Chansey|move: Taunt\n|upkeep\n|turn|11\n|\n|t:|1700720223\n|move|p1a: LPFJ3|Magma Storm|p2a: Chansey\n|-damage|p2a: Chansey|0 fnt\n|faint|p2a: Chansey\n|\n|-heal|p1a: LPFJ3|57\/100 par|[from] item: Leftovers\n|upkeep\n|\n|t:|1700720232\n|switch|p2a: Dragapult|Dragapult, F|82\/100\n|-damage|p2a: Dragapult|70\/100|[from] Stealth Rock\n|turn|12\n|\n|t:|1700720236\n|move|p2a: Dragapult|Substitute|p2a: Dragapult\n|-start|p2a: Dragapult|Substitute\n|-damage|p2a: Dragapult|45\/100\n|move|p1a: LPFJ3|Earth Power|p2a: Dragapult\n|-end|p2a: Dragapult|Substitute\n|\n|-heal|p2a: Dragapult|51\/100|[from] item: Leftovers\n|-heal|p1a: LPFJ3|63\/100 par|[from] item: Leftovers\n|upkeep\n|turn|13\n|\n|t:|1700720246\n|move|p2a: Dragapult|Substitute|p2a: Dragapult\n|-start|p2a: Dragapult|Substitute\n|-damage|p2a: Dragapult|26\/100\n|move|p1a: LPFJ3|Taunt|p2a: Dragapult\n|-start|p2a: Dragapult|move: Taunt\n|\n|-heal|p2a: Dragapult|32\/100|[from] item: Leftovers\n|-heal|p1a: LPFJ3|70\/100 par|[from] item: Leftovers\n|upkeep\n|turn|14\n|\n|t:|1700720249\n|move|p2a: Dragapult|Hex|p1a: LPFJ3\n|-damage|p1a: LPFJ3|21\/100 par\n|move|p1a: LPFJ3|Earth Power|p2a: Dragapult\n|-end|p2a: Dragapult|Substitute\n|\n|-heal|p2a: Dragapult|39\/100|[from] item: Leftovers\n|-heal|p1a: LPFJ3|27\/100 par|[from] item: Leftovers\n|upkeep\n|turn|15\n|\n|t:|1700720257\n|switch|p1a: ICE WRLD|Ninetales-Alola, M|100\/100\n|-weather|Snow|[from] ability: Snow Warning|[of] p1a: ICE WRLD\n|move|p2a: Dragapult|Hex|p1a: ICE WRLD\n|-damage|p1a: ICE WRLD|78\/100\n|\n|-weather|Snow|[upkeep]\n|-heal|p2a: Dragapult|45\/100|[from] item: Leftovers\n|upkeep\n|turn|16\n|\n|t:|1700720269\n|switch|p2a: Hatterene|Hatterene, F|100\/100\n|-damage|p2a: Hatterene|88\/100|[from] Stealth Rock\n|move|p1a: ICE WRLD|Freeze-Dry|p2a: Hatterene\n|-damage|p2a: Hatterene|65\/100\n|\n|-weather|Snow|[upkeep]\n|-heal|p2a: Hatterene|71\/100|[from] item: Leftovers\n|upkeep\n|turn|17\n|\n|t:|1700720275\n|move|p1a: ICE WRLD|Aurora Veil|p1a: ICE WRLD\n|-sidestart|p1: ronnie07|move: Aurora Veil\n|move|p2a: Hatterene|Trick Room|p2a: Hatterene\n|-fieldstart|move: Trick Room|[of] p2a: Hatterene\n|\n|-weather|Snow|[upkeep]\n|-heal|p2a: Hatterene|77\/100|[from] item: Leftovers\n|upkeep\n|turn|18\n|\n|t:|1700720282\n|switch|p1a: ROLLIE LOUD|Iron Treads|66\/100\n|move|p2a: Hatterene|Calm Mind|p2a: Hatterene\n|-boost|p2a: Hatterene|spa|1\n|-boost|p2a: Hatterene|spd|1\n|\n|-weather|Snow|[upkeep]\n|-heal|p2a: Hatterene|83\/100|[from] item: Leftovers\n|-heal|p1a: ROLLIE LOUD|72\/100|[from] item: Leftovers\n|upkeep\n|turn|19\n|\n|t:|1700720291\n|switch|p2a: Corviknight|Corviknight, M|73\/100\n|-damage|p2a: Corviknight|60\/100|[from] Stealth Rock\n|-ability|p2a: Corviknight|Pressure\n|move|p1a: ROLLIE LOUD|Volt Switch|p2a: Corviknight\n|-supereffective|p2a: Corviknight\n|-damage|p2a: Corviknight|38\/100\n|\n|t:|1700720300\n|-end|p1a: ROLLIE LOUD|Quark Drive|[silent]\n|switch|p1a: LPFJ3|Heatran, F|27\/100 par|[from] Volt Switch\n|\n|-weather|none\n|-heal|p1a: LPFJ3|33\/100 par|[from] item: Leftovers\n|-heal|p2a: Corviknight|44\/100|[from] item: Leftovers\n|upkeep\n|turn|20\n|\n|t:|1700720307\n|move|p1a: LPFJ3|Magma Storm|p2a: Corviknight\n|-supereffective|p2a: Corviknight\n|-damage|p2a: Corviknight|0 fnt\n|faint|p2a: Corviknight\n|\n|-heal|p1a: LPFJ3|40\/100 par|[from] item: Leftovers\n|upkeep\n|\n|t:|1700720320\n|switch|p2a: Hatterene|Hatterene, F|83\/100\n|-damage|p2a: Hatterene|71\/100|[from] Stealth Rock\n|turn|21\n|\n|t:|1700720336\n|move|p2a: Hatterene|Calm Mind|p2a: Hatterene\n|-boost|p2a: Hatterene|spa|1\n|-boost|p2a: Hatterene|spd|1\n|move|p1a: LPFJ3|Earth Power|p2a: Hatterene\n|-damage|p2a: Hatterene|50\/100\n|\n|-heal|p2a: Hatterene|56\/100|[from] item: Leftovers\n|-heal|p1a: LPFJ3|46\/100 par|[from] item: Leftovers\n|-fieldend|move: Trick Room\n|upkeep\n|turn|22\n|\n|t:|1700720346\n|switch|p1a: ICE WRLD|Ninetales-Alola, M|78\/100\n|-weather|Snow|[from] ability: Snow Warning|[of] p1a: ICE WRLD\n|move|p2a: Hatterene|Trick Room|p2a: Hatterene\n|-fieldstart|move: Trick Room|[of] p2a: Hatterene\n|\n|-weather|Snow|[upkeep]\n|-heal|p2a: Hatterene|62\/100|[from] item: Leftovers\n|upkeep\n|turn|23\n|\n|t:|1700720355\n|move|p2a: Hatterene|Calm Mind|p2a: Hatterene\n|-boost|p2a: Hatterene|spa|1\n|-boost|p2a: Hatterene|spd|1\n|move|p1a: ICE WRLD|Encore|p2a: Hatterene\n|move|p2a: Hatterene|Encore||[from]ability: Magic Bounce|[still]\n|-fail|p2a: Hatterene\n|\n|-weather|Snow|[upkeep]\n|-heal|p2a: Hatterene|68\/100|[from] item: Leftovers\n|upkeep\n|turn|24\n|\n|t:|1700720376\n|move|p2a: Hatterene|Calm Mind|p2a: Hatterene\n|-boost|p2a: Hatterene|spa|1\n|-boost|p2a: Hatterene|spd|1\n|move|p1a: ICE WRLD|Moonblast|p2a: Hatterene\n|-damage|p2a: Hatterene|55\/100\n|-unboost|p2a: Hatterene|spa|1\n|\n|-weather|Snow|[upkeep]\n|-heal|p2a: Hatterene|61\/100|[from] item: Leftovers\n|-sideend|p1: ronnie07|move: Aurora Veil\n|upkeep\n|turn|25\n|\n|t:|1700720380\n|move|p2a: Hatterene|Calm Mind|p2a: Hatterene\n|-boost|p2a: Hatterene|spa|1\n|-boost|p2a: Hatterene|spd|1\n|move|p1a: ICE WRLD|Aurora Veil|p1a: ICE WRLD\n|-sidestart|p1: ronnie07|move: Aurora Veil\n|\n|-weather|Snow|[upkeep]\n|-heal|p2a: Hatterene|67\/100|[from] item: Leftovers\n|upkeep\n|turn|26\n|\n|t:|1700720391\n|switch|p1a: YUNG METRO|Rillaboom, F|100\/100\n|-fieldstart|move: Grassy Terrain|[from] ability: Grassy Surge|[of] p1a: YUNG METRO\n|move|p2a: Hatterene|Calm Mind|p2a: Hatterene\n|-boost|p2a: Hatterene|spa|1\n|-boost|p2a: Hatterene|spd|1\n|\n|-weather|none\n|-heal|p2a: Hatterene|73\/100|[from] Grassy Terrain\n|-heal|p2a: Hatterene|79\/100|[from] item: Leftovers\n|-fieldend|move: Trick Room\n|upkeep\n|turn|27\n|\n|t:|1700720399\n|move|p1a: YUNG METRO|Swords Dance|p1a: YUNG METRO\n|-boost|p1a: YUNG METRO|atk|2\n|move|p2a: Hatterene|Stored Power|p1a: YUNG METRO\n|-damage|p1a: YUNG METRO|0 fnt\n|faint|p1a: YUNG METRO\n|\n|-heal|p2a: Hatterene|85\/100|[from] Grassy Terrain\n|-heal|p2a: Hatterene|91\/100|[from] item: Leftovers\n|upkeep\n|\n|t:|1700720406\n|switch|p1a: DRIPN|Manaphy|100\/100\n|turn|28\n|\n|t:|1700720410\n|move|p1a: DRIPN|Take Heart|p1a: DRIPN\n|-boost|p1a: DRIPN|spa|1\n|-boost|p1a: DRIPN|spd|1\n|move|p2a: Hatterene|Trick Room|p2a: Hatterene\n|-fieldstart|move: Trick Room|[of] p2a: Hatterene\n|\n|-heal|p2a: Hatterene|97\/100|[from] Grassy Terrain\n|-heal|p2a: Hatterene|100\/100|[from] item: Leftovers\n|upkeep\n|turn|29\n|\n|t:|1700720415\n|move|p2a: Hatterene|Stored Power|p1a: DRIPN\n|-damage|p1a: DRIPN|20\/100\n|move|p1a: DRIPN|Take Heart|p1a: DRIPN\n|-boost|p1a: DRIPN|spa|1\n|-boost|p1a: DRIPN|spd|1\n|\n|-heal|p1a: DRIPN|26\/100|[from] Grassy Terrain\n|-heal|p1a: DRIPN|32\/100|[from] item: Leftovers\n|upkeep\n|turn|30\n|\n|t:|1700720419\n|move|p2a: Hatterene|Stored Power|p1a: DRIPN\n|-damage|p1a: DRIPN|0 fnt\n|faint|p1a: DRIPN\n|\n|upkeep\n|-message|ronnie07 forfeited.\n|\n|win|gett guuud\n|raw|ronnie07's rating: 1511 &rarr; <strong>1490<\/strong><br \/>(-21 for losing)\n|raw|gett guuud's rating: 1493 &rarr; <strong>1514<\/strong><br \/>(+21 for winning)\n|l|\u2606ronnie07\n","uploadtime":1700720430,"views":3,"p1id":"ronnie07","p2id":"gettguuud","formatid":"gen9ou","rating":1490,"private":0,"password":""}