{"id":"gen9ou-1994742615","p1":"GrothendieckRD","p2":"Ikari.mp3","format":"[Gen 9] OU","log":"|j|\u2606GrothendieckRD\n|j|\u2606Ikari.mp3\n|t:|1700488119\n|gametype|singles\n|player|p1|GrothendieckRD|hilbert-wonderlauncher|1059\n|player|p2|Ikari.mp3|n|1045\n|teamsize|p1|6\n|teamsize|p2|6\n|gen|9\n|tier|[Gen 9] OU\n|rated|\n|rule|Sleep Clause Mod: Limit one foe put to sleep\n|rule|Species Clause: Limit one of each Pok\u00e9mon\n|rule|OHKO Clause: OHKO moves are banned\n|rule|Evasion Items Clause: Evasion items are banned\n|rule|Evasion Moves Clause: Evasion moves are banned\n|rule|Endless Battle Clause: Forcing endless battles is banned\n|rule|HP Percentage Mod: HP is shown in percentages\n|clearpoke\n|poke|p1|Maushold|\n|poke|p1|Samurott-Hisui, M|\n|poke|p1|Kingambit, M|\n|poke|p1|Garganacl, M|\n|poke|p1|Amoonguss, M|\n|poke|p1|Weavile, M|\n|poke|p2|Kommo-o, M|\n|poke|p2|Iron Valiant|\n|poke|p2|Dondozo, F|\n|poke|p2|Kingambit, F|\n|poke|p2|Zapdos|\n|poke|p2|Ogerpon-Cornerstone, F|\n|teampreview\n|inactive|Battle timer is ON: inactive players will automatically lose when time's up. (requested by GrothendieckRD)\n|\n|t:|1700488130\n|start\n|switch|p1a: Amoonguss|Amoonguss, M, shiny|100\/100\n|switch|p2a: Ogerpon|Ogerpon-Cornerstone, F|100\/100\n|turn|1\n|\n|t:|1700488140\n|move|p2a: Ogerpon|Knock Off|p1a: Amoonguss\n|-damage|p1a: Amoonguss|77\/100\n|-enditem|p1a: Amoonguss|Red Card|[from] move: Knock Off|[of] p2a: Ogerpon\n|move|p1a: Amoonguss|Sludge Bomb|p2a: Ogerpon\n|-damage|p2a: Ogerpon|75\/100\n|\n|upkeep\n|turn|2\n|\n|t:|1700488148\n|move|p2a: Ogerpon|Spikes|p1a: Amoonguss\n|-sidestart|p1: GrothendieckRD|Spikes\n|move|p1a: Amoonguss|Sludge Bomb|p2a: Ogerpon\n|-damage|p2a: Ogerpon|48\/100\n|\n|upkeep\n|turn|3\n|\n|t:|1700488155\n|move|p2a: Ogerpon|U-turn|p1a: Amoonguss\n|-damage|p1a: Amoonguss|61\/100\n|\n|t:|1700488165\n|switch|p2a: Iron Valiant|Iron Valiant|100\/100|[from] U-turn\n|move|p1a: Amoonguss|Sludge Bomb|p2a: Iron Valiant\n|-supereffective|p2a: Iron Valiant\n|-damage|p2a: Iron Valiant|0 fnt\n|faint|p2a: Iron Valiant\n|-end|p2a: Iron Valiant|Quark Drive|[silent]\n|\n|upkeep\n|\n|t:|1700488177\n|switch|p2a: Zapdos|Zapdos|100\/100\n|turn|4\n|\n|t:|1700488185\n|switch|p1a: Garganacl|Garganacl, M|100\/100\n|-damage|p1a: Garganacl|88\/100|[from] Spikes\n|move|p2a: Zapdos|Heat Wave|p1a: Garganacl\n|-resisted|p1a: Garganacl\n|-damage|p1a: Garganacl|76\/100\n|\n|-heal|p1a: Garganacl|83\/100|[from] item: Leftovers\n|upkeep\n|turn|5\n|\n|t:|1700488208\n|move|p2a: Zapdos|Volt Switch|p1a: Garganacl\n|-damage|p1a: Garganacl|59\/100\n|\n|t:|1700488213\n|switch|p2a: Dondozo|Dondozo, F, shiny|100\/100|[from] Volt Switch\n|move|p1a: Garganacl|Salt Cure|p2a: Dondozo\n|-damage|p2a: Dondozo|94\/100\n|-start|p2a: Dondozo|Salt Cure\n|\n|-heal|p1a: Garganacl|65\/100|[from] item: Leftovers\n|-heal|p2a: Dondozo|100\/100|[from] item: Leftovers\n|-damage|p2a: Dondozo|76\/100|[from] Salt Cure\n|upkeep\n|turn|6\n|\n|t:|1700488228\n|switch|p1a: Amoonguss|Amoonguss, M, shiny|94\/100\n|-damage|p1a: Amoonguss|82\/100|[from] Spikes\n|move|p2a: Dondozo|Body Press|p1a: Amoonguss\n|-resisted|p1a: Amoonguss\n|-damage|p1a: Amoonguss|73\/100\n|\n|-heal|p2a: Dondozo|82\/100|[from] item: Leftovers\n|-damage|p2a: Dondozo|57\/100|[from] Salt Cure\n|upkeep\n|turn|7\n|\n|t:|1700488243\n|switch|p2a: Kommo-o|Kommo-o, M|100\/100\n|move|p1a: Amoonguss|Spore|p2a: Kommo-o\n|-status|p2a: Kommo-o|slp|[from] move: Spore\n|\n|upkeep\n|turn|8\n|\n|t:|1700488254\n|switch|p1a: Maushold|Maushold|100\/100\n|-damage|p1a: Maushold|88\/100|[from] Spikes\n|cant|p2a: Kommo-o|slp\n|\n|upkeep\n|turn|9\n|\n|t:|1700488269\n|move|p1a: Maushold|Tidy Up|p1a: Maushold\n|-sideend|p1: GrothendieckRD|Spikes\n|-activate|p1a: Maushold|move: Tidy Up\n|-boost|p1a: Maushold|atk|1\n|-boost|p1a: Maushold|spe|1\n|-curestatus|p2a: Kommo-o|slp|[msg]\n|move|p2a: Kommo-o|Drain Punch|p1a: Maushold\n|-supereffective|p1a: Maushold\n|-damage|p1a: Maushold|0 fnt\n|faint|p1a: Maushold\n|\n|upkeep\n|\n|t:|1700488285\n|switch|p1a: Amoonguss|Amoonguss, M, shiny|100\/100\n|turn|10\n|\n|t:|1700488293\n|move|p2a: Kommo-o|Fire Punch|p1a: Amoonguss\n|-supereffective|p1a: Amoonguss\n|-damage|p1a: Amoonguss|64\/100\n|move|p1a: Amoonguss|Grass Knot|p2a: Kommo-o\n|-resisted|p2a: Kommo-o\n|-damage|p2a: Kommo-o|89\/100\n|\n|upkeep\n|turn|11\n|\n|t:|1700488300\n|move|p2a: Kommo-o|Clangorous Soul|p2a: Kommo-o\n|-boost|p2a: Kommo-o|atk|1\n|-boost|p2a: Kommo-o|def|1\n|-boost|p2a: Kommo-o|spa|1\n|-boost|p2a: Kommo-o|spd|1\n|-boost|p2a: Kommo-o|spe|1\n|-damage|p2a: Kommo-o|57\/100\n|move|p1a: Amoonguss|Spore|p2a: Kommo-o\n|-status|p2a: Kommo-o|slp|[from] move: Spore\n|\n|upkeep\n|turn|12\n|\n|t:|1700488319\n|switch|p1a: Samurott|Samurott-Hisui, M, shiny|100\/100\n|cant|p2a: Kommo-o|slp\n|\n|upkeep\n|turn|13\n|\n|t:|1700488327\n|-terastallize|p1a: Samurott|Water\n|-curestatus|p2a: Kommo-o|slp|[msg]\n|move|p2a: Kommo-o|Earthquake|p1a: Samurott\n|-damage|p1a: Samurott|40\/100\n|move|p1a: Samurott|Swords Dance|p1a: Samurott\n|-boost|p1a: Samurott|atk|2\n|\n|upkeep\n|turn|14\n|\n|t:|1700488337\n|move|p2a: Kommo-o|Earthquake|p1a: Samurott\n|-damage|p1a: Samurott|0 fnt\n|faint|p1a: Samurott\n|\n|upkeep\n|-message|GrothendieckRD forfeited.\n|\n|win|Ikari.mp3\n|raw|GrothendieckRD's rating: 1059 &rarr; <strong>1039<\/strong><br \/>(-20 for losing)\n|raw|Ikari.mp3's rating: 1045 &rarr; <strong>1080<\/strong><br \/>(+35 for winning)\n|l|\u2606GrothendieckRD\n","uploadtime":1700488346,"views":33,"p1id":"grothendieckrd","p2id":"ikarimp3","formatid":"gen9ou","rating":1039,"private":0,"password":""}