{"id":"gen9ou-1992842782","p1":"low ladder leg","p2":"hwask","format":"[Gen 9] OU","log":"|j|\u2606low ladder leg\n|j|\u2606hwask\n|t:|1700240196\n|gametype|singles\n|player|p1|low ladder leg|ballguy|1573\n|player|p2|hwask|janitor|1555\n|teamsize|p1|6\n|teamsize|p2|6\n|gen|9\n|tier|[Gen 9] OU\n|rated|\n|rule|Sleep Clause Mod: Limit one foe put to sleep\n|rule|Species Clause: Limit one of each Pok\u00e9mon\n|rule|OHKO Clause: OHKO moves are banned\n|rule|Evasion Items Clause: Evasion items are banned\n|rule|Evasion Moves Clause: Evasion moves are banned\n|rule|Endless Battle Clause: Forcing endless battles is banned\n|rule|HP Percentage Mod: HP is shown in percentages\n|clearpoke\n|poke|p1|Meowscarada, F|\n|poke|p1|Zapdos|\n|poke|p1|Garganacl, M|\n|poke|p1|Slowking-Galar, M|\n|poke|p1|Samurott-Hisui, F|\n|poke|p1|Great Tusk|\n|poke|p2|Slowking-Galar, F|\n|poke|p2|Mandibuzz, F|\n|poke|p2|Iron Moth|\n|poke|p2|Gholdengo|\n|poke|p2|Iron Valiant|\n|poke|p2|Mamoswine, M|\n|teampreview\n|\n|t:|1700240213\n|start\n|switch|p1a: Meowscarada|Meowscarada, F|100\/100\n|switch|p2a: Mandibuzz|Mandibuzz, F|100\/100\n|turn|1\n|\n|t:|1700240219\n|move|p1a: Meowscarada|U-turn|p2a: Mandibuzz\n|-damage|p2a: Mandibuzz|89\/100\n|\n|t:|1700240221\n|switch|p1a: Garganacl|Garganacl, M|100\/100|[from] U-turn\n|move|p2a: Mandibuzz|Foul Play|p1a: Garganacl\n|-damage|p1a: Garganacl|80\/100\n|\n|-heal|p1a: Garganacl|86\/100|[from] item: Leftovers\n|upkeep\n|turn|2\n|\n|t:|1700240227\n|switch|p2a: Slowking|Slowking-Galar, F|100\/100\n|move|p1a: Garganacl|Salt Cure|p2a: Slowking\n|-damage|p2a: Slowking|87\/100\n|-start|p2a: Slowking|Salt Cure\n|\n|-heal|p1a: Garganacl|93\/100|[from] item: Leftovers\n|-heal|p2a: Slowking|93\/100|[from] item: Black Sludge\n|-damage|p2a: Slowking|80\/100|[from] Salt Cure\n|upkeep\n|turn|3\n|\n|t:|1700240234\n|switch|p1a: Slowking|Slowking-Galar, M|100\/100\n|move|p2a: Slowking|Chilly Reception|p2a: Slowking\n|-weather|Snow\n|\n|t:|1700240244\n|switch|p2a: Mamoswine|Mamoswine, M|100\/100|[from] Chilly Reception\n|\n|-weather|Snow|[upkeep]\n|upkeep\n|turn|4\n|\n|t:|1700240259\n|switch|p1a: Samurott|Samurott-Hisui, F|100\/100\n|move|p2a: Mamoswine|Icicle Crash|p1a: Samurott\n|-resisted|p1a: Samurott\n|-damage|p1a: Samurott|59\/100\n|-damage|p2a: Mamoswine|91\/100|[from] item: Life Orb\n|\n|-weather|Snow|[upkeep]\n|upkeep\n|turn|5\n|\n|t:|1700240268\n|-terastallize|p2a: Mamoswine|Grass\n|move|p1a: Samurott|Ceaseless Edge|p2a: Mamoswine|[miss]\n|-miss|p1a: Samurott|p2a: Mamoswine\n|move|p2a: Mamoswine|Trailblaze|p1a: Samurott\n|-supereffective|p1a: Samurott\n|-crit|p1a: Samurott\n|-damage|p1a: Samurott|0 fnt\n|-boost|p2a: Mamoswine|spe|1\n|faint|p1a: Samurott\n|-damage|p2a: Mamoswine|81\/100|[from] item: Life Orb\n|\n|-weather|Snow|[upkeep]\n|upkeep\n|\n|t:|1700240288\n|switch|p1a: Zapdos|Zapdos|100\/100\n|turn|6\n|\n|t:|1700240311\n|switch|p2a: Slowking|Slowking-Galar, F|100\/100\n|-terastallize|p1a: Zapdos|Steel\n|move|p1a: Zapdos|Hurricane|p2a: Slowking\n|-damage|p2a: Slowking|72\/100\n|-start|p2a: Slowking|confusion\n|\n|-weather|Snow|[upkeep]\n|-heal|p2a: Slowking|78\/100|[from] item: Black Sludge\n|upkeep\n|turn|7\n|\n|t:|1700240318\n|move|p1a: Zapdos|U-turn|p2a: Slowking\n|-damage|p2a: Slowking|65\/100\n|\n|t:|1700240324\n|switch|p1a: Great Tusk|Great Tusk|100\/100|[from] U-turn\n|-activate|p2a: Slowking|confusion\n|move|p2a: Slowking|Trick|p1a: Great Tusk\n|-activate|p2a: Slowking|move: Trick|[of] p1a: Great Tusk\n|-item|p1a: Great Tusk|Black Sludge|[from] move: Trick\n|-item|p2a: Slowking|Heavy-Duty Boots|[from] move: Trick\n|\n|-weather|none\n|-damage|p1a: Great Tusk|88\/100|[from] item: Black Sludge\n|upkeep\n|turn|8\n|\n|t:|1700240335\n|switch|p2a: Mandibuzz|Mandibuzz, F|89\/100\n|move|p1a: Great Tusk|Knock Off|p2a: Mandibuzz\n|-resisted|p2a: Mandibuzz\n|-damage|p2a: Mandibuzz|78\/100\n|-enditem|p2a: Mandibuzz|Heavy-Duty Boots|[from] move: Knock Off|[of] p1a: Great Tusk\n|\n|-damage|p1a: Great Tusk|76\/100|[from] item: Black Sludge\n|upkeep\n|turn|9\n|\n|t:|1700240351\n|-end|p1a: Great Tusk|Protosynthesis|[silent]\n|switch|p1a: Slowking|Slowking-Galar, M|100\/100\n|switch|p2a: Slowking|Slowking-Galar, F|98\/100\n|\n|upkeep\n|turn|10\n|\n|t:|1700240372\n|move|p1a: Slowking|Future Sight|p2a: Slowking\n|-start|p1a: Slowking|move: Future Sight\n|move|p2a: Slowking|Chilly Reception|p2a: Slowking\n|-weather|Snow\n|\n|t:|1700240390\n|switch|p2a: Gholdengo|Gholdengo|100\/100|[from] Chilly Reception\n|\n|-weather|Snow|[upkeep]\n|upkeep\n|turn|11\n|\n|t:|1700240396\n|move|p2a: Gholdengo|Shadow Ball|p1a: Slowking\n|-supereffective|p1a: Slowking\n|-damage|p1a: Slowking|54\/100\n|move|p1a: Slowking|Chilly Reception|p1a: Slowking\n|\n|t:|1700240466\n|switch|p1a: Meowscarada|Meowscarada, F|100\/100|[from] Chilly Reception\n|\n|-weather|Snow|[upkeep]\n|upkeep\n|turn|12\n|inactive|Battle timer is ON: inactive players will automatically lose when time's up. (requested by hwask)\n|\n|t:|1700240472\n|switch|p2a: Mandibuzz|Mandibuzz, F|78\/100\n|move|p1a: Meowscarada|Knock Off|p2a: Mandibuzz\n|-resisted|p2a: Mandibuzz\n|-damage|p2a: Mandibuzz|69\/100\n|\n|-weather|Snow|[upkeep]\n|-end|p2a: Mandibuzz|move: Future Sight\n|-immune|p2a: Mandibuzz\n|upkeep\n|turn|13\n|\n|t:|1700240480\n|move|p1a: Meowscarada|U-turn|p2a: Mandibuzz\n|-damage|p2a: Mandibuzz|57\/100\n|\n|t:|1700240483\n|switch|p1a: Garganacl|Garganacl, M|93\/100|[from] U-turn\n|move|p2a: Mandibuzz|Foul Play|p1a: Garganacl\n|-damage|p1a: Garganacl|70\/100\n|\n|-weather|Snow|[upkeep]\n|-heal|p1a: Garganacl|76\/100|[from] item: Leftovers\n|upkeep\n|turn|14\n|\n|t:|1700240487\n|switch|p2a: Slowking|Slowking-Galar, F|100\/100\n|move|p1a: Garganacl|Iron Defense|p1a: Garganacl\n|-boost|p1a: Garganacl|def|2\n|\n|-weather|none\n|-heal|p1a: Garganacl|82\/100|[from] item: Leftovers\n|upkeep\n|turn|15\n|\n|t:|1700240491\n|move|p1a: Garganacl|Salt Cure|p2a: Slowking\n|-damage|p2a: Slowking|85\/100\n|-start|p2a: Slowking|Salt Cure\n|move|p2a: Slowking|Future Sight|p1a: Garganacl\n|-start|p2a: Slowking|move: Future Sight\n|\n|-heal|p1a: Garganacl|89\/100|[from] item: Leftovers\n|-damage|p2a: Slowking|73\/100|[from] Salt Cure\n|upkeep\n|turn|16\n|\n|t:|1700240506\n|switch|p1a: Zapdos|Zapdos, tera:Steel|100\/100\n|move|p2a: Slowking|Trick|p1a: Zapdos\n|-activate|p2a: Slowking|move: Trick|[of] p1a: Zapdos\n|-item|p1a: Zapdos|Heavy-Duty Boots|[from] move: Trick\n|-item|p2a: Slowking|Heavy-Duty Boots|[from] move: Trick\n|\n|-damage|p2a: Slowking|60\/100|[from] Salt Cure\n|upkeep\n|turn|17\n|\n|t:|1700240518\n|move|p1a: Zapdos|Hurricane|p2a: Slowking|[miss]\n|-miss|p1a: Zapdos|p2a: Slowking\n|move|p2a: Slowking|Chilly Reception|p2a: Slowking\n|-weather|Snow\n|\n|t:|1700240537\n|switch|p2a: Iron Moth|Iron Moth|100\/100|[from] Chilly Reception\n|-enditem|p2a: Iron Moth|Booster Energy\n|-activate|p2a: Iron Moth|ability: Quark Drive|[fromitem]\n|-start|p2a: Iron Moth|quarkdrivespe\n|\n|-weather|Snow|[upkeep]\n|-end|p1a: Zapdos|move: Future Sight\n|-resisted|p1a: Zapdos\n|-damage|p1a: Zapdos|78\/100\n|upkeep\n|turn|18\n|\n|t:|1700240545\n|switch|p1a: Slowking|Slowking-Galar, M|88\/100\n|move|p2a: Iron Moth|Substitute|p2a: Iron Moth\n|-start|p2a: Iron Moth|Substitute\n|-damage|p2a: Iron Moth|76\/100\n|\n|-weather|Snow|[upkeep]\n|upkeep\n|turn|19\n|\n|t:|1700240549\n|move|p2a: Iron Moth|Fiery Dance|p1a: Slowking\n|-damage|p1a: Slowking|62\/100\n|-boost|p2a: Iron Moth|spa|1\n|move|p1a: Slowking|Future Sight|p2a: Iron Moth\n|-start|p1a: Slowking|move: Future Sight\n|\n|-weather|Snow|[upkeep]\n|upkeep\n|turn|20\n|\n|t:|1700240554\n|move|p2a: Iron Moth|Fiery Dance|p1a: Slowking\n|-damage|p1a: Slowking|29\/100\n|-boost|p2a: Iron Moth|spa|1\n|move|p1a: Slowking|Chilly Reception|p1a: Slowking\n|\n|t:|1700240556\n|switch|p1a: Garganacl|Garganacl, M|89\/100|[from] Chilly Reception\n|\n|-weather|Snow|[upkeep]\n|-heal|p1a: Garganacl|95\/100|[from] item: Leftovers\n|upkeep\n|turn|21\n|\n|t:|1700240560\n|move|p2a: Iron Moth|Energy Ball|p1a: Garganacl\n|-supereffective|p1a: Garganacl\n|-damage|p1a: Garganacl|16\/100\n|-unboost|p1a: Garganacl|spd|1\n|move|p1a: Garganacl|Salt Cure|p2a: Iron Moth\n|-supereffective|p2a: Iron Moth\n|-end|p2a: Iron Moth|Substitute\n|\n|-weather|none\n|-end|p2a: Iron Moth|move: Future Sight\n|-supereffective|p2a: Iron Moth\n|-damage|p2a: Iron Moth|0 fnt\n|faint|p2a: Iron Moth\n|-end|p2a: Iron Moth|Quark Drive|[silent]\n|-heal|p1a: Garganacl|22\/100|[from] item: Leftovers\n|upkeep\n|\n|t:|1700240566\n|switch|p2a: Mamoswine|Mamoswine, M, tera:Grass|81\/100\n|turn|22\n|\n|t:|1700240572\n|switch|p1a: Great Tusk|Great Tusk|76\/100\n|move|p2a: Mamoswine|Trailblaze|p1a: Great Tusk\n|-supereffective|p1a: Great Tusk\n|-damage|p1a: Great Tusk|17\/100\n|-boost|p2a: Mamoswine|spe|1\n|-damage|p2a: Mamoswine|71\/100|[from] item: Life Orb\n|\n|-damage|p1a: Great Tusk|4\/100|[from] item: Black Sludge\n|upkeep\n|turn|23\n|\n|t:|1700240590\n|move|p2a: Mamoswine|Trailblaze|p1a: Great Tusk\n|-supereffective|p1a: Great Tusk\n|-damage|p1a: Great Tusk|0 fnt\n|-boost|p2a: Mamoswine|spe|1\n|faint|p1a: Great Tusk\n|-end|p1a: Great Tusk|Protosynthesis|[silent]\n|-damage|p2a: Mamoswine|61\/100|[from] item: Life Orb\n|\n|upkeep\n|\n|t:|1700240599\n|switch|p1a: Zapdos|Zapdos, tera:Steel|78\/100\n|turn|24\n|\n|t:|1700240605\n|move|p2a: Mamoswine|Earthquake|p1a: Zapdos\n|-supereffective|p1a: Zapdos\n|-damage|p1a: Zapdos|0 fnt\n|faint|p1a: Zapdos\n|-damage|p2a: Mamoswine|51\/100|[from] item: Life Orb\n|\n|upkeep\n|\n|t:|1700240610\n|switch|p1a: Garganacl|Garganacl, M|22\/100\n|turn|25\n|\n|t:|1700240614\n|move|p2a: Mamoswine|Trailblaze|p1a: Garganacl\n|-supereffective|p1a: Garganacl\n|-damage|p1a: Garganacl|0 fnt\n|-boost|p2a: Mamoswine|spe|1\n|faint|p1a: Garganacl\n|-damage|p2a: Mamoswine|41\/100|[from] item: Life Orb\n|\n|upkeep\n|\n|t:|1700240616\n|switch|p1a: Slowking|Slowking-Galar, M|62\/100\n|turn|26\n|\n|t:|1700240621\n|move|p2a: Mamoswine|Earthquake|p1a: Slowking\n|-supereffective|p1a: Slowking\n|-damage|p1a: Slowking|0 fnt\n|faint|p1a: Slowking\n|-damage|p2a: Mamoswine|31\/100|[from] item: Life Orb\n|\n|upkeep\n|\n|t:|1700240623\n|switch|p1a: Meowscarada|Meowscarada, F|100\/100\n|turn|27\n|\n|t:|1700240629\n|move|p2a: Mamoswine|Ice Shard|p1a: Meowscarada\n|-supereffective|p1a: Meowscarada\n|-damage|p1a: Meowscarada|9\/100\n|-damage|p2a: Mamoswine|21\/100|[from] item: Life Orb\n|move|p1a: Meowscarada|U-turn|p2a: Mamoswine\n|-supereffective|p2a: Mamoswine\n|-damage|p2a: Mamoswine|0 fnt\n|faint|p2a: Mamoswine\n|\n|upkeep\n|\n|t:|1700240636\n|switch|p2a: Gholdengo|Gholdengo|100\/100\n|turn|28\n|\n|t:|1700240644\n|move|p2a: Gholdengo|Make It Rain|p1a: Meowscarada\n|-damage|p1a: Meowscarada|0 fnt\n|-unboost|p2a: Gholdengo|spa|1\n|faint|p1a: Meowscarada\n|\n|win|hwask\n|raw|low ladder leg's rating: 1573 &rarr; <strong>1552<\/strong><br \/>(-21 for losing)\n|raw|hwask's rating: 1555 &rarr; <strong>1576<\/strong><br \/>(+21 for winning)\n|l|\u2606low ladder leg\n","uploadtime":1700240786,"views":9,"p1id":"lowladderleg","p2id":"hwask","formatid":"gen9ou","rating":1552,"private":0,"password":""}