{"id":"gen9ou-1992782358","p1":"UrSheerForce","p2":"Eucalipto69!","format":"[Gen 9] OU","log":"|j|\u2606UrSheerForce\n|j|\u2606Eucalipto69!\n|t:|1700234993\n|gametype|singles\n|player|p1|UrSheerForce|bruno-gen2|1585\n|player|p2|Eucalipto69!|alder|1664\n|teamsize|p1|6\n|teamsize|p2|6\n|gen|9\n|tier|[Gen 9] OU\n|rated|\n|rule|Sleep Clause Mod: Limit one foe put to sleep\n|rule|Species Clause: Limit one of each Pok\u00e9mon\n|rule|OHKO Clause: OHKO moves are banned\n|rule|Evasion Items Clause: Evasion items are banned\n|rule|Evasion Moves Clause: Evasion moves are banned\n|rule|Endless Battle Clause: Forcing endless battles is banned\n|rule|HP Percentage Mod: HP is shown in percentages\n|clearpoke\n|poke|p1|Sinistcha-Masterpiece|\n|poke|p1|Ogerpon-Wellspring, F|\n|poke|p1|Heatran, M|\n|poke|p1|Kingambit, M|\n|poke|p1|Iron Valiant|\n|poke|p1|Great Tusk|\n|poke|p2|Scizor, F|\n|poke|p2|Dragapult, F|\n|poke|p2|Kilowattrel, M|\n|poke|p2|Samurott-Hisui, M|\n|poke|p2|Great Tusk|\n|poke|p2|Ogerpon-Cornerstone, F|\n|teampreview\n|inactive|Battle timer is ON: inactive players will automatically lose when time's up. (requested by UrSheerForce)\n|\n|t:|1700235000\n|start\n|switch|p1a: Twilight Suzuka|Ogerpon-Wellspring, F|100\/100\n|switch|p2a: Scizor|Scizor, F|100\/100\n|turn|1\n|\n|t:|1700235012\n|move|p1a: Twilight Suzuka|Ivy Cudgel|p2a: Scizor|[anim] Ivy Cudgel Water\n|-damage|p2a: Scizor|45\/100\n|move|p2a: Scizor|U-turn|p1a: Twilight Suzuka\n|-supereffective|p1a: Twilight Suzuka\n|-damage|p1a: Twilight Suzuka|0 fnt\n|faint|p1a: Twilight Suzuka\n|\n|t:|1700235024\n|switch|p2a: Kilowattrel|Kilowattrel, M|100\/100|[from] U-turn\n|\n|upkeep\n|\n|t:|1700235033\n|switch|p1a: Gilliam II|Heatran, M|100\/100\n|-item|p1a: Gilliam II|Air Balloon\n|turn|2\n|inactive|Eucalipto69! has 120 seconds left.\n|\n|t:|1700235076\n|move|p2a: Kilowattrel|U-turn|p1a: Gilliam II\n|-resisted|p1a: Gilliam II\n|-damage|p1a: Gilliam II|98\/100\n|-enditem|p1a: Gilliam II|Air Balloon\n|inactive|Eucalipto69! has 90 seconds left.\n|\n|t:|1700235112\n|switch|p2a: Samurott|Samurott-Hisui, M, shiny|100\/100|[from] U-turn\n|move|p1a: Gilliam II|Magma Storm|p2a: Samurott\n|-resisted|p2a: Samurott\n|-damage|p2a: Samurott|80\/100\n|-activate|p2a: Samurott|move: Magma Storm|[of] p1a: Gilliam II\n|\n|-damage|p2a: Samurott|67\/100|[from] move: Magma Storm|[partiallytrapped]\n|upkeep\n|turn|3\n|\n|t:|1700235124\n|switch|p1a: Treadwrong Crush|Great Tusk|100\/100\n|move|p2a: Samurott|Aqua Cutter|p1a: Treadwrong Crush\n|-supereffective|p1a: Treadwrong Crush\n|-damage|p1a: Treadwrong Crush|23\/100\n|\n|-end|p2a: Samurott|Magma Storm|[partiallytrapped]|[silent]\n|upkeep\n|turn|4\n|inactive|Eucalipto69! has 90 seconds left.\n|\n|t:|1700235130\n|-end|p1a: Treadwrong Crush|Protosynthesis|[silent]\n|switch|p1a: Jim Hawking|Sinistcha-Masterpiece|100\/100\n|move|p2a: Samurott|Aqua Jet|p1a: Jim Hawking\n|-resisted|p1a: Jim Hawking\n|-damage|p1a: Jim Hawking|94\/100\n|\n|-heal|p1a: Jim Hawking|99\/100|[from] item: Leftovers\n|upkeep\n|turn|5\n|\n|t:|1700235134\n|move|p2a: Samurott|Ceaseless Edge|p1a: Jim Hawking|[miss]\n|-miss|p2a: Samurott|p1a: Jim Hawking\n|move|p1a: Jim Hawking|Strength Sap|p2a: Samurott\n|-unboost|p2a: Samurott|atk|1\n|-heal|p1a: Jim Hawking|100\/100\n|\n|upkeep\n|turn|6\n|\n|t:|1700235143\n|switch|p2a: Scizor|Scizor, F|45\/100\n|move|p1a: Jim Hawking|Calm Mind|p1a: Jim Hawking\n|-boost|p1a: Jim Hawking|spa|1\n|-boost|p1a: Jim Hawking|spd|1\n|\n|upkeep\n|turn|7\n|\n|t:|1700235149\n|move|p1a: Jim Hawking|Shadow Ball|p2a: Scizor\n|-damage|p2a: Scizor|0 fnt\n|faint|p2a: Scizor\n|\n|upkeep\n|\n|t:|1700235157\n|switch|p2a: Samurott|Samurott-Hisui, M, shiny|67\/100\n|turn|8\n|inactive|Eucalipto69! has 120 seconds left.\n|\n|t:|1700235187\n|-terastallize|p2a: Samurott|Ghost\n|move|p2a: Samurott|Ceaseless Edge|p1a: Jim Hawking|[miss]\n|-miss|p2a: Samurott|p1a: Jim Hawking\n|move|p1a: Jim Hawking|Strength Sap|p2a: Samurott\n|-unboost|p2a: Samurott|atk|1\n|\n|upkeep\n|turn|9\n|-message|Eucalipto69! forfeited.\n|\n|win|UrSheerForce\n|raw|UrSheerForce's rating: 1585 &rarr; <strong>1609<\/strong><br \/>(+24 for winning)\n|raw|Eucalipto69!'s rating: 1664 &rarr; <strong>1640<\/strong><br \/>(-24 for losing)\n|l|\u2606Eucalipto69!\n|c|\u2606UrSheerForce|LMAOOOOOOOOOOOOOOO\n|c|\u2606UrSheerForce|90% is basically 50%\n","uploadtime":1700235223,"views":10,"p1id":"ursheerforce","p2id":"eucalipto69","formatid":"gen9ou","rating":1609,"private":0,"password":""}