{"id":"gen9ou-1999360580","p1":"dogcat123456","p2":"Boyer Enjoyer","format":"[Gen 9] OU","log":"|j|\u2606dogcat123456\n|j|\u2606Boyer Enjoyer\n|t:|1701066638\n|gametype|singles\n|player|p1|dogcat123456|102|1309\n|player|p2|Boyer Enjoyer|swimmerf-gen4|1426\n|teamsize|p1|6\n|teamsize|p2|6\n|gen|9\n|tier|[Gen 9] OU\n|rated|\n|rule|Sleep Clause Mod: Limit one foe put to sleep\n|rule|Species Clause: Limit one of each Pok\u00e9mon\n|rule|OHKO Clause: OHKO moves are banned\n|rule|Evasion Items Clause: Evasion items are banned\n|rule|Evasion Moves Clause: Evasion moves are banned\n|rule|Endless Battle Clause: Forcing endless battles is banned\n|rule|HP Percentage Mod: HP is shown in percentages\n|clearpoke\n|poke|p1|Toxapex, F|\n|poke|p1|Slowking-Galar, M|\n|poke|p1|Corviknight, F|\n|poke|p1|Dondozo, M|\n|poke|p1|Blissey, F|\n|poke|p1|Ditto|\n|poke|p2|Slowking-Galar, F|\n|poke|p2|Great Tusk|\n|poke|p2|Rillaboom, F|\n|poke|p2|Kingambit, F|\n|poke|p2|Dragapult, F|\n|poke|p2|Moltres|\n|teampreview\n|\n|t:|1701066684\n|start\n|switch|p1a: Blissey|Blissey, F|100\/100\n|switch|p2a: Great Tusk|Great Tusk|100\/100\n|turn|1\n|\n|t:|1701066692\n|switch|p1a: Corviknight|Corviknight, F|100\/100\n|move|p2a: Great Tusk|Stealth Rock|p1a: Corviknight\n|-sidestart|p1: dogcat123456|move: Stealth Rock\n|\n|upkeep\n|turn|2\n|\n|t:|1701066697\n|move|p2a: Great Tusk|Knock Off|p1a: Corviknight\n|-damage|p1a: Corviknight|72\/100\n|-enditem|p1a: Corviknight|Leftovers|[from] move: Knock Off|[of] p2a: Great Tusk\n|move|p1a: Corviknight|Iron Defense|p1a: Corviknight\n|-boost|p1a: Corviknight|def|2\n|\n|upkeep\n|turn|3\n|\n|t:|1701066702\n|-end|p2a: Great Tusk|Protosynthesis|[silent]\n|switch|p2a: Moltres|Moltres|100\/100\n|move|p1a: Corviknight|Defog|p2a: Moltres\n|-unboost|p2a: Moltres|evasion|1\n|-sideend|p1: dogcat123456|Stealth Rock|[from] move: Defog|[of] p1a: Corviknight\n|\n|upkeep\n|turn|4\n|\n|t:|1701066707\n|switch|p1a: Toxapex|Toxapex, F|100\/100\n|move|p2a: Moltres|Flamethrower|p1a: Toxapex\n|-resisted|p1a: Toxapex\n|-damage|p1a: Toxapex|86\/100\n|\n|-heal|p1a: Toxapex|92\/100|[from] item: Black Sludge\n|upkeep\n|turn|5\n|\n|t:|1701066755\n|move|p2a: Moltres|U-turn|p1a: Toxapex\n|-resisted|p1a: Toxapex\n|-damage|p1a: Toxapex|87\/100\n|\n|t:|1701066758\n|switch|p2a: Slowking|Slowking-Galar, F|100\/100|[from] U-turn\n|move|p1a: Toxapex|Toxic|p2a: Slowking\n|-immune|p2a: Slowking\n|\n|-heal|p1a: Toxapex|94\/100|[from] item: Black Sludge\n|upkeep\n|turn|6\n|\n|t:|1701066768\n|switch|p1a: Blissey|Blissey, F|100\/100\n|move|p2a: Slowking|Future Sight|p1a: Blissey\n|-start|p2a: Slowking|move: Future Sight\n|\n|upkeep\n|turn|7\n|\n|t:|1701066780\n|move|p1a: Blissey|Stealth Rock|p2a: Slowking\n|-sidestart|p2: Boyer Enjoyer|move: Stealth Rock\n|move|p2a: Slowking|Chilly Reception|p2a: Slowking\n|-weather|Snow\n|\n|t:|1701066791\n|switch|p2a: Great Tusk|Great Tusk|100\/100|[from] Chilly Reception\n|-damage|p2a: Great Tusk|98\/100|[from] Stealth Rock\n|\n|-weather|Snow|[upkeep]\n|-heal|p2a: Great Tusk|100\/100|[from] item: Leftovers\n|upkeep\n|turn|8\n|\n|t:|1701066800\n|switch|p1a: Corviknight|Corviknight, F|72\/100\n|move|p2a: Great Tusk|Rapid Spin|p1a: Corviknight\n|-resisted|p1a: Corviknight\n|-damage|p1a: Corviknight|65\/100\n|-boost|p2a: Great Tusk|spe|1\n|-sideend|p2: Boyer Enjoyer|Stealth Rock|[from] move: Rapid Spin|[of] p2a: Great Tusk\n|\n|-weather|Snow|[upkeep]\n|-end|p1a: Corviknight|move: Future Sight\n|-resisted|p1a: Corviknight\n|-damage|p1a: Corviknight|46\/100\n|upkeep\n|turn|9\n|\n|t:|1701066868\n|-end|p2a: Great Tusk|Protosynthesis|[silent]\n|switch|p2a: Moltres|Moltres|100\/100\n|move|p1a: Corviknight|Roost|p1a: Corviknight\n|-heal|p1a: Corviknight|96\/100\n|-singleturn|p1a: Corviknight|move: Roost\n|\n|-weather|Snow|[upkeep]\n|upkeep\n|turn|10\n|\n|t:|1701066881\n|switch|p1a: Blissey|Blissey, F|100\/100\n|move|p2a: Moltres|Flamethrower|p1a: Blissey\n|-damage|p1a: Blissey|87\/100\n|\n|-weather|Snow|[upkeep]\n|upkeep\n|turn|11\n|\n|t:|1701066886\n|move|p2a: Moltres|U-turn|p1a: Blissey\n|-damage|p1a: Blissey|75\/100\n|\n|t:|1701066892\n|switch|p2a: Great Tusk|Great Tusk|100\/100|[from] U-turn\n|move|p1a: Blissey|Stealth Rock|p2a: Great Tusk\n|-sidestart|p2: Boyer Enjoyer|move: Stealth Rock\n|\n|-weather|none\n|upkeep\n|turn|12\n|\n|t:|1701066898\n|move|p2a: Great Tusk|Stealth Rock|p1a: Blissey\n|-sidestart|p1: dogcat123456|move: Stealth Rock\n|move|p1a: Blissey|Ice Beam|p2a: Great Tusk\n|-supereffective|p2a: Great Tusk\n|-damage|p2a: Great Tusk|54\/100\n|\n|-heal|p2a: Great Tusk|60\/100|[from] item: Leftovers\n|upkeep\n|turn|13\n|\n|t:|1701066906\n|switch|p1a: Corviknight|Corviknight, F|96\/100\n|-damage|p1a: Corviknight|83\/100|[from] Stealth Rock\n|move|p2a: Great Tusk|Rapid Spin|p1a: Corviknight\n|-resisted|p1a: Corviknight\n|-damage|p1a: Corviknight|76\/100\n|-boost|p2a: Great Tusk|spe|1\n|-sideend|p2: Boyer Enjoyer|Stealth Rock|[from] move: Rapid Spin|[of] p2a: Great Tusk\n|\n|-heal|p2a: Great Tusk|66\/100|[from] item: Leftovers\n|upkeep\n|turn|14\n|\n|t:|1701066915\n|-end|p2a: Great Tusk|Protosynthesis|[silent]\n|switch|p2a: Moltres|Moltres|100\/100\n|move|p1a: Corviknight|Defog|p2a: Moltres\n|-unboost|p2a: Moltres|evasion|1\n|-sideend|p1: dogcat123456|Stealth Rock|[from] move: Defog|[of] p1a: Corviknight\n|\n|upkeep\n|turn|15\n|\n|t:|1701066926\n|switch|p1a: Blissey|Blissey, F|75\/100\n|move|p2a: Moltres|U-turn|p1a: Blissey\n|-damage|p1a: Blissey|61\/100\n|\n|t:|1701066930\n|switch|p2a: Great Tusk|Great Tusk|66\/100|[from] U-turn\n|\n|-heal|p2a: Great Tusk|72\/100|[from] item: Leftovers\n|upkeep\n|turn|16\n|\n|t:|1701066937\n|switch|p1a: Corviknight|Corviknight, F|76\/100\n|move|p2a: Great Tusk|Headlong Rush|p1a: Corviknight\n|-immune|p1a: Corviknight\n|\n|-heal|p2a: Great Tusk|78\/100|[from] item: Leftovers\n|upkeep\n|turn|17\n|\n|t:|1701066944\n|move|p2a: Great Tusk|Stealth Rock|p1a: Corviknight\n|-sidestart|p1: dogcat123456|move: Stealth Rock\n|move|p1a: Corviknight|Iron Defense|p1a: Corviknight\n|-boost|p1a: Corviknight|def|2\n|\n|-heal|p2a: Great Tusk|85\/100|[from] item: Leftovers\n|upkeep\n|turn|18\n|\n|t:|1701066949\n|-end|p2a: Great Tusk|Protosynthesis|[silent]\n|switch|p2a: Moltres|Moltres|100\/100\n|move|p1a: Corviknight|Body Press|p2a: Moltres\n|-resisted|p2a: Moltres\n|-damage|p2a: Moltres|84\/100\n|\n|upkeep\n|turn|19\n|\n|t:|1701066955\n|switch|p1a: Blissey|Blissey, F|61\/100\n|-damage|p1a: Blissey|49\/100|[from] Stealth Rock\n|move|p2a: Moltres|Flamethrower|p1a: Blissey\n|-damage|p1a: Blissey|36\/100\n|\n|upkeep\n|turn|20\n|\n|t:|1701066960\n|move|p2a: Moltres|U-turn|p1a: Blissey\n|-damage|p1a: Blissey|24\/100\n|\n|t:|1701066963\n|switch|p2a: Great Tusk|Great Tusk|85\/100|[from] U-turn\n|move|p1a: Blissey|Soft-Boiled|p1a: Blissey\n|-heal|p1a: Blissey|74\/100\n|\n|-heal|p2a: Great Tusk|91\/100|[from] item: Leftovers\n|upkeep\n|turn|21\n|\n|t:|1701066973\n|switch|p1a: Corviknight|Corviknight, F|76\/100\n|-damage|p1a: Corviknight|64\/100|[from] Stealth Rock\n|move|p2a: Great Tusk|Knock Off|p1a: Corviknight\n|-damage|p1a: Corviknight|45\/100\n|\n|-heal|p2a: Great Tusk|97\/100|[from] item: Leftovers\n|upkeep\n|turn|22\n|\n|t:|1701066979\n|-end|p2a: Great Tusk|Protosynthesis|[silent]\n|switch|p2a: Moltres|Moltres|84\/100\n|move|p1a: Corviknight|Roost|p1a: Corviknight\n|-heal|p1a: Corviknight|95\/100\n|-singleturn|p1a: Corviknight|move: Roost\n|\n|upkeep\n|turn|23\n|\n|t:|1701066985\n|move|p2a: Moltres|U-turn|p1a: Corviknight\n|-resisted|p1a: Corviknight\n|-damage|p1a: Corviknight|93\/100\n|\n|t:|1701066989\n|switch|p2a: Great Tusk|Great Tusk|97\/100|[from] U-turn\n|move|p1a: Corviknight|Defog|p2a: Great Tusk\n|-unboost|p2a: Great Tusk|evasion|1\n|-sideend|p1: dogcat123456|Stealth Rock|[from] move: Defog|[of] p1a: Corviknight\n|\n|-heal|p2a: Great Tusk|100\/100|[from] item: Leftovers\n|upkeep\n|turn|24\n|\n|t:|1701066999\n|move|p2a: Great Tusk|Stealth Rock|p1a: Corviknight\n|-sidestart|p1: dogcat123456|move: Stealth Rock\n|move|p1a: Corviknight|Iron Defense|p1a: Corviknight\n|-boost|p1a: Corviknight|def|2\n|\n|upkeep\n|turn|25\n|\n|t:|1701067006\n|move|p2a: Great Tusk|Knock Off|p1a: Corviknight\n|-damage|p1a: Corviknight|84\/100\n|move|p1a: Corviknight|Body Press|p2a: Great Tusk\n|-damage|p2a: Great Tusk|65\/100\n|\n|-heal|p2a: Great Tusk|71\/100|[from] item: Leftovers\n|upkeep\n|turn|26\n|\n|t:|1701067013\n|-end|p2a: Great Tusk|Protosynthesis|[silent]\n|switch|p2a: Moltres|Moltres|84\/100\n|move|p1a: Corviknight|Body Press|p2a: Moltres\n|-resisted|p2a: Moltres\n|-damage|p2a: Moltres|67\/100\n|\n|upkeep\n|turn|27\n|\n|t:|1701067023\n|switch|p1a: Toxapex|Toxapex, F|100\/100\n|-damage|p1a: Toxapex|88\/100|[from] Stealth Rock\n|move|p2a: Moltres|U-turn|p1a: Toxapex\n|-resisted|p1a: Toxapex\n|-damage|p1a: Toxapex|84\/100\n|\n|t:|1701067025\n|switch|p2a: Great Tusk|Great Tusk|71\/100|[from] U-turn\n|\n|-heal|p2a: Great Tusk|77\/100|[from] item: Leftovers\n|-heal|p1a: Toxapex|90\/100|[from] item: Black Sludge\n|upkeep\n|turn|28\n|\n|t:|1701067032\n|move|p1a: Toxapex|Baneful Bunker|p1a: Toxapex\n|-singleturn|p1a: Toxapex|move: Protect\n|move|p2a: Great Tusk|Headlong Rush|p1a: Toxapex\n|-activate|p1a: Toxapex|move: Protect\n|-status|p2a: Great Tusk|psn\n|\n|-heal|p2a: Great Tusk|84\/100 psn|[from] item: Leftovers\n|-heal|p1a: Toxapex|97\/100|[from] item: Black Sludge\n|-damage|p2a: Great Tusk|71\/100 psn|[from] psn\n|upkeep\n|turn|29\n|\n|t:|1701067038\n|-end|p2a: Great Tusk|Protosynthesis|[silent]\n|switch|p2a: Moltres|Moltres|67\/100\n|switch|p1a: Corviknight|Corviknight, F|84\/100\n|-damage|p1a: Corviknight|71\/100|[from] Stealth Rock\n|\n|upkeep\n|turn|30\n|\n|t:|1701067044\n|switch|p1a: Blissey|Blissey, F|74\/100\n|-damage|p1a: Blissey|61\/100|[from] Stealth Rock\n|move|p2a: Moltres|Will-O-Wisp|p1a: Blissey\n|-status|p1a: Blissey|brn\n|\n|-damage|p1a: Blissey|55\/100 brn|[from] brn\n|upkeep\n|turn|31\n|\n|t:|1701067051\n|move|p2a: Moltres|U-turn|p1a: Blissey\n|-crit|p1a: Blissey\n|-damage|p1a: Blissey|38\/100 brn\n|\n|t:|1701067070\n|switch|p2a: Rillaboom|Rillaboom, F|100\/100|[from] U-turn\n|-fieldstart|move: Grassy Terrain|[from] ability: Grassy Surge|[of] p2a: Rillaboom\n|move|p1a: Blissey|Soft-Boiled|p1a: Blissey\n|-heal|p1a: Blissey|88\/100 brn\n|\n|-heal|p1a: Blissey|94\/100 brn|[from] Grassy Terrain\n|-damage|p1a: Blissey|88\/100 brn|[from] brn\n|upkeep\n|turn|32\n|\n|t:|1701067079\n|switch|p1a: Corviknight|Corviknight, F|71\/100\n|-damage|p1a: Corviknight|59\/100|[from] Stealth Rock\n|move|p2a: Rillaboom|Knock Off|p1a: Corviknight\n|-damage|p1a: Corviknight|29\/100\n|\n|upkeep\n|turn|33\n|\n|t:|1701067091\n|move|p2a: Rillaboom|Knock Off|p1a: Corviknight\n|-damage|p1a: Corviknight|0 fnt\n|faint|p1a: Corviknight\n|\n|upkeep\n|\n|t:|1701067098\n|switch|p1a: Toxapex|Toxapex, F|100\/100\n|-damage|p1a: Toxapex|88\/100|[from] Stealth Rock\n|turn|34\n|\n|t:|1701067103\n|switch|p2a: Slowking|Slowking-Galar, F|100\/100\n|move|p1a: Toxapex|Baneful Bunker||[still]\n|-fail|p1a: Toxapex\n|\n|-heal|p1a: Toxapex|94\/100|[from] Grassy Terrain\n|-heal|p1a: Toxapex|100\/100|[from] item: Black Sludge\n|upkeep\n|turn|35\n|\n|t:|1701067111\n|switch|p1a: Dondozo|Dondozo, M|100\/100\n|-damage|p1a: Dondozo|88\/100|[from] Stealth Rock\n|move|p2a: Slowking|Future Sight|p1a: Dondozo\n|-start|p2a: Slowking|move: Future Sight\n|\n|-heal|p1a: Dondozo|94\/100|[from] Grassy Terrain\n|-fieldend|move: Grassy Terrain\n|upkeep\n|turn|36\n|\n|t:|1701067121\n|move|p1a: Dondozo|Earthquake|p2a: Slowking\n|-supereffective|p2a: Slowking\n|-damage|p2a: Slowking|48\/100\n|move|p2a: Slowking|Chilly Reception|p2a: Slowking\n|-weather|Snow\n|\n|t:|1701067123\n|switch|p2a: Rillaboom|Rillaboom, F|100\/100|[from] Chilly Reception\n|-fieldstart|move: Grassy Terrain|[from] ability: Grassy Surge|[of] p2a: Rillaboom\n|\n|-weather|Snow|[upkeep]\n|-heal|p1a: Dondozo|99\/100|[from] Grassy Terrain\n|upkeep\n|turn|37\n|\n|t:|1701067136\n|switch|p1a: Slowking|Slowking-Galar, M|100\/100\n|-damage|p1a: Slowking|88\/100|[from] Stealth Rock\n|move|p2a: Rillaboom|Knock Off|p1a: Slowking\n|-supereffective|p1a: Slowking\n|-damage|p1a: Slowking|0 fnt\n|-enditem|p1a: Slowking|Black Sludge|[from] move: Knock Off|[of] p2a: Rillaboom\n|faint|p1a: Slowking\n|\n|-weather|Snow|[upkeep]\n|-hint|Future Sight did not hit because the target is fainted.\n|upkeep\n|\n|t:|1701067153\n|switch|p1a: Ditto|Ditto|100\/100\n|-damage|p1a: Ditto|88\/100|[from] Stealth Rock\n|-transform|p1a: Ditto|p2a: Rillaboom|[from] ability: Imposter\n|turn|38\n|\n|t:|1701067159\n|switch|p2a: Moltres|Moltres|67\/100\n|move|p1a: Ditto|U-turn|p2a: Moltres\n|-resisted|p2a: Moltres\n|-damage|p2a: Moltres|63\/100\n|-status|p1a: Ditto|brn|[from] ability: Flame Body|[of] p2a: Moltres\n|\n|t:|1701067166\n|switch|p1a: Blissey|Blissey, F|88\/100 brn|[from] U-turn\n|-damage|p1a: Blissey|75\/100 brn|[from] Stealth Rock\n|\n|-weather|Snow|[upkeep]\n|-heal|p1a: Blissey|81\/100 brn|[from] Grassy Terrain\n|-damage|p1a: Blissey|75\/100 brn|[from] brn\n|upkeep\n|turn|39\n|inactive|Battle timer is ON: inactive players will automatically lose when time's up. (requested by Boyer Enjoyer)\n|\n|t:|1701067173\n|move|p2a: Moltres|Roost|p2a: Moltres\n|-heal|p2a: Moltres|100\/100\n|-singleturn|p2a: Moltres|move: Roost\n|move|p1a: Blissey|Heal Bell|p1a: Blissey\n|-activate|p1a: Blissey|move: Heal Bell\n|-curestatus|p1a: Blissey|brn|[msg]\n|-curestatus|p1: Ditto|brn|[msg]\n|\n|-weather|Snow|[upkeep]\n|-heal|p1a: Blissey|81\/100|[from] Grassy Terrain\n|upkeep\n|turn|40\n|\n|t:|1701067182\n|move|p2a: Moltres|U-turn|p1a: Blissey\n|-damage|p1a: Blissey|69\/100\n|\n|t:|1701067185\n|switch|p2a: Rillaboom|Rillaboom, F|100\/100|[from] U-turn\n|move|p1a: Blissey|Ice Beam|p2a: Rillaboom\n|-supereffective|p2a: Rillaboom\n|-damage|p2a: Rillaboom|58\/100\n|-status|p2a: Rillaboom|frz\n|\n|-weather|none\n|-heal|p2a: Rillaboom|64\/100 frz|[from] Grassy Terrain\n|-heal|p1a: Blissey|75\/100|[from] Grassy Terrain\n|-fieldend|move: Grassy Terrain\n|upkeep\n|turn|41\n|\n|t:|1701067194\n|cant|p2a: Rillaboom|frz\n|move|p1a: Blissey|Ice Beam|p2a: Rillaboom\n|-supereffective|p2a: Rillaboom\n|-damage|p2a: Rillaboom|20\/100 frz\n|\n|upkeep\n|turn|42\n|\n|t:|1701067203\n|switch|p2a: Slowking|Slowking-Galar, F|81\/100\n|move|p1a: Blissey|Stealth Rock|p2a: Slowking\n|-sidestart|p2: Boyer Enjoyer|move: Stealth Rock\n|\n|upkeep\n|turn|43\n|\n|t:|1701067210\n|move|p1a: Blissey|Ice Beam|p2a: Slowking\n|-damage|p2a: Slowking|70\/100\n|-status|p2a: Slowking|frz\n|cant|p2a: Slowking|frz\n|\n|upkeep\n|turn|44\n|\n|t:|1701067234\n|switch|p1a: Dondozo|Dondozo, M|99\/100\n|-damage|p1a: Dondozo|88\/100|[from] Stealth Rock\n|-curestatus|p2a: Slowking|frz|[msg]\n|move|p2a: Slowking|Future Sight|p1a: Dondozo\n|-start|p2a: Slowking|move: Future Sight\n|\n|upkeep\n|turn|45\n|\n|t:|1701067243\n|-terastallize|p1a: Dondozo|Ground\n|move|p1a: Dondozo|Earthquake|p2a: Slowking\n|-supereffective|p2a: Slowking\n|-damage|p2a: Slowking|0 fnt\n|faint|p2a: Slowking\n|\n|upkeep\n|inactive|Boyer Enjoyer has 120 seconds left.\n|\n|t:|1701067270\n|switch|p2a: Dragapult|Dragapult, F|100\/100\n|-damage|p2a: Dragapult|88\/100|[from] Stealth Rock\n|turn|46\n|\n|t:|1701067287\n|move|p2a: Dragapult|Draco Meteor|p1a: Dondozo\n|-damage|p1a: Dondozo|16\/100\n|-unboost|p2a: Dragapult|spa|2\n|move|p1a: Dondozo|Rest|p1a: Dondozo\n|-status|p1a: Dondozo|slp|[from] move: Rest\n|-heal|p1a: Dondozo|100\/100 slp|[silent]\n|-enditem|p1a: Dondozo|Chesto Berry|[eat]\n|-curestatus|p1a: Dondozo|slp|[msg]\n|\n|-end|p1a: Dondozo|move: Future Sight\n|-damage|p1a: Dondozo|63\/100\n|upkeep\n|turn|47\n|\n|t:|1701067299\n|switch|p1a: Blissey|Blissey, F|75\/100\n|-damage|p1a: Blissey|63\/100|[from] Stealth Rock\n|move|p2a: Dragapult|Draco Meteor|p1a: Blissey\n|-damage|p1a: Blissey|47\/100\n|-unboost|p2a: Dragapult|spa|2\n|\n|upkeep\n|turn|48\n|\n|t:|1701067310\n|switch|p2a: Moltres|Moltres|100\/100\n|move|p1a: Blissey|Soft-Boiled|p1a: Blissey\n|-heal|p1a: Blissey|97\/100\n|\n|upkeep\n|turn|49\n|\n|t:|1701067314\n|move|p2a: Moltres|Will-O-Wisp|p1a: Blissey\n|-status|p1a: Blissey|brn\n|move|p1a: Blissey|Ice Beam|p2a: Moltres\n|-damage|p2a: Moltres|83\/100\n|\n|-damage|p1a: Blissey|91\/100 brn|[from] brn\n|upkeep\n|turn|50\n|\n|t:|1701067323\n|move|p2a: Moltres|U-turn|p1a: Blissey\n|-damage|p1a: Blissey|78\/100 brn\n|\n|t:|1701067325\n|switch|p2a: Kingambit|Kingambit, F|100\/100|[from] U-turn\n|-damage|p2a: Kingambit|94\/100|[from] Stealth Rock\n|-activate|p2a: Kingambit|ability: Supreme Overlord\n|-start|p2a: Kingambit|fallen1|[silent]\n|move|p1a: Blissey|Ice Beam|p2a: Kingambit\n|-resisted|p2a: Kingambit\n|-damage|p2a: Kingambit|86\/100\n|-status|p2a: Kingambit|frz\n|\n|-heal|p2a: Kingambit|92\/100 frz|[from] item: Leftovers\n|-damage|p1a: Blissey|72\/100 brn|[from] brn\n|upkeep\n|turn|51\n|inactive|Boyer Enjoyer has 120 seconds left.\n|\n|t:|1701067365\n|switch|p1a: Dondozo|Dondozo, M, tera:Ground|63\/100\n|-damage|p1a: Dondozo|57\/100|[from] Stealth Rock\n|cant|p2a: Kingambit|frz\n|\n|-heal|p2a: Kingambit|98\/100 frz|[from] item: Leftovers\n|upkeep\n|turn|52\n|\n|t:|1701067376\n|-end|p2a: Kingambit|fallen1|[silent]\n|switch|p2a: Rillaboom|Rillaboom, F|20\/100 frz\n|-damage|p2a: Rillaboom|8\/100 frz|[from] Stealth Rock\n|-fieldstart|move: Grassy Terrain|[from] ability: Grassy Surge|[of] p2a: Rillaboom\n|move|p1a: Dondozo|Earthquake|p2a: Rillaboom\n|-resisted|p2a: Rillaboom\n|-damage|p2a: Rillaboom|0 fnt\n|faint|p2a: Rillaboom\n|\n|-heal|p1a: Dondozo|63\/100|[from] Grassy Terrain\n|upkeep\n|\n|t:|1701067384\n|switch|p2a: Dragapult|Dragapult, F|88\/100\n|-damage|p2a: Dragapult|76\/100|[from] Stealth Rock\n|turn|53\n|inactive|Boyer Enjoyer has 120 seconds left.\n|\n|t:|1701067397\n|switch|p1a: Toxapex|Toxapex, F|100\/100\n|-damage|p1a: Toxapex|88\/100|[from] Stealth Rock\n|move|p2a: Dragapult|U-turn|p1a: Toxapex\n|-resisted|p1a: Toxapex\n|-damage|p1a: Toxapex|83\/100\n|\n|t:|1701067400\n|switch|p2a: Great Tusk|Great Tusk|71\/100 psn|[from] U-turn\n|-damage|p2a: Great Tusk|68\/100 psn|[from] Stealth Rock\n|\n|-heal|p2a: Great Tusk|74\/100 psn|[from] Grassy Terrain\n|-heal|p2a: Great Tusk|81\/100 psn|[from] item: Leftovers\n|-heal|p1a: Toxapex|89\/100|[from] Grassy Terrain\n|-heal|p1a: Toxapex|96\/100|[from] item: Black Sludge\n|-damage|p2a: Great Tusk|68\/100 psn|[from] psn\n|upkeep\n|turn|54\n|\n|t:|1701067408\n|move|p1a: Toxapex|Baneful Bunker|p1a: Toxapex\n|-singleturn|p1a: Toxapex|move: Protect\n|move|p2a: Great Tusk|Knock Off|p1a: Toxapex\n|-activate|p1a: Toxapex|move: Protect\n|\n|-heal|p2a: Great Tusk|74\/100 psn|[from] Grassy Terrain\n|-heal|p2a: Great Tusk|81\/100 psn|[from] item: Leftovers\n|-heal|p1a: Toxapex|100\/100|[from] Grassy Terrain\n|-damage|p2a: Great Tusk|68\/100 psn|[from] psn\n|upkeep\n|turn|55\n|\n|t:|1701067418\n|switch|p1a: Dondozo|Dondozo, M, tera:Ground|63\/100\n|-damage|p1a: Dondozo|57\/100|[from] Stealth Rock\n|move|p2a: Great Tusk|Rapid Spin|p1a: Dondozo\n|-damage|p1a: Dondozo|47\/100\n|-boost|p2a: Great Tusk|spe|1\n|-sideend|p2: Boyer Enjoyer|Stealth Rock|[from] move: Rapid Spin|[of] p2a: Great Tusk\n|\n|-heal|p2a: Great Tusk|74\/100 psn|[from] Grassy Terrain\n|-heal|p2a: Great Tusk|81\/100 psn|[from] item: Leftovers\n|-heal|p1a: Dondozo|53\/100|[from] Grassy Terrain\n|-damage|p2a: Great Tusk|68\/100 psn|[from] psn\n|upkeep\n|turn|56\n|\n|t:|1701067428\n|move|p2a: Great Tusk|Headlong Rush|p1a: Dondozo\n|-damage|p1a: Dondozo|19\/100\n|-unboost|p2a: Great Tusk|def|1\n|-unboost|p2a: Great Tusk|spd|1\n|move|p1a: Dondozo|Rest|p1a: Dondozo\n|-status|p1a: Dondozo|slp|[from] move: Rest\n|-heal|p1a: Dondozo|100\/100 slp|[silent]\n|\n|-heal|p2a: Great Tusk|74\/100 psn|[from] Grassy Terrain\n|-heal|p2a: Great Tusk|81\/100 psn|[from] item: Leftovers\n|-damage|p2a: Great Tusk|68\/100 psn|[from] psn\n|-fieldend|move: Grassy Terrain\n|upkeep\n|turn|57\n|\n|t:|1701067433\n|-end|p2a: Great Tusk|Protosynthesis|[silent]\n|switch|p2a: Dragapult|Dragapult, F|76\/100\n|cant|p1a: Dondozo|slp\n|move|p1a: Dondozo|Sleep Talk|p1a: Dondozo\n|move|p1a: Dondozo|Rest||[from]move: Sleep Talk|[still]\n|-fail|p1a: Dondozo\n|\n|upkeep\n|turn|58\n|\n|t:|1701067442\n|switch|p1a: Toxapex|Toxapex, F|100\/100\n|-damage|p1a: Toxapex|88\/100|[from] Stealth Rock\n|move|p2a: Dragapult|Draco Meteor|p1a: Toxapex\n|-damage|p1a: Toxapex|18\/100\n|-unboost|p2a: Dragapult|spa|2\n|\n|-heal|p1a: Toxapex|24\/100|[from] item: Black Sludge\n|upkeep\n|turn|59\n|\n|t:|1701067451\n|switch|p2a: Great Tusk|Great Tusk|68\/100 psn\n|switch|p1a: Blissey|Blissey, F|72\/100 brn\n|-damage|p1a: Blissey|60\/100 brn|[from] Stealth Rock\n|\n|-heal|p2a: Great Tusk|74\/100 psn|[from] item: Leftovers\n|-damage|p2a: Great Tusk|62\/100 psn|[from] psn\n|-damage|p1a: Blissey|53\/100 brn|[from] brn\n|upkeep\n|turn|60\n|\n|t:|1701067458\n|switch|p1a: Dondozo|Dondozo, M, tera:Ground|100\/100 slp\n|-damage|p1a: Dondozo|94\/100 slp|[from] Stealth Rock\n|move|p2a: Great Tusk|Headlong Rush|p1a: Dondozo\n|-crit|p1a: Dondozo\n|-damage|p1a: Dondozo|40\/100 slp\n|-unboost|p2a: Great Tusk|def|1\n|-unboost|p2a: Great Tusk|spd|1\n|\n|-heal|p2a: Great Tusk|68\/100 psn|[from] item: Leftovers\n|-damage|p2a: Great Tusk|56\/100 psn|[from] psn\n|upkeep\n|turn|61\n|\n|t:|1701067464\n|move|p2a: Great Tusk|Headlong Rush|p1a: Dondozo\n|-damage|p1a: Dondozo|7\/100 slp\n|-unboost|p2a: Great Tusk|def|1\n|-unboost|p2a: Great Tusk|spd|1\n|cant|p1a: Dondozo|slp\n|move|p1a: Dondozo|Sleep Talk|p1a: Dondozo\n|move|p1a: Dondozo|Rest||[from]move: Sleep Talk|[still]\n|-fail|p1a: Dondozo\n|\n|-heal|p2a: Great Tusk|62\/100 psn|[from] item: Leftovers\n|-damage|p2a: Great Tusk|50\/100 psn|[from] psn\n|upkeep\n|turn|62\n|\n|t:|1701067472\n|move|p2a: Great Tusk|Headlong Rush|p1a: Dondozo\n|-damage|p1a: Dondozo|0 fnt\n|-unboost|p2a: Great Tusk|def|1\n|-unboost|p2a: Great Tusk|spd|1\n|faint|p1a: Dondozo\n|\n|-heal|p2a: Great Tusk|56\/100 psn|[from] item: Leftovers\n|-damage|p2a: Great Tusk|43\/100 psn|[from] psn\n|upkeep\n|\n|t:|1701067479\n|switch|p1a: Ditto|Ditto|88\/100\n|-damage|p1a: Ditto|76\/100|[from] Stealth Rock\n|-transform|p1a: Ditto|p2a: Great Tusk|[from] ability: Imposter\n|turn|63\n|\n|t:|1701067488\n|-end|p2a: Great Tusk|Protosynthesis|[silent]\n|switch|p2a: Moltres|Moltres|83\/100\n|move|p1a: Ditto|Headlong Rush|p2a: Moltres\n|-immune|p2a: Moltres\n|\n|upkeep\n|turn|64\n|\n|t:|1701067493\n|-end|p1a: Ditto|Protosynthesis|[silent]\n|switch|p1a: Blissey|Blissey, F|53\/100 brn\n|-damage|p1a: Blissey|41\/100 brn|[from] Stealth Rock\n|move|p2a: Moltres|Flamethrower|p1a: Blissey\n|-damage|p1a: Blissey|26\/100 brn\n|\n|-damage|p1a: Blissey|20\/100 brn|[from] brn\n|upkeep\n|turn|65\n|\n|t:|1701067497\n|move|p2a: Moltres|Flamethrower|p1a: Blissey\n|-damage|p1a: Blissey|5\/100 brn\n|move|p1a: Blissey|Soft-Boiled|p1a: Blissey\n|-heal|p1a: Blissey|55\/100 brn\n|\n|-damage|p1a: Blissey|49\/100 brn|[from] brn\n|upkeep\n|turn|66\n|\n|t:|1701067502\n|move|p2a: Moltres|Flamethrower|p1a: Blissey\n|-damage|p1a: Blissey|34\/100 brn\n|move|p1a: Blissey|Soft-Boiled|p1a: Blissey\n|-heal|p1a: Blissey|84\/100 brn\n|\n|-damage|p1a: Blissey|78\/100 brn|[from] brn\n|upkeep\n|turn|67\n|\n|t:|1701067506\n|move|p2a: Moltres|Flamethrower|p1a: Blissey\n|-damage|p1a: Blissey|64\/100 brn\n|move|p1a: Blissey|Stealth Rock|p2a: Moltres\n|-sidestart|p2: Boyer Enjoyer|move: Stealth Rock\n|\n|-damage|p1a: Blissey|57\/100 brn|[from] brn\n|upkeep\n|turn|68\n|\n|t:|1701067509\n|move|p2a: Moltres|Flamethrower|p1a: Blissey\n|-damage|p1a: Blissey|43\/100 brn\n|move|p1a: Blissey|Soft-Boiled|p1a: Blissey\n|-heal|p1a: Blissey|93\/100 brn\n|\n|-damage|p1a: Blissey|87\/100 brn|[from] brn\n|upkeep\n|turn|69\n|\n|t:|1701067511\n|move|p2a: Moltres|Flamethrower|p1a: Blissey\n|-damage|p1a: Blissey|74\/100 brn\n|move|p1a: Blissey|Ice Beam|p2a: Moltres\n|-damage|p2a: Moltres|67\/100\n|-status|p2a: Moltres|frz\n|\n|-damage|p1a: Blissey|68\/100 brn|[from] brn\n|upkeep\n|turn|70\n|\n|t:|1701067522\n|cant|p2a: Moltres|frz\n|move|p1a: Blissey|Ice Beam|p2a: Moltres\n|-damage|p2a: Moltres|50\/100 frz\n|\n|-damage|p1a: Blissey|62\/100 brn|[from] brn\n|upkeep\n|turn|71\n|\n|t:|1701067526\n|-curestatus|p2a: Moltres|frz|[msg]\n|move|p2a: Moltres|Roost|p2a: Moltres\n|-heal|p2a: Moltres|99\/100\n|-singleturn|p2a: Moltres|move: Roost\n|move|p1a: Blissey|Ice Beam|p2a: Moltres\n|-resisted|p2a: Moltres\n|-damage|p2a: Moltres|92\/100\n|\n|-damage|p1a: Blissey|55\/100 brn|[from] brn\n|upkeep\n|turn|72\n|\n|t:|1701067532\n|move|p2a: Moltres|U-turn|p1a: Blissey\n|-damage|p1a: Blissey|44\/100 brn\n|\n|t:|1701067535\n|switch|p2a: Great Tusk|Great Tusk|43\/100 psn|[from] U-turn\n|-damage|p2a: Great Tusk|40\/100 psn|[from] Stealth Rock\n|move|p1a: Blissey|Soft-Boiled|p1a: Blissey\n|-heal|p1a: Blissey|94\/100 brn\n|\n|-heal|p2a: Great Tusk|47\/100 psn|[from] item: Leftovers\n|-damage|p2a: Great Tusk|34\/100 psn|[from] psn\n|-damage|p1a: Blissey|88\/100 brn|[from] brn\n|upkeep\n|turn|73\n|\n|t:|1701067558\n|move|p2a: Great Tusk|Knock Off|p1a: Blissey\n|-damage|p1a: Blissey|69\/100 brn\n|move|p1a: Blissey|Soft-Boiled|p1a: Blissey\n|-heal|p1a: Blissey|100\/100 brn\n|\n|-heal|p2a: Great Tusk|40\/100 psn|[from] item: Leftovers\n|-damage|p2a: Great Tusk|28\/100 psn|[from] psn\n|-damage|p1a: Blissey|94\/100 brn|[from] brn\n|upkeep\n|turn|74\n|\n|t:|1701067564\n|move|p2a: Great Tusk|Rapid Spin|p1a: Blissey\n|-damage|p1a: Blissey|80\/100 brn\n|-boost|p2a: Great Tusk|spe|1\n|-sideend|p2: Boyer Enjoyer|Stealth Rock|[from] move: Rapid Spin|[of] p2a: Great Tusk\n|move|p1a: Blissey|Ice Beam|p2a: Great Tusk\n|-supereffective|p2a: Great Tusk\n|-damage|p2a: Great Tusk|0 fnt\n|faint|p2a: Great Tusk\n|-end|p2a: Great Tusk|Protosynthesis|[silent]\n|\n|-damage|p1a: Blissey|74\/100 brn|[from] brn\n|upkeep\n|\n|t:|1701067569\n|switch|p2a: Kingambit|Kingambit, F|98\/100 frz\n|-activate|p2a: Kingambit|ability: Supreme Overlord\n|-start|p2a: Kingambit|fallen3|[silent]\n|turn|75\n|\n|t:|1701067577\n|switch|p1a: Ditto|Ditto|76\/100\n|-damage|p1a: Ditto|63\/100|[from] Stealth Rock\n|-transform|p1a: Ditto|p2a: Kingambit|[from] ability: Imposter\n|-activate|p1a: Ditto|ability: Supreme Overlord\n|-start|p1a: Ditto|fallen3|[silent]\n|-curestatus|p2a: Kingambit|frz|[msg]\n|move|p2a: Kingambit|Swords Dance|p2a: Kingambit\n|-boost|p2a: Kingambit|atk|2\n|\n|-heal|p2a: Kingambit|100\/100|[from] item: Leftovers\n|upkeep\n|turn|76\n|\n|t:|1701067590\n|move|p1a: Ditto|Kowtow Cleave|p2a: Kingambit\n|-resisted|p2a: Kingambit\n|-damage|p2a: Kingambit|76\/100\n|move|p2a: Kingambit|Swords Dance|p2a: Kingambit\n|-boost|p2a: Kingambit|atk|2\n|\n|-heal|p2a: Kingambit|82\/100|[from] item: Leftovers\n|upkeep\n|turn|77\n|\n|t:|1701067596\n|move|p2a: Kingambit|Sucker Punch|p1a: Ditto\n|-resisted|p1a: Ditto\n|-damage|p1a: Ditto|0 fnt\n|faint|p1a: Ditto\n|-end|p1a: Ditto|fallen3|[silent]\n|\n|-heal|p2a: Kingambit|88\/100|[from] item: Leftovers\n|upkeep\n|\n|t:|1701067602\n|switch|p1a: Blissey|Blissey, F|74\/100 brn\n|-damage|p1a: Blissey|61\/100 brn|[from] Stealth Rock\n|turn|78\n|\n|t:|1701067605\n|move|p1a: Blissey|Ice Beam|p2a: Kingambit\n|-resisted|p2a: Kingambit\n|-damage|p2a: Kingambit|80\/100\n|move|p2a: Kingambit|Kowtow Cleave|p1a: Blissey\n|-damage|p1a: Blissey|0 fnt\n|faint|p1a: Blissey\n|\n|-heal|p2a: Kingambit|86\/100|[from] item: Leftovers\n|upkeep\n|\n|t:|1701067609\n|switch|p1a: Toxapex|Toxapex, F|57\/100\n|-damage|p1a: Toxapex|45\/100|[from] Stealth Rock\n|turn|79\n|\n|t:|1701067611\n|move|p2a: Kingambit|Kowtow Cleave|p1a: Toxapex\n|-damage|p1a: Toxapex|0 fnt\n|faint|p1a: Toxapex\n|\n|win|Boyer Enjoyer\n|raw|dogcat123456's rating: 1309 &rarr; <strong>1295<\/strong><br \/>(-14 for losing)\n|raw|Boyer Enjoyer's rating: 1426 &rarr; <strong>1440<\/strong><br \/>(+14 for winning)\n|c|\u2606Boyer Enjoyer|gg\n","uploadtime":1701067617,"views":4,"p1id":"dogcat123456","p2id":"boyerenjoyer","formatid":"gen9ou","rating":1295,"private":0,"password":""}