{"id":"gen9ou-1999444101","p1":"rubbrubb","p2":"cruelsummer94","format":"[Gen 9] OU","log":"|j|\u2606rubbrubb\n|j|\u2606cruelsummer94\n|t:|1701081479\n|gametype|singles\n|player|p1|rubbrubb|2|1072\n|player|p2|cruelsummer94|lady|1152\n|teamsize|p1|6\n|teamsize|p2|6\n|gen|9\n|tier|[Gen 9] OU\n|rated|\n|rule|Sleep Clause Mod: Limit one foe put to sleep\n|rule|Species Clause: Limit one of each Pok\u00e9mon\n|rule|OHKO Clause: OHKO moves are banned\n|rule|Evasion Items Clause: Evasion items are banned\n|rule|Evasion Moves Clause: Evasion moves are banned\n|rule|Endless Battle Clause: Forcing endless battles is banned\n|rule|HP Percentage Mod: HP is shown in percentages\n|clearpoke\n|poke|p1|Gardevoir, M|\n|poke|p1|Sinistcha-Masterpiece|\n|poke|p1|Umbreon, M|\n|poke|p1|Tinkaton, F|\n|poke|p1|Weezing, M|\n|poke|p1|Milotic, M|\n|poke|p2|Alomomola, M|\n|poke|p2|Tsareena, F|\n|poke|p2|Dragonite, F|\n|poke|p2|Quaquaval, M|\n|poke|p2|Infernape, F|\n|poke|p2|Iron Thorns|\n|teampreview\n|\n|t:|1701081498\n|start\n|switch|p1a: Weezing|Weezing, M|100\/100\n|switch|p2a: Infernape|Infernape, F|100\/100\n|turn|1\n|\n|t:|1701081501\n|move|p2a: Infernape|Swords Dance|p2a: Infernape\n|-boost|p2a: Infernape|atk|2\n|move|p1a: Weezing|Toxic Spikes|p2a: Infernape\n|-sidestart|p2: cruelsummer94|move: Toxic Spikes\n|\n|upkeep\n|turn|2\n|\n|t:|1701081514\n|move|p2a: Infernape|Fire Punch|p1a: Weezing\n|-damage|p1a: Weezing|46\/100\n|move|p1a: Weezing|Toxic Spikes|p2a: Infernape\n|-sidestart|p2: cruelsummer94|move: Toxic Spikes\n|\n|-heal|p1a: Weezing|52\/100|[from] item: Black Sludge\n|upkeep\n|turn|3\n|\n|t:|1701081519\n|move|p2a: Infernape|Swords Dance|p2a: Infernape\n|-boost|p2a: Infernape|atk|2\n|move|p1a: Weezing|Pain Split|p2a: Infernape\n|-sethp|p2a: Infernape|80\/100|[from] move: Pain Split|[silent]\n|-sethp|p1a: Weezing|70\/100|[from] move: Pain Split\n|\n|-heal|p1a: Weezing|76\/100|[from] item: Black Sludge\n|upkeep\n|turn|4\n|\n|t:|1701081522\n|move|p2a: Infernape|Fire Punch|p1a: Weezing\n|-damage|p1a: Weezing|5\/100\n|-status|p1a: Weezing|brn\n|move|p1a: Weezing|Sludge Bomb|p2a: Infernape\n|-damage|p2a: Infernape|41\/100\n|-status|p2a: Infernape|psn\n|\n|-heal|p1a: Weezing|11\/100 brn|[from] item: Black Sludge\n|-damage|p2a: Infernape|28\/100 psn|[from] psn\n|-damage|p1a: Weezing|5\/100 brn|[from] brn\n|upkeep\n|turn|5\n|\n|t:|1701081526\n|move|p2a: Infernape|Fire Punch|p1a: Weezing\n|-damage|p1a: Weezing|0 fnt\n|faint|p1a: Weezing\n|\n|-damage|p2a: Infernape|16\/100 psn|[from] psn\n|upkeep\n|-enditem|p2a: Infernape|Salac Berry|[eat]\n|-boost|p2a: Infernape|spe|1|[from] item: Salac Berry\n|\n|t:|1701081536\n|switch|p1a: Umbreon|Umbreon, M|100\/100\n|turn|6\n|\n|t:|1701081541\n|move|p1a: Umbreon|Protect|p1a: Umbreon\n|-singleturn|p1a: Umbreon|Protect\n|move|p2a: Infernape|Drain Punch|p1a: Umbreon\n|-activate|p1a: Umbreon|move: Protect\n|\n|-damage|p2a: Infernape|4\/100 psn|[from] psn\n|upkeep\n|turn|7\n|\n|t:|1701081547\n|switch|p1a: Sinistcha|Sinistcha-Masterpiece|100\/100\n|move|p2a: Infernape|U-turn|p1a: Sinistcha\n|-damage|p1a: Sinistcha|57\/100\n|\n|t:|1701081555\n|switch|p2a: Tsareena|Tsareena, F|100\/100|[from] U-turn\n|-status|p2a: Tsareena|tox\n|\n|-heal|p1a: Sinistcha|63\/100|[from] item: Leftovers\n|-damage|p2a: Tsareena|94\/100 tox|[from] psn\n|upkeep\n|turn|8\n|\n|t:|1701081565\n|move|p1a: Sinistcha|Strength Sap|p2a: Tsareena\n|-unboost|p2a: Tsareena|atk|1\n|-heal|p1a: Sinistcha|100\/100\n|move|p2a: Tsareena|Knock Off|p1a: Sinistcha\n|-supereffective|p1a: Sinistcha\n|-damage|p1a: Sinistcha|68\/100\n|-enditem|p1a: Sinistcha|Leftovers|[from] move: Knock Off|[of] p2a: Tsareena\n|\n|-damage|p2a: Tsareena|82\/100 tox|[from] psn\n|upkeep\n|turn|9\n|\n|t:|1701081579\n|move|p1a: Sinistcha|Calm Mind|p1a: Sinistcha\n|-boost|p1a: Sinistcha|spa|1\n|-boost|p1a: Sinistcha|spd|1\n|move|p2a: Tsareena|Knock Off|p1a: Sinistcha\n|-supereffective|p1a: Sinistcha\n|-damage|p1a: Sinistcha|45\/100\n|\n|-damage|p2a: Tsareena|64\/100 tox|[from] psn\n|upkeep\n|turn|10\n|\n|t:|1701081586\n|move|p1a: Sinistcha|Strength Sap|p2a: Tsareena\n|-unboost|p2a: Tsareena|atk|1\n|-heal|p1a: Sinistcha|100\/100\n|move|p2a: Tsareena|Knock Off|p1a: Sinistcha\n|-supereffective|p1a: Sinistcha\n|-damage|p1a: Sinistcha|84\/100\n|\n|-damage|p2a: Tsareena|40\/100 tox|[from] psn\n|upkeep\n|turn|11\n|\n|t:|1701081589\n|move|p1a: Sinistcha|Hex|p2a: Tsareena\n|-damage|p2a: Tsareena|0 fnt\n|faint|p2a: Tsareena\n|\n|upkeep\n|\n|t:|1701081599\n|switch|p2a: Dragonite|Dragonite, F|100\/100\n|turn|12\n|\n|t:|1701081605\n|-terastallize|p2a: Dragonite|Normal\n|move|p2a: Dragonite|Dragon Dance|p2a: Dragonite\n|-boost|p2a: Dragonite|atk|1\n|-boost|p2a: Dragonite|spe|1\n|move|p1a: Sinistcha|Strength Sap|p2a: Dragonite\n|-unboost|p2a: Dragonite|atk|1\n|-heal|p1a: Sinistcha|100\/100\n|\n|upkeep\n|turn|13\n|\n|t:|1701081613\n|move|p2a: Dragonite|Dragon Dance|p2a: Dragonite\n|-boost|p2a: Dragonite|atk|1\n|-boost|p2a: Dragonite|spe|1\n|move|p1a: Sinistcha|Matcha Gotcha|p2a: Dragonite\n|-damage|p2a: Dragonite|75\/100\n|\n|upkeep\n|turn|14\n|\n|t:|1701081619\n|move|p2a: Dragonite|Dragon Dance|p2a: Dragonite\n|-boost|p2a: Dragonite|atk|1\n|-boost|p2a: Dragonite|spe|1\n|move|p1a: Sinistcha|Matcha Gotcha|p2a: Dragonite\n|-crit|p2a: Dragonite\n|-damage|p2a: Dragonite|0 fnt\n|faint|p2a: Dragonite\n|\n|upkeep\n|\n|t:|1701081623\n|switch|p2a: Iron Thorns|Iron Thorns|100\/100\n|-status|p2a: Iron Thorns|tox\n|-enditem|p2a: Iron Thorns|Booster Energy\n|-activate|p2a: Iron Thorns|ability: Quark Drive|[fromitem]\n|-start|p2a: Iron Thorns|quarkdriveatk\n|turn|15\n|\n|t:|1701081630\n|move|p2a: Iron Thorns|Dragon Dance|p2a: Iron Thorns\n|-boost|p2a: Iron Thorns|atk|1\n|-boost|p2a: Iron Thorns|spe|1\n|move|p1a: Sinistcha|Matcha Gotcha|p2a: Iron Thorns\n|-supereffective|p2a: Iron Thorns\n|-damage|p2a: Iron Thorns|0 fnt\n|faint|p2a: Iron Thorns\n|-end|p2a: Iron Thorns|Quark Drive|[silent]\n|\n|upkeep\n|-message|cruelsummer94 forfeited.\n|\n|win|rubbrubb\n|raw|rubbrubb's rating: 1072 &rarr; <strong>1108<\/strong><br \/>(+36 for winning)\n|raw|cruelsummer94's rating: 1152 &rarr; <strong>1121<\/strong><br \/>(-31 for losing)\n|l|\u2606cruelsummer94\n","uploadtime":1701081674,"views":2,"p1id":"rubbrubb","p2id":"cruelsummer94","formatid":"gen9ou","rating":1108,"private":0,"password":""}