{"id":"gen9ou-1988956026","p1":"ElPadou","p2":"Xyon22","format":"[Gen 9] OU","log":"|j|\u2606ElPadou\n|j|\u2606Xyon22\n|t:|1699794190\n|gametype|singles\n|player|p1|ElPadou|wattson|1419\n|player|p2|Xyon22|giovanni|1440\n|teamsize|p1|6\n|teamsize|p2|6\n|gen|9\n|tier|[Gen 9] OU\n|rated|\n|rule|Sleep Clause Mod: Limit one foe put to sleep\n|rule|Species Clause: Limit one of each Pok\u00e9mon\n|rule|OHKO Clause: OHKO moves are banned\n|rule|Evasion Items Clause: Evasion items are banned\n|rule|Evasion Moves Clause: Evasion moves are banned\n|rule|Endless Battle Clause: Forcing endless battles is banned\n|rule|HP Percentage Mod: HP is shown in percentages\n|clearpoke\n|poke|p1|Breloom, F|\n|poke|p1|Slowking, M|\n|poke|p1|Tyranitar, F|\n|poke|p1|Houndstone, M|\n|poke|p1|Sandslash, F|\n|poke|p1|Corviknight, F|\n|poke|p2|Heatran, M|\n|poke|p2|Garganacl, M|\n|poke|p2|Great Tusk|\n|poke|p2|Ogerpon-Wellspring, F|\n|poke|p2|Dragonite, M|\n|poke|p2|Dragapult, M|\n|teampreview\n|inactive|Battle timer is ON: inactive players will automatically lose when time's up. (requested by ElPadou)\n|\n|t:|1699794234\n|start\n|switch|p1a: Breloom|Breloom, F|100\/100\n|switch|p2a: Garganacl|Garganacl, M|100\/100\n|turn|1\n|\n|t:|1699794239\n|-terastallize|p2a: Garganacl|Ghost\n|move|p1a: Breloom|Substitute|p1a: Breloom\n|-start|p1a: Breloom|Substitute\n|-damage|p1a: Breloom|76\/100\n|move|p2a: Garganacl|Salt Cure|p1a: Breloom\n|-resisted|p1a: Breloom\n|-activate|p1a: Breloom|move: Substitute|[damage]\n|\n|-status|p1a: Breloom|tox|[from] item: Toxic Orb\n|upkeep\n|turn|2\n|\n|t:|1699794252\n|move|p1a: Breloom|Stone Edge|p2a: Garganacl|[miss]\n|-miss|p1a: Breloom|p2a: Garganacl\n|move|p2a: Garganacl|Salt Cure|p1a: Breloom\n|-resisted|p1a: Breloom\n|-activate|p1a: Breloom|move: Substitute|[damage]\n|\n|-heal|p1a: Breloom|88\/100 tox|[from] ability: Poison Heal\n|upkeep\n|turn|3\n|\n|t:|1699794257\n|move|p1a: Breloom|Stone Edge|p2a: Garganacl\n|-damage|p2a: Garganacl|82\/100\n|move|p2a: Garganacl|Salt Cure|p1a: Breloom\n|-resisted|p1a: Breloom\n|-activate|p1a: Breloom|move: Substitute|[damage]\n|\n|-heal|p2a: Garganacl|88\/100|[from] item: Leftovers\n|-heal|p1a: Breloom|100\/100 tox|[from] ability: Poison Heal\n|upkeep\n|turn|4\n|\n|t:|1699794286\n|move|p1a: Breloom|Spore|p2a: Garganacl\n|-immune|p2a: Garganacl|[from] ability: Purifying Salt\n|move|p2a: Garganacl|Iron Defense|p2a: Garganacl\n|-boost|p2a: Garganacl|def|2\n|\n|-heal|p2a: Garganacl|94\/100|[from] item: Leftovers\n|upkeep\n|turn|5\n|inactive|ElPadou has 120 seconds left.\n|\n|t:|1699794313\n|switch|p1a: Tyranitar|Tyranitar, F|100\/100\n|-weather|Sandstorm|[from] ability: Sand Stream|[of] p1a: Tyranitar\n|move|p2a: Garganacl|Iron Defense|p2a: Garganacl\n|-boost|p2a: Garganacl|def|2\n|\n|-weather|Sandstorm|[upkeep]\n|-damage|p2a: Garganacl|88\/100|[from] Sandstorm\n|-heal|p2a: Garganacl|94\/100|[from] item: Leftovers\n|upkeep\n|turn|6\n|\n|t:|1699794323\n|move|p1a: Tyranitar|Knock Off|p2a: Garganacl\n|-supereffective|p2a: Garganacl\n|-damage|p2a: Garganacl|69\/100\n|-enditem|p2a: Garganacl|Leftovers|[from] move: Knock Off|[of] p1a: Tyranitar\n|move|p2a: Garganacl|Salt Cure|p1a: Tyranitar\n|-damage|p1a: Tyranitar|88\/100\n|-start|p1a: Tyranitar|Salt Cure\n|\n|-weather|Sandstorm|[upkeep]\n|-damage|p2a: Garganacl|63\/100|[from] Sandstorm\n|-damage|p1a: Tyranitar|76\/100|[from] Salt Cure\n|upkeep\n|turn|7\n|inactive|ElPadou has 120 seconds left.\n|\n|t:|1699794341\n|switch|p1a: Sandslash|Sandslash, F|100\/100\n|move|p2a: Garganacl|Recover|p2a: Garganacl\n|-heal|p2a: Garganacl|100\/100\n|\n|-weather|Sandstorm|[upkeep]\n|-damage|p2a: Garganacl|94\/100|[from] Sandstorm\n|upkeep\n|turn|8\n|\n|t:|1699794356\n|move|p1a: Sandslash|Stealth Rock|p2a: Garganacl\n|-sidestart|p2: Xyon22|move: Stealth Rock\n|move|p2a: Garganacl|Salt Cure|p1a: Sandslash\n|-resisted|p1a: Sandslash\n|-damage|p1a: Sandslash|93\/100\n|-start|p1a: Sandslash|Salt Cure\n|\n|-weather|Sandstorm|[upkeep]\n|-damage|p2a: Garganacl|88\/100|[from] Sandstorm\n|-damage|p1a: Sandslash|81\/100|[from] Salt Cure\n|upkeep\n|turn|9\n|\n|t:|1699794366\n|switch|p1a: Breloom|Breloom, F|100\/100 tox\n|move|p2a: Garganacl|Salt Cure|p1a: Breloom\n|-resisted|p1a: Breloom\n|-damage|p1a: Breloom|95\/100 tox\n|-start|p1a: Breloom|Salt Cure\n|\n|-weather|none\n|-heal|p1a: Breloom|100\/100 tox|[from] ability: Poison Heal\n|-damage|p1a: Breloom|88\/100 tox|[from] Salt Cure\n|upkeep\n|turn|10\n|inactive|ElPadou has 120 seconds left.\n|\n|t:|1699794392\n|switch|p1a: Sandslash|Sandslash, F|81\/100\n|move|p2a: Garganacl|Salt Cure|p1a: Sandslash\n|-resisted|p1a: Sandslash\n|-damage|p1a: Sandslash|72\/100\n|-start|p1a: Sandslash|Salt Cure\n|\n|-damage|p1a: Sandslash|60\/100|[from] Salt Cure\n|upkeep\n|turn|11\n|\n|t:|1699794402\n|move|p1a: Sandslash|Earthquake|p2a: Garganacl\n|-damage|p2a: Garganacl|72\/100\n|move|p2a: Garganacl|Salt Cure|p1a: Sandslash\n|-resisted|p1a: Sandslash\n|-damage|p1a: Sandslash|52\/100\n|\n|-damage|p1a: Sandslash|40\/100|[from] Salt Cure\n|upkeep\n|turn|12\n|inactive|ElPadou has 120 seconds left.\n|inactive|Xyon22 has 120 seconds left.\n|\n|t:|1699794460\n|switch|p1a: Breloom|Breloom, F|88\/100 tox\n|move|p2a: Garganacl|Recover|p2a: Garganacl\n|-heal|p2a: Garganacl|100\/100\n|\n|-heal|p1a: Breloom|100\/100 tox|[from] ability: Poison Heal\n|upkeep\n|turn|13\n|inactive|ElPadou has 120 seconds left.\n|inactive|ElPadou has 90 seconds left.\n|l|\u2606ElPadou\n|inactive|ElPadou disconnected and has a minute to reconnect!\n|player|p1|\n|j|\u2606ElPadou\n|inactive|ElPadou reconnected and has 55 seconds left.\n|player|p1|ElPadou|wattson\n|\n|t:|1699794538\n|move|p1a: Breloom|Substitute|p1a: Breloom\n|-start|p1a: Breloom|Substitute\n|-damage|p1a: Breloom|76\/100 tox\n|move|p2a: Garganacl|Salt Cure|p1a: Breloom\n|-resisted|p1a: Breloom\n|-activate|p1a: Breloom|move: Substitute|[damage]\n|\n|-heal|p1a: Breloom|88\/100 tox|[from] ability: Poison Heal\n|upkeep\n|turn|14\n|inactive|ElPadou has 60 seconds left.\n|\n|t:|1699794550\n|move|p1a: Breloom|Spore|p2a: Garganacl\n|-immune|p2a: Garganacl|[from] ability: Purifying Salt\n|move|p2a: Garganacl|Salt Cure|p1a: Breloom\n|-resisted|p1a: Breloom\n|-activate|p1a: Breloom|move: Substitute|[damage]\n|\n|-heal|p1a: Breloom|100\/100 tox|[from] ability: Poison Heal\n|upkeep\n|turn|15\n|\n|t:|1699794557\n|move|p1a: Breloom|Spore|p2a: Garganacl\n|-immune|p2a: Garganacl|[from] ability: Purifying Salt\n|move|p2a: Garganacl|Salt Cure|p1a: Breloom\n|-resisted|p1a: Breloom\n|-activate|p1a: Breloom|move: Substitute|[damage]\n|\n|upkeep\n|turn|16\n|\n|t:|1699794566\n|move|p1a: Breloom|Spore|p2a: Garganacl\n|-immune|p2a: Garganacl|[from] ability: Purifying Salt\n|move|p2a: Garganacl|Salt Cure|p1a: Breloom\n|-resisted|p1a: Breloom\n|-end|p1a: Breloom|Substitute\n|\n|upkeep\n|turn|17\n|inactive|Xyon22 has 120 seconds left.\n|\n|t:|1699794588\n|move|p1a: Breloom|Substitute|p1a: Breloom\n|-start|p1a: Breloom|Substitute\n|-damage|p1a: Breloom|76\/100 tox\n|move|p2a: Garganacl|Salt Cure|p1a: Breloom\n|-resisted|p1a: Breloom\n|-activate|p1a: Breloom|move: Substitute|[damage]\n|\n|-heal|p1a: Breloom|88\/100 tox|[from] ability: Poison Heal\n|upkeep\n|turn|18\n|\n|t:|1699794595\n|move|p1a: Breloom|Spore|p2a: Garganacl\n|-immune|p2a: Garganacl|[from] ability: Purifying Salt\n|move|p2a: Garganacl|Salt Cure|p1a: Breloom\n|-resisted|p1a: Breloom\n|-activate|p1a: Breloom|move: Substitute|[damage]\n|\n|-heal|p1a: Breloom|100\/100 tox|[from] ability: Poison Heal\n|upkeep\n|turn|19\n|\n|t:|1699794607\n|move|p1a: Breloom|Spore|p2a: Garganacl\n|-immune|p2a: Garganacl|[from] ability: Purifying Salt\n|move|p2a: Garganacl|Salt Cure|p1a: Breloom\n|-resisted|p1a: Breloom\n|-activate|p1a: Breloom|move: Substitute|[damage]\n|\n|upkeep\n|turn|20\n|\n|t:|1699794612\n|move|p1a: Breloom|Spore|p2a: Garganacl\n|-immune|p2a: Garganacl|[from] ability: Purifying Salt\n|move|p2a: Garganacl|Iron Defense|p2a: Garganacl\n|-boost|p2a: Garganacl|def|2\n|\n|upkeep\n|turn|21\n|\n|t:|1699794621\n|move|p2a: Garganacl|Protect|p2a: Garganacl\n|-singleturn|p2a: Garganacl|Protect\n|move|p1a: Breloom|Spore|p2a: Garganacl\n|-activate|p2a: Garganacl|move: Protect\n|\n|upkeep\n|turn|22\n|\n|t:|1699794628\n|move|p2a: Garganacl|Protect||[still]\n|-fail|p2a: Garganacl\n|move|p1a: Breloom|Spore|p2a: Garganacl\n|-immune|p2a: Garganacl|[from] ability: Purifying Salt\n|\n|upkeep\n|turn|23\n|\n|t:|1699794634\n|move|p2a: Garganacl|Protect|p2a: Garganacl\n|-singleturn|p2a: Garganacl|Protect\n|move|p1a: Breloom|Spore|p2a: Garganacl\n|-activate|p2a: Garganacl|move: Protect\n|\n|upkeep\n|turn|24\n|\n|t:|1699794659\n|move|p2a: Garganacl|Protect||[still]\n|-fail|p2a: Garganacl\n|move|p1a: Breloom|Spore|p2a: Garganacl\n|-immune|p2a: Garganacl|[from] ability: Purifying Salt\n|\n|upkeep\n|turn|25\n|\n|t:|1699794666\n|-singleturn|p1a: Breloom|move: Focus Punch\n|move|p2a: Garganacl|Protect|p2a: Garganacl\n|-singleturn|p2a: Garganacl|Protect\n|move|p1a: Breloom|Focus Punch|p2a: Garganacl\n|-activate|p2a: Garganacl|move: Protect\n|\n|upkeep\n|turn|26\n|inactive|Xyon22 has 120 seconds left.\n|\n|t:|1699794714\n|move|p2a: Garganacl|Protect||[still]\n|-fail|p2a: Garganacl\n|move|p1a: Breloom|Spore|p2a: Garganacl\n|-immune|p2a: Garganacl|[from] ability: Purifying Salt\n|\n|upkeep\n|turn|27\n|\n|t:|1699794719\n|-singleturn|p1a: Breloom|move: Focus Punch\n|move|p2a: Garganacl|Protect|p2a: Garganacl\n|-singleturn|p2a: Garganacl|Protect\n|move|p1a: Breloom|Focus Punch|p2a: Garganacl\n|-activate|p2a: Garganacl|move: Protect\n|\n|upkeep\n|turn|28\n|\n|t:|1699794728\n|-singleturn|p1a: Breloom|move: Focus Punch\n|move|p2a: Garganacl|Protect||[still]\n|-fail|p2a: Garganacl\n|move|p1a: Breloom|Focus Punch|p2a: Garganacl\n|-immune|p2a: Garganacl\n|\n|upkeep\n|turn|29\n|\n|t:|1699794734\n|-singleturn|p1a: Breloom|move: Focus Punch\n|move|p2a: Garganacl|Protect|p2a: Garganacl\n|-singleturn|p2a: Garganacl|Protect\n|move|p1a: Breloom|Focus Punch|p2a: Garganacl\n|-activate|p2a: Garganacl|move: Protect\n|\n|upkeep\n|turn|30\n|\n|t:|1699794737\n|-singleturn|p1a: Breloom|move: Focus Punch\n|move|p2a: Garganacl|Protect|p2a: Garganacl\n|-singleturn|p2a: Garganacl|Protect\n|move|p1a: Breloom|Focus Punch|p2a: Garganacl\n|-activate|p2a: Garganacl|move: Protect\n|\n|upkeep\n|turn|31\n|\n|t:|1699794744\n|-singleturn|p1a: Breloom|move: Focus Punch\n|move|p2a: Garganacl|Protect||[still]\n|-fail|p2a: Garganacl\n|move|p1a: Breloom|Focus Punch|p2a: Garganacl\n|-immune|p2a: Garganacl\n|\n|upkeep\n|turn|32\n|\n|t:|1699794746\n|-singleturn|p1a: Breloom|move: Focus Punch\n|move|p2a: Garganacl|Protect|p2a: Garganacl\n|-singleturn|p2a: Garganacl|Protect\n|move|p1a: Breloom|Focus Punch|p2a: Garganacl\n|-activate|p2a: Garganacl|move: Protect\n|\n|upkeep\n|turn|33\n|inactive|Xyon22 has 120 seconds left.\n|\n|t:|1699794785\n|-singleturn|p1a: Breloom|move: Focus Punch\n|move|p2a: Garganacl|Protect||[still]\n|-fail|p2a: Garganacl\n|move|p1a: Breloom|Focus Punch|p2a: Garganacl\n|-immune|p2a: Garganacl\n|\n|upkeep\n|turn|34\n|\n|t:|1699794796\n|-singleturn|p1a: Breloom|move: Focus Punch\n|move|p2a: Garganacl|Protect|p2a: Garganacl\n|-singleturn|p2a: Garganacl|Protect\n|move|p1a: Breloom|Focus Punch|p2a: Garganacl\n|-activate|p2a: Garganacl|move: Protect\n|\n|upkeep\n|turn|35\n|\n|t:|1699794803\n|-singleturn|p1a: Breloom|move: Focus Punch\n|move|p2a: Garganacl|Protect||[still]\n|-fail|p2a: Garganacl\n|move|p1a: Breloom|Focus Punch|p2a: Garganacl\n|-immune|p2a: Garganacl\n|\n|upkeep\n|turn|36\n|\n|t:|1699794808\n|-singleturn|p1a: Breloom|move: Focus Punch\n|move|p2a: Garganacl|Protect|p2a: Garganacl\n|-singleturn|p2a: Garganacl|Protect\n|move|p1a: Breloom|Focus Punch|p2a: Garganacl\n|-activate|p2a: Garganacl|move: Protect\n|\n|upkeep\n|turn|37\n|\n|t:|1699794810\n|-singleturn|p1a: Breloom|move: Focus Punch\n|move|p2a: Garganacl|Iron Defense|p2a: Garganacl\n|-boost|p2a: Garganacl|def|0\n|move|p1a: Breloom|Focus Punch|p2a: Garganacl\n|-immune|p2a: Garganacl\n|\n|upkeep\n|turn|38\n|\n|t:|1699794817\n|-singleturn|p1a: Breloom|move: Focus Punch\n|move|p2a: Garganacl|Iron Defense|p2a: Garganacl\n|-boost|p2a: Garganacl|def|0\n|move|p1a: Breloom|Focus Punch|p2a: Garganacl\n|-immune|p2a: Garganacl\n|\n|upkeep\n|turn|39\n|\n|t:|1699794822\n|-singleturn|p1a: Breloom|move: Focus Punch\n|move|p2a: Garganacl|Iron Defense|p2a: Garganacl\n|-boost|p2a: Garganacl|def|0\n|move|p1a: Breloom|Focus Punch|p2a: Garganacl\n|-immune|p2a: Garganacl\n|\n|upkeep\n|turn|40\n|\n|t:|1699794826\n|move|p1a: Breloom|Substitute|p1a: Breloom\n|-fail|p1a: Breloom|move: Substitute\n|move|p2a: Garganacl|Iron Defense|p2a: Garganacl\n|-boost|p2a: Garganacl|def|0\n|\n|upkeep\n|turn|41\n|\n|t:|1699794828\n|move|p1a: Breloom|Substitute|p1a: Breloom\n|-fail|p1a: Breloom|move: Substitute\n|move|p2a: Garganacl|Iron Defense|p2a: Garganacl\n|-boost|p2a: Garganacl|def|0\n|\n|upkeep\n|turn|42\n|\n|t:|1699794832\n|-singleturn|p1a: Breloom|move: Focus Punch\n|move|p2a: Garganacl|Iron Defense|p2a: Garganacl\n|-boost|p2a: Garganacl|def|0\n|move|p1a: Breloom|Focus Punch|p2a: Garganacl\n|-immune|p2a: Garganacl\n|\n|upkeep\n|turn|43\n|\n|t:|1699794838\n|-singleturn|p1a: Breloom|move: Focus Punch\n|move|p2a: Garganacl|Iron Defense|p2a: Garganacl\n|-boost|p2a: Garganacl|def|0\n|move|p1a: Breloom|Focus Punch|p2a: Garganacl\n|-immune|p2a: Garganacl\n|\n|upkeep\n|turn|44\n|\n|t:|1699794845\n|-singleturn|p1a: Breloom|move: Focus Punch\n|move|p2a: Garganacl|Iron Defense|p2a: Garganacl\n|-boost|p2a: Garganacl|def|0\n|move|p1a: Breloom|Focus Punch|p2a: Garganacl\n|-immune|p2a: Garganacl\n|\n|upkeep\n|turn|45\n|\n|t:|1699794849\n|-singleturn|p1a: Breloom|move: Focus Punch\n|move|p2a: Garganacl|Iron Defense|p2a: Garganacl\n|-boost|p2a: Garganacl|def|0\n|move|p1a: Breloom|Focus Punch|p2a: Garganacl\n|-immune|p2a: Garganacl\n|\n|upkeep\n|turn|46\n|\n|t:|1699794864\n|-singleturn|p1a: Breloom|move: Focus Punch\n|move|p2a: Garganacl|Iron Defense|p2a: Garganacl\n|-boost|p2a: Garganacl|def|0\n|move|p1a: Breloom|Focus Punch|p2a: Garganacl\n|-immune|p2a: Garganacl\n|\n|upkeep\n|turn|47\n|\n|t:|1699794867\n|-singleturn|p1a: Breloom|move: Focus Punch\n|move|p2a: Garganacl|Iron Defense|p2a: Garganacl\n|-boost|p2a: Garganacl|def|0\n|move|p1a: Breloom|Focus Punch|p2a: Garganacl\n|-immune|p2a: Garganacl\n|\n|upkeep\n|turn|48\n|\n|t:|1699794873\n|move|p1a: Breloom|Substitute|p1a: Breloom\n|-fail|p1a: Breloom|move: Substitute\n|move|p2a: Garganacl|Iron Defense|p2a: Garganacl\n|-boost|p2a: Garganacl|def|0\n|\n|upkeep\n|turn|49\n|\n|t:|1699794892\n|switch|p2a: Heatran|Heatran, M|100\/100\n|-damage|p2a: Heatran|88\/100|[from] Stealth Rock\n|-singleturn|p1a: Breloom|move: Focus Punch\n|move|p1a: Breloom|Focus Punch|p2a: Heatran\n|-supereffective|p2a: Heatran\n|-damage|p2a: Heatran|0 fnt\n|faint|p2a: Heatran\n|\n|upkeep\n|\n|t:|1699794895\n|switch|p2a: Dragonite|Dragonite, M|100\/100\n|turn|50\n|\n|t:|1699794903\n|move|p2a: Dragonite|Ice Spinner|p1a: Breloom\n|-supereffective|p1a: Breloom\n|-end|p1a: Breloom|Substitute\n|move|p1a: Breloom|Spore|p2a: Dragonite\n|-status|p2a: Dragonite|slp|[from] move: Spore\n|\n|upkeep\n|turn|51\n|\n|t:|1699794908\n|cant|p2a: Dragonite|slp\n|move|p1a: Breloom|Substitute|p1a: Breloom\n|-start|p1a: Breloom|Substitute\n|-damage|p1a: Breloom|76\/100 tox\n|\n|-heal|p1a: Breloom|88\/100 tox|[from] ability: Poison Heal\n|upkeep\n|turn|52\n|\n|t:|1699794922\n|-singleturn|p1a: Breloom|move: Focus Punch\n|-curestatus|p2a: Dragonite|slp|[msg]\n|move|p2a: Dragonite|Ice Spinner|p1a: Breloom\n|-supereffective|p1a: Breloom\n|-end|p1a: Breloom|Substitute\n|move|p1a: Breloom|Focus Punch|p2a: Dragonite\n|-resisted|p2a: Dragonite\n|-damage|p2a: Dragonite|83\/100\n|\n|-heal|p1a: Breloom|100\/100 tox|[from] ability: Poison Heal\n|upkeep\n|turn|53\n|inactive|ElPadou has 120 seconds left.\n|\n|t:|1699794957\n|move|p2a: Dragonite|Ice Spinner|p1a: Breloom\n|-supereffective|p1a: Breloom\n|-damage|p1a: Breloom|43\/100 tox\n|move|p1a: Breloom|Spore|p2a: Dragonite\n|-status|p2a: Dragonite|slp|[from] move: Spore\n|\n|-heal|p1a: Breloom|55\/100 tox|[from] ability: Poison Heal\n|upkeep\n|turn|54\n|inactive|ElPadou has 120 seconds left.\n|\n|t:|1699794968\n|switch|p2a: Ogerpon|Ogerpon-Wellspring, F|100\/100\n|-damage|p2a: Ogerpon|88\/100|[from] Stealth Rock\n|move|p1a: Breloom|Substitute|p1a: Breloom\n|-start|p1a: Breloom|Substitute\n|-damage|p1a: Breloom|31\/100 tox\n|\n|-heal|p1a: Breloom|43\/100 tox|[from] ability: Poison Heal\n|upkeep\n|turn|55\n|inactive|ElPadou has 120 seconds left.\n|\n|t:|1699794978\n|-singleturn|p1a: Breloom|move: Focus Punch\n|move|p2a: Ogerpon|Horn Leech|p1a: Breloom\n|-resisted|p1a: Breloom\n|-activate|p1a: Breloom|move: Substitute|[damage]\n|-heal|p2a: Ogerpon|99\/100|[from] drain|[of] p1a: Breloom\n|move|p1a: Breloom|Focus Punch|p2a: Ogerpon\n|-damage|p2a: Ogerpon|6\/100\n|\n|-heal|p1a: Breloom|55\/100 tox|[from] ability: Poison Heal\n|upkeep\n|turn|56\n|\n|t:|1699794989\n|move|p2a: Ogerpon|U-turn|p1a: Breloom\n|-end|p1a: Breloom|Substitute\n|\n|t:|1699794994\n|switch|p2a: Dragapult|Dragapult, M|100\/100|[from] U-turn\n|-damage|p2a: Dragapult|88\/100|[from] Stealth Rock\n|move|p1a: Breloom|Substitute|p1a: Breloom\n|-start|p1a: Breloom|Substitute\n|-damage|p1a: Breloom|31\/100 tox\n|\n|-heal|p1a: Breloom|43\/100 tox|[from] ability: Poison Heal\n|upkeep\n|turn|57\n|\n|t:|1699795003\n|switch|p1a: Tyranitar|Tyranitar, F|76\/100\n|-weather|Sandstorm|[from] ability: Sand Stream|[of] p1a: Tyranitar\n|move|p2a: Dragapult|Hex|p1a: Tyranitar\n|-resisted|p1a: Tyranitar\n|-damage|p1a: Tyranitar|64\/100\n|\n|-weather|Sandstorm|[upkeep]\n|-damage|p2a: Dragapult|82\/100|[from] Sandstorm\n|upkeep\n|turn|58\n|\n|t:|1699795011\n|move|p2a: Dragapult|Hydro Pump|p1a: Tyranitar\n|-supereffective|p1a: Tyranitar\n|-damage|p1a: Tyranitar|20\/100\n|-enditem|p1a: Tyranitar|Weakness Policy\n|-boost|p1a: Tyranitar|atk|2|[from] item: Weakness Policy\n|-boost|p1a: Tyranitar|spa|2|[from] item: Weakness Policy\n|move|p1a: Tyranitar|Dragon Dance|p1a: Tyranitar\n|-boost|p1a: Tyranitar|atk|1\n|-boost|p1a: Tyranitar|spe|1\n|\n|-weather|Sandstorm|[upkeep]\n|-damage|p2a: Dragapult|76\/100|[from] Sandstorm\n|upkeep\n|turn|59\n|\n|t:|1699795035\n|move|p2a: Dragapult|Hydro Pump|p1a: Tyranitar\n|-supereffective|p1a: Tyranitar\n|-damage|p1a: Tyranitar|0 fnt\n|faint|p1a: Tyranitar\n|\n|-weather|Sandstorm|[upkeep]\n|-damage|p2a: Dragapult|70\/100|[from] Sandstorm\n|upkeep\n|\n|t:|1699795057\n|switch|p1a: Sandslash|Sandslash, F|40\/100\n|turn|60\n|\n|t:|1699795063\n|move|p1a: Sandslash|Earthquake|p2a: Dragapult\n|-damage|p2a: Dragapult|0 fnt\n|-start|p1a: Sandslash|Disable|Earthquake|[from] ability: Cursed Body|[of] p2a: Dragapult\n|faint|p2a: Dragapult\n|\n|-weather|Sandstorm|[upkeep]\n|upkeep\n|\n|t:|1699795073\n|switch|p2a: Dragonite|Dragonite, M|83\/100 slp\n|turn|61\n|\n|t:|1699795084\n|switch|p1a: Slowking|Slowking, M|100\/100\n|cant|p2a: Dragonite|slp\n|\n|-weather|none\n|upkeep\n|turn|62\n|\n|t:|1699795088\n|cant|p2a: Dragonite|slp\n|move|p1a: Slowking|Reflect|p1a: Slowking\n|-sidestart|p1: ElPadou|Reflect\n|\n|upkeep\n|turn|63\n|\n|t:|1699795100\n|-curestatus|p2a: Dragonite|slp|[msg]\n|move|p2a: Dragonite|Dragon Dance|p2a: Dragonite\n|-boost|p2a: Dragonite|atk|1\n|-boost|p2a: Dragonite|spe|1\n|move|p1a: Slowking|Scald|p2a: Dragonite\n|-resisted|p2a: Dragonite\n|-damage|p2a: Dragonite|70\/100\n|\n|upkeep\n|turn|64\n|\n|t:|1699795109\n|move|p2a: Dragonite|Dragon Dance|p2a: Dragonite\n|-boost|p2a: Dragonite|atk|1\n|-boost|p2a: Dragonite|spe|1\n|move|p1a: Slowking|Scald|p2a: Dragonite\n|-resisted|p2a: Dragonite\n|-damage|p2a: Dragonite|54\/100\n|\n|upkeep\n|turn|65\n|\n|t:|1699795115\n|move|p2a: Dragonite|Dragon Dance|p2a: Dragonite\n|-boost|p2a: Dragonite|atk|1\n|-boost|p2a: Dragonite|spe|1\n|move|p1a: Slowking|Scald|p2a: Dragonite\n|-resisted|p2a: Dragonite\n|-damage|p2a: Dragonite|39\/100\n|\n|upkeep\n|turn|66\n|\n|t:|1699795119\n|switch|p1a: Corviknight|Corviknight, F|100\/100\n|move|p2a: Dragonite|Earthquake|p1a: Corviknight\n|-immune|p1a: Corviknight\n|\n|upkeep\n|turn|67\n|\n|t:|1699795123\n|move|p2a: Dragonite|Ice Spinner|p1a: Corviknight\n|-damage|p1a: Corviknight|78\/100\n|move|p1a: Corviknight|Brave Bird|p2a: Dragonite\n|-damage|p2a: Dragonite|0 fnt\n|faint|p2a: Dragonite\n|-damage|p1a: Corviknight|68\/100|[from] Recoil\n|\n|-heal|p1a: Corviknight|74\/100|[from] item: Leftovers\n|upkeep\n|\n|t:|1699795128\n|switch|p2a: Great Tusk|Great Tusk|100\/100\n|turn|68\n|\n|t:|1699795134\n|switch|p1a: Houndstone|Houndstone, M|100\/100\n|move|p2a: Great Tusk|Bulk Up|p2a: Great Tusk\n|-boost|p2a: Great Tusk|atk|1\n|-boost|p2a: Great Tusk|def|1\n|\n|upkeep\n|turn|69\n|\n|t:|1699795143\n|move|p1a: Houndstone|Will-O-Wisp|p2a: Great Tusk\n|-status|p2a: Great Tusk|brn\n|move|p2a: Great Tusk|Headlong Rush|p1a: Houndstone\n|-damage|p1a: Houndstone|70\/100\n|-unboost|p2a: Great Tusk|def|1\n|-unboost|p2a: Great Tusk|spd|1\n|\n|-heal|p1a: Houndstone|76\/100|[from] item: Leftovers\n|-damage|p2a: Great Tusk|94\/100 brn|[from] brn\n|-sideend|p1: ElPadou|Reflect\n|upkeep\n|turn|70\n|\n|t:|1699795149\n|move|p1a: Houndstone|Psychic Fangs|p2a: Great Tusk\n|-supereffective|p2a: Great Tusk\n|-damage|p2a: Great Tusk|58\/100 brn\n|move|p2a: Great Tusk|Headlong Rush|p1a: Houndstone\n|-damage|p1a: Houndstone|18\/100\n|-unboost|p2a: Great Tusk|def|1\n|-unboost|p2a: Great Tusk|spd|1\n|\n|-heal|p1a: Houndstone|24\/100|[from] item: Leftovers\n|-damage|p2a: Great Tusk|52\/100 brn|[from] brn\n|upkeep\n|turn|71\n|-message|Xyon22 forfeited.\n|\n|win|ElPadou\n|raw|ElPadou's rating: 1419 &rarr; <strong>1442<\/strong><br \/>(+23 for winning)\n|raw|Xyon22's rating: 1478 &rarr; <strong>1455<\/strong><br \/>(-23 for losing)\n|l|\u2606Xyon22\n","uploadtime":1699795178,"views":8,"p1id":"elpadou","p2id":"xyon22","formatid":"gen9ou","rating":1442,"private":0,"password":""}