{"id":"gen9ou-1988363082","p1":"NaturalPower A","p2":"BOX CRUSHER","format":"[Gen 9] OU","log":"|j|\u2606NaturalPower A\n|j|\u2606BOX CRUSHER\n|t:|1699714153\n|gametype|singles\n|player|p1|NaturalPower A|n|1196\n|player|p2|BOX CRUSHER|ruinmaniac|1298\n|teamsize|p1|6\n|teamsize|p2|6\n|gen|9\n|tier|[Gen 9] OU\n|rated|\n|rule|Sleep Clause Mod: Limit one foe put to sleep\n|rule|Species Clause: Limit one of each Pok\u00e9mon\n|rule|OHKO Clause: OHKO moves are banned\n|rule|Evasion Items Clause: Evasion items are banned\n|rule|Evasion Moves Clause: Evasion moves are banned\n|rule|Endless Battle Clause: Forcing endless battles is banned\n|rule|HP Percentage Mod: HP is shown in percentages\n|clearpoke\n|poke|p1|Alomomola, F|\n|poke|p1|Regidrago|\n|poke|p1|Cinderace, F|\n|poke|p1|Magnezone|\n|poke|p1|Ogerpon-Wellspring, F|\n|poke|p1|Volbeat, M|\n|poke|p2|Hippowdon, M|\n|poke|p2|Clodsire, F|\n|poke|p2|Heatran, F|\n|poke|p2|Jirachi|\n|poke|p2|Gholdengo|\n|poke|p2|Forretress, M|\n|teampreview\n|inactive|Battle timer is ON: inactive players will automatically lose when time's up. (requested by NaturalPower A)\n|c|\u2606NaturalPower A|That sure is an inconventional team\n|\n|t:|1699714176\n|start\n|switch|p1a: Cinderace|Cinderace, F|100\/100\n|switch|p2a: Jirachi|Jirachi|100\/100\n|turn|1\n|\n|t:|1699714183\n|move|p2a: Jirachi|U-turn|p1a: Cinderace\n|-resisted|p1a: Cinderace\n|-damage|p1a: Cinderace|87\/100\n|\n|t:|1699714185\n|switch|p2a: Heatran|Heatran, F|100\/100|[from] U-turn\n|move|p1a: Cinderace|Pyro Ball|p2a: Heatran\n|-start|p2a: Heatran|ability: Flash Fire\n|\n|upkeep\n|turn|2\n|\n|t:|1699714193\n|switch|p1a: Alomomola|Alomomola, F|100\/100\n|move|p2a: Heatran|Stealth Rock|p1a: Alomomola\n|-sidestart|p1: NaturalPower A|move: Stealth Rock\n|\n|upkeep\n|turn|3\n|\n|t:|1699714198\n|-end|p2a: Heatran|ability: Flash Fire|[silent]\n|switch|p2a: Clodsire|Clodsire, F|100\/100\n|move|p1a: Alomomola|Flip Turn|p2a: Clodsire\n|-immune|p2a: Clodsire|[from] ability: Water Absorb\n|\n|upkeep\n|turn|4\n|c|\u2606NaturalPower A|funny\n|\n|t:|1699714206\n|move|p1a: Alomomola|Light Screen|p1a: Alomomola\n|-sidestart|p1: NaturalPower A|move: Light Screen\n|move|p2a: Clodsire|Toxic Spikes|p1a: Alomomola\n|-sidestart|p1: NaturalPower A|move: Toxic Spikes\n|\n|upkeep\n|turn|5\n|\n|t:|1699714219\n|move|p1a: Alomomola|Wish|p1a: Alomomola\n|move|p2a: Clodsire|Earthquake|p1a: Alomomola\n|-damage|p1a: Alomomola|86\/100\n|-enditem|p1a: Alomomola|Red Card|[of] p2a: Clodsire\n|drag|p2a: Jirachi|Jirachi|100\/100\n|\n|upkeep\n|turn|6\n|\n|t:|1699714235\n|move|p2a: Jirachi|U-turn|p1a: Alomomola\n|-damage|p1a: Alomomola|75\/100\n|\n|t:|1699714238\n|switch|p2a: Clodsire|Clodsire, F|100\/100|[from] U-turn\n|move|p1a: Alomomola|Flip Turn|p2a: Clodsire\n|-immune|p2a: Clodsire|[from] ability: Water Absorb\n|\n|-heal|p1a: Alomomola|100\/100|[from] move: Wish|[wisher] Alomomola\n|upkeep\n|turn|7\n|\n|t:|1699714247\n|move|p1a: Alomomola|Wish|p1a: Alomomola\n|move|p2a: Clodsire|Toxic Spikes|p1a: Alomomola\n|-sidestart|p1: NaturalPower A|move: Toxic Spikes\n|\n|upkeep\n|turn|8\n|\n|t:|1699714266\n|switch|p2a: Forretress|Forretress, M|100\/100\n|move|p1a: Alomomola|Flip Turn|p2a: Forretress\n|-damage|p2a: Forretress|90\/100\n|\n|t:|1699714271\n|switch|p1a: Cinderace|Cinderace, F|87\/100|[from] Flip Turn\n|\n|-heal|p1a: Cinderace|100\/100|[from] move: Wish|[wisher] Alomomola\n|-heal|p2a: Forretress|97\/100|[from] item: Leftovers\n|-sideend|p1: NaturalPower A|move: Light Screen\n|upkeep\n|turn|9\n|\n|t:|1699714278\n|move|p1a: Cinderace|Court Change|p1a: Cinderace\n|-start|p1a: Cinderace|typechange|Normal|[from] ability: Libero\n|-swapsideconditions\n|-activate|p1a: Cinderace|move: Court Change\n|move|p2a: Forretress|Rapid Spin|p1a: Cinderace\n|-damage|p1a: Cinderace|85\/100\n|-boost|p2a: Forretress|spe|1\n|-sideend|p2: BOX CRUSHER|Toxic Spikes|[from] move: Rapid Spin|[of] p2a: Forretress\n|-sideend|p2: BOX CRUSHER|Stealth Rock|[from] move: Rapid Spin|[of] p2a: Forretress\n|\n|-heal|p2a: Forretress|100\/100|[from] item: Leftovers\n|upkeep\n|turn|10\n|\n|t:|1699714287\n|switch|p2a: Heatran|Heatran, F|100\/100\n|move|p1a: Cinderace|Pyro Ball|p2a: Heatran\n|-start|p2a: Heatran|ability: Flash Fire\n|\n|upkeep\n|turn|11\n|c|\u2606NaturalPower A|You stop that\n|\n|t:|1699714296\n|switch|p1a: Ogerpon|Ogerpon-Wellspring, F|100\/100\n|move|p2a: Heatran|Magma Storm|p1a: Ogerpon\n|-damage|p1a: Ogerpon|8\/100\n|-activate|p1a: Ogerpon|move: Magma Storm|[of] p2a: Heatran\n|\n|-damage|p1a: Ogerpon|0 fnt|[from] move: Magma Storm|[partiallytrapped]\n|faint|p1a: Ogerpon\n|upkeep\n|\n|t:|1699714314\n|switch|p1a: Alomomola|Alomomola, F|100\/100\n|turn|12\n|\n|t:|1699714337\n|move|p2a: Heatran|Stealth Rock|p1a: Alomomola\n|-sidestart|p1: NaturalPower A|move: Stealth Rock\n|move|p1a: Alomomola|Flip Turn|p2a: Heatran\n|-supereffective|p2a: Heatran\n|-damage|p2a: Heatran|65\/100\n|\n|t:|1699714353\n|switch|p1a: Cinderace|Cinderace, F|85\/100|[from] Flip Turn\n|\n|-heal|p2a: Heatran|71\/100|[from] item: Leftovers\n|upkeep\n|turn|13\n|\n|t:|1699714362\n|move|p1a: Cinderace|Court Change|p1a: Cinderace\n|-start|p1a: Cinderace|typechange|Normal|[from] ability: Libero\n|-swapsideconditions\n|-activate|p1a: Cinderace|move: Court Change\n|move|p2a: Heatran|Magma Storm|p1a: Cinderace\n|-crit|p1a: Cinderace\n|-damage|p1a: Cinderace|0 fnt\n|faint|p1a: Cinderace\n|\n|-heal|p2a: Heatran|78\/100|[from] item: Leftovers\n|upkeep\n|-message|NaturalPower A forfeited.\n|\n|win|BOX CRUSHER\n|raw|NaturalPower A's rating: 1196 &rarr; <strong>1178<\/strong><br \/>(-18 for losing)\n|raw|BOX CRUSHER's rating: 1298 &rarr; <strong>1316<\/strong><br \/>(+18 for winning)\n|l|\u2606NaturalPower A\n","uploadtime":1699714373,"views":14,"p1id":"naturalpowera","p2id":"boxcrusher","formatid":"gen9ou","rating":1178,"private":0,"password":""}