{"id":"gen9ou-1990492848","p1":"DivineGabriel","p2":"Vlarcheops","format":"[Gen 9] OU","log":"|j|\u2606DivineGabriel\n|j|\u2606Vlarcheops\n|t:|1699975897\n|gametype|singles\n|player|p1|DivineGabriel|rye|1880\n|player|p2|Vlarcheops|hilbert-wonderlauncher|1809\n|teamsize|p1|6\n|teamsize|p2|6\n|gen|9\n|tier|[Gen 9] OU\n|rated|\n|rule|Sleep Clause Mod: Limit one foe put to sleep\n|rule|Species Clause: Limit one of each Pok\u00e9mon\n|rule|OHKO Clause: OHKO moves are banned\n|rule|Evasion Items Clause: Evasion items are banned\n|rule|Evasion Moves Clause: Evasion moves are banned\n|rule|Endless Battle Clause: Forcing endless battles is banned\n|rule|HP Percentage Mod: HP is shown in percentages\n|clearpoke\n|poke|p1|Typhlosion-Hisui, M|\n|poke|p1|Ting-Lu|\n|poke|p1|Torkoal, M|\n|poke|p1|Walking Wake|\n|poke|p1|Hatterene, F|\n|poke|p1|Meowscarada, M|\n|poke|p2|Cinderace, F|\n|poke|p2|Zamazenta-*|\n|poke|p2|Ursaluna, M|\n|poke|p2|Manaphy|\n|poke|p2|Zapdos|\n|poke|p2|Kingambit, M|\n|teampreview\n|j| ItsaMeLuigiHere\n|inactive|Battle timer is ON: inactive players will automatically lose when time's up. (requested by Vlarcheops)\n|\n|t:|1699975915\n|start\n|switch|p1a: Torkoal|Torkoal, M|100\/100\n|switch|p2a: \u30a8\u30fc\u30b9\u30d0\u30fc\u30f3|Cinderace, F, shiny|100\/100\n|-weather|SunnyDay|[from] ability: Drought|[of] p1a: Torkoal\n|turn|1\n|\n|t:|1699975919\n|switch|p1a: Hatterene|Hatterene, F|100\/100\n|move|p2a: \u30a8\u30fc\u30b9\u30d0\u30fc\u30f3|U-turn|p1a: Hatterene\n|-start|p2a: \u30a8\u30fc\u30b9\u30d0\u30fc\u30f3|typechange|Bug|[from] ability: Libero\n|-damage|p1a: Hatterene|71\/100\n|-enditem|p1a: Hatterene|Eject Button\n|j| mew852\n|\n|t:|1699975922\n|switch|p1a: Walking Wake|Walking Wake|100\/100\n|-activate|p1a: Walking Wake|ability: Protosynthesis\n|-start|p1a: Walking Wake|protosynthesisspe\n|\n|-weather|SunnyDay|[upkeep]\n|upkeep\n|turn|2\n|\n|t:|1699975924\n|-terastallize|p1a: Walking Wake|Water\n|move|p2a: \u30a8\u30fc\u30b9\u30d0\u30fc\u30f3|U-turn|p1a: Walking Wake\n|-damage|p1a: Walking Wake|62\/100\n|j| pikmin > pkmn\n|\n|t:|1699975935\n|switch|p2a: \u30de\u30ca\u30d5\u30a3|Manaphy, shiny|100\/100|[from] U-turn\n|move|p1a: Walking Wake|Hydro Steam|p2a: \u30de\u30ca\u30d5\u30a3\n|-resisted|p2a: \u30de\u30ca\u30d5\u30a3\n|-damage|p2a: \u30de\u30ca\u30d5\u30a3|42\/100\n|\n|-weather|SunnyDay|[upkeep]\n|-heal|p2a: \u30de\u30ca\u30d5\u30a3|48\/100|[from] item: Leftovers\n|upkeep\n|turn|3\n|c| ItsaMeLuigiHere|we got Hisui Typhlosion vs. Ursaluna\n|\n|t:|1699975961\n|switch|p2a: \u30ac\u30c1\u30b0\u30de|Ursaluna, M, shiny|100\/100\n|move|p1a: Walking Wake|Hydro Steam|p2a: \u30ac\u30c1\u30b0\u30de\n|-supereffective|p2a: \u30ac\u30c1\u30b0\u30de\n|-damage|p2a: \u30ac\u30c1\u30b0\u30de|0 fnt\n|faint|p2a: \u30ac\u30c1\u30b0\u30de\n|\n|-weather|SunnyDay|[upkeep]\n|upkeep\n|c| ItsaMeLuigiHere|this is certainly a match and a half\n|\n|t:|1699975964\n|switch|p2a: \u30a8\u30fc\u30b9\u30d0\u30fc\u30f3|Cinderace, F, shiny|100\/100\n|turn|4\n|\n|t:|1699975970\n|move|p2a: \u30a8\u30fc\u30b9\u30d0\u30fc\u30f3|High Jump Kick|p1a: Walking Wake\n|-start|p2a: \u30a8\u30fc\u30b9\u30d0\u30fc\u30f3|typechange|Fighting|[from] ability: Libero\n|-crit|p1a: Walking Wake\n|-damage|p1a: Walking Wake|0 fnt\n|faint|p1a: Walking Wake\n|-end|p1a: Walking Wake|Protosynthesis|[silent]\n|\n|-weather|SunnyDay|[upkeep]\n|upkeep\n|\n|t:|1699975972\n|switch|p1a: Typhlosion|Typhlosion-Hisui, M|100\/100\n|turn|5\n|j| ThatJebshuckle\n|\n|t:|1699975980\n|switch|p2a: \u30de\u30ca\u30d5\u30a3|Manaphy, shiny|48\/100\n|move|p1a: Typhlosion|Eruption|p2a: \u30de\u30ca\u30d5\u30a3\n|-resisted|p2a: \u30de\u30ca\u30d5\u30a3\n|-damage|p2a: \u30de\u30ca\u30d5\u30a3|0 fnt\n|faint|p2a: \u30de\u30ca\u30d5\u30a3\n|\n|-weather|SunnyDay|[upkeep]\n|upkeep\n|\n|t:|1699975983\n|switch|p2a: \u30c9\u30c9\u30b2\u30b6\u30f3|Kingambit, M, shiny|100\/100\n|-activate|p2a: \u30c9\u30c9\u30b2\u30b6\u30f3|ability: Supreme Overlord\n|-start|p2a: \u30c9\u30c9\u30b2\u30b6\u30f3|fallen2|[silent]\n|turn|6\n|\n|t:|1699975994\n|switch|p1a: Meowscarada|Meowscarada, M|100\/100\n|move|p2a: \u30c9\u30c9\u30b2\u30b6\u30f3|Sucker Punch||[still]\n|-fail|p2a: \u30c9\u30c9\u30b2\u30b6\u30f3\n|\n|-weather|SunnyDay|[upkeep]\n|upkeep\n|turn|7\n|j| malibou\n|\n|t:|1699975998\n|-end|p2a: \u30c9\u30c9\u30b2\u30b6\u30f3|fallen2|[silent]\n|switch|p2a: \u30b5\u30f3\u30c0\u30fc|Zapdos, shiny|100\/100\n|move|p1a: Meowscarada|U-turn|p2a: \u30b5\u30f3\u30c0\u30fc\n|-start|p1a: Meowscarada|typechange|Bug|[from] ability: Protean\n|-resisted|p2a: \u30b5\u30f3\u30c0\u30fc\n|-damage|p2a: \u30b5\u30f3\u30c0\u30fc|79\/100\n|\n|t:|1699976000\n|switch|p1a: Typhlosion|Typhlosion-Hisui, M|100\/100|[from] U-turn\n|\n|-weather|SunnyDay|[upkeep]\n|upkeep\n|turn|8\n|\n|t:|1699976005\n|move|p2a: \u30b5\u30f3\u30c0\u30fc|Thunderbolt|p1a: Typhlosion\n|-damage|p1a: Typhlosion|38\/100\n|move|p1a: Typhlosion|Eruption|p2a: \u30b5\u30f3\u30c0\u30fc\n|-damage|p2a: \u30b5\u30f3\u30c0\u30fc|12\/100\n|\n|-weather|none\n|upkeep\n|turn|9\n|\n|t:|1699976016\n|switch|p1a: Torkoal|Torkoal, M|100\/100\n|-weather|SunnyDay|[from] ability: Drought|[of] p1a: Torkoal\n|move|p2a: \u30b5\u30f3\u30c0\u30fc|Thunderbolt|p1a: Torkoal\n|-damage|p1a: Torkoal|37\/100\n|\n|-weather|SunnyDay|[upkeep]\n|upkeep\n|turn|10\n|\n|t:|1699976025\n|switch|p1a: Hatterene|Hatterene, F|71\/100\n|move|p2a: \u30b5\u30f3\u30c0\u30fc|Thunderbolt|p1a: Hatterene\n|-damage|p1a: Hatterene|27\/100\n|\n|-weather|SunnyDay|[upkeep]\n|upkeep\n|turn|11\n|\n|t:|1699976027\n|move|p2a: \u30b5\u30f3\u30c0\u30fc|Thunderbolt|p1a: Hatterene\n|-damage|p1a: Hatterene|0 fnt\n|faint|p1a: Hatterene\n|\n|-weather|SunnyDay|[upkeep]\n|upkeep\n|\n|t:|1699976030\n|switch|p1a: Meowscarada|Meowscarada, M|100\/100\n|turn|12\n|\n|t:|1699976034\n|move|p1a: Meowscarada|Knock Off|p2a: \u30b5\u30f3\u30c0\u30fc\n|-start|p1a: Meowscarada|typechange|Dark|[from] ability: Protean\n|-damage|p2a: \u30b5\u30f3\u30c0\u30fc|0 fnt\n|-enditem|p2a: \u30b5\u30f3\u30c0\u30fc|Heavy-Duty Boots|[from] move: Knock Off|[of] p1a: Meowscarada\n|faint|p2a: \u30b5\u30f3\u30c0\u30fc\n|\n|-weather|SunnyDay|[upkeep]\n|upkeep\n|j| lgang007\n|\n|t:|1699976042\n|switch|p2a: \u30a8\u30fc\u30b9\u30d0\u30fc\u30f3|Cinderace, F, shiny|100\/100\n|turn|13\n|\n|t:|1699976051\n|move|p1a: Meowscarada|Knock Off|p2a: \u30a8\u30fc\u30b9\u30d0\u30fc\u30f3\n|-damage|p2a: \u30a8\u30fc\u30b9\u30d0\u30fc\u30f3|33\/100\n|-enditem|p2a: \u30a8\u30fc\u30b9\u30d0\u30fc\u30f3|Choice Scarf|[from] move: Knock Off|[of] p1a: Meowscarada\n|move|p2a: \u30a8\u30fc\u30b9\u30d0\u30fc\u30f3|U-turn|p1a: Meowscarada\n|-start|p2a: \u30a8\u30fc\u30b9\u30d0\u30fc\u30f3|typechange|Bug|[from] ability: Libero\n|-supereffective|p1a: Meowscarada\n|-damage|p1a: Meowscarada|0 fnt\n|faint|p1a: Meowscarada\n|j| CrowsBerserk\n|-message|DivineGabriel forfeited.\n|\n|win|Vlarcheops\n|raw|DivineGabriel's rating: 1880 &rarr; <strong>1856<\/strong><br \/>(-24 for losing)\n|raw|Vlarcheops's rating: 1809 &rarr; <strong>1833<\/strong><br \/>(+24 for winning)\n|l|\u2606DivineGabriel\n|l| ItsaMeLuigiHere\n|l| ThatJebshuckle\n|l| pikmin > pkmn\n|l| malibou\n|l|\u2606Vlarcheops\n|l| lgang007\n|l| CrowsBerserk\n","uploadtime":1699976210,"views":16,"p1id":"divinegabriel","p2id":"vlarcheops","formatid":"gen9ou","rating":1833,"private":0,"password":""}