{"id":"gen9ou-1992352635","p1":"Quarters_OU","p2":"ykkhalil","format":"[Gen 9] OU","log":"|j|\u2606Quarters_OU\n|j|\u2606ykkhalil\n|t:|1700177771\n|gametype|singles\n|player|p1|Quarters_OU|caitlin|1336\n|player|p2|ykkhalil|n-masters3|1451\n|teamsize|p1|6\n|teamsize|p2|6\n|gen|9\n|tier|[Gen 9] OU\n|rated|\n|rule|Sleep Clause Mod: Limit one foe put to sleep\n|rule|Species Clause: Limit one of each Pok\u00e9mon\n|rule|OHKO Clause: OHKO moves are banned\n|rule|Evasion Items Clause: Evasion items are banned\n|rule|Evasion Moves Clause: Evasion moves are banned\n|rule|Endless Battle Clause: Forcing endless battles is banned\n|rule|HP Percentage Mod: HP is shown in percentages\n|clearpoke\n|poke|p1|Sylveon, F|\n|poke|p1|Kingambit, M|\n|poke|p1|Dragapult, F|\n|poke|p1|Great Tusk|\n|poke|p1|Sneasler, M|\n|poke|p1|Zapdos|\n|poke|p2|Samurott-Hisui, M|\n|poke|p2|Gholdengo|\n|poke|p2|Kingambit, M|\n|poke|p2|Iron Moth|\n|poke|p2|Glimmora, F|\n|poke|p2|Tyranitar, F|\n|teampreview\n|c|\u2606ykkhalil|glhf\n|c|\u2606Quarters_OU|u2\n|\n|t:|1700177785\n|start\n|switch|p1a: Sneasler|Sneasler, M|100\/100\n|switch|p2a: Samurott|Samurott-Hisui, M|100\/100\n|turn|1\n|\n|t:|1700177813\n|move|p1a: Sneasler|U-turn|p2a: Samurott\n|-supereffective|p2a: Samurott\n|-damage|p2a: Samurott|36\/100\n|\n|t:|1700177816\n|switch|p1a: Zapdos|Zapdos|100\/100|[from] U-turn\n|move|p2a: Samurott|Ceaseless Edge|p1a: Zapdos\n|-damage|p1a: Zapdos|71\/100\n|-sidestart|p1: Quarters_OU|Spikes\n|\n|upkeep\n|turn|2\n|\n|t:|1700177823\n|move|p2a: Samurott|Ceaseless Edge|p1a: Zapdos\n|-damage|p1a: Zapdos|41\/100\n|-sidestart|p1: Quarters_OU|Spikes\n|move|p1a: Zapdos|Volt Switch|p2a: Samurott\n|-supereffective|p2a: Samurott\n|-damage|p2a: Samurott|0 fnt\n|faint|p2a: Samurott\n|\n|t:|1700177832\n|switch|p1a: Sneasler|Sneasler, M|100\/100|[from] Volt Switch\n|-damage|p1a: Sneasler|84\/100|[from] Spikes\n|\n|upkeep\n|\n|t:|1700177841\n|switch|p2a: Glimmora|Glimmora, F|100\/100\n|turn|3\n|\n|t:|1700177857\n|switch|p1a: Kingambit|Kingambit, M|100\/100\n|-damage|p1a: Kingambit|84\/100|[from] Spikes\n|move|p2a: Glimmora|Dazzling Gleam|p1a: Kingambit\n|-damage|p1a: Kingambit|58\/100\n|\n|upkeep\n|turn|4\n|\n|t:|1700177871\n|move|p1a: Kingambit|Sucker Punch|p2a: Glimmora\n|-damage|p2a: Glimmora|39\/100\n|-activate|p2a: Glimmora|ability: Toxic Debris\n|-sidestart|p1: Quarters_OU|move: Toxic Spikes\n|-enditem|p2a: Glimmora|Red Card|[of] p1a: Kingambit\n|-end|p1a: Kingambit|fallenundefined|[silent]\n|drag|p1a: Sylveon|Sylveon, F|100\/100\n|-damage|p1a: Sylveon|84\/100|[from] Spikes\n|-status|p1a: Sylveon|psn\n|move|p2a: Glimmora|Earth Power|p1a: Sylveon\n|-damage|p1a: Sylveon|62\/100 psn\n|\n|-heal|p1a: Sylveon|68\/100 psn|[from] item: Leftovers\n|-damage|p1a: Sylveon|56\/100 psn|[from] psn\n|upkeep\n|turn|5\n|c|\u2606Quarters_OU|i like that tech\n|c|\u2606Quarters_OU|imma steal it\n|c|\u2606ykkhalil|uuugh forgot bout my carddd\n|c|\u2606ykkhalil|it ussually makes me lose rather than win\n|c|\u2606ykkhalil|e power was clean ko\n|c|\u2606ykkhalil|also, feel free too\n|c|\u2606ykkhalil|just always remember u have the card\n|c|\u2606Quarters_OU|sylv is my sponge most of the time lol\n|c|\u2606ykkhalil|if u forget u can lose battles\n|\n|t:|1700177943\n|-terastallize|p1a: Sylveon|Flying\n|move|p2a: Glimmora|Stealth Rock|p1a: Sylveon\n|-sidestart|p1: Quarters_OU|move: Stealth Rock\n|move|p1a: Sylveon|Wish|p1a: Sylveon\n|\n|-heal|p1a: Sylveon|62\/100 psn|[from] item: Leftovers\n|-damage|p1a: Sylveon|49\/100 psn|[from] psn\n|upkeep\n|turn|6\n|c|\u2606ykkhalil|ye\n|\n|t:|1700177954\n|move|p2a: Glimmora|Mortal Spin|p1a: Sylveon\n|-damage|p1a: Sylveon|44\/100 psn\n|move|p1a: Sylveon|Calm Mind|p1a: Sylveon\n|-boost|p1a: Sylveon|spa|1\n|-boost|p1a: Sylveon|spd|1\n|\n|-heal|p1a: Sylveon|94\/100 psn|[from] move: Wish|[wisher] Sylveon\n|-heal|p1a: Sylveon|99\/100 psn|[from] item: Leftovers\n|-damage|p1a: Sylveon|88\/100 psn|[from] psn\n|upkeep\n|turn|7\n|\n|t:|1700177973\n|move|p2a: Glimmora|Dazzling Gleam|p1a: Sylveon\n|-damage|p1a: Sylveon|75\/100 psn\n|move|p1a: Sylveon|Psyshock|p2a: Glimmora\n|-supereffective|p2a: Glimmora\n|-damage|p2a: Glimmora|0 fnt\n|faint|p2a: Glimmora\n|\n|-heal|p1a: Sylveon|81\/100 psn|[from] item: Leftovers\n|-damage|p1a: Sylveon|69\/100 psn|[from] psn\n|upkeep\n|c|\u2606ykkhalil|glimmora did good it can rest\n|\n|t:|1700177984\n|switch|p2a: Tyranitar|Tyranitar, F|100\/100\n|-weather|Sandstorm|[from] ability: Sand Stream|[of] p2a: Tyranitar\n|turn|8\n|\n|t:|1700177989\n|move|p2a: Tyranitar|Stone Edge|p1a: Sylveon\n|-supereffective|p1a: Sylveon\n|-damage|p1a: Sylveon|0 fnt\n|faint|p1a: Sylveon\n|\n|-weather|Sandstorm|[upkeep]\n|upkeep\n|\n|t:|1700177998\n|switch|p1a: Sneasler|Sneasler, M|84\/100\n|-damage|p1a: Sneasler|67\/100|[from] Spikes\n|-sideend|p1: Quarters_OU|move: Toxic Spikes|[of] p1a: Sneasler\n|-damage|p1a: Sneasler|61\/100|[from] Stealth Rock\n|turn|9\n|\n|t:|1700178010\n|switch|p2a: Gholdengo|Gholdengo|100\/100\n|-item|p2a: Gholdengo|Air Balloon\n|move|p1a: Sneasler|U-turn|p2a: Gholdengo\n|-resisted|p2a: Gholdengo\n|-damage|p2a: Gholdengo|94\/100\n|-enditem|p2a: Gholdengo|Air Balloon\n|\n|t:|1700178015\n|switch|p1a: Kingambit|Kingambit, M|58\/100|[from] U-turn\n|-damage|p1a: Kingambit|41\/100|[from] Spikes\n|-damage|p1a: Kingambit|35\/100|[from] Stealth Rock\n|-activate|p1a: Kingambit|ability: Supreme Overlord\n|-start|p1a: Kingambit|fallen1|[silent]\n|\n|-weather|Sandstorm|[upkeep]\n|upkeep\n|turn|10\n|c|\u2606ykkhalil|aaaa shoot\n|c|\u2606ykkhalil|sucker games 0-0\n|\n|t:|1700178040\n|switch|p2a: Iron Moth|Iron Moth|100\/100\n|-enditem|p2a: Iron Moth|Booster Energy\n|-activate|p2a: Iron Moth|ability: Quark Drive|[fromitem]\n|-start|p2a: Iron Moth|quarkdrivespe\n|move|p1a: Kingambit|Kowtow Cleave|p2a: Iron Moth\n|-damage|p2a: Iron Moth|7\/100\n|\n|-weather|Sandstorm|[upkeep]\n|-damage|p2a: Iron Moth|1\/100|[from] Sandstorm\n|upkeep\n|turn|11\n|c|\u2606ykkhalil|lol nvm\n|\n|t:|1700178051\n|move|p1a: Kingambit|Sucker Punch|p2a: Iron Moth\n|-crit|p2a: Iron Moth\n|-damage|p2a: Iron Moth|0 fnt\n|faint|p2a: Iron Moth\n|-end|p2a: Iron Moth|Quark Drive|[silent]\n|\n|-weather|Sandstorm|[upkeep]\n|upkeep\n|\n|t:|1700178058\n|switch|p2a: Tyranitar|Tyranitar, F|100\/100\n|turn|12\n|\n|t:|1700178063\n|-end|p1a: Kingambit|fallen1|[silent]\n|switch|p1a: Great Tusk|Great Tusk|100\/100\n|-damage|p1a: Great Tusk|84\/100|[from] Spikes\n|-damage|p1a: Great Tusk|81\/100|[from] Stealth Rock\n|-enditem|p1a: Great Tusk|Booster Energy\n|-activate|p1a: Great Tusk|ability: Protosynthesis|[fromitem]\n|-start|p1a: Great Tusk|protosynthesisatk\n|move|p2a: Tyranitar|Stone Edge|p1a: Great Tusk\n|-resisted|p1a: Great Tusk\n|-damage|p1a: Great Tusk|71\/100\n|\n|-weather|none\n|upkeep\n|turn|13\n|c|\u2606ykkhalil|misclick but ig it worked out lol\n|\n|t:|1700178077\n|-terastallize|p2a: Tyranitar|Ghost\n|move|p1a: Great Tusk|Earthquake|p2a: Tyranitar\n|-damage|p2a: Tyranitar|39\/100\n|move|p2a: Tyranitar|Dragon Dance|p2a: Tyranitar\n|-boost|p2a: Tyranitar|atk|1\n|-boost|p2a: Tyranitar|spe|1\n|\n|upkeep\n|turn|14\n|c|\u2606ykkhalil|damn that did a lot\n|\n|t:|1700178098\n|move|p2a: Tyranitar|Earthquake|p1a: Great Tusk\n|-damage|p1a: Great Tusk|33\/100\n|-heal|p2a: Tyranitar|44\/100|[from] item: Shell Bell|[of] p1a: Great Tusk\n|move|p1a: Great Tusk|Earthquake|p2a: Tyranitar\n|-damage|p2a: Tyranitar|0 fnt\n|faint|p2a: Tyranitar\n|\n|upkeep\n|\n|t:|1700178116\n|switch|p2a: Gholdengo|Gholdengo|94\/100\n|turn|15\n|c|\u2606ykkhalil|g\n|c|\u2606ykkhalil|g\n|c|\u2606ykkhalil|shoulda kept ballon\n|c|\u2606ykkhalil|and tera lol\n|\n|t:|1700178135\n|move|p1a: Great Tusk|Earthquake|p2a: Gholdengo\n|-supereffective|p2a: Gholdengo\n|-damage|p2a: Gholdengo|0 fnt\n|faint|p2a: Gholdengo\n|\n|upkeep\n|\n|t:|1700178147\n|switch|p2a: Kingambit|Kingambit, M|100\/100\n|-activate|p2a: Kingambit|ability: Supreme Overlord\n|-start|p2a: Kingambit|fallen5|[silent]\n|turn|16\n|c|\u2606ykkhalil|a crit saves me tho\n|c|\u2606Quarters_OU|nah\n|\n|t:|1700178170\n|move|p2a: Kingambit|Sucker Punch|p1a: Great Tusk\n|-resisted|p1a: Great Tusk\n|-damage|p1a: Great Tusk|11\/100\n|move|p1a: Great Tusk|Close Combat|p2a: Kingambit\n|-supereffective|p2a: Kingambit\n|-crit|p2a: Kingambit\n|-damage|p2a: Kingambit|0 fnt\n|-unboost|p1a: Great Tusk|def|1\n|-unboost|p1a: Great Tusk|spd|1\n|faint|p2a: Kingambit\n|-end|p2a: Kingambit|fallen5|[silent]\n|\n|win|Quarters_OU\n|raw|Quarters_OU's rating: 1336 &rarr; <strong>1362<\/strong><br \/>(+26 for winning)\n|raw|ykkhalil's rating: 1451 &rarr; <strong>1425<\/strong><br \/>(-26 for losing)\n|c|\u2606ykkhalil|gg\n|c|\u2606Quarters_OU|ggs\n|c|\u2606Quarters_OU|that was a fun match\n|c|\u2606Quarters_OU|and you got some cool techs\n|c|\u2606ykkhalil|tanks\n|c|\u2606ykkhalil|im adding tera flying\n|c|\u2606ykkhalil|on ttar\n|c|\u2606ykkhalil|instead of ghost\n|c|\u2606Quarters_OU|fair\n|c|\u2606ykkhalil|lol gg\n|l|\u2606ykkhalil\n|c|\u2606Quarters_OU|I would just used rockslides\n","uploadtime":1700178196,"views":8,"p1id":"quartersou","p2id":"ykkhalil","formatid":"gen9ou","rating":1362,"private":0,"password":""}