{"id":"gen9ou-1988483804","p1":"AupartPlay","p2":"caragar","format":"[Gen 9] OU","log":"|j|\u2606AupartPlay\n|j|\u2606caragar\n|t:|1699727841\n|gametype|singles\n|player|p1|AupartPlay|ingo|1224\n|player|p2|caragar|2|1139\n|teamsize|p1|6\n|teamsize|p2|6\n|gen|9\n|tier|[Gen 9] OU\n|rated|\n|rule|Sleep Clause Mod: Limit one foe put to sleep\n|rule|Species Clause: Limit one of each Pok\u00e9mon\n|rule|OHKO Clause: OHKO moves are banned\n|rule|Evasion Items Clause: Evasion items are banned\n|rule|Evasion Moves Clause: Evasion moves are banned\n|rule|Endless Battle Clause: Forcing endless battles is banned\n|rule|HP Percentage Mod: HP is shown in percentages\n|clearpoke\n|poke|p1|Enamorus, F|\n|poke|p1|Zamazenta-*|\n|poke|p1|Ceruledge, F|\n|poke|p1|Coalossal, F|\n|poke|p1|Rillaboom, M|\n|poke|p1|Samurott-Hisui, M|\n|poke|p2|Glimmora, F|\n|poke|p2|Ceruledge, M|\n|poke|p2|Dragonite, F|\n|poke|p2|Gliscor, F|\n|poke|p2|Corviknight, F|\n|poke|p2|Gholdengo|\n|teampreview\n|inactive|Battle timer is ON: inactive players will automatically lose when time's up. (requested by caragar)\n|\n|t:|1699727869\n|start\n|switch|p1a: Coalossal|Coalossal, F|100\/100\n|switch|p2a: Gliscor|Gliscor, F|100\/100\n|turn|1\n|\n|t:|1699727881\n|move|p2a: Gliscor|Toxic|p1a: Coalossal\n|-status|p1a: Coalossal|tox\n|move|p1a: Coalossal|Stealth Rock|p2a: Gliscor\n|-sidestart|p2: caragar|move: Stealth Rock\n|\n|-damage|p1a: Coalossal|94\/100 tox|[from] psn\n|-status|p2a: Gliscor|tox|[from] item: Toxic Orb\n|upkeep\n|turn|2\n|\n|t:|1699727892\n|switch|p1a: Zamazenta|Zamazenta|100\/100\n|-ability|p1a: Zamazenta|Dauntless Shield|boost\n|-boost|p1a: Zamazenta|def|1\n|move|p2a: Gliscor|Earthquake|p1a: Zamazenta\n|-damage|p1a: Zamazenta|79\/100\n|\n|-heal|p1a: Zamazenta|85\/100|[from] item: Leftovers\n|upkeep\n|turn|3\n|\n|t:|1699727910\n|move|p1a: Zamazenta|Substitute|p1a: Zamazenta\n|-start|p1a: Zamazenta|Substitute\n|-damage|p1a: Zamazenta|60\/100\n|move|p2a: Gliscor|Toxic||[still]\n|-fail|p2a: Gliscor\n|\n|-heal|p1a: Zamazenta|66\/100|[from] item: Leftovers\n|upkeep\n|turn|4\n|inactive|caragar has 120 seconds left.\n|\n|t:|1699727938\n|switch|p2a: Gholdengo|Gholdengo|100\/100\n|-damage|p2a: Gholdengo|94\/100|[from] Stealth Rock\n|-item|p2a: Gholdengo|Air Balloon\n|move|p1a: Zamazenta|Iron Defense|p1a: Zamazenta\n|-boost|p1a: Zamazenta|def|2\n|\n|-heal|p1a: Zamazenta|72\/100|[from] item: Leftovers\n|upkeep\n|turn|5\n|inactive|caragar has 120 seconds left.\n|\n|t:|1699727956\n|move|p1a: Zamazenta|Heavy Slam|p2a: Gholdengo\n|-resisted|p2a: Gholdengo\n|-crit|p2a: Gholdengo\n|-damage|p2a: Gholdengo|67\/100\n|-enditem|p2a: Gholdengo|Air Balloon\n|move|p2a: Gholdengo|Make It Rain|p1a: Zamazenta\n|-end|p1a: Zamazenta|Substitute\n|-unboost|p2a: Gholdengo|spa|1\n|\n|-heal|p1a: Zamazenta|78\/100|[from] item: Leftovers\n|upkeep\n|turn|6\n|inactive|caragar has 120 seconds left.\n|\n|t:|1699727970\n|switch|p1a: Samurott|Samurott-Hisui, M|100\/100\n|move|p2a: Gholdengo|Make It Rain|p1a: Samurott\n|-resisted|p1a: Samurott\n|-damage|p1a: Samurott|66\/100\n|-unboost|p2a: Gholdengo|spa|1\n|\n|upkeep\n|turn|7\n|inactive|caragar has 120 seconds left.\n|\n|t:|1699727981\n|switch|p2a: Gliscor|Gliscor, F|100\/100 tox\n|-damage|p2a: Gliscor|88\/100 tox|[from] Stealth Rock\n|move|p1a: Samurott|Ceaseless Edge|p2a: Gliscor\n|-damage|p2a: Gliscor|47\/100 tox\n|-sidestart|p2: caragar|Spikes\n|\n|-heal|p2a: Gliscor|59\/100 tox|[from] ability: Poison Heal\n|upkeep\n|turn|8\n|\n|t:|1699727993\n|move|p1a: Samurott|Ceaseless Edge|p2a: Gliscor\n|-damage|p2a: Gliscor|13\/100 tox\n|-sidestart|p2: caragar|Spikes\n|move|p2a: Gliscor|Toxic|p1a: Samurott\n|-status|p1a: Samurott|tox\n|\n|-damage|p1a: Samurott|60\/100 tox|[from] psn\n|-heal|p2a: Gliscor|25\/100 tox|[from] ability: Poison Heal\n|upkeep\n|turn|9\n|\n|t:|1699728006\n|move|p2a: Gliscor|Protect|p2a: Gliscor\n|-singleturn|p2a: Gliscor|Protect\n|move|p1a: Samurott|Ceaseless Edge|p2a: Gliscor\n|-activate|p2a: Gliscor|move: Protect\n|\n|-damage|p1a: Samurott|47\/100 tox|[from] psn\n|-heal|p2a: Gliscor|38\/100 tox|[from] ability: Poison Heal\n|upkeep\n|turn|10\n|inactive|caragar has 120 seconds left.\n|\n|t:|1699728029\n|switch|p2a: Glimmora|Glimmora, F|100\/100\n|-damage|p2a: Glimmora|88\/100|[from] Stealth Rock\n|-damage|p2a: Glimmora|72\/100|[from] Spikes\n|move|p1a: Samurott|Ceaseless Edge|p2a: Glimmora\n|-damage|p2a: Glimmora|29\/100\n|-activate|p2a: Glimmora|ability: Toxic Debris\n|-sidestart|p1: AupartPlay|move: Toxic Spikes\n|-sidestart|p2: caragar|Spikes\n|\n|-damage|p1a: Samurott|29\/100 tox|[from] psn\n|upkeep\n|turn|11\n|inactive|caragar has 120 seconds left.\n|\n|t:|1699728046\n|switch|p1a: Coalossal|Coalossal, F|94\/100 tox\n|move|p2a: Glimmora|Mortal Spin|p1a: Coalossal\n|-resisted|p1a: Coalossal\n|-damage|p1a: Coalossal|92\/100 tox\n|-sideend|p2: caragar|Spikes|[from] move: Mortal Spin|[of] p2a: Glimmora\n|-sideend|p2: caragar|Stealth Rock|[from] move: Mortal Spin|[of] p2a: Glimmora\n|\n|-heal|p1a: Coalossal|98\/100 tox|[from] item: Leftovers\n|-damage|p1a: Coalossal|92\/100 tox|[from] psn\n|upkeep\n|turn|12\n|\n|t:|1699728061\n|switch|p2a: Gliscor|Gliscor, F|38\/100 tox\n|move|p1a: Coalossal|Flamethrower|p2a: Gliscor\n|-damage|p2a: Gliscor|0 fnt\n|faint|p2a: Gliscor\n|\n|-heal|p1a: Coalossal|98\/100 tox|[from] item: Leftovers\n|-damage|p1a: Coalossal|86\/100 tox|[from] psn\n|upkeep\n|\n|t:|1699728070\n|switch|p2a: Dragonite|Dragonite, F|100\/100\n|turn|13\n|\n|t:|1699728075\n|move|p2a: Dragonite|Dragon Dance|p2a: Dragonite\n|-boost|p2a: Dragonite|atk|1\n|-boost|p2a: Dragonite|spe|1\n|move|p1a: Coalossal|Rock Slide|p2a: Dragonite\n|-supereffective|p2a: Dragonite\n|-damage|p2a: Dragonite|78\/100\n|\n|-heal|p1a: Coalossal|92\/100 tox|[from] item: Leftovers\n|-damage|p1a: Coalossal|74\/100 tox|[from] psn\n|upkeep\n|turn|14\n|\n|t:|1699728088\n|move|p2a: Dragonite|Dragon Dance|p2a: Dragonite\n|-boost|p2a: Dragonite|atk|1\n|-boost|p2a: Dragonite|spe|1\n|move|p1a: Coalossal|Rock Slide|p2a: Dragonite\n|-supereffective|p2a: Dragonite\n|-damage|p2a: Dragonite|31\/100\n|\n|-heal|p1a: Coalossal|80\/100 tox|[from] item: Leftovers\n|-damage|p1a: Coalossal|55\/100 tox|[from] psn\n|upkeep\n|turn|15\n|inactive|caragar has 120 seconds left.\n|\n|t:|1699728101\n|switch|p1a: Zamazenta|Zamazenta|78\/100\n|-status|p1a: Zamazenta|psn\n|move|p2a: Dragonite|Earthquake|p1a: Zamazenta\n|-damage|p1a: Zamazenta|27\/100 psn\n|\n|-heal|p1a: Zamazenta|33\/100 psn|[from] item: Leftovers\n|-damage|p1a: Zamazenta|21\/100 psn|[from] psn\n|upkeep\n|turn|16\n|inactive|caragar has 120 seconds left.\n|\n|t:|1699728112\n|move|p2a: Dragonite|Extreme Speed|p1a: Zamazenta\n|-damage|p1a: Zamazenta|0 fnt\n|faint|p1a: Zamazenta\n|\n|upkeep\n|\n|t:|1699728126\n|switch|p1a: Samurott|Samurott-Hisui, M|29\/100 tox\n|turn|17\n|\n|t:|1699728132\n|move|p2a: Dragonite|Extreme Speed|p1a: Samurott\n|-damage|p1a: Samurott|0 fnt\n|faint|p1a: Samurott\n|\n|upkeep\n|\n|t:|1699728140\n|switch|p1a: Rillaboom|Rillaboom, M|100\/100\n|-status|p1a: Rillaboom|psn\n|-fieldstart|move: Grassy Terrain|[from] ability: Grassy Surge|[of] p1a: Rillaboom\n|turn|18\n|\n|t:|1699728148\n|move|p1a: Rillaboom|Grassy Glide|p2a: Dragonite\n|-resisted|p2a: Dragonite\n|-damage|p2a: Dragonite|24\/100\n|move|p2a: Dragonite|Outrage|p1a: Rillaboom\n|-damage|p1a: Rillaboom|13\/100 psn\n|\n|-heal|p1a: Rillaboom|19\/100 psn|[from] Grassy Terrain\n|-heal|p1a: Rillaboom|25\/100 psn|[from] item: Leftovers\n|-damage|p1a: Rillaboom|13\/100 psn|[from] psn\n|upkeep\n|turn|19\n|\n|t:|1699728162\n|switch|p1a: Enamorus|Enamorus, F|100\/100\n|move|p2a: Dragonite|Outrage|p1a: Enamorus|[from]lockedmove\n|-immune|p1a: Enamorus\n|-start|p2a: Dragonite|confusion|[fatigue]\n|\n|upkeep\n|turn|20\n|\n|t:|1699728181\n|switch|p2a: Ceruledge|Ceruledge, M|100\/100\n|move|p1a: Enamorus|Moonblast|p2a: Ceruledge\n|-resisted|p2a: Ceruledge\n|-damage|p2a: Ceruledge|61\/100\n|-damage|p1a: Enamorus|91\/100|[from] item: Life Orb\n|\n|-heal|p2a: Ceruledge|68\/100|[from] Grassy Terrain\n|upkeep\n|turn|21\n|\n|t:|1699728195\n|move|p1a: Enamorus|Earth Power|p2a: Ceruledge\n|-supereffective|p2a: Ceruledge\n|-damage|p2a: Ceruledge|0 fnt\n|faint|p2a: Ceruledge\n|-damage|p1a: Enamorus|81\/100|[from] item: Life Orb\n|\n|upkeep\n|\n|t:|1699728203\n|switch|p2a: Gholdengo|Gholdengo|67\/100\n|turn|22\n|inactive|AupartPlay has 120 seconds left.\n|\n|t:|1699728234\n|switch|p1a: Coalossal|Coalossal, F|55\/100 tox\n|move|p2a: Gholdengo|Make It Rain|p1a: Coalossal\n|-damage|p1a: Coalossal|14\/100 tox\n|-unboost|p2a: Gholdengo|spa|1\n|\n|-heal|p2a: Gholdengo|73\/100|[from] Grassy Terrain\n|-heal|p1a: Coalossal|20\/100 tox|[from] Grassy Terrain\n|-heal|p1a: Coalossal|26\/100 tox|[from] item: Leftovers\n|-damage|p1a: Coalossal|20\/100 tox|[from] psn\n|-fieldend|move: Grassy Terrain\n|upkeep\n|turn|23\n|inactive|AupartPlay has 120 seconds left.\n|\n|t:|1699728249\n|switch|p2a: Corviknight|Corviknight, F|100\/100\n|-ability|p2a: Corviknight|Pressure\n|move|p1a: Coalossal|Flamethrower|p2a: Corviknight\n|-supereffective|p2a: Corviknight\n|-damage|p2a: Corviknight|52\/100\n|\n|-heal|p2a: Corviknight|58\/100|[from] item: Leftovers\n|-heal|p1a: Coalossal|26\/100 tox|[from] item: Leftovers\n|-damage|p1a: Coalossal|14\/100 tox|[from] psn\n|upkeep\n|turn|24\n|inactive|AupartPlay has 120 seconds left.\n|\n|t:|1699728262\n|move|p2a: Corviknight|Roost|p2a: Corviknight\n|-heal|p2a: Corviknight|100\/100\n|-singleturn|p2a: Corviknight|move: Roost\n|move|p1a: Coalossal|Rapid Spin|p2a: Corviknight\n|-resisted|p2a: Corviknight\n|-damage|p2a: Corviknight|97\/100\n|-boost|p1a: Coalossal|spe|1\n|-sideend|p1: AupartPlay|Toxic Spikes|[from] move: Rapid Spin|[of] p1a: Coalossal\n|\n|-heal|p2a: Corviknight|100\/100|[from] item: Leftovers\n|-heal|p1a: Coalossal|20\/100 tox|[from] item: Leftovers\n|-damage|p1a: Coalossal|2\/100 tox|[from] psn\n|upkeep\n|turn|25\n|inactive|AupartPlay has 120 seconds left.\n|\n|t:|1699728281\n|move|p2a: Corviknight|Body Press|p1a: Coalossal\n|-supereffective|p1a: Coalossal\n|-damage|p1a: Coalossal|0 fnt\n|faint|p1a: Coalossal\n|\n|upkeep\n|\n|t:|1699728287\n|switch|p1a: Ceruledge|Ceruledge, F|100\/100\n|turn|26\n|inactive|AupartPlay has 120 seconds left.\n|\n|t:|1699728293\n|switch|p2a: Glimmora|Glimmora, F|29\/100\n|move|p1a: Ceruledge|Poltergeist|p2a: Glimmora\n|-activate|p2a: Glimmora|move: Poltergeist|Focus Sash\n|-damage|p2a: Glimmora|0 fnt\n|-activate|p2a: Glimmora|ability: Toxic Debris\n|-sidestart|p1: AupartPlay|move: Toxic Spikes\n|faint|p2a: Glimmora\n|\n|upkeep\n|\n|t:|1699728305\n|switch|p2a: Dragonite|Dragonite, F|24\/100\n|turn|27\n|\n|t:|1699728310\n|move|p1a: Ceruledge|Poltergeist|p2a: Dragonite\n|-activate|p2a: Dragonite|move: Poltergeist|Heavy-Duty Boots\n|-damage|p2a: Dragonite|0 fnt\n|faint|p2a: Dragonite\n|\n|upkeep\n|\n|t:|1699728317\n|switch|p2a: Corviknight|Corviknight, F|100\/100\n|-ability|p2a: Corviknight|Pressure\n|turn|28\n|\n|t:|1699728326\n|move|p1a: Ceruledge|Poltergeist|p2a: Corviknight\n|-activate|p2a: Corviknight|move: Poltergeist|Leftovers\n|-damage|p2a: Corviknight|43\/100\n|move|p2a: Corviknight|Bulk Up|p2a: Corviknight\n|-boost|p2a: Corviknight|atk|1\n|-boost|p2a: Corviknight|def|1\n|\n|-heal|p2a: Corviknight|50\/100|[from] item: Leftovers\n|upkeep\n|turn|29\n|\n|t:|1699728340\n|-terastallize|p1a: Ceruledge|Ghost\n|move|p1a: Ceruledge|Poltergeist|p2a: Corviknight|[miss]\n|-miss|p1a: Ceruledge|p2a: Corviknight\n|move|p2a: Corviknight|Roost|p2a: Corviknight\n|-heal|p2a: Corviknight|99\/100\n|-singleturn|p2a: Corviknight|move: Roost\n|\n|-heal|p2a: Corviknight|100\/100|[from] item: Leftovers\n|upkeep\n|turn|30\n|\n|t:|1699728353\n|switch|p1a: Rillaboom|Rillaboom, M|13\/100 psn\n|-fieldstart|move: Grassy Terrain|[from] ability: Grassy Surge|[of] p1a: Rillaboom\n|move|p2a: Corviknight|Bulk Up|p2a: Corviknight\n|-boost|p2a: Corviknight|atk|1\n|-boost|p2a: Corviknight|def|1\n|\n|-heal|p1a: Rillaboom|19\/100 psn|[from] Grassy Terrain\n|-heal|p1a: Rillaboom|25\/100 psn|[from] item: Leftovers\n|-damage|p1a: Rillaboom|13\/100 psn|[from] psn\n|upkeep\n|turn|31\n|\n|t:|1699728365\n|move|p1a: Rillaboom|Leech Seed|p2a: Corviknight\n|-start|p2a: Corviknight|move: Leech Seed\n|move|p2a: Corviknight|Bulk Up|p2a: Corviknight\n|-boost|p2a: Corviknight|atk|1\n|-boost|p2a: Corviknight|def|1\n|\n|-heal|p1a: Rillaboom|19\/100 psn|[from] Grassy Terrain\n|-heal|p1a: Rillaboom|25\/100 psn|[from] item: Leftovers\n|-damage|p2a: Corviknight|88\/100|[from] Leech Seed|[of] p1a: Rillaboom\n|-heal|p1a: Rillaboom|37\/100 psn|[silent]\n|-damage|p1a: Rillaboom|25\/100 psn|[from] psn\n|upkeep\n|turn|32\n|\n|t:|1699728381\n|switch|p1a: Enamorus|Enamorus, F|81\/100\n|move|p2a: Corviknight|Body Press|p1a: Enamorus\n|-resisted|p1a: Enamorus\n|-damage|p1a: Enamorus|54\/100\n|\n|-heal|p2a: Corviknight|94\/100|[from] item: Leftovers\n|-damage|p2a: Corviknight|82\/100|[from] Leech Seed|[of] p1a: Enamorus\n|-heal|p1a: Enamorus|72\/100|[silent]\n|upkeep\n|turn|33\n|\n|t:|1699728402\n|move|p1a: Enamorus|Taunt|p2a: Corviknight\n|-start|p2a: Corviknight|move: Taunt\n|move|p2a: Corviknight|Body Press|p1a: Enamorus\n|-resisted|p1a: Enamorus\n|-damage|p1a: Enamorus|48\/100\n|\n|-heal|p2a: Corviknight|88\/100|[from] item: Leftovers\n|-damage|p2a: Corviknight|75\/100|[from] Leech Seed|[of] p1a: Enamorus\n|-heal|p1a: Enamorus|65\/100|[silent]\n|upkeep\n|turn|34\n|\n|t:|1699728413\n|move|p1a: Enamorus|Superpower|p2a: Corviknight\n|-damage|p2a: Corviknight|66\/100\n|-boost|p1a: Enamorus|atk|1\n|-boost|p1a: Enamorus|def|1\n|-damage|p1a: Enamorus|55\/100|[from] item: Life Orb\n|move|p2a: Corviknight|Body Press|p1a: Enamorus\n|-resisted|p1a: Enamorus\n|-damage|p1a: Enamorus|36\/100\n|\n|-heal|p2a: Corviknight|72\/100|[from] item: Leftovers\n|-damage|p2a: Corviknight|59\/100|[from] Leech Seed|[of] p1a: Enamorus\n|-heal|p1a: Enamorus|54\/100|[silent]\n|-fieldend|move: Grassy Terrain\n|upkeep\n|turn|35\n|\n|t:|1699728427\n|move|p1a: Enamorus|Superpower|p2a: Corviknight\n|-damage|p2a: Corviknight|44\/100\n|-boost|p1a: Enamorus|atk|1\n|-boost|p1a: Enamorus|def|1\n|-damage|p1a: Enamorus|44\/100|[from] item: Life Orb\n|move|p2a: Corviknight|Body Press|p1a: Enamorus\n|-resisted|p1a: Enamorus\n|-damage|p1a: Enamorus|31\/100\n|\n|-heal|p2a: Corviknight|51\/100|[from] item: Leftovers\n|-damage|p2a: Corviknight|38\/100|[from] Leech Seed|[of] p1a: Enamorus\n|-heal|p1a: Enamorus|49\/100|[silent]\n|-end|p2a: Corviknight|move: Taunt\n|upkeep\n|turn|36\n|\n|t:|1699728443\n|move|p1a: Enamorus|Taunt|p2a: Corviknight\n|-start|p2a: Corviknight|move: Taunt\n|cant|p2a: Corviknight|move: Taunt|Roost\n|\n|-heal|p2a: Corviknight|44\/100|[from] item: Leftovers\n|-damage|p2a: Corviknight|32\/100|[from] Leech Seed|[of] p1a: Enamorus\n|-heal|p1a: Enamorus|66\/100|[silent]\n|upkeep\n|turn|37\n|\n|t:|1699728451\n|move|p1a: Enamorus|Superpower|p2a: Corviknight\n|-damage|p2a: Corviknight|10\/100\n|-boost|p1a: Enamorus|atk|1\n|-boost|p1a: Enamorus|def|1\n|-damage|p1a: Enamorus|56\/100|[from] item: Life Orb\n|move|p2a: Corviknight|U-turn|p1a: Enamorus\n|-resisted|p1a: Enamorus\n|-damage|p1a: Enamorus|50\/100\n|\n|t:|1699728460\n|switch|p2a: Gholdengo|Gholdengo|73\/100|[from] U-turn\n|\n|upkeep\n|turn|38\n|\n|t:|1699728474\n|-terastallize|p2a: Gholdengo|Ghost\n|move|p1a: Enamorus|Earth Power|p2a: Gholdengo\n|-damage|p2a: Gholdengo|22\/100\n|-unboost|p2a: Gholdengo|spd|1\n|-damage|p1a: Enamorus|40\/100|[from] item: Life Orb\n|move|p2a: Gholdengo|Nasty Plot|p2a: Gholdengo\n|-boost|p2a: Gholdengo|spa|2\n|\n|upkeep\n|turn|39\n|c|\u2606caragar|gg\n|\n|t:|1699728487\n|move|p1a: Enamorus|Moonblast|p2a: Gholdengo\n|-damage|p2a: Gholdengo|0 fnt\n|faint|p2a: Gholdengo\n|-damage|p1a: Enamorus|30\/100|[from] item: Life Orb\n|\n|upkeep\n|\n|t:|1699728492\n|switch|p2a: Corviknight|Corviknight, F|10\/100\n|-ability|p2a: Corviknight|Pressure\n|turn|40\n|\n|t:|1699728498\n|move|p1a: Enamorus|Superpower|p2a: Corviknight\n|-damage|p2a: Corviknight|0 fnt\n|-boost|p1a: Enamorus|atk|1\n|-boost|p1a: Enamorus|def|1\n|faint|p2a: Corviknight\n|-damage|p1a: Enamorus|21\/100|[from] item: Life Orb\n|\n|win|AupartPlay\n|raw|AupartPlay's rating: 1224 &rarr; <strong>1243<\/strong><br \/>(+19 for winning)\n|raw|caragar's rating: 1139 &rarr; <strong>1120<\/strong><br \/>(-19 for losing)\n|l|\u2606caragar\n","uploadtime":1699728515,"views":23,"p1id":"aupartplay","p2id":"caragar","formatid":"gen9ou","rating":1120,"private":0,"password":""}