{"id":"gen9ou-1995437284","p1":"SushiGengu","p2":"jzhuc1841","format":"[Gen 9] OU","log":"|j|\u2606SushiGengu\n|j|\u2606jzhuc1841\n|t:|1700570674\n|gametype|singles\n|player|p1|SushiGengu|whitney|1550\n|player|p2|jzhuc1841|hilbert-wonderlauncher|1605\n|teamsize|p1|6\n|teamsize|p2|6\n|gen|9\n|tier|[Gen 9] OU\n|rated|\n|rule|Sleep Clause Mod: Limit one foe put to sleep\n|rule|Species Clause: Limit one of each Pok\u00e9mon\n|rule|OHKO Clause: OHKO moves are banned\n|rule|Evasion Items Clause: Evasion items are banned\n|rule|Evasion Moves Clause: Evasion moves are banned\n|rule|Endless Battle Clause: Forcing endless battles is banned\n|rule|HP Percentage Mod: HP is shown in percentages\n|clearpoke\n|poke|p1|Maushold|\n|poke|p1|Milotic, F|\n|poke|p1|Dragonite, F|\n|poke|p1|Great Tusk|\n|poke|p1|Weavile, F|\n|poke|p1|Iron Valiant|\n|poke|p2|Ogerpon-Wellspring, F|\n|poke|p2|Kingambit, F|\n|poke|p2|Iron Moth|\n|poke|p2|Iron Valiant|\n|poke|p2|Zamazenta-*|\n|poke|p2|Glimmora, M|\n|teampreview\n|\n|t:|1700570685\n|start\n|switch|p1a: Milotic|Milotic, F|100\/100\n|switch|p2a: Glimmora|Glimmora, M|100\/100\n|-item|p2a: Glimmora|Air Balloon\n|turn|1\n|j| AntiDinkus\n|inactive|Battle timer is ON: inactive players will automatically lose when time's up. (requested by SushiGengu)\n|\n|t:|1700570690\n|move|p2a: Glimmora|Mortal Spin|p1a: Milotic\n|-damage|p1a: Milotic|95\/100\n|-status|p1a: Milotic|psn\n|move|p1a: Milotic|Flip Turn|p2a: Glimmora\n|-supereffective|p2a: Glimmora\n|-damage|p2a: Glimmora|72\/100\n|-activate|p2a: Glimmora|ability: Toxic Debris\n|-sidestart|p1: SushiGengu|move: Toxic Spikes\n|-enditem|p2a: Glimmora|Air Balloon\n|\n|t:|1700570696\n|switch|p1a: Great Tusk|Great Tusk|100\/100|[from] Flip Turn\n|-status|p1a: Great Tusk|psn\n|-enditem|p1a: Great Tusk|Booster Energy\n|-activate|p1a: Great Tusk|ability: Protosynthesis|[fromitem]\n|-start|p1a: Great Tusk|protosynthesisspe\n|\n|-damage|p1a: Great Tusk|88\/100 psn|[from] psn\n|upkeep\n|turn|2\n|\n|t:|1700570705\n|move|p1a: Great Tusk|Headlong Rush|p2a: Glimmora\n|-supereffective|p2a: Glimmora\n|-damage|p2a: Glimmora|0 fnt\n|-unboost|p1a: Great Tusk|def|1\n|-unboost|p1a: Great Tusk|spd|1\n|-activate|p2a: Glimmora|ability: Toxic Debris\n|-sidestart|p1: SushiGengu|move: Toxic Spikes\n|faint|p2a: Glimmora\n|\n|-damage|p1a: Great Tusk|76\/100 psn|[from] psn\n|upkeep\n|\n|t:|1700570710\n|switch|p2a: Iron Moth|Iron Moth|100\/100\n|-enditem|p2a: Iron Moth|Booster Energy\n|-activate|p2a: Iron Moth|ability: Quark Drive|[fromitem]\n|-start|p2a: Iron Moth|quarkdrivespe\n|turn|3\n|\n|t:|1700570716\n|-end|p1a: Great Tusk|Protosynthesis|[silent]\n|switch|p1a: Milotic|Milotic, F|95\/100 psn\n|move|p2a: Iron Moth|Fiery Dance|p1a: Milotic\n|-resisted|p1a: Milotic\n|-damage|p1a: Milotic|84\/100 psn\n|-boost|p2a: Iron Moth|spa|1\n|\n|-heal|p1a: Milotic|90\/100 psn|[from] item: Leftovers\n|-damage|p1a: Milotic|77\/100 psn|[from] psn\n|upkeep\n|turn|4\n|\n|t:|1700570725\n|-terastallize|p2a: Iron Moth|Grass\n|move|p2a: Iron Moth|Energy Ball|p1a: Milotic\n|-supereffective|p1a: Milotic\n|-damage|p1a: Milotic|0 fnt\n|faint|p1a: Milotic\n|\n|upkeep\n|\n|t:|1700570754\n|switch|p1a: Dragonite|Dragonite, F|100\/100\n|turn|5\n|\n|t:|1700570759\n|-terastallize|p1a: Dragonite|Normal\n|move|p1a: Dragonite|Extreme Speed|p2a: Iron Moth\n|-damage|p2a: Iron Moth|1\/100\n|move|p2a: Iron Moth|Sludge Wave|p1a: Dragonite\n|-crit|p1a: Dragonite\n|-damage|p1a: Dragonite|46\/100\n|\n|upkeep\n|turn|6\n|\n|t:|1700570768\n|move|p1a: Dragonite|Extreme Speed|p2a: Iron Moth\n|-damage|p2a: Iron Moth|0 fnt\n|faint|p2a: Iron Moth\n|-end|p2a: Iron Moth|Quark Drive|[silent]\n|\n|upkeep\n|\n|t:|1700570770\n|switch|p2a: Zamazenta|Zamazenta|100\/100\n|-ability|p2a: Zamazenta|Dauntless Shield|boost\n|-boost|p2a: Zamazenta|def|1\n|turn|7\n|\n|t:|1700570775\n|switch|p1a: Great Tusk|Great Tusk|76\/100 psn\n|move|p2a: Zamazenta|Body Press|p1a: Great Tusk\n|-damage|p1a: Great Tusk|39\/100 psn\n|\n|-damage|p1a: Great Tusk|27\/100 psn|[from] psn\n|upkeep\n|turn|8\n|\n|t:|1700570782\n|move|p2a: Zamazenta|Body Press|p1a: Great Tusk\n|-damage|p1a: Great Tusk|0 fnt\n|faint|p1a: Great Tusk\n|-end|p1a: Great Tusk|Protosynthesis|[silent]\n|\n|upkeep\n|\n|t:|1700570793\n|switch|p1a: Iron Valiant|Iron Valiant|100\/100\n|-status|p1a: Iron Valiant|tox\n|-enditem|p1a: Iron Valiant|Booster Energy\n|-activate|p1a: Iron Valiant|ability: Quark Drive|[fromitem]\n|-start|p1a: Iron Valiant|quarkdrivespe\n|turn|9\n|\n|t:|1700570801\n|move|p1a: Iron Valiant|Encore|p2a: Zamazenta\n|-start|p2a: Zamazenta|Encore\n|move|p2a: Zamazenta|Body Press|p1a: Iron Valiant\n|-resisted|p1a: Iron Valiant\n|-damage|p1a: Iron Valiant|57\/100 tox\n|\n|-damage|p1a: Iron Valiant|51\/100 tox|[from] psn\n|upkeep\n|turn|10\n|\n|t:|1700570808\n|move|p1a: Iron Valiant|Swords Dance|p1a: Iron Valiant\n|-boost|p1a: Iron Valiant|atk|2\n|move|p2a: Zamazenta|Body Press|p1a: Iron Valiant\n|-resisted|p1a: Iron Valiant\n|-damage|p1a: Iron Valiant|11\/100 tox\n|\n|-damage|p1a: Iron Valiant|0 fnt|[from] psn\n|faint|p1a: Iron Valiant\n|-end|p1a: Iron Valiant|Quark Drive|[silent]\n|upkeep\n|\n|t:|1700570812\n|switch|p1a: Weavile|Weavile, F|100\/100\n|-status|p1a: Weavile|tox\n|-ability|p1a: Weavile|Pressure\n|turn|11\n|\n|t:|1700570818\n|move|p1a: Weavile|Icicle Crash|p2a: Zamazenta\n|-damage|p2a: Zamazenta|70\/100\n|cant|p2a: Zamazenta|flinch\n|\n|-heal|p2a: Zamazenta|76\/100|[from] item: Leftovers\n|-damage|p1a: Weavile|94\/100 tox|[from] psn\n|-end|p2a: Zamazenta|Encore\n|upkeep\n|turn|12\n|\n|t:|1700570823\n|move|p1a: Weavile|Icicle Crash|p2a: Zamazenta\n|-damage|p2a: Zamazenta|45\/100\n|move|p2a: Zamazenta|Body Press|p1a: Weavile\n|-supereffective|p1a: Weavile\n|-damage|p1a: Weavile|0 fnt\n|faint|p1a: Weavile\n|\n|-heal|p2a: Zamazenta|52\/100|[from] item: Leftovers\n|upkeep\n|\n|t:|1700570829\n|switch|p1a: Maushold|Maushold|100\/100\n|-status|p1a: Maushold|tox\n|turn|13\n|\n|t:|1700570834\n|move|p2a: Zamazenta|Body Press|p1a: Maushold\n|-supereffective|p1a: Maushold\n|-damage|p1a: Maushold|0 fnt\n|faint|p1a: Maushold\n|\n|-heal|p2a: Zamazenta|58\/100|[from] item: Leftovers\n|upkeep\n|-message|SushiGengu forfeited.\n|\n|win|jzhuc1841\n|raw|SushiGengu's rating: 1550 &rarr; <strong>1533<\/strong><br \/>(-17 for losing)\n|raw|jzhuc1841's rating: 1605 &rarr; <strong>1622<\/strong><br \/>(+17 for winning)\n|l|\u2606SushiGengu\n|c|\u2606jzhuc1841|gg\n","uploadtime":1700570891,"views":3,"p1id":"sushigengu","p2id":"jzhuc1841","formatid":"gen9ou","rating":1533,"private":0,"password":""}