{"id":"gen9ou-1989852287","p1":"Flygontologist","p2":"eqwyfq","format":"[Gen 9] OU","log":"|j|\u2606Flygontologist\n|j|\u2606eqwyfq\n|t:|1699901103\n|gametype|singles\n|player|p1|Flygontologist|teammagmagruntm-gen3|1125\n|player|p2|eqwyfq|2|1051\n|teamsize|p1|6\n|teamsize|p2|6\n|gen|9\n|tier|[Gen 9] OU\n|rated|\n|rule|Sleep Clause Mod: Limit one foe put to sleep\n|rule|Species Clause: Limit one of each Pok\u00e9mon\n|rule|OHKO Clause: OHKO moves are banned\n|rule|Evasion Items Clause: Evasion items are banned\n|rule|Evasion Moves Clause: Evasion moves are banned\n|rule|Endless Battle Clause: Forcing endless battles is banned\n|rule|HP Percentage Mod: HP is shown in percentages\n|clearpoke\n|poke|p1|Moltres|\n|poke|p1|Regidrago|\n|poke|p1|Magneton|\n|poke|p1|Clefable, M|\n|poke|p1|Drednaw, M|\n|poke|p1|Glimmora, F|\n|poke|p2|Landorus-Therian, M|\n|poke|p2|Arcanine-Hisui, F|\n|poke|p2|Corviknight, M|\n|poke|p2|Ogerpon-Wellspring, F|\n|poke|p2|Thundurus-Therian, M|\n|poke|p2|Garchomp, M|\n|teampreview\n|inactive|Battle timer is ON: inactive players will automatically lose when time's up. (requested by eqwyfq)\n|\n|t:|1699901107\n|start\n|switch|p1a: -ACK!|Clefable, M|100\/100\n|switch|p2a: Garchomp|Garchomp, M|100\/100\n|turn|1\n|\n|t:|1699901124\n|switch|p2a: Ogerpon|Ogerpon-Wellspring, F|100\/100\n|move|p1a: -ACK!|Trick||[still]\n|-fail|p1a: -ACK!\n|\n|upkeep\n|turn|2\n|\n|t:|1699901135\n|switch|p1a: draco o' clock|Regidrago|100\/100\n|move|p2a: Ogerpon|Swords Dance|p2a: Ogerpon\n|-boost|p2a: Ogerpon|atk|2\n|\n|upkeep\n|turn|3\n|\n|t:|1699901148\n|-terastallize|p2a: Ogerpon|Water\n|detailschange|p2a: Ogerpon|Ogerpon-Wellspring-Tera, F, tera:Water\n|-ability|p2a: Ogerpon|Embody Aspect (Wellspring)|boost\n|-boost|p2a: Ogerpon|spd|1\n|move|p2a: Ogerpon|Ivy Cudgel|p1a: draco o' clock\n|-resisted|p1a: draco o' clock\n|-damage|p1a: draco o' clock|10\/100\n|move|p1a: draco o' clock|Outrage|p2a: Ogerpon\n|-damage|p2a: Ogerpon|0 fnt\n|faint|p2a: Ogerpon\n|\n|upkeep\n|c|\u2606Flygontologist|fuck outta here\n|\n|t:|1699901169\n|switch|p2a: Thundurus|Thundurus-Therian, M|100\/100\n|turn|4\n|c|\u2606Flygontologist|get that lame ass op mon outta here\n|c|\u2606Flygontologist|don't even care if regi dies\n|\n|t:|1699901181\n|move|p2a: Thundurus|Thunderbolt|p1a: draco o' clock\n|-resisted|p1a: draco o' clock\n|-damage|p1a: draco o' clock|0 fnt\n|faint|p1a: draco o' clock\n|\n|upkeep\n|n|\u2606eqwyfq|eqwyfq\n|\n|t:|1699901192\n|switch|p1a: don't taze me bro|Magneton|100\/100\n|turn|5\n|\n|t:|1699901197\n|move|p2a: Thundurus|Volt Switch|p1a: don't taze me bro\n|-resisted|p1a: don't taze me bro\n|-damage|p1a: don't taze me bro|83\/100\n|\n|t:|1699901199\n|switch|p2a: Landorus|Landorus-Therian, M|100\/100|[from] Volt Switch\n|-ability|p2a: Landorus|Intimidate|boost\n|-unboost|p1a: don't taze me bro|atk|1\n|move|p1a: don't taze me bro|Flash Cannon|p2a: Landorus\n|-damage|p2a: Landorus|57\/100\n|\n|-heal|p2a: Landorus|63\/100|[from] item: Leftovers\n|upkeep\n|turn|6\n|\n|t:|1699901208\n|switch|p1a: pro-pain|Moltres|100\/100\n|move|p2a: Landorus|Stealth Rock|p1a: pro-pain\n|-sidestart|p1: Flygontologist|move: Stealth Rock\n|\n|-heal|p2a: Landorus|69\/100|[from] item: Leftovers\n|upkeep\n|turn|7\n|\n|t:|1699901215\n|switch|p2a: Thundurus|Thundurus-Therian, M|100\/100\n|move|p1a: pro-pain|Air Slash|p2a: Thundurus\n|-resisted|p2a: Thundurus\n|-damage|p2a: Thundurus|79\/100\n|\n|upkeep\n|turn|8\n|\n|t:|1699901223\n|-terastallize|p1a: pro-pain|Fairy\n|move|p2a: Thundurus|Thunderbolt|p1a: pro-pain\n|-damage|p1a: pro-pain|44\/100\n|-status|p1a: pro-pain|par\n|cant|p1a: pro-pain|par\n|\n|upkeep\n|turn|9\n|\n|t:|1699901232\n|move|p2a: Thundurus|Thunderbolt|p1a: pro-pain\n|-damage|p1a: pro-pain|0 fnt\n|faint|p1a: pro-pain\n|\n|upkeep\n|\n|t:|1699901236\n|switch|p1a: -ACK!|Clefable, M|100\/100\n|turn|10\n|\n|t:|1699901251\n|switch|p2a: Arcanine|Arcanine-Hisui, F|100\/100\n|move|p1a: -ACK!|Trick|p2a: Arcanine\n|-activate|p1a: -ACK!|move: Trick|[of] p2a: Arcanine\n|-item|p2a: Arcanine|Choice Scarf|[from] move: Trick\n|-item|p1a: -ACK!|Choice Scarf|[from] move: Trick\n|\n|upkeep\n|turn|11\n|\n|t:|1699901270\n|switch|p1a: buttplug of doom|Glimmora, F|100\/100\n|-damage|p1a: buttplug of doom|88\/100|[from] Stealth Rock\n|move|p2a: Arcanine|Head Smash|p1a: buttplug of doom\n|-damage|p1a: buttplug of doom|10\/100\n|-activate|p1a: buttplug of doom|ability: Toxic Debris\n|-sidestart|p2: eqwyfq|move: Toxic Spikes\n|\n|upkeep\n|turn|12\n|\n|t:|1699901279\n|move|p2a: Arcanine|Head Smash|p1a: buttplug of doom\n|-damage|p1a: buttplug of doom|0 fnt\n|-activate|p1a: buttplug of doom|ability: Toxic Debris\n|-sidestart|p2: eqwyfq|move: Toxic Spikes\n|faint|p1a: buttplug of doom\n|\n|upkeep\n|\n|t:|1699901286\n|switch|p1a: kung fu grip|Drednaw, M|100\/100\n|-damage|p1a: kung fu grip|88\/100|[from] Stealth Rock\n|turn|13\n|\n|t:|1699901291\n|move|p2a: Arcanine|Head Smash|p1a: kung fu grip|[miss]\n|-miss|p2a: Arcanine|p1a: kung fu grip\n|move|p1a: kung fu grip|Jaw Lock|p2a: Arcanine\n|-damage|p2a: Arcanine|72\/100\n|-activate|p1a: kung fu grip|trapped\n|-activate|p2a: Arcanine|trapped\n|\n|-heal|p1a: kung fu grip|94\/100|[from] item: Leftovers\n|upkeep\n|turn|14\n|\n|t:|1699901298\n|move|p2a: Arcanine|Head Smash|p1a: kung fu grip\n|-damage|p1a: kung fu grip|43\/100\n|move|p1a: kung fu grip|Iron Defense|p1a: kung fu grip\n|-boost|p1a: kung fu grip|def|2\n|\n|-heal|p1a: kung fu grip|49\/100|[from] item: Leftovers\n|upkeep\n|turn|15\n|\n|t:|1699901305\n|move|p2a: Arcanine|Head Smash|p1a: kung fu grip\n|-damage|p1a: kung fu grip|26\/100\n|move|p1a: kung fu grip|Iron Defense|p1a: kung fu grip\n|-boost|p1a: kung fu grip|def|2\n|\n|-heal|p1a: kung fu grip|32\/100|[from] item: Leftovers\n|upkeep\n|turn|16\n|\n|t:|1699901312\n|move|p2a: Arcanine|Head Smash|p1a: kung fu grip\n|-damage|p1a: kung fu grip|16\/100\n|move|p1a: kung fu grip|Body Press|p2a: Arcanine\n|-supereffective|p2a: Arcanine\n|-damage|p2a: Arcanine|0 fnt\n|faint|p2a: Arcanine\n|\n|-heal|p1a: kung fu grip|23\/100|[from] item: Leftovers\n|upkeep\n|\n|t:|1699901316\n|switch|p2a: Thundurus|Thundurus-Therian, M|79\/100\n|turn|17\n|\n|t:|1699901327\n|switch|p1a: -ACK!|Clefable, M|100\/100\n|move|p2a: Thundurus|Thunderbolt|p1a: -ACK!\n|-damage|p1a: -ACK!|52\/100\n|\n|upkeep\n|turn|18\n|\n|t:|1699901339\n|switch|p2a: Landorus|Landorus-Therian, M|69\/100\n|-ability|p2a: Landorus|Intimidate|boost\n|-unboost|p1a: -ACK!|atk|1\n|move|p1a: -ACK!|Trick|p2a: Landorus\n|-activate|p1a: -ACK!|move: Trick|[of] p2a: Landorus\n|-item|p2a: Landorus|Choice Scarf|[from] move: Trick\n|-item|p1a: -ACK!|Leftovers|[from] move: Trick\n|\n|-heal|p1a: -ACK!|58\/100|[from] item: Leftovers\n|upkeep\n|turn|19\n|\n|t:|1699901353\n|move|p2a: Landorus|Earthquake|p1a: -ACK!\n|-damage|p1a: -ACK!|25\/100\n|move|p1a: -ACK!|Moonlight|p1a: -ACK!\n|-heal|p1a: -ACK!|75\/100\n|\n|-heal|p1a: -ACK!|81\/100|[from] item: Leftovers\n|upkeep\n|turn|20\n|\n|t:|1699901361\n|switch|p2a: Corviknight|Corviknight, M|100\/100\n|-ability|p2a: Corviknight|Pressure\n|move|p1a: -ACK!|Calm Mind|p1a: -ACK!\n|-boost|p1a: -ACK!|spa|1\n|-boost|p1a: -ACK!|spd|1\n|\n|-heal|p1a: -ACK!|87\/100|[from] item: Leftovers\n|upkeep\n|turn|21\n|\n|t:|1699901370\n|move|p1a: -ACK!|Metronome|p1a: -ACK!\n|move|p1a: -ACK!|Whirlwind|p2a: Corviknight|[from]move: Metronome\n|drag|p2a: Landorus|Landorus-Therian, M|69\/100\n|-ability|p2a: Landorus|Intimidate|boost\n|-unboost|p1a: -ACK!|atk|1\n|\n|-heal|p1a: -ACK!|93\/100|[from] item: Leftovers\n|upkeep\n|turn|22\n|\n|t:|1699901378\n|move|p2a: Landorus|U-turn|p1a: -ACK!\n|-resisted|p1a: -ACK!\n|-damage|p1a: -ACK!|85\/100\n|\n|t:|1699901382\n|switch|p2a: Thundurus|Thundurus-Therian, M|79\/100|[from] U-turn\n|move|p1a: -ACK!|Metronome|p1a: -ACK!\n|move|p1a: -ACK!|Expanding Force|p2a: Thundurus|[from]move: Metronome\n|-damage|p2a: Thundurus|40\/100\n|\n|-heal|p1a: -ACK!|91\/100|[from] item: Leftovers\n|upkeep\n|turn|23\n|\n|t:|1699901402\n|move|p2a: Thundurus|Thunderbolt|p1a: -ACK!\n|-damage|p1a: -ACK!|60\/100\n|move|p1a: -ACK!|Metronome|p1a: -ACK!\n|move|p1a: -ACK!|Ivy Cudgel|p2a: Thundurus|[from]move: Metronome\n|-resisted|p2a: Thundurus\n|-damage|p2a: Thundurus|34\/100\n|\n|-heal|p1a: -ACK!|66\/100|[from] item: Leftovers\n|upkeep\n|turn|24\n|\n|t:|1699901411\n|move|p2a: Thundurus|Nasty Plot|p2a: Thundurus\n|-boost|p2a: Thundurus|spa|2\n|move|p1a: -ACK!|Moonlight|p1a: -ACK!\n|-heal|p1a: -ACK!|100\/100\n|\n|upkeep\n|turn|25\n|\n|t:|1699901417\n|move|p2a: Thundurus|Thunderbolt|p1a: -ACK!\n|-damage|p1a: -ACK!|36\/100\n|move|p1a: -ACK!|Calm Mind|p1a: -ACK!\n|-boost|p1a: -ACK!|spa|1\n|-boost|p1a: -ACK!|spd|1\n|\n|-heal|p1a: -ACK!|42\/100|[from] item: Leftovers\n|upkeep\n|turn|26\n|\n|t:|1699901424\n|move|p2a: Thundurus|Thunderbolt|p1a: -ACK!\n|-damage|p1a: -ACK!|0 fnt\n|faint|p1a: -ACK!\n|\n|upkeep\n|\n|t:|1699901430\n|switch|p1a: don't taze me bro|Magneton|83\/100\n|-damage|p1a: don't taze me bro|77\/100|[from] Stealth Rock\n|turn|27\n|\n|t:|1699901440\n|move|p2a: Thundurus|Thunderbolt|p1a: don't taze me bro\n|-resisted|p1a: don't taze me bro\n|-damage|p1a: don't taze me bro|25\/100\n|move|p1a: don't taze me bro|Flash Cannon|p2a: Thundurus\n|-resisted|p2a: Thundurus\n|-damage|p2a: Thundurus|0 fnt\n|faint|p2a: Thundurus\n|\n|upkeep\n|\n|t:|1699901443\n|switch|p2a: Garchomp|Garchomp, M|100\/100\n|-status|p2a: Garchomp|tox\n|turn|28\n|\n|t:|1699901453\n|move|p2a: Garchomp|Earthquake|p1a: don't taze me bro\n|-supereffective|p1a: don't taze me bro\n|-crit|p1a: don't taze me bro\n|-damage|p1a: don't taze me bro|0 fnt\n|faint|p1a: don't taze me bro\n|\n|-damage|p2a: Garchomp|94\/100 tox|[from] psn\n|upkeep\n|\n|t:|1699901459\n|switch|p1a: kung fu grip|Drednaw, M|23\/100\n|-damage|p1a: kung fu grip|10\/100|[from] Stealth Rock\n|turn|29\n|c|\u2606eqwyfq|fuck outta here\n|\n|t:|1699901466\n|move|p2a: Garchomp|Earthquake|p1a: kung fu grip\n|-supereffective|p1a: kung fu grip\n|-damage|p1a: kung fu grip|0 fnt\n|faint|p1a: kung fu grip\n|\n|win|eqwyfq\n|raw|Flygontologist's rating: 1125 &rarr; <strong>1095<\/strong><br \/>(-30 for losing)\n|raw|eqwyfq's rating: 1051 &rarr; <strong>1090<\/strong><br \/>(+39 for winning)\n","uploadtime":1699901162,"views":10,"p1id":"flygontologist","p2id":"eqwyfq","formatid":"gen9ou","rating":1090,"private":0,"password":""}