{"id":"gen9ou-1998365580","p1":"DaBrushy","p2":"dwagone","format":"[Gen 9] OU","log":"|j|\u2606DaBrushy\n|j|\u2606dwagone\n|t:|1700934244\n|gametype|singles\n|player|p1|DaBrushy|medium|\n|player|p2|dwagone|2|\n|teamsize|p1|6\n|teamsize|p2|6\n|gen|9\n|tier|[Gen 9] OU\n|rule|Sleep Clause Mod: Limit one foe put to sleep\n|rule|Species Clause: Limit one of each Pok\u00e9mon\n|rule|OHKO Clause: OHKO moves are banned\n|rule|Evasion Items Clause: Evasion items are banned\n|rule|Evasion Moves Clause: Evasion moves are banned\n|rule|Endless Battle Clause: Forcing endless battles is banned\n|rule|HP Percentage Mod: HP is shown in percentages\n|clearpoke\n|poke|p1|Sinistcha-Masterpiece|\n|poke|p1|Gholdengo|\n|poke|p1|Quaquaval, F|\n|poke|p1|Garganacl, M|\n|poke|p1|Garchomp, M|\n|poke|p1|Tornadus-Therian, M|\n|poke|p2|Munkidori, M|\n|poke|p2|Okidogi, M|\n|poke|p2|Great Tusk|\n|poke|p2|Kingambit, M|\n|poke|p2|Landorus-Therian, M|\n|poke|p2|Empoleon, M|\n|teampreview\n|inactive|Battle timer is ON: inactive players will automatically lose when time's up. (requested by dwagone)\n|inactive|DaBrushy has 270 seconds left.\n|inactive|dwagone has 270 seconds left.\n|inactive|DaBrushy has 240 seconds left.\n|\n|t:|1700934309\n|start\n|switch|p1a: gobstop|Garchomp, M|100\/100\n|switch|p2a: Kingambit|Kingambit, M|100\/100\n|turn|1\n|j| Agear63\n|\n|t:|1700934329\n|-terastallize|p2a: Kingambit|Fairy\n|move|p1a: gobstop|Stealth Rock|p2a: Kingambit\n|-sidestart|p2: dwagone|move: Stealth Rock\n|move|p2a: Kingambit|Tera Blast|p1a: gobstop|[anim] Tera Blast Fairy\n|-supereffective|p1a: gobstop\n|-damage|p1a: gobstop|20\/100\n|\n|upkeep\n|turn|2\n|c| Agear63|gl to both <#\n|c| Agear63|<3*\n|c|\u2606dwagone|trust\n|\n|t:|1700934340\n|move|p1a: gobstop|Spikes|p2a: Kingambit\n|-sidestart|p2: dwagone|Spikes\n|move|p2a: Kingambit|Tera Blast|p1a: gobstop|[anim] Tera Blast Fairy\n|-supereffective|p1a: gobstop\n|-damage|p1a: gobstop|0 fnt\n|faint|p1a: gobstop\n|\n|upkeep\n|j| Firemelon66\n|\n|t:|1700934348\n|switch|p1a: bot|Gholdengo|100\/100\n|turn|3\n|c| Firemelon66|brushy i join and u already lost a mon\n|c| Firemelon66|cmon\n|c| Firemelon66|but gl pookie\n|c| Agear63|XD\n|c|\u2606dwagone|but he got the hazards up\n|\n|t:|1700934375\n|switch|p1a: iron val|Quaquaval, F|100\/100\n|-end|p2a: Kingambit|fallenundefined|[silent]\n|switch|p2a: Empoleon|Empoleon, M|100\/100\n|-damage|p2a: Empoleon|94\/100|[from] Stealth Rock\n|-damage|p2a: Empoleon|82\/100|[from] Spikes\n|\n|-heal|p2a: Empoleon|88\/100|[from] item: Leftovers\n|upkeep\n|turn|4\n|c| Firemelon66|love the team tho tbh\n|\n|t:|1700934402\n|move|p1a: iron val|Aqua Step|p2a: Empoleon\n|-resisted|p2a: Empoleon\n|-damage|p2a: Empoleon|65\/100\n|-boost|p1a: iron val|spe|1\n|move|p2a: Empoleon|Yawn|p1a: iron val\n|-start|p1a: iron val|move: Yawn|[of] p2a: Empoleon\n|\n|-heal|p2a: Empoleon|71\/100|[from] item: Leftovers\n|upkeep\n|turn|5\n|inactive|dwagone has 270 seconds left.\n|inactive|dwagone has 240 seconds left.\n|\n|t:|1700934450\n|switch|p1a: naduis|Tornadus-Therian, M|100\/100\n|switch|p2a: Landorus|Landorus-Therian, M|100\/100\n|-damage|p2a: Landorus|88\/100|[from] Stealth Rock\n|-ability|p2a: Landorus|Intimidate|boost\n|-unboost|p1a: naduis|atk|1\n|\n|upkeep\n|turn|6\n|\n|t:|1700934459\n|move|p1a: naduis|Bleakwind Storm|p2a: Landorus\n|-damage|p2a: Landorus|47\/100\n|move|p2a: Landorus|U-turn|p1a: naduis\n|-resisted|p1a: naduis\n|-damage|p1a: naduis|88\/100\n|inactive|dwagone has 240 seconds left.\n|j| ukryd\n|\n|t:|1700934496\n|switch|p2a: Kingambit|Kingambit, M, tera:Fairy|100\/100|[from] U-turn\n|-damage|p2a: Kingambit|88\/100|[from] Stealth Rock\n|-damage|p2a: Kingambit|75\/100|[from] Spikes\n|\n|-heal|p2a: Kingambit|82\/100|[from] item: Leftovers\n|upkeep\n|turn|7\n|\n|t:|1700934508\n|move|p1a: naduis|Bleakwind Storm|p2a: Kingambit|[miss]\n|-miss|p1a: naduis|p2a: Kingambit\n|move|p2a: Kingambit|Kowtow Cleave|p1a: naduis\n|-damage|p1a: naduis|32\/100\n|\n|-heal|p2a: Kingambit|88\/100|[from] item: Leftovers\n|upkeep\n|turn|8\n|inactive|dwagone has 210 seconds left.\n|\n|t:|1700934528\n|switch|p1a: iron val|Quaquaval, F|100\/100\n|move|p2a: Kingambit|Sucker Punch||[still]\n|-fail|p2a: Kingambit\n|\n|-heal|p2a: Kingambit|94\/100|[from] item: Leftovers\n|upkeep\n|turn|9\n|inactive|dwagone has 210 seconds left.\n|inactive|DaBrushy has 270 seconds left.\n|\n|t:|1700934573\n|switch|p1a: naduis|Tornadus-Therian, M|65\/100\n|move|p2a: Kingambit|Kowtow Cleave|p1a: naduis\n|-damage|p1a: naduis|10\/100\n|\n|-heal|p2a: Kingambit|100\/100|[from] item: Leftovers\n|upkeep\n|turn|10\n|inactive|dwagone has 210 seconds left.\n|\n|t:|1700934584\n|move|p1a: naduis|Bleakwind Storm|p2a: Kingambit\n|-damage|p2a: Kingambit|64\/100\n|-unboost|p2a: Kingambit|spe|1\n|move|p2a: Kingambit|Swords Dance|p2a: Kingambit\n|-boost|p2a: Kingambit|atk|2\n|\n|-heal|p2a: Kingambit|70\/100|[from] item: Leftovers\n|upkeep\n|turn|11\n|\n|t:|1700934588\n|move|p2a: Kingambit|Sucker Punch|p1a: naduis\n|-crit|p1a: naduis\n|-damage|p1a: naduis|0 fnt\n|faint|p1a: naduis\n|\n|-heal|p2a: Kingambit|77\/100|[from] item: Leftovers\n|upkeep\n|inactive|DaBrushy has 270 seconds left.\n|\n|t:|1700934599\n|switch|p1a: bot|Gholdengo|100\/100\n|turn|12\n|j| Ajblade11\n|inactive|DaBrushy has 270 seconds left.\n|\n|t:|1700934606\n|move|p2a: Kingambit|Sucker Punch||[still]\n|-fail|p2a: Kingambit\n|move|p1a: bot|Trick|p2a: Kingambit\n|-activate|p1a: bot|move: Trick|[of] p2a: Kingambit\n|-item|p2a: Kingambit|Choice Scarf|[from] move: Trick\n|-item|p1a: bot|Leftovers|[from] move: Trick\n|\n|upkeep\n|turn|13\n|c| Firemelon66|lets go\n|inactive|dwagone has 210 seconds left.\n|c| ukryd|Gambit set was beautiful\n|\n|t:|1700934640\n|switch|p1a: iron val|Quaquaval, F|100\/100\n|move|p2a: Kingambit|Kowtow Cleave|p1a: iron val\n|-resisted|p1a: iron val\n|-damage|p1a: iron val|42\/100\n|\n|upkeep\n|turn|14\n|c| ukryd|is*\n|\n|t:|1700934646\n|move|p1a: iron val|Roost|p1a: iron val\n|-heal|p1a: iron val|92\/100\n|-singleturn|p1a: iron val|move: Roost\n|move|p2a: Kingambit|Kowtow Cleave|p1a: iron val\n|-resisted|p1a: iron val\n|-damage|p1a: iron val|31\/100\n|\n|upkeep\n|turn|15\n|\n|t:|1700934657\n|move|p1a: iron val|Aqua Step|p2a: Kingambit\n|-damage|p2a: Kingambit|46\/100\n|-boost|p1a: iron val|spe|1\n|move|p2a: Kingambit|Kowtow Cleave|p1a: iron val\n|-resisted|p1a: iron val\n|-damage|p1a: iron val|0 fnt\n|faint|p1a: iron val\n|\n|upkeep\n|\n|t:|1700934662\n|switch|p1a: bot|Gholdengo|100\/100\n|turn|16\n|\n|t:|1700934672\n|move|p1a: bot|Shadow Ball|p2a: Kingambit\n|-damage|p2a: Kingambit|5\/100\n|move|p2a: Kingambit|Kowtow Cleave|p1a: bot\n|-supereffective|p1a: bot\n|-damage|p1a: bot|0 fnt\n|faint|p1a: bot\n|\n|upkeep\n|\n|t:|1700934678\n|switch|p1a: gargl bal|Garganacl, M|100\/100\n|turn|17\n|c| Ajblade11|LMAOOO\n|\n|t:|1700934683\n|move|p2a: Kingambit|Kowtow Cleave|p1a: gargl bal\n|-damage|p1a: gargl bal|31\/100\n|move|p1a: gargl bal|Salt Cure|p2a: Kingambit\n|-damage|p2a: Kingambit|0 fnt\n|faint|p2a: Kingambit\n|-end|p2a: Kingambit|fallenundefined|[silent]\n|\n|-heal|p1a: gargl bal|37\/100|[from] item: Leftovers\n|upkeep\n|inactive|dwagone has 240 seconds left.\n|c| Firemelon66|not a lets go ig \/:\n|\n|t:|1700934701\n|switch|p2a: Great Tusk|Great Tusk|100\/100\n|turn|18\n|c| Firemelon66|but u got this\n|c| Firemelon66|i see the come back\n|\n|t:|1700934721\n|switch|p1a: cha cha slide|Sinistcha-Masterpiece|100\/100\n|move|p2a: Great Tusk|Headlong Rush|p1a: cha cha slide\n|-resisted|p1a: cha cha slide\n|-damage|p1a: cha cha slide|79\/100\n|-unboost|p2a: Great Tusk|def|1\n|-unboost|p2a: Great Tusk|spd|1\n|-enditem|p1a: cha cha slide|Kee Berry|[eat]\n|-boost|p1a: cha cha slide|def|1|[from] item: Kee Berry\n|\n|upkeep\n|turn|19\n|c| Agear63|ohh no\n|\n|t:|1700934734\n|move|p2a: Great Tusk|Knock Off|p1a: cha cha slide\n|-supereffective|p1a: cha cha slide\n|-damage|p1a: cha cha slide|58\/100\n|move|p1a: cha cha slide|Calm Mind|p1a: cha cha slide\n|-boost|p1a: cha cha slide|spa|1\n|-boost|p1a: cha cha slide|spd|1\n|\n|upkeep\n|turn|20\n|c| Agear63|its the comback\n|c| Firemelon66|lets go\n|\n|t:|1700934745\n|-end|p2a: Great Tusk|Protosynthesis|[silent]\n|switch|p2a: Empoleon|Empoleon, M|71\/100\n|-damage|p2a: Empoleon|65\/100|[from] Stealth Rock\n|-damage|p2a: Empoleon|53\/100|[from] Spikes\n|move|p1a: cha cha slide|Strength Sap|p2a: Empoleon\n|-unboost|p2a: Empoleon|atk|1\n|-heal|p1a: cha cha slide|100\/100\n|\n|-heal|p2a: Empoleon|59\/100|[from] item: Leftovers\n|upkeep\n|turn|21\n|c| Firemelon66|i see it\n|c| Firemelon66|i smell the come back\n|\n|t:|1700934751\n|switch|p1a: gargl bal|Garganacl, M|37\/100\n|move|p2a: Empoleon|Haze|p2a: Empoleon\n|-clearallboost\n|\n|-heal|p2a: Empoleon|65\/100|[from] item: Leftovers\n|-heal|p1a: gargl bal|43\/100|[from] item: Leftovers\n|upkeep\n|turn|22\n|c| Agear63|:|\n|c| Agear63|no come back\n|\n|t:|1700934757\n|move|p2a: Empoleon|Flip Turn|p1a: gargl bal\n|-supereffective|p1a: gargl bal\n|-damage|p1a: gargl bal|18\/100\n|\n|t:|1700934776\n|switch|p2a: Great Tusk|Great Tusk|100\/100|[from] Flip Turn\n|move|p1a: gargl bal|Recover|p1a: gargl bal\n|-heal|p1a: gargl bal|68\/100\n|\n|-heal|p1a: gargl bal|74\/100|[from] item: Leftovers\n|upkeep\n|turn|23\n|\n|t:|1700934783\n|switch|p1a: cha cha slide|Sinistcha-Masterpiece|100\/100\n|move|p2a: Great Tusk|Knock Off|p1a: cha cha slide\n|-supereffective|p1a: cha cha slide\n|-damage|p1a: cha cha slide|69\/100\n|\n|upkeep\n|turn|24\n|\n|t:|1700934787\n|-end|p2a: Great Tusk|Protosynthesis|[silent]\n|switch|p2a: Empoleon|Empoleon, M|65\/100\n|-damage|p2a: Empoleon|59\/100|[from] Stealth Rock\n|-damage|p2a: Empoleon|47\/100|[from] Spikes\n|move|p1a: cha cha slide|Matcha Gotcha|p2a: Empoleon\n|-damage|p2a: Empoleon|25\/100\n|-heal|p1a: cha cha slide|81\/100|[from] drain|[of] p2a: Empoleon\n|\n|-heal|p2a: Empoleon|31\/100|[from] item: Leftovers\n|upkeep\n|turn|25\n|\n|t:|1700934793\n|move|p1a: cha cha slide|Matcha Gotcha|p2a: Empoleon\n|-damage|p2a: Empoleon|9\/100\n|-heal|p1a: cha cha slide|92\/100|[from] drain|[of] p2a: Empoleon\n|move|p2a: Empoleon|Roost|p2a: Empoleon\n|-heal|p2a: Empoleon|59\/100\n|-singleturn|p2a: Empoleon|move: Roost\n|\n|-heal|p2a: Empoleon|65\/100|[from] item: Leftovers\n|upkeep\n|turn|26\n|\n|t:|1700934796\n|move|p1a: cha cha slide|Matcha Gotcha|p2a: Empoleon\n|-damage|p2a: Empoleon|44\/100\n|-heal|p1a: cha cha slide|100\/100|[from] drain|[of] p2a: Empoleon\n|move|p2a: Empoleon|Roost|p2a: Empoleon\n|-heal|p2a: Empoleon|94\/100\n|-singleturn|p2a: Empoleon|move: Roost\n|\n|-heal|p2a: Empoleon|99\/100|[from] item: Leftovers\n|upkeep\n|turn|27\n|\n|t:|1700934800\n|switch|p1a: gargl bal|Garganacl, M|74\/100\n|move|p2a: Empoleon|Flip Turn|p1a: gargl bal\n|-supereffective|p1a: gargl bal\n|-damage|p1a: gargl bal|48\/100\n|\n|t:|1700934808\n|switch|p2a: Great Tusk|Great Tusk|100\/100|[from] Flip Turn\n|\n|-heal|p1a: gargl bal|54\/100|[from] item: Leftovers\n|upkeep\n|turn|28\n|c| ukryd|damn nice\n|\n|t:|1700934820\n|switch|p1a: cha cha slide|Sinistcha-Masterpiece|100\/100\n|move|p2a: Great Tusk|Headlong Rush|p1a: cha cha slide\n|-resisted|p1a: cha cha slide\n|-damage|p1a: cha cha slide|77\/100\n|-unboost|p2a: Great Tusk|def|1\n|-unboost|p2a: Great Tusk|spd|1\n|\n|upkeep\n|turn|29\n|\n|t:|1700934825\n|-end|p2a: Great Tusk|Protosynthesis|[silent]\n|switch|p2a: Empoleon|Empoleon, M|99\/100\n|-damage|p2a: Empoleon|94\/100|[from] Stealth Rock\n|-damage|p2a: Empoleon|81\/100|[from] Spikes\n|move|p1a: cha cha slide|Matcha Gotcha|p2a: Empoleon\n|-damage|p2a: Empoleon|60\/100\n|-heal|p1a: cha cha slide|88\/100|[from] drain|[of] p2a: Empoleon\n|\n|-heal|p2a: Empoleon|67\/100|[from] item: Leftovers\n|upkeep\n|turn|30\n|\n|t:|1700934839\n|move|p1a: cha cha slide|Calm Mind|p1a: cha cha slide\n|-boost|p1a: cha cha slide|spa|1\n|-boost|p1a: cha cha slide|spd|1\n|move|p2a: Empoleon|Roost|p2a: Empoleon\n|-heal|p2a: Empoleon|100\/100\n|-singleturn|p2a: Empoleon|move: Roost\n|\n|upkeep\n|turn|31\n|\n|t:|1700934842\n|move|p1a: cha cha slide|Matcha Gotcha|p2a: Empoleon\n|-damage|p2a: Empoleon|71\/100\n|-heal|p1a: cha cha slide|100\/100|[from] drain|[of] p2a: Empoleon\n|move|p2a: Empoleon|Yawn|p1a: cha cha slide\n|-start|p1a: cha cha slide|move: Yawn|[of] p2a: Empoleon\n|\n|-heal|p2a: Empoleon|77\/100|[from] item: Leftovers\n|upkeep\n|turn|32\n|\n|t:|1700934847\n|switch|p1a: gargl bal|Garganacl, M|54\/100\n|move|p2a: Empoleon|Flip Turn|p1a: gargl bal\n|-supereffective|p1a: gargl bal\n|-damage|p1a: gargl bal|28\/100\n|\n|t:|1700934855\n|switch|p2a: Munkidori|Munkidori, M|100\/100|[from] Flip Turn\n|-damage|p2a: Munkidori|88\/100|[from] Stealth Rock\n|-damage|p2a: Munkidori|76\/100|[from] Spikes\n|\n|-heal|p1a: gargl bal|34\/100|[from] item: Leftovers\n|upkeep\n|turn|33\n|c| Firemelon66|bro why still no burn\n|\n|t:|1700934869\n|move|p2a: Munkidori|Psychic|p1a: gargl bal\n|-damage|p1a: gargl bal|0 fnt\n|faint|p1a: gargl bal\n|\n|upkeep\n|c| ukryd|No burn is wild tbf whats % on it again?\n|\n|t:|1700934874\n|switch|p1a: cha cha slide|Sinistcha-Masterpiece|100\/100\n|turn|34\n|c| Firemelon66|30 i think\n|\n|t:|1700934880\n|move|p2a: Munkidori|Psychic|p1a: cha cha slide\n|-damage|p1a: cha cha slide|15\/100\n|move|p1a: cha cha slide|Calm Mind|p1a: cha cha slide\n|-boost|p1a: cha cha slide|spa|1\n|-boost|p1a: cha cha slide|spd|1\n|\n|upkeep\n|turn|35\n|c| ukryd|thats wild\n|\n|t:|1700934883\n|move|p2a: Munkidori|Psychic|p1a: cha cha slide\n|-damage|p1a: cha cha slide|0 fnt\n|faint|p1a: cha cha slide\n|\n|win|dwagone\n","uploadtime":1700934887,"views":13,"p1id":"dabrushy","p2id":"dwagone","formatid":"gen9ou","rating":0,"private":0,"password":""}