{"id":"gen9ou-1988428597","p1":"41udson","p2":"Tl81","format":"[Gen 9] OU","log":"|j|\u260641udson\n|j|\u2606Tl81\n|t:|1699721928\n|gametype|singles\n|player|p1|41udson|n-masters|1433\n|player|p2|Tl81|hilbert-wonderlauncher|1387\n|teamsize|p1|6\n|teamsize|p2|6\n|gen|9\n|tier|[Gen 9] OU\n|rated|\n|rule|Sleep Clause Mod: Limit one foe put to sleep\n|rule|Species Clause: Limit one of each Pok\u00e9mon\n|rule|OHKO Clause: OHKO moves are banned\n|rule|Evasion Items Clause: Evasion items are banned\n|rule|Evasion Moves Clause: Evasion moves are banned\n|rule|Endless Battle Clause: Forcing endless battles is banned\n|rule|HP Percentage Mod: HP is shown in percentages\n|clearpoke\n|poke|p1|Dragapult, F|\n|poke|p1|Zamazenta-*|\n|poke|p1|Heatran, M|\n|poke|p1|Rotom-Wash|\n|poke|p1|Iron Moth|\n|poke|p1|Rillaboom, F|\n|poke|p2|Ceruledge, F|\n|poke|p2|Ogerpon-Wellspring, F|\n|poke|p2|Sinistcha-Masterpiece|\n|poke|p2|Hatterene, F|\n|poke|p2|Glimmora, F|\n|poke|p2|Garchomp, F|\n|teampreview\n|inactive|Battle timer is ON: inactive players will automatically lose when time's up. (requested by 41udson)\n|\n|t:|1699721942\n|start\n|switch|p1a: Rotom|Rotom-Wash|100\/100\n|switch|p2a: UUBL|Garchomp, F|100\/100\n|turn|1\n|\n|t:|1699721946\n|move|p2a: UUBL|Stealth Rock|p1a: Rotom\n|-sidestart|p1: 41udson|move: Stealth Rock\n|move|p1a: Rotom|Hydro Pump|p2a: UUBL\n|-damage|p2a: UUBL|66\/100\n|\n|upkeep\n|turn|2\n|\n|t:|1699721957\n|move|p2a: UUBL|Spikes|p1a: Rotom\n|-sidestart|p1: 41udson|Spikes\n|move|p1a: Rotom|Volt Switch|p2a: UUBL\n|-immune|p2a: UUBL\n|\n|upkeep\n|turn|3\n|\n|t:|1699721962\n|move|p1a: Rotom|Hydro Pump|p2a: UUBL\n|-damage|p2a: UUBL|27\/100\n|move|p2a: UUBL|Dragon Tail|p1a: Rotom\n|-damage|p1a: Rotom|81\/100\n|drag|p1a: Dragapult|Dragapult, F|100\/100\n|-damage|p1a: Dragapult|88\/100|[from] Stealth Rock\n|-damage|p1a: Dragapult|76\/100|[from] Spikes\n|\n|-heal|p1a: Dragapult|82\/100|[from] item: Leftovers\n|upkeep\n|turn|4\n|\n|t:|1699721971\n|switch|p2a: Chiant|Hatterene, F|100\/100\n|-terastallize|p1a: Dragapult|Ghost\n|move|p1a: Dragapult|Dragon Dance|p1a: Dragapult\n|-boost|p1a: Dragapult|atk|1\n|-boost|p1a: Dragapult|spe|1\n|\n|-heal|p1a: Dragapult|88\/100|[from] item: Leftovers\n|upkeep\n|turn|5\n|\n|t:|1699721975\n|move|p1a: Dragapult|Tera Blast|p2a: Chiant|[anim] Tera Blast Ghost\n|-supereffective|p2a: Chiant\n|-damage|p2a: Chiant|0 fnt\n|faint|p2a: Chiant\n|\n|-heal|p1a: Dragapult|94\/100|[from] item: Leftovers\n|upkeep\n|\n|t:|1699721980\n|switch|p2a: Ninja|Ceruledge, F|100\/100\n|turn|6\n|\n|t:|1699721983\n|move|p1a: Dragapult|Dragon Darts|p2a: Ninja\n|-crit|p2a: Ninja\n|-damage|p2a: Ninja|13\/100\n|-ability|p2a: Ninja|Weak Armor|boost\n|-unboost|p2a: Ninja|def|1\n|-boost|p2a: Ninja|spe|2\n|-anim|p1a: Dragapult|Dragon Darts|p2a: Ninja\n|-damage|p2a: Ninja|0 fnt\n|faint|p2a: Ninja\n|\n|-heal|p1a: Dragapult|99\/100|[from] item: Leftovers\n|upkeep\n|\n|t:|1699721988\n|switch|p2a: Lead|Glimmora, F|100\/100\n|turn|7\n|\n|t:|1699721994\n|move|p1a: Dragapult|Dragon Darts|p2a: Lead\n|-damage|p2a: Lead|51\/100\n|-activate|p2a: Lead|ability: Toxic Debris\n|-sidestart|p1: 41udson|move: Toxic Spikes\n|-anim|p1a: Dragapult|Dragon Darts|p2a: Lead\n|-damage|p2a: Lead|1\/100\n|-activate|p2a: Lead|ability: Toxic Debris\n|-sidestart|p1: 41udson|move: Toxic Spikes\n|move|p2a: Lead|Power Gem|p1a: Dragapult\n|-damage|p1a: Dragapult|43\/100\n|\n|-heal|p1a: Dragapult|49\/100|[from] item: Leftovers\n|upkeep\n|turn|8\n|\n|t:|1699722001\n|move|p1a: Dragapult|Tera Blast|p2a: Lead|[anim] Tera Blast Ghost\n|-damage|p2a: Lead|0 fnt\n|faint|p2a: Lead\n|\n|-heal|p1a: Dragapult|55\/100|[from] item: Leftovers\n|upkeep\n|\n|t:|1699722004\n|switch|p2a: Terra Eau|Ogerpon-Wellspring, F|100\/100\n|turn|9\n|\n|t:|1699722008\n|move|p1a: Dragapult|Tera Blast|p2a: Terra Eau|[anim] Tera Blast Ghost\n|-damage|p2a: Terra Eau|0 fnt\n|faint|p2a: Terra Eau\n|\n|-heal|p1a: Dragapult|61\/100|[from] item: Leftovers\n|upkeep\n|\n|t:|1699722012\n|switch|p2a: Tea Time|Sinistcha-Masterpiece|100\/100\n|turn|10\n|\n|t:|1699722015\n|-terastallize|p2a: Tea Time|Steel\n|move|p1a: Dragapult|Tera Blast|p2a: Tea Time|[anim] Tera Blast Ghost\n|-damage|p2a: Tea Time|38\/100\n|move|p2a: Tea Time|Strength Sap|p1a: Dragapult\n|-fail|p1a: Dragapult|unboost|[from] ability: Clear Body|[of] p1a: Dragapult\n|-heal|p2a: Tea Time|100\/100\n|\n|-heal|p1a: Dragapult|67\/100|[from] item: Leftovers\n|upkeep\n|turn|11\n|\n|t:|1699722023\n|move|p1a: Dragapult|Dragon Dance|p1a: Dragapult\n|-boost|p1a: Dragapult|atk|1\n|-boost|p1a: Dragapult|spe|1\n|move|p2a: Tea Time|Strength Sap||[still]\n|-fail|p1a: Dragapult|unboost|[from] ability: Clear Body|[of] p1a: Dragapult\n|-fail|p2a: Tea Time\n|\n|-heal|p1a: Dragapult|73\/100|[from] item: Leftovers\n|upkeep\n|turn|12\n|\n|t:|1699722026\n|move|p1a: Dragapult|Tera Blast|p2a: Tea Time|[anim] Tera Blast Ghost\n|-damage|p2a: Tea Time|20\/100\n|move|p2a: Tea Time|Shadow Ball|p1a: Dragapult\n|-supereffective|p1a: Dragapult\n|-damage|p1a: Dragapult|0 fnt\n|faint|p1a: Dragapult\n|\n|upkeep\n|\n|t:|1699722036\n|switch|p1a: Zamazenta|Zamazenta|100\/100\n|-damage|p1a: Zamazenta|94\/100|[from] Stealth Rock\n|-damage|p1a: Zamazenta|82\/100|[from] Spikes\n|-status|p1a: Zamazenta|tox\n|-ability|p1a: Zamazenta|Dauntless Shield|boost\n|-boost|p1a: Zamazenta|def|1\n|turn|13\n|\n|t:|1699722040\n|move|p1a: Zamazenta|Close Combat|p2a: Tea Time\n|-supereffective|p2a: Tea Time\n|-damage|p2a: Tea Time|0 fnt\n|-unboost|p1a: Zamazenta|def|1\n|-unboost|p1a: Zamazenta|spd|1\n|faint|p2a: Tea Time\n|\n|-damage|p1a: Zamazenta|76\/100 tox|[from] psn\n|upkeep\n|\n|t:|1699722043\n|switch|p2a: UUBL|Garchomp, F|27\/100\n|turn|14\n|\n|t:|1699722045\n|move|p1a: Zamazenta|Close Combat|p2a: UUBL\n|-damage|p2a: UUBL|0 fnt\n|-unboost|p1a: Zamazenta|def|1\n|-unboost|p1a: Zamazenta|spd|1\n|-damage|p1a: Zamazenta|64\/100 tox|[from] ability: Rough Skin|[of] p2a: UUBL\n|-damage|p1a: Zamazenta|47\/100 tox|[from] item: Rocky Helmet|[of] p2a: UUBL\n|faint|p2a: UUBL\n|\n|win|41udson\n|raw|41udson's rating: 1433 &rarr; <strong>1450<\/strong><br \/>(+17 for winning)\n|raw|Tl81's rating: 1387 &rarr; <strong>1370<\/strong><br \/>(-17 for losing)\n|l|\u2606Tl81\n|c|\u260641udson|gg\n","uploadtime":1699722057,"views":16,"p1id":"41udson","p2id":"tl81","formatid":"gen9ou","rating":1370,"private":0,"password":""}