{"id":"gen9ou-2000602572","p1":"galaxyxxivory","p2":"pelukas","format":"[Gen 9] OU","log":"|j|\u2606galaxyxxivory\n|j|\u2606pelukas\n|t:|1701209475\n|gametype|singles\n|player|p1|galaxyxxivory|acetrainerf-gen4dp|1271\n|player|p2|pelukas|grimsley|1303\n|teamsize|p1|6\n|teamsize|p2|6\n|gen|9\n|tier|[Gen 9] OU\n|rated|\n|rule|Sleep Clause Mod: Limit one foe put to sleep\n|rule|Species Clause: Limit one of each Pok\u00e9mon\n|rule|OHKO Clause: OHKO moves are banned\n|rule|Evasion Items Clause: Evasion items are banned\n|rule|Evasion Moves Clause: Evasion moves are banned\n|rule|Endless Battle Clause: Forcing endless battles is banned\n|rule|HP Percentage Mod: HP is shown in percentages\n|clearpoke\n|poke|p1|Pelipper, M|\n|poke|p1|Inteleon, F|\n|poke|p1|Dragonite, M|\n|poke|p1|Ting-Lu|\n|poke|p1|Overqwil, F|\n|poke|p1|Landorus-Therian, M|\n|poke|p2|Zapdos|\n|poke|p2|Mienshao, F|\n|poke|p2|Ogerpon-Wellspring, F|\n|poke|p2|Hoopa-Unbound|\n|poke|p2|Goodra-Hisui, F|\n|poke|p2|Diancie|\n|teampreview\n|inactive|Battle timer is ON: inactive players will automatically lose when time's up. (requested by pelukas)\n|\n|t:|1701209479\n|start\n|switch|p1a: Landorus|Landorus-Therian, M|100\/100\n|switch|p2a: Zapdos|Zapdos|100\/100\n|-ability|p1a: Landorus|Intimidate|boost\n|-unboost|p2a: Zapdos|atk|1\n|turn|1\n|\n|t:|1701209484\n|move|p1a: Landorus|Stone Edge|p2a: Zapdos|[miss]\n|-miss|p1a: Landorus|p2a: Zapdos\n|move|p2a: Zapdos|Heat Wave|p1a: Landorus\n|-damage|p1a: Landorus|58\/100\n|\n|upkeep\n|turn|2\n|\n|t:|1701209488\n|switch|p1a: Ting-Lu|Ting-Lu|100\/100\n|-ability|p1a: Ting-Lu|Vessel of Ruin\n|switch|p2a: Diancie|Diancie, shiny|100\/100\n|\n|upkeep\n|turn|3\n|\n|t:|1701209494\n|switch|p2a: Ogerpon|Ogerpon-Wellspring, F|100\/100\n|move|p1a: Ting-Lu|Stealth Rock|p2a: Ogerpon\n|-sidestart|p2: pelukas|move: Stealth Rock\n|\n|upkeep\n|turn|4\n|\n|t:|1701209498\n|switch|p1a: Dragonite|Dragonite, M|100\/100\n|move|p2a: Ogerpon|Swords Dance|p2a: Ogerpon\n|-boost|p2a: Ogerpon|atk|2\n|\n|upkeep\n|turn|5\n|\n|t:|1701209501\n|move|p2a: Ogerpon|Play Rough|p1a: Dragonite\n|-supereffective|p1a: Dragonite\n|-damage|p1a: Dragonite|48\/100\n|move|p1a: Dragonite|Encore|p2a: Ogerpon\n|-start|p2a: Ogerpon|Encore\n|\n|upkeep\n|turn|6\n|\n|t:|1701209506\n|switch|p1a: Landorus|Landorus-Therian, M|58\/100\n|-ability|p1a: Landorus|Intimidate|boost\n|-unboost|p2a: Ogerpon|atk|1\n|move|p2a: Ogerpon|Play Rough|p1a: Landorus\n|-damage|p1a: Landorus|1\/100\n|\n|upkeep\n|turn|7\n|\n|t:|1701209515\n|move|p1a: Landorus|U-turn|p2a: Ogerpon\n|-supereffective|p2a: Ogerpon\n|-damage|p2a: Ogerpon|29\/100\n|\n|t:|1701209525\n|switch|p1a: Pelipper|Pelipper, M|100\/100|[from] U-turn\n|-weather|RainDance|[from] ability: Drizzle|[of] p1a: Pelipper\n|move|p2a: Ogerpon|Play Rough|p1a: Pelipper\n|-damage|p1a: Pelipper|57\/100\n|-unboost|p1a: Pelipper|atk|1\n|\n|-weather|RainDance|[upkeep]\n|upkeep\n|turn|8\n|\n|t:|1701209533\n|switch|p2a: Goodra|Goodra-Hisui, F|100\/100\n|-damage|p2a: Goodra|94\/100|[from] Stealth Rock\n|move|p1a: Pelipper|U-turn|p2a: Goodra\n|-resisted|p2a: Goodra\n|-damage|p2a: Goodra|92\/100\n|\n|t:|1701209547\n|switch|p1a: Overqwil|Overqwil, F|100\/100|[from] U-turn\n|\n|-weather|RainDance|[upkeep]\n|upkeep\n|turn|9\n|\n|t:|1701209553\n|move|p1a: Overqwil|Swords Dance|p1a: Overqwil\n|-boost|p1a: Overqwil|atk|2\n|move|p2a: Goodra|Earthquake|p1a: Overqwil\n|-supereffective|p1a: Overqwil\n|-damage|p1a: Overqwil|46\/100\n|\n|-weather|RainDance|[upkeep]\n|upkeep\n|turn|10\n|\n|t:|1701209557\n|move|p1a: Overqwil|Crunch|p2a: Goodra\n|-damage|p2a: Goodra|0 fnt\n|faint|p2a: Goodra\n|-damage|p1a: Overqwil|36\/100|[from] item: Life Orb\n|\n|-weather|RainDance|[upkeep]\n|upkeep\n|\n|t:|1701209566\n|switch|p2a: Mienshao|Mienshao, F, shiny|100\/100\n|-damage|p2a: Mienshao|95\/100|[from] Stealth Rock\n|turn|11\n|\n|t:|1701209571\n|switch|p1a: Ting-Lu|Ting-Lu|100\/100\n|-ability|p1a: Ting-Lu|Vessel of Ruin\n|move|p2a: Mienshao|Fake Out|p1a: Ting-Lu\n|-damage|p1a: Ting-Lu|92\/100\n|\n|-weather|RainDance|[upkeep]\n|-heal|p1a: Ting-Lu|99\/100|[from] item: Leftovers\n|upkeep\n|turn|12\n|\n|t:|1701209577\n|move|p2a: Mienshao|Close Combat|p1a: Ting-Lu\n|-supereffective|p1a: Ting-Lu\n|-damage|p1a: Ting-Lu|18\/100\n|-unboost|p2a: Mienshao|def|1\n|-unboost|p2a: Mienshao|spd|1\n|move|p1a: Ting-Lu|Whirlwind|p2a: Mienshao\n|drag|p2a: Zapdos|Zapdos|100\/100\n|\n|-weather|RainDance|[upkeep]\n|-heal|p1a: Ting-Lu|24\/100|[from] item: Leftovers\n|upkeep\n|turn|13\n|\n|t:|1701209586\n|move|p2a: Zapdos|Hurricane|p1a: Ting-Lu\n|-damage|p1a: Ting-Lu|3\/100\n|move|p1a: Ting-Lu|Whirlwind|p2a: Zapdos\n|drag|p2a: Mienshao|Mienshao, F, shiny|100\/100\n|-damage|p2a: Mienshao|95\/100|[from] Stealth Rock\n|\n|-weather|RainDance|[upkeep]\n|-heal|p1a: Ting-Lu|9\/100|[from] item: Leftovers\n|upkeep\n|turn|14\n|\n|t:|1701209590\n|move|p2a: Mienshao|Fake Out|p1a: Ting-Lu\n|-damage|p1a: Ting-Lu|2\/100\n|cant|p1a: Ting-Lu|flinch\n|\n|-weather|none\n|-heal|p1a: Ting-Lu|8\/100|[from] item: Leftovers\n|upkeep\n|turn|15\n|\n|t:|1701209595\n|switch|p1a: Pelipper|Pelipper, M|57\/100\n|-weather|RainDance|[from] ability: Drizzle|[of] p1a: Pelipper\n|move|p2a: Mienshao|U-turn|p1a: Pelipper\n|-resisted|p1a: Pelipper\n|-damage|p1a: Pelipper|48\/100\n|\n|t:|1701209597\n|switch|p2a: Zapdos|Zapdos|100\/100|[from] U-turn\n|\n|-weather|RainDance|[upkeep]\n|upkeep\n|turn|16\n|\n|t:|1701209601\n|switch|p1a: Ting-Lu|Ting-Lu|8\/100\n|-ability|p1a: Ting-Lu|Vessel of Ruin\n|move|p2a: Zapdos|Heat Wave|p1a: Ting-Lu\n|-damage|p1a: Ting-Lu|2\/100\n|\n|-weather|RainDance|[upkeep]\n|-heal|p1a: Ting-Lu|8\/100|[from] item: Leftovers\n|upkeep\n|turn|17\n|\n|t:|1701209605\n|move|p2a: Zapdos|Heat Wave|p1a: Ting-Lu\n|-damage|p1a: Ting-Lu|1\/100\n|move|p1a: Ting-Lu|Whirlwind|p2a: Zapdos\n|drag|p2a: Mienshao|Mienshao, F, shiny|100\/100\n|-damage|p2a: Mienshao|95\/100|[from] Stealth Rock\n|\n|-weather|RainDance|[upkeep]\n|-heal|p1a: Ting-Lu|8\/100|[from] item: Leftovers\n|upkeep\n|turn|18\n|\n|t:|1701209615\n|move|p2a: Mienshao|Close Combat|p1a: Ting-Lu\n|-supereffective|p1a: Ting-Lu\n|-damage|p1a: Ting-Lu|0 fnt\n|-unboost|p2a: Mienshao|def|1\n|-unboost|p2a: Mienshao|spd|1\n|faint|p1a: Ting-Lu\n|\n|-weather|RainDance|[upkeep]\n|upkeep\n|\n|t:|1701209624\n|switch|p1a: Landorus|Landorus-Therian, M|1\/100\n|-ability|p1a: Landorus|Intimidate|boost\n|-unboost|p2a: Mienshao|atk|1\n|turn|19\n|\n|t:|1701209631\n|switch|p2a: Diancie|Diancie, shiny|100\/100\n|-damage|p2a: Diancie|88\/100|[from] Stealth Rock\n|-terastallize|p1a: Landorus|Ice\n|move|p1a: Landorus|Tera Blast|p2a: Diancie|[anim] Tera Blast Ice\n|-damage|p2a: Diancie|53\/100\n|\n|-weather|RainDance|[upkeep]\n|-heal|p2a: Diancie|59\/100|[from] item: Leftovers\n|upkeep\n|turn|20\n|\n|t:|1701209642\n|switch|p1a: Inteleon|Inteleon, F, shiny|100\/100\n|-terastallize|p2a: Diancie|Flying\n|move|p2a: Diancie|Diamond Storm|p1a: Inteleon\n|-damage|p1a: Inteleon|43\/100\n|-boost|p2a: Diancie|def|2\n|\n|-weather|RainDance|[upkeep]\n|-heal|p2a: Diancie|65\/100|[from] item: Leftovers\n|upkeep\n|turn|21\n|\n|t:|1701209645\n|move|p1a: Inteleon|Snipe Shot|p2a: Diancie\n|-crit|p2a: Diancie\n|-damage|p2a: Diancie|0 fnt\n|faint|p2a: Diancie\n|\n|-weather|RainDance|[upkeep]\n|upkeep\n|\n|t:|1701209648\n|switch|p2a: Mienshao|Mienshao, F, shiny|100\/100\n|-damage|p2a: Mienshao|95\/100|[from] Stealth Rock\n|turn|22\n|\n|t:|1701209653\n|switch|p1a: Dragonite|Dragonite, M|48\/100\n|move|p2a: Mienshao|Fake Out|p1a: Dragonite\n|-damage|p1a: Dragonite|38\/100\n|\n|-weather|none\n|upkeep\n|turn|23\n|\n|t:|1701209658\n|move|p2a: Mienshao|Knock Off|p1a: Dragonite\n|-damage|p1a: Dragonite|11\/100\n|-enditem|p1a: Dragonite|Heavy-Duty Boots|[from] move: Knock Off|[of] p2a: Mienshao\n|move|p1a: Dragonite|Roost|p1a: Dragonite\n|-heal|p1a: Dragonite|61\/100\n|-singleturn|p1a: Dragonite|move: Roost\n|\n|upkeep\n|turn|24\n|\n|t:|1701209663\n|switch|p2a: Zapdos|Zapdos|100\/100\n|move|p1a: Dragonite|Roost|p1a: Dragonite\n|-heal|p1a: Dragonite|100\/100\n|-singleturn|p1a: Dragonite|move: Roost\n|\n|upkeep\n|turn|25\n|\n|t:|1701209666\n|switch|p1a: Pelipper|Pelipper, M|48\/100\n|-weather|RainDance|[from] ability: Drizzle|[of] p1a: Pelipper\n|move|p2a: Zapdos|Heat Wave|p1a: Pelipper\n|-resisted|p1a: Pelipper\n|-damage|p1a: Pelipper|37\/100\n|\n|-weather|RainDance|[upkeep]\n|upkeep\n|turn|26\n|\n|t:|1701209673\n|move|p2a: Zapdos|Hurricane|p1a: Pelipper\n|-damage|p1a: Pelipper|0 fnt\n|faint|p1a: Pelipper\n|\n|-weather|RainDance|[upkeep]\n|upkeep\n|\n|t:|1701209689\n|switch|p1a: Landorus|Landorus-Therian, M, tera:Ice|1\/100\n|-ability|p1a: Landorus|Intimidate|boost\n|-unboost|p2a: Zapdos|atk|1\n|turn|27\n|\n|t:|1701209692\n|switch|p2a: Ogerpon|Ogerpon-Wellspring, F|29\/100\n|-damage|p2a: Ogerpon|16\/100|[from] Stealth Rock\n|move|p1a: Landorus|Tera Blast|p2a: Ogerpon|[anim] Tera Blast Ice\n|-damage|p2a: Ogerpon|0 fnt\n|faint|p2a: Ogerpon\n|\n|-weather|RainDance|[upkeep]\n|upkeep\n|\n|t:|1701209695\n|switch|p2a: Mienshao|Mienshao, F, shiny|100\/100\n|-damage|p2a: Mienshao|95\/100|[from] Stealth Rock\n|turn|28\n|\n|t:|1701209703\n|switch|p1a: Overqwil|Overqwil, F|36\/100\n|move|p2a: Mienshao|U-turn|p1a: Overqwil\n|-damage|p1a: Overqwil|10\/100\n|\n|t:|1701209706\n|switch|p2a: Zapdos|Zapdos|100\/100|[from] U-turn\n|\n|-weather|RainDance|[upkeep]\n|upkeep\n|turn|29\n|\n|t:|1701209709\n|move|p1a: Overqwil|Gunk Shot|p2a: Zapdos|[miss]\n|-miss|p1a: Overqwil|p2a: Zapdos\n|move|p2a: Zapdos|Volt Switch|p1a: Overqwil\n|-damage|p1a: Overqwil|0 fnt\n|faint|p1a: Overqwil\n|\n|t:|1701209712\n|switch|p2a: Hoopa|Hoopa-Unbound|100\/100|[from] Volt Switch\n|-damage|p2a: Hoopa|88\/100|[from] Stealth Rock\n|\n|-weather|RainDance|[upkeep]\n|upkeep\n|\n|t:|1701209716\n|switch|p1a: Landorus|Landorus-Therian, M, tera:Ice|1\/100\n|-ability|p1a: Landorus|Intimidate|boost\n|-unboost|p2a: Hoopa|atk|1\n|turn|30\n|\n|t:|1701209719\n|switch|p2a: Zapdos|Zapdos|100\/100\n|move|p1a: Landorus|U-turn|p2a: Zapdos\n|-resisted|p2a: Zapdos\n|-damage|p2a: Zapdos|88\/100\n|-status|p1a: Landorus|par|[from] ability: Static|[of] p2a: Zapdos\n|\n|t:|1701209722\n|switch|p1a: Inteleon|Inteleon, F, shiny|43\/100|[from] U-turn\n|\n|-weather|RainDance|[upkeep]\n|upkeep\n|turn|31\n|\n|t:|1701209726\n|move|p1a: Inteleon|Snipe Shot|p2a: Zapdos\n|-damage|p2a: Zapdos|29\/100\n|move|p2a: Zapdos|Hurricane|p1a: Inteleon\n|-damage|p1a: Inteleon|0 fnt\n|faint|p1a: Inteleon\n|\n|-weather|RainDance|[upkeep]\n|upkeep\n|\n|t:|1701209730\n|switch|p1a: Landorus|Landorus-Therian, M, tera:Ice|1\/100 par\n|-ability|p1a: Landorus|Intimidate|boost\n|-unboost|p2a: Zapdos|atk|1\n|turn|32\n|\n|t:|1701209733\n|switch|p2a: Hoopa|Hoopa-Unbound|88\/100\n|-damage|p2a: Hoopa|76\/100|[from] Stealth Rock\n|cant|p1a: Landorus|par\n|\n|-weather|none\n|upkeep\n|turn|33\n|-message|galaxyxxivory forfeited.\n|\n|win|pelukas\n|raw|galaxyxxivory's rating: 1271 &rarr; <strong>1248<\/strong><br \/>(-23 for losing)\n|raw|pelukas's rating: 1303 &rarr; <strong>1321<\/strong><br \/>(+18 for winning)\n|l|\u2606galaxyxxivory\n","uploadtime":1701209744,"views":15,"p1id":"galaxyxxivory","p2id":"pelukas","formatid":"gen9ou","rating":1248,"private":0,"password":""}