{"id":"gen9ou-2000035178","p1":"Quamnckkk","p2":"Steez Ibanez","format":"[Gen 9] OU","log":"|j|\u2606Quamnckkk\n|j|\u2606Steez Ibanez\n|inactive|Battle timer is ON: inactive players will automatically lose when time's up.\n|t:|1701144012\n|gametype|singles\n|player|p1|Quamnckkk|yellow|\n|player|p2|Steez Ibanez|lance-gen2|\n|teamsize|p1|6\n|teamsize|p2|6\n|gen|9\n|tier|[Gen 9] OU\n|rated|Tournament battle\n|rule|Sleep Clause Mod: Limit one foe put to sleep\n|rule|Species Clause: Limit one of each Pok\u00e9mon\n|rule|OHKO Clause: OHKO moves are banned\n|rule|Evasion Items Clause: Evasion items are banned\n|rule|Evasion Moves Clause: Evasion moves are banned\n|rule|Endless Battle Clause: Forcing endless battles is banned\n|rule|HP Percentage Mod: HP is shown in percentages\n|clearpoke\n|poke|p1|Empoleon, M|\n|poke|p1|Clodsire, F|\n|poke|p1|Clefable, F|\n|poke|p1|Mandibuzz, F|\n|poke|p1|Skeledirge, M|\n|poke|p1|Darkrai|\n|poke|p2|Ursaluna, M|\n|poke|p2|Weezing-Galar, M|\n|poke|p2|Dragapult, M|\n|poke|p2|Darkrai|\n|poke|p2|Corviknight, M|\n|poke|p2|Ting-Lu|\n|teampreview\n|inactive|Quamnckkk also wants the timer to be on.\n|j| TR23\n|j| JustPrimalDialgia\n|c|\u2606Steez Ibanez|Hf\n|c|\u2606Quamnckkk|you too\n|inactive|Steez Ibanez has 120 seconds left.\n|c| TR23|Steez it up\n|\n|t:|1701144050\n|start\n|switch|p1a: Clefable|Clefable, F|100\/100\n|switch|p2a: Speedwagon|Weezing-Galar, M|100\/100\n|turn|1\n|\n|t:|1701144057\n|move|p2a: Speedwagon|Strange Steam|p1a: Clefable\n|-damage|p1a: Clefable|73\/100\n|move|p1a: Clefable|Knock Off|p2a: Speedwagon\n|-resisted|p2a: Speedwagon\n|-damage|p2a: Speedwagon|95\/100\n|-enditem|p2a: Speedwagon|Rocky Helmet|[from] move: Knock Off|[of] p1a: Clefable\n|\n|-heal|p1a: Clefable|79\/100|[from] item: Leftovers\n|upkeep\n|turn|2\n|l| JustPrimalDialgia\n|\n|t:|1701144065\n|move|p2a: Speedwagon|Strange Steam|p1a: Clefable\n|-damage|p1a: Clefable|55\/100\n|-start|p1a: Clefable|confusion\n|-activate|p1a: Clefable|confusion\n|-damage|p1a: Clefable|50\/100|[from] confusion\n|\n|-heal|p1a: Clefable|56\/100|[from] item: Leftovers\n|upkeep\n|turn|3\n|\n|t:|1701144070\n|switch|p2a: Yogi|Ursaluna, M|100\/100\n|switch|p1a: Empoleon|Empoleon, M|100\/100\n|\n|-status|p2a: Yogi|brn|[from] item: Flame Orb\n|upkeep\n|turn|4\n|j| JustPrimalDialgia\n|\n|t:|1701144076\n|switch|p1a: Mandibuzz|Mandibuzz, F|100\/100\n|move|p2a: Yogi|Facade|p1a: Mandibuzz\n|-damage|p1a: Mandibuzz|32\/100\n|\n|-damage|p2a: Yogi|94\/100 brn|[from] brn\n|upkeep\n|turn|5\n|j|+awyp\n|\n|t:|1701144081\n|switch|p2a: Speedwagon|Weezing-Galar, M|95\/100\n|move|p1a: Mandibuzz|Roost|p1a: Mandibuzz\n|-heal|p1a: Mandibuzz|82\/100\n|-singleturn|p1a: Mandibuzz|move: Roost\n|\n|upkeep\n|turn|6\n|\n|t:|1701144095\n|switch|p1a: Empoleon|Empoleon, M|100\/100\n|move|p2a: Speedwagon|Will-O-Wisp|p1a: Empoleon|[miss]\n|-miss|p2a: Speedwagon|p1a: Empoleon\n|\n|upkeep\n|turn|7\n|\n|t:|1701144106\n|move|p2a: Speedwagon|Will-O-Wisp|p1a: Empoleon|[miss]\n|-miss|p2a: Speedwagon|p1a: Empoleon\n|move|p1a: Empoleon|Surf|p2a: Speedwagon\n|-damage|p2a: Speedwagon|56\/100\n|\n|upkeep\n|turn|8\n|c|\u2606Quamnckkk|real\n|\n|t:|1701144114\n|move|p2a: Speedwagon|Will-O-Wisp|p1a: Empoleon\n|-status|p1a: Empoleon|brn\n|move|p1a: Empoleon|Stealth Rock|p2a: Speedwagon\n|-sidestart|p2: Steez Ibanez|move: Stealth Rock\n|\n|-damage|p1a: Empoleon|94\/100 brn|[from] brn\n|upkeep\n|turn|9\n|\n|t:|1701144117\n|move|p2a: Speedwagon|Toxic Spikes|p1a: Empoleon\n|-sidestart|p1: Quamnckkk|move: Toxic Spikes\n|move|p1a: Empoleon|Surf|p2a: Speedwagon\n|-damage|p2a: Speedwagon|20\/100\n|\n|-damage|p1a: Empoleon|88\/100 brn|[from] brn\n|upkeep\n|turn|10\n|\n|t:|1701144121\n|move|p2a: Speedwagon|Pain Split|p1a: Empoleon\n|-sethp|p1a: Empoleon|53\/100 brn|[from] move: Pain Split|[silent]\n|-sethp|p2a: Speedwagon|59\/100|[from] move: Pain Split\n|move|p1a: Empoleon|Surf|p2a: Speedwagon\n|-damage|p2a: Speedwagon|24\/100\n|\n|-damage|p1a: Empoleon|47\/100 brn|[from] brn\n|upkeep\n|turn|11\n|\n|t:|1701144129\n|switch|p2a: Clicker|Ting-Lu|100\/100\n|-damage|p2a: Clicker|94\/100|[from] Stealth Rock\n|-ability|p2a: Clicker|Vessel of Ruin\n|move|p1a: Empoleon|Roost|p1a: Empoleon\n|-heal|p1a: Empoleon|97\/100 brn\n|-singleturn|p1a: Empoleon|move: Roost\n|\n|-heal|p2a: Clicker|100\/100|[from] item: Leftovers\n|-damage|p1a: Empoleon|91\/100 brn|[from] brn\n|upkeep\n|turn|12\n|l| JustPrimalDialgia\n|\n|t:|1701144138\n|switch|p1a: Clefable|Clefable, F|56\/100\n|-status|p1a: Clefable|psn\n|move|p2a: Clicker|Stealth Rock|p1a: Clefable\n|-sidestart|p1: Quamnckkk|move: Stealth Rock\n|\n|-heal|p1a: Clefable|62\/100 psn|[from] item: Leftovers\n|upkeep\n|turn|13\n|\n|t:|1701144142\n|switch|p2a: Speedwagon|Weezing-Galar, M|24\/100\n|-damage|p2a: Speedwagon|11\/100|[from] Stealth Rock\n|move|p1a: Clefable|Wish|p1a: Clefable\n|\n|-heal|p1a: Clefable|68\/100 psn|[from] item: Leftovers\n|upkeep\n|turn|14\n|\n|t:|1701144146\n|move|p2a: Speedwagon|Pain Split|p1a: Clefable\n|-sethp|p1a: Clefable|39\/100 psn|[from] move: Pain Split|[silent]\n|-sethp|p2a: Speedwagon|46\/100|[from] move: Pain Split\n|move|p1a: Clefable|Moonblast|p2a: Speedwagon\n|-resisted|p2a: Speedwagon\n|-damage|p2a: Speedwagon|28\/100\n|\n|-heal|p1a: Clefable|89\/100 psn|[from] move: Wish|[wisher] Clefable\n|-heal|p1a: Clefable|95\/100 psn|[from] item: Leftovers\n|upkeep\n|turn|15\n|j| JustPrimalDialgia\n|j| bootlegsoda\n|\n|t:|1701144167\n|switch|p1a: Empoleon|Empoleon, M|91\/100 brn\n|move|p2a: Speedwagon|Pain Split|p1a: Empoleon\n|-sethp|p1a: Empoleon|58\/100 brn|[from] move: Pain Split|[silent]\n|-sethp|p2a: Speedwagon|64\/100|[from] move: Pain Split\n|\n|-damage|p1a: Empoleon|52\/100 brn|[from] brn\n|upkeep\n|turn|16\n|\n|t:|1701144172\n|switch|p2a: Clicker|Ting-Lu|100\/100\n|-damage|p2a: Clicker|94\/100|[from] Stealth Rock\n|-ability|p2a: Clicker|Vessel of Ruin\n|move|p1a: Empoleon|Roost|p1a: Empoleon\n|-heal|p1a: Empoleon|100\/100 brn\n|-singleturn|p1a: Empoleon|move: Roost\n|\n|-heal|p2a: Clicker|100\/100|[from] item: Leftovers\n|-damage|p1a: Empoleon|94\/100 brn|[from] brn\n|upkeep\n|turn|17\n|\n|t:|1701144177\n|move|p1a: Empoleon|Knock Off|p2a: Clicker\n|-resisted|p2a: Clicker\n|-damage|p2a: Clicker|98\/100\n|-enditem|p2a: Clicker|Leftovers|[from] move: Knock Off|[of] p1a: Empoleon\n|move|p2a: Clicker|Ruination|p1a: Empoleon\n|-damage|p1a: Empoleon|48\/100 brn\n|\n|-damage|p1a: Empoleon|41\/100 brn|[from] brn\n|upkeep\n|turn|18\n|l| bootlegsoda\n|\n|t:|1701144185\n|switch|p1a: Clefable|Clefable, F|95\/100 psn\n|move|p2a: Clicker|Earthquake|p1a: Clefable\n|-damage|p1a: Clefable|66\/100 psn\n|\n|-heal|p1a: Clefable|72\/100 psn|[from] item: Leftovers\n|upkeep\n|turn|19\n|\n|t:|1701144190\n|switch|p2a: Speedwagon|Weezing-Galar, M|64\/100\n|-damage|p2a: Speedwagon|52\/100|[from] Stealth Rock\n|move|p1a: Clefable|Wish|p1a: Clefable\n|\n|-heal|p1a: Clefable|78\/100 psn|[from] item: Leftovers\n|upkeep\n|turn|20\n|\n|t:|1701144193\n|switch|p2a: Yogi|Ursaluna, M|94\/100 brn\n|-damage|p2a: Yogi|88\/100 brn|[from] Stealth Rock\n|switch|p1a: Empoleon|Empoleon, M|41\/100 brn\n|\n|-heal|p1a: Empoleon|94\/100 brn|[from] move: Wish|[wisher] Clefable\n|-damage|p2a: Yogi|82\/100 brn|[from] brn\n|-damage|p1a: Empoleon|88\/100 brn|[from] brn\n|upkeep\n|turn|21\n|\n|t:|1701144200\n|move|p2a: Yogi|Facade|p1a: Empoleon\n|-resisted|p1a: Empoleon\n|-damage|p1a: Empoleon|24\/100 brn\n|move|p1a: Empoleon|Surf|p2a: Yogi\n|-supereffective|p2a: Yogi\n|-damage|p2a: Yogi|17\/100 brn\n|\n|-damage|p2a: Yogi|11\/100 brn|[from] brn\n|-damage|p1a: Empoleon|17\/100 brn|[from] brn\n|upkeep\n|turn|22\n|\n|t:|1701144204\n|move|p2a: Yogi|Headlong Rush|p1a: Empoleon\n|-supereffective|p1a: Empoleon\n|-damage|p1a: Empoleon|0 fnt\n|-unboost|p2a: Yogi|def|1\n|-unboost|p2a: Yogi|spd|1\n|faint|p1a: Empoleon\n|\n|-damage|p2a: Yogi|5\/100 brn|[from] brn\n|upkeep\n|\n|t:|1701144210\n|switch|p1a: Darkrai|Darkrai|100\/100\n|turn|23\n|\n|t:|1701144216\n|switch|p2a: Clicker|Ting-Lu|98\/100\n|-damage|p2a: Clicker|92\/100|[from] Stealth Rock\n|-ability|p2a: Clicker|Vessel of Ruin\n|move|p1a: Darkrai|Dark Pulse|p2a: Clicker\n|-resisted|p2a: Clicker\n|-damage|p2a: Clicker|83\/100\n|\n|upkeep\n|turn|24\n|\n|t:|1701144220\n|move|p1a: Darkrai|Hypnosis|p2a: Clicker\n|-status|p2a: Clicker|slp|[from] move: Hypnosis\n|cant|p2a: Clicker|slp\n|\n|-damage|p2a: Clicker|70\/100 slp|[from] ability: Bad Dreams|[of] p1a: Darkrai\n|upkeep\n|turn|25\n|\n|t:|1701144223\n|switch|p2a: Dick Grayson|Corviknight, M|100\/100\n|-damage|p2a: Dick Grayson|88\/100|[from] Stealth Rock\n|-ability|p2a: Dick Grayson|Pressure\n|move|p1a: Darkrai|Ice Beam|p2a: Dick Grayson\n|-damage|p2a: Dick Grayson|58\/100\n|\n|-heal|p2a: Dick Grayson|64\/100|[from] item: Leftovers\n|upkeep\n|turn|26\n|\n|t:|1701144233\n|switch|p1a: Clefable|Clefable, F|78\/100 psn\n|move|p2a: Dick Grayson|Defog|p1a: Clefable\n|-unboost|p1a: Clefable|evasion|1\n|-sideend|p1: Quamnckkk|Toxic Spikes|[from] move: Defog|[of] p2a: Dick Grayson\n|-sideend|p1: Quamnckkk|Stealth Rock|[from] move: Defog|[of] p2a: Dick Grayson\n|-sideend|p2: Steez Ibanez|Stealth Rock|[from] move: Defog|[of] p2a: Dick Grayson\n|\n|-heal|p2a: Dick Grayson|70\/100|[from] item: Leftovers\n|-heal|p1a: Clefable|84\/100 psn|[from] item: Leftovers\n|upkeep\n|turn|27\n|\n|t:|1701144248\n|switch|p2a: Speedwagon|Weezing-Galar, M|52\/100\n|move|p1a: Clefable|Wish|p1a: Clefable\n|\n|-heal|p1a: Clefable|90\/100 psn|[from] item: Leftovers\n|upkeep\n|turn|28\n|\n|t:|1701144259\n|switch|p1a: Skeledirge|Skeledirge, M|100\/100\n|move|p2a: Speedwagon|Toxic Spikes|p1a: Skeledirge\n|-sidestart|p1: Quamnckkk|move: Toxic Spikes\n|\n|upkeep\n|turn|29\n|\n|t:|1701144267\n|switch|p2a: Freddy|Darkrai|100\/100\n|move|p1a: Skeledirge|Torch Song|p2a: Freddy\n|-damage|p2a: Freddy|58\/100\n|-boost|p1a: Skeledirge|spa|1\n|\n|upkeep\n|turn|30\n|j| VicBossMG\n|\n|t:|1701144273\n|switch|p1a: Clodsire|Clodsire, F|100\/100\n|-sideend|p1: Quamnckkk|move: Toxic Spikes|[of] p1a: Clodsire\n|move|p2a: Freddy|Nasty Plot|p2a: Freddy\n|-boost|p2a: Freddy|spa|2\n|\n|upkeep\n|turn|31\n|\n|t:|1701144278\n|move|p2a: Freddy|Dark Pulse|p1a: Clodsire\n|-damage|p1a: Clodsire|76\/100\n|move|p1a: Clodsire|Toxic|p2a: Freddy\n|-status|p2a: Freddy|tox\n|\n|-damage|p2a: Freddy|52\/100 tox|[from] psn\n|upkeep\n|turn|32\n|\n|t:|1701144284\n|switch|p2a: Clicker|Ting-Lu|70\/100 slp\n|-ability|p2a: Clicker|Vessel of Ruin\n|move|p1a: Clodsire|Recover|p1a: Clodsire\n|-heal|p1a: Clodsire|100\/100\n|\n|upkeep\n|turn|33\n|\n|t:|1701144293\n|switch|p1a: Darkrai|Darkrai|100\/100\n|cant|p2a: Clicker|slp\n|\n|-damage|p2a: Clicker|58\/100 slp|[from] ability: Bad Dreams|[of] p1a: Darkrai\n|upkeep\n|turn|34\n|j| Zamorak Godsword\n|\n|t:|1701144299\n|move|p1a: Darkrai|Ice Beam|p2a: Clicker\n|-supereffective|p2a: Clicker\n|-damage|p2a: Clicker|31\/100 slp\n|cant|p2a: Clicker|slp\n|\n|-damage|p2a: Clicker|19\/100 slp|[from] ability: Bad Dreams|[of] p1a: Darkrai\n|upkeep\n|turn|35\n|\n|t:|1701144306\n|move|p1a: Darkrai|Ice Beam|p2a: Clicker\n|-supereffective|p2a: Clicker\n|-damage|p2a: Clicker|0 fnt\n|faint|p2a: Clicker\n|\n|upkeep\n|\n|t:|1701144309\n|switch|p2a: Toothless|Dragapult, M|100\/100\n|turn|36\n|j|@Disorient\n|\n|t:|1701144314\n|switch|p1a: Clefable|Clefable, F|90\/100 psn\n|move|p2a: Toothless|U-turn|p1a: Clefable\n|-resisted|p1a: Clefable\n|-damage|p1a: Clefable|83\/100 psn\n|\n|t:|1701144318\n|switch|p2a: Dick Grayson|Corviknight, M|70\/100|[from] U-turn\n|-ability|p2a: Dick Grayson|Pressure\n|\n|-heal|p2a: Dick Grayson|76\/100|[from] item: Leftovers\n|-heal|p1a: Clefable|89\/100 psn|[from] item: Leftovers\n|upkeep\n|turn|37\n|\n|t:|1701144321\n|move|p2a: Dick Grayson|U-turn|p1a: Clefable\n|-resisted|p1a: Clefable\n|-damage|p1a: Clefable|84\/100 psn\n|\n|t:|1701144323\n|switch|p2a: Speedwagon|Weezing-Galar, M|52\/100|[from] U-turn\n|move|p1a: Clefable|Knock Off|p2a: Speedwagon\n|-resisted|p2a: Speedwagon\n|-damage|p2a: Speedwagon|48\/100\n|\n|-heal|p1a: Clefable|90\/100 psn|[from] item: Leftovers\n|upkeep\n|turn|38\n|\n|t:|1701144329\n|move|p2a: Speedwagon|Pain Split|p1a: Clefable\n|-sethp|p1a: Clefable|65\/100 psn|[from] move: Pain Split|[silent]\n|-sethp|p2a: Speedwagon|77\/100|[from] move: Pain Split\n|move|p1a: Clefable|Wish|p1a: Clefable\n|\n|-heal|p1a: Clefable|72\/100 psn|[from] item: Leftovers\n|upkeep\n|turn|39\n|\n|t:|1701144334\n|move|p1a: Clefable|Protect|p1a: Clefable\n|-singleturn|p1a: Clefable|Protect\n|move|p2a: Speedwagon|Toxic Spikes|p1a: Clefable\n|-sidestart|p1: Quamnckkk|move: Toxic Spikes\n|\n|-heal|p1a: Clefable|100\/100 psn|[from] move: Wish|[wisher] Clefable\n|upkeep\n|turn|40\n|\n|t:|1701144337\n|switch|p1a: Skeledirge|Skeledirge, M|100\/100\n|move|p2a: Speedwagon|Strange Steam|p1a: Skeledirge|[miss]\n|-miss|p2a: Speedwagon|p1a: Skeledirge\n|\n|upkeep\n|turn|41\n|l| TR23\n|\n|t:|1701144352\n|switch|p2a: Freddy|Darkrai|52\/100 tox\n|move|p1a: Skeledirge|Torch Song|p2a: Freddy\n|-damage|p2a: Freddy|15\/100 tox\n|-boost|p1a: Skeledirge|spa|1\n|\n|-damage|p2a: Freddy|9\/100 tox|[from] psn\n|upkeep\n|turn|42\n|\n|t:|1701144359\n|switch|p1a: Clodsire|Clodsire, F|100\/100\n|-sideend|p1: Quamnckkk|move: Toxic Spikes|[of] p1a: Clodsire\n|move|p2a: Freddy|Dark Pulse|p1a: Clodsire\n|-damage|p1a: Clodsire|78\/100\n|\n|-damage|p2a: Freddy|0 fnt|[from] psn\n|faint|p2a: Freddy\n|upkeep\n|\n|t:|1701144360\n|switch|p2a: Yogi|Ursaluna, M|5\/100 brn\n|turn|43\n|\n|t:|1701144365\n|switch|p1a: Mandibuzz|Mandibuzz, F|82\/100\n|move|p2a: Yogi|Headlong Rush|p1a: Mandibuzz\n|-immune|p1a: Mandibuzz\n|\n|-damage|p2a: Yogi|0 fnt|[from] brn\n|faint|p2a: Yogi\n|upkeep\n|\n|t:|1701144370\n|switch|p2a: Speedwagon|Weezing-Galar, M|77\/100\n|turn|44\n|\n|t:|1701144375\n|switch|p1a: Skeledirge|Skeledirge, M|100\/100\n|switch|p2a: Toothless|Dragapult, M|100\/100\n|\n|upkeep\n|turn|45\n|\n|t:|1701144381\n|switch|p1a: Clefable|Clefable, F|100\/100 psn\n|move|p2a: Toothless|Thunder Wave||[still]\n|-fail|p2a: Toothless\n|\n|upkeep\n|turn|46\n|j| EnderBeedrill\n|\n|t:|1701144391\n|move|p2a: Toothless|Hex|p1a: Clefable\n|-damage|p1a: Clefable|53\/100 psn\n|move|p1a: Clefable|Knock Off|p2a: Toothless\n|-supereffective|p2a: Toothless\n|-damage|p2a: Toothless|53\/100\n|-enditem|p2a: Toothless|Heavy-Duty Boots|[from] move: Knock Off|[of] p1a: Clefable\n|\n|-heal|p1a: Clefable|59\/100 psn|[from] item: Leftovers\n|upkeep\n|turn|47\n|\n|t:|1701144397\n|-terastallize|p2a: Toothless|Steel\n|move|p2a: Toothless|Hex|p1a: Clefable\n|-damage|p1a: Clefable|12\/100 psn\n|move|p1a: Clefable|Wish|p1a: Clefable\n|\n|-heal|p1a: Clefable|18\/100 psn|[from] item: Leftovers\n|upkeep\n|turn|48\n|c|\u2606Steez Ibanez|gg\n|-message|Steez Ibanez forfeited.\n|\n|win|Quamnckkk\n|n|\u2606Quamnckkk|quamnckkk\n|n|\u2606Steez Ibanez|steezibanez\n|n|+awyp|awyp\n|n| JustPrimalDialgia|justprimaldialgia\n|n| VicBossMG|vicbossmg\n|n| Zamorak Godsword|zamorakgodsword\n|n|+Disorient|disorient\n|n| EnderBeedrill|enderbeedrill\n","uploadtime":1701144408,"views":2,"p1id":"quamnckkk","p2id":"steezibanez","formatid":"gen9ou","rating":0,"private":0,"password":""}