{"id":"gen9ou-1996722243","p1":"Paying Attenton","p2":"soy bebe","format":"[Gen 9] OU","log":"|j|\u2606Paying Attenton\n|j|\u2606soy bebe\n|t:|1700714527\n|gametype|singles\n|player|p1|Paying Attenton|169|1568\n|player|p2|soy bebe|winona-gen3|1500\n|teamsize|p1|6\n|teamsize|p2|6\n|gen|9\n|tier|[Gen 9] OU\n|rated|\n|rule|Sleep Clause Mod: Limit one foe put to sleep\n|rule|Species Clause: Limit one of each Pok\u00e9mon\n|rule|OHKO Clause: OHKO moves are banned\n|rule|Evasion Items Clause: Evasion items are banned\n|rule|Evasion Moves Clause: Evasion moves are banned\n|rule|Endless Battle Clause: Forcing endless battles is banned\n|rule|HP Percentage Mod: HP is shown in percentages\n|clearpoke\n|poke|p1|Zapdos|\n|poke|p1|Quaquaval, M|\n|poke|p1|Greninja-*, M|\n|poke|p1|Scizor, M|\n|poke|p1|Enamorus, F|\n|poke|p1|Great Tusk|\n|poke|p2|Politoed, M|\n|poke|p2|Zapdos|\n|poke|p2|Iron Treads|\n|poke|p2|Basculegion-F, F|\n|poke|p2|Quaquaval, F|\n|poke|p2|Meowscarada, F|\n|teampreview\n|inactive|Battle timer is ON: inactive players will automatically lose when time's up. (requested by Paying Attenton)\n|inactive|soy bebe has 120 seconds left.\n|\n|t:|1700714574\n|start\n|switch|p1a: Zapdos|Zapdos|100\/100\n|switch|p2a: Iron Treads|Iron Treads, shiny|100\/100\n|-enditem|p2a: Iron Treads|Booster Energy\n|-activate|p2a: Iron Treads|ability: Quark Drive|[fromitem]\n|-start|p2a: Iron Treads|quarkdrivespe\n|turn|1\n|\n|t:|1700714581\n|move|p2a: Iron Treads|Stealth Rock|p1a: Zapdos\n|-sidestart|p1: Paying Attenton|move: Stealth Rock\n|move|p1a: Zapdos|Heat Wave|p2a: Iron Treads\n|-supereffective|p2a: Iron Treads\n|-damage|p2a: Iron Treads|5\/100\n|-status|p2a: Iron Treads|brn\n|\n|-damage|p2a: Iron Treads|0 fnt|[from] brn\n|faint|p2a: Iron Treads\n|-end|p2a: Iron Treads|Quark Drive|[silent]\n|upkeep\n|\n|t:|1700714593\n|switch|p2a: Politoed|Politoed, M, shiny|100\/100\n|-weather|RainDance|[from] ability: Drizzle|[of] p2a: Politoed\n|turn|2\n|\n|t:|1700714623\n|switch|p2a: Meowscarada|Meowscarada, F, shiny|100\/100\n|move|p1a: Zapdos|Thunderbolt|p2a: Meowscarada\n|-resisted|p2a: Meowscarada\n|-damage|p2a: Meowscarada|71\/100\n|\n|-weather|RainDance|[upkeep]\n|upkeep\n|turn|3\n|\n|t:|1700714637\n|move|p2a: Meowscarada|Knock Off|p1a: Zapdos\n|-start|p2a: Meowscarada|typechange|Dark|[from] ability: Protean\n|-damage|p1a: Zapdos|53\/100\n|-enditem|p1a: Zapdos|Expert Belt|[from] move: Knock Off|[of] p2a: Meowscarada\n|move|p1a: Zapdos|Volt Switch|p2a: Meowscarada\n|-damage|p2a: Meowscarada|20\/100\n|\n|t:|1700714659\n|switch|p1a: Great Tusk|Great Tusk|100\/100|[from] Volt Switch\n|\n|-weather|RainDance|[upkeep]\n|upkeep\n|turn|4\n|\n|t:|1700714665\n|switch|p2a: Basculegion|Basculegion-F, F, shiny|100\/100\n|move|p1a: Great Tusk|Knock Off|p2a: Basculegion\n|-supereffective|p2a: Basculegion\n|-damage|p2a: Basculegion|34\/100\n|-enditem|p2a: Basculegion|Choice Specs|[from] move: Knock Off|[of] p1a: Great Tusk\n|\n|-weather|RainDance|[upkeep]\n|upkeep\n|turn|5\n|\n|t:|1700714688\n|move|p2a: Basculegion|Surf|p1a: Great Tusk\n|-supereffective|p1a: Great Tusk\n|-damage|p1a: Great Tusk|0 fnt\n|faint|p1a: Great Tusk\n|-end|p1a: Great Tusk|Protosynthesis|[silent]\n|\n|-weather|RainDance|[upkeep]\n|upkeep\n|\n|t:|1700714694\n|switch|p1a: Quaquaval|Quaquaval, M|100\/100\n|-damage|p1a: Quaquaval|94\/100|[from] Stealth Rock\n|turn|6\n|\n|t:|1700714716\n|move|p2a: Basculegion|Hydro Pump|p1a: Quaquaval\n|-resisted|p1a: Quaquaval\n|-damage|p1a: Quaquaval|48\/100\n|move|p1a: Quaquaval|Aqua Step|p2a: Basculegion\n|-resisted|p2a: Basculegion\n|-damage|p2a: Basculegion|0 fnt\n|-boost|p1a: Quaquaval|spe|1\n|faint|p2a: Basculegion\n|-ability|p1a: Quaquaval|Moxie|boost\n|-boost|p1a: Quaquaval|atk|1\n|\n|-weather|RainDance|[upkeep]\n|upkeep\n|\n|t:|1700714724\n|switch|p2a: Zapdos|Zapdos|100\/100\n|turn|7\n|inactive|Paying Attenton has 120 seconds left.\n|\n|t:|1700714765\n|move|p1a: Quaquaval|Aqua Step|p2a: Zapdos\n|-damage|p2a: Zapdos|6\/100\n|-boost|p1a: Quaquaval|spe|1\n|move|p2a: Zapdos|Volt Switch|p1a: Quaquaval\n|-supereffective|p1a: Quaquaval\n|-damage|p1a: Quaquaval|0 fnt\n|faint|p1a: Quaquaval\n|\n|t:|1700714787\n|switch|p2a: Meowscarada|Meowscarada, F, shiny|20\/100|[from] Volt Switch\n|\n|-weather|RainDance|[upkeep]\n|upkeep\n|inactive|Paying Attenton has 90 seconds left.\n|\n|t:|1700714811\n|switch|p1a: Greninja|Greninja, M|100\/100\n|-damage|p1a: Greninja|88\/100|[from] Stealth Rock\n|turn|8\n|\n|t:|1700714820\n|move|p1a: Greninja|Water Shuriken|p2a: Meowscarada\n|-resisted|p2a: Meowscarada\n|-damage|p2a: Meowscarada|9\/100\n|-resisted|p2a: Meowscarada\n|-damage|p2a: Meowscarada|0 fnt\n|faint|p2a: Meowscarada\n|-ability|p1a: Greninja|Battle Bond|boost\n|-boost|p1a: Greninja|atk|1\n|-boost|p1a: Greninja|spa|1\n|-boost|p1a: Greninja|spe|1\n|-activate|p1a: Greninja|ability: Battle Bond\n|-hitcount|p2: Meowscarada|2\n|-damage|p1a: Greninja|78\/100|[from] item: Life Orb\n|\n|-weather|RainDance|[upkeep]\n|upkeep\n|\n|t:|1700714835\n|switch|p2a: Zapdos|Zapdos|6\/100\n|turn|9\n|\n|t:|1700714840\n|move|p1a: Greninja|Water Shuriken|p2a: Zapdos\n|-damage|p2a: Zapdos|0 fnt\n|faint|p2a: Zapdos\n|-hitcount|p2: Zapdos|1\n|-damage|p1a: Greninja|69\/100|[from] item: Life Orb\n|\n|-weather|none\n|upkeep\n|\n|t:|1700714846\n|switch|p2a: Politoed|Politoed, M, shiny|100\/100\n|-weather|RainDance|[from] ability: Drizzle|[of] p2a: Politoed\n|turn|10\n|\n|t:|1700714869\n|move|p1a: Greninja|Dark Pulse|p2a: Politoed\n|-damage|p2a: Politoed|42\/100\n|-damage|p1a: Greninja|59\/100|[from] item: Life Orb\n|move|p2a: Politoed|Surf|p1a: Greninja\n|-resisted|p1a: Greninja\n|-damage|p1a: Greninja|11\/100\n|\n|-weather|RainDance|[upkeep]\n|upkeep\n|turn|11\n|\n|t:|1700714878\n|move|p1a: Greninja|Dark Pulse|p2a: Politoed\n|-damage|p2a: Politoed|0 fnt\n|faint|p2a: Politoed\n|-damage|p1a: Greninja|1\/100|[from] item: Life Orb\n|\n|-weather|RainDance|[upkeep]\n|upkeep\n|\n|t:|1700714881\n|switch|p2a: Quaquaval|Quaquaval, F, shiny|100\/100\n|turn|12\n|\n|t:|1700714884\n|-terastallize|p1a: Greninja|Water\n|move|p2a: Quaquaval|Aqua Jet|p1a: Greninja\n|-resisted|p1a: Greninja\n|-damage|p1a: Greninja|0 fnt\n|faint|p1a: Greninja\n|-ability|p2a: Quaquaval|Moxie|boost\n|-boost|p2a: Quaquaval|atk|1\n|\n|-weather|RainDance|[upkeep]\n|upkeep\n|\n|t:|1700714895\n|switch|p1a: Scizor|Scizor, M|100\/100\n|-damage|p1a: Scizor|88\/100|[from] Stealth Rock\n|turn|13\n|\n|t:|1700714905\n|-terastallize|p2a: Quaquaval|Fire\n|move|p2a: Quaquaval|Aqua Step|p1a: Scizor\n|-damage|p1a: Scizor|0 fnt\n|-boost|p2a: Quaquaval|spe|1\n|faint|p1a: Scizor\n|-ability|p2a: Quaquaval|Moxie|boost\n|-boost|p2a: Quaquaval|atk|1\n|\n|-weather|RainDance|[upkeep]\n|upkeep\n|\n|t:|1700714912\n|switch|p1a: Enamorus|Enamorus, F|100\/100\n|-damage|p1a: Enamorus|76\/100|[from] Stealth Rock\n|turn|14\n|\n|t:|1700714921\n|move|p1a: Enamorus|Earth Power|p2a: Quaquaval\n|-supereffective|p2a: Quaquaval\n|-damage|p2a: Quaquaval|14\/100\n|-unboost|p2a: Quaquaval|spd|1\n|move|p2a: Quaquaval|Aqua Step|p1a: Enamorus\n|-crit|p1a: Enamorus\n|-damage|p1a: Enamorus|0 fnt\n|-boost|p2a: Quaquaval|spe|1\n|faint|p1a: Enamorus\n|-ability|p2a: Quaquaval|Moxie|boost\n|-boost|p2a: Quaquaval|atk|1\n|\n|-weather|RainDance|[upkeep]\n|upkeep\n|-message|Paying Attenton forfeited.\n|\n|win|soy bebe\n|raw|Paying Attenton's rating: 1568 &rarr; <strong>1544<\/strong><br \/>(-24 for losing)\n|raw|soy bebe's rating: 1500 &rarr; <strong>1524<\/strong><br \/>(+24 for winning)\n|l|\u2606Paying Attenton\n","uploadtime":1700714933,"views":7,"p1id":"payingattenton","p2id":"soybebe","formatid":"gen9ou","rating":1524,"private":0,"password":""}