{"id":"gen9ou-1989677817","p1":"Fishima","p2":"Tristaaaaw","format":"[Gen 9] OU","log":"|j|\u2606Fishima\n|j|\u2606Tristaaaaw\n|t:|1699886007\n|gametype|singles\n|player|p1|Fishima|fisherman-gen4|1456\n|player|p2|Tristaaaaw|palmer|1364\n|teamsize|p1|6\n|teamsize|p2|6\n|gen|9\n|tier|[Gen 9] OU\n|rated|\n|rule|Sleep Clause Mod: Limit one foe put to sleep\n|rule|Species Clause: Limit one of each Pok\u00e9mon\n|rule|OHKO Clause: OHKO moves are banned\n|rule|Evasion Items Clause: Evasion items are banned\n|rule|Evasion Moves Clause: Evasion moves are banned\n|rule|Endless Battle Clause: Forcing endless battles is banned\n|rule|HP Percentage Mod: HP is shown in percentages\n|clearpoke\n|poke|p1|Great Tusk|\n|poke|p1|Corviknight, M|\n|poke|p1|Gholdengo|\n|poke|p1|Rillaboom, F|\n|poke|p1|Rotom-Wash|\n|poke|p1|Ceruledge, F|\n|poke|p2|Enamorus, F|\n|poke|p2|Dragapult, F|\n|poke|p2|Iron Valiant|\n|poke|p2|Gholdengo|\n|poke|p2|Iron Treads|\n|poke|p2|Dragonite, F|\n|teampreview\n|inactive|Battle timer is ON: inactive players will automatically lose when time's up. (requested by Fishima)\n|inactive|Tristaaaaw has 120 seconds left.\n|\n|t:|1699886040\n|start\n|switch|p1a: Great Tusk|Great Tusk|100\/100\n|switch|p2a: Dragonite|Dragonite, F|100\/100\n|turn|1\n|\n|t:|1699886048\n|move|p2a: Dragonite|Ice Spinner|p1a: Great Tusk\n|-supereffective|p1a: Great Tusk\n|-damage|p1a: Great Tusk|71\/100\n|move|p1a: Great Tusk|Knock Off|p2a: Dragonite\n|-damage|p2a: Dragonite|85\/100\n|-enditem|p2a: Dragonite|Heavy-Duty Boots|[from] move: Knock Off|[of] p1a: Great Tusk\n|\n|-heal|p1a: Great Tusk|77\/100|[from] item: Leftovers\n|upkeep\n|turn|2\n|\n|t:|1699886063\n|switch|p2a: Gholdengo|Gholdengo|100\/100\n|-item|p2a: Gholdengo|Air Balloon\n|-end|p1a: Great Tusk|Protosynthesis|[silent]\n|switch|p1a: Rotom|Rotom-Wash|100\/100\n|\n|upkeep\n|turn|3\n|\n|t:|1699886071\n|move|p2a: Gholdengo|Shadow Ball|p1a: Rotom\n|-damage|p1a: Rotom|69\/100\n|move|p1a: Rotom|Volt Switch|p2a: Gholdengo\n|-damage|p2a: Gholdengo|69\/100\n|-enditem|p2a: Gholdengo|Air Balloon\n|\n|t:|1699886085\n|switch|p1a: Gholdengo|Gholdengo|100\/100|[from] Volt Switch\n|\n|upkeep\n|turn|4\n|\n|t:|1699886092\n|move|p1a: Gholdengo|Shadow Ball|p2a: Gholdengo\n|-supereffective|p2a: Gholdengo\n|-damage|p2a: Gholdengo|0 fnt\n|faint|p2a: Gholdengo\n|\n|upkeep\n|\n|t:|1699886099\n|switch|p2a: Iron Treads|Iron Treads|100\/100\n|-enditem|p2a: Iron Treads|Booster Energy\n|-activate|p2a: Iron Treads|ability: Quark Drive|[fromitem]\n|-start|p2a: Iron Treads|quarkdrivespe\n|turn|5\n|\n|t:|1699886103\n|switch|p1a: Rillaboom|Rillaboom, F|100\/100\n|-fieldstart|move: Grassy Terrain|[from] ability: Grassy Surge|[of] p1a: Rillaboom\n|move|p2a: Iron Treads|Knock Off|p1a: Rillaboom\n|-damage|p1a: Rillaboom|71\/100\n|-enditem|p1a: Rillaboom|Choice Band|[from] move: Knock Off|[of] p2a: Iron Treads\n|\n|-heal|p1a: Rillaboom|78\/100|[from] Grassy Terrain\n|upkeep\n|turn|6\n|\n|t:|1699886114\n|move|p2a: Iron Treads|Stealth Rock|p1a: Rillaboom\n|-sidestart|p1: Fishima|move: Stealth Rock\n|move|p1a: Rillaboom|Wood Hammer|p2a: Iron Treads\n|-damage|p2a: Iron Treads|36\/100\n|-damage|p1a: Rillaboom|54\/100|[from] Recoil\n|\n|-heal|p2a: Iron Treads|42\/100|[from] Grassy Terrain\n|-heal|p1a: Rillaboom|60\/100|[from] Grassy Terrain\n|upkeep\n|turn|7\n|\n|t:|1699886124\n|-end|p2a: Iron Treads|Quark Drive|[silent]\n|switch|p2a: Dragonite|Dragonite, F|85\/100\n|move|p1a: Rillaboom|Wood Hammer|p2a: Dragonite\n|-resisted|p2a: Dragonite\n|-damage|p2a: Dragonite|63\/100\n|-damage|p1a: Rillaboom|53\/100|[from] Recoil\n|\n|-heal|p1a: Rillaboom|59\/100|[from] Grassy Terrain\n|upkeep\n|turn|8\n|\n|t:|1699886134\n|switch|p1a: Corviknight|Corviknight, M|100\/100\n|-damage|p1a: Corviknight|88\/100|[from] Stealth Rock\n|-ability|p1a: Corviknight|Pressure\n|move|p2a: Dragonite|Ice Spinner|p1a: Corviknight\n|-damage|p1a: Corviknight|71\/100\n|-fieldend|move: Grassy Terrain\n|\n|-heal|p1a: Corviknight|77\/100|[from] item: Leftovers\n|upkeep\n|turn|9\n|inactive|Tristaaaaw has 120 seconds left.\n|\n|t:|1699886175\n|switch|p2a: Dragapult|Dragapult, F|100\/100\n|move|p1a: Corviknight|Brave Bird|p2a: Dragapult\n|-damage|p2a: Dragapult|48\/100\n|-damage|p1a: Corviknight|63\/100|[from] Recoil\n|\n|-heal|p1a: Corviknight|69\/100|[from] item: Leftovers\n|upkeep\n|turn|10\n|\n|t:|1699886188\n|move|p2a: Dragapult|Dragon Dance|p2a: Dragapult\n|-boost|p2a: Dragapult|atk|1\n|-boost|p2a: Dragapult|spe|1\n|move|p1a: Corviknight|Brave Bird|p2a: Dragapult\n|-damage|p2a: Dragapult|0 fnt\n|faint|p2a: Dragapult\n|-damage|p1a: Corviknight|57\/100|[from] Recoil\n|\n|-heal|p1a: Corviknight|63\/100|[from] item: Leftovers\n|upkeep\n|\n|t:|1699886208\n|switch|p2a: Enamorus|Enamorus, F|100\/100\n|turn|11\n|\n|t:|1699886220\n|-terastallize|p2a: Enamorus|Steel\n|move|p2a: Enamorus|Substitute|p2a: Enamorus\n|-start|p2a: Enamorus|Substitute\n|-damage|p2a: Enamorus|76\/100\n|move|p1a: Corviknight|Brave Bird|p2a: Enamorus\n|-resisted|p2a: Enamorus\n|-end|p2a: Enamorus|Substitute\n|-damage|p1a: Corviknight|57\/100|[from] Recoil|[of] p2a: Enamorus\n|\n|-heal|p2a: Enamorus|82\/100|[from] item: Leftovers\n|-heal|p1a: Corviknight|63\/100|[from] item: Leftovers\n|upkeep\n|turn|12\n|\n|t:|1699886231\n|move|p2a: Enamorus|Calm Mind|p2a: Enamorus\n|-boost|p2a: Enamorus|spa|1\n|-boost|p2a: Enamorus|spd|1\n|move|p1a: Corviknight|Body Press|p2a: Enamorus\n|-supereffective|p2a: Enamorus\n|-damage|p2a: Enamorus|0 fnt\n|faint|p2a: Enamorus\n|\n|-heal|p1a: Corviknight|69\/100|[from] item: Leftovers\n|upkeep\n|l|\u2606Tristaaaaw\n|inactive|Tristaaaaw disconnected and has a minute to reconnect!\n|player|p2|\n|inactive|Tristaaaaw has 30 seconds to reconnect!\n|inactive|Tristaaaaw has 20 seconds to reconnect!\n|inactive|Tristaaaaw has 15 seconds to reconnect!\n|inactive|Tristaaaaw has 10 seconds to reconnect!\n|inactive|Tristaaaaw has 5 seconds to reconnect!\n|-message|Tristaaaaw lost due to inactivity.\n|\n|win|Fishima\n|raw|Fishima's rating: 1456 &rarr; <strong>1471<\/strong><br \/>(+15 for winning)\n|raw|Tristaaaaw's rating: 1364 &rarr; <strong>1349<\/strong><br \/>(-15 for losing)\n","uploadtime":1699886584,"views":6,"p1id":"fishima","p2id":"tristaaaaw","formatid":"gen9ou","rating":1349,"private":0,"password":""}