{"id":"gen9ou-1990025678","p1":"Clas","p2":"Thibault56","format":"[Gen 9] OU","log":"|j|\u2606Clas\n|j|\u2606Thibault56\n|t:|1699916626\n|gametype|singles\n|player|p1|Clas|#wcop2023uk2|1584\n|player|p2|Thibault56|170|1489\n|teamsize|p1|6\n|teamsize|p2|6\n|gen|9\n|tier|[Gen 9] OU\n|rated|\n|rule|Sleep Clause Mod: Limit one foe put to sleep\n|rule|Species Clause: Limit one of each Pok\u00e9mon\n|rule|OHKO Clause: OHKO moves are banned\n|rule|Evasion Items Clause: Evasion items are banned\n|rule|Evasion Moves Clause: Evasion moves are banned\n|rule|Endless Battle Clause: Forcing endless battles is banned\n|rule|HP Percentage Mod: HP is shown in percentages\n|clearpoke\n|poke|p1|Garchomp, F|\n|poke|p1|Zapdos|\n|poke|p1|Gholdengo|\n|poke|p1|Ting-Lu|\n|poke|p1|Cinderace, F|\n|poke|p1|Manaphy|\n|poke|p2|Walking Wake|\n|poke|p2|Torkoal, F|\n|poke|p2|Wo-Chien|\n|poke|p2|Sandy Shocks|\n|poke|p2|Great Tusk|\n|poke|p2|Dragonite, F|\n|teampreview\n|c|\u2606Clas|glhf\n|j| Porycomingback\n|inactive|Battle timer is ON: inactive players will automatically lose when time's up. (requested by Thibault56)\n|\n|t:|1699916666\n|start\n|switch|p1a: Garchomp|Garchomp, F|100\/100\n|switch|p2a: Walking Wake|Walking Wake|100\/100\n|turn|1\n|inactive|Thibault56 has 120 seconds left.\n|\n|t:|1699916697\n|-terastallize|p1a: Garchomp|Dragon\n|move|p1a: Garchomp|Draco Meteor|p2a: Walking Wake\n|-supereffective|p2a: Walking Wake\n|-crit|p2a: Walking Wake\n|-damage|p2a: Walking Wake|0 fnt\n|-unboost|p1a: Garchomp|spa|2\n|faint|p2a: Walking Wake\n|-end|p2a: Walking Wake|Protosynthesis|[silent]\n|\n|upkeep\n|inactive|Thibault56 has 120 seconds left.\n|c|\u2606Clas|man\n|c|\u2606Clas|tera wasnt even needed\n|c|\u2606Thibault56|:V\n|\n|t:|1699916726\n|switch|p2a: Wo-Chien|Wo-Chien|100\/100\n|-ability|p2a: Wo-Chien|Tablets of Ruin\n|turn|2\n|c|\u2606Clas|at least i did tera\n|c|\u2606Clas|-- SpA Tera Dragon Garchomp Draco Meteor vs. 12 HP \/ 0 SpD Walking Wake: 408-480 (119.2 - 140.3%) -- guaranteed OHKO\n|inactive|Clas has 120 seconds left.\n|\n|t:|1699916767\n|switch|p1a: Zapdos|Zapdos, shiny|100\/100\n|move|p2a: Wo-Chien|Knock Off|p1a: Zapdos\n|-damage|p1a: Zapdos|77\/100\n|-status|p2a: Wo-Chien|par|[from] ability: Static|[of] p1a: Zapdos\n|-enditem|p1a: Zapdos|Heavy-Duty Boots|[from] move: Knock Off|[of] p2a: Wo-Chien\n|\n|upkeep\n|turn|3\n|\n|t:|1699916789\n|switch|p2a: Torkoal|Torkoal, F|100\/100\n|-weather|SunnyDay|[from] ability: Drought|[of] p2a: Torkoal\n|move|p1a: Zapdos|Hurricane|p2a: Torkoal|[miss]\n|-miss|p1a: Zapdos|p2a: Torkoal\n|\n|-weather|SunnyDay|[upkeep]\n|upkeep\n|turn|4\n|inactive|Clas has 120 seconds left.\n|\n|t:|1699916804\n|move|p1a: Zapdos|U-turn|p2a: Torkoal\n|-resisted|p2a: Torkoal\n|-damage|p2a: Torkoal|97\/100\n|\n|t:|1699916807\n|switch|p1a: Ting-Lu|Ting-Lu|100\/100|[from] U-turn\n|-ability|p1a: Ting-Lu|Vessel of Ruin\n|move|p2a: Torkoal|Lava Plume|p1a: Ting-Lu\n|-damage|p1a: Ting-Lu|85\/100\n|\n|-weather|SunnyDay|[upkeep]\n|-heal|p1a: Ting-Lu|91\/100|[from] item: Leftovers\n|upkeep\n|turn|5\n|\n|t:|1699916823\n|switch|p2a: Wo-Chien|Wo-Chien|100\/100 par\n|-ability|p2a: Wo-Chien|Tablets of Ruin\n|move|p1a: Ting-Lu|Stealth Rock|p2a: Wo-Chien\n|-sidestart|p2: Thibault56|move: Stealth Rock\n|\n|-weather|SunnyDay|[upkeep]\n|-heal|p1a: Ting-Lu|97\/100|[from] item: Leftovers\n|upkeep\n|turn|6\n|\n|t:|1699916831\n|switch|p1a: Zapdos|Zapdos, shiny|77\/100\n|cant|p2a: Wo-Chien|par\n|\n|-weather|SunnyDay|[upkeep]\n|upkeep\n|turn|7\n|\n|t:|1699916838\n|move|p1a: Zapdos|U-turn|p2a: Wo-Chien\n|-supereffective|p2a: Wo-Chien\n|-damage|p2a: Wo-Chien|64\/100 par\n|\n|t:|1699916843\n|switch|p1a: Manaphy|Manaphy|100\/100|[from] U-turn\n|move|p2a: Wo-Chien|Knock Off|p1a: Manaphy\n|-damage|p1a: Manaphy|82\/100\n|-enditem|p1a: Manaphy|Assault Vest|[from] move: Knock Off|[of] p2a: Wo-Chien\n|\n|-weather|SunnyDay|[upkeep]\n|-heal|p2a: Wo-Chien|70\/100 par|[from] item: Leftovers\n|upkeep\n|turn|8\n|inactive|Thibault56 has 120 seconds left.\n|l| Porycomingback\n|\n|t:|1699916856\n|move|p1a: Manaphy|U-turn|p2a: Wo-Chien\n|-supereffective|p2a: Wo-Chien\n|-crit|p2a: Wo-Chien\n|-damage|p2a: Wo-Chien|14\/100 par\n|c|\u2606Clas|mb\n|\n|t:|1699916860\n|switch|p1a: Zapdos|Zapdos, shiny|77\/100|[from] U-turn\n|cant|p2a: Wo-Chien|par\n|\n|-weather|SunnyDay|[upkeep]\n|-heal|p2a: Wo-Chien|20\/100 par|[from] item: Leftovers\n|upkeep\n|turn|9\n|\n|t:|1699916868\n|move|p1a: Zapdos|U-turn|p2a: Wo-Chien\n|-supereffective|p2a: Wo-Chien\n|-damage|p2a: Wo-Chien|0 fnt\n|faint|p2a: Wo-Chien\n|\n|t:|1699916877\n|switch|p1a: Manaphy|Manaphy|82\/100|[from] U-turn\n|\n|-weather|SunnyDay|[upkeep]\n|upkeep\n|\n|t:|1699916881\n|switch|p2a: Sandy Shocks|Sandy Shocks|100\/100\n|-damage|p2a: Sandy Shocks|94\/100|[from] Stealth Rock\n|-activate|p2a: Sandy Shocks|ability: Protosynthesis\n|-start|p2a: Sandy Shocks|protosynthesisspe\n|turn|10\n|\n|t:|1699916892\n|switch|p1a: Ting-Lu|Ting-Lu|97\/100\n|-ability|p1a: Ting-Lu|Vessel of Ruin\n|-terastallize|p2a: Sandy Shocks|Ice\n|move|p2a: Sandy Shocks|Tera Blast|p1a: Ting-Lu|[anim] Tera Blast Ice\n|-supereffective|p1a: Ting-Lu\n|-damage|p1a: Ting-Lu|46\/100\n|\n|-weather|none\n|-end|p2a: Sandy Shocks|Protosynthesis\n|-heal|p1a: Ting-Lu|53\/100|[from] item: Leftovers\n|upkeep\n|turn|11\n|\n|t:|1699916911\n|-end|p2a: Sandy Shocks|Protosynthesis|[silent]\n|switch|p2a: Torkoal|Torkoal, F|97\/100\n|-damage|p2a: Torkoal|72\/100|[from] Stealth Rock\n|-weather|SunnyDay|[from] ability: Drought|[of] p2a: Torkoal\n|switch|p1a: Cinderace|Cinderace, F|100\/100\n|\n|-weather|SunnyDay|[upkeep]\n|upkeep\n|turn|12\n|\n|t:|1699916921\n|move|p1a: Cinderace|U-turn|p2a: Torkoal\n|-resisted|p2a: Torkoal\n|-damage|p2a: Torkoal|67\/100\n|\n|t:|1699916924\n|switch|p1a: Gholdengo|Gholdengo|100\/100|[from] U-turn\n|move|p2a: Torkoal|Rapid Spin|p1a: Gholdengo\n|-immune|p1a: Gholdengo\n|\n|-weather|SunnyDay|[upkeep]\n|upkeep\n|turn|13\n|\n|t:|1699916929\n|switch|p1a: Manaphy|Manaphy|82\/100\n|move|p2a: Torkoal|Lava Plume|p1a: Manaphy\n|-resisted|p1a: Manaphy\n|-damage|p1a: Manaphy|67\/100\n|\n|-weather|SunnyDay|[upkeep]\n|upkeep\n|turn|14\n|\n|t:|1699916936\n|move|p1a: Manaphy|Take Heart|p1a: Manaphy\n|-boost|p1a: Manaphy|spa|1\n|-boost|p1a: Manaphy|spd|1\n|move|p2a: Torkoal|Stealth Rock|p1a: Manaphy\n|-sidestart|p1: Clas|move: Stealth Rock\n|\n|-weather|SunnyDay|[upkeep]\n|upkeep\n|turn|15\n|\n|t:|1699916940\n|move|p1a: Manaphy|Scald|p2a: Torkoal\n|-supereffective|p2a: Torkoal\n|-damage|p2a: Torkoal|13\/100\n|move|p2a: Torkoal|Will-O-Wisp|p1a: Manaphy\n|-status|p1a: Manaphy|brn\n|\n|-weather|SunnyDay|[upkeep]\n|-damage|p1a: Manaphy|60\/100 brn|[from] brn\n|upkeep\n|turn|16\n|\n|t:|1699916953\n|move|p1a: Manaphy|Scald|p2a: Torkoal\n|-supereffective|p2a: Torkoal\n|-damage|p2a: Torkoal|0 fnt\n|faint|p2a: Torkoal\n|\n|-weather|SunnyDay|[upkeep]\n|-damage|p1a: Manaphy|54\/100 brn|[from] brn\n|upkeep\n|\n|t:|1699916959\n|switch|p2a: Sandy Shocks|Sandy Shocks, tera:Ice|94\/100\n|-damage|p2a: Sandy Shocks|70\/100|[from] Stealth Rock\n|-activate|p2a: Sandy Shocks|ability: Protosynthesis\n|-start|p2a: Sandy Shocks|protosynthesisspe\n|turn|17\n|\n|t:|1699916970\n|move|p2a: Sandy Shocks|Thunderbolt|p1a: Manaphy\n|-supereffective|p1a: Manaphy\n|-damage|p1a: Manaphy|0 fnt\n|faint|p1a: Manaphy\n|\n|-weather|SunnyDay|[upkeep]\n|upkeep\n|\n|t:|1699916976\n|switch|p1a: Ting-Lu|Ting-Lu|53\/100\n|-damage|p1a: Ting-Lu|46\/100|[from] Stealth Rock\n|-ability|p1a: Ting-Lu|Vessel of Ruin\n|turn|18\n|\n|t:|1699916982\n|-end|p2a: Sandy Shocks|Protosynthesis|[silent]\n|switch|p2a: Great Tusk|Great Tusk|100\/100\n|-damage|p2a: Great Tusk|98\/100|[from] Stealth Rock\n|-activate|p2a: Great Tusk|ability: Protosynthesis\n|-start|p2a: Great Tusk|protosynthesisdef\n|move|p1a: Ting-Lu|Ruination|p2a: Great Tusk\n|-damage|p2a: Great Tusk|49\/100\n|\n|-weather|none\n|-end|p2a: Great Tusk|Protosynthesis\n|-heal|p1a: Ting-Lu|53\/100|[from] item: Leftovers\n|upkeep\n|turn|19\n|\n|t:|1699916993\n|-end|p2a: Great Tusk|Protosynthesis|[silent]\n|switch|p2a: Sandy Shocks|Sandy Shocks, tera:Ice|70\/100\n|-damage|p2a: Sandy Shocks|45\/100|[from] Stealth Rock\n|move|p1a: Ting-Lu|Earthquake|p2a: Sandy Shocks\n|-damage|p2a: Sandy Shocks|0 fnt\n|faint|p2a: Sandy Shocks\n|-end|p2a: Sandy Shocks|Protosynthesis|[silent]\n|\n|-heal|p1a: Ting-Lu|59\/100|[from] item: Leftovers\n|upkeep\n|-message|Thibault56 forfeited.\n|\n|win|Clas\n|raw|Clas's rating: 1584 &rarr; <strong>1599<\/strong><br \/>(+15 for winning)\n|raw|Thibault56's rating: 1489 &rarr; <strong>1474<\/strong><br \/>(-15 for losing)\n|l|\u2606Thibault56\n|l|\u2606Clas\n|j|\u2606Clas\n|player|p1|Clas|#wcop2023uk2\n","uploadtime":1699917013,"views":20,"p1id":"clas","p2id":"thibault56","formatid":"gen9ou","rating":1474,"private":0,"password":""}