{"id":"gen9ou-1991238852","p1":"rulimuli","p2":"dilkem","format":"[Gen 9] OU","log":"|j|\u2606rulimuli\n|j|\u203ddilkem\n|t:|1700060220\n|gametype|singles\n|player|p1|rulimuli|li|1372\n|player|p2|dilkem|worker|1368\n|teamsize|p1|6\n|teamsize|p2|6\n|gen|9\n|tier|[Gen 9] OU\n|rated|\n|rule|Sleep Clause Mod: Limit one foe put to sleep\n|rule|Species Clause: Limit one of each Pok\u00e9mon\n|rule|OHKO Clause: OHKO moves are banned\n|rule|Evasion Items Clause: Evasion items are banned\n|rule|Evasion Moves Clause: Evasion moves are banned\n|rule|Endless Battle Clause: Forcing endless battles is banned\n|rule|HP Percentage Mod: HP is shown in percentages\n|clearpoke\n|poke|p1|Landorus-Therian, M|\n|poke|p1|Arcanine-Hisui, F|\n|poke|p1|Corviknight, M|\n|poke|p1|Ogerpon-Wellspring, F|\n|poke|p1|Thundurus-Therian, M|\n|poke|p1|Garchomp, F|\n|poke|p2|Slowbro, M|\n|poke|p2|Diancie|\n|poke|p2|Slither Wing|\n|poke|p2|Donphan, M|\n|poke|p2|Arcanine-Hisui, F|\n|poke|p2|Revavroom, M|\n|teampreview\n|inactive|Battle timer is ON: inactive players will automatically lose when time's up. (requested by dilkem)\n|\n|t:|1700060242\n|start\n|switch|p1a: Thundurus|Thundurus-Therian, M|100\/100\n|switch|p2a: Slowbro|Slowbro, M, shiny|100\/100\n|turn|1\n|\n|t:|1700060255\n|switch|p2a: Revavroom|Revavroom, M|100\/100\n|move|p1a: Thundurus|Nasty Plot|p1a: Thundurus\n|-boost|p1a: Thundurus|spa|2\n|\n|upkeep\n|turn|2\n|inactive|rulimuli has 120 seconds left.\n|\n|t:|1700060290\n|move|p1a: Thundurus|Thunderbolt|p2a: Revavroom\n|-damage|p2a: Revavroom|7\/100\n|move|p2a: Revavroom|Haze|p2a: Revavroom\n|-clearallboost\n|\n|-heal|p2a: Revavroom|13\/100|[from] item: Black Sludge\n|upkeep\n|turn|3\n|\n|t:|1700060297\n|move|p1a: Thundurus|Thunderbolt|p2a: Revavroom\n|-damage|p2a: Revavroom|0 fnt\n|faint|p2a: Revavroom\n|\n|upkeep\n|\n|t:|1700060302\n|switch|p2a: Arcanine|Arcanine-Hisui, F|100\/100\n|turn|4\n|\n|t:|1700060313\n|switch|p1a: Landorus|Landorus-Therian, M|100\/100\n|-ability|p1a: Landorus|Intimidate|boost\n|-unboost|p2a: Arcanine|atk|1\n|move|p2a: Arcanine|Flare Blitz|p1a: Landorus\n|-damage|p1a: Landorus|63\/100\n|\n|-heal|p1a: Landorus|69\/100|[from] item: Leftovers\n|upkeep\n|turn|5\n|\n|t:|1700060326\n|switch|p2a: Slither Wing|Slither Wing|100\/100\n|move|p1a: Landorus|Stealth Rock|p2a: Slither Wing\n|-sidestart|p2: dilkem|move: Stealth Rock\n|\n|-heal|p1a: Landorus|75\/100|[from] item: Leftovers\n|upkeep\n|turn|6\n|\n|t:|1700060336\n|switch|p1a: Corviknight|Corviknight, M|100\/100\n|-ability|p1a: Corviknight|Pressure\n|move|p2a: Slither Wing|U-turn|p1a: Corviknight\n|-resisted|p1a: Corviknight\n|-damage|p1a: Corviknight|93\/100\n|-damage|p2a: Slither Wing|84\/100|[from] item: Rocky Helmet|[of] p1a: Corviknight\n|\n|t:|1700060344\n|-end|p2a: Slither Wing|Protosynthesis|[silent]\n|switch|p2a: Slowbro|Slowbro, M, shiny|100\/100|[from] U-turn\n|-damage|p2a: Slowbro|88\/100|[from] Stealth Rock\n|\n|upkeep\n|turn|7\n|\n|t:|1700060358\n|move|p1a: Corviknight|U-turn|p2a: Slowbro\n|-supereffective|p2a: Slowbro\n|-damage|p2a: Slowbro|66\/100\n|-enditem|p2a: Slowbro|Weakness Policy\n|-boost|p2a: Slowbro|atk|2|[from] item: Weakness Policy\n|-boost|p2a: Slowbro|spa|2|[from] item: Weakness Policy\n|\n|t:|1700060378\n|switch|p1a: Thundurus|Thundurus-Therian, M|100\/100|[from] U-turn\n|move|p2a: Slowbro|Trick Room|p2a: Slowbro\n|-fieldstart|move: Trick Room|[of] p2a: Slowbro\n|\n|upkeep\n|turn|8\n|\n|t:|1700060388\n|switch|p1a: Corviknight|Corviknight, M|93\/100\n|-ability|p1a: Corviknight|Pressure\n|move|p2a: Slowbro|Psychic|p1a: Corviknight\n|-resisted|p1a: Corviknight\n|-damage|p1a: Corviknight|54\/100\n|\n|upkeep\n|turn|9\n|\n|t:|1700060398\n|move|p2a: Slowbro|Focus Blast|p1a: Corviknight\n|-damage|p1a: Corviknight|0 fnt\n|faint|p1a: Corviknight\n|\n|upkeep\n|inactive|rulimuli has 120 seconds left.\n|\n|t:|1700060431\n|switch|p1a: Arcanine|Arcanine-Hisui, F|100\/100\n|turn|10\n|\n|t:|1700060435\n|switch|p1a: Ogerpon|Ogerpon-Wellspring, F|100\/100\n|move|p2a: Slowbro|Surf|p1a: Ogerpon\n|-immune|p1a: Ogerpon|[from] ability: Water Absorb\n|\n|upkeep\n|turn|11\n|\n|t:|1700060451\n|move|p2a: Slowbro|Psychic|p1a: Ogerpon\n|-damage|p1a: Ogerpon|0 fnt\n|faint|p1a: Ogerpon\n|\n|-fieldend|move: Trick Room\n|upkeep\n|\n|t:|1700060454\n|switch|p1a: Thundurus|Thundurus-Therian, M|100\/100\n|turn|12\n|inactive|dilkem has 120 seconds left.\n|\n|t:|1700060506\n|switch|p2a: Donphan|Donphan, M|100\/100\n|-damage|p2a: Donphan|94\/100|[from] Stealth Rock\n|move|p1a: Thundurus|Thunderbolt|p2a: Donphan\n|-immune|p2a: Donphan\n|\n|-heal|p2a: Donphan|100\/100|[from] item: Leftovers\n|upkeep\n|turn|13\n|\n|t:|1700060530\n|-terastallize|p1a: Thundurus|Ice\n|move|p1a: Thundurus|Tera Blast|p2a: Donphan|[anim] Tera Blast Ice\n|-supereffective|p2a: Donphan\n|-ability|p2a: Donphan|Sturdy\n|-damage|p2a: Donphan|1\/100\n|move|p2a: Donphan|Rock Slide|p1a: Thundurus\n|-supereffective|p1a: Thundurus\n|-damage|p1a: Thundurus|20\/100\n|\n|-heal|p2a: Donphan|7\/100|[from] item: Leftovers\n|upkeep\n|turn|14\n|inactive|dilkem has 90 seconds left.\n|\n|t:|1700060551\n|move|p2a: Donphan|Ice Shard|p1a: Thundurus\n|-resisted|p1a: Thundurus\n|-damage|p1a: Thundurus|10\/100\n|move|p1a: Thundurus|Tera Blast|p2a: Donphan|[anim] Tera Blast Ice\n|-supereffective|p2a: Donphan\n|-damage|p2a: Donphan|0 fnt\n|faint|p2a: Donphan\n|\n|upkeep\n|inactive|dilkem has 90 seconds left.\n|\n|t:|1700060560\n|switch|p2a: Slither Wing|Slither Wing|84\/100\n|-damage|p2a: Slither Wing|72\/100|[from] Stealth Rock\n|turn|15\n|inactive|rulimuli has 120 seconds left.\n|\n|t:|1700060592\n|move|p2a: Slither Wing|First Impression|p1a: Thundurus\n|-damage|p1a: Thundurus|0 fnt\n|faint|p1a: Thundurus\n|\n|upkeep\n|\n|t:|1700060595\n|switch|p1a: Landorus|Landorus-Therian, M|75\/100\n|-ability|p1a: Landorus|Intimidate|boost\n|-unboost|p2a: Slither Wing|atk|1\n|turn|16\n|\n|t:|1700060604\n|move|p2a: Slither Wing|U-turn|p1a: Landorus\n|-resisted|p1a: Landorus\n|-damage|p1a: Landorus|60\/100\n|\n|t:|1700060612\n|-end|p2a: Slither Wing|Protosynthesis|[silent]\n|switch|p2a: Slowbro|Slowbro, M, shiny|99\/100|[from] U-turn\n|-damage|p2a: Slowbro|87\/100|[from] Stealth Rock\n|move|p1a: Landorus|Grass Knot|p2a: Slowbro\n|-supereffective|p2a: Slowbro\n|-damage|p2a: Slowbro|48\/100\n|\n|-heal|p1a: Landorus|66\/100|[from] item: Leftovers\n|upkeep\n|turn|17\n|inactive|rulimuli has 120 seconds left.\n|\n|t:|1700060635\n|move|p1a: Landorus|Earthquake|p2a: Slowbro\n|-damage|p2a: Slowbro|13\/100\n|move|p2a: Slowbro|Trick Room|p2a: Slowbro\n|-fieldstart|move: Trick Room|[of] p2a: Slowbro\n|\n|-heal|p1a: Landorus|72\/100|[from] item: Leftovers\n|upkeep\n|turn|18\n|inactive|dilkem has 120 seconds left.\n|\n|t:|1700060644\n|move|p2a: Slowbro|Surf|p1a: Landorus\n|-supereffective|p1a: Landorus\n|-damage|p1a: Landorus|11\/100\n|move|p1a: Landorus|U-turn|p2a: Slowbro\n|-supereffective|p2a: Slowbro\n|-damage|p2a: Slowbro|0 fnt\n|faint|p2a: Slowbro\n|inactive|rulimuli has 120 seconds left.\n|\n|t:|1700060661\n|switch|p1a: Arcanine|Arcanine-Hisui, F|100\/100|[from] U-turn\n|\n|upkeep\n|\n|t:|1700060668\n|switch|p2a: Diancie|Diancie|100\/100\n|-damage|p2a: Diancie|88\/100|[from] Stealth Rock\n|turn|19\n|\n|t:|1700060677\n|switch|p1a: Landorus|Landorus-Therian, M|11\/100\n|-ability|p1a: Landorus|Intimidate|boost\n|-fail|p2a: Diancie|unboost|[from] ability: Clear Body|[of] p2a: Diancie\n|move|p2a: Diancie|Earth Power|p1a: Landorus\n|-immune|p1a: Landorus\n|\n|-heal|p2a: Diancie|94\/100|[from] item: Leftovers\n|-heal|p1a: Landorus|17\/100|[from] item: Leftovers\n|upkeep\n|turn|20\n|\n|t:|1700060689\n|move|p2a: Diancie|Moonblast|p1a: Landorus\n|-damage|p1a: Landorus|0 fnt\n|faint|p1a: Landorus\n|\n|-heal|p2a: Diancie|100\/100|[from] item: Leftovers\n|upkeep\n|inactive|rulimuli has 120 seconds left.\n|\n|t:|1700060728\n|switch|p1a: Garchomp|Garchomp, F|100\/100\n|turn|21\n|\n|t:|1700060747\n|switch|p2a: Slither Wing|Slither Wing|72\/100\n|-damage|p2a: Slither Wing|59\/100|[from] Stealth Rock\n|move|p1a: Garchomp|Earthquake|p2a: Slither Wing\n|-resisted|p2a: Slither Wing\n|-damage|p2a: Slither Wing|26\/100\n|\n|-fieldend|move: Trick Room\n|upkeep\n|turn|22\n|inactive|dilkem has 120 seconds left.\n|inactive|rulimuli has 90 seconds left.\n|\n|t:|1700060806\n|move|p2a: Slither Wing|First Impression|p1a: Garchomp\n|-damage|p1a: Garchomp|40\/100\n|-damage|p2a: Slither Wing|14\/100|[from] ability: Rough Skin|[of] p1a: Garchomp\n|move|p1a: Garchomp|Substitute|p1a: Garchomp\n|-start|p1a: Garchomp|Substitute\n|-damage|p1a: Garchomp|15\/100\n|\n|upkeep\n|turn|23\n|inactive|dilkem has 120 seconds left.\n|inactive|rulimuli has 60 seconds left.\n|\n|t:|1700060822\n|move|p1a: Garchomp|Scale Shot|p2a: Slither Wing\n|-damage|p2a: Slither Wing|0 fnt\n|faint|p2a: Slither Wing\n|-end|p2a: Slither Wing|Protosynthesis|[silent]\n|-hitcount|p2: Slither Wing|1\n|-unboost|p1a: Garchomp|def|1\n|-boost|p1a: Garchomp|spe|1\n|\n|upkeep\n|\n|t:|1700060839\n|switch|p2a: Diancie|Diancie|100\/100\n|-damage|p2a: Diancie|88\/100|[from] Stealth Rock\n|turn|24\n|\n|t:|1700060849\n|-terastallize|p2a: Diancie|Grass\n|move|p1a: Garchomp|Earthquake|p2a: Diancie\n|-resisted|p2a: Diancie\n|-damage|p2a: Diancie|65\/100\n|move|p2a: Diancie|Trick Room|p2a: Diancie\n|-fieldstart|move: Trick Room|[of] p2a: Diancie\n|\n|-heal|p2a: Diancie|71\/100|[from] item: Leftovers\n|upkeep\n|turn|25\n|\n|t:|1700060857\n|move|p2a: Diancie|Moonblast|p1a: Garchomp\n|-supereffective|p1a: Garchomp\n|-end|p1a: Garchomp|Substitute\n|move|p1a: Garchomp|Scale Shot|p2a: Diancie\n|-damage|p2a: Diancie|59\/100\n|-damage|p2a: Diancie|47\/100\n|-damage|p2a: Diancie|36\/100\n|-damage|p2a: Diancie|24\/100\n|-hitcount|p2a: Diancie|4\n|-unboost|p1a: Garchomp|def|1\n|-boost|p1a: Garchomp|spe|1\n|\n|-heal|p2a: Diancie|30\/100|[from] item: Leftovers\n|upkeep\n|turn|26\n|inactive|dilkem has 120 seconds left.\n|\n|t:|1700060873\n|move|p2a: Diancie|Earth Power|p1a: Garchomp\n|-damage|p1a: Garchomp|0 fnt\n|faint|p1a: Garchomp\n|\n|-heal|p2a: Diancie|36\/100|[from] item: Leftovers\n|upkeep\n|\n|t:|1700060880\n|switch|p1a: Arcanine|Arcanine-Hisui, F|100\/100\n|turn|27\n|\n|t:|1700060887\n|move|p2a: Diancie|Earth Power|p1a: Arcanine\n|-supereffective|p1a: Arcanine\n|-damage|p1a: Arcanine|0 fnt\n|faint|p1a: Arcanine\n|\n|win|dilkem\n|raw|rulimuli's rating: 1372 &rarr; <strong>1352<\/strong><br \/>(-20 for losing)\n|raw|dilkem's rating: 1368 &rarr; <strong>1388<\/strong><br \/>(+20 for winning)\n|l|\u2606rulimuli\n","uploadtime":1700060900,"views":6,"p1id":"rulimuli","p2id":"dilkem","formatid":"gen9ou","rating":1352,"private":0,"password":""}