{"id":"gen9ou-1993663546","p1":"loxirayax","p2":"juju6759","format":"[Gen 9] OU","log":"|j|\u2606loxirayax\n|j|\u2606juju6759\n|t:|1700343010\n|gametype|singles\n|player|p1|loxirayax|265|\n|player|p2|juju6759|169|\n|teamsize|p1|6\n|teamsize|p2|6\n|gen|9\n|tier|[Gen 9] OU\n|rule|Sleep Clause Mod: Limit one foe put to sleep\n|rule|Species Clause: Limit one of each Pok\u00e9mon\n|rule|OHKO Clause: OHKO moves are banned\n|rule|Evasion Items Clause: Evasion items are banned\n|rule|Evasion Moves Clause: Evasion moves are banned\n|rule|Endless Battle Clause: Forcing endless battles is banned\n|rule|HP Percentage Mod: HP is shown in percentages\n|clearpoke\n|poke|p1|Glimmora, F|\n|poke|p1|Landorus-Therian, M|\n|poke|p1|Kingambit, F|\n|poke|p1|Azumarill, M|\n|poke|p1|Heatran, F|\n|poke|p1|Rotom-Wash|\n|poke|p2|Glimmora, F|\n|poke|p2|Gholdengo|\n|poke|p2|Ogerpon-Wellspring, F|\n|poke|p2|Kingambit, F|\n|poke|p2|Iron Moth|\n|poke|p2|Enamorus, F|\n|teampreview\n|c|\u2606juju6759|on se met pas de timer mdr\n|\n|t:|1700343025\n|start\n|switch|p1a: Glimmora|Glimmora, F|100\/100\n|switch|p2a: Glimmora|Glimmora, F|100\/100\n|turn|1\n|\n|t:|1700343037\n|switch|p1a: Landorus|Landorus-Therian, M|100\/100\n|-ability|p1a: Landorus|Intimidate|boost\n|-unboost|p2a: Glimmora|atk|1\n|move|p2a: Glimmora|Stealth Rock|p1a: Landorus\n|-sidestart|p1: loxirayax|move: Stealth Rock\n|\n|upkeep\n|turn|2\n|\n|t:|1700343060\n|switch|p2a: Enamorus|Enamorus, F|100\/100\n|move|p1a: Landorus|Earthquake|p2a: Enamorus\n|-immune|p2a: Enamorus\n|\n|upkeep\n|turn|3\n|\n|t:|1700343073\n|move|p2a: Enamorus|Earth Power|p1a: Landorus\n|-immune|p1a: Landorus\n|move|p1a: Landorus|U-turn|p2a: Enamorus\n|-resisted|p2a: Enamorus\n|-damage|p2a: Enamorus|90\/100\n|\n|t:|1700343083\n|switch|p1a: Glimmora|Glimmora, F|100\/100|[from] U-turn\n|-damage|p1a: Glimmora|88\/100|[from] Stealth Rock\n|\n|upkeep\n|turn|4\n|\n|t:|1700343099\n|switch|p1a: Heatran|Heatran, F|100\/100\n|-damage|p1a: Heatran|88\/100|[from] Stealth Rock\n|-item|p1a: Heatran|Air Balloon\n|move|p2a: Enamorus|Earth Power|p1a: Heatran\n|-immune|p1a: Heatran\n|\n|upkeep\n|turn|5\n|\n|t:|1700343112\n|switch|p2a: Ogerpon|Ogerpon-Wellspring, F|100\/100\n|move|p1a: Heatran|Power Gem|p2a: Ogerpon\n|-damage|p2a: Ogerpon|67\/100\n|\n|upkeep\n|turn|6\n|\n|t:|1700343136\n|move|p2a: Ogerpon|Power Whip|p1a: Heatran|[miss]\n|-miss|p2a: Ogerpon|p1a: Heatran\n|move|p1a: Heatran|Dragon Pulse|p2a: Ogerpon\n|-damage|p2a: Ogerpon|30\/100\n|\n|upkeep\n|turn|7\n|\n|t:|1700343145\n|switch|p1a: Azumarill|Azumarill, M|100\/100\n|-damage|p1a: Azumarill|88\/100|[from] Stealth Rock\n|move|p2a: Ogerpon|Ivy Cudgel|p1a: Azumarill|[anim] Ivy Cudgel Water\n|-resisted|p1a: Azumarill\n|-damage|p1a: Azumarill|58\/100\n|\n|upkeep\n|turn|8\n|\n|t:|1700343157\n|-terastallize|p1a: Azumarill|Water\n|move|p1a: Azumarill|Aqua Jet|p2a: Ogerpon\n|-heal|p2a: Ogerpon|55\/100|[from] ability: Water Absorb|[of] p1a: Azumarill\n|move|p2a: Ogerpon|Power Whip|p1a: Azumarill|[miss]\n|-miss|p2a: Ogerpon|p1a: Azumarill\n|\n|upkeep\n|turn|9\n|\n|t:|1700343170\n|switch|p1a: Rotom|Rotom-Wash|100\/100\n|-damage|p1a: Rotom|88\/100|[from] Stealth Rock\n|move|p2a: Ogerpon|Power Whip|p1a: Rotom\n|-supereffective|p1a: Rotom\n|-damage|p1a: Rotom|0 fnt\n|faint|p1a: Rotom\n|\n|upkeep\n|\n|t:|1700343205\n|switch|p1a: Landorus|Landorus-Therian, M|100\/100\n|-ability|p1a: Landorus|Intimidate|boost\n|-unboost|p2a: Ogerpon|atk|1\n|turn|10\n|\n|t:|1700343218\n|switch|p2a: Glimmora|Glimmora, F|100\/100\n|move|p1a: Landorus|U-turn|p2a: Glimmora\n|-resisted|p2a: Glimmora\n|-damage|p2a: Glimmora|84\/100\n|-activate|p2a: Glimmora|ability: Toxic Debris\n|-sidestart|p1: loxirayax|move: Toxic Spikes\n|\n|t:|1700343226\n|switch|p1a: Glimmora|Glimmora, F|88\/100|[from] U-turn\n|-damage|p1a: Glimmora|76\/100|[from] Stealth Rock\n|-sideend|p1: loxirayax|move: Toxic Spikes|[of] p1a: Glimmora\n|\n|upkeep\n|turn|11\n|\n|t:|1700343233\n|move|p1a: Glimmora|Mortal Spin|p2a: Glimmora\n|-resisted|p2a: Glimmora\n|-damage|p2a: Glimmora|82\/100\n|-activate|p2a: Glimmora|ability: Toxic Debris\n|-sidestart|p1: loxirayax|move: Toxic Spikes\n|-sideend|p1: loxirayax|Toxic Spikes|[from] move: Mortal Spin|[of] p1a: Glimmora\n|-sideend|p1: loxirayax|Stealth Rock|[from] move: Mortal Spin|[of] p1a: Glimmora\n|move|p2a: Glimmora|Earth Power|p1a: Glimmora\n|-supereffective|p1a: Glimmora\n|-damage|p1a: Glimmora|0 fnt\n|faint|p1a: Glimmora\n|\n|upkeep\n|\n|t:|1700343246\n|switch|p1a: Azumarill|Azumarill, M, tera:Water|58\/100\n|turn|12\n|\n|t:|1700343254\n|move|p1a: Azumarill|Aqua Jet|p2a: Glimmora\n|-supereffective|p2a: Glimmora\n|-damage|p2a: Glimmora|0 fnt\n|-activate|p2a: Glimmora|ability: Toxic Debris\n|-sidestart|p1: loxirayax|move: Toxic Spikes\n|faint|p2a: Glimmora\n|\n|upkeep\n|\n|t:|1700343266\n|switch|p2a: Ogerpon|Ogerpon-Wellspring, F|55\/100\n|turn|13\n|\n|t:|1700343279\n|switch|p1a: Kingambit|Kingambit, F|100\/100\n|-activate|p1a: Kingambit|ability: Supreme Overlord\n|-start|p1a: Kingambit|fallen2|[silent]\n|move|p2a: Ogerpon|Ivy Cudgel|p1a: Kingambit|[anim] Ivy Cudgel Water\n|-damage|p1a: Kingambit|57\/100\n|\n|-heal|p1a: Kingambit|63\/100|[from] item: Leftovers\n|upkeep\n|turn|14\n|\n|t:|1700343292\n|move|p2a: Ogerpon|Encore||[still]\n|-fail|p2a: Ogerpon\n|move|p1a: Kingambit|Brick Break|p2a: Ogerpon\n|-damage|p2a: Ogerpon|12\/100\n|\n|-heal|p1a: Kingambit|69\/100|[from] item: Leftovers\n|upkeep\n|turn|15\n|\n|t:|1700343301\n|switch|p2a: Gholdengo|Gholdengo|100\/100\n|-item|p2a: Gholdengo|Air Balloon\n|move|p1a: Kingambit|Iron Head|p2a: Gholdengo\n|-resisted|p2a: Gholdengo\n|-damage|p2a: Gholdengo|66\/100\n|-enditem|p2a: Gholdengo|Air Balloon\n|\n|-heal|p1a: Kingambit|75\/100|[from] item: Leftovers\n|upkeep\n|turn|16\n|\n|t:|1700343322\n|switch|p2a: Iron Moth|Iron Moth|100\/100\n|-enditem|p2a: Iron Moth|Booster Energy\n|-activate|p2a: Iron Moth|ability: Quark Drive|[fromitem]\n|-start|p2a: Iron Moth|quarkdrivespe\n|move|p1a: Kingambit|Sucker Punch||[still]\n|-fail|p1a: Kingambit\n|\n|-heal|p1a: Kingambit|81\/100|[from] item: Leftovers\n|upkeep\n|turn|17\n|\n|t:|1700343334\n|-end|p1a: Kingambit|fallen2|[silent]\n|switch|p1a: Heatran|Heatran, F|88\/100\n|-item|p1a: Heatran|Air Balloon\n|-terastallize|p2a: Iron Moth|Ground\n|move|p2a: Iron Moth|Tera Blast|p1a: Heatran|[anim] Tera Blast Ground\n|-immune|p1a: Heatran\n|\n|upkeep\n|turn|18\n|\n|t:|1700343368\n|-end|p2a: Iron Moth|Quark Drive|[silent]\n|switch|p2a: Kingambit|Kingambit, F|100\/100\n|-activate|p2a: Kingambit|ability: Supreme Overlord\n|-start|p2a: Kingambit|fallen1|[silent]\n|move|p1a: Heatran|Magma Storm|p2a: Kingambit\n|-supereffective|p2a: Kingambit\n|-damage|p2a: Kingambit|0 fnt\n|faint|p2a: Kingambit\n|-end|p2a: Kingambit|fallen1|[silent]\n|\n|upkeep\n|\n|t:|1700343377\n|switch|p2a: Ogerpon|Ogerpon-Wellspring, F|12\/100\n|turn|19\n|\n|t:|1700343397\n|move|p2a: Ogerpon|Ivy Cudgel|p1a: Heatran|[anim] Ivy Cudgel Water\n|-supereffective|p1a: Heatran\n|-damage|p1a: Heatran|0 fnt\n|-enditem|p1a: Heatran|Air Balloon\n|faint|p1a: Heatran\n|\n|upkeep\n|\n|t:|1700343403\n|switch|p1a: Kingambit|Kingambit, F|81\/100\n|-activate|p1a: Kingambit|ability: Supreme Overlord\n|-start|p1a: Kingambit|fallen3|[silent]\n|turn|20\n|\n|t:|1700343411\n|move|p2a: Ogerpon|Swords Dance|p2a: Ogerpon\n|-boost|p2a: Ogerpon|atk|2\n|move|p1a: Kingambit|Iron Head|p2a: Ogerpon\n|-resisted|p2a: Ogerpon\n|-damage|p2a: Ogerpon|0 fnt\n|faint|p2a: Ogerpon\n|\n|-heal|p1a: Kingambit|88\/100|[from] item: Leftovers\n|upkeep\n|\n|t:|1700343420\n|switch|p2a: Iron Moth|Iron Moth, tera:Ground|100\/100\n|turn|21\n|\n|t:|1700343426\n|-end|p1a: Kingambit|fallen3|[silent]\n|switch|p1a: Landorus|Landorus-Therian, M|100\/100\n|-ability|p1a: Landorus|Intimidate|boost\n|-unboost|p2a: Iron Moth|atk|1\n|move|p2a: Iron Moth|Substitute|p2a: Iron Moth\n|-start|p2a: Iron Moth|Substitute\n|-damage|p2a: Iron Moth|76\/100\n|\n|upkeep\n|turn|22\n|\n|t:|1700343437\n|move|p2a: Iron Moth|Fiery Dance|p1a: Landorus\n|-damage|p1a: Landorus|52\/100\n|move|p1a: Landorus|Earthquake|p2a: Iron Moth\n|-end|p2a: Iron Moth|Substitute\n|\n|upkeep\n|turn|23\n|\n|t:|1700343447\n|move|p2a: Iron Moth|Fiery Dance|p1a: Landorus\n|-damage|p1a: Landorus|4\/100\n|move|p1a: Landorus|Earthquake|p2a: Iron Moth\n|-damage|p2a: Iron Moth|0 fnt\n|faint|p2a: Iron Moth\n|-end|p2a: Iron Moth|Quark Drive|[silent]\n|\n|upkeep\n|\n|t:|1700343455\n|switch|p2a: Enamorus|Enamorus, F|90\/100\n|turn|24\n|\n|t:|1700343469\n|move|p1a: Landorus|Protect|p1a: Landorus\n|-singleturn|p1a: Landorus|Protect\n|move|p2a: Enamorus|Moonblast|p1a: Landorus\n|-activate|p1a: Landorus|move: Protect\n|\n|upkeep\n|turn|25\n|\n|t:|1700343476\n|move|p2a: Enamorus|Moonblast|p1a: Landorus\n|-damage|p1a: Landorus|0 fnt\n|faint|p1a: Landorus\n|\n|upkeep\n|\n|t:|1700343481\n|switch|p1a: Azumarill|Azumarill, M, tera:Water|58\/100\n|-status|p1a: Azumarill|psn\n|turn|26\n|\n|t:|1700343488\n|move|p1a: Azumarill|Aqua Jet|p2a: Enamorus\n|-damage|p2a: Enamorus|3\/100\n|move|p2a: Enamorus|Moonblast|p1a: Azumarill\n|-damage|p1a: Azumarill|7\/100 psn\n|-unboost|p1a: Azumarill|spa|1\n|\n|-damage|p1a: Azumarill|0 fnt|[from] psn\n|faint|p1a: Azumarill\n|upkeep\n|\n|t:|1700343496\n|switch|p1a: Kingambit|Kingambit, F|88\/100\n|-activate|p1a: Kingambit|ability: Supreme Overlord\n|-start|p1a: Kingambit|fallen5|[silent]\n|turn|27\n|\n|t:|1700343506\n|move|p1a: Kingambit|Sucker Punch|p2a: Enamorus\n|-resisted|p2a: Enamorus\n|-damage|p2a: Enamorus|0 fnt\n|faint|p2a: Enamorus\n|\n|-heal|p1a: Kingambit|94\/100|[from] item: Leftovers\n|upkeep\n|\n|t:|1700343511\n|switch|p2a: Gholdengo|Gholdengo|66\/100\n|turn|28\n|\n|t:|1700343516\n|move|p2a: Gholdengo|Nasty Plot|p2a: Gholdengo\n|-boost|p2a: Gholdengo|spa|2\n|move|p1a: Kingambit|Swords Dance|p1a: Kingambit\n|-boost|p1a: Kingambit|atk|2\n|\n|-heal|p1a: Kingambit|99\/100|[from] item: Leftovers\n|upkeep\n|turn|29\n|\n|t:|1700343528\n|move|p1a: Kingambit|Sucker Punch|p2a: Gholdengo\n|-supereffective|p2a: Gholdengo\n|-damage|p2a: Gholdengo|0 fnt\n|faint|p2a: Gholdengo\n|\n|win|loxirayax\n|c|\u2606juju6759|gg\n|c|\u2606loxirayax|gg\n|c|\u2606loxirayax|j'ai su\u00e9 au d\u00e9but\n|c|\u2606juju6759|mdrrr moi tout le reste\n|c|\u2606loxirayax|je sais pas trop comment apsser ogerpon\n|c|\u2606juju6759|ouais il y a pas mal de faille sur ogerpon dans ta team\n|c|\u2606juju6759|mais je pense que tu peux facilement corriger\n|c|\u2606juju6759|perso je suis nul en team building\n|c|\u2606loxirayax|mais c'est quoi le counter classique de orgerpon ?\n|c|\u2606juju6759|car je prends des teams en ligne\n|c|\u2606juju6759|euh ta d\u00e9j\u00e0 lui m\u00eame mdr\n|c|\u2606loxirayax|ouais okk, jt'avoue je construit mes teams en fonctiuon de mes affinit\u00e9s de pok\u00e9mon XD\n|c|\u2606juju6759|maraiste water absorb est pasm al\n|c|\u2606loxirayax|il aque water absorb comme talent ?\n|c|\u2606juju6759|Nan unwara\n|c|\u2606juju6759|unaware\n|c|\u2606juju6759|ignore les +2 genre dance lame\n|c|\u2606loxirayax|ouais okk\n|c|\u2606loxirayax|simple question tu joues \u00e0 TCG?\n|c|\u2606loxirayax|des *\n|c|\u2606loxirayax|mais cette team tu la build ou trouv\u00e9 sur internet ?\n|c|\u2606juju6759|internet\n|c|\u2606juju6759|tcg c'est quoi treasure card game ?\n|c|\u2606loxirayax|trading card game, style magic\/yu gi oh etc\n|c|\u2606juju6759|Ahh non du tout\n|c|\u2606loxirayax|okkk okk\n|c|\u2606juju6759|tu joue toi ?\n|c|\u2606loxirayax|ouais\n|c|\u2606loxirayax|magic\n|c|\u2606juju6759|Ok je vois\n|c|\u2606loxirayax|j'ai touich\u00e9 un peu \u00e0 Yu gi\n|c|\u2606loxirayax|et j'ai test\u00e9 tous les plus connu mais essentiellement mtg\n|c|\u2606juju6759|ouais je connais un pote de douai qui y joue il s'appelle anthony\n|c|\u2606loxirayax|il passe de temps en temps ici ?\n|c|\u2606juju6759|Euh ouais plus trop maintenant\n|c|\u2606loxirayax|tu viens r\u00e9guli\u00e8rement ici d'ailleurs ?\n|c|\u2606juju6759|Nan pas sur douai\n|c|\u2606juju6759|j'aime pas la ville\n|c|\u2606juju6759|mdr\n|c|\u2606loxirayax|t'es d'o\u00f9 ?\n|c|\u2606juju6759|je suis plus sur Lille\n|c|\u2606juju6759|meilleur ambiance\n|c|\u2606juju6759|\u00e0 la base Lille\n|c|\u2606juju6759|Strasbourg *\n|c|\u2606juju6759|mais je suis arriv\u00e9 il y a 2 mois\n|c|\u2606juju6759|et la je loge temporairement chez ma grand mere le temps de me prendre un appart\n|c|\u2606loxirayax|Qu'est ce qui t'as amen\u00e9 \u00e0 douai alors ?\n|c|\u2606loxirayax|ah okk\n|c|\u2606juju6759|Ouais ma grand mere elle est de cuincy\n|c|\u2606juju6759|et toi ?\n|c|\u2606juju6759|dis moi\n|c|\u2606loxirayax|je suis \u00e0 l'IMT (les mines) \u00e9cole d'ing\u00e9nieur qui est \u00e0 3 min \u00e0 piueds d'ici\n|c|\u2606loxirayax|et comme mes amis sont rentr\u00e9 ce WE je me fais un peu chier XD\n|c|\u2606loxirayax|d'o\u00f9 ma pr\u00e9sence\n|c|\u2606juju6759|Ahhh je vois tes en premi\u00e8re ann\u00e9e ?\n|c|\u2606loxirayax|2 eme\n|c|\u2606juju6759|j'ai ma cousine aussi qui \u00e9tudie l\u00e0 bas\n|c|\u2606juju6759|elle est en premi\u00e8re ann\u00e9e\n|c|\u2606loxirayax|ah ouais c'est qui si c'est pas trop indiscret\n|c|\u2606juju6759|elle est dans le feroviaire avec la sncf\n|c|\u2606juju6759|c'est Tamara\n|c|\u2606juju6759|ferroviaire *\n|c|\u2606juju6759|mais styl\u00e9 ing\u00e9 et tout\n|c|\u2606loxirayax|ferroviaire ? elle est sur douai ?\n|c|\u2606juju6759|Arras\n|c|\u2606loxirayax|et attends, pr\u00e9sident d'association XD\n|c|\u2606juju6759|mais elle fait sur valenciennes\n|c|\u2606loxirayax|ah ouais okk c'est pour \u00e7a\n|c|\u2606juju6759|l'\u00e9cole\n|c|\u2606loxirayax|ouais donc je ne l'ai pas crois\u00e9\n|c|\u2606juju6759|mais ouais sinon elle vient \u00e0 douai que rarement\n|c|\u2606juju6759|genre des cours le samedi\n|c|\u2606juju6759|si \u00e7a te parle\n|c|\u2606loxirayax|en vrai, t'as un discord? Histoire de se refaire un Match retour une fois qu'on aura am\u00e9liorer nos teams\n","uploadtime":1700344180,"views":8,"p1id":"loxirayax","p2id":"juju6759","formatid":"gen9ou","rating":0,"private":0,"password":""}