{"id":"gen9ou-1990575720","p1":"fawkzin","p2":"Silence814","format":"[Gen 9] OU","log":"|j|\u2606fawkzin\n|j|\u2606Silence814\n|t:|1699982736\n|gametype|singles\n|player|p1|fawkzin|acetrainersnowf|1041\n|player|p2|Silence814|iris-gen5bw2|1026\n|teamsize|p1|6\n|teamsize|p2|6\n|gen|9\n|tier|[Gen 9] OU\n|rated|\n|rule|Sleep Clause Mod: Limit one foe put to sleep\n|rule|Species Clause: Limit one of each Pok\u00e9mon\n|rule|OHKO Clause: OHKO moves are banned\n|rule|Evasion Items Clause: Evasion items are banned\n|rule|Evasion Moves Clause: Evasion moves are banned\n|rule|Endless Battle Clause: Forcing endless battles is banned\n|rule|HP Percentage Mod: HP is shown in percentages\n|clearpoke\n|poke|p1|Mimikyu, M|\n|poke|p1|Mienshao, M|\n|poke|p1|Gastrodon, M|\n|poke|p1|Tyranitar, F|\n|poke|p1|Blissey, F|\n|poke|p1|Talonflame, M|\n|poke|p2|Ceruledge, M|\n|poke|p2|Landorus-Therian, M|\n|poke|p2|Dragapult, M|\n|poke|p2|Glimmora, F|\n|poke|p2|Blissey, F|\n|poke|p2|Hatterene, F|\n|teampreview\n|inactive|Battle timer is ON: inactive players will automatically lose when time's up. (requested by Silence814)\n|\n|t:|1699982747\n|start\n|switch|p1a: Godzilla|Tyranitar, F|100\/100\n|switch|p2a: Glimmora|Glimmora, F|100\/100\n|-item|p2a: Glimmora|Air Balloon\n|-weather|Sandstorm|[from] ability: Sand Stream|[of] p1a: Godzilla\n|turn|1\n|\n|t:|1699982758\n|move|p2a: Glimmora|Spikes|p1a: Godzilla\n|-sidestart|p1: fawkzin|Spikes\n|move|p1a: Godzilla|Earthquake|p2a: Glimmora\n|-immune|p2a: Glimmora\n|\n|-weather|Sandstorm|[upkeep]\n|upkeep\n|turn|2\n|\n|t:|1699982770\n|move|p2a: Glimmora|Spikes|p1a: Godzilla\n|-sidestart|p1: fawkzin|Spikes\n|move|p1a: Godzilla|Crunch|p2a: Glimmora\n|-damage|p2a: Glimmora|58\/100\n|-activate|p2a: Glimmora|ability: Toxic Debris\n|-sidestart|p1: fawkzin|move: Toxic Spikes\n|-enditem|p2a: Glimmora|Air Balloon\n|\n|-weather|Sandstorm|[upkeep]\n|upkeep\n|turn|3\n|\n|t:|1699982780\n|move|p2a: Glimmora|Spikes|p1a: Godzilla\n|-sidestart|p1: fawkzin|Spikes\n|move|p1a: Godzilla|Earthquake|p2a: Glimmora\n|-supereffective|p2a: Glimmora\n|-damage|p2a: Glimmora|0 fnt\n|-activate|p2a: Glimmora|ability: Toxic Debris\n|-sidestart|p1: fawkzin|move: Toxic Spikes\n|faint|p2a: Glimmora\n|\n|-weather|Sandstorm|[upkeep]\n|upkeep\n|\n|t:|1699982789\n|switch|p2a: Landorus|Landorus-Therian, M|100\/100\n|-ability|p2a: Landorus|Intimidate|boost\n|-unboost|p1a: Godzilla|atk|1\n|turn|4\n|\n|t:|1699982796\n|move|p2a: Landorus|Stealth Rock|p1a: Godzilla\n|-sidestart|p1: fawkzin|move: Stealth Rock\n|move|p1a: Godzilla|Rock Tomb|p2a: Landorus\n|-damage|p2a: Landorus|77\/100\n|-unboost|p2a: Landorus|spe|1\n|\n|-weather|Sandstorm|[upkeep]\n|upkeep\n|turn|5\n|\n|t:|1699982812\n|move|p2a: Landorus|Earthquake|p1a: Godzilla\n|-supereffective|p1a: Godzilla\n|-damage|p1a: Godzilla|0 fnt\n|faint|p1a: Godzilla\n|-damage|p2a: Landorus|67\/100|[from] item: Life Orb\n|\n|-weather|none\n|upkeep\n|\n|t:|1699982819\n|switch|p1a: Gastrite|Gastrodon, M|100\/100\n|-damage|p1a: Gastrite|76\/100|[from] Spikes\n|-status|p1a: Gastrite|tox\n|-damage|p1a: Gastrite|70\/100 tox|[from] Stealth Rock\n|turn|6\n|\n|t:|1699982828\n|move|p2a: Landorus|Taunt|p1a: Gastrite\n|-start|p1a: Gastrite|move: Taunt\n|move|p1a: Gastrite|Surf|p2a: Landorus\n|-supereffective|p2a: Landorus\n|-damage|p2a: Landorus|0 fnt\n|faint|p2a: Landorus\n|\n|-damage|p1a: Gastrite|64\/100 tox|[from] psn\n|upkeep\n|\n|t:|1699982836\n|switch|p2a: Ceruledge|Ceruledge, M|100\/100\n|turn|7\n|\n|t:|1699982845\n|-terastallize|p2a: Ceruledge|Grass\n|move|p2a: Ceruledge|Bulk Up|p2a: Ceruledge\n|-boost|p2a: Ceruledge|atk|1\n|-boost|p2a: Ceruledge|def|1\n|move|p1a: Gastrite|Surf|p2a: Ceruledge\n|-resisted|p2a: Ceruledge\n|-damage|p2a: Ceruledge|79\/100\n|\n|-damage|p1a: Gastrite|51\/100 tox|[from] psn\n|upkeep\n|turn|8\n|\n|t:|1699982857\n|-terastallize|p1a: Gastrite|Ice\n|move|p2a: Ceruledge|Bulk Up|p2a: Ceruledge\n|-boost|p2a: Ceruledge|atk|1\n|-boost|p2a: Ceruledge|def|1\n|move|p1a: Gastrite|Ice Beam|p2a: Ceruledge\n|-supereffective|p2a: Ceruledge\n|-damage|p2a: Ceruledge|0 fnt\n|faint|p2a: Ceruledge\n|\n|-damage|p1a: Gastrite|33\/100 tox|[from] psn\n|-end|p1a: Gastrite|move: Taunt\n|upkeep\n|\n|t:|1699982872\n|switch|p2a: Blissey|Blissey, F|100\/100\n|turn|9\n|\n|t:|1699982876\n|move|p2a: Blissey|Calm Mind|p2a: Blissey\n|-boost|p2a: Blissey|spa|1\n|-boost|p2a: Blissey|spd|1\n|move|p1a: Gastrite|Recover|p1a: Gastrite\n|-heal|p1a: Gastrite|83\/100 tox\n|\n|-damage|p1a: Gastrite|59\/100 tox|[from] psn\n|upkeep\n|turn|10\n|\n|t:|1699982889\n|move|p2a: Blissey|Calm Mind|p2a: Blissey\n|-boost|p2a: Blissey|spa|1\n|-boost|p2a: Blissey|spd|1\n|move|p1a: Gastrite|Earthquake|p2a: Blissey\n|-damage|p2a: Blissey|38\/100\n|\n|-heal|p2a: Blissey|44\/100|[from] item: Leftovers\n|-damage|p1a: Gastrite|29\/100 tox|[from] psn\n|upkeep\n|turn|11\n|\n|t:|1699982903\n|switch|p2a: Dragapult|Dragapult, M|100\/100\n|move|p1a: Gastrite|Earthquake|p2a: Dragapult\n|-damage|p2a: Dragapult|62\/100\n|\n|-damage|p1a: Gastrite|0 fnt|[from] psn\n|faint|p1a: Gastrite\n|upkeep\n|\n|t:|1699982919\n|switch|p1a: Mimiku|Mimikyu, M|100\/100\n|-damage|p1a: Mimiku|76\/100|[from] Spikes\n|-status|p1a: Mimiku|tox\n|-damage|p1a: Mimiku|63\/100 tox|[from] Stealth Rock\n|turn|12\n|\n|t:|1699982933\n|move|p2a: Dragapult|U-turn|p1a: Mimiku\n|-activate|p1a: Mimiku|ability: Disguise\n|-damage|p1a: Mimiku|63\/100 tox\n|detailschange|p1a: Mimiku|Mimikyu-Busted, M\n|-damage|p1a: Mimiku|51\/100 tox|[from] pokemon: Mimikyu-Busted\n|\n|t:|1699982941\n|switch|p2a: Blissey|Blissey, F|44\/100|[from] U-turn\n|move|p1a: Mimiku|Play Rough|p2a: Blissey\n|-damage|p2a: Blissey|0 fnt\n|faint|p2a: Blissey\n|\n|-heal|p1a: Mimiku|57\/100 tox|[from] item: Leftovers\n|-damage|p1a: Mimiku|51\/100 tox|[from] psn\n|upkeep\n|\n|t:|1699982949\n|switch|p2a: Dragapult|Dragapult, M|62\/100\n|turn|13\n|\n|t:|1699982957\n|move|p2a: Dragapult|Phantom Force||[still]\n|-prepare|p2a: Dragapult|Phantom Force\n|move|p1a: Mimiku|Play Rough|p2a: Dragapult|[miss]\n|-miss|p1a: Mimiku|p2a: Dragapult\n|\n|-heal|p1a: Mimiku|57\/100 tox|[from] item: Leftovers\n|-damage|p1a: Mimiku|45\/100 tox|[from] psn\n|upkeep\n|turn|14\n|\n|t:|1699982968\n|move|p2a: Dragapult|Phantom Force|p1a: Mimiku|[from]lockedmove\n|-supereffective|p1a: Mimiku\n|-damage|p1a: Mimiku|0 fnt\n|faint|p1a: Mimiku\n|\n|upkeep\n|inactive|fawkzin has 120 seconds left.\n|\n|t:|1699983000\n|switch|p1a: Gorda|Blissey, F|100\/100\n|turn|15\n|\n|t:|1699983006\n|switch|p2a: Hatterene|Hatterene, F|100\/100\n|move|p1a: Gorda|Light Screen|p1a: Gorda\n|-sidestart|p1: fawkzin|move: Light Screen\n|\n|upkeep\n|turn|16\n|\n|t:|1699983014\n|move|p1a: Gorda|Calm Mind|p1a: Gorda\n|-boost|p1a: Gorda|spa|1\n|-boost|p1a: Gorda|spd|1\n|move|p2a: Hatterene|Thunder Wave|p1a: Gorda\n|-status|p1a: Gorda|par\n|\n|upkeep\n|turn|17\n|\n|t:|1699983022\n|switch|p2a: Dragapult|Dragapult, M|62\/100\n|move|p1a: Gorda|Shadow Ball|p2a: Dragapult\n|-supereffective|p2a: Dragapult\n|-damage|p2a: Dragapult|0 fnt\n|faint|p2a: Dragapult\n|\n|upkeep\n|\n|t:|1699983027\n|switch|p2a: Hatterene|Hatterene, F|100\/100\n|turn|18\n|\n|t:|1699983032\n|move|p2a: Hatterene|Dark Pulse|p1a: Gorda\n|-damage|p1a: Gorda|98\/100 par\n|move|p1a: Gorda|Shadow Ball|p2a: Hatterene\n|-supereffective|p2a: Hatterene\n|-damage|p2a: Hatterene|58\/100\n|\n|-heal|p2a: Hatterene|64\/100|[from] item: Leftovers\n|upkeep\n|turn|19\n|-message|Silence814 forfeited.\n|\n|win|fawkzin\n|raw|fawkzin's rating: 1041 &rarr; <strong>1073<\/strong><br \/>(+32 for winning)\n|raw|Silence814's rating: 1026 &rarr; <strong>1013<\/strong><br \/>(-13 for losing)\n|l|\u2606Silence814\n","uploadtime":1699983047,"views":13,"p1id":"fawkzin","p2id":"silence814","formatid":"gen9ou","rating":1013,"private":0,"password":""}