{"id":"gen9ou-1995255476","p1":"Ouvt frfr","p2":"Faze Jyro","format":"[Gen 9] OU","log":"|j|\u2606Ouvt frfr\n|j|\u2606Faze Jyro\n|t:|1700541873\n|gametype|singles\n|player|p1|Ouvt frfr|dawn|1591\n|player|p2|Faze Jyro|n|1540\n|teamsize|p1|6\n|teamsize|p2|6\n|gen|9\n|tier|[Gen 9] OU\n|rated|\n|rule|Sleep Clause Mod: Limit one foe put to sleep\n|rule|Species Clause: Limit one of each Pok\u00e9mon\n|rule|OHKO Clause: OHKO moves are banned\n|rule|Evasion Items Clause: Evasion items are banned\n|rule|Evasion Moves Clause: Evasion moves are banned\n|rule|Endless Battle Clause: Forcing endless battles is banned\n|rule|HP Percentage Mod: HP is shown in percentages\n|clearpoke\n|poke|p1|Kingambit, M|\n|poke|p1|Empoleon, F|\n|poke|p1|Clefable, F|\n|poke|p1|Landorus-Therian, M|\n|poke|p1|Dondozo, M|\n|poke|p1|Munkidori, M|\n|poke|p2|Garchomp, M|\n|poke|p2|Ninetales-Alola, M|\n|poke|p2|Kingambit, F|\n|poke|p2|Greninja-*, M|\n|poke|p2|Ceruledge, F|\n|poke|p2|Ogerpon-Cornerstone, F|\n|teampreview\n|\n|t:|1700541888\n|start\n|switch|p1a: Landorus|Landorus-Therian, M|100\/100\n|switch|p2a: Ogerpon|Ogerpon-Cornerstone, F|100\/100\n|-ability|p1a: Landorus|Intimidate|boost\n|-unboost|p2a: Ogerpon|atk|1\n|turn|1\n|\n|t:|1700541891\n|move|p2a: Ogerpon|Taunt|p1a: Landorus\n|-start|p1a: Landorus|move: Taunt\n|move|p1a: Landorus|U-turn|p2a: Ogerpon\n|-supereffective|p2a: Ogerpon\n|-damage|p2a: Ogerpon|42\/100\n|\n|t:|1700541896\n|switch|p1a: Munkidori|Munkidori, M|100\/100|[from] U-turn\n|\n|upkeep\n|turn|2\n|\n|t:|1700541906\n|move|p1a: Munkidori|U-turn|p2a: Ogerpon\n|-supereffective|p2a: Ogerpon\n|-damage|p2a: Ogerpon|9\/100\n|-status|p2a: Ogerpon|tox|[from] ability: Toxic Chain|[of] p1a: Munkidori\n|\n|t:|1700541909\n|switch|p1a: Landorus|Landorus-Therian, M|100\/100|[from] U-turn\n|-ability|p1a: Landorus|Intimidate|boost\n|-unboost|p2a: Ogerpon|atk|1\n|move|p2a: Ogerpon|Spikes|p1a: Landorus\n|-sidestart|p1: Ouvt frfr|Spikes\n|\n|-damage|p2a: Ogerpon|3\/100 tox|[from] psn\n|upkeep\n|turn|3\n|inactive|Battle timer is ON: inactive players will automatically lose when time's up. (requested by Faze Jyro)\n|\n|t:|1700541918\n|move|p2a: Ogerpon|Knock Off|p1a: Landorus\n|-damage|p1a: Landorus|85\/100\n|-damage|p2a: Ogerpon|0 fnt|[from] item: Rocky Helmet|[of] p1a: Landorus\n|faint|p2a: Ogerpon\n|move|p1a: Landorus|Stealth Rock|p2: Ogerpon\n|-sidestart|p2: Faze Jyro|move: Stealth Rock\n|\n|upkeep\n|\n|t:|1700541923\n|switch|p2a: Ninetales|Ninetales-Alola, M|100\/100\n|-damage|p2a: Ninetales|76\/100|[from] Stealth Rock\n|-weather|Snow|[from] ability: Snow Warning|[of] p2a: Ninetales\n|turn|4\n|\n|t:|1700541930\n|move|p2a: Ninetales|Aurora Veil|p2a: Ninetales\n|-sidestart|p2: Faze Jyro|move: Aurora Veil\n|move|p1a: Landorus|U-turn|p2a: Ninetales\n|-resisted|p2a: Ninetales\n|-damage|p2a: Ninetales|71\/100\n|\n|t:|1700541935\n|switch|p1a: Empoleon|Empoleon, F|100\/100|[from] U-turn\n|-damage|p1a: Empoleon|88\/100|[from] Spikes\n|\n|-weather|Snow|[upkeep]\n|upkeep\n|turn|5\n|\n|t:|1700541948\n|switch|p2a: Kingambit|Kingambit, F|100\/100\n|-damage|p2a: Kingambit|94\/100|[from] Stealth Rock\n|-activate|p2a: Kingambit|ability: Supreme Overlord\n|-start|p2a: Kingambit|fallen1|[silent]\n|move|p1a: Empoleon|Roar|p2a: Kingambit\n|-end|p2a: Kingambit|fallen1|[silent]\n|drag|p2a: Greninja|Greninja, M|100\/100\n|-damage|p2a: Greninja|88\/100|[from] Stealth Rock\n|\n|-weather|Snow|[upkeep]\n|upkeep\n|turn|6\n|\n|t:|1700541952\n|move|p2a: Greninja|Dark Pulse|p1a: Empoleon\n|-damage|p1a: Empoleon|58\/100\n|-damage|p2a: Greninja|78\/100|[from] item: Life Orb\n|move|p1a: Empoleon|Roar|p2a: Greninja\n|drag|p2a: Ceruledge|Ceruledge, F|100\/100\n|\n|-weather|Snow|[upkeep]\n|upkeep\n|turn|7\n|\n|t:|1700541964\n|move|p2a: Ceruledge|Bitter Blade|p1a: Empoleon\n|-damage|p1a: Empoleon|12\/100\n|move|p1a: Empoleon|Roar|p2a: Ceruledge\n|drag|p2a: Kingambit|Kingambit, F|94\/100\n|-damage|p2a: Kingambit|88\/100|[from] Stealth Rock\n|-activate|p2a: Kingambit|ability: Supreme Overlord\n|-start|p2a: Kingambit|fallen1|[silent]\n|\n|-weather|Snow|[upkeep]\n|upkeep\n|turn|8\n|\n|t:|1700541977\n|move|p2a: Kingambit|Kowtow Cleave|p1a: Empoleon\n|-damage|p1a: Empoleon|0 fnt\n|faint|p1a: Empoleon\n|\n|-weather|none\n|upkeep\n|\n|t:|1700541980\n|switch|p1a: Landorus|Landorus-Therian, M|85\/100\n|-ability|p1a: Landorus|Intimidate|boost\n|-unboost|p2a: Kingambit|atk|1\n|turn|9\n|\n|t:|1700541987\n|-end|p2a: Kingambit|fallen1|[silent]\n|switch|p2a: Ninetales|Ninetales-Alola, M|71\/100\n|-damage|p2a: Ninetales|46\/100|[from] Stealth Rock\n|-weather|Snow|[from] ability: Snow Warning|[of] p2a: Ninetales\n|move|p1a: Landorus|Earthquake|p2a: Ninetales\n|-damage|p2a: Ninetales|28\/100\n|\n|-weather|Snow|[upkeep]\n|upkeep\n|turn|10\n|\n|t:|1700541994\n|switch|p1a: Munkidori|Munkidori, M|100\/100\n|-damage|p1a: Munkidori|88\/100|[from] Spikes\n|move|p2a: Ninetales|Moonblast|p1a: Munkidori\n|-resisted|p1a: Munkidori\n|-damage|p1a: Munkidori|73\/100\n|\n|-weather|Snow|[upkeep]\n|upkeep\n|turn|11\n|\n|t:|1700541999\n|switch|p2a: Kingambit|Kingambit, F|88\/100\n|-damage|p2a: Kingambit|82\/100|[from] Stealth Rock\n|-activate|p2a: Kingambit|ability: Supreme Overlord\n|-start|p2a: Kingambit|fallen1|[silent]\n|move|p1a: Munkidori|U-turn|p2a: Kingambit\n|-damage|p2a: Kingambit|77\/100\n|\n|t:|1700542002\n|switch|p1a: Landorus|Landorus-Therian, M|85\/100|[from] U-turn\n|-ability|p1a: Landorus|Intimidate|boost\n|-unboost|p2a: Kingambit|atk|1\n|\n|-weather|Snow|[upkeep]\n|-sideend|p2: Faze Jyro|move: Aurora Veil\n|upkeep\n|turn|12\n|j| Office's Computer\n|\n|t:|1700542025\n|-end|p2a: Kingambit|fallen1|[silent]\n|switch|p2a: Ceruledge|Ceruledge, F|100\/100\n|move|p1a: Landorus|Earthquake|p2a: Ceruledge\n|-supereffective|p2a: Ceruledge\n|-damage|p2a: Ceruledge|0 fnt\n|faint|p2a: Ceruledge\n|\n|-weather|Snow|[upkeep]\n|upkeep\n|\n|t:|1700542029\n|switch|p2a: Ninetales|Ninetales-Alola, M|28\/100\n|-damage|p2a: Ninetales|3\/100|[from] Stealth Rock\n|turn|13\n|\n|t:|1700542035\n|move|p2a: Ninetales|Aurora Veil|p2a: Ninetales\n|-sidestart|p2: Faze Jyro|move: Aurora Veil\n|move|p1a: Landorus|U-turn|p2a: Ninetales\n|-resisted|p2a: Ninetales\n|-damage|p2a: Ninetales|0 fnt\n|faint|p2a: Ninetales\n|\n|t:|1700542041\n|switch|p1a: Munkidori|Munkidori, M|73\/100|[from] U-turn\n|-damage|p1a: Munkidori|60\/100|[from] Spikes\n|\n|-weather|none\n|upkeep\n|\n|t:|1700542050\n|switch|p2a: Kingambit|Kingambit, F|77\/100\n|-damage|p2a: Kingambit|71\/100|[from] Stealth Rock\n|-activate|p2a: Kingambit|ability: Supreme Overlord\n|-start|p2a: Kingambit|fallen3|[silent]\n|turn|14\n|\n|t:|1700542066\n|move|p1a: Munkidori|Trick|p2a: Kingambit\n|-activate|p1a: Munkidori|move: Trick|[of] p2a: Kingambit\n|-item|p2a: Kingambit|Choice Scarf|[from] move: Trick\n|-item|p1a: Munkidori|Black Glasses|[from] move: Trick\n|move|p2a: Kingambit|Kowtow Cleave|p1a: Munkidori\n|-supereffective|p1a: Munkidori\n|-damage|p1a: Munkidori|0 fnt\n|faint|p1a: Munkidori\n|\n|upkeep\n|j| Ctannn\n|\n|t:|1700542072\n|switch|p1a: Landorus|Landorus-Therian, M|85\/100\n|-ability|p1a: Landorus|Intimidate|boost\n|-unboost|p2a: Kingambit|atk|1\n|turn|15\n|\n|t:|1700542075\n|move|p2a: Kingambit|Kowtow Cleave|p1a: Landorus\n|-damage|p1a: Landorus|53\/100\n|-damage|p2a: Kingambit|54\/100|[from] item: Rocky Helmet|[of] p1a: Landorus\n|move|p1a: Landorus|U-turn|p2a: Kingambit\n|-damage|p2a: Kingambit|45\/100\n|\n|t:|1700542080\n|switch|p1a: Clefable|Clefable, F|100\/100|[from] U-turn\n|\n|upkeep\n|turn|16\n|\n|t:|1700542084\n|move|p2a: Kingambit|Kowtow Cleave|p1a: Clefable\n|-resisted|p1a: Clefable\n|-damage|p1a: Clefable|83\/100\n|move|p1a: Clefable|Cosmic Power|p1a: Clefable\n|-boost|p1a: Clefable|def|1\n|-boost|p1a: Clefable|spd|1\n|\n|-heal|p1a: Clefable|89\/100|[from] item: Leftovers\n|upkeep\n|turn|17\n|\n|t:|1700542087\n|-end|p2a: Kingambit|fallen3|[silent]\n|switch|p2a: Garchomp|Garchomp, M|100\/100\n|-damage|p2a: Garchomp|94\/100|[from] Stealth Rock\n|move|p1a: Clefable|Cosmic Power|p1a: Clefable\n|-boost|p1a: Clefable|def|1\n|-boost|p1a: Clefable|spd|1\n|\n|-heal|p1a: Clefable|95\/100|[from] item: Leftovers\n|upkeep\n|turn|18\n|\n|t:|1700542095\n|-terastallize|p2a: Garchomp|Fire\n|move|p2a: Garchomp|Swords Dance|p2a: Garchomp\n|-boost|p2a: Garchomp|atk|2\n|move|p1a: Clefable|Draining Kiss|p2a: Garchomp\n|-resisted|p2a: Garchomp\n|-damage|p2a: Garchomp|90\/100\n|-heal|p1a: Clefable|98\/100|[from] drain|[of] p2a: Garchomp\n|-activate|p2a: Garchomp|ability: Rough Skin\n|\n|-heal|p1a: Clefable|100\/100|[from] item: Leftovers\n|upkeep\n|turn|19\n|\n|t:|1700542101\n|move|p2a: Garchomp|Swords Dance|p2a: Garchomp\n|-boost|p2a: Garchomp|atk|2\n|move|p1a: Clefable|Cosmic Power|p1a: Clefable\n|-boost|p1a: Clefable|def|1\n|-boost|p1a: Clefable|spd|1\n|\n|upkeep\n|turn|20\n|\n|t:|1700542105\n|move|p2a: Garchomp|Swords Dance|p2a: Garchomp\n|-boost|p2a: Garchomp|atk|2\n|move|p1a: Clefable|Cosmic Power|p1a: Clefable\n|-boost|p1a: Clefable|def|1\n|-boost|p1a: Clefable|spd|1\n|\n|-sideend|p2: Faze Jyro|move: Aurora Veil\n|upkeep\n|turn|21\n|\n|t:|1700542108\n|move|p2a: Garchomp|Earthquake|p1a: Clefable\n|-damage|p1a: Clefable|44\/100\n|move|p1a: Clefable|Stored Power|p2a: Garchomp\n|-damage|p2a: Garchomp|47\/100\n|\n|-heal|p1a: Clefable|50\/100|[from] item: Leftovers\n|upkeep\n|turn|22\n|\n|t:|1700542111\n|move|p2a: Garchomp|Earthquake|p1a: Clefable\n|-damage|p1a: Clefable|0 fnt\n|faint|p1a: Clefable\n|\n|upkeep\n|\n|t:|1700542116\n|switch|p1a: Dondozo|Dondozo, M|100\/100\n|turn|23\n|\n|t:|1700542120\n|move|p2a: Garchomp|Earthquake|p1a: Dondozo\n|-damage|p1a: Dondozo|77\/100\n|move|p1a: Dondozo|Curse|p1a: Dondozo\n|-unboost|p1a: Dondozo|spe|1\n|-boost|p1a: Dondozo|atk|1\n|-boost|p1a: Dondozo|def|1\n|\n|upkeep\n|turn|24\n|\n|t:|1700542123\n|switch|p2a: Greninja|Greninja, M|78\/100\n|-damage|p2a: Greninja|66\/100|[from] Stealth Rock\n|move|p1a: Dondozo|Curse|p1a: Dondozo\n|-unboost|p1a: Dondozo|spe|1\n|-boost|p1a: Dondozo|atk|1\n|-boost|p1a: Dondozo|def|1\n|\n|upkeep\n|turn|25\n|\n|t:|1700542127\n|switch|p1a: Kingambit|Kingambit, M|100\/100\n|-damage|p1a: Kingambit|88\/100|[from] Spikes\n|-activate|p1a: Kingambit|ability: Supreme Overlord\n|-start|p1a: Kingambit|fallen3|[silent]\n|move|p2a: Greninja|Dark Pulse|p1a: Kingambit\n|-resisted|p1a: Kingambit\n|-damage|p1a: Kingambit|66\/100\n|-damage|p2a: Greninja|56\/100|[from] item: Life Orb\n|\n|-heal|p1a: Kingambit|72\/100|[from] item: Leftovers\n|upkeep\n|turn|26\n|\n|t:|1700542131\n|move|p2a: Greninja|Surf|p1a: Kingambit\n|-damage|p1a: Kingambit|19\/100\n|-damage|p2a: Greninja|46\/100|[from] item: Life Orb\n|move|p1a: Kingambit|Iron Head|p2a: Greninja\n|-resisted|p2a: Greninja\n|-damage|p2a: Greninja|0 fnt\n|faint|p2a: Greninja\n|\n|-heal|p1a: Kingambit|25\/100|[from] item: Leftovers\n|upkeep\n|\n|t:|1700542137\n|switch|p2a: Kingambit|Kingambit, F|45\/100\n|-damage|p2a: Kingambit|39\/100|[from] Stealth Rock\n|-activate|p2a: Kingambit|ability: Supreme Overlord\n|-start|p2a: Kingambit|fallen4|[silent]\n|turn|27\n|\n|t:|1700542140\n|-end|p2a: Kingambit|fallen4|[silent]\n|switch|p2a: Garchomp|Garchomp, M, tera:Fire|47\/100\n|-damage|p2a: Garchomp|22\/100|[from] Stealth Rock\n|move|p1a: Kingambit|Sucker Punch||[still]\n|-fail|p1a: Kingambit\n|\n|-heal|p1a: Kingambit|31\/100|[from] item: Leftovers\n|upkeep\n|turn|28\n|\n|t:|1700542143\n|move|p1a: Kingambit|Sucker Punch||[still]\n|-fail|p1a: Kingambit\n|move|p2a: Garchomp|Swords Dance|p2a: Garchomp\n|-boost|p2a: Garchomp|atk|2\n|\n|-heal|p1a: Kingambit|37\/100|[from] item: Leftovers\n|upkeep\n|turn|29\n|\n|t:|1700542145\n|move|p1a: Kingambit|Sucker Punch|p2a: Garchomp\n|-damage|p2a: Garchomp|0 fnt\n|-damage|p1a: Kingambit|25\/100|[from] ability: Rough Skin|[of] p2a: Garchomp\n|faint|p2a: Garchomp\n|\n|-heal|p1a: Kingambit|31\/100|[from] item: Leftovers\n|upkeep\n|\n|t:|1700542147\n|switch|p2a: Kingambit|Kingambit, F|39\/100\n|-damage|p2a: Kingambit|33\/100|[from] Stealth Rock\n|-activate|p2a: Kingambit|ability: Supreme Overlord\n|-start|p2a: Kingambit|fallen5|[silent]\n|turn|30\n|\n|t:|1700542149\n|move|p1a: Kingambit|Sucker Punch|p2a: Kingambit\n|-resisted|p2a: Kingambit\n|-damage|p2a: Kingambit|8\/100\n|move|p2a: Kingambit|Kowtow Cleave|p1a: Kingambit\n|-resisted|p1a: Kingambit\n|-damage|p1a: Kingambit|0 fnt\n|faint|p1a: Kingambit\n|-end|p1a: Kingambit|fallen3|[silent]\n|\n|upkeep\n|\n|t:|1700542151\n|switch|p1a: Landorus|Landorus-Therian, M|53\/100\n|-ability|p1a: Landorus|Intimidate|boost\n|-unboost|p2a: Kingambit|atk|1\n|turn|31\n|\n|t:|1700542154\n|move|p2a: Kingambit|Kowtow Cleave|p1a: Landorus\n|-damage|p1a: Landorus|14\/100\n|-damage|p2a: Kingambit|0 fnt|[from] item: Rocky Helmet|[of] p1a: Landorus\n|faint|p2a: Kingambit\n|-end|p2a: Kingambit|fallen5|[silent]\n|\n|win|Ouvt frfr\n|raw|Ouvt frfr's rating: 1591 &rarr; <strong>1608<\/strong><br \/>(+17 for winning)\n|raw|Faze Jyro's rating: 1540 &rarr; <strong>1523<\/strong><br \/>(-17 for losing)\n|l|\u2606Faze Jyro\n|l| Office's Computer\n|l|\u2606Ouvt frfr\n|l| Ctannn\n|j|\u2606Ouvt frfr\n|player|p1|Ouvt frfr|dawn\n|l|\u2606Ouvt frfr\n|player|p1|\n|j|\u2606Ouvt frfr\n|player|p1|Ouvt frfr|dawn\n","uploadtime":1700542477,"views":2,"p1id":"ouvtfrfr","p2id":"fazejyro","formatid":"gen9ou","rating":1523,"private":0,"password":""}