{"id":"gen9ou-1996721012","p1":"me and the rza","p2":"Steez Ibanez","format":"[Gen 9] OU","log":"|j|\u2606me and the rza\n|j|\u2606Steez Ibanez\n|t:|1700714346\n|gametype|singles\n|player|p1|me and the rza|102|1874\n|player|p2|Steez Ibanez|lance-gen2|1832\n|teamsize|p1|6\n|teamsize|p2|6\n|gen|9\n|tier|[Gen 9] OU\n|rated|\n|rule|Sleep Clause Mod: Limit one foe put to sleep\n|rule|Species Clause: Limit one of each Pok\u00e9mon\n|rule|OHKO Clause: OHKO moves are banned\n|rule|Evasion Items Clause: Evasion items are banned\n|rule|Evasion Moves Clause: Evasion moves are banned\n|rule|Endless Battle Clause: Forcing endless battles is banned\n|rule|HP Percentage Mod: HP is shown in percentages\n|clearpoke\n|poke|p1|Dragonite, F|\n|poke|p1|Glimmora, M|\n|poke|p1|Kingambit, F|\n|poke|p1|Ogerpon-Wellspring, F|\n|poke|p1|Iron Valiant|\n|poke|p1|Gholdengo|\n|poke|p2|Dragapult, M|\n|poke|p2|Zapdos|\n|poke|p2|Kingambit, M|\n|poke|p2|Iron Moth|\n|poke|p2|Ting-Lu|\n|poke|p2|Samurott-Hisui, M|\n|teampreview\n|\n|t:|1700714355\n|start\n|switch|p1a: Glimmora|Glimmora, M|100\/100\n|switch|p2a: Clicker|Ting-Lu|100\/100\n|-ability|p2a: Clicker|Vessel of Ruin\n|turn|1\n|inactive|Battle timer is ON: inactive players will automatically lose when time's up. (requested by me and the rza)\n|\n|t:|1700714381\n|-terastallize|p2a: Clicker|Poison\n|move|p1a: Glimmora|Mortal Spin|p2a: Clicker\n|-resisted|p2a: Clicker\n|-damage|p2a: Clicker|99\/100\n|move|p2a: Clicker|Earthquake|p1a: Glimmora\n|-supereffective|p1a: Glimmora\n|-enditem|p1a: Glimmora|Focus Sash\n|-damage|p1a: Glimmora|1\/100\n|-activate|p1a: Glimmora|ability: Toxic Debris\n|-sidestart|p2: Steez Ibanez|move: Toxic Spikes\n|\n|-heal|p2a: Clicker|100\/100|[from] item: Leftovers\n|upkeep\n|turn|2\n|\n|t:|1700714387\n|move|p1a: Glimmora|Stealth Rock|p2a: Clicker\n|-sidestart|p2: Steez Ibanez|move: Stealth Rock\n|move|p2a: Clicker|Whirlwind|p1a: Glimmora\n|drag|p1a: Dragonite|Dragonite, F|100\/100\n|\n|upkeep\n|turn|3\n|\n|t:|1700714392\n|move|p1a: Dragonite|Earthquake|p2a: Clicker\n|-supereffective|p2a: Clicker\n|-damage|p2a: Clicker|55\/100\n|move|p2a: Clicker|Stealth Rock|p1a: Dragonite\n|-sidestart|p1: me and the rza|move: Stealth Rock\n|\n|-heal|p2a: Clicker|62\/100|[from] item: Leftovers\n|upkeep\n|turn|4\n|\n|t:|1700714395\n|move|p1a: Dragonite|Earthquake|p2a: Clicker\n|-supereffective|p2a: Clicker\n|-damage|p2a: Clicker|23\/100\n|move|p2a: Clicker|Whirlwind|p1a: Dragonite\n|drag|p1a: Kingambit|Kingambit, F|100\/100\n|-damage|p1a: Kingambit|94\/100|[from] Stealth Rock\n|\n|-heal|p1a: Kingambit|100\/100|[from] item: Leftovers\n|-heal|p2a: Clicker|30\/100|[from] item: Leftovers\n|upkeep\n|turn|5\n|\n|t:|1700714402\n|switch|p2a: Zeus|Zapdos|100\/100\n|move|p1a: Kingambit|Iron Head|p2a: Zeus\n|-resisted|p2a: Zeus\n|-damage|p2a: Zeus|80\/100\n|-status|p1a: Kingambit|par|[from] ability: Static|[of] p2a: Zeus\n|\n|upkeep\n|turn|6\n|\n|t:|1700714412\n|move|p2a: Zeus|Heat Wave|p1a: Kingambit\n|-supereffective|p1a: Kingambit\n|-damage|p1a: Kingambit|49\/100 par\n|move|p1a: Kingambit|Kowtow Cleave|p2a: Zeus\n|-damage|p2a: Zeus|31\/100\n|\n|-heal|p1a: Kingambit|55\/100 par|[from] item: Leftovers\n|upkeep\n|turn|7\n|\n|t:|1700714419\n|-end|p1a: Kingambit|fallenundefined|[silent]\n|switch|p1a: Gholdengo|Gholdengo|100\/100\n|-damage|p1a: Gholdengo|94\/100|[from] Stealth Rock\n|move|p2a: Zeus|Roost|p2a: Zeus\n|-heal|p2a: Zeus|81\/100\n|-singleturn|p2a: Zeus|move: Roost\n|\n|upkeep\n|turn|8\n|\n|t:|1700714426\n|move|p1a: Gholdengo|Trick|p2a: Zeus\n|-activate|p1a: Gholdengo|move: Trick|[of] p2a: Zeus\n|-item|p2a: Zeus|Choice Scarf|[from] move: Trick\n|-item|p1a: Gholdengo|Heavy-Duty Boots|[from] move: Trick\n|move|p2a: Zeus|Heat Wave|p1a: Gholdengo|[miss]\n|-miss|p2a: Zeus|p1a: Gholdengo\n|\n|upkeep\n|turn|9\n|\n|t:|1700714432\n|switch|p2a: Amaterasu|Iron Moth|100\/100\n|-sideend|p2: Steez Ibanez|move: Toxic Spikes|[of] p2a: Amaterasu\n|switch|p1a: Glimmora|Glimmora, M|1\/100\n|-damage|p1a: Glimmora|0 fnt|[from] Stealth Rock\n|faint|p1a: Glimmora\n|\n|upkeep\n|\n|t:|1700714454\n|switch|p1a: Ogerpon|Ogerpon-Wellspring, F|100\/100\n|-damage|p1a: Ogerpon|88\/100|[from] Stealth Rock\n|turn|10\n|\n|t:|1700714464\n|-end|p2a: Amaterasu|Quark Drive|[silent]\n|switch|p2a: Zeus|Zapdos|81\/100\n|-damage|p2a: Zeus|56\/100|[from] Stealth Rock\n|move|p1a: Ogerpon|Ivy Cudgel|p2a: Zeus|[anim] Ivy Cudgel Water\n|-damage|p2a: Zeus|0 fnt\n|faint|p2a: Zeus\n|\n|upkeep\n|\n|t:|1700714468\n|switch|p2a: Toothless|Dragapult, M|100\/100\n|turn|11\n|\n|t:|1700714471\n|switch|p1a: Kingambit|Kingambit, F|55\/100 par\n|-damage|p1a: Kingambit|49\/100 par|[from] Stealth Rock\n|-activate|p1a: Kingambit|ability: Supreme Overlord\n|-start|p1a: Kingambit|fallen1|[silent]\n|move|p2a: Toothless|U-turn|p1a: Kingambit\n|-damage|p1a: Kingambit|34\/100 par\n|\n|t:|1700714480\n|switch|p2a: Darth Tyranus|Samurott-Hisui, M|100\/100|[from] U-turn\n|\n|-heal|p1a: Kingambit|40\/100 par|[from] item: Leftovers\n|upkeep\n|turn|12\n|\n|t:|1700714486\n|-end|p1a: Kingambit|fallen1|[silent]\n|switch|p1a: Iron Valiant|Iron Valiant|100\/100\n|-damage|p1a: Iron Valiant|94\/100|[from] Stealth Rock\n|-enditem|p1a: Iron Valiant|Booster Energy\n|-activate|p1a: Iron Valiant|ability: Quark Drive|[fromitem]\n|-start|p1a: Iron Valiant|quarkdrivespe\n|move|p2a: Darth Tyranus|Ceaseless Edge|p1a: Iron Valiant\n|-resisted|p1a: Iron Valiant\n|-damage|p1a: Iron Valiant|80\/100\n|-sidestart|p1: me and the rza|Spikes\n|\n|upkeep\n|turn|13\n|j| dfghhhg\n|\n|t:|1700714497\n|switch|p2a: Amaterasu|Iron Moth|100\/100\n|move|p1a: Iron Valiant|Knock Off|p2a: Amaterasu\n|-damage|p2a: Amaterasu|46\/100\n|-enditem|p2a: Amaterasu|Heavy-Duty Boots|[from] move: Knock Off|[of] p1a: Iron Valiant\n|\n|upkeep\n|turn|14\n|inactive|me and the rza has 120 seconds left.\n|\n|t:|1700714535\n|move|p1a: Iron Valiant|Close Combat|p2a: Amaterasu\n|-resisted|p2a: Amaterasu\n|-damage|p2a: Amaterasu|0 fnt\n|-unboost|p1a: Iron Valiant|def|1\n|-unboost|p1a: Iron Valiant|spd|1\n|faint|p2a: Amaterasu\n|-end|p2a: Amaterasu|Quark Drive|[silent]\n|\n|upkeep\n|\n|t:|1700714544\n|switch|p2a: Clicker|Ting-Lu, tera:Poison|30\/100\n|-damage|p2a: Clicker|17\/100|[from] Stealth Rock\n|-ability|p2a: Clicker|Vessel of Ruin\n|turn|15\n|inactive|me and the rza has 120 seconds left.\n|\n|t:|1700714556\n|move|p1a: Iron Valiant|Knock Off|p2a: Clicker\n|-damage|p2a: Clicker|0 fnt\n|-enditem|p2a: Clicker|Leftovers|[from] move: Knock Off|[of] p1a: Iron Valiant\n|faint|p2a: Clicker\n|\n|upkeep\n|\n|t:|1700714580\n|switch|p2a: Final Boss|Kingambit, M|100\/100\n|-activate|p2a: Final Boss|ability: Supreme Overlord\n|-start|p2a: Final Boss|fallen3|[silent]\n|turn|16\n|\n|t:|1700714585\n|move|p1a: Iron Valiant|Close Combat|p2a: Final Boss\n|-supereffective|p2a: Final Boss\n|-damage|p2a: Final Boss|0 fnt\n|-unboost|p1a: Iron Valiant|def|1\n|-unboost|p1a: Iron Valiant|spd|1\n|faint|p2a: Final Boss\n|-end|p2a: Final Boss|fallen3|[silent]\n|\n|upkeep\n|\n|t:|1700714588\n|switch|p2a: Darth Tyranus|Samurott-Hisui, M|100\/100\n|turn|17\n|\n|t:|1700714592\n|move|p2a: Darth Tyranus|Sucker Punch|p1a: Iron Valiant\n|-resisted|p1a: Iron Valiant\n|-damage|p1a: Iron Valiant|60\/100\n|move|p1a: Iron Valiant|Close Combat|p2a: Darth Tyranus\n|-supereffective|p2a: Darth Tyranus\n|-damage|p2a: Darth Tyranus|0 fnt\n|-unboost|p1a: Iron Valiant|def|1\n|-unboost|p1a: Iron Valiant|spd|1\n|faint|p2a: Darth Tyranus\n|\n|upkeep\n|-message|Steez Ibanez forfeited.\n|\n|win|me and the rza\n|raw|me and the rza's rating: 1874 &rarr; <strong>1893<\/strong><br \/>(+19 for winning)\n|raw|Steez Ibanez's rating: 1848 &rarr; <strong>1829<\/strong><br \/>(-19 for losing)\n|l|\u2606Steez Ibanez\n|c|\u2606me and the rza|gg\n","uploadtime":1700714604,"views":44,"p1id":"meandtherza","p2id":"steezibanez","formatid":"gen9ou","rating":1829,"private":0,"password":""}