{"id":"gen9ou-1992826990","p1":"Imanjoneser","p2":"LittleRek2","format":"[Gen 9] OU","log":"|j|\u2606Imanjoneser\n|j|\u2606LittleRek2\n|t:|1700238853\n|gametype|singles\n|player|p1|Imanjoneser|bugcatcher-gen4dp|1147\n|player|p2|LittleRek2|cynthia|1148\n|teamsize|p1|6\n|teamsize|p2|6\n|gen|9\n|tier|[Gen 9] OU\n|rated|\n|rule|Sleep Clause Mod: Limit one foe put to sleep\n|rule|Species Clause: Limit one of each Pok\u00e9mon\n|rule|OHKO Clause: OHKO moves are banned\n|rule|Evasion Items Clause: Evasion items are banned\n|rule|Evasion Moves Clause: Evasion moves are banned\n|rule|Endless Battle Clause: Forcing endless battles is banned\n|rule|HP Percentage Mod: HP is shown in percentages\n|clearpoke\n|poke|p1|Shaymin|\n|poke|p1|Meowscarada, M|\n|poke|p1|Iron Leaves|\n|poke|p1|Chesnaught, M|\n|poke|p1|Amoonguss, F|\n|poke|p1|Torterra, F|\n|poke|p2|Dragonite, F|\n|poke|p2|Manaphy|\n|poke|p2|Garchomp, F|\n|poke|p2|Cinderace, M|\n|poke|p2|Hoopa-Unbound|\n|poke|p2|Weezing-Galar, F|\n|teampreview\n|inactive|Battle timer is ON: inactive players will automatically lose when time's up. (requested by LittleRek2)\n|\n|t:|1700238866\n|start\n|switch|p1a: Torterra|Torterra, F, shiny|100\/100\n|switch|p2a: Dragonite|Dragonite, F|100\/100\n|turn|1\n|\n|t:|1700238885\n|switch|p1a: Amoonguss|Amoonguss, F, shiny|100\/100\n|move|p2a: Dragonite|Dragon Dance|p2a: Dragonite\n|-boost|p2a: Dragonite|atk|1\n|-boost|p2a: Dragonite|spe|1\n|\n|upkeep\n|turn|2\n|\n|t:|1700238913\n|move|p2a: Dragonite|Fire Punch|p1a: Amoonguss\n|-supereffective|p1a: Amoonguss\n|-damage|p1a: Amoonguss|31\/100\n|move|p1a: Amoonguss|Clear Smog|p2a: Dragonite\n|-damage|p2a: Dragonite|92\/100\n|-clearboost|p2a: Dragonite\n|\n|-heal|p1a: Amoonguss|37\/100|[from] item: Leftovers\n|upkeep\n|turn|3\n|\n|t:|1700238923\n|switch|p1a: Chesnaught|Chesnaught, M, shiny|100\/100\n|move|p2a: Dragonite|Fire Punch|p1a: Chesnaught\n|-supereffective|p1a: Chesnaught\n|-damage|p1a: Chesnaught|60\/100\n|-status|p1a: Chesnaught|brn\n|-damage|p2a: Dragonite|76\/100|[from] item: Rocky Helmet|[of] p1a: Chesnaught\n|\n|-damage|p1a: Chesnaught|54\/100 brn|[from] brn\n|upkeep\n|turn|4\n|\n|t:|1700238935\n|move|p2a: Dragonite|Dragon Dance|p2a: Dragonite\n|-boost|p2a: Dragonite|atk|1\n|-boost|p2a: Dragonite|spe|1\n|move|p1a: Chesnaught|Leech Seed|p2a: Dragonite\n|-start|p2a: Dragonite|move: Leech Seed\n|\n|-damage|p2a: Dragonite|63\/100|[from] Leech Seed|[of] p1a: Chesnaught\n|-heal|p1a: Chesnaught|67\/100 brn|[silent]\n|-damage|p1a: Chesnaught|61\/100 brn|[from] brn\n|upkeep\n|turn|5\n|\n|t:|1700238946\n|-terastallize|p2a: Dragonite|Normal\n|move|p1a: Chesnaught|Spiky Shield|p1a: Chesnaught\n|-singleturn|p1a: Chesnaught|move: Protect\n|move|p2a: Dragonite|Extreme Speed|p1a: Chesnaught\n|-activate|p1a: Chesnaught|move: Protect\n|-damage|p2a: Dragonite|51\/100|[from] Spiky Shield|[of] p1a: Chesnaught\n|\n|-damage|p2a: Dragonite|39\/100|[from] Leech Seed|[of] p1a: Chesnaught\n|-heal|p1a: Chesnaught|73\/100 brn|[silent]\n|-damage|p1a: Chesnaught|67\/100 brn|[from] brn\n|upkeep\n|turn|6\n|\n|t:|1700238959\n|move|p2a: Dragonite|Extreme Speed|p1a: Chesnaught\n|-damage|p1a: Chesnaught|19\/100 brn\n|-damage|p2a: Dragonite|22\/100|[from] item: Rocky Helmet|[of] p1a: Chesnaught\n|move|p1a: Chesnaught|Drain Punch|p2a: Dragonite\n|-supereffective|p2a: Dragonite\n|-damage|p2a: Dragonite|0 fnt\n|-heal|p1a: Chesnaught|30\/100 brn|[from] drain|[of] p2a: Dragonite\n|faint|p2a: Dragonite\n|\n|-damage|p1a: Chesnaught|24\/100 brn|[from] brn\n|upkeep\n|inactive|LittleRek2 has 120 seconds left.\n|\n|t:|1700238981\n|switch|p2a: Garchomp|Garchomp, F|100\/100\n|turn|7\n|\n|t:|1700238986\n|move|p2a: Garchomp|Earthquake|p1a: Chesnaught\n|-resisted|p1a: Chesnaught\n|-damage|p1a: Chesnaught|3\/100 brn\n|move|p1a: Chesnaught|Leech Seed|p2a: Garchomp\n|-start|p2a: Garchomp|move: Leech Seed\n|\n|-damage|p2a: Garchomp|88\/100|[from] Leech Seed|[of] p1a: Chesnaught\n|-heal|p1a: Chesnaught|17\/100 brn|[silent]\n|-damage|p1a: Chesnaught|11\/100 brn|[from] brn\n|upkeep\n|turn|8\n|\n|t:|1700238996\n|switch|p2a: Weezing|Weezing-Galar, F|100\/100\n|move|p1a: Chesnaught|Spiky Shield||[still]\n|-fail|p1a: Chesnaught\n|\n|-damage|p1a: Chesnaught|5\/100 brn|[from] brn\n|upkeep\n|turn|9\n|\n|t:|1700239011\n|move|p1a: Chesnaught|Knock Off|p2a: Weezing\n|-resisted|p2a: Weezing\n|-damage|p2a: Weezing|94\/100\n|-enditem|p2a: Weezing|Leftovers|[from] move: Knock Off|[of] p1a: Chesnaught\n|move|p2a: Weezing|Destiny Bond|p2a: Weezing\n|-singlemove|p2a: Weezing|Destiny Bond\n|\n|-damage|p1a: Chesnaught|0 fnt|[from] brn\n|faint|p1a: Chesnaught\n|upkeep\n|\n|t:|1700239038\n|switch|p1a: Meowscarada|Meowscarada, M, shiny|100\/100\n|turn|10\n|\n|t:|1700239048\n|move|p1a: Meowscarada|Copycat||[still]\n|-start|p1a: Meowscarada|typechange|Normal|[from] ability: Protean\n|-fail|p1a: Meowscarada\n|move|p2a: Weezing|Memento|p1a: Meowscarada\n|-unboost|p1a: Meowscarada|atk|2\n|-unboost|p1a: Meowscarada|spa|2\n|faint|p2a: Weezing\n|\n|upkeep\n|\n|t:|1700239058\n|switch|p2a: Manaphy|Manaphy|100\/100\n|turn|11\n|\n|t:|1700239063\n|move|p1a: Meowscarada|Taunt|p2a: Manaphy\n|-start|p2a: Manaphy|move: Taunt\n|cant|p2a: Manaphy|move: Taunt|Tail Glow\n|\n|upkeep\n|turn|12\n|\n|t:|1700239071\n|move|p1a: Meowscarada|Toxic Spikes|p2a: Manaphy\n|-sidestart|p2: LittleRek2|move: Toxic Spikes\n|move|p2a: Manaphy|Scald|p1a: Meowscarada\n|-damage|p1a: Meowscarada|44\/100\n|-status|p1a: Meowscarada|brn\n|\n|-damage|p1a: Meowscarada|38\/100 brn|[from] brn\n|upkeep\n|turn|13\n|\n|t:|1700239082\n|switch|p1a: Amoonguss|Amoonguss, F, shiny|71\/100\n|move|p2a: Manaphy|Scald|p1a: Amoonguss\n|-resisted|p1a: Amoonguss\n|-damage|p1a: Amoonguss|55\/100\n|\n|-heal|p1a: Amoonguss|61\/100|[from] item: Leftovers\n|-end|p2a: Manaphy|move: Taunt\n|upkeep\n|turn|14\n|\n|t:|1700239095\n|move|p2a: Manaphy|Tail Glow|p2a: Manaphy\n|-boost|p2a: Manaphy|spa|3\n|move|p1a: Amoonguss|Spore|p2a: Manaphy\n|-status|p2a: Manaphy|slp|[from] move: Spore\n|\n|-heal|p1a: Amoonguss|67\/100|[from] item: Leftovers\n|upkeep\n|turn|15\n|\n|t:|1700239104\n|cant|p2a: Manaphy|slp\n|move|p1a: Amoonguss|Clear Smog|p2a: Manaphy\n|-damage|p2a: Manaphy|85\/100 slp\n|-clearboost|p2a: Manaphy\n|\n|-heal|p2a: Manaphy|91\/100 slp|[from] item: Leftovers\n|-heal|p1a: Amoonguss|74\/100|[from] item: Leftovers\n|upkeep\n|turn|16\n|-message|LittleRek2 forfeited.\n|\n|win|Imanjoneser\n|raw|Imanjoneser's rating: 1147 &rarr; <strong>1172<\/strong><br \/>(+25 for winning)\n|raw|LittleRek2's rating: 1148 &rarr; <strong>1123<\/strong><br \/>(-25 for losing)\n|l|\u2606LittleRek2\n","uploadtime":1700239117,"views":17,"p1id":"imanjoneser","p2id":"littlerek2","formatid":"gen9ou","rating":1123,"private":0,"password":""}