{"id":"gen9ou-1993628478","p1":"zshmoneyy","p2":"Razorang","format":"[Gen 9] OU","log":"|j|\u2606zshmoneyy\n|j|\u2606Razorang\n|t:|1700339184\n|gametype|singles\n|player|p1|zshmoneyy|alec-anime|1372\n|player|p2|Razorang|jasmine|1471\n|teamsize|p1|6\n|teamsize|p2|6\n|gen|9\n|tier|[Gen 9] OU\n|rated|\n|rule|Sleep Clause Mod: Limit one foe put to sleep\n|rule|Species Clause: Limit one of each Pok\u00e9mon\n|rule|OHKO Clause: OHKO moves are banned\n|rule|Evasion Items Clause: Evasion items are banned\n|rule|Evasion Moves Clause: Evasion moves are banned\n|rule|Endless Battle Clause: Forcing endless battles is banned\n|rule|HP Percentage Mod: HP is shown in percentages\n|clearpoke\n|poke|p1|Kingambit, F|\n|poke|p1|Ceruledge, F|\n|poke|p1|Cinderace, M|\n|poke|p1|Slowking-Galar, F|\n|poke|p1|Dondozo, M|\n|poke|p1|Corviknight, M|\n|poke|p2|Landorus-Therian, M|\n|poke|p2|Arcanine-Hisui, M|\n|poke|p2|Corviknight, M|\n|poke|p2|Ogerpon-Wellspring, F|\n|poke|p2|Thundurus-Therian, M|\n|poke|p2|Garchomp, M|\n|teampreview\n|c|\u2606Razorang|gl hf!\n|\n|t:|1700339207\n|start\n|switch|p1a: MuGiWaRa!!!|Slowking-Galar, F|100\/100\n|switch|p2a: Arcanine|Arcanine-Hisui, M|100\/100\n|turn|1\n|c|\u2606zshmoneyy|u2\n|\n|t:|1700339257\n|switch|p1a: KaiDo!!|Dondozo, M|100\/100\n|move|p2a: Arcanine|Head Smash|p1a: KaiDo!!\n|-damage|p1a: KaiDo!!|69\/100\n|\n|-heal|p1a: KaiDo!!|75\/100|[from] item: Leftovers\n|upkeep\n|turn|2\n|\n|t:|1700339266\n|switch|p2a: Ogerpon|Ogerpon-Wellspring, F|100\/100\n|move|p1a: KaiDo!!|Liquidation|p2a: Ogerpon\n|-immune|p2a: Ogerpon|[from] ability: Water Absorb\n|\n|-heal|p1a: KaiDo!!|82\/100|[from] item: Leftovers\n|upkeep\n|turn|3\n|\n|t:|1700339273\n|switch|p1a: Corviknight|Corviknight, M|100\/100\n|move|p2a: Ogerpon|Swords Dance|p2a: Ogerpon\n|-boost|p2a: Ogerpon|atk|2\n|\n|upkeep\n|turn|4\n|\n|t:|1700339284\n|-terastallize|p2a: Ogerpon|Water\n|detailschange|p2a: Ogerpon|Ogerpon-Wellspring-Tera, F, tera:Water\n|-ability|p2a: Ogerpon|Embody Aspect (Wellspring)|boost\n|-boost|p2a: Ogerpon|spd|1\n|move|p2a: Ogerpon|Trailblaze|p1a: Corviknight\n|-resisted|p1a: Corviknight\n|-damage|p1a: Corviknight|89\/100\n|-boost|p2a: Ogerpon|spe|1\n|-damage|p2a: Ogerpon|84\/100|[from] item: Rocky Helmet|[of] p1a: Corviknight\n|move|p1a: Corviknight|Brave Bird|p2a: Ogerpon\n|-damage|p2a: Ogerpon|34\/100\n|-damage|p1a: Corviknight|77\/100|[from] Recoil\n|\n|upkeep\n|turn|5\n|\n|t:|1700339309\n|move|p2a: Ogerpon|Ivy Cudgel|p1a: Corviknight|[anim] Ivy Cudgel Water\n|-damage|p1a: Corviknight|0 fnt\n|faint|p1a: Corviknight\n|\n|upkeep\n|\n|t:|1700339317\n|switch|p1a: Fire Fist Sabo\ud83d\udd25|Cinderace, M|100\/100\n|turn|6\n|\n|t:|1700339323\n|move|p1a: Fire Fist Sabo\ud83d\udd25|Sucker Punch|p2a: Ogerpon\n|-start|p1a: Fire Fist Sabo\ud83d\udd25|typechange|Dark|[from] ability: Libero\n|-crit|p2a: Ogerpon\n|-damage|p2a: Ogerpon|0 fnt\n|faint|p2a: Ogerpon\n|\n|upkeep\n|\n|t:|1700339332\n|switch|p2a: Landorus|Landorus-Therian, M|100\/100\n|-ability|p2a: Landorus|Intimidate|boost\n|-unboost|p1a: Fire Fist Sabo\ud83d\udd25|atk|1\n|turn|7\n|\n|t:|1700339347\n|switch|p1a: KaiDo!!|Dondozo, M|82\/100\n|move|p2a: Landorus|Grass Knot|p1a: KaiDo!!\n|-supereffective|p1a: KaiDo!!\n|-damage|p1a: KaiDo!!|23\/100\n|\n|-heal|p1a: KaiDo!!|29\/100|[from] item: Leftovers\n|upkeep\n|turn|8\n|\n|t:|1700339358\n|switch|p1a: MuGiWaRa!!!|Slowking-Galar, F|100\/100\n|move|p2a: Landorus|Grass Knot|p1a: MuGiWaRa!!!\n|-resisted|p1a: MuGiWaRa!!!\n|-damage|p1a: MuGiWaRa!!!|96\/100\n|\n|upkeep\n|turn|9\n|\n|t:|1700339366\n|move|p2a: Landorus|U-turn|p1a: MuGiWaRa!!!\n|-damage|p1a: MuGiWaRa!!!|77\/100\n|\n|t:|1700339373\n|switch|p2a: Arcanine|Arcanine-Hisui, M|100\/100|[from] U-turn\n|move|p1a: MuGiWaRa!!!|Future Sight|p2a: Arcanine\n|-start|p1a: MuGiWaRa!!!|move: Future Sight\n|\n|upkeep\n|turn|10\n|\n|t:|1700339412\n|move|p2a: Arcanine|Head Smash|p1a: MuGiWaRa!!!\n|-damage|p1a: MuGiWaRa!!!|20\/100\n|move|p1a: MuGiWaRa!!!|Focus Blast|p2a: Arcanine\n|-supereffective|p2a: Arcanine\n|-damage|p2a: Arcanine|27\/100\n|-unboost|p2a: Arcanine|spd|1\n|\n|upkeep\n|turn|11\n|\n|t:|1700339436\n|move|p2a: Arcanine|Head Smash|p1a: MuGiWaRa!!!\n|-damage|p1a: MuGiWaRa!!!|0 fnt\n|faint|p1a: MuGiWaRa!!!\n|\n|-end|p2a: Arcanine|move: Future Sight\n|-damage|p2a: Arcanine|0 fnt\n|faint|p2a: Arcanine\n|upkeep\n|\n|t:|1700339493\n|switch|p2a: Thundurus|Thundurus-Therian, M|100\/100\n|switch|p1a: Zoro|Ceruledge, F|100\/100\n|turn|12\n|\n|t:|1700339517\n|move|p2a: Thundurus|Thunderbolt|p1a: Zoro\n|-damage|p1a: Zoro|43\/100\n|move|p1a: Zoro|Bitter Blade|p2a: Thundurus\n|-damage|p2a: Thundurus|32\/100\n|-heal|p1a: Zoro|78\/100|[from] drain|[of] p2a: Thundurus\n|\n|upkeep\n|turn|13\n|\n|t:|1700339530\n|switch|p2a: Garchomp|Garchomp, M|100\/100\n|move|p1a: Zoro|Bitter Blade|p2a: Garchomp\n|-resisted|p2a: Garchomp\n|-damage|p2a: Garchomp|77\/100\n|-heal|p1a: Zoro|93\/100|[from] drain|[of] p2a: Garchomp\n|-damage|p1a: Zoro|80\/100|[from] ability: Rough Skin|[of] p2a: Garchomp\n|\n|upkeep\n|turn|14\n|\n|t:|1700339557\n|move|p2a: Garchomp|Swords Dance|p2a: Garchomp\n|-boost|p2a: Garchomp|atk|2\n|move|p1a: Zoro|Poltergeist|p2a: Garchomp\n|-activate|p2a: Garchomp|move: Poltergeist|Loaded Dice\n|-damage|p2a: Garchomp|16\/100\n|\n|upkeep\n|turn|15\n|\n|t:|1700339579\n|move|p2a: Garchomp|Scale Shot|p1a: Zoro\n|-damage|p1a: Zoro|37\/100\n|-ability|p1a: Zoro|Weak Armor|boost\n|-unboost|p1a: Zoro|def|1\n|-boost|p1a: Zoro|spe|2\n|-damage|p1a: Zoro|0 fnt\n|faint|p1a: Zoro\n|-hitcount|p1: Zoro|2\n|-unboost|p2a: Garchomp|def|1\n|-boost|p2a: Garchomp|spe|1\n|\n|upkeep\n|\n|t:|1700339592\n|switch|p1a: Fire Fist Sabo\ud83d\udd25|Cinderace, M|100\/100\n|turn|16\n|\n|t:|1700339600\n|switch|p2a: Landorus|Landorus-Therian, M|100\/100\n|-ability|p2a: Landorus|Intimidate|boost\n|-unboost|p1a: Fire Fist Sabo\ud83d\udd25|atk|1\n|move|p1a: Fire Fist Sabo\ud83d\udd25|High Jump Kick|p2a: Landorus\n|-start|p1a: Fire Fist Sabo\ud83d\udd25|typechange|Fighting|[from] ability: Libero\n|-resisted|p2a: Landorus\n|-damage|p2a: Landorus|82\/100\n|\n|-heal|p2a: Landorus|88\/100|[from] item: Leftovers\n|upkeep\n|turn|17\n|\n|t:|1700339627\n|move|p1a: Fire Fist Sabo\ud83d\udd25|Pyro Ball|p2a: Landorus|[miss]\n|-miss|p1a: Fire Fist Sabo\ud83d\udd25|p2a: Landorus\n|move|p2a: Landorus|Earthquake|p1a: Fire Fist Sabo\ud83d\udd25\n|-damage|p1a: Fire Fist Sabo\ud83d\udd25|34\/100\n|\n|-heal|p2a: Landorus|94\/100|[from] item: Leftovers\n|upkeep\n|turn|18\n|\n|t:|1700339636\n|move|p1a: Fire Fist Sabo\ud83d\udd25|Pyro Ball|p2a: Landorus\n|-damage|p2a: Landorus|68\/100\n|move|p2a: Landorus|Earthquake|p1a: Fire Fist Sabo\ud83d\udd25\n|-damage|p1a: Fire Fist Sabo\ud83d\udd25|0 fnt\n|faint|p1a: Fire Fist Sabo\ud83d\udd25\n|\n|-heal|p2a: Landorus|74\/100|[from] item: Leftovers\n|upkeep\n|\n|t:|1700339643\n|switch|p1a: KaiDo!!|Dondozo, M|29\/100\n|turn|19\n|\n|t:|1700339666\n|switch|p1a: ShankZ(YONKO BRUH)|Kingambit, F|100\/100\n|-activate|p1a: ShankZ(YONKO BRUH)|ability: Supreme Overlord\n|-start|p1a: ShankZ(YONKO BRUH)|fallen4|[silent]\n|move|p2a: Landorus|Grass Knot|p1a: ShankZ(YONKO BRUH)\n|-resisted|p1a: ShankZ(YONKO BRUH)\n|-damage|p1a: ShankZ(YONKO BRUH)|89\/100\n|\n|-heal|p2a: Landorus|80\/100|[from] item: Leftovers\n|upkeep\n|turn|20\n|\n|t:|1700339678\n|-terastallize|p1a: ShankZ(YONKO BRUH)|Flying\n|move|p2a: Landorus|Earthquake|p1a: ShankZ(YONKO BRUH)\n|-immune|p1a: ShankZ(YONKO BRUH)\n|move|p1a: ShankZ(YONKO BRUH)|Swords Dance|p1a: ShankZ(YONKO BRUH)\n|-boost|p1a: ShankZ(YONKO BRUH)|atk|2\n|\n|-heal|p2a: Landorus|86\/100|[from] item: Leftovers\n|upkeep\n|turn|21\n|\n|t:|1700339702\n|switch|p2a: Garchomp|Garchomp, M|16\/100\n|move|p1a: ShankZ(YONKO BRUH)|Kowtow Cleave|p2a: Garchomp\n|-damage|p2a: Garchomp|0 fnt\n|-damage|p1a: ShankZ(YONKO BRUH)|77\/100|[from] ability: Rough Skin|[of] p2a: Garchomp\n|faint|p2a: Garchomp\n|\n|upkeep\n|\n|t:|1700339708\n|switch|p2a: Corviknight|Corviknight, M|100\/100\n|-ability|p2a: Corviknight|Pressure\n|turn|22\n|\n|t:|1700339714\n|move|p1a: ShankZ(YONKO BRUH)|Kowtow Cleave|p2a: Corviknight\n|-damage|p2a: Corviknight|22\/100\n|-damage|p1a: ShankZ(YONKO BRUH)|60\/100|[from] item: Rocky Helmet|[of] p2a: Corviknight\n|move|p2a: Corviknight|Brave Bird|p1a: ShankZ(YONKO BRUH)\n|-damage|p1a: ShankZ(YONKO BRUH)|34\/100\n|-damage|p2a: Corviknight|14\/100|[from] Recoil\n|\n|upkeep\n|turn|23\n|\n|t:|1700339729\n|move|p1a: ShankZ(YONKO BRUH)|Kowtow Cleave|p2a: Corviknight\n|-damage|p2a: Corviknight|0 fnt\n|-damage|p1a: ShankZ(YONKO BRUH)|18\/100|[from] item: Rocky Helmet|[of] p2a: Corviknight\n|faint|p2a: Corviknight\n|\n|upkeep\n|\n|t:|1700339740\n|switch|p2a: Thundurus|Thundurus-Therian, M|32\/100\n|turn|24\n|\n|t:|1700339744\n|move|p1a: ShankZ(YONKO BRUH)|Sucker Punch||[still]\n|-fail|p1a: ShankZ(YONKO BRUH)\n|move|p2a: Thundurus|Nasty Plot|p2a: Thundurus\n|-boost|p2a: Thundurus|spa|2\n|\n|upkeep\n|turn|25\n|\n|t:|1700339756\n|move|p1a: ShankZ(YONKO BRUH)|Sucker Punch|p2a: Thundurus\n|-damage|p2a: Thundurus|0 fnt\n|faint|p2a: Thundurus\n|\n|upkeep\n|\n|t:|1700339758\n|switch|p2a: Landorus|Landorus-Therian, M|86\/100\n|-ability|p2a: Landorus|Intimidate|boost\n|-unboost|p1a: ShankZ(YONKO BRUH)|atk|1\n|turn|26\n|\n|t:|1700339769\n|move|p1a: ShankZ(YONKO BRUH)|Sucker Punch|p2a: Landorus\n|-damage|p2a: Landorus|8\/100\n|move|p2a: Landorus|Grass Knot|p1a: ShankZ(YONKO BRUH)\n|-resisted|p1a: ShankZ(YONKO BRUH)\n|-damage|p1a: ShankZ(YONKO BRUH)|6\/100\n|\n|-heal|p2a: Landorus|14\/100|[from] item: Leftovers\n|upkeep\n|turn|27\n|c|\u2606Razorang|ggwp!\n|c|\u2606zshmoneyy|gg\n|\n|t:|1700339781\n|move|p1a: ShankZ(YONKO BRUH)|Sucker Punch||[still]\n|-fail|p1a: ShankZ(YONKO BRUH)\n|move|p2a: Landorus|Stealth Rock|p1a: ShankZ(YONKO BRUH)\n|-sidestart|p1: zshmoneyy|move: Stealth Rock\n|\n|-heal|p2a: Landorus|20\/100|[from] item: Leftovers\n|upkeep\n|turn|28\n|\n|t:|1700339790\n|move|p1a: ShankZ(YONKO BRUH)|Sucker Punch||[still]\n|-fail|p1a: ShankZ(YONKO BRUH)\n|move|p2a: Landorus|Stealth Rock||[still]\n|-fail|p2a: Landorus\n|\n|-heal|p2a: Landorus|26\/100|[from] item: Leftovers\n|upkeep\n|turn|29\n|\n|t:|1700339798\n|move|p1a: ShankZ(YONKO BRUH)|Sucker Punch|p2a: Landorus\n|-damage|p2a: Landorus|0 fnt\n|faint|p2a: Landorus\n|\n|win|zshmoneyy\n|raw|zshmoneyy's rating: 1372 &rarr; <strong>1398<\/strong><br \/>(+26 for winning)\n|raw|Razorang's rating: 1471 &rarr; <strong>1445<\/strong><br \/>(-26 for losing)\n|l|\u2606Razorang\n","uploadtime":1700339807,"views":11,"p1id":"zshmoneyy","p2id":"razorang","formatid":"gen9ou","rating":1398,"private":0,"password":""}