{"id":"gen9ou-1996358524","p1":"Irvantheboredone","p2":"kingston come","format":"[Gen 9] OU","log":"|j|\u2606Irvantheboredone\n|j|\u2606kingston come\n|t:|1700674452\n|gametype|singles\n|player|p1|Irvantheboredone|unknown|1242\n|player|p2|kingston come|roughneck|1173\n|teamsize|p1|6\n|teamsize|p2|6\n|gen|9\n|tier|[Gen 9] OU\n|rated|\n|rule|Sleep Clause Mod: Limit one foe put to sleep\n|rule|Species Clause: Limit one of each Pok\u00e9mon\n|rule|OHKO Clause: OHKO moves are banned\n|rule|Evasion Items Clause: Evasion items are banned\n|rule|Evasion Moves Clause: Evasion moves are banned\n|rule|Endless Battle Clause: Forcing endless battles is banned\n|rule|HP Percentage Mod: HP is shown in percentages\n|clearpoke\n|poke|p1|Inteleon, F|\n|poke|p1|Gyarados, M|\n|poke|p1|Scizor, M|\n|poke|p1|Gallade, M|\n|poke|p1|Thundurus-Therian, M|\n|poke|p1|Kingambit, M|\n|poke|p2|Salamence, F|\n|poke|p2|Heatran, F|\n|poke|p2|Iron Valiant|\n|poke|p2|Alomomola, F|\n|poke|p2|Slowking-Galar, M|\n|poke|p2|Zapdos|\n|teampreview\n|inactive|Battle timer is ON: inactive players will automatically lose when time's up. (requested by kingston come)\n|\n|t:|1700674480\n|start\n|switch|p1a: V1|Inteleon, F|100\/100\n|switch|p2a: Zapdos|Zapdos|100\/100\n|-ability|p2a: Zapdos|Pressure\n|turn|1\n|\n|t:|1700674490\n|switch|p2a: Heatran|Heatran, F|100\/100\n|-item|p2a: Heatran|Air Balloon\n|move|p1a: V1|Ice Beam|p2a: Heatran\n|-resisted|p2a: Heatran\n|-damage|p2a: Heatran|93\/100\n|-enditem|p2a: Heatran|Air Balloon\n|\n|upkeep\n|turn|2\n|\n|t:|1700674497\n|move|p1a: V1|Air Cutter|p2a: Heatran\n|-resisted|p2a: Heatran\n|-crit|p2a: Heatran\n|-damage|p2a: Heatran|68\/100\n|move|p2a: Heatran|Stealth Rock|p1a: V1\n|-sidestart|p1: Irvantheboredone|move: Stealth Rock\n|\n|upkeep\n|turn|3\n|\n|t:|1700674506\n|switch|p2a: Slowking|Slowking-Galar, M|100\/100\n|move|p1a: V1|Snipe Shot|p2a: Slowking\n|-crit|p2a: Slowking\n|-damage|p2a: Slowking|46\/100\n|\n|-heal|p2a: Slowking|53\/100|[from] item: Black Sludge\n|upkeep\n|turn|4\n|\n|t:|1700674517\n|move|p1a: V1|Snipe Shot|p2a: Slowking\n|-crit|p2a: Slowking\n|-damage|p2a: Slowking|1\/100\n|move|p2a: Slowking|Future Sight|p1a: V1\n|-start|p2a: Slowking|move: Future Sight\n|\n|-heal|p2a: Slowking|7\/100|[from] item: Black Sludge\n|upkeep\n|turn|5\n|\n|t:|1700674522\n|switch|p2a: Zapdos|Zapdos|100\/100\n|-ability|p2a: Zapdos|Pressure\n|move|p1a: V1|Air Cutter|p2a: Zapdos\n|-resisted|p2a: Zapdos\n|-crit|p2a: Zapdos\n|-damage|p2a: Zapdos|77\/100\n|\n|upkeep\n|turn|6\n|\n|t:|1700674525\n|switch|p1a: Ferryman|Kingambit, M, shiny|100\/100\n|-damage|p1a: Ferryman|94\/100|[from] Stealth Rock\n|move|p2a: Zapdos|Discharge|p1a: Ferryman\n|-damage|p1a: Ferryman|59\/100\n|-status|p1a: Ferryman|par\n|\n|-end|p1a: Ferryman|move: Future Sight\n|-immune|p1a: Ferryman\n|upkeep\n|turn|7\n|\n|t:|1700674529\n|cant|p1a: Ferryman|par\n|move|p2a: Zapdos|Volt Switch|p1a: Ferryman\n|-damage|p1a: Ferryman|26\/100 par\n|c|\u2606Irvantheboredone|Man\n|c|\u2606kingston come|idk what u were doing with that inteleon tbh\n|\n|t:|1700674559\n|switch|p2a: Alomomola|Alomomola, F|100\/100|[from] Volt Switch\n|\n|upkeep\n|turn|8\n|\n|t:|1700674586\n|move|p2a: Alomomola|Scald|p1a: Ferryman\n|-damage|p1a: Ferryman|13\/100 par\n|move|p1a: Ferryman|Low Kick|p2a: Alomomola\n|-damage|p2a: Alomomola|88\/100\n|-damage|p1a: Ferryman|0 fnt|[from] item: Rocky Helmet|[of] p2a: Alomomola\n|faint|p1a: Ferryman\n|-end|p1a: Ferryman|fallenundefined|[silent]\n|\n|upkeep\n|\n|t:|1700674591\n|switch|p1a: Mindflayer|Thundurus-Therian, M|100\/100\n|-damage|p1a: Mindflayer|75\/100|[from] Stealth Rock\n|turn|9\n|\n|t:|1700674596\n|switch|p2a: Slowking|Slowking-Galar, M|41\/100\n|move|p1a: Mindflayer|Agility|p1a: Mindflayer\n|-boost|p1a: Mindflayer|spe|2\n|\n|-heal|p2a: Slowking|47\/100|[from] item: Black Sludge\n|upkeep\n|turn|10\n|\n|t:|1700674602\n|move|p1a: Mindflayer|Thunderbolt|p2a: Slowking\n|-damage|p2a: Slowking|12\/100\n|move|p2a: Slowking|Future Sight|p1a: Mindflayer\n|-start|p2a: Slowking|move: Future Sight\n|\n|-heal|p2a: Slowking|18\/100|[from] item: Black Sludge\n|upkeep\n|turn|11\n|\n|t:|1700674609\n|move|p1a: Mindflayer|Thunderbolt|p2a: Slowking\n|-damage|p2a: Slowking|0 fnt\n|faint|p2a: Slowking\n|\n|upkeep\n|\n|t:|1700674622\n|switch|p2a: Iron Valiant|Iron Valiant|100\/100\n|-enditem|p2a: Iron Valiant|Booster Energy\n|-activate|p2a: Iron Valiant|ability: Quark Drive|[fromitem]\n|-start|p2a: Iron Valiant|quarkdrivespe\n|turn|12\n|\n|t:|1700674633\n|switch|p1a: Leviathan|Gyarados, M, shiny|100\/100\n|-damage|p1a: Leviathan|76\/100|[from] Stealth Rock\n|move|p2a: Iron Valiant|Swords Dance|p2a: Iron Valiant\n|-boost|p2a: Iron Valiant|atk|2\n|\n|-end|p1a: Leviathan|move: Future Sight\n|-damage|p1a: Leviathan|26\/100\n|upkeep\n|turn|13\n|\n|t:|1700674639\n|move|p2a: Iron Valiant|Knock Off|p1a: Leviathan\n|-damage|p1a: Leviathan|0 fnt\n|-enditem|p1a: Leviathan|Clear Amulet|[from] move: Knock Off|[of] p2a: Iron Valiant\n|faint|p1a: Leviathan\n|\n|upkeep\n|\n|t:|1700674641\n|switch|p1a: V2|Scizor, M|100\/100\n|-damage|p1a: V2|88\/100|[from] Stealth Rock\n|turn|14\n|\n|t:|1700674645\n|-end|p2a: Iron Valiant|Quark Drive|[silent]\n|switch|p2a: Alomomola|Alomomola, F|100\/100\n|move|p1a: V2|Brick Break|p2a: Alomomola\n|-damage|p2a: Alomomola|85\/100\n|-damage|p1a: V2|72\/100|[from] item: Rocky Helmet|[of] p2a: Alomomola\n|\n|upkeep\n|turn|15\n|\n|t:|1700674649\n|switch|p1a: V1|Inteleon, F|100\/100\n|-damage|p1a: V1|88\/100|[from] Stealth Rock\n|move|p2a: Alomomola|Flip Turn|p1a: V1\n|-resisted|p1a: V1\n|-damage|p1a: V1|76\/100\n|c|\u2606Irvantheboredone|Least annoying alomomola strat\n|\n|t:|1700674659\n|switch|p2a: Heatran|Heatran, F|68\/100|[from] Flip Turn\n|\n|upkeep\n|turn|16\n|\n|t:|1700674669\n|move|p1a: V1|Snipe Shot|p2a: Heatran\n|-supereffective|p2a: Heatran\n|-damage|p2a: Heatran|0 fnt\n|faint|p2a: Heatran\n|\n|upkeep\n|\n|t:|1700674674\n|switch|p2a: Zapdos|Zapdos|77\/100\n|-ability|p2a: Zapdos|Pressure\n|turn|17\n|\n|t:|1700674681\n|switch|p2a: Iron Valiant|Iron Valiant|100\/100\n|move|p1a: V1|Ice Beam|p2a: Iron Valiant\n|-crit|p2a: Iron Valiant\n|-damage|p2a: Iron Valiant|0 fnt\n|faint|p2a: Iron Valiant\n|-end|p2a: Iron Valiant|Quark Drive|[silent]\n|\n|upkeep\n|c|\u2606Irvantheboredone|God bless razor claw\n|c|\u2606kingston come|bro you are\n|c|\u2606kingston come|impossible to read\n|c|\u2606Irvantheboredone|Teehee\n|c|\u2606kingston come|its like youre clicking random buttons\n|\n|t:|1700674704\n|switch|p2a: Zapdos|Zapdos|77\/100\n|-ability|p2a: Zapdos|Pressure\n|turn|18\n|c|\u2606Irvantheboredone|I mean I had a flying type in front of me\n|c|\u2606Irvantheboredone|Of course I was gonna shoot it\n|\n|t:|1700674716\n|move|p1a: V1|Ice Beam|p2a: Zapdos\n|-supereffective|p2a: Zapdos\n|-damage|p2a: Zapdos|15\/100\n|move|p2a: Zapdos|Hurricane|p1a: V1\n|-damage|p1a: V1|0 fnt\n|faint|p1a: V1\n|\n|upkeep\n|c|\u2606kingston come|yeah and youve never once switched into your volt absorb mon\n|c|\u2606kingston come|on a zapdos\n|c|\u2606Irvantheboredone|HUEGH MY WIN CONDITION\n|c|\u2606kingston come|weird\n|\n|t:|1700674733\n|switch|p1a: Mindflayer|Thundurus-Therian, M|75\/100\n|-damage|p1a: Mindflayer|50\/100|[from] Stealth Rock\n|turn|19\n|\n|t:|1700674738\n|move|p2a: Zapdos|Hurricane|p1a: Mindflayer\n|-resisted|p1a: Mindflayer\n|-crit|p1a: Mindflayer\n|-damage|p1a: Mindflayer|0 fnt\n|faint|p1a: Mindflayer\n|\n|upkeep\n|c|\u2606Irvantheboredone|C r i t\n|\n|t:|1700674748\n|switch|p1a: Gabriel|Gallade, M|100\/100\n|-damage|p1a: Gabriel|94\/100|[from] Stealth Rock\n|turn|20\n|c|\u2606kingston come|what evs are you running on that thundurus man\n|\n|t:|1700674754\n|switch|p2a: Alomomola|Alomomola, F|100\/100\n|move|p1a: Gabriel|Psycho Cut|p2a: Alomomola\n|-damage|p2a: Alomomola|71\/100\n|\n|upkeep\n|turn|21\n|\n|t:|1700674757\n|move|p1a: Gabriel|Leaf Blade|p2a: Alomomola\n|-supereffective|p2a: Alomomola\n|-damage|p2a: Alomomola|22\/100\n|-damage|p1a: Gabriel|78\/100|[from] item: Rocky Helmet|[of] p2a: Alomomola\n|move|p2a: Alomomola|Wish|p2a: Alomomola\n|\n|upkeep\n|turn|22\n|\n|t:|1700674762\n|move|p2a: Alomomola|Protect|p2a: Alomomola\n|-singleturn|p2a: Alomomola|Protect\n|move|p1a: Gabriel|Leaf Blade|p2a: Alomomola\n|-activate|p2a: Alomomola|move: Protect\n|\n|-heal|p2a: Alomomola|72\/100|[from] move: Wish|[wisher] Alomomola\n|upkeep\n|turn|23\n|\n|t:|1700674772\n|-terastallize|p1a: Gabriel|Grass\n|move|p1a: Gabriel|Leaf Blade|p2a: Alomomola\n|-supereffective|p2a: Alomomola\n|-damage|p2a: Alomomola|0 fnt\n|-damage|p1a: Gabriel|61\/100|[from] item: Rocky Helmet|[of] p2a: Alomomola\n|faint|p2a: Alomomola\n|\n|upkeep\n|\n|t:|1700674777\n|switch|p2a: Salamence|Salamence, F|100\/100\n|turn|24\n|\n|t:|1700674779\n|move|p2a: Salamence|Dragon Dance|p2a: Salamence\n|-boost|p2a: Salamence|atk|1\n|-boost|p2a: Salamence|spe|1\n|move|p1a: Gabriel|Psycho Cut|p2a: Salamence\n|-damage|p2a: Salamence|23\/100\n|\n|upkeep\n|turn|25\n|\n|t:|1700674785\n|move|p2a: Salamence|Dual Wingbeat|p1a: Gabriel\n|-supereffective|p1a: Gabriel\n|-damage|p1a: Gabriel|0 fnt\n|faint|p1a: Gabriel\n|-ability|p2a: Salamence|Moxie|boost\n|-boost|p2a: Salamence|atk|1\n|-hitcount|p1: Gabriel|1\n|\n|upkeep\n|\n|t:|1700674787\n|switch|p1a: V2|Scizor, M|72\/100\n|-damage|p1a: V2|59\/100|[from] Stealth Rock\n|turn|26\n|\n|t:|1700674792\n|move|p1a: V2|Bullet Punch|p2a: Salamence\n|-damage|p2a: Salamence|0 fnt\n|faint|p2a: Salamence\n|\n|upkeep\n|\n|t:|1700674794\n|switch|p2a: Zapdos|Zapdos|15\/100\n|-ability|p2a: Zapdos|Pressure\n|turn|27\n|\n|t:|1700674796\n|move|p1a: V2|Bullet Punch|p2a: Zapdos\n|-resisted|p2a: Zapdos\n|-damage|p2a: Zapdos|0 fnt\n|faint|p2a: Zapdos\n|\n|win|Irvantheboredone\n|raw|Irvantheboredone's rating: 1242 &rarr; <strong>1262<\/strong><br \/>(+20 for winning)\n|raw|kingston come's rating: 1173 &rarr; <strong>1153<\/strong><br \/>(-20 for losing)\n|c|\u2606Irvantheboredone|gg\n|l|\u2606kingston come\n|c|\u2606Irvantheboredone|Also, wanna join a pokemon discord server\n|c|\u2606Irvantheboredone|I guess not\n","uploadtime":1700674821,"views":3,"p1id":"irvantheboredone","p2id":"kingstoncome","formatid":"gen9ou","rating":1153,"private":0,"password":""}