{"id":"gen9ou-1995888398","p1":"copyninja101","p2":"makisenjo","format":"[Gen 9] OU","log":"|j|\u2606copyninja101\n|j|\u2606makisenjo\n|t:|1700613861\n|gametype|singles\n|player|p1|copyninja101|102|1467\n|player|p2|makisenjo|169|1561\n|teamsize|p1|6\n|teamsize|p2|6\n|gen|9\n|tier|[Gen 9] OU\n|rated|\n|rule|Sleep Clause Mod: Limit one foe put to sleep\n|rule|Species Clause: Limit one of each Pok\u00e9mon\n|rule|OHKO Clause: OHKO moves are banned\n|rule|Evasion Items Clause: Evasion items are banned\n|rule|Evasion Moves Clause: Evasion moves are banned\n|rule|Endless Battle Clause: Forcing endless battles is banned\n|rule|HP Percentage Mod: HP is shown in percentages\n|clearpoke\n|poke|p1|Alomomola, F|\n|poke|p1|Slowking-Galar, F|\n|poke|p1|Kingambit, F|\n|poke|p1|Great Tusk|\n|poke|p1|Cinderace, F|\n|poke|p1|Thundurus-Therian, M|\n|poke|p2|Iron Jugulis|\n|poke|p2|Ogerpon-Wellspring, F|\n|poke|p2|Tinkaton, F|\n|poke|p2|Iron Moth|\n|poke|p2|Great Tusk|\n|poke|p2|Dragapult, M|\n|teampreview\n|\n|t:|1700613878\n|start\n|switch|p1a: Thundurus|Thundurus-Therian, M|100\/100\n|switch|p2a: Ogerpon|Ogerpon-Wellspring, F|100\/100\n|turn|1\n|\n|t:|1700613887\n|move|p2a: Ogerpon|Ivy Cudgel|p1a: Thundurus|[anim] Ivy Cudgel Water\n|-damage|p1a: Thundurus|11\/100\n|move|p1a: Thundurus|Volt Switch|p2a: Ogerpon\n|-damage|p2a: Ogerpon|35\/100\n|\n|t:|1700613896\n|switch|p1a: Cinderace|Cinderace, F|100\/100|[from] Volt Switch\n|\n|upkeep\n|turn|2\n|\n|t:|1700613918\n|switch|p2a: Dragapult|Dragapult, M|100\/100\n|move|p1a: Cinderace|U-turn|p2a: Dragapult\n|-start|p1a: Cinderace|typechange|Bug|[from] ability: Libero\n|-resisted|p2a: Dragapult\n|-damage|p2a: Dragapult|79\/100\n|\n|t:|1700613930\n|switch|p1a: Kingambit|Kingambit, F|100\/100|[from] U-turn\n|\n|upkeep\n|turn|3\n|\n|t:|1700613937\n|switch|p2a: Great Tusk|Great Tusk|100\/100\n|-enditem|p2a: Great Tusk|Booster Energy\n|-activate|p2a: Great Tusk|ability: Protosynthesis|[fromitem]\n|-start|p2a: Great Tusk|protosynthesisspe\n|-end|p1a: Kingambit|fallenundefined|[silent]\n|switch|p1a: Thundurus|Thundurus-Therian, M|11\/100\n|\n|upkeep\n|turn|4\n|\n|t:|1700613953\n|switch|p1a: Alomomola|Alomomola, F|100\/100\n|move|p2a: Great Tusk|Bulk Up|p2a: Great Tusk\n|-boost|p2a: Great Tusk|atk|1\n|-boost|p2a: Great Tusk|def|1\n|\n|upkeep\n|turn|5\n|\n|t:|1700613968\n|-terastallize|p2a: Great Tusk|Poison\n|move|p2a: Great Tusk|Bulk Up|p2a: Great Tusk\n|-boost|p2a: Great Tusk|atk|1\n|-boost|p2a: Great Tusk|def|1\n|move|p1a: Alomomola|Acrobatics|p2a: Great Tusk\n|-damage|p2a: Great Tusk|97\/100\n|\n|upkeep\n|turn|6\n|\n|t:|1700613979\n|move|p2a: Great Tusk|Headlong Rush|p1a: Alomomola\n|-damage|p1a: Alomomola|36\/100\n|-unboost|p2a: Great Tusk|def|1\n|-unboost|p2a: Great Tusk|spd|1\n|-enditem|p1a: Alomomola|Red Card|[of] p2a: Great Tusk\n|-end|p2a: Great Tusk|Protosynthesis|[silent]\n|drag|p2a: Dragapult|Dragapult, M|79\/100\n|move|p1a: Alomomola|Scald|p2a: Dragapult\n|-resisted|p2a: Dragapult\n|-damage|p2a: Dragapult|71\/100\n|\n|upkeep\n|turn|7\n|\n|t:|1700613991\n|switch|p1a: Kingambit|Kingambit, F|100\/100\n|move|p2a: Dragapult|U-turn|p1a: Kingambit\n|-damage|p1a: Kingambit|89\/100\n|\n|t:|1700613993\n|switch|p2a: Great Tusk|Great Tusk, tera:Poison|97\/100|[from] U-turn\n|\n|-heal|p1a: Kingambit|95\/100|[from] item: Leftovers\n|upkeep\n|turn|8\n|\n|t:|1700614005\n|-end|p1a: Kingambit|fallenundefined|[silent]\n|switch|p1a: Alomomola|Alomomola, F|70\/100\n|move|p2a: Great Tusk|Rapid Spin|p1a: Alomomola\n|-damage|p1a: Alomomola|60\/100\n|-boost|p2a: Great Tusk|spe|1\n|\n|upkeep\n|turn|9\n|\n|t:|1700614011\n|move|p2a: Great Tusk|Bulk Up|p2a: Great Tusk\n|-boost|p2a: Great Tusk|atk|1\n|-boost|p2a: Great Tusk|def|1\n|move|p1a: Alomomola|Scald|p2a: Great Tusk\n|-damage|p2a: Great Tusk|80\/100\n|\n|upkeep\n|turn|10\n|\n|t:|1700614017\n|move|p2a: Great Tusk|Bulk Up|p2a: Great Tusk\n|-boost|p2a: Great Tusk|atk|1\n|-boost|p2a: Great Tusk|def|1\n|move|p1a: Alomomola|Scald|p2a: Great Tusk\n|-damage|p2a: Great Tusk|62\/100\n|\n|upkeep\n|turn|11\n|\n|t:|1700614034\n|switch|p1a: Great Tusk|Great Tusk|100\/100\n|move|p2a: Great Tusk|Headlong Rush|p1a: Great Tusk\n|-damage|p1a: Great Tusk|20\/100\n|-unboost|p2a: Great Tusk|def|1\n|-unboost|p2a: Great Tusk|spd|1\n|-damage|p2a: Great Tusk|45\/100|[from] item: Rocky Helmet|[of] p1a: Great Tusk\n|\n|upkeep\n|turn|12\n|\n|t:|1700614048\n|move|p2a: Great Tusk|Ice Spinner|p1a: Great Tusk\n|-supereffective|p1a: Great Tusk\n|-damage|p1a: Great Tusk|0 fnt\n|-damage|p2a: Great Tusk|29\/100|[from] item: Rocky Helmet|[of] p1a: Great Tusk\n|faint|p1a: Great Tusk\n|-end|p1a: Great Tusk|Protosynthesis|[silent]\n|\n|upkeep\n|\n|t:|1700614050\n|switch|p1a: Alomomola|Alomomola, F|94\/100\n|turn|13\n|\n|t:|1700614054\n|-end|p2a: Great Tusk|Protosynthesis|[silent]\n|switch|p2a: Ogerpon|Ogerpon-Wellspring, F|35\/100\n|move|p1a: Alomomola|Scald|p2a: Ogerpon\n|-heal|p2a: Ogerpon|60\/100|[from] ability: Water Absorb|[of] p1a: Alomomola\n|\n|upkeep\n|turn|14\n|\n|t:|1700614072\n|-terastallize|p1a: Alomomola|Flying\n|move|p2a: Ogerpon|Horn Leech|p1a: Alomomola\n|-resisted|p1a: Alomomola\n|-crit|p1a: Alomomola\n|-damage|p1a: Alomomola|73\/100\n|-heal|p2a: Ogerpon|76\/100|[from] drain|[of] p1a: Alomomola\n|move|p1a: Alomomola|Acrobatics|p2a: Ogerpon\n|-supereffective|p2a: Ogerpon\n|-damage|p2a: Ogerpon|0 fnt\n|faint|p2a: Ogerpon\n|\n|upkeep\n|\n|t:|1700614087\n|switch|p2a: TWINKATON|Tinkaton, F|100\/100\n|-item|p2a: TWINKATON|Air Balloon\n|turn|15\n|\n|t:|1700614093\n|move|p2a: TWINKATON|Encore|p1a: Alomomola\n|-start|p1a: Alomomola|Encore\n|move|p1a: Alomomola|Acrobatics|p2a: TWINKATON\n|-resisted|p2a: TWINKATON\n|-crit|p2a: TWINKATON\n|-damage|p2a: TWINKATON|73\/100\n|-enditem|p2a: TWINKATON|Air Balloon\n|\n|upkeep\n|turn|16\n|\n|t:|1700614100\n|switch|p1a: Thundurus|Thundurus-Therian, M|11\/100\n|move|p2a: TWINKATON|Play Rough|p1a: Thundurus|[miss]\n|-miss|p2a: TWINKATON|p1a: Thundurus\n|\n|upkeep\n|turn|17\n|c|\u2606copyninja101|mb zadd\n|\n|t:|1700614156\n|move|p1a: Thundurus|Volt Switch|p2a: TWINKATON\n|-damage|p2a: TWINKATON|21\/100\n|\n|t:|1700614160\n|switch|p1a: Cinderace|Cinderace, F|100\/100|[from] Volt Switch\n|move|p2a: TWINKATON|Play Rough|p1a: Cinderace\n|-resisted|p1a: Cinderace\n|-damage|p1a: Cinderace|83\/100\n|\n|upkeep\n|turn|18\n|inactive|Battle timer is ON: inactive players will automatically lose when time's up. (requested by copyninja101)\n|\n|t:|1700614183\n|switch|p2a: Great Tusk|Great Tusk, tera:Poison|29\/100\n|move|p1a: Cinderace|Pyro Ball|p2a: Great Tusk\n|-damage|p2a: Great Tusk|0 fnt\n|faint|p2a: Great Tusk\n|-end|p2a: Great Tusk|Protosynthesis|[silent]\n|\n|upkeep\n|\n|t:|1700614194\n|switch|p2a: Dragapult|Dragapult, M|71\/100\n|turn|19\n|\n|t:|1700614199\n|switch|p1a: Slowking|Slowking-Galar, F|100\/100\n|move|p2a: Dragapult|U-turn|p1a: Slowking\n|-damage|p1a: Slowking|82\/100\n|\n|t:|1700614204\n|switch|p2a: Iron Jugulis|Iron Jugulis|100\/100|[from] U-turn\n|-enditem|p2a: Iron Jugulis|Booster Energy\n|-activate|p2a: Iron Jugulis|ability: Quark Drive|[fromitem]\n|-start|p2a: Iron Jugulis|quarkdrivespe\n|\n|upkeep\n|turn|20\n|\n|t:|1700614214\n|switch|p1a: Kingambit|Kingambit, F|95\/100\n|-activate|p1a: Kingambit|ability: Supreme Overlord\n|-start|p1a: Kingambit|fallen1|[silent]\n|move|p2a: Iron Jugulis|Hurricane|p1a: Kingambit\n|-resisted|p1a: Kingambit\n|-damage|p1a: Kingambit|68\/100\n|\n|-heal|p1a: Kingambit|74\/100|[from] item: Leftovers\n|upkeep\n|turn|21\n|\n|t:|1700614222\n|move|p2a: Iron Jugulis|Earth Power|p1a: Kingambit\n|-supereffective|p1a: Kingambit\n|-damage|p1a: Kingambit|16\/100\n|move|p1a: Kingambit|Iron Head|p2a: Iron Jugulis\n|-damage|p2a: Iron Jugulis|36\/100\n|\n|-heal|p1a: Kingambit|23\/100|[from] item: Leftovers\n|upkeep\n|turn|22\n|\n|t:|1700614239\n|-end|p1a: Kingambit|fallen1|[silent]\n|switch|p1a: Alomomola|Alomomola, F, tera:Flying|100\/100\n|move|p2a: Iron Jugulis|Earth Power|p1a: Alomomola\n|-immune|p1a: Alomomola\n|\n|upkeep\n|turn|23\n|j| Spiderking3261\n|l| Spiderking3261\n|\n|t:|1700614256\n|-end|p2a: Iron Jugulis|Quark Drive|[silent]\n|switch|p2a: TWINKATON|Tinkaton, F|21\/100\n|move|p1a: Alomomola|Acrobatics|p2a: TWINKATON\n|-resisted|p2a: TWINKATON\n|-damage|p2a: TWINKATON|3\/100\n|\n|upkeep\n|turn|24\n|\n|t:|1700614262\n|move|p2a: TWINKATON|Thunder Wave|p1a: Alomomola\n|-status|p1a: Alomomola|par\n|move|p1a: Alomomola|Flip Turn|p2a: TWINKATON\n|-damage|p2a: TWINKATON|0 fnt\n|faint|p2a: TWINKATON\n|inactive|copyninja101 has 120 seconds left.\n|\n|t:|1700614297\n|switch|p1a: Kingambit|Kingambit, F|23\/100|[from] Flip Turn\n|-activate|p1a: Kingambit|ability: Supreme Overlord\n|-start|p1a: Kingambit|fallen1|[silent]\n|\n|-heal|p1a: Kingambit|29\/100|[from] item: Leftovers\n|upkeep\n|\n|t:|1700614302\n|switch|p2a: Iron Moth|Iron Moth|100\/100\n|-enditem|p2a: Iron Moth|Booster Energy\n|-activate|p2a: Iron Moth|ability: Quark Drive|[fromitem]\n|-start|p2a: Iron Moth|quarkdrivespe\n|turn|25\n|\n|t:|1700614309\n|-end|p1a: Kingambit|fallen1|[silent]\n|switch|p1a: Slowking|Slowking-Galar, F|100\/100\n|move|p2a: Iron Moth|Fiery Dance|p1a: Slowking\n|-crit|p1a: Slowking\n|-damage|p1a: Slowking|62\/100\n|-boost|p2a: Iron Moth|spa|1\n|\n|upkeep\n|turn|26\n|\n|t:|1700614316\n|move|p2a: Iron Moth|Fiery Dance|p1a: Slowking\n|-damage|p1a: Slowking|26\/100\n|-boost|p2a: Iron Moth|spa|1\n|move|p1a: Slowking|Future Sight|p2a: Iron Moth\n|-start|p1a: Slowking|move: Future Sight\n|\n|upkeep\n|turn|27\n|\n|t:|1700614325\n|switch|p1a: Alomomola|Alomomola, F, tera:Flying|100\/100 par\n|move|p2a: Iron Moth|Fiery Dance|p1a: Alomomola\n|-damage|p1a: Alomomola|28\/100 par\n|\n|upkeep\n|turn|28\n|\n|t:|1700614347\n|move|p2a: Iron Moth|Fiery Dance|p1a: Alomomola\n|-damage|p1a: Alomomola|0 fnt\n|faint|p1a: Alomomola\n|\n|-end|p2a: Iron Moth|move: Future Sight\n|-supereffective|p2a: Iron Moth\n|-damage|p2a: Iron Moth|12\/100\n|upkeep\n|\n|t:|1700614354\n|switch|p1a: Kingambit|Kingambit, F|29\/100\n|-activate|p1a: Kingambit|ability: Supreme Overlord\n|-start|p1a: Kingambit|fallen2|[silent]\n|turn|29\n|\n|t:|1700614357\n|-end|p2a: Iron Moth|Quark Drive|[silent]\n|switch|p2a: Iron Jugulis|Iron Jugulis|36\/100\n|move|p1a: Kingambit|Sucker Punch||[still]\n|-fail|p1a: Kingambit\n|\n|-heal|p1a: Kingambit|35\/100|[from] item: Leftovers\n|upkeep\n|turn|30\n|\n|t:|1700614367\n|-end|p1a: Kingambit|fallen2|[silent]\n|switch|p1a: Thundurus|Thundurus-Therian, M|11\/100\n|move|p2a: Iron Jugulis|Earth Power|p1a: Thundurus\n|-immune|p1a: Thundurus\n|\n|upkeep\n|turn|31\n|\n|t:|1700614386\n|move|p2a: Iron Jugulis|Knock Off|p1a: Thundurus\n|-damage|p1a: Thundurus|0 fnt\n|-enditem|p1a: Thundurus|Choice Specs|[from] move: Knock Off|[of] p2a: Iron Jugulis\n|faint|p1a: Thundurus\n|\n|upkeep\n|\n|t:|1700614388\n|switch|p1a: Cinderace|Cinderace, F|83\/100\n|turn|32\n|j| Fiverimed6\n|inactive|copyninja101 has 120 seconds left.\n|\n|t:|1700614421\n|-end|p2a: Iron Jugulis|Quark Drive|[silent]\n|switch|p2a: Iron Moth|Iron Moth|12\/100\n|move|p1a: Cinderace|U-turn|p2a: Iron Moth\n|-start|p1a: Cinderace|typechange|Bug|[from] ability: Libero\n|-resisted|p2a: Iron Moth\n|-damage|p2a: Iron Moth|0 fnt\n|faint|p2a: Iron Moth\n|-end|p2a: Iron Moth|Quark Drive|[silent]\n|inactive|copyninja101 has 120 seconds left.\n|\n|t:|1700614430\n|switch|p1a: Kingambit|Kingambit, F|35\/100|[from] U-turn\n|-activate|p1a: Kingambit|ability: Supreme Overlord\n|-start|p1a: Kingambit|fallen3|[silent]\n|\n|-heal|p1a: Kingambit|41\/100|[from] item: Leftovers\n|upkeep\n|\n|t:|1700614434\n|switch|p2a: Iron Jugulis|Iron Jugulis|36\/100\n|turn|33\n|inactive|copyninja101 has 120 seconds left.\n|\n|t:|1700614465\n|-end|p1a: Kingambit|fallen3|[silent]\n|switch|p1a: Slowking|Slowking-Galar, F|60\/100\n|move|p2a: Iron Jugulis|Earth Power|p1a: Slowking\n|-supereffective|p1a: Slowking\n|-damage|p1a: Slowking|22\/100\n|\n|upkeep\n|turn|34\n|\n|t:|1700614470\n|move|p2a: Iron Jugulis|Earth Power|p1a: Slowking\n|-supereffective|p1a: Slowking\n|-damage|p1a: Slowking|0 fnt\n|faint|p1a: Slowking\n|\n|upkeep\n|\n|t:|1700614472\n|switch|p1a: Cinderace|Cinderace, F|83\/100\n|turn|35\n|\n|t:|1700614485\n|-end|p2a: Iron Jugulis|Quark Drive|[silent]\n|switch|p2a: Dragapult|Dragapult, M|71\/100\n|move|p1a: Cinderace|U-turn|p2a: Dragapult\n|-start|p1a: Cinderace|typechange|Bug|[from] ability: Libero\n|-resisted|p2a: Dragapult\n|-damage|p2a: Dragapult|46\/100\n|\n|t:|1700614488\n|switch|p1a: Kingambit|Kingambit, F|41\/100|[from] U-turn\n|-activate|p1a: Kingambit|ability: Supreme Overlord\n|-start|p1a: Kingambit|fallen4|[silent]\n|\n|-heal|p1a: Kingambit|48\/100|[from] item: Leftovers\n|upkeep\n|turn|36\n|inactive|copyninja101 has 120 seconds left.\n|\n|t:|1700614533\n|-end|p1a: Kingambit|fallen4|[silent]\n|switch|p1a: Cinderace|Cinderace, F|83\/100\n|move|p2a: Dragapult|Thunderbolt|p1a: Cinderace\n|-damage|p1a: Cinderace|29\/100\n|\n|upkeep\n|turn|37\n|inactive|copyninja101 has 90 seconds left.\n|\n|t:|1700614561\n|move|p2a: Dragapult|Thunderbolt|p1a: Cinderace\n|-damage|p1a: Cinderace|0 fnt\n|faint|p1a: Cinderace\n|\n|upkeep\n|\n|t:|1700614562\n|switch|p1a: Kingambit|Kingambit, F|48\/100\n|-activate|p1a: Kingambit|ability: Supreme Overlord\n|-start|p1a: Kingambit|fallen5|[silent]\n|turn|38\n|\n|t:|1700614567\n|move|p1a: Kingambit|Sucker Punch|p2a: Dragapult\n|-supereffective|p2a: Dragapult\n|-damage|p2a: Dragapult|0 fnt\n|faint|p2a: Dragapult\n|\n|-heal|p1a: Kingambit|54\/100|[from] item: Leftovers\n|upkeep\n|\n|t:|1700614569\n|switch|p2a: Iron Jugulis|Iron Jugulis|36\/100\n|turn|39\n|\n|t:|1700614585\n|move|p1a: Kingambit|Sucker Punch|p2a: Iron Jugulis\n|-resisted|p2a: Iron Jugulis\n|-damage|p2a: Iron Jugulis|2\/100\n|move|p2a: Iron Jugulis|Earth Power|p1a: Kingambit\n|-supereffective|p1a: Kingambit\n|-damage|p1a: Kingambit|0 fnt\n|faint|p1a: Kingambit\n|-end|p1a: Kingambit|fallen5|[silent]\n|\n|win|makisenjo\n|raw|copyninja101's rating: 1467 &rarr; <strong>1452<\/strong><br \/>(-15 for losing)\n|raw|makisenjo's rating: 1561 &rarr; <strong>1576<\/strong><br \/>(+15 for winning)\n|l|\u2606copyninja101\n","uploadtime":1700614606,"views":6,"p1id":"copyninja101","p2id":"makisenjo","formatid":"gen9ou","rating":1452,"private":0,"password":""}