{"id":"gen9ou-1996508219","p1":"Mikeycoolmoney","p2":"Layonayz","format":"[Gen 9] OU","log":"|j|\u2606Mikeycoolmoney\n|j|\u2606Layonayz\n|t:|1700688870\n|gametype|singles\n|player|p1|Mikeycoolmoney|blue-gen3champion|1000\n|player|p2|Layonayz|pokemaniac|1058\n|teamsize|p1|6\n|teamsize|p2|6\n|gen|9\n|tier|[Gen 9] OU\n|rated|\n|rule|Sleep Clause Mod: Limit one foe put to sleep\n|rule|Species Clause: Limit one of each Pok\u00e9mon\n|rule|OHKO Clause: OHKO moves are banned\n|rule|Evasion Items Clause: Evasion items are banned\n|rule|Evasion Moves Clause: Evasion moves are banned\n|rule|Endless Battle Clause: Forcing endless battles is banned\n|rule|HP Percentage Mod: HP is shown in percentages\n|clearpoke\n|poke|p1|Walking Wake|\n|poke|p1|Torkoal, F|\n|poke|p1|Sandy Shocks|\n|poke|p1|Scizor, F|\n|poke|p1|Weavile, F|\n|poke|p1|Slowking-Galar, M|\n|poke|p2|Hatterene, F|\n|poke|p2|Torkoal, M|\n|poke|p2|Slowking-Galar, F|\n|poke|p2|Glaceon, M|\n|poke|p2|Pelipper, F|\n|poke|p2|Crawdaunt, F|\n|teampreview\n|inactive|Battle timer is ON: inactive players will automatically lose when time's up. (requested by Mikeycoolmoney)\n|\n|t:|1700688885\n|start\n|switch|p1a: Torkoal|Torkoal, F|100\/100\n|switch|p2a: c|Slowking-Galar, F|100\/100\n|-weather|SunnyDay|[from] ability: Drought|[of] p1a: Torkoal\n|turn|1\n|\n|t:|1700688894\n|move|p1a: Torkoal|Stealth Rock|p2a: c\n|-sidestart|p2: Layonayz|move: Stealth Rock\n|move|p2a: c|Trick Room|p2a: c\n|-fieldstart|move: Trick Room|[of] p2a: c\n|\n|-weather|SunnyDay|[upkeep]\n|upkeep\n|turn|2\n|\n|t:|1700688908\n|move|p1a: Torkoal|Eruption|p2a: c\n|-damage|p2a: c|47\/100\n|move|p2a: c|Chilly Reception|p2a: c\n|-weather|Snow\n|\n|t:|1700688916\n|switch|p2a: e|Pelipper, F|100\/100|[from] Chilly Reception\n|-damage|p2a: e|76\/100|[from] Stealth Rock\n|-weather|RainDance|[from] ability: Drizzle|[of] p2a: e\n|\n|-weather|RainDance|[upkeep]\n|upkeep\n|turn|3\n|\n|t:|1700688925\n|switch|p1a: Walking Wake|Walking Wake|100\/100\n|move|p2a: e|Weather Ball|p1a: Walking Wake\n|-resisted|p1a: Walking Wake\n|-damage|p1a: Walking Wake|79\/100\n|\n|-weather|RainDance|[upkeep]\n|upkeep\n|turn|4\n|\n|t:|1700688950\n|move|p2a: e|U-turn|p1a: Walking Wake\n|-damage|p1a: Walking Wake|70\/100\n|\n|t:|1700688952\n|switch|p2a: a|Hatterene, F|100\/100|[from] U-turn\n|-damage|p2a: a|88\/100|[from] Stealth Rock\n|move|p1a: Walking Wake|Draco Meteor|p2a: a\n|-immune|p2a: a\n|\n|-weather|RainDance|[upkeep]\n|upkeep\n|turn|5\n|\n|t:|1700688961\n|-end|p1a: Walking Wake|Protosynthesis|[silent]\n|switch|p1a: Scizor|Scizor, F, shiny|100\/100\n|move|p2a: a|Light Screen|p2a: a\n|-sidestart|p2: Layonayz|move: Light Screen\n|\n|-weather|RainDance|[upkeep]\n|-fieldend|move: Trick Room\n|upkeep\n|turn|6\n|\n|t:|1700688982\n|move|p1a: Scizor|Bullet Punch|p2a: a\n|-supereffective|p2a: a\n|-damage|p2a: a|10\/100\n|move|p2a: a|Trick Room|p2a: a\n|-fieldstart|move: Trick Room|[of] p2a: a\n|\n|-weather|none\n|upkeep\n|turn|7\n|inactive|Mikeycoolmoney has 120 seconds left.\n|\n|t:|1700689008\n|move|p1a: Scizor|Bullet Punch|p2a: a\n|-supereffective|p2a: a\n|-damage|p2a: a|0 fnt\n|faint|p2a: a\n|\n|upkeep\n|\n|t:|1700689010\n|switch|p2a: b|Torkoal, M|100\/100\n|-damage|p2a: b|76\/100|[from] Stealth Rock\n|-weather|SunnyDay|[from] ability: Drought|[of] p2a: b\n|turn|8\n|inactive|Mikeycoolmoney has 120 seconds left.\n|\n|t:|1700689037\n|switch|p1a: Walking Wake|Walking Wake|70\/100\n|-activate|p1a: Walking Wake|ability: Protosynthesis\n|-start|p1a: Walking Wake|protosynthesisspe\n|move|p2a: b|Eruption|p1a: Walking Wake\n|-resisted|p1a: Walking Wake\n|-damage|p1a: Walking Wake|36\/100\n|\n|-weather|SunnyDay|[upkeep]\n|upkeep\n|turn|9\n|\n|t:|1700689051\n|-terastallize|p2a: b|Fire\n|move|p2a: b|Eruption|p1a: Walking Wake\n|-resisted|p1a: Walking Wake\n|-damage|p1a: Walking Wake|0 fnt\n|faint|p1a: Walking Wake\n|-end|p1a: Walking Wake|Protosynthesis|[silent]\n|\n|-weather|SunnyDay|[upkeep]\n|upkeep\n|\n|t:|1700689065\n|switch|p1a: Sandy Shocks|Sandy Shocks|100\/100\n|-activate|p1a: Sandy Shocks|ability: Protosynthesis\n|-start|p1a: Sandy Shocks|protosynthesisspa\n|turn|10\n|\n|t:|1700689074\n|move|p2a: b|Eruption|p1a: Sandy Shocks\n|-damage|p1a: Sandy Shocks|0 fnt\n|faint|p1a: Sandy Shocks\n|-end|p1a: Sandy Shocks|Protosynthesis|[silent]\n|\n|-weather|SunnyDay|[upkeep]\n|-fieldend|move: Trick Room\n|upkeep\n|\n|t:|1700689077\n|switch|p1a: Torkoal|Torkoal, F|100\/100\n|turn|11\n|\n|t:|1700689082\n|move|p1a: Torkoal|Eruption|p2a: b\n|-resisted|p2a: b\n|-damage|p2a: b|45\/100\n|move|p2a: b|Eruption|p1a: Torkoal\n|-resisted|p1a: Torkoal\n|-damage|p1a: Torkoal|42\/100\n|\n|-weather|SunnyDay|[upkeep]\n|upkeep\n|turn|12\n|\n|t:|1700689090\n|move|p1a: Torkoal|Eruption|p2a: b\n|-resisted|p2a: b\n|-damage|p2a: b|31\/100\n|move|p2a: b|Eruption|p1a: Torkoal\n|-resisted|p1a: Torkoal\n|-crit|p1a: Torkoal\n|-damage|p1a: Torkoal|0 fnt\n|faint|p1a: Torkoal\n|\n|-weather|none\n|-sideend|p2: Layonayz|move: Light Screen\n|upkeep\n|\n|t:|1700689097\n|switch|p1a: Slowking|Slowking-Galar, M|100\/100\n|turn|13\n|\n|t:|1700689103\n|switch|p2a: e|Pelipper, F|76\/100\n|-damage|p2a: e|51\/100|[from] Stealth Rock\n|-weather|RainDance|[from] ability: Drizzle|[of] p2a: e\n|move|p1a: Slowking|Psychic|p2a: e\n|-damage|p2a: e|0 fnt\n|faint|p2a: e\n|\n|-weather|RainDance|[upkeep]\n|upkeep\n|\n|t:|1700689110\n|switch|p2a: f|Crawdaunt, F|100\/100\n|-damage|p2a: f|88\/100|[from] Stealth Rock\n|turn|14\n|\n|t:|1700689125\n|switch|p1a: Scizor|Scizor, F, shiny|100\/100\n|move|p2a: f|Crunch|p1a: Scizor\n|-damage|p1a: Scizor|43\/100\n|\n|-weather|RainDance|[upkeep]\n|-heal|p1a: Scizor|49\/100|[from] item: Leftovers\n|upkeep\n|turn|15\n|\n|t:|1700689138\n|move|p2a: f|Crunch|p1a: Scizor\n|-damage|p1a: Scizor|0 fnt\n|faint|p1a: Scizor\n|\n|-weather|RainDance|[upkeep]\n|upkeep\n|\n|t:|1700689143\n|switch|p1a: Slowking|Slowking-Galar, M|100\/100\n|turn|16\n|\n|t:|1700689148\n|move|p2a: f|Crunch|p1a: Slowking\n|-supereffective|p1a: Slowking\n|-damage|p1a: Slowking|0 fnt\n|faint|p1a: Slowking\n|\n|-weather|RainDance|[upkeep]\n|upkeep\n|\n|t:|1700689151\n|switch|p1a: Weavile|Weavile, F|100\/100\n|-ability|p1a: Weavile|Pressure\n|turn|17\n|\n|t:|1700689163\n|move|p1a: Weavile|Knock Off|p2a: f\n|-resisted|p2a: f\n|-damage|p2a: f|44\/100\n|-enditem|p2a: f|Focus Sash|[from] move: Knock Off|[of] p1a: Weavile\n|-damage|p1a: Weavile|91\/100|[from] item: Life Orb\n|move|p2a: f|Crabhammer|p1a: Weavile\n|-damage|p1a: Weavile|0 fnt\n|faint|p1a: Weavile\n|\n|win|Layonayz\n|raw|Mikeycoolmoney's rating: 1000 &rarr; <strong>1000<\/strong><br \/>(+0 for losing)\n|raw|Layonayz's rating: 1058 &rarr; <strong>1084<\/strong><br \/>(+26 for winning)\n|c|\u2606Layonayz|gg\n|l|\u2606Mikeycoolmoney\n","uploadtime":1700689450,"views":12,"p1id":"mikeycoolmoney","p2id":"layonayz","formatid":"gen9ou","rating":1000,"private":0,"password":""}