{"id":"gen9ou-1988310847","p1":"NatanMarchais","p2":"jzhuc1841","format":"[Gen 9] OU","log":"|j|\u2606NatanMarchais\n|j|\u2606jzhuc1841\n|t:|1699706408\n|gametype|singles\n|player|p1|NatanMarchais|rocketgrunt|1524\n|player|p2|jzhuc1841|hilbert-wonderlauncher|1525\n|teamsize|p1|6\n|teamsize|p2|6\n|gen|9\n|tier|[Gen 9] OU\n|rated|\n|rule|Sleep Clause Mod: Limit one foe put to sleep\n|rule|Species Clause: Limit one of each Pok\u00e9mon\n|rule|OHKO Clause: OHKO moves are banned\n|rule|Evasion Items Clause: Evasion items are banned\n|rule|Evasion Moves Clause: Evasion moves are banned\n|rule|Endless Battle Clause: Forcing endless battles is banned\n|rule|HP Percentage Mod: HP is shown in percentages\n|clearpoke\n|poke|p1|Gastrodon-East, M|\n|poke|p1|Iron Treads|\n|poke|p1|Zamazenta-*|\n|poke|p1|Enamorus, F|\n|poke|p1|Dragonite, F|\n|poke|p1|Scizor, M|\n|poke|p2|Ogerpon-Wellspring, F|\n|poke|p2|Kingambit, M|\n|poke|p2|Iron Moth|\n|poke|p2|Iron Valiant|\n|poke|p2|Zamazenta-*|\n|poke|p2|Glimmora, F|\n|teampreview\n|inactive|Battle timer is ON: inactive players will automatically lose when time's up. (requested by NatanMarchais)\n|\n|t:|1699706417\n|start\n|switch|p1a: Iron Treads|Iron Treads|100\/100\n|switch|p2a: Iron Moth|Iron Moth|100\/100\n|-enditem|p2a: Iron Moth|Booster Energy\n|-activate|p2a: Iron Moth|ability: Quark Drive|[fromitem]\n|-start|p2a: Iron Moth|quarkdrivespe\n|turn|1\n|j| ThatJebshuckle\n|\n|t:|1699706431\n|move|p2a: Iron Moth|Fiery Dance|p1a: Iron Treads\n|-supereffective|p1a: Iron Treads\n|-damage|p1a: Iron Treads|0 fnt\n|faint|p1a: Iron Treads\n|-end|p1a: Iron Treads|Quark Drive|[silent]\n|\n|upkeep\n|\n|t:|1699706450\n|switch|p1a: Dragonite|Dragonite, F|100\/100\n|turn|2\n|\n|t:|1699706458\n|switch|p1a: Enamorus|Enamorus, F|100\/100\n|move|p2a: Iron Moth|Sludge Wave|p1a: Enamorus\n|-supereffective|p1a: Enamorus\n|-damage|p1a: Enamorus|0 fnt\n|faint|p1a: Enamorus\n|\n|upkeep\n|\n|t:|1699706466\n|switch|p1a: Dragonite|Dragonite, F|100\/100\n|turn|3\n|\n|t:|1699706471\n|move|p2a: Iron Moth|Sludge Wave|p1a: Dragonite\n|-damage|p1a: Dragonite|74\/100\n|move|p1a: Dragonite|Earthquake|p2a: Iron Moth\n|-supereffective|p2a: Iron Moth\n|-damage|p2a: Iron Moth|0 fnt\n|faint|p2a: Iron Moth\n|-end|p2a: Iron Moth|Quark Drive|[silent]\n|\n|upkeep\n|\n|t:|1699706480\n|switch|p2a: Iron Valiant|Iron Valiant|100\/100\n|-enditem|p2a: Iron Valiant|Booster Energy\n|-activate|p2a: Iron Valiant|ability: Quark Drive|[fromitem]\n|-start|p2a: Iron Valiant|quarkdrivespe\n|turn|4\n|\n|t:|1699706496\n|switch|p1a: Scizor|Scizor, M|100\/100\n|move|p2a: Iron Valiant|Moonblast|p1a: Scizor\n|-resisted|p1a: Scizor\n|-crit|p1a: Scizor\n|-damage|p1a: Scizor|59\/100\n|-unboost|p1a: Scizor|spa|1\n|\n|upkeep\n|turn|5\n|\n|t:|1699706508\n|-end|p2a: Iron Valiant|Quark Drive|[silent]\n|switch|p2a: Ogerpon|Ogerpon-Wellspring, F|100\/100\n|move|p1a: Scizor|Bullet Punch|p2a: Ogerpon\n|-resisted|p2a: Ogerpon\n|-damage|p2a: Ogerpon|64\/100\n|\n|upkeep\n|turn|6\n|\n|t:|1699706515\n|switch|p1a: Zamazenta|Zamazenta|100\/100\n|-ability|p1a: Zamazenta|Dauntless Shield|boost\n|-boost|p1a: Zamazenta|def|1\n|move|p2a: Ogerpon|Ivy Cudgel|p1a: Zamazenta\n|-damage|p1a: Zamazenta|68\/100\n|\n|-heal|p1a: Zamazenta|74\/100|[from] item: Leftovers\n|upkeep\n|turn|7\n|\n|t:|1699706524\n|move|p1a: Zamazenta|Body Press|p2a: Ogerpon\n|-damage|p2a: Ogerpon|1\/100\n|move|p2a: Ogerpon|Swords Dance|p2a: Ogerpon\n|-boost|p2a: Ogerpon|atk|2\n|\n|-heal|p1a: Zamazenta|80\/100|[from] item: Leftovers\n|upkeep\n|turn|8\n|\n|t:|1699706538\n|move|p1a: Zamazenta|Body Press|p2a: Ogerpon\n|-damage|p2a: Ogerpon|0 fnt\n|faint|p2a: Ogerpon\n|\n|-heal|p1a: Zamazenta|87\/100|[from] item: Leftovers\n|upkeep\n|\n|t:|1699706543\n|switch|p2a: Glimmora|Glimmora, F|100\/100\n|-item|p2a: Glimmora|Air Balloon\n|turn|9\n|\n|t:|1699706566\n|move|p1a: Zamazenta|Substitute|p1a: Zamazenta\n|-start|p1a: Zamazenta|Substitute\n|-damage|p1a: Zamazenta|62\/100\n|move|p2a: Glimmora|Sludge Wave|p1a: Zamazenta\n|-end|p1a: Zamazenta|Substitute\n|\n|-heal|p1a: Zamazenta|68\/100|[from] item: Leftovers\n|upkeep\n|turn|10\n|\n|t:|1699706573\n|move|p1a: Zamazenta|Body Press|p2a: Glimmora\n|-damage|p2a: Glimmora|48\/100\n|-activate|p2a: Glimmora|ability: Toxic Debris\n|-sidestart|p1: NatanMarchais|move: Toxic Spikes\n|-enditem|p2a: Glimmora|Air Balloon\n|move|p2a: Glimmora|Earth Power|p1a: Zamazenta\n|-damage|p1a: Zamazenta|44\/100\n|\n|-heal|p1a: Zamazenta|50\/100|[from] item: Leftovers\n|upkeep\n|turn|11\n|\n|t:|1699706583\n|move|p1a: Zamazenta|Body Press|p2a: Glimmora\n|-damage|p2a: Glimmora|0 fnt\n|-activate|p2a: Glimmora|ability: Toxic Debris\n|-sidestart|p1: NatanMarchais|move: Toxic Spikes\n|faint|p2a: Glimmora\n|\n|-heal|p1a: Zamazenta|56\/100|[from] item: Leftovers\n|upkeep\n|\n|t:|1699706589\n|switch|p2a: Iron Valiant|Iron Valiant|100\/100\n|turn|12\n|\n|t:|1699706598\n|switch|p1a: Gastrodon|Gastrodon-East, M|100\/100\n|-status|p1a: Gastrodon|tox\n|move|p2a: Iron Valiant|Moonblast|p1a: Gastrodon\n|-damage|p1a: Gastrodon|71\/100 tox\n|\n|-heal|p1a: Gastrodon|77\/100 tox|[from] item: Leftovers\n|-damage|p1a: Gastrodon|71\/100 tox|[from] psn\n|upkeep\n|turn|13\n|\n|t:|1699706608\n|move|p2a: Iron Valiant|Calm Mind|p2a: Iron Valiant\n|-boost|p2a: Iron Valiant|spa|1\n|-boost|p2a: Iron Valiant|spd|1\n|move|p1a: Gastrodon|Surf|p2a: Iron Valiant\n|-damage|p2a: Iron Valiant|67\/100\n|\n|-heal|p1a: Gastrodon|77\/100 tox|[from] item: Leftovers\n|-damage|p1a: Gastrodon|65\/100 tox|[from] psn\n|upkeep\n|turn|14\n|\n|t:|1699706615\n|move|p2a: Iron Valiant|Moonblast|p1a: Gastrodon\n|-damage|p1a: Gastrodon|20\/100 tox\n|-unboost|p1a: Gastrodon|spa|1\n|move|p1a: Gastrodon|Sludge Bomb|p2a: Iron Valiant\n|-supereffective|p2a: Iron Valiant\n|-damage|p2a: Iron Valiant|36\/100\n|-status|p2a: Iron Valiant|psn\n|\n|-heal|p1a: Gastrodon|26\/100 tox|[from] item: Leftovers\n|-damage|p2a: Iron Valiant|24\/100 psn|[from] psn\n|-damage|p1a: Gastrodon|8\/100 tox|[from] psn\n|upkeep\n|turn|15\n|\n|t:|1699706625\n|move|p2a: Iron Valiant|Moonblast|p1a: Gastrodon\n|-damage|p1a: Gastrodon|0 fnt\n|faint|p1a: Gastrodon\n|\n|-damage|p2a: Iron Valiant|11\/100 psn|[from] psn\n|upkeep\n|\n|t:|1699706636\n|switch|p1a: Dragonite|Dragonite, F|74\/100\n|turn|16\n|\n|t:|1699706641\n|move|p1a: Dragonite|Extreme Speed|p2a: Iron Valiant\n|-damage|p2a: Iron Valiant|0 fnt\n|faint|p2a: Iron Valiant\n|-end|p2a: Iron Valiant|Quark Drive|[silent]\n|\n|upkeep\n|\n|t:|1699706646\n|switch|p2a: Zamazenta|Zamazenta|100\/100\n|-ability|p2a: Zamazenta|Dauntless Shield|boost\n|-boost|p2a: Zamazenta|def|1\n|turn|17\n|\n|t:|1699706653\n|move|p2a: Zamazenta|Iron Defense|p2a: Zamazenta\n|-boost|p2a: Zamazenta|def|2\n|move|p1a: Dragonite|Earthquake|p2a: Zamazenta\n|-damage|p2a: Zamazenta|91\/100\n|\n|-heal|p2a: Zamazenta|97\/100|[from] item: Leftovers\n|upkeep\n|turn|18\n|\n|t:|1699706658\n|move|p2a: Zamazenta|Substitute|p2a: Zamazenta\n|-start|p2a: Zamazenta|Substitute\n|-damage|p2a: Zamazenta|72\/100\n|move|p1a: Dragonite|Dragon Dance|p1a: Dragonite\n|-boost|p1a: Dragonite|atk|1\n|-boost|p1a: Dragonite|spe|1\n|\n|-heal|p2a: Zamazenta|79\/100|[from] item: Leftovers\n|upkeep\n|turn|19\n|\n|t:|1699706663\n|move|p1a: Dragonite|Encore|p2a: Zamazenta\n|-start|p2a: Zamazenta|Encore\n|move|p2a: Zamazenta|Substitute|p2a: Zamazenta\n|-fail|p2a: Zamazenta|move: Substitute\n|\n|-heal|p2a: Zamazenta|85\/100|[from] item: Leftovers\n|upkeep\n|turn|20\n|\n|t:|1699706670\n|move|p1a: Dragonite|Dragon Dance|p1a: Dragonite\n|-boost|p1a: Dragonite|atk|1\n|-boost|p1a: Dragonite|spe|1\n|move|p2a: Zamazenta|Substitute|p2a: Zamazenta\n|-fail|p2a: Zamazenta|move: Substitute\n|\n|-heal|p2a: Zamazenta|91\/100|[from] item: Leftovers\n|upkeep\n|turn|21\n|\n|t:|1699706673\n|move|p1a: Dragonite|Dragon Dance|p1a: Dragonite\n|-boost|p1a: Dragonite|atk|1\n|-boost|p1a: Dragonite|spe|1\n|move|p2a: Zamazenta|Substitute|p2a: Zamazenta\n|-fail|p2a: Zamazenta|move: Substitute\n|\n|-heal|p2a: Zamazenta|97\/100|[from] item: Leftovers\n|-end|p2a: Zamazenta|Encore\n|upkeep\n|turn|22\n|\n|t:|1699706680\n|move|p1a: Dragonite|Encore|p2a: Zamazenta\n|-start|p2a: Zamazenta|Encore\n|move|p2a: Zamazenta|Substitute|p2a: Zamazenta\n|-fail|p2a: Zamazenta|move: Substitute\n|\n|-heal|p2a: Zamazenta|100\/100|[from] item: Leftovers\n|upkeep\n|turn|23\n|\n|t:|1699706684\n|switch|p2a: Kingambit|Kingambit, M|100\/100\n|-activate|p2a: Kingambit|ability: Supreme Overlord\n|-start|p2a: Kingambit|fallen4|[silent]\n|move|p1a: Dragonite|Dragon Dance|p1a: Dragonite\n|-boost|p1a: Dragonite|atk|1\n|-boost|p1a: Dragonite|spe|1\n|\n|upkeep\n|turn|24\n|\n|t:|1699706691\n|-terastallize|p2a: Kingambit|Flying\n|move|p2a: Kingambit|Sucker Punch|p1a: Dragonite\n|-damage|p1a: Dragonite|0 fnt\n|faint|p1a: Dragonite\n|\n|upkeep\n|\n|t:|1699706695\n|switch|p1a: Zamazenta|Zamazenta|56\/100\n|-status|p1a: Zamazenta|tox\n|turn|25\n|\n|t:|1699706700\n|move|p1a: Zamazenta|Iron Defense|p1a: Zamazenta\n|-boost|p1a: Zamazenta|def|2\n|move|p2a: Kingambit|Swords Dance|p2a: Kingambit\n|-boost|p2a: Kingambit|atk|2\n|\n|-heal|p1a: Zamazenta|63\/100 tox|[from] item: Leftovers\n|-damage|p1a: Zamazenta|56\/100 tox|[from] psn\n|upkeep\n|turn|26\n|\n|t:|1699706705\n|move|p1a: Zamazenta|Iron Defense|p1a: Zamazenta\n|-boost|p1a: Zamazenta|def|2\n|move|p2a: Kingambit|Kowtow Cleave|p1a: Zamazenta\n|-resisted|p1a: Zamazenta\n|-damage|p1a: Zamazenta|37\/100 tox\n|\n|-heal|p1a: Zamazenta|43\/100 tox|[from] item: Leftovers\n|-damage|p1a: Zamazenta|31\/100 tox|[from] psn\n|upkeep\n|turn|27\n|\n|t:|1699706713\n|move|p1a: Zamazenta|Body Press|p2a: Kingambit\n|-resisted|p2a: Kingambit\n|-damage|p2a: Kingambit|70\/100\n|move|p2a: Kingambit|Iron Head|p1a: Zamazenta\n|-damage|p1a: Zamazenta|0 fnt\n|faint|p1a: Zamazenta\n|\n|upkeep\n|\n|t:|1699706718\n|switch|p1a: Scizor|Scizor, M|59\/100\n|turn|28\n|\n|t:|1699706723\n|-terastallize|p1a: Scizor|Steel\n|move|p1a: Scizor|Bullet Punch|p2a: Kingambit\n|-damage|p2a: Kingambit|24\/100\n|move|p2a: Kingambit|Kowtow Cleave|p1a: Scizor\n|-damage|p1a: Scizor|0 fnt\n|faint|p1a: Scizor\n|\n|win|jzhuc1841\n|raw|NatanMarchais's rating: 1524 &rarr; <strong>1504<\/strong><br \/>(-20 for losing)\n|raw|jzhuc1841's rating: 1525 &rarr; <strong>1545<\/strong><br \/>(+20 for winning)\n|l| ThatJebshuckle\n","uploadtime":1699706740,"views":16,"p1id":"natanmarchais","p2id":"jzhuc1841","formatid":"gen9ou","rating":1504,"private":0,"password":""}