{"id":"gen9ou-2000664265","p1":"Yumalegoat","p2":"MayBread","format":"[Gen 9] OU","log":"|j|\u2606Yumalegoat\n|j|\u2606MayBread\n|t:|1701216166\n|gametype|singles\n|player|p1|Yumalegoat|169|1152\n|player|p2|MayBread|acetrainerf-gen4|1161\n|teamsize|p1|6\n|teamsize|p2|6\n|gen|9\n|tier|[Gen 9] OU\n|rated|\n|rule|Sleep Clause Mod: Limit one foe put to sleep\n|rule|Species Clause: Limit one of each Pok\u00e9mon\n|rule|OHKO Clause: OHKO moves are banned\n|rule|Evasion Items Clause: Evasion items are banned\n|rule|Evasion Moves Clause: Evasion moves are banned\n|rule|Endless Battle Clause: Forcing endless battles is banned\n|rule|HP Percentage Mod: HP is shown in percentages\n|clearpoke\n|poke|p1|Samurott-Hisui, M|\n|poke|p1|Meowscarada, F|\n|poke|p1|Dragapult, M|\n|poke|p1|Infernape, M|\n|poke|p1|Weezing-Galar, M|\n|poke|p1|Magnezone|\n|poke|p2|Arcanine-Hisui, F|\n|poke|p2|Greninja-*, M|\n|poke|p2|Corviknight, M|\n|poke|p2|Iron Hands|\n|poke|p2|Slowking-Galar, F|\n|poke|p2|Landorus-Therian, M|\n|teampreview\n|inactive|Battle timer is ON: inactive players will automatically lose when time's up. (requested by Yumalegoat)\n|\n|t:|1701216179\n|start\n|switch|p1a: Dragapult|Dragapult, M|100\/100\n|switch|p2a: Arcanine|Arcanine-Hisui, F|100\/100\n|turn|1\n|\n|t:|1701216190\n|move|p1a: Dragapult|Reflect|p1a: Dragapult\n|-sidestart|p1: Yumalegoat|Reflect\n|move|p2a: Arcanine|Head Smash|p1a: Dragapult|[miss]\n|-miss|p2a: Arcanine|p1a: Dragapult\n|\n|upkeep\n|turn|2\n|\n|t:|1701216194\n|move|p1a: Dragapult|Light Screen|p1a: Dragapult\n|-sidestart|p1: Yumalegoat|move: Light Screen\n|move|p2a: Arcanine|Head Smash|p1a: Dragapult|[miss]\n|-miss|p2a: Arcanine|p1a: Dragapult\n|\n|upkeep\n|turn|3\n|n|!MayBread|maybread\n|c|\u2606Yumalegoat|XD\n|\n|t:|1701216202\n|move|p1a: Dragapult|Curse|p2a: Arcanine\n|-start|p2a: Arcanine|Curse|[of] p1a: Dragapult\n|-damage|p1a: Dragapult|50\/100\n|move|p2a: Arcanine|Head Smash|p1a: Dragapult\n|-damage|p1a: Dragapult|0 fnt\n|faint|p1a: Dragapult\n|\n|-damage|p2a: Arcanine|76\/100|[from] Curse\n|upkeep\n|\n|t:|1701216224\n|switch|p1a: Samurott|Samurott-Hisui, M|100\/100\n|turn|4\n|\n|t:|1701216234\n|switch|p2a: Corviknight|Corviknight, M|100\/100\n|-ability|p2a: Corviknight|Pressure\n|move|p1a: Samurott|Ceaseless Edge|p2a: Corviknight\n|-damage|p2a: Corviknight|74\/100\n|-damage|p1a: Samurott|84\/100|[from] item: Rocky Helmet|[of] p2a: Corviknight\n|-sidestart|p2: MayBread|Spikes\n|\n|upkeep\n|turn|5\n|\n|t:|1701216250\n|switch|p1a: Infernape|Infernape, M|100\/100\n|move|p2a: Corviknight|Roost|p2a: Corviknight\n|-heal|p2a: Corviknight|100\/100\n|-singleturn|p2a: Corviknight|move: Roost\n|\n|upkeep\n|turn|6\n|\n|t:|1701216267\n|switch|p2a: Slowking|Slowking-Galar, F|100\/100\n|move|p1a: Infernape|Nasty Plot|p1a: Infernape\n|-boost|p1a: Infernape|spa|2\n|\n|upkeep\n|turn|7\n|\n|t:|1701216278\n|move|p1a: Infernape|Overheat|p2a: Slowking\n|-damage|p2a: Slowking|34\/100\n|-unboost|p1a: Infernape|spa|2\n|move|p2a: Slowking|Future Sight|p1a: Infernape\n|-start|p2a: Slowking|move: Future Sight\n|\n|upkeep\n|turn|8\n|\n|t:|1701216291\n|move|p1a: Infernape|Overheat|p2a: Slowking\n|-damage|p2a: Slowking|2\/100\n|-unboost|p1a: Infernape|spa|2\n|move|p2a: Slowking|Chilly Reception|p2a: Slowking\n|-weather|Snow\n|\n|t:|1701216310\n|switch|p2a: Landorus|Landorus-Therian, M|100\/100|[from] Chilly Reception\n|-ability|p2a: Landorus|Intimidate|boost\n|-unboost|p1a: Infernape|atk|1\n|\n|-weather|Snow|[upkeep]\n|-sideend|p1: Yumalegoat|Reflect\n|upkeep\n|turn|9\n|inactive|MayBread has 120 seconds left.\n|\n|t:|1701216330\n|switch|p1a: Samurott|Samurott-Hisui, M|84\/100\n|move|p2a: Landorus|Stealth Rock|p1a: Samurott\n|-sidestart|p1: Yumalegoat|move: Stealth Rock\n|\n|-weather|Snow|[upkeep]\n|-end|p1a: Samurott|move: Future Sight\n|-immune|p1a: Samurott\n|-sideend|p1: Yumalegoat|move: Light Screen\n|upkeep\n|turn|10\n|\n|t:|1701216347\n|switch|p2a: Corviknight|Corviknight, M|100\/100\n|-ability|p2a: Corviknight|Pressure\n|move|p1a: Samurott|Knock Off|p2a: Corviknight\n|-damage|p2a: Corviknight|74\/100\n|-damage|p1a: Samurott|67\/100|[from] item: Rocky Helmet|[of] p2a: Corviknight\n|-enditem|p2a: Corviknight|Rocky Helmet|[from] move: Knock Off|[of] p1a: Samurott\n|\n|-weather|Snow|[upkeep]\n|upkeep\n|turn|11\n|inactive|MayBread has 120 seconds left.\n|\n|t:|1701216369\n|move|p1a: Samurott|Knock Off|p2a: Corviknight\n|-damage|p2a: Corviknight|57\/100\n|move|p2a: Corviknight|Body Press|p1a: Samurott\n|-supereffective|p1a: Samurott\n|-damage|p1a: Samurott|0 fnt\n|faint|p1a: Samurott\n|\n|-weather|Snow|[upkeep]\n|upkeep\n|\n|t:|1701216377\n|switch|p1a: Infernape|Infernape, M|100\/100\n|-damage|p1a: Infernape|88\/100|[from] Stealth Rock\n|turn|12\n|inactive|MayBread has 120 seconds left.\n|\n|t:|1701216388\n|switch|p2a: Greninja|Greninja, M|100\/100\n|-damage|p2a: Greninja|88\/100|[from] Spikes\n|move|p1a: Infernape|Overheat|p2a: Greninja\n|-resisted|p2a: Greninja\n|-damage|p2a: Greninja|44\/100\n|-unboost|p1a: Infernape|spa|2\n|\n|-weather|none\n|upkeep\n|turn|13\n|inactive|MayBread has 120 seconds left.\n|\n|t:|1701216401\n|switch|p1a: Weezing|Weezing-Galar, M|100\/100\n|-damage|p1a: Weezing|88\/100|[from] Stealth Rock\n|move|p2a: Greninja|Hydro Pump|p1a: Weezing|[miss]\n|-miss|p2a: Greninja|p1a: Weezing\n|\n|-heal|p1a: Weezing|94\/100|[from] item: Leftovers\n|upkeep\n|turn|14\n|inactive|MayBread has 120 seconds left.\n|\n|t:|1701216412\n|switch|p2a: Corviknight|Corviknight, M|57\/100\n|-ability|p2a: Corviknight|Pressure\n|move|p1a: Weezing|Defog|p2a: Corviknight\n|-unboost|p2a: Corviknight|evasion|1\n|-sideend|p2: MayBread|Spikes|[from] move: Defog|[of] p1a: Weezing\n|-sideend|p1: Yumalegoat|Stealth Rock|[from] move: Defog|[of] p1a: Weezing\n|\n|-heal|p1a: Weezing|99\/100|[from] item: Leftovers\n|upkeep\n|turn|15\n|inactive|MayBread has 120 seconds left.\n|\n|t:|1701216422\n|move|p2a: Corviknight|Roost|p2a: Corviknight\n|-heal|p2a: Corviknight|100\/100\n|-singleturn|p2a: Corviknight|move: Roost\n|move|p1a: Weezing|Will-O-Wisp|p2a: Corviknight\n|-status|p2a: Corviknight|brn\n|\n|-heal|p1a: Weezing|100\/100|[from] item: Leftovers\n|-damage|p2a: Corviknight|94\/100 brn|[from] brn\n|upkeep\n|turn|16\n|\n|t:|1701216433\n|switch|p1a: Infernape|Infernape, M|88\/100\n|move|p2a: Corviknight|U-turn|p1a: Infernape\n|-resisted|p1a: Infernape\n|-damage|p1a: Infernape|85\/100\n|\n|t:|1701216443\n|switch|p2a: Greninja|Greninja, M|44\/100|[from] U-turn\n|\n|upkeep\n|turn|17\n|\n|t:|1701216452\n|switch|p1a: Weezing|Weezing-Galar, M|100\/100\n|-terastallize|p2a: Greninja|Water\n|move|p2a: Greninja|Hydro Pump|p1a: Weezing\n|-damage|p1a: Weezing|16\/100\n|\n|-heal|p1a: Weezing|22\/100|[from] item: Leftovers\n|upkeep\n|turn|18\n|\n|t:|1701216463\n|move|p2a: Greninja|Hydro Pump|p1a: Weezing\n|-damage|p1a: Weezing|0 fnt\n|faint|p1a: Weezing\n|-ability|p2a: Greninja|Battle Bond|boost\n|-boost|p2a: Greninja|atk|1\n|-boost|p2a: Greninja|spa|1\n|-boost|p2a: Greninja|spe|1\n|-activate|p2a: Greninja|ability: Battle Bond\n|\n|upkeep\n|\n|t:|1701216477\n|switch|p1a: Meowscarada|Meowscarada, F|100\/100\n|turn|19\n|\n|t:|1701216503\n|switch|p2a: Landorus|Landorus-Therian, M|100\/100\n|-ability|p2a: Landorus|Intimidate|boost\n|-unboost|p1a: Meowscarada|atk|1\n|move|p1a: Meowscarada|Flower Trick|p2a: Landorus\n|-start|p1a: Meowscarada|typechange|Grass|[from] ability: Protean\n|-crit|p2a: Landorus\n|-damage|p2a: Landorus|48\/100\n|\n|-heal|p2a: Landorus|54\/100|[from] item: Leftovers\n|upkeep\n|turn|20\n|\n|t:|1701216525\n|-terastallize|p1a: Meowscarada|Grass\n|move|p1a: Meowscarada|Flower Trick|p2a: Landorus\n|-crit|p2a: Landorus\n|-damage|p2a: Landorus|0 fnt\n|faint|p2a: Landorus\n|\n|upkeep\n|\n|t:|1701216532\n|switch|p2a: Arcanine|Arcanine-Hisui, F|76\/100\n|turn|21\n|\n|t:|1701216539\n|switch|p1a: Infernape|Infernape, M|85\/100\n|move|p2a: Arcanine|Flare Blitz|p1a: Infernape\n|-resisted|p1a: Infernape\n|-damage|p1a: Infernape|14\/100\n|\n|upkeep\n|turn|22\n|\n|t:|1701216550\n|move|p1a: Infernape|Aura Sphere|p2a: Arcanine\n|-supereffective|p2a: Arcanine\n|-damage|p2a: Arcanine|0 fnt\n|faint|p2a: Arcanine\n|\n|upkeep\n|\n|t:|1701216563\n|switch|p2a: Iron Hands|Iron Hands|100\/100\n|turn|23\n|\n|t:|1701216567\n|move|p2a: Iron Hands|Fake Out|p1a: Infernape\n|-damage|p1a: Infernape|0 fnt\n|faint|p1a: Infernape\n|\n|upkeep\n|\n|t:|1701216573\n|switch|p1a: Magnezone|Magnezone|100\/100\n|turn|24\n|\n|t:|1701216581\n|move|p2a: Iron Hands|Close Combat|p1a: Magnezone\n|-supereffective|p1a: Magnezone\n|-damage|p1a: Magnezone|12\/100\n|-unboost|p2a: Iron Hands|def|1\n|-unboost|p2a: Iron Hands|spd|1\n|-damage|p2a: Iron Hands|84\/100|[from] item: Rocky Helmet|[of] p1a: Magnezone\n|move|p1a: Magnezone|Volt Switch|p2a: Iron Hands\n|-resisted|p2a: Iron Hands\n|-damage|p2a: Iron Hands|71\/100\n|\n|t:|1701216590\n|switch|p1a: Meowscarada|Meowscarada, F, tera:Grass|100\/100|[from] Volt Switch\n|\n|upkeep\n|turn|25\n|\n|t:|1701216596\n|-end|p2a: Iron Hands|Quark Drive|[silent]\n|switch|p2a: Corviknight|Corviknight, M|94\/100 brn\n|-ability|p2a: Corviknight|Pressure\n|move|p1a: Meowscarada|Flower Trick|p2a: Corviknight\n|-resisted|p2a: Corviknight\n|-crit|p2a: Corviknight\n|-damage|p2a: Corviknight|81\/100 brn\n|\n|-damage|p2a: Corviknight|75\/100 brn|[from] brn\n|upkeep\n|turn|26\n|\n|t:|1701216608\n|switch|p1a: Magnezone|Magnezone|12\/100\n|move|p2a: Corviknight|U-turn|p1a: Magnezone\n|-resisted|p1a: Magnezone\n|-damage|p1a: Magnezone|10\/100\n|-damage|p2a: Corviknight|59\/100 brn|[from] item: Rocky Helmet|[of] p1a: Magnezone\n|-message|Yumalegoat forfeited.\n|\n|win|MayBread\n|raw|Yumalegoat's rating: 1152 &rarr; <strong>1128<\/strong><br \/>(-24 for losing)\n|raw|MayBread's rating: 1161 &rarr; <strong>1185<\/strong><br \/>(+24 for winning)\n","uploadtime":1701216200,"views":0,"p1id":"yumalegoat","p2id":"maybread","formatid":"gen9ou","rating":1128,"private":0,"password":""}