{"id":"gen9ou-1999678093","p1":"Mr. Kessler","p2":"BoWs1rJr","format":"[Gen 9] OU","log":"|j|\u2606Mr. Kessler\n|j|\u2606BoWs1rJr\n|t:|1701107044\n|gametype|singles\n|player|p1|Mr. Kessler|gambler|\n|player|p2|BoWs1rJr|guzma|\n|teamsize|p1|6\n|teamsize|p2|6\n|gen|9\n|tier|[Gen 9] OU\n|rule|Sleep Clause Mod: Limit one foe put to sleep\n|rule|Species Clause: Limit one of each Pok\u00e9mon\n|rule|OHKO Clause: OHKO moves are banned\n|rule|Evasion Items Clause: Evasion items are banned\n|rule|Evasion Moves Clause: Evasion moves are banned\n|rule|Endless Battle Clause: Forcing endless battles is banned\n|rule|HP Percentage Mod: HP is shown in percentages\n|clearpoke\n|poke|p1|Zapdos|\n|poke|p1|Scizor, M|\n|poke|p1|Chandelure, F|\n|poke|p1|Altaria, F|\n|poke|p1|Golem-Alola, M|\n|poke|p1|Squawkabilly-Blue, M|\n|poke|p2|Abomasnow, M|\n|poke|p2|Donphan, F|\n|poke|p2|Mismagius, F|\n|poke|p2|Iron Valiant|\n|poke|p2|Pincurchin, F|\n|poke|p2|Salamence, F|\n|teampreview\n|inactive|Battle timer is ON: inactive players will automatically lose when time's up. (requested by Mr. Kessler)\n|inactive|BoWs1rJr also wants the timer to be on.\n|j| Bulma's Panties\n|c|\u2606Mr. Kessler|WHERE IS HEATRAN\n|c|\u2606BoWs1rJr|YEAH I FUCKING DID IT\n|c|\u2606BoWs1rJr|IM REAL BITCH\n|c|\u2606BoWs1rJr|>:3\n|inactive|Mr. Kessler has 270 seconds left.\n|inactive|BoWs1rJr has 270 seconds left.\n|c|\u2606Mr. Kessler|let me send link rq\n|c|\u2606BoWs1rJr|gotit\n|j| GrunkleConn\n|\n|t:|1701107099\n|start\n|switch|p1a: The Squawk.|Squawkabilly-Blue, M|100\/100\n|switch|p2a: Spin to Win|Donphan, F|100\/100\n|turn|1\n|c| GrunkleConn|Lessgo\n|j| 4R4CH1S\n|\n|t:|1701107117\n|move|p2a: Spin to Win|Ice Shard|p1a: The Squawk.\n|-supereffective|p1a: The Squawk.\n|-damage|p1a: The Squawk.|54\/100\n|move|p1a: The Squawk.|Final Gambit|p2a: Spin to Win\n|-damage|p2a: Spin to Win|42\/100\n|faint|p1a: The Squawk.\n|\n|upkeep\n|c|\u2606BoWs1rJr|lol\n|c| 4R4CH1S|Bruh\n|c| GrunkleConn|Lmfao\n|c|\u2606BoWs1rJr|I was expecting taunt\n|c|\u2606Mr. Kessler|!data Donphan\n|raw|<div class=\"message\"><ul class=\"utilichart\"><li class=\"result\"><span class=\"col numcol\">RU<\/span> <span class=\"col iconcol\"><psicon pokemon=\"donphan\"\/><\/span> <span class=\"col pokemonnamecol\" style=\"white-space:nowrap\"><a href=\"https:\/\/dex.pokemonshowdown.com\/pokemon\/donphan\" target=\"_blank\">Donphan<\/a><\/span> <span class=\"col typecol\"><img src=\"https:\/\/play.pokemonshowdown.com\/sprites\/types\/Ground.png\" alt=\"Ground\" height=\"14\" width=\"32\"><\/span> <span style=\"float:left;min-height:26px\"><span class=\"col abilitycol\">Sturdy<\/span><span class=\"col abilitycol\"><em>Sand Veil<\/em><\/span><\/span><span style=\"float:left;min-height:26px\"><span class=\"col statcol\"><em>HP<\/em><br \/>90<\/span> <span class=\"col statcol\"><em>Atk<\/em><br \/>120<\/span> <span class=\"col statcol\"><em>Def<\/em><br \/>120<\/span> <span class=\"col statcol\"><em>SpA<\/em><br \/>60<\/span> <span class=\"col statcol\"><em>SpD<\/em><br \/>60<\/span> <span class=\"col statcol\"><em>Spe<\/em><br \/>50<\/span> <span class=\"col bstcol\"><em>BST<br \/>500<\/em><\/span> <\/span><\/li><li style=\"clear:both\"><\/li><\/ul><\/div>\n\n|\n|t:|1701107137\n|switch|p1a: Poltergeist?|Chandelure, F, shiny|100\/100\n|turn|2\n|\n|t:|1701107161\n|move|p1a: Poltergeist?|Shadow Ball|p2a: Spin to Win\n|-damage|p2a: Spin to Win|0 fnt\n|faint|p2a: Spin to Win\n|\n|upkeep\n|inactive|BoWs1rJr has 270 seconds left.\n|l| Bulma's Panties\n|\n|t:|1701107197\n|switch|p2a: Quarkedupwhiteboy|Iron Valiant|100\/100\n|turn|3\n|\n|t:|1701107202\n|switch|p1a: Zappers|Zapdos|100\/100\n|move|p2a: Quarkedupwhiteboy|Knock Off|p1a: Zappers\n|-damage|p1a: Zappers|77\/100\n|-enditem|p1a: Zappers|Leftovers|[from] move: Knock Off|[of] p2a: Quarkedupwhiteboy\n|\n|upkeep\n|turn|4\n|\n|t:|1701107210\n|-end|p2a: Quarkedupwhiteboy|Quark Drive|[silent]\n|switch|p2a: 3:|Pincurchin, F|100\/100\n|move|p1a: Zappers|Volt Switch|p2a: 3:\n|-ability|p2a: 3:|Lightning Rod|boost\n|-boost|p2a: 3:|spa|1\n|\n|upkeep\n|turn|5\n|inactive|BoWs1rJr has 270 seconds left.\n|c|\u2606Mr. Kessler|what\n|c| 4R4CH1S|Yooooo\n|c| GrunkleConn|That zap is not that guy\n|c|\u2606BoWs1rJr|3:\n|\n|t:|1701107239\n|move|p1a: Zappers|Hurricane|p2a: 3:\n|-resisted|p2a: 3:\n|-damage|p2a: 3:|79\/100\n|move|p2a: 3:|Toxic Spikes|p1a: Zappers\n|-sidestart|p1: Mr. Kessler|move: Toxic Spikes\n|\n|upkeep\n|turn|6\n|inactive|BoWs1rJr has 270 seconds left.\n|\n|t:|1701107247\n|move|p1a: Zappers|Hurricane|p2a: 3:\n|-resisted|p2a: 3:\n|-damage|p2a: 3:|58\/100\n|move|p2a: 3:|Discharge|p1a: Zappers\n|-damage|p1a: Zappers|41\/100\n|\n|upkeep\n|turn|7\n|\n|t:|1701107253\n|move|p1a: Zappers|Roost|p1a: Zappers\n|-heal|p1a: Zappers|91\/100\n|-singleturn|p1a: Zappers|move: Roost\n|move|p2a: 3:|Recover|p2a: 3:\n|-heal|p2a: 3:|100\/100\n|\n|upkeep\n|turn|8\n|\n|t:|1701107259\n|switch|p1a: Worst Nightmare|Altaria, F, shiny|100\/100\n|move|p2a: 3:|Toxic Spikes|p1a: Worst Nightmare\n|-sidestart|p1: Mr. Kessler|move: Toxic Spikes\n|\n|upkeep\n|turn|9\n|\n|t:|1701107266\n|-terastallize|p1a: Worst Nightmare|Ground\n|move|p1a: Worst Nightmare|Defog|p2a: 3:\n|-unboost|p2a: 3:|evasion|1\n|-sideend|p1: Mr. Kessler|Toxic Spikes|[from] move: Defog|[of] p1a: Worst Nightmare\n|move|p2a: 3:|Discharge|p1a: Worst Nightmare\n|-immune|p1a: Worst Nightmare\n|\n|upkeep\n|turn|10\n|\n|t:|1701107276\n|switch|p2a: Ice king|Abomasnow, M, shiny|100\/100\n|-weather|Snow|[from] ability: Snow Warning|[of] p2a: Ice king\n|move|p1a: Worst Nightmare|Hurricane|p2a: Ice king\n|-supereffective|p2a: Ice king\n|-damage|p2a: Ice king|31\/100\n|-start|p2a: Ice king|confusion\n|\n|-weather|Snow|[upkeep]\n|upkeep\n|turn|11\n|c|\u2606BoWs1rJr|damn\n|\n|t:|1701107293\n|switch|p1a: Poltergeist?|Chandelure, F, shiny|100\/100\n|-activate|p2a: Ice king|confusion\n|move|p2a: Ice king|Blizzard|p1a: Poltergeist?\n|-resisted|p1a: Poltergeist?\n|-damage|p1a: Poltergeist?|70\/100\n|-status|p1a: Poltergeist?|frz\n|\n|-weather|Snow|[upkeep]\n|upkeep\n|turn|12\n|c|\u2606Mr. Kessler|man\n|c| GrunkleConn|Lmfao\n|c| 4R4CH1S|Skill\n|\n|t:|1701107309\n|switch|p2a: ^w^|Mismagius, F|100\/100\n|cant|p1a: Poltergeist?|frz\n|\n|-weather|Snow|[upkeep]\n|upkeep\n|turn|13\n|\n|t:|1701107313\n|cant|p1a: Poltergeist?|frz\n|move|p2a: ^w^|Shadow Ball|p1a: Poltergeist?\n|-supereffective|p1a: Poltergeist?\n|-crit|p1a: Poltergeist?\n|-damage|p1a: Poltergeist?|0 fnt\n|faint|p1a: Poltergeist?\n|\n|-weather|Snow|[upkeep]\n|upkeep\n|c|\u2606BoWs1rJr|ok I'm sorry\n|\n|t:|1701107321\n|switch|p1a: Zappers|Zapdos|91\/100\n|turn|14\n|c| 4R4CH1S|Clutch crit\n|\n|t:|1701107324\n|switch|p2a: 3:|Pincurchin, F|100\/100\n|move|p1a: Zappers|Discharge|p2a: 3:\n|-ability|p2a: 3:|Lightning Rod|boost\n|-boost|p2a: 3:|spa|1\n|\n|-weather|none\n|upkeep\n|turn|15\n|c|\u2606Mr. Kessler|sigh\n|c| GrunkleConn|Skillful kill\n|\n|t:|1701107339\n|switch|p1a: Worst Nightmare|Altaria, F, shiny, tera:Ground|100\/100\n|switch|p2a: Ice king|Abomasnow, M, shiny|31\/100\n|-weather|Snow|[from] ability: Snow Warning|[of] p2a: Ice king\n|\n|-weather|Snow|[upkeep]\n|upkeep\n|turn|16\n|c|\u2606Mr. Kessler|the way i had significant SpDef investment too\n|c|\u2606BoWs1rJr|damn\n|\n|t:|1701107364\n|move|p2a: Ice king|Blizzard|p1a: Worst Nightmare\n|-supereffective|p1a: Worst Nightmare\n|-damage|p1a: Worst Nightmare|44\/100\n|move|p1a: Worst Nightmare|Hurricane|p2a: Ice king|[miss]\n|-miss|p1a: Worst Nightmare|p2a: Ice king\n|\n|-weather|Snow|[upkeep]\n|upkeep\n|turn|17\n|\n|t:|1701107371\n|switch|p1a: Red Lightning|Scizor, M|100\/100\n|move|p2a: Ice king|Blizzard|p1a: Red Lightning\n|-resisted|p1a: Red Lightning\n|-damage|p1a: Red Lightning|74\/100\n|\n|-weather|Snow|[upkeep]\n|upkeep\n|turn|18\n|c| GrunkleConn|Oof\n|\n|t:|1701107384\n|switch|p2a: Dragon type|Salamence, F|100\/100\n|-ability|p2a: Dragon type|Intimidate|boost\n|-fail|p1a: Red Lightning|unboost|[from] item: Clear Amulet|[of] p1a: Red Lightning\n|move|p1a: Red Lightning|Swords Dance|p1a: Red Lightning\n|-boost|p1a: Red Lightning|atk|2\n|\n|-weather|Snow|[upkeep]\n|upkeep\n|turn|19\n|c|\u2606BoWs1rJr|oh shit\n|c| GrunkleConn|Oh\n|c| 4R4CH1S|Oh\n|inactive|Mr. Kessler has 270 seconds left.\n|\n|t:|1701107414\n|move|p1a: Red Lightning|Bullet Punch|p2a: Dragon type\n|-damage|p2a: Dragon type|18\/100\n|move|p2a: Dragon type|Flamethrower|p1a: Red Lightning\n|-supereffective|p1a: Red Lightning\n|-damage|p1a: Red Lightning|0 fnt\n|faint|p1a: Red Lightning\n|\n|-weather|none\n|upkeep\n|inactive|Mr. Kessler has 270 seconds left.\n|c|\u2606Mr. Kessler|it's joever\n|\n|t:|1701107428\n|switch|p1a: BOOM|Golem-Alola, M|100\/100\n|turn|20\n|c| GrunkleConn|I legit thought spidops won there\n|c|\u2606Mr. Kessler|no scizor is not that guy\n|c|\u2606BoWs1rJr|even if he got it he wouldnt have won\n|\n|t:|1701107450\n|move|p2a: Dragon type|Outrage|p1a: BOOM\n|-crit|p1a: BOOM\n|-damage|p1a: BOOM|44\/100\n|move|p1a: BOOM|Stealth Rock|p2a: Dragon type\n|-sidestart|p2: BoWs1rJr|move: Stealth Rock\n|\n|upkeep\n|turn|21\n|\n|t:|1701107456\n|move|p2a: Dragon type|Outrage|p1a: BOOM|[from]lockedmove\n|-damage|p1a: BOOM|4\/100\n|move|p1a: BOOM|Counter|p2a: Dragon type\n|-damage|p2a: Dragon type|0 fnt\n|faint|p2a: Dragon type\n|\n|upkeep\n|c|\u2606BoWs1rJr|nice\n|c|\u2606Mr. Kessler|that chandelure hax really got me lol\n|c| 4R4CH1S|Damn...\n|\n|t:|1701107473\n|switch|p2a: Ice king|Abomasnow, M, shiny|31\/100\n|-damage|p2a: Ice king|6\/100|[from] Stealth Rock\n|-weather|Snow|[from] ability: Snow Warning|[of] p2a: Ice king\n|turn|22\n|\n|t:|1701107479\n|move|p2a: Ice king|Blizzard|p1a: BOOM\n|-damage|p1a: BOOM|0 fnt\n|faint|p1a: BOOM\n|\n|-weather|Snow|[upkeep]\n|upkeep\n|\n|t:|1701107481\n|switch|p1a: Zappers|Zapdos|91\/100\n|turn|23\n|c|\u2606BoWs1rJr|I cant even lie I feel kinda bad, that was bs\n|\n|t:|1701107488\n|move|p2a: Ice king|Blizzard|p1a: Zappers\n|-supereffective|p1a: Zappers\n|-damage|p1a: Zappers|6\/100\n|move|p1a: Zappers|Hurricane|p2a: Ice king\n|-supereffective|p2a: Ice king\n|-damage|p2a: Ice king|0 fnt\n|faint|p2a: Ice king\n|\n|-weather|Snow|[upkeep]\n|upkeep\n|c|\u2606Mr. Kessler|it is what it is\n|\n|t:|1701107502\n|switch|p2a: ^w^|Mismagius, F|100\/100\n|-damage|p2a: ^w^|88\/100|[from] Stealth Rock\n|turn|24\n|\n|t:|1701107505\n|move|p2a: ^w^|Shadow Ball|p1a: Zappers\n|-damage|p1a: Zappers|0 fnt\n|faint|p1a: Zappers\n|\n|-weather|Snow|[upkeep]\n|upkeep\n|\n|t:|1701107507\n|switch|p1a: Worst Nightmare|Altaria, F, shiny, tera:Ground|44\/100\n|turn|25\n|c|\u2606BoWs1rJr|gg\n|c| GrunkleConn|They really only gave thawing to scald\n|c|\u2606Mr. Kessler|gg\n|\n|t:|1701107513\n|move|p2a: ^w^|Taunt|p1a: Worst Nightmare\n|-start|p1a: Worst Nightmare|move: Taunt\n|cant|p1a: Worst Nightmare|move: Taunt|Roost\n|\n|-weather|Snow|[upkeep]\n|upkeep\n|turn|26\n|\n|t:|1701107516\n|move|p2a: ^w^|Shadow Ball|p1a: Worst Nightmare\n|-damage|p1a: Worst Nightmare|20\/100\n|-unboost|p1a: Worst Nightmare|spd|1\n|move|p1a: Worst Nightmare|Hurricane|p2a: ^w^|[miss]\n|-miss|p1a: Worst Nightmare|p2a: ^w^\n|\n|-weather|none\n|upkeep\n|turn|27\n|c|\u2606Mr. Kessler|rude\n|c|\u2606Mr. Kessler|the insult to injury LMAO\n|\n|t:|1701107527\n|move|p2a: ^w^|Shadow Ball|p1a: Worst Nightmare\n|-damage|p1a: Worst Nightmare|0 fnt\n|faint|p1a: Worst Nightmare\n|\n|win|BoWs1rJr\n|c| GrunkleConn|Lmfao\n|c|\u2606BoWs1rJr|unecesarry miss\n|c|\u2606BoWs1rJr|gg\n|c|\u2606Mr. Kessler|gg\n|l|\u2606BoWs1rJr\n","uploadtime":1701107596,"views":27,"p1id":"mrkessler","p2id":"bows1rjr","formatid":"gen9ou","rating":0,"private":0,"password":""}