{"id":"gen9ou-1995385414","p1":"etjrjtrtrjtrj","p2":"Jingleee","format":"[Gen 9] OU","log":"|j|\u203detjrjtrtrjtrj\n|j|\u2606Jingleee\n|t:|1700563605\n|gametype|singles\n|player|p1|etjrjtrtrjtrj|2|1051\n|player|p2|Jingleee|salvatore|1071\n|teamsize|p1|6\n|teamsize|p2|6\n|gen|9\n|tier|[Gen 9] OU\n|rated|\n|rule|Sleep Clause Mod: Limit one foe put to sleep\n|rule|Species Clause: Limit one of each Pok\u00e9mon\n|rule|OHKO Clause: OHKO moves are banned\n|rule|Evasion Items Clause: Evasion items are banned\n|rule|Evasion Moves Clause: Evasion moves are banned\n|rule|Endless Battle Clause: Forcing endless battles is banned\n|rule|HP Percentage Mod: HP is shown in percentages\n|clearpoke\n|poke|p1|Iron Jugulis|\n|poke|p1|Ogerpon-Wellspring, F|\n|poke|p1|Tinkaton, F|\n|poke|p1|Iron Moth|\n|poke|p1|Great Tusk|\n|poke|p1|Dragapult, F|\n|poke|p2|Enamorus, F|\n|poke|p2|Zapdos|\n|poke|p2|Rillaboom, M|\n|poke|p2|Gholdengo|\n|poke|p2|Heatran, M|\n|poke|p2|Cinderace, M|\n|teampreview\n|inactive|Battle timer is ON: inactive players will automatically lose when time's up. (requested by etjrjtrtrjtrj)\n|\n|t:|1700563628\n|start\n|switch|p1a: Dragapult|Dragapult, F|100\/100\n|switch|p2a: Gholdengo|Gholdengo|100\/100\n|turn|1\n|\n|t:|1700563637\n|switch|p2a: Zapdos|Zapdos|100\/100\n|move|p1a: Dragapult|Shadow Ball|p2a: Zapdos\n|-damage|p2a: Zapdos|59\/100\n|\n|upkeep\n|turn|2\n|\n|t:|1700563644\n|move|p1a: Dragapult|Shadow Ball|p2a: Zapdos\n|-damage|p2a: Zapdos|17\/100\n|-unboost|p2a: Zapdos|spd|1\n|move|p2a: Zapdos|Thunder Wave|p1a: Dragapult|[miss]\n|-miss|p2a: Zapdos|p1a: Dragapult\n|\n|upkeep\n|turn|3\n|\n|t:|1700563658\n|switch|p2a: Heatran|Heatran, M|100\/100\n|move|p1a: Dragapult|Shadow Ball|p2a: Heatran\n|-damage|p2a: Heatran|68\/100\n|\n|-heal|p2a: Heatran|74\/100|[from] item: Leftovers\n|upkeep\n|turn|4\n|\n|t:|1700563670\n|switch|p1a: Great Tusk|Great Tusk|100\/100\n|-enditem|p1a: Great Tusk|Booster Energy\n|-activate|p1a: Great Tusk|ability: Protosynthesis|[fromitem]\n|-start|p1a: Great Tusk|protosynthesisspe\n|move|p2a: Heatran|Stealth Rock|p1a: Great Tusk\n|-sidestart|p1: etjrjtrtrjtrj|move: Stealth Rock\n|\n|-heal|p2a: Heatran|80\/100|[from] item: Leftovers\n|upkeep\n|turn|5\n|\n|t:|1700563683\n|switch|p2a: Zapdos|Zapdos|17\/100\n|move|p1a: Great Tusk|Bulk Up|p1a: Great Tusk\n|-boost|p1a: Great Tusk|atk|1\n|-boost|p1a: Great Tusk|def|1\n|\n|upkeep\n|turn|6\n|\n|t:|1700563690\n|move|p1a: Great Tusk|Ice Spinner|p2a: Zapdos\n|-supereffective|p2a: Zapdos\n|-damage|p2a: Zapdos|0 fnt\n|-damage|p1a: Great Tusk|84\/100|[from] item: Rocky Helmet|[of] p2a: Zapdos\n|-status|p1a: Great Tusk|par|[from] ability: Static|[of] p2a: Zapdos\n|faint|p2a: Zapdos\n|\n|upkeep\n|inactive|Jingleee has 120 seconds left.\n|\n|t:|1700563729\n|switch|p2a: Rillaboom|Rillaboom, M|100\/100\n|-fieldstart|move: Grassy Terrain|[from] ability: Grassy Surge|[of] p2a: Rillaboom\n|turn|7\n|inactive|Jingleee has 120 seconds left.\n|\n|t:|1700563736\n|move|p2a: Rillaboom|Grassy Glide|p1a: Great Tusk\n|-supereffective|p1a: Great Tusk\n|-damage|p1a: Great Tusk|30\/100 par\n|move|p1a: Great Tusk|Ice Spinner|p2a: Rillaboom\n|-supereffective|p2a: Rillaboom\n|-damage|p2a: Rillaboom|37\/100\n|-fieldend|move: Grassy Terrain\n|\n|upkeep\n|turn|8\n|inactive|Jingleee has 120 seconds left.\n|\n|t:|1700563749\n|switch|p2a: Heatran|Heatran, M|80\/100\n|move|p1a: Great Tusk|Ice Spinner|p2a: Heatran\n|-resisted|p2a: Heatran\n|-damage|p2a: Heatran|73\/100\n|\n|-heal|p2a: Heatran|79\/100|[from] item: Leftovers\n|upkeep\n|turn|9\n|inactive|Jingleee has 120 seconds left.\n|\n|t:|1700563761\n|switch|p2a: Rillaboom|Rillaboom, M|37\/100\n|-fieldstart|move: Grassy Terrain|[from] ability: Grassy Surge|[of] p2a: Rillaboom\n|move|p1a: Great Tusk|Headlong Rush|p2a: Rillaboom\n|-resisted|p2a: Rillaboom\n|-damage|p2a: Rillaboom|2\/100\n|-unboost|p1a: Great Tusk|def|1\n|-unboost|p1a: Great Tusk|spd|1\n|\n|-heal|p1a: Great Tusk|36\/100 par|[from] Grassy Terrain\n|-heal|p2a: Rillaboom|8\/100|[from] Grassy Terrain\n|upkeep\n|turn|10\n|inactive|Jingleee has 120 seconds left.\n|\n|t:|1700563772\n|move|p2a: Rillaboom|Grassy Glide|p1a: Great Tusk\n|-supereffective|p1a: Great Tusk\n|-damage|p1a: Great Tusk|0 fnt\n|faint|p1a: Great Tusk\n|-end|p1a: Great Tusk|Protosynthesis|[silent]\n|\n|-heal|p2a: Rillaboom|14\/100|[from] Grassy Terrain\n|upkeep\n|\n|t:|1700563783\n|switch|p1a: Dragapult|Dragapult, F|100\/100\n|-damage|p1a: Dragapult|88\/100|[from] Stealth Rock\n|turn|11\n|inactive|Jingleee has 120 seconds left.\n|\n|t:|1700563810\n|move|p2a: Rillaboom|Grassy Glide|p1a: Dragapult\n|-resisted|p1a: Dragapult\n|-damage|p1a: Dragapult|49\/100\n|move|p1a: Dragapult|Shadow Ball|p2a: Rillaboom\n|-damage|p2a: Rillaboom|0 fnt\n|faint|p2a: Rillaboom\n|\n|-heal|p1a: Dragapult|55\/100|[from] Grassy Terrain\n|upkeep\n|\n|t:|1700563823\n|switch|p2a: Enamorus|Enamorus, F|100\/100\n|turn|12\n|\n|t:|1700563838\n|move|p1a: Dragapult|Shadow Ball|p2a: Enamorus\n|-damage|p2a: Enamorus|59\/100\n|move|p2a: Enamorus|Play Rough|p1a: Dragapult\n|-supereffective|p1a: Dragapult\n|-damage|p1a: Dragapult|0 fnt\n|faint|p1a: Dragapult\n|\n|upkeep\n|\n|t:|1700563845\n|switch|p1a: Iron Moth|Iron Moth|100\/100\n|-damage|p1a: Iron Moth|76\/100|[from] Stealth Rock\n|-enditem|p1a: Iron Moth|Booster Energy\n|-activate|p1a: Iron Moth|ability: Quark Drive|[fromitem]\n|-start|p1a: Iron Moth|quarkdrivespe\n|turn|13\n|\n|t:|1700563862\n|switch|p2a: Heatran|Heatran, M|79\/100\n|move|p1a: Iron Moth|Sludge Wave|p2a: Heatran\n|-immune|p2a: Heatran\n|\n|-heal|p1a: Iron Moth|82\/100|[from] Grassy Terrain\n|-heal|p2a: Heatran|85\/100|[from] Grassy Terrain\n|-heal|p2a: Heatran|91\/100|[from] item: Leftovers\n|-fieldend|move: Grassy Terrain\n|upkeep\n|turn|14\n|\n|t:|1700563875\n|-end|p1a: Iron Moth|Quark Drive|[silent]\n|switch|p1a: Iron Jugulis|Iron Jugulis|100\/100\n|-damage|p1a: Iron Jugulis|76\/100|[from] Stealth Rock\n|-enditem|p1a: Iron Jugulis|Booster Energy\n|-activate|p1a: Iron Jugulis|ability: Quark Drive|[fromitem]\n|-start|p1a: Iron Jugulis|quarkdrivespe\n|move|p2a: Heatran|Earth Power|p1a: Iron Jugulis\n|-immune|p1a: Iron Jugulis\n|\n|-heal|p2a: Heatran|97\/100|[from] item: Leftovers\n|upkeep\n|turn|15\n|\n|t:|1700563887\n|move|p1a: Iron Jugulis|Earth Power|p2a: Heatran\n|-supereffective|p2a: Heatran\n|-damage|p2a: Heatran|22\/100\n|move|p2a: Heatran|Magma Storm|p1a: Iron Jugulis\n|-damage|p1a: Iron Jugulis|11\/100\n|-activate|p1a: Iron Jugulis|move: Magma Storm|[of] p2a: Heatran\n|\n|-heal|p2a: Heatran|28\/100|[from] item: Leftovers\n|-damage|p1a: Iron Jugulis|0 fnt|[from] move: Magma Storm|[partiallytrapped]\n|faint|p1a: Iron Jugulis\n|-end|p1a: Iron Jugulis|Quark Drive|[silent]\n|upkeep\n|\n|t:|1700563893\n|switch|p1a: Ogerpon|Ogerpon-Wellspring, F|100\/100\n|-damage|p1a: Ogerpon|88\/100|[from] Stealth Rock\n|turn|16\n|inactive|Jingleee has 90 seconds left.\n|\n|t:|1700563947\n|move|p1a: Ogerpon|Ivy Cudgel|p2a: Heatran|[anim] Ivy Cudgel Water\n|-supereffective|p2a: Heatran\n|-damage|p2a: Heatran|0 fnt\n|faint|p2a: Heatran\n|\n|upkeep\n|inactive|Jingleee has 60 seconds left.\n|\n|t:|1700563974\n|switch|p2a: Cinderace|Cinderace, M|100\/100\n|turn|17\n|\n|t:|1700563977\n|-terastallize|p1a: Ogerpon|Water\n|detailschange|p1a: Ogerpon|Ogerpon-Wellspring-Tera, F, tera:Water\n|-ability|p1a: Ogerpon|Embody Aspect (Wellspring)|boost\n|-boost|p1a: Ogerpon|spd|1\n|move|p2a: Cinderace|U-turn|p1a: Ogerpon\n|-start|p2a: Cinderace|typechange|Bug|[from] ability: Libero\n|-damage|p1a: Ogerpon|41\/100\n|\n|t:|1700563992\n|switch|p2a: Gholdengo|Gholdengo|100\/100|[from] U-turn\n|move|p1a: Ogerpon|Ivy Cudgel|p2a: Gholdengo|[anim] Ivy Cudgel Water\n|-damage|p2a: Gholdengo|10\/100\n|\n|upkeep\n|turn|18\n|\n|t:|1700564002\n|move|p2a: Gholdengo|Hex|p1a: Ogerpon\n|-damage|p1a: Ogerpon|16\/100\n|move|p1a: Ogerpon|Horn Leech|p2a: Gholdengo\n|-resisted|p2a: Gholdengo\n|-damage|p2a: Gholdengo|0 fnt\n|-heal|p1a: Ogerpon|21\/100|[from] drain|[of] p2a: Gholdengo\n|faint|p2a: Gholdengo\n|\n|upkeep\n|\n|t:|1700564015\n|switch|p2a: Cinderace|Cinderace, M|100\/100\n|turn|19\n|\n|t:|1700564019\n|move|p2a: Cinderace|U-turn|p1a: Ogerpon\n|-start|p2a: Cinderace|typechange|Bug|[from] ability: Libero\n|-damage|p1a: Ogerpon|0 fnt\n|faint|p1a: Ogerpon\n|\n|t:|1700564024\n|switch|p2a: Enamorus|Enamorus, F|59\/100|[from] U-turn\n|\n|upkeep\n|\n|t:|1700564026\n|switch|p1a: Tinkaton|Tinkaton, F|100\/100\n|-damage|p1a: Tinkaton|94\/100|[from] Stealth Rock\n|-item|p1a: Tinkaton|Air Balloon\n|turn|20\n|\n|t:|1700564040\n|-terastallize|p2a: Enamorus|Electric\n|move|p1a: Tinkaton|Thunder Wave|p2a: Enamorus\n|-immune|p2a: Enamorus\n|move|p2a: Enamorus|Superpower|p1a: Tinkaton\n|-damage|p1a: Tinkaton|55\/100\n|-boost|p2a: Enamorus|atk|1\n|-boost|p2a: Enamorus|def|1\n|-enditem|p1a: Tinkaton|Air Balloon\n|-enditem|p2a: Enamorus|Assault Vest|[silent]|[from] ability: Pickpocket|[of] p2a: Enamorus\n|-item|p1a: Tinkaton|Assault Vest|[from] ability: Pickpocket|[of] p2a: Enamorus\n|\n|upkeep\n|turn|21\n|\n|t:|1700564054\n|move|p1a: Tinkaton|Play Rough|p2a: Enamorus\n|-damage|p2a: Enamorus|38\/100\n|move|p2a: Enamorus|Superpower|p1a: Tinkaton\n|-damage|p1a: Tinkaton|0 fnt\n|-boost|p2a: Enamorus|atk|1\n|-boost|p2a: Enamorus|def|1\n|faint|p1a: Tinkaton\n|\n|upkeep\n|\n|t:|1700564057\n|switch|p1a: Iron Moth|Iron Moth|82\/100\n|-damage|p1a: Iron Moth|57\/100|[from] Stealth Rock\n|turn|22\n|inactive|Jingleee has 60 seconds left.\n|inactive|Jingleee has 30 seconds left.\n|inactive|Jingleee has 20 seconds left.\n|\n|t:|1700564122\n|move|p1a: Iron Moth|Sludge Wave|p2a: Enamorus\n|-damage|p2a: Enamorus|0 fnt\n|faint|p2a: Enamorus\n|\n|upkeep\n|inactive|Jingleee has 25 seconds left this turn.\n|\n|t:|1700564126\n|switch|p2a: Cinderace|Cinderace, M|100\/100\n|turn|23\n|inactive|Jingleee has 30 seconds left.\n|inactive|Jingleee has 20 seconds left.\n|\n|t:|1700564143\n|move|p2a: Cinderace|Pyro Ball|p1a: Iron Moth\n|-resisted|p1a: Iron Moth\n|-damage|p1a: Iron Moth|16\/100\n|move|p1a: Iron Moth|Sludge Wave|p2a: Cinderace\n|-damage|p2a: Cinderace|27\/100\n|\n|upkeep\n|turn|24\n|inactive|Jingleee has 30 seconds left this turn.\n|\n|t:|1700564149\n|move|p2a: Cinderace|Pyro Ball|p1a: Iron Moth\n|-resisted|p1a: Iron Moth\n|-damage|p1a: Iron Moth|0 fnt\n|faint|p1a: Iron Moth\n|-end|p1a: Iron Moth|Quark Drive|[silent]\n|\n|win|Jingleee\n|inactive|Jingleee has 30 seconds left this turn.\n|raw|etjrjtrtrjtrj's rating: 1051 &rarr; <strong>1034<\/strong><br \/>(-17 for losing)\n|raw|Jingleee's rating: 1071 &rarr; <strong>1099<\/strong><br \/>(+28 for winning)\n|l|\u203detjrjtrtrjtrj\n","uploadtime":1700564158,"views":14,"p1id":"etjrjtrtrjtrj","p2id":"jingleee","formatid":"gen9ou","rating":1034,"private":0,"password":""}