{"id":"gen9ou-1992113876","p1":"Froge0222","p2":"sabrinainainaina","format":"[Gen 9] OU","log":"|j|\u2606Froge0222\n|j|\u2606sabrinainainaina\n|t:|1700156228\n|gametype|singles\n|player|p1|Froge0222|volkner|1128\n|player|p2|sabrinainainaina|101|1082\n|teamsize|p1|6\n|teamsize|p2|6\n|gen|9\n|tier|[Gen 9] OU\n|rated|\n|rule|Sleep Clause Mod: Limit one foe put to sleep\n|rule|Species Clause: Limit one of each Pok\u00e9mon\n|rule|OHKO Clause: OHKO moves are banned\n|rule|Evasion Items Clause: Evasion items are banned\n|rule|Evasion Moves Clause: Evasion moves are banned\n|rule|Endless Battle Clause: Forcing endless battles is banned\n|rule|HP Percentage Mod: HP is shown in percentages\n|clearpoke\n|poke|p1|Landorus-Therian, M|\n|poke|p1|Empoleon, F|\n|poke|p1|Sneasler, M|\n|poke|p1|Cinderace, F|\n|poke|p1|Ninetales-Alola, F|\n|poke|p1|Garganacl, M|\n|poke|p2|Walking Wake|\n|poke|p2|Gholdengo|\n|poke|p2|Glimmora, F|\n|poke|p2|Great Tusk|\n|poke|p2|Torkoal, M|\n|poke|p2|Enamorus-Therian, F|\n|teampreview\n|inactive|Battle timer is ON: inactive players will automatically lose when time's up. (requested by Froge0222)\n|inactive|sabrinainainaina also wants the timer to be on.\n|\n|t:|1700156246\n|start\n|switch|p1a: Garganacl|Garganacl, M|100\/100\n|switch|p2a: Torkoal|Torkoal, M|100\/100\n|-weather|SunnyDay|[from] ability: Drought|[of] p2a: Torkoal\n|turn|1\n|\n|t:|1700156251\n|move|p1a: Garganacl|Salt Cure|p2a: Torkoal\n|-supereffective|p2a: Torkoal\n|-damage|p2a: Torkoal|78\/100\n|-start|p2a: Torkoal|Salt Cure\n|move|p2a: Torkoal|Solar Beam||[still]\n|-prepare|p2a: Torkoal|Solar Beam\n|-anim|p2a: Torkoal|Solar Beam|p1a: Garganacl\n|-supereffective|p1a: Garganacl\n|-damage|p1a: Garganacl|43\/100\n|\n|-weather|SunnyDay|[upkeep]\n|-heal|p1a: Garganacl|49\/100|[from] item: Leftovers\n|-damage|p2a: Torkoal|66\/100|[from] Salt Cure\n|upkeep\n|turn|2\n|\n|t:|1700156259\n|switch|p1a: Ninetales|Ninetales-Alola, F|100\/100\n|-weather|Snow|[from] ability: Snow Warning|[of] p1a: Ninetales\n|move|p2a: Torkoal|Solar Beam||[still]\n|-prepare|p2a: Torkoal|Solar Beam\n|\n|-weather|Snow|[upkeep]\n|-damage|p2a: Torkoal|53\/100|[from] Salt Cure\n|upkeep\n|turn|3\n|\n|t:|1700156279\n|move|p1a: Ninetales|Aurora Veil|p1a: Ninetales\n|-sidestart|p1: Froge0222|move: Aurora Veil\n|move|p2a: Torkoal|Solar Beam|p1a: Ninetales|[from]lockedmove\n|-damage|p1a: Ninetales|90\/100\n|\n|-weather|Snow|[upkeep]\n|-damage|p2a: Torkoal|41\/100|[from] Salt Cure\n|upkeep\n|turn|4\n|\n|t:|1700156285\n|switch|p1a: Empoleon|Empoleon, F|100\/100\n|move|p2a: Torkoal|Overheat|p1a: Empoleon\n|-damage|p1a: Empoleon|71\/100\n|-unboost|p2a: Torkoal|spa|2\n|\n|-weather|Snow|[upkeep]\n|-damage|p2a: Torkoal|29\/100|[from] Salt Cure\n|upkeep\n|turn|5\n|\n|t:|1700156292\n|switch|p2a: Great Tusk|Great Tusk|100\/100\n|move|p1a: Empoleon|Agility|p1a: Empoleon\n|-boost|p1a: Empoleon|spe|2\n|\n|-weather|Snow|[upkeep]\n|upkeep\n|turn|6\n|\n|t:|1700156305\n|move|p1a: Empoleon|Ice Beam|p2a: Great Tusk\n|-supereffective|p2a: Great Tusk\n|-enditem|p2a: Great Tusk|Focus Sash\n|-damage|p2a: Great Tusk|1\/100\n|-damage|p1a: Empoleon|62\/100|[from] item: Life Orb\n|move|p2a: Great Tusk|Close Combat|p1a: Empoleon\n|-supereffective|p1a: Empoleon\n|-damage|p1a: Empoleon|0 fnt\n|-unboost|p2a: Great Tusk|def|1\n|-unboost|p2a: Great Tusk|spd|1\n|faint|p1a: Empoleon\n|\n|-weather|none\n|upkeep\n|\n|t:|1700156310\n|switch|p1a: Landorus|Landorus-Therian, M, shiny|100\/100\n|-ability|p1a: Landorus|Intimidate|boost\n|-unboost|p2a: Great Tusk|atk|1\n|turn|7\n|\n|t:|1700156327\n|move|p1a: Landorus|Earthquake|p2a: Great Tusk\n|-damage|p2a: Great Tusk|0 fnt\n|faint|p2a: Great Tusk\n|-end|p2a: Great Tusk|Protosynthesis|[silent]\n|\n|upkeep\n|\n|t:|1700156331\n|switch|p2a: Torkoal|Torkoal, M|29\/100\n|-weather|SunnyDay|[from] ability: Drought|[of] p2a: Torkoal\n|turn|8\n|\n|t:|1700156339\n|switch|p2a: Walking Wake|Walking Wake|100\/100\n|-activate|p2a: Walking Wake|ability: Protosynthesis\n|-start|p2a: Walking Wake|protosynthesisspa\n|move|p1a: Landorus|Earthquake|p2a: Walking Wake\n|-damage|p2a: Walking Wake|36\/100\n|\n|-weather|SunnyDay|[upkeep]\n|upkeep\n|turn|9\n|\n|t:|1700156345\n|switch|p1a: Ninetales|Ninetales-Alola, F|90\/100\n|-weather|Snow|[from] ability: Snow Warning|[of] p1a: Ninetales\n|-end|p2a: Walking Wake|Protosynthesis\n|move|p2a: Walking Wake|Hydro Steam|p1a: Ninetales\n|-damage|p1a: Ninetales|56\/100\n|-damage|p2a: Walking Wake|26\/100|[from] item: Life Orb\n|\n|-weather|Snow|[upkeep]\n|upkeep\n|turn|10\n|\n|t:|1700156352\n|move|p1a: Ninetales|Freeze-Dry|p2a: Walking Wake\n|-supereffective|p2a: Walking Wake\n|-damage|p2a: Walking Wake|0 fnt\n|faint|p2a: Walking Wake\n|-end|p2a: Walking Wake|Protosynthesis|[silent]\n|\n|-weather|Snow|[upkeep]\n|-sideend|p1: Froge0222|move: Aurora Veil\n|upkeep\n|\n|t:|1700156358\n|switch|p2a: Torkoal|Torkoal, M|29\/100\n|-weather|SunnyDay|[from] ability: Drought|[of] p2a: Torkoal\n|turn|11\n|\n|t:|1700156370\n|switch|p1a: Cinderace|Cinderace, F|100\/100\n|move|p2a: Torkoal|Overheat|p1a: Cinderace|[miss]\n|-miss|p2a: Torkoal|p1a: Cinderace\n|\n|-weather|SunnyDay|[upkeep]\n|upkeep\n|turn|12\n|\n|t:|1700156385\n|switch|p2a: Glimmora|Glimmora, F|100\/100\n|move|p1a: Cinderace|Gunk Shot|p2a: Glimmora|[miss]\n|-start|p1a: Cinderace|typechange|Poison|[from] ability: Libero\n|-miss|p1a: Cinderace|p2a: Glimmora\n|\n|-weather|SunnyDay|[upkeep]\n|upkeep\n|turn|13\n|\n|t:|1700156392\n|move|p1a: Cinderace|Pyro Ball|p2a: Glimmora\n|-resisted|p2a: Glimmora\n|-crit|p2a: Glimmora\n|-damage|p2a: Glimmora|53\/100\n|-activate|p2a: Glimmora|ability: Toxic Debris\n|-sidestart|p1: Froge0222|move: Toxic Spikes\n|move|p2a: Glimmora|Toxic|p1a: Cinderace\n|-immune|p1a: Cinderace\n|\n|-weather|SunnyDay|[upkeep]\n|upkeep\n|turn|14\n|\n|t:|1700156397\n|move|p1a: Cinderace|Pyro Ball|p2a: Glimmora\n|-resisted|p2a: Glimmora\n|-damage|p2a: Glimmora|26\/100\n|-activate|p2a: Glimmora|ability: Toxic Debris\n|-sidestart|p1: Froge0222|move: Toxic Spikes\n|move|p2a: Glimmora|Reflect|p2a: Glimmora\n|-sidestart|p2: sabrinainainaina|Reflect\n|\n|-weather|SunnyDay|[upkeep]\n|upkeep\n|turn|15\n|\n|t:|1700156409\n|switch|p2a: Enamorus|Enamorus-Therian, F|100\/100\n|move|p1a: Cinderace|Court Change|p1a: Cinderace\n|-swapsideconditions\n|-activate|p1a: Cinderace|move: Court Change\n|\n|-weather|none\n|upkeep\n|turn|16\n|\n|t:|1700156417\n|move|p1a: Cinderace|Gunk Shot|p2a: Enamorus\n|-supereffective|p2a: Enamorus\n|-damage|p2a: Enamorus|0 fnt\n|faint|p2a: Enamorus\n|\n|upkeep\n|-message|sabrinainainaina forfeited.\n|\n|win|Froge0222\n|raw|Froge0222's rating: 1128 &rarr; <strong>1150<\/strong><br \/>(+22 for winning)\n|raw|sabrinainainaina's rating: 1082 &rarr; <strong>1063<\/strong><br \/>(-19 for losing)\n|l|\u2606sabrinainainaina\n","uploadtime":1700156456,"views":19,"p1id":"froge0222","p2id":"sabrinainainaina","formatid":"gen9ou","rating":1063,"private":0,"password":""}