{"id":"gen9ou-1997835059","p1":"NewGenious","p2":"JAADragon","format":"[Gen 9] OU","log":"|j|\u2606NewGenious\n|j|\u2606JAADragon\n|t:|1700857855\n|gametype|singles\n|player|p1|NewGenious|mira|1090\n|player|p2|JAADragon|ethan|1052\n|teamsize|p1|6\n|teamsize|p2|6\n|gen|9\n|tier|[Gen 9] OU\n|rated|\n|rule|Sleep Clause Mod: Limit one foe put to sleep\n|rule|Species Clause: Limit one of each Pok\u00e9mon\n|rule|OHKO Clause: OHKO moves are banned\n|rule|Evasion Items Clause: Evasion items are banned\n|rule|Evasion Moves Clause: Evasion moves are banned\n|rule|Endless Battle Clause: Forcing endless battles is banned\n|rule|HP Percentage Mod: HP is shown in percentages\n|clearpoke\n|poke|p1|Skeledirge, M|\n|poke|p1|Grafaiai, M|\n|poke|p1|Tauros-Paldea-Aqua, M|\n|poke|p1|Carbink|\n|poke|p1|Slowbro, F|\n|poke|p1|Snorlax, M|\n|poke|p2|Ampharos, F|\n|poke|p2|Typhlosion, M|\n|poke|p2|Espeon, F|\n|poke|p2|Forretress, M|\n|poke|p2|Quagsire, M|\n|poke|p2|Noctowl, F|\n|teampreview\n|\n|t:|1700857868\n|start\n|switch|p1a: Offender|Grafaiai, M|100\/100\n|switch|p2a: 40oz|Forretress, M|100\/100\n|turn|1\n|inactive|Battle timer is ON: inactive players will automatically lose when time's up. (requested by NewGenious)\n|\n|t:|1700857877\n|move|p1a: Offender|Switcheroo|p2a: 40oz\n|-activate|p1a: Offender|move: Trick|[of] p2a: 40oz\n|-item|p2a: 40oz|Choice Scarf|[from] move: Switcheroo\n|-item|p1a: Offender|Leftovers|[from] move: Switcheroo\n|move|p2a: 40oz|Earthquake|p1a: Offender\n|-supereffective|p1a: Offender\n|-damage|p1a: Offender|0 fnt\n|faint|p1a: Offender\n|\n|upkeep\n|\n|t:|1700857886\n|switch|p1a: OnePiece|Carbink, shiny|100\/100\n|turn|2\n|\n|t:|1700857891\n|move|p2a: 40oz|Earthquake|p1a: OnePiece\n|-supereffective|p1a: OnePiece\n|-damage|p1a: OnePiece|64\/100\n|move|p1a: OnePiece|Reflect|p1a: OnePiece\n|-sidestart|p1: NewGenious|Reflect\n|\n|upkeep\n|turn|3\n|\n|t:|1700857900\n|move|p2a: 40oz|Earthquake|p1a: OnePiece\n|-supereffective|p1a: OnePiece\n|-damage|p1a: OnePiece|46\/100\n|move|p1a: OnePiece|Light Screen|p1a: OnePiece\n|-sidestart|p1: NewGenious|move: Light Screen\n|\n|upkeep\n|turn|4\n|\n|t:|1700857910\n|switch|p1a: Matahari|Slowbro, F|100\/100\n|move|p2a: 40oz|Earthquake|p1a: Matahari\n|-damage|p1a: Matahari|89\/100\n|\n|-heal|p1a: Matahari|95\/100|[from] item: Leftovers\n|upkeep\n|turn|5\n|\n|t:|1700857919\n|switch|p2a: Blast|Quagsire, M|100\/100\n|move|p1a: Matahari|Nasty Plot|p1a: Matahari\n|-boost|p1a: Matahari|spa|2\n|\n|-heal|p1a: Matahari|100\/100|[from] item: Leftovers\n|upkeep\n|turn|6\n|\n|t:|1700857929\n|move|p2a: Blast|Yawn|p1a: Matahari\n|-start|p1a: Matahari|move: Yawn|[of] p2a: Blast\n|move|p1a: Matahari|Surf|p2a: Blast\n|-immune|p2a: Blast|[from] ability: Water Absorb\n|\n|upkeep\n|turn|7\n|\n|t:|1700857940\n|switch|p1a: Jurubeba|Snorlax, M|100\/100\n|move|p2a: Blast|Icy Wind|p1a: Jurubeba\n|-damage|p1a: Jurubeba|99\/100\n|-unboost|p1a: Jurubeba|spe|1\n|\n|upkeep\n|turn|8\n|\n|t:|1700857949\n|switch|p2a: 40oz|Forretress, M|100\/100\n|move|p1a: Jurubeba|Body Slam|p2a: 40oz\n|-resisted|p2a: 40oz\n|-damage|p2a: 40oz|74\/100\n|\n|upkeep\n|turn|9\n|\n|t:|1700857959\n|switch|p1a: Overclock|Skeledirge, M|100\/100\n|move|p2a: 40oz|Thunder Wave|p1a: Overclock\n|-status|p1a: Overclock|par\n|\n|-sideend|p1: NewGenious|Reflect\n|upkeep\n|turn|10\n|\n|t:|1700857967\n|switch|p2a: Spike|Typhlosion, M|100\/100\n|move|p1a: Overclock|Torch Song|p2a: Spike\n|-start|p2a: Spike|ability: Flash Fire\n|\n|-sideend|p1: NewGenious|move: Light Screen\n|upkeep\n|turn|11\n|inactive|JAADragon has 120 seconds left.\n|\n|t:|1700858013\n|switch|p1a: Taurina|Tauros-Paldea-Aqua, M, shiny|100\/100\n|move|p2a: Spike|Flame Charge|p1a: Taurina\n|-resisted|p1a: Taurina\n|-damage|p1a: Taurina|89\/100\n|-boost|p2a: Spike|spe|1\n|\n|upkeep\n|turn|12\n|\n|t:|1700858027\n|-end|p2a: Spike|ability: Flash Fire|[silent]\n|switch|p2a: Blast|Quagsire, M|100\/100\n|move|p1a: Taurina|Raging Bull|p2a: Blast\n|-immune|p2a: Blast|[from] ability: Water Absorb\n|\n|upkeep\n|turn|13\n|\n|t:|1700858035\n|move|p1a: Taurina|Earthquake|p2a: Blast\n|-damage|p2a: Blast|71\/100\n|-enditem|p2a: Blast|Red Card|[of] p1a: Taurina\n|drag|p1a: OnePiece|Carbink, shiny|46\/100\n|move|p2a: Blast|Icy Wind|p1a: OnePiece\n|-damage|p1a: OnePiece|40\/100\n|\n|upkeep\n|turn|14\n|\n|t:|1700858047\n|move|p1a: OnePiece|Light Screen|p1a: OnePiece\n|-sidestart|p1: NewGenious|move: Light Screen\n|move|p2a: Blast|Thief|p1a: OnePiece\n|-resisted|p1a: OnePiece\n|-damage|p1a: OnePiece|36\/100\n|-enditem|p1a: OnePiece|Light Clay|[silent]|[from] move: Thief|[of] p2a: Blast\n|-item|p2a: Blast|Light Clay|[from] move: Thief|[of] p1a: OnePiece\n|\n|upkeep\n|turn|15\n|\n|t:|1700858057\n|move|p1a: OnePiece|Reflect|p1a: OnePiece\n|-sidestart|p1: NewGenious|Reflect\n|move|p2a: Blast|Sludge Bomb|p1a: OnePiece\n|-damage|p1a: OnePiece|30\/100\n|\n|upkeep\n|turn|16\n|\n|t:|1700858067\n|switch|p1a: Jurubeba|Snorlax, M|99\/100\n|move|p2a: Blast|Icy Wind|p1a: Jurubeba\n|-damage|p1a: Jurubeba|98\/100\n|-unboost|p1a: Jurubeba|spe|1\n|\n|upkeep\n|turn|17\n|\n|t:|1700858076\n|move|p2a: Blast|Yawn|p1a: Jurubeba\n|-start|p1a: Jurubeba|move: Yawn|[of] p2a: Blast\n|move|p1a: Jurubeba|Body Slam|p2a: Blast\n|-damage|p2a: Blast|18\/100\n|\n|upkeep\n|turn|18\n|\n|t:|1700858088\n|switch|p2a: Flute|Noctowl, F, shiny|100\/100\n|move|p1a: Jurubeba|Body Slam|p2a: Flute\n|-damage|p2a: Flute|0 fnt\n|faint|p2a: Flute\n|\n|-end|p1a: Jurubeba|move: Yawn|[silent]\n|-status|p1a: Jurubeba|slp\n|upkeep\n|\n|t:|1700858100\n|switch|p2a: 40oz|Forretress, M|74\/100\n|turn|19\n|\n|t:|1700858105\n|switch|p1a: Matahari|Slowbro, F|100\/100\n|move|p2a: 40oz|Lunge|p1a: Matahari\n|-supereffective|p1a: Matahari\n|-damage|p1a: Matahari|71\/100\n|-unboost|p1a: Matahari|atk|1\n|\n|-heal|p1a: Matahari|77\/100|[from] item: Leftovers\n|-sideend|p1: NewGenious|Reflect\n|upkeep\n|turn|20\n|\n|t:|1700858121\n|switch|p2a: Blast|Quagsire, M|18\/100\n|move|p1a: Matahari|Nasty Plot|p1a: Matahari\n|-boost|p1a: Matahari|spa|2\n|\n|-heal|p1a: Matahari|83\/100|[from] item: Leftovers\n|upkeep\n|turn|21\n|\n|t:|1700858132\n|move|p2a: Blast|Thief|p1a: Matahari\n|-supereffective|p1a: Matahari\n|-damage|p1a: Matahari|68\/100\n|move|p1a: Matahari|Psyshock|p2a: Blast\n|-damage|p2a: Blast|0 fnt\n|faint|p2a: Blast\n|\n|-heal|p1a: Matahari|74\/100|[from] item: Leftovers\n|-sideend|p1: NewGenious|move: Light Screen\n|upkeep\n|\n|t:|1700858145\n|switch|p2a: Amp!|Ampharos, F|100\/100\n|turn|22\n|\n|t:|1700858158\n|switch|p1a: OnePiece|Carbink, shiny|30\/100\n|move|p2a: Amp!|Thunder Punch|p1a: OnePiece\n|-damage|p1a: OnePiece|2\/100\n|\n|upkeep\n|turn|23\n|\n|t:|1700858167\n|move|p2a: Amp!|Thunder Punch|p1a: OnePiece\n|-damage|p1a: OnePiece|0 fnt\n|faint|p1a: OnePiece\n|\n|upkeep\n|\n|t:|1700858181\n|switch|p1a: Taurina|Tauros-Paldea-Aqua, M, shiny|89\/100\n|turn|24\n|\n|t:|1700858186\n|move|p1a: Taurina|Endure|p1a: Taurina\n|-singleturn|p1a: Taurina|move: Endure\n|move|p2a: Amp!|Thunder Punch|p1a: Taurina\n|-supereffective|p1a: Taurina\n|-activate|p1a: Taurina|move: Endure\n|-damage|p1a: Taurina|1\/100\n|-enditem|p1a: Taurina|Liechi Berry|[eat]\n|-boost|p1a: Taurina|atk|1|[from] item: Liechi Berry\n|\n|upkeep\n|turn|25\n|\n|t:|1700858197\n|switch|p2a: 40oz|Forretress, M|74\/100\n|move|p1a: Taurina|Earthquake|p2a: 40oz\n|-damage|p2a: 40oz|30\/100\n|\n|-activate|p1a: Taurina|ability: Cud Chew\n|-enditem|p1a: Taurina|Liechi Berry|[eat]\n|-boost|p1a: Taurina|atk|1|[from] item: Liechi Berry\n|upkeep\n|turn|26\n|\n|t:|1700858211\n|move|p1a: Taurina|Earthquake|p2a: 40oz\n|-damage|p2a: 40oz|0 fnt\n|faint|p2a: 40oz\n|\n|upkeep\n|\n|t:|1700858215\n|switch|p2a: Megumi|Espeon, F|100\/100\n|turn|27\n|\n|t:|1700858224\n|move|p1a: Taurina|Aqua Jet|p2a: Megumi\n|-damage|p2a: Megumi|23\/100\n|move|p2a: Megumi|Power Gem|p1a: Taurina\n|-resisted|p1a: Taurina\n|-damage|p1a: Taurina|0 fnt\n|faint|p1a: Taurina\n|\n|upkeep\n|\n|t:|1700858246\n|switch|p1a: Matahari|Slowbro, F|100\/100\n|turn|28\n|\n|t:|1700858251\n|switch|p2a: Amp!|Ampharos, F|100\/100\n|-terastallize|p1a: Matahari|Water\n|move|p1a: Matahari|Trick Room|p1a: Matahari\n|-fieldstart|move: Trick Room|[of] p1a: Matahari\n|\n|upkeep\n|turn|29\n|\n|t:|1700858265\n|switch|p1a: Jurubeba|Snorlax, M|98\/100 slp\n|move|p2a: Amp!|Thunder Punch|p1a: Jurubeba\n|-damage|p1a: Jurubeba|58\/100 slp\n|\n|upkeep\n|turn|30\n|\n|t:|1700858276\n|switch|p2a: Spike|Typhlosion, M|100\/100\n|cant|p1a: Jurubeba|slp\n|\n|upkeep\n|turn|31\n|\n|t:|1700858282\n|cant|p1a: Jurubeba|slp\n|move|p2a: Spike|Sunny Day|p2a: Spike\n|-weather|SunnyDay\n|\n|-weather|SunnyDay|[upkeep]\n|upkeep\n|turn|32\n|\n|t:|1700858292\n|cant|p1a: Jurubeba|slp\n|move|p2a: Spike|Flame Charge|p1a: Jurubeba\n|-damage|p1a: Jurubeba|49\/100 slp\n|-boost|p2a: Spike|spe|1\n|\n|-weather|SunnyDay|[upkeep]\n|-fieldend|move: Trick Room\n|upkeep\n|turn|33\n|\n|t:|1700858301\n|-terastallize|p2a: Spike|Fire\n|move|p2a: Spike|Blast Burn|p1a: Jurubeba\n|-damage|p1a: Jurubeba|9\/100 slp\n|-mustrecharge|p2a: Spike\n|-curestatus|p1a: Jurubeba|slp|[msg]\n|move|p1a: Jurubeba|Earthquake|p2a: Spike\n|-supereffective|p2a: Spike\n|-damage|p2a: Spike|0 fnt\n|faint|p2a: Spike\n|\n|-weather|SunnyDay|[upkeep]\n|upkeep\n|\n|t:|1700858309\n|switch|p2a: Megumi|Espeon, F|23\/100\n|turn|34\n|\n|t:|1700858317\n|move|p2a: Megumi|Psychic|p1a: Jurubeba\n|-damage|p1a: Jurubeba|0 fnt\n|faint|p1a: Jurubeba\n|\n|-weather|SunnyDay|[upkeep]\n|upkeep\n|\n|t:|1700858329\n|switch|p1a: Matahari|Slowbro, F, tera:Water|100\/100\n|turn|35\n|c|\u2606JAADragon|I always wanted to do that\ud83e\udd23\n|\n|t:|1700858350\n|move|p2a: Megumi|Psychic|p1a: Matahari\n|-damage|p1a: Matahari|16\/100\n|move|p1a: Matahari|Trick Room|p1a: Matahari\n|-fieldstart|move: Trick Room|[of] p1a: Matahari\n|\n|-weather|none\n|-heal|p1a: Matahari|22\/100|[from] item: Leftovers\n|upkeep\n|turn|36\n|\n|t:|1700858360\n|move|p1a: Matahari|Surf|p2a: Megumi\n|-damage|p2a: Megumi|0 fnt\n|faint|p2a: Megumi\n|\n|-heal|p1a: Matahari|28\/100|[from] item: Leftovers\n|upkeep\n|\n|t:|1700858364\n|switch|p2a: Amp!|Ampharos, F|100\/100\n|turn|37\n|\n|t:|1700858370\n|move|p1a: Matahari|Surf|p2a: Amp!\n|-damage|p2a: Amp!|49\/100\n|move|p2a: Amp!|Thunder Punch|p1a: Matahari\n|-supereffective|p1a: Matahari\n|-damage|p1a: Matahari|0 fnt\n|faint|p1a: Matahari\n|\n|upkeep\n|\n|t:|1700858382\n|switch|p1a: Overclock|Skeledirge, M|100\/100 par\n|turn|38\n|\n|t:|1700858386\n|move|p1a: Overclock|Earth Power|p2a: Amp!\n|-supereffective|p2a: Amp!\n|-damage|p2a: Amp!|0 fnt\n|faint|p2a: Amp!\n|\n|win|NewGenious\n|raw|NewGenious's rating: 1090 &rarr; <strong>1114<\/strong><br \/>(+24 for winning)\n|raw|JAADragon's rating: 1052 &rarr; <strong>1036<\/strong><br \/>(-16 for losing)\n|c|\u2606JAADragon|Gg\n|l|\u2606NewGenious\n","uploadtime":1700858400,"views":2,"p1id":"newgenious","p2id":"jaadragon","formatid":"gen9ou","rating":1036,"private":0,"password":""}