{"id":"gen9ou-1996419606","p1":"thunderdog_32","p2":"Lazysans42","format":"[Gen 9] OU","log":"|j|\u2606thunderdog_32\n|j|\u2606Lazysans42\n|t:|1700680235\n|gametype|singles\n|player|p1|thunderdog_32|2|1263\n|player|p2|Lazysans42|169|1246\n|teamsize|p1|6\n|teamsize|p2|6\n|gen|9\n|tier|[Gen 9] OU\n|rated|\n|rule|Sleep Clause Mod: Limit one foe put to sleep\n|rule|Species Clause: Limit one of each Pok\u00e9mon\n|rule|OHKO Clause: OHKO moves are banned\n|rule|Evasion Items Clause: Evasion items are banned\n|rule|Evasion Moves Clause: Evasion moves are banned\n|rule|Endless Battle Clause: Forcing endless battles is banned\n|rule|HP Percentage Mod: HP is shown in percentages\n|clearpoke\n|poke|p1|Landorus-Therian, M|\n|poke|p1|Heatran, F|\n|poke|p1|Ogerpon-Wellspring, F|\n|poke|p1|Zapdos|\n|poke|p1|Dragapult, M|\n|poke|p1|Ribombee, F|\n|poke|p2|Houndoom, F|\n|poke|p2|Zapdos|\n|poke|p2|Iron Valiant|\n|poke|p2|Kleavor, M|\n|poke|p2|Garchomp, F|\n|poke|p2|Polteageist-Antique|\n|teampreview\n|inactive|Battle timer is ON: inactive players will automatically lose when time's up. (requested by thunderdog_32)\n|\n|t:|1700680247\n|start\n|switch|p1a: Ribombee|Ribombee, F|100\/100\n|switch|p2a: Houndoom|Houndoom, F|100\/100\n|turn|1\n|\n|t:|1700680255\n|move|p1a: Ribombee|Sticky Web|p2a: Houndoom\n|-sidestart|p2: Lazysans42|move: Sticky Web\n|move|p2a: Houndoom|Sludge Bomb|p1a: Ribombee\n|-supereffective|p1a: Ribombee\n|-enditem|p1a: Ribombee|Focus Sash\n|-damage|p1a: Ribombee|1\/100\n|-damage|p2a: Houndoom|91\/100|[from] item: Life Orb\n|\n|upkeep\n|turn|2\n|\n|t:|1700680268\n|switch|p1a: Heatran|Heatran, F|100\/100\n|move|p2a: Houndoom|Sucker Punch||[still]\n|-fail|p2a: Houndoom\n|\n|upkeep\n|turn|3\n|\n|t:|1700680274\n|switch|p2a: Garchomp|Garchomp, F|100\/100\n|-activate|p2a: Garchomp|move: Sticky Web\n|-unboost|p2a: Garchomp|spe|1\n|move|p1a: Heatran|Stealth Rock|p2a: Garchomp\n|-sidestart|p2: Lazysans42|move: Stealth Rock\n|\n|upkeep\n|turn|4\n|\n|t:|1700680281\n|switch|p2a: Kleavor|Kleavor, M|100\/100\n|move|p1a: Heatran|Taunt|p2a: Kleavor\n|-start|p2a: Kleavor|move: Taunt\n|\n|upkeep\n|turn|5\n|\n|t:|1700680294\n|move|p2a: Kleavor|U-turn|p1a: Heatran\n|-resisted|p1a: Heatran\n|-damage|p1a: Heatran|93\/100\n|\n|t:|1700680298\n|switch|p2a: Houndoom|Houndoom, F|91\/100|[from] U-turn\n|-activate|p2a: Houndoom|move: Sticky Web\n|-unboost|p2a: Houndoom|spe|1\n|-damage|p2a: Houndoom|66\/100|[from] Stealth Rock\n|move|p1a: Heatran|Magma Storm|p2a: Houndoom\n|-start|p2a: Houndoom|ability: Flash Fire\n|\n|-heal|p1a: Heatran|99\/100|[from] item: Leftovers\n|upkeep\n|turn|6\n|\n|t:|1700680307\n|move|p2a: Houndoom|Dark Pulse|p1a: Heatran\n|-damage|p1a: Heatran|67\/100\n|-damage|p2a: Houndoom|56\/100|[from] item: Life Orb\n|move|p1a: Heatran|Earth Power|p2a: Houndoom\n|-supereffective|p2a: Houndoom\n|-damage|p2a: Houndoom|0 fnt\n|faint|p2a: Houndoom\n|\n|-heal|p1a: Heatran|73\/100|[from] item: Leftovers\n|upkeep\n|\n|t:|1700680313\n|switch|p2a: Kleavor|Kleavor, M|100\/100\n|turn|7\n|\n|t:|1700680324\n|move|p2a: Kleavor|Defog|p1a: Heatran\n|-unboost|p1a: Heatran|evasion|1\n|-sideend|p2: Lazysans42|Stealth Rock|[from] move: Defog|[of] p2a: Kleavor\n|-sideend|p2: Lazysans42|Sticky Web|[from] move: Defog|[of] p2a: Kleavor\n|move|p1a: Heatran|Magma Storm|p2a: Kleavor\n|-damage|p2a: Kleavor|31\/100\n|-activate|p2a: Kleavor|move: Magma Storm|[of] p1a: Heatran\n|\n|-heal|p1a: Heatran|79\/100|[from] item: Leftovers\n|-damage|p2a: Kleavor|19\/100|[from] move: Magma Storm|[partiallytrapped]\n|upkeep\n|turn|8\n|\n|t:|1700680335\n|move|p2a: Kleavor|Stone Axe|p1a: Heatran\n|-damage|p1a: Heatran|33\/100\n|-sidestart|p1: thunderdog_32|move: Stealth Rock\n|move|p1a: Heatran|Stealth Rock|p2a: Kleavor\n|-sidestart|p2: Lazysans42|move: Stealth Rock\n|\n|-heal|p1a: Heatran|39\/100|[from] item: Leftovers\n|-damage|p2a: Kleavor|6\/100|[from] move: Magma Storm|[partiallytrapped]\n|upkeep\n|turn|9\n|\n|t:|1700680349\n|move|p2a: Kleavor|Stone Axe|p1a: Heatran\n|-damage|p1a: Heatran|0 fnt\n|faint|p1a: Heatran\n|\n|-end|p2a: Kleavor|Magma Storm|[partiallytrapped]|[silent]\n|upkeep\n|\n|t:|1700680366\n|switch|p1a: Landorus|Landorus-Therian, M|100\/100\n|-damage|p1a: Landorus|88\/100|[from] Stealth Rock\n|-ability|p1a: Landorus|Intimidate|boost\n|-unboost|p2a: Kleavor|atk|1\n|turn|10\n|\n|t:|1700680377\n|switch|p2a: Zapdos|Zapdos|100\/100\n|move|p1a: Landorus|Earthquake|p2a: Zapdos\n|-immune|p2a: Zapdos\n|\n|-heal|p1a: Landorus|94\/100|[from] item: Leftovers\n|upkeep\n|turn|11\n|\n|t:|1700680383\n|move|p1a: Landorus|Substitute|p1a: Landorus\n|-start|p1a: Landorus|Substitute\n|-damage|p1a: Landorus|69\/100\n|move|p2a: Zapdos|Hurricane|p1a: Landorus\n|-end|p1a: Landorus|Substitute\n|\n|-heal|p1a: Landorus|75\/100|[from] item: Leftovers\n|upkeep\n|turn|12\n|\n|t:|1700680390\n|move|p1a: Landorus|Smack Down|p2a: Zapdos\n|-supereffective|p2a: Zapdos\n|-damage|p2a: Zapdos|62\/100\n|-start|p2a: Zapdos|Smack Down\n|move|p2a: Zapdos|Heat Wave|p1a: Landorus\n|-damage|p1a: Landorus|26\/100\n|\n|-heal|p1a: Landorus|32\/100|[from] item: Leftovers\n|upkeep\n|turn|13\n|\n|t:|1700680397\n|move|p1a: Landorus|Earthquake|p2a: Zapdos\n|-supereffective|p2a: Zapdos\n|-damage|p2a: Zapdos|0 fnt\n|faint|p2a: Zapdos\n|\n|-heal|p1a: Landorus|37\/100|[from] item: Leftovers\n|upkeep\n|\n|t:|1700680401\n|switch|p2a: Iron Valiant|Iron Valiant|100\/100\n|-damage|p2a: Iron Valiant|94\/100|[from] Stealth Rock\n|-enditem|p2a: Iron Valiant|Booster Energy\n|-activate|p2a: Iron Valiant|ability: Quark Drive|[fromitem]\n|-start|p2a: Iron Valiant|quarkdrivespe\n|turn|14\n|\n|t:|1700680411\n|switch|p1a: Ribombee|Ribombee, F|1\/100\n|-damage|p1a: Ribombee|0 fnt|[from] Stealth Rock\n|faint|p1a: Ribombee\n|-terastallize|p2a: Iron Valiant|Fairy\n|move|p2a: Iron Valiant|Moonblast|p1: Ribombee|[notarget]\n|-fail|p2a: Iron Valiant\n|\n|upkeep\n|\n|t:|1700680437\n|switch|p1a: Ogerpon|Ogerpon-Wellspring, F|100\/100\n|-damage|p1a: Ogerpon|88\/100|[from] Stealth Rock\n|turn|15\n|\n|t:|1700680451\n|-terastallize|p1a: Ogerpon|Water\n|detailschange|p1a: Ogerpon|Ogerpon-Wellspring-Tera, F, tera:Water\n|-ability|p1a: Ogerpon|Embody Aspect (Wellspring)|boost\n|-boost|p1a: Ogerpon|spd|1\n|move|p2a: Iron Valiant|Moonblast|p1a: Ogerpon\n|-damage|p1a: Ogerpon|47\/100\n|move|p1a: Ogerpon|Ivy Cudgel|p2a: Iron Valiant|[anim] Ivy Cudgel Water\n|-damage|p2a: Iron Valiant|0 fnt\n|faint|p2a: Iron Valiant\n|-end|p2a: Iron Valiant|Quark Drive|[silent]\n|\n|upkeep\n|\n|t:|1700680461\n|switch|p2a: Garchomp|Garchomp, F|100\/100\n|-damage|p2a: Garchomp|94\/100|[from] Stealth Rock\n|turn|16\n|\n|t:|1700680466\n|move|p1a: Ogerpon|Horn Leech|p2a: Garchomp\n|-damage|p2a: Garchomp|48\/100\n|-heal|p1a: Ogerpon|75\/100|[from] drain|[of] p2a: Garchomp\n|-damage|p1a: Ogerpon|62\/100|[from] ability: Rough Skin|[of] p2a: Garchomp\n|move|p2a: Garchomp|Scale Shot|p1a: Ogerpon\n|-damage|p1a: Ogerpon|46\/100\n|-damage|p1a: Ogerpon|28\/100\n|-damage|p1a: Ogerpon|10\/100\n|-damage|p1a: Ogerpon|0 fnt\n|faint|p1a: Ogerpon\n|-hitcount|p1: Ogerpon|4\n|-unboost|p2a: Garchomp|def|1\n|-boost|p2a: Garchomp|spe|1\n|\n|upkeep\n|\n|t:|1700680483\n|switch|p1a: Landorus|Landorus-Therian, M|37\/100\n|-damage|p1a: Landorus|25\/100|[from] Stealth Rock\n|-ability|p1a: Landorus|Intimidate|boost\n|-unboost|p2a: Garchomp|atk|1\n|turn|17\n|\n|t:|1700680493\n|move|p2a: Garchomp|Scale Shot|p1a: Landorus\n|-damage|p1a: Landorus|16\/100\n|-damage|p1a: Landorus|4\/100\n|-damage|p1a: Landorus|0 fnt\n|faint|p1a: Landorus\n|-hitcount|p1: Landorus|3\n|-unboost|p2a: Garchomp|def|1\n|-boost|p2a: Garchomp|spe|1\n|\n|upkeep\n|\n|t:|1700680497\n|switch|p1a: Zapdos|Zapdos|100\/100\n|turn|18\n|\n|t:|1700680510\n|move|p2a: Garchomp|Swords Dance|p2a: Garchomp\n|-boost|p2a: Garchomp|atk|2\n|move|p1a: Zapdos|Hurricane|p2a: Garchomp\n|-damage|p2a: Garchomp|0 fnt\n|faint|p2a: Garchomp\n|\n|upkeep\n|\n|t:|1700680515\n|switch|p2a: Kleavor|Kleavor, M|6\/100\n|turn|19\n|\n|t:|1700680519\n|move|p1a: Zapdos|Volt Switch|p2a: Kleavor\n|-damage|p2a: Kleavor|0 fnt\n|faint|p2a: Kleavor\n|\n|t:|1700680521\n|switch|p1a: Dragapult|Dragapult, M|100\/100|[from] Volt Switch\n|-damage|p1a: Dragapult|88\/100|[from] Stealth Rock\n|\n|upkeep\n|\n|t:|1700680523\n|switch|p2a: Polteageist|Polteageist-Antique|100\/100\n|-damage|p2a: Polteageist|88\/100|[from] Stealth Rock\n|turn|20\n|\n|t:|1700680527\n|move|p1a: Dragapult|Shadow Ball|p2a: Polteageist\n|-supereffective|p2a: Polteageist\n|-damage|p2a: Polteageist|0 fnt\n|faint|p2a: Polteageist\n|\n|win|thunderdog_32\n|raw|thunderdog_32's rating: 1263 &rarr; <strong>1287<\/strong><br \/>(+24 for winning)\n|raw|Lazysans42's rating: 1246 &rarr; <strong>1222<\/strong><br \/>(-24 for losing)\n|c|\u2606thunderdog_32|ggs\n|l|\u2606Lazysans42\n","uploadtime":1700680537,"views":0,"p1id":"thunderdog32","p2id":"lazysans42","formatid":"gen9ou","rating":1222,"private":0,"password":""}