{"id":"gen9ou-1993505372","p1":"blanket towel","p2":"jaimitts","format":"[Gen 9] OU","log":"|j|\u2606blanket towel\n|j|\u2606jaimitts\n|t:|1700325819\n|gametype|singles\n|player|p1|blanket towel|serena-masters2|1026\n|player|p2|jaimitts|2|1059\n|teamsize|p1|6\n|teamsize|p2|6\n|gen|9\n|tier|[Gen 9] OU\n|rated|\n|rule|Sleep Clause Mod: Limit one foe put to sleep\n|rule|Species Clause: Limit one of each Pok\u00e9mon\n|rule|OHKO Clause: OHKO moves are banned\n|rule|Evasion Items Clause: Evasion items are banned\n|rule|Evasion Moves Clause: Evasion moves are banned\n|rule|Endless Battle Clause: Forcing endless battles is banned\n|rule|HP Percentage Mod: HP is shown in percentages\n|clearpoke\n|poke|p1|Maushold-Four|\n|poke|p1|Samurott-Hisui, F|\n|poke|p1|Great Tusk|\n|poke|p1|Garganacl, M|\n|poke|p1|Cinderace, M|\n|poke|p1|Thundurus-Therian, M|\n|poke|p2|Dedenne, F|\n|poke|p2|Ceruledge, M|\n|poke|p2|Arboliva, M|\n|poke|p2|Hatterene, F|\n|poke|p2|Milotic, F|\n|poke|p2|Goodra-Hisui, M|\n|teampreview\n|\n|t:|1700325837\n|start\n|switch|p1a: Great Tusk|Great Tusk|100\/100\n|switch|p2a: Dedenne|Dedenne, F|100\/100\n|-enditem|p1a: Great Tusk|Booster Energy\n|-activate|p1a: Great Tusk|ability: Protosynthesis|[fromitem]\n|-start|p1a: Great Tusk|protosynthesisatk\n|turn|1\n|\n|t:|1700325853\n|switch|p2a: Milotic|Milotic, F|100\/100\n|move|p1a: Great Tusk|Headlong Rush|p2a: Milotic\n|-damage|p2a: Milotic|15\/100\n|-unboost|p1a: Great Tusk|def|1\n|-unboost|p1a: Great Tusk|spd|1\n|\n|-heal|p2a: Milotic|21\/100|[from] item: Leftovers\n|upkeep\n|turn|2\n|\n|t:|1700325864\n|move|p1a: Great Tusk|Rapid Spin|p2a: Milotic\n|-damage|p2a: Milotic|0 fnt\n|-boost|p1a: Great Tusk|spe|1\n|faint|p2a: Milotic\n|\n|upkeep\n|\n|t:|1700325869\n|switch|p2a: Arboliva|Arboliva, M|100\/100\n|turn|3\n|\n|t:|1700325874\n|move|p1a: Great Tusk|Ice Spinner|p2a: Arboliva\n|-supereffective|p2a: Arboliva\n|-damage|p2a: Arboliva|13\/100\n|-fieldstart|move: Grassy Terrain|[from] ability: Seed Sower|[of] p2a: Arboliva\n|-fieldend|move: Grassy Terrain\n|move|p2a: Arboliva|Leech Seed|p1a: Great Tusk\n|-start|p1a: Great Tusk|move: Leech Seed\n|\n|-heal|p2a: Arboliva|19\/100|[from] item: Leftovers\n|-damage|p1a: Great Tusk|88\/100|[from] Leech Seed|[of] p2a: Arboliva\n|-heal|p2a: Arboliva|35\/100|[silent]\n|upkeep\n|turn|4\n|\n|t:|1700325884\n|move|p1a: Great Tusk|Ice Spinner|p2a: Arboliva\n|-supereffective|p2a: Arboliva\n|-damage|p2a: Arboliva|0 fnt\n|-fieldstart|move: Grassy Terrain|[from] ability: Seed Sower|[of] p2a: Arboliva\n|-fieldend|move: Grassy Terrain\n|faint|p2a: Arboliva\n|\n|upkeep\n|\n|t:|1700325897\n|switch|p2a: Goodra|Goodra-Hisui, M|100\/100\n|turn|5\n|\n|t:|1700325914\n|-terastallize|p1a: Great Tusk|Fighting\n|move|p1a: Great Tusk|Close Combat|p2a: Goodra\n|-supereffective|p2a: Goodra\n|-damage|p2a: Goodra|0 fnt\n|-unboost|p1a: Great Tusk|def|1\n|-unboost|p1a: Great Tusk|spd|1\n|-ability|p2a: Goodra|Gooey\n|-unboost|p1a: Great Tusk|spe|1\n|faint|p2a: Goodra\n|\n|upkeep\n|-message|jaimitts forfeited.\n|\n|win|blanket towel\n|raw|blanket towel's rating: 1026 &rarr; <strong>1068<\/strong><br \/>(+42 for winning)\n|raw|jaimitts's rating: 1088 &rarr; <strong>1061<\/strong><br \/>(-27 for losing)\n|l|\u2606jaimitts\n","uploadtime":1700325924,"views":8,"p1id":"blankettowel","p2id":"jaimitts","formatid":"gen9ou","rating":1061,"private":0,"password":""}