{"id":"gen9ou-1998210230","p1":"Glasshaus","p2":"mexicanpasta","format":"[Gen 9] OU","log":"|j|\u2606Glasshaus\n|j|\u2606mexicanpasta\n|inactive|Battle timer is ON: inactive players will automatically lose when time's up.\n|t:|1700913215\n|gametype|singles\n|player|p1|Glasshaus|maid|\n|player|p2|mexicanpasta|parasollady|\n|teamsize|p1|3\n|teamsize|p2|3\n|gen|9\n|tier|[Gen 9] OU\n|rated|Tournament battle\n|rule|Sleep Clause Mod: Limit one foe put to sleep\n|rule|Species Clause: Limit one of each Pok\u00e9mon\n|rule|OHKO Clause: OHKO moves are banned\n|rule|Evasion Items Clause: Evasion items are banned\n|rule|Evasion Moves Clause: Evasion moves are banned\n|rule|Endless Battle Clause: Forcing endless battles is banned\n|rule|HP Percentage Mod: HP is shown in percentages\n|clearpoke\n|poke|p1|Drifblim, F|\n|poke|p1|Cloyster, M|\n|poke|p1|Silicobra, M|\n|poke|p2|Sinistcha|\n|poke|p2|Morgrem, M|\n|poke|p2|Rillaboom, M|\n|teampreview\n|j|*Lady Monita \u2746\n|inactive|mexicanpasta also wants the timer to be on.\n|j| isaacvelles\n|c|\u2606Glasshaus|gl\n|c|\u2606mexicanpasta|you too\n|\n|t:|1700913233\n|start\n|switch|p1a: Cloyster|Cloyster, M|100\/100\n|switch|p2a: Morgrem|Morgrem, M|100\/100\n|turn|1\n|\n|t:|1700913237\n|switch|p1a: Silicobra|Silicobra, M|100\/100\n|move|p2a: Morgrem|Reflect|p2a: Morgrem\n|-sidestart|p2: mexicanpasta|Reflect\n|\n|upkeep\n|turn|2\n|\n|t:|1700913244\n|move|p2a: Morgrem|Parting Shot|p1a: Silicobra\n|-unboost|p1a: Silicobra|atk|1\n|-unboost|p1a: Silicobra|spa|1\n|\n|t:|1700913246\n|switch|p2a: Rillaboom|Rillaboom, M|100\/100|[from] Parting Shot\n|-fieldstart|move: Grassy Terrain|[from] ability: Grassy Surge|[of] p2a: Rillaboom\n|-enditem|p2a: Rillaboom|Grassy Seed\n|-boost|p2a: Rillaboom|def|1|[from] item: Grassy Seed\n|move|p1a: Silicobra|Stealth Rock|p2a: Rillaboom\n|-sidestart|p2: mexicanpasta|move: Stealth Rock\n|\n|upkeep\n|turn|3\n|j| Grrrryeah\n|\n|t:|1700913255\n|move|p2a: Rillaboom|Swords Dance|p2a: Rillaboom\n|-boost|p2a: Rillaboom|atk|2\n|move|p1a: Silicobra|Body Slam|p2a: Rillaboom\n|-damage|p2a: Rillaboom|96\/100\n|\n|-heal|p2a: Rillaboom|100\/100|[from] Grassy Terrain\n|upkeep\n|turn|4\n|c|\u2606Glasshaus|gg\n|\n|t:|1700913266\n|switch|p1a: Drifblim|Drifblim, F|100\/100\n|move|p2a: Rillaboom|Swords Dance|p2a: Rillaboom\n|-boost|p2a: Rillaboom|atk|2\n|\n|upkeep\n|turn|5\n|\n|t:|1700913272\n|move|p2a: Rillaboom|Acrobatics|p1a: Drifblim\n|-damage|p1a: Drifblim|0 fnt\n|faint|p1a: Drifblim\n|\n|upkeep\n|j| Oscarx90\n|l| Grrrryeah\n|c|\u2606mexicanpasta|gg\n|\n|t:|1700913277\n|switch|p1a: Cloyster|Cloyster, M|100\/100\n|turn|6\n|\n|t:|1700913282\n|-terastallize|p2a: Rillaboom|Fairy\n|-terastallize|p1a: Cloyster|Ice\n|move|p2a: Rillaboom|Grassy Glide|p1a: Cloyster\n|-damage|p1a: Cloyster|22\/100\n|move|p1a: Cloyster|Shell Smash|p1a: Cloyster\n|-unboost|p1a: Cloyster|def|1\n|-unboost|p1a: Cloyster|spd|1\n|-boost|p1a: Cloyster|atk|2\n|-boost|p1a: Cloyster|spa|2\n|-boost|p1a: Cloyster|spe|2\n|\n|-heal|p1a: Cloyster|28\/100|[from] Grassy Terrain\n|-fieldend|move: Grassy Terrain\n|upkeep\n|turn|7\n|l| isaacvelles\n|\n|t:|1700913295\n|switch|p2a: Morgrem|Morgrem, M|100\/100\n|-damage|p2a: Morgrem|88\/100|[from] Stealth Rock\n|move|p1a: Cloyster|Icicle Spear|p2a: Morgrem\n|-damage|p2a: Morgrem|57\/100\n|-crit|p2a: Morgrem\n|-damage|p2a: Morgrem|0 fnt\n|faint|p2a: Morgrem\n|-hitcount|p2: Morgrem|2\n|\n|upkeep\n|\n|t:|1700913305\n|switch|p2a: Rillaboom|Rillaboom, M, tera:Fairy|100\/100\n|-damage|p2a: Rillaboom|88\/100|[from] Stealth Rock\n|-fieldstart|move: Grassy Terrain|[from] ability: Grassy Surge|[of] p2a: Rillaboom\n|turn|8\n|\n|t:|1700913310\n|move|p2a: Rillaboom|Grassy Glide|p1a: Cloyster\n|-damage|p1a: Cloyster|0 fnt\n|faint|p1a: Cloyster\n|\n|-heal|p2a: Rillaboom|94\/100|[from] Grassy Terrain\n|-sideend|p2: mexicanpasta|Reflect\n|upkeep\n|l| Oscarx90\n|-message|Glasshaus forfeited.\n|\n|win|mexicanpasta\n|n|\u2606Glasshaus|glasshaus\n|n|\u2606mexicanpasta|mexicanpasta\n|n|*Lady Monita \u2746|ladymonita\n","uploadtime":1700913317,"views":1,"p1id":"glasshaus","p2id":"mexicanpasta","formatid":"gen9ou","rating":0,"private":0,"password":""}