{"id":"gen9ou-1996792441","p1":"Ouvt frfr","p2":"tryna cook","format":"[Gen 9] OU","log":"|j|\u2606Ouvt frfr\n|j|\u2606tryna cook\n|t:|1700726106\n|gametype|singles\n|player|p1|Ouvt frfr|dawn|1533\n|player|p2|tryna cook|acetrainersnowf|1485\n|teamsize|p1|6\n|teamsize|p2|6\n|gen|9\n|tier|[Gen 9] OU\n|rated|\n|rule|Sleep Clause Mod: Limit one foe put to sleep\n|rule|Species Clause: Limit one of each Pok\u00e9mon\n|rule|OHKO Clause: OHKO moves are banned\n|rule|Evasion Items Clause: Evasion items are banned\n|rule|Evasion Moves Clause: Evasion moves are banned\n|rule|Endless Battle Clause: Forcing endless battles is banned\n|rule|HP Percentage Mod: HP is shown in percentages\n|clearpoke\n|poke|p1|Clefable, M|\n|poke|p1|Gholdengo|\n|poke|p1|Cinderace, F|\n|poke|p1|Empoleon, F|\n|poke|p1|Landorus-Therian, M|\n|poke|p1|Ogerpon, F|\n|poke|p2|Cinderace, M|\n|poke|p2|Great Tusk|\n|poke|p2|Ogerpon-Cornerstone, F|\n|poke|p2|Garganacl, M|\n|poke|p2|Zapdos|\n|poke|p2|Slowking-Galar, F|\n|teampreview\n|inactive|Battle timer is ON: inactive players will automatically lose when time's up. (requested by Ouvt frfr)\n|\n|t:|1700726135\n|start\n|switch|p1a: Landorus|Landorus-Therian, M|100\/100\n|switch|p2a: Zapdos|Zapdos|100\/100\n|-ability|p1a: Landorus|Intimidate|boost\n|-unboost|p2a: Zapdos|atk|1\n|turn|1\n|\n|t:|1700726138\n|move|p1a: Landorus|Stealth Rock|p2a: Zapdos\n|-sidestart|p2: tryna cook|move: Stealth Rock\n|move|p2a: Zapdos|Hurricane|p1a: Landorus|[miss]\n|-miss|p2a: Zapdos|p1a: Landorus\n|\n|upkeep\n|turn|2\n|\n|t:|1700726150\n|switch|p1a: Clefable|Clefable, M|100\/100\n|move|p2a: Zapdos|Volt Switch|p1a: Clefable\n|-damage|p1a: Clefable|74\/100\n|\n|t:|1700726156\n|switch|p2a: Slowking|Slowking-Galar, F|100\/100|[from] Volt Switch\n|-damage|p2a: Slowking|88\/100|[from] Stealth Rock\n|\n|-heal|p1a: Clefable|80\/100|[from] item: Leftovers\n|-heal|p2a: Slowking|94\/100|[from] item: Leftovers\n|upkeep\n|turn|3\n|\n|t:|1700726167\n|switch|p1a: Gholdengo|Gholdengo|100\/100\n|move|p2a: Slowking|Future Sight|p1a: Gholdengo\n|-start|p2a: Slowking|move: Future Sight\n|\n|-heal|p2a: Slowking|99\/100|[from] item: Leftovers\n|upkeep\n|turn|4\n|\n|t:|1700726178\n|move|p1a: Gholdengo|Trick|p2a: Slowking\n|-activate|p1a: Gholdengo|move: Trick|[of] p2a: Slowking\n|-item|p2a: Slowking|Choice Scarf|[from] move: Trick\n|-item|p1a: Gholdengo|Leftovers|[from] move: Trick\n|move|p2a: Slowking|Flamethrower|p1a: Gholdengo\n|-supereffective|p1a: Gholdengo\n|-damage|p1a: Gholdengo|49\/100\n|\n|-heal|p1a: Gholdengo|55\/100|[from] item: Leftovers\n|upkeep\n|turn|5\n|\n|t:|1700726190\n|move|p1a: Gholdengo|Recover|p1a: Gholdengo\n|-heal|p1a: Gholdengo|100\/100\n|move|p2a: Slowking|Flamethrower|p1a: Gholdengo\n|-supereffective|p1a: Gholdengo\n|-damage|p1a: Gholdengo|50\/100\n|\n|-end|p1a: Gholdengo|move: Future Sight\n|-resisted|p1a: Gholdengo\n|-damage|p1a: Gholdengo|25\/100\n|-heal|p1a: Gholdengo|31\/100|[from] item: Leftovers\n|upkeep\n|turn|6\n|\n|t:|1700726198\n|switch|p1a: Empoleon|Empoleon, F|100\/100\n|move|p2a: Slowking|Flamethrower|p1a: Empoleon\n|-damage|p1a: Empoleon|86\/100\n|\n|upkeep\n|turn|7\n|\n|t:|1700726212\n|switch|p2a: Zapdos|Zapdos|100\/100\n|move|p1a: Empoleon|Ice Beam|p2a: Zapdos\n|-supereffective|p2a: Zapdos\n|-damage|p2a: Zapdos|54\/100\n|\n|upkeep\n|turn|8\n|\n|t:|1700726218\n|move|p2a: Zapdos|Roost|p2a: Zapdos\n|-heal|p2a: Zapdos|100\/100\n|-singleturn|p2a: Zapdos|move: Roost\n|move|p1a: Empoleon|Surf|p2a: Zapdos\n|-damage|p2a: Zapdos|67\/100\n|\n|upkeep\n|turn|9\n|\n|t:|1700726226\n|move|p2a: Zapdos|Volt Switch|p1a: Empoleon\n|-supereffective|p1a: Empoleon\n|-damage|p1a: Empoleon|48\/100\n|\n|t:|1700726228\n|switch|p2a: Slowking|Slowking-Galar, F|100\/100|[from] Volt Switch\n|-damage|p2a: Slowking|88\/100|[from] Stealth Rock\n|move|p1a: Empoleon|Ice Beam|p2a: Slowking\n|-damage|p2a: Slowking|75\/100\n|\n|upkeep\n|turn|10\n|\n|t:|1700726232\n|move|p1a: Empoleon|Roost|p1a: Empoleon\n|-heal|p1a: Empoleon|98\/100\n|-singleturn|p1a: Empoleon|move: Roost\n|move|p2a: Slowking|Chilly Reception|p2a: Slowking\n|-weather|Snow\n|\n|t:|1700726238\n|switch|p2a: Garganacl|Garganacl, M|100\/100|[from] Chilly Reception\n|-damage|p2a: Garganacl|88\/100|[from] Stealth Rock\n|\n|-weather|Snow|[upkeep]\n|-heal|p2a: Garganacl|94\/100|[from] item: Leftovers\n|upkeep\n|turn|11\n|\n|t:|1700726248\n|switch|p1a: Clefable|Clefable, M|80\/100\n|move|p2a: Garganacl|Salt Cure|p1a: Clefable\n|-damage|p1a: Clefable|68\/100\n|-start|p1a: Clefable|Salt Cure\n|\n|-weather|Snow|[upkeep]\n|-heal|p1a: Clefable|74\/100|[from] item: Leftovers\n|-heal|p2a: Garganacl|100\/100|[from] item: Leftovers\n|upkeep\n|turn|12\n|\n|t:|1700726254\n|switch|p2a: Slowking|Slowking-Galar, F|100\/100\n|-damage|p2a: Slowking|88\/100|[from] Stealth Rock\n|move|p1a: Clefable|Wish|p1a: Clefable\n|\n|-weather|Snow|[upkeep]\n|-heal|p1a: Clefable|80\/100|[from] item: Leftovers\n|upkeep\n|turn|13\n|\n|t:|1700726260\n|switch|p1a: Gholdengo|Gholdengo|31\/100\n|move|p2a: Slowking|Flamethrower|p1a: Gholdengo\n|-supereffective|p1a: Gholdengo\n|-damage|p1a: Gholdengo|0 fnt\n|faint|p1a: Gholdengo\n|\n|-weather|Snow|[upkeep]\n|upkeep\n|\n|t:|1700726271\n|switch|p1a: Empoleon|Empoleon, F|98\/100\n|turn|14\n|\n|t:|1700726274\n|move|p1a: Empoleon|Ice Beam|p2a: Slowking\n|-damage|p2a: Slowking|74\/100\n|move|p2a: Slowking|Flamethrower|p1a: Empoleon\n|-damage|p1a: Empoleon|84\/100\n|\n|-weather|none\n|upkeep\n|turn|15\n|\n|t:|1700726281\n|switch|p2a: Zapdos|Zapdos|67\/100\n|move|p1a: Empoleon|Ice Beam|p2a: Zapdos\n|-supereffective|p2a: Zapdos\n|-damage|p2a: Zapdos|21\/100\n|\n|upkeep\n|turn|16\n|\n|t:|1700726285\n|move|p2a: Zapdos|Roost|p2a: Zapdos\n|-heal|p2a: Zapdos|71\/100\n|-singleturn|p2a: Zapdos|move: Roost\n|move|p1a: Empoleon|Ice Beam|p2a: Zapdos\n|-damage|p2a: Zapdos|47\/100\n|-status|p2a: Zapdos|frz\n|\n|upkeep\n|turn|17\n|\n|t:|1700726288\n|switch|p2a: Slowking|Slowking-Galar, F|100\/100\n|-damage|p2a: Slowking|88\/100|[from] Stealth Rock\n|move|p1a: Empoleon|Ice Beam|p2a: Slowking\n|-damage|p2a: Slowking|75\/100\n|\n|upkeep\n|turn|18\n|\n|t:|1700726296\n|move|p1a: Empoleon|Ice Beam|p2a: Slowking\n|-damage|p2a: Slowking|62\/100\n|move|p2a: Slowking|Chilly Reception|p2a: Slowking\n|-weather|Snow\n|\n|t:|1700726317\n|switch|p2a: Ogerpon|Ogerpon-Cornerstone, F|100\/100|[from] Chilly Reception\n|-damage|p2a: Ogerpon|88\/100|[from] Stealth Rock\n|\n|-weather|Snow|[upkeep]\n|upkeep\n|turn|19\n|\n|t:|1700726324\n|switch|p1a: Landorus|Landorus-Therian, M|100\/100\n|-ability|p1a: Landorus|Intimidate|boost\n|-unboost|p2a: Ogerpon|atk|1\n|move|p2a: Ogerpon|Power Whip|p1a: Landorus\n|-damage|p1a: Landorus|57\/100\n|-damage|p2a: Ogerpon|72\/100|[from] item: Rocky Helmet|[of] p1a: Landorus\n|\n|-weather|Snow|[upkeep]\n|upkeep\n|turn|20\n|\n|t:|1700726330\n|switch|p2a: Zapdos|Zapdos|47\/100 frz\n|move|p1a: Landorus|U-turn|p2a: Zapdos\n|-resisted|p2a: Zapdos\n|-damage|p2a: Zapdos|39\/100 frz\n|\n|t:|1700726335\n|switch|p1a: Cinderace|Cinderace, F|100\/100|[from] U-turn\n|\n|-weather|Snow|[upkeep]\n|upkeep\n|turn|21\n|\n|t:|1700726343\n|switch|p2a: Great Tusk|Great Tusk|100\/100\n|-damage|p2a: Great Tusk|98\/100|[from] Stealth Rock\n|move|p1a: Cinderace|Pyro Ball|p2a: Great Tusk\n|-damage|p2a: Great Tusk|69\/100\n|\n|-weather|Snow|[upkeep]\n|-heal|p2a: Great Tusk|75\/100|[from] item: Leftovers\n|upkeep\n|turn|22\n|\n|t:|1700726346\n|move|p1a: Cinderace|Will-O-Wisp|p2a: Great Tusk|[miss]\n|-miss|p1a: Cinderace|p2a: Great Tusk\n|move|p2a: Great Tusk|Rapid Spin|p1a: Cinderace\n|-damage|p1a: Cinderace|83\/100\n|-boost|p2a: Great Tusk|spe|1\n|-sideend|p2: tryna cook|Stealth Rock|[from] move: Rapid Spin|[of] p2a: Great Tusk\n|\n|-weather|none\n|-heal|p2a: Great Tusk|82\/100|[from] item: Leftovers\n|upkeep\n|turn|23\n|\n|t:|1700726352\n|switch|p1a: Landorus|Landorus-Therian, M|57\/100\n|-ability|p1a: Landorus|Intimidate|boost\n|-unboost|p2a: Great Tusk|atk|1\n|move|p2a: Great Tusk|Headlong Rush|p1a: Landorus\n|-immune|p1a: Landorus\n|\n|-heal|p2a: Great Tusk|88\/100|[from] item: Leftovers\n|upkeep\n|turn|24\n|\n|t:|1700726361\n|switch|p1a: Clefable|Clefable, M|80\/100\n|move|p2a: Great Tusk|Ice Spinner|p1a: Clefable\n|-damage|p1a: Clefable|69\/100\n|\n|-heal|p2a: Great Tusk|94\/100|[from] item: Leftovers\n|-heal|p1a: Clefable|75\/100|[from] item: Leftovers\n|upkeep\n|turn|25\n|\n|t:|1700726373\n|-end|p2a: Great Tusk|Protosynthesis|[silent]\n|switch|p2a: Slowking|Slowking-Galar, F|95\/100\n|move|p1a: Clefable|Wish|p1a: Clefable\n|\n|-heal|p1a: Clefable|81\/100|[from] item: Leftovers\n|upkeep\n|turn|26\n|\n|t:|1700726379\n|switch|p1a: Landorus|Landorus-Therian, M|57\/100\n|-ability|p1a: Landorus|Intimidate|boost\n|-unboost|p2a: Slowking|atk|1\n|move|p2a: Slowking|Sludge Bomb|p1a: Landorus\n|-resisted|p1a: Landorus\n|-crit|p1a: Landorus\n|-damage|p1a: Landorus|31\/100\n|\n|-heal|p1a: Landorus|83\/100|[from] move: Wish|[wisher] Clefable\n|upkeep\n|turn|27\n|\n|t:|1700726384\n|switch|p2a: Zapdos|Zapdos|39\/100 frz\n|move|p1a: Landorus|Stealth Rock|p2a: Zapdos\n|-sidestart|p2: tryna cook|move: Stealth Rock\n|\n|upkeep\n|turn|28\n|\n|t:|1700726390\n|move|p1a: Landorus|Taunt|p2a: Zapdos\n|-start|p2a: Zapdos|move: Taunt\n|cant|p2a: Zapdos|frz\n|\n|upkeep\n|turn|29\n|\n|t:|1700726395\n|switch|p1a: Cinderace|Cinderace, F|83\/100\n|cant|p2a: Zapdos|frz\n|\n|upkeep\n|turn|30\n|\n|t:|1700726406\n|-terastallize|p2a: Zapdos|Dragon\n|move|p1a: Cinderace|Pyro Ball|p2a: Zapdos\n|-resisted|p2a: Zapdos\n|-damage|p2a: Zapdos|22\/100 frz\n|-curestatus|p2a: Zapdos|frz|[msg]\n|move|p2a: Zapdos|Volt Switch|p1a: Cinderace\n|-damage|p1a: Cinderace|50\/100\n|\n|t:|1700726418\n|switch|p2a: Garganacl|Garganacl, M|100\/100|[from] Volt Switch\n|-damage|p2a: Garganacl|88\/100|[from] Stealth Rock\n|\n|-heal|p2a: Garganacl|94\/100|[from] item: Leftovers\n|upkeep\n|turn|31\n|\n|t:|1700726422\n|move|p1a: Cinderace|U-turn|p2a: Garganacl\n|-damage|p2a: Garganacl|81\/100\n|\n|t:|1700726424\n|switch|p1a: Clefable|Clefable, M|81\/100|[from] U-turn\n|move|p2a: Garganacl|Iron Defense|p2a: Garganacl\n|-boost|p2a: Garganacl|def|2\n|\n|-heal|p1a: Clefable|87\/100|[from] item: Leftovers\n|-heal|p2a: Garganacl|87\/100|[from] item: Leftovers\n|upkeep\n|turn|32\n|\n|t:|1700726429\n|move|p1a: Clefable|Moonblast|p2a: Garganacl\n|-damage|p2a: Garganacl|66\/100\n|move|p2a: Garganacl|Body Press|p1a: Clefable\n|-resisted|p1a: Clefable\n|-damage|p1a: Clefable|69\/100\n|\n|-heal|p1a: Clefable|75\/100|[from] item: Leftovers\n|-heal|p2a: Garganacl|72\/100|[from] item: Leftovers\n|upkeep\n|turn|33\n|\n|t:|1700726434\n|move|p1a: Clefable|Moonblast|p2a: Garganacl\n|-damage|p2a: Garganacl|51\/100\n|-unboost|p2a: Garganacl|spa|1\n|move|p2a: Garganacl|Iron Defense|p2a: Garganacl\n|-boost|p2a: Garganacl|def|2\n|\n|-heal|p1a: Clefable|81\/100|[from] item: Leftovers\n|-heal|p2a: Garganacl|57\/100|[from] item: Leftovers\n|upkeep\n|turn|34\n|\n|t:|1700726438\n|move|p1a: Clefable|Wish|p1a: Clefable\n|move|p2a: Garganacl|Body Press|p1a: Clefable\n|-resisted|p1a: Clefable\n|-damage|p1a: Clefable|52\/100\n|\n|-heal|p1a: Clefable|58\/100|[from] item: Leftovers\n|-heal|p2a: Garganacl|63\/100|[from] item: Leftovers\n|upkeep\n|turn|35\n|\n|t:|1700726440\n|move|p1a: Clefable|Knock Off|p2a: Garganacl\n|-damage|p2a: Garganacl|60\/100\n|-enditem|p2a: Garganacl|Leftovers|[from] move: Knock Off|[of] p1a: Clefable\n|move|p2a: Garganacl|Recover|p2a: Garganacl\n|-heal|p2a: Garganacl|100\/100\n|\n|-heal|p1a: Clefable|100\/100|[from] move: Wish|[wisher] Clefable\n|upkeep\n|turn|36\n|\n|t:|1700726444\n|move|p1a: Clefable|Moonblast|p2a: Garganacl\n|-damage|p2a: Garganacl|80\/100\n|move|p2a: Garganacl|Iron Defense|p2a: Garganacl\n|-boost|p2a: Garganacl|def|2\n|\n|upkeep\n|turn|37\n|\n|t:|1700726449\n|move|p1a: Clefable|Protect|p1a: Clefable\n|-singleturn|p1a: Clefable|Protect\n|move|p2a: Garganacl|Body Press|p1a: Clefable\n|-activate|p1a: Clefable|move: Protect\n|\n|upkeep\n|turn|38\n|\n|t:|1700726453\n|move|p1a: Clefable|Moonblast|p2a: Garganacl\n|-damage|p2a: Garganacl|60\/100\n|move|p2a: Garganacl|Body Press|p1a: Clefable\n|-resisted|p1a: Clefable\n|-damage|p1a: Clefable|63\/100\n|\n|-heal|p1a: Clefable|70\/100|[from] item: Leftovers\n|upkeep\n|turn|39\n|\n|t:|1700726458\n|move|p1a: Clefable|Protect|p1a: Clefable\n|-singleturn|p1a: Clefable|Protect\n|move|p2a: Garganacl|Recover|p2a: Garganacl\n|-heal|p2a: Garganacl|100\/100\n|\n|-heal|p1a: Clefable|76\/100|[from] item: Leftovers\n|upkeep\n|turn|40\n|\n|t:|1700726465\n|switch|p2a: Slowking|Slowking-Galar, F|100\/100\n|-damage|p2a: Slowking|88\/100|[from] Stealth Rock\n|move|p1a: Clefable|Wish|p1a: Clefable\n|\n|-heal|p1a: Clefable|82\/100|[from] item: Leftovers\n|upkeep\n|turn|41\n|\n|t:|1700726477\n|switch|p1a: Cinderace|Cinderace, F|50\/100\n|move|p2a: Slowking|Chilly Reception|p2a: Slowking\n|-weather|Snow\n|\n|t:|1700726482\n|switch|p2a: Zapdos|Zapdos, tera:Dragon|22\/100|[from] Chilly Reception\n|\n|-weather|Snow|[upkeep]\n|-heal|p1a: Cinderace|100\/100|[from] move: Wish|[wisher] Clefable\n|upkeep\n|turn|42\n|\n|t:|1700726491\n|-terastallize|p1a: Cinderace|Fire\n|move|p1a: Cinderace|Pyro Ball|p2a: Zapdos\n|-resisted|p2a: Zapdos\n|-damage|p2a: Zapdos|1\/100\n|move|p2a: Zapdos|Roost|p2a: Zapdos\n|-heal|p2a: Zapdos|51\/100\n|\n|-weather|Snow|[upkeep]\n|upkeep\n|turn|43\n|\n|t:|1700726502\n|move|p1a: Cinderace|Pyro Ball|p2a: Zapdos\n|-resisted|p2a: Zapdos\n|-damage|p2a: Zapdos|27\/100\n|move|p2a: Zapdos|Roost|p2a: Zapdos\n|-heal|p2a: Zapdos|77\/100\n|\n|-weather|Snow|[upkeep]\n|upkeep\n|turn|44\n|\n|t:|1700726507\n|move|p1a: Cinderace|Will-O-Wisp|p2a: Zapdos\n|-status|p2a: Zapdos|brn\n|move|p2a: Zapdos|Thunder Wave|p1a: Cinderace\n|-status|p1a: Cinderace|par\n|\n|-weather|Snow|[upkeep]\n|-damage|p2a: Zapdos|71\/100 brn|[from] brn\n|upkeep\n|turn|45\n|\n|t:|1700726514\n|switch|p2a: Cinderace|Cinderace, M|100\/100\n|move|p1a: Cinderace|U-turn|p2a: Cinderace\n|-resisted|p2a: Cinderace\n|-damage|p2a: Cinderace|90\/100\n|\n|t:|1700726518\n|switch|p1a: Landorus|Landorus-Therian, M|83\/100|[from] U-turn\n|-ability|p1a: Landorus|Intimidate|boost\n|-unboost|p2a: Cinderace|atk|1\n|\n|-weather|none\n|upkeep\n|turn|46\n|\n|t:|1700726523\n|switch|p2a: Great Tusk|Great Tusk|94\/100\n|-damage|p2a: Great Tusk|91\/100|[from] Stealth Rock\n|move|p1a: Landorus|Earthquake|p2a: Great Tusk\n|-crit|p2a: Great Tusk\n|-damage|p2a: Great Tusk|50\/100\n|\n|-heal|p2a: Great Tusk|56\/100|[from] item: Leftovers\n|upkeep\n|turn|47\n|\n|t:|1700726527\n|move|p1a: Landorus|Earthquake|p2a: Great Tusk\n|-damage|p2a: Great Tusk|28\/100\n|move|p2a: Great Tusk|Rapid Spin|p1a: Landorus\n|-damage|p1a: Landorus|70\/100\n|-boost|p2a: Great Tusk|spe|1\n|-damage|p2a: Great Tusk|11\/100|[from] item: Rocky Helmet|[of] p1a: Landorus\n|-sideend|p2: tryna cook|Stealth Rock|[from] move: Rapid Spin|[of] p2a: Great Tusk\n|\n|-heal|p2a: Great Tusk|18\/100|[from] item: Leftovers\n|upkeep\n|turn|48\n|\n|t:|1700726538\n|switch|p1a: Clefable|Clefable, M|82\/100\n|move|p2a: Great Tusk|Bulk Up|p2a: Great Tusk\n|-boost|p2a: Great Tusk|atk|1\n|-boost|p2a: Great Tusk|def|1\n|\n|-heal|p2a: Great Tusk|24\/100|[from] item: Leftovers\n|-heal|p1a: Clefable|88\/100|[from] item: Leftovers\n|upkeep\n|turn|49\n|\n|t:|1700726542\n|move|p2a: Great Tusk|Headlong Rush|p1a: Clefable\n|-damage|p1a: Clefable|24\/100\n|-unboost|p2a: Great Tusk|def|1\n|-unboost|p2a: Great Tusk|spd|1\n|move|p1a: Clefable|Moonblast|p2a: Great Tusk\n|-supereffective|p2a: Great Tusk\n|-damage|p2a: Great Tusk|0 fnt\n|faint|p2a: Great Tusk\n|-end|p2a: Great Tusk|Protosynthesis|[silent]\n|\n|-heal|p1a: Clefable|30\/100|[from] item: Leftovers\n|upkeep\n|\n|t:|1700726547\n|switch|p2a: Ogerpon|Ogerpon-Cornerstone, F|72\/100\n|turn|50\n|\n|t:|1700726552\n|switch|p1a: Landorus|Landorus-Therian, M|70\/100\n|-ability|p1a: Landorus|Intimidate|boost\n|-unboost|p2a: Ogerpon|atk|1\n|move|p2a: Ogerpon|Ivy Cudgel|p1a: Landorus|[anim] Ivy Cudgel Rock\n|-damage|p1a: Landorus|34\/100\n|\n|upkeep\n|turn|51\n|\n|t:|1700726561\n|move|p2a: Ogerpon|Ivy Cudgel|p1a: Landorus|[anim] Ivy Cudgel Rock\n|-damage|p1a: Landorus|0 fnt\n|faint|p1a: Landorus\n|\n|upkeep\n|\n|t:|1700726563\n|switch|p1a: Ogerpon|Ogerpon, F|100\/100\n|turn|52\n|\n|t:|1700726571\n|move|p1a: Ogerpon|Knock Off|p2a: Ogerpon\n|-damage|p2a: Ogerpon|45\/100\n|move|p2a: Ogerpon|Ivy Cudgel|p1a: Ogerpon|[anim] Ivy Cudgel Rock\n|-damage|p1a: Ogerpon|52\/100\n|\n|upkeep\n|turn|53\n|\n|t:|1700726577\n|switch|p1a: Empoleon|Empoleon, F|84\/100\n|switch|p2a: Zapdos|Zapdos, tera:Dragon|71\/100 brn\n|\n|-damage|p2a: Zapdos|65\/100 brn|[from] brn\n|upkeep\n|turn|54\n|\n|t:|1700726580\n|move|p2a: Zapdos|Volt Switch|p1a: Empoleon\n|-supereffective|p1a: Empoleon\n|-damage|p1a: Empoleon|43\/100\n|\n|t:|1700726584\n|switch|p2a: Slowking|Slowking-Galar, F|100\/100|[from] Volt Switch\n|move|p1a: Empoleon|Ice Beam|p2a: Slowking\n|-damage|p2a: Slowking|88\/100\n|\n|upkeep\n|turn|55\n|\n|t:|1700726591\n|move|p1a: Empoleon|Ice Beam|p2a: Slowking\n|-damage|p2a: Slowking|73\/100\n|move|p2a: Slowking|Chilly Reception|p2a: Slowking\n|-weather|Snow\n|\n|t:|1700726595\n|switch|p2a: Ogerpon|Ogerpon-Cornerstone, F|45\/100|[from] Chilly Reception\n|\n|-weather|Snow|[upkeep]\n|upkeep\n|turn|56\n|\n|t:|1700726599\n|switch|p1a: Cinderace|Cinderace, F, tera:Fire|100\/100 par\n|move|p2a: Ogerpon|Power Whip|p1a: Cinderace\n|-resisted|p1a: Cinderace\n|-damage|p1a: Cinderace|60\/100 par\n|\n|-weather|Snow|[upkeep]\n|upkeep\n|turn|57\n|\n|t:|1700726602\n|move|p2a: Ogerpon|Ivy Cudgel|p1a: Cinderace|[anim] Ivy Cudgel Rock\n|-supereffective|p1a: Cinderace\n|-damage|p1a: Cinderace|0 fnt\n|faint|p1a: Cinderace\n|\n|-weather|Snow|[upkeep]\n|upkeep\n|\n|t:|1700726604\n|switch|p1a: Ogerpon|Ogerpon, F|52\/100\n|turn|58\n|\n|t:|1700726607\n|switch|p2a: Zapdos|Zapdos, tera:Dragon|65\/100 brn\n|move|p1a: Ogerpon|U-turn|p2a: Zapdos\n|-damage|p2a: Zapdos|47\/100 brn\n|-status|p1a: Ogerpon|par|[from] ability: Static|[of] p2a: Zapdos\n|\n|t:|1700726612\n|switch|p1a: Clefable|Clefable, M|30\/100|[from] U-turn\n|\n|-weather|Snow|[upkeep]\n|-heal|p1a: Clefable|36\/100|[from] item: Leftovers\n|-damage|p2a: Zapdos|41\/100 brn|[from] brn\n|upkeep\n|turn|59\n|\n|t:|1700726615\n|move|p2a: Zapdos|Hurricane|p1a: Clefable\n|-damage|p1a: Clefable|0 fnt\n|faint|p1a: Clefable\n|\n|-weather|none\n|-damage|p2a: Zapdos|35\/100 brn|[from] brn\n|upkeep\n|-message|Ouvt frfr forfeited.\n|\n|win|tryna cook\n|raw|Ouvt frfr's rating: 1533 &rarr; <strong>1511<\/strong><br \/>(-22 for losing)\n|raw|tryna cook's rating: 1502 &rarr; <strong>1524<\/strong><br \/>(+22 for winning)\n","uploadtime":1700726623,"views":4,"p1id":"ouvtfrfr","p2id":"trynacook","formatid":"gen9ou","rating":1511,"private":0,"password":""}