{"id":"gen9ou-1995187536","p1":"Leohard","p2":"yellowy light","format":"[Gen 9] OU","log":"|j|\u2606Leohard\n|j|\u2606yellowy light\n|t:|1700532402\n|gametype|singles\n|player|p1|Leohard|nate|1322\n|player|p2|yellowy light|zinnia|1344\n|teamsize|p1|6\n|teamsize|p2|6\n|gen|9\n|tier|[Gen 9] OU\n|rated|\n|rule|Sleep Clause Mod: Limit one foe put to sleep\n|rule|Species Clause: Limit one of each Pok\u00e9mon\n|rule|OHKO Clause: OHKO moves are banned\n|rule|Evasion Items Clause: Evasion items are banned\n|rule|Evasion Moves Clause: Evasion moves are banned\n|rule|Endless Battle Clause: Forcing endless battles is banned\n|rule|HP Percentage Mod: HP is shown in percentages\n|clearpoke\n|poke|p1|Gholdengo|\n|poke|p1|Iron Valiant|\n|poke|p1|Clefable, M|\n|poke|p1|Clodsire, F|\n|poke|p1|Skeledirge, M|\n|poke|p1|Corviknight, M|\n|poke|p2|Torkoal, M|\n|poke|p2|Walking Wake|\n|poke|p2|Great Tusk|\n|poke|p2|Ceruledge, F|\n|poke|p2|Kingambit, F|\n|poke|p2|Enamorus, F|\n|teampreview\n|inactive|Battle timer is ON: inactive players will automatically lose when time's up. (requested by Leohard)\n|\n|t:|1700532408\n|start\n|switch|p1a: Clodsire|Clodsire, F|100\/100\n|switch|p2a: Torkoal|Torkoal, M, shiny|100\/100\n|-weather|SunnyDay|[from] ability: Drought|[of] p2a: Torkoal\n|turn|1\n|\n|t:|1700532417\n|move|p1a: Clodsire|Spikes|p2a: Torkoal\n|-sidestart|p2: yellowy light|Spikes\n|move|p2a: Torkoal|Stealth Rock|p1a: Clodsire\n|-sidestart|p1: Leohard|move: Stealth Rock\n|\n|-weather|SunnyDay|[upkeep]\n|upkeep\n|turn|2\n|\n|t:|1700532428\n|move|p1a: Clodsire|Toxic|p2a: Torkoal\n|-status|p2a: Torkoal|tox\n|move|p2a: Torkoal|Rapid Spin|p1a: Clodsire\n|-damage|p1a: Clodsire|91\/100\n|-boost|p2a: Torkoal|spe|1\n|-sideend|p2: yellowy light|Spikes|[from] move: Rapid Spin|[of] p2a: Torkoal\n|\n|-weather|SunnyDay|[upkeep]\n|-damage|p2a: Torkoal|94\/100 tox|[from] psn\n|upkeep\n|turn|3\n|\n|t:|1700532442\n|switch|p2a: Great Tusk|Great Tusk|100\/100\n|-activate|p2a: Great Tusk|ability: Protosynthesis\n|-start|p2a: Great Tusk|protosynthesisspe\n|move|p1a: Clodsire|Toxic|p2a: Great Tusk\n|-status|p2a: Great Tusk|tox\n|\n|-weather|SunnyDay|[upkeep]\n|-damage|p2a: Great Tusk|94\/100 tox|[from] psn\n|upkeep\n|turn|4\n|\n|t:|1700532455\n|switch|p1a: Corviknight|Corviknight, M|100\/100\n|-damage|p1a: Corviknight|88\/100|[from] Stealth Rock\n|-ability|p1a: Corviknight|Pressure\n|move|p2a: Great Tusk|Bulk Up|p2a: Great Tusk\n|-boost|p2a: Great Tusk|atk|1\n|-boost|p2a: Great Tusk|def|1\n|\n|-weather|SunnyDay|[upkeep]\n|-heal|p1a: Corviknight|94\/100|[from] item: Leftovers\n|-damage|p2a: Great Tusk|82\/100 tox|[from] psn\n|upkeep\n|turn|5\n|\n|t:|1700532466\n|-end|p2a: Great Tusk|Protosynthesis|[silent]\n|switch|p2a: Enamorus|Enamorus, F|100\/100\n|move|p1a: Corviknight|Iron Defense|p1a: Corviknight\n|-boost|p1a: Corviknight|def|2\n|\n|-weather|SunnyDay|[upkeep]\n|-heal|p1a: Corviknight|99\/100|[from] item: Leftovers\n|upkeep\n|turn|6\n|\n|t:|1700532475\n|switch|p1a: Clodsire|Clodsire, F|91\/100\n|move|p2a: Enamorus|Mystical Fire|p1a: Clodsire\n|-damage|p1a: Clodsire|67\/100\n|-unboost|p1a: Clodsire|spa|1\n|\n|-weather|SunnyDay|[upkeep]\n|upkeep\n|turn|7\n|\n|t:|1700532487\n|switch|p2a: Kingambit|Kingambit, F|100\/100\n|move|p1a: Clodsire|Recover|p1a: Clodsire\n|-heal|p1a: Clodsire|100\/100\n|\n|-weather|SunnyDay|[upkeep]\n|upkeep\n|turn|8\n|\n|t:|1700532502\n|switch|p1a: Iron Valiant|Iron Valiant|100\/100\n|move|p2a: Kingambit|Iron Head|p1a: Iron Valiant\n|-supereffective|p1a: Iron Valiant\n|-damage|p1a: Iron Valiant|0 fnt\n|faint|p1a: Iron Valiant\n|-end|p1a: Iron Valiant|Quark Drive|[silent]\n|\n|-weather|none\n|upkeep\n|\n|t:|1700532515\n|switch|p1a: Corviknight|Corviknight, M|99\/100\n|-damage|p1a: Corviknight|88\/100|[from] Stealth Rock\n|-ability|p1a: Corviknight|Pressure\n|turn|9\n|\n|t:|1700532520\n|-end|p2a: Kingambit|fallenundefined|[silent]\n|switch|p2a: Enamorus|Enamorus, F|100\/100\n|move|p1a: Corviknight|Body Press|p2a: Enamorus\n|-resisted|p2a: Enamorus\n|-damage|p2a: Enamorus|89\/100\n|\n|-heal|p1a: Corviknight|94\/100|[from] item: Leftovers\n|upkeep\n|turn|10\n|-message|Leohard forfeited.\n|\n|win|yellowy light\n|raw|Leohard's rating: 1322 &rarr; <strong>1303<\/strong><br \/>(-19 for losing)\n|raw|yellowy light's rating: 1344 &rarr; <strong>1363<\/strong><br \/>(+19 for winning)\n|l|\u2606Leohard\n","uploadtime":1700532531,"views":8,"p1id":"leohard","p2id":"yellowylight","formatid":"gen9ou","rating":1303,"private":0,"password":""}