{"id":"gen9ou-1997263980","p1":"Ballzgoingdown","p2":"braker89","format":"[Gen 9] OU","log":"|j|\u2606Ballzgoingdown\n|j|\u2606braker89\n|t:|1700782054\n|gametype|singles\n|player|p1|Ballzgoingdown|shadowtriad|1120\n|player|p2|braker89|musician|1155\n|teamsize|p1|6\n|teamsize|p2|6\n|gen|9\n|tier|[Gen 9] OU\n|rated|\n|rule|Sleep Clause Mod: Limit one foe put to sleep\n|rule|Species Clause: Limit one of each Pok\u00e9mon\n|rule|OHKO Clause: OHKO moves are banned\n|rule|Evasion Items Clause: Evasion items are banned\n|rule|Evasion Moves Clause: Evasion moves are banned\n|rule|Endless Battle Clause: Forcing endless battles is banned\n|rule|HP Percentage Mod: HP is shown in percentages\n|clearpoke\n|poke|p1|Zamazenta-*|\n|poke|p1|Corviknight, F|\n|poke|p1|Ceruledge, M|\n|poke|p1|Landorus-Therian, M|\n|poke|p1|Ogerpon-Wellspring, F|\n|poke|p1|Gholdengo|\n|poke|p2|Gholdengo|\n|poke|p2|Cinderace, M|\n|poke|p2|Dondozo, F|\n|poke|p2|Corviknight, M|\n|poke|p2|Garchomp, F|\n|poke|p2|Amoonguss, M|\n|teampreview\n|inactive|Battle timer is ON: inactive players will automatically lose when time's up. (requested by Ballzgoingdown)\n|\n|t:|1700782062\n|start\n|switch|p1a: Landorus|Landorus-Therian, M|100\/100\n|switch|p2a: Gholdengo|Gholdengo|100\/100\n|-ability|p1a: Landorus|Intimidate|boost\n|-unboost|p2a: Gholdengo|atk|1\n|turn|1\n|\n|t:|1700782072\n|-terastallize|p2a: Gholdengo|Fighting\n|move|p1a: Landorus|Crunch|p2a: Gholdengo\n|-resisted|p2a: Gholdengo\n|-damage|p2a: Gholdengo|84\/100\n|-unboost|p2a: Gholdengo|def|1\n|move|p2a: Gholdengo|Trick|p1a: Landorus\n|-activate|p2a: Gholdengo|move: Trick|[of] p1a: Landorus\n|-item|p1a: Landorus|Choice Scarf|[from] move: Trick\n|-item|p2a: Gholdengo|Choice Scarf|[from] move: Trick\n|\n|upkeep\n|turn|2\n|\n|t:|1700782084\n|switch|p2a: Garchomp|Garchomp, F|100\/100\n|move|p1a: Landorus|Earthquake|p2a: Garchomp\n|-damage|p2a: Garchomp|48\/100\n|\n|upkeep\n|turn|3\n|\n|t:|1700782094\n|switch|p2a: Corviknight|Corviknight, M|100\/100\n|-ability|p2a: Corviknight|Pressure\n|move|p1a: Landorus|Earthquake|p2a: Corviknight\n|-immune|p2a: Corviknight\n|\n|upkeep\n|turn|4\n|\n|t:|1700782106\n|switch|p1a: Ceruledge|Ceruledge, M|100\/100\n|move|p2a: Corviknight|U-turn|p1a: Ceruledge\n|-resisted|p1a: Ceruledge\n|-damage|p1a: Ceruledge|95\/100\n|-ability|p1a: Ceruledge|Weak Armor|boost\n|-unboost|p1a: Ceruledge|def|1\n|-boost|p1a: Ceruledge|spe|2\n|\n|t:|1700782115\n|switch|p2a: Dondozo|Dondozo, F|100\/100|[from] U-turn\n|\n|upkeep\n|turn|5\n|\n|t:|1700782119\n|switch|p1a: Ogerpon|Ogerpon-Wellspring, F|100\/100\n|move|p2a: Dondozo|Curse|p2a: Dondozo\n|-unboost|p2a: Dondozo|spe|1\n|-boost|p2a: Dondozo|atk|1\n|-boost|p2a: Dondozo|def|1\n|\n|upkeep\n|turn|6\n|\n|t:|1700782138\n|switch|p2a: Amoonguss|Amoonguss, M|100\/100\n|move|p1a: Ogerpon|Swords Dance|p1a: Ogerpon\n|-boost|p1a: Ogerpon|atk|2\n|\n|upkeep\n|turn|7\n|\n|t:|1700782165\n|move|p1a: Ogerpon|Stomping Tantrum|p2a: Amoonguss\n|-damage|p2a: Amoonguss|41\/100\n|move|p2a: Amoonguss|Toxic|p1a: Ogerpon\n|-status|p1a: Ogerpon|tox\n|\n|-heal|p2a: Amoonguss|47\/100|[from] item: Leftovers\n|-damage|p1a: Ogerpon|95\/100 tox|[from] psn\n|upkeep\n|turn|8\n|\n|t:|1700782173\n|move|p2a: Amoonguss|Protect|p2a: Amoonguss\n|-singleturn|p2a: Amoonguss|Protect\n|move|p1a: Ogerpon|Stomping Tantrum|p2a: Amoonguss\n|-activate|p2a: Amoonguss|move: Protect\n|\n|-heal|p2a: Amoonguss|53\/100|[from] item: Leftovers\n|-damage|p1a: Ogerpon|83\/100 tox|[from] psn\n|upkeep\n|turn|9\n|\n|t:|1700782189\n|switch|p1a: Ceruledge|Ceruledge, M|95\/100\n|switch|p2a: Corviknight|Corviknight, M|100\/100\n|-ability|p2a: Corviknight|Pressure\n|\n|upkeep\n|turn|10\n|\n|t:|1700782200\n|switch|p2a: Dondozo|Dondozo, F|100\/100\n|move|p1a: Ceruledge|Bitter Blade|p2a: Dondozo\n|-resisted|p2a: Dondozo\n|-damage|p2a: Dondozo|83\/100\n|-heal|p1a: Ceruledge|100\/100|[from] drain|[of] p2a: Dondozo\n|-damage|p1a: Ceruledge|84\/100|[from] item: Rocky Helmet|[of] p2a: Dondozo\n|-damage|p1a: Ceruledge|74\/100|[from] item: Life Orb\n|\n|upkeep\n|turn|11\n|\n|t:|1700782215\n|switch|p1a: Gholdengo|Gholdengo|100\/100\n|move|p2a: Dondozo|Curse|p2a: Dondozo\n|-unboost|p2a: Dondozo|spe|1\n|-boost|p2a: Dondozo|atk|1\n|-boost|p2a: Dondozo|def|1\n|\n|upkeep\n|turn|12\n|\n|t:|1700782228\n|switch|p2a: Amoonguss|Amoonguss, M|87\/100\n|move|p1a: Gholdengo|Thunderbolt|p2a: Amoonguss\n|-resisted|p2a: Amoonguss\n|-damage|p2a: Amoonguss|75\/100\n|-status|p2a: Amoonguss|par\n|\n|-heal|p2a: Amoonguss|82\/100 par|[from] item: Leftovers\n|upkeep\n|turn|13\n|\n|t:|1700782243\n|switch|p1a: Corviknight|Corviknight, F|100\/100\n|-ability|p1a: Corviknight|Pressure\n|move|p2a: Amoonguss|Foul Play|p1a: Corviknight\n|-damage|p1a: Corviknight|83\/100\n|\n|-heal|p1a: Corviknight|89\/100|[from] item: Leftovers\n|-heal|p2a: Amoonguss|88\/100 par|[from] item: Leftovers\n|upkeep\n|turn|14\n|\n|t:|1700782264\n|switch|p2a: Corviknight|Corviknight, M|100\/100\n|-ability|p2a: Corviknight|Pressure\n|move|p1a: Corviknight|Brave Bird|p2a: Corviknight\n|-resisted|p2a: Corviknight\n|-damage|p2a: Corviknight|87\/100\n|-damage|p1a: Corviknight|73\/100|[from] item: Rocky Helmet|[of] p2a: Corviknight\n|-damage|p1a: Corviknight|68\/100|[from] Recoil\n|\n|-heal|p1a: Corviknight|74\/100|[from] item: Leftovers\n|upkeep\n|turn|15\n|\n|t:|1700782278\n|switch|p1a: Gholdengo|Gholdengo|100\/100\n|move|p2a: Corviknight|U-turn|p1a: Gholdengo\n|-resisted|p1a: Gholdengo\n|-damage|p1a: Gholdengo|97\/100\n|inactive|braker89 has 120 seconds left.\n|\n|t:|1700782301\n|switch|p2a: Amoonguss|Amoonguss, M|100\/100 par|[from] U-turn\n|\n|upkeep\n|turn|16\n|inactive|braker89 has 120 seconds left.\n|\n|t:|1700782317\n|move|p1a: Gholdengo|Shadow Ball|p2a: Amoonguss\n|-damage|p2a: Amoonguss|72\/100 par\n|move|p2a: Amoonguss|Spore|p1a: Gholdengo\n|-immune|p1a: Gholdengo|[from] ability: Good as Gold\n|\n|-heal|p2a: Amoonguss|78\/100 par|[from] item: Leftovers\n|upkeep\n|turn|17\n|inactive|Ballzgoingdown has 120 seconds left.\n|l|\u2606braker89\n|inactive|braker89 disconnected and has a minute to reconnect!\n|player|p2|\n|inactive|Ballzgoingdown has 90 seconds left.\n|j|\u2606braker89\n|inactive|braker89 reconnected.\n|player|p2|braker89|musician\n|\n|t:|1700782398\n|move|p1a: Gholdengo|Shadow Ball|p2a: Amoonguss\n|-damage|p2a: Amoonguss|51\/100 par\n|-unboost|p2a: Amoonguss|spd|1\n|move|p2a: Amoonguss|Spore|p1a: Gholdengo\n|-immune|p1a: Gholdengo|[from] ability: Good as Gold\n|\n|-heal|p2a: Amoonguss|58\/100 par|[from] item: Leftovers\n|upkeep\n|turn|18\n|\n|t:|1700782410\n|move|p2a: Amoonguss|Protect|p2a: Amoonguss\n|-singleturn|p2a: Amoonguss|Protect\n|move|p1a: Gholdengo|Shadow Ball|p2a: Amoonguss\n|-activate|p2a: Amoonguss|move: Protect\n|\n|-heal|p2a: Amoonguss|64\/100 par|[from] item: Leftovers\n|upkeep\n|turn|19\n|\n|t:|1700782418\n|move|p1a: Gholdengo|Shadow Ball|p2a: Amoonguss\n|-damage|p2a: Amoonguss|22\/100 par\n|move|p2a: Amoonguss|Spore|p1a: Gholdengo\n|-immune|p1a: Gholdengo|[from] ability: Good as Gold\n|\n|-heal|p2a: Amoonguss|29\/100 par|[from] item: Leftovers\n|upkeep\n|turn|20\n|inactive|braker89 has 120 seconds left.\n|\n|t:|1700782427\n|move|p2a: Amoonguss|Protect|p2a: Amoonguss\n|-singleturn|p2a: Amoonguss|Protect\n|move|p1a: Gholdengo|Shadow Ball|p2a: Amoonguss\n|-activate|p2a: Amoonguss|move: Protect\n|\n|-heal|p2a: Amoonguss|35\/100 par|[from] item: Leftovers\n|upkeep\n|turn|21\n|inactive|braker89 has 120 seconds left.\n|\n|t:|1700782459\n|switch|p2a: Cinderace|Cinderace, M|100\/100\n|move|p1a: Gholdengo|Shadow Ball|p2a: Cinderace\n|-damage|p2a: Cinderace|48\/100\n|\n|upkeep\n|turn|22\n|\n|t:|1700782468\n|move|p1a: Gholdengo|Shadow Ball|p2a: Cinderace\n|-damage|p2a: Cinderace|0 fnt\n|faint|p2a: Cinderace\n|\n|upkeep\n|\n|t:|1700782479\n|switch|p2a: Gholdengo|Gholdengo, tera:Fighting|84\/100\n|turn|23\n|\n|t:|1700782486\n|move|p1a: Gholdengo|Shadow Ball|p2a: Gholdengo\n|-damage|p2a: Gholdengo|34\/100\n|-unboost|p2a: Gholdengo|spd|1\n|move|p2a: Gholdengo|Shadow Ball|p1a: Gholdengo\n|-supereffective|p1a: Gholdengo\n|-damage|p1a: Gholdengo|0 fnt\n|faint|p1a: Gholdengo\n|\n|upkeep\n|\n|t:|1700782502\n|switch|p1a: Ogerpon|Ogerpon-Wellspring, F|83\/100 tox\n|turn|24\n|\n|t:|1700782523\n|switch|p2a: Amoonguss|Amoonguss, M|68\/100 par\n|move|p1a: Ogerpon|Swords Dance|p1a: Ogerpon\n|-boost|p1a: Ogerpon|atk|2\n|\n|-heal|p2a: Amoonguss|74\/100 par|[from] item: Leftovers\n|-damage|p1a: Ogerpon|77\/100 tox|[from] psn\n|upkeep\n|turn|25\n|\n|t:|1700782532\n|move|p2a: Amoonguss|Protect|p2a: Amoonguss\n|-singleturn|p2a: Amoonguss|Protect\n|move|p1a: Ogerpon|Swords Dance|p1a: Ogerpon\n|-boost|p1a: Ogerpon|atk|2\n|\n|-heal|p2a: Amoonguss|81\/100 par|[from] item: Leftovers\n|-damage|p1a: Ogerpon|65\/100 tox|[from] psn\n|upkeep\n|turn|26\n|\n|t:|1700782540\n|move|p2a: Amoonguss|Protect|p2a: Amoonguss\n|-singleturn|p2a: Amoonguss|Protect\n|move|p1a: Ogerpon|Stomping Tantrum|p2a: Amoonguss\n|-activate|p2a: Amoonguss|move: Protect\n|\n|-heal|p2a: Amoonguss|87\/100 par|[from] item: Leftovers\n|-damage|p1a: Ogerpon|47\/100 tox|[from] psn\n|upkeep\n|turn|27\n|\n|t:|1700782551\n|switch|p2a: Corviknight|Corviknight, M|87\/100\n|-ability|p2a: Corviknight|Pressure\n|move|p1a: Ogerpon|Horn Leech|p2a: Corviknight\n|-resisted|p2a: Corviknight\n|-damage|p2a: Corviknight|67\/100\n|-heal|p1a: Ogerpon|60\/100 tox|[from] drain|[of] p2a: Corviknight\n|-damage|p1a: Ogerpon|43\/100 tox|[from] item: Rocky Helmet|[of] p2a: Corviknight\n|\n|-damage|p1a: Ogerpon|19\/100 tox|[from] psn\n|upkeep\n|turn|28\n|\n|t:|1700782564\n|switch|p1a: Ceruledge|Ceruledge, M|74\/100\n|move|p2a: Corviknight|U-turn|p1a: Ceruledge\n|-resisted|p1a: Ceruledge\n|-damage|p1a: Ceruledge|69\/100\n|-ability|p1a: Ceruledge|Weak Armor|boost\n|-unboost|p1a: Ceruledge|def|1\n|-boost|p1a: Ceruledge|spe|2\n|\n|t:|1700782574\n|switch|p2a: Dondozo|Dondozo, F|83\/100|[from] U-turn\n|\n|upkeep\n|turn|29\n|\n|t:|1700782581\n|move|p1a: Ceruledge|Poltergeist|p2a: Dondozo\n|-activate|p2a: Dondozo|move: Poltergeist|Rocky Helmet\n|-damage|p2a: Dondozo|39\/100\n|-damage|p1a: Ceruledge|59\/100|[from] item: Life Orb\n|move|p2a: Dondozo|Liquidation|p1a: Ceruledge\n|-supereffective|p1a: Ceruledge\n|-damage|p1a: Ceruledge|0 fnt\n|faint|p1a: Ceruledge\n|\n|upkeep\n|\n|t:|1700782591\n|switch|p1a: Ogerpon|Ogerpon-Wellspring, F|19\/100 tox\n|turn|30\n|inactive|braker89 has 120 seconds left.\n|\n|t:|1700782607\n|switch|p2a: Amoonguss|Amoonguss, M|100\/100 par\n|move|p1a: Ogerpon|Stomping Tantrum|p2a: Amoonguss\n|-damage|p2a: Amoonguss|69\/100 par\n|\n|-heal|p2a: Amoonguss|75\/100 par|[from] item: Leftovers\n|-damage|p1a: Ogerpon|13\/100 tox|[from] psn\n|upkeep\n|turn|31\n|\n|t:|1700782617\n|move|p2a: Amoonguss|Protect|p2a: Amoonguss\n|-singleturn|p2a: Amoonguss|Protect\n|move|p1a: Ogerpon|Swords Dance|p1a: Ogerpon\n|-boost|p1a: Ogerpon|atk|2\n|\n|-heal|p2a: Amoonguss|82\/100 par|[from] item: Leftovers\n|-damage|p1a: Ogerpon|1\/100 tox|[from] psn\n|upkeep\n|turn|32\n|inactive|braker89 has 120 seconds left.\n|\n|t:|1700782625\n|move|p2a: Amoonguss|Protect||[still]\n|-fail|p2a: Amoonguss\n|move|p1a: Ogerpon|Ivy Cudgel|p2a: Amoonguss|[anim] Ivy Cudgel Water\n|-resisted|p2a: Amoonguss\n|-damage|p2a: Amoonguss|19\/100 par\n|\n|-heal|p2a: Amoonguss|25\/100 par|[from] item: Leftovers\n|-damage|p1a: Ogerpon|0 fnt|[from] psn\n|faint|p1a: Ogerpon\n|upkeep\n|\n|t:|1700782639\n|switch|p1a: Landorus|Landorus-Therian, M|100\/100\n|-ability|p1a: Landorus|Intimidate|boost\n|-unboost|p2a: Amoonguss|atk|1\n|turn|33\n|\n|t:|1700782647\n|switch|p2a: Corviknight|Corviknight, M|67\/100\n|-ability|p2a: Corviknight|Pressure\n|move|p1a: Landorus|Stone Edge|p2a: Corviknight|[miss]\n|-miss|p1a: Landorus|p2a: Corviknight\n|\n|upkeep\n|turn|34\n|\n|t:|1700782654\n|move|p1a: Landorus|Stone Edge|p2a: Corviknight\n|-damage|p2a: Corviknight|46\/100\n|move|p2a: Corviknight|Roost|p2a: Corviknight\n|-heal|p2a: Corviknight|96\/100\n|-singleturn|p2a: Corviknight|move: Roost\n|\n|upkeep\n|turn|35\n|\n|t:|1700782662\n|switch|p1a: Corviknight|Corviknight, F|74\/100\n|-ability|p1a: Corviknight|Pressure\n|move|p2a: Corviknight|U-turn|p1a: Corviknight\n|-resisted|p1a: Corviknight\n|-damage|p1a: Corviknight|71\/100\n|\n|t:|1700782677\n|switch|p2a: Dondozo|Dondozo, F|39\/100|[from] U-turn\n|\n|-heal|p1a: Corviknight|77\/100|[from] item: Leftovers\n|upkeep\n|turn|36\n|\n|t:|1700782696\n|move|p1a: Corviknight|Iron Head|p2a: Dondozo\n|-resisted|p2a: Dondozo\n|-damage|p2a: Dondozo|30\/100\n|-damage|p1a: Corviknight|61\/100|[from] item: Rocky Helmet|[of] p2a: Dondozo\n|move|p2a: Dondozo|Curse|p2a: Dondozo\n|-unboost|p2a: Dondozo|spe|1\n|-boost|p2a: Dondozo|atk|1\n|-boost|p2a: Dondozo|def|1\n|\n|-heal|p1a: Corviknight|67\/100|[from] item: Leftovers\n|upkeep\n|turn|37\n|\n|t:|1700782708\n|move|p1a: Corviknight|Roost|p1a: Corviknight\n|-heal|p1a: Corviknight|100\/100\n|-singleturn|p1a: Corviknight|move: Roost\n|move|p2a: Dondozo|Rest|p2a: Dondozo\n|-status|p2a: Dondozo|slp|[from] move: Rest\n|-heal|p2a: Dondozo|100\/100 slp|[silent]\n|\n|upkeep\n|turn|38\n|\n|t:|1700782717\n|switch|p2a: Gholdengo|Gholdengo, tera:Fighting|34\/100\n|move|p1a: Corviknight|Iron Head|p2a: Gholdengo\n|-damage|p2a: Gholdengo|4\/100\n|\n|upkeep\n|turn|39\n|\n|t:|1700782726\n|move|p2a: Gholdengo|Trick|p1a: Corviknight\n|-activate|p2a: Gholdengo|move: Trick|[of] p1a: Corviknight\n|-item|p1a: Corviknight|Choice Scarf|[from] move: Trick\n|-item|p2a: Gholdengo|Leftovers|[from] move: Trick\n|move|p1a: Corviknight|Iron Head|p2a: Gholdengo\n|-damage|p2a: Gholdengo|0 fnt\n|faint|p2a: Gholdengo\n|\n|upkeep\n|\n|t:|1700782740\n|switch|p2a: Dondozo|Dondozo, F|100\/100 slp\n|turn|40\n|inactive|Ballzgoingdown has 120 seconds left.\n|\n|t:|1700782789\n|move|p1a: Corviknight|Iron Head|p2a: Dondozo\n|-resisted|p2a: Dondozo\n|-damage|p2a: Dondozo|92\/100 slp\n|-damage|p1a: Corviknight|84\/100|[from] item: Rocky Helmet|[of] p2a: Dondozo\n|cant|p2a: Dondozo|slp\n|\n|upkeep\n|turn|41\n|l|\u2606braker89\n|inactive|braker89 disconnected and has a minute to reconnect!\n|player|p2|\n|j|\u2606braker89\n|inactive|braker89 reconnected and has 145 seconds left.\n|player|p2|braker89|musician\n|\n|t:|1700782816\n|move|p1a: Corviknight|Iron Head|p2a: Dondozo\n|-resisted|p2a: Dondozo\n|-damage|p2a: Dondozo|83\/100 slp\n|-damage|p1a: Corviknight|68\/100|[from] item: Rocky Helmet|[of] p2a: Dondozo\n|cant|p2a: Dondozo|slp\n|\n|upkeep\n|turn|42\n|inactive|Ballzgoingdown has 120 seconds left.\n|\n|t:|1700782850\n|switch|p1a: Zamazenta|Zamazenta|100\/100\n|-ability|p1a: Zamazenta|Dauntless Shield|boost\n|-boost|p1a: Zamazenta|def|1\n|-curestatus|p2a: Dondozo|slp|[msg]\n|move|p2a: Dondozo|Curse|p2a: Dondozo\n|-unboost|p2a: Dondozo|spe|1\n|-boost|p2a: Dondozo|atk|1\n|-boost|p2a: Dondozo|def|1\n|\n|upkeep\n|turn|43\n|\n|t:|1700782861\n|move|p1a: Zamazenta|Iron Defense|p1a: Zamazenta\n|-boost|p1a: Zamazenta|def|2\n|move|p2a: Dondozo|Curse|p2a: Dondozo\n|-unboost|p2a: Dondozo|spe|1\n|-boost|p2a: Dondozo|atk|1\n|-boost|p2a: Dondozo|def|1\n|\n|upkeep\n|turn|44\n|\n|t:|1700782868\n|move|p1a: Zamazenta|Iron Defense|p1a: Zamazenta\n|-boost|p1a: Zamazenta|def|2\n|move|p2a: Dondozo|Curse|p2a: Dondozo\n|-unboost|p2a: Dondozo|spe|1\n|-boost|p2a: Dondozo|atk|1\n|-boost|p2a: Dondozo|def|1\n|\n|upkeep\n|turn|45\n|\n|t:|1700782876\n|move|p1a: Zamazenta|Iron Defense|p1a: Zamazenta\n|-boost|p1a: Zamazenta|def|1\n|move|p2a: Dondozo|Curse|p2a: Dondozo\n|-unboost|p2a: Dondozo|spe|1\n|-boost|p2a: Dondozo|atk|1\n|-boost|p2a: Dondozo|def|1\n|\n|upkeep\n|turn|46\n|inactive|Ballzgoingdown has 120 seconds left.\n|\n|t:|1700782888\n|move|p1a: Zamazenta|Body Press|p2a: Dondozo\n|-damage|p2a: Dondozo|75\/100\n|-damage|p1a: Zamazenta|84\/100|[from] item: Rocky Helmet|[of] p2a: Dondozo\n|move|p2a: Dondozo|Curse|p2a: Dondozo\n|-unboost|p2a: Dondozo|spe|1\n|-boost|p2a: Dondozo|atk|1\n|-boost|p2a: Dondozo|def|1\n|\n|-heal|p1a: Zamazenta|90\/100|[from] item: Leftovers\n|upkeep\n|turn|47\n|\n|t:|1700782900\n|move|p1a: Zamazenta|Body Press|p2a: Dondozo\n|-damage|p2a: Dondozo|70\/100\n|-damage|p1a: Zamazenta|74\/100|[from] item: Rocky Helmet|[of] p2a: Dondozo\n|move|p2a: Dondozo|Curse|p2a: Dondozo\n|-unboost|p2a: Dondozo|spe|1\n|-boost|p2a: Dondozo|atk|1\n|-boost|p2a: Dondozo|def|1\n|\n|-heal|p1a: Zamazenta|80\/100|[from] item: Leftovers\n|upkeep\n|turn|48\n|\n|t:|1700782922\n|move|p1a: Zamazenta|Body Press|p2a: Dondozo\n|-damage|p2a: Dondozo|65\/100\n|-damage|p1a: Zamazenta|63\/100|[from] item: Rocky Helmet|[of] p2a: Dondozo\n|move|p2a: Dondozo|Liquidation|p1a: Zamazenta\n|-damage|p1a: Zamazenta|0 fnt\n|faint|p1a: Zamazenta\n|\n|upkeep\n|-message|Ballzgoingdown forfeited.\n|\n|win|braker89\n|raw|Ballzgoingdown's rating: 1120 &rarr; <strong>1096<\/strong><br \/>(-24 for losing)\n|raw|braker89's rating: 1129 &rarr; <strong>1153<\/strong><br \/>(+24 for winning)\n|l|\u2606Ballzgoingdown\n","uploadtime":1700782941,"views":5,"p1id":"ballzgoingdown","p2id":"braker89","formatid":"gen9ou","rating":1096,"private":0,"password":""}