{"id":"gen9ou-1991377773","p1":"Steve Kirlia","p2":"kd458","format":"[Gen 9] OU","log":"|j|\u2606Steve Kirlia\n|j|\u2606kd458\n|t:|1700072091\n|gametype|singles\n|player|p1|Steve Kirlia|hoopster|1683\n|player|p2|kd458|265|1697\n|teamsize|p1|6\n|teamsize|p2|6\n|gen|9\n|tier|[Gen 9] OU\n|rated|\n|rule|Sleep Clause Mod: Limit one foe put to sleep\n|rule|Species Clause: Limit one of each Pok\u00e9mon\n|rule|OHKO Clause: OHKO moves are banned\n|rule|Evasion Items Clause: Evasion items are banned\n|rule|Evasion Moves Clause: Evasion moves are banned\n|rule|Endless Battle Clause: Forcing endless battles is banned\n|rule|HP Percentage Mod: HP is shown in percentages\n|clearpoke\n|poke|p1|Weavile, M|\n|poke|p1|Weezing-Galar, F|\n|poke|p1|Alomomola, F|\n|poke|p1|Ting-Lu|\n|poke|p1|Corviknight, M|\n|poke|p1|Dondozo, M|\n|poke|p2|Rillaboom, F|\n|poke|p2|Heatran, M|\n|poke|p2|Alomomola, F|\n|poke|p2|Kommo-o, M|\n|poke|p2|Slowking-Galar, M|\n|poke|p2|Great Tusk|\n|teampreview\n|inactive|Battle timer is ON: inactive players will automatically lose when time's up. (requested by Steve Kirlia)\n|\n|t:|1700072125\n|start\n|switch|p1a: Weezing|Weezing-Galar, F|100\/100\n|switch|p2a: Gesley Slo|Slowking-Galar, M|100\/100\n|-ability|p1a: Weezing|Neutralizing Gas\n|turn|1\n|\n|t:|1700072135\n|move|p1a: Weezing|Will-O-Wisp|p2a: Gesley Slo|[miss]\n|-miss|p1a: Weezing|p2a: Gesley Slo\n|move|p2a: Gesley Slo|Future Sight|p1a: Weezing\n|-start|p2a: Gesley Slo|move: Future Sight\n|\n|upkeep\n|turn|2\n|\n|t:|1700072139\n|switch|p2a: Mr Worldwide|Heatran, M|100\/100\n|move|p1a: Weezing|Will-O-Wisp|p2a: Mr Worldwide\n|-immune|p2a: Mr Worldwide\n|\n|upkeep\n|turn|3\n|\n|t:|1700072148\n|-end|p1a: Weezing|ability: Neutralizing Gas\n|switch|p1a: Ting-Lu|Ting-Lu|100\/100\n|-ability|p1a: Ting-Lu|Vessel of Ruin\n|move|p2a: Mr Worldwide|Stealth Rock|p1a: Ting-Lu\n|-sidestart|p1: Steve Kirlia|move: Stealth Rock\n|\n|-end|p1a: Ting-Lu|move: Future Sight\n|-immune|p1a: Ting-Lu\n|upkeep\n|turn|4\n|\n|t:|1700072165\n|switch|p2a: Iron Bands|Rillaboom, F|100\/100\n|-fieldstart|move: Grassy Terrain|[from] ability: Grassy Surge|[of] p2a: Iron Bands\n|move|p1a: Ting-Lu|Spikes|p2a: Iron Bands\n|-sidestart|p2: kd458|Spikes\n|\n|upkeep\n|turn|5\n|\n|t:|1700072172\n|switch|p1a: Corviknight|Corviknight, M|100\/100\n|-damage|p1a: Corviknight|88\/100|[from] Stealth Rock\n|-ability|p1a: Corviknight|Pressure\n|move|p2a: Iron Bands|Knock Off|p1a: Corviknight\n|-damage|p1a: Corviknight|54\/100\n|-damage|p2a: Iron Bands|84\/100|[from] item: Rocky Helmet|[of] p1a: Corviknight\n|-enditem|p1a: Corviknight|Rocky Helmet|[from] move: Knock Off|[of] p2a: Iron Bands\n|\n|-heal|p2a: Iron Bands|90\/100|[from] Grassy Terrain\n|upkeep\n|turn|6\n|\n|t:|1700072185\n|switch|p2a: Mr Worldwide|Heatran, M|100\/100\n|-damage|p2a: Mr Worldwide|88\/100|[from] Spikes\n|move|p1a: Corviknight|Defog|p2a: Mr Worldwide\n|-unboost|p2a: Mr Worldwide|evasion|1\n|-sideend|p2: kd458|Spikes|[from] move: Defog|[of] p1a: Corviknight\n|-sideend|p1: Steve Kirlia|Stealth Rock|[from] move: Defog|[of] p1a: Corviknight\n|-fieldend|move: Grassy Terrain\n|\n|-heal|p2a: Mr Worldwide|94\/100|[from] item: Leftovers\n|upkeep\n|turn|7\n|\n|t:|1700072194\n|switch|p1a: Ting-Lu|Ting-Lu|100\/100\n|-ability|p1a: Ting-Lu|Vessel of Ruin\n|move|p2a: Mr Worldwide|Stealth Rock|p1a: Ting-Lu\n|-sidestart|p1: Steve Kirlia|move: Stealth Rock\n|\n|-heal|p2a: Mr Worldwide|100\/100|[from] item: Leftovers\n|upkeep\n|turn|8\n|\n|t:|1700072203\n|switch|p2a: Iron Bands|Rillaboom, F|90\/100\n|-fieldstart|move: Grassy Terrain|[from] ability: Grassy Surge|[of] p2a: Iron Bands\n|move|p1a: Ting-Lu|Spikes|p2a: Iron Bands\n|-sidestart|p2: kd458|Spikes\n|\n|-heal|p2a: Iron Bands|96\/100|[from] Grassy Terrain\n|upkeep\n|turn|9\n|inactive|kd458 has 120 seconds left.\n|\n|t:|1700072259\n|-terastallize|p2a: Iron Bands|Grass\n|move|p1a: Ting-Lu|Protect|p1a: Ting-Lu\n|-singleturn|p1a: Ting-Lu|Protect\n|move|p2a: Iron Bands|Wood Hammer|p1a: Ting-Lu\n|-activate|p1a: Ting-Lu|move: Protect\n|\n|-heal|p2a: Iron Bands|100\/100|[from] Grassy Terrain\n|upkeep\n|turn|10\n|\n|t:|1700072268\n|switch|p1a: Weezing|Weezing-Galar, F|100\/100\n|-ability|p1a: Weezing|Neutralizing Gas\n|move|p2a: Iron Bands|Wood Hammer|p1a: Weezing\n|-resisted|p1a: Weezing\n|-damage|p1a: Weezing|45\/100\n|-damage|p2a: Iron Bands|84\/100|[from] Recoil\n|\n|-heal|p2a: Iron Bands|90\/100|[from] Grassy Terrain\n|-heal|p1a: Weezing|51\/100|[from] Grassy Terrain\n|upkeep\n|turn|11\n|\n|t:|1700072279\n|-end|p1a: Weezing|ability: Neutralizing Gas\n|switch|p1a: Corviknight|Corviknight, M|54\/100\n|-damage|p1a: Corviknight|42\/100|[from] Stealth Rock\n|-ability|p1a: Corviknight|Pressure\n|move|p2a: Iron Bands|Wood Hammer|p1a: Corviknight\n|-resisted|p1a: Corviknight\n|-damage|p1a: Corviknight|13\/100\n|-damage|p2a: Iron Bands|81\/100|[from] Recoil\n|\n|-heal|p2a: Iron Bands|87\/100|[from] Grassy Terrain\n|upkeep\n|turn|12\n|\n|t:|1700072295\n|move|p2a: Iron Bands|Wood Hammer|p1a: Corviknight\n|-resisted|p1a: Corviknight\n|-damage|p1a: Corviknight|0 fnt\n|faint|p1a: Corviknight\n|-damage|p2a: Iron Bands|83\/100|[from] Recoil\n|\n|-heal|p2a: Iron Bands|89\/100|[from] Grassy Terrain\n|-fieldend|move: Grassy Terrain\n|upkeep\n|-message|Steve Kirlia forfeited.\n|\n|win|kd458\n|raw|Steve Kirlia's rating: 1683 &rarr; <strong>1664<\/strong><br \/>(-19 for losing)\n|raw|kd458's rating: 1697 &rarr; <strong>1716<\/strong><br \/>(+19 for winning)\n|l|\u2606Steve Kirlia\n","uploadtime":1700072319,"views":19,"p1id":"stevekirlia","p2id":"kd458","formatid":"gen9ou","rating":1664,"private":0,"password":""}