{"id":"gen9ou-1994344528","p1":"PERIKO0729","p2":"Swouiiiing","format":"[Gen 9] OU","log":"|j|\u2606PERIKO0729\n|j|\u2606Swouiiiing\n|t:|1700433347\n|gametype|singles\n|player|p1|PERIKO0729|lucas|1229\n|player|p2|Swouiiiing|170|1307\n|teamsize|p1|6\n|teamsize|p2|6\n|gen|9\n|tier|[Gen 9] OU\n|rated|\n|rule|Sleep Clause Mod: Limit one foe put to sleep\n|rule|Species Clause: Limit one of each Pok\u00e9mon\n|rule|OHKO Clause: OHKO moves are banned\n|rule|Evasion Items Clause: Evasion items are banned\n|rule|Evasion Moves Clause: Evasion moves are banned\n|rule|Endless Battle Clause: Forcing endless battles is banned\n|rule|HP Percentage Mod: HP is shown in percentages\n|clearpoke\n|poke|p1|Poliwrath, F|\n|poke|p1|Pelipper, F|\n|poke|p1|Overqwil, M|\n|poke|p1|Rillaboom, M|\n|poke|p1|Iron Treads|\n|poke|p1|Zapdos|\n|poke|p2|Enamorus, F|\n|poke|p2|Dragapult, F|\n|poke|p2|Iron Valiant|\n|poke|p2|Gholdengo|\n|poke|p2|Iron Treads|\n|poke|p2|Dragonite, F|\n|teampreview\n|inactive|Battle timer is ON: inactive players will automatically lose when time's up. (requested by Swouiiiing)\n|inactive|PERIKO0729 also wants the timer to be on.\n|\n|t:|1700433358\n|start\n|switch|p1a: Pelipper|Pelipper, F|100\/100\n|switch|p2a: Gholdengo|Gholdengo|100\/100\n|-item|p2a: Gholdengo|Air Balloon\n|-weather|RainDance|[from] ability: Drizzle|[of] p1a: Pelipper\n|turn|1\n|\n|t:|1700433370\n|move|p2a: Gholdengo|Shadow Ball|p1a: Pelipper\n|-damage|p1a: Pelipper|52\/100\n|move|p1a: Pelipper|Surf|p2a: Gholdengo\n|-damage|p2a: Gholdengo|45\/100\n|-enditem|p2a: Gholdengo|Air Balloon\n|\n|-weather|RainDance|[upkeep]\n|upkeep\n|turn|2\n|\n|t:|1700433381\n|switch|p1a: Iron Treads|Iron Treads|100\/100\n|move|p2a: Gholdengo|Shadow Ball|p1a: Iron Treads\n|-damage|p1a: Iron Treads|54\/100\n|\n|-weather|RainDance|[upkeep]\n|upkeep\n|turn|3\n|\n|t:|1700433397\n|switch|p2a: Enamorus|Enamorus, F|100\/100\n|move|p1a: Iron Treads|Thunder|p2a: Enamorus\n|-supereffective|p2a: Enamorus\n|-damage|p2a: Enamorus|19\/100\n|\n|-weather|RainDance|[upkeep]\n|-heal|p2a: Enamorus|25\/100|[from] item: Leftovers\n|upkeep\n|turn|4\n|\n|t:|1700433407\n|switch|p2a: Iron Treads|Iron Treads|100\/100\n|-enditem|p2a: Iron Treads|Booster Energy\n|-activate|p2a: Iron Treads|ability: Quark Drive|[fromitem]\n|-start|p2a: Iron Treads|quarkdrivespe\n|move|p1a: Iron Treads|Thunder|p2a: Iron Treads\n|-immune|p2a: Iron Treads\n|\n|-weather|RainDance|[upkeep]\n|upkeep\n|turn|5\n|\n|t:|1700433426\n|-end|p1a: Iron Treads|Quark Drive|[silent]\n|switch|p1a: Zapdos|Zapdos|100\/100\n|move|p2a: Iron Treads|Knock Off|p1a: Zapdos\n|-damage|p1a: Zapdos|71\/100\n|-enditem|p1a: Zapdos|Heavy-Duty Boots|[from] move: Knock Off|[of] p2a: Iron Treads\n|\n|-weather|RainDance|[upkeep]\n|upkeep\n|turn|6\n|\n|t:|1700433436\n|move|p2a: Iron Treads|Stealth Rock|p1a: Zapdos\n|-sidestart|p1: PERIKO0729|move: Stealth Rock\n|move|p1a: Zapdos|Weather Ball|p2a: Iron Treads\n|-supereffective|p2a: Iron Treads\n|-damage|p2a: Iron Treads|0 fnt\n|faint|p2a: Iron Treads\n|-end|p2a: Iron Treads|Quark Drive|[silent]\n|\n|-weather|RainDance|[upkeep]\n|upkeep\n|\n|t:|1700433448\n|switch|p2a: Enamorus|Enamorus, F|25\/100\n|turn|7\n|\n|t:|1700433453\n|move|p2a: Enamorus|Moonblast|p1a: Zapdos\n|-damage|p1a: Zapdos|15\/100\n|move|p1a: Zapdos|Thunder|p2a: Enamorus\n|-supereffective|p2a: Enamorus\n|-damage|p2a: Enamorus|0 fnt\n|faint|p2a: Enamorus\n|\n|-weather|RainDance|[upkeep]\n|upkeep\n|\n|t:|1700433463\n|switch|p2a: Iron Valiant|Iron Valiant|100\/100\n|-enditem|p2a: Iron Valiant|Booster Energy\n|-activate|p2a: Iron Valiant|ability: Quark Drive|[fromitem]\n|-start|p2a: Iron Valiant|quarkdrivespe\n|turn|8\n|\n|t:|1700433471\n|move|p2a: Iron Valiant|Moonblast|p1a: Zapdos\n|-damage|p1a: Zapdos|0 fnt\n|faint|p1a: Zapdos\n|\n|-weather|none\n|upkeep\n|\n|t:|1700433479\n|switch|p1a: Pelipper|Pelipper, F|52\/100\n|-damage|p1a: Pelipper|27\/100|[from] Stealth Rock\n|-weather|RainDance|[from] ability: Drizzle|[of] p1a: Pelipper\n|turn|9\n|\n|t:|1700433492\n|switch|p1a: Iron Treads|Iron Treads|54\/100\n|-damage|p1a: Iron Treads|51\/100|[from] Stealth Rock\n|move|p2a: Iron Valiant|Moonblast|p1a: Iron Treads\n|-resisted|p1a: Iron Treads\n|-damage|p1a: Iron Treads|28\/100\n|\n|-weather|RainDance|[upkeep]\n|upkeep\n|turn|10\n|\n|t:|1700433516\n|move|p2a: Iron Valiant|Calm Mind|p2a: Iron Valiant\n|-boost|p2a: Iron Valiant|spa|1\n|-boost|p2a: Iron Valiant|spd|1\n|move|p1a: Iron Treads|Earth Power|p2a: Iron Valiant\n|-crit|p2a: Iron Valiant\n|-damage|p2a: Iron Valiant|14\/100\n|\n|-weather|RainDance|[upkeep]\n|upkeep\n|turn|11\n|\n|t:|1700433526\n|move|p2a: Iron Valiant|Moonblast|p1a: Iron Treads\n|-resisted|p1a: Iron Treads\n|-crit|p1a: Iron Treads\n|-damage|p1a: Iron Treads|0 fnt\n|faint|p1a: Iron Treads\n|-end|p1a: Iron Treads|Quark Drive|[silent]\n|\n|-weather|RainDance|[upkeep]\n|upkeep\n|\n|t:|1700433533\n|switch|p1a: Overqwil|Overqwil, M|100\/100\n|-damage|p1a: Overqwil|88\/100|[from] Stealth Rock\n|turn|12\n|\n|t:|1700433541\n|move|p1a: Overqwil|Liquidation|p2a: Iron Valiant\n|-damage|p2a: Iron Valiant|0 fnt\n|faint|p2a: Iron Valiant\n|-end|p2a: Iron Valiant|Quark Drive|[silent]\n|-damage|p1a: Overqwil|79\/100|[from] item: Life Orb\n|\n|-weather|RainDance|[upkeep]\n|upkeep\n|\n|t:|1700433557\n|switch|p2a: Dragapult|Dragapult, F|100\/100\n|turn|13\n|\n|t:|1700433563\n|move|p1a: Overqwil|Crunch|p2a: Dragapult\n|-supereffective|p2a: Dragapult\n|-enditem|p2a: Dragapult|Focus Sash\n|-damage|p2a: Dragapult|1\/100\n|-damage|p1a: Overqwil|69\/100|[from] item: Life Orb\n|move|p2a: Dragapult|Dragon Darts|p1a: Overqwil\n|-damage|p1a: Overqwil|37\/100\n|-anim|p2a: Dragapult|Dragon Darts|p1a: Overqwil\n|-damage|p1a: Overqwil|6\/100\n|\n|-weather|RainDance|[upkeep]\n|upkeep\n|turn|14\n|\n|t:|1700433575\n|move|p1a: Overqwil|Crunch|p2a: Dragapult\n|-supereffective|p2a: Dragapult\n|-damage|p2a: Dragapult|0 fnt\n|faint|p2a: Dragapult\n|-damage|p1a: Overqwil|0 fnt|[from] item: Life Orb\n|faint|p1a: Overqwil\n|\n|-weather|RainDance|[upkeep]\n|upkeep\n|\n|t:|1700433589\n|switch|p2a: Gholdengo|Gholdengo|45\/100\n|switch|p1a: Poliwrath|Poliwrath, F|100\/100\n|-damage|p1a: Poliwrath|94\/100|[from] Stealth Rock\n|turn|15\n|\n|t:|1700433600\n|move|p1a: Poliwrath|Liquidation|p2a: Gholdengo\n|-damage|p2a: Gholdengo|0 fnt\n|faint|p2a: Gholdengo\n|\n|-weather|RainDance|[upkeep]\n|upkeep\n|\n|t:|1700433607\n|switch|p2a: Dragonite|Dragonite, F|100\/100\n|turn|16\n|\n|t:|1700433615\n|move|p1a: Poliwrath|Liquidation|p2a: Dragonite\n|-resisted|p2a: Dragonite\n|-damage|p2a: Dragonite|85\/100\n|move|p2a: Dragonite|Dragon Dance|p2a: Dragonite\n|-boost|p2a: Dragonite|atk|1\n|-boost|p2a: Dragonite|spe|1\n|\n|-weather|none\n|upkeep\n|turn|17\n|\n|t:|1700433629\n|switch|p1a: Pelipper|Pelipper, F|27\/100\n|-damage|p1a: Pelipper|2\/100|[from] Stealth Rock\n|-weather|RainDance|[from] ability: Drizzle|[of] p1a: Pelipper\n|-terastallize|p2a: Dragonite|Normal\n|move|p2a: Dragonite|Extreme Speed|p1a: Pelipper\n|-damage|p1a: Pelipper|0 fnt\n|faint|p1a: Pelipper\n|\n|-weather|RainDance|[upkeep]\n|upkeep\n|\n|t:|1700433642\n|switch|p1a: Poliwrath|Poliwrath, F|94\/100\n|-damage|p1a: Poliwrath|88\/100|[from] Stealth Rock\n|turn|18\n|\n|t:|1700433655\n|move|p2a: Dragonite|Extreme Speed|p1a: Poliwrath\n|-damage|p1a: Poliwrath|16\/100\n|-enditem|p1a: Poliwrath|Sitrus Berry|[eat]\n|-heal|p1a: Poliwrath|41\/100|[from] item: Sitrus Berry\n|move|p1a: Poliwrath|Drain Punch|p2a: Dragonite\n|-supereffective|p2a: Dragonite\n|-damage|p2a: Dragonite|12\/100\n|-heal|p1a: Poliwrath|79\/100|[from] drain|[of] p2a: Dragonite\n|\n|-weather|RainDance|[upkeep]\n|upkeep\n|turn|19\n|\n|t:|1700433670\n|move|p2a: Dragonite|Extreme Speed|p1a: Poliwrath\n|-damage|p1a: Poliwrath|0 fnt\n|faint|p1a: Poliwrath\n|\n|-weather|RainDance|[upkeep]\n|upkeep\n|\n|t:|1700433677\n|switch|p1a: Rillaboom|Rillaboom, M|100\/100\n|-damage|p1a: Rillaboom|88\/100|[from] Stealth Rock\n|-fieldstart|move: Grassy Terrain|[from] ability: Grassy Surge|[of] p1a: Rillaboom\n|turn|20\n|\n|t:|1700433683\n|move|p2a: Dragonite|Extreme Speed|p1a: Rillaboom\n|-damage|p1a: Rillaboom|17\/100\n|move|p1a: Rillaboom|Grassy Glide|p2a: Dragonite\n|-damage|p2a: Dragonite|0 fnt\n|faint|p2a: Dragonite\n|\n|win|PERIKO0729\n|raw|PERIKO0729's rating: 1229 &rarr; <strong>1260<\/strong><br \/>(+31 for winning)\n|raw|Swouiiiing's rating: 1307 &rarr; <strong>1283<\/strong><br \/>(-24 for losing)\n","uploadtime":1700433694,"views":13,"p1id":"periko0729","p2id":"swouiiiing","formatid":"gen9ou","rating":1260,"private":0,"password":""}