{"id":"gen9ou-1995111497","p1":"CommissarWhite","p2":"Hammos","format":"[Gen 9] OU","log":"|j|\u2606CommissarWhite\n|j|\u2606Hammos\n|t:|1700523811\n|gametype|singles\n|player|p1|CommissarWhite|ariana|\n|player|p2|Hammos|102|\n|teamsize|p1|6\n|teamsize|p2|6\n|gen|9\n|tier|[Gen 9] OU\n|rule|Sleep Clause Mod: Limit one foe put to sleep\n|rule|Species Clause: Limit one of each Pok\u00e9mon\n|rule|OHKO Clause: OHKO moves are banned\n|rule|Evasion Items Clause: Evasion items are banned\n|rule|Evasion Moves Clause: Evasion moves are banned\n|rule|Endless Battle Clause: Forcing endless battles is banned\n|rule|HP Percentage Mod: HP is shown in percentages\n|clearpoke\n|poke|p1|Cinderace, F|\n|poke|p1|Meowscarada, M|\n|poke|p1|Slowbro, F|\n|poke|p1|Cryogonal|\n|poke|p1|Muk, F|\n|poke|p1|Sandy Shocks|\n|poke|p2|Weezing-Galar, M|\n|poke|p2|Gholdengo|\n|poke|p2|Landorus-Therian, M|\n|poke|p2|Alomomola, M|\n|poke|p2|Blissey, F|\n|poke|p2|Vespiquen, F|\n|teampreview\n|\n|t:|1700523850\n|start\n|switch|p1a: Meowscarada|Meowscarada, M|100\/100\n|switch|p2a: Vespiquen|Vespiquen, F, shiny|100\/100\n|-ability|p2a: Vespiquen|Unnerve\n|turn|1\n|\n|t:|1700523867\n|-terastallize|p2a: Vespiquen|Poison\n|move|p1a: Meowscarada|Trick|p2a: Vespiquen\n|-start|p1a: Meowscarada|typechange|Psychic|[from] ability: Protean\n|-activate|p1a: Meowscarada|move: Trick|[of] p2a: Vespiquen\n|-item|p2a: Vespiquen|Choice Band|[from] move: Trick\n|-item|p1a: Meowscarada|Black Sludge|[from] move: Trick\n|move|p2a: Vespiquen|Tera Blast|p1a: Meowscarada|[anim] Tera Blast Poison\n|-damage|p1a: Meowscarada|59\/100\n|\n|-damage|p1a: Meowscarada|46\/100|[from] item: Black Sludge\n|upkeep\n|turn|2\n|\n|t:|1700523886\n|move|p1a: Meowscarada|U-turn|p2a: Vespiquen\n|-resisted|p2a: Vespiquen\n|-damage|p2a: Vespiquen|89\/100\n|\n|t:|1700523893\n|switch|p1a: Muk|Muk, F|100\/100|[from] U-turn\n|move|p2a: Vespiquen|Tera Blast|p1a: Muk|[anim] Tera Blast Poison\n|-resisted|p1a: Muk\n|-damage|p1a: Muk|93\/100\n|\n|upkeep\n|turn|3\n|\n|t:|1700523923\n|switch|p2a: Weezing|Weezing-Galar, M|100\/100\n|-ability|p2a: Weezing|Neutralizing Gas\n|move|p1a: Muk|Rock Slide|p2a: Weezing\n|-damage|p2a: Weezing|87\/100\n|\n|-heal|p2a: Weezing|93\/100|[from] item: Black Sludge\n|upkeep\n|turn|4\n|\n|t:|1700523941\n|move|p2a: Weezing|Will-O-Wisp|p1a: Muk|[miss]\n|-miss|p2a: Weezing|p1a: Muk\n|move|p1a: Muk|Gunk Shot|p2a: Weezing\n|-damage|p2a: Weezing|59\/100\n|\n|-heal|p2a: Weezing|65\/100|[from] item: Black Sludge\n|upkeep\n|turn|5\n|\n|t:|1700523953\n|switch|p1a: Slowbro|Slowbro, F|100\/100\n|move|p2a: Weezing|Will-O-Wisp|p1a: Slowbro\n|-status|p1a: Slowbro|brn\n|\n|-heal|p2a: Weezing|71\/100|[from] item: Black Sludge\n|-damage|p1a: Slowbro|94\/100 brn|[from] brn\n|upkeep\n|turn|6\n|\n|t:|1700523965\n|-end|p2a: Weezing|ability: Neutralizing Gas\n|switch|p2a: Vespiquen|Vespiquen, F, shiny, tera:Poison|89\/100\n|-ability|p2a: Vespiquen|Unnerve\n|move|p1a: Slowbro|Yawn|p2a: Vespiquen\n|-start|p2a: Vespiquen|move: Yawn|[of] p1a: Slowbro\n|\n|-heal|p1a: Slowbro|100\/100 brn|[from] item: Leftovers\n|-damage|p1a: Slowbro|94\/100 brn|[from] brn\n|upkeep\n|turn|7\n|\n|t:|1700523981\n|switch|p1a: Muk|Muk, F|93\/100\n|move|p2a: Vespiquen|Taunt|p1a: Muk\n|-start|p1a: Muk|move: Taunt\n|\n|-end|p2a: Vespiquen|move: Yawn|[silent]\n|-status|p2a: Vespiquen|slp\n|upkeep\n|turn|8\n|\n|t:|1700524008\n|switch|p2a: Gholdengo|Gholdengo|100\/100\n|switch|p1a: Cryogonal|Cryogonal|100\/100\n|\n|upkeep\n|turn|9\n|\n|t:|1700524027\n|-terastallize|p1a: Cryogonal|Fire\n|move|p1a: Cryogonal|Tera Blast|p2a: Gholdengo|[anim] Tera Blast Fire\n|-supereffective|p2a: Gholdengo\n|-enditem|p2a: Gholdengo|Occa Berry|[eat]\n|-enditem|p2a: Gholdengo|Occa Berry|[weaken]\n|-damage|p2a: Gholdengo|65\/100\n|move|p2a: Gholdengo|Make It Rain|p1a: Cryogonal\n|-resisted|p1a: Cryogonal\n|-damage|p1a: Cryogonal|79\/100\n|-unboost|p2a: Gholdengo|spa|1\n|\n|upkeep\n|turn|10\n|\n|t:|1700524049\n|switch|p2a: Blissey|Blissey, F|100\/100\n|move|p1a: Cryogonal|Tera Blast|p2a: Blissey|[anim] Tera Blast Fire\n|-damage|p2a: Blissey|89\/100\n|\n|-heal|p2a: Blissey|95\/100|[from] item: Leftovers\n|upkeep\n|turn|11\n|\n|t:|1700524061\n|switch|p1a: Muk|Muk, F|93\/100\n|move|p2a: Blissey|Seismic Toss|p1a: Muk\n|-damage|p1a: Muk|67\/100\n|\n|-heal|p2a: Blissey|100\/100|[from] item: Leftovers\n|upkeep\n|turn|12\n|\n|t:|1700524075\n|switch|p2a: Landorus|Landorus-Therian, M|100\/100\n|-ability|p2a: Landorus|Intimidate|boost\n|-unboost|p1a: Muk|atk|1\n|move|p1a: Muk|Drain Punch|p2a: Landorus\n|-resisted|p2a: Landorus\n|-damage|p2a: Landorus|93\/100\n|-heal|p1a: Muk|71\/100|[from] drain|[of] p2a: Landorus\n|\n|-heal|p2a: Landorus|99\/100|[from] item: Leftovers\n|upkeep\n|turn|13\n|\n|t:|1700524089\n|switch|p2a: Vespiquen|Vespiquen, F, shiny, tera:Poison|89\/100 slp\n|-ability|p2a: Vespiquen|Unnerve\n|switch|p1a: Cryogonal|Cryogonal, tera:Fire|79\/100\n|\n|upkeep\n|turn|14\n|\n|t:|1700524099\n|switch|p2a: Blissey|Blissey, F|100\/100\n|move|p1a: Cryogonal|Acid Armor|p1a: Cryogonal\n|-boost|p1a: Cryogonal|def|2\n|\n|upkeep\n|turn|15\n|\n|t:|1700524119\n|switch|p1a: Meowscarada|Meowscarada, M|46\/100\n|move|p2a: Blissey|Thunder Wave|p1a: Meowscarada\n|-status|p1a: Meowscarada|par\n|\n|-damage|p1a: Meowscarada|34\/100 par|[from] item: Black Sludge\n|upkeep\n|turn|16\n|\n|t:|1700524134\n|switch|p2a: Weezing|Weezing-Galar, M|71\/100\n|-ability|p2a: Weezing|Neutralizing Gas\n|cant|p1a: Meowscarada|par\n|\n|-damage|p1a: Meowscarada|22\/100 par|[from] item: Black Sludge\n|-heal|p2a: Weezing|77\/100|[from] item: Black Sludge\n|upkeep\n|turn|17\n|\n|t:|1700524152\n|move|p1a: Meowscarada|Knock Off|p2a: Weezing\n|-resisted|p2a: Weezing\n|-damage|p2a: Weezing|61\/100\n|-enditem|p2a: Weezing|Black Sludge|[from] move: Knock Off|[of] p1a: Meowscarada\n|move|p2a: Weezing|Sludge Bomb|p1a: Meowscarada\n|-supereffective|p1a: Meowscarada\n|-damage|p1a: Meowscarada|0 fnt\n|faint|p1a: Meowscarada\n|\n|upkeep\n|\n|t:|1700524162\n|switch|p1a: Slowbro|Slowbro, F|94\/100 brn\n|turn|18\n|\n|t:|1700524184\n|-end|p2a: Weezing|ability: Neutralizing Gas\n|switch|p2a: Alomomola|Alomomola, M|100\/100\n|switch|p1a: Cinderace|Cinderace, F|100\/100\n|\n|upkeep\n|turn|19\n|\n|t:|1700524193\n|move|p1a: Cinderace|U-turn|p2a: Alomomola\n|-start|p1a: Cinderace|typechange|Bug|[from] ability: Libero\n|-damage|p2a: Alomomola|81\/100\n|\n|t:|1700524206\n|switch|p1a: Slowbro|Slowbro, F|94\/100 brn|[from] U-turn\n|move|p2a: Alomomola|Wish|p2a: Alomomola\n|\n|-heal|p2a: Alomomola|88\/100|[from] item: Leftovers\n|-heal|p1a: Slowbro|100\/100 brn|[from] item: Leftovers\n|-damage|p1a: Slowbro|94\/100 brn|[from] brn\n|upkeep\n|turn|20\n|\n|t:|1700524215\n|switch|p2a: Gholdengo|Gholdengo|65\/100\n|move|p1a: Slowbro|Future Sight|p2a: Gholdengo\n|-start|p1a: Slowbro|move: Future Sight\n|\n|-heal|p2a: Gholdengo|100\/100|[from] move: Wish|[wisher] Alomomola\n|-heal|p1a: Slowbro|100\/100 brn|[from] item: Leftovers\n|-damage|p1a: Slowbro|94\/100 brn|[from] brn\n|upkeep\n|turn|21\n|\n|t:|1700524237\n|switch|p1a: Sandy Shocks|Sandy Shocks|100\/100\n|move|p2a: Gholdengo|Hex|p1a: Sandy Shocks\n|-damage|p1a: Sandy Shocks|62\/100\n|\n|upkeep\n|turn|22\n|\n|t:|1700524252\n|-end|p1a: Sandy Shocks|Protosynthesis|[silent]\n|switch|p1a: Cryogonal|Cryogonal, tera:Fire|79\/100\n|switch|p2a: Landorus|Landorus-Therian, M|99\/100\n|-ability|p2a: Landorus|Intimidate|boost\n|-unboost|p1a: Cryogonal|atk|1\n|\n|-end|p2a: Landorus|move: Future Sight\n|-damage|p2a: Landorus|60\/100\n|-heal|p2a: Landorus|66\/100|[from] item: Leftovers\n|upkeep\n|turn|23\n|\n|t:|1700524270\n|switch|p2a: Blissey|Blissey, F|100\/100\n|move|p1a: Cryogonal|Ice Beam|p2a: Blissey\n|-damage|p2a: Blissey|88\/100\n|\n|-heal|p2a: Blissey|94\/100|[from] item: Leftovers\n|upkeep\n|turn|24\n|\n|t:|1700524285\n|switch|p1a: Slowbro|Slowbro, F|94\/100 brn\n|move|p2a: Blissey|Thunder Wave||[still]\n|-fail|p2a: Blissey\n|\n|-heal|p2a: Blissey|99\/100|[from] item: Leftovers\n|-heal|p1a: Slowbro|100\/100 brn|[from] item: Leftovers\n|-damage|p1a: Slowbro|94\/100 brn|[from] brn\n|upkeep\n|turn|25\n|\n|t:|1700524301\n|move|p2a: Blissey|Seismic Toss|p1a: Slowbro\n|-damage|p1a: Slowbro|69\/100 brn\n|move|p1a: Slowbro|Future Sight|p2a: Blissey\n|-start|p1a: Slowbro|move: Future Sight\n|\n|-heal|p2a: Blissey|100\/100|[from] item: Leftovers\n|-heal|p1a: Slowbro|75\/100 brn|[from] item: Leftovers\n|-damage|p1a: Slowbro|69\/100 brn|[from] brn\n|upkeep\n|turn|26\n|\n|t:|1700524324\n|switch|p1a: Muk|Muk, F|71\/100\n|move|p2a: Blissey|Seismic Toss|p1a: Muk\n|-damage|p1a: Muk|45\/100\n|\n|upkeep\n|turn|27\n|\n|t:|1700524338\n|switch|p2a: Gholdengo|Gholdengo|100\/100\n|move|p1a: Muk|Drain Punch|p2a: Gholdengo\n|-immune|p2a: Gholdengo\n|\n|-end|p2a: Gholdengo|move: Future Sight\n|-resisted|p2a: Gholdengo\n|-damage|p2a: Gholdengo|81\/100\n|upkeep\n|turn|28\n|\n|t:|1700524366\n|switch|p2a: Alomomola|Alomomola, M|100\/100\n|switch|p1a: Sandy Shocks|Sandy Shocks|62\/100\n|\n|upkeep\n|turn|29\n|\n|t:|1700524374\n|switch|p2a: Landorus|Landorus-Therian, M|66\/100\n|-ability|p2a: Landorus|Intimidate|boost\n|-unboost|p1a: Sandy Shocks|atk|1\n|move|p1a: Sandy Shocks|Tri Attack|p2a: Landorus\n|-damage|p2a: Landorus|27\/100\n|\n|-heal|p2a: Landorus|33\/100|[from] item: Leftovers\n|upkeep\n|turn|30\n|\n|t:|1700524390\n|switch|p2a: Blissey|Blissey, F|100\/100\n|move|p1a: Sandy Shocks|Tri Attack|p2a: Blissey\n|-damage|p2a: Blissey|87\/100\n|\n|-heal|p2a: Blissey|93\/100|[from] item: Leftovers\n|upkeep\n|turn|31\n|\n|t:|1700524403\n|-end|p1a: Sandy Shocks|Protosynthesis|[silent]\n|switch|p1a: Slowbro|Slowbro, F|69\/100 brn\n|move|p2a: Blissey|Seismic Toss|p1a: Slowbro\n|-damage|p1a: Slowbro|44\/100 brn\n|\n|-heal|p2a: Blissey|99\/100|[from] item: Leftovers\n|-heal|p1a: Slowbro|50\/100 brn|[from] item: Leftovers\n|-damage|p1a: Slowbro|44\/100 brn|[from] brn\n|upkeep\n|turn|32\n|\n|t:|1700524421\n|switch|p2a: Gholdengo|Gholdengo|81\/100\n|move|p1a: Slowbro|Slack Off|p1a: Slowbro\n|-heal|p1a: Slowbro|94\/100 brn\n|\n|-heal|p1a: Slowbro|99\/100 brn|[from] item: Leftovers\n|-damage|p1a: Slowbro|94\/100 brn|[from] brn\n|upkeep\n|turn|33\n|c|\u2606CommissarWhite|Forgot regenerator oops\n|\n|t:|1700524432\n|switch|p1a: Muk|Muk, F|45\/100\n|move|p2a: Gholdengo|Hex|p1a: Muk\n|-damage|p1a: Muk|31\/100\n|\n|upkeep\n|turn|34\n|\n|t:|1700524443\n|switch|p2a: Alomomola|Alomomola, M|100\/100\n|move|p1a: Muk|Shadow Sneak|p2a: Alomomola\n|-damage|p2a: Alomomola|93\/100\n|-status|p2a: Alomomola|psn|[from] ability: Poison Touch|[of] p1a: Muk\n|\n|-heal|p2a: Alomomola|99\/100 psn|[from] item: Leftovers\n|-damage|p2a: Alomomola|87\/100 psn|[from] psn\n|upkeep\n|turn|35\n|\n|t:|1700524455\n|move|p2a: Alomomola|Scald|p1a: Muk\n|-damage|p1a: Muk|23\/100\n|move|p1a: Muk|Drain Punch|p2a: Alomomola\n|-damage|p2a: Alomomola|73\/100 psn\n|-heal|p1a: Muk|32\/100|[from] drain|[of] p2a: Alomomola\n|\n|-heal|p2a: Alomomola|79\/100 psn|[from] item: Leftovers\n|-damage|p2a: Alomomola|67\/100 psn|[from] psn\n|upkeep\n|turn|36\n|\n|t:|1700524468\n|switch|p1a: Slowbro|Slowbro, F|94\/100 brn\n|move|p2a: Alomomola|Scald|p1a: Slowbro\n|-resisted|p1a: Slowbro\n|-crit|p1a: Slowbro\n|-damage|p1a: Slowbro|82\/100 brn\n|\n|-heal|p2a: Alomomola|73\/100 psn|[from] item: Leftovers\n|-heal|p1a: Slowbro|88\/100 brn|[from] item: Leftovers\n|-damage|p2a: Alomomola|61\/100 psn|[from] psn\n|-damage|p1a: Slowbro|82\/100 brn|[from] brn\n|upkeep\n|turn|37\n|\n|t:|1700524480\n|move|p2a: Alomomola|Flip Turn|p1a: Slowbro\n|-resisted|p1a: Slowbro\n|-damage|p1a: Slowbro|78\/100 brn\n|\n|t:|1700524484\n|switch|p2a: Blissey|Blissey, F|99\/100|[from] Flip Turn\n|move|p1a: Slowbro|Future Sight|p2a: Blissey\n|-start|p1a: Slowbro|move: Future Sight\n|\n|-heal|p2a: Blissey|100\/100|[from] item: Leftovers\n|-heal|p1a: Slowbro|84\/100 brn|[from] item: Leftovers\n|-damage|p1a: Slowbro|78\/100 brn|[from] brn\n|upkeep\n|turn|38\n|\n|t:|1700524503\n|switch|p1a: Cinderace|Cinderace, F|100\/100\n|move|p2a: Blissey|Heal Bell|p2a: Blissey\n|-activate|p2a: Blissey|move: Heal Bell\n|-curestatus|p2: Vespiquen|slp|[msg]\n|-curestatus|p2: Alomomola|psn|[msg]\n|\n|upkeep\n|turn|39\n|\n|t:|1700524514\n|switch|p2a: Alomomola|Alomomola, M|94\/100\n|move|p1a: Cinderace|Bulk Up|p1a: Cinderace\n|-start|p1a: Cinderace|typechange|Fighting|[from] ability: Libero\n|-boost|p1a: Cinderace|atk|1\n|-boost|p1a: Cinderace|def|1\n|\n|-end|p2a: Alomomola|move: Future Sight\n|-damage|p2a: Alomomola|55\/100\n|-heal|p2a: Alomomola|62\/100|[from] item: Leftovers\n|upkeep\n|turn|40\n|\n|t:|1700524534\n|move|p1a: Cinderace|Bulk Up|p1a: Cinderace\n|-boost|p1a: Cinderace|atk|1\n|-boost|p1a: Cinderace|def|1\n|move|p2a: Alomomola|Flip Turn|p1a: Cinderace\n|-damage|p1a: Cinderace|89\/100\n|\n|t:|1700524540\n|switch|p2a: Landorus|Landorus-Therian, M|33\/100|[from] Flip Turn\n|-ability|p2a: Landorus|Intimidate|boost\n|-unboost|p1a: Cinderace|atk|1\n|\n|-heal|p2a: Landorus|40\/100|[from] item: Leftovers\n|upkeep\n|turn|41\n|\n|t:|1700524557\n|switch|p2a: Weezing|Weezing-Galar, M|61\/100\n|-ability|p2a: Weezing|Neutralizing Gas\n|move|p1a: Cinderace|Pyro Ball|p2a: Weezing\n|-damage|p2a: Weezing|23\/100\n|-status|p2a: Weezing|brn\n|\n|-damage|p2a: Weezing|17\/100 brn|[from] brn\n|upkeep\n|turn|42\n|\n|t:|1700524572\n|-end|p2a: Weezing|ability: Neutralizing Gas\n|switch|p2a: Alomomola|Alomomola, M|95\/100\n|move|p1a: Cinderace|U-turn|p2a: Alomomola\n|-damage|p2a: Alomomola|75\/100\n|\n|t:|1700524582\n|switch|p1a: Sandy Shocks|Sandy Shocks|62\/100|[from] U-turn\n|\n|-heal|p2a: Alomomola|81\/100|[from] item: Leftovers\n|upkeep\n|turn|43\n|\n|t:|1700524596\n|switch|p2a: Blissey|Blissey, F|100\/100\n|move|p1a: Sandy Shocks|Volt Switch|p2a: Blissey\n|-damage|p2a: Blissey|84\/100\n|\n|t:|1700524610\n|-end|p1a: Sandy Shocks|Protosynthesis|[silent]\n|switch|p1a: Muk|Muk, F|32\/100|[from] Volt Switch\n|\n|-heal|p2a: Blissey|90\/100|[from] item: Leftovers\n|upkeep\n|turn|44\n|\n|t:|1700524621\n|switch|p2a: Alomomola|Alomomola, M|100\/100\n|move|p1a: Muk|Drain Punch|p2a: Alomomola\n|-damage|p2a: Alomomola|87\/100\n|-heal|p1a: Muk|40\/100|[from] drain|[of] p2a: Alomomola\n|-status|p2a: Alomomola|psn|[from] ability: Poison Touch|[of] p1a: Muk\n|\n|-heal|p2a: Alomomola|93\/100 psn|[from] item: Leftovers\n|-damage|p2a: Alomomola|81\/100 psn|[from] psn\n|upkeep\n|turn|45\n|\n|t:|1700524639\n|move|p2a: Alomomola|Scald|p1a: Muk\n|-damage|p1a: Muk|33\/100\n|-status|p1a: Muk|brn\n|move|p1a: Muk|Gunk Shot|p2a: Alomomola\n|-damage|p2a: Alomomola|64\/100 psn\n|\n|-heal|p2a: Alomomola|70\/100 psn|[from] item: Leftovers\n|-damage|p2a: Alomomola|58\/100 psn|[from] psn\n|-damage|p1a: Muk|26\/100 brn|[from] brn\n|upkeep\n|turn|46\n|\n|t:|1700524655\n|switch|p1a: Slowbro|Slowbro, F|78\/100 brn\n|move|p2a: Alomomola|Flip Turn|p1a: Slowbro\n|-resisted|p1a: Slowbro\n|-damage|p1a: Slowbro|73\/100 brn\n|\n|t:|1700524661\n|switch|p2a: Gholdengo|Gholdengo|81\/100|[from] Flip Turn\n|\n|-heal|p1a: Slowbro|79\/100 brn|[from] item: Leftovers\n|-damage|p1a: Slowbro|73\/100 brn|[from] brn\n|upkeep\n|turn|47\n|\n|t:|1700524674\n|switch|p1a: Muk|Muk, F|26\/100 brn\n|move|p2a: Gholdengo|Hex|p1a: Muk\n|-damage|p1a: Muk|0 fnt\n|faint|p1a: Muk\n|\n|upkeep\n|\n|t:|1700524684\n|switch|p1a: Cinderace|Cinderace, F|89\/100\n|turn|48\n|\n|t:|1700524706\n|switch|p2a: Weezing|Weezing-Galar, M|17\/100 brn\n|-ability|p2a: Weezing|Neutralizing Gas\n|move|p1a: Cinderace|Bulk Up|p1a: Cinderace\n|-boost|p1a: Cinderace|atk|1\n|-boost|p1a: Cinderace|def|1\n|\n|-damage|p2a: Weezing|11\/100 brn|[from] brn\n|upkeep\n|turn|49\n|\n|t:|1700524738\n|move|p1a: Cinderace|Pyro Ball|p2a: Weezing\n|-damage|p2a: Weezing|0 fnt\n|faint|p2a: Weezing\n|-end|p2a: Weezing|ability: Neutralizing Gas\n|\n|upkeep\n|\n|t:|1700524746\n|switch|p2a: Landorus|Landorus-Therian, M|40\/100\n|-ability|p2a: Landorus|Intimidate|boost\n|-unboost|p1a: Cinderace|atk|1\n|turn|50\n|\n|t:|1700524759\n|switch|p2a: Alomomola|Alomomola, M|91\/100 psn\n|move|p1a: Cinderace|U-turn|p2a: Alomomola\n|-start|p1a: Cinderace|typechange|Bug|[from] ability: Libero\n|-damage|p2a: Alomomola|70\/100 psn\n|\n|t:|1700524767\n|switch|p1a: Sandy Shocks|Sandy Shocks|62\/100|[from] U-turn\n|\n|-heal|p2a: Alomomola|77\/100 psn|[from] item: Leftovers\n|-damage|p2a: Alomomola|64\/100 psn|[from] psn\n|upkeep\n|turn|51\n|\n|t:|1700524776\n|switch|p2a: Blissey|Blissey, F|90\/100\n|move|p1a: Sandy Shocks|Tri Attack|p2a: Blissey\n|-damage|p2a: Blissey|76\/100\n|\n|-heal|p2a: Blissey|82\/100|[from] item: Leftovers\n|upkeep\n|turn|52\n|\n|t:|1700524787\n|-end|p1a: Sandy Shocks|Protosynthesis|[silent]\n|switch|p1a: Slowbro|Slowbro, F|73\/100 brn\n|move|p2a: Blissey|Heal Bell|p2a: Blissey\n|-activate|p2a: Blissey|move: Heal Bell\n|-curestatus|p2: Alomomola|psn|[msg]\n|\n|-heal|p2a: Blissey|88\/100|[from] item: Leftovers\n|-heal|p1a: Slowbro|79\/100 brn|[from] item: Leftovers\n|-damage|p1a: Slowbro|73\/100 brn|[from] brn\n|upkeep\n|turn|53\n|\n|t:|1700524811\n|switch|p2a: Gholdengo|Gholdengo|81\/100\n|move|p1a: Slowbro|Yawn|p2a: Gholdengo\n|-immune|p2a: Gholdengo|[from] ability: Good as Gold\n|\n|-heal|p1a: Slowbro|79\/100 brn|[from] item: Leftovers\n|-damage|p1a: Slowbro|73\/100 brn|[from] brn\n|upkeep\n|turn|54\n|\n|t:|1700524831\n|switch|p1a: Cryogonal|Cryogonal, tera:Fire|79\/100\n|move|p2a: Gholdengo|Hex|p1a: Cryogonal\n|-damage|p1a: Cryogonal|56\/100\n|\n|upkeep\n|turn|55\n|\n|t:|1700524839\n|switch|p1a: Cinderace|Cinderace, F|89\/100\n|switch|p2a: Blissey|Blissey, F|88\/100\n|\n|-heal|p2a: Blissey|94\/100|[from] item: Leftovers\n|upkeep\n|turn|56\n|\n|t:|1700524854\n|switch|p2a: Alomomola|Alomomola, M|98\/100\n|move|p1a: Cinderace|High Jump Kick|p2a: Alomomola\n|-start|p1a: Cinderace|typechange|Fighting|[from] ability: Libero\n|-damage|p2a: Alomomola|60\/100\n|\n|-heal|p2a: Alomomola|66\/100|[from] item: Leftovers\n|upkeep\n|turn|57\n|\n|t:|1700524871\n|move|p1a: Cinderace|Bulk Up|p1a: Cinderace\n|-boost|p1a: Cinderace|atk|1\n|-boost|p1a: Cinderace|def|1\n|move|p2a: Alomomola|Scald|p1a: Cinderace\n|-crit|p1a: Cinderace\n|-damage|p1a: Cinderace|59\/100\n|\n|-heal|p2a: Alomomola|72\/100|[from] item: Leftovers\n|upkeep\n|turn|58\n|\n|t:|1700524887\n|move|p2a: Alomomola|Protect|p2a: Alomomola\n|-singleturn|p2a: Alomomola|Protect\n|move|p1a: Cinderace|Bulk Up|p1a: Cinderace\n|-boost|p1a: Cinderace|atk|1\n|-boost|p1a: Cinderace|def|1\n|\n|-heal|p2a: Alomomola|78\/100|[from] item: Leftovers\n|upkeep\n|turn|59\n|\n|t:|1700524897\n|switch|p2a: Landorus|Landorus-Therian, M|40\/100\n|-ability|p2a: Landorus|Intimidate|boost\n|-unboost|p1a: Cinderace|atk|1\n|move|p1a: Cinderace|Pyro Ball|p2a: Landorus\n|-damage|p2a: Landorus|0 fnt\n|faint|p2a: Landorus\n|\n|upkeep\n|\n|t:|1700524905\n|switch|p2a: Alomomola|Alomomola, M|100\/100\n|turn|60\n|\n|t:|1700524914\n|move|p1a: Cinderace|Bulk Up|p1a: Cinderace\n|-boost|p1a: Cinderace|atk|1\n|-boost|p1a: Cinderace|def|1\n|move|p2a: Alomomola|Scald|p1a: Cinderace\n|-damage|p1a: Cinderace|40\/100\n|-enditem|p1a: Cinderace|Sitrus Berry|[eat]\n|-heal|p1a: Cinderace|65\/100|[from] item: Sitrus Berry\n|\n|upkeep\n|turn|61\n|\n|t:|1700524925\n|move|p1a: Cinderace|Pyro Ball|p2a: Alomomola\n|-resisted|p2a: Alomomola\n|-damage|p2a: Alomomola|79\/100\n|move|p2a: Alomomola|Scald|p1a: Cinderace\n|-damage|p1a: Cinderace|45\/100\n|\n|-heal|p2a: Alomomola|85\/100|[from] item: Leftovers\n|upkeep\n|turn|62\n|\n|t:|1700524937\n|move|p2a: Alomomola|Protect|p2a: Alomomola\n|-singleturn|p2a: Alomomola|Protect\n|move|p1a: Cinderace|Bulk Up|p1a: Cinderace\n|-boost|p1a: Cinderace|atk|1\n|-boost|p1a: Cinderace|def|1\n|\n|-heal|p2a: Alomomola|91\/100|[from] item: Leftovers\n|upkeep\n|turn|63\n|\n|t:|1700524945\n|move|p1a: Cinderace|High Jump Kick|p2a: Alomomola\n|-crit|p2a: Alomomola\n|-damage|p2a: Alomomola|0 fnt\n|faint|p2a: Alomomola\n|\n|upkeep\n|\n|t:|1700524954\n|switch|p2a: Vespiquen|Vespiquen, F, shiny, tera:Poison|89\/100\n|-ability|p2a: Vespiquen|Unnerve\n|turn|64\n|\n|t:|1700524980\n|move|p1a: Cinderace|Pyro Ball|p2a: Vespiquen\n|-damage|p2a: Vespiquen|0 fnt\n|faint|p2a: Vespiquen\n|\n|upkeep\n|\n|t:|1700524985\n|switch|p2a: Blissey|Blissey, F|94\/100\n|turn|65\n|\n|t:|1700524991\n|move|p1a: Cinderace|Pyro Ball|p2a: Blissey|[miss]\n|-miss|p1a: Cinderace|p2a: Blissey\n|move|p2a: Blissey|Thunder Wave|p1a: Cinderace\n|-status|p1a: Cinderace|par\n|\n|-heal|p2a: Blissey|99\/100|[from] item: Leftovers\n|upkeep\n|turn|66\n|\n|t:|1700525009\n|cant|p1a: Cinderace|par\n|move|p2a: Blissey|Seismic Toss|p1a: Cinderace\n|-damage|p1a: Cinderace|11\/100 par\n|\n|-heal|p2a: Blissey|100\/100|[from] item: Leftovers\n|upkeep\n|turn|67\n|\n|t:|1700525030\n|move|p1a: Cinderace|Pyro Ball|p2a: Blissey\n|-damage|p2a: Blissey|2\/100\n|move|p2a: Blissey|Seismic Toss|p1a: Cinderace\n|-damage|p1a: Cinderace|0 fnt\n|faint|p1a: Cinderace\n|\n|-heal|p2a: Blissey|8\/100|[from] item: Leftovers\n|upkeep\n|\n|t:|1700525048\n|switch|p1a: Sandy Shocks|Sandy Shocks|62\/100\n|turn|68\n|\n|t:|1700525058\n|move|p1a: Sandy Shocks|Thunderbolt|p2a: Blissey\n|-damage|p2a: Blissey|0 fnt\n|faint|p2a: Blissey\n|\n|upkeep\n|\n|t:|1700525062\n|switch|p2a: Gholdengo|Gholdengo|81\/100\n|turn|69\n|\n|t:|1700525067\n|move|p1a: Sandy Shocks|Thunderbolt|p2a: Gholdengo\n|-damage|p2a: Gholdengo|20\/100\n|move|p2a: Gholdengo|Recover|p2a: Gholdengo\n|-heal|p2a: Gholdengo|70\/100\n|\n|upkeep\n|turn|70\n|\n|t:|1700525073\n|move|p1a: Sandy Shocks|Thunderbolt|p2a: Gholdengo\n|-damage|p2a: Gholdengo|3\/100\n|-status|p2a: Gholdengo|par\n|move|p2a: Gholdengo|Recover|p2a: Gholdengo\n|-heal|p2a: Gholdengo|53\/100 par\n|\n|upkeep\n|turn|71\n|\n|t:|1700525080\n|move|p1a: Sandy Shocks|Thunderbolt|p2a: Gholdengo\n|-damage|p2a: Gholdengo|0 fnt\n|faint|p2a: Gholdengo\n|\n|win|CommissarWhite\n","uploadtime":1700525087,"views":16,"p1id":"commissarwhite","p2id":"hammos","formatid":"gen9ou","rating":0,"private":0,"password":""}