{"id":"gen9ou-1992823241","p1":"NotLeFrosty","p2":"twoj stary wedkarz","format":"[Gen 9] OU","log":"|j|\u2606NotLeFrosty\n|j|\u2606twoj stary wedkarz\n|t:|1700238539\n|gametype|singles\n|player|p1|NotLeFrosty|169|1018\n|player|p2|twoj stary wedkarz|265|1000\n|teamsize|p1|6\n|teamsize|p2|6\n|gen|9\n|tier|[Gen 9] OU\n|rated|\n|rule|Sleep Clause Mod: Limit one foe put to sleep\n|rule|Species Clause: Limit one of each Pok\u00e9mon\n|rule|OHKO Clause: OHKO moves are banned\n|rule|Evasion Items Clause: Evasion items are banned\n|rule|Evasion Moves Clause: Evasion moves are banned\n|rule|Endless Battle Clause: Forcing endless battles is banned\n|rule|HP Percentage Mod: HP is shown in percentages\n|clearpoke\n|poke|p1|Okidogi, M|\n|poke|p1|Dragonite, F|\n|poke|p1|Ribombee, M|\n|poke|p1|Zoroark-Hisui, F|\n|poke|p1|Rillaboom, M|\n|poke|p1|Maushold-Four|\n|poke|p2|Gengar, F|\n|poke|p2|Azumarill, F|\n|poke|p2|Clefable, M|\n|poke|p2|Dragonite, F|\n|poke|p2|Kingambit, F|\n|poke|p2|Slowbro-Galar, M|\n|teampreview\n|\n|t:|1700238561\n|start\n|switch|p1a: Ribombee|Ribombee, M|100\/100\n|switch|p2a: fuck goldhengo|Clefable, M|100\/100\n|turn|1\n|c|\u2606NotLeFrosty|real\n|c|\u2606NotLeFrosty|hate goldengo\n|\n|t:|1700238585\n|move|p1a: Ribombee|Sticky Web|p2a: fuck goldhengo\n|-sidestart|p2: twoj stary wedkarz|move: Sticky Web\n|move|p2a: fuck goldhengo|Stealth Rock|p1a: Ribombee\n|-sidestart|p1: NotLeFrosty|move: Stealth Rock\n|\n|upkeep\n|turn|2\n|\n|t:|1700238601\n|move|p1a: Ribombee|Stun Spore|p2a: fuck goldhengo\n|-status|p2a: fuck goldhengo|par\n|move|p2a: fuck goldhengo|Thunder Wave|p1a: Ribombee\n|-status|p1a: Ribombee|par\n|\n|upkeep\n|turn|3\n|\n|t:|1700238613\n|switch|p2a: fuck ogerpon|Azumarill, F|100\/100\n|-activate|p2a: fuck ogerpon|move: Sticky Web\n|-unboost|p2a: fuck ogerpon|spe|1\n|cant|p1a: Ribombee|par\n|\n|upkeep\n|turn|4\n|\n|t:|1700238622\n|move|p1a: Ribombee|Stun Spore|p2a: fuck ogerpon\n|-status|p2a: fuck ogerpon|par\n|cant|p2a: fuck ogerpon|par\n|\n|upkeep\n|turn|5\n|\n|t:|1700238630\n|cant|p1a: Ribombee|par\n|move|p2a: fuck ogerpon|Belly Drum|p2a: fuck ogerpon\n|-damage|p2a: fuck ogerpon|50\/100 par\n|-setboost|p2a: fuck ogerpon|atk|6|[from] move: Belly Drum\n|\n|-heal|p2a: fuck ogerpon|57\/100 par|[from] item: Leftovers\n|upkeep\n|turn|6\n|\n|t:|1700238648\n|-terastallize|p2a: fuck ogerpon|Water\n|move|p2a: fuck ogerpon|Aqua Jet|p1a: Ribombee\n|-damage|p1a: Ribombee|0 fnt\n|faint|p1a: Ribombee\n|\n|-heal|p2a: fuck ogerpon|63\/100 par|[from] item: Leftovers\n|upkeep\n|\n|t:|1700238653\n|switch|p1a: Rillaboom|Rillaboom, M, shiny|100\/100\n|-damage|p1a: Rillaboom|88\/100|[from] Stealth Rock\n|-fieldstart|move: Grassy Terrain|[from] ability: Grassy Surge|[of] p1a: Rillaboom\n|turn|7\n|\n|t:|1700238669\n|-terastallize|p1a: Rillaboom|Grass\n|move|p1a: Rillaboom|Grassy Glide|p2a: fuck ogerpon\n|-supereffective|p2a: fuck ogerpon\n|-damage|p2a: fuck ogerpon|0 fnt\n|faint|p2a: fuck ogerpon\n|\n|-heal|p1a: Rillaboom|94\/100|[from] Grassy Terrain\n|upkeep\n|\n|t:|1700238680\n|switch|p2a: Slowbro|Slowbro-Galar, M|100\/100\n|-activate|p2a: Slowbro|move: Sticky Web\n|-unboost|p2a: Slowbro|spe|1\n|turn|8\n|\n|t:|1700238687\n|move|p1a: Rillaboom|Grassy Glide|p2a: Slowbro\n|-resisted|p2a: Slowbro\n|-damage|p2a: Slowbro|66\/100\n|move|p2a: Slowbro|Gunk Shot|p1a: Rillaboom|[miss]\n|-miss|p2a: Slowbro|p1a: Rillaboom\n|\n|-heal|p1a: Rillaboom|100\/100|[from] Grassy Terrain\n|-heal|p2a: Slowbro|72\/100|[from] Grassy Terrain\n|-heal|p2a: Slowbro|78\/100|[from] item: Leftovers\n|upkeep\n|turn|9\n|\n|t:|1700238698\n|move|p1a: Rillaboom|Grassy Glide|p2a: Slowbro\n|-resisted|p2a: Slowbro\n|-damage|p2a: Slowbro|44\/100\n|move|p2a: Slowbro|Gunk Shot|p1a: Rillaboom\n|-supereffective|p1a: Rillaboom\n|-damage|p1a: Rillaboom|0 fnt\n|faint|p1a: Rillaboom\n|\n|-heal|p2a: Slowbro|50\/100|[from] Grassy Terrain\n|-heal|p2a: Slowbro|56\/100|[from] item: Leftovers\n|upkeep\n|\n|t:|1700238705\n|switch|p1a: Maushold|Maushold-Four|100\/100\n|-damage|p1a: Maushold|88\/100|[from] Stealth Rock\n|turn|10\n|-activate|p2a: Slowbro|ability: Quick Draw\n|\n|t:|1700238725\n|move|p2a: Slowbro|Gunk Shot|p1a: Maushold|[miss]\n|-miss|p2a: Slowbro|p1a: Maushold\n|move|p1a: Maushold|Tidy Up|p1a: Maushold\n|-sideend|p1: NotLeFrosty|Stealth Rock\n|-sideend|p2: twoj stary wedkarz|Sticky Web\n|-activate|p1a: Maushold|move: Tidy Up\n|-boost|p1a: Maushold|atk|1\n|-boost|p1a: Maushold|spe|1\n|\n|-heal|p1a: Maushold|94\/100|[from] Grassy Terrain\n|-heal|p2a: Slowbro|62\/100|[from] Grassy Terrain\n|-heal|p2a: Slowbro|68\/100|[from] item: Leftovers\n|upkeep\n|turn|11\n|\n|t:|1700238740\n|move|p1a: Maushold|Population Bomb|p2a: Slowbro\n|-damage|p2a: Slowbro|54\/100\n|-damage|p2a: Slowbro|40\/100\n|-damage|p2a: Slowbro|25\/100\n|-damage|p2a: Slowbro|10\/100\n|-hitcount|p2a: Slowbro|4\n|move|p2a: Slowbro|Gunk Shot|p1a: Maushold\n|-damage|p1a: Maushold|10\/100\n|\n|-heal|p1a: Maushold|16\/100|[from] Grassy Terrain\n|-heal|p2a: Slowbro|16\/100|[from] Grassy Terrain\n|-heal|p2a: Slowbro|22\/100|[from] item: Leftovers\n|-fieldend|move: Grassy Terrain\n|upkeep\n|turn|12\n|-activate|p2a: Slowbro|ability: Quick Draw\n|\n|t:|1700238757\n|move|p2a: Slowbro|Earthquake|p1a: Maushold\n|-damage|p1a: Maushold|0 fnt\n|faint|p1a: Maushold\n|\n|-heal|p2a: Slowbro|28\/100|[from] item: Leftovers\n|upkeep\n|-message|NotLeFrosty forfeited.\n|\n|win|twoj stary wedkarz\n|raw|NotLeFrosty's rating: 1018 &rarr; <strong>1005<\/strong><br \/>(-13 for losing)\n|raw|twoj stary wedkarz's rating: 1000 &rarr; <strong>1042<\/strong><br \/>(+42 for winning)\n|l|\u2606NotLeFrosty\n","uploadtime":1700238799,"views":12,"p1id":"notlefrosty","p2id":"twojstarywedkarz","formatid":"gen9ou","rating":1005,"private":0,"password":""}