{"id":"gen9ou-1992313397","p1":"Docter_Peng99","p2":"AubreyOmori1","format":"[Gen 9] OU","log":"|j|\u2606Docter_Peng99\n|j|\u2606AubreyOmori1\n|t:|1700173664\n|gametype|singles\n|player|p1|Docter_Peng99|larry|1178\n|player|p2|AubreyOmori1|roxie|1271\n|teamsize|p1|6\n|teamsize|p2|6\n|gen|9\n|tier|[Gen 9] OU\n|rated|\n|rule|Sleep Clause Mod: Limit one foe put to sleep\n|rule|Species Clause: Limit one of each Pok\u00e9mon\n|rule|OHKO Clause: OHKO moves are banned\n|rule|Evasion Items Clause: Evasion items are banned\n|rule|Evasion Moves Clause: Evasion moves are banned\n|rule|Endless Battle Clause: Forcing endless battles is banned\n|rule|HP Percentage Mod: HP is shown in percentages\n|clearpoke\n|poke|p1|Heatran, M|\n|poke|p1|Great Tusk|\n|poke|p1|Iron Moth|\n|poke|p1|Iron Valiant|\n|poke|p1|Dragapult, M|\n|poke|p1|Kingambit, M|\n|poke|p2|Clefable, F|\n|poke|p2|Alomomola, F|\n|poke|p2|Blissey, F|\n|poke|p2|Clodsire, M|\n|poke|p2|Dondozo, M|\n|poke|p2|Amoonguss, M|\n|teampreview\n|\n|t:|1700173669\n|start\n|switch|p1a: Wall|Heatran, M|100\/100\n|switch|p2a: Aubrey|Clefable, F, shiny|100\/100\n|turn|1\n|\n|t:|1700173672\n|move|p1a: Wall|Magma Storm|p2a: Aubrey|[miss]\n|-miss|p1a: Wall|p2a: Aubrey\n|move|p2a: Aubrey|Knock Off|p1a: Wall\n|-damage|p1a: Wall|89\/100\n|-enditem|p1a: Wall|Leftovers|[from] move: Knock Off|[of] p2a: Aubrey\n|\n|upkeep\n|turn|2\n|\n|t:|1700173683\n|switch|p2a: Pin|Alomomola, F, shiny|100\/100\n|move|p1a: Wall|Stealth Rock|p2a: Pin\n|-sidestart|p2: AubreyOmori1|move: Stealth Rock\n|\n|upkeep\n|turn|3\n|\n|t:|1700173688\n|move|p1a: Wall|Taunt|p2a: Pin\n|-start|p2a: Pin|move: Taunt\n|move|p2a: Pin|Mirror Coat||[still]\n|-fail|p2a: Pin\n|\n|upkeep\n|turn|4\n|\n|t:|1700173694\n|move|p1a: Wall|Magma Storm|p2a: Pin\n|-resisted|p2a: Pin\n|-damage|p2a: Pin|76\/100\n|-activate|p2a: Pin|move: Magma Storm|[of] p1a: Wall\n|move|p2a: Pin|Flip Turn|p1a: Wall\n|-supereffective|p1a: Wall\n|-damage|p1a: Wall|60\/100\n|\n|t:|1700173698\n|switch|p2a: Mari|Blissey, F, shiny|100\/100|[from] Flip Turn\n|\n|upkeep\n|turn|5\n|\n|t:|1700173702\n|move|p1a: Wall|Taunt|p2a: Mari\n|-start|p2a: Mari|move: Taunt\n|move|p2a: Mari|Seismic Toss|p1a: Wall\n|-damage|p1a: Wall|34\/100\n|\n|upkeep\n|turn|6\n|\n|t:|1700173706\n|move|p1a: Wall|Magma Storm|p2a: Mari|[miss]\n|-miss|p1a: Wall|p2a: Mari\n|move|p2a: Mari|Seismic Toss|p1a: Wall\n|-damage|p1a: Wall|9\/100\n|\n|upkeep\n|turn|7\n|\n|t:|1700173710\n|switch|p2a: Pin|Alomomola, F, shiny|100\/100\n|move|p1a: Wall|Magma Storm|p2a: Pin\n|-resisted|p2a: Pin\n|-damage|p2a: Pin|76\/100\n|-activate|p2a: Pin|move: Magma Storm|[of] p1a: Wall\n|\n|-damage|p2a: Pin|63\/100|[from] move: Magma Storm|[partiallytrapped]\n|upkeep\n|turn|8\n|\n|t:|1700173714\n|move|p1a: Wall|Earth Power|p2a: Pin\n|-damage|p2a: Pin|35\/100\n|move|p2a: Pin|Flip Turn|p1a: Wall\n|-supereffective|p1a: Wall\n|-damage|p1a: Wall|0 fnt\n|faint|p1a: Wall\n|\n|t:|1700173720\n|switch|p2a: Aubrey|Clefable, F, shiny|100\/100|[from] Flip Turn\n|\n|upkeep\n|\n|t:|1700173729\n|switch|p1a: Ancient Elephant|Great Tusk|100\/100\n|turn|9\n|\n|t:|1700173732\n|move|p1a: Ancient Elephant|Earthquake|p2a: Aubrey\n|-damage|p2a: Aubrey|60\/100\n|move|p2a: Aubrey|Moonblast|p1a: Ancient Elephant\n|-supereffective|p1a: Ancient Elephant\n|-damage|p1a: Ancient Elephant|48\/100\n|-unboost|p1a: Ancient Elephant|spa|1\n|\n|-heal|p2a: Aubrey|66\/100|[from] item: Leftovers\n|upkeep\n|turn|10\n|\n|t:|1700173747\n|move|p1a: Ancient Elephant|Earthquake|p2a: Aubrey\n|-damage|p2a: Aubrey|19\/100\n|move|p2a: Aubrey|Wish|p2a: Aubrey\n|\n|-heal|p2a: Aubrey|25\/100|[from] item: Leftovers\n|upkeep\n|turn|11\n|\n|t:|1700173751\n|move|p2a: Aubrey|Protect|p2a: Aubrey\n|-singleturn|p2a: Aubrey|Protect\n|move|p1a: Ancient Elephant|Earthquake|p2a: Aubrey\n|-activate|p2a: Aubrey|move: Protect\n|\n|-heal|p2a: Aubrey|75\/100|[from] move: Wish|[wisher] Aubrey\n|-heal|p2a: Aubrey|81\/100|[from] item: Leftovers\n|upkeep\n|turn|12\n|\n|t:|1700173766\n|move|p1a: Ancient Elephant|Earthquake|p2a: Aubrey\n|-damage|p2a: Aubrey|41\/100\n|move|p2a: Aubrey|Wish|p2a: Aubrey\n|\n|-heal|p2a: Aubrey|47\/100|[from] item: Leftovers\n|upkeep\n|turn|13\n|\n|t:|1700173775\n|move|p1a: Ancient Elephant|Knock Off|p2a: Aubrey\n|-resisted|p2a: Aubrey\n|-damage|p2a: Aubrey|34\/100\n|-enditem|p2a: Aubrey|Leftovers|[from] move: Knock Off|[of] p1a: Ancient Elephant\n|move|p2a: Aubrey|Moonblast|p1a: Ancient Elephant\n|-supereffective|p1a: Ancient Elephant\n|-crit|p1a: Ancient Elephant\n|-damage|p1a: Ancient Elephant|0 fnt\n|faint|p1a: Ancient Elephant\n|-end|p1a: Ancient Elephant|Protosynthesis|[silent]\n|\n|-heal|p2a: Aubrey|84\/100|[from] move: Wish|[wisher] Aubrey\n|upkeep\n|\n|t:|1700173779\n|switch|p1a: Solarflare|Iron Moth|100\/100\n|-enditem|p1a: Solarflare|Booster Energy\n|-activate|p1a: Solarflare|ability: Quark Drive|[fromitem]\n|-start|p1a: Solarflare|quarkdrivespe\n|turn|14\n|\n|t:|1700173783\n|switch|p2a: Pin|Alomomola, F, shiny|69\/100\n|move|p1a: Solarflare|Sludge Wave|p2a: Pin\n|-crit|p2a: Pin\n|-damage|p2a: Pin|0 fnt\n|faint|p2a: Pin\n|\n|upkeep\n|\n|t:|1700173790\n|switch|p2a: Basil|Clodsire, M, shiny|100\/100\n|turn|15\n|\n|t:|1700173794\n|move|p1a: Solarflare|Substitute|p1a: Solarflare\n|-start|p1a: Solarflare|Substitute\n|-damage|p1a: Solarflare|76\/100\n|move|p2a: Basil|Amnesia|p2a: Basil\n|-boost|p2a: Basil|spd|2\n|\n|upkeep\n|turn|16\n|\n|t:|1700173798\n|move|p1a: Solarflare|Fiery Dance|p2a: Basil\n|-damage|p2a: Basil|90\/100\n|move|p2a: Basil|Poison Jab|p1a: Solarflare\n|-resisted|p1a: Solarflare\n|-activate|p1a: Solarflare|move: Substitute|[damage]\n|\n|upkeep\n|turn|17\n|\n|t:|1700173803\n|move|p1a: Solarflare|Fiery Dance|p2a: Basil\n|-damage|p2a: Basil|79\/100\n|-boost|p1a: Solarflare|spa|1\n|move|p2a: Basil|Poison Jab|p1a: Solarflare\n|-resisted|p1a: Solarflare\n|-end|p1a: Solarflare|Substitute\n|\n|upkeep\n|turn|18\n|\n|t:|1700173807\n|move|p1a: Solarflare|Fiery Dance|p2a: Basil\n|-damage|p2a: Basil|67\/100\n|-boost|p1a: Solarflare|spa|1\n|move|p2a: Basil|Spikes|p1a: Solarflare\n|-sidestart|p1: Docter_Peng99|Spikes\n|\n|upkeep\n|turn|19\n|\n|t:|1700173811\n|move|p1a: Solarflare|Fiery Dance|p2a: Basil\n|-damage|p2a: Basil|57\/100\n|move|p2a: Basil|Poison Jab|p1a: Solarflare\n|-resisted|p1a: Solarflare\n|-damage|p1a: Solarflare|59\/100\n|\n|upkeep\n|turn|20\n|\n|t:|1700173814\n|move|p1a: Solarflare|Fiery Dance|p2a: Basil\n|-damage|p2a: Basil|46\/100\n|move|p2a: Basil|Poison Jab|p1a: Solarflare\n|-resisted|p1a: Solarflare\n|-damage|p1a: Solarflare|44\/100\n|\n|upkeep\n|turn|21\n|\n|t:|1700173817\n|move|p1a: Solarflare|Fiery Dance|p2a: Basil\n|-damage|p2a: Basil|36\/100\n|-boost|p1a: Solarflare|spa|1\n|move|p2a: Basil|Poison Jab|p1a: Solarflare\n|-resisted|p1a: Solarflare\n|-damage|p1a: Solarflare|28\/100\n|\n|upkeep\n|turn|22\n|\n|t:|1700173820\n|move|p1a: Solarflare|Sludge Wave|p2a: Basil\n|-resisted|p2a: Basil\n|-damage|p2a: Basil|32\/100\n|move|p2a: Basil|Poison Jab|p1a: Solarflare\n|-resisted|p1a: Solarflare\n|-damage|p1a: Solarflare|13\/100\n|\n|upkeep\n|turn|23\n|\n|t:|1700173823\n|move|p1a: Solarflare|Fiery Dance|p2a: Basil\n|-damage|p2a: Basil|21\/100\n|-boost|p1a: Solarflare|spa|1\n|move|p2a: Basil|Spikes|p1a: Solarflare\n|-sidestart|p1: Docter_Peng99|Spikes\n|\n|upkeep\n|turn|24\n|\n|t:|1700173826\n|move|p1a: Solarflare|Fiery Dance|p2a: Basil\n|-damage|p2a: Basil|10\/100\n|move|p2a: Basil|Spikes|p1a: Solarflare\n|-sidestart|p1: Docter_Peng99|Spikes\n|\n|upkeep\n|turn|25\n|\n|t:|1700173830\n|move|p1a: Solarflare|Fiery Dance|p2a: Basil\n|-damage|p2a: Basil|0 fnt\n|faint|p2a: Basil\n|\n|upkeep\n|\n|t:|1700173838\n|switch|p2a: Mari|Blissey, F, shiny|100\/100\n|turn|26\n|\n|t:|1700173841\n|move|p1a: Solarflare|Fiery Dance|p2a: Mari\n|-damage|p2a: Mari|65\/100\n|-boost|p1a: Solarflare|spa|1\n|move|p2a: Mari|Stealth Rock|p1a: Solarflare\n|-sidestart|p1: Docter_Peng99|move: Stealth Rock\n|\n|upkeep\n|turn|27\n|\n|t:|1700173847\n|move|p1a: Solarflare|Sludge Wave|p2a: Mari\n|-damage|p2a: Mari|16\/100\n|move|p2a: Mari|Seismic Toss|p1a: Solarflare\n|-damage|p1a: Solarflare|0 fnt\n|faint|p1a: Solarflare\n|-end|p1a: Solarflare|Quark Drive|[silent]\n|\n|upkeep\n|\n|t:|1700173850\n|switch|p1a: Metaslayer|Iron Valiant|100\/100\n|-damage|p1a: Metaslayer|76\/100|[from] Spikes\n|-damage|p1a: Metaslayer|69\/100|[from] Stealth Rock\n|-enditem|p1a: Metaslayer|Booster Energy\n|-activate|p1a: Metaslayer|ability: Quark Drive|[fromitem]\n|-start|p1a: Metaslayer|quarkdrivespe\n|turn|28\n|\n|t:|1700173857\n|switch|p2a: Aubrey|Clefable, F, shiny|84\/100\n|move|p1a: Metaslayer|Psyshock|p2a: Aubrey\n|-damage|p2a: Aubrey|64\/100\n|\n|upkeep\n|turn|29\n|\n|t:|1700173860\n|move|p1a: Metaslayer|Destiny Bond|p1a: Metaslayer\n|-singlemove|p1a: Metaslayer|Destiny Bond\n|move|p2a: Aubrey|Moonblast|p1a: Metaslayer\n|-supereffective|p1a: Metaslayer\n|-damage|p1a: Metaslayer|0 fnt\n|faint|p1a: Metaslayer\n|-activate|p1a: Metaslayer|move: Destiny Bond\n|-end|p1a: Metaslayer|Quark Drive|[silent]\n|faint|p2a: Aubrey\n|\n|upkeep\n|\n|t:|1700173865\n|switch|p1a: Gotta Sweep|Dragapult, M, shiny|100\/100\n|switch|p2a: Toad|Amoonguss, M, shiny|100\/100\n|-damage|p1a: Gotta Sweep|76\/100|[from] Spikes\n|-damage|p1a: Gotta Sweep|63\/100|[from] Stealth Rock\n|turn|30\n|\n|t:|1700173869\n|move|p1a: Gotta Sweep|Dragon Darts|p2a: Toad\n|-damage|p2a: Toad|74\/100\n|-anim|p1a: Gotta Sweep|Dragon Darts|p2a: Toad\n|-damage|p2a: Toad|49\/100\n|move|p2a: Toad|Foul Play|p1a: Gotta Sweep\n|-supereffective|p1a: Gotta Sweep\n|-damage|p1a: Gotta Sweep|0 fnt\n|faint|p1a: Gotta Sweep\n|\n|upkeep\n|\n|t:|1700173871\n|switch|p1a: Checkmate|Kingambit, M, shiny|100\/100\n|-damage|p1a: Checkmate|76\/100|[from] Spikes\n|-damage|p1a: Checkmate|69\/100|[from] Stealth Rock\n|-activate|p1a: Checkmate|ability: Supreme Overlord\n|-start|p1a: Checkmate|fallen5|[silent]\n|turn|31\n|\n|t:|1700173873\n|move|p1a: Checkmate|Swords Dance|p1a: Checkmate\n|-boost|p1a: Checkmate|atk|2\n|move|p2a: Toad|Spore|p1a: Checkmate\n|-status|p1a: Checkmate|slp|[from] move: Spore\n|\n|-heal|p1a: Checkmate|76\/100 slp|[from] item: Leftovers\n|upkeep\n|turn|32\n|\n|t:|1700173877\n|cant|p1a: Checkmate|slp\n|move|p2a: Toad|Clear Smog|p1a: Checkmate\n|-immune|p1a: Checkmate\n|\n|-heal|p1a: Checkmate|82\/100 slp|[from] item: Leftovers\n|upkeep\n|turn|33\n|\n|t:|1700173879\n|switch|p2a: Bowser|Dondozo, M, shiny|100\/100\n|-curestatus|p1a: Checkmate|slp|[msg]\n|move|p1a: Checkmate|Kowtow Cleave|p2a: Bowser\n|-damage|p2a: Bowser|67\/100\n|\n|-heal|p1a: Checkmate|88\/100|[from] item: Leftovers\n|upkeep\n|turn|34\n|\n|t:|1700173885\n|switch|p2a: Mari|Blissey, F, shiny|16\/100\n|-terastallize|p1a: Checkmate|Flying\n|move|p1a: Checkmate|Swords Dance|p1a: Checkmate\n|-boost|p1a: Checkmate|atk|2\n|\n|-heal|p1a: Checkmate|94\/100|[from] item: Leftovers\n|upkeep\n|turn|35\n|\n|t:|1700173889\n|move|p1a: Checkmate|Kowtow Cleave|p2a: Mari\n|-damage|p2a: Mari|0 fnt\n|faint|p2a: Mari\n|\n|-heal|p1a: Checkmate|100\/100|[from] item: Leftovers\n|upkeep\n|\n|t:|1700173891\n|switch|p2a: Toad|Amoonguss, M, shiny|82\/100\n|turn|36\n|\n|t:|1700173892\n|move|p1a: Checkmate|Kowtow Cleave|p2a: Toad\n|-damage|p2a: Toad|0 fnt\n|faint|p2a: Toad\n|\n|upkeep\n|\n|t:|1700173895\n|switch|p2a: Bowser|Dondozo, M, shiny|67\/100\n|turn|37\n|\n|t:|1700173899\n|move|p1a: Checkmate|Kowtow Cleave|p2a: Bowser\n|-damage|p2a: Bowser|34\/100\n|move|p2a: Bowser|Rest|p2a: Bowser\n|-status|p2a: Bowser|slp|[from] move: Rest\n|-heal|p2a: Bowser|100\/100 slp|[silent]\n|\n|upkeep\n|turn|38\n|\n|t:|1700173901\n|move|p1a: Checkmate|Kowtow Cleave|p2a: Bowser\n|-damage|p2a: Bowser|67\/100 slp\n|cant|p2a: Bowser|slp\n|move|p2a: Bowser|Sleep Talk|p2a: Bowser\n|move|p2a: Bowser|Rest||[from]move: Sleep Talk|[still]\n|-fail|p2a: Bowser\n|\n|upkeep\n|turn|39\n|\n|t:|1700173904\n|move|p1a: Checkmate|Kowtow Cleave|p2a: Bowser\n|-damage|p2a: Bowser|35\/100 slp\n|cant|p2a: Bowser|slp\n|move|p2a: Bowser|Sleep Talk|p2a: Bowser\n|move|p2a: Bowser|Waterfall|p1a: Checkmate|[from]move: Sleep Talk\n|-damage|p1a: Checkmate|78\/100\n|\n|-heal|p1a: Checkmate|84\/100|[from] item: Leftovers\n|upkeep\n|turn|40\n|\n|t:|1700173908\n|move|p1a: Checkmate|Kowtow Cleave|p2a: Bowser\n|-damage|p2a: Bowser|3\/100 slp\n|-curestatus|p2a: Bowser|slp|[msg]\n|move|p2a: Bowser|Sleep Talk||[still]\n|-fail|p2a: Bowser\n|\n|-heal|p1a: Checkmate|90\/100|[from] item: Leftovers\n|upkeep\n|turn|41\n|-message|AubreyOmori1 forfeited.\n|\n|win|Docter_Peng99\n|raw|Docter_Peng99's rating: 1178 &rarr; <strong>1210<\/strong><br \/>(+32 for winning)\n|raw|AubreyOmori1's rating: 1271 &rarr; <strong>1239<\/strong><br \/>(-32 for losing)\n|l|\u2606AubreyOmori1\n","uploadtime":1700173944,"views":8,"p1id":"docterpeng99","p2id":"aubreyomori1","formatid":"gen9ou","rating":1210,"private":0,"password":""}