{"id":"gen9ou-1995121356","p1":"Rulicar","p2":"jorgeps_9","format":"[Gen 9] OU","log":"|j|\u2606Rulicar\n|j|\u2606jorgeps_9\n|t:|1700524915\n|gametype|singles\n|player|p1|Rulicar|2|\n|player|p2|jorgeps_9|n|\n|teamsize|p1|6\n|teamsize|p2|6\n|gen|9\n|tier|[Gen 9] OU\n|rule|Sleep Clause Mod: Limit one foe put to sleep\n|rule|Species Clause: Limit one of each Pok\u00e9mon\n|rule|OHKO Clause: OHKO moves are banned\n|rule|Evasion Items Clause: Evasion items are banned\n|rule|Evasion Moves Clause: Evasion moves are banned\n|rule|Endless Battle Clause: Forcing endless battles is banned\n|rule|HP Percentage Mod: HP is shown in percentages\n|clearpoke\n|poke|p1|Manaphy|\n|poke|p1|Ogerpon-Wellspring, F|\n|poke|p1|Iron Moth|\n|poke|p1|Gholdengo|\n|poke|p1|Ribombee, F|\n|poke|p1|Kingambit, M|\n|poke|p2|Gholdengo|\n|poke|p2|Ting-Lu|\n|poke|p2|Amoonguss, F|\n|poke|p2|Cinderace, F|\n|poke|p2|Walking Wake|\n|poke|p2|Iron Valiant|\n|teampreview\n|\n|t:|1700524953\n|start\n|switch|p1a: faya|Ogerpon-Wellspring, F|100\/100\n|switch|p2a: Gholdengo|Gholdengo|100\/100\n|turn|1\n|\n|t:|1700524970\n|move|p2a: Gholdengo|Trick||[still]\n|-fail|p2a: Gholdengo\n|move|p1a: faya|Substitute|p1a: faya\n|-start|p1a: faya|Substitute\n|-damage|p1a: faya|76\/100\n|\n|upkeep\n|turn|2\n|\n|t:|1700524979\n|switch|p2a: Amoonguss|Amoonguss, F|100\/100\n|move|p1a: faya|Encore||[still]\n|-fail|p1a: faya\n|\n|upkeep\n|turn|3\n|\n|t:|1700524991\n|move|p1a: faya|Swords Dance|p1a: faya\n|-boost|p1a: faya|atk|2\n|move|p2a: Amoonguss|Sludge Bomb|p1a: faya\n|-supereffective|p1a: faya\n|-end|p1a: faya|Substitute\n|\n|upkeep\n|turn|4\n|\n|t:|1700524999\n|switch|p1a: scarlet|Iron Moth|100\/100\n|-enditem|p1a: scarlet|Booster Energy\n|-activate|p1a: scarlet|ability: Quark Drive|[fromitem]\n|-start|p1a: scarlet|quarkdrivespe\n|move|p2a: Amoonguss|Sludge Bomb|p1a: scarlet\n|-resisted|p1a: scarlet\n|-damage|p1a: scarlet|86\/100\n|\n|upkeep\n|turn|5\n|\n|t:|1700525017\n|switch|p2a: Ting-Lu|Ting-Lu|100\/100\n|-ability|p2a: Ting-Lu|Vessel of Ruin\n|move|p1a: scarlet|Substitute|p1a: scarlet\n|-start|p1a: scarlet|Substitute\n|-damage|p1a: scarlet|61\/100\n|\n|upkeep\n|turn|6\n|\n|t:|1700525027\n|move|p1a: scarlet|Fiery Dance|p2a: Ting-Lu\n|-damage|p2a: Ting-Lu|85\/100\n|move|p2a: Ting-Lu|Earthquake|p1a: scarlet\n|-supereffective|p1a: scarlet\n|-end|p1a: scarlet|Substitute\n|\n|-heal|p2a: Ting-Lu|91\/100|[from] item: Leftovers\n|upkeep\n|turn|7\n|\n|t:|1700525043\n|-end|p1a: scarlet|Quark Drive|[silent]\n|switch|p1a: wessin|Gholdengo|100\/100\n|-item|p1a: wessin|Air Balloon\n|move|p2a: Ting-Lu|Stealth Rock|p1a: wessin\n|-sidestart|p1: Rulicar|move: Stealth Rock\n|\n|-heal|p2a: Ting-Lu|98\/100|[from] item: Leftovers\n|upkeep\n|turn|8\n|\n|t:|1700525055\n|move|p1a: wessin|Focus Blast|p2a: Ting-Lu|[miss]\n|-miss|p1a: wessin|p2a: Ting-Lu\n|move|p2a: Ting-Lu|Ruination|p1a: wessin\n|-damage|p1a: wessin|50\/100\n|-enditem|p1a: wessin|Air Balloon\n|\n|-heal|p2a: Ting-Lu|100\/100|[from] item: Leftovers\n|upkeep\n|turn|9\n|\n|t:|1700525065\n|move|p1a: wessin|Focus Blast|p2a: Ting-Lu|[miss]\n|-miss|p1a: wessin|p2a: Ting-Lu\n|move|p2a: Ting-Lu|Earthquake|p1a: wessin\n|-supereffective|p1a: wessin\n|-damage|p1a: wessin|0 fnt\n|faint|p1a: wessin\n|\n|upkeep\n|\n|t:|1700525071\n|switch|p1a: faya|Ogerpon-Wellspring, F|76\/100\n|-damage|p1a: faya|63\/100|[from] Stealth Rock\n|turn|10\n|\n|t:|1700525078\n|switch|p2a: Amoonguss|Amoonguss, F|100\/100\n|move|p1a: faya|Ivy Cudgel|p2a: Amoonguss|[anim] Ivy Cudgel Water\n|-resisted|p2a: Amoonguss\n|-damage|p2a: Amoonguss|81\/100\n|\n|upkeep\n|turn|11\n|\n|t:|1700525092\n|move|p1a: faya|Swords Dance|p1a: faya\n|-boost|p1a: faya|atk|2\n|move|p2a: Amoonguss|Spore|p1a: faya\n|-immune|p1a: faya\n|\n|upkeep\n|turn|12\n|\n|t:|1700525097\n|move|p1a: faya|Encore|p2a: Amoonguss\n|-start|p2a: Amoonguss|Encore\n|move|p2a: Amoonguss|Spore|p1a: faya\n|-immune|p1a: faya\n|\n|upkeep\n|turn|13\n|\n|t:|1700525122\n|switch|p2a: Gholdengo|Gholdengo|100\/100\n|move|p1a: faya|Substitute|p1a: faya\n|-start|p1a: faya|Substitute\n|-damage|p1a: faya|38\/100\n|\n|upkeep\n|turn|14\n|\n|t:|1700525129\n|move|p2a: Gholdengo|Thunderbolt|p1a: faya\n|-end|p1a: faya|Substitute\n|move|p1a: faya|Ivy Cudgel|p2a: Gholdengo|[anim] Ivy Cudgel Water\n|-damage|p2a: Gholdengo|0 fnt\n|faint|p2a: Gholdengo\n|\n|upkeep\n|\n|t:|1700525148\n|switch|p2a: Iron Valiant|Iron Valiant|100\/100\n|-enditem|p2a: Iron Valiant|Booster Energy\n|-activate|p2a: Iron Valiant|ability: Quark Drive|[fromitem]\n|-start|p2a: Iron Valiant|quarkdrivespe\n|turn|15\n|\n|t:|1700525180\n|switch|p1a: scarlet|Iron Moth|61\/100\n|-damage|p1a: scarlet|36\/100|[from] Stealth Rock\n|move|p2a: Iron Valiant|Spirit Break|p1a: scarlet\n|-resisted|p1a: scarlet\n|-damage|p1a: scarlet|22\/100\n|-unboost|p1a: scarlet|spa|1\n|\n|upkeep\n|turn|16\n|\n|t:|1700525195\n|move|p2a: Iron Valiant|Knock Off|p1a: scarlet\n|-damage|p1a: scarlet|0 fnt\n|faint|p1a: scarlet\n|-end|p1a: scarlet|Quark Drive|[silent]\n|\n|upkeep\n|\n|t:|1700525198\n|switch|p1a: HPDARKEAGLE|Manaphy|100\/100\n|-damage|p1a: HPDARKEAGLE|88\/100|[from] Stealth Rock\n|turn|17\n|\n|t:|1700525208\n|move|p2a: Iron Valiant|Swords Dance|p2a: Iron Valiant\n|-boost|p2a: Iron Valiant|atk|2\n|move|p1a: HPDARKEAGLE|Tail Glow|p1a: HPDARKEAGLE\n|-boost|p1a: HPDARKEAGLE|spa|3\n|\n|-heal|p1a: HPDARKEAGLE|94\/100|[from] item: Leftovers\n|upkeep\n|turn|18\n|\n|t:|1700525225\n|-terastallize|p2a: Iron Valiant|Fairy\n|move|p2a: Iron Valiant|Spirit Break|p1a: HPDARKEAGLE\n|-damage|p1a: HPDARKEAGLE|0 fnt\n|faint|p1a: HPDARKEAGLE\n|\n|upkeep\n|\n|t:|1700525250\n|switch|p1a: wildfiree|Ribombee, F|100\/100\n|-damage|p1a: wildfiree|76\/100|[from] Stealth Rock\n|turn|19\n|\n|t:|1700525257\n|move|p2a: Iron Valiant|Spirit Break|p1a: wildfiree\n|-damage|p1a: wildfiree|0 fnt\n|faint|p1a: wildfiree\n|\n|upkeep\n|\n|t:|1700525263\n|switch|p1a: awyp|Kingambit, M|100\/100\n|-damage|p1a: awyp|94\/100|[from] Stealth Rock\n|-activate|p1a: awyp|ability: Supreme Overlord\n|-start|p1a: awyp|fallen4|[silent]\n|turn|20\n|\n|t:|1700525272\n|move|p2a: Iron Valiant|Spirit Break|p1a: awyp\n|-damage|p1a: awyp|5\/100\n|-unboost|p1a: awyp|spa|1\n|move|p1a: awyp|Swords Dance|p1a: awyp\n|-boost|p1a: awyp|atk|2\n|\n|upkeep\n|turn|21\n|\n|t:|1700525280\n|move|p1a: awyp|Sucker Punch|p2a: Iron Valiant\n|-resisted|p2a: Iron Valiant\n|-damage|p2a: Iron Valiant|11\/100\n|move|p2a: Iron Valiant|Drain Punch|p1a: awyp\n|-supereffective|p1a: awyp\n|-damage|p1a: awyp|0 fnt\n|-heal|p2a: Iron Valiant|13\/100|[from] drain|[of] p1a: awyp\n|faint|p1a: awyp\n|-end|p1a: awyp|fallen4|[silent]\n|\n|upkeep\n|\n|t:|1700525284\n|switch|p1a: faya|Ogerpon-Wellspring, F|38\/100\n|-damage|p1a: faya|26\/100|[from] Stealth Rock\n|turn|22\n|\n|t:|1700525288\n|move|p2a: Iron Valiant|Drain Punch|p1a: faya\n|-damage|p1a: faya|0 fnt\n|-heal|p2a: Iron Valiant|27\/100|[from] drain|[of] p1a: faya\n|faint|p1a: faya\n|\n|win|jorgeps_9\n|c|\u2606Rulicar|gg\n|c|\u2606jorgeps_9|gg\n|c|\u2606Rulicar|la pasas tu?\n|c|\u2606jorgeps_9|va\n|l|\u2606Rulicar\n","uploadtime":1700525310,"views":7,"p1id":"rulicar","p2id":"jorgeps9","formatid":"gen9ou","rating":0,"private":0,"password":""}