{"id":"gen9ou-1990046119","p1":"Gurlsdemsugar","p2":"gucciflipflaps","format":"[Gen 9] OU","log":"|j|\u2606Gurlsdemsugar\n|j|\u2606gucciflipflaps\n|t:|1699918738\n|gametype|singles\n|player|p1|Gurlsdemsugar|265|1394\n|player|p2|gucciflipflaps|richboy|1382\n|teamsize|p1|6\n|teamsize|p2|6\n|gen|9\n|tier|[Gen 9] OU\n|rated|\n|rule|Sleep Clause Mod: Limit one foe put to sleep\n|rule|Species Clause: Limit one of each Pok\u00e9mon\n|rule|OHKO Clause: OHKO moves are banned\n|rule|Evasion Items Clause: Evasion items are banned\n|rule|Evasion Moves Clause: Evasion moves are banned\n|rule|Endless Battle Clause: Forcing endless battles is banned\n|rule|HP Percentage Mod: HP is shown in percentages\n|clearpoke\n|poke|p1|Rillaboom, M|\n|poke|p1|Iron Treads|\n|poke|p1|Moltres|\n|poke|p1|Walking Wake|\n|poke|p1|Iron Moth|\n|poke|p1|Ceruledge, M|\n|poke|p2|Iron Moth|\n|poke|p2|Cinderace, M|\n|poke|p2|Goodra-Hisui, F|\n|poke|p2|Mew|\n|poke|p2|Conkeldurr, F|\n|poke|p2|Donphan, M|\n|teampreview\n|inactive|Battle timer is ON: inactive players will automatically lose when time's up. (requested by Gurlsdemsugar)\n|\n|t:|1699918758\n|start\n|switch|p1a: Walking Wake|Walking Wake|100\/100\n|switch|p2a: Donphan|Donphan, M|100\/100\n|turn|1\n|\n|t:|1699918763\n|move|p1a: Walking Wake|Hydro Steam|p2a: Donphan\n|-supereffective|p2a: Donphan\n|-ability|p2a: Donphan|Sturdy\n|-damage|p2a: Donphan|1\/100\n|move|p2a: Donphan|Earthquake|p1a: Walking Wake\n|-damage|p1a: Walking Wake|42\/100\n|\n|upkeep\n|turn|2\n|\n|t:|1699918772\n|move|p2a: Donphan|Ice Shard|p1a: Walking Wake\n|-damage|p1a: Walking Wake|24\/100\n|move|p1a: Walking Wake|Hydro Steam|p2a: Donphan\n|-supereffective|p2a: Donphan\n|-damage|p2a: Donphan|0 fnt\n|faint|p2a: Donphan\n|\n|upkeep\n|\n|t:|1699918782\n|switch|p2a: Cinderace|Cinderace, M|100\/100\n|turn|3\n|\n|t:|1699918791\n|-end|p1a: Walking Wake|Protosynthesis|[silent]\n|switch|p1a: Moltres|Moltres|100\/100\n|move|p2a: Cinderace|Gunk Shot|p1a: Moltres\n|-start|p2a: Cinderace|typechange|Poison|[from] ability: Libero\n|-damage|p1a: Moltres|56\/100\n|-status|p1a: Moltres|psn\n|\n|-heal|p1a: Moltres|63\/100 psn|[from] item: Leftovers\n|-damage|p1a: Moltres|50\/100 psn|[from] psn\n|upkeep\n|turn|4\n|\n|t:|1699918803\n|move|p2a: Cinderace|Gunk Shot|p1a: Moltres\n|-damage|p1a: Moltres|4\/100 psn\n|move|p1a: Moltres|Roost|p1a: Moltres\n|-heal|p1a: Moltres|54\/100 psn\n|-singleturn|p1a: Moltres|move: Roost\n|\n|-heal|p1a: Moltres|60\/100 psn|[from] item: Leftovers\n|-damage|p1a: Moltres|48\/100 psn|[from] psn\n|upkeep\n|turn|5\n|\n|t:|1699918824\n|switch|p2a: Mew|Mew|100\/100\n|switch|p1a: Iron Treads|Iron Treads|100\/100\n|\n|upkeep\n|turn|6\n|\n|t:|1699918834\n|move|p1a: Iron Treads|Earthquake|p2a: Mew\n|-damage|p2a: Mew|64\/100\n|move|p2a: Mew|Stealth Rock|p1a: Iron Treads\n|-sidestart|p1: Gurlsdemsugar|move: Stealth Rock\n|\n|-heal|p2a: Mew|70\/100|[from] item: Leftovers\n|upkeep\n|turn|7\n|\n|t:|1699918840\n|-terastallize|p2a: Mew|Ghost\n|move|p1a: Iron Treads|Rapid Spin|p2a: Mew\n|-immune|p2a: Mew\n|move|p2a: Mew|Spikes|p1a: Iron Treads\n|-sidestart|p1: Gurlsdemsugar|Spikes\n|\n|-heal|p2a: Mew|76\/100|[from] item: Leftovers\n|upkeep\n|turn|8\n|\n|t:|1699918852\n|move|p1a: Iron Treads|Earthquake|p2a: Mew\n|-damage|p2a: Mew|36\/100\n|move|p2a: Mew|Night Shade|p1a: Iron Treads\n|-damage|p1a: Iron Treads|69\/100\n|\n|-heal|p1a: Iron Treads|76\/100|[from] item: Leftovers\n|-heal|p2a: Mew|42\/100|[from] item: Leftovers\n|upkeep\n|turn|9\n|\n|t:|1699918858\n|move|p1a: Iron Treads|Earthquake|p2a: Mew\n|-damage|p2a: Mew|5\/100\n|move|p2a: Mew|Night Shade|p1a: Iron Treads\n|-damage|p1a: Iron Treads|45\/100\n|\n|-heal|p1a: Iron Treads|51\/100|[from] item: Leftovers\n|-heal|p2a: Mew|11\/100|[from] item: Leftovers\n|upkeep\n|turn|10\n|\n|t:|1699918865\n|move|p1a: Iron Treads|Earthquake|p2a: Mew\n|-damage|p2a: Mew|0 fnt\n|faint|p2a: Mew\n|\n|-heal|p1a: Iron Treads|57\/100|[from] item: Leftovers\n|upkeep\n|\n|t:|1699918869\n|switch|p2a: Conkeldurr|Conkeldurr, F|100\/100\n|turn|11\n|\n|t:|1699918873\n|move|p2a: Conkeldurr|Mach Punch|p1a: Iron Treads\n|-supereffective|p1a: Iron Treads\n|-damage|p1a: Iron Treads|23\/100\n|move|p1a: Iron Treads|Rapid Spin|p2a: Conkeldurr\n|-damage|p2a: Conkeldurr|86\/100\n|-boost|p1a: Iron Treads|spe|1\n|-sideend|p1: Gurlsdemsugar|Spikes|[from] move: Rapid Spin|[of] p1a: Iron Treads\n|-sideend|p1: Gurlsdemsugar|Stealth Rock|[from] move: Rapid Spin|[of] p1a: Iron Treads\n|\n|-heal|p1a: Iron Treads|29\/100|[from] item: Leftovers\n|-status|p2a: Conkeldurr|brn|[from] item: Flame Orb\n|upkeep\n|turn|12\n|\n|t:|1699918879\n|-end|p1a: Iron Treads|Quark Drive|[silent]\n|switch|p1a: Moltres|Moltres|48\/100 psn\n|move|p2a: Conkeldurr|Mach Punch|p1a: Moltres\n|-resisted|p1a: Moltres\n|-damage|p1a: Moltres|33\/100 psn\n|\n|-heal|p1a: Moltres|40\/100 psn|[from] item: Leftovers\n|-damage|p1a: Moltres|27\/100 psn|[from] psn\n|-damage|p2a: Conkeldurr|80\/100 brn|[from] brn\n|upkeep\n|turn|13\n|\n|t:|1699918885\n|move|p1a: Moltres|Roost|p1a: Moltres\n|-heal|p1a: Moltres|77\/100 psn\n|-singleturn|p1a: Moltres|move: Roost\n|move|p2a: Conkeldurr|Knock Off|p1a: Moltres\n|-damage|p1a: Moltres|33\/100 psn\n|-enditem|p1a: Moltres|Leftovers|[from] move: Knock Off|[of] p2a: Conkeldurr\n|\n|-damage|p1a: Moltres|20\/100 psn|[from] psn\n|-damage|p2a: Conkeldurr|74\/100 brn|[from] brn\n|upkeep\n|turn|14\n|\n|t:|1699918895\n|move|p2a: Conkeldurr|Mach Punch|p1a: Moltres\n|-resisted|p1a: Moltres\n|-damage|p1a: Moltres|5\/100 psn\n|move|p1a: Moltres|Roost|p1a: Moltres\n|-heal|p1a: Moltres|55\/100 psn\n|-singleturn|p1a: Moltres|move: Roost\n|\n|-damage|p1a: Moltres|43\/100 psn|[from] psn\n|-damage|p2a: Conkeldurr|68\/100 brn|[from] brn\n|upkeep\n|turn|15\n|\n|t:|1699918911\n|switch|p2a: Goodra|Goodra-Hisui, F|100\/100\n|move|p1a: Moltres|Roost|p1a: Moltres\n|-heal|p1a: Moltres|93\/100 psn\n|-singleturn|p1a: Moltres|move: Roost\n|\n|-damage|p1a: Moltres|80\/100 psn|[from] psn\n|upkeep\n|turn|16\n|\n|t:|1699918916\n|move|p1a: Moltres|U-turn|p2a: Goodra\n|-resisted|p2a: Goodra\n|-damage|p2a: Goodra|95\/100\n|\n|t:|1699918920\n|switch|p1a: Iron Treads|Iron Treads|29\/100|[from] U-turn\n|move|p2a: Goodra|Chilling Water|p1a: Iron Treads\n|-supereffective|p1a: Iron Treads\n|-damage|p1a: Iron Treads|0 fnt\n|faint|p1a: Iron Treads\n|-end|p1a: Iron Treads|Quark Drive|[silent]\n|\n|upkeep\n|\n|t:|1699918928\n|switch|p1a: Ceruledge|Ceruledge, M|100\/100\n|turn|17\n|\n|t:|1699918933\n|move|p1a: Ceruledge|Swords Dance|p1a: Ceruledge\n|-boost|p1a: Ceruledge|atk|2\n|move|p2a: Goodra|Chilling Water|p1a: Ceruledge\n|-supereffective|p1a: Ceruledge\n|-damage|p1a: Ceruledge|72\/100\n|-unboost|p1a: Ceruledge|atk|1\n|\n|upkeep\n|turn|18\n|\n|t:|1699918940\n|move|p1a: Ceruledge|Bitter Blade|p2a: Goodra\n|-damage|p2a: Goodra|48\/100\n|-heal|p1a: Ceruledge|100\/100|[from] drain|[of] p2a: Goodra\n|move|p2a: Goodra|Knock Off|p1a: Ceruledge\n|-supereffective|p1a: Ceruledge\n|-damage|p1a: Ceruledge|47\/100\n|-ability|p1a: Ceruledge|Weak Armor|boost\n|-unboost|p1a: Ceruledge|def|1\n|-boost|p1a: Ceruledge|spe|2\n|-enditem|p1a: Ceruledge|Focus Sash|[from] move: Knock Off|[of] p2a: Goodra\n|\n|upkeep\n|turn|19\n|\n|t:|1699918954\n|move|p1a: Ceruledge|Bitter Blade|p2a: Goodra\n|-damage|p2a: Goodra|0 fnt\n|-heal|p1a: Ceruledge|77\/100|[from] drain|[of] p2a: Goodra\n|faint|p2a: Goodra\n|\n|upkeep\n|\n|t:|1699918960\n|switch|p2a: Cinderace|Cinderace, M|100\/100\n|turn|20\n|\n|t:|1699918967\n|-terastallize|p1a: Ceruledge|Ghost\n|move|p1a: Ceruledge|Shadow Sneak|p2a: Cinderace\n|-damage|p2a: Cinderace|34\/100\n|move|p2a: Cinderace|Sucker Punch||[still]\n|-fail|p2a: Cinderace\n|\n|upkeep\n|turn|21\n|\n|t:|1699918974\n|move|p1a: Ceruledge|Shadow Sneak|p2a: Cinderace\n|-damage|p2a: Cinderace|0 fnt\n|faint|p2a: Cinderace\n|\n|upkeep\n|\n|t:|1699918978\n|switch|p2a: Conkeldurr|Conkeldurr, F|68\/100 brn\n|turn|22\n|\n|t:|1699918988\n|move|p1a: Ceruledge|Bitter Blade|p2a: Conkeldurr\n|-damage|p2a: Conkeldurr|9\/100 brn\n|-heal|p1a: Ceruledge|100\/100|[from] drain|[of] p2a: Conkeldurr\n|move|p2a: Conkeldurr|Knock Off|p1a: Ceruledge\n|-supereffective|p1a: Ceruledge\n|-damage|p1a: Ceruledge|0 fnt\n|faint|p1a: Ceruledge\n|\n|-damage|p2a: Conkeldurr|3\/100 brn|[from] brn\n|upkeep\n|\n|t:|1699918999\n|switch|p1a: Walking Wake|Walking Wake|24\/100\n|turn|23\n|\n|t:|1699919004\n|move|p2a: Conkeldurr|Mach Punch|p1a: Walking Wake\n|-damage|p1a: Walking Wake|0 fnt\n|faint|p1a: Walking Wake\n|-end|p1a: Walking Wake|Protosynthesis|[silent]\n|\n|-damage|p2a: Conkeldurr|0 fnt|[from] brn\n|faint|p2a: Conkeldurr\n|upkeep\n|\n|t:|1699919012\n|switch|p1a: Iron Moth|Iron Moth|100\/100\n|switch|p2a: Iron Moth|Iron Moth|100\/100\n|-enditem|p1a: Iron Moth|Booster Energy\n|-activate|p1a: Iron Moth|ability: Quark Drive|[fromitem]\n|-start|p1a: Iron Moth|quarkdrivespa\n|turn|24\n|\n|t:|1699919021\n|move|p1a: Iron Moth|Psychic|p2a: Iron Moth\n|-supereffective|p2a: Iron Moth\n|-damage|p2a: Iron Moth|16\/100\n|move|p2a: Iron Moth|Agility|p2a: Iron Moth\n|-boost|p2a: Iron Moth|spe|2\n|\n|upkeep\n|turn|25\n|\n|t:|1699919025\n|move|p2a: Iron Moth|Tera Blast|p1a: Iron Moth\n|-damage|p1a: Iron Moth|67\/100\n|move|p1a: Iron Moth|Psychic|p2a: Iron Moth\n|-supereffective|p2a: Iron Moth\n|-damage|p2a: Iron Moth|0 fnt\n|faint|p2a: Iron Moth\n|-end|p2a: Iron Moth|Quark Drive|[silent]\n|\n|win|Gurlsdemsugar\n|raw|Gurlsdemsugar's rating: 1394 &rarr; <strong>1413<\/strong><br \/>(+19 for winning)\n|raw|gucciflipflaps's rating: 1382 &rarr; <strong>1363<\/strong><br \/>(-19 for losing)\n|l|\u2606gucciflipflaps\n","uploadtime":1699919045,"views":9,"p1id":"gurlsdemsugar","p2id":"gucciflipflaps","formatid":"gen9ou","rating":1363,"private":0,"password":""}