{"id":"gen9ou-1997411545","p1":"trainer dilly","p2":"PeterGriffinOnline","format":"[Gen 9] OU","log":"|j|\u2606trainer dilly\n|j|\u2606PeterGriffinOnline\n|t:|1700800964\n|gametype|singles\n|player|p1|trainer dilly|wallace|1180\n|player|p2|PeterGriffinOnline|crasherwake|1260\n|teamsize|p1|6\n|teamsize|p2|6\n|gen|9\n|tier|[Gen 9] OU\n|rated|\n|rule|Sleep Clause Mod: Limit one foe put to sleep\n|rule|Species Clause: Limit one of each Pok\u00e9mon\n|rule|OHKO Clause: OHKO moves are banned\n|rule|Evasion Items Clause: Evasion items are banned\n|rule|Evasion Moves Clause: Evasion moves are banned\n|rule|Endless Battle Clause: Forcing endless battles is banned\n|rule|HP Percentage Mod: HP is shown in percentages\n|clearpoke\n|poke|p1|Enamorus, F|\n|poke|p1|Espeon, M|\n|poke|p1|Drifblim, M|\n|poke|p1|Iron Valiant|\n|poke|p1|Cinderace, M|\n|poke|p1|Zoroark-Hisui, F|\n|poke|p2|Ribombee, M|\n|poke|p2|Kingambit, M|\n|poke|p2|Gholdengo|\n|poke|p2|Greninja-*, M|\n|poke|p2|Zapdos|\n|poke|p2|Garchomp, M|\n|teampreview\n|\n|t:|1700800972\n|start\n|switch|p1a: Cinderace|Cinderace, M|100\/100\n|switch|p2a: Ribombee|Ribombee, M|100\/100\n|turn|1\n|\n|t:|1700800982\n|move|p2a: Ribombee|Stun Spore|p1a: Cinderace|[miss]\n|-miss|p2a: Ribombee|p1a: Cinderace\n|move|p1a: Cinderace|Shadow Ball|p2a: Ribombee\n|-damage|p2a: Ribombee|2\/100\n|\n|upkeep\n|turn|2\n|\n|t:|1700800988\n|switch|p2a: Greninja|Greninja, M|100\/100\n|move|p1a: Cinderace|Shadow Ball|p2a: Greninja\n|-resisted|p2a: Greninja\n|-damage|p2a: Greninja|51\/100\n|-unboost|p2a: Greninja|spd|1\n|\n|upkeep\n|turn|3\n|\n|t:|1700801000\n|switch|p1a: Enamorus|Enamorus, F|100\/100\n|move|p2a: Greninja|Dark Pulse|p1a: Enamorus\n|-resisted|p1a: Enamorus\n|-damage|p1a: Enamorus|70\/100\n|-damage|p2a: Greninja|41\/100|[from] item: Life Orb\n|\n|upkeep\n|turn|4\n|\n|t:|1700801011\n|move|p2a: Greninja|Ice Beam|p1a: Enamorus\n|-supereffective|p1a: Enamorus\n|-damage|p1a: Enamorus|0 fnt\n|faint|p1a: Enamorus\n|-ability|p2a: Greninja|Battle Bond|boost\n|-boost|p2a: Greninja|atk|1\n|-boost|p2a: Greninja|spa|1\n|-boost|p2a: Greninja|spe|1\n|-activate|p2a: Greninja|ability: Battle Bond\n|-damage|p2a: Greninja|31\/100|[from] item: Life Orb\n|\n|upkeep\n|\n|t:|1700801028\n|switch|p1a: Cinderace|Cinderace, M|100\/100\n|turn|5\n|\n|t:|1700801033\n|move|p1a: Cinderace|Sucker Punch|p2a: Greninja\n|-start|p1a: Cinderace|typechange|Dark|[from] ability: Libero\n|-resisted|p2a: Greninja\n|-damage|p2a: Greninja|2\/100\n|move|p2a: Greninja|Dark Pulse|p1a: Cinderace\n|-resisted|p1a: Cinderace\n|-damage|p1a: Cinderace|50\/100\n|-damage|p2a: Greninja|0 fnt|[from] item: Life Orb\n|faint|p2a: Greninja\n|\n|upkeep\n|\n|t:|1700801046\n|switch|p2a: Ribombee|Ribombee, M|2\/100\n|turn|6\n|\n|t:|1700801049\n|move|p1a: Cinderace|Sucker Punch||[still]\n|-fail|p1a: Cinderace\n|move|p2a: Ribombee|Sticky Web|p1a: Cinderace\n|-sidestart|p1: trainer dilly|move: Sticky Web\n|\n|upkeep\n|turn|7\n|\n|t:|1700801058\n|move|p2a: Ribombee|Stun Spore|p1a: Cinderace\n|-status|p1a: Cinderace|par\n|move|p1a: Cinderace|Pyro Ball|p2a: Ribombee|[miss]\n|-miss|p1a: Cinderace|p2a: Ribombee\n|\n|upkeep\n|turn|8\n|\n|t:|1700801065\n|move|p2a: Ribombee|Moonblast|p1a: Cinderace\n|-supereffective|p1a: Cinderace\n|-damage|p1a: Cinderace|0 fnt\n|faint|p1a: Cinderace\n|\n|upkeep\n|\n|t:|1700801079\n|switch|p1a: Espeon|Espeon, M|100\/100\n|-activate|p1a: Espeon|move: Sticky Web\n|-unboost|p1a: Espeon|spe|1\n|turn|9\n|\n|t:|1700801086\n|move|p2a: Ribombee|Skill Swap|p1a: Espeon\n|-activate|p2a: Ribombee|move: Skill Swap|Magic Bounce|Shield Dust|[of] p1a: Espeon\n|move|p1a: Espeon|Shadow Ball|p2a: Ribombee\n|-damage|p2a: Ribombee|0 fnt\n|faint|p2a: Ribombee\n|\n|upkeep\n|\n|t:|1700801090\n|switch|p2a: Kingambit|Kingambit, M|100\/100\n|-activate|p2a: Kingambit|ability: Supreme Overlord\n|-start|p2a: Kingambit|fallen2|[silent]\n|turn|10\n|\n|t:|1700801098\n|switch|p1a: Drifblim|Drifblim, M|100\/100\n|move|p2a: Kingambit|Swords Dance|p2a: Kingambit\n|-boost|p2a: Kingambit|atk|2\n|\n|upkeep\n|turn|11\n|\n|t:|1700801107\n|move|p2a: Kingambit|Kowtow Cleave|p1a: Drifblim\n|-supereffective|p1a: Drifblim\n|-damage|p1a: Drifblim|0 fnt\n|-damage|p2a: Kingambit|76\/100|[from] ability: Aftermath|[of] p1a: Drifblim\n|faint|p1a: Drifblim\n|\n|upkeep\n|-message|trainer dilly forfeited.\n|\n|win|PeterGriffinOnline\n|raw|trainer dilly's rating: 1180 &rarr; <strong>1161<\/strong><br \/>(-19 for losing)\n|raw|PeterGriffinOnline's rating: 1260 &rarr; <strong>1279<\/strong><br \/>(+19 for winning)\n|l|\u2606trainer dilly\n","uploadtime":1700801114,"views":3,"p1id":"trainerdilly","p2id":"petergriffinonline","formatid":"gen9ou","rating":1161,"private":0,"password":""}