{"id":"gen9ou-1992649727","p1":"StaryDusty","p2":"zhangdinglong","format":"[Gen 9] OU","log":"|j|\u2606StaryDusty\n|j|\u2606zhangdinglong\n|t:|1700220321\n|gametype|singles\n|player|p1|StaryDusty|169|1114\n|player|p2|zhangdinglong|elesa-masters|1134\n|teamsize|p1|6\n|teamsize|p2|6\n|gen|9\n|tier|[Gen 9] OU\n|rated|\n|rule|Sleep Clause Mod: Limit one foe put to sleep\n|rule|Species Clause: Limit one of each Pok\u00e9mon\n|rule|OHKO Clause: OHKO moves are banned\n|rule|Evasion Items Clause: Evasion items are banned\n|rule|Evasion Moves Clause: Evasion moves are banned\n|rule|Endless Battle Clause: Forcing endless battles is banned\n|rule|HP Percentage Mod: HP is shown in percentages\n|clearpoke\n|poke|p1|Hatterene, F|\n|poke|p1|Ninetales-Alola, F|\n|poke|p1|Azumarill, M|\n|poke|p1|Sylveon, M|\n|poke|p1|Mimikyu, M|\n|poke|p1|Altaria, M|\n|poke|p2|Ursaluna, F|\n|poke|p2|Volcanion|\n|poke|p2|Hatterene, F|\n|poke|p2|Cresselia, F|\n|poke|p2|Walking Wake|\n|poke|p2|Torkoal, F|\n|teampreview\n|\n|t:|1700220335\n|start\n|switch|p1a: Azumarill|Azumarill, M|100\/100\n|switch|p2a: Volcanion|Volcanion|100\/100\n|turn|1\n|\n|t:|1700220347\n|switch|p2a: Hatterene|Hatterene, F|100\/100\n|move|p1a: Azumarill|Belly Drum|p1a: Azumarill\n|-damage|p1a: Azumarill|50\/100\n|-setboost|p1a: Azumarill|atk|6|[from] move: Belly Drum\n|-enditem|p1a: Azumarill|Sitrus Berry|[eat]\n|-heal|p1a: Azumarill|75\/100|[from] item: Sitrus Berry\n|\n|upkeep\n|turn|2\n|\n|t:|1700220364\n|move|p1a: Azumarill|Play Rough|p2a: Hatterene\n|-enditem|p2a: Hatterene|Focus Sash\n|-damage|p2a: Hatterene|1\/100\n|move|p2a: Hatterene|Trick Room|p2a: Hatterene\n|-fieldstart|move: Trick Room|[of] p2a: Hatterene\n|\n|upkeep\n|turn|3\n|\n|t:|1700220369\n|move|p2a: Hatterene|Misty Explosion|p1a: Azumarill\n|-damage|p1a: Azumarill|4\/100\n|faint|p2a: Hatterene\n|move|p1a: Azumarill|Trailblaze|p2: Hatterene|[notarget]\n|-fail|p1a: Azumarill\n|\n|upkeep\n|\n|t:|1700220373\n|switch|p2a: Ursaluna|Ursaluna, F|100\/100\n|turn|4\n|inactive|Battle timer is ON: inactive players will automatically lose when time's up. (requested by StaryDusty)\n|\n|t:|1700220377\n|-terastallize|p2a: Ursaluna|Normal\n|move|p2a: Ursaluna|Facade|p1a: Azumarill\n|-damage|p1a: Azumarill|0 fnt\n|faint|p1a: Azumarill\n|\n|-status|p2a: Ursaluna|brn|[from] item: Flame Orb\n|upkeep\n|\n|t:|1700220381\n|switch|p1a: Hatterene|Hatterene, F|100\/100\n|turn|5\n|\n|t:|1700220387\n|move|p1a: Hatterene|Psychic|p2a: Ursaluna\n|-damage|p2a: Ursaluna|67\/100 brn\n|move|p2a: Ursaluna|Facade|p1a: Hatterene\n|-damage|p1a: Hatterene|0 fnt\n|faint|p1a: Hatterene\n|\n|-damage|p2a: Ursaluna|61\/100 brn|[from] brn\n|upkeep\n|\n|t:|1700220393\n|switch|p1a: Altaria|Altaria, M|100\/100\n|turn|6\n|\n|t:|1700220396\n|switch|p1a: Mimikyu|Mimikyu, M|100\/100\n|move|p2a: Ursaluna|Facade|p1a: Mimikyu\n|-immune|p1a: Mimikyu\n|\n|-damage|p2a: Ursaluna|54\/100 brn|[from] brn\n|-fieldend|move: Trick Room\n|upkeep\n|turn|7\n|\n|t:|1700220401\n|move|p1a: Mimikyu|Swords Dance|p1a: Mimikyu\n|-boost|p1a: Mimikyu|atk|2\n|move|p2a: Ursaluna|Ice Punch|p1a: Mimikyu\n|-activate|p1a: Mimikyu|ability: Disguise\n|-damage|p1a: Mimikyu|100\/100\n|detailschange|p1a: Mimikyu|Mimikyu-Busted, M\n|-damage|p1a: Mimikyu|88\/100|[from] pokemon: Mimikyu-Busted\n|\n|-damage|p2a: Ursaluna|48\/100 brn|[from] brn\n|upkeep\n|turn|8\n|\n|t:|1700220412\n|switch|p2a: Volcanion|Volcanion|100\/100\n|move|p1a: Mimikyu|Drain Punch|p2a: Volcanion\n|-damage|p2a: Volcanion|59\/100\n|-heal|p1a: Mimikyu|100\/100|[from] drain|[of] p2a: Volcanion\n|\n|upkeep\n|turn|9\n|\n|t:|1700220420\n|move|p1a: Mimikyu|Phantom Force||[still]\n|-prepare|p1a: Mimikyu|Phantom Force\n|move|p2a: Volcanion|Steam Eruption|p1a: Mimikyu|[miss]\n|-miss|p2a: Volcanion|p1a: Mimikyu\n|\n|upkeep\n|turn|10\n|\n|t:|1700220427\n|move|p1a: Mimikyu|Phantom Force|p2a: Volcanion|[from]lockedmove\n|-damage|p2a: Volcanion|0 fnt\n|faint|p2a: Volcanion\n|\n|upkeep\n|\n|t:|1700220434\n|switch|p2a: Cresselia|Cresselia, F|100\/100\n|turn|11\n|\n|t:|1700220437\n|move|p1a: Mimikyu|Swords Dance|p1a: Mimikyu\n|-boost|p1a: Mimikyu|atk|2\n|move|p2a: Cresselia|Trick Room|p2a: Cresselia\n|-fieldstart|move: Trick Room|[of] p2a: Cresselia\n|\n|upkeep\n|turn|12\n|\n|t:|1700220440\n|move|p2a: Cresselia|Lunar Dance|p2a: Cresselia\n|faint|p2a: Cresselia\n|move|p1a: Mimikyu|Phantom Force||[still]\n|-prepare|p1a: Mimikyu|Phantom Force\n|\n|upkeep\n|\n|t:|1700220445\n|switch|p2a: Ursaluna|Ursaluna, F, tera:Normal|48\/100 brn\n|-heal|p2a: Ursaluna|100\/100|[from] move: Lunar Dance\n|turn|13\n|\n|t:|1700220451\n|move|p2a: Ursaluna|Swords Dance|p2a: Ursaluna\n|-boost|p2a: Ursaluna|atk|2\n|move|p1a: Mimikyu|Phantom Force|p2a: Ursaluna|[from]lockedmove\n|-immune|p2a: Ursaluna\n|\n|-status|p2a: Ursaluna|brn|[from] item: Flame Orb\n|upkeep\n|turn|14\n|\n|t:|1700220458\n|move|p2a: Ursaluna|Headlong Rush|p1a: Mimikyu\n|-damage|p1a: Mimikyu|0 fnt\n|-unboost|p2a: Ursaluna|def|1\n|-unboost|p2a: Ursaluna|spd|1\n|faint|p1a: Mimikyu\n|\n|-damage|p2a: Ursaluna|94\/100 brn|[from] brn\n|upkeep\n|\n|t:|1700220462\n|switch|p1a: Ninetales|Ninetales-Alola, F|100\/100\n|-weather|Snow|[from] ability: Snow Warning|[of] p1a: Ninetales\n|turn|15\n|\n|t:|1700220466\n|move|p2a: Ursaluna|Facade|p1a: Ninetales\n|-damage|p1a: Ninetales|0 fnt\n|faint|p1a: Ninetales\n|\n|-weather|Snow|[upkeep]\n|-damage|p2a: Ursaluna|88\/100 brn|[from] brn\n|-fieldend|move: Trick Room\n|upkeep\n|\n|t:|1700220469\n|switch|p1a: Sylveon|Sylveon, M|100\/100\n|turn|16\n|\n|t:|1700220472\n|move|p1a: Sylveon|Moonblast|p2a: Ursaluna\n|-damage|p2a: Ursaluna|16\/100 brn\n|move|p2a: Ursaluna|Facade|p1a: Sylveon\n|-damage|p1a: Sylveon|0 fnt\n|faint|p1a: Sylveon\n|\n|-weather|Snow|[upkeep]\n|-damage|p2a: Ursaluna|10\/100 brn|[from] brn\n|upkeep\n|\n|t:|1700220475\n|switch|p1a: Altaria|Altaria, M|100\/100\n|turn|17\n|\n|t:|1700220477\n|move|p1a: Altaria|Dragon Claw|p2a: Ursaluna\n|-damage|p2a: Ursaluna|0 fnt\n|faint|p2a: Ursaluna\n|\n|-weather|Snow|[upkeep]\n|upkeep\n|\n|t:|1700220480\n|switch|p2a: Torkoal|Torkoal, F|100\/100\n|-weather|SunnyDay|[from] ability: Drought|[of] p2a: Torkoal\n|turn|18\n|\n|t:|1700220482\n|-terastallize|p1a: Altaria|Fairy\n|move|p1a: Altaria|Dragon Dance|p1a: Altaria\n|-boost|p1a: Altaria|atk|1\n|-boost|p1a: Altaria|spe|1\n|move|p2a: Torkoal|Heat Wave|p1a: Altaria\n|-damage|p1a: Altaria|27\/100\n|\n|-weather|SunnyDay|[upkeep]\n|upkeep\n|turn|19\n|\n|t:|1700220490\n|move|p1a: Altaria|Earthquake|p2a: Torkoal\n|-supereffective|p2a: Torkoal\n|-damage|p2a: Torkoal|48\/100\n|move|p2a: Torkoal|Heat Wave|p1a: Altaria\n|-damage|p1a: Altaria|0 fnt\n|faint|p1a: Altaria\n|\n|win|zhangdinglong\n|raw|StaryDusty's rating: 1114 &rarr; <strong>1090<\/strong><br \/>(-24 for losing)\n|raw|zhangdinglong's rating: 1134 &rarr; <strong>1158<\/strong><br \/>(+24 for winning)\n|l|\u2606StaryDusty\n","uploadtime":1700220496,"views":13,"p1id":"starydusty","p2id":"zhangdinglong","formatid":"gen9ou","rating":1090,"private":0,"password":""}