{"id":"gen9ou-1999776506","p1":"ghostgallade","p2":"Large Goat Man","format":"[Gen 9] OU","log":"|j|\u2606ghostgallade\n|j|\u2606Large Goat Man\n|t:|1701115676\n|gametype|singles\n|player|p1|ghostgallade|n|1550\n|player|p2|Large Goat Man|101|1509\n|teamsize|p1|6\n|teamsize|p2|6\n|gen|9\n|tier|[Gen 9] OU\n|rated|\n|rule|Sleep Clause Mod: Limit one foe put to sleep\n|rule|Species Clause: Limit one of each Pok\u00e9mon\n|rule|OHKO Clause: OHKO moves are banned\n|rule|Evasion Items Clause: Evasion items are banned\n|rule|Evasion Moves Clause: Evasion moves are banned\n|rule|Endless Battle Clause: Forcing endless battles is banned\n|rule|HP Percentage Mod: HP is shown in percentages\n|clearpoke\n|poke|p1|Glimmora, M|\n|poke|p1|Kingambit, M|\n|poke|p1|Iron Valiant|\n|poke|p1|Dragapult, M|\n|poke|p1|Landorus-Therian, M|\n|poke|p1|Hatterene, F|\n|poke|p2|Dragonite, M|\n|poke|p2|Enamorus, F|\n|poke|p2|Kingambit, M|\n|poke|p2|Basculegion-F, F|\n|poke|p2|Great Tusk|\n|poke|p2|Iron Moth|\n|teampreview\n|\n|t:|1701115680\n|start\n|switch|p1a: Glimmora|Glimmora, M|100\/100\n|switch|p2a: CHIG BUNGUS|Great Tusk|100\/100\n|turn|1\n|\n|t:|1701115684\n|move|p2a: CHIG BUNGUS|Earthquake|p1a: Glimmora\n|-supereffective|p1a: Glimmora\n|-enditem|p1a: Glimmora|Focus Sash\n|-damage|p1a: Glimmora|1\/100\n|-activate|p1a: Glimmora|ability: Toxic Debris\n|-sidestart|p2: Large Goat Man|move: Toxic Spikes\n|move|p1a: Glimmora|Energy Ball|p2a: CHIG BUNGUS\n|-supereffective|p2a: CHIG BUNGUS\n|-damage|p2a: CHIG BUNGUS|1\/100\n|-unboost|p2a: CHIG BUNGUS|spd|1\n|\n|upkeep\n|turn|2\n|\n|t:|1701115697\n|switch|p1a: Dragapult|Dragapult, M|100\/100\n|move|p2a: CHIG BUNGUS|Earthquake|p1a: Dragapult\n|-damage|p1a: Dragapult|27\/100\n|\n|upkeep\n|turn|3\n|\n|t:|1701115701\n|move|p1a: Dragapult|U-turn|p2a: CHIG BUNGUS\n|-resisted|p2a: CHIG BUNGUS\n|-damage|p2a: CHIG BUNGUS|0 fnt\n|-damage|p1a: Dragapult|11\/100|[from] item: Rocky Helmet|[of] p2a: CHIG BUNGUS\n|faint|p2a: CHIG BUNGUS\n|-end|p2a: CHIG BUNGUS|Protosynthesis|[silent]\n|\n|t:|1701115704\n|switch|p1a: Hatterene|Hatterene, F|100\/100|[from] U-turn\n|\n|upkeep\n|\n|t:|1701115706\n|switch|p2a: SPICY HOT HOT HOT|Iron Moth|100\/100\n|-sideend|p2: Large Goat Man|move: Toxic Spikes|[of] p2a: SPICY HOT HOT HOT\n|-enditem|p2a: SPICY HOT HOT HOT|Booster Energy\n|-activate|p2a: SPICY HOT HOT HOT|ability: Quark Drive|[fromitem]\n|-start|p2a: SPICY HOT HOT HOT|quarkdrivespa\n|turn|4\n|\n|t:|1701115718\n|-terastallize|p1a: Hatterene|Steel\n|move|p2a: SPICY HOT HOT HOT|Sludge Wave|p1a: Hatterene\n|-immune|p1a: Hatterene\n|move|p1a: Hatterene|Nuzzle|p2a: SPICY HOT HOT HOT\n|-damage|p2a: SPICY HOT HOT HOT|94\/100\n|-status|p2a: SPICY HOT HOT HOT|par\n|\n|upkeep\n|turn|5\n|\n|t:|1701115724\n|switch|p1a: Glimmora|Glimmora, M|1\/100\n|move|p2a: SPICY HOT HOT HOT|Fiery Dance|p1a: Glimmora\n|-resisted|p1a: Glimmora\n|-damage|p1a: Glimmora|0 fnt\n|-boost|p2a: SPICY HOT HOT HOT|spa|1\n|faint|p1a: Glimmora\n|\n|upkeep\n|c|\u2606Large Goat Man|0 skill\n|\n|t:|1701115730\n|switch|p1a: Landorus|Landorus-Therian, M|100\/100\n|-ability|p1a: Landorus|Intimidate|boost\n|-unboost|p2a: SPICY HOT HOT HOT|atk|1\n|turn|6\n|\n|t:|1701115736\n|-terastallize|p2a: SPICY HOT HOT HOT|Flying\n|move|p1a: Landorus|U-turn|p2a: SPICY HOT HOT HOT\n|-resisted|p2a: SPICY HOT HOT HOT\n|-crit|p2a: SPICY HOT HOT HOT\n|-damage|p2a: SPICY HOT HOT HOT|59\/100 par\n|\n|t:|1701115741\n|switch|p1a: Hatterene|Hatterene, F, tera:Steel|100\/100|[from] U-turn\n|move|p2a: SPICY HOT HOT HOT|Hurricane|p1a: Hatterene\n|-resisted|p1a: Hatterene\n|-damage|p1a: Hatterene|40\/100\n|-enditem|p1a: Hatterene|Eject Button\n|\n|t:|1701115749\n|switch|p1a: Dragapult|Dragapult, M|11\/100\n|\n|upkeep\n|turn|7\n|\n|t:|1701115757\n|move|p1a: Dragapult|Shadow Ball|p2a: SPICY HOT HOT HOT\n|-damage|p2a: SPICY HOT HOT HOT|0 fnt\n|faint|p2a: SPICY HOT HOT HOT\n|-end|p2a: SPICY HOT HOT HOT|Quark Drive|[silent]\n|\n|upkeep\n|\n|t:|1701115760\n|switch|p2a: Zero skill garbage|Kingambit, M|100\/100\n|-activate|p2a: Zero skill garbage|ability: Supreme Overlord\n|-start|p2a: Zero skill garbage|fallen2|[silent]\n|turn|8\n|\n|t:|1701115768\n|switch|p1a: Landorus|Landorus-Therian, M|100\/100\n|-ability|p1a: Landorus|Intimidate|boost\n|-unboost|p2a: Zero skill garbage|atk|1\n|move|p2a: Zero skill garbage|Stealth Rock|p1a: Landorus\n|-sidestart|p1: ghostgallade|move: Stealth Rock\n|\n|upkeep\n|turn|9\n|\n|t:|1701115778\n|-end|p2a: Zero skill garbage|fallen2|[silent]\n|switch|p2a: TrashDondozoPlayer|Basculegion-F, F|100\/100\n|move|p1a: Landorus|U-turn|p2a: TrashDondozoPlayer\n|-resisted|p2a: TrashDondozoPlayer\n|-damage|p2a: TrashDondozoPlayer|83\/100\n|\n|t:|1701115786\n|switch|p1a: Kingambit|Kingambit, M|100\/100|[from] U-turn\n|-damage|p1a: Kingambit|94\/100|[from] Stealth Rock\n|-activate|p1a: Kingambit|ability: Supreme Overlord\n|-start|p1a: Kingambit|fallen1|[silent]\n|\n|-heal|p1a: Kingambit|100\/100|[from] item: Leftovers\n|upkeep\n|turn|10\n|\n|t:|1701115803\n|move|p2a: TrashDondozoPlayer|Surf|p1a: Kingambit\n|-damage|p1a: Kingambit|42\/100\n|move|p1a: Kingambit|Iron Head|p2a: TrashDondozoPlayer\n|-resisted|p2a: TrashDondozoPlayer\n|-damage|p2a: TrashDondozoPlayer|53\/100\n|\n|-heal|p1a: Kingambit|48\/100|[from] item: Leftovers\n|upkeep\n|turn|11\n|\n|t:|1701115830\n|move|p2a: TrashDondozoPlayer|Surf|p1a: Kingambit\n|-damage|p1a: Kingambit|0 fnt\n|faint|p1a: Kingambit\n|-end|p1a: Kingambit|fallen1|[silent]\n|\n|upkeep\n|\n|t:|1701115841\n|switch|p1a: Iron Valiant|Iron Valiant|100\/100\n|-damage|p1a: Iron Valiant|94\/100|[from] Stealth Rock\n|-enditem|p1a: Iron Valiant|Booster Energy\n|-activate|p1a: Iron Valiant|ability: Quark Drive|[fromitem]\n|-start|p1a: Iron Valiant|quarkdrivespe\n|turn|12\n|\n|t:|1701115852\n|move|p1a: Iron Valiant|Knock Off|p2a: TrashDondozoPlayer\n|-supereffective|p2a: TrashDondozoPlayer\n|-damage|p2a: TrashDondozoPlayer|0 fnt\n|-enditem|p2a: TrashDondozoPlayer|Spell Tag|[from] move: Knock Off|[of] p1a: Iron Valiant\n|faint|p2a: TrashDondozoPlayer\n|\n|upkeep\n|\n|t:|1701115857\n|switch|p2a: Zero skill garbage|Kingambit, M|100\/100\n|-activate|p2a: Zero skill garbage|ability: Supreme Overlord\n|-start|p2a: Zero skill garbage|fallen3|[silent]\n|turn|13\n|\n|t:|1701115865\n|move|p1a: Iron Valiant|Close Combat|p2a: Zero skill garbage\n|-supereffective|p2a: Zero skill garbage\n|-damage|p2a: Zero skill garbage|0 fnt\n|-unboost|p1a: Iron Valiant|def|1\n|-unboost|p1a: Iron Valiant|spd|1\n|faint|p2a: Zero skill garbage\n|-end|p2a: Zero skill garbage|fallen3|[silent]\n|\n|upkeep\n|\n|t:|1701115869\n|switch|p2a: Ultra Speed|Dragonite, M|100\/100\n|turn|14\n|\n|t:|1701115875\n|-end|p1a: Iron Valiant|Quark Drive|[silent]\n|switch|p1a: Hatterene|Hatterene, F, tera:Steel|40\/100\n|-damage|p1a: Hatterene|34\/100|[from] Stealth Rock\n|move|p2a: Ultra Speed|Dragon Dance|p2a: Ultra Speed\n|-boost|p2a: Ultra Speed|atk|1\n|-boost|p2a: Ultra Speed|spe|1\n|\n|upkeep\n|turn|15\n|\n|t:|1701115881\n|move|p2a: Ultra Speed|Earthquake|p1a: Hatterene\n|-supereffective|p1a: Hatterene\n|-damage|p1a: Hatterene|0 fnt\n|faint|p1a: Hatterene\n|\n|upkeep\n|\n|t:|1701115883\n|switch|p1a: Landorus|Landorus-Therian, M|100\/100\n|-damage|p1a: Landorus|88\/100|[from] Stealth Rock\n|-ability|p1a: Landorus|Intimidate|boost\n|-unboost|p2a: Ultra Speed|atk|1\n|turn|16\n|\n|t:|1701115888\n|move|p1a: Landorus|Stone Edge|p2a: Ultra Speed\n|-supereffective|p2a: Ultra Speed\n|-damage|p2a: Ultra Speed|62\/100\n|move|p2a: Ultra Speed|Dragon Dance|p2a: Ultra Speed\n|-boost|p2a: Ultra Speed|atk|1\n|-boost|p2a: Ultra Speed|spe|1\n|\n|upkeep\n|turn|17\n|\n|t:|1701115893\n|move|p2a: Ultra Speed|Extreme Speed|p1a: Landorus\n|-damage|p1a: Landorus|32\/100\n|move|p1a: Landorus|Stone Edge|p2a: Ultra Speed\n|-supereffective|p2a: Ultra Speed\n|-damage|p2a: Ultra Speed|0 fnt\n|faint|p2a: Ultra Speed\n|\n|upkeep\n|\n|t:|1701115895\n|switch|p2a: MOONBLASTER|Enamorus, F|100\/100\n|turn|18\n|\n|t:|1701115897\n|move|p1a: Landorus|Stone Edge|p2a: MOONBLASTER\n|-supereffective|p2a: MOONBLASTER\n|-damage|p2a: MOONBLASTER|0 fnt\n|faint|p2a: MOONBLASTER\n|\n|win|ghostgallade\n|raw|ghostgallade's rating: 1550 &rarr; <strong>1568<\/strong><br \/>(+18 for winning)\n|raw|Large Goat Man's rating: 1509 &rarr; <strong>1491<\/strong><br \/>(-18 for losing)\n|l|\u2606Large Goat Man\n|c|\u2606ghostgallade|gg\n","uploadtime":1701115920,"views":12,"p1id":"ghostgallade","p2id":"largegoatman","formatid":"gen9ou","rating":1491,"private":0,"password":""}