{"id":"gen9ou-1989806891","p1":"EpiclyEpicGamerW","p2":"otoyomegatari","format":"[Gen 9] OU","log":"|j|\u2606EpiclyEpicGamerW\n|j|\u2606otoyomegatari\n|t:|1699897346\n|gametype|singles\n|player|p1|EpiclyEpicGamerW|red-masters|1427\n|player|p2|otoyomegatari|169|1474\n|teamsize|p1|6\n|teamsize|p2|6\n|gen|9\n|tier|[Gen 9] OU\n|rated|\n|rule|Sleep Clause Mod: Limit one foe put to sleep\n|rule|Species Clause: Limit one of each Pok\u00e9mon\n|rule|OHKO Clause: OHKO moves are banned\n|rule|Evasion Items Clause: Evasion items are banned\n|rule|Evasion Moves Clause: Evasion moves are banned\n|rule|Endless Battle Clause: Forcing endless battles is banned\n|rule|HP Percentage Mod: HP is shown in percentages\n|clearpoke\n|poke|p1|Ceruledge, F|\n|poke|p1|Rillaboom, F|\n|poke|p1|Sneasler, F|\n|poke|p1|Ribombee, F|\n|poke|p1|Zapdos|\n|poke|p1|Samurott-Hisui, F|\n|poke|p2|Rillaboom, F|\n|poke|p2|Ogerpon, F|\n|poke|p2|Iron Moth|\n|poke|p2|Sneasler, F|\n|poke|p2|Great Tusk|\n|poke|p2|Corviknight, F|\n|teampreview\n|inactive|Battle timer is ON: inactive players will automatically lose when time's up. (requested by EpiclyEpicGamerW)\n|\n|t:|1699897370\n|start\n|switch|p1a: Samurott|Samurott-Hisui, F|100\/100\n|switch|p2a: Iron Moth|Iron Moth|100\/100\n|turn|1\n|\n|t:|1699897380\n|-end|p2a: Iron Moth|Quark Drive|[silent]\n|switch|p2a: Rillaboom|Rillaboom, F|100\/100\n|-fieldstart|move: Grassy Terrain|[from] ability: Grassy Surge|[of] p2a: Rillaboom\n|move|p1a: Samurott|Aqua Cutter|p2a: Rillaboom\n|-resisted|p2a: Rillaboom\n|-damage|p2a: Rillaboom|80\/100\n|\n|-heal|p2a: Rillaboom|86\/100|[from] Grassy Terrain\n|upkeep\n|turn|2\n|\n|t:|1699897384\n|switch|p1a: Zapdos|Zapdos|100\/100\n|move|p2a: Rillaboom|U-turn|p1a: Zapdos\n|-resisted|p1a: Zapdos\n|-damage|p1a: Zapdos|87\/100\n|-status|p2a: Rillaboom|par|[from] ability: Static|[of] p1a: Zapdos\n|\n|t:|1699897390\n|switch|p2a: Iron Moth|Iron Moth|100\/100|[from] U-turn\n|\n|upkeep\n|turn|3\n|\n|t:|1699897396\n|move|p2a: Iron Moth|Substitute|p2a: Iron Moth\n|-start|p2a: Iron Moth|Substitute\n|-damage|p2a: Iron Moth|76\/100\n|move|p1a: Zapdos|U-turn|p2a: Iron Moth\n|-resisted|p2a: Iron Moth\n|-activate|p2a: Iron Moth|move: Substitute|[damage]\n|\n|t:|1699897403\n|switch|p1a: Samurott|Samurott-Hisui, F|100\/100|[from] U-turn\n|\n|-heal|p2a: Iron Moth|82\/100|[from] Grassy Terrain\n|-heal|p2a: Iron Moth|88\/100|[from] item: Leftovers\n|upkeep\n|turn|4\n|\n|t:|1699897407\n|move|p1a: Samurott|Ceaseless Edge|p2a: Iron Moth\n|-end|p2a: Iron Moth|Substitute\n|-sidestart|p2: otoyomegatari|Spikes\n|move|p2a: Iron Moth|Energy Ball|p1a: Samurott\n|-supereffective|p1a: Samurott\n|-damage|p1a: Samurott|0 fnt\n|faint|p1a: Samurott\n|\n|-heal|p2a: Iron Moth|94\/100|[from] Grassy Terrain\n|-heal|p2a: Iron Moth|99\/100|[from] item: Leftovers\n|upkeep\n|\n|t:|1699897428\n|switch|p1a: Ribombee|Ribombee, F|100\/100\n|turn|5\n|\n|t:|1699897445\n|-terastallize|p2a: Iron Moth|Grass\n|move|p1a: Ribombee|Stun Spore|p2a: Iron Moth\n|-immune|p2a: Iron Moth\n|move|p2a: Iron Moth|Substitute|p2a: Iron Moth\n|-start|p2a: Iron Moth|Substitute\n|-damage|p2a: Iron Moth|75\/100\n|\n|-heal|p2a: Iron Moth|81\/100|[from] Grassy Terrain\n|-heal|p2a: Iron Moth|87\/100|[from] item: Leftovers\n|upkeep\n|turn|6\n|\n|t:|1699897455\n|move|p1a: Ribombee|Sticky Web|p2a: Iron Moth\n|-sidestart|p2: otoyomegatari|move: Sticky Web\n|move|p2a: Iron Moth|Fiery Dance|p1a: Ribombee\n|-supereffective|p1a: Ribombee\n|-enditem|p1a: Ribombee|Focus Sash\n|-damage|p1a: Ribombee|1\/100\n|\n|-heal|p1a: Ribombee|7\/100|[from] Grassy Terrain\n|-heal|p2a: Iron Moth|93\/100|[from] Grassy Terrain\n|-heal|p2a: Iron Moth|99\/100|[from] item: Leftovers\n|upkeep\n|turn|7\n|\n|t:|1699897465\n|move|p1a: Ribombee|Moonblast|p2a: Iron Moth\n|-end|p2a: Iron Moth|Substitute\n|move|p2a: Iron Moth|Fiery Dance|p1a: Ribombee\n|-supereffective|p1a: Ribombee\n|-damage|p1a: Ribombee|0 fnt\n|faint|p1a: Ribombee\n|\n|-heal|p2a: Iron Moth|100\/100|[from] Grassy Terrain\n|upkeep\n|\n|t:|1699897472\n|switch|p1a: Ceruledge|Ceruledge, F|100\/100\n|turn|8\n|\n|t:|1699897482\n|-end|p2a: Iron Moth|Quark Drive|[silent]\n|switch|p2a: Great Tusk|Great Tusk|100\/100\n|-damage|p2a: Great Tusk|88\/100|[from] Spikes\n|-activate|p2a: Great Tusk|move: Sticky Web\n|-unboost|p2a: Great Tusk|spe|1\n|move|p1a: Ceruledge|Swords Dance|p1a: Ceruledge\n|-boost|p1a: Ceruledge|atk|2\n|\n|-heal|p2a: Great Tusk|94\/100|[from] Grassy Terrain\n|-fieldend|move: Grassy Terrain\n|upkeep\n|turn|9\n|inactive|EpiclyEpicGamerW has 120 seconds left.\n|\n|t:|1699897529\n|-terastallize|p1a: Ceruledge|Bug\n|move|p1a: Ceruledge|Swords Dance|p1a: Ceruledge\n|-boost|p1a: Ceruledge|atk|2\n|move|p2a: Great Tusk|Headlong Rush|p1a: Ceruledge\n|-resisted|p1a: Ceruledge\n|-damage|p1a: Ceruledge|59\/100\n|-unboost|p2a: Great Tusk|def|1\n|-unboost|p2a: Great Tusk|spd|1\n|\n|upkeep\n|turn|10\n|\n|t:|1699897539\n|move|p1a: Ceruledge|Bitter Blade|p2a: Great Tusk\n|-damage|p2a: Great Tusk|0 fnt\n|-heal|p1a: Ceruledge|100\/100|[from] drain|[of] p2a: Great Tusk\n|-damage|p1a: Ceruledge|84\/100|[from] item: Rocky Helmet|[of] p2a: Great Tusk\n|faint|p2a: Great Tusk\n|-end|p2a: Great Tusk|Protosynthesis|[silent]\n|\n|upkeep\n|\n|t:|1699897558\n|switch|p2a: Rillaboom|Rillaboom, F|86\/100 par\n|-damage|p2a: Rillaboom|73\/100 par|[from] Spikes\n|-activate|p2a: Rillaboom|move: Sticky Web\n|-unboost|p2a: Rillaboom|spe|1\n|-fieldstart|move: Grassy Terrain|[from] ability: Grassy Surge|[of] p2a: Rillaboom\n|turn|11\n|inactive|EpiclyEpicGamerW has 120 seconds left.\n|\n|t:|1699897564\n|move|p1a: Ceruledge|Bitter Blade|p2a: Rillaboom\n|-supereffective|p2a: Rillaboom\n|-damage|p2a: Rillaboom|0 fnt\n|-heal|p1a: Ceruledge|100\/100|[from] drain|[of] p2a: Rillaboom\n|faint|p2a: Rillaboom\n|\n|upkeep\n|\n|t:|1699897578\n|switch|p2a: Corviknight|Corviknight, F|100\/100\n|-ability|p2a: Corviknight|Pressure\n|turn|12\n|\n|t:|1699897584\n|move|p1a: Ceruledge|Bitter Blade|p2a: Corviknight\n|-supereffective|p2a: Corviknight\n|-damage|p2a: Corviknight|0 fnt\n|-damage|p1a: Ceruledge|84\/100|[from] item: Rocky Helmet|[of] p2a: Corviknight\n|faint|p2a: Corviknight\n|\n|-heal|p1a: Ceruledge|90\/100|[from] Grassy Terrain\n|upkeep\n|\n|t:|1699897590\n|switch|p2a: Sneasler|Sneasler, F|100\/100\n|-damage|p2a: Sneasler|88\/100|[from] Spikes\n|-activate|p2a: Sneasler|move: Sticky Web\n|-unboost|p2a: Sneasler|spe|1\n|-enditem|p2a: Sneasler|Grassy Seed\n|-boost|p2a: Sneasler|def|1|[from] item: Grassy Seed\n|turn|13\n|\n|t:|1699897598\n|move|p1a: Ceruledge|Shadow Sneak|p2a: Sneasler\n|-damage|p2a: Sneasler|22\/100\n|move|p2a: Sneasler|Acrobatics|p1a: Ceruledge\n|-supereffective|p1a: Ceruledge\n|-damage|p1a: Ceruledge|0 fnt\n|faint|p1a: Ceruledge\n|\n|-heal|p2a: Sneasler|28\/100|[from] Grassy Terrain\n|upkeep\n|\n|t:|1699897610\n|switch|p1a: Sneasler|Sneasler, F|100\/100\n|-enditem|p1a: Sneasler|Grassy Seed\n|-boost|p1a: Sneasler|def|1|[from] item: Grassy Seed\n|turn|14\n|\n|t:|1699897623\n|move|p1a: Sneasler|Close Combat|p2a: Sneasler\n|-resisted|p2a: Sneasler\n|-damage|p2a: Sneasler|0 fnt\n|-unboost|p1a: Sneasler|def|1\n|-unboost|p1a: Sneasler|spd|1\n|faint|p2a: Sneasler\n|\n|upkeep\n|\n|t:|1699897645\n|switch|p2a: Iron Moth|Iron Moth, tera:Grass|100\/100\n|-damage|p2a: Iron Moth|88\/100|[from] Spikes\n|-activate|p2a: Iron Moth|move: Sticky Web\n|-unboost|p2a: Iron Moth|spe|1\n|turn|15\n|\n|t:|1699897649\n|move|p1a: Sneasler|Dire Claw|p2a: Iron Moth\n|-supereffective|p2a: Iron Moth\n|-damage|p2a: Iron Moth|0 fnt\n|faint|p2a: Iron Moth\n|-end|p2a: Iron Moth|Quark Drive|[silent]\n|\n|upkeep\n|\n|t:|1699897651\n|switch|p2a: Ogerpon|Ogerpon, F|100\/100\n|-damage|p2a: Ogerpon|88\/100|[from] Spikes\n|-activate|p2a: Ogerpon|move: Sticky Web\n|-unboost|p2a: Ogerpon|spe|1\n|-ability|p2a: Ogerpon|Defiant|boost\n|-boost|p2a: Ogerpon|atk|2\n|turn|16\n|\n|t:|1699897656\n|move|p1a: Sneasler|Dire Claw|p2a: Ogerpon\n|-supereffective|p2a: Ogerpon\n|-damage|p2a: Ogerpon|0 fnt\n|faint|p2a: Ogerpon\n|\n|win|EpiclyEpicGamerW\n|raw|EpiclyEpicGamerW's rating: 1427 &rarr; <strong>1450<\/strong><br \/>(+23 for winning)\n|raw|otoyomegatari's rating: 1474 &rarr; <strong>1451<\/strong><br \/>(-23 for losing)\n|c|\u2606otoyomegatari|gg\n|c|\u2606EpiclyEpicGamerW|gg\n|l|\u2606otoyomegatari\n","uploadtime":1699897674,"views":8,"p1id":"epiclyepicgamerw","p2id":"otoyomegatari","formatid":"gen9ou","rating":1450,"private":0,"password":""}