{"id":"gen9ou-1993540766","p1":"rjhypers","p2":"Maratil","format":"[Gen 9] OU","log":"|j|\u2606rjhypers\n|j|\u2606Maratil\n|t:|1700329682\n|gametype|singles\n|player|p1|rjhypers|2|1186\n|player|p2|Maratil|101|1283\n|teamsize|p1|6\n|teamsize|p2|6\n|gen|9\n|tier|[Gen 9] OU\n|rated|\n|rule|Sleep Clause Mod: Limit one foe put to sleep\n|rule|Species Clause: Limit one of each Pok\u00e9mon\n|rule|OHKO Clause: OHKO moves are banned\n|rule|Evasion Items Clause: Evasion items are banned\n|rule|Evasion Moves Clause: Evasion moves are banned\n|rule|Endless Battle Clause: Forcing endless battles is banned\n|rule|HP Percentage Mod: HP is shown in percentages\n|clearpoke\n|poke|p1|Ribombee, F|\n|poke|p1|Arbok, F|\n|poke|p1|Kleavor, M|\n|poke|p1|Basculegion, M|\n|poke|p1|Pelipper, F|\n|poke|p1|Heatran, M|\n|poke|p2|Sneasler, M|\n|poke|p2|Zapdos|\n|poke|p2|Corviknight, F|\n|poke|p2|Garchomp, F|\n|poke|p2|Samurott-Hisui, F|\n|poke|p2|Gholdengo|\n|teampreview\n|inactive|Battle timer is ON: inactive players will automatically lose when time's up. (requested by Maratil)\n|\n|t:|1700329692\n|start\n|switch|p1a: Arbok|Arbok, F, shiny|100\/100\n|switch|p2a: Sneasler|Sneasler, M|100\/100\n|-ability|p1a: Arbok|Intimidate|boost\n|-unboost|p2a: Sneasler|atk|1\n|turn|1\n|\n|t:|1700329701\n|move|p2a: Sneasler|U-turn|p1a: Arbok\n|-resisted|p1a: Arbok\n|-damage|p1a: Arbok|85\/100\n|\n|t:|1700329706\n|switch|p2a: Gholdengo|Gholdengo|100\/100|[from] U-turn\n|move|p1a: Arbok|Coil|p1a: Arbok\n|-boost|p1a: Arbok|atk|1\n|-boost|p1a: Arbok|def|1\n|-boost|p1a: Arbok|accuracy|1\n|\n|upkeep\n|turn|2\n|\n|t:|1700329715\n|move|p2a: Gholdengo|Make It Rain|p1a: Arbok\n|-damage|p1a: Arbok|0 fnt\n|-unboost|p2a: Gholdengo|spa|1\n|faint|p1a: Arbok\n|\n|upkeep\n|\n|t:|1700329725\n|switch|p1a: Ribombee|Ribombee, F|100\/100\n|turn|3\n|\n|t:|1700329728\n|move|p2a: Gholdengo|Make It Rain|p1a: Ribombee\n|-supereffective|p1a: Ribombee\n|-enditem|p1a: Ribombee|Focus Sash\n|-damage|p1a: Ribombee|1\/100\n|-unboost|p2a: Gholdengo|spa|1\n|move|p1a: Ribombee|Sticky Web|p2a: Gholdengo\n|-sidestart|p2: Maratil|move: Sticky Web\n|\n|upkeep\n|turn|4\n|\n|t:|1700329740\n|switch|p1a: Heatran|Heatran, M|100\/100\n|move|p2a: Gholdengo|Make It Rain|p1a: Heatran\n|-resisted|p1a: Heatran\n|-damage|p1a: Heatran|96\/100\n|-unboost|p2a: Gholdengo|spa|1\n|\n|-heal|p1a: Heatran|100\/100|[from] item: Leftovers\n|upkeep\n|turn|5\n|\n|t:|1700329755\n|switch|p2a: Samurott|Samurott-Hisui, F|100\/100\n|-activate|p2a: Samurott|move: Sticky Web\n|-unboost|p2a: Samurott|spe|1\n|move|p1a: Heatran|Magma Storm|p2a: Samurott\n|-resisted|p2a: Samurott\n|-damage|p2a: Samurott|68\/100\n|-activate|p2a: Samurott|move: Magma Storm|[of] p1a: Heatran\n|\n|-damage|p2a: Samurott|56\/100|[from] move: Magma Storm|[partiallytrapped]\n|upkeep\n|turn|6\n|\n|t:|1700329765\n|move|p2a: Samurott|Ceaseless Edge|p1a: Heatran\n|-damage|p1a: Heatran|66\/100\n|-sidestart|p1: rjhypers|Spikes\n|move|p1a: Heatran|Will-O-Wisp|p2a: Samurott\n|-status|p2a: Samurott|brn\n|\n|-heal|p1a: Heatran|72\/100|[from] item: Leftovers\n|-damage|p2a: Samurott|50\/100 brn|[from] brn\n|-damage|p2a: Samurott|37\/100 brn|[from] move: Magma Storm|[partiallytrapped]\n|upkeep\n|turn|7\n|\n|t:|1700329774\n|move|p1a: Heatran|Protect|p1a: Heatran\n|-singleturn|p1a: Heatran|Protect\n|move|p2a: Samurott|Ceaseless Edge|p1a: Heatran\n|-activate|p1a: Heatran|move: Protect\n|\n|-heal|p1a: Heatran|78\/100|[from] item: Leftovers\n|-damage|p2a: Samurott|31\/100 brn|[from] brn\n|-damage|p2a: Samurott|19\/100 brn|[from] move: Magma Storm|[partiallytrapped]\n|upkeep\n|turn|8\n|\n|t:|1700329789\n|switch|p1a: Ribombee|Ribombee, F|1\/100\n|-damage|p1a: Ribombee|0 fnt|[from] Spikes\n|faint|p1a: Ribombee\n|move|p2a: Samurott|Ceaseless Edge|p1: Ribombee|[notarget]\n|-fail|p2a: Samurott\n|\n|-damage|p2a: Samurott|12\/100 brn|[from] brn\n|-end|p2a: Samurott|Magma Storm|[partiallytrapped]|[silent]\n|upkeep\n|\n|t:|1700329798\n|switch|p1a: Heatran|Heatran, M|78\/100\n|-damage|p1a: Heatran|66\/100|[from] Spikes\n|turn|9\n|\n|t:|1700329802\n|move|p2a: Samurott|Ceaseless Edge|p1a: Heatran\n|-damage|p1a: Heatran|47\/100\n|-sidestart|p1: rjhypers|Spikes\n|move|p1a: Heatran|Magma Storm|p2a: Samurott\n|-resisted|p2a: Samurott\n|-damage|p2a: Samurott|0 fnt\n|faint|p2a: Samurott\n|\n|-heal|p1a: Heatran|53\/100|[from] item: Leftovers\n|upkeep\n|\n|t:|1700329811\n|switch|p2a: Corviknight|Corviknight, F|100\/100\n|-ability|p2a: Corviknight|Pressure\n|turn|10\n|\n|t:|1700329818\n|move|p1a: Heatran|Magma Storm|p2a: Corviknight\n|-supereffective|p2a: Corviknight\n|-damage|p2a: Corviknight|15\/100\n|-activate|p2a: Corviknight|move: Magma Storm|[of] p1a: Heatran\n|move|p2a: Corviknight|Body Press|p1a: Heatran\n|-supereffective|p1a: Heatran\n|-damage|p1a: Heatran|11\/100\n|\n|-heal|p1a: Heatran|17\/100|[from] item: Leftovers\n|-damage|p2a: Corviknight|2\/100|[from] move: Magma Storm|[partiallytrapped]\n|upkeep\n|turn|11\n|\n|t:|1700329827\n|move|p1a: Heatran|Protect|p1a: Heatran\n|-singleturn|p1a: Heatran|Protect\n|move|p2a: Corviknight|Body Press|p1a: Heatran\n|-activate|p1a: Heatran|move: Protect\n|\n|-heal|p1a: Heatran|23\/100|[from] item: Leftovers\n|-damage|p2a: Corviknight|0 fnt|[from] move: Magma Storm|[partiallytrapped]\n|faint|p2a: Corviknight\n|upkeep\n|\n|t:|1700329842\n|switch|p2a: Garchomp|Garchomp, F|100\/100\n|-activate|p2a: Garchomp|move: Sticky Web\n|-unboost|p2a: Garchomp|spe|1\n|turn|12\n|\n|t:|1700329847\n|switch|p1a: Pelipper|Pelipper, F|100\/100\n|-weather|RainDance|[from] ability: Drizzle|[of] p1a: Pelipper\n|move|p2a: Garchomp|Earthquake|p1a: Pelipper\n|-immune|p1a: Pelipper\n|\n|-weather|RainDance|[upkeep]\n|upkeep\n|turn|13\n|\n|t:|1700329857\n|move|p2a: Garchomp|Stealth Rock|p1a: Pelipper\n|-sidestart|p1: rjhypers|move: Stealth Rock\n|move|p1a: Pelipper|Surf|p2a: Garchomp\n|-damage|p2a: Garchomp|58\/100\n|\n|-weather|RainDance|[upkeep]\n|upkeep\n|turn|14\n|\n|t:|1700329870\n|move|p1a: Pelipper|U-turn|p2a: Garchomp\n|-damage|p2a: Garchomp|49\/100\n|-damage|p1a: Pelipper|88\/100|[from] ability: Rough Skin|[of] p2a: Garchomp\n|-damage|p1a: Pelipper|72\/100|[from] item: Rocky Helmet|[of] p2a: Garchomp\n|\n|t:|1700329875\n|switch|p1a: Basculegion|Basculegion, M, shiny|100\/100|[from] U-turn\n|-damage|p1a: Basculegion|84\/100|[from] Spikes\n|-damage|p1a: Basculegion|72\/100|[from] Stealth Rock\n|move|p2a: Garchomp|Dragon Tail|p1a: Basculegion\n|-damage|p1a: Basculegion|41\/100\n|drag|p1a: Heatran|Heatran, M|23\/100\n|-damage|p1a: Heatran|7\/100|[from] Spikes\n|-damage|p1a: Heatran|0 fnt|[from] Stealth Rock\n|faint|p1a: Heatran\n|\n|-weather|RainDance|[upkeep]\n|upkeep\n|\n|t:|1700329887\n|switch|p1a: Basculegion|Basculegion, M, shiny|41\/100\n|-damage|p1a: Basculegion|24\/100|[from] Spikes\n|-damage|p1a: Basculegion|12\/100|[from] Stealth Rock\n|turn|15\n|\n|t:|1700329900\n|move|p1a: Basculegion|Wave Crash|p2a: Garchomp\n|-damage|p2a: Garchomp|0 fnt\n|-damage|p1a: Basculegion|0 fnt|[from] ability: Rough Skin|[of] p2a: Garchomp\n|faint|p2a: Garchomp\n|faint|p1a: Basculegion\n|\n|-weather|RainDance|[upkeep]\n|upkeep\n|\n|t:|1700329915\n|switch|p2a: Zapdos|Zapdos|100\/100\n|switch|p1a: Kleavor|Kleavor, M|100\/100\n|-damage|p1a: Kleavor|84\/100|[from] Spikes\n|-damage|p1a: Kleavor|59\/100|[from] Stealth Rock\n|turn|16\n|\n|t:|1700329937\n|move|p2a: Zapdos|Thunderbolt|p1a: Kleavor\n|-damage|p1a: Kleavor|0 fnt\n|faint|p1a: Kleavor\n|\n|-weather|RainDance|[upkeep]\n|upkeep\n|\n|t:|1700329949\n|switch|p1a: Pelipper|Pelipper, F|72\/100\n|-damage|p1a: Pelipper|47\/100|[from] Stealth Rock\n|turn|17\n|\n|t:|1700329958\n|-terastallize|p1a: Pelipper|Ground\n|move|p2a: Zapdos|Thunderbolt|p1a: Pelipper\n|-immune|p1a: Pelipper\n|move|p1a: Pelipper|Hurricane|p2a: Zapdos\n|-resisted|p2a: Zapdos\n|-damage|p2a: Zapdos|81\/100\n|\n|-weather|RainDance|[upkeep]\n|upkeep\n|turn|18\n|\n|t:|1700329966\n|switch|p2a: Gholdengo|Gholdengo|100\/100\n|-activate|p2a: Gholdengo|move: Sticky Web\n|-unboost|p2a: Gholdengo|spe|1\n|move|p1a: Pelipper|Surf|p2a: Gholdengo\n|-damage|p2a: Gholdengo|48\/100\n|\n|-weather|RainDance|[upkeep]\n|upkeep\n|turn|19\n|\n|t:|1700329974\n|move|p2a: Gholdengo|Shadow Ball|p1a: Pelipper\n|-damage|p1a: Pelipper|0 fnt\n|faint|p1a: Pelipper\n|\n|win|Maratil\n|raw|rjhypers's rating: 1186 &rarr; <strong>1168<\/strong><br \/>(-18 for losing)\n|raw|Maratil's rating: 1283 &rarr; <strong>1301<\/strong><br \/>(+18 for winning)\n","uploadtime":1700329982,"views":8,"p1id":"rjhypers","p2id":"maratil","formatid":"gen9ou","rating":1168,"private":0,"password":""}