{"id":"gen9ou-1997314403","p1":"Yibril","p2":"Chabbott918","format":"[Gen 9] OU","log":"|j|\u2606Yibril\n|j|\u2606Chabbott918\n|t:|1700788270\n|gametype|singles\n|player|p1|Yibril|ghetsis|1608\n|player|p2|Chabbott918|raifort|1566\n|teamsize|p1|6\n|teamsize|p2|6\n|gen|9\n|tier|[Gen 9] OU\n|rated|\n|rule|Sleep Clause Mod: Limit one foe put to sleep\n|rule|Species Clause: Limit one of each Pok\u00e9mon\n|rule|OHKO Clause: OHKO moves are banned\n|rule|Evasion Items Clause: Evasion items are banned\n|rule|Evasion Moves Clause: Evasion moves are banned\n|rule|Endless Battle Clause: Forcing endless battles is banned\n|rule|HP Percentage Mod: HP is shown in percentages\n|clearpoke\n|poke|p1|Kingambit, M|\n|poke|p1|Dragapult, F|\n|poke|p1|Gholdengo|\n|poke|p1|Great Tusk|\n|poke|p1|Garganacl, F|\n|poke|p1|Dragonite, F|\n|poke|p2|Cresselia, F|\n|poke|p2|Iron Valiant|\n|poke|p2|Garganacl, M|\n|poke|p2|Landorus-Therian, M|\n|poke|p2|Greninja-*, M|\n|poke|p2|Maushold-Four|\n|teampreview\n|inactive|Battle timer is ON: inactive players will automatically lose when time's up. (requested by Yibril)\n|\n|t:|1700788283\n|start\n|switch|p1a: Dragapult|Dragapult, F|100\/100\n|switch|p2a: Garganacl|Garganacl, M|100\/100\n|turn|1\n|\n|t:|1700788288\n|move|p1a: Dragapult|Surf|p2a: Garganacl\n|-supereffective|p2a: Garganacl\n|-damage|p2a: Garganacl|59\/100\n|move|p2a: Garganacl|Salt Cure|p1a: Dragapult\n|-damage|p1a: Dragapult|81\/100\n|-start|p1a: Dragapult|Salt Cure\n|\n|-heal|p2a: Garganacl|65\/100|[from] item: Leftovers\n|-damage|p1a: Dragapult|68\/100|[from] Salt Cure\n|upkeep\n|turn|2\n|j| leonel 2.00\n|\n|t:|1700788301\n|switch|p1a: Great Tusk|Great Tusk|100\/100\n|switch|p2a: Greninja|Greninja, M|100\/100\n|\n|upkeep\n|turn|3\n|\n|t:|1700788311\n|-end|p1a: Great Tusk|Protosynthesis|[silent]\n|switch|p1a: Kingambit|Kingambit, M|100\/100\n|move|p2a: Greninja|Ice Beam|p1a: Kingambit\n|-resisted|p1a: Kingambit\n|-damage|p1a: Kingambit|84\/100\n|-status|p1a: Kingambit|frz\n|-damage|p2a: Greninja|91\/100|[from] item: Life Orb\n|\n|-heal|p1a: Kingambit|90\/100 frz|[from] item: Leftovers\n|upkeep\n|turn|4\n|\n|t:|1700788321\n|switch|p2a: Landorus|Landorus-Therian, M, shiny|100\/100\n|-ability|p2a: Landorus|Intimidate|boost\n|-unboost|p1a: Kingambit|atk|1\n|cant|p1a: Kingambit|frz\n|\n|-heal|p1a: Kingambit|97\/100 frz|[from] item: Leftovers\n|upkeep\n|turn|5\n|\n|t:|1700788330\n|-end|p1a: Kingambit|fallenundefined|[silent]\n|switch|p1a: Great Tusk|Great Tusk|100\/100\n|move|p2a: Landorus|Stealth Rock|p1a: Great Tusk\n|-sidestart|p1: Yibril|move: Stealth Rock\n|\n|upkeep\n|turn|6\n|\n|t:|1700788338\n|move|p2a: Landorus|U-turn|p1a: Great Tusk\n|-resisted|p1a: Great Tusk\n|-damage|p1a: Great Tusk|95\/100\n|\n|t:|1700788342\n|switch|p2a: Maushold|Maushold-Four|100\/100|[from] U-turn\n|move|p1a: Great Tusk|Stealth Rock|p2a: Maushold\n|-sidestart|p2: Chabbott918|move: Stealth Rock\n|\n|-heal|p1a: Great Tusk|100\/100|[from] item: Leftovers\n|upkeep\n|turn|7\n|\n|t:|1700788348\n|move|p2a: Maushold|Encore|p1a: Great Tusk\n|-start|p1a: Great Tusk|Encore\n|move|p1a: Great Tusk|Stealth Rock||[still]\n|-fail|p1a: Great Tusk\n|\n|upkeep\n|turn|8\n|\n|t:|1700788353\n|-end|p1a: Great Tusk|Protosynthesis|[silent]\n|switch|p1a: Garganacl|Garganacl, F|100\/100\n|-damage|p1a: Garganacl|88\/100|[from] Stealth Rock\n|move|p2a: Maushold|Tidy Up|p2a: Maushold\n|-sideend|p2: Chabbott918|Stealth Rock\n|-sideend|p1: Yibril|Stealth Rock\n|-activate|p2a: Maushold|move: Tidy Up\n|-boost|p2a: Maushold|atk|1\n|-boost|p2a: Maushold|spe|1\n|\n|-heal|p1a: Garganacl|94\/100|[from] item: Leftovers\n|upkeep\n|turn|9\n|\n|t:|1700788365\n|switch|p2a: Cresselia|Cresselia, F, shiny|100\/100\n|move|p1a: Garganacl|Iron Defense|p1a: Garganacl\n|-boost|p1a: Garganacl|def|2\n|\n|-heal|p1a: Garganacl|100\/100|[from] item: Leftovers\n|upkeep\n|turn|10\n|\n|t:|1700788372\n|move|p2a: Cresselia|Calm Mind|p2a: Cresselia\n|-boost|p2a: Cresselia|spa|1\n|-boost|p2a: Cresselia|spd|1\n|move|p1a: Garganacl|Salt Cure|p2a: Cresselia\n|-damage|p2a: Cresselia|94\/100\n|\n|upkeep\n|turn|11\n|\n|t:|1700788380\n|switch|p1a: Kingambit|Kingambit, M|97\/100 frz\n|move|p2a: Cresselia|Calm Mind|p2a: Cresselia\n|-boost|p2a: Cresselia|spa|1\n|-boost|p2a: Cresselia|spd|1\n|\n|-heal|p1a: Kingambit|100\/100 frz|[from] item: Leftovers\n|upkeep\n|turn|12\n|\n|t:|1700788387\n|move|p2a: Cresselia|Calm Mind|p2a: Cresselia\n|-boost|p2a: Cresselia|spa|1\n|-boost|p2a: Cresselia|spd|1\n|-curestatus|p1a: Kingambit|frz|[msg]\n|move|p1a: Kingambit|Kowtow Cleave|p2a: Cresselia\n|-supereffective|p2a: Cresselia\n|-damage|p2a: Cresselia|40\/100\n|\n|upkeep\n|turn|13\n|\n|t:|1700788397\n|-terastallize|p2a: Cresselia|Poison\n|move|p2a: Cresselia|Moonlight|p2a: Cresselia\n|-heal|p2a: Cresselia|90\/100\n|move|p1a: Kingambit|Kowtow Cleave|p2a: Cresselia\n|-damage|p2a: Cresselia|65\/100\n|\n|upkeep\n|turn|14\n|\n|t:|1700788406\n|move|p2a: Cresselia|Moonlight|p2a: Cresselia\n|-heal|p2a: Cresselia|100\/100\n|move|p1a: Kingambit|Swords Dance|p1a: Kingambit\n|-boost|p1a: Kingambit|atk|2\n|\n|upkeep\n|turn|15\n|\n|t:|1700788413\n|switch|p2a: Maushold|Maushold-Four|100\/100\n|move|p1a: Kingambit|Kowtow Cleave|p2a: Maushold\n|-damage|p2a: Maushold|0 fnt\n|faint|p2a: Maushold\n|\n|upkeep\n|\n|t:|1700788415\n|switch|p2a: Landorus|Landorus-Therian, M, shiny|100\/100\n|-ability|p2a: Landorus|Intimidate|boost\n|-unboost|p1a: Kingambit|atk|1\n|turn|16\n|\n|t:|1700788421\n|move|p2a: Landorus|U-turn|p1a: Kingambit\n|-damage|p1a: Kingambit|83\/100\n|\n|t:|1700788425\n|switch|p2a: Iron Valiant|Iron Valiant|100\/100|[from] U-turn\n|-enditem|p2a: Iron Valiant|Booster Energy\n|-activate|p2a: Iron Valiant|ability: Quark Drive|[fromitem]\n|-start|p2a: Iron Valiant|quarkdrivespe\n|move|p1a: Kingambit|Kowtow Cleave|p2a: Iron Valiant\n|-resisted|p2a: Iron Valiant\n|-damage|p2a: Iron Valiant|76\/100\n|\n|-heal|p1a: Kingambit|89\/100|[from] item: Leftovers\n|upkeep\n|turn|17\n|\n|t:|1700788435\n|-end|p1a: Kingambit|fallenundefined|[silent]\n|switch|p1a: Gholdengo|Gholdengo|100\/100\n|move|p2a: Iron Valiant|Encore|p1a: Gholdengo\n|-immune|p1a: Gholdengo|[from] ability: Good as Gold\n|\n|upkeep\n|turn|18\n|\n|t:|1700788442\n|-end|p2a: Iron Valiant|Quark Drive|[silent]\n|switch|p2a: Landorus|Landorus-Therian, M, shiny|100\/100\n|-ability|p2a: Landorus|Intimidate|boost\n|-unboost|p1a: Gholdengo|atk|1\n|move|p1a: Gholdengo|Shadow Ball|p2a: Landorus\n|-damage|p2a: Landorus|61\/100\n|\n|upkeep\n|turn|19\n|\n|t:|1700788449\n|switch|p1a: Great Tusk|Great Tusk|100\/100\n|move|p2a: Landorus|Earthquake|p1a: Great Tusk\n|-damage|p1a: Great Tusk|79\/100\n|\n|-heal|p1a: Great Tusk|85\/100|[from] item: Leftovers\n|upkeep\n|turn|20\n|\n|t:|1700788456\n|move|p2a: Landorus|U-turn|p1a: Great Tusk\n|-resisted|p1a: Great Tusk\n|-damage|p1a: Great Tusk|80\/100\n|\n|t:|1700788461\n|switch|p2a: Greninja|Greninja, M|91\/100|[from] U-turn\n|move|p1a: Great Tusk|Stealth Rock|p2a: Greninja\n|-sidestart|p2: Chabbott918|move: Stealth Rock\n|\n|-heal|p1a: Great Tusk|86\/100|[from] item: Leftovers\n|upkeep\n|turn|21\n|\n|t:|1700788473\n|-end|p1a: Great Tusk|Protosynthesis|[silent]\n|switch|p1a: Kingambit|Kingambit, M|89\/100\n|move|p2a: Greninja|Ice Beam|p1a: Kingambit\n|-resisted|p1a: Kingambit\n|-damage|p1a: Kingambit|72\/100\n|-status|p1a: Kingambit|frz\n|-damage|p2a: Greninja|81\/100|[from] item: Life Orb\n|\n|-heal|p1a: Kingambit|78\/100 frz|[from] item: Leftovers\n|upkeep\n|turn|22\n|\n|t:|1700788487\n|switch|p2a: Cresselia|Cresselia, F, shiny, tera:Poison|100\/100\n|-damage|p2a: Cresselia|88\/100|[from] Stealth Rock\n|cant|p1a: Kingambit|frz\n|\n|-heal|p1a: Kingambit|84\/100 frz|[from] item: Leftovers\n|upkeep\n|turn|23\n|\n|t:|1700788494\n|move|p2a: Cresselia|Calm Mind|p2a: Cresselia\n|-boost|p2a: Cresselia|spa|1\n|-boost|p2a: Cresselia|spd|1\n|cant|p1a: Kingambit|frz\n|\n|-heal|p1a: Kingambit|90\/100 frz|[from] item: Leftovers\n|upkeep\n|turn|24\n|\n|t:|1700788500\n|move|p2a: Cresselia|Calm Mind|p2a: Cresselia\n|-boost|p2a: Cresselia|spa|1\n|-boost|p2a: Cresselia|spd|1\n|-curestatus|p1a: Kingambit|frz|[msg]\n|move|p1a: Kingambit|Swords Dance|p1a: Kingambit\n|-boost|p1a: Kingambit|atk|2\n|\n|-heal|p1a: Kingambit|97\/100|[from] item: Leftovers\n|upkeep\n|turn|25\n|\n|t:|1700788508\n|move|p2a: Cresselia|Moonblast|p1a: Kingambit\n|-damage|p1a: Kingambit|64\/100\n|move|p1a: Kingambit|Kowtow Cleave|p2a: Cresselia\n|-damage|p2a: Cresselia|37\/100\n|\n|-heal|p1a: Kingambit|70\/100|[from] item: Leftovers\n|upkeep\n|turn|26\n|\n|t:|1700788515\n|move|p2a: Cresselia|Moonlight|p2a: Cresselia\n|-heal|p2a: Cresselia|87\/100\n|move|p1a: Kingambit|Kowtow Cleave|p2a: Cresselia\n|-damage|p2a: Cresselia|31\/100\n|\n|-heal|p1a: Kingambit|76\/100|[from] item: Leftovers\n|upkeep\n|turn|27\n|\n|t:|1700788523\n|switch|p2a: Landorus|Landorus-Therian, M, shiny|61\/100\n|-damage|p2a: Landorus|49\/100|[from] Stealth Rock\n|-ability|p2a: Landorus|Intimidate|boost\n|-unboost|p1a: Kingambit|atk|1\n|move|p1a: Kingambit|Kowtow Cleave|p2a: Landorus\n|-damage|p2a: Landorus|0 fnt\n|-damage|p1a: Kingambit|60\/100|[from] item: Rocky Helmet|[of] p2a: Landorus\n|faint|p2a: Landorus\n|\n|-heal|p1a: Kingambit|66\/100|[from] item: Leftovers\n|upkeep\n|\n|t:|1700788528\n|switch|p2a: Iron Valiant|Iron Valiant|76\/100\n|-damage|p2a: Iron Valiant|70\/100|[from] Stealth Rock\n|turn|28\n|\n|t:|1700788537\n|-end|p1a: Kingambit|fallenundefined|[silent]\n|switch|p1a: Gholdengo|Gholdengo|100\/100\n|move|p2a: Iron Valiant|Aura Sphere|p1a: Gholdengo\n|-immune|p1a: Gholdengo\n|\n|upkeep\n|turn|29\n|\n|t:|1700788543\n|-end|p2a: Iron Valiant|Quark Drive|[silent]\n|switch|p2a: Greninja|Greninja, M|81\/100\n|-damage|p2a: Greninja|69\/100|[from] Stealth Rock\n|move|p1a: Gholdengo|Shadow Ball|p2a: Greninja\n|-resisted|p2a: Greninja\n|-crit|p2a: Greninja\n|-damage|p2a: Greninja|25\/100\n|\n|upkeep\n|turn|30\n|\n|t:|1700788551\n|switch|p1a: Kingambit|Kingambit, M|66\/100\n|move|p2a: Greninja|Dark Pulse|p1a: Kingambit\n|-resisted|p1a: Kingambit\n|-damage|p1a: Kingambit|43\/100\n|-damage|p2a: Greninja|15\/100|[from] item: Life Orb\n|\n|-heal|p1a: Kingambit|50\/100|[from] item: Leftovers\n|upkeep\n|turn|31\n|\n|t:|1700788559\n|move|p2a: Greninja|Water Shuriken|p1a: Kingambit\n|-crit|p1a: Kingambit\n|-damage|p1a: Kingambit|37\/100\n|-damage|p1a: Kingambit|29\/100\n|-damage|p1a: Kingambit|20\/100\n|-hitcount|p1a: Kingambit|3\n|-damage|p2a: Greninja|5\/100|[from] item: Life Orb\n|move|p1a: Kingambit|Sucker Punch||[still]\n|-fail|p1a: Kingambit\n|\n|-heal|p1a: Kingambit|27\/100|[from] item: Leftovers\n|upkeep\n|turn|32\n|\n|t:|1700788570\n|move|p2a: Greninja|Water Shuriken|p1a: Kingambit\n|-damage|p1a: Kingambit|18\/100\n|-damage|p1a: Kingambit|9\/100\n|-damage|p1a: Kingambit|0 fnt\n|faint|p1a: Kingambit\n|-end|p1a: Kingambit|fallenundefined|[silent]\n|-ability|p2a: Greninja|Battle Bond|boost\n|-boost|p2a: Greninja|atk|1\n|-boost|p2a: Greninja|spa|1\n|-boost|p2a: Greninja|spe|1\n|-activate|p2a: Greninja|ability: Battle Bond\n|-hitcount|p1: Kingambit|3\n|-damage|p2a: Greninja|0 fnt|[from] item: Life Orb\n|faint|p2a: Greninja\n|\n|upkeep\n|\n|t:|1700788582\n|switch|p2a: Garganacl|Garganacl, M|65\/100\n|switch|p1a: Gholdengo|Gholdengo|100\/100\n|-damage|p2a: Garganacl|53\/100|[from] Stealth Rock\n|turn|33\n|\n|t:|1700788587\n|switch|p1a: Great Tusk|Great Tusk|86\/100\n|switch|p2a: Cresselia|Cresselia, F, shiny, tera:Poison|31\/100\n|-damage|p2a: Cresselia|19\/100|[from] Stealth Rock\n|\n|-heal|p1a: Great Tusk|92\/100|[from] item: Leftovers\n|upkeep\n|turn|34\n|\n|t:|1700788596\n|move|p1a: Great Tusk|Knock Off|p2a: Cresselia\n|-damage|p2a: Cresselia|4\/100\n|-enditem|p2a: Cresselia|Covert Cloak|[from] move: Knock Off|[of] p1a: Great Tusk\n|move|p2a: Cresselia|Moonlight|p2a: Cresselia\n|-heal|p2a: Cresselia|54\/100\n|\n|-heal|p1a: Great Tusk|98\/100|[from] item: Leftovers\n|upkeep\n|turn|35\n|\n|t:|1700788604\n|-end|p1a: Great Tusk|Protosynthesis|[silent]\n|switch|p1a: Garganacl|Garganacl, F|100\/100\n|move|p2a: Cresselia|Moonlight|p2a: Cresselia\n|-heal|p2a: Cresselia|100\/100\n|\n|upkeep\n|turn|36\n|\n|t:|1700788610\n|move|p2a: Cresselia|Calm Mind|p2a: Cresselia\n|-boost|p2a: Cresselia|spa|1\n|-boost|p2a: Cresselia|spd|1\n|move|p1a: Garganacl|Salt Cure|p2a: Cresselia\n|-damage|p2a: Cresselia|93\/100\n|-start|p2a: Cresselia|Salt Cure\n|\n|-damage|p2a: Cresselia|80\/100|[from] Salt Cure\n|upkeep\n|turn|37\n|\n|t:|1700788618\n|switch|p1a: Dragapult|Dragapult, F|68\/100\n|move|p2a: Cresselia|Calm Mind|p2a: Cresselia\n|-boost|p2a: Cresselia|spa|1\n|-boost|p2a: Cresselia|spd|1\n|\n|-damage|p2a: Cresselia|68\/100|[from] Salt Cure\n|upkeep\n|turn|38\n|\n|t:|1700788625\n|move|p1a: Dragapult|Will-O-Wisp|p2a: Cresselia\n|-status|p2a: Cresselia|brn\n|move|p2a: Cresselia|Moonblast|p1a: Dragapult\n|-supereffective|p1a: Dragapult\n|-damage|p1a: Dragapult|0 fnt\n|faint|p1a: Dragapult\n|\n|-damage|p2a: Cresselia|62\/100 brn|[from] brn\n|-damage|p2a: Cresselia|50\/100 brn|[from] Salt Cure\n|upkeep\n|\n|t:|1700788636\n|switch|p1a: Gholdengo|Gholdengo|100\/100\n|turn|39\n|\n|t:|1700788639\n|move|p2a: Cresselia|Moonlight|p2a: Cresselia\n|-heal|p2a: Cresselia|99\/100 brn\n|move|p1a: Gholdengo|Nasty Plot|p1a: Gholdengo\n|-boost|p1a: Gholdengo|spa|2\n|\n|-damage|p2a: Cresselia|94\/100 brn|[from] brn\n|-damage|p2a: Cresselia|81\/100 brn|[from] Salt Cure\n|upkeep\n|turn|40\n|\n|t:|1700788647\n|move|p2a: Cresselia|Calm Mind|p2a: Cresselia\n|-boost|p2a: Cresselia|spa|1\n|-boost|p2a: Cresselia|spd|1\n|move|p1a: Gholdengo|Psyshock|p2a: Cresselia\n|-supereffective|p2a: Cresselia\n|-damage|p2a: Cresselia|30\/100 brn\n|\n|-damage|p2a: Cresselia|24\/100 brn|[from] brn\n|-damage|p2a: Cresselia|12\/100 brn|[from] Salt Cure\n|upkeep\n|turn|41\n|\n|t:|1700788656\n|move|p2a: Cresselia|Stored Power|p1a: Gholdengo\n|-resisted|p1a: Gholdengo\n|-damage|p1a: Gholdengo|52\/100\n|move|p1a: Gholdengo|Psyshock|p2a: Cresselia\n|-supereffective|p2a: Cresselia\n|-damage|p2a: Cresselia|0 fnt\n|faint|p2a: Cresselia\n|\n|-heal|p1a: Gholdengo|59\/100|[from] item: Leftovers\n|upkeep\n|\n|t:|1700788659\n|switch|p2a: Garganacl|Garganacl, M|53\/100\n|-damage|p2a: Garganacl|40\/100|[from] Stealth Rock\n|turn|42\n|\n|t:|1700788674\n|move|p1a: Gholdengo|Psyshock|p2a: Garganacl\n|-damage|p2a: Garganacl|8\/100\n|move|p2a: Garganacl|Salt Cure|p1a: Gholdengo\n|-resisted|p1a: Gholdengo\n|-damage|p1a: Gholdengo|54\/100\n|-start|p1a: Gholdengo|Salt Cure\n|\n|-heal|p1a: Gholdengo|60\/100|[from] item: Leftovers\n|-heal|p2a: Garganacl|14\/100|[from] item: Leftovers\n|-damage|p1a: Gholdengo|35\/100|[from] Salt Cure\n|upkeep\n|turn|43\n|\n|t:|1700788684\n|move|p1a: Gholdengo|Recover|p1a: Gholdengo\n|-heal|p1a: Gholdengo|85\/100\n|move|p2a: Garganacl|Recover|p2a: Garganacl\n|-heal|p2a: Garganacl|64\/100\n|\n|-heal|p1a: Gholdengo|91\/100|[from] item: Leftovers\n|-heal|p2a: Garganacl|70\/100|[from] item: Leftovers\n|-damage|p1a: Gholdengo|66\/100|[from] Salt Cure\n|upkeep\n|turn|44\n|\n|t:|1700788693\n|switch|p1a: Great Tusk|Great Tusk|98\/100\n|move|p2a: Garganacl|Iron Defense|p2a: Garganacl\n|-boost|p2a: Garganacl|def|2\n|\n|-heal|p1a: Great Tusk|100\/100|[from] item: Leftovers\n|-heal|p2a: Garganacl|76\/100|[from] item: Leftovers\n|upkeep\n|turn|45\n|\n|t:|1700788700\n|move|p1a: Great Tusk|Earthquake|p2a: Garganacl\n|-supereffective|p2a: Garganacl\n|-damage|p2a: Garganacl|49\/100\n|move|p2a: Garganacl|Iron Defense|p2a: Garganacl\n|-boost|p2a: Garganacl|def|2\n|\n|-heal|p2a: Garganacl|55\/100|[from] item: Leftovers\n|upkeep\n|turn|46\n|\n|t:|1700788707\n|move|p1a: Great Tusk|Knock Off|p2a: Garganacl\n|-damage|p2a: Garganacl|49\/100\n|-enditem|p2a: Garganacl|Leftovers|[from] move: Knock Off|[of] p1a: Great Tusk\n|move|p2a: Garganacl|Iron Defense|p2a: Garganacl\n|-boost|p2a: Garganacl|def|2\n|\n|upkeep\n|turn|47\n|\n|t:|1700788714\n|move|p1a: Great Tusk|Earthquake|p2a: Garganacl\n|-supereffective|p2a: Garganacl\n|-damage|p2a: Garganacl|34\/100\n|move|p2a: Garganacl|Recover|p2a: Garganacl\n|-heal|p2a: Garganacl|84\/100\n|\n|upkeep\n|turn|48\n|\n|t:|1700788720\n|move|p1a: Great Tusk|Earthquake|p2a: Garganacl\n|-supereffective|p2a: Garganacl\n|-damage|p2a: Garganacl|69\/100\n|move|p2a: Garganacl|Salt Cure|p1a: Great Tusk\n|-resisted|p1a: Great Tusk\n|-damage|p1a: Great Tusk|99\/100\n|-start|p1a: Great Tusk|Salt Cure\n|\n|-heal|p1a: Great Tusk|100\/100|[from] item: Leftovers\n|-damage|p1a: Great Tusk|88\/100|[from] Salt Cure\n|upkeep\n|turn|49\n|\n|t:|1700788729\n|move|p1a: Great Tusk|Earthquake|p2a: Garganacl\n|-supereffective|p2a: Garganacl\n|-damage|p2a: Garganacl|54\/100\n|move|p2a: Garganacl|Body Press|p1a: Great Tusk\n|-damage|p1a: Great Tusk|41\/100\n|\n|-heal|p1a: Great Tusk|48\/100|[from] item: Leftovers\n|-damage|p1a: Great Tusk|35\/100|[from] Salt Cure\n|upkeep\n|turn|50\n|\n|t:|1700788739\n|move|p1a: Great Tusk|Earthquake|p2a: Garganacl\n|-supereffective|p2a: Garganacl\n|-damage|p2a: Garganacl|38\/100\n|move|p2a: Garganacl|Recover|p2a: Garganacl\n|-heal|p2a: Garganacl|88\/100\n|\n|-heal|p1a: Great Tusk|41\/100|[from] item: Leftovers\n|-damage|p1a: Great Tusk|29\/100|[from] Salt Cure\n|upkeep\n|turn|51\n|\n|t:|1700788747\n|move|p1a: Great Tusk|Earthquake|p2a: Garganacl\n|-supereffective|p2a: Garganacl\n|-damage|p2a: Garganacl|71\/100\n|move|p2a: Garganacl|Body Press|p1a: Great Tusk\n|-damage|p1a: Great Tusk|0 fnt\n|faint|p1a: Great Tusk\n|-end|p1a: Great Tusk|Protosynthesis|[silent]\n|\n|upkeep\n|inactive|Yibril has 120 seconds left.\n|\n|t:|1700788778\n|switch|p1a: Gholdengo|Gholdengo|66\/100\n|turn|52\n|\n|t:|1700788798\n|switch|p1a: Garganacl|Garganacl, F|100\/100\n|move|p2a: Garganacl|Salt Cure|p1a: Garganacl\n|-damage|p1a: Garganacl|92\/100\n|-start|p1a: Garganacl|Salt Cure\n|\n|-heal|p1a: Garganacl|98\/100|[from] item: Leftovers\n|-damage|p1a: Garganacl|85\/100|[from] Salt Cure\n|upkeep\n|turn|53\n|\n|t:|1700788806\n|move|p1a: Garganacl|Salt Cure|p2a: Garganacl\n|-damage|p2a: Garganacl|69\/100\n|-start|p2a: Garganacl|Salt Cure\n|move|p2a: Garganacl|Body Press|p1a: Garganacl\n|-supereffective|p1a: Garganacl\n|-damage|p1a: Garganacl|0 fnt\n|faint|p1a: Garganacl\n|\n|-damage|p2a: Garganacl|56\/100|[from] Salt Cure\n|upkeep\n|\n|t:|1700788818\n|switch|p1a: Dragonite|Dragonite, F|100\/100\n|turn|54\n|\n|t:|1700788827\n|move|p1a: Dragonite|Dragon Dance|p1a: Dragonite\n|-boost|p1a: Dragonite|atk|1\n|-boost|p1a: Dragonite|spe|1\n|move|p2a: Garganacl|Salt Cure|p1a: Dragonite\n|-supereffective|p1a: Dragonite\n|-damage|p1a: Dragonite|86\/100\n|-start|p1a: Dragonite|Salt Cure\n|\n|-damage|p1a: Dragonite|73\/100|[from] Salt Cure\n|-damage|p2a: Garganacl|44\/100|[from] Salt Cure\n|upkeep\n|turn|55\n|\n|t:|1700788835\n|move|p1a: Dragonite|Earthquake|p2a: Garganacl\n|-supereffective|p2a: Garganacl\n|-damage|p2a: Garganacl|24\/100\n|move|p2a: Garganacl|Recover|p2a: Garganacl\n|-heal|p2a: Garganacl|74\/100\n|\n|-damage|p1a: Dragonite|61\/100|[from] Salt Cure\n|-damage|p2a: Garganacl|62\/100|[from] Salt Cure\n|upkeep\n|turn|56\n|\n|t:|1700788842\n|move|p1a: Dragonite|Earthquake|p2a: Garganacl\n|-supereffective|p2a: Garganacl\n|-damage|p2a: Garganacl|42\/100\n|move|p2a: Garganacl|Recover|p2a: Garganacl\n|-heal|p2a: Garganacl|92\/100\n|\n|-damage|p1a: Dragonite|48\/100|[from] Salt Cure\n|-damage|p2a: Garganacl|80\/100|[from] Salt Cure\n|upkeep\n|turn|57\n|\n|t:|1700788850\n|move|p1a: Dragonite|Earthquake|p2a: Garganacl\n|-supereffective|p2a: Garganacl\n|-damage|p2a: Garganacl|61\/100\n|move|p2a: Garganacl|Body Press|p1a: Dragonite\n|-resisted|p1a: Dragonite\n|-damage|p1a: Dragonite|0 fnt\n|faint|p1a: Dragonite\n|\n|-damage|p2a: Garganacl|49\/100|[from] Salt Cure\n|upkeep\n|\n|t:|1700788858\n|switch|p1a: Gholdengo|Gholdengo|66\/100\n|turn|58\n|\n|t:|1700788868\n|move|p1a: Gholdengo|Nasty Plot|p1a: Gholdengo\n|-boost|p1a: Gholdengo|spa|2\n|move|p2a: Garganacl|Recover|p2a: Garganacl\n|-heal|p2a: Garganacl|99\/100\n|\n|-heal|p1a: Gholdengo|72\/100|[from] item: Leftovers\n|-damage|p2a: Garganacl|87\/100|[from] Salt Cure\n|upkeep\n|turn|59\n|\n|t:|1700788877\n|move|p1a: Gholdengo|Shadow Ball|p2a: Garganacl\n|-damage|p2a: Garganacl|62\/100\n|move|p2a: Garganacl|Salt Cure|p1a: Gholdengo\n|-resisted|p1a: Gholdengo\n|-damage|p1a: Gholdengo|67\/100\n|-start|p1a: Gholdengo|Salt Cure\n|\n|-heal|p1a: Gholdengo|73\/100|[from] item: Leftovers\n|-damage|p1a: Gholdengo|49\/100|[from] Salt Cure\n|-damage|p2a: Garganacl|50\/100|[from] Salt Cure\n|upkeep\n|turn|60\n|j| kowasabii\n|\n|t:|1700788887\n|-terastallize|p1a: Gholdengo|Flying\n|move|p1a: Gholdengo|Recover|p1a: Gholdengo\n|-heal|p1a: Gholdengo|99\/100\n|move|p2a: Garganacl|Recover|p2a: Garganacl\n|-heal|p2a: Garganacl|99\/100\n|\n|-heal|p1a: Gholdengo|100\/100|[from] item: Leftovers\n|-damage|p1a: Gholdengo|88\/100|[from] Salt Cure\n|-damage|p2a: Garganacl|87\/100|[from] Salt Cure\n|upkeep\n|turn|61\n|\n|t:|1700788896\n|move|p1a: Gholdengo|Shadow Ball|p2a: Garganacl\n|-damage|p2a: Garganacl|65\/100\n|move|p2a: Garganacl|Body Press|p1a: Gholdengo\n|-resisted|p1a: Gholdengo\n|-crit|p1a: Gholdengo\n|-damage|p1a: Gholdengo|45\/100\n|\n|-heal|p1a: Gholdengo|51\/100|[from] item: Leftovers\n|-damage|p1a: Gholdengo|38\/100|[from] Salt Cure\n|-damage|p2a: Garganacl|53\/100|[from] Salt Cure\n|upkeep\n|turn|62\n|\n|t:|1700788906\n|move|p1a: Gholdengo|Recover|p1a: Gholdengo\n|-heal|p1a: Gholdengo|88\/100\n|move|p2a: Garganacl|Body Press|p1a: Gholdengo\n|-resisted|p1a: Gholdengo\n|-damage|p1a: Gholdengo|58\/100\n|\n|-heal|p1a: Gholdengo|64\/100|[from] item: Leftovers\n|-damage|p1a: Gholdengo|52\/100|[from] Salt Cure\n|-damage|p2a: Garganacl|41\/100|[from] Salt Cure\n|upkeep\n|turn|63\n|l| kowasabii\n|\n|t:|1700788915\n|move|p1a: Gholdengo|Recover|p1a: Gholdengo\n|-heal|p1a: Gholdengo|100\/100\n|move|p2a: Garganacl|Recover|p2a: Garganacl\n|-heal|p2a: Garganacl|91\/100\n|\n|-damage|p1a: Gholdengo|88\/100|[from] Salt Cure\n|-damage|p2a: Garganacl|78\/100|[from] Salt Cure\n|upkeep\n|turn|64\n|\n|t:|1700788924\n|move|p1a: Gholdengo|Nasty Plot|p1a: Gholdengo\n|-boost|p1a: Gholdengo|spa|2\n|move|p2a: Garganacl|Body Press|p1a: Gholdengo\n|-resisted|p1a: Gholdengo\n|-damage|p1a: Gholdengo|59\/100\n|\n|-heal|p1a: Gholdengo|65\/100|[from] item: Leftovers\n|-damage|p1a: Gholdengo|52\/100|[from] Salt Cure\n|-damage|p2a: Garganacl|66\/100|[from] Salt Cure\n|upkeep\n|turn|65\n|\n|t:|1700788933\n|move|p1a: Gholdengo|Shadow Ball|p2a: Garganacl\n|-damage|p2a: Garganacl|29\/100\n|move|p2a: Garganacl|Body Press|p1a: Gholdengo\n|-resisted|p1a: Gholdengo\n|-damage|p1a: Gholdengo|23\/100\n|\n|-heal|p1a: Gholdengo|29\/100|[from] item: Leftovers\n|-damage|p1a: Gholdengo|17\/100|[from] Salt Cure\n|-damage|p2a: Garganacl|17\/100|[from] Salt Cure\n|upkeep\n|turn|66\n|\n|t:|1700788942\n|move|p1a: Gholdengo|Recover|p1a: Gholdengo\n|-heal|p1a: Gholdengo|67\/100\n|move|p2a: Garganacl|Body Press|p1a: Gholdengo\n|-resisted|p1a: Gholdengo\n|-damage|p1a: Gholdengo|38\/100\n|\n|-heal|p1a: Gholdengo|44\/100|[from] item: Leftovers\n|-damage|p1a: Gholdengo|31\/100|[from] Salt Cure\n|-damage|p2a: Garganacl|5\/100|[from] Salt Cure\n|upkeep\n|turn|67\n|\n|t:|1700788951\n|move|p1a: Gholdengo|Recover|p1a: Gholdengo\n|-heal|p1a: Gholdengo|81\/100\n|move|p2a: Garganacl|Body Press|p1a: Gholdengo\n|-resisted|p1a: Gholdengo\n|-damage|p1a: Gholdengo|48\/100\n|\n|-heal|p1a: Gholdengo|54\/100|[from] item: Leftovers\n|-damage|p1a: Gholdengo|42\/100|[from] Salt Cure\n|-damage|p2a: Garganacl|0 fnt|[from] Salt Cure\n|faint|p2a: Garganacl\n|upkeep\n|\n|t:|1700788958\n|switch|p2a: Iron Valiant|Iron Valiant|70\/100\n|-damage|p2a: Iron Valiant|64\/100|[from] Stealth Rock\n|turn|68\n|\n|t:|1700788963\n|move|p2a: Iron Valiant|Moonblast|p1a: Gholdengo\n|-damage|p1a: Gholdengo|0 fnt\n|faint|p1a: Gholdengo\n|\n|win|Chabbott918\n|raw|Yibril's rating: 1608 &rarr; <strong>1586<\/strong><br \/>(-22 for losing)\n|raw|Chabbott918's rating: 1566 &rarr; <strong>1588<\/strong><br \/>(+22 for winning)\n|l|\u2606Yibril\n","uploadtime":1700788969,"views":26,"p1id":"yibril","p2id":"chabbott918","formatid":"gen9ou","rating":1586,"private":0,"password":""}