{"id":"gen9ou-1999854092","p1":"khote","p2":"mikejohns","format":"[Gen 9] OU","log":"|j|\u2606khote\n|j|\u2606mikejohns\n|t:|1701123029\n|gametype|singles\n|player|p1|khote|burglar|1766\n|player|p2|mikejohns|volkner|1669\n|teamsize|p1|6\n|teamsize|p2|6\n|gen|9\n|tier|[Gen 9] OU\n|rated|\n|rule|Sleep Clause Mod: Limit one foe put to sleep\n|rule|Species Clause: Limit one of each Pok\u00e9mon\n|rule|OHKO Clause: OHKO moves are banned\n|rule|Evasion Items Clause: Evasion items are banned\n|rule|Evasion Moves Clause: Evasion moves are banned\n|rule|Endless Battle Clause: Forcing endless battles is banned\n|rule|HP Percentage Mod: HP is shown in percentages\n|clearpoke\n|poke|p1|Great Tusk|\n|poke|p1|Ogerpon-Wellspring, F|\n|poke|p1|Iron Moth|\n|poke|p1|Dragonite, F|\n|poke|p1|Slowking-Galar, F|\n|poke|p1|Zamazenta-*|\n|poke|p2|Corviknight, F|\n|poke|p2|Ting-Lu|\n|poke|p2|Slowking-Galar, F|\n|poke|p2|Great Tusk|\n|poke|p2|Ogerpon, F|\n|poke|p2|Moltres|\n|teampreview\n|inactive|Battle timer is ON: inactive players will automatically lose when time's up. (requested by mikejohns)\n|inactive|khote has 120 seconds left.\n|j| AFineTallk0tte\n|\n|t:|1701123071\n|start\n|switch|p1a: Great Tusk|Great Tusk|100\/100\n|switch|p2a: Ogerpon|Ogerpon, F|100\/100\n|turn|1\n|\n|t:|1701123077\n|move|p2a: Ogerpon|Ivy Cudgel|p1a: Great Tusk\n|-supereffective|p1a: Great Tusk\n|-damage|p1a: Great Tusk|28\/100\n|move|p1a: Great Tusk|Stealth Rock|p2a: Ogerpon\n|-sidestart|p2: mikejohns|move: Stealth Rock\n|\n|upkeep\n|turn|2\n|\n|t:|1701123089\n|move|p2a: Ogerpon|U-turn|p1a: Great Tusk\n|-resisted|p1a: Great Tusk\n|-damage|p1a: Great Tusk|19\/100\n|\n|t:|1701123094\n|switch|p2a: Corviknight|Corviknight, F|100\/100|[from] U-turn\n|-damage|p2a: Corviknight|88\/100|[from] Stealth Rock\n|-ability|p2a: Corviknight|Pressure\n|move|p1a: Great Tusk|Headlong Rush|p2a: Corviknight\n|-immune|p2a: Corviknight\n|\n|upkeep\n|turn|3\n|\n|t:|1701123105\n|move|p1a: Great Tusk|Knock Off|p2a: Corviknight\n|-damage|p2a: Corviknight|69\/100\n|-damage|p1a: Great Tusk|2\/100|[from] item: Rocky Helmet|[of] p2a: Corviknight\n|-enditem|p2a: Corviknight|Rocky Helmet|[from] move: Knock Off|[of] p1a: Great Tusk\n|move|p2a: Corviknight|U-turn|p1a: Great Tusk\n|-resisted|p1a: Great Tusk\n|-damage|p1a: Great Tusk|0 fnt\n|faint|p1a: Great Tusk\n|-end|p1a: Great Tusk|Protosynthesis|[silent]\n|\n|t:|1701123121\n|switch|p2a: Ting-Lu|Ting-Lu|100\/100|[from] U-turn\n|-damage|p2a: Ting-Lu|94\/100|[from] Stealth Rock\n|-ability|p2a: Ting-Lu|Vessel of Ruin\n|\n|-heal|p2a: Ting-Lu|100\/100|[from] item: Leftovers\n|upkeep\n|\n|t:|1701123128\n|switch|p1a: Ogerpon|Ogerpon-Wellspring, F|100\/100\n|turn|4\n|\n|t:|1701123133\n|move|p1a: Ogerpon|Swords Dance|p1a: Ogerpon\n|-boost|p1a: Ogerpon|atk|2\n|move|p2a: Ting-Lu|Whirlwind|p1a: Ogerpon\n|drag|p1a: Dragonite|Dragonite, F|100\/100\n|\n|upkeep\n|turn|5\n|\n|t:|1701123139\n|switch|p1a: Ogerpon|Ogerpon-Wellspring, F|100\/100\n|move|p2a: Ting-Lu|Spikes|p1a: Ogerpon\n|-sidestart|p1: khote|Spikes\n|\n|upkeep\n|turn|6\n|\n|t:|1701123152\n|move|p1a: Ogerpon|Ivy Cudgel|p2a: Ting-Lu|[anim] Ivy Cudgel Water\n|-supereffective|p2a: Ting-Lu\n|-damage|p2a: Ting-Lu|36\/100\n|move|p2a: Ting-Lu|Whirlwind|p1a: Ogerpon\n|drag|p1a: Dragonite|Dragonite, F|100\/100\n|\n|-heal|p2a: Ting-Lu|42\/100|[from] item: Leftovers\n|upkeep\n|turn|7\n|\n|t:|1701123165\n|switch|p2a: Corviknight|Corviknight, F|69\/100\n|-damage|p2a: Corviknight|57\/100|[from] Stealth Rock\n|-ability|p2a: Corviknight|Pressure\n|move|p1a: Dragonite|Ice Spinner|p2a: Corviknight\n|-damage|p2a: Corviknight|39\/100\n|\n|upkeep\n|turn|8\n|\n|t:|1701123175\n|switch|p1a: Iron Moth|Iron Moth|100\/100\n|-damage|p1a: Iron Moth|88\/100|[from] Spikes\n|-enditem|p1a: Iron Moth|Booster Energy\n|-activate|p1a: Iron Moth|ability: Quark Drive|[fromitem]\n|-start|p1a: Iron Moth|quarkdrivespe\n|move|p2a: Corviknight|Roost|p2a: Corviknight\n|-heal|p2a: Corviknight|89\/100\n|-singleturn|p2a: Corviknight|move: Roost\n|\n|upkeep\n|turn|9\n|\n|t:|1701123184\n|switch|p2a: Slowking|Slowking-Galar, F|100\/100\n|-damage|p2a: Slowking|88\/100|[from] Stealth Rock\n|move|p1a: Iron Moth|Fiery Dance|p2a: Slowking\n|-damage|p2a: Slowking|70\/100\n|\n|upkeep\n|turn|10\n|\n|t:|1701123193\n|-end|p1a: Iron Moth|Quark Drive|[silent]\n|switch|p1a: Slowking|Slowking-Galar, F|100\/100\n|move|p2a: Slowking|Future Sight|p1a: Slowking\n|-start|p2a: Slowking|move: Future Sight\n|\n|upkeep\n|turn|11\n|\n|t:|1701123208\n|switch|p2a: Great Tusk|Great Tusk|100\/100\n|move|p1a: Slowking|Future Sight|p2a: Great Tusk\n|-start|p1a: Slowking|move: Future Sight\n|\n|upkeep\n|turn|12\n|\n|t:|1701123235\n|move|p2a: Great Tusk|Knock Off|p1a: Slowking\n|-supereffective|p1a: Slowking\n|-damage|p1a: Slowking|44\/100\n|-enditem|p1a: Slowking|Heavy-Duty Boots|[from] move: Knock Off|[of] p2a: Great Tusk\n|move|p1a: Slowking|Sludge Bomb|p2a: Great Tusk\n|-resisted|p2a: Great Tusk\n|-damage|p2a: Great Tusk|77\/100\n|-status|p2a: Great Tusk|psn\n|\n|-end|p1a: Slowking|move: Future Sight\n|-damage|p1a: Slowking|13\/100\n|-damage|p2a: Great Tusk|65\/100 psn|[from] psn\n|upkeep\n|turn|13\n|\n|t:|1701123258\n|-end|p2a: Great Tusk|Protosynthesis|[silent]\n|switch|p2a: Corviknight|Corviknight, F|89\/100\n|-damage|p2a: Corviknight|77\/100|[from] Stealth Rock\n|-ability|p2a: Corviknight|Pressure\n|switch|p1a: Zamazenta|Zamazenta|100\/100\n|-damage|p1a: Zamazenta|88\/100|[from] Spikes\n|-ability|p1a: Zamazenta|Dauntless Shield|boost\n|-boost|p1a: Zamazenta|def|1\n|\n|-end|p2a: Corviknight|move: Future Sight\n|-resisted|p2a: Corviknight\n|-damage|p2a: Corviknight|54\/100\n|-heal|p1a: Zamazenta|94\/100|[from] item: Leftovers\n|upkeep\n|turn|14\n|\n|t:|1701123276\n|switch|p1a: Slowking|Slowking-Galar, F|46\/100\n|-damage|p1a: Slowking|34\/100|[from] Spikes\n|move|p2a: Corviknight|U-turn|p1a: Slowking\n|-damage|p1a: Slowking|19\/100\n|inactive|mikejohns has 120 seconds left.\n|\n|t:|1701123314\n|switch|p2a: Ogerpon|Ogerpon, F|100\/100|[from] U-turn\n|\n|upkeep\n|turn|15\n|\n|t:|1701123319\n|move|p2a: Ogerpon|U-turn|p1a: Slowking\n|-crit|p1a: Slowking\n|-damage|p1a: Slowking|0 fnt\n|faint|p1a: Slowking\n|\n|t:|1701123326\n|switch|p2a: Corviknight|Corviknight, F|54\/100|[from] U-turn\n|-damage|p2a: Corviknight|42\/100|[from] Stealth Rock\n|-ability|p2a: Corviknight|Pressure\n|\n|upkeep\n|\n|t:|1701123336\n|switch|p1a: Iron Moth|Iron Moth|88\/100\n|-damage|p1a: Iron Moth|76\/100|[from] Spikes\n|turn|16\n|\n|t:|1701123339\n|switch|p2a: Slowking|Slowking-Galar, F|100\/100\n|-damage|p2a: Slowking|88\/100|[from] Stealth Rock\n|move|p1a: Iron Moth|Fiery Dance|p2a: Slowking\n|-damage|p2a: Slowking|70\/100\n|-boost|p1a: Iron Moth|spa|1\n|\n|upkeep\n|turn|17\n|\n|t:|1701123347\n|move|p1a: Iron Moth|Fiery Dance|p2a: Slowking\n|-crit|p2a: Slowking\n|-damage|p2a: Slowking|28\/100\n|move|p2a: Slowking|Future Sight|p1a: Iron Moth\n|-start|p2a: Slowking|move: Future Sight\n|\n|upkeep\n|turn|18\n|\n|t:|1701123363\n|switch|p2a: Moltres|Moltres|100\/100\n|move|p1a: Iron Moth|Fiery Dance|p2a: Moltres\n|-resisted|p2a: Moltres\n|-damage|p2a: Moltres|70\/100\n|-boost|p1a: Iron Moth|spa|1\n|\n|upkeep\n|turn|19\n|\n|t:|1701123384\n|switch|p2a: Slowking|Slowking-Galar, F|62\/100\n|-damage|p2a: Slowking|49\/100|[from] Stealth Rock\n|-terastallize|p1a: Iron Moth|Ground\n|move|p1a: Iron Moth|Sludge Wave|p2a: Slowking\n|-resisted|p2a: Slowking\n|-damage|p2a: Slowking|29\/100\n|\n|-end|p1a: Iron Moth|move: Future Sight\n|-damage|p1a: Iron Moth|25\/100\n|upkeep\n|turn|20\n|inactive|mikejohns has 120 seconds left.\n|\n|t:|1701123421\n|move|p1a: Iron Moth|Fiery Dance|p2a: Slowking\n|-damage|p2a: Slowking|0 fnt\n|faint|p2a: Slowking\n|\n|upkeep\n|\n|t:|1701123424\n|switch|p2a: Ogerpon|Ogerpon, F|100\/100\n|turn|21\n|\n|t:|1701123429\n|-end|p1a: Iron Moth|Quark Drive|[silent]\n|switch|p1a: Dragonite|Dragonite, F|100\/100\n|-terastallize|p2a: Ogerpon|Grass\n|detailschange|p2a: Ogerpon|Ogerpon-Teal-Tera, F, tera:Grass\n|-ability|p2a: Ogerpon|Embody Aspect (Teal)|boost\n|-boost|p2a: Ogerpon|spe|1\n|move|p2a: Ogerpon|U-turn|p1a: Dragonite\n|-resisted|p1a: Dragonite\n|-damage|p1a: Dragonite|95\/100\n|inactive|mikejohns has 120 seconds left.\n|\n|t:|1701123440\n|switch|p2a: Moltres|Moltres|70\/100|[from] U-turn\n|\n|upkeep\n|turn|22\n|\n|t:|1701123449\n|switch|p1a: Iron Moth|Iron Moth, tera:Ground|25\/100\n|-damage|p1a: Iron Moth|12\/100|[from] Spikes\n|move|p2a: Moltres|Will-O-Wisp|p1a: Iron Moth|[miss]\n|-miss|p2a: Moltres|p1a: Iron Moth\n|\n|upkeep\n|turn|23\n|\n|t:|1701123454\n|move|p1a: Iron Moth|Sludge Wave|p2a: Moltres\n|-damage|p2a: Moltres|20\/100\n|move|p2a: Moltres|U-turn|p1a: Iron Moth\n|-damage|p1a: Iron Moth|0 fnt\n|faint|p1a: Iron Moth\n|-end|p1a: Iron Moth|Quark Drive|[silent]\n|\n|t:|1701123469\n|switch|p2a: Ogerpon|Ogerpon-Teal-Tera, F, tera:Grass|100\/100|[from] U-turn\n|-ability|p2a: Ogerpon|Embody Aspect (Teal)|boost\n|-boost|p2a: Ogerpon|spe|1\n|\n|upkeep\n|\n|t:|1701123476\n|switch|p1a: Dragonite|Dragonite, F|95\/100\n|turn|24\n|\n|t:|1701123482\n|move|p2a: Ogerpon|U-turn|p1a: Dragonite\n|-resisted|p1a: Dragonite\n|-damage|p1a: Dragonite|84\/100\n|\n|t:|1701123491\n|switch|p2a: Great Tusk|Great Tusk|65\/100 psn|[from] U-turn\n|move|p1a: Dragonite|Ice Spinner|p2a: Great Tusk\n|-supereffective|p2a: Great Tusk\n|-damage|p2a: Great Tusk|25\/100 psn\n|\n|-damage|p2a: Great Tusk|13\/100 psn|[from] psn\n|upkeep\n|turn|25\n|\n|t:|1701123502\n|move|p1a: Dragonite|Extreme Speed|p2a: Great Tusk\n|-damage|p2a: Great Tusk|0 fnt\n|faint|p2a: Great Tusk\n|-end|p2a: Great Tusk|Protosynthesis|[silent]\n|\n|upkeep\n|\n|t:|1701123504\n|switch|p2a: Corviknight|Corviknight, F|42\/100\n|-damage|p2a: Corviknight|30\/100|[from] Stealth Rock\n|-ability|p2a: Corviknight|Pressure\n|turn|26\n|inactive|khote has 120 seconds left.\n|\n|t:|1701123561\n|switch|p1a: Zamazenta|Zamazenta|94\/100\n|-damage|p1a: Zamazenta|82\/100|[from] Spikes\n|move|p2a: Corviknight|Roost|p2a: Corviknight\n|-heal|p2a: Corviknight|80\/100\n|-singleturn|p2a: Corviknight|move: Roost\n|\n|-heal|p1a: Zamazenta|88\/100|[from] item: Leftovers\n|upkeep\n|turn|27\n|\n|t:|1701123570\n|move|p1a: Zamazenta|Iron Defense|p1a: Zamazenta\n|-boost|p1a: Zamazenta|def|2\n|move|p2a: Corviknight|U-turn|p1a: Zamazenta\n|-resisted|p1a: Zamazenta\n|-damage|p1a: Zamazenta|86\/100\n|\n|t:|1701123573\n|switch|p2a: Ogerpon|Ogerpon-Teal-Tera, F, tera:Grass|100\/100|[from] U-turn\n|-ability|p2a: Ogerpon|Embody Aspect (Teal)|boost\n|-boost|p2a: Ogerpon|spe|1\n|\n|-heal|p1a: Zamazenta|92\/100|[from] item: Leftovers\n|upkeep\n|turn|28\n|\n|t:|1701123575\n|move|p2a: Ogerpon|Encore|p1a: Zamazenta\n|-start|p1a: Zamazenta|Encore\n|move|p1a: Zamazenta|Iron Defense|p1a: Zamazenta\n|-boost|p1a: Zamazenta|def|2\n|\n|-heal|p1a: Zamazenta|98\/100|[from] item: Leftovers\n|upkeep\n|turn|29\n|\n|t:|1701123580\n|switch|p2a: Moltres|Moltres|20\/100\n|move|p1a: Zamazenta|Iron Defense|p1a: Zamazenta\n|-boost|p1a: Zamazenta|def|2\n|\n|-heal|p1a: Zamazenta|100\/100|[from] item: Leftovers\n|upkeep\n|turn|30\n|\n|t:|1701123583\n|switch|p1a: Dragonite|Dragonite, F|84\/100\n|move|p2a: Moltres|Will-O-Wisp|p1a: Dragonite\n|-status|p1a: Dragonite|brn\n|\n|-damage|p1a: Dragonite|77\/100 brn|[from] brn\n|upkeep\n|turn|31\n|\n|t:|1701123593\n|switch|p1a: Zamazenta|Zamazenta|100\/100\n|-damage|p1a: Zamazenta|88\/100|[from] Spikes\n|move|p2a: Moltres|Roost|p2a: Moltres\n|-heal|p2a: Moltres|70\/100\n|-singleturn|p2a: Moltres|move: Roost\n|\n|-heal|p1a: Zamazenta|94\/100|[from] item: Leftovers\n|upkeep\n|turn|32\n|\n|t:|1701123601\n|move|p1a: Zamazenta|Substitute|p1a: Zamazenta\n|-start|p1a: Zamazenta|Substitute\n|-damage|p1a: Zamazenta|70\/100\n|move|p2a: Moltres|U-turn|p1a: Zamazenta\n|-resisted|p1a: Zamazenta\n|-crit|p1a: Zamazenta\n|-activate|p1a: Zamazenta|move: Substitute|[damage]\n|\n|t:|1701123604\n|switch|p2a: Ogerpon|Ogerpon-Teal-Tera, F, tera:Grass|100\/100|[from] U-turn\n|-ability|p2a: Ogerpon|Embody Aspect (Teal)|boost\n|-boost|p2a: Ogerpon|spe|1\n|\n|-heal|p1a: Zamazenta|76\/100|[from] item: Leftovers\n|upkeep\n|turn|33\n|\n|t:|1701123610\n|move|p2a: Ogerpon|Encore|p1a: Zamazenta\n|-start|p1a: Zamazenta|Encore\n|move|p1a: Zamazenta|Substitute|p1a: Zamazenta\n|-fail|p1a: Zamazenta|move: Substitute\n|\n|-heal|p1a: Zamazenta|82\/100|[from] item: Leftovers\n|upkeep\n|turn|34\n|\n|t:|1701123616\n|switch|p1a: Dragonite|Dragonite, F|77\/100 brn\n|move|p2a: Ogerpon|Ivy Cudgel|p1a: Dragonite\n|-resisted|p1a: Dragonite\n|-damage|p1a: Dragonite|61\/100 brn\n|\n|-damage|p1a: Dragonite|55\/100 brn|[from] brn\n|upkeep\n|turn|35\n|\n|t:|1701123628\n|move|p2a: Ogerpon|U-turn|p1a: Dragonite\n|-resisted|p1a: Dragonite\n|-damage|p1a: Dragonite|43\/100 brn\n|\n|t:|1701123631\n|switch|p2a: Corviknight|Corviknight, F|80\/100|[from] U-turn\n|-damage|p2a: Corviknight|67\/100|[from] Stealth Rock\n|-ability|p2a: Corviknight|Pressure\n|move|p1a: Dragonite|Ice Spinner|p2a: Corviknight\n|-damage|p2a: Corviknight|59\/100\n|\n|-damage|p1a: Dragonite|36\/100 brn|[from] brn\n|upkeep\n|turn|36\n|\n|t:|1701123640\n|move|p1a: Dragonite|Ice Spinner|p2a: Corviknight\n|-damage|p2a: Corviknight|50\/100\n|move|p2a: Corviknight|U-turn|p1a: Dragonite\n|-resisted|p1a: Dragonite\n|-damage|p1a: Dragonite|29\/100 brn\n|\n|t:|1701123653\n|switch|p2a: Ogerpon|Ogerpon-Teal-Tera, F, tera:Grass|100\/100|[from] U-turn\n|-ability|p2a: Ogerpon|Embody Aspect (Teal)|boost\n|-boost|p2a: Ogerpon|spe|1\n|\n|-damage|p1a: Dragonite|23\/100 brn|[from] brn\n|upkeep\n|turn|37\n|inactive|khote has 120 seconds left.\n|\n|t:|1701123691\n|switch|p2a: Corviknight|Corviknight, F|50\/100\n|-damage|p2a: Corviknight|38\/100|[from] Stealth Rock\n|-ability|p2a: Corviknight|Pressure\n|move|p1a: Dragonite|Ice Spinner|p2a: Corviknight\n|-damage|p2a: Corviknight|28\/100\n|\n|-damage|p1a: Dragonite|17\/100 brn|[from] brn\n|upkeep\n|turn|38\n|inactive|khote has 120 seconds left.\n|j| MiniLarry\n|\n|t:|1701123702\n|switch|p1a: Ogerpon|Ogerpon-Wellspring, F|100\/100\n|-damage|p1a: Ogerpon|88\/100|[from] Spikes\n|move|p2a: Corviknight|Roost|p2a: Corviknight\n|-heal|p2a: Corviknight|78\/100\n|-singleturn|p2a: Corviknight|move: Roost\n|\n|upkeep\n|turn|39\n|inactive|khote has 120 seconds left.\n|\n|t:|1701123716\n|move|p1a: Ogerpon|Encore|p2a: Corviknight\n|-start|p2a: Corviknight|Encore\n|move|p2a: Corviknight|Roost|p2a: Corviknight\n|-heal|p2a: Corviknight|100\/100\n|-singleturn|p2a: Corviknight|move: Roost\n|\n|upkeep\n|turn|40\n|\n|t:|1701123721\n|switch|p2a: Ogerpon|Ogerpon-Teal-Tera, F, tera:Grass|100\/100\n|-ability|p2a: Ogerpon|Embody Aspect (Teal)|boost\n|-boost|p2a: Ogerpon|spe|1\n|move|p1a: Ogerpon|Ivy Cudgel|p2a: Ogerpon|[anim] Ivy Cudgel Water\n|-resisted|p2a: Ogerpon\n|-damage|p2a: Ogerpon|64\/100\n|\n|upkeep\n|turn|41\n|\n|t:|1701123732\n|switch|p1a: Dragonite|Dragonite, F|17\/100 brn\n|move|p2a: Ogerpon|U-turn|p1a: Dragonite\n|-resisted|p1a: Dragonite\n|-crit|p1a: Dragonite\n|-damage|p1a: Dragonite|0 fnt\n|faint|p1a: Dragonite\n|\n|t:|1701123738\n|switch|p2a: Corviknight|Corviknight, F|100\/100|[from] U-turn\n|-damage|p2a: Corviknight|88\/100|[from] Stealth Rock\n|-ability|p2a: Corviknight|Pressure\n|\n|upkeep\n|\n|t:|1701123744\n|switch|p1a: Ogerpon|Ogerpon-Wellspring, F|88\/100\n|-damage|p1a: Ogerpon|76\/100|[from] Spikes\n|turn|42\n|\n|t:|1701123749\n|move|p1a: Ogerpon|Ivy Cudgel|p2a: Corviknight|[anim] Ivy Cudgel Water\n|-damage|p2a: Corviknight|54\/100\n|move|p2a: Corviknight|Brave Bird|p1a: Ogerpon\n|-supereffective|p1a: Ogerpon\n|-damage|p1a: Ogerpon|0 fnt\n|faint|p1a: Ogerpon\n|-damage|p2a: Corviknight|36\/100|[from] Recoil\n|\n|upkeep\n|\n|t:|1701123769\n|switch|p1a: Zamazenta|Zamazenta|82\/100\n|-damage|p1a: Zamazenta|70\/100|[from] Spikes\n|turn|43\n|\n|t:|1701123775\n|move|p1a: Zamazenta|Body Press|p2a: Corviknight\n|-damage|p2a: Corviknight|13\/100\n|move|p2a: Corviknight|U-turn|p1a: Zamazenta\n|-resisted|p1a: Zamazenta\n|-damage|p1a: Zamazenta|65\/100\n|\n|t:|1701123796\n|switch|p2a: Moltres|Moltres|70\/100|[from] U-turn\n|\n|-heal|p1a: Zamazenta|71\/100|[from] item: Leftovers\n|upkeep\n|turn|44\n|\n|t:|1701123807\n|move|p1a: Zamazenta|Body Press|p2a: Moltres\n|-resisted|p2a: Moltres\n|-damage|p2a: Moltres|57\/100\n|move|p2a: Moltres|Flamethrower|p1a: Zamazenta\n|-damage|p1a: Zamazenta|41\/100\n|\n|-heal|p1a: Zamazenta|48\/100|[from] item: Leftovers\n|upkeep\n|turn|45\n|\n|t:|1701123815\n|move|p1a: Zamazenta|Iron Defense|p1a: Zamazenta\n|-boost|p1a: Zamazenta|def|2\n|move|p2a: Moltres|Flamethrower|p1a: Zamazenta\n|-damage|p1a: Zamazenta|16\/100\n|\n|-heal|p1a: Zamazenta|22\/100|[from] item: Leftovers\n|upkeep\n|turn|46\n|\n|t:|1701123818\n|move|p1a: Zamazenta|Body Press|p2a: Moltres\n|-resisted|p2a: Moltres\n|-damage|p2a: Moltres|29\/100\n|move|p2a: Moltres|Flamethrower|p1a: Zamazenta\n|-damage|p1a: Zamazenta|0 fnt\n|faint|p1a: Zamazenta\n|\n|win|mikejohns\n|raw|khote's rating: 1766 &rarr; <strong>1741<\/strong><br \/>(-25 for losing)\n|raw|mikejohns's rating: 1669 &rarr; <strong>1694<\/strong><br \/>(+25 for winning)\n|c|\u2606mikejohns|gg\n|c|\u2606khote|Gg\n|l|\u2606khote\n","uploadtime":1701123876,"views":4,"p1id":"khote","p2id":"mikejohns","formatid":"gen9ou","rating":1694,"private":0,"password":""}