{"id":"gen9ou-2000041367","p1":"brilliance12345678","p2":"True Folk Blues","format":"[Gen 9] OU","log":"|j|\u2606brilliance12345678\n|j|\u2606True Folk Blues\n|t:|1701144907\n|gametype|singles\n|player|p1|brilliance12345678|psychic-gen4|1468\n|player|p2|True Folk Blues|acetrainer-gen4dp|1510\n|teamsize|p1|6\n|teamsize|p2|6\n|gen|9\n|tier|[Gen 9] OU\n|rated|\n|rule|Sleep Clause Mod: Limit one foe put to sleep\n|rule|Species Clause: Limit one of each Pok\u00e9mon\n|rule|OHKO Clause: OHKO moves are banned\n|rule|Evasion Items Clause: Evasion items are banned\n|rule|Evasion Moves Clause: Evasion moves are banned\n|rule|Endless Battle Clause: Forcing endless battles is banned\n|rule|HP Percentage Mod: HP is shown in percentages\n|clearpoke\n|poke|p1|Ribombee, F|\n|poke|p1|Gholdengo|\n|poke|p1|Enamorus, F|\n|poke|p1|Iron Moth|\n|poke|p1|Great Tusk|\n|poke|p1|Kingambit, F|\n|poke|p2|Samurott-Hisui, M|\n|poke|p2|Gholdengo|\n|poke|p2|Ceruledge, M|\n|poke|p2|Rillaboom, M|\n|poke|p2|Zamazenta-*|\n|poke|p2|Great Tusk|\n|teampreview\n|inactive|Battle timer is ON: inactive players will automatically lose when time's up. (requested by True Folk Blues)\n|\n|t:|1701144916\n|start\n|switch|p1a: Ribombee|Ribombee, F|100\/100\n|switch|p2a: Ceruledge|Ceruledge, M|100\/100\n|turn|1\n|\n|t:|1701144918\n|move|p1a: Ribombee|Sticky Web|p2a: Ceruledge\n|-sidestart|p2: True Folk Blues|move: Sticky Web\n|move|p2a: Ceruledge|Bitter Blade|p1a: Ribombee\n|-supereffective|p1a: Ribombee\n|-enditem|p1a: Ribombee|Focus Sash\n|-damage|p1a: Ribombee|1\/100\n|\n|upkeep\n|turn|2\n|\n|t:|1701144922\n|move|p2a: Ceruledge|Shadow Sneak|p1a: Ribombee\n|-damage|p1a: Ribombee|0 fnt\n|faint|p1a: Ribombee\n|\n|upkeep\n|\n|t:|1701144927\n|switch|p1a: Great Tusk|Great Tusk|100\/100\n|-enditem|p1a: Great Tusk|Booster Energy\n|-activate|p1a: Great Tusk|ability: Protosynthesis|[fromitem]\n|-start|p1a: Great Tusk|protosynthesisatk\n|turn|3\n|\n|t:|1701144934\n|move|p1a: Great Tusk|Earthquake|p2a: Ceruledge\n|-supereffective|p2a: Ceruledge\n|-enditem|p2a: Ceruledge|Focus Sash\n|-damage|p2a: Ceruledge|1\/100\n|-ability|p2a: Ceruledge|Weak Armor|boost\n|-unboost|p2a: Ceruledge|def|1\n|-boost|p2a: Ceruledge|spe|2\n|move|p2a: Ceruledge|Bitter Blade|p1a: Great Tusk\n|-damage|p1a: Great Tusk|68\/100\n|-heal|p2a: Ceruledge|22\/100|[from] drain|[of] p1a: Great Tusk\n|\n|upkeep\n|turn|4\n|\n|t:|1701144944\n|move|p2a: Ceruledge|Destiny Bond|p2a: Ceruledge\n|-singlemove|p2a: Ceruledge|Destiny Bond\n|move|p1a: Great Tusk|Earthquake|p2a: Ceruledge\n|-supereffective|p2a: Ceruledge\n|-damage|p2a: Ceruledge|0 fnt\n|faint|p2a: Ceruledge\n|-activate|p2a: Ceruledge|move: Destiny Bond\n|faint|p1a: Great Tusk\n|-end|p1a: Great Tusk|Protosynthesis|[silent]\n|\n|upkeep\n|\n|t:|1701144955\n|switch|p1a: Cheese string|Gholdengo|100\/100\n|switch|p2a: Great Tusk|Great Tusk|100\/100\n|-activate|p2a: Great Tusk|move: Sticky Web\n|-unboost|p2a: Great Tusk|spe|1\n|-item|p1a: Cheese string|Air Balloon\n|-enditem|p2a: Great Tusk|Booster Energy\n|-activate|p2a: Great Tusk|ability: Protosynthesis|[fromitem]\n|-start|p2a: Great Tusk|protosynthesisdef\n|turn|5\n|\n|t:|1701144962\n|move|p1a: Cheese string|Make It Rain|p2a: Great Tusk\n|-damage|p2a: Great Tusk|11\/100\n|-unboost|p1a: Cheese string|spa|1\n|move|p2a: Great Tusk|Ice Spinner|p1a: Cheese string\n|-resisted|p1a: Cheese string\n|-damage|p1a: Cheese string|87\/100\n|-enditem|p1a: Cheese string|Air Balloon\n|\n|upkeep\n|turn|6\n|\n|t:|1701144971\n|move|p1a: Cheese string|Shadow Ball|p2a: Great Tusk\n|-damage|p2a: Great Tusk|0 fnt\n|faint|p2a: Great Tusk\n|-end|p2a: Great Tusk|Protosynthesis|[silent]\n|\n|upkeep\n|\n|t:|1701144982\n|switch|p2a: Samurott|Samurott-Hisui, M, shiny|100\/100\n|-activate|p2a: Samurott|move: Sticky Web\n|-unboost|p2a: Samurott|spe|1\n|turn|7\n|\n|t:|1701144986\n|move|p1a: Cheese string|Focus Blast|p2a: Samurott|[miss]\n|-miss|p1a: Cheese string|p2a: Samurott\n|move|p2a: Samurott|Swords Dance|p2a: Samurott\n|-boost|p2a: Samurott|atk|2\n|\n|upkeep\n|turn|8\n|\n|t:|1701144989\n|move|p2a: Samurott|Sucker Punch|p1a: Cheese string\n|-supereffective|p1a: Cheese string\n|-damage|p1a: Cheese string|0 fnt\n|faint|p1a: Cheese string\n|\n|upkeep\n|\n|t:|1701144993\n|switch|p1a: MOONBLAST|Enamorus, F|100\/100\n|turn|9\n|c|\u2606True Folk Blues|mb\n|\n|t:|1701145008\n|-terastallize|p2a: Samurott|Electric\n|move|p1a: MOONBLAST|Moonblast|p2a: Samurott\n|-damage|p2a: Samurott|0 fnt\n|faint|p2a: Samurott\n|\n|upkeep\n|\n|t:|1701145012\n|switch|p2a: Gholdengo|Gholdengo|100\/100\n|-activate|p2a: Gholdengo|move: Sticky Web\n|-unboost|p2a: Gholdengo|spe|1\n|turn|10\n|\n|t:|1701145015\n|switch|p1a: Iron Moth|Iron Moth|100\/100\n|-enditem|p1a: Iron Moth|Booster Energy\n|-activate|p1a: Iron Moth|ability: Quark Drive|[fromitem]\n|-start|p1a: Iron Moth|quarkdrivespa\n|move|p2a: Gholdengo|Make It Rain|p1a: Iron Moth\n|-resisted|p1a: Iron Moth\n|-damage|p1a: Iron Moth|69\/100\n|-unboost|p2a: Gholdengo|spa|1\n|\n|upkeep\n|turn|11\n|\n|t:|1701145018\n|switch|p2a: Zamazenta|Zamazenta|100\/100\n|-activate|p2a: Zamazenta|move: Sticky Web\n|-unboost|p2a: Zamazenta|spe|1\n|-ability|p2a: Zamazenta|Dauntless Shield|boost\n|-boost|p2a: Zamazenta|def|1\n|move|p1a: Iron Moth|Fiery Dance|p2a: Zamazenta\n|-damage|p2a: Zamazenta|51\/100\n|-boost|p1a: Iron Moth|spa|1\n|\n|-heal|p2a: Zamazenta|57\/100|[from] item: Leftovers\n|upkeep\n|turn|12\n|\n|t:|1701145022\n|move|p1a: Iron Moth|Fiery Dance|p2a: Zamazenta\n|-damage|p2a: Zamazenta|0 fnt\n|faint|p2a: Zamazenta\n|\n|upkeep\n|\n|t:|1701145033\n|switch|p2a: Gholdengo|Gholdengo|100\/100\n|-activate|p2a: Gholdengo|move: Sticky Web\n|-unboost|p2a: Gholdengo|spe|1\n|turn|13\n|\n|t:|1701145035\n|move|p1a: Iron Moth|Fiery Dance|p2a: Gholdengo\n|-supereffective|p2a: Gholdengo\n|-damage|p2a: Gholdengo|0 fnt\n|-boost|p1a: Iron Moth|spa|1\n|faint|p2a: Gholdengo\n|\n|upkeep\n|-message|True Folk Blues forfeited.\n|\n|win|brilliance12345678\n|raw|brilliance12345678's rating: 1468 &rarr; <strong>1490<\/strong><br \/>(+22 for winning)\n|raw|True Folk Blues's rating: 1510 &rarr; <strong>1488<\/strong><br \/>(-22 for losing)\n|l|\u2606True Folk Blues\n","uploadtime":1701145046,"views":20,"p1id":"brilliance12345678","p2id":"truefolkblues","formatid":"gen9ou","rating":1488,"private":0,"password":""}