{"id":"gen9ou-1994463516","p1":"Sick Fiesta","p2":"Winterbub","format":"[Gen 9] OU","log":"|j|\u2606Sick Fiesta\n|j|\u2606Winterbub\n|t:|1700446837\n|gametype|singles\n|player|p1|Sick Fiesta|psychic|1748\n|player|p2|Winterbub|ballguy|1662\n|teamsize|p1|6\n|teamsize|p2|6\n|gen|9\n|tier|[Gen 9] OU\n|rated|\n|rule|Sleep Clause Mod: Limit one foe put to sleep\n|rule|Species Clause: Limit one of each Pok\u00e9mon\n|rule|OHKO Clause: OHKO moves are banned\n|rule|Evasion Items Clause: Evasion items are banned\n|rule|Evasion Moves Clause: Evasion moves are banned\n|rule|Endless Battle Clause: Forcing endless battles is banned\n|rule|HP Percentage Mod: HP is shown in percentages\n|clearpoke\n|poke|p1|Meowscarada, F|\n|poke|p1|Iron Treads|\n|poke|p1|Zapdos|\n|poke|p1|Dragapult, F|\n|poke|p1|Garganacl, F|\n|poke|p1|Iron Valiant|\n|poke|p2|Glimmora, F|\n|poke|p2|Greninja-*, M|\n|poke|p2|Iron Valiant|\n|poke|p2|Dragonite, F|\n|poke|p2|Kingambit, F|\n|poke|p2|Iron Moth|\n|teampreview\n|\n|t:|1700446840\n|start\n|switch|p1a: Iron Treads|Iron Treads|100\/100\n|switch|p2a: Glimmora|Glimmora, F|100\/100\n|-enditem|p1a: Iron Treads|Booster Energy\n|-activate|p1a: Iron Treads|ability: Quark Drive|[fromitem]\n|-start|p1a: Iron Treads|quarkdrivespe\n|turn|1\n|inactive|Battle timer is ON: inactive players will automatically lose when time's up. (requested by Winterbub)\n|l|\u2606Winterbub\n|inactive|Winterbub disconnected and has a minute to reconnect!\n|player|p2|\n|j|\u2606Winterbub\n|inactive|Winterbub reconnected and has 140 seconds left.\n|player|p2|Winterbub|ballguy\n|\n|t:|1700446860\n|move|p1a: Iron Treads|Earth Power|p2a: Glimmora\n|-supereffective|p2a: Glimmora\n|-enditem|p2a: Glimmora|Focus Sash\n|-damage|p2a: Glimmora|1\/100\n|move|p2a: Glimmora|Earth Power|p1a: Iron Treads\n|-supereffective|p1a: Iron Treads\n|-damage|p1a: Iron Treads|6\/100\n|\n|upkeep\n|turn|2\n|\n|t:|1700446873\n|switch|p2a: Dragonite|Dragonite, F|100\/100\n|move|p1a: Iron Treads|Stealth Rock|p2a: Dragonite\n|-sidestart|p2: Winterbub|move: Stealth Rock\n|\n|upkeep\n|turn|3\n|\n|t:|1700446878\n|move|p1a: Iron Treads|Steel Beam|p2a: Dragonite\n|-damage|p2a: Dragonite|75\/100\n|-damage|p1a: Iron Treads|0 fnt|[from] steelbeam\n|faint|p1a: Iron Treads\n|-end|p1a: Iron Treads|Quark Drive|[silent]\n|move|p2a: Dragonite|Dragon Dance|p2a: Dragonite\n|-boost|p2a: Dragonite|atk|1\n|-boost|p2a: Dragonite|spe|1\n|\n|upkeep\n|\n|t:|1700446892\n|switch|p1a: Dragapult|Dragapult, F|100\/100\n|turn|4\n|\n|t:|1700446900\n|move|p1a: Dragapult|Will-O-Wisp|p2a: Dragonite\n|-status|p2a: Dragonite|brn\n|move|p2a: Dragonite|Earthquake|p1a: Dragapult\n|-damage|p1a: Dragapult|66\/100\n|\n|-heal|p1a: Dragapult|72\/100|[from] item: Leftovers\n|-damage|p2a: Dragonite|69\/100 brn|[from] brn\n|upkeep\n|turn|5\n|\n|t:|1700446906\n|move|p1a: Dragapult|Hex|p2a: Dragonite\n|-damage|p2a: Dragonite|21\/100 brn\n|move|p2a: Dragonite|Earthquake|p1a: Dragapult\n|-damage|p1a: Dragapult|38\/100\n|\n|-heal|p1a: Dragapult|44\/100|[from] item: Leftovers\n|-damage|p2a: Dragonite|15\/100 brn|[from] brn\n|upkeep\n|turn|6\n|\n|t:|1700446913\n|move|p1a: Dragapult|Hex|p2a: Dragonite\n|-damage|p2a: Dragonite|0 fnt\n|faint|p2a: Dragonite\n|\n|-heal|p1a: Dragapult|50\/100|[from] item: Leftovers\n|upkeep\n|\n|t:|1700446939\n|switch|p2a: Iron Valiant|Iron Valiant|100\/100\n|-damage|p2a: Iron Valiant|94\/100|[from] Stealth Rock\n|-enditem|p2a: Iron Valiant|Booster Energy\n|-activate|p2a: Iron Valiant|ability: Quark Drive|[fromitem]\n|-start|p2a: Iron Valiant|quarkdrivespe\n|turn|7\n|\n|t:|1700446953\n|switch|p1a: Garganacl|Garganacl, F|100\/100\n|move|p2a: Iron Valiant|Close Combat|p1a: Garganacl\n|-supereffective|p1a: Garganacl\n|-damage|p1a: Garganacl|39\/100\n|-unboost|p2a: Iron Valiant|def|1\n|-unboost|p2a: Iron Valiant|spd|1\n|\n|-heal|p1a: Garganacl|45\/100|[from] item: Leftovers\n|upkeep\n|turn|8\n|\n|t:|1700446973\n|-terastallize|p1a: Garganacl|Poison\n|move|p2a: Iron Valiant|Close Combat|p1a: Garganacl\n|-resisted|p1a: Garganacl\n|-damage|p1a: Garganacl|29\/100\n|-unboost|p2a: Iron Valiant|def|1\n|-unboost|p2a: Iron Valiant|spd|1\n|move|p1a: Garganacl|Recover|p1a: Garganacl\n|-heal|p1a: Garganacl|79\/100\n|\n|-heal|p1a: Garganacl|85\/100|[from] item: Leftovers\n|upkeep\n|turn|9\n|\n|t:|1700446985\n|move|p2a: Iron Valiant|Encore|p1a: Garganacl\n|-start|p1a: Garganacl|Encore\n|move|p1a: Garganacl|Recover|p1a: Garganacl\n|-heal|p1a: Garganacl|100\/100\n|\n|upkeep\n|turn|10\n|\n|t:|1700446990\n|-end|p2a: Iron Valiant|Quark Drive|[silent]\n|switch|p2a: Glimmora|Glimmora, F|1\/100\n|-damage|p2a: Glimmora|0 fnt|[from] Stealth Rock\n|faint|p2a: Glimmora\n|switch|p1a: Zapdos|Zapdos|100\/100\n|\n|upkeep\n|\n|t:|1700446996\n|switch|p2a: Iron Moth|Iron Moth|100\/100\n|-damage|p2a: Iron Moth|76\/100|[from] Stealth Rock\n|-enditem|p2a: Iron Moth|Booster Energy\n|-activate|p2a: Iron Moth|ability: Quark Drive|[fromitem]\n|-start|p2a: Iron Moth|quarkdrivespa\n|turn|11\n|\n|t:|1700447003\n|switch|p1a: Garganacl|Garganacl, F, tera:Poison|100\/100\n|move|p2a: Iron Moth|Fiery Dance|p1a: Garganacl\n|-crit|p1a: Garganacl\n|-damage|p1a: Garganacl|49\/100\n|\n|-heal|p1a: Garganacl|55\/100|[from] item: Leftovers\n|upkeep\n|turn|12\n|\n|t:|1700447014\n|move|p2a: Iron Moth|Fiery Dance|p1a: Garganacl\n|-damage|p1a: Garganacl|17\/100\n|-boost|p2a: Iron Moth|spa|1\n|move|p1a: Garganacl|Recover|p1a: Garganacl\n|-heal|p1a: Garganacl|67\/100\n|\n|-heal|p1a: Garganacl|73\/100|[from] item: Leftovers\n|upkeep\n|turn|13\n|j| diyuenji\n|j| DudeILoveFrogs\n|\n|t:|1700447038\n|move|p2a: Iron Moth|Fiery Dance|p1a: Garganacl\n|-crit|p1a: Garganacl\n|-damage|p1a: Garganacl|0 fnt\n|faint|p1a: Garganacl\n|\n|upkeep\n|c|\u2606Sick Fiesta|bro\n|c|\u2606Winterbub|skill\n|c| DudeILoveFrogs|gaming\n|inactive|Sick Fiesta has 120 seconds left.\n|inactive|Sick Fiesta has 90 seconds left.\n|\n|t:|1700447084\n|switch|p1a: Meowscarada|Meowscarada, F|100\/100\n|turn|14\n|\n|t:|1700447088\n|move|p1a: Meowscarada|U-turn|p2a: Iron Moth\n|-start|p1a: Meowscarada|typechange|Bug|[from] ability: Protean\n|-resisted|p2a: Iron Moth\n|-damage|p2a: Iron Moth|63\/100\n|\n|t:|1700447092\n|switch|p1a: Dragapult|Dragapult, F|50\/100|[from] U-turn\n|move|p2a: Iron Moth|Fiery Dance|p1a: Dragapult\n|-resisted|p1a: Dragapult\n|-damage|p1a: Dragapult|0 fnt\n|faint|p1a: Dragapult\n|\n|upkeep\n|c| diyuenji|nice throw\n|\n|t:|1700447105\n|switch|p1a: Zapdos|Zapdos|100\/100\n|turn|15\n|c|\u2606Winterbub|damn we got the whole peanut gallery in this match\n|\n|t:|1700447117\n|move|p2a: Iron Moth|Fiery Dance|p1a: Zapdos\n|-damage|p1a: Zapdos|21\/100\n|move|p1a: Zapdos|Discharge|p2a: Iron Moth\n|-damage|p2a: Iron Moth|26\/100\n|\n|upkeep\n|turn|16\n|\n|t:|1700447136\n|move|p2a: Iron Moth|Sludge Wave|p1a: Zapdos\n|-crit|p1a: Zapdos\n|-damage|p1a: Zapdos|0 fnt\n|faint|p1a: Zapdos\n|\n|upkeep\n|\n|t:|1700447138\n|switch|p1a: Meowscarada|Meowscarada, F|100\/100\n|turn|17\n|\n|t:|1700447148\n|-terastallize|p2a: Iron Moth|Fairy\n|move|p1a: Meowscarada|Knock Off|p2a: Iron Moth\n|-start|p1a: Meowscarada|typechange|Dark|[from] ability: Protean\n|-resisted|p2a: Iron Moth\n|-damage|p2a: Iron Moth|0 fnt\n|faint|p2a: Iron Moth\n|-end|p2a: Iron Moth|Quark Drive|[silent]\n|\n|upkeep\n|\n|t:|1700447154\n|switch|p2a: Iron Valiant|Iron Valiant|94\/100\n|-damage|p2a: Iron Valiant|88\/100|[from] Stealth Rock\n|turn|18\n|inactive|Sick Fiesta has 120 seconds left.\n|\n|t:|1700447170\n|switch|p1a: Iron Valiant|Iron Valiant|100\/100\n|-enditem|p1a: Iron Valiant|Booster Energy\n|-activate|p1a: Iron Valiant|ability: Quark Drive|[fromitem]\n|-start|p1a: Iron Valiant|quarkdrivespa\n|move|p2a: Iron Valiant|Moonblast|p1a: Iron Valiant\n|-supereffective|p1a: Iron Valiant\n|-damage|p1a: Iron Valiant|0 fnt\n|faint|p1a: Iron Valiant\n|-end|p1a: Iron Valiant|Quark Drive|[silent]\n|\n|upkeep\n|\n|t:|1700447173\n|switch|p1a: Meowscarada|Meowscarada, F|100\/100\n|turn|19\n|\n|t:|1700447186\n|move|p1a: Meowscarada|Play Rough|p2a: Iron Valiant\n|-start|p1a: Meowscarada|typechange|Fairy|[from] ability: Protean\n|-supereffective|p2a: Iron Valiant\n|-damage|p2a: Iron Valiant|0 fnt\n|faint|p2a: Iron Valiant\n|-end|p2a: Iron Valiant|Quark Drive|[silent]\n|\n|upkeep\n|\n|t:|1700447191\n|switch|p2a: Kingambit|Kingambit, F|100\/100\n|-damage|p2a: Kingambit|94\/100|[from] Stealth Rock\n|-activate|p2a: Kingambit|ability: Supreme Overlord\n|-start|p2a: Kingambit|fallen4|[silent]\n|-item|p2a: Kingambit|Air Balloon\n|turn|20\n|\n|t:|1700447193\n|move|p1a: Meowscarada|Play Rough|p2a: Kingambit\n|-damage|p2a: Kingambit|63\/100\n|-unboost|p2a: Kingambit|atk|1\n|-enditem|p2a: Kingambit|Air Balloon\n|move|p2a: Kingambit|Iron Head|p1a: Meowscarada\n|-supereffective|p1a: Meowscarada\n|-damage|p1a: Meowscarada|0 fnt\n|faint|p1a: Meowscarada\n|\n|win|Winterbub\n|raw|Sick Fiesta's rating: 1748 &rarr; <strong>1723<\/strong><br \/>(-25 for losing)\n|raw|Winterbub's rating: 1662 &rarr; <strong>1687<\/strong><br \/>(+25 for winning)\n|c|\u2606Winterbub|gg sorry for hax\n|c|\u2606Sick Fiesta|gg\n|l| DudeILoveFrogs\n|l|\u2606Sick Fiesta\n","uploadtime":1700447213,"views":24,"p1id":"sickfiesta","p2id":"winterbub","formatid":"gen9ou","rating":1687,"private":0,"password":""}