{"id":"gen9ou-1994241165","p1":"ghetis du 93","p2":"imnotsignedin","format":"[Gen 9] OU","log":"|j|\u2606ghetis du 93\n|j|\u2606imnotsignedin\n|t:|1700422497\n|gametype|singles\n|player|p1|ghetis du 93|brycenman|1066\n|player|p2|imnotsignedin|ghetsis|1112\n|teamsize|p1|6\n|teamsize|p2|6\n|gen|9\n|tier|[Gen 9] OU\n|rated|\n|rule|Sleep Clause Mod: Limit one foe put to sleep\n|rule|Species Clause: Limit one of each Pok\u00e9mon\n|rule|OHKO Clause: OHKO moves are banned\n|rule|Evasion Items Clause: Evasion items are banned\n|rule|Evasion Moves Clause: Evasion moves are banned\n|rule|Endless Battle Clause: Forcing endless battles is banned\n|rule|HP Percentage Mod: HP is shown in percentages\n|clearpoke\n|poke|p1|Ogerpon-Wellspring, F|\n|poke|p1|Zamazenta-*|\n|poke|p1|Great Tusk|\n|poke|p1|Cinderace, F|\n|poke|p1|Glimmora, M|\n|poke|p1|Gholdengo|\n|poke|p2|Iron Valiant|\n|poke|p2|Munkidori, M|\n|poke|p2|Ogerpon-Cornerstone, F|\n|poke|p2|Samurott-Hisui, M|\n|poke|p2|Goodra-Hisui, F|\n|poke|p2|Mamoswine, M|\n|teampreview\n|inactive|Battle timer is ON: inactive players will automatically lose when time's up. (requested by imnotsignedin)\n|\n|t:|1700422503\n|start\n|switch|p1a: Glimmora|Glimmora, M|100\/100\n|switch|p2a: Goodra|Goodra-Hisui, F|100\/100\n|turn|1\n|\n|t:|1700422512\n|move|p1a: Glimmora|Earth Power|p2a: Goodra\n|-supereffective|p2a: Goodra\n|-damage|p2a: Goodra|53\/100\n|move|p2a: Goodra|Flash Cannon|p1a: Glimmora\n|-supereffective|p1a: Glimmora\n|-enditem|p1a: Glimmora|Focus Sash\n|-damage|p1a: Glimmora|1\/100\n|\n|-heal|p2a: Goodra|59\/100|[from] item: Leftovers\n|upkeep\n|turn|2\n|\n|t:|1700422523\n|move|p1a: Glimmora|Stealth Rock|p2a: Goodra\n|-sidestart|p2: imnotsignedin|move: Stealth Rock\n|move|p2a: Goodra|Flash Cannon|p1a: Glimmora\n|-supereffective|p1a: Glimmora\n|-damage|p1a: Glimmora|0 fnt\n|faint|p1a: Glimmora\n|\n|-heal|p2a: Goodra|65\/100|[from] item: Leftovers\n|upkeep\n|\n|t:|1700422532\n|switch|p1a: Ogerpon|Ogerpon-Wellspring, F|100\/100\n|turn|3\n|\n|t:|1700422541\n|move|p1a: Ogerpon|Swords Dance|p1a: Ogerpon\n|-boost|p1a: Ogerpon|atk|2\n|move|p2a: Goodra|Acid Armor|p2a: Goodra\n|-boost|p2a: Goodra|def|2\n|\n|-heal|p2a: Goodra|71\/100|[from] item: Leftovers\n|upkeep\n|turn|4\n|\n|t:|1700422551\n|move|p1a: Ogerpon|Swords Dance|p1a: Ogerpon\n|-boost|p1a: Ogerpon|atk|2\n|move|p2a: Goodra|Acid Armor|p2a: Goodra\n|-boost|p2a: Goodra|def|2\n|\n|-heal|p2a: Goodra|77\/100|[from] item: Leftovers\n|upkeep\n|turn|5\n|\n|t:|1700422559\n|move|p1a: Ogerpon|Swords Dance|p1a: Ogerpon\n|-boost|p1a: Ogerpon|atk|2\n|move|p2a: Goodra|Flamethrower|p1a: Ogerpon\n|-damage|p1a: Ogerpon|70\/100\n|-status|p1a: Ogerpon|brn\n|\n|-heal|p2a: Goodra|83\/100|[from] item: Leftovers\n|-damage|p1a: Ogerpon|64\/100 brn|[from] brn\n|upkeep\n|turn|6\n|\n|t:|1700422573\n|move|p1a: Ogerpon|Horn Leech|p2a: Goodra\n|-ability|p2a: Goodra|Sap Sipper|boost\n|-boost|p2a: Goodra|atk|1\n|move|p2a: Goodra|Acid Armor|p2a: Goodra\n|-boost|p2a: Goodra|def|2\n|\n|-heal|p2a: Goodra|89\/100|[from] item: Leftovers\n|-damage|p1a: Ogerpon|58\/100 brn|[from] brn\n|upkeep\n|turn|7\n|\n|t:|1700422587\n|switch|p1a: Great Tusk|Great Tusk|100\/100\n|move|p2a: Goodra|Flamethrower|p1a: Great Tusk\n|-damage|p1a: Great Tusk|74\/100\n|\n|-heal|p2a: Goodra|95\/100|[from] item: Leftovers\n|upkeep\n|turn|8\n|\n|t:|1700422602\n|move|p1a: Great Tusk|Knock Off|p2a: Goodra\n|-damage|p2a: Goodra|86\/100\n|-enditem|p2a: Goodra|Leftovers|[from] move: Knock Off|[of] p1a: Great Tusk\n|move|p2a: Goodra|Flamethrower|p1a: Great Tusk\n|-damage|p1a: Great Tusk|45\/100\n|\n|upkeep\n|turn|9\n|\n|t:|1700422611\n|move|p1a: Great Tusk|Close Combat|p2a: Goodra\n|-supereffective|p2a: Goodra\n|-damage|p2a: Goodra|55\/100\n|-unboost|p1a: Great Tusk|def|1\n|-unboost|p1a: Great Tusk|spd|1\n|move|p2a: Goodra|Flamethrower|p1a: Great Tusk\n|-damage|p1a: Great Tusk|0 fnt\n|faint|p1a: Great Tusk\n|-end|p1a: Great Tusk|Protosynthesis|[silent]\n|\n|upkeep\n|\n|t:|1700422629\n|switch|p1a: Gholdengo|Gholdengo|100\/100\n|turn|10\n|\n|t:|1700422634\n|move|p1a: Gholdengo|Trick|p2a: Goodra\n|-activate|p1a: Gholdengo|move: Trick|[of] p2a: Goodra\n|-item|p2a: Goodra|Flame Orb|[from] move: Trick\n|-enditem|p1a: Gholdengo|Flame Orb|[silent]|[from] move: Trick\n|move|p2a: Goodra|Flamethrower|p1a: Gholdengo\n|-supereffective|p1a: Gholdengo\n|-damage|p1a: Gholdengo|25\/100\n|\n|-status|p2a: Goodra|brn|[from] item: Flame Orb\n|upkeep\n|turn|11\n|\n|t:|1700422650\n|switch|p1a: Cinderace|Cinderace, F|100\/100\n|move|p2a: Goodra|Flamethrower|p1a: Cinderace\n|-resisted|p1a: Cinderace\n|-damage|p1a: Cinderace|83\/100\n|\n|-damage|p2a: Goodra|49\/100 brn|[from] brn\n|upkeep\n|turn|12\n|\n|t:|1700422661\n|move|p1a: Cinderace|Pyro Ball|p2a: Goodra\n|-damage|p2a: Goodra|37\/100 brn\n|move|p2a: Goodra|Thunderbolt|p1a: Cinderace\n|-damage|p1a: Cinderace|46\/100\n|\n|-damage|p2a: Goodra|31\/100 brn|[from] brn\n|upkeep\n|turn|13\n|\n|t:|1700422673\n|move|p1a: Cinderace|Pyro Ball|p2a: Goodra\n|-damage|p2a: Goodra|19\/100 brn\n|move|p2a: Goodra|Thunderbolt|p1a: Cinderace\n|-damage|p1a: Cinderace|10\/100\n|\n|-damage|p2a: Goodra|13\/100 brn|[from] brn\n|upkeep\n|turn|14\n|\n|t:|1700422681\n|move|p1a: Cinderace|Pyro Ball|p2a: Goodra\n|-damage|p2a: Goodra|2\/100 brn\n|move|p2a: Goodra|Thunderbolt|p1a: Cinderace\n|-damage|p1a: Cinderace|0 fnt\n|faint|p1a: Cinderace\n|\n|-damage|p2a: Goodra|0 fnt|[from] brn\n|faint|p2a: Goodra\n|upkeep\n|\n|t:|1700422694\n|switch|p1a: Zamazenta|Zamazenta|100\/100\n|switch|p2a: Samurott|Samurott-Hisui, M|100\/100\n|-ability|p1a: Zamazenta|Dauntless Shield|boost\n|-boost|p1a: Zamazenta|def|1\n|-damage|p2a: Samurott|88\/100|[from] Stealth Rock\n|turn|15\n|\n|t:|1700422707\n|move|p1a: Zamazenta|Substitute|p1a: Zamazenta\n|-start|p1a: Zamazenta|Substitute\n|-damage|p1a: Zamazenta|76\/100\n|move|p2a: Samurott|Sacred Sword|p1a: Zamazenta\n|-end|p1a: Zamazenta|Substitute\n|\n|upkeep\n|turn|16\n|\n|t:|1700422723\n|move|p1a: Zamazenta|Body Press|p2a: Samurott\n|-supereffective|p2a: Samurott\n|-damage|p2a: Samurott|0 fnt\n|faint|p2a: Samurott\n|\n|upkeep\n|\n|t:|1700422728\n|switch|p2a: Munkidori|Munkidori, M|100\/100\n|-damage|p2a: Munkidori|88\/100|[from] Stealth Rock\n|turn|17\n|\n|t:|1700422737\n|move|p2a: Munkidori|Fake Out|p1a: Zamazenta\n|-damage|p1a: Zamazenta|72\/100\n|-status|p1a: Zamazenta|tox|[from] ability: Toxic Chain|[of] p2a: Munkidori\n|cant|p1a: Zamazenta|flinch\n|\n|-heal|p2a: Munkidori|94\/100|[from] item: Leftovers\n|-damage|p1a: Zamazenta|66\/100 tox|[from] psn\n|upkeep\n|turn|18\n|\n|t:|1700422749\n|move|p1a: Zamazenta|Substitute|p1a: Zamazenta\n|-start|p1a: Zamazenta|Substitute\n|-damage|p1a: Zamazenta|41\/100 tox\n|move|p2a: Munkidori|Psychic|p1a: Zamazenta\n|-supereffective|p1a: Zamazenta\n|-end|p1a: Zamazenta|Substitute\n|\n|-heal|p2a: Munkidori|99\/100|[from] item: Leftovers\n|-damage|p1a: Zamazenta|29\/100 tox|[from] psn\n|upkeep\n|turn|19\n|\n|t:|1700422760\n|switch|p1a: Gholdengo|Gholdengo|25\/100\n|move|p2a: Munkidori|Psychic|p1a: Gholdengo\n|-resisted|p1a: Gholdengo\n|-damage|p1a: Gholdengo|0 fnt\n|faint|p1a: Gholdengo\n|\n|-heal|p2a: Munkidori|100\/100|[from] item: Leftovers\n|upkeep\n|\n|t:|1700422770\n|switch|p1a: Zamazenta|Zamazenta|29\/100 tox\n|turn|20\n|\n|t:|1700422775\n|move|p1a: Zamazenta|Play Rough|p2a: Munkidori\n|-resisted|p2a: Munkidori\n|-damage|p2a: Munkidori|81\/100\n|move|p2a: Munkidori|Sludge Wave|p1a: Zamazenta\n|-damage|p1a: Zamazenta|0 fnt\n|faint|p1a: Zamazenta\n|\n|-heal|p2a: Munkidori|87\/100|[from] item: Leftovers\n|upkeep\n|\n|t:|1700422785\n|switch|p1a: Ogerpon|Ogerpon-Wellspring, F|58\/100 brn\n|turn|21\n|\n|t:|1700422796\n|move|p2a: Munkidori|Hex|p1a: Ogerpon\n|-damage|p1a: Ogerpon|18\/100 brn\n|move|p1a: Ogerpon|Horn Leech|p2a: Munkidori\n|-resisted|p2a: Munkidori\n|-damage|p2a: Munkidori|73\/100\n|-heal|p1a: Ogerpon|24\/100 brn|[from] drain|[of] p2a: Munkidori\n|\n|-heal|p2a: Munkidori|79\/100|[from] item: Leftovers\n|-damage|p1a: Ogerpon|18\/100 brn|[from] brn\n|upkeep\n|turn|22\n|\n|t:|1700422807\n|move|p1a: Ogerpon|Spiky Shield|p1a: Ogerpon\n|-singleturn|p1a: Ogerpon|move: Protect\n|move|p2a: Munkidori|Hex|p1a: Ogerpon\n|-activate|p1a: Ogerpon|move: Protect\n|\n|-heal|p2a: Munkidori|85\/100|[from] item: Leftovers\n|-damage|p1a: Ogerpon|12\/100 brn|[from] brn\n|upkeep\n|turn|23\n|\n|t:|1700422817\n|move|p2a: Munkidori|Hex|p1a: Ogerpon\n|-damage|p1a: Ogerpon|0 fnt\n|faint|p1a: Ogerpon\n|\n|win|imnotsignedin\n|raw|ghetis du 93's rating: 1066 &rarr; <strong>1049<\/strong><br \/>(-17 for losing)\n|raw|imnotsignedin's rating: 1112 &rarr; <strong>1134<\/strong><br \/>(+22 for winning)\n|l|\u2606ghetis du 93\n|l|\u2606imnotsignedin\n|j|\u2606imnotsignedin\n|player|p2|imnotsignedin|ghetsis\n","uploadtime":1700422837,"views":24,"p1id":"ghetisdu93","p2id":"imnotsignedin","formatid":"gen9ou","rating":1049,"private":0,"password":""}