{"id":"gen9ou-1994457120","p1":"nekocatnation","p2":"Xenosi","format":"[Gen 9] OU","log":"|j|\u2606nekocatnation\n|j|\u2606Xenosi\n|t:|1700446079\n|gametype|singles\n|player|p1|nekocatnation|ghetsis|1153\n|player|p2|Xenosi|2|1197\n|teamsize|p1|6\n|teamsize|p2|6\n|gen|9\n|tier|[Gen 9] OU\n|rated|\n|rule|Sleep Clause Mod: Limit one foe put to sleep\n|rule|Species Clause: Limit one of each Pok\u00e9mon\n|rule|OHKO Clause: OHKO moves are banned\n|rule|Evasion Items Clause: Evasion items are banned\n|rule|Evasion Moves Clause: Evasion moves are banned\n|rule|Endless Battle Clause: Forcing endless battles is banned\n|rule|HP Percentage Mod: HP is shown in percentages\n|clearpoke\n|poke|p1|Glimmora, F|\n|poke|p1|Dragonite, M|\n|poke|p1|Kingambit, F|\n|poke|p1|Infernape, F|\n|poke|p1|Hatterene, F|\n|poke|p1|Quaquaval, F|\n|poke|p2|Kingambit, M|\n|poke|p2|Glimmora, M|\n|poke|p2|Zamazenta-*|\n|poke|p2|Iron Valiant|\n|poke|p2|Iron Moth|\n|poke|p2|Ogerpon-Wellspring, F|\n|teampreview\n|\n|t:|1700446086\n|start\n|switch|p1a: Glimmora|Glimmora, F|100\/100\n|switch|p2a: Iron Valiant|Iron Valiant|100\/100\n|-item|p1a: Glimmora|Air Balloon\n|-enditem|p2a: Iron Valiant|Booster Energy\n|-activate|p2a: Iron Valiant|ability: Quark Drive|[fromitem]\n|-start|p2a: Iron Valiant|quarkdrivespe\n|turn|1\n|\n|t:|1700446100\n|move|p2a: Iron Valiant|Psyshock|p1a: Glimmora\n|-supereffective|p1a: Glimmora\n|-damage|p1a: Glimmora|48\/100\n|-enditem|p1a: Glimmora|Air Balloon\n|move|p1a: Glimmora|Stealth Rock|p2a: Iron Valiant\n|-sidestart|p2: Xenosi|move: Stealth Rock\n|\n|upkeep\n|turn|2\n|\n|t:|1700446119\n|switch|p1a: Kingambit|Kingambit, F|100\/100\n|move|p2a: Iron Valiant|Psyshock|p1a: Kingambit\n|-immune|p1a: Kingambit\n|\n|upkeep\n|turn|3\n|\n|t:|1700446147\n|-end|p2a: Iron Valiant|Quark Drive|[silent]\n|switch|p2a: Glimmora|Glimmora, M|100\/100\n|-damage|p2a: Glimmora|88\/100|[from] Stealth Rock\n|-end|p1a: Kingambit|fallenundefined|[silent]\n|switch|p1a: Hatterene|Hatterene, F|100\/100\n|\n|upkeep\n|turn|4\n|\n|t:|1700446157\n|move|p2a: Glimmora|Mortal Spin|p1a: Hatterene\n|-supereffective|p1a: Hatterene\n|-damage|p1a: Hatterene|85\/100\n|-status|p1a: Hatterene|psn\n|-sideend|p2: Xenosi|Stealth Rock|[from] move: Mortal Spin|[of] p2a: Glimmora\n|move|p1a: Hatterene|Nuzzle|p2a: Glimmora\n|-damage|p2a: Glimmora|83\/100\n|-status|p2a: Glimmora|par\n|-activate|p2a: Glimmora|ability: Toxic Debris\n|-sidestart|p1: nekocatnation|move: Toxic Spikes\n|\n|-damage|p1a: Hatterene|73\/100 psn|[from] psn\n|upkeep\n|turn|5\n|\n|t:|1700446184\n|move|p2a: Glimmora|Earth Power|p1a: Hatterene\n|-damage|p1a: Hatterene|39\/100 psn\n|move|p1a: Hatterene|Psyshock|p2a: Glimmora\n|-supereffective|p2a: Glimmora\n|-damage|p2a: Glimmora|0 fnt\n|faint|p2a: Glimmora\n|\n|-damage|p1a: Hatterene|27\/100 psn|[from] psn\n|upkeep\n|\n|t:|1700446193\n|switch|p2a: Ogerpon|Ogerpon-Wellspring, F|100\/100\n|turn|6\n|\n|t:|1700446198\n|move|p2a: Ogerpon|Ivy Cudgel|p1a: Hatterene|[anim] Ivy Cudgel Water\n|-damage|p1a: Hatterene|0 fnt\n|faint|p1a: Hatterene\n|\n|upkeep\n|\n|t:|1700446202\n|switch|p1a: Glimmora|Glimmora, F|48\/100\n|-sideend|p1: nekocatnation|move: Toxic Spikes|[of] p1a: Glimmora\n|turn|7\n|\n|t:|1700446208\n|move|p2a: Ogerpon|Ivy Cudgel|p1a: Glimmora|[anim] Ivy Cudgel Water\n|-supereffective|p1a: Glimmora\n|-damage|p1a: Glimmora|0 fnt\n|-activate|p1a: Glimmora|ability: Toxic Debris\n|-sidestart|p2: Xenosi|move: Toxic Spikes\n|faint|p1a: Glimmora\n|\n|upkeep\n|\n|t:|1700446226\n|switch|p1a: Infernape|Infernape, F|100\/100\n|turn|8\n|\n|t:|1700446230\n|-terastallize|p2a: Ogerpon|Water\n|detailschange|p2a: Ogerpon|Ogerpon-Wellspring-Tera, F, tera:Water\n|-ability|p2a: Ogerpon|Embody Aspect (Wellspring)|boost\n|-boost|p2a: Ogerpon|spd|1\n|move|p1a: Infernape|U-turn|p2a: Ogerpon\n|-damage|p2a: Ogerpon|74\/100\n|\n|t:|1700446238\n|switch|p1a: Quaquaval|Quaquaval, F|100\/100|[from] U-turn\n|move|p2a: Ogerpon|Ivy Cudgel|p1a: Quaquaval|[anim] Ivy Cudgel Water\n|-resisted|p1a: Quaquaval\n|-damage|p1a: Quaquaval|51\/100\n|\n|upkeep\n|turn|9\n|\n|t:|1700446247\n|move|p2a: Ogerpon|Play Rough|p1a: Quaquaval|[miss]\n|-miss|p2a: Ogerpon|p1a: Quaquaval\n|move|p1a: Quaquaval|Close Combat|p2a: Ogerpon\n|-damage|p2a: Ogerpon|0 fnt\n|-unboost|p1a: Quaquaval|def|1\n|-unboost|p1a: Quaquaval|spd|1\n|faint|p2a: Ogerpon\n|-ability|p1a: Quaquaval|Moxie|boost\n|-boost|p1a: Quaquaval|atk|1\n|-damage|p1a: Quaquaval|41\/100|[from] item: Life Orb\n|\n|upkeep\n|\n|t:|1700446263\n|switch|p2a: Kingambit|Kingambit, M|100\/100\n|-activate|p2a: Kingambit|ability: Supreme Overlord\n|-start|p2a: Kingambit|fallen2|[silent]\n|turn|10\n|\n|t:|1700446285\n|-end|p2a: Kingambit|fallen2|[silent]\n|switch|p2a: Iron Moth|Iron Moth|100\/100\n|-sideend|p2: Xenosi|move: Toxic Spikes|[of] p2a: Iron Moth\n|-enditem|p2a: Iron Moth|Booster Energy\n|-activate|p2a: Iron Moth|ability: Quark Drive|[fromitem]\n|-start|p2a: Iron Moth|quarkdrivespe\n|move|p1a: Quaquaval|Swords Dance|p1a: Quaquaval\n|-boost|p1a: Quaquaval|atk|2\n|\n|upkeep\n|turn|11\n|\n|t:|1700446294\n|-terastallize|p1a: Quaquaval|Water\n|move|p1a: Quaquaval|Aqua Jet|p2a: Iron Moth\n|-supereffective|p2a: Iron Moth\n|-damage|p2a: Iron Moth|0 fnt\n|faint|p2a: Iron Moth\n|-end|p2a: Iron Moth|Quark Drive|[silent]\n|-ability|p1a: Quaquaval|Moxie|boost\n|-boost|p1a: Quaquaval|atk|1\n|-damage|p1a: Quaquaval|31\/100|[from] item: Life Orb\n|\n|upkeep\n|\n|t:|1700446314\n|switch|p2a: Kingambit|Kingambit, M|100\/100\n|-activate|p2a: Kingambit|ability: Supreme Overlord\n|-start|p2a: Kingambit|fallen3|[silent]\n|turn|12\n|\n|t:|1700446330\n|move|p1a: Quaquaval|Aqua Jet|p2a: Kingambit\n|-damage|p2a: Kingambit|20\/100\n|-damage|p1a: Quaquaval|21\/100|[from] item: Life Orb\n|move|p2a: Kingambit|Sucker Punch||[still]\n|-fail|p2a: Kingambit\n|\n|upkeep\n|turn|13\n|\n|t:|1700446351\n|-end|p2a: Kingambit|fallen3|[silent]\n|switch|p2a: Zamazenta|Zamazenta|100\/100\n|-ability|p2a: Zamazenta|Dauntless Shield|boost\n|-boost|p2a: Zamazenta|def|1\n|move|p1a: Quaquaval|Aqua Jet|p2a: Zamazenta\n|-damage|p2a: Zamazenta|44\/100\n|-damage|p1a: Quaquaval|11\/100|[from] item: Life Orb\n|\n|-heal|p2a: Zamazenta|51\/100|[from] item: Leftovers\n|upkeep\n|turn|14\n|\n|t:|1700446363\n|move|p1a: Quaquaval|Aqua Jet|p2a: Zamazenta\n|-damage|p2a: Zamazenta|0 fnt\n|faint|p2a: Zamazenta\n|-ability|p1a: Quaquaval|Moxie|boost\n|-boost|p1a: Quaquaval|atk|1\n|-damage|p1a: Quaquaval|1\/100|[from] item: Life Orb\n|\n|upkeep\n|\n|t:|1700446370\n|switch|p2a: Iron Valiant|Iron Valiant|100\/100\n|turn|15\n|\n|t:|1700446374\n|move|p1a: Quaquaval|Aqua Jet|p2a: Iron Valiant\n|-damage|p2a: Iron Valiant|0 fnt\n|faint|p2a: Iron Valiant\n|-end|p2a: Iron Valiant|Quark Drive|[silent]\n|-ability|p1a: Quaquaval|Moxie|boost\n|-boost|p1a: Quaquaval|atk|1\n|-damage|p1a: Quaquaval|0 fnt|[from] item: Life Orb\n|faint|p1a: Quaquaval\n|\n|upkeep\n|\n|t:|1700446382\n|switch|p2a: Kingambit|Kingambit, M|20\/100\n|switch|p1a: Infernape|Infernape, F|100\/100\n|-activate|p2a: Kingambit|ability: Supreme Overlord\n|-start|p2a: Kingambit|fallen5|[silent]\n|turn|16\n|\n|t:|1700446388\n|move|p2a: Kingambit|Sucker Punch|p1a: Infernape\n|-resisted|p1a: Infernape\n|-damage|p1a: Infernape|45\/100\n|move|p1a: Infernape|Raging Fury|p2a: Kingambit\n|-supereffective|p2a: Kingambit\n|-damage|p2a: Kingambit|0 fnt\n|faint|p2a: Kingambit\n|-end|p2a: Kingambit|fallen5|[silent]\n|\n|win|nekocatnation\n|raw|nekocatnation's rating: 1153 &rarr; <strong>1181<\/strong><br \/>(+28 for winning)\n|raw|Xenosi's rating: 1197 &rarr; <strong>1169<\/strong><br \/>(-28 for losing)\n|l|\u2606Xenosi\n","uploadtime":1700446397,"views":15,"p1id":"nekocatnation","p2id":"xenosi","formatid":"gen9ou","rating":1169,"private":0,"password":""}