{"id":"gen9ou-1991185848","p1":"jeremaxx512","p2":"mil014","format":"[Gen 9] OU","log":"|j|\u2606jeremaxx512\n|j|\u2606mil014\n|t:|1700054856\n|gametype|singles\n|player|p1|jeremaxx512|red|1168\n|player|p2|mil014|alder|1273\n|teamsize|p1|6\n|teamsize|p2|6\n|gen|9\n|tier|[Gen 9] OU\n|rated|\n|rule|Sleep Clause Mod: Limit one foe put to sleep\n|rule|Species Clause: Limit one of each Pok\u00e9mon\n|rule|OHKO Clause: OHKO moves are banned\n|rule|Evasion Items Clause: Evasion items are banned\n|rule|Evasion Moves Clause: Evasion moves are banned\n|rule|Endless Battle Clause: Forcing endless battles is banned\n|rule|HP Percentage Mod: HP is shown in percentages\n|clearpoke\n|poke|p1|Iron Valiant|\n|poke|p1|Scizor, F|\n|poke|p1|Ogerpon-Cornerstone, F|\n|poke|p1|Cinderace, M|\n|poke|p1|Dragonite, M|\n|poke|p1|Sneasler, M|\n|poke|p2|Enamorus, F|\n|poke|p2|Kommo-o, F|\n|poke|p2|Ceruledge, F|\n|poke|p2|Great Tusk|\n|poke|p2|Kingambit, F|\n|poke|p2|Blissey, F|\n|teampreview\n|inactive|Battle timer is ON: inactive players will automatically lose when time's up. (requested by jeremaxx512)\n|\n|t:|1700054887\n|start\n|switch|p1a: Dragonite|Dragonite, M|100\/100\n|switch|p2a: Ttrofor|Great Tusk|100\/100\n|turn|1\n|\n|t:|1700054896\n|move|p2a: Ttrofor|Knock Off|p1a: Dragonite\n|-damage|p1a: Dragonite|84\/100\n|-enditem|p1a: Dragonite|Silk Scarf|[from] move: Knock Off|[of] p2a: Ttrofor\n|move|p1a: Dragonite|Dragon Dance|p1a: Dragonite\n|-boost|p1a: Dragonite|atk|1\n|-boost|p1a: Dragonite|spe|1\n|\n|upkeep\n|turn|2\n|\n|t:|1700054911\n|-end|p2a: Ttrofor|Protosynthesis|[silent]\n|switch|p2a: Ttromor|Ceruledge, F|100\/100\n|move|p1a: Dragonite|Ice Spinner|p2a: Ttromor\n|-resisted|p2a: Ttromor\n|-damage|p2a: Ttromor|70\/100\n|-ability|p2a: Ttromor|Weak Armor|boost\n|-unboost|p2a: Ttromor|def|1\n|-boost|p2a: Ttromor|spe|2\n|\n|upkeep\n|turn|3\n|\n|t:|1700054931\n|move|p2a: Ttromor|Swords Dance|p2a: Ttromor\n|-boost|p2a: Ttromor|atk|2\n|move|p1a: Dragonite|Earthquake|p2a: Ttromor\n|-supereffective|p2a: Ttromor\n|-damage|p2a: Ttromor|0 fnt\n|faint|p2a: Ttromor\n|\n|upkeep\n|\n|t:|1700054950\n|switch|p2a: Ttromoch|Enamorus, F|100\/100\n|turn|4\n|c|\u2606jeremaxx512|Du coup il virn mirt ttromor\n|c|\u2606jeremaxx512|*il est vraiment\n|inactive|jeremaxx512 has 120 seconds left.\n|\n|t:|1700054981\n|move|p1a: Dragonite|Ice Spinner|p2a: Ttromoch\n|-supereffective|p2a: Ttromoch\n|-damage|p2a: Ttromoch|0 fnt\n|-start|p1a: Dragonite|Attract|[from] ability: Cute Charm|[of] p2a: Ttromoch\n|faint|p2a: Ttromoch\n|-end|p1a: Dragonite|Attract|[silent]\n|\n|upkeep\n|\n|t:|1700054995\n|switch|p2a: Ttrocho|Kommo-o, F|100\/100\n|turn|5\n|\n|t:|1700055006\n|-terastallize|p1a: Dragonite|Normal\n|-terastallize|p2a: Ttrocho|Normal\n|move|p1a: Dragonite|Ice Spinner|p2a: Ttrocho\n|-damage|p2a: Ttrocho|55\/100\n|move|p2a: Ttrocho|Boomburst|p1a: Dragonite\n|-damage|p1a: Dragonite|19\/100\n|-enditem|p2a: Ttrocho|Throat Spray\n|-boost|p2a: Ttrocho|spa|1|[from] item: Throat Spray\n|\n|upkeep\n|turn|6\n|\n|t:|1700055018\n|move|p1a: Dragonite|Extreme Speed|p2a: Ttrocho\n|-damage|p2a: Ttrocho|0 fnt\n|faint|p2a: Ttrocho\n|\n|upkeep\n|\n|t:|1700055027\n|switch|p2a: Ttroban|Kingambit, F|100\/100\n|-activate|p2a: Ttroban|ability: Supreme Overlord\n|-start|p2a: Ttroban|fallen3|[silent]\n|turn|7\n|\n|t:|1700055035\n|move|p1a: Dragonite|Dragon Dance|p1a: Dragonite\n|-boost|p1a: Dragonite|atk|1\n|-boost|p1a: Dragonite|spe|1\n|move|p2a: Ttroban|Iron Head|p1a: Dragonite\n|-damage|p1a: Dragonite|0 fnt\n|faint|p1a: Dragonite\n|\n|upkeep\n|c|\u2606mil014|il m'a enculer ton dragognite\u00b5\n|\n|t:|1700055046\n|switch|p1a: Cinderace|Cinderace, M|100\/100\n|turn|8\n|\n|t:|1700055054\n|-end|p2a: Ttroban|fallen3|[silent]\n|switch|p2a: Ttrofor|Great Tusk|100\/100\n|move|p1a: Cinderace|Pyro Ball|p2a: Ttrofor\n|-damage|p2a: Ttrofor|62\/100\n|-status|p2a: Ttrofor|brn\n|\n|-heal|p2a: Ttrofor|68\/100 brn|[from] item: Leftovers\n|-damage|p2a: Ttrofor|62\/100 brn|[from] brn\n|upkeep\n|turn|9\n|\n|t:|1700055072\n|move|p1a: Cinderace|High Jump Kick|p2a: Ttrofor\n|-start|p1a: Cinderace|typechange|Fighting|[from] ability: Libero\n|-damage|p2a: Ttrofor|22\/100 brn\n|move|p2a: Ttrofor|Earthquake|p1a: Cinderace\n|-damage|p1a: Cinderace|67\/100\n|\n|-heal|p2a: Ttrofor|28\/100 brn|[from] item: Leftovers\n|-damage|p2a: Ttrofor|22\/100 brn|[from] brn\n|upkeep\n|turn|10\n|\n|t:|1700055090\n|move|p1a: Cinderace|Pyro Ball|p2a: Ttrofor\n|-damage|p2a: Ttrofor|0 fnt\n|faint|p2a: Ttrofor\n|-end|p2a: Ttrofor|Protosynthesis|[silent]\n|\n|upkeep\n|\n|t:|1700055097\n|switch|p2a: Ttrotanky|Blissey, F|100\/100\n|turn|11\n|\n|t:|1700055109\n|move|p1a: Cinderace|High Jump Kick|p2a: Ttrotanky|[miss]\n|-miss|p1a: Cinderace|p2a: Ttrotanky\n|-damage|p1a: Cinderace|17\/100|[from] highjumpkick\n|move|p2a: Ttrotanky|Seismic Toss|p1a: Cinderace\n|-damage|p1a: Cinderace|0 fnt\n|faint|p1a: Cinderace\n|\n|upkeep\n|\n|t:|1700055118\n|switch|p1a: Sneasler|Sneasler, M|100\/100\n|turn|12\n|\n|t:|1700055124\n|move|p1a: Sneasler|Switcheroo|p2a: Ttrotanky\n|-activate|p1a: Sneasler|move: Trick|[of] p2a: Ttrotanky\n|-item|p2a: Ttrotanky|Heavy-Duty Boots|[from] move: Switcheroo\n|-item|p1a: Sneasler|Heavy-Duty Boots|[from] move: Switcheroo\n|move|p2a: Ttrotanky|Seismic Toss|p1a: Sneasler\n|-damage|p1a: Sneasler|67\/100\n|\n|upkeep\n|turn|13\n|\n|t:|1700055147\n|move|p1a: Sneasler|Close Combat|p2a: Ttrotanky\n|-supereffective|p2a: Ttrotanky\n|-damage|p2a: Ttrotanky|0 fnt\n|-unboost|p1a: Sneasler|def|1\n|-unboost|p1a: Sneasler|spd|1\n|faint|p2a: Ttrotanky\n|\n|upkeep\n|inactive|mil014 has 120 seconds left.\n|\n|t:|1700055169\n|switch|p2a: Ttroban|Kingambit, F|100\/100\n|-activate|p2a: Ttroban|ability: Supreme Overlord\n|-start|p2a: Ttroban|fallen5|[silent]\n|turn|14\n|\n|t:|1700055177\n|move|p2a: Ttroban|Sucker Punch||[still]\n|-fail|p2a: Ttroban\n|move|p1a: Sneasler|Switcheroo|p2a: Ttroban\n|-activate|p1a: Sneasler|move: Trick|[of] p2a: Ttroban\n|-item|p2a: Ttroban|Heavy-Duty Boots|[from] move: Switcheroo\n|-item|p1a: Sneasler|Leftovers|[from] move: Switcheroo\n|\n|-heal|p1a: Sneasler|73\/100|[from] item: Leftovers\n|upkeep\n|turn|15\n|\n|t:|1700055197\n|move|p1a: Sneasler|Close Combat|p2a: Ttroban\n|-supereffective|p2a: Ttroban\n|-damage|p2a: Ttroban|0 fnt\n|-unboost|p1a: Sneasler|def|1\n|-unboost|p1a: Sneasler|spd|1\n|faint|p2a: Ttroban\n|-end|p2a: Ttroban|fallen5|[silent]\n|\n|win|jeremaxx512\n|raw|jeremaxx512's rating: 1168 &rarr; <strong>1200<\/strong><br \/>(+32 for winning)\n|raw|mil014's rating: 1273 &rarr; <strong>1241<\/strong><br \/>(-32 for losing)\n","uploadtime":1700055045,"views":6,"p1id":"jeremaxx512","p2id":"mil014","formatid":"gen9ou","rating":1200,"private":0,"password":""}