{"id":"gen9ou-2000321210","p1":"Welcometoearth420","p2":"Downbadsuffering","format":"[Gen 9] OU","log":"|j|\u2606Welcometoearth420\n|j|\u2606Downbadsuffering\n|t:|1701184749\n|gametype|singles\n|player|p1|Welcometoearth420|102|1421\n|player|p2|Downbadsuffering|beauty-gen5bw2|1380\n|teamsize|p1|6\n|teamsize|p2|6\n|gen|9\n|tier|[Gen 9] OU\n|rated|\n|rule|Sleep Clause Mod: Limit one foe put to sleep\n|rule|Species Clause: Limit one of each Pok\u00e9mon\n|rule|OHKO Clause: OHKO moves are banned\n|rule|Evasion Items Clause: Evasion items are banned\n|rule|Evasion Moves Clause: Evasion moves are banned\n|rule|Endless Battle Clause: Forcing endless battles is banned\n|rule|HP Percentage Mod: HP is shown in percentages\n|clearpoke\n|poke|p1|Toxapex, F|\n|poke|p1|Gholdengo|\n|poke|p1|Zamazenta-*|\n|poke|p1|Ting-Lu|\n|poke|p1|Zapdos|\n|poke|p1|Slowking-Galar, F|\n|poke|p2|Maushold|\n|poke|p2|Rillaboom, M|\n|poke|p2|Great Tusk|\n|poke|p2|Heatran, M|\n|poke|p2|Enamorus, F|\n|poke|p2|Kingambit, F|\n|teampreview\n|inactive|Battle timer is ON: inactive players will automatically lose when time's up. (requested by Downbadsuffering)\n|\n|t:|1701184775\n|start\n|switch|p1a: Ting-Lu|Ting-Lu|100\/100\n|switch|p2a: Heatran|Heatran, M|100\/100\n|-ability|p1a: Ting-Lu|Vessel of Ruin\n|turn|1\n|\n|t:|1701184778\n|move|p2a: Heatran|Taunt|p1a: Ting-Lu\n|-start|p1a: Ting-Lu|move: Taunt\n|cant|p1a: Ting-Lu|move: Taunt|Stealth Rock\n|\n|upkeep\n|turn|2\n|\n|t:|1701184786\n|switch|p2a: Enamorus|Enamorus, F|100\/100\n|move|p1a: Ting-Lu|Earthquake|p2a: Enamorus\n|-immune|p2a: Enamorus\n|\n|upkeep\n|turn|3\n|\n|t:|1701184790\n|switch|p1a: Slowking|Slowking-Galar, F|100\/100\n|move|p2a: Enamorus|Earth Power|p1a: Slowking\n|-supereffective|p1a: Slowking\n|-damage|p1a: Slowking|66\/100\n|\n|upkeep\n|turn|4\n|inactive|Downbadsuffering has 120 seconds left.\n|inactive|Welcometoearth420 has 120 seconds left.\n|\n|t:|1701184834\n|switch|p2a: Heatran|Heatran, M|100\/100\n|move|p1a: Slowking|Chilly Reception|p1a: Slowking\n|-weather|Snow\n|\n|t:|1701184837\n|switch|p1a: Ting-Lu|Ting-Lu|100\/100|[from] Chilly Reception\n|-ability|p1a: Ting-Lu|Vessel of Ruin\n|\n|-weather|Snow|[upkeep]\n|upkeep\n|turn|5\n|inactive|Downbadsuffering has 120 seconds left.\n|\n|t:|1701184854\n|switch|p2a: Great Tusk|Great Tusk|100\/100\n|move|p1a: Ting-Lu|Earthquake|p2a: Great Tusk\n|-damage|p2a: Great Tusk|77\/100\n|\n|-weather|Snow|[upkeep]\n|-heal|p2a: Great Tusk|83\/100|[from] item: Leftovers\n|upkeep\n|turn|6\n|\n|t:|1701184860\n|switch|p1a: Zapdos|Zapdos|100\/100\n|move|p2a: Great Tusk|Ice Spinner|p1a: Zapdos\n|-supereffective|p1a: Zapdos\n|-damage|p1a: Zapdos|66\/100\n|\n|-weather|Snow|[upkeep]\n|-heal|p2a: Great Tusk|89\/100|[from] item: Leftovers\n|upkeep\n|turn|7\n|inactive|Downbadsuffering has 120 seconds left.\n|\n|t:|1701184893\n|-end|p2a: Great Tusk|Protosynthesis|[silent]\n|switch|p2a: Rillaboom|Rillaboom, M|100\/100\n|-fieldstart|move: Grassy Terrain|[from] ability: Grassy Surge|[of] p2a: Rillaboom\n|move|p1a: Zapdos|Roost|p1a: Zapdos\n|-heal|p1a: Zapdos|100\/100\n|-singleturn|p1a: Zapdos|move: Roost\n|\n|-weather|Snow|[upkeep]\n|upkeep\n|turn|8\n|\n|t:|1701184902\n|switch|p2a: Heatran|Heatran, M|100\/100\n|move|p1a: Zapdos|Hurricane|p2a: Heatran|[miss]\n|-miss|p1a: Zapdos|p2a: Heatran\n|\n|-weather|none\n|upkeep\n|turn|9\n|\n|t:|1701184906\n|move|p1a: Zapdos|Volt Switch|p2a: Heatran\n|-damage|p2a: Heatran|81\/100\n|\n|t:|1701184908\n|switch|p1a: Ting-Lu|Ting-Lu|100\/100|[from] Volt Switch\n|-ability|p1a: Ting-Lu|Vessel of Ruin\n|move|p2a: Heatran|Stealth Rock|p1a: Ting-Lu\n|-sidestart|p1: Welcometoearth420|move: Stealth Rock\n|\n|-heal|p2a: Heatran|87\/100|[from] Grassy Terrain\n|-heal|p2a: Heatran|93\/100|[from] item: Leftovers\n|upkeep\n|turn|10\n|inactive|Downbadsuffering has 120 seconds left.\n|\n|t:|1701184914\n|switch|p2a: Great Tusk|Great Tusk|89\/100\n|move|p1a: Ting-Lu|Stealth Rock|p2a: Great Tusk\n|-sidestart|p2: Downbadsuffering|move: Stealth Rock\n|\n|-heal|p2a: Great Tusk|95\/100|[from] Grassy Terrain\n|-heal|p2a: Great Tusk|100\/100|[from] item: Leftovers\n|upkeep\n|turn|11\n|\n|t:|1701184918\n|switch|p1a: Gholdengo|Gholdengo|100\/100\n|-damage|p1a: Gholdengo|94\/100|[from] Stealth Rock\n|move|p2a: Great Tusk|Ice Spinner|p1a: Gholdengo\n|-resisted|p1a: Gholdengo\n|-damage|p1a: Gholdengo|81\/100\n|-fieldend|move: Grassy Terrain\n|\n|upkeep\n|turn|12\n|inactive|Downbadsuffering has 120 seconds left.\n|\n|t:|1701184960\n|move|p1a: Gholdengo|Make It Rain|p2a: Great Tusk\n|-damage|p2a: Great Tusk|11\/100\n|-unboost|p1a: Gholdengo|spa|1\n|move|p2a: Great Tusk|Headlong Rush|p1a: Gholdengo\n|-supereffective|p1a: Gholdengo\n|-damage|p1a: Gholdengo|0 fnt\n|-unboost|p2a: Great Tusk|def|1\n|-unboost|p2a: Great Tusk|spd|1\n|faint|p1a: Gholdengo\n|\n|-heal|p2a: Great Tusk|18\/100|[from] item: Leftovers\n|upkeep\n|\n|t:|1701184970\n|switch|p1a: Zamazenta|Zamazenta|100\/100\n|-ability|p1a: Zamazenta|Dauntless Shield|boost\n|-boost|p1a: Zamazenta|def|1\n|turn|13\n|inactive|Downbadsuffering has 90 seconds left.\n|\n|t:|1701185009\n|-end|p2a: Great Tusk|Protosynthesis|[silent]\n|switch|p2a: Enamorus|Enamorus, F|100\/100\n|-damage|p2a: Enamorus|76\/100|[from] Stealth Rock\n|move|p1a: Zamazenta|Close Combat|p2a: Enamorus\n|-resisted|p2a: Enamorus\n|-damage|p2a: Enamorus|54\/100\n|-unboost|p1a: Zamazenta|def|1\n|-unboost|p1a: Zamazenta|spd|1\n|\n|upkeep\n|turn|14\n|inactive|Welcometoearth420 has 120 seconds left.\n|\n|t:|1701185057\n|switch|p1a: Slowking|Slowking-Galar, F|99\/100\n|move|p2a: Enamorus|Earth Power|p1a: Slowking\n|-supereffective|p1a: Slowking\n|-damage|p1a: Slowking|63\/100\n|\n|upkeep\n|turn|15\n|\n|t:|1701185073\n|switch|p2a: Maushold|Maushold|100\/100\n|-damage|p2a: Maushold|88\/100|[from] Stealth Rock\n|move|p1a: Slowking|Chilly Reception|p1a: Slowking\n|-weather|Snow\n|\n|t:|1701185078\n|switch|p1a: Zamazenta|Zamazenta|100\/100|[from] Chilly Reception\n|\n|-weather|Snow|[upkeep]\n|upkeep\n|turn|16\n|\n|t:|1701185084\n|-terastallize|p2a: Maushold|Ghost\n|move|p1a: Zamazenta|Close Combat|p2a: Maushold\n|-immune|p2a: Maushold\n|move|p2a: Maushold|Tidy Up|p2a: Maushold\n|-sideend|p2: Downbadsuffering|Stealth Rock\n|-sideend|p1: Welcometoearth420|Stealth Rock\n|-activate|p2a: Maushold|move: Tidy Up\n|-boost|p2a: Maushold|atk|1\n|-boost|p2a: Maushold|spe|1\n|\n|-weather|Snow|[upkeep]\n|upkeep\n|turn|17\n|inactive|Downbadsuffering has 90 seconds left.\n|\n|t:|1701185113\n|-terastallize|p1a: Zamazenta|Steel\n|move|p2a: Maushold|Population Bomb|p1a: Zamazenta\n|-resisted|p1a: Zamazenta\n|-damage|p1a: Zamazenta|94\/100\n|-resisted|p1a: Zamazenta\n|-damage|p1a: Zamazenta|87\/100\n|-resisted|p1a: Zamazenta\n|-damage|p1a: Zamazenta|80\/100\n|-resisted|p1a: Zamazenta\n|-damage|p1a: Zamazenta|74\/100\n|-resisted|p1a: Zamazenta\n|-damage|p1a: Zamazenta|67\/100\n|-resisted|p1a: Zamazenta\n|-damage|p1a: Zamazenta|61\/100\n|-resisted|p1a: Zamazenta\n|-crit|p1a: Zamazenta\n|-damage|p1a: Zamazenta|51\/100\n|-resisted|p1a: Zamazenta\n|-damage|p1a: Zamazenta|44\/100\n|-resisted|p1a: Zamazenta\n|-damage|p1a: Zamazenta|37\/100\n|-resisted|p1a: Zamazenta\n|-damage|p1a: Zamazenta|30\/100\n|-hitcount|p1a: Zamazenta|10\n|move|p1a: Zamazenta|Crunch|p2a: Maushold\n|-supereffective|p2a: Maushold\n|-damage|p2a: Maushold|8\/100\n|\n|-weather|Snow|[upkeep]\n|upkeep\n|turn|18\n|inactive|Welcometoearth420 has 120 seconds left.\n|\n|t:|1701185132\n|switch|p1a: Toxapex|Toxapex, F|100\/100\n|move|p2a: Maushold|Population Bomb|p1a: Toxapex\n|-damage|p1a: Toxapex|89\/100\n|-damage|p1a: Toxapex|79\/100\n|-damage|p1a: Toxapex|68\/100\n|-damage|p1a: Toxapex|58\/100\n|-damage|p1a: Toxapex|47\/100\n|-damage|p1a: Toxapex|36\/100\n|-hitcount|p1a: Toxapex|6\n|\n|-weather|Snow|[upkeep]\n|upkeep\n|turn|19\n|\n|t:|1701185136\n|move|p2a: Maushold|Population Bomb|p1a: Toxapex\n|-damage|p1a: Toxapex|25\/100\n|-damage|p1a: Toxapex|14\/100\n|-damage|p1a: Toxapex|3\/100\n|-damage|p1a: Toxapex|0 fnt\n|faint|p1a: Toxapex\n|-hitcount|p1: Toxapex|4\n|\n|-weather|none\n|upkeep\n|-message|Welcometoearth420 forfeited.\n|\n|win|Downbadsuffering\n|raw|Welcometoearth420's rating: 1421 &rarr; <strong>1399<\/strong><br \/>(-22 for losing)\n|raw|Downbadsuffering's rating: 1380 &rarr; <strong>1402<\/strong><br \/>(+22 for winning)\n|l|\u2606Welcometoearth420\n","uploadtime":1701185378,"views":2,"p1id":"welcometoearth420","p2id":"downbadsuffering","formatid":"gen9ou","rating":1399,"private":0,"password":""}