{"id":"gen9ou-1994997024","p1":"Steez Ibanez","p2":"Catbugn","format":"[Gen 9] OU","log":"|j|\u2606Steez Ibanez\n|j|\u2606Catbugn\n|t:|1700511768\n|gametype|singles\n|player|p1|Steez Ibanez|lance-gen2|1752\n|player|p2|Catbugn|dawn|1788\n|teamsize|p1|6\n|teamsize|p2|6\n|gen|9\n|tier|[Gen 9] OU\n|rated|\n|rule|Sleep Clause Mod: Limit one foe put to sleep\n|rule|Species Clause: Limit one of each Pok\u00e9mon\n|rule|OHKO Clause: OHKO moves are banned\n|rule|Evasion Items Clause: Evasion items are banned\n|rule|Evasion Moves Clause: Evasion moves are banned\n|rule|Endless Battle Clause: Forcing endless battles is banned\n|rule|HP Percentage Mod: HP is shown in percentages\n|clearpoke\n|poke|p1|Samurott-Hisui, M|\n|poke|p1|Ursaluna, M|\n|poke|p1|Weezing-Galar, M|\n|poke|p1|Dragapult, M|\n|poke|p1|Corviknight, M|\n|poke|p1|Ting-Lu|\n|poke|p2|Garchomp, F|\n|poke|p2|Great Tusk|\n|poke|p2|Espeon, F|\n|poke|p2|Salamence, M|\n|poke|p2|Blissey, F|\n|poke|p2|Skeledirge, M|\n|teampreview\n|inactive|Battle timer is ON: inactive players will automatically lose when time's up. (requested by Catbugn)\n|\n|t:|1700511772\n|start\n|switch|p1a: Toothless|Dragapult, M|100\/100\n|switch|p2a: Salamence|Salamence, M|100\/100\n|-ability|p2a: Salamence|Intimidate|boost\n|-unboost|p1a: Toothless|atk|1\n|turn|1\n|\n|t:|1700511786\n|switch|p1a: Speedwagon|Weezing-Galar, M|100\/100\n|-ability|p1a: Speedwagon|Neutralizing Gas\n|switch|p2a: Blissey|Blissey, F|100\/100\n|\n|upkeep\n|turn|2\n|\n|t:|1700511796\n|move|p1a: Speedwagon|Toxic Spikes|p2a: Blissey\n|-sidestart|p2: Catbugn|move: Toxic Spikes\n|move|p2a: Blissey|Stealth Rock|p1a: Speedwagon\n|-sidestart|p1: Steez Ibanez|move: Stealth Rock\n|\n|upkeep\n|turn|3\n|\n|t:|1700511805\n|-end|p1a: Speedwagon|ability: Neutralizing Gas\n|switch|p1a: Darth Tyranus|Samurott-Hisui, M|100\/100\n|switch|p2a: Espeon|Espeon, F|100\/100\n|-status|p2a: Espeon|psn\n|\n|-damage|p2a: Espeon|88\/100 psn|[from] psn\n|upkeep\n|turn|4\n|\n|t:|1700511816\n|switch|p2a: Salamence|Salamence, M|100\/100\n|-ability|p2a: Salamence|Intimidate|boost\n|-unboost|p1a: Darth Tyranus|atk|1\n|move|p1a: Darth Tyranus|Ceaseless Edge|p2a: Salamence\n|-damage|p2a: Salamence|64\/100\n|-sidestart|p2: Catbugn|Spikes\n|\n|upkeep\n|turn|5\n|\n|t:|1700511829\n|move|p2a: Salamence|Draco Meteor|p1a: Darth Tyranus\n|-damage|p1a: Darth Tyranus|0 fnt\n|-unboost|p2a: Salamence|spa|2\n|faint|p1a: Darth Tyranus\n|\n|upkeep\n|\n|t:|1700511836\n|switch|p1a: Clicker|Ting-Lu|100\/100\n|-damage|p1a: Clicker|94\/100|[from] Stealth Rock\n|-ability|p1a: Clicker|Vessel of Ruin\n|turn|6\n|\n|t:|1700511842\n|move|p2a: Salamence|Draco Meteor|p1a: Clicker\n|-damage|p1a: Clicker|75\/100\n|-unboost|p2a: Salamence|spa|2\n|move|p1a: Clicker|Earthquake|p2a: Salamence\n|-immune|p2a: Salamence\n|\n|-heal|p1a: Clicker|82\/100|[from] item: Leftovers\n|upkeep\n|turn|7\n|\n|t:|1700511853\n|switch|p2a: Great Tusk|Great Tusk|100\/100\n|-status|p2a: Great Tusk|psn\n|-damage|p2a: Great Tusk|88\/100 psn|[from] Spikes\n|move|p1a: Clicker|Earthquake|p2a: Great Tusk\n|-damage|p2a: Great Tusk|69\/100 psn\n|\n|-heal|p2a: Great Tusk|75\/100 psn|[from] item: Leftovers\n|-heal|p1a: Clicker|88\/100|[from] item: Leftovers\n|-damage|p2a: Great Tusk|63\/100 psn|[from] psn\n|upkeep\n|turn|8\n|\n|t:|1700511868\n|move|p2a: Great Tusk|Knock Off|p1a: Clicker\n|-resisted|p1a: Clicker\n|-damage|p1a: Clicker|80\/100\n|-enditem|p1a: Clicker|Leftovers|[from] move: Knock Off|[of] p2a: Great Tusk\n|move|p1a: Clicker|Whirlwind|p2a: Great Tusk\n|-end|p2a: Great Tusk|Protosynthesis|[silent]\n|drag|p2a: Espeon|Espeon, F|88\/100 psn\n|-damage|p2a: Espeon|75\/100 psn|[from] Spikes\n|\n|-damage|p2a: Espeon|63\/100 psn|[from] psn\n|upkeep\n|turn|9\n|\n|t:|1700511884\n|move|p2a: Espeon|Trick|p1a: Clicker\n|-activate|p2a: Espeon|move: Trick|[of] p1a: Clicker\n|-item|p1a: Clicker|Choice Specs|[from] move: Trick\n|-enditem|p2a: Espeon|Choice Specs|[silent]|[from] move: Trick\n|move|p1a: Clicker|Earthquake|p2a: Espeon\n|-damage|p2a: Espeon|0 fnt\n|faint|p2a: Espeon\n|\n|upkeep\n|\n|t:|1700511894\n|switch|p2a: Great Tusk|Great Tusk|63\/100 psn\n|-damage|p2a: Great Tusk|51\/100 psn|[from] Spikes\n|turn|10\n|\n|t:|1700511903\n|switch|p1a: Toothless|Dragapult, M|100\/100\n|move|p2a: Great Tusk|Rapid Spin|p1a: Toothless\n|-immune|p1a: Toothless\n|\n|-heal|p2a: Great Tusk|57\/100 psn|[from] item: Leftovers\n|-damage|p2a: Great Tusk|45\/100 psn|[from] psn\n|upkeep\n|turn|11\n|\n|t:|1700511913\n|move|p1a: Toothless|Hex|p2a: Great Tusk\n|-damage|p2a: Great Tusk|0 fnt\n|faint|p2a: Great Tusk\n|-end|p2a: Great Tusk|Protosynthesis|[silent]\n|\n|upkeep\n|\n|t:|1700511922\n|switch|p2a: Garchomp|Garchomp, F|100\/100\n|-status|p2a: Garchomp|psn\n|-damage|p2a: Garchomp|88\/100 psn|[from] Spikes\n|turn|12\n|j| Large_Rodent\n|\n|t:|1700511931\n|switch|p1a: Dick Grayson|Corviknight, M|100\/100\n|-damage|p1a: Dick Grayson|88\/100|[from] Stealth Rock\n|-ability|p1a: Dick Grayson|Pressure\n|move|p2a: Garchomp|Earthquake|p1a: Dick Grayson\n|-immune|p1a: Dick Grayson\n|\n|-heal|p1a: Dick Grayson|94\/100|[from] item: Leftovers\n|-damage|p2a: Garchomp|76\/100 psn|[from] psn\n|upkeep\n|turn|13\n|\n|t:|1700511946\n|switch|p2a: Salamence|Salamence, M|64\/100\n|-ability|p2a: Salamence|Intimidate|boost\n|-unboost|p1a: Dick Grayson|atk|1\n|switch|p1a: Clicker|Ting-Lu|80\/100\n|-damage|p1a: Clicker|74\/100|[from] Stealth Rock\n|-ability|p1a: Clicker|Vessel of Ruin\n|\n|upkeep\n|turn|14\n|\n|t:|1700511958\n|move|p2a: Salamence|Hurricane|p1a: Clicker\n|-crit|p1a: Clicker\n|-damage|p1a: Clicker|21\/100\n|-start|p1a: Clicker|confusion\n|-activate|p1a: Clicker|confusion\n|move|p1a: Clicker|Stealth Rock|p2a: Salamence\n|-sidestart|p2: Catbugn|move: Stealth Rock\n|\n|upkeep\n|turn|15\n|\n|t:|1700511965\n|move|p2a: Salamence|Hurricane|p1a: Clicker|[miss]\n|-miss|p2a: Salamence|p1a: Clicker\n|-end|p1a: Clicker|confusion\n|move|p1a: Clicker|Stealth Rock||[still]\n|-fail|p1a: Clicker\n|\n|upkeep\n|turn|16\n|\n|t:|1700511972\n|move|p2a: Salamence|Hurricane|p1a: Clicker\n|-damage|p1a: Clicker|0 fnt\n|faint|p1a: Clicker\n|\n|upkeep\n|\n|t:|1700511975\n|switch|p1a: Toothless|Dragapult, M|100\/100\n|turn|17\n|\n|t:|1700511981\n|switch|p2a: Blissey|Blissey, F|100\/100\n|-status|p2a: Blissey|psn\n|-damage|p2a: Blissey|88\/100 psn|[from] Spikes\n|-damage|p2a: Blissey|76\/100 psn|[from] Stealth Rock\n|move|p1a: Toothless|Dragon Darts|p2a: Blissey\n|-damage|p2a: Blissey|56\/100 psn\n|-anim|p1a: Toothless|Dragon Darts|p2a: Blissey\n|-damage|p2a: Blissey|37\/100 psn\n|\n|-heal|p2a: Blissey|43\/100 psn|[from] item: Leftovers\n|-damage|p2a: Blissey|30\/100 psn|[from] psn\n|upkeep\n|turn|18\n|\n|t:|1700511994\n|move|p1a: Toothless|Dragon Darts|p2a: Blissey\n|-crit|p2a: Blissey\n|-damage|p2a: Blissey|3\/100 psn\n|-anim|p1a: Toothless|Dragon Darts|p2a: Blissey\n|-damage|p2a: Blissey|0 fnt\n|faint|p2a: Blissey\n|\n|upkeep\n|-message|Catbugn forfeited.\n|\n|win|Steez Ibanez\n|raw|Steez Ibanez's rating: 1773 &rarr; <strong>1794<\/strong><br \/>(+21 for winning)\n|raw|Catbugn's rating: 1788 &rarr; <strong>1767<\/strong><br \/>(-21 for losing)\n|l|\u2606Catbugn\n","uploadtime":1700512007,"views":17,"p1id":"steezibanez","p2id":"catbugn","formatid":"gen9ou","rating":1767,"private":0,"password":""}