{"id":"gen9ou-1991753016","p1":"SDK04","p2":"Zapsuki","format":"[Gen 9] OU","log":"|j|\u2606SDK04\n|j|\u2606Zapsuki\n|t:|1700111305\n|gametype|singles\n|player|p1|SDK04|unknown|1647\n|player|p2|Zapsuki|serena-masters2|1724\n|teamsize|p1|6\n|teamsize|p2|6\n|gen|9\n|tier|[Gen 9] OU\n|rated|\n|rule|Sleep Clause Mod: Limit one foe put to sleep\n|rule|Species Clause: Limit one of each Pok\u00e9mon\n|rule|OHKO Clause: OHKO moves are banned\n|rule|Evasion Items Clause: Evasion items are banned\n|rule|Evasion Moves Clause: Evasion moves are banned\n|rule|Endless Battle Clause: Forcing endless battles is banned\n|rule|HP Percentage Mod: HP is shown in percentages\n|clearpoke\n|poke|p1|Ninetales-Alola, M|\n|poke|p1|Ogerpon-Wellspring, F|\n|poke|p1|Mew|\n|poke|p1|Kingambit, F|\n|poke|p1|Gholdengo|\n|poke|p1|Salamence, M|\n|poke|p2|Dragonite, F|\n|poke|p2|Garchomp, M|\n|poke|p2|Kommo-o, F|\n|poke|p2|Dragapult, M|\n|poke|p2|Tinkaton, F|\n|poke|p2|Walking Wake|\n|teampreview\n|inactive|Battle timer is ON: inactive players will automatically lose when time's up. (requested by Zapsuki)\n|\n|t:|1700111326\n|start\n|switch|p1a: cool window|Ninetales-Alola, M|100\/100\n|switch|p2a: Tinkaton|Tinkaton, F, shiny|100\/100\n|-weather|Snow|[from] ability: Snow Warning|[of] p1a: cool window\n|-ability|p2a: Tinkaton|Mold Breaker\n|turn|1\n|\n|t:|1700111329\n|move|p1a: cool window|Aurora Veil|p1a: cool window\n|-sidestart|p1: SDK04|move: Aurora Veil\n|move|p2a: Tinkaton|Knock Off|p1a: cool window\n|-resisted|p1a: cool window\n|-damage|p1a: cool window|97\/100\n|-enditem|p1a: cool window|Light Clay|[from] move: Knock Off|[of] p2a: Tinkaton\n|\n|-weather|Snow|[upkeep]\n|upkeep\n|turn|2\n|\n|t:|1700111338\n|move|p1a: cool window|Encore|p2a: Tinkaton\n|-start|p2a: Tinkaton|Encore\n|move|p2a: Tinkaton|Knock Off|p1a: cool window\n|-resisted|p1a: cool window\n|-crit|p1a: cool window\n|-damage|p1a: cool window|90\/100\n|\n|-weather|Snow|[upkeep]\n|upkeep\n|turn|3\n|\n|t:|1700111353\n|switch|p1a: I miss Himiko\u2026|Salamence, M|100\/100\n|move|p2a: Tinkaton|Knock Off|p1a: I miss Himiko\u2026\n|-damage|p1a: I miss Himiko\u2026|90\/100\n|-enditem|p1a: I miss Himiko\u2026|Heavy-Duty Boots|[from] move: Knock Off|[of] p2a: Tinkaton\n|\n|-weather|Snow|[upkeep]\n|upkeep\n|turn|4\n|inactive|Zapsuki has 120 seconds left.\n|\n|t:|1700111385\n|switch|p2a: Garchomp|Garchomp, M|100\/100\n|move|p1a: I miss Himiko\u2026|Dragon Dance|p1a: I miss Himiko\u2026\n|-boost|p1a: I miss Himiko\u2026|atk|1\n|-boost|p1a: I miss Himiko\u2026|spe|1\n|\n|-weather|Snow|[upkeep]\n|upkeep\n|turn|5\n|\n|t:|1700111405\n|move|p1a: I miss Himiko\u2026|Dragon Dance|p1a: I miss Himiko\u2026\n|-boost|p1a: I miss Himiko\u2026|atk|1\n|-boost|p1a: I miss Himiko\u2026|spe|1\n|move|p2a: Garchomp|Dragon Tail|p1a: I miss Himiko\u2026|[miss]\n|-miss|p2a: Garchomp|p1a: I miss Himiko\u2026\n|\n|-weather|none\n|upkeep\n|turn|6\n|\n|t:|1700111410\n|-terastallize|p1a: I miss Himiko\u2026|Flying\n|move|p1a: I miss Himiko\u2026|Dual Wingbeat|p2a: Garchomp\n|-crit|p2a: Garchomp\n|-damage|p2a: Garchomp|27\/100\n|-damage|p1a: I miss Himiko\u2026|78\/100|[from] ability: Rough Skin|[of] p2a: Garchomp\n|-damage|p1a: I miss Himiko\u2026|61\/100|[from] item: Rocky Helmet|[of] p2a: Garchomp\n|-damage|p2a: Garchomp|0 fnt\n|-damage|p1a: I miss Himiko\u2026|49\/100|[from] ability: Rough Skin|[of] p2a: Garchomp\n|-damage|p1a: I miss Himiko\u2026|32\/100|[from] item: Rocky Helmet|[of] p2a: Garchomp\n|faint|p2a: Garchomp\n|-ability|p1a: I miss Himiko\u2026|Moxie|boost\n|-boost|p1a: I miss Himiko\u2026|atk|1\n|-hitcount|p2: Garchomp|2\n|\n|upkeep\n|inactive|Zapsuki has 120 seconds left.\n|inactive|Zapsuki has 90 seconds left.\n|\n|t:|1700111471\n|switch|p2a: Kommo-o|Kommo-o, F|100\/100\n|turn|7\n|\n|t:|1700111477\n|-terastallize|p2a: Kommo-o|Steel\n|move|p1a: I miss Himiko\u2026|Roost|p1a: I miss Himiko\u2026\n|-heal|p1a: I miss Himiko\u2026|82\/100\n|-hint|If a Flying Terastallized Pokemon uses Roost, it remains Flying-type.\n|move|p2a: Kommo-o|Clanging Scales|p1a: I miss Himiko\u2026\n|-damage|p1a: I miss Himiko\u2026|53\/100\n|-unboost|p2a: Kommo-o|def|1\n|\n|upkeep\n|turn|8\n|\n|t:|1700111486\n|move|p1a: I miss Himiko\u2026|Roost|p1a: I miss Himiko\u2026\n|-heal|p1a: I miss Himiko\u2026|100\/100\n|-hint|If a Flying Terastallized Pokemon uses Roost, it remains Flying-type.\n|move|p2a: Kommo-o|Clanging Scales|p1a: I miss Himiko\u2026\n|-damage|p1a: I miss Himiko\u2026|72\/100\n|-unboost|p2a: Kommo-o|def|1\n|\n|-sideend|p1: SDK04|move: Aurora Veil\n|upkeep\n|turn|9\n|inactive|Zapsuki has 90 seconds left.\n|\n|t:|1700111495\n|switch|p2a: Dragonite|Dragonite, F|100\/100\n|move|p1a: I miss Himiko\u2026|Earthquake|p2a: Dragonite\n|-immune|p2a: Dragonite\n|\n|upkeep\n|turn|10\n|\n|t:|1700111506\n|move|p2a: Dragonite|Extreme Speed|p1a: I miss Himiko\u2026\n|-damage|p1a: I miss Himiko\u2026|42\/100\n|move|p1a: I miss Himiko\u2026|Dual Wingbeat|p2a: Dragonite\n|-damage|p2a: Dragonite|61\/100\n|-damage|p2a: Dragonite|0 fnt\n|faint|p2a: Dragonite\n|-ability|p1a: I miss Himiko\u2026|Moxie|boost\n|-boost|p1a: I miss Himiko\u2026|atk|1\n|-hitcount|p2: Dragonite|2\n|\n|upkeep\n|inactive|Zapsuki has 90 seconds left.\n|-message|Zapsuki forfeited.\n|\n|win|SDK04\n|raw|SDK04's rating: 1647 &rarr; <strong>1671<\/strong><br \/>(+24 for winning)\n|raw|Zapsuki's rating: 1724 &rarr; <strong>1700<\/strong><br \/>(-24 for losing)\n|l|\u2606Zapsuki\n|c|\u2606SDK04|gg\n|c|\u2606SDK04|wp\n|j| Blackjack Boi\n|j| Darth_Darkrai\n|l| Blackjack Boi\n|l| Darth_Darkrai\n|l|\u2606SDK04\n|j| Prinplup forever\n","uploadtime":1700111525,"views":12,"p1id":"sdk04","p2id":"zapsuki","formatid":"gen9ou","rating":1671,"private":0,"password":""}