{"id":"gen9ou-1995735370","p1":"Skeple14","p2":"pok3monjake","format":"[Gen 9] OU","log":"|j|\u2606Skeple14\n|j|\u2606pok3monjake\n|t:|1700598281\n|gametype|singles\n|player|p1|Skeple14|hilbert|1480\n|player|p2|pok3monjake|unknown|1516\n|teamsize|p1|6\n|teamsize|p2|6\n|gen|9\n|tier|[Gen 9] OU\n|rated|\n|rule|Sleep Clause Mod: Limit one foe put to sleep\n|rule|Species Clause: Limit one of each Pok\u00e9mon\n|rule|OHKO Clause: OHKO moves are banned\n|rule|Evasion Items Clause: Evasion items are banned\n|rule|Evasion Moves Clause: Evasion moves are banned\n|rule|Endless Battle Clause: Forcing endless battles is banned\n|rule|HP Percentage Mod: HP is shown in percentages\n|clearpoke\n|poke|p1|Iron Moth|\n|poke|p1|Zamazenta-*|\n|poke|p1|Dragonite, M|\n|poke|p1|Iron Treads|\n|poke|p1|Dragapult, M|\n|poke|p1|Thundurus-Therian, M|\n|poke|p2|Hatterene, F|\n|poke|p2|Rillaboom, M|\n|poke|p2|Hawlucha, F|\n|poke|p2|Great Tusk|\n|poke|p2|Dragapult, F|\n|poke|p2|Kingambit, M|\n|teampreview\n|inactive|Battle timer is ON: inactive players will automatically lose when time's up. (requested by pok3monjake)\n|\n|t:|1700598306\n|start\n|switch|p1a: Thundurus|Thundurus-Therian, M, shiny|100\/100\n|switch|p2a: Dragapult|Dragapult, F|100\/100\n|turn|1\n|\n|t:|1700598321\n|move|p1a: Thundurus|Volt Switch|p2a: Dragapult\n|-resisted|p2a: Dragapult\n|-damage|p2a: Dragapult|73\/100\n|\n|t:|1700598325\n|switch|p1a: Iron Treads|Iron Treads|100\/100|[from] Volt Switch\n|-enditem|p1a: Iron Treads|Booster Energy\n|-activate|p1a: Iron Treads|ability: Quark Drive|[fromitem]\n|-start|p1a: Iron Treads|quarkdrivespe\n|move|p2a: Dragapult|Draco Meteor|p1a: Iron Treads\n|-resisted|p1a: Iron Treads\n|-damage|p1a: Iron Treads|43\/100\n|-unboost|p2a: Dragapult|spa|2\n|\n|upkeep\n|turn|2\n|\n|t:|1700598342\n|switch|p2a: Great Tusk|Great Tusk|100\/100\n|move|p1a: Iron Treads|Iron Head|p2a: Great Tusk\n|-damage|p2a: Great Tusk|71\/100\n|\n|upkeep\n|turn|3\n|inactive|pok3monjake has 120 seconds left.\n|\n|t:|1700598367\n|move|p1a: Iron Treads|Iron Head|p2a: Great Tusk\n|-damage|p2a: Great Tusk|41\/100\n|move|p2a: Great Tusk|Headlong Rush|p1a: Iron Treads\n|-supereffective|p1a: Iron Treads\n|-damage|p1a: Iron Treads|0 fnt\n|-unboost|p2a: Great Tusk|def|1\n|-unboost|p2a: Great Tusk|spd|1\n|faint|p1a: Iron Treads\n|-end|p1a: Iron Treads|Quark Drive|[silent]\n|\n|upkeep\n|\n|t:|1700598390\n|switch|p1a: Dragapult|Dragapult, M, shiny|100\/100\n|turn|4\n|\n|t:|1700598402\n|move|p1a: Dragapult|Shadow Ball|p2a: Great Tusk\n|-damage|p2a: Great Tusk|0 fnt\n|faint|p2a: Great Tusk\n|-end|p2a: Great Tusk|Protosynthesis|[silent]\n|\n|upkeep\n|inactive|pok3monjake has 120 seconds left.\n|\n|t:|1700598427\n|switch|p2a: Rillaboom|Rillaboom, M|100\/100\n|-fieldstart|move: Grassy Terrain|[from] ability: Grassy Surge|[of] p2a: Rillaboom\n|turn|5\n|\n|t:|1700598437\n|switch|p1a: Mothula|Iron Moth|100\/100\n|-enditem|p1a: Mothula|Booster Energy\n|-activate|p1a: Mothula|ability: Quark Drive|[fromitem]\n|-start|p1a: Mothula|quarkdrivespe\n|move|p2a: Rillaboom|U-turn|p1a: Mothula\n|-resisted|p1a: Mothula\n|-damage|p1a: Mothula|92\/100\n|\n|t:|1700598443\n|switch|p2a: Hawlucha|Hawlucha, F|100\/100|[from] U-turn\n|-enditem|p2a: Hawlucha|Grassy Seed\n|-boost|p2a: Hawlucha|def|1|[from] item: Grassy Seed\n|\n|-heal|p1a: Mothula|98\/100|[from] Grassy Terrain\n|upkeep\n|turn|6\n|\n|t:|1700598448\n|-terastallize|p1a: Mothula|Fairy\n|move|p2a: Hawlucha|Swords Dance|p2a: Hawlucha\n|-boost|p2a: Hawlucha|atk|2\n|move|p1a: Mothula|Dazzling Gleam|p2a: Hawlucha\n|-supereffective|p2a: Hawlucha\n|-damage|p2a: Hawlucha|0 fnt\n|faint|p2a: Hawlucha\n|\n|-heal|p1a: Mothula|100\/100|[from] Grassy Terrain\n|upkeep\n|\n|t:|1700598454\n|switch|p2a: Kingambit|Kingambit, M|100\/100\n|-activate|p2a: Kingambit|ability: Supreme Overlord\n|-start|p2a: Kingambit|fallen2|[silent]\n|turn|7\n|inactive|pok3monjake has 120 seconds left.\n|\n|t:|1700598478\n|-terastallize|p2a: Kingambit|Fire\n|move|p1a: Mothula|Fiery Dance|p2a: Kingambit\n|-resisted|p2a: Kingambit\n|-damage|p2a: Kingambit|78\/100\n|move|p2a: Kingambit|Swords Dance|p2a: Kingambit\n|-boost|p2a: Kingambit|atk|2\n|\n|-heal|p2a: Kingambit|84\/100|[from] Grassy Terrain\n|-heal|p2a: Kingambit|90\/100|[from] item: Leftovers\n|upkeep\n|turn|8\n|inactive|pok3monjake has 120 seconds left.\n|\n|t:|1700598489\n|move|p1a: Mothula|Psychic|p2a: Kingambit\n|-damage|p2a: Kingambit|60\/100\n|move|p2a: Kingambit|Iron Head|p1a: Mothula\n|-supereffective|p1a: Mothula\n|-damage|p1a: Mothula|0 fnt\n|faint|p1a: Mothula\n|-end|p1a: Mothula|Quark Drive|[silent]\n|\n|-heal|p2a: Kingambit|66\/100|[from] Grassy Terrain\n|-heal|p2a: Kingambit|72\/100|[from] item: Leftovers\n|upkeep\n|\n|t:|1700598498\n|switch|p1a: Gleeok|Dragonite, M|100\/100\n|turn|9\n|\n|t:|1700598505\n|move|p1a: Gleeok|Earthquake|p2a: Kingambit\n|-supereffective|p2a: Kingambit\n|-damage|p2a: Kingambit|43\/100\n|move|p2a: Kingambit|Kowtow Cleave|p1a: Gleeok\n|-damage|p1a: Gleeok|36\/100\n|\n|-heal|p2a: Kingambit|49\/100|[from] Grassy Terrain\n|-heal|p2a: Kingambit|56\/100|[from] item: Leftovers\n|upkeep\n|turn|10\n|\n|t:|1700598515\n|move|p1a: Gleeok|Extreme Speed|p2a: Kingambit\n|-damage|p2a: Kingambit|29\/100\n|move|p2a: Kingambit|Iron Head|p1a: Gleeok\n|-damage|p1a: Gleeok|0 fnt\n|faint|p1a: Gleeok\n|\n|-heal|p2a: Kingambit|35\/100|[from] Grassy Terrain\n|-heal|p2a: Kingambit|41\/100|[from] item: Leftovers\n|upkeep\n|\n|t:|1700598524\n|switch|p1a: Hylian shield|Zamazenta, shiny|100\/100\n|-ability|p1a: Hylian shield|Dauntless Shield|boost\n|-boost|p1a: Hylian shield|def|1\n|turn|11\n|inactive|pok3monjake has 120 seconds left.\n|\n|t:|1700598556\n|-end|p2a: Kingambit|fallen2|[silent]\n|switch|p2a: Hatterene|Hatterene, F|100\/100\n|-enditem|p2a: Hatterene|Grassy Seed\n|-boost|p2a: Hatterene|def|1|[from] item: Grassy Seed\n|move|p1a: Hylian shield|Close Combat|p2a: Hatterene\n|-resisted|p2a: Hatterene\n|-damage|p2a: Hatterene|86\/100\n|-unboost|p1a: Hylian shield|def|1\n|-unboost|p1a: Hylian shield|spd|1\n|\n|-heal|p2a: Hatterene|92\/100|[from] Grassy Terrain\n|upkeep\n|turn|12\n|inactive|pok3monjake has 120 seconds left.\n|\n|t:|1700598569\n|switch|p1a: Thundurus|Thundurus-Therian, M, shiny|100\/100\n|move|p2a: Hatterene|Draining Kiss|p1a: Thundurus\n|-damage|p1a: Thundurus|70\/100\n|-heal|p2a: Hatterene|100\/100|[from] drain|[of] p1a: Thundurus\n|\n|-fieldend|move: Grassy Terrain\n|upkeep\n|turn|13\n|inactive|pok3monjake has 120 seconds left.\n|inactive|pok3monjake has 90 seconds left.\n|\n|t:|1700598625\n|switch|p2a: Rillaboom|Rillaboom, M|100\/100\n|-fieldstart|move: Grassy Terrain|[from] ability: Grassy Surge|[of] p2a: Rillaboom\n|move|p1a: Thundurus|Volt Switch|p2a: Rillaboom\n|-resisted|p2a: Rillaboom\n|-crit|p2a: Rillaboom\n|-damage|p2a: Rillaboom|60\/100\n|\n|t:|1700598632\n|switch|p1a: Dragapult|Dragapult, M, shiny|100\/100|[from] Volt Switch\n|\n|-heal|p2a: Rillaboom|66\/100|[from] Grassy Terrain\n|upkeep\n|turn|14\n|\n|t:|1700598649\n|move|p1a: Dragapult|Shadow Ball|p2a: Rillaboom\n|-damage|p2a: Rillaboom|4\/100\n|move|p2a: Rillaboom|Knock Off|p1a: Dragapult\n|-supereffective|p1a: Dragapult\n|-damage|p1a: Dragapult|6\/100\n|-enditem|p1a: Dragapult|Choice Specs|[from] move: Knock Off|[of] p2a: Rillaboom\n|\n|-heal|p1a: Dragapult|12\/100|[from] Grassy Terrain\n|-heal|p2a: Rillaboom|10\/100|[from] Grassy Terrain\n|upkeep\n|turn|15\n|\n|t:|1700598656\n|move|p2a: Rillaboom|Grassy Glide|p1a: Dragapult\n|-resisted|p1a: Dragapult\n|-damage|p1a: Dragapult|0 fnt\n|faint|p1a: Dragapult\n|\n|-heal|p2a: Rillaboom|16\/100|[from] Grassy Terrain\n|upkeep\n|\n|t:|1700598672\n|switch|p1a: Hylian shield|Zamazenta, shiny|100\/100\n|turn|16\n|inactive|pok3monjake has 90 seconds left.\n|\n|t:|1700598689\n|move|p2a: Rillaboom|Grassy Glide|p1a: Hylian shield\n|-crit|p1a: Hylian shield\n|-damage|p1a: Hylian shield|42\/100\n|move|p1a: Hylian shield|Heavy Slam|p2a: Rillaboom\n|-damage|p2a: Rillaboom|0 fnt\n|faint|p2a: Rillaboom\n|\n|-heal|p1a: Hylian shield|48\/100|[from] Grassy Terrain\n|upkeep\n|\n|t:|1700598696\n|switch|p2a: Dragapult|Dragapult, F|73\/100\n|turn|17\n|\n|t:|1700598698\n|move|p2a: Dragapult|Shadow Ball|p1a: Hylian shield\n|-damage|p1a: Hylian shield|2\/100\n|move|p1a: Hylian shield|Heavy Slam|p2a: Dragapult\n|-damage|p2a: Dragapult|4\/100\n|\n|-heal|p2a: Dragapult|10\/100|[from] Grassy Terrain\n|-heal|p1a: Hylian shield|8\/100|[from] Grassy Terrain\n|upkeep\n|turn|18\n|\n|t:|1700598717\n|move|p2a: Dragapult|Shadow Ball|p1a: Hylian shield\n|-damage|p1a: Hylian shield|0 fnt\n|faint|p1a: Hylian shield\n|\n|-heal|p2a: Dragapult|16\/100|[from] Grassy Terrain\n|upkeep\n|\n|t:|1700598718\n|switch|p1a: Thundurus|Thundurus-Therian, M, shiny|70\/100\n|turn|19\n|\n|t:|1700598721\n|move|p1a: Thundurus|Thunderbolt|p2a: Dragapult\n|-resisted|p2a: Dragapult\n|-damage|p2a: Dragapult|0 fnt\n|faint|p2a: Dragapult\n|\n|upkeep\n|inactive|pok3monjake has 120 seconds left.\n|\n|t:|1700598726\n|switch|p2a: Kingambit|Kingambit, M, tera:Fire|41\/100\n|-activate|p2a: Kingambit|ability: Supreme Overlord\n|-start|p2a: Kingambit|fallen4|[silent]\n|turn|20\n|\n|t:|1700598728\n|move|p2a: Kingambit|Sucker Punch|p1a: Thundurus\n|-damage|p1a: Thundurus|0 fnt\n|faint|p1a: Thundurus\n|\n|win|pok3monjake\n|raw|Skeple14's rating: 1480 &rarr; <strong>1462<\/strong><br \/>(-18 for losing)\n|raw|pok3monjake's rating: 1516 &rarr; <strong>1534<\/strong><br \/>(+18 for winning)\n|l|\u2606Skeple14\n","uploadtime":1700598732,"views":1,"p1id":"skeple14","p2id":"pok3monjake","formatid":"gen9ou","rating":1462,"private":0,"password":""}