{"id":"gen9ou-1995695189","p1":"Beck mendonca","p2":"TaxesAreEvil","format":"[Gen 9] OU","log":"|j|\u2606Beck mendonca\n|j|\u2606TaxesAreEvil\n|t:|1700594678\n|gametype|singles\n|player|p1|Beck mendonca|pokemonranger-gen4|1265\n|player|p2|TaxesAreEvil|backpacker|1169\n|teamsize|p1|6\n|teamsize|p2|6\n|gen|9\n|tier|[Gen 9] OU\n|rated|\n|rule|Sleep Clause Mod: Limit one foe put to sleep\n|rule|Species Clause: Limit one of each Pok\u00e9mon\n|rule|OHKO Clause: OHKO moves are banned\n|rule|Evasion Items Clause: Evasion items are banned\n|rule|Evasion Moves Clause: Evasion moves are banned\n|rule|Endless Battle Clause: Forcing endless battles is banned\n|rule|HP Percentage Mod: HP is shown in percentages\n|clearpoke\n|poke|p1|Enamorus, F|\n|poke|p1|Salazzle, F|\n|poke|p1|Hoopa-Unbound|\n|poke|p1|Corviknight, F|\n|poke|p1|Garganacl, M|\n|poke|p1|Sinistcha-Masterpiece|\n|poke|p2|Eiscue, M|\n|poke|p2|Crawdaunt, F|\n|poke|p2|Ninetales-Alola, M|\n|poke|p2|Slowking-Galar, F|\n|poke|p2|Corviknight, F|\n|poke|p2|Garchomp, M|\n|teampreview\n|inactive|Battle timer is ON: inactive players will automatically lose when time's up. (requested by Beck mendonca)\n|\n|t:|1700594689\n|start\n|switch|p1a: Garganacl|Garganacl, M|100\/100\n|switch|p2a: Slowking|Slowking-Galar, F|100\/100\n|turn|1\n|\n|t:|1700594699\n|move|p1a: Garganacl|Stealth Rock|p2a: Slowking\n|-sidestart|p2: TaxesAreEvil|move: Stealth Rock\n|move|p2a: Slowking|Focus Blast|p1a: Garganacl|[miss]\n|-miss|p2a: Slowking|p1a: Garganacl\n|\n|upkeep\n|turn|2\n|\n|t:|1700594707\n|move|p1a: Garganacl|Earthquake|p2a: Slowking\n|-supereffective|p2a: Slowking\n|-damage|p2a: Slowking|48\/100\n|move|p2a: Slowking|Focus Blast|p1a: Garganacl\n|-supereffective|p1a: Garganacl\n|-damage|p1a: Garganacl|28\/100\n|\n|-heal|p1a: Garganacl|34\/100|[from] item: Leftovers\n|upkeep\n|turn|3\n|\n|t:|1700594719\n|-terastallize|p2a: Slowking|Water\n|move|p1a: Garganacl|Salt Cure|p2a: Slowking\n|-damage|p2a: Slowking|33\/100\n|-start|p2a: Slowking|Salt Cure\n|move|p2a: Slowking|Surf|p1a: Garganacl\n|-supereffective|p1a: Garganacl\n|-damage|p1a: Garganacl|0 fnt\n|faint|p1a: Garganacl\n|\n|-damage|p2a: Slowking|9\/100|[from] Salt Cure\n|upkeep\n|\n|t:|1700594739\n|switch|p1a: Enamorus|Enamorus, F|100\/100\n|turn|4\n|\n|t:|1700594744\n|switch|p2a: Corviknight|Corviknight, F|100\/100\n|-damage|p2a: Corviknight|88\/100|[from] Stealth Rock\n|-ability|p2a: Corviknight|Pressure\n|move|p1a: Enamorus|Moonblast|p2a: Corviknight\n|-resisted|p2a: Corviknight\n|-damage|p2a: Corviknight|70\/100\n|\n|upkeep\n|turn|5\n|\n|t:|1700594754\n|switch|p1a: Salazzle|Salazzle, F|100\/100\n|move|p2a: Corviknight|Defog|p1a: Salazzle\n|-unboost|p1a: Salazzle|evasion|1\n|-sideend|p2: TaxesAreEvil|Stealth Rock|[from] move: Defog|[of] p2a: Corviknight\n|\n|upkeep\n|turn|6\n|\n|t:|1700594762\n|switch|p2a: Garchomp|Garchomp, M|100\/100\n|move|p1a: Salazzle|Substitute|p1a: Salazzle\n|-start|p1a: Salazzle|Substitute\n|-damage|p1a: Salazzle|75\/100\n|\n|-heal|p1a: Salazzle|82\/100|[from] item: Leftovers\n|upkeep\n|turn|7\n|\n|t:|1700594772\n|move|p1a: Salazzle|Toxic|p2a: Garchomp\n|-status|p2a: Garchomp|tox\n|move|p2a: Garchomp|Earthquake|p1a: Salazzle\n|-supereffective|p1a: Salazzle\n|-end|p1a: Salazzle|Substitute\n|\n|-heal|p1a: Salazzle|88\/100|[from] item: Leftovers\n|-damage|p2a: Garchomp|94\/100 tox|[from] psn\n|upkeep\n|turn|8\n|\n|t:|1700594787\n|switch|p2a: Crawdaunt|Crawdaunt, F|100\/100\n|move|p1a: Salazzle|Substitute|p1a: Salazzle\n|-start|p1a: Salazzle|Substitute\n|-damage|p1a: Salazzle|63\/100\n|\n|-heal|p1a: Salazzle|69\/100|[from] item: Leftovers\n|upkeep\n|turn|9\n|\n|t:|1700594797\n|move|p2a: Crawdaunt|Aqua Jet|p1a: Salazzle\n|-supereffective|p1a: Salazzle\n|-end|p1a: Salazzle|Substitute\n|move|p1a: Salazzle|Toxic|p2a: Crawdaunt\n|-status|p2a: Crawdaunt|tox\n|\n|-heal|p1a: Salazzle|75\/100|[from] item: Leftovers\n|-damage|p2a: Crawdaunt|94\/100 tox|[from] psn\n|upkeep\n|turn|10\n|\n|t:|1700594808\n|move|p1a: Salazzle|Protect|p1a: Salazzle\n|-singleturn|p1a: Salazzle|Protect\n|move|p2a: Crawdaunt|Aqua Jet|p1a: Salazzle\n|-activate|p1a: Salazzle|move: Protect\n|\n|-heal|p1a: Salazzle|81\/100|[from] item: Leftovers\n|-damage|p2a: Crawdaunt|82\/100 tox|[from] psn\n|upkeep\n|turn|11\n|\n|t:|1700594818\n|switch|p1a: Corviknight|Corviknight, F|100\/100\n|move|p2a: Crawdaunt|Aqua Jet|p1a: Corviknight\n|-damage|p1a: Corviknight|76\/100\n|-damage|p2a: Crawdaunt|66\/100 tox|[from] item: Rocky Helmet|[of] p1a: Corviknight\n|\n|-damage|p2a: Crawdaunt|47\/100 tox|[from] psn\n|upkeep\n|turn|12\n|\n|t:|1700594829\n|move|p1a: Corviknight|Roost|p1a: Corviknight\n|-heal|p1a: Corviknight|100\/100\n|-singleturn|p1a: Corviknight|move: Roost\n|move|p2a: Crawdaunt|Knock Off|p1a: Corviknight\n|-damage|p1a: Corviknight|44\/100\n|-damage|p2a: Crawdaunt|31\/100 tox|[from] item: Rocky Helmet|[of] p1a: Corviknight\n|-enditem|p1a: Corviknight|Rocky Helmet|[from] move: Knock Off|[of] p2a: Crawdaunt\n|\n|-damage|p2a: Crawdaunt|7\/100 tox|[from] psn\n|upkeep\n|turn|13\n|\n|t:|1700594850\n|move|p1a: Corviknight|Roost|p1a: Corviknight\n|-heal|p1a: Corviknight|94\/100\n|-singleturn|p1a: Corviknight|move: Roost\n|move|p2a: Crawdaunt|Crabhammer|p1a: Corviknight\n|-damage|p1a: Corviknight|39\/100\n|\n|-damage|p2a: Crawdaunt|0 fnt|[from] psn\n|faint|p2a: Crawdaunt\n|upkeep\n|\n|t:|1700594865\n|switch|p2a: Slowking|Slowking-Galar, F, tera:Water|42\/100\n|turn|14\n|\n|t:|1700594877\n|move|p1a: Corviknight|Roost|p1a: Corviknight\n|-heal|p1a: Corviknight|89\/100\n|-singleturn|p1a: Corviknight|move: Roost\n|move|p2a: Slowking|Flamethrower|p1a: Corviknight\n|-supereffective|p1a: Corviknight\n|-damage|p1a: Corviknight|44\/100\n|\n|upkeep\n|turn|15\n|\n|t:|1700594895\n|switch|p1a: Salazzle|Salazzle, F|81\/100\n|move|p2a: Slowking|Flamethrower|p1a: Salazzle\n|-resisted|p1a: Salazzle\n|-crit|p1a: Salazzle\n|-damage|p1a: Salazzle|45\/100\n|\n|-heal|p1a: Salazzle|51\/100|[from] item: Leftovers\n|upkeep\n|turn|16\n|\n|t:|1700594906\n|switch|p1a: Sinistcha|Sinistcha-Masterpiece|100\/100\n|switch|p2a: Garchomp|Garchomp, M|94\/100 tox\n|\n|-heal|p2a: Garchomp|100\/100 tox|[from] item: Leftovers\n|-damage|p2a: Garchomp|94\/100 tox|[from] psn\n|upkeep\n|turn|17\n|\n|t:|1700594921\n|move|p2a: Garchomp|Stealth Rock|p1a: Sinistcha\n|-sidestart|p1: Beck mendonca|move: Stealth Rock\n|move|p1a: Sinistcha|Strength Sap|p2a: Garchomp\n|-unboost|p2a: Garchomp|atk|1\n|\n|-heal|p2a: Garchomp|100\/100 tox|[from] item: Leftovers\n|-damage|p2a: Garchomp|88\/100 tox|[from] psn\n|upkeep\n|turn|18\n|\n|t:|1700594931\n|move|p1a: Sinistcha|Calm Mind|p1a: Sinistcha\n|-boost|p1a: Sinistcha|spa|1\n|-boost|p1a: Sinistcha|spd|1\n|move|p2a: Garchomp|Dragon Tail|p1a: Sinistcha|[miss]\n|-miss|p2a: Garchomp|p1a: Sinistcha\n|\n|-heal|p2a: Garchomp|94\/100 tox|[from] item: Leftovers\n|-damage|p2a: Garchomp|76\/100 tox|[from] psn\n|upkeep\n|turn|19\n|\n|t:|1700594943\n|move|p1a: Sinistcha|Matcha Gotcha|p2a: Garchomp\n|-damage|p2a: Garchomp|19\/100 tox\n|move|p2a: Garchomp|Dragon Tail|p1a: Sinistcha\n|-damage|p1a: Sinistcha|85\/100\n|drag|p1a: Corviknight|Corviknight, F|44\/100\n|-damage|p1a: Corviknight|31\/100|[from] Stealth Rock\n|\n|-heal|p2a: Garchomp|25\/100 tox|[from] item: Leftovers\n|-damage|p2a: Garchomp|0 fnt|[from] psn\n|faint|p2a: Garchomp\n|upkeep\n|\n|t:|1700594961\n|switch|p2a: Eiscue|Eiscue, M|100\/100\n|turn|20\n|\n|t:|1700594968\n|move|p2a: Eiscue|Belly Drum|p2a: Eiscue\n|-damage|p2a: Eiscue|51\/100\n|-setboost|p2a: Eiscue|atk|6|[from] move: Belly Drum\n|move|p1a: Corviknight|U-turn|p2a: Eiscue\n|-activate|p2a: Eiscue|ability: Ice Face\n|-damage|p2a: Eiscue|51\/100\n|detailschange|p2a: Eiscue|Eiscue-Noice, M\n|inactive|Beck mendonca has 120 seconds left.\n|\n|t:|1700595001\n|switch|p1a: Enamorus|Enamorus, F|100\/100|[from] U-turn\n|\n|upkeep\n|turn|21\n|inactive|Beck mendonca has 120 seconds left.\n|\n|t:|1700595008\n|move|p2a: Eiscue|Icicle Spear|p1a: Enamorus\n|-supereffective|p1a: Enamorus\n|-damage|p1a: Enamorus|0 fnt\n|faint|p1a: Enamorus\n|-hitcount|p1: Enamorus|1\n|\n|upkeep\n|inactive|Beck mendonca has 120 seconds left.\n|\n|t:|1700595016\n|switch|p1a: Hoopa|Hoopa-Unbound|100\/100\n|-damage|p1a: Hoopa|88\/100|[from] Stealth Rock\n|turn|22\n|\n|t:|1700595023\n|move|p2a: Eiscue|Icicle Spear|p1a: Hoopa\n|-damage|p1a: Hoopa|25\/100\n|-damage|p1a: Hoopa|0 fnt\n|faint|p1a: Hoopa\n|-hitcount|p1: Hoopa|2\n|\n|upkeep\n|-message|Beck mendonca forfeited.\n|\n|win|TaxesAreEvil\n|raw|Beck mendonca's rating: 1265 &rarr; <strong>1233<\/strong><br \/>(-32 for losing)\n|raw|TaxesAreEvil's rating: 1169 &rarr; <strong>1201<\/strong><br \/>(+32 for winning)\n|l|\u2606Beck mendonca\n","uploadtime":1700595036,"views":8,"p1id":"beckmendonca","p2id":"taxesareevil","formatid":"gen9ou","rating":1201,"private":0,"password":""}