{"id":"gen9ou-1996126551","p1":"ruhan0909090","p2":"GayBlueRabbit","format":"[Gen 9] OU","log":"|j|\u2606ruhan0909090\n|j|\u2606GayBlueRabbit\n|t:|1700648186\n|gametype|singles\n|player|p1|ruhan0909090|169|1266\n|player|p2|GayBlueRabbit|lusamine-nihilego|1282\n|teamsize|p1|6\n|teamsize|p2|6\n|gen|9\n|tier|[Gen 9] OU\n|rated|\n|rule|Sleep Clause Mod: Limit one foe put to sleep\n|rule|Species Clause: Limit one of each Pok\u00e9mon\n|rule|OHKO Clause: OHKO moves are banned\n|rule|Evasion Items Clause: Evasion items are banned\n|rule|Evasion Moves Clause: Evasion moves are banned\n|rule|Endless Battle Clause: Forcing endless battles is banned\n|rule|HP Percentage Mod: HP is shown in percentages\n|clearpoke\n|poke|p1|Samurott-Hisui, M|\n|poke|p1|Great Tusk|\n|poke|p1|Gholdengo|\n|poke|p1|Zapdos|\n|poke|p1|Glimmora, F|\n|poke|p1|Kingambit, F|\n|poke|p2|Azumarill, F|\n|poke|p2|Ogerpon-Wellspring, F|\n|poke|p2|Hatterene, F|\n|poke|p2|Dragapult, M|\n|poke|p2|Kingambit, F|\n|poke|p2|Landorus-Therian, M|\n|teampreview\n|j| dtimez\n|\n|t:|1700648198\n|start\n|switch|p1a: Samurott|Samurott-Hisui, M|100\/100\n|switch|p2a: Dragapult|Dragapult, M|100\/100\n|turn|1\n|inactive|Battle timer is ON: inactive players will automatically lose when time's up. (requested by GayBlueRabbit)\n|\n|t:|1700648206\n|switch|p2a: Landorus|Landorus-Therian, M|100\/100\n|-ability|p2a: Landorus|Intimidate|boost\n|-unboost|p1a: Samurott|atk|1\n|move|p1a: Samurott|Ceaseless Edge|p2a: Landorus\n|-damage|p2a: Landorus|75\/100\n|-sidestart|p2: GayBlueRabbit|Spikes\n|\n|-heal|p2a: Landorus|81\/100|[from] item: Leftovers\n|upkeep\n|turn|2\n|\n|t:|1700648215\n|move|p1a: Samurott|Swords Dance|p1a: Samurott\n|-boost|p1a: Samurott|atk|2\n|move|p2a: Landorus|U-turn|p1a: Samurott\n|-supereffective|p1a: Samurott\n|-damage|p1a: Samurott|44\/100\n|\n|t:|1700648227\n|switch|p2a: Ogerpon|Ogerpon-Wellspring, F|100\/100|[from] U-turn\n|-damage|p2a: Ogerpon|88\/100|[from] Spikes\n|\n|upkeep\n|turn|3\n|\n|t:|1700648233\n|move|p2a: Ogerpon|Wood Hammer|p1a: Samurott\n|-supereffective|p1a: Samurott\n|-damage|p1a: Samurott|0 fnt\n|faint|p1a: Samurott\n|-damage|p2a: Ogerpon|73\/100|[from] Recoil\n|\n|upkeep\n|\n|t:|1700648256\n|switch|p1a: Kingambit|Kingambit, F|100\/100\n|-activate|p1a: Kingambit|ability: Supreme Overlord\n|-start|p1a: Kingambit|fallen1|[silent]\n|turn|4\n|\n|t:|1700648261\n|move|p2a: Ogerpon|Swords Dance|p2a: Ogerpon\n|-boost|p2a: Ogerpon|atk|2\n|move|p1a: Kingambit|Swords Dance|p1a: Kingambit\n|-boost|p1a: Kingambit|atk|2\n|\n|upkeep\n|turn|5\n|\n|t:|1700648267\n|move|p1a: Kingambit|Sucker Punch||[still]\n|-fail|p1a: Kingambit\n|move|p2a: Ogerpon|Swords Dance|p2a: Ogerpon\n|-boost|p2a: Ogerpon|atk|2\n|\n|upkeep\n|turn|6\n|\n|t:|1700648272\n|move|p1a: Kingambit|Sucker Punch||[still]\n|-fail|p1a: Kingambit\n|move|p2a: Ogerpon|Swords Dance|p2a: Ogerpon\n|-boost|p2a: Ogerpon|atk|2\n|\n|upkeep\n|turn|7\n|\n|t:|1700648277\n|move|p1a: Kingambit|Sucker Punch||[still]\n|-fail|p1a: Kingambit\n|move|p2a: Ogerpon|Swords Dance|p2a: Ogerpon\n|-boost|p2a: Ogerpon|atk|0\n|\n|upkeep\n|turn|8\n|\n|t:|1700648282\n|move|p1a: Kingambit|Sucker Punch||[still]\n|-fail|p1a: Kingambit\n|move|p2a: Ogerpon|Swords Dance|p2a: Ogerpon\n|-boost|p2a: Ogerpon|atk|0\n|\n|upkeep\n|turn|9\n|\n|t:|1700648288\n|move|p2a: Ogerpon|Swords Dance|p2a: Ogerpon\n|-boost|p2a: Ogerpon|atk|0\n|move|p1a: Kingambit|Kowtow Cleave|p2a: Ogerpon\n|-damage|p2a: Ogerpon|0 fnt\n|faint|p2a: Ogerpon\n|\n|upkeep\n|\n|t:|1700648295\n|switch|p2a: Landorus|Landorus-Therian, M|81\/100\n|-ability|p2a: Landorus|Intimidate|boost\n|-unboost|p1a: Kingambit|atk|1\n|turn|10\n|\n|t:|1700648307\n|-terastallize|p1a: Kingambit|Flying\n|move|p2a: Landorus|Earthquake|p1a: Kingambit\n|-immune|p1a: Kingambit\n|move|p1a: Kingambit|Swords Dance|p1a: Kingambit\n|-boost|p1a: Kingambit|atk|2\n|\n|-heal|p2a: Landorus|87\/100|[from] item: Leftovers\n|upkeep\n|turn|11\n|\n|t:|1700648320\n|move|p2a: Landorus|U-turn|p1a: Kingambit\n|-resisted|p1a: Kingambit\n|-damage|p1a: Kingambit|92\/100\n|\n|t:|1700648331\n|switch|p2a: Dragapult|Dragapult, M|100\/100|[from] U-turn\n|move|p1a: Kingambit|Iron Head|p2a: Dragapult\n|-damage|p2a: Dragapult|0 fnt\n|faint|p2a: Dragapult\n|\n|-heal|p1a: Kingambit|98\/100|[from] item: Leftovers\n|upkeep\n|\n|t:|1700648337\n|switch|p2a: Kingambit|Kingambit, F|100\/100\n|-damage|p2a: Kingambit|88\/100|[from] Spikes\n|-activate|p2a: Kingambit|ability: Supreme Overlord\n|-start|p2a: Kingambit|fallen2|[silent]\n|turn|12\n|\n|t:|1700648347\n|move|p2a: Kingambit|Sucker Punch|p1a: Kingambit\n|-damage|p1a: Kingambit|52\/100\n|-damage|p2a: Kingambit|78\/100|[from] item: Life Orb\n|move|p1a: Kingambit|Kowtow Cleave|p2a: Kingambit\n|-resisted|p2a: Kingambit\n|-damage|p2a: Kingambit|14\/100\n|\n|-heal|p1a: Kingambit|58\/100|[from] item: Leftovers\n|upkeep\n|turn|13\n|\n|t:|1700648362\n|move|p2a: Kingambit|Sucker Punch|p1a: Kingambit\n|-damage|p1a: Kingambit|15\/100\n|-damage|p2a: Kingambit|4\/100|[from] item: Life Orb\n|move|p1a: Kingambit|Iron Head|p2a: Kingambit\n|-resisted|p2a: Kingambit\n|-damage|p2a: Kingambit|0 fnt\n|faint|p2a: Kingambit\n|-end|p2a: Kingambit|fallen2|[silent]\n|\n|-heal|p1a: Kingambit|21\/100|[from] item: Leftovers\n|upkeep\n|\n|t:|1700648365\n|switch|p2a: Azumarill|Azumarill, F|100\/100\n|-damage|p2a: Azumarill|88\/100|[from] Spikes\n|turn|14\n|\n|t:|1700648379\n|move|p2a: Azumarill|Aqua Jet|p1a: Kingambit\n|-damage|p1a: Kingambit|1\/100\n|move|p1a: Kingambit|Sucker Punch||[still]\n|-fail|p1a: Kingambit\n|\n|-heal|p1a: Kingambit|7\/100|[from] item: Leftovers\n|upkeep\n|turn|15\n|\n|t:|1700648397\n|-end|p1a: Kingambit|fallen1|[silent]\n|switch|p1a: Zapdos|Zapdos|100\/100\n|-ability|p1a: Zapdos|Pressure\n|move|p2a: Azumarill|Aqua Jet|p1a: Zapdos\n|-damage|p1a: Zapdos|74\/100\n|\n|upkeep\n|turn|16\n|l| dtimez\n|\n|t:|1700648407\n|switch|p2a: Landorus|Landorus-Therian, M|87\/100\n|-ability|p2a: Landorus|Intimidate|boost\n|-unboost|p1a: Zapdos|atk|1\n|move|p1a: Zapdos|Hurricane|p2a: Landorus\n|-damage|p2a: Landorus|25\/100\n|\n|-heal|p2a: Landorus|31\/100|[from] item: Leftovers\n|upkeep\n|turn|17\n|c|\u2606GayBlueRabbit|Kingambit is absolutely preposterous lmao\n|\n|t:|1700648417\n|move|p1a: Zapdos|Hurricane|p2a: Landorus\n|-crit|p2a: Landorus\n|-damage|p2a: Landorus|0 fnt\n|faint|p2a: Landorus\n|\n|upkeep\n|\n|t:|1700648419\n|switch|p2a: Hatterene|Hatterene, F|100\/100\n|-damage|p2a: Hatterene|88\/100|[from] Spikes\n|turn|18\n|\n|t:|1700648425\n|move|p1a: Zapdos|Volt Switch|p2a: Hatterene\n|-damage|p2a: Hatterene|59\/100\n|\n|t:|1700648428\n|switch|p1a: Kingambit|Kingambit, F, tera:Flying|7\/100|[from] Volt Switch\n|-activate|p1a: Kingambit|ability: Supreme Overlord\n|-start|p1a: Kingambit|fallen1|[silent]\n|move|p2a: Hatterene|Draining Kiss|p1a: Kingambit\n|-damage|p1a: Kingambit|0 fnt\n|-heal|p2a: Hatterene|66\/100|[from] drain|[of] p1a: Kingambit\n|faint|p1a: Kingambit\n|-end|p1a: Kingambit|fallen1|[silent]\n|\n|-heal|p2a: Hatterene|72\/100|[from] item: Leftovers\n|upkeep\n|\n|t:|1700648439\n|switch|p1a: Gholdengo|Gholdengo|100\/100\n|turn|19\n|\n|t:|1700648442\n|move|p1a: Gholdengo|Shadow Ball|p2a: Hatterene\n|-supereffective|p2a: Hatterene\n|-damage|p2a: Hatterene|11\/100\n|move|p2a: Hatterene|Mystical Fire|p1a: Gholdengo\n|-supereffective|p1a: Gholdengo\n|-damage|p1a: Gholdengo|45\/100\n|-unboost|p1a: Gholdengo|spa|1\n|\n|-heal|p2a: Hatterene|17\/100|[from] item: Leftovers\n|upkeep\n|turn|20\n|\n|t:|1700648452\n|move|p1a: Gholdengo|Shadow Ball|p2a: Hatterene\n|-supereffective|p2a: Hatterene\n|-damage|p2a: Hatterene|0 fnt\n|faint|p2a: Hatterene\n|\n|upkeep\n|\n|t:|1700648454\n|switch|p2a: Azumarill|Azumarill, F|88\/100\n|-damage|p2a: Azumarill|76\/100|[from] Spikes\n|turn|21\n|\n|t:|1700648461\n|switch|p1a: Glimmora|Glimmora, F|100\/100\n|-terastallize|p2a: Azumarill|Steel\n|move|p2a: Azumarill|Belly Drum|p2a: Azumarill\n|-damage|p2a: Azumarill|26\/100\n|-setboost|p2a: Azumarill|atk|6|[from] move: Belly Drum\n|-enditem|p2a: Azumarill|Sitrus Berry|[eat]\n|-heal|p2a: Azumarill|51\/100|[from] item: Sitrus Berry\n|\n|upkeep\n|turn|22\n|\n|t:|1700648476\n|move|p2a: Azumarill|Aqua Jet|p1a: Glimmora\n|-supereffective|p1a: Glimmora\n|-enditem|p1a: Glimmora|Focus Sash\n|-damage|p1a: Glimmora|1\/100\n|-activate|p1a: Glimmora|ability: Toxic Debris\n|-sidestart|p2: GayBlueRabbit|move: Toxic Spikes\n|move|p1a: Glimmora|Power Gem|p2a: Azumarill\n|-resisted|p2a: Azumarill\n|-damage|p2a: Azumarill|29\/100\n|\n|upkeep\n|turn|23\n|\n|t:|1700648487\n|move|p2a: Azumarill|Aqua Jet|p1a: Glimmora\n|-supereffective|p1a: Glimmora\n|-damage|p1a: Glimmora|0 fnt\n|-activate|p1a: Glimmora|ability: Toxic Debris\n|-sidestart|p2: GayBlueRabbit|move: Toxic Spikes\n|faint|p1a: Glimmora\n|\n|upkeep\n|\n|t:|1700648494\n|switch|p1a: Zapdos|Zapdos|74\/100\n|-ability|p1a: Zapdos|Pressure\n|turn|24\n|\n|t:|1700648500\n|move|p2a: Azumarill|Aqua Jet|p1a: Zapdos\n|-damage|p1a: Zapdos|0 fnt\n|faint|p1a: Zapdos\n|\n|upkeep\n|\n|t:|1700648507\n|switch|p1a: Great Tusk|Great Tusk|100\/100\n|-enditem|p1a: Great Tusk|Booster Energy\n|-activate|p1a: Great Tusk|ability: Protosynthesis|[fromitem]\n|-start|p1a: Great Tusk|protosynthesisatk\n|turn|25\n|\n|t:|1700648519\n|move|p2a: Azumarill|Aqua Jet|p1a: Great Tusk\n|-supereffective|p1a: Great Tusk\n|-damage|p1a: Great Tusk|0 fnt\n|faint|p1a: Great Tusk\n|-end|p1a: Great Tusk|Protosynthesis|[silent]\n|\n|upkeep\n|\n|t:|1700648523\n|switch|p1a: Gholdengo|Gholdengo|45\/100\n|turn|26\n|\n|t:|1700648527\n|move|p2a: Azumarill|Aqua Jet|p1a: Gholdengo\n|-damage|p1a: Gholdengo|0 fnt\n|faint|p1a: Gholdengo\n|\n|win|GayBlueRabbit\n|raw|ruhan0909090's rating: 1266 &rarr; <strong>1242<\/strong><br \/>(-24 for losing)\n|raw|GayBlueRabbit's rating: 1282 &rarr; <strong>1306<\/strong><br \/>(+24 for winning)\n|c|\u2606GayBlueRabbit|gg\n|l|\u2606ruhan0909090\n","uploadtime":1700648539,"views":1,"p1id":"ruhan0909090","p2id":"gaybluerabbit","formatid":"gen9ou","rating":1242,"private":0,"password":""}