{"id":"gen9ou-1994981953","p1":"no more freeze","p2":"MouseG","format":"[Gen 9] OU","log":"|j|\u2606no more freeze\n|j|\u2606MouseG\n|t:|1700510275\n|gametype|singles\n|player|p1|no more freeze|169|1578\n|player|p2|MouseG|battlegirl|1560\n|teamsize|p1|6\n|teamsize|p2|6\n|gen|9\n|tier|[Gen 9] OU\n|rated|\n|rule|Sleep Clause Mod: Limit one foe put to sleep\n|rule|Species Clause: Limit one of each Pok\u00e9mon\n|rule|OHKO Clause: OHKO moves are banned\n|rule|Evasion Items Clause: Evasion items are banned\n|rule|Evasion Moves Clause: Evasion moves are banned\n|rule|Endless Battle Clause: Forcing endless battles is banned\n|rule|HP Percentage Mod: HP is shown in percentages\n|clearpoke\n|poke|p1|Ribombee, F|\n|poke|p1|Iron Moth|\n|poke|p1|Ogerpon-Wellspring, F|\n|poke|p1|Great Tusk|\n|poke|p1|Gholdengo|\n|poke|p1|Salamence, M|\n|poke|p2|Kingambit, F|\n|poke|p2|Ceruledge, F|\n|poke|p2|Iron Valiant|\n|poke|p2|Cinderace, F|\n|poke|p2|Slowking-Galar, F|\n|poke|p2|Ditto|\n|teampreview\n|inactive|Battle timer is ON: inactive players will automatically lose when time's up. (requested by no more freeze)\n|inactive|MouseG also wants the timer to be on.\n|\n|t:|1700510310\n|start\n|switch|p1a: Ribombee|Ribombee, F|100\/100\n|switch|p2a: Slowking|Slowking-Galar, F|100\/100\n|turn|1\n|inactive|MouseG has 120 seconds left.\n|\n|t:|1700510347\n|move|p1a: Ribombee|Stun Spore|p2a: Slowking\n|-status|p2a: Slowking|par\n|move|p2a: Slowking|Calm Mind|p2a: Slowking\n|-boost|p2a: Slowking|spa|1\n|-boost|p2a: Slowking|spd|1\n|\n|upkeep\n|turn|2\n|\n|t:|1700510354\n|move|p1a: Ribombee|Skill Swap|p2a: Slowking\n|-activate|p1a: Ribombee|move: Skill Swap|Regenerator|Shield Dust|[of] p2a: Slowking\n|move|p2a: Slowking|Iron Defense|p2a: Slowking\n|-boost|p2a: Slowking|def|2\n|\n|upkeep\n|turn|3\n|\n|t:|1700510365\n|switch|p1a: Gholdengo|Gholdengo|100\/100\n|-item|p1a: Gholdengo|Air Balloon\n|move|p2a: Slowking|Stored Power|p1a: Gholdengo\n|-resisted|p1a: Gholdengo\n|-damage|p1a: Gholdengo|67\/100\n|-enditem|p1a: Gholdengo|Air Balloon\n|\n|upkeep\n|turn|4\n|\n|t:|1700510377\n|-terastallize|p2a: Slowking|Water\n|move|p1a: Gholdengo|Nasty Plot|p1a: Gholdengo\n|-boost|p1a: Gholdengo|spa|2\n|move|p2a: Slowking|Calm Mind|p2a: Slowking\n|-boost|p2a: Slowking|spa|1\n|-boost|p2a: Slowking|spd|1\n|\n|upkeep\n|turn|5\n|\n|t:|1700510383\n|move|p1a: Gholdengo|Shadow Ball|p2a: Slowking\n|-damage|p2a: Slowking|65\/100 par\n|move|p2a: Slowking|Calm Mind|p2a: Slowking\n|-boost|p2a: Slowking|spa|1\n|-boost|p2a: Slowking|spd|1\n|\n|-heal|p2a: Slowking|71\/100 par|[from] item: Leftovers\n|upkeep\n|turn|6\n|\n|t:|1700510389\n|move|p1a: Gholdengo|Shadow Ball|p2a: Slowking\n|-damage|p2a: Slowking|46\/100 par\n|move|p2a: Slowking|Slack Off|p2a: Slowking\n|-heal|p2a: Slowking|96\/100 par\n|\n|-heal|p2a: Slowking|100\/100 par|[from] item: Leftovers\n|upkeep\n|turn|7\n|\n|t:|1700510399\n|move|p1a: Gholdengo|Nasty Plot|p1a: Gholdengo\n|-boost|p1a: Gholdengo|spa|2\n|move|p2a: Slowking|Stored Power|p1a: Gholdengo\n|-resisted|p1a: Gholdengo\n|-damage|p1a: Gholdengo|0 fnt\n|faint|p1a: Gholdengo\n|\n|upkeep\n|\n|t:|1700510403\n|switch|p1a: Ogerpon|Ogerpon-Wellspring, F|100\/100\n|turn|8\n|\n|t:|1700510423\n|move|p1a: Ogerpon|Power Whip|p2a: Slowking\n|-supereffective|p2a: Slowking\n|-damage|p2a: Slowking|44\/100 par\n|move|p2a: Slowking|Stored Power|p1a: Ogerpon\n|-damage|p1a: Ogerpon|0 fnt\n|faint|p1a: Ogerpon\n|\n|-heal|p2a: Slowking|50\/100 par|[from] item: Leftovers\n|upkeep\n|\n|t:|1700510431\n|switch|p1a: Iron Moth|Iron Moth|100\/100\n|-enditem|p1a: Iron Moth|Booster Energy\n|-activate|p1a: Iron Moth|ability: Quark Drive|[fromitem]\n|-start|p1a: Iron Moth|quarkdrivespa\n|turn|9\n|\n|t:|1700510439\n|move|p1a: Iron Moth|Energy Ball|p2a: Slowking\n|-supereffective|p2a: Slowking\n|-damage|p2a: Slowking|24\/100 par\n|move|p2a: Slowking|Slack Off|p2a: Slowking\n|-heal|p2a: Slowking|74\/100 par\n|\n|-heal|p2a: Slowking|80\/100 par|[from] item: Leftovers\n|upkeep\n|turn|10\n|\n|t:|1700510450\n|move|p1a: Iron Moth|Energy Ball|p2a: Slowking\n|-supereffective|p2a: Slowking\n|-damage|p2a: Slowking|53\/100 par\n|cant|p2a: Slowking|par\n|\n|-heal|p2a: Slowking|59\/100 par|[from] item: Leftovers\n|upkeep\n|turn|11\n|\n|t:|1700510457\n|move|p1a: Iron Moth|Energy Ball|p2a: Slowking\n|-supereffective|p2a: Slowking\n|-damage|p2a: Slowking|36\/100 par\n|move|p2a: Slowking|Slack Off|p2a: Slowking\n|-heal|p2a: Slowking|86\/100 par\n|\n|-heal|p2a: Slowking|92\/100 par|[from] item: Leftovers\n|upkeep\n|turn|12\n|\n|t:|1700510460\n|move|p1a: Iron Moth|Energy Ball|p2a: Slowking\n|-supereffective|p2a: Slowking\n|-damage|p2a: Slowking|69\/100 par\n|cant|p2a: Slowking|par\n|\n|-heal|p2a: Slowking|75\/100 par|[from] item: Leftovers\n|upkeep\n|turn|13\n|\n|t:|1700510470\n|move|p1a: Iron Moth|Energy Ball|p2a: Slowking\n|-supereffective|p2a: Slowking\n|-damage|p2a: Slowking|50\/100 par\n|move|p2a: Slowking|Calm Mind|p2a: Slowking\n|-boost|p2a: Slowking|spa|1\n|-boost|p2a: Slowking|spd|1\n|\n|-heal|p2a: Slowking|56\/100 par|[from] item: Leftovers\n|upkeep\n|turn|14\n|\n|t:|1700510478\n|move|p1a: Iron Moth|Energy Ball|p2a: Slowking\n|-supereffective|p2a: Slowking\n|-damage|p2a: Slowking|37\/100 par\n|cant|p2a: Slowking|par\n|\n|-heal|p2a: Slowking|43\/100 par|[from] item: Leftovers\n|upkeep\n|turn|15\n|\n|t:|1700510485\n|move|p1a: Iron Moth|Energy Ball|p2a: Slowking\n|-supereffective|p2a: Slowking\n|-damage|p2a: Slowking|22\/100 par\n|move|p2a: Slowking|Slack Off|p2a: Slowking\n|-heal|p2a: Slowking|72\/100 par\n|\n|-heal|p2a: Slowking|78\/100 par|[from] item: Leftovers\n|upkeep\n|turn|16\n|\n|t:|1700510495\n|move|p1a: Iron Moth|Energy Ball|p2a: Slowking\n|-supereffective|p2a: Slowking\n|-damage|p2a: Slowking|56\/100 par\n|move|p2a: Slowking|Stored Power|p1a: Iron Moth\n|-supereffective|p1a: Iron Moth\n|-damage|p1a: Iron Moth|0 fnt\n|faint|p1a: Iron Moth\n|-end|p1a: Iron Moth|Quark Drive|[silent]\n|\n|-heal|p2a: Slowking|62\/100 par|[from] item: Leftovers\n|upkeep\n|\n|t:|1700510504\n|switch|p1a: Salamence|Salamence, M|100\/100\n|turn|17\n|\n|t:|1700510508\n|move|p1a: Salamence|Dragon Dance|p1a: Salamence\n|-boost|p1a: Salamence|atk|1\n|-boost|p1a: Salamence|spe|1\n|move|p2a: Slowking|Stored Power|p1a: Salamence\n|-damage|p1a: Salamence|0 fnt\n|faint|p1a: Salamence\n|\n|-heal|p2a: Slowking|68\/100 par|[from] item: Leftovers\n|upkeep\n|-message|no more freeze forfeited.\n|l|\u2606no more freeze\n|inactive|no more freeze disconnected and has a minute to reconnect!\n|player|p1|\n|\n|win|MouseG\n|raw|no more freeze's rating: 1578 &rarr; <strong>1557<\/strong><br \/>(-21 for losing)\n|raw|MouseG's rating: 1560 &rarr; <strong>1581<\/strong><br \/>(+21 for winning)\n","uploadtime":1700510523,"views":21,"p1id":"nomorefreeze","p2id":"mouseg","formatid":"gen9ou","rating":1557,"private":0,"password":""}