{"id":"gen9ou-1992646838","p1":"Catiwastaken","p2":"Dickenz","format":"[Gen 9] OU","log":"|j|\u2606Catiwastaken\n|j|\u2606Dickenz\n|t:|1700219908\n|gametype|singles\n|player|p1|Catiwastaken|pokemaniac|1227\n|player|p2|Dickenz|acetrainerf-gen4|1343\n|teamsize|p1|6\n|teamsize|p2|6\n|gen|9\n|tier|[Gen 9] OU\n|rated|\n|rule|Sleep Clause Mod: Limit one foe put to sleep\n|rule|Species Clause: Limit one of each Pok\u00e9mon\n|rule|OHKO Clause: OHKO moves are banned\n|rule|Evasion Items Clause: Evasion items are banned\n|rule|Evasion Moves Clause: Evasion moves are banned\n|rule|Endless Battle Clause: Forcing endless battles is banned\n|rule|HP Percentage Mod: HP is shown in percentages\n|clearpoke\n|poke|p1|Ninetales-Alola, F|\n|poke|p1|Weavile, M|\n|poke|p1|Heatran, F|\n|poke|p1|Dragapult, M|\n|poke|p1|Great Tusk|\n|poke|p1|Zapdos|\n|poke|p2|Grimmsnarl, M|\n|poke|p2|Sneasler, M|\n|poke|p2|Great Tusk|\n|poke|p2|Tyranitar, M|\n|poke|p2|Slowking-Galar, M|\n|poke|p2|Crawdaunt, M|\n|teampreview\n|inactive|Battle timer is ON: inactive players will automatically lose when time's up. (requested by Dickenz)\n|\n|t:|1700219921\n|start\n|switch|p1a: Zapdos|Zapdos|100\/100\n|switch|p2a: Grimmsnarl|Grimmsnarl, M|100\/100\n|turn|1\n|\n|t:|1700219938\n|move|p2a: Grimmsnarl|Light Screen|p2a: Grimmsnarl\n|-sidestart|p2: Dickenz|move: Light Screen\n|move|p1a: Zapdos|Volt Switch|p2a: Grimmsnarl\n|-damage|p2a: Grimmsnarl|90\/100\n|\n|t:|1700219942\n|switch|p1a: Ninetales|Ninetales-Alola, F|100\/100|[from] Volt Switch\n|-weather|Snow|[from] ability: Snow Warning|[of] p1a: Ninetales\n|\n|-weather|Snow|[upkeep]\n|upkeep\n|turn|2\n|\n|t:|1700219947\n|move|p2a: Grimmsnarl|Taunt|p1a: Ninetales\n|-start|p1a: Ninetales|move: Taunt\n|cant|p1a: Ninetales|move: Taunt|Aurora Veil\n|\n|-weather|Snow|[upkeep]\n|upkeep\n|turn|3\n|\n|t:|1700219955\n|move|p2a: Grimmsnarl|Reflect|p2a: Grimmsnarl\n|-sidestart|p2: Dickenz|Reflect\n|move|p1a: Ninetales|Blizzard|p2a: Grimmsnarl\n|-damage|p2a: Grimmsnarl|74\/100\n|\n|-weather|Snow|[upkeep]\n|upkeep\n|turn|4\n|\n|t:|1700219973\n|move|p2a: Grimmsnarl|Parting Shot|p1a: Ninetales\n|-unboost|p1a: Ninetales|atk|1\n|-unboost|p1a: Ninetales|spa|1\n|\n|t:|1700219976\n|switch|p2a: Tyranitar|Tyranitar, M|100\/100|[from] Parting Shot\n|-weather|Sandstorm|[from] ability: Sand Stream|[of] p2a: Tyranitar\n|move|p1a: Ninetales|Blizzard|p2a: Tyranitar\n|-damage|p2a: Tyranitar|95\/100\n|\n|-weather|Sandstorm|[upkeep]\n|-damage|p1a: Ninetales|95\/100|[from] Sandstorm\n|-end|p1a: Ninetales|move: Taunt\n|upkeep\n|turn|5\n|\n|t:|1700219989\n|switch|p1a: Great Tusk|Great Tusk|100\/100\n|move|p2a: Tyranitar|Knock Off|p1a: Great Tusk\n|-resisted|p1a: Great Tusk\n|-damage|p1a: Great Tusk|82\/100\n|-enditem|p1a: Great Tusk|Heavy-Duty Boots|[from] move: Knock Off|[of] p2a: Tyranitar\n|\n|-weather|Sandstorm|[upkeep]\n|upkeep\n|turn|6\n|\n|t:|1700220010\n|switch|p2a: Crawdaunt|Crawdaunt, M|100\/100\n|move|p1a: Great Tusk|Close Combat|p2a: Crawdaunt\n|-supereffective|p2a: Crawdaunt\n|-damage|p2a: Crawdaunt|11\/100\n|-unboost|p1a: Great Tusk|def|1\n|-unboost|p1a: Great Tusk|spd|1\n|\n|-weather|Sandstorm|[upkeep]\n|-damage|p2a: Crawdaunt|5\/100|[from] Sandstorm\n|upkeep\n|turn|7\n|\n|t:|1700220018\n|move|p2a: Crawdaunt|Aqua Jet|p1a: Great Tusk\n|-supereffective|p1a: Great Tusk\n|-damage|p1a: Great Tusk|0 fnt\n|faint|p1a: Great Tusk\n|-end|p1a: Great Tusk|Protosynthesis|[silent]\n|-damage|p2a: Crawdaunt|0 fnt|[from] item: Life Orb\n|faint|p2a: Crawdaunt\n|\n|-weather|Sandstorm|[upkeep]\n|upkeep\n|\n|t:|1700220029\n|switch|p1a: Ninetales|Ninetales-Alola, F|95\/100\n|switch|p2a: Sneasler|Sneasler, M|100\/100\n|-weather|Snow|[from] ability: Snow Warning|[of] p1a: Ninetales\n|-item|p2a: Sneasler|Air Balloon\n|turn|8\n|\n|t:|1700220034\n|switch|p2a: Tyranitar|Tyranitar, M|95\/100\n|-weather|Sandstorm|[from] ability: Sand Stream|[of] p2a: Tyranitar\n|move|p1a: Ninetales|Aurora Veil||[still]\n|-fail|p1a: Ninetales\n|\n|-weather|Sandstorm|[upkeep]\n|-damage|p1a: Ninetales|89\/100|[from] Sandstorm\n|-sideend|p2: Dickenz|move: Light Screen\n|upkeep\n|turn|9\n|\n|t:|1700220041\n|move|p1a: Ninetales|Moonblast|p2a: Tyranitar\n|-supereffective|p2a: Tyranitar\n|-damage|p2a: Tyranitar|70\/100\n|move|p2a: Tyranitar|Knock Off|p1a: Ninetales\n|-resisted|p1a: Ninetales\n|-damage|p1a: Ninetales|45\/100\n|-enditem|p1a: Ninetales|Light Clay|[from] move: Knock Off|[of] p2a: Tyranitar\n|\n|-weather|Sandstorm|[upkeep]\n|-damage|p1a: Ninetales|39\/100|[from] Sandstorm\n|upkeep\n|turn|10\n|\n|t:|1700220053\n|switch|p1a: Heatran|Heatran, F|100\/100\n|move|p2a: Tyranitar|Knock Off|p1a: Heatran\n|-damage|p1a: Heatran|52\/100\n|-enditem|p1a: Heatran|Leftovers|[from] move: Knock Off|[of] p2a: Tyranitar\n|\n|-weather|Sandstorm|[upkeep]\n|-sideend|p2: Dickenz|Reflect\n|upkeep\n|turn|11\n|\n|t:|1700220063\n|move|p1a: Heatran|Stealth Rock|p2a: Tyranitar\n|-sidestart|p2: Dickenz|move: Stealth Rock\n|move|p2a: Tyranitar|Low Kick|p1a: Heatran\n|-supereffective|p1a: Heatran\n|-damage|p1a: Heatran|0 fnt\n|faint|p1a: Heatran\n|\n|-weather|Sandstorm|[upkeep]\n|upkeep\n|\n|t:|1700220076\n|switch|p1a: Dragapult|Dragapult, M|100\/100\n|turn|12\n|\n|t:|1700220081\n|move|p1a: Dragapult|Draco Meteor|p2a: Tyranitar\n|-damage|p2a: Tyranitar|38\/100\n|-unboost|p1a: Dragapult|spa|2\n|move|p2a: Tyranitar|Knock Off|p1a: Dragapult\n|-supereffective|p1a: Dragapult\n|-damage|p1a: Dragapult|0 fnt\n|-enditem|p1a: Dragapult|Choice Specs|[from] move: Knock Off|[of] p2a: Tyranitar\n|faint|p1a: Dragapult\n|\n|-weather|none\n|upkeep\n|\n|t:|1700220088\n|switch|p1a: Zapdos|Zapdos|100\/100\n|turn|13\n|inactive|Dickenz has 120 seconds left.\n|\n|t:|1700220119\n|switch|p2a: Grimmsnarl|Grimmsnarl, M|74\/100\n|-damage|p2a: Grimmsnarl|61\/100|[from] Stealth Rock\n|move|p1a: Zapdos|Hurricane|p2a: Grimmsnarl\n|-damage|p2a: Grimmsnarl|25\/100\n|\n|upkeep\n|turn|14\n|\n|t:|1700220134\n|move|p2a: Grimmsnarl|Light Screen|p2a: Grimmsnarl\n|-sidestart|p2: Dickenz|move: Light Screen\n|move|p1a: Zapdos|Hurricane|p2a: Grimmsnarl\n|-damage|p2a: Grimmsnarl|7\/100\n|-start|p2a: Grimmsnarl|confusion\n|\n|upkeep\n|turn|15\n|\n|t:|1700220144\n|-activate|p2a: Grimmsnarl|confusion\n|move|p2a: Grimmsnarl|Reflect|p2a: Grimmsnarl\n|-sidestart|p2: Dickenz|Reflect\n|move|p1a: Zapdos|Hurricane|p2a: Grimmsnarl\n|-damage|p2a: Grimmsnarl|0 fnt\n|faint|p2a: Grimmsnarl\n|\n|upkeep\n|\n|t:|1700220156\n|switch|p2a: Tyranitar|Tyranitar, M|38\/100\n|-damage|p2a: Tyranitar|26\/100|[from] Stealth Rock\n|-weather|Sandstorm|[from] ability: Sand Stream|[of] p2a: Tyranitar\n|turn|16\n|\n|t:|1700220178\n|switch|p1a: Ninetales|Ninetales-Alola, F|39\/100\n|-weather|Snow|[from] ability: Snow Warning|[of] p1a: Ninetales\n|move|p2a: Tyranitar|Knock Off|p1a: Ninetales\n|-resisted|p1a: Ninetales\n|-damage|p1a: Ninetales|21\/100\n|\n|-weather|Snow|[upkeep]\n|upkeep\n|turn|17\n|\n|t:|1700220199\n|switch|p2a: Great Tusk|Great Tusk|100\/100\n|move|p1a: Ninetales|Aurora Veil|p1a: Ninetales\n|-sidestart|p1: Catiwastaken|move: Aurora Veil\n|\n|-weather|Snow|[upkeep]\n|upkeep\n|turn|18\n|\n|t:|1700220204\n|move|p1a: Ninetales|Blizzard|p2a: Great Tusk\n|-supereffective|p2a: Great Tusk\n|-damage|p2a: Great Tusk|34\/100\n|-status|p2a: Great Tusk|frz\n|cant|p2a: Great Tusk|frz\n|\n|-weather|Snow|[upkeep]\n|upkeep\n|turn|19\n|\n|t:|1700220210\n|move|p1a: Ninetales|Blizzard|p2a: Great Tusk\n|-supereffective|p2a: Great Tusk\n|-damage|p2a: Great Tusk|0 fnt\n|faint|p2a: Great Tusk\n|-end|p2a: Great Tusk|Protosynthesis|[silent]\n|\n|-weather|Snow|[upkeep]\n|upkeep\n|\n|t:|1700220216\n|switch|p2a: Sneasler|Sneasler, M|100\/100\n|-damage|p2a: Sneasler|95\/100|[from] Stealth Rock\n|-item|p2a: Sneasler|Air Balloon\n|turn|20\n|\n|t:|1700220228\n|move|p1a: Ninetales|Blizzard|p2a: Sneasler\n|-damage|p2a: Sneasler|67\/100\n|-enditem|p2a: Sneasler|Air Balloon\n|move|p2a: Sneasler|Swords Dance|p2a: Sneasler\n|-boost|p2a: Sneasler|atk|2\n|\n|-weather|none\n|upkeep\n|turn|21\n|\n|t:|1700220244\n|move|p2a: Sneasler|Dire Claw|p1a: Ninetales\n|-supereffective|p1a: Ninetales\n|-damage|p1a: Ninetales|0 fnt\n|faint|p1a: Ninetales\n|\n|-sideend|p2: Dickenz|move: Light Screen\n|-sideend|p1: Catiwastaken|move: Aurora Veil\n|upkeep\n|\n|t:|1700220251\n|switch|p1a: Zapdos|Zapdos|100\/100\n|turn|22\n|\n|t:|1700220266\n|-terastallize|p1a: Zapdos|Steel\n|move|p2a: Sneasler|Dire Claw|p1a: Zapdos\n|-immune|p1a: Zapdos\n|move|p1a: Zapdos|Hurricane|p2a: Sneasler\n|-supereffective|p2a: Sneasler\n|-damage|p2a: Sneasler|0 fnt\n|faint|p2a: Sneasler\n|\n|-sideend|p2: Dickenz|Reflect\n|upkeep\n|\n|t:|1700220280\n|switch|p2a: Slowking|Slowking-Galar, M|100\/100\n|-damage|p2a: Slowking|88\/100|[from] Stealth Rock\n|turn|23\n|\n|t:|1700220289\n|move|p1a: Zapdos|Hurricane|p2a: Slowking\n|-damage|p2a: Slowking|49\/100\n|move|p2a: Slowking|Flamethrower|p1a: Zapdos\n|-supereffective|p1a: Zapdos\n|-damage|p1a: Zapdos|19\/100\n|\n|upkeep\n|turn|24\n|\n|t:|1700220299\n|switch|p2a: Tyranitar|Tyranitar, M|26\/100\n|-damage|p2a: Tyranitar|13\/100|[from] Stealth Rock\n|-weather|Sandstorm|[from] ability: Sand Stream|[of] p2a: Tyranitar\n|move|p1a: Zapdos|Hurricane|p2a: Tyranitar\n|-resisted|p2a: Tyranitar\n|-damage|p2a: Tyranitar|4\/100\n|\n|-weather|Sandstorm|[upkeep]\n|upkeep\n|turn|25\n|\n|t:|1700220316\n|move|p1a: Zapdos|Heat Wave|p2a: Tyranitar\n|-resisted|p2a: Tyranitar\n|-damage|p2a: Tyranitar|0 fnt\n|faint|p2a: Tyranitar\n|\n|-weather|Sandstorm|[upkeep]\n|upkeep\n|\n|t:|1700220319\n|switch|p2a: Slowking|Slowking-Galar, M|82\/100\n|-damage|p2a: Slowking|70\/100|[from] Stealth Rock\n|turn|26\n|\n|t:|1700220325\n|move|p1a: Zapdos|Roost|p1a: Zapdos\n|-heal|p1a: Zapdos|69\/100\n|move|p2a: Slowking|Flamethrower|p1a: Zapdos\n|-supereffective|p1a: Zapdos\n|-damage|p1a: Zapdos|0 fnt\n|faint|p1a: Zapdos\n|\n|-weather|Sandstorm|[upkeep]\n|-damage|p2a: Slowking|64\/100|[from] Sandstorm\n|upkeep\n|\n|t:|1700220328\n|switch|p1a: Weavile|Weavile, M|100\/100\n|-ability|p1a: Weavile|Pressure\n|turn|27\n|\n|t:|1700220332\n|-terastallize|p2a: Slowking|Fairy\n|move|p1a: Weavile|Knock Off|p2a: Slowking\n|-resisted|p2a: Slowking\n|-damage|p2a: Slowking|38\/100\n|-enditem|p2a: Slowking|Choice Specs|[from] move: Knock Off|[of] p1a: Weavile\n|move|p2a: Slowking|Flamethrower|p1a: Weavile\n|-supereffective|p1a: Weavile\n|-damage|p1a: Weavile|9\/100\n|\n|-weather|Sandstorm|[upkeep]\n|-damage|p1a: Weavile|3\/100|[from] Sandstorm\n|-damage|p2a: Slowking|31\/100|[from] Sandstorm\n|upkeep\n|turn|28\n|\n|t:|1700220350\n|move|p1a: Weavile|Icicle Crash|p2a: Slowking\n|-damage|p2a: Slowking|0 fnt\n|faint|p2a: Slowking\n|\n|win|Catiwastaken\n|raw|Catiwastaken's rating: 1227 &rarr; <strong>1260<\/strong><br \/>(+33 for winning)\n|raw|Dickenz's rating: 1343 &rarr; <strong>1317<\/strong><br \/>(-26 for losing)\n|l|\u2606Dickenz\n","uploadtime":1700220386,"views":8,"p1id":"catiwastaken","p2id":"dickenz","formatid":"gen9ou","rating":1260,"private":0,"password":""}