{"id":"gen9ou-1989868720","p1":"Ordained","p2":"Jrmoore896","format":"[Gen 9] OU","log":"|j|\u2606Ordained\n|j|\u2606Jrmoore896\n|t:|1699902474\n|gametype|singles\n|player|p1|Ordained|ghetsis|1366\n|player|p2|Jrmoore896|lucas-gen4pt|1429\n|teamsize|p1|6\n|teamsize|p2|6\n|gen|9\n|tier|[Gen 9] OU\n|rated|\n|rule|Sleep Clause Mod: Limit one foe put to sleep\n|rule|Species Clause: Limit one of each Pok\u00e9mon\n|rule|OHKO Clause: OHKO moves are banned\n|rule|Evasion Items Clause: Evasion items are banned\n|rule|Evasion Moves Clause: Evasion moves are banned\n|rule|Endless Battle Clause: Forcing endless battles is banned\n|rule|HP Percentage Mod: HP is shown in percentages\n|clearpoke\n|poke|p1|Iron Jugulis|\n|poke|p1|Ogerpon-Wellspring, F|\n|poke|p1|Tinkaton, F|\n|poke|p1|Iron Moth|\n|poke|p1|Great Tusk|\n|poke|p1|Dragapult, F|\n|poke|p2|Sneasler, M|\n|poke|p2|Rillaboom, F|\n|poke|p2|Dondozo, M|\n|poke|p2|Clodsire, M|\n|poke|p2|Great Tusk|\n|poke|p2|Enamorus, F|\n|teampreview\n|inactive|Battle timer is ON: inactive players will automatically lose when time's up. (requested by Ordained)\n|inactive|Ordained has 120 seconds left.\n|inactive|Ordained has 90 seconds left.\n|\n|t:|1699902535\n|start\n|switch|p1a: Tinkaton|Tinkaton, F|100\/100\n|switch|p2a: Dondozo|Dondozo, M|100\/100\n|-item|p1a: Tinkaton|Air Balloon\n|turn|1\n|\n|t:|1699902543\n|move|p1a: Tinkaton|Thunder Wave|p2a: Dondozo\n|-status|p2a: Dondozo|par\n|move|p2a: Dondozo|Liquidation|p1a: Tinkaton\n|-damage|p1a: Tinkaton|64\/100\n|-unboost|p1a: Tinkaton|def|1\n|-enditem|p1a: Tinkaton|Air Balloon\n|-enditem|p2a: Dondozo|Leftovers|[silent]|[from] ability: Pickpocket|[of] p2a: Dondozo\n|-item|p1a: Tinkaton|Leftovers|[from] ability: Pickpocket|[of] p2a: Dondozo\n|\n|-heal|p1a: Tinkaton|70\/100|[from] item: Leftovers\n|upkeep\n|turn|2\n|\n|t:|1699902555\n|move|p1a: Tinkaton|Stealth Rock|p2a: Dondozo\n|-sidestart|p2: Jrmoore896|move: Stealth Rock\n|move|p2a: Dondozo|Earthquake|p1a: Tinkaton\n|-supereffective|p1a: Tinkaton\n|-damage|p1a: Tinkaton|12\/100\n|\n|-heal|p1a: Tinkaton|18\/100|[from] item: Leftovers\n|upkeep\n|turn|3\n|\n|t:|1699902574\n|switch|p1a: Ogerpon|Ogerpon-Wellspring, F|100\/100\n|move|p2a: Dondozo|Curse|p2a: Dondozo\n|-unboost|p2a: Dondozo|spe|1\n|-boost|p2a: Dondozo|atk|1\n|-boost|p2a: Dondozo|def|1\n|\n|upkeep\n|turn|4\n|\n|t:|1699902602\n|-terastallize|p2a: Dondozo|Dragon\n|move|p1a: Ogerpon|Horn Leech|p2a: Dondozo\n|-resisted|p2a: Dondozo\n|-damage|p2a: Dondozo|93\/100 par\n|move|p2a: Dondozo|Curse|p2a: Dondozo\n|-unboost|p2a: Dondozo|spe|1\n|-boost|p2a: Dondozo|atk|1\n|-boost|p2a: Dondozo|def|1\n|\n|upkeep\n|turn|5\n|inactive|Jrmoore896 has 120 seconds left.\n|inactive|Ordained has 120 seconds left.\n|inactive|Ordained has 90 seconds left.\n|\n|t:|1699902671\n|move|p1a: Ogerpon|Spikes|p2a: Dondozo\n|-sidestart|p2: Jrmoore896|Spikes\n|cant|p2a: Dondozo|par\n|\n|upkeep\n|turn|6\n|\n|t:|1699902680\n|move|p1a: Ogerpon|Spikes|p2a: Dondozo\n|-sidestart|p2: Jrmoore896|Spikes\n|move|p2a: Dondozo|Curse|p2a: Dondozo\n|-unboost|p2a: Dondozo|spe|1\n|-boost|p2a: Dondozo|atk|1\n|-boost|p2a: Dondozo|def|1\n|\n|upkeep\n|turn|7\n|\n|t:|1699902688\n|move|p1a: Ogerpon|Spikes|p2a: Dondozo\n|-sidestart|p2: Jrmoore896|Spikes\n|cant|p2a: Dondozo|par\n|\n|upkeep\n|turn|8\n|\n|t:|1699902694\n|move|p1a: Ogerpon|U-turn|p2a: Dondozo\n|-damage|p2a: Dondozo|88\/100 par\n|\n|t:|1699902697\n|switch|p1a: Tinkaton|Tinkaton, F|18\/100|[from] U-turn\n|move|p2a: Dondozo|Earthquake|p1a: Tinkaton\n|-supereffective|p1a: Tinkaton\n|-damage|p1a: Tinkaton|0 fnt\n|faint|p1a: Tinkaton\n|\n|upkeep\n|\n|t:|1699902703\n|switch|p1a: Dragapult|Dragapult, F|100\/100\n|turn|9\n|\n|t:|1699902710\n|switch|p2a: Enamorus|Enamorus, F|100\/100\n|-damage|p2a: Enamorus|76\/100|[from] Stealth Rock\n|move|p1a: Dragapult|Draco Meteor|p2a: Enamorus\n|-immune|p2a: Enamorus\n|\n|upkeep\n|turn|10\n|\n|t:|1699902720\n|switch|p1a: Iron Moth|Iron Moth|100\/100\n|-enditem|p1a: Iron Moth|Booster Energy\n|-activate|p1a: Iron Moth|ability: Quark Drive|[fromitem]\n|-start|p1a: Iron Moth|quarkdrivespe\n|move|p2a: Enamorus|Earth Power|p1a: Iron Moth\n|-supereffective|p1a: Iron Moth\n|-damage|p1a: Iron Moth|0 fnt\n|faint|p1a: Iron Moth\n|-end|p1a: Iron Moth|Quark Drive|[silent]\n|\n|upkeep\n|\n|t:|1699902730\n|switch|p1a: Ogerpon|Ogerpon-Wellspring, F|100\/100\n|turn|11\n|\n|t:|1699902735\n|switch|p2a: Rillaboom|Rillaboom, F|100\/100\n|-damage|p2a: Rillaboom|88\/100|[from] Stealth Rock\n|-damage|p2a: Rillaboom|63\/100|[from] Spikes\n|-fieldstart|move: Grassy Terrain|[from] ability: Grassy Surge|[of] p2a: Rillaboom\n|move|p1a: Ogerpon|Ivy Cudgel|p2a: Rillaboom\n|-resisted|p2a: Rillaboom\n|-damage|p2a: Rillaboom|34\/100\n|\n|-heal|p2a: Rillaboom|41\/100|[from] Grassy Terrain\n|upkeep\n|turn|12\n|\n|t:|1699902748\n|move|p1a: Ogerpon|U-turn|p2a: Rillaboom\n|-supereffective|p2a: Rillaboom\n|-damage|p2a: Rillaboom|0 fnt\n|faint|p2a: Rillaboom\n|inactive|Ordained has 120 seconds left.\n|\n|t:|1699902783\n|switch|p1a: Dragapult|Dragapult, F|100\/100|[from] U-turn\n|\n|upkeep\n|\n|t:|1699902793\n|switch|p2a: Enamorus|Enamorus, F|76\/100\n|-damage|p2a: Enamorus|51\/100|[from] Stealth Rock\n|turn|13\n|inactive|Ordained has 120 seconds left.\n|\n|t:|1699902806\n|move|p2a: Enamorus|Moonblast|p1a: Dragapult\n|-supereffective|p1a: Dragapult\n|-damage|p1a: Dragapult|0 fnt\n|faint|p1a: Dragapult\n|\n|upkeep\n|\n|t:|1699902809\n|switch|p1a: Iron Jugulis|Iron Jugulis|100\/100\n|-enditem|p1a: Iron Jugulis|Booster Energy\n|-activate|p1a: Iron Jugulis|ability: Quark Drive|[fromitem]\n|-start|p1a: Iron Jugulis|quarkdrivespe\n|turn|14\n|\n|t:|1699902817\n|-terastallize|p1a: Iron Jugulis|Steel\n|move|p1a: Iron Jugulis|Hurricane|p2a: Enamorus|[miss]\n|-miss|p1a: Iron Jugulis|p2a: Enamorus\n|move|p2a: Enamorus|Moonblast|p1a: Iron Jugulis\n|-resisted|p1a: Iron Jugulis\n|-damage|p1a: Iron Jugulis|63\/100\n|\n|-heal|p1a: Iron Jugulis|69\/100|[from] Grassy Terrain\n|upkeep\n|turn|15\n|\n|t:|1699902833\n|switch|p2a: Great Tusk|Great Tusk|100\/100\n|move|p1a: Iron Jugulis|Hurricane|p2a: Great Tusk\n|-supereffective|p2a: Great Tusk\n|-damage|p2a: Great Tusk|0 fnt\n|faint|p2a: Great Tusk\n|-end|p2a: Great Tusk|Protosynthesis|[silent]\n|\n|-heal|p1a: Iron Jugulis|75\/100|[from] Grassy Terrain\n|-fieldend|move: Grassy Terrain\n|upkeep\n|\n|t:|1699902850\n|switch|p2a: Clodsire|Clodsire, M, shiny|100\/100\n|-damage|p2a: Clodsire|94\/100|[from] Stealth Rock\n|-damage|p2a: Clodsire|69\/100|[from] Spikes\n|turn|16\n|\n|t:|1699902865\n|move|p1a: Iron Jugulis|Earth Power|p2a: Clodsire\n|-supereffective|p2a: Clodsire\n|-damage|p2a: Clodsire|38\/100\n|move|p2a: Clodsire|Recover|p2a: Clodsire\n|-heal|p2a: Clodsire|88\/100\n|\n|-heal|p2a: Clodsire|94\/100|[from] item: Leftovers\n|upkeep\n|turn|17\n|\n|t:|1699902876\n|-end|p1a: Iron Jugulis|Quark Drive|[silent]\n|switch|p1a: Great Tusk|Great Tusk|100\/100\n|-enditem|p1a: Great Tusk|Booster Energy\n|-activate|p1a: Great Tusk|ability: Protosynthesis|[fromitem]\n|-start|p1a: Great Tusk|protosynthesisspe\n|move|p2a: Clodsire|Earthquake|p1a: Great Tusk\n|-crit|p1a: Great Tusk\n|-damage|p1a: Great Tusk|74\/100\n|\n|-heal|p2a: Clodsire|100\/100|[from] item: Leftovers\n|upkeep\n|turn|18\n|inactive|Jrmoore896 has 120 seconds left.\n|\n|t:|1699902891\n|switch|p2a: Dondozo|Dondozo, M, tera:Dragon|88\/100 par\n|-damage|p2a: Dondozo|75\/100 par|[from] Stealth Rock\n|-damage|p2a: Dondozo|50\/100 par|[from] Spikes\n|move|p1a: Great Tusk|Rapid Spin|p2a: Dondozo\n|-damage|p2a: Dondozo|43\/100 par\n|-boost|p1a: Great Tusk|spe|1\n|\n|upkeep\n|turn|19\n|inactive|Jrmoore896 has 120 seconds left.\n|\n|t:|1699902905\n|move|p1a: Great Tusk|Bulk Up|p1a: Great Tusk\n|-boost|p1a: Great Tusk|atk|1\n|-boost|p1a: Great Tusk|def|1\n|move|p2a: Dondozo|Rest|p2a: Dondozo\n|-status|p2a: Dondozo|slp|[from] move: Rest\n|-heal|p2a: Dondozo|100\/100 slp|[silent]\n|\n|upkeep\n|turn|20\n|\n|t:|1699902914\n|move|p1a: Great Tusk|Bulk Up|p1a: Great Tusk\n|-boost|p1a: Great Tusk|atk|1\n|-boost|p1a: Great Tusk|def|1\n|cant|p2a: Dondozo|slp\n|\n|upkeep\n|turn|21\n|\n|t:|1699902920\n|move|p1a: Great Tusk|Ice Spinner|p2a: Dondozo\n|-supereffective|p2a: Dondozo\n|-damage|p2a: Dondozo|79\/100 slp\n|cant|p2a: Dondozo|slp\n|\n|upkeep\n|turn|22\n|\n|t:|1699902940\n|move|p1a: Great Tusk|Ice Spinner|p2a: Dondozo\n|-supereffective|p2a: Dondozo\n|-damage|p2a: Dondozo|56\/100 slp\n|-curestatus|p2a: Dondozo|slp|[msg]\n|move|p2a: Dondozo|Curse|p2a: Dondozo\n|-unboost|p2a: Dondozo|spe|1\n|-boost|p2a: Dondozo|atk|1\n|-boost|p2a: Dondozo|def|1\n|\n|upkeep\n|turn|23\n|\n|t:|1699902953\n|move|p1a: Great Tusk|Ice Spinner|p2a: Dondozo\n|-supereffective|p2a: Dondozo\n|-damage|p2a: Dondozo|40\/100\n|move|p2a: Dondozo|Curse|p2a: Dondozo\n|-unboost|p2a: Dondozo|spe|1\n|-boost|p2a: Dondozo|atk|1\n|-boost|p2a: Dondozo|def|1\n|\n|upkeep\n|turn|24\n|\n|t:|1699902962\n|move|p1a: Great Tusk|Ice Spinner|p2a: Dondozo\n|-supereffective|p2a: Dondozo\n|-damage|p2a: Dondozo|29\/100\n|move|p2a: Dondozo|Rest|p2a: Dondozo\n|-status|p2a: Dondozo|slp|[from] move: Rest\n|-heal|p2a: Dondozo|100\/100 slp|[silent]\n|\n|upkeep\n|turn|25\n|\n|t:|1699902978\n|move|p1a: Great Tusk|Ice Spinner|p2a: Dondozo\n|-supereffective|p2a: Dondozo\n|-damage|p2a: Dondozo|89\/100 slp\n|cant|p2a: Dondozo|slp\n|\n|upkeep\n|turn|26\n|\n|t:|1699902984\n|move|p1a: Great Tusk|Ice Spinner|p2a: Dondozo\n|-supereffective|p2a: Dondozo\n|-damage|p2a: Dondozo|78\/100 slp\n|cant|p2a: Dondozo|slp\n|\n|upkeep\n|turn|27\n|\n|t:|1699902992\n|move|p1a: Great Tusk|Ice Spinner|p2a: Dondozo\n|-supereffective|p2a: Dondozo\n|-damage|p2a: Dondozo|66\/100 slp\n|-curestatus|p2a: Dondozo|slp|[msg]\n|move|p2a: Dondozo|Liquidation|p1a: Great Tusk\n|-supereffective|p1a: Great Tusk\n|-damage|p1a: Great Tusk|2\/100\n|\n|upkeep\n|turn|28\n|\n|t:|1699903004\n|move|p1a: Great Tusk|Ice Spinner|p2a: Dondozo\n|-supereffective|p2a: Dondozo\n|-damage|p2a: Dondozo|53\/100\n|move|p2a: Dondozo|Curse|p2a: Dondozo\n|-unboost|p2a: Dondozo|spe|1\n|-boost|p2a: Dondozo|atk|1\n|-boost|p2a: Dondozo|def|1\n|\n|upkeep\n|turn|29\n|\n|t:|1699903024\n|move|p1a: Great Tusk|Ice Spinner|p2a: Dondozo\n|-supereffective|p2a: Dondozo\n|-damage|p2a: Dondozo|44\/100\n|move|p2a: Dondozo|Rest|p2a: Dondozo\n|-status|p2a: Dondozo|slp|[from] move: Rest\n|-heal|p2a: Dondozo|100\/100 slp|[silent]\n|\n|upkeep\n|turn|30\n|\n|t:|1699903032\n|move|p1a: Great Tusk|Ice Spinner|p2a: Dondozo\n|-supereffective|p2a: Dondozo\n|-damage|p2a: Dondozo|92\/100 slp\n|cant|p2a: Dondozo|slp\n|\n|upkeep\n|turn|31\n|\n|t:|1699903038\n|move|p1a: Great Tusk|Ice Spinner|p2a: Dondozo\n|-supereffective|p2a: Dondozo\n|-damage|p2a: Dondozo|83\/100 slp\n|cant|p2a: Dondozo|slp\n|\n|upkeep\n|turn|32\n|\n|t:|1699903050\n|move|p1a: Great Tusk|Ice Spinner|p2a: Dondozo\n|-supereffective|p2a: Dondozo\n|-damage|p2a: Dondozo|74\/100 slp\n|-curestatus|p2a: Dondozo|slp|[msg]\n|move|p2a: Dondozo|Liquidation|p1a: Great Tusk\n|-supereffective|p1a: Great Tusk\n|-damage|p1a: Great Tusk|0 fnt\n|faint|p1a: Great Tusk\n|-end|p1a: Great Tusk|Protosynthesis|[silent]\n|\n|upkeep\n|\n|t:|1699903063\n|switch|p1a: Iron Jugulis|Iron Jugulis, tera:Steel|75\/100\n|turn|33\n|\n|t:|1699903067\n|move|p1a: Iron Jugulis|Hurricane|p2a: Dondozo\n|-damage|p2a: Dondozo|30\/100\n|-start|p2a: Dondozo|confusion\n|-activate|p2a: Dondozo|confusion\n|move|p2a: Dondozo|Earthquake|p1a: Iron Jugulis\n|-supereffective|p1a: Iron Jugulis\n|-damage|p1a: Iron Jugulis|0 fnt\n|faint|p1a: Iron Jugulis\n|-end|p1a: Iron Jugulis|Quark Drive|[silent]\n|\n|upkeep\n|\n|t:|1699903075\n|switch|p1a: Ogerpon|Ogerpon-Wellspring, F|100\/100\n|turn|34\n|\n|t:|1699903083\n|move|p1a: Ogerpon|Ivy Cudgel|p2a: Dondozo\n|-resisted|p2a: Dondozo\n|-crit|p2a: Dondozo\n|-damage|p2a: Dondozo|8\/100\n|-activate|p2a: Dondozo|confusion\n|move|p2a: Dondozo|Rest|p2a: Dondozo\n|-status|p2a: Dondozo|slp|[from] move: Rest\n|-heal|p2a: Dondozo|100\/100 slp|[silent]\n|\n|upkeep\n|turn|35\n|-message|Ordained forfeited.\n|\n|win|Jrmoore896\n|raw|Ordained's rating: 1366 &rarr; <strong>1350<\/strong><br \/>(-16 for losing)\n|raw|Jrmoore896's rating: 1429 &rarr; <strong>1445<\/strong><br \/>(+16 for winning)\n|l|\u2606Ordained\n","uploadtime":1699903122,"views":11,"p1id":"ordained","p2id":"jrmoore896","formatid":"gen9ou","rating":1350,"private":0,"password":""}