{"id":"gen9ou-1988313960","p1":"ferroshit","p2":"lost ark enjoyer","format":"[Gen 9] OU","log":"|j|\u2606ferroshit\n|j|\u2606lost ark enjoyer\n|t:|1699706924\n|gametype|singles\n|player|p1|ferroshit|266|1439\n|player|p2|lost ark enjoyer|102|1441\n|teamsize|p1|6\n|teamsize|p2|6\n|gen|9\n|tier|[Gen 9] OU\n|rated|\n|rule|Sleep Clause Mod: Limit one foe put to sleep\n|rule|Species Clause: Limit one of each Pok\u00e9mon\n|rule|OHKO Clause: OHKO moves are banned\n|rule|Evasion Items Clause: Evasion items are banned\n|rule|Evasion Moves Clause: Evasion moves are banned\n|rule|Endless Battle Clause: Forcing endless battles is banned\n|rule|HP Percentage Mod: HP is shown in percentages\n|clearpoke\n|poke|p1|Lokix, M|\n|poke|p1|Clodsire, M|\n|poke|p1|Rotom-Wash|\n|poke|p1|Corviknight, F|\n|poke|p1|Gholdengo|\n|poke|p1|Great Tusk|\n|poke|p2|Rillaboom, F|\n|poke|p2|Sneasler, F|\n|poke|p2|Zamazenta-*|\n|poke|p2|Heatran, F|\n|poke|p2|Hatterene, F|\n|poke|p2|Manaphy|\n|teampreview\n|inactive|Battle timer is ON: inactive players will automatically lose when time's up. (requested by lost ark enjoyer)\n|\n|t:|1699706951\n|start\n|switch|p1a: Rotom|Rotom-Wash, shiny|100\/100\n|switch|p2a: Mr Worldwide|Heatran, F|100\/100\n|-item|p2a: Mr Worldwide|Air Balloon\n|turn|1\n|\n|t:|1699706960\n|move|p1a: Rotom|Volt Switch|p2a: Mr Worldwide\n|-damage|p2a: Mr Worldwide|79\/100\n|-enditem|p2a: Mr Worldwide|Air Balloon\n|\n|t:|1699706969\n|switch|p1a: Clodsire|Clodsire, M, shiny|100\/100|[from] Volt Switch\n|move|p2a: Mr Worldwide|Magma Storm|p1a: Clodsire\n|-crit|p1a: Clodsire\n|-damage|p1a: Clodsire|68\/100\n|-activate|p1a: Clodsire|move: Magma Storm|[of] p2a: Mr Worldwide\n|\n|-heal|p1a: Clodsire|74\/100|[from] item: Black Sludge\n|-damage|p1a: Clodsire|61\/100|[from] move: Magma Storm|[partiallytrapped]\n|upkeep\n|turn|2\n|\n|t:|1699706980\n|switch|p2a: Peculiar Mixture|Manaphy|100\/100\n|move|p1a: Clodsire|Earthquake|p2a: Peculiar Mixture\n|-damage|p2a: Peculiar Mixture|79\/100\n|\n|-heal|p2a: Peculiar Mixture|85\/100|[from] item: Leftovers\n|-heal|p1a: Clodsire|68\/100|[from] item: Black Sludge\n|-end|p1a: Clodsire|Magma Storm|[partiallytrapped]|[silent]\n|upkeep\n|turn|3\n|\n|t:|1699707001\n|switch|p1a: Gholdengo|Gholdengo, shiny|100\/100\n|move|p2a: Peculiar Mixture|Acid Armor|p2a: Peculiar Mixture\n|-boost|p2a: Peculiar Mixture|def|2\n|\n|-heal|p2a: Peculiar Mixture|91\/100|[from] item: Leftovers\n|upkeep\n|turn|4\n|\n|t:|1699707004\n|move|p2a: Peculiar Mixture|Take Heart|p2a: Peculiar Mixture\n|-boost|p2a: Peculiar Mixture|spa|1\n|-boost|p2a: Peculiar Mixture|spd|1\n|move|p1a: Gholdengo|Trick|p2a: Peculiar Mixture\n|-activate|p1a: Gholdengo|move: Trick|[of] p2a: Peculiar Mixture\n|-item|p2a: Peculiar Mixture|Choice Specs|[from] move: Trick\n|-item|p1a: Gholdengo|Leftovers|[from] move: Trick\n|\n|upkeep\n|turn|5\n|\n|t:|1699707011\n|switch|p1a: Clodsire|Clodsire, M, shiny|68\/100\n|move|p2a: Peculiar Mixture|Scald|p1a: Clodsire\n|-heal|p1a: Clodsire|93\/100|[from] ability: Water Absorb|[of] p2a: Peculiar Mixture\n|\n|-heal|p1a: Clodsire|99\/100|[from] item: Black Sludge\n|upkeep\n|turn|6\n|\n|t:|1699707033\n|switch|p2a: Iron Bands|Rillaboom, F|100\/100\n|-fieldstart|move: Grassy Terrain|[from] ability: Grassy Surge|[of] p2a: Iron Bands\n|switch|p1a: Gholdengo|Gholdengo, shiny|100\/100\n|\n|upkeep\n|turn|7\n|\n|t:|1699707044\n|move|p1a: Gholdengo|Make It Rain|p2a: Iron Bands\n|-damage|p2a: Iron Bands|27\/100\n|-unboost|p1a: Gholdengo|spa|1\n|move|p2a: Iron Bands|Knock Off|p1a: Gholdengo\n|-supereffective|p1a: Gholdengo\n|-damage|p1a: Gholdengo|0 fnt\n|-enditem|p1a: Gholdengo|Leftovers|[from] move: Knock Off|[of] p2a: Iron Bands\n|faint|p1a: Gholdengo\n|\n|-heal|p2a: Iron Bands|34\/100|[from] Grassy Terrain\n|upkeep\n|\n|t:|1699707046\n|switch|p1a: Lokix|Lokix, M|100\/100\n|turn|8\n|\n|t:|1699707053\n|switch|p2a: Peculiar Mixture|Manaphy|91\/100\n|-terastallize|p1a: Lokix|Dark\n|move|p1a: Lokix|Knock Off|p2a: Peculiar Mixture\n|-damage|p2a: Peculiar Mixture|24\/100\n|-enditem|p2a: Peculiar Mixture|Choice Specs|[from] move: Knock Off|[of] p1a: Lokix\n|\n|-heal|p2a: Peculiar Mixture|30\/100|[from] Grassy Terrain\n|upkeep\n|turn|9\n|\n|t:|1699707056\n|move|p1a: Lokix|Knock Off|p2a: Peculiar Mixture\n|-damage|p2a: Peculiar Mixture|0 fnt\n|faint|p2a: Peculiar Mixture\n|\n|upkeep\n|\n|t:|1699707078\n|switch|p2a: Michael Vick|Zamazenta|100\/100\n|-ability|p2a: Michael Vick|Dauntless Shield|boost\n|-boost|p2a: Michael Vick|def|1\n|turn|10\n|\n|t:|1699707081\n|switch|p1a: Rotom|Rotom-Wash, shiny|100\/100\n|move|p2a: Michael Vick|Iron Defense|p2a: Michael Vick\n|-boost|p2a: Michael Vick|def|2\n|\n|-fieldend|move: Grassy Terrain\n|upkeep\n|turn|11\n|\n|t:|1699707098\n|switch|p2a: Mr Worldwide|Heatran, F|79\/100\n|move|p1a: Rotom|Trick|p2a: Mr Worldwide\n|-activate|p1a: Rotom|move: Trick|[of] p2a: Mr Worldwide\n|-item|p2a: Mr Worldwide|Choice Scarf|[from] move: Trick\n|-enditem|p1a: Rotom|Choice Scarf|[silent]|[from] move: Trick\n|\n|upkeep\n|turn|12\n|\n|t:|1699707106\n|switch|p1a: Clodsire|Clodsire, M, shiny|99\/100\n|move|p2a: Mr Worldwide|Magma Storm|p1a: Clodsire\n|-damage|p1a: Clodsire|76\/100\n|-activate|p1a: Clodsire|move: Magma Storm|[of] p2a: Mr Worldwide\n|\n|-heal|p1a: Clodsire|82\/100|[from] item: Black Sludge\n|-damage|p1a: Clodsire|70\/100|[from] move: Magma Storm|[partiallytrapped]\n|upkeep\n|turn|13\n|\n|t:|1699707117\n|switch|p2a: Michael Vick|Zamazenta|100\/100\n|move|p1a: Clodsire|Toxic Spikes|p2a: Michael Vick\n|-sidestart|p2: lost ark enjoyer|move: Toxic Spikes\n|\n|-heal|p1a: Clodsire|76\/100|[from] item: Black Sludge\n|-end|p1a: Clodsire|Magma Storm|[partiallytrapped]|[silent]\n|upkeep\n|turn|14\n|\n|t:|1699707129\n|-terastallize|p2a: Michael Vick|Steel\n|move|p2a: Michael Vick|Iron Defense|p2a: Michael Vick\n|-boost|p2a: Michael Vick|def|2\n|move|p1a: Clodsire|Yawn|p2a: Michael Vick\n|-start|p2a: Michael Vick|move: Yawn|[of] p1a: Clodsire\n|\n|-heal|p1a: Clodsire|82\/100|[from] item: Black Sludge\n|upkeep\n|turn|15\n|\n|t:|1699707137\n|switch|p1a: Great Tusk|Great Tusk, shiny|100\/100\n|move|p2a: Michael Vick|Iron Defense|p2a: Michael Vick\n|-boost|p2a: Michael Vick|def|2\n|\n|-end|p2a: Michael Vick|move: Yawn|[silent]\n|-status|p2a: Michael Vick|slp\n|upkeep\n|turn|16\n|\n|t:|1699707141\n|cant|p2a: Michael Vick|slp\n|move|p1a: Great Tusk|Body Press|p2a: Michael Vick\n|-supereffective|p2a: Michael Vick\n|-damage|p2a: Michael Vick|75\/100 slp\n|\n|-heal|p2a: Michael Vick|82\/100 slp|[from] item: Leftovers\n|upkeep\n|turn|17\n|\n|t:|1699707147\n|cant|p2a: Michael Vick|slp\n|move|p1a: Great Tusk|Body Press|p2a: Michael Vick\n|-supereffective|p2a: Michael Vick\n|-damage|p2a: Michael Vick|60\/100 slp\n|\n|-heal|p2a: Michael Vick|66\/100 slp|[from] item: Leftovers\n|upkeep\n|turn|18\n|\n|t:|1699707150\n|-curestatus|p2a: Michael Vick|slp|[msg]\n|move|p2a: Michael Vick|Iron Defense|p2a: Michael Vick\n|-boost|p2a: Michael Vick|def|2\n|move|p1a: Great Tusk|Knock Off|p2a: Michael Vick\n|-damage|p2a: Michael Vick|61\/100\n|-enditem|p2a: Michael Vick|Leftovers|[from] move: Knock Off|[of] p1a: Great Tusk\n|\n|upkeep\n|turn|19\n|\n|t:|1699707152\n|move|p2a: Michael Vick|Body Press|p1a: Great Tusk\n|-damage|p1a: Great Tusk|32\/100\n|-damage|p2a: Michael Vick|44\/100|[from] item: Rocky Helmet|[of] p1a: Great Tusk\n|move|p1a: Great Tusk|Body Press|p2a: Michael Vick\n|-supereffective|p2a: Michael Vick\n|-damage|p2a: Michael Vick|26\/100\n|\n|upkeep\n|turn|20\n|\n|t:|1699707154\n|move|p2a: Michael Vick|Body Press|p1a: Great Tusk\n|-damage|p1a: Great Tusk|0 fnt\n|-damage|p2a: Michael Vick|10\/100|[from] item: Rocky Helmet|[of] p1a: Great Tusk\n|faint|p1a: Great Tusk\n|-end|p1a: Great Tusk|Protosynthesis|[silent]\n|\n|upkeep\n|\n|t:|1699707160\n|switch|p1a: Lokix|Lokix, M, tera:Dark|100\/100\n|turn|21\n|\n|t:|1699707167\n|move|p1a: Lokix|Sucker Punch|p2a: Michael Vick\n|-damage|p2a: Michael Vick|0 fnt\n|faint|p2a: Michael Vick\n|\n|upkeep\n|\n|t:|1699707172\n|switch|p2a: Saint Laurent Hatt|Hatterene, F|100\/100\n|-status|p2a: Saint Laurent Hatt|psn\n|turn|22\n|\n|t:|1699707178\n|switch|p1a: Corviknight|Corviknight, F, shiny|100\/100\n|move|p2a: Saint Laurent Hatt|Calm Mind|p2a: Saint Laurent Hatt\n|-boost|p2a: Saint Laurent Hatt|spa|1\n|-boost|p2a: Saint Laurent Hatt|spd|1\n|\n|-damage|p2a: Saint Laurent Hatt|88\/100 psn|[from] psn\n|upkeep\n|turn|23\n|\n|t:|1699707181\n|move|p1a: Corviknight|Bulk Up|p1a: Corviknight\n|-boost|p1a: Corviknight|atk|1\n|-boost|p1a: Corviknight|def|1\n|move|p2a: Saint Laurent Hatt|Nuzzle|p1a: Corviknight\n|-supereffective|p1a: Corviknight\n|-damage|p1a: Corviknight|96\/100\n|-status|p1a: Corviknight|par\n|\n|-heal|p1a: Corviknight|100\/100 par|[from] item: Leftovers\n|-damage|p2a: Saint Laurent Hatt|76\/100 psn|[from] psn\n|upkeep\n|turn|24\n|\n|t:|1699707184\n|move|p2a: Saint Laurent Hatt|Calm Mind|p2a: Saint Laurent Hatt\n|-boost|p2a: Saint Laurent Hatt|spa|1\n|-boost|p2a: Saint Laurent Hatt|spd|1\n|cant|p1a: Corviknight|par\n|\n|-damage|p2a: Saint Laurent Hatt|64\/100 psn|[from] psn\n|upkeep\n|turn|25\n|\n|t:|1699707186\n|move|p2a: Saint Laurent Hatt|Calm Mind|p2a: Saint Laurent Hatt\n|-boost|p2a: Saint Laurent Hatt|spa|1\n|-boost|p2a: Saint Laurent Hatt|spd|1\n|move|p1a: Corviknight|Brave Bird|p2a: Saint Laurent Hatt\n|-damage|p2a: Saint Laurent Hatt|15\/100 psn\n|-damage|p1a: Corviknight|88\/100 par|[from] Recoil\n|\n|-heal|p1a: Corviknight|94\/100 par|[from] item: Leftovers\n|-damage|p2a: Saint Laurent Hatt|3\/100 psn|[from] psn\n|upkeep\n|turn|26\n|\n|t:|1699707189\n|move|p2a: Saint Laurent Hatt|Psyshock|p1a: Corviknight\n|-resisted|p1a: Corviknight\n|-damage|p1a: Corviknight|71\/100 par\n|move|p1a: Corviknight|Brave Bird|p2a: Saint Laurent Hatt\n|-damage|p2a: Saint Laurent Hatt|0 fnt\n|faint|p2a: Saint Laurent Hatt\n|-damage|p1a: Corviknight|70\/100 par|[from] Recoil\n|\n|-heal|p1a: Corviknight|76\/100 par|[from] item: Leftovers\n|upkeep\n|\n|t:|1699707192\n|switch|p2a: Mr Worldwide|Heatran, F|79\/100\n|turn|27\n|\n|t:|1699707200\n|switch|p1a: Clodsire|Clodsire, M, shiny|82\/100\n|move|p2a: Mr Worldwide|Earth Power|p1a: Clodsire\n|-supereffective|p1a: Clodsire\n|-damage|p1a: Clodsire|54\/100\n|\n|-heal|p1a: Clodsire|60\/100|[from] item: Black Sludge\n|upkeep\n|turn|28\n|\n|t:|1699707204\n|move|p2a: Mr Worldwide|Earth Power|p1a: Clodsire\n|-supereffective|p1a: Clodsire\n|-damage|p1a: Clodsire|30\/100\n|move|p1a: Clodsire|Earthquake|p2a: Mr Worldwide\n|-supereffective|p2a: Mr Worldwide\n|-damage|p2a: Mr Worldwide|0 fnt\n|faint|p2a: Mr Worldwide\n|\n|-heal|p1a: Clodsire|37\/100|[from] item: Black Sludge\n|upkeep\n|\n|t:|1699707207\n|switch|p2a: Iron Bands|Rillaboom, F|34\/100\n|-status|p2a: Iron Bands|psn\n|-fieldstart|move: Grassy Terrain|[from] ability: Grassy Surge|[of] p2a: Iron Bands\n|turn|29\n|\n|t:|1699707212\n|switch|p1a: Corviknight|Corviknight, F, shiny|76\/100 par\n|move|p2a: Iron Bands|Wood Hammer|p1a: Corviknight\n|-resisted|p1a: Corviknight\n|-damage|p1a: Corviknight|50\/100 par\n|-damage|p2a: Iron Bands|24\/100 psn|[from] Recoil\n|\n|-heal|p2a: Iron Bands|31\/100 psn|[from] Grassy Terrain\n|-heal|p1a: Corviknight|57\/100 par|[from] item: Leftovers\n|-damage|p2a: Iron Bands|18\/100 psn|[from] psn\n|upkeep\n|turn|30\n|\n|t:|1699707217\n|move|p2a: Iron Bands|Wood Hammer|p1a: Corviknight\n|-resisted|p1a: Corviknight\n|-damage|p1a: Corviknight|29\/100 par\n|-damage|p2a: Iron Bands|8\/100 psn|[from] Recoil\n|move|p1a: Corviknight|Roost|p1a: Corviknight\n|-heal|p1a: Corviknight|78\/100 par\n|-singleturn|p1a: Corviknight|move: Roost\n|\n|-heal|p2a: Iron Bands|15\/100 psn|[from] Grassy Terrain\n|-heal|p1a: Corviknight|85\/100 par|[from] Grassy Terrain\n|-heal|p1a: Corviknight|91\/100 par|[from] item: Leftovers\n|-damage|p2a: Iron Bands|2\/100 psn|[from] psn\n|upkeep\n|turn|31\n|\n|t:|1699707219\n|move|p2a: Iron Bands|Wood Hammer|p1a: Corviknight\n|-resisted|p1a: Corviknight\n|-crit|p1a: Corviknight\n|-damage|p1a: Corviknight|51\/100 par\n|-damage|p2a: Iron Bands|0 fnt|[from] Recoil\n|faint|p2a: Iron Bands\n|move|p1a: Corviknight|Bulk Up|p1a: Corviknight\n|-boost|p1a: Corviknight|atk|1\n|-boost|p1a: Corviknight|def|1\n|\n|-heal|p1a: Corviknight|57\/100 par|[from] item: Leftovers\n|upkeep\n|\n|t:|1699707224\n|switch|p2a: Creepin'|Sneasler, F|100\/100\n|-sideend|p2: lost ark enjoyer|move: Toxic Spikes|[of] p2a: Creepin'\n|-enditem|p2a: Creepin'|Grassy Seed\n|-boost|p2a: Creepin'|def|1|[from] item: Grassy Seed\n|turn|32\n|\n|t:|1699707232\n|move|p2a: Creepin'|Swords Dance|p2a: Creepin'\n|-boost|p2a: Creepin'|atk|2\n|move|p1a: Corviknight|Brave Bird|p2a: Creepin'\n|-supereffective|p2a: Creepin'\n|-damage|p2a: Creepin'|0 fnt\n|faint|p2a: Creepin'\n|-damage|p1a: Corviknight|29\/100 par|[from] Recoil\n|\n|win|ferroshit\n|raw|ferroshit's rating: 1456 &rarr; <strong>1475<\/strong><br \/>(+19 for winning)\n|raw|lost ark enjoyer's rating: 1441 &rarr; <strong>1422<\/strong><br \/>(-19 for losing)\n|l|\u2606lost ark enjoyer\n","uploadtime":1699707270,"views":21,"p1id":"ferroshit","p2id":"lostarkenjoyer","formatid":"gen9ou","rating":1422,"private":0,"password":""}