{"id":"gen9ou-1996012384","p1":"Burnout Team","p2":"VanhominTesting","format":"[Gen 9] OU","log":"|j|\u2606Burnout Team\n|j|\u2606VanhominTesting\n|t:|1700629215\n|gametype|singles\n|player|p1|Burnout Team|flannery|1193\n|player|p2|VanhominTesting|scientist-gen4|1214\n|teamsize|p1|6\n|teamsize|p2|6\n|gen|9\n|tier|[Gen 9] OU\n|rated|\n|rule|Sleep Clause Mod: Limit one foe put to sleep\n|rule|Species Clause: Limit one of each Pok\u00e9mon\n|rule|OHKO Clause: OHKO moves are banned\n|rule|Evasion Items Clause: Evasion items are banned\n|rule|Evasion Moves Clause: Evasion moves are banned\n|rule|Endless Battle Clause: Forcing endless battles is banned\n|rule|HP Percentage Mod: HP is shown in percentages\n|clearpoke\n|poke|p1|Ribombee, M|\n|poke|p1|Dragapult, F|\n|poke|p1|Kingambit, M|\n|poke|p1|Great Tusk|\n|poke|p1|Iron Valiant|\n|poke|p1|Gholdengo|\n|poke|p2|Enamorus, F|\n|poke|p2|Ninetales-Alola, M|\n|poke|p2|Garganacl, F|\n|poke|p2|Slowking-Galar, M|\n|poke|p2|Corviknight, M|\n|poke|p2|Ditto|\n|teampreview\n|inactive|Battle timer is ON: inactive players will automatically lose when time's up. (requested by VanhominTesting)\n|\n|t:|1700629222\n|start\n|switch|p1a: MegaSpidops|Ribombee, M, shiny|100\/100\n|switch|p2a: Ninetales|Ninetales-Alola, M|100\/100\n|-weather|Snow|[from] ability: Snow Warning|[of] p2a: Ninetales\n|turn|1\n|\n|t:|1700629233\n|move|p1a: MegaSpidops|Sticky Web|p2a: Ninetales\n|-sidestart|p2: VanhominTesting|move: Sticky Web\n|move|p2a: Ninetales|Moonblast|p1a: MegaSpidops\n|-damage|p1a: MegaSpidops|53\/100\n|\n|-weather|Snow|[upkeep]\n|upkeep\n|turn|2\n|\n|t:|1700629239\n|move|p1a: MegaSpidops|Stun Spore|p2a: Ninetales|[miss]\n|-miss|p1a: MegaSpidops|p2a: Ninetales\n|move|p2a: Ninetales|Aurora Veil|p2a: Ninetales\n|-sidestart|p2: VanhominTesting|move: Aurora Veil\n|\n|-weather|Snow|[upkeep]\n|upkeep\n|turn|3\n|\n|t:|1700629248\n|switch|p2a: Catalyst|Garganacl, F, shiny|100\/100\n|-activate|p2a: Catalyst|move: Sticky Web\n|-unboost|p2a: Catalyst|spe|1\n|move|p1a: MegaSpidops|Stun Spore|p2a: Catalyst\n|-immune|p2a: Catalyst|[from] ability: Purifying Salt\n|\n|-weather|Snow|[upkeep]\n|upkeep\n|turn|4\n|\n|t:|1700629259\n|switch|p1a: FIGHT Spinner|Great Tusk|100\/100\n|move|p2a: Catalyst|Curse|p2a: Catalyst\n|-unboost|p2a: Catalyst|spe|1\n|-boost|p2a: Catalyst|atk|1\n|-boost|p2a: Catalyst|def|1\n|\n|-weather|Snow|[upkeep]\n|upkeep\n|turn|5\n|\n|t:|1700629267\n|move|p1a: FIGHT Spinner|Earthquake|p2a: Catalyst\n|-supereffective|p2a: Catalyst\n|-damage|p2a: Catalyst|81\/100\n|move|p2a: Catalyst|Curse|p2a: Catalyst\n|-unboost|p2a: Catalyst|spe|1\n|-boost|p2a: Catalyst|atk|1\n|-boost|p2a: Catalyst|def|1\n|\n|-weather|none\n|-heal|p2a: Catalyst|87\/100|[from] item: Leftovers\n|upkeep\n|turn|6\n|\n|t:|1700629276\n|-end|p1a: FIGHT Spinner|Protosynthesis|[silent]\n|switch|p1a: gholdengover..|Gholdengo|100\/100\n|-item|p1a: gholdengover..|Air Balloon\n|move|p2a: Catalyst|Salt Cure|p1a: gholdengover..\n|-resisted|p1a: gholdengover..\n|-damage|p1a: gholdengover..|85\/100\n|-start|p1a: gholdengover..|Salt Cure\n|-enditem|p1a: gholdengover..|Air Balloon\n|\n|-heal|p2a: Catalyst|94\/100|[from] item: Leftovers\n|-damage|p1a: gholdengover..|60\/100|[from] Salt Cure\n|upkeep\n|turn|7\n|\n|t:|1700629288\n|move|p1a: gholdengover..|Make It Rain|p2a: Catalyst\n|-supereffective|p2a: Catalyst\n|-damage|p2a: Catalyst|51\/100\n|-unboost|p1a: gholdengover..|spa|1\n|move|p2a: Catalyst|Recover|p2a: Catalyst\n|-heal|p2a: Catalyst|100\/100\n|\n|-damage|p1a: gholdengover..|36\/100|[from] Salt Cure\n|upkeep\n|turn|8\n|\n|t:|1700629305\n|switch|p1a: FIGHT Spinner|Great Tusk|100\/100\n|move|p2a: Catalyst|Curse|p2a: Catalyst\n|-unboost|p2a: Catalyst|spe|1\n|-boost|p2a: Catalyst|atk|1\n|-boost|p2a: Catalyst|def|1\n|\n|upkeep\n|turn|9\n|\n|t:|1700629318\n|move|p1a: FIGHT Spinner|Knock Off|p2a: Catalyst\n|-damage|p2a: Catalyst|97\/100\n|-enditem|p2a: Catalyst|Leftovers|[from] move: Knock Off|[of] p1a: FIGHT Spinner\n|move|p2a: Catalyst|Salt Cure|p1a: FIGHT Spinner\n|-resisted|p1a: FIGHT Spinner\n|-damage|p1a: FIGHT Spinner|97\/100\n|-start|p1a: FIGHT Spinner|Salt Cure\n|\n|-heal|p1a: FIGHT Spinner|100\/100|[from] item: Leftovers\n|-damage|p1a: FIGHT Spinner|88\/100|[from] Salt Cure\n|-sideend|p2: VanhominTesting|move: Aurora Veil\n|upkeep\n|turn|10\n|\n|t:|1700629337\n|-end|p1a: FIGHT Spinner|Protosynthesis|[silent]\n|switch|p1a: gholdengover..|Gholdengo|36\/100\n|move|p2a: Catalyst|Body Press|p1a: gholdengover..\n|-immune|p1a: gholdengover..\n|\n|upkeep\n|turn|11\n|inactive|VanhominTesting has 120 seconds left.\n|\n|t:|1700629384\n|-terastallize|p2a: Catalyst|Ghost\n|move|p1a: gholdengover..|Recover|p1a: gholdengover..\n|-heal|p1a: gholdengover..|86\/100\n|move|p2a: Catalyst|Salt Cure|p1a: gholdengover..\n|-resisted|p1a: gholdengover..\n|-damage|p1a: gholdengover..|67\/100\n|-start|p1a: gholdengover..|Salt Cure\n|\n|-damage|p1a: gholdengover..|42\/100|[from] Salt Cure\n|upkeep\n|turn|12\n|\n|t:|1700629393\n|move|p1a: gholdengover..|Shadow Ball|p2a: Catalyst\n|-supereffective|p2a: Catalyst\n|-crit|p2a: Catalyst\n|-damage|p2a: Catalyst|56\/100\n|move|p2a: Catalyst|Salt Cure|p1a: gholdengover..\n|-resisted|p1a: gholdengover..\n|-crit|p1a: gholdengover..\n|-damage|p1a: gholdengover..|12\/100\n|\n|-damage|p1a: gholdengover..|0 fnt|[from] Salt Cure\n|faint|p1a: gholdengover..\n|upkeep\n|\n|t:|1700629404\n|switch|p1a: Toss the Dart|Dragapult, F, shiny|100\/100\n|turn|13\n|inactive|VanhominTesting has 120 seconds left.\n|\n|t:|1700629433\n|move|p1a: Toss the Dart|Substitute|p1a: Toss the Dart\n|-start|p1a: Toss the Dart|Substitute\n|-damage|p1a: Toss the Dart|76\/100\n|move|p2a: Catalyst|Recover|p2a: Catalyst\n|-heal|p2a: Catalyst|100\/100\n|\n|-heal|p1a: Toss the Dart|82\/100|[from] item: Leftovers\n|upkeep\n|turn|14\n|\n|t:|1700629440\n|move|p1a: Toss the Dart|Dragon Dance|p1a: Toss the Dart\n|-boost|p1a: Toss the Dart|atk|1\n|-boost|p1a: Toss the Dart|spe|1\n|move|p2a: Catalyst|Salt Cure|p1a: Toss the Dart\n|-end|p1a: Toss the Dart|Substitute\n|\n|-heal|p1a: Toss the Dart|88\/100|[from] item: Leftovers\n|upkeep\n|turn|15\n|\n|t:|1700629449\n|move|p1a: Toss the Dart|Phantom Force||[still]\n|-prepare|p1a: Toss the Dart|Phantom Force\n|move|p2a: Catalyst|Salt Cure|p1a: Toss the Dart|[miss]\n|-miss|p2a: Catalyst|p1a: Toss the Dart\n|\n|-heal|p1a: Toss the Dart|94\/100|[from] item: Leftovers\n|upkeep\n|turn|16\n|\n|t:|1700629454\n|move|p1a: Toss the Dart|Phantom Force|p2a: Catalyst|[from]lockedmove\n|-supereffective|p2a: Catalyst\n|-damage|p2a: Catalyst|81\/100\n|move|p2a: Catalyst|Salt Cure|p1a: Toss the Dart\n|-damage|p1a: Toss the Dart|46\/100\n|-start|p1a: Toss the Dart|Salt Cure\n|\n|-heal|p1a: Toss the Dart|52\/100|[from] item: Leftovers\n|-damage|p1a: Toss the Dart|40\/100|[from] Salt Cure\n|upkeep\n|turn|17\n|\n|t:|1700629468\n|switch|p1a: FIGHT Spinner|Great Tusk|88\/100\n|move|p2a: Catalyst|Recover|p2a: Catalyst\n|-heal|p2a: Catalyst|100\/100\n|\n|-heal|p1a: FIGHT Spinner|94\/100|[from] item: Leftovers\n|upkeep\n|turn|18\n|\n|t:|1700629481\n|move|p1a: FIGHT Spinner|Earthquake|p2a: Catalyst\n|-damage|p2a: Catalyst|89\/100\n|move|p2a: Catalyst|Salt Cure|p1a: FIGHT Spinner\n|-resisted|p1a: FIGHT Spinner\n|-damage|p1a: FIGHT Spinner|90\/100\n|-start|p1a: FIGHT Spinner|Salt Cure\n|\n|-heal|p1a: FIGHT Spinner|96\/100|[from] item: Leftovers\n|-damage|p1a: FIGHT Spinner|84\/100|[from] Salt Cure\n|upkeep\n|turn|19\n|\n|t:|1700629489\n|move|p1a: FIGHT Spinner|Knock Off|p2a: Catalyst\n|-supereffective|p2a: Catalyst\n|-damage|p2a: Catalyst|78\/100\n|move|p2a: Catalyst|Body Press|p1a: FIGHT Spinner\n|-damage|p1a: FIGHT Spinner|57\/100\n|\n|-heal|p1a: FIGHT Spinner|63\/100|[from] item: Leftovers\n|-damage|p1a: FIGHT Spinner|50\/100|[from] Salt Cure\n|upkeep\n|turn|20\n|\n|t:|1700629500\n|-end|p1a: FIGHT Spinner|Protosynthesis|[silent]\n|switch|p1a: MegaSpidops|Ribombee, M, shiny|53\/100\n|move|p2a: Catalyst|Body Press|p1a: MegaSpidops\n|-resisted|p1a: MegaSpidops\n|-damage|p1a: MegaSpidops|23\/100\n|\n|upkeep\n|turn|21\n|\n|t:|1700629507\n|move|p1a: MegaSpidops|Stun Spore|p2a: Catalyst\n|-immune|p2a: Catalyst|[from] ability: Purifying Salt\n|move|p2a: Catalyst|Salt Cure|p1a: MegaSpidops\n|-supereffective|p1a: MegaSpidops\n|-damage|p1a: MegaSpidops|0 fnt\n|faint|p1a: MegaSpidops\n|\n|upkeep\n|-message|Burnout Team forfeited.\n|\n|win|VanhominTesting\n|raw|Burnout Team's rating: 1193 &rarr; <strong>1170<\/strong><br \/>(-23 for losing)\n|raw|VanhominTesting's rating: 1214 &rarr; <strong>1237<\/strong><br \/>(+23 for winning)\n|l|\u2606Burnout Team\n","uploadtime":1700629513,"views":0,"p1id":"burnoutteam","p2id":"vanhomintesting","formatid":"gen9ou","rating":1170,"private":0,"password":""}