{"id":"gen9ou-1990474212","p1":"silverkey5","p2":"lunar7577","format":"[Gen 9] OU","log":"|j|\u2606silverkey5\n|j|\u2606lunar7577\n|t:|1699974311\n|gametype|singles\n|player|p1|silverkey5|steven-masters2|\n|player|p2|lunar7577|morty-masters2|\n|teamsize|p1|6\n|teamsize|p2|6\n|gen|9\n|tier|[Gen 9] OU\n|rule|Sleep Clause Mod: Limit one foe put to sleep\n|rule|Species Clause: Limit one of each Pok\u00e9mon\n|rule|OHKO Clause: OHKO moves are banned\n|rule|Evasion Items Clause: Evasion items are banned\n|rule|Evasion Moves Clause: Evasion moves are banned\n|rule|Endless Battle Clause: Forcing endless battles is banned\n|rule|HP Percentage Mod: HP is shown in percentages\n|clearpoke\n|poke|p1|Landorus-Therian, M|\n|poke|p1|Corviknight, M|\n|poke|p1|Thundurus-Therian, M|\n|poke|p1|Dragonite, M|\n|poke|p1|Zapdos-Galar|\n|poke|p1|Enamorus-Therian, F|\n|poke|p2|Oranguru, M|\n|poke|p2|Braviary-Hisui, M|\n|poke|p2|Gallade, M|\n|poke|p2|Mew|\n|poke|p2|Uxie|\n|poke|p2|Slowbro-Galar, F|\n|teampreview\n|\n|t:|1699974326\n|start\n|switch|p1a: not gliscor|Landorus-Therian, M|100\/100\n|switch|p2a: The fall of '16|Oranguru, M, shiny|100\/100\n|-ability|p1a: not gliscor|Intimidate|boost\n|-fail|p2a: The fall of '16|unboost|Attack|[from] ability: Inner Focus|[of] p2a: The fall of '16\n|turn|1\n|\n|t:|1699974346\n|move|p1a: not gliscor|Taunt|p2a: The fall of '16\n|-start|p2a: The fall of '16|move: Taunt\n|move|p2a: The fall of '16|Knock Off|p1a: not gliscor\n|-damage|p1a: not gliscor|91\/100\n|-damage|p2a: The fall of '16|84\/100|[from] item: Rocky Helmet|[of] p1a: not gliscor\n|-enditem|p1a: not gliscor|Rocky Helmet|[from] move: Knock Off|[of] p2a: The fall of '16\n|\n|-heal|p2a: The fall of '16|90\/100|[from] item: Leftovers\n|upkeep\n|turn|2\n|\n|t:|1699974369\n|move|p1a: not gliscor|Stealth Rock|p2a: The fall of '16\n|-sidestart|p2: lunar7577|move: Stealth Rock\n|move|p2a: The fall of '16|Extrasensory|p1a: not gliscor\n|-damage|p1a: not gliscor|65\/100\n|\n|-heal|p2a: The fall of '16|96\/100|[from] item: Leftovers\n|upkeep\n|turn|3\n|\n|t:|1699974389\n|move|p1a: not gliscor|U-turn|p2a: The fall of '16\n|-supereffective|p2a: The fall of '16\n|-damage|p2a: The fall of '16|60\/100\n|\n|t:|1699974415\n|switch|p1a: better skarmory|Corviknight, M, shiny|100\/100|[from] U-turn\n|move|p2a: The fall of '16|Extrasensory|p1a: better skarmory\n|-resisted|p1a: better skarmory\n|-damage|p1a: better skarmory|90\/100\n|\n|-heal|p1a: better skarmory|97\/100|[from] item: Leftovers\n|-heal|p2a: The fall of '16|67\/100|[from] item: Leftovers\n|-end|p2a: The fall of '16|move: Taunt\n|upkeep\n|turn|4\n|\n|t:|1699974424\n|move|p1a: better skarmory|Drill Peck|p2a: The fall of '16\n|-damage|p2a: The fall of '16|46\/100\n|move|p2a: The fall of '16|Yawn|p1a: better skarmory\n|-start|p1a: better skarmory|move: Yawn|[of] p2a: The fall of '16\n|\n|-heal|p1a: better skarmory|100\/100|[from] item: Leftovers\n|-heal|p2a: The fall of '16|52\/100|[from] item: Leftovers\n|upkeep\n|turn|5\n|\n|t:|1699974436\n|move|p1a: better skarmory|U-turn|p2a: The fall of '16\n|-supereffective|p2a: The fall of '16\n|-damage|p2a: The fall of '16|27\/100\n|\n|t:|1699974438\n|switch|p1a: not gliscor|Landorus-Therian, M|65\/100|[from] U-turn\n|-ability|p1a: not gliscor|Intimidate|boost\n|-fail|p2a: The fall of '16|unboost|Attack|[from] ability: Inner Focus|[of] p2a: The fall of '16\n|move|p2a: The fall of '16|Knock Off|p1a: not gliscor\n|-damage|p1a: not gliscor|58\/100\n|\n|-heal|p2a: The fall of '16|34\/100|[from] item: Leftovers\n|upkeep\n|turn|6\n|\n|t:|1699974450\n|move|p1a: not gliscor|Taunt|p2a: The fall of '16\n|-start|p2a: The fall of '16|move: Taunt\n|move|p2a: The fall of '16|Extrasensory|p1a: not gliscor\n|-damage|p1a: not gliscor|30\/100\n|\n|-heal|p2a: The fall of '16|40\/100|[from] item: Leftovers\n|upkeep\n|turn|7\n|l|\u2606lunar7577\n|player|p2|\n|j|\u2606lunar7577\n|player|p2|lunar7577|morty-masters2\n|\n|t:|1699974499\n|move|p1a: not gliscor|Earthquake|p2a: The fall of '16\n|-damage|p2a: The fall of '16|3\/100\n|move|p2a: The fall of '16|Extrasensory|p1a: not gliscor\n|-damage|p1a: not gliscor|2\/100\n|\n|-heal|p2a: The fall of '16|9\/100|[from] item: Leftovers\n|upkeep\n|turn|8\n|\n|t:|1699974513\n|move|p1a: not gliscor|Earthquake|p2a: The fall of '16\n|-damage|p2a: The fall of '16|0 fnt\n|faint|p2a: The fall of '16\n|\n|upkeep\n|\n|t:|1699974521\n|switch|p2a: Coma Faller|Uxie, shiny|100\/100\n|-damage|p2a: Coma Faller|88\/100|[from] Stealth Rock\n|turn|9\n|\n|t:|1699974534\n|move|p2a: Coma Faller|Stealth Rock|p1a: not gliscor\n|-sidestart|p1: silverkey5|move: Stealth Rock\n|move|p1a: not gliscor|U-turn|p2a: Coma Faller\n|-supereffective|p2a: Coma Faller\n|-damage|p2a: Coma Faller|56\/100\n|\n|t:|1699974540\n|switch|p1a: better skarmory|Corviknight, M, shiny|100\/100|[from] U-turn\n|-damage|p1a: better skarmory|88\/100|[from] Stealth Rock\n|\n|-heal|p1a: better skarmory|94\/100|[from] item: Leftovers\n|upkeep\n|turn|10\n|\n|t:|1699974549\n|move|p2a: Coma Faller|Reflect|p2a: Coma Faller\n|-sidestart|p2: lunar7577|Reflect\n|move|p1a: better skarmory|Drill Peck|p2a: Coma Faller\n|-damage|p2a: Coma Faller|47\/100\n|\n|-heal|p1a: better skarmory|100\/100|[from] item: Leftovers\n|upkeep\n|turn|11\n|\n|t:|1699974569\n|move|p2a: Coma Faller|Light Screen|p2a: Coma Faller\n|-sidestart|p2: lunar7577|move: Light Screen\n|move|p1a: better skarmory|Defog|p2a: Coma Faller\n|-unboost|p2a: Coma Faller|evasion|1\n|-sideend|p2: lunar7577|Reflect\n|-sideend|p2: lunar7577|move: Light Screen\n|-sideend|p2: lunar7577|Stealth Rock|[from] move: Defog|[of] p1a: better skarmory\n|-sideend|p1: silverkey5|Stealth Rock|[from] move: Defog|[of] p1a: better skarmory\n|\n|upkeep\n|turn|12\n|\n|t:|1699974576\n|move|p2a: Coma Faller|Reflect|p2a: Coma Faller\n|-sidestart|p2: lunar7577|Reflect\n|move|p1a: better skarmory|U-turn|p2a: Coma Faller\n|-supereffective|p2a: Coma Faller\n|-damage|p2a: Coma Faller|38\/100\n|\n|t:|1699974578\n|switch|p1a: not gliscor|Landorus-Therian, M|2\/100|[from] U-turn\n|-ability|p1a: not gliscor|Intimidate|boost\n|-unboost|p2a: Coma Faller|atk|1\n|\n|upkeep\n|turn|13\n|\n|t:|1699974585\n|move|p2a: Coma Faller|Grass Knot|p1a: not gliscor\n|-damage|p1a: not gliscor|0 fnt\n|faint|p1a: not gliscor\n|\n|upkeep\n|\n|t:|1699974592\n|switch|p1a: better skarmory|Corviknight, M, shiny|100\/100\n|turn|14\n|\n|t:|1699974605\n|move|p2a: Coma Faller|Grass Knot|p1a: better skarmory\n|-resisted|p1a: better skarmory\n|-damage|p1a: better skarmory|98\/100\n|move|p1a: better skarmory|Drill Peck|p2a: Coma Faller\n|-damage|p2a: Coma Faller|29\/100\n|\n|-heal|p1a: better skarmory|100\/100|[from] item: Leftovers\n|upkeep\n|turn|15\n|\n|t:|1699974638\n|move|p2a: Coma Faller|Stealth Rock|p1a: better skarmory\n|-sidestart|p1: silverkey5|move: Stealth Rock\n|move|p1a: better skarmory|Drill Peck|p2a: Coma Faller\n|-damage|p2a: Coma Faller|21\/100\n|\n|upkeep\n|turn|16\n|\n|t:|1699974650\n|switch|p2a: 12 feet down|Mew, shiny|100\/100\n|move|p1a: better skarmory|Defog|p2a: 12 feet down\n|-unboost|p2a: 12 feet down|evasion|1\n|-sideend|p2: lunar7577|Reflect\n|-sideend|p1: silverkey5|Stealth Rock|[from] move: Defog|[of] p1a: better skarmory\n|\n|upkeep\n|turn|17\n|\n|t:|1699974659\n|move|p2a: 12 feet down|Dragon Dance|p2a: 12 feet down\n|-boost|p2a: 12 feet down|atk|1\n|-boost|p2a: 12 feet down|spe|1\n|move|p1a: better skarmory|U-turn|p2a: 12 feet down\n|-supereffective|p2a: 12 feet down\n|-damage|p2a: 12 feet down|72\/100\n|j| FoonDesFleurs\n|\n|t:|1699974676\n|switch|p1a: chicken|Zapdos-Galar|100\/100|[from] U-turn\n|\n|upkeep\n|turn|18\n|\n|t:|1699974684\n|-terastallize|p1a: chicken|Steel\n|move|p1a: chicken|Knock Off|p2a: 12 feet down\n|-supereffective|p2a: 12 feet down\n|-damage|p2a: 12 feet down|8\/100\n|-enditem|p2a: 12 feet down|Life Orb|[from] move: Knock Off|[of] p1a: chicken\n|move|p2a: 12 feet down|Psychic Fangs|p1a: chicken\n|-resisted|p1a: chicken\n|-damage|p1a: chicken|63\/100\n|\n|upkeep\n|turn|19\n|\n|t:|1699974694\n|move|p1a: chicken|Knock Off|p2a: 12 feet down\n|-supereffective|p2a: 12 feet down\n|-damage|p2a: 12 feet down|0 fnt\n|faint|p2a: 12 feet down\n|\n|upkeep\n|\n|t:|1699974701\n|switch|p2a: Coma Faller|Uxie, shiny|21\/100\n|turn|20\n|\n|t:|1699974704\n|move|p1a: chicken|Knock Off|p2a: Coma Faller\n|-supereffective|p2a: Coma Faller\n|-damage|p2a: Coma Faller|0 fnt\n|-enditem|p2a: Coma Faller|Light Clay|[from] move: Knock Off|[of] p1a: chicken\n|faint|p2a: Coma Faller\n|\n|upkeep\n|\n|t:|1699974717\n|switch|p2a: The parent|Gallade, M, shiny|100\/100\n|turn|21\n|\n|t:|1699974732\n|switch|p1a: turble|Enamorus-Therian, F|100\/100\n|-terastallize|p2a: The parent|Grass\n|move|p2a: The parent|Sacred Sword|p1a: turble\n|-resisted|p1a: turble\n|-damage|p1a: turble|86\/100\n|\n|-heal|p1a: turble|92\/100|[from] item: Leftovers\n|upkeep\n|turn|22\n|\n|t:|1699974750\n|switch|p2a: The keepers|Slowbro-Galar, F, shiny|100\/100\n|move|p1a: turble|Calm Mind|p1a: turble\n|-boost|p1a: turble|spa|1\n|-boost|p1a: turble|spd|1\n|\n|-heal|p1a: turble|98\/100|[from] item: Leftovers\n|upkeep\n|turn|23\n|\n|t:|1699974758\n|move|p1a: turble|Earth Power|p2a: The keepers\n|-supereffective|p2a: The keepers\n|-damage|p2a: The keepers|37\/100\n|-unboost|p2a: The keepers|spd|1\n|-enditem|p2a: The keepers|Sitrus Berry|[eat]\n|-heal|p2a: The keepers|61\/100|[from] item: Sitrus Berry\n|move|p2a: The keepers|Belly Drum|p2a: The keepers\n|-damage|p2a: The keepers|11\/100\n|-setboost|p2a: The keepers|atk|6|[from] move: Belly Drum\n|\n|-heal|p1a: turble|100\/100|[from] item: Leftovers\n|upkeep\n|turn|24\n|-activate|p2a: The keepers|ability: Quick Draw\n|\n|t:|1699974771\n|move|p2a: The keepers|Shell Side Arm|p1a: turble|[anim] Shell Side Arm Physical\n|-supereffective|p1a: turble\n|-damage|p1a: turble|0 fnt\n|-hint|Physical Shell Side Arm\n|faint|p1a: turble\n|\n|upkeep\n|\n|t:|1699974776\n|switch|p1a: DANCE DANCE|Dragonite, M|100\/100\n|turn|25\n|\n|t:|1699974779\n|move|p1a: DANCE DANCE|Extreme Speed|p2a: The keepers\n|-damage|p2a: The keepers|0 fnt\n|faint|p2a: The keepers\n|\n|upkeep\n|\n|t:|1699974787\n|switch|p2a: Vulture|Braviary-Hisui, M, shiny|100\/100\n|turn|26\n|\n|t:|1699974794\n|move|p1a: DANCE DANCE|Dragon Dance|p1a: DANCE DANCE\n|-boost|p1a: DANCE DANCE|atk|1\n|-boost|p1a: DANCE DANCE|spe|1\n|move|p2a: Vulture|Dazzling Gleam|p1a: DANCE DANCE\n|-supereffective|p1a: DANCE DANCE\n|-damage|p1a: DANCE DANCE|72\/100\n|\n|upkeep\n|turn|27\n|\n|t:|1699974802\n|move|p1a: DANCE DANCE|Outrage|p2a: Vulture\n|-damage|p2a: Vulture|0 fnt\n|faint|p2a: Vulture\n|\n|upkeep\n|\n|t:|1699974806\n|switch|p2a: The parent|Gallade, M, shiny, tera:Grass|100\/100\n|turn|28\n|\n|t:|1699974812\n|move|p1a: DANCE DANCE|Outrage|p2a: The parent|[from]lockedmove\n|-damage|p2a: The parent|0 fnt\n|faint|p2a: The parent\n|-start|p1a: DANCE DANCE|confusion|[fatigue]\n|\n|win|silverkey5\n|l|\u2606lunar7577\n|l|\u2606silverkey5\n","uploadtime":1699974931,"views":8,"p1id":"silverkey5","p2id":"lunar7577","formatid":"gen9ou","rating":0,"private":0,"password":""}