{"id":"gen9ou-1989684933","p1":"Diatere","p2":"DirkDiggler420","format":"[Gen 9] OU","log":"|j|\u2606Diatere\n|j|\u2606DirkDiggler420\n|t:|1699886678\n|gametype|singles\n|player|p1|Diatere|mina|1334\n|player|p2|DirkDiggler420|102|1327\n|teamsize|p1|6\n|teamsize|p2|6\n|gen|9\n|tier|[Gen 9] OU\n|rated|\n|rule|Sleep Clause Mod: Limit one foe put to sleep\n|rule|Species Clause: Limit one of each Pok\u00e9mon\n|rule|OHKO Clause: OHKO moves are banned\n|rule|Evasion Items Clause: Evasion items are banned\n|rule|Evasion Moves Clause: Evasion moves are banned\n|rule|Endless Battle Clause: Forcing endless battles is banned\n|rule|HP Percentage Mod: HP is shown in percentages\n|clearpoke\n|poke|p1|Ninetales-Alola, M|\n|poke|p1|Sneasler, M|\n|poke|p1|Hatterene, F|\n|poke|p1|Manaphy|\n|poke|p1|Ogerpon-Cornerstone, F|\n|poke|p1|Rillaboom, M|\n|poke|p2|Hatterene, F|\n|poke|p2|Gholdengo|\n|poke|p2|Volcanion|\n|poke|p2|Ting-Lu|\n|poke|p2|Maushold|\n|poke|p2|Salamence, M|\n|teampreview\n|j| IRLFloofy\n|\n|t:|1699886700\n|start\n|switch|p1a: Gamzee|Rillaboom, M|100\/100\n|switch|p2a: Maushold|Maushold|100\/100\n|-fieldstart|move: Grassy Terrain|[from] ability: Grassy Surge|[of] p1a: Gamzee\n|turn|1\n|inactive|Battle timer is ON: inactive players will automatically lose when time's up. (requested by DirkDiggler420)\n|\n|t:|1699886713\n|move|p2a: Maushold|U-turn|p1a: Gamzee\n|-supereffective|p1a: Gamzee\n|-damage|p1a: Gamzee|53\/100\n|-damage|p2a: Maushold|91\/100|[from] item: Life Orb\n|\n|t:|1699886725\n|switch|p2a: Salamence|Salamence, M|100\/100|[from] U-turn\n|move|p1a: Gamzee|U-turn|p2a: Salamence\n|-resisted|p2a: Salamence\n|-damage|p2a: Salamence|78\/100\n|\n|t:|1699886736\n|switch|p1a: Tavros|Ninetales-Alola, M|100\/100|[from] U-turn\n|-weather|Snow|[from] ability: Snow Warning|[of] p1a: Tavros\n|\n|-weather|Snow|[upkeep]\n|upkeep\n|turn|2\n|\n|t:|1699886746\n|switch|p2a: Volcanion|Volcanion|100\/100\n|move|p1a: Tavros|Freeze-Dry|p2a: Volcanion\n|-damage|p2a: Volcanion|75\/100\n|\n|-weather|Snow|[upkeep]\n|-heal|p2a: Volcanion|81\/100|[from] Grassy Terrain\n|upkeep\n|turn|3\n|\n|t:|1699886764\n|move|p2a: Volcanion|Flamethrower|p1a: Tavros\n|-supereffective|p1a: Tavros\n|-damage|p1a: Tavros|8\/100\n|move|p1a: Tavros|Aurora Veil|p1a: Tavros\n|-sidestart|p1: Diatere|move: Aurora Veil\n|\n|-weather|Snow|[upkeep]\n|-heal|p2a: Volcanion|87\/100|[from] Grassy Terrain\n|-heal|p1a: Tavros|14\/100|[from] Grassy Terrain\n|upkeep\n|turn|4\n|inactive|DirkDiggler420 has 120 seconds left.\n|\n|t:|1699886792\n|switch|p2a: Hatterene|Hatterene, F|100\/100\n|switch|p1a: Karkat|Sneasler, M|100\/100\n|-enditem|p1a: Karkat|Grassy Seed\n|-boost|p1a: Karkat|def|1|[from] item: Grassy Seed\n|\n|-weather|Snow|[upkeep]\n|upkeep\n|turn|5\n|inactive|DirkDiggler420 has 120 seconds left.\n|\n|t:|1699886810\n|switch|p2a: Ting-Lu|Ting-Lu|100\/100\n|-ability|p2a: Ting-Lu|Vessel of Ruin\n|-terastallize|p1a: Karkat|Flying\n|move|p1a: Karkat|Swords Dance|p1a: Karkat\n|-boost|p1a: Karkat|atk|2\n|\n|-weather|none\n|-fieldend|move: Grassy Terrain\n|upkeep\n|turn|6\n|inactive|DirkDiggler420 has 120 seconds left.\n|\n|t:|1699886819\n|move|p1a: Karkat|Close Combat|p2a: Ting-Lu\n|-supereffective|p2a: Ting-Lu\n|-damage|p2a: Ting-Lu|0 fnt\n|-unboost|p1a: Karkat|def|1\n|-unboost|p1a: Karkat|spd|1\n|faint|p2a: Ting-Lu\n|\n|upkeep\n|inactive|DirkDiggler420 has 120 seconds left.\n|\n|t:|1699886826\n|switch|p2a: Gholdengo|Gholdengo|100\/100\n|turn|7\n|\n|t:|1699886835\n|move|p1a: Karkat|Acrobatics|p2a: Gholdengo\n|-resisted|p2a: Gholdengo\n|-damage|p2a: Gholdengo|62\/100\n|move|p2a: Gholdengo|Nasty Plot|p2a: Gholdengo\n|-boost|p2a: Gholdengo|spa|2\n|\n|-heal|p2a: Gholdengo|68\/100|[from] item: Leftovers\n|upkeep\n|turn|8\n|\n|t:|1699886842\n|move|p1a: Karkat|Swords Dance|p1a: Karkat\n|-boost|p1a: Karkat|atk|2\n|move|p2a: Gholdengo|Recover|p2a: Gholdengo\n|-heal|p2a: Gholdengo|100\/100\n|\n|upkeep\n|turn|9\n|\n|t:|1699886851\n|move|p1a: Karkat|Swords Dance|p1a: Karkat\n|-boost|p1a: Karkat|atk|2\n|move|p2a: Gholdengo|Shadow Ball|p1a: Karkat\n|-crit|p1a: Karkat\n|-damage|p1a: Karkat|0 fnt\n|faint|p1a: Karkat\n|\n|upkeep\n|c|\u2606Diatere|mmmm crits\n|c|\u2606Diatere|big fan\n|\n|t:|1699886868\n|switch|p1a: Gamzee|Rillaboom, M|53\/100\n|-fieldstart|move: Grassy Terrain|[from] ability: Grassy Surge|[of] p1a: Gamzee\n|turn|10\n|inactive|DirkDiggler420 has 120 seconds left.\n|\n|t:|1699886920\n|switch|p2a: Hatterene|Hatterene, F|100\/100\n|move|p1a: Gamzee|Knock Off|p2a: Hatterene\n|-damage|p2a: Hatterene|49\/100\n|-enditem|p2a: Hatterene|Kee Berry|[from] move: Knock Off|[of] p1a: Gamzee\n|\n|-heal|p1a: Gamzee|59\/100|[from] Grassy Terrain\n|-heal|p2a: Hatterene|55\/100|[from] Grassy Terrain\n|-sideend|p1: Diatere|move: Aurora Veil\n|upkeep\n|turn|11\n|\n|t:|1699886933\n|switch|p1a: Kanaya|Hatterene, F|100\/100\n|-enditem|p1a: Kanaya|Grassy Seed\n|-boost|p1a: Kanaya|def|1|[from] item: Grassy Seed\n|move|p2a: Hatterene|Agility|p2a: Hatterene\n|-boost|p2a: Hatterene|spe|2\n|\n|-heal|p2a: Hatterene|61\/100|[from] Grassy Terrain\n|upkeep\n|turn|12\n|\n|t:|1699886940\n|move|p2a: Hatterene|Calm Mind|p2a: Hatterene\n|-boost|p2a: Hatterene|spa|1\n|-boost|p2a: Hatterene|spd|1\n|move|p1a: Kanaya|Calm Mind|p1a: Kanaya\n|-boost|p1a: Kanaya|spa|1\n|-boost|p1a: Kanaya|spd|1\n|\n|-heal|p2a: Hatterene|67\/100|[from] Grassy Terrain\n|upkeep\n|turn|13\n|c|\u2606Diatere|spiderman pointing meme\n|\n|t:|1699886951\n|move|p2a: Hatterene|Calm Mind|p2a: Hatterene\n|-boost|p2a: Hatterene|spa|1\n|-boost|p2a: Hatterene|spd|1\n|move|p1a: Kanaya|Calm Mind|p1a: Kanaya\n|-boost|p1a: Kanaya|spa|1\n|-boost|p1a: Kanaya|spd|1\n|\n|-heal|p2a: Hatterene|73\/100|[from] Grassy Terrain\n|upkeep\n|turn|14\n|inactive|Diatere has 120 seconds left.\n|\n|t:|1699886981\n|-terastallize|p2a: Hatterene|Steel\n|move|p2a: Hatterene|Calm Mind|p2a: Hatterene\n|-boost|p2a: Hatterene|spa|1\n|-boost|p2a: Hatterene|spd|1\n|move|p1a: Kanaya|Calm Mind|p1a: Kanaya\n|-boost|p1a: Kanaya|spa|1\n|-boost|p1a: Kanaya|spd|1\n|\n|-heal|p2a: Hatterene|79\/100|[from] Grassy Terrain\n|-fieldend|move: Grassy Terrain\n|upkeep\n|turn|15\n|\n|t:|1699886993\n|move|p2a: Hatterene|Agility|p2a: Hatterene\n|-boost|p2a: Hatterene|spe|2\n|move|p1a: Kanaya|Mystical Fire|p2a: Hatterene\n|-supereffective|p2a: Hatterene\n|-damage|p2a: Hatterene|30\/100\n|-unboost|p2a: Hatterene|spa|1\n|\n|upkeep\n|turn|16\n|\n|t:|1699887001\n|move|p2a: Hatterene|Draining Kiss|p1a: Kanaya\n|-damage|p1a: Kanaya|81\/100\n|-heal|p2a: Hatterene|45\/100|[from] drain|[of] p1a: Kanaya\n|move|p1a: Kanaya|Mystical Fire|p2a: Hatterene\n|-supereffective|p2a: Hatterene\n|-damage|p2a: Hatterene|0 fnt\n|faint|p2a: Hatterene\n|\n|upkeep\n|\n|t:|1699887008\n|switch|p2a: Gholdengo|Gholdengo|100\/100\n|turn|17\n|\n|t:|1699887012\n|move|p2a: Gholdengo|Make It Rain|p1a: Kanaya\n|-supereffective|p1a: Kanaya\n|-damage|p1a: Kanaya|39\/100\n|-unboost|p2a: Gholdengo|spa|1\n|move|p1a: Kanaya|Mystical Fire|p2a: Gholdengo\n|-supereffective|p2a: Gholdengo\n|-damage|p2a: Gholdengo|0 fnt\n|faint|p2a: Gholdengo\n|\n|upkeep\n|\n|t:|1699887018\n|switch|p2a: Maushold|Maushold|91\/100\n|turn|18\n|\n|t:|1699887023\n|move|p2a: Maushold|Population Bomb|p1a: Kanaya\n|-damage|p1a: Kanaya|31\/100\n|-damage|p1a: Kanaya|23\/100\n|-damage|p1a: Kanaya|14\/100\n|-damage|p1a: Kanaya|6\/100\n|-damage|p1a: Kanaya|0 fnt\n|faint|p1a: Kanaya\n|-hitcount|p1: Kanaya|5\n|-damage|p2a: Maushold|81\/100|[from] item: Life Orb\n|\n|upkeep\n|\n|t:|1699887042\n|switch|p1a: Gamzee|Rillaboom, M|59\/100\n|-fieldstart|move: Grassy Terrain|[from] ability: Grassy Surge|[of] p1a: Gamzee\n|turn|19\n|\n|t:|1699887047\n|move|p1a: Gamzee|Grassy Glide|p2a: Maushold\n|-damage|p2a: Maushold|0 fnt\n|faint|p2a: Maushold\n|\n|-heal|p1a: Gamzee|66\/100|[from] Grassy Terrain\n|upkeep\n|\n|t:|1699887052\n|switch|p2a: Salamence|Salamence, M|78\/100\n|turn|20\n|\n|t:|1699887069\n|switch|p1a: Terezi|Manaphy|100\/100\n|move|p2a: Salamence|Dragon Dance|p2a: Salamence\n|-boost|p2a: Salamence|atk|1\n|-boost|p2a: Salamence|spe|1\n|\n|upkeep\n|turn|21\n|\n|t:|1699887076\n|move|p2a: Salamence|Dragon Claw|p1a: Terezi\n|-damage|p1a: Terezi|32\/100\n|-damage|p2a: Salamence|68\/100|[from] item: Life Orb\n|move|p1a: Terezi|Acid Armor|p1a: Terezi\n|-boost|p1a: Terezi|def|2\n|\n|-heal|p1a: Terezi|38\/100|[from] Grassy Terrain\n|-heal|p1a: Terezi|44\/100|[from] item: Leftovers\n|upkeep\n|turn|22\n|\n|t:|1699887095\n|move|p2a: Salamence|Dragon Claw|p1a: Terezi\n|-crit|p1a: Terezi\n|-damage|p1a: Terezi|0 fnt\n|faint|p1a: Terezi\n|-ability|p2a: Salamence|Moxie|boost\n|-boost|p2a: Salamence|atk|1\n|-damage|p2a: Salamence|58\/100|[from] item: Life Orb\n|\n|upkeep\n|\n|t:|1699887108\n|switch|p1a: Vriska|Ogerpon-Cornerstone, F|100\/100\n|turn|23\n|\n|t:|1699887118\n|move|p2a: Salamence|Dragon Claw|p1a: Vriska\n|-ability|p1a: Vriska|Sturdy\n|-damage|p1a: Vriska|1\/100\n|-damage|p2a: Salamence|48\/100|[from] item: Life Orb\n|move|p1a: Vriska|Ivy Cudgel|p2a: Salamence\n|-supereffective|p2a: Salamence\n|-crit|p2a: Salamence\n|-damage|p2a: Salamence|0 fnt\n|faint|p2a: Salamence\n|\n|-heal|p1a: Vriska|7\/100|[from] Grassy Terrain\n|-fieldend|move: Grassy Terrain\n|upkeep\n|\n|t:|1699887122\n|switch|p2a: Volcanion|Volcanion|87\/100\n|turn|24\n|\n|t:|1699887145\n|move|p2a: Volcanion|Flamethrower|p1a: Vriska\n|-damage|p1a: Vriska|0 fnt\n|faint|p1a: Vriska\n|\n|upkeep\n|\n|t:|1699887148\n|switch|p1a: Gamzee|Rillaboom, M|66\/100\n|-fieldstart|move: Grassy Terrain|[from] ability: Grassy Surge|[of] p1a: Gamzee\n|turn|25\n|\n|t:|1699887151\n|move|p1a: Gamzee|Grassy Glide|p2a: Volcanion\n|-damage|p2a: Volcanion|37\/100\n|move|p2a: Volcanion|Flamethrower|p1a: Gamzee\n|-supereffective|p1a: Gamzee\n|-damage|p1a: Gamzee|0 fnt\n|faint|p1a: Gamzee\n|\n|-heal|p2a: Volcanion|43\/100|[from] Grassy Terrain\n|upkeep\n|\n|t:|1699887155\n|switch|p1a: Tavros|Ninetales-Alola, M|14\/100\n|-weather|Snow|[from] ability: Snow Warning|[of] p1a: Tavros\n|turn|26\n|\n|t:|1699887169\n|move|p2a: Volcanion|Flamethrower|p1a: Tavros\n|-supereffective|p1a: Tavros\n|-damage|p1a: Tavros|0 fnt\n|faint|p1a: Tavros\n|\n|win|DirkDiggler420\n|raw|Diatere's rating: 1334 &rarr; <strong>1314<\/strong><br \/>(-20 for losing)\n|raw|DirkDiggler420's rating: 1327 &rarr; <strong>1347<\/strong><br \/>(+20 for winning)\n|l|\u2606DirkDiggler420\n","uploadtime":1699887174,"views":6,"p1id":"diatere","p2id":"dirkdiggler420","formatid":"gen9ou","rating":1314,"private":0,"password":""}