{"id":"gen9ou-1994272229","p1":"Cocamatt","p2":"CejTo10","format":"[Gen 9] OU","log":"|j|\u2606Cocamatt\n|j|\u2606CejTo10\n|t:|1700425722\n|gametype|singles\n|player|p1|Cocamatt|2|1487\n|player|p2|CejTo10|emmet|1534\n|teamsize|p1|6\n|teamsize|p2|6\n|gen|9\n|tier|[Gen 9] OU\n|rated|\n|rule|Sleep Clause Mod: Limit one foe put to sleep\n|rule|Species Clause: Limit one of each Pok\u00e9mon\n|rule|OHKO Clause: OHKO moves are banned\n|rule|Evasion Items Clause: Evasion items are banned\n|rule|Evasion Moves Clause: Evasion moves are banned\n|rule|Endless Battle Clause: Forcing endless battles is banned\n|rule|HP Percentage Mod: HP is shown in percentages\n|clearpoke\n|poke|p1|Ribombee, M|\n|poke|p1|Gholdengo|\n|poke|p1|Dragapult, M|\n|poke|p1|Kommo-o, M|\n|poke|p1|Iron Moth|\n|poke|p1|Heatran, F|\n|poke|p2|Grimmsnarl, M|\n|poke|p2|Iron Moth|\n|poke|p2|Ogerpon-Cornerstone, F|\n|poke|p2|Mew|\n|poke|p2|Great Tusk|\n|poke|p2|Dragonite, M|\n|teampreview\n|inactive|Battle timer is ON: inactive players will automatically lose when time's up. (requested by Cocamatt)\n|inactive|CejTo10 has 120 seconds left.\n|\n|t:|1700425774\n|start\n|switch|p1a: Ribombee|Ribombee, M|100\/100\n|switch|p2a: Great Tusk|Great Tusk|100\/100\n|-enditem|p2a: Great Tusk|Booster Energy\n|-activate|p2a: Great Tusk|ability: Protosynthesis|[fromitem]\n|-start|p2a: Great Tusk|protosynthesisspe\n|turn|1\n|\n|t:|1700425796\n|move|p2a: Great Tusk|Taunt|p1a: Ribombee\n|-start|p1a: Ribombee|move: Taunt\n|cant|p1a: Ribombee|move: Taunt|Sticky Web\n|\n|upkeep\n|turn|2\n|\n|t:|1700425808\n|move|p2a: Great Tusk|Stealth Rock|p1a: Ribombee\n|-sidestart|p1: Cocamatt|move: Stealth Rock\n|move|p1a: Ribombee|Moonblast|p2a: Great Tusk\n|-supereffective|p2a: Great Tusk\n|-damage|p2a: Great Tusk|24\/100\n|\n|upkeep\n|turn|3\n|\n|t:|1700425824\n|move|p2a: Great Tusk|Headlong Rush|p1a: Ribombee\n|-resisted|p1a: Ribombee\n|-damage|p1a: Ribombee|61\/100\n|-unboost|p2a: Great Tusk|def|1\n|-unboost|p2a: Great Tusk|spd|1\n|move|p1a: Ribombee|Moonblast|p2a: Great Tusk\n|-supereffective|p2a: Great Tusk\n|-damage|p2a: Great Tusk|0 fnt\n|faint|p2a: Great Tusk\n|-end|p2a: Great Tusk|Protosynthesis|[silent]\n|\n|-end|p1a: Ribombee|move: Taunt\n|upkeep\n|\n|t:|1700425837\n|switch|p2a: Grimmsnarl|Grimmsnarl, M|100\/100\n|turn|4\n|\n|t:|1700425840\n|move|p2a: Grimmsnarl|Taunt|p1a: Ribombee\n|-start|p1a: Ribombee|move: Taunt\n|cant|p1a: Ribombee|move: Taunt|Sticky Web\n|\n|upkeep\n|turn|5\n|\n|t:|1700425844\n|move|p2a: Grimmsnarl|Light Screen|p2a: Grimmsnarl\n|-sidestart|p2: CejTo10|move: Light Screen\n|move|p1a: Ribombee|Moonblast|p2a: Grimmsnarl\n|-supereffective|p2a: Grimmsnarl\n|-damage|p2a: Grimmsnarl|73\/100\n|\n|upkeep\n|turn|6\n|\n|t:|1700425849\n|move|p2a: Grimmsnarl|Reflect|p2a: Grimmsnarl\n|-sidestart|p2: CejTo10|Reflect\n|move|p1a: Ribombee|Moonblast|p2a: Grimmsnarl\n|-supereffective|p2a: Grimmsnarl\n|-crit|p2a: Grimmsnarl\n|-damage|p2a: Grimmsnarl|0 fnt\n|faint|p2a: Grimmsnarl\n|\n|-end|p1a: Ribombee|move: Taunt\n|upkeep\n|\n|t:|1700425857\n|switch|p2a: Ogerpon|Ogerpon-Cornerstone, F|100\/100\n|turn|7\n|\n|t:|1700425860\n|move|p1a: Ribombee|Sticky Web|p2a: Ogerpon\n|-sidestart|p2: CejTo10|move: Sticky Web\n|move|p2a: Ogerpon|Swords Dance|p2a: Ogerpon\n|-boost|p2a: Ogerpon|atk|2\n|\n|upkeep\n|turn|8\n|\n|t:|1700425864\n|move|p1a: Ribombee|Reflect|p1a: Ribombee\n|-sidestart|p1: Cocamatt|Reflect\n|move|p2a: Ogerpon|Swords Dance|p2a: Ogerpon\n|-boost|p2a: Ogerpon|atk|2\n|\n|upkeep\n|turn|9\n|\n|t:|1700425868\n|move|p1a: Ribombee|Stun Spore|p2a: Ogerpon\n|-immune|p2a: Ogerpon\n|move|p2a: Ogerpon|Trailblaze|p1a: Ribombee\n|-resisted|p1a: Ribombee\n|-crit|p1a: Ribombee\n|-damage|p1a: Ribombee|0 fnt\n|-boost|p2a: Ogerpon|spe|1\n|faint|p1a: Ribombee\n|\n|upkeep\n|\n|t:|1700425872\n|switch|p1a: Dragapult|Dragapult, M|100\/100\n|-damage|p1a: Dragapult|88\/100|[from] Stealth Rock\n|turn|10\n|\n|t:|1700425875\n|-terastallize|p2a: Ogerpon|Rock\n|detailschange|p2a: Ogerpon|Ogerpon-Cornerstone-Tera, F, tera:Rock\n|-ability|p2a: Ogerpon|Embody Aspect (Cornerstone)|boost\n|-boost|p2a: Ogerpon|def|1\n|move|p2a: Ogerpon|Ivy Cudgel|p1a: Dragapult|[anim] Ivy Cudgel Rock\n|-damage|p1a: Dragapult|0 fnt\n|faint|p1a: Dragapult\n|\n|upkeep\n|\n|t:|1700425884\n|switch|p1a: Gholdengo|Gholdengo|100\/100\n|-damage|p1a: Gholdengo|94\/100|[from] Stealth Rock\n|turn|11\n|\n|t:|1700425891\n|move|p2a: Ogerpon|Ivy Cudgel|p1a: Gholdengo|[anim] Ivy Cudgel Rock\n|-resisted|p1a: Gholdengo\n|-damage|p1a: Gholdengo|31\/100\n|move|p1a: Gholdengo|Thunder Wave|p2a: Ogerpon\n|-status|p2a: Ogerpon|par\n|\n|upkeep\n|turn|12\n|\n|t:|1700425900\n|move|p1a: Gholdengo|Thunder Wave|p2a: Ogerpon\n|-fail|p2a: Ogerpon|par\n|cant|p2a: Ogerpon|par\n|\n|-sideend|p1: Cocamatt|Reflect\n|-sideend|p2: CejTo10|move: Light Screen\n|upkeep\n|turn|13\n|\n|t:|1700425904\n|move|p1a: Gholdengo|Thunder Wave|p2a: Ogerpon|[miss]\n|-miss|p1a: Gholdengo|p2a: Ogerpon\n|move|p2a: Ogerpon|Trailblaze|p1a: Gholdengo\n|-resisted|p1a: Gholdengo\n|-damage|p1a: Gholdengo|0 fnt\n|-boost|p2a: Ogerpon|spe|1\n|faint|p1a: Gholdengo\n|\n|-sideend|p2: CejTo10|Reflect\n|upkeep\n|\n|t:|1700425906\n|switch|p1a: Kommo-o|Kommo-o, M|100\/100\n|-damage|p1a: Kommo-o|94\/100|[from] Stealth Rock\n|turn|14\n|\n|t:|1700425914\n|cant|p2a: Ogerpon|par\n|move|p1a: Kommo-o|Belly Drum|p1a: Kommo-o\n|-damage|p1a: Kommo-o|44\/100\n|-setboost|p1a: Kommo-o|atk|6|[from] move: Belly Drum\n|-enditem|p1a: Kommo-o|Sitrus Berry|[eat]\n|-heal|p1a: Kommo-o|69\/100|[from] item: Sitrus Berry\n|\n|upkeep\n|turn|15\n|\n|t:|1700425916\n|cant|p2a: Ogerpon|par\n|move|p1a: Kommo-o|Drain Punch|p2a: Ogerpon\n|-supereffective|p2a: Ogerpon\n|-damage|p2a: Ogerpon|0 fnt\n|-heal|p1a: Kommo-o|100\/100|[from] drain|[of] p2a: Ogerpon\n|faint|p2a: Ogerpon\n|\n|upkeep\n|c|\u2606CejTo10|Buy a fucking loterry ticket\n|\n|t:|1700425931\n|switch|p2a: Mew|Mew|100\/100\n|-activate|p2a: Mew|move: Sticky Web\n|-unboost|p2a: Mew|spe|1\n|turn|16\n|\n|t:|1700425936\n|move|p1a: Kommo-o|Ice Punch|p2a: Mew\n|-crit|p2a: Mew\n|-damage|p2a: Mew|6\/100\n|move|p2a: Mew|Agility|p2a: Mew\n|-boost|p2a: Mew|spe|2\n|\n|upkeep\n|turn|17\n|\n|t:|1700425943\n|-terastallize|p1a: Kommo-o|Steel\n|move|p2a: Mew|Draining Kiss|p1a: Kommo-o\n|-resisted|p1a: Kommo-o\n|-damage|p1a: Kommo-o|94\/100\n|-heal|p2a: Mew|10\/100|[from] drain|[of] p1a: Kommo-o\n|move|p1a: Kommo-o|Ice Punch|p2a: Mew\n|-damage|p2a: Mew|0 fnt\n|faint|p2a: Mew\n|\n|upkeep\n|\n|t:|1700425951\n|switch|p2a: Iron Moth|Iron Moth|100\/100\n|-activate|p2a: Iron Moth|move: Sticky Web\n|-unboost|p2a: Iron Moth|spe|1\n|-enditem|p2a: Iron Moth|Booster Energy\n|-activate|p2a: Iron Moth|ability: Quark Drive|[fromitem]\n|-start|p2a: Iron Moth|quarkdrivespa\n|turn|18\n|\n|t:|1700425955\n|move|p1a: Kommo-o|Earthquake|p2a: Iron Moth\n|-supereffective|p2a: Iron Moth\n|-damage|p2a: Iron Moth|0 fnt\n|faint|p2a: Iron Moth\n|-end|p2a: Iron Moth|Quark Drive|[silent]\n|\n|upkeep\n|-message|CejTo10 forfeited.\n|\n|win|Cocamatt\n|raw|Cocamatt's rating: 1487 &rarr; <strong>1510<\/strong><br \/>(+23 for winning)\n|raw|CejTo10's rating: 1534 &rarr; <strong>1511<\/strong><br \/>(-23 for losing)\n|l|\u2606CejTo10\n","uploadtime":1700425970,"views":23,"p1id":"cocamatt","p2id":"cejto10","formatid":"gen9ou","rating":1510,"private":0,"password":""}