{"id":"gen9ou-1989161719","p1":"Sensei Milia","p2":"KOTONOHOUSE","format":"[Gen 9] OU","log":"|j|\u2606Sensei Milia\n|j|\u2606KOTONOHOUSE\n|t:|1699818760\n|gametype|singles\n|player|p1|Sensei Milia|swimmerf|1307\n|player|p2|KOTONOHOUSE|unknown|1282\n|teamsize|p1|6\n|teamsize|p2|6\n|gen|9\n|tier|[Gen 9] OU\n|rated|\n|rule|Sleep Clause Mod: Limit one foe put to sleep\n|rule|Species Clause: Limit one of each Pok\u00e9mon\n|rule|OHKO Clause: OHKO moves are banned\n|rule|Evasion Items Clause: Evasion items are banned\n|rule|Evasion Moves Clause: Evasion moves are banned\n|rule|Endless Battle Clause: Forcing endless battles is banned\n|rule|HP Percentage Mod: HP is shown in percentages\n|clearpoke\n|poke|p1|Heatran, M|\n|poke|p1|Garganacl, M|\n|poke|p1|Ceruledge, F|\n|poke|p1|Clodsire, F|\n|poke|p1|Breloom, M|\n|poke|p1|Clefable, F|\n|poke|p2|Kingambit, M|\n|poke|p2|Heatran, F|\n|poke|p2|Garchomp, M|\n|poke|p2|Scizor, F|\n|poke|p2|Samurott-Hisui, F|\n|poke|p2|Cresselia, F|\n|teampreview\n|\n|t:|1699818768\n|start\n|switch|p1a: Clefable|Clefable, F|100\/100\n|switch|p2a: Samurott|Samurott-Hisui, F|100\/100\n|turn|1\n|\n|t:|1699818773\n|move|p2a: Samurott|Knock Off|p1a: Clefable\n|-resisted|p1a: Clefable\n|-crit|p1a: Clefable\n|-damage|p1a: Clefable|70\/100\n|-enditem|p1a: Clefable|Leftovers|[from] move: Knock Off|[of] p2a: Samurott\n|move|p1a: Clefable|Cosmic Power|p1a: Clefable\n|-boost|p1a: Clefable|def|1\n|-boost|p1a: Clefable|spd|1\n|\n|upkeep\n|turn|2\n|\n|t:|1699818782\n|move|p2a: Samurott|Ceaseless Edge|p1a: Clefable\n|-resisted|p1a: Clefable\n|-damage|p1a: Clefable|56\/100\n|-sidestart|p1: Sensei Milia|Spikes\n|move|p1a: Clefable|Draining Kiss|p2a: Samurott\n|-supereffective|p2a: Samurott\n|-damage|p2a: Samurott|49\/100\n|-heal|p1a: Clefable|87\/100|[from] drain|[of] p2a: Samurott\n|\n|upkeep\n|turn|3\n|\n|t:|1699818790\n|move|p2a: Samurott|Ceaseless Edge|p1a: Clefable\n|-resisted|p1a: Clefable\n|-damage|p1a: Clefable|73\/100\n|-sidestart|p1: Sensei Milia|Spikes\n|move|p1a: Clefable|Cosmic Power|p1a: Clefable\n|-boost|p1a: Clefable|def|1\n|-boost|p1a: Clefable|spd|1\n|\n|upkeep\n|turn|4\n|\n|t:|1699818798\n|move|p2a: Samurott|Ceaseless Edge|p1a: Clefable\n|-resisted|p1a: Clefable\n|-crit|p1a: Clefable\n|-damage|p1a: Clefable|40\/100\n|-sidestart|p1: Sensei Milia|Spikes\n|move|p1a: Clefable|Calm Mind|p1a: Clefable\n|-boost|p1a: Clefable|spa|1\n|-boost|p1a: Clefable|spd|1\n|\n|upkeep\n|turn|5\n|\n|t:|1699818811\n|move|p2a: Samurott|Razor Shell|p1a: Clefable\n|-damage|p1a: Clefable|14\/100\n|move|p1a: Clefable|Draining Kiss|p2a: Samurott\n|-supereffective|p2a: Samurott\n|-crit|p2a: Samurott\n|-damage|p2a: Samurott|0 fnt\n|-heal|p1a: Clefable|44\/100|[from] drain|[of] p2a: Samurott\n|faint|p2a: Samurott\n|\n|upkeep\n|\n|t:|1699818829\n|switch|p2a: Heatran|Heatran, F|100\/100\n|turn|6\n|\n|t:|1699818835\n|move|p2a: Heatran|Magma Storm|p1a: Clefable\n|-damage|p1a: Clefable|30\/100\n|-activate|p1a: Clefable|move: Magma Storm|[of] p2a: Heatran\n|move|p1a: Clefable|Calm Mind|p1a: Clefable\n|-boost|p1a: Clefable|spa|1\n|-boost|p1a: Clefable|spd|1\n|\n|upkeep\n|turn|7\n|\n|t:|1699818858\n|switch|p2a: Scizor|Scizor, F|100\/100\n|move|p1a: Clefable|Draining Kiss|p2a: Scizor\n|-resisted|p2a: Scizor\n|-damage|p2a: Scizor|77\/100\n|-heal|p1a: Clefable|45\/100|[from] drain|[of] p2a: Scizor\n|\n|-end|p1a: Clefable|Magma Storm|[partiallytrapped]|[silent]\n|upkeep\n|turn|8\n|\n|t:|1699818873\n|move|p2a: Scizor|Bullet Punch|p1a: Clefable\n|-supereffective|p1a: Clefable\n|-damage|p1a: Clefable|0 fnt\n|faint|p1a: Clefable\n|\n|upkeep\n|\n|t:|1699818878\n|switch|p1a: Heatran|Heatran, M, shiny|100\/100\n|-item|p1a: Heatran|Air Balloon\n|turn|9\n|\n|t:|1699818890\n|switch|p2a: Heatran|Heatran, F|100\/100\n|move|p1a: Heatran|Earth Power|p2a: Heatran\n|-supereffective|p2a: Heatran\n|-crit|p2a: Heatran\n|-damage|p2a: Heatran|0 fnt\n|faint|p2a: Heatran\n|\n|upkeep\n|\n|t:|1699818897\n|switch|p2a: Scizor|Scizor, F|77\/100\n|turn|10\n|\n|t:|1699818900\n|move|p1a: Heatran|Magma Storm|p2a: Scizor\n|-supereffective|p2a: Scizor\n|-damage|p2a: Scizor|0 fnt\n|faint|p2a: Scizor\n|\n|upkeep\n|\n|t:|1699818903\n|switch|p2a: Garchomp|Garchomp, M|100\/100\n|turn|11\n|\n|t:|1699818908\n|move|p2a: Garchomp|Stealth Rock|p1a: Heatran\n|-sidestart|p1: Sensei Milia|move: Stealth Rock\n|move|p1a: Heatran|Magma Storm|p2a: Garchomp|[miss]\n|-miss|p1a: Heatran|p2a: Garchomp\n|\n|upkeep\n|turn|12\n|\n|t:|1699818913\n|move|p1a: Heatran|Magma Storm|p2a: Garchomp\n|-resisted|p2a: Garchomp\n|-damage|p2a: Garchomp|75\/100\n|-activate|p2a: Garchomp|move: Magma Storm|[of] p1a: Heatran\n|move|p2a: Garchomp|Dragon Tail|p1a: Heatran\n|-resisted|p1a: Heatran\n|-damage|p1a: Heatran|89\/100\n|-enditem|p1a: Heatran|Air Balloon\n|drag|p1a: Garganacl|Garganacl, M, shiny|100\/100\n|-damage|p1a: Garganacl|75\/100|[from] Spikes\n|-damage|p1a: Garganacl|63\/100|[from] Stealth Rock\n|\n|-heal|p1a: Garganacl|69\/100|[from] item: Leftovers\n|-end|p2a: Garchomp|Magma Storm|[partiallytrapped]|[silent]\n|upkeep\n|turn|13\n|inactive|Battle timer is ON: inactive players will automatically lose when time's up. (requested by KOTONOHOUSE)\n|\n|t:|1699818937\n|-terastallize|p1a: Garganacl|Water\n|move|p1a: Garganacl|Salt Cure|p2a: Garchomp\n|-resisted|p2a: Garchomp\n|-damage|p2a: Garchomp|69\/100\n|-start|p2a: Garchomp|Salt Cure\n|move|p2a: Garchomp|Dragon Tail|p1a: Garganacl\n|-damage|p1a: Garganacl|53\/100\n|drag|p1a: Heatran|Heatran, M, shiny|89\/100\n|-damage|p1a: Heatran|64\/100|[from] Spikes\n|-damage|p1a: Heatran|52\/100|[from] Stealth Rock\n|\n|-damage|p2a: Garchomp|57\/100|[from] Salt Cure\n|upkeep\n|turn|14\n|\n|t:|1699818952\n|switch|p2a: Cresselia|Cresselia, F|100\/100\n|move|p1a: Heatran|Magma Storm|p2a: Cresselia\n|-damage|p2a: Cresselia|63\/100\n|-activate|p2a: Cresselia|move: Magma Storm|[of] p1a: Heatran\n|\n|-heal|p2a: Cresselia|69\/100|[from] item: Leftovers\n|-damage|p2a: Cresselia|56\/100|[from] move: Magma Storm|[partiallytrapped]\n|upkeep\n|turn|15\n|\n|t:|1699818964\n|move|p2a: Cresselia|Calm Mind|p2a: Cresselia\n|-boost|p2a: Cresselia|spa|1\n|-boost|p2a: Cresselia|spd|1\n|move|p1a: Heatran|Dark Pulse|p2a: Cresselia\n|-supereffective|p2a: Cresselia\n|-damage|p2a: Cresselia|31\/100\n|\n|-heal|p2a: Cresselia|37\/100|[from] item: Leftovers\n|-damage|p2a: Cresselia|24\/100|[from] move: Magma Storm|[partiallytrapped]\n|upkeep\n|turn|16\n|\n|t:|1699818967\n|move|p2a: Cresselia|Calm Mind|p2a: Cresselia\n|-boost|p2a: Cresselia|spa|1\n|-boost|p2a: Cresselia|spd|1\n|move|p1a: Heatran|Dark Pulse|p2a: Cresselia\n|-supereffective|p2a: Cresselia\n|-damage|p2a: Cresselia|5\/100\n|\n|-heal|p2a: Cresselia|12\/100|[from] item: Leftovers\n|-damage|p2a: Cresselia|0 fnt|[from] move: Magma Storm|[partiallytrapped]\n|faint|p2a: Cresselia\n|upkeep\n|\n|t:|1699818972\n|switch|p2a: Garchomp|Garchomp, M|57\/100\n|turn|17\n|\n|t:|1699818979\n|move|p2a: Garchomp|Earthquake|p1a: Heatran\n|-supereffective|p1a: Heatran\n|-damage|p1a: Heatran|0 fnt\n|faint|p1a: Heatran\n|\n|upkeep\n|\n|t:|1699818985\n|switch|p1a: Clodsire|Clodsire, F|100\/100\n|-damage|p1a: Clodsire|75\/100|[from] Spikes\n|-damage|p1a: Clodsire|69\/100|[from] Stealth Rock\n|turn|18\n|\n|t:|1699818992\n|move|p1a: Clodsire|Protect|p1a: Clodsire\n|-singleturn|p1a: Clodsire|Protect\n|move|p2a: Garchomp|Earthquake|p1a: Clodsire\n|-activate|p1a: Clodsire|move: Protect\n|\n|-heal|p1a: Clodsire|75\/100|[from] item: Leftovers\n|upkeep\n|turn|19\n|\n|t:|1699818996\n|move|p2a: Garchomp|Earthquake|p1a: Clodsire\n|-supereffective|p1a: Clodsire\n|-damage|p1a: Clodsire|0 fnt\n|faint|p1a: Clodsire\n|\n|upkeep\n|\n|t:|1699819001\n|switch|p1a: Breloom|Breloom, M|100\/100\n|-damage|p1a: Breloom|75\/100|[from] Spikes\n|-damage|p1a: Breloom|69\/100|[from] Stealth Rock\n|turn|20\n|\n|t:|1699819007\n|move|p2a: Garchomp|Earthquake|p1a: Breloom\n|-resisted|p1a: Breloom\n|-damage|p1a: Breloom|44\/100\n|move|p1a: Breloom|Spore|p2a: Garchomp\n|-status|p2a: Garchomp|slp|[from] move: Spore\n|\n|-status|p1a: Breloom|tox|[from] item: Toxic Orb\n|upkeep\n|turn|21\n|\n|t:|1699819018\n|move|p1a: Breloom|Bulk Up|p1a: Breloom\n|-boost|p1a: Breloom|atk|1\n|-boost|p1a: Breloom|def|1\n|cant|p2a: Garchomp|slp\n|\n|-heal|p1a: Breloom|57\/100 tox|[from] ability: Poison Heal\n|upkeep\n|turn|22\n|\n|t:|1699819026\n|move|p1a: Breloom|Bulk Up|p1a: Breloom\n|-boost|p1a: Breloom|atk|1\n|-boost|p1a: Breloom|def|1\n|cant|p2a: Garchomp|slp\n|\n|-heal|p1a: Breloom|69\/100 tox|[from] ability: Poison Heal\n|upkeep\n|turn|23\n|\n|t:|1699819028\n|move|p1a: Breloom|Bulk Up|p1a: Breloom\n|-boost|p1a: Breloom|atk|1\n|-boost|p1a: Breloom|def|1\n|cant|p2a: Garchomp|slp\n|\n|-heal|p1a: Breloom|81\/100 tox|[from] ability: Poison Heal\n|upkeep\n|turn|24\n|\n|t:|1699819030\n|move|p1a: Breloom|Bulk Up|p1a: Breloom\n|-boost|p1a: Breloom|atk|1\n|-boost|p1a: Breloom|def|1\n|-curestatus|p2a: Garchomp|slp|[msg]\n|move|p2a: Garchomp|Dragon Tail|p1a: Breloom\n|-damage|p1a: Breloom|69\/100 tox\n|drag|p1a: Garganacl|Garganacl, M, shiny, tera:Water|53\/100\n|-damage|p1a: Garganacl|28\/100|[from] Spikes\n|-damage|p1a: Garganacl|16\/100|[from] Stealth Rock\n|\n|-heal|p1a: Garganacl|22\/100|[from] item: Leftovers\n|upkeep\n|turn|25\n|\n|t:|1699819039\n|move|p1a: Garganacl|Recover|p1a: Garganacl\n|-heal|p1a: Garganacl|72\/100\n|move|p2a: Garchomp|Dragon Tail|p1a: Garganacl\n|-damage|p1a: Garganacl|55\/100\n|drag|p1a: Ceruledge|Ceruledge, F|100\/100\n|-damage|p1a: Ceruledge|76\/100|[from] Spikes\n|-damage|p1a: Ceruledge|51\/100|[from] Stealth Rock\n|\n|upkeep\n|turn|26\n|\n|t:|1699819050\n|move|p2a: Garchomp|Earthquake|p1a: Ceruledge\n|-supereffective|p1a: Ceruledge\n|-damage|p1a: Ceruledge|0 fnt\n|faint|p1a: Ceruledge\n|\n|upkeep\n|\n|t:|1699819054\n|switch|p1a: Breloom|Breloom, M|69\/100 tox\n|-damage|p1a: Breloom|44\/100 tox|[from] Spikes\n|-damage|p1a: Breloom|38\/100 tox|[from] Stealth Rock\n|turn|27\n|\n|t:|1699819062\n|move|p1a: Breloom|Spore|p2a: Garchomp\n|-status|p2a: Garchomp|slp|[from] move: Spore\n|cant|p2a: Garchomp|slp\n|\n|-heal|p1a: Breloom|50\/100 tox|[from] ability: Poison Heal\n|upkeep\n|turn|28\n|\n|t:|1699819071\n|move|p1a: Breloom|Bulk Up|p1a: Breloom\n|-boost|p1a: Breloom|atk|1\n|-boost|p1a: Breloom|def|1\n|cant|p2a: Garchomp|slp\n|\n|-heal|p1a: Breloom|63\/100 tox|[from] ability: Poison Heal\n|upkeep\n|turn|29\n|\n|t:|1699819074\n|move|p1a: Breloom|Drain Punch|p2a: Garchomp\n|-damage|p2a: Garchomp|16\/100 slp\n|-heal|p1a: Breloom|89\/100 tox|[from] drain|[of] p2a: Garchomp\n|-damage|p1a: Breloom|77\/100 tox|[from] ability: Rough Skin|[of] p2a: Garchomp\n|-damage|p1a: Breloom|60\/100 tox|[from] item: Rocky Helmet|[of] p2a: Garchomp\n|-curestatus|p2a: Garchomp|slp|[msg]\n|move|p2a: Garchomp|Dragon Tail|p1a: Breloom\n|-damage|p1a: Breloom|36\/100 tox\n|drag|p1a: Garganacl|Garganacl, M, shiny, tera:Water|55\/100\n|-damage|p1a: Garganacl|30\/100|[from] Spikes\n|-damage|p1a: Garganacl|18\/100|[from] Stealth Rock\n|\n|-heal|p1a: Garganacl|24\/100|[from] item: Leftovers\n|upkeep\n|turn|30\n|\n|t:|1699819081\n|move|p2a: Garchomp|Earthquake|p1a: Garganacl\n|-damage|p1a: Garganacl|0 fnt\n|faint|p1a: Garganacl\n|\n|upkeep\n|\n|t:|1699819084\n|switch|p1a: Breloom|Breloom, M|36\/100 tox\n|-damage|p1a: Breloom|11\/100 tox|[from] Spikes\n|-damage|p1a: Breloom|5\/100 tox|[from] Stealth Rock\n|turn|31\n|-message|Sensei Milia forfeited.\n|\n|win|KOTONOHOUSE\n|raw|Sensei Milia's rating: 1307 &rarr; <strong>1286<\/strong><br \/>(-21 for losing)\n|raw|KOTONOHOUSE's rating: 1282 &rarr; <strong>1309<\/strong><br \/>(+27 for winning)\n|l|\u2606Sensei Milia\n|c|\u2606KOTONOHOUSE|gg\n","uploadtime":1699819103,"views":9,"p1id":"senseimilia","p2id":"kotonohouse","formatid":"gen9ou","rating":1286,"private":0,"password":""}