{"id":"gen9ou-1994337485","p1":"grass knot zygarde","p2":"ss_wobblewok","format":"[Gen 9] OU","log":"|j|\u2606grass knot zygarde\n|j|\u2606ss_wobblewok\n|t:|1700432586\n|gametype|singles\n|player|p1|grass knot zygarde|harlequin|\n|player|p2|ss_wobblewok|parasollady|\n|teamsize|p1|6\n|teamsize|p2|6\n|gen|9\n|tier|[Gen 9] OU\n|rule|Sleep Clause Mod: Limit one foe put to sleep\n|rule|Species Clause: Limit one of each Pok\u00e9mon\n|rule|OHKO Clause: OHKO moves are banned\n|rule|Evasion Items Clause: Evasion items are banned\n|rule|Evasion Moves Clause: Evasion moves are banned\n|rule|Endless Battle Clause: Forcing endless battles is banned\n|rule|HP Percentage Mod: HP is shown in percentages\n|clearpoke\n|poke|p1|Hatterene, F|\n|poke|p1|Ursaluna, M|\n|poke|p1|Iron Hands|\n|poke|p1|Cresselia, F|\n|poke|p1|Arboliva, F|\n|poke|p1|Slowking-Galar, M|\n|poke|p2|Heatran, F|\n|poke|p2|Toxapex, M|\n|poke|p2|Ribombee, F|\n|poke|p2|Zapdos|\n|poke|p2|Ogerpon-Cornerstone, F|\n|poke|p2|Cinderace, F|\n|teampreview\n|inactive|Battle timer is ON: inactive players will automatically lose when time's up. (requested by grass knot zygarde)\n|j| iliveinohiorizz\n|c| iliveinohiorizz|did u make this team cus an arboliva beat u xertaii\n|inactive|grass knot zygarde has 270 seconds left.\n|\n|t:|1700432628\n|start\n|switch|p1a: DREAM CATCHER|Cresselia, F, shiny|100\/100\n|switch|p2a: Gambit killer|Ogerpon-Cornerstone, F|100\/100\n|turn|1\n|\n|t:|1700432639\n|move|p2a: Gambit killer|Swords Dance|p2a: Gambit killer\n|-boost|p2a: Gambit killer|atk|2\n|move|p1a: DREAM CATCHER|Trick Room|p1a: DREAM CATCHER\n|-fieldstart|move: Trick Room|[of] p1a: DREAM CATCHER\n|\n|upkeep\n|turn|2\n|\n|t:|1700432646\n|move|p1a: DREAM CATCHER|Ice Beam|p2a: Gambit killer\n|-supereffective|p2a: Gambit killer\n|-damage|p2a: Gambit killer|63\/100\n|move|p2a: Gambit killer|Horn Leech|p1a: DREAM CATCHER\n|-damage|p1a: DREAM CATCHER|56\/100\n|-heal|p2a: Gambit killer|96\/100|[from] drain|[of] p1a: DREAM CATCHER\n|\n|upkeep\n|turn|3\n|\n|t:|1700432656\n|-terastallize|p2a: Gambit killer|Rock\n|detailschange|p2a: Gambit killer|Ogerpon-Cornerstone-Tera, F, tera:Rock\n|-ability|p2a: Gambit killer|Embody Aspect (Cornerstone)|boost\n|-boost|p2a: Gambit killer|def|1\n|move|p1a: DREAM CATCHER|Lunar Dance|p1a: DREAM CATCHER\n|faint|p1a: DREAM CATCHER\n|move|p2a: Gambit killer|Horn Leech|p1: DREAM CATCHER|[notarget]\n|-fail|p2a: Gambit killer\n|\n|upkeep\n|\n|t:|1700432681\n|switch|p1a: Arboliva|Arboliva, F, shiny|100\/100\n|turn|4\n|\n|t:|1700432688\n|move|p1a: Arboliva|Leaf Storm|p2a: Gambit killer\n|-supereffective|p2a: Gambit killer\n|-damage|p2a: Gambit killer|0 fnt\n|-unboost|p1a: Arboliva|spa|2\n|faint|p2a: Gambit killer\n|\n|upkeep\n|\n|t:|1700432693\n|switch|p2a: Heatran|Heatran, F|100\/100\n|-item|p2a: Heatran|Air Balloon\n|turn|5\n|\n|t:|1700432706\n|move|p1a: Arboliva|Leaf Storm|p2a: Heatran\n|-resisted|p2a: Heatran\n|-damage|p2a: Heatran|90\/100\n|-unboost|p1a: Arboliva|spa|2\n|-enditem|p2a: Heatran|Air Balloon\n|move|p2a: Heatran|Magma Storm|p1a: Arboliva\n|-supereffective|p1a: Arboliva\n|-damage|p1a: Arboliva|0 fnt\n|-fieldstart|move: Grassy Terrain|[from] ability: Seed Sower|[of] p1a: Arboliva\n|faint|p1a: Arboliva\n|\n|-heal|p2a: Heatran|96\/100|[from] Grassy Terrain\n|-fieldend|move: Trick Room\n|upkeep\n|\n|t:|1700432711\n|switch|p1a: RANNI|Hatterene, F, shiny|100\/100\n|turn|6\n|\n|t:|1700432723\n|move|p2a: Heatran|Magma Storm|p1a: RANNI\n|-damage|p1a: RANNI|39\/100\n|-activate|p1a: RANNI|move: Magma Storm|[of] p2a: Heatran\n|move|p1a: RANNI|Trick Room|p1a: RANNI\n|-fieldstart|move: Trick Room|[of] p1a: RANNI\n|\n|-heal|p1a: RANNI|45\/100|[from] Grassy Terrain\n|-heal|p2a: Heatran|100\/100|[from] Grassy Terrain\n|-damage|p1a: RANNI|32\/100|[from] move: Magma Storm|[partiallytrapped]\n|upkeep\n|turn|7\n|\n|t:|1700432731\n|move|p1a: RANNI|Healing Wish|p1a: RANNI\n|faint|p1a: RANNI\n|move|p2a: Heatran|Earth Power|p1: RANNI|[notarget]\n|-fail|p2a: Heatran\n|\n|upkeep\n|\n|t:|1700432737\n|switch|p1a: Ultimate Wildmutt|Ursaluna, M, shiny|100\/100\n|turn|8\n|\n|t:|1700432744\n|switch|p2a: Zapdos|Zapdos|100\/100\n|move|p1a: Ultimate Wildmutt|Headlong Rush|p2a: Zapdos\n|-immune|p2a: Zapdos\n|\n|-status|p1a: Ultimate Wildmutt|brn|[from] item: Flame Orb\n|upkeep\n|turn|9\n|\n|t:|1700432751\n|-terastallize|p1a: Ultimate Wildmutt|Normal\n|move|p1a: Ultimate Wildmutt|Facade|p2a: Zapdos\n|-damage|p2a: Zapdos|0 fnt\n|faint|p2a: Zapdos\n|\n|-damage|p1a: Ultimate Wildmutt|94\/100 brn|[from] brn\n|-fieldend|move: Grassy Terrain\n|upkeep\n|\n|t:|1700432763\n|switch|p2a: Ribombee|Ribombee, F|100\/100\n|turn|10\n|\n|t:|1700432780\n|move|p1a: Ultimate Wildmutt|Fire Punch|p2a: Ribombee\n|-supereffective|p2a: Ribombee\n|-enditem|p2a: Ribombee|Focus Sash\n|-damage|p2a: Ribombee|1\/100\n|move|p2a: Ribombee|Quiver Dance|p2a: Ribombee\n|-boost|p2a: Ribombee|spa|1\n|-boost|p2a: Ribombee|spd|1\n|-boost|p2a: Ribombee|spe|1\n|\n|-damage|p1a: Ultimate Wildmutt|88\/100 brn|[from] brn\n|-fieldend|move: Trick Room\n|upkeep\n|turn|11\n|\n|t:|1700432789\n|switch|p1a: BRAIN WORMS|Slowking-Galar, M, shiny|100\/100\n|move|p2a: Ribombee|Moonblast|p1a: BRAIN WORMS\n|-resisted|p1a: BRAIN WORMS\n|-damage|p1a: BRAIN WORMS|75\/100\n|\n|upkeep\n|turn|12\n|\n|t:|1700432795\n|move|p2a: Ribombee|Trick|p1a: BRAIN WORMS\n|-activate|p2a: Ribombee|move: Trick|[of] p1a: BRAIN WORMS\n|-enditem|p1a: BRAIN WORMS|Colbur Berry|[silent]|[from] move: Trick\n|-item|p2a: Ribombee|Colbur Berry|[from] move: Trick\n|move|p1a: BRAIN WORMS|Psychic|p2a: Ribombee\n|-damage|p2a: Ribombee|0 fnt\n|faint|p2a: Ribombee\n|\n|upkeep\n|\n|t:|1700432809\n|switch|p2a: Heatran|Heatran, F|100\/100\n|turn|13\n|c| iliveinohiorizz|it's javarr\n|\n|t:|1700432824\n|move|p2a: Heatran|Earth Power|p1a: BRAIN WORMS\n|-supereffective|p1a: BRAIN WORMS\n|-damage|p1a: BRAIN WORMS|23\/100\n|move|p1a: BRAIN WORMS|Trick Room|p1a: BRAIN WORMS\n|-fieldstart|move: Trick Room|[of] p1a: BRAIN WORMS\n|\n|upkeep\n|turn|14\n|c|\u2606ss_wobblewok|it's javarr\n|\n|t:|1700432837\n|move|p1a: BRAIN WORMS|Psychic|p2a: Heatran\n|-resisted|p2a: Heatran\n|-damage|p2a: Heatran|86\/100\n|move|p2a: Heatran|Earth Power|p1a: BRAIN WORMS\n|-supereffective|p1a: BRAIN WORMS\n|-damage|p1a: BRAIN WORMS|0 fnt\n|faint|p1a: BRAIN WORMS\n|\n|upkeep\n|\n|t:|1700432842\n|switch|p1a: Ultimate Wildmutt|Ursaluna, M, shiny, tera:Normal|88\/100 brn\n|-heal|p1a: Ultimate Wildmutt|100\/100|[from] move: Lunar Dance\n|turn|15\n|c|\u2606grass knot zygarde|its ursaloever\n|\n|t:|1700432868\n|switch|p2a: Toxapex|Toxapex, M|100\/100\n|move|p1a: Ultimate Wildmutt|Headlong Rush|p2a: Toxapex\n|-supereffective|p2a: Toxapex\n|-damage|p2a: Toxapex|6\/100\n|-unboost|p1a: Ultimate Wildmutt|def|1\n|-unboost|p1a: Ultimate Wildmutt|spd|1\n|\n|-heal|p2a: Toxapex|12\/100|[from] item: Leftovers\n|-status|p1a: Ultimate Wildmutt|brn|[from] item: Flame Orb\n|upkeep\n|turn|16\n|\n|t:|1700432881\n|move|p2a: Toxapex|Baneful Bunker|p2a: Toxapex\n|-singleturn|p2a: Toxapex|move: Protect\n|move|p1a: Ultimate Wildmutt|Facade|p2a: Toxapex\n|-activate|p2a: Toxapex|move: Protect\n|\n|-heal|p2a: Toxapex|18\/100|[from] item: Leftovers\n|-damage|p1a: Ultimate Wildmutt|94\/100 brn|[from] brn\n|upkeep\n|turn|17\n|\n|t:|1700432887\n|move|p2a: Toxapex|Baneful Bunker|p2a: Toxapex\n|-singleturn|p2a: Toxapex|move: Protect\n|move|p1a: Ultimate Wildmutt|Facade|p2a: Toxapex\n|-activate|p2a: Toxapex|move: Protect\n|\n|-heal|p2a: Toxapex|25\/100|[from] item: Leftovers\n|-damage|p1a: Ultimate Wildmutt|88\/100 brn|[from] brn\n|-fieldend|move: Trick Room\n|upkeep\n|turn|18\n|c| iliveinohiorizz|what no rizz does to a mf\n|c| iliveinohiorizz|ofc\n|\n|t:|1700432892\n|move|p2a: Toxapex|Infestation|p1a: Ultimate Wildmutt\n|-damage|p1a: Ultimate Wildmutt|84\/100 brn\n|-activate|p1a: Ultimate Wildmutt|move: Infestation|[of] p2a: Toxapex\n|move|p1a: Ultimate Wildmutt|Facade|p2a: Toxapex\n|-damage|p2a: Toxapex|0 fnt\n|faint|p2a: Toxapex\n|\n|-damage|p1a: Ultimate Wildmutt|78\/100 brn|[from] brn\n|-end|p1a: Ultimate Wildmutt|Infestation|[partiallytrapped]|[silent]\n|upkeep\n|c| iliveinohiorizz|OFC\n|\n|t:|1700432899\n|switch|p2a: Cinderace|Cinderace, F|100\/100\n|turn|19\n|\n|t:|1700432903\n|move|p2a: Cinderace|High Jump Kick|p1a: Ultimate Wildmutt\n|-start|p2a: Cinderace|typechange|Fighting|[from] ability: Libero\n|-supereffective|p1a: Ultimate Wildmutt\n|-damage|p1a: Ultimate Wildmutt|0 fnt\n|faint|p1a: Ultimate Wildmutt\n|\n|upkeep\n|\n|t:|1700432909\n|switch|p1a: Sumo Slammer|Iron Hands, shiny|100\/100\n|turn|20\n|\n|t:|1700432916\n|move|p2a: Cinderace|Pyro Ball|p1a: Sumo Slammer\n|-damage|p1a: Sumo Slammer|76\/100\n|move|p1a: Sumo Slammer|Drain Punch|p2a: Cinderace\n|-damage|p2a: Cinderace|23\/100\n|-heal|p1a: Sumo Slammer|99\/100|[from] drain|[of] p2a: Cinderace\n|\n|upkeep\n|turn|21\n|c|\u2606grass knot zygarde|quite irritating!\n|\n|t:|1700432928\n|move|p2a: Cinderace|Pyro Ball|p1a: Sumo Slammer|[miss]\n|-miss|p2a: Cinderace|p1a: Sumo Slammer\n|move|p1a: Sumo Slammer|Substitute|p1a: Sumo Slammer\n|-start|p1a: Sumo Slammer|Substitute\n|-damage|p1a: Sumo Slammer|74\/100\n|\n|upkeep\n|turn|22\n|\n|t:|1700432933\n|move|p2a: Cinderace|Pyro Ball|p1a: Sumo Slammer\n|-activate|p1a: Sumo Slammer|move: Substitute|[damage]\n|move|p1a: Sumo Slammer|Drain Punch|p2a: Cinderace\n|-damage|p2a: Cinderace|0 fnt\n|-heal|p1a: Sumo Slammer|81\/100|[from] drain|[of] p2a: Cinderace\n|faint|p2a: Cinderace\n|\n|upkeep\n|c| iliveinohiorizz|OHHHHUUUUH YESSS KINGOZOID..\n|\n|t:|1700432936\n|switch|p2a: Heatran|Heatran, F|86\/100\n|turn|23\n|\n|t:|1700432945\n|move|p2a: Heatran|Magma Storm|p1a: Sumo Slammer|[miss]\n|-miss|p2a: Heatran|p1a: Sumo Slammer\n|move|p1a: Sumo Slammer|Drain Punch|p2a: Heatran\n|-supereffective|p2a: Heatran\n|-damage|p2a: Heatran|8\/100\n|-heal|p1a: Sumo Slammer|100\/100|[from] drain|[of] p2a: Heatran\n|\n|upkeep\n|turn|24\n|c| iliveinohiorizz|WHHHHAYTYY WHY WHY WHY WHY WHY WHY\n|\n|t:|1700432960\n|move|p2a: Heatran|Magma Storm|p1a: Sumo Slammer\n|-end|p1a: Sumo Slammer|Substitute\n|move|p1a: Sumo Slammer|Drain Punch|p2a: Heatran\n|-supereffective|p2a: Heatran\n|-damage|p2a: Heatran|0 fnt\n|faint|p2a: Heatran\n|\n|win|grass knot zygarde\n|l|\u2606ss_wobblewok\n","uploadtime":1700432972,"views":7,"p1id":"grassknotzygarde","p2id":"sswobblewok","formatid":"gen9ou","rating":0,"private":0,"password":""}