{"id":"gen9ou-1995901070","p1":"BL153","p2":"Vedyn","format":"[Gen 9] OU","log":"|j|\u2606BL153\n|j|\u2606Vedyn\n|t:|1700615336\n|gametype|singles\n|player|p1|BL153|nate|1390\n|player|p2|Vedyn|red|1468\n|teamsize|p1|6\n|teamsize|p2|6\n|gen|9\n|tier|[Gen 9] OU\n|rated|\n|rule|Sleep Clause Mod: Limit one foe put to sleep\n|rule|Species Clause: Limit one of each Pok\u00e9mon\n|rule|OHKO Clause: OHKO moves are banned\n|rule|Evasion Items Clause: Evasion items are banned\n|rule|Evasion Moves Clause: Evasion moves are banned\n|rule|Endless Battle Clause: Forcing endless battles is banned\n|rule|HP Percentage Mod: HP is shown in percentages\n|clearpoke\n|poke|p1|Garganacl, M|\n|poke|p1|Iron Valiant|\n|poke|p1|Forretress, M|\n|poke|p1|Rotom-Wash|\n|poke|p1|Dragonite, M|\n|poke|p1|Gholdengo|\n|poke|p2|Landorus-Therian, M|\n|poke|p2|Goodra-Hisui, M|\n|poke|p2|Iron Valiant|\n|poke|p2|Cinderace, M|\n|poke|p2|Samurott-Hisui, M|\n|poke|p2|Thundurus, M|\n|teampreview\n|c|\u2606BL153|hf\n|\n|t:|1700615362\n|start\n|switch|p1a: Iron Valiant|Iron Valiant|100\/100\n|switch|p2a: Samurott|Samurott-Hisui, M|100\/100\n|-enditem|p1a: Iron Valiant|Booster Energy\n|-activate|p1a: Iron Valiant|ability: Quark Drive|[fromitem]\n|-start|p1a: Iron Valiant|quarkdrivespe\n|turn|1\n|\n|t:|1700615377\n|move|p1a: Iron Valiant|Moonblast|p2a: Samurott\n|-supereffective|p2a: Samurott\n|-enditem|p2a: Samurott|Focus Sash\n|-damage|p2a: Samurott|1\/100\n|move|p2a: Samurott|Razor Shell|p1a: Iron Valiant\n|-damage|p1a: Iron Valiant|34\/100\n|-unboost|p1a: Iron Valiant|def|1\n|\n|upkeep\n|turn|2\n|\n|t:|1700615385\n|-end|p1a: Iron Valiant|Quark Drive|[silent]\n|switch|p1a: Rotom|Rotom-Wash|100\/100\n|move|p2a: Samurott|Aqua Jet|p1a: Rotom\n|-resisted|p1a: Rotom\n|-damage|p1a: Rotom|93\/100\n|\n|-heal|p1a: Rotom|99\/100|[from] item: Leftovers\n|upkeep\n|turn|3\n|\n|t:|1700615391\n|move|p2a: Samurott|Ceaseless Edge|p1a: Rotom\n|-damage|p1a: Rotom|65\/100\n|-sidestart|p1: BL153|Spikes\n|move|p1a: Rotom|Volt Switch|p2a: Samurott\n|-supereffective|p2a: Samurott\n|-damage|p2a: Samurott|0 fnt\n|faint|p2a: Samurott\n|\n|t:|1700615403\n|switch|p1a: Gholdengo|Gholdengo|100\/100|[from] Volt Switch\n|-damage|p1a: Gholdengo|88\/100|[from] Spikes\n|\n|upkeep\n|\n|t:|1700615413\n|switch|p2a: Cinderace|Cinderace, M|100\/100\n|turn|4\n|\n|t:|1700615440\n|switch|p1a: Rotom|Rotom-Wash|65\/100\n|move|p2a: Cinderace|Pyro Ball|p1a: Rotom|[miss]\n|-miss|p2a: Cinderace|p1a: Rotom\n|\n|-heal|p1a: Rotom|72\/100|[from] item: Leftovers\n|upkeep\n|turn|5\n|\n|t:|1700615478\n|move|p2a: Cinderace|U-turn|p1a: Rotom\n|-start|p2a: Cinderace|typechange|Bug|[from] ability: Libero\n|-damage|p1a: Rotom|43\/100\n|\n|t:|1700615483\n|switch|p2a: Goodra|Goodra-Hisui, M|100\/100|[from] U-turn\n|move|p1a: Rotom|Hydro Pump|p2a: Goodra\n|-resisted|p2a: Goodra\n|-damage|p2a: Goodra|93\/100\n|\n|-heal|p1a: Rotom|49\/100|[from] item: Leftovers\n|upkeep\n|turn|6\n|inactive|Battle timer is ON: inactive players will automatically lose when time's up. (requested by Vedyn)\n|\n|t:|1700615515\n|move|p1a: Rotom|Will-O-Wisp|p2a: Goodra\n|-status|p2a: Goodra|brn\n|move|p2a: Goodra|Thunderbolt|p1a: Rotom\n|-damage|p1a: Rotom|22\/100\n|\n|-heal|p1a: Rotom|28\/100|[from] item: Leftovers\n|-damage|p2a: Goodra|87\/100 brn|[from] brn\n|upkeep\n|turn|7\n|\n|t:|1700615522\n|move|p1a: Rotom|Protect|p1a: Rotom\n|-singleturn|p1a: Rotom|Protect\n|move|p2a: Goodra|Draco Meteor|p1a: Rotom\n|-activate|p1a: Rotom|move: Protect\n|\n|-heal|p1a: Rotom|34\/100|[from] item: Leftovers\n|-damage|p2a: Goodra|81\/100 brn|[from] brn\n|upkeep\n|turn|8\n|\n|t:|1700615531\n|switch|p1a: Iron Valiant|Iron Valiant|34\/100\n|-damage|p1a: Iron Valiant|21\/100|[from] Spikes\n|move|p2a: Goodra|Draco Meteor|p1a: Iron Valiant\n|-immune|p1a: Iron Valiant\n|\n|-damage|p2a: Goodra|75\/100 brn|[from] brn\n|upkeep\n|turn|9\n|\n|t:|1700615537\n|move|p1a: Iron Valiant|Close Combat|p2a: Goodra\n|-supereffective|p2a: Goodra\n|-damage|p2a: Goodra|0 fnt\n|-unboost|p1a: Iron Valiant|def|1\n|-unboost|p1a: Iron Valiant|spd|1\n|faint|p2a: Goodra\n|\n|upkeep\n|\n|t:|1700615545\n|switch|p2a: Cinderace|Cinderace, M|100\/100\n|turn|10\n|\n|t:|1700615551\n|move|p2a: Cinderace|Pyro Ball|p1a: Iron Valiant\n|-damage|p1a: Iron Valiant|0 fnt\n|faint|p1a: Iron Valiant\n|-end|p1a: Iron Valiant|Quark Drive|[silent]\n|\n|upkeep\n|\n|t:|1700615562\n|switch|p1a: Dragonite|Dragonite, M|100\/100\n|turn|11\n|\n|t:|1700615566\n|move|p2a: Cinderace|Will-O-Wisp|p1a: Dragonite\n|-status|p1a: Dragonite|brn\n|move|p1a: Dragonite|Ice Spinner|p2a: Cinderace\n|-resisted|p2a: Cinderace\n|-damage|p2a: Cinderace|89\/100\n|\n|-damage|p1a: Dragonite|95\/100 brn|[from] brn\n|upkeep\n|turn|12\n|\n|t:|1700615574\n|switch|p2a: Landorus|Landorus-Therian, M|100\/100\n|-ability|p2a: Landorus|Intimidate|boost\n|-unboost|p1a: Dragonite|atk|1\n|move|p1a: Dragonite|Earthquake|p2a: Landorus\n|-immune|p2a: Landorus\n|\n|-damage|p1a: Dragonite|89\/100 brn|[from] brn\n|upkeep\n|turn|13\n|\n|t:|1700615580\n|switch|p1a: Rotom|Rotom-Wash|34\/100\n|move|p2a: Landorus|Stealth Rock|p1a: Rotom\n|-sidestart|p1: BL153|move: Stealth Rock\n|\n|-heal|p1a: Rotom|41\/100|[from] item: Leftovers\n|upkeep\n|turn|14\n|\n|t:|1700615592\n|switch|p2a: Thundurus|Thundurus, M|100\/100\n|move|p1a: Rotom|Hydro Pump|p2a: Thundurus|[miss]\n|-miss|p1a: Rotom|p2a: Thundurus\n|\n|-heal|p1a: Rotom|47\/100|[from] item: Leftovers\n|upkeep\n|turn|15\n|\n|t:|1700615600\n|move|p1a: Rotom|Protect|p1a: Rotom\n|-singleturn|p1a: Rotom|Protect\n|move|p2a: Thundurus|Thunderbolt|p1a: Rotom\n|-activate|p1a: Rotom|move: Protect\n|\n|-heal|p1a: Rotom|53\/100|[from] item: Leftovers\n|upkeep\n|turn|16\n|\n|t:|1700615618\n|-terastallize|p1a: Rotom|Electric\n|move|p2a: Thundurus|Thunderbolt|p1a: Rotom\n|-resisted|p1a: Rotom\n|-damage|p1a: Rotom|31\/100\n|move|p1a: Rotom|Hydro Pump|p2a: Thundurus|[miss]\n|-miss|p1a: Rotom|p2a: Thundurus\n|\n|-heal|p1a: Rotom|37\/100|[from] item: Leftovers\n|upkeep\n|turn|17\n|\n|t:|1700615628\n|move|p2a: Thundurus|Thunderbolt|p1a: Rotom\n|-resisted|p1a: Rotom\n|-damage|p1a: Rotom|12\/100\n|move|p1a: Rotom|Volt Switch|p2a: Thundurus\n|-damage|p2a: Thundurus|52\/100\n|\n|t:|1700615644\n|switch|p1a: Gholdengo|Gholdengo|88\/100|[from] Volt Switch\n|-damage|p1a: Gholdengo|76\/100|[from] Spikes\n|-damage|p1a: Gholdengo|70\/100|[from] Stealth Rock\n|\n|upkeep\n|turn|18\n|\n|t:|1700615655\n|move|p1a: Gholdengo|Shadow Ball|p2a: Thundurus\n|-damage|p2a: Thundurus|0 fnt\n|faint|p2a: Thundurus\n|\n|upkeep\n|\n|t:|1700615664\n|switch|p2a: Cinderace|Cinderace, M|89\/100\n|turn|19\n|inactive|BL153 has 120 seconds left.\n|inactive|BL153 has 90 seconds left.\n|\n|t:|1700615738\n|switch|p1a: Rotom|Rotom-Wash, tera:Electric|12\/100\n|-damage|p1a: Rotom|0 fnt|[from] Stealth Rock\n|faint|p1a: Rotom\n|move|p2a: Cinderace|Pyro Ball|p1: Rotom|[notarget]\n|-fail|p2a: Cinderace\n|\n|upkeep\n|\n|t:|1700615747\n|switch|p1a: Garganacl|Garganacl, M|100\/100\n|-damage|p1a: Garganacl|88\/100|[from] Spikes\n|-damage|p1a: Garganacl|76\/100|[from] Stealth Rock\n|turn|20\n|\n|t:|1700615753\n|move|p2a: Cinderace|U-turn|p1a: Garganacl\n|-start|p2a: Cinderace|typechange|Bug|[from] ability: Libero\n|-damage|p1a: Garganacl|55\/100\n|\n|t:|1700615757\n|switch|p2a: Landorus|Landorus-Therian, M|100\/100|[from] U-turn\n|-ability|p2a: Landorus|Intimidate|boost\n|-unboost|p1a: Garganacl|atk|1\n|move|p1a: Garganacl|Iron Defense|p1a: Garganacl\n|-boost|p1a: Garganacl|def|2\n|\n|-heal|p1a: Garganacl|61\/100|[from] item: Leftovers\n|upkeep\n|turn|21\n|\n|t:|1700615764\n|move|p2a: Landorus|Swords Dance|p2a: Landorus\n|-boost|p2a: Landorus|atk|2\n|move|p1a: Garganacl|Recover|p1a: Garganacl\n|-heal|p1a: Garganacl|100\/100\n|\n|upkeep\n|turn|22\n|\n|t:|1700615768\n|move|p2a: Landorus|Swords Dance|p2a: Landorus\n|-boost|p2a: Landorus|atk|2\n|move|p1a: Garganacl|Iron Defense|p1a: Garganacl\n|-boost|p1a: Garganacl|def|2\n|\n|upkeep\n|turn|23\n|\n|t:|1700615773\n|move|p2a: Landorus|Earthquake|p1a: Garganacl\n|-supereffective|p1a: Garganacl\n|-damage|p1a: Garganacl|42\/100\n|move|p1a: Garganacl|Iron Defense|p1a: Garganacl\n|-boost|p1a: Garganacl|def|2\n|\n|-heal|p1a: Garganacl|48\/100|[from] item: Leftovers\n|upkeep\n|turn|24\n|\n|t:|1700615779\n|move|p2a: Landorus|Swords Dance|p2a: Landorus\n|-boost|p2a: Landorus|atk|2\n|move|p1a: Garganacl|Recover|p1a: Garganacl\n|-heal|p1a: Garganacl|98\/100\n|\n|-heal|p1a: Garganacl|100\/100|[from] item: Leftovers\n|upkeep\n|turn|25\n|\n|t:|1700615781\n|move|p2a: Landorus|Earthquake|p1a: Garganacl\n|-supereffective|p1a: Garganacl\n|-damage|p1a: Garganacl|36\/100\n|move|p1a: Garganacl|Body Press|p2a: Landorus\n|-resisted|p2a: Landorus\n|-damage|p2a: Landorus|66\/100\n|\n|-heal|p2a: Landorus|72\/100|[from] item: Leftovers\n|-heal|p1a: Garganacl|42\/100|[from] item: Leftovers\n|upkeep\n|turn|26\n|\n|t:|1700615791\n|switch|p1a: Dragonite|Dragonite, M|89\/100 brn\n|-damage|p1a: Dragonite|64\/100 brn|[from] Stealth Rock\n|move|p2a: Landorus|Earthquake|p1a: Dragonite\n|-immune|p1a: Dragonite\n|\n|-heal|p2a: Landorus|79\/100|[from] item: Leftovers\n|-damage|p1a: Dragonite|58\/100 brn|[from] brn\n|upkeep\n|turn|27\n|\n|t:|1700615796\n|move|p1a: Dragonite|Ice Spinner|p2a: Landorus\n|-supereffective|p2a: Landorus\n|-damage|p2a: Landorus|38\/100\n|move|p2a: Landorus|U-turn|p1a: Dragonite\n|-resisted|p1a: Dragonite\n|-damage|p1a: Dragonite|14\/100 brn\n|\n|t:|1700615804\n|switch|p2a: Cinderace|Cinderace, M|89\/100|[from] U-turn\n|\n|-damage|p1a: Dragonite|8\/100 brn|[from] brn\n|upkeep\n|turn|28\n|\n|t:|1700615808\n|move|p1a: Dragonite|Extreme Speed|p2a: Cinderace\n|-damage|p2a: Cinderace|66\/100\n|move|p2a: Cinderace|Pyro Ball|p1a: Dragonite\n|-resisted|p1a: Dragonite\n|-damage|p1a: Dragonite|0 fnt\n|faint|p1a: Dragonite\n|\n|upkeep\n|\n|t:|1700615815\n|switch|p1a: Gholdengo|Gholdengo|70\/100\n|-damage|p1a: Gholdengo|57\/100|[from] Spikes\n|-damage|p1a: Gholdengo|51\/100|[from] Stealth Rock\n|turn|29\n|\n|t:|1700615818\n|move|p1a: Gholdengo|Shadow Ball|p2a: Cinderace\n|-damage|p2a: Cinderace|0 fnt\n|faint|p2a: Cinderace\n|\n|upkeep\n|\n|t:|1700615822\n|switch|p2a: Iron Valiant|Iron Valiant|100\/100\n|-enditem|p2a: Iron Valiant|Booster Energy\n|-activate|p2a: Iron Valiant|ability: Quark Drive|[fromitem]\n|-start|p2a: Iron Valiant|quarkdrivespe\n|turn|30\n|\n|t:|1700615833\n|switch|p1a: Garganacl|Garganacl, M|42\/100\n|-damage|p1a: Garganacl|30\/100|[from] Spikes\n|-damage|p1a: Garganacl|18\/100|[from] Stealth Rock\n|move|p2a: Iron Valiant|Thunderbolt|p1a: Garganacl\n|-damage|p1a: Garganacl|0 fnt\n|faint|p1a: Garganacl\n|\n|upkeep\n|\n|t:|1700615843\n|switch|p1a: Forretress|Forretress, M|100\/100\n|-damage|p1a: Forretress|88\/100|[from] Spikes\n|-damage|p1a: Forretress|76\/100|[from] Stealth Rock\n|turn|31\n|\n|t:|1700615851\n|-end|p2a: Iron Valiant|Quark Drive|[silent]\n|switch|p2a: Landorus|Landorus-Therian, M|38\/100\n|-ability|p2a: Landorus|Intimidate|boost\n|-unboost|p1a: Forretress|atk|1\n|move|p1a: Forretress|Flash Cannon|p2a: Landorus\n|-damage|p2a: Landorus|0 fnt\n|faint|p2a: Landorus\n|\n|upkeep\n|\n|t:|1700615856\n|switch|p2a: Iron Valiant|Iron Valiant|100\/100\n|turn|32\n|\n|t:|1700615860\n|move|p2a: Iron Valiant|Aura Sphere|p1a: Forretress\n|-damage|p1a: Forretress|7\/100\n|move|p1a: Forretress|Flash Cannon|p2a: Iron Valiant\n|-supereffective|p2a: Iron Valiant\n|-damage|p2a: Iron Valiant|0 fnt\n|faint|p2a: Iron Valiant\n|-end|p2a: Iron Valiant|Quark Drive|[silent]\n|\n|win|BL153\n|raw|BL153's rating: 1390 &rarr; <strong>1414<\/strong><br \/>(+24 for winning)\n|raw|Vedyn's rating: 1468 &rarr; <strong>1444<\/strong><br \/>(-24 for losing)\n|l|\u2606Vedyn\n|c|\u2606BL153|gg\n","uploadtime":1700615869,"views":13,"p1id":"bl153","p2id":"vedyn","formatid":"gen9ou","rating":1414,"private":0,"password":""}