{"id":"gen9ou-1991003347","p1":"SwiftSnek","p2":"shitking","format":"[Gen 9] OU","log":"|j|\u2606SwiftSnek\n|j|\u2606shitking\n|t:|1700026275\n|gametype|singles\n|player|p1|SwiftSnek|gentleman-gen4|1108\n|player|p2|shitking|fantina|1210\n|teamsize|p1|6\n|teamsize|p2|6\n|gen|9\n|tier|[Gen 9] OU\n|rated|\n|rule|Sleep Clause Mod: Limit one foe put to sleep\n|rule|Species Clause: Limit one of each Pok\u00e9mon\n|rule|OHKO Clause: OHKO moves are banned\n|rule|Evasion Items Clause: Evasion items are banned\n|rule|Evasion Moves Clause: Evasion moves are banned\n|rule|Endless Battle Clause: Forcing endless battles is banned\n|rule|HP Percentage Mod: HP is shown in percentages\n|clearpoke\n|poke|p1|Dragapult, F|\n|poke|p1|Kleavor, F|\n|poke|p1|Tatsugiri, M|\n|poke|p1|Skeledirge, M|\n|poke|p1|Quagsire, M|\n|poke|p1|Corviknight, M|\n|poke|p2|Great Tusk|\n|poke|p2|Corviknight, F|\n|poke|p2|Walking Wake|\n|poke|p2|Rillaboom, F|\n|poke|p2|Manaphy|\n|poke|p2|Blissey, F|\n|teampreview\n|inactive|Battle timer is ON: inactive players will automatically lose when time's up. (requested by SwiftSnek)\n|\n|t:|1700026288\n|start\n|switch|p1a: Drago|Dragapult, F|100\/100\n|switch|p2a: Manaphy|Manaphy|100\/100\n|turn|1\n|\n|t:|1700026296\n|move|p1a: Drago|Substitute|p1a: Drago\n|-start|p1a: Drago|Substitute\n|-damage|p1a: Drago|76\/100\n|move|p2a: Manaphy|Dazzling Gleam|p1a: Drago\n|-supereffective|p1a: Drago\n|-end|p1a: Drago|Substitute\n|\n|-heal|p1a: Drago|82\/100|[from] item: Leftovers\n|upkeep\n|turn|2\n|\n|t:|1700026318\n|switch|p1a: Corviknight|Corviknight, M|100\/100\n|move|p2a: Manaphy|Surf|p1a: Corviknight\n|-damage|p1a: Corviknight|60\/100\n|\n|upkeep\n|turn|3\n|\n|t:|1700026327\n|move|p2a: Manaphy|Tail Glow|p2a: Manaphy\n|-boost|p2a: Manaphy|spa|3\n|move|p1a: Corviknight|Roost|p1a: Corviknight\n|-heal|p1a: Corviknight|100\/100\n|-singleturn|p1a: Corviknight|move: Roost\n|\n|upkeep\n|turn|4\n|\n|t:|1700026333\n|switch|p1a: Airhead|Quagsire, M|100\/100\n|move|p2a: Manaphy|Tail Glow|p2a: Manaphy\n|-boost|p2a: Manaphy|spa|3\n|\n|upkeep\n|turn|5\n|\n|t:|1700026339\n|move|p2a: Manaphy|Energy Ball|p1a: Airhead\n|-supereffective|p1a: Airhead\n|-damage|p1a: Airhead|0 fnt\n|faint|p1a: Airhead\n|\n|upkeep\n|\n|t:|1700026344\n|switch|p1a: Tasty|Tatsugiri, M|100\/100\n|turn|6\n|\n|t:|1700026347\n|move|p1a: Tasty|Draco Meteor|p2a: Manaphy\n|-damage|p2a: Manaphy|38\/100\n|-unboost|p1a: Tasty|spa|2\n|move|p2a: Manaphy|Dazzling Gleam|p1a: Tasty\n|-supereffective|p1a: Tasty\n|-damage|p1a: Tasty|0 fnt\n|faint|p1a: Tasty\n|\n|-heal|p2a: Manaphy|44\/100|[from] item: Leftovers\n|upkeep\n|\n|t:|1700026351\n|switch|p1a: Drago|Dragapult, F|82\/100\n|turn|7\n|\n|t:|1700026360\n|-terastallize|p2a: Manaphy|Fairy\n|move|p1a: Drago|Dragon Darts|p2a: Manaphy\n|-immune|p2a: Manaphy\n|move|p2a: Manaphy|Dazzling Gleam|p1a: Drago\n|-supereffective|p1a: Drago\n|-crit|p1a: Drago\n|-damage|p1a: Drago|0 fnt\n|faint|p1a: Drago\n|\n|-heal|p2a: Manaphy|50\/100|[from] item: Leftovers\n|upkeep\n|\n|t:|1700026363\n|switch|p1a: Q-Killer|Kleavor, F|100\/100\n|turn|8\n|\n|t:|1700026371\n|-terastallize|p1a: Q-Killer|Normal\n|move|p1a: Q-Killer|Quick Attack|p2a: Manaphy\n|-damage|p2a: Manaphy|30\/100\n|move|p2a: Manaphy|Surf|p1a: Q-Killer\n|-damage|p1a: Q-Killer|0 fnt\n|faint|p1a: Q-Killer\n|\n|-heal|p2a: Manaphy|36\/100|[from] item: Leftovers\n|upkeep\n|\n|t:|1700026377\n|switch|p1a: Roger|Skeledirge, M|100\/100\n|turn|9\n|\n|t:|1700026383\n|move|p2a: Manaphy|Surf|p1a: Roger\n|-supereffective|p1a: Roger\n|-damage|p1a: Roger|46\/100\n|move|p1a: Roger|Hex|p2a: Manaphy\n|-damage|p2a: Manaphy|10\/100\n|\n|-heal|p2a: Manaphy|16\/100|[from] item: Leftovers\n|-heal|p1a: Roger|52\/100|[from] item: Leftovers\n|upkeep\n|turn|10\n|\n|t:|1700026392\n|move|p2a: Manaphy|Surf|p1a: Roger\n|-supereffective|p1a: Roger\n|-damage|p1a: Roger|0 fnt\n|faint|p1a: Roger\n|\n|-heal|p2a: Manaphy|22\/100|[from] item: Leftovers\n|upkeep\n|\n|t:|1700026399\n|switch|p1a: Corviknight|Corviknight, M|100\/100\n|turn|11\n|\n|t:|1700026402\n|move|p2a: Manaphy|Surf|p1a: Corviknight\n|-damage|p1a: Corviknight|0 fnt\n|faint|p1a: Corviknight\n|\n|win|shitking\n|raw|SwiftSnek's rating: 1082 &rarr; <strong>1068<\/strong><br \/>(-14 for losing)\n|raw|shitking's rating: 1210 &rarr; <strong>1226<\/strong><br \/>(+16 for winning)\n","uploadtime":1700026410,"views":20,"p1id":"swiftsnek","p2id":"shitking","formatid":"gen9ou","rating":1068,"private":0,"password":""}