{"id":"gen9ou-1994022975","p1":"Ruinous Tusk","p2":"Dickenz","format":"[Gen 9] OU","log":"|j|\u2606Ruinous Tusk\n|j|\u2606Dickenz\n|t:|1700395325\n|gametype|singles\n|player|p1|Ruinous Tusk|hilbert|1426\n|player|p2|Dickenz|acetrainerf-gen4|1352\n|teamsize|p1|6\n|teamsize|p2|6\n|gen|9\n|tier|[Gen 9] OU\n|rated|\n|rule|Sleep Clause Mod: Limit one foe put to sleep\n|rule|Species Clause: Limit one of each Pok\u00e9mon\n|rule|OHKO Clause: OHKO moves are banned\n|rule|Evasion Items Clause: Evasion items are banned\n|rule|Evasion Moves Clause: Evasion moves are banned\n|rule|Endless Battle Clause: Forcing endless battles is banned\n|rule|HP Percentage Mod: HP is shown in percentages\n|clearpoke\n|poke|p1|Pelipper, M|\n|poke|p1|Landorus-Therian, M|\n|poke|p1|Basculegion, M|\n|poke|p1|Samurott-Hisui, M|\n|poke|p1|Zapdos|\n|poke|p1|Kingambit, M|\n|poke|p2|Sneasler, M|\n|poke|p2|Corviknight, M|\n|poke|p2|Great Tusk|\n|poke|p2|Dragapult, F|\n|poke|p2|Slowking-Galar, M|\n|poke|p2|Tyranitar, M|\n|teampreview\n|inactive|Battle timer is ON: inactive players will automatically lose when time's up. (requested by Dickenz)\n|inactive|Ruinous Tusk also wants the timer to be on.\n|\n|t:|1700395339\n|start\n|switch|p1a: Pelipper|Pelipper, M|100\/100\n|switch|p2a: Sneasler|Sneasler, M|100\/100\n|-weather|RainDance|[from] ability: Drizzle|[of] p1a: Pelipper\n|turn|1\n|\n|t:|1700395347\n|move|p2a: Sneasler|U-turn|p1a: Pelipper\n|-resisted|p1a: Pelipper\n|-damage|p1a: Pelipper|91\/100\n|\n|t:|1700395349\n|switch|p2a: Tyranitar|Tyranitar, M|100\/100|[from] U-turn\n|-weather|Sandstorm|[from] ability: Sand Stream|[of] p2a: Tyranitar\n|move|p1a: Pelipper|U-turn|p2a: Tyranitar\n|-supereffective|p2a: Tyranitar\n|-damage|p2a: Tyranitar|86\/100\n|\n|t:|1700395365\n|switch|p1a: Basculegion|Basculegion, M|100\/100|[from] U-turn\n|\n|-weather|Sandstorm|[upkeep]\n|-damage|p1a: Basculegion|94\/100|[from] Sandstorm\n|upkeep\n|turn|2\n|\n|t:|1700395389\n|move|p1a: Basculegion|Wave Crash|p2a: Tyranitar\n|-supereffective|p2a: Tyranitar\n|-damage|p2a: Tyranitar|0 fnt\n|faint|p2a: Tyranitar\n|-damage|p1a: Basculegion|65\/100|[from] Recoil\n|\n|-weather|Sandstorm|[upkeep]\n|-damage|p1a: Basculegion|59\/100|[from] Sandstorm\n|upkeep\n|\n|t:|1700395401\n|switch|p2a: Dragapult|Dragapult, F|100\/100\n|turn|3\n|\n|t:|1700395406\n|switch|p1a: Kingambit|Kingambit, M|100\/100\n|move|p2a: Dragapult|Shadow Ball|p1a: Kingambit\n|-resisted|p1a: Kingambit\n|-damage|p1a: Kingambit|71\/100\n|\n|-weather|Sandstorm|[upkeep]\n|-damage|p2a: Dragapult|95\/100|[from] Sandstorm\n|upkeep\n|turn|4\n|\n|t:|1700395416\n|switch|p2a: Great Tusk|Great Tusk|100\/100\n|-end|p1a: Kingambit|fallenundefined|[silent]\n|switch|p1a: Pelipper|Pelipper, M|91\/100\n|-weather|RainDance|[from] ability: Drizzle|[of] p1a: Pelipper\n|\n|-weather|RainDance|[upkeep]\n|upkeep\n|turn|5\n|inactive|Dickenz has 120 seconds left.\n|\n|t:|1700395441\n|move|p2a: Great Tusk|Stealth Rock|p1a: Pelipper\n|-sidestart|p1: Ruinous Tusk|move: Stealth Rock\n|move|p1a: Pelipper|U-turn|p2a: Great Tusk\n|-resisted|p2a: Great Tusk\n|-damage|p2a: Great Tusk|98\/100\n|\n|t:|1700395450\n|switch|p1a: Landorus|Landorus-Therian, M|100\/100|[from] U-turn\n|-damage|p1a: Landorus|88\/100|[from] Stealth Rock\n|-ability|p1a: Landorus|Intimidate|boost\n|-unboost|p2a: Great Tusk|atk|1\n|\n|-weather|RainDance|[upkeep]\n|-heal|p2a: Great Tusk|100\/100|[from] item: Leftovers\n|upkeep\n|turn|6\n|inactive|Dickenz has 120 seconds left.\n|\n|t:|1700395468\n|move|p1a: Landorus|Weather Ball|p2a: Great Tusk\n|-supereffective|p2a: Great Tusk\n|-damage|p2a: Great Tusk|0 fnt\n|faint|p2a: Great Tusk\n|-end|p2a: Great Tusk|Protosynthesis|[silent]\n|\n|-weather|RainDance|[upkeep]\n|upkeep\n|inactive|Dickenz has 120 seconds left.\n|\n|t:|1700395481\n|switch|p2a: Sneasler|Sneasler, M|100\/100\n|turn|7\n|\n|t:|1700395484\n|switch|p1a: Zapdos|Zapdos|100\/100\n|move|p2a: Sneasler|U-turn|p1a: Zapdos\n|-resisted|p1a: Zapdos\n|-damage|p1a: Zapdos|85\/100\n|-status|p2a: Sneasler|par|[from] ability: Static|[of] p1a: Zapdos\n|\n|t:|1700395489\n|switch|p2a: Slowking|Slowking-Galar, M|100\/100|[from] U-turn\n|\n|-weather|RainDance|[upkeep]\n|upkeep\n|turn|8\n|\n|t:|1700395493\n|move|p1a: Zapdos|Thunder|p2a: Slowking\n|-damage|p2a: Slowking|74\/100\n|move|p2a: Slowking|Sludge Bomb|p1a: Zapdos\n|-damage|p1a: Zapdos|45\/100\n|-status|p1a: Zapdos|psn\n|\n|-weather|RainDance|[upkeep]\n|-damage|p1a: Zapdos|32\/100 psn|[from] psn\n|upkeep\n|turn|9\n|\n|t:|1700395499\n|move|p1a: Zapdos|Roost|p1a: Zapdos\n|-heal|p1a: Zapdos|82\/100 psn\n|-singleturn|p1a: Zapdos|move: Roost\n|move|p2a: Slowking|Future Sight|p1a: Zapdos\n|-start|p2a: Slowking|move: Future Sight\n|\n|-weather|RainDance|[upkeep]\n|-damage|p1a: Zapdos|70\/100 psn|[from] psn\n|upkeep\n|turn|10\n|\n|t:|1700395502\n|move|p1a: Zapdos|Hurricane|p2a: Slowking\n|-damage|p2a: Slowking|49\/100\n|move|p2a: Slowking|Hydro Pump|p1a: Zapdos\n|-damage|p1a: Zapdos|17\/100 psn\n|\n|-weather|RainDance|[upkeep]\n|-damage|p1a: Zapdos|4\/100 psn|[from] psn\n|upkeep\n|turn|11\n|\n|t:|1700395510\n|move|p1a: Zapdos|Hurricane|p2a: Slowking\n|-damage|p2a: Slowking|26\/100\n|-start|p2a: Slowking|confusion\n|-activate|p2a: Slowking|confusion\n|-damage|p2a: Slowking|21\/100|[from] confusion\n|\n|-weather|none\n|-end|p1a: Zapdos|move: Future Sight\n|-damage|p1a: Zapdos|0 fnt\n|faint|p1a: Zapdos\n|upkeep\n|\n|t:|1700395513\n|switch|p1a: Pelipper|Pelipper, M|91\/100\n|-damage|p1a: Pelipper|66\/100|[from] Stealth Rock\n|-weather|RainDance|[from] ability: Drizzle|[of] p1a: Pelipper\n|turn|12\n|\n|t:|1700395530\n|switch|p2a: Corviknight|Corviknight, M|100\/100\n|-ability|p2a: Corviknight|Pressure\n|move|p1a: Pelipper|Surf|p2a: Corviknight\n|-damage|p2a: Corviknight|57\/100\n|\n|-weather|RainDance|[upkeep]\n|-heal|p2a: Corviknight|63\/100|[from] item: Leftovers\n|upkeep\n|turn|13\n|\n|t:|1700395538\n|move|p2a: Corviknight|U-turn|p1a: Pelipper\n|-resisted|p1a: Pelipper\n|-damage|p1a: Pelipper|61\/100\n|\n|t:|1700395541\n|switch|p2a: Slowking|Slowking-Galar, M|54\/100|[from] U-turn\n|move|p1a: Pelipper|U-turn|p2a: Slowking\n|-damage|p2a: Slowking|45\/100\n|\n|t:|1700395546\n|switch|p1a: Basculegion|Basculegion, M|59\/100|[from] U-turn\n|-damage|p1a: Basculegion|46\/100|[from] Stealth Rock\n|\n|-weather|RainDance|[upkeep]\n|upkeep\n|turn|14\n|\n|t:|1700395556\n|switch|p2a: Corviknight|Corviknight, M|63\/100\n|-ability|p2a: Corviknight|Pressure\n|move|p1a: Basculegion|Flip Turn|p2a: Corviknight\n|-damage|p2a: Corviknight|21\/100\n|\n|t:|1700395567\n|switch|p1a: Samurott|Samurott-Hisui, M|100\/100|[from] Flip Turn\n|\n|-weather|RainDance|[upkeep]\n|-heal|p2a: Corviknight|27\/100|[from] item: Leftovers\n|upkeep\n|turn|15\n|\n|t:|1700395572\n|move|p1a: Samurott|Razor Shell|p2a: Corviknight\n|-damage|p2a: Corviknight|0 fnt\n|faint|p2a: Corviknight\n|\n|-weather|RainDance|[upkeep]\n|upkeep\n|\n|t:|1700395577\n|switch|p2a: Sneasler|Sneasler, M|100\/100 par\n|turn|16\n|\n|t:|1700395583\n|move|p1a: Samurott|Razor Shell|p2a: Sneasler\n|-damage|p2a: Sneasler|0 fnt\n|faint|p2a: Sneasler\n|\n|-weather|RainDance|[upkeep]\n|upkeep\n|\n|t:|1700395609\n|switch|p2a: Dragapult|Dragapult, F|95\/100\n|turn|17\n|\n|t:|1700395616\n|move|p2a: Dragapult|U-turn|p1a: Samurott\n|-supereffective|p1a: Samurott\n|-damage|p1a: Samurott|53\/100\n|\n|t:|1700395619\n|switch|p2a: Slowking|Slowking-Galar, M|78\/100|[from] U-turn\n|move|p1a: Samurott|Knock Off|p2a: Slowking\n|-supereffective|p2a: Slowking\n|-damage|p2a: Slowking|0 fnt\n|-enditem|p2a: Slowking|Assault Vest|[from] move: Knock Off|[of] p1a: Samurott\n|faint|p2a: Slowking\n|\n|-weather|RainDance|[upkeep]\n|upkeep\n|\n|t:|1700395632\n|switch|p2a: Dragapult|Dragapult, F|95\/100\n|turn|18\n|\n|t:|1700395641\n|-terastallize|p2a: Dragapult|Ghost\n|move|p2a: Dragapult|Shadow Ball|p1a: Samurott\n|-resisted|p1a: Samurott\n|-damage|p1a: Samurott|0 fnt\n|faint|p1a: Samurott\n|\n|-weather|RainDance|[upkeep]\n|upkeep\n|\n|t:|1700395649\n|switch|p1a: Kingambit|Kingambit, M|71\/100\n|-damage|p1a: Kingambit|64\/100|[from] Stealth Rock\n|-activate|p1a: Kingambit|ability: Supreme Overlord\n|-start|p1a: Kingambit|fallen2|[silent]\n|turn|19\n|\n|t:|1700395660\n|move|p1a: Kingambit|Sucker Punch|p2a: Dragapult\n|-supereffective|p2a: Dragapult\n|-damage|p2a: Dragapult|0 fnt\n|faint|p2a: Dragapult\n|\n|win|Ruinous Tusk\n|raw|Ruinous Tusk's rating: 1426 &rarr; <strong>1442<\/strong><br \/>(+16 for winning)\n|raw|Dickenz's rating: 1352 &rarr; <strong>1336<\/strong><br \/>(-16 for losing)\n|l|\u2606Dickenz\n","uploadtime":1700395677,"views":9,"p1id":"ruinoustusk","p2id":"dickenz","formatid":"gen9ou","rating":1336,"private":0,"password":""}