{"id":"gen9ou-1996666772","p1":"HoveringWoman","p2":"rectreemz","format":"[Gen 9] OU","log":"|j|\u2606HoveringWoman\n|j|\u2606rectreemz\n|t:|1700707195\n|gametype|singles\n|player|p1|HoveringWoman|caitlin-masters|1480\n|player|p2|rectreemz|2|1448\n|teamsize|p1|6\n|teamsize|p2|6\n|gen|9\n|tier|[Gen 9] OU\n|rated|\n|rule|Sleep Clause Mod: Limit one foe put to sleep\n|rule|Species Clause: Limit one of each Pok\u00e9mon\n|rule|OHKO Clause: OHKO moves are banned\n|rule|Evasion Items Clause: Evasion items are banned\n|rule|Evasion Moves Clause: Evasion moves are banned\n|rule|Endless Battle Clause: Forcing endless battles is banned\n|rule|HP Percentage Mod: HP is shown in percentages\n|clearpoke\n|poke|p1|Greninja-*, M|\n|poke|p1|Zapdos|\n|poke|p1|Great Tusk|\n|poke|p1|Zamazenta-*|\n|poke|p1|Enamorus, F|\n|poke|p1|Kingambit, M|\n|poke|p2|Ninetales-Alola, M|\n|poke|p2|Kingambit, M|\n|poke|p2|Kommo-o, F|\n|poke|p2|Cinderace, F|\n|poke|p2|Landorus-Therian, M|\n|poke|p2|Iron Valiant|\n|teampreview\n|inactive|Battle timer is ON: inactive players will automatically lose when time's up. (requested by rectreemz)\n|\n|t:|1700707203\n|start\n|switch|p1a: saskue|Greninja, M|100\/100\n|switch|p2a: Ninetales|Ninetales-Alola, M|100\/100\n|-weather|Snow|[from] ability: Snow Warning|[of] p2a: Ninetales\n|turn|1\n|\n|t:|1700707207\n|-terastallize|p1a: saskue|Poison\n|move|p1a: saskue|Tera Blast|p2a: Ninetales|[anim] Tera Blast Poison\n|-supereffective|p2a: Ninetales\n|-damage|p2a: Ninetales|8\/100\n|-damage|p1a: saskue|91\/100|[from] item: Life Orb\n|move|p2a: Ninetales|Aurora Veil|p2a: Ninetales\n|-sidestart|p2: rectreemz|move: Aurora Veil\n|\n|-weather|Snow|[upkeep]\n|upkeep\n|turn|2\n|\n|t:|1700707215\n|switch|p2a: Kingambit|Kingambit, M|100\/100\n|move|p1a: saskue|Tera Blast|p2a: Kingambit|[anim] Tera Blast Poison\n|-immune|p2a: Kingambit\n|\n|-weather|Snow|[upkeep]\n|upkeep\n|turn|3\n|\n|t:|1700707219\n|switch|p1a: Amazing Tusks|Great Tusk|100\/100\n|-end|p2a: Kingambit|fallenundefined|[silent]\n|switch|p2a: Kommo-o|Kommo-o, F|100\/100\n|\n|-weather|Snow|[upkeep]\n|upkeep\n|turn|4\n|\n|t:|1700707227\n|move|p1a: Amazing Tusks|Knock Off|p2a: Kommo-o\n|-resisted|p2a: Kommo-o\n|-damage|p2a: Kommo-o|92\/100\n|-enditem|p2a: Kommo-o|Leftovers|[from] move: Knock Off|[of] p1a: Amazing Tusks\n|move|p2a: Kommo-o|Clangorous Soul|p2a: Kommo-o\n|-boost|p2a: Kommo-o|atk|1\n|-boost|p2a: Kommo-o|def|1\n|-boost|p2a: Kommo-o|spa|1\n|-boost|p2a: Kommo-o|spd|1\n|-boost|p2a: Kommo-o|spe|1\n|-damage|p2a: Kommo-o|59\/100\n|\n|-weather|Snow|[upkeep]\n|upkeep\n|turn|5\n|\n|t:|1700707234\n|move|p2a: Kommo-o|Clanging Scales|p1a: Amazing Tusks\n|-damage|p1a: Amazing Tusks|1\/100\n|-unboost|p2a: Kommo-o|def|1\n|move|p1a: Amazing Tusks|Ice Spinner|p2a: Kommo-o\n|-supereffective|p2a: Kommo-o\n|-damage|p2a: Kommo-o|27\/100\n|\n|-weather|none\n|upkeep\n|turn|6\n|\n|t:|1700707244\n|-end|p1a: Amazing Tusks|Protosynthesis|[silent]\n|switch|p1a: Lipstick|Enamorus, F|100\/100\n|move|p2a: Kommo-o|Drain Punch|p1a: Lipstick\n|-resisted|p1a: Lipstick\n|-damage|p1a: Lipstick|85\/100\n|-heal|p2a: Kommo-o|35\/100|[from] drain|[of] p1a: Lipstick\n|\n|upkeep\n|turn|7\n|\n|t:|1700707248\n|-terastallize|p2a: Kommo-o|Fire\n|move|p1a: Lipstick|Moonblast|p2a: Kommo-o\n|-resisted|p2a: Kommo-o\n|-damage|p2a: Kommo-o|25\/100\n|-unboost|p2a: Kommo-o|spa|1\n|move|p2a: Kommo-o|Flamethrower|p1a: Lipstick\n|-crit|p1a: Lipstick\n|-damage|p1a: Lipstick|1\/100\n|\n|upkeep\n|turn|8\n|c|\u2606rectreemz|Bros team just sturdy\n|inactive|rectreemz has 120 seconds left.\n|\n|t:|1700707285\n|switch|p1a: Wat The Dog Doin?|Zamazenta|100\/100\n|-ability|p1a: Wat The Dog Doin?|Dauntless Shield|boost\n|-boost|p1a: Wat The Dog Doin?|def|1\n|move|p2a: Kommo-o|Flamethrower|p1a: Wat The Dog Doin?\n|-damage|p1a: Wat The Dog Doin?|66\/100\n|\n|-heal|p1a: Wat The Dog Doin?|72\/100|[from] item: Leftovers\n|-sideend|p2: rectreemz|move: Aurora Veil\n|upkeep\n|turn|9\n|inactive|rectreemz has 120 seconds left.\n|\n|t:|1700707293\n|move|p2a: Kommo-o|Clanging Scales|p1a: Wat The Dog Doin?\n|-damage|p1a: Wat The Dog Doin?|29\/100\n|-unboost|p2a: Kommo-o|def|1\n|move|p1a: Wat The Dog Doin?|Body Press|p2a: Kommo-o\n|-damage|p2a: Kommo-o|0 fnt\n|faint|p2a: Kommo-o\n|\n|-heal|p1a: Wat The Dog Doin?|35\/100|[from] item: Leftovers\n|upkeep\n|inactive|rectreemz has 120 seconds left.\n|\n|t:|1700707310\n|switch|p2a: Iron Valiant|Iron Valiant|100\/100\n|-enditem|p2a: Iron Valiant|Booster Energy\n|-activate|p2a: Iron Valiant|ability: Quark Drive|[fromitem]\n|-start|p2a: Iron Valiant|quarkdrivespe\n|turn|10\n|\n|t:|1700707315\n|move|p2a: Iron Valiant|Moonblast|p1a: Wat The Dog Doin?\n|-supereffective|p1a: Wat The Dog Doin?\n|-damage|p1a: Wat The Dog Doin?|0 fnt\n|faint|p1a: Wat The Dog Doin?\n|\n|upkeep\n|\n|t:|1700707322\n|switch|p1a: Pzazz|Zapdos|100\/100\n|turn|11\n|\n|t:|1700707325\n|-end|p2a: Iron Valiant|Quark Drive|[silent]\n|switch|p2a: Landorus|Landorus-Therian, M|100\/100\n|-ability|p2a: Landorus|Intimidate|boost\n|-unboost|p1a: Pzazz|atk|1\n|move|p1a: Pzazz|Hurricane|p2a: Landorus|[miss]\n|-miss|p1a: Pzazz|p2a: Landorus\n|\n|upkeep\n|turn|12\n|\n|t:|1700707331\n|move|p1a: Pzazz|Hurricane|p2a: Landorus\n|-damage|p2a: Landorus|52\/100\n|move|p2a: Landorus|Stealth Rock|p1a: Pzazz\n|-sidestart|p1: HoveringWoman|move: Stealth Rock\n|\n|upkeep\n|turn|13\n|\n|t:|1700707337\n|switch|p2a: Ninetales|Ninetales-Alola, M|8\/100\n|-weather|Snow|[from] ability: Snow Warning|[of] p2a: Ninetales\n|move|p1a: Pzazz|Hurricane|p2a: Ninetales\n|-damage|p2a: Ninetales|0 fnt\n|faint|p2a: Ninetales\n|\n|-weather|Snow|[upkeep]\n|upkeep\n|\n|t:|1700707345\n|switch|p2a: Cinderace|Cinderace, F|100\/100\n|turn|14\n|\n|t:|1700707348\n|move|p2a: Cinderace|Pyro Ball|p1a: Pzazz\n|-damage|p1a: Pzazz|55\/100\n|move|p1a: Pzazz|Discharge|p2a: Cinderace\n|-damage|p2a: Cinderace|54\/100\n|-status|p2a: Cinderace|par\n|\n|-weather|Snow|[upkeep]\n|upkeep\n|turn|15\n|\n|t:|1700707352\n|move|p1a: Pzazz|Roost|p1a: Pzazz\n|-heal|p1a: Pzazz|100\/100\n|-singleturn|p1a: Pzazz|move: Roost\n|move|p2a: Cinderace|Pyro Ball|p1a: Pzazz\n|-damage|p1a: Pzazz|56\/100\n|\n|-weather|Snow|[upkeep]\n|upkeep\n|turn|16\n|\n|t:|1700707359\n|switch|p2a: Iron Valiant|Iron Valiant|100\/100\n|move|p1a: Pzazz|Roost|p1a: Pzazz\n|-heal|p1a: Pzazz|100\/100\n|-singleturn|p1a: Pzazz|move: Roost\n|\n|-weather|Snow|[upkeep]\n|upkeep\n|turn|17\n|\n|t:|1700707362\n|move|p2a: Iron Valiant|Encore|p1a: Pzazz\n|-start|p1a: Pzazz|Encore\n|move|p1a: Pzazz|Roost||[still]\n|-fail|p1a: Pzazz|heal\n|\n|-weather|none\n|upkeep\n|turn|18\n|\n|t:|1700707368\n|switch|p1a: Godfather|Kingambit, M|100\/100\n|-damage|p1a: Godfather|94\/100|[from] Stealth Rock\n|-activate|p1a: Godfather|ability: Supreme Overlord\n|-start|p1a: Godfather|fallen1|[silent]\n|move|p2a: Iron Valiant|Thunderbolt|p1a: Godfather\n|-damage|p1a: Godfather|63\/100\n|\n|upkeep\n|turn|19\n|\n|t:|1700707377\n|-end|p2a: Iron Valiant|Quark Drive|[silent]\n|switch|p2a: Landorus|Landorus-Therian, M|52\/100\n|-ability|p2a: Landorus|Intimidate|boost\n|-unboost|p1a: Godfather|atk|1\n|-end|p1a: Godfather|fallen1|[silent]\n|switch|p1a: Pzazz|Zapdos|100\/100\n|\n|upkeep\n|turn|20\n|\n|t:|1700707386\n|switch|p2a: Kingambit|Kingambit, M|100\/100\n|-activate|p2a: Kingambit|ability: Supreme Overlord\n|-start|p2a: Kingambit|fallen2|[silent]\n|move|p1a: Pzazz|Hurricane|p2a: Kingambit|[miss]\n|-miss|p1a: Pzazz|p2a: Kingambit\n|\n|upkeep\n|turn|21\n|\n|t:|1700707392\n|move|p1a: Pzazz|Discharge|p2a: Kingambit\n|-damage|p2a: Kingambit|61\/100\n|-status|p2a: Kingambit|par\n|move|p2a: Kingambit|Swords Dance|p2a: Kingambit\n|-boost|p2a: Kingambit|atk|2\n|\n|upkeep\n|turn|22\n|\n|t:|1700707397\n|move|p2a: Kingambit|Sucker Punch|p1a: Pzazz\n|-damage|p1a: Pzazz|18\/100\n|move|p1a: Pzazz|Discharge|p2a: Kingambit\n|-damage|p2a: Kingambit|19\/100 par\n|\n|upkeep\n|turn|23\n|\n|t:|1700707403\n|-end|p2a: Kingambit|fallen2|[silent]\n|switch|p2a: Iron Valiant|Iron Valiant|100\/100\n|move|p1a: Pzazz|Roost|p1a: Pzazz\n|-heal|p1a: Pzazz|68\/100\n|-singleturn|p1a: Pzazz|move: Roost\n|\n|upkeep\n|turn|24\n|\n|t:|1700707406\n|move|p2a: Iron Valiant|Moonblast|p1a: Pzazz\n|-damage|p1a: Pzazz|20\/100\n|-unboost|p1a: Pzazz|spa|1\n|move|p1a: Pzazz|Roost|p1a: Pzazz\n|-heal|p1a: Pzazz|70\/100\n|-singleturn|p1a: Pzazz|move: Roost\n|\n|upkeep\n|turn|25\n|\n|t:|1700707411\n|move|p2a: Iron Valiant|Encore|p1a: Pzazz\n|-start|p1a: Pzazz|Encore\n|move|p1a: Pzazz|Roost|p1a: Pzazz\n|-heal|p1a: Pzazz|100\/100\n|-singleturn|p1a: Pzazz|move: Roost\n|\n|upkeep\n|turn|26\n|\n|t:|1700707415\n|switch|p1a: Godfather|Kingambit, M|63\/100\n|-damage|p1a: Godfather|57\/100|[from] Stealth Rock\n|-activate|p1a: Godfather|ability: Supreme Overlord\n|-start|p1a: Godfather|fallen1|[silent]\n|move|p2a: Iron Valiant|Moonblast|p1a: Godfather\n|-damage|p1a: Godfather|12\/100\n|\n|upkeep\n|turn|27\n|\n|t:|1700707418\n|move|p1a: Godfather|Sucker Punch|p2a: Iron Valiant\n|-resisted|p2a: Iron Valiant\n|-damage|p2a: Iron Valiant|82\/100\n|move|p2a: Iron Valiant|Moonblast|p1a: Godfather\n|-damage|p1a: Godfather|0 fnt\n|faint|p1a: Godfather\n|-end|p1a: Godfather|fallen1|[silent]\n|\n|upkeep\n|\n|t:|1700707426\n|switch|p1a: saskue|Greninja, M, tera:Poison|91\/100\n|-damage|p1a: saskue|78\/100|[from] Stealth Rock\n|turn|28\n|\n|t:|1700707431\n|-end|p2a: Iron Valiant|Quark Drive|[silent]\n|switch|p2a: Kingambit|Kingambit, M|19\/100 par\n|-activate|p2a: Kingambit|ability: Supreme Overlord\n|-start|p2a: Kingambit|fallen2|[silent]\n|move|p1a: saskue|Tera Blast|p2a: Kingambit|[anim] Tera Blast Poison\n|-immune|p2a: Kingambit\n|\n|upkeep\n|turn|29\n|\n|t:|1700707438\n|move|p2a: Kingambit|Sucker Punch|p1a: saskue\n|-damage|p1a: saskue|0 fnt\n|faint|p1a: saskue\n|\n|upkeep\n|\n|t:|1700707441\n|switch|p1a: Amazing Tusks|Great Tusk|1\/100\n|turn|30\n|\n|t:|1700707444\n|move|p2a: Kingambit|Sucker Punch|p1a: Amazing Tusks\n|-resisted|p1a: Amazing Tusks\n|-damage|p1a: Amazing Tusks|0 fnt\n|faint|p1a: Amazing Tusks\n|-end|p1a: Amazing Tusks|Protosynthesis|[silent]\n|\n|upkeep\n|\n|t:|1700707447\n|switch|p1a: Pzazz|Zapdos|100\/100\n|turn|31\n|\n|t:|1700707451\n|move|p2a: Kingambit|Sucker Punch|p1a: Pzazz\n|-damage|p1a: Pzazz|59\/100\n|move|p1a: Pzazz|Hurricane|p2a: Kingambit\n|-resisted|p2a: Kingambit\n|-damage|p2a: Kingambit|0 fnt\n|faint|p2a: Kingambit\n|-end|p2a: Kingambit|fallen2|[silent]\n|\n|upkeep\n|\n|t:|1700707459\n|switch|p2a: Landorus|Landorus-Therian, M|52\/100\n|-ability|p2a: Landorus|Intimidate|boost\n|-unboost|p1a: Pzazz|atk|1\n|turn|32\n|\n|t:|1700707461\n|move|p1a: Pzazz|Roost|p1a: Pzazz\n|-heal|p1a: Pzazz|100\/100\n|-singleturn|p1a: Pzazz|move: Roost\n|move|p2a: Landorus|Earthquake|p1a: Pzazz\n|-supereffective|p1a: Pzazz\n|-damage|p1a: Pzazz|27\/100\n|\n|upkeep\n|turn|33\n|\n|t:|1700707465\n|move|p1a: Pzazz|Hurricane|p2a: Landorus\n|-damage|p2a: Landorus|5\/100\n|move|p2a: Landorus|Earthquake|p1a: Pzazz\n|-immune|p1a: Pzazz\n|\n|upkeep\n|turn|34\n|\n|t:|1700707469\n|move|p1a: Pzazz|Hurricane|p2a: Landorus|[miss]\n|-miss|p1a: Pzazz|p2a: Landorus\n|move|p2a: Landorus|Earthquake|p1a: Pzazz\n|-immune|p1a: Pzazz\n|\n|upkeep\n|turn|35\n|\n|t:|1700707471\n|move|p1a: Pzazz|Roost|p1a: Pzazz\n|-heal|p1a: Pzazz|77\/100\n|-singleturn|p1a: Pzazz|move: Roost\n|move|p2a: Landorus|Earthquake|p1a: Pzazz\n|-supereffective|p1a: Pzazz\n|-damage|p1a: Pzazz|7\/100\n|\n|upkeep\n|turn|36\n|\n|t:|1700707473\n|move|p1a: Pzazz|Hurricane|p2a: Landorus\n|-damage|p2a: Landorus|0 fnt\n|faint|p2a: Landorus\n|\n|upkeep\n|\n|t:|1700707474\n|switch|p2a: Iron Valiant|Iron Valiant|82\/100\n|turn|37\n|c|\u2606HoveringWoman|gg\n|\n|t:|1700707479\n|move|p2a: Iron Valiant|Moonblast|p1a: Pzazz\n|-damage|p1a: Pzazz|0 fnt\n|faint|p1a: Pzazz\n|\n|upkeep\n|\n|t:|1700707481\n|switch|p1a: Lipstick|Enamorus, F|1\/100\n|-damage|p1a: Lipstick|0 fnt|[from] Stealth Rock\n|faint|p1a: Lipstick\n|\n|win|rectreemz\n|raw|HoveringWoman's rating: 1480 &rarr; <strong>1458<\/strong><br \/>(-22 for losing)\n|raw|rectreemz's rating: 1448 &rarr; <strong>1470<\/strong><br \/>(+22 for winning)\n|c|\u2606rectreemz|Gf\n|c|\u2606rectreemz|gg\n|l|\u2606HoveringWoman\n","uploadtime":1700707603,"views":2,"p1id":"hoveringwoman","p2id":"rectreemz","formatid":"gen9ou","rating":1458,"private":0,"password":""}