{"id":"gen9ou-1991027550","p1":"QuartzStoned","p2":"mark_of_chaos","format":"[Gen 9] OU","log":"|j|\u2606QuartzStoned\n|j|\u2606mark_of_chaos\n|inactive|Battle timer is ON: inactive players will automatically lose when time's up.\n|t:|1700030515\n|gametype|singles\n|player|p1|QuartzStoned|sabrina-gen1rb|\n|player|p2|mark_of_chaos|169|\n|teamsize|p1|6\n|teamsize|p2|6\n|gen|9\n|tier|[Gen 9] OU\n|rated|Tournament battle\n|rule|Sleep Clause Mod: Limit one foe put to sleep\n|rule|Species Clause: Limit one of each Pok\u00e9mon\n|rule|OHKO Clause: OHKO moves are banned\n|rule|Evasion Items Clause: Evasion items are banned\n|rule|Evasion Moves Clause: Evasion moves are banned\n|rule|Endless Battle Clause: Forcing endless battles is banned\n|rule|HP Percentage Mod: HP is shown in percentages\n|clearpoke\n|poke|p1|Qwilfish, F|\n|poke|p1|Dachsbun, M|\n|poke|p1|Altaria, F|\n|poke|p1|Grumpig, M|\n|poke|p1|Okidogi, M|\n|poke|p1|Dondozo, M|\n|poke|p2|Okidogi, M|\n|poke|p2|Qwilfish-Hisui, F|\n|poke|p2|Altaria, M|\n|poke|p2|Grumpig, F|\n|poke|p2|Dondozo, F|\n|poke|p2|Dachsbun, F|\n|teampreview\n|j|*Lady Monita \u2746\n|inactive|QuartzStoned also wants the timer to be on.\n|j| Legobff\n|\n|t:|1700030535\n|start\n|switch|p1a: Qwilfish|Qwilfish, F|100\/100\n|switch|p2a: Grumpig|Grumpig, F|100\/100\n|-ability|p1a: Qwilfish|Intimidate|boost\n|-unboost|p2a: Grumpig|atk|1\n|turn|1\n|\n|t:|1700030553\n|switch|p1a: Dachsbun|Dachsbun, M|100\/100\n|move|p2a: Grumpig|Nasty Plot|p2a: Grumpig\n|-boost|p2a: Grumpig|spa|2\n|\n|upkeep\n|turn|2\n|c|\u2606QuartzStoned|glhf\n|\n|t:|1700030565\n|move|p1a: Dachsbun|Protect|p1a: Dachsbun\n|-singleturn|p1a: Dachsbun|Protect\n|move|p2a: Grumpig|Psyshock|p1a: Dachsbun\n|-activate|p1a: Dachsbun|move: Protect\n|\n|upkeep\n|turn|3\n|\n|t:|1700030586\n|switch|p1a: Altaria|Altaria, F|100\/100\n|move|p2a: Grumpig|Psyshock|p1a: Altaria\n|-damage|p1a: Altaria|36\/100\n|-damage|p2a: Grumpig|91\/100|[from] item: Life Orb\n|\n|upkeep\n|turn|4\n|inactive|QuartzStoned has 120 seconds left.\n|\n|t:|1700030626\n|-terastallize|p1a: Altaria|Steel\n|move|p2a: Grumpig|Psyshock|p1a: Altaria\n|-resisted|p1a: Altaria\n|-damage|p1a: Altaria|3\/100\n|-damage|p2a: Grumpig|81\/100|[from] item: Life Orb\n|move|p1a: Altaria|Perish Song|p1a: Altaria\n|-start|p1a: Altaria|perish3|[silent]\n|-start|p2a: Grumpig|perish3|[silent]\n|-fieldactivate|move: Perish Song\n|\n|-start|p2a: Grumpig|perish3\n|-start|p1a: Altaria|perish3\n|upkeep\n|turn|5\n|\n|t:|1700030639\n|move|p2a: Grumpig|Dazzling Gleam|p1a: Altaria\n|-resisted|p1a: Altaria\n|-damage|p1a: Altaria|0 fnt\n|faint|p1a: Altaria\n|-damage|p2a: Grumpig|71\/100|[from] item: Life Orb\n|\n|-start|p2a: Grumpig|perish2\n|upkeep\n|\n|t:|1700030650\n|switch|p1a: Dachsbun|Dachsbun, M|100\/100\n|turn|6\n|\n|t:|1700030664\n|switch|p2a: Dachsbun|Dachsbun, F|100\/100\n|move|p1a: Dachsbun|Protect||[still]\n|-fail|p1a: Dachsbun\n|\n|upkeep\n|turn|7\n|\n|t:|1700030673\n|move|p2a: Dachsbun|Charm|p1a: Dachsbun\n|-unboost|p1a: Dachsbun|atk|2\n|move|p1a: Dachsbun|Wish|p1a: Dachsbun\n|\n|upkeep\n|turn|8\n|inactive|QuartzStoned has 120 seconds left.\n|\n|t:|1700030682\n|switch|p1a: Qwilfish|Qwilfish, F|100\/100\n|-ability|p1a: Qwilfish|Intimidate|boost\n|-unboost|p2a: Dachsbun|atk|1\n|move|p2a: Dachsbun|Yawn|p1a: Qwilfish\n|-start|p1a: Qwilfish|move: Yawn|[of] p2a: Dachsbun\n|\n|upkeep\n|turn|9\n|inactive|QuartzStoned has 120 seconds left.\n|\n|t:|1700030702\n|move|p1a: Qwilfish|Spikes|p2a: Dachsbun\n|-sidestart|p2: mark_of_chaos|Spikes\n|move|p2a: Dachsbun|Charm|p1a: Qwilfish\n|-unboost|p1a: Qwilfish|atk|2\n|\n|-end|p1a: Qwilfish|move: Yawn|[silent]\n|-status|p1a: Qwilfish|slp\n|upkeep\n|turn|10\n|\n|t:|1700030724\n|switch|p1a: Grumpig|Grumpig, M|100\/100\n|move|p2a: Dachsbun|Psychic Fangs|p1a: Grumpig\n|-resisted|p1a: Grumpig\n|-damage|p1a: Grumpig|94\/100\n|\n|upkeep\n|turn|11\n|\n|t:|1700030732\n|switch|p2a: Qwilfish|Qwilfish-Hisui, F|100\/100\n|-damage|p2a: Qwilfish|88\/100|[from] Spikes\n|-ability|p2a: Qwilfish|Intimidate|boost\n|-unboost|p1a: Grumpig|atk|1\n|move|p1a: Grumpig|Nasty Plot|p1a: Grumpig\n|-boost|p1a: Grumpig|spa|2\n|\n|upkeep\n|turn|12\n|\n|t:|1700030746\n|switch|p1a: Dachsbun|Dachsbun, M|100\/100\n|move|p2a: Qwilfish|Gunk Shot|p1a: Dachsbun|[miss]\n|-miss|p2a: Qwilfish|p1a: Dachsbun\n|\n|upkeep\n|turn|13\n|\n|t:|1700030769\n|move|p2a: Qwilfish|Toxic Spikes|p1a: Dachsbun\n|-sidestart|p1: QuartzStoned|move: Toxic Spikes\n|move|p1a: Dachsbun|Body Press|p2a: Qwilfish\n|-damage|p2a: Qwilfish|59\/100\n|\n|upkeep\n|turn|14\n|\n|t:|1700030778\n|switch|p1a: Okidogi|Okidogi, M|100\/100\n|-sideend|p1: QuartzStoned|move: Toxic Spikes|[of] p1a: Okidogi\n|move|p2a: Qwilfish|Gunk Shot|p1a: Okidogi\n|-resisted|p1a: Okidogi\n|-damage|p1a: Okidogi|79\/100\n|\n|-heal|p1a: Okidogi|85\/100|[from] item: Black Sludge\n|upkeep\n|turn|15\n|\n|t:|1700030789\n|switch|p2a: Dachsbun|Dachsbun, F|100\/100\n|-damage|p2a: Dachsbun|88\/100|[from] Spikes\n|move|p1a: Okidogi|Drain Punch|p2a: Dachsbun\n|-resisted|p2a: Dachsbun\n|-damage|p2a: Dachsbun|73\/100\n|-heal|p1a: Okidogi|92\/100|[from] drain|[of] p2a: Dachsbun\n|\n|-heal|p1a: Okidogi|98\/100|[from] item: Black Sludge\n|upkeep\n|turn|16\n|\n|t:|1700030806\n|switch|p1a: Dachsbun|Dachsbun, M|100\/100\n|move|p2a: Dachsbun|Psychic Fangs|p1a: Dachsbun\n|-damage|p1a: Dachsbun|88\/100\n|-damage|p2a: Dachsbun|57\/100|[from] item: Rocky Helmet|[of] p1a: Dachsbun\n|\n|upkeep\n|turn|17\n|\n|t:|1700030822\n|move|p2a: Dachsbun|Wish|p2a: Dachsbun\n|move|p1a: Dachsbun|Wish|p1a: Dachsbun\n|\n|upkeep\n|turn|18\n|\n|t:|1700030836\n|switch|p2a: Grumpig|Grumpig, F|71\/100\n|-damage|p2a: Grumpig|58\/100|[from] Spikes\n|switch|p1a: Grumpig|Grumpig, M|94\/100\n|\n|-heal|p2a: Grumpig|100\/100|[from] move: Wish|[wisher] Dachsbun\n|-heal|p1a: Grumpig|100\/100|[from] move: Wish|[wisher] Dachsbun\n|upkeep\n|turn|19\n|inactive|QuartzStoned has 90 seconds left.\n|\n|t:|1700030853\n|move|p2a: Grumpig|Nasty Plot|p2a: Grumpig\n|-boost|p2a: Grumpig|spa|2\n|move|p1a: Grumpig|Thunder Wave|p2a: Grumpig\n|-status|p2a: Grumpig|par\n|\n|upkeep\n|turn|20\n|\n|t:|1700030863\n|move|p1a: Grumpig|Nasty Plot|p1a: Grumpig\n|-boost|p1a: Grumpig|spa|2\n|move|p2a: Grumpig|Psyshock|p1a: Grumpig\n|-resisted|p1a: Grumpig\n|-damage|p1a: Grumpig|52\/100\n|-damage|p2a: Grumpig|91\/100 par|[from] item: Life Orb\n|\n|upkeep\n|turn|21\n|\n|t:|1700030870\n|move|p1a: Grumpig|Earth Power|p2a: Grumpig\n|-damage|p2a: Grumpig|44\/100 par\n|move|p2a: Grumpig|Psyshock|p1a: Grumpig\n|-resisted|p1a: Grumpig\n|-damage|p1a: Grumpig|0 fnt\n|faint|p1a: Grumpig\n|-damage|p2a: Grumpig|34\/100 par|[from] item: Life Orb\n|\n|upkeep\n|\n|t:|1700030881\n|switch|p1a: Okidogi|Okidogi, M|98\/100\n|turn|22\n|\n|t:|1700030886\n|switch|p2a: Qwilfish|Qwilfish-Hisui, F|59\/100\n|-damage|p2a: Qwilfish|47\/100|[from] Spikes\n|-ability|p2a: Qwilfish|Intimidate|boost\n|-unboost|p1a: Okidogi|atk|1\n|move|p1a: Okidogi|Knock Off|p2a: Qwilfish\n|-resisted|p2a: Qwilfish\n|-damage|p2a: Qwilfish|39\/100\n|-enditem|p2a: Qwilfish|Eviolite|[from] move: Knock Off|[of] p1a: Okidogi\n|\n|-heal|p1a: Okidogi|100\/100|[from] item: Black Sludge\n|upkeep\n|turn|23\n|\n|t:|1700030907\n|move|p2a: Qwilfish|Toxic Spikes|p1a: Okidogi\n|-sidestart|p1: QuartzStoned|move: Toxic Spikes\n|move|p1a: Okidogi|Bulk Up|p1a: Okidogi\n|-boost|p1a: Okidogi|atk|1\n|-boost|p1a: Okidogi|def|1\n|\n|upkeep\n|turn|24\n|\n|t:|1700030913\n|move|p2a: Qwilfish|Haze|p2a: Qwilfish\n|-clearallboost\n|move|p1a: Okidogi|Drain Punch|p2a: Qwilfish\n|-damage|p2a: Qwilfish|0 fnt\n|faint|p2a: Qwilfish\n|\n|upkeep\n|\n|t:|1700030922\n|switch|p2a: Dondozo|Dondozo, F|100\/100\n|-damage|p2a: Dondozo|88\/100|[from] Spikes\n|turn|25\n|\n|t:|1700030932\n|move|p1a: Okidogi|Taunt|p2a: Dondozo\n|-start|p2a: Dondozo|move: Taunt\n|cant|p2a: Dondozo|move: Taunt|Curse\n|\n|upkeep\n|turn|26\n|\n|t:|1700030945\n|switch|p2a: Altaria|Altaria, M|100\/100\n|move|p1a: Okidogi|Bulk Up|p1a: Okidogi\n|-boost|p1a: Okidogi|atk|1\n|-boost|p1a: Okidogi|def|1\n|\n|upkeep\n|turn|27\n|inactive|QuartzStoned has 120 seconds left.\n|\n|t:|1700030964\n|switch|p1a: Dachsbun|Dachsbun, M|88\/100\n|-status|p1a: Dachsbun|psn\n|move|p2a: Altaria|Draco Meteor|p1a: Dachsbun\n|-immune|p1a: Dachsbun\n|\n|-damage|p1a: Dachsbun|76\/100 psn|[from] psn\n|upkeep\n|turn|28\n|\n|t:|1700030974\n|switch|p2a: Dachsbun|Dachsbun, F|57\/100\n|-damage|p2a: Dachsbun|45\/100|[from] Spikes\n|move|p1a: Dachsbun|Play Rough|p2a: Dachsbun|[miss]\n|-miss|p1a: Dachsbun|p2a: Dachsbun\n|\n|-damage|p1a: Dachsbun|63\/100 psn|[from] psn\n|upkeep\n|turn|29\n|inactive|QuartzStoned has 120 seconds left.\n|\n|t:|1700030984\n|move|p2a: Dachsbun|Wish|p2a: Dachsbun\n|move|p1a: Dachsbun|Wish|p1a: Dachsbun\n|\n|-damage|p1a: Dachsbun|51\/100 psn|[from] psn\n|upkeep\n|turn|30\n|inactive|QuartzStoned has 120 seconds left.\n|\n|t:|1700030993\n|move|p2a: Dachsbun|Psychic Fangs|p1a: Dachsbun\n|-damage|p1a: Dachsbun|39\/100 psn\n|-damage|p2a: Dachsbun|28\/100|[from] item: Rocky Helmet|[of] p1a: Dachsbun\n|move|p1a: Dachsbun|Play Rough|p2a: Dachsbun\n|-damage|p2a: Dachsbun|1\/100\n|\n|-heal|p1a: Dachsbun|89\/100 psn|[from] move: Wish|[wisher] Dachsbun\n|-heal|p2a: Dachsbun|51\/100|[from] move: Wish|[wisher] Dachsbun\n|-damage|p1a: Dachsbun|77\/100 psn|[from] psn\n|upkeep\n|turn|31\n|inactive|QuartzStoned has 120 seconds left.\n|\n|t:|1700031010\n|switch|p1a: Qwilfish|Qwilfish, F|100\/100 slp\n|-sideend|p1: QuartzStoned|move: Toxic Spikes|[of] p1a: Qwilfish\n|-ability|p1a: Qwilfish|Intimidate|boost\n|-unboost|p2a: Dachsbun|atk|1\n|move|p2a: Dachsbun|Wish|p2a: Dachsbun\n|\n|upkeep\n|turn|32\n|inactive|QuartzStoned has 120 seconds left.\n|\n|t:|1700031018\n|switch|p2a: Grumpig|Grumpig, F|34\/100 par\n|-damage|p2a: Grumpig|22\/100 par|[from] Spikes\n|cant|p1a: Qwilfish|slp\n|\n|-heal|p2a: Grumpig|75\/100 par|[from] move: Wish|[wisher] Dachsbun\n|upkeep\n|turn|33\n|inactive|QuartzStoned has 120 seconds left.\n|\n|t:|1700031032\n|switch|p1a: Dachsbun|Dachsbun, M|77\/100 psn\n|cant|p2a: Grumpig|par\n|\n|-damage|p1a: Dachsbun|64\/100 psn|[from] psn\n|upkeep\n|turn|34\n|\n|t:|1700031040\n|move|p1a: Dachsbun|Play Rough|p2a: Grumpig\n|-damage|p2a: Grumpig|36\/100 par\n|move|p2a: Grumpig|Nasty Plot|p2a: Grumpig\n|-boost|p2a: Grumpig|spa|2\n|\n|-damage|p1a: Dachsbun|52\/100 psn|[from] psn\n|upkeep\n|turn|35\n|\n|t:|1700031045\n|move|p1a: Dachsbun|Play Rough|p2a: Grumpig\n|-damage|p2a: Grumpig|0 fnt\n|faint|p2a: Grumpig\n|\n|-damage|p1a: Dachsbun|40\/100 psn|[from] psn\n|upkeep\n|\n|t:|1700031051\n|switch|p2a: Dondozo|Dondozo, F|88\/100\n|-damage|p2a: Dondozo|75\/100|[from] Spikes\n|turn|36\n|\n|t:|1700031059\n|move|p1a: Dachsbun|Play Rough|p2a: Dondozo\n|-damage|p2a: Dondozo|65\/100\n|move|p2a: Dondozo|Curse|p2a: Dondozo\n|-unboost|p2a: Dondozo|spe|1\n|-boost|p2a: Dondozo|atk|1\n|-boost|p2a: Dondozo|def|1\n|\n|-damage|p1a: Dachsbun|28\/100 psn|[from] psn\n|upkeep\n|turn|37\n|\n|t:|1700031066\n|switch|p1a: Okidogi|Okidogi, M|100\/100\n|move|p2a: Dondozo|Curse|p2a: Dondozo\n|-unboost|p2a: Dondozo|spe|1\n|-boost|p2a: Dondozo|atk|1\n|-boost|p2a: Dondozo|def|1\n|\n|upkeep\n|turn|38\n|\n|t:|1700031073\n|move|p1a: Okidogi|Taunt|p2a: Dondozo\n|-start|p2a: Dondozo|move: Taunt\n|move|p2a: Dondozo|Wave Crash|p1a: Okidogi\n|-damage|p1a: Okidogi|30\/100\n|-damage|p2a: Dondozo|48\/100|[from] Recoil\n|\n|-heal|p1a: Okidogi|36\/100|[from] item: Black Sludge\n|upkeep\n|turn|39\n|\n|t:|1700031080\n|move|p1a: Okidogi|Knock Off|p2a: Dondozo\n|-damage|p2a: Dondozo|42\/100\n|-enditem|p2a: Dondozo|Clear Amulet|[from] move: Knock Off|[of] p1a: Okidogi\n|move|p2a: Dondozo|Wave Crash|p1a: Okidogi\n|-damage|p1a: Okidogi|0 fnt\n|faint|p1a: Okidogi\n|-damage|p2a: Dondozo|33\/100|[from] Recoil\n|\n|upkeep\n|\n|t:|1700031092\n|switch|p1a: Dachsbun|Dachsbun, M|28\/100 psn\n|turn|40\n|\n|t:|1700031103\n|switch|p2a: Okidogi|Okidogi, M|100\/100\n|-damage|p2a: Okidogi|88\/100|[from] Spikes\n|move|p1a: Dachsbun|Body Press|p2a: Okidogi\n|-resisted|p2a: Okidogi\n|-damage|p2a: Okidogi|77\/100\n|\n|-damage|p1a: Dachsbun|15\/100 psn|[from] psn\n|upkeep\n|turn|41\n|\n|t:|1700031117\n|move|p1a: Dachsbun|Play Rough|p2a: Okidogi\n|-damage|p2a: Okidogi|58\/100\n|move|p2a: Okidogi|Bulk Up|p2a: Okidogi\n|-boost|p2a: Okidogi|atk|1\n|-boost|p2a: Okidogi|def|1\n|\n|-damage|p1a: Dachsbun|3\/100 psn|[from] psn\n|upkeep\n|turn|42\n|\n|t:|1700031130\n|move|p1a: Dachsbun|Wish|p1a: Dachsbun\n|move|p2a: Okidogi|Drain Punch|p1a: Dachsbun\n|-resisted|p1a: Dachsbun\n|-damage|p1a: Dachsbun|0 fnt\n|-heal|p2a: Okidogi|59\/100|[from] drain|[of] p1a: Dachsbun\n|-damage|p2a: Okidogi|43\/100|[from] item: Rocky Helmet|[of] p1a: Dachsbun\n|-enditem|p2a: Okidogi|Sitrus Berry|[eat]\n|-heal|p2a: Okidogi|68\/100|[from] item: Sitrus Berry\n|faint|p1a: Dachsbun\n|\n|upkeep\n|\n|t:|1700031138\n|switch|p1a: Qwilfish|Qwilfish, F|100\/100 slp\n|-ability|p1a: Qwilfish|Intimidate|boost\n|-unboost|p2a: Okidogi|atk|1\n|turn|43\n|\n|t:|1700031149\n|switch|p2a: Dachsbun|Dachsbun, F|51\/100\n|-damage|p2a: Dachsbun|39\/100|[from] Spikes\n|cant|p1a: Qwilfish|slp\n|\n|upkeep\n|turn|44\n|\n|t:|1700031156\n|cant|p1a: Qwilfish|slp\n|move|p2a: Dachsbun|Charm|p1a: Qwilfish\n|-unboost|p1a: Qwilfish|atk|2\n|\n|upkeep\n|turn|45\n|\n|t:|1700031164\n|-curestatus|p1a: Qwilfish|slp|[msg]\n|move|p1a: Qwilfish|Spikes|p2a: Dachsbun\n|-sidestart|p2: mark_of_chaos|Spikes\n|move|p2a: Dachsbun|Wish|p2a: Dachsbun\n|\n|upkeep\n|turn|46\n|\n|t:|1700031172\n|switch|p2a: Dondozo|Dondozo, F|33\/100\n|-damage|p2a: Dondozo|17\/100|[from] Spikes\n|move|p1a: Qwilfish|Spikes|p2a: Dondozo\n|-sidestart|p2: mark_of_chaos|Spikes\n|\n|-heal|p2a: Dondozo|48\/100|[from] move: Wish|[wisher] Dachsbun\n|upkeep\n|turn|47\n|\n|t:|1700031188\n|switch|p1a: Dondozo|Dondozo, M|100\/100\n|move|p2a: Dondozo|Tickle|p1a: Dondozo\n|-unboost|p1a: Dondozo|atk|1\n|-unboost|p1a: Dondozo|def|1\n|\n|upkeep\n|turn|48\n|\n|t:|1700031199\n|move|p1a: Dondozo|Body Press|p2a: Dondozo\n|-damage|p2a: Dondozo|37\/100\n|move|p2a: Dondozo|Tickle|p1a: Dondozo\n|-unboost|p1a: Dondozo|atk|1\n|-unboost|p1a: Dondozo|def|1\n|\n|upkeep\n|turn|49\n|\n|t:|1700031208\n|switch|p1a: Qwilfish|Qwilfish, F|100\/100\n|-ability|p1a: Qwilfish|Intimidate|boost\n|-unboost|p2a: Dondozo|atk|1\n|move|p2a: Dondozo|Curse|p2a: Dondozo\n|-unboost|p2a: Dondozo|spe|1\n|-boost|p2a: Dondozo|atk|1\n|-boost|p2a: Dondozo|def|1\n|\n|upkeep\n|turn|50\n|\n|t:|1700031219\n|move|p1a: Qwilfish|Tera Blast|p2a: Dondozo\n|-damage|p2a: Dondozo|26\/100\n|move|p2a: Dondozo|Rest|p2a: Dondozo\n|-status|p2a: Dondozo|slp|[from] move: Rest\n|-heal|p2a: Dondozo|100\/100 slp|[silent]\n|\n|upkeep\n|turn|51\n|\n|t:|1700031227\n|switch|p1a: Dondozo|Dondozo, M|100\/100\n|cant|p2a: Dondozo|slp\n|\n|upkeep\n|turn|52\n|\n|t:|1700031233\n|move|p1a: Dondozo|Body Press|p2a: Dondozo\n|-damage|p2a: Dondozo|89\/100 slp\n|cant|p2a: Dondozo|slp\n|\n|upkeep\n|turn|53\n|\n|t:|1700031240\n|move|p1a: Dondozo|Liquidation|p2a: Dondozo\n|-resisted|p2a: Dondozo\n|-damage|p2a: Dondozo|82\/100 slp\n|-curestatus|p2a: Dondozo|slp|[msg]\n|move|p2a: Dondozo|Tickle|p1a: Dondozo\n|-unboost|p1a: Dondozo|atk|1\n|-unboost|p1a: Dondozo|def|1\n|\n|upkeep\n|turn|54\n|\n|t:|1700031245\n|switch|p1a: Qwilfish|Qwilfish, F|100\/100\n|-ability|p1a: Qwilfish|Intimidate|boost\n|-unboost|p2a: Dondozo|atk|1\n|move|p2a: Dondozo|Tickle|p1a: Qwilfish\n|-unboost|p1a: Qwilfish|atk|1\n|-unboost|p1a: Qwilfish|def|1\n|\n|upkeep\n|turn|55\n|\n|t:|1700031250\n|switch|p1a: Dondozo|Dondozo, M|100\/100\n|move|p2a: Dondozo|Tickle|p1a: Dondozo\n|-unboost|p1a: Dondozo|atk|1\n|-unboost|p1a: Dondozo|def|1\n|\n|upkeep\n|turn|56\n|\n|t:|1700031255\n|switch|p1a: Qwilfish|Qwilfish, F|100\/100\n|-ability|p1a: Qwilfish|Intimidate|boost\n|-unboost|p2a: Dondozo|atk|1\n|move|p2a: Dondozo|Curse|p2a: Dondozo\n|-unboost|p2a: Dondozo|spe|1\n|-boost|p2a: Dondozo|atk|1\n|-boost|p2a: Dondozo|def|1\n|\n|upkeep\n|turn|57\n|\n|t:|1700031263\n|switch|p1a: Dondozo|Dondozo, M|100\/100\n|move|p2a: Dondozo|Curse|p2a: Dondozo\n|-unboost|p2a: Dondozo|spe|1\n|-boost|p2a: Dondozo|atk|1\n|-boost|p2a: Dondozo|def|1\n|\n|upkeep\n|turn|58\n|\n|t:|1700031270\n|switch|p1a: Qwilfish|Qwilfish, F|100\/100\n|-ability|p1a: Qwilfish|Intimidate|boost\n|-unboost|p2a: Dondozo|atk|1\n|move|p2a: Dondozo|Tickle|p1a: Qwilfish\n|-unboost|p1a: Qwilfish|atk|1\n|-unboost|p1a: Qwilfish|def|1\n|\n|upkeep\n|turn|59\n|\n|t:|1700031277\n|switch|p1a: Dondozo|Dondozo, M|100\/100\n|move|p2a: Dondozo|Curse|p2a: Dondozo\n|-unboost|p2a: Dondozo|spe|1\n|-boost|p2a: Dondozo|atk|1\n|-boost|p2a: Dondozo|def|1\n|\n|upkeep\n|turn|60\n|\n|t:|1700031284\n|move|p1a: Dondozo|Liquidation|p2a: Dondozo\n|-resisted|p2a: Dondozo\n|-damage|p2a: Dondozo|76\/100\n|move|p2a: Dondozo|Tickle|p1a: Dondozo\n|-unboost|p1a: Dondozo|atk|1\n|-unboost|p1a: Dondozo|def|1\n|\n|upkeep\n|turn|61\n|\n|t:|1700031288\n|switch|p1a: Qwilfish|Qwilfish, F|100\/100\n|-ability|p1a: Qwilfish|Intimidate|boost\n|-unboost|p2a: Dondozo|atk|1\n|move|p2a: Dondozo|Curse|p2a: Dondozo\n|-unboost|p2a: Dondozo|spe|1\n|-boost|p2a: Dondozo|atk|1\n|-boost|p2a: Dondozo|def|1\n|\n|upkeep\n|turn|62\n|\n|t:|1700031301\n|move|p1a: Qwilfish|Tera Blast|p2a: Dondozo\n|-damage|p2a: Dondozo|65\/100\n|move|p2a: Dondozo|Tickle|p1a: Qwilfish\n|-unboost|p1a: Qwilfish|atk|1\n|-unboost|p1a: Qwilfish|def|1\n|\n|upkeep\n|turn|63\n|\n|t:|1700031306\n|switch|p1a: Dondozo|Dondozo, M|100\/100\n|move|p2a: Dondozo|Wave Crash|p1a: Dondozo\n|-resisted|p1a: Dondozo\n|-damage|p1a: Dondozo|92\/100\n|-damage|p2a: Dondozo|62\/100|[from] Recoil\n|\n|upkeep\n|turn|64\n|\n|t:|1700031321\n|move|p1a: Dondozo|Liquidation|p2a: Dondozo\n|-resisted|p2a: Dondozo\n|-damage|p2a: Dondozo|56\/100\n|move|p2a: Dondozo|Tickle|p1a: Dondozo\n|-unboost|p1a: Dondozo|atk|1\n|-unboost|p1a: Dondozo|def|1\n|\n|upkeep\n|turn|65\n|\n|t:|1700031328\n|switch|p1a: Qwilfish|Qwilfish, F|100\/100\n|-ability|p1a: Qwilfish|Intimidate|boost\n|-unboost|p2a: Dondozo|atk|1\n|move|p2a: Dondozo|Curse|p2a: Dondozo\n|-unboost|p2a: Dondozo|spe|1\n|-boost|p2a: Dondozo|atk|1\n|-boost|p2a: Dondozo|def|1\n|\n|upkeep\n|turn|66\n|\n|t:|1700031341\n|move|p1a: Qwilfish|Tera Blast|p2a: Dondozo\n|-damage|p2a: Dondozo|46\/100\n|move|p2a: Dondozo|Rest|p2a: Dondozo\n|-status|p2a: Dondozo|slp|[from] move: Rest\n|-heal|p2a: Dondozo|100\/100 slp|[silent]\n|\n|upkeep\n|turn|67\n|\n|t:|1700031349\n|switch|p1a: Dondozo|Dondozo, M|92\/100\n|cant|p2a: Dondozo|slp\n|\n|upkeep\n|turn|68\n|\n|t:|1700031362\n|move|p1a: Dondozo|Liquidation|p2a: Dondozo\n|-resisted|p2a: Dondozo\n|-damage|p2a: Dondozo|94\/100 slp\n|cant|p2a: Dondozo|slp\n|\n|upkeep\n|turn|69\n|\n|t:|1700031372\n|move|p1a: Dondozo|Liquidation|p2a: Dondozo\n|-resisted|p2a: Dondozo\n|-damage|p2a: Dondozo|88\/100 slp\n|-curestatus|p2a: Dondozo|slp|[msg]\n|move|p2a: Dondozo|Tickle|p1a: Dondozo\n|-unboost|p1a: Dondozo|atk|1\n|-unboost|p1a: Dondozo|def|1\n|\n|upkeep\n|turn|70\n|\n|t:|1700031379\n|switch|p1a: Qwilfish|Qwilfish, F|100\/100\n|-ability|p1a: Qwilfish|Intimidate|boost\n|-unboost|p2a: Dondozo|atk|1\n|move|p2a: Dondozo|Wave Crash|p1a: Qwilfish\n|-resisted|p1a: Qwilfish\n|-damage|p1a: Qwilfish|86\/100\n|-damage|p2a: Dondozo|84\/100|[from] Recoil\n|\n|upkeep\n|turn|71\n|\n|t:|1700031386\n|move|p1a: Qwilfish|Tera Blast|p2a: Dondozo\n|-damage|p2a: Dondozo|73\/100\n|move|p2a: Dondozo|Wave Crash|p1a: Qwilfish\n|-resisted|p1a: Qwilfish\n|-damage|p1a: Qwilfish|68\/100\n|-damage|p2a: Dondozo|69\/100|[from] Recoil\n|\n|upkeep\n|turn|72\n|\n|t:|1700031392\n|switch|p1a: Dondozo|Dondozo, M|92\/100\n|move|p2a: Dondozo|Tickle|p1a: Dondozo\n|-unboost|p1a: Dondozo|atk|1\n|-unboost|p1a: Dondozo|def|1\n|\n|upkeep\n|turn|73\n|\n|t:|1700031398\n|switch|p1a: Qwilfish|Qwilfish, F|68\/100\n|-ability|p1a: Qwilfish|Intimidate|boost\n|-unboost|p2a: Dondozo|atk|1\n|move|p2a: Dondozo|Tickle|p1a: Qwilfish\n|-unboost|p1a: Qwilfish|atk|1\n|-unboost|p1a: Qwilfish|def|1\n|\n|upkeep\n|turn|74\n|\n|t:|1700031403\n|switch|p1a: Dondozo|Dondozo, M|92\/100\n|move|p2a: Dondozo|Curse|p2a: Dondozo\n|-boost|p2a: Dondozo|atk|1\n|\n|upkeep\n|turn|75\n|\n|t:|1700031408\n|switch|p1a: Qwilfish|Qwilfish, F|68\/100\n|-ability|p1a: Qwilfish|Intimidate|boost\n|-unboost|p2a: Dondozo|atk|1\n|move|p2a: Dondozo|Rest|p2a: Dondozo\n|-status|p2a: Dondozo|slp|[from] move: Rest\n|-heal|p2a: Dondozo|100\/100 slp|[silent]\n|\n|upkeep\n|turn|76\n|\n|t:|1700031422\n|move|p1a: Qwilfish|Tera Blast|p2a: Dondozo\n|-damage|p2a: Dondozo|89\/100 slp\n|cant|p2a: Dondozo|slp\n|\n|upkeep\n|turn|77\n|\n|t:|1700031429\n|switch|p1a: Dondozo|Dondozo, M|92\/100\n|cant|p2a: Dondozo|slp\n|\n|upkeep\n|turn|78\n|\n|t:|1700031435\n|switch|p1a: Qwilfish|Qwilfish, F|68\/100\n|-ability|p1a: Qwilfish|Intimidate|boost\n|-unboost|p2a: Dondozo|atk|1\n|switch|p2a: Altaria|Altaria, M|100\/100\n|\n|upkeep\n|turn|79\n|\n|t:|1700031445\n|switch|p1a: Dondozo|Dondozo, M|92\/100\n|-terastallize|p2a: Altaria|Dragon\n|move|p2a: Altaria|Draco Meteor|p1a: Dondozo\n|-damage|p1a: Dondozo|33\/100\n|-unboost|p2a: Altaria|spa|2\n|\n|upkeep\n|turn|80\n|\n|t:|1700031459\n|move|p2a: Altaria|Draco Meteor|p1a: Dondozo\n|-damage|p1a: Dondozo|0 fnt\n|-unboost|p2a: Altaria|spa|2\n|faint|p1a: Dondozo\n|\n|upkeep\n|\n|t:|1700031463\n|switch|p1a: Qwilfish|Qwilfish, F|68\/100\n|-ability|p1a: Qwilfish|Intimidate|boost\n|-unboost|p2a: Altaria|atk|1\n|turn|81\n|c|\u2606QuartzStoned|gg\n|c|\u2606mark_of_chaos|the unaware counter\n|c|\u2606mark_of_chaos|i didnt have time to give this mon stats\n|c|\u2606mark_of_chaos|!showteam\n|c| mark_of_chaos|\/raw <div class=\"infobox\"><details><summary>View team<\/summary>Okidogi (M) @ Sitrus Berry  <br \/>Ability: Toxic Chain  <br \/>Tera Type: Dark  <br \/>EVs: 252 HP  <br \/>- Counter  <br \/>- Bulk Up  <br \/>- Gunk Shot  <br \/>- Drain Punch  <br \/><br \/>Qwilfish (Qwilfish-Hisui) (F) @ Eviolite  <br \/>Ability: Intimidate  <br \/>Tera Type: Bug  <br \/>EVs: 252 Atk &#x2f; 252 Spe  <br \/>Jolly Nature  <br \/>- Toxic Spikes  <br \/>- Haze  <br \/>- Gunk Shot  <br \/>- Destiny Bond  <br \/><br \/>Altaria (M) @ Choice Scarf  <br \/>Ability: Natural Cure  <br \/>Tera Type: Dragon  <br \/>EVs: 252 Atk &#x2f; 252 SpA  <br \/>- Draco Meteor  <br \/>- Earthquake  <br \/><br \/>Grumpig (F) @ Life Orb  <br \/>Ability: Thick Fat  <br \/>Tera Type: Psychic  <br \/>EVs: 252 SpA &#x2f; 252 Spe  <br \/>Timid Nature  <br \/>IVs: 0 Atk  <br \/>- Nasty Plot  <br \/>- Earth Power  <br \/>- Psyshock  <br \/>- Dazzling Gleam  <br \/><br \/>Dondozo (F) @ Clear Amulet  <br \/>Ability: Unaware  <br \/>Tera Type: Steel  <br \/>EVs: 252 HP &#x2f; 252 Def  <br \/>Impish Nature  <br \/>- Curse  <br \/>- Tickle  <br \/>- Rest  <br \/>- Wave Crash  <br \/><br \/>Dachsbun (F) @ Kebia Berry  <br \/>Ability: Aroma Veil  <br \/>Tera Type: Steel  <br \/>EVs: 252 HP &#x2f; 252 Spe  <br \/>Serious Nature  <br \/>- Psychic Fangs  <br \/>- Wish  <br \/>- Charm  <br \/>- Yawn  <br \/><br \/><\/details><\/div>\n|\n|t:|1700031482\n|switch|p2a: Dachsbun|Dachsbun, F|39\/100\n|-damage|p2a: Dachsbun|14\/100|[from] Spikes\n|move|p1a: Qwilfish|Aqua Jet|p2a: Dachsbun\n|-damage|p2a: Dachsbun|1\/100\n|\n|upkeep\n|turn|82\n|\n|t:|1700031490\n|move|p1a: Qwilfish|Aqua Jet|p2a: Dachsbun\n|-damage|p2a: Dachsbun|0 fnt\n|faint|p2a: Dachsbun\n|\n|upkeep\n|\n|t:|1700031495\n|switch|p2a: Okidogi|Okidogi, M|68\/100\n|-damage|p2a: Okidogi|43\/100|[from] Spikes\n|turn|83\n|\n|t:|1700031500\n|move|p1a: Qwilfish|Aqua Jet|p2a: Okidogi\n|-damage|p2a: Okidogi|32\/100\n|move|p2a: Okidogi|Counter|p1a: Qwilfish\n|-damage|p1a: Qwilfish|43\/100\n|\n|upkeep\n|turn|84\n|\n|t:|1700031507\n|move|p1a: Qwilfish|Tera Blast|p2a: Okidogi\n|-damage|p2a: Okidogi|20\/100\n|move|p2a: Okidogi|Drain Punch|p1a: Qwilfish\n|-resisted|p1a: Qwilfish\n|-damage|p1a: Qwilfish|25\/100\n|-heal|p2a: Okidogi|28\/100|[from] drain|[of] p1a: Qwilfish\n|\n|upkeep\n|turn|85\n|\n|t:|1700031512\n|move|p1a: Qwilfish|Aqua Jet|p2a: Okidogi\n|-damage|p2a: Okidogi|18\/100\n|move|p2a: Okidogi|Drain Punch|p1a: Qwilfish\n|-resisted|p1a: Qwilfish\n|-damage|p1a: Qwilfish|6\/100\n|-heal|p2a: Okidogi|26\/100|[from] drain|[of] p1a: Qwilfish\n|\n|upkeep\n|turn|86\n|\n|t:|1700031518\n|move|p1a: Qwilfish|Tera Blast|p2a: Okidogi\n|-damage|p2a: Okidogi|15\/100\n|move|p2a: Okidogi|Drain Punch|p1a: Qwilfish\n|-resisted|p1a: Qwilfish\n|-damage|p1a: Qwilfish|0 fnt\n|-heal|p2a: Okidogi|18\/100|[from] drain|[of] p1a: Qwilfish\n|faint|p1a: Qwilfish\n|\n|win|mark_of_chaos\n|n|\u2606QuartzStoned|quartzstoned\n|n|\u2606mark_of_chaos|markofchaos\n|n|*Lady Monita \u2746|ladymonita\n|n| Legobff|legobff\n|l|*Lady Monita \u2746\n|l|\u2606QuartzStoned\n","uploadtime":1700032819,"views":5,"p1id":"quartzstoned","p2id":"markofchaos","formatid":"gen9ou","rating":0,"private":0,"password":""}