{"id":"gen9ou-1992467832","p1":"prime572","p2":"OfTheStars","format":"[Gen 9] OU","log":"|j|\u2606prime572\n|j|\u2606OfTheStars\n|t:|1700191216\n|gametype|singles\n|player|p1|prime572|101|1291\n|player|p2|OfTheStars|parasollady|1264\n|teamsize|p1|6\n|teamsize|p2|6\n|gen|9\n|tier|[Gen 9] OU\n|rated|\n|rule|Sleep Clause Mod: Limit one foe put to sleep\n|rule|Species Clause: Limit one of each Pok\u00e9mon\n|rule|OHKO Clause: OHKO moves are banned\n|rule|Evasion Items Clause: Evasion items are banned\n|rule|Evasion Moves Clause: Evasion moves are banned\n|rule|Endless Battle Clause: Forcing endless battles is banned\n|rule|HP Percentage Mod: HP is shown in percentages\n|clearpoke\n|poke|p1|Iron Jugulis|\n|poke|p1|Ogerpon-Wellspring, F|\n|poke|p1|Iron Moth|\n|poke|p1|Great Tusk|\n|poke|p1|Dragapult, M|\n|poke|p1|Zoroark-Hisui, F|\n|poke|p2|Weavile, F|\n|poke|p2|Amoonguss, M|\n|poke|p2|Garganacl, M|\n|poke|p2|Maushold|\n|poke|p2|Kingambit, F|\n|poke|p2|Samurott-Hisui, M|\n|teampreview\n|inactive|Battle timer is ON: inactive players will automatically lose when time's up. (requested by prime572)\n|c|\u2606prime572|glhf\n|\n|t:|1700191239\n|start\n|switch|p1a: Iron Jugulis|Iron Jugulis, shiny|100\/100\n|switch|p2a: Samurott|Samurott-Hisui, M, shiny|100\/100\n|-enditem|p1a: Iron Jugulis|Booster Energy\n|-activate|p1a: Iron Jugulis|ability: Quark Drive|[fromitem]\n|-start|p1a: Iron Jugulis|quarkdrivespe\n|turn|1\n|inactive|OfTheStars has 120 seconds left.\n|\n|t:|1700191273\n|move|p1a: Iron Jugulis|Hurricane|p2a: Samurott\n|-damage|p2a: Samurott|31\/100\n|-start|p2a: Samurott|confusion\n|-activate|p2a: Samurott|confusion\n|-damage|p2a: Samurott|14\/100|[from] confusion\n|\n|upkeep\n|turn|2\n|\n|t:|1700191287\n|-activate|p2a: Samurott|confusion\n|-damage|p2a: Samurott|0 fnt|[from] confusion\n|faint|p2a: Samurott\n|move|p1a: Iron Jugulis|Earth Power|p2: Samurott|[notarget]\n|-fail|p1a: Iron Jugulis\n|\n|upkeep\n|inactive|OfTheStars has 120 seconds left.\n|\n|t:|1700191298\n|switch|p2a: Weavile|Weavile, F|100\/100\n|-ability|p2a: Weavile|Pressure\n|turn|3\n|\n|t:|1700191306\n|move|p1a: Iron Jugulis|Hurricane|p2a: Weavile\n|-damage|p2a: Weavile|30\/100\n|-start|p2a: Weavile|confusion\n|-activate|p2a: Weavile|confusion\n|move|p2a: Weavile|Swords Dance|p2a: Weavile\n|-boost|p2a: Weavile|atk|2\n|\n|upkeep\n|turn|4\n|\n|t:|1700191314\n|-end|p2a: Weavile|confusion\n|move|p2a: Weavile|Ice Shard|p1a: Iron Jugulis\n|-supereffective|p1a: Iron Jugulis\n|-damage|p1a: Iron Jugulis|1\/100\n|move|p1a: Iron Jugulis|Earth Power|p2a: Weavile\n|-damage|p2a: Weavile|0 fnt\n|faint|p2a: Weavile\n|\n|upkeep\n|c|\u2606prime572|lucky\n|\n|t:|1700191323\n|switch|p2a: Kingambit|Kingambit, F|100\/100\n|-activate|p2a: Kingambit|ability: Supreme Overlord\n|-start|p2a: Kingambit|fallen2|[silent]\n|turn|5\n|\n|t:|1700191327\n|move|p2a: Kingambit|Sucker Punch||[still]\n|-fail|p2a: Kingambit\n|move|p1a: Iron Jugulis|Taunt|p2a: Kingambit\n|-start|p2a: Kingambit|move: Taunt\n|\n|upkeep\n|turn|6\n|\n|t:|1700191346\n|-end|p1a: Iron Jugulis|Quark Drive|[silent]\n|switch|p1a: Great Tusk|Great Tusk|100\/100\n|-enditem|p1a: Great Tusk|Booster Energy\n|-activate|p1a: Great Tusk|ability: Protosynthesis|[fromitem]\n|-start|p1a: Great Tusk|protosynthesisspe\n|-end|p2a: Kingambit|fallen2|[silent]\n|switch|p2a: Amoonguss|Amoonguss, M|100\/100\n|\n|upkeep\n|turn|7\n|\n|t:|1700191354\n|move|p1a: Great Tusk|Ice Spinner|p2a: Amoonguss\n|-supereffective|p2a: Amoonguss\n|-damage|p2a: Amoonguss|69\/100\n|-enditem|p2a: Amoonguss|Red Card|[of] p1a: Great Tusk\n|-end|p1a: Great Tusk|Protosynthesis|[silent]\n|drag|p1a: Iron Jugulis|Iron Jugulis, shiny|1\/100\n|move|p2a: Amoonguss|Spore|p1a: Iron Jugulis\n|-status|p1a: Iron Jugulis|slp|[from] move: Spore\n|\n|upkeep\n|turn|8\n|\n|t:|1700191371\n|-end|p1a: Iron Jugulis|Quark Drive|[silent]\n|switch|p1a: Great Tusk|Great Tusk|100\/100\n|switch|p2a: Maushold|Maushold|100\/100\n|\n|upkeep\n|turn|9\n|c|\u2606prime572|that was so perfect\n|\n|t:|1700191379\n|-terastallize|p2a: Maushold|Ghost\n|move|p2a: Maushold|Tidy Up|p2a: Maushold\n|-boost|p2a: Maushold|atk|1\n|-boost|p2a: Maushold|spe|1\n|move|p1a: Great Tusk|Headlong Rush|p2a: Maushold\n|-damage|p2a: Maushold|18\/100\n|-unboost|p1a: Great Tusk|def|1\n|-unboost|p1a: Great Tusk|spd|1\n|\n|upkeep\n|turn|10\n|\n|t:|1700191389\n|move|p2a: Maushold|Population Bomb|p1a: Great Tusk\n|-damage|p1a: Great Tusk|84\/100\n|-damage|p1a: Great Tusk|68\/100\n|-damage|p1a: Great Tusk|53\/100\n|-damage|p1a: Great Tusk|38\/100\n|-damage|p1a: Great Tusk|21\/100\n|-damage|p1a: Great Tusk|5\/100\n|-hitcount|p1a: Great Tusk|6\n|move|p1a: Great Tusk|Headlong Rush|p2a: Maushold\n|-damage|p2a: Maushold|0 fnt\n|-unboost|p1a: Great Tusk|def|1\n|-unboost|p1a: Great Tusk|spd|1\n|faint|p2a: Maushold\n|\n|upkeep\n|-message|OfTheStars forfeited.\n|\n|win|prime572\n|raw|prime572's rating: 1291 &rarr; <strong>1314<\/strong><br \/>(+23 for winning)\n|raw|OfTheStars's rating: 1264 &rarr; <strong>1241<\/strong><br \/>(-23 for losing)\n|l|\u2606OfTheStars\n","uploadtime":1700191619,"views":20,"p1id":"prime572","p2id":"ofthestars","formatid":"gen9ou","rating":1241,"private":0,"password":""}