{"id":"gen9ou-1996326497","p1":"ooj2","p2":"Samy samedi","format":"[Gen 9] OU","log":"|j|\u2606ooj2\n|j|\u2606Samy samedi\n|t:|1700671423\n|gametype|singles\n|player|p1|ooj2|psychicf-gen4|1444\n|player|p2|Samy samedi|ethan|1370\n|teamsize|p1|6\n|teamsize|p2|6\n|gen|9\n|tier|[Gen 9] OU\n|rated|\n|rule|Sleep Clause Mod: Limit one foe put to sleep\n|rule|Species Clause: Limit one of each Pok\u00e9mon\n|rule|OHKO Clause: OHKO moves are banned\n|rule|Evasion Items Clause: Evasion items are banned\n|rule|Evasion Moves Clause: Evasion moves are banned\n|rule|Endless Battle Clause: Forcing endless battles is banned\n|rule|HP Percentage Mod: HP is shown in percentages\n|clearpoke\n|poke|p1|Garganacl, M|\n|poke|p1|Kingambit, F|\n|poke|p1|Great Tusk|\n|poke|p1|Dragapult, F|\n|poke|p1|Iron Moth|\n|poke|p1|Rillaboom, M|\n|poke|p2|Ribombee, M|\n|poke|p2|Ogerpon-Wellspring, F|\n|poke|p2|Gholdengo|\n|poke|p2|Iron Moth|\n|poke|p2|Kingambit, M|\n|poke|p2|Hatterene, F|\n|teampreview\n|inactive|Battle timer is ON: inactive players will automatically lose when time's up. (requested by ooj2)\n|\n|t:|1700671428\n|start\n|switch|p1a: Garganacl|Garganacl, M, shiny|100\/100\n|switch|p2a: Ribombee|Ribombee, M|100\/100\n|turn|1\n|\n|t:|1700671435\n|move|p2a: Ribombee|Sticky Web|p1a: Garganacl\n|-sidestart|p1: ooj2|move: Sticky Web\n|move|p1a: Garganacl|Stealth Rock|p2a: Ribombee\n|-sidestart|p2: Samy samedi|move: Stealth Rock\n|\n|upkeep\n|turn|2\n|j| Mulememe\n|\n|t:|1700671443\n|move|p2a: Ribombee|Moonblast|p1a: Garganacl\n|-damage|p1a: Garganacl|75\/100\n|move|p1a: Garganacl|Salt Cure|p2a: Ribombee\n|-supereffective|p2a: Ribombee\n|-damage|p2a: Ribombee|43\/100\n|\n|-heal|p1a: Garganacl|81\/100|[from] item: Leftovers\n|upkeep\n|turn|3\n|\n|t:|1700671453\n|move|p2a: Ribombee|Moonblast|p1a: Garganacl\n|-damage|p1a: Garganacl|57\/100\n|-unboost|p1a: Garganacl|spa|1\n|move|p1a: Garganacl|Salt Cure|p2a: Ribombee\n|-supereffective|p2a: Ribombee\n|-damage|p2a: Ribombee|0 fnt\n|faint|p2a: Ribombee\n|\n|-heal|p1a: Garganacl|63\/100|[from] item: Leftovers\n|upkeep\n|\n|t:|1700671468\n|switch|p2a: Gholdengo|Gholdengo|100\/100\n|-damage|p2a: Gholdengo|94\/100|[from] Stealth Rock\n|-item|p2a: Gholdengo|Air Balloon\n|turn|4\n|\n|t:|1700671475\n|move|p1a: Garganacl|Protect|p1a: Garganacl\n|-singleturn|p1a: Garganacl|Protect\n|move|p2a: Gholdengo|Make It Rain|p1a: Garganacl\n|-activate|p1a: Garganacl|move: Protect\n|\n|-heal|p1a: Garganacl|69\/100|[from] item: Leftovers\n|upkeep\n|turn|5\n|\n|t:|1700671485\n|-terastallize|p1a: Garganacl|Water\n|move|p2a: Gholdengo|Focus Blast|p1a: Garganacl|[miss]\n|-miss|p2a: Gholdengo|p1a: Garganacl\n|move|p1a: Garganacl|Salt Cure|p2a: Gholdengo\n|-resisted|p2a: Gholdengo\n|-damage|p2a: Gholdengo|86\/100\n|-start|p2a: Gholdengo|Salt Cure\n|-enditem|p2a: Gholdengo|Air Balloon\n|\n|-heal|p1a: Garganacl|75\/100|[from] item: Leftovers\n|-damage|p2a: Gholdengo|61\/100|[from] Salt Cure\n|upkeep\n|turn|6\n|\n|t:|1700671498\n|move|p2a: Gholdengo|Make It Rain|p1a: Garganacl\n|-resisted|p1a: Garganacl\n|-crit|p1a: Garganacl\n|-damage|p1a: Garganacl|44\/100\n|-unboost|p2a: Gholdengo|spa|1\n|move|p1a: Garganacl|Salt Cure|p2a: Gholdengo\n|-resisted|p2a: Gholdengo\n|-damage|p2a: Gholdengo|53\/100\n|\n|-heal|p1a: Garganacl|50\/100|[from] item: Leftovers\n|-damage|p2a: Gholdengo|28\/100|[from] Salt Cure\n|upkeep\n|turn|7\n|-message|Samy samedi forfeited.\n|\n|win|ooj2\n|raw|ooj2's rating: 1444 &rarr; <strong>1460<\/strong><br \/>(+16 for winning)\n|raw|Samy samedi's rating: 1370 &rarr; <strong>1354<\/strong><br \/>(-16 for losing)\n|l|\u2606Samy samedi\n","uploadtime":1700671513,"views":0,"p1id":"ooj2","p2id":"samysamedi","formatid":"gen9ou","rating":1354,"private":0,"password":""}