{"id":"gen9ou-1996951580","p1":"Iexisttosuffer","p2":"Onte bad","format":"[Gen 9] OU","log":"|j|\u2606Iexisttosuffer\n|j|\u2606Onte bad\n|t:|1700748826\n|gametype|singles\n|player|p1|Iexisttosuffer|cilan|1337\n|player|p2|Onte bad|101|1234\n|teamsize|p1|6\n|teamsize|p2|6\n|gen|9\n|tier|[Gen 9] OU\n|rated|\n|rule|Sleep Clause Mod: Limit one foe put to sleep\n|rule|Species Clause: Limit one of each Pok\u00e9mon\n|rule|OHKO Clause: OHKO moves are banned\n|rule|Evasion Items Clause: Evasion items are banned\n|rule|Evasion Moves Clause: Evasion moves are banned\n|rule|Endless Battle Clause: Forcing endless battles is banned\n|rule|HP Percentage Mod: HP is shown in percentages\n|clearpoke\n|poke|p1|Weavile, F|\n|poke|p1|Tyranitar, M|\n|poke|p1|Mamoswine, F|\n|poke|p1|Espeon, M|\n|poke|p1|Frosmoth, F|\n|poke|p1|Chandelure, F|\n|poke|p2|Regidrago|\n|poke|p2|Ribombee, F|\n|poke|p2|Scizor, F|\n|poke|p2|Slowking-Galar, M|\n|poke|p2|Breloom, M|\n|poke|p2|Quaquaval, M|\n|teampreview\n|inactive|Battle timer is ON: inactive players will automatically lose when time's up. (requested by Iexisttosuffer)\n|\n|t:|1700748835\n|start\n|switch|p1a: Weavile|Weavile, F|100\/100\n|switch|p2a: Scizor|Scizor, F|100\/100\n|turn|1\n|\n|t:|1700748839\n|move|p2a: Scizor|U-turn|p1a: Weavile\n|-supereffective|p1a: Weavile\n|-crit|p1a: Weavile\n|-enditem|p1a: Weavile|Focus Sash\n|-damage|p1a: Weavile|1\/100\n|-enditem|p2a: Scizor|Choice Band|[silent]|[from] ability: Pickpocket|[of] p2a: Scizor\n|-item|p1a: Weavile|Choice Band|[from] ability: Pickpocket|[of] p2a: Scizor\n|\n|t:|1700748843\n|switch|p2a: Breloom|Breloom, M|100\/100|[from] U-turn\n|move|p1a: Weavile|Counter|p2a: Breloom\n|-enditem|p2a: Breloom|Focus Sash\n|-damage|p2a: Breloom|1\/100\n|\n|upkeep\n|turn|2\n|\n|t:|1700748852\n|switch|p1a: Chandelure|Chandelure, F|100\/100\n|move|p2a: Breloom|Mach Punch|p1a: Chandelure\n|-immune|p1a: Chandelure\n|\n|upkeep\n|turn|3\n|\n|t:|1700748858\n|switch|p1a: Espeon|Espeon, M, shiny|100\/100\n|move|p2a: Breloom|Rock Tomb|p1a: Espeon\n|-damage|p1a: Espeon|56\/100\n|-unboost|p1a: Espeon|spe|1\n|\n|upkeep\n|turn|4\n|\n|t:|1700748864\n|switch|p2a: Slowking|Slowking-Galar, M|100\/100\n|move|p1a: Espeon|Psychic|p2a: Slowking\n|-crit|p2a: Slowking\n|-damage|p2a: Slowking|67\/100\n|\n|upkeep\n|turn|5\n|\n|t:|1700748867\n|move|p1a: Espeon|Light Screen|p1a: Espeon\n|-sidestart|p1: Iexisttosuffer|move: Light Screen\n|move|p2a: Slowking|Sludge Bomb|p1a: Espeon\n|-damage|p1a: Espeon|33\/100\n|-status|p1a: Espeon|psn\n|\n|-damage|p1a: Espeon|21\/100 psn|[from] psn\n|upkeep\n|turn|6\n|\n|t:|1700748872\n|move|p1a: Espeon|Reflect|p1a: Espeon\n|-sidestart|p1: Iexisttosuffer|Reflect\n|move|p2a: Slowking|Future Sight|p1a: Espeon\n|-start|p2a: Slowking|move: Future Sight\n|\n|-damage|p1a: Espeon|8\/100 psn|[from] psn\n|upkeep\n|turn|7\n|c|\u2606Iexisttosuffer|!dt rock tomb\n|raw|<ul class=\"utilichart\"><li class=\"result\"><span class=\"col movenamecol\"><a href=\"https:\/\/dex.pokemonshowdown.com\/moves\/rocktomb\">Rock Tomb<\/a><\/span> <span class=\"col typecol\"><img src=\"\/\/play.pokemonshowdown.com\/sprites\/types\/Rock.png\" alt=\"Rock\" width=\"32\" height=\"14\"><img src=\"\/\/play.pokemonshowdown.com\/sprites\/categories\/Physical.png\" alt=\"Physical\" width=\"32\" height=\"14\"><\/span> <span class=\"col labelcol\"><em>Power<\/em><br>60<\/span> <span class=\"col widelabelcol\"><em>Accuracy<\/em><br>95%<\/span> <span class=\"col pplabelcol\"><em>PP<\/em><br>24<\/span> <span class=\"col movedesccol\">100% chance to lower the target's Speed by 1.<\/span> <\/li><li style=\"clear:both\"><\/li><\/ul>\n|raw|<font size=\"1\"><font color=\"#686868\">Priority:<\/font> 0&nbsp;|&ThickSpace;<font color=\"#686868\">Gen:<\/font> 3&nbsp;|&ThickSpace;&#10003; Boosted by Sheer Force&nbsp;|&ThickSpace;<font color=\"#686868\">Z-Power:<\/font> 120&nbsp;|&ThickSpace;<font color=\"#686868\">Dynamax Power:<\/font> 110&nbsp;|&ThickSpace;<font color=\"#686868\">Target:<\/font> One Adjacent Pok\u00e9mon<\/font>\n\n|\n|t:|1700748885\n|switch|p2a: Quaquaval|Quaquaval, M|100\/100\n|move|p1a: Espeon|Yawn|p2a: Quaquaval\n|-start|p2a: Quaquaval|move: Yawn|[of] p1a: Espeon\n|\n|-damage|p1a: Espeon|0 fnt|[from] psn\n|faint|p1a: Espeon\n|upkeep\n|\n|t:|1700748893\n|switch|p1a: Chandelure|Chandelure, F|100\/100\n|turn|8\n|inactive|Onte bad has 120 seconds left.\n|\n|t:|1700748935\n|move|p2a: Quaquaval|Aqua Step|p1a: Chandelure\n|-supereffective|p1a: Chandelure\n|-damage|p1a: Chandelure|59\/100\n|-boost|p2a: Quaquaval|spe|1\n|move|p1a: Chandelure|Energy Ball|p2a: Quaquaval\n|-supereffective|p2a: Quaquaval\n|-damage|p2a: Quaquaval|1\/100\n|\n|-end|p1a: Chandelure|move: Future Sight\n|-crit|p1a: Chandelure\n|-damage|p1a: Chandelure|0 fnt\n|faint|p1a: Chandelure\n|-end|p2a: Quaquaval|move: Yawn|[silent]\n|-status|p2a: Quaquaval|slp\n|upkeep\n|l|\u2606Iexisttosuffer\n|inactive|Iexisttosuffer disconnected and has a minute to reconnect!\n|player|p1|\n|j|\u2606Iexisttosuffer\n|inactive|Iexisttosuffer reconnected and has 110 seconds left.\n|player|p1|Iexisttosuffer|cilan\n|\n|t:|1700748980\n|switch|p1a: Tyranitar|Tyranitar, M|100\/100\n|-weather|Sandstorm|[from] ability: Sand Stream|[of] p1a: Tyranitar\n|turn|9\n|inactive|Onte bad has 120 seconds left.\n|\n|t:|1700748998\n|cant|p2a: Quaquaval|slp\n|move|p1a: Tyranitar|Dragon Dance|p1a: Tyranitar\n|-boost|p1a: Tyranitar|atk|1\n|-boost|p1a: Tyranitar|spe|1\n|\n|-weather|Sandstorm|[upkeep]\n|-damage|p2a: Quaquaval|0 fnt|[from] Sandstorm\n|faint|p2a: Quaquaval\n|upkeep\n|\n|t:|1700749001\n|switch|p2a: Ribombee|Ribombee, F|100\/100\n|turn|10\n|\n|t:|1700749004\n|move|p2a: Ribombee|Moonblast|p1a: Tyranitar\n|-supereffective|p1a: Tyranitar\n|-damage|p1a: Tyranitar|73\/100\n|-unboost|p1a: Tyranitar|spa|1\n|-enditem|p1a: Tyranitar|Weakness Policy\n|-boost|p1a: Tyranitar|atk|2|[from] item: Weakness Policy\n|-boost|p1a: Tyranitar|spa|2|[from] item: Weakness Policy\n|move|p1a: Tyranitar|Stone Edge|p2a: Ribombee\n|-supereffective|p2a: Ribombee\n|-crit|p2a: Ribombee\n|-enditem|p2a: Ribombee|Focus Sash\n|-damage|p2a: Ribombee|1\/100\n|\n|-weather|Sandstorm|[upkeep]\n|-damage|p2a: Ribombee|0 fnt|[from] Sandstorm\n|faint|p2a: Ribombee\n|upkeep\n|inactive|Onte bad has 120 seconds left.\n|\n|t:|1700749017\n|switch|p2a: Breloom|Breloom, M|1\/100\n|turn|11\n|inactive|Onte bad has 120 seconds left.\n|\n|t:|1700749028\n|switch|p2a: Slowking|Slowking-Galar, M|99\/100\n|-terastallize|p1a: Tyranitar|Flying\n|move|p1a: Tyranitar|Earthquake|p2a: Slowking\n|-supereffective|p2a: Slowking\n|-damage|p2a: Slowking|0 fnt\n|faint|p2a: Slowking\n|\n|-weather|Sandstorm|[upkeep]\n|-damage|p1a: Tyranitar|67\/100|[from] Sandstorm\n|upkeep\n|inactive|Onte bad has 120 seconds left.\n|\n|t:|1700749037\n|switch|p2a: Regidrago|Regidrago|100\/100\n|turn|12\n|\n|t:|1700749041\n|switch|p2a: Breloom|Breloom, M|1\/100\n|move|p1a: Tyranitar|Ice Punch|p2a: Breloom\n|-supereffective|p2a: Breloom\n|-damage|p2a: Breloom|0 fnt\n|faint|p2a: Breloom\n|\n|-weather|Sandstorm|[upkeep]\n|-damage|p1a: Tyranitar|61\/100|[from] Sandstorm\n|-sideend|p1: Iexisttosuffer|move: Light Screen\n|upkeep\n|\n|t:|1700749043\n|switch|p2a: Regidrago|Regidrago|100\/100\n|turn|13\n|\n|t:|1700749048\n|move|p1a: Tyranitar|Stone Edge|p2a: Regidrago\n|-damage|p2a: Regidrago|0 fnt\n|faint|p2a: Regidrago\n|\n|-weather|none\n|-sideend|p1: Iexisttosuffer|Reflect\n|upkeep\n|\n|t:|1700749050\n|switch|p2a: Scizor|Scizor, F|100\/100\n|turn|14\n|\n|t:|1700749054\n|-terastallize|p2a: Scizor|Steel\n|move|p2a: Scizor|Bullet Punch|p1a: Tyranitar\n|-damage|p1a: Tyranitar|17\/100\n|move|p1a: Tyranitar|Stone Edge|p2a: Scizor\n|-resisted|p2a: Scizor\n|-damage|p2a: Scizor|30\/100\n|\n|upkeep\n|turn|15\n|\n|t:|1700749063\n|move|p2a: Scizor|Bullet Punch|p1a: Tyranitar\n|-damage|p1a: Tyranitar|0 fnt\n|faint|p1a: Tyranitar\n|\n|upkeep\n|\n|t:|1700749069\n|switch|p1a: Weavile|Weavile, F|1\/100\n|turn|16\n|\n|t:|1700749072\n|move|p2a: Scizor|Bullet Punch|p1a: Weavile\n|-supereffective|p1a: Weavile\n|-damage|p1a: Weavile|0 fnt\n|faint|p1a: Weavile\n|\n|upkeep\n|\n|t:|1700749074\n|switch|p1a: Frosmoth|Frosmoth, F|100\/100\n|turn|17\n|\n|t:|1700749076\n|move|p2a: Scizor|Bullet Punch|p1a: Frosmoth\n|-supereffective|p1a: Frosmoth\n|-damage|p1a: Frosmoth|0 fnt\n|faint|p1a: Frosmoth\n|\n|upkeep\n|\n|t:|1700749078\n|switch|p1a: Mamoswine|Mamoswine, F|100\/100\n|turn|18\n|\n|t:|1700749091\n|move|p2a: Scizor|Bullet Punch|p1a: Mamoswine\n|-supereffective|p1a: Mamoswine\n|-damage|p1a: Mamoswine|12\/100\n|move|p1a: Mamoswine|Earthquake|p2a: Scizor\n|-supereffective|p2a: Scizor\n|-damage|p2a: Scizor|0 fnt\n|faint|p2a: Scizor\n|\n|win|Iexisttosuffer\n|raw|Iexisttosuffer's rating: 1337 &rarr; <strong>1351<\/strong><br \/>(+14 for winning)\n|raw|Onte bad's rating: 1234 &rarr; <strong>1216<\/strong><br \/>(-18 for losing)\n|c|\u2606Onte bad|ggs\n","uploadtime":1700749094,"views":0,"p1id":"iexisttosuffer","p2id":"ontebad","formatid":"gen9ou","rating":1216,"private":0,"password":""}