{"id":"gen9ou-1997790631","p1":"wontontrainer","p2":"Lemousine","format":"[Gen 9] OU","log":"|j|\u2606wontontrainer\n|j|\u2606Lemousine\n|t:|1700853011\n|gametype|singles\n|player|p1|wontontrainer|102|1382\n|player|p2|Lemousine|blackbelt-gen4dp|1448\n|teamsize|p1|6\n|teamsize|p2|6\n|gen|9\n|tier|[Gen 9] OU\n|rated|\n|rule|Sleep Clause Mod: Limit one foe put to sleep\n|rule|Species Clause: Limit one of each Pok\u00e9mon\n|rule|OHKO Clause: OHKO moves are banned\n|rule|Evasion Items Clause: Evasion items are banned\n|rule|Evasion Moves Clause: Evasion moves are banned\n|rule|Endless Battle Clause: Forcing endless battles is banned\n|rule|HP Percentage Mod: HP is shown in percentages\n|clearpoke\n|poke|p1|Torterra, F|\n|poke|p1|Zapdos|\n|poke|p1|Kingambit, M|\n|poke|p1|Walking Wake|\n|poke|p1|Cinderace, F|\n|poke|p1|Cresselia, F|\n|poke|p2|Manaphy|\n|poke|p2|Kingambit, M|\n|poke|p2|Ribombee, M|\n|poke|p2|Gholdengo|\n|poke|p2|Iron Moth|\n|poke|p2|Ogerpon-Wellspring, F|\n|teampreview\n|inactive|Battle timer is ON: inactive players will automatically lose when time's up. (requested by wontontrainer)\n|\n|t:|1700853038\n|start\n|switch|p1a: Zapdos|Zapdos|100\/100\n|switch|p2a: Iron Moth|Iron Moth|100\/100\n|-enditem|p2a: Iron Moth|Booster Energy\n|-activate|p2a: Iron Moth|ability: Quark Drive|[fromitem]\n|-start|p2a: Iron Moth|quarkdrivespe\n|turn|1\n|\n|t:|1700853048\n|move|p2a: Iron Moth|Fiery Dance|p1a: Zapdos\n|-damage|p1a: Zapdos|60\/100\n|-boost|p2a: Iron Moth|spa|1\n|move|p1a: Zapdos|Tailwind|p1a: Zapdos\n|-sidestart|p1: wontontrainer|move: Tailwind\n|\n|-heal|p1a: Zapdos|66\/100|[from] item: Leftovers\n|upkeep\n|turn|2\n|\n|t:|1700853055\n|move|p2a: Iron Moth|Fiery Dance|p1a: Zapdos\n|-damage|p1a: Zapdos|3\/100\n|-boost|p2a: Iron Moth|spa|1\n|move|p1a: Zapdos|Volt Switch|p2a: Iron Moth\n|-damage|p2a: Iron Moth|64\/100\n|\n|t:|1700853064\n|switch|p1a: Walking Wake|Walking Wake|100\/100|[from] Volt Switch\n|\n|upkeep\n|turn|3\n|\n|t:|1700853072\n|-terastallize|p2a: Iron Moth|Fairy\n|move|p1a: Walking Wake|Draco Meteor|p2a: Iron Moth\n|-immune|p2a: Iron Moth\n|move|p2a: Iron Moth|Dazzling Gleam|p1a: Walking Wake\n|-supereffective|p1a: Walking Wake\n|-damage|p1a: Walking Wake|0 fnt\n|faint|p1a: Walking Wake\n|-end|p1a: Walking Wake|Protosynthesis|[silent]\n|\n|upkeep\n|\n|t:|1700853086\n|switch|p1a: Cinderace|Cinderace, F|100\/100\n|turn|4\n|\n|t:|1700853092\n|move|p1a: Cinderace|Flare Blitz|p2a: Iron Moth\n|-damage|p2a: Iron Moth|0 fnt\n|faint|p2a: Iron Moth\n|-end|p2a: Iron Moth|Quark Drive|[silent]\n|-damage|p1a: Cinderace|81\/100|[from] Recoil\n|\n|-sideend|p1: wontontrainer|move: Tailwind\n|upkeep\n|inactive|Lemousine has 120 seconds left.\n|\n|t:|1700853128\n|switch|p2a: Manaphy|Manaphy|100\/100\n|turn|5\n|\n|t:|1700853135\n|move|p1a: Cinderace|U-turn|p2a: Manaphy\n|-start|p1a: Cinderace|typechange|Bug|[from] ability: Libero\n|-damage|p2a: Manaphy|66\/100\n|\n|t:|1700853143\n|switch|p1a: Cresselia|Cresselia, F|100\/100|[from] U-turn\n|move|p2a: Manaphy|Scald|p1a: Cresselia\n|-damage|p1a: Cresselia|77\/100\n|\n|-heal|p2a: Manaphy|72\/100|[from] item: Leftovers\n|-heal|p1a: Cresselia|83\/100|[from] item: Leftovers\n|upkeep\n|turn|6\n|\n|t:|1700853150\n|switch|p2a: Ogerpon|Ogerpon-Wellspring, F|100\/100\n|move|p1a: Cresselia|Calm Mind|p1a: Cresselia\n|-boost|p1a: Cresselia|spa|1\n|-boost|p1a: Cresselia|spd|1\n|\n|-heal|p1a: Cresselia|89\/100|[from] item: Leftovers\n|upkeep\n|turn|7\n|\n|t:|1700853159\n|move|p2a: Ogerpon|Ivy Cudgel|p1a: Cresselia|[anim] Ivy Cudgel Water\n|-damage|p1a: Cresselia|49\/100\n|move|p1a: Cresselia|Calm Mind|p1a: Cresselia\n|-boost|p1a: Cresselia|spa|1\n|-boost|p1a: Cresselia|spd|1\n|\n|-heal|p1a: Cresselia|55\/100|[from] item: Leftovers\n|upkeep\n|turn|8\n|\n|t:|1700853185\n|move|p2a: Ogerpon|Encore|p1a: Cresselia\n|-start|p1a: Cresselia|Encore\n|move|p1a: Cresselia|Calm Mind|p1a: Cresselia\n|-boost|p1a: Cresselia|spa|1\n|-boost|p1a: Cresselia|spd|1\n|\n|-heal|p1a: Cresselia|62\/100|[from] item: Leftovers\n|upkeep\n|turn|9\n|inactive|wontontrainer has 120 seconds left.\n|\n|t:|1700853203\n|switch|p1a: Cinderace|Cinderace, F|81\/100\n|move|p2a: Ogerpon|Ivy Cudgel|p1a: Cinderace|[anim] Ivy Cudgel Water\n|-supereffective|p1a: Cinderace\n|-damage|p1a: Cinderace|0 fnt\n|faint|p1a: Cinderace\n|\n|upkeep\n|inactive|wontontrainer has 120 seconds left.\n|\n|t:|1700853218\n|switch|p1a: Torterra|Torterra, F|100\/100\n|turn|10\n|inactive|wontontrainer has 120 seconds left.\n|\n|t:|1700853237\n|move|p2a: Ogerpon|Ivy Cudgel|p1a: Torterra|[anim] Ivy Cudgel Water\n|-damage|p1a: Torterra|43\/100\n|move|p1a: Torterra|Shell Smash|p1a: Torterra\n|-unboost|p1a: Torterra|def|1\n|-unboost|p1a: Torterra|spd|1\n|-boost|p1a: Torterra|atk|2\n|-boost|p1a: Torterra|spa|2\n|-boost|p1a: Torterra|spe|2\n|-enditem|p1a: Torterra|White Herb\n|-clearnegativeboost|p1a: Torterra|[silent]\n|\n|upkeep\n|turn|11\n|inactive|wontontrainer has 120 seconds left.\n|\n|t:|1700853247\n|move|p2a: Ogerpon|Ivy Cudgel|p1a: Torterra|[anim] Ivy Cudgel Water\n|-damage|p1a: Torterra|0 fnt\n|faint|p1a: Torterra\n|\n|upkeep\n|inactive|wontontrainer has 120 seconds left.\n|\n|t:|1700853259\n|switch|p1a: Kingambit|Kingambit, M|100\/100\n|-activate|p1a: Kingambit|ability: Supreme Overlord\n|-start|p1a: Kingambit|fallen3|[silent]\n|turn|12\n|inactive|wontontrainer has 120 seconds left.\n|\n|t:|1700853265\n|move|p2a: Ogerpon|Ivy Cudgel|p1a: Kingambit|[anim] Ivy Cudgel Water\n|-damage|p1a: Kingambit|58\/100\n|move|p1a: Kingambit|Swords Dance|p1a: Kingambit\n|-boost|p1a: Kingambit|atk|2\n|\n|-heal|p1a: Kingambit|64\/100|[from] item: Leftovers\n|upkeep\n|turn|13\n|inactive|wontontrainer has 120 seconds left.\n|\n|t:|1700853280\n|-end|p1a: Kingambit|fallen3|[silent]\n|switch|p1a: Zapdos|Zapdos|3\/100\n|move|p2a: Ogerpon|Encore||[still]\n|-fail|p2a: Ogerpon\n|\n|-heal|p1a: Zapdos|9\/100|[from] item: Leftovers\n|upkeep\n|turn|14\n|-message|wontontrainer forfeited.\n|\n|win|Lemousine\n|raw|wontontrainer's rating: 1382 &rarr; <strong>1366<\/strong><br \/>(-16 for losing)\n|raw|Lemousine's rating: 1448 &rarr; <strong>1464<\/strong><br \/>(+16 for winning)\n|l|\u2606wontontrainer\n","uploadtime":1700853290,"views":13,"p1id":"wontontrainer","p2id":"lemousine","formatid":"gen9ou","rating":1366,"private":0,"password":""}