{"id":"gen9ou-1995153786","p1":"alt no. 599","p2":"a jellyfish","format":"[Gen 9] OU","log":"|j|\u2606alt no. 599\n|j|\u2606a jellyfish\n|t:|1700528576\n|gametype|singles\n|player|p1|alt no. 599|acetrainersnowf|1534\n|player|p2|a jellyfish|fisherman-gen4|1453\n|teamsize|p1|6\n|teamsize|p2|6\n|gen|9\n|tier|[Gen 9] OU\n|rated|\n|rule|Sleep Clause Mod: Limit one foe put to sleep\n|rule|Species Clause: Limit one of each Pok\u00e9mon\n|rule|OHKO Clause: OHKO moves are banned\n|rule|Evasion Items Clause: Evasion items are banned\n|rule|Evasion Moves Clause: Evasion moves are banned\n|rule|Endless Battle Clause: Forcing endless battles is banned\n|rule|HP Percentage Mod: HP is shown in percentages\n|clearpoke\n|poke|p1|Gastrodon, F|\n|poke|p1|Heatran, M|\n|poke|p1|Landorus-Therian, M|\n|poke|p1|Zapdos|\n|poke|p1|Gholdengo|\n|poke|p1|Zamazenta-*|\n|poke|p2|Iron Moth|\n|poke|p2|Iron Valiant|\n|poke|p2|Landorus-Therian, M|\n|poke|p2|Rillaboom, F|\n|poke|p2|Cinderace, M|\n|poke|p2|Gholdengo|\n|teampreview\n|inactive|Battle timer is ON: inactive players will automatically lose when time's up. (requested by a jellyfish)\n|inactive|alt no. 599 has 120 seconds left.\n|\n|t:|1700528613\n|start\n|switch|p1a: Landorus|Landorus-Therian, M|100\/100\n|switch|p2a: Landorus|Landorus-Therian, M|100\/100\n|-ability|p1a: Landorus|Intimidate|boost\n|-unboost|p2a: Landorus|atk|1\n|-ability|p2a: Landorus|Intimidate|boost\n|-unboost|p1a: Landorus|atk|1\n|turn|1\n|\n|t:|1700528623\n|move|p1a: Landorus|Stealth Rock|p2a: Landorus\n|-sidestart|p2: a jellyfish|move: Stealth Rock\n|move|p2a: Landorus|Stealth Rock|p1a: Landorus\n|-sidestart|p1: alt no. 599|move: Stealth Rock\n|\n|upkeep\n|turn|2\n|\n|t:|1700528628\n|move|p1a: Landorus|U-turn|p2a: Landorus\n|-resisted|p2a: Landorus\n|-damage|p2a: Landorus|94\/100\n|\n|t:|1700528630\n|switch|p1a: Zapdos|Zapdos|100\/100|[from] U-turn\n|move|p2a: Landorus|U-turn|p1a: Zapdos\n|-resisted|p1a: Zapdos\n|-damage|p1a: Zapdos|94\/100\n|\n|t:|1700528647\n|switch|p2a: Gholdengo|Gholdengo|100\/100|[from] U-turn\n|-damage|p2a: Gholdengo|94\/100|[from] Stealth Rock\n|\n|upkeep\n|turn|3\n|\n|t:|1700528652\n|move|p1a: Zapdos|Volt Switch|p2a: Gholdengo\n|-damage|p2a: Gholdengo|64\/100\n|\n|t:|1700528655\n|switch|p1a: Heatran|Heatran, M|100\/100|[from] Volt Switch\n|-damage|p1a: Heatran|88\/100|[from] Stealth Rock\n|move|p2a: Gholdengo|Shadow Ball|p1a: Heatran\n|-damage|p1a: Heatran|64\/100\n|\n|-heal|p1a: Heatran|71\/100|[from] item: Leftovers\n|upkeep\n|turn|4\n|\n|t:|1700528661\n|switch|p2a: Landorus|Landorus-Therian, M|94\/100\n|-damage|p2a: Landorus|82\/100|[from] Stealth Rock\n|-ability|p2a: Landorus|Intimidate|boost\n|-unboost|p1a: Heatran|atk|1\n|move|p1a: Heatran|Magma Storm|p2a: Landorus|[miss]\n|-miss|p1a: Heatran|p2a: Landorus\n|\n|-heal|p2a: Landorus|88\/100|[from] item: Leftovers\n|-heal|p1a: Heatran|77\/100|[from] item: Leftovers\n|upkeep\n|turn|5\n|\n|t:|1700528667\n|move|p1a: Heatran|Protect|p1a: Heatran\n|-singleturn|p1a: Heatran|Protect\n|move|p2a: Landorus|U-turn|p1a: Heatran\n|-activate|p1a: Heatran|move: Protect\n|\n|-heal|p2a: Landorus|94\/100|[from] item: Leftovers\n|-heal|p1a: Heatran|83\/100|[from] item: Leftovers\n|upkeep\n|turn|6\n|\n|t:|1700528670\n|switch|p1a: Zapdos|Zapdos|94\/100\n|move|p2a: Landorus|Earthquake|p1a: Zapdos\n|-immune|p1a: Zapdos\n|\n|-heal|p2a: Landorus|99\/100|[from] item: Leftovers\n|upkeep\n|turn|7\n|\n|t:|1700528673\n|move|p1a: Zapdos|Hurricane|p2a: Landorus|[miss]\n|-miss|p1a: Zapdos|p2a: Landorus\n|move|p2a: Landorus|U-turn|p1a: Zapdos\n|-resisted|p1a: Zapdos\n|-damage|p1a: Zapdos|84\/100\n|\n|t:|1700528676\n|switch|p2a: Gholdengo|Gholdengo|64\/100|[from] U-turn\n|-damage|p2a: Gholdengo|58\/100|[from] Stealth Rock\n|\n|upkeep\n|turn|8\n|\n|t:|1700528678\n|move|p1a: Zapdos|Volt Switch|p2a: Gholdengo\n|-damage|p2a: Gholdengo|29\/100\n|\n|t:|1700528687\n|switch|p1a: Heatran|Heatran, M|83\/100|[from] Volt Switch\n|-damage|p1a: Heatran|71\/100|[from] Stealth Rock\n|move|p2a: Gholdengo|Recover|p2a: Gholdengo\n|-heal|p2a: Gholdengo|79\/100\n|\n|-heal|p1a: Heatran|77\/100|[from] item: Leftovers\n|upkeep\n|turn|9\n|\n|t:|1700528692\n|switch|p2a: Landorus|Landorus-Therian, M|99\/100\n|-damage|p2a: Landorus|87\/100|[from] Stealth Rock\n|-ability|p2a: Landorus|Intimidate|boost\n|-unboost|p1a: Heatran|atk|1\n|move|p1a: Heatran|Magma Storm|p2a: Landorus\n|-damage|p2a: Landorus|50\/100\n|-activate|p2a: Landorus|move: Magma Storm|[of] p1a: Heatran\n|\n|-heal|p2a: Landorus|56\/100|[from] item: Leftovers\n|-heal|p1a: Heatran|83\/100|[from] item: Leftovers\n|-damage|p2a: Landorus|44\/100|[from] move: Magma Storm|[partiallytrapped]\n|upkeep\n|turn|10\n|\n|t:|1700528699\n|move|p1a: Heatran|Protect|p1a: Heatran\n|-singleturn|p1a: Heatran|Protect\n|move|p2a: Landorus|Earthquake|p1a: Heatran\n|-activate|p1a: Heatran|move: Protect\n|\n|-heal|p2a: Landorus|50\/100|[from] item: Leftovers\n|-heal|p1a: Heatran|89\/100|[from] item: Leftovers\n|-damage|p2a: Landorus|38\/100|[from] move: Magma Storm|[partiallytrapped]\n|upkeep\n|turn|11\n|\n|t:|1700528707\n|switch|p1a: Zapdos|Zapdos|84\/100\n|move|p2a: Landorus|U-turn|p1a: Zapdos\n|-resisted|p1a: Zapdos\n|-damage|p1a: Zapdos|74\/100\n|inactive|a jellyfish has 120 seconds left.\n|\n|t:|1700528744\n|switch|p2a: Iron Valiant|Iron Valiant|100\/100|[from] U-turn\n|-damage|p2a: Iron Valiant|94\/100|[from] Stealth Rock\n|-enditem|p2a: Iron Valiant|Booster Energy\n|-activate|p2a: Iron Valiant|ability: Quark Drive|[fromitem]\n|-start|p2a: Iron Valiant|quarkdrivespe\n|\n|upkeep\n|turn|12\n|\n|t:|1700528749\n|move|p2a: Iron Valiant|Moonblast|p1a: Zapdos\n|-damage|p1a: Zapdos|27\/100\n|-unboost|p1a: Zapdos|spa|1\n|move|p1a: Zapdos|Thunder Wave|p2a: Iron Valiant\n|-status|p2a: Iron Valiant|par\n|\n|upkeep\n|turn|13\n|\n|t:|1700528755\n|move|p1a: Zapdos|Roost|p1a: Zapdos\n|-heal|p1a: Zapdos|77\/100\n|-singleturn|p1a: Zapdos|move: Roost\n|move|p2a: Iron Valiant|Moonblast|p1a: Zapdos\n|-damage|p1a: Zapdos|33\/100\n|\n|upkeep\n|turn|14\n|\n|t:|1700528759\n|move|p1a: Zapdos|Roost|p1a: Zapdos\n|-heal|p1a: Zapdos|84\/100\n|-singleturn|p1a: Zapdos|move: Roost\n|cant|p2a: Iron Valiant|par\n|\n|upkeep\n|turn|15\n|\n|t:|1700528765\n|move|p1a: Zapdos|Volt Switch|p2a: Iron Valiant\n|-damage|p2a: Iron Valiant|58\/100 par\n|\n|t:|1700528769\n|switch|p1a: Gastrodon|Gastrodon, F|100\/100|[from] Volt Switch\n|-damage|p1a: Gastrodon|94\/100|[from] Stealth Rock\n|move|p2a: Iron Valiant|Moonblast|p1a: Gastrodon\n|-damage|p1a: Gastrodon|58\/100\n|\n|upkeep\n|turn|16\n|\n|t:|1700528773\n|move|p2a: Iron Valiant|Close Combat|p1a: Gastrodon\n|-damage|p1a: Gastrodon|15\/100\n|-unboost|p2a: Iron Valiant|def|1\n|-unboost|p2a: Iron Valiant|spd|1\n|move|p1a: Gastrodon|Recover|p1a: Gastrodon\n|-heal|p1a: Gastrodon|65\/100\n|\n|upkeep\n|turn|17\n|\n|t:|1700528776\n|move|p2a: Iron Valiant|Encore|p1a: Gastrodon\n|-start|p1a: Gastrodon|Encore\n|move|p1a: Gastrodon|Recover|p1a: Gastrodon\n|-heal|p1a: Gastrodon|100\/100\n|\n|upkeep\n|turn|18\n|\n|t:|1700528785\n|-end|p2a: Iron Valiant|Quark Drive|[silent]\n|switch|p2a: Iron Moth|Iron Moth|100\/100\n|-damage|p2a: Iron Moth|75\/100|[from] Stealth Rock\n|-enditem|p2a: Iron Moth|Booster Energy\n|-activate|p2a: Iron Moth|ability: Quark Drive|[fromitem]\n|-start|p2a: Iron Moth|quarkdrivespe\n|switch|p1a: Gholdengo|Gholdengo|100\/100\n|-damage|p1a: Gholdengo|94\/100|[from] Stealth Rock\n|-item|p1a: Gholdengo|Air Balloon\n|\n|upkeep\n|turn|19\n|\n|t:|1700528792\n|switch|p1a: Heatran|Heatran, M|89\/100\n|-damage|p1a: Heatran|77\/100|[from] Stealth Rock\n|move|p2a: Iron Moth|Fiery Dance|p1a: Heatran\n|-start|p1a: Heatran|ability: Flash Fire\n|\n|-heal|p1a: Heatran|83\/100|[from] item: Leftovers\n|upkeep\n|turn|20\n|inactive|a jellyfish has 120 seconds left.\n|\n|t:|1700528844\n|-terastallize|p2a: Iron Moth|Ground\n|move|p1a: Heatran|Protect|p1a: Heatran\n|-singleturn|p1a: Heatran|Protect\n|move|p2a: Iron Moth|Tera Blast|p1a: Heatran|[anim] Tera Blast Ground\n|-activate|p1a: Heatran|move: Protect\n|\n|-heal|p1a: Heatran|89\/100|[from] item: Leftovers\n|upkeep\n|turn|21\n|\n|t:|1700528850\n|-end|p1a: Heatran|ability: Flash Fire|[silent]\n|switch|p1a: Gastrodon|Gastrodon, F|100\/100\n|-damage|p1a: Gastrodon|94\/100|[from] Stealth Rock\n|move|p2a: Iron Moth|Fiery Dance|p1a: Gastrodon\n|-resisted|p1a: Gastrodon\n|-damage|p1a: Gastrodon|79\/100\n|\n|upkeep\n|turn|22\n|\n|t:|1700528852\n|move|p2a: Iron Moth|Energy Ball|p1a: Gastrodon\n|-supereffective|p1a: Gastrodon\n|-damage|p1a: Gastrodon|0 fnt\n|faint|p1a: Gastrodon\n|\n|upkeep\n|\n|t:|1700528864\n|switch|p1a: Zamazenta|Zamazenta|100\/100\n|-ability|p1a: Zamazenta|Dauntless Shield|boost\n|-boost|p1a: Zamazenta|def|1\n|turn|23\n|\n|t:|1700528869\n|move|p2a: Iron Moth|Fiery Dance|p1a: Zamazenta\n|-damage|p1a: Zamazenta|71\/100\n|-boost|p2a: Iron Moth|spa|1\n|move|p1a: Zamazenta|Body Press|p2a: Iron Moth\n|-damage|p2a: Iron Moth|0 fnt\n|faint|p2a: Iron Moth\n|-end|p2a: Iron Moth|Quark Drive|[silent]\n|\n|upkeep\n|\n|t:|1700528876\n|switch|p2a: Gholdengo|Gholdengo|79\/100\n|-damage|p2a: Gholdengo|72\/100|[from] Stealth Rock\n|turn|24\n|\n|t:|1700528884\n|switch|p1a: Heatran|Heatran, M|89\/100\n|-damage|p1a: Heatran|77\/100|[from] Stealth Rock\n|move|p2a: Gholdengo|Nasty Plot|p2a: Gholdengo\n|-boost|p2a: Gholdengo|spa|2\n|\n|-heal|p1a: Heatran|83\/100|[from] item: Leftovers\n|upkeep\n|turn|25\n|\n|t:|1700528887\n|move|p2a: Gholdengo|Shadow Ball|p1a: Heatran\n|-damage|p1a: Heatran|42\/100\n|move|p1a: Heatran|Magma Storm|p2a: Gholdengo\n|-supereffective|p2a: Gholdengo\n|-damage|p2a: Gholdengo|0 fnt\n|faint|p2a: Gholdengo\n|\n|-heal|p1a: Heatran|48\/100|[from] item: Leftovers\n|upkeep\n|\n|t:|1700528896\n|switch|p2a: Landorus|Landorus-Therian, M|38\/100\n|-damage|p2a: Landorus|25\/100|[from] Stealth Rock\n|-ability|p2a: Landorus|Intimidate|boost\n|-unboost|p1a: Heatran|atk|1\n|turn|26\n|\n|t:|1700528898\n|move|p1a: Heatran|Protect|p1a: Heatran\n|-singleturn|p1a: Heatran|Protect\n|move|p2a: Landorus|Earthquake|p1a: Heatran\n|-activate|p1a: Heatran|move: Protect\n|\n|-heal|p2a: Landorus|31\/100|[from] item: Leftovers\n|-heal|p1a: Heatran|54\/100|[from] item: Leftovers\n|upkeep\n|turn|27\n|\n|t:|1700528900\n|switch|p1a: Zapdos|Zapdos|84\/100\n|move|p2a: Landorus|Earthquake|p1a: Zapdos\n|-immune|p1a: Zapdos\n|\n|-heal|p2a: Landorus|37\/100|[from] item: Leftovers\n|upkeep\n|turn|28\n|-message|a jellyfish forfeited.\n|\n|win|alt no. 599\n|raw|alt no. 599's rating: 1534 &rarr; <strong>1549<\/strong><br \/>(+15 for winning)\n|raw|a jellyfish's rating: 1453 &rarr; <strong>1438<\/strong><br \/>(-15 for losing)\n|l|\u2606a jellyfish\n","uploadtime":1700528910,"views":4,"p1id":"altno599","p2id":"ajellyfish","formatid":"gen9ou","rating":1438,"private":0,"password":""}