{"id":"gen9ou-1991493610","p1":"bonappletea","p2":"Bloom-and-Fruit","format":"[Gen 9] OU","log":"|j|\u2606bonappletea\n|j|\u2606Bloom-and-Fruit\n|t:|1700082008\n|gametype|singles\n|player|p1|bonappletea|skier|1000\n|player|p2|Bloom-and-Fruit|2|1040\n|teamsize|p1|6\n|teamsize|p2|6\n|gen|9\n|tier|[Gen 9] OU\n|rated|\n|rule|Sleep Clause Mod: Limit one foe put to sleep\n|rule|Species Clause: Limit one of each Pok\u00e9mon\n|rule|OHKO Clause: OHKO moves are banned\n|rule|Evasion Items Clause: Evasion items are banned\n|rule|Evasion Moves Clause: Evasion moves are banned\n|rule|Endless Battle Clause: Forcing endless battles is banned\n|rule|HP Percentage Mod: HP is shown in percentages\n|clearpoke\n|poke|p1|Sandy Shocks|\n|poke|p1|Zapdos|\n|poke|p1|Toxtricity, M|\n|poke|p1|Zamazenta-*|\n|poke|p1|Cinderace, F|\n|poke|p1|Gardevoir, F|\n|poke|p2|Spidops, F|\n|poke|p2|Skeledirge, M|\n|poke|p2|Pawmot, M|\n|poke|p2|Glimmora, F|\n|poke|p2|Rotom-Wash|\n|poke|p2|Dondozo, M|\n|teampreview\n|\n|t:|1700082025\n|start\n|switch|p1a: Cinderace|Cinderace, F|100\/100\n|switch|p2a: Spidops|Spidops, F|100\/100\n|turn|1\n|\n|t:|1700082035\n|move|p2a: Spidops|Silk Trap|p2a: Spidops\n|-singleturn|p2a: Spidops|Protect\n|move|p1a: Cinderace|High Jump Kick|p2a: Spidops\n|-activate|p2a: Spidops|move: Protect\n|-unboost|p1a: Cinderace|spe|1\n|-damage|p1a: Cinderace|51\/100|[from] highjumpkick\n|\n|upkeep\n|turn|2\n|\n|t:|1700082051\n|move|p1a: Cinderace|Focus Blast|p2a: Spidops\n|-resisted|p2a: Spidops\n|-damage|p2a: Spidops|86\/100\n|move|p2a: Spidops|Sticky Web|p1a: Cinderace\n|-sidestart|p1: bonappletea|move: Sticky Web\n|\n|upkeep\n|turn|3\n|\n|t:|1700082060\n|move|p1a: Cinderace|Heat Wave|p2a: Spidops\n|-supereffective|p2a: Spidops\n|-damage|p2a: Spidops|4\/100\n|move|p2a: Spidops|Circle Throw|p1a: Cinderace\n|-damage|p1a: Cinderace|25\/100\n|drag|p1a: Sandy Shocks|Sandy Shocks|100\/100\n|-activate|p1a: Sandy Shocks|move: Sticky Web\n|-unboost|p1a: Sandy Shocks|spe|1\n|\n|upkeep\n|turn|4\n|\n|t:|1700082072\n|move|p2a: Spidops|Silk Trap|p2a: Spidops\n|-singleturn|p2a: Spidops|Protect\n|move|p1a: Sandy Shocks|Electro Ball|p2a: Spidops\n|-activate|p2a: Spidops|move: Protect\n|\n|upkeep\n|turn|5\n|\n|t:|1700082080\n|move|p1a: Sandy Shocks|Electro Ball|p2a: Spidops\n|-damage|p2a: Spidops|0 fnt\n|faint|p2a: Spidops\n|\n|upkeep\n|\n|t:|1700082086\n|switch|p2a: Glimmora|Glimmora, F|100\/100\n|turn|6\n|\n|t:|1700082092\n|move|p2a: Glimmora|Stealth Rock|p1a: Sandy Shocks\n|-sidestart|p1: bonappletea|move: Stealth Rock\n|move|p1a: Sandy Shocks|Electric Terrain|p1a: Sandy Shocks\n|-fieldstart|move: Electric Terrain\n|-enditem|p1a: Sandy Shocks|Electric Seed\n|-boost|p1a: Sandy Shocks|def|1|[from] item: Electric Seed\n|\n|upkeep\n|turn|7\n|\n|t:|1700082101\n|move|p2a: Glimmora|Mortal Spin|p1a: Sandy Shocks\n|-resisted|p1a: Sandy Shocks\n|-damage|p1a: Sandy Shocks|99\/100\n|-status|p1a: Sandy Shocks|psn\n|move|p1a: Sandy Shocks|Thunder Wave|p2a: Glimmora\n|-status|p2a: Glimmora|par\n|\n|-damage|p1a: Sandy Shocks|86\/100 psn|[from] psn\n|upkeep\n|turn|8\n|\n|t:|1700082123\n|switch|p2a: Pawmot|Pawmot, M|100\/100\n|move|p1a: Sandy Shocks|Electro Ball|p2a: Pawmot\n|-immune|p2a: Pawmot|[from] ability: Volt Absorb\n|\n|-damage|p1a: Sandy Shocks|74\/100 psn|[from] psn\n|upkeep\n|turn|9\n|\n|t:|1700082136\n|-end|p1a: Sandy Shocks|Protosynthesis|[silent]\n|switch|p1a: Gardevoir|Gardevoir, F|100\/100\n|-activate|p1a: Gardevoir|move: Sticky Web\n|-unboost|p1a: Gardevoir|spe|1\n|-damage|p1a: Gardevoir|88\/100|[from] Stealth Rock\n|move|p2a: Pawmot|Close Combat|p1a: Gardevoir\n|-resisted|p1a: Gardevoir\n|-damage|p1a: Gardevoir|68\/100\n|-unboost|p2a: Pawmot|def|1\n|-unboost|p2a: Pawmot|spd|1\n|\n|upkeep\n|turn|10\n|\n|t:|1700082159\n|move|p2a: Pawmot|Knock Off|p1a: Gardevoir\n|-damage|p1a: Gardevoir|19\/100\n|-enditem|p1a: Gardevoir|Fairy Feather|[from] move: Knock Off|[of] p2a: Pawmot\n|move|p1a: Gardevoir|Draining Kiss|p2a: Pawmot\n|-supereffective|p2a: Pawmot\n|-damage|p2a: Pawmot|15\/100\n|-heal|p1a: Gardevoir|81\/100|[from] drain|[of] p2a: Pawmot\n|\n|-fieldend|move: Electric Terrain\n|upkeep\n|turn|11\n|\n|t:|1700082170\n|switch|p2a: Dondozo|Dondozo, M|100\/100\n|move|p1a: Gardevoir|Dazzling Gleam|p2a: Dondozo\n|-damage|p2a: Dondozo|70\/100\n|\n|upkeep\n|turn|12\n|\n|t:|1700082181\n|move|p1a: Gardevoir|Future Sight|p2a: Dondozo\n|-start|p1a: Gardevoir|move: Future Sight\n|move|p2a: Dondozo|Curse|p2a: Dondozo\n|-unboost|p2a: Dondozo|spe|1\n|-boost|p2a: Dondozo|atk|1\n|-boost|p2a: Dondozo|def|1\n|\n|upkeep\n|turn|13\n|\n|t:|1700082196\n|-terastallize|p2a: Dondozo|Water\n|move|p1a: Gardevoir|Dazzling Gleam|p2a: Dondozo\n|-damage|p2a: Dondozo|35\/100\n|move|p2a: Dondozo|Wave Crash|p1a: Gardevoir\n|-damage|p1a: Gardevoir|0 fnt\n|faint|p1a: Gardevoir\n|-damage|p2a: Dondozo|20\/100|[from] Recoil\n|\n|upkeep\n|\n|t:|1700082210\n|switch|p1a: Zapdos|Zapdos|100\/100\n|turn|14\n|\n|t:|1700082215\n|move|p1a: Zapdos|Discharge|p2a: Dondozo\n|-supereffective|p2a: Dondozo\n|-damage|p2a: Dondozo|0 fnt\n|faint|p2a: Dondozo\n|\n|-hint|Future Sight did not hit because the target is fainted.\n|upkeep\n|\n|t:|1700082238\n|switch|p2a: Glimmora|Glimmora, F|100\/100 par\n|turn|15\n|\n|t:|1700082243\n|move|p1a: Zapdos|Discharge|p2a: Glimmora\n|-damage|p2a: Glimmora|68\/100 par\n|move|p2a: Glimmora|Mortal Spin|p1a: Zapdos\n|-damage|p1a: Zapdos|94\/100\n|-status|p1a: Zapdos|psn\n|\n|-damage|p1a: Zapdos|81\/100 psn|[from] psn\n|upkeep\n|turn|16\n|\n|t:|1700082255\n|switch|p2a: Pawmot|Pawmot, M|15\/100\n|move|p1a: Zapdos|Tailwind|p1a: Zapdos\n|-sidestart|p1: bonappletea|move: Tailwind\n|\n|-damage|p1a: Zapdos|69\/100 psn|[from] psn\n|upkeep\n|turn|17\n|\n|t:|1700082269\n|switch|p2a: Glimmora|Glimmora, F|68\/100 par\n|move|p1a: Zapdos|Discharge|p2a: Glimmora\n|-damage|p2a: Glimmora|38\/100 par\n|\n|-damage|p1a: Zapdos|56\/100 psn|[from] psn\n|upkeep\n|turn|18\n|\n|t:|1700082280\n|move|p2a: Glimmora|Spiky Shield|p2a: Glimmora\n|-singleturn|p2a: Glimmora|move: Protect\n|move|p1a: Zapdos|Discharge|p2a: Glimmora\n|-activate|p2a: Glimmora|move: Protect\n|\n|-damage|p1a: Zapdos|44\/100 psn|[from] psn\n|upkeep\n|turn|19\n|\n|t:|1700082290\n|switch|p1a: Zamazenta|Zamazenta|100\/100\n|-activate|p1a: Zamazenta|move: Sticky Web\n|-unboost|p1a: Zamazenta|spe|1\n|-damage|p1a: Zamazenta|94\/100|[from] Stealth Rock\n|-ability|p1a: Zamazenta|Dauntless Shield|boost\n|-boost|p1a: Zamazenta|def|1\n|switch|p2a: Pawmot|Pawmot, M|15\/100\n|\n|-sideend|p1: bonappletea|move: Tailwind\n|upkeep\n|turn|20\n|\n|t:|1700082308\n|move|p2a: Pawmot|Nuzzle|p1a: Zamazenta\n|-damage|p1a: Zamazenta|89\/100\n|-status|p1a: Zamazenta|par\n|move|p1a: Zamazenta|Close Combat|p2a: Pawmot\n|-damage|p2a: Pawmot|0 fnt\n|-unboost|p1a: Zamazenta|def|1\n|-unboost|p1a: Zamazenta|spd|1\n|faint|p2a: Pawmot\n|\n|upkeep\n|\n|t:|1700082318\n|switch|p2a: Skeledirge|Skeledirge, M|100\/100\n|turn|21\n|l|\u2606bonappletea\n|player|p1|\n|j|\u2606bonappletea\n|player|p1|bonappletea|skier\n|inactive|Battle timer is ON: inactive players will automatically lose when time's up. (requested by Bloom-and-Fruit)\n|n|\u2606bonappletea|bonappletea\n|\n|t:|1700082347\n|move|p2a: Skeledirge|Torch Song|p1a: Zamazenta\n|-damage|p1a: Zamazenta|62\/100 par\n|-boost|p2a: Skeledirge|spa|1\n|move|p1a: Zamazenta|Close Combat|p2a: Skeledirge\n|-immune|p2a: Skeledirge\n|\n|upkeep\n|turn|22\n|\n|t:|1700082357\n|switch|p1a: Cinderace|Cinderace, F|25\/100\n|-activate|p1a: Cinderace|move: Sticky Web\n|-unboost|p1a: Cinderace|spe|1\n|-damage|p1a: Cinderace|0 fnt|[from] Stealth Rock\n|faint|p1a: Cinderace\n|move|p2a: Skeledirge|Torch Song|p1: Cinderace|[notarget]\n|-fail|p2a: Skeledirge\n|\n|upkeep\n|\n|t:|1700082367\n|switch|p1a: Zapdos|Zapdos|44\/100 psn\n|turn|23\n|\n|t:|1700082374\n|move|p1a: Zapdos|Hurricane|p2a: Skeledirge\n|-damage|p2a: Skeledirge|65\/100\n|move|p2a: Skeledirge|Torch Song|p1a: Zapdos\n|-damage|p1a: Zapdos|6\/100 psn\n|-boost|p2a: Skeledirge|spa|1\n|\n|-heal|p2a: Skeledirge|71\/100|[from] item: Leftovers\n|-damage|p1a: Zapdos|0 fnt|[from] psn\n|faint|p1a: Zapdos\n|upkeep\n|\n|t:|1700082387\n|switch|p1a: Toxtricity|Toxtricity, M|100\/100\n|-activate|p1a: Toxtricity|move: Sticky Web\n|-unboost|p1a: Toxtricity|spe|1\n|-damage|p1a: Toxtricity|88\/100|[from] Stealth Rock\n|turn|24\n|\n|t:|1700082399\n|move|p2a: Skeledirge|Torch Song|p1a: Toxtricity\n|-damage|p1a: Toxtricity|47\/100\n|-boost|p2a: Skeledirge|spa|1\n|move|p1a: Toxtricity|Boomburst|p2a: Skeledirge\n|-immune|p2a: Skeledirge\n|\n|-heal|p2a: Skeledirge|77\/100|[from] item: Leftovers\n|-heal|p1a: Toxtricity|53\/100|[from] item: Black Sludge\n|upkeep\n|turn|25\n|\n|t:|1700082410\n|move|p1a: Toxtricity|Protect|p1a: Toxtricity\n|-singleturn|p1a: Toxtricity|Protect\n|move|p2a: Skeledirge|Torch Song|p1a: Toxtricity\n|-activate|p1a: Toxtricity|move: Protect\n|\n|-heal|p2a: Skeledirge|83\/100|[from] item: Leftovers\n|-heal|p1a: Toxtricity|59\/100|[from] item: Black Sludge\n|upkeep\n|turn|26\n|\n|t:|1700082426\n|move|p2a: Skeledirge|Torch Song|p1a: Toxtricity\n|-damage|p1a: Toxtricity|12\/100\n|-boost|p2a: Skeledirge|spa|1\n|move|p1a: Toxtricity|Sludge Bomb|p2a: Skeledirge\n|-resisted|p2a: Skeledirge\n|-damage|p2a: Skeledirge|66\/100\n|\n|-heal|p2a: Skeledirge|72\/100|[from] item: Leftovers\n|-heal|p1a: Toxtricity|18\/100|[from] item: Black Sludge\n|upkeep\n|turn|27\n|\n|t:|1700082437\n|move|p1a: Toxtricity|Protect|p1a: Toxtricity\n|-singleturn|p1a: Toxtricity|Protect\n|move|p2a: Skeledirge|Torch Song|p1a: Toxtricity\n|-activate|p1a: Toxtricity|move: Protect\n|\n|-heal|p2a: Skeledirge|78\/100|[from] item: Leftovers\n|-heal|p1a: Toxtricity|24\/100|[from] item: Black Sludge\n|upkeep\n|turn|28\n|\n|t:|1700082448\n|move|p2a: Skeledirge|Torch Song|p1a: Toxtricity\n|-damage|p1a: Toxtricity|0 fnt\n|-boost|p2a: Skeledirge|spa|1\n|faint|p1a: Toxtricity\n|\n|-heal|p2a: Skeledirge|84\/100|[from] item: Leftovers\n|upkeep\n|\n|t:|1700082457\n|switch|p1a: Sandy Shocks|Sandy Shocks|74\/100 psn\n|-activate|p1a: Sandy Shocks|move: Sticky Web\n|-unboost|p1a: Sandy Shocks|spe|1\n|-damage|p1a: Sandy Shocks|67\/100 psn|[from] Stealth Rock\n|turn|29\n|\n|t:|1700082463\n|move|p1a: Sandy Shocks|Earthquake|p2a: Skeledirge\n|-supereffective|p2a: Skeledirge\n|-damage|p2a: Skeledirge|35\/100\n|move|p2a: Skeledirge|Torch Song|p1a: Sandy Shocks\n|-damage|p1a: Sandy Shocks|0 fnt\n|-boost|p2a: Skeledirge|spa|1\n|faint|p1a: Sandy Shocks\n|-end|p1a: Sandy Shocks|Protosynthesis|[silent]\n|\n|-heal|p2a: Skeledirge|41\/100|[from] item: Leftovers\n|upkeep\n|\n|t:|1700082474\n|switch|p1a: Zamazenta|Zamazenta|62\/100 par\n|-activate|p1a: Zamazenta|move: Sticky Web\n|-unboost|p1a: Zamazenta|spe|1\n|-damage|p1a: Zamazenta|56\/100 par|[from] Stealth Rock\n|turn|30\n|\n|t:|1700082482\n|move|p2a: Skeledirge|Torch Song|p1a: Zamazenta\n|-damage|p1a: Zamazenta|0 fnt\n|faint|p1a: Zamazenta\n|\n|win|Bloom-and-Fruit\n|raw|bonappletea's rating: 1000 &rarr; <strong>1000<\/strong><br \/>(+0 for losing)\n|raw|Bloom-and-Fruit's rating: 1040 &rarr; <strong>1070<\/strong><br \/>(+30 for winning)\n|l|\u2606bonappletea\n","uploadtime":1700082496,"views":7,"p1id":"bonappletea","p2id":"bloomandfruit","formatid":"gen9ou","rating":1000,"private":0,"password":""}