{"id":"gen9ou-1997216621","p1":"PNTS_","p2":"Erick1607","format":"[Gen 9] OU","log":"|j|\u2606PNTS_\n|j|\u2606Erick1607\n|t:|1700776613\n|gametype|singles\n|player|p1|PNTS_|1|1322\n|player|p2|Erick1607|red|1317\n|teamsize|p1|6\n|teamsize|p2|6\n|gen|9\n|tier|[Gen 9] OU\n|rated|\n|rule|Sleep Clause Mod: Limit one foe put to sleep\n|rule|Species Clause: Limit one of each Pok\u00e9mon\n|rule|OHKO Clause: OHKO moves are banned\n|rule|Evasion Items Clause: Evasion items are banned\n|rule|Evasion Moves Clause: Evasion moves are banned\n|rule|Endless Battle Clause: Forcing endless battles is banned\n|rule|HP Percentage Mod: HP is shown in percentages\n|clearpoke\n|poke|p1|Iron Jugulis|\n|poke|p1|Ogerpon-Wellspring, F|\n|poke|p1|Tinkaton, F|\n|poke|p1|Iron Moth|\n|poke|p1|Great Tusk|\n|poke|p1|Dragapult, F|\n|poke|p2|Enamorus-Therian, F|\n|poke|p2|Crawdaunt, F|\n|poke|p2|Dragapult, F|\n|poke|p2|Iron Moth|\n|poke|p2|Quaquaval, M|\n|poke|p2|Vikavolt, M|\n|teampreview\n|inactive|Battle timer is ON: inactive players will automatically lose when time's up. (requested by Erick1607)\n|\n|t:|1700776640\n|start\n|switch|p1a: TWINKATON|Tinkaton, F|100\/100\n|switch|p2a: Vikavolt|Vikavolt, M|100\/100\n|-item|p1a: TWINKATON|Air Balloon\n|turn|1\n|\n|t:|1700776658\n|move|p1a: TWINKATON|Stealth Rock|p2a: Vikavolt\n|-sidestart|p2: Erick1607|move: Stealth Rock\n|move|p2a: Vikavolt|Thunder Wave|p1a: TWINKATON\n|-status|p1a: TWINKATON|par\n|\n|upkeep\n|turn|2\n|\n|t:|1700776667\n|move|p2a: Vikavolt|Discharge|p1a: TWINKATON\n|-crit|p1a: TWINKATON\n|-damage|p1a: TWINKATON|42\/100 par\n|-enditem|p1a: TWINKATON|Air Balloon\n|move|p1a: TWINKATON|Encore|p2a: Vikavolt\n|-start|p2a: Vikavolt|Encore\n|\n|upkeep\n|turn|3\n|\n|t:|1700776675\n|switch|p1a: Great Tusk|Great Tusk|100\/100\n|-enditem|p1a: Great Tusk|Booster Energy\n|-activate|p1a: Great Tusk|ability: Protosynthesis|[fromitem]\n|-start|p1a: Great Tusk|protosynthesisspe\n|move|p2a: Vikavolt|Discharge|p1a: Great Tusk\n|-immune|p1a: Great Tusk\n|\n|upkeep\n|turn|4\n|\n|t:|1700776693\n|switch|p2a: Enamorus|Enamorus-Therian, F|100\/100\n|-damage|p2a: Enamorus|76\/100|[from] Stealth Rock\n|move|p1a: Great Tusk|Bulk Up|p1a: Great Tusk\n|-boost|p1a: Great Tusk|atk|1\n|-boost|p1a: Great Tusk|def|1\n|\n|upkeep\n|turn|5\n|\n|t:|1700776701\n|-terastallize|p1a: Great Tusk|Poison\n|move|p1a: Great Tusk|Bulk Up|p1a: Great Tusk\n|-boost|p1a: Great Tusk|atk|1\n|-boost|p1a: Great Tusk|def|1\n|move|p2a: Enamorus|Draining Kiss|p1a: Great Tusk\n|-resisted|p1a: Great Tusk\n|-damage|p1a: Great Tusk|84\/100\n|-heal|p2a: Enamorus|94\/100|[from] drain|[of] p1a: Great Tusk\n|\n|upkeep\n|turn|6\n|\n|t:|1700776712\n|-terastallize|p2a: Enamorus|Fairy\n|move|p1a: Great Tusk|Ice Spinner|p2a: Enamorus\n|-damage|p2a: Enamorus|43\/100\n|move|p2a: Enamorus|Earth Power|p1a: Great Tusk\n|-supereffective|p1a: Great Tusk\n|-damage|p1a: Great Tusk|4\/100\n|\n|upkeep\n|turn|7\n|\n|t:|1700776720\n|move|p1a: Great Tusk|Headlong Rush|p2a: Enamorus\n|-damage|p2a: Enamorus|0 fnt\n|-unboost|p1a: Great Tusk|def|1\n|-unboost|p1a: Great Tusk|spd|1\n|faint|p2a: Enamorus\n|\n|upkeep\n|\n|t:|1700776727\n|switch|p2a: Dragapult|Dragapult, F|100\/100\n|-damage|p2a: Dragapult|88\/100|[from] Stealth Rock\n|turn|8\n|\n|t:|1700776730\n|move|p2a: Dragapult|Sucker Punch|p1a: Great Tusk\n|-damage|p1a: Great Tusk|0 fnt\n|faint|p1a: Great Tusk\n|-end|p1a: Great Tusk|Protosynthesis|[silent]\n|\n|upkeep\n|\n|t:|1700776736\n|switch|p1a: TWINKATON|Tinkaton, F|42\/100 par\n|turn|9\n|\n|t:|1700776763\n|switch|p2a: Vikavolt|Vikavolt, M|100\/100\n|-damage|p2a: Vikavolt|76\/100|[from] Stealth Rock\n|move|p1a: TWINKATON|Thunder Wave|p2a: Vikavolt\n|-immune|p2a: Vikavolt\n|\n|upkeep\n|turn|10\n|\n|t:|1700776781\n|move|p2a: Vikavolt|Sticky Web|p1a: TWINKATON\n|-sidestart|p1: PNTS_|move: Sticky Web\n|move|p1a: TWINKATON|Play Rough|p2a: Vikavolt\n|-damage|p2a: Vikavolt|43\/100\n|\n|upkeep\n|turn|11\n|inactive|Erick1607 has 120 seconds left.\n|\n|t:|1700776823\n|move|p2a: Vikavolt|Discharge|p1a: TWINKATON\n|-damage|p1a: TWINKATON|0 fnt\n|faint|p1a: TWINKATON\n|\n|upkeep\n|inactive|PNTS_ has 120 seconds left.\n|\n|t:|1700776848\n|switch|p1a: Iron Jugulis|Iron Jugulis|100\/100\n|-enditem|p1a: Iron Jugulis|Booster Energy\n|-activate|p1a: Iron Jugulis|ability: Quark Drive|[fromitem]\n|-start|p1a: Iron Jugulis|quarkdrivespe\n|turn|12\n|\n|t:|1700776859\n|move|p1a: Iron Jugulis|Dark Pulse|p2a: Vikavolt\n|-damage|p2a: Vikavolt|0 fnt\n|faint|p2a: Vikavolt\n|\n|upkeep\n|\n|t:|1700776880\n|switch|p2a: Quaquaval|Quaquaval, M|100\/100\n|-damage|p2a: Quaquaval|94\/100|[from] Stealth Rock\n|turn|13\n|inactive|PNTS_ has 120 seconds left.\n|\n|t:|1700776906\n|move|p1a: Iron Jugulis|Hurricane|p2a: Quaquaval|[miss]\n|-miss|p1a: Iron Jugulis|p2a: Quaquaval\n|move|p2a: Quaquaval|Ice Spinner|p1a: Iron Jugulis\n|-supereffective|p1a: Iron Jugulis\n|-damage|p1a: Iron Jugulis|38\/100\n|\n|upkeep\n|turn|14\n|\n|t:|1700776915\n|move|p1a: Iron Jugulis|Hurricane|p2a: Quaquaval\n|-supereffective|p2a: Quaquaval\n|-damage|p2a: Quaquaval|0 fnt\n|faint|p2a: Quaquaval\n|\n|upkeep\n|\n|t:|1700776928\n|switch|p2a: Iron Moth|Iron Moth|100\/100\n|-damage|p2a: Iron Moth|76\/100|[from] Stealth Rock\n|-enditem|p2a: Iron Moth|Booster Energy\n|-activate|p2a: Iron Moth|ability: Quark Drive|[fromitem]\n|-start|p2a: Iron Moth|quarkdrivespa\n|turn|15\n|inactive|PNTS_ has 120 seconds left.\n|\n|t:|1700776935\n|move|p1a: Iron Jugulis|Earth Power|p2a: Iron Moth\n|-supereffective|p2a: Iron Moth\n|-damage|p2a: Iron Moth|0 fnt\n|faint|p2a: Iron Moth\n|-end|p2a: Iron Moth|Quark Drive|[silent]\n|\n|upkeep\n|\n|t:|1700776937\n|switch|p2a: Dragapult|Dragapult, F|88\/100\n|-damage|p2a: Dragapult|76\/100|[from] Stealth Rock\n|turn|16\n|inactive|Erick1607 has 120 seconds left.\n|\n|t:|1700776944\n|move|p1a: Iron Jugulis|Dark Pulse|p2a: Dragapult\n|-supereffective|p2a: Dragapult\n|-damage|p2a: Dragapult|0 fnt\n|faint|p2a: Dragapult\n|\n|upkeep\n|\n|t:|1700776946\n|switch|p2a: Crawdaunt|Crawdaunt, F|100\/100\n|-damage|p2a: Crawdaunt|88\/100|[from] Stealth Rock\n|turn|17\n|\n|t:|1700776952\n|move|p2a: Crawdaunt|Aqua Jet|p1a: Iron Jugulis\n|-damage|p1a: Iron Jugulis|3\/100\n|move|p1a: Iron Jugulis|Hurricane|p2a: Crawdaunt\n|-damage|p2a: Crawdaunt|0 fnt\n|faint|p2a: Crawdaunt\n|\n|win|PNTS_\n|raw|PNTS_'s rating: 1322 &rarr; <strong>1342<\/strong><br \/>(+20 for winning)\n|raw|Erick1607's rating: 1317 &rarr; <strong>1297<\/strong><br \/>(-20 for losing)\n|l|\u2606Erick1607\n","uploadtime":1700776962,"views":6,"p1id":"pnts","p2id":"erick1607","formatid":"gen9ou","rating":1297,"private":0,"password":""}