{"id":"gen9ou-1997511273","p1":"iamhaxnoob","p2":"AntiDinkus","format":"[Gen 9] OU","log":"|j|\u2606iamhaxnoob\n|j|\u2606AntiDinkus\n|t:|1700817896\n|gametype|singles\n|player|p1|iamhaxnoob|266|1381\n|player|p2|AntiDinkus|plasmagrunt|1334\n|teamsize|p1|6\n|teamsize|p2|6\n|gen|9\n|tier|[Gen 9] OU\n|rated|\n|rule|Sleep Clause Mod: Limit one foe put to sleep\n|rule|Species Clause: Limit one of each Pok\u00e9mon\n|rule|OHKO Clause: OHKO moves are banned\n|rule|Evasion Items Clause: Evasion items are banned\n|rule|Evasion Moves Clause: Evasion moves are banned\n|rule|Endless Battle Clause: Forcing endless battles is banned\n|rule|HP Percentage Mod: HP is shown in percentages\n|clearpoke\n|poke|p1|Fezandipiti, M|\n|poke|p1|Iron Valiant|\n|poke|p1|Dragapult, M|\n|poke|p1|Rotom-Wash|\n|poke|p1|Ogerpon-Wellspring, F|\n|poke|p1|Great Tusk|\n|poke|p2|Sandy Shocks|\n|poke|p2|Weavile, F|\n|poke|p2|Alomomola, M|\n|poke|p2|Slowking-Galar, M|\n|poke|p2|Rillaboom, F|\n|poke|p2|Dondozo, F|\n|teampreview\n|\n|t:|1700817915\n|start\n|switch|p1a: Great Tusk|Great Tusk|100\/100\n|switch|p2a: Slowking|Slowking-Galar, M|100\/100\n|turn|1\n|\n|t:|1700817921\n|switch|p2a: Rillaboom|Rillaboom, F|100\/100\n|-fieldstart|move: Grassy Terrain|[from] ability: Grassy Surge|[of] p2a: Rillaboom\n|move|p1a: Great Tusk|Stealth Rock|p2a: Rillaboom\n|-sidestart|p2: AntiDinkus|move: Stealth Rock\n|\n|upkeep\n|turn|2\n|inactive|Battle timer is ON: inactive players will automatically lose when time's up. (requested by iamhaxnoob)\n|\n|t:|1700817931\n|-end|p1a: Great Tusk|Protosynthesis|[silent]\n|switch|p1a: Fezandipiti|Fezandipiti, M|100\/100\n|move|p2a: Rillaboom|U-turn|p1a: Fezandipiti\n|-resisted|p1a: Fezandipiti\n|-damage|p1a: Fezandipiti|92\/100\n|\n|t:|1700817940\n|switch|p2a: Slowking|Slowking-Galar, M|100\/100|[from] U-turn\n|\n|-heal|p1a: Fezandipiti|98\/100|[from] Grassy Terrain\n|upkeep\n|turn|3\n|\n|t:|1700817943\n|move|p1a: Fezandipiti|U-turn|p2a: Slowking\n|-damage|p2a: Slowking|84\/100\n|\n|t:|1700817946\n|switch|p1a: Great Tusk|Great Tusk|100\/100|[from] U-turn\n|move|p2a: Slowking|Future Sight|p1a: Great Tusk\n|-start|p2a: Slowking|move: Future Sight\n|\n|-heal|p2a: Slowking|90\/100|[from] Grassy Terrain\n|upkeep\n|turn|4\n|\n|t:|1700817951\n|switch|p2a: Dondozo|Dondozo, F|100\/100\n|-damage|p2a: Dondozo|88\/100|[from] Stealth Rock\n|move|p1a: Great Tusk|Ice Spinner|p2a: Dondozo\n|-resisted|p2a: Dondozo\n|-damage|p2a: Dondozo|82\/100\n|-fieldend|move: Grassy Terrain\n|\n|-heal|p2a: Dondozo|89\/100|[from] item: Leftovers\n|upkeep\n|turn|5\n|\n|t:|1700817960\n|-end|p1a: Great Tusk|Protosynthesis|[silent]\n|switch|p1a: Rotom|Rotom-Wash|100\/100\n|move|p2a: Dondozo|Liquidation|p1a: Rotom\n|-resisted|p1a: Rotom\n|-damage|p1a: Rotom|89\/100\n|\n|-end|p1a: Rotom|move: Future Sight\n|-damage|p1a: Rotom|41\/100\n|-heal|p1a: Rotom|47\/100|[from] item: Leftovers\n|-heal|p2a: Dondozo|95\/100|[from] item: Leftovers\n|upkeep\n|turn|6\n|\n|t:|1700817974\n|switch|p2a: Slowking|Slowking-Galar, M|100\/100\n|move|p1a: Rotom|Will-O-Wisp|p2a: Slowking\n|-status|p2a: Slowking|brn\n|\n|-heal|p1a: Rotom|53\/100|[from] item: Leftovers\n|-damage|p2a: Slowking|94\/100 brn|[from] brn\n|upkeep\n|turn|7\n|\n|t:|1700817978\n|move|p1a: Rotom|Volt Switch|p2a: Slowking\n|-damage|p2a: Slowking|78\/100 brn\n|\n|t:|1700817987\n|switch|p1a: Dragapult|Dragapult, M|100\/100|[from] Volt Switch\n|move|p2a: Slowking|Future Sight|p1a: Dragapult\n|-start|p2a: Slowking|move: Future Sight\n|\n|-damage|p2a: Slowking|72\/100 brn|[from] brn\n|upkeep\n|turn|8\n|\n|t:|1700818000\n|move|p1a: Dragapult|Draco Meteor|p2a: Slowking\n|-damage|p2a: Slowking|39\/100 brn\n|-unboost|p1a: Dragapult|spa|2\n|move|p2a: Slowking|Chilly Reception|p2a: Slowking\n|-weather|Snow\n|\n|t:|1700818006\n|switch|p2a: Weavile|Weavile, F|100\/100|[from] Chilly Reception\n|-ability|p2a: Weavile|Pressure\n|\n|-weather|Snow|[upkeep]\n|upkeep\n|turn|9\n|\n|t:|1700818019\n|move|p1a: Dragapult|U-turn|p2a: Weavile\n|-supereffective|p2a: Weavile\n|-damage|p2a: Weavile|61\/100\n|\n|t:|1700818029\n|switch|p1a: Rotom|Rotom-Wash|53\/100|[from] U-turn\n|move|p2a: Weavile|Icicle Crash|p1a: Rotom\n|-resisted|p1a: Rotom\n|-damage|p1a: Rotom|38\/100\n|\n|-weather|Snow|[upkeep]\n|-end|p1a: Rotom|move: Future Sight\n|-damage|p1a: Rotom|0 fnt\n|faint|p1a: Rotom\n|upkeep\n|\n|t:|1700818053\n|switch|p1a: Dragapult|Dragapult, M|100\/100\n|turn|10\n|\n|t:|1700818069\n|switch|p2a: Slowking|Slowking-Galar, M|72\/100 brn\n|move|p1a: Dragapult|Draco Meteor|p2a: Slowking\n|-damage|p2a: Slowking|37\/100 brn\n|-unboost|p1a: Dragapult|spa|2\n|\n|-weather|Snow|[upkeep]\n|-damage|p2a: Slowking|30\/100 brn|[from] brn\n|upkeep\n|turn|11\n|\n|t:|1700818081\n|move|p1a: Dragapult|Hex|p2a: Slowking\n|-supereffective|p2a: Slowking\n|-damage|p2a: Slowking|0 fnt\n|faint|p2a: Slowking\n|\n|-weather|Snow|[upkeep]\n|upkeep\n|\n|t:|1700818094\n|switch|p2a: Sandy Shocks|Sandy Shocks|100\/100\n|-damage|p2a: Sandy Shocks|94\/100|[from] Stealth Rock\n|-enditem|p2a: Sandy Shocks|Booster Energy\n|-activate|p2a: Sandy Shocks|ability: Protosynthesis|[fromitem]\n|-start|p2a: Sandy Shocks|protosynthesisspe\n|turn|12\n|\n|t:|1700818100\n|switch|p1a: Fezandipiti|Fezandipiti, M|98\/100\n|move|p2a: Sandy Shocks|Thunderbolt|p1a: Fezandipiti\n|-damage|p1a: Fezandipiti|70\/100\n|\n|-weather|none\n|upkeep\n|turn|13\n|\n|t:|1700818108\n|move|p2a: Sandy Shocks|Earth Power|p1a: Fezandipiti\n|-supereffective|p1a: Fezandipiti\n|-damage|p1a: Fezandipiti|6\/100\n|move|p1a: Fezandipiti|Beat Up|p2a: Sandy Shocks\n|-damage|p2a: Sandy Shocks|91\/100\n|-damage|p2a: Sandy Shocks|86\/100\n|-damage|p2a: Sandy Shocks|82\/100\n|-damage|p2a: Sandy Shocks|78\/100\n|-status|p2a: Sandy Shocks|tox|[from] ability: Toxic Chain|[of] p1a: Fezandipiti\n|-damage|p2a: Sandy Shocks|74\/100 tox\n|-hitcount|p2a: Sandy Shocks|5\n|\n|-damage|p2a: Sandy Shocks|68\/100 tox|[from] psn\n|upkeep\n|turn|14\n|\n|t:|1700818120\n|switch|p1a: Great Tusk|Great Tusk|100\/100\n|move|p2a: Sandy Shocks|Thunderbolt|p1a: Great Tusk\n|-immune|p1a: Great Tusk\n|\n|-damage|p2a: Sandy Shocks|55\/100 tox|[from] psn\n|upkeep\n|turn|15\n|\n|t:|1700818142\n|-terastallize|p1a: Great Tusk|Dark\n|move|p2a: Sandy Shocks|Earth Power|p1a: Great Tusk\n|-damage|p1a: Great Tusk|45\/100\n|move|p1a: Great Tusk|Ice Spinner|p2a: Sandy Shocks\n|-supereffective|p2a: Sandy Shocks\n|-damage|p2a: Sandy Shocks|3\/100 tox\n|\n|-damage|p2a: Sandy Shocks|0 fnt|[from] psn\n|faint|p2a: Sandy Shocks\n|-end|p2a: Sandy Shocks|Protosynthesis|[silent]\n|upkeep\n|\n|t:|1700818157\n|switch|p2a: Rillaboom|Rillaboom, F|100\/100\n|-damage|p2a: Rillaboom|88\/100|[from] Stealth Rock\n|-fieldstart|move: Grassy Terrain|[from] ability: Grassy Surge|[of] p2a: Rillaboom\n|turn|16\n|\n|t:|1700818169\n|move|p2a: Rillaboom|U-turn|p1a: Great Tusk\n|-supereffective|p1a: Great Tusk\n|-damage|p1a: Great Tusk|14\/100\n|-damage|p2a: Rillaboom|72\/100|[from] item: Rocky Helmet|[of] p1a: Great Tusk\n|\n|t:|1700818172\n|switch|p2a: Dondozo|Dondozo, F|95\/100|[from] U-turn\n|-damage|p2a: Dondozo|82\/100|[from] Stealth Rock\n|move|p1a: Great Tusk|Ice Spinner|p2a: Dondozo\n|-resisted|p2a: Dondozo\n|-damage|p2a: Dondozo|77\/100\n|-fieldend|move: Grassy Terrain\n|\n|-heal|p2a: Dondozo|83\/100|[from] item: Leftovers\n|upkeep\n|turn|17\n|\n|t:|1700818180\n|-end|p1a: Great Tusk|Protosynthesis|[silent]\n|switch|p1a: Fezandipiti|Fezandipiti, M|6\/100\n|move|p2a: Dondozo|Liquidation|p1a: Fezandipiti\n|-damage|p1a: Fezandipiti|0 fnt\n|faint|p1a: Fezandipiti\n|\n|-heal|p2a: Dondozo|89\/100|[from] item: Leftovers\n|upkeep\n|\n|t:|1700818191\n|switch|p1a: Dragapult|Dragapult, M|100\/100\n|turn|18\n|\n|t:|1700818212\n|switch|p2a: Alomomola|Alomomola, M|100\/100\n|move|p1a: Dragapult|Thunderbolt|p2a: Alomomola\n|-supereffective|p2a: Alomomola\n|-damage|p2a: Alomomola|35\/100\n|\n|upkeep\n|turn|19\n|\n|t:|1700818227\n|move|p1a: Dragapult|Thunderbolt|p2a: Alomomola\n|-supereffective|p2a: Alomomola\n|-damage|p2a: Alomomola|0 fnt\n|faint|p2a: Alomomola\n|\n|upkeep\n|\n|t:|1700818233\n|switch|p2a: Weavile|Weavile, F|61\/100\n|-ability|p2a: Weavile|Pressure\n|turn|20\n|c|\u2606AntiDinkus|Gg\n|\n|t:|1700818239\n|switch|p1a: Great Tusk|Great Tusk, tera:Dark|14\/100\n|move|p2a: Weavile|Knock Off|p1a: Great Tusk\n|-resisted|p1a: Great Tusk\n|-damage|p1a: Great Tusk|2\/100\n|-damage|p2a: Weavile|45\/100|[from] item: Rocky Helmet|[of] p1a: Great Tusk\n|-enditem|p1a: Great Tusk|Rocky Helmet|[from] move: Knock Off|[of] p2a: Weavile\n|\n|upkeep\n|turn|21\n|c|\u2606AntiDinkus|Nvm I guess\n|\n|t:|1700818253\n|move|p2a: Weavile|Icicle Crash|p1a: Great Tusk\n|-damage|p1a: Great Tusk|0 fnt\n|faint|p1a: Great Tusk\n|-end|p1a: Great Tusk|Protosynthesis|[silent]\n|\n|upkeep\n|\n|t:|1700818260\n|switch|p1a: Dragapult|Dragapult, M|100\/100\n|turn|22\n|\n|t:|1700818264\n|move|p1a: Dragapult|U-turn|p2a: Weavile\n|-supereffective|p2a: Weavile\n|-damage|p2a: Weavile|0 fnt\n|faint|p2a: Weavile\n|\n|t:|1700818278\n|switch|p1a: Ogerpon|Ogerpon-Wellspring, F|100\/100|[from] U-turn\n|\n|upkeep\n|\n|t:|1700818283\n|switch|p2a: Rillaboom|Rillaboom, F|72\/100\n|-damage|p2a: Rillaboom|59\/100|[from] Stealth Rock\n|-fieldstart|move: Grassy Terrain|[from] ability: Grassy Surge|[of] p2a: Rillaboom\n|turn|23\n|\n|t:|1700818288\n|-terastallize|p2a: Rillaboom|Grass\n|move|p2a: Rillaboom|Grassy Glide|p1a: Ogerpon\n|-damage|p1a: Ogerpon|9\/100\n|move|p1a: Ogerpon|Zen Headbutt|p2a: Rillaboom\n|-damage|p2a: Rillaboom|25\/100\n|\n|-heal|p1a: Ogerpon|15\/100|[from] Grassy Terrain\n|-heal|p2a: Rillaboom|31\/100|[from] Grassy Terrain\n|upkeep\n|turn|24\n|\n|t:|1700818296\n|move|p2a: Rillaboom|Grassy Glide|p1a: Ogerpon\n|-damage|p1a: Ogerpon|0 fnt\n|faint|p1a: Ogerpon\n|\n|-heal|p2a: Rillaboom|37\/100|[from] Grassy Terrain\n|upkeep\n|\n|t:|1700818299\n|switch|p1a: Dragapult|Dragapult, M|100\/100\n|turn|25\n|\n|t:|1700818313\n|move|p2a: Rillaboom|Grassy Glide|p1a: Dragapult\n|-resisted|p1a: Dragapult\n|-damage|p1a: Dragapult|49\/100\n|move|p1a: Dragapult|Draco Meteor|p2a: Rillaboom\n|-damage|p2a: Rillaboom|0 fnt\n|-unboost|p1a: Dragapult|spa|2\n|faint|p2a: Rillaboom\n|\n|-heal|p1a: Dragapult|55\/100|[from] Grassy Terrain\n|upkeep\n|\n|t:|1700818323\n|switch|p2a: Dondozo|Dondozo, F|89\/100\n|-damage|p2a: Dondozo|77\/100|[from] Stealth Rock\n|turn|26\n|\n|t:|1700818326\n|move|p1a: Dragapult|U-turn|p2a: Dondozo\n|-damage|p2a: Dondozo|69\/100\n|\n|t:|1700818328\n|switch|p1a: Iron Valiant|Iron Valiant|100\/100|[from] U-turn\n|-enditem|p1a: Iron Valiant|Booster Energy\n|-activate|p1a: Iron Valiant|ability: Quark Drive|[fromitem]\n|-start|p1a: Iron Valiant|quarkdrivespe\n|move|p2a: Dondozo|Liquidation|p1a: Iron Valiant\n|-damage|p1a: Iron Valiant|62\/100\n|-unboost|p1a: Iron Valiant|def|1\n|\n|-heal|p1a: Iron Valiant|68\/100|[from] Grassy Terrain\n|-heal|p2a: Dondozo|75\/100|[from] Grassy Terrain\n|-heal|p2a: Dondozo|81\/100|[from] item: Leftovers\n|upkeep\n|turn|27\n|\n|t:|1700818336\n|move|p1a: Iron Valiant|Moonblast|p2a: Dondozo\n|-damage|p2a: Dondozo|36\/100\n|-unboost|p2a: Dondozo|spa|1\n|move|p2a: Dondozo|Curse|p2a: Dondozo\n|-unboost|p2a: Dondozo|spe|1\n|-boost|p2a: Dondozo|atk|1\n|-boost|p2a: Dondozo|def|1\n|\n|-heal|p1a: Iron Valiant|74\/100|[from] Grassy Terrain\n|-heal|p2a: Dondozo|42\/100|[from] Grassy Terrain\n|-heal|p2a: Dondozo|48\/100|[from] item: Leftovers\n|-fieldend|move: Grassy Terrain\n|upkeep\n|turn|28\n|\n|t:|1700818342\n|move|p1a: Iron Valiant|Moonblast|p2a: Dondozo\n|-damage|p2a: Dondozo|1\/100\n|-unboost|p2a: Dondozo|spa|1\n|move|p2a: Dondozo|Liquidation|p1a: Iron Valiant\n|-damage|p1a: Iron Valiant|19\/100\n|-unboost|p1a: Iron Valiant|def|1\n|\n|-heal|p2a: Dondozo|7\/100|[from] item: Leftovers\n|upkeep\n|turn|29\n|\n|t:|1700818348\n|move|p1a: Iron Valiant|Moonblast|p2a: Dondozo\n|-damage|p2a: Dondozo|0 fnt\n|faint|p2a: Dondozo\n|\n|win|iamhaxnoob\n|raw|iamhaxnoob's rating: 1381 &rarr; <strong>1398<\/strong><br \/>(+17 for winning)\n|raw|AntiDinkus's rating: 1334 &rarr; <strong>1317<\/strong><br \/>(-17 for losing)\n","uploadtime":1700818353,"views":5,"p1id":"iamhaxnoob","p2id":"antidinkus","formatid":"gen9ou","rating":1317,"private":0,"password":""}