{"id":"gen9ou-1991406787","p1":"Smokey Smog","p2":"RendingScizor","format":"[Gen 9] OU","log":"|j|\u2606Smokey Smog\n|j|\u2606RendingScizor\n|t:|1700074471\n|gametype|singles\n|player|p1|Smokey Smog|linebacker|1453\n|player|p2|RendingScizor|kieran-festival|1369\n|teamsize|p1|6\n|teamsize|p2|6\n|gen|9\n|tier|[Gen 9] OU\n|rated|\n|rule|Sleep Clause Mod: Limit one foe put to sleep\n|rule|Species Clause: Limit one of each Pok\u00e9mon\n|rule|OHKO Clause: OHKO moves are banned\n|rule|Evasion Items Clause: Evasion items are banned\n|rule|Evasion Moves Clause: Evasion moves are banned\n|rule|Endless Battle Clause: Forcing endless battles is banned\n|rule|HP Percentage Mod: HP is shown in percentages\n|clearpoke\n|poke|p1|Garganacl, M|\n|poke|p1|Skeledirge, M|\n|poke|p1|Kingambit, M|\n|poke|p1|Grimmsnarl, M|\n|poke|p1|Glimmora, F|\n|poke|p1|Tornadus-Therian, M|\n|poke|p2|Ogerpon-Wellspring, F|\n|poke|p2|Kingambit, M|\n|poke|p2|Gholdengo|\n|poke|p2|Iron Moth|\n|poke|p2|Glimmora, M|\n|poke|p2|Samurott-Hisui, F|\n|teampreview\n|\n|t:|1700074477\n|start\n|switch|p1a: Ford F-150|Grimmsnarl, M|100\/100\n|switch|p2a: CoryxKenshin|Samurott-Hisui, F|100\/100\n|turn|1\n|inactive|Battle timer is ON: inactive players will automatically lose when time's up. (requested by Smokey Smog)\n|\n|t:|1700074493\n|move|p2a: CoryxKenshin|Encore||[still]\n|-fail|p2a: CoryxKenshin\n|move|p1a: Ford F-150|Spirit Break|p2a: CoryxKenshin\n|-supereffective|p2a: CoryxKenshin\n|-enditem|p2a: CoryxKenshin|Focus Sash\n|-damage|p2a: CoryxKenshin|1\/100\n|-unboost|p2a: CoryxKenshin|spa|1\n|\n|upkeep\n|turn|2\n|\n|t:|1700074500\n|move|p2a: CoryxKenshin|Ceaseless Edge|p1a: Ford F-150\n|-resisted|p1a: Ford F-150\n|-damage|p1a: Ford F-150|88\/100\n|-sidestart|p1: Smokey Smog|Spikes\n|move|p1a: Ford F-150|Spirit Break|p2a: CoryxKenshin\n|-supereffective|p2a: CoryxKenshin\n|-damage|p2a: CoryxKenshin|0 fnt\n|faint|p2a: CoryxKenshin\n|\n|upkeep\n|\n|t:|1700074509\n|switch|p2a: Gr1mm|Glimmora, M|100\/100\n|turn|3\n|\n|t:|1700074512\n|move|p1a: Ford F-150|Parting Shot|p2a: Gr1mm\n|-unboost|p2a: Gr1mm|atk|1\n|-unboost|p2a: Gr1mm|spa|1\n|\n|t:|1700074519\n|switch|p1a: Nu-uh :3|Skeledirge, M|100\/100|[from] Parting Shot\n|move|p2a: Gr1mm|Dazzling Gleam|p1a: Nu-uh :3\n|-resisted|p1a: Nu-uh :3\n|-damage|p1a: Nu-uh :3|86\/100\n|\n|upkeep\n|turn|4\n|\n|t:|1700074534\n|switch|p2a: v1ru5|Ogerpon-Wellspring, F|100\/100\n|move|p1a: Nu-uh :3|Torch Song|p2a: v1ru5\n|-damage|p2a: v1ru5|66\/100\n|-boost|p1a: Nu-uh :3|spa|1\n|\n|upkeep\n|turn|5\n|\n|t:|1700074544\n|move|p2a: v1ru5|Ivy Cudgel|p1a: Nu-uh :3|[anim] Ivy Cudgel Water\n|-supereffective|p1a: Nu-uh :3\n|-crit|p1a: Nu-uh :3\n|-damage|p1a: Nu-uh :3|0 fnt\n|faint|p1a: Nu-uh :3\n|\n|upkeep\n|\n|t:|1700074551\n|switch|p1a: BIG SALT|Garganacl, M|100\/100\n|-damage|p1a: BIG SALT|88\/100|[from] Spikes\n|turn|6\n|\n|t:|1700074568\n|-terastallize|p1a: BIG SALT|Poison\n|move|p2a: v1ru5|Swords Dance|p2a: v1ru5\n|-boost|p2a: v1ru5|atk|2\n|move|p1a: BIG SALT|Salt Cure|p2a: v1ru5\n|-damage|p2a: v1ru5|48\/100\n|-start|p2a: v1ru5|Salt Cure\n|\n|-heal|p1a: BIG SALT|94\/100|[from] item: Leftovers\n|-damage|p2a: v1ru5|23\/100|[from] Salt Cure\n|upkeep\n|turn|7\n|\n|t:|1700074577\n|move|p1a: BIG SALT|Protect|p1a: BIG SALT\n|-singleturn|p1a: BIG SALT|Protect\n|move|p2a: v1ru5|Ivy Cudgel|p1a: BIG SALT|[anim] Ivy Cudgel Water\n|-activate|p1a: BIG SALT|move: Protect\n|\n|-heal|p1a: BIG SALT|100\/100|[from] item: Leftovers\n|-damage|p2a: v1ru5|0 fnt|[from] Salt Cure\n|faint|p2a: v1ru5\n|upkeep\n|\n|t:|1700074585\n|switch|p2a: Goldilocx|Gholdengo|100\/100\n|-item|p2a: Goldilocx|Air Balloon\n|turn|8\n|\n|t:|1700074588\n|move|p2a: Goldilocx|Psychic|p1a: BIG SALT\n|-supereffective|p1a: BIG SALT\n|-damage|p1a: BIG SALT|47\/100\n|move|p1a: BIG SALT|Salt Cure|p2a: Goldilocx\n|-resisted|p2a: Goldilocx\n|-damage|p2a: Goldilocx|93\/100\n|-start|p2a: Goldilocx|Salt Cure\n|-enditem|p2a: Goldilocx|Air Balloon\n|\n|-heal|p1a: BIG SALT|53\/100|[from] item: Leftovers\n|-damage|p2a: Goldilocx|68\/100|[from] Salt Cure\n|upkeep\n|turn|9\n|\n|t:|1700074599\n|switch|p2a: Mothra|Iron Moth|100\/100\n|-enditem|p2a: Mothra|Booster Energy\n|-activate|p2a: Mothra|ability: Quark Drive|[fromitem]\n|-start|p2a: Mothra|quarkdrivespe\n|move|p1a: BIG SALT|Protect||[still]\n|-fail|p1a: BIG SALT\n|\n|-heal|p1a: BIG SALT|59\/100|[from] item: Leftovers\n|upkeep\n|turn|10\n|\n|t:|1700074607\n|move|p2a: Mothra|Fiery Dance|p1a: BIG SALT\n|-crit|p1a: BIG SALT\n|-damage|p1a: BIG SALT|4\/100\n|-boost|p2a: Mothra|spa|1\n|move|p1a: BIG SALT|Salt Cure|p2a: Mothra\n|-supereffective|p2a: Mothra\n|-damage|p2a: Mothra|62\/100\n|-start|p2a: Mothra|Salt Cure\n|\n|-heal|p1a: BIG SALT|10\/100|[from] item: Leftovers\n|-damage|p2a: Mothra|50\/100|[from] Salt Cure\n|upkeep\n|turn|11\n|\n|t:|1700074617\n|move|p2a: Mothra|Fiery Dance|p1a: BIG SALT\n|-damage|p1a: BIG SALT|0 fnt\n|faint|p1a: BIG SALT\n|\n|-damage|p2a: Mothra|37\/100|[from] Salt Cure\n|upkeep\n|\n|t:|1700074623\n|switch|p1a: Ford F-150|Grimmsnarl, M|88\/100\n|turn|12\n|\n|t:|1700074630\n|move|p1a: Ford F-150|Sucker Punch|p2a: Mothra\n|-damage|p2a: Mothra|0 fnt\n|faint|p2a: Mothra\n|-end|p2a: Mothra|Quark Drive|[silent]\n|\n|upkeep\n|\n|t:|1700074635\n|switch|p2a: Goldilocx|Gholdengo|68\/100\n|turn|13\n|inactive|Smokey Smog has 120 seconds left.\n|\n|t:|1700074669\n|switch|p1a: Commander Cool|Kingambit, M|100\/100\n|-damage|p1a: Commander Cool|88\/100|[from] Spikes\n|-activate|p1a: Commander Cool|ability: Supreme Overlord\n|-start|p1a: Commander Cool|fallen2|[silent]\n|move|p2a: Goldilocx|Nasty Plot|p2a: Goldilocx\n|-boost|p2a: Goldilocx|spa|2\n|\n|upkeep\n|turn|14\n|inactive|Smokey Smog has 120 seconds left.\n|\n|t:|1700074680\n|-terastallize|p2a: Goldilocx|Fairy\n|move|p2a: Goldilocx|Dazzling Gleam|p1a: Commander Cool\n|-damage|p1a: Commander Cool|25\/100\n|move|p1a: Commander Cool|Kowtow Cleave|p2a: Goldilocx\n|-resisted|p2a: Goldilocx\n|-damage|p2a: Goldilocx|32\/100\n|\n|upkeep\n|turn|15\n|inactive|RendingScizor has 120 seconds left.\n|\n|t:|1700074713\n|move|p2a: Goldilocx|Dazzling Gleam|p1a: Commander Cool\n|-damage|p1a: Commander Cool|0 fnt\n|faint|p1a: Commander Cool\n|-end|p1a: Commander Cool|fallen2|[silent]\n|\n|upkeep\n|\n|t:|1700074720\n|switch|p1a: Ford F-150|Grimmsnarl, M|88\/100\n|turn|16\n|\n|t:|1700074727\n|move|p1a: Ford F-150|Sucker Punch|p2a: Goldilocx\n|-resisted|p2a: Goldilocx\n|-damage|p2a: Goldilocx|12\/100\n|move|p2a: Goldilocx|Dazzling Gleam|p1a: Ford F-150\n|-supereffective|p1a: Ford F-150\n|-damage|p1a: Ford F-150|0 fnt\n|faint|p1a: Ford F-150\n|\n|upkeep\n|\n|t:|1700074734\n|switch|p1a: Glimmora|Glimmora, F|100\/100\n|-damage|p1a: Glimmora|88\/100|[from] Spikes\n|turn|17\n|inactive|RendingScizor has 120 seconds left.\n|inactive|RendingScizor has 90 seconds left.\n|\n|t:|1700074796\n|move|p2a: Goldilocx|Psychic|p1a: Glimmora\n|-supereffective|p1a: Glimmora\n|-damage|p1a: Glimmora|1\/100\n|move|p1a: Glimmora|Earth Power|p2a: Goldilocx\n|-damage|p2a: Goldilocx|0 fnt\n|faint|p2a: Goldilocx\n|\n|upkeep\n|\n|t:|1700074804\n|switch|p2a: Gr1mm|Glimmora, M|100\/100\n|turn|18\n|inactive|RendingScizor has 90 seconds left.\n|\n|t:|1700074812\n|move|p2a: Gr1mm|Dazzling Gleam|p1a: Glimmora\n|-resisted|p1a: Glimmora\n|-damage|p1a: Glimmora|0 fnt\n|faint|p1a: Glimmora\n|\n|upkeep\n|-message|Smokey Smog forfeited.\n|\n|win|RendingScizor\n|raw|Smokey Smog's rating: 1453 &rarr; <strong>1428<\/strong><br \/>(-25 for losing)\n|raw|RendingScizor's rating: 1369 &rarr; <strong>1394<\/strong><br \/>(+25 for winning)\n|l|\u2606Smokey Smog\n","uploadtime":1700074826,"views":7,"p1id":"smokeysmog","p2id":"rendingscizor","formatid":"gen9ou","rating":1394,"private":0,"password":""}