{"id":"gen9ou-1992453714","p1":"Dark Specter 4","p2":"RedemptionDeath","format":"[Gen 9] OU","log":"|j|\u2606Dark Specter 4\n|j|\u2606RedemptionDeath\n|t:|1700189470\n|gametype|singles\n|player|p1|Dark Specter 4|170|1000\n|player|p2|RedemptionDeath|2|1006\n|teamsize|p1|6\n|teamsize|p2|6\n|gen|9\n|tier|[Gen 9] OU\n|rated|\n|rule|Sleep Clause Mod: Limit one foe put to sleep\n|rule|Species Clause: Limit one of each Pok\u00e9mon\n|rule|OHKO Clause: OHKO moves are banned\n|rule|Evasion Items Clause: Evasion items are banned\n|rule|Evasion Moves Clause: Evasion moves are banned\n|rule|Endless Battle Clause: Forcing endless battles is banned\n|rule|HP Percentage Mod: HP is shown in percentages\n|clearpoke\n|poke|p1|Gholdengo|\n|poke|p1|Dondozo, M|\n|poke|p1|Clefable, M|\n|poke|p1|Toxapex, F|\n|poke|p1|Great Tusk|\n|poke|p1|Alomomola, F|\n|poke|p2|Clodsire, F|\n|poke|p2|Dondozo, M|\n|poke|p2|Alomomola, M|\n|poke|p2|Talonflame, M|\n|poke|p2|Toxapex, M|\n|poke|p2|Blissey, F|\n|teampreview\n|c|\u2606Dark Specter 4|oh no\n|inactive|Battle timer is ON: inactive players will automatically lose when time's up. (requested by Dark Specter 4)\n|c|\u2606RedemptionDeath|stfu bruh, just play, I knwo you'll win by some dumb shit\n|\n|t:|1700189499\n|start\n|switch|p1a: Great Tusk|Great Tusk|100\/100\n|switch|p2a: Toxapex|Toxapex, M|100\/100\n|turn|1\n|\n|t:|1700189506\n|move|p1a: Great Tusk|Knock Off|p2a: Toxapex\n|-damage|p2a: Toxapex|85\/100\n|-enditem|p2a: Toxapex|Heavy-Duty Boots|[from] move: Knock Off|[of] p1a: Great Tusk\n|move|p2a: Toxapex|Infestation|p1a: Great Tusk\n|-resisted|p1a: Great Tusk\n|-damage|p1a: Great Tusk|99\/100\n|-activate|p1a: Great Tusk|move: Infestation|[of] p2a: Toxapex\n|\n|-heal|p1a: Great Tusk|100\/100|[from] item: Leftovers\n|-damage|p1a: Great Tusk|88\/100|[from] move: Infestation|[partiallytrapped]\n|upkeep\n|turn|2\n|\n|t:|1700189519\n|move|p1a: Great Tusk|Earthquake|p2a: Toxapex\n|-supereffective|p2a: Toxapex\n|-damage|p2a: Toxapex|30\/100\n|move|p2a: Toxapex|Toxic|p1a: Great Tusk\n|-status|p1a: Great Tusk|tox\n|\n|-heal|p1a: Great Tusk|94\/100 tox|[from] item: Leftovers\n|-damage|p1a: Great Tusk|88\/100 tox|[from] psn\n|-damage|p1a: Great Tusk|76\/100 tox|[from] move: Infestation|[partiallytrapped]\n|upkeep\n|turn|3\n|\n|t:|1700189528\n|-terastallize|p2a: Toxapex|Fairy\n|move|p1a: Great Tusk|Earthquake|p2a: Toxapex\n|-damage|p2a: Toxapex|2\/100\n|move|p2a: Toxapex|Recover|p2a: Toxapex\n|-heal|p2a: Toxapex|52\/100\n|\n|-heal|p1a: Great Tusk|82\/100 tox|[from] item: Leftovers\n|-damage|p1a: Great Tusk|69\/100 tox|[from] psn\n|-damage|p1a: Great Tusk|57\/100 tox|[from] move: Infestation|[partiallytrapped]\n|upkeep\n|turn|4\n|c|\u2606RedemptionDeath|the amount of times\n|c|\u2606RedemptionDeath|people like you do this shit\n|\n|t:|1700189541\n|move|p1a: Great Tusk|Stealth Rock|p2a: Toxapex\n|-sidestart|p2: RedemptionDeath|move: Stealth Rock\n|move|p2a: Toxapex|Recover|p2a: Toxapex\n|-heal|p2a: Toxapex|100\/100\n|\n|-heal|p1a: Great Tusk|63\/100 tox|[from] item: Leftovers\n|-damage|p1a: Great Tusk|45\/100 tox|[from] psn\n|-damage|p1a: Great Tusk|32\/100 tox|[from] move: Infestation|[partiallytrapped]\n|upkeep\n|turn|5\n|\n|t:|1700189557\n|move|p1a: Great Tusk|Earthquake|p2a: Toxapex\n|-damage|p2a: Toxapex|75\/100\n|move|p2a: Toxapex|Infestation|p1a: Great Tusk\n|-resisted|p1a: Great Tusk\n|-damage|p1a: Great Tusk|30\/100 tox\n|\n|-heal|p1a: Great Tusk|37\/100 tox|[from] item: Leftovers\n|-damage|p1a: Great Tusk|12\/100 tox|[from] psn\n|-damage|p1a: Great Tusk|0 fnt|[from] move: Infestation|[partiallytrapped]\n|faint|p1a: Great Tusk\n|-end|p1a: Great Tusk|Protosynthesis|[silent]\n|upkeep\n|\n|t:|1700189566\n|switch|p1a: Gholdengo|Gholdengo|100\/100\n|turn|6\n|inactive|RedemptionDeath has 120 seconds left.\n|\n|t:|1700189600\n|switch|p2a: Blissey|Blissey, F|100\/100\n|move|p1a: Gholdengo|Make It Rain|p2a: Blissey\n|-damage|p2a: Blissey|82\/100\n|-unboost|p1a: Gholdengo|spa|1\n|\n|upkeep\n|turn|7\n|\n|t:|1700189609\n|switch|p1a: Toxapex|Toxapex, F|100\/100\n|move|p2a: Blissey|Stealth Rock|p1a: Toxapex\n|-sidestart|p1: Dark Specter 4|move: Stealth Rock\n|\n|upkeep\n|turn|8\n|\n|t:|1700189617\n|switch|p2a: Clodsire|Clodsire, F|100\/100\n|move|p1a: Toxapex|Poison Jab|p2a: Clodsire\n|-resisted|p2a: Clodsire\n|-damage|p2a: Clodsire|95\/100\n|\n|upkeep\n|turn|9\n|\n|t:|1700189627\n|move|p1a: Toxapex|Protect|p1a: Toxapex\n|-singleturn|p1a: Toxapex|Protect\n|move|p2a: Clodsire|Earthquake|p1a: Toxapex\n|-activate|p1a: Toxapex|move: Protect\n|\n|upkeep\n|turn|10\n|\n|t:|1700189638\n|switch|p1a: Alomomola|Alomomola, F|100\/100\n|-damage|p1a: Alomomola|88\/100|[from] Stealth Rock\n|move|p2a: Clodsire|Toxic|p1a: Alomomola\n|-status|p1a: Alomomola|tox\n|\n|-heal|p1a: Alomomola|94\/100 tox|[from] item: Leftovers\n|-damage|p1a: Alomomola|88\/100 tox|[from] psn\n|upkeep\n|turn|11\n|\n|t:|1700189653\n|switch|p2a: Alomomola|Alomomola, M|100\/100\n|move|p1a: Alomomola|Wish|p1a: Alomomola\n|\n|-heal|p1a: Alomomola|94\/100 tox|[from] item: Leftovers\n|-damage|p1a: Alomomola|82\/100 tox|[from] psn\n|upkeep\n|turn|12\n|\n|t:|1700189667\n|switch|p1a: Clefable|Clefable, M|100\/100\n|-damage|p1a: Clefable|88\/100|[from] Stealth Rock\n|move|p2a: Alomomola|Whirlpool|p1a: Clefable\n|-damage|p1a: Clefable|83\/100\n|-activate|p1a: Clefable|move: Whirlpool|[of] p2a: Alomomola\n|\n|-heal|p1a: Clefable|100\/100|[from] move: Wish|[wisher] Alomomola\n|-damage|p1a: Clefable|88\/100|[from] move: Whirlpool|[partiallytrapped]\n|upkeep\n|turn|13\n|inactive|RedemptionDeath has 120 seconds left.\n|\n|t:|1700189711\n|switch|p2a: Dondozo|Dondozo, M|100\/100\n|move|p1a: Clefable|Calm Mind|p1a: Clefable\n|-boost|p1a: Clefable|spa|1\n|-boost|p1a: Clefable|spd|1\n|\n|-heal|p1a: Clefable|94\/100|[from] item: Leftovers\n|-end|p1a: Clefable|Whirlpool|[partiallytrapped]|[silent]\n|upkeep\n|turn|14\n|\n|t:|1700189719\n|move|p1a: Clefable|Knock Off|p2a: Dondozo\n|-damage|p2a: Dondozo|94\/100\n|-enditem|p2a: Dondozo|Heavy-Duty Boots|[from] move: Knock Off|[of] p1a: Clefable\n|move|p2a: Dondozo|Heavy Slam|p1a: Clefable\n|-supereffective|p1a: Clefable\n|-damage|p1a: Clefable|31\/100\n|\n|-heal|p1a: Clefable|37\/100|[from] item: Leftovers\n|upkeep\n|turn|15\n|inactive|RedemptionDeath has 120 seconds left.\n|\n|t:|1700189731\n|switch|p1a: Toxapex|Toxapex, F|100\/100\n|-damage|p1a: Toxapex|88\/100|[from] Stealth Rock\n|move|p2a: Dondozo|Heavy Slam|p1a: Toxapex\n|-resisted|p1a: Toxapex\n|-damage|p1a: Toxapex|76\/100\n|\n|-heal|p1a: Toxapex|83\/100|[from] item: Leftovers\n|upkeep\n|turn|16\n|inactive|RedemptionDeath has 120 seconds left.\n|\n|t:|1700189750\n|switch|p2a: Talonflame|Talonflame, M|100\/100\n|switch|p1a: Gholdengo|Gholdengo|100\/100\n|-damage|p1a: Gholdengo|94\/100|[from] Stealth Rock\n|\n|upkeep\n|turn|17\n|inactive|RedemptionDeath has 120 seconds left.\n|\n|t:|1700189781\n|switch|p1a: Toxapex|Toxapex, F|100\/100\n|-damage|p1a: Toxapex|88\/100|[from] Stealth Rock\n|move|p2a: Talonflame|Flamethrower|p1a: Toxapex\n|-resisted|p1a: Toxapex\n|-damage|p1a: Toxapex|80\/100\n|\n|-heal|p1a: Toxapex|87\/100|[from] item: Leftovers\n|upkeep\n|turn|18\n|\n|t:|1700189792\n|move|p2a: Talonflame|Will-O-Wisp|p1a: Toxapex|[miss]\n|-miss|p2a: Talonflame|p1a: Toxapex\n|move|p1a: Toxapex|Toxic Spikes|p2a: Talonflame\n|-sidestart|p2: RedemptionDeath|move: Toxic Spikes\n|\n|-heal|p1a: Toxapex|93\/100|[from] item: Leftovers\n|upkeep\n|turn|19\n|\n|t:|1700189802\n|switch|p1a: Alomomola|Alomomola, F|100\/100 tox\n|-damage|p1a: Alomomola|88\/100 tox|[from] Stealth Rock\n|move|p2a: Talonflame|Will-O-Wisp||[still]\n|-fail|p2a: Talonflame\n|\n|-heal|p1a: Alomomola|94\/100 tox|[from] item: Leftovers\n|-damage|p1a: Alomomola|88\/100 tox|[from] psn\n|upkeep\n|turn|20\n|\n|t:|1700189811\n|switch|p2a: Alomomola|Alomomola, M|100\/100\n|move|p1a: Alomomola|Scald|p2a: Alomomola\n|-resisted|p2a: Alomomola\n|-damage|p2a: Alomomola|93\/100\n|-status|p2a: Alomomola|brn\n|\n|-heal|p1a: Alomomola|94\/100 tox|[from] item: Leftovers\n|-damage|p1a: Alomomola|82\/100 tox|[from] psn\n|-damage|p2a: Alomomola|87\/100 brn|[from] brn\n|upkeep\n|turn|21\n|inactive|RedemptionDeath has 120 seconds left.\n|\n|t:|1700189826\n|move|p1a: Alomomola|Flip Turn|p2a: Alomomola\n|-resisted|p2a: Alomomola\n|-damage|p2a: Alomomola|83\/100 brn\n|\n|t:|1700189833\n|switch|p1a: Toxapex|Toxapex, F|100\/100|[from] Flip Turn\n|-damage|p1a: Toxapex|88\/100|[from] Stealth Rock\n|move|p2a: Alomomola|Whirlpool|p1a: Toxapex\n|-resisted|p1a: Toxapex\n|-damage|p1a: Toxapex|86\/100\n|-activate|p1a: Toxapex|move: Whirlpool|[of] p2a: Alomomola\n|\n|-heal|p1a: Toxapex|92\/100|[from] item: Leftovers\n|-damage|p2a: Alomomola|77\/100 brn|[from] brn\n|-damage|p1a: Toxapex|79\/100|[from] move: Whirlpool|[partiallytrapped]\n|upkeep\n|turn|22\n|\n|t:|1700189847\n|switch|p2a: Toxapex|Toxapex, M, tera:Fairy|100\/100\n|-damage|p2a: Toxapex|88\/100|[from] Stealth Rock\n|-status|p2a: Toxapex|psn\n|move|p1a: Toxapex|Toxic Spikes|p2a: Toxapex\n|-sidestart|p2: RedemptionDeath|move: Toxic Spikes\n|\n|-heal|p1a: Toxapex|86\/100|[from] item: Leftovers\n|-damage|p2a: Toxapex|75\/100 psn|[from] psn\n|-end|p1a: Toxapex|Whirlpool|[partiallytrapped]|[silent]\n|upkeep\n|turn|23\n|c|\u2606RedemptionDeath|I'm autisti\n|\n|t:|1700189860\n|move|p1a: Toxapex|Protect|p1a: Toxapex\n|-singleturn|p1a: Toxapex|Protect\n|move|p2a: Toxapex|Infestation|p1a: Toxapex\n|-activate|p1a: Toxapex|move: Protect\n|\n|-heal|p1a: Toxapex|92\/100|[from] item: Leftovers\n|-damage|p2a: Toxapex|63\/100 psn|[from] psn\n|upkeep\n|turn|24\n|c|\u2606Dark Specter 4|just a little bit\n|\n|t:|1700189879\n|switch|p1a: Gholdengo|Gholdengo|94\/100\n|-damage|p1a: Gholdengo|88\/100|[from] Stealth Rock\n|move|p2a: Toxapex|Toxic|p1a: Gholdengo\n|-immune|p1a: Gholdengo|[from] ability: Good as Gold\n|\n|-damage|p2a: Toxapex|50\/100 psn|[from] psn\n|upkeep\n|turn|25\n|\n|t:|1700189891\n|switch|p2a: Blissey|Blissey, F|82\/100\n|move|p1a: Gholdengo|Shadow Ball|p2a: Blissey\n|-immune|p2a: Blissey\n|\n|upkeep\n|turn|26\n|c|\u2606RedemptionDeath|gg for your bitch azz because\n|c|\u2606RedemptionDeath|I never put on my shitty azz heal bell\n|c|\u2606RedemptionDeath|as I'm dumb as shit\n|inactive|Dark Specter 4 has 120 seconds left.\n|\n|t:|1700189915\n|switch|p1a: Toxapex|Toxapex, F|100\/100\n|-damage|p1a: Toxapex|88\/100|[from] Stealth Rock\n|move|p2a: Blissey|Shadow Ball|p1a: Toxapex\n|-damage|p1a: Toxapex|78\/100\n|\n|-heal|p1a: Toxapex|85\/100|[from] item: Leftovers\n|upkeep\n|turn|27\n|inactive|Dark Specter 4 has 120 seconds left.\n|\n|t:|1700189928\n|switch|p2a: Clodsire|Clodsire, F|95\/100\n|-sideend|p2: RedemptionDeath|move: Toxic Spikes|[of] p2a: Clodsire\n|move|p1a: Toxapex|Toxic Spikes|p2a: Clodsire\n|-sidestart|p2: RedemptionDeath|move: Toxic Spikes\n|\n|-heal|p1a: Toxapex|91\/100|[from] item: Leftovers\n|upkeep\n|turn|28\n|inactive|Dark Specter 4 has 120 seconds left.\n|\n|t:|1700189940\n|switch|p1a: Gholdengo|Gholdengo|88\/100\n|-damage|p1a: Gholdengo|82\/100|[from] Stealth Rock\n|move|p2a: Clodsire|Earthquake|p1a: Gholdengo\n|-supereffective|p1a: Gholdengo\n|-damage|p1a: Gholdengo|17\/100\n|\n|upkeep\n|turn|29\n|\n|t:|1700189953\n|switch|p2a: Blissey|Blissey, F|82\/100\n|move|p1a: Gholdengo|Trick|p2a: Blissey\n|-activate|p1a: Gholdengo|move: Trick|[of] p2a: Blissey\n|-item|p2a: Blissey|Choice Scarf|[from] move: Trick\n|-item|p1a: Gholdengo|Heavy-Duty Boots|[from] move: Trick\n|\n|upkeep\n|turn|30\n|\n|t:|1700189967\n|switch|p1a: Toxapex|Toxapex, F|100\/100\n|-damage|p1a: Toxapex|88\/100|[from] Stealth Rock\n|move|p2a: Blissey|Seismic Toss|p1a: Toxapex\n|-damage|p1a: Toxapex|55\/100\n|\n|-heal|p1a: Toxapex|61\/100|[from] item: Leftovers\n|upkeep\n|turn|31\n|\n|t:|1700189976\n|move|p2a: Blissey|Seismic Toss|p1a: Toxapex\n|-damage|p1a: Toxapex|28\/100\n|move|p1a: Toxapex|Toxic Spikes|p2a: Blissey\n|-sidestart|p2: RedemptionDeath|move: Toxic Spikes\n|\n|-heal|p1a: Toxapex|35\/100|[from] item: Leftovers\n|upkeep\n|turn|32\n|\n|t:|1700189982\n|move|p1a: Toxapex|Protect|p1a: Toxapex\n|-singleturn|p1a: Toxapex|Protect\n|move|p2a: Blissey|Seismic Toss|p1a: Toxapex\n|-activate|p1a: Toxapex|move: Protect\n|\n|-heal|p1a: Toxapex|41\/100|[from] item: Leftovers\n|upkeep\n|turn|33\n|\n|t:|1700189990\n|move|p2a: Blissey|Seismic Toss|p1a: Toxapex\n|-damage|p1a: Toxapex|8\/100\n|move|p1a: Toxapex|Recover|p1a: Toxapex\n|-heal|p1a: Toxapex|58\/100\n|\n|-heal|p1a: Toxapex|64\/100|[from] item: Leftovers\n|upkeep\n|turn|34\n|\n|t:|1700190000\n|move|p2a: Blissey|Seismic Toss|p1a: Toxapex\n|-damage|p1a: Toxapex|31\/100\n|move|p1a: Toxapex|Recover|p1a: Toxapex\n|-heal|p1a: Toxapex|81\/100\n|\n|-heal|p1a: Toxapex|88\/100|[from] item: Leftovers\n|upkeep\n|turn|35\n|\n|t:|1700190009\n|move|p2a: Blissey|Seismic Toss|p1a: Toxapex\n|-damage|p1a: Toxapex|55\/100\n|move|p1a: Toxapex|Poison Jab|p2a: Blissey\n|-damage|p2a: Blissey|47\/100\n|\n|-heal|p1a: Toxapex|61\/100|[from] item: Leftovers\n|upkeep\n|turn|36\n|\n|t:|1700190020\n|switch|p2a: Alomomola|Alomomola, M|100\/100 brn\n|move|p1a: Toxapex|Poison Jab|p2a: Alomomola\n|-damage|p2a: Alomomola|91\/100 brn\n|\n|-heal|p1a: Toxapex|67\/100|[from] item: Leftovers\n|-damage|p2a: Alomomola|85\/100 brn|[from] brn\n|upkeep\n|turn|37\n|\n|t:|1700190030\n|move|p1a: Toxapex|Protect|p1a: Toxapex\n|-singleturn|p1a: Toxapex|Protect\n|move|p2a: Alomomola|Wish|p2a: Alomomola\n|\n|-heal|p1a: Toxapex|74\/100|[from] item: Leftovers\n|-damage|p2a: Alomomola|79\/100 brn|[from] brn\n|upkeep\n|turn|38\n|\n|t:|1700190038\n|switch|p2a: Blissey|Blissey, F|47\/100\n|-damage|p2a: Blissey|34\/100|[from] Stealth Rock\n|-status|p2a: Blissey|tox\n|move|p1a: Toxapex|Poison Jab|p2a: Blissey\n|-damage|p2a: Blissey|0 fnt\n|faint|p2a: Blissey\n|\n|-heal|p1a: Toxapex|80\/100|[from] item: Leftovers\n|upkeep\n|n|!RedemptionDeath|redemptiondeath\n|\n|t:|1700190067\n|switch|p2a: Talonflame|Talonflame, M|100\/100\n|turn|39\n|\n|t:|1700190073\n|move|p1a: Toxapex|Protect|p1a: Toxapex\n|-singleturn|p1a: Toxapex|Protect\n|move|p2a: Talonflame|Will-O-Wisp|p1a: Toxapex\n|-activate|p1a: Toxapex|move: Protect\n|\n|-heal|p1a: Toxapex|86\/100|[from] item: Leftovers\n|upkeep\n|turn|40\n|\n|t:|1700190080\n|switch|p1a: Alomomola|Alomomola, F|100\/100 tox\n|-damage|p1a: Alomomola|88\/100 tox|[from] Stealth Rock\n|move|p2a: Talonflame|Will-O-Wisp||[still]\n|-fail|p2a: Talonflame\n|\n|-heal|p1a: Alomomola|94\/100 tox|[from] item: Leftovers\n|-damage|p1a: Alomomola|88\/100 tox|[from] psn\n|upkeep\n|turn|41\n|\n|t:|1700190092\n|switch|p2a: Dondozo|Dondozo, M|94\/100\n|-damage|p2a: Dondozo|81\/100|[from] Stealth Rock\n|-status|p2a: Dondozo|tox\n|move|p1a: Alomomola|Flip Turn|p2a: Dondozo\n|-resisted|p2a: Dondozo\n|-crit|p2a: Dondozo\n|-damage|p2a: Dondozo|76\/100 tox\n|\n|t:|1700190101\n|switch|p1a: Dondozo|Dondozo, M|100\/100|[from] Flip Turn\n|-damage|p1a: Dondozo|88\/100|[from] Stealth Rock\n|\n|-heal|p1a: Dondozo|94\/100|[from] item: Leftovers\n|-damage|p2a: Dondozo|70\/100 tox|[from] psn\n|upkeep\n|turn|42\n|\n|t:|1700190114\n|switch|p2a: Toxapex|Toxapex, M, tera:Fairy|84\/100 psn\n|-damage|p2a: Toxapex|71\/100 psn|[from] Stealth Rock\n|move|p1a: Dondozo|Earthquake|p2a: Toxapex\n|-damage|p2a: Toxapex|57\/100 psn\n|\n|-heal|p1a: Dondozo|99\/100|[from] item: Leftovers\n|-damage|p2a: Toxapex|45\/100 psn|[from] psn\n|upkeep\n|turn|43\n|\n|t:|1700190124\n|switch|p1a: Toxapex|Toxapex, F|100\/100\n|-damage|p1a: Toxapex|88\/100|[from] Stealth Rock\n|move|p2a: Toxapex|Recover|p2a: Toxapex\n|-heal|p2a: Toxapex|95\/100 psn\n|\n|-heal|p1a: Toxapex|94\/100|[from] item: Leftovers\n|-damage|p2a: Toxapex|82\/100 psn|[from] psn\n|upkeep\n|turn|44\n|\n|t:|1700190134\n|switch|p2a: Clodsire|Clodsire, F|95\/100\n|-sideend|p2: RedemptionDeath|move: Toxic Spikes|[of] p2a: Clodsire\n|move|p1a: Toxapex|Poison Jab|p2a: Clodsire\n|-resisted|p2a: Clodsire\n|-damage|p2a: Clodsire|91\/100\n|\n|-heal|p1a: Toxapex|100\/100|[from] item: Leftovers\n|upkeep\n|turn|45\n|\n|t:|1700190143\n|move|p1a: Toxapex|Toxic Spikes|p2a: Clodsire\n|-sidestart|p2: RedemptionDeath|move: Toxic Spikes\n|move|p2a: Clodsire|Earthquake|p1a: Toxapex\n|-supereffective|p1a: Toxapex\n|-damage|p1a: Toxapex|59\/100\n|\n|-heal|p1a: Toxapex|65\/100|[from] item: Leftovers\n|upkeep\n|turn|46\n|\n|t:|1700190150\n|move|p1a: Toxapex|Protect|p1a: Toxapex\n|-singleturn|p1a: Toxapex|Protect\n|move|p2a: Clodsire|Earthquake|p1a: Toxapex\n|-activate|p1a: Toxapex|move: Protect\n|\n|-heal|p1a: Toxapex|72\/100|[from] item: Leftovers\n|upkeep\n|turn|47\n|\n|t:|1700190164\n|switch|p1a: Alomomola|Alomomola, F|100\/100 tox\n|-damage|p1a: Alomomola|88\/100 tox|[from] Stealth Rock\n|move|p2a: Clodsire|Earthquake|p1a: Alomomola\n|-damage|p1a: Alomomola|72\/100 tox\n|\n|-heal|p1a: Alomomola|79\/100 tox|[from] item: Leftovers\n|-damage|p1a: Alomomola|72\/100 tox|[from] psn\n|upkeep\n|turn|48\n|\n|t:|1700190183\n|move|p1a: Alomomola|Scald|p2a: Clodsire\n|-supereffective|p2a: Clodsire\n|-damage|p2a: Clodsire|76\/100\n|-status|p2a: Clodsire|brn\n|move|p2a: Clodsire|Earthquake|p1a: Alomomola\n|-damage|p1a: Alomomola|65\/100 tox\n|\n|-heal|p1a: Alomomola|71\/100 tox|[from] item: Leftovers\n|-damage|p1a: Alomomola|59\/100 tox|[from] psn\n|-damage|p2a: Clodsire|70\/100 brn|[from] brn\n|upkeep\n|turn|49\n|-message|RedemptionDeath forfeited.\n|\n|win|Dark Specter 4\n|raw|Dark Specter 4's rating: 1000 &rarr; <strong>1041<\/strong><br \/>(+41 for winning)\n|raw|RedemptionDeath's rating: 1006 &rarr; <strong>1000<\/strong><br \/>(-6 for losing)\n|l|!RedemptionDeath\n","uploadtime":1700189893,"views":7,"p1id":"darkspecter4","p2id":"redemptiondeath","formatid":"gen9ou","rating":1000,"private":0,"password":""}