{"id":"gen9ou-1989346972","p1":"Mattattac","p2":"Mlejden","format":"[Gen 9] OU","log":"|j|\u2606Mattattac\n|j|\u2606Mlejden\n|t:|1699839063\n|gametype|singles\n|player|p1|Mattattac|nate|1048\n|player|p2|Mlejden|1|1049\n|teamsize|p1|6\n|teamsize|p2|6\n|gen|9\n|tier|[Gen 9] OU\n|rated|\n|rule|Sleep Clause Mod: Limit one foe put to sleep\n|rule|Species Clause: Limit one of each Pok\u00e9mon\n|rule|OHKO Clause: OHKO moves are banned\n|rule|Evasion Items Clause: Evasion items are banned\n|rule|Evasion Moves Clause: Evasion moves are banned\n|rule|Endless Battle Clause: Forcing endless battles is banned\n|rule|HP Percentage Mod: HP is shown in percentages\n|clearpoke\n|poke|p1|Leavanny, F|\n|poke|p1|Kommo-o, M|\n|poke|p1|Ambipom, M|\n|poke|p1|Chandelure, M|\n|poke|p1|Infernape, M|\n|poke|p1|Torterra, M|\n|poke|p2|Alomomola, M|\n|poke|p2|Enamorus, F|\n|poke|p2|Zamazenta-*|\n|poke|p2|Cinderace, M|\n|poke|p2|Salamence, M|\n|poke|p2|Iron Thorns|\n|teampreview\n|c|\u2606Mattattac|yo\n|inactive|Battle timer is ON: inactive players will automatically lose when time's up. (requested by Mattattac)\n|\n|t:|1699839077\n|start\n|switch|p1a: Kommo-o|Kommo-o, M|100\/100\n|switch|p2a: Cinderace|Cinderace, M|100\/100\n|turn|1\n|\n|t:|1699839086\n|move|p2a: Cinderace|U-turn|p1a: Kommo-o\n|-start|p2a: Cinderace|typechange|Bug|[from] ability: Libero\n|-resisted|p1a: Kommo-o\n|-damage|p1a: Kommo-o|85\/100\n|\n|t:|1699839094\n|switch|p2a: Enamorus|Enamorus, F|100\/100|[from] U-turn\n|move|p1a: Kommo-o|Dragon Dance|p1a: Kommo-o\n|-boost|p1a: Kommo-o|atk|1\n|-boost|p1a: Kommo-o|spe|1\n|\n|upkeep\n|turn|2\n|\n|t:|1699839103\n|move|p1a: Kommo-o|Iron Head|p2a: Enamorus\n|-supereffective|p2a: Enamorus\n|-crit|p2a: Enamorus\n|-damage|p2a: Enamorus|0 fnt\n|faint|p2a: Enamorus\n|\n|upkeep\n|c|\u2606Mattattac|lol\n|\n|t:|1699839108\n|switch|p2a: Salamence|Salamence, M|100\/100\n|turn|3\n|\n|t:|1699839115\n|move|p1a: Kommo-o|Dragon Claw|p2a: Salamence\n|-supereffective|p2a: Salamence\n|-enditem|p2a: Salamence|Focus Sash\n|-damage|p2a: Salamence|1\/100\n|move|p2a: Salamence|Dragon Dance|p2a: Salamence\n|-boost|p2a: Salamence|atk|1\n|-boost|p2a: Salamence|spe|1\n|\n|upkeep\n|turn|4\n|\n|t:|1699839125\n|move|p2a: Salamence|Dragon Claw|p1a: Kommo-o\n|-supereffective|p1a: Kommo-o\n|-crit|p1a: Kommo-o\n|-damage|p1a: Kommo-o|0 fnt\n|faint|p1a: Kommo-o\n|-ability|p2a: Salamence|Moxie|boost\n|-boost|p2a: Salamence|atk|1\n|\n|upkeep\n|\n|t:|1699839127\n|switch|p1a: Ambipom|Ambipom, M, shiny|100\/100\n|turn|5\n|\n|t:|1699839133\n|move|p1a: Ambipom|Fake Out|p2a: Salamence\n|-damage|p2a: Salamence|0 fnt\n|faint|p2a: Salamence\n|-damage|p1a: Ambipom|91\/100|[from] item: Life Orb\n|\n|upkeep\n|\n|t:|1699839138\n|switch|p2a: Zamazenta|Zamazenta|100\/100\n|-ability|p2a: Zamazenta|Dauntless Shield|boost\n|-boost|p2a: Zamazenta|def|1\n|turn|6\n|\n|t:|1699839147\n|move|p2a: Zamazenta|Body Press|p1a: Ambipom\n|-supereffective|p1a: Ambipom\n|-damage|p1a: Ambipom|0 fnt\n|faint|p1a: Ambipom\n|\n|upkeep\n|\n|t:|1699839157\n|switch|p1a: Torterra|Torterra, M|100\/100\n|turn|7\n|\n|t:|1699839163\n|move|p2a: Zamazenta|Close Combat|p1a: Torterra\n|-damage|p1a: Torterra|46\/100\n|-unboost|p2a: Zamazenta|def|1\n|-unboost|p2a: Zamazenta|spd|1\n|move|p1a: Torterra|Shell Smash|p1a: Torterra\n|-unboost|p1a: Torterra|def|1\n|-unboost|p1a: Torterra|spd|1\n|-boost|p1a: Torterra|atk|2\n|-boost|p1a: Torterra|spa|2\n|-boost|p1a: Torterra|spe|2\n|\n|upkeep\n|turn|8\n|\n|t:|1699839170\n|move|p1a: Torterra|Body Press|p2a: Zamazenta\n|-damage|p2a: Zamazenta|88\/100\n|move|p2a: Zamazenta|Close Combat|p1a: Torterra\n|-damage|p1a: Torterra|0 fnt\n|-unboost|p2a: Zamazenta|def|1\n|-unboost|p2a: Zamazenta|spd|1\n|faint|p1a: Torterra\n|\n|-heal|p2a: Zamazenta|94\/100|[from] item: Leftovers\n|upkeep\n|\n|t:|1699839181\n|switch|p1a: Chandelure|Chandelure, M|100\/100\n|turn|9\n|\n|t:|1699839187\n|move|p2a: Zamazenta|Crunch|p1a: Chandelure\n|-supereffective|p1a: Chandelure\n|-damage|p1a: Chandelure|24\/100\n|move|p1a: Chandelure|Shadow Ball|p2a: Zamazenta\n|-damage|p2a: Zamazenta|0 fnt\n|faint|p2a: Zamazenta\n|\n|upkeep\n|\n|t:|1699839191\n|switch|p2a: Alomomola|Alomomola, M|100\/100\n|turn|10\n|\n|t:|1699839195\n|switch|p1a: Leavanny|Leavanny, F|100\/100\n|move|p2a: Alomomola|Flip Turn|p1a: Leavanny\n|-resisted|p1a: Leavanny\n|-damage|p1a: Leavanny|88\/100\n|\n|t:|1699839200\n|switch|p2a: Cinderace|Cinderace, M|100\/100|[from] Flip Turn\n|\n|upkeep\n|turn|11\n|\n|t:|1699839210\n|-terastallize|p1a: Leavanny|Rock\n|move|p2a: Cinderace|Pyro Ball|p1a: Leavanny\n|-resisted|p1a: Leavanny\n|-damage|p1a: Leavanny|46\/100\n|move|p1a: Leavanny|Tera Blast|p2a: Cinderace|[anim] Tera Blast Rock\n|-supereffective|p2a: Cinderace\n|-damage|p2a: Cinderace|2\/100\n|\n|upkeep\n|turn|12\n|\n|t:|1699839218\n|move|p2a: Cinderace|High Jump Kick|p1a: Leavanny\n|-start|p2a: Cinderace|typechange|Fighting|[from] ability: Libero\n|-supereffective|p1a: Leavanny\n|-damage|p1a: Leavanny|0 fnt\n|faint|p1a: Leavanny\n|\n|upkeep\n|\n|t:|1699839221\n|switch|p1a: Infernape|Infernape, M, shiny|100\/100\n|turn|13\n|\n|t:|1699839228\n|move|p2a: Cinderace|U-turn|p1a: Infernape\n|-resisted|p1a: Infernape\n|-damage|p1a: Infernape|91\/100\n|\n|t:|1699839231\n|switch|p2a: Alomomola|Alomomola, M|100\/100|[from] U-turn\n|move|p1a: Infernape|Lash Out|p2a: Alomomola\n|-damage|p2a: Alomomola|89\/100\n|-enditem|p2a: Alomomola|Red Card|[of] p1a: Infernape\n|drag|p1a: Chandelure|Chandelure, M|24\/100\n|\n|upkeep\n|turn|14\n|\n|t:|1699839235\n|move|p1a: Chandelure|Energy Ball|p2a: Alomomola\n|-supereffective|p2a: Alomomola\n|-damage|p2a: Alomomola|0 fnt\n|faint|p2a: Alomomola\n|\n|upkeep\n|\n|t:|1699839238\n|switch|p2a: Iron Thorns|Iron Thorns|100\/100\n|-enditem|p2a: Iron Thorns|Booster Energy\n|-activate|p2a: Iron Thorns|ability: Quark Drive|[fromitem]\n|-start|p2a: Iron Thorns|quarkdriveatk\n|turn|15\n|\n|t:|1699839244\n|move|p1a: Chandelure|Energy Ball|p2a: Iron Thorns\n|-supereffective|p2a: Iron Thorns\n|-damage|p2a: Iron Thorns|0 fnt\n|faint|p2a: Iron Thorns\n|-end|p2a: Iron Thorns|Quark Drive|[silent]\n|\n|upkeep\n|\n|t:|1699839247\n|switch|p2a: Cinderace|Cinderace, M|2\/100\n|turn|16\n|\n|t:|1699839254\n|move|p2a: Cinderace|U-turn|p1a: Chandelure\n|-start|p2a: Cinderace|typechange|Bug|[from] ability: Libero\n|-resisted|p1a: Chandelure\n|-damage|p1a: Chandelure|11\/100\n|move|p1a: Chandelure|Energy Ball|p2a: Cinderace\n|-resisted|p2a: Cinderace\n|-damage|p2a: Cinderace|0 fnt\n|faint|p2a: Cinderace\n|\n|win|Mattattac\n|raw|Mattattac's rating: 1048 &rarr; <strong>1081<\/strong><br \/>(+33 for winning)\n|raw|Mlejden's rating: 1049 &rarr; <strong>1032<\/strong><br \/>(-17 for losing)\n|l|\u2606Mlejden\n|c|\u2606Mattattac|gg\n","uploadtime":1699839264,"views":7,"p1id":"mattattac","p2id":"mlejden","formatid":"gen9ou","rating":1032,"private":0,"password":""}