{"id":"gen9ou-1997141884","p1":"Trainer#261","p2":"TY SM MY GUY","format":"[Gen 9] OU","log":"|j|\u2606Trainer#261\n|j|\u2606TY SM MY GUY\n|t:|1700768732\n|gametype|singles\n|player|p1|Trainer#261|lucas|1212\n|player|p2|TY SM MY GUY|hoopster|1140\n|teamsize|p1|6\n|teamsize|p2|6\n|gen|9\n|tier|[Gen 9] OU\n|rated|\n|rule|Sleep Clause Mod: Limit one foe put to sleep\n|rule|Species Clause: Limit one of each Pok\u00e9mon\n|rule|OHKO Clause: OHKO moves are banned\n|rule|Evasion Items Clause: Evasion items are banned\n|rule|Evasion Moves Clause: Evasion moves are banned\n|rule|Endless Battle Clause: Forcing endless battles is banned\n|rule|HP Percentage Mod: HP is shown in percentages\n|clearpoke\n|poke|p1|Torkoal, M|\n|poke|p1|Walking Wake|\n|poke|p1|Great Tusk|\n|poke|p1|Ceruledge, M|\n|poke|p1|Clefable, F|\n|poke|p1|Iron Valiant|\n|poke|p2|Glimmora, F|\n|poke|p2|Great Tusk|\n|poke|p2|Hatterene, F|\n|poke|p2|Greninja-*, M|\n|poke|p2|Brambleghast, M|\n|poke|p2|Zoroark-Hisui, M|\n|teampreview\n|\n|t:|1700768744\n|start\n|switch|p1a: Torkoal|Torkoal, M|100\/100\n|switch|p2a: Glimmora|Glimmora, F, shiny|100\/100\n|-weather|SunnyDay|[from] ability: Drought|[of] p1a: Torkoal\n|turn|1\n|\n|t:|1700768749\n|move|p2a: Glimmora|Trick|p1a: Torkoal\n|-activate|p2a: Glimmora|move: Trick|[of] p1a: Torkoal\n|-item|p1a: Torkoal|Choice Scarf|[from] move: Trick\n|-item|p2a: Glimmora|Heat Rock|[from] move: Trick\n|move|p1a: Torkoal|Lava Plume|p2a: Glimmora\n|-damage|p2a: Glimmora|30\/100\n|replace|p2a: Zoroark|Zoroark-Hisui, M, shiny\n|-end|p2a: Zoroark|Illusion\n|\n|-weather|SunnyDay|[upkeep]\n|upkeep\n|turn|2\n|\n|t:|1700768768\n|move|p2a: Zoroark|Bitter Malice|p1a: Torkoal\n|-damage|p1a: Torkoal|59\/100\n|-unboost|p1a: Torkoal|atk|1\n|move|p1a: Torkoal|Lava Plume|p2a: Zoroark\n|-damage|p2a: Zoroark|0 fnt\n|faint|p2a: Zoroark\n|\n|-weather|SunnyDay|[upkeep]\n|upkeep\n|\n|t:|1700768785\n|switch|p2a: Great Tusk|Great Tusk|100\/100\n|-activate|p2a: Great Tusk|ability: Protosynthesis\n|-start|p2a: Great Tusk|protosynthesisspe\n|turn|3\n|\n|t:|1700768800\n|switch|p1a: Walking Wake|Walking Wake|100\/100\n|-activate|p1a: Walking Wake|ability: Protosynthesis\n|-start|p1a: Walking Wake|protosynthesisspe\n|move|p2a: Great Tusk|Earthquake|p1a: Walking Wake\n|-damage|p1a: Walking Wake|54\/100\n|\n|-weather|SunnyDay|[upkeep]\n|upkeep\n|turn|4\n|\n|t:|1700768812\n|-end|p2a: Great Tusk|Protosynthesis|[silent]\n|switch|p2a: Hatterene|Hatterene, F, shiny|100\/100\n|move|p1a: Walking Wake|Hydro Steam|p2a: Hatterene\n|-damage|p2a: Hatterene|52\/100\n|-enditem|p2a: Hatterene|Eject Button\n|\n|t:|1700768818\n|switch|p2a: Brambleghast|Brambleghast, M, shiny|100\/100\n|\n|-weather|SunnyDay|[upkeep]\n|upkeep\n|turn|5\n|\n|t:|1700768827\n|move|p1a: Walking Wake|Flamethrower|p2a: Brambleghast\n|-supereffective|p2a: Brambleghast\n|-crit|p2a: Brambleghast\n|-enditem|p2a: Brambleghast|Focus Sash\n|-damage|p2a: Brambleghast|1\/100\n|move|p2a: Brambleghast|Thief|p1a: Walking Wake\n|-damage|p1a: Walking Wake|30\/100\n|-enditem|p1a: Walking Wake|Heavy-Duty Boots|[silent]|[from] move: Thief|[of] p2a: Brambleghast\n|-item|p2a: Brambleghast|Heavy-Duty Boots|[from] move: Thief|[of] p1a: Walking Wake\n|\n|-weather|SunnyDay|[upkeep]\n|upkeep\n|turn|6\n|\n|t:|1700768835\n|move|p2a: Brambleghast|Shadow Sneak|p1a: Walking Wake\n|-crit|p1a: Walking Wake\n|-damage|p1a: Walking Wake|0 fnt\n|faint|p1a: Walking Wake\n|-end|p1a: Walking Wake|Protosynthesis|[silent]\n|\n|-weather|SunnyDay|[upkeep]\n|upkeep\n|\n|t:|1700768839\n|switch|p1a: Ceruledge|Ceruledge, M|100\/100\n|turn|7\n|\n|t:|1700768844\n|move|p1a: Ceruledge|Shadow Sneak|p2a: Brambleghast\n|-supereffective|p2a: Brambleghast\n|-crit|p2a: Brambleghast\n|-damage|p2a: Brambleghast|0 fnt\n|faint|p2a: Brambleghast\n|\n|-weather|SunnyDay|[upkeep]\n|upkeep\n|\n|t:|1700768850\n|switch|p2a: Glimmora|Glimmora, F, shiny|100\/100\n|-item|p2a: Glimmora|Air Balloon\n|turn|8\n|\n|t:|1700768858\n|move|p1a: Ceruledge|Shadow Sneak|p2a: Glimmora\n|-damage|p2a: Glimmora|79\/100\n|-activate|p2a: Glimmora|ability: Toxic Debris\n|-sidestart|p1: Trainer#261|move: Toxic Spikes\n|-enditem|p2a: Glimmora|Air Balloon\n|move|p2a: Glimmora|Stealth Rock|p1a: Ceruledge\n|-sidestart|p1: Trainer#261|move: Stealth Rock\n|\n|-weather|none\n|upkeep\n|turn|9\n|\n|t:|1700768865\n|move|p2a: Glimmora|Power Gem|p1a: Ceruledge\n|-supereffective|p1a: Ceruledge\n|-crit|p1a: Ceruledge\n|-damage|p1a: Ceruledge|0 fnt\n|faint|p1a: Ceruledge\n|\n|upkeep\n|\n|t:|1700768869\n|switch|p1a: Great Tusk|Great Tusk|100\/100\n|-status|p1a: Great Tusk|psn\n|-damage|p1a: Great Tusk|98\/100 psn|[from] Stealth Rock\n|turn|10\n|\n|t:|1700768872\n|-terastallize|p2a: Glimmora|Ghost\n|move|p2a: Glimmora|Dazzling Gleam|p1a: Great Tusk\n|-supereffective|p1a: Great Tusk\n|-damage|p1a: Great Tusk|35\/100 psn\n|move|p1a: Great Tusk|Rapid Spin|p2a: Glimmora\n|-immune|p2a: Glimmora\n|\n|-heal|p1a: Great Tusk|41\/100 psn|[from] item: Leftovers\n|-damage|p1a: Great Tusk|29\/100 psn|[from] psn\n|upkeep\n|turn|11\n|\n|t:|1700768877\n|-end|p1a: Great Tusk|Protosynthesis|[silent]\n|switch|p1a: Torkoal|Torkoal, M|59\/100\n|-status|p1a: Torkoal|psn\n|-damage|p1a: Torkoal|35\/100 psn|[from] Stealth Rock\n|-weather|SunnyDay|[from] ability: Drought|[of] p1a: Torkoal\n|move|p2a: Glimmora|Dazzling Gleam|p1a: Torkoal\n|-resisted|p1a: Torkoal\n|-damage|p1a: Torkoal|24\/100 psn\n|\n|-weather|SunnyDay|[upkeep]\n|-damage|p1a: Torkoal|12\/100 psn|[from] psn\n|upkeep\n|turn|12\n|\n|t:|1700768888\n|move|p2a: Glimmora|Power Gem|p1a: Torkoal\n|-supereffective|p1a: Torkoal\n|-damage|p1a: Torkoal|0 fnt\n|faint|p1a: Torkoal\n|\n|-weather|SunnyDay|[upkeep]\n|upkeep\n|\n|t:|1700768889\n|switch|p1a: Clefable|Clefable, F|100\/100\n|-status|p1a: Clefable|psn\n|turn|13\n|\n|t:|1700768894\n|switch|p2a: Hatterene|Hatterene, F, shiny|52\/100\n|move|p1a: Clefable|Thunder Wave|p2a: Hatterene\n|move|p2a: Hatterene|Thunder Wave||[from]ability: Magic Bounce|[still]\n|-fail|p2a: Hatterene\n|\n|-weather|SunnyDay|[upkeep]\n|upkeep\n|turn|14\n|\n|t:|1700768907\n|move|p1a: Clefable|Calm Mind|p1a: Clefable\n|-boost|p1a: Clefable|spa|1\n|-boost|p1a: Clefable|spd|1\n|move|p2a: Hatterene|Psyshock|p1a: Clefable\n|-damage|p1a: Clefable|61\/100 psn\n|\n|-weather|SunnyDay|[upkeep]\n|-heal|p1a: Clefable|67\/100 psn|[from] item: Leftovers\n|upkeep\n|turn|15\n|\n|t:|1700768913\n|move|p1a: Clefable|Moonblast|p2a: Hatterene\n|-damage|p2a: Hatterene|14\/100\n|move|p2a: Hatterene|Psyshock|p1a: Clefable\n|-damage|p1a: Clefable|26\/100 psn\n|\n|-weather|none\n|-heal|p1a: Clefable|32\/100 psn|[from] item: Leftovers\n|upkeep\n|turn|16\n|\n|t:|1700768919\n|move|p1a: Clefable|Moonblast|p2a: Hatterene\n|-damage|p2a: Hatterene|0 fnt\n|faint|p2a: Hatterene\n|\n|-heal|p1a: Clefable|38\/100 psn|[from] item: Leftovers\n|upkeep\n|\n|t:|1700768934\n|switch|p2a: Great Tusk|Great Tusk|100\/100\n|-enditem|p2a: Great Tusk|Booster Energy\n|-activate|p2a: Great Tusk|ability: Protosynthesis|[fromitem]\n|-start|p2a: Great Tusk|protosynthesisspe\n|turn|17\n|\n|t:|1700768941\n|move|p2a: Great Tusk|Earthquake|p1a: Clefable\n|-crit|p1a: Clefable\n|-damage|p1a: Clefable|0 fnt\n|faint|p1a: Clefable\n|\n|upkeep\n|\n|t:|1700768944\n|switch|p1a: Great Tusk|Great Tusk|29\/100 psn\n|-damage|p1a: Great Tusk|26\/100 psn|[from] Stealth Rock\n|turn|18\n|\n|t:|1700768947\n|move|p2a: Great Tusk|Bulk Up|p2a: Great Tusk\n|-boost|p2a: Great Tusk|atk|1\n|-boost|p2a: Great Tusk|def|1\n|move|p1a: Great Tusk|Rapid Spin|p2a: Great Tusk\n|-damage|p2a: Great Tusk|94\/100\n|-boost|p1a: Great Tusk|spe|1\n|-sideend|p1: Trainer#261|Toxic Spikes|[from] move: Rapid Spin|[of] p1a: Great Tusk\n|-sideend|p1: Trainer#261|Stealth Rock|[from] move: Rapid Spin|[of] p1a: Great Tusk\n|\n|-heal|p1a: Great Tusk|32\/100 psn|[from] item: Leftovers\n|-damage|p1a: Great Tusk|19\/100 psn|[from] psn\n|upkeep\n|turn|19\n|\n|t:|1700768954\n|move|p2a: Great Tusk|Bulk Up|p2a: Great Tusk\n|-boost|p2a: Great Tusk|atk|1\n|-boost|p2a: Great Tusk|def|1\n|move|p1a: Great Tusk|Ice Spinner|p2a: Great Tusk\n|-supereffective|p2a: Great Tusk\n|-crit|p2a: Great Tusk\n|-damage|p2a: Great Tusk|53\/100\n|\n|-heal|p1a: Great Tusk|26\/100 psn|[from] item: Leftovers\n|-damage|p1a: Great Tusk|13\/100 psn|[from] psn\n|upkeep\n|turn|20\n|\n|t:|1700768956\n|move|p2a: Great Tusk|Ice Spinner|p1a: Great Tusk\n|-supereffective|p1a: Great Tusk\n|-damage|p1a: Great Tusk|0 fnt\n|faint|p1a: Great Tusk\n|-end|p1a: Great Tusk|Protosynthesis|[silent]\n|\n|upkeep\n|\n|t:|1700768958\n|switch|p1a: Iron Valiant|Iron Valiant|100\/100\n|turn|21\n|\n|t:|1700768960\n|move|p2a: Great Tusk|Earthquake|p1a: Iron Valiant\n|-crit|p1a: Iron Valiant\n|-damage|p1a: Iron Valiant|0 fnt\n|faint|p1a: Iron Valiant\n|-end|p1a: Iron Valiant|Quark Drive|[silent]\n|\n|win|TY SM MY GUY\n|raw|Trainer#261's rating: 1180 &rarr; <strong>1152<\/strong><br \/>(-28 for losing)\n|raw|TY SM MY GUY's rating: 1140 &rarr; <strong>1168<\/strong><br \/>(+28 for winning)\n|l|\u2606Trainer#261\n|c|\u2606TY SM MY GUY|Gg\n","uploadtime":1700768969,"views":4,"p1id":"trainer261","p2id":"tysmmyguy","formatid":"gen9ou","rating":1152,"private":0,"password":""}