{"id":"gen9ou-1993367637","p1":"klnjo","p2":"YorkshireTeabag","format":"[Gen 9] OU","log":"|j|\u2606klnjo\n|j|\u2606YorkshireTeabag\n|t:|1700307119\n|gametype|singles\n|player|p1|klnjo|1|1000\n|player|p2|YorkshireTeabag|hiker-gen4|1000\n|teamsize|p1|6\n|teamsize|p2|6\n|gen|9\n|tier|[Gen 9] OU\n|rated|\n|rule|Sleep Clause Mod: Limit one foe put to sleep\n|rule|Species Clause: Limit one of each Pok\u00e9mon\n|rule|OHKO Clause: OHKO moves are banned\n|rule|Evasion Items Clause: Evasion items are banned\n|rule|Evasion Moves Clause: Evasion moves are banned\n|rule|Endless Battle Clause: Forcing endless battles is banned\n|rule|HP Percentage Mod: HP is shown in percentages\n|clearpoke\n|poke|p1|Talonflame, F|\n|poke|p1|Alomomola, F|\n|poke|p1|Clodsire, M|\n|poke|p1|Dondozo, M|\n|poke|p1|Toxapex, F|\n|poke|p1|Blissey, F|\n|poke|p2|Clodsire, M|\n|poke|p2|Iron Moth|\n|poke|p2|Rotom-Wash|\n|poke|p2|Clefable, F|\n|poke|p2|Dragapult, F|\n|poke|p2|Kingambit, M|\n|teampreview\n|inactive|Battle timer is ON: inactive players will automatically lose when time's up. (requested by klnjo)\n|\n|t:|1700307135\n|start\n|switch|p1a: Toxapex|Toxapex, F|100\/100\n|switch|p2a: Iron Moth|Iron Moth|100\/100\n|-enditem|p2a: Iron Moth|Booster Energy\n|-activate|p2a: Iron Moth|ability: Quark Drive|[fromitem]\n|-start|p2a: Iron Moth|quarkdrivespe\n|turn|1\n|\n|t:|1700307146\n|switch|p1a: Clodsire|Clodsire, M|100\/100\n|move|p2a: Iron Moth|Substitute|p2a: Iron Moth\n|-start|p2a: Iron Moth|Substitute\n|-damage|p2a: Iron Moth|76\/100\n|\n|upkeep\n|turn|2\n|\n|t:|1700307165\n|move|p2a: Iron Moth|Fiery Dance|p1a: Clodsire\n|-damage|p1a: Clodsire|78\/100\n|-boost|p2a: Iron Moth|spa|1\n|move|p1a: Clodsire|Earthquake|p2a: Iron Moth\n|-supereffective|p2a: Iron Moth\n|-end|p2a: Iron Moth|Substitute\n|\n|upkeep\n|turn|3\n|\n|t:|1700307172\n|move|p2a: Iron Moth|Energy Ball|p1a: Clodsire\n|-damage|p1a: Clodsire|62\/100\n|move|p1a: Clodsire|Earthquake|p2a: Iron Moth\n|-supereffective|p2a: Iron Moth\n|-damage|p2a: Iron Moth|0 fnt\n|faint|p2a: Iron Moth\n|-end|p2a: Iron Moth|Quark Drive|[silent]\n|\n|upkeep\n|\n|t:|1700307188\n|switch|p2a: Dragapult|Dragapult, F|100\/100\n|turn|4\n|\n|t:|1700307195\n|switch|p1a: Toxapex|Toxapex, F|100\/100\n|move|p2a: Dragapult|Will-O-Wisp|p1a: Toxapex\n|-status|p1a: Toxapex|brn\n|\n|-damage|p1a: Toxapex|94\/100 brn|[from] brn\n|upkeep\n|turn|5\n|\n|t:|1700307206\n|switch|p2a: Rotom|Rotom-Wash|100\/100\n|switch|p1a: Blissey|Blissey, F, shiny|100\/100\n|\n|upkeep\n|turn|6\n|\n|t:|1700307213\n|move|p2a: Rotom|Will-O-Wisp|p1a: Blissey|[miss]\n|-miss|p2a: Rotom|p1a: Blissey\n|move|p1a: Blissey|Stealth Rock|p2a: Rotom\n|-sidestart|p2: YorkshireTeabag|move: Stealth Rock\n|\n|upkeep\n|turn|7\n|\n|t:|1700307218\n|move|p2a: Rotom|Will-O-Wisp|p1a: Blissey\n|-status|p1a: Blissey|brn\n|move|p1a: Blissey|Seismic Toss|p2a: Rotom\n|-damage|p2a: Rotom|59\/100\n|\n|-damage|p1a: Blissey|94\/100 brn|[from] brn\n|upkeep\n|turn|8\n|\n|t:|1700307231\n|switch|p2a: Clodsire|Clodsire, M|100\/100\n|-curestatus|p1a: Blissey|brn|[from] ability: Natural Cure\n|switch|p1a: Clodsire|Clodsire, M|62\/100\n|\n|upkeep\n|turn|9\n|\n|t:|1700307239\n|switch|p1a: Dondozo|Dondozo, M|100\/100\n|move|p2a: Clodsire|Earthquake|p1a: Dondozo\n|-damage|p1a: Dondozo|88\/100\n|\n|upkeep\n|turn|10\n|\n|t:|1700307245\n|switch|p2a: Rotom|Rotom-Wash|59\/100\n|-damage|p2a: Rotom|47\/100|[from] Stealth Rock\n|move|p1a: Dondozo|Body Press|p2a: Rotom\n|-damage|p2a: Rotom|9\/100\n|\n|upkeep\n|turn|11\n|\n|t:|1700307254\n|switch|p1a: Blissey|Blissey, F, shiny|94\/100\n|move|p2a: Rotom|Trick|p1a: Blissey\n|-activate|p2a: Rotom|move: Trick|[of] p1a: Blissey\n|-item|p1a: Blissey|Choice Scarf|[from] move: Trick\n|-item|p2a: Rotom|Heavy-Duty Boots|[from] move: Trick\n|\n|upkeep\n|turn|12\n|\n|t:|1700307264\n|move|p2a: Rotom|Protect|p2a: Rotom\n|-singleturn|p2a: Rotom|Protect\n|move|p1a: Blissey|Shadow Ball|p2a: Rotom\n|-activate|p2a: Rotom|move: Protect\n|\n|upkeep\n|turn|13\n|\n|t:|1700307286\n|switch|p1a: Clodsire|Clodsire, M|62\/100\n|move|p2a: Rotom|Will-O-Wisp|p1a: Clodsire|[miss]\n|-miss|p2a: Rotom|p1a: Clodsire\n|\n|upkeep\n|turn|14\n|\n|t:|1700307295\n|switch|p2a: Clodsire|Clodsire, M|100\/100\n|switch|p1a: Blissey|Blissey, F, shiny|94\/100\n|\n|upkeep\n|turn|15\n|\n|t:|1700307305\n|switch|p1a: Dondozo|Dondozo, M|88\/100\n|move|p2a: Clodsire|Spikes|p1a: Dondozo\n|-sidestart|p1: klnjo|Spikes\n|\n|upkeep\n|turn|16\n|\n|t:|1700307311\n|switch|p2a: Rotom|Rotom-Wash|9\/100\n|move|p1a: Dondozo|Body Press|p2a: Rotom\n|-damage|p2a: Rotom|0 fnt\n|faint|p2a: Rotom\n|\n|upkeep\n|\n|t:|1700307317\n|switch|p2a: Dragapult|Dragapult, F|100\/100\n|-damage|p2a: Dragapult|88\/100|[from] Stealth Rock\n|turn|17\n|\n|t:|1700307325\n|move|p2a: Dragapult|Draco Meteor|p1a: Dondozo|[miss]\n|-miss|p2a: Dragapult|p1a: Dondozo\n|move|p1a: Dondozo|Heavy Slam|p2a: Dragapult\n|-damage|p2a: Dragapult|57\/100\n|\n|upkeep\n|turn|18\n|\n|t:|1700307333\n|switch|p2a: Clefable|Clefable, F|100\/100\n|switch|p1a: Blissey|Blissey, F, shiny|94\/100\n|-damage|p1a: Blissey|82\/100|[from] Spikes\n|\n|upkeep\n|turn|19\n|\n|t:|1700307344\n|move|p2a: Clefable|Protect|p2a: Clefable\n|-singleturn|p2a: Clefable|Protect\n|move|p1a: Blissey|Seismic Toss|p2a: Clefable\n|-activate|p2a: Clefable|move: Protect\n|\n|upkeep\n|turn|20\n|\n|t:|1700307350\n|switch|p1a: Toxapex|Toxapex, F|100\/100 brn\n|move|p2a: Clefable|Wish|p2a: Clefable\n|\n|-damage|p1a: Toxapex|94\/100 brn|[from] brn\n|upkeep\n|turn|21\n|\n|t:|1700307358\n|switch|p2a: Dragapult|Dragapult, F|57\/100\n|-damage|p2a: Dragapult|45\/100|[from] Stealth Rock\n|move|p1a: Toxapex|Toxic|p2a: Dragapult\n|-status|p2a: Dragapult|tox\n|\n|-heal|p2a: Dragapult|100\/100 tox|[from] move: Wish|[wisher] Clefable\n|-damage|p2a: Dragapult|95\/100 tox|[from] psn\n|-damage|p1a: Toxapex|88\/100 brn|[from] brn\n|upkeep\n|turn|22\n|\n|t:|1700307371\n|switch|p1a: Blissey|Blissey, F, shiny|82\/100\n|-damage|p1a: Blissey|69\/100|[from] Spikes\n|move|p2a: Dragapult|U-turn|p1a: Blissey\n|-damage|p1a: Blissey|37\/100\n|\n|t:|1700307378\n|switch|p2a: Clodsire|Clodsire, M|100\/100|[from] U-turn\n|\n|upkeep\n|turn|23\n|\n|t:|1700307391\n|move|p1a: Blissey|Soft-Boiled|p1a: Blissey\n|-heal|p1a: Blissey|87\/100\n|move|p2a: Clodsire|Toxic|p1a: Blissey\n|-status|p1a: Blissey|tox\n|\n|-damage|p1a: Blissey|81\/100 tox|[from] psn\n|upkeep\n|turn|24\n|\n|t:|1700307401\n|-curestatus|p1a: Blissey|tox|[from] ability: Natural Cure\n|switch|p1a: Dondozo|Dondozo, M|88\/100\n|move|p2a: Clodsire|Earthquake|p1a: Dondozo\n|-damage|p1a: Dondozo|75\/100\n|\n|upkeep\n|turn|25\n|\n|t:|1700307411\n|switch|p2a: Dragapult|Dragapult, F|95\/100 tox\n|-damage|p2a: Dragapult|82\/100 tox|[from] Stealth Rock\n|move|p1a: Dondozo|Body Press|p2a: Dragapult\n|-immune|p2a: Dragapult\n|\n|-damage|p2a: Dragapult|76\/100 tox|[from] psn\n|upkeep\n|turn|26\n|\n|t:|1700307420\n|switch|p2a: Clefable|Clefable, F|100\/100\n|switch|p1a: Toxapex|Toxapex, F|100\/100 brn\n|\n|-damage|p1a: Toxapex|94\/100 brn|[from] brn\n|upkeep\n|turn|27\n|\n|t:|1700307426\n|move|p2a: Clefable|Wish|p2a: Clefable\n|move|p1a: Toxapex|Toxic|p2a: Clefable\n|-status|p2a: Clefable|tox\n|\n|-damage|p1a: Toxapex|88\/100 brn|[from] brn\n|upkeep\n|turn|28\n|\n|t:|1700307432\n|switch|p2a: Dragapult|Dragapult, F|76\/100 tox\n|-damage|p2a: Dragapult|64\/100 tox|[from] Stealth Rock\n|move|p1a: Toxapex|Infestation|p2a: Dragapult\n|-resisted|p2a: Dragapult\n|-damage|p2a: Dragapult|62\/100 tox\n|-activate|p2a: Dragapult|move: Infestation|[of] p1a: Toxapex\n|\n|-heal|p2a: Dragapult|100\/100 tox|[from] move: Wish|[wisher] Clefable\n|-damage|p2a: Dragapult|95\/100 tox|[from] psn\n|-damage|p1a: Toxapex|82\/100 brn|[from] brn\n|-damage|p2a: Dragapult|82\/100 tox|[from] move: Infestation|[partiallytrapped]\n|upkeep\n|turn|29\n|\n|t:|1700307445\n|move|p2a: Dragapult|U-turn|p1a: Toxapex\n|-resisted|p1a: Toxapex\n|-damage|p1a: Toxapex|77\/100 brn\n|\n|t:|1700307450\n|switch|p2a: Clefable|Clefable, F|100\/100 tox|[from] U-turn\n|move|p1a: Toxapex|Recover|p1a: Toxapex\n|-heal|p1a: Toxapex|100\/100 brn\n|\n|-damage|p1a: Toxapex|94\/100 brn|[from] brn\n|upkeep\n|turn|30\n|\n|t:|1700307460\n|move|p2a: Clefable|Moonblast|p1a: Toxapex\n|-resisted|p1a: Toxapex\n|-damage|p1a: Toxapex|82\/100 brn\n|-unboost|p1a: Toxapex|spa|1\n|move|p1a: Toxapex|Infestation|p2a: Clefable\n|-resisted|p2a: Clefable\n|-crit|p2a: Clefable\n|-damage|p2a: Clefable|98\/100 tox\n|-activate|p2a: Clefable|move: Infestation|[of] p1a: Toxapex\n|\n|-heal|p2a: Clefable|100\/100 tox|[from] item: Leftovers\n|-damage|p1a: Toxapex|76\/100 brn|[from] brn\n|upkeep\n|turn|31\n|\n|t:|1700307472\n|move|p2a: Clefable|Moonblast|p1a: Toxapex\n|-resisted|p1a: Toxapex\n|-damage|p1a: Toxapex|64\/100 brn\n|move|p1a: Toxapex|Haze|p1a: Toxapex\n|-clearallboost\n|\n|-damage|p1a: Toxapex|57\/100 brn|[from] brn\n|upkeep\n|turn|32\n|\n|t:|1700307485\n|switch|p1a: Talonflame|Talonflame, F|100\/100\n|move|p2a: Clefable|Protect||[still]\n|-fail|p2a: Clefable\n|\n|-end|p2a: Clefable|Infestation|[partiallytrapped]|[silent]\n|upkeep\n|turn|33\n|\n|t:|1700307490\n|switch|p1a: Toxapex|Toxapex, F|91\/100 brn\n|move|p2a: Clefable|Protect||[still]\n|-fail|p2a: Clefable\n|\n|-damage|p1a: Toxapex|84\/100 brn|[from] brn\n|upkeep\n|turn|34\n|\n|t:|1700307502\n|move|p2a: Clefable|Moonblast|p1a: Toxapex\n|-resisted|p1a: Toxapex\n|-damage|p1a: Toxapex|70\/100 brn\n|move|p1a: Toxapex|Infestation|p2a: Clefable\n|-resisted|p2a: Clefable\n|-damage|p2a: Clefable|99\/100 tox\n|-activate|p2a: Clefable|move: Infestation|[of] p1a: Toxapex\n|\n|-heal|p2a: Clefable|100\/100 tox|[from] item: Leftovers\n|-damage|p1a: Toxapex|64\/100 brn|[from] brn\n|upkeep\n|turn|35\n|\n|t:|1700307516\n|switch|p1a: Talonflame|Talonflame, F|100\/100\n|move|p2a: Clefable|Moonblast|p1a: Talonflame\n|-resisted|p1a: Talonflame\n|-crit|p1a: Talonflame\n|-damage|p1a: Talonflame|69\/100\n|-unboost|p1a: Talonflame|spa|1\n|\n|-end|p2a: Clefable|Infestation|[partiallytrapped]|[silent]\n|upkeep\n|turn|36\n|\n|t:|1700307523\n|switch|p1a: Toxapex|Toxapex, F|97\/100 brn\n|move|p2a: Clefable|Protect||[still]\n|-fail|p2a: Clefable\n|\n|-damage|p1a: Toxapex|91\/100 brn|[from] brn\n|upkeep\n|turn|37\n|\n|t:|1700307537\n|switch|p2a: Dragapult|Dragapult, F|82\/100 tox\n|-damage|p2a: Dragapult|70\/100 tox|[from] Stealth Rock\n|move|p1a: Toxapex|Infestation|p2a: Dragapult\n|-resisted|p2a: Dragapult\n|-damage|p2a: Dragapult|68\/100 tox\n|-activate|p2a: Dragapult|move: Infestation|[of] p1a: Toxapex\n|\n|-damage|p2a: Dragapult|62\/100 tox|[from] psn\n|-damage|p1a: Toxapex|85\/100 brn|[from] brn\n|-damage|p2a: Dragapult|50\/100 tox|[from] move: Infestation|[partiallytrapped]\n|upkeep\n|turn|38\n|\n|t:|1700307551\n|move|p2a: Dragapult|U-turn|p1a: Toxapex\n|-resisted|p1a: Toxapex\n|-damage|p1a: Toxapex|80\/100 brn\n|\n|t:|1700307554\n|switch|p2a: Clefable|Clefable, F|100\/100 tox|[from] U-turn\n|move|p1a: Toxapex|Recover|p1a: Toxapex\n|-heal|p1a: Toxapex|100\/100 brn\n|\n|-damage|p1a: Toxapex|94\/100 brn|[from] brn\n|upkeep\n|turn|39\n|\n|t:|1700307565\n|move|p2a: Clefable|Wish|p2a: Clefable\n|move|p1a: Toxapex|Infestation|p2a: Clefable\n|-resisted|p2a: Clefable\n|-damage|p2a: Clefable|99\/100 tox\n|-activate|p2a: Clefable|move: Infestation|[of] p1a: Toxapex\n|\n|-heal|p2a: Clefable|100\/100 tox|[from] item: Leftovers\n|-damage|p1a: Toxapex|88\/100 brn|[from] brn\n|upkeep\n|turn|40\n|\n|t:|1700307577\n|switch|p1a: Talonflame|Talonflame, F|69\/100\n|move|p2a: Clefable|Moonblast|p1a: Talonflame\n|-resisted|p1a: Talonflame\n|-damage|p1a: Talonflame|49\/100\n|\n|-end|p2a: Clefable|Infestation|[partiallytrapped]|[silent]\n|upkeep\n|turn|41\n|\n|t:|1700307586\n|move|p2a: Clefable|Protect|p2a: Clefable\n|-singleturn|p2a: Clefable|Protect\n|move|p1a: Talonflame|Roost|p1a: Talonflame\n|-heal|p1a: Talonflame|99\/100\n|-singleturn|p1a: Talonflame|move: Roost\n|\n|upkeep\n|turn|42\n|\n|t:|1700307594\n|switch|p1a: Clodsire|Clodsire, M|62\/100\n|move|p2a: Clefable|Moonblast|p1a: Clodsire\n|-resisted|p1a: Clodsire\n|-damage|p1a: Clodsire|53\/100\n|-unboost|p1a: Clodsire|spa|1\n|\n|upkeep\n|turn|43\n|\n|t:|1700307612\n|move|p2a: Clefable|Wish|p2a: Clefable\n|move|p1a: Clodsire|Haze|p1a: Clodsire\n|-clearallboost\n|\n|upkeep\n|turn|44\n|\n|t:|1700307639\n|switch|p2a: Dragapult|Dragapult, F|50\/100 tox\n|-damage|p2a: Dragapult|37\/100 tox|[from] Stealth Rock\n|move|p1a: Clodsire|Earthquake|p2a: Dragapult\n|-damage|p2a: Dragapult|0 fnt\n|faint|p2a: Dragapult\n|\n|upkeep\n|\n|t:|1700307650\n|switch|p2a: Clefable|Clefable, F|100\/100 tox\n|turn|45\n|\n|t:|1700307665\n|move|p2a: Clefable|Protect|p2a: Clefable\n|-singleturn|p2a: Clefable|Protect\n|move|p1a: Clodsire|Haze|p1a: Clodsire\n|-clearallboost\n|\n|upkeep\n|turn|46\n|\n|t:|1700307670\n|move|p2a: Clefable|Moonblast|p1a: Clodsire\n|-resisted|p1a: Clodsire\n|-damage|p1a: Clodsire|45\/100\n|move|p1a: Clodsire|Haze|p1a: Clodsire\n|-clearallboost\n|\n|upkeep\n|turn|47\n|\n|t:|1700307677\n|move|p2a: Clefable|Moonblast|p1a: Clodsire\n|-resisted|p1a: Clodsire\n|-damage|p1a: Clodsire|37\/100\n|-unboost|p1a: Clodsire|spa|1\n|move|p1a: Clodsire|Recover|p1a: Clodsire\n|-heal|p1a: Clodsire|87\/100\n|\n|upkeep\n|turn|48\n|c|\u2606YorkshireTeabag|Do you do anything else besides heal?\n|\n|t:|1700307696\n|switch|p2a: Clodsire|Clodsire, M|100\/100\n|switch|p1a: Alomomola|Alomomola, F|100\/100\n|\n|upkeep\n|turn|49\n|\n|t:|1700307708\n|switch|p1a: Dondozo|Dondozo, M|75\/100\n|move|p2a: Clodsire|Toxic|p1a: Dondozo\n|-status|p1a: Dondozo|tox\n|\n|-damage|p1a: Dondozo|69\/100 tox|[from] psn\n|upkeep\n|turn|50\n|\n|t:|1700307719\n|move|p1a: Dondozo|Body Press|p2a: Clodsire\n|-resisted|p2a: Clodsire\n|-damage|p2a: Clodsire|86\/100\n|move|p2a: Clodsire|Spikes|p1a: Dondozo\n|-sidestart|p1: klnjo|Spikes\n|\n|-damage|p1a: Dondozo|56\/100 tox|[from] psn\n|upkeep\n|turn|51\n|\n|t:|1700307727\n|move|p1a: Dondozo|Body Press|p2a: Clodsire\n|-resisted|p2a: Clodsire\n|-damage|p2a: Clodsire|72\/100\n|move|p2a: Clodsire|Earthquake|p1a: Dondozo\n|-damage|p1a: Dondozo|44\/100 tox\n|\n|-damage|p1a: Dondozo|26\/100 tox|[from] psn\n|upkeep\n|turn|52\n|\n|t:|1700307736\n|move|p1a: Dondozo|Rest|p1a: Dondozo\n|-status|p1a: Dondozo|slp|[from] move: Rest\n|-heal|p1a: Dondozo|100\/100 slp|[silent]\n|move|p2a: Clodsire|Earthquake|p1a: Dondozo\n|-damage|p1a: Dondozo|89\/100 slp\n|\n|upkeep\n|turn|53\n|\n|t:|1700307742\n|cant|p1a: Dondozo|slp\n|move|p1a: Dondozo|Sleep Talk|p1a: Dondozo\n|move|p1a: Dondozo|Body Press|p2a: Clodsire|[from]move: Sleep Talk\n|-resisted|p2a: Clodsire\n|-damage|p2a: Clodsire|57\/100\n|move|p2a: Clodsire|Toxic||[still]\n|-fail|p2a: Clodsire\n|\n|upkeep\n|turn|54\n|\n|t:|1700307749\n|cant|p1a: Dondozo|slp\n|move|p1a: Dondozo|Sleep Talk|p1a: Dondozo\n|move|p1a: Dondozo|Body Press|p2a: Clodsire|[from]move: Sleep Talk\n|-resisted|p2a: Clodsire\n|-damage|p2a: Clodsire|42\/100\n|move|p2a: Clodsire|Toxic||[still]\n|-fail|p2a: Clodsire\n|\n|upkeep\n|turn|55\n|\n|t:|1700307756\n|-curestatus|p1a: Dondozo|slp|[msg]\n|move|p1a: Dondozo|Heavy Slam|p2a: Clodsire\n|-damage|p2a: Clodsire|32\/100\n|move|p2a: Clodsire|Toxic|p1a: Dondozo\n|-status|p1a: Dondozo|tox\n|\n|-damage|p1a: Dondozo|83\/100 tox|[from] psn\n|upkeep\n|turn|56\n|\n|t:|1700307764\n|move|p1a: Dondozo|Heavy Slam|p2a: Clodsire\n|-damage|p2a: Clodsire|21\/100\n|move|p2a: Clodsire|Recover|p2a: Clodsire\n|-heal|p2a: Clodsire|71\/100\n|\n|-damage|p1a: Dondozo|71\/100 tox|[from] psn\n|upkeep\n|turn|57\n|\n|t:|1700307774\n|move|p1a: Dondozo|Heavy Slam|p2a: Clodsire\n|-damage|p2a: Clodsire|61\/100\n|move|p2a: Clodsire|Spikes|p1a: Dondozo\n|-sidestart|p1: klnjo|Spikes\n|\n|-damage|p1a: Dondozo|52\/100 tox|[from] psn\n|upkeep\n|turn|58\n|\n|t:|1700307781\n|move|p1a: Dondozo|Rest|p1a: Dondozo\n|-status|p1a: Dondozo|slp|[from] move: Rest\n|-heal|p1a: Dondozo|100\/100 slp|[silent]\n|move|p2a: Clodsire|Earthquake|p1a: Dondozo\n|-damage|p1a: Dondozo|88\/100 slp\n|\n|upkeep\n|turn|59\n|\n|t:|1700307787\n|switch|p1a: Talonflame|Talonflame, F|99\/100\n|move|p2a: Clodsire|Toxic|p1a: Talonflame\n|-status|p1a: Talonflame|tox\n|\n|-damage|p1a: Talonflame|93\/100 tox|[from] psn\n|upkeep\n|turn|60\n|\n|t:|1700307794\n|move|p1a: Talonflame|Will-O-Wisp|p2a: Clodsire\n|-status|p2a: Clodsire|brn\n|move|p2a: Clodsire|Recover|p2a: Clodsire\n|-heal|p2a: Clodsire|100\/100 brn\n|\n|-damage|p1a: Talonflame|81\/100 tox|[from] psn\n|-damage|p2a: Clodsire|94\/100 brn|[from] brn\n|upkeep\n|turn|61\n|\n|t:|1700307805\n|switch|p1a: Toxapex|Toxapex, F|100\/100 brn\n|switch|p2a: Clefable|Clefable, F|100\/100 tox\n|\n|-damage|p1a: Toxapex|94\/100 brn|[from] brn\n|upkeep\n|turn|62\n|\n|t:|1700307811\n|move|p2a: Clefable|Moonblast|p1a: Toxapex\n|-resisted|p1a: Toxapex\n|-crit|p1a: Toxapex\n|-damage|p1a: Toxapex|76\/100 brn\n|move|p1a: Toxapex|Haze|p1a: Toxapex\n|-clearallboost\n|\n|-damage|p1a: Toxapex|70\/100 brn|[from] brn\n|upkeep\n|turn|63\n|\n|t:|1700307830\n|move|p2a: Clefable|Moonblast|p1a: Toxapex\n|-resisted|p1a: Toxapex\n|-damage|p1a: Toxapex|58\/100 brn\n|move|p1a: Toxapex|Haze|p1a: Toxapex\n|-clearallboost\n|\n|-damage|p1a: Toxapex|52\/100 brn|[from] brn\n|upkeep\n|turn|64\n|\n|t:|1700307838\n|switch|p1a: Alomomola|Alomomola, F|100\/100\n|move|p2a: Clefable|Moonblast|p1a: Alomomola\n|-damage|p1a: Alomomola|62\/100\n|\n|upkeep\n|turn|65\n|\n|t:|1700307844\n|switch|p1a: Toxapex|Toxapex, F|85\/100 brn\n|move|p2a: Clefable|Moonblast|p1a: Toxapex\n|-resisted|p1a: Toxapex\n|-damage|p1a: Toxapex|72\/100 brn\n|-unboost|p1a: Toxapex|spa|1\n|\n|-damage|p1a: Toxapex|66\/100 brn|[from] brn\n|upkeep\n|turn|66\n|\n|t:|1700307852\n|switch|p1a: Alomomola|Alomomola, F|95\/100\n|move|p2a: Clefable|Moonblast|p1a: Alomomola\n|-damage|p1a: Alomomola|59\/100\n|-unboost|p1a: Alomomola|spa|1\n|\n|upkeep\n|turn|67\n|\n|t:|1700307858\n|switch|p1a: Toxapex|Toxapex, F|99\/100 brn\n|move|p2a: Clefable|Moonblast|p1a: Toxapex\n|-resisted|p1a: Toxapex\n|-damage|p1a: Toxapex|85\/100 brn\n|\n|-damage|p1a: Toxapex|79\/100 brn|[from] brn\n|upkeep\n|turn|68\n|\n|t:|1700307865\n|move|p2a: Clefable|Moonblast|p1a: Toxapex\n|-resisted|p1a: Toxapex\n|-damage|p1a: Toxapex|67\/100 brn\n|-unboost|p1a: Toxapex|spa|1\n|move|p1a: Toxapex|Infestation|p2a: Clefable\n|-resisted|p2a: Clefable\n|-damage|p2a: Clefable|99\/100 tox\n|-activate|p2a: Clefable|move: Infestation|[of] p1a: Toxapex\n|\n|-heal|p2a: Clefable|100\/100 tox|[from] item: Leftovers\n|-damage|p1a: Toxapex|61\/100 brn|[from] brn\n|upkeep\n|turn|69\n|\n|t:|1700307876\n|switch|p1a: Alomomola|Alomomola, F|92\/100\n|move|p2a: Clefable|Moonblast|p1a: Alomomola\n|-damage|p1a: Alomomola|55\/100\n|\n|-end|p2a: Clefable|Infestation|[partiallytrapped]|[silent]\n|upkeep\n|turn|70\n|\n|t:|1700307883\n|switch|p1a: Toxapex|Toxapex, F|94\/100 brn\n|move|p2a: Clefable|Moonblast|p1a: Toxapex\n|-resisted|p1a: Toxapex\n|-damage|p1a: Toxapex|82\/100 brn\n|-unboost|p1a: Toxapex|spa|1\n|\n|-damage|p1a: Toxapex|76\/100 brn|[from] brn\n|upkeep\n|turn|71\n|\n|t:|1700307891\n|move|p2a: Clefable|Moonblast|p1a: Toxapex\n|-resisted|p1a: Toxapex\n|-damage|p1a: Toxapex|63\/100 brn\n|-unboost|p1a: Toxapex|spa|1\n|move|p1a: Toxapex|Haze|p1a: Toxapex\n|-clearallboost\n|\n|-damage|p1a: Toxapex|56\/100 brn|[from] brn\n|upkeep\n|turn|72\n|\n|t:|1700307899\n|switch|p1a: Alomomola|Alomomola, F|89\/100\n|move|p2a: Clefable|Moonblast|p1a: Alomomola\n|-damage|p1a: Alomomola|51\/100\n|-unboost|p1a: Alomomola|spa|1\n|\n|upkeep\n|turn|73\n|inactive|YorkshireTeabag has 120 seconds left.\n|\n|t:|1700307936\n|switch|p1a: Toxapex|Toxapex, F|90\/100 brn\n|switch|p2a: Kingambit|Kingambit, M|100\/100\n|-damage|p2a: Kingambit|94\/100|[from] Stealth Rock\n|-activate|p2a: Kingambit|ability: Supreme Overlord\n|-start|p2a: Kingambit|fallen3|[silent]\n|\n|-heal|p2a: Kingambit|100\/100|[from] item: Leftovers\n|-damage|p1a: Toxapex|83\/100 brn|[from] brn\n|upkeep\n|turn|74\n|inactive|YorkshireTeabag has 120 seconds left.\n|\n|t:|1700307952\n|switch|p1a: Talonflame|Talonflame, F|81\/100 tox\n|move|p2a: Kingambit|Kowtow Cleave|p1a: Talonflame\n|-crit|p1a: Talonflame\n|-damage|p1a: Talonflame|0 fnt\n|faint|p1a: Talonflame\n|\n|upkeep\n|\n|t:|1700307958\n|switch|p1a: Dondozo|Dondozo, M|88\/100 slp\n|turn|75\n|\n|t:|1700307962\n|move|p2a: Kingambit|Sucker Punch||[still]\n|-fail|p2a: Kingambit\n|cant|p1a: Dondozo|slp\n|move|p1a: Dondozo|Sleep Talk|p1a: Dondozo\n|move|p1a: Dondozo|Heavy Slam|p2a: Kingambit|[from]move: Sleep Talk\n|-resisted|p2a: Kingambit\n|-damage|p2a: Kingambit|97\/100\n|\n|-heal|p2a: Kingambit|100\/100|[from] item: Leftovers\n|upkeep\n|turn|76\n|\n|t:|1700307970\n|move|p2a: Kingambit|Swords Dance|p2a: Kingambit\n|-boost|p2a: Kingambit|atk|2\n|cant|p1a: Dondozo|slp\n|move|p1a: Dondozo|Sleep Talk|p1a: Dondozo\n|move|p1a: Dondozo|Body Press|p2a: Kingambit|[from]move: Sleep Talk\n|-supereffective|p2a: Kingambit\n|-damage|p2a: Kingambit|7\/100\n|\n|-heal|p2a: Kingambit|13\/100|[from] item: Leftovers\n|upkeep\n|turn|77\n|\n|t:|1700307981\n|-end|p2a: Kingambit|fallen3|[silent]\n|switch|p2a: Clefable|Clefable, F|100\/100 tox\n|-curestatus|p1a: Dondozo|slp|[msg]\n|move|p1a: Dondozo|Body Press|p2a: Clefable\n|-resisted|p2a: Clefable\n|-damage|p2a: Clefable|91\/100 tox\n|\n|-heal|p2a: Clefable|97\/100 tox|[from] item: Leftovers\n|upkeep\n|turn|78\n|\n|t:|1700307990\n|switch|p1a: Alomomola|Alomomola, F|85\/100\n|move|p2a: Clefable|Protect||[still]\n|-fail|p2a: Clefable\n|\n|-heal|p2a: Clefable|100\/100 tox|[from] item: Leftovers\n|upkeep\n|turn|79\n|\n|t:|1700307997\n|move|p1a: Alomomola|Whirlpool|p2a: Clefable\n|-damage|p2a: Clefable|94\/100 tox\n|-activate|p2a: Clefable|move: Whirlpool|[of] p1a: Alomomola\n|move|p2a: Clefable|Wish|p2a: Clefable\n|\n|-heal|p2a: Clefable|100\/100 tox|[from] item: Leftovers\n|upkeep\n|turn|80\n|\n|t:|1700308004\n|switch|p1a: Toxapex|Toxapex, F|100\/100 brn\n|move|p2a: Clefable|Wish||[still]\n|-fail|p2a: Clefable\n|\n|-damage|p1a: Toxapex|94\/100 brn|[from] brn\n|-end|p2a: Clefable|Whirlpool|[partiallytrapped]|[silent]\n|upkeep\n|turn|81\n|\n|t:|1700308011\n|switch|p2a: Clodsire|Clodsire, M|94\/100 brn\n|move|p1a: Toxapex|Infestation|p2a: Clodsire\n|-resisted|p2a: Clodsire\n|-damage|p2a: Clodsire|94\/100 brn\n|-activate|p2a: Clodsire|move: Infestation|[of] p1a: Toxapex\n|\n|-damage|p1a: Toxapex|88\/100 brn|[from] brn\n|-damage|p2a: Clodsire|88\/100 brn|[from] brn\n|-damage|p2a: Clodsire|75\/100 brn|[from] move: Infestation|[partiallytrapped]\n|upkeep\n|turn|82\n|\n|t:|1700308021\n|move|p1a: Toxapex|Haze|p1a: Toxapex\n|-clearallboost\n|move|p2a: Clodsire|Recover|p2a: Clodsire\n|-heal|p2a: Clodsire|100\/100 brn\n|\n|-damage|p1a: Toxapex|82\/100 brn|[from] brn\n|-damage|p2a: Clodsire|94\/100 brn|[from] brn\n|-damage|p2a: Clodsire|82\/100 brn|[from] move: Infestation|[partiallytrapped]\n|upkeep\n|turn|83\n|\n|t:|1700308030\n|move|p1a: Toxapex|Haze|p1a: Toxapex\n|-clearallboost\n|move|p2a: Clodsire|Toxic||[still]\n|-fail|p2a: Clodsire\n|\n|-damage|p1a: Toxapex|75\/100 brn|[from] brn\n|-damage|p2a: Clodsire|76\/100 brn|[from] brn\n|-damage|p2a: Clodsire|64\/100 brn|[from] move: Infestation|[partiallytrapped]\n|upkeep\n|turn|84\n|\n|t:|1700308038\n|move|p1a: Toxapex|Haze|p1a: Toxapex\n|-clearallboost\n|move|p2a: Clodsire|Recover|p2a: Clodsire\n|-heal|p2a: Clodsire|100\/100 brn\n|\n|-damage|p1a: Toxapex|69\/100 brn|[from] brn\n|-damage|p2a: Clodsire|94\/100 brn|[from] brn\n|-damage|p2a: Clodsire|82\/100 brn|[from] move: Infestation|[partiallytrapped]\n|upkeep\n|turn|85\n|\n|t:|1700308046\n|switch|p1a: Clodsire|Clodsire, M|87\/100\n|move|p2a: Clodsire|Earthquake|p1a: Clodsire\n|-supereffective|p1a: Clodsire\n|-damage|p1a: Clodsire|55\/100\n|\n|-damage|p2a: Clodsire|76\/100 brn|[from] brn\n|-end|p2a: Clodsire|Infestation|[partiallytrapped]\n|upkeep\n|turn|86\n|\n|t:|1700308054\n|switch|p2a: Clefable|Clefable, F|100\/100 tox\n|move|p1a: Clodsire|Recover|p1a: Clodsire\n|-heal|p1a: Clodsire|100\/100\n|\n|upkeep\n|turn|87\n|\n|t:|1700308060\n|switch|p1a: Alomomola|Alomomola, F|100\/100\n|move|p2a: Clefable|Wish|p2a: Clefable\n|\n|upkeep\n|turn|88\n|\n|t:|1700308066\n|switch|p2a: Kingambit|Kingambit, M|13\/100\n|-damage|p2a: Kingambit|7\/100|[from] Stealth Rock\n|-activate|p2a: Kingambit|ability: Supreme Overlord\n|-start|p2a: Kingambit|fallen3|[silent]\n|move|p1a: Alomomola|Flip Turn|p2a: Kingambit\n|-damage|p2a: Kingambit|0 fnt\n|faint|p2a: Kingambit\n|-end|p2a: Kingambit|fallen3|[silent]\n|\n|t:|1700308071\n|switch|p1a: Toxapex|Toxapex, F|100\/100 brn|[from] Flip Turn\n|\n|-damage|p1a: Toxapex|94\/100 brn|[from] brn\n|upkeep\n|-message|YorkshireTeabag forfeited.\n|\n|win|klnjo\n|raw|klnjo's rating: 1000 &rarr; <strong>1040<\/strong><br \/>(+40 for winning)\n|raw|YorkshireTeabag's rating: 1000 &rarr; <strong>1000<\/strong><br \/>(+0 for losing)\n|l|\u2606YorkshireTeabag\n","uploadtime":1700308079,"views":13,"p1id":"klnjo","p2id":"yorkshireteabag","formatid":"gen9ou","rating":1000,"private":0,"password":""}