{"id":"gen9ou-1997756417","p1":"RSDPM","p2":"dark22tj","format":"[Gen 9] OU","log":"|j|\u2606RSDPM\n|j|\u2606dark22tj\n|t:|1700849334\n|gametype|singles\n|player|p1|RSDPM|riley|1366\n|player|p2|dark22tj|2|1414\n|teamsize|p1|6\n|teamsize|p2|6\n|gen|9\n|tier|[Gen 9] OU\n|rated|\n|rule|Sleep Clause Mod: Limit one foe put to sleep\n|rule|Species Clause: Limit one of each Pok\u00e9mon\n|rule|OHKO Clause: OHKO moves are banned\n|rule|Evasion Items Clause: Evasion items are banned\n|rule|Evasion Moves Clause: Evasion moves are banned\n|rule|Endless Battle Clause: Forcing endless battles is banned\n|rule|HP Percentage Mod: HP is shown in percentages\n|clearpoke\n|poke|p1|Arcanine-Hisui, F|\n|poke|p1|Electrode-Hisui|\n|poke|p1|Lilligant-Hisui, F|\n|poke|p1|Zoroark-Hisui, F|\n|poke|p1|Braviary-Hisui, M|\n|poke|p1|Avalugg-Hisui, M|\n|poke|p2|Hatterene, F|\n|poke|p2|Cinderace, F|\n|poke|p2|Zapdos|\n|poke|p2|Samurott-Hisui, F|\n|poke|p2|Dragapult, M|\n|poke|p2|Ting-Lu|\n|teampreview\n|\n|t:|1700849387\n|start\n|switch|p1a: Electrode|Electrode-Hisui|100\/100\n|switch|p2a: Samurott|Samurott-Hisui, F|100\/100\n|turn|1\n|inactive|Battle timer is ON: inactive players will automatically lose when time's up. (requested by RSDPM)\n|\n|t:|1700849396\n|switch|p2a: Zapdos|Zapdos|100\/100\n|move|p1a: Electrode|Volt Switch|p2a: Zapdos\n|-damage|p2a: Zapdos|62\/100\n|\n|t:|1700849417\n|switch|p1a: Avalugg|Avalugg-Hisui, M|100\/100|[from] Volt Switch\n|\n|upkeep\n|turn|2\n|\n|t:|1700849425\n|move|p2a: Zapdos|Volt Switch|p1a: Avalugg\n|-damage|p1a: Avalugg|45\/100\n|\n|t:|1700849431\n|switch|p2a: Samurott|Samurott-Hisui, F|100\/100|[from] Volt Switch\n|move|p1a: Avalugg|Avalanche|p2a: Samurott\n|-resisted|p2a: Samurott\n|-damage|p2a: Samurott|79\/100\n|\n|upkeep\n|turn|3\n|\n|t:|1700849440\n|move|p2a: Samurott|Ceaseless Edge|p1a: Avalugg\n|-crit|p1a: Avalugg\n|-damage|p1a: Avalugg|10\/100\n|-damage|p2a: Samurott|62\/100|[from] item: Rocky Helmet|[of] p1a: Avalugg\n|-sidestart|p1: RSDPM|Spikes\n|move|p1a: Avalugg|Rapid Spin|p2a: Samurott\n|-damage|p2a: Samurott|38\/100\n|-boost|p1a: Avalugg|spe|1\n|-sideend|p1: RSDPM|Spikes|[from] move: Rapid Spin|[of] p1a: Avalugg\n|\n|upkeep\n|turn|4\n|\n|t:|1700849450\n|move|p2a: Samurott|Ceaseless Edge|p1a: Avalugg\n|-damage|p1a: Avalugg|0 fnt\n|-damage|p2a: Samurott|21\/100|[from] item: Rocky Helmet|[of] p1a: Avalugg\n|-sidestart|p1: RSDPM|Spikes\n|faint|p1a: Avalugg\n|\n|upkeep\n|\n|t:|1700849456\n|switch|p1a: Electrode|Electrode-Hisui|100\/100\n|-damage|p1a: Electrode|88\/100|[from] Spikes\n|turn|5\n|\n|t:|1700849465\n|move|p2a: Samurott|Sucker Punch|p1a: Electrode\n|-crit|p1a: Electrode\n|-damage|p1a: Electrode|12\/100\n|move|p1a: Electrode|Chloroblast|p2a: Samurott\n|-supereffective|p2a: Samurott\n|-damage|p2a: Samurott|0 fnt\n|faint|p2a: Samurott\n|-damage|p1a: Electrode|0 fnt|[from] Recoil\n|faint|p1a: Electrode\n|\n|upkeep\n|\n|t:|1700849487\n|switch|p1a: Lilligant|Lilligant-Hisui, F|100\/100\n|switch|p2a: Hatterene|Hatterene, F|100\/100\n|-damage|p1a: Lilligant|88\/100|[from] Spikes\n|turn|6\n|\n|t:|1700849492\n|move|p1a: Lilligant|Trick|p2a: Hatterene\n|-activate|p1a: Lilligant|move: Trick|[of] p2a: Hatterene\n|-item|p2a: Hatterene|Choice Scarf|[from] move: Trick\n|-item|p1a: Lilligant|Leftovers|[from] move: Trick\n|move|p2a: Hatterene|Nuzzle|p1a: Lilligant\n|-damage|p1a: Lilligant|79\/100\n|-status|p1a: Lilligant|par\n|replace|p1a: Zoroark|Zoroark-Hisui, F\n|-end|p1a: Zoroark|Illusion\n|\n|-heal|p1a: Zoroark|85\/100 par|[from] item: Leftovers\n|upkeep\n|turn|7\n|\n|t:|1700849506\n|switch|p2a: Ting-Lu|Ting-Lu|100\/100\n|-ability|p2a: Ting-Lu|Vessel of Ruin\n|move|p1a: Zoroark|Bitter Malice|p2a: Ting-Lu\n|-resisted|p2a: Ting-Lu\n|-damage|p2a: Ting-Lu|93\/100\n|-unboost|p2a: Ting-Lu|atk|1\n|\n|-heal|p1a: Zoroark|91\/100 par|[from] item: Leftovers\n|-heal|p2a: Ting-Lu|99\/100|[from] item: Leftovers\n|upkeep\n|turn|8\n|\n|t:|1700849519\n|move|p1a: Zoroark|U-turn|p2a: Ting-Lu\n|-supereffective|p2a: Ting-Lu\n|-damage|p2a: Ting-Lu|80\/100\n|\n|t:|1700849525\n|switch|p1a: Lilligant|Lilligant-Hisui, F|100\/100|[from] U-turn\n|-damage|p1a: Lilligant|88\/100|[from] Spikes\n|move|p2a: Ting-Lu|Stealth Rock|p1a: Lilligant\n|-sidestart|p1: RSDPM|move: Stealth Rock\n|\n|-heal|p2a: Ting-Lu|86\/100|[from] item: Leftovers\n|upkeep\n|turn|9\n|\n|t:|1700849532\n|-terastallize|p2a: Ting-Lu|Poison\n|move|p1a: Lilligant|Victory Dance|p1a: Lilligant\n|-boost|p1a: Lilligant|atk|1\n|-boost|p1a: Lilligant|def|1\n|-boost|p1a: Lilligant|spe|1\n|move|p2a: Ting-Lu|Ruination|p1a: Lilligant|[miss]\n|-miss|p2a: Ting-Lu|p1a: Lilligant\n|\n|-heal|p2a: Ting-Lu|92\/100|[from] item: Leftovers\n|upkeep\n|turn|10\n|\n|t:|1700849554\n|switch|p1a: Lilligant|Lilligant-Hisui, F|91\/100 par\n|-damage|p1a: Lilligant|79\/100 par|[from] Spikes\n|-damage|p1a: Lilligant|67\/100 par|[from] Stealth Rock\n|move|p2a: Ting-Lu|Whirlwind|p1a: Lilligant\n|drag|p1a: Braviary|Braviary-Hisui, M|100\/100\n|\n|-heal|p2a: Ting-Lu|98\/100|[from] item: Leftovers\n|upkeep\n|turn|11\n|\n|t:|1700849567\n|switch|p2a: Hatterene|Hatterene, F|100\/100\n|move|p1a: Braviary|Esper Wing|p2a: Hatterene\n|-resisted|p2a: Hatterene\n|-crit|p2a: Hatterene\n|-damage|p2a: Hatterene|38\/100\n|-boost|p1a: Braviary|spe|1\n|\n|upkeep\n|turn|12\n|\n|t:|1700849577\n|move|p1a: Braviary|Air Slash|p2a: Hatterene\n|-damage|p2a: Hatterene|0 fnt\n|faint|p2a: Hatterene\n|\n|upkeep\n|\n|t:|1700849582\n|switch|p2a: Dragapult|Dragapult, M|100\/100\n|turn|13\n|\n|t:|1700849603\n|-terastallize|p1a: Braviary|Flying\n|move|p2a: Dragapult|Draco Meteor|p1a: Braviary|[miss]\n|-miss|p2a: Dragapult|p1a: Braviary\n|move|p1a: Braviary|Air Slash|p2a: Dragapult\n|-damage|p2a: Dragapult|36\/100\n|\n|upkeep\n|turn|14\n|\n|t:|1700849612\n|move|p2a: Dragapult|Draco Meteor|p1a: Braviary|[miss]\n|-miss|p2a: Dragapult|p1a: Braviary\n|move|p1a: Braviary|Esper Wing|p2a: Dragapult\n|-damage|p2a: Dragapult|0 fnt\n|-boost|p1a: Braviary|spe|1\n|faint|p2a: Dragapult\n|\n|upkeep\n|c|\u2606dark22tj|lol\n|\n|t:|1700849623\n|switch|p2a: Ting-Lu|Ting-Lu, tera:Poison|98\/100\n|-ability|p2a: Ting-Lu|Vessel of Ruin\n|turn|15\n|\n|t:|1700849629\n|move|p1a: Braviary|Esper Wing|p2a: Ting-Lu\n|-supereffective|p2a: Ting-Lu\n|-damage|p2a: Ting-Lu|64\/100\n|-boost|p1a: Braviary|spe|1\n|move|p2a: Ting-Lu|Ruination|p1a: Braviary\n|-damage|p1a: Braviary|51\/100\n|\n|-heal|p2a: Ting-Lu|70\/100|[from] item: Leftovers\n|upkeep\n|turn|16\n|\n|t:|1700849641\n|move|p1a: Braviary|Esper Wing|p2a: Ting-Lu\n|-supereffective|p2a: Ting-Lu\n|-damage|p2a: Ting-Lu|38\/100\n|-boost|p1a: Braviary|spe|1\n|move|p2a: Ting-Lu|Whirlwind|p1a: Braviary\n|drag|p1a: Lilligant|Lilligant-Hisui, F|67\/100 par\n|-damage|p1a: Lilligant|54\/100 par|[from] Spikes\n|-damage|p1a: Lilligant|42\/100 par|[from] Stealth Rock\n|\n|-heal|p1a: Lilligant|48\/100 par|[from] item: Leftovers\n|-heal|p2a: Ting-Lu|45\/100|[from] item: Leftovers\n|upkeep\n|turn|17\n|\n|t:|1700849653\n|switch|p2a: Zapdos|Zapdos|62\/100\n|move|p1a: Lilligant|Bitter Malice|p2a: Zapdos\n|-damage|p2a: Zapdos|27\/100\n|-unboost|p2a: Zapdos|atk|1\n|\n|-heal|p1a: Lilligant|54\/100 par|[from] item: Leftovers\n|upkeep\n|turn|18\n|\n|t:|1700849664\n|move|p2a: Zapdos|Roost|p2a: Zapdos\n|-heal|p2a: Zapdos|77\/100\n|-singleturn|p2a: Zapdos|move: Roost\n|move|p1a: Lilligant|Bitter Malice|p2a: Zapdos\n|-damage|p2a: Zapdos|40\/100\n|-unboost|p2a: Zapdos|atk|1\n|\n|-heal|p1a: Lilligant|60\/100 par|[from] item: Leftovers\n|upkeep\n|turn|19\n|\n|t:|1700849677\n|move|p2a: Zapdos|Roost|p2a: Zapdos\n|-heal|p2a: Zapdos|90\/100\n|-singleturn|p2a: Zapdos|move: Roost\n|move|p1a: Lilligant|Bitter Malice|p2a: Zapdos\n|-damage|p2a: Zapdos|52\/100\n|-unboost|p2a: Zapdos|atk|1\n|\n|-heal|p1a: Lilligant|66\/100 par|[from] item: Leftovers\n|upkeep\n|turn|20\n|\n|t:|1700849680\n|move|p2a: Zapdos|Hurricane|p1a: Lilligant\n|-damage|p1a: Lilligant|0 fnt\n|replace|p1a: Zoroark|Zoroark-Hisui, F\n|-end|p1a: Zoroark|Illusion\n|faint|p1a: Zoroark\n|\n|upkeep\n|\n|t:|1700849702\n|switch|p1a: Arcanine|Arcanine-Hisui, F|100\/100\n|-damage|p1a: Arcanine|88\/100|[from] Spikes\n|-damage|p1a: Arcanine|63\/100|[from] Stealth Rock\n|turn|21\n|\n|t:|1700849709\n|move|p1a: Arcanine|Head Smash|p2a: Zapdos\n|-supereffective|p2a: Zapdos\n|-damage|p2a: Zapdos|0 fnt\n|faint|p2a: Zapdos\n|\n|upkeep\n|\n|t:|1700849713\n|switch|p2a: Cinderace|Cinderace, F|100\/100\n|turn|22\n|\n|t:|1700849721\n|move|p2a: Cinderace|Gunk Shot|p1a: Arcanine|[miss]\n|-start|p2a: Cinderace|typechange|Poison|[from] ability: Libero\n|-miss|p2a: Cinderace|p1a: Arcanine\n|move|p1a: Arcanine|Head Smash|p2a: Cinderace|[miss]\n|-miss|p1a: Arcanine|p2a: Cinderace\n|\n|upkeep\n|turn|23\n|\n|t:|1700849731\n|move|p2a: Cinderace|Gunk Shot|p1a: Arcanine\n|-resisted|p1a: Arcanine\n|-damage|p1a: Arcanine|26\/100\n|-status|p1a: Arcanine|psn\n|move|p1a: Arcanine|Flare Blitz|p2a: Cinderace\n|-damage|p2a: Cinderace|20\/100\n|\n|-damage|p1a: Arcanine|14\/100 psn|[from] psn\n|upkeep\n|turn|24\n|\n|t:|1700849740\n|switch|p2a: Ting-Lu|Ting-Lu, tera:Poison|45\/100\n|-ability|p2a: Ting-Lu|Vessel of Ruin\n|move|p1a: Arcanine|Extreme Speed|p2a: Ting-Lu\n|-damage|p2a: Ting-Lu|31\/100\n|\n|-heal|p2a: Ting-Lu|37\/100|[from] item: Leftovers\n|-damage|p1a: Arcanine|2\/100 psn|[from] psn\n|upkeep\n|turn|25\n|\n|t:|1700849760\n|move|p1a: Arcanine|Head Smash|p2a: Ting-Lu|[miss]\n|-miss|p1a: Arcanine|p2a: Ting-Lu\n|move|p2a: Ting-Lu|Ruination|p1a: Arcanine|[miss]\n|-miss|p2a: Ting-Lu|p1a: Arcanine\n|\n|-heal|p2a: Ting-Lu|43\/100|[from] item: Leftovers\n|-damage|p1a: Arcanine|0 fnt|[from] psn\n|faint|p1a: Arcanine\n|upkeep\n|\n|t:|1700849763\n|switch|p1a: Braviary|Braviary-Hisui, M, tera:Flying|51\/100\n|turn|26\n|\n|t:|1700849768\n|move|p1a: Braviary|Esper Wing|p2a: Ting-Lu\n|-supereffective|p2a: Ting-Lu\n|-damage|p2a: Ting-Lu|12\/100\n|-boost|p1a: Braviary|spe|1\n|move|p2a: Ting-Lu|Whirlwind|p1a: Braviary\n|drag|p1a: Lilligant|Lilligant-Hisui, F|88\/100\n|-damage|p1a: Lilligant|76\/100|[from] Spikes\n|-damage|p1a: Lilligant|70\/100|[from] Stealth Rock\n|\n|-heal|p2a: Ting-Lu|18\/100|[from] item: Leftovers\n|upkeep\n|turn|27\n|\n|t:|1700849778\n|move|p1a: Lilligant|Victory Dance|p1a: Lilligant\n|-boost|p1a: Lilligant|atk|1\n|-boost|p1a: Lilligant|def|1\n|-boost|p1a: Lilligant|spe|1\n|move|p2a: Ting-Lu|Whirlwind|p1a: Lilligant\n|drag|p1a: Braviary|Braviary-Hisui, M, tera:Flying|51\/100\n|\n|-heal|p2a: Ting-Lu|24\/100|[from] item: Leftovers\n|upkeep\n|turn|28\n|\n|t:|1700849785\n|move|p1a: Braviary|Esper Wing|p2a: Ting-Lu\n|-supereffective|p2a: Ting-Lu\n|-damage|p2a: Ting-Lu|0 fnt\n|-boost|p1a: Braviary|spe|1\n|faint|p2a: Ting-Lu\n|\n|upkeep\n|\n|t:|1700849787\n|switch|p2a: Cinderace|Cinderace, F|20\/100\n|turn|29\n|\n|t:|1700849801\n|move|p1a: Braviary|Vacuum Wave|p2a: Cinderace\n|-damage|p2a: Cinderace|0 fnt\n|faint|p2a: Cinderace\n|\n|win|RSDPM\n|raw|RSDPM's rating: 1366 &rarr; <strong>1389<\/strong><br \/>(+23 for winning)\n|raw|dark22tj's rating: 1414 &rarr; <strong>1391<\/strong><br \/>(-23 for losing)\n|l|\u2606dark22tj\n","uploadtime":1700849826,"views":2,"p1id":"rsdpm","p2id":"dark22tj","formatid":"gen9ou","rating":1389,"private":0,"password":""}