{"id":"gen9ou-1990990701","p1":"Ellephantomhive","p2":"Mcgribbers","format":"[Gen 9] OU","log":"|j|\u2606Ellephantomhive\n|j|\u2606Mcgribbers\n|t:|1700024293\n|gametype|singles\n|player|p1|Ellephantomhive|dawn|1179\n|player|p2|Mcgribbers|101|1096\n|teamsize|p1|6\n|teamsize|p2|6\n|gen|9\n|tier|[Gen 9] OU\n|rated|\n|rule|Sleep Clause Mod: Limit one foe put to sleep\n|rule|Species Clause: Limit one of each Pok\u00e9mon\n|rule|OHKO Clause: OHKO moves are banned\n|rule|Evasion Items Clause: Evasion items are banned\n|rule|Evasion Moves Clause: Evasion moves are banned\n|rule|Endless Battle Clause: Forcing endless battles is banned\n|rule|HP Percentage Mod: HP is shown in percentages\n|clearpoke\n|poke|p1|Espeon, F|\n|poke|p1|Lucario, F|\n|poke|p1|Dragapult, F|\n|poke|p1|Chansey, F|\n|poke|p1|Azumarill, M|\n|poke|p1|Mandibuzz, F|\n|poke|p2|Gholdengo|\n|poke|p2|Heatran, M|\n|poke|p2|Dragonite, F|\n|poke|p2|Glimmora, M|\n|poke|p2|Iron Valiant|\n|poke|p2|Landorus-Therian, M|\n|teampreview\n|\n|t:|1700024309\n|start\n|switch|p1a: Any Cemar|Espeon, F|100\/100\n|switch|p2a: Glimmora|Glimmora, M|100\/100\n|turn|1\n|\n|t:|1700024316\n|move|p1a: Any Cemar|Trick|p2a: Glimmora\n|-activate|p1a: Any Cemar|move: Trick|[of] p2a: Glimmora\n|-item|p2a: Glimmora|Choice Scarf|[from] move: Trick\n|-item|p1a: Any Cemar|Focus Sash|[from] move: Trick\n|move|p2a: Glimmora|Spikes|p1a: Any Cemar\n|move|p1a: Any Cemar|Spikes|p2a: Glimmora|[from]ability: Magic Bounce\n|-sidestart|p2: Mcgribbers|Spikes\n|\n|upkeep\n|turn|2\n|\n|t:|1700024355\n|switch|p2a: Gholdengo|Gholdengo|100\/100\n|-item|p2a: Gholdengo|Air Balloon\n|move|p1a: Any Cemar|Calm Mind|p1a: Any Cemar\n|-boost|p1a: Any Cemar|spa|1\n|-boost|p1a: Any Cemar|spd|1\n|\n|upkeep\n|turn|3\n|\n|t:|1700024363\n|move|p1a: Any Cemar|Shadow Ball|p2a: Gholdengo\n|-supereffective|p2a: Gholdengo\n|-damage|p2a: Gholdengo|11\/100\n|-enditem|p2a: Gholdengo|Air Balloon\n|move|p2a: Gholdengo|Shadow Ball|p1a: Any Cemar\n|-supereffective|p1a: Any Cemar\n|-damage|p1a: Any Cemar|32\/100\n|\n|upkeep\n|turn|4\n|\n|t:|1700024376\n|move|p1a: Any Cemar|Shadow Ball|p2a: Gholdengo\n|-supereffective|p2a: Gholdengo\n|-damage|p2a: Gholdengo|0 fnt\n|faint|p2a: Gholdengo\n|\n|upkeep\n|\n|t:|1700024385\n|switch|p2a: Dragonite|Dragonite, F|100\/100\n|turn|5\n|\n|t:|1700024394\n|move|p2a: Dragonite|Extreme Speed|p1a: Any Cemar\n|-damage|p1a: Any Cemar|0 fnt\n|faint|p1a: Any Cemar\n|\n|upkeep\n|\n|t:|1700024423\n|switch|p1a: Ete Sech|Azumarill, M|100\/100\n|turn|6\n|\n|t:|1700024430\n|switch|p2a: Heatran|Heatran, M|100\/100\n|-damage|p2a: Heatran|88\/100|[from] Spikes\n|move|p1a: Ete Sech|Ice Spinner|p2a: Heatran\n|-resisted|p2a: Heatran\n|-damage|p2a: Heatran|82\/100\n|\n|-heal|p2a: Heatran|88\/100|[from] item: Leftovers\n|upkeep\n|turn|7\n|\n|t:|1700024445\n|move|p2a: Heatran|Will-O-Wisp|p1a: Ete Sech\n|-status|p1a: Ete Sech|brn\n|move|p1a: Ete Sech|Belly Drum|p1a: Ete Sech\n|-damage|p1a: Ete Sech|51\/100 brn\n|-setboost|p1a: Ete Sech|atk|6|[from] move: Belly Drum\n|\n|-heal|p2a: Heatran|94\/100|[from] item: Leftovers\n|-heal|p1a: Ete Sech|57\/100 brn|[from] item: Leftovers\n|-damage|p1a: Ete Sech|51\/100 brn|[from] brn\n|upkeep\n|turn|8\n|\n|t:|1700024467\n|switch|p2a: Iron Valiant|Iron Valiant|100\/100\n|-damage|p2a: Iron Valiant|88\/100|[from] Spikes\n|-enditem|p2a: Iron Valiant|Booster Energy\n|-activate|p2a: Iron Valiant|ability: Quark Drive|[fromitem]\n|-start|p2a: Iron Valiant|quarkdrivespe\n|move|p1a: Ete Sech|Aqua Jet|p2a: Iron Valiant\n|-damage|p2a: Iron Valiant|19\/100\n|\n|-heal|p1a: Ete Sech|57\/100 brn|[from] item: Leftovers\n|-damage|p1a: Ete Sech|51\/100 brn|[from] brn\n|upkeep\n|turn|9\n|\n|t:|1700024482\n|move|p1a: Ete Sech|Aqua Jet|p2a: Iron Valiant\n|-damage|p2a: Iron Valiant|0 fnt\n|faint|p2a: Iron Valiant\n|-end|p2a: Iron Valiant|Quark Drive|[silent]\n|\n|-heal|p1a: Ete Sech|57\/100 brn|[from] item: Leftovers\n|-damage|p1a: Ete Sech|51\/100 brn|[from] brn\n|upkeep\n|\n|t:|1700024490\n|switch|p2a: Dragonite|Dragonite, F|100\/100\n|turn|10\n|\n|t:|1700024499\n|-terastallize|p2a: Dragonite|Normal\n|move|p2a: Dragonite|Extreme Speed|p1a: Ete Sech\n|-damage|p1a: Ete Sech|0 fnt\n|faint|p1a: Ete Sech\n|\n|upkeep\n|\n|t:|1700024508\n|switch|p1a: ni\u00f1o del oxxo|Lucario, F|100\/100\n|turn|11\n|\n|t:|1700024523\n|move|p1a: ni\u00f1o del oxxo|Close Combat|p2a: Dragonite\n|-supereffective|p2a: Dragonite\n|-damage|p2a: Dragonite|15\/100\n|-unboost|p1a: ni\u00f1o del oxxo|def|1\n|-unboost|p1a: ni\u00f1o del oxxo|spd|1\n|move|p2a: Dragonite|Earthquake|p1a: ni\u00f1o del oxxo\n|-supereffective|p1a: ni\u00f1o del oxxo\n|-damage|p1a: ni\u00f1o del oxxo|0 fnt\n|faint|p1a: ni\u00f1o del oxxo\n|\n|upkeep\n|\n|t:|1700024541\n|switch|p1a: Tilina|Chansey, F|100\/100\n|turn|12\n|\n|t:|1700024549\n|move|p2a: Dragonite|Dragon Dance|p2a: Dragonite\n|-boost|p2a: Dragonite|atk|1\n|-boost|p2a: Dragonite|spe|1\n|move|p1a: Tilina|Seismic Toss|p2a: Dragonite\n|-damage|p2a: Dragonite|0 fnt\n|faint|p2a: Dragonite\n|\n|upkeep\n|\n|t:|1700024566\n|switch|p2a: Glimmora|Glimmora, M|100\/100\n|-damage|p2a: Glimmora|88\/100|[from] Spikes\n|turn|13\n|\n|t:|1700024575\n|switch|p1a: Solidus Snake|Dragapult, F|100\/100\n|move|p2a: Glimmora|Toxic|p1a: Solidus Snake\n|-status|p1a: Solidus Snake|tox\n|\n|-damage|p1a: Solidus Snake|94\/100 tox|[from] psn\n|upkeep\n|turn|14\n|\n|t:|1700024587\n|switch|p2a: Heatran|Heatran, M|94\/100\n|-damage|p2a: Heatran|82\/100|[from] Spikes\n|move|p1a: Solidus Snake|Draco Meteor|p2a: Heatran\n|-resisted|p2a: Heatran\n|-damage|p2a: Heatran|53\/100\n|-unboost|p1a: Solidus Snake|spa|2\n|\n|-heal|p2a: Heatran|60\/100|[from] item: Leftovers\n|-damage|p1a: Solidus Snake|82\/100 tox|[from] psn\n|upkeep\n|turn|15\n|\n|t:|1700024599\n|switch|p1a: Tilina|Chansey, F|100\/100\n|move|p2a: Heatran|Magma Storm|p1a: Tilina\n|-damage|p1a: Tilina|88\/100\n|-activate|p1a: Tilina|move: Magma Storm|[of] p2a: Heatran\n|\n|-heal|p2a: Heatran|66\/100|[from] item: Leftovers\n|-damage|p1a: Tilina|75\/100|[from] move: Magma Storm|[partiallytrapped]\n|upkeep\n|turn|16\n|\n|t:|1700024609\n|move|p2a: Heatran|Will-O-Wisp|p1a: Tilina\n|-status|p1a: Tilina|brn\n|move|p1a: Tilina|Stealth Rock|p2a: Heatran\n|-sidestart|p2: Mcgribbers|move: Stealth Rock\n|\n|-heal|p2a: Heatran|72\/100|[from] item: Leftovers\n|-damage|p1a: Tilina|69\/100 brn|[from] brn\n|-damage|p1a: Tilina|57\/100 brn|[from] move: Magma Storm|[partiallytrapped]\n|upkeep\n|turn|17\n|\n|t:|1700024620\n|move|p2a: Heatran|Stealth Rock|p1a: Tilina\n|-sidestart|p1: Ellephantomhive|move: Stealth Rock\n|move|p1a: Tilina|Seismic Toss|p2a: Heatran\n|-damage|p2a: Heatran|46\/100\n|\n|-heal|p2a: Heatran|52\/100|[from] item: Leftovers\n|-damage|p1a: Tilina|51\/100 brn|[from] brn\n|-damage|p1a: Tilina|38\/100 brn|[from] move: Magma Storm|[partiallytrapped]\n|upkeep\n|turn|18\n|\n|t:|1700024631\n|switch|p2a: Glimmora|Glimmora, M|88\/100\n|-damage|p2a: Glimmora|76\/100|[from] Spikes\n|-damage|p2a: Glimmora|63\/100|[from] Stealth Rock\n|move|p1a: Tilina|Thunder Wave|p2a: Glimmora|[miss]\n|-miss|p1a: Tilina|p2a: Glimmora\n|\n|-damage|p1a: Tilina|32\/100 brn|[from] brn\n|-end|p1a: Tilina|Magma Storm|[partiallytrapped]|[silent]\n|upkeep\n|turn|19\n|\n|t:|1700024651\n|move|p2a: Glimmora|Spikes|p1a: Tilina\n|-sidestart|p1: Ellephantomhive|Spikes\n|move|p1a: Tilina|Soft-Boiled|p1a: Tilina\n|-heal|p1a: Tilina|82\/100 brn\n|\n|-damage|p1a: Tilina|76\/100 brn|[from] brn\n|upkeep\n|turn|20\n|\n|t:|1700024664\n|-curestatus|p1a: Tilina|brn|[from] ability: Natural Cure\n|switch|p1a: Solidus Snake|Dragapult, F|82\/100 tox\n|-damage|p1a: Solidus Snake|70\/100 tox|[from] Stealth Rock\n|-damage|p1a: Solidus Snake|58\/100 tox|[from] Spikes\n|move|p2a: Glimmora|Spikes|p1a: Solidus Snake\n|-sidestart|p1: Ellephantomhive|Spikes\n|\n|-damage|p1a: Solidus Snake|52\/100 tox|[from] psn\n|upkeep\n|turn|21\n|\n|t:|1700024675\n|switch|p2a: Heatran|Heatran, M|52\/100\n|-damage|p2a: Heatran|40\/100|[from] Spikes\n|-damage|p2a: Heatran|27\/100|[from] Stealth Rock\n|move|p1a: Solidus Snake|Shadow Ball|p2a: Heatran\n|-damage|p2a: Heatran|0 fnt\n|faint|p2a: Heatran\n|\n|-damage|p1a: Solidus Snake|39\/100 tox|[from] psn\n|upkeep\n|\n|t:|1700024687\n|switch|p2a: Landorus|Landorus-Therian, M|100\/100\n|-damage|p2a: Landorus|88\/100|[from] Stealth Rock\n|-ability|p2a: Landorus|Intimidate|boost\n|-unboost|p1a: Solidus Snake|atk|1\n|turn|22\n|\n|t:|1700024697\n|move|p1a: Solidus Snake|Shadow Ball|p2a: Landorus\n|-damage|p2a: Landorus|28\/100\n|move|p2a: Landorus|Earthquake|p1a: Solidus Snake\n|-damage|p1a: Solidus Snake|0 fnt\n|faint|p1a: Solidus Snake\n|\n|-heal|p2a: Landorus|34\/100|[from] item: Leftovers\n|upkeep\n|\n|t:|1700024705\n|switch|p1a: Bellkath|Mandibuzz, F|100\/100\n|-damage|p1a: Bellkath|76\/100|[from] Stealth Rock\n|turn|23\n|\n|t:|1700024711\n|move|p2a: Landorus|Smack Down|p1a: Bellkath\n|-supereffective|p1a: Bellkath\n|-crit|p1a: Bellkath\n|-damage|p1a: Bellkath|41\/100\n|-start|p1a: Bellkath|Smack Down\n|move|p1a: Bellkath|Knock Off|p2a: Landorus\n|-damage|p2a: Landorus|21\/100\n|-enditem|p2a: Landorus|Leftovers|[from] move: Knock Off|[of] p1a: Bellkath\n|\n|-heal|p1a: Bellkath|48\/100|[from] item: Leftovers\n|upkeep\n|turn|24\n|\n|t:|1700024724\n|move|p2a: Landorus|Earthquake|p1a: Bellkath\n|-crit|p1a: Bellkath\n|-damage|p1a: Bellkath|2\/100\n|move|p1a: Bellkath|Roost|p1a: Bellkath\n|-heal|p1a: Bellkath|52\/100\n|-singleturn|p1a: Bellkath|move: Roost\n|\n|-heal|p1a: Bellkath|58\/100|[from] item: Leftovers\n|upkeep\n|turn|25\n|\n|t:|1700024734\n|move|p2a: Landorus|Earthquake|p1a: Bellkath\n|-damage|p1a: Bellkath|26\/100\n|move|p1a: Bellkath|Scary Face|p2a: Landorus\n|-unboost|p2a: Landorus|spe|2\n|\n|-heal|p1a: Bellkath|32\/100|[from] item: Leftovers\n|upkeep\n|turn|26\n|\n|t:|1700024742\n|move|p1a: Bellkath|Roost|p1a: Bellkath\n|-heal|p1a: Bellkath|82\/100\n|-singleturn|p1a: Bellkath|move: Roost\n|move|p2a: Landorus|Earthquake|p1a: Bellkath\n|-damage|p1a: Bellkath|48\/100\n|\n|-heal|p1a: Bellkath|54\/100|[from] item: Leftovers\n|upkeep\n|turn|27\n|\n|t:|1700024754\n|move|p1a: Bellkath|Knock Off|p2a: Landorus\n|-damage|p2a: Landorus|11\/100\n|move|p2a: Landorus|Earthquake|p1a: Bellkath\n|-damage|p1a: Bellkath|20\/100\n|\n|-heal|p1a: Bellkath|27\/100|[from] item: Leftovers\n|upkeep\n|turn|28\n|\n|t:|1700024765\n|switch|p2a: Glimmora|Glimmora, M|63\/100\n|-damage|p2a: Glimmora|51\/100|[from] Spikes\n|-damage|p2a: Glimmora|39\/100|[from] Stealth Rock\n|move|p1a: Bellkath|Roost|p1a: Bellkath\n|-heal|p1a: Bellkath|77\/100\n|-singleturn|p1a: Bellkath|move: Roost\n|\n|-heal|p1a: Bellkath|83\/100|[from] item: Leftovers\n|upkeep\n|turn|29\n|\n|t:|1700024778\n|move|p2a: Glimmora|Toxic|p1a: Bellkath\n|-status|p1a: Bellkath|tox\n|move|p1a: Bellkath|Scary Face|p2a: Glimmora\n|-unboost|p2a: Glimmora|spe|2\n|\n|-heal|p1a: Bellkath|89\/100 tox|[from] item: Leftovers\n|-damage|p1a: Bellkath|83\/100 tox|[from] psn\n|upkeep\n|turn|30\n|\n|t:|1700024788\n|switch|p2a: Landorus|Landorus-Therian, M|11\/100\n|-damage|p2a: Landorus|0 fnt|[from] Stealth Rock\n|faint|p2a: Landorus\n|move|p1a: Bellkath|Knock Off|p2: Landorus|[notarget]\n|-fail|p1a: Bellkath\n|\n|-heal|p1a: Bellkath|89\/100 tox|[from] item: Leftovers\n|-damage|p1a: Bellkath|77\/100 tox|[from] psn\n|upkeep\n|\n|t:|1700024798\n|switch|p2a: Glimmora|Glimmora, M|39\/100\n|-damage|p2a: Glimmora|26\/100|[from] Spikes\n|-damage|p2a: Glimmora|14\/100|[from] Stealth Rock\n|turn|31\n|\n|t:|1700024804\n|move|p2a: Glimmora|Energy Ball|p1a: Bellkath\n|-resisted|p1a: Bellkath\n|-damage|p1a: Bellkath|64\/100 tox\n|move|p1a: Bellkath|Knock Off|p2a: Glimmora\n|-damage|p2a: Glimmora|0 fnt\n|-activate|p2a: Glimmora|ability: Toxic Debris\n|-sidestart|p1: Ellephantomhive|move: Toxic Spikes\n|-enditem|p2a: Glimmora|Choice Scarf|[from] move: Knock Off|[of] p1a: Bellkath\n|faint|p2a: Glimmora\n|\n|win|Ellephantomhive\n|raw|Ellephantomhive's rating: 1179 &rarr; <strong>1198<\/strong><br \/>(+19 for winning)\n|raw|Mcgribbers's rating: 1096 &rarr; <strong>1077<\/strong><br \/>(-19 for losing)\n|c|\u2606Ellephantomhive|gg\n","uploadtime":1700024814,"views":8,"p1id":"ellephantomhive","p2id":"mcgribbers","formatid":"gen9ou","rating":1077,"private":0,"password":""}