{"id":"gen9ou-1999661089","p1":"liaoya","p2":"tekken_is_life","format":"[Gen 9] OU","log":"|j|\u2606liaoya\n|j|\u203dtekken_is_life\n|t:|1701105543\n|gametype|singles\n|player|p1|liaoya|petrel|1556\n|player|p2|tekken_is_life|riley|1669\n|teamsize|p1|6\n|teamsize|p2|6\n|gen|9\n|tier|[Gen 9] OU\n|rated|\n|rule|Sleep Clause Mod: Limit one foe put to sleep\n|rule|Species Clause: Limit one of each Pok\u00e9mon\n|rule|OHKO Clause: OHKO moves are banned\n|rule|Evasion Items Clause: Evasion items are banned\n|rule|Evasion Moves Clause: Evasion moves are banned\n|rule|Endless Battle Clause: Forcing endless battles is banned\n|rule|HP Percentage Mod: HP is shown in percentages\n|clearpoke\n|poke|p1|Drifblim, M|\n|poke|p1|Garganacl, F|\n|poke|p1|Umbreon, M|\n|poke|p1|Rotom-Wash|\n|poke|p1|Glimmora, F|\n|poke|p1|Espeon, M|\n|poke|p2|Dragonite, M|\n|poke|p2|Greninja-*, M|\n|poke|p2|Sandy Shocks|\n|poke|p2|Zamazenta-*|\n|poke|p2|Gholdengo|\n|poke|p2|Muk-Alola, F|\n|teampreview\n|inactive|Battle timer is ON: inactive players will automatically lose when time's up. (requested by liaoya)\n|\n|t:|1701105561\n|start\n|switch|p1a: Rotom|Rotom-Wash|100\/100\n|switch|p2a: Muk|Muk-Alola, F|100\/100\n|turn|1\n|\n|t:|1701105566\n|move|p2a: Muk|Protect|p2a: Muk\n|-singleturn|p2a: Muk|Protect\n|move|p1a: Rotom|Trick|p2a: Muk\n|-activate|p2a: Muk|move: Protect\n|\n|upkeep\n|turn|2\n|\n|t:|1701105594\n|switch|p1a: Garganacl|Garganacl, F, shiny|100\/100\n|switch|p2a: Greninja|Greninja, M|100\/100\n|\n|upkeep\n|turn|3\n|\n|t:|1701105602\n|switch|p1a: Umbreon|Umbreon, M, shiny|100\/100\n|move|p2a: Greninja|Spikes|p1a: Umbreon\n|-sidestart|p1: liaoya|Spikes\n|\n|upkeep\n|turn|4\n|\n|t:|1701105615\n|switch|p2a: Muk|Muk-Alola, F|100\/100\n|move|p1a: Umbreon|Yawn|p2a: Muk\n|-start|p2a: Muk|move: Yawn|[of] p1a: Umbreon\n|\n|upkeep\n|turn|5\n|\n|t:|1701105620\n|switch|p1a: Rotom|Rotom-Wash|100\/100\n|switch|p2a: Greninja|Greninja, M|100\/100\n|\n|upkeep\n|turn|6\n|\n|t:|1701105632\n|switch|p2a: Gholdengo|Gholdengo|100\/100\n|move|p1a: Rotom|Trick|p2a: Gholdengo\n|-immune|p2a: Gholdengo|[from] ability: Good as Gold\n|\n|upkeep\n|turn|7\n|\n|t:|1701105647\n|switch|p1a: Espeon|Espeon, M|100\/100\n|-damage|p1a: Espeon|88\/100|[from] Spikes\n|switch|p2a: Sandy Shocks|Sandy Shocks|100\/100\n|-enditem|p2a: Sandy Shocks|Booster Energy\n|-activate|p2a: Sandy Shocks|ability: Protosynthesis|[fromitem]\n|-start|p2a: Sandy Shocks|protosynthesisspe\n|\n|upkeep\n|turn|8\n|\n|t:|1701105652\n|move|p2a: Sandy Shocks|Thunderbolt|p1a: Espeon\n|-damage|p1a: Espeon|44\/100\n|move|p1a: Espeon|Trick|p2a: Sandy Shocks\n|-activate|p1a: Espeon|move: Trick|[of] p2a: Sandy Shocks\n|-item|p2a: Sandy Shocks|Choice Scarf|[from] move: Trick\n|-enditem|p1a: Espeon|Choice Scarf|[silent]|[from] move: Trick\n|\n|upkeep\n|turn|9\n|\n|t:|1701105666\n|move|p2a: Sandy Shocks|Stealth Rock|p1a: Espeon\n|move|p1a: Espeon|Stealth Rock|p2a: Sandy Shocks|[from]ability: Magic Bounce\n|-sidestart|p2: tekken_is_life|move: Stealth Rock\n|move|p1a: Espeon|Psyshock|p2a: Sandy Shocks\n|-damage|p2a: Sandy Shocks|62\/100\n|\n|upkeep\n|turn|10\n|-message|tekken_is_life forfeited.\n|\n|win|liaoya\n|raw|liaoya's rating: 1556 &rarr; <strong>1582<\/strong><br \/>(+26 for winning)\n|raw|tekken_is_life's rating: 1669 &rarr; <strong>1643<\/strong><br \/>(-26 for losing)\n|l|\u203dtekken_is_life\n","uploadtime":1701105675,"views":3,"p1id":"liaoya","p2id":"tekkenislife","formatid":"gen9ou","rating":1582,"private":0,"password":""}