{"id":"gen9ou-1999966843","p1":"soberlyquoting","p2":"TallGuyInATophat","format":"[Gen 9] OU","log":"|j|\u2606soberlyquoting\n|j|\u2606TallGuyInATophat\n|t:|1701135588\n|gametype|singles\n|player|p1|soberlyquoting|leaf-masters|1185\n|player|p2|TallGuyInATophat|gentleman-gen4|1169\n|teamsize|p1|6\n|teamsize|p2|6\n|gen|9\n|tier|[Gen 9] OU\n|rated|\n|rule|Sleep Clause Mod: Limit one foe put to sleep\n|rule|Species Clause: Limit one of each Pok\u00e9mon\n|rule|OHKO Clause: OHKO moves are banned\n|rule|Evasion Items Clause: Evasion items are banned\n|rule|Evasion Moves Clause: Evasion moves are banned\n|rule|Endless Battle Clause: Forcing endless battles is banned\n|rule|HP Percentage Mod: HP is shown in percentages\n|clearpoke\n|poke|p1|Ogerpon-Wellspring, F|\n|poke|p1|Cinderace, F|\n|poke|p1|Walking Wake|\n|poke|p1|Landorus-Therian, M|\n|poke|p1|Heatran, F|\n|poke|p1|Gholdengo|\n|poke|p2|Scizor, M|\n|poke|p2|Ribombee, M|\n|poke|p2|Greninja-*, M|\n|poke|p2|Zoroark-Hisui, M|\n|poke|p2|Tauros, M|\n|poke|p2|Lucario, M|\n|teampreview\n|\n|t:|1701135611\n|start\n|switch|p1a: Walkin' on the|Landorus-Therian, M|100\/100\n|switch|p2a: Ninjago|Greninja, M|100\/100\n|-ability|p1a: Walkin' on the|Intimidate|boost\n|-unboost|p2a: Ninjago|atk|1\n|turn|1\n|\n|t:|1701135620\n|move|p2a: Ninjago|Nasty Plot|p2a: Ninjago\n|-boost|p2a: Ninjago|spa|2\n|move|p1a: Walkin' on the|U-turn|p2a: Ninjago\n|-resisted|p2a: Ninjago\n|-damage|p2a: Ninjago|74\/100\n|replace|p2a: Concealobo|Zoroark-Hisui, M, shiny\n|-end|p2a: Concealobo|Illusion\n|\n|t:|1701135639\n|switch|p1a: World Chase Tag|Cinderace, F|100\/100|[from] U-turn\n|\n|upkeep\n|turn|2\n|\n|t:|1701135645\n|move|p1a: World Chase Tag|Sucker Punch|p2a: Concealobo\n|-start|p1a: World Chase Tag|typechange|Dark|[from] ability: Libero\n|-supereffective|p2a: Concealobo\n|-damage|p2a: Concealobo|0 fnt\n|faint|p2a: Concealobo\n|\n|upkeep\n|\n|t:|1701135653\n|switch|p2a: '34|Lucario, M|100\/100\n|turn|3\n|\n|t:|1701135659\n|move|p2a: '34|Vacuum Wave|p1a: World Chase Tag\n|-supereffective|p1a: World Chase Tag\n|-damage|p1a: World Chase Tag|53\/100\n|move|p1a: World Chase Tag|Pyro Ball|p2a: '34\n|-supereffective|p2a: '34\n|-damage|p2a: '34|0 fnt\n|faint|p2a: '34\n|\n|upkeep\n|\n|t:|1701135670\n|switch|p2a: Ninjago|Greninja, M|100\/100\n|turn|4\n|\n|t:|1701135679\n|switch|p1a: Coinstar 4 Cheese|Gholdengo|100\/100\n|-terastallize|p2a: Ninjago|Water\n|move|p2a: Ninjago|Water Shuriken|p1a: Coinstar 4 Cheese\n|-damage|p1a: Coinstar 4 Cheese|91\/100\n|-damage|p1a: Coinstar 4 Cheese|81\/100\n|-damage|p1a: Coinstar 4 Cheese|72\/100\n|-damage|p1a: Coinstar 4 Cheese|61\/100\n|-hitcount|p1a: Coinstar 4 Cheese|4\n|\n|-heal|p1a: Coinstar 4 Cheese|67\/100|[from] item: Leftovers\n|upkeep\n|turn|5\n|\n|t:|1701135690\n|move|p2a: Ninjago|Dark Pulse|p1a: Coinstar 4 Cheese\n|-supereffective|p1a: Coinstar 4 Cheese\n|-damage|p1a: Coinstar 4 Cheese|0 fnt\n|faint|p1a: Coinstar 4 Cheese\n|-ability|p2a: Ninjago|Battle Bond|boost\n|-boost|p2a: Ninjago|atk|1\n|-boost|p2a: Ninjago|spa|1\n|-boost|p2a: Ninjago|spe|1\n|-activate|p2a: Ninjago|ability: Battle Bond\n|\n|upkeep\n|\n|t:|1701135710\n|switch|p1a: New Orleans|Walking Wake|100\/100\n|-enditem|p1a: New Orleans|Booster Energy\n|-activate|p1a: New Orleans|ability: Protosynthesis|[fromitem]\n|-start|p1a: New Orleans|protosynthesisspa\n|turn|6\n|\n|t:|1701135718\n|move|p2a: Ninjago|Grass Knot|p1a: New Orleans\n|-damage|p1a: New Orleans|43\/100\n|move|p1a: New Orleans|Draco Meteor|p2a: Ninjago\n|-damage|p2a: Ninjago|0 fnt\n|-unboost|p1a: New Orleans|spa|2\n|faint|p2a: Ninjago\n|\n|upkeep\n|\n|t:|1701135731\n|switch|p2a: Honeybreeze|Ribombee, M, shiny|100\/100\n|turn|7\n|\n|t:|1701135736\n|move|p2a: Honeybreeze|Moonblast|p1a: New Orleans\n|-supereffective|p1a: New Orleans\n|-crit|p1a: New Orleans\n|-damage|p1a: New Orleans|0 fnt\n|faint|p1a: New Orleans\n|-end|p1a: New Orleans|Protosynthesis|[silent]\n|\n|upkeep\n|\n|t:|1701135743\n|switch|p1a: Walkin' on the|Landorus-Therian, M|100\/100\n|-ability|p1a: Walkin' on the|Intimidate|boost\n|-unboost|p2a: Honeybreeze|atk|1\n|turn|8\n|\n|t:|1701135750\n|move|p2a: Honeybreeze|Sticky Web|p1a: Walkin' on the\n|-sidestart|p1: soberlyquoting|move: Sticky Web\n|move|p1a: Walkin' on the|Stone Edge|p2a: Honeybreeze\n|-supereffective|p2a: Honeybreeze\n|-enditem|p2a: Honeybreeze|Focus Sash\n|-damage|p2a: Honeybreeze|1\/100\n|\n|upkeep\n|turn|9\n|c|\u2606TallGuyInATophat|what is he walkin' on\n|\n|t:|1701135763\n|move|p2a: Honeybreeze|Tailwind|p2a: Honeybreeze\n|-sidestart|p2: TallGuyInATophat|move: Tailwind\n|move|p1a: Walkin' on the|U-turn|p2a: Honeybreeze\n|-resisted|p2a: Honeybreeze\n|-damage|p2a: Honeybreeze|0 fnt\n|faint|p2a: Honeybreeze\n|\n|t:|1701135773\n|switch|p1a: World Chase Tag|Cinderace, F|53\/100|[from] U-turn\n|\n|upkeep\n|\n|t:|1701135776\n|switch|p2a: Longhorn|Tauros, M, shiny|100\/100\n|turn|10\n|\n|t:|1701135785\n|move|p2a: Longhorn|Earthquake|p1a: World Chase Tag\n|-supereffective|p1a: World Chase Tag\n|-damage|p1a: World Chase Tag|0 fnt\n|faint|p1a: World Chase Tag\n|\n|upkeep\n|\n|t:|1701135788\n|switch|p1a: Walkin' on the|Landorus-Therian, M|100\/100\n|-ability|p1a: Walkin' on the|Intimidate|boost\n|-unboost|p2a: Longhorn|atk|1\n|turn|11\n|\n|t:|1701135799\n|move|p2a: Longhorn|Double-Edge|p1a: Walkin' on the\n|-damage|p1a: Walkin' on the|50\/100\n|-damage|p2a: Longhorn|82\/100|[from] Recoil\n|move|p1a: Walkin' on the|Earthquake|p2a: Longhorn\n|-damage|p2a: Longhorn|9\/100\n|\n|-heal|p1a: Walkin' on the|56\/100|[from] item: Leftovers\n|upkeep\n|turn|12\n|\n|t:|1701135818\n|move|p2a: Longhorn|Double-Edge|p1a: Walkin' on the\n|-damage|p1a: Walkin' on the|8\/100\n|-damage|p2a: Longhorn|0 fnt|[from] Recoil\n|faint|p2a: Longhorn\n|move|p1a: Walkin' on the|Earthquake|p2: Longhorn|[notarget]\n|-fail|p1a: Walkin' on the\n|\n|-heal|p1a: Walkin' on the|14\/100|[from] item: Leftovers\n|-sideend|p2: TallGuyInATophat|move: Tailwind\n|upkeep\n|\n|t:|1701135827\n|switch|p2a: Ironfist|Scizor, M|100\/100\n|turn|13\n|c|\u2606TallGuyInATophat|gg\n|\n|t:|1701135835\n|move|p2a: Ironfist|Bullet Punch|p1a: Walkin' on the\n|-damage|p1a: Walkin' on the|0 fnt\n|faint|p1a: Walkin' on the\n|\n|upkeep\n|\n|t:|1701135837\n|switch|p1a: Minecraft in 4k|Heatran, F|100\/100\n|-activate|p1a: Minecraft in 4k|move: Sticky Web\n|-unboost|p1a: Minecraft in 4k|spe|1\n|-enditem|p1a: Minecraft in 4k|Eject Pack\n|\n|t:|1701135841\n|switch|p1a: :pensive:|Ogerpon-Wellspring, F|100\/100\n|-activate|p1a: :pensive:|move: Sticky Web\n|-unboost|p1a: :pensive:|spe|1\n|turn|14\n|\n|t:|1701135853\n|move|p1a: :pensive:|Encore|p2a: Ironfist\n|-start|p2a: Ironfist|Encore\n|move|p2a: Ironfist|Bullet Punch|p1a: :pensive:\n|-resisted|p1a: :pensive:\n|-damage|p1a: :pensive:|72\/100\n|\n|upkeep\n|turn|15\n|\n|t:|1701135863\n|switch|p1a: Minecraft in 4k|Heatran, F|100\/100\n|-activate|p1a: Minecraft in 4k|move: Sticky Web\n|-unboost|p1a: Minecraft in 4k|spe|1\n|move|p2a: Ironfist|Bullet Punch|p1a: Minecraft in 4k\n|-resisted|p1a: Minecraft in 4k\n|-damage|p1a: Minecraft in 4k|92\/100\n|\n|upkeep\n|turn|16\n|\n|t:|1701135870\n|move|p2a: Ironfist|Bullet Punch|p1a: Minecraft in 4k\n|-resisted|p1a: Minecraft in 4k\n|-damage|p1a: Minecraft in 4k|84\/100\n|move|p1a: Minecraft in 4k|Overheat|p2a: Ironfist\n|-supereffective|p2a: Ironfist\n|-damage|p2a: Ironfist|0 fnt\n|-unboost|p1a: Minecraft in 4k|spa|2\n|faint|p2a: Ironfist\n|\n|win|soberlyquoting\n|raw|soberlyquoting's rating: 1185 &rarr; <strong>1209<\/strong><br \/>(+24 for winning)\n|raw|TallGuyInATophat's rating: 1169 &rarr; <strong>1145<\/strong><br \/>(-24 for losing)\n|c|\u2606soberlyquoting|gg\n|c|\u2606TallGuyInATophat|gg\\\n|l|\u2606TallGuyInATophat\n","uploadtime":1701135890,"views":4,"p1id":"soberlyquoting","p2id":"tallguyinatophat","formatid":"gen9ou","rating":1145,"private":0,"password":""}