{"id":"gen9ou-1995141681","p1":"mmk6ix","p2":"ookillemd-tan","format":"[Gen 9] OU","log":"|j|\u2606mmk6ix\n|j|\u2606ookillemd-tan\n|t:|1700527217\n|gametype|singles\n|player|p1|mmk6ix|wulfric|1721\n|player|p2|ookillemd-tan|2|1769\n|teamsize|p1|6\n|teamsize|p2|6\n|gen|9\n|tier|[Gen 9] OU\n|rated|\n|rule|Sleep Clause Mod: Limit one foe put to sleep\n|rule|Species Clause: Limit one of each Pok\u00e9mon\n|rule|OHKO Clause: OHKO moves are banned\n|rule|Evasion Items Clause: Evasion items are banned\n|rule|Evasion Moves Clause: Evasion moves are banned\n|rule|Endless Battle Clause: Forcing endless battles is banned\n|rule|HP Percentage Mod: HP is shown in percentages\n|clearpoke\n|poke|p1|Ceruledge, F|\n|poke|p1|Zamazenta-*|\n|poke|p1|Alomomola, F|\n|poke|p1|Dragonite, F|\n|poke|p1|Rillaboom, M|\n|poke|p1|Enamorus, F|\n|poke|p2|Iron Valiant|\n|poke|p2|Alomomola, M|\n|poke|p2|Slowking-Galar, M|\n|poke|p2|Rillaboom, F|\n|poke|p2|Cinderace, M|\n|poke|p2|Samurott-Hisui, F|\n|teampreview\n|inactive|Battle timer is ON: inactive players will automatically lose when time's up. (requested by mmk6ix)\n|\n|t:|1700527289\n|start\n|switch|p1a: Enamorus|Enamorus, F|100\/100\n|switch|p2a: Cinderace|Cinderace, M|100\/100\n|turn|1\n|\n|t:|1700527313\n|switch|p2a: Slowking|Slowking-Galar, M|100\/100\n|move|p1a: Enamorus|Moonblast|p2a: Slowking\n|-resisted|p2a: Slowking\n|-damage|p2a: Slowking|77\/100\n|\n|upkeep\n|turn|2\n|\n|t:|1700527326\n|switch|p1a: Alomomola|Alomomola, F|100\/100\n|move|p2a: Slowking|Future Sight|p1a: Alomomola\n|-start|p2a: Slowking|move: Future Sight\n|\n|upkeep\n|turn|3\n|\n|t:|1700527337\n|move|p1a: Alomomola|Scald|p2a: Slowking\n|-crit|p2a: Slowking\n|-damage|p2a: Slowking|64\/100\n|move|p2a: Slowking|Chilly Reception|p2a: Slowking\n|-weather|Snow\n|\n|t:|1700527347\n|switch|p2a: Iron Valiant|Iron Valiant|100\/100|[from] Chilly Reception\n|\n|-weather|Snow|[upkeep]\n|upkeep\n|turn|4\n|\n|t:|1700527363\n|move|p2a: Iron Valiant|Thunderbolt|p1a: Alomomola\n|-supereffective|p1a: Alomomola\n|-damage|p1a: Alomomola|30\/100\n|-damage|p2a: Iron Valiant|91\/100|[from] item: Life Orb\n|move|p1a: Alomomola|Flip Turn|p2a: Iron Valiant\n|-damage|p2a: Iron Valiant|70\/100\n|j| Dad hoarder\n|\n|t:|1700527376\n|switch|p1a: Ceruledge|Ceruledge, F|100\/100|[from] Flip Turn\n|\n|-weather|Snow|[upkeep]\n|-end|p1a: Ceruledge|move: Future Sight\n|-damage|p1a: Ceruledge|47\/100\n|upkeep\n|turn|5\n|\n|t:|1700527391\n|move|p2a: Iron Valiant|Thunderbolt|p1a: Ceruledge\n|-damage|p1a: Ceruledge|5\/100\n|-damage|p2a: Iron Valiant|60\/100|[from] item: Life Orb\n|move|p1a: Ceruledge|Poltergeist|p2a: Iron Valiant\n|-activate|p2a: Iron Valiant|move: Poltergeist|Life Orb\n|-damage|p2a: Iron Valiant|0 fnt\n|faint|p2a: Iron Valiant\n|-end|p2a: Iron Valiant|Quark Drive|[silent]\n|\n|-weather|Snow|[upkeep]\n|upkeep\n|\n|t:|1700527396\n|switch|p2a: Cinderace|Cinderace, M|100\/100\n|turn|6\n|\n|t:|1700527402\n|move|p1a: Ceruledge|Shadow Sneak|p2a: Cinderace\n|-damage|p2a: Cinderace|71\/100\n|move|p2a: Cinderace|U-turn|p1a: Ceruledge\n|-start|p2a: Cinderace|typechange|Bug|[from] ability: Libero\n|-resisted|p1a: Ceruledge\n|-damage|p1a: Ceruledge|0 fnt\n|faint|p1a: Ceruledge\n|j| HereForFrens\n|\n|t:|1700527409\n|switch|p2a: Alomomola|Alomomola, M|100\/100|[from] U-turn\n|\n|-weather|Snow|[upkeep]\n|upkeep\n|l| HereForFrens\n|\n|t:|1700527432\n|switch|p1a: Rillaboom|Rillaboom, M, shiny|100\/100\n|-fieldstart|move: Grassy Terrain|[from] ability: Grassy Surge|[of] p1a: Rillaboom\n|turn|7\n|inactive|ookillemd-tan has 120 seconds left.\n|\n|t:|1700527483\n|-terastallize|p2a: Alomomola|Flying\n|move|p1a: Rillaboom|Knock Off|p2a: Alomomola\n|-damage|p2a: Alomomola|66\/100\n|-enditem|p2a: Alomomola|Heavy-Duty Boots|[from] move: Knock Off|[of] p1a: Rillaboom\n|move|p2a: Alomomola|Wish|p2a: Alomomola\n|\n|-weather|none\n|upkeep\n|turn|8\n|\n|t:|1700527495\n|switch|p1a: Alomomola|Alomomola, F|63\/100\n|move|p2a: Alomomola|Flip Turn|p1a: Alomomola\n|-resisted|p1a: Alomomola\n|-damage|p1a: Alomomola|59\/100\n|-damage|p2a: Alomomola|50\/100|[from] item: Rocky Helmet|[of] p1a: Alomomola\n|\n|t:|1700527512\n|switch|p2a: Rillaboom|Rillaboom, F|100\/100|[from] Flip Turn\n|\n|-heal|p1a: Alomomola|65\/100|[from] Grassy Terrain\n|upkeep\n|turn|9\n|\n|t:|1700527519\n|move|p2a: Rillaboom|Wood Hammer|p1a: Alomomola\n|-supereffective|p1a: Alomomola\n|-damage|p1a: Alomomola|0 fnt\n|-damage|p2a: Rillaboom|84\/100|[from] item: Rocky Helmet|[of] p1a: Alomomola\n|faint|p1a: Alomomola\n|-damage|p2a: Rillaboom|51\/100|[from] Recoil\n|\n|-heal|p2a: Rillaboom|57\/100|[from] Grassy Terrain\n|upkeep\n|\n|t:|1700527530\n|switch|p1a: Dragonite|Dragonite, F, shiny|100\/100\n|turn|10\n|inactive|ookillemd-tan has 90 seconds left.\n|\n|t:|1700527574\n|switch|p2a: Alomomola|Alomomola, M, tera:Flying|83\/100\n|move|p1a: Dragonite|Dragon Dance|p1a: Dragonite\n|-boost|p1a: Dragonite|atk|1\n|-boost|p1a: Dragonite|spe|1\n|\n|upkeep\n|turn|11\n|\n|t:|1700527580\n|move|p1a: Dragonite|Dragon Dance|p1a: Dragonite\n|-boost|p1a: Dragonite|atk|1\n|-boost|p1a: Dragonite|spe|1\n|move|p2a: Alomomola|Tickle|p1a: Dragonite\n|-unboost|p1a: Dragonite|atk|1\n|-unboost|p1a: Dragonite|def|1\n|\n|-fieldend|move: Grassy Terrain\n|upkeep\n|turn|12\n|\n|t:|1700527583\n|move|p1a: Dragonite|Ice Spinner|p2a: Alomomola\n|-supereffective|p2a: Alomomola\n|-damage|p2a: Alomomola|35\/100\n|move|p2a: Alomomola|Tickle|p1a: Dragonite\n|-unboost|p1a: Dragonite|atk|1\n|-unboost|p1a: Dragonite|def|1\n|\n|upkeep\n|turn|13\n|\n|t:|1700527587\n|move|p1a: Dragonite|Dragon Dance|p1a: Dragonite\n|-boost|p1a: Dragonite|atk|1\n|-boost|p1a: Dragonite|spe|1\n|move|p2a: Alomomola|Wish|p2a: Alomomola\n|\n|upkeep\n|turn|14\n|\n|t:|1700527595\n|move|p2a: Alomomola|Protect|p2a: Alomomola\n|-singleturn|p2a: Alomomola|Protect\n|move|p1a: Dragonite|Dragon Dance|p1a: Dragonite\n|-boost|p1a: Dragonite|atk|1\n|-boost|p1a: Dragonite|spe|1\n|\n|-heal|p2a: Alomomola|85\/100|[from] move: Wish|[wisher] Alomomola\n|upkeep\n|turn|15\n|j| FaronAan\n|\n|t:|1700527602\n|move|p1a: Dragonite|Ice Spinner|p2a: Alomomola\n|-supereffective|p2a: Alomomola\n|-damage|p2a: Alomomola|16\/100\n|move|p2a: Alomomola|Tickle|p1a: Dragonite\n|-unboost|p1a: Dragonite|atk|1\n|-unboost|p1a: Dragonite|def|1\n|\n|upkeep\n|turn|16\n|inactive|ookillemd-tan has 120 seconds left.\n|\n|t:|1700527611\n|move|p1a: Dragonite|Ice Spinner|p2a: Alomomola\n|-supereffective|p2a: Alomomola\n|-damage|p2a: Alomomola|0 fnt\n|faint|p2a: Alomomola\n|\n|upkeep\n|\n|t:|1700527613\n|switch|p2a: Samurott|Samurott-Hisui, F|100\/100\n|turn|17\n|c| FaronAan|wtf\n|c| FaronAan|bro was getting tickled\n|c| FaronAan|what did I just come in to\n|inactive|ookillemd-tan has 120 seconds left.\n|\n|t:|1700527646\n|switch|p1a: Rillaboom|Rillaboom, M, shiny|100\/100\n|-fieldstart|move: Grassy Terrain|[from] ability: Grassy Surge|[of] p1a: Rillaboom\n|move|p2a: Samurott|Ceaseless Edge|p1a: Rillaboom\n|-damage|p1a: Rillaboom|54\/100\n|-sidestart|p1: mmk6ix|Spikes\n|\n|-heal|p1a: Rillaboom|61\/100|[from] Grassy Terrain\n|upkeep\n|turn|18\n|\n|t:|1700527656\n|switch|p2a: Cinderace|Cinderace, M|71\/100\n|move|p1a: Rillaboom|U-turn|p2a: Cinderace\n|-resisted|p2a: Cinderace\n|-damage|p2a: Cinderace|44\/100\n|j| Holo Bobby\n|\n|t:|1700527668\n|switch|p1a: Dragonite|Dragonite, F, shiny|100\/100|[from] U-turn\n|\n|-heal|p2a: Cinderace|50\/100|[from] Grassy Terrain\n|upkeep\n|turn|19\n|inactive|ookillemd-tan has 120 seconds left.\n|\n|t:|1700527683\n|move|p2a: Cinderace|U-turn|p1a: Dragonite\n|-start|p2a: Cinderace|typechange|Bug|[from] ability: Libero\n|-resisted|p1a: Dragonite\n|-damage|p1a: Dragonite|92\/100\n|\n|t:|1700527685\n|switch|p2a: Samurott|Samurott-Hisui, F|100\/100|[from] U-turn\n|move|p1a: Dragonite|Dragon Dance|p1a: Dragonite\n|-boost|p1a: Dragonite|atk|1\n|-boost|p1a: Dragonite|spe|1\n|\n|upkeep\n|turn|20\n|\n|t:|1700527690\n|move|p1a: Dragonite|Extreme Speed|p2a: Samurott\n|-damage|p2a: Samurott|43\/100\n|move|p2a: Samurott|Ice Beam|p1a: Dragonite\n|-supereffective|p1a: Dragonite\n|-damage|p1a: Dragonite|1\/100\n|-enditem|p1a: Dragonite|Weakness Policy\n|-boost|p1a: Dragonite|atk|2|[from] item: Weakness Policy\n|-boost|p1a: Dragonite|spa|2|[from] item: Weakness Policy\n|\n|-heal|p2a: Samurott|49\/100|[from] Grassy Terrain\n|upkeep\n|turn|21\n|\n|t:|1700527701\n|move|p1a: Dragonite|Extreme Speed|p2a: Samurott\n|-damage|p2a: Samurott|0 fnt\n|faint|p2a: Samurott\n|\n|-fieldend|move: Grassy Terrain\n|upkeep\n|\n|t:|1700527704\n|switch|p2a: Cinderace|Cinderace, M|50\/100\n|turn|22\n|\n|t:|1700527708\n|move|p1a: Dragonite|Extreme Speed|p2a: Cinderace\n|-damage|p2a: Cinderace|0 fnt\n|faint|p2a: Cinderace\n|\n|upkeep\n|\n|t:|1700527713\n|switch|p2a: Rillaboom|Rillaboom, F|57\/100\n|-fieldstart|move: Grassy Terrain|[from] ability: Grassy Surge|[of] p2a: Rillaboom\n|turn|23\n|\n|t:|1700527716\n|-terastallize|p1a: Dragonite|Normal\n|move|p1a: Dragonite|Extreme Speed|p2a: Rillaboom\n|-damage|p2a: Rillaboom|0 fnt\n|faint|p2a: Rillaboom\n|\n|-heal|p1a: Dragonite|8\/100|[from] Grassy Terrain\n|upkeep\n|-message|ookillemd-tan forfeited.\n|\n|win|mmk6ix\n|raw|mmk6ix's rating: 1721 &rarr; <strong>1744<\/strong><br \/>(+23 for winning)\n|raw|ookillemd-tan's rating: 1769 &rarr; <strong>1746<\/strong><br \/>(-23 for losing)\n|l|\u2606ookillemd-tan\n|l| FaronAan\n","uploadtime":1700527728,"views":6,"p1id":"mmk6ix","p2id":"ookillemdtan","formatid":"gen9ou","rating":1744,"private":0,"password":""}