{"id":"gen9ou-2000333558","p1":"little man skwovet","p2":"Pumpkinsausage1","format":"[Gen 9] OU","log":"|j|\u2606little man skwovet\n|j|\u2606Pumpkinsausage1\n|t:|1701185845\n|gametype|singles\n|player|p1|little man skwovet|1|1641\n|player|p2|Pumpkinsausage1|2|1551\n|teamsize|p1|6\n|teamsize|p2|6\n|gen|9\n|tier|[Gen 9] OU\n|rated|\n|rule|Sleep Clause Mod: Limit one foe put to sleep\n|rule|Species Clause: Limit one of each Pok\u00e9mon\n|rule|OHKO Clause: OHKO moves are banned\n|rule|Evasion Items Clause: Evasion items are banned\n|rule|Evasion Moves Clause: Evasion moves are banned\n|rule|Endless Battle Clause: Forcing endless battles is banned\n|rule|HP Percentage Mod: HP is shown in percentages\n|clearpoke\n|poke|p1|Kingambit, F|\n|poke|p1|Zapdos|\n|poke|p1|Corviknight, M|\n|poke|p1|Clodsire, F|\n|poke|p1|Dondozo, F|\n|poke|p1|Garganacl, F|\n|poke|p2|Great Tusk|\n|poke|p2|Gholdengo|\n|poke|p2|Toxapex, F|\n|poke|p2|Garganacl, F|\n|poke|p2|Kingambit, M|\n|poke|p2|Dondozo, F|\n|teampreview\n|inactive|Battle timer is ON: inactive players will automatically lose when time's up. (requested by Pumpkinsausage1)\n|\n|t:|1701185854\n|start\n|switch|p1a: Garganacl|Garganacl, F|100\/100\n|switch|p2a: Great Tusks|Garganacl, F|100\/100\n|turn|1\n|\n|t:|1701185859\n|-terastallize|p2a: Great Tusks|Fairy\n|move|p1a: Garganacl|Stealth Rock|p2a: Great Tusks\n|-sidestart|p2: Pumpkinsausage1|move: Stealth Rock\n|move|p2a: Great Tusks|Salt Cure|p1a: Garganacl\n|-damage|p1a: Garganacl|91\/100\n|-start|p1a: Garganacl|Salt Cure\n|\n|-heal|p1a: Garganacl|98\/100|[from] item: Leftovers\n|-damage|p1a: Garganacl|85\/100|[from] Salt Cure\n|upkeep\n|turn|2\n|\n|t:|1701185874\n|switch|p2a: Glisscor|Gholdengo|100\/100\n|-damage|p2a: Glisscor|94\/100|[from] Stealth Rock\n|move|p1a: Garganacl|Salt Cure|p2a: Glisscor\n|-resisted|p2a: Glisscor\n|-damage|p2a: Glisscor|86\/100\n|-start|p2a: Glisscor|Salt Cure\n|\n|-heal|p1a: Garganacl|91\/100|[from] item: Leftovers\n|-damage|p2a: Glisscor|61\/100|[from] Salt Cure\n|-damage|p1a: Garganacl|79\/100|[from] Salt Cure\n|upkeep\n|turn|3\n|\n|t:|1701185880\n|switch|p1a: Kingambit|Kingambit, F|100\/100\n|-ability|p1a: Kingambit|Pressure\n|move|p2a: Glisscor|Trick|p1a: Kingambit\n|-activate|p2a: Glisscor|move: Trick|[of] p1a: Kingambit\n|-item|p1a: Kingambit|Choice Scarf|[from] move: Trick\n|-item|p2a: Glisscor|Leftovers|[from] move: Trick\n|\n|-heal|p2a: Glisscor|67\/100|[from] item: Leftovers\n|-damage|p2a: Glisscor|43\/100|[from] Salt Cure\n|upkeep\n|turn|4\n|\n|t:|1701185888\n|switch|p1a: Zapdos|Zapdos|100\/100\n|-ability|p1a: Zapdos|Pressure\n|move|p2a: Glisscor|Recover|p2a: Glisscor\n|-heal|p2a: Glisscor|93\/100\n|\n|-heal|p2a: Glisscor|99\/100|[from] item: Leftovers\n|-damage|p2a: Glisscor|74\/100|[from] Salt Cure\n|upkeep\n|turn|5\n|\n|t:|1701185897\n|switch|p2a: Great Tusk|Great Tusk|100\/100\n|-damage|p2a: Great Tusk|98\/100|[from] Stealth Rock\n|move|p1a: Zapdos|Substitute|p1a: Zapdos\n|-start|p1a: Zapdos|Substitute\n|-damage|p1a: Zapdos|76\/100\n|\n|upkeep\n|turn|6\n|\n|t:|1701185901\n|move|p1a: Zapdos|Hurricane|p2a: Great Tusk\n|-supereffective|p2a: Great Tusk\n|-damage|p2a: Great Tusk|39\/100\n|-start|p2a: Great Tusk|confusion\n|-activate|p2a: Great Tusk|confusion\n|-damage|p2a: Great Tusk|33\/100|[from] confusion\n|\n|upkeep\n|turn|7\n|\n|t:|1701185910\n|move|p1a: Zapdos|Hurricane|p2a: Great Tusk|[miss]\n|-miss|p1a: Zapdos|p2a: Great Tusk\n|-activate|p2a: Great Tusk|confusion\n|move|p2a: Great Tusk|Ice Spinner|p1a: Zapdos\n|-supereffective|p1a: Zapdos\n|-end|p1a: Zapdos|Substitute\n|\n|upkeep\n|turn|8\n|\n|t:|1701185919\n|-end|p2a: Great Tusk|Protosynthesis|[silent]\n|switch|p2a: Great Tusks|Garganacl, F, tera:Fairy|100\/100\n|-damage|p2a: Great Tusks|88\/100|[from] Stealth Rock\n|move|p1a: Zapdos|Hurricane|p2a: Great Tusks|[miss]\n|-miss|p1a: Zapdos|p2a: Great Tusks\n|\n|-heal|p2a: Great Tusks|94\/100|[from] item: Leftovers\n|upkeep\n|turn|9\n|\n|t:|1701185924\n|move|p1a: Zapdos|Substitute|p1a: Zapdos\n|-start|p1a: Zapdos|Substitute\n|-damage|p1a: Zapdos|51\/100\n|move|p2a: Great Tusks|Salt Cure|p1a: Zapdos\n|-supereffective|p1a: Zapdos\n|-activate|p1a: Zapdos|move: Substitute|[damage]\n|\n|-heal|p2a: Great Tusks|100\/100|[from] item: Leftovers\n|upkeep\n|turn|10\n|\n|t:|1701185930\n|move|p1a: Zapdos|Roost|p1a: Zapdos\n|-heal|p1a: Zapdos|100\/100\n|-singleturn|p1a: Zapdos|move: Roost\n|move|p2a: Great Tusks|Salt Cure|p1a: Zapdos\n|-end|p1a: Zapdos|Substitute\n|\n|upkeep\n|turn|11\n|\n|t:|1701185945\n|switch|p2a: Glisscor|Gholdengo|74\/100\n|-damage|p2a: Glisscor|68\/100|[from] Stealth Rock\n|move|p1a: Zapdos|Substitute|p1a: Zapdos\n|-start|p1a: Zapdos|Substitute\n|-damage|p1a: Zapdos|76\/100\n|\n|-heal|p2a: Glisscor|74\/100|[from] item: Leftovers\n|upkeep\n|turn|12\n|\n|t:|1701185948\n|move|p1a: Zapdos|Discharge|p2a: Glisscor\n|-damage|p2a: Glisscor|39\/100\n|move|p2a: Glisscor|Shadow Ball|p1a: Zapdos\n|-end|p1a: Zapdos|Substitute\n|\n|-heal|p2a: Glisscor|45\/100|[from] item: Leftovers\n|upkeep\n|turn|13\n|\n|t:|1701185955\n|switch|p1a: Kingambit|Kingambit, F|100\/100\n|-ability|p1a: Kingambit|Pressure\n|move|p2a: Glisscor|Shadow Ball|p1a: Kingambit\n|-resisted|p1a: Kingambit\n|-damage|p1a: Kingambit|87\/100\n|\n|-heal|p2a: Glisscor|51\/100|[from] item: Leftovers\n|upkeep\n|turn|14\n|\n|t:|1701185963\n|switch|p2a: Great Tusks|Garganacl, F, tera:Fairy|100\/100\n|-damage|p2a: Great Tusks|88\/100|[from] Stealth Rock\n|move|p1a: Kingambit|Kowtow Cleave|p2a: Great Tusks\n|-resisted|p2a: Great Tusks\n|-damage|p2a: Great Tusks|79\/100\n|\n|-heal|p2a: Great Tusks|85\/100|[from] item: Leftovers\n|upkeep\n|turn|15\n|\n|t:|1701185970\n|switch|p1a: Garganacl|Garganacl, F|79\/100\n|move|p2a: Great Tusks|Salt Cure|p1a: Garganacl\n|-damage|p1a: Garganacl|70\/100\n|-start|p1a: Garganacl|Salt Cure\n|\n|-heal|p1a: Garganacl|76\/100|[from] item: Leftovers\n|-heal|p2a: Great Tusks|91\/100|[from] item: Leftovers\n|-damage|p1a: Garganacl|64\/100|[from] Salt Cure\n|upkeep\n|turn|16\n|\n|t:|1701185979\n|move|p2a: Great Tusks|Protect|p2a: Great Tusks\n|-singleturn|p2a: Great Tusks|Protect\n|move|p1a: Garganacl|Salt Cure|p2a: Great Tusks\n|-activate|p2a: Great Tusks|move: Protect\n|\n|-heal|p1a: Garganacl|70\/100|[from] item: Leftovers\n|-heal|p2a: Great Tusks|97\/100|[from] item: Leftovers\n|-damage|p1a: Garganacl|57\/100|[from] Salt Cure\n|upkeep\n|turn|17\n|\n|t:|1701185984\n|move|p1a: Garganacl|Recover|p1a: Garganacl\n|-heal|p1a: Garganacl|100\/100\n|move|p2a: Great Tusks|Stealth Rock|p1a: Garganacl\n|-sidestart|p1: little man skwovet|move: Stealth Rock\n|\n|-heal|p2a: Great Tusks|100\/100|[from] item: Leftovers\n|-damage|p1a: Garganacl|88\/100|[from] Salt Cure\n|upkeep\n|turn|18\n|\n|t:|1701185989\n|switch|p1a: Zapdos|Zapdos|76\/100\n|-ability|p1a: Zapdos|Pressure\n|move|p2a: Great Tusks|Salt Cure|p1a: Zapdos\n|-supereffective|p1a: Zapdos\n|-damage|p1a: Zapdos|49\/100\n|-start|p1a: Zapdos|Salt Cure\n|\n|-damage|p1a: Zapdos|37\/100|[from] Salt Cure\n|upkeep\n|turn|19\n|\n|t:|1701185996\n|move|p1a: Zapdos|Roost|p1a: Zapdos\n|-heal|p1a: Zapdos|87\/100\n|-singleturn|p1a: Zapdos|move: Roost\n|move|p2a: Great Tusks|Salt Cure|p1a: Zapdos\n|-damage|p1a: Zapdos|75\/100\n|\n|-damage|p1a: Zapdos|63\/100|[from] Salt Cure\n|upkeep\n|turn|20\n|\n|t:|1701186005\n|switch|p1a: Clodsire|Clodsire, F|100\/100\n|switch|p2a: Glisscor|Gholdengo|51\/100\n|-damage|p2a: Glisscor|45\/100|[from] Stealth Rock\n|\n|-heal|p2a: Glisscor|51\/100|[from] item: Leftovers\n|upkeep\n|turn|21\n|\n|t:|1701186012\n|move|p2a: Glisscor|Make It Rain|p1a: Clodsire\n|-damage|p1a: Clodsire|64\/100\n|-unboost|p2a: Glisscor|spa|1\n|move|p1a: Clodsire|Toxic|p2a: Glisscor\n|-immune|p2a: Glisscor|[from] ability: Good as Gold\n|\n|-heal|p2a: Glisscor|57\/100|[from] item: Leftovers\n|upkeep\n|turn|22\n|\n|t:|1701186018\n|switch|p2a: Garganacal|Toxapex, F|100\/100\n|-damage|p2a: Garganacal|88\/100|[from] Stealth Rock\n|move|p1a: Clodsire|Recover|p1a: Clodsire\n|-heal|p1a: Clodsire|100\/100\n|\n|-heal|p2a: Garganacal|94\/100|[from] item: Black Sludge\n|upkeep\n|turn|23\n|\n|t:|1701186022\n|switch|p1a: Corviknight|Corviknight, M|100\/100\n|-damage|p1a: Corviknight|88\/100|[from] Stealth Rock\n|-ability|p1a: Corviknight|Pressure\n|move|p2a: Garganacal|Infestation|p1a: Corviknight\n|-resisted|p1a: Corviknight\n|-damage|p1a: Corviknight|88\/100\n|-activate|p1a: Corviknight|move: Infestation|[of] p2a: Garganacal\n|\n|-heal|p1a: Corviknight|94\/100|[from] item: Leftovers\n|-heal|p2a: Garganacal|100\/100|[from] item: Black Sludge\n|-damage|p1a: Corviknight|81\/100|[from] move: Infestation|[partiallytrapped]\n|upkeep\n|turn|24\n|\n|t:|1701186026\n|move|p1a: Corviknight|Substitute|p1a: Corviknight\n|-start|p1a: Corviknight|Substitute\n|-end|p1a: Corviknight|Infestation|[partiallytrapped]|[silent]\n|-damage|p1a: Corviknight|57\/100\n|move|p2a: Garganacal|Infestation|p1a: Corviknight\n|-resisted|p1a: Corviknight\n|-activate|p1a: Corviknight|move: Substitute|[damage]\n|\n|-heal|p1a: Corviknight|63\/100|[from] item: Leftovers\n|upkeep\n|turn|25\n|\n|t:|1701186038\n|switch|p2a: Great Tusks|Garganacl, F, tera:Fairy|100\/100\n|-damage|p2a: Great Tusks|88\/100|[from] Stealth Rock\n|move|p1a: Corviknight|Defog|p2a: Great Tusks\n|-unboost|p2a: Great Tusks|evasion|1\n|-sideend|p2: Pumpkinsausage1|Stealth Rock|[from] move: Defog|[of] p1a: Corviknight\n|-sideend|p1: little man skwovet|Stealth Rock|[from] move: Defog|[of] p1a: Corviknight\n|\n|-heal|p1a: Corviknight|69\/100|[from] item: Leftovers\n|-heal|p2a: Great Tusks|94\/100|[from] item: Leftovers\n|upkeep\n|turn|26\n|\n|t:|1701186044\n|move|p1a: Corviknight|Roost|p1a: Corviknight\n|-heal|p1a: Corviknight|100\/100\n|-singleturn|p1a: Corviknight|move: Roost\n|move|p2a: Great Tusks|Stealth Rock|p1a: Corviknight\n|-sidestart|p1: little man skwovet|move: Stealth Rock\n|\n|-heal|p2a: Great Tusks|100\/100|[from] item: Leftovers\n|upkeep\n|turn|27\n|\n|t:|1701186059\n|switch|p2a: Glisscor|Gholdengo|57\/100\n|move|p1a: Corviknight|Defog|p2a: Glisscor\n|-immune|p2a: Glisscor|[from] ability: Good as Gold\n|\n|-heal|p2a: Glisscor|63\/100|[from] item: Leftovers\n|upkeep\n|turn|28\n|\n|t:|1701186069\n|switch|p1a: Kingambit|Kingambit, F|87\/100\n|-damage|p1a: Kingambit|81\/100|[from] Stealth Rock\n|-ability|p1a: Kingambit|Pressure\n|move|p2a: Glisscor|Shadow Ball|p1a: Kingambit\n|-resisted|p1a: Kingambit\n|-damage|p1a: Kingambit|65\/100\n|-unboost|p1a: Kingambit|spd|1\n|\n|-heal|p2a: Glisscor|69\/100|[from] item: Leftovers\n|upkeep\n|turn|29\n|\n|t:|1701186076\n|move|p2a: Glisscor|Shadow Ball|p1a: Kingambit\n|-resisted|p1a: Kingambit\n|-damage|p1a: Kingambit|41\/100\n|move|p1a: Kingambit|Kowtow Cleave|p2a: Glisscor\n|-supereffective|p2a: Glisscor\n|-crit|p2a: Glisscor\n|-damage|p2a: Glisscor|0 fnt\n|faint|p2a: Glisscor\n|\n|upkeep\n|\n|t:|1701186080\n|switch|p2a: Great Tusks|Garganacl, F, tera:Fairy|100\/100\n|turn|30\n|c|\u2606Pumpkinsausage1|noob\n|c|\u2606little man skwovet|says the one who needlessly sacd his gholdengo\n|\n|t:|1701186100\n|switch|p1a: Zapdos|Zapdos|63\/100\n|-ability|p1a: Zapdos|Pressure\n|move|p2a: Great Tusks|Salt Cure|p1a: Zapdos\n|-supereffective|p1a: Zapdos\n|-damage|p1a: Zapdos|39\/100\n|-start|p1a: Zapdos|Salt Cure\n|\n|-damage|p1a: Zapdos|27\/100|[from] Salt Cure\n|upkeep\n|turn|31\n|\n|t:|1701186108\n|move|p1a: Zapdos|Roost|p1a: Zapdos\n|-heal|p1a: Zapdos|77\/100\n|-singleturn|p1a: Zapdos|move: Roost\n|move|p2a: Great Tusks|Salt Cure|p1a: Zapdos\n|-damage|p1a: Zapdos|65\/100\n|\n|-damage|p1a: Zapdos|53\/100|[from] Salt Cure\n|upkeep\n|turn|32\n|\n|t:|1701186115\n|switch|p2a: Kingambit|Kingambit, M|100\/100\n|-activate|p2a: Kingambit|ability: Supreme Overlord\n|-start|p2a: Kingambit|fallen1|[silent]\n|move|p1a: Zapdos|Roost|p1a: Zapdos\n|-heal|p1a: Zapdos|100\/100\n|-singleturn|p1a: Zapdos|move: Roost\n|\n|-damage|p1a: Zapdos|88\/100|[from] Salt Cure\n|upkeep\n|turn|33\n|\n|t:|1701186123\n|switch|p1a: Dondozo|Dondozo, F|100\/100\n|move|p2a: Kingambit|Kowtow Cleave|p1a: Dondozo\n|-damage|p1a: Dondozo|74\/100\n|\n|upkeep\n|turn|34\n|\n|t:|1701186131\n|-end|p2a: Kingambit|fallen1|[silent]\n|switch|p2a: Great Tusks|Garganacl, F, tera:Fairy|100\/100\n|move|p1a: Dondozo|Body Press|p2a: Great Tusks\n|-resisted|p2a: Great Tusks\n|-damage|p2a: Great Tusks|93\/100\n|\n|-heal|p2a: Great Tusks|99\/100|[from] item: Leftovers\n|upkeep\n|turn|35\n|\n|t:|1701186134\n|switch|p1a: Zapdos|Zapdos|88\/100\n|-ability|p1a: Zapdos|Pressure\n|move|p2a: Great Tusks|Salt Cure|p1a: Zapdos\n|-supereffective|p1a: Zapdos\n|-damage|p1a: Zapdos|63\/100\n|-start|p1a: Zapdos|Salt Cure\n|\n|-heal|p2a: Great Tusks|100\/100|[from] item: Leftovers\n|-damage|p1a: Zapdos|51\/100|[from] Salt Cure\n|upkeep\n|turn|36\n|\n|t:|1701186138\n|switch|p2a: Kingambit|Kingambit, M|100\/100\n|-activate|p2a: Kingambit|ability: Supreme Overlord\n|-start|p2a: Kingambit|fallen1|[silent]\n|move|p1a: Zapdos|Roost|p1a: Zapdos\n|-heal|p1a: Zapdos|100\/100\n|-singleturn|p1a: Zapdos|move: Roost\n|\n|-damage|p1a: Zapdos|88\/100|[from] Salt Cure\n|upkeep\n|turn|37\n|\n|t:|1701186143\n|switch|p1a: Garganacl|Garganacl, F|88\/100\n|-damage|p1a: Garganacl|76\/100|[from] Stealth Rock\n|-end|p2a: Kingambit|fallen1|[silent]\n|switch|p2a: Garganacal|Toxapex, F|100\/100\n|\n|-heal|p1a: Garganacl|82\/100|[from] item: Leftovers\n|upkeep\n|turn|38\n|\n|t:|1701186153\n|switch|p2a: Great Tusk|Great Tusk|33\/100\n|move|p1a: Garganacl|Salt Cure|p2a: Great Tusk\n|-resisted|p2a: Great Tusk\n|-damage|p2a: Great Tusk|31\/100\n|-start|p2a: Great Tusk|Salt Cure\n|\n|-heal|p1a: Garganacl|88\/100|[from] item: Leftovers\n|-damage|p2a: Great Tusk|18\/100|[from] Salt Cure\n|upkeep\n|turn|39\n|\n|t:|1701186155\n|move|p1a: Garganacl|Protect|p1a: Garganacl\n|-singleturn|p1a: Garganacl|Protect\n|move|p2a: Great Tusk|Earthquake|p1a: Garganacl\n|-activate|p1a: Garganacl|move: Protect\n|\n|-heal|p1a: Garganacl|94\/100|[from] item: Leftovers\n|-damage|p2a: Great Tusk|6\/100|[from] Salt Cure\n|upkeep\n|turn|40\n|\n|t:|1701186165\n|move|p2a: Great Tusk|Knock Off|p1a: Garganacl\n|-damage|p1a: Garganacl|76\/100\n|-enditem|p1a: Garganacl|Leftovers|[from] move: Knock Off|[of] p2a: Great Tusk\n|move|p1a: Garganacl|Recover|p1a: Garganacl\n|-heal|p1a: Garganacl|100\/100\n|\n|-damage|p2a: Great Tusk|0 fnt|[from] Salt Cure\n|faint|p2a: Great Tusk\n|-end|p2a: Great Tusk|Protosynthesis|[silent]\n|upkeep\n|\n|t:|1701186170\n|switch|p2a: Kingambit|Kingambit, M|100\/100\n|-activate|p2a: Kingambit|ability: Supreme Overlord\n|-start|p2a: Kingambit|fallen2|[silent]\n|turn|41\n|\n|t:|1701186172\n|move|p2a: Kingambit|Iron Head|p1a: Garganacl\n|-supereffective|p1a: Garganacl\n|-damage|p1a: Garganacl|24\/100\n|move|p1a: Garganacl|Salt Cure|p2a: Kingambit\n|-resisted|p2a: Kingambit\n|-damage|p2a: Kingambit|95\/100\n|-start|p2a: Kingambit|Salt Cure\n|\n|-damage|p2a: Kingambit|70\/100|[from] Salt Cure\n|upkeep\n|turn|42\n|\n|t:|1701186179\n|-end|p2a: Kingambit|fallen2|[silent]\n|switch|p2a: Great Tusks|Garganacl, F, tera:Fairy|100\/100\n|switch|p1a: Dondozo|Dondozo, F|74\/100\n|\n|upkeep\n|turn|43\n|\n|t:|1701186184\n|switch|p1a: Zapdos|Zapdos|88\/100\n|-ability|p1a: Zapdos|Pressure\n|move|p2a: Great Tusks|Salt Cure|p1a: Zapdos\n|-supereffective|p1a: Zapdos\n|-damage|p1a: Zapdos|61\/100\n|-start|p1a: Zapdos|Salt Cure\n|\n|-damage|p1a: Zapdos|49\/100|[from] Salt Cure\n|upkeep\n|turn|44\n|c|\u2606Pumpkinsausage1|you just got shrekt\n|\n|t:|1701186194\n|switch|p2a: Kingambit|Kingambit, M|70\/100\n|-activate|p2a: Kingambit|ability: Supreme Overlord\n|-start|p2a: Kingambit|fallen2|[silent]\n|move|p1a: Zapdos|Roost|p1a: Zapdos\n|-heal|p1a: Zapdos|99\/100\n|-singleturn|p1a: Zapdos|move: Roost\n|\n|-damage|p1a: Zapdos|87\/100|[from] Salt Cure\n|upkeep\n|turn|45\n|\n|t:|1701186204\n|switch|p1a: Dondozo|Dondozo, F|74\/100\n|move|p2a: Kingambit|Kowtow Cleave|p1a: Dondozo\n|-damage|p1a: Dondozo|47\/100\n|\n|upkeep\n|turn|46\n|\n|t:|1701186207\n|move|p2a: Kingambit|Kowtow Cleave|p1a: Dondozo\n|-damage|p1a: Dondozo|21\/100\n|move|p1a: Dondozo|Rest|p1a: Dondozo\n|-status|p1a: Dondozo|slp|[from] move: Rest\n|-heal|p1a: Dondozo|100\/100 slp|[silent]\n|\n|upkeep\n|turn|47\n|\n|t:|1701186210\n|move|p2a: Kingambit|Kowtow Cleave|p1a: Dondozo\n|-damage|p1a: Dondozo|74\/100 slp\n|cant|p1a: Dondozo|slp\n|move|p1a: Dondozo|Sleep Talk|p1a: Dondozo\n|move|p1a: Dondozo|Rest||[from]move: Sleep Talk|[still]\n|-fail|p1a: Dondozo\n|\n|upkeep\n|turn|48\n|\n|t:|1701186217\n|-end|p2a: Kingambit|fallen2|[silent]\n|switch|p2a: Great Tusks|Garganacl, F, tera:Fairy|100\/100\n|cant|p1a: Dondozo|slp\n|move|p1a: Dondozo|Sleep Talk|p1a: Dondozo\n|move|p1a: Dondozo|Body Press|p2a: Great Tusks|[from]move: Sleep Talk\n|-resisted|p2a: Great Tusks\n|-damage|p2a: Great Tusks|94\/100\n|\n|-heal|p2a: Great Tusks|99\/100|[from] item: Leftovers\n|upkeep\n|turn|49\n|\n|t:|1701186222\n|switch|p1a: Clodsire|Clodsire, F|100\/100\n|move|p2a: Great Tusks|Salt Cure|p1a: Clodsire\n|-resisted|p1a: Clodsire\n|-crit|p1a: Clodsire\n|-damage|p1a: Clodsire|89\/100\n|-start|p1a: Clodsire|Salt Cure\n|\n|-heal|p2a: Great Tusks|100\/100|[from] item: Leftovers\n|-damage|p1a: Clodsire|76\/100|[from] Salt Cure\n|upkeep\n|turn|50\n|\n|t:|1701186229\n|move|p2a: Great Tusks|Protect|p2a: Great Tusks\n|-singleturn|p2a: Great Tusks|Protect\n|move|p1a: Clodsire|Earthquake|p2a: Great Tusks\n|-activate|p2a: Great Tusks|move: Protect\n|\n|-damage|p1a: Clodsire|64\/100|[from] Salt Cure\n|upkeep\n|turn|51\n|\n|t:|1701186232\n|move|p2a: Great Tusks|Salt Cure|p1a: Clodsire\n|-resisted|p1a: Clodsire\n|-damage|p1a: Clodsire|56\/100\n|move|p1a: Clodsire|Spikes|p2a: Great Tusks\n|-sidestart|p2: Pumpkinsausage1|Spikes\n|\n|-damage|p1a: Clodsire|44\/100|[from] Salt Cure\n|upkeep\n|turn|52\n|\n|t:|1701186237\n|move|p2a: Great Tusks|Salt Cure|p1a: Clodsire\n|-resisted|p1a: Clodsire\n|-damage|p1a: Clodsire|36\/100\n|move|p1a: Clodsire|Recover|p1a: Clodsire\n|-heal|p1a: Clodsire|86\/100\n|\n|-damage|p1a: Clodsire|74\/100|[from] Salt Cure\n|upkeep\n|turn|53\n|\n|t:|1701186241\n|switch|p2a: Kingambit|Kingambit, M|70\/100\n|-damage|p2a: Kingambit|58\/100|[from] Spikes\n|-activate|p2a: Kingambit|ability: Supreme Overlord\n|-start|p2a: Kingambit|fallen2|[silent]\n|move|p1a: Clodsire|Spikes|p2a: Kingambit\n|-sidestart|p2: Pumpkinsausage1|Spikes\n|\n|-damage|p1a: Clodsire|61\/100|[from] Salt Cure\n|upkeep\n|turn|54\n|\n|t:|1701186244\n|switch|p1a: Kingambit|Kingambit, F|41\/100\n|-damage|p1a: Kingambit|35\/100|[from] Stealth Rock\n|-ability|p1a: Kingambit|Pressure\n|move|p2a: Kingambit|Kowtow Cleave|p1a: Kingambit\n|-resisted|p1a: Kingambit\n|-damage|p1a: Kingambit|15\/100\n|\n|upkeep\n|turn|55\n|\n|t:|1701186246\n|move|p1a: Kingambit|Kowtow Cleave|p2a: Kingambit\n|-resisted|p2a: Kingambit\n|-damage|p2a: Kingambit|44\/100\n|move|p2a: Kingambit|Kowtow Cleave|p1a: Kingambit\n|-resisted|p1a: Kingambit\n|-damage|p1a: Kingambit|0 fnt\n|faint|p1a: Kingambit\n|\n|upkeep\n|\n|t:|1701186249\n|switch|p1a: Dondozo|Dondozo, F|74\/100 slp\n|turn|56\n|inactive|Pumpkinsausage1 has 120 seconds left.\n|\n|t:|1701186307\n|-end|p2a: Kingambit|fallen2|[silent]\n|switch|p2a: Great Tusks|Garganacl, F, tera:Fairy|100\/100\n|-damage|p2a: Great Tusks|84\/100|[from] Spikes\n|-curestatus|p1a: Dondozo|slp|[msg]\n|move|p1a: Dondozo|Body Press|p2a: Great Tusks\n|-resisted|p2a: Great Tusks\n|-damage|p2a: Great Tusks|77\/100\n|\n|-heal|p2a: Great Tusks|83\/100|[from] item: Leftovers\n|upkeep\n|turn|57\n|\n|t:|1701186313\n|switch|p1a: Zapdos|Zapdos|87\/100\n|-ability|p1a: Zapdos|Pressure\n|move|p2a: Great Tusks|Salt Cure|p1a: Zapdos\n|-supereffective|p1a: Zapdos\n|-damage|p1a: Zapdos|60\/100\n|-start|p1a: Zapdos|Salt Cure\n|\n|-heal|p2a: Great Tusks|90\/100|[from] item: Leftovers\n|-damage|p1a: Zapdos|48\/100|[from] Salt Cure\n|upkeep\n|turn|58\n|c|\u2606Pumpkinsausage1|wow u suck\n|-message|Pumpkinsausage1 forfeited.\n|\n|win|little man skwovet\n|raw|little man skwovet's rating: 1641 &rarr; <strong>1656<\/strong><br \/>(+15 for winning)\n|raw|Pumpkinsausage1's rating: 1551 &rarr; <strong>1536<\/strong><br \/>(-15 for losing)\n|l|\u2606Pumpkinsausage1\n|c|\u2606little man skwovet|lol\n","uploadtime":1701186332,"views":13,"p1id":"littlemanskwovet","p2id":"pumpkinsausage1","formatid":"gen9ou","rating":1536,"private":0,"password":""}