{"id":"gen9ou-1989566588","p1":"YungTruth513rd","p2":"tsukishirohinami\u6708\u767d","format":"[Gen 9] OU","log":"|j|\u2606YungTruth513rd\n|j|\u2606tsukishirohinami\u6708\u767d\n|t:|1699872347\n|gametype|singles\n|player|p1|YungTruth513rd|veteran|1472\n|player|p2|tsukishirohinami\u6708\u767d|allister-masters|1459\n|teamsize|p1|6\n|teamsize|p2|6\n|gen|9\n|tier|[Gen 9] OU\n|rated|\n|rule|Sleep Clause Mod: Limit one foe put to sleep\n|rule|Species Clause: Limit one of each Pok\u00e9mon\n|rule|OHKO Clause: OHKO moves are banned\n|rule|Evasion Items Clause: Evasion items are banned\n|rule|Evasion Moves Clause: Evasion moves are banned\n|rule|Endless Battle Clause: Forcing endless battles is banned\n|rule|HP Percentage Mod: HP is shown in percentages\n|clearpoke\n|poke|p1|Moltres-Galar|\n|poke|p1|Brute Bonnet|\n|poke|p1|Slowbro-Galar, M|\n|poke|p1|Iron Moth|\n|poke|p1|Garchomp, M|\n|poke|p1|Goodra-Hisui, M|\n|poke|p2|Glimmora, F|\n|poke|p2|Kingambit, M|\n|poke|p2|Ogerpon-Wellspring, F|\n|poke|p2|Dragapult, F|\n|poke|p2|Zamazenta-*|\n|poke|p2|Weavile, F|\n|teampreview\n|inactive|Battle timer is ON: inactive players will automatically lose when time's up. (requested by tsukishirohinami\u6708\u767d)\n|inactive|YungTruth513rd has 120 seconds left.\n|\n|t:|1699872378\n|start\n|switch|p1a: QuickStinga|Slowbro-Galar, M|100\/100\n|switch|p2a: Glimmora|Glimmora, F|100\/100\n|turn|1\n|-activate|p1a: QuickStinga|ability: Quick Draw\n|\n|t:|1699872384\n|move|p1a: QuickStinga|Psyshock|p2a: Glimmora\n|-supereffective|p2a: Glimmora\n|-damage|p2a: Glimmora|15\/100\n|move|p2a: Glimmora|Stealth Rock|p1a: QuickStinga\n|-sidestart|p1: YungTruth513rd|move: Stealth Rock\n|\n|upkeep\n|turn|2\n|\n|t:|1699872395\n|switch|p2a: Weavile|Weavile, F|100\/100\n|-ability|p2a: Weavile|Pressure\n|move|p1a: QuickStinga|Psyshock|p2a: Weavile\n|-immune|p2a: Weavile\n|\n|upkeep\n|turn|3\n|-activate|p1a: QuickStinga|ability: Quick Draw\n|\n|t:|1699872407\n|-terastallize|p1a: QuickStinga|Ice\n|move|p1a: QuickStinga|Flamethrower|p2a: Weavile\n|-supereffective|p2a: Weavile\n|-damage|p2a: Weavile|24\/100\n|-status|p2a: Weavile|brn\n|move|p2a: Weavile|Knock Off|p1a: QuickStinga\n|-damage|p1a: QuickStinga|78\/100\n|-enditem|p1a: QuickStinga|Assault Vest|[from] move: Knock Off|[of] p2a: Weavile\n|\n|-damage|p2a: Weavile|18\/100 brn|[from] brn\n|upkeep\n|turn|4\n|-activate|p1a: QuickStinga|ability: Quick Draw\n|\n|t:|1699872428\n|move|p1a: QuickStinga|Flamethrower|p2a: Weavile\n|-supereffective|p2a: Weavile\n|-damage|p2a: Weavile|0 fnt\n|faint|p2a: Weavile\n|\n|upkeep\n|\n|t:|1699872437\n|switch|p2a: Zamazenta|Zamazenta|100\/100\n|-ability|p2a: Zamazenta|Dauntless Shield|boost\n|-boost|p2a: Zamazenta|def|1\n|turn|5\n|\n|t:|1699872441\n|switch|p1a: OutDaMudd|Garchomp, M|100\/100\n|-damage|p1a: OutDaMudd|94\/100|[from] Stealth Rock\n|-terastallize|p2a: Zamazenta|Steel\n|move|p2a: Zamazenta|Close Combat|p1a: OutDaMudd\n|-damage|p1a: OutDaMudd|35\/100\n|-unboost|p2a: Zamazenta|def|1\n|-unboost|p2a: Zamazenta|spd|1\n|-damage|p2a: Zamazenta|88\/100|[from] ability: Rough Skin|[of] p1a: OutDaMudd\n|-damage|p2a: Zamazenta|72\/100|[from] item: Rocky Helmet|[of] p1a: OutDaMudd\n|\n|upkeep\n|turn|6\n|\n|t:|1699872456\n|move|p1a: OutDaMudd|Endure|p1a: OutDaMudd\n|-singleturn|p1a: OutDaMudd|move: Endure\n|move|p2a: Zamazenta|Close Combat|p1a: OutDaMudd\n|-activate|p1a: OutDaMudd|move: Endure\n|-damage|p1a: OutDaMudd|1\/100\n|-unboost|p2a: Zamazenta|def|1\n|-unboost|p2a: Zamazenta|spd|1\n|-damage|p2a: Zamazenta|59\/100|[from] ability: Rough Skin|[of] p1a: OutDaMudd\n|-damage|p2a: Zamazenta|43\/100|[from] item: Rocky Helmet|[of] p1a: OutDaMudd\n|\n|upkeep\n|turn|7\n|\n|t:|1699872474\n|move|p2a: Zamazenta|Close Combat|p1a: OutDaMudd\n|-damage|p1a: OutDaMudd|0 fnt\n|-unboost|p2a: Zamazenta|def|1\n|-unboost|p2a: Zamazenta|spd|1\n|-damage|p2a: Zamazenta|30\/100|[from] ability: Rough Skin|[of] p1a: OutDaMudd\n|-damage|p2a: Zamazenta|14\/100|[from] item: Rocky Helmet|[of] p1a: OutDaMudd\n|faint|p1a: OutDaMudd\n|\n|upkeep\n|inactive|YungTruth513rd has 120 seconds left.\n|inactive|YungTruth513rd has 90 seconds left.\n|\n|t:|1699872542\n|switch|p1a: Amoonrock|Brute Bonnet|100\/100\n|-damage|p1a: Amoonrock|88\/100|[from] Stealth Rock\n|turn|8\n|\n|t:|1699872553\n|switch|p2a: Glimmora|Glimmora, F|15\/100\n|move|p1a: Amoonrock|Sucker Punch||[still]\n|-fail|p1a: Amoonrock\n|\n|upkeep\n|turn|9\n|\n|t:|1699872560\n|move|p2a: Glimmora|Mortal Spin|p1a: Amoonrock\n|-supereffective|p1a: Amoonrock\n|-damage|p1a: Amoonrock|78\/100\n|-status|p1a: Amoonrock|psn\n|move|p1a: Amoonrock|Payback|p2a: Glimmora\n|-damage|p2a: Glimmora|0 fnt\n|-activate|p2a: Glimmora|ability: Toxic Debris\n|-sidestart|p1: YungTruth513rd|move: Toxic Spikes\n|faint|p2a: Glimmora\n|\n|-damage|p1a: Amoonrock|65\/100 psn|[from] psn\n|upkeep\n|\n|t:|1699872569\n|switch|p2a: Dragapult|Dragapult, F|100\/100\n|turn|10\n|\n|t:|1699872575\n|move|p2a: Dragapult|Substitute|p2a: Dragapult\n|-start|p2a: Dragapult|Substitute\n|-damage|p2a: Dragapult|76\/100\n|move|p1a: Amoonrock|Spore||[still]\n|-fail|p1a: Amoonrock\n|\n|-heal|p2a: Dragapult|82\/100|[from] item: Leftovers\n|-damage|p1a: Amoonrock|53\/100 psn|[from] psn\n|upkeep\n|turn|11\n|\n|t:|1699872584\n|-end|p1a: Amoonrock|Protosynthesis|[silent]\n|switch|p1a: QuickStinga|Slowbro-Galar, M, tera:Ice|78\/100\n|-damage|p1a: QuickStinga|53\/100|[from] Stealth Rock\n|-status|p1a: QuickStinga|psn\n|move|p2a: Dragapult|Draco Meteor|p1a: QuickStinga\n|-damage|p1a: QuickStinga|0 fnt\n|-unboost|p2a: Dragapult|spa|2\n|faint|p1a: QuickStinga\n|\n|-heal|p2a: Dragapult|88\/100|[from] item: Leftovers\n|upkeep\n|\n|t:|1699872595\n|switch|p1a: Volca5000|Iron Moth|100\/100\n|-damage|p1a: Volca5000|76\/100|[from] Stealth Rock\n|-sideend|p1: YungTruth513rd|move: Toxic Spikes|[of] p1a: Volca5000\n|turn|12\n|\n|t:|1699872603\n|move|p2a: Dragapult|Draco Meteor|p1a: Volca5000\n|-damage|p1a: Volca5000|57\/100\n|-unboost|p2a: Dragapult|spa|2\n|move|p1a: Volca5000|Fiery Dance|p2a: Dragapult\n|-resisted|p2a: Dragapult\n|-end|p2a: Dragapult|Substitute\n|-boost|p1a: Volca5000|spa|1\n|\n|-heal|p2a: Dragapult|94\/100|[from] item: Leftovers\n|upkeep\n|turn|13\n|\n|t:|1699872614\n|switch|p2a: Ogerpon|Ogerpon-Wellspring, F|100\/100\n|move|p1a: Volca5000|Fiery Dance|p2a: Ogerpon\n|-damage|p2a: Ogerpon|20\/100\n|\n|upkeep\n|turn|14\n|\n|t:|1699872621\n|-end|p1a: Volca5000|Quark Drive|[silent]\n|switch|p1a: SlowEmDownGoo|Goodra-Hisui, M|100\/100\n|-damage|p1a: SlowEmDownGoo|94\/100|[from] Stealth Rock\n|move|p2a: Ogerpon|Ivy Cudgel|p1a: SlowEmDownGoo\n|-resisted|p1a: SlowEmDownGoo\n|-damage|p1a: SlowEmDownGoo|76\/100\n|\n|upkeep\n|turn|15\n|\n|t:|1699872629\n|move|p2a: Ogerpon|Ivy Cudgel|p1a: SlowEmDownGoo\n|-resisted|p1a: SlowEmDownGoo\n|-damage|p1a: SlowEmDownGoo|54\/100\n|move|p1a: SlowEmDownGoo|Thunderbolt|p2a: Ogerpon\n|-damage|p2a: Ogerpon|0 fnt\n|faint|p2a: Ogerpon\n|\n|upkeep\n|\n|t:|1699872634\n|switch|p2a: Zamazenta|Zamazenta, tera:Steel|14\/100\n|turn|16\n|\n|t:|1699872638\n|switch|p1a: Volca5000|Iron Moth|57\/100\n|-damage|p1a: Volca5000|33\/100|[from] Stealth Rock\n|move|p2a: Zamazenta|Close Combat|p1a: Volca5000\n|-resisted|p1a: Volca5000\n|-damage|p1a: Volca5000|0 fnt\n|-unboost|p2a: Zamazenta|def|1\n|-unboost|p2a: Zamazenta|spd|1\n|faint|p1a: Volca5000\n|-end|p1a: Volca5000|Quark Drive|[silent]\n|\n|upkeep\n|inactive|YungTruth513rd has 120 seconds left.\n|\n|t:|1699872661\n|switch|p1a: Amaterasu|Moltres-Galar|100\/100\n|-damage|p1a: Amaterasu|75\/100|[from] Stealth Rock\n|turn|17\n|\n|t:|1699872665\n|move|p2a: Zamazenta|Close Combat|p1a: Amaterasu\n|-damage|p1a: Amaterasu|0 fnt\n|-unboost|p2a: Zamazenta|def|1\n|-unboost|p2a: Zamazenta|spd|1\n|faint|p1a: Amaterasu\n|\n|upkeep\n|inactive|YungTruth513rd has 120 seconds left.\n|\n|t:|1699872671\n|switch|p1a: Amoonrock|Brute Bonnet|53\/100 psn\n|-damage|p1a: Amoonrock|40\/100 psn|[from] Stealth Rock\n|turn|18\n|\n|t:|1699872680\n|switch|p2a: Kingambit|Kingambit, M|100\/100\n|-activate|p2a: Kingambit|ability: Supreme Overlord\n|-start|p2a: Kingambit|fallen3|[silent]\n|move|p1a: Amoonrock|Payback|p2a: Kingambit\n|-resisted|p2a: Kingambit\n|-damage|p2a: Kingambit|90\/100\n|\n|-damage|p1a: Amoonrock|28\/100 psn|[from] psn\n|upkeep\n|turn|19\n|\n|t:|1699872691\n|-end|p2a: Kingambit|fallen3|[silent]\n|switch|p2a: Dragapult|Dragapult, F|94\/100\n|move|p1a: Amoonrock|Spore|p2a: Dragapult\n|-status|p2a: Dragapult|slp|[from] move: Spore\n|\n|-heal|p2a: Dragapult|99\/100 slp|[from] item: Leftovers\n|-damage|p1a: Amoonrock|16\/100 psn|[from] psn\n|upkeep\n|turn|20\n|\n|t:|1699872699\n|switch|p2a: Kingambit|Kingambit, M|90\/100\n|-activate|p2a: Kingambit|ability: Supreme Overlord\n|-start|p2a: Kingambit|fallen3|[silent]\n|move|p1a: Amoonrock|Payback|p2a: Kingambit\n|-resisted|p2a: Kingambit\n|-damage|p2a: Kingambit|78\/100\n|\n|-damage|p1a: Amoonrock|3\/100 psn|[from] psn\n|upkeep\n|turn|21\n|\n|t:|1699872708\n|move|p2a: Kingambit|Sucker Punch|p1a: Amoonrock\n|-resisted|p1a: Amoonrock\n|-damage|p1a: Amoonrock|0 fnt\n|faint|p1a: Amoonrock\n|-end|p1a: Amoonrock|Protosynthesis|[silent]\n|\n|upkeep\n|\n|t:|1699872713\n|switch|p1a: SlowEmDownGoo|Goodra-Hisui, M|54\/100\n|-damage|p1a: SlowEmDownGoo|48\/100|[from] Stealth Rock\n|turn|22\n|\n|t:|1699872719\n|move|p1a: SlowEmDownGoo|Fire Blast|p2a: Kingambit\n|-supereffective|p2a: Kingambit\n|-damage|p2a: Kingambit|23\/100\n|move|p2a: Kingambit|Low Kick|p1a: SlowEmDownGoo\n|-supereffective|p1a: SlowEmDownGoo\n|-damage|p1a: SlowEmDownGoo|0 fnt\n|-ability|p1a: SlowEmDownGoo|Gooey\n|-unboost|p2a: Kingambit|spe|1\n|faint|p1a: SlowEmDownGoo\n|\n|win|tsukishirohinami\u6708\u767d\n|raw|YungTruth513rd's rating: 1472 &rarr; <strong>1451<\/strong><br \/>(-21 for losing)\n|raw|tsukishirohinami\u6708\u767d's rating: 1459 &rarr; <strong>1480<\/strong><br \/>(+21 for winning)\n|l|\u2606YungTruth513rd\n","uploadtime":1699872732,"views":6,"p1id":"yungtruth513rd","p2id":"tsukishirohinami","formatid":"gen9ou","rating":1451,"private":0,"password":""}