{"id":"gen9ou-1995876046","p1":"whatabeautifulname","p2":"illneverchooseyou","format":"[Gen 9] OU","log":"|j|\u2606whatabeautifulname\n|j|\u2606illneverchooseyou\n|t:|1700612444\n|gametype|singles\n|player|p1|whatabeautifulname|brock|1618\n|player|p2|illneverchooseyou|psychic-gen4|1609\n|teamsize|p1|6\n|teamsize|p2|6\n|gen|9\n|tier|[Gen 9] OU\n|rated|\n|rule|Sleep Clause Mod: Limit one foe put to sleep\n|rule|Species Clause: Limit one of each Pok\u00e9mon\n|rule|OHKO Clause: OHKO moves are banned\n|rule|Evasion Items Clause: Evasion items are banned\n|rule|Evasion Moves Clause: Evasion moves are banned\n|rule|Endless Battle Clause: Forcing endless battles is banned\n|rule|HP Percentage Mod: HP is shown in percentages\n|clearpoke\n|poke|p1|Zamazenta-*|\n|poke|p1|Ceruledge, F|\n|poke|p1|Cresselia, F|\n|poke|p1|Ogerpon-Cornerstone, F|\n|poke|p1|Tatsugiri, F|\n|poke|p1|Meowscarada, F|\n|poke|p2|Great Tusk|\n|poke|p2|Ursaluna, F|\n|poke|p2|Slowking-Galar, F|\n|poke|p2|Alomomola, F|\n|poke|p2|Munkidori, M|\n|poke|p2|Mandibuzz, F|\n|teampreview\n|\n|t:|1700612455\n|start\n|switch|p1a: Meowscarada|Meowscarada, F|100\/100\n|switch|p2a: Mandibuzz|Mandibuzz, F|100\/100\n|turn|1\n|c|\u2606whatabeautifulname|haha name\n|\n|t:|1700612463\n|move|p1a: Meowscarada|Trick|p2a: Mandibuzz\n|-start|p1a: Meowscarada|typechange|Psychic|[from] ability: Protean\n|-activate|p1a: Meowscarada|move: Trick|[of] p2a: Mandibuzz\n|-item|p2a: Mandibuzz|Choice Scarf|[from] move: Trick\n|-item|p1a: Meowscarada|Heavy-Duty Boots|[from] move: Trick\n|move|p2a: Mandibuzz|Toxic|p1a: Meowscarada\n|-status|p1a: Meowscarada|tox\n|\n|-damage|p1a: Meowscarada|94\/100 tox|[from] psn\n|upkeep\n|turn|2\n|\n|t:|1700612472\n|move|p1a: Meowscarada|U-turn|p2a: Mandibuzz\n|-damage|p2a: Mandibuzz|86\/100\n|\n|t:|1700612477\n|switch|p1a: Ogerpon|Ogerpon-Cornerstone, F|100\/100|[from] U-turn\n|move|p2a: Mandibuzz|Toxic|p1a: Ogerpon\n|-status|p1a: Ogerpon|tox\n|\n|-damage|p1a: Ogerpon|95\/100 tox|[from] psn\n|upkeep\n|turn|3\n|j| nzthenoob\n|l| nzthenoob\n|\n|t:|1700612504\n|switch|p2a: Munkidori|Munkidori, M|100\/100\n|move|p1a: Ogerpon|Spikes|p2a: Munkidori\n|-sidestart|p2: illneverchooseyou|Spikes\n|\n|-damage|p1a: Ogerpon|83\/100 tox|[from] psn\n|upkeep\n|turn|4\n|\n|t:|1700612511\n|move|p2a: Munkidori|U-turn|p1a: Ogerpon\n|-supereffective|p1a: Ogerpon\n|-damage|p1a: Ogerpon|51\/100 tox\n|\n|t:|1700612520\n|switch|p2a: Mandibuzz|Mandibuzz, F|86\/100|[from] U-turn\n|move|p1a: Ogerpon|Knock Off|p2a: Mandibuzz\n|-resisted|p2a: Mandibuzz\n|-damage|p2a: Mandibuzz|74\/100\n|-enditem|p2a: Mandibuzz|Choice Scarf|[from] move: Knock Off|[of] p1a: Ogerpon\n|\n|-damage|p1a: Ogerpon|33\/100 tox|[from] psn\n|upkeep\n|turn|5\n|\n|t:|1700612545\n|switch|p1a: Tatsugiri|Tatsugiri, F|100\/100\n|move|p2a: Mandibuzz|Roost|p2a: Mandibuzz\n|-heal|p2a: Mandibuzz|100\/100\n|-singleturn|p2a: Mandibuzz|move: Roost\n|\n|upkeep\n|turn|6\n|\n|t:|1700612555\n|move|p1a: Tatsugiri|Surf|p2a: Mandibuzz\n|-damage|p2a: Mandibuzz|69\/100\n|move|p2a: Mandibuzz|Toxic|p1a: Tatsugiri\n|-status|p1a: Tatsugiri|tox\n|\n|-damage|p1a: Tatsugiri|94\/100 tox|[from] psn\n|upkeep\n|turn|7\n|\n|t:|1700612576\n|switch|p1a: Cresselia|Cresselia, F|100\/100\n|switch|p2a: Slowking|Slowking-Galar, F, shiny|100\/100\n|-damage|p2a: Slowking|88\/100|[from] Spikes\n|\n|upkeep\n|turn|8\n|\n|t:|1700612584\n|-terastallize|p1a: Cresselia|Poison\n|move|p1a: Cresselia|Calm Mind|p1a: Cresselia\n|-boost|p1a: Cresselia|spa|1\n|-boost|p1a: Cresselia|spd|1\n|move|p2a: Slowking|Trick Room|p2a: Slowking\n|-fieldstart|move: Trick Room|[of] p2a: Slowking\n|\n|upkeep\n|turn|9\n|\n|t:|1700612590\n|move|p1a: Cresselia|Moonblast|p2a: Slowking\n|-resisted|p2a: Slowking\n|-damage|p2a: Slowking|80\/100\n|move|p2a: Slowking|Chilly Reception|p2a: Slowking\n|-weather|Snow\n|\n|t:|1700612592\n|switch|p2a: Ursaluna|Ursaluna, F|100\/100|[from] Chilly Reception\n|-damage|p2a: Ursaluna|88\/100|[from] Spikes\n|\n|-weather|Snow|[upkeep]\n|-status|p2a: Ursaluna|brn|[from] item: Flame Orb\n|upkeep\n|turn|10\n|\n|t:|1700612602\n|switch|p1a: Ceruledge|Ceruledge, F|100\/100\n|-terastallize|p2a: Ursaluna|Normal\n|move|p2a: Ursaluna|Facade|p1a: Ceruledge\n|-immune|p1a: Ceruledge\n|\n|-weather|Snow|[upkeep]\n|-damage|p2a: Ursaluna|82\/100 brn|[from] brn\n|upkeep\n|turn|11\n|\n|t:|1700612611\n|switch|p1a: Cresselia|Cresselia, F, tera:Poison|100\/100\n|move|p2a: Ursaluna|Facade|p1a: Cresselia\n|-damage|p1a: Cresselia|4\/100\n|\n|-weather|Snow|[upkeep]\n|-heal|p1a: Cresselia|10\/100|[from] item: Leftovers\n|-damage|p2a: Ursaluna|76\/100 brn|[from] brn\n|upkeep\n|turn|12\n|\n|t:|1700612621\n|switch|p1a: Tatsugiri|Tatsugiri, F|94\/100 tox\n|move|p2a: Ursaluna|Facade|p1a: Tatsugiri\n|-damage|p1a: Tatsugiri|0 fnt\n|faint|p1a: Tatsugiri\n|\n|-weather|Snow|[upkeep]\n|-damage|p2a: Ursaluna|70\/100 brn|[from] brn\n|-fieldend|move: Trick Room\n|upkeep\n|\n|t:|1700612632\n|switch|p1a: Meowscarada|Meowscarada, F|94\/100 tox\n|turn|13\n|\n|t:|1700612640\n|switch|p2a: Mandibuzz|Mandibuzz, F|69\/100\n|move|p1a: Meowscarada|U-turn|p2a: Mandibuzz\n|-start|p1a: Meowscarada|typechange|Bug|[from] ability: Protean\n|-damage|p2a: Mandibuzz|47\/100\n|\n|t:|1700612647\n|switch|p1a: Cresselia|Cresselia, F, tera:Poison|10\/100|[from] U-turn\n|\n|-weather|none\n|-heal|p1a: Cresselia|16\/100|[from] item: Leftovers\n|upkeep\n|turn|14\n|\n|t:|1700612651\n|move|p1a: Cresselia|Moonlight|p1a: Cresselia\n|-heal|p1a: Cresselia|66\/100\n|move|p2a: Mandibuzz|U-turn|p1a: Cresselia\n|-resisted|p1a: Cresselia\n|-damage|p1a: Cresselia|63\/100\n|\n|t:|1700612656\n|switch|p2a: Munkidori|Munkidori, M|100\/100|[from] U-turn\n|-damage|p2a: Munkidori|88\/100|[from] Spikes\n|\n|-heal|p1a: Cresselia|69\/100|[from] item: Leftovers\n|upkeep\n|turn|15\n|\n|t:|1700612665\n|switch|p1a: Meowscarada|Meowscarada, F|94\/100 tox\n|move|p2a: Munkidori|Psychic|p1a: Meowscarada\n|-immune|p1a: Meowscarada\n|\n|-damage|p1a: Meowscarada|88\/100 tox|[from] psn\n|upkeep\n|turn|16\n|\n|t:|1700612670\n|switch|p2a: Alomomola|Alomomola, F|100\/100\n|-damage|p2a: Alomomola|88\/100|[from] Spikes\n|move|p1a: Meowscarada|U-turn|p2a: Alomomola\n|-start|p1a: Meowscarada|typechange|Bug|[from] ability: Protean\n|-damage|p2a: Alomomola|68\/100\n|-damage|p1a: Meowscarada|72\/100 tox|[from] item: Rocky Helmet|[of] p2a: Alomomola\n|\n|t:|1700612678\n|switch|p1a: Ogerpon|Ogerpon-Cornerstone, F|33\/100 tox|[from] U-turn\n|\n|-damage|p1a: Ogerpon|27\/100 tox|[from] psn\n|upkeep\n|turn|17\n|\n|t:|1700612691\n|switch|p2a: Slowking|Slowking-Galar, F, shiny|100\/100\n|-damage|p2a: Slowking|88\/100|[from] Spikes\n|move|p1a: Ogerpon|Ivy Cudgel|p2a: Slowking|[anim] Ivy Cudgel Rock\n|-damage|p2a: Slowking|22\/100\n|\n|-damage|p1a: Ogerpon|15\/100 tox|[from] psn\n|upkeep\n|turn|18\n|j| HereForFrens\n|\n|t:|1700612703\n|switch|p2a: Alomomola|Alomomola, F|100\/100\n|-damage|p2a: Alomomola|88\/100|[from] Spikes\n|move|p1a: Ogerpon|Horn Leech|p2a: Alomomola\n|-supereffective|p2a: Alomomola\n|-damage|p2a: Alomomola|38\/100\n|-heal|p1a: Ogerpon|60\/100 tox|[from] drain|[of] p2a: Alomomola\n|-damage|p1a: Ogerpon|43\/100 tox|[from] item: Rocky Helmet|[of] p2a: Alomomola\n|\n|-damage|p1a: Ogerpon|25\/100 tox|[from] psn\n|upkeep\n|turn|19\n|\n|t:|1700612717\n|switch|p2a: Mandibuzz|Mandibuzz, F|47\/100\n|move|p1a: Ogerpon|Horn Leech|p2a: Mandibuzz\n|-resisted|p2a: Mandibuzz\n|-damage|p2a: Mandibuzz|34\/100\n|-heal|p1a: Ogerpon|34\/100 tox|[from] drain|[of] p2a: Mandibuzz\n|\n|-damage|p1a: Ogerpon|10\/100 tox|[from] psn\n|upkeep\n|turn|20\n|\n|t:|1700612722\n|move|p1a: Ogerpon|Ivy Cudgel|p2a: Mandibuzz|[anim] Ivy Cudgel Rock\n|-supereffective|p2a: Mandibuzz\n|-damage|p2a: Mandibuzz|0 fnt\n|faint|p2a: Mandibuzz\n|\n|-damage|p1a: Ogerpon|0 fnt|[from] psn\n|faint|p1a: Ogerpon\n|upkeep\n|\n|t:|1700612731\n|switch|p1a: Meowscarada|Meowscarada, F|72\/100 tox\n|switch|p2a: Munkidori|Munkidori, M|88\/100\n|-damage|p2a: Munkidori|76\/100|[from] Spikes\n|turn|21\n|\n|t:|1700612735\n|move|p2a: Munkidori|U-turn|p1a: Meowscarada\n|-supereffective|p1a: Meowscarada\n|-damage|p1a: Meowscarada|0 fnt\n|faint|p1a: Meowscarada\n|\n|t:|1700612747\n|switch|p2a: Slowking|Slowking-Galar, F, shiny|56\/100|[from] U-turn\n|-damage|p2a: Slowking|43\/100|[from] Spikes\n|\n|upkeep\n|\n|t:|1700612754\n|switch|p1a: Cresselia|Cresselia, F, tera:Poison|69\/100\n|turn|22\n|\n|t:|1700612761\n|move|p1a: Cresselia|Calm Mind|p1a: Cresselia\n|-boost|p1a: Cresselia|spa|1\n|-boost|p1a: Cresselia|spd|1\n|move|p2a: Slowking|Future Sight|p1a: Cresselia\n|-start|p2a: Slowking|move: Future Sight\n|\n|-heal|p1a: Cresselia|75\/100|[from] item: Leftovers\n|upkeep\n|turn|23\n|\n|t:|1700612768\n|move|p1a: Cresselia|Calm Mind|p1a: Cresselia\n|-boost|p1a: Cresselia|spa|1\n|-boost|p1a: Cresselia|spd|1\n|move|p2a: Slowking|Trick Room|p2a: Slowking\n|-fieldstart|move: Trick Room|[of] p2a: Slowking\n|\n|-heal|p1a: Cresselia|81\/100|[from] item: Leftovers\n|upkeep\n|turn|24\n|\n|t:|1700612776\n|move|p1a: Cresselia|Stored Power|p2a: Slowking\n|-damage|p2a: Slowking|5\/100\n|move|p2a: Slowking|Chilly Reception|p2a: Slowking\n|-weather|Snow\n|\n|t:|1700612780\n|switch|p2a: Ursaluna|Ursaluna, F, tera:Normal|70\/100 brn|[from] Chilly Reception\n|-damage|p2a: Ursaluna|58\/100 brn|[from] Spikes\n|\n|-weather|Snow|[upkeep]\n|-end|p1a: Cresselia|move: Future Sight\n|-supereffective|p1a: Cresselia\n|-damage|p1a: Cresselia|51\/100\n|-heal|p1a: Cresselia|57\/100|[from] item: Leftovers\n|-damage|p2a: Ursaluna|52\/100 brn|[from] brn\n|upkeep\n|turn|25\n|\n|t:|1700612789\n|switch|p1a: Ceruledge|Ceruledge, F|100\/100\n|move|p2a: Ursaluna|Facade|p1a: Ceruledge\n|-immune|p1a: Ceruledge\n|\n|-weather|Snow|[upkeep]\n|-damage|p2a: Ursaluna|46\/100 brn|[from] brn\n|upkeep\n|turn|26\n|\n|t:|1700612796\n|move|p2a: Ursaluna|Headlong Rush|p1a: Ceruledge\n|-supereffective|p1a: Ceruledge\n|-damage|p1a: Ceruledge|0 fnt\n|-unboost|p2a: Ursaluna|def|1\n|-unboost|p2a: Ursaluna|spd|1\n|faint|p1a: Ceruledge\n|\n|-weather|Snow|[upkeep]\n|-damage|p2a: Ursaluna|40\/100 brn|[from] brn\n|upkeep\n|\n|t:|1700612803\n|switch|p1a: Zamazenta|Zamazenta|100\/100\n|-ability|p1a: Zamazenta|Dauntless Shield|boost\n|-boost|p1a: Zamazenta|def|1\n|turn|27\n|\n|t:|1700612821\n|switch|p2a: Alomomola|Alomomola, F|71\/100\n|-damage|p2a: Alomomola|59\/100|[from] Spikes\n|move|p1a: Zamazenta|Substitute|p1a: Zamazenta\n|-start|p1a: Zamazenta|Substitute\n|-damage|p1a: Zamazenta|75\/100\n|\n|-weather|Snow|[upkeep]\n|-heal|p1a: Zamazenta|82\/100|[from] item: Leftovers\n|-fieldend|move: Trick Room\n|upkeep\n|turn|28\n|\n|t:|1700612830\n|move|p1a: Zamazenta|Iron Defense|p1a: Zamazenta\n|-boost|p1a: Zamazenta|def|2\n|move|p2a: Alomomola|Wish|p2a: Alomomola\n|\n|-weather|none\n|-heal|p1a: Zamazenta|88\/100|[from] item: Leftovers\n|upkeep\n|turn|29\n|\n|t:|1700612836\n|move|p1a: Zamazenta|Iron Defense|p1a: Zamazenta\n|-boost|p1a: Zamazenta|def|2\n|move|p2a: Alomomola|Flip Turn|p1a: Zamazenta\n|-activate|p1a: Zamazenta|move: Substitute|[damage]\n|\n|t:|1700612838\n|switch|p2a: Slowking|Slowking-Galar, F, shiny|38\/100|[from] Flip Turn\n|-damage|p2a: Slowking|26\/100|[from] Spikes\n|\n|-heal|p2a: Slowking|94\/100|[from] move: Wish|[wisher] Alomomola\n|-heal|p1a: Zamazenta|94\/100|[from] item: Leftovers\n|upkeep\n|turn|30\n|\n|t:|1700612847\n|move|p1a: Zamazenta|Body Press|p2a: Slowking\n|-resisted|p2a: Slowking\n|-damage|p2a: Slowking|65\/100\n|move|p2a: Slowking|Future Sight|p1a: Zamazenta\n|-start|p2a: Slowking|move: Future Sight\n|\n|-heal|p1a: Zamazenta|99\/100|[from] item: Leftovers\n|upkeep\n|turn|31\n|\n|t:|1700612854\n|move|p1a: Zamazenta|Crunch|p2a: Slowking\n|-supereffective|p2a: Slowking\n|-damage|p2a: Slowking|20\/100\n|move|p2a: Slowking|Sludge Bomb|p1a: Zamazenta\n|-end|p1a: Zamazenta|Substitute\n|\n|-heal|p1a: Zamazenta|100\/100|[from] item: Leftovers\n|upkeep\n|turn|32\n|\n|t:|1700612864\n|move|p1a: Zamazenta|Crunch|p2a: Slowking\n|-supereffective|p2a: Slowking\n|-crit|p2a: Slowking\n|-damage|p2a: Slowking|0 fnt\n|faint|p2a: Slowking\n|\n|-end|p1a: Zamazenta|move: Future Sight\n|-supereffective|p1a: Zamazenta\n|-damage|p1a: Zamazenta|28\/100\n|-heal|p1a: Zamazenta|34\/100|[from] item: Leftovers\n|upkeep\n|\n|t:|1700612867\n|switch|p2a: Munkidori|Munkidori, M|76\/100\n|-damage|p2a: Munkidori|64\/100|[from] Spikes\n|turn|33\n|\n|t:|1700612874\n|move|p2a: Munkidori|Psychic|p1a: Zamazenta\n|-supereffective|p1a: Zamazenta\n|-damage|p1a: Zamazenta|0 fnt\n|faint|p1a: Zamazenta\n|\n|upkeep\n|\n|t:|1700612876\n|switch|p1a: Cresselia|Cresselia, F, tera:Poison|57\/100\n|turn|34\n|c|\u2606illneverchooseyou|Gg\n|\n|t:|1700612880\n|move|p2a: Munkidori|Psychic|p1a: Cresselia\n|-supereffective|p1a: Cresselia\n|-damage|p1a: Cresselia|0 fnt\n|faint|p1a: Cresselia\n|\n|win|illneverchooseyou\n|raw|whatabeautifulname's rating: 1618 &rarr; <strong>1597<\/strong><br \/>(-21 for losing)\n|raw|illneverchooseyou's rating: 1609 &rarr; <strong>1630<\/strong><br \/>(+21 for winning)\n|l|\u2606whatabeautifulname\n","uploadtime":1700612908,"views":8,"p1id":"whatabeautifulname","p2id":"illneverchooseyou","formatid":"gen9ou","rating":1597,"private":0,"password":""}