{"id":"gen9ou-1990341075","p1":"khoabro","p2":"Saviarai","format":"[Gen 9] OU","log":"|j|\u2606khoabro\n|j|\u2606Saviarai\n|t:|1699959333\n|gametype|singles\n|player|p1|khoabro|pokemaniac|1118\n|player|p2|Saviarai|pokemonranger|1095\n|teamsize|p1|6\n|teamsize|p2|6\n|gen|9\n|tier|[Gen 9] OU\n|rated|\n|rule|Sleep Clause Mod: Limit one foe put to sleep\n|rule|Species Clause: Limit one of each Pok\u00e9mon\n|rule|OHKO Clause: OHKO moves are banned\n|rule|Evasion Items Clause: Evasion items are banned\n|rule|Evasion Moves Clause: Evasion moves are banned\n|rule|Endless Battle Clause: Forcing endless battles is banned\n|rule|HP Percentage Mod: HP is shown in percentages\n|clearpoke\n|poke|p1|Ninetales-Alola, F|\n|poke|p1|Great Tusk|\n|poke|p1|Ceruledge, M|\n|poke|p1|Ribombee, M|\n|poke|p1|Dragapult, M|\n|poke|p1|Gholdengo|\n|poke|p2|Ceruledge, F|\n|poke|p2|Corviknight, M|\n|poke|p2|Clefable, F|\n|poke|p2|Walking Wake|\n|poke|p2|Great Tusk|\n|poke|p2|Rillaboom, M|\n|teampreview\n|inactive|Battle timer is ON: inactive players will automatically lose when time's up. (requested by khoabro)\n|\n|t:|1699959338\n|start\n|switch|p1a: Ch\u1ecb ong n\u00e2u|Ribombee, M|100\/100\n|switch|p2a: Miss Cleffy|Clefable, F|100\/100\n|turn|1\n|\n|t:|1699959348\n|move|p1a: Ch\u1ecb ong n\u00e2u|Stun Spore|p2a: Miss Cleffy|[miss]\n|-miss|p1a: Ch\u1ecb ong n\u00e2u|p2a: Miss Cleffy\n|move|p2a: Miss Cleffy|Stealth Rock|p1a: Ch\u1ecb ong n\u00e2u\n|-sidestart|p1: khoabro|move: Stealth Rock\n|\n|upkeep\n|turn|2\n|\n|t:|1699959362\n|move|p1a: Ch\u1ecb ong n\u00e2u|Stun Spore|p2a: Miss Cleffy|[miss]\n|-miss|p1a: Ch\u1ecb ong n\u00e2u|p2a: Miss Cleffy\n|move|p2a: Miss Cleffy|Moonblast|p1a: Ch\u1ecb ong n\u00e2u\n|-damage|p1a: Ch\u1ecb ong n\u00e2u|51\/100\n|\n|upkeep\n|turn|3\n|\n|t:|1699959370\n|move|p1a: Ch\u1ecb ong n\u00e2u|Sticky Web|p2a: Miss Cleffy\n|-sidestart|p2: Saviarai|move: Sticky Web\n|move|p2a: Miss Cleffy|Moonblast|p1a: Ch\u1ecb ong n\u00e2u\n|-damage|p1a: Ch\u1ecb ong n\u00e2u|5\/100\n|\n|upkeep\n|turn|4\n|\n|t:|1699959377\n|move|p1a: Ch\u1ecb ong n\u00e2u|Stun Spore|p2a: Miss Cleffy\n|-status|p2a: Miss Cleffy|par\n|move|p2a: Miss Cleffy|Moonblast|p1a: Ch\u1ecb ong n\u00e2u\n|-damage|p1a: Ch\u1ecb ong n\u00e2u|0 fnt\n|faint|p1a: Ch\u1ecb ong n\u00e2u\n|\n|upkeep\n|\n|t:|1699959392\n|switch|p1a: Ninetales|Ninetales-Alola, F, shiny|100\/100\n|-damage|p1a: Ninetales|76\/100|[from] Stealth Rock\n|-weather|Snow|[from] ability: Snow Warning|[of] p1a: Ninetales\n|turn|5\n|\n|t:|1699959401\n|move|p1a: Ninetales|Aurora Veil|p1a: Ninetales\n|-sidestart|p1: khoabro|move: Aurora Veil\n|move|p2a: Miss Cleffy|Thunder Wave|p1a: Ninetales\n|-status|p1a: Ninetales|par\n|\n|-weather|Snow|[upkeep]\n|upkeep\n|turn|6\n|\n|t:|1699959412\n|switch|p1a: C\u1eadu v\u00e0ng|Gholdengo|100\/100\n|-damage|p1a: C\u1eadu v\u00e0ng|94\/100|[from] Stealth Rock\n|move|p2a: Miss Cleffy|Moonblast|p1a: C\u1eadu v\u00e0ng\n|-resisted|p1a: C\u1eadu v\u00e0ng\n|-damage|p1a: C\u1eadu v\u00e0ng|85\/100\n|\n|-weather|Snow|[upkeep]\n|upkeep\n|turn|7\n|\n|t:|1699959425\n|switch|p2a: Thread of Tusk|Great Tusk|100\/100\n|-activate|p2a: Thread of Tusk|move: Sticky Web\n|-unboost|p2a: Thread of Tusk|spe|1\n|-enditem|p2a: Thread of Tusk|Booster Energy\n|-activate|p2a: Thread of Tusk|ability: Protosynthesis|[fromitem]\n|-start|p2a: Thread of Tusk|protosynthesisatk\n|move|p1a: C\u1eadu v\u00e0ng|Make It Rain|p2a: Thread of Tusk\n|-damage|p2a: Thread of Tusk|0 fnt\n|-unboost|p1a: C\u1eadu v\u00e0ng|spa|1\n|faint|p2a: Thread of Tusk\n|-end|p2a: Thread of Tusk|Protosynthesis|[silent]\n|-damage|p1a: C\u1eadu v\u00e0ng|75\/100|[from] item: Life Orb\n|\n|-weather|Snow|[upkeep]\n|upkeep\n|\n|t:|1699959445\n|switch|p2a: Lancelot|Corviknight, M, shiny|100\/100\n|-ability|p2a: Lancelot|Pressure\n|turn|8\n|\n|t:|1699959455\n|move|p1a: C\u1eadu v\u00e0ng|Shadow Ball|p2a: Lancelot\n|-damage|p2a: Lancelot|65\/100\n|-unboost|p2a: Lancelot|spd|1\n|-damage|p1a: C\u1eadu v\u00e0ng|65\/100|[from] item: Life Orb\n|move|p2a: Lancelot|Defog|p1a: C\u1eadu v\u00e0ng\n|-immune|p1a: C\u1eadu v\u00e0ng|[from] ability: Good as Gold\n|\n|-weather|Snow|[upkeep]\n|upkeep\n|turn|9\n|inactive|Saviarai has 120 seconds left.\n|\n|t:|1699959479\n|switch|p2a: Suicune Yea?|Walking Wake|100\/100\n|-activate|p2a: Suicune Yea?|move: Sticky Web\n|-unboost|p2a: Suicune Yea?|spe|1\n|-enditem|p2a: Suicune Yea?|Booster Energy\n|-activate|p2a: Suicune Yea?|ability: Protosynthesis|[fromitem]\n|-start|p2a: Suicune Yea?|protosynthesisspa\n|move|p1a: C\u1eadu v\u00e0ng|Shadow Ball|p2a: Suicune Yea?\n|-damage|p2a: Suicune Yea?|60\/100\n|-damage|p1a: C\u1eadu v\u00e0ng|55\/100|[from] item: Life Orb\n|\n|-weather|none\n|upkeep\n|turn|10\n|inactive|Saviarai has 120 seconds left.\n|\n|t:|1699959499\n|switch|p1a: Voi c\u00f4 \u0111\u1ed9c|Great Tusk, shiny|100\/100\n|-terastallize|p2a: Suicune Yea?|Water\n|move|p2a: Suicune Yea?|Hydro Steam|p1a: Voi c\u00f4 \u0111\u1ed9c\n|-supereffective|p1a: Voi c\u00f4 \u0111\u1ed9c\n|-damage|p1a: Voi c\u00f4 \u0111\u1ed9c|0 fnt\n|faint|p1a: Voi c\u00f4 \u0111\u1ed9c\n|-end|p1a: Voi c\u00f4 \u0111\u1ed9c|Protosynthesis|[silent]\n|\n|upkeep\n|\n|t:|1699959509\n|switch|p1a: Anh Long|Dragapult, M|100\/100\n|-damage|p1a: Anh Long|88\/100|[from] Stealth Rock\n|turn|11\n|inactive|Saviarai has 120 seconds left.\n|\n|t:|1699959529\n|move|p1a: Anh Long|Shadow Ball|p2a: Suicune Yea?\n|-damage|p2a: Suicune Yea?|4\/100\n|move|p2a: Suicune Yea?|Dragon Pulse|p1a: Anh Long\n|-supereffective|p1a: Anh Long\n|-damage|p1a: Anh Long|0 fnt\n|faint|p1a: Anh Long\n|\n|upkeep\n|\n|t:|1699959540\n|switch|p1a: C\u1eadu v\u00e0ng|Gholdengo|55\/100\n|-damage|p1a: C\u1eadu v\u00e0ng|49\/100|[from] Stealth Rock\n|turn|12\n|inactive|Saviarai has 120 seconds left.\n|\n|t:|1699959553\n|move|p1a: C\u1eadu v\u00e0ng|Shadow Ball|p2a: Suicune Yea?\n|-damage|p2a: Suicune Yea?|0 fnt\n|faint|p2a: Suicune Yea?\n|-end|p2a: Suicune Yea?|Protosynthesis|[silent]\n|-damage|p1a: C\u1eadu v\u00e0ng|39\/100|[from] item: Life Orb\n|\n|-sideend|p1: khoabro|move: Aurora Veil\n|upkeep\n|inactive|Saviarai has 120 seconds left.\n|\n|t:|1699959563\n|switch|p2a: Violesca|Ceruledge, F|100\/100\n|turn|13\n|\n|t:|1699959572\n|move|p2a: Violesca|Shadow Sneak|p1a: C\u1eadu v\u00e0ng\n|-supereffective|p1a: C\u1eadu v\u00e0ng\n|-damage|p1a: C\u1eadu v\u00e0ng|0 fnt\n|faint|p1a: C\u1eadu v\u00e0ng\n|\n|upkeep\n|-message|khoabro forfeited.\n|\n|win|Saviarai\n|raw|khoabro's rating: 1118 &rarr; <strong>1091<\/strong><br \/>(-27 for losing)\n|raw|Saviarai's rating: 1095 &rarr; <strong>1122<\/strong><br \/>(+27 for winning)\n|l|\u2606khoabro\n","uploadtime":1699959594,"views":16,"p1id":"khoabro","p2id":"saviarai","formatid":"gen9ou","rating":1091,"private":0,"password":""}