{"id":"gen9ou-1997138100","p1":"123456bst","p2":"DiputadesIndecises","format":"[Gen 9] OU","log":"|j|\u2606123456bst\n|j|\u2606DiputadesIndecises\n|inactive|Battle timer is ON: inactive players will automatically lose when time's up.\n|t:|1700768353\n|gametype|singles\n|player|p1|123456bst|101|\n|player|p2|DiputadesIndecises|102|\n|teamsize|p1|2\n|teamsize|p2|2\n|gen|9\n|tier|[Gen 9] OU\n|rated|Tournament battle\n|rule|Sleep Clause Mod: Limit one foe put to sleep\n|rule|Species Clause: Limit one of each Pok\u00e9mon\n|rule|OHKO Clause: OHKO moves are banned\n|rule|Evasion Items Clause: Evasion items are banned\n|rule|Evasion Moves Clause: Evasion moves are banned\n|rule|Endless Battle Clause: Forcing endless battles is banned\n|rule|HP Percentage Mod: HP is shown in percentages\n|clearpoke\n|poke|p1|Gholdengo|\n|poke|p1|Drednaw, M|\n|poke|p2|Medicham, F|\n|poke|p2|Sinistcha-Masterpiece|\n|teampreview\n|inactive|123456bst also wants the timer to be on.\n|j| zacianboi101\n|j|*Lady Monita \u2746\n|j|^HEAVY-DUTY B0OTY\n|inactive|123456bst has 120 seconds left.\n|j| Nasser412\n|\n|t:|1700768387\n|start\n|switch|p1a: Drednaw|Drednaw, M|100\/100\n|switch|p2a: Medicham|Medicham, F|100\/100\n|turn|1\n|\n|t:|1700768396\n|switch|p1a: Gholdengo|Gholdengo|100\/100\n|move|p2a: Medicham|Fake Out|p1a: Gholdengo\n|-immune|p1a: Gholdengo\n|\n|upkeep\n|turn|2\n|\n|t:|1700768403\n|move|p2a: Medicham|Zen Headbutt|p1a: Gholdengo\n|-resisted|p1a: Gholdengo\n|-damage|p1a: Gholdengo|84\/100\n|move|p1a: Gholdengo|Thunder Wave|p2a: Medicham\n|-status|p2a: Medicham|par\n|\n|-heal|p1a: Gholdengo|90\/100|[from] item: Leftovers\n|upkeep\n|turn|3\n|\n|t:|1700768408\n|move|p1a: Gholdengo|Hex|p2a: Medicham\n|-supereffective|p2a: Medicham\n|-enditem|p2a: Medicham|Focus Sash\n|-damage|p2a: Medicham|1\/100 par\n|move|p2a: Medicham|Zen Headbutt|p1a: Gholdengo\n|-resisted|p1a: Gholdengo\n|-damage|p1a: Gholdengo|73\/100\n|\n|-heal|p1a: Gholdengo|79\/100|[from] item: Leftovers\n|upkeep\n|turn|4\n|\n|t:|1700768418\n|move|p2a: Medicham|Bullet Punch|p1a: Gholdengo\n|-resisted|p1a: Gholdengo\n|-damage|p1a: Gholdengo|74\/100\n|move|p1a: Gholdengo|Recover|p1a: Gholdengo\n|-heal|p1a: Gholdengo|100\/100\n|\n|upkeep\n|turn|5\n|\n|t:|1700768423\n|move|p2a: Medicham|Bullet Punch|p1a: Gholdengo\n|-resisted|p1a: Gholdengo\n|-damage|p1a: Gholdengo|95\/100\n|move|p1a: Gholdengo|Hex|p2a: Medicham\n|-supereffective|p2a: Medicham\n|-damage|p2a: Medicham|0 fnt\n|faint|p2a: Medicham\n|\n|-heal|p1a: Gholdengo|100\/100|[from] item: Leftovers\n|upkeep\n|\n|t:|1700768425\n|switch|p2a: Sinistcha|Sinistcha-Masterpiece|100\/100\n|turn|6\n|\n|t:|1700768431\n|move|p1a: Gholdengo|Thunder Wave|p2a: Sinistcha|[miss]\n|-miss|p1a: Gholdengo|p2a: Sinistcha\n|move|p2a: Sinistcha|Calm Mind|p2a: Sinistcha\n|-boost|p2a: Sinistcha|spa|1\n|-boost|p2a: Sinistcha|spd|1\n|\n|upkeep\n|turn|7\n|\n|t:|1700768436\n|move|p1a: Gholdengo|Thunder Wave|p2a: Sinistcha\n|-status|p2a: Sinistcha|par\n|move|p2a: Sinistcha|Calm Mind|p2a: Sinistcha\n|-boost|p2a: Sinistcha|spa|1\n|-boost|p2a: Sinistcha|spd|1\n|\n|upkeep\n|turn|8\n|\n|t:|1700768441\n|-terastallize|p2a: Sinistcha|Steel\n|move|p1a: Gholdengo|Hex|p2a: Sinistcha\n|-damage|p2a: Sinistcha|76\/100 par\n|cant|p2a: Sinistcha|par\n|\n|-heal|p2a: Sinistcha|82\/100 par|[from] item: Leftovers\n|upkeep\n|turn|9\n|\n|t:|1700768453\n|move|p1a: Gholdengo|Hex|p2a: Sinistcha\n|-damage|p2a: Sinistcha|59\/100 par\n|move|p2a: Sinistcha|Calm Mind|p2a: Sinistcha\n|-boost|p2a: Sinistcha|spa|1\n|-boost|p2a: Sinistcha|spd|1\n|\n|-heal|p2a: Sinistcha|65\/100 par|[from] item: Leftovers\n|upkeep\n|turn|10\n|\n|t:|1700768457\n|move|p1a: Gholdengo|Hex|p2a: Sinistcha\n|-damage|p2a: Sinistcha|45\/100 par\n|move|p2a: Sinistcha|Matcha Gotcha|p1a: Gholdengo\n|-resisted|p1a: Gholdengo\n|-damage|p1a: Gholdengo|62\/100\n|-heal|p2a: Sinistcha|66\/100 par|[from] drain|[of] p1a: Gholdengo\n|\n|-heal|p1a: Gholdengo|68\/100|[from] item: Leftovers\n|-heal|p2a: Sinistcha|72\/100 par|[from] item: Leftovers\n|upkeep\n|turn|11\n|j| ragnarok362\n|\n|t:|1700768468\n|move|p1a: Gholdengo|Hex|p2a: Sinistcha\n|-damage|p2a: Sinistcha|54\/100 par\n|move|p2a: Sinistcha|Calm Mind|p2a: Sinistcha\n|-boost|p2a: Sinistcha|spa|1\n|-boost|p2a: Sinistcha|spd|1\n|\n|-heal|p1a: Gholdengo|75\/100|[from] item: Leftovers\n|-heal|p2a: Sinistcha|60\/100 par|[from] item: Leftovers\n|upkeep\n|turn|12\n|\n|t:|1700768471\n|move|p1a: Gholdengo|Hex|p2a: Sinistcha\n|-damage|p2a: Sinistcha|44\/100 par\n|cant|p2a: Sinistcha|par\n|\n|-heal|p1a: Gholdengo|81\/100|[from] item: Leftovers\n|-heal|p2a: Sinistcha|50\/100 par|[from] item: Leftovers\n|upkeep\n|turn|13\n|\n|t:|1700768475\n|move|p1a: Gholdengo|Hex|p2a: Sinistcha\n|-damage|p2a: Sinistcha|33\/100 par\n|move|p2a: Sinistcha|Matcha Gotcha|p1a: Gholdengo\n|-resisted|p1a: Gholdengo\n|-damage|p1a: Gholdengo|36\/100\n|-heal|p2a: Sinistcha|58\/100 par|[from] drain|[of] p1a: Gholdengo\n|\n|-heal|p1a: Gholdengo|42\/100|[from] item: Leftovers\n|-heal|p2a: Sinistcha|64\/100 par|[from] item: Leftovers\n|upkeep\n|turn|14\n|\n|t:|1700768482\n|move|p1a: Gholdengo|Hex|p2a: Sinistcha\n|-damage|p2a: Sinistcha|48\/100 par\n|move|p2a: Sinistcha|Matcha Gotcha|p1a: Gholdengo|[miss]\n|-miss|p2a: Sinistcha|p1a: Gholdengo\n|\n|-heal|p1a: Gholdengo|48\/100|[from] item: Leftovers\n|-heal|p2a: Sinistcha|55\/100 par|[from] item: Leftovers\n|upkeep\n|turn|15\n|\n|t:|1700768485\n|move|p1a: Gholdengo|Hex|p2a: Sinistcha\n|-damage|p2a: Sinistcha|39\/100 par\n|cant|p2a: Sinistcha|par\n|\n|-heal|p1a: Gholdengo|54\/100|[from] item: Leftovers\n|-heal|p2a: Sinistcha|45\/100 par|[from] item: Leftovers\n|upkeep\n|turn|16\n|\n|t:|1700768489\n|move|p1a: Gholdengo|Hex|p2a: Sinistcha\n|-damage|p2a: Sinistcha|28\/100 par\n|move|p2a: Sinistcha|Matcha Gotcha|p1a: Gholdengo\n|-resisted|p1a: Gholdengo\n|-damage|p1a: Gholdengo|6\/100\n|-heal|p2a: Sinistcha|55\/100 par|[from] drain|[of] p1a: Gholdengo\n|\n|-heal|p1a: Gholdengo|12\/100|[from] item: Leftovers\n|-heal|p2a: Sinistcha|61\/100 par|[from] item: Leftovers\n|upkeep\n|turn|17\n|\n|t:|1700768494\n|move|p1a: Gholdengo|Hex|p2a: Sinistcha\n|-crit|p2a: Sinistcha\n|-damage|p2a: Sinistcha|0 fnt\n|faint|p2a: Sinistcha\n|\n|win|123456bst\n|n|\u2606123456bst|123456bst\n|n|\u2606DiputadesIndecises|diputadesindecises\n|n| zacianboi101|zacianboi101\n|n|*Lady Monita \u2746|ladymonita\n|n| HEAVY-DUTY B0OTY|heavydutyb0oty\n|n| Nasser412|nasser412\n|n| ragnarok362|ragnarok362\n","uploadtime":1700768495,"views":14,"p1id":"123456bst","p2id":"diputadesindecises","formatid":"gen9ou","rating":0,"private":0,"password":""}