{"id":"gen9ou-1995446531","p1":"Jim511","p2":"Jacopino08","format":"[Gen 9] OU","log":"|j|\u2606Jim511\n|j|\u2606Jacopino08\n|t:|1700571776\n|gametype|singles\n|player|p1|Jim511|1|1189\n|player|p2|Jacopino08|blue|1167\n|teamsize|p1|6\n|teamsize|p2|6\n|gen|9\n|tier|[Gen 9] OU\n|rated|\n|rule|Sleep Clause Mod: Limit one foe put to sleep\n|rule|Species Clause: Limit one of each Pok\u00e9mon\n|rule|OHKO Clause: OHKO moves are banned\n|rule|Evasion Items Clause: Evasion items are banned\n|rule|Evasion Moves Clause: Evasion moves are banned\n|rule|Endless Battle Clause: Forcing endless battles is banned\n|rule|HP Percentage Mod: HP is shown in percentages\n|clearpoke\n|poke|p1|Poliwrath, F|\n|poke|p1|Pelipper, F|\n|poke|p1|Overqwil, F|\n|poke|p1|Rillaboom, M|\n|poke|p1|Glimmora, F|\n|poke|p1|Zapdos|\n|poke|p2|Cinderace, F|\n|poke|p2|Torterra, F|\n|poke|p2|Dondozo, M|\n|poke|p2|Blissey, F|\n|poke|p2|Dragonite, F|\n|poke|p2|Hatterene, F|\n|teampreview\n|inactive|Battle timer is ON: inactive players will automatically lose when time's up. (requested by Jim511)\n|\n|t:|1700571786\n|start\n|switch|p1a: Glimmora|Glimmora, F|100\/100\n|switch|p2a: Torterra|Torterra, F|100\/100\n|turn|1\n|\n|t:|1700571790\n|move|p1a: Glimmora|Mortal Spin|p2a: Torterra\n|-damage|p2a: Torterra|95\/100\n|-status|p2a: Torterra|psn\n|move|p2a: Torterra|Shell Smash|p2a: Torterra\n|-unboost|p2a: Torterra|def|1\n|-unboost|p2a: Torterra|spd|1\n|-boost|p2a: Torterra|atk|2\n|-boost|p2a: Torterra|spa|2\n|-boost|p2a: Torterra|spe|2\n|\n|-damage|p2a: Torterra|82\/100 psn|[from] psn\n|upkeep\n|turn|2\n|\n|t:|1700571800\n|move|p2a: Torterra|Rock Blast|p1a: Glimmora\n|-damage|p1a: Glimmora|78\/100\n|-activate|p1a: Glimmora|ability: Toxic Debris\n|-sidestart|p2: Jacopino08|move: Toxic Spikes\n|-damage|p1a: Glimmora|60\/100\n|-activate|p1a: Glimmora|ability: Toxic Debris\n|-sidestart|p2: Jacopino08|move: Toxic Spikes\n|-damage|p1a: Glimmora|40\/100\n|-damage|p1a: Glimmora|20\/100\n|-damage|p1a: Glimmora|0 fnt\n|faint|p1a: Glimmora\n|-hitcount|p1: Glimmora|5\n|\n|-damage|p2a: Torterra|70\/100 psn|[from] psn\n|upkeep\n|\n|t:|1700571809\n|switch|p1a: Pelipper|Pelipper, F|100\/100\n|-weather|RainDance|[from] ability: Drizzle|[of] p1a: Pelipper\n|turn|3\n|\n|t:|1700571812\n|move|p2a: Torterra|Rock Blast|p1a: Pelipper\n|-supereffective|p1a: Pelipper\n|-crit|p1a: Pelipper\n|-damage|p1a: Pelipper|50\/100\n|-supereffective|p1a: Pelipper\n|-damage|p1a: Pelipper|18\/100\n|-supereffective|p1a: Pelipper\n|-damage|p1a: Pelipper|0 fnt\n|faint|p1a: Pelipper\n|-hitcount|p1: Pelipper|3\n|\n|-weather|RainDance|[upkeep]\n|-damage|p2a: Torterra|58\/100 psn|[from] psn\n|upkeep\n|\n|t:|1700571818\n|switch|p1a: Overqwil|Overqwil, F|100\/100\n|turn|4\n|\n|t:|1700571820\n|move|p1a: Overqwil|Liquidation|p2a: Torterra\n|-damage|p2a: Torterra|0 fnt\n|faint|p2a: Torterra\n|-damage|p1a: Overqwil|91\/100|[from] item: Life Orb\n|\n|-weather|RainDance|[upkeep]\n|upkeep\n|\n|t:|1700571842\n|switch|p2a: Dragonite|Dragonite, F|100\/100\n|turn|5\n|\n|t:|1700571848\n|-terastallize|p1a: Overqwil|Water\n|move|p1a: Overqwil|Gunk Shot|p2a: Dragonite\n|-damage|p2a: Dragonite|57\/100\n|-damage|p1a: Overqwil|81\/100|[from] item: Life Orb\n|move|p2a: Dragonite|Dragon Dance|p2a: Dragonite\n|-boost|p2a: Dragonite|atk|1\n|-boost|p2a: Dragonite|spe|1\n|\n|-weather|RainDance|[upkeep]\n|upkeep\n|turn|6\n|\n|t:|1700571867\n|-terastallize|p2a: Dragonite|Normal\n|move|p2a: Dragonite|Extreme Speed|p1a: Overqwil\n|-damage|p1a: Overqwil|0 fnt\n|faint|p1a: Overqwil\n|\n|-weather|RainDance|[upkeep]\n|upkeep\n|inactive|Jim511 has 120 seconds left.\n|\n|t:|1700571904\n|switch|p1a: Rillaboom|Rillaboom, M|100\/100\n|-fieldstart|move: Grassy Terrain|[from] ability: Grassy Surge|[of] p1a: Rillaboom\n|turn|7\n|\n|t:|1700571907\n|move|p1a: Rillaboom|Grassy Glide|p2a: Dragonite\n|-damage|p2a: Dragonite|0 fnt\n|faint|p2a: Dragonite\n|\n|-weather|RainDance|[upkeep]\n|upkeep\n|\n|t:|1700571921\n|switch|p2a: Cinderace|Cinderace, F|100\/100\n|turn|8\n|c|\u2606Jim511|think iv been outplayed...\n|\n|t:|1700571934\n|switch|p1a: Zapdos|Zapdos|100\/100\n|move|p2a: Cinderace|Court Change|p2a: Cinderace\n|-start|p2a: Cinderace|typechange|Normal|[from] ability: Libero\n|-swapsideconditions\n|-activate|p2a: Cinderace|move: Court Change\n|\n|-weather|RainDance|[upkeep]\n|upkeep\n|turn|9\n|\n|t:|1700571938\n|move|p2a: Cinderace|U-turn|p1a: Zapdos\n|-resisted|p1a: Zapdos\n|-damage|p1a: Zapdos|86\/100\n|\n|t:|1700571945\n|switch|p2a: Blissey|Blissey, F|100\/100|[from] U-turn\n|move|p1a: Zapdos|Weather Ball|p2a: Blissey\n|-damage|p2a: Blissey|84\/100\n|\n|-weather|RainDance|[upkeep]\n|-heal|p2a: Blissey|91\/100|[from] Grassy Terrain\n|upkeep\n|turn|10\n|c|\u2606Jim511|gg wp\n|-message|Jim511 forfeited.\n|\n|win|Jacopino08\n|raw|Jim511's rating: 1189 &rarr; <strong>1162<\/strong><br \/>(-27 for losing)\n|raw|Jacopino08's rating: 1167 &rarr; <strong>1194<\/strong><br \/>(+27 for winning)\n|l|\u2606Jim511\n","uploadtime":1700571966,"views":4,"p1id":"jim511","p2id":"jacopino08","formatid":"gen9ou","rating":1162,"private":0,"password":""}