{"id":"gen9ou-1991311417","p1":"Falcon420","p2":"ChillLanturnYT","format":"[Gen 9] OU","log":"|j|\u2606Falcon420\n|j|\u2606ChillLanturnYT\n|t:|1700066530\n|gametype|singles\n|player|p1|Falcon420|ghetsis|1062\n|player|p2|ChillLanturnYT|palmer|1149\n|teamsize|p1|6\n|teamsize|p2|6\n|gen|9\n|tier|[Gen 9] OU\n|rated|\n|rule|Sleep Clause Mod: Limit one foe put to sleep\n|rule|Species Clause: Limit one of each Pok\u00e9mon\n|rule|OHKO Clause: OHKO moves are banned\n|rule|Evasion Items Clause: Evasion items are banned\n|rule|Evasion Moves Clause: Evasion moves are banned\n|rule|Endless Battle Clause: Forcing endless battles is banned\n|rule|HP Percentage Mod: HP is shown in percentages\n|clearpoke\n|poke|p1|Infernape, F|\n|poke|p1|Skeledirge, F|\n|poke|p1|Hydreigon, F|\n|poke|p1|Lokix, F|\n|poke|p1|Azelf|\n|poke|p1|Gengar, F|\n|poke|p2|Grafaiai, F|\n|poke|p2|Mandibuzz, F|\n|poke|p2|Pawmot, F|\n|poke|p2|Enamorus, F|\n|poke|p2|Blissey, F|\n|poke|p2|Dragapult, M|\n|teampreview\n|inactive|Battle timer is ON: inactive players will automatically lose when time's up. (requested by Falcon420)\n|\n|t:|1700066535\n|start\n|switch|p1a: Infernape|Infernape, F|100\/100\n|switch|p2a: Grafaiai|Grafaiai, F|100\/100\n|turn|1\n|\n|t:|1700066542\n|move|p1a: Infernape|Mach Punch|p2a: Grafaiai\n|-damage|p2a: Grafaiai|41\/100\n|move|p2a: Grafaiai|Swagger|p1a: Infernape\n|-boost|p1a: Infernape|atk|2\n|-enditem|p2a: Grafaiai|Mirror Herb\n|-boost|p2a: Grafaiai|atk|2|[from] item: Mirror Herb\n|-start|p1a: Infernape|confusion\n|\n|upkeep\n|turn|2\n|\n|t:|1700066549\n|-activate|p1a: Infernape|confusion\n|move|p1a: Infernape|Mach Punch|p2a: Grafaiai\n|-damage|p2a: Grafaiai|0 fnt\n|faint|p2a: Grafaiai\n|\n|upkeep\n|\n|t:|1700066560\n|switch|p2a: Dragapult|Dragapult, M|100\/100\n|turn|3\n|\n|t:|1700066565\n|switch|p1a: Hydreigon|Hydreigon, F|100\/100\n|move|p2a: Dragapult|Dragon Dance|p2a: Dragapult\n|-boost|p2a: Dragapult|atk|1\n|-boost|p2a: Dragapult|spe|1\n|\n|upkeep\n|turn|4\n|\n|t:|1700066574\n|move|p2a: Dragapult|Dragon Darts|p1a: Hydreigon\n|-supereffective|p1a: Hydreigon\n|-damage|p1a: Hydreigon|8\/100\n|-anim|p2a: Dragapult|Dragon Darts|p1a: Hydreigon\n|-supereffective|p1a: Hydreigon\n|-damage|p1a: Hydreigon|0 fnt\n|faint|p1a: Hydreigon\n|\n|upkeep\n|\n|t:|1700066584\n|switch|p1a: Skeledirge|Skeledirge, F|100\/100\n|turn|5\n|\n|t:|1700066589\n|switch|p2a: Mandibuzz|Mandibuzz, F|100\/100\n|-terastallize|p1a: Skeledirge|Fairy\n|move|p1a: Skeledirge|Yawn|p2a: Mandibuzz\n|-start|p2a: Mandibuzz|move: Yawn|[of] p1a: Skeledirge\n|\n|upkeep\n|turn|6\n|\n|t:|1700066597\n|move|p2a: Mandibuzz|Toxic|p1a: Skeledirge\n|-status|p1a: Skeledirge|tox\n|move|p1a: Skeledirge|Torch Song|p2a: Mandibuzz\n|-damage|p2a: Mandibuzz|75\/100\n|-boost|p1a: Skeledirge|spa|1\n|\n|-damage|p1a: Skeledirge|94\/100 tox|[from] psn\n|-end|p2a: Mandibuzz|move: Yawn|[silent]\n|-status|p2a: Mandibuzz|slp\n|upkeep\n|turn|7\n|\n|t:|1700066607\n|switch|p2a: Blissey|Blissey, F|100\/100\n|move|p1a: Skeledirge|Torch Song|p2a: Blissey\n|-damage|p2a: Blissey|89\/100\n|-boost|p1a: Skeledirge|spa|1\n|\n|-heal|p2a: Blissey|95\/100|[from] item: Leftovers\n|-damage|p1a: Skeledirge|82\/100 tox|[from] psn\n|upkeep\n|turn|8\n|\n|t:|1700066612\n|move|p1a: Skeledirge|Yawn|p2a: Blissey\n|-start|p2a: Blissey|move: Yawn|[of] p1a: Skeledirge\n|move|p2a: Blissey|Stealth Rock|p1a: Skeledirge\n|-sidestart|p1: Falcon420|move: Stealth Rock\n|\n|-heal|p2a: Blissey|100\/100|[from] item: Leftovers\n|-damage|p1a: Skeledirge|64\/100 tox|[from] psn\n|upkeep\n|turn|9\n|\n|t:|1700066615\n|switch|p1a: Azelf|Azelf|100\/100\n|-damage|p1a: Azelf|88\/100|[from] Stealth Rock\n|move|p2a: Blissey|Seismic Toss|p1a: Azelf\n|-damage|p1a: Azelf|54\/100\n|\n|-end|p2a: Blissey|move: Yawn|[silent]\n|-message|Sleep Clause Mod activated.\n|-hint|Sleep Clause Mod prevents players from putting more than one of their opponent's Pok\u00e9mon to sleep at a time\n|upkeep\n|turn|10\n|\n|t:|1700066624\n|move|p1a: Azelf|Mystical Power|p2a: Blissey\n|-damage|p2a: Blissey|93\/100\n|-boost|p1a: Azelf|spa|1\n|move|p2a: Blissey|Seismic Toss|p1a: Azelf\n|-damage|p1a: Azelf|19\/100\n|\n|-heal|p2a: Blissey|99\/100|[from] item: Leftovers\n|upkeep\n|turn|11\n|\n|t:|1700066628\n|move|p1a: Azelf|Explosion|p2a: Blissey\n|-damage|p2a: Blissey|0 fnt\n|faint|p1a: Azelf\n|faint|p2a: Blissey\n|\n|upkeep\n|\n|t:|1700066643\n|switch|p1a: Lokix|Lokix, F|100\/100\n|switch|p2a: Pawmot|Pawmot, F|100\/100\n|-damage|p1a: Lokix|76\/100|[from] Stealth Rock\n|turn|12\n|\n|t:|1700066647\n|move|p1a: Lokix|First Impression|p2a: Pawmot\n|-resisted|p2a: Pawmot\n|-damage|p2a: Pawmot|12\/100\n|-damage|p1a: Lokix|66\/100|[from] item: Life Orb\n|move|p2a: Pawmot|Revival Blessing|p2a: Pawmot\n|-enditem|p2a: Pawmot|Leppa Berry|[eat]\n|-activate|p2a: Pawmot|item: Leppa Berry|Revival Blessing|[consumed]\n|\n|t:|1700066654\n|-heal|p2: Blissey|50\/100|[from] move: Revival Blessing\n|\n|upkeep\n|turn|13\n|\n|t:|1700066661\n|move|p1a: Lokix|Sucker Punch|p2a: Pawmot\n|-resisted|p2a: Pawmot\n|-damage|p2a: Pawmot|0 fnt\n|faint|p2a: Pawmot\n|-damage|p1a: Lokix|56\/100|[from] item: Life Orb\n|\n|upkeep\n|\n|t:|1700066669\n|switch|p2a: Enamorus|Enamorus, F|100\/100\n|turn|14\n|\n|t:|1700066680\n|switch|p1a: Gengar|Gengar, F|100\/100\n|-damage|p1a: Gengar|88\/100|[from] Stealth Rock\n|-item|p1a: Gengar|Air Balloon\n|move|p2a: Enamorus|Mystical Fire|p1a: Gengar\n|-damage|p1a: Gengar|27\/100\n|-unboost|p1a: Gengar|spa|1\n|-enditem|p1a: Gengar|Air Balloon\n|\n|upkeep\n|turn|15\n|\n|t:|1700066690\n|switch|p2a: Blissey|Blissey, F|50\/100\n|move|p1a: Gengar|Thunderbolt|p2a: Blissey\n|-damage|p2a: Blissey|45\/100\n|\n|-heal|p2a: Blissey|51\/100|[from] item: Leftovers\n|upkeep\n|turn|16\n|\n|t:|1700066695\n|move|p1a: Gengar|Skill Swap|p2a: Blissey\n|-activate|p1a: Gengar|move: Skill Swap|Natural Cure|Cursed Body|[of] p2a: Blissey\n|move|p2a: Blissey|Seismic Toss|p1a: Gengar\n|-immune|p1a: Gengar\n|\n|-heal|p2a: Blissey|57\/100|[from] item: Leftovers\n|upkeep\n|turn|17\n|\n|t:|1700066701\n|move|p1a: Gengar|Thunderbolt|p2a: Blissey\n|-damage|p2a: Blissey|51\/100\n|move|p2a: Blissey|Heal Bell|p2a: Blissey\n|-activate|p2a: Blissey|move: Heal Bell\n|-curestatus|p2: Mandibuzz|slp|[msg]\n|\n|-heal|p2a: Blissey|57\/100|[from] item: Leftovers\n|upkeep\n|turn|18\n|\n|t:|1700066707\n|move|p1a: Gengar|Thunderbolt|p2a: Blissey\n|-damage|p2a: Blissey|51\/100\n|move|p2a: Blissey|Soft-Boiled|p2a: Blissey\n|-heal|p2a: Blissey|100\/100\n|\n|upkeep\n|turn|19\n|\n|t:|1700066710\n|move|p1a: Gengar|Thunderbolt|p2a: Blissey\n|-crit|p2a: Blissey\n|-damage|p2a: Blissey|88\/100\n|-start|p1a: Gengar|Disable|Thunderbolt|[from] ability: Cursed Body|[of] p2a: Blissey\n|move|p2a: Blissey|Seismic Toss|p1a: Gengar\n|-immune|p1a: Gengar\n|\n|-heal|p2a: Blissey|94\/100|[from] item: Leftovers\n|upkeep\n|turn|20\n|\n|t:|1700066718\n|move|p1a: Gengar|Shadow Ball|p2a: Blissey\n|-immune|p2a: Blissey\n|move|p2a: Blissey|Seismic Toss|p1a: Gengar\n|-immune|p1a: Gengar\n|\n|-heal|p2a: Blissey|99\/100|[from] item: Leftovers\n|upkeep\n|turn|21\n|\n|t:|1700066722\n|move|p1a: Gengar|Skill Swap|p2a: Blissey\n|-activate|p1a: Gengar|move: Skill Swap|Cursed Body|Natural Cure|[of] p2a: Blissey\n|move|p2a: Blissey|Stealth Rock||[still]\n|-fail|p2a: Blissey\n|\n|-heal|p2a: Blissey|100\/100|[from] item: Leftovers\n|upkeep\n|turn|22\n|\n|t:|1700066726\n|move|p1a: Gengar|Shadow Ball|p2a: Blissey\n|-immune|p2a: Blissey\n|move|p2a: Blissey|Stealth Rock||[still]\n|-fail|p2a: Blissey\n|\n|-end|p1a: Gengar|Disable\n|upkeep\n|turn|23\n|\n|t:|1700066731\n|move|p1a: Gengar|Thunderbolt|p2a: Blissey\n|-crit|p2a: Blissey\n|-damage|p2a: Blissey|86\/100\n|move|p2a: Blissey|Stealth Rock||[still]\n|-fail|p2a: Blissey\n|\n|-heal|p2a: Blissey|93\/100|[from] item: Leftovers\n|upkeep\n|turn|24\n|\n|t:|1700066736\n|move|p1a: Gengar|Thunderbolt|p2a: Blissey\n|-damage|p2a: Blissey|86\/100\n|-status|p2a: Blissey|par\n|move|p2a: Blissey|Seismic Toss|p1a: Gengar\n|-immune|p1a: Gengar\n|\n|-heal|p2a: Blissey|92\/100 par|[from] item: Leftovers\n|upkeep\n|turn|25\n|\n|t:|1700066739\n|move|p1a: Gengar|Thunderbolt|p2a: Blissey\n|-damage|p2a: Blissey|87\/100 par\n|cant|p2a: Blissey|par\n|\n|-heal|p2a: Blissey|93\/100 par|[from] item: Leftovers\n|upkeep\n|turn|26\n|\n|t:|1700066742\n|move|p1a: Gengar|Thunderbolt|p2a: Blissey\n|-damage|p2a: Blissey|87\/100 par\n|move|p2a: Blissey|Stealth Rock||[still]\n|-fail|p2a: Blissey\n|\n|-heal|p2a: Blissey|94\/100 par|[from] item: Leftovers\n|upkeep\n|turn|27\n|\n|t:|1700066748\n|move|p1a: Gengar|Shadow Ball|p2a: Blissey\n|-immune|p2a: Blissey\n|move|p2a: Blissey|Seismic Toss|p1a: Gengar\n|-immune|p1a: Gengar\n|\n|-heal|p2a: Blissey|99\/100 par|[from] item: Leftovers\n|upkeep\n|turn|28\n|\n|t:|1700066757\n|switch|p1a: Infernape|Infernape, F|100\/100\n|-damage|p1a: Infernape|88\/100|[from] Stealth Rock\n|move|p2a: Blissey|Stealth Rock||[still]\n|-fail|p2a: Blissey\n|\n|-heal|p2a: Blissey|100\/100 par|[from] item: Leftovers\n|upkeep\n|turn|29\n|\n|t:|1700066765\n|-curestatus|p2a: Blissey|par|[from] ability: Natural Cure\n|switch|p2a: Mandibuzz|Mandibuzz, F|75\/100\n|move|p1a: Infernape|U-turn|p2a: Mandibuzz\n|-damage|p2a: Mandibuzz|58\/100\n|\n|t:|1700066772\n|switch|p1a: Gengar|Gengar, F|27\/100|[from] U-turn\n|-damage|p1a: Gengar|14\/100|[from] Stealth Rock\n|\n|upkeep\n|turn|30\n|\n|t:|1700066775\n|switch|p2a: Blissey|Blissey, F|100\/100\n|move|p1a: Gengar|Thunderbolt|p2a: Blissey\n|-damage|p2a: Blissey|92\/100\n|\n|-heal|p2a: Blissey|98\/100|[from] item: Leftovers\n|upkeep\n|turn|31\n|\n|t:|1700066778\n|move|p1a: Gengar|Thunderbolt|p2a: Blissey\n|-damage|p2a: Blissey|89\/100\n|move|p2a: Blissey|Seismic Toss|p1a: Gengar\n|-immune|p1a: Gengar\n|\n|-heal|p2a: Blissey|95\/100|[from] item: Leftovers\n|upkeep\n|turn|32\n|\n|t:|1700066781\n|move|p1a: Gengar|Skill Swap|p2a: Blissey\n|-activate|p1a: Gengar|move: Skill Swap|Natural Cure|Cursed Body|[of] p2a: Blissey\n|move|p2a: Blissey|Stealth Rock||[still]\n|-fail|p2a: Blissey\n|\n|-heal|p2a: Blissey|100\/100|[from] item: Leftovers\n|upkeep\n|turn|33\n|\n|t:|1700066783\n|move|p1a: Gengar|Thunderbolt|p2a: Blissey\n|-damage|p2a: Blissey|92\/100\n|move|p2a: Blissey|Seismic Toss|p1a: Gengar\n|-immune|p1a: Gengar\n|\n|-heal|p2a: Blissey|98\/100|[from] item: Leftovers\n|upkeep\n|turn|34\n|\n|t:|1700066786\n|move|p1a: Gengar|Thunderbolt|p2a: Blissey\n|-damage|p2a: Blissey|90\/100\n|move|p2a: Blissey|Seismic Toss|p1a: Gengar\n|-immune|p1a: Gengar\n|\n|-heal|p2a: Blissey|96\/100|[from] item: Leftovers\n|upkeep\n|turn|35\n|\n|t:|1700066790\n|switch|p1a: Infernape|Infernape, F|88\/100\n|-damage|p1a: Infernape|76\/100|[from] Stealth Rock\n|move|p2a: Blissey|Seismic Toss|p1a: Infernape\n|-damage|p1a: Infernape|42\/100\n|\n|-heal|p2a: Blissey|100\/100|[from] item: Leftovers\n|upkeep\n|turn|36\n|\n|t:|1700066798\n|switch|p2a: Mandibuzz|Mandibuzz, F|58\/100\n|move|p1a: Infernape|Raging Fury|p2a: Mandibuzz\n|-damage|p2a: Mandibuzz|13\/100\n|\n|upkeep\n|turn|37\n|\n|t:|1700066804\n|move|p1a: Infernape|Raging Fury|p2a: Mandibuzz|[from]lockedmove\n|-damage|p2a: Mandibuzz|0 fnt\n|faint|p2a: Mandibuzz\n|-start|p1a: Infernape|confusion|[fatigue]\n|\n|upkeep\n|\n|t:|1700066812\n|switch|p2a: Dragapult|Dragapult, M|100\/100\n|turn|38\n|\n|t:|1700066816\n|switch|p1a: Skeledirge|Skeledirge, F, tera:Fairy|64\/100 tox\n|-damage|p1a: Skeledirge|51\/100 tox|[from] Stealth Rock\n|move|p2a: Dragapult|Dragon Darts|p1a: Skeledirge\n|-immune|p1a: Skeledirge\n|\n|-damage|p1a: Skeledirge|45\/100 tox|[from] psn\n|upkeep\n|-enditem|p1a: Skeledirge|Sitrus Berry|[eat]\n|-heal|p1a: Skeledirge|70\/100 tox|[from] item: Sitrus Berry\n|turn|39\n|\n|t:|1700066825\n|move|p2a: Dragapult|U-turn|p1a: Skeledirge\n|-resisted|p1a: Skeledirge\n|-damage|p1a: Skeledirge|60\/100 tox\n|\n|t:|1700066828\n|switch|p2a: Blissey|Blissey, F|100\/100|[from] U-turn\n|move|p1a: Skeledirge|Torch Song|p2a: Blissey\n|-damage|p2a: Blissey|93\/100\n|-boost|p1a: Skeledirge|spa|1\n|\n|-heal|p2a: Blissey|99\/100|[from] item: Leftovers\n|-damage|p1a: Skeledirge|48\/100 tox|[from] psn\n|upkeep\n|turn|40\n|\n|t:|1700066831\n|move|p1a: Skeledirge|Yawn|p2a: Blissey\n|-start|p2a: Blissey|move: Yawn|[of] p1a: Skeledirge\n|move|p2a: Blissey|Seismic Toss|p1a: Skeledirge\n|-damage|p1a: Skeledirge|21\/100 tox\n|\n|-heal|p2a: Blissey|100\/100|[from] item: Leftovers\n|-damage|p1a: Skeledirge|3\/100 tox|[from] psn\n|upkeep\n|turn|41\n|\n|t:|1700066840\n|switch|p2a: Dragapult|Dragapult, M|100\/100\n|move|p1a: Skeledirge|Torch Song|p2a: Dragapult\n|-resisted|p2a: Dragapult\n|-damage|p2a: Dragapult|68\/100\n|-boost|p1a: Skeledirge|spa|1\n|\n|-damage|p1a: Skeledirge|0 fnt|[from] psn\n|faint|p1a: Skeledirge\n|upkeep\n|\n|t:|1700066848\n|switch|p1a: Gengar|Gengar, F|14\/100\n|-damage|p1a: Gengar|2\/100|[from] Stealth Rock\n|turn|42\n|\n|t:|1700066852\n|move|p2a: Dragapult|Dragon Darts|p1a: Gengar\n|-damage|p1a: Gengar|0 fnt\n|faint|p1a: Gengar\n|\n|upkeep\n|\n|t:|1700066856\n|switch|p1a: Lokix|Lokix, F|56\/100\n|-damage|p1a: Lokix|31\/100|[from] Stealth Rock\n|turn|43\n|\n|t:|1700066861\n|switch|p2a: Enamorus|Enamorus, F|100\/100\n|move|p1a: Lokix|First Impression|p2a: Enamorus\n|-resisted|p2a: Enamorus\n|-damage|p2a: Enamorus|62\/100\n|-damage|p1a: Lokix|21\/100|[from] item: Life Orb\n|\n|upkeep\n|turn|44\n|\n|t:|1700066867\n|move|p2a: Enamorus|Moonblast|p1a: Lokix\n|-supereffective|p1a: Lokix\n|-damage|p1a: Lokix|0 fnt\n|faint|p1a: Lokix\n|\n|upkeep\n|\n|t:|1700066870\n|switch|p1a: Infernape|Infernape, F|42\/100\n|-damage|p1a: Infernape|30\/100|[from] Stealth Rock\n|turn|45\n|\n|t:|1700066876\n|move|p1a: Infernape|Rock Slide|p2a: Enamorus\n|-supereffective|p2a: Enamorus\n|-crit|p2a: Enamorus\n|-damage|p2a: Enamorus|0 fnt\n|faint|p2a: Enamorus\n|\n|upkeep\n|\n|t:|1700066880\n|switch|p2a: Dragapult|Dragapult, M|68\/100\n|turn|46\n|\n|t:|1700066883\n|move|p2a: Dragapult|Dragon Darts|p1a: Infernape\n|-damage|p1a: Infernape|0 fnt\n|faint|p1a: Infernape\n|\n|win|ChillLanturnYT\n|raw|Falcon420's rating: 1062 &rarr; <strong>1047<\/strong><br \/>(-15 for losing)\n|raw|ChillLanturnYT's rating: 1149 &rarr; <strong>1168<\/strong><br \/>(+19 for winning)\n|l|\u2606Falcon420\n","uploadtime":1700066889,"views":7,"p1id":"falcon420","p2id":"chilllanturnyt","formatid":"gen9ou","rating":1047,"private":0,"password":""}