{"id":"gen9ou-1999867677","p1":"larmaster","p2":"noobfil","format":"[Gen 9] OU","log":"|j|\u2606larmaster\n|j|\u2606noobfil\n|t:|1701124431\n|gametype|singles\n|player|p1|larmaster|alder|1521\n|player|p2|noobfil|nobunaga-conquest|1520\n|teamsize|p1|6\n|teamsize|p2|6\n|gen|9\n|tier|[Gen 9] OU\n|rated|\n|rule|Sleep Clause Mod: Limit one foe put to sleep\n|rule|Species Clause: Limit one of each Pok\u00e9mon\n|rule|OHKO Clause: OHKO moves are banned\n|rule|Evasion Items Clause: Evasion items are banned\n|rule|Evasion Moves Clause: Evasion moves are banned\n|rule|Endless Battle Clause: Forcing endless battles is banned\n|rule|HP Percentage Mod: HP is shown in percentages\n|clearpoke\n|poke|p1|Ninetales-Alola, M|\n|poke|p1|Iron Moth|\n|poke|p1|Ogerpon-Wellspring, F|\n|poke|p1|Great Tusk|\n|poke|p1|Rotom-Wash|\n|poke|p1|Kingambit, F|\n|poke|p2|Arcanine-Hisui, F|\n|poke|p2|Greninja-*, M|\n|poke|p2|Corviknight, F|\n|poke|p2|Iron Hands|\n|poke|p2|Slowking-Galar, F|\n|poke|p2|Landorus-Therian, M|\n|teampreview\n|inactive|Battle timer is ON: inactive players will automatically lose when time's up. (requested by noobfil)\n|\n|t:|1701124468\n|start\n|switch|p1a: Rotom|Rotom-Wash|100\/100\n|switch|p2a: Corviknight|Corviknight, F|100\/100\n|-ability|p2a: Corviknight|Pressure\n|turn|1\n|\n|t:|1701124487\n|switch|p2a: Landorus|Landorus-Therian, M|100\/100\n|-ability|p2a: Landorus|Intimidate|boost\n|-unboost|p1a: Rotom|atk|1\n|move|p1a: Rotom|Volt Switch|p2a: Landorus\n|-immune|p2a: Landorus\n|\n|upkeep\n|turn|2\n|\n|t:|1701124506\n|switch|p2a: Iron Hands|Iron Hands|100\/100\n|move|p1a: Rotom|Hydro Pump|p2a: Iron Hands\n|-damage|p2a: Iron Hands|76\/100\n|\n|upkeep\n|turn|3\n|\n|t:|1701124512\n|move|p1a: Rotom|Volt Switch|p2a: Iron Hands\n|-resisted|p2a: Iron Hands\n|-damage|p2a: Iron Hands|68\/100\n|\n|t:|1701124517\n|switch|p1a: Great Tusk|Great Tusk|100\/100|[from] Volt Switch\n|move|p2a: Iron Hands|Wild Charge|p1a: Great Tusk\n|-immune|p1a: Great Tusk\n|\n|upkeep\n|turn|4\n|inactive|larmaster has 120 seconds left.\n|\n|t:|1701124551\n|-end|p2a: Iron Hands|Quark Drive|[silent]\n|switch|p2a: Corviknight|Corviknight, F|100\/100\n|-ability|p2a: Corviknight|Pressure\n|move|p1a: Great Tusk|Earthquake|p2a: Corviknight\n|-immune|p2a: Corviknight\n|\n|upkeep\n|turn|5\n|\n|t:|1701124557\n|move|p1a: Great Tusk|Stealth Rock|p2a: Corviknight\n|-sidestart|p2: noobfil|move: Stealth Rock\n|move|p2a: Corviknight|U-turn|p1a: Great Tusk\n|-resisted|p1a: Great Tusk\n|-damage|p1a: Great Tusk|97\/100\n|\n|t:|1701124561\n|switch|p2a: Greninja|Greninja, M|100\/100|[from] U-turn\n|-damage|p2a: Greninja|88\/100|[from] Stealth Rock\n|\n|-heal|p1a: Great Tusk|100\/100|[from] item: Leftovers\n|upkeep\n|turn|6\n|inactive|larmaster has 120 seconds left.\n|\n|t:|1701124593\n|-end|p1a: Great Tusk|Protosynthesis|[silent]\n|switch|p1a: Ninetales|Ninetales-Alola, M, shiny|100\/100\n|-weather|Snow|[from] ability: Snow Warning|[of] p1a: Ninetales\n|move|p2a: Greninja|Ice Beam|p1a: Ninetales\n|-resisted|p1a: Ninetales\n|-damage|p1a: Ninetales|81\/100\n|\n|-weather|Snow|[upkeep]\n|upkeep\n|turn|7\n|inactive|larmaster has 120 seconds left.\n|\n|t:|1701124599\n|switch|p2a: Corviknight|Corviknight, F|100\/100\n|-damage|p2a: Corviknight|88\/100|[from] Stealth Rock\n|-ability|p2a: Corviknight|Pressure\n|move|p1a: Ninetales|Aurora Veil|p1a: Ninetales\n|-sidestart|p1: larmaster|move: Aurora Veil\n|\n|-weather|Snow|[upkeep]\n|upkeep\n|turn|8\n|inactive|larmaster has 120 seconds left.\n|\n|t:|1701124612\n|move|p1a: Ninetales|Freeze-Dry|p2a: Corviknight\n|-damage|p2a: Corviknight|69\/100\n|move|p2a: Corviknight|Defog|p1a: Ninetales\n|-unboost|p1a: Ninetales|evasion|1\n|-sideend|p1: larmaster|move: Aurora Veil\n|-sideend|p2: noobfil|Stealth Rock|[from] move: Defog|[of] p2a: Corviknight\n|\n|-weather|Snow|[upkeep]\n|upkeep\n|turn|9\n|\n|t:|1701124618\n|move|p1a: Ninetales|Freeze-Dry|p2a: Corviknight\n|-damage|p2a: Corviknight|48\/100\n|move|p2a: Corviknight|Roost|p2a: Corviknight\n|-heal|p2a: Corviknight|98\/100\n|-singleturn|p2a: Corviknight|move: Roost\n|\n|-weather|Snow|[upkeep]\n|upkeep\n|turn|10\n|\n|t:|1701124627\n|move|p1a: Ninetales|Encore|p2a: Corviknight\n|-start|p2a: Corviknight|Encore\n|move|p2a: Corviknight|Roost|p2a: Corviknight\n|-heal|p2a: Corviknight|100\/100\n|-singleturn|p2a: Corviknight|move: Roost\n|\n|-weather|none\n|upkeep\n|turn|11\n|\n|t:|1701124636\n|switch|p2a: Arcanine|Arcanine-Hisui, F|100\/100\n|move|p1a: Ninetales|Aurora Veil||[still]\n|-fail|p1a: Ninetales\n|\n|upkeep\n|turn|12\n|\n|t:|1701124643\n|switch|p1a: Great Tusk|Great Tusk|100\/100\n|-terastallize|p2a: Arcanine|Fire\n|move|p2a: Arcanine|Flare Blitz|p1a: Great Tusk\n|-damage|p1a: Great Tusk|48\/100\n|\n|-heal|p1a: Great Tusk|54\/100|[from] item: Leftovers\n|upkeep\n|turn|13\n|inactive|noobfil has 120 seconds left.\n|\n|t:|1701124695\n|move|p2a: Arcanine|Flare Blitz|p1a: Great Tusk\n|-damage|p1a: Great Tusk|0 fnt\n|faint|p1a: Great Tusk\n|-end|p1a: Great Tusk|Protosynthesis|[silent]\n|\n|upkeep\n|inactive|larmaster has 120 seconds left.\n|\n|t:|1701124720\n|switch|p1a: Rotom|Rotom-Wash|100\/100\n|turn|14\n|inactive|noobfil has 120 seconds left.\n|\n|t:|1701124730\n|switch|p2a: Slowking|Slowking-Galar, F|100\/100\n|move|p1a: Rotom|Hydro Pump|p2a: Slowking|[miss]\n|-miss|p1a: Rotom|p2a: Slowking\n|\n|upkeep\n|turn|15\n|inactive|noobfil has 120 seconds left.\n|inactive|larmaster has 90 seconds left.\n|\n|t:|1701124767\n|move|p1a: Rotom|Volt Switch|p2a: Slowking\n|-damage|p2a: Slowking|85\/100\n|\n|t:|1701124778\n|switch|p1a: Ninetales|Ninetales-Alola, M, shiny|81\/100|[from] Volt Switch\n|-weather|Snow|[from] ability: Snow Warning|[of] p1a: Ninetales\n|move|p2a: Slowking|Chilly Reception|p2a: Slowking\n|\n|t:|1701124794\n|switch|p2a: Corviknight|Corviknight, F|100\/100|[from] Chilly Reception\n|-ability|p2a: Corviknight|Pressure\n|\n|-weather|Snow|[upkeep]\n|upkeep\n|turn|16\n|inactive|larmaster has 90 seconds left.\n|\n|t:|1701124814\n|move|p1a: Ninetales|Aurora Veil|p1a: Ninetales\n|-sidestart|p1: larmaster|move: Aurora Veil\n|move|p2a: Corviknight|Body Press|p1a: Ninetales\n|-damage|p1a: Ninetales|71\/100\n|\n|-weather|Snow|[upkeep]\n|upkeep\n|turn|17\n|inactive|noobfil has 120 seconds left.\n|\n|t:|1701124822\n|move|p1a: Ninetales|Encore|p2a: Corviknight\n|-start|p2a: Corviknight|Encore\n|move|p2a: Corviknight|Body Press|p1a: Ninetales\n|-damage|p1a: Ninetales|60\/100\n|\n|-weather|Snow|[upkeep]\n|upkeep\n|turn|18\n|inactive|larmaster has 90 seconds left.\n|inactive|noobfil has 120 seconds left.\n|\n|t:|1701124846\n|switch|p1a: Ogerpon|Ogerpon-Wellspring, F|100\/100\n|switch|p2a: Landorus|Landorus-Therian, M|100\/100\n|-ability|p2a: Landorus|Intimidate|boost\n|-unboost|p1a: Ogerpon|atk|1\n|\n|-weather|Snow|[upkeep]\n|upkeep\n|turn|19\n|inactive|larmaster has 90 seconds left.\n|\n|t:|1701124862\n|move|p1a: Ogerpon|Swords Dance|p1a: Ogerpon\n|-boost|p1a: Ogerpon|atk|2\n|move|p2a: Landorus|U-turn|p1a: Ogerpon\n|-supereffective|p1a: Ogerpon\n|-damage|p1a: Ogerpon|74\/100\n|\n|t:|1701124865\n|switch|p2a: Corviknight|Corviknight, F|100\/100|[from] U-turn\n|-ability|p2a: Corviknight|Pressure\n|\n|-weather|none\n|upkeep\n|turn|20\n|inactive|larmaster has 90 seconds left.\n|\n|t:|1701124888\n|-terastallize|p1a: Ogerpon|Water\n|detailschange|p1a: Ogerpon|Ogerpon-Wellspring-Tera, F, tera:Water\n|-ability|p1a: Ogerpon|Embody Aspect (Wellspring)|boost\n|-boost|p1a: Ogerpon|spd|1\n|move|p1a: Ogerpon|Swords Dance|p1a: Ogerpon\n|-boost|p1a: Ogerpon|atk|2\n|move|p2a: Corviknight|Defog|p1a: Ogerpon\n|-unboost|p1a: Ogerpon|evasion|1\n|-sideend|p1: larmaster|move: Aurora Veil\n|\n|upkeep\n|turn|21\n|inactive|larmaster has 90 seconds left.\n|\n|t:|1701124903\n|move|p1a: Ogerpon|Ivy Cudgel|p2a: Corviknight|[anim] Ivy Cudgel Water\n|-damage|p2a: Corviknight|0 fnt\n|faint|p2a: Corviknight\n|\n|upkeep\n|\n|t:|1701124906\n|switch|p2a: Iron Hands|Iron Hands|68\/100\n|turn|22\n|\n|t:|1701124913\n|move|p2a: Iron Hands|Fake Out|p1a: Ogerpon\n|-damage|p1a: Ogerpon|55\/100\n|cant|p1a: Ogerpon|flinch\n|\n|upkeep\n|turn|23\n|\n|t:|1701124920\n|-end|p2a: Iron Hands|Quark Drive|[silent]\n|switch|p2a: Landorus|Landorus-Therian, M|100\/100\n|-ability|p2a: Landorus|Intimidate|boost\n|-unboost|p1a: Ogerpon|atk|1\n|move|p1a: Ogerpon|Ivy Cudgel|p2a: Landorus|[anim] Ivy Cudgel Water\n|-supereffective|p2a: Landorus\n|-damage|p2a: Landorus|0 fnt\n|faint|p2a: Landorus\n|\n|upkeep\n|\n|t:|1701124922\n|switch|p2a: Iron Hands|Iron Hands|68\/100\n|turn|24\n|\n|t:|1701124933\n|move|p2a: Iron Hands|Fake Out|p1a: Ogerpon\n|-damage|p1a: Ogerpon|35\/100\n|cant|p1a: Ogerpon|flinch\n|\n|upkeep\n|turn|25\n|inactive|noobfil has 120 seconds left.\n|\n|t:|1701124964\n|-end|p2a: Iron Hands|Quark Drive|[silent]\n|switch|p2a: Slowking|Slowking-Galar, F|100\/100\n|move|p1a: Ogerpon|Ivy Cudgel|p2a: Slowking|[anim] Ivy Cudgel Water\n|-damage|p2a: Slowking|0 fnt\n|faint|p2a: Slowking\n|\n|upkeep\n|\n|t:|1701124966\n|switch|p2a: Iron Hands|Iron Hands|68\/100\n|turn|26\n|inactive|larmaster has 120 seconds left.\n|c|\u2606noobfil|so low skill\n|\n|t:|1701125001\n|move|p2a: Iron Hands|Fake Out|p1a: Ogerpon\n|-damage|p1a: Ogerpon|12\/100\n|cant|p1a: Ogerpon|flinch\n|\n|upkeep\n|turn|27\n|c|\u2606larmaster|you?\n|\n|t:|1701125012\n|move|p1a: Ogerpon|Ivy Cudgel|p2a: Iron Hands|[anim] Ivy Cudgel Water\n|-damage|p2a: Iron Hands|0 fnt\n|faint|p2a: Iron Hands\n|-end|p2a: Iron Hands|Quark Drive|[silent]\n|\n|upkeep\n|c|\u2606noobfil|ur hyper offense\n|\n|t:|1701125017\n|switch|p2a: Greninja|Greninja, M|88\/100\n|turn|28\n|inactive|larmaster has 90 seconds left.\n|c|\u2606larmaster|i prefer balance too bro but this meta is so skewed, i cant make a decent balance team\n|\n|t:|1701125042\n|move|p2a: Greninja|Dark Pulse|p1a: Ogerpon\n|-damage|p1a: Ogerpon|0 fnt\n|faint|p1a: Ogerpon\n|-ability|p2a: Greninja|Battle Bond|boost\n|-boost|p2a: Greninja|atk|1\n|-boost|p2a: Greninja|spa|1\n|-boost|p2a: Greninja|spe|1\n|-activate|p2a: Greninja|ability: Battle Bond\n|\n|upkeep\n|n|!noobfil|noobfil\n|\n|t:|1701125058\n|switch|p1a: Rotom|Rotom-Wash|100\/100\n|turn|29\n|\n|t:|1701125065\n|move|p2a: Greninja|Dark Pulse|p1a: Rotom\n|-damage|p1a: Rotom|39\/100\n|move|p1a: Rotom|Thunder Wave|p2a: Greninja\n|-status|p2a: Greninja|par\n|\n|-heal|p1a: Rotom|45\/100|[from] item: Leftovers\n|upkeep\n|turn|30\n|\n|t:|1701125081\n|move|p2a: Greninja|Dark Pulse|p1a: Rotom\n|-damage|p1a: Rotom|0 fnt\n|faint|p1a: Rotom\n|\n|upkeep\n|\n|t:|1701125086\n|switch|p1a: Ninetales|Ninetales-Alola, M, shiny|60\/100\n|-weather|Snow|[from] ability: Snow Warning|[of] p1a: Ninetales\n|turn|31\n|\n|t:|1701125093\n|switch|p2a: Arcanine|Arcanine-Hisui, F, tera:Fire|100\/100\n|move|p1a: Ninetales|Moonblast|p2a: Arcanine\n|-resisted|p2a: Arcanine\n|-damage|p2a: Arcanine|85\/100\n|-unboost|p2a: Arcanine|spa|1\n|\n|-weather|Snow|[upkeep]\n|upkeep\n|turn|32\n|inactive|larmaster has 90 seconds left.\n|\n|t:|1701125127\n|move|p1a: Ninetales|Aurora Veil|p1a: Ninetales\n|-sidestart|p1: larmaster|move: Aurora Veil\n|move|p2a: Arcanine|Flare Blitz|p1a: Ninetales\n|-supereffective|p1a: Ninetales\n|-damage|p1a: Ninetales|0 fnt\n|faint|p1a: Ninetales\n|\n|-weather|Snow|[upkeep]\n|upkeep\n|inactive|larmaster has 60 seconds left.\n|\n|t:|1701125137\n|switch|p1a: Iron Moth|Iron Moth|100\/100\n|-enditem|p1a: Iron Moth|Booster Energy\n|-activate|p1a: Iron Moth|ability: Quark Drive|[fromitem]\n|-start|p1a: Iron Moth|quarkdrivespe\n|turn|33\n|inactive|larmaster has 60 seconds left.\n|\n|t:|1701125147\n|switch|p2a: Greninja|Greninja, M|88\/100 par\n|move|p1a: Iron Moth|Sludge Wave|p2a: Greninja\n|-damage|p2a: Greninja|16\/100 par\n|\n|-weather|Snow|[upkeep]\n|upkeep\n|turn|34\n|\n|t:|1701125155\n|move|p2a: Greninja|Water Shuriken|p1a: Iron Moth\n|-supereffective|p1a: Iron Moth\n|-damage|p1a: Iron Moth|90\/100\n|-supereffective|p1a: Iron Moth\n|-damage|p1a: Iron Moth|79\/100\n|-supereffective|p1a: Iron Moth\n|-damage|p1a: Iron Moth|67\/100\n|-hitcount|p1a: Iron Moth|3\n|move|p1a: Iron Moth|Fiery Dance|p2a: Greninja\n|-resisted|p2a: Greninja\n|-damage|p2a: Greninja|0 fnt\n|-boost|p1a: Iron Moth|spa|1\n|faint|p2a: Greninja\n|\n|-weather|Snow|[upkeep]\n|upkeep\n|\n|t:|1701125161\n|switch|p2a: Arcanine|Arcanine-Hisui, F, tera:Fire|85\/100\n|turn|35\n|\n|t:|1701125169\n|move|p1a: Iron Moth|Sludge Wave|p2a: Arcanine\n|-damage|p2a: Arcanine|0 fnt\n|faint|p2a: Arcanine\n|\n|win|larmaster\n|raw|larmaster's rating: 1521 &rarr; <strong>1541<\/strong><br \/>(+20 for winning)\n|raw|noobfil's rating: 1520 &rarr; <strong>1500<\/strong><br \/>(-20 for losing)\n","uploadtime":1701125056,"views":3,"p1id":"larmaster","p2id":"noobfil","formatid":"gen9ou","rating":1500,"private":0,"password":""}