{"id":"gen9ou-1991029912","p1":"Dav08","p2":"ShinyStardust","format":"[Gen 9] OU","log":"|j|\u2606Dav08\n|j|\u2606ShinyStardust\n|t:|1700030944\n|gametype|singles\n|player|p1|Dav08|red|1032\n|player|p2|ShinyStardust|lucas|1000\n|teamsize|p1|6\n|teamsize|p2|1\n|gen|9\n|tier|[Gen 9] OU\n|rated|\n|rule|Sleep Clause Mod: Limit one foe put to sleep\n|rule|Species Clause: Limit one of each Pok\u00e9mon\n|rule|OHKO Clause: OHKO moves are banned\n|rule|Evasion Items Clause: Evasion items are banned\n|rule|Evasion Moves Clause: Evasion moves are banned\n|rule|Endless Battle Clause: Forcing endless battles is banned\n|rule|HP Percentage Mod: HP is shown in percentages\n|clearpoke\n|poke|p1|Quaquaval, F|\n|poke|p1|Dragonite, M|\n|poke|p1|Gengar, M|\n|poke|p1|Rillaboom, F|\n|poke|p1|Garchomp, M|\n|poke|p1|Thundurus, M|\n|poke|p2|Mamoswine, M|\n|teampreview\n|inactive|Battle timer is ON: inactive players will automatically lose when time's up. (requested by ShinyStardust)\n|\n|t:|1700030962\n|start\n|switch|p1a: Rillaboom|Rillaboom, F|100\/100\n|switch|p2a: Mamoswine|Mamoswine, M|100\/100\n|turn|1\n|\n|t:|1700030977\n|move|p1a: Rillaboom|Giga Drain|p2a: Mamoswine\n|-supereffective|p2a: Mamoswine\n|-damage|p2a: Mamoswine|44\/100\n|-enditem|p2a: Mamoswine|Weakness Policy\n|-boost|p2a: Mamoswine|atk|2|[from] item: Weakness Policy\n|-boost|p2a: Mamoswine|spa|2|[from] item: Weakness Policy\n|move|p2a: Mamoswine|Trailblaze|p1a: Rillaboom\n|-resisted|p1a: Rillaboom\n|-crit|p1a: Rillaboom\n|-damage|p1a: Rillaboom|71\/100\n|-boost|p2a: Mamoswine|spe|1\n|\n|upkeep\n|turn|2\n|\n|t:|1700030988\n|-terastallize|p2a: Mamoswine|Grass\n|move|p2a: Mamoswine|Icicle Crash|p1a: Rillaboom\n|-supereffective|p1a: Rillaboom\n|-damage|p1a: Rillaboom|0 fnt\n|faint|p1a: Rillaboom\n|\n|upkeep\n|\n|t:|1700031001\n|switch|p1a: Dragonite|Dragonite, M|100\/100\n|turn|3\n|\n|t:|1700031012\n|move|p2a: Mamoswine|Icicle Crash|p1a: Dragonite\n|-supereffective|p1a: Dragonite\n|-enditem|p1a: Dragonite|Focus Sash\n|-damage|p1a: Dragonite|1\/100\n|move|p1a: Dragonite|Hurricane|p2a: Mamoswine|[miss]\n|-miss|p1a: Dragonite|p2a: Mamoswine\n|\n|upkeep\n|turn|4\n|\n|t:|1700031032\n|switch|p1a: Quaquaval|Quaquaval, F|100\/100\n|move|p2a: Mamoswine|Trailblaze|p1a: Quaquaval\n|-supereffective|p1a: Quaquaval\n|-enditem|p1a: Quaquaval|Focus Sash\n|-damage|p1a: Quaquaval|1\/100\n|-boost|p2a: Mamoswine|spe|1\n|\n|upkeep\n|turn|5\n|inactive|ShinyStardust has 120 seconds left.\n|\n|t:|1700031088\n|move|p2a: Mamoswine|Trailblaze|p1a: Quaquaval\n|-supereffective|p1a: Quaquaval\n|-damage|p1a: Quaquaval|0 fnt\n|-boost|p2a: Mamoswine|spe|1\n|faint|p1a: Quaquaval\n|\n|upkeep\n|\n|t:|1700031109\n|switch|p1a: Gengar|Gengar, M|100\/100\n|turn|6\n|\n|t:|1700031123\n|move|p2a: Mamoswine|Icicle Crash|p1a: Gengar\n|-damage|p1a: Gengar|0 fnt\n|faint|p1a: Gengar\n|\n|upkeep\n|inactive|Dav08 has 120 seconds left.\n|\n|t:|1700031138\n|switch|p1a: Garchomp|Garchomp, M|100\/100\n|turn|7\n|inactive|Dav08 has 120 seconds left.\n|c|\u2606Dav08|Xd\n|inactive|ShinyStardust has 90 seconds left.\n|\n|t:|1700031168\n|move|p2a: Mamoswine|Icicle Crash|p1a: Garchomp\n|-supereffective|p1a: Garchomp\n|-damage|p1a: Garchomp|0 fnt\n|faint|p1a: Garchomp\n|\n|upkeep\n|inactive|Dav08 has 120 seconds left.\n|\n|t:|1700031174\n|switch|p1a: Thundurus|Thundurus, M|100\/100\n|turn|8\n|c|\u2606ShinyStardust|lol what\n|c|\u2606Dav08|Hacks?\n|inactive|Dav08 has 120 seconds left.\n|\n|t:|1700031196\n|move|p2a: Mamoswine|Icicle Crash|p1a: Thundurus\n|-supereffective|p1a: Thundurus\n|-damage|p1a: Thundurus|0 fnt\n|faint|p1a: Thundurus\n|\n|upkeep\n|c|\u2606ShinyStardust|yes\n|\n|t:|1700031205\n|switch|p1a: Dragonite|Dragonite, M|1\/100\n|turn|9\n|\n|t:|1700031211\n|move|p2a: Mamoswine|Trailblaze|p1a: Dragonite\n|-resisted|p1a: Dragonite\n|-damage|p1a: Dragonite|0 fnt\n|-boost|p2a: Mamoswine|spe|1\n|faint|p1a: Dragonite\n|\n|win|ShinyStardust\n|raw|Dav08's rating: 1032 &rarr; <strong>1016<\/strong><br \/>(-16 for losing)\n|raw|ShinyStardust's rating: 1000 &rarr; <strong>1044<\/strong><br \/>(+44 for winning)\n","uploadtime":1700031216,"views":16,"p1id":"dav08","p2id":"shinystardust","formatid":"gen9ou","rating":1016,"private":0,"password":""}