{"id":"gen9ou-1997312233","p1":"mmdomew","p2":"qazniak","format":"[Gen 9] OU","log":"|j|\u2606mmdomew\n|j|\u2606qazniak\n|t:|1700787997\n|gametype|singles\n|player|p1|mmdomew|hiker-gen4|1028\n|player|p2|qazniak|169|1030\n|teamsize|p1|6\n|teamsize|p2|6\n|gen|9\n|tier|[Gen 9] OU\n|rated|\n|rule|Sleep Clause Mod: Limit one foe put to sleep\n|rule|Species Clause: Limit one of each Pok\u00e9mon\n|rule|OHKO Clause: OHKO moves are banned\n|rule|Evasion Items Clause: Evasion items are banned\n|rule|Evasion Moves Clause: Evasion moves are banned\n|rule|Endless Battle Clause: Forcing endless battles is banned\n|rule|HP Percentage Mod: HP is shown in percentages\n|clearpoke\n|poke|p1|Ceruledge, M|\n|poke|p1|Cinderace, M|\n|poke|p1|Toxapex, M|\n|poke|p1|Kingambit, F|\n|poke|p1|Heatran, F|\n|poke|p1|Dragapult, F|\n|poke|p2|Arcanine-Hisui, M|\n|poke|p2|Chandelure, M|\n|poke|p2|Ceruledge, F|\n|poke|p2|Corviknight, M|\n|poke|p2|Clodsire, F|\n|poke|p2|Ninetales-Alola, F|\n|teampreview\n|\n|t:|1700788003\n|start\n|switch|p1a: Ceruledge|Ceruledge, M|100\/100\n|switch|p2a: Ninetales|Ninetales-Alola, F|100\/100\n|-weather|Snow|[from] ability: Snow Warning|[of] p2a: Ninetales\n|turn|1\n|\n|t:|1700788016\n|move|p2a: Ninetales|Aurora Veil|p2a: Ninetales\n|-sidestart|p2: qazniak|move: Aurora Veil\n|move|p1a: Ceruledge|Bitter Blade|p2a: Ninetales\n|-supereffective|p2a: Ninetales\n|-damage|p2a: Ninetales|46\/100\n|\n|-weather|Snow|[upkeep]\n|upkeep\n|turn|2\n|\n|t:|1700788026\n|-terastallize|p1a: Ceruledge|Fire\n|move|p2a: Ninetales|Disable|p1a: Ceruledge\n|-start|p1a: Ceruledge|Disable|Bitter Blade\n|cant|p1a: Ceruledge|Disable|Bitter Blade\n|\n|-weather|Snow|[upkeep]\n|upkeep\n|turn|3\n|\n|t:|1700788038\n|switch|p2a: Arcanine|Arcanine-Hisui, M|100\/100\n|move|p1a: Ceruledge|Shadow Claw|p2a: Arcanine\n|-crit|p2a: Arcanine\n|-damage|p2a: Arcanine|34\/100\n|\n|-weather|Snow|[upkeep]\n|upkeep\n|turn|4\n|\n|t:|1700788048\n|move|p2a: Arcanine|Head Smash|p1a: Ceruledge\n|-supereffective|p1a: Ceruledge\n|-damage|p1a: Ceruledge|0 fnt\n|faint|p1a: Ceruledge\n|\n|-weather|Snow|[upkeep]\n|upkeep\n|\n|t:|1700788055\n|switch|p1a: Cinderace|Cinderace, M|100\/100\n|turn|5\n|\n|t:|1700788064\n|switch|p2a: Ceruledge|Ceruledge, F|100\/100\n|move|p1a: Cinderace|Counter||[still]\n|-fail|p1a: Cinderace\n|\n|-weather|none\n|upkeep\n|turn|6\n|\n|t:|1700788072\n|move|p1a: Cinderace|Agility|p1a: Cinderace\n|-boost|p1a: Cinderace|spe|2\n|move|p2a: Ceruledge|Bulk Up|p2a: Ceruledge\n|-boost|p2a: Ceruledge|atk|1\n|-boost|p2a: Ceruledge|def|1\n|\n|upkeep\n|turn|7\n|\n|t:|1700788079\n|move|p1a: Cinderace|Agility|p1a: Cinderace\n|-boost|p1a: Cinderace|spe|2\n|move|p2a: Ceruledge|Bulk Up|p2a: Ceruledge\n|-boost|p2a: Ceruledge|atk|1\n|-boost|p2a: Ceruledge|def|1\n|\n|upkeep\n|turn|8\n|\n|t:|1700788087\n|move|p1a: Cinderace|Agility|p1a: Cinderace\n|-boost|p1a: Cinderace|spe|2\n|move|p2a: Ceruledge|Bulk Up|p2a: Ceruledge\n|-boost|p2a: Ceruledge|atk|1\n|-boost|p2a: Ceruledge|def|1\n|\n|-sideend|p2: qazniak|move: Aurora Veil\n|upkeep\n|turn|9\n|\n|t:|1700788095\n|move|p1a: Cinderace|Agility|p1a: Cinderace\n|-boost|p1a: Cinderace|spe|0\n|move|p2a: Ceruledge|Bulk Up|p2a: Ceruledge\n|-boost|p2a: Ceruledge|atk|1\n|-boost|p2a: Ceruledge|def|1\n|\n|upkeep\n|turn|10\n|\n|t:|1700788107\n|-terastallize|p2a: Ceruledge|Ghost\n|move|p2a: Ceruledge|Shadow Sneak|p1a: Cinderace\n|-damage|p1a: Cinderace|20\/100\n|move|p1a: Cinderace|Flamethrower|p2a: Ceruledge\n|-start|p2a: Ceruledge|ability: Flash Fire\n|\n|upkeep\n|turn|11\n|\n|t:|1700788120\n|move|p2a: Ceruledge|Bulk Up|p2a: Ceruledge\n|-boost|p2a: Ceruledge|atk|1\n|-boost|p2a: Ceruledge|def|1\n|move|p1a: Cinderace|Counter||[still]\n|-fail|p1a: Cinderace\n|\n|upkeep\n|turn|12\n|\n|t:|1700788129\n|move|p1a: Cinderace|Trailblaze|p2a: Ceruledge\n|-damage|p2a: Ceruledge|95\/100\n|move|p2a: Ceruledge|Bulk Up|p2a: Ceruledge\n|-boost|p2a: Ceruledge|atk|1\n|-boost|p2a: Ceruledge|def|1\n|\n|upkeep\n|turn|13\n|\n|t:|1700788141\n|switch|p1a: Toxapex|Toxapex, M|100\/100\n|move|p2a: Ceruledge|Shadow Sneak|p1a: Toxapex\n|-damage|p1a: Toxapex|22\/100\n|-enditem|p1a: Toxapex|Aguav Berry|[eat]\n|-heal|p1a: Toxapex|56\/100|[from] item: Aguav Berry\n|\n|upkeep\n|turn|14\n|\n|t:|1700788150\n|move|p1a: Toxapex|Baneful Bunker|p1a: Toxapex\n|-singleturn|p1a: Toxapex|move: Protect\n|move|p2a: Ceruledge|Bulk Up|p2a: Ceruledge\n|-boost|p2a: Ceruledge|atk|0\n|-boost|p2a: Ceruledge|def|0\n|\n|upkeep\n|turn|15\n|\n|t:|1700788157\n|move|p1a: Toxapex|Baneful Bunker||[still]\n|-fail|p1a: Toxapex\n|move|p2a: Ceruledge|Shadow Sneak|p1a: Toxapex\n|-damage|p1a: Toxapex|0 fnt\n|faint|p1a: Toxapex\n|\n|upkeep\n|\n|t:|1700788165\n|switch|p1a: Dragapult|Dragapult, F|100\/100\n|turn|16\n|\n|t:|1700788173\n|move|p2a: Ceruledge|Shadow Sneak|p1a: Dragapult\n|-supereffective|p1a: Dragapult\n|-damage|p1a: Dragapult|0 fnt\n|faint|p1a: Dragapult\n|\n|upkeep\n|\n|t:|1700788179\n|switch|p1a: Kingambit|Kingambit, F|100\/100\n|turn|17\n|-message|mmdomew forfeited.\n|\n|win|qazniak\n|raw|mmdomew's rating: 1028 &rarr; <strong>1014<\/strong><br \/>(-14 for losing)\n|raw|qazniak's rating: 1030 &rarr; <strong>1065<\/strong><br \/>(+35 for winning)\n|l|\u2606mmdomew\n","uploadtime":1700788213,"views":25,"p1id":"mmdomew","p2id":"qazniak","formatid":"gen9ou","rating":1014,"private":0,"password":""}