{"id":"gen9ou-1990157712","p1":"Blaine1111","p2":"wdty","format":"[Gen 9] OU","log":"|j|\u2606Blaine1111\n|j|\u2606wdty\n|t:|1699930921\n|gametype|singles\n|player|p1|Blaine1111|1|1390\n|player|p2|wdty|102|1431\n|teamsize|p1|6\n|teamsize|p2|6\n|gen|9\n|tier|[Gen 9] OU\n|rated|\n|rule|Sleep Clause Mod: Limit one foe put to sleep\n|rule|Species Clause: Limit one of each Pok\u00e9mon\n|rule|OHKO Clause: OHKO moves are banned\n|rule|Evasion Items Clause: Evasion items are banned\n|rule|Evasion Moves Clause: Evasion moves are banned\n|rule|Endless Battle Clause: Forcing endless battles is banned\n|rule|HP Percentage Mod: HP is shown in percentages\n|clearpoke\n|poke|p1|Torkoal, F|\n|poke|p1|Walking Wake|\n|poke|p1|Great Tusk|\n|poke|p1|Kingambit, M|\n|poke|p1|Maushold-Four|\n|poke|p1|Moltres|\n|poke|p2|Rillaboom, M|\n|poke|p2|Sneasler, F|\n|poke|p2|Zamazenta-*|\n|poke|p2|Ogerpon-Cornerstone, F|\n|poke|p2|Iron Moth|\n|poke|p2|Hatterene, F|\n|teampreview\n|inactive|Battle timer is ON: inactive players will automatically lose when time's up. (requested by Blaine1111)\n|inactive|wdty also wants the timer to be on.\n|\n|t:|1699930931\n|start\n|switch|p1a: Moltres|Moltres|100\/100\n|switch|p2a: Hatterene|Hatterene, F|100\/100\n|turn|1\n|\n|t:|1699930941\n|move|p1a: Moltres|U-turn|p2a: Hatterene\n|-damage|p2a: Hatterene|88\/100\n|\n|t:|1699930956\n|switch|p1a: Kingambit|Kingambit, M|100\/100|[from] U-turn\n|move|p2a: Hatterene|Nuzzle|p1a: Kingambit\n|-damage|p1a: Kingambit|98\/100\n|-status|p1a: Kingambit|par\n|\n|-heal|p2a: Hatterene|94\/100|[from] item: Leftovers\n|-heal|p1a: Kingambit|100\/100 par|[from] item: Leftovers\n|upkeep\n|turn|2\n|\n|t:|1699930968\n|switch|p2a: Rillaboom|Rillaboom, M|100\/100\n|-fieldstart|move: Grassy Terrain|[from] ability: Grassy Surge|[of] p2a: Rillaboom\n|move|p1a: Kingambit|Iron Head|p2a: Rillaboom\n|-damage|p2a: Rillaboom|54\/100\n|\n|-heal|p2a: Rillaboom|61\/100|[from] Grassy Terrain\n|upkeep\n|turn|3\n|\n|t:|1699930977\n|-end|p1a: Kingambit|fallenundefined|[silent]\n|switch|p1a: Moltres|Moltres|100\/100\n|move|p2a: Rillaboom|U-turn|p1a: Moltres\n|-resisted|p1a: Moltres\n|-damage|p1a: Moltres|91\/100\n|\n|t:|1699930982\n|switch|p2a: Ogerpon|Ogerpon-Cornerstone, F|100\/100|[from] U-turn\n|\n|upkeep\n|turn|4\n|\n|t:|1699931006\n|switch|p1a: Kingambit|Kingambit, M|100\/100 par\n|move|p2a: Ogerpon|Swords Dance|p2a: Ogerpon\n|-boost|p2a: Ogerpon|atk|2\n|\n|upkeep\n|turn|5\n|\n|t:|1699931014\n|move|p2a: Ogerpon|Ivy Cudgel|p1a: Kingambit\n|-resisted|p1a: Kingambit\n|-damage|p1a: Kingambit|56\/100 par\n|cant|p1a: Kingambit|par\n|\n|-heal|p1a: Kingambit|62\/100 par|[from] Grassy Terrain\n|-heal|p1a: Kingambit|68\/100 par|[from] item: Leftovers\n|upkeep\n|turn|6\n|\n|t:|1699931021\n|move|p2a: Ogerpon|Ivy Cudgel|p1a: Kingambit\n|-resisted|p1a: Kingambit\n|-damage|p1a: Kingambit|26\/100 par\n|move|p1a: Kingambit|Iron Head|p2a: Ogerpon\n|-supereffective|p2a: Ogerpon\n|-ability|p2a: Ogerpon|Sturdy\n|-damage|p2a: Ogerpon|1\/100\n|\n|-heal|p2a: Ogerpon|7\/100|[from] Grassy Terrain\n|-heal|p1a: Kingambit|32\/100 par|[from] Grassy Terrain\n|-heal|p1a: Kingambit|38\/100 par|[from] item: Leftovers\n|-fieldend|move: Grassy Terrain\n|upkeep\n|turn|7\n|\n|t:|1699931035\n|switch|p2a: Rillaboom|Rillaboom, M|61\/100\n|-fieldstart|move: Grassy Terrain|[from] ability: Grassy Surge|[of] p2a: Rillaboom\n|move|p1a: Kingambit|Sucker Punch||[still]\n|-fail|p1a: Kingambit\n|\n|-heal|p2a: Rillaboom|67\/100|[from] Grassy Terrain\n|-heal|p1a: Kingambit|44\/100 par|[from] Grassy Terrain\n|-heal|p1a: Kingambit|50\/100 par|[from] item: Leftovers\n|upkeep\n|turn|8\n|\n|t:|1699931045\n|switch|p2a: Ogerpon|Ogerpon-Cornerstone, F|7\/100\n|-end|p1a: Kingambit|fallenundefined|[silent]\n|switch|p1a: Moltres|Moltres|91\/100\n|\n|-heal|p2a: Ogerpon|13\/100|[from] Grassy Terrain\n|upkeep\n|turn|9\n|\n|t:|1699931054\n|move|p2a: Ogerpon|Ivy Cudgel|p1a: Moltres\n|-supereffective|p1a: Moltres\n|-damage|p1a: Moltres|0 fnt\n|faint|p1a: Moltres\n|\n|-heal|p2a: Ogerpon|20\/100|[from] Grassy Terrain\n|upkeep\n|\n|t:|1699931059\n|switch|p1a: Maushold|Maushold-Four, shiny|100\/100\n|turn|10\n|\n|t:|1699931079\n|move|p1a: Maushold|Population Bomb|p2a: Ogerpon\n|-resisted|p2a: Ogerpon\n|-damage|p2a: Ogerpon|13\/100\n|-resisted|p2a: Ogerpon\n|-damage|p2a: Ogerpon|6\/100\n|-resisted|p2a: Ogerpon\n|-damage|p2a: Ogerpon|0 fnt\n|faint|p2a: Ogerpon\n|-hitcount|p2: Ogerpon|3\n|\n|upkeep\n|\n|t:|1699931093\n|switch|p2a: Iron Moth|Iron Moth|100\/100\n|-enditem|p2a: Iron Moth|Booster Energy\n|-activate|p2a: Iron Moth|ability: Quark Drive|[fromitem]\n|-start|p2a: Iron Moth|quarkdrivespe\n|turn|11\n|inactive|Blaine1111 has 120 seconds left.\n|\n|t:|1699931128\n|move|p2a: Iron Moth|Fiery Dance|p1a: Maushold\n|-damage|p1a: Maushold|43\/100\n|move|p1a: Maushold|Population Bomb|p2a: Iron Moth\n|-damage|p2a: Iron Moth|84\/100\n|-damage|p2a: Iron Moth|69\/100\n|-damage|p2a: Iron Moth|54\/100\n|-damage|p2a: Iron Moth|40\/100\n|-damage|p2a: Iron Moth|25\/100\n|-damage|p2a: Iron Moth|8\/100\n|-damage|p2a: Iron Moth|0 fnt\n|faint|p2a: Iron Moth\n|-end|p2a: Iron Moth|Quark Drive|[silent]\n|-hitcount|p2: Iron Moth|7\n|\n|-heal|p1a: Maushold|49\/100|[from] Grassy Terrain\n|-fieldend|move: Grassy Terrain\n|upkeep\n|\n|t:|1699931136\n|switch|p2a: Rillaboom|Rillaboom, M|67\/100\n|-fieldstart|move: Grassy Terrain|[from] ability: Grassy Surge|[of] p2a: Rillaboom\n|turn|12\n|inactive|Blaine1111 has 120 seconds left.\n|\n|t:|1699931151\n|switch|p1a: Torkoal|Torkoal, F|100\/100\n|-weather|SunnyDay|[from] ability: Drought|[of] p1a: Torkoal\n|move|p2a: Rillaboom|Grassy Glide|p1a: Torkoal\n|-resisted|p1a: Torkoal\n|-damage|p1a: Torkoal|83\/100\n|\n|-weather|SunnyDay|[upkeep]\n|-heal|p2a: Rillaboom|73\/100|[from] Grassy Terrain\n|-heal|p1a: Torkoal|89\/100|[from] Grassy Terrain\n|upkeep\n|turn|13\n|inactive|Blaine1111 has 120 seconds left.\n|\n|t:|1699931164\n|switch|p2a: Hatterene|Hatterene, F|94\/100\n|move|p1a: Torkoal|Overheat|p2a: Hatterene|[miss]\n|-miss|p1a: Torkoal|p2a: Hatterene\n|\n|-weather|SunnyDay|[upkeep]\n|-heal|p2a: Hatterene|99\/100|[from] Grassy Terrain\n|-heal|p2a: Hatterene|100\/100|[from] item: Leftovers\n|-heal|p1a: Torkoal|95\/100|[from] Grassy Terrain\n|upkeep\n|turn|14\n|inactive|Blaine1111 has 120 seconds left.\n|inactive|wdty has 120 seconds left.\n|\n|t:|1699931218\n|switch|p2a: Zamazenta|Zamazenta|100\/100\n|-ability|p2a: Zamazenta|Dauntless Shield|boost\n|-boost|p2a: Zamazenta|def|1\n|switch|p1a: Great Tusk|Great Tusk|100\/100\n|-activate|p1a: Great Tusk|ability: Protosynthesis\n|-start|p1a: Great Tusk|protosynthesisatk\n|\n|-weather|SunnyDay|[upkeep]\n|upkeep\n|turn|15\n|\n|t:|1699931238\n|move|p2a: Zamazenta|Iron Defense|p2a: Zamazenta\n|-boost|p2a: Zamazenta|def|2\n|move|p1a: Great Tusk|Knock Off|p2a: Zamazenta\n|-resisted|p2a: Zamazenta\n|-damage|p2a: Zamazenta|94\/100\n|-enditem|p2a: Zamazenta|Leftovers|[from] move: Knock Off|[of] p1a: Great Tusk\n|\n|-weather|SunnyDay|[upkeep]\n|-heal|p2a: Zamazenta|99\/100|[from] Grassy Terrain\n|upkeep\n|turn|16\n|\n|t:|1699931248\n|-end|p1a: Great Tusk|Protosynthesis|[silent]\n|switch|p1a: Walking Wake|Walking Wake|100\/100\n|-activate|p1a: Walking Wake|ability: Protosynthesis\n|-start|p1a: Walking Wake|protosynthesisspa\n|move|p2a: Zamazenta|Body Press|p1a: Walking Wake\n|-damage|p1a: Walking Wake|3\/100\n|\n|-weather|SunnyDay|[upkeep]\n|-heal|p2a: Zamazenta|100\/100|[from] Grassy Terrain\n|-heal|p1a: Walking Wake|9\/100|[from] Grassy Terrain\n|-fieldend|move: Grassy Terrain\n|upkeep\n|turn|17\n|inactive|Blaine1111 has 90 seconds left.\n|inactive|wdty has 90 seconds left.\n|inactive|Blaine1111 has 60 seconds left.\n|\n|t:|1699931299\n|switch|p2a: Hatterene|Hatterene, F|100\/100\n|move|p1a: Walking Wake|Draco Meteor|p2a: Hatterene\n|-immune|p2a: Hatterene\n|\n|-weather|SunnyDay|[upkeep]\n|upkeep\n|turn|18\n|\n|t:|1699931309\n|-end|p1a: Walking Wake|Protosynthesis|[silent]\n|switch|p1a: Kingambit|Kingambit, M|50\/100 par\n|-activate|p1a: Kingambit|ability: Supreme Overlord\n|-start|p1a: Kingambit|fallen1|[silent]\n|move|p2a: Hatterene|Draining Kiss|p1a: Kingambit\n|-damage|p1a: Kingambit|30\/100 par\n|\n|-weather|SunnyDay|[upkeep]\n|-heal|p1a: Kingambit|36\/100 par|[from] item: Leftovers\n|upkeep\n|turn|19\n|inactive|wdty has 90 seconds left.\n|\n|t:|1699931325\n|switch|p2a: Zamazenta|Zamazenta|100\/100\n|move|p1a: Kingambit|Iron Head|p2a: Zamazenta\n|-damage|p2a: Zamazenta|60\/100\n|\n|-weather|none\n|-heal|p1a: Kingambit|43\/100 par|[from] item: Leftovers\n|upkeep\n|turn|20\n|inactive|wdty has 90 seconds left.\n|\n|t:|1699931345\n|switch|p2a: Hatterene|Hatterene, F|100\/100\n|-end|p1a: Kingambit|fallen1|[silent]\n|switch|p1a: Torkoal|Torkoal, F|95\/100\n|-weather|SunnyDay|[from] ability: Drought|[of] p1a: Torkoal\n|\n|-weather|SunnyDay|[upkeep]\n|upkeep\n|turn|21\n|inactive|wdty has 90 seconds left.\n|\n|t:|1699931362\n|switch|p1a: Great Tusk|Great Tusk|100\/100\n|-activate|p1a: Great Tusk|ability: Protosynthesis\n|-start|p1a: Great Tusk|protosynthesisatk\n|move|p2a: Hatterene|Calm Mind|p2a: Hatterene\n|-boost|p2a: Hatterene|spa|1\n|-boost|p2a: Hatterene|spd|1\n|\n|-weather|SunnyDay|[upkeep]\n|upkeep\n|turn|22\n|inactive|Blaine1111 has 60 seconds left.\n|\n|t:|1699931397\n|-terastallize|p1a: Great Tusk|Ground\n|-terastallize|p2a: Hatterene|Water\n|move|p1a: Great Tusk|Headlong Rush|p2a: Hatterene\n|-damage|p2a: Hatterene|12\/100\n|-unboost|p1a: Great Tusk|def|1\n|-unboost|p1a: Great Tusk|spd|1\n|move|p2a: Hatterene|Draining Kiss|p1a: Great Tusk\n|-damage|p1a: Great Tusk|31\/100\n|-heal|p2a: Hatterene|84\/100|[from] drain|[of] p1a: Great Tusk\n|\n|-weather|SunnyDay|[upkeep]\n|-heal|p1a: Great Tusk|37\/100|[from] item: Leftovers\n|-heal|p2a: Hatterene|89\/100|[from] item: Leftovers\n|upkeep\n|turn|23\n|inactive|wdty has 90 seconds left.\n|\n|t:|1699931417\n|move|p1a: Great Tusk|Headlong Rush|p2a: Hatterene\n|-damage|p2a: Hatterene|0 fnt\n|-unboost|p1a: Great Tusk|def|1\n|-unboost|p1a: Great Tusk|spd|1\n|faint|p2a: Hatterene\n|\n|-weather|SunnyDay|[upkeep]\n|-heal|p1a: Great Tusk|44\/100|[from] item: Leftovers\n|upkeep\n|\n|t:|1699931426\n|switch|p2a: Rillaboom|Rillaboom, M|73\/100\n|-fieldstart|move: Grassy Terrain|[from] ability: Grassy Surge|[of] p2a: Rillaboom\n|turn|24\n|\n|t:|1699931434\n|-end|p1a: Great Tusk|Protosynthesis|[silent]\n|switch|p1a: Torkoal|Torkoal, F|95\/100\n|move|p2a: Rillaboom|Grassy Glide|p1a: Torkoal\n|-resisted|p1a: Torkoal\n|-damage|p1a: Torkoal|77\/100\n|\n|-weather|SunnyDay|[upkeep]\n|-heal|p2a: Rillaboom|79\/100|[from] Grassy Terrain\n|-heal|p1a: Torkoal|83\/100|[from] Grassy Terrain\n|upkeep\n|turn|25\n|inactive|Blaine1111 has 60 seconds left.\n|\n|t:|1699931445\n|switch|p2a: Zamazenta|Zamazenta|60\/100\n|move|p1a: Torkoal|Yawn|p2a: Zamazenta\n|-start|p2a: Zamazenta|move: Yawn|[of] p1a: Torkoal\n|\n|-weather|SunnyDay|[upkeep]\n|-heal|p2a: Zamazenta|67\/100|[from] Grassy Terrain\n|-heal|p1a: Torkoal|89\/100|[from] Grassy Terrain\n|upkeep\n|turn|26\n|inactive|Blaine1111 has 60 seconds left.\n|\n|t:|1699931456\n|switch|p1a: Walking Wake|Walking Wake|9\/100\n|-activate|p1a: Walking Wake|ability: Protosynthesis\n|-start|p1a: Walking Wake|protosynthesisspa\n|move|p2a: Zamazenta|Body Press|p1a: Walking Wake\n|-crit|p1a: Walking Wake\n|-damage|p1a: Walking Wake|0 fnt\n|faint|p1a: Walking Wake\n|-end|p1a: Walking Wake|Protosynthesis|[silent]\n|\n|-weather|SunnyDay|[upkeep]\n|-heal|p2a: Zamazenta|73\/100|[from] Grassy Terrain\n|-end|p2a: Zamazenta|move: Yawn|[silent]\n|-status|p2a: Zamazenta|slp\n|upkeep\n|\n|t:|1699931468\n|switch|p1a: Maushold|Maushold-Four, shiny|49\/100\n|turn|27\n|\n|t:|1699931473\n|switch|p2a: Rillaboom|Rillaboom, M|79\/100\n|move|p1a: Maushold|Population Bomb|p2a: Rillaboom\n|-damage|p2a: Rillaboom|67\/100\n|-damage|p2a: Rillaboom|55\/100\n|-damage|p2a: Rillaboom|43\/100\n|-damage|p2a: Rillaboom|32\/100\n|-damage|p2a: Rillaboom|21\/100\n|-damage|p2a: Rillaboom|9\/100\n|-damage|p2a: Rillaboom|0 fnt\n|faint|p2a: Rillaboom\n|-hitcount|p2: Rillaboom|7\n|\n|-weather|none\n|-heal|p1a: Maushold|56\/100|[from] Grassy Terrain\n|upkeep\n|\n|t:|1699931479\n|switch|p2a: Sneasler|Sneasler, F|100\/100\n|-enditem|p2a: Sneasler|Grassy Seed\n|-boost|p2a: Sneasler|def|1|[from] item: Grassy Seed\n|turn|28\n|inactive|Blaine1111 has 60 seconds left.\n|\n|t:|1699931509\n|move|p2a: Sneasler|Swords Dance|p2a: Sneasler\n|-boost|p2a: Sneasler|atk|2\n|move|p1a: Maushold|Encore|p2a: Sneasler\n|-start|p2a: Sneasler|Encore\n|\n|-heal|p1a: Maushold|62\/100|[from] Grassy Terrain\n|-fieldend|move: Grassy Terrain\n|upkeep\n|turn|29\n|inactive|wdty has 120 seconds left.\n|\n|t:|1699931519\n|switch|p2a: Zamazenta|Zamazenta|73\/100 slp\n|move|p1a: Maushold|Tidy Up|p1a: Maushold\n|-boost|p1a: Maushold|atk|1\n|-boost|p1a: Maushold|spe|1\n|\n|upkeep\n|turn|30\n|\n|t:|1699931525\n|move|p1a: Maushold|Population Bomb|p2a: Zamazenta\n|-damage|p2a: Zamazenta|61\/100 slp\n|-damage|p2a: Zamazenta|48\/100 slp\n|-damage|p2a: Zamazenta|36\/100 slp\n|-damage|p2a: Zamazenta|23\/100 slp\n|-damage|p2a: Zamazenta|10\/100 slp\n|-damage|p2a: Zamazenta|0 fnt\n|faint|p2a: Zamazenta\n|-hitcount|p2: Zamazenta|6\n|\n|upkeep\n|\n|t:|1699931529\n|switch|p2a: Sneasler|Sneasler, F|100\/100\n|turn|31\n|\n|t:|1699931537\n|move|p1a: Maushold|Population Bomb|p2a: Sneasler\n|-damage|p2a: Sneasler|71\/100\n|-damage|p2a: Sneasler|42\/100\n|-damage|p2a: Sneasler|12\/100\n|-crit|p2a: Sneasler\n|-damage|p2a: Sneasler|0 fnt\n|faint|p2a: Sneasler\n|-hitcount|p2: Sneasler|4\n|\n|win|Blaine1111\n|raw|Blaine1111's rating: 1390 &rarr; <strong>1412<\/strong><br \/>(+22 for winning)\n|raw|wdty's rating: 1431 &rarr; <strong>1409<\/strong><br \/>(-22 for losing)\n|l|\u2606wdty\n","uploadtime":1699931552,"views":24,"p1id":"blaine1111","p2id":"wdty","formatid":"gen9ou","rating":1409,"private":0,"password":""}