{"id":"gen9ou-1994042648","p1":"Gchugg","p2":"Thehombre","format":"[Gen 9] OU","log":"|j|\u2606Gchugg\n|j|\u2606Thehombre\n|t:|1700398723\n|gametype|singles\n|player|p1|Gchugg|265|1122\n|player|p2|Thehombre|2|1058\n|teamsize|p1|6\n|teamsize|p2|6\n|gen|9\n|tier|[Gen 9] OU\n|rated|\n|rule|Sleep Clause Mod: Limit one foe put to sleep\n|rule|Species Clause: Limit one of each Pok\u00e9mon\n|rule|OHKO Clause: OHKO moves are banned\n|rule|Evasion Items Clause: Evasion items are banned\n|rule|Evasion Moves Clause: Evasion moves are banned\n|rule|Endless Battle Clause: Forcing endless battles is banned\n|rule|HP Percentage Mod: HP is shown in percentages\n|clearpoke\n|poke|p1|Great Tusk|\n|poke|p1|Slowking-Galar, M|\n|poke|p1|Garchomp, F|\n|poke|p1|Samurott-Hisui, F|\n|poke|p1|Chandelure, M|\n|poke|p1|Goodra-Hisui, F|\n|poke|p2|Kingambit, M|\n|poke|p2|Ninetales-Alola, M|\n|poke|p2|Sneasler, F|\n|poke|p2|Samurott-Hisui, F|\n|poke|p2|Masquerain, F|\n|poke|p2|Manaphy|\n|teampreview\n|inactive|Battle timer is ON: inactive players will automatically lose when time's up. (requested by Thehombre)\n|\n|t:|1700398736\n|start\n|switch|p1a: Goodra|Goodra-Hisui, F|100\/100\n|switch|p2a: Masquerain|Masquerain, F|100\/100\n|-ability|p2a: Masquerain|Intimidate|boost\n|-unboost|p1a: Goodra|atk|1\n|turn|1\n|\n|t:|1700398755\n|move|p2a: Masquerain|Sticky Web|p1a: Goodra\n|-sidestart|p1: Gchugg|move: Sticky Web\n|move|p1a: Goodra|Thunderbolt|p2a: Masquerain\n|-supereffective|p2a: Masquerain\n|-damage|p2a: Masquerain|11\/100\n|\n|upkeep\n|turn|2\n|\n|t:|1700398764\n|move|p2a: Masquerain|Bug Buzz|p1a: Goodra\n|-resisted|p1a: Goodra\n|-damage|p1a: Goodra|86\/100\n|move|p1a: Goodra|Dragon Tail|p2a: Masquerain\n|-damage|p2a: Masquerain|0 fnt\n|faint|p2a: Masquerain\n|\n|-heal|p1a: Goodra|93\/100|[from] item: Leftovers\n|upkeep\n|\n|t:|1700398770\n|switch|p2a: Sneasler|Sneasler, F|100\/100\n|turn|3\n|\n|t:|1700398784\n|switch|p1a: Chandelure|Chandelure, M|100\/100\n|-activate|p1a: Chandelure|move: Sticky Web\n|-unboost|p1a: Chandelure|spe|1\n|move|p2a: Sneasler|Swords Dance|p2a: Sneasler\n|-boost|p2a: Sneasler|atk|2\n|\n|upkeep\n|turn|4\n|\n|t:|1700398803\n|move|p2a: Sneasler|Dire Claw|p1a: Chandelure\n|-resisted|p1a: Chandelure\n|-damage|p1a: Chandelure|29\/100\n|-status|p1a: Chandelure|par\n|move|p1a: Chandelure|Psychic|p2a: Sneasler\n|-supereffective|p2a: Sneasler\n|-damage|p2a: Sneasler|0 fnt\n|faint|p2a: Sneasler\n|\n|upkeep\n|\n|t:|1700398815\n|switch|p2a: Ninetales|Ninetales-Alola, M|100\/100\n|-weather|Snow|[from] ability: Snow Warning|[of] p2a: Ninetales\n|turn|5\n|\n|t:|1700398826\n|move|p2a: Ninetales|Aurora Veil|p2a: Ninetales\n|-sidestart|p2: Thehombre|move: Aurora Veil\n|move|p1a: Chandelure|Psychic|p2a: Ninetales\n|-damage|p2a: Ninetales|79\/100\n|\n|-weather|Snow|[upkeep]\n|upkeep\n|turn|6\n|\n|t:|1700398832\n|switch|p2a: Samurott|Samurott-Hisui, F|100\/100\n|move|p1a: Chandelure|Psychic|p2a: Samurott\n|-immune|p2a: Samurott\n|\n|-weather|Snow|[upkeep]\n|upkeep\n|turn|7\n|\n|t:|1700398843\n|switch|p2a: Manaphy|Manaphy|100\/100\n|switch|p1a: Great Tusk|Great Tusk|100\/100\n|-activate|p1a: Great Tusk|move: Sticky Web\n|-unboost|p1a: Great Tusk|spe|1\n|-enditem|p1a: Great Tusk|Booster Energy\n|-activate|p1a: Great Tusk|ability: Protosynthesis|[fromitem]\n|-start|p1a: Great Tusk|protosynthesisatk\n|\n|-weather|Snow|[upkeep]\n|upkeep\n|turn|8\n|\n|t:|1700398854\n|-end|p1a: Great Tusk|Protosynthesis|[silent]\n|switch|p1a: Goodra|Goodra-Hisui, F|93\/100\n|-activate|p1a: Goodra|move: Sticky Web\n|-unboost|p1a: Goodra|spe|1\n|move|p2a: Manaphy|Tail Glow|p2a: Manaphy\n|-boost|p2a: Manaphy|spa|3\n|\n|-weather|Snow|[upkeep]\n|-heal|p1a: Goodra|99\/100|[from] item: Leftovers\n|upkeep\n|turn|9\n|\n|t:|1700398861\n|move|p2a: Manaphy|Ice Beam|p1a: Goodra\n|-damage|p1a: Goodra|54\/100\n|move|p1a: Goodra|Dragon Tail|p2a: Manaphy\n|-damage|p2a: Manaphy|91\/100\n|drag|p2a: Ninetales|Ninetales-Alola, M|79\/100\n|\n|-weather|none\n|-heal|p1a: Goodra|60\/100|[from] item: Leftovers\n|upkeep\n|turn|10\n|\n|t:|1700398870\n|switch|p2a: Samurott|Samurott-Hisui, F|100\/100\n|move|p1a: Goodra|Flash Cannon|p2a: Samurott\n|-resisted|p2a: Samurott\n|-damage|p2a: Samurott|85\/100\n|\n|-heal|p1a: Goodra|66\/100|[from] item: Leftovers\n|upkeep\n|turn|11\n|\n|t:|1700398877\n|move|p2a: Samurott|Ceaseless Edge|p1a: Goodra\n|-crit|p1a: Goodra\n|-damage|p1a: Goodra|0 fnt\n|-sidestart|p1: Gchugg|Spikes\n|faint|p1a: Goodra\n|\n|upkeep\n|inactive|Gchugg has 120 seconds left.\n|\n|t:|1700398917\n|switch|p1a: Great Tusk|Great Tusk|100\/100\n|-activate|p1a: Great Tusk|move: Sticky Web\n|-unboost|p1a: Great Tusk|spe|1\n|-damage|p1a: Great Tusk|88\/100|[from] Spikes\n|turn|12\n|\n|t:|1700398937\n|-end|p1a: Great Tusk|Protosynthesis|[silent]\n|switch|p1a: Chandelure|Chandelure, M|29\/100 par\n|-activate|p1a: Chandelure|move: Sticky Web\n|-unboost|p1a: Chandelure|spe|1\n|-damage|p1a: Chandelure|17\/100 par|[from] Spikes\n|move|p2a: Samurott|Aqua Cutter|p1a: Chandelure\n|-supereffective|p1a: Chandelure\n|-damage|p1a: Chandelure|0 fnt\n|faint|p1a: Chandelure\n|\n|-sideend|p2: Thehombre|move: Aurora Veil\n|upkeep\n|\n|t:|1700398950\n|switch|p1a: Slowking|Slowking-Galar, M|100\/100\n|turn|13\n|\n|t:|1700398954\n|move|p2a: Samurott|Ceaseless Edge|p1a: Slowking\n|-supereffective|p1a: Slowking\n|-crit|p1a: Slowking\n|-damage|p1a: Slowking|0 fnt\n|-sidestart|p1: Gchugg|Spikes\n|faint|p1a: Slowking\n|\n|upkeep\n|\n|t:|1700398962\n|switch|p1a: Samurott|Samurott-Hisui, F|100\/100\n|-activate|p1a: Samurott|move: Sticky Web\n|-unboost|p1a: Samurott|spe|1\n|-damage|p1a: Samurott|84\/100|[from] Spikes\n|turn|14\n|\n|t:|1700398971\n|switch|p2a: Ninetales|Ninetales-Alola, M|79\/100\n|-weather|Snow|[from] ability: Snow Warning|[of] p2a: Ninetales\n|move|p1a: Samurott|X-Scissor|p2a: Ninetales\n|-resisted|p2a: Ninetales\n|-damage|p2a: Ninetales|62\/100\n|\n|-weather|Snow|[upkeep]\n|upkeep\n|turn|15\n|\n|t:|1700398980\n|move|p2a: Ninetales|Aurora Veil|p2a: Ninetales\n|-sidestart|p2: Thehombre|move: Aurora Veil\n|move|p1a: Samurott|Flip Turn|p2a: Ninetales\n|-damage|p2a: Ninetales|48\/100\n|\n|t:|1700398987\n|switch|p1a: Garchomp|Garchomp, F|100\/100|[from] Flip Turn\n|-activate|p1a: Garchomp|move: Sticky Web\n|-unboost|p1a: Garchomp|spe|1\n|-damage|p1a: Garchomp|84\/100|[from] Spikes\n|\n|-weather|Snow|[upkeep]\n|upkeep\n|turn|16\n|\n|t:|1700398993\n|move|p2a: Ninetales|Blizzard|p1a: Garchomp\n|-supereffective|p1a: Garchomp\n|-damage|p1a: Garchomp|0 fnt\n|faint|p1a: Garchomp\n|\n|-weather|Snow|[upkeep]\n|upkeep\n|-message|Gchugg forfeited.\n|\n|win|Thehombre\n|raw|Gchugg's rating: 1122 &rarr; <strong>1092<\/strong><br \/>(-30 for losing)\n|raw|Thehombre's rating: 1058 &rarr; <strong>1095<\/strong><br \/>(+37 for winning)\n|l|\u2606Gchugg\n","uploadtime":1700399005,"views":6,"p1id":"gchugg","p2id":"thehombre","formatid":"gen9ou","rating":1092,"private":0,"password":""}