{"id":"gen9ou-1990907447","p1":"mathismathin","p2":"mirandacfl","format":"[Gen 9] OU","log":"|j|\u2606mathismathin\n|j|\u2606mirandacfl\n|t:|1700013785\n|gametype|singles\n|player|p1|mathismathin|nate|1748\n|player|p2|mirandacfl|lucas|1759\n|teamsize|p1|6\n|teamsize|p2|6\n|gen|9\n|tier|[Gen 9] OU\n|rated|\n|rule|Sleep Clause Mod: Limit one foe put to sleep\n|rule|Species Clause: Limit one of each Pok\u00e9mon\n|rule|OHKO Clause: OHKO moves are banned\n|rule|Evasion Items Clause: Evasion items are banned\n|rule|Evasion Moves Clause: Evasion moves are banned\n|rule|Endless Battle Clause: Forcing endless battles is banned\n|rule|HP Percentage Mod: HP is shown in percentages\n|clearpoke\n|poke|p1|Weavile, M|\n|poke|p1|Weezing-Galar, F|\n|poke|p1|Alomomola, M|\n|poke|p1|Ting-Lu|\n|poke|p1|Corviknight, F|\n|poke|p1|Dondozo, M|\n|poke|p2|Dragapult, M|\n|poke|p2|Iron Moth|\n|poke|p2|Iron Valiant|\n|poke|p2|Great Tusk|\n|poke|p2|Ogerpon-Wellspring, F|\n|poke|p2|Dragonite, F|\n|teampreview\n|\n|t:|1700013805\n|start\n|switch|p1a: Weavile|Weavile, M|100\/100\n|switch|p2a: Dragapult|Dragapult, M|100\/100\n|-ability|p1a: Weavile|Pressure\n|turn|1\n|\n|t:|1700013812\n|move|p2a: Dragapult|Thunder Wave|p1a: Weavile\n|-status|p1a: Weavile|par\n|cant|p1a: Weavile|par\n|\n|upkeep\n|turn|2\n|j| Spiderking3261\n|\n|t:|1700013816\n|move|p2a: Dragapult|Fire Blast|p1a: Weavile|[miss]\n|-miss|p2a: Dragapult|p1a: Weavile\n|move|p1a: Weavile|Knock Off|p2a: Dragapult\n|-supereffective|p2a: Dragapult\n|-enditem|p2a: Dragapult|Focus Sash\n|-damage|p2a: Dragapult|1\/100\n|\n|upkeep\n|turn|3\n|l| Spiderking3261\n|\n|t:|1700013820\n|switch|p1a: Ting-Lu|Ting-Lu|100\/100\n|-ability|p1a: Ting-Lu|Vessel of Ruin\n|move|p2a: Dragapult|Fire Blast|p1a: Ting-Lu\n|-damage|p1a: Ting-Lu|87\/100\n|\n|-heal|p1a: Ting-Lu|93\/100|[from] item: Leftovers\n|upkeep\n|turn|4\n|\n|t:|1700013825\n|move|p2a: Dragapult|Draco Meteor|p1a: Ting-Lu\n|-damage|p1a: Ting-Lu|70\/100\n|-unboost|p2a: Dragapult|spa|2\n|move|p1a: Ting-Lu|Spikes|p2a: Dragapult\n|-sidestart|p2: mirandacfl|Spikes\n|\n|-heal|p1a: Ting-Lu|76\/100|[from] item: Leftovers\n|upkeep\n|turn|5\n|\n|t:|1700013831\n|switch|p2a: Great Tusk|Great Tusk|100\/100\n|-damage|p2a: Great Tusk|88\/100|[from] Spikes\n|-enditem|p2a: Great Tusk|Booster Energy\n|-activate|p2a: Great Tusk|ability: Protosynthesis|[fromitem]\n|-start|p2a: Great Tusk|protosynthesisspe\n|move|p1a: Ting-Lu|Earthquake|p2a: Great Tusk\n|-damage|p2a: Great Tusk|64\/100\n|\n|-heal|p1a: Ting-Lu|82\/100|[from] item: Leftovers\n|upkeep\n|turn|6\n|j| t-modesty\n|\n|t:|1700013849\n|switch|p1a: Alomomola|Alomomola, M|100\/100\n|move|p2a: Great Tusk|Rapid Spin|p1a: Alomomola\n|-crit|p1a: Alomomola\n|-damage|p1a: Alomomola|87\/100\n|-boost|p2a: Great Tusk|spe|1\n|-sideend|p2: mirandacfl|Spikes|[from] move: Rapid Spin|[of] p2a: Great Tusk\n|\n|-heal|p1a: Alomomola|94\/100|[from] item: Leftovers\n|upkeep\n|turn|7\n|\n|t:|1700013854\n|-end|p2a: Great Tusk|Protosynthesis|[silent]\n|switch|p2a: Dragapult|Dragapult, M|1\/100\n|move|p1a: Alomomola|Wish|p1a: Alomomola\n|\n|-heal|p1a: Alomomola|99\/100|[from] item: Leftovers\n|upkeep\n|turn|8\n|\n|t:|1700013861\n|switch|p1a: Ting-Lu|Ting-Lu|82\/100\n|-ability|p1a: Ting-Lu|Vessel of Ruin\n|move|p2a: Dragapult|Draco Meteor|p1a: Ting-Lu|[miss]\n|-miss|p2a: Dragapult|p1a: Ting-Lu\n|\n|-heal|p1a: Ting-Lu|100\/100|[from] move: Wish|[wisher] Alomomola\n|upkeep\n|turn|9\n|\n|t:|1700013864\n|switch|p2a: Great Tusk|Great Tusk|64\/100\n|move|p1a: Ting-Lu|Earthquake|p2a: Great Tusk\n|-damage|p2a: Great Tusk|43\/100\n|\n|upkeep\n|turn|10\n|\n|t:|1700013872\n|switch|p1a: Alomomola|Alomomola, M|100\/100\n|move|p2a: Great Tusk|Bulk Up|p2a: Great Tusk\n|-boost|p2a: Great Tusk|atk|1\n|-boost|p2a: Great Tusk|def|1\n|\n|upkeep\n|turn|11\n|j| Lt_alt1\n|\n|t:|1700013880\n|-end|p2a: Great Tusk|Protosynthesis|[silent]\n|switch|p2a: Dragapult|Dragapult, M|1\/100\n|move|p1a: Alomomola|Flip Turn|p2a: Dragapult\n|-resisted|p2a: Dragapult\n|-damage|p2a: Dragapult|0 fnt\n|faint|p2a: Dragapult\n|\n|t:|1700013885\n|switch|p1a: Weavile|Weavile, M|100\/100 par|[from] Flip Turn\n|-ability|p1a: Weavile|Pressure\n|\n|upkeep\n|\n|t:|1700013903\n|switch|p2a: Ogerpon|Ogerpon-Wellspring, F|100\/100\n|turn|12\n|\n|t:|1700013907\n|move|p2a: Ogerpon|Swords Dance|p2a: Ogerpon\n|-boost|p2a: Ogerpon|atk|2\n|cant|p1a: Weavile|par\n|\n|upkeep\n|turn|13\n|\n|t:|1700013911\n|switch|p1a: Dondozo|Dondozo, M|100\/100\n|move|p2a: Ogerpon|Ivy Cudgel|p1a: Dondozo|[anim] Ivy Cudgel Water\n|-resisted|p1a: Dondozo\n|-damage|p1a: Dondozo|84\/100\n|\n|-heal|p1a: Dondozo|90\/100|[from] item: Leftovers\n|upkeep\n|turn|14\n|\n|t:|1700013914\n|-terastallize|p1a: Dondozo|Dragon\n|move|p2a: Ogerpon|Power Whip|p1a: Dondozo\n|-resisted|p1a: Dondozo\n|-damage|p1a: Dondozo|70\/100\n|move|p1a: Dondozo|Curse|p1a: Dondozo\n|-unboost|p1a: Dondozo|spe|1\n|-boost|p1a: Dondozo|atk|1\n|-boost|p1a: Dondozo|def|1\n|\n|-heal|p1a: Dondozo|76\/100|[from] item: Leftovers\n|upkeep\n|turn|15\n|\n|t:|1700013918\n|move|p2a: Ogerpon|Encore|p1a: Dondozo\n|-start|p1a: Dondozo|Encore\n|move|p1a: Dondozo|Curse|p1a: Dondozo\n|-unboost|p1a: Dondozo|spe|1\n|-boost|p1a: Dondozo|atk|1\n|-boost|p1a: Dondozo|def|1\n|\n|-heal|p1a: Dondozo|82\/100|[from] item: Leftovers\n|upkeep\n|turn|16\n|\n|t:|1700013928\n|move|p2a: Ogerpon|Ivy Cudgel|p1a: Dondozo|[anim] Ivy Cudgel Water\n|-resisted|p1a: Dondozo\n|-damage|p1a: Dondozo|74\/100\n|move|p1a: Dondozo|Curse|p1a: Dondozo\n|-unboost|p1a: Dondozo|spe|1\n|-boost|p1a: Dondozo|atk|1\n|-boost|p1a: Dondozo|def|1\n|\n|-heal|p1a: Dondozo|80\/100|[from] item: Leftovers\n|upkeep\n|turn|17\n|\n|t:|1700013933\n|move|p2a: Ogerpon|Ivy Cudgel|p1a: Dondozo|[anim] Ivy Cudgel Water\n|-resisted|p1a: Dondozo\n|-crit|p1a: Dondozo\n|-damage|p1a: Dondozo|56\/100\n|move|p1a: Dondozo|Curse|p1a: Dondozo\n|-unboost|p1a: Dondozo|spe|1\n|-boost|p1a: Dondozo|atk|1\n|-boost|p1a: Dondozo|def|1\n|\n|-heal|p1a: Dondozo|62\/100|[from] item: Leftovers\n|-end|p1a: Dondozo|Encore\n|upkeep\n|turn|18\n|\n|t:|1700013938\n|move|p2a: Ogerpon|Encore|p1a: Dondozo\n|-start|p1a: Dondozo|Encore\n|move|p1a: Dondozo|Curse|p1a: Dondozo\n|-unboost|p1a: Dondozo|spe|1\n|-boost|p1a: Dondozo|atk|1\n|-boost|p1a: Dondozo|def|1\n|\n|-heal|p1a: Dondozo|68\/100|[from] item: Leftovers\n|upkeep\n|turn|19\n|\n|t:|1700013941\n|switch|p2a: Iron Valiant|Iron Valiant|100\/100\n|-enditem|p2a: Iron Valiant|Booster Energy\n|-activate|p2a: Iron Valiant|ability: Quark Drive|[fromitem]\n|-start|p2a: Iron Valiant|quarkdrivespe\n|move|p1a: Dondozo|Curse|p1a: Dondozo\n|-unboost|p1a: Dondozo|spe|1\n|-boost|p1a: Dondozo|atk|1\n|-boost|p1a: Dondozo|def|1\n|\n|-heal|p1a: Dondozo|74\/100|[from] item: Leftovers\n|upkeep\n|turn|20\n|\n|t:|1700013945\n|switch|p1a: Weezing|Weezing-Galar, F|100\/100\n|-ability|p1a: Weezing|Neutralizing Gas\n|move|p2a: Iron Valiant|Calm Mind|p2a: Iron Valiant\n|-boost|p2a: Iron Valiant|spa|1\n|-boost|p2a: Iron Valiant|spd|1\n|\n|upkeep\n|turn|21\n|\n|t:|1700013952\n|move|p2a: Iron Valiant|Psyshock|p1a: Weezing\n|-supereffective|p1a: Weezing\n|-damage|p1a: Weezing|49\/100\n|move|p1a: Weezing|Sludge Bomb|p2a: Iron Valiant\n|-supereffective|p2a: Iron Valiant\n|-damage|p2a: Iron Valiant|40\/100\n|\n|upkeep\n|turn|22\n|\n|t:|1700013957\n|move|p2a: Iron Valiant|Psyshock|p1a: Weezing\n|-supereffective|p1a: Weezing\n|-damage|p1a: Weezing|0 fnt\n|faint|p1a: Weezing\n|-end|p1a: Weezing|ability: Neutralizing Gas\n|\n|upkeep\n|\n|t:|1700013963\n|switch|p1a: Alomomola|Alomomola, M|100\/100\n|turn|23\n|j| 108130958085102a\n|\n|t:|1700013976\n|move|p2a: Iron Valiant|Moonblast|p1a: Alomomola\n|-damage|p1a: Alomomola|32\/100\n|move|p1a: Alomomola|Mirror Coat|p2a: Iron Valiant\n|-damage|p2a: Iron Valiant|0 fnt\n|faint|p2a: Iron Valiant\n|-end|p2a: Iron Valiant|Quark Drive|[silent]\n|\n|-heal|p1a: Alomomola|38\/100|[from] item: Leftovers\n|upkeep\n|j| i love you mark\n|j| 7g7g7g7\n|\n|t:|1700013994\n|switch|p2a: Iron Moth|Iron Moth|100\/100\n|-enditem|p2a: Iron Moth|Booster Energy\n|-activate|p2a: Iron Moth|ability: Quark Drive|[fromitem]\n|-start|p2a: Iron Moth|quarkdrivespe\n|turn|24\n|j| Glizzward\n|\n|t:|1700014005\n|-terastallize|p2a: Iron Moth|Grass\n|move|p1a: Alomomola|Protect|p1a: Alomomola\n|-singleturn|p1a: Alomomola|Protect\n|move|p2a: Iron Moth|Fiery Dance|p1a: Alomomola\n|-activate|p1a: Alomomola|move: Protect\n|\n|-heal|p1a: Alomomola|44\/100|[from] item: Leftovers\n|upkeep\n|turn|25\n|\n|t:|1700014013\n|switch|p1a: Dondozo|Dondozo, M, tera:Dragon|74\/100\n|move|p2a: Iron Moth|Fiery Dance|p1a: Dondozo\n|-resisted|p1a: Dondozo\n|-damage|p1a: Dondozo|62\/100\n|-boost|p2a: Iron Moth|spa|1\n|\n|-heal|p1a: Dondozo|68\/100|[from] item: Leftovers\n|upkeep\n|turn|26\n|\n|t:|1700014021\n|move|p2a: Iron Moth|Sludge Wave|p1a: Dondozo\n|-damage|p1a: Dondozo|36\/100\n|move|p1a: Dondozo|Avalanche|p2a: Iron Moth\n|-supereffective|p2a: Iron Moth\n|-damage|p2a: Iron Moth|23\/100\n|\n|-heal|p1a: Dondozo|42\/100|[from] item: Leftovers\n|upkeep\n|turn|27\n|\n|t:|1700014026\n|move|p2a: Iron Moth|Sludge Wave|p1a: Dondozo\n|-damage|p1a: Dondozo|10\/100\n|move|p1a: Dondozo|Rest|p1a: Dondozo\n|-status|p1a: Dondozo|slp|[from] move: Rest\n|-heal|p1a: Dondozo|100\/100 slp|[silent]\n|\n|upkeep\n|turn|28\n|\n|t:|1700014030\n|move|p2a: Iron Moth|Sludge Wave|p1a: Dondozo\n|-damage|p1a: Dondozo|72\/100 slp\n|cant|p1a: Dondozo|slp\n|\n|-heal|p1a: Dondozo|78\/100 slp|[from] item: Leftovers\n|upkeep\n|turn|29\n|\n|t:|1700014032\n|move|p2a: Iron Moth|Sludge Wave|p1a: Dondozo\n|-damage|p1a: Dondozo|46\/100 slp\n|cant|p1a: Dondozo|slp\n|\n|-heal|p1a: Dondozo|52\/100 slp|[from] item: Leftovers\n|upkeep\n|turn|30\n|\n|t:|1700014035\n|move|p2a: Iron Moth|Sludge Wave|p1a: Dondozo\n|-damage|p1a: Dondozo|23\/100 slp\n|-curestatus|p1a: Dondozo|slp|[msg]\n|move|p1a: Dondozo|Rest|p1a: Dondozo\n|-status|p1a: Dondozo|slp|[from] move: Rest\n|-heal|p1a: Dondozo|100\/100 slp|[silent]\n|\n|upkeep\n|turn|31\n|\n|t:|1700014037\n|move|p2a: Iron Moth|Sludge Wave|p1a: Dondozo\n|-damage|p1a: Dondozo|71\/100 slp\n|cant|p1a: Dondozo|slp\n|\n|-heal|p1a: Dondozo|77\/100 slp|[from] item: Leftovers\n|upkeep\n|turn|32\n|\n|t:|1700014040\n|switch|p1a: Corviknight|Corviknight, F|100\/100\n|-ability|p1a: Corviknight|Pressure\n|move|p2a: Iron Moth|Sludge Wave|p1a: Corviknight\n|-immune|p1a: Corviknight\n|\n|upkeep\n|turn|33\n|\n|t:|1700014043\n|switch|p1a: Dondozo|Dondozo, M, tera:Dragon|77\/100 slp\n|move|p2a: Iron Moth|Fiery Dance|p1a: Dondozo\n|-resisted|p1a: Dondozo\n|-damage|p1a: Dondozo|64\/100 slp\n|-boost|p2a: Iron Moth|spa|1\n|\n|-heal|p1a: Dondozo|70\/100 slp|[from] item: Leftovers\n|upkeep\n|turn|34\n|\n|t:|1700014047\n|move|p2a: Iron Moth|Sludge Wave|p1a: Dondozo\n|-damage|p1a: Dondozo|39\/100 slp\n|cant|p1a: Dondozo|slp\n|\n|-heal|p1a: Dondozo|45\/100 slp|[from] item: Leftovers\n|upkeep\n|turn|35\n|\n|t:|1700014052\n|move|p2a: Iron Moth|Sludge Wave|p1a: Dondozo\n|-damage|p1a: Dondozo|17\/100 slp\n|-curestatus|p1a: Dondozo|slp|[msg]\n|move|p1a: Dondozo|Rest|p1a: Dondozo\n|-status|p1a: Dondozo|slp|[from] move: Rest\n|-heal|p1a: Dondozo|100\/100 slp|[silent]\n|\n|upkeep\n|turn|36\n|\n|t:|1700014096\n|move|p2a: Iron Moth|Sludge Wave|p1a: Dondozo\n|-damage|p1a: Dondozo|69\/100 slp\n|cant|p1a: Dondozo|slp\n|\n|-heal|p1a: Dondozo|75\/100 slp|[from] item: Leftovers\n|upkeep\n|turn|37\n|j| isoptera\n|\n|t:|1700014103\n|move|p2a: Iron Moth|Sludge Wave|p1a: Dondozo\n|-damage|p1a: Dondozo|47\/100 slp\n|cant|p1a: Dondozo|slp\n|\n|-heal|p1a: Dondozo|53\/100 slp|[from] item: Leftovers\n|upkeep\n|turn|38\n|\n|t:|1700014111\n|move|p2a: Iron Moth|Fiery Dance|p1a: Dondozo\n|-resisted|p1a: Dondozo\n|-damage|p1a: Dondozo|41\/100 slp\n|-curestatus|p1a: Dondozo|slp|[msg]\n|move|p1a: Dondozo|Rest|p1a: Dondozo\n|-status|p1a: Dondozo|slp|[from] move: Rest\n|-heal|p1a: Dondozo|100\/100 slp|[silent]\n|\n|upkeep\n|turn|39\n|\n|t:|1700014119\n|move|p2a: Iron Moth|Sludge Wave|p1a: Dondozo\n|-damage|p1a: Dondozo|69\/100 slp\n|cant|p1a: Dondozo|slp\n|\n|-heal|p1a: Dondozo|75\/100 slp|[from] item: Leftovers\n|upkeep\n|turn|40\n|\n|t:|1700014123\n|move|p2a: Iron Moth|Sludge Wave|p1a: Dondozo\n|-damage|p1a: Dondozo|46\/100 slp\n|cant|p1a: Dondozo|slp\n|\n|-heal|p1a: Dondozo|52\/100 slp|[from] item: Leftovers\n|upkeep\n|turn|41\n|\n|t:|1700014129\n|move|p2a: Iron Moth|Fiery Dance|p1a: Dondozo\n|-resisted|p1a: Dondozo\n|-damage|p1a: Dondozo|40\/100 slp\n|-boost|p2a: Iron Moth|spa|1\n|-curestatus|p1a: Dondozo|slp|[msg]\n|move|p1a: Dondozo|Rest|p1a: Dondozo\n|-status|p1a: Dondozo|slp|[from] move: Rest\n|-heal|p1a: Dondozo|100\/100 slp|[silent]\n|\n|upkeep\n|turn|42\n|\n|t:|1700014131\n|move|p2a: Iron Moth|Psychic|p1a: Dondozo\n|-damage|p1a: Dondozo|80\/100 slp\n|cant|p1a: Dondozo|slp\n|\n|-heal|p1a: Dondozo|86\/100 slp|[from] item: Leftovers\n|upkeep\n|turn|43\n|c| 108130958085102a|Stall is too broken\n|\n|t:|1700014143\n|move|p2a: Iron Moth|Sludge Wave|p1a: Dondozo\n|-crit|p1a: Dondozo\n|-damage|p1a: Dondozo|40\/100 slp\n|cant|p1a: Dondozo|slp\n|\n|-heal|p1a: Dondozo|46\/100 slp|[from] item: Leftovers\n|upkeep\n|turn|44\n|\n|t:|1700014150\n|move|p2a: Iron Moth|Psychic|p1a: Dondozo\n|-damage|p1a: Dondozo|27\/100 slp\n|-curestatus|p1a: Dondozo|slp|[msg]\n|move|p1a: Dondozo|Rest|p1a: Dondozo\n|-status|p1a: Dondozo|slp|[from] move: Rest\n|-heal|p1a: Dondozo|100\/100 slp|[silent]\n|\n|upkeep\n|turn|45\n|\n|t:|1700014155\n|move|p2a: Iron Moth|Psychic|p1a: Dondozo\n|-damage|p1a: Dondozo|82\/100 slp\n|cant|p1a: Dondozo|slp\n|\n|-heal|p1a: Dondozo|88\/100 slp|[from] item: Leftovers\n|upkeep\n|turn|46\n|\n|t:|1700014160\n|move|p2a: Iron Moth|Psychic|p1a: Dondozo\n|-crit|p1a: Dondozo\n|-damage|p1a: Dondozo|57\/100 slp\n|cant|p1a: Dondozo|slp\n|\n|-heal|p1a: Dondozo|63\/100 slp|[from] item: Leftovers\n|upkeep\n|turn|47\n|\n|t:|1700014166\n|move|p2a: Iron Moth|Sludge Wave|p1a: Dondozo\n|-damage|p1a: Dondozo|34\/100 slp\n|-curestatus|p1a: Dondozo|slp|[msg]\n|move|p1a: Dondozo|Avalanche|p2a: Iron Moth\n|-supereffective|p2a: Iron Moth\n|-damage|p2a: Iron Moth|0 fnt\n|faint|p2a: Iron Moth\n|-end|p2a: Iron Moth|Quark Drive|[silent]\n|\n|-heal|p1a: Dondozo|40\/100|[from] item: Leftovers\n|upkeep\n|\n|t:|1700014172\n|switch|p2a: Ogerpon|Ogerpon-Wellspring, F|100\/100\n|turn|48\n|j| Spiderking3261\n|\n|t:|1700014180\n|move|p2a: Ogerpon|Encore|p1a: Dondozo\n|-start|p1a: Dondozo|Encore\n|move|p1a: Dondozo|Avalanche|p2a: Ogerpon\n|-damage|p2a: Ogerpon|83\/100\n|\n|-heal|p1a: Dondozo|46\/100|[from] item: Leftovers\n|upkeep\n|turn|49\n|\n|t:|1700014185\n|move|p2a: Ogerpon|Ivy Cudgel|p1a: Dondozo|[anim] Ivy Cudgel Water\n|-resisted|p1a: Dondozo\n|-damage|p1a: Dondozo|28\/100\n|move|p1a: Dondozo|Avalanche|p2a: Ogerpon\n|-damage|p2a: Ogerpon|47\/100\n|\n|-heal|p1a: Dondozo|34\/100|[from] item: Leftovers\n|upkeep\n|turn|50\n|l| Spiderking3261\n|\n|t:|1700014189\n|move|p2a: Ogerpon|Ivy Cudgel|p1a: Dondozo|[anim] Ivy Cudgel Water\n|-resisted|p1a: Dondozo\n|-damage|p1a: Dondozo|17\/100\n|move|p1a: Dondozo|Avalanche|p2a: Ogerpon\n|-damage|p2a: Ogerpon|13\/100\n|\n|-heal|p1a: Dondozo|23\/100|[from] item: Leftovers\n|-end|p1a: Dondozo|Encore\n|upkeep\n|turn|51\n|l| 108130958085102a\n|\n|t:|1700014195\n|move|p2a: Ogerpon|Encore|p1a: Dondozo\n|-start|p1a: Dondozo|Encore\n|move|p1a: Dondozo|Avalanche|p2a: Ogerpon\n|-damage|p2a: Ogerpon|0 fnt\n|faint|p2a: Ogerpon\n|\n|-heal|p1a: Dondozo|29\/100|[from] item: Leftovers\n|upkeep\n|\n|t:|1700014198\n|switch|p2a: Great Tusk|Great Tusk|43\/100\n|turn|52\n|\n|t:|1700014201\n|switch|p1a: Corviknight|Corviknight, F|100\/100\n|-ability|p1a: Corviknight|Pressure\n|move|p2a: Great Tusk|Ice Spinner|p1a: Corviknight\n|-damage|p1a: Corviknight|86\/100\n|-damage|p2a: Great Tusk|26\/100|[from] item: Rocky Helmet|[of] p1a: Corviknight\n|\n|upkeep\n|turn|53\n|j| Sheik\n|\n|t:|1700014206\n|move|p2a: Great Tusk|Bulk Up|p2a: Great Tusk\n|-boost|p2a: Great Tusk|atk|1\n|-boost|p2a: Great Tusk|def|1\n|move|p1a: Corviknight|Iron Defense|p1a: Corviknight\n|-boost|p1a: Corviknight|def|2\n|\n|upkeep\n|turn|54\n|l| Sheik\n|-message|mirandacfl forfeited.\n|\n|win|mathismathin\n|raw|mathismathin's rating: 1748 &rarr; <strong>1769<\/strong><br \/>(+21 for winning)\n|raw|mirandacfl's rating: 1759 &rarr; <strong>1738<\/strong><br \/>(-21 for losing)\n|l|\u2606mirandacfl\n","uploadtime":1700014215,"views":22,"p1id":"mathismathin","p2id":"mirandacfl","formatid":"gen9ou","rating":1738,"private":0,"password":""}