{"id":"gen9ou-1992056948","p1":"Eplee","p2":"Maestro KillerX","format":"[Gen 9] OU","log":"|j|\u2606Eplee\n|j|\u2606Maestro KillerX\n|t:|1700151468\n|gametype|singles\n|player|p1|Eplee|cynthia|1040\n|player|p2|Maestro KillerX|gambler|1096\n|teamsize|p1|6\n|teamsize|p2|6\n|gen|9\n|tier|[Gen 9] OU\n|rated|\n|rule|Sleep Clause Mod: Limit one foe put to sleep\n|rule|Species Clause: Limit one of each Pok\u00e9mon\n|rule|OHKO Clause: OHKO moves are banned\n|rule|Evasion Items Clause: Evasion items are banned\n|rule|Evasion Moves Clause: Evasion moves are banned\n|rule|Endless Battle Clause: Forcing endless battles is banned\n|rule|HP Percentage Mod: HP is shown in percentages\n|clearpoke\n|poke|p1|Iron Moth|\n|poke|p1|Corviknight, F|\n|poke|p1|Great Tusk|\n|poke|p1|Gogoat, M|\n|poke|p1|Azumarill, M|\n|poke|p1|Zoroark-Hisui, F|\n|poke|p2|Iron Treads|\n|poke|p2|Dragapult, F|\n|poke|p2|Kingambit, M|\n|poke|p2|Zamazenta-*|\n|poke|p2|Iron Valiant|\n|poke|p2|Ogerpon-Wellspring, F|\n|teampreview\n|inactive|Battle timer is ON: inactive players will automatically lose when time's up. (requested by Eplee)\n|\n|t:|1700151489\n|start\n|switch|p1a: Fish|Iron Moth|100\/100\n|switch|p2a: Zamazenta|Zamazenta|100\/100\n|-ability|p2a: Zamazenta|Dauntless Shield|boost\n|-boost|p2a: Zamazenta|def|1\n|turn|1\n|\n|t:|1700151509\n|switch|p2a: Dragapult|Dragapult, F|100\/100\n|move|p1a: Fish|Nasty Plot|p1a: Fish\n|-boost|p1a: Fish|spa|2\n|\n|upkeep\n|turn|2\n|\n|t:|1700151520\n|move|p2a: Dragapult|Surf|p1a: Fish\n|-damage|p1a: Fish|44\/100\n|replace|p1a: Zoroark|Zoroark-Hisui, F, shiny\n|-end|p1a: Zoroark|Illusion\n|move|p1a: Zoroark|Bitter Malice|p2a: Dragapult\n|-supereffective|p2a: Dragapult\n|-damage|p2a: Dragapult|0 fnt\n|faint|p2a: Dragapult\n|-damage|p1a: Zoroark|34\/100|[from] item: Life Orb\n|\n|upkeep\n|inactive|Maestro KillerX has 120 seconds left.\n|\n|t:|1700151557\n|switch|p2a: Iron Treads|Iron Treads|100\/100\n|turn|3\n|\n|t:|1700151567\n|move|p1a: Zoroark|Flamethrower|p2a: Iron Treads\n|-supereffective|p2a: Iron Treads\n|-damage|p2a: Iron Treads|0 fnt\n|faint|p2a: Iron Treads\n|-end|p2a: Iron Treads|Quark Drive|[silent]\n|-damage|p1a: Zoroark|24\/100|[from] item: Life Orb\n|\n|upkeep\n|\n|t:|1700151578\n|switch|p2a: Iron Valiant|Iron Valiant, shiny|100\/100\n|-enditem|p2a: Iron Valiant|Booster Energy\n|-activate|p2a: Iron Valiant|ability: Quark Drive|[fromitem]\n|-start|p2a: Iron Valiant|quarkdriveatk\n|turn|4\n|\n|t:|1700151591\n|move|p1a: Zoroark|Bitter Malice|p2a: Iron Valiant\n|-damage|p2a: Iron Valiant|0 fnt\n|faint|p2a: Iron Valiant\n|-end|p2a: Iron Valiant|Quark Drive|[silent]\n|-damage|p1a: Zoroark|14\/100|[from] item: Life Orb\n|\n|upkeep\n|\n|t:|1700151604\n|switch|p2a: Kingambit|Kingambit, M|100\/100\n|-activate|p2a: Kingambit|ability: Supreme Overlord\n|-start|p2a: Kingambit|fallen3|[silent]\n|turn|5\n|\n|t:|1700151613\n|move|p1a: Zoroark|Flamethrower|p2a: Kingambit\n|-supereffective|p2a: Kingambit\n|-damage|p2a: Kingambit|0 fnt\n|faint|p2a: Kingambit\n|-end|p2a: Kingambit|fallen3|[silent]\n|-damage|p1a: Zoroark|4\/100|[from] item: Life Orb\n|\n|upkeep\n|\n|t:|1700151621\n|switch|p2a: Ogerpon|Ogerpon-Wellspring, F|100\/100\n|turn|6\n|\n|t:|1700151630\n|move|p1a: Zoroark|Bitter Malice|p2a: Ogerpon\n|-damage|p2a: Ogerpon|0 fnt\n|faint|p2a: Ogerpon\n|-damage|p1a: Zoroark|0 fnt|[from] item: Life Orb\n|faint|p1a: Zoroark\n|\n|upkeep\n|inactive|Maestro KillerX has 120 seconds left.\n|-message|Maestro KillerX forfeited.\n|\n|win|Eplee\n|raw|Eplee's rating: 1040 &rarr; <strong>1079<\/strong><br \/>(+39 for winning)\n|raw|Maestro KillerX's rating: 1096 &rarr; <strong>1068<\/strong><br \/>(-28 for losing)\n|l|\u2606Maestro KillerX\n","uploadtime":1700151646,"views":6,"p1id":"eplee","p2id":"maestrokillerx","formatid":"gen9ou","rating":1068,"private":0,"password":""}