{"id":"gen9ou-1993155365","p1":"Duckycrater","p2":"nba baltoy","format":"[Gen 9] OU","log":"|j|\u2606Duckycrater\n|j|\u2606nba baltoy\n|t:|1700271475\n|gametype|singles\n|player|p1|Duckycrater|266|1692\n|player|p2|nba baltoy|shauntal|1595\n|teamsize|p1|6\n|teamsize|p2|6\n|gen|9\n|tier|[Gen 9] OU\n|rated|\n|rule|Sleep Clause Mod: Limit one foe put to sleep\n|rule|Species Clause: Limit one of each Pok\u00e9mon\n|rule|OHKO Clause: OHKO moves are banned\n|rule|Evasion Items Clause: Evasion items are banned\n|rule|Evasion Moves Clause: Evasion moves are banned\n|rule|Endless Battle Clause: Forcing endless battles is banned\n|rule|HP Percentage Mod: HP is shown in percentages\n|clearpoke\n|poke|p1|Clefable, F|\n|poke|p1|Alomomola, M|\n|poke|p1|Blissey, F|\n|poke|p1|Clodsire, M|\n|poke|p1|Dondozo, F|\n|poke|p1|Amoonguss, F|\n|poke|p2|Tornadus-Therian, M|\n|poke|p2|Scizor, F|\n|poke|p2|Great Tusk|\n|poke|p2|Skeledirge, F|\n|poke|p2|Heatran, F|\n|poke|p2|Thundurus-Therian, M|\n|teampreview\n|inactive|Battle timer is ON: inactive players will automatically lose when time's up. (requested by nba baltoy)\n|inactive|Duckycrater also wants the timer to be on.\n|\n|t:|1700271483\n|start\n|switch|p1a: Clefable|Clefable, F|100\/100\n|switch|p2a: Heatran|Heatran, F|100\/100\n|turn|1\n|\n|t:|1700271491\n|move|p2a: Heatran|Magma Storm|p1a: Clefable\n|-damage|p1a: Clefable|56\/100\n|-activate|p1a: Clefable|move: Magma Storm|[of] p2a: Heatran\n|move|p1a: Clefable|Wish|p1a: Clefable\n|\n|-heal|p1a: Clefable|62\/100|[from] item: Leftovers\n|upkeep\n|turn|2\n|\n|t:|1700271495\n|move|p1a: Clefable|Protect|p1a: Clefable\n|-singleturn|p1a: Clefable|Protect\n|move|p2a: Heatran|Stealth Rock|p1a: Clefable\n|-sidestart|p1: Duckycrater|move: Stealth Rock\n|\n|-heal|p1a: Clefable|100\/100|[from] move: Wish|[wisher] Clefable\n|upkeep\n|turn|3\n|\n|t:|1700271498\n|move|p2a: Heatran|Flash Cannon|p1a: Clefable\n|-supereffective|p1a: Clefable\n|-damage|p1a: Clefable|33\/100\n|move|p1a: Clefable|Wish|p1a: Clefable\n|\n|-heal|p1a: Clefable|40\/100|[from] item: Leftovers\n|upkeep\n|turn|4\n|\n|t:|1700271503\n|move|p1a: Clefable|Protect|p1a: Clefable\n|-singleturn|p1a: Clefable|Protect\n|move|p2a: Heatran|Flash Cannon|p1a: Clefable\n|-activate|p1a: Clefable|move: Protect\n|\n|-heal|p1a: Clefable|90\/100|[from] move: Wish|[wisher] Clefable\n|-heal|p1a: Clefable|96\/100|[from] item: Leftovers\n|upkeep\n|turn|5\n|\n|t:|1700271511\n|move|p2a: Heatran|Flash Cannon|p1a: Clefable\n|-supereffective|p1a: Clefable\n|-damage|p1a: Clefable|26\/100\n|move|p1a: Clefable|Wish|p1a: Clefable\n|\n|-heal|p1a: Clefable|32\/100|[from] item: Leftovers\n|-end|p1a: Clefable|Magma Storm|[partiallytrapped]\n|upkeep\n|turn|6\n|j| FatherSuperior7\n|\n|t:|1700271518\n|move|p1a: Clefable|Protect|p1a: Clefable\n|-singleturn|p1a: Clefable|Protect\n|move|p2a: Heatran|Magma Storm|p1a: Clefable\n|-activate|p1a: Clefable|move: Protect\n|\n|-heal|p1a: Clefable|82\/100|[from] move: Wish|[wisher] Clefable\n|-heal|p1a: Clefable|88\/100|[from] item: Leftovers\n|upkeep\n|turn|7\n|\n|t:|1700271530\n|switch|p1a: Clodsire|Clodsire, M|100\/100\n|move|p2a: Heatran|Flash Cannon|p1a: Clodsire\n|-damage|p1a: Clodsire|83\/100\n|\n|upkeep\n|turn|8\n|\n|t:|1700271545\n|switch|p2a: Tornadus|Tornadus-Therian, M|100\/100\n|move|p1a: Clodsire|Amnesia|p1a: Clodsire\n|-boost|p1a: Clodsire|spd|2\n|\n|upkeep\n|turn|9\n|\n|t:|1700271549\n|move|p2a: Tornadus|Knock Off|p1a: Clodsire\n|-damage|p1a: Clodsire|63\/100\n|-enditem|p1a: Clodsire|Heavy-Duty Boots|[from] move: Knock Off|[of] p2a: Tornadus\n|move|p1a: Clodsire|Poison Jab|p2a: Tornadus\n|-damage|p2a: Tornadus|77\/100\n|\n|upkeep\n|turn|10\n|\n|t:|1700271555\n|move|p2a: Tornadus|U-turn|p1a: Clodsire\n|-resisted|p1a: Clodsire\n|-damage|p1a: Clodsire|56\/100\n|\n|t:|1700271558\n|switch|p2a: Great Tusk|Great Tusk|100\/100|[from] U-turn\n|move|p1a: Clodsire|Poison Jab|p2a: Great Tusk\n|-resisted|p2a: Great Tusk\n|-damage|p2a: Great Tusk|94\/100\n|-status|p2a: Great Tusk|psn\n|\n|-damage|p2a: Great Tusk|82\/100 psn|[from] psn\n|upkeep\n|turn|11\n|\n|t:|1700271570\n|-end|p2a: Great Tusk|Protosynthesis|[silent]\n|switch|p2a: Tornadus|Tornadus-Therian, M|100\/100\n|switch|p1a: Alomomola|Alomomola, M|100\/100\n|\n|upkeep\n|turn|12\n|\n|t:|1700271576\n|move|p2a: Tornadus|Knock Off|p1a: Alomomola\n|-crit|p1a: Alomomola\n|-damage|p1a: Alomomola|83\/100\n|-enditem|p1a: Alomomola|Heavy-Duty Boots|[from] move: Knock Off|[of] p2a: Tornadus\n|move|p1a: Alomomola|Wish|p1a: Alomomola\n|\n|upkeep\n|turn|13\n|\n|t:|1700271581\n|move|p2a: Tornadus|Bleakwind Storm|p1a: Alomomola\n|-crit|p1a: Alomomola\n|-damage|p1a: Alomomola|22\/100\n|move|p1a: Alomomola|Flip Turn|p2a: Tornadus\n|-damage|p2a: Tornadus|83\/100\n|\n|t:|1700271585\n|switch|p1a: Clodsire|Clodsire, M|56\/100|[from] Flip Turn\n|-damage|p1a: Clodsire|50\/100|[from] Stealth Rock\n|\n|-heal|p1a: Clodsire|100\/100|[from] move: Wish|[wisher] Alomomola\n|upkeep\n|turn|14\n|\n|t:|1700271590\n|move|p2a: Tornadus|U-turn|p1a: Clodsire\n|-resisted|p1a: Clodsire\n|-damage|p1a: Clodsire|93\/100\n|\n|t:|1700271592\n|switch|p2a: Great Tusk|Great Tusk|82\/100 psn|[from] U-turn\n|move|p1a: Clodsire|Spikes|p2a: Great Tusk\n|-sidestart|p2: nba baltoy|Spikes\n|\n|-damage|p2a: Great Tusk|69\/100 psn|[from] psn\n|upkeep\n|turn|15\n|\n|t:|1700271594\n|switch|p1a: Alomomola|Alomomola, M|55\/100\n|-damage|p1a: Alomomola|43\/100|[from] Stealth Rock\n|move|p2a: Great Tusk|Rapid Spin|p1a: Alomomola\n|-damage|p1a: Alomomola|35\/100\n|-boost|p2a: Great Tusk|spe|1\n|-sideend|p2: nba baltoy|Spikes|[from] move: Rapid Spin|[of] p2a: Great Tusk\n|\n|-damage|p2a: Great Tusk|57\/100 psn|[from] psn\n|upkeep\n|turn|16\n|\n|t:|1700271599\n|move|p2a: Great Tusk|Headlong Rush|p1a: Alomomola\n|-damage|p1a: Alomomola|7\/100\n|-unboost|p2a: Great Tusk|def|1\n|-unboost|p2a: Great Tusk|spd|1\n|move|p1a: Alomomola|Wish|p1a: Alomomola\n|\n|-damage|p2a: Great Tusk|44\/100 psn|[from] psn\n|upkeep\n|turn|17\n|\n|t:|1700271604\n|-end|p2a: Great Tusk|Protosynthesis|[silent]\n|switch|p2a: Tornadus|Tornadus-Therian, M|100\/100\n|move|p1a: Alomomola|Protect||[still]\n|-fail|p1a: Alomomola\n|\n|-heal|p1a: Alomomola|57\/100|[from] move: Wish|[wisher] Alomomola\n|upkeep\n|turn|18\n|\n|t:|1700271609\n|switch|p1a: Clodsire|Clodsire, M|93\/100\n|-damage|p1a: Clodsire|87\/100|[from] Stealth Rock\n|move|p2a: Tornadus|Bleakwind Storm|p1a: Clodsire\n|-damage|p1a: Clodsire|66\/100\n|-unboost|p1a: Clodsire|spe|1\n|\n|upkeep\n|turn|19\n|\n|t:|1700271615\n|move|p2a: Tornadus|Grass Knot|p1a: Clodsire\n|-damage|p1a: Clodsire|50\/100\n|move|p1a: Clodsire|Spikes|p2a: Tornadus\n|-sidestart|p2: nba baltoy|Spikes\n|\n|upkeep\n|turn|20\n|\n|t:|1700271618\n|move|p2a: Tornadus|U-turn|p1a: Clodsire\n|-resisted|p1a: Clodsire\n|-damage|p1a: Clodsire|42\/100\n|\n|t:|1700271621\n|switch|p2a: Great Tusk|Great Tusk|44\/100 psn|[from] U-turn\n|move|p1a: Clodsire|Recover|p1a: Clodsire\n|-heal|p1a: Clodsire|93\/100\n|\n|-damage|p2a: Great Tusk|32\/100 psn|[from] psn\n|upkeep\n|turn|21\n|\n|t:|1700271624\n|switch|p1a: Alomomola|Alomomola, M|90\/100\n|-damage|p1a: Alomomola|78\/100|[from] Stealth Rock\n|move|p2a: Great Tusk|Rapid Spin|p1a: Alomomola\n|-damage|p1a: Alomomola|69\/100\n|-boost|p2a: Great Tusk|spe|1\n|-sideend|p2: nba baltoy|Spikes|[from] move: Rapid Spin|[of] p2a: Great Tusk\n|\n|-damage|p2a: Great Tusk|19\/100 psn|[from] psn\n|upkeep\n|turn|22\n|\n|t:|1700271628\n|-end|p2a: Great Tusk|Protosynthesis|[silent]\n|switch|p2a: Thundurus|Thundurus-Therian, M|100\/100\n|move|p1a: Alomomola|Scald|p2a: Thundurus\n|-damage|p2a: Thundurus|82\/100\n|\n|upkeep\n|turn|23\n|\n|t:|1700271633\n|move|p1a: Alomomola|Protect|p1a: Alomomola\n|-singleturn|p1a: Alomomola|Protect\n|move|p2a: Thundurus|Taunt|p1a: Alomomola\n|-activate|p1a: Alomomola|move: Protect\n|\n|upkeep\n|turn|24\n|\n|t:|1700271637\n|switch|p1a: Blissey|Blissey, F|100\/100\n|move|p2a: Thundurus|Taunt|p1a: Blissey\n|-start|p1a: Blissey|move: Taunt\n|\n|upkeep\n|turn|25\n|\n|t:|1700271640\n|move|p2a: Thundurus|Volt Switch|p1a: Blissey\n|-damage|p1a: Blissey|89\/100\n|\n|t:|1700271645\n|switch|p2a: Skeledirge|Skeledirge, F|100\/100|[from] Volt Switch\n|move|p1a: Blissey|Seismic Toss|p2a: Skeledirge\n|-immune|p2a: Skeledirge\n|\n|upkeep\n|turn|26\n|\n|t:|1700271649\n|switch|p1a: Clodsire|Clodsire, M|93\/100\n|-damage|p1a: Clodsire|86\/100|[from] Stealth Rock\n|move|p2a: Skeledirge|Will-O-Wisp|p1a: Clodsire\n|-status|p1a: Clodsire|brn\n|\n|-damage|p1a: Clodsire|80\/100 brn|[from] brn\n|upkeep\n|turn|27\n|\n|t:|1700271658\n|switch|p2a: Great Tusk|Great Tusk|19\/100 psn\n|move|p1a: Clodsire|Spikes|p2a: Great Tusk\n|-sidestart|p2: nba baltoy|Spikes\n|\n|-damage|p2a: Great Tusk|7\/100 psn|[from] psn\n|-damage|p1a: Clodsire|74\/100 brn|[from] brn\n|upkeep\n|turn|28\n|\n|t:|1700271661\n|switch|p1a: Alomomola|Alomomola, M|100\/100\n|-damage|p1a: Alomomola|88\/100|[from] Stealth Rock\n|move|p2a: Great Tusk|Rapid Spin|p1a: Alomomola\n|-damage|p1a: Alomomola|80\/100\n|-boost|p2a: Great Tusk|spe|1\n|-sideend|p2: nba baltoy|Spikes|[from] move: Rapid Spin|[of] p2a: Great Tusk\n|\n|-damage|p2a: Great Tusk|0 fnt|[from] psn\n|faint|p2a: Great Tusk\n|-end|p2a: Great Tusk|Protosynthesis|[silent]\n|upkeep\n|\n|t:|1700271666\n|switch|p2a: Thundurus|Thundurus-Therian, M|82\/100\n|turn|29\n|\n|t:|1700271670\n|move|p1a: Alomomola|Protect|p1a: Alomomola\n|-singleturn|p1a: Alomomola|Protect\n|move|p2a: Thundurus|Volt Switch|p1a: Alomomola\n|-activate|p1a: Alomomola|move: Protect\n|\n|upkeep\n|turn|30\n|\n|t:|1700271675\n|switch|p1a: Clodsire|Clodsire, M|74\/100 brn\n|-damage|p1a: Clodsire|68\/100 brn|[from] Stealth Rock\n|move|p2a: Thundurus|Taunt|p1a: Clodsire\n|-start|p1a: Clodsire|move: Taunt\n|\n|-damage|p1a: Clodsire|62\/100 brn|[from] brn\n|upkeep\n|turn|31\n|\n|t:|1700271682\n|move|p2a: Thundurus|Psychic|p1a: Clodsire\n|-supereffective|p1a: Clodsire\n|-damage|p1a: Clodsire|23\/100 brn\n|move|p1a: Clodsire|Poison Jab|p2a: Thundurus\n|-damage|p2a: Thundurus|67\/100\n|\n|-damage|p1a: Clodsire|17\/100 brn|[from] brn\n|upkeep\n|turn|32\n|\n|t:|1700271686\n|switch|p1a: Blissey|Blissey, F|89\/100\n|move|p2a: Thundurus|Psychic|p1a: Blissey\n|-damage|p1a: Blissey|80\/100\n|\n|upkeep\n|turn|33\n|\n|t:|1700271689\n|move|p2a: Thundurus|Taunt|p1a: Blissey\n|-start|p1a: Blissey|move: Taunt\n|cant|p1a: Blissey|move: Taunt|Stealth Rock\n|\n|upkeep\n|turn|34\n|-message|Duckycrater forfeited.\n|\n|win|nba baltoy\n|raw|Duckycrater's rating: 1692 &rarr; <strong>1667<\/strong><br \/>(-25 for losing)\n|raw|nba baltoy's rating: 1595 &rarr; <strong>1620<\/strong><br \/>(+25 for winning)\n|l|\u2606Duckycrater\n","uploadtime":1700271699,"views":20,"p1id":"duckycrater","p2id":"nbabaltoy","formatid":"gen9ou","rating":1620,"private":0,"password":""}