{"id":"gen9ou-1997161353","p1":"Znzann","p2":"rtytrytr","format":"[Gen 9] OU","log":"|j|\u203dZnzann\n|j|\u2606rtytrytr\n|t:|1700770763\n|gametype|singles\n|player|p1|Znzann|benga|1102\n|player|p2|rtytrytr|101|1072\n|teamsize|p1|6\n|teamsize|p2|6\n|gen|9\n|tier|[Gen 9] OU\n|rated|\n|rule|Sleep Clause Mod: Limit one foe put to sleep\n|rule|Species Clause: Limit one of each Pok\u00e9mon\n|rule|OHKO Clause: OHKO moves are banned\n|rule|Evasion Items Clause: Evasion items are banned\n|rule|Evasion Moves Clause: Evasion moves are banned\n|rule|Endless Battle Clause: Forcing endless battles is banned\n|rule|HP Percentage Mod: HP is shown in percentages\n|clearpoke\n|poke|p1|Dragapult, M|\n|poke|p1|Zamazenta-*|\n|poke|p1|Ceruledge, M|\n|poke|p1|Rillaboom, F|\n|poke|p1|Walking Wake|\n|poke|p1|Volcanion|\n|poke|p2|Ribombee, M|\n|poke|p2|Gholdengo|\n|poke|p2|Samurott-Hisui, M|\n|poke|p2|Thundurus-Therian, M|\n|poke|p2|Arcanine-Hisui, F|\n|poke|p2|Ceruledge, F|\n|teampreview\n|\n|t:|1700770776\n|start\n|switch|p1a: Zamazenta|Zamazenta|100\/100\n|switch|p2a: Ribombee|Ribombee, M|100\/100\n|-ability|p1a: Zamazenta|Dauntless Shield|boost\n|-boost|p1a: Zamazenta|def|1\n|turn|1\n|\n|t:|1700770790\n|-terastallize|p1a: Zamazenta|Steel\n|move|p1a: Zamazenta|Substitute|p1a: Zamazenta\n|-start|p1a: Zamazenta|Substitute\n|-damage|p1a: Zamazenta|75\/100\n|move|p2a: Ribombee|Moonblast|p1a: Zamazenta\n|-resisted|p1a: Zamazenta\n|-activate|p1a: Zamazenta|move: Substitute|[damage]\n|\n|-heal|p1a: Zamazenta|82\/100|[from] item: Leftovers\n|upkeep\n|turn|2\n|\n|t:|1700770801\n|move|p1a: Zamazenta|Iron Defense|p1a: Zamazenta\n|-boost|p1a: Zamazenta|def|2\n|move|p2a: Ribombee|Sticky Web|p1a: Zamazenta\n|-sidestart|p1: Znzann|move: Sticky Web\n|\n|-heal|p1a: Zamazenta|88\/100|[from] item: Leftovers\n|upkeep\n|turn|3\n|\n|t:|1700770811\n|move|p1a: Zamazenta|Iron Defense|p1a: Zamazenta\n|-boost|p1a: Zamazenta|def|2\n|move|p2a: Ribombee|Moonblast|p1a: Zamazenta\n|-resisted|p1a: Zamazenta\n|-end|p1a: Zamazenta|Substitute\n|\n|-heal|p1a: Zamazenta|94\/100|[from] item: Leftovers\n|upkeep\n|turn|4\n|\n|t:|1700770828\n|switch|p2a: Gholdengo|Gholdengo|100\/100\n|-item|p2a: Gholdengo|Air Balloon\n|move|p1a: Zamazenta|Body Press|p2a: Gholdengo\n|-immune|p2a: Gholdengo\n|\n|-heal|p1a: Zamazenta|99\/100|[from] item: Leftovers\n|upkeep\n|turn|5\n|\n|t:|1700770836\n|move|p1a: Zamazenta|Substitute|p1a: Zamazenta\n|-start|p1a: Zamazenta|Substitute\n|-damage|p1a: Zamazenta|75\/100\n|move|p2a: Gholdengo|Focus Blast|p1a: Zamazenta\n|-supereffective|p1a: Zamazenta\n|-end|p1a: Zamazenta|Substitute\n|\n|-heal|p1a: Zamazenta|81\/100|[from] item: Leftovers\n|upkeep\n|turn|6\n|\n|t:|1700770846\n|move|p1a: Zamazenta|Crunch|p2a: Gholdengo\n|-supereffective|p2a: Gholdengo\n|-damage|p2a: Gholdengo|51\/100\n|-enditem|p2a: Gholdengo|Air Balloon\n|move|p2a: Gholdengo|Shadow Ball|p1a: Zamazenta\n|-crit|p1a: Zamazenta\n|-damage|p1a: Zamazenta|31\/100\n|\n|-heal|p1a: Zamazenta|37\/100|[from] item: Leftovers\n|upkeep\n|turn|7\n|\n|t:|1700770873\n|-terastallize|p2a: Gholdengo|Flying\n|move|p1a: Zamazenta|Crunch|p2a: Gholdengo\n|-damage|p2a: Gholdengo|25\/100\n|move|p2a: Gholdengo|Focus Blast|p1a: Zamazenta\n|-supereffective|p1a: Zamazenta\n|-damage|p1a: Zamazenta|0 fnt\n|faint|p1a: Zamazenta\n|\n|upkeep\n|\n|t:|1700770885\n|switch|p1a: Volcanion|Volcanion|100\/100\n|turn|8\n|\n|t:|1700770902\n|move|p2a: Gholdengo|Shadow Ball|p1a: Volcanion\n|-damage|p1a: Volcanion|53\/100\n|move|p1a: Volcanion|Steam Eruption|p2a: Gholdengo\n|-damage|p2a: Gholdengo|0 fnt\n|faint|p2a: Gholdengo\n|\n|upkeep\n|\n|t:|1700770915\n|switch|p2a: Thundurus|Thundurus-Therian, M|100\/100\n|turn|9\n|\n|t:|1700770925\n|move|p2a: Thundurus|Volt Switch|p1a: Volcanion\n|-supereffective|p1a: Volcanion\n|-damage|p1a: Volcanion|0 fnt\n|faint|p1a: Volcanion\n|\n|t:|1700770933\n|switch|p2a: Arcanine|Arcanine-Hisui, F|100\/100|[from] Volt Switch\n|\n|upkeep\n|\n|t:|1700770940\n|switch|p1a: Walking Wake|Walking Wake|100\/100\n|-activate|p1a: Walking Wake|move: Sticky Web\n|-unboost|p1a: Walking Wake|spe|1\n|-enditem|p1a: Walking Wake|Booster Energy\n|-activate|p1a: Walking Wake|ability: Protosynthesis|[fromitem]\n|-start|p1a: Walking Wake|protosynthesisspa\n|turn|10\n|\n|t:|1700770952\n|move|p2a: Arcanine|Head Smash|p1a: Walking Wake\n|-damage|p1a: Walking Wake|0 fnt\n|faint|p1a: Walking Wake\n|-end|p1a: Walking Wake|Protosynthesis|[silent]\n|\n|upkeep\n|-message|Znzann forfeited.\n|\n|win|rtytrytr\n|raw|Znzann's rating: 1102 &rarr; <strong>1077<\/strong><br \/>(-25 for losing)\n|raw|rtytrytr's rating: 1107 &rarr; <strong>1132<\/strong><br \/>(+25 for winning)\n|l|\u203dZnzann\n","uploadtime":1700770964,"views":5,"p1id":"znzann","p2id":"rtytrytr","formatid":"gen9ou","rating":1077,"private":0,"password":""}