{"id":"gen9ou-1988588088","p1":"clam10000","p2":"shyguyry","format":"[Gen 9] OU","log":"|j|\u2606clam10000\n|j|\u2606shyguyry\n|t:|1699739222\n|gametype|singles\n|player|p1|clam10000|170|\n|player|p2|shyguyry|1|\n|teamsize|p1|6\n|teamsize|p2|6\n|gen|9\n|tier|[Gen 9] OU\n|rule|Sleep Clause Mod: Limit one foe put to sleep\n|rule|Species Clause: Limit one of each Pok\u00e9mon\n|rule|OHKO Clause: OHKO moves are banned\n|rule|Evasion Items Clause: Evasion items are banned\n|rule|Evasion Moves Clause: Evasion moves are banned\n|rule|Endless Battle Clause: Forcing endless battles is banned\n|rule|HP Percentage Mod: HP is shown in percentages\n|clearpoke\n|poke|p1|Gliscor, F|\n|poke|p1|Samurott-Hisui, M|\n|poke|p1|Shaymin|\n|poke|p1|Volcanion|\n|poke|p1|Kingambit, M|\n|poke|p1|Dragapult, M|\n|poke|p2|Great Tusk|\n|poke|p2|Muk-Alola, M|\n|poke|p2|Torkoal, F|\n|poke|p2|Sandy Shocks|\n|poke|p2|Lilligant-Hisui, F|\n|poke|p2|Vaporeon, F|\n|teampreview\n|j| JustATree777\n|j| xhakurai\n|j| Ventus230\n|\n|t:|1699739279\n|start\n|switch|p1a: Samurott|Samurott-Hisui, M|100\/100\n|switch|p2a: Sandy Shocks|Sandy Shocks|100\/100\n|turn|1\n|\n|t:|1699739297\n|-terastallize|p1a: Samurott|Ghost\n|move|p2a: Sandy Shocks|Thunderbolt|p1a: Samurott\n|-damage|p1a: Samurott|31\/100\n|move|p1a: Samurott|Ceaseless Edge|p2a: Sandy Shocks\n|-crit|p2a: Sandy Shocks\n|-damage|p2a: Sandy Shocks|21\/100\n|-sidestart|p2: shyguyry|Spikes\n|\n|upkeep\n|turn|2\n|\n|t:|1699739333\n|-end|p2a: Sandy Shocks|Protosynthesis|[silent]\n|switch|p2a: Pink Porussy|Vaporeon, F, shiny|100\/100\n|-damage|p2a: Pink Porussy|88\/100|[from] Spikes\n|move|p1a: Samurott|Aqua Jet|p2a: Pink Porussy\n|-heal|p2a: Pink Porussy|100\/100|[from] ability: Water Absorb|[of] p1a: Samurott\n|\n|upkeep\n|turn|3\n|\n|t:|1699739345\n|move|p1a: Samurott|Ceaseless Edge|p2a: Pink Porussy\n|-damage|p2a: Pink Porussy|67\/100\n|-sidestart|p2: shyguyry|Spikes\n|move|p2a: Pink Porussy|Scald|p1a: Samurott\n|-damage|p1a: Samurott|0 fnt\n|faint|p1a: Samurott\n|\n|-heal|p2a: Pink Porussy|73\/100|[from] item: Leftovers\n|upkeep\n|\n|t:|1699739355\n|switch|p1a: Gliscor|Gliscor, F|100\/100\n|turn|4\n|\n|t:|1699739381\n|move|p1a: Gliscor|Toxic Spikes|p2a: Pink Porussy\n|-sidestart|p2: shyguyry|move: Toxic Spikes\n|move|p2a: Pink Porussy|Scald|p1a: Gliscor\n|-supereffective|p1a: Gliscor\n|-damage|p1a: Gliscor|54\/100\n|-status|p1a: Gliscor|brn\n|\n|-heal|p2a: Pink Porussy|79\/100|[from] item: Leftovers\n|-damage|p1a: Gliscor|48\/100 brn|[from] brn\n|upkeep\n|turn|5\n|\n|t:|1699739416\n|switch|p1a: Shaymin|Shaymin|100\/100\n|move|p2a: Pink Porussy|Wish|p2a: Pink Porussy\n|\n|-heal|p2a: Pink Porussy|86\/100|[from] item: Leftovers\n|upkeep\n|turn|6\n|\n|t:|1699739447\n|switch|p2a: Muk|Muk-Alola, M|100\/100\n|-damage|p2a: Muk|84\/100|[from] Spikes\n|-sideend|p2: shyguyry|move: Toxic Spikes|[of] p2a: Muk\n|move|p1a: Shaymin|Seed Flare|p2a: Muk\n|-resisted|p2a: Muk\n|-damage|p2a: Muk|70\/100\n|\n|-heal|p2a: Muk|100\/100|[from] move: Wish|[wisher] Pink Porussy\n|upkeep\n|turn|7\n|\n|t:|1699739461\n|move|p1a: Shaymin|Leech Seed|p2a: Muk|[miss]\n|-miss|p1a: Shaymin|p2a: Muk\n|move|p2a: Muk|Knock Off|p1a: Shaymin\n|-damage|p1a: Shaymin|74\/100\n|-status|p1a: Shaymin|psn|[from] ability: Poison Touch|[of] p2a: Muk\n|-enditem|p1a: Shaymin|Leftovers|[from] move: Knock Off|[of] p2a: Muk\n|\n|-damage|p1a: Shaymin|61\/100 psn|[from] psn\n|upkeep\n|turn|8\n|\n|t:|1699739478\n|move|p1a: Shaymin|Leech Seed|p2a: Muk\n|-start|p2a: Muk|move: Leech Seed\n|move|p2a: Muk|Poison Jab|p1a: Shaymin\n|-supereffective|p1a: Shaymin\n|-damage|p1a: Shaymin|9\/100 psn\n|\n|-damage|p2a: Muk|88\/100|[from] Leech Seed|[of] p1a: Shaymin\n|-heal|p1a: Shaymin|22\/100 psn|[silent]\n|-damage|p1a: Shaymin|9\/100 psn|[from] psn\n|upkeep\n|turn|9\n|\n|t:|1699739491\n|move|p1a: Shaymin|Protect|p1a: Shaymin\n|-singleturn|p1a: Shaymin|Protect\n|move|p2a: Muk|Drain Punch|p1a: Shaymin\n|-activate|p1a: Shaymin|move: Protect\n|\n|-heal|p2a: Muk|94\/100|[from] item: Leftovers\n|-damage|p2a: Muk|82\/100|[from] Leech Seed|[of] p1a: Shaymin\n|-heal|p1a: Shaymin|22\/100 psn|[silent]\n|-damage|p1a: Shaymin|10\/100 psn|[from] psn\n|upkeep\n|turn|10\n|\n|t:|1699739503\n|-curestatus|p1a: Shaymin|psn|[from] ability: Natural Cure\n|switch|p1a: Gliscor|Gliscor, F|48\/100 brn\n|move|p2a: Muk|Drain Punch|p1a: Gliscor\n|-resisted|p1a: Gliscor\n|-damage|p1a: Gliscor|41\/100 brn\n|-heal|p2a: Muk|85\/100|[from] drain|[of] p1a: Gliscor\n|\n|-heal|p2a: Muk|91\/100|[from] item: Leftovers\n|-damage|p2a: Muk|79\/100|[from] Leech Seed|[of] p1a: Gliscor\n|-heal|p1a: Gliscor|55\/100 brn|[silent]\n|-damage|p1a: Gliscor|49\/100 brn|[from] brn\n|upkeep\n|turn|11\n|\n|t:|1699739519\n|switch|p2a: Great Tusk|Great Tusk|100\/100\n|-damage|p2a: Great Tusk|84\/100|[from] Spikes\n|move|p1a: Gliscor|Earthquake|p2a: Great Tusk\n|-damage|p2a: Great Tusk|76\/100\n|\n|-heal|p2a: Great Tusk|83\/100|[from] item: Leftovers\n|-damage|p1a: Gliscor|43\/100 brn|[from] brn\n|upkeep\n|turn|12\n|\n|t:|1699739542\n|move|p1a: Gliscor|Knock Off|p2a: Great Tusk\n|-resisted|p2a: Great Tusk\n|-damage|p2a: Great Tusk|80\/100\n|-enditem|p2a: Great Tusk|Leftovers|[from] move: Knock Off|[of] p1a: Gliscor\n|move|p2a: Great Tusk|Stealth Rock|p1a: Gliscor\n|-sidestart|p1: clam10000|move: Stealth Rock\n|\n|-damage|p1a: Gliscor|36\/100 brn|[from] brn\n|upkeep\n|turn|13\n|\n|t:|1699739558\n|switch|p1a: Dragapult|Dragapult, M|100\/100\n|-damage|p1a: Dragapult|88\/100|[from] Stealth Rock\n|move|p2a: Great Tusk|Rapid Spin|p1a: Dragapult\n|-immune|p1a: Dragapult\n|\n|upkeep\n|turn|14\n|\n|t:|1699739592\n|move|p1a: Dragapult|Draco Meteor|p2a: Great Tusk|[miss]\n|-miss|p1a: Dragapult|p2a: Great Tusk\n|move|p2a: Great Tusk|Knock Off|p1a: Dragapult\n|-supereffective|p1a: Dragapult\n|-damage|p1a: Dragapult|18\/100\n|-enditem|p1a: Dragapult|Choice Specs|[from] move: Knock Off|[of] p2a: Great Tusk\n|\n|upkeep\n|turn|15\n|\n|t:|1699739607\n|move|p1a: Dragapult|Draco Meteor|p2a: Great Tusk\n|-damage|p2a: Great Tusk|10\/100\n|-unboost|p1a: Dragapult|spa|2\n|move|p2a: Great Tusk|Earthquake|p1a: Dragapult\n|-damage|p1a: Dragapult|0 fnt\n|faint|p1a: Dragapult\n|\n|upkeep\n|-message|clam10000 forfeited.\n|\n|win|shyguyry\n","uploadtime":1699739618,"views":22,"p1id":"clam10000","p2id":"shyguyry","formatid":"gen9ou","rating":0,"private":0,"password":""}