{"id":"gen9ou-1989568365","p1":"ragequitnow","p2":"mummyNSFW","format":"[Gen 9] OU","log":"|j|\u2606ragequitnow\n|j|\u2606mummyNSFW\n|t:|1699872614\n|gametype|singles\n|player|p1|ragequitnow|101|1173\n|player|p2|mummyNSFW|cynthia-masters3|1121\n|teamsize|p1|6\n|teamsize|p2|6\n|gen|9\n|tier|[Gen 9] OU\n|rated|\n|rule|Sleep Clause Mod: Limit one foe put to sleep\n|rule|Species Clause: Limit one of each Pok\u00e9mon\n|rule|OHKO Clause: OHKO moves are banned\n|rule|Evasion Items Clause: Evasion items are banned\n|rule|Evasion Moves Clause: Evasion moves are banned\n|rule|Endless Battle Clause: Forcing endless battles is banned\n|rule|HP Percentage Mod: HP is shown in percentages\n|clearpoke\n|poke|p1|Glimmora, M|\n|poke|p1|Iron Valiant|\n|poke|p1|Kingambit, F|\n|poke|p1|Moltres|\n|poke|p1|Zamazenta-*|\n|poke|p1|Ogerpon-Wellspring, F|\n|poke|p2|Landorus-Therian, M|\n|poke|p2|Rillaboom, M|\n|poke|p2|Iron Moth|\n|poke|p2|Staraptor, F|\n|poke|p2|Hydreigon, F|\n|poke|p2|Rotom-Wash|\n|teampreview\n|\n|t:|1699872620\n|start\n|switch|p1a: Glimmora|Glimmora, M|100\/100\n|switch|p2a: wiped u|Hydreigon, F|100\/100\n|turn|1\n|\n|t:|1699872631\n|move|p2a: wiped u|Surf|p1a: Glimmora\n|-supereffective|p1a: Glimmora\n|-damage|p1a: Glimmora|0 fnt\n|faint|p1a: Glimmora\n|\n|upkeep\n|\n|t:|1699872642\n|switch|p1a: Iron Valiant|Iron Valiant|100\/100\n|-enditem|p1a: Iron Valiant|Booster Energy\n|-activate|p1a: Iron Valiant|ability: Quark Drive|[fromitem]\n|-start|p1a: Iron Valiant|quarkdrivespe\n|turn|2\n|\n|t:|1699872648\n|-terastallize|p2a: wiped u|Water\n|move|p1a: Iron Valiant|Moonblast|p2a: wiped u\n|-damage|p2a: wiped u|47\/100\n|move|p2a: wiped u|Surf|p1a: Iron Valiant\n|-damage|p1a: Iron Valiant|0 fnt\n|faint|p1a: Iron Valiant\n|-end|p1a: Iron Valiant|Quark Drive|[silent]\n|\n|upkeep\n|\n|t:|1699872667\n|switch|p1a: Ogerpon|Ogerpon-Wellspring, F|100\/100\n|turn|3\n|\n|t:|1699872673\n|switch|p2a: monke|Rillaboom, M|100\/100\n|-fieldstart|move: Grassy Terrain|[from] ability: Grassy Surge|[of] p2a: monke\n|move|p1a: Ogerpon|Knock Off|p2a: monke\n|-damage|p2a: monke|59\/100\n|-enditem|p2a: monke|Assault Vest|[from] move: Knock Off|[of] p1a: Ogerpon\n|\n|-heal|p2a: monke|65\/100|[from] Grassy Terrain\n|upkeep\n|turn|4\n|\n|t:|1699872689\n|switch|p1a: Moltres|Moltres|100\/100\n|move|p2a: monke|U-turn|p1a: Moltres\n|-resisted|p1a: Moltres\n|-damage|p1a: Moltres|95\/100\n|\n|t:|1699872700\n|switch|p2a: discount rona|Iron Moth|100\/100|[from] U-turn\n|-enditem|p2a: discount rona|Booster Energy\n|-activate|p2a: discount rona|ability: Quark Drive|[fromitem]\n|-start|p2a: discount rona|quarkdrivespe\n|\n|upkeep\n|turn|5\n|\n|t:|1699872713\n|move|p2a: discount rona|Fiery Dance|p1a: Moltres\n|-resisted|p1a: Moltres\n|-damage|p1a: Moltres|79\/100\n|-boost|p2a: discount rona|spa|1\n|move|p1a: Moltres|U-turn|p2a: discount rona\n|-resisted|p2a: discount rona\n|-damage|p2a: discount rona|95\/100\n|\n|t:|1699872721\n|switch|p1a: Ogerpon|Ogerpon-Wellspring, F|100\/100|[from] U-turn\n|\n|-heal|p2a: discount rona|100\/100|[from] Grassy Terrain\n|upkeep\n|turn|6\n|\n|t:|1699872728\n|move|p2a: discount rona|Sludge Wave|p1a: Ogerpon\n|-supereffective|p1a: Ogerpon\n|-damage|p1a: Ogerpon|0 fnt\n|faint|p1a: Ogerpon\n|\n|upkeep\n|\n|t:|1699872743\n|switch|p1a: Kingambit|Kingambit, F|100\/100\n|-activate|p1a: Kingambit|ability: Supreme Overlord\n|-start|p1a: Kingambit|fallen3|[silent]\n|turn|7\n|\n|t:|1699872750\n|-terastallize|p1a: Kingambit|Flying\n|move|p1a: Kingambit|Sucker Punch|p2a: discount rona\n|-damage|p2a: discount rona|0 fnt\n|faint|p2a: discount rona\n|-end|p2a: discount rona|Quark Drive|[silent]\n|\n|-fieldend|move: Grassy Terrain\n|upkeep\n|\n|t:|1699872756\n|switch|p2a: jack-o-lantern|Rotom-Wash|100\/100\n|turn|8\n|\n|t:|1699872767\n|-end|p1a: Kingambit|fallen3|[silent]\n|switch|p1a: Moltres|Moltres|79\/100\n|move|p2a: jack-o-lantern|Will-O-Wisp|p1a: Moltres|[miss]\n|-miss|p2a: jack-o-lantern|p1a: Moltres\n|\n|upkeep\n|turn|9\n|\n|t:|1699872777\n|move|p1a: Moltres|Roost|p1a: Moltres\n|-heal|p1a: Moltres|100\/100\n|-singleturn|p1a: Moltres|move: Roost\n|move|p2a: jack-o-lantern|Volt Switch|p1a: Moltres\n|-damage|p1a: Moltres|80\/100\n|\n|t:|1699872784\n|switch|p2a: wiped u|Hydreigon, F, tera:Water|47\/100|[from] Volt Switch\n|\n|upkeep\n|turn|10\n|\n|t:|1699872795\n|move|p2a: wiped u|Surf|p1a: Moltres\n|-supereffective|p1a: Moltres\n|-damage|p1a: Moltres|0 fnt\n|faint|p1a: Moltres\n|\n|upkeep\n|\n|t:|1699872802\n|switch|p1a: Kingambit|Kingambit, F, tera:Flying|100\/100\n|-activate|p1a: Kingambit|ability: Supreme Overlord\n|-start|p1a: Kingambit|fallen4|[silent]\n|turn|11\n|\n|t:|1699872808\n|move|p1a: Kingambit|Sucker Punch|p2a: wiped u\n|-damage|p2a: wiped u|0 fnt\n|faint|p2a: wiped u\n|\n|upkeep\n|\n|t:|1699872813\n|switch|p2a: jack-o-lantern|Rotom-Wash|100\/100\n|turn|12\n|\n|t:|1699872817\n|move|p1a: Kingambit|Sucker Punch||[still]\n|-fail|p1a: Kingambit\n|move|p2a: jack-o-lantern|Will-O-Wisp|p1a: Kingambit\n|-status|p1a: Kingambit|brn\n|\n|-damage|p1a: Kingambit|94\/100 brn|[from] brn\n|upkeep\n|turn|13\n|\n|t:|1699872828\n|switch|p2a: its not lanover|Landorus-Therian, M|100\/100\n|-ability|p2a: its not lanover|Intimidate|boost\n|-unboost|p1a: Kingambit|atk|1\n|move|p1a: Kingambit|Kowtow Cleave|p2a: its not lanover\n|-damage|p2a: its not lanover|67\/100\n|\n|-damage|p1a: Kingambit|88\/100 brn|[from] brn\n|upkeep\n|turn|14\n|\n|t:|1699872840\n|move|p2a: its not lanover|Stone Edge|p1a: Kingambit\n|-supereffective|p1a: Kingambit\n|-damage|p1a: Kingambit|37\/100 brn\n|move|p1a: Kingambit|Swords Dance|p1a: Kingambit\n|-boost|p1a: Kingambit|atk|2\n|\n|-damage|p1a: Kingambit|31\/100 brn|[from] brn\n|upkeep\n|turn|15\n|\n|t:|1699872850\n|switch|p2a: jack-o-lantern|Rotom-Wash|100\/100\n|move|p1a: Kingambit|Sucker Punch||[still]\n|-fail|p1a: Kingambit\n|\n|-damage|p1a: Kingambit|24\/100 brn|[from] brn\n|upkeep\n|turn|16\n|\n|t:|1699872858\n|move|p2a: jack-o-lantern|Volt Switch|p1a: Kingambit\n|-supereffective|p1a: Kingambit\n|-damage|p1a: Kingambit|0 fnt\n|faint|p1a: Kingambit\n|-end|p1a: Kingambit|fallen4|[silent]\n|\n|t:|1699872864\n|switch|p2a: UUbl|Staraptor, F|100\/100|[from] Volt Switch\n|\n|upkeep\n|\n|t:|1699872868\n|switch|p1a: Zamazenta|Zamazenta, shiny|100\/100\n|-ability|p1a: Zamazenta|Dauntless Shield|boost\n|-boost|p1a: Zamazenta|def|1\n|turn|17\n|\n|t:|1699872876\n|move|p2a: UUbl|Brave Bird|p1a: Zamazenta\n|-supereffective|p1a: Zamazenta\n|-damage|p1a: Zamazenta|31\/100\n|-damage|p2a: UUbl|72\/100|[from] Recoil\n|move|p1a: Zamazenta|Heavy Slam|p2a: UUbl\n|-damage|p2a: UUbl|23\/100\n|\n|-heal|p1a: Zamazenta|37\/100|[from] item: Leftovers\n|upkeep\n|turn|18\n|\n|t:|1699872887\n|move|p2a: UUbl|Brave Bird|p1a: Zamazenta\n|-supereffective|p1a: Zamazenta\n|-damage|p1a: Zamazenta|0 fnt\n|faint|p1a: Zamazenta\n|-damage|p2a: UUbl|8\/100|[from] Recoil\n|\n|win|mummyNSFW\n|raw|ragequitnow's rating: 1173 &rarr; <strong>1144<\/strong><br \/>(-29 for losing)\n|raw|mummyNSFW's rating: 1121 &rarr; <strong>1150<\/strong><br \/>(+29 for winning)\n|l|\u2606ragequitnow\n","uploadtime":1699872899,"views":9,"p1id":"ragequitnow","p2id":"mummynsfw","formatid":"gen9ou","rating":1144,"private":0,"password":""}