{"id":"gen9ou-1989367776","p1":"TheJoker92","p2":"Steel016","format":"[Gen 9] OU","log":"|j|\u2606TheJoker92\n|j|\u2606Steel016\n|t:|1699841505\n|gametype|singles\n|player|p1|TheJoker92|steven|1358\n|player|p2|Steel016|n|1359\n|teamsize|p1|6\n|teamsize|p2|6\n|gen|9\n|tier|[Gen 9] OU\n|rated|\n|rule|Sleep Clause Mod: Limit one foe put to sleep\n|rule|Species Clause: Limit one of each Pok\u00e9mon\n|rule|OHKO Clause: OHKO moves are banned\n|rule|Evasion Items Clause: Evasion items are banned\n|rule|Evasion Moves Clause: Evasion moves are banned\n|rule|Endless Battle Clause: Forcing endless battles is banned\n|rule|HP Percentage Mod: HP is shown in percentages\n|clearpoke\n|poke|p1|Glimmora, M|\n|poke|p1|Dragapult, F|\n|poke|p1|Ogerpon-Wellspring, F|\n|poke|p1|Iron Valiant|\n|poke|p1|Iron Moth|\n|poke|p1|Rillaboom, F|\n|poke|p2|Rillaboom, F|\n|poke|p2|Sneasler, F|\n|poke|p2|Manaphy|\n|poke|p2|Weezing-Galar, F|\n|poke|p2|Ribombee, F|\n|poke|p2|Heatran, M|\n|teampreview\n|inactive|Battle timer is ON: inactive players will automatically lose when time's up. (requested by Steel016)\n|\n|t:|1699841519\n|start\n|switch|p1a: Glimmora|Glimmora, M|100\/100\n|switch|p2a: Ribombee|Ribombee, F|100\/100\n|turn|1\n|\n|t:|1699841525\n|move|p2a: Ribombee|U-turn|p1a: Glimmora\n|-resisted|p1a: Glimmora\n|-damage|p1a: Glimmora|94\/100\n|-activate|p1a: Glimmora|ability: Toxic Debris\n|-sidestart|p2: Steel016|move: Toxic Spikes\n|\n|t:|1699841530\n|switch|p2a: Weezing|Weezing-Galar, F|100\/100|[from] U-turn\n|-ability|p2a: Weezing|Neutralizing Gas\n|-sideend|p2: Steel016|move: Toxic Spikes|[of] p2a: Weezing\n|move|p1a: Glimmora|Power Gem|p2a: Weezing\n|-damage|p2a: Weezing|55\/100\n|\n|upkeep\n|turn|2\n|\n|t:|1699841547\n|-end|p2a: Weezing|ability: Neutralizing Gas\n|switch|p2a: Rillaboom|Rillaboom, F|100\/100\n|-fieldstart|move: Grassy Terrain|[from] ability: Grassy Surge|[of] p2a: Rillaboom\n|move|p1a: Glimmora|Stealth Rock|p2a: Rillaboom\n|-sidestart|p2: Steel016|move: Stealth Rock\n|\n|-heal|p1a: Glimmora|99\/100|[from] Grassy Terrain\n|upkeep\n|turn|3\n|\n|t:|1699841555\n|move|p2a: Rillaboom|Grassy Glide|p1a: Glimmora\n|-damage|p1a: Glimmora|38\/100\n|-activate|p1a: Glimmora|ability: Toxic Debris\n|-sidestart|p2: Steel016|move: Toxic Spikes\n|move|p1a: Glimmora|Mortal Spin|p2a: Rillaboom\n|-supereffective|p2a: Rillaboom\n|-damage|p2a: Rillaboom|86\/100\n|-status|p2a: Rillaboom|psn\n|\n|-heal|p1a: Glimmora|44\/100|[from] Grassy Terrain\n|-heal|p2a: Rillaboom|93\/100 psn|[from] Grassy Terrain\n|-damage|p2a: Rillaboom|80\/100 psn|[from] psn\n|upkeep\n|turn|4\n|\n|t:|1699841571\n|switch|p1a: Iron Moth|Iron Moth|100\/100\n|-enditem|p1a: Iron Moth|Booster Energy\n|-activate|p1a: Iron Moth|ability: Quark Drive|[fromitem]\n|-start|p1a: Iron Moth|quarkdrivespe\n|move|p2a: Rillaboom|Grassy Glide|p1a: Iron Moth\n|-resisted|p1a: Iron Moth\n|-damage|p1a: Iron Moth|81\/100\n|\n|-heal|p1a: Iron Moth|87\/100|[from] Grassy Terrain\n|-heal|p2a: Rillaboom|86\/100 psn|[from] Grassy Terrain\n|-damage|p2a: Rillaboom|74\/100 psn|[from] psn\n|upkeep\n|turn|5\n|\n|t:|1699841579\n|-end|p1a: Iron Moth|Quark Drive|[silent]\n|switch|p1a: Ogerpon|Ogerpon-Wellspring, F|100\/100\n|switch|p2a: Heatran|Heatran, M, shiny|100\/100\n|-damage|p2a: Heatran|88\/100|[from] Stealth Rock\n|\n|-heal|p2a: Heatran|94\/100|[from] Grassy Terrain\n|-heal|p2a: Heatran|100\/100|[from] item: Leftovers\n|upkeep\n|turn|6\n|\n|t:|1699841588\n|-terastallize|p2a: Heatran|Grass\n|move|p1a: Ogerpon|Ivy Cudgel|p2a: Heatran\n|-resisted|p2a: Heatran\n|-crit|p2a: Heatran\n|-damage|p2a: Heatran|57\/100\n|move|p2a: Heatran|Taunt|p1a: Ogerpon\n|-start|p1a: Ogerpon|move: Taunt\n|\n|-heal|p2a: Heatran|63\/100|[from] Grassy Terrain\n|-heal|p2a: Heatran|69\/100|[from] item: Leftovers\n|-fieldend|move: Grassy Terrain\n|upkeep\n|turn|7\n|\n|t:|1699841595\n|move|p1a: Ogerpon|Play Rough|p2a: Heatran\n|-damage|p2a: Heatran|36\/100\n|move|p2a: Heatran|Magma Storm|p1a: Ogerpon\n|-damage|p1a: Ogerpon|39\/100\n|-activate|p1a: Ogerpon|move: Magma Storm|[of] p2a: Heatran\n|\n|-heal|p2a: Heatran|42\/100|[from] item: Leftovers\n|-damage|p1a: Ogerpon|27\/100|[from] move: Magma Storm|[partiallytrapped]\n|upkeep\n|turn|8\n|\n|t:|1699841604\n|move|p1a: Ogerpon|Play Rough|p2a: Heatran\n|-damage|p2a: Heatran|4\/100\n|move|p2a: Heatran|Earth Power|p1a: Ogerpon\n|-resisted|p1a: Ogerpon\n|-damage|p1a: Ogerpon|10\/100\n|\n|-heal|p2a: Heatran|10\/100|[from] item: Leftovers\n|-damage|p1a: Ogerpon|0 fnt|[from] move: Magma Storm|[partiallytrapped]\n|faint|p1a: Ogerpon\n|upkeep\n|\n|t:|1699841617\n|switch|p1a: Dragapult|Dragapult, F|100\/100\n|turn|9\n|\n|t:|1699841623\n|move|p1a: Dragapult|Hex|p2a: Heatran\n|-damage|p2a: Heatran|0 fnt\n|faint|p2a: Heatran\n|\n|upkeep\n|\n|t:|1699841644\n|switch|p2a: Weezing|Weezing-Galar, F|55\/100\n|-ability|p2a: Weezing|Neutralizing Gas\n|-sideend|p2: Steel016|move: Toxic Spikes|[of] p2a: Weezing\n|turn|10\n|\n|t:|1699841651\n|switch|p1a: Glimmora|Glimmora, M|44\/100\n|move|p2a: Weezing|Strange Steam|p1a: Glimmora\n|-resisted|p1a: Glimmora\n|-damage|p1a: Glimmora|30\/100\n|\n|upkeep\n|turn|11\n|\n|t:|1699841661\n|-end|p2a: Weezing|ability: Neutralizing Gas\n|switch|p2a: Rillaboom|Rillaboom, F|74\/100 psn\n|-damage|p2a: Rillaboom|62\/100 psn|[from] Stealth Rock\n|-fieldstart|move: Grassy Terrain|[from] ability: Grassy Surge|[of] p2a: Rillaboom\n|move|p1a: Glimmora|Earth Power|p2a: Rillaboom\n|-resisted|p2a: Rillaboom\n|-damage|p2a: Rillaboom|44\/100 psn\n|\n|-heal|p1a: Glimmora|36\/100|[from] Grassy Terrain\n|-heal|p2a: Rillaboom|50\/100 psn|[from] Grassy Terrain\n|-damage|p2a: Rillaboom|37\/100 psn|[from] psn\n|upkeep\n|turn|12\n|\n|t:|1699841673\n|switch|p1a: Iron Moth|Iron Moth|87\/100\n|move|p2a: Rillaboom|U-turn|p1a: Iron Moth\n|-resisted|p1a: Iron Moth\n|-damage|p1a: Iron Moth|73\/100\n|\n|t:|1699841681\n|switch|p2a: Sneasler|Sneasler, F|100\/100|[from] U-turn\n|-damage|p2a: Sneasler|95\/100|[from] Stealth Rock\n|-enditem|p2a: Sneasler|Grassy Seed\n|-boost|p2a: Sneasler|def|1|[from] item: Grassy Seed\n|\n|-heal|p2a: Sneasler|100\/100|[from] Grassy Terrain\n|-heal|p1a: Iron Moth|79\/100|[from] Grassy Terrain\n|upkeep\n|turn|13\n|\n|t:|1699841689\n|move|p2a: Sneasler|Acrobatics|p1a: Iron Moth\n|-crit|p1a: Iron Moth\n|-damage|p1a: Iron Moth|0 fnt\n|faint|p1a: Iron Moth\n|-end|p1a: Iron Moth|Quark Drive|[silent]\n|\n|upkeep\n|\n|t:|1699841694\n|switch|p1a: Dragapult|Dragapult, F|100\/100\n|turn|14\n|\n|t:|1699841699\n|move|p2a: Sneasler|Acrobatics|p1a: Dragapult\n|-damage|p1a: Dragapult|47\/100\n|move|p1a: Dragapult|Will-O-Wisp|p2a: Sneasler\n|-status|p2a: Sneasler|brn\n|\n|-heal|p1a: Dragapult|53\/100|[from] Grassy Terrain\n|-damage|p2a: Sneasler|95\/100 brn|[from] brn\n|upkeep\n|turn|15\n|\n|t:|1699841709\n|move|p2a: Sneasler|Dire Claw|p1a: Dragapult\n|-resisted|p1a: Dragapult\n|-damage|p1a: Dragapult|36\/100\n|move|p1a: Dragapult|Hex|p2a: Sneasler\n|-damage|p2a: Sneasler|21\/100 brn\n|\n|-heal|p2a: Sneasler|27\/100 brn|[from] Grassy Terrain\n|-heal|p1a: Dragapult|42\/100|[from] Grassy Terrain\n|-damage|p2a: Sneasler|21\/100 brn|[from] brn\n|-fieldend|move: Grassy Terrain\n|upkeep\n|turn|16\n|\n|t:|1699841724\n|switch|p1a: Glimmora|Glimmora, M|36\/100\n|move|p2a: Sneasler|Dire Claw|p1a: Glimmora\n|-resisted|p1a: Glimmora\n|-damage|p1a: Glimmora|30\/100\n|-activate|p1a: Glimmora|ability: Toxic Debris\n|-sidestart|p2: Steel016|move: Toxic Spikes\n|\n|-damage|p2a: Sneasler|15\/100 brn|[from] brn\n|upkeep\n|turn|17\n|\n|t:|1699841735\n|move|p2a: Sneasler|Close Combat|p1a: Glimmora\n|-damage|p1a: Glimmora|0 fnt\n|-unboost|p2a: Sneasler|def|1\n|-unboost|p2a: Sneasler|spd|1\n|-activate|p1a: Glimmora|ability: Toxic Debris\n|-sidestart|p2: Steel016|move: Toxic Spikes\n|faint|p1a: Glimmora\n|\n|-damage|p2a: Sneasler|9\/100 brn|[from] brn\n|upkeep\n|\n|t:|1699841739\n|switch|p1a: Rillaboom|Rillaboom, F|100\/100\n|-fieldstart|move: Grassy Terrain|[from] ability: Grassy Surge|[of] p1a: Rillaboom\n|turn|18\n|\n|t:|1699841751\n|move|p1a: Rillaboom|Grassy Glide|p2a: Sneasler\n|-resisted|p2a: Sneasler\n|-damage|p2a: Sneasler|0 fnt\n|faint|p2a: Sneasler\n|\n|upkeep\n|\n|t:|1699841759\n|switch|p2a: Weezing|Weezing-Galar, F|55\/100\n|-ability|p2a: Weezing|Neutralizing Gas\n|-sideend|p2: Steel016|move: Toxic Spikes|[of] p2a: Weezing\n|turn|19\n|\n|t:|1699841764\n|switch|p1a: Dragapult|Dragapult, F|42\/100\n|move|p2a: Weezing|Will-O-Wisp|p1a: Dragapult\n|-status|p1a: Dragapult|brn\n|\n|-heal|p1a: Dragapult|48\/100 brn|[from] Grassy Terrain\n|-heal|p2a: Weezing|61\/100|[from] Grassy Terrain\n|-damage|p1a: Dragapult|42\/100 brn|[from] brn\n|upkeep\n|turn|20\n|\n|t:|1699841772\n|move|p1a: Dragapult|Hex|p2a: Weezing\n|-damage|p2a: Weezing|26\/100\n|move|p2a: Weezing|Strange Steam|p1a: Dragapult\n|-supereffective|p1a: Dragapult\n|-damage|p1a: Dragapult|0 fnt\n|faint|p1a: Dragapult\n|\n|-heal|p2a: Weezing|32\/100|[from] Grassy Terrain\n|upkeep\n|\n|t:|1699841785\n|switch|p1a: Rillaboom|Rillaboom, F|100\/100\n|turn|21\n|\n|t:|1699841793\n|move|p1a: Rillaboom|High Horsepower|p2a: Weezing\n|-supereffective|p2a: Weezing\n|-damage|p2a: Weezing|0 fnt\n|faint|p2a: Weezing\n|-end|p2a: Weezing|ability: Neutralizing Gas\n|\n|upkeep\n|\n|t:|1699841799\n|switch|p2a: Ribombee|Ribombee, F|100\/100\n|-damage|p2a: Ribombee|76\/100|[from] Stealth Rock\n|turn|22\n|\n|t:|1699841805\n|switch|p1a: Iron Valiant|Iron Valiant|100\/100\n|-enditem|p1a: Iron Valiant|Booster Energy\n|-activate|p1a: Iron Valiant|ability: Quark Drive|[fromitem]\n|-start|p1a: Iron Valiant|quarkdrivespe\n|move|p2a: Ribombee|Sticky Web|p1a: Iron Valiant\n|-sidestart|p1: TheJoker92|move: Sticky Web\n|\n|-heal|p2a: Ribombee|82\/100|[from] Grassy Terrain\n|-fieldend|move: Grassy Terrain\n|upkeep\n|turn|23\n|\n|t:|1699841812\n|move|p1a: Iron Valiant|Encore|p2a: Ribombee\n|-start|p2a: Ribombee|Encore\n|move|p2a: Ribombee|Sticky Web||[still]\n|-fail|p2a: Ribombee\n|\n|upkeep\n|turn|24\n|\n|t:|1699841819\n|move|p1a: Iron Valiant|Swords Dance|p1a: Iron Valiant\n|-boost|p1a: Iron Valiant|atk|2\n|move|p2a: Ribombee|Sticky Web||[still]\n|-fail|p2a: Ribombee\n|\n|upkeep\n|turn|25\n|\n|t:|1699841822\n|move|p1a: Iron Valiant|Swords Dance|p1a: Iron Valiant\n|-boost|p1a: Iron Valiant|atk|2\n|move|p2a: Ribombee|Sticky Web||[still]\n|-fail|p2a: Ribombee\n|\n|-end|p2a: Ribombee|Encore\n|upkeep\n|turn|26\n|\n|t:|1699841825\n|move|p1a: Iron Valiant|Encore|p2a: Ribombee\n|-start|p2a: Ribombee|Encore\n|move|p2a: Ribombee|Sticky Web||[still]\n|-fail|p2a: Ribombee\n|\n|upkeep\n|turn|27\n|\n|t:|1699841828\n|move|p1a: Iron Valiant|Knock Off|p2a: Ribombee\n|-resisted|p2a: Ribombee\n|-damage|p2a: Ribombee|0 fnt\n|-enditem|p2a: Ribombee|Focus Sash|[from] move: Knock Off|[of] p1a: Iron Valiant\n|faint|p2a: Ribombee\n|\n|upkeep\n|\n|t:|1699841832\n|switch|p2a: Rillaboom|Rillaboom, F|37\/100 psn\n|-damage|p2a: Rillaboom|25\/100 psn|[from] Stealth Rock\n|-fieldstart|move: Grassy Terrain|[from] ability: Grassy Surge|[of] p2a: Rillaboom\n|turn|28\n|\n|t:|1699841838\n|move|p2a: Rillaboom|Grassy Glide|p1a: Iron Valiant\n|-damage|p1a: Iron Valiant|30\/100\n|move|p1a: Iron Valiant|Knock Off|p2a: Rillaboom\n|-damage|p2a: Rillaboom|0 fnt\n|-enditem|p2a: Rillaboom|Choice Band|[from] move: Knock Off|[of] p1a: Iron Valiant\n|faint|p2a: Rillaboom\n|\n|-heal|p1a: Iron Valiant|36\/100|[from] Grassy Terrain\n|upkeep\n|\n|t:|1699841845\n|switch|p2a: Manaphy|Manaphy|100\/100\n|-damage|p2a: Manaphy|88\/100|[from] Stealth Rock\n|turn|29\n|\n|t:|1699841853\n|move|p1a: Iron Valiant|Close Combat|p2a: Manaphy\n|-damage|p2a: Manaphy|0 fnt\n|-unboost|p1a: Iron Valiant|def|1\n|-unboost|p1a: Iron Valiant|spd|1\n|faint|p2a: Manaphy\n|\n|win|TheJoker92\n|raw|TheJoker92's rating: 1358 &rarr; <strong>1378<\/strong><br \/>(+20 for winning)\n|raw|Steel016's rating: 1359 &rarr; <strong>1339<\/strong><br \/>(-20 for losing)\n|l|\u2606Steel016\n","uploadtime":1699841865,"views":16,"p1id":"thejoker92","p2id":"steel016","formatid":"gen9ou","rating":1339,"private":0,"password":""}