{"id":"gen9ou-1994411114","p1":"Argentavis_Gaming","p2":"Arthurfr4545","format":"[Gen 9] OU","log":"|j|\u2606Argentavis_Gaming\n|j|\u2606Arthurfr4545\n|t:|1700440878\n|gametype|singles\n|player|p1|Argentavis_Gaming|unknown|1611\n|player|p2|Arthurfr4545|alder|1588\n|teamsize|p1|6\n|teamsize|p2|6\n|gen|9\n|tier|[Gen 9] OU\n|rated|\n|rule|Sleep Clause Mod: Limit one foe put to sleep\n|rule|Species Clause: Limit one of each Pok\u00e9mon\n|rule|OHKO Clause: OHKO moves are banned\n|rule|Evasion Items Clause: Evasion items are banned\n|rule|Evasion Moves Clause: Evasion moves are banned\n|rule|Endless Battle Clause: Forcing endless battles is banned\n|rule|HP Percentage Mod: HP is shown in percentages\n|clearpoke\n|poke|p1|Munkidori, M|\n|poke|p1|Kingambit, M|\n|poke|p1|Okidogi, M|\n|poke|p1|Moltres|\n|poke|p1|Ogerpon-Cornerstone, F|\n|poke|p1|Walking Wake|\n|poke|p2|Heatran, M|\n|poke|p2|Great Tusk|\n|poke|p2|Ogerpon-Wellspring, F|\n|poke|p2|Kingambit, M|\n|poke|p2|Iron Valiant|\n|poke|p2|Kilowattrel, M|\n|teampreview\n|inactive|Battle timer is ON: inactive players will automatically lose when time's up. (requested by Arthurfr4545)\n|\n|t:|1700440886\n|start\n|switch|p1a: Munkidori|Munkidori, M|100\/100\n|switch|p2a: Kilowattrel|Kilowattrel, M|100\/100\n|turn|1\n|\n|t:|1700440893\n|move|p2a: Kilowattrel|Volt Switch|p1a: Munkidori\n|-damage|p1a: Munkidori|61\/100\n|\n|t:|1700440896\n|switch|p2a: Heatran|Heatran, M|100\/100|[from] Volt Switch\n|move|p1a: Munkidori|Psychic|p2a: Heatran\n|-resisted|p2a: Heatran\n|-crit|p2a: Heatran\n|-damage|p2a: Heatran|68\/100\n|\n|-heal|p2a: Heatran|74\/100|[from] item: Leftovers\n|upkeep\n|turn|2\n|j| venomania\n|\n|t:|1700440902\n|switch|p1a: Bi-Han|Okidogi, M|100\/100\n|move|p2a: Heatran|Stealth Rock|p1a: Bi-Han\n|-sidestart|p1: Argentavis_Gaming|move: Stealth Rock\n|\n|-heal|p2a: Heatran|81\/100|[from] item: Leftovers\n|upkeep\n|turn|3\n|\n|t:|1700440906\n|switch|p2a: Great Tusk|Great Tusk|100\/100\n|move|p1a: Bi-Han|Knock Off|p2a: Great Tusk\n|-resisted|p2a: Great Tusk\n|-damage|p2a: Great Tusk|93\/100\n|-damage|p1a: Bi-Han|84\/100|[from] item: Rocky Helmet|[of] p2a: Great Tusk\n|-enditem|p2a: Great Tusk|Rocky Helmet|[from] move: Knock Off|[of] p1a: Bi-Han\n|\n|-heal|p1a: Bi-Han|90\/100|[from] item: Leftovers\n|upkeep\n|turn|4\n|\n|t:|1700440909\n|switch|p1a: Chicken|Moltres, shiny|100\/100\n|move|p2a: Great Tusk|Knock Off|p1a: Chicken\n|-damage|p1a: Chicken|79\/100\n|-enditem|p1a: Chicken|Heavy-Duty Boots|[from] move: Knock Off|[of] p2a: Great Tusk\n|\n|upkeep\n|turn|5\n|\n|t:|1700440912\n|-end|p2a: Great Tusk|Protosynthesis|[silent]\n|switch|p2a: Heatran|Heatran, M|81\/100\n|move|p1a: Chicken|Will-O-Wisp|p2a: Heatran|[miss]\n|-miss|p1a: Chicken|p2a: Heatran\n|\n|-heal|p2a: Heatran|87\/100|[from] item: Leftovers\n|upkeep\n|turn|6\n|\n|t:|1700440915\n|move|p1a: Chicken|U-turn|p2a: Heatran\n|-resisted|p2a: Heatran\n|-damage|p2a: Heatran|84\/100\n|\n|t:|1700440918\n|switch|p1a: Battle Beast|Walking Wake|100\/100|[from] U-turn\n|-damage|p1a: Battle Beast|88\/100|[from] Stealth Rock\n|-enditem|p1a: Battle Beast|Booster Energy\n|-activate|p1a: Battle Beast|ability: Protosynthesis|[fromitem]\n|-start|p1a: Battle Beast|protosynthesisspa\n|move|p2a: Heatran|Magma Storm|p1a: Battle Beast\n|-resisted|p1a: Battle Beast\n|-damage|p1a: Battle Beast|77\/100\n|-activate|p1a: Battle Beast|move: Magma Storm|[of] p2a: Heatran\n|\n|-heal|p2a: Heatran|90\/100|[from] item: Leftovers\n|-damage|p1a: Battle Beast|64\/100|[from] move: Magma Storm|[partiallytrapped]\n|upkeep\n|turn|7\n|\n|t:|1700440922\n|switch|p2a: Ogerpon|Ogerpon-Wellspring, F|100\/100\n|move|p1a: Battle Beast|Agility|p1a: Battle Beast\n|-boost|p1a: Battle Beast|spe|2\n|\n|-end|p1a: Battle Beast|Magma Storm|[partiallytrapped]|[silent]\n|upkeep\n|turn|8\n|\n|t:|1700440925\n|move|p1a: Battle Beast|Dragon Pulse|p2a: Ogerpon\n|-damage|p2a: Ogerpon|23\/100\n|move|p2a: Ogerpon|Power Whip|p1a: Battle Beast|[miss]\n|-miss|p2a: Ogerpon|p1a: Battle Beast\n|\n|upkeep\n|turn|9\n|\n|t:|1700440934\n|move|p1a: Battle Beast|Flamethrower|p2a: Ogerpon\n|-damage|p2a: Ogerpon|0 fnt\n|faint|p2a: Ogerpon\n|\n|upkeep\n|\n|t:|1700440941\n|switch|p2a: Kilowattrel|Kilowattrel, M|100\/100\n|turn|10\n|\n|t:|1700440943\n|move|p1a: Battle Beast|Hydro Steam|p2a: Kilowattrel\n|-damage|p2a: Kilowattrel|0 fnt\n|faint|p2a: Kilowattrel\n|\n|upkeep\n|\n|t:|1700440947\n|switch|p2a: Iron Valiant|Iron Valiant|100\/100\n|-enditem|p2a: Iron Valiant|Booster Energy\n|-activate|p2a: Iron Valiant|ability: Quark Drive|[fromitem]\n|-start|p2a: Iron Valiant|quarkdrivespe\n|turn|11\n|\n|t:|1700440950\n|move|p1a: Battle Beast|Hydro Steam|p2a: Iron Valiant\n|-damage|p2a: Iron Valiant|2\/100\n|move|p2a: Iron Valiant|Close Combat|p1a: Battle Beast\n|-damage|p1a: Battle Beast|0 fnt\n|-unboost|p2a: Iron Valiant|def|1\n|-unboost|p2a: Iron Valiant|spd|1\n|faint|p1a: Battle Beast\n|-end|p1a: Battle Beast|Protosynthesis|[silent]\n|\n|upkeep\n|\n|t:|1700440956\n|switch|p1a: Chicken|Moltres, shiny|79\/100\n|-damage|p1a: Chicken|29\/100|[from] Stealth Rock\n|turn|12\n|\n|t:|1700440960\n|move|p2a: Iron Valiant|Knock Off|p1a: Chicken\n|-damage|p1a: Chicken|13\/100\n|move|p1a: Chicken|Roost|p1a: Chicken\n|-heal|p1a: Chicken|63\/100\n|-singleturn|p1a: Chicken|move: Roost\n|\n|upkeep\n|turn|13\n|\n|t:|1700440962\n|move|p2a: Iron Valiant|Encore|p1a: Chicken\n|-start|p1a: Chicken|Encore\n|move|p1a: Chicken|Roost|p1a: Chicken\n|-heal|p1a: Chicken|100\/100\n|-singleturn|p1a: Chicken|move: Roost\n|\n|upkeep\n|turn|14\n|\n|t:|1700440964\n|switch|p1a: Joe Swanson|Kingambit, M|100\/100\n|-damage|p1a: Joe Swanson|94\/100|[from] Stealth Rock\n|-activate|p1a: Joe Swanson|ability: Supreme Overlord\n|-start|p1a: Joe Swanson|fallen1|[silent]\n|move|p2a: Iron Valiant|Swords Dance|p2a: Iron Valiant\n|-boost|p2a: Iron Valiant|atk|2\n|\n|upkeep\n|turn|15\n|\n|t:|1700440967\n|move|p1a: Joe Swanson|Sucker Punch|p2a: Iron Valiant\n|-resisted|p2a: Iron Valiant\n|-damage|p2a: Iron Valiant|0 fnt\n|faint|p2a: Iron Valiant\n|-end|p2a: Iron Valiant|Quark Drive|[silent]\n|\n|upkeep\n|\n|t:|1700440971\n|switch|p2a: Kingambit|Kingambit, M|100\/100\n|-activate|p2a: Kingambit|ability: Supreme Overlord\n|-start|p2a: Kingambit|fallen3|[silent]\n|turn|16\n|\n|t:|1700440973\n|-end|p1a: Joe Swanson|fallen1|[silent]\n|switch|p1a: Chicken|Moltres, shiny|100\/100\n|-damage|p1a: Chicken|50\/100|[from] Stealth Rock\n|move|p2a: Kingambit|Low Kick|p1a: Chicken\n|-resisted|p1a: Chicken\n|-damage|p1a: Chicken|38\/100\n|\n|upkeep\n|turn|17\n|\n|t:|1700440981\n|-end|p2a: Kingambit|fallen3|[silent]\n|switch|p2a: Heatran|Heatran, M|90\/100\n|move|p1a: Chicken|Roost|p1a: Chicken\n|-heal|p1a: Chicken|88\/100\n|-singleturn|p1a: Chicken|move: Roost\n|\n|-heal|p2a: Heatran|96\/100|[from] item: Leftovers\n|upkeep\n|turn|18\n|\n|t:|1700440984\n|move|p1a: Chicken|U-turn|p2a: Heatran\n|-resisted|p2a: Heatran\n|-damage|p2a: Heatran|93\/100\n|\n|t:|1700440986\n|switch|p1a: Overpon|Ogerpon-Cornerstone, F|100\/100|[from] U-turn\n|-damage|p1a: Overpon|88\/100|[from] Stealth Rock\n|move|p2a: Heatran|Magma Storm|p1a: Overpon\n|-damage|p1a: Overpon|40\/100\n|-activate|p1a: Overpon|move: Magma Storm|[of] p2a: Heatran\n|\n|-heal|p2a: Heatran|99\/100|[from] item: Leftovers\n|-damage|p1a: Overpon|28\/100|[from] move: Magma Storm|[partiallytrapped]\n|upkeep\n|turn|19\n|\n|t:|1700440991\n|switch|p2a: Great Tusk|Great Tusk|93\/100\n|move|p1a: Overpon|Ivy Cudgel|p2a: Great Tusk|[anim] Ivy Cudgel Rock\n|-resisted|p2a: Great Tusk\n|-damage|p2a: Great Tusk|86\/100\n|\n|-end|p1a: Overpon|Magma Storm|[partiallytrapped]|[silent]\n|upkeep\n|turn|20\n|\n|t:|1700440994\n|move|p1a: Overpon|Horn Leech|p2a: Great Tusk\n|-supereffective|p2a: Great Tusk\n|-damage|p2a: Great Tusk|43\/100\n|-heal|p1a: Overpon|59\/100|[from] drain|[of] p2a: Great Tusk\n|move|p2a: Great Tusk|Rapid Spin|p1a: Overpon\n|-resisted|p1a: Overpon\n|-damage|p1a: Overpon|49\/100\n|-boost|p2a: Great Tusk|spe|1\n|\n|upkeep\n|turn|21\n|\n|t:|1700440997\n|switch|p1a: Chicken|Moltres, shiny|88\/100\n|-damage|p1a: Chicken|38\/100|[from] Stealth Rock\n|move|p2a: Great Tusk|Earthquake|p1a: Chicken\n|-immune|p1a: Chicken\n|\n|upkeep\n|turn|22\n|\n|t:|1700441001\n|-end|p2a: Great Tusk|Protosynthesis|[silent]\n|switch|p2a: Heatran|Heatran, M|99\/100\n|move|p1a: Chicken|Roost|p1a: Chicken\n|-heal|p1a: Chicken|88\/100\n|-singleturn|p1a: Chicken|move: Roost\n|\n|-heal|p2a: Heatran|100\/100|[from] item: Leftovers\n|upkeep\n|turn|23\n|\n|t:|1700441003\n|move|p1a: Chicken|U-turn|p2a: Heatran\n|-resisted|p2a: Heatran\n|-damage|p2a: Heatran|98\/100\n|\n|t:|1700441005\n|switch|p1a: Overpon|Ogerpon-Cornerstone, F|49\/100|[from] U-turn\n|-damage|p1a: Overpon|37\/100|[from] Stealth Rock\n|move|p2a: Heatran|Magma Storm|p1a: Overpon\n|-damage|p1a: Overpon|0 fnt\n|faint|p1a: Overpon\n|\n|-heal|p2a: Heatran|100\/100|[from] item: Leftovers\n|upkeep\n|\n|t:|1700441007\n|switch|p1a: Bi-Han|Okidogi, M|90\/100\n|-damage|p1a: Bi-Han|84\/100|[from] Stealth Rock\n|turn|24\n|\n|t:|1700441010\n|switch|p2a: Great Tusk|Great Tusk|43\/100\n|move|p1a: Bi-Han|Bulk Up|p1a: Bi-Han\n|-boost|p1a: Bi-Han|atk|1\n|-boost|p1a: Bi-Han|def|1\n|\n|-heal|p1a: Bi-Han|90\/100|[from] item: Leftovers\n|upkeep\n|turn|25\n|\n|t:|1700441012\n|move|p2a: Great Tusk|Earthquake|p1a: Bi-Han\n|-supereffective|p1a: Bi-Han\n|-damage|p1a: Bi-Han|43\/100\n|move|p1a: Bi-Han|Drain Punch|p2a: Great Tusk\n|-damage|p2a: Great Tusk|18\/100\n|-heal|p1a: Bi-Han|57\/100|[from] drain|[of] p2a: Great Tusk\n|\n|-heal|p1a: Bi-Han|63\/100|[from] item: Leftovers\n|upkeep\n|turn|26\n|\n|t:|1700441016\n|move|p2a: Great Tusk|Earthquake|p1a: Bi-Han\n|-supereffective|p1a: Bi-Han\n|-damage|p1a: Bi-Han|18\/100\n|move|p1a: Bi-Han|Drain Punch|p2a: Great Tusk\n|-damage|p2a: Great Tusk|0 fnt\n|-heal|p1a: Bi-Han|28\/100|[from] drain|[of] p2a: Great Tusk\n|faint|p2a: Great Tusk\n|-end|p2a: Great Tusk|Protosynthesis|[silent]\n|\n|-heal|p1a: Bi-Han|34\/100|[from] item: Leftovers\n|upkeep\n|\n|t:|1700441020\n|switch|p2a: Heatran|Heatran, M|100\/100\n|turn|27\n|\n|t:|1700441025\n|move|p1a: Bi-Han|Drain Punch|p2a: Heatran\n|-supereffective|p2a: Heatran\n|-damage|p2a: Heatran|7\/100\n|-heal|p1a: Bi-Han|82\/100|[from] drain|[of] p2a: Heatran\n|-status|p1a: Bi-Han|brn|[from] ability: Flame Body|[of] p2a: Heatran\n|move|p2a: Heatran|Earth Power|p1a: Bi-Han\n|-supereffective|p1a: Bi-Han\n|-damage|p1a: Bi-Han|39\/100 brn\n|\n|-heal|p1a: Bi-Han|45\/100 brn|[from] item: Leftovers\n|-heal|p2a: Heatran|13\/100|[from] item: Leftovers\n|-damage|p1a: Bi-Han|39\/100 brn|[from] brn\n|upkeep\n|turn|28\n|\n|t:|1700441029\n|move|p1a: Bi-Han|Drain Punch|p2a: Heatran\n|-supereffective|p2a: Heatran\n|-damage|p2a: Heatran|0 fnt\n|-heal|p1a: Bi-Han|45\/100 brn|[from] drain|[of] p2a: Heatran\n|faint|p2a: Heatran\n|\n|-heal|p1a: Bi-Han|52\/100 brn|[from] item: Leftovers\n|-damage|p1a: Bi-Han|45\/100 brn|[from] brn\n|upkeep\n|\n|t:|1700441031\n|switch|p2a: Kingambit|Kingambit, M|100\/100\n|-activate|p2a: Kingambit|ability: Supreme Overlord\n|-start|p2a: Kingambit|fallen5|[silent]\n|turn|29\n|\n|t:|1700441033\n|-terastallize|p2a: Kingambit|Dark\n|move|p1a: Bi-Han|Knock Off|p2a: Kingambit\n|-resisted|p2a: Kingambit\n|-damage|p2a: Kingambit|90\/100\n|-enditem|p2a: Kingambit|Black Glasses|[from] move: Knock Off|[of] p1a: Bi-Han\n|move|p2a: Kingambit|Swords Dance|p2a: Kingambit\n|-boost|p2a: Kingambit|atk|2\n|\n|-heal|p1a: Bi-Han|52\/100 brn|[from] item: Leftovers\n|-damage|p1a: Bi-Han|45\/100 brn|[from] brn\n|upkeep\n|turn|30\n|\n|t:|1700441041\n|move|p2a: Kingambit|Sucker Punch|p1a: Bi-Han\n|-resisted|p1a: Bi-Han\n|-damage|p1a: Bi-Han|0 fnt\n|faint|p1a: Bi-Han\n|\n|upkeep\n|\n|t:|1700441043\n|switch|p1a: Chicken|Moltres, shiny|88\/100\n|-damage|p1a: Chicken|38\/100|[from] Stealth Rock\n|turn|31\n|\n|t:|1700441046\n|move|p2a: Kingambit|Sucker Punch||[still]\n|-fail|p2a: Kingambit\n|move|p1a: Chicken|Will-O-Wisp|p2a: Kingambit\n|-status|p2a: Kingambit|brn\n|\n|-damage|p2a: Kingambit|84\/100 brn|[from] brn\n|upkeep\n|turn|32\n|\n|t:|1700441049\n|move|p1a: Chicken|Roost|p1a: Chicken\n|-heal|p1a: Chicken|88\/100\n|-singleturn|p1a: Chicken|move: Roost\n|move|p2a: Kingambit|Kowtow Cleave|p1a: Chicken\n|-damage|p1a: Chicken|22\/100\n|\n|-damage|p2a: Kingambit|78\/100 brn|[from] brn\n|upkeep\n|turn|33\n|\n|t:|1700441052\n|move|p1a: Chicken|Flamethrower|p2a: Kingambit\n|-damage|p2a: Kingambit|39\/100 brn\n|move|p2a: Kingambit|Kowtow Cleave|p1a: Chicken\n|-crit|p1a: Chicken\n|-damage|p1a: Chicken|0 fnt\n|faint|p1a: Chicken\n|\n|-damage|p2a: Kingambit|33\/100 brn|[from] brn\n|upkeep\n|\n|t:|1700441054\n|switch|p1a: Joe Swanson|Kingambit, M|94\/100\n|-damage|p1a: Joe Swanson|88\/100|[from] Stealth Rock\n|-activate|p1a: Joe Swanson|ability: Supreme Overlord\n|-start|p1a: Joe Swanson|fallen4|[silent]\n|turn|34\n|\n|t:|1700441056\n|move|p1a: Joe Swanson|Sucker Punch|p2a: Kingambit\n|-resisted|p2a: Kingambit\n|-damage|p2a: Kingambit|7\/100 brn\n|move|p2a: Kingambit|Low Kick|p1a: Joe Swanson\n|-supereffective|p1a: Joe Swanson\n|-damage|p1a: Joe Swanson|0 fnt\n|faint|p1a: Joe Swanson\n|-end|p1a: Joe Swanson|fallen4|[silent]\n|\n|-damage|p2a: Kingambit|1\/100 brn|[from] brn\n|upkeep\n|\n|t:|1700441058\n|switch|p1a: Munkidori|Munkidori, M|61\/100\n|-damage|p1a: Munkidori|48\/100|[from] Stealth Rock\n|turn|35\n|\n|t:|1700441063\n|move|p2a: Kingambit|Sucker Punch||[still]\n|-fail|p2a: Kingambit\n|move|p1a: Munkidori|Parting Shot|p2a: Kingambit\n|-unboost|p2a: Kingambit|atk|1\n|-unboost|p2a: Kingambit|spa|1\n|\n|-damage|p2a: Kingambit|0 fnt|[from] brn\n|faint|p2a: Kingambit\n|-end|p2a: Kingambit|fallen5|[silent]\n|\n|win|Argentavis_Gaming\n|upkeep\n|raw|Argentavis_Gaming's rating: 1611 &rarr; <strong>1630<\/strong><br \/>(+19 for winning)\n|raw|Arthurfr4545's rating: 1588 &rarr; <strong>1569<\/strong><br \/>(-19 for losing)\n|l|\u2606Arthurfr4545\n","uploadtime":1700441074,"views":7,"p1id":"argentavisgaming","p2id":"arthurfr4545","formatid":"gen9ou","rating":1569,"private":0,"password":""}