{"id":"gen9ou-1992921462","p1":"Ferruos","p2":"CoreSolis","format":"[Gen 9] OU","log":"|j|\u2606Ferruos\n|j|\u2606CoreSolis\n|t:|1700247019\n|gametype|singles\n|player|p1|Ferruos|zinzolin|1058\n|player|p2|CoreSolis|pokemonrangerf|1037\n|teamsize|p1|6\n|teamsize|p2|6\n|gen|9\n|tier|[Gen 9] OU\n|rated|\n|rule|Sleep Clause Mod: Limit one foe put to sleep\n|rule|Species Clause: Limit one of each Pok\u00e9mon\n|rule|OHKO Clause: OHKO moves are banned\n|rule|Evasion Items Clause: Evasion items are banned\n|rule|Evasion Moves Clause: Evasion moves are banned\n|rule|Endless Battle Clause: Forcing endless battles is banned\n|rule|HP Percentage Mod: HP is shown in percentages\n|clearpoke\n|poke|p1|Iron Valiant|\n|poke|p1|Salazzle, F|\n|poke|p1|Samurott-Hisui, M|\n|poke|p1|Decidueye, M|\n|poke|p1|Magnezone|\n|poke|p1|Articuno-Galar|\n|poke|p2|Ribombee, F|\n|poke|p2|Grimmsnarl, M|\n|poke|p2|Great Tusk|\n|poke|p2|Dragonite, F|\n|poke|p2|Gholdengo|\n|poke|p2|Rillaboom, M|\n|teampreview\n|\n|t:|1700247034\n|start\n|switch|p1a: Salazzle|Salazzle, F|100\/100\n|switch|p2a: Grimmsnarl|Grimmsnarl, M, shiny|100\/100\n|turn|1\n|c|\u2606CoreSolis|ghf\n|\n|t:|1700247040\n|move|p2a: Grimmsnarl|Taunt|p1a: Salazzle\n|-start|p1a: Salazzle|move: Taunt\n|cant|p1a: Salazzle|move: Taunt|Toxic Spikes\n|\n|upkeep\n|turn|2\n|\n|t:|1700247047\n|move|p2a: Grimmsnarl|Reflect|p2a: Grimmsnarl\n|-sidestart|p2: CoreSolis|Reflect\n|move|p1a: Salazzle|Flamethrower|p2a: Grimmsnarl\n|-damage|p2a: Grimmsnarl|71\/100\n|\n|upkeep\n|turn|3\n|\n|t:|1700247055\n|move|p2a: Grimmsnarl|Light Screen|p2a: Grimmsnarl\n|-sidestart|p2: CoreSolis|move: Light Screen\n|move|p1a: Salazzle|Flamethrower|p2a: Grimmsnarl\n|-damage|p2a: Grimmsnarl|55\/100\n|\n|-end|p1a: Salazzle|move: Taunt\n|upkeep\n|turn|4\n|\n|t:|1700247064\n|move|p1a: Salazzle|Toxic Spikes|p2a: Grimmsnarl\n|-sidestart|p2: CoreSolis|move: Toxic Spikes\n|move|p2a: Grimmsnarl|Spirit Break|p1a: Salazzle\n|-resisted|p1a: Salazzle\n|-crit|p1a: Salazzle\n|-damage|p1a: Salazzle|84\/100\n|-unboost|p1a: Salazzle|spa|1\n|\n|-heal|p1a: Salazzle|90\/100|[from] item: Leftovers\n|upkeep\n|turn|5\n|\n|t:|1700247076\n|move|p1a: Salazzle|Flamethrower|p2a: Grimmsnarl\n|-damage|p2a: Grimmsnarl|44\/100\n|move|p2a: Grimmsnarl|Spirit Break|p1a: Salazzle\n|-resisted|p1a: Salazzle\n|-damage|p1a: Salazzle|79\/100\n|-unboost|p1a: Salazzle|spa|1\n|\n|-heal|p1a: Salazzle|85\/100|[from] item: Leftovers\n|upkeep\n|turn|6\n|\n|t:|1700247109\n|switch|p2a: Great Tusk|Great Tusk|100\/100\n|-status|p2a: Great Tusk|psn\n|-enditem|p2a: Great Tusk|Booster Energy\n|-activate|p2a: Great Tusk|ability: Protosynthesis|[fromitem]\n|-start|p2a: Great Tusk|protosynthesisspe\n|move|p1a: Salazzle|Taunt|p2a: Great Tusk\n|-start|p2a: Great Tusk|move: Taunt\n|\n|-heal|p1a: Salazzle|91\/100|[from] item: Leftovers\n|-damage|p2a: Great Tusk|88\/100 psn|[from] psn\n|upkeep\n|turn|7\n|\n|t:|1700247136\n|switch|p1a: Iron Valiant|Iron Valiant|100\/100\n|move|p2a: Great Tusk|Knock Off|p1a: Iron Valiant\n|-resisted|p1a: Iron Valiant\n|-damage|p1a: Iron Valiant|92\/100\n|-enditem|p1a: Iron Valiant|Leftovers|[from] move: Knock Off|[of] p2a: Great Tusk\n|\n|-damage|p2a: Great Tusk|76\/100 psn|[from] psn\n|upkeep\n|turn|8\n|\n|t:|1700247153\n|move|p2a: Great Tusk|Headlong Rush|p1a: Iron Valiant\n|-damage|p1a: Iron Valiant|36\/100\n|-unboost|p2a: Great Tusk|def|1\n|-unboost|p2a: Great Tusk|spd|1\n|move|p1a: Iron Valiant|Dazzling Gleam|p2a: Great Tusk\n|-supereffective|p2a: Great Tusk\n|-damage|p2a: Great Tusk|8\/100 psn\n|\n|-damage|p2a: Great Tusk|0 fnt|[from] psn\n|faint|p2a: Great Tusk\n|-end|p2a: Great Tusk|Protosynthesis|[silent]\n|upkeep\n|inactive|Battle timer is ON: inactive players will automatically lose when time's up. (requested by Ferruos)\n|\n|t:|1700247162\n|switch|p2a: Gholdengo|Gholdengo|100\/100\n|turn|9\n|\n|t:|1700247187\n|-end|p1a: Iron Valiant|Quark Drive|[silent]\n|switch|p1a: Salazzle|Salazzle, F|91\/100\n|move|p2a: Gholdengo|Shadow Ball|p1a: Salazzle\n|-damage|p1a: Salazzle|26\/100\n|\n|-heal|p1a: Salazzle|32\/100|[from] item: Leftovers\n|-sideend|p2: CoreSolis|Reflect\n|upkeep\n|turn|10\n|\n|t:|1700247203\n|switch|p2a: Grimmsnarl|Grimmsnarl, M, shiny|44\/100\n|-status|p2a: Grimmsnarl|psn\n|-terastallize|p1a: Salazzle|Dragon\n|move|p1a: Salazzle|Flamethrower|p2a: Grimmsnarl\n|-damage|p2a: Grimmsnarl|30\/100 psn\n|\n|-heal|p1a: Salazzle|38\/100|[from] item: Leftovers\n|-damage|p2a: Grimmsnarl|17\/100 psn|[from] psn\n|-sideend|p2: CoreSolis|move: Light Screen\n|upkeep\n|turn|11\n|inactive|Ferruos has 120 seconds left.\n|\n|t:|1700247225\n|move|p2a: Grimmsnarl|Light Screen|p2a: Grimmsnarl\n|-sidestart|p2: CoreSolis|move: Light Screen\n|move|p1a: Salazzle|Flamethrower|p2a: Grimmsnarl\n|-damage|p2a: Grimmsnarl|1\/100 psn\n|\n|-heal|p1a: Salazzle|44\/100|[from] item: Leftovers\n|-damage|p2a: Grimmsnarl|0 fnt|[from] psn\n|faint|p2a: Grimmsnarl\n|upkeep\n|\n|t:|1700247237\n|switch|p2a: Gholdengo|Gholdengo|100\/100\n|turn|12\n|inactive|Ferruos has 120 seconds left.\n|\n|t:|1700247247\n|move|p2a: Gholdengo|Shadow Ball|p1a: Salazzle\n|-damage|p1a: Salazzle|0 fnt\n|faint|p1a: Salazzle\n|\n|upkeep\n|inactive|Ferruos has 120 seconds left.\n|\n|t:|1700247255\n|switch|p1a: Samurott|Samurott-Hisui, M|100\/100\n|turn|13\n|inactive|Ferruos has 120 seconds left.\n|\n|t:|1700247273\n|-terastallize|p2a: Gholdengo|Fighting\n|move|p2a: Gholdengo|Focus Blast|p1a: Samurott|[miss]\n|-miss|p2a: Gholdengo|p1a: Samurott\n|move|p1a: Samurott|X-Scissor|p2a: Gholdengo\n|-resisted|p2a: Gholdengo\n|-damage|p2a: Gholdengo|89\/100\n|\n|upkeep\n|turn|14\n|inactive|Ferruos has 120 seconds left.\n|\n|t:|1700247287\n|move|p2a: Gholdengo|Nasty Plot|p2a: Gholdengo\n|-boost|p2a: Gholdengo|spa|2\n|move|p1a: Samurott|Air Slash|p2a: Gholdengo\n|-supereffective|p2a: Gholdengo\n|-damage|p2a: Gholdengo|66\/100\n|\n|upkeep\n|turn|15\n|inactive|Ferruos has 120 seconds left.\n|\n|t:|1700247306\n|move|p2a: Gholdengo|Focus Blast|p1a: Samurott|[miss]\n|-miss|p2a: Gholdengo|p1a: Samurott\n|move|p1a: Samurott|Air Slash|p2a: Gholdengo\n|-supereffective|p2a: Gholdengo\n|-damage|p2a: Gholdengo|45\/100\n|\n|upkeep\n|turn|16\n|\n|t:|1700247321\n|move|p2a: Gholdengo|Focus Blast|p1a: Samurott|[miss]\n|-miss|p2a: Gholdengo|p1a: Samurott\n|move|p1a: Samurott|Air Slash|p2a: Gholdengo\n|-supereffective|p2a: Gholdengo\n|-damage|p2a: Gholdengo|22\/100\n|-enditem|p2a: Gholdengo|Salac Berry|[eat]\n|-boost|p2a: Gholdengo|spe|1|[from] item: Salac Berry\n|\n|upkeep\n|turn|17\n|\n|t:|1700247332\n|move|p2a: Gholdengo|Focus Blast|p1a: Samurott\n|-supereffective|p1a: Samurott\n|-damage|p1a: Samurott|0 fnt\n|faint|p1a: Samurott\n|\n|upkeep\n|\n|t:|1700247340\n|switch|p1a: Articuno|Articuno-Galar|100\/100\n|turn|18\n|\n|t:|1700247346\n|move|p2a: Gholdengo|Shadow Ball|p1a: Articuno\n|-supereffective|p1a: Articuno\n|-damage|p1a: Articuno|0 fnt\n|faint|p1a: Articuno\n|\n|-sideend|p2: CoreSolis|move: Light Screen\n|upkeep\n|\n|t:|1700247354\n|switch|p1a: Decidueye|Decidueye, M|100\/100\n|turn|19\n|inactive|Ferruos has 120 seconds left.\n|\n|t:|1700247363\n|move|p2a: Gholdengo|Shadow Ball|p1a: Decidueye\n|-supereffective|p1a: Decidueye\n|-damage|p1a: Decidueye|0 fnt\n|faint|p1a: Decidueye\n|\n|upkeep\n|inactive|Ferruos has 120 seconds left.\n|\n|t:|1700247369\n|switch|p1a: Magnezone|Magnezone|100\/100\n|turn|20\n|\n|t:|1700247376\n|move|p2a: Gholdengo|Focus Blast|p1a: Magnezone|[miss]\n|-miss|p2a: Gholdengo|p1a: Magnezone\n|move|p1a: Magnezone|Tri Attack|p2a: Gholdengo\n|-damage|p2a: Gholdengo|0 fnt\n|faint|p2a: Gholdengo\n|\n|upkeep\n|\n|t:|1700247394\n|switch|p2a: GreenUVLight|Ribombee, F|100\/100\n|-status|p2a: GreenUVLight|psn\n|turn|21\n|\n|t:|1700247402\n|move|p2a: GreenUVLight|Quiver Dance|p2a: GreenUVLight\n|-boost|p2a: GreenUVLight|spa|1\n|-boost|p2a: GreenUVLight|spd|1\n|-boost|p2a: GreenUVLight|spe|1\n|move|p1a: Magnezone|Flash Cannon|p2a: GreenUVLight\n|-supereffective|p2a: GreenUVLight\n|-damage|p2a: GreenUVLight|29\/100 psn\n|\n|-damage|p2a: GreenUVLight|16\/100 psn|[from] psn\n|upkeep\n|turn|22\n|\n|t:|1700247415\n|move|p2a: GreenUVLight|Tera Blast|p1a: Magnezone\n|-resisted|p1a: Magnezone\n|-damage|p1a: Magnezone|82\/100\n|-damage|p2a: GreenUVLight|7\/100 psn|[from] item: Life Orb\n|move|p1a: Magnezone|Flash Cannon|p2a: GreenUVLight\n|-supereffective|p2a: GreenUVLight\n|-damage|p2a: GreenUVLight|0 fnt\n|faint|p2a: GreenUVLight\n|\n|-heal|p1a: Magnezone|88\/100|[from] item: Leftovers\n|upkeep\n|\n|t:|1700247424\n|switch|p2a: Rillaboom|Rillaboom, M|100\/100\n|-status|p2a: Rillaboom|psn\n|-fieldstart|move: Grassy Terrain|[from] ability: Grassy Surge|[of] p2a: Rillaboom\n|turn|23\n|\n|t:|1700247435\n|move|p2a: Rillaboom|Swords Dance|p2a: Rillaboom\n|-boost|p2a: Rillaboom|atk|2\n|move|p1a: Magnezone|Tri Attack|p2a: Rillaboom\n|-damage|p2a: Rillaboom|65\/100 psn\n|\n|-heal|p2a: Rillaboom|71\/100 psn|[from] Grassy Terrain\n|-heal|p1a: Magnezone|94\/100|[from] Grassy Terrain\n|-heal|p1a: Magnezone|99\/100|[from] item: Leftovers\n|-damage|p2a: Rillaboom|59\/100 psn|[from] psn\n|upkeep\n|turn|24\n|\n|t:|1700247455\n|move|p2a: Rillaboom|Drain Punch|p1a: Magnezone\n|-supereffective|p1a: Magnezone\n|-damage|p1a: Magnezone|0 fnt\n|-heal|p2a: Rillaboom|100\/100 psn|[from] drain|[of] p1a: Magnezone\n|faint|p1a: Magnezone\n|-damage|p2a: Rillaboom|91\/100 psn|[from] item: Life Orb\n|\n|-heal|p2a: Rillaboom|97\/100 psn|[from] Grassy Terrain\n|-damage|p2a: Rillaboom|84\/100 psn|[from] psn\n|upkeep\n|\n|t:|1700247466\n|switch|p1a: Iron Valiant|Iron Valiant|36\/100\n|turn|25\n|\n|t:|1700247475\n|move|p2a: Rillaboom|Grassy Glide|p1a: Iron Valiant\n|-damage|p1a: Iron Valiant|0 fnt\n|faint|p1a: Iron Valiant\n|-end|p1a: Iron Valiant|Quark Drive|[silent]\n|-damage|p2a: Rillaboom|74\/100 psn|[from] item: Life Orb\n|\n|win|CoreSolis\n|raw|Ferruos's rating: 1058 &rarr; <strong>1038<\/strong><br \/>(-20 for losing)\n|raw|CoreSolis's rating: 1037 &rarr; <strong>1074<\/strong><br \/>(+37 for winning)\n|c|\u2606CoreSolis|hh\n|c|\u2606Ferruos|Gg\n|c|\u2606CoreSolis|gg\n|c|\u2606CoreSolis|mb typo\n|c|\u2606Ferruos|Good match\n|c|\u2606CoreSolis|fr\n","uploadtime":1700247511,"views":23,"p1id":"ferruos","p2id":"coresolis","formatid":"gen9ou","rating":1038,"private":0,"password":""}