{"id":"gen9ou-1993013003","p1":"Poison Ivy Thorns","p2":"MasterHand","format":"[Gen 9] OU","log":"|j|\u2606Poison Ivy Thorns\n|j|\u2606MasterHand\n|t:|1700255455\n|gametype|singles\n|player|p1|Poison Ivy Thorns|rei|1339\n|player|p2|MasterHand|volkner|1421\n|teamsize|p1|6\n|teamsize|p2|6\n|gen|9\n|tier|[Gen 9] OU\n|rated|\n|rule|Sleep Clause Mod: Limit one foe put to sleep\n|rule|Species Clause: Limit one of each Pok\u00e9mon\n|rule|OHKO Clause: OHKO moves are banned\n|rule|Evasion Items Clause: Evasion items are banned\n|rule|Evasion Moves Clause: Evasion moves are banned\n|rule|Endless Battle Clause: Forcing endless battles is banned\n|rule|HP Percentage Mod: HP is shown in percentages\n|clearpoke\n|poke|p1|Great Tusk|\n|poke|p1|Walking Wake|\n|poke|p1|Torkoal, M|\n|poke|p1|Gholdengo|\n|poke|p1|Hatterene, F|\n|poke|p1|Shiftry, F|\n|poke|p2|Kommo-o, M|\n|poke|p2|Dragapult, F|\n|poke|p2|Iron Moth|\n|poke|p2|Infernape, F|\n|poke|p2|Mandibuzz, F|\n|poke|p2|Iron Treads|\n|teampreview\n|\n|t:|1700255529\n|start\n|switch|p1a: Walking Wake|Walking Wake|100\/100\n|switch|p2a: Mandibuzz|Mandibuzz, F|100\/100\n|turn|1\n|\n|t:|1700255541\n|switch|p2a: Kommo-o|Kommo-o, M|100\/100\n|move|p1a: Walking Wake|Draco Meteor|p2a: Kommo-o|[miss]\n|-miss|p1a: Walking Wake|p2a: Kommo-o\n|\n|upkeep\n|turn|2\n|c|\u2606Poison Ivy Thorns|nice\n|\n|t:|1700255555\n|move|p1a: Walking Wake|Draco Meteor|p2a: Kommo-o\n|-supereffective|p2a: Kommo-o\n|-damage|p2a: Kommo-o|0 fnt\n|-unboost|p1a: Walking Wake|spa|2\n|faint|p2a: Kommo-o\n|\n|upkeep\n|inactive|Battle timer is ON: inactive players will automatically lose when time's up. (requested by Poison Ivy Thorns)\n|\n|t:|1700255557\n|switch|p2a: Dragapult|Dragapult, F, shiny|100\/100\n|turn|3\n|\n|t:|1700255561\n|-end|p1a: Walking Wake|Protosynthesis|[silent]\n|switch|p1a: Hatterene|Hatterene, F|100\/100\n|move|p2a: Dragapult|U-turn|p1a: Hatterene\n|-damage|p1a: Hatterene|72\/100\n|-enditem|p1a: Hatterene|Eject Button\n|\n|t:|1700255564\n|switch|p1a: Torkoal|Torkoal, M|100\/100\n|-weather|SunnyDay|[from] ability: Drought|[of] p1a: Torkoal\n|\n|-weather|SunnyDay|[upkeep]\n|upkeep\n|turn|4\n|\n|t:|1700255574\n|move|p2a: Dragapult|U-turn|p1a: Torkoal\n|-resisted|p1a: Torkoal\n|-damage|p1a: Torkoal|86\/100\n|\n|t:|1700255575\n|switch|p2a: Mandibuzz|Mandibuzz, F|100\/100|[from] U-turn\n|move|p1a: Torkoal|Stealth Rock|p2a: Mandibuzz\n|-sidestart|p2: MasterHand|move: Stealth Rock\n|\n|-weather|SunnyDay|[upkeep]\n|upkeep\n|turn|5\n|\n|t:|1700255581\n|switch|p1a: Walking Wake|Walking Wake|100\/100\n|-activate|p1a: Walking Wake|ability: Protosynthesis\n|-start|p1a: Walking Wake|protosynthesisspa\n|move|p2a: Mandibuzz|Mean Look|p1a: Walking Wake\n|-activate|p1a: Walking Wake|trapped\n|\n|-weather|SunnyDay|[upkeep]\n|upkeep\n|turn|6\n|\n|t:|1700255590\n|move|p1a: Walking Wake|Hydro Steam|p2a: Mandibuzz\n|-damage|p2a: Mandibuzz|27\/100\n|move|p2a: Mandibuzz|Toxic|p1a: Walking Wake|[miss]\n|-miss|p2a: Mandibuzz|p1a: Walking Wake\n|\n|-weather|SunnyDay|[upkeep]\n|upkeep\n|turn|7\n|\n|t:|1700255596\n|move|p1a: Walking Wake|Hydro Steam|p2a: Mandibuzz\n|-damage|p2a: Mandibuzz|0 fnt\n|faint|p2a: Mandibuzz\n|\n|-weather|SunnyDay|[upkeep]\n|upkeep\n|\n|t:|1700255605\n|switch|p2a: Dragapult|Dragapult, F, shiny|100\/100\n|-damage|p2a: Dragapult|88\/100|[from] Stealth Rock\n|turn|8\n|\n|t:|1700255626\n|-end|p1a: Walking Wake|Protosynthesis|[silent]\n|switch|p1a: Hatterene|Hatterene, F|72\/100\n|move|p2a: Dragapult|U-turn|p1a: Hatterene\n|-damage|p1a: Hatterene|40\/100\n|\n|t:|1700255629\n|switch|p2a: Iron Treads|Iron Treads|100\/100|[from] U-turn\n|\n|-weather|SunnyDay|[upkeep]\n|upkeep\n|turn|9\n|\n|t:|1700255635\n|switch|p1a: Gholdengo|Gholdengo|100\/100\n|-item|p1a: Gholdengo|Air Balloon\n|move|p2a: Iron Treads|Iron Head|p1a: Gholdengo\n|-resisted|p1a: Gholdengo\n|-damage|p1a: Gholdengo|89\/100\n|-enditem|p1a: Gholdengo|Air Balloon\n|\n|-weather|SunnyDay|[upkeep]\n|upkeep\n|turn|10\n|\n|t:|1700255639\n|move|p2a: Iron Treads|Earth Power|p1a: Gholdengo\n|-supereffective|p1a: Gholdengo\n|-damage|p1a: Gholdengo|22\/100\n|move|p1a: Gholdengo|Shadow Ball|p2a: Iron Treads\n|-damage|p2a: Iron Treads|45\/100\n|\n|-weather|none\n|upkeep\n|turn|11\n|\n|t:|1700255647\n|switch|p1a: Torkoal|Torkoal, M|86\/100\n|-weather|SunnyDay|[from] ability: Drought|[of] p1a: Torkoal\n|move|p2a: Iron Treads|Earth Power|p1a: Torkoal\n|-supereffective|p1a: Torkoal\n|-damage|p1a: Torkoal|23\/100\n|\n|-weather|SunnyDay|[upkeep]\n|upkeep\n|turn|12\n|\n|t:|1700255652\n|switch|p1a: Gholdengo|Gholdengo|22\/100\n|move|p2a: Iron Treads|Rapid Spin|p1a: Gholdengo\n|-immune|p1a: Gholdengo\n|\n|-weather|SunnyDay|[upkeep]\n|upkeep\n|turn|13\n|\n|t:|1700255662\n|move|p2a: Iron Treads|Earth Power|p1a: Gholdengo\n|-supereffective|p1a: Gholdengo\n|-damage|p1a: Gholdengo|0 fnt\n|faint|p1a: Gholdengo\n|\n|-weather|SunnyDay|[upkeep]\n|upkeep\n|\n|t:|1700255672\n|switch|p1a: Shiftry|Shiftry, F|100\/100\n|turn|14\n|\n|t:|1700255688\n|move|p1a: Shiftry|Solar Blade||[still]\n|-prepare|p1a: Shiftry|Solar Blade\n|-anim|p1a: Shiftry|Solar Blade|p2a: Iron Treads\n|-damage|p2a: Iron Treads|0 fnt\n|faint|p2a: Iron Treads\n|-end|p2a: Iron Treads|Quark Drive|[silent]\n|-damage|p1a: Shiftry|91\/100|[from] item: Life Orb\n|\n|-weather|SunnyDay|[upkeep]\n|upkeep\n|\n|t:|1700255693\n|switch|p2a: Infernape|Infernape, F|100\/100\n|-damage|p2a: Infernape|88\/100|[from] Stealth Rock\n|turn|15\n|\n|t:|1700255706\n|switch|p1a: Hatterene|Hatterene, F|40\/100\n|move|p2a: Infernape|Overheat|p1a: Hatterene\n|-damage|p1a: Hatterene|0 fnt\n|-unboost|p2a: Infernape|spa|2\n|faint|p1a: Hatterene\n|\n|-weather|SunnyDay|[upkeep]\n|upkeep\n|\n|t:|1700255708\n|switch|p1a: Walking Wake|Walking Wake|100\/100\n|-activate|p1a: Walking Wake|ability: Protosynthesis\n|-start|p1a: Walking Wake|protosynthesisspa\n|turn|16\n|\n|t:|1700255722\n|move|p2a: Infernape|Overheat|p1a: Walking Wake\n|-resisted|p1a: Walking Wake\n|-damage|p1a: Walking Wake|87\/100\n|-unboost|p2a: Infernape|spa|2\n|move|p1a: Walking Wake|Hydro Steam|p2a: Infernape\n|-supereffective|p2a: Infernape\n|-damage|p2a: Infernape|0 fnt\n|faint|p2a: Infernape\n|\n|-weather|SunnyDay|[upkeep]\n|upkeep\n|\n|t:|1700255734\n|switch|p2a: Dragapult|Dragapult, F, shiny|88\/100\n|-damage|p2a: Dragapult|76\/100|[from] Stealth Rock\n|turn|17\n|\n|t:|1700255744\n|-end|p1a: Walking Wake|Protosynthesis|[silent]\n|switch|p1a: Great Tusk|Great Tusk|100\/100\n|-activate|p1a: Great Tusk|ability: Protosynthesis\n|-start|p1a: Great Tusk|protosynthesisatk\n|-terastallize|p2a: Dragapult|Dragon\n|move|p2a: Dragapult|Dragon Darts|p1a: Great Tusk\n|-crit|p1a: Great Tusk\n|-damage|p1a: Great Tusk|37\/100\n|-anim|p2a: Dragapult|Dragon Darts|p1a: Great Tusk\n|-damage|p1a: Great Tusk|0 fnt\n|faint|p1a: Great Tusk\n|-end|p1a: Great Tusk|Protosynthesis|[silent]\n|\n|-weather|SunnyDay|[upkeep]\n|upkeep\n|\n|t:|1700255750\n|switch|p1a: Shiftry|Shiftry, F|91\/100\n|turn|18\n|inactive|Poison Ivy Thorns has 120 seconds left.\n|inactive|Poison Ivy Thorns has 90 seconds left.\n|inactive|Poison Ivy Thorns has 60 seconds left.\n|c|\u2606MasterHand|??\n|\n|t:|1700255853\n|switch|p2a: Iron Moth|Iron Moth|100\/100\n|-damage|p2a: Iron Moth|75\/100|[from] Stealth Rock\n|-enditem|p2a: Iron Moth|Booster Energy\n|-activate|p2a: Iron Moth|ability: Quark Drive|[fromitem]\n|-start|p2a: Iron Moth|quarkdrivespe\n|-terastallize|p1a: Shiftry|Grass\n|move|p1a: Shiftry|Solar Blade||[still]\n|-prepare|p1a: Shiftry|Solar Blade\n|-anim|p1a: Shiftry|Solar Blade|p2a: Iron Moth\n|-resisted|p2a: Iron Moth\n|-damage|p2a: Iron Moth|32\/100\n|-damage|p1a: Shiftry|81\/100|[from] item: Life Orb\n|\n|-weather|none\n|upkeep\n|turn|19\n|\n|t:|1700255865\n|switch|p1a: Torkoal|Torkoal, M|23\/100\n|-weather|SunnyDay|[from] ability: Drought|[of] p1a: Torkoal\n|move|p2a: Iron Moth|Sludge Wave|p1a: Torkoal\n|-damage|p1a: Torkoal|0 fnt\n|faint|p1a: Torkoal\n|\n|-weather|SunnyDay|[upkeep]\n|upkeep\n|\n|t:|1700255872\n|switch|p1a: Walking Wake|Walking Wake|87\/100\n|-activate|p1a: Walking Wake|ability: Protosynthesis\n|-start|p1a: Walking Wake|protosynthesisspa\n|turn|20\n|\n|t:|1700255886\n|move|p2a: Iron Moth|Sludge Wave|p1a: Walking Wake\n|-crit|p1a: Walking Wake\n|-damage|p1a: Walking Wake|5\/100\n|move|p1a: Walking Wake|Dragon Pulse|p2a: Iron Moth\n|-damage|p2a: Iron Moth|0 fnt\n|faint|p2a: Iron Moth\n|-end|p2a: Iron Moth|Quark Drive|[silent]\n|\n|-weather|SunnyDay|[upkeep]\n|upkeep\n|\n|t:|1700255890\n|switch|p2a: Dragapult|Dragapult, F, shiny, tera:Dragon|76\/100\n|-damage|p2a: Dragapult|64\/100|[from] Stealth Rock\n|turn|21\n|\n|t:|1700255897\n|move|p2a: Dragapult|Dragon Darts|p1a: Walking Wake\n|-supereffective|p1a: Walking Wake\n|-damage|p1a: Walking Wake|0 fnt\n|faint|p1a: Walking Wake\n|-end|p1a: Walking Wake|Protosynthesis|[silent]\n|\n|-weather|SunnyDay|[upkeep]\n|upkeep\n|\n|t:|1700255900\n|switch|p1a: Shiftry|Shiftry, F, tera:Grass|81\/100\n|turn|22\n|c|\u2606MasterHand|Gg\n|\n|t:|1700255909\n|move|p1a: Shiftry|Solar Blade||[still]\n|-prepare|p1a: Shiftry|Solar Blade\n|-anim|p1a: Shiftry|Solar Blade|p2a: Dragapult\n|-resisted|p2a: Dragapult\n|-damage|p2a: Dragapult|0 fnt\n|faint|p2a: Dragapult\n|-damage|p1a: Shiftry|71\/100|[from] item: Life Orb\n|\n|win|Poison Ivy Thorns\n|raw|Poison Ivy Thorns's rating: 1339 &rarr; <strong>1364<\/strong><br \/>(+25 for winning)\n|raw|MasterHand's rating: 1421 &rarr; <strong>1396<\/strong><br \/>(-25 for losing)\n|c|\u2606Poison Ivy Thorns|gg\n","uploadtime":1700255951,"views":11,"p1id":"poisonivythorns","p2id":"masterhand","formatid":"gen9ou","rating":1364,"private":0,"password":""}