{"id":"gen9ou-1988976060","p1":"YELLOW MOTOROLA","p2":"1owercase","format":"[Gen 9] OU","log":"|j|\u2606YELLOW MOTOROLA\n|j|\u26061owercase\n|t:|1699797204\n|gametype|singles\n|player|p1|YELLOW MOTOROLA|rocker-gen3|1540\n|player|p2|1owercase|flannery|1483\n|teamsize|p1|6\n|teamsize|p2|6\n|gen|9\n|tier|[Gen 9] OU\n|rated|\n|rule|Sleep Clause Mod: Limit one foe put to sleep\n|rule|Species Clause: Limit one of each Pok\u00e9mon\n|rule|OHKO Clause: OHKO moves are banned\n|rule|Evasion Items Clause: Evasion items are banned\n|rule|Evasion Moves Clause: Evasion moves are banned\n|rule|Endless Battle Clause: Forcing endless battles is banned\n|rule|HP Percentage Mod: HP is shown in percentages\n|clearpoke\n|poke|p1|Scizor, F|\n|poke|p1|Ogerpon-Wellspring, F|\n|poke|p1|Dragapult, M|\n|poke|p1|Weezing-Galar, M|\n|poke|p1|Iron Valiant|\n|poke|p1|Ting-Lu|\n|poke|p2|Ogerpon, F|\n|poke|p2|Weavile, F|\n|poke|p2|Clefable, F|\n|poke|p2|Zamazenta-*|\n|poke|p2|Gholdengo|\n|poke|p2|Dondozo, F|\n|teampreview\n|inactive|Battle timer is ON: inactive players will automatically lose when time's up. (requested by YELLOW MOTOROLA)\n|\n|t:|1699797229\n|start\n|switch|p1a: Mr. Krabs|Scizor, F, shiny|100\/100\n|switch|p2a: Clefable|Clefable, F|100\/100\n|turn|1\n|\n|t:|1699797239\n|move|p1a: Mr. Krabs|Bullet Punch|p2a: Clefable\n|-supereffective|p2a: Clefable\n|-damage|p2a: Clefable|3\/100\n|-damage|p1a: Mr. Krabs|91\/100|[from] item: Life Orb\n|move|p2a: Clefable|Stealth Rock|p1a: Mr. Krabs\n|-sidestart|p1: YELLOW MOTOROLA|move: Stealth Rock\n|\n|upkeep\n|turn|2\n|\n|t:|1699797256\n|switch|p1a: God Hand|Ting-Lu|100\/100\n|-damage|p1a: God Hand|94\/100|[from] Stealth Rock\n|-ability|p1a: God Hand|Vessel of Ruin\n|switch|p2a: Dondozo|Dondozo, F|100\/100\n|\n|-heal|p1a: God Hand|100\/100|[from] item: Leftovers\n|upkeep\n|turn|3\n|\n|t:|1699797264\n|move|p1a: God Hand|Stealth Rock|p2a: Dondozo\n|-sidestart|p2: 1owercase|move: Stealth Rock\n|move|p2a: Dondozo|Liquidation|p1a: God Hand\n|-supereffective|p1a: God Hand\n|-damage|p1a: God Hand|69\/100\n|\n|-heal|p1a: God Hand|75\/100|[from] item: Leftovers\n|upkeep\n|turn|4\n|\n|t:|1699797269\n|switch|p1a: Katara\ud83c\udf0a|Ogerpon-Wellspring, F|100\/100\n|-damage|p1a: Katara\ud83c\udf0a|88\/100|[from] Stealth Rock\n|move|p2a: Dondozo|Liquidation|p1a: Katara\ud83c\udf0a\n|-heal|p1a: Katara\ud83c\udf0a|100\/100|[from] ability: Water Absorb|[of] p2a: Dondozo\n|\n|upkeep\n|turn|5\n|\n|t:|1699797273\n|switch|p2a: Ogerpon|Ogerpon, F|100\/100\n|move|p1a: Katara\ud83c\udf0a|Ivy Cudgel|p2a: Ogerpon\n|-resisted|p2a: Ogerpon\n|-damage|p2a: Ogerpon|65\/100\n|\n|upkeep\n|turn|6\n|\n|t:|1699797280\n|switch|p1a: Capone \"Gang\" Bege|Weezing-Galar, M|100\/100\n|-ability|p1a: Capone \"Gang\" Bege|Neutralizing Gas\n|-damage|p1a: Capone \"Gang\" Bege|88\/100|[from] Stealth Rock\n|move|p2a: Ogerpon|Ivy Cudgel|p1a: Capone \"Gang\" Bege\n|-resisted|p1a: Capone \"Gang\" Bege\n|-damage|p1a: Capone \"Gang\" Bege|74\/100\n|\n|-heal|p1a: Capone \"Gang\" Bege|80\/100|[from] item: Leftovers\n|upkeep\n|turn|7\n|\n|t:|1699797295\n|switch|p2a: Gholdengo|Gholdengo|100\/100\n|-damage|p2a: Gholdengo|94\/100|[from] Stealth Rock\n|-item|p2a: Gholdengo|Air Balloon\n|move|p1a: Capone \"Gang\" Bege|Strange Steam|p2a: Gholdengo\n|-resisted|p2a: Gholdengo\n|-damage|p2a: Gholdengo|81\/100\n|-enditem|p2a: Gholdengo|Air Balloon\n|\n|-heal|p1a: Capone \"Gang\" Bege|86\/100|[from] item: Leftovers\n|upkeep\n|turn|8\n|\n|t:|1699797304\n|-end|p1a: Capone \"Gang\" Bege|ability: Neutralizing Gas\n|switch|p1a: God Hand|Ting-Lu|75\/100\n|-damage|p1a: God Hand|69\/100|[from] Stealth Rock\n|-ability|p1a: God Hand|Vessel of Ruin\n|move|p2a: Gholdengo|Make It Rain|p1a: God Hand\n|-crit|p1a: God Hand\n|-damage|p1a: God Hand|34\/100\n|-unboost|p2a: Gholdengo|spa|1\n|\n|-heal|p1a: God Hand|40\/100|[from] item: Leftovers\n|upkeep\n|turn|9\n|\n|t:|1699797309\n|switch|p2a: Ogerpon|Ogerpon, F|65\/100\n|move|p1a: God Hand|Earthquake|p2a: Ogerpon\n|-resisted|p2a: Ogerpon\n|-crit|p2a: Ogerpon\n|-damage|p2a: Ogerpon|32\/100\n|\n|-heal|p1a: God Hand|46\/100|[from] item: Leftovers\n|upkeep\n|turn|10\n|\n|t:|1699797313\n|switch|p1a: Capone \"Gang\" Bege|Weezing-Galar, M|86\/100\n|-ability|p1a: Capone \"Gang\" Bege|Neutralizing Gas\n|-damage|p1a: Capone \"Gang\" Bege|74\/100|[from] Stealth Rock\n|move|p2a: Ogerpon|Synthesis|p2a: Ogerpon\n|-heal|p2a: Ogerpon|81\/100\n|\n|-heal|p1a: Capone \"Gang\" Bege|80\/100|[from] item: Leftovers\n|upkeep\n|turn|11\n|\n|t:|1699797321\n|switch|p2a: Gholdengo|Gholdengo|81\/100\n|-damage|p2a: Gholdengo|75\/100|[from] Stealth Rock\n|move|p1a: Capone \"Gang\" Bege|Will-O-Wisp|p2a: Gholdengo\n|-status|p2a: Gholdengo|brn\n|\n|-heal|p1a: Capone \"Gang\" Bege|86\/100|[from] item: Leftovers\n|-damage|p2a: Gholdengo|69\/100 brn|[from] brn\n|upkeep\n|turn|12\n|\n|t:|1699797338\n|-end|p1a: Capone \"Gang\" Bege|ability: Neutralizing Gas\n|switch|p1a: God Hand|Ting-Lu|46\/100\n|-damage|p1a: God Hand|40\/100|[from] Stealth Rock\n|-ability|p1a: God Hand|Vessel of Ruin\n|move|p2a: Gholdengo|Shadow Ball|p1a: God Hand\n|-resisted|p1a: God Hand\n|-damage|p1a: God Hand|33\/100\n|-unboost|p1a: God Hand|spd|1\n|\n|-heal|p1a: God Hand|39\/100|[from] item: Leftovers\n|-damage|p2a: Gholdengo|63\/100 brn|[from] brn\n|upkeep\n|turn|13\n|\n|t:|1699797344\n|move|p2a: Gholdengo|Make It Rain|p1a: God Hand\n|-damage|p1a: God Hand|7\/100\n|-unboost|p2a: Gholdengo|spa|1\n|move|p1a: God Hand|Ruination|p2a: Gholdengo\n|-damage|p2a: Gholdengo|32\/100 brn\n|\n|-heal|p1a: God Hand|13\/100|[from] item: Leftovers\n|-damage|p2a: Gholdengo|26\/100 brn|[from] brn\n|upkeep\n|turn|14\n|\n|t:|1699797363\n|move|p2a: Gholdengo|Recover|p2a: Gholdengo\n|-heal|p2a: Gholdengo|76\/100 brn\n|move|p1a: God Hand|Earthquake|p2a: Gholdengo\n|-supereffective|p2a: Gholdengo\n|-damage|p2a: Gholdengo|23\/100 brn\n|\n|-heal|p1a: God Hand|20\/100|[from] item: Leftovers\n|-damage|p2a: Gholdengo|17\/100 brn|[from] brn\n|upkeep\n|turn|15\n|\n|t:|1699797373\n|move|p2a: Gholdengo|Recover|p2a: Gholdengo\n|-heal|p2a: Gholdengo|67\/100 brn\n|move|p1a: God Hand|Earthquake|p2a: Gholdengo\n|-supereffective|p2a: Gholdengo\n|-damage|p2a: Gholdengo|17\/100 brn\n|\n|-heal|p1a: God Hand|26\/100|[from] item: Leftovers\n|-damage|p2a: Gholdengo|11\/100 brn|[from] brn\n|upkeep\n|turn|16\n|\n|t:|1699797378\n|move|p2a: Gholdengo|Make It Rain|p1a: God Hand\n|-damage|p1a: God Hand|5\/100\n|-unboost|p2a: Gholdengo|spa|1\n|move|p1a: God Hand|Earthquake|p2a: Gholdengo\n|-supereffective|p2a: Gholdengo\n|-damage|p2a: Gholdengo|0 fnt\n|faint|p2a: Gholdengo\n|\n|-heal|p1a: God Hand|11\/100|[from] item: Leftovers\n|upkeep\n|\n|t:|1699797383\n|switch|p2a: Weavile|Weavile, F|100\/100\n|-ability|p2a: Weavile|Pressure\n|turn|17\n|\n|t:|1699797387\n|move|p2a: Weavile|Ice Spinner|p1a: God Hand\n|-supereffective|p1a: God Hand\n|-damage|p1a: God Hand|0 fnt\n|faint|p1a: God Hand\n|\n|upkeep\n|\n|t:|1699797407\n|switch|p1a: Shenron \ud83d\udc09|Dragapult, M|100\/100\n|-damage|p1a: Shenron \ud83d\udc09|88\/100|[from] Stealth Rock\n|turn|18\n|\n|t:|1699797417\n|switch|p2a: Clefable|Clefable, F|3\/100\n|move|p1a: Shenron \ud83d\udc09|U-turn|p2a: Clefable\n|-resisted|p2a: Clefable\n|-damage|p2a: Clefable|0 fnt\n|faint|p2a: Clefable\n|\n|t:|1699797423\n|switch|p1a: Capone \"Gang\" Bege|Weezing-Galar, M|86\/100|[from] U-turn\n|-ability|p1a: Capone \"Gang\" Bege|Neutralizing Gas\n|-damage|p1a: Capone \"Gang\" Bege|73\/100|[from] Stealth Rock\n|\n|-heal|p1a: Capone \"Gang\" Bege|79\/100|[from] item: Leftovers\n|upkeep\n|\n|t:|1699797437\n|switch|p2a: Zamazenta|Zamazenta|100\/100\n|turn|19\n|\n|t:|1699797442\n|move|p2a: Zamazenta|Heavy Slam|p1a: Capone \"Gang\" Bege\n|-supereffective|p1a: Capone \"Gang\" Bege\n|-damage|p1a: Capone \"Gang\" Bege|27\/100\n|move|p1a: Capone \"Gang\" Bege|Will-O-Wisp|p2a: Zamazenta\n|-status|p2a: Zamazenta|brn\n|\n|-heal|p1a: Capone \"Gang\" Bege|33\/100|[from] item: Leftovers\n|-damage|p2a: Zamazenta|94\/100 brn|[from] brn\n|upkeep\n|turn|20\n|\n|t:|1699797448\n|move|p2a: Zamazenta|Heavy Slam|p1a: Capone \"Gang\" Bege\n|-supereffective|p1a: Capone \"Gang\" Bege\n|-damage|p1a: Capone \"Gang\" Bege|4\/100\n|move|p1a: Capone \"Gang\" Bege|Pain Split|p2a: Zamazenta\n|-sethp|p2a: Zamazenta|49\/100 brn|[from] move: Pain Split|[silent]\n|-sethp|p1a: Capone \"Gang\" Bege|48\/100|[from] move: Pain Split\n|\n|-heal|p1a: Capone \"Gang\" Bege|54\/100|[from] item: Leftovers\n|-damage|p2a: Zamazenta|43\/100 brn|[from] brn\n|upkeep\n|turn|21\n|\n|t:|1699797452\n|move|p2a: Zamazenta|Heavy Slam|p1a: Capone \"Gang\" Bege\n|-supereffective|p1a: Capone \"Gang\" Bege\n|-damage|p1a: Capone \"Gang\" Bege|24\/100\n|move|p1a: Capone \"Gang\" Bege|Strange Steam|p2a: Zamazenta\n|-supereffective|p2a: Zamazenta\n|-damage|p2a: Zamazenta|0 fnt\n|faint|p2a: Zamazenta\n|\n|-heal|p1a: Capone \"Gang\" Bege|30\/100|[from] item: Leftovers\n|upkeep\n|\n|t:|1699797458\n|switch|p2a: Dondozo|Dondozo, F|100\/100\n|turn|22\n|-message|1owercase forfeited.\n|\n|win|YELLOW MOTOROLA\n|raw|YELLOW MOTOROLA's rating: 1540 &rarr; <strong>1557<\/strong><br \/>(+17 for winning)\n|raw|1owercase's rating: 1483 &rarr; <strong>1466<\/strong><br \/>(-17 for losing)\n|l|\u26061owercase\n","uploadtime":1699797468,"views":8,"p1id":"yellowmotorola","p2id":"1owercase","formatid":"gen9ou","rating":1466,"private":0,"password":""}