{"id":"gen9ou-1988443767","p1":"2t4irw47t0h34v3n","p2":"Peaclock2","format":"[Gen 9] OU","log":"|j|\u26062t4irw47t0h34v3n\n|j|\u2606Peaclock2\n|t:|1699723540\n|gametype|singles\n|player|p1|2t4irw47t0h34v3n|riley|1179\n|player|p2|Peaclock2|nurse|1102\n|teamsize|p1|6\n|teamsize|p2|6\n|gen|9\n|tier|[Gen 9] OU\n|rated|\n|rule|Sleep Clause Mod: Limit one foe put to sleep\n|rule|Species Clause: Limit one of each Pok\u00e9mon\n|rule|OHKO Clause: OHKO moves are banned\n|rule|Evasion Items Clause: Evasion items are banned\n|rule|Evasion Moves Clause: Evasion moves are banned\n|rule|Endless Battle Clause: Forcing endless battles is banned\n|rule|HP Percentage Mod: HP is shown in percentages\n|clearpoke\n|poke|p1|Ceruledge, M|\n|poke|p1|Azumarill, F|\n|poke|p1|Lilligant-Hisui, F|\n|poke|p1|Toxtricity, M|\n|poke|p1|Weavile, M|\n|poke|p1|Ribombee, F|\n|poke|p2|Garganacl, M|\n|poke|p2|Gholdengo|\n|poke|p2|Gliscor, M|\n|poke|p2|Greninja-*, M|\n|poke|p2|Kommo-o, F|\n|poke|p2|Cinderace, M|\n|teampreview\n|inactive|Battle timer is ON: inactive players will automatically lose when time's up. (requested by 2t4irw47t0h34v3n)\n|\n|t:|1699723553\n|start\n|switch|p1a: Ribombee|Ribombee, F, shiny|100\/100\n|switch|p2a: Gholdengo|Gholdengo|100\/100\n|-item|p2a: Gholdengo|Air Balloon\n|turn|1\n|\n|t:|1699723561\n|move|p1a: Ribombee|Sticky Web|p2a: Gholdengo\n|-sidestart|p2: Peaclock2|move: Sticky Web\n|move|p2a: Gholdengo|Flash Cannon|p1a: Ribombee\n|-supereffective|p1a: Ribombee\n|-enditem|p1a: Ribombee|Focus Sash\n|-damage|p1a: Ribombee|1\/100\n|\n|upkeep\n|turn|2\n|\n|t:|1699723566\n|move|p1a: Ribombee|Moonblast|p2a: Gholdengo\n|-resisted|p2a: Gholdengo\n|-damage|p2a: Gholdengo|83\/100\n|-enditem|p2a: Gholdengo|Air Balloon\n|move|p2a: Gholdengo|Flash Cannon|p1a: Ribombee\n|-supereffective|p1a: Ribombee\n|-damage|p1a: Ribombee|0 fnt\n|faint|p1a: Ribombee\n|\n|upkeep\n|\n|t:|1699723583\n|switch|p1a: Weavile|Weavile, M|100\/100\n|-ability|p1a: Weavile|Pressure\n|turn|3\n|\n|t:|1699723598\n|switch|p2a: Cinderace|Cinderace, M|100\/100\n|move|p1a: Weavile|Swords Dance|p1a: Weavile\n|-boost|p1a: Weavile|atk|2\n|\n|upkeep\n|turn|4\n|\n|t:|1699723606\n|move|p1a: Weavile|Knock Off|p2a: Cinderace\n|-damage|p2a: Cinderace|0 fnt\n|-enditem|p2a: Cinderace|Heavy-Duty Boots|[from] move: Knock Off|[of] p1a: Weavile\n|faint|p2a: Cinderace\n|\n|upkeep\n|\n|t:|1699723614\n|switch|p2a: Kommo-o|Kommo-o, F|100\/100\n|-activate|p2a: Kommo-o|move: Sticky Web\n|-unboost|p2a: Kommo-o|spe|1\n|turn|5\n|\n|t:|1699723619\n|-terastallize|p2a: Kommo-o|Steel\n|move|p1a: Weavile|Icicle Crash|p2a: Kommo-o\n|-resisted|p2a: Kommo-o\n|-damage|p2a: Kommo-o|66\/100\n|cant|p2a: Kommo-o|flinch\n|\n|-heal|p2a: Kommo-o|72\/100|[from] item: Leftovers\n|upkeep\n|turn|6\n|\n|t:|1699723625\n|move|p1a: Weavile|Knock Off|p2a: Kommo-o\n|-crit|p2a: Kommo-o\n|-damage|p2a: Kommo-o|0 fnt\n|-enditem|p2a: Kommo-o|Leftovers|[from] move: Knock Off|[of] p1a: Weavile\n|faint|p2a: Kommo-o\n|\n|upkeep\n|\n|t:|1699723633\n|switch|p2a: Gliscor|Gliscor, M|100\/100\n|turn|7\n|\n|t:|1699723638\n|move|p1a: Weavile|Swords Dance|p1a: Weavile\n|-boost|p1a: Weavile|atk|2\n|move|p2a: Gliscor|Earthquake|p1a: Weavile\n|-damage|p1a: Weavile|32\/100\n|\n|-status|p2a: Gliscor|tox|[from] item: Toxic Orb\n|upkeep\n|turn|8\n|\n|t:|1699723641\n|move|p1a: Weavile|Ice Shard|p2a: Gliscor\n|-supereffective|p2a: Gliscor\n|-damage|p2a: Gliscor|0 fnt\n|faint|p2a: Gliscor\n|\n|upkeep\n|\n|t:|1699723648\n|switch|p2a: Greninja|Greninja, M|100\/100\n|-activate|p2a: Greninja|move: Sticky Web\n|-unboost|p2a: Greninja|spe|1\n|turn|9\n|\n|t:|1699723653\n|move|p1a: Weavile|Knock Off|p2a: Greninja\n|-resisted|p2a: Greninja\n|-damage|p2a: Greninja|0 fnt\n|-enditem|p2a: Greninja|Choice Specs|[from] move: Knock Off|[of] p1a: Weavile\n|faint|p2a: Greninja\n|\n|upkeep\n|\n|t:|1699723655\n|switch|p2a: Garganacl|Garganacl, M|100\/100\n|-activate|p2a: Garganacl|move: Sticky Web\n|-unboost|p2a: Garganacl|spe|1\n|turn|10\n|\n|t:|1699723661\n|move|p1a: Weavile|Icicle Crash|p2a: Garganacl\n|-damage|p2a: Garganacl|25\/100\n|cant|p2a: Garganacl|flinch\n|\n|-heal|p2a: Garganacl|31\/100|[from] item: Leftovers\n|upkeep\n|turn|11\n|\n|t:|1699723666\n|switch|p2a: Gholdengo|Gholdengo|83\/100\n|-activate|p2a: Gholdengo|move: Sticky Web\n|-unboost|p2a: Gholdengo|spe|1\n|move|p1a: Weavile|Knock Off|p2a: Gholdengo\n|-supereffective|p2a: Gholdengo\n|-crit|p2a: Gholdengo\n|-damage|p2a: Gholdengo|0 fnt\n|faint|p2a: Gholdengo\n|\n|upkeep\n|\n|t:|1699723669\n|switch|p2a: Garganacl|Garganacl, M|31\/100\n|-activate|p2a: Garganacl|move: Sticky Web\n|-unboost|p2a: Garganacl|spe|1\n|turn|12\n|\n|t:|1699723673\n|move|p1a: Weavile|Knock Off|p2a: Garganacl\n|-damage|p2a: Garganacl|0 fnt\n|-enditem|p2a: Garganacl|Leftovers|[from] move: Knock Off|[of] p1a: Weavile\n|faint|p2a: Garganacl\n|\n|win|2t4irw47t0h34v3n\n|raw|2t4irw47t0h34v3n's rating: 1179 &rarr; <strong>1199<\/strong><br \/>(+20 for winning)\n|raw|Peaclock2's rating: 1102 &rarr; <strong>1082<\/strong><br \/>(-20 for losing)\n|l|\u2606Peaclock2\n","uploadtime":1699723679,"views":16,"p1id":"2t4irw47t0h34v3n","p2id":"peaclock2","formatid":"gen9ou","rating":1082,"private":0,"password":""}