{"id":"gen9ou-1991583897","p1":"blisteringbigfoot","p2":"The Other Zee","format":"[Gen 9] OU","log":"|j|\u2606blisteringbigfoot\n|j|\u2606The Other Zee\n|t:|1700090971\n|gametype|singles\n|player|p1|blisteringbigfoot|roxie|1339\n|player|p2|The Other Zee|morty|1252\n|teamsize|p1|6\n|teamsize|p2|6\n|gen|9\n|tier|[Gen 9] OU\n|rated|\n|rule|Sleep Clause Mod: Limit one foe put to sleep\n|rule|Species Clause: Limit one of each Pok\u00e9mon\n|rule|OHKO Clause: OHKO moves are banned\n|rule|Evasion Items Clause: Evasion items are banned\n|rule|Evasion Moves Clause: Evasion moves are banned\n|rule|Endless Battle Clause: Forcing endless battles is banned\n|rule|HP Percentage Mod: HP is shown in percentages\n|clearpoke\n|poke|p1|Iron Moth|\n|poke|p1|Iron Valiant|\n|poke|p1|Ninetales-Alola, F|\n|poke|p1|Greninja-*, M|\n|poke|p1|Great Tusk|\n|poke|p1|Kingambit, F|\n|poke|p2|Glimmora, M|\n|poke|p2|Ogerpon-Wellspring, F|\n|poke|p2|Sneasler, F|\n|poke|p2|Iron Moth|\n|poke|p2|Rillaboom, M|\n|poke|p2|Kingambit, M|\n|teampreview\n|inactive|Battle timer is ON: inactive players will automatically lose when time's up. (requested by blisteringbigfoot)\n|inactive|blisteringbigfoot has 120 seconds left.\n|\n|t:|1700091015\n|start\n|switch|p1a: Ninetales|Ninetales-Alola, F|100\/100\n|switch|p2a: Nox\/1 B|Glimmora, M|100\/100\n|-weather|Snow|[from] ability: Snow Warning|[of] p1a: Ninetales\n|turn|1\n|\n|t:|1700091021\n|move|p1a: Ninetales|Aurora Veil|p1a: Ninetales\n|-sidestart|p1: blisteringbigfoot|move: Aurora Veil\n|move|p2a: Nox\/1 B|Stealth Rock|p1a: Ninetales\n|-sidestart|p1: blisteringbigfoot|move: Stealth Rock\n|\n|-weather|Snow|[upkeep]\n|upkeep\n|turn|2\n|\n|t:|1700091041\n|move|p1a: Ninetales|Moonblast|p2a: Nox\/1 B\n|-resisted|p2a: Nox\/1 B\n|-damage|p2a: Nox\/1 B|81\/100\n|-unboost|p2a: Nox\/1 B|spa|1\n|move|p2a: Nox\/1 B|Power Gem|p1a: Ninetales\n|-supereffective|p1a: Ninetales\n|-damage|p1a: Ninetales|72\/100\n|\n|-weather|Snow|[upkeep]\n|upkeep\n|turn|3\n|\n|t:|1700091047\n|switch|p1a: Great Tusk|Great Tusk|100\/100\n|-damage|p1a: Great Tusk|98\/100|[from] Stealth Rock\n|-enditem|p1a: Great Tusk|Booster Energy\n|-activate|p1a: Great Tusk|ability: Protosynthesis|[fromitem]\n|-start|p1a: Great Tusk|protosynthesisspe\n|move|p2a: Nox\/1 B|Power Gem|p1a: Great Tusk\n|-resisted|p1a: Great Tusk\n|-damage|p1a: Great Tusk|93\/100\n|\n|-weather|Snow|[upkeep]\n|upkeep\n|turn|4\n|\n|t:|1700091065\n|move|p1a: Great Tusk|Rapid Spin|p2a: Nox\/1 B\n|-resisted|p2a: Nox\/1 B\n|-damage|p2a: Nox\/1 B|73\/100\n|-boost|p1a: Great Tusk|spe|1\n|-activate|p2a: Nox\/1 B|ability: Toxic Debris\n|-sidestart|p1: blisteringbigfoot|move: Toxic Spikes\n|-sideend|p1: blisteringbigfoot|Toxic Spikes|[from] move: Rapid Spin|[of] p1a: Great Tusk\n|-sideend|p1: blisteringbigfoot|Stealth Rock|[from] move: Rapid Spin|[of] p1a: Great Tusk\n|move|p2a: Nox\/1 B|Energy Ball|p1a: Great Tusk\n|-supereffective|p1a: Great Tusk\n|-damage|p1a: Great Tusk|68\/100\n|\n|-weather|Snow|[upkeep]\n|upkeep\n|turn|5\n|\n|t:|1700091074\n|move|p1a: Great Tusk|Headlong Rush|p2a: Nox\/1 B\n|-supereffective|p2a: Nox\/1 B\n|-damage|p2a: Nox\/1 B|0 fnt\n|-unboost|p1a: Great Tusk|def|1\n|-unboost|p1a: Great Tusk|spd|1\n|-activate|p2a: Nox\/1 B|ability: Toxic Debris\n|-sidestart|p1: blisteringbigfoot|move: Toxic Spikes\n|faint|p2a: Nox\/1 B\n|\n|-weather|none\n|upkeep\n|\n|t:|1700091079\n|switch|p2a: :pensive:|Ogerpon-Wellspring, F|100\/100\n|turn|6\n|\n|t:|1700091088\n|move|p1a: Great Tusk|Rapid Spin|p2a: :pensive:\n|-damage|p2a: :pensive:|82\/100\n|-boost|p1a: Great Tusk|spe|1\n|-sideend|p1: blisteringbigfoot|Toxic Spikes|[from] move: Rapid Spin|[of] p1a: Great Tusk\n|move|p2a: :pensive:|Swords Dance|p2a: :pensive:\n|-boost|p2a: :pensive:|atk|2\n|\n|upkeep\n|turn|7\n|\n|t:|1700091095\n|move|p1a: Great Tusk|Ice Spinner|p2a: :pensive:\n|-damage|p2a: :pensive:|51\/100\n|move|p2a: :pensive:|Ivy Cudgel|p1a: Great Tusk|[anim] Ivy Cudgel Water\n|-supereffective|p1a: Great Tusk\n|-damage|p1a: Great Tusk|0 fnt\n|faint|p1a: Great Tusk\n|-end|p1a: Great Tusk|Protosynthesis|[silent]\n|\n|upkeep\n|\n|t:|1700091124\n|switch|p1a: Iron Valiant|Iron Valiant|100\/100\n|-enditem|p1a: Iron Valiant|Booster Energy\n|-activate|p1a: Iron Valiant|ability: Quark Drive|[fromitem]\n|-start|p1a: Iron Valiant|quarkdrivespe\n|turn|8\n|\n|t:|1700091134\n|move|p1a: Iron Valiant|Spirit Break|p2a: :pensive:\n|-damage|p2a: :pensive:|0 fnt\n|faint|p2a: :pensive:\n|\n|-sideend|p1: blisteringbigfoot|move: Aurora Veil\n|upkeep\n|\n|t:|1700091146\n|switch|p2a: \"Hank\"|Iron Moth|100\/100\n|-enditem|p2a: \"Hank\"|Booster Energy\n|-activate|p2a: \"Hank\"|ability: Quark Drive|[fromitem]\n|-start|p2a: \"Hank\"|quarkdrivespe\n|turn|9\n|\n|t:|1700091157\n|move|p1a: Iron Valiant|Close Combat|p2a: \"Hank\"\n|-resisted|p2a: \"Hank\"\n|-damage|p2a: \"Hank\"|54\/100\n|-unboost|p1a: Iron Valiant|def|1\n|-unboost|p1a: Iron Valiant|spd|1\n|move|p2a: \"Hank\"|Fiery Dance|p1a: Iron Valiant\n|-damage|p1a: Iron Valiant|0 fnt\n|-boost|p2a: \"Hank\"|spa|1\n|faint|p1a: Iron Valiant\n|-end|p1a: Iron Valiant|Quark Drive|[silent]\n|\n|upkeep\n|\n|t:|1700091169\n|switch|p1a: Greninja|Greninja, M|100\/100\n|turn|10\n|\n|t:|1700091175\n|-terastallize|p2a: \"Hank\"|Grass\n|move|p1a: Greninja|Water Shuriken|p2a: \"Hank\"\n|-resisted|p2a: \"Hank\"\n|-damage|p2a: \"Hank\"|49\/100\n|-resisted|p2a: \"Hank\"\n|-damage|p2a: \"Hank\"|43\/100\n|-resisted|p2a: \"Hank\"\n|-damage|p2a: \"Hank\"|38\/100\n|-resisted|p2a: \"Hank\"\n|-damage|p2a: \"Hank\"|33\/100\n|-hitcount|p2a: \"Hank\"|4\n|-damage|p1a: Greninja|91\/100|[from] item: Life Orb\n|move|p2a: \"Hank\"|Energy Ball|p1a: Greninja\n|-supereffective|p1a: Greninja\n|-damage|p1a: Greninja|0 fnt\n|faint|p1a: Greninja\n|\n|upkeep\n|\n|t:|1700091189\n|switch|p1a: Hemlock|Iron Moth|100\/100\n|-enditem|p1a: Hemlock|Booster Energy\n|-activate|p1a: Hemlock|ability: Quark Drive|[fromitem]\n|-start|p1a: Hemlock|quarkdrivespe\n|turn|11\n|\n|t:|1700091193\n|move|p2a: \"Hank\"|Psychic|p1a: Hemlock\n|-supereffective|p1a: Hemlock\n|-damage|p1a: Hemlock|3\/100\n|move|p1a: Hemlock|Substitute|p1a: Hemlock\n|-fail|p1a: Hemlock|move: Substitute|[weak]\n|\n|upkeep\n|turn|12\n|\n|t:|1700091198\n|move|p2a: \"Hank\"|Fiery Dance|p1a: Hemlock\n|-resisted|p1a: Hemlock\n|-damage|p1a: Hemlock|0 fnt\n|faint|p1a: Hemlock\n|-end|p1a: Hemlock|Quark Drive|[silent]\n|\n|upkeep\n|\n|t:|1700091202\n|switch|p1a: Kingambit|Kingambit, F|100\/100\n|-activate|p1a: Kingambit|ability: Supreme Overlord\n|-start|p1a: Kingambit|fallen4|[silent]\n|turn|13\n|\n|t:|1700091206\n|-terastallize|p1a: Kingambit|Dark\n|move|p1a: Kingambit|Sucker Punch|p2a: \"Hank\"\n|-damage|p2a: \"Hank\"|0 fnt\n|faint|p2a: \"Hank\"\n|-end|p2a: \"Hank\"|Quark Drive|[silent]\n|\n|upkeep\n|\n|t:|1700091210\n|switch|p2a: Funky's Flights|Rillaboom, M|100\/100\n|-fieldstart|move: Grassy Terrain|[from] ability: Grassy Surge|[of] p2a: Funky's Flights\n|turn|14\n|\n|t:|1700091213\n|move|p2a: Funky's Flights|U-turn|p1a: Kingambit\n|-supereffective|p1a: Kingambit\n|-damage|p1a: Kingambit|37\/100\n|\n|t:|1700091216\n|switch|p2a: Ieyasu|Kingambit, M|100\/100|[from] U-turn\n|-activate|p2a: Ieyasu|ability: Supreme Overlord\n|-start|p2a: Ieyasu|fallen3|[silent]\n|move|p1a: Kingambit|Swords Dance|p1a: Kingambit\n|-boost|p1a: Kingambit|atk|2\n|\n|-heal|p1a: Kingambit|43\/100|[from] Grassy Terrain\n|upkeep\n|turn|15\n|\n|t:|1700091223\n|move|p1a: Kingambit|Sucker Punch|p2a: Ieyasu\n|-resisted|p2a: Ieyasu\n|-damage|p2a: Ieyasu|42\/100\n|move|p2a: Ieyasu|Kowtow Cleave|p1a: Kingambit\n|-resisted|p1a: Kingambit\n|-damage|p1a: Kingambit|17\/100\n|\n|-heal|p1a: Kingambit|23\/100|[from] Grassy Terrain\n|-heal|p2a: Ieyasu|49\/100|[from] Grassy Terrain\n|upkeep\n|turn|16\n|\n|t:|1700091227\n|move|p1a: Kingambit|Sucker Punch||[still]\n|-fail|p1a: Kingambit\n|move|p2a: Ieyasu|Swords Dance|p2a: Ieyasu\n|-boost|p2a: Ieyasu|atk|2\n|\n|-heal|p1a: Kingambit|29\/100|[from] Grassy Terrain\n|-heal|p2a: Ieyasu|55\/100|[from] Grassy Terrain\n|upkeep\n|turn|17\n|\n|t:|1700091233\n|move|p1a: Kingambit|Kowtow Cleave|p2a: Ieyasu\n|-resisted|p2a: Ieyasu\n|-damage|p2a: Ieyasu|0 fnt\n|faint|p2a: Ieyasu\n|-end|p2a: Ieyasu|fallen3|[silent]\n|\n|-heal|p1a: Kingambit|35\/100|[from] Grassy Terrain\n|upkeep\n|\n|t:|1700091239\n|switch|p2a: Funky's Flights|Rillaboom, M|100\/100\n|turn|18\n|\n|t:|1700091242\n|switch|p2a: Slayer|Sneasler, F|100\/100\n|-enditem|p2a: Slayer|Grassy Seed\n|-boost|p2a: Slayer|def|1|[from] item: Grassy Seed\n|move|p1a: Kingambit|Sucker Punch||[still]\n|-fail|p1a: Kingambit\n|\n|-heal|p1a: Kingambit|42\/100|[from] Grassy Terrain\n|-fieldend|move: Grassy Terrain\n|upkeep\n|turn|19\n|\n|t:|1700091247\n|move|p1a: Kingambit|Sucker Punch|p2a: Slayer\n|-resisted|p2a: Slayer\n|-damage|p2a: Slayer|17\/100\n|move|p2a: Slayer|Close Combat|p1a: Kingambit\n|-supereffective|p1a: Kingambit\n|-damage|p1a: Kingambit|0 fnt\n|-unboost|p2a: Slayer|def|1\n|-unboost|p2a: Slayer|spd|1\n|faint|p1a: Kingambit\n|-end|p1a: Kingambit|fallen4|[silent]\n|\n|upkeep\n|\n|t:|1700091251\n|switch|p1a: Ninetales|Ninetales-Alola, F|72\/100\n|-weather|Snow|[from] ability: Snow Warning|[of] p1a: Ninetales\n|turn|20\n|\n|t:|1700091256\n|move|p2a: Slayer|Gunk Shot|p1a: Ninetales|[miss]\n|-miss|p2a: Slayer|p1a: Ninetales\n|move|p1a: Ninetales|Moonblast|p2a: Slayer\n|-crit|p2a: Slayer\n|-damage|p2a: Slayer|0 fnt\n|faint|p2a: Slayer\n|\n|-weather|Snow|[upkeep]\n|upkeep\n|\n|t:|1700091258\n|switch|p2a: Funky's Flights|Rillaboom, M|100\/100\n|-fieldstart|move: Grassy Terrain|[from] ability: Grassy Surge|[of] p2a: Funky's Flights\n|turn|21\n|\n|t:|1700091260\n|move|p1a: Ninetales|Freeze-Dry|p2a: Funky's Flights\n|-supereffective|p2a: Funky's Flights\n|-damage|p2a: Funky's Flights|47\/100\n|-status|p2a: Funky's Flights|frz\n|cant|p2a: Funky's Flights|frz\n|\n|-weather|Snow|[upkeep]\n|-heal|p1a: Ninetales|78\/100|[from] Grassy Terrain\n|-heal|p2a: Funky's Flights|53\/100 frz|[from] Grassy Terrain\n|upkeep\n|turn|22\n|c|\u2606The Other Zee|i think i'm gonna stop playing for today\n|c|\u2606blisteringbigfoot|im so sorry\n|c|\u2606blisteringbigfoot|u didnt deserve that\n|inactive|The Other Zee has 120 seconds left.\n|c|\u2606The Other Zee|i can't even be mad that's just really fucking funny\n|c|\u2606The Other Zee|gg\n|c|\u2606blisteringbigfoot|lol true gg\n|-message|The Other Zee forfeited.\n|\n|win|blisteringbigfoot\n|raw|blisteringbigfoot's rating: 1318 &rarr; <strong>1334<\/strong><br \/>(+16 for winning)\n|raw|The Other Zee's rating: 1252 &rarr; <strong>1232<\/strong><br \/>(-20 for losing)\n","uploadtime":1700091315,"views":11,"p1id":"blisteringbigfoot","p2id":"theotherzee","formatid":"gen9ou","rating":1232,"private":0,"password":""}