{"id":"gen9ou-1997251122","p1":"JMagister","p2":"Spectrus745","format":"[Gen 9] OU","log":"|j|\u2606JMagister\n|j|\u2606Spectrus745\n|t:|1700780523\n|gametype|singles\n|player|p1|JMagister|hilbert|1467\n|player|p2|Spectrus745|youngn|1500\n|teamsize|p1|6\n|teamsize|p2|6\n|gen|9\n|tier|[Gen 9] OU\n|rated|\n|rule|Sleep Clause Mod: Limit one foe put to sleep\n|rule|Species Clause: Limit one of each Pok\u00e9mon\n|rule|OHKO Clause: OHKO moves are banned\n|rule|Evasion Items Clause: Evasion items are banned\n|rule|Evasion Moves Clause: Evasion moves are banned\n|rule|Endless Battle Clause: Forcing endless battles is banned\n|rule|HP Percentage Mod: HP is shown in percentages\n|clearpoke\n|poke|p1|Ribombee, F|\n|poke|p1|Samurott-Hisui, F|\n|poke|p1|Mimikyu, F|\n|poke|p1|Thundurus-Therian, M|\n|poke|p1|Gholdengo|\n|poke|p1|Great Tusk|\n|poke|p2|Ribombee, F|\n|poke|p2|Gholdengo|\n|poke|p2|Ogerpon-Wellspring, F|\n|poke|p2|Iron Moth|\n|poke|p2|Kingambit, F|\n|poke|p2|Dragonite, M|\n|teampreview\n|c|\u2606JMagister|glhf\n|c|\u2606Spectrus745|u2\n|\n|t:|1700780538\n|start\n|switch|p1a: Ribombee|Ribombee, F|100\/100\n|switch|p2a: Ribombee|Ribombee, F|100\/100\n|turn|1\n|\n|t:|1700780544\n|move|p1a: Ribombee|Sticky Web|p2a: Ribombee\n|-sidestart|p2: Spectrus745|move: Sticky Web\n|move|p2a: Ribombee|Sticky Web|p1a: Ribombee\n|-sidestart|p1: JMagister|move: Sticky Web\n|\n|upkeep\n|turn|2\n|\n|t:|1700780549\n|move|p1a: Ribombee|Moonblast|p2a: Ribombee\n|-damage|p2a: Ribombee|27\/100\n|move|p2a: Ribombee|Moonblast|p1a: Ribombee\n|-damage|p1a: Ribombee|29\/100\n|\n|upkeep\n|turn|3\n|\n|t:|1700780553\n|move|p1a: Ribombee|Moonblast|p2a: Ribombee\n|-damage|p2a: Ribombee|0 fnt\n|faint|p2a: Ribombee\n|\n|upkeep\n|c|\u2606Spectrus745|u win 3 speed tie :')\n|c|\u2606JMagister|And that's probably gonna be the only lucky interaction of this game lmao\n|c|\u2606JMagister|In the prevoius one samurott missed EVERY SIGNLE non 100% acc move lmao\n|c|\u2606Spectrus745|the rng of showdown u know..\n|\n|t:|1700780614\n|switch|p2a: Dragonite|Dragonite, M|100\/100\n|turn|4\n|\n|t:|1700780631\n|move|p2a: Dragonite|Extreme Speed|p1a: Ribombee\n|-damage|p1a: Ribombee|0 fnt\n|faint|p1a: Ribombee\n|\n|upkeep\n|\n|t:|1700780636\n|switch|p1a: Great Tusk|Great Tusk|100\/100\n|turn|5\n|\n|t:|1700780641\n|switch|p2a: Gholdengo|Gholdengo|100\/100\n|-activate|p2a: Gholdengo|move: Sticky Web\n|-unboost|p2a: Gholdengo|spe|1\n|move|p1a: Great Tusk|Rapid Spin|p2a: Gholdengo\n|-immune|p2a: Gholdengo\n|\n|upkeep\n|turn|6\n|\n|t:|1700780651\n|move|p1a: Great Tusk|Headlong Rush|p2a: Gholdengo\n|-supereffective|p2a: Gholdengo\n|-damage|p2a: Gholdengo|0 fnt\n|-unboost|p1a: Great Tusk|def|1\n|-unboost|p1a: Great Tusk|spd|1\n|faint|p2a: Gholdengo\n|\n|upkeep\n|\n|t:|1700780678\n|switch|p2a: Ogerpon|Ogerpon-Wellspring, F|100\/100\n|-activate|p2a: Ogerpon|move: Sticky Web\n|-unboost|p2a: Ogerpon|spe|1\n|turn|7\n|\n|t:|1700780686\n|move|p1a: Great Tusk|Rapid Spin|p2a: Ogerpon\n|-damage|p2a: Ogerpon|75\/100\n|-boost|p1a: Great Tusk|spe|1\n|-sideend|p1: JMagister|Sticky Web|[from] move: Rapid Spin|[of] p1a: Great Tusk\n|move|p2a: Ogerpon|Horn Leech|p1a: Great Tusk\n|-supereffective|p1a: Great Tusk\n|-damage|p1a: Great Tusk|5\/100\n|-heal|p2a: Ogerpon|100\/100|[from] drain|[of] p1a: Great Tusk\n|\n|upkeep\n|turn|8\n|\n|t:|1700780700\n|move|p1a: Great Tusk|Close Combat|p2a: Ogerpon\n|-damage|p2a: Ogerpon|16\/100\n|-unboost|p1a: Great Tusk|def|1\n|-unboost|p1a: Great Tusk|spd|1\n|move|p2a: Ogerpon|Horn Leech|p1a: Great Tusk\n|-supereffective|p1a: Great Tusk\n|-damage|p1a: Great Tusk|0 fnt\n|-heal|p2a: Ogerpon|19\/100|[from] drain|[of] p1a: Great Tusk\n|faint|p1a: Great Tusk\n|-end|p1a: Great Tusk|Protosynthesis|[silent]\n|\n|upkeep\n|\n|t:|1700780707\n|switch|p1a: Samurott|Samurott-Hisui, F|100\/100\n|turn|9\n|\n|t:|1700780719\n|switch|p2a: Kingambit|Kingambit, F|100\/100\n|-activate|p2a: Kingambit|move: Sticky Web\n|-unboost|p2a: Kingambit|spe|1\n|-activate|p2a: Kingambit|ability: Supreme Overlord\n|-start|p2a: Kingambit|fallen2|[silent]\n|move|p1a: Samurott|Ceaseless Edge|p2a: Kingambit\n|-resisted|p2a: Kingambit\n|-damage|p2a: Kingambit|81\/100\n|-sidestart|p2: Spectrus745|Spikes\n|\n|-heal|p2a: Kingambit|87\/100|[from] item: Leftovers\n|upkeep\n|turn|10\n|\n|t:|1700780733\n|move|p1a: Samurott|Sacred Sword|p2a: Kingambit\n|-supereffective|p2a: Kingambit\n|-damage|p2a: Kingambit|0 fnt\n|faint|p2a: Kingambit\n|-end|p2a: Kingambit|fallen2|[silent]\n|\n|upkeep\n|n|!JMagister|jmagister\n|\n|t:|1700780747\n|switch|p2a: Dragonite|Dragonite, M|100\/100\n|turn|11\n|\n|t:|1700780758\n|move|p1a: Samurott|Ceaseless Edge|p2a: Dragonite\n|-damage|p2a: Dragonite|78\/100\n|-sidestart|p2: Spectrus745|Spikes\n|move|p2a: Dragonite|Dragon Dance|p2a: Dragonite\n|-boost|p2a: Dragonite|atk|1\n|-boost|p2a: Dragonite|spe|1\n|\n|upkeep\n|turn|12\n|\n|t:|1700780773\n|move|p2a: Dragonite|Dragon Dance|p2a: Dragonite\n|-boost|p2a: Dragonite|atk|1\n|-boost|p2a: Dragonite|spe|1\n|move|p1a: Samurott|Ceaseless Edge|p2a: Dragonite\n|-damage|p2a: Dragonite|29\/100\n|-sidestart|p2: Spectrus745|Spikes\n|\n|upkeep\n|turn|13\n|\n|t:|1700780781\n|move|p2a: Dragonite|Earthquake|p1a: Samurott\n|-damage|p1a: Samurott|0 fnt\n|faint|p1a: Samurott\n|\n|upkeep\n|\n|t:|1700780783\n|switch|p1a: Mimikyu|Mimikyu, F|100\/100\n|turn|14\n|\n|t:|1700780793\n|move|p2a: Dragonite|Earthquake|p1a: Mimikyu\n|-activate|p1a: Mimikyu|ability: Disguise\n|-damage|p1a: Mimikyu|100\/100\n|detailschange|p1a: Mimikyu|Mimikyu-Busted, F\n|-damage|p1a: Mimikyu|88\/100|[from] pokemon: Mimikyu-Busted\n|-enditem|p1a: Mimikyu|Red Card|[of] p2a: Dragonite\n|drag|p2a: Ogerpon|Ogerpon-Wellspring, F|19\/100\n|-activate|p2a: Ogerpon|move: Sticky Web\n|-unboost|p2a: Ogerpon|spe|1\n|-damage|p2a: Ogerpon|0 fnt|[from] Spikes\n|faint|p2a: Ogerpon\n|move|p1a: Mimikyu|Swords Dance|p1a: Mimikyu\n|-boost|p1a: Mimikyu|atk|2\n|\n|upkeep\n|\n|t:|1700780825\n|switch|p2a: Iron Moth|Iron Moth|100\/100\n|-activate|p2a: Iron Moth|move: Sticky Web\n|-unboost|p2a: Iron Moth|spe|1\n|-damage|p2a: Iron Moth|76\/100|[from] Spikes\n|-enditem|p2a: Iron Moth|Booster Energy\n|-activate|p2a: Iron Moth|ability: Quark Drive|[fromitem]\n|-start|p2a: Iron Moth|quarkdrivespa\n|turn|15\n|c|\u2606Spectrus745|welll\n|\n|t:|1700780875\n|move|p1a: Mimikyu|Shadow Sneak|p2a: Iron Moth\n|-damage|p2a: Iron Moth|31\/100\n|move|p2a: Iron Moth|Fiery Dance|p1a: Mimikyu\n|-damage|p1a: Mimikyu|16\/100\n|\n|upkeep\n|turn|16\n|\n|t:|1700780882\n|move|p1a: Mimikyu|Shadow Sneak|p2a: Iron Moth\n|-damage|p2a: Iron Moth|0 fnt\n|faint|p2a: Iron Moth\n|-end|p2a: Iron Moth|Quark Drive|[silent]\n|\n|upkeep\n|\n|t:|1700780891\n|switch|p2a: Dragonite|Dragonite, M|29\/100\n|turn|17\n|l|!JMagister\n|player|p1|\n|inactive|Battle timer is ON: inactive players will automatically lose when time's up. (requested by Spectrus745)\n|j|!JMagister\n|inactive|JMagister reconnected and has 135 seconds left.\n|player|p1|JMagister|hilbert\n|\n|t:|1700780964\n|-terastallize|p2a: Dragonite|Normal\n|move|p1a: Mimikyu|Play Rough|p2a: Dragonite|[miss]\n|-miss|p1a: Mimikyu|p2a: Dragonite\n|move|p2a: Dragonite|Dragon Dance|p2a: Dragonite\n|-boost|p2a: Dragonite|atk|1\n|-boost|p2a: Dragonite|spe|1\n|\n|upkeep\n|turn|18\n|c|\u2606Spectrus745|oh\n|c|\u2606Spectrus745|10%\n|\n|t:|1700780986\n|move|p2a: Dragonite|Earthquake|p1a: Mimikyu\n|-damage|p1a: Mimikyu|0 fnt\n|faint|p1a: Mimikyu\n|\n|upkeep\n|\n|t:|1700781005\n|switch|p1a: Gholdengo|Gholdengo|100\/100\n|turn|19\n|\n|t:|1700781013\n|-terastallize|p1a: Gholdengo|Fighting\n|move|p2a: Dragonite|Earthquake|p1a: Gholdengo\n|-damage|p1a: Gholdengo|39\/100\n|move|p1a: Gholdengo|Dazzling Gleam|p2a: Dragonite\n|-damage|p2a: Dragonite|0 fnt\n|faint|p2a: Dragonite\n|\n|win|JMagister\n|raw|JMagister's rating: 1467 &rarr; <strong>1489<\/strong><br \/>(+22 for winning)\n|raw|Spectrus745's rating: 1500 &rarr; <strong>1478<\/strong><br \/>(-22 for losing)\n","uploadtime":1700780737,"views":5,"p1id":"jmagister","p2id":"spectrus745","formatid":"gen9ou","rating":1478,"private":0,"password":""}