{"id":"gen9ou-1994246723","p1":"chachoganon","p2":"pokcey.","format":"[Gen 9] OU","log":"|j|\u2606chachoganon\n|j|\u2606pokcey.\n|t:|1700423080\n|gametype|singles\n|player|p1|chachoganon|acetrainersnow|1000\n|player|p2|pokcey.|lady-gen4|1000\n|teamsize|p1|6\n|teamsize|p2|1\n|gen|9\n|tier|[Gen 9] OU\n|rated|\n|rule|Sleep Clause Mod: Limit one foe put to sleep\n|rule|Species Clause: Limit one of each Pok\u00e9mon\n|rule|OHKO Clause: OHKO moves are banned\n|rule|Evasion Items Clause: Evasion items are banned\n|rule|Evasion Moves Clause: Evasion moves are banned\n|rule|Endless Battle Clause: Forcing endless battles is banned\n|rule|HP Percentage Mod: HP is shown in percentages\n|clearpoke\n|poke|p1|Manaphy|\n|poke|p1|Regidrago|\n|poke|p1|Goodra, F|\n|poke|p1|Dondozo, M|\n|poke|p1|Tsareena, F|\n|poke|p1|Ogerpon, F|\n|poke|p2|Manaphy|\n|teampreview\n|\n|t:|1700423087\n|start\n|switch|p1a: Goodra|Goodra, F|100\/100\n|switch|p2a: Manaphy|Manaphy|100\/100\n|turn|1\n|\n|t:|1700423093\n|move|p2a: Manaphy|Take Heart|p2a: Manaphy\n|-boost|p2a: Manaphy|spa|1\n|-boost|p2a: Manaphy|spd|1\n|move|p1a: Goodra|Thunderbolt|p2a: Manaphy\n|-supereffective|p2a: Manaphy\n|-damage|p2a: Manaphy|76\/100\n|\n|-heal|p2a: Manaphy|82\/100|[from] item: Leftovers\n|upkeep\n|turn|2\n|\n|t:|1700423106\n|-terastallize|p2a: Manaphy|Poison\n|move|p2a: Manaphy|Take Heart|p2a: Manaphy\n|-boost|p2a: Manaphy|spa|1\n|-boost|p2a: Manaphy|spd|1\n|move|p1a: Goodra|Acid Spray|p2a: Manaphy\n|-resisted|p2a: Manaphy\n|-damage|p2a: Manaphy|80\/100\n|-unboost|p2a: Manaphy|spd|2\n|\n|-heal|p2a: Manaphy|86\/100|[from] item: Leftovers\n|upkeep\n|turn|3\n|\n|t:|1700423116\n|move|p2a: Manaphy|Take Heart|p2a: Manaphy\n|-boost|p2a: Manaphy|spa|1\n|-boost|p2a: Manaphy|spd|1\n|move|p1a: Goodra|Acid Spray|p2a: Manaphy\n|-resisted|p2a: Manaphy\n|-damage|p2a: Manaphy|84\/100\n|-unboost|p2a: Manaphy|spd|2\n|\n|-heal|p2a: Manaphy|90\/100|[from] item: Leftovers\n|upkeep\n|turn|4\n|\n|t:|1700423125\n|move|p2a: Manaphy|Take Heart|p2a: Manaphy\n|-boost|p2a: Manaphy|spa|1\n|-boost|p2a: Manaphy|spd|1\n|move|p1a: Goodra|Acid Spray|p2a: Manaphy\n|-resisted|p2a: Manaphy\n|-damage|p2a: Manaphy|86\/100\n|-unboost|p2a: Manaphy|spd|2\n|\n|-heal|p2a: Manaphy|92\/100|[from] item: Leftovers\n|upkeep\n|turn|5\n|\n|t:|1700423143\n|move|p2a: Manaphy|Take Heart|p2a: Manaphy\n|-boost|p2a: Manaphy|spa|1\n|-boost|p2a: Manaphy|spd|1\n|move|p1a: Goodra|Thunderbolt|p2a: Manaphy\n|-damage|p2a: Manaphy|65\/100\n|\n|-heal|p2a: Manaphy|71\/100|[from] item: Leftovers\n|upkeep\n|turn|6\n|\n|t:|1700423162\n|switch|p1a: Regidrago|Regidrago|100\/100\n|move|p2a: Manaphy|Stored Power|p1a: Regidrago\n|-damage|p1a: Regidrago|34\/100\n|\n|-heal|p2a: Manaphy|77\/100|[from] item: Leftovers\n|upkeep\n|turn|7\n|\n|t:|1700423171\n|move|p2a: Manaphy|Stored Power|p1a: Regidrago\n|-damage|p1a: Regidrago|0 fnt\n|faint|p1a: Regidrago\n|\n|-heal|p2a: Manaphy|84\/100|[from] item: Leftovers\n|upkeep\n|\n|t:|1700423181\n|switch|p1a: Manaphy|Manaphy|100\/100\n|turn|8\n|\n|t:|1700423190\n|move|p2a: Manaphy|Take Heart|p2a: Manaphy\n|-boost|p2a: Manaphy|spa|1\n|-boost|p2a: Manaphy|spd|1\n|move|p1a: Manaphy|Light Screen|p1a: Manaphy\n|-sidestart|p1: chachoganon|move: Light Screen\n|\n|-heal|p2a: Manaphy|90\/100|[from] item: Leftovers\n|upkeep\n|turn|9\n|\n|t:|1700423213\n|switch|p1a: Ogerpon|Ogerpon, F|100\/100\n|move|p2a: Manaphy|Stored Power|p1a: Ogerpon\n|-damage|p1a: Ogerpon|41\/100\n|\n|-heal|p2a: Manaphy|96\/100|[from] item: Leftovers\n|-heal|p1a: Ogerpon|47\/100|[from] item: Leftovers\n|upkeep\n|turn|10\n|\n|t:|1700423222\n|move|p2a: Manaphy|Stored Power|p1a: Ogerpon\n|-damage|p1a: Ogerpon|0 fnt\n|faint|p1a: Ogerpon\n|\n|-heal|p2a: Manaphy|100\/100|[from] item: Leftovers\n|upkeep\n|-message|chachoganon forfeited.\n|\n|win|pokcey.\n|raw|chachoganon's rating: 1000 &rarr; <strong>1000<\/strong><br \/>(+0 for losing)\n|raw|pokcey.'s rating: 1000 &rarr; <strong>1040<\/strong><br \/>(+40 for winning)\n|l|\u2606chachoganon\n","uploadtime":1700423228,"views":10,"p1id":"chachoganon","p2id":"pokcey","formatid":"gen9ou","rating":1000,"private":0,"password":""}