{"id":"gen9ou-1996414223","p1":"TwelveZ","p2":"Nyles Morales","format":"[Gen 9] OU","log":"|j|\u2606TwelveZ\n|j|\u2606Nyles Morales\n|t:|1700679717\n|gametype|singles\n|player|p1|TwelveZ|roxie|1096\n|player|p2|Nyles Morales|carmine|1148\n|teamsize|p1|6\n|teamsize|p2|6\n|gen|9\n|tier|[Gen 9] OU\n|rated|\n|rule|Sleep Clause Mod: Limit one foe put to sleep\n|rule|Species Clause: Limit one of each Pok\u00e9mon\n|rule|OHKO Clause: OHKO moves are banned\n|rule|Evasion Items Clause: Evasion items are banned\n|rule|Evasion Moves Clause: Evasion moves are banned\n|rule|Endless Battle Clause: Forcing endless battles is banned\n|rule|HP Percentage Mod: HP is shown in percentages\n|clearpoke\n|poke|p1|Kingambit, M|\n|poke|p1|Garchomp, M|\n|poke|p1|Rotom-Wash|\n|poke|p1|Breloom, M|\n|poke|p1|Hatterene, F|\n|poke|p1|Ceruledge, F|\n|poke|p2|Mimikyu, M|\n|poke|p2|Ribombee, F|\n|poke|p2|Greninja-*, M|\n|poke|p2|Kingambit, M|\n|poke|p2|Dragapult, M|\n|poke|p2|Great Tusk|\n|teampreview\n|inactive|Battle timer is ON: inactive players will automatically lose when time's up. (requested by Nyles Morales)\n|\n|t:|1700679726\n|start\n|switch|p1a: Breloom|Breloom, M|100\/100\n|switch|p2a: Dragapult|Dragapult, M, shiny|100\/100\n|turn|1\n|\n|t:|1700679731\n|move|p2a: Dragapult|Fire Blast|p1a: Breloom\n|-supereffective|p1a: Breloom\n|-enditem|p1a: Breloom|Focus Sash\n|-damage|p1a: Breloom|1\/100\n|move|p1a: Breloom|Spore|p2a: Dragapult\n|-status|p2a: Dragapult|slp|[from] move: Spore\n|\n|upkeep\n|turn|2\n|\n|t:|1700679739\n|switch|p1a: Ceruledge|Ceruledge, F|100\/100\n|cant|p2a: Dragapult|slp\n|\n|upkeep\n|turn|3\n|\n|t:|1700679743\n|switch|p2a: Greninja|Greninja, M|100\/100\n|move|p1a: Ceruledge|Swords Dance|p1a: Ceruledge\n|-boost|p1a: Ceruledge|atk|2\n|\n|upkeep\n|turn|4\n|\n|t:|1700679748\n|move|p2a: Greninja|Hydro Pump|p1a: Ceruledge\n|-start|p2a: Greninja|typechange|Water|[from] ability: Protean\n|-supereffective|p1a: Ceruledge\n|-enditem|p1a: Ceruledge|Focus Sash\n|-damage|p1a: Ceruledge|1\/100\n|move|p1a: Ceruledge|Close Combat|p2a: Greninja\n|-damage|p2a: Greninja|0 fnt\n|-unboost|p1a: Ceruledge|def|1\n|-unboost|p1a: Ceruledge|spd|1\n|faint|p2a: Greninja\n|\n|upkeep\n|\n|t:|1700679753\n|switch|p2a: Mimikyu|Mimikyu, M|100\/100\n|turn|5\n|\n|t:|1700679761\n|move|p1a: Ceruledge|Shadow Sneak|p2a: Mimikyu\n|-activate|p2a: Mimikyu|ability: Disguise\n|-damage|p2a: Mimikyu|100\/100\n|detailschange|p2a: Mimikyu|Mimikyu-Busted, M\n|-damage|p2a: Mimikyu|88\/100|[from] pokemon: Mimikyu-Busted\n|move|p2a: Mimikyu|Shadow Sneak|p1a: Ceruledge\n|-supereffective|p1a: Ceruledge\n|-damage|p1a: Ceruledge|0 fnt\n|faint|p1a: Ceruledge\n|-damage|p2a: Mimikyu|78\/100|[from] item: Life Orb\n|\n|upkeep\n|\n|t:|1700679790\n|switch|p1a: Rotom|Rotom-Wash|100\/100\n|turn|6\n|\n|t:|1700679795\n|move|p1a: Rotom|Trick|p2a: Mimikyu\n|-activate|p1a: Rotom|move: Trick|[of] p2a: Mimikyu\n|-item|p2a: Mimikyu|Choice Scarf|[from] move: Trick\n|-item|p1a: Rotom|Life Orb|[from] move: Trick\n|move|p2a: Mimikyu|Swords Dance|p2a: Mimikyu\n|-boost|p2a: Mimikyu|atk|2\n|\n|upkeep\n|turn|7\n|\n|t:|1700679803\n|switch|p2a: Ribombee|Ribombee, F|100\/100\n|move|p1a: Rotom|Hydro Pump|p2a: Ribombee|[miss]\n|-miss|p1a: Rotom|p2a: Ribombee\n|\n|upkeep\n|turn|8\n|\n|t:|1700679808\n|move|p2a: Ribombee|Sticky Web|p1a: Rotom\n|-sidestart|p1: TwelveZ|move: Sticky Web\n|move|p1a: Rotom|Thunder Wave|p2a: Ribombee\n|-status|p2a: Ribombee|par\n|\n|upkeep\n|turn|9\n|\n|t:|1700679819\n|switch|p1a: Hatterene|Hatterene, F|100\/100\n|-activate|p1a: Hatterene|move: Sticky Web\n|-unboost|p1a: Hatterene|spe|1\n|move|p2a: Ribombee|Moonblast|p1a: Hatterene\n|-damage|p1a: Hatterene|62\/100\n|-unboost|p1a: Hatterene|spa|1\n|\n|-heal|p1a: Hatterene|68\/100|[from] item: Leftovers\n|upkeep\n|turn|10\n|\n|t:|1700679828\n|move|p2a: Ribombee|U-turn|p1a: Hatterene\n|-damage|p1a: Hatterene|56\/100\n|\n|t:|1700679831\n|switch|p2a: Mimikyu|Mimikyu-Busted, M|78\/100|[from] U-turn\n|move|p1a: Hatterene|Calm Mind|p1a: Hatterene\n|-boost|p1a: Hatterene|spa|1\n|-boost|p1a: Hatterene|spd|1\n|\n|-heal|p1a: Hatterene|62\/100|[from] item: Leftovers\n|upkeep\n|turn|11\n|\n|t:|1700679846\n|move|p2a: Mimikyu|Wood Hammer|p1a: Hatterene\n|-crit|p1a: Hatterene\n|-damage|p1a: Hatterene|17\/100\n|-damage|p2a: Mimikyu|59\/100|[from] Recoil\n|move|p1a: Hatterene|Mystical Fire|p2a: Mimikyu\n|-damage|p2a: Mimikyu|29\/100\n|-unboost|p2a: Mimikyu|spa|1\n|\n|-heal|p1a: Hatterene|23\/100|[from] item: Leftovers\n|upkeep\n|turn|12\n|\n|t:|1700679856\n|move|p2a: Mimikyu|Wood Hammer|p1a: Hatterene\n|-crit|p1a: Hatterene\n|-damage|p1a: Hatterene|0 fnt\n|faint|p1a: Hatterene\n|-damage|p2a: Mimikyu|20\/100|[from] Recoil\n|\n|upkeep\n|\n|t:|1700679873\n|switch|p1a: Garchomp|Garchomp, M|100\/100\n|-activate|p1a: Garchomp|move: Sticky Web\n|-unboost|p1a: Garchomp|spe|1\n|turn|13\n|\n|t:|1700679880\n|move|p2a: Mimikyu|Wood Hammer|p1a: Garchomp\n|-damage|p1a: Garchomp|72\/100\n|-damage|p2a: Mimikyu|8\/100|[from] ability: Rough Skin|[of] p1a: Garchomp\n|-damage|p2a: Mimikyu|0 fnt|[from] item: Rocky Helmet|[of] p1a: Garchomp\n|faint|p2a: Mimikyu\n|move|p1a: Garchomp|Spikes|p2: Mimikyu\n|-sidestart|p2: Nyles Morales|Spikes\n|\n|upkeep\n|\n|t:|1700679887\n|switch|p2a: Great Tusk|Great Tusk|100\/100\n|-damage|p2a: Great Tusk|88\/100|[from] Spikes\n|turn|14\n|\n|t:|1700679890\n|move|p2a: Great Tusk|Rapid Spin|p1a: Garchomp\n|-crit|p1a: Garchomp\n|-damage|p1a: Garchomp|53\/100\n|-boost|p2a: Great Tusk|spe|1\n|-damage|p2a: Great Tusk|76\/100|[from] ability: Rough Skin|[of] p1a: Garchomp\n|-damage|p2a: Great Tusk|59\/100|[from] item: Rocky Helmet|[of] p1a: Garchomp\n|-sideend|p2: Nyles Morales|Spikes|[from] move: Rapid Spin|[of] p2a: Great Tusk\n|move|p1a: Garchomp|Dragon Tail|p2a: Great Tusk\n|-crit|p2a: Great Tusk\n|-damage|p2a: Great Tusk|41\/100\n|-damage|p1a: Garchomp|36\/100|[from] item: Rocky Helmet|[of] p2a: Great Tusk\n|-end|p2a: Great Tusk|Protosynthesis|[silent]\n|drag|p2a: Ribombee|Ribombee, F|100\/100 par\n|\n|upkeep\n|turn|15\n|\n|t:|1700679902\n|move|p1a: Garchomp|Stealth Rock|p2a: Ribombee\n|-sidestart|p2: Nyles Morales|move: Stealth Rock\n|move|p2a: Ribombee|Moonblast|p1a: Garchomp\n|-supereffective|p1a: Garchomp\n|-damage|p1a: Garchomp|0 fnt\n|faint|p1a: Garchomp\n|\n|upkeep\n|\n|t:|1700679925\n|switch|p1a: Breloom|Breloom, M|1\/100\n|-activate|p1a: Breloom|move: Sticky Web\n|-unboost|p1a: Breloom|spe|1\n|turn|16\n|\n|t:|1700679930\n|move|p1a: Breloom|Mach Punch|p2a: Ribombee\n|-resisted|p2a: Ribombee\n|-damage|p2a: Ribombee|84\/100 par\n|move|p2a: Ribombee|Moonblast|p1a: Breloom\n|-supereffective|p1a: Breloom\n|-damage|p1a: Breloom|0 fnt\n|faint|p1a: Breloom\n|\n|upkeep\n|\n|t:|1700679946\n|switch|p1a: Kingambit|Kingambit, M|100\/100\n|-activate|p1a: Kingambit|move: Sticky Web\n|-unboost|p1a: Kingambit|spe|1\n|-activate|p1a: Kingambit|ability: Supreme Overlord\n|-start|p1a: Kingambit|fallen4|[silent]\n|turn|17\n|\n|t:|1700679954\n|-terastallize|p1a: Kingambit|Fighting\n|move|p2a: Ribombee|Stun Spore|p1a: Kingambit\n|-status|p1a: Kingambit|par\n|move|p1a: Kingambit|Iron Head|p2a: Ribombee\n|-supereffective|p2a: Ribombee\n|-crit|p2a: Ribombee\n|-damage|p2a: Ribombee|0 fnt\n|faint|p2a: Ribombee\n|\n|upkeep\n|\n|t:|1700679963\n|switch|p2a: Dragapult|Dragapult, M, shiny|100\/100 slp\n|-damage|p2a: Dragapult|88\/100 slp|[from] Stealth Rock\n|turn|18\n|\n|t:|1700679967\n|cant|p2a: Dragapult|slp\n|move|p1a: Kingambit|Kowtow Cleave|p2a: Dragapult\n|-supereffective|p2a: Dragapult\n|-damage|p2a: Dragapult|0 fnt\n|faint|p2a: Dragapult\n|\n|upkeep\n|\n|t:|1700679970\n|switch|p2a: Great Tusk|Great Tusk|41\/100\n|-damage|p2a: Great Tusk|38\/100|[from] Stealth Rock\n|turn|19\n|\n|t:|1700679978\n|move|p1a: Kingambit|Sucker Punch||[still]\n|-fail|p1a: Kingambit\n|move|p2a: Great Tusk|Stealth Rock|p1a: Kingambit\n|-sidestart|p1: TwelveZ|move: Stealth Rock\n|\n|upkeep\n|turn|20\n|\n|t:|1700679982\n|move|p1a: Kingambit|Sucker Punch||[still]\n|-fail|p1a: Kingambit\n|move|p2a: Great Tusk|Stealth Rock||[still]\n|-fail|p2a: Great Tusk\n|\n|upkeep\n|turn|21\n|\n|t:|1700679987\n|cant|p1a: Kingambit|par\n|move|p2a: Great Tusk|Knock Off|p1a: Kingambit\n|-resisted|p1a: Kingambit\n|-damage|p1a: Kingambit|90\/100 par\n|-enditem|p1a: Kingambit|Black Glasses|[from] move: Knock Off|[of] p2a: Great Tusk\n|\n|upkeep\n|turn|22\n|\n|t:|1700679993\n|move|p1a: Kingambit|Sucker Punch||[still]\n|-fail|p1a: Kingambit\n|move|p2a: Great Tusk|Stealth Rock||[still]\n|-fail|p2a: Great Tusk\n|\n|upkeep\n|turn|23\n|\n|t:|1700679997\n|move|p1a: Kingambit|Sucker Punch|p2a: Great Tusk\n|-resisted|p2a: Great Tusk\n|-damage|p2a: Great Tusk|26\/100\n|-damage|p1a: Kingambit|74\/100 par|[from] item: Rocky Helmet|[of] p2a: Great Tusk\n|move|p2a: Great Tusk|Rapid Spin|p1a: Kingambit\n|-damage|p1a: Kingambit|62\/100 par\n|-boost|p2a: Great Tusk|spe|1\n|-sideend|p2: Nyles Morales|Stealth Rock|[from] move: Rapid Spin|[of] p2a: Great Tusk\n|\n|upkeep\n|turn|24\n|\n|t:|1700680011\n|move|p2a: Great Tusk|Stealth Rock||[still]\n|-fail|p2a: Great Tusk\n|move|p1a: Kingambit|Iron Head|p2a: Great Tusk\n|-damage|p2a: Great Tusk|0 fnt\n|-damage|p1a: Kingambit|46\/100 par|[from] item: Rocky Helmet|[of] p2a: Great Tusk\n|faint|p2a: Great Tusk\n|-end|p2a: Great Tusk|Protosynthesis|[silent]\n|\n|upkeep\n|\n|t:|1700680019\n|switch|p2a: Kingambit|Kingambit, M, shiny|100\/100\n|-activate|p2a: Kingambit|ability: Supreme Overlord\n|-start|p2a: Kingambit|fallen5|[silent]\n|turn|25\n|\n|t:|1700680024\n|-terastallize|p2a: Kingambit|Fighting\n|move|p2a: Kingambit|Swords Dance|p2a: Kingambit\n|-boost|p2a: Kingambit|atk|2\n|move|p1a: Kingambit|Low Kick|p2a: Kingambit\n|-damage|p2a: Kingambit|32\/100\n|\n|-heal|p2a: Kingambit|38\/100|[from] item: Leftovers\n|upkeep\n|turn|26\n|\n|t:|1700680032\n|move|p2a: Kingambit|Brick Break|p1a: Kingambit\n|-damage|p1a: Kingambit|0 fnt\n|faint|p1a: Kingambit\n|-end|p1a: Kingambit|fallen4|[silent]\n|\n|-heal|p2a: Kingambit|44\/100|[from] item: Leftovers\n|upkeep\n|\n|t:|1700680037\n|switch|p1a: Rotom|Rotom-Wash|100\/100\n|-damage|p1a: Rotom|88\/100|[from] Stealth Rock\n|turn|27\n|\n|t:|1700680042\n|move|p1a: Rotom|Thunder Wave|p2a: Kingambit\n|-status|p2a: Kingambit|par\n|move|p2a: Kingambit|Iron Head|p1a: Rotom\n|-resisted|p1a: Rotom\n|-damage|p1a: Rotom|49\/100\n|\n|-heal|p2a: Kingambit|50\/100 par|[from] item: Leftovers\n|upkeep\n|turn|28\n|\n|t:|1700680054\n|move|p1a: Rotom|Trick|p2a: Kingambit\n|-activate|p1a: Rotom|move: Trick|[of] p2a: Kingambit\n|-item|p2a: Kingambit|Life Orb|[from] move: Trick\n|-item|p1a: Rotom|Leftovers|[from] move: Trick\n|move|p2a: Kingambit|Iron Head|p1a: Rotom\n|-resisted|p1a: Rotom\n|-damage|p1a: Rotom|0 fnt\n|faint|p1a: Rotom\n|-damage|p2a: Kingambit|40\/100 par|[from] item: Life Orb\n|\n|win|Nyles Morales\n|raw|TwelveZ's rating: 1096 &rarr; <strong>1075<\/strong><br \/>(-21 for losing)\n|raw|Nyles Morales's rating: 1148 &rarr; <strong>1169<\/strong><br \/>(+21 for winning)\n|l|\u2606TwelveZ\n|c|\u2606Nyles Morales|why wouldn't I just press an attack on a defensive rotom\n","uploadtime":1700680094,"views":1,"p1id":"twelvez","p2id":"nylesmorales","formatid":"gen9ou","rating":1075,"private":0,"password":""}