{"id":"gen9ou-1988433954","p1":"Toddadile","p2":"66arc11","format":"[Gen 9] OU","log":"|j|\u2606Toddadile\n|j|\u260666arc11\n|t:|1699722507\n|gametype|singles\n|player|p1|Toddadile|adaman|1101\n|player|p2|66arc11|blackbelt-gen4dp|1131\n|teamsize|p1|6\n|teamsize|p2|6\n|gen|9\n|tier|[Gen 9] OU\n|rated|\n|rule|Sleep Clause Mod: Limit one foe put to sleep\n|rule|Species Clause: Limit one of each Pok\u00e9mon\n|rule|OHKO Clause: OHKO moves are banned\n|rule|Evasion Items Clause: Evasion items are banned\n|rule|Evasion Moves Clause: Evasion moves are banned\n|rule|Endless Battle Clause: Forcing endless battles is banned\n|rule|HP Percentage Mod: HP is shown in percentages\n|clearpoke\n|poke|p1|Glimmora, M|\n|poke|p1|Iron Moth|\n|poke|p1|Slowking-Galar, M|\n|poke|p1|Sneasler, F|\n|poke|p1|Gengar, M|\n|poke|p1|Clodsire, M|\n|poke|p2|Sneasler, F|\n|poke|p2|Ribombee, M|\n|poke|p2|Cinderace, M|\n|poke|p2|Ting-Lu|\n|poke|p2|Gliscor, M|\n|poke|p2|Clefable, F|\n|teampreview\n|inactive|Battle timer is ON: inactive players will automatically lose when time's up. (requested by Toddadile)\n|\n|t:|1699722520\n|start\n|switch|p1a: Glimmora|Glimmora, M|100\/100\n|switch|p2a: Ribombee|Ribombee, M|100\/100\n|turn|1\n|\n|t:|1699722527\n|move|p2a: Ribombee|Stun Spore|p1a: Glimmora\n|-status|p1a: Glimmora|par\n|cant|p1a: Glimmora|par\n|\n|upkeep\n|turn|2\n|\n|t:|1699722536\n|switch|p2a: Ting-Lu|Ting-Lu|100\/100\n|-ability|p2a: Ting-Lu|Vessel of Ruin\n|cant|p1a: Glimmora|par\n|\n|upkeep\n|turn|3\n|\n|t:|1699722557\n|-terastallize|p1a: Glimmora|Flying\n|-terastallize|p2a: Ting-Lu|Poison\n|move|p1a: Glimmora|Dazzling Gleam|p2a: Ting-Lu\n|-resisted|p2a: Ting-Lu\n|-damage|p2a: Ting-Lu|88\/100\n|move|p2a: Ting-Lu|Stealth Rock|p1a: Glimmora\n|-sidestart|p1: Toddadile|move: Stealth Rock\n|\n|-heal|p2a: Ting-Lu|94\/100|[from] item: Leftovers\n|upkeep\n|turn|4\n|\n|t:|1699722577\n|switch|p1a: Iron Moth|Iron Moth|100\/100\n|-damage|p1a: Iron Moth|76\/100|[from] Stealth Rock\n|-enditem|p1a: Iron Moth|Booster Energy\n|-activate|p1a: Iron Moth|ability: Quark Drive|[fromitem]\n|-start|p1a: Iron Moth|quarkdrivespa\n|move|p2a: Ting-Lu|Ruination|p1a: Iron Moth\n|-damage|p1a: Iron Moth|38\/100\n|\n|-heal|p2a: Ting-Lu|100\/100|[from] item: Leftovers\n|upkeep\n|turn|5\n|\n|t:|1699722591\n|move|p1a: Iron Moth|Fiery Dance|p2a: Ting-Lu\n|-damage|p2a: Ting-Lu|71\/100\n|move|p2a: Ting-Lu|Whirlwind|p1a: Iron Moth\n|-end|p1a: Iron Moth|Quark Drive|[silent]\n|drag|p1a: Sneasler|Sneasler, F|100\/100\n|-damage|p1a: Sneasler|95\/100|[from] Stealth Rock\n|\n|-heal|p2a: Ting-Lu|78\/100|[from] item: Leftovers\n|upkeep\n|turn|6\n|\n|t:|1699722605\n|move|p1a: Sneasler|Dire Claw|p2a: Ting-Lu\n|-resisted|p2a: Ting-Lu\n|-damage|p2a: Ting-Lu|65\/100\n|-status|p2a: Ting-Lu|slp\n|cant|p2a: Ting-Lu|slp\n|\n|-heal|p2a: Ting-Lu|71\/100 slp|[from] item: Leftovers\n|upkeep\n|turn|7\n|\n|t:|1699722620\n|move|p1a: Sneasler|Swords Dance|p1a: Sneasler\n|-boost|p1a: Sneasler|atk|2\n|-curestatus|p2a: Ting-Lu|slp|[msg]\n|move|p2a: Ting-Lu|Stone Edge|p1a: Sneasler|[miss]\n|-miss|p2a: Ting-Lu|p1a: Sneasler\n|\n|-heal|p2a: Ting-Lu|77\/100|[from] item: Leftovers\n|upkeep\n|turn|8\n|\n|t:|1699722630\n|move|p1a: Sneasler|Dire Claw|p2a: Ting-Lu\n|-resisted|p2a: Ting-Lu\n|-damage|p2a: Ting-Lu|51\/100\n|move|p2a: Ting-Lu|Whirlwind|p1a: Sneasler\n|drag|p1a: Slowking|Slowking-Galar, M|100\/100\n|-damage|p1a: Slowking|88\/100|[from] Stealth Rock\n|\n|-heal|p2a: Ting-Lu|58\/100|[from] item: Leftovers\n|-heal|p1a: Slowking|94\/100|[from] item: Leftovers\n|upkeep\n|turn|9\n|\n|t:|1699722642\n|move|p2a: Ting-Lu|Ruination|p1a: Slowking\n|-damage|p1a: Slowking|47\/100\n|move|p1a: Slowking|Eerie Spell|p2a: Ting-Lu\n|-supereffective|p2a: Ting-Lu\n|-damage|p2a: Ting-Lu|11\/100\n|-activate|p2a: Ting-Lu|move: Eerie Spell|Ruination|3\n|\n|-heal|p2a: Ting-Lu|17\/100|[from] item: Leftovers\n|-heal|p1a: Slowking|54\/100|[from] item: Leftovers\n|upkeep\n|turn|10\n|\n|t:|1699722656\n|switch|p2a: Gliscor|Gliscor, M, shiny|100\/100\n|move|p1a: Slowking|Eerie Spell|p2a: Gliscor\n|-damage|p2a: Gliscor|40\/100\n|\n|-heal|p1a: Slowking|60\/100|[from] item: Leftovers\n|-status|p2a: Gliscor|tox|[from] item: Toxic Orb\n|upkeep\n|turn|11\n|\n|t:|1699722666\n|switch|p1a: Glimmora|Glimmora, M, tera:Flying|100\/100 par\n|-damage|p1a: Glimmora|76\/100 par|[from] Stealth Rock\n|move|p2a: Gliscor|Earthquake|p1a: Glimmora\n|-immune|p1a: Glimmora\n|\n|-heal|p2a: Gliscor|52\/100 tox|[from] ability: Poison Heal\n|upkeep\n|turn|12\n|\n|t:|1699722680\n|switch|p2a: Ting-Lu|Ting-Lu, tera:Poison|17\/100\n|-ability|p2a: Ting-Lu|Vessel of Ruin\n|move|p1a: Glimmora|Power Gem|p2a: Ting-Lu\n|-damage|p2a: Ting-Lu|0 fnt\n|faint|p2a: Ting-Lu\n|\n|upkeep\n|\n|t:|1699722701\n|switch|p2a: Cinderace|Cinderace, M, shiny|100\/100\n|turn|13\n|\n|t:|1699722709\n|move|p2a: Cinderace|Pyro Ball|p1a: Glimmora\n|-damage|p1a: Glimmora|0 fnt\n|-activate|p1a: Glimmora|ability: Toxic Debris\n|-sidestart|p2: 66arc11|move: Toxic Spikes\n|faint|p1a: Glimmora\n|\n|upkeep\n|\n|t:|1699722723\n|switch|p1a: Clodsire|Clodsire, M|100\/100\n|-damage|p1a: Clodsire|94\/100|[from] Stealth Rock\n|turn|14\n|\n|t:|1699722729\n|switch|p2a: Gliscor|Gliscor, M, shiny|52\/100 tox\n|move|p1a: Clodsire|Stealth Rock|p2a: Gliscor\n|-sidestart|p2: 66arc11|move: Stealth Rock\n|\n|-heal|p1a: Clodsire|100\/100|[from] item: Leftovers\n|-heal|p2a: Gliscor|65\/100 tox|[from] ability: Poison Heal\n|upkeep\n|turn|15\n|\n|t:|1699722742\n|move|p2a: Gliscor|Earthquake|p1a: Clodsire\n|-supereffective|p1a: Clodsire\n|-damage|p1a: Clodsire|31\/100\n|move|p1a: Clodsire|Toxic Spikes|p2a: Gliscor\n|-sidestart|p2: 66arc11|move: Toxic Spikes\n|\n|-heal|p1a: Clodsire|37\/100|[from] item: Leftovers\n|-heal|p2a: Gliscor|77\/100 tox|[from] ability: Poison Heal\n|upkeep\n|turn|16\n|\n|t:|1699722753\n|move|p2a: Gliscor|Earthquake|p1a: Clodsire\n|-supereffective|p1a: Clodsire\n|-damage|p1a: Clodsire|0 fnt\n|faint|p1a: Clodsire\n|\n|-heal|p2a: Gliscor|89\/100 tox|[from] ability: Poison Heal\n|upkeep\n|\n|t:|1699722769\n|switch|p1a: Gengar|Gengar, M|100\/100\n|-damage|p1a: Gengar|88\/100|[from] Stealth Rock\n|turn|17\n|\n|t:|1699722775\n|move|p1a: Gengar|Shadow Ball|p2a: Gliscor\n|-damage|p2a: Gliscor|9\/100 tox\n|-damage|p1a: Gengar|78\/100|[from] item: Life Orb\n|move|p2a: Gliscor|Earthquake|p1a: Gengar\n|-supereffective|p1a: Gengar\n|-damage|p1a: Gengar|0 fnt\n|faint|p1a: Gengar\n|\n|-heal|p2a: Gliscor|21\/100 tox|[from] ability: Poison Heal\n|upkeep\n|\n|t:|1699722788\n|switch|p1a: Sneasler|Sneasler, F|95\/100\n|-damage|p1a: Sneasler|89\/100|[from] Stealth Rock\n|turn|18\n|\n|t:|1699722793\n|move|p1a: Sneasler|Close Combat|p2a: Gliscor\n|-resisted|p2a: Gliscor\n|-damage|p2a: Gliscor|0 fnt\n|-unboost|p1a: Sneasler|def|1\n|-unboost|p1a: Sneasler|spd|1\n|-enditem|p1a: Sneasler|White Herb\n|-clearnegativeboost|p1a: Sneasler|[silent]\n|faint|p2a: Gliscor\n|\n|upkeep\n|\n|t:|1699722803\n|switch|p2a: Sneasler|Sneasler, F, shiny|100\/100\n|-sideend|p2: 66arc11|move: Toxic Spikes|[of] p2a: Sneasler\n|-damage|p2a: Sneasler|95\/100|[from] Stealth Rock\n|turn|19\n|\n|t:|1699722813\n|move|p1a: Sneasler|Dire Claw|p2a: Sneasler\n|-resisted|p2a: Sneasler\n|-crit|p2a: Sneasler\n|-damage|p2a: Sneasler|36\/100\n|move|p2a: Sneasler|Acrobatics|p1a: Sneasler\n|-supereffective|p1a: Sneasler\n|-damage|p1a: Sneasler|21\/100\n|\n|upkeep\n|turn|20\n|\n|t:|1699722824\n|move|p1a: Sneasler|Dire Claw|p2a: Sneasler\n|-resisted|p2a: Sneasler\n|-damage|p2a: Sneasler|0 fnt\n|faint|p2a: Sneasler\n|\n|upkeep\n|\n|t:|1699722828\n|switch|p2a: Cinderace|Cinderace, M, shiny|100\/100\n|turn|21\n|\n|t:|1699722834\n|move|p1a: Sneasler|Dire Claw|p2a: Cinderace\n|-damage|p2a: Cinderace|38\/100\n|-status|p2a: Cinderace|slp\n|cant|p2a: Cinderace|slp\n|\n|upkeep\n|turn|22\n|\n|t:|1699722842\n|cant|p2a: Cinderace|slp\n|move|p1a: Sneasler|Dire Claw|p2a: Cinderace\n|-damage|p2a: Cinderace|0 fnt\n|faint|p2a: Cinderace\n|\n|upkeep\n|\n|t:|1699722849\n|switch|p2a: Clefable|Clefable, F|100\/100\n|-damage|p2a: Clefable|88\/100|[from] Stealth Rock\n|turn|23\n|\n|t:|1699722853\n|move|p1a: Sneasler|Dire Claw|p2a: Clefable\n|-supereffective|p2a: Clefable\n|-damage|p2a: Clefable|0 fnt\n|faint|p2a: Clefable\n|\n|upkeep\n|\n|t:|1699722856\n|switch|p2a: Ribombee|Ribombee, M|100\/100\n|-damage|p2a: Ribombee|76\/100|[from] Stealth Rock\n|turn|24\n|\n|t:|1699722862\n|move|p1a: Sneasler|Dire Claw|p2a: Ribombee\n|-supereffective|p2a: Ribombee\n|-damage|p2a: Ribombee|0 fnt\n|faint|p2a: Ribombee\n|\n|win|Toddadile\n|raw|Toddadile's rating: 1101 &rarr; <strong>1128<\/strong><br \/>(+27 for winning)\n|raw|66arc11's rating: 1131 &rarr; <strong>1104<\/strong><br \/>(-27 for losing)\n","uploadtime":1699722870,"views":22,"p1id":"toddadile","p2id":"66arc11","formatid":"gen9ou","rating":1104,"private":0,"password":""}