{"id":"gen9ou-1994182869","p1":"Jeusu","p2":"Ger0o","format":"[Gen 9] OU","log":"|j|\u2606Jeusu\n|j|\u2606Ger0o\n|t:|1700416294\n|gametype|singles\n|player|p1|Jeusu|plasmagruntf|1248\n|player|p2|Ger0o|clerk|1239\n|teamsize|p1|6\n|teamsize|p2|6\n|gen|9\n|tier|[Gen 9] OU\n|rated|\n|rule|Sleep Clause Mod: Limit one foe put to sleep\n|rule|Species Clause: Limit one of each Pok\u00e9mon\n|rule|OHKO Clause: OHKO moves are banned\n|rule|Evasion Items Clause: Evasion items are banned\n|rule|Evasion Moves Clause: Evasion moves are banned\n|rule|Endless Battle Clause: Forcing endless battles is banned\n|rule|HP Percentage Mod: HP is shown in percentages\n|clearpoke\n|poke|p1|Rillaboom, M|\n|poke|p1|Iron Moth|\n|poke|p1|Dondozo, M|\n|poke|p1|Clodsire, F|\n|poke|p1|Iron Treads|\n|poke|p1|Haxorus, F|\n|poke|p2|Grafaiai, M|\n|poke|p2|Meowscarada, F|\n|poke|p2|Zapdos|\n|poke|p2|Great Tusk|\n|poke|p2|Cloyster, F|\n|poke|p2|Landorus-Therian, M|\n|teampreview\n|\n|t:|1700416304\n|start\n|switch|p1a: Rillaboom|Rillaboom, M|100\/100\n|switch|p2a: Grafaiai|Grafaiai, M|100\/100\n|-fieldstart|move: Grassy Terrain|[from] ability: Grassy Surge|[of] p1a: Rillaboom\n|turn|1\n|\n|t:|1700416319\n|switch|p1a: Iron Moth|Iron Moth|100\/100\n|move|p2a: Grafaiai|Parting Shot|p1a: Iron Moth\n|-unboost|p1a: Iron Moth|atk|1\n|-unboost|p1a: Iron Moth|spa|1\n|\n|t:|1700416328\n|switch|p2a: Great Tusk|Great Tusk|100\/100|[from] Parting Shot\n|-enditem|p2a: Great Tusk|Booster Energy\n|-activate|p2a: Great Tusk|ability: Protosynthesis|[fromitem]\n|-start|p2a: Great Tusk|protosynthesisatk\n|\n|upkeep\n|turn|2\n|\n|t:|1700416335\n|move|p1a: Iron Moth|U-turn|p2a: Great Tusk\n|-resisted|p2a: Great Tusk\n|-damage|p2a: Great Tusk|98\/100\n|\n|t:|1700416341\n|-end|p1a: Iron Moth|Quark Drive|[silent]\n|switch|p1a: Dondozo|Dondozo, M|100\/100|[from] U-turn\n|move|p2a: Great Tusk|Rapid Spin|p1a: Dondozo\n|-damage|p1a: Dondozo|90\/100\n|-boost|p2a: Great Tusk|spe|1\n|\n|-heal|p2a: Great Tusk|100\/100|[from] Grassy Terrain\n|-heal|p1a: Dondozo|96\/100|[from] Grassy Terrain\n|-heal|p1a: Dondozo|100\/100|[from] item: Leftovers\n|upkeep\n|turn|3\n|\n|t:|1700416353\n|move|p2a: Great Tusk|Close Combat|p1a: Dondozo\n|-damage|p1a: Dondozo|67\/100\n|-unboost|p2a: Great Tusk|def|1\n|-unboost|p2a: Great Tusk|spd|1\n|move|p1a: Dondozo|Liquidation|p2a: Great Tusk\n|-supereffective|p2a: Great Tusk\n|-damage|p2a: Great Tusk|56\/100\n|\n|-heal|p2a: Great Tusk|63\/100|[from] Grassy Terrain\n|-heal|p1a: Dondozo|73\/100|[from] Grassy Terrain\n|-heal|p1a: Dondozo|79\/100|[from] item: Leftovers\n|upkeep\n|turn|4\n|\n|t:|1700416365\n|-end|p2a: Great Tusk|Protosynthesis|[silent]\n|switch|p2a: Grafaiai|Grafaiai, M|100\/100\n|move|p1a: Dondozo|Liquidation|p2a: Grafaiai\n|-damage|p2a: Grafaiai|52\/100\n|\n|-heal|p2a: Grafaiai|58\/100|[from] Grassy Terrain\n|-heal|p2a: Grafaiai|64\/100|[from] item: Black Sludge\n|-heal|p1a: Dondozo|85\/100|[from] Grassy Terrain\n|-heal|p1a: Dondozo|92\/100|[from] item: Leftovers\n|upkeep\n|turn|5\n|\n|t:|1700416376\n|switch|p1a: Iron Treads|Iron Treads|100\/100\n|move|p2a: Grafaiai|Switcheroo|p1a: Iron Treads\n|-activate|p2a: Grafaiai|move: Trick|[of] p1a: Iron Treads\n|-item|p1a: Iron Treads|Black Sludge|[from] move: Switcheroo\n|-item|p2a: Grafaiai|Assault Vest|[from] move: Switcheroo\n|\n|-heal|p2a: Grafaiai|70\/100|[from] Grassy Terrain\n|-damage|p1a: Iron Treads|88\/100|[from] item: Black Sludge\n|-fieldend|move: Grassy Terrain\n|upkeep\n|turn|6\n|\n|t:|1700416397\n|switch|p2a: Great Tusk|Great Tusk|63\/100\n|-end|p1a: Iron Treads|Quark Drive|[silent]\n|switch|p1a: Clodsire|Clodsire, F|100\/100\n|\n|upkeep\n|turn|7\n|\n|t:|1700416402\n|switch|p1a: Dondozo|Dondozo, M|92\/100\n|move|p2a: Great Tusk|Headlong Rush|p1a: Dondozo\n|-damage|p1a: Dondozo|63\/100\n|-unboost|p2a: Great Tusk|def|1\n|-unboost|p2a: Great Tusk|spd|1\n|\n|-heal|p1a: Dondozo|69\/100|[from] item: Leftovers\n|upkeep\n|turn|8\n|\n|t:|1700416412\n|-end|p2a: Great Tusk|Protosynthesis|[silent]\n|switch|p2a: Zapdos|Zapdos|100\/100\n|move|p1a: Dondozo|Liquidation|p2a: Zapdos\n|-damage|p2a: Zapdos|62\/100\n|-status|p1a: Dondozo|par|[from] ability: Static|[of] p2a: Zapdos\n|\n|-heal|p2a: Zapdos|69\/100|[from] item: Leftovers\n|-heal|p1a: Dondozo|75\/100 par|[from] item: Leftovers\n|upkeep\n|turn|9\n|\n|t:|1700416423\n|switch|p1a: Iron Treads|Iron Treads|88\/100\n|move|p2a: Zapdos|Volt Switch|p1a: Iron Treads\n|-immune|p1a: Iron Treads\n|\n|-heal|p2a: Zapdos|75\/100|[from] item: Leftovers\n|-damage|p1a: Iron Treads|75\/100|[from] item: Black Sludge\n|upkeep\n|turn|10\n|\n|t:|1700416431\n|switch|p2a: Grafaiai|Grafaiai, M|70\/100\n|move|p1a: Iron Treads|Knock Off|p2a: Grafaiai\n|-damage|p2a: Grafaiai|25\/100\n|-enditem|p2a: Grafaiai|Assault Vest|[from] move: Knock Off|[of] p1a: Iron Treads\n|\n|-damage|p1a: Iron Treads|63\/100|[from] item: Black Sludge\n|upkeep\n|turn|11\n|\n|t:|1700416440\n|move|p2a: Grafaiai|Parting Shot|p1a: Iron Treads\n|-unboost|p1a: Iron Treads|atk|1\n|-unboost|p1a: Iron Treads|spa|1\n|\n|t:|1700416445\n|switch|p2a: Landorus|Landorus-Therian, M|100\/100|[from] Parting Shot\n|-ability|p2a: Landorus|Intimidate|boost\n|-unboost|p1a: Iron Treads|atk|1\n|move|p1a: Iron Treads|Knock Off|p2a: Landorus\n|-damage|p2a: Landorus|86\/100\n|-enditem|p2a: Landorus|Choice Scarf|[from] move: Knock Off|[of] p1a: Iron Treads\n|\n|-damage|p1a: Iron Treads|50\/100|[from] item: Black Sludge\n|upkeep\n|turn|12\n|\n|t:|1700416454\n|-end|p1a: Iron Treads|Quark Drive|[silent]\n|switch|p1a: Dondozo|Dondozo, M|75\/100 par\n|move|p2a: Landorus|Earthquake|p1a: Dondozo\n|-damage|p1a: Dondozo|48\/100 par\n|\n|-heal|p1a: Dondozo|54\/100 par|[from] item: Leftovers\n|upkeep\n|turn|13\n|\n|t:|1700416462\n|move|p2a: Landorus|U-turn|p1a: Dondozo\n|-damage|p1a: Dondozo|40\/100 par\n|\n|t:|1700416464\n|switch|p2a: Grafaiai|Grafaiai, M|25\/100|[from] U-turn\n|move|p1a: Dondozo|Rest|p1a: Dondozo\n|-status|p1a: Dondozo|slp|[from] move: Rest\n|-heal|p1a: Dondozo|100\/100 slp|[silent]\n|\n|upkeep\n|turn|14\n|\n|t:|1700416484\n|switch|p1a: Iron Treads|Iron Treads|50\/100\n|move|p2a: Grafaiai|Knock Off|p1a: Iron Treads\n|-damage|p1a: Iron Treads|32\/100\n|-enditem|p1a: Iron Treads|Black Sludge|[from] move: Knock Off|[of] p2a: Grafaiai\n|\n|upkeep\n|turn|15\n|\n|t:|1700416497\n|move|p2a: Grafaiai|Parting Shot|p1a: Iron Treads\n|-unboost|p1a: Iron Treads|atk|1\n|-unboost|p1a: Iron Treads|spa|1\n|\n|t:|1700416501\n|switch|p2a: Landorus|Landorus-Therian, M|86\/100|[from] Parting Shot\n|-ability|p2a: Landorus|Intimidate|boost\n|-unboost|p1a: Iron Treads|atk|1\n|move|p1a: Iron Treads|Knock Off|p2a: Landorus\n|-damage|p2a: Landorus|76\/100\n|\n|upkeep\n|turn|16\n|\n|t:|1700416508\n|-end|p1a: Iron Treads|Quark Drive|[silent]\n|switch|p1a: Dondozo|Dondozo, M|100\/100 slp\n|move|p2a: Landorus|Earthquake|p1a: Dondozo\n|-damage|p1a: Dondozo|73\/100 slp\n|\n|-heal|p1a: Dondozo|79\/100 slp|[from] item: Leftovers\n|upkeep\n|turn|17\n|\n|t:|1700416515\n|move|p2a: Landorus|U-turn|p1a: Dondozo\n|-damage|p1a: Dondozo|65\/100 slp\n|\n|t:|1700416517\n|switch|p2a: Grafaiai|Grafaiai, M|25\/100|[from] U-turn\n|cant|p1a: Dondozo|slp\n|move|p1a: Dondozo|Sleep Talk|p1a: Dondozo\n|move|p1a: Dondozo|Liquidation|p2a: Grafaiai|[from]move: Sleep Talk\n|-damage|p2a: Grafaiai|0 fnt\n|faint|p2a: Grafaiai\n|\n|-heal|p1a: Dondozo|72\/100 slp|[from] item: Leftovers\n|upkeep\n|\n|t:|1700416527\n|switch|p2a: Meowscarada|Meowscarada, F|100\/100\n|turn|18\n|\n|t:|1700416542\n|switch|p1a: Iron Moth|Iron Moth|100\/100\n|move|p2a: Meowscarada|Knock Off|p1a: Iron Moth\n|-start|p2a: Meowscarada|typechange|Dark|[from] ability: Protean\n|-damage|p1a: Iron Moth|0 fnt\n|-enditem|p1a: Iron Moth|Choice Scarf|[from] move: Knock Off|[of] p2a: Meowscarada\n|faint|p1a: Iron Moth\n|-end|p1a: Iron Moth|Quark Drive|[silent]\n|\n|upkeep\n|\n|t:|1700416552\n|switch|p1a: Rillaboom|Rillaboom, M|100\/100\n|-fieldstart|move: Grassy Terrain|[from] ability: Grassy Surge|[of] p1a: Rillaboom\n|turn|19\n|\n|t:|1700416558\n|move|p2a: Meowscarada|Knock Off|p1a: Rillaboom\n|-damage|p1a: Rillaboom|30\/100\n|-enditem|p1a: Rillaboom|Choice Band|[from] move: Knock Off|[of] p2a: Meowscarada\n|move|p1a: Rillaboom|Wood Hammer|p2a: Meowscarada\n|-damage|p2a: Meowscarada|0 fnt\n|faint|p2a: Meowscarada\n|-damage|p1a: Rillaboom|1\/100|[from] Recoil\n|\n|-heal|p1a: Rillaboom|8\/100|[from] Grassy Terrain\n|upkeep\n|\n|t:|1700416568\n|switch|p2a: Landorus|Landorus-Therian, M|76\/100\n|-ability|p2a: Landorus|Intimidate|boost\n|-unboost|p1a: Rillaboom|atk|1\n|turn|20\n|\n|t:|1700416575\n|switch|p1a: Dondozo|Dondozo, M|72\/100 slp\n|move|p2a: Landorus|U-turn|p1a: Dondozo\n|-damage|p1a: Dondozo|60\/100 slp\n|\n|t:|1700416580\n|switch|p2a: Zapdos|Zapdos|75\/100|[from] U-turn\n|\n|-heal|p2a: Zapdos|81\/100|[from] item: Leftovers\n|-heal|p1a: Dondozo|66\/100 slp|[from] Grassy Terrain\n|-heal|p1a: Dondozo|72\/100 slp|[from] item: Leftovers\n|upkeep\n|turn|21\n|\n|t:|1700416591\n|switch|p1a: Clodsire|Clodsire, F|100\/100\n|move|p2a: Zapdos|Tera Blast|p1a: Clodsire\n|-damage|p1a: Clodsire|87\/100\n|\n|-heal|p2a: Zapdos|87\/100|[from] item: Leftovers\n|-heal|p1a: Clodsire|93\/100|[from] Grassy Terrain\n|-heal|p1a: Clodsire|99\/100|[from] item: Black Sludge\n|upkeep\n|turn|22\n|\n|t:|1700416603\n|switch|p2a: Landorus|Landorus-Therian, M|76\/100\n|-ability|p2a: Landorus|Intimidate|boost\n|-unboost|p1a: Clodsire|atk|1\n|move|p1a: Clodsire|Toxic|p2a: Landorus\n|-status|p2a: Landorus|tox\n|\n|-heal|p1a: Clodsire|100\/100|[from] Grassy Terrain\n|-damage|p2a: Landorus|70\/100 tox|[from] psn\n|upkeep\n|turn|23\n|\n|t:|1700416616\n|switch|p1a: Dondozo|Dondozo, M|72\/100 slp\n|move|p2a: Landorus|Earthquake|p1a: Dondozo\n|-damage|p1a: Dondozo|59\/100 slp\n|\n|-heal|p1a: Dondozo|65\/100 slp|[from] Grassy Terrain\n|-heal|p1a: Dondozo|72\/100 slp|[from] item: Leftovers\n|-damage|p2a: Landorus|58\/100 tox|[from] psn\n|-fieldend|move: Grassy Terrain\n|upkeep\n|turn|24\n|\n|t:|1700416626\n|move|p2a: Landorus|U-turn|p1a: Dondozo\n|-damage|p1a: Dondozo|59\/100 slp\n|\n|t:|1700416632\n|switch|p2a: Zapdos|Zapdos|87\/100|[from] U-turn\n|cant|p1a: Dondozo|slp\n|move|p1a: Dondozo|Sleep Talk|p1a: Dondozo\n|move|p1a: Dondozo|Curse|p1a: Dondozo|[from]move: Sleep Talk\n|-unboost|p1a: Dondozo|spe|1\n|-boost|p1a: Dondozo|atk|1\n|-boost|p1a: Dondozo|def|1\n|\n|-heal|p2a: Zapdos|93\/100|[from] item: Leftovers\n|-heal|p1a: Dondozo|65\/100 slp|[from] item: Leftovers\n|upkeep\n|turn|25\n|\n|t:|1700416643\n|switch|p1a: Clodsire|Clodsire, F|100\/100\n|move|p2a: Zapdos|Volt Switch|p1a: Clodsire\n|-immune|p1a: Clodsire\n|\n|-heal|p2a: Zapdos|99\/100|[from] item: Leftovers\n|upkeep\n|turn|26\n|\n|t:|1700416652\n|switch|p2a: Landorus|Landorus-Therian, M|58\/100 tox\n|-ability|p2a: Landorus|Intimidate|boost\n|-unboost|p1a: Clodsire|atk|1\n|move|p1a: Clodsire|Stealth Rock|p2a: Landorus\n|-sidestart|p2: Ger0o|move: Stealth Rock\n|\n|-damage|p2a: Landorus|51\/100 tox|[from] psn\n|upkeep\n|turn|27\n|\n|t:|1700416660\n|switch|p1a: Iron Treads|Iron Treads|32\/100\n|move|p2a: Landorus|U-turn|p1a: Iron Treads\n|-resisted|p1a: Iron Treads\n|-damage|p1a: Iron Treads|24\/100\n|\n|t:|1700416665\n|switch|p2a: Great Tusk|Great Tusk|63\/100|[from] U-turn\n|-damage|p2a: Great Tusk|60\/100|[from] Stealth Rock\n|\n|upkeep\n|turn|28\n|\n|t:|1700416677\n|-end|p1a: Iron Treads|Quark Drive|[silent]\n|switch|p1a: Dondozo|Dondozo, M|65\/100 slp\n|move|p2a: Great Tusk|Rapid Spin|p1a: Dondozo\n|-damage|p1a: Dondozo|57\/100 slp\n|-boost|p2a: Great Tusk|spe|1\n|-sideend|p2: Ger0o|Stealth Rock|[from] move: Rapid Spin|[of] p2a: Great Tusk\n|\n|-heal|p1a: Dondozo|63\/100 slp|[from] item: Leftovers\n|upkeep\n|turn|29\n|\n|t:|1700416686\n|move|p2a: Great Tusk|Close Combat|p1a: Dondozo\n|-damage|p1a: Dondozo|37\/100 slp\n|-unboost|p2a: Great Tusk|def|1\n|-unboost|p2a: Great Tusk|spd|1\n|-curestatus|p1a: Dondozo|slp|[msg]\n|move|p1a: Dondozo|Liquidation|p2a: Great Tusk\n|-supereffective|p2a: Great Tusk\n|-damage|p2a: Great Tusk|19\/100\n|\n|-heal|p1a: Dondozo|43\/100|[from] item: Leftovers\n|upkeep\n|turn|30\n|\n|t:|1700416700\n|-end|p2a: Great Tusk|Protosynthesis|[silent]\n|switch|p2a: Landorus|Landorus-Therian, M|51\/100 tox\n|-ability|p2a: Landorus|Intimidate|boost\n|-unboost|p1a: Dondozo|atk|1\n|move|p1a: Dondozo|Rest|p1a: Dondozo\n|-status|p1a: Dondozo|slp|[from] move: Rest\n|-heal|p1a: Dondozo|100\/100 slp|[silent]\n|\n|-damage|p2a: Landorus|45\/100 tox|[from] psn\n|upkeep\n|turn|31\n|\n|t:|1700416711\n|move|p2a: Landorus|Earthquake|p1a: Dondozo\n|-damage|p1a: Dondozo|73\/100 slp\n|cant|p1a: Dondozo|slp\n|move|p1a: Dondozo|Sleep Talk|p1a: Dondozo\n|move|p1a: Dondozo|Liquidation|p2a: Landorus|[from]move: Sleep Talk\n|-supereffective|p2a: Landorus\n|-damage|p2a: Landorus|2\/100 tox\n|\n|-heal|p1a: Dondozo|79\/100 slp|[from] item: Leftovers\n|-damage|p2a: Landorus|0 fnt|[from] psn\n|faint|p2a: Landorus\n|upkeep\n|\n|t:|1700416723\n|switch|p2a: Zapdos|Zapdos|99\/100\n|turn|32\n|\n|t:|1700416731\n|switch|p2a: Great Tusk|Great Tusk|19\/100\n|switch|p1a: Iron Treads|Iron Treads|24\/100\n|\n|upkeep\n|turn|33\n|\n|t:|1700416737\n|-end|p1a: Iron Treads|Quark Drive|[silent]\n|switch|p1a: Dondozo|Dondozo, M|79\/100 slp\n|move|p2a: Great Tusk|Headlong Rush|p1a: Dondozo\n|-damage|p1a: Dondozo|50\/100 slp\n|-unboost|p2a: Great Tusk|def|1\n|-unboost|p2a: Great Tusk|spd|1\n|\n|-heal|p1a: Dondozo|57\/100 slp|[from] item: Leftovers\n|upkeep\n|turn|34\n|\n|t:|1700416747\n|-end|p2a: Great Tusk|Protosynthesis|[silent]\n|switch|p2a: Zapdos|Zapdos|99\/100\n|switch|p1a: Rillaboom|Rillaboom, M|8\/100\n|-fieldstart|move: Grassy Terrain|[from] ability: Grassy Surge|[of] p1a: Rillaboom\n|\n|-heal|p2a: Zapdos|100\/100|[from] item: Leftovers\n|-heal|p1a: Rillaboom|14\/100|[from] Grassy Terrain\n|upkeep\n|turn|35\n|\n|t:|1700416760\n|switch|p1a: Clodsire|Clodsire, F|100\/100\n|move|p2a: Zapdos|Tera Blast|p1a: Clodsire\n|-damage|p1a: Clodsire|85\/100\n|\n|-heal|p1a: Clodsire|91\/100|[from] Grassy Terrain\n|-heal|p1a: Clodsire|97\/100|[from] item: Black Sludge\n|upkeep\n|turn|36\n|\n|t:|1700416786\n|switch|p2a: Great Tusk|Great Tusk|19\/100\n|move|p1a: Clodsire|Toxic|p2a: Great Tusk\n|-status|p2a: Great Tusk|tox\n|\n|-heal|p2a: Great Tusk|25\/100 tox|[from] Grassy Terrain\n|-heal|p1a: Clodsire|100\/100|[from] Grassy Terrain\n|-damage|p2a: Great Tusk|19\/100 tox|[from] psn\n|upkeep\n|turn|37\n|\n|t:|1700416796\n|switch|p1a: Iron Treads|Iron Treads|24\/100\n|move|p2a: Great Tusk|Headlong Rush|p1a: Iron Treads\n|-supereffective|p1a: Iron Treads\n|-damage|p1a: Iron Treads|0 fnt\n|-unboost|p2a: Great Tusk|def|1\n|-unboost|p2a: Great Tusk|spd|1\n|faint|p1a: Iron Treads\n|-end|p1a: Iron Treads|Quark Drive|[silent]\n|\n|-heal|p2a: Great Tusk|25\/100 tox|[from] Grassy Terrain\n|-damage|p2a: Great Tusk|13\/100 tox|[from] psn\n|upkeep\n|\n|t:|1700416808\n|switch|p1a: Baby Girl|Haxorus, F|100\/100\n|-ability|p1a: Baby Girl|Mold Breaker\n|turn|38\n|\n|t:|1700416820\n|move|p1a: Baby Girl|Iron Head|p2a: Great Tusk\n|-damage|p2a: Great Tusk|0 fnt\n|faint|p2a: Great Tusk\n|-end|p2a: Great Tusk|Protosynthesis|[silent]\n|\n|-fieldend|move: Grassy Terrain\n|upkeep\n|\n|t:|1700416832\n|switch|p2a: Cloyster|Cloyster, F, shiny|100\/100\n|turn|39\n|\n|t:|1700416840\n|-terastallize|p1a: Baby Girl|Steel\n|move|p1a: Baby Girl|Dragon Dance|p1a: Baby Girl\n|-boost|p1a: Baby Girl|atk|1\n|-boost|p1a: Baby Girl|spe|1\n|move|p2a: Cloyster|Shell Smash|p2a: Cloyster\n|-unboost|p2a: Cloyster|def|1\n|-unboost|p2a: Cloyster|spd|1\n|-boost|p2a: Cloyster|atk|2\n|-boost|p2a: Cloyster|spa|2\n|-boost|p2a: Cloyster|spe|2\n|\n|upkeep\n|turn|40\n|\n|t:|1700416854\n|-terastallize|p2a: Cloyster|Ground\n|move|p2a: Cloyster|Drill Run|p1a: Baby Girl\n|-supereffective|p1a: Baby Girl\n|-crit|p1a: Baby Girl\n|-damage|p1a: Baby Girl|0 fnt\n|faint|p1a: Baby Girl\n|\n|upkeep\n|\n|t:|1700416859\n|switch|p1a: Dondozo|Dondozo, M|57\/100 slp\n|turn|41\n|\n|t:|1700416864\n|move|p2a: Cloyster|Shell Smash|p2a: Cloyster\n|-unboost|p2a: Cloyster|def|1\n|-unboost|p2a: Cloyster|spd|1\n|-boost|p2a: Cloyster|atk|2\n|-boost|p2a: Cloyster|spa|2\n|-boost|p2a: Cloyster|spe|2\n|cant|p1a: Dondozo|slp\n|move|p1a: Dondozo|Sleep Talk|p1a: Dondozo\n|move|p1a: Dondozo|Liquidation|p2a: Cloyster|[from]move: Sleep Talk\n|-supereffective|p2a: Cloyster\n|-damage|p2a: Cloyster|51\/100\n|-unboost|p2a: Cloyster|def|1\n|\n|-heal|p1a: Dondozo|63\/100 slp|[from] item: Leftovers\n|upkeep\n|turn|42\n|\n|t:|1700416877\n|move|p2a: Cloyster|Rock Blast|p1a: Dondozo\n|-damage|p1a: Dondozo|59\/100 slp\n|-damage|p1a: Dondozo|56\/100 slp\n|-damage|p1a: Dondozo|53\/100 slp\n|-damage|p1a: Dondozo|50\/100 slp\n|-damage|p1a: Dondozo|48\/100 slp\n|-hitcount|p1a: Dondozo|5\n|-curestatus|p1a: Dondozo|slp|[msg]\n|move|p1a: Dondozo|Liquidation|p2a: Cloyster\n|-supereffective|p2a: Cloyster\n|-damage|p2a: Cloyster|1\/100\n|\n|-heal|p1a: Dondozo|54\/100|[from] item: Leftovers\n|upkeep\n|turn|43\n|\n|t:|1700416889\n|move|p2a: Cloyster|Drill Run|p1a: Dondozo|[miss]\n|-miss|p2a: Cloyster|p1a: Dondozo\n|move|p1a: Dondozo|Liquidation|p2a: Cloyster\n|-supereffective|p2a: Cloyster\n|-damage|p2a: Cloyster|0 fnt\n|faint|p2a: Cloyster\n|\n|-heal|p1a: Dondozo|60\/100|[from] item: Leftovers\n|upkeep\n|-message|Ger0o forfeited.\n|\n|win|Jeusu\n|raw|Jeusu's rating: 1248 &rarr; <strong>1272<\/strong><br \/>(+24 for winning)\n|raw|Ger0o's rating: 1239 &rarr; <strong>1215<\/strong><br \/>(-24 for losing)\n|l|\u2606Ger0o\n","uploadtime":1700416897,"views":8,"p1id":"jeusu","p2id":"ger0o","formatid":"gen9ou","rating":1215,"private":0,"password":""}