{"id":"gen9ou-1991267752","p1":"Big Test These","p2":"PoopAtWork","format":"[Gen 9] OU","log":"|j|\u2606Big Test These\n|j|\u2606PoopAtWork\n|t:|1700062794\n|gametype|singles\n|player|p1|Big Test These|unknown|1304\n|player|p2|PoopAtWork|unknown|1323\n|teamsize|p1|6\n|teamsize|p2|6\n|gen|9\n|tier|[Gen 9] OU\n|rated|\n|rule|Sleep Clause Mod: Limit one foe put to sleep\n|rule|Species Clause: Limit one of each Pok\u00e9mon\n|rule|OHKO Clause: OHKO moves are banned\n|rule|Evasion Items Clause: Evasion items are banned\n|rule|Evasion Moves Clause: Evasion moves are banned\n|rule|Endless Battle Clause: Forcing endless battles is banned\n|rule|HP Percentage Mod: HP is shown in percentages\n|clearpoke\n|poke|p1|Greninja-*, M|\n|poke|p1|Slowking-Galar, M|\n|poke|p1|Thundurus-Therian, M|\n|poke|p1|Ting-Lu|\n|poke|p1|Avalugg-Hisui, M|\n|poke|p1|Landorus-Therian, M|\n|poke|p2|Kingambit, M|\n|poke|p2|Iron Valiant|\n|poke|p2|Zapdos|\n|poke|p2|Ogerpon-Wellspring, F|\n|poke|p2|Walking Wake|\n|poke|p2|Ting-Lu|\n|teampreview\n|\n|t:|1700062814\n|start\n|switch|p1a: Thundurus|Thundurus-Therian, M|100\/100\n|switch|p2a: Ogerpon|Ogerpon-Wellspring, F|100\/100\n|turn|1\n|\n|t:|1700062828\n|switch|p2a: Ting-Lu|Ting-Lu|100\/100\n|-ability|p2a: Ting-Lu|Vessel of Ruin\n|move|p1a: Thundurus|Sludge Bomb|p2a: Ting-Lu\n|-resisted|p2a: Ting-Lu\n|-damage|p2a: Ting-Lu|90\/100\n|-status|p2a: Ting-Lu|psn\n|\n|-heal|p2a: Ting-Lu|97\/100 psn|[from] item: Leftovers\n|-damage|p2a: Ting-Lu|84\/100 psn|[from] psn\n|upkeep\n|turn|2\n|\n|t:|1700062844\n|switch|p1a: Greninja|Greninja, M|100\/100\n|move|p2a: Ting-Lu|Ruination|p1a: Greninja\n|-damage|p1a: Greninja|51\/100\n|\n|-heal|p2a: Ting-Lu|90\/100 psn|[from] item: Leftovers\n|-damage|p2a: Ting-Lu|78\/100 psn|[from] psn\n|upkeep\n|turn|3\n|inactive|Battle timer is ON: inactive players will automatically lose when time's up. (requested by Big Test These)\n|\n|t:|1700062900\n|switch|p2a: Ogerpon|Ogerpon-Wellspring, F|100\/100\n|move|p1a: Greninja|Ice Beam|p2a: Ogerpon\n|-start|p1a: Greninja|typechange|Ice|[from] ability: Protean\n|-damage|p2a: Ogerpon|37\/100\n|-damage|p1a: Greninja|41\/100|[from] item: Life Orb\n|\n|upkeep\n|turn|4\n|\n|t:|1700062924\n|switch|p2a: Walking Wake|Walking Wake|100\/100\n|-enditem|p2a: Walking Wake|Booster Energy\n|-activate|p2a: Walking Wake|ability: Protosynthesis|[fromitem]\n|-start|p2a: Walking Wake|protosynthesisspe\n|move|p1a: Greninja|Ice Beam|p2a: Walking Wake\n|-damage|p2a: Walking Wake|39\/100\n|-damage|p1a: Greninja|31\/100|[from] item: Life Orb\n|\n|upkeep\n|turn|5\n|\n|t:|1700062933\n|switch|p1a: Slowking|Slowking-Galar, M|100\/100\n|move|p2a: Walking Wake|Flamethrower|p1a: Slowking\n|-damage|p1a: Slowking|85\/100\n|\n|upkeep\n|turn|6\n|\n|t:|1700062943\n|move|p2a: Walking Wake|Draco Meteor|p1a: Slowking\n|-damage|p1a: Slowking|47\/100\n|-unboost|p2a: Walking Wake|spa|2\n|move|p1a: Slowking|Trick Room|p1a: Slowking\n|-fieldstart|move: Trick Room|[of] p1a: Slowking\n|\n|upkeep\n|turn|7\n|\n|t:|1700062950\n|-end|p2a: Walking Wake|Protosynthesis|[silent]\n|switch|p2a: Kingambit|Kingambit, M|100\/100\n|move|p1a: Slowking|Chilly Reception|p1a: Slowking\n|-weather|Snow\n|\n|t:|1700062958\n|switch|p1a: Avalugg|Avalugg-Hisui, M|100\/100|[from] Chilly Reception\n|\n|-weather|Snow|[upkeep]\n|upkeep\n|turn|8\n|\n|t:|1700062964\n|move|p1a: Avalugg|Body Press|p2a: Kingambit\n|-supereffective|p2a: Kingambit\n|-damage|p2a: Kingambit|0 fnt\n|faint|p2a: Kingambit\n|-end|p2a: Kingambit|fallenundefined|[silent]\n|\n|-weather|Snow|[upkeep]\n|upkeep\n|\n|t:|1700062971\n|switch|p2a: Ting-Lu|Ting-Lu|78\/100 psn\n|-ability|p2a: Ting-Lu|Vessel of Ruin\n|turn|9\n|\n|t:|1700062975\n|move|p1a: Avalugg|Aurora Veil|p1a: Avalugg\n|-sidestart|p1: Big Test These|move: Aurora Veil\n|move|p2a: Ting-Lu|Earthquake|p1a: Avalugg\n|-supereffective|p1a: Avalugg\n|-damage|p1a: Avalugg|86\/100\n|\n|-weather|Snow|[upkeep]\n|-heal|p1a: Avalugg|92\/100|[from] ability: Ice Body\n|-heal|p2a: Ting-Lu|84\/100 psn|[from] item: Leftovers\n|-damage|p2a: Ting-Lu|72\/100 psn|[from] psn\n|upkeep\n|turn|10\n|\n|t:|1700062983\n|move|p1a: Avalugg|Icy Wind|p2a: Ting-Lu|[miss]\n|-miss|p1a: Avalugg|p2a: Ting-Lu\n|move|p2a: Ting-Lu|Ruination|p1a: Avalugg\n|-damage|p1a: Avalugg|46\/100\n|\n|-weather|Snow|[upkeep]\n|-heal|p1a: Avalugg|53\/100|[from] ability: Ice Body\n|-heal|p2a: Ting-Lu|78\/100 psn|[from] item: Leftovers\n|-damage|p2a: Ting-Lu|65\/100 psn|[from] psn\n|-fieldend|move: Trick Room\n|upkeep\n|turn|11\n|\n|t:|1700063010\n|move|p1a: Avalugg|Body Press|p2a: Ting-Lu\n|-supereffective|p2a: Ting-Lu\n|-damage|p2a: Ting-Lu|22\/100 psn\n|move|p2a: Ting-Lu|Whirlwind|p1a: Avalugg\n|drag|p1a: Ting-Lu|Ting-Lu|100\/100\n|-ability|p1a: Ting-Lu|Vessel of Ruin\n|\n|-weather|none\n|-heal|p2a: Ting-Lu|28\/100 psn|[from] item: Leftovers\n|-damage|p2a: Ting-Lu|15\/100 psn|[from] psn\n|upkeep\n|turn|12\n|\n|t:|1700063021\n|switch|p2a: Zapdos|Zapdos|100\/100\n|move|p1a: Ting-Lu|Spikes|p2a: Zapdos\n|-sidestart|p2: PoopAtWork|Spikes\n|\n|upkeep\n|turn|13\n|\n|t:|1700063028\n|switch|p1a: Slowking|Slowking-Galar, M|81\/100\n|move|p2a: Zapdos|Hurricane|p1a: Slowking\n|-damage|p1a: Slowking|64\/100\n|\n|-sideend|p1: Big Test These|move: Aurora Veil\n|upkeep\n|turn|14\n|\n|t:|1700063042\n|move|p2a: Zapdos|U-turn|p1a: Slowking\n|-damage|p1a: Slowking|48\/100\n|\n|t:|1700063051\n|switch|p2a: Ogerpon|Ogerpon-Wellspring, F|37\/100|[from] U-turn\n|-damage|p2a: Ogerpon|24\/100|[from] Spikes\n|move|p1a: Slowking|Chilly Reception|p1a: Slowking\n|-weather|Snow\n|\n|t:|1700063058\n|switch|p1a: Greninja|Greninja, M|31\/100|[from] Chilly Reception\n|\n|-weather|Snow|[upkeep]\n|upkeep\n|turn|15\n|\n|t:|1700063066\n|move|p1a: Greninja|Ice Beam|p2a: Ogerpon\n|-start|p1a: Greninja|typechange|Ice|[from] ability: Protean\n|-damage|p2a: Ogerpon|0 fnt\n|faint|p2a: Ogerpon\n|-damage|p1a: Greninja|21\/100|[from] item: Life Orb\n|\n|-weather|Snow|[upkeep]\n|upkeep\n|\n|t:|1700063076\n|switch|p2a: Iron Valiant|Iron Valiant|100\/100\n|-damage|p2a: Iron Valiant|88\/100|[from] Spikes\n|-enditem|p2a: Iron Valiant|Booster Energy\n|-activate|p2a: Iron Valiant|ability: Quark Drive|[fromitem]\n|-start|p2a: Iron Valiant|quarkdrivespe\n|turn|16\n|\n|t:|1700063078\n|switch|p1a: Slowking|Slowking-Galar, M|81\/100\n|move|p2a: Iron Valiant|Moonblast|p1a: Slowking\n|-resisted|p1a: Slowking\n|-damage|p1a: Slowking|68\/100\n|-unboost|p1a: Slowking|spa|1\n|\n|-weather|Snow|[upkeep]\n|upkeep\n|turn|17\n|\n|t:|1700063091\n|-terastallize|p2a: Iron Valiant|Steel\n|move|p2a: Iron Valiant|Psyshock|p1a: Slowking\n|-damage|p1a: Slowking|38\/100\n|move|p1a: Slowking|Trick Room|p1a: Slowking\n|-fieldstart|move: Trick Room|[of] p1a: Slowking\n|\n|-weather|Snow|[upkeep]\n|upkeep\n|turn|18\n|\n|t:|1700063105\n|move|p1a: Slowking|Chilly Reception|p1a: Slowking\n|\n|t:|1700063112\n|switch|p1a: Ting-Lu|Ting-Lu|100\/100|[from] Chilly Reception\n|-ability|p1a: Ting-Lu|Vessel of Ruin\n|move|p2a: Iron Valiant|Moonblast|p1a: Ting-Lu\n|-supereffective|p1a: Ting-Lu\n|-damage|p1a: Ting-Lu|46\/100\n|\n|-weather|none\n|-heal|p1a: Ting-Lu|53\/100|[from] item: Leftovers\n|upkeep\n|turn|19\n|\n|t:|1700063127\n|-end|p2a: Iron Valiant|Quark Drive|[silent]\n|switch|p2a: Zapdos|Zapdos|100\/100\n|move|p1a: Ting-Lu|Body Press|p2a: Zapdos\n|-resisted|p2a: Zapdos\n|-damage|p2a: Zapdos|85\/100\n|-status|p1a: Ting-Lu|par|[from] ability: Static|[of] p2a: Zapdos\n|\n|-heal|p1a: Ting-Lu|59\/100 par|[from] item: Leftovers\n|upkeep\n|turn|20\n|\n|t:|1700063138\n|move|p1a: Ting-Lu|Spikes|p2a: Zapdos\n|-sidestart|p2: PoopAtWork|Spikes\n|move|p2a: Zapdos|Hurricane|p1a: Ting-Lu\n|-crit|p1a: Ting-Lu\n|-damage|p1a: Ting-Lu|8\/100 par\n|-start|p1a: Ting-Lu|confusion\n|\n|-heal|p1a: Ting-Lu|14\/100 par|[from] item: Leftovers\n|upkeep\n|turn|21\n|\n|t:|1700063143\n|-activate|p1a: Ting-Lu|confusion\n|cant|p1a: Ting-Lu|par\n|move|p2a: Zapdos|U-turn|p1a: Ting-Lu\n|-supereffective|p1a: Ting-Lu\n|-damage|p1a: Ting-Lu|3\/100 par\n|\n|t:|1700063151\n|switch|p2a: Iron Valiant|Iron Valiant, tera:Steel|88\/100|[from] U-turn\n|-damage|p2a: Iron Valiant|71\/100|[from] Spikes\n|\n|-heal|p1a: Ting-Lu|9\/100 par|[from] item: Leftovers\n|-fieldend|move: Trick Room\n|upkeep\n|turn|22\n|\n|t:|1700063157\n|move|p2a: Iron Valiant|Moonblast|p1a: Ting-Lu\n|-supereffective|p1a: Ting-Lu\n|-damage|p1a: Ting-Lu|0 fnt\n|faint|p1a: Ting-Lu\n|\n|upkeep\n|\n|t:|1700063165\n|switch|p1a: Slowking|Slowking-Galar, M|71\/100\n|turn|23\n|\n|t:|1700063172\n|move|p2a: Iron Valiant|Moonblast|p1a: Slowking\n|-resisted|p1a: Slowking\n|-damage|p1a: Slowking|56\/100\n|-unboost|p1a: Slowking|spa|1\n|move|p1a: Slowking|Trick Room|p1a: Slowking\n|-fieldstart|move: Trick Room|[of] p1a: Slowking\n|\n|upkeep\n|turn|24\n|\n|t:|1700063181\n|move|p1a: Slowking|Chilly Reception|p1a: Slowking\n|-weather|Snow\n|\n|t:|1700063195\n|switch|p1a: Landorus|Landorus-Therian, M|100\/100|[from] Chilly Reception\n|-ability|p1a: Landorus|Intimidate|boost\n|-unboost|p2a: Iron Valiant|atk|1\n|move|p2a: Iron Valiant|Moonblast|p1a: Landorus\n|-damage|p1a: Landorus|41\/100\n|\n|-weather|Snow|[upkeep]\n|upkeep\n|turn|25\n|\n|t:|1700063211\n|-end|p2a: Iron Valiant|Quark Drive|[silent]\n|switch|p2a: Zapdos|Zapdos|85\/100\n|move|p1a: Landorus|Smack Down|p2a: Zapdos\n|-supereffective|p2a: Zapdos\n|-damage|p2a: Zapdos|47\/100\n|-start|p2a: Zapdos|Smack Down\n|\n|-weather|Snow|[upkeep]\n|upkeep\n|turn|26\n|\n|t:|1700063221\n|move|p2a: Zapdos|Hurricane|p1a: Landorus\n|-damage|p1a: Landorus|0 fnt\n|faint|p1a: Landorus\n|\n|-weather|Snow|[upkeep]\n|upkeep\n|\n|t:|1700063227\n|switch|p1a: Avalugg|Avalugg-Hisui, M|53\/100\n|turn|27\n|\n|t:|1700063246\n|move|p1a: Avalugg|Aurora Veil|p1a: Avalugg\n|-sidestart|p1: Big Test These|move: Aurora Veil\n|move|p2a: Zapdos|Thunderbolt|p1a: Avalugg\n|-damage|p1a: Avalugg|10\/100\n|-status|p1a: Avalugg|par\n|\n|-weather|Snow|[upkeep]\n|-heal|p1a: Avalugg|16\/100 par|[from] ability: Ice Body\n|-fieldend|move: Trick Room\n|upkeep\n|turn|28\n|\n|t:|1700063256\n|switch|p1a: Slowking|Slowking-Galar, M|89\/100\n|move|p2a: Zapdos|Roost|p2a: Zapdos\n|-heal|p2a: Zapdos|97\/100\n|-singleturn|p2a: Zapdos|move: Roost\n|\n|-weather|none\n|upkeep\n|turn|29\n|\n|t:|1700063264\n|move|p2a: Zapdos|Thunderbolt|p1a: Slowking\n|-damage|p1a: Slowking|76\/100\n|move|p1a: Slowking|Chilly Reception|p1a: Slowking\n|-weather|Snow\n|\n|t:|1700063272\n|switch|p1a: Greninja|Greninja, M|21\/100|[from] Chilly Reception\n|\n|-weather|Snow|[upkeep]\n|upkeep\n|turn|30\n|\n|t:|1700063277\n|move|p1a: Greninja|Ice Beam|p2a: Zapdos\n|-start|p1a: Greninja|typechange|Ice|[from] ability: Protean\n|-supereffective|p2a: Zapdos\n|-damage|p2a: Zapdos|0 fnt\n|faint|p2a: Zapdos\n|-damage|p1a: Greninja|11\/100|[from] item: Life Orb\n|\n|-weather|Snow|[upkeep]\n|upkeep\n|\n|t:|1700063298\n|switch|p2a: Ting-Lu|Ting-Lu|15\/100 psn\n|-damage|p2a: Ting-Lu|0 fnt|[from] Spikes\n|faint|p2a: Ting-Lu\n|\n|t:|1700063301\n|switch|p2a: Iron Valiant|Iron Valiant, tera:Steel|71\/100\n|-damage|p2a: Iron Valiant|55\/100|[from] Spikes\n|turn|31\n|\n|t:|1700063305\n|move|p1a: Greninja|Dark Pulse|p2a: Iron Valiant\n|-damage|p2a: Iron Valiant|0 fnt\n|faint|p2a: Iron Valiant\n|-end|p2a: Iron Valiant|Quark Drive|[silent]\n|-damage|p1a: Greninja|2\/100|[from] item: Life Orb\n|\n|-weather|Snow|[upkeep]\n|-sideend|p1: Big Test These|move: Aurora Veil\n|upkeep\n|\n|t:|1700063308\n|switch|p2a: Walking Wake|Walking Wake|39\/100\n|-damage|p2a: Walking Wake|22\/100|[from] Spikes\n|turn|32\n|\n|t:|1700063310\n|move|p1a: Greninja|Ice Beam|p2a: Walking Wake\n|-damage|p2a: Walking Wake|0 fnt\n|faint|p2a: Walking Wake\n|-end|p2a: Walking Wake|Protosynthesis|[silent]\n|-damage|p1a: Greninja|0 fnt|[from] item: Life Orb\n|faint|p1a: Greninja\n|\n|win|Big Test These\n|raw|Big Test These's rating: 1304 &rarr; <strong>1325<\/strong><br \/>(+21 for winning)\n|raw|PoopAtWork's rating: 1323 &rarr; <strong>1302<\/strong><br \/>(-21 for losing)\n|l|\u2606PoopAtWork\n|c|\u2606Big Test These|Gg\n","uploadtime":1700063324,"views":11,"p1id":"bigtestthese","p2id":"poopatwork","formatid":"gen9ou","rating":1302,"private":0,"password":""}