{"id":"gen9ou-1990870972","p1":"WillDog859","p2":"TheAdminDarkrai","format":"[Gen 9] OU","log":"|j|\u2606WillDog859\n|j|\u2606TheAdminDarkrai\n|t:|1700009716\n|gametype|singles\n|player|p1|WillDog859|ethan|\n|player|p2|TheAdminDarkrai|ghetsis-gen5bw|\n|teamsize|p1|3\n|teamsize|p2|4\n|gen|9\n|tier|[Gen 9] OU\n|rule|Sleep Clause Mod: Limit one foe put to sleep\n|rule|Species Clause: Limit one of each Pok\u00e9mon\n|rule|OHKO Clause: OHKO moves are banned\n|rule|Evasion Items Clause: Evasion items are banned\n|rule|Evasion Moves Clause: Evasion moves are banned\n|rule|Endless Battle Clause: Forcing endless battles is banned\n|rule|HP Percentage Mod: HP is shown in percentages\n|clearpoke\n|poke|p1|Scizor, F|\n|poke|p1|Corviknight, F|\n|poke|p1|Empoleon, M|\n|poke|p2|Garganacl, F|\n|poke|p2|Kleavor, F|\n|poke|p2|Iron Thorns|\n|poke|p2|Golem-Alola, F|\n|teampreview\n|\n|t:|1700009723\n|start\n|switch|p1a: Empoleon|Empoleon, M, shiny|100\/100\n|switch|p2a: Golem|Golem-Alola, F|100\/100\n|turn|1\n|\n|t:|1700009741\n|move|p1a: Empoleon|Rain Dance|p1a: Empoleon\n|-weather|RainDance\n|move|p2a: Golem|Wild Charge|p1a: Empoleon\n|-supereffective|p1a: Empoleon\n|-damage|p1a: Empoleon|13\/100\n|-damage|p2a: Golem|78\/100|[from] Recoil\n|\n|-weather|RainDance|[upkeep]\n|-heal|p2a: Golem|84\/100|[from] item: Leftovers\n|upkeep\n|turn|2\n|l|\u2606WillDog859\n|player|p1|\n|j|\u2606WillDog859\n|player|p1|WillDog859|ethan\n|\n|t:|1700009788\n|move|p1a: Empoleon|Surf|p2a: Golem\n|-supereffective|p2a: Golem\n|-damage|p2a: Golem|0 fnt\n|faint|p2a: Golem\n|\n|-weather|RainDance|[upkeep]\n|upkeep\n|\n|t:|1700009797\n|switch|p2a: Kleavor|Kleavor, F|100\/100\n|turn|3\n|\n|t:|1700009801\n|move|p2a: Kleavor|Night Slash|p1a: Empoleon\n|-damage|p1a: Empoleon|0 fnt\n|faint|p1a: Empoleon\n|\n|-weather|RainDance|[upkeep]\n|upkeep\n|\n|t:|1700009806\n|switch|p1a: Scizor|Scizor, F, shiny|100\/100\n|turn|4\n|\n|t:|1700009811\n|move|p1a: Scizor|Bullet Punch|p2a: Kleavor\n|-supereffective|p2a: Kleavor\n|-damage|p2a: Kleavor|21\/100\n|move|p2a: Kleavor|Tailwind|p2a: Kleavor\n|-sidestart|p2: TheAdminDarkrai|move: Tailwind\n|\n|-weather|RainDance|[upkeep]\n|upkeep\n|turn|5\n|\n|t:|1700009818\n|move|p1a: Scizor|Bullet Punch|p2a: Kleavor\n|-supereffective|p2a: Kleavor\n|-damage|p2a: Kleavor|0 fnt\n|faint|p2a: Kleavor\n|\n|-weather|none\n|upkeep\n|\n|t:|1700009828\n|switch|p2a: Iron Thorns|Iron Thorns|100\/100\n|-enditem|p2a: Iron Thorns|Booster Energy\n|-activate|p2a: Iron Thorns|ability: Quark Drive|[fromitem]\n|-start|p2a: Iron Thorns|quarkdriveatk\n|turn|6\n|\n|t:|1700009841\n|move|p1a: Scizor|Bullet Punch|p2a: Iron Thorns\n|-damage|p2a: Iron Thorns|72\/100\n|move|p2a: Iron Thorns|Dragon Tail|p1a: Scizor\n|-resisted|p1a: Scizor\n|-damage|p1a: Scizor|88\/100\n|drag|p1a: Corviknight|Corviknight, F, shiny|100\/100\n|-ability|p1a: Corviknight|Pressure\n|\n|upkeep\n|turn|7\n|j| Nala Wonderbred\n|\n|t:|1700009855\n|move|p2a: Iron Thorns|Thunder Wave|p1a: Corviknight\n|-status|p1a: Corviknight|par\n|move|p1a: Corviknight|Bulk Up|p1a: Corviknight\n|-boost|p1a: Corviknight|atk|1\n|-boost|p1a: Corviknight|def|1\n|\n|-sideend|p2: TheAdminDarkrai|move: Tailwind\n|upkeep\n|turn|8\n|\n|t:|1700009864\n|move|p2a: Iron Thorns|Dragon Dance|p2a: Iron Thorns\n|-boost|p2a: Iron Thorns|atk|1\n|-boost|p2a: Iron Thorns|spe|1\n|move|p1a: Corviknight|Body Press|p2a: Iron Thorns\n|-supereffective|p2a: Iron Thorns\n|-damage|p2a: Iron Thorns|26\/100\n|\n|upkeep\n|turn|9\n|\n|t:|1700009874\n|move|p2a: Iron Thorns|Fire Punch|p1a: Corviknight\n|-supereffective|p1a: Corviknight\n|-damage|p1a: Corviknight|45\/100 par\n|cant|p1a: Corviknight|par\n|\n|upkeep\n|turn|10\n|\n|t:|1700009881\n|move|p2a: Iron Thorns|Fire Punch|p1a: Corviknight\n|-supereffective|p1a: Corviknight\n|-damage|p1a: Corviknight|0 fnt\n|faint|p1a: Corviknight\n|\n|upkeep\n|\n|t:|1700009894\n|switch|p1a: Scizor|Scizor, F, shiny|88\/100\n|turn|11\n|\n|t:|1700009902\n|-end|p2a: Iron Thorns|Quark Drive|[silent]\n|switch|p2a: Garganacl|Garganacl, F|100\/100\n|-terastallize|p1a: Scizor|Steel\n|move|p1a: Scizor|Bullet Punch|p2a: Garganacl\n|-supereffective|p2a: Garganacl\n|-damage|p2a: Garganacl|39\/100\n|\n|upkeep\n|turn|12\n|\n|t:|1700009911\n|move|p1a: Scizor|Bullet Punch|p2a: Garganacl\n|-supereffective|p2a: Garganacl\n|-damage|p2a: Garganacl|0 fnt\n|faint|p2a: Garganacl\n|\n|upkeep\n|\n|t:|1700009917\n|switch|p2a: Iron Thorns|Iron Thorns|26\/100\n|turn|13\n|\n|t:|1700009922\n|move|p1a: Scizor|Bullet Punch|p2a: Iron Thorns\n|-damage|p2a: Iron Thorns|0 fnt\n|faint|p2a: Iron Thorns\n|-end|p2a: Iron Thorns|Quark Drive|[silent]\n|\n|win|WillDog859\n","uploadtime":1700009930,"views":35,"p1id":"willdog859","p2id":"theadmindarkrai","formatid":"gen9ou","rating":0,"private":0,"password":""}