{"id":"gen9ou-1990049839","p1":"PLAYB0I R0BBIE B","p2":"coolepicman598","format":"[Gen 9] OU","log":"|j|\u2606PLAYB0I R0BBIE B\n|j|\u2606coolepicman598\n|t:|1699919128\n|gametype|singles\n|player|p1|PLAYB0I R0BBIE B|eusine|1471\n|player|p2|coolepicman598|n|1602\n|teamsize|p1|6\n|teamsize|p2|6\n|gen|9\n|tier|[Gen 9] OU\n|rated|\n|rule|Sleep Clause Mod: Limit one foe put to sleep\n|rule|Species Clause: Limit one of each Pok\u00e9mon\n|rule|OHKO Clause: OHKO moves are banned\n|rule|Evasion Items Clause: Evasion items are banned\n|rule|Evasion Moves Clause: Evasion moves are banned\n|rule|Endless Battle Clause: Forcing endless battles is banned\n|rule|HP Percentage Mod: HP is shown in percentages\n|clearpoke\n|poke|p1|Glimmora, F|\n|poke|p1|Meowscarada, F|\n|poke|p1|Thundurus-Therian, M|\n|poke|p1|Dragapult, F|\n|poke|p1|Heatran, F|\n|poke|p1|Great Tusk|\n|poke|p2|Iron Hands|\n|poke|p2|Landorus-Therian, M|\n|poke|p2|Alomomola, F|\n|poke|p2|Gholdengo|\n|poke|p2|Walking Wake|\n|poke|p2|Great Tusk|\n|teampreview\n|inactive|Battle timer is ON: inactive players will automatically lose when time's up. (requested by coolepicman598)\n|\n|t:|1699919139\n|start\n|switch|p1a: Glimmora|Glimmora, F|100\/100\n|switch|p2a: Walking Wake|Walking Wake|100\/100\n|turn|1\n|\n|t:|1699919142\n|move|p2a: Walking Wake|Scald|p1a: Glimmora\n|-supereffective|p1a: Glimmora\n|-enditem|p1a: Glimmora|Focus Sash\n|-damage|p1a: Glimmora|1\/100\n|move|p1a: Glimmora|Mortal Spin|p2a: Walking Wake\n|-damage|p2a: Walking Wake|94\/100\n|-status|p2a: Walking Wake|psn\n|\n|-damage|p2a: Walking Wake|82\/100 psn|[from] psn\n|upkeep\n|turn|2\n|\n|t:|1699919151\n|move|p2a: Walking Wake|Scald|p1a: Glimmora\n|-supereffective|p1a: Glimmora\n|-damage|p1a: Glimmora|0 fnt\n|faint|p1a: Glimmora\n|\n|-damage|p2a: Walking Wake|69\/100 psn|[from] psn\n|upkeep\n|\n|t:|1699919153\n|switch|p1a: Dragapult|Dragapult, F|100\/100\n|turn|3\n|\n|t:|1699919156\n|-end|p2a: Walking Wake|Protosynthesis|[silent]\n|switch|p2a: Iron Hands|Iron Hands|100\/100\n|move|p1a: Dragapult|Hex|p2a: Iron Hands\n|-damage|p2a: Iron Hands|86\/100\n|\n|upkeep\n|turn|4\n|\n|t:|1699919166\n|-end|p2a: Iron Hands|Quark Drive|[silent]\n|switch|p2a: Gholdengo|Gholdengo|100\/100\n|move|p1a: Dragapult|Draco Meteor|p2a: Gholdengo\n|-resisted|p2a: Gholdengo\n|-damage|p2a: Gholdengo|67\/100\n|-unboost|p1a: Dragapult|spa|2\n|\n|upkeep\n|turn|5\n|\n|t:|1699919176\n|switch|p1a: Heatran|Heatran, F|100\/100\n|-item|p1a: Heatran|Air Balloon\n|move|p2a: Gholdengo|Shadow Ball|p1a: Heatran\n|-damage|p1a: Heatran|64\/100\n|-unboost|p1a: Heatran|spd|1\n|-enditem|p1a: Heatran|Air Balloon\n|\n|upkeep\n|turn|6\n|\n|t:|1699919182\n|switch|p2a: Walking Wake|Walking Wake|69\/100 psn\n|switch|p1a: Meowscarada|Meowscarada, F|100\/100\n|\n|-damage|p2a: Walking Wake|57\/100 psn|[from] psn\n|upkeep\n|turn|7\n|\n|t:|1699919189\n|-end|p2a: Walking Wake|Protosynthesis|[silent]\n|switch|p2a: Landorus|Landorus-Therian, M|100\/100\n|-ability|p2a: Landorus|Intimidate|boost\n|-unboost|p1a: Meowscarada|atk|1\n|move|p1a: Meowscarada|Flower Trick|p2a: Landorus\n|-start|p1a: Meowscarada|typechange|Grass|[from] ability: Protean\n|-crit|p2a: Landorus\n|-damage|p2a: Landorus|34\/100\n|\n|upkeep\n|turn|8\n|\n|t:|1699919200\n|switch|p2a: Gholdengo|Gholdengo|67\/100\n|move|p1a: Meowscarada|Flower Trick|p2a: Gholdengo\n|-resisted|p2a: Gholdengo\n|-crit|p2a: Gholdengo\n|-damage|p2a: Gholdengo|26\/100\n|\n|upkeep\n|turn|9\n|\n|t:|1699919207\n|move|p2a: Gholdengo|Shadow Ball|p1a: Meowscarada\n|-damage|p1a: Meowscarada|30\/100\n|move|p1a: Meowscarada|Flower Trick|p2a: Gholdengo\n|-resisted|p2a: Gholdengo\n|-crit|p2a: Gholdengo\n|-damage|p2a: Gholdengo|0 fnt\n|faint|p2a: Gholdengo\n|\n|upkeep\n|\n|t:|1699919213\n|switch|p2a: Great Tusk|Great Tusk|100\/100\n|-enditem|p2a: Great Tusk|Booster Energy\n|-activate|p2a: Great Tusk|ability: Protosynthesis|[fromitem]\n|-start|p2a: Great Tusk|protosynthesisspe\n|turn|10\n|\n|t:|1699919221\n|switch|p1a: Heatran|Heatran, F|64\/100\n|move|p2a: Great Tusk|Ice Spinner|p1a: Heatran\n|-resisted|p1a: Heatran\n|-damage|p1a: Heatran|59\/100\n|\n|upkeep\n|turn|11\n|\n|t:|1699919230\n|move|p2a: Great Tusk|Headlong Rush|p1a: Heatran\n|-supereffective|p1a: Heatran\n|-damage|p1a: Heatran|0 fnt\n|-unboost|p2a: Great Tusk|def|1\n|-unboost|p2a: Great Tusk|spd|1\n|faint|p1a: Heatran\n|\n|upkeep\n|\n|t:|1699919236\n|switch|p1a: Great Tusk|Great Tusk|100\/100\n|turn|12\n|\n|t:|1699919243\n|-end|p2a: Great Tusk|Protosynthesis|[silent]\n|switch|p2a: Landorus|Landorus-Therian, M|34\/100\n|-ability|p2a: Landorus|Intimidate|boost\n|-unboost|p1a: Great Tusk|atk|1\n|move|p1a: Great Tusk|Ice Spinner|p2a: Landorus\n|-supereffective|p2a: Landorus\n|-damage|p2a: Landorus|0 fnt\n|-damage|p1a: Great Tusk|84\/100|[from] item: Rocky Helmet|[of] p2a: Landorus\n|faint|p2a: Landorus\n|\n|upkeep\n|\n|t:|1699919249\n|switch|p2a: Walking Wake|Walking Wake|57\/100 psn\n|turn|13\n|\n|t:|1699919261\n|-end|p1a: Great Tusk|Protosynthesis|[silent]\n|switch|p1a: Dragapult|Dragapult, F|100\/100\n|move|p2a: Walking Wake|Draco Meteor|p1a: Dragapult\n|-supereffective|p1a: Dragapult\n|-damage|p1a: Dragapult|0 fnt\n|-unboost|p2a: Walking Wake|spa|2\n|faint|p1a: Dragapult\n|\n|-damage|p2a: Walking Wake|44\/100 psn|[from] psn\n|upkeep\n|\n|t:|1699919263\n|switch|p1a: Meowscarada|Meowscarada, F|30\/100\n|turn|14\n|\n|t:|1699919279\n|-end|p2a: Walking Wake|Protosynthesis|[silent]\n|switch|p2a: Alomomola|Alomomola, F|100\/100\n|move|p1a: Meowscarada|Flower Trick|p2a: Alomomola\n|-start|p1a: Meowscarada|typechange|Grass|[from] ability: Protean\n|-supereffective|p2a: Alomomola\n|-crit|p2a: Alomomola\n|-damage|p2a: Alomomola|19\/100\n|\n|upkeep\n|turn|15\n|\n|t:|1699919283\n|move|p1a: Meowscarada|Flower Trick|p2a: Alomomola\n|-supereffective|p2a: Alomomola\n|-crit|p2a: Alomomola\n|-damage|p2a: Alomomola|0 fnt\n|faint|p2a: Alomomola\n|\n|upkeep\n|\n|t:|1699919291\n|switch|p2a: Iron Hands|Iron Hands|86\/100\n|turn|16\n|\n|t:|1699919297\n|switch|p1a: Great Tusk|Great Tusk|84\/100\n|move|p2a: Iron Hands|Ice Punch|p1a: Great Tusk\n|-supereffective|p1a: Great Tusk\n|-damage|p1a: Great Tusk|37\/100\n|\n|upkeep\n|turn|17\n|\n|t:|1699919315\n|-end|p2a: Iron Hands|Quark Drive|[silent]\n|switch|p2a: Great Tusk|Great Tusk|100\/100\n|move|p1a: Great Tusk|Headlong Rush|p2a: Great Tusk\n|-damage|p2a: Great Tusk|63\/100\n|-unboost|p1a: Great Tusk|def|1\n|-unboost|p1a: Great Tusk|spd|1\n|\n|upkeep\n|turn|18\n|\n|t:|1699919321\n|move|p2a: Great Tusk|Rapid Spin|p1a: Great Tusk\n|-damage|p1a: Great Tusk|22\/100\n|-boost|p2a: Great Tusk|spe|1\n|move|p1a: Great Tusk|Ice Spinner|p2a: Great Tusk\n|-supereffective|p2a: Great Tusk\n|-damage|p2a: Great Tusk|29\/100\n|\n|upkeep\n|turn|19\n|\n|t:|1699919327\n|move|p2a: Great Tusk|Ice Spinner|p1a: Great Tusk\n|-supereffective|p1a: Great Tusk\n|-damage|p1a: Great Tusk|0 fnt\n|faint|p1a: Great Tusk\n|-end|p1a: Great Tusk|Protosynthesis|[silent]\n|\n|upkeep\n|\n|t:|1699919331\n|switch|p1a: Meowscarada|Meowscarada, F|30\/100\n|turn|20\n|\n|t:|1699919333\n|move|p2a: Great Tusk|Ice Spinner|p1a: Meowscarada\n|-supereffective|p1a: Meowscarada\n|-crit|p1a: Meowscarada\n|-damage|p1a: Meowscarada|0 fnt\n|faint|p1a: Meowscarada\n|\n|upkeep\n|\n|t:|1699919334\n|switch|p1a: Thundurus|Thundurus-Therian, M|100\/100\n|turn|21\n|\n|t:|1699919337\n|-terastallize|p1a: Thundurus|Flying\n|move|p2a: Great Tusk|Ice Spinner|p1a: Thundurus\n|-supereffective|p1a: Thundurus\n|-damage|p1a: Thundurus|31\/100\n|move|p1a: Thundurus|Tera Blast|p2a: Great Tusk|[anim] Tera Blast Flying\n|-supereffective|p2a: Great Tusk\n|-damage|p2a: Great Tusk|0 fnt\n|faint|p2a: Great Tusk\n|-end|p2a: Great Tusk|Protosynthesis|[silent]\n|\n|upkeep\n|\n|t:|1699919344\n|switch|p2a: Walking Wake|Walking Wake|44\/100 psn\n|turn|22\n|\n|t:|1699919346\n|move|p1a: Thundurus|Tera Blast|p2a: Walking Wake|[anim] Tera Blast Flying\n|-damage|p2a: Walking Wake|0 fnt\n|faint|p2a: Walking Wake\n|-end|p2a: Walking Wake|Protosynthesis|[silent]\n|\n|upkeep\n|\n|t:|1699919348\n|switch|p2a: Iron Hands|Iron Hands|86\/100\n|turn|23\n|\n|t:|1699919350\n|move|p1a: Thundurus|Tera Blast|p2a: Iron Hands|[anim] Tera Blast Flying\n|-damage|p2a: Iron Hands|36\/100\n|move|p2a: Iron Hands|Thunder Punch|p1a: Thundurus\n|-heal|p1a: Thundurus|56\/100|[from] ability: Volt Absorb|[of] p2a: Iron Hands\n|\n|upkeep\n|turn|24\n|\n|t:|1699919356\n|move|p1a: Thundurus|Tera Blast|p2a: Iron Hands|[anim] Tera Blast Flying\n|-damage|p2a: Iron Hands|0 fnt\n|faint|p2a: Iron Hands\n|-end|p2a: Iron Hands|Quark Drive|[silent]\n|\n|win|PLAYB0I R0BBIE B\n|raw|PLAYB0I R0BBIE B's rating: 1471 &rarr; <strong>1498<\/strong><br \/>(+27 for winning)\n|raw|coolepicman598's rating: 1602 &rarr; <strong>1575<\/strong><br \/>(-27 for losing)\n|l|\u2606coolepicman598\n|c|\u2606PLAYB0I R0BBIE B|gg\n","uploadtime":1699919364,"views":7,"p1id":"playb0ir0bbieb","p2id":"coolepicman598","formatid":"gen9ou","rating":1498,"private":0,"password":""}