{"id":"gen9ou-1995560838","p1":"CheesyBrie","p2":"sjsjaa","format":"[Gen 9] OU","log":"|j|\u2606CheesyBrie\n|j|\u2606sjsjaa\n|t:|1700582975\n|gametype|singles\n|player|p1|CheesyBrie|bellelba|1288\n|player|p2|sjsjaa|waiter|1257\n|teamsize|p1|6\n|teamsize|p2|6\n|gen|9\n|tier|[Gen 9] OU\n|rated|\n|rule|Sleep Clause Mod: Limit one foe put to sleep\n|rule|Species Clause: Limit one of each Pok\u00e9mon\n|rule|OHKO Clause: OHKO moves are banned\n|rule|Evasion Items Clause: Evasion items are banned\n|rule|Evasion Moves Clause: Evasion moves are banned\n|rule|Endless Battle Clause: Forcing endless battles is banned\n|rule|HP Percentage Mod: HP is shown in percentages\n|clearpoke\n|poke|p1|Rillaboom, M|\n|poke|p1|Grafaiai, F|\n|poke|p1|Hatterene, F|\n|poke|p1|Samurott-Hisui, F|\n|poke|p1|Iron Moth|\n|poke|p1|Gholdengo|\n|poke|p2|Magnezone|\n|poke|p2|Thundurus-Therian, M|\n|poke|p2|Great Tusk|\n|poke|p2|Iron Hands|\n|poke|p2|Kingambit, M|\n|poke|p2|Alomomola, M|\n|teampreview\n|inactive|Battle timer is ON: inactive players will automatically lose when time's up. (requested by sjsjaa)\n|\n|t:|1700582994\n|start\n|switch|p1a: Samurott|Samurott-Hisui, F|100\/100\n|switch|p2a: Magnezone|Magnezone, shiny|100\/100\n|turn|1\n|\n|t:|1700583006\n|-terastallize|p1a: Samurott|Ground\n|move|p1a: Samurott|Ceaseless Edge|p2a: Magnezone\n|-damage|p2a: Magnezone|61\/100\n|-sidestart|p2: sjsjaa|Spikes\n|move|p2a: Magnezone|Discharge|p1a: Samurott\n|-immune|p1a: Samurott\n|\n|upkeep\n|turn|2\n|\n|t:|1700583029\n|switch|p2a: Great Tusk|Great Tusk|100\/100\n|-damage|p2a: Great Tusk|88\/100|[from] Spikes\n|move|p1a: Samurott|Ceaseless Edge|p2a: Great Tusk\n|-resisted|p2a: Great Tusk\n|-damage|p2a: Great Tusk|76\/100\n|-sidestart|p2: sjsjaa|Spikes\n|\n|-heal|p2a: Great Tusk|82\/100|[from] item: Leftovers\n|upkeep\n|turn|3\n|\n|t:|1700583039\n|switch|p1a: Gholdengo|Gholdengo|100\/100\n|-item|p1a: Gholdengo|Air Balloon\n|move|p2a: Great Tusk|Rapid Spin|p1a: Gholdengo\n|-immune|p1a: Gholdengo\n|\n|-heal|p2a: Great Tusk|88\/100|[from] item: Leftovers\n|upkeep\n|turn|4\n|\n|t:|1700583049\n|-end|p2a: Great Tusk|Protosynthesis|[silent]\n|switch|p2a: Alomomola|Alomomola, M, shiny|100\/100\n|-damage|p2a: Alomomola|84\/100|[from] Spikes\n|move|p1a: Gholdengo|Substitute|p1a: Gholdengo\n|-start|p1a: Gholdengo|Substitute\n|-damage|p1a: Gholdengo|76\/100\n|\n|upkeep\n|turn|5\n|\n|t:|1700583056\n|move|p1a: Gholdengo|Nasty Plot|p1a: Gholdengo\n|-boost|p1a: Gholdengo|spa|2\n|move|p2a: Alomomola|Flip Turn|p1a: Gholdengo\n|-activate|p1a: Gholdengo|move: Substitute|[damage]\n|-enditem|p1a: Gholdengo|Air Balloon\n|\n|t:|1700583065\n|switch|p2a: Magnezone|Magnezone, shiny|61\/100|[from] Flip Turn\n|-damage|p2a: Magnezone|44\/100|[from] Spikes\n|\n|upkeep\n|turn|6\n|\n|t:|1700583070\n|move|p1a: Gholdengo|Shadow Ball|p2a: Magnezone\n|-crit|p2a: Magnezone\n|-damage|p2a: Magnezone|0 fnt\n|faint|p2a: Magnezone\n|\n|upkeep\n|\n|t:|1700583074\n|switch|p2a: Thundurus|Thundurus-Therian, M|100\/100\n|turn|7\n|\n|t:|1700583078\n|move|p2a: Thundurus|Volt Switch|p1a: Gholdengo\n|-end|p1a: Gholdengo|Substitute\n|\n|t:|1700583084\n|switch|p2a: Kingambit|Kingambit, M|100\/100|[from] Volt Switch\n|-damage|p2a: Kingambit|84\/100|[from] Spikes\n|-activate|p2a: Kingambit|ability: Supreme Overlord\n|-start|p2a: Kingambit|fallen1|[silent]\n|move|p1a: Gholdengo|Shadow Ball|p2a: Kingambit\n|-resisted|p2a: Kingambit\n|-damage|p2a: Kingambit|56\/100\n|\n|upkeep\n|turn|8\n|\n|t:|1700583093\n|move|p1a: Gholdengo|Shadow Ball|p2a: Kingambit\n|-resisted|p2a: Kingambit\n|-damage|p2a: Kingambit|29\/100\n|move|p2a: Kingambit|Kowtow Cleave|p1a: Gholdengo\n|-supereffective|p1a: Gholdengo\n|-damage|p1a: Gholdengo|0 fnt\n|faint|p1a: Gholdengo\n|\n|upkeep\n|\n|t:|1700583115\n|switch|p1a: Rillaboom|Rillaboom, M|100\/100\n|-fieldstart|move: Grassy Terrain|[from] ability: Grassy Surge|[of] p1a: Rillaboom\n|turn|9\n|\n|t:|1700583120\n|-end|p2a: Kingambit|fallen1|[silent]\n|switch|p2a: Alomomola|Alomomola, M, shiny|100\/100\n|-damage|p2a: Alomomola|84\/100|[from] Spikes\n|move|p1a: Rillaboom|Drain Punch|p2a: Alomomola\n|-damage|p2a: Alomomola|70\/100\n|-enditem|p2a: Alomomola|Red Card|[of] p1a: Rillaboom\n|drag|p1a: Sneasler at Home|Grafaiai, F|100\/100\n|-enditem|p1a: Sneasler at Home|Grassy Seed\n|-boost|p1a: Sneasler at Home|def|1|[from] item: Grassy Seed\n|\n|-heal|p2a: Alomomola|76\/100|[from] Grassy Terrain\n|upkeep\n|turn|10\n|\n|t:|1700583137\n|move|p1a: Sneasler at Home|Swords Dance|p1a: Sneasler at Home\n|-boost|p1a: Sneasler at Home|atk|2\n|move|p2a: Alomomola|Wish|p2a: Alomomola\n|\n|-heal|p2a: Alomomola|83\/100|[from] Grassy Terrain\n|upkeep\n|turn|11\n|\n|t:|1700583145\n|move|p1a: Sneasler at Home|Swords Dance|p1a: Sneasler at Home\n|-boost|p1a: Sneasler at Home|atk|2\n|move|p2a: Alomomola|Flip Turn|p1a: Sneasler at Home\n|-damage|p1a: Sneasler at Home|80\/100\n|\n|t:|1700583149\n|switch|p2a: Kingambit|Kingambit, M|29\/100|[from] Flip Turn\n|-damage|p2a: Kingambit|13\/100|[from] Spikes\n|-activate|p2a: Kingambit|ability: Supreme Overlord\n|-start|p2a: Kingambit|fallen1|[silent]\n|\n|-heal|p2a: Kingambit|80\/100|[from] move: Wish|[wisher] Alomomola\n|-heal|p1a: Sneasler at Home|86\/100|[from] Grassy Terrain\n|-heal|p2a: Kingambit|86\/100|[from] Grassy Terrain\n|upkeep\n|turn|12\n|\n|t:|1700583159\n|move|p2a: Kingambit|Sucker Punch|p1a: Sneasler at Home\n|-damage|p1a: Sneasler at Home|32\/100\n|move|p1a: Sneasler at Home|Low Kick|p2a: Kingambit\n|-supereffective|p2a: Kingambit\n|-damage|p2a: Kingambit|0 fnt\n|faint|p2a: Kingambit\n|-end|p2a: Kingambit|fallen1|[silent]\n|\n|-heal|p1a: Sneasler at Home|38\/100|[from] Grassy Terrain\n|upkeep\n|\n|t:|1700583168\n|switch|p2a: Iron Hands|Iron Hands|100\/100\n|-damage|p2a: Iron Hands|84\/100|[from] Spikes\n|turn|13\n|\n|t:|1700583173\n|move|p2a: Iron Hands|Fake Out|p1a: Sneasler at Home\n|-damage|p1a: Sneasler at Home|20\/100\n|cant|p1a: Sneasler at Home|flinch\n|\n|-heal|p1a: Sneasler at Home|26\/100|[from] Grassy Terrain\n|-heal|p2a: Iron Hands|90\/100|[from] Grassy Terrain\n|upkeep\n|turn|14\n|c|\u2606sjsjaa|Unburden\n|\n|t:|1700583188\n|move|p1a: Sneasler at Home|Low Kick|p2a: Iron Hands\n|-damage|p2a: Iron Hands|25\/100\n|move|p2a: Iron Hands|Drain Punch|p1a: Sneasler at Home\n|-damage|p1a: Sneasler at Home|0 fnt\n|-heal|p2a: Iron Hands|32\/100|[from] drain|[of] p1a: Sneasler at Home\n|faint|p1a: Sneasler at Home\n|\n|-heal|p2a: Iron Hands|38\/100|[from] Grassy Terrain\n|upkeep\n|c|\u2606CheesyBrie|yep. It's Just Sneasler But Worse\n|\n|t:|1700583209\n|switch|p1a: Iron Moth|Iron Moth|100\/100\n|-enditem|p1a: Iron Moth|Booster Energy\n|-activate|p1a: Iron Moth|ability: Quark Drive|[fromitem]\n|-start|p1a: Iron Moth|quarkdrivespe\n|turn|15\n|\n|t:|1700583222\n|-end|p2a: Iron Hands|Quark Drive|[silent]\n|switch|p2a: Thundurus|Thundurus-Therian, M|100\/100\n|move|p1a: Iron Moth|Dazzling Gleam|p2a: Thundurus\n|-damage|p2a: Thundurus|61\/100\n|\n|upkeep\n|turn|16\n|\n|t:|1700583236\n|move|p1a: Iron Moth|Fiery Dance|p2a: Thundurus\n|-damage|p2a: Thundurus|6\/100\n|move|p2a: Thundurus|Psychic|p1a: Iron Moth\n|-supereffective|p1a: Iron Moth\n|-damage|p1a: Iron Moth|34\/100\n|\n|-heal|p1a: Iron Moth|40\/100|[from] Grassy Terrain\n|-fieldend|move: Grassy Terrain\n|upkeep\n|turn|17\n|\n|t:|1700583245\n|switch|p2a: Alomomola|Alomomola, M, shiny|100\/100\n|-damage|p2a: Alomomola|84\/100|[from] Spikes\n|move|p1a: Iron Moth|Fiery Dance|p2a: Alomomola\n|-resisted|p2a: Alomomola\n|-damage|p2a: Alomomola|61\/100\n|\n|upkeep\n|turn|18\n|\n|t:|1700583253\n|move|p1a: Iron Moth|Discharge|p2a: Alomomola\n|-supereffective|p2a: Alomomola\n|-damage|p2a: Alomomola|0 fnt\n|faint|p2a: Alomomola\n|\n|upkeep\n|\n|t:|1700583257\n|switch|p2a: Iron Hands|Iron Hands|38\/100\n|-damage|p2a: Iron Hands|21\/100|[from] Spikes\n|turn|19\n|\n|t:|1700583261\n|move|p2a: Iron Hands|Fake Out|p1a: Iron Moth\n|-damage|p1a: Iron Moth|13\/100\n|cant|p1a: Iron Moth|flinch\n|\n|upkeep\n|turn|20\n|\n|t:|1700583270\n|move|p1a: Iron Moth|Dazzling Gleam|p2a: Iron Hands\n|-supereffective|p2a: Iron Hands\n|-damage|p2a: Iron Hands|0 fnt\n|faint|p2a: Iron Hands\n|-end|p2a: Iron Hands|Quark Drive|[silent]\n|\n|upkeep\n|\n|t:|1700583275\n|switch|p2a: Thundurus|Thundurus-Therian, M|6\/100\n|turn|21\n|\n|t:|1700583283\n|switch|p2a: Great Tusk|Great Tusk|88\/100\n|-damage|p2a: Great Tusk|71\/100|[from] Spikes\n|move|p1a: Iron Moth|Dazzling Gleam|p2a: Great Tusk\n|-supereffective|p2a: Great Tusk\n|-damage|p2a: Great Tusk|0 fnt\n|faint|p2a: Great Tusk\n|-end|p2a: Great Tusk|Protosynthesis|[silent]\n|\n|upkeep\n|\n|t:|1700583290\n|switch|p2a: Thundurus|Thundurus-Therian, M|6\/100\n|turn|22\n|\n|t:|1700583292\n|move|p1a: Iron Moth|Dazzling Gleam|p2a: Thundurus\n|-damage|p2a: Thundurus|0 fnt\n|faint|p2a: Thundurus\n|\n|win|CheesyBrie\n|raw|CheesyBrie's rating: 1288 &rarr; <strong>1311<\/strong><br \/>(+23 for winning)\n|raw|sjsjaa's rating: 1257 &rarr; <strong>1234<\/strong><br \/>(-23 for losing)\n|l|\u2606sjsjaa\n|c|\u2606CheesyBrie|gg\n","uploadtime":1700583300,"views":2,"p1id":"cheesybrie","p2id":"sjsjaa","formatid":"gen9ou","rating":1234,"private":0,"password":""}