{"id":"gen9ou-2000200636","p1":"michaelscottmyers","p2":"liaoya","format":"[Gen 9] OU","log":"|j|\u2606michaelscottmyers\n|j|\u2606liaoya\n|t:|1701171217\n|gametype|singles\n|player|p1|michaelscottmyers|266|1548\n|player|p2|liaoya|petrel|1605\n|teamsize|p1|6\n|teamsize|p2|6\n|gen|9\n|tier|[Gen 9] OU\n|rated|\n|rule|Sleep Clause Mod: Limit one foe put to sleep\n|rule|Species Clause: Limit one of each Pok\u00e9mon\n|rule|OHKO Clause: OHKO moves are banned\n|rule|Evasion Items Clause: Evasion items are banned\n|rule|Evasion Moves Clause: Evasion moves are banned\n|rule|Endless Battle Clause: Forcing endless battles is banned\n|rule|HP Percentage Mod: HP is shown in percentages\n|clearpoke\n|poke|p1|Ribombee, F|\n|poke|p1|Ogerpon-Wellspring, F|\n|poke|p1|Iron Treads|\n|poke|p1|Samurott-Hisui, F|\n|poke|p1|Ceruledge, M|\n|poke|p1|Gholdengo|\n|poke|p2|Drifblim, M|\n|poke|p2|Garganacl, M|\n|poke|p2|Umbreon, F|\n|poke|p2|Rotom-Wash|\n|poke|p2|Glimmora, F|\n|poke|p2|Espeon, F|\n|teampreview\n|inactive|Battle timer is ON: inactive players will automatically lose when time's up. (requested by liaoya)\n|j| Underrated123456\n|\n|t:|1701171242\n|start\n|switch|p1a: Ribombee|Ribombee, F, shiny|100\/100\n|switch|p2a: Rotom|Rotom-Wash|100\/100\n|turn|1\n|\n|t:|1701171249\n|switch|p2a: Espeon|Espeon, F|100\/100\n|move|p1a: Ribombee|Sticky Web|p2a: Espeon\n|move|p2a: Espeon|Sticky Web|p1a: Ribombee|[from]ability: Magic Bounce\n|-sidestart|p1: michaelscottmyers|move: Sticky Web\n|\n|upkeep\n|turn|2\n|\n|t:|1701171258\n|switch|p1a: Iron Treads|Iron Treads|100\/100\n|-activate|p1a: Iron Treads|move: Sticky Web\n|-unboost|p1a: Iron Treads|spe|1\n|move|p2a: Espeon|Trick|p1a: Iron Treads\n|-activate|p2a: Espeon|move: Trick|[of] p1a: Iron Treads\n|-item|p1a: Iron Treads|Choice Scarf|[from] move: Trick\n|-item|p2a: Espeon|Assault Vest|[from] move: Trick\n|\n|upkeep\n|turn|3\n|\n|t:|1701171268\n|switch|p2a: Drifblim|Drifblim, M|100\/100\n|move|p1a: Iron Treads|Ice Spinner|p2a: Drifblim\n|-supereffective|p2a: Drifblim\n|-damage|p2a: Drifblim|32\/100\n|\n|upkeep\n|turn|4\n|\n|t:|1701171275\n|move|p2a: Drifblim|Trick|p1a: Iron Treads\n|-activate|p2a: Drifblim|move: Trick|[of] p1a: Iron Treads\n|-item|p1a: Iron Treads|Choice Scarf|[from] move: Trick\n|-item|p2a: Drifblim|Choice Scarf|[from] move: Trick\n|move|p1a: Iron Treads|Ice Spinner|p2a: Drifblim\n|-supereffective|p2a: Drifblim\n|-damage|p2a: Drifblim|0 fnt\n|-damage|p1a: Iron Treads|75\/100|[from] ability: Aftermath|[of] p2a: Drifblim\n|faint|p2a: Drifblim\n|\n|upkeep\n|c|\u2606michaelscottmyers|?\n|\n|t:|1701171283\n|switch|p2a: Garganacl|Garganacl, M, shiny|100\/100\n|turn|5\n|\n|t:|1701171299\n|-end|p1a: Iron Treads|Quark Drive|[silent]\n|switch|p1a: Ribombee|Ribombee, F, shiny|100\/100\n|-activate|p1a: Ribombee|move: Sticky Web\n|-unboost|p1a: Ribombee|spe|1\n|-terastallize|p2a: Garganacl|Ghost\n|move|p2a: Garganacl|Salt Cure|p1a: Ribombee\n|-supereffective|p1a: Ribombee\n|-damage|p1a: Ribombee|45\/100\n|\n|upkeep\n|turn|6\n|c| Underrated123456|What type of semi stall is this\n|\n|t:|1701171311\n|switch|p2a: Espeon|Espeon, F|100\/100\n|move|p1a: Ribombee|Sticky Web|p2a: Espeon\n|move|p2a: Espeon|Sticky Web||[from]ability: Magic Bounce|[still]\n|-fail|p2a: Espeon\n|\n|upkeep\n|turn|7\n|inactive|michaelscottmyers has 120 seconds left.\n|\n|t:|1701171365\n|switch|p1a: Gholdengo|Gholdengo|100\/100\n|-item|p1a: Gholdengo|Air Balloon\n|move|p2a: Espeon|Psyshock|p1a: Gholdengo\n|-resisted|p1a: Gholdengo\n|-damage|p1a: Gholdengo|80\/100\n|-enditem|p1a: Gholdengo|Air Balloon\n|\n|upkeep\n|turn|8\n|\n|t:|1701171376\n|switch|p2a: Rotom|Rotom-Wash|100\/100\n|move|p1a: Gholdengo|Nasty Plot|p1a: Gholdengo\n|-boost|p1a: Gholdengo|spa|2\n|\n|upkeep\n|turn|9\n|\n|t:|1701171381\n|move|p2a: Rotom|Hydro Pump|p1a: Gholdengo\n|-damage|p1a: Gholdengo|21\/100\n|move|p1a: Gholdengo|Shadow Ball|p2a: Rotom\n|-damage|p2a: Rotom|4\/100\n|\n|upkeep\n|turn|10\n|\n|t:|1701171393\n|switch|p1a: Ogerpon|Ogerpon-Wellspring, F|100\/100\n|-activate|p1a: Ogerpon|move: Sticky Web\n|-unboost|p1a: Ogerpon|spe|1\n|move|p2a: Rotom|Hydro Pump|p1a: Ogerpon\n|-immune|p1a: Ogerpon|[from] ability: Water Absorb\n|\n|upkeep\n|turn|11\n|\n|t:|1701171407\n|switch|p2a: Glimmora|Glimmora, F|100\/100\n|move|p1a: Ogerpon|Ivy Cudgel|p2a: Glimmora|[anim] Ivy Cudgel Water\n|-supereffective|p2a: Glimmora\n|-crit|p2a: Glimmora\n|-enditem|p2a: Glimmora|Focus Sash\n|-damage|p2a: Glimmora|1\/100\n|-activate|p2a: Glimmora|ability: Toxic Debris\n|-sidestart|p1: michaelscottmyers|move: Toxic Spikes\n|\n|upkeep\n|turn|12\n|\n|t:|1701171419\n|switch|p1a: Gholdengo|Gholdengo|21\/100\n|-activate|p1a: Gholdengo|move: Sticky Web\n|-unboost|p1a: Gholdengo|spe|1\n|move|p2a: Glimmora|Mortal Spin|p1a: Gholdengo\n|-immune|p1a: Gholdengo\n|\n|upkeep\n|turn|13\n|\n|t:|1701171426\n|move|p2a: Glimmora|Light Screen|p2a: Glimmora\n|-sidestart|p2: liaoya|move: Light Screen\n|move|p1a: Gholdengo|Shadow Ball|p2a: Glimmora\n|-damage|p2a: Glimmora|0 fnt\n|faint|p2a: Glimmora\n|\n|upkeep\n|\n|t:|1701171429\n|switch|p2a: Rotom|Rotom-Wash|4\/100\n|turn|14\n|inactive|michaelscottmyers has 120 seconds left.\n|\n|t:|1701171442\n|move|p2a: Rotom|Will-O-Wisp|p1a: Gholdengo\n|-immune|p1a: Gholdengo|[from] ability: Good as Gold\n|move|p1a: Gholdengo|Shadow Ball|p2a: Rotom\n|-damage|p2a: Rotom|0 fnt\n|faint|p2a: Rotom\n|\n|upkeep\n|\n|t:|1701171445\n|switch|p2a: Garganacl|Garganacl, M, shiny, tera:Ghost|100\/100\n|turn|15\n|inactive|michaelscottmyers has 120 seconds left.\n|\n|t:|1701171456\n|move|p1a: Gholdengo|Nasty Plot|p1a: Gholdengo\n|-boost|p1a: Gholdengo|spa|2\n|move|p2a: Garganacl|Salt Cure|p1a: Gholdengo\n|-resisted|p1a: Gholdengo\n|-damage|p1a: Gholdengo|13\/100\n|-start|p1a: Gholdengo|Salt Cure\n|\n|-damage|p1a: Gholdengo|0 fnt|[from] Salt Cure\n|faint|p1a: Gholdengo\n|upkeep\n|inactive|michaelscottmyers has 120 seconds left.\n|c| Underrated123456|Free spikes\n|\n|t:|1701171480\n|switch|p1a: Ceruledge|Ceruledge, M|100\/100\n|-activate|p1a: Ceruledge|move: Sticky Web\n|-unboost|p1a: Ceruledge|spe|1\n|-status|p1a: Ceruledge|psn\n|turn|16\n|\n|t:|1701171496\n|move|p1a: Ceruledge|Swords Dance|p1a: Ceruledge\n|-boost|p1a: Ceruledge|atk|2\n|move|p2a: Garganacl|Iron Defense|p2a: Garganacl\n|-boost|p2a: Garganacl|def|2\n|\n|-damage|p1a: Ceruledge|88\/100 psn|[from] psn\n|upkeep\n|turn|17\n|c| Underrated123456|Putifing salt make garg neutral to ghost\n|inactive|michaelscottmyers has 90 seconds left.\n|c|\u2606michaelscottmyers|yh i remember but missclick the turn before to ceruledge instead of samurott ..\n|\n|t:|1701171539\n|move|p1a: Ceruledge|Bitter Blade|p2a: Garganacl\n|-damage|p2a: Garganacl|64\/100\n|-heal|p1a: Ceruledge|100\/100 psn|[from] drain|[of] p2a: Garganacl\n|move|p2a: Garganacl|Salt Cure|p1a: Ceruledge\n|-supereffective|p1a: Ceruledge\n|-damage|p1a: Ceruledge|70\/100 psn\n|-start|p1a: Ceruledge|Salt Cure\n|\n|-heal|p1a: Ceruledge|76\/100 psn|[from] item: Leftovers\n|-heal|p2a: Garganacl|70\/100|[from] item: Leftovers\n|-damage|p1a: Ceruledge|64\/100 psn|[from] psn\n|-damage|p1a: Ceruledge|51\/100 psn|[from] Salt Cure\n|-sideend|p2: liaoya|move: Light Screen\n|upkeep\n|turn|18\n|c|\u2606liaoya|I don't understand the language of your country\n|\n|t:|1701171554\n|move|p1a: Ceruledge|Swords Dance|p1a: Ceruledge\n|-boost|p1a: Ceruledge|atk|2\n|move|p2a: Garganacl|Iron Defense|p2a: Garganacl\n|-boost|p2a: Garganacl|def|2\n|\n|-heal|p1a: Ceruledge|58\/100 psn|[from] item: Leftovers\n|-heal|p2a: Garganacl|76\/100|[from] item: Leftovers\n|-damage|p1a: Ceruledge|45\/100 psn|[from] psn\n|-damage|p1a: Ceruledge|33\/100 psn|[from] Salt Cure\n|upkeep\n|turn|19\n|\n|t:|1701171567\n|move|p1a: Ceruledge|Bitter Blade|p2a: Garganacl\n|-damage|p2a: Garganacl|40\/100\n|-heal|p1a: Ceruledge|54\/100 psn|[from] drain|[of] p2a: Garganacl\n|move|p2a: Garganacl|Salt Cure|p1a: Ceruledge\n|-supereffective|p1a: Ceruledge\n|-damage|p1a: Ceruledge|23\/100 psn\n|\n|-heal|p1a: Ceruledge|29\/100 psn|[from] item: Leftovers\n|-heal|p2a: Garganacl|46\/100|[from] item: Leftovers\n|-damage|p1a: Ceruledge|17\/100 psn|[from] psn\n|-damage|p1a: Ceruledge|4\/100 psn|[from] Salt Cure\n|upkeep\n|turn|20\n|\n|t:|1701171579\n|move|p1a: Ceruledge|Poltergeist|p2a: Garganacl\n|-activate|p2a: Garganacl|move: Poltergeist|Leftovers\n|-supereffective|p2a: Garganacl\n|-damage|p2a: Garganacl|6\/100\n|move|p2a: Garganacl|Recover|p2a: Garganacl\n|-heal|p2a: Garganacl|56\/100\n|\n|-heal|p1a: Ceruledge|11\/100 psn|[from] item: Leftovers\n|-heal|p2a: Garganacl|62\/100|[from] item: Leftovers\n|-damage|p1a: Ceruledge|0 fnt|[from] psn\n|faint|p1a: Ceruledge\n|upkeep\n|inactive|michaelscottmyers has 60 seconds left.\n|\n|t:|1701171595\n|switch|p1a: Samurott|Samurott-Hisui, F|100\/100\n|-activate|p1a: Samurott|move: Sticky Web\n|-unboost|p1a: Samurott|spe|1\n|-status|p1a: Samurott|psn\n|turn|21\n|\n|t:|1701171602\n|move|p1a: Samurott|Ceaseless Edge|p2a: Garganacl\n|-supereffective|p2a: Garganacl\n|-damage|p2a: Garganacl|29\/100\n|-sidestart|p2: liaoya|Spikes\n|move|p2a: Garganacl|Body Press|p1a: Samurott\n|-supereffective|p1a: Samurott\n|-damage|p1a: Samurott|0 fnt\n|faint|p1a: Samurott\n|\n|-heal|p2a: Garganacl|36\/100|[from] item: Leftovers\n|upkeep\n|\n|t:|1701171610\n|switch|p1a: Ribombee|Ribombee, F, shiny|45\/100\n|-activate|p1a: Ribombee|move: Sticky Web\n|-unboost|p1a: Ribombee|spe|1\n|-status|p1a: Ribombee|psn\n|turn|22\n|\n|t:|1701171616\n|-terastallize|p1a: Ribombee|Fairy\n|move|p1a: Ribombee|Moonblast|p2a: Garganacl\n|-damage|p2a: Garganacl|3\/100\n|move|p2a: Garganacl|Recover|p2a: Garganacl\n|-heal|p2a: Garganacl|53\/100\n|\n|-heal|p2a: Garganacl|59\/100|[from] item: Leftovers\n|-damage|p1a: Ribombee|33\/100 psn|[from] psn\n|upkeep\n|turn|23\n|-message|michaelscottmyers forfeited.\n|\n|win|liaoya\n|raw|michaelscottmyers's rating: 1548 &rarr; <strong>1531<\/strong><br \/>(-17 for losing)\n|raw|liaoya's rating: 1605 &rarr; <strong>1622<\/strong><br \/>(+17 for winning)\n|l|\u2606michaelscottmyers\n","uploadtime":1701171625,"views":12,"p1id":"michaelscottmyers","p2id":"liaoya","formatid":"gen9ou","rating":1531,"private":0,"password":""}