{"id":"gen9ou-2000442740","p1":"kushaltk","p2":"chaoticat","format":"[Gen 9] OU","log":"|j|\u2606kushaltk\n|j|\u203dchaoticat\n|t:|1701195204\n|gametype|singles\n|player|p1|kushaltk|265|1111\n|player|p2|chaoticat|1|1145\n|teamsize|p1|6\n|teamsize|p2|6\n|gen|9\n|tier|[Gen 9] OU\n|rated|\n|rule|Sleep Clause Mod: Limit one foe put to sleep\n|rule|Species Clause: Limit one of each Pok\u00e9mon\n|rule|OHKO Clause: OHKO moves are banned\n|rule|Evasion Items Clause: Evasion items are banned\n|rule|Evasion Moves Clause: Evasion moves are banned\n|rule|Endless Battle Clause: Forcing endless battles is banned\n|rule|HP Percentage Mod: HP is shown in percentages\n|clearpoke\n|poke|p1|Ursaluna, F|\n|poke|p1|Ogerpon-Wellspring, F|\n|poke|p1|Ting-Lu|\n|poke|p1|Gholdengo|\n|poke|p1|Zapdos|\n|poke|p1|Great Tusk|\n|poke|p2|Bellibolt, M|\n|poke|p2|Azelf|\n|poke|p2|Great Tusk|\n|poke|p2|Manaphy|\n|poke|p2|Altaria, M|\n|poke|p2|Kingambit, M|\n|teampreview\n|inactive|Battle timer is ON: inactive players will automatically lose when time's up. (requested by kushaltk)\n|\n|t:|1701195243\n|start\n|switch|p1a: Ting-Lu|Ting-Lu|100\/100\n|switch|p2a: Altaria|Altaria, M|100\/100\n|-ability|p2a: Altaria|Cloud Nine\n|-ability|p1a: Ting-Lu|Vessel of Ruin\n|turn|1\n|\n|t:|1701195252\n|move|p2a: Altaria|Moonblast|p1a: Ting-Lu\n|-supereffective|p1a: Ting-Lu\n|-damage|p1a: Ting-Lu|87\/100\n|move|p1a: Ting-Lu|Spikes|p2a: Altaria\n|-sidestart|p2: chaoticat|Spikes\n|\n|-heal|p1a: Ting-Lu|93\/100|[from] item: Leftovers\n|upkeep\n|turn|2\n|\n|t:|1701195262\n|move|p2a: Altaria|Cotton Guard|p2a: Altaria\n|-boost|p2a: Altaria|def|3\n|move|p1a: Ting-Lu|Spikes|p2a: Altaria\n|-sidestart|p2: chaoticat|Spikes\n|\n|-heal|p1a: Ting-Lu|99\/100|[from] item: Leftovers\n|upkeep\n|turn|3\n|\n|t:|1701195269\n|move|p2a: Altaria|Moonblast|p1a: Ting-Lu\n|-supereffective|p1a: Ting-Lu\n|-crit|p1a: Ting-Lu\n|-damage|p1a: Ting-Lu|80\/100\n|move|p1a: Ting-Lu|Spikes|p2a: Altaria\n|-sidestart|p2: chaoticat|Spikes\n|\n|-heal|p1a: Ting-Lu|86\/100|[from] item: Leftovers\n|upkeep\n|turn|4\n|\n|t:|1701195277\n|move|p2a: Altaria|Moonblast|p1a: Ting-Lu\n|-supereffective|p1a: Ting-Lu\n|-damage|p1a: Ting-Lu|72\/100\n|move|p1a: Ting-Lu|Whirlwind|p2a: Altaria\n|drag|p2a: Bellibolt|Bellibolt, M|100\/100\n|-damage|p2a: Bellibolt|76\/100|[from] Spikes\n|\n|-heal|p1a: Ting-Lu|78\/100|[from] item: Leftovers\n|-heal|p2a: Bellibolt|82\/100|[from] item: Leftovers\n|upkeep\n|turn|5\n|\n|t:|1701195289\n|move|p2a: Bellibolt|Toxic|p1a: Ting-Lu\n|-status|p1a: Ting-Lu|tox\n|move|p1a: Ting-Lu|Earthquake|p2a: Bellibolt\n|-supereffective|p2a: Bellibolt\n|-damage|p2a: Bellibolt|34\/100\n|-start|p2a: Bellibolt|Charge|Earthquake|[from] ability: Electromorphosis\n|\n|-heal|p2a: Bellibolt|41\/100|[from] item: Leftovers\n|-heal|p1a: Ting-Lu|85\/100 tox|[from] item: Leftovers\n|-damage|p1a: Ting-Lu|78\/100 tox|[from] psn\n|upkeep\n|turn|6\n|\n|t:|1701195299\n|switch|p2a: Azelf|Azelf|100\/100\n|move|p1a: Ting-Lu|Whirlwind|p2a: Azelf\n|drag|p2a: Great Tusk|Great Tusk|100\/100\n|\n|-heal|p1a: Ting-Lu|85\/100 tox|[from] item: Leftovers\n|-damage|p1a: Ting-Lu|72\/100 tox|[from] psn\n|upkeep\n|turn|7\n|\n|t:|1701195310\n|move|p2a: Great Tusk|Knock Off|p1a: Ting-Lu\n|-resisted|p1a: Ting-Lu\n|-damage|p1a: Ting-Lu|63\/100 tox\n|-enditem|p1a: Ting-Lu|Leftovers|[from] move: Knock Off|[of] p2a: Great Tusk\n|move|p1a: Ting-Lu|Earthquake|p2a: Great Tusk\n|-damage|p2a: Great Tusk|71\/100\n|\n|-damage|p1a: Ting-Lu|45\/100 tox|[from] psn\n|upkeep\n|turn|8\n|\n|t:|1701195325\n|move|p2a: Great Tusk|Knock Off|p1a: Ting-Lu\n|-resisted|p1a: Ting-Lu\n|-damage|p1a: Ting-Lu|38\/100 tox\n|move|p1a: Ting-Lu|Ruination|p2a: Great Tusk\n|-damage|p2a: Great Tusk|36\/100\n|\n|-damage|p1a: Ting-Lu|14\/100 tox|[from] psn\n|upkeep\n|turn|9\n|\n|t:|1701195333\n|move|p2a: Great Tusk|Rapid Spin|p1a: Ting-Lu\n|-damage|p1a: Ting-Lu|5\/100 tox\n|-boost|p2a: Great Tusk|spe|1\n|-sideend|p2: chaoticat|Spikes|[from] move: Rapid Spin|[of] p2a: Great Tusk\n|move|p1a: Ting-Lu|Whirlwind|p2a: Great Tusk\n|-end|p2a: Great Tusk|Protosynthesis|[silent]\n|drag|p2a: Manaphy|Manaphy|100\/100\n|\n|-damage|p1a: Ting-Lu|0 fnt|[from] psn\n|faint|p1a: Ting-Lu\n|upkeep\n|\n|t:|1701195344\n|switch|p1a: Zapdos|Zapdos|100\/100\n|turn|10\n|\n|t:|1701195352\n|switch|p2a: Altaria|Altaria, M|100\/100\n|-ability|p2a: Altaria|Cloud Nine\n|move|p1a: Zapdos|Thunder Wave|p2a: Altaria\n|-status|p2a: Altaria|par\n|\n|upkeep\n|turn|11\n|\n|t:|1701195361\n|move|p1a: Zapdos|Volt Switch|p2a: Altaria\n|-damage|p2a: Altaria|82\/100 par\n|\n|t:|1701195370\n|switch|p1a: Gholdengo|Gholdengo|100\/100|[from] Volt Switch\n|move|p2a: Altaria|Cotton Guard|p2a: Altaria\n|-boost|p2a: Altaria|def|3\n|\n|-heal|p2a: Altaria|88\/100 par|[from] item: Leftovers\n|upkeep\n|turn|12\n|\n|t:|1701195382\n|move|p1a: Gholdengo|Nasty Plot|p1a: Gholdengo\n|-boost|p1a: Gholdengo|spa|2\n|move|p2a: Altaria|Earthquake|p1a: Gholdengo\n|-supereffective|p1a: Gholdengo\n|-damage|p1a: Gholdengo|66\/100\n|\n|-heal|p2a: Altaria|94\/100 par|[from] item: Leftovers\n|upkeep\n|turn|13\n|\n|t:|1701195390\n|move|p1a: Gholdengo|Dazzling Gleam|p2a: Altaria\n|-supereffective|p2a: Altaria\n|-damage|p2a: Altaria|34\/100 par\n|move|p2a: Altaria|Earthquake|p1a: Gholdengo\n|-supereffective|p1a: Gholdengo\n|-damage|p1a: Gholdengo|36\/100\n|\n|-heal|p2a: Altaria|41\/100 par|[from] item: Leftovers\n|upkeep\n|turn|14\n|\n|t:|1701195415\n|switch|p2a: Kingambit|Kingambit, M|100\/100\n|-terastallize|p1a: Gholdengo|Fairy\n|move|p1a: Gholdengo|Recover|p1a: Gholdengo\n|-heal|p1a: Gholdengo|86\/100\n|\n|upkeep\n|turn|15\n|\n|t:|1701195424\n|move|p1a: Gholdengo|Dazzling Gleam|p2a: Kingambit\n|-damage|p2a: Kingambit|27\/100\n|move|p2a: Kingambit|Iron Head|p1a: Gholdengo\n|-supereffective|p1a: Gholdengo\n|-damage|p1a: Gholdengo|2\/100\n|\n|upkeep\n|turn|16\n|\n|t:|1701195436\n|move|p2a: Kingambit|Sucker Punch|p1a: Gholdengo\n|-resisted|p1a: Gholdengo\n|-damage|p1a: Gholdengo|0 fnt\n|faint|p1a: Gholdengo\n|\n|upkeep\n|\n|t:|1701195446\n|switch|p1a: Great Tusk|Great Tusk|100\/100\n|-enditem|p1a: Great Tusk|Booster Energy\n|-activate|p1a: Great Tusk|ability: Protosynthesis|[fromitem]\n|-start|p1a: Great Tusk|protosynthesisspe\n|turn|17\n|\n|t:|1701195454\n|-end|p2a: Kingambit|fallenundefined|[silent]\n|switch|p2a: Azelf|Azelf|100\/100\n|move|p1a: Great Tusk|Rapid Spin|p2a: Azelf\n|-damage|p2a: Azelf|75\/100\n|-boost|p1a: Great Tusk|spe|1\n|\n|upkeep\n|turn|18\n|\n|t:|1701195470\n|-terastallize|p2a: Azelf|Fairy\n|move|p1a: Great Tusk|Ice Spinner|p2a: Azelf\n|-damage|p2a: Azelf|37\/100\n|move|p2a: Azelf|Mystical Power|p1a: Great Tusk\n|-supereffective|p1a: Great Tusk\n|-damage|p1a: Great Tusk|0 fnt\n|-boost|p2a: Azelf|spa|1\n|faint|p1a: Great Tusk\n|-end|p1a: Great Tusk|Protosynthesis|[silent]\n|\n|upkeep\n|\n|t:|1701195485\n|switch|p1a: Ogerpon|Ogerpon-Wellspring, F|100\/100\n|turn|19\n|inactive|chaoticat has 120 seconds left.\n|inactive|chaoticat has 90 seconds left.\n|\n|t:|1701195554\n|move|p2a: Azelf|Mystical Power|p1a: Ogerpon\n|-damage|p1a: Ogerpon|29\/100\n|-boost|p2a: Azelf|spa|1\n|move|p1a: Ogerpon|Ivy Cudgel|p2a: Azelf|[anim] Ivy Cudgel Water\n|-damage|p2a: Azelf|0 fnt\n|faint|p2a: Azelf\n|\n|upkeep\n|\n|t:|1701195569\n|switch|p2a: Kingambit|Kingambit, M|27\/100\n|-activate|p2a: Kingambit|ability: Supreme Overlord\n|-start|p2a: Kingambit|fallen1|[silent]\n|turn|20\n|\n|t:|1701195580\n|move|p1a: Ogerpon|Swords Dance|p1a: Ogerpon\n|-boost|p1a: Ogerpon|atk|2\n|move|p2a: Kingambit|Kowtow Cleave|p1a: Ogerpon\n|-damage|p1a: Ogerpon|0 fnt\n|faint|p1a: Ogerpon\n|\n|upkeep\n|\n|t:|1701195589\n|switch|p1a: Ursaluna|Ursaluna, F|100\/100\n|turn|21\n|\n|t:|1701195598\n|-end|p2a: Kingambit|fallen1|[silent]\n|switch|p2a: Altaria|Altaria, M|41\/100 par\n|-ability|p2a: Altaria|Cloud Nine\n|move|p1a: Ursaluna|Fire Punch|p2a: Altaria\n|-resisted|p2a: Altaria\n|-damage|p2a: Altaria|26\/100 par\n|\n|-heal|p2a: Altaria|32\/100 par|[from] item: Leftovers\n|-status|p1a: Ursaluna|brn|[from] item: Flame Orb\n|upkeep\n|turn|22\n|\n|t:|1701195609\n|move|p1a: Ursaluna|Facade|p2a: Altaria\n|-damage|p2a: Altaria|0 fnt\n|faint|p2a: Altaria\n|\n|-damage|p1a: Ursaluna|94\/100 brn|[from] brn\n|upkeep\n|\n|t:|1701195613\n|switch|p2a: Great Tusk|Great Tusk|36\/100\n|turn|23\n|\n|t:|1701195622\n|move|p2a: Great Tusk|Close Combat|p1a: Ursaluna\n|-supereffective|p1a: Ursaluna\n|-damage|p1a: Ursaluna|0 fnt\n|-unboost|p2a: Great Tusk|def|1\n|-unboost|p2a: Great Tusk|spd|1\n|faint|p1a: Ursaluna\n|\n|upkeep\n|\n|t:|1701195628\n|switch|p1a: Zapdos|Zapdos|100\/100\n|turn|24\n|\n|t:|1701195634\n|-end|p2a: Great Tusk|Protosynthesis|[silent]\n|switch|p2a: Bellibolt|Bellibolt, M|41\/100\n|move|p1a: Zapdos|Volt Switch|p2a: Bellibolt\n|-resisted|p2a: Bellibolt\n|-damage|p2a: Bellibolt|26\/100\n|-start|p2a: Bellibolt|Charge|Volt Switch|[from] ability: Electromorphosis\n|\n|-heal|p2a: Bellibolt|32\/100|[from] item: Leftovers\n|upkeep\n|turn|25\n|\n|t:|1701195649\n|move|p1a: Zapdos|Hurricane|p2a: Bellibolt\n|-resisted|p2a: Bellibolt\n|-damage|p2a: Bellibolt|12\/100\n|-start|p2a: Bellibolt|confusion\n|-start|p2a: Bellibolt|Charge|Hurricane|[from] ability: Electromorphosis\n|-activate|p2a: Bellibolt|confusion\n|move|p2a: Bellibolt|Slack Off|p2a: Bellibolt\n|-heal|p2a: Bellibolt|62\/100\n|\n|-heal|p2a: Bellibolt|68\/100|[from] item: Leftovers\n|upkeep\n|turn|26\n|l|\u2606kushaltk\n|inactive|kushaltk disconnected and has a minute to reconnect!\n|player|p1|\n|inactive|kushaltk has 30 seconds to reconnect!\n|inactive|kushaltk has 20 seconds to reconnect!\n|inactive|kushaltk has 15 seconds to reconnect!\n|inactive|kushaltk has 10 seconds to reconnect!\n|inactive|kushaltk has 5 seconds to reconnect!\n|-message|kushaltk lost due to inactivity.\n|\n|win|chaoticat\n|raw|kushaltk's rating: 1111 &rarr; <strong>1088<\/strong><br \/>(-23 for losing)\n|raw|chaoticat's rating: 1145 &rarr; <strong>1168<\/strong><br \/>(+23 for winning)\n","uploadtime":1701195818,"views":1,"p1id":"kushaltk","p2id":"chaoticat","formatid":"gen9ou","rating":1088,"private":0,"password":""}