{"id":"gen9ou-1994841411","p1":"aenean","p2":"red violet blue","format":"[Gen 9] OU","log":"|j|\u2606aenean\n|j|\u2606red violet blue\n|t:|1700497720\n|gametype|singles\n|player|p1|aenean|veteran|1680\n|player|p2|red violet blue|2|1622\n|teamsize|p1|6\n|teamsize|p2|6\n|gen|9\n|tier|[Gen 9] OU\n|rated|\n|rule|Sleep Clause Mod: Limit one foe put to sleep\n|rule|Species Clause: Limit one of each Pok\u00e9mon\n|rule|OHKO Clause: OHKO moves are banned\n|rule|Evasion Items Clause: Evasion items are banned\n|rule|Evasion Moves Clause: Evasion moves are banned\n|rule|Endless Battle Clause: Forcing endless battles is banned\n|rule|HP Percentage Mod: HP is shown in percentages\n|clearpoke\n|poke|p1|Ribombee, M|\n|poke|p1|Gholdengo|\n|poke|p1|Manaphy|\n|poke|p1|Iron Moth|\n|poke|p1|Ogerpon-Wellspring, F|\n|poke|p1|Dragonite, F|\n|poke|p2|Rillaboom, F|\n|poke|p2|Hawlucha, F|\n|poke|p2|Samurott-Hisui, F|\n|poke|p2|Ogerpon-Cornerstone, F|\n|poke|p2|Great Tusk|\n|poke|p2|Gholdengo|\n|teampreview\n|inactive|Battle timer is ON: inactive players will automatically lose when time's up. (requested by red violet blue)\n|\n|t:|1700497749\n|start\n|switch|p1a: Ribombee|Ribombee, M|100\/100\n|switch|p2a: Samurott|Samurott-Hisui, F|100\/100\n|turn|1\n|\n|t:|1700497756\n|move|p1a: Ribombee|Sticky Web|p2a: Samurott\n|-sidestart|p2: red violet blue|move: Sticky Web\n|move|p2a: Samurott|Ceaseless Edge|p1a: Ribombee\n|-resisted|p1a: Ribombee\n|-damage|p1a: Ribombee|57\/100\n|-sidestart|p1: aenean|Spikes\n|\n|upkeep\n|turn|2\n|\n|t:|1700497763\n|move|p1a: Ribombee|Moonblast|p2a: Samurott\n|-supereffective|p2a: Samurott\n|-enditem|p2a: Samurott|Focus Sash\n|-damage|p2a: Samurott|1\/100\n|-unboost|p2a: Samurott|spa|1\n|move|p2a: Samurott|Ceaseless Edge|p1a: Ribombee\n|-resisted|p1a: Ribombee\n|-damage|p1a: Ribombee|14\/100\n|-sidestart|p1: aenean|Spikes\n|\n|upkeep\n|turn|3\n|\n|t:|1700497772\n|move|p2a: Samurott|Aqua Jet|p1a: Ribombee\n|-damage|p1a: Ribombee|0 fnt\n|faint|p1a: Ribombee\n|\n|upkeep\n|\n|t:|1700497789\n|switch|p1a: Manaphy|Manaphy, shiny|100\/100\n|-damage|p1a: Manaphy|84\/100|[from] Spikes\n|turn|4\n|\n|t:|1700497803\n|move|p2a: Samurott|Taunt|p1a: Manaphy\n|-start|p1a: Manaphy|move: Taunt\n|move|p1a: Manaphy|Scald|p2a: Samurott\n|-resisted|p2a: Samurott\n|-damage|p2a: Samurott|0 fnt\n|faint|p2a: Samurott\n|\n|-heal|p1a: Manaphy|90\/100|[from] item: Leftovers\n|upkeep\n|\n|t:|1700497829\n|switch|p2a: Rillaboom|Rillaboom, F|100\/100\n|-activate|p2a: Rillaboom|move: Sticky Web\n|-unboost|p2a: Rillaboom|spe|1\n|-fieldstart|move: Grassy Terrain|[from] ability: Grassy Surge|[of] p2a: Rillaboom\n|turn|5\n|\n|t:|1700497853\n|switch|p1a: Iron Moth|Iron Moth, shiny|100\/100\n|-damage|p1a: Iron Moth|84\/100|[from] Spikes\n|-enditem|p1a: Iron Moth|Booster Energy\n|-activate|p1a: Iron Moth|ability: Quark Drive|[fromitem]\n|-start|p1a: Iron Moth|quarkdrivespa\n|move|p2a: Rillaboom|Drum Beating|p1a: Iron Moth\n|-resisted|p1a: Iron Moth\n|-damage|p1a: Iron Moth|58\/100\n|-unboost|p1a: Iron Moth|spe|1\n|\n|-heal|p1a: Iron Moth|64\/100|[from] Grassy Terrain\n|upkeep\n|turn|6\n|\n|t:|1700497868\n|switch|p2a: Ogerpon|Ogerpon-Cornerstone, F|100\/100\n|-activate|p2a: Ogerpon|move: Sticky Web\n|-unboost|p2a: Ogerpon|spe|1\n|move|p1a: Iron Moth|Fiery Dance|p2a: Ogerpon\n|-damage|p2a: Ogerpon|28\/100\n|\n|-heal|p2a: Ogerpon|34\/100|[from] Grassy Terrain\n|-heal|p1a: Iron Moth|70\/100|[from] Grassy Terrain\n|upkeep\n|turn|7\n|\n|t:|1700497874\n|move|p2a: Ogerpon|Ivy Cudgel|p1a: Iron Moth|[anim] Ivy Cudgel Rock\n|-supereffective|p1a: Iron Moth\n|-damage|p1a: Iron Moth|0 fnt\n|faint|p1a: Iron Moth\n|-end|p1a: Iron Moth|Quark Drive|[silent]\n|\n|-heal|p2a: Ogerpon|40\/100|[from] Grassy Terrain\n|upkeep\n|\n|t:|1700497894\n|switch|p1a: Goldie|Gholdengo, shiny|100\/100\n|-item|p1a: Goldie|Air Balloon\n|turn|8\n|\n|t:|1700497897\n|move|p1a: Goldie|Shadow Ball|p2a: Ogerpon\n|-damage|p2a: Ogerpon|0 fnt\n|faint|p2a: Ogerpon\n|\n|upkeep\n|inactive|red violet blue has 120 seconds left.\n|\n|t:|1700497928\n|switch|p2a: Hawlucha|Hawlucha, F|100\/100\n|-enditem|p2a: Hawlucha|Grassy Seed\n|-boost|p2a: Hawlucha|def|1|[from] item: Grassy Seed\n|turn|9\n|\n|t:|1700497950\n|-terastallize|p2a: Hawlucha|Fire\n|move|p2a: Hawlucha|Swords Dance|p2a: Hawlucha\n|-boost|p2a: Hawlucha|atk|2\n|move|p1a: Goldie|Shadow Ball|p2a: Hawlucha\n|-damage|p2a: Hawlucha|37\/100\n|\n|-heal|p2a: Hawlucha|43\/100|[from] Grassy Terrain\n|upkeep\n|turn|10\n|inactive|aenean has 120 seconds left.\n|\n|t:|1700497970\n|-terastallize|p1a: Goldie|Fighting\n|move|p2a: Hawlucha|Tera Blast|p1a: Goldie|[anim] Tera Blast Fire\n|-crit|p1a: Goldie\n|-damage|p1a: Goldie|0 fnt\n|-enditem|p1a: Goldie|Air Balloon\n|faint|p1a: Goldie\n|\n|-heal|p2a: Hawlucha|49\/100|[from] Grassy Terrain\n|upkeep\n|inactive|aenean has 120 seconds left.\n|\n|t:|1700497976\n|switch|p1a: Dragonite|Dragonite, F|100\/100\n|turn|11\n|\n|t:|1700497979\n|move|p2a: Hawlucha|Acrobatics|p1a: Dragonite\n|-damage|p1a: Dragonite|43\/100\n|move|p1a: Dragonite|Earthquake|p2a: Hawlucha\n|-supereffective|p2a: Hawlucha\n|-damage|p2a: Hawlucha|18\/100\n|\n|-heal|p2a: Hawlucha|25\/100|[from] Grassy Terrain\n|upkeep\n|turn|12\n|\n|t:|1700497984\n|move|p1a: Dragonite|Extreme Speed|p2a: Hawlucha\n|-damage|p2a: Hawlucha|0 fnt\n|faint|p2a: Hawlucha\n|\n|-fieldend|move: Grassy Terrain\n|upkeep\n|\n|t:|1700497991\n|switch|p2a: Gholdengo|Gholdengo|100\/100\n|-item|p2a: Gholdengo|Air Balloon\n|turn|13\n|\n|t:|1700497995\n|move|p1a: Dragonite|Earthquake|p2a: Gholdengo\n|-immune|p2a: Gholdengo\n|move|p2a: Gholdengo|Nasty Plot|p2a: Gholdengo\n|-boost|p2a: Gholdengo|spa|2\n|\n|upkeep\n|turn|14\n|\n|t:|1700497999\n|move|p1a: Dragonite|Earthquake|p2a: Gholdengo\n|-immune|p2a: Gholdengo\n|move|p2a: Gholdengo|Shadow Ball|p1a: Dragonite\n|-damage|p1a: Dragonite|0 fnt\n|faint|p1a: Dragonite\n|\n|upkeep\n|\n|t:|1700498002\n|switch|p1a: Manaphy|Manaphy, shiny|90\/100\n|-damage|p1a: Manaphy|74\/100|[from] Spikes\n|turn|15\n|\n|t:|1700498006\n|move|p1a: Manaphy|Scald|p2a: Gholdengo\n|-damage|p2a: Gholdengo|71\/100\n|-status|p2a: Gholdengo|brn\n|-enditem|p2a: Gholdengo|Air Balloon\n|move|p2a: Gholdengo|Shadow Ball|p1a: Manaphy\n|-damage|p1a: Manaphy|11\/100\n|\n|-heal|p1a: Manaphy|17\/100|[from] item: Leftovers\n|-damage|p2a: Gholdengo|65\/100 brn|[from] brn\n|upkeep\n|turn|16\n|\n|t:|1700498014\n|move|p1a: Manaphy|Scald|p2a: Gholdengo\n|-damage|p2a: Gholdengo|36\/100 brn\n|move|p2a: Gholdengo|Recover|p2a: Gholdengo\n|-heal|p2a: Gholdengo|86\/100 brn\n|\n|-heal|p1a: Manaphy|23\/100|[from] item: Leftovers\n|-damage|p2a: Gholdengo|80\/100 brn|[from] brn\n|upkeep\n|turn|17\n|\n|t:|1700498019\n|move|p1a: Manaphy|Scald|p2a: Gholdengo\n|-damage|p2a: Gholdengo|50\/100 brn\n|move|p2a: Gholdengo|Shadow Ball|p1a: Manaphy\n|-damage|p1a: Manaphy|0 fnt\n|faint|p1a: Manaphy\n|\n|-damage|p2a: Gholdengo|44\/100 brn|[from] brn\n|upkeep\n|\n|t:|1700498021\n|switch|p1a: Ogerpon|Ogerpon-Wellspring, F|100\/100\n|-damage|p1a: Ogerpon|84\/100|[from] Spikes\n|turn|18\n|\n|t:|1700498024\n|move|p1a: Ogerpon|Ivy Cudgel|p2a: Gholdengo|[anim] Ivy Cudgel Water\n|-damage|p2a: Gholdengo|2\/100 brn\n|move|p2a: Gholdengo|Shadow Ball|p1a: Ogerpon\n|-damage|p1a: Ogerpon|7\/100\n|\n|-damage|p2a: Gholdengo|0 fnt|[from] brn\n|faint|p2a: Gholdengo\n|upkeep\n|\n|t:|1700498027\n|switch|p2a: Rillaboom|Rillaboom, F|100\/100\n|-activate|p2a: Rillaboom|move: Sticky Web\n|-unboost|p2a: Rillaboom|spe|1\n|-fieldstart|move: Grassy Terrain|[from] ability: Grassy Surge|[of] p2a: Rillaboom\n|turn|19\n|-message|aenean forfeited.\n|\n|win|red violet blue\n|raw|aenean's rating: 1680 &rarr; <strong>1657<\/strong><br \/>(-23 for losing)\n|raw|red violet blue's rating: 1622 &rarr; <strong>1645<\/strong><br \/>(+23 for winning)\n|l|\u2606aenean\n","uploadtime":1700498068,"views":10,"p1id":"aenean","p2id":"redvioletblue","formatid":"gen9ou","rating":1645,"private":0,"password":""}