{"id":"gen9ou-1989969585","p1":"thedebatablereaper","p2":"Lardoh","format":"[Gen 9] OU","log":"|j|\u2606thedebatablereaper\n|j|\u2606Lardoh\n|t:|1699911202\n|gametype|singles\n|player|p1|thedebatablereaper|1|1721\n|player|p2|Lardoh|266|1736\n|teamsize|p1|6\n|teamsize|p2|6\n|gen|9\n|tier|[Gen 9] OU\n|rated|\n|rule|Sleep Clause Mod: Limit one foe put to sleep\n|rule|Species Clause: Limit one of each Pok\u00e9mon\n|rule|OHKO Clause: OHKO moves are banned\n|rule|Evasion Items Clause: Evasion items are banned\n|rule|Evasion Moves Clause: Evasion moves are banned\n|rule|Endless Battle Clause: Forcing endless battles is banned\n|rule|HP Percentage Mod: HP is shown in percentages\n|clearpoke\n|poke|p1|Gholdengo|\n|poke|p1|Great Tusk|\n|poke|p1|Ogerpon-Wellspring, F|\n|poke|p1|Kingambit, F|\n|poke|p1|Heatran, M|\n|poke|p1|Thundurus-Therian, M|\n|poke|p2|Iron Hands|\n|poke|p2|Mimikyu, M|\n|poke|p2|Hatterene, F|\n|poke|p2|Maushold|\n|poke|p2|Torkoal, F|\n|poke|p2|Hoopa-Unbound|\n|teampreview\n|inactive|Battle timer is ON: inactive players will automatically lose when time's up. (requested by Lardoh)\n|\n|t:|1699911210\n|start\n|switch|p1a: Thundurus|Thundurus-Therian, M|100\/100\n|switch|p2a: Mrs. Cooper|Hatterene, F, shiny|100\/100\n|turn|1\n|\n|t:|1699911215\n|move|p1a: Thundurus|Volt Switch|p2a: Mrs. Cooper\n|-damage|p2a: Mrs. Cooper|51\/100\n|j| ladyoouf\n|\n|t:|1699911221\n|switch|p1a: Heatran|Heatran, M|100\/100|[from] Volt Switch\n|move|p2a: Mrs. Cooper|Trick Room|p2a: Mrs. Cooper\n|-fieldstart|move: Trick Room|[of] p2a: Mrs. Cooper\n|\n|upkeep\n|turn|2\n|\n|t:|1699911233\n|switch|p1a: Great Tusk|Great Tusk|100\/100\n|-terastallize|p2a: Mrs. Cooper|Ground\n|move|p2a: Mrs. Cooper|Tera Blast|p1a: Great Tusk|[anim] Tera Blast Ground\n|-crit|p1a: Great Tusk\n|-damage|p1a: Great Tusk|1\/100\n|\n|-heal|p1a: Great Tusk|7\/100|[from] item: Leftovers\n|upkeep\n|turn|3\n|\n|t:|1699911241\n|move|p2a: Mrs. Cooper|Psyshock|p1a: Great Tusk\n|-supereffective|p1a: Great Tusk\n|-damage|p1a: Great Tusk|0 fnt\n|faint|p1a: Great Tusk\n|-end|p1a: Great Tusk|Protosynthesis|[silent]\n|\n|upkeep\n|\n|t:|1699911249\n|switch|p1a: Ogerpon|Ogerpon-Wellspring, F|100\/100\n|turn|4\n|j| ThatJebshuckle\n|\n|t:|1699911253\n|move|p2a: Mrs. Cooper|Healing Wish|p2a: Mrs. Cooper\n|faint|p2a: Mrs. Cooper\n|move|p1a: Ogerpon|Horn Leech|p2: Mrs. Cooper|[notarget]\n|-fail|p1a: Ogerpon\n|\n|upkeep\n|l| ThatJebshuckle\n|j| mancinitheterrible\n|\n|t:|1699911258\n|switch|p2a: Young Shelldon|Torkoal, F|100\/100\n|-weather|SunnyDay|[from] ability: Drought|[of] p2a: Young Shelldon\n|turn|5\n|\n|t:|1699911264\n|switch|p1a: Heatran|Heatran, M|100\/100\n|move|p2a: Young Shelldon|Eruption|p1a: Heatran\n|-start|p1a: Heatran|ability: Flash Fire\n|\n|-weather|SunnyDay|[upkeep]\n|-fieldend|move: Trick Room\n|upkeep\n|turn|6\n|j| ThatJebshuckle\n|\n|t:|1699911271\n|switch|p2a: Meemawchu|Mimikyu, M|100\/100\n|move|p1a: Heatran|Earth Power|p2a: Meemawchu\n|-activate|p2a: Meemawchu|ability: Disguise\n|-damage|p2a: Meemawchu|100\/100\n|detailschange|p2a: Meemawchu|Mimikyu-Busted, M\n|-damage|p2a: Meemawchu|88\/100|[from] pokemon: Mimikyu-Busted\n|\n|-weather|SunnyDay|[upkeep]\n|upkeep\n|turn|7\n|\n|t:|1699911280\n|move|p2a: Meemawchu|Destiny Bond|p2a: Meemawchu\n|-singlemove|p2a: Meemawchu|Destiny Bond\n|move|p1a: Heatran|Taunt|p2a: Meemawchu\n|-start|p2a: Meemawchu|move: Taunt\n|\n|-weather|SunnyDay|[upkeep]\n|upkeep\n|turn|8\n|\n|t:|1699911286\n|move|p2a: Meemawchu|Play Rough|p1a: Heatran\n|-resisted|p1a: Heatran\n|-damage|p1a: Heatran|90\/100\n|-damage|p2a: Meemawchu|78\/100|[from] item: Life Orb\n|move|p1a: Heatran|Stealth Rock|p2a: Meemawchu\n|-sidestart|p2: Lardoh|move: Stealth Rock\n|\n|-weather|SunnyDay|[upkeep]\n|-heal|p1a: Heatran|96\/100|[from] item: Leftovers\n|upkeep\n|turn|9\n|\n|t:|1699911294\n|move|p2a: Meemawchu|Play Rough|p1a: Heatran\n|-resisted|p1a: Heatran\n|-damage|p1a: Heatran|86\/100\n|-damage|p2a: Meemawchu|68\/100|[from] item: Life Orb\n|move|p1a: Heatran|Magma Storm|p2a: Meemawchu\n|-damage|p2a: Meemawchu|0 fnt\n|faint|p2a: Meemawchu\n|\n|-weather|none\n|-heal|p1a: Heatran|92\/100|[from] item: Leftovers\n|upkeep\n|\n|t:|1699911298\n|switch|p2a: Mr.Cooper|Iron Hands|100\/100\n|-damage|p2a: Mr.Cooper|94\/100|[from] Stealth Rock\n|turn|10\n|\n|t:|1699911327\n|-end|p1a: Heatran|ability: Flash Fire|[silent]\n|switch|p1a: Thundurus|Thundurus-Therian, M|100\/100\n|move|p2a: Mr.Cooper|Drain Punch|p1a: Thundurus\n|-resisted|p1a: Thundurus\n|-damage|p1a: Thundurus|63\/100\n|-heal|p2a: Mr.Cooper|100\/100|[from] drain|[of] p1a: Thundurus\n|\n|upkeep\n|turn|11\n|\n|t:|1699911338\n|-terastallize|p1a: Thundurus|Flying\n|move|p1a: Thundurus|Tera Blast|p2a: Mr.Cooper|[anim] Tera Blast Flying\n|-damage|p2a: Mr.Cooper|45\/100\n|move|p2a: Mr.Cooper|Ice Punch|p1a: Thundurus\n|-supereffective|p1a: Thundurus\n|-damage|p1a: Thundurus|0 fnt\n|faint|p1a: Thundurus\n|\n|upkeep\n|inactive|thedebatablereaper has 120 seconds left.\n|\n|t:|1699911362\n|switch|p1a: Gholdengo|Gholdengo|100\/100\n|turn|12\n|\n|t:|1699911366\n|-end|p2a: Mr.Cooper|Quark Drive|[silent]\n|switch|p2a: Georgie|Hoopa-Unbound|100\/100\n|-damage|p2a: Georgie|88\/100|[from] Stealth Rock\n|move|p1a: Gholdengo|Shadow Ball|p2a: Georgie\n|-damage|p2a: Georgie|61\/100\n|\n|upkeep\n|turn|13\n|j| psalm trees\n|\n|t:|1699911378\n|switch|p1a: Kingambit|Kingambit, F|100\/100\n|-activate|p1a: Kingambit|ability: Supreme Overlord\n|-start|p1a: Kingambit|fallen2|[silent]\n|move|p2a: Georgie|Drain Punch|p1a: Kingambit\n|-supereffective|p1a: Kingambit\n|-damage|p1a: Kingambit|0 fnt\n|-heal|p2a: Georgie|100\/100|[from] drain|[of] p1a: Kingambit\n|faint|p1a: Kingambit\n|-end|p1a: Kingambit|fallen2|[silent]\n|\n|upkeep\n|j| MarburgCOVEbola\n|\n|t:|1699911386\n|switch|p1a: Ogerpon|Ogerpon-Wellspring, F|100\/100\n|turn|14\n|\n|t:|1699911389\n|move|p1a: Ogerpon|Ivy Cudgel|p2a: Georgie\n|-damage|p2a: Georgie|22\/100\n|move|p2a: Georgie|Trick Room|p2a: Georgie\n|-fieldstart|move: Trick Room|[of] p2a: Georgie\n|\n|upkeep\n|turn|15\n|\n|t:|1699911402\n|move|p2a: Georgie|Hyperspace Fury|p1a: Ogerpon\n|-damage|p1a: Ogerpon|17\/100\n|-unboost|p2a: Georgie|def|1\n|move|p1a: Ogerpon|Horn Leech|p2a: Georgie\n|-damage|p2a: Georgie|0 fnt\n|-heal|p1a: Ogerpon|30\/100|[from] drain|[of] p2a: Georgie\n|faint|p2a: Georgie\n|\n|upkeep\n|\n|t:|1699911410\n|switch|p2a: Young Shelldon|Torkoal, F|100\/100\n|-damage|p2a: Young Shelldon|76\/100|[from] Stealth Rock\n|-weather|SunnyDay|[from] ability: Drought|[of] p2a: Young Shelldon\n|turn|16\n|\n|t:|1699911415\n|move|p2a: Young Shelldon|Earth Power|p1a: Ogerpon\n|-resisted|p1a: Ogerpon\n|-crit|p1a: Ogerpon\n|-damage|p1a: Ogerpon|0 fnt\n|faint|p1a: Ogerpon\n|\n|-weather|SunnyDay|[upkeep]\n|upkeep\n|\n|t:|1699911421\n|switch|p1a: Heatran|Heatran, M|92\/100\n|turn|17\n|c| MarburgCOVEbola|tera grass\n|\n|t:|1699911427\n|move|p2a: Young Shelldon|Earth Power|p1a: Heatran\n|-supereffective|p1a: Heatran\n|-damage|p1a: Heatran|0 fnt\n|faint|p1a: Heatran\n|\n|-weather|SunnyDay|[upkeep]\n|upkeep\n|c| MarburgCOVEbola|go\n|\n|t:|1699911432\n|switch|p1a: Gholdengo|Gholdengo|100\/100\n|turn|18\n|l| ThatJebshuckle\n|\n|t:|1699911438\n|move|p2a: Young Shelldon|Earth Power|p1a: Gholdengo\n|-supereffective|p1a: Gholdengo\n|-damage|p1a: Gholdengo|20\/100\n|move|p1a: Gholdengo|Recover|p1a: Gholdengo\n|-heal|p1a: Gholdengo|70\/100\n|\n|-weather|SunnyDay|[upkeep]\n|-heal|p1a: Gholdengo|76\/100|[from] item: Leftovers\n|-fieldend|move: Trick Room\n|upkeep\n|turn|19\n|j| ThatJebshuckle\n|l| ThatJebshuckle\n|\n|t:|1699911450\n|switch|p2a: FamWenSheldonIsOn|Maushold, shiny|100\/100\n|-damage|p2a: FamWenSheldonIsOn|88\/100|[from] Stealth Rock\n|move|p1a: Gholdengo|Shadow Ball|p2a: FamWenSheldonIsOn\n|-immune|p2a: FamWenSheldonIsOn\n|\n|-weather|SunnyDay|[upkeep]\n|-heal|p1a: Gholdengo|82\/100|[from] item: Leftovers\n|upkeep\n|turn|20\n|j| Large_Rodent\n|\n|t:|1699911459\n|move|p2a: FamWenSheldonIsOn|Bite|p1a: Gholdengo\n|-supereffective|p1a: Gholdengo\n|-damage|p1a: Gholdengo|55\/100\n|cant|p1a: Gholdengo|flinch\n|\n|-weather|none\n|-heal|p1a: Gholdengo|61\/100|[from] item: Leftovers\n|upkeep\n|turn|21\n|\n|t:|1699911468\n|move|p2a: FamWenSheldonIsOn|Tidy Up|p2a: FamWenSheldonIsOn\n|-sideend|p2: Lardoh|Stealth Rock\n|-activate|p2a: FamWenSheldonIsOn|move: Tidy Up\n|-boost|p2a: FamWenSheldonIsOn|atk|1\n|-boost|p2a: FamWenSheldonIsOn|spe|1\n|move|p1a: Gholdengo|Recover|p1a: Gholdengo\n|-heal|p1a: Gholdengo|100\/100\n|\n|upkeep\n|turn|22\n|\n|t:|1699911474\n|move|p2a: FamWenSheldonIsOn|Bite|p1a: Gholdengo\n|-supereffective|p1a: Gholdengo\n|-damage|p1a: Gholdengo|56\/100\n|move|p1a: Gholdengo|Focus Blast|p2a: FamWenSheldonIsOn\n|-supereffective|p2a: FamWenSheldonIsOn\n|-damage|p2a: FamWenSheldonIsOn|0 fnt\n|faint|p2a: FamWenSheldonIsOn\n|\n|-heal|p1a: Gholdengo|62\/100|[from] item: Leftovers\n|upkeep\n|\n|t:|1699911484\n|switch|p2a: Young Shelldon|Torkoal, F|76\/100\n|-heal|p2a: Young Shelldon|100\/100|[from] move: Healing Wish\n|-weather|SunnyDay|[from] ability: Drought|[of] p2a: Young Shelldon\n|turn|23\n|\n|t:|1699911491\n|move|p1a: Gholdengo|Thunder Wave|p2a: Young Shelldon\n|-status|p2a: Young Shelldon|par\n|cant|p2a: Young Shelldon|par\n|\n|-weather|SunnyDay|[upkeep]\n|-heal|p1a: Gholdengo|68\/100|[from] item: Leftovers\n|upkeep\n|turn|24\n|l| psalm trees\n|\n|t:|1699911497\n|move|p1a: Gholdengo|Shadow Ball|p2a: Young Shelldon\n|-damage|p2a: Young Shelldon|50\/100 par\n|cant|p2a: Young Shelldon|par\n|\n|-weather|SunnyDay|[upkeep]\n|-heal|p1a: Gholdengo|74\/100|[from] item: Leftovers\n|upkeep\n|turn|25\n|c| MarburgCOVEbola|..\n|\n|t:|1699911504\n|move|p1a: Gholdengo|Shadow Ball|p2a: Young Shelldon\n|-damage|p2a: Young Shelldon|7\/100 par\n|move|p2a: Young Shelldon|Flamethrower|p1a: Gholdengo\n|-supereffective|p1a: Gholdengo\n|-damage|p1a: Gholdengo|0 fnt\n|faint|p1a: Gholdengo\n|\n|win|Lardoh\n|raw|thedebatablereaper's rating: 1721 &rarr; <strong>1702<\/strong><br \/>(-19 for losing)\n|raw|Lardoh's rating: 1736 &rarr; <strong>1755<\/strong><br \/>(+19 for winning)\n|c|\u2606Lardoh|What a game gg\n|c|\u2606thedebatablereaper|gg\n|l|\u2606thedebatablereaper\n","uploadtime":1699911516,"views":15,"p1id":"thedebatablereaper","p2id":"lardoh","formatid":"gen9ou","rating":1702,"private":0,"password":""}