{"id":"gen9ou-1989354675","p1":"AllanzDMello","p2":"alfonsogutie","format":"[Gen 9] OU","log":"|j|\u2606AllanzDMello\n|j|\u2606alfonsogutie\n|t:|1699839955\n|gametype|singles\n|player|p1|AllanzDMello|red|1000\n|player|p2|alfonsogutie|1|1052\n|teamsize|p1|6\n|teamsize|p2|6\n|gen|9\n|tier|[Gen 9] OU\n|rated|\n|rule|Sleep Clause Mod: Limit one foe put to sleep\n|rule|Species Clause: Limit one of each Pok\u00e9mon\n|rule|OHKO Clause: OHKO moves are banned\n|rule|Evasion Items Clause: Evasion items are banned\n|rule|Evasion Moves Clause: Evasion moves are banned\n|rule|Endless Battle Clause: Forcing endless battles is banned\n|rule|HP Percentage Mod: HP is shown in percentages\n|clearpoke\n|poke|p1|Ceruledge, M|\n|poke|p1|Dragonite, M|\n|poke|p1|Hatterene, F|\n|poke|p1|Walking Wake|\n|poke|p1|Samurott-Hisui, M|\n|poke|p1|Corviknight, M|\n|poke|p2|Ogerpon-Wellspring, F|\n|poke|p2|Slowking-Galar, M|\n|poke|p2|Zamazenta-*|\n|poke|p2|Great Tusk|\n|poke|p2|Gholdengo|\n|poke|p2|Clefable, M|\n|teampreview\n|\n|t:|1699839963\n|start\n|switch|p1a: Ceruledge|Ceruledge, M, shiny|100\/100\n|switch|p2a: Clefable|Clefable, M|100\/100\n|turn|1\n|\n|t:|1699839971\n|move|p1a: Ceruledge|Hex|p2a: Clefable\n|-damage|p2a: Clefable|86\/100\n|move|p2a: Clefable|Stealth Rock|p1a: Ceruledge\n|-sidestart|p1: AllanzDMello|move: Stealth Rock\n|\n|-heal|p2a: Clefable|92\/100|[from] item: Leftovers\n|upkeep\n|turn|2\n|\n|t:|1699839982\n|move|p1a: Ceruledge|Bitter Blade|p2a: Clefable\n|-damage|p2a: Clefable|61\/100\n|move|p2a: Clefable|Moonblast|p1a: Ceruledge\n|-resisted|p1a: Ceruledge\n|-damage|p1a: Ceruledge|86\/100\n|-unboost|p1a: Ceruledge|spa|1\n|\n|-heal|p2a: Clefable|67\/100|[from] item: Leftovers\n|upkeep\n|turn|3\n|\n|t:|1699839993\n|move|p1a: Ceruledge|Bulk Up|p1a: Ceruledge\n|-boost|p1a: Ceruledge|atk|1\n|-boost|p1a: Ceruledge|def|1\n|move|p2a: Clefable|Moonlight|p2a: Clefable\n|-heal|p2a: Clefable|100\/100\n|\n|upkeep\n|turn|4\n|\n|t:|1699840005\n|switch|p2a: Great Tusk|Great Tusk|100\/100\n|-enditem|p2a: Great Tusk|Booster Energy\n|-activate|p2a: Great Tusk|ability: Protosynthesis|[fromitem]\n|-start|p2a: Great Tusk|protosynthesisdef\n|move|p1a: Ceruledge|Destiny Bond|p1a: Ceruledge\n|-singlemove|p1a: Ceruledge|Destiny Bond\n|\n|upkeep\n|turn|5\n|\n|t:|1699840027\n|-terastallize|p2a: Great Tusk|Ground\n|move|p1a: Ceruledge|Bulk Up|p1a: Ceruledge\n|-boost|p1a: Ceruledge|atk|1\n|-boost|p1a: Ceruledge|def|1\n|move|p2a: Great Tusk|Earthquake|p1a: Ceruledge\n|-supereffective|p1a: Ceruledge\n|-crit|p1a: Ceruledge\n|-damage|p1a: Ceruledge|0 fnt\n|faint|p1a: Ceruledge\n|\n|upkeep\n|\n|t:|1699840039\n|switch|p1a: Hatterene|Hatterene, F, shiny|100\/100\n|-damage|p1a: Hatterene|88\/100|[from] Stealth Rock\n|turn|6\n|\n|t:|1699840048\n|-terastallize|p1a: Hatterene|Psychic\n|move|p2a: Great Tusk|Body Press|p1a: Hatterene\n|-resisted|p1a: Hatterene\n|-crit|p1a: Hatterene\n|-damage|p1a: Hatterene|47\/100\n|move|p1a: Hatterene|Giga Drain|p2a: Great Tusk\n|-supereffective|p2a: Great Tusk\n|-damage|p2a: Great Tusk|42\/100\n|-heal|p1a: Hatterene|88\/100|[from] drain|[of] p2a: Great Tusk\n|\n|upkeep\n|turn|7\n|\n|t:|1699840061\n|-end|p2a: Great Tusk|Protosynthesis|[silent]\n|switch|p2a: Gholdengo|Gholdengo|100\/100\n|move|p1a: Hatterene|Giga Drain|p2a: Gholdengo\n|-resisted|p2a: Gholdengo\n|-damage|p2a: Gholdengo|87\/100\n|-heal|p1a: Hatterene|95\/100|[from] drain|[of] p2a: Gholdengo\n|\n|upkeep\n|turn|8\n|\n|t:|1699840074\n|move|p2a: Gholdengo|Shadow Ball|p1a: Hatterene\n|-supereffective|p1a: Hatterene\n|-damage|p1a: Hatterene|0 fnt\n|faint|p1a: Hatterene\n|\n|upkeep\n|\n|t:|1699840086\n|switch|p1a: Samurott|Samurott-Hisui, M, shiny|100\/100\n|-damage|p1a: Samurott|88\/100|[from] Stealth Rock\n|turn|9\n|\n|t:|1699840094\n|switch|p2a: Ogerpon|Ogerpon-Wellspring, F|100\/100\n|move|p1a: Samurott|Aqua Cutter|p2a: Ogerpon\n|-immune|p2a: Ogerpon|[from] ability: Water Absorb\n|\n|upkeep\n|turn|10\n|\n|t:|1699840104\n|move|p2a: Ogerpon|Swords Dance|p2a: Ogerpon\n|-boost|p2a: Ogerpon|atk|2\n|move|p1a: Samurott|Dark Pulse|p2a: Ogerpon\n|-crit|p2a: Ogerpon\n|-damage|p2a: Ogerpon|55\/100\n|\n|upkeep\n|turn|11\n|\n|t:|1699840112\n|move|p2a: Ogerpon|Power Whip|p1a: Samurott|[miss]\n|-miss|p2a: Ogerpon|p1a: Samurott\n|move|p1a: Samurott|Dark Pulse|p2a: Ogerpon\n|-damage|p2a: Ogerpon|19\/100\n|\n|upkeep\n|turn|12\n|\n|t:|1699840120\n|move|p2a: Ogerpon|Power Whip|p1a: Samurott\n|-supereffective|p1a: Samurott\n|-damage|p1a: Samurott|0 fnt\n|faint|p1a: Samurott\n|\n|upkeep\n|\n|t:|1699840127\n|switch|p1a: Corviknight|Corviknight, M, shiny|100\/100\n|-damage|p1a: Corviknight|88\/100|[from] Stealth Rock\n|turn|13\n|\n|t:|1699840134\n|move|p2a: Ogerpon|Knock Off|p1a: Corviknight\n|-damage|p1a: Corviknight|18\/100\n|-enditem|p1a: Corviknight|Expert Belt|[from] move: Knock Off|[of] p2a: Ogerpon\n|move|p1a: Corviknight|Brave Bird|p2a: Ogerpon\n|-supereffective|p2a: Ogerpon\n|-crit|p2a: Ogerpon\n|-damage|p2a: Ogerpon|0 fnt\n|faint|p2a: Ogerpon\n|-damage|p1a: Corviknight|13\/100|[from] Recoil\n|\n|upkeep\n|\n|t:|1699840145\n|switch|p2a: Clefable|Clefable, M|100\/100\n|turn|14\n|\n|t:|1699840151\n|move|p1a: Corviknight|Defog|p2a: Clefable\n|-unboost|p2a: Clefable|evasion|1\n|-sideend|p1: AllanzDMello|Stealth Rock|[from] move: Defog|[of] p1a: Corviknight\n|move|p2a: Clefable|Encore|p1a: Corviknight\n|-start|p1a: Corviknight|Encore\n|\n|upkeep\n|turn|15\n|\n|t:|1699840160\n|switch|p1a: Dragonite|Dragonite, M|100\/100\n|move|p2a: Clefable|Moonblast|p1a: Dragonite\n|-supereffective|p1a: Dragonite\n|-damage|p1a: Dragonite|73\/100\n|\n|upkeep\n|turn|16\n|\n|t:|1699840169\n|switch|p2a: Gholdengo|Gholdengo|87\/100\n|move|p1a: Dragonite|Blizzard|p2a: Gholdengo\n|-resisted|p2a: Gholdengo\n|-damage|p2a: Gholdengo|71\/100\n|\n|upkeep\n|turn|17\n|\n|t:|1699840181\n|switch|p1a: Walking Wake|Walking Wake|100\/100\n|move|p2a: Gholdengo|Make It Rain|p1a: Walking Wake\n|-resisted|p1a: Walking Wake\n|-damage|p1a: Walking Wake|47\/100\n|-unboost|p2a: Gholdengo|spa|1\n|\n|upkeep\n|turn|18\n|\n|t:|1699840192\n|switch|p2a: Clefable|Clefable, M|100\/100\n|move|p1a: Walking Wake|Aqua Jet|p2a: Clefable\n|-damage|p2a: Clefable|90\/100\n|\n|-heal|p2a: Clefable|96\/100|[from] item: Leftovers\n|upkeep\n|turn|19\n|\n|t:|1699840201\n|move|p1a: Walking Wake|Dragon Claw|p2a: Clefable\n|-immune|p2a: Clefable\n|move|p2a: Clefable|Moonblast|p1a: Walking Wake\n|-supereffective|p1a: Walking Wake\n|-damage|p1a: Walking Wake|0 fnt\n|faint|p1a: Walking Wake\n|-end|p1a: Walking Wake|Protosynthesis|[silent]\n|\n|-heal|p2a: Clefable|100\/100|[from] item: Leftovers\n|upkeep\n|\n|t:|1699840212\n|switch|p1a: Corviknight|Corviknight, M, shiny|13\/100\n|turn|20\n|\n|t:|1699840217\n|move|p1a: Corviknight|Brave Bird|p2a: Clefable\n|-damage|p2a: Clefable|70\/100\n|-damage|p1a: Corviknight|2\/100|[from] Recoil\n|move|p2a: Clefable|Moonblast|p1a: Corviknight\n|-resisted|p1a: Corviknight\n|-damage|p1a: Corviknight|0 fnt\n|faint|p1a: Corviknight\n|\n|-heal|p2a: Clefable|76\/100|[from] item: Leftovers\n|upkeep\n|\n|t:|1699840230\n|switch|p1a: Dragonite|Dragonite, M|73\/100\n|turn|21\n|\n|t:|1699840235\n|move|p1a: Dragonite|Blizzard|p2a: Clefable\n|-damage|p2a: Clefable|49\/100\n|move|p2a: Clefable|Moonblast|p1a: Dragonite\n|-supereffective|p1a: Dragonite\n|-damage|p1a: Dragonite|13\/100\n|-unboost|p1a: Dragonite|spa|1\n|\n|-heal|p2a: Clefable|56\/100|[from] item: Leftovers\n|upkeep\n|turn|22\n|\n|t:|1699840246\n|move|p1a: Dragonite|Blizzard|p2a: Clefable\n|-damage|p2a: Clefable|36\/100\n|move|p2a: Clefable|Moonblast|p1a: Dragonite\n|-supereffective|p1a: Dragonite\n|-damage|p1a: Dragonite|0 fnt\n|faint|p1a: Dragonite\n|\n|win|alfonsogutie\n|raw|AllanzDMello's rating: 1000 &rarr; <strong>1000<\/strong><br \/>(+0 for losing)\n|raw|alfonsogutie's rating: 1052 &rarr; <strong>1079<\/strong><br \/>(+27 for winning)\n|l|\u2606AllanzDMello\n","uploadtime":1699840274,"views":16,"p1id":"allanzdmello","p2id":"alfonsogutie","formatid":"gen9ou","rating":1000,"private":0,"password":""}