{"id":"gen9ou-1989047462","p1":"AviatorX99","p2":"Maneloskiop","format":"[Gen 9] OU","log":"|j|\u2606AviatorX99\n|j|\u2606Maneloskiop\n|t:|1699806291\n|gametype|singles\n|player|p1|AviatorX99|essentia|1266\n|player|p2|Maneloskiop|266|1218\n|teamsize|p1|6\n|teamsize|p2|6\n|gen|9\n|tier|[Gen 9] OU\n|rated|\n|rule|Sleep Clause Mod: Limit one foe put to sleep\n|rule|Species Clause: Limit one of each Pok\u00e9mon\n|rule|OHKO Clause: OHKO moves are banned\n|rule|Evasion Items Clause: Evasion items are banned\n|rule|Evasion Moves Clause: Evasion moves are banned\n|rule|Endless Battle Clause: Forcing endless battles is banned\n|rule|HP Percentage Mod: HP is shown in percentages\n|clearpoke\n|poke|p1|Infernape, F|\n|poke|p1|Torterra, M|\n|poke|p1|Ogerpon-Wellspring, F|\n|poke|p1|Kingambit, F|\n|poke|p1|Garchomp, M|\n|poke|p1|Manaphy|\n|poke|p2|Alomomola, F|\n|poke|p2|Slowking-Galar, F|\n|poke|p2|Kingambit, F|\n|poke|p2|Great Tusk|\n|poke|p2|Cinderace, F|\n|poke|p2|Thundurus-Therian, M|\n|teampreview\n|inactive|Battle timer is ON: inactive players will automatically lose when time's up. (requested by Maneloskiop)\n|inactive|AviatorX99 also wants the timer to be on.\n|\n|t:|1699806301\n|start\n|switch|p1a: Manaphy|Manaphy|100\/100\n|switch|p2a: Great Tusk|Great Tusk|100\/100\n|turn|1\n|\n|t:|1699806311\n|-end|p2a: Great Tusk|Protosynthesis|[silent]\n|switch|p2a: Thundurus|Thundurus-Therian, M|100\/100\n|move|p1a: Manaphy|Scald|p2a: Thundurus\n|-damage|p2a: Thundurus|45\/100\n|\n|upkeep\n|turn|2\n|\n|t:|1699806322\n|move|p2a: Thundurus|Knock Off|p1a: Manaphy\n|-damage|p1a: Manaphy|81\/100\n|-enditem|p1a: Manaphy|Leftovers|[from] move: Knock Off|[of] p2a: Thundurus\n|move|p1a: Manaphy|Ice Beam|p2a: Thundurus\n|-supereffective|p2a: Thundurus\n|-damage|p2a: Thundurus|0 fnt\n|faint|p2a: Thundurus\n|\n|upkeep\n|\n|t:|1699806331\n|switch|p2a: Slowking|Slowking-Galar, F|100\/100\n|turn|3\n|\n|t:|1699806337\n|move|p1a: Manaphy|Tail Glow|p1a: Manaphy\n|-boost|p1a: Manaphy|spa|3\n|move|p2a: Slowking|Future Sight|p1a: Manaphy\n|-start|p2a: Slowking|move: Future Sight\n|\n|upkeep\n|turn|4\n|\n|t:|1699806343\n|move|p1a: Manaphy|Scald|p2a: Slowking\n|-damage|p2a: Slowking|47\/100\n|move|p2a: Slowking|Sludge Bomb|p1a: Manaphy\n|-damage|p1a: Manaphy|51\/100\n|\n|upkeep\n|turn|5\n|\n|t:|1699806350\n|switch|p2a: Alomomola|Alomomola, F|100\/100\n|move|p1a: Manaphy|Scald|p2a: Alomomola\n|-resisted|p2a: Alomomola\n|-damage|p2a: Alomomola|60\/100\n|-status|p2a: Alomomola|brn\n|\n|-end|p1a: Manaphy|move: Future Sight\n|-crit|p1a: Manaphy\n|-damage|p1a: Manaphy|0 fnt\n|faint|p1a: Manaphy\n|-damage|p2a: Alomomola|54\/100 brn|[from] brn\n|upkeep\n|\n|t:|1699806368\n|switch|p1a: Ogerpon|Ogerpon-Wellspring, F|100\/100\n|turn|6\n|\n|t:|1699806378\n|move|p2a: Alomomola|Protect|p2a: Alomomola\n|-singleturn|p2a: Alomomola|Protect\n|move|p1a: Ogerpon|Swords Dance|p1a: Ogerpon\n|-boost|p1a: Ogerpon|atk|2\n|\n|-damage|p2a: Alomomola|47\/100 brn|[from] brn\n|upkeep\n|turn|7\n|\n|t:|1699806386\n|switch|p2a: Slowking|Slowking-Galar, F|80\/100\n|move|p1a: Ogerpon|Horn Leech|p2a: Slowking\n|-resisted|p2a: Slowking\n|-damage|p2a: Slowking|37\/100\n|\n|upkeep\n|turn|8\n|\n|t:|1699806394\n|switch|p2a: Cinderace|Cinderace, F|100\/100\n|move|p1a: Ogerpon|Horn Leech|p2a: Cinderace\n|-resisted|p2a: Cinderace\n|-damage|p2a: Cinderace|39\/100\n|\n|upkeep\n|turn|9\n|\n|t:|1699806405\n|-terastallize|p2a: Cinderace|Grass\n|-terastallize|p1a: Ogerpon|Water\n|detailschange|p1a: Ogerpon|Ogerpon-Wellspring-Tera, F, tera:Water\n|-ability|p1a: Ogerpon|Embody Aspect (Wellspring)|boost\n|-boost|p1a: Ogerpon|spd|1\n|move|p2a: Cinderace|Will-O-Wisp|p1a: Ogerpon\n|-status|p1a: Ogerpon|brn\n|move|p1a: Ogerpon|Horn Leech|p2a: Cinderace\n|-resisted|p2a: Cinderace\n|-damage|p2a: Cinderace|6\/100\n|\n|-damage|p1a: Ogerpon|95\/100 brn|[from] brn\n|upkeep\n|turn|10\n|\n|t:|1699806419\n|move|p2a: Cinderace|U-turn|p1a: Ogerpon\n|-damage|p1a: Ogerpon|64\/100 brn\n|\n|t:|1699806427\n|switch|p2a: Kingambit|Kingambit, F|100\/100|[from] U-turn\n|-activate|p2a: Kingambit|ability: Supreme Overlord\n|-start|p2a: Kingambit|fallen1|[silent]\n|move|p1a: Ogerpon|Swords Dance|p1a: Ogerpon\n|-boost|p1a: Ogerpon|atk|2\n|\n|-damage|p1a: Ogerpon|58\/100 brn|[from] brn\n|upkeep\n|turn|11\n|\n|t:|1699806442\n|move|p1a: Ogerpon|Swords Dance|p1a: Ogerpon\n|-boost|p1a: Ogerpon|atk|2\n|move|p2a: Kingambit|Kowtow Cleave|p1a: Ogerpon\n|-damage|p1a: Ogerpon|0 fnt\n|faint|p1a: Ogerpon\n|\n|upkeep\n|\n|t:|1699806449\n|switch|p1a: Infernape|Infernape, F|100\/100\n|turn|12\n|\n|t:|1699806462\n|-end|p2a: Kingambit|fallen1|[silent]\n|switch|p2a: Great Tusk|Great Tusk|100\/100\n|move|p1a: Infernape|Fake Out|p2a: Great Tusk\n|-damage|p2a: Great Tusk|88\/100\n|-damage|p1a: Infernape|84\/100|[from] item: Rocky Helmet|[of] p2a: Great Tusk\n|-damage|p1a: Infernape|74\/100|[from] item: Life Orb\n|\n|upkeep\n|turn|13\n|\n|t:|1699806473\n|move|p1a: Infernape|Close Combat|p2a: Great Tusk\n|-damage|p2a: Great Tusk|35\/100\n|-unboost|p1a: Infernape|def|1\n|-unboost|p1a: Infernape|spd|1\n|-damage|p1a: Infernape|58\/100|[from] item: Rocky Helmet|[of] p2a: Great Tusk\n|-damage|p1a: Infernape|48\/100|[from] item: Life Orb\n|move|p2a: Great Tusk|Rapid Spin|p1a: Infernape\n|-damage|p1a: Infernape|6\/100\n|-boost|p2a: Great Tusk|spe|1\n|\n|upkeep\n|turn|14\n|\n|t:|1699806494\n|move|p2a: Great Tusk|Rapid Spin|p1a: Infernape\n|-damage|p1a: Infernape|0 fnt\n|-boost|p2a: Great Tusk|spe|1\n|faint|p1a: Infernape\n|\n|upkeep\n|\n|t:|1699806501\n|switch|p1a: Garchomp|Garchomp, M|100\/100\n|turn|15\n|\n|t:|1699806504\n|move|p2a: Great Tusk|Ice Spinner|p1a: Garchomp\n|-supereffective|p1a: Garchomp\n|-damage|p1a: Garchomp|0 fnt\n|-damage|p2a: Great Tusk|22\/100|[from] ability: Rough Skin|[of] p1a: Garchomp\n|faint|p1a: Garchomp\n|\n|upkeep\n|\n|t:|1699806510\n|switch|p1a: Torterra|Torterra, M, shiny|100\/100\n|turn|16\n|\n|t:|1699806517\n|move|p2a: Great Tusk|Ice Spinner|p1a: Torterra\n|-supereffective|p1a: Torterra\n|-damage|p1a: Torterra|0 fnt\n|faint|p1a: Torterra\n|\n|upkeep\n|\n|t:|1699806522\n|switch|p1a: Kingambit|Kingambit, F|100\/100\n|-activate|p1a: Kingambit|ability: Supreme Overlord\n|-start|p1a: Kingambit|fallen5|[silent]\n|turn|17\n|\n|t:|1699806530\n|move|p1a: Kingambit|Sucker Punch|p2a: Great Tusk\n|-resisted|p2a: Great Tusk\n|-damage|p2a: Great Tusk|0 fnt\n|-damage|p1a: Kingambit|84\/100|[from] item: Rocky Helmet|[of] p2a: Great Tusk\n|faint|p2a: Great Tusk\n|-end|p2a: Great Tusk|Protosynthesis|[silent]\n|\n|upkeep\n|\n|t:|1699806535\n|switch|p2a: Alomomola|Alomomola, F|81\/100 brn\n|turn|18\n|\n|t:|1699806539\n|move|p1a: Kingambit|Kowtow Cleave|p2a: Alomomola\n|-damage|p2a: Alomomola|39\/100 brn\n|move|p2a: Alomomola|Scald|p1a: Kingambit\n|-damage|p1a: Kingambit|75\/100\n|-status|p1a: Kingambit|brn\n|\n|-damage|p1a: Kingambit|69\/100 brn|[from] brn\n|-damage|p2a: Alomomola|33\/100 brn|[from] brn\n|upkeep\n|turn|19\n|\n|t:|1699806548\n|move|p2a: Alomomola|Protect|p2a: Alomomola\n|-singleturn|p2a: Alomomola|Protect\n|move|p1a: Kingambit|Kowtow Cleave|p2a: Alomomola\n|-activate|p2a: Alomomola|move: Protect\n|\n|-damage|p1a: Kingambit|63\/100 brn|[from] brn\n|-damage|p2a: Alomomola|26\/100 brn|[from] brn\n|upkeep\n|turn|20\n|c|\u2606Maneloskiop|gg\n|\n|t:|1699806555\n|switch|p2a: Cinderace|Cinderace, F, tera:Grass|6\/100\n|move|p1a: Kingambit|Kowtow Cleave|p2a: Cinderace\n|-damage|p2a: Cinderace|0 fnt\n|faint|p2a: Cinderace\n|\n|-damage|p1a: Kingambit|56\/100 brn|[from] brn\n|upkeep\n|\n|t:|1699806558\n|switch|p2a: Alomomola|Alomomola, F|60\/100 brn\n|turn|21\n|\n|t:|1699806568\n|move|p2a: Alomomola|Protect|p2a: Alomomola\n|-singleturn|p2a: Alomomola|Protect\n|move|p1a: Kingambit|Kowtow Cleave|p2a: Alomomola\n|-activate|p2a: Alomomola|move: Protect\n|\n|-damage|p1a: Kingambit|50\/100 brn|[from] brn\n|-damage|p2a: Alomomola|54\/100 brn|[from] brn\n|upkeep\n|turn|22\n|\n|t:|1699806576\n|move|p1a: Kingambit|Kowtow Cleave|p2a: Alomomola\n|-damage|p2a: Alomomola|30\/100 brn\n|move|p2a: Alomomola|Wish|p2a: Alomomola\n|\n|-damage|p1a: Kingambit|44\/100 brn|[from] brn\n|-damage|p2a: Alomomola|24\/100 brn|[from] brn\n|upkeep\n|turn|23\n|\n|t:|1699806583\n|move|p2a: Alomomola|Protect|p2a: Alomomola\n|-singleturn|p2a: Alomomola|Protect\n|move|p1a: Kingambit|Kowtow Cleave|p2a: Alomomola\n|-activate|p2a: Alomomola|move: Protect\n|\n|-heal|p2a: Alomomola|74\/100 brn|[from] move: Wish|[wisher] Alomomola\n|-damage|p1a: Kingambit|38\/100 brn|[from] brn\n|-damage|p2a: Alomomola|67\/100 brn|[from] brn\n|upkeep\n|turn|24\n|\n|t:|1699806592\n|move|p1a: Kingambit|Kowtow Cleave|p2a: Alomomola\n|-damage|p2a: Alomomola|44\/100 brn\n|move|p2a: Alomomola|Wish|p2a: Alomomola\n|\n|-damage|p1a: Kingambit|32\/100 brn|[from] brn\n|-damage|p2a: Alomomola|38\/100 brn|[from] brn\n|upkeep\n|turn|25\n|\n|t:|1699806601\n|move|p2a: Alomomola|Protect|p2a: Alomomola\n|-singleturn|p2a: Alomomola|Protect\n|move|p1a: Kingambit|Kowtow Cleave|p2a: Alomomola\n|-activate|p2a: Alomomola|move: Protect\n|\n|-heal|p2a: Alomomola|88\/100 brn|[from] move: Wish|[wisher] Alomomola\n|-damage|p1a: Kingambit|25\/100 brn|[from] brn\n|-damage|p2a: Alomomola|81\/100 brn|[from] brn\n|upkeep\n|turn|26\n|\n|t:|1699806615\n|move|p1a: Kingambit|Kowtow Cleave|p2a: Alomomola\n|-damage|p2a: Alomomola|61\/100 brn\n|move|p2a: Alomomola|Wish|p2a: Alomomola\n|\n|-damage|p1a: Kingambit|19\/100 brn|[from] brn\n|-damage|p2a: Alomomola|55\/100 brn|[from] brn\n|upkeep\n|turn|27\n|\n|t:|1699806622\n|move|p1a: Kingambit|Kowtow Cleave|p2a: Alomomola\n|-damage|p2a: Alomomola|31\/100 brn\n|move|p2a: Alomomola|Scald|p1a: Kingambit\n|-damage|p1a: Kingambit|10\/100 brn\n|\n|-heal|p2a: Alomomola|81\/100 brn|[from] move: Wish|[wisher] Alomomola\n|-damage|p1a: Kingambit|4\/100 brn|[from] brn\n|-damage|p2a: Alomomola|75\/100 brn|[from] brn\n|upkeep\n|turn|28\n|\n|t:|1699806631\n|move|p2a: Alomomola|Protect|p2a: Alomomola\n|-singleturn|p2a: Alomomola|Protect\n|move|p1a: Kingambit|Kowtow Cleave|p2a: Alomomola\n|-activate|p2a: Alomomola|move: Protect\n|\n|-damage|p1a: Kingambit|0 fnt|[from] brn\n|faint|p1a: Kingambit\n|-end|p1a: Kingambit|fallen5|[silent]\n|\n|win|Maneloskiop\n|upkeep\n|raw|AviatorX99's rating: 1266 &rarr; <strong>1238<\/strong><br \/>(-28 for losing)\n|raw|Maneloskiop's rating: 1218 &rarr; <strong>1246<\/strong><br \/>(+28 for winning)\n|l|\u2606Maneloskiop\n","uploadtime":1699806678,"views":12,"p1id":"aviatorx99","p2id":"maneloskiop","formatid":"gen9ou","rating":1238,"private":0,"password":""}