{"id":"gen9ou-1993291610","p1":"Gooaah","p2":"Ashcatchhoe","format":"[Gen 9] OU","log":"|j|\u2606Gooaah\n|j|\u2606Ashcatchhoe\n|t:|1700291653\n|gametype|singles\n|player|p1|Gooaah|veteranf|1174\n|player|p2|Ashcatchhoe|170|1153\n|teamsize|p1|6\n|teamsize|p2|6\n|gen|9\n|tier|[Gen 9] OU\n|rated|\n|rule|Sleep Clause Mod: Limit one foe put to sleep\n|rule|Species Clause: Limit one of each Pok\u00e9mon\n|rule|OHKO Clause: OHKO moves are banned\n|rule|Evasion Items Clause: Evasion items are banned\n|rule|Evasion Moves Clause: Evasion moves are banned\n|rule|Endless Battle Clause: Forcing endless battles is banned\n|rule|HP Percentage Mod: HP is shown in percentages\n|clearpoke\n|poke|p1|Iron Valiant|\n|poke|p1|Skeledirge, M|\n|poke|p1|Pincurchin, F|\n|poke|p1|Ceruledge, F|\n|poke|p1|Gholdengo|\n|poke|p1|Great Tusk|\n|poke|p2|Zamazenta-*|\n|poke|p2|Dragonite, F|\n|poke|p2|Garganacl, M|\n|poke|p2|Salamence, F|\n|poke|p2|Kingambit, F|\n|poke|p2|Scizor, F|\n|teampreview\n|inactive|Battle timer is ON: inactive players will automatically lose when time's up. (requested by Ashcatchhoe)\n|inactive|Gooaah also wants the timer to be on.\n|\n|t:|1700291657\n|start\n|switch|p1a: Pincurchin|Pincurchin, F|100\/100\n|switch|p2a: CHEESECAKE|Garganacl, M|100\/100\n|-fieldstart|move: Electric Terrain|[from] ability: Electric Surge|[of] p1a: Pincurchin\n|turn|1\n|\n|t:|1700291671\n|switch|p1a: Iron Valiant|Iron Valiant|100\/100\n|-activate|p1a: Iron Valiant|ability: Quark Drive\n|-start|p1a: Iron Valiant|quarkdrivespe\n|move|p2a: CHEESECAKE|Salt Cure|p1a: Iron Valiant\n|-resisted|p1a: Iron Valiant\n|-damage|p1a: Iron Valiant|92\/100\n|-start|p1a: Iron Valiant|Salt Cure\n|\n|-damage|p1a: Iron Valiant|80\/100|[from] Salt Cure\n|upkeep\n|turn|2\n|\n|t:|1700291683\n|move|p1a: Iron Valiant|Thunderbolt|p2a: CHEESECAKE\n|-damage|p2a: CHEESECAKE|46\/100\n|move|p2a: CHEESECAKE|Stealth Rock|p1a: Iron Valiant\n|-sidestart|p1: Gooaah|move: Stealth Rock\n|\n|-heal|p2a: CHEESECAKE|52\/100|[from] item: Leftovers\n|-damage|p1a: Iron Valiant|67\/100|[from] Salt Cure\n|upkeep\n|turn|3\n|\n|t:|1700291691\n|move|p2a: CHEESECAKE|Protect|p2a: CHEESECAKE\n|-singleturn|p2a: CHEESECAKE|Protect\n|move|p1a: Iron Valiant|Thunderbolt|p2a: CHEESECAKE\n|-activate|p2a: CHEESECAKE|move: Protect\n|\n|-heal|p2a: CHEESECAKE|58\/100|[from] item: Leftovers\n|-damage|p1a: Iron Valiant|55\/100|[from] Salt Cure\n|upkeep\n|turn|4\n|\n|t:|1700291705\n|move|p1a: Iron Valiant|Thunderbolt|p2a: CHEESECAKE\n|-damage|p2a: CHEESECAKE|3\/100\n|move|p2a: CHEESECAKE|Recover|p2a: CHEESECAKE\n|-heal|p2a: CHEESECAKE|53\/100\n|\n|-heal|p2a: CHEESECAKE|59\/100|[from] item: Leftovers\n|-damage|p1a: Iron Valiant|42\/100|[from] Salt Cure\n|upkeep\n|turn|5\n|\n|t:|1700291714\n|-end|p1a: Iron Valiant|Quark Drive|[silent]\n|switch|p1a: Great Tusk|Great Tusk|100\/100\n|move|p2a: CHEESECAKE|Protect||[still]\n|-fail|p2a: CHEESECAKE\n|\n|-heal|p2a: CHEESECAKE|65\/100|[from] item: Leftovers\n|upkeep\n|turn|6\n|\n|t:|1700291722\n|-terastallize|p2a: CHEESECAKE|Flying\n|move|p1a: Great Tusk|Rapid Spin|p2a: CHEESECAKE\n|-crit|p2a: CHEESECAKE\n|-damage|p2a: CHEESECAKE|51\/100\n|-boost|p1a: Great Tusk|spe|1\n|-sideend|p1: Gooaah|Stealth Rock|[from] move: Rapid Spin|[of] p1a: Great Tusk\n|move|p2a: CHEESECAKE|Salt Cure|p1a: Great Tusk\n|-resisted|p1a: Great Tusk\n|-crit|p1a: Great Tusk\n|-damage|p1a: Great Tusk|97\/100\n|-start|p1a: Great Tusk|Salt Cure\n|\n|-heal|p2a: CHEESECAKE|57\/100|[from] item: Leftovers\n|-damage|p1a: Great Tusk|84\/100|[from] Salt Cure\n|upkeep\n|turn|7\n|\n|t:|1700291738\n|move|p1a: Great Tusk|Knock Off|p2a: CHEESECAKE\n|-damage|p2a: CHEESECAKE|41\/100\n|-enditem|p2a: CHEESECAKE|Leftovers|[from] move: Knock Off|[of] p1a: Great Tusk\n|move|p2a: CHEESECAKE|Stealth Rock|p1a: Great Tusk\n|-sidestart|p1: Gooaah|move: Stealth Rock\n|\n|-damage|p1a: Great Tusk|72\/100|[from] Salt Cure\n|upkeep\n|turn|8\n|\n|t:|1700291745\n|move|p1a: Great Tusk|Rapid Spin|p2a: CHEESECAKE\n|-damage|p2a: CHEESECAKE|32\/100\n|-boost|p1a: Great Tusk|spe|1\n|-sideend|p1: Gooaah|Stealth Rock|[from] move: Rapid Spin|[of] p1a: Great Tusk\n|move|p2a: CHEESECAKE|Recover|p2a: CHEESECAKE\n|-heal|p2a: CHEESECAKE|82\/100\n|\n|-damage|p1a: Great Tusk|60\/100|[from] Salt Cure\n|-fieldend|move: Electric Terrain\n|upkeep\n|turn|9\n|\n|t:|1700291754\n|-end|p1a: Great Tusk|Protosynthesis|[silent]\n|switch|p1a: Pincurchin|Pincurchin, F|100\/100\n|-fieldstart|move: Electric Terrain|[from] ability: Electric Surge|[of] p1a: Pincurchin\n|move|p2a: CHEESECAKE|Protect||[still]\n|-fail|p2a: CHEESECAKE\n|\n|upkeep\n|turn|10\n|\n|t:|1700291758\n|move|p2a: CHEESECAKE|Salt Cure|p1a: Pincurchin\n|-damage|p1a: Pincurchin|87\/100\n|-start|p1a: Pincurchin|Salt Cure\n|move|p1a: Pincurchin|Discharge|p2a: CHEESECAKE\n|-supereffective|p2a: CHEESECAKE\n|-damage|p2a: CHEESECAKE|19\/100\n|\n|-damage|p1a: Pincurchin|75\/100|[from] Salt Cure\n|upkeep\n|turn|11\n|\n|t:|1700291767\n|move|p2a: CHEESECAKE|Protect|p2a: CHEESECAKE\n|-singleturn|p2a: CHEESECAKE|Protect\n|move|p1a: Pincurchin|Discharge|p2a: CHEESECAKE\n|-activate|p2a: CHEESECAKE|move: Protect\n|\n|-damage|p1a: Pincurchin|63\/100|[from] Salt Cure\n|upkeep\n|turn|12\n|\n|t:|1700291786\n|move|p2a: CHEESECAKE|Recover|p2a: CHEESECAKE\n|-heal|p2a: CHEESECAKE|69\/100\n|move|p1a: Pincurchin|Discharge|p2a: CHEESECAKE\n|-supereffective|p2a: CHEESECAKE\n|-damage|p2a: CHEESECAKE|9\/100\n|\n|-damage|p1a: Pincurchin|50\/100|[from] Salt Cure\n|upkeep\n|turn|13\n|\n|t:|1700291794\n|switch|p1a: Iron Valiant|Iron Valiant|42\/100\n|-activate|p1a: Iron Valiant|ability: Quark Drive\n|-start|p1a: Iron Valiant|quarkdrivespe\n|move|p2a: CHEESECAKE|Protect||[still]\n|-fail|p2a: CHEESECAKE\n|\n|upkeep\n|turn|14\n|\n|t:|1700291803\n|move|p1a: Iron Valiant|Thunderbolt|p2a: CHEESECAKE\n|-supereffective|p2a: CHEESECAKE\n|-damage|p2a: CHEESECAKE|0 fnt\n|faint|p2a: CHEESECAKE\n|\n|upkeep\n|\n|t:|1700291812\n|switch|p2a: Salamence|Salamence, F|100\/100\n|turn|15\n|\n|t:|1700291819\n|-end|p1a: Iron Valiant|Quark Drive|[silent]\n|switch|p1a: Great Tusk|Great Tusk|60\/100\n|move|p2a: Salamence|Iron Head|p1a: Great Tusk\n|-damage|p1a: Great Tusk|37\/100\n|\n|upkeep\n|turn|16\n|\n|t:|1700291827\n|move|p1a: Great Tusk|Knock Off|p2a: Salamence\n|-damage|p2a: Salamence|68\/100\n|-damage|p1a: Great Tusk|20\/100|[from] item: Rocky Helmet|[of] p2a: Salamence\n|-enditem|p2a: Salamence|Rocky Helmet|[from] move: Knock Off|[of] p1a: Great Tusk\n|move|p2a: Salamence|Psychic Fangs|p1a: Great Tusk\n|-supereffective|p1a: Great Tusk\n|-damage|p1a: Great Tusk|0 fnt\n|faint|p1a: Great Tusk\n|-end|p1a: Great Tusk|Protosynthesis|[silent]\n|-ability|p2a: Salamence|Moxie|boost\n|-boost|p2a: Salamence|atk|1\n|\n|-fieldend|move: Electric Terrain\n|upkeep\n|\n|t:|1700291837\n|switch|p1a: Gholdengo|Gholdengo|100\/100\n|-item|p1a: Gholdengo|Air Balloon\n|turn|17\n|\n|t:|1700291847\n|move|p1a: Gholdengo|Make It Rain|p2a: Salamence\n|-damage|p2a: Salamence|7\/100\n|-unboost|p1a: Gholdengo|spa|1\n|move|p2a: Salamence|Psychic Fangs|p1a: Gholdengo\n|-resisted|p1a: Gholdengo\n|-damage|p1a: Gholdengo|71\/100\n|-enditem|p1a: Gholdengo|Air Balloon\n|\n|upkeep\n|turn|18\n|\n|t:|1700291860\n|move|p1a: Gholdengo|Shadow Ball|p2a: Salamence\n|-damage|p2a: Salamence|0 fnt\n|faint|p2a: Salamence\n|\n|upkeep\n|\n|t:|1700291867\n|switch|p2a: MAILMAN|Dragonite, F|100\/100\n|turn|19\n|\n|t:|1700291872\n|switch|p1a: Pincurchin|Pincurchin, F|50\/100\n|-fieldstart|move: Electric Terrain|[from] ability: Electric Surge|[of] p1a: Pincurchin\n|move|p2a: MAILMAN|Earthquake|p1a: Pincurchin\n|-supereffective|p1a: Pincurchin\n|-damage|p1a: Pincurchin|0 fnt\n|faint|p1a: Pincurchin\n|\n|upkeep\n|\n|t:|1700291878\n|switch|p1a: Ceruledge|Ceruledge, F|100\/100\n|turn|20\n|\n|t:|1700291884\n|move|p1a: Ceruledge|Swords Dance|p1a: Ceruledge\n|-boost|p1a: Ceruledge|atk|2\n|move|p2a: MAILMAN|Dragon Dance|p2a: MAILMAN\n|-boost|p2a: MAILMAN|atk|1\n|-boost|p2a: MAILMAN|spe|1\n|\n|upkeep\n|turn|21\n|\n|t:|1700291890\n|move|p2a: MAILMAN|Dragon Dance|p2a: MAILMAN\n|-boost|p2a: MAILMAN|atk|1\n|-boost|p2a: MAILMAN|spe|1\n|move|p1a: Ceruledge|Phantom Force||[still]\n|-prepare|p1a: Ceruledge|Phantom Force\n|\n|upkeep\n|turn|22\n|\n|t:|1700291901\n|move|p2a: MAILMAN|Earthquake|p1a: Ceruledge|[miss]\n|-miss|p2a: MAILMAN|p1a: Ceruledge\n|move|p1a: Ceruledge|Phantom Force|p2a: MAILMAN|[from]lockedmove\n|-damage|p2a: MAILMAN|51\/100\n|\n|upkeep\n|turn|23\n|\n|t:|1700291907\n|move|p2a: MAILMAN|Thunder Punch|p1a: Ceruledge\n|-damage|p1a: Ceruledge|16\/100\n|-ability|p1a: Ceruledge|Weak Armor|boost\n|-unboost|p1a: Ceruledge|def|1\n|-boost|p1a: Ceruledge|spe|2\n|move|p1a: Ceruledge|Phantom Force||[still]\n|-prepare|p1a: Ceruledge|Phantom Force\n|\n|upkeep\n|turn|24\n|\n|t:|1700291916\n|switch|p2a: DOGPOOP|Zamazenta|100\/100\n|-ability|p2a: DOGPOOP|Dauntless Shield|boost\n|-boost|p2a: DOGPOOP|def|1\n|move|p1a: Ceruledge|Phantom Force|p2a: DOGPOOP|[from]lockedmove\n|-damage|p2a: DOGPOOP|49\/100\n|\n|-heal|p2a: DOGPOOP|55\/100|[from] item: Leftovers\n|upkeep\n|turn|25\n|\n|t:|1700291925\n|move|p1a: Ceruledge|Bitter Blade|p2a: DOGPOOP\n|-damage|p2a: DOGPOOP|10\/100\n|-heal|p1a: Ceruledge|47\/100|[from] drain|[of] p2a: DOGPOOP\n|move|p2a: DOGPOOP|Crunch|p1a: Ceruledge\n|-supereffective|p1a: Ceruledge\n|-damage|p1a: Ceruledge|0 fnt\n|faint|p1a: Ceruledge\n|\n|-heal|p2a: DOGPOOP|16\/100|[from] item: Leftovers\n|upkeep\n|\n|t:|1700291930\n|switch|p1a: Iron Valiant|Iron Valiant|42\/100\n|-activate|p1a: Iron Valiant|ability: Quark Drive\n|-start|p1a: Iron Valiant|quarkdrivespe\n|turn|26\n|\n|t:|1700291938\n|move|p1a: Iron Valiant|Thunderbolt|p2a: DOGPOOP\n|-damage|p2a: DOGPOOP|0 fnt\n|faint|p2a: DOGPOOP\n|\n|-fieldend|move: Electric Terrain\n|-end|p1a: Iron Valiant|Quark Drive\n|upkeep\n|\n|t:|1700291945\n|switch|p2a: MS.Bubbles|Scizor, F|100\/100\n|turn|27\n|\n|t:|1700291952\n|-end|p1a: Iron Valiant|Quark Drive|[silent]\n|switch|p1a: Skeledirge|Skeledirge, M|100\/100\n|move|p2a: MS.Bubbles|Bullet Punch|p1a: Skeledirge\n|-resisted|p1a: Skeledirge\n|-damage|p1a: Skeledirge|88\/100\n|-damage|p2a: MS.Bubbles|91\/100|[from] item: Life Orb\n|\n|upkeep\n|turn|28\n|\n|t:|1700291960\n|move|p1a: Skeledirge|Will-O-Wisp|p2a: MS.Bubbles\n|-status|p2a: MS.Bubbles|brn\n|move|p2a: MS.Bubbles|Knock Off|p1a: Skeledirge\n|-supereffective|p1a: Skeledirge\n|-damage|p1a: Skeledirge|48\/100\n|-enditem|p1a: Skeledirge|Heavy-Duty Boots|[from] move: Knock Off|[of] p2a: MS.Bubbles\n|-damage|p2a: MS.Bubbles|81\/100 brn|[from] item: Life Orb\n|\n|-damage|p2a: MS.Bubbles|75\/100 brn|[from] brn\n|upkeep\n|turn|29\n|\n|t:|1700291969\n|move|p1a: Skeledirge|Slack Off|p1a: Skeledirge\n|-heal|p1a: Skeledirge|98\/100\n|move|p2a: MS.Bubbles|Close Combat|p1a: Skeledirge\n|-immune|p1a: Skeledirge\n|\n|-damage|p2a: MS.Bubbles|68\/100 brn|[from] brn\n|upkeep\n|turn|30\n|\n|t:|1700291978\n|move|p1a: Skeledirge|Torch Song|p2a: MS.Bubbles\n|-supereffective|p2a: MS.Bubbles\n|-damage|p2a: MS.Bubbles|0 fnt\n|-boost|p1a: Skeledirge|spa|1\n|faint|p2a: MS.Bubbles\n|\n|upkeep\n|\n|t:|1700291985\n|switch|p2a: MAILMAN|Dragonite, F|51\/100\n|turn|31\n|\n|t:|1700291993\n|-terastallize|p1a: Skeledirge|Fairy\n|move|p2a: MAILMAN|Earthquake|p1a: Skeledirge\n|-damage|p1a: Skeledirge|63\/100\n|move|p1a: Skeledirge|Will-O-Wisp|p2a: MAILMAN\n|-status|p2a: MAILMAN|brn\n|\n|-damage|p2a: MAILMAN|45\/100 brn|[from] brn\n|upkeep\n|turn|32\n|\n|t:|1700292003\n|move|p2a: MAILMAN|Thunder Punch|p1a: Skeledirge\n|-damage|p1a: Skeledirge|51\/100\n|move|p1a: Skeledirge|Slack Off|p1a: Skeledirge\n|-heal|p1a: Skeledirge|100\/100\n|\n|-damage|p2a: MAILMAN|39\/100 brn|[from] brn\n|upkeep\n|turn|33\n|\n|t:|1700292007\n|move|p2a: MAILMAN|Dragon Dance|p2a: MAILMAN\n|-boost|p2a: MAILMAN|atk|1\n|-boost|p2a: MAILMAN|spe|1\n|move|p1a: Skeledirge|Hex|p2a: MAILMAN\n|-damage|p2a: MAILMAN|0 fnt\n|faint|p2a: MAILMAN\n|\n|upkeep\n|\n|t:|1700292013\n|switch|p2a: MR.ROACH|Kingambit, F|100\/100\n|-activate|p2a: MR.ROACH|ability: Supreme Overlord\n|-start|p2a: MR.ROACH|fallen5|[silent]\n|turn|34\n|\n|t:|1700292019\n|move|p1a: Skeledirge|Torch Song|p2a: MR.ROACH\n|-supereffective|p2a: MR.ROACH\n|-damage|p2a: MR.ROACH|18\/100\n|-boost|p1a: Skeledirge|spa|1\n|move|p2a: MR.ROACH|Swords Dance|p2a: MR.ROACH\n|-boost|p2a: MR.ROACH|atk|2\n|\n|-heal|p2a: MR.ROACH|25\/100|[from] item: Leftovers\n|upkeep\n|turn|35\n|\n|t:|1700292026\n|move|p2a: MR.ROACH|Sucker Punch|p1a: Skeledirge\n|-resisted|p1a: Skeledirge\n|-damage|p1a: Skeledirge|74\/100\n|move|p1a: Skeledirge|Torch Song|p2a: MR.ROACH\n|-supereffective|p2a: MR.ROACH\n|-damage|p2a: MR.ROACH|0 fnt\n|-boost|p1a: Skeledirge|spa|1\n|faint|p2a: MR.ROACH\n|-end|p2a: MR.ROACH|fallen5|[silent]\n|\n|win|Gooaah\n|raw|Gooaah's rating: 1174 &rarr; <strong>1197<\/strong><br \/>(+23 for winning)\n|raw|Ashcatchhoe's rating: 1153 &rarr; <strong>1130<\/strong><br \/>(-23 for losing)\n","uploadtime":1700292031,"views":19,"p1id":"gooaah","p2id":"ashcatchhoe","formatid":"gen9ou","rating":1130,"private":0,"password":""}