{"id":"gen9ou-1988567636","p1":"yoki","p2":"ZPlusC1","format":"[Gen 9] OU","log":"|j|\u2606yoki\n|j|\u2606ZPlusC1\n|t:|1699736971\n|gametype|singles\n|player|p1|yoki|170|1451\n|player|p2|ZPlusC1|falkner|1541\n|teamsize|p1|6\n|teamsize|p2|6\n|gen|9\n|tier|[Gen 9] OU\n|rated|\n|rule|Sleep Clause Mod: Limit one foe put to sleep\n|rule|Species Clause: Limit one of each Pok\u00e9mon\n|rule|OHKO Clause: OHKO moves are banned\n|rule|Evasion Items Clause: Evasion items are banned\n|rule|Evasion Moves Clause: Evasion moves are banned\n|rule|Endless Battle Clause: Forcing endless battles is banned\n|rule|HP Percentage Mod: HP is shown in percentages\n|clearpoke\n|poke|p1|Rillaboom, M|\n|poke|p1|Cinderace, M|\n|poke|p1|Ogerpon-Cornerstone, F|\n|poke|p1|Kingambit, M|\n|poke|p1|Great Tusk|\n|poke|p1|Iron Valiant|\n|poke|p2|Landorus-Therian, M|\n|poke|p2|Thundurus-Therian, M|\n|poke|p2|Slowking-Galar, M|\n|poke|p2|Kingambit, F|\n|poke|p2|Greninja-*, M|\n|poke|p2|Great Tusk|\n|teampreview\n|inactive|Battle timer is ON: inactive players will automatically lose when time's up. (requested by ZPlusC1)\n|\n|t:|1699736993\n|start\n|switch|p1a: Rillaboom|Rillaboom, M|100\/100\n|switch|p2a: Landorus|Landorus-Therian, M|100\/100\n|-ability|p2a: Landorus|Intimidate|boost\n|-unboost|p1a: Rillaboom|atk|1\n|-fieldstart|move: Grassy Terrain|[from] ability: Grassy Surge|[of] p1a: Rillaboom\n|turn|1\n|\n|t:|1699737003\n|move|p2a: Landorus|U-turn|p1a: Rillaboom\n|-supereffective|p1a: Rillaboom\n|-damage|p1a: Rillaboom|41\/100\n|\n|t:|1699737012\n|switch|p2a: Slowking|Slowking-Galar, M|100\/100|[from] U-turn\n|move|p1a: Rillaboom|Wood Hammer|p2a: Slowking\n|-resisted|p2a: Slowking\n|-damage|p2a: Slowking|71\/100\n|-damage|p1a: Rillaboom|29\/100|[from] Recoil\n|\n|-heal|p1a: Rillaboom|35\/100|[from] Grassy Terrain\n|-heal|p2a: Slowking|77\/100|[from] Grassy Terrain\n|upkeep\n|turn|2\n|inactive|yoki has 120 seconds left.\n|\n|t:|1699737043\n|move|p1a: Rillaboom|Wood Hammer|p2a: Slowking\n|-resisted|p2a: Slowking\n|-damage|p2a: Slowking|46\/100\n|-damage|p1a: Rillaboom|23\/100|[from] Recoil\n|move|p2a: Slowking|Future Sight|p1a: Rillaboom\n|-start|p2a: Slowking|move: Future Sight\n|\n|-heal|p1a: Rillaboom|30\/100|[from] Grassy Terrain\n|-heal|p2a: Slowking|52\/100|[from] Grassy Terrain\n|upkeep\n|turn|3\n|\n|t:|1699737063\n|switch|p1a: Kingambit|Kingambit, M|100\/100\n|-item|p1a: Kingambit|Air Balloon\n|move|p2a: Slowking|Thunder Wave|p1a: Kingambit\n|-status|p1a: Kingambit|par\n|\n|-heal|p2a: Slowking|58\/100|[from] Grassy Terrain\n|upkeep\n|turn|4\n|inactive|yoki has 120 seconds left.\n|inactive|ZPlusC1 has 120 seconds left.\n|inactive|yoki has 90 seconds left.\n|\n|t:|1699737113\n|-end|p1a: Kingambit|fallenundefined|[silent]\n|switch|p1a: Cinderace|Cinderace, M|100\/100\n|switch|p2a: Landorus|Landorus-Therian, M|100\/100\n|-ability|p2a: Landorus|Intimidate|boost\n|-unboost|p1a: Cinderace|atk|1\n|\n|-end|p1a: Cinderace|move: Future Sight\n|-damage|p1a: Cinderace|46\/100\n|-heal|p1a: Cinderace|52\/100|[from] Grassy Terrain\n|upkeep\n|turn|5\n|\n|t:|1699737120\n|move|p2a: Landorus|Stone Edge|p1a: Cinderace\n|-supereffective|p1a: Cinderace\n|-damage|p1a: Cinderace|0 fnt\n|faint|p1a: Cinderace\n|\n|-fieldend|move: Grassy Terrain\n|upkeep\n|inactive|yoki has 90 seconds left.\n|\n|t:|1699737148\n|switch|p1a: Great Tusk|Great Tusk|100\/100\n|turn|6\n|\n|t:|1699737157\n|switch|p2a: Great Tusk|Great Tusk|100\/100\n|move|p1a: Great Tusk|Rapid Spin|p2a: Great Tusk\n|-damage|p2a: Great Tusk|94\/100\n|-boost|p1a: Great Tusk|spe|1\n|\n|-heal|p2a: Great Tusk|99\/100|[from] item: Leftovers\n|upkeep\n|turn|7\n|\n|t:|1699737163\n|move|p1a: Great Tusk|Ice Spinner|p2a: Great Tusk\n|-supereffective|p2a: Great Tusk\n|-damage|p2a: Great Tusk|78\/100\n|move|p2a: Great Tusk|Knock Off|p1a: Great Tusk\n|-resisted|p1a: Great Tusk\n|-damage|p1a: Great Tusk|92\/100\n|-damage|p2a: Great Tusk|62\/100|[from] item: Rocky Helmet|[of] p1a: Great Tusk\n|-enditem|p1a: Great Tusk|Rocky Helmet|[from] move: Knock Off|[of] p2a: Great Tusk\n|\n|-heal|p2a: Great Tusk|68\/100|[from] item: Leftovers\n|upkeep\n|turn|8\n|\n|t:|1699737179\n|move|p1a: Great Tusk|Ice Spinner|p2a: Great Tusk\n|-supereffective|p2a: Great Tusk\n|-damage|p2a: Great Tusk|46\/100\n|move|p2a: Great Tusk|Earthquake|p1a: Great Tusk\n|-crit|p1a: Great Tusk\n|-damage|p1a: Great Tusk|49\/100\n|\n|-heal|p2a: Great Tusk|52\/100|[from] item: Leftovers\n|upkeep\n|turn|9\n|\n|t:|1699737190\n|move|p1a: Great Tusk|Ice Spinner|p2a: Great Tusk\n|-supereffective|p2a: Great Tusk\n|-damage|p2a: Great Tusk|29\/100\n|move|p2a: Great Tusk|Stealth Rock|p1a: Great Tusk\n|-sidestart|p1: yoki|move: Stealth Rock\n|\n|-heal|p2a: Great Tusk|35\/100|[from] item: Leftovers\n|upkeep\n|turn|10\n|\n|t:|1699737195\n|move|p1a: Great Tusk|Ice Spinner|p2a: Great Tusk\n|-supereffective|p2a: Great Tusk\n|-crit|p2a: Great Tusk\n|-damage|p2a: Great Tusk|2\/100\n|move|p2a: Great Tusk|Earthquake|p1a: Great Tusk\n|-damage|p1a: Great Tusk|24\/100\n|\n|-heal|p2a: Great Tusk|9\/100|[from] item: Leftovers\n|upkeep\n|turn|11\n|\n|t:|1699737204\n|-end|p2a: Great Tusk|Protosynthesis|[silent]\n|switch|p2a: Landorus|Landorus-Therian, M|100\/100\n|-ability|p2a: Landorus|Intimidate|boost\n|-unboost|p1a: Great Tusk|atk|1\n|move|p1a: Great Tusk|Ice Spinner|p2a: Landorus\n|-supereffective|p2a: Landorus\n|-damage|p2a: Landorus|27\/100\n|\n|upkeep\n|turn|12\n|inactive|yoki has 120 seconds left.\n|\n|t:|1699737227\n|move|p2a: Landorus|Grass Knot|p1a: Great Tusk\n|-supereffective|p1a: Great Tusk\n|-damage|p1a: Great Tusk|0 fnt\n|faint|p1a: Great Tusk\n|-end|p1a: Great Tusk|Protosynthesis|[silent]\n|\n|upkeep\n|\n|t:|1699737239\n|switch|p1a: Ogerpon|Ogerpon-Cornerstone, F|100\/100\n|-damage|p1a: Ogerpon|88\/100|[from] Stealth Rock\n|turn|13\n|\n|t:|1699737253\n|switch|p2a: Great Tusk|Great Tusk|9\/100\n|move|p1a: Ogerpon|Swords Dance|p1a: Ogerpon\n|-boost|p1a: Ogerpon|atk|2\n|\n|-heal|p2a: Great Tusk|15\/100|[from] item: Leftovers\n|upkeep\n|turn|14\n|\n|t:|1699737265\n|move|p1a: Ogerpon|Ivy Cudgel|p2a: Great Tusk\n|-resisted|p2a: Great Tusk\n|-damage|p2a: Great Tusk|1\/100\n|move|p2a: Great Tusk|Earthquake|p1a: Ogerpon\n|-damage|p1a: Ogerpon|31\/100\n|\n|-heal|p2a: Great Tusk|7\/100|[from] item: Leftovers\n|upkeep\n|turn|15\n|\n|t:|1699737268\n|move|p1a: Ogerpon|Ivy Cudgel|p2a: Great Tusk\n|-resisted|p2a: Great Tusk\n|-damage|p2a: Great Tusk|0 fnt\n|faint|p2a: Great Tusk\n|-end|p2a: Great Tusk|Protosynthesis|[silent]\n|\n|upkeep\n|\n|t:|1699737272\n|switch|p2a: Greninja|Greninja, M|100\/100\n|turn|16\n|\n|t:|1699737280\n|move|p2a: Greninja|Ice Beam|p1a: Ogerpon\n|-supereffective|p1a: Ogerpon\n|-damage|p1a: Ogerpon|0 fnt\n|faint|p1a: Ogerpon\n|-ability|p2a: Greninja|Battle Bond|boost\n|-boost|p2a: Greninja|atk|1\n|-boost|p2a: Greninja|spa|1\n|-boost|p2a: Greninja|spe|1\n|-activate|p2a: Greninja|ability: Battle Bond\n|-damage|p2a: Greninja|91\/100|[from] item: Life Orb\n|\n|upkeep\n|\n|t:|1699737284\n|switch|p1a: Rillaboom|Rillaboom, M|30\/100\n|-damage|p1a: Rillaboom|17\/100|[from] Stealth Rock\n|-fieldstart|move: Grassy Terrain|[from] ability: Grassy Surge|[of] p1a: Rillaboom\n|turn|17\n|\n|t:|1699737307\n|switch|p2a: Kingambit|Kingambit, F|100\/100\n|-activate|p2a: Kingambit|ability: Supreme Overlord\n|-start|p2a: Kingambit|fallen1|[silent]\n|move|p1a: Rillaboom|Grassy Glide|p2a: Kingambit\n|-resisted|p2a: Kingambit\n|-damage|p2a: Kingambit|78\/100\n|\n|-heal|p1a: Rillaboom|23\/100|[from] Grassy Terrain\n|-heal|p2a: Kingambit|85\/100|[from] Grassy Terrain\n|upkeep\n|turn|18\n|\n|t:|1699737330\n|switch|p1a: Kingambit|Kingambit, M|100\/100 par\n|-damage|p1a: Kingambit|94\/100 par|[from] Stealth Rock\n|-activate|p1a: Kingambit|ability: Supreme Overlord\n|-start|p1a: Kingambit|fallen3|[silent]\n|-item|p1a: Kingambit|Air Balloon\n|move|p2a: Kingambit|Swords Dance|p2a: Kingambit\n|-boost|p2a: Kingambit|atk|2\n|\n|-heal|p2a: Kingambit|91\/100|[from] Grassy Terrain\n|upkeep\n|turn|19\n|\n|t:|1699737334\n|move|p2a: Kingambit|Iron Head|p1a: Kingambit\n|-resisted|p1a: Kingambit\n|-damage|p1a: Kingambit|57\/100 par\n|-enditem|p1a: Kingambit|Air Balloon\n|cant|p1a: Kingambit|flinch\n|\n|-heal|p2a: Kingambit|97\/100|[from] Grassy Terrain\n|-heal|p1a: Kingambit|63\/100 par|[from] Grassy Terrain\n|upkeep\n|turn|20\n|\n|t:|1699737337\n|move|p2a: Kingambit|Iron Head|p1a: Kingambit\n|-resisted|p1a: Kingambit\n|-damage|p1a: Kingambit|28\/100 par\n|move|p1a: Kingambit|Low Kick|p2a: Kingambit\n|-supereffective|p2a: Kingambit\n|-damage|p2a: Kingambit|0 fnt\n|faint|p2a: Kingambit\n|-end|p2a: Kingambit|fallen1|[silent]\n|\n|-heal|p1a: Kingambit|35\/100 par|[from] Grassy Terrain\n|upkeep\n|\n|t:|1699737365\n|switch|p2a: Greninja|Greninja, M|91\/100\n|turn|21\n|\n|t:|1699737388\n|move|p1a: Kingambit|Sucker Punch|p2a: Greninja\n|-resisted|p2a: Greninja\n|-damage|p2a: Greninja|43\/100\n|move|p2a: Greninja|Hydro Pump|p1a: Kingambit\n|-damage|p1a: Kingambit|0 fnt\n|faint|p1a: Kingambit\n|-end|p1a: Kingambit|fallen3|[silent]\n|-damage|p2a: Greninja|33\/100|[from] item: Life Orb\n|\n|-heal|p2a: Greninja|39\/100|[from] Grassy Terrain\n|-fieldend|move: Grassy Terrain\n|upkeep\n|\n|t:|1699737400\n|switch|p1a: Rillaboom|Rillaboom, M|23\/100\n|-damage|p1a: Rillaboom|11\/100|[from] Stealth Rock\n|-fieldstart|move: Grassy Terrain|[from] ability: Grassy Surge|[of] p1a: Rillaboom\n|turn|22\n|\n|t:|1699737408\n|move|p2a: Greninja|Ice Beam|p1a: Rillaboom\n|-supereffective|p1a: Rillaboom\n|-damage|p1a: Rillaboom|0 fnt\n|faint|p1a: Rillaboom\n|-damage|p2a: Greninja|29\/100|[from] item: Life Orb\n|\n|-heal|p2a: Greninja|35\/100|[from] Grassy Terrain\n|upkeep\n|\n|t:|1699737423\n|switch|p1a: Iron Valiant|Iron Valiant|100\/100\n|-damage|p1a: Iron Valiant|94\/100|[from] Stealth Rock\n|-enditem|p1a: Iron Valiant|Booster Energy\n|-activate|p1a: Iron Valiant|ability: Quark Drive|[fromitem]\n|-start|p1a: Iron Valiant|quarkdrivespe\n|turn|23\n|\n|t:|1699737426\n|move|p1a: Iron Valiant|Calm Mind|p1a: Iron Valiant\n|-boost|p1a: Iron Valiant|spa|1\n|-boost|p1a: Iron Valiant|spd|1\n|move|p2a: Greninja|Hydro Pump|p1a: Iron Valiant\n|-damage|p1a: Iron Valiant|16\/100\n|-damage|p2a: Greninja|25\/100|[from] item: Life Orb\n|\n|-heal|p1a: Iron Valiant|22\/100|[from] Grassy Terrain\n|-heal|p2a: Greninja|31\/100|[from] Grassy Terrain\n|upkeep\n|turn|24\n|\n|t:|1699737429\n|move|p1a: Iron Valiant|Moonblast|p2a: Greninja\n|-supereffective|p2a: Greninja\n|-damage|p2a: Greninja|0 fnt\n|faint|p2a: Greninja\n|\n|-heal|p1a: Iron Valiant|28\/100|[from] Grassy Terrain\n|upkeep\n|\n|t:|1699737441\n|switch|p2a: Thundurus|Thundurus-Therian, M|100\/100\n|turn|25\n|\n|t:|1699737468\n|-terastallize|p1a: Iron Valiant|Electric\n|-terastallize|p2a: Thundurus|Flying\n|move|p1a: Iron Valiant|Moonblast|p2a: Thundurus\n|-damage|p2a: Thundurus|0 fnt\n|faint|p2a: Thundurus\n|\n|-heal|p1a: Iron Valiant|34\/100|[from] Grassy Terrain\n|upkeep\n|\n|t:|1699737473\n|switch|p2a: Slowking|Slowking-Galar, M|91\/100\n|turn|26\n|\n|t:|1699737477\n|move|p1a: Iron Valiant|Thunderbolt|p2a: Slowking\n|-damage|p2a: Slowking|34\/100\n|move|p2a: Slowking|Sludge Bomb|p1a: Iron Valiant\n|-damage|p1a: Iron Valiant|0 fnt\n|faint|p1a: Iron Valiant\n|-end|p1a: Iron Valiant|Quark Drive|[silent]\n|\n|win|ZPlusC1\n|raw|yoki's rating: 1450 &rarr; <strong>1435<\/strong><br \/>(-15 for losing)\n|raw|ZPlusC1's rating: 1541 &rarr; <strong>1556<\/strong><br \/>(+15 for winning)\n|l|\u2606yoki\n","uploadtime":1699737484,"views":17,"p1id":"yoki","p2id":"zplusc1","formatid":"gen9ou","rating":1435,"private":0,"password":""}