{"id":"gen9ou-1996865696","p1":"Birdhouse8989","p2":"lamuell","format":"[Gen 9] OU","log":"|j|\u2606Birdhouse8989\n|j|\u2606lamuell\n|t:|1700737479\n|gametype|singles\n|player|p1|Birdhouse8989|ninjaboy|1092\n|player|p2|lamuell|boarder|1161\n|teamsize|p1|6\n|teamsize|p2|6\n|gen|9\n|tier|[Gen 9] OU\n|rated|\n|rule|Sleep Clause Mod: Limit one foe put to sleep\n|rule|Species Clause: Limit one of each Pok\u00e9mon\n|rule|OHKO Clause: OHKO moves are banned\n|rule|Evasion Items Clause: Evasion items are banned\n|rule|Evasion Moves Clause: Evasion moves are banned\n|rule|Endless Battle Clause: Forcing endless battles is banned\n|rule|HP Percentage Mod: HP is shown in percentages\n|clearpoke\n|poke|p1|Sinistcha|\n|poke|p1|Ting-Lu|\n|poke|p1|Greninja-*, M|\n|poke|p1|Glimmora, F|\n|poke|p1|Corviknight, F|\n|poke|p1|Slowking-Galar, M|\n|poke|p2|Jirachi|\n|poke|p2|Great Tusk|\n|poke|p2|Walking Wake|\n|poke|p2|Garganacl, F|\n|poke|p2|Tornadus, M|\n|poke|p2|Cinderace, F|\n|teampreview\n|j| bolhado\n|l| bolhado\n|c|\u2606Birdhouse8989|hey\n|c|\u2606Birdhouse8989|its my favorite mon\n|c|\u2606lamuell|yo\n|c|\u2606Birdhouse8989|gargancl\n|c|\u2606lamuell|which one\n|c|\u2606lamuell|hell yeah\n|\n|t:|1700737505\n|start\n|switch|p1a: Glimmora|Glimmora, F|100\/100\n|switch|p2a: Tornadus|Tornadus, M, shiny|100\/100\n|turn|1\n|\n|t:|1700737526\n|move|p2a: Tornadus|Taunt|p1a: Glimmora\n|-start|p1a: Glimmora|move: Taunt\n|move|p1a: Glimmora|Power Gem|p2a: Tornadus\n|-supereffective|p2a: Tornadus\n|-damage|p2a: Tornadus|0 fnt\n|faint|p2a: Tornadus\n|\n|upkeep\n|\n|t:|1700737534\n|switch|p2a: i poke bears|Jirachi|100\/100\n|turn|2\n|\n|t:|1700737551\n|move|p2a: i poke bears|U-turn|p1a: Glimmora\n|-resisted|p1a: Glimmora\n|-damage|p1a: Glimmora|86\/100\n|-activate|p1a: Glimmora|ability: Toxic Debris\n|-sidestart|p2: lamuell|move: Toxic Spikes\n|\n|t:|1700737561\n|switch|p2a: Mr. Fun|Garganacl, F, shiny|100\/100|[from] U-turn\n|move|p1a: Glimmora|Earth Power|p2a: Mr. Fun\n|-supereffective|p2a: Mr. Fun\n|-damage|p2a: Mr. Fun|47\/100\n|\n|-heal|p2a: Mr. Fun|53\/100|[from] item: Leftovers\n|upkeep\n|turn|3\n|\n|t:|1700737577\n|move|p2a: Mr. Fun|Protect|p2a: Mr. Fun\n|-singleturn|p2a: Mr. Fun|Protect\n|move|p1a: Glimmora|Earth Power|p2a: Mr. Fun\n|-activate|p2a: Mr. Fun|move: Protect\n|\n|-heal|p2a: Mr. Fun|59\/100|[from] item: Leftovers\n|-end|p1a: Glimmora|move: Taunt\n|upkeep\n|turn|4\n|\n|t:|1700737598\n|move|p1a: Glimmora|Earth Power|p2a: Mr. Fun\n|-supereffective|p2a: Mr. Fun\n|-damage|p2a: Mr. Fun|5\/100\n|move|p2a: Mr. Fun|Recover|p2a: Mr. Fun\n|-heal|p2a: Mr. Fun|56\/100\n|\n|-heal|p2a: Mr. Fun|62\/100|[from] item: Leftovers\n|upkeep\n|turn|5\n|\n|t:|1700737612\n|switch|p1a: Sinistcha|Sinistcha|100\/100\n|move|p2a: Mr. Fun|Stealth Rock|p1a: Sinistcha\n|-sidestart|p1: Birdhouse8989|move: Stealth Rock\n|\n|-heal|p2a: Mr. Fun|68\/100|[from] item: Leftovers\n|upkeep\n|turn|6\n|inactive|Battle timer is ON: inactive players will automatically lose when time's up. (requested by Birdhouse8989)\n|\n|t:|1700737644\n|switch|p2a: lando-t father|Great Tusk|100\/100\n|-status|p2a: lando-t father|psn\n|move|p1a: Sinistcha|Calm Mind|p1a: Sinistcha\n|-boost|p1a: Sinistcha|spa|1\n|-boost|p1a: Sinistcha|spd|1\n|\n|-damage|p2a: lando-t father|88\/100 psn|[from] psn\n|upkeep\n|turn|7\n|\n|t:|1700737665\n|-terastallize|p2a: lando-t father|Steel\n|move|p2a: lando-t father|Knock Off|p1a: Sinistcha\n|-supereffective|p1a: Sinistcha\n|-damage|p1a: Sinistcha|32\/100\n|-enditem|p1a: Sinistcha|Leftovers|[from] move: Knock Off|[of] p2a: lando-t father\n|move|p1a: Sinistcha|Strength Sap|p2a: lando-t father\n|-unboost|p2a: lando-t father|atk|1\n|-heal|p1a: Sinistcha|100\/100\n|\n|-damage|p2a: lando-t father|76\/100 psn|[from] psn\n|upkeep\n|turn|8\n|inactive|Birdhouse8989 has 120 seconds left.\n|inactive|Birdhouse8989 has 90 seconds left.\n|\n|t:|1700737727\n|move|p2a: lando-t father|Rapid Spin|p1a: Sinistcha\n|-immune|p1a: Sinistcha\n|move|p1a: Sinistcha|Strength Sap|p2a: lando-t father\n|-unboost|p2a: lando-t father|atk|1\n|\n|-damage|p2a: lando-t father|63\/100 psn|[from] psn\n|upkeep\n|turn|9\n|\n|t:|1700737750\n|-end|p2a: lando-t father|Protosynthesis|[silent]\n|switch|p2a: i poke bears|Jirachi|100\/100\n|move|p1a: Sinistcha|Calm Mind|p1a: Sinistcha\n|-boost|p1a: Sinistcha|spa|1\n|-boost|p1a: Sinistcha|spd|1\n|\n|upkeep\n|turn|10\n|\n|t:|1700737765\n|move|p2a: i poke bears|Trick|p1a: Sinistcha\n|-activate|p2a: i poke bears|move: Trick|[of] p1a: Sinistcha\n|-item|p1a: Sinistcha|Choice Scarf|[from] move: Trick\n|-enditem|p2a: i poke bears|Choice Scarf|[silent]|[from] move: Trick\n|move|p1a: Sinistcha|Shadow Ball|p2a: i poke bears\n|-supereffective|p2a: i poke bears\n|-damage|p2a: i poke bears|0 fnt\n|faint|p2a: i poke bears\n|\n|upkeep\n|inactive|lamuell has 120 seconds left.\n|\n|t:|1700737791\n|switch|p2a: Cinderace|Cinderace, F|100\/100\n|-status|p2a: Cinderace|psn\n|turn|11\n|c|\u2606lamuell|i have a slight feeling that ive made a mistake somwhere\n|c|\u2606Birdhouse8989|heatproof\n|\n|t:|1700737817\n|move|p2a: Cinderace|U-turn|p1a: Sinistcha\n|-start|p2a: Cinderace|typechange|Bug|[from] ability: Libero\n|-damage|p1a: Sinistcha|70\/100\n|\n|t:|1700737825\n|switch|p2a: lando-t father|Great Tusk, tera:Steel|63\/100 psn|[from] U-turn\n|move|p1a: Sinistcha|Shadow Ball|p2a: lando-t father\n|-damage|p2a: lando-t father|0 fnt\n|faint|p2a: lando-t father\n|-end|p2a: lando-t father|Protosynthesis|[silent]\n|\n|upkeep\n|\n|t:|1700737833\n|switch|p2a: u bum|Walking Wake|100\/100\n|-status|p2a: u bum|psn\n|turn|12\n|inactive|lamuell has 90 seconds left.\n|c|\u2606Birdhouse8989|hmm\n|c|\u2606Birdhouse8989|im ded\n|c|\u2606lamuell|i have made a severe and continuous lapse in my judgement\n|\n|t:|1700737871\n|move|p2a: u bum|Dragon Pulse|p1a: Sinistcha\n|-damage|p1a: Sinistcha|42\/100\n|move|p1a: Sinistcha|Shadow Ball|p2a: u bum\n|-damage|p2a: u bum|22\/100 psn\n|\n|-damage|p2a: u bum|9\/100 psn|[from] psn\n|upkeep\n|turn|13\n|l|\u2606Birdhouse8989\n|inactive|Birdhouse8989 disconnected and has a minute to reconnect!\n|player|p1|\n|j|\u2606Birdhouse8989\n|inactive|Birdhouse8989 reconnected and has 110 seconds left.\n|player|p1|Birdhouse8989|ninjaboy\n|c|\u2606Birdhouse8989|shit\n|c|\u2606Birdhouse8989|i got kicked\n|c|\u2606Birdhouse8989|mb\n|\n|t:|1700737915\n|move|p2a: u bum|Dragon Pulse|p1a: Sinistcha\n|-damage|p1a: Sinistcha|15\/100\n|move|p1a: Sinistcha|Shadow Ball|p2a: u bum\n|-damage|p2a: u bum|0 fnt\n|faint|p2a: u bum\n|-end|p2a: u bum|Protosynthesis|[silent]\n|\n|upkeep\n|c|\u2606lamuell|all good\n|c|\u2606lamuell|i think i just lose here anyway\n|\n|t:|1700737927\n|switch|p2a: Mr. Fun|Garganacl, F, shiny|68\/100\n|turn|14\n|\n|t:|1700737930\n|move|p1a: Sinistcha|Shadow Ball|p2a: Mr. Fun\n|-crit|p2a: Mr. Fun\n|-damage|p2a: Mr. Fun|24\/100\n|-unboost|p2a: Mr. Fun|spd|1\n|move|p2a: Mr. Fun|Salt Cure|p1a: Sinistcha\n|-damage|p1a: Sinistcha|2\/100\n|-start|p1a: Sinistcha|Salt Cure\n|\n|-heal|p2a: Mr. Fun|30\/100|[from] item: Leftovers\n|-damage|p1a: Sinistcha|0 fnt|[from] Salt Cure\n|faint|p1a: Sinistcha\n|upkeep\n|inactive|Birdhouse8989 has 120 seconds left.\n|\n|t:|1700737941\n|switch|p1a: Greninja|Greninja, M|100\/100\n|-damage|p1a: Greninja|88\/100|[from] Stealth Rock\n|turn|15\n|inactive|Birdhouse8989 has 120 seconds left.\n|inactive|lamuell has 90 seconds left.\n|\n|t:|1700737947\n|move|p2a: Mr. Fun|Protect|p2a: Mr. Fun\n|-singleturn|p2a: Mr. Fun|Protect\n|move|p1a: Greninja|Grass Knot|p2a: Mr. Fun\n|-start|p1a: Greninja|typechange|Grass|[from] ability: Protean\n|-activate|p2a: Mr. Fun|move: Protect\n|\n|-heal|p2a: Mr. Fun|36\/100|[from] item: Leftovers\n|upkeep\n|turn|16\n|inactive|lamuell has 90 seconds left.\n|\n|t:|1700737958\n|switch|p2a: Cinderace|Cinderace, F|100\/100 psn\n|move|p1a: Greninja|Grass Knot|p2a: Cinderace\n|-resisted|p2a: Cinderace\n|-damage|p2a: Cinderace|71\/100 psn\n|\n|-damage|p2a: Cinderace|59\/100 psn|[from] psn\n|upkeep\n|turn|17\n|inactive|lamuell has 90 seconds left.\n|\n|t:|1700737968\n|switch|p1a: Glimmora|Glimmora, F|86\/100\n|-damage|p1a: Glimmora|73\/100|[from] Stealth Rock\n|move|p2a: Cinderace|U-turn|p1a: Glimmora\n|-start|p2a: Cinderace|typechange|Bug|[from] ability: Libero\n|-resisted|p1a: Glimmora\n|-damage|p1a: Glimmora|54\/100\n|-activate|p1a: Glimmora|ability: Toxic Debris\n|-sidestart|p2: lamuell|move: Toxic Spikes\n|inactive|lamuell has 90 seconds left.\n|\n|t:|1700737975\n|switch|p2a: Mr. Fun|Garganacl, F, shiny|36\/100|[from] U-turn\n|\n|-heal|p2a: Mr. Fun|42\/100|[from] item: Leftovers\n|upkeep\n|turn|18\n|\n|t:|1700737983\n|move|p2a: Mr. Fun|Protect|p2a: Mr. Fun\n|-singleturn|p2a: Mr. Fun|Protect\n|move|p1a: Glimmora|Earth Power|p2a: Mr. Fun\n|-activate|p2a: Mr. Fun|move: Protect\n|\n|-heal|p2a: Mr. Fun|48\/100|[from] item: Leftovers\n|upkeep\n|turn|19\n|\n|t:|1700737989\n|move|p1a: Glimmora|Earth Power|p2a: Mr. Fun\n|-supereffective|p2a: Mr. Fun\n|-damage|p2a: Mr. Fun|0 fnt\n|faint|p2a: Mr. Fun\n|\n|upkeep\n|\n|t:|1700737991\n|switch|p2a: Cinderace|Cinderace, F|59\/100 psn\n|turn|20\n|\n|t:|1700737994\n|move|p2a: Cinderace|Iron Head|p1a: Glimmora\n|-start|p2a: Cinderace|typechange|Steel|[from] ability: Libero\n|-supereffective|p1a: Glimmora\n|-damage|p1a: Glimmora|0 fnt\n|faint|p1a: Glimmora\n|\n|-damage|p2a: Cinderace|47\/100 psn|[from] psn\n|upkeep\n|\n|t:|1700737999\n|switch|p1a: Ting-Lu|Ting-Lu|100\/100\n|-damage|p1a: Ting-Lu|94\/100|[from] Stealth Rock\n|-ability|p1a: Ting-Lu|Vessel of Ruin\n|turn|21\n|\n|t:|1700738003\n|move|p2a: Cinderace|Iron Head|p1a: Ting-Lu\n|-damage|p1a: Ting-Lu|72\/100\n|move|p1a: Ting-Lu|Earthquake|p2a: Cinderace\n|-supereffective|p2a: Cinderace\n|-damage|p2a: Cinderace|0 fnt\n|faint|p2a: Cinderace\n|\n|win|Birdhouse8989\n|raw|Birdhouse8989's rating: 1092 &rarr; <strong>1123<\/strong><br \/>(+31 for winning)\n|raw|lamuell's rating: 1161 &rarr; <strong>1131<\/strong><br \/>(-30 for losing)\n|c|\u2606lamuell|gg\n|c|\u2606Birdhouse8989|gg\n|l|\u2606lamuell\n","uploadtime":1700738013,"views":8,"p1id":"birdhouse8989","p2id":"lamuell","formatid":"gen9ou","rating":1123,"private":0,"password":""}