{"id":"gen9ou-1991338649","p1":"GrimFeather7219","p2":"liamgar","format":"[Gen 9] OU","log":"|j|\u2606GrimFeather7219\n|j|\u2606liamgar\n|t:|1700068864\n|gametype|singles\n|player|p1|GrimFeather7219|volkner|\n|player|p2|liamgar|giovanni|\n|teamsize|p1|6\n|teamsize|p2|6\n|gen|9\n|tier|[Gen 9] OU\n|rule|Sleep Clause Mod: Limit one foe put to sleep\n|rule|Species Clause: Limit one of each Pok\u00e9mon\n|rule|OHKO Clause: OHKO moves are banned\n|rule|Evasion Items Clause: Evasion items are banned\n|rule|Evasion Moves Clause: Evasion moves are banned\n|rule|Endless Battle Clause: Forcing endless battles is banned\n|rule|HP Percentage Mod: HP is shown in percentages\n|clearpoke\n|poke|p1|Iron Valiant|\n|poke|p1|Dragapult, M|\n|poke|p1|Iron Moth|\n|poke|p1|Dondozo, M|\n|poke|p1|Kommo-o, M|\n|poke|p1|Kingambit, M|\n|poke|p2|Conkeldurr, M|\n|poke|p2|Ogerpon-Cornerstone, F|\n|poke|p2|Manaphy|\n|poke|p2|Amoonguss, F|\n|poke|p2|Lokix, F|\n|poke|p2|Jirachi|\n|teampreview\n|\n|t:|1700068888\n|start\n|switch|p1a: cummo-o|Kommo-o, M|100\/100\n|switch|p2a: Jirachi|Jirachi|100\/100\n|turn|1\n|\n|t:|1700068895\n|move|p2a: Jirachi|Ice Punch|p1a: cummo-o\n|-supereffective|p1a: cummo-o\n|-damage|p1a: cummo-o|56\/100\n|move|p1a: cummo-o|Clangorous Soul|p1a: cummo-o\n|-boost|p1a: cummo-o|atk|1\n|-boost|p1a: cummo-o|def|1\n|-boost|p1a: cummo-o|spa|1\n|-boost|p1a: cummo-o|spd|1\n|-boost|p1a: cummo-o|spe|1\n|-damage|p1a: cummo-o|23\/100\n|\n|upkeep\n|turn|2\n|\n|t:|1700068905\n|move|p1a: cummo-o|Drain Punch|p2a: Jirachi\n|-damage|p2a: Jirachi|63\/100\n|-heal|p1a: cummo-o|46\/100|[from] drain|[of] p2a: Jirachi\n|move|p2a: Jirachi|Ice Punch|p1a: cummo-o\n|-supereffective|p1a: cummo-o\n|-damage|p1a: cummo-o|15\/100\n|\n|upkeep\n|turn|3\n|\n|t:|1700068915\n|-terastallize|p2a: Jirachi|Ghost\n|move|p1a: cummo-o|Clanging Scales|p2a: Jirachi\n|-damage|p2a: Jirachi|0 fnt\n|faint|p2a: Jirachi\n|-unboost|p1a: cummo-o|def|1\n|\n|upkeep\n|\n|t:|1700068918\n|switch|p2a: ogger pooger|Ogerpon-Cornerstone, F|100\/100\n|turn|4\n|\n|t:|1700068929\n|move|p2a: ogger pooger|Ivy Cudgel|p1a: cummo-o|[anim] Ivy Cudgel Rock\n|-resisted|p1a: cummo-o\n|-damage|p1a: cummo-o|0 fnt\n|faint|p1a: cummo-o\n|\n|upkeep\n|\n|t:|1700068936\n|switch|p1a: Jimmy BEAST|Iron Valiant|100\/100\n|-enditem|p1a: Jimmy BEAST|Booster Energy\n|-activate|p1a: Jimmy BEAST|ability: Quark Drive|[fromitem]\n|-start|p1a: Jimmy BEAST|quarkdrivespe\n|turn|5\n|\n|t:|1700068941\n|switch|p2a: tit slayer|Amoonguss, F|100\/100\n|move|p1a: Jimmy BEAST|Calm Mind|p1a: Jimmy BEAST\n|-boost|p1a: Jimmy BEAST|spa|1\n|-boost|p1a: Jimmy BEAST|spd|1\n|\n|upkeep\n|turn|6\n|\n|t:|1700068948\n|move|p1a: Jimmy BEAST|Thunderbolt|p2a: tit slayer\n|-resisted|p2a: tit slayer\n|-damage|p2a: tit slayer|82\/100\n|-enditem|p2a: tit slayer|Red Card|[of] p1a: Jimmy BEAST\n|-end|p1a: Jimmy BEAST|Quark Drive|[silent]\n|drag|p1a: Thick Dick Micky|Iron Moth|100\/100\n|move|p2a: tit slayer|Spore|p1a: Thick Dick Micky\n|-status|p1a: Thick Dick Micky|slp|[from] move: Spore\n|\n|upkeep\n|turn|7\n|\n|t:|1700068959\n|cant|p1a: Thick Dick Micky|slp\n|move|p2a: tit slayer|Hex|p1a: Thick Dick Micky\n|-crit|p1a: Thick Dick Micky\n|-damage|p1a: Thick Dick Micky|58\/100 slp\n|\n|upkeep\n|turn|8\n|\n|t:|1700068974\n|cant|p1a: Thick Dick Micky|slp\n|move|p2a: tit slayer|Hex|p1a: Thick Dick Micky\n|-damage|p1a: Thick Dick Micky|30\/100 slp\n|\n|upkeep\n|turn|9\n|\n|t:|1700068979\n|cant|p1a: Thick Dick Micky|slp\n|move|p2a: tit slayer|Hex|p1a: Thick Dick Micky\n|-damage|p1a: Thick Dick Micky|1\/100 slp\n|\n|upkeep\n|turn|10\n|\n|t:|1700068986\n|-curestatus|p1a: Thick Dick Micky|slp|[msg]\n|move|p1a: Thick Dick Micky|Fiery Dance|p2a: tit slayer\n|-supereffective|p2a: tit slayer\n|-damage|p2a: tit slayer|1\/100\n|move|p2a: tit slayer|Hex|p1a: Thick Dick Micky\n|-damage|p1a: Thick Dick Micky|0 fnt\n|faint|p1a: Thick Dick Micky\n|-end|p1a: Thick Dick Micky|Quark Drive|[silent]\n|\n|upkeep\n|\n|t:|1700068992\n|switch|p1a: Child Predator|Dragapult, M|100\/100\n|turn|11\n|\n|t:|1700069001\n|move|p1a: Child Predator|Acrobatics|p2a: tit slayer\n|-supereffective|p2a: tit slayer\n|-damage|p2a: tit slayer|0 fnt\n|faint|p2a: tit slayer\n|\n|upkeep\n|\n|t:|1700069011\n|switch|p2a: ogger pooger|Ogerpon-Cornerstone, F|100\/100\n|turn|12\n|\n|t:|1700069015\n|move|p2a: ogger pooger|Ivy Cudgel|p1a: Child Predator|[anim] Ivy Cudgel Rock\n|-damage|p1a: Child Predator|26\/100\n|move|p1a: Child Predator|Dragon Darts|p2a: ogger pooger\n|-damage|p2a: ogger pooger|67\/100\n|-anim|p1a: Child Predator|Dragon Darts|p2a: ogger pooger\n|-damage|p2a: ogger pooger|31\/100\n|\n|upkeep\n|turn|13\n|\n|t:|1700069022\n|-terastallize|p1a: Child Predator|Water\n|move|p2a: ogger pooger|Ivy Cudgel|p1a: Child Predator|[anim] Ivy Cudgel Rock\n|-damage|p1a: Child Predator|0 fnt\n|faint|p1a: Child Predator\n|\n|upkeep\n|\n|t:|1700069029\n|switch|p1a: Jimmy BEAST|Iron Valiant|100\/100\n|turn|14\n|\n|t:|1700069036\n|move|p1a: Jimmy BEAST|Aura Sphere|p2a: ogger pooger\n|-supereffective|p2a: ogger pooger\n|-damage|p2a: ogger pooger|0 fnt\n|faint|p2a: ogger pooger\n|\n|upkeep\n|\n|t:|1700069044\n|switch|p2a: gooy god slayer|Manaphy|100\/100\n|turn|15\n|\n|t:|1700069051\n|move|p1a: Jimmy BEAST|Thunderbolt|p2a: gooy god slayer\n|-supereffective|p2a: gooy god slayer\n|-damage|p2a: gooy god slayer|49\/100\n|-status|p2a: gooy god slayer|par\n|move|p2a: gooy god slayer|Psychic|p1a: Jimmy BEAST\n|-supereffective|p1a: Jimmy BEAST\n|-damage|p1a: Jimmy BEAST|0 fnt\n|faint|p1a: Jimmy BEAST\n|-end|p1a: Jimmy BEAST|Quark Drive|[silent]\n|\n|upkeep\n|\n|t:|1700069060\n|switch|p1a: Gang Leader|Kingambit, M|100\/100\n|-activate|p1a: Gang Leader|ability: Supreme Overlord\n|-start|p1a: Gang Leader|fallen4|[silent]\n|turn|16\n|\n|t:|1700069066\n|move|p1a: Gang Leader|Kowtow Cleave|p2a: gooy god slayer\n|-damage|p2a: gooy god slayer|0 fnt\n|faint|p2a: gooy god slayer\n|\n|upkeep\n|\n|t:|1700069070\n|switch|p2a: i hit women|Lokix, F|100\/100\n|turn|17\n|\n|t:|1700069072\n|move|p2a: i hit women|Axe Kick|p1a: Gang Leader\n|-supereffective|p1a: Gang Leader\n|-damage|p1a: Gang Leader|4\/100\n|-start|p1a: Gang Leader|confusion\n|-activate|p1a: Gang Leader|confusion\n|move|p1a: Gang Leader|Kowtow Cleave|p2a: i hit women\n|-resisted|p2a: i hit women\n|-damage|p2a: i hit women|51\/100\n|\n|-heal|p1a: Gang Leader|10\/100|[from] item: Leftovers\n|upkeep\n|turn|18\n|\n|t:|1700069081\n|-activate|p1a: Gang Leader|confusion\n|move|p1a: Gang Leader|Sucker Punch||[still]\n|-fail|p1a: Gang Leader\n|move|p2a: i hit women|Swords Dance|p2a: i hit women\n|-boost|p2a: i hit women|atk|2\n|\n|-heal|p1a: Gang Leader|17\/100|[from] item: Leftovers\n|upkeep\n|turn|19\n|\n|t:|1700069084\n|move|p2a: i hit women|Axe Kick|p1a: Gang Leader\n|-supereffective|p1a: Gang Leader\n|-damage|p1a: Gang Leader|0 fnt\n|faint|p1a: Gang Leader\n|-end|p1a: Gang Leader|fallen4|[silent]\n|\n|upkeep\n|\n|t:|1700069086\n|switch|p1a: wet dreamer|Dondozo, M|100\/100\n|turn|20\n|\n|t:|1700069090\n|move|p2a: i hit women|Throat Chop|p1a: wet dreamer\n|-damage|p1a: wet dreamer|59\/100\n|-start|p1a: wet dreamer|Throat Chop|[silent]\n|move|p1a: wet dreamer|Yawn|p2a: i hit women\n|-start|p2a: i hit women|move: Yawn|[of] p1a: wet dreamer\n|\n|-heal|p1a: wet dreamer|65\/100|[from] item: Leftovers\n|upkeep\n|turn|21\n|\n|t:|1700069097\n|move|p2a: i hit women|Axe Kick|p1a: wet dreamer\n|-crit|p1a: wet dreamer\n|-damage|p1a: wet dreamer|4\/100\n|move|p1a: wet dreamer|Earthquake|p2a: i hit women\n|-resisted|p2a: i hit women\n|-damage|p2a: i hit women|30\/100\n|\n|-heal|p1a: wet dreamer|10\/100|[from] item: Leftovers\n|-end|p1a: wet dreamer|Throat Chop|[silent]\n|-end|p2a: i hit women|move: Yawn|[silent]\n|-status|p2a: i hit women|slp\n|upkeep\n|turn|22\n|\n|t:|1700069100\n|cant|p2a: i hit women|slp\n|move|p1a: wet dreamer|Curse|p1a: wet dreamer\n|-unboost|p1a: wet dreamer|spe|1\n|-boost|p1a: wet dreamer|atk|1\n|-boost|p1a: wet dreamer|def|1\n|\n|-heal|p1a: wet dreamer|16\/100|[from] item: Leftovers\n|upkeep\n|turn|23\n|\n|t:|1700069107\n|-curestatus|p2a: i hit women|slp|[msg]\n|move|p2a: i hit women|Sucker Punch||[still]\n|-fail|p2a: i hit women\n|move|p1a: wet dreamer|Curse|p1a: wet dreamer\n|-unboost|p1a: wet dreamer|spe|1\n|-boost|p1a: wet dreamer|atk|1\n|-boost|p1a: wet dreamer|def|1\n|\n|-heal|p1a: wet dreamer|23\/100|[from] item: Leftovers\n|upkeep\n|turn|24\n|\n|t:|1700069112\n|move|p2a: i hit women|Sucker Punch||[still]\n|-fail|p2a: i hit women\n|move|p1a: wet dreamer|Yawn|p2a: i hit women\n|-start|p2a: i hit women|move: Yawn|[of] p1a: wet dreamer\n|\n|-heal|p1a: wet dreamer|29\/100|[from] item: Leftovers\n|upkeep\n|turn|25\n|\n|t:|1700069116\n|move|p2a: i hit women|Axe Kick|p1a: wet dreamer\n|-damage|p1a: wet dreamer|7\/100\n|move|p1a: wet dreamer|Curse|p1a: wet dreamer\n|-unboost|p1a: wet dreamer|spe|1\n|-boost|p1a: wet dreamer|atk|1\n|-boost|p1a: wet dreamer|def|1\n|\n|-heal|p1a: wet dreamer|13\/100|[from] item: Leftovers\n|-end|p2a: i hit women|move: Yawn|[silent]\n|-status|p2a: i hit women|slp\n|upkeep\n|turn|26\n|\n|t:|1700069120\n|cant|p2a: i hit women|slp\n|move|p1a: wet dreamer|Curse|p1a: wet dreamer\n|-unboost|p1a: wet dreamer|spe|1\n|-boost|p1a: wet dreamer|atk|1\n|-boost|p1a: wet dreamer|def|1\n|\n|-heal|p1a: wet dreamer|19\/100|[from] item: Leftovers\n|upkeep\n|turn|27\n|\n|t:|1700069122\n|-curestatus|p2a: i hit women|slp|[msg]\n|move|p2a: i hit women|Sucker Punch||[still]\n|-fail|p2a: i hit women\n|move|p1a: wet dreamer|Curse|p1a: wet dreamer\n|-unboost|p1a: wet dreamer|spe|1\n|-boost|p1a: wet dreamer|atk|1\n|-boost|p1a: wet dreamer|def|1\n|\n|-heal|p1a: wet dreamer|25\/100|[from] item: Leftovers\n|upkeep\n|turn|28\n|\n|t:|1700069126\n|move|p2a: i hit women|Throat Chop|p1a: wet dreamer\n|-damage|p1a: wet dreamer|13\/100\n|-start|p1a: wet dreamer|Throat Chop|[silent]\n|move|p1a: wet dreamer|Yawn|p2a: i hit women\n|-start|p2a: i hit women|move: Yawn|[of] p1a: wet dreamer\n|\n|-heal|p1a: wet dreamer|19\/100|[from] item: Leftovers\n|upkeep\n|turn|29\n|\n|t:|1700069131\n|move|p2a: i hit women|Axe Kick|p1a: wet dreamer\n|-damage|p1a: wet dreamer|8\/100\n|move|p1a: wet dreamer|Earthquake|p2a: i hit women\n|-resisted|p2a: i hit women\n|-damage|p2a: i hit women|0 fnt\n|faint|p2a: i hit women\n|\n|-heal|p1a: wet dreamer|14\/100|[from] item: Leftovers\n|-end|p1a: wet dreamer|Throat Chop|[silent]\n|upkeep\n|\n|t:|1700069134\n|switch|p2a: big dik riky 2|Conkeldurr, M|100\/100\n|turn|30\n|\n|t:|1700069137\n|move|p2a: big dik riky 2|Ice Punch|p1a: wet dreamer\n|-resisted|p1a: wet dreamer\n|-damage|p1a: wet dreamer|11\/100\n|move|p1a: wet dreamer|Earthquake|p2a: big dik riky 2\n|-damage|p2a: big dik riky 2|9\/100\n|\n|-heal|p1a: wet dreamer|17\/100|[from] item: Leftovers\n|upkeep\n|turn|31\n|\n|t:|1700069148\n|move|p2a: big dik riky 2|Earthquake|p1a: wet dreamer\n|-damage|p1a: wet dreamer|10\/100\n|move|p1a: wet dreamer|Earthquake|p2a: big dik riky 2\n|-damage|p2a: big dik riky 2|0 fnt\n|faint|p2a: big dik riky 2\n|\n|win|GrimFeather7219\n|l|\u2606liamgar\n","uploadtime":1700069159,"views":14,"p1id":"grimfeather7219","p2id":"liamgar","formatid":"gen9ou","rating":0,"private":0,"password":""}