{"id":"gen9ou-1988818478","p1":"mathismathin","p2":"mangere 275","format":"[Gen 9] OU","log":"|j|\u2606mathismathin\n|j|\u2606mangere 275\n|t:|1699767745\n|gametype|singles\n|player|p1|mathismathin|nate|1707\n|player|p2|mangere 275|oak-gen2|1659\n|teamsize|p1|6\n|teamsize|p2|6\n|gen|9\n|tier|[Gen 9] OU\n|rated|\n|rule|Sleep Clause Mod: Limit one foe put to sleep\n|rule|Species Clause: Limit one of each Pok\u00e9mon\n|rule|OHKO Clause: OHKO moves are banned\n|rule|Evasion Items Clause: Evasion items are banned\n|rule|Evasion Moves Clause: Evasion moves are banned\n|rule|Endless Battle Clause: Forcing endless battles is banned\n|rule|HP Percentage Mod: HP is shown in percentages\n|clearpoke\n|poke|p1|Meloetta|\n|poke|p1|Volcanion|\n|poke|p1|Zapdos|\n|poke|p1|Zamazenta-*|\n|poke|p1|Iron Treads|\n|poke|p1|Slowking-Galar, M|\n|poke|p2|Cramorant, M|\n|poke|p2|Cinderace, M|\n|poke|p2|Jirachi|\n|poke|p2|Mandibuzz, F|\n|poke|p2|Clefable, F|\n|poke|p2|Great Tusk|\n|teampreview\n|j| ionic desert\n|j| Evil T-tar\n|l| ionic desert\n|\n|t:|1699767798\n|start\n|switch|p1a: Volcanion|Volcanion|100\/100\n|switch|p2a: Jirachi|Jirachi|100\/100\n|turn|1\n|\n|t:|1699767802\n|move|p2a: Jirachi|Body Slam|p1a: Volcanion\n|-damage|p1a: Volcanion|84\/100\n|-status|p1a: Volcanion|par\n|move|p1a: Volcanion|Flamethrower|p2a: Jirachi\n|-supereffective|p2a: Jirachi\n|-damage|p2a: Jirachi|39\/100\n|\n|-heal|p2a: Jirachi|45\/100|[from] item: Leftovers\n|-heal|p1a: Volcanion|90\/100 par|[from] item: Leftovers\n|upkeep\n|turn|2\n|l| Evil T-tar\n|\n|t:|1699767813\n|-terastallize|p2a: Jirachi|Water\n|move|p2a: Jirachi|Wish|p2a: Jirachi\n|move|p1a: Volcanion|Flamethrower|p2a: Jirachi\n|-resisted|p2a: Jirachi\n|-damage|p2a: Jirachi|28\/100\n|-status|p2a: Jirachi|brn\n|\n|-heal|p2a: Jirachi|34\/100 brn|[from] item: Leftovers\n|-heal|p1a: Volcanion|97\/100 par|[from] item: Leftovers\n|-damage|p2a: Jirachi|28\/100 brn|[from] brn\n|upkeep\n|turn|3\n|\n|t:|1699767822\n|move|p2a: Jirachi|Body Slam|p1a: Volcanion\n|-damage|p1a: Volcanion|89\/100 par\n|move|p1a: Volcanion|Earth Power|p2a: Jirachi\n|-damage|p2a: Jirachi|7\/100 brn\n|\n|-heal|p2a: Jirachi|57\/100 brn|[from] move: Wish|[wisher] Jirachi\n|-heal|p2a: Jirachi|63\/100 brn|[from] item: Leftovers\n|-heal|p1a: Volcanion|95\/100 par|[from] item: Leftovers\n|-damage|p2a: Jirachi|57\/100 brn|[from] brn\n|upkeep\n|turn|4\n|\n|t:|1699767828\n|move|p2a: Jirachi|Wish|p2a: Jirachi\n|cant|p1a: Volcanion|par\n|\n|-heal|p2a: Jirachi|63\/100 brn|[from] item: Leftovers\n|-heal|p1a: Volcanion|100\/100 par|[from] item: Leftovers\n|-damage|p2a: Jirachi|57\/100 brn|[from] brn\n|upkeep\n|turn|5\n|\n|t:|1699767832\n|move|p2a: Jirachi|Body Slam|p1a: Volcanion\n|-damage|p1a: Volcanion|92\/100 par\n|move|p1a: Volcanion|Earth Power|p2a: Jirachi\n|-damage|p2a: Jirachi|36\/100 brn\n|\n|-heal|p2a: Jirachi|86\/100 brn|[from] move: Wish|[wisher] Jirachi\n|-heal|p2a: Jirachi|92\/100 brn|[from] item: Leftovers\n|-heal|p1a: Volcanion|98\/100 par|[from] item: Leftovers\n|-damage|p2a: Jirachi|86\/100 brn|[from] brn\n|upkeep\n|turn|6\n|\n|t:|1699767836\n|move|p2a: Jirachi|Body Slam|p1a: Volcanion\n|-damage|p1a: Volcanion|89\/100 par\n|move|p1a: Volcanion|Flamethrower|p2a: Jirachi\n|-resisted|p2a: Jirachi\n|-damage|p2a: Jirachi|69\/100 brn\n|\n|-heal|p2a: Jirachi|75\/100 brn|[from] item: Leftovers\n|-heal|p1a: Volcanion|95\/100 par|[from] item: Leftovers\n|-damage|p2a: Jirachi|69\/100 brn|[from] brn\n|upkeep\n|turn|7\n|\n|t:|1699767839\n|move|p2a: Jirachi|Wish|p2a: Jirachi\n|move|p1a: Volcanion|Flamethrower|p2a: Jirachi\n|-resisted|p2a: Jirachi\n|-damage|p2a: Jirachi|53\/100 brn\n|\n|-heal|p2a: Jirachi|59\/100 brn|[from] item: Leftovers\n|-heal|p1a: Volcanion|100\/100 par|[from] item: Leftovers\n|-damage|p2a: Jirachi|53\/100 brn|[from] brn\n|upkeep\n|turn|8\n|\n|t:|1699767841\n|move|p2a: Jirachi|Body Slam|p1a: Volcanion\n|-damage|p1a: Volcanion|92\/100 par\n|cant|p1a: Volcanion|par\n|\n|-heal|p2a: Jirachi|100\/100 brn|[from] move: Wish|[wisher] Jirachi\n|-heal|p1a: Volcanion|98\/100 par|[from] item: Leftovers\n|-damage|p2a: Jirachi|94\/100 brn|[from] brn\n|upkeep\n|turn|9\n|\n|t:|1699767843\n|move|p2a: Jirachi|Body Slam|p1a: Volcanion\n|-damage|p1a: Volcanion|90\/100 par\n|move|p1a: Volcanion|Flamethrower|p2a: Jirachi\n|-resisted|p2a: Jirachi\n|-damage|p2a: Jirachi|79\/100 brn\n|\n|-heal|p2a: Jirachi|85\/100 brn|[from] item: Leftovers\n|-heal|p1a: Volcanion|96\/100 par|[from] item: Leftovers\n|-damage|p2a: Jirachi|79\/100 brn|[from] brn\n|upkeep\n|turn|10\n|\n|t:|1699767845\n|move|p2a: Jirachi|Body Slam|p1a: Volcanion\n|-damage|p1a: Volcanion|87\/100 par\n|cant|p1a: Volcanion|par\n|\n|-heal|p2a: Jirachi|85\/100 brn|[from] item: Leftovers\n|-heal|p1a: Volcanion|94\/100 par|[from] item: Leftovers\n|-damage|p2a: Jirachi|79\/100 brn|[from] brn\n|upkeep\n|turn|11\n|\n|t:|1699767846\n|move|p2a: Jirachi|Wish|p2a: Jirachi\n|cant|p1a: Volcanion|par\n|\n|-heal|p2a: Jirachi|85\/100 brn|[from] item: Leftovers\n|-heal|p1a: Volcanion|99\/100 par|[from] item: Leftovers\n|-damage|p2a: Jirachi|79\/100 brn|[from] brn\n|upkeep\n|turn|12\n|\n|t:|1699767848\n|move|p2a: Jirachi|Body Slam|p1a: Volcanion\n|-damage|p1a: Volcanion|92\/100 par\n|cant|p1a: Volcanion|par\n|\n|-heal|p2a: Jirachi|100\/100 brn|[from] move: Wish|[wisher] Jirachi\n|-heal|p1a: Volcanion|98\/100 par|[from] item: Leftovers\n|-damage|p2a: Jirachi|94\/100 brn|[from] brn\n|upkeep\n|turn|13\n|\n|t:|1699767852\n|move|p2a: Jirachi|Body Slam|p1a: Volcanion\n|-damage|p1a: Volcanion|89\/100 par\n|cant|p1a: Volcanion|par\n|\n|-heal|p2a: Jirachi|100\/100 brn|[from] item: Leftovers\n|-heal|p1a: Volcanion|95\/100 par|[from] item: Leftovers\n|-damage|p2a: Jirachi|94\/100 brn|[from] brn\n|upkeep\n|turn|14\n|\n|t:|1699767854\n|move|p2a: Jirachi|Body Slam|p1a: Volcanion\n|-damage|p1a: Volcanion|87\/100 par\n|cant|p1a: Volcanion|par\n|\n|-heal|p2a: Jirachi|100\/100 brn|[from] item: Leftovers\n|-heal|p1a: Volcanion|93\/100 par|[from] item: Leftovers\n|-damage|p2a: Jirachi|94\/100 brn|[from] brn\n|upkeep\n|turn|15\n|\n|t:|1699767858\n|move|p2a: Jirachi|Wish|p2a: Jirachi\n|move|p1a: Volcanion|Flamethrower|p2a: Jirachi\n|-resisted|p2a: Jirachi\n|-damage|p2a: Jirachi|77\/100 brn\n|\n|-heal|p2a: Jirachi|83\/100 brn|[from] item: Leftovers\n|-heal|p1a: Volcanion|99\/100 par|[from] item: Leftovers\n|-damage|p2a: Jirachi|77\/100 brn|[from] brn\n|upkeep\n|turn|16\n|\n|t:|1699767863\n|move|p2a: Jirachi|Body Slam|p1a: Volcanion\n|-damage|p1a: Volcanion|90\/100 par\n|move|p1a: Volcanion|Flamethrower|p2a: Jirachi\n|-resisted|p2a: Jirachi\n|-damage|p2a: Jirachi|61\/100 brn\n|\n|-heal|p2a: Jirachi|100\/100 brn|[from] move: Wish|[wisher] Jirachi\n|-heal|p1a: Volcanion|96\/100 par|[from] item: Leftovers\n|-damage|p2a: Jirachi|94\/100 brn|[from] brn\n|upkeep\n|turn|17\n|\n|t:|1699767865\n|move|p2a: Jirachi|Wish|p2a: Jirachi\n|move|p1a: Volcanion|Flamethrower|p2a: Jirachi\n|-resisted|p2a: Jirachi\n|-damage|p2a: Jirachi|80\/100 brn\n|\n|-heal|p2a: Jirachi|86\/100 brn|[from] item: Leftovers\n|-heal|p1a: Volcanion|100\/100 par|[from] item: Leftovers\n|-damage|p2a: Jirachi|80\/100 brn|[from] brn\n|upkeep\n|turn|18\n|\n|t:|1699767867\n|move|p2a: Jirachi|Body Slam|p1a: Volcanion\n|-damage|p1a: Volcanion|93\/100 par\n|cant|p1a: Volcanion|par\n|\n|-heal|p2a: Jirachi|100\/100 brn|[from] move: Wish|[wisher] Jirachi\n|-heal|p1a: Volcanion|99\/100 par|[from] item: Leftovers\n|-damage|p2a: Jirachi|94\/100 brn|[from] brn\n|upkeep\n|turn|19\n|\n|t:|1699767869\n|move|p2a: Jirachi|Wish|p2a: Jirachi\n|move|p1a: Volcanion|Earth Power|p2a: Jirachi\n|-damage|p2a: Jirachi|74\/100 brn\n|\n|-heal|p2a: Jirachi|80\/100 brn|[from] item: Leftovers\n|-heal|p1a: Volcanion|100\/100 par|[from] item: Leftovers\n|-damage|p2a: Jirachi|74\/100 brn|[from] brn\n|upkeep\n|turn|20\n|\n|t:|1699767875\n|switch|p2a: Great Tusk|Great Tusk|100\/100\n|move|p1a: Volcanion|Flamethrower|p2a: Great Tusk\n|-damage|p2a: Great Tusk|34\/100\n|\n|-heal|p2a: Great Tusk|81\/100|[from] move: Wish|[wisher] Jirachi\n|-heal|p2a: Great Tusk|87\/100|[from] item: Leftovers\n|upkeep\n|turn|21\n|\n|t:|1699767883\n|switch|p1a: Zapdos|Zapdos|100\/100\n|move|p2a: Great Tusk|Earthquake|p1a: Zapdos\n|-immune|p1a: Zapdos\n|\n|-heal|p2a: Great Tusk|93\/100|[from] item: Leftovers\n|upkeep\n|turn|22\n|\n|t:|1699767892\n|-end|p2a: Great Tusk|Protosynthesis|[silent]\n|switch|p2a: Jirachi|Jirachi, tera:Water|74\/100 brn\n|move|p1a: Zapdos|Hurricane|p2a: Jirachi\n|-damage|p2a: Jirachi|46\/100 brn\n|\n|-heal|p2a: Jirachi|52\/100 brn|[from] item: Leftovers\n|-damage|p2a: Jirachi|46\/100 brn|[from] brn\n|upkeep\n|turn|23\n|\n|t:|1699767918\n|move|p1a: Zapdos|Volt Switch|p2a: Jirachi\n|-supereffective|p2a: Jirachi\n|-damage|p2a: Jirachi|10\/100 brn\n|\n|t:|1699767921\n|switch|p1a: Iron Treads|Iron Treads|100\/100|[from] Volt Switch\n|move|p2a: Jirachi|Wish|p2a: Jirachi\n|\n|-heal|p2a: Jirachi|16\/100 brn|[from] item: Leftovers\n|-damage|p2a: Jirachi|10\/100 brn|[from] brn\n|upkeep\n|turn|24\n|\n|t:|1699767926\n|move|p1a: Iron Treads|Stealth Rock|p2a: Jirachi\n|-sidestart|p2: mangere 275|move: Stealth Rock\n|move|p2a: Jirachi|Body Slam|p1a: Iron Treads\n|-resisted|p1a: Iron Treads\n|-damage|p1a: Iron Treads|97\/100\n|-status|p1a: Iron Treads|par\n|\n|-heal|p2a: Jirachi|60\/100 brn|[from] move: Wish|[wisher] Jirachi\n|-heal|p2a: Jirachi|66\/100 brn|[from] item: Leftovers\n|-heal|p1a: Iron Treads|100\/100 par|[from] item: Leftovers\n|-damage|p2a: Jirachi|60\/100 brn|[from] brn\n|upkeep\n|turn|25\n|\n|t:|1699767934\n|switch|p2a: Mandibuzz|Mandibuzz, F|100\/100\n|cant|p1a: Iron Treads|par\n|\n|upkeep\n|turn|26\n|\n|t:|1699767940\n|move|p2a: Mandibuzz|Defog|p1a: Iron Treads\n|-unboost|p1a: Iron Treads|evasion|1\n|-sideend|p2: mangere 275|Stealth Rock|[from] move: Defog|[of] p2a: Mandibuzz\n|move|p1a: Iron Treads|Knock Off|p2a: Mandibuzz\n|-resisted|p2a: Mandibuzz\n|-damage|p2a: Mandibuzz|94\/100\n|-enditem|p2a: Mandibuzz|Heavy-Duty Boots|[from] move: Knock Off|[of] p1a: Iron Treads\n|\n|upkeep\n|turn|27\n|\n|t:|1699767947\n|move|p2a: Mandibuzz|Foul Play|p1a: Iron Treads\n|-damage|p1a: Iron Treads|73\/100 par\n|move|p1a: Iron Treads|Volt Switch|p2a: Mandibuzz\n|-supereffective|p2a: Mandibuzz\n|-damage|p2a: Mandibuzz|74\/100\n|\n|t:|1699767955\n|-end|p1a: Iron Treads|Quark Drive|[silent]\n|switch|p1a: Zapdos|Zapdos|100\/100|[from] Volt Switch\n|\n|upkeep\n|turn|28\n|\n|t:|1699767965\n|switch|p2a: Cinderace|Cinderace, M|100\/100\n|move|p1a: Zapdos|Discharge|p2a: Cinderace\n|-damage|p2a: Cinderace|54\/100\n|-status|p2a: Cinderace|par\n|\n|upkeep\n|turn|29\n|\n|t:|1699768008\n|move|p1a: Zapdos|Hurricane|p2a: Cinderace|[miss]\n|-miss|p1a: Zapdos|p2a: Cinderace\n|cant|p2a: Cinderace|par\n|\n|upkeep\n|turn|30\n|\n|t:|1699768013\n|move|p1a: Zapdos|Hurricane|p2a: Cinderace\n|-damage|p2a: Cinderace|0 fnt\n|faint|p2a: Cinderace\n|\n|upkeep\n|\n|t:|1699768041\n|switch|p2a: Cramorant|Cramorant, M|100\/100\n|turn|31\n|\n|t:|1699768065\n|move|p2a: Cramorant|Surf|p1a: Zapdos\n|-formechange|p2a: Cramorant|Cramorant-Gulping|\n|-damage|p1a: Zapdos|65\/100\n|move|p1a: Zapdos|Volt Switch|p2a: Cramorant\n|-supereffective|p2a: Cramorant\n|-damage|p2a: Cramorant|0 fnt\n|-damage|p1a: Zapdos|40\/100|[from] ability: Gulp Missile|[of] p2a: Cramorant\n|-unboost|p1a: Zapdos|def|1\n|-formechange|p2a: Cramorant|Cramorant|\n|faint|p2a: Cramorant\n|\n|t:|1699768074\n|switch|p1a: Meloetta|Meloetta|100\/100|[from] Volt Switch\n|\n|upkeep\n|\n|t:|1699768079\n|switch|p2a: Jirachi|Jirachi, tera:Water|60\/100 brn\n|turn|32\n|j| Eating crayon\n|\n|t:|1699768136\n|move|p1a: Meloetta|Psyshock|p2a: Jirachi\n|-damage|p2a: Jirachi|3\/100 brn\n|move|p2a: Jirachi|Body Slam|p1a: Meloetta\n|-damage|p1a: Meloetta|88\/100\n|-status|p1a: Meloetta|par\n|\n|-heal|p2a: Jirachi|9\/100 brn|[from] item: Leftovers\n|-damage|p2a: Jirachi|3\/100 brn|[from] brn\n|upkeep\n|turn|33\n|\n|t:|1699768147\n|move|p2a: Jirachi|Wish|p2a: Jirachi\n|cant|p1a: Meloetta|par\n|\n|-heal|p2a: Jirachi|9\/100 brn|[from] item: Leftovers\n|-damage|p2a: Jirachi|3\/100 brn|[from] brn\n|upkeep\n|turn|34\n|\n|t:|1699768151\n|move|p2a: Jirachi|Iron Head|p1a: Meloetta\n|-damage|p1a: Meloetta|70\/100 par\n|cant|p1a: Meloetta|flinch\n|\n|-heal|p2a: Jirachi|53\/100 brn|[from] move: Wish|[wisher] Jirachi\n|-heal|p2a: Jirachi|59\/100 brn|[from] item: Leftovers\n|-damage|p2a: Jirachi|53\/100 brn|[from] brn\n|upkeep\n|turn|35\n|\n|t:|1699768157\n|switch|p1a: Iron Treads|Iron Treads|73\/100 par\n|move|p2a: Jirachi|Wish|p2a: Jirachi\n|\n|-heal|p2a: Jirachi|59\/100 brn|[from] item: Leftovers\n|-heal|p1a: Iron Treads|79\/100 par|[from] item: Leftovers\n|-damage|p2a: Jirachi|53\/100 brn|[from] brn\n|upkeep\n|turn|36\n|\n|t:|1699768162\n|switch|p2a: Mandibuzz|Mandibuzz, F|74\/100\n|move|p1a: Iron Treads|Knock Off|p2a: Mandibuzz\n|-resisted|p2a: Mandibuzz\n|-damage|p2a: Mandibuzz|70\/100\n|\n|-heal|p2a: Mandibuzz|100\/100|[from] move: Wish|[wisher] Jirachi\n|-heal|p1a: Iron Treads|86\/100 par|[from] item: Leftovers\n|upkeep\n|turn|37\n|\n|t:|1699768166\n|-end|p1a: Iron Treads|Quark Drive|[silent]\n|switch|p1a: Volcanion|Volcanion|100\/100 par\n|move|p2a: Mandibuzz|Foul Play|p1a: Volcanion\n|-damage|p1a: Volcanion|75\/100 par\n|\n|-heal|p1a: Volcanion|81\/100 par|[from] item: Leftovers\n|upkeep\n|turn|38\n|\n|t:|1699768170\n|switch|p1a: Zapdos|Zapdos|40\/100\n|move|p2a: Mandibuzz|Foul Play|p1a: Zapdos\n|-damage|p1a: Zapdos|22\/100\n|-status|p2a: Mandibuzz|par|[from] ability: Static|[of] p1a: Zapdos\n|\n|upkeep\n|turn|39\n|\n|t:|1699768176\n|switch|p2a: Great Tusk|Great Tusk|93\/100\n|move|p1a: Zapdos|Roost|p1a: Zapdos\n|-heal|p1a: Zapdos|72\/100\n|-singleturn|p1a: Zapdos|move: Roost\n|\n|-heal|p2a: Great Tusk|99\/100|[from] item: Leftovers\n|upkeep\n|turn|40\n|\n|t:|1699768187\n|move|p2a: Great Tusk|Substitute|p2a: Great Tusk\n|-start|p2a: Great Tusk|Substitute\n|-damage|p2a: Great Tusk|74\/100\n|move|p1a: Zapdos|Hurricane|p2a: Great Tusk\n|-supereffective|p2a: Great Tusk\n|-end|p2a: Great Tusk|Substitute\n|\n|-heal|p2a: Great Tusk|81\/100|[from] item: Leftovers\n|upkeep\n|turn|41\n|\n|t:|1699768193\n|move|p2a: Great Tusk|Substitute|p2a: Great Tusk\n|-start|p2a: Great Tusk|Substitute\n|-damage|p2a: Great Tusk|56\/100\n|move|p1a: Zapdos|Hurricane|p2a: Great Tusk|[miss]\n|-miss|p1a: Zapdos|p2a: Great Tusk\n|\n|-heal|p2a: Great Tusk|62\/100|[from] item: Leftovers\n|upkeep\n|turn|42\n|\n|t:|1699768200\n|move|p2a: Great Tusk|Ice Spinner|p1a: Zapdos\n|-supereffective|p1a: Zapdos\n|-damage|p1a: Zapdos|41\/100\n|move|p1a: Zapdos|Hurricane|p2a: Great Tusk\n|-supereffective|p2a: Great Tusk\n|-end|p2a: Great Tusk|Substitute\n|\n|-heal|p2a: Great Tusk|68\/100|[from] item: Leftovers\n|upkeep\n|turn|43\n|\n|t:|1699768205\n|move|p2a: Great Tusk|Substitute|p2a: Great Tusk\n|-start|p2a: Great Tusk|Substitute\n|-damage|p2a: Great Tusk|43\/100\n|move|p1a: Zapdos|Roost|p1a: Zapdos\n|-heal|p1a: Zapdos|91\/100\n|-singleturn|p1a: Zapdos|move: Roost\n|\n|-heal|p2a: Great Tusk|50\/100|[from] item: Leftovers\n|upkeep\n|turn|44\n|\n|t:|1699768207\n|move|p2a: Great Tusk|Bulk Up|p2a: Great Tusk\n|-boost|p2a: Great Tusk|atk|1\n|-boost|p2a: Great Tusk|def|1\n|move|p1a: Zapdos|Hurricane|p2a: Great Tusk\n|-supereffective|p2a: Great Tusk\n|-end|p2a: Great Tusk|Substitute\n|\n|-heal|p2a: Great Tusk|56\/100|[from] item: Leftovers\n|upkeep\n|turn|45\n|\n|t:|1699768211\n|move|p2a: Great Tusk|Substitute|p2a: Great Tusk\n|-start|p2a: Great Tusk|Substitute\n|-damage|p2a: Great Tusk|31\/100\n|move|p1a: Zapdos|Hurricane|p2a: Great Tusk\n|-supereffective|p2a: Great Tusk\n|-end|p2a: Great Tusk|Substitute\n|\n|-heal|p2a: Great Tusk|37\/100|[from] item: Leftovers\n|upkeep\n|turn|46\n|\n|t:|1699768214\n|move|p2a: Great Tusk|Substitute|p2a: Great Tusk\n|-start|p2a: Great Tusk|Substitute\n|-damage|p2a: Great Tusk|12\/100\n|move|p1a: Zapdos|Hurricane|p2a: Great Tusk\n|-supereffective|p2a: Great Tusk\n|-end|p2a: Great Tusk|Substitute\n|\n|-heal|p2a: Great Tusk|18\/100|[from] item: Leftovers\n|upkeep\n|turn|47\n|\n|t:|1699768217\n|move|p2a: Great Tusk|Ice Spinner|p1a: Zapdos\n|-supereffective|p1a: Zapdos\n|-damage|p1a: Zapdos|42\/100\n|move|p1a: Zapdos|Hurricane|p2a: Great Tusk\n|-supereffective|p2a: Great Tusk\n|-damage|p2a: Great Tusk|0 fnt\n|faint|p2a: Great Tusk\n|-end|p2a: Great Tusk|Protosynthesis|[silent]\n|\n|upkeep\n|\n|t:|1699768220\n|switch|p2a: Clefable|Clefable, F, shiny|100\/100\n|turn|48\n|\n|t:|1699768227\n|move|p1a: Zapdos|Volt Switch|p2a: Clefable\n|-damage|p2a: Clefable|75\/100\n|\n|t:|1699768229\n|switch|p1a: Meloetta|Meloetta|70\/100 par|[from] Volt Switch\n|move|p2a: Clefable|Charge Beam|p1a: Meloetta|[miss]\n|-miss|p2a: Clefable|p1a: Meloetta\n|\n|-heal|p2a: Clefable|81\/100|[from] item: Leftovers\n|upkeep\n|turn|49\n|\n|t:|1699768233\n|move|p2a: Clefable|Charge Beam|p1a: Meloetta|[miss]\n|-miss|p2a: Clefable|p1a: Meloetta\n|move|p1a: Meloetta|Trick|p2a: Clefable\n|-activate|p1a: Meloetta|move: Trick|[of] p2a: Clefable\n|-item|p2a: Clefable|Choice Specs|[from] move: Trick\n|-item|p1a: Meloetta|Leftovers|[from] move: Trick\n|\n|-heal|p1a: Meloetta|76\/100 par|[from] item: Leftovers\n|upkeep\n|turn|50\n|-message|mangere 275 forfeited.\n|\n|win|mathismathin\n|raw|mathismathin's rating: 1707 &rarr; <strong>1724<\/strong><br \/>(+17 for winning)\n|raw|mangere 275's rating: 1659 &rarr; <strong>1642<\/strong><br \/>(-17 for losing)\n|l|\u2606mangere 275\n","uploadtime":1699768240,"views":15,"p1id":"mathismathin","p2id":"mangere275","formatid":"gen9ou","rating":1642,"private":0,"password":""}