{"id":"gen9ou-1994595315","p1":"leonarko","p2":"Silvini2k5","format":"[Gen 9] OU","log":"|j|\u2606leonarko\n|j|\u2606Silvini2k5\n|t:|1700466330\n|gametype|singles\n|player|p1|leonarko|101|1187\n|player|p2|Silvini2k5|101|1086\n|teamsize|p1|6\n|teamsize|p2|6\n|gen|9\n|tier|[Gen 9] OU\n|rated|\n|rule|Sleep Clause Mod: Limit one foe put to sleep\n|rule|Species Clause: Limit one of each Pok\u00e9mon\n|rule|OHKO Clause: OHKO moves are banned\n|rule|Evasion Items Clause: Evasion items are banned\n|rule|Evasion Moves Clause: Evasion moves are banned\n|rule|Endless Battle Clause: Forcing endless battles is banned\n|rule|HP Percentage Mod: HP is shown in percentages\n|clearpoke\n|poke|p1|Infernape, F|\n|poke|p1|Empoleon, F|\n|poke|p1|Torterra, M|\n|poke|p1|Gastrodon, M|\n|poke|p1|Glimmora, F|\n|poke|p1|Hydreigon, M|\n|poke|p2|Jolteon, M|\n|poke|p2|Corviknight, F|\n|poke|p2|Ceruledge, M|\n|poke|p2|Ninetales-Alola, F|\n|poke|p2|Iron Valiant|\n|poke|p2|Milotic, M|\n|teampreview\n|inactive|Battle timer is ON: inactive players will automatically lose when time's up. (requested by Silvini2k5)\n|\n|t:|1700466377\n|start\n|switch|p1a: Glimmora|Glimmora, F|100\/100\n|switch|p2a: Ninetales|Ninetales-Alola, F|100\/100\n|-weather|Snow|[from] ability: Snow Warning|[of] p2a: Ninetales\n|turn|1\n|\n|t:|1700466385\n|move|p2a: Ninetales|Blizzard|p1a: Glimmora\n|-damage|p1a: Glimmora|49\/100\n|move|p1a: Glimmora|Sludge Wave|p2a: Ninetales\n|-supereffective|p2a: Ninetales\n|-damage|p2a: Ninetales|0 fnt\n|faint|p2a: Ninetales\n|\n|-weather|Snow|[upkeep]\n|upkeep\n|\n|t:|1700466401\n|switch|p2a: Jolteon|Jolteon, M|100\/100\n|turn|2\n|\n|t:|1700466407\n|switch|p1a: Gastrodon|Gastrodon, M|100\/100\n|move|p2a: Jolteon|Weather Ball|p1a: Gastrodon\n|-damage|p1a: Gastrodon|77\/100\n|\n|-weather|Snow|[upkeep]\n|-heal|p1a: Gastrodon|83\/100|[from] item: Leftovers\n|-status|p2a: Jolteon|brn|[from] item: Flame Orb\n|upkeep\n|turn|3\n|inactive|leonarko has 120 seconds left.\n|\n|t:|1700466438\n|switch|p2a: Milotic|Milotic, M|100\/100\n|move|p1a: Gastrodon|Spikes|p2a: Milotic\n|-sidestart|p2: Silvini2k5|Spikes\n|\n|-weather|Snow|[upkeep]\n|-heal|p1a: Gastrodon|89\/100|[from] item: Leftovers\n|-status|p2a: Milotic|brn|[from] item: Flame Orb\n|upkeep\n|turn|4\n|inactive|leonarko has 120 seconds left.\n|\n|t:|1700466453\n|switch|p1a: Empoleon|Empoleon, F|100\/100\n|move|p2a: Milotic|Ice Beam|p1a: Empoleon\n|-resisted|p1a: Empoleon\n|-damage|p1a: Empoleon|97\/100\n|-status|p1a: Empoleon|frz\n|\n|-weather|Snow|[upkeep]\n|-heal|p1a: Empoleon|100\/100 frz|[from] item: Leftovers\n|-damage|p2a: Milotic|94\/100 brn|[from] brn\n|upkeep\n|turn|5\n|inactive|leonarko has 120 seconds left.\n|\n|t:|1700466467\n|switch|p2a: Corviknight|Corviknight, F|100\/100\n|-ability|p2a: Corviknight|Pressure\n|cant|p1a: Empoleon|frz\n|\n|-weather|none\n|upkeep\n|turn|6\n|\n|t:|1700466474\n|move|p2a: Corviknight|Bulk Up|p2a: Corviknight\n|-boost|p2a: Corviknight|atk|1\n|-boost|p2a: Corviknight|def|1\n|cant|p1a: Empoleon|frz\n|\n|upkeep\n|turn|7\n|\n|t:|1700466479\n|move|p2a: Corviknight|Bulk Up|p2a: Corviknight\n|-boost|p2a: Corviknight|atk|1\n|-boost|p2a: Corviknight|def|1\n|cant|p1a: Empoleon|frz\n|\n|upkeep\n|turn|8\n|\n|t:|1700466486\n|move|p2a: Corviknight|Iron Head|p1a: Empoleon\n|-resisted|p1a: Empoleon\n|-damage|p1a: Empoleon|88\/100 frz\n|cant|p1a: Empoleon|frz\n|\n|-heal|p1a: Empoleon|94\/100 frz|[from] item: Leftovers\n|upkeep\n|turn|9\n|\n|t:|1700466493\n|move|p2a: Corviknight|Bulk Up|p2a: Corviknight\n|-boost|p2a: Corviknight|atk|1\n|-boost|p2a: Corviknight|def|1\n|cant|p1a: Empoleon|frz\n|\n|-heal|p1a: Empoleon|100\/100 frz|[from] item: Leftovers\n|upkeep\n|turn|10\n|\n|t:|1700466500\n|move|p2a: Corviknight|Bulk Up|p2a: Corviknight\n|-boost|p2a: Corviknight|atk|1\n|-boost|p2a: Corviknight|def|1\n|cant|p1a: Empoleon|frz\n|\n|upkeep\n|turn|11\n|\n|t:|1700466505\n|move|p2a: Corviknight|Bulk Up|p2a: Corviknight\n|-boost|p2a: Corviknight|atk|1\n|-boost|p2a: Corviknight|def|1\n|cant|p1a: Empoleon|frz\n|\n|upkeep\n|turn|12\n|\n|t:|1700466511\n|move|p2a: Corviknight|Bulk Up|p2a: Corviknight\n|-boost|p2a: Corviknight|atk|1\n|-boost|p2a: Corviknight|def|1\n|cant|p1a: Empoleon|frz\n|\n|upkeep\n|turn|13\n|c|\u2606Silvini2k5|bro how many turns\n|c|\u2606Silvini2k5|wtf\n|\n|t:|1700466519\n|move|p2a: Corviknight|Iron Head|p1a: Empoleon\n|-resisted|p1a: Empoleon\n|-damage|p1a: Empoleon|74\/100 frz\n|cant|p1a: Empoleon|frz\n|\n|-heal|p1a: Empoleon|80\/100 frz|[from] item: Leftovers\n|upkeep\n|turn|14\n|\n|t:|1700466526\n|move|p2a: Corviknight|Iron Head|p1a: Empoleon\n|-resisted|p1a: Empoleon\n|-damage|p1a: Empoleon|56\/100 frz\n|cant|p1a: Empoleon|frz\n|\n|-heal|p1a: Empoleon|62\/100 frz|[from] item: Leftovers\n|upkeep\n|turn|15\n|\n|t:|1700466533\n|move|p2a: Corviknight|Iron Head|p1a: Empoleon\n|-resisted|p1a: Empoleon\n|-damage|p1a: Empoleon|38\/100 frz\n|cant|p1a: Empoleon|frz\n|\n|-heal|p1a: Empoleon|44\/100 frz|[from] item: Leftovers\n|upkeep\n|turn|16\n|\n|t:|1700466539\n|move|p2a: Corviknight|Iron Head|p1a: Empoleon\n|-resisted|p1a: Empoleon\n|-damage|p1a: Empoleon|19\/100 frz\n|cant|p1a: Empoleon|frz\n|\n|-heal|p1a: Empoleon|25\/100 frz|[from] item: Leftovers\n|upkeep\n|turn|17\n|\n|t:|1700466546\n|move|p2a: Corviknight|Iron Head|p1a: Empoleon\n|-resisted|p1a: Empoleon\n|-damage|p1a: Empoleon|0 fnt\n|faint|p1a: Empoleon\n|\n|upkeep\n|-message|leonarko forfeited.\n|\n|win|Silvini2k5\n|raw|leonarko's rating: 1187 &rarr; <strong>1155<\/strong><br \/>(-32 for losing)\n|raw|Silvini2k5's rating: 1086 &rarr; <strong>1121<\/strong><br \/>(+35 for winning)\n|l|\u2606leonarko\n|c|\u2606Silvini2k5|how does this happen im so sorry\n|c|\u2606Silvini2k5|im so sorry\n","uploadtime":1700466574,"views":10,"p1id":"leonarko","p2id":"silvini2k5","formatid":"gen9ou","rating":1121,"private":0,"password":""}