{"id":"gen9ou-1989198040","p1":"MrMaxAwesome","p2":"Brightdowne","format":"[Gen 9] OU","log":"|j|\u2606MrMaxAwesome\n|j|\u2606Brightdowne\n|t:|1699822485\n|gametype|singles\n|player|p1|MrMaxAwesome|guzma|\n|player|p2|Brightdowne|skyla|\n|teamsize|p1|6\n|teamsize|p2|6\n|gen|9\n|tier|[Gen 9] OU\n|rule|Sleep Clause Mod: Limit one foe put to sleep\n|rule|Species Clause: Limit one of each Pok\u00e9mon\n|rule|OHKO Clause: OHKO moves are banned\n|rule|Evasion Items Clause: Evasion items are banned\n|rule|Evasion Moves Clause: Evasion moves are banned\n|rule|Endless Battle Clause: Forcing endless battles is banned\n|rule|HP Percentage Mod: HP is shown in percentages\n|clearpoke\n|poke|p1|Toedscruel, M|\n|poke|p1|Lokix, F|\n|poke|p1|Corviknight, F|\n|poke|p1|Grimmsnarl, M|\n|poke|p1|Ting-Lu|\n|poke|p1|Walking Wake|\n|poke|p2|Ogerpon-Wellspring, F|\n|poke|p2|Manaphy|\n|poke|p2|Iron Valiant|\n|poke|p2|Regidrago|\n|poke|p2|Pelipper, F|\n|poke|p2|Slither Wing|\n|teampreview\n|inactive|Battle timer is ON: inactive players will automatically lose when time's up. (requested by MrMaxAwesome)\n|inactive|Brightdowne has 270 seconds left.\n|\n|t:|1699822517\n|start\n|switch|p1a: OMEGALU|Ting-Lu|100\/100\n|switch|p2a: azir|Regidrago|100\/100\n|-ability|p1a: OMEGALU|Vessel of Ruin\n|turn|1\n|\n|t:|1699822537\n|move|p2a: azir|Dragon Energy|p1a: OMEGALU\n|-damage|p1a: OMEGALU|61\/100\n|move|p1a: OMEGALU|Ruination|p2a: azir\n|-damage|p2a: azir|51\/100\n|\n|-heal|p1a: OMEGALU|67\/100|[from] item: Leftovers\n|upkeep\n|turn|2\n|\n|t:|1699822549\n|switch|p2a: chestnut|Slither Wing|100\/100\n|-enditem|p2a: chestnut|Booster Energy\n|-activate|p2a: chestnut|ability: Protosynthesis|[fromitem]\n|-start|p2a: chestnut|protosynthesisatk\n|move|p1a: OMEGALU|Stealth Rock|p2a: chestnut\n|-sidestart|p2: Brightdowne|move: Stealth Rock\n|\n|-heal|p1a: OMEGALU|73\/100|[from] item: Leftovers\n|upkeep\n|turn|3\n|\n|t:|1699822557\n|switch|p1a: The Barber|Grimmsnarl, M|100\/100\n|move|p2a: chestnut|First Impression|p1a: The Barber\n|-damage|p1a: The Barber|27\/100\n|\n|upkeep\n|turn|4\n|\n|t:|1699822567\n|move|p1a: The Barber|Reflect|p1a: The Barber\n|-sidestart|p1: MrMaxAwesome|Reflect\n|move|p2a: chestnut|Leech Life|p1a: The Barber\n|-damage|p1a: The Barber|0 fnt\n|faint|p1a: The Barber\n|\n|upkeep\n|inactive|MrMaxAwesome has 270 seconds left.\n|\n|t:|1699822602\n|switch|p1a: OMEGALU|Ting-Lu|73\/100\n|-ability|p1a: OMEGALU|Vessel of Ruin\n|turn|5\n|\n|t:|1699822611\n|move|p2a: chestnut|Close Combat|p1a: OMEGALU\n|-supereffective|p1a: OMEGALU\n|-crit|p1a: OMEGALU\n|-damage|p1a: OMEGALU|0 fnt\n|-unboost|p2a: chestnut|def|1\n|-unboost|p2a: chestnut|spd|1\n|faint|p1a: OMEGALU\n|\n|upkeep\n|\n|t:|1699822621\n|switch|p1a: Biggest Bird|Corviknight, F, shiny|100\/100\n|-ability|p1a: Biggest Bird|Pressure\n|turn|6\n|\n|t:|1699822631\n|-end|p2a: chestnut|Protosynthesis|[silent]\n|switch|p2a: Pelipper|Pelipper, F|100\/100\n|-damage|p2a: Pelipper|76\/100|[from] Stealth Rock\n|-weather|RainDance|[from] ability: Drizzle|[of] p2a: Pelipper\n|move|p1a: Biggest Bird|Agility|p1a: Biggest Bird\n|-boost|p1a: Biggest Bird|spe|2\n|\n|-weather|RainDance|[upkeep]\n|upkeep\n|turn|7\n|\n|t:|1699822649\n|move|p1a: Biggest Bird|Bulk Up|p1a: Biggest Bird\n|-boost|p1a: Biggest Bird|atk|1\n|-boost|p1a: Biggest Bird|def|1\n|move|p2a: Pelipper|Hurricane|p1a: Biggest Bird\n|-resisted|p1a: Biggest Bird\n|-damage|p1a: Biggest Bird|86\/100\n|\n|-weather|RainDance|[upkeep]\n|upkeep\n|turn|8\n|inactive|Brightdowne has 270 seconds left.\n|\n|t:|1699822681\n|move|p1a: Biggest Bird|Agility|p1a: Biggest Bird\n|-boost|p1a: Biggest Bird|spe|2\n|move|p2a: Pelipper|Roost|p2a: Pelipper\n|-heal|p2a: Pelipper|100\/100\n|-singleturn|p2a: Pelipper|move: Roost\n|\n|-weather|RainDance|[upkeep]\n|upkeep\n|turn|9\n|inactive|Brightdowne has 270 seconds left.\n|\n|t:|1699822710\n|switch|p2a: lexy|Iron Valiant|100\/100\n|-damage|p2a: lexy|94\/100|[from] Stealth Rock\n|-enditem|p2a: lexy|Booster Energy\n|-activate|p2a: lexy|ability: Quark Drive|[fromitem]\n|-start|p2a: lexy|quarkdrivespe\n|move|p1a: Biggest Bird|Bulk Up|p1a: Biggest Bird\n|-boost|p1a: Biggest Bird|atk|1\n|-boost|p1a: Biggest Bird|def|1\n|\n|-weather|RainDance|[upkeep]\n|upkeep\n|turn|10\n|\n|t:|1699822726\n|move|p1a: Biggest Bird|Power Trip|p2a: lexy\n|-resisted|p2a: lexy\n|-damage|p2a: lexy|73\/100\n|move|p2a: lexy|Thunderbolt|p1a: Biggest Bird\n|-supereffective|p1a: Biggest Bird\n|-damage|p1a: Biggest Bird|37\/100\n|-enditem|p1a: Biggest Bird|Weakness Policy\n|-boost|p1a: Biggest Bird|atk|2|[from] item: Weakness Policy\n|-boost|p1a: Biggest Bird|spa|2|[from] item: Weakness Policy\n|\n|-weather|RainDance|[upkeep]\n|upkeep\n|turn|11\n|\n|t:|1699822733\n|move|p1a: Biggest Bird|Roost|p1a: Biggest Bird\n|-heal|p1a: Biggest Bird|87\/100\n|-singleturn|p1a: Biggest Bird|move: Roost\n|move|p2a: lexy|Thunderbolt|p1a: Biggest Bird\n|-damage|p1a: Biggest Bird|65\/100\n|\n|-weather|RainDance|[upkeep]\n|-sideend|p1: MrMaxAwesome|Reflect\n|upkeep\n|turn|12\n|\n|t:|1699822749\n|move|p1a: Biggest Bird|Roost|p1a: Biggest Bird\n|-heal|p1a: Biggest Bird|100\/100\n|-singleturn|p1a: Biggest Bird|move: Roost\n|move|p2a: lexy|Thunderbolt|p1a: Biggest Bird\n|-damage|p1a: Biggest Bird|78\/100\n|\n|-weather|RainDance|[upkeep]\n|upkeep\n|turn|13\n|\n|t:|1699822763\n|move|p1a: Biggest Bird|Power Trip|p2a: lexy\n|-resisted|p2a: lexy\n|-damage|p2a: lexy|26\/100\n|move|p2a: lexy|Thunderbolt|p1a: Biggest Bird\n|-supereffective|p1a: Biggest Bird\n|-crit|p1a: Biggest Bird\n|-damage|p1a: Biggest Bird|9\/100\n|\n|-weather|none\n|upkeep\n|turn|14\n|\n|t:|1699822777\n|move|p1a: Biggest Bird|Roost|p1a: Biggest Bird\n|-heal|p1a: Biggest Bird|59\/100\n|-singleturn|p1a: Biggest Bird|move: Roost\n|move|p2a: lexy|Thunderbolt|p1a: Biggest Bird\n|-damage|p1a: Biggest Bird|36\/100\n|\n|upkeep\n|turn|15\n|\n|t:|1699822785\n|-terastallize|p1a: Biggest Bird|Flying\n|move|p1a: Biggest Bird|Roost|p1a: Biggest Bird\n|-heal|p1a: Biggest Bird|86\/100\n|-hint|If a Flying Terastallized Pokemon uses Roost, it remains Flying-type.\n|move|p2a: lexy|Thunderbolt|p1a: Biggest Bird\n|-supereffective|p1a: Biggest Bird\n|-damage|p1a: Biggest Bird|42\/100\n|\n|upkeep\n|turn|16\n|inactive|Brightdowne has 270 seconds left.\n|\n|t:|1699822798\n|move|p1a: Biggest Bird|Power Trip|p2a: lexy\n|-resisted|p2a: lexy\n|-damage|p2a: lexy|0 fnt\n|faint|p2a: lexy\n|-end|p2a: lexy|Quark Drive|[silent]\n|\n|upkeep\n|c|\u2606Brightdowne|!data powertrip\n|raw|<ul class=\"utilichart\"><li class=\"result\"><span class=\"col movenamecol\"><a href=\"https:\/\/dex.pokemonshowdown.com\/moves\/powertrip\">Power Trip<\/a><\/span> <span class=\"col typecol\"><img src=\"\/\/play.pokemonshowdown.com\/sprites\/types\/Dark.png\" alt=\"Dark\" width=\"32\" height=\"14\"><img src=\"\/\/play.pokemonshowdown.com\/sprites\/categories\/Physical.png\" alt=\"Physical\" width=\"32\" height=\"14\"><\/span> <span class=\"col labelcol\"><em>Power<\/em><br>20<\/span> <span class=\"col widelabelcol\"><em>Accuracy<\/em><br>100%<\/span> <span class=\"col pplabelcol\"><em>PP<\/em><br>16<\/span> <span class=\"col movedesccol\"> + 20 power for each of the user's stat boosts.<\/span> <\/li><li style=\"clear:both\"><\/li><\/ul>\n\n|inactive|Brightdowne has 240 seconds left.\n|\n|t:|1699822834\n|switch|p2a: chestnut|Slither Wing|100\/100\n|-damage|p2a: chestnut|88\/100|[from] Stealth Rock\n|turn|17\n|\n|t:|1699822837\n|-terastallize|p2a: chestnut|Bug\n|move|p2a: chestnut|First Impression|p1a: Biggest Bird\n|-resisted|p1a: Biggest Bird\n|-crit|p1a: Biggest Bird\n|-damage|p1a: Biggest Bird|5\/100\n|move|p1a: Biggest Bird|Roost|p1a: Biggest Bird\n|-heal|p1a: Biggest Bird|55\/100\n|-hint|If a Flying Terastallized Pokemon uses Roost, it remains Flying-type.\n|\n|upkeep\n|turn|18\n|inactive|Brightdowne has 240 seconds left.\n|\n|t:|1699822860\n|-end|p2a: chestnut|Protosynthesis|[silent]\n|switch|p2a: Pelipper|Pelipper, F|100\/100\n|-damage|p2a: Pelipper|76\/100|[from] Stealth Rock\n|-weather|RainDance|[from] ability: Drizzle|[of] p2a: Pelipper\n|move|p1a: Biggest Bird|Roost|p1a: Biggest Bird\n|-heal|p1a: Biggest Bird|100\/100\n|-hint|If a Flying Terastallized Pokemon uses Roost, it remains Flying-type.\n|\n|-weather|RainDance|[upkeep]\n|upkeep\n|turn|19\n|inactive|Brightdowne has 240 seconds left.\n|\n|t:|1699822873\n|move|p1a: Biggest Bird|Bulk Up|p1a: Biggest Bird\n|-boost|p1a: Biggest Bird|atk|1\n|-boost|p1a: Biggest Bird|def|1\n|move|p2a: Pelipper|Hydro Pump|p1a: Biggest Bird\n|-damage|p1a: Biggest Bird|59\/100\n|\n|-weather|RainDance|[upkeep]\n|upkeep\n|turn|20\n|inactive|Brightdowne has 240 seconds left.\n|\n|t:|1699822894\n|move|p1a: Biggest Bird|Power Trip|p2a: Pelipper\n|-damage|p2a: Pelipper|0 fnt\n|faint|p2a: Pelipper\n|\n|-weather|RainDance|[upkeep]\n|upkeep\n|\n|t:|1699822911\n|switch|p2a: wubong|Ogerpon-Wellspring, F|100\/100\n|-damage|p2a: wubong|88\/100|[from] Stealth Rock\n|turn|21\n|\n|t:|1699822915\n|move|p2a: wubong|Spiky Shield|p2a: wubong\n|-singleturn|p2a: wubong|move: Protect\n|move|p1a: Biggest Bird|Power Trip|p2a: wubong\n|-activate|p2a: wubong|move: Protect\n|-damage|p1a: Biggest Bird|47\/100|[from] Spiky Shield|[of] p2a: wubong\n|\n|-weather|RainDance|[upkeep]\n|upkeep\n|turn|22\n|\n|t:|1699822930\n|move|p1a: Biggest Bird|Power Trip|p2a: wubong\n|-damage|p2a: wubong|0 fnt\n|faint|p2a: wubong\n|\n|-weather|RainDance|[upkeep]\n|upkeep\n|\n|t:|1699822935\n|switch|p2a: chestnut|Slither Wing, tera:Bug|88\/100\n|-damage|p2a: chestnut|64\/100|[from] Stealth Rock\n|turn|23\n|\n|t:|1699822937\n|move|p2a: chestnut|First Impression|p1a: Biggest Bird\n|-resisted|p1a: Biggest Bird\n|-crit|p1a: Biggest Bird\n|-damage|p1a: Biggest Bird|5\/100\n|move|p1a: Biggest Bird|Roost|p1a: Biggest Bird\n|-heal|p1a: Biggest Bird|55\/100\n|-hint|If a Flying Terastallized Pokemon uses Roost, it remains Flying-type.\n|\n|-weather|RainDance|[upkeep]\n|upkeep\n|turn|24\n|inactive|Brightdowne has 240 seconds left.\n|\n|t:|1699822951\n|-end|p2a: chestnut|Protosynthesis|[silent]\n|switch|p2a: corrin|Manaphy|100\/100\n|move|p1a: Biggest Bird|Power Trip|p2a: corrin\n|-damage|p2a: corrin|0 fnt\n|faint|p2a: corrin\n|\n|-weather|RainDance|[upkeep]\n|upkeep\n|\n|t:|1699822959\n|switch|p2a: azir|Regidrago|51\/100\n|-damage|p2a: azir|38\/100|[from] Stealth Rock\n|turn|25\n|\n|t:|1699822964\n|move|p1a: Biggest Bird|Power Trip|p2a: azir\n|-damage|p2a: azir|0 fnt\n|faint|p2a: azir\n|\n|-weather|none\n|upkeep\n|\n|t:|1699822967\n|switch|p2a: chestnut|Slither Wing, tera:Bug|64\/100\n|-damage|p2a: chestnut|39\/100|[from] Stealth Rock\n|turn|26\n|\n|t:|1699822970\n|move|p2a: chestnut|First Impression|p1a: Biggest Bird\n|-resisted|p1a: Biggest Bird\n|-damage|p1a: Biggest Bird|43\/100\n|move|p1a: Biggest Bird|Power Trip|p2a: chestnut\n|-damage|p2a: chestnut|0 fnt\n|faint|p2a: chestnut\n|-end|p2a: chestnut|Protosynthesis|[silent]\n|\n|win|MrMaxAwesome\n|l|\u2606Brightdowne\n","uploadtime":1699823150,"views":14,"p1id":"mrmaxawesome","p2id":"brightdowne","formatid":"gen9ou","rating":0,"private":0,"password":""}