{"id":"gen9ou-1989662348","p1":"illuzionist test","p2":"LaBaleada","format":"[Gen 9] OU","log":"|j|\u2606illuzionist test\n|j|\u2606LaBaleada\n|t:|1699884476\n|gametype|singles\n|player|p1|illuzionist test|oak-gen1|1809\n|player|p2|LaBaleada|2|1714\n|teamsize|p1|6\n|teamsize|p2|6\n|gen|9\n|tier|[Gen 9] OU\n|rated|\n|rule|Sleep Clause Mod: Limit one foe put to sleep\n|rule|Species Clause: Limit one of each Pok\u00e9mon\n|rule|OHKO Clause: OHKO moves are banned\n|rule|Evasion Items Clause: Evasion items are banned\n|rule|Evasion Moves Clause: Evasion moves are banned\n|rule|Endless Battle Clause: Forcing endless battles is banned\n|rule|HP Percentage Mod: HP is shown in percentages\n|clearpoke\n|poke|p1|Torkoal, F|\n|poke|p1|Hatterene, F|\n|poke|p1|Lilligant, F|\n|poke|p1|Walking Wake|\n|poke|p1|Kingambit, M|\n|poke|p1|Landorus-Therian, M|\n|poke|p2|Tinkaton, F|\n|poke|p2|Rillaboom, M|\n|poke|p2|Heatran, F|\n|poke|p2|Ogerpon, F|\n|poke|p2|Greninja-*, M|\n|poke|p2|Sneasler, M|\n|teampreview\n|inactive|Battle timer is ON: inactive players will automatically lose when time's up. (requested by LaBaleada)\n|\n|t:|1699884493\n|start\n|switch|p1a: Torkoal|Torkoal, F|100\/100\n|switch|p2a: Heatran|Heatran, F|100\/100\n|-weather|SunnyDay|[from] ability: Drought|[of] p1a: Torkoal\n|turn|1\n|\n|t:|1699884500\n|switch|p1a: Hatterene|Hatterene, F|100\/100\n|move|p2a: Heatran|Magma Storm|p1a: Hatterene\n|-damage|p1a: Hatterene|45\/100\n|-activate|p1a: Hatterene|move: Magma Storm|[of] p2a: Heatran\n|-enditem|p1a: Hatterene|Eject Button\n|\n|t:|1699884502\n|switch|p1a: Walking Wake|Walking Wake|100\/100\n|-activate|p1a: Walking Wake|ability: Protosynthesis\n|-start|p1a: Walking Wake|protosynthesisspa\n|\n|-weather|SunnyDay|[upkeep]\n|upkeep\n|turn|2\n|inactive|LaBaleada has 120 seconds left.\n|j| 666gege\n|\n|t:|1699884557\n|switch|p2a: Rillaboom|Rillaboom, M|100\/100\n|-fieldstart|move: Grassy Terrain|[from] ability: Grassy Surge|[of] p2a: Rillaboom\n|move|p1a: Walking Wake|Hydro Steam|p2a: Rillaboom\n|-resisted|p2a: Rillaboom\n|-damage|p2a: Rillaboom|13\/100\n|\n|-weather|SunnyDay|[upkeep]\n|-heal|p2a: Rillaboom|19\/100|[from] Grassy Terrain\n|upkeep\n|turn|3\n|\n|t:|1699884564\n|move|p2a: Rillaboom|Grassy Glide|p1a: Walking Wake\n|-damage|p1a: Walking Wake|30\/100\n|move|p1a: Walking Wake|Hydro Steam|p2a: Rillaboom\n|-resisted|p2a: Rillaboom\n|-damage|p2a: Rillaboom|0 fnt\n|faint|p2a: Rillaboom\n|\n|-weather|SunnyDay|[upkeep]\n|-heal|p1a: Walking Wake|36\/100|[from] Grassy Terrain\n|upkeep\n|\n|t:|1699884567\n|switch|p2a: Sneasler|Sneasler, M|100\/100\n|-enditem|p2a: Sneasler|Grassy Seed\n|-boost|p2a: Sneasler|def|1|[from] item: Grassy Seed\n|turn|4\n|\n|t:|1699884573\n|-end|p1a: Walking Wake|Protosynthesis|[silent]\n|switch|p1a: Landorus|Landorus-Therian, M|100\/100\n|-ability|p1a: Landorus|Intimidate|boost\n|-unboost|p2a: Sneasler|atk|1\n|move|p2a: Sneasler|Dire Claw|p1a: Landorus\n|-resisted|p1a: Landorus\n|-damage|p1a: Landorus|86\/100\n|-status|p1a: Landorus|psn\n|\n|-weather|SunnyDay|[upkeep]\n|-damage|p1a: Landorus|74\/100 psn|[from] psn\n|upkeep\n|turn|5\n|\n|t:|1699884576\n|move|p2a: Sneasler|Swords Dance|p2a: Sneasler\n|-boost|p2a: Sneasler|atk|2\n|move|p1a: Landorus|Rock Tomb|p2a: Sneasler|[miss]\n|-miss|p1a: Landorus|p2a: Sneasler\n|\n|-weather|SunnyDay|[upkeep]\n|-damage|p1a: Landorus|62\/100 psn|[from] psn\n|upkeep\n|turn|6\n|j| Elaia_64\n|\n|t:|1699884594\n|move|p2a: Sneasler|Swords Dance|p2a: Sneasler\n|-boost|p2a: Sneasler|atk|2\n|move|p1a: Landorus|Rock Tomb|p2a: Sneasler\n|-resisted|p2a: Sneasler\n|-crit|p2a: Sneasler\n|-damage|p2a: Sneasler|77\/100\n|-unboost|p2a: Sneasler|spe|1\n|\n|-weather|SunnyDay|[upkeep]\n|-heal|p2a: Sneasler|83\/100|[from] Grassy Terrain\n|-damage|p1a: Landorus|49\/100 psn|[from] psn\n|-fieldend|move: Grassy Terrain\n|upkeep\n|turn|7\n|\n|t:|1699884600\n|move|p2a: Sneasler|Acrobatics|p1a: Landorus\n|-damage|p1a: Landorus|0 fnt\n|faint|p1a: Landorus\n|\n|-weather|SunnyDay|[upkeep]\n|upkeep\n|\n|t:|1699884605\n|switch|p1a: Lilligant|Lilligant, F, shiny|100\/100\n|turn|8\n|\n|t:|1699884609\n|-terastallize|p1a: Lilligant|Fire\n|move|p1a: Lilligant|Weather Ball|p2a: Sneasler\n|-damage|p2a: Sneasler|0 fnt\n|faint|p2a: Sneasler\n|-damage|p1a: Lilligant|91\/100|[from] item: Life Orb\n|\n|-weather|none\n|upkeep\n|\n|t:|1699884617\n|switch|p2a: Greninja|Greninja, M|100\/100\n|turn|9\n|\n|t:|1699884622\n|switch|p1a: Torkoal|Torkoal, F|100\/100\n|-weather|SunnyDay|[from] ability: Drought|[of] p1a: Torkoal\n|move|p2a: Greninja|Hydro Pump|p1a: Torkoal\n|-supereffective|p1a: Torkoal\n|-damage|p1a: Torkoal|48\/100\n|-damage|p2a: Greninja|91\/100|[from] item: Life Orb\n|\n|-weather|SunnyDay|[upkeep]\n|upkeep\n|turn|10\n|\n|t:|1699884628\n|switch|p1a: Kingambit|Kingambit, M|100\/100\n|-activate|p1a: Kingambit|ability: Supreme Overlord\n|-start|p1a: Kingambit|fallen1|[silent]\n|move|p2a: Greninja|Dark Pulse|p1a: Kingambit\n|-resisted|p1a: Kingambit\n|-damage|p1a: Kingambit|75\/100\n|-damage|p2a: Greninja|81\/100|[from] item: Life Orb\n|\n|-weather|SunnyDay|[upkeep]\n|-heal|p1a: Kingambit|81\/100|[from] item: Leftovers\n|upkeep\n|turn|11\n|\n|t:|1699884636\n|move|p2a: Greninja|Hydro Pump|p1a: Kingambit|[miss]\n|-miss|p2a: Greninja|p1a: Kingambit\n|move|p1a: Kingambit|Kowtow Cleave|p2a: Greninja\n|-resisted|p2a: Greninja\n|-damage|p2a: Greninja|37\/100\n|\n|-weather|SunnyDay|[upkeep]\n|-heal|p1a: Kingambit|87\/100|[from] item: Leftovers\n|upkeep\n|turn|12\n|j| mommajolly\n|\n|t:|1699884642\n|move|p2a: Greninja|Hydro Pump|p1a: Kingambit\n|-damage|p1a: Kingambit|52\/100\n|-damage|p2a: Greninja|28\/100|[from] item: Life Orb\n|move|p1a: Kingambit|Kowtow Cleave|p2a: Greninja\n|-resisted|p2a: Greninja\n|-damage|p2a: Greninja|0 fnt\n|faint|p2a: Greninja\n|\n|-weather|SunnyDay|[upkeep]\n|-heal|p1a: Kingambit|58\/100|[from] item: Leftovers\n|upkeep\n|j| mew852\n|\n|t:|1699884648\n|switch|p2a: Heatran|Heatran, F|100\/100\n|turn|13\n|\n|t:|1699884654\n|-end|p1a: Kingambit|fallen1|[silent]\n|switch|p1a: Hatterene|Hatterene, F|45\/100\n|move|p2a: Heatran|Magma Storm|p1a: Hatterene\n|-damage|p1a: Hatterene|0 fnt\n|faint|p1a: Hatterene\n|\n|-weather|SunnyDay|[upkeep]\n|upkeep\n|\n|t:|1699884656\n|switch|p1a: Walking Wake|Walking Wake|36\/100\n|-activate|p1a: Walking Wake|ability: Protosynthesis\n|-start|p1a: Walking Wake|protosynthesisspa\n|turn|14\n|\n|t:|1699884662\n|switch|p2a: Ogerpon|Ogerpon, F|100\/100\n|move|p1a: Walking Wake|Hydro Steam|p2a: Ogerpon\n|-resisted|p2a: Ogerpon\n|-damage|p2a: Ogerpon|20\/100\n|\n|-weather|SunnyDay|[upkeep]\n|upkeep\n|turn|15\n|\n|t:|1699884667\n|-end|p1a: Walking Wake|Protosynthesis|[silent]\n|switch|p1a: Kingambit|Kingambit, M|58\/100\n|-activate|p1a: Kingambit|ability: Supreme Overlord\n|-start|p1a: Kingambit|fallen2|[silent]\n|move|p2a: Ogerpon|Stomping Tantrum|p1a: Kingambit\n|-supereffective|p1a: Kingambit\n|-damage|p1a: Kingambit|14\/100\n|\n|-weather|SunnyDay|[upkeep]\n|-heal|p1a: Kingambit|20\/100|[from] item: Leftovers\n|upkeep\n|turn|16\n|\n|t:|1699884672\n|move|p2a: Ogerpon|Swords Dance|p2a: Ogerpon\n|-boost|p2a: Ogerpon|atk|2\n|move|p1a: Kingambit|Kowtow Cleave|p2a: Ogerpon\n|-damage|p2a: Ogerpon|0 fnt\n|faint|p2a: Ogerpon\n|\n|-weather|none\n|-heal|p1a: Kingambit|26\/100|[from] item: Leftovers\n|upkeep\n|j| Misuta Zero\n|j| Bear233\n|\n|t:|1699884688\n|switch|p2a: Tinkaton|Tinkaton, F|100\/100\n|-ability|p2a: Tinkaton|Mold Breaker\n|turn|17\n|\n|t:|1699884691\n|-end|p1a: Kingambit|fallen2|[silent]\n|switch|p1a: Torkoal|Torkoal, F|48\/100\n|-weather|SunnyDay|[from] ability: Drought|[of] p1a: Torkoal\n|move|p2a: Tinkaton|Gigaton Hammer|p1a: Torkoal\n|-resisted|p1a: Torkoal\n|-damage|p1a: Torkoal|26\/100\n|\n|-weather|SunnyDay|[upkeep]\n|upkeep\n|turn|18\n|\n|t:|1699884694\n|move|p2a: Tinkaton|Swords Dance|p2a: Tinkaton\n|-boost|p2a: Tinkaton|atk|2\n|move|p1a: Torkoal|Yawn|p2a: Tinkaton\n|-start|p2a: Tinkaton|move: Yawn|[of] p1a: Torkoal\n|\n|-weather|SunnyDay|[upkeep]\n|upkeep\n|turn|19\n|\n|t:|1699884707\n|move|p2a: Tinkaton|Gigaton Hammer|p1a: Torkoal\n|-resisted|p1a: Torkoal\n|-damage|p1a: Torkoal|0 fnt\n|faint|p1a: Torkoal\n|\n|-weather|SunnyDay|[upkeep]\n|-end|p2a: Tinkaton|move: Yawn|[silent]\n|-status|p2a: Tinkaton|slp\n|upkeep\n|\n|t:|1699884711\n|switch|p1a: Walking Wake|Walking Wake|36\/100\n|-activate|p1a: Walking Wake|ability: Protosynthesis\n|-start|p1a: Walking Wake|protosynthesisspa\n|turn|20\n|\n|t:|1699884713\n|move|p1a: Walking Wake|Hydro Steam|p2a: Tinkaton\n|-damage|p2a: Tinkaton|0 fnt\n|faint|p2a: Tinkaton\n|\n|-weather|SunnyDay|[upkeep]\n|upkeep\n|\n|t:|1699884715\n|switch|p2a: Heatran|Heatran, F|100\/100\n|turn|21\n|\n|t:|1699884718\n|-terastallize|p2a: Heatran|Grass\n|move|p1a: Walking Wake|Hydro Steam|p2a: Heatran\n|-resisted|p2a: Heatran\n|-damage|p2a: Heatran|62\/100\n|move|p2a: Heatran|Earth Power|p1a: Walking Wake\n|-damage|p1a: Walking Wake|4\/100\n|\n|-weather|SunnyDay|[upkeep]\n|-heal|p2a: Heatran|68\/100|[from] item: Leftovers\n|upkeep\n|turn|22\n|j| Zamorakism\n|\n|t:|1699884726\n|-end|p1a: Walking Wake|Protosynthesis|[silent]\n|switch|p1a: Kingambit|Kingambit, M|26\/100\n|-activate|p1a: Kingambit|ability: Supreme Overlord\n|-start|p1a: Kingambit|fallen3|[silent]\n|move|p2a: Heatran|Earth Power|p1a: Kingambit\n|-supereffective|p1a: Kingambit\n|-damage|p1a: Kingambit|0 fnt\n|faint|p1a: Kingambit\n|-end|p1a: Kingambit|fallen3|[silent]\n|\n|-weather|SunnyDay|[upkeep]\n|-heal|p2a: Heatran|74\/100|[from] item: Leftovers\n|upkeep\n|\n|t:|1699884728\n|switch|p1a: Walking Wake|Walking Wake|4\/100\n|-activate|p1a: Walking Wake|ability: Protosynthesis\n|-start|p1a: Walking Wake|protosynthesisspa\n|turn|23\n|\n|t:|1699884731\n|move|p1a: Walking Wake|Draco Meteor|p2a: Heatran\n|-damage|p2a: Heatran|0 fnt\n|-unboost|p1a: Walking Wake|spa|2\n|faint|p2a: Heatran\n|\n|win|illuzionist test\n|raw|illuzionist test's rating: 1809 &rarr; <strong>1824<\/strong><br \/>(+15 for winning)\n|raw|LaBaleada's rating: 1714 &rarr; <strong>1699<\/strong><br \/>(-15 for losing)\n|c|\u2606LaBaleada|gg\n|l|\u2606LaBaleada\n|l| mommajolly\n|l| Bear233\n|l| 666gege\n","uploadtime":1699885075,"views":6,"p1id":"illuzionisttest","p2id":"labaleada","formatid":"gen9ou","rating":1699,"private":0,"password":""}