{"id":"gen9ou-1988257729","p1":"rokugeni","p2":"Poke MH","format":"[Gen 9] OU","log":"|j|\u2606rokugeni\n|j|\u203dPoke MH\n|t:|1699696082\n|gametype|singles\n|player|p1|rokugeni|102|1754\n|player|p2|Poke MH|266|1718\n|teamsize|p1|6\n|teamsize|p2|6\n|gen|9\n|tier|[Gen 9] OU\n|rated|\n|rule|Sleep Clause Mod: Limit one foe put to sleep\n|rule|Species Clause: Limit one of each Pok\u00e9mon\n|rule|OHKO Clause: OHKO moves are banned\n|rule|Evasion Items Clause: Evasion items are banned\n|rule|Evasion Moves Clause: Evasion moves are banned\n|rule|Endless Battle Clause: Forcing endless battles is banned\n|rule|HP Percentage Mod: HP is shown in percentages\n|clearpoke\n|poke|p1|Kingambit, M|\n|poke|p1|Iron Valiant|\n|poke|p1|Empoleon, M|\n|poke|p1|Ogerpon-Wellspring, F|\n|poke|p1|Clefable, F|\n|poke|p1|Great Tusk|\n|poke|p2|Ribombee, F|\n|poke|p2|Great Tusk|\n|poke|p2|Gholdengo|\n|poke|p2|Manaphy|\n|poke|p2|Kingambit, F|\n|poke|p2|Iron Moth|\n|teampreview\n|\n|t:|1699696095\n|start\n|switch|p1a: Empoleon|Empoleon, M|100\/100\n|switch|p2a: Ribombee|Ribombee, F|100\/100\n|turn|1\n|\n|t:|1699696098\n|move|p2a: Ribombee|Sticky Web|p1a: Empoleon\n|-sidestart|p1: rokugeni|move: Sticky Web\n|move|p1a: Empoleon|Surf|p2a: Ribombee\n|-damage|p2a: Ribombee|37\/100\n|\n|upkeep\n|turn|2\n|\n|t:|1699696103\n|move|p2a: Ribombee|Sunny Day|p2a: Ribombee\n|-weather|SunnyDay\n|move|p1a: Empoleon|Surf|p2a: Ribombee\n|-damage|p2a: Ribombee|8\/100\n|\n|-weather|SunnyDay|[upkeep]\n|upkeep\n|turn|3\n|\n|t:|1699696110\n|move|p2a: Ribombee|Psychic|p1a: Empoleon\n|-resisted|p1a: Empoleon\n|-damage|p1a: Empoleon|93\/100\n|move|p1a: Empoleon|Surf|p2a: Ribombee\n|-damage|p2a: Ribombee|0 fnt\n|faint|p2a: Ribombee\n|\n|-weather|SunnyDay|[upkeep]\n|-heal|p1a: Empoleon|99\/100|[from] item: Leftovers\n|upkeep\n|\n|t:|1699696116\n|switch|p2a: Iron Moth|Iron Moth|100\/100\n|-enditem|p2a: Iron Moth|Booster Energy\n|-activate|p2a: Iron Moth|ability: Quark Drive|[fromitem]\n|-start|p2a: Iron Moth|quarkdrivespe\n|turn|4\n|\n|t:|1699696139\n|move|p2a: Iron Moth|Fiery Dance|p1a: Empoleon\n|-damage|p1a: Empoleon|59\/100\n|move|p1a: Empoleon|Flip Turn|p2a: Iron Moth\n|-supereffective|p2a: Iron Moth\n|-damage|p2a: Iron Moth|77\/100\n|\n|t:|1699696155\n|switch|p1a: Clefable|Clefable, F|100\/100|[from] Flip Turn\n|-activate|p1a: Clefable|move: Sticky Web\n|-unboost|p1a: Clefable|spe|1\n|\n|-weather|SunnyDay|[upkeep]\n|upkeep\n|turn|5\n|\n|t:|1699696164\n|move|p1a: Clefable|Protect|p1a: Clefable\n|-singleturn|p1a: Clefable|Protect\n|move|p2a: Iron Moth|Substitute|p2a: Iron Moth\n|-start|p2a: Iron Moth|Substitute\n|-damage|p2a: Iron Moth|52\/100\n|\n|-weather|SunnyDay|[upkeep]\n|upkeep\n|turn|6\n|\n|t:|1699696175\n|move|p2a: Iron Moth|Fiery Dance|p1a: Clefable\n|-damage|p1a: Clefable|40\/100\n|-boost|p2a: Iron Moth|spa|1\n|move|p1a: Clefable|Stealth Rock|p2a: Iron Moth\n|-sidestart|p2: Poke MH|move: Stealth Rock\n|\n|-weather|none\n|-heal|p1a: Clefable|46\/100|[from] item: Leftovers\n|upkeep\n|turn|7\n|\n|t:|1699696178\n|move|p2a: Iron Moth|Sludge Wave|p1a: Clefable\n|-supereffective|p1a: Clefable\n|-damage|p1a: Clefable|0 fnt\n|faint|p1a: Clefable\n|\n|upkeep\n|\n|t:|1699696182\n|switch|p1a: Empoleon|Empoleon, M|59\/100\n|-activate|p1a: Empoleon|move: Sticky Web\n|-unboost|p1a: Empoleon|spe|1\n|-ability|p1a: Empoleon|Competitive|boost\n|-boost|p1a: Empoleon|spa|2\n|turn|8\n|\n|t:|1699696185\n|move|p2a: Iron Moth|Fiery Dance|p1a: Empoleon\n|-damage|p1a: Empoleon|20\/100\n|-boost|p2a: Iron Moth|spa|1\n|move|p1a: Empoleon|Roost|p1a: Empoleon\n|-heal|p1a: Empoleon|70\/100\n|-singleturn|p1a: Empoleon|move: Roost\n|\n|-heal|p1a: Empoleon|76\/100|[from] item: Leftovers\n|upkeep\n|turn|9\n|\n|t:|1699696190\n|move|p2a: Iron Moth|Fiery Dance|p1a: Empoleon\n|-damage|p1a: Empoleon|23\/100\n|move|p1a: Empoleon|Surf|p2a: Iron Moth\n|-supereffective|p2a: Iron Moth\n|-end|p2a: Iron Moth|Substitute\n|\n|-heal|p1a: Empoleon|29\/100|[from] item: Leftovers\n|upkeep\n|turn|10\n|\n|t:|1699696194\n|move|p2a: Iron Moth|Fiery Dance|p1a: Empoleon\n|-damage|p1a: Empoleon|0 fnt\n|-boost|p2a: Iron Moth|spa|1\n|faint|p1a: Empoleon\n|\n|upkeep\n|\n|t:|1699696196\n|switch|p1a: Kingambit|Kingambit, M|100\/100\n|-activate|p1a: Kingambit|move: Sticky Web\n|-unboost|p1a: Kingambit|spe|1\n|-activate|p1a: Kingambit|ability: Supreme Overlord\n|-start|p1a: Kingambit|fallen2|[silent]\n|turn|11\n|\n|t:|1699696202\n|move|p2a: Iron Moth|Fiery Dance|p1a: Kingambit\n|-supereffective|p1a: Kingambit\n|-damage|p1a: Kingambit|0 fnt\n|faint|p1a: Kingambit\n|-end|p1a: Kingambit|fallen2|[silent]\n|\n|upkeep\n|-message|rokugeni forfeited.\n|\n|win|Poke MH\n|raw|rokugeni's rating: 1754 &rarr; <strong>1732<\/strong><br \/>(-22 for losing)\n|raw|Poke MH's rating: 1718 &rarr; <strong>1740<\/strong><br \/>(+22 for winning)\n|l|\u2606rokugeni\n","uploadtime":1699696214,"views":31,"p1id":"rokugeni","p2id":"pokemh","formatid":"gen9ou","rating":1732,"private":0,"password":""}