{"id":"gen9ou-1990954117","p1":"Overripe","p2":"xentoa","format":"[Gen 9] OU","log":"|j|\u2606Overripe\n|j|\u2606xentoa\n|t:|1700019269\n|gametype|singles\n|player|p1|Overripe|iris-gen5bw2|1206\n|player|p2|xentoa|2|1200\n|teamsize|p1|6\n|teamsize|p2|6\n|gen|9\n|tier|[Gen 9] OU\n|rated|\n|rule|Sleep Clause Mod: Limit one foe put to sleep\n|rule|Species Clause: Limit one of each Pok\u00e9mon\n|rule|OHKO Clause: OHKO moves are banned\n|rule|Evasion Items Clause: Evasion items are banned\n|rule|Evasion Moves Clause: Evasion moves are banned\n|rule|Endless Battle Clause: Forcing endless battles is banned\n|rule|HP Percentage Mod: HP is shown in percentages\n|clearpoke\n|poke|p1|Ting-Lu|\n|poke|p1|Iron Valiant|\n|poke|p1|Skeledirge, M|\n|poke|p1|Ribombee, F|\n|poke|p1|Conkeldurr, M|\n|poke|p1|Maushold-Four|\n|poke|p2|Rillaboom, F|\n|poke|p2|Garganacl, F|\n|poke|p2|Great Tusk|\n|poke|p2|Heatran, M|\n|poke|p2|Zapdos|\n|poke|p2|Walking Wake|\n|teampreview\n|inactive|Battle timer is ON: inactive players will automatically lose when time's up. (requested by xentoa)\n|\n|t:|1700019285\n|start\n|switch|p1a: Paperwork Party|Maushold-Four, shiny|100\/100\n|switch|p2a: Heatran|Heatran, M|100\/100\n|turn|1\n|\n|t:|1700019291\n|move|p1a: Paperwork Party|Thunder Wave|p2a: Heatran\n|-status|p2a: Heatran|par\n|cant|p2a: Heatran|par\n|\n|upkeep\n|turn|2\n|\n|t:|1700019294\n|move|p1a: Paperwork Party|Tidy Up|p1a: Paperwork Party\n|-boost|p1a: Paperwork Party|atk|1\n|-boost|p1a: Paperwork Party|spe|1\n|move|p2a: Heatran|Stealth Rock|p1a: Paperwork Party\n|-sidestart|p1: Overripe|move: Stealth Rock\n|\n|upkeep\n|turn|3\n|\n|t:|1700019297\n|move|p1a: Paperwork Party|Low Kick|p2a: Heatran\n|-supereffective|p2a: Heatran\n|-damage|p2a: Heatran|37\/100 par\n|cant|p2a: Heatran|par\n|\n|-heal|p2a: Heatran|43\/100 par|[from] item: Leftovers\n|upkeep\n|turn|4\n|\n|t:|1700019302\n|move|p1a: Paperwork Party|Tidy Up|p1a: Paperwork Party\n|-sideend|p1: Overripe|Stealth Rock\n|-activate|p1a: Paperwork Party|move: Tidy Up\n|-boost|p1a: Paperwork Party|atk|1\n|-boost|p1a: Paperwork Party|spe|1\n|move|p2a: Heatran|Magma Storm|p1a: Paperwork Party\n|-damage|p1a: Paperwork Party|46\/100\n|-activate|p1a: Paperwork Party|move: Magma Storm|[of] p2a: Heatran\n|\n|-heal|p2a: Heatran|49\/100 par|[from] item: Leftovers\n|-damage|p1a: Paperwork Party|33\/100|[from] move: Magma Storm|[partiallytrapped]\n|upkeep\n|turn|5\n|\n|t:|1700019311\n|move|p1a: Paperwork Party|Low Kick|p2a: Heatran\n|-supereffective|p2a: Heatran\n|-damage|p2a: Heatran|0 fnt\n|faint|p2a: Heatran\n|\n|-end|p1a: Paperwork Party|Magma Storm|[partiallytrapped]|[silent]\n|upkeep\n|\n|t:|1700019314\n|switch|p2a: Rillaboom|Rillaboom, F|100\/100\n|-fieldstart|move: Grassy Terrain|[from] ability: Grassy Surge|[of] p2a: Rillaboom\n|turn|6\n|\n|t:|1700019321\n|switch|p1a: \u6771\u5802\u8475|Conkeldurr, M, shiny|100\/100\n|move|p2a: Rillaboom|Grassy Glide|p1a: \u6771\u5802\u8475\n|-damage|p1a: \u6771\u5802\u8475|43\/100\n|\n|-heal|p1a: \u6771\u5802\u8475|49\/100|[from] Grassy Terrain\n|-status|p1a: \u6771\u5802\u8475|brn|[from] item: Flame Orb\n|upkeep\n|turn|7\n|\n|t:|1700019335\n|switch|p1a: \u4f1a\u5ddd|Skeledirge, M, shiny|100\/100\n|move|p2a: Rillaboom|Grassy Glide|p1a: \u4f1a\u5ddd\n|-resisted|p1a: \u4f1a\u5ddd\n|-damage|p1a: \u4f1a\u5ddd|78\/100\n|\n|-heal|p1a: \u4f1a\u5ddd|84\/100|[from] Grassy Terrain\n|-heal|p1a: \u4f1a\u5ddd|90\/100|[from] item: Leftovers\n|upkeep\n|turn|8\n|\n|t:|1700019345\n|switch|p2a: Zapdos|Zapdos|100\/100\n|move|p1a: \u4f1a\u5ddd|Torch Song|p2a: Zapdos\n|-crit|p2a: Zapdos\n|-damage|p2a: Zapdos|55\/100\n|-boost|p1a: \u4f1a\u5ddd|spa|1\n|\n|-heal|p1a: \u4f1a\u5ddd|96\/100|[from] Grassy Terrain\n|-heal|p1a: \u4f1a\u5ddd|100\/100|[from] item: Leftovers\n|upkeep\n|turn|9\n|\n|t:|1700019352\n|move|p2a: Zapdos|Volt Switch|p1a: \u4f1a\u5ddd\n|-damage|p1a: \u4f1a\u5ddd|80\/100\n|\n|t:|1700019357\n|switch|p2a: Garganacl|Garganacl, F|100\/100|[from] Volt Switch\n|move|p1a: \u4f1a\u5ddd|Will-O-Wisp|p2a: Garganacl\n|-immune|p2a: Garganacl|[from] ability: Purifying Salt\n|\n|-heal|p1a: \u4f1a\u5ddd|86\/100|[from] Grassy Terrain\n|-heal|p1a: \u4f1a\u5ddd|92\/100|[from] item: Leftovers\n|upkeep\n|turn|10\n|\n|t:|1700019365\n|switch|p1a: Paperwork Party|Maushold-Four, shiny|33\/100\n|move|p2a: Garganacl|Salt Cure|p1a: Paperwork Party\n|-damage|p1a: Paperwork Party|16\/100\n|-start|p1a: Paperwork Party|Salt Cure\n|\n|-heal|p1a: Paperwork Party|22\/100|[from] Grassy Terrain\n|-damage|p1a: Paperwork Party|9\/100|[from] Salt Cure\n|-fieldend|move: Grassy Terrain\n|upkeep\n|turn|11\n|\n|t:|1700019379\n|switch|p1a: \u6771\u5802\u8475|Conkeldurr, M, shiny|49\/100 brn\n|switch|p2a: Zapdos|Zapdos|55\/100\n|\n|-damage|p1a: \u6771\u5802\u8475|43\/100 brn|[from] brn\n|upkeep\n|turn|12\n|\n|t:|1700019387\n|switch|p1a: \u59cb\u7687\u5e1d|Ting-Lu|100\/100\n|-ability|p1a: \u59cb\u7687\u5e1d|Vessel of Ruin\n|move|p2a: Zapdos|Hurricane|p1a: \u59cb\u7687\u5e1d|[miss]\n|-miss|p2a: Zapdos|p1a: \u59cb\u7687\u5e1d\n|\n|upkeep\n|turn|13\n|\n|t:|1700019392\n|switch|p2a: Rillaboom|Rillaboom, F|100\/100\n|-fieldstart|move: Grassy Terrain|[from] ability: Grassy Surge|[of] p2a: Rillaboom\n|move|p1a: \u59cb\u7687\u5e1d|Ruination|p2a: Rillaboom\n|-damage|p2a: Rillaboom|50\/100\n|\n|-heal|p2a: Rillaboom|57\/100|[from] Grassy Terrain\n|upkeep\n|turn|14\n|\n|t:|1700019402\n|switch|p1a: Paperwork Party|Maushold-Four, shiny|9\/100\n|move|p2a: Rillaboom|U-turn|p1a: Paperwork Party\n|-damage|p1a: Paperwork Party|0 fnt\n|faint|p1a: Paperwork Party\n|\n|t:|1700019411\n|switch|p2a: Zapdos|Zapdos|55\/100|[from] U-turn\n|\n|upkeep\n|inactive|Overripe has 120 seconds left.\n|\n|t:|1700019458\n|switch|p1a: \u7adc\u9a0e\u58eb|Iron Valiant, shiny|100\/100\n|turn|15\n|\n|t:|1700019463\n|move|p1a: \u7adc\u9a0e\u58eb|Moonblast|p2a: Zapdos\n|-damage|p2a: Zapdos|10\/100\n|move|p2a: Zapdos|Hurricane|p1a: \u7adc\u9a0e\u58eb|[miss]\n|-miss|p2a: Zapdos|p1a: \u7adc\u9a0e\u58eb\n|\n|upkeep\n|turn|16\n|inactive|Overripe has 120 seconds left.\n|\n|t:|1700019471\n|switch|p2a: Garganacl|Garganacl, F|100\/100\n|move|p1a: \u7adc\u9a0e\u58eb|Moonblast|p2a: Garganacl\n|-crit|p2a: Garganacl\n|-damage|p2a: Garganacl|57\/100\n|\n|-heal|p2a: Garganacl|63\/100|[from] Grassy Terrain\n|-heal|p2a: Garganacl|69\/100|[from] item: Leftovers\n|upkeep\n|turn|17\n|\n|t:|1700019476\n|move|p1a: \u7adc\u9a0e\u58eb|Close Combat|p2a: Garganacl\n|-supereffective|p2a: Garganacl\n|-damage|p2a: Garganacl|5\/100\n|-unboost|p1a: \u7adc\u9a0e\u58eb|def|1\n|-unboost|p1a: \u7adc\u9a0e\u58eb|spd|1\n|move|p2a: Garganacl|Salt Cure|p1a: \u7adc\u9a0e\u58eb\n|-resisted|p1a: \u7adc\u9a0e\u58eb\n|-damage|p1a: \u7adc\u9a0e\u58eb|88\/100\n|-start|p1a: \u7adc\u9a0e\u58eb|Salt Cure\n|\n|-heal|p1a: \u7adc\u9a0e\u58eb|94\/100|[from] Grassy Terrain\n|-heal|p2a: Garganacl|11\/100|[from] Grassy Terrain\n|-heal|p2a: Garganacl|17\/100|[from] item: Leftovers\n|-damage|p1a: \u7adc\u9a0e\u58eb|81\/100|[from] Salt Cure\n|-fieldend|move: Grassy Terrain\n|upkeep\n|turn|18\n|\n|t:|1700019481\n|switch|p2a: Zapdos|Zapdos|10\/100\n|move|p1a: \u7adc\u9a0e\u58eb|Knock Off|p2a: Zapdos\n|-damage|p2a: Zapdos|0 fnt\n|-enditem|p2a: Zapdos|Heavy-Duty Boots|[from] move: Knock Off|[of] p1a: \u7adc\u9a0e\u58eb\n|faint|p2a: Zapdos\n|\n|-damage|p1a: \u7adc\u9a0e\u58eb|69\/100|[from] Salt Cure\n|upkeep\n|\n|t:|1700019485\n|switch|p2a: Rillaboom|Rillaboom, F|57\/100\n|-fieldstart|move: Grassy Terrain|[from] ability: Grassy Surge|[of] p2a: Rillaboom\n|turn|19\n|\n|t:|1700019491\n|-end|p1a: \u7adc\u9a0e\u58eb|Quark Drive|[silent]\n|switch|p1a: \u59cb\u7687\u5e1d|Ting-Lu|100\/100\n|-ability|p1a: \u59cb\u7687\u5e1d|Vessel of Ruin\n|move|p2a: Rillaboom|Grassy Glide|p1a: \u59cb\u7687\u5e1d\n|-supereffective|p1a: \u59cb\u7687\u5e1d\n|-damage|p1a: \u59cb\u7687\u5e1d|43\/100\n|\n|-heal|p2a: Rillaboom|63\/100|[from] Grassy Terrain\n|-heal|p1a: \u59cb\u7687\u5e1d|50\/100|[from] Grassy Terrain\n|-heal|p1a: \u59cb\u7687\u5e1d|56\/100|[from] item: Leftovers\n|upkeep\n|turn|20\n|\n|t:|1700019509\n|move|p2a: Rillaboom|Grassy Glide|p1a: \u59cb\u7687\u5e1d\n|-supereffective|p1a: \u59cb\u7687\u5e1d\n|-damage|p1a: \u59cb\u7687\u5e1d|0 fnt\n|faint|p1a: \u59cb\u7687\u5e1d\n|\n|-heal|p2a: Rillaboom|69\/100|[from] Grassy Terrain\n|upkeep\n|l|\u2606Overripe\n|inactive|Overripe disconnected and has a minute to reconnect!\n|player|p1|\n|j|\u2606Overripe\n|inactive|Overripe reconnected and has 145 seconds left.\n|player|p1|Overripe|iris-gen5bw2\n|\n|t:|1700019518\n|switch|p1a: tinker.|Ribombee, F, shiny|100\/100\n|turn|21\n|\n|t:|1700019525\n|move|p2a: Rillaboom|Grassy Glide|p1a: tinker.\n|-resisted|p1a: tinker.\n|-damage|p1a: tinker.|45\/100\n|move|p1a: tinker.|Quiver Dance|p1a: tinker.\n|-boost|p1a: tinker.|spa|1\n|-boost|p1a: tinker.|spd|1\n|-boost|p1a: tinker.|spe|1\n|\n|-heal|p1a: tinker.|51\/100|[from] Grassy Terrain\n|-heal|p2a: Rillaboom|75\/100|[from] Grassy Terrain\n|upkeep\n|turn|22\n|\n|t:|1700019533\n|-terastallize|p1a: tinker.|Fire\n|move|p2a: Rillaboom|Grassy Glide|p1a: tinker.\n|-resisted|p1a: tinker.\n|-damage|p1a: tinker.|3\/100\n|move|p1a: tinker.|Tera Blast|p2a: Rillaboom|[anim] Tera Blast Fire\n|-supereffective|p2a: Rillaboom\n|-damage|p2a: Rillaboom|0 fnt\n|faint|p2a: Rillaboom\n|\n|-heal|p1a: tinker.|9\/100|[from] Grassy Terrain\n|upkeep\n|\n|t:|1700019539\n|switch|p2a: Walking Wake|Walking Wake|100\/100\n|turn|23\n|\n|t:|1700019546\n|-terastallize|p2a: Walking Wake|Steel\n|move|p1a: tinker.|Sticky Web|p2a: Walking Wake\n|-sidestart|p2: xentoa|move: Sticky Web\n|move|p2a: Walking Wake|Scald|p1a: tinker.\n|-supereffective|p1a: tinker.\n|-damage|p1a: tinker.|0 fnt\n|faint|p1a: tinker.\n|\n|-fieldend|move: Grassy Terrain\n|upkeep\n|\n|t:|1700019551\n|switch|p1a: \u6771\u5802\u8475|Conkeldurr, M, shiny|43\/100 brn\n|turn|24\n|\n|t:|1700019561\n|move|p1a: \u6771\u5802\u8475|Mach Punch|p2a: Walking Wake\n|-supereffective|p2a: Walking Wake\n|-damage|p2a: Walking Wake|20\/100\n|move|p2a: Walking Wake|Scald|p1a: \u6771\u5802\u8475\n|-damage|p1a: \u6771\u5802\u8475|0 fnt\n|faint|p1a: \u6771\u5802\u8475\n|\n|upkeep\n|\n|t:|1700019568\n|switch|p1a: \u7adc\u9a0e\u58eb|Iron Valiant, shiny|69\/100\n|turn|25\n|\n|t:|1700019570\n|move|p1a: \u7adc\u9a0e\u58eb|Moonblast|p2a: Walking Wake\n|-resisted|p2a: Walking Wake\n|-damage|p2a: Walking Wake|0 fnt\n|faint|p2a: Walking Wake\n|-end|p2a: Walking Wake|Protosynthesis|[silent]\n|\n|upkeep\n|\n|t:|1700019572\n|switch|p2a: Great Tusk|Great Tusk|100\/100\n|-activate|p2a: Great Tusk|move: Sticky Web\n|-unboost|p2a: Great Tusk|spe|1\n|turn|26\n|c|\u2606Overripe|Gg\n|\n|t:|1700019577\n|move|p1a: \u7adc\u9a0e\u58eb|Moonblast|p2a: Great Tusk\n|-supereffective|p2a: Great Tusk\n|-damage|p2a: Great Tusk|0 fnt\n|faint|p2a: Great Tusk\n|-end|p2a: Great Tusk|Protosynthesis|[silent]\n|\n|upkeep\n|-message|xentoa forfeited.\n|\n|win|Overripe\n|raw|Overripe's rating: 1206 &rarr; <strong>1231<\/strong><br \/>(+25 for winning)\n|raw|xentoa's rating: 1200 &rarr; <strong>1175<\/strong><br \/>(-25 for losing)\n|l|\u2606xentoa\n","uploadtime":1700019588,"views":6,"p1id":"overripe","p2id":"xentoa","formatid":"gen9ou","rating":1175,"private":0,"password":""}