{"id":"gen9ou-1995972109","p1":"jynmfh","p2":"Onte bad","format":"[Gen 9] OU","log":"|j|\u2606jynmfh\n|j|\u2606Onte bad\n|t:|1700623761\n|gametype|singles\n|player|p1|jynmfh|hiker-gen4|1180\n|player|p2|Onte bad|169|1161\n|teamsize|p1|6\n|teamsize|p2|6\n|gen|9\n|tier|[Gen 9] OU\n|rated|\n|rule|Sleep Clause Mod: Limit one foe put to sleep\n|rule|Species Clause: Limit one of each Pok\u00e9mon\n|rule|OHKO Clause: OHKO moves are banned\n|rule|Evasion Items Clause: Evasion items are banned\n|rule|Evasion Moves Clause: Evasion moves are banned\n|rule|Endless Battle Clause: Forcing endless battles is banned\n|rule|HP Percentage Mod: HP is shown in percentages\n|clearpoke\n|poke|p1|Empoleon, F|\n|poke|p1|Kommo-o, F|\n|poke|p1|Torterra, F|\n|poke|p1|Revavroom, M|\n|poke|p1|Great Tusk|\n|poke|p1|Tornadus, M|\n|poke|p2|Regidrago|\n|poke|p2|Ribombee, M|\n|poke|p2|Scizor, F|\n|poke|p2|Slowking-Galar, M|\n|poke|p2|Breloom, F|\n|poke|p2|Quaquaval, F|\n|teampreview\n|inactive|Battle timer is ON: inactive players will automatically lose when time's up. (requested by Onte bad)\n|\n|t:|1700623774\n|start\n|switch|p1a: Tornadus|Tornadus, M|100\/100\n|switch|p2a: Quaquaval|Quaquaval, F|100\/100\n|turn|1\n|\n|t:|1700623781\n|move|p1a: Tornadus|Substitute|p1a: Tornadus\n|-start|p1a: Tornadus|Substitute\n|-damage|p1a: Tornadus|76\/100\n|move|p2a: Quaquaval|Ice Spinner|p1a: Tornadus\n|-supereffective|p1a: Tornadus\n|-end|p1a: Tornadus|Substitute\n|\n|upkeep\n|turn|2\n|\n|t:|1700623788\n|switch|p2a: Slowking|Slowking-Galar, M|100\/100\n|move|p1a: Tornadus|Acrobatics|p2a: Slowking\n|-damage|p2a: Slowking|78\/100\n|\n|upkeep\n|turn|3\n|\n|t:|1700623791\n|switch|p1a: Empoleon|Empoleon, F|100\/100\n|move|p2a: Slowking|Ice Beam|p1a: Empoleon\n|-resisted|p1a: Empoleon\n|-crit|p1a: Empoleon\n|-damage|p1a: Empoleon|87\/100\n|\n|upkeep\n|turn|4\n|\n|t:|1700623795\n|switch|p2a: Ribombee|Ribombee, M|100\/100\n|move|p1a: Empoleon|Flash Cannon|p2a: Ribombee\n|-supereffective|p2a: Ribombee\n|-enditem|p2a: Ribombee|Focus Sash\n|-damage|p2a: Ribombee|1\/100\n|\n|upkeep\n|turn|5\n|\n|t:|1700623804\n|switch|p1a: Great Tusk|Great Tusk|100\/100\n|move|p2a: Ribombee|Sticky Web|p1a: Great Tusk\n|-sidestart|p1: jynmfh|move: Sticky Web\n|\n|upkeep\n|turn|6\n|\n|t:|1700623806\n|move|p2a: Ribombee|Moonblast|p1a: Great Tusk\n|-supereffective|p1a: Great Tusk\n|-damage|p1a: Great Tusk|0 fnt\n|faint|p1a: Great Tusk\n|-end|p1a: Great Tusk|Protosynthesis|[silent]\n|\n|upkeep\n|\n|t:|1700623817\n|switch|p1a: Revavroom|Revavroom, M|100\/100\n|-activate|p1a: Revavroom|move: Sticky Web\n|-unboost|p1a: Revavroom|spe|1\n|turn|7\n|\n|t:|1700623832\n|move|p2a: Ribombee|Moonblast|p1a: Revavroom\n|-resisted|p1a: Revavroom\n|-damage|p1a: Revavroom|85\/100\n|move|p1a: Revavroom|Shift Gear|p1a: Revavroom\n|-boost|p1a: Revavroom|spe|2\n|-boost|p1a: Revavroom|atk|1\n|\n|upkeep\n|turn|8\n|\n|t:|1700623843\n|switch|p2a: Scizor|Scizor, F|100\/100\n|move|p1a: Revavroom|Shift Gear|p1a: Revavroom\n|-boost|p1a: Revavroom|spe|2\n|-boost|p1a: Revavroom|atk|1\n|\n|upkeep\n|turn|9\n|\n|t:|1700623845\n|move|p1a: Revavroom|High Horsepower|p2a: Scizor\n|-damage|p2a: Scizor|38\/100\n|move|p2a: Scizor|Close Combat|p1a: Revavroom\n|-damage|p1a: Revavroom|0 fnt\n|-unboost|p2a: Scizor|def|1\n|-unboost|p2a: Scizor|spd|1\n|faint|p1a: Revavroom\n|\n|upkeep\n|\n|t:|1700623854\n|switch|p1a: Kommo-o|Kommo-o, F|100\/100\n|-activate|p1a: Kommo-o|move: Sticky Web\n|-unboost|p1a: Kommo-o|spe|1\n|turn|10\n|\n|t:|1700623857\n|switch|p2a: Ribombee|Ribombee, M|1\/100\n|move|p1a: Kommo-o|Clangorous Soul|p1a: Kommo-o\n|-boost|p1a: Kommo-o|atk|1\n|-boost|p1a: Kommo-o|def|1\n|-boost|p1a: Kommo-o|spa|1\n|-boost|p1a: Kommo-o|spd|1\n|-boost|p1a: Kommo-o|spe|1\n|-damage|p1a: Kommo-o|68\/100\n|-enditem|p1a: Kommo-o|Throat Spray\n|-boost|p1a: Kommo-o|spa|1|[from] item: Throat Spray\n|\n|upkeep\n|turn|11\n|\n|t:|1700623865\n|move|p2a: Ribombee|Moonblast|p1a: Kommo-o\n|-supereffective|p1a: Kommo-o\n|-damage|p1a: Kommo-o|0 fnt\n|faint|p1a: Kommo-o\n|\n|upkeep\n|-message|jynmfh forfeited.\n|\n|win|Onte bad\n|raw|jynmfh's rating: 1180 &rarr; <strong>1155<\/strong><br \/>(-25 for losing)\n|raw|Onte bad's rating: 1182 &rarr; <strong>1207<\/strong><br \/>(+25 for winning)\n|l|\u2606jynmfh\n","uploadtime":1700623872,"views":0,"p1id":"jynmfh","p2id":"ontebad","formatid":"gen9ou","rating":1155,"private":0,"password":""}