{"id":"gen9ou-1990058514","p1":"artichokeheart","p2":"Sprout926","format":"[Gen 9] OU","log":"|j|\u2606artichokeheart\n|j|\u2606Sprout926\n|t:|1699920063\n|gametype|singles\n|player|p1|artichokeheart|skierf|1050\n|player|p2|Sprout926|dawn-gen4pt|1071\n|teamsize|p1|6\n|teamsize|p2|6\n|gen|9\n|tier|[Gen 9] OU\n|rated|\n|rule|Sleep Clause Mod: Limit one foe put to sleep\n|rule|Species Clause: Limit one of each Pok\u00e9mon\n|rule|OHKO Clause: OHKO moves are banned\n|rule|Evasion Items Clause: Evasion items are banned\n|rule|Evasion Moves Clause: Evasion moves are banned\n|rule|Endless Battle Clause: Forcing endless battles is banned\n|rule|HP Percentage Mod: HP is shown in percentages\n|clearpoke\n|poke|p1|Infernape, F|\n|poke|p1|Empoleon, M|\n|poke|p1|Zapdos|\n|poke|p1|Tornadus-Therian, M|\n|poke|p1|Thundurus, M|\n|poke|p1|Hoopa-Unbound|\n|poke|p2|Ogerpon-Wellspring, F|\n|poke|p2|Landorus-Therian, M|\n|poke|p2|Corviknight, M|\n|poke|p2|Iron Moth|\n|poke|p2|Ceruledge, M|\n|poke|p2|Iron Valiant|\n|teampreview\n|inactive|Battle timer is ON: inactive players will automatically lose when time's up. (requested by Sprout926)\n|\n|t:|1699920083\n|start\n|switch|p1a: sdd catp|Thundurus, M|100\/100\n|switch|p2a: Landorus|Landorus-Therian, M|100\/100\n|-ability|p2a: Landorus|Intimidate|boost\n|-unboost|p1a: sdd catp|atk|1\n|-ability|p1a: sdd catp|Defiant|boost\n|-boost|p1a: sdd catp|atk|2\n|turn|1\n|\n|t:|1699920098\n|move|p1a: sdd catp|Dark Pulse|p2a: Landorus\n|-damage|p2a: Landorus|64\/100\n|move|p2a: Landorus|Stone Edge|p1a: sdd catp\n|-supereffective|p1a: sdd catp\n|-damage|p1a: sdd catp|0 fnt\n|faint|p1a: sdd catp\n|\n|upkeep\n|\n|t:|1699920115\n|switch|p1a: Empoleon|Empoleon, M, shiny|100\/100\n|turn|2\n|\n|t:|1699920119\n|move|p2a: Landorus|Earthquake|p1a: Empoleon\n|-supereffective|p1a: Empoleon\n|-damage|p1a: Empoleon|0 fnt\n|faint|p1a: Empoleon\n|\n|upkeep\n|\n|t:|1699920126\n|switch|p1a: sici orfc|Infernape, F, shiny|100\/100\n|turn|3\n|\n|t:|1699920130\n|move|p2a: Landorus|Earthquake|p1a: sici orfc\n|-supereffective|p1a: sici orfc\n|-damage|p1a: sici orfc|0 fnt\n|faint|p1a: sici orfc\n|\n|upkeep\n|\n|t:|1699920137\n|switch|p1a: Tornadus|Tornadus-Therian, M|100\/100\n|turn|4\n|\n|t:|1699920142\n|move|p1a: Tornadus|Hurricane|p2a: Landorus|[miss]\n|-miss|p1a: Tornadus|p2a: Landorus\n|move|p2a: Landorus|Stone Edge|p1a: Tornadus\n|-supereffective|p1a: Tornadus\n|-damage|p1a: Tornadus|2\/100\n|\n|upkeep\n|turn|5\n|\n|t:|1699920148\n|move|p1a: Tornadus|Hurricane|p2a: Landorus|[miss]\n|-miss|p1a: Tornadus|p2a: Landorus\n|move|p2a: Landorus|Body Slam|p1a: Tornadus\n|-damage|p1a: Tornadus|0 fnt\n|faint|p1a: Tornadus\n|\n|upkeep\n|\n|t:|1699920155\n|switch|p1a: Zapdos|Zapdos|100\/100\n|turn|6\n|\n|t:|1699920159\n|move|p2a: Landorus|Swords Dance|p2a: Landorus\n|-boost|p2a: Landorus|atk|2\n|move|p1a: Zapdos|Hurricane|p2a: Landorus\n|-damage|p2a: Landorus|9\/100\n|\n|upkeep\n|turn|7\n|\n|t:|1699920165\n|move|p2a: Landorus|Stone Edge|p1a: Zapdos\n|-supereffective|p1a: Zapdos\n|-damage|p1a: Zapdos|0 fnt\n|faint|p1a: Zapdos\n|\n|upkeep\n|\n|t:|1699920169\n|switch|p1a: Hoopa|Hoopa-Unbound|100\/100\n|turn|8\n|\n|t:|1699920175\n|move|p2a: Landorus|Earthquake|p1a: Hoopa\n|-damage|p1a: Hoopa|0 fnt\n|faint|p1a: Hoopa\n|\n|win|Sprout926\n|raw|artichokeheart's rating: 1050 &rarr; <strong>1034<\/strong><br \/>(-16 for losing)\n|raw|Sprout926's rating: 1071 &rarr; <strong>1099<\/strong><br \/>(+28 for winning)\n|c|\u2606Sprout926|gg\n","uploadtime":1699920185,"views":44,"p1id":"artichokeheart","p2id":"sprout926","formatid":"gen9ou","rating":1034,"private":0,"password":""}