{"id":"gen9ou-1996520150","p1":"Bram1345","p2":"BTU100","format":"[Gen 9] OU","log":"|j|\u2606Bram1345\n|j|\u2606BTU100\n|t:|1700690079\n|gametype|singles\n|player|p1|Bram1345|burgh|1533\n|player|p2|BTU100|2|1508\n|teamsize|p1|6\n|teamsize|p2|6\n|gen|9\n|tier|[Gen 9] OU\n|rated|\n|rule|Sleep Clause Mod: Limit one foe put to sleep\n|rule|Species Clause: Limit one of each Pok\u00e9mon\n|rule|OHKO Clause: OHKO moves are banned\n|rule|Evasion Items Clause: Evasion items are banned\n|rule|Evasion Moves Clause: Evasion moves are banned\n|rule|Endless Battle Clause: Forcing endless battles is banned\n|rule|HP Percentage Mod: HP is shown in percentages\n|clearpoke\n|poke|p1|Zamazenta-*|\n|poke|p1|Dondozo, F|\n|poke|p1|Ursaluna, M|\n|poke|p1|Corviknight, M|\n|poke|p1|Dragapult, F|\n|poke|p1|Heatran, F|\n|poke|p2|Ninetales-Alola, F|\n|poke|p2|Slowking-Galar, M|\n|poke|p2|Cetitan, F|\n|poke|p2|Sandslash-Alola, F|\n|poke|p2|Zapdos|\n|poke|p2|Ogerpon-Cornerstone, F|\n|teampreview\n|inactive|Battle timer is ON: inactive players will automatically lose when time's up. (requested by BTU100)\n|c|\u2606Bram1345|glhf\n|c|\u2606BTU100|Hf\n|\n|t:|1700690105\n|start\n|switch|p1a: Heatran|Heatran, F|100\/100\n|switch|p2a: Ogerpon|Ogerpon-Cornerstone, F|100\/100\n|turn|1\n|\n|t:|1700690113\n|move|p2a: Ogerpon|Ivy Cudgel|p1a: Heatran|[anim] Ivy Cudgel Rock\n|-crit|p1a: Heatran\n|-damage|p1a: Heatran|20\/100\n|move|p1a: Heatran|Will-O-Wisp|p2a: Ogerpon\n|-status|p2a: Ogerpon|brn\n|\n|-heal|p1a: Heatran|26\/100|[from] item: Leftovers\n|-damage|p2a: Ogerpon|95\/100 brn|[from] brn\n|upkeep\n|turn|2\n|j| Seleukos\n|\n|t:|1700690129\n|switch|p1a: Corviknight|Corviknight, M|100\/100\n|move|p2a: Ogerpon|Ivy Cudgel|p1a: Corviknight|[anim] Ivy Cudgel Rock\n|-damage|p1a: Corviknight|83\/100\n|\n|-heal|p1a: Corviknight|89\/100|[from] item: Leftovers\n|-damage|p2a: Ogerpon|89\/100 brn|[from] brn\n|upkeep\n|turn|3\n|\n|t:|1700690136\n|move|p2a: Ogerpon|Spikes|p1a: Corviknight\n|-sidestart|p1: Bram1345|Spikes\n|move|p1a: Corviknight|U-turn|p2a: Ogerpon\n|-supereffective|p2a: Ogerpon\n|-damage|p2a: Ogerpon|54\/100 brn\n|\n|t:|1700690149\n|switch|p1a: Dragapult|Dragapult, F|100\/100|[from] U-turn\n|\n|-damage|p2a: Ogerpon|48\/100 brn|[from] brn\n|upkeep\n|turn|4\n|\n|t:|1700690162\n|move|p1a: Dragapult|Shadow Ball|p2a: Ogerpon\n|-damage|p2a: Ogerpon|7\/100 brn\n|-unboost|p2a: Ogerpon|spd|1\n|move|p2a: Ogerpon|Ivy Cudgel|p1a: Dragapult|[anim] Ivy Cudgel Rock\n|-damage|p1a: Dragapult|60\/100\n|\n|-damage|p2a: Ogerpon|1\/100 brn|[from] brn\n|upkeep\n|turn|5\n|\n|t:|1700690175\n|move|p1a: Dragapult|U-turn|p2a: Ogerpon\n|-supereffective|p2a: Ogerpon\n|-damage|p2a: Ogerpon|0 fnt\n|faint|p2a: Ogerpon\n|\n|t:|1700690178\n|switch|p1a: Corviknight|Corviknight, M|89\/100|[from] U-turn\n|\n|-heal|p1a: Corviknight|95\/100|[from] item: Leftovers\n|upkeep\n|\n|t:|1700690182\n|switch|p2a: Zapdos|Zapdos|100\/100\n|turn|6\n|\n|t:|1700690187\n|switch|p1a: Ursaluna|Ursaluna, M|100\/100\n|-damage|p1a: Ursaluna|88\/100|[from] Spikes\n|move|p2a: Zapdos|Heat Wave|p1a: Ursaluna|[miss]\n|-miss|p2a: Zapdos|p1a: Ursaluna\n|\n|upkeep\n|turn|7\n|\n|t:|1700690197\n|switch|p2a: Ninetales|Ninetales-Alola, F|100\/100\n|-weather|Snow|[from] ability: Snow Warning|[of] p2a: Ninetales\n|move|p1a: Ursaluna|Ice Punch|p2a: Ninetales\n|-resisted|p2a: Ninetales\n|-damage|p2a: Ninetales|84\/100\n|\n|-weather|Snow|[upkeep]\n|upkeep\n|turn|8\n|\n|t:|1700690220\n|switch|p2a: Zapdos|Zapdos|100\/100\n|move|p1a: Ursaluna|Fire Punch|p2a: Zapdos\n|-damage|p2a: Zapdos|77\/100\n|-status|p1a: Ursaluna|par|[from] ability: Static|[of] p2a: Zapdos\n|\n|-weather|Snow|[upkeep]\n|upkeep\n|turn|9\n|\n|t:|1700690226\n|move|p2a: Zapdos|Weather Ball|p1a: Ursaluna\n|-supereffective|p1a: Ursaluna\n|-damage|p1a: Ursaluna|51\/100 par\n|move|p1a: Ursaluna|Body Slam|p2a: Zapdos\n|-damage|p2a: Zapdos|22\/100\n|\n|-weather|Snow|[upkeep]\n|upkeep\n|turn|10\n|\n|t:|1700690238\n|switch|p2a: Ninetales|Ninetales-Alola, F|84\/100\n|cant|p1a: Ursaluna|par\n|\n|-weather|Snow|[upkeep]\n|upkeep\n|turn|11\n|\n|t:|1700690254\n|switch|p1a: Heatran|Heatran, F|26\/100\n|-damage|p1a: Heatran|13\/100|[from] Spikes\n|move|p2a: Ninetales|Aurora Veil|p2a: Ninetales\n|-sidestart|p2: BTU100|move: Aurora Veil\n|\n|-weather|none\n|-heal|p1a: Heatran|20\/100|[from] item: Leftovers\n|upkeep\n|turn|12\n|\n|t:|1700690262\n|switch|p2a: Zapdos|Zapdos|22\/100\n|move|p1a: Heatran|Magma Storm|p2a: Zapdos\n|-damage|p2a: Zapdos|0 fnt\n|faint|p2a: Zapdos\n|\n|-heal|p1a: Heatran|26\/100|[from] item: Leftovers\n|upkeep\n|\n|t:|1700690268\n|switch|p2a: Cetitan|Cetitan, F, shiny|100\/100\n|turn|13\n|\n|t:|1700690292\n|move|p2a: Cetitan|Earthquake|p1a: Heatran\n|-supereffective|p1a: Heatran\n|-damage|p1a: Heatran|0 fnt\n|faint|p1a: Heatran\n|\n|upkeep\n|\n|t:|1700690302\n|switch|p1a: Dondozo|Dondozo, F|100\/100\n|-damage|p1a: Dondozo|88\/100|[from] Spikes\n|turn|14\n|\n|t:|1700690311\n|switch|p2a: Slowking|Slowking-Galar, M, shiny|100\/100\n|move|p1a: Dondozo|Yawn|p2a: Slowking\n|-start|p2a: Slowking|move: Yawn|[of] p1a: Dondozo\n|\n|-heal|p1a: Dondozo|94\/100|[from] item: Leftovers\n|upkeep\n|turn|15\n|\n|t:|1700690320\n|move|p1a: Dondozo|Curse|p1a: Dondozo\n|-unboost|p1a: Dondozo|spe|1\n|-boost|p1a: Dondozo|atk|1\n|-boost|p1a: Dondozo|def|1\n|move|p2a: Slowking|Chilly Reception|p2a: Slowking\n|-weather|Snow\n|\n|t:|1700690323\n|switch|p2a: Ninetales|Ninetales-Alola, F|84\/100|[from] Chilly Reception\n|\n|-weather|Snow|[upkeep]\n|-heal|p1a: Dondozo|100\/100|[from] item: Leftovers\n|upkeep\n|turn|16\n|\n|t:|1700690336\n|move|p2a: Ninetales|Encore|p1a: Dondozo\n|-start|p1a: Dondozo|Encore\n|move|p1a: Dondozo|Curse|p1a: Dondozo\n|-unboost|p1a: Dondozo|spe|1\n|-boost|p1a: Dondozo|atk|1\n|-boost|p1a: Dondozo|def|1\n|\n|-weather|Snow|[upkeep]\n|upkeep\n|turn|17\n|\n|t:|1700690344\n|move|p2a: Ninetales|Freeze-Dry|p1a: Dondozo\n|-supereffective|p1a: Dondozo\n|-damage|p1a: Dondozo|55\/100\n|move|p1a: Dondozo|Curse|p1a: Dondozo\n|-unboost|p1a: Dondozo|spe|1\n|-boost|p1a: Dondozo|atk|1\n|-boost|p1a: Dondozo|def|1\n|\n|-weather|Snow|[upkeep]\n|-heal|p1a: Dondozo|61\/100|[from] item: Leftovers\n|upkeep\n|turn|18\n|\n|t:|1700690354\n|move|p2a: Ninetales|Freeze-Dry|p1a: Dondozo\n|-supereffective|p1a: Dondozo\n|-damage|p1a: Dondozo|13\/100\n|move|p1a: Dondozo|Curse|p1a: Dondozo\n|-unboost|p1a: Dondozo|spe|1\n|-boost|p1a: Dondozo|atk|1\n|-boost|p1a: Dondozo|def|1\n|\n|-weather|Snow|[upkeep]\n|-heal|p1a: Dondozo|19\/100|[from] item: Leftovers\n|-end|p1a: Dondozo|Encore\n|-sideend|p2: BTU100|move: Aurora Veil\n|upkeep\n|turn|19\n|\n|t:|1700690362\n|move|p2a: Ninetales|Freeze-Dry|p1a: Dondozo\n|-supereffective|p1a: Dondozo\n|-damage|p1a: Dondozo|0 fnt\n|faint|p1a: Dondozo\n|\n|-weather|Snow|[upkeep]\n|upkeep\n|\n|t:|1700690373\n|switch|p1a: Ursaluna|Ursaluna, M|51\/100 par\n|-damage|p1a: Ursaluna|38\/100 par|[from] Spikes\n|turn|20\n|\n|t:|1700690381\n|move|p2a: Ninetales|Aurora Veil|p2a: Ninetales\n|-sidestart|p2: BTU100|move: Aurora Veil\n|move|p1a: Ursaluna|Headlong Rush|p2a: Ninetales\n|-damage|p2a: Ninetales|33\/100\n|-unboost|p1a: Ursaluna|def|1\n|-unboost|p1a: Ursaluna|spd|1\n|\n|-weather|Snow|[upkeep]\n|upkeep\n|turn|21\n|\n|t:|1700690389\n|move|p2a: Ninetales|Freeze-Dry|p1a: Ursaluna\n|-supereffective|p1a: Ursaluna\n|-damage|p1a: Ursaluna|0 fnt\n|faint|p1a: Ursaluna\n|\n|-weather|Snow|[upkeep]\n|upkeep\n|\n|t:|1700690392\n|switch|p1a: Dragapult|Dragapult, F|60\/100\n|turn|22\n|\n|t:|1700690397\n|switch|p2a: Sandslash|Sandslash-Alola, F, shiny|100\/100\n|move|p1a: Dragapult|Shadow Ball|p2a: Sandslash\n|-damage|p2a: Sandslash|45\/100\n|\n|-weather|none\n|upkeep\n|turn|23\n|\n|t:|1700690410\n|switch|p2a: Ninetales|Ninetales-Alola, F|33\/100\n|-weather|Snow|[from] ability: Snow Warning|[of] p2a: Ninetales\n|move|p1a: Dragapult|Shadow Ball|p2a: Ninetales\n|-damage|p2a: Ninetales|0 fnt\n|faint|p2a: Ninetales\n|\n|-weather|Snow|[upkeep]\n|upkeep\n|\n|t:|1700690411\n|switch|p2a: Sandslash|Sandslash-Alola, F, shiny|45\/100\n|turn|24\n|\n|t:|1700690422\n|switch|p1a: Corviknight|Corviknight, M|95\/100\n|move|p2a: Sandslash|Icicle Crash|p1a: Corviknight\n|-damage|p1a: Corviknight|65\/100\n|-damage|p2a: Sandslash|35\/100|[from] item: Life Orb\n|\n|-weather|Snow|[upkeep]\n|-heal|p1a: Corviknight|71\/100|[from] item: Leftovers\n|upkeep\n|turn|25\n|\n|t:|1700690443\n|move|p2a: Sandslash|Swords Dance|p2a: Sandslash\n|-boost|p2a: Sandslash|atk|2\n|move|p1a: Corviknight|Roost|p1a: Corviknight\n|-heal|p1a: Corviknight|100\/100\n|-singleturn|p1a: Corviknight|move: Roost\n|\n|-weather|Snow|[upkeep]\n|upkeep\n|turn|26\n|\n|t:|1700690457\n|move|p2a: Sandslash|Icicle Crash|p1a: Corviknight\n|-damage|p1a: Corviknight|44\/100\n|-damage|p2a: Sandslash|25\/100|[from] item: Life Orb\n|cant|p1a: Corviknight|flinch\n|\n|-weather|Snow|[upkeep]\n|-heal|p1a: Corviknight|50\/100|[from] item: Leftovers\n|upkeep\n|turn|27\n|\n|t:|1700690479\n|-terastallize|p1a: Corviknight|Water\n|move|p2a: Sandslash|Icicle Crash|p1a: Corviknight\n|-resisted|p1a: Corviknight\n|-damage|p1a: Corviknight|21\/100\n|-damage|p2a: Sandslash|15\/100|[from] item: Life Orb\n|cant|p1a: Corviknight|flinch\n|\n|-weather|none\n|-heal|p1a: Corviknight|27\/100|[from] item: Leftovers\n|-sideend|p2: BTU100|move: Aurora Veil\n|upkeep\n|turn|28\n|\n|t:|1700690494\n|move|p2a: Sandslash|Earthquake|p1a: Corviknight\n|-damage|p1a: Corviknight|0 fnt\n|faint|p1a: Corviknight\n|-damage|p2a: Sandslash|5\/100|[from] item: Life Orb\n|\n|upkeep\n|\n|t:|1700690505\n|switch|p1a: Zamazenta|Zamazenta|100\/100\n|-damage|p1a: Zamazenta|88\/100|[from] Spikes\n|-ability|p1a: Zamazenta|Dauntless Shield|boost\n|-boost|p1a: Zamazenta|def|1\n|turn|29\n|\n|t:|1700690515\n|move|p1a: Zamazenta|Substitute|p1a: Zamazenta\n|-start|p1a: Zamazenta|Substitute\n|-damage|p1a: Zamazenta|63\/100\n|move|p2a: Sandslash|Iron Head|p1a: Zamazenta\n|-end|p1a: Zamazenta|Substitute\n|-damage|p2a: Sandslash|0 fnt|[from] item: Life Orb\n|faint|p2a: Sandslash\n|\n|-heal|p1a: Zamazenta|69\/100|[from] item: Leftovers\n|upkeep\n|\n|t:|1700690518\n|switch|p2a: Slowking|Slowking-Galar, M, shiny|100\/100\n|turn|30\n|\n|t:|1700690527\n|move|p1a: Zamazenta|Iron Defense|p1a: Zamazenta\n|-boost|p1a: Zamazenta|def|2\n|move|p2a: Slowking|Future Sight|p1a: Zamazenta\n|-start|p2a: Slowking|move: Future Sight\n|\n|-heal|p1a: Zamazenta|76\/100|[from] item: Leftovers\n|upkeep\n|turn|31\n|\n|t:|1700690536\n|move|p1a: Zamazenta|Crunch|p2a: Slowking\n|-supereffective|p2a: Slowking\n|-damage|p2a: Slowking|59\/100\n|move|p2a: Slowking|Sludge Bomb|p1a: Zamazenta\n|-damage|p1a: Zamazenta|50\/100\n|\n|-heal|p1a: Zamazenta|56\/100|[from] item: Leftovers\n|upkeep\n|turn|32\n|\n|t:|1700690546\n|move|p1a: Zamazenta|Crunch|p2a: Slowking\n|-supereffective|p2a: Slowking\n|-damage|p2a: Slowking|18\/100\n|move|p2a: Slowking|Slack Off|p2a: Slowking\n|-heal|p2a: Slowking|68\/100\n|\n|-end|p1a: Zamazenta|move: Future Sight\n|-supereffective|p1a: Zamazenta\n|-damage|p1a: Zamazenta|0 fnt\n|faint|p1a: Zamazenta\n|upkeep\n|\n|t:|1700690552\n|switch|p1a: Dragapult|Dragapult, F|60\/100\n|turn|33\n|\n|t:|1700690566\n|move|p1a: Dragapult|Shadow Ball|p2a: Slowking\n|-supereffective|p2a: Slowking\n|-damage|p2a: Slowking|30\/100\n|move|p2a: Slowking|Chilly Reception|p2a: Slowking\n|-weather|Snow\n|\n|t:|1700690576\n|switch|p2a: Cetitan|Cetitan, F, shiny|100\/100|[from] Chilly Reception\n|\n|-weather|Snow|[upkeep]\n|upkeep\n|turn|34\n|\n|t:|1700690581\n|move|p2a: Cetitan|Ice Spinner|p1a: Dragapult\n|-supereffective|p1a: Dragapult\n|-damage|p1a: Dragapult|0 fnt\n|faint|p1a: Dragapult\n|\n|win|BTU100\n|raw|Bram1345's rating: 1533 &rarr; <strong>1512<\/strong><br \/>(-21 for losing)\n|raw|BTU100's rating: 1508 &rarr; <strong>1529<\/strong><br \/>(+21 for winning)\n|c|\u2606Bram1345|gg\n|c|\u2606BTU100|Gg\n|l|\u2606Bram1345\n|l| Seleukos\n","uploadtime":1700690597,"views":6,"p1id":"bram1345","p2id":"btu100","formatid":"gen9ou","rating":1512,"private":0,"password":""}