{"id":"gen9ou-1992511352","p1":"SDK04","p2":"SChonso17","format":"[Gen 9] OU","log":"|j|\u2606SDK04\n|j|\u2606SChonso17\n|inactive|Battle timer is ON: inactive players will automatically lose when time's up.\n|t:|1700197291\n|gametype|singles\n|player|p1|SDK04|unknown|\n|player|p2|SChonso17|169|\n|teamsize|p1|6\n|teamsize|p2|6\n|gen|9\n|tier|[Gen 9] OU\n|rated|Tournament battle\n|rule|Sleep Clause Mod: Limit one foe put to sleep\n|rule|Species Clause: Limit one of each Pok\u00e9mon\n|rule|OHKO Clause: OHKO moves are banned\n|rule|Evasion Items Clause: Evasion items are banned\n|rule|Evasion Moves Clause: Evasion moves are banned\n|rule|Endless Battle Clause: Forcing endless battles is banned\n|rule|HP Percentage Mod: HP is shown in percentages\n|clearpoke\n|poke|p1|Munkidori, M|\n|poke|p1|Rillaboom, M|\n|poke|p1|Empoleon, M|\n|poke|p1|Dragonite, F|\n|poke|p1|Great Tusk|\n|poke|p1|Muk-Alola, M|\n|poke|p2|Pelipper, M|\n|poke|p2|Barraskewda, F|\n|poke|p2|Zapdos|\n|poke|p2|Manaphy|\n|poke|p2|Maushold|\n|poke|p2|Crawdaunt, M|\n|teampreview\n|j| Light Dlc1 Train\n|\n|t:|1700197320\n|start\n|switch|p1a: Mojo Jojo|Munkidori, M|100\/100\n|switch|p2a: Zapdos|Zapdos|100\/100\n|turn|1\n|\n|t:|1700197326\n|move|p1a: Mojo Jojo|U-turn|p2a: Zapdos\n|-resisted|p2a: Zapdos\n|-damage|p2a: Zapdos|93\/100\n|j| Bad Players\n|\n|t:|1700197329\n|switch|p1a: Arctic Emperor|Empoleon, M|100\/100|[from] U-turn\n|move|p2a: Zapdos|Volt Switch|p1a: Arctic Emperor\n|-supereffective|p1a: Arctic Emperor\n|-damage|p1a: Arctic Emperor|0 fnt\n|faint|p1a: Arctic Emperor\n|c|\u2606SDK04|Ouch\n|\n|t:|1700197341\n|switch|p2a: Barraskewda|Barraskewda, F|100\/100|[from] Volt Switch\n|\n|upkeep\n|\n|t:|1700197345\n|switch|p1a: Nature\u2019s Nuke|Rillaboom, M, shiny|100\/100\n|-fieldstart|move: Grassy Terrain|[from] ability: Grassy Surge|[of] p1a: Nature\u2019s Nuke\n|turn|2\n|\n|t:|1700197350\n|switch|p2a: Pelipper|Pelipper, M|100\/100\n|-weather|RainDance|[from] ability: Drizzle|[of] p2a: Pelipper\n|move|p1a: Nature\u2019s Nuke|Knock Off|p2a: Pelipper\n|-damage|p2a: Pelipper|77\/100\n|-enditem|p2a: Pelipper|Damp Rock|[from] move: Knock Off|[of] p1a: Nature\u2019s Nuke\n|\n|-weather|RainDance|[upkeep]\n|upkeep\n|turn|3\n|\n|t:|1700197359\n|switch|p1a: Certified Eater|Muk-Alola, M|100\/100\n|move|p2a: Pelipper|Hurricane|p1a: Certified Eater\n|-damage|p1a: Certified Eater|78\/100\n|\n|-weather|RainDance|[upkeep]\n|-heal|p1a: Certified Eater|84\/100|[from] Grassy Terrain\n|-heal|p1a: Certified Eater|90\/100|[from] item: Black Sludge\n|upkeep\n|turn|4\n|\n|t:|1700197368\n|move|p1a: Certified Eater|Knock Off|p2a: Pelipper\n|-damage|p2a: Pelipper|59\/100\n|move|p2a: Pelipper|U-turn|p1a: Certified Eater\n|-damage|p1a: Certified Eater|79\/100\n|\n|t:|1700197373\n|switch|p2a: Barraskewda|Barraskewda, F|100\/100|[from] U-turn\n|\n|-weather|RainDance|[upkeep]\n|-heal|p1a: Certified Eater|85\/100|[from] Grassy Terrain\n|-heal|p1a: Certified Eater|91\/100|[from] item: Black Sludge\n|upkeep\n|turn|5\n|\n|t:|1700197382\n|move|p1a: Certified Eater|Protect|p1a: Certified Eater\n|-singleturn|p1a: Certified Eater|Protect\n|move|p2a: Barraskewda|Liquidation|p1a: Certified Eater\n|-activate|p1a: Certified Eater|move: Protect\n|\n|-weather|RainDance|[upkeep]\n|-heal|p1a: Certified Eater|97\/100|[from] Grassy Terrain\n|-heal|p1a: Certified Eater|100\/100|[from] item: Black Sludge\n|upkeep\n|turn|6\n|\n|t:|1700197391\n|move|p2a: Barraskewda|Liquidation|p1a: Certified Eater\n|-damage|p1a: Certified Eater|0 fnt\n|faint|p1a: Certified Eater\n|\n|-weather|RainDance|[upkeep]\n|-fieldend|move: Grassy Terrain\n|upkeep\n|\n|t:|1700197394\n|switch|p1a: Nature\u2019s Nuke|Rillaboom, M, shiny|100\/100\n|-fieldstart|move: Grassy Terrain|[from] ability: Grassy Surge|[of] p1a: Nature\u2019s Nuke\n|turn|7\n|\n|t:|1700197406\n|switch|p2a: Zapdos|Zapdos|93\/100\n|move|p1a: Nature\u2019s Nuke|Swords Dance|p1a: Nature\u2019s Nuke\n|-boost|p1a: Nature\u2019s Nuke|atk|2\n|\n|-weather|RainDance|[upkeep]\n|upkeep\n|turn|8\n|\n|t:|1700197422\n|move|p2a: Zapdos|Hurricane|p1a: Nature\u2019s Nuke\n|-supereffective|p1a: Nature\u2019s Nuke\n|-damage|p1a: Nature\u2019s Nuke|0 fnt\n|faint|p1a: Nature\u2019s Nuke\n|\n|-weather|RainDance|[upkeep]\n|upkeep\n|\n|t:|1700197426\n|switch|p1a: Mojo Jojo|Munkidori, M|100\/100\n|turn|9\n|\n|t:|1700197429\n|move|p1a: Mojo Jojo|Psychic|p2a: Zapdos\n|-damage|p2a: Zapdos|39\/100\n|move|p2a: Zapdos|Hurricane|p1a: Mojo Jojo\n|-damage|p1a: Mojo Jojo|0 fnt\n|faint|p1a: Mojo Jojo\n|\n|-weather|none\n|upkeep\n|\n|t:|1700197434\n|switch|p1a: Navigator|Dragonite, F|100\/100\n|turn|10\n|\n|t:|1700197441\n|switch|p2a: Maushold|Maushold|100\/100\n|-terastallize|p1a: Navigator|Normal\n|move|p1a: Navigator|Extreme Speed|p2a: Maushold\n|-damage|p2a: Maushold|0 fnt\n|faint|p2a: Maushold\n|\n|upkeep\n|\n|t:|1700197453\n|switch|p2a: Pelipper|Pelipper, M|59\/100\n|-weather|RainDance|[from] ability: Drizzle|[of] p2a: Pelipper\n|turn|11\n|\n|t:|1700197458\n|move|p1a: Navigator|Extreme Speed|p2a: Pelipper\n|-damage|p2a: Pelipper|2\/100\n|move|p2a: Pelipper|U-turn|p1a: Navigator\n|-damage|p1a: Navigator|95\/100\n|\n|t:|1700197464\n|switch|p2a: Zapdos|Zapdos|39\/100|[from] U-turn\n|\n|-weather|RainDance|[upkeep]\n|-heal|p1a: Navigator|100\/100|[from] Grassy Terrain\n|-fieldend|move: Grassy Terrain\n|upkeep\n|turn|12\n|\n|t:|1700197472\n|move|p1a: Navigator|Extreme Speed|p2a: Zapdos\n|-damage|p2a: Zapdos|0 fnt\n|faint|p2a: Zapdos\n|\n|-weather|RainDance|[upkeep]\n|upkeep\n|\n|t:|1700197481\n|switch|p2a: Crawdaunt|Crawdaunt, M|100\/100\n|turn|13\n|\n|t:|1700197485\n|switch|p1a: Donphan-Therian|Great Tusk|100\/100\n|-terastallize|p2a: Crawdaunt|Steel\n|move|p2a: Crawdaunt|Knock Off|p1a: Donphan-Therian\n|-resisted|p1a: Donphan-Therian\n|-damage|p1a: Donphan-Therian|85\/100\n|-damage|p2a: Crawdaunt|84\/100|[from] item: Rocky Helmet|[of] p1a: Donphan-Therian\n|-enditem|p1a: Donphan-Therian|Rocky Helmet|[from] move: Knock Off|[of] p2a: Crawdaunt\n|-damage|p2a: Crawdaunt|74\/100|[from] item: Life Orb\n|\n|-weather|RainDance|[upkeep]\n|upkeep\n|turn|14\n|\n|t:|1700197502\n|switch|p2a: Manaphy|Manaphy|100\/100\n|move|p1a: Donphan-Therian|High Horsepower|p2a: Manaphy\n|-damage|p2a: Manaphy|63\/100\n|\n|-weather|RainDance|[upkeep]\n|upkeep\n|turn|15\n|\n|t:|1700197511\n|move|p2a: Manaphy|Surf|p1a: Donphan-Therian\n|-supereffective|p1a: Donphan-Therian\n|-damage|p1a: Donphan-Therian|0 fnt\n|faint|p1a: Donphan-Therian\n|-end|p1a: Donphan-Therian|Protosynthesis|[silent]\n|\n|-weather|none\n|upkeep\n|\n|t:|1700197512\n|switch|p1a: Navigator|Dragonite, F, tera:Normal|100\/100\n|turn|16\n|\n|t:|1700197521\n|switch|p2a: Pelipper|Pelipper, M|2\/100\n|-weather|RainDance|[from] ability: Drizzle|[of] p2a: Pelipper\n|move|p1a: Navigator|Extreme Speed|p2a: Pelipper\n|-damage|p2a: Pelipper|0 fnt\n|faint|p2a: Pelipper\n|\n|-weather|RainDance|[upkeep]\n|upkeep\n|\n|t:|1700197529\n|switch|p2a: Crawdaunt|Crawdaunt, M, tera:Steel|74\/100\n|turn|17\n|\n|t:|1700197532\n|move|p1a: Navigator|Extreme Speed|p2a: Crawdaunt\n|-resisted|p2a: Crawdaunt\n|-damage|p2a: Crawdaunt|23\/100\n|move|p2a: Crawdaunt|Knock Off|p1a: Navigator\n|-damage|p1a: Navigator|63\/100\n|-enditem|p1a: Navigator|Choice Band|[from] move: Knock Off|[of] p2a: Crawdaunt\n|-damage|p2a: Crawdaunt|13\/100|[from] item: Life Orb\n|\n|-weather|RainDance|[upkeep]\n|upkeep\n|turn|18\n|\n|t:|1700197541\n|move|p1a: Navigator|Extreme Speed|p2a: Crawdaunt\n|-resisted|p2a: Crawdaunt\n|-damage|p2a: Crawdaunt|0 fnt\n|faint|p2a: Crawdaunt\n|\n|-weather|RainDance|[upkeep]\n|upkeep\n|\n|t:|1700197547\n|switch|p2a: Manaphy|Manaphy|63\/100\n|turn|19\n|\n|t:|1700197551\n|move|p1a: Navigator|Extreme Speed|p2a: Manaphy\n|-damage|p2a: Manaphy|19\/100\n|move|p2a: Manaphy|Surf|p1a: Navigator\n|-damage|p1a: Navigator|0 fnt\n|faint|p1a: Navigator\n|\n|win|SChonso17\n|n|\u2606SDK04|sdk04\n|n|\u2606SChonso17|schonso17\n|n| Light Dlc1 Train|lightdlc1train\n|n| Bad Players|badplayers\n|c|\u2606SDK04|gg\n|c|\u2606SDK04|wp\n|l| Light Dlc1 Train\n","uploadtime":1700197563,"views":8,"p1id":"sdk04","p2id":"schonso17","formatid":"gen9ou","rating":0,"private":0,"password":""}