{"id":"gen9ou-1994284861","p1":"amongssudsd","p2":"JoterXV","format":"[Gen 9] OU","log":"|j|\u2606amongssudsd\n|j|\u2606JoterXV\n|t:|1700427012\n|gametype|singles\n|player|p1|amongssudsd|265|\n|player|p2|JoterXV|guitarist|\n|teamsize|p1|6\n|teamsize|p2|6\n|gen|9\n|tier|[Gen 9] OU\n|rule|Sleep Clause Mod: Limit one foe put to sleep\n|rule|Species Clause: Limit one of each Pok\u00e9mon\n|rule|OHKO Clause: OHKO moves are banned\n|rule|Evasion Items Clause: Evasion items are banned\n|rule|Evasion Moves Clause: Evasion moves are banned\n|rule|Endless Battle Clause: Forcing endless battles is banned\n|rule|HP Percentage Mod: HP is shown in percentages\n|clearpoke\n|poke|p1|Skeledirge, F|\n|poke|p1|Alomomola, F|\n|poke|p1|Iron Leaves|\n|poke|p1|Hydreigon, F|\n|poke|p1|Mismagius, F|\n|poke|p1|Sylveon, M|\n|poke|p2|Sableye, F|\n|poke|p2|Basculin-Blue-Striped, M|\n|poke|p2|Glimmora, F|\n|poke|p2|Scream Tail|\n|poke|p2|Dragapult, F|\n|poke|p2|Moltres|\n|teampreview\n|j| sharkkkf9shjhh\n|\n|t:|1700427058\n|start\n|switch|p1a: Jennifer|Mismagius, F|100\/100\n|switch|p2a: Nightshade|Glimmora, F|100\/100\n|-item|p2a: Nightshade|Air Balloon\n|turn|1\n|\n|t:|1700427069\n|move|p1a: Jennifer|Taunt|p2a: Nightshade\n|-start|p2a: Nightshade|move: Taunt\n|cant|p2a: Nightshade|move: Taunt|Toxic Spikes\n|\n|upkeep\n|turn|2\n|c| sharkkkf9shjhh|Zamn\n|c| sharkkkf9shjhh|Cooked\n|c| sharkkkf9shjhh|Joter forfeit\n|c| sharkkkf9shjhh|On the spot\n|\n|t:|1700427110\n|switch|p2a: Pillory|Scream Tail|100\/100\n|-terastallize|p1a: Jennifer|Steel\n|move|p1a: Jennifer|Tera Blast|p2a: Pillory|[anim] Tera Blast Steel\n|-supereffective|p2a: Pillory\n|-crit|p2a: Pillory\n|-damage|p2a: Pillory|37\/100\n|\n|-heal|p2a: Pillory|43\/100|[from] item: Leftovers\n|upkeep\n|turn|3\n|c| sharkkkf9shjhh|Holy cooked\n|\n|t:|1700427126\n|move|p2a: Pillory|Protect|p2a: Pillory\n|-singleturn|p2a: Pillory|Protect\n|move|p1a: Jennifer|Tera Blast|p2a: Pillory|[anim] Tera Blast Steel\n|-activate|p2a: Pillory|move: Protect\n|\n|-heal|p2a: Pillory|49\/100|[from] item: Leftovers\n|upkeep\n|turn|4\n|j| EggplantWall\n|l|\u2606JoterXV\n|player|p2|\n|j|\u2606JoterXV\n|player|p2|JoterXV|guitarist\n|\n|t:|1700427306\n|move|p2a: Pillory|Wish|p2a: Pillory\n|move|p1a: Jennifer|Tera Blast|p2a: Pillory|[anim] Tera Blast Steel\n|-supereffective|p2a: Pillory\n|-damage|p2a: Pillory|2\/100\n|\n|-heal|p2a: Pillory|8\/100|[from] item: Leftovers\n|upkeep\n|turn|5\n|\n|t:|1700427328\n|move|p2a: Pillory|Protect|p2a: Pillory\n|-singleturn|p2a: Pillory|Protect\n|move|p1a: Jennifer|Substitute|p1a: Jennifer\n|-start|p1a: Jennifer|Substitute\n|-damage|p1a: Jennifer|76\/100\n|\n|-heal|p2a: Pillory|58\/100|[from] move: Wish|[wisher] Pillory\n|-heal|p2a: Pillory|64\/100|[from] item: Leftovers\n|-heal|p1a: Jennifer|82\/100|[from] item: Leftovers\n|upkeep\n|turn|6\n|c| sharkkkf9shjhh|Your dixk is massive\n|\n|t:|1700427345\n|-end|p2a: Pillory|Protosynthesis|[silent]\n|switch|p2a: Cayenne|Moltres|100\/100\n|move|p1a: Jennifer|Taunt|p2a: Cayenne\n|-start|p2a: Cayenne|move: Taunt\n|\n|-heal|p1a: Jennifer|88\/100|[from] item: Leftovers\n|upkeep\n|turn|7\n|\n|t:|1700427370\n|move|p1a: Jennifer|Dazzling Gleam|p2a: Cayenne\n|-resisted|p2a: Cayenne\n|-damage|p2a: Cayenne|89\/100\n|move|p2a: Cayenne|Flamethrower|p1a: Jennifer\n|-supereffective|p1a: Jennifer\n|-end|p1a: Jennifer|Substitute\n|\n|-heal|p1a: Jennifer|94\/100|[from] item: Leftovers\n|upkeep\n|turn|8\n|\n|t:|1700427385\n|switch|p1a: The Honored One|Alomomola, F|100\/100\n|move|p2a: Cayenne|Flamethrower|p1a: The Honored One\n|-resisted|p1a: The Honored One\n|-damage|p1a: The Honored One|77\/100\n|\n|-end|p2a: Cayenne|move: Taunt\n|upkeep\n|turn|9\n|\n|t:|1700427396\n|move|p2a: Cayenne|U-turn|p1a: The Honored One\n|-damage|p1a: The Honored One|69\/100\n|\n|t:|1700427424\n|switch|p2a: Pillory|Scream Tail|64\/100|[from] U-turn\n|move|p1a: The Honored One|Scald|p2a: Pillory\n|-damage|p2a: Pillory|54\/100\n|\n|-heal|p2a: Pillory|61\/100|[from] item: Leftovers\n|upkeep\n|turn|10\n|\n|t:|1700427442\n|switch|p1a: Jennifer|Mismagius, F, tera:Steel|94\/100\n|move|p2a: Pillory|Thunder Wave|p1a: Jennifer\n|-status|p1a: Jennifer|par\n|\n|-heal|p2a: Pillory|67\/100|[from] item: Leftovers\n|-heal|p1a: Jennifer|99\/100 par|[from] item: Leftovers\n|upkeep\n|turn|11\n|\n|t:|1700427455\n|-end|p2a: Pillory|Protosynthesis|[silent]\n|switch|p2a: Cayenne|Moltres|89\/100\n|move|p1a: Jennifer|Taunt|p2a: Cayenne\n|-start|p2a: Cayenne|move: Taunt\n|\n|-heal|p1a: Jennifer|100\/100 par|[from] item: Leftovers\n|upkeep\n|turn|12\n|\n|t:|1700427504\n|switch|p1a: Raegan|Skeledirge, F|100\/100\n|move|p2a: Cayenne|U-turn|p1a: Raegan\n|-resisted|p1a: Raegan\n|-damage|p1a: Raegan|99\/100\n|\n|t:|1700427531\n|switch|p2a: Fillet - A - Fish|Basculin-Blue-Striped, M|100\/100|[from] U-turn\n|\n|upkeep\n|turn|13\n|c| EggplantWall|Both teams have strong offensive threats. Hydreigon, Mismagius, and Sylveon on Team 1 can pose significant threats to Team 2, especially with their diverse movepools. Team 2, however, has Dragapult and Basculin-Blue-Striped, which can hit hard with their STAB moves.\n|\n|t:|1700427561\n|switch|p1a: The Honored One|Alomomola, F|100\/100\n|-terastallize|p2a: Fillet - A - Fish|Water\n|move|p2a: Fillet - A - Fish|Flip Turn|p1a: The Honored One\n|-resisted|p1a: The Honored One\n|-damage|p1a: The Honored One|88\/100\n|\n|t:|1700427585\n|switch|p2a: Nightshade|Glimmora, F|100\/100|[from] Flip Turn\n|-item|p2a: Nightshade|Air Balloon\n|\n|upkeep\n|turn|14\n|\n|t:|1700427609\n|move|p2a: Nightshade|Toxic Spikes|p1a: The Honored One\n|-sidestart|p1: amongssudsd|move: Toxic Spikes\n|move|p1a: The Honored One|Flip Turn|p2a: Nightshade\n|-supereffective|p2a: Nightshade\n|-crit|p2a: Nightshade\n|-damage|p2a: Nightshade|46\/100\n|-activate|p2a: Nightshade|ability: Toxic Debris\n|-sidestart|p1: amongssudsd|move: Toxic Spikes\n|-enditem|p2a: Nightshade|Air Balloon\n|\n|t:|1700427628\n|switch|p1a: Jennifer|Mismagius, F, tera:Steel|100\/100 par|[from] Flip Turn\n|\n|upkeep\n|turn|15\n|c| sharkkkf9shjhh|Joter has entered the kitchen\n|c| sharkkkf9shjhh|His ass is cooking\n|\n|t:|1700427651\n|switch|p2a: Cayenne|Moltres|89\/100\n|move|p1a: Jennifer|Tera Blast|p2a: Cayenne|[anim] Tera Blast Steel\n|-resisted|p2a: Cayenne\n|-damage|p2a: Cayenne|70\/100\n|\n|upkeep\n|turn|16\n|\n|t:|1700427673\n|switch|p1a: Raegan|Skeledirge, F|99\/100\n|move|p2a: Cayenne|Roost|p2a: Cayenne\n|-heal|p2a: Cayenne|100\/100\n|-singleturn|p2a: Cayenne|move: Roost\n|\n|upkeep\n|turn|17\n|\n|t:|1700427690\n|move|p2a: Cayenne|U-turn|p1a: Raegan\n|-resisted|p1a: Raegan\n|-damage|p1a: Raegan|97\/100\n|\n|t:|1700427697\n|switch|p2a: Pillory|Scream Tail|67\/100|[from] U-turn\n|move|p1a: Raegan|Torch Song|p2a: Pillory\n|-damage|p2a: Pillory|47\/100\n|-boost|p1a: Raegan|spa|1\n|\n|-heal|p2a: Pillory|54\/100|[from] item: Leftovers\n|upkeep\n|turn|18\n|c| sharkkkf9shjhh|I told u all 6 mons would have boots joter it was inevitable\n|\n|t:|1700427714\n|move|p2a: Pillory|Thunder Wave|p1a: Raegan\n|-status|p1a: Raegan|par\n|move|p1a: Raegan|Will-O-Wisp|p2a: Pillory\n|-status|p2a: Pillory|brn\n|\n|-heal|p2a: Pillory|60\/100 brn|[from] item: Leftovers\n|-damage|p2a: Pillory|54\/100 brn|[from] brn\n|upkeep\n|turn|19\n|\n|t:|1700427733\n|move|p2a: Pillory|Wish|p2a: Pillory\n|move|p1a: Raegan|Hex|p2a: Pillory\n|-supereffective|p2a: Pillory\n|-damage|p2a: Pillory|0 fnt\n|faint|p2a: Pillory\n|-end|p2a: Pillory|Protosynthesis|[silent]\n|\n|upkeep\n|\n|t:|1700427747\n|switch|p2a: Fillet - A - Fish|Basculin-Blue-Striped, M, tera:Water|100\/100\n|turn|20\n|\n|t:|1700427765\n|switch|p1a: The Honored One|Alomomola, F|100\/100\n|move|p2a: Fillet - A - Fish|Flip Turn|p1a: The Honored One\n|-resisted|p1a: The Honored One\n|-damage|p1a: The Honored One|87\/100\n|\n|t:|1700427784\n|switch|p2a: Nightshade|Glimmora, F|46\/100|[from] Flip Turn\n|\n|-heal|p2a: Nightshade|100\/100|[from] move: Wish|[wisher] Pillory\n|upkeep\n|turn|21\n|l| sharkkkf9shjhh\n|\n|t:|1700427864\n|move|p2a: Nightshade|Toxic|p1a: The Honored One\n|-status|p1a: The Honored One|tox\n|move|p1a: The Honored One|Scald|p2a: Nightshade\n|-supereffective|p2a: Nightshade\n|-damage|p2a: Nightshade|65\/100\n|\n|-damage|p1a: The Honored One|81\/100 tox|[from] psn\n|upkeep\n|turn|22\n|\n|t:|1700427913\n|switch|p1a: Jennifer|Mismagius, F, tera:Steel|100\/100 par\n|move|p2a: Nightshade|Energy Ball|p1a: Jennifer\n|-resisted|p1a: Jennifer\n|-damage|p1a: Jennifer|84\/100 par\n|\n|-heal|p1a: Jennifer|90\/100 par|[from] item: Leftovers\n|upkeep\n|turn|23\n|\n|t:|1700427963\n|switch|p2a: Cayenne|Moltres|100\/100\n|switch|p1a: The Honored One|Alomomola, F|100\/100 tox\n|\n|-damage|p1a: The Honored One|94\/100 tox|[from] psn\n|upkeep\n|turn|24\n|\n|t:|1700427981\n|move|p2a: Cayenne|U-turn|p1a: The Honored One\n|-damage|p1a: The Honored One|87\/100 tox\n|\n|t:|1700428019\n|switch|p2a: NA X - 15|Dragapult, F, shiny|100\/100|[from] U-turn\n|move|p1a: The Honored One|Scald|p2a: NA X - 15\n|-resisted|p2a: NA X - 15\n|-damage|p2a: NA X - 15|93\/100\n|\n|-damage|p1a: The Honored One|74\/100 tox|[from] psn\n|upkeep\n|turn|25\n|\n|t:|1700428081\n|switch|p1a: Krakow Resident|Sylveon, M|100\/100\n|-status|p1a: Krakow Resident|tox\n|move|p2a: NA X - 15|Hex|p1a: Krakow Resident\n|-damage|p1a: Krakow Resident|33\/100 tox\n|\n|-heal|p1a: Krakow Resident|39\/100 tox|[from] item: Leftovers\n|-damage|p1a: Krakow Resident|33\/100 tox|[from] psn\n|upkeep\n|turn|26\n|\n|t:|1700428165\n|move|p2a: NA X - 15|Hex|p1a: Krakow Resident\n|-damage|p1a: Krakow Resident|0 fnt\n|faint|p1a: Krakow Resident\n|\n|upkeep\n|\n|t:|1700428171\n|switch|p1a: Schnitzel|Hydreigon, F|100\/100\n|turn|27\n|\n|t:|1700428179\n|switch|p2a: Nightshade|Glimmora, F|65\/100\n|move|p1a: Schnitzel|Dark Pulse|p2a: Nightshade\n|-damage|p2a: Nightshade|15\/100\n|\n|upkeep\n|turn|28\n|\n|t:|1700428192\n|move|p1a: Schnitzel|Dark Pulse|p2a: Nightshade\n|-damage|p2a: Nightshade|0 fnt\n|faint|p2a: Nightshade\n|\n|upkeep\n|\n|t:|1700428193\n|switch|p2a: Emerald|Sableye, F, shiny|100\/100\n|turn|29\n|\n|t:|1700428223\n|switch|p1a: Jennifer|Mismagius, F, tera:Steel|90\/100 par\n|move|p2a: Emerald|Rain Dance|p2a: Emerald\n|-weather|RainDance\n|\n|-weather|RainDance|[upkeep]\n|-heal|p1a: Jennifer|96\/100 par|[from] item: Leftovers\n|upkeep\n|turn|30\n|\n|t:|1700428283\n|switch|p2a: Fillet - A - Fish|Basculin-Blue-Striped, M, tera:Water|100\/100\n|cant|p1a: Jennifer|par\n|\n|-weather|RainDance|[upkeep]\n|-heal|p1a: Jennifer|100\/100 par|[from] item: Leftovers\n|upkeep\n|turn|31\n|\n|t:|1700428433\n|switch|p1a: The Honored One|Alomomola, F|100\/100 tox\n|move|p2a: Fillet - A - Fish|Flip Turn|p1a: The Honored One\n|-resisted|p1a: The Honored One\n|-damage|p1a: The Honored One|81\/100 tox\n|\n|t:|1700428441\n|switch|p2a: NA X - 15|Dragapult, F, shiny|93\/100|[from] Flip Turn\n|\n|-weather|RainDance|[upkeep]\n|-damage|p1a: The Honored One|75\/100 tox|[from] psn\n|upkeep\n|turn|32\n|\n|t:|1700428458\n|move|p1a: The Honored One|Protect|p1a: The Honored One\n|-singleturn|p1a: The Honored One|Protect\n|move|p2a: NA X - 15|Hex|p1a: The Honored One\n|-activate|p1a: The Honored One|move: Protect\n|\n|-weather|RainDance|[upkeep]\n|-damage|p1a: The Honored One|63\/100 tox|[from] psn\n|upkeep\n|turn|33\n|\n|t:|1700428528\n|switch|p1a: Schnitzel|Hydreigon, F|100\/100\n|move|p2a: NA X - 15|Hex|p1a: Schnitzel\n|-resisted|p1a: Schnitzel\n|-damage|p1a: Schnitzel|77\/100\n|\n|-weather|none\n|upkeep\n|turn|34\n|\n|t:|1700428568\n|switch|p2a: Emerald|Sableye, F, shiny|100\/100\n|move|p1a: Schnitzel|Dark Pulse|p2a: Emerald\n|-damage|p2a: Emerald|59\/100\n|-enditem|p2a: Emerald|Eject Button\n|\n|t:|1700428576\n|switch|p2a: NA X - 15|Dragapult, F, shiny|93\/100\n|\n|upkeep\n|turn|35\n|\n|t:|1700428601\n|move|p1a: Schnitzel|Dark Pulse|p2a: NA X - 15\n|-supereffective|p2a: NA X - 15\n|-damage|p2a: NA X - 15|0 fnt\n|faint|p2a: NA X - 15\n|\n|upkeep\n|\n|t:|1700428606\n|switch|p2a: Fillet - A - Fish|Basculin-Blue-Striped, M, tera:Water|100\/100\n|turn|36\n|c|\u2606JoterXV|gg\n|\n|t:|1700428634\n|switch|p1a: The Honored One|Alomomola, F|96\/100 tox\n|move|p2a: Fillet - A - Fish|Aqua Jet|p1a: The Honored One\n|-resisted|p1a: The Honored One\n|-damage|p1a: The Honored One|88\/100 tox\n|\n|-damage|p1a: The Honored One|81\/100 tox|[from] psn\n|upkeep\n|turn|37\n|\n|t:|1700428644\n|switch|p2a: Cayenne|Moltres|100\/100\n|move|p1a: The Honored One|Scald|p2a: Cayenne\n|-supereffective|p2a: Cayenne\n|-crit|p2a: Cayenne\n|-damage|p2a: Cayenne|61\/100\n|\n|-damage|p1a: The Honored One|69\/100 tox|[from] psn\n|upkeep\n|turn|38\n|\n|t:|1700428656\n|move|p1a: The Honored One|Protect|p1a: The Honored One\n|-singleturn|p1a: The Honored One|Protect\n|move|p2a: Cayenne|Roost|p2a: Cayenne\n|-heal|p2a: Cayenne|100\/100\n|-singleturn|p2a: Cayenne|move: Roost\n|\n|-damage|p1a: The Honored One|50\/100 tox|[from] psn\n|upkeep\n|turn|39\n|\n|t:|1700428665\n|switch|p1a: Raegan|Skeledirge, F|97\/100 par\n|move|p2a: Cayenne|U-turn|p1a: Raegan\n|-resisted|p1a: Raegan\n|-damage|p1a: Raegan|94\/100 par\n|\n|t:|1700428674\n|switch|p2a: Fillet - A - Fish|Basculin-Blue-Striped, M, tera:Water|100\/100|[from] U-turn\n|\n|upkeep\n|turn|40\n|j| Negative600IQ\n|\n|t:|1700428724\n|switch|p1a: Gordon|Iron Leaves|100\/100\n|-status|p1a: Gordon|tox\n|-enditem|p1a: Gordon|Booster Energy\n|-activate|p1a: Gordon|ability: Quark Drive|[fromitem]\n|-start|p1a: Gordon|quarkdrivespe\n|move|p2a: Fillet - A - Fish|Flip Turn|p1a: Gordon\n|-resisted|p1a: Gordon\n|-damage|p1a: Gordon|74\/100 tox\n|\n|t:|1700428733\n|switch|p2a: Cayenne|Moltres|100\/100|[from] Flip Turn\n|\n|-damage|p1a: Gordon|68\/100 tox|[from] psn\n|upkeep\n|turn|41\n|\n|t:|1700428742\n|-end|p1a: Gordon|Quark Drive|[silent]\n|switch|p1a: The Honored One|Alomomola, F|84\/100 tox\n|move|p2a: Cayenne|Flamethrower|p1a: The Honored One\n|-resisted|p1a: The Honored One\n|-damage|p1a: The Honored One|60\/100 tox\n|\n|-damage|p1a: The Honored One|53\/100 tox|[from] psn\n|upkeep\n|turn|42\n|\n|t:|1700428754\n|move|p2a: Cayenne|U-turn|p1a: The Honored One\n|-damage|p1a: The Honored One|45\/100 tox\n|\n|t:|1700428759\n|switch|p2a: Emerald|Sableye, F, shiny|59\/100|[from] U-turn\n|move|p1a: The Honored One|Wish|p1a: The Honored One\n|\n|-damage|p1a: The Honored One|33\/100 tox|[from] psn\n|upkeep\n|turn|43\n|\n|t:|1700428784\n|switch|p2a: Fillet - A - Fish|Basculin-Blue-Striped, M, tera:Water|100\/100\n|switch|p1a: Gordon|Iron Leaves|68\/100 tox\n|\n|-heal|p1a: Gordon|100\/100 tox|[from] move: Wish|[wisher] The Honored One\n|-damage|p1a: Gordon|94\/100 tox|[from] psn\n|upkeep\n|turn|44\n|\n|t:|1700428820\n|switch|p2a: Cayenne|Moltres|100\/100\n|move|p1a: Gordon|Swords Dance|p1a: Gordon\n|-boost|p1a: Gordon|atk|2\n|\n|-damage|p1a: Gordon|82\/100 tox|[from] psn\n|upkeep\n|turn|45\n|\n|t:|1700428841\n|move|p1a: Gordon|Psyblade|p2a: Cayenne\n|-damage|p2a: Cayenne|49\/100\n|move|p2a: Cayenne|Flamethrower|p1a: Gordon\n|-supereffective|p1a: Gordon\n|-damage|p1a: Gordon|3\/100 tox\n|\n|-damage|p1a: Gordon|0 fnt|[from] psn\n|faint|p1a: Gordon\n|-end|p1a: Gordon|Quark Drive|[silent]\n|upkeep\n|\n|t:|1700428871\n|switch|p1a: The Honored One|Alomomola, F|66\/100 tox\n|turn|46\n|\n|t:|1700428880\n|switch|p1a: Jennifer|Mismagius, F, tera:Steel|100\/100 par\n|move|p2a: Cayenne|Roost|p2a: Cayenne\n|-heal|p2a: Cayenne|99\/100\n|-singleturn|p2a: Cayenne|move: Roost\n|\n|upkeep\n|turn|47\n|\n|t:|1700428888\n|switch|p1a: The Honored One|Alomomola, F|99\/100 tox\n|move|p2a: Cayenne|Flamethrower|p1a: The Honored One\n|-resisted|p1a: The Honored One\n|-damage|p1a: The Honored One|75\/100 tox\n|\n|-damage|p1a: The Honored One|69\/100 tox|[from] psn\n|upkeep\n|turn|48\n|j| sharkkkkkkfishgj\n|\n|t:|1700428904\n|move|p2a: Cayenne|Flamethrower|p1a: The Honored One\n|-resisted|p1a: The Honored One\n|-damage|p1a: The Honored One|48\/100 tox\n|move|p1a: The Honored One|Scald|p2a: Cayenne\n|-supereffective|p2a: Cayenne\n|-damage|p2a: Cayenne|72\/100\n|\n|-damage|p1a: The Honored One|36\/100 tox|[from] psn\n|upkeep\n|turn|49\n|\n|t:|1700428918\n|switch|p1a: Raegan|Skeledirge, F|94\/100 par\n|move|p2a: Cayenne|Flamethrower|p1a: Raegan\n|-resisted|p1a: Raegan\n|-damage|p1a: Raegan|75\/100 par\n|\n|upkeep\n|turn|50\n|\n|t:|1700428944\n|move|p2a: Cayenne|U-turn|p1a: Raegan\n|-resisted|p1a: Raegan\n|-damage|p1a: Raegan|73\/100 par\n|\n|t:|1700428950\n|switch|p2a: Emerald|Sableye, F, shiny|59\/100|[from] U-turn\n|move|p1a: Raegan|Will-O-Wisp|p2a: Emerald\n|-status|p2a: Emerald|brn\n|\n|-damage|p2a: Emerald|53\/100 brn|[from] brn\n|upkeep\n|turn|51\n|l| Negative600IQ\n|\n|t:|1700428968\n|move|p2a: Emerald|Knock Off|p1a: Raegan\n|-supereffective|p1a: Raegan\n|-damage|p1a: Raegan|57\/100 par\n|-enditem|p1a: Raegan|Heavy-Duty Boots|[from] move: Knock Off|[of] p2a: Emerald\n|move|p1a: Raegan|Hex|p2a: Emerald\n|-damage|p2a: Emerald|0 fnt\n|faint|p2a: Emerald\n|\n|upkeep\n|j| Negative600IQ\n|\n|t:|1700428980\n|switch|p2a: Fillet - A - Fish|Basculin-Blue-Striped, M, tera:Water|100\/100\n|turn|52\n|\n|t:|1700429002\n|switch|p1a: The Honored One|Alomomola, F|69\/100 tox\n|move|p2a: Fillet - A - Fish|Flip Turn|p1a: The Honored One\n|-resisted|p1a: The Honored One\n|-damage|p1a: The Honored One|54\/100 tox\n|\n|t:|1700429008\n|switch|p2a: Cayenne|Moltres|72\/100|[from] Flip Turn\n|\n|-damage|p1a: The Honored One|48\/100 tox|[from] psn\n|upkeep\n|turn|53\n|\n|t:|1700429018\n|move|p2a: Cayenne|Roost|p2a: Cayenne\n|-heal|p2a: Cayenne|100\/100\n|-singleturn|p2a: Cayenne|move: Roost\n|move|p1a: The Honored One|Wish|p1a: The Honored One\n|\n|-damage|p1a: The Honored One|36\/100 tox|[from] psn\n|upkeep\n|turn|54\n|\n|t:|1700429032\n|switch|p2a: Fillet - A - Fish|Basculin-Blue-Striped, M, tera:Water|100\/100\n|switch|p1a: Raegan|Skeledirge, F|57\/100 par\n|\n|-heal|p1a: Raegan|100\/100 par|[from] move: Wish|[wisher] The Honored One\n|upkeep\n|turn|55\n|\n|t:|1700429049\n|switch|p1a: The Honored One|Alomomola, F|69\/100 tox\n|move|p2a: Fillet - A - Fish|Wave Crash|p1a: The Honored One\n|-resisted|p1a: The Honored One\n|-damage|p1a: The Honored One|42\/100 tox\n|\n|-damage|p1a: The Honored One|36\/100 tox|[from] psn\n|upkeep\n|turn|56\n|\n|t:|1700429081\n|switch|p1a: Jennifer|Mismagius, F, tera:Steel|100\/100 par\n|move|p2a: Fillet - A - Fish|Wave Crash|p1a: Jennifer\n|-damage|p1a: Jennifer|0 fnt\n|faint|p1a: Jennifer\n|\n|upkeep\n|\n|t:|1700429093\n|switch|p1a: Schnitzel|Hydreigon, F|77\/100\n|turn|57\n|\n|t:|1700429125\n|switch|p2a: Cayenne|Moltres|100\/100\n|move|p1a: Schnitzel|U-turn|p2a: Cayenne\n|-resisted|p2a: Cayenne\n|-damage|p2a: Cayenne|98\/100\n|-status|p1a: Schnitzel|brn|[from] ability: Flame Body|[of] p2a: Cayenne\n|\n|t:|1700429136\n|switch|p1a: The Honored One|Alomomola, F|69\/100 tox|[from] U-turn\n|\n|-damage|p1a: The Honored One|63\/100 tox|[from] psn\n|upkeep\n|turn|58\n|n| sharkkkkkkfishgj|sharkkkkkkfishgj\n|\n|t:|1700429157\n|move|p2a: Cayenne|Flamethrower|p1a: The Honored One\n|-resisted|p1a: The Honored One\n|-damage|p1a: The Honored One|39\/100 tox\n|move|p1a: The Honored One|Wish|p1a: The Honored One\n|\n|-damage|p1a: The Honored One|27\/100 tox|[from] psn\n|upkeep\n|turn|59\n|\n|t:|1700429169\n|switch|p2a: Fillet - A - Fish|Basculin-Blue-Striped, M, tera:Water|100\/100\n|move|p1a: The Honored One|Protect||[still]\n|-fail|p1a: The Honored One\n|\n|-heal|p1a: The Honored One|77\/100 tox|[from] move: Wish|[wisher] The Honored One\n|-damage|p1a: The Honored One|58\/100 tox|[from] psn\n|upkeep\n|turn|60\n|\n|t:|1700429195\n|move|p2a: Fillet - A - Fish|Flip Turn|p1a: The Honored One\n|-resisted|p1a: The Honored One\n|-damage|p1a: The Honored One|46\/100 tox\n|\n|t:|1700429198\n|switch|p2a: Cayenne|Moltres|98\/100|[from] Flip Turn\n|move|p1a: The Honored One|Scald|p2a: Cayenne\n|-supereffective|p2a: Cayenne\n|-damage|p2a: Cayenne|71\/100\n|\n|-damage|p1a: The Honored One|21\/100 tox|[from] psn\n|upkeep\n|turn|61\n|\n|t:|1700429215\n|switch|p1a: Raegan|Skeledirge, F|100\/100 par\n|move|p2a: Cayenne|U-turn|p1a: Raegan\n|-resisted|p1a: Raegan\n|-damage|p1a: Raegan|99\/100 par\n|\n|t:|1700429220\n|switch|p2a: Fillet - A - Fish|Basculin-Blue-Striped, M, tera:Water|100\/100|[from] U-turn\n|\n|upkeep\n|turn|62\n|c| sharkkkkkkfishgj|Fish gaming\n|c| Negative600IQ|blub\n|c| sharkkkkkkfishgj|Real ass fish gaming\n|c| Negative600IQ|Stinks like finsh\n|c| sharkkkkkkfishgj|Fishnish him\n|c| Negative600IQ|Fishtality\n|c| Negative600IQ|Fish wins\n|l| sharkkkkkkfishgj\n|\n|t:|1700429481\n|move|p2a: Fillet - A - Fish|Wave Crash|p1a: Raegan\n|-supereffective|p1a: Raegan\n|-damage|p1a: Raegan|0 fnt\n|faint|p1a: Raegan\n|\n|upkeep\n|j| sharkkfishgg\n|\n|t:|1700429493\n|switch|p1a: Schnitzel|Hydreigon, F|77\/100 brn\n|turn|63\n|n| sharkkfishgg|sharkkfishgg\n|\n|t:|1700429514\n|switch|p2a: Cayenne|Moltres|71\/100\n|move|p1a: Schnitzel|Dark Pulse|p2a: Cayenne\n|-damage|p2a: Cayenne|33\/100\n|\n|-damage|p1a: Schnitzel|71\/100 brn|[from] brn\n|upkeep\n|turn|64\n|\n|t:|1700429534\n|move|p1a: Schnitzel|Dark Pulse|p2a: Cayenne\n|-damage|p2a: Cayenne|0 fnt\n|faint|p2a: Cayenne\n|\n|-damage|p1a: Schnitzel|65\/100 brn|[from] brn\n|upkeep\n|c| sharkkfishgg|Use your chicken blast\n|\n|t:|1700429539\n|switch|p2a: Fillet - A - Fish|Basculin-Blue-Striped, M, tera:Water|100\/100\n|turn|65\n|\n|t:|1700429549\n|switch|p1a: The Honored One|Alomomola, F|54\/100 tox\n|move|p2a: Fillet - A - Fish|Wave Crash|p1a: The Honored One\n|-resisted|p1a: The Honored One\n|-damage|p1a: The Honored One|28\/100 tox\n|\n|-damage|p1a: The Honored One|22\/100 tox|[from] psn\n|upkeep\n|turn|66\n|\n|t:|1700429558\n|move|p2a: Fillet - A - Fish|Wave Crash|p1a: The Honored One\n|-resisted|p1a: The Honored One\n|-damage|p1a: The Honored One|0 fnt\n|faint|p1a: The Honored One\n|\n|upkeep\n|\n|t:|1700429563\n|switch|p1a: Schnitzel|Hydreigon, F|65\/100 brn\n|turn|67\n|c| Negative600IQ|Waigh\n|\n|t:|1700429569\n|move|p1a: Schnitzel|Dark Pulse|p2a: Fillet - A - Fish\n|-damage|p2a: Fillet - A - Fish|16\/100\n|move|p2a: Fillet - A - Fish|Wave Crash|p1a: Schnitzel\n|-resisted|p1a: Schnitzel\n|-damage|p1a: Schnitzel|11\/100 brn\n|\n|-damage|p1a: Schnitzel|5\/100 brn|[from] brn\n|upkeep\n|turn|68\n|c| sharkkfishgg|No shot\n|\n|t:|1700429586\n|move|p1a: Schnitzel|Dark Pulse|p2a: Fillet - A - Fish\n|-damage|p2a: Fillet - A - Fish|0 fnt\n|faint|p2a: Fillet - A - Fish\n|\n|win|amongssudsd\n|c| Negative600IQ|WAoah\n|c|\u2606JoterXV|gg wp\n|c| sharkkfishgg|Fish\n|c| Negative600IQ|ggs yall\n|c| sharkkfishgg|N\u00d2OOOOOOOOOOOOO\n|c| Negative600IQ|Nah i'd win\n|c| sharkkfishgg|big game\n|c| sharkkfishgg|Ggs\n|c| EggplantWall|gg\n|l| Negative600IQ\n","uploadtime":1700429605,"views":32,"p1id":"amongssudsd","p2id":"joterxv","formatid":"gen9ou","rating":0,"private":0,"password":""}