{"id":"gen9ou-1994307206","p1":"Higini","p2":"Martin80","format":"[Gen 9] OU","log":"|j|\u2606Higini\n|j|\u2606Martin80\n|inactive|Battle timer is ON: inactive players will automatically lose when time's up.\n|t:|1700429358\n|gametype|singles\n|player|p1|Higini|shadowtriad|\n|player|p2|Martin80|steven|\n|teamsize|p1|6\n|teamsize|p2|6\n|gen|9\n|tier|[Gen 9] OU\n|rated|Tournament battle\n|rule|Sleep Clause Mod: Limit one foe put to sleep\n|rule|Species Clause: Limit one of each Pok\u00e9mon\n|rule|OHKO Clause: OHKO moves are banned\n|rule|Evasion Items Clause: Evasion items are banned\n|rule|Evasion Moves Clause: Evasion moves are banned\n|rule|Endless Battle Clause: Forcing endless battles is banned\n|rule|HP Percentage Mod: HP is shown in percentages\n|clearpoke\n|poke|p1|Iron Moth|\n|poke|p1|Gholdengo|\n|poke|p1|Great Tusk|\n|poke|p1|Iron Valiant|\n|poke|p1|Rotom-Wash|\n|poke|p1|Kingambit, M|\n|poke|p2|Quaquaval, F|\n|poke|p2|Tinkaton, F|\n|poke|p2|Lokix, F|\n|poke|p2|Garganacl, F|\n|poke|p2|Ceruledge, F|\n|poke|p2|Arboliva, F|\n|teampreview\n|\n|t:|1700429369\n|start\n|switch|p1a: Rotom|Rotom-Wash|100\/100\n|switch|p2a: Tinkaton|Tinkaton, F, shiny|100\/100\n|-ability|p2a: Tinkaton|Mold Breaker\n|turn|1\n|\n|t:|1700429378\n|move|p2a: Tinkaton|Stealth Rock|p1a: Rotom\n|-sidestart|p1: Higini|move: Stealth Rock\n|move|p1a: Rotom|Hydro Pump|p2a: Tinkaton\n|-damage|p2a: Tinkaton|64\/100\n|\n|-heal|p2a: Tinkaton|70\/100|[from] item: Leftovers\n|upkeep\n|turn|2\n|\n|t:|1700429386\n|move|p2a: Tinkaton|Knock Off|p1a: Rotom\n|-damage|p1a: Rotom|83\/100\n|-enditem|p1a: Rotom|Leftovers|[from] move: Knock Off|[of] p2a: Tinkaton\n|move|p1a: Rotom|Hydro Pump|p2a: Tinkaton\n|-damage|p2a: Tinkaton|36\/100\n|\n|-heal|p2a: Tinkaton|42\/100|[from] item: Leftovers\n|upkeep\n|turn|3\n|\n|t:|1700429394\n|move|p2a: Tinkaton|Swords Dance|p2a: Tinkaton\n|-boost|p2a: Tinkaton|atk|2\n|move|p1a: Rotom|Hydro Pump|p2a: Tinkaton|[miss]\n|-miss|p1a: Rotom|p2a: Tinkaton\n|\n|-heal|p2a: Tinkaton|48\/100|[from] item: Leftovers\n|upkeep\n|turn|4\n|\n|t:|1700429400\n|move|p2a: Tinkaton|Knock Off|p1a: Rotom\n|-damage|p1a: Rotom|59\/100\n|move|p1a: Rotom|Hydro Pump|p2a: Tinkaton\n|-damage|p2a: Tinkaton|12\/100\n|\n|-heal|p2a: Tinkaton|18\/100|[from] item: Leftovers\n|upkeep\n|turn|5\n|\n|t:|1700429409\n|move|p2a: Tinkaton|Gigaton Hammer|p1a: Rotom\n|-resisted|p1a: Rotom\n|-damage|p1a: Rotom|36\/100\n|move|p1a: Rotom|Hydro Pump|p2a: Tinkaton\n|-damage|p2a: Tinkaton|0 fnt\n|faint|p2a: Tinkaton\n|\n|upkeep\n|\n|t:|1700429427\n|switch|p2a: Arboliva|Arboliva, F, shiny|100\/100\n|turn|6\n|\n|t:|1700429432\n|move|p1a: Rotom|Volt Switch|p2a: Arboliva\n|-resisted|p2a: Arboliva\n|-damage|p2a: Arboliva|90\/100\n|-fieldstart|move: Grassy Terrain|[from] ability: Seed Sower|[of] p2a: Arboliva\n|-enditem|p2a: Arboliva|Grassy Seed\n|-boost|p2a: Arboliva|def|1|[from] item: Grassy Seed\n|\n|t:|1700429437\n|switch|p1a: Iron Moth|Iron Moth|100\/100|[from] Volt Switch\n|-damage|p1a: Iron Moth|76\/100|[from] Stealth Rock\n|move|p2a: Arboliva|Giga Drain|p1a: Iron Moth\n|-resisted|p1a: Iron Moth\n|-damage|p1a: Iron Moth|65\/100\n|-heal|p2a: Arboliva|95\/100|[from] drain|[of] p1a: Iron Moth\n|\n|-heal|p1a: Iron Moth|71\/100|[from] Grassy Terrain\n|-heal|p1a: Iron Moth|77\/100|[from] item: Leftovers\n|-heal|p2a: Arboliva|100\/100|[from] Grassy Terrain\n|upkeep\n|turn|7\n|\n|t:|1700429452\n|move|p1a: Iron Moth|Sludge Wave|p2a: Arboliva\n|-supereffective|p2a: Arboliva\n|-damage|p2a: Arboliva|20\/100\n|move|p2a: Arboliva|Earth Power|p1a: Iron Moth\n|-supereffective|p1a: Iron Moth\n|-damage|p1a: Iron Moth|0 fnt\n|faint|p1a: Iron Moth\n|-end|p1a: Iron Moth|Quark Drive|[silent]\n|\n|-heal|p2a: Arboliva|26\/100|[from] Grassy Terrain\n|upkeep\n|\n|t:|1700429459\n|switch|p1a: Great Tusk|Great Tusk|100\/100\n|-damage|p1a: Great Tusk|97\/100|[from] Stealth Rock\n|-enditem|p1a: Great Tusk|Booster Energy\n|-activate|p1a: Great Tusk|ability: Protosynthesis|[fromitem]\n|-start|p1a: Great Tusk|protosynthesisdef\n|turn|8\n|\n|t:|1700429466\n|move|p1a: Great Tusk|Ice Spinner|p2a: Arboliva\n|-supereffective|p2a: Arboliva\n|-damage|p2a: Arboliva|2\/100\n|-fieldend|move: Grassy Terrain\n|move|p2a: Arboliva|Strength Sap|p1a: Great Tusk\n|-unboost|p1a: Great Tusk|atk|1\n|-heal|p2a: Arboliva|84\/100\n|\n|upkeep\n|turn|9\n|\n|t:|1700429488\n|-end|p1a: Great Tusk|Protosynthesis|[silent]\n|switch|p1a: Rotom|Rotom-Wash|36\/100\n|-damage|p1a: Rotom|24\/100|[from] Stealth Rock\n|move|p2a: Arboliva|Giga Drain|p1a: Rotom\n|-supereffective|p1a: Rotom\n|-damage|p1a: Rotom|0 fnt\n|-heal|p2a: Arboliva|94\/100|[from] drain|[of] p1a: Rotom\n|faint|p1a: Rotom\n|\n|upkeep\n|\n|t:|1700429491\n|switch|p1a: Great Tusk|Great Tusk|97\/100\n|-damage|p1a: Great Tusk|94\/100|[from] Stealth Rock\n|turn|10\n|\n|t:|1700429503\n|move|p1a: Great Tusk|Rapid Spin|p2a: Arboliva\n|-damage|p2a: Arboliva|86\/100\n|-boost|p1a: Great Tusk|spe|1\n|-fieldstart|move: Grassy Terrain|[from] ability: Seed Sower|[of] p2a: Arboliva\n|-sideend|p1: Higini|Stealth Rock|[from] move: Rapid Spin|[of] p1a: Great Tusk\n|move|p2a: Arboliva|Giga Drain|p1a: Great Tusk\n|-supereffective|p1a: Great Tusk\n|-damage|p1a: Great Tusk|0 fnt\n|-heal|p2a: Arboliva|100\/100|[from] drain|[of] p1a: Great Tusk\n|faint|p1a: Great Tusk\n|-end|p1a: Great Tusk|Protosynthesis|[silent]\n|\n|upkeep\n|\n|t:|1700429526\n|switch|p1a: Iron Valiant|Iron Valiant|100\/100\n|turn|11\n|\n|t:|1700429533\n|move|p1a: Iron Valiant|Moonblast|p2a: Arboliva\n|-damage|p2a: Arboliva|61\/100\n|move|p2a: Arboliva|Giga Drain|p1a: Iron Valiant\n|-damage|p1a: Iron Valiant|24\/100\n|-heal|p2a: Arboliva|92\/100|[from] drain|[of] p1a: Iron Valiant\n|\n|-heal|p1a: Iron Valiant|31\/100|[from] Grassy Terrain\n|-heal|p2a: Arboliva|98\/100|[from] Grassy Terrain\n|upkeep\n|turn|12\n|\n|t:|1700429553\n|move|p1a: Iron Valiant|Moonblast|p2a: Arboliva\n|-damage|p2a: Arboliva|62\/100\n|move|p2a: Arboliva|Giga Drain|p1a: Iron Valiant\n|-damage|p1a: Iron Valiant|0 fnt\n|-heal|p2a: Arboliva|75\/100|[from] drain|[of] p1a: Iron Valiant\n|faint|p1a: Iron Valiant\n|-end|p1a: Iron Valiant|Quark Drive|[silent]\n|\n|-heal|p2a: Arboliva|81\/100|[from] Grassy Terrain\n|upkeep\n|\n|t:|1700429558\n|switch|p1a: Gholdengo|Gholdengo|100\/100\n|turn|13\n|\n|t:|1700429566\n|move|p1a: Gholdengo|Make It Rain|p2a: Arboliva\n|-damage|p2a: Arboliva|0 fnt\n|-unboost|p1a: Gholdengo|spa|1\n|faint|p2a: Arboliva\n|\n|upkeep\n|\n|t:|1700429573\n|switch|p2a: Blady|Ceruledge, F, shiny|100\/100\n|turn|14\n|\n|t:|1700429582\n|-terastallize|p2a: Blady|Steel\n|move|p2a: Blady|Swords Dance|p2a: Blady\n|-boost|p2a: Blady|atk|2\n|move|p1a: Gholdengo|Make It Rain|p2a: Blady\n|-resisted|p2a: Blady\n|-damage|p2a: Blady|66\/100\n|-unboost|p1a: Gholdengo|spa|1\n|\n|-heal|p2a: Blady|73\/100|[from] Grassy Terrain\n|-fieldend|move: Grassy Terrain\n|upkeep\n|turn|15\n|\n|t:|1700429593\n|move|p2a: Blady|Bitter Blade|p1a: Gholdengo\n|-supereffective|p1a: Gholdengo\n|-damage|p1a: Gholdengo|0 fnt\n|-heal|p2a: Blady|100\/100|[from] drain|[of] p1a: Gholdengo\n|faint|p1a: Gholdengo\n|\n|upkeep\n|\n|t:|1700429597\n|switch|p1a: Kingambit|Kingambit, M|100\/100\n|-activate|p1a: Kingambit|ability: Supreme Overlord\n|-start|p1a: Kingambit|fallen5|[silent]\n|turn|16\n|\n|t:|1700429604\n|move|p2a: Blady|Bitter Blade|p1a: Kingambit\n|-supereffective|p1a: Kingambit\n|-damage|p1a: Kingambit|0 fnt\n|faint|p1a: Kingambit\n|-end|p1a: Kingambit|fallen5|[silent]\n|\n|win|Martin80\n|n|\u2606Higini|higini\n|n|\u2606Martin80|martin80\n|l|\u2606Higini\n|c|\u2606Martin80|gg\n","uploadtime":1700429613,"views":7,"p1id":"higini","p2id":"martin80","formatid":"gen9ou","rating":0,"private":0,"password":""}