{"id":"gen9ou-1993495107","p1":"vxroh","p2":"jimaKAC","format":"[Gen 9] OU","log":"|j|\u2606vxroh\n|j|\u2606jimaKAC\n|t:|1700324669\n|gametype|singles\n|player|p1|vxroh|silver|1054\n|player|p2|jimaKAC|flint|1063\n|teamsize|p1|6\n|teamsize|p2|6\n|gen|9\n|tier|[Gen 9] OU\n|rated|\n|rule|Sleep Clause Mod: Limit one foe put to sleep\n|rule|Species Clause: Limit one of each Pok\u00e9mon\n|rule|OHKO Clause: OHKO moves are banned\n|rule|Evasion Items Clause: Evasion items are banned\n|rule|Evasion Moves Clause: Evasion moves are banned\n|rule|Endless Battle Clause: Forcing endless battles is banned\n|rule|HP Percentage Mod: HP is shown in percentages\n|clearpoke\n|poke|p1|Amoonguss, M|\n|poke|p1|Ogerpon-Wellspring, F|\n|poke|p1|Iron Hands|\n|poke|p1|Dragapult, M|\n|poke|p1|Weezing-Galar, M|\n|poke|p1|Ting-Lu|\n|poke|p2|Swanna, F|\n|poke|p2|Rillaboom, M|\n|poke|p2|Sneasler, F|\n|poke|p2|Cinderace, M|\n|poke|p2|Ribombee, M|\n|poke|p2|Great Tusk|\n|teampreview\n|\n|t:|1700324684\n|start\n|switch|p1a: Iron Hands|Iron Hands|100\/100\n|switch|p2a: Ribombee|Ribombee, M|100\/100\n|turn|1\n|\n|t:|1700324692\n|move|p2a: Ribombee|Sticky Web|p1a: Iron Hands\n|-sidestart|p1: vxroh|move: Sticky Web\n|move|p1a: Iron Hands|Ice Punch|p2a: Ribombee\n|-damage|p2a: Ribombee|44\/100\n|\n|upkeep\n|turn|2\n|\n|t:|1700324702\n|move|p2a: Ribombee|Moonblast|p1a: Iron Hands\n|-supereffective|p1a: Iron Hands\n|-damage|p1a: Iron Hands|52\/100\n|move|p1a: Iron Hands|Ice Punch|p2a: Ribombee\n|-damage|p2a: Ribombee|0 fnt\n|faint|p2a: Ribombee\n|\n|upkeep\n|\n|t:|1700324726\n|switch|p2a: Swanna|Swanna, F|100\/100\n|turn|3\n|\n|t:|1700324729\n|move|p2a: Swanna|Brave Bird|p1a: Iron Hands\n|-damage|p1a: Iron Hands|23\/100\n|-damage|p2a: Swanna|84\/100|[from] Recoil\n|move|p1a: Iron Hands|Thunder Punch|p2a: Swanna\n|-supereffective|p2a: Swanna\n|-damage|p2a: Swanna|0 fnt\n|faint|p2a: Swanna\n|\n|upkeep\n|\n|t:|1700324757\n|switch|p2a: Great Tusk|Great Tusk|100\/100\n|turn|4\n|\n|t:|1700324766\n|move|p2a: Great Tusk|Earthquake|p1a: Iron Hands\n|-supereffective|p1a: Iron Hands\n|-damage|p1a: Iron Hands|0 fnt\n|faint|p1a: Iron Hands\n|-end|p1a: Iron Hands|Quark Drive|[silent]\n|\n|upkeep\n|\n|t:|1700324775\n|switch|p1a: Ogerpon|Ogerpon-Wellspring, F|100\/100\n|-activate|p1a: Ogerpon|move: Sticky Web\n|-unboost|p1a: Ogerpon|spe|1\n|turn|5\n|\n|t:|1700324786\n|move|p2a: Great Tusk|Close Combat|p1a: Ogerpon\n|-damage|p1a: Ogerpon|15\/100\n|-unboost|p2a: Great Tusk|def|1\n|-unboost|p2a: Great Tusk|spd|1\n|-enditem|p2a: Great Tusk|Eject Pack\n|\n|t:|1700324792\n|-end|p2a: Great Tusk|Protosynthesis|[silent]\n|switch|p2a: Rillaboom|Rillaboom, M|100\/100\n|-fieldstart|move: Grassy Terrain|[from] ability: Grassy Surge|[of] p2a: Rillaboom\n|move|p1a: Ogerpon|Encore||[still]\n|-fail|p1a: Ogerpon\n|\n|-heal|p1a: Ogerpon|21\/100|[from] Grassy Terrain\n|upkeep\n|turn|6\n|\n|t:|1700324807\n|move|p2a: Rillaboom|Grassy Glide|p1a: Ogerpon\n|-damage|p1a: Ogerpon|0 fnt\n|faint|p1a: Ogerpon\n|\n|upkeep\n|\n|t:|1700324820\n|switch|p1a: Amoonguss|Amoonguss, M|100\/100\n|-activate|p1a: Amoonguss|move: Sticky Web\n|-unboost|p1a: Amoonguss|spe|1\n|turn|7\n|\n|t:|1700324828\n|move|p2a: Rillaboom|Knock Off|p1a: Amoonguss\n|-damage|p1a: Amoonguss|76\/100\n|-damage|p2a: Rillaboom|84\/100|[from] item: Rocky Helmet|[of] p1a: Amoonguss\n|-enditem|p1a: Amoonguss|Rocky Helmet|[from] move: Knock Off|[of] p2a: Rillaboom\n|move|p1a: Amoonguss|Sludge Bomb|p2a: Rillaboom\n|-supereffective|p2a: Rillaboom\n|-damage|p2a: Rillaboom|15\/100\n|\n|-heal|p2a: Rillaboom|22\/100|[from] Grassy Terrain\n|-heal|p1a: Amoonguss|82\/100|[from] Grassy Terrain\n|upkeep\n|turn|8\n|\n|t:|1700324840\n|move|p2a: Rillaboom|U-turn|p1a: Amoonguss\n|-damage|p1a: Amoonguss|64\/100\n|\n|t:|1700324842\n|switch|p2a: Sneasler|Sneasler, F|100\/100|[from] U-turn\n|-enditem|p2a: Sneasler|Grassy Seed\n|-boost|p2a: Sneasler|def|1|[from] item: Grassy Seed\n|move|p1a: Amoonguss|Sludge Bomb|p2a: Sneasler\n|-resisted|p2a: Sneasler\n|-damage|p2a: Sneasler|81\/100\n|\n|-heal|p2a: Sneasler|87\/100|[from] Grassy Terrain\n|-heal|p1a: Amoonguss|70\/100|[from] Grassy Terrain\n|upkeep\n|turn|9\n|\n|t:|1700324853\n|move|p2a: Sneasler|Swords Dance|p2a: Sneasler\n|-boost|p2a: Sneasler|atk|2\n|move|p1a: Amoonguss|Spore|p2a: Sneasler\n|-status|p2a: Sneasler|slp|[from] move: Spore\n|\n|-heal|p2a: Sneasler|93\/100 slp|[from] Grassy Terrain\n|-heal|p1a: Amoonguss|77\/100|[from] Grassy Terrain\n|upkeep\n|turn|10\n|\n|t:|1700324865\n|cant|p2a: Sneasler|slp\n|move|p1a: Amoonguss|Giga Drain|p2a: Sneasler\n|-resisted|p2a: Sneasler\n|-damage|p2a: Sneasler|74\/100 slp\n|-heal|p1a: Amoonguss|83\/100|[from] drain|[of] p2a: Sneasler\n|\n|-heal|p2a: Sneasler|80\/100 slp|[from] Grassy Terrain\n|-heal|p1a: Amoonguss|90\/100|[from] Grassy Terrain\n|upkeep\n|turn|11\n|\n|t:|1700324909\n|cant|p2a: Sneasler|slp\n|move|p1a: Amoonguss|Sludge Bomb|p2a: Sneasler\n|-resisted|p2a: Sneasler\n|-damage|p2a: Sneasler|62\/100 slp\n|\n|-heal|p2a: Sneasler|68\/100 slp|[from] Grassy Terrain\n|-heal|p1a: Amoonguss|96\/100|[from] Grassy Terrain\n|upkeep\n|turn|12\n|\n|t:|1700324921\n|cant|p2a: Sneasler|slp\n|move|p1a: Amoonguss|Sludge Bomb|p2a: Sneasler\n|-resisted|p2a: Sneasler\n|-damage|p2a: Sneasler|49\/100 slp\n|\n|-heal|p2a: Sneasler|55\/100 slp|[from] Grassy Terrain\n|-heal|p1a: Amoonguss|100\/100|[from] Grassy Terrain\n|-fieldend|move: Grassy Terrain\n|upkeep\n|turn|13\n|\n|t:|1700324931\n|-curestatus|p2a: Sneasler|slp|[msg]\n|move|p2a: Sneasler|Acrobatics|p1a: Amoonguss\n|-supereffective|p1a: Amoonguss\n|-damage|p1a: Amoonguss|0 fnt\n|faint|p1a: Amoonguss\n|\n|upkeep\n|\n|t:|1700324954\n|switch|p1a: Ting-Lu|Ting-Lu|100\/100\n|-activate|p1a: Ting-Lu|move: Sticky Web\n|-unboost|p1a: Ting-Lu|spe|1\n|-ability|p1a: Ting-Lu|Vessel of Ruin\n|turn|14\n|\n|t:|1700324962\n|-terastallize|p2a: Sneasler|Flying\n|move|p2a: Sneasler|Close Combat|p1a: Ting-Lu\n|-supereffective|p1a: Ting-Lu\n|-damage|p1a: Ting-Lu|0 fnt\n|-unboost|p2a: Sneasler|def|1\n|-unboost|p2a: Sneasler|spd|1\n|faint|p1a: Ting-Lu\n|\n|upkeep\n|\n|t:|1700324968\n|switch|p1a: Dragapult|Dragapult, M|100\/100\n|-activate|p1a: Dragapult|move: Sticky Web\n|-unboost|p1a: Dragapult|spe|1\n|turn|15\n|\n|t:|1700324978\n|move|p2a: Sneasler|Acrobatics|p1a: Dragapult\n|-damage|p1a: Dragapult|0 fnt\n|faint|p1a: Dragapult\n|\n|upkeep\n|\n|t:|1700324981\n|switch|p1a: Weezing|Weezing-Galar, M|100\/100\n|-ability|p1a: Weezing|Neutralizing Gas\n|turn|16\n|\n|t:|1700324986\n|move|p2a: Sneasler|Dire Claw|p1a: Weezing\n|-damage|p1a: Weezing|32\/100\n|-status|p1a: Weezing|slp\n|cant|p1a: Weezing|slp\n|\n|upkeep\n|turn|17\n|\n|t:|1700324993\n|move|p2a: Sneasler|Dire Claw|p1a: Weezing\n|-damage|p1a: Weezing|0 fnt\n|faint|p1a: Weezing\n|-end|p1a: Weezing|ability: Neutralizing Gas\n|\n|win|jimaKAC\n|raw|vxroh's rating: 1054 &rarr; <strong>1036<\/strong><br \/>(-18 for losing)\n|raw|jimaKAC's rating: 1063 &rarr; <strong>1093<\/strong><br \/>(+30 for winning)\n","uploadtime":1700324998,"views":10,"p1id":"vxroh","p2id":"jimakac","formatid":"gen9ou","rating":1036,"private":0,"password":""}