{"id":"gen9ou-1993427021","p1":"deliriousdarkwolf","p2":"1owercase","format":"[Gen 9] OU","log":"|j|\u2606deliriousdarkwolf\n|j|\u26061owercase\n|t:|1700316464\n|gametype|singles\n|player|p1|deliriousdarkwolf|pokemaniac|1716\n|player|p2|1owercase|flannery|1865\n|teamsize|p1|6\n|teamsize|p2|6\n|gen|9\n|tier|[Gen 9] OU\n|rated|\n|rule|Sleep Clause Mod: Limit one foe put to sleep\n|rule|Species Clause: Limit one of each Pok\u00e9mon\n|rule|OHKO Clause: OHKO moves are banned\n|rule|Evasion Items Clause: Evasion items are banned\n|rule|Evasion Moves Clause: Evasion moves are banned\n|rule|Endless Battle Clause: Forcing endless battles is banned\n|rule|HP Percentage Mod: HP is shown in percentages\n|clearpoke\n|poke|p1|Samurott-Hisui, F|\n|poke|p1|Gholdengo|\n|poke|p1|Enamorus, F|\n|poke|p1|Ogerpon-Cornerstone, F|\n|poke|p1|Dragonite, F|\n|poke|p1|Great Tusk|\n|poke|p2|Dragapult, F|\n|poke|p2|Heatran, F|\n|poke|p2|Samurott-Hisui, F|\n|poke|p2|Great Tusk|\n|poke|p2|Enamorus, F|\n|poke|p2|Amoonguss, M|\n|teampreview\n|inactive|Battle timer is ON: inactive players will automatically lose when time's up. (requested by deliriousdarkwolf)\n|\n|t:|1700316475\n|start\n|switch|p1a: Jerma|Ogerpon-Cornerstone, F|100\/100\n|switch|p2a: Dragapult|Dragapult, F|100\/100\n|turn|1\n|j|+Dragonillis\n|inactive|1owercase has 120 seconds left.\n|\n|t:|1700316516\n|move|p1a: Jerma|Spiky Shield|p1a: Jerma\n|-singleturn|p1a: Jerma|move: Protect\n|move|p2a: Dragapult|Dragon Darts|p1a: Jerma\n|-activate|p1a: Jerma|move: Protect\n|\n|upkeep\n|turn|2\n|\n|t:|1700316525\n|switch|p2a: Heatran|Heatran, F|100\/100\n|-item|p2a: Heatran|Air Balloon\n|switch|p1a: Regina George|Enamorus, F|100\/100\n|\n|upkeep\n|turn|3\n|inactive|1owercase has 120 seconds left.\n|\n|t:|1700316534\n|switch|p1a: INUYASHA|Samurott-Hisui, F|100\/100\n|move|p2a: Heatran|Stealth Rock|p1a: INUYASHA\n|-sidestart|p1: deliriousdarkwolf|move: Stealth Rock\n|\n|upkeep\n|turn|4\n|\n|t:|1700316541\n|switch|p2a: Amoonguss|Amoonguss, M|100\/100\n|move|p1a: INUYASHA|Razor Shell|p2a: Amoonguss\n|-resisted|p2a: Amoonguss\n|-damage|p2a: Amoonguss|82\/100\n|-unboost|p2a: Amoonguss|def|1\n|\n|upkeep\n|turn|5\n|\n|t:|1700316546\n|switch|p1a: Jerma|Ogerpon-Cornerstone, F|100\/100\n|-damage|p1a: Jerma|88\/100|[from] Stealth Rock\n|switch|p2a: Enamorus|Enamorus, F|100\/100\n|\n|upkeep\n|turn|6\n|inactive|1owercase has 120 seconds left.\n|j| trainereulb\n|\n|t:|1700316576\n|switch|p2a: Great Tusk|Great Tusk|100\/100\n|move|p1a: Jerma|Ivy Cudgel|p2a: Great Tusk|[anim] Ivy Cudgel Rock\n|-resisted|p2a: Great Tusk\n|-crit|p2a: Great Tusk\n|-damage|p2a: Great Tusk|87\/100\n|\n|upkeep\n|turn|7\n|inactive|1owercase has 120 seconds left.\n|\n|t:|1700316594\n|-end|p2a: Great Tusk|Protosynthesis|[silent]\n|switch|p2a: Amoonguss|Amoonguss, M|100\/100\n|move|p1a: Jerma|Horn Leech|p2a: Amoonguss\n|-resisted|p2a: Amoonguss\n|-damage|p2a: Amoonguss|93\/100\n|-heal|p1a: Jerma|94\/100|[from] drain|[of] p2a: Amoonguss\n|\n|upkeep\n|turn|8\n|\n|t:|1700316603\n|move|p1a: Jerma|Ivy Cudgel|p2a: Amoonguss|[anim] Ivy Cudgel Rock\n|-damage|p2a: Amoonguss|52\/100\n|move|p2a: Amoonguss|Sludge Bomb|p1a: Jerma\n|-damage|p1a: Jerma|62\/100\n|\n|upkeep\n|turn|9\n|inactive|1owercase has 120 seconds left.\n|\n|t:|1700316617\n|move|p1a: Jerma|Ivy Cudgel|p2a: Amoonguss|[anim] Ivy Cudgel Rock\n|-damage|p2a: Amoonguss|11\/100\n|move|p2a: Amoonguss|Sludge Bomb|p1a: Jerma\n|-damage|p1a: Jerma|29\/100\n|\n|upkeep\n|turn|10\n|inactive|1owercase has 120 seconds left.\n|\n|t:|1700316644\n|switch|p1a: INUYASHA|Samurott-Hisui, F|100\/100\n|-damage|p1a: INUYASHA|88\/100|[from] Stealth Rock\n|move|p2a: Amoonguss|Sludge Bomb|p1a: INUYASHA\n|-crit|p1a: INUYASHA\n|-damage|p1a: INUYASHA|32\/100\n|\n|upkeep\n|turn|11\n|\n|t:|1700316656\n|switch|p2a: Enamorus|Enamorus, F|100\/100\n|move|p1a: INUYASHA|Ceaseless Edge|p2a: Enamorus\n|-resisted|p2a: Enamorus\n|-damage|p2a: Enamorus|68\/100\n|-sidestart|p2: 1owercase|Spikes\n|\n|upkeep\n|turn|12\n|\n|t:|1700316663\n|switch|p1a: Gholdengo|Gholdengo|100\/100\n|-damage|p1a: Gholdengo|94\/100|[from] Stealth Rock\n|move|p2a: Enamorus|Moonblast|p1a: Gholdengo\n|-resisted|p1a: Gholdengo\n|-damage|p1a: Gholdengo|66\/100\n|\n|upkeep\n|turn|13\n|\n|t:|1700316669\n|switch|p2a: Samurott|Samurott-Hisui, F|100\/100\n|-damage|p2a: Samurott|88\/100|[from] Spikes\n|move|p1a: Gholdengo|Make It Rain|p2a: Samurott\n|-resisted|p2a: Samurott\n|-damage|p2a: Samurott|69\/100\n|-unboost|p1a: Gholdengo|spa|1\n|\n|upkeep\n|turn|14\n|\n|t:|1700316676\n|switch|p1a: BUBLEGUM|Great Tusk|100\/100\n|move|p2a: Samurott|Flip Turn|p1a: BUBLEGUM\n|-supereffective|p1a: BUBLEGUM\n|-damage|p1a: BUBLEGUM|76\/100\n|\n|t:|1700316682\n|switch|p2a: Enamorus|Enamorus, F|68\/100|[from] Flip Turn\n|\n|upkeep\n|turn|15\n|\n|t:|1700316690\n|move|p2a: Enamorus|Moonblast|p1a: BUBLEGUM\n|-supereffective|p1a: BUBLEGUM\n|-damage|p1a: BUBLEGUM|0 fnt\n|faint|p1a: BUBLEGUM\n|-end|p1a: BUBLEGUM|Protosynthesis|[silent]\n|\n|upkeep\n|\n|t:|1700316693\n|switch|p1a: Kalsarin|Dragonite, F|100\/100\n|-damage|p1a: Kalsarin|76\/100|[from] Stealth Rock\n|turn|16\n|\n|t:|1700316710\n|switch|p2a: Heatran|Heatran, F|100\/100\n|-item|p2a: Heatran|Air Balloon\n|-terastallize|p1a: Kalsarin|Normal\n|move|p1a: Kalsarin|Extreme Speed|p2a: Heatran\n|-resisted|p2a: Heatran\n|-damage|p2a: Heatran|71\/100\n|-status|p1a: Kalsarin|brn|[from] ability: Flame Body|[of] p2a: Heatran\n|-enditem|p2a: Heatran|Air Balloon\n|\n|-damage|p1a: Kalsarin|70\/100 brn|[from] brn\n|upkeep\n|turn|17\n|-message|deliriousdarkwolf forfeited.\n|\n|win|1owercase\n|raw|deliriousdarkwolf's rating: 1716 &rarr; <strong>1704<\/strong><br \/>(-12 for losing)\n|raw|1owercase's rating: 1865 &rarr; <strong>1877<\/strong><br \/>(+12 for winning)\n|l|\u2606deliriousdarkwolf\n|l|\u26061owercase\n|l| trainereulb\n","uploadtime":1700316921,"views":12,"p1id":"deliriousdarkwolf","p2id":"1owercase","formatid":"gen9ou","rating":1704,"private":0,"password":""}