{"id":"gen9ou-1995888012","p1":"thodoras edition","p2":"Riyad Mahrez","format":"[Gen 9] OU","log":"|j|\u2606thodoras edition\n|j|\u2606Riyad Mahrez\n|t:|1700613819\n|gametype|singles\n|player|p1|thodoras edition|lucas|1646\n|player|p2|Riyad Mahrez|will-gen2|1578\n|teamsize|p1|6\n|teamsize|p2|6\n|gen|9\n|tier|[Gen 9] OU\n|rated|\n|rule|Sleep Clause Mod: Limit one foe put to sleep\n|rule|Species Clause: Limit one of each Pok\u00e9mon\n|rule|OHKO Clause: OHKO moves are banned\n|rule|Evasion Items Clause: Evasion items are banned\n|rule|Evasion Moves Clause: Evasion moves are banned\n|rule|Endless Battle Clause: Forcing endless battles is banned\n|rule|HP Percentage Mod: HP is shown in percentages\n|clearpoke\n|poke|p1|Clefable, M|\n|poke|p1|Zamazenta-*|\n|poke|p1|Milotic, F|\n|poke|p1|Amoonguss, F|\n|poke|p1|Gholdengo|\n|poke|p1|Quagsire, F|\n|poke|p2|Sinistcha-Masterpiece|\n|poke|p2|Ogerpon-Wellspring, F|\n|poke|p2|Heatran, M|\n|poke|p2|Kingambit, M|\n|poke|p2|Iron Valiant|\n|poke|p2|Great Tusk|\n|teampreview\n|inactive|Battle timer is ON: inactive players will automatically lose when time's up. (requested by Riyad Mahrez)\n|\n|t:|1700613843\n|start\n|switch|p1a: Clefable|Clefable, M|100\/100\n|switch|p2a: Akainu \ud83c\udf0b|Heatran, M|100\/100\n|turn|1\n|\n|t:|1700613851\n|move|p2a: Akainu \ud83c\udf0b|Magma Storm|p1a: Clefable\n|-damage|p1a: Clefable|60\/100\n|-activate|p1a: Clefable|move: Magma Storm|[of] p2a: Akainu \ud83c\udf0b\n|move|p1a: Clefable|Trick|p2a: Akainu \ud83c\udf0b\n|-activate|p1a: Clefable|move: Trick|[of] p2a: Akainu \ud83c\udf0b\n|-item|p2a: Akainu \ud83c\udf0b|Sticky Barb|[from] move: Trick\n|-item|p1a: Clefable|Leftovers|[from] move: Trick\n|\n|-heal|p1a: Clefable|66\/100|[from] item: Leftovers\n|-damage|p2a: Akainu \ud83c\udf0b|88\/100|[from] item: Sticky Barb\n|upkeep\n|turn|2\n|inactive|Riyad Mahrez has 120 seconds left.\n|\n|t:|1700613903\n|move|p2a: Akainu \ud83c\udf0b|Taunt|p1a: Clefable\n|-start|p1a: Clefable|move: Taunt\n|cant|p1a: Clefable|move: Taunt|Moonlight\n|\n|-heal|p1a: Clefable|72\/100|[from] item: Leftovers\n|-damage|p2a: Akainu \ud83c\udf0b|76\/100|[from] item: Sticky Barb\n|upkeep\n|turn|3\n|\n|t:|1700613907\n|move|p2a: Akainu \ud83c\udf0b|Stealth Rock|p1a: Clefable\n|-sidestart|p1: thodoras edition|move: Stealth Rock\n|move|p1a: Clefable|Moonblast|p2a: Akainu \ud83c\udf0b\n|-resisted|p2a: Akainu \ud83c\udf0b\n|-damage|p2a: Akainu \ud83c\udf0b|71\/100\n|\n|-heal|p1a: Clefable|78\/100|[from] item: Leftovers\n|-damage|p2a: Akainu \ud83c\udf0b|59\/100|[from] item: Sticky Barb\n|upkeep\n|turn|4\n|inactive|Riyad Mahrez has 90 seconds left.\n|inactive|Riyad Mahrez has 60 seconds left.\n|\n|t:|1700613977\n|switch|p2a: Cosmo \ud83c\udf75|Sinistcha-Masterpiece|100\/100\n|move|p1a: Clefable|Moonblast|p2a: Cosmo \ud83c\udf75\n|-damage|p2a: Cosmo \ud83c\udf75|65\/100\n|-unboost|p2a: Cosmo \ud83c\udf75|spa|1\n|\n|-heal|p2a: Cosmo \ud83c\udf75|71\/100|[from] item: Leftovers\n|-heal|p1a: Clefable|84\/100|[from] item: Leftovers\n|-end|p1a: Clefable|Magma Storm|[partiallytrapped]|[silent]\n|-end|p1a: Clefable|move: Taunt\n|upkeep\n|turn|5\n|inactive|thodoras edition has 120 seconds left.\n|j| Spiderking3261\n|l| Spiderking3261\n|inactive|thodoras edition has 90 seconds left.\n|\n|t:|1700614044\n|switch|p1a: Amoonguss|Amoonguss, F|100\/100\n|move|p2a: Cosmo \ud83c\udf75|Matcha Gotcha|p1a: Amoonguss\n|-resisted|p1a: Amoonguss\n|-damage|p1a: Amoonguss|96\/100\n|-heal|p2a: Cosmo \ud83c\udf75|74\/100|[from] drain|[of] p1a: Amoonguss\n|\n|-heal|p2a: Cosmo \ud83c\udf75|80\/100|[from] item: Leftovers\n|upkeep\n|turn|6\n|inactive|thodoras edition has 90 seconds left.\n|\n|t:|1700614051\n|move|p2a: Cosmo \ud83c\udf75|Calm Mind|p2a: Cosmo \ud83c\udf75\n|-boost|p2a: Cosmo \ud83c\udf75|spa|1\n|-boost|p2a: Cosmo \ud83c\udf75|spd|1\n|move|p1a: Amoonguss|Sludge Bomb|p2a: Cosmo \ud83c\udf75\n|-damage|p2a: Cosmo \ud83c\udf75|57\/100\n|-status|p2a: Cosmo \ud83c\udf75|psn\n|\n|-heal|p2a: Cosmo \ud83c\udf75|63\/100 psn|[from] item: Leftovers\n|-damage|p2a: Cosmo \ud83c\udf75|50\/100 psn|[from] psn\n|upkeep\n|turn|7\n|inactive|Riyad Mahrez has 60 seconds left.\n|\n|t:|1700614057\n|move|p2a: Cosmo \ud83c\udf75|Shadow Ball|p1a: Amoonguss\n|-crit|p1a: Amoonguss\n|-damage|p1a: Amoonguss|51\/100\n|move|p1a: Amoonguss|Clear Smog|p2a: Cosmo \ud83c\udf75\n|-damage|p2a: Cosmo \ud83c\udf75|38\/100 psn\n|-clearboost|p2a: Cosmo \ud83c\udf75\n|\n|-heal|p2a: Cosmo \ud83c\udf75|44\/100 psn|[from] item: Leftovers\n|-damage|p2a: Cosmo \ud83c\udf75|31\/100 psn|[from] psn\n|upkeep\n|turn|8\n|\n|t:|1700614063\n|move|p2a: Cosmo \ud83c\udf75|Strength Sap|p1a: Amoonguss\n|-unboost|p1a: Amoonguss|atk|1\n|-heal|p2a: Cosmo \ud83c\udf75|85\/100 psn\n|move|p1a: Amoonguss|Giga Drain|p2a: Cosmo \ud83c\udf75\n|-resisted|p2a: Cosmo \ud83c\udf75\n|-damage|p2a: Cosmo \ud83c\udf75|72\/100 psn\n|-heal|p1a: Amoonguss|57\/100|[from] drain|[of] p2a: Cosmo \ud83c\udf75\n|\n|-heal|p2a: Cosmo \ud83c\udf75|79\/100 psn|[from] item: Leftovers\n|-damage|p2a: Cosmo \ud83c\udf75|66\/100 psn|[from] psn\n|upkeep\n|turn|9\n|\n|t:|1700614069\n|switch|p2a: Akainu \ud83c\udf0b|Heatran, M|59\/100\n|move|p1a: Amoonguss|Sludge Bomb|p2a: Akainu \ud83c\udf0b\n|-immune|p2a: Akainu \ud83c\udf0b\n|\n|-damage|p2a: Akainu \ud83c\udf0b|46\/100|[from] item: Sticky Barb\n|upkeep\n|turn|10\n|\n|t:|1700614081\n|switch|p1a: Milotic|Milotic, F|100\/100\n|move|p2a: Akainu \ud83c\udf0b|Magma Storm|p1a: Milotic\n|-resisted|p1a: Milotic\n|-damage|p1a: Milotic|89\/100\n|-activate|p1a: Milotic|move: Magma Storm|[of] p2a: Akainu \ud83c\udf0b\n|\n|-damage|p1a: Milotic|77\/100|[from] move: Magma Storm|[partiallytrapped]\n|-damage|p2a: Akainu \ud83c\udf0b|34\/100|[from] item: Sticky Barb\n|upkeep\n|turn|11\n|inactive|thodoras edition has 120 seconds left.\n|\n|t:|1700614089\n|switch|p2a: Cosmo \ud83c\udf75|Sinistcha-Masterpiece|66\/100 psn\n|move|p1a: Milotic|Scald|p2a: Cosmo \ud83c\udf75\n|-resisted|p2a: Cosmo \ud83c\udf75\n|-damage|p2a: Cosmo \ud83c\udf75|50\/100 psn\n|\n|-heal|p2a: Cosmo \ud83c\udf75|56\/100 psn|[from] item: Leftovers\n|-damage|p2a: Cosmo \ud83c\udf75|44\/100 psn|[from] psn\n|-end|p1a: Milotic|Magma Storm|[partiallytrapped]|[silent]\n|upkeep\n|turn|12\n|\n|t:|1700614096\n|move|p2a: Cosmo \ud83c\udf75|Strength Sap|p1a: Milotic\n|-unboost|p1a: Milotic|atk|1\n|-heal|p2a: Cosmo \ud83c\udf75|76\/100 psn\n|move|p1a: Milotic|Mirror Coat||[still]\n|-fail|p1a: Milotic\n|\n|-heal|p2a: Cosmo \ud83c\udf75|82\/100 psn|[from] item: Leftovers\n|-damage|p2a: Cosmo \ud83c\udf75|70\/100 psn|[from] psn\n|upkeep\n|turn|13\n|\n|t:|1700614105\n|move|p1a: Milotic|Haze|p1a: Milotic\n|-clearallboost\n|move|p2a: Cosmo \ud83c\udf75|Calm Mind|p2a: Cosmo \ud83c\udf75\n|-boost|p2a: Cosmo \ud83c\udf75|spa|1\n|-boost|p2a: Cosmo \ud83c\udf75|spd|1\n|\n|-heal|p2a: Cosmo \ud83c\udf75|76\/100 psn|[from] item: Leftovers\n|-damage|p2a: Cosmo \ud83c\udf75|63\/100 psn|[from] psn\n|upkeep\n|turn|14\n|\n|t:|1700614112\n|move|p1a: Milotic|Haze|p1a: Milotic\n|-clearallboost\n|move|p2a: Cosmo \ud83c\udf75|Matcha Gotcha|p1a: Milotic\n|-supereffective|p1a: Milotic\n|-damage|p1a: Milotic|40\/100\n|-heal|p2a: Cosmo \ud83c\udf75|84\/100 psn|[from] drain|[of] p1a: Milotic\n|\n|-heal|p2a: Cosmo \ud83c\udf75|90\/100 psn|[from] item: Leftovers\n|-damage|p2a: Cosmo \ud83c\udf75|78\/100 psn|[from] psn\n|upkeep\n|turn|15\n|\n|t:|1700614118\n|move|p1a: Milotic|Recover|p1a: Milotic\n|-heal|p1a: Milotic|90\/100\n|move|p2a: Cosmo \ud83c\udf75|Calm Mind|p2a: Cosmo \ud83c\udf75\n|-boost|p2a: Cosmo \ud83c\udf75|spa|1\n|-boost|p2a: Cosmo \ud83c\udf75|spd|1\n|\n|-heal|p2a: Cosmo \ud83c\udf75|84\/100 psn|[from] item: Leftovers\n|-damage|p2a: Cosmo \ud83c\udf75|71\/100 psn|[from] psn\n|upkeep\n|turn|16\n|\n|t:|1700614127\n|move|p2a: Cosmo \ud83c\udf75|Calm Mind|p2a: Cosmo \ud83c\udf75\n|-boost|p2a: Cosmo \ud83c\udf75|spa|1\n|-boost|p2a: Cosmo \ud83c\udf75|spd|1\n|move|p1a: Milotic|Mirror Coat||[still]\n|-fail|p1a: Milotic\n|\n|-heal|p2a: Cosmo \ud83c\udf75|77\/100 psn|[from] item: Leftovers\n|-damage|p2a: Cosmo \ud83c\udf75|65\/100 psn|[from] psn\n|upkeep\n|turn|17\n|\n|t:|1700614134\n|move|p1a: Milotic|Haze|p1a: Milotic\n|-clearallboost\n|move|p2a: Cosmo \ud83c\udf75|Matcha Gotcha|p1a: Milotic\n|-supereffective|p1a: Milotic\n|-damage|p1a: Milotic|55\/100\n|-heal|p2a: Cosmo \ud83c\udf75|85\/100 psn|[from] drain|[of] p1a: Milotic\n|\n|-heal|p2a: Cosmo \ud83c\udf75|91\/100 psn|[from] item: Leftovers\n|-damage|p2a: Cosmo \ud83c\udf75|79\/100 psn|[from] psn\n|upkeep\n|turn|18\n|j| Spiderking3261\n|l| Spiderking3261\n|\n|t:|1700614143\n|switch|p1a: Amoonguss|Amoonguss, F|90\/100\n|switch|p2a: Twilight Suzuka\u2694\ufe0f|Ogerpon-Wellspring, F|100\/100\n|\n|upkeep\n|turn|19\n|\n|t:|1700614148\n|switch|p2a: Akainu \ud83c\udf0b|Heatran, M|34\/100\n|move|p1a: Amoonguss|Sludge Bomb|p2a: Akainu \ud83c\udf0b\n|-immune|p2a: Akainu \ud83c\udf0b\n|\n|-damage|p2a: Akainu \ud83c\udf0b|21\/100|[from] item: Sticky Barb\n|upkeep\n|turn|20\n|\n|t:|1700614155\n|switch|p1a: Milotic|Milotic, F|55\/100\n|move|p2a: Akainu \ud83c\udf0b|Magma Storm|p1a: Milotic\n|-resisted|p1a: Milotic\n|-damage|p1a: Milotic|42\/100\n|-activate|p1a: Milotic|move: Magma Storm|[of] p2a: Akainu \ud83c\udf0b\n|\n|-damage|p1a: Milotic|30\/100|[from] move: Magma Storm|[partiallytrapped]\n|-damage|p2a: Akainu \ud83c\udf0b|9\/100|[from] item: Sticky Barb\n|upkeep\n|turn|21\n|\n|t:|1700614161\n|move|p1a: Milotic|Recover|p1a: Milotic\n|-heal|p1a: Milotic|80\/100\n|move|p2a: Akainu \ud83c\udf0b|Taunt|p1a: Milotic\n|-start|p1a: Milotic|move: Taunt\n|\n|-damage|p1a: Milotic|68\/100|[from] move: Magma Storm|[partiallytrapped]\n|-damage|p2a: Akainu \ud83c\udf0b|0 fnt|[from] item: Sticky Barb\n|faint|p2a: Akainu \ud83c\udf0b\n|upkeep\n|\n|t:|1700614167\n|switch|p2a: Cosmo \ud83c\udf75|Sinistcha-Masterpiece|79\/100 psn\n|turn|22\n|\n|t:|1700614173\n|move|p1a: Milotic|Scald|p2a: Cosmo \ud83c\udf75\n|-resisted|p2a: Cosmo \ud83c\udf75\n|-damage|p2a: Cosmo \ud83c\udf75|62\/100 psn\n|move|p2a: Cosmo \ud83c\udf75|Calm Mind|p2a: Cosmo \ud83c\udf75\n|-boost|p2a: Cosmo \ud83c\udf75|spa|1\n|-boost|p2a: Cosmo \ud83c\udf75|spd|1\n|\n|-heal|p2a: Cosmo \ud83c\udf75|68\/100 psn|[from] item: Leftovers\n|-damage|p2a: Cosmo \ud83c\udf75|56\/100 psn|[from] psn\n|-end|p1a: Milotic|Magma Storm|[partiallytrapped]|[silent]\n|upkeep\n|turn|23\n|\n|t:|1700614182\n|switch|p1a: Amoonguss|Amoonguss, F|100\/100\n|move|p2a: Cosmo \ud83c\udf75|Shadow Ball|p1a: Amoonguss\n|-damage|p1a: Amoonguss|62\/100\n|-unboost|p1a: Amoonguss|spd|1\n|\n|-heal|p2a: Cosmo \ud83c\udf75|62\/100 psn|[from] item: Leftovers\n|-damage|p2a: Cosmo \ud83c\udf75|50\/100 psn|[from] psn\n|upkeep\n|turn|24\n|\n|t:|1700614188\n|switch|p1a: Milotic|Milotic, F|68\/100\n|move|p2a: Cosmo \ud83c\udf75|Shadow Ball|p1a: Milotic\n|-damage|p1a: Milotic|41\/100\n|\n|-heal|p2a: Cosmo \ud83c\udf75|56\/100 psn|[from] item: Leftovers\n|-damage|p2a: Cosmo \ud83c\udf75|43\/100 psn|[from] psn\n|upkeep\n|turn|25\n|\n|t:|1700614194\n|switch|p1a: Amoonguss|Amoonguss, F|95\/100\n|move|p2a: Cosmo \ud83c\udf75|Matcha Gotcha|p1a: Amoonguss\n|-resisted|p1a: Amoonguss\n|-damage|p1a: Amoonguss|85\/100\n|-heal|p2a: Cosmo \ud83c\udf75|50\/100 psn|[from] drain|[of] p1a: Amoonguss\n|\n|-heal|p2a: Cosmo \ud83c\udf75|56\/100 psn|[from] item: Leftovers\n|-damage|p2a: Cosmo \ud83c\udf75|43\/100 psn|[from] psn\n|upkeep\n|turn|26\n|\n|t:|1700614201\n|move|p2a: Cosmo \ud83c\udf75|Strength Sap|p1a: Amoonguss\n|-unboost|p1a: Amoonguss|atk|1\n|-heal|p2a: Cosmo \ud83c\udf75|97\/100 psn\n|move|p1a: Amoonguss|Clear Smog|p2a: Cosmo \ud83c\udf75\n|-damage|p2a: Cosmo \ud83c\udf75|83\/100 psn\n|-clearboost|p2a: Cosmo \ud83c\udf75\n|\n|-heal|p2a: Cosmo \ud83c\udf75|90\/100 psn|[from] item: Leftovers\n|-damage|p2a: Cosmo \ud83c\udf75|77\/100 psn|[from] psn\n|upkeep\n|turn|27\n|\n|t:|1700614207\n|move|p2a: Cosmo \ud83c\udf75|Calm Mind|p2a: Cosmo \ud83c\udf75\n|-boost|p2a: Cosmo \ud83c\udf75|spa|1\n|-boost|p2a: Cosmo \ud83c\udf75|spd|1\n|move|p1a: Amoonguss|Sludge Bomb|p2a: Cosmo \ud83c\udf75\n|-damage|p2a: Cosmo \ud83c\udf75|57\/100 psn\n|\n|-heal|p2a: Cosmo \ud83c\udf75|63\/100 psn|[from] item: Leftovers\n|-damage|p2a: Cosmo \ud83c\udf75|51\/100 psn|[from] psn\n|upkeep\n|turn|28\n|\n|t:|1700614212\n|move|p2a: Cosmo \ud83c\udf75|Shadow Ball|p1a: Amoonguss\n|-damage|p1a: Amoonguss|44\/100\n|move|p1a: Amoonguss|Clear Smog|p2a: Cosmo \ud83c\udf75\n|-damage|p2a: Cosmo \ud83c\udf75|38\/100 psn\n|-clearboost|p2a: Cosmo \ud83c\udf75\n|\n|-heal|p2a: Cosmo \ud83c\udf75|44\/100 psn|[from] item: Leftovers\n|-damage|p2a: Cosmo \ud83c\udf75|32\/100 psn|[from] psn\n|upkeep\n|turn|29\n|j| purple pastels\n|\n|t:|1700614215\n|move|p2a: Cosmo \ud83c\udf75|Matcha Gotcha|p1a: Amoonguss\n|-resisted|p1a: Amoonguss\n|-damage|p1a: Amoonguss|38\/100\n|-heal|p2a: Cosmo \ud83c\udf75|36\/100 psn|[from] drain|[of] p1a: Amoonguss\n|-status|p1a: Amoonguss|brn\n|move|p1a: Amoonguss|Sludge Bomb|p2a: Cosmo \ud83c\udf75\n|-damage|p2a: Cosmo \ud83c\udf75|3\/100 psn\n|\n|-heal|p2a: Cosmo \ud83c\udf75|9\/100 psn|[from] item: Leftovers\n|-damage|p2a: Cosmo \ud83c\udf75|0 fnt|[from] psn\n|faint|p2a: Cosmo \ud83c\udf75\n|-damage|p1a: Amoonguss|32\/100 brn|[from] brn\n|upkeep\n|\n|t:|1700614239\n|switch|p2a: Treadwrong Crush|Great Tusk|100\/100\n|turn|30\n|\n|t:|1700614242\n|switch|p1a: Clefable|Clefable, M|84\/100\n|move|p2a: Treadwrong Crush|Headlong Rush|p1a: Clefable\n|-damage|p1a: Clefable|32\/100\n|-unboost|p2a: Treadwrong Crush|def|1\n|-unboost|p2a: Treadwrong Crush|spd|1\n|\n|-heal|p1a: Clefable|38\/100|[from] item: Leftovers\n|upkeep\n|turn|31\n|j| Spiderking3261\n|\n|t:|1700614250\n|move|p2a: Treadwrong Crush|Headlong Rush|p1a: Clefable\n|-damage|p1a: Clefable|0 fnt\n|-unboost|p2a: Treadwrong Crush|def|1\n|-unboost|p2a: Treadwrong Crush|spd|1\n|faint|p1a: Clefable\n|\n|upkeep\n|l| Spiderking3261\n|\n|t:|1700614261\n|switch|p1a: Quagsire|Quagsire, F|100\/100\n|turn|32\n|\n|t:|1700614276\n|-end|p2a: Treadwrong Crush|Protosynthesis|[silent]\n|switch|p2a: Twilight Suzuka\u2694\ufe0f|Ogerpon-Wellspring, F|100\/100\n|move|p1a: Quagsire|Earthquake|p2a: Twilight Suzuka\u2694\ufe0f\n|-resisted|p2a: Twilight Suzuka\u2694\ufe0f\n|-damage|p2a: Twilight Suzuka\u2694\ufe0f|82\/100\n|\n|upkeep\n|turn|33\n|\n|t:|1700614285\n|-terastallize|p1a: Quagsire|Poison\n|move|p2a: Twilight Suzuka\u2694\ufe0f|Swords Dance|p2a: Twilight Suzuka\u2694\ufe0f\n|-boost|p2a: Twilight Suzuka\u2694\ufe0f|atk|2\n|move|p1a: Quagsire|Toxic|p2a: Twilight Suzuka\u2694\ufe0f\n|-status|p2a: Twilight Suzuka\u2694\ufe0f|tox\n|\n|-damage|p2a: Twilight Suzuka\u2694\ufe0f|76\/100 tox|[from] psn\n|upkeep\n|turn|34\n|\n|t:|1700614299\n|move|p2a: Twilight Suzuka\u2694\ufe0f|Encore|p1a: Quagsire\n|-start|p1a: Quagsire|Encore\n|move|p1a: Quagsire|Toxic|p2a: Twilight Suzuka\u2694\ufe0f\n|-fail|p2a: Twilight Suzuka\u2694\ufe0f|tox\n|\n|-damage|p2a: Twilight Suzuka\u2694\ufe0f|64\/100 tox|[from] psn\n|upkeep\n|turn|35\n|\n|t:|1700614307\n|switch|p1a: Milotic|Milotic, F|41\/100\n|move|p2a: Twilight Suzuka\u2694\ufe0f|Ivy Cudgel|p1a: Milotic|[anim] Ivy Cudgel Water\n|-resisted|p1a: Milotic\n|-damage|p1a: Milotic|0 fnt\n|faint|p1a: Milotic\n|\n|-damage|p2a: Twilight Suzuka\u2694\ufe0f|46\/100 tox|[from] psn\n|upkeep\n|\n|t:|1700614313\n|switch|p1a: Zamazenta|Zamazenta|100\/100\n|-ability|p1a: Zamazenta|Dauntless Shield|boost\n|-boost|p1a: Zamazenta|def|1\n|turn|36\n|\n|t:|1700614329\n|move|p1a: Zamazenta|Close Combat|p2a: Twilight Suzuka\u2694\ufe0f\n|-damage|p2a: Twilight Suzuka\u2694\ufe0f|0 fnt\n|-unboost|p1a: Zamazenta|def|1\n|-unboost|p1a: Zamazenta|spd|1\n|faint|p2a: Twilight Suzuka\u2694\ufe0f\n|\n|upkeep\n|\n|t:|1700614334\n|switch|p2a: Melfina|Iron Valiant|100\/100\n|-enditem|p2a: Melfina|Booster Energy\n|-activate|p2a: Melfina|ability: Quark Drive|[fromitem]\n|-start|p2a: Melfina|quarkdrivespe\n|turn|37\n|\n|t:|1700614340\n|switch|p1a: Gholdengo|Gholdengo|100\/100\n|-damage|p1a: Gholdengo|94\/100|[from] Stealth Rock\n|-terastallize|p2a: Melfina|Ghost\n|move|p2a: Melfina|Calm Mind|p2a: Melfina\n|-boost|p2a: Melfina|spa|1\n|-boost|p2a: Melfina|spd|1\n|\n|-heal|p1a: Gholdengo|100\/100|[from] item: Leftovers\n|upkeep\n|turn|38\n|\n|t:|1700614347\n|move|p2a: Melfina|Shadow Ball|p1a: Gholdengo\n|-supereffective|p1a: Gholdengo\n|-damage|p1a: Gholdengo|0 fnt\n|faint|p1a: Gholdengo\n|\n|upkeep\n|\n|t:|1700614351\n|switch|p1a: Quagsire|Quagsire, F, tera:Poison|100\/100\n|turn|39\n|inactive|Riyad Mahrez has 120 seconds left.\n|inactive|Riyad Mahrez has 90 seconds left.\n|\n|t:|1700614427\n|-end|p2a: Melfina|Quark Drive|[silent]\n|switch|p2a: Treadwrong Crush|Great Tusk|100\/100\n|move|p1a: Quagsire|Earthquake|p2a: Treadwrong Crush\n|-damage|p2a: Treadwrong Crush|78\/100\n|\n|upkeep\n|turn|40\n|\n|t:|1700614441\n|move|p2a: Treadwrong Crush|Headlong Rush|p1a: Quagsire\n|-supereffective|p1a: Quagsire\n|-damage|p1a: Quagsire|13\/100\n|-unboost|p2a: Treadwrong Crush|def|1\n|-unboost|p2a: Treadwrong Crush|spd|1\n|move|p1a: Quagsire|Earthquake|p2a: Treadwrong Crush\n|-damage|p2a: Treadwrong Crush|55\/100\n|\n|upkeep\n|turn|41\n|\n|t:|1700614446\n|move|p2a: Treadwrong Crush|Headlong Rush|p1a: Quagsire\n|-supereffective|p1a: Quagsire\n|-damage|p1a: Quagsire|0 fnt\n|-unboost|p2a: Treadwrong Crush|def|1\n|-unboost|p2a: Treadwrong Crush|spd|1\n|faint|p1a: Quagsire\n|\n|upkeep\n|\n|t:|1700614448\n|switch|p1a: Zamazenta|Zamazenta|100\/100\n|turn|42\n|\n|t:|1700614453\n|move|p1a: Zamazenta|Ice Fang|p2a: Treadwrong Crush\n|-supereffective|p2a: Treadwrong Crush\n|-damage|p2a: Treadwrong Crush|0 fnt\n|faint|p2a: Treadwrong Crush\n|-end|p2a: Treadwrong Crush|Protosynthesis|[silent]\n|\n|upkeep\n|\n|t:|1700614462\n|switch|p2a: Melfina|Iron Valiant, tera:Ghost|100\/100\n|turn|43\n|\n|t:|1700614473\n|switch|p1a: Amoonguss|Amoonguss, F|65\/100 brn\n|move|p2a: Melfina|Shadow Ball|p1a: Amoonguss\n|-damage|p1a: Amoonguss|34\/100 brn\n|\n|-damage|p1a: Amoonguss|27\/100 brn|[from] brn\n|upkeep\n|turn|44\n|\n|t:|1700614476\n|move|p2a: Melfina|Shadow Ball|p1a: Amoonguss\n|-damage|p1a: Amoonguss|0 fnt\n|faint|p1a: Amoonguss\n|\n|upkeep\n|\n|t:|1700614479\n|switch|p1a: Zamazenta|Zamazenta|100\/100\n|turn|45\n|\n|t:|1700614482\n|move|p1a: Zamazenta|Crunch|p2a: Melfina\n|-supereffective|p2a: Melfina\n|-damage|p2a: Melfina|28\/100\n|move|p2a: Melfina|Moonblast|p1a: Zamazenta\n|-supereffective|p1a: Zamazenta\n|-damage|p1a: Zamazenta|17\/100\n|-unboost|p1a: Zamazenta|spa|1\n|\n|upkeep\n|turn|46\n|\n|t:|1700614487\n|move|p1a: Zamazenta|Crunch|p2a: Melfina\n|-supereffective|p2a: Melfina\n|-damage|p2a: Melfina|0 fnt\n|faint|p2a: Melfina\n|-end|p2a: Melfina|Quark Drive|[silent]\n|\n|upkeep\n|c|\u2606Riyad Mahrez|gg\n|\n|t:|1700614491\n|switch|p2a: Gene Starwind|Kingambit, M|100\/100\n|-activate|p2a: Gene Starwind|ability: Supreme Overlord\n|-start|p2a: Gene Starwind|fallen5|[silent]\n|turn|47\n|c|\u2606thodoras edition|gg\n|\n|t:|1700614496\n|move|p2a: Gene Starwind|Sucker Punch|p1a: Zamazenta\n|-resisted|p1a: Zamazenta\n|-damage|p1a: Zamazenta|0 fnt\n|faint|p1a: Zamazenta\n|\n|win|Riyad Mahrez\n|raw|thodoras edition's rating: 1646 &rarr; <strong>1624<\/strong><br \/>(-22 for losing)\n|raw|Riyad Mahrez's rating: 1607 &rarr; <strong>1629<\/strong><br \/>(+22 for winning)\n|l|\u2606thodoras edition\n","uploadtime":1700614500,"views":8,"p1id":"thodorasedition","p2id":"riyadmahrez","formatid":"gen9ou","rating":1624,"private":0,"password":""}