{"id":"gen9ou-1992993694","p1":"Himynameistanner","p2":"PurifyingGhost","format":"[Gen 9] OU","log":"|j|\u2606Himynameistanner\n|j|\u2606PurifyingGhost\n|t:|1700253602\n|gametype|singles\n|player|p1|Himynameistanner|1|1406\n|player|p2|PurifyingGhost|raifort|1356\n|teamsize|p1|6\n|teamsize|p2|6\n|gen|9\n|tier|[Gen 9] OU\n|rated|\n|rule|Sleep Clause Mod: Limit one foe put to sleep\n|rule|Species Clause: Limit one of each Pok\u00e9mon\n|rule|OHKO Clause: OHKO moves are banned\n|rule|Evasion Items Clause: Evasion items are banned\n|rule|Evasion Moves Clause: Evasion moves are banned\n|rule|Endless Battle Clause: Forcing endless battles is banned\n|rule|HP Percentage Mod: HP is shown in percentages\n|clearpoke\n|poke|p1|Scizor, F|\n|poke|p1|Empoleon, F|\n|poke|p1|Iron Valiant|\n|poke|p1|Iron Moth|\n|poke|p1|Ogerpon-Wellspring, F|\n|poke|p1|Brambleghast, F|\n|poke|p2|Zoroark-Hisui, F|\n|poke|p2|Corviknight, F|\n|poke|p2|Lokix, F|\n|poke|p2|Ogerpon-Wellspring, F|\n|poke|p2|Sneasler, F|\n|poke|p2|Landorus-Therian, M|\n|teampreview\n|\n|t:|1700253632\n|start\n|switch|p1a: Empoleon|Empoleon, F|100\/100\n|switch|p2a: Lokix|Lokix, F|100\/100\n|turn|1\n|\n|t:|1700253641\n|move|p2a: Lokix|Knock Off|p1a: Empoleon\n|-damage|p1a: Empoleon|46\/100\n|-damage|p2a: Lokix|84\/100|[from] item: Rocky Helmet|[of] p1a: Empoleon\n|-enditem|p1a: Empoleon|Rocky Helmet|[from] move: Knock Off|[of] p2a: Lokix\n|move|p1a: Empoleon|Stealth Rock|p2a: Lokix\n|-sidestart|p2: PurifyingGhost|move: Stealth Rock\n|\n|upkeep\n|turn|2\n|\n|t:|1700253648\n|switch|p2a: Corviknight|Corviknight, F|100\/100\n|-damage|p2a: Corviknight|88\/100|[from] Stealth Rock\n|-ability|p2a: Corviknight|Pressure\n|move|p1a: Empoleon|Chilling Water|p2a: Corviknight\n|-damage|p2a: Corviknight|68\/100\n|-unboost|p2a: Corviknight|atk|1\n|\n|upkeep\n|turn|3\n|\n|t:|1700253651\n|move|p2a: Corviknight|Defog|p1a: Empoleon\n|-unboost|p1a: Empoleon|evasion|1\n|-ability|p1a: Empoleon|Competitive|boost\n|-boost|p1a: Empoleon|spa|2\n|-sideend|p2: PurifyingGhost|Stealth Rock|[from] move: Defog|[of] p2a: Corviknight\n|move|p1a: Empoleon|Yawn|p2a: Corviknight\n|-start|p2a: Corviknight|move: Yawn|[of] p1a: Empoleon\n|\n|upkeep\n|turn|4\n|\n|t:|1700253653\n|move|p2a: Corviknight|U-turn|p1a: Empoleon\n|-resisted|p1a: Empoleon\n|-damage|p1a: Empoleon|43\/100\n|\n|t:|1700253664\n|switch|p2a: Ogerpon|Ogerpon-Wellspring, F|100\/100|[from] U-turn\n|move|p1a: Empoleon|Stealth Rock|p2a: Ogerpon\n|-sidestart|p2: PurifyingGhost|move: Stealth Rock\n|\n|upkeep\n|turn|5\n|\n|t:|1700253668\n|move|p2a: Ogerpon|Shadow Ball|p1a: Empoleon\n|-crit|p1a: Empoleon\n|-damage|p1a: Empoleon|0 fnt\n|faint|p1a: Empoleon\n|\n|upkeep\n|\n|t:|1700253676\n|switch|p1a: Iron Valiant|Iron Valiant|100\/100\n|-enditem|p1a: Iron Valiant|Booster Energy\n|-activate|p1a: Iron Valiant|ability: Quark Drive|[fromitem]\n|-start|p1a: Iron Valiant|quarkdrivespe\n|turn|6\n|\n|t:|1700253681\n|move|p1a: Iron Valiant|Knock Off|p2a: Ogerpon\n|-supereffective|p2a: Ogerpon\n|-crit|p2a: Ogerpon\n|-damage|p2a: Ogerpon|0 fnt\n|replace|p2a: Zoroark|Zoroark-Hisui, F\n|-end|p2a: Zoroark|Illusion\n|-enditem|p2a: Zoroark|Choice Specs|[from] move: Knock Off|[of] p1a: Iron Valiant\n|faint|p2a: Zoroark\n|\n|upkeep\n|\n|t:|1700253684\n|switch|p2a: Corviknight|Corviknight, F|68\/100\n|-damage|p2a: Corviknight|56\/100|[from] Stealth Rock\n|-ability|p2a: Corviknight|Pressure\n|turn|7\n|\n|t:|1700253688\n|move|p1a: Iron Valiant|Swords Dance|p1a: Iron Valiant\n|-boost|p1a: Iron Valiant|atk|2\n|move|p2a: Corviknight|Defog|p1a: Iron Valiant\n|-unboost|p1a: Iron Valiant|evasion|1\n|-sideend|p2: PurifyingGhost|Stealth Rock|[from] move: Defog|[of] p2a: Corviknight\n|\n|upkeep\n|turn|8\n|\n|t:|1700253692\n|move|p1a: Iron Valiant|Drain Punch|p2a: Corviknight\n|-damage|p2a: Corviknight|7\/100\n|-damage|p1a: Iron Valiant|84\/100|[from] item: Rocky Helmet|[of] p2a: Corviknight\n|move|p2a: Corviknight|Brave Bird|p1a: Iron Valiant\n|-supereffective|p1a: Iron Valiant\n|-damage|p1a: Iron Valiant|0 fnt\n|faint|p1a: Iron Valiant\n|-end|p1a: Iron Valiant|Quark Drive|[silent]\n|-damage|p2a: Corviknight|0 fnt|[from] Recoil\n|faint|p2a: Corviknight\n|\n|upkeep\n|\n|t:|1700253705\n|switch|p1a: Iron Moth|Iron Moth|100\/100\n|switch|p2a: Sneasler|Sneasler, F|100\/100\n|-enditem|p1a: Iron Moth|Booster Energy\n|-activate|p1a: Iron Moth|ability: Quark Drive|[fromitem]\n|-start|p1a: Iron Moth|quarkdrivespa\n|turn|9\n|\n|t:|1700253724\n|move|p2a: Sneasler|U-turn|p1a: Iron Moth\n|-resisted|p1a: Iron Moth\n|-damage|p1a: Iron Moth|90\/100\n|\n|t:|1700253726\n|switch|p2a: Landorus|Landorus-Therian, M|100\/100|[from] U-turn\n|-ability|p2a: Landorus|Intimidate|boost\n|-unboost|p1a: Iron Moth|atk|1\n|move|p1a: Iron Moth|Discharge|p2a: Landorus\n|-immune|p2a: Landorus\n|\n|upkeep\n|turn|10\n|\n|t:|1700253734\n|move|p1a: Iron Moth|Fiery Dance|p2a: Landorus\n|-damage|p2a: Landorus|30\/100\n|-boost|p1a: Iron Moth|spa|1\n|move|p2a: Landorus|Earthquake|p1a: Iron Moth\n|-supereffective|p1a: Iron Moth\n|-damage|p1a: Iron Moth|0 fnt\n|faint|p1a: Iron Moth\n|-end|p1a: Iron Moth|Quark Drive|[silent]\n|\n|upkeep\n|\n|t:|1700253740\n|switch|p1a: Ogerpon|Ogerpon-Wellspring, F|100\/100\n|turn|11\n|\n|t:|1700253744\n|move|p1a: Ogerpon|Trailblaze|p2a: Landorus\n|-damage|p2a: Landorus|8\/100\n|-boost|p1a: Ogerpon|spe|1\n|-damage|p1a: Ogerpon|84\/100|[from] item: Rocky Helmet|[of] p2a: Landorus\n|move|p2a: Landorus|U-turn|p1a: Ogerpon\n|-supereffective|p1a: Ogerpon\n|-damage|p1a: Ogerpon|28\/100\n|\n|t:|1700253747\n|switch|p2a: Lokix|Lokix, F|84\/100|[from] U-turn\n|\n|upkeep\n|turn|12\n|\n|t:|1700253752\n|move|p2a: Lokix|First Impression|p1a: Ogerpon\n|-supereffective|p1a: Ogerpon\n|-damage|p1a: Ogerpon|0 fnt\n|faint|p1a: Ogerpon\n|\n|upkeep\n|\n|t:|1700253755\n|switch|p1a: Scizor|Scizor, F|100\/100\n|turn|13\n|\n|t:|1700253757\n|switch|p2a: Landorus|Landorus-Therian, M|8\/100\n|-ability|p2a: Landorus|Intimidate|boost\n|-unboost|p1a: Scizor|atk|1\n|move|p1a: Scizor|Swords Dance|p1a: Scizor\n|-boost|p1a: Scizor|atk|2\n|\n|upkeep\n|turn|14\n|\n|t:|1700253760\n|move|p1a: Scizor|Bullet Punch|p2a: Landorus\n|-damage|p2a: Landorus|0 fnt\n|faint|p2a: Landorus\n|\n|upkeep\n|\n|t:|1700253766\n|switch|p2a: Sneasler|Sneasler, F|100\/100\n|turn|15\n|\n|t:|1700253773\n|move|p2a: Sneasler|Switcheroo|p1a: Scizor\n|-activate|p2a: Sneasler|move: Trick|[of] p1a: Scizor\n|-item|p1a: Scizor|Choice Scarf|[from] move: Switcheroo\n|-item|p2a: Sneasler|Protective Pads|[from] move: Switcheroo\n|move|p1a: Scizor|Knock Off|p2a: Sneasler\n|-resisted|p2a: Sneasler\n|-damage|p2a: Sneasler|56\/100\n|-enditem|p2a: Sneasler|Protective Pads|[from] move: Knock Off|[of] p1a: Scizor\n|\n|upkeep\n|turn|16\n|\n|t:|1700253779\n|move|p2a: Sneasler|Close Combat|p1a: Scizor\n|-damage|p1a: Scizor|28\/100\n|-unboost|p2a: Sneasler|def|1\n|-unboost|p2a: Sneasler|spd|1\n|move|p1a: Scizor|Knock Off|p2a: Sneasler\n|-resisted|p2a: Sneasler\n|-damage|p2a: Sneasler|9\/100\n|\n|upkeep\n|turn|17\n|\n|t:|1700253784\n|move|p2a: Sneasler|Close Combat|p1a: Scizor\n|-damage|p1a: Scizor|0 fnt\n|-unboost|p2a: Sneasler|def|1\n|-unboost|p2a: Sneasler|spd|1\n|faint|p1a: Scizor\n|\n|upkeep\n|\n|t:|1700253786\n|switch|p1a: Brambleghast|Brambleghast, F|100\/100\n|turn|18\n|\n|t:|1700253789\n|move|p2a: Sneasler|Dire Claw|p1a: Brambleghast\n|-damage|p1a: Brambleghast|42\/100\n|-status|p1a: Brambleghast|par\n|cant|p1a: Brambleghast|par\n|\n|upkeep\n|turn|19\n|-message|Himynameistanner forfeited.\n|\n|win|PurifyingGhost\n|raw|Himynameistanner's rating: 1406 &rarr; <strong>1383<\/strong><br \/>(-23 for losing)\n|raw|PurifyingGhost's rating: 1356 &rarr; <strong>1379<\/strong><br \/>(+23 for winning)\n|l|\u2606Himynameistanner\n","uploadtime":1700253823,"views":10,"p1id":"himynameistanner","p2id":"purifyingghost","formatid":"gen9ou","rating":1379,"private":0,"password":""}