{"id":"gen9ou-1994685935","p1":"csgoAFK","p2":"darthdecidui","format":"[Gen 9] OU","log":"|j|\u2606csgoAFK\n|j|\u2606darthdecidui\n|inactive|Battle timer is ON: inactive players will automatically lose when time's up.\n|t:|1700480881\n|gametype|singles\n|player|p1|csgoAFK|steven|\n|player|p2|darthdecidui|giovanni|\n|teamsize|p1|4\n|teamsize|p2|4\n|gen|9\n|tier|[Gen 9] OU\n|rated|Tournament battle\n|rule|Sleep Clause Mod: Limit one foe put to sleep\n|rule|Species Clause: Limit one of each Pok\u00e9mon\n|rule|OHKO Clause: OHKO moves are banned\n|rule|Evasion Items Clause: Evasion items are banned\n|rule|Evasion Moves Clause: Evasion moves are banned\n|rule|Endless Battle Clause: Forcing endless battles is banned\n|rule|HP Percentage Mod: HP is shown in percentages\n|clearpoke\n|poke|p1|Snorlax, M|\n|poke|p1|Clefable, F|\n|poke|p1|Hippopotas, F|\n|poke|p1|Donphan, F|\n|poke|p2|Jumpluff, F|\n|poke|p2|Dusclops, M|\n|poke|p2|Girafarig, F|\n|poke|p2|Cetitan, F|\n|teampreview\n|j|*Lady Monita \u2746\n|c|\u2606csgoAFK|hf\n|j| fucuk\n|c|\u2606darthdecidui|glhf\n|\n|t:|1700480895\n|start\n|switch|p1a: Clefable|Clefable, F|100\/100\n|switch|p2a: Cetitan|Cetitan, F|100\/100\n|turn|1\n|\n|t:|1700480906\n|move|p2a: Cetitan|Belly Drum|p2a: Cetitan\n|-damage|p2a: Cetitan|50\/100\n|-setboost|p2a: Cetitan|atk|6|[from] move: Belly Drum\n|-enditem|p2a: Cetitan|Sitrus Berry|[eat]\n|-heal|p2a: Cetitan|75\/100|[from] item: Sitrus Berry\n|move|p1a: Clefable|Flamethrower|p2a: Cetitan\n|-supereffective|p2a: Cetitan\n|-damage|p2a: Cetitan|10\/100\n|\n|upkeep\n|turn|2\n|j| TJ799\n|\n|t:|1700480926\n|switch|p1a: Hippopotas|Hippopotas, F|100\/100\n|-weather|Sandstorm|[from] ability: Sand Stream|[of] p1a: Hippopotas\n|-terastallize|p2a: Cetitan|Normal\n|move|p2a: Cetitan|Body Slam|p1a: Hippopotas\n|-damage|p1a: Hippopotas|0 fnt\n|faint|p1a: Hippopotas\n|\n|-weather|Sandstorm|[upkeep]\n|-damage|p2a: Cetitan|4\/100|[from] Sandstorm\n|upkeep\n|\n|t:|1700480936\n|switch|p1a: Donphan|Donphan, F|100\/100\n|turn|3\n|\n|t:|1700480940\n|move|p1a: Donphan|Ice Shard|p2a: Cetitan\n|-damage|p2a: Cetitan|0 fnt\n|faint|p2a: Cetitan\n|\n|-weather|Sandstorm|[upkeep]\n|upkeep\n|\n|t:|1700480948\n|switch|p2a: Dusclops|Dusclops, M|100\/100\n|-item|p1a: Donphan|Choice Band|[from] ability: Frisk|[of] p2a: Dusclops|[identify]\n|turn|4\n|\n|t:|1700480953\n|switch|p1a: Snorlax|Snorlax, M|100\/100\n|move|p2a: Dusclops|Disable||[still]\n|-fail|p2a: Dusclops\n|\n|-weather|Sandstorm|[upkeep]\n|-damage|p1a: Snorlax|94\/100|[from] Sandstorm\n|-damage|p2a: Dusclops|95\/100|[from] Sandstorm\n|upkeep\n|turn|5\n|\n|t:|1700480963\n|move|p1a: Snorlax|Curse|p1a: Snorlax\n|-unboost|p1a: Snorlax|spe|1\n|-boost|p1a: Snorlax|atk|1\n|-boost|p1a: Snorlax|def|1\n|move|p2a: Dusclops|Calm Mind|p2a: Dusclops\n|-boost|p2a: Dusclops|spa|1\n|-boost|p2a: Dusclops|spd|1\n|\n|-weather|Sandstorm|[upkeep]\n|-damage|p2a: Dusclops|89\/100|[from] Sandstorm\n|-damage|p1a: Snorlax|88\/100|[from] Sandstorm\n|upkeep\n|turn|6\n|\n|t:|1700480972\n|move|p2a: Dusclops|Disable|p1a: Snorlax\n|-start|p1a: Snorlax|Disable|Curse\n|move|p1a: Snorlax|Earthquake|p2a: Dusclops\n|-damage|p2a: Dusclops|56\/100\n|\n|-weather|none\n|upkeep\n|turn|7\n|\n|t:|1700480979\n|switch|p2a: Jumpluff|Jumpluff, F|100\/100\n|move|p1a: Snorlax|Earthquake|p2a: Jumpluff\n|-immune|p2a: Jumpluff\n|\n|upkeep\n|turn|8\n|\n|t:|1700480986\n|move|p2a: Jumpluff|Stun Spore|p1a: Snorlax\n|-status|p1a: Snorlax|par\n|move|p1a: Snorlax|Body Slam|p2a: Jumpluff\n|-damage|p2a: Jumpluff|15\/100\n|-status|p2a: Jumpluff|par\n|\n|-heal|p2a: Jumpluff|21\/100 par|[from] item: Leftovers\n|upkeep\n|turn|9\n|\n|t:|1700480996\n|move|p2a: Jumpluff|Strength Sap|p1a: Snorlax\n|-unboost|p1a: Snorlax|atk|1\n|-heal|p2a: Jumpluff|100\/100 par\n|move|p1a: Snorlax|Body Slam|p2a: Jumpluff\n|-damage|p2a: Jumpluff|48\/100 par\n|\n|-heal|p2a: Jumpluff|54\/100 par|[from] item: Leftovers\n|-end|p1a: Snorlax|Disable\n|upkeep\n|turn|10\n|\n|t:|1700481007\n|move|p2a: Jumpluff|Cotton Guard|p2a: Jumpluff\n|-boost|p2a: Jumpluff|def|3\n|move|p1a: Snorlax|Curse|p1a: Snorlax\n|-unboost|p1a: Snorlax|spe|1\n|-boost|p1a: Snorlax|atk|1\n|-boost|p1a: Snorlax|def|1\n|\n|-heal|p2a: Jumpluff|60\/100 par|[from] item: Leftovers\n|upkeep\n|turn|11\n|\n|t:|1700481016\n|move|p2a: Jumpluff|Strength Sap|p1a: Snorlax\n|-unboost|p1a: Snorlax|atk|1\n|-heal|p2a: Jumpluff|100\/100 par\n|move|p1a: Snorlax|Curse|p1a: Snorlax\n|-unboost|p1a: Snorlax|spe|1\n|-boost|p1a: Snorlax|atk|1\n|-boost|p1a: Snorlax|def|1\n|\n|upkeep\n|turn|12\n|\n|t:|1700481026\n|move|p2a: Jumpluff|Pollen Puff|p1a: Snorlax\n|-damage|p1a: Snorlax|81\/100 par\n|move|p1a: Snorlax|Curse|p1a: Snorlax\n|-unboost|p1a: Snorlax|spe|1\n|-boost|p1a: Snorlax|atk|1\n|-boost|p1a: Snorlax|def|1\n|\n|upkeep\n|turn|13\n|\n|t:|1700481034\n|move|p2a: Jumpluff|Strength Sap|p1a: Snorlax\n|-unboost|p1a: Snorlax|atk|1\n|cant|p1a: Snorlax|par\n|\n|upkeep\n|turn|14\n|\n|t:|1700481041\n|move|p2a: Jumpluff|Cotton Guard|p2a: Jumpluff\n|-boost|p2a: Jumpluff|def|3\n|move|p1a: Snorlax|Curse|p1a: Snorlax\n|-unboost|p1a: Snorlax|spe|1\n|-boost|p1a: Snorlax|atk|1\n|-boost|p1a: Snorlax|def|1\n|\n|upkeep\n|turn|15\n|\n|t:|1700481049\n|move|p2a: Jumpluff|Strength Sap|p1a: Snorlax\n|-unboost|p1a: Snorlax|atk|1\n|move|p1a: Snorlax|Curse|p1a: Snorlax\n|-unboost|p1a: Snorlax|spe|1\n|-boost|p1a: Snorlax|atk|1\n|-boost|p1a: Snorlax|def|1\n|\n|upkeep\n|turn|16\n|\n|t:|1700481057\n|move|p2a: Jumpluff|Strength Sap|p1a: Snorlax\n|-unboost|p1a: Snorlax|atk|1\n|move|p1a: Snorlax|Body Slam|p2a: Jumpluff\n|-damage|p2a: Jumpluff|79\/100 par\n|\n|-heal|p2a: Jumpluff|85\/100 par|[from] item: Leftovers\n|upkeep\n|turn|17\n|\n|t:|1700481065\n|move|p2a: Jumpluff|Pollen Puff|p1a: Snorlax\n|-damage|p1a: Snorlax|73\/100 par\n|move|p1a: Snorlax|Body Slam|p2a: Jumpluff\n|-damage|p2a: Jumpluff|62\/100 par\n|\n|-heal|p2a: Jumpluff|69\/100 par|[from] item: Leftovers\n|upkeep\n|turn|18\n|\n|t:|1700481078\n|cant|p2a: Jumpluff|par\n|cant|p1a: Snorlax|par\n|\n|-heal|p2a: Jumpluff|75\/100 par|[from] item: Leftovers\n|upkeep\n|turn|19\n|\n|t:|1700481083\n|move|p2a: Jumpluff|Pollen Puff|p1a: Snorlax\n|-damage|p1a: Snorlax|65\/100 par\n|move|p1a: Snorlax|Body Slam|p2a: Jumpluff\n|-damage|p2a: Jumpluff|54\/100 par\n|\n|-heal|p2a: Jumpluff|60\/100 par|[from] item: Leftovers\n|upkeep\n|turn|20\n|\n|t:|1700481091\n|move|p2a: Jumpluff|Strength Sap|p1a: Snorlax\n|-unboost|p1a: Snorlax|atk|1\n|-heal|p2a: Jumpluff|100\/100 par\n|move|p1a: Snorlax|Body Slam|p2a: Jumpluff\n|-damage|p2a: Jumpluff|88\/100 par\n|\n|-heal|p2a: Jumpluff|94\/100 par|[from] item: Leftovers\n|upkeep\n|turn|21\n|\n|t:|1700481101\n|cant|p2a: Jumpluff|par\n|move|p1a: Snorlax|Curse|p1a: Snorlax\n|-boost|p1a: Snorlax|atk|1\n|\n|-heal|p2a: Jumpluff|99\/100 par|[from] item: Leftovers\n|upkeep\n|turn|22\n|j| dgzdr\n|\n|t:|1700481107\n|cant|p2a: Jumpluff|par\n|move|p1a: Snorlax|Body Slam|p2a: Jumpluff\n|-damage|p2a: Jumpluff|80\/100 par\n|\n|-heal|p2a: Jumpluff|86\/100 par|[from] item: Leftovers\n|upkeep\n|turn|23\n|\n|t:|1700481115\n|move|p2a: Jumpluff|Strength Sap|p1a: Snorlax\n|-unboost|p1a: Snorlax|atk|1\n|-heal|p2a: Jumpluff|100\/100 par\n|move|p1a: Snorlax|Body Slam|p2a: Jumpluff\n|-damage|p2a: Jumpluff|87\/100 par\n|\n|-heal|p2a: Jumpluff|93\/100 par|[from] item: Leftovers\n|upkeep\n|turn|24\n|\n|t:|1700481124\n|move|p2a: Jumpluff|Pollen Puff|p1a: Snorlax\n|-damage|p1a: Snorlax|57\/100 par\n|move|p1a: Snorlax|Curse|p1a: Snorlax\n|-boost|p1a: Snorlax|atk|1\n|\n|-heal|p2a: Jumpluff|99\/100 par|[from] item: Leftovers\n|upkeep\n|turn|25\n|\n|t:|1700481133\n|move|p2a: Jumpluff|Pollen Puff|p1a: Snorlax\n|-damage|p1a: Snorlax|49\/100 par\n|move|p1a: Snorlax|Curse|p1a: Snorlax\n|-boost|p1a: Snorlax|atk|1\n|\n|-heal|p2a: Jumpluff|100\/100 par|[from] item: Leftovers\n|upkeep\n|turn|26\n|\n|t:|1700481142\n|move|p2a: Jumpluff|Strength Sap|p1a: Snorlax\n|-unboost|p1a: Snorlax|atk|1\n|move|p1a: Snorlax|Body Slam|p2a: Jumpluff\n|-damage|p2a: Jumpluff|80\/100 par\n|\n|-heal|p2a: Jumpluff|86\/100 par|[from] item: Leftovers\n|upkeep\n|turn|27\n|c|\u2606darthdecidui|Well this is a fun little back and forth now, isn't it\n|c|\u2606csgoAFK|lol\n|c|\u2606csgoAFK|i have too many pp\n|\n|t:|1700481161\n|move|p2a: Jumpluff|Strength Sap|p1a: Snorlax\n|-unboost|p1a: Snorlax|atk|1\n|-heal|p2a: Jumpluff|100\/100 par\n|move|p1a: Snorlax|Rest|p1a: Snorlax\n|-status|p1a: Snorlax|slp|[from] move: Rest\n|-heal|p1a: Snorlax|100\/100 slp|[silent]\n|-enditem|p1a: Snorlax|Chesto Berry|[eat]\n|-curestatus|p1a: Snorlax|slp|[msg]\n|\n|upkeep\n|turn|28\n|\n|t:|1700481174\n|cant|p2a: Jumpluff|par\n|move|p1a: Snorlax|Curse|p1a: Snorlax\n|-boost|p1a: Snorlax|atk|1\n|\n|upkeep\n|turn|29\n|\n|t:|1700481179\n|cant|p2a: Jumpluff|par\n|move|p1a: Snorlax|Body Slam|p2a: Jumpluff\n|-damage|p2a: Jumpluff|78\/100 par\n|\n|-heal|p2a: Jumpluff|84\/100 par|[from] item: Leftovers\n|upkeep\n|turn|30\n|\n|t:|1700481185\n|move|p2a: Jumpluff|Strength Sap|p1a: Snorlax\n|-unboost|p1a: Snorlax|atk|1\n|-heal|p2a: Jumpluff|100\/100 par\n|move|p1a: Snorlax|Body Slam|p2a: Jumpluff\n|-damage|p2a: Jumpluff|87\/100 par\n|\n|-heal|p2a: Jumpluff|93\/100 par|[from] item: Leftovers\n|upkeep\n|turn|31\n|c|\u2606csgoAFK|so u cant break me with this i think\n|\n|t:|1700481200\n|move|p2a: Jumpluff|Pollen Puff|p1a: Snorlax\n|-damage|p1a: Snorlax|93\/100\n|move|p1a: Snorlax|Body Slam|p2a: Jumpluff\n|-damage|p2a: Jumpluff|79\/100 par\n|\n|-heal|p2a: Jumpluff|85\/100 par|[from] item: Leftovers\n|upkeep\n|turn|32\n|\n|t:|1700481208\n|move|p2a: Jumpluff|Pollen Puff|p1a: Snorlax\n|-damage|p1a: Snorlax|86\/100\n|move|p1a: Snorlax|Curse|p1a: Snorlax\n|-boost|p1a: Snorlax|atk|1\n|\n|-heal|p2a: Jumpluff|91\/100 par|[from] item: Leftovers\n|upkeep\n|turn|33\n|c|\u2606darthdecidui|This is absolutely hilarious to me\n|\n|t:|1700481220\n|move|p2a: Jumpluff|Stun Spore|p1a: Snorlax\n|-status|p1a: Snorlax|par\n|move|p1a: Snorlax|Body Slam|p2a: Jumpluff\n|-damage|p2a: Jumpluff|71\/100 par\n|\n|-heal|p2a: Jumpluff|78\/100 par|[from] item: Leftovers\n|upkeep\n|turn|34\n|c| TJ799|such an intense battle\n|\n|t:|1700481229\n|move|p2a: Jumpluff|Pollen Puff|p1a: Snorlax\n|-damage|p1a: Snorlax|77\/100 par\n|move|p1a: Snorlax|Body Slam|p2a: Jumpluff\n|-crit|p2a: Jumpluff\n|-damage|p2a: Jumpluff|0 fnt\n|faint|p2a: Jumpluff\n|\n|upkeep\n|c| TJ799|glad I lost tbh lol\n|c|\u2606csgoAFK|finally lol\n|c|\u2606darthdecidui|NO, A CRIT\n|\n|t:|1700481244\n|switch|p2a: Girafarig|Girafarig, F|100\/100\n|turn|35\n|c|\u2606csgoAFK|on the 14th one yeah\n|\n|t:|1700481252\n|move|p2a: Girafarig|Calm Mind|p2a: Girafarig\n|-boost|p2a: Girafarig|spa|1\n|-boost|p2a: Girafarig|spd|1\n|move|p1a: Snorlax|Body Slam|p2a: Girafarig\n|-damage|p2a: Girafarig|23\/100\n|\n|upkeep\n|turn|36\n|\n|t:|1700481260\n|move|p2a: Girafarig|Psychic|p1a: Snorlax\n|-damage|p1a: Snorlax|40\/100 par\n|cant|p1a: Snorlax|par\n|\n|upkeep\n|turn|37\n|\n|t:|1700481266\n|move|p2a: Girafarig|Psychic|p1a: Snorlax\n|-damage|p1a: Snorlax|3\/100 par\n|-unboost|p1a: Snorlax|spd|1\n|cant|p1a: Snorlax|par\n|\n|upkeep\n|turn|38\n|\n|t:|1700481272\n|move|p2a: Girafarig|Psychic|p1a: Snorlax\n|-damage|p1a: Snorlax|0 fnt\n|faint|p1a: Snorlax\n|\n|upkeep\n|c| TJ799|lol\n|\n|t:|1700481275\n|switch|p1a: Donphan|Donphan, F|100\/100\n|turn|39\n|\n|t:|1700481284\n|move|p1a: Donphan|Ice Shard|p2a: Girafarig\n|-damage|p2a: Girafarig|0 fnt\n|faint|p2a: Girafarig\n|\n|upkeep\n|\n|t:|1700481288\n|switch|p2a: Dusclops|Dusclops, M|56\/100\n|-item|p1a: Donphan|Choice Band|[from] ability: Frisk|[of] p2a: Dusclops|[identify]\n|turn|40\n|\n|t:|1700481307\n|switch|p1a: Clefable|Clefable, F|100\/100\n|move|p2a: Dusclops|Calm Mind|p2a: Dusclops\n|-boost|p2a: Dusclops|spa|1\n|-boost|p2a: Dusclops|spd|1\n|\n|upkeep\n|turn|41\n|c|\u2606darthdecidui|tbh, I don't think I win this\n|\n|t:|1700481316\n|move|p1a: Clefable|Calm Mind|p1a: Clefable\n|-boost|p1a: Clefable|spa|1\n|-boost|p1a: Clefable|spd|1\n|move|p2a: Dusclops|Shadow Ball|p1a: Clefable\n|-damage|p1a: Clefable|76\/100\n|\n|-heal|p1a: Clefable|82\/100|[from] item: Leftovers\n|upkeep\n|turn|42\n|\n|t:|1700481324\n|move|p1a: Clefable|Calm Mind|p1a: Clefable\n|-boost|p1a: Clefable|spa|1\n|-boost|p1a: Clefable|spd|1\n|move|p2a: Dusclops|Calm Mind|p2a: Dusclops\n|-boost|p2a: Dusclops|spa|1\n|-boost|p2a: Dusclops|spd|1\n|\n|-heal|p1a: Clefable|88\/100|[from] item: Leftovers\n|upkeep\n|turn|43\n|\n|t:|1700481331\n|move|p1a: Clefable|Moonblast|p2a: Dusclops\n|-damage|p2a: Dusclops|28\/100\n|move|p2a: Dusclops|Calm Mind|p2a: Dusclops\n|-boost|p2a: Dusclops|spa|1\n|-boost|p2a: Dusclops|spd|1\n|\n|-heal|p1a: Clefable|94\/100|[from] item: Leftovers\n|upkeep\n|turn|44\n|\n|t:|1700481344\n|move|p1a: Clefable|Moonblast|p2a: Dusclops\n|-damage|p2a: Dusclops|5\/100\n|move|p2a: Dusclops|Shadow Ball|p1a: Clefable\n|-damage|p1a: Clefable|63\/100\n|\n|-heal|p1a: Clefable|69\/100|[from] item: Leftovers\n|upkeep\n|turn|45\n|c|\u2606csgoAFK|gg\n|\n|t:|1700481351\n|move|p2a: Dusclops|Shadow Sneak|p1a: Clefable\n|-damage|p1a: Clefable|58\/100\n|move|p1a: Clefable|Moonblast|p2a: Dusclops\n|-damage|p2a: Dusclops|0 fnt\n|faint|p2a: Dusclops\n|\n|win|csgoAFK\n|n|\u2606csgoAFK|csgoafk\n|n|\u2606darthdecidui|darthdecidui\n|n|*Lady Monita \u2746|ladymonita\n|n| fucuk|fucuk\n|n| TJ799|tj799\n|n| dgzdr|dgzdr\n","uploadtime":1700481363,"views":5,"p1id":"csgoafk","p2id":"darthdecidui","formatid":"gen9ou","rating":0,"private":0,"password":""}