{"id":"gen9ou-1995245597","p1":"aaronontheair","p2":"tghjthmghmhjm","format":"[Gen 9] OU","log":"|j|\u2606aaronontheair\n|j|\u2606tghjthmghmhjm\n|t:|1700539494\n|gametype|singles\n|player|p1|aaronontheair|colress|1231\n|player|p2|tghjthmghmhjm|2|1127\n|teamsize|p1|6\n|teamsize|p2|6\n|gen|9\n|tier|[Gen 9] OU\n|rated|\n|rule|Sleep Clause Mod: Limit one foe put to sleep\n|rule|Species Clause: Limit one of each Pok\u00e9mon\n|rule|OHKO Clause: OHKO moves are banned\n|rule|Evasion Items Clause: Evasion items are banned\n|rule|Evasion Moves Clause: Evasion moves are banned\n|rule|Endless Battle Clause: Forcing endless battles is banned\n|rule|HP Percentage Mod: HP is shown in percentages\n|clearpoke\n|poke|p1|Torkoal, M|\n|poke|p1|Gastrodon-East, F|\n|poke|p1|Breloom, M|\n|poke|p1|Jolteon, M|\n|poke|p1|Mimikyu, M|\n|poke|p1|Bisharp, F|\n|poke|p2|Sableye, M|\n|poke|p2|Rotom-Heat|\n|poke|p2|Flamigo, M|\n|poke|p2|Mamoswine, M|\n|poke|p2|Gholdengo|\n|poke|p2|Amoonguss, M|\n|teampreview\n|inactive|Battle timer is ON: inactive players will automatically lose when time's up. (requested by aaronontheair)\n|\n|t:|1700539510\n|start\n|switch|p1a: Smokey|Torkoal, M, shiny|100\/100\n|switch|p2a: Flamigo|Flamigo, M|100\/100\n|-weather|SunnyDay|[from] ability: Drought|[of] p1a: Smokey\n|turn|1\n|\n|t:|1700539516\n|move|p2a: Flamigo|U-turn|p1a: Smokey\n|-resisted|p1a: Smokey\n|-damage|p1a: Smokey|92\/100\n|\n|t:|1700539522\n|switch|p2a: Rotom|Rotom-Heat|100\/100|[from] U-turn\n|move|p1a: Smokey|Lava Plume|p2a: Rotom\n|-resisted|p2a: Rotom\n|-damage|p2a: Rotom|87\/100\n|\n|-weather|SunnyDay|[upkeep]\n|upkeep\n|turn|2\n|\n|t:|1700539532\n|switch|p1a: Jell-O|Gastrodon-East, F|100\/100\n|move|p2a: Rotom|Overheat|p1a: Jell-O\n|-resisted|p1a: Jell-O\n|-damage|p1a: Jell-O|70\/100\n|-unboost|p2a: Rotom|spa|2\n|\n|-weather|SunnyDay|[upkeep]\n|-heal|p1a: Jell-O|77\/100|[from] item: Leftovers\n|upkeep\n|turn|3\n|\n|t:|1700539542\n|switch|p2a: Amoonguss|Amoonguss, M|100\/100\n|move|p1a: Jell-O|Surf|p2a: Amoonguss\n|-resisted|p2a: Amoonguss\n|-damage|p2a: Amoonguss|91\/100\n|\n|-weather|SunnyDay|[upkeep]\n|-heal|p1a: Jell-O|83\/100|[from] item: Leftovers\n|upkeep\n|turn|4\n|\n|t:|1700539552\n|switch|p1a: Majesty|Bisharp, F|100\/100\n|-item|p1a: Majesty|Air Balloon\n|move|p2a: Amoonguss|Sludge Bomb|p1a: Majesty\n|-immune|p1a: Majesty\n|\n|-weather|SunnyDay|[upkeep]\n|upkeep\n|turn|5\n|\n|t:|1700539561\n|move|p1a: Majesty|Swords Dance|p1a: Majesty\n|-boost|p1a: Majesty|atk|2\n|move|p2a: Amoonguss|Spore|p1a: Majesty\n|-status|p1a: Majesty|slp|[from] move: Spore\n|\n|-weather|none\n|upkeep\n|turn|6\n|\n|t:|1700539568\n|switch|p2a: Flamigo|Flamigo, M|100\/100\n|cant|p1a: Majesty|slp\n|\n|upkeep\n|turn|7\n|\n|t:|1700539574\n|-terastallize|p1a: Majesty|Ghost\n|move|p2a: Flamigo|Close Combat|p1a: Majesty\n|-damage|p1a: Majesty|41\/100 slp\n|-unboost|p2a: Flamigo|def|1\n|-unboost|p2a: Flamigo|spd|1\n|-enditem|p1a: Majesty|Air Balloon\n|cant|p1a: Majesty|slp\n|\n|upkeep\n|turn|8\n|\n|t:|1700539583\n|cant|p1a: Majesty|slp\n|move|p2a: Flamigo|Close Combat|p1a: Majesty\n|-damage|p1a: Majesty|0 fnt\n|-unboost|p2a: Flamigo|def|1\n|-unboost|p2a: Flamigo|spd|1\n|faint|p1a: Majesty\n|\n|upkeep\n|\n|t:|1700539587\n|switch|p1a: Happy Feet|Jolteon, M|100\/100\n|turn|9\n|\n|t:|1700539592\n|switch|p2a: Rotom|Rotom-Heat|87\/100\n|move|p1a: Happy Feet|Volt Switch|p2a: Rotom\n|-resisted|p2a: Rotom\n|-damage|p2a: Rotom|79\/100\n|\n|t:|1700539597\n|switch|p1a: Jell-O|Gastrodon-East, F|83\/100|[from] Volt Switch\n|\n|-heal|p1a: Jell-O|89\/100|[from] item: Leftovers\n|upkeep\n|turn|10\n|\n|t:|1700539607\n|move|p2a: Rotom|Night Shade|p1a: Jell-O\n|-damage|p1a: Jell-O|65\/100\n|move|p1a: Jell-O|Earth Power|p2a: Rotom\n|-immune|p2a: Rotom|[from] ability: Levitate\n|\n|-heal|p1a: Jell-O|71\/100|[from] item: Leftovers\n|upkeep\n|turn|11\n|\n|t:|1700539615\n|switch|p2a: Amoonguss|Amoonguss, M|100\/100\n|move|p1a: Jell-O|Earth Power|p2a: Amoonguss\n|-damage|p2a: Amoonguss|64\/100\n|\n|-heal|p1a: Jell-O|77\/100|[from] item: Leftovers\n|upkeep\n|turn|12\n|\n|t:|1700539622\n|move|p1a: Jell-O|Earth Power|p2a: Amoonguss\n|-damage|p2a: Amoonguss|28\/100\n|move|p2a: Amoonguss|Sludge Bomb|p1a: Jell-O\n|-resisted|p1a: Jell-O\n|-damage|p1a: Jell-O|66\/100\n|-status|p1a: Jell-O|psn\n|\n|-heal|p1a: Jell-O|72\/100 psn|[from] item: Leftovers\n|-damage|p1a: Jell-O|59\/100 psn|[from] psn\n|upkeep\n|turn|13\n|\n|t:|1700539632\n|switch|p2a: Rotom|Rotom-Heat|79\/100\n|move|p1a: Jell-O|Surf|p2a: Rotom\n|-supereffective|p2a: Rotom\n|-damage|p2a: Rotom|35\/100\n|\n|-heal|p1a: Jell-O|65\/100 psn|[from] item: Leftovers\n|-damage|p1a: Jell-O|53\/100 psn|[from] psn\n|upkeep\n|turn|14\n|\n|t:|1700539645\n|switch|p2a: Amoonguss|Amoonguss, M|61\/100\n|move|p1a: Jell-O|Recover|p1a: Jell-O\n|-heal|p1a: Jell-O|100\/100 psn\n|\n|-damage|p1a: Jell-O|88\/100 psn|[from] psn\n|upkeep\n|turn|15\n|\n|t:|1700539651\n|move|p1a: Jell-O|Earth Power|p2a: Amoonguss\n|-damage|p2a: Amoonguss|26\/100\n|move|p2a: Amoonguss|Giga Drain|p1a: Jell-O\n|-supereffective|p1a: Jell-O\n|-damage|p1a: Jell-O|8\/100 psn\n|-heal|p2a: Amoonguss|66\/100|[from] drain|[of] p1a: Jell-O\n|\n|-heal|p1a: Jell-O|14\/100 psn|[from] item: Leftovers\n|-damage|p1a: Jell-O|2\/100 psn|[from] psn\n|upkeep\n|turn|16\n|\n|t:|1700539661\n|switch|p2a: Rotom|Rotom-Heat|35\/100\n|move|p1a: Jell-O|Surf|p2a: Rotom\n|-supereffective|p2a: Rotom\n|-damage|p2a: Rotom|0 fnt\n|faint|p2a: Rotom\n|\n|-heal|p1a: Jell-O|8\/100 psn|[from] item: Leftovers\n|-damage|p1a: Jell-O|0 fnt|[from] psn\n|faint|p1a: Jell-O\n|upkeep\n|c|\u2606aaronontheair|least predictable switch\n|\n|t:|1700539672\n|switch|p2a: Flamigo|Flamigo, M|100\/100\n|switch|p1a: Smokey|Torkoal, M, shiny|92\/100\n|-weather|SunnyDay|[from] ability: Drought|[of] p1a: Smokey\n|turn|17\n|\n|t:|1700539679\n|move|p2a: Flamigo|U-turn|p1a: Smokey\n|-resisted|p1a: Smokey\n|-damage|p1a: Smokey|84\/100\n|\n|t:|1700539683\n|switch|p2a: Sableye|Sableye, M|100\/100|[from] U-turn\n|move|p1a: Smokey|Lava Plume|p2a: Sableye\n|-damage|p2a: Sableye|20\/100\n|-status|p2a: Sableye|brn\n|\n|-weather|SunnyDay|[upkeep]\n|-heal|p2a: Sableye|26\/100 brn|[from] item: Leftovers\n|-damage|p2a: Sableye|20\/100 brn|[from] brn\n|upkeep\n|turn|18\n|\n|t:|1700539692\n|move|p2a: Sableye|Night Shade|p1a: Smokey\n|-damage|p1a: Smokey|55\/100\n|move|p1a: Smokey|Lava Plume|p2a: Sableye\n|-damage|p2a: Sableye|0 fnt\n|faint|p2a: Sableye\n|\n|-weather|SunnyDay|[upkeep]\n|upkeep\n|\n|t:|1700539699\n|switch|p2a: Gholdengo|Gholdengo|100\/100\n|turn|19\n|\n|t:|1700539702\n|move|p2a: Gholdengo|Shadow Ball|p1a: Smokey\n|-damage|p1a: Smokey|3\/100\n|-enditem|p1a: Smokey|Aguav Berry|[eat]\n|-heal|p1a: Smokey|36\/100|[from] item: Aguav Berry\n|move|p1a: Smokey|Lava Plume|p2a: Gholdengo\n|-supereffective|p2a: Gholdengo\n|-damage|p2a: Gholdengo|0 fnt\n|faint|p2a: Gholdengo\n|\n|-weather|SunnyDay|[upkeep]\n|upkeep\n|\n|t:|1700539712\n|switch|p2a: Mamoswine|Mamoswine, M|100\/100\n|turn|20\n|\n|t:|1700539715\n|move|p2a: Mamoswine|Earthquake|p1a: Smokey\n|-supereffective|p1a: Smokey\n|-damage|p1a: Smokey|0 fnt\n|faint|p1a: Smokey\n|\n|-weather|SunnyDay|[upkeep]\n|upkeep\n|\n|t:|1700539720\n|switch|p1a: ONE PUNCH|Breloom, M|100\/100\n|turn|21\n|\n|t:|1700539725\n|switch|p2a: Amoonguss|Amoonguss, M|99\/100\n|move|p1a: ONE PUNCH|Bullet Seed|p2a: Amoonguss\n|-resisted|p2a: Amoonguss\n|-crit|p2a: Amoonguss\n|-damage|p2a: Amoonguss|94\/100\n|-resisted|p2a: Amoonguss\n|-damage|p2a: Amoonguss|90\/100\n|-resisted|p2a: Amoonguss\n|-damage|p2a: Amoonguss|86\/100\n|-resisted|p2a: Amoonguss\n|-crit|p2a: Amoonguss\n|-damage|p2a: Amoonguss|80\/100\n|-hitcount|p2a: Amoonguss|4\n|\n|-weather|none\n|upkeep\n|turn|22\n|\n|t:|1700539737\n|switch|p1a: Happy Feet|Jolteon, M|100\/100\n|move|p2a: Amoonguss|Spore|p1a: Happy Feet\n|-status|p1a: Happy Feet|slp|[from] move: Spore\n|\n|upkeep\n|turn|23\n|\n|t:|1700539744\n|cant|p1a: Happy Feet|slp\n|move|p2a: Amoonguss|Sludge Bomb|p1a: Happy Feet\n|-damage|p1a: Happy Feet|77\/100 slp\n|\n|upkeep\n|turn|24\n|\n|t:|1700539749\n|cant|p1a: Happy Feet|slp\n|move|p2a: Amoonguss|Sludge Bomb|p1a: Happy Feet\n|-damage|p1a: Happy Feet|54\/100 slp\n|\n|upkeep\n|turn|25\n|\n|t:|1700539755\n|cant|p1a: Happy Feet|slp\n|move|p2a: Amoonguss|Sludge Bomb|p1a: Happy Feet\n|-damage|p1a: Happy Feet|32\/100 slp\n|\n|upkeep\n|turn|26\n|\n|t:|1700539760\n|switch|p2a: Mamoswine|Mamoswine, M|100\/100\n|-curestatus|p1a: Happy Feet|slp|[msg]\n|move|p1a: Happy Feet|Volt Switch|p2a: Mamoswine\n|-immune|p2a: Mamoswine\n|\n|upkeep\n|turn|27\n|\n|t:|1700539766\n|move|p2a: Mamoswine|Ice Shard|p1a: Happy Feet\n|-damage|p1a: Happy Feet|0 fnt\n|faint|p1a: Happy Feet\n|\n|upkeep\n|\n|t:|1700539769\n|switch|p1a: ONE PUNCH|Breloom, M|100\/100\n|turn|28\n|\n|t:|1700539773\n|switch|p1a: Kyu-Kyu|Mimikyu, M|100\/100\n|switch|p2a: Amoonguss|Amoonguss, M|100\/100\n|\n|upkeep\n|turn|29\n|c|\u2606aaronontheair|least predictable switch\n|c|\u2606aaronontheair|in all seriousness your team is really boring with amoongus\n|-message|aaronontheair forfeited.\n|\n|win|tghjthmghmhjm\n|raw|aaronontheair's rating: 1231 &rarr; <strong>1199<\/strong><br \/>(-32 for losing)\n|raw|tghjthmghmhjm's rating: 1127 &rarr; <strong>1159<\/strong><br \/>(+32 for winning)\n|l|\u2606aaronontheair\n|n|\u2606tghjthmghmhjm|tghjthmghmhjm\n|c|\u2606tghjthmghmhjm|lol\n","uploadtime":1700539817,"views":18,"p1id":"aaronontheair","p2id":"tghjthmghmhjm","formatid":"gen9ou","rating":1159,"private":0,"password":""}