{"id":"gen9ou-1992812096","p1":"Knight_Garland","p2":"random ttar fan","format":"[Gen 9] OU","log":"|j|\u2606Knight_Garland\n|j|\u2606random ttar fan\n|t:|1700237586\n|gametype|singles\n|player|p1|Knight_Garland|1|1433\n|player|p2|random ttar fan|guzma|1416\n|teamsize|p1|6\n|teamsize|p2|6\n|gen|9\n|tier|[Gen 9] OU\n|rated|\n|rule|Sleep Clause Mod: Limit one foe put to sleep\n|rule|Species Clause: Limit one of each Pok\u00e9mon\n|rule|OHKO Clause: OHKO moves are banned\n|rule|Evasion Items Clause: Evasion items are banned\n|rule|Evasion Moves Clause: Evasion moves are banned\n|rule|Endless Battle Clause: Forcing endless battles is banned\n|rule|HP Percentage Mod: HP is shown in percentages\n|clearpoke\n|poke|p1|Gholdengo|\n|poke|p1|Samurott-Hisui, M|\n|poke|p1|Glimmora, M|\n|poke|p1|Garganacl, F|\n|poke|p1|Great Tusk|\n|poke|p1|Dragonite, F|\n|poke|p2|Ribombee, F|\n|poke|p2|Ogerpon-Wellspring, F|\n|poke|p2|Iron Moth|\n|poke|p2|Kingambit, F|\n|poke|p2|Gholdengo|\n|poke|p2|Iron Valiant|\n|teampreview\n|inactive|Battle timer is ON: inactive players will automatically lose when time's up. (requested by random ttar fan)\n|c|\u2606random ttar fan|gl hf\n|c|\u2606Knight_Garland|u2!\n|\n|t:|1700237596\n|start\n|switch|p1a: Gholdengo|Gholdengo|100\/100\n|switch|p2a: MVB|Ribombee, F|100\/100\n|turn|1\n|inactive|random ttar fan has 120 seconds left.\n|\n|t:|1700237636\n|move|p2a: MVB|Sticky Web|p1a: Gholdengo\n|-sidestart|p1: Knight_Garland|move: Sticky Web\n|move|p1a: Gholdengo|Thunderbolt|p2a: MVB\n|-damage|p2a: MVB|14\/100\n|\n|upkeep\n|turn|2\n|inactive|random ttar fan has 120 seconds left.\n|\n|t:|1700237642\n|move|p2a: MVB|Moonblast|p1a: Gholdengo\n|-resisted|p1a: Gholdengo\n|-damage|p1a: Gholdengo|78\/100\n|move|p1a: Gholdengo|Thunderbolt|p2a: MVB\n|-damage|p2a: MVB|0 fnt\n|faint|p2a: MVB\n|\n|upkeep\n|\n|t:|1700237646\n|switch|p2a: Return Of The Moth|Iron Moth|100\/100\n|-enditem|p2a: Return Of The Moth|Booster Energy\n|-activate|p2a: Return Of The Moth|ability: Quark Drive|[fromitem]\n|-start|p2a: Return Of The Moth|quarkdrivespa\n|turn|3\n|\n|t:|1700237657\n|move|p2a: Return Of The Moth|Substitute|p2a: Return Of The Moth\n|-start|p2a: Return Of The Moth|Substitute\n|-damage|p2a: Return Of The Moth|76\/100\n|move|p1a: Gholdengo|Thunderbolt|p2a: Return Of The Moth\n|-end|p2a: Return Of The Moth|Substitute\n|\n|upkeep\n|turn|4\n|\n|t:|1700237666\n|move|p2a: Return Of The Moth|Fiery Dance|p1a: Gholdengo\n|-supereffective|p1a: Gholdengo\n|-crit|p1a: Gholdengo\n|-damage|p1a: Gholdengo|0 fnt\n|-boost|p2a: Return Of The Moth|spa|1\n|faint|p1a: Gholdengo\n|\n|upkeep\n|\n|t:|1700237670\n|switch|p1a: Dragonite|Dragonite, F|100\/100\n|turn|5\n|\n|t:|1700237680\n|move|p2a: Return Of The Moth|Sludge Wave|p1a: Dragonite\n|-damage|p1a: Dragonite|45\/100\n|move|p1a: Dragonite|Earthquake|p2a: Return Of The Moth\n|-supereffective|p2a: Return Of The Moth\n|-damage|p2a: Return Of The Moth|0 fnt\n|faint|p2a: Return Of The Moth\n|-end|p2a: Return Of The Moth|Quark Drive|[silent]\n|\n|-heal|p1a: Dragonite|51\/100|[from] item: Leftovers\n|upkeep\n|c|\u2606random ttar fan|yeesh that much with multiscale active? damn\n|\n|t:|1700237701\n|switch|p2a: Totally Unique Set|Iron Valiant, shiny|100\/100\n|-enditem|p2a: Totally Unique Set|Booster Energy\n|-activate|p2a: Totally Unique Set|ability: Quark Drive|[fromitem]\n|-start|p2a: Totally Unique Set|quarkdrivespe\n|turn|6\n|c|\u2606Knight_Garland|moth has some big numbers\n|\n|t:|1700237713\n|move|p1a: Dragonite|Extreme Speed|p2a: Totally Unique Set\n|-damage|p2a: Totally Unique Set|61\/100\n|move|p2a: Totally Unique Set|Moonblast|p1a: Dragonite\n|-supereffective|p1a: Dragonite\n|-damage|p1a: Dragonite|0 fnt\n|faint|p1a: Dragonite\n|\n|upkeep\n|\n|t:|1700237732\n|switch|p1a: Somehow OU|Garganacl, F|100\/100\n|-activate|p1a: Somehow OU|move: Sticky Web\n|-unboost|p1a: Somehow OU|spe|1\n|turn|7\n|c|\u2606random ttar fan|\"Somehow OU\" what salt cure does to a mfer \/j\n|inactive|random ttar fan has 120 seconds left.\n|\n|t:|1700237764\n|-terastallize|p1a: Somehow OU|Ghost\n|move|p2a: Totally Unique Set|Close Combat|p1a: Somehow OU\n|-immune|p1a: Somehow OU\n|move|p1a: Somehow OU|Salt Cure|p2a: Totally Unique Set\n|-resisted|p2a: Totally Unique Set\n|-damage|p2a: Totally Unique Set|52\/100\n|-start|p2a: Totally Unique Set|Salt Cure\n|\n|-damage|p2a: Totally Unique Set|40\/100|[from] Salt Cure\n|upkeep\n|turn|8\n|c|\u2606Knight_Garland|Still \"salty\" over Gliscor lol\n|c|\u2606random ttar fan|lol\n|\n|t:|1700237774\n|move|p2a: Totally Unique Set|Knock Off|p1a: Somehow OU\n|-supereffective|p1a: Somehow OU\n|-damage|p1a: Somehow OU|54\/100\n|-enditem|p1a: Somehow OU|Leftovers|[from] move: Knock Off|[of] p2a: Totally Unique Set\n|move|p1a: Somehow OU|Iron Defense|p1a: Somehow OU\n|-boost|p1a: Somehow OU|def|2\n|\n|-damage|p2a: Totally Unique Set|27\/100|[from] Salt Cure\n|upkeep\n|turn|9\n|\n|t:|1700237778\n|move|p2a: Totally Unique Set|Destiny Bond|p2a: Totally Unique Set\n|-singlemove|p2a: Totally Unique Set|Destiny Bond\n|move|p1a: Somehow OU|Recover|p1a: Somehow OU\n|-heal|p1a: Somehow OU|100\/100\n|\n|-damage|p2a: Totally Unique Set|15\/100|[from] Salt Cure\n|upkeep\n|turn|10\n|\n|t:|1700237791\n|-end|p2a: Totally Unique Set|Quark Drive|[silent]\n|switch|p2a: Gold Hoe|Gholdengo, shiny|100\/100\n|-item|p2a: Gold Hoe|Air Balloon\n|move|p1a: Somehow OU|Iron Defense|p1a: Somehow OU\n|-boost|p1a: Somehow OU|def|2\n|\n|upkeep\n|turn|11\n|\n|t:|1700237797\n|move|p2a: Gold Hoe|Shadow Ball|p1a: Somehow OU\n|-supereffective|p1a: Somehow OU\n|-damage|p1a: Somehow OU|70\/100\n|move|p1a: Somehow OU|Salt Cure|p2a: Gold Hoe\n|-resisted|p2a: Gold Hoe\n|-damage|p2a: Gold Hoe|92\/100\n|-start|p2a: Gold Hoe|Salt Cure\n|-enditem|p2a: Gold Hoe|Air Balloon\n|\n|-damage|p2a: Gold Hoe|67\/100|[from] Salt Cure\n|upkeep\n|turn|12\n|c|\u2606random ttar fan|ah\n|c|\u2606random ttar fan|shit\n|\n|t:|1700237814\n|move|p2a: Gold Hoe|Nasty Plot|p2a: Gold Hoe\n|-boost|p2a: Gold Hoe|spa|2\n|move|p1a: Somehow OU|Recover|p1a: Somehow OU\n|-heal|p1a: Somehow OU|100\/100\n|\n|-damage|p2a: Gold Hoe|43\/100|[from] Salt Cure\n|upkeep\n|turn|13\n|\n|t:|1700237820\n|move|p2a: Gold Hoe|Shadow Ball|p1a: Somehow OU\n|-supereffective|p1a: Somehow OU\n|-damage|p1a: Somehow OU|40\/100\n|move|p1a: Somehow OU|Recover|p1a: Somehow OU\n|-heal|p1a: Somehow OU|90\/100\n|\n|-damage|p2a: Gold Hoe|18\/100|[from] Salt Cure\n|upkeep\n|turn|14\n|\n|t:|1700237830\n|move|p2a: Gold Hoe|Shadow Ball|p1a: Somehow OU\n|-supereffective|p1a: Somehow OU\n|-damage|p1a: Somehow OU|36\/100\n|-unboost|p1a: Somehow OU|spd|1\n|move|p1a: Somehow OU|Recover|p1a: Somehow OU\n|-heal|p1a: Somehow OU|86\/100\n|\n|-damage|p2a: Gold Hoe|0 fnt|[from] Salt Cure\n|faint|p2a: Gold Hoe\n|upkeep\n|\n|t:|1700237850\n|switch|p2a: Totally Unique Set|Iron Valiant, shiny|15\/100\n|turn|15\n|\n|t:|1700237866\n|move|p2a: Totally Unique Set|Destiny Bond|p2a: Totally Unique Set\n|-singlemove|p2a: Totally Unique Set|Destiny Bond\n|move|p1a: Somehow OU|Salt Cure|p2a: Totally Unique Set\n|-resisted|p2a: Totally Unique Set\n|-damage|p2a: Totally Unique Set|5\/100\n|-start|p2a: Totally Unique Set|Salt Cure\n|\n|-damage|p2a: Totally Unique Set|0 fnt|[from] Salt Cure\n|faint|p2a: Totally Unique Set\n|-end|p2a: Totally Unique Set|Quark Drive|[silent]\n|upkeep\n|\n|t:|1700237876\n|switch|p2a: Wannabe Dream|Ogerpon-Wellspring, F|100\/100\n|turn|16\n|\n|t:|1700237881\n|-terastallize|p2a: Wannabe Dream|Water\n|detailschange|p2a: Wannabe Dream|Ogerpon-Wellspring-Tera, F, tera:Water\n|-ability|p2a: Wannabe Dream|Embody Aspect (Wellspring)|boost\n|-boost|p2a: Wannabe Dream|spd|1\n|move|p2a: Wannabe Dream|Swords Dance|p2a: Wannabe Dream\n|-boost|p2a: Wannabe Dream|atk|2\n|move|p1a: Somehow OU|Salt Cure|p2a: Wannabe Dream\n|-damage|p2a: Wannabe Dream|83\/100\n|-start|p2a: Wannabe Dream|Salt Cure\n|\n|-damage|p2a: Wannabe Dream|58\/100|[from] Salt Cure\n|upkeep\n|turn|17\n|c|\u2606random ttar fan|yeah im uh\n|c|\u2606random ttar fan|pretty much fucked ggs wp\n|\n|t:|1700237890\n|move|p2a: Wannabe Dream|Ivy Cudgel|p1a: Somehow OU|[anim] Ivy Cudgel Water\n|-damage|p1a: Somehow OU|49\/100\n|move|p1a: Somehow OU|Iron Defense|p1a: Somehow OU\n|-boost|p1a: Somehow OU|def|2\n|\n|-damage|p2a: Wannabe Dream|33\/100|[from] Salt Cure\n|upkeep\n|turn|18\n|c|\u2606random ttar fan|unless god pulls through with a crit\n|\n|t:|1700237898\n|move|p2a: Wannabe Dream|Ivy Cudgel|p1a: Somehow OU|[anim] Ivy Cudgel Water\n|-damage|p1a: Somehow OU|24\/100\n|move|p1a: Somehow OU|Recover|p1a: Somehow OU\n|-heal|p1a: Somehow OU|74\/100\n|\n|-damage|p2a: Wannabe Dream|8\/100|[from] Salt Cure\n|upkeep\n|turn|19\n|c|\u2606Knight_Garland|Garg is really something all right\n|\n|t:|1700237906\n|move|p2a: Wannabe Dream|Ivy Cudgel|p1a: Somehow OU|[anim] Ivy Cudgel Water\n|-damage|p1a: Somehow OU|48\/100\n|move|p1a: Somehow OU|Recover|p1a: Somehow OU\n|-heal|p1a: Somehow OU|98\/100\n|\n|-damage|p2a: Wannabe Dream|0 fnt|[from] Salt Cure\n|faint|p2a: Wannabe Dream\n|upkeep\n|\n|t:|1700237911\n|switch|p2a: Quenngambit|Kingambit, F, shiny|100\/100\n|-activate|p2a: Quenngambit|ability: Supreme Overlord\n|-start|p2a: Quenngambit|fallen5|[silent]\n|turn|20\n|c|\u2606random ttar fan|fr fr\n|\n|t:|1700237915\n|move|p2a: Quenngambit|Swords Dance|p2a: Quenngambit\n|-boost|p2a: Quenngambit|atk|2\n|move|p1a: Somehow OU|Body Press|p2a: Quenngambit\n|-supereffective|p2a: Quenngambit\n|-damage|p2a: Quenngambit|0 fnt\n|faint|p2a: Quenngambit\n|-end|p2a: Quenngambit|fallen5|[silent]\n|\n|win|Knight_Garland\n|raw|Knight_Garland's rating: 1409 &rarr; <strong>1429<\/strong><br \/>(+20 for winning)\n|raw|random ttar fan's rating: 1416 &rarr; <strong>1396<\/strong><br \/>(-20 for losing)\n|c|\u2606Knight_Garland|gg\n|c|\u2606random ttar fan|ggs\n|c|\u2606random ttar fan|i need smth for garg icl\n|c|\u2606Knight_Garland|Many people do\n","uploadtime":1700237923,"views":9,"p1id":"knightgarland","p2id":"randomttarfan","formatid":"gen9ou","rating":1396,"private":0,"password":""}