{"id":"gen9ou-1993508931","p1":"Diatere","p2":"SaltwaterHydreigon","format":"[Gen 9] OU","log":"|j|\u2606Diatere\n|j|\u2606SaltwaterHydreigon\n|t:|1700326214\n|gametype|singles\n|player|p1|Diatere|mina|1368\n|player|p2|SaltwaterHydreigon|hilbert|1439\n|teamsize|p1|6\n|teamsize|p2|6\n|gen|9\n|tier|[Gen 9] OU\n|rated|\n|rule|Sleep Clause Mod: Limit one foe put to sleep\n|rule|Species Clause: Limit one of each Pok\u00e9mon\n|rule|OHKO Clause: OHKO moves are banned\n|rule|Evasion Items Clause: Evasion items are banned\n|rule|Evasion Moves Clause: Evasion moves are banned\n|rule|Endless Battle Clause: Forcing endless battles is banned\n|rule|HP Percentage Mod: HP is shown in percentages\n|clearpoke\n|poke|p1|Ninetales-Alola, M|\n|poke|p1|Sneasler, M|\n|poke|p1|Hatterene, F|\n|poke|p1|Manaphy|\n|poke|p1|Ogerpon-Cornerstone, F|\n|poke|p1|Rillaboom, M|\n|poke|p2|Volcanion|\n|poke|p2|Glimmora, F|\n|poke|p2|Ninetales-Alola, M|\n|poke|p2|Kingambit, F|\n|poke|p2|Thundurus-Therian, M|\n|poke|p2|Iron Valiant|\n|teampreview\n|inactive|Battle timer is ON: inactive players will automatically lose when time's up. (requested by SaltwaterHydreigon)\n|\n|t:|1700326231\n|start\n|switch|p1a: Tavros|Ninetales-Alola, M|100\/100\n|switch|p2a: Ninetales|Ninetales-Alola, M|100\/100\n|-weather|Snow|[from] ability: Snow Warning|[of] p1a: Tavros\n|turn|1\n|\n|t:|1700326237\n|move|p2a: Ninetales|Aurora Veil|p2a: Ninetales\n|-sidestart|p2: SaltwaterHydreigon|move: Aurora Veil\n|move|p1a: Tavros|Aurora Veil|p1a: Tavros\n|-sidestart|p1: Diatere|move: Aurora Veil\n|\n|-weather|Snow|[upkeep]\n|upkeep\n|turn|2\n|c|\u2606Diatere|spiderman pointing meme\n|\n|t:|1700326251\n|switch|p2a: Doughnut Spider|Volcanion|100\/100\n|switch|p1a: Gamzee|Rillaboom, M|100\/100\n|-fieldstart|move: Grassy Terrain|[from] ability: Grassy Surge|[of] p1a: Gamzee\n|\n|-weather|Snow|[upkeep]\n|upkeep\n|turn|3\n|\n|t:|1700326258\n|move|p1a: Gamzee|U-turn|p2a: Doughnut Spider\n|-resisted|p2a: Doughnut Spider\n|-damage|p2a: Doughnut Spider|94\/100\n|\n|t:|1700326261\n|switch|p1a: Karkat|Sneasler, M|100\/100|[from] U-turn\n|-enditem|p1a: Karkat|Grassy Seed\n|-boost|p1a: Karkat|def|1|[from] item: Grassy Seed\n|move|p2a: Doughnut Spider|Flamethrower|p1a: Karkat\n|-damage|p1a: Karkat|68\/100\n|\n|-weather|Snow|[upkeep]\n|-heal|p1a: Karkat|74\/100|[from] Grassy Terrain\n|-heal|p2a: Doughnut Spider|99\/100|[from] Grassy Terrain\n|-heal|p2a: Doughnut Spider|100\/100|[from] item: Leftovers\n|upkeep\n|turn|4\n|\n|t:|1700326272\n|move|p1a: Karkat|Swords Dance|p1a: Karkat\n|-boost|p1a: Karkat|atk|2\n|move|p2a: Doughnut Spider|Earth Power|p1a: Karkat\n|-supereffective|p1a: Karkat\n|-damage|p1a: Karkat|29\/100\n|\n|-weather|Snow|[upkeep]\n|-heal|p1a: Karkat|35\/100|[from] Grassy Terrain\n|upkeep\n|turn|5\n|\n|t:|1700326286\n|-terastallize|p1a: Karkat|Flying\n|move|p1a: Karkat|Swords Dance|p1a: Karkat\n|-boost|p1a: Karkat|atk|2\n|move|p2a: Doughnut Spider|Earth Power|p1a: Karkat\n|-immune|p1a: Karkat\n|\n|-weather|none\n|upkeep\n|turn|6\n|\n|t:|1700326305\n|move|p1a: Karkat|Dire Claw|p2a: Doughnut Spider\n|-damage|p2a: Doughnut Spider|45\/100\n|-status|p2a: Doughnut Spider|slp\n|cant|p2a: Doughnut Spider|slp\n|\n|-heal|p2a: Doughnut Spider|51\/100 slp|[from] Grassy Terrain\n|-heal|p2a: Doughnut Spider|57\/100 slp|[from] item: Leftovers\n|-fieldend|move: Grassy Terrain\n|upkeep\n|turn|7\n|\n|t:|1700326314\n|move|p1a: Karkat|Dire Claw|p2a: Doughnut Spider\n|-damage|p2a: Doughnut Spider|7\/100 slp\n|-curestatus|p2a: Doughnut Spider|slp|[msg]\n|move|p2a: Doughnut Spider|Steam Eruption|p1a: Karkat\n|-damage|p1a: Karkat|0 fnt\n|faint|p1a: Karkat\n|\n|-heal|p2a: Doughnut Spider|13\/100|[from] item: Leftovers\n|upkeep\n|\n|t:|1700326323\n|switch|p1a: Gamzee|Rillaboom, M|100\/100\n|-fieldstart|move: Grassy Terrain|[from] ability: Grassy Surge|[of] p1a: Gamzee\n|turn|8\n|\n|t:|1700326331\n|move|p1a: Gamzee|Grassy Glide|p2a: Doughnut Spider\n|-damage|p2a: Doughnut Spider|0 fnt\n|faint|p2a: Doughnut Spider\n|\n|-sideend|p1: Diatere|move: Aurora Veil\n|-sideend|p2: SaltwaterHydreigon|move: Aurora Veil\n|upkeep\n|\n|t:|1700326338\n|switch|p2a: Ninetales|Ninetales-Alola, M|100\/100\n|-weather|Snow|[from] ability: Snow Warning|[of] p2a: Ninetales\n|turn|9\n|\n|t:|1700326342\n|switch|p1a: Tavros|Ninetales-Alola, M|100\/100\n|move|p2a: Ninetales|Aurora Veil|p2a: Ninetales\n|-sidestart|p2: SaltwaterHydreigon|move: Aurora Veil\n|\n|-weather|Snow|[upkeep]\n|upkeep\n|turn|10\n|\n|t:|1700326354\n|switch|p2a: Thundurus|Thundurus-Therian, M|100\/100\n|move|p1a: Tavros|Aurora Veil|p1a: Tavros\n|-sidestart|p1: Diatere|move: Aurora Veil\n|\n|-weather|Snow|[upkeep]\n|upkeep\n|turn|11\n|\n|t:|1700326361\n|move|p1a: Tavros|Freeze-Dry|p2a: Thundurus\n|-supereffective|p2a: Thundurus\n|-damage|p2a: Thundurus|75\/100\n|move|p2a: Thundurus|Nasty Plot|p2a: Thundurus\n|-boost|p2a: Thundurus|spa|2\n|\n|-weather|Snow|[upkeep]\n|upkeep\n|turn|12\n|\n|t:|1700326369\n|switch|p1a: Kanaya|Hatterene, F|100\/100\n|-enditem|p1a: Kanaya|Grassy Seed\n|-boost|p1a: Kanaya|def|1|[from] item: Grassy Seed\n|move|p2a: Thundurus|Nasty Plot|p2a: Thundurus\n|-boost|p2a: Thundurus|spa|2\n|\n|-weather|Snow|[upkeep]\n|-fieldend|move: Grassy Terrain\n|upkeep\n|turn|13\n|\n|t:|1700326378\n|move|p2a: Thundurus|Wildbolt Storm|p1a: Kanaya\n|-damage|p1a: Kanaya|6\/100\n|move|p1a: Kanaya|Mystical Fire|p2a: Thundurus\n|-damage|p2a: Thundurus|61\/100\n|-unboost|p2a: Thundurus|spa|1\n|\n|-weather|none\n|upkeep\n|turn|14\n|\n|t:|1700326388\n|move|p2a: Thundurus|Tera Blast|p1a: Kanaya\n|-damage|p1a: Kanaya|0 fnt\n|faint|p1a: Kanaya\n|\n|upkeep\n|\n|t:|1700326396\n|switch|p1a: Vriska|Ogerpon-Cornerstone, F|100\/100\n|turn|15\n|\n|t:|1700326402\n|move|p1a: Vriska|Swords Dance|p1a: Vriska\n|-boost|p1a: Vriska|atk|2\n|move|p2a: Thundurus|Grass Knot|p1a: Vriska\n|-damage|p1a: Vriska|65\/100\n|\n|upkeep\n|turn|16\n|\n|t:|1700326414\n|move|p1a: Vriska|Ivy Cudgel|p2a: Thundurus|[anim] Ivy Cudgel Rock\n|-supereffective|p2a: Thundurus\n|-damage|p2a: Thundurus|0 fnt\n|faint|p2a: Thundurus\n|\n|-sideend|p2: SaltwaterHydreigon|move: Aurora Veil\n|upkeep\n|\n|t:|1700326434\n|switch|p2a: Ninetales|Ninetales-Alola, M|100\/100\n|-weather|Snow|[from] ability: Snow Warning|[of] p2a: Ninetales\n|turn|17\n|\n|t:|1700326440\n|move|p1a: Vriska|Ivy Cudgel|p2a: Ninetales|[anim] Ivy Cudgel Rock\n|-supereffective|p2a: Ninetales\n|-damage|p2a: Ninetales|0 fnt\n|faint|p2a: Ninetales\n|\n|-weather|Snow|[upkeep]\n|-sideend|p1: Diatere|move: Aurora Veil\n|upkeep\n|\n|t:|1700326451\n|switch|p2a: Iron Valiant|Iron Valiant|100\/100\n|-enditem|p2a: Iron Valiant|Booster Energy\n|-activate|p2a: Iron Valiant|ability: Quark Drive|[fromitem]\n|-start|p2a: Iron Valiant|quarkdrivespe\n|turn|18\n|\n|t:|1700326471\n|move|p2a: Iron Valiant|Close Combat|p1a: Vriska\n|-supereffective|p1a: Vriska\n|-damage|p1a: Vriska|0 fnt\n|-unboost|p2a: Iron Valiant|def|1\n|-unboost|p2a: Iron Valiant|spd|1\n|faint|p1a: Vriska\n|\n|-weather|Snow|[upkeep]\n|upkeep\n|\n|t:|1700326480\n|switch|p1a: Gamzee|Rillaboom, M|100\/100\n|-fieldstart|move: Grassy Terrain|[from] ability: Grassy Surge|[of] p1a: Gamzee\n|turn|19\n|\n|t:|1700326494\n|-end|p2a: Iron Valiant|Quark Drive|[silent]\n|switch|p2a: Glimmora|Glimmora, F|100\/100\n|move|p1a: Gamzee|Grassy Glide|p2a: Glimmora\n|-damage|p2a: Glimmora|40\/100\n|-activate|p2a: Glimmora|ability: Toxic Debris\n|-sidestart|p1: Diatere|move: Toxic Spikes\n|\n|-weather|Snow|[upkeep]\n|-heal|p2a: Glimmora|46\/100|[from] Grassy Terrain\n|upkeep\n|turn|20\n|\n|t:|1700326510\n|move|p1a: Gamzee|Grassy Glide|p2a: Glimmora\n|-damage|p2a: Glimmora|0 fnt\n|-activate|p2a: Glimmora|ability: Toxic Debris\n|-sidestart|p1: Diatere|move: Toxic Spikes\n|faint|p2a: Glimmora\n|\n|-weather|Snow|[upkeep]\n|upkeep\n|\n|t:|1700326519\n|switch|p2a: Iron Valiant|Iron Valiant|100\/100\n|turn|21\n|\n|t:|1700326534\n|move|p1a: Gamzee|Grassy Glide|p2a: Iron Valiant\n|-crit|p2a: Iron Valiant\n|-damage|p2a: Iron Valiant|0 fnt\n|faint|p2a: Iron Valiant\n|-end|p2a: Iron Valiant|Quark Drive|[silent]\n|\n|-weather|none\n|upkeep\n|\n|t:|1700326540\n|switch|p2a: Kingambit|Kingambit, F|100\/100\n|-activate|p2a: Kingambit|ability: Supreme Overlord\n|-start|p2a: Kingambit|fallen5|[silent]\n|turn|22\n|\n|t:|1700326546\n|move|p1a: Gamzee|Grassy Glide|p2a: Kingambit\n|-resisted|p2a: Kingambit\n|-damage|p2a: Kingambit|76\/100\n|move|p2a: Kingambit|Swords Dance|p2a: Kingambit\n|-boost|p2a: Kingambit|atk|2\n|\n|-heal|p2a: Kingambit|82\/100|[from] Grassy Terrain\n|upkeep\n|turn|23\n|\n|t:|1700326557\n|switch|p1a: Tavros|Ninetales-Alola, M|100\/100\n|-status|p1a: Tavros|tox\n|-weather|Snow|[from] ability: Snow Warning|[of] p1a: Tavros\n|move|p2a: Kingambit|Iron Head|p1a: Tavros\n|-supereffective|p1a: Tavros\n|-damage|p1a: Tavros|0 fnt\n|faint|p1a: Tavros\n|\n|-weather|Snow|[upkeep]\n|-heal|p2a: Kingambit|88\/100|[from] Grassy Terrain\n|-fieldend|move: Grassy Terrain\n|upkeep\n|\n|t:|1700326562\n|switch|p1a: Terezi|Manaphy|100\/100\n|-status|p1a: Terezi|tox\n|turn|24\n|\n|t:|1700326572\n|move|p1a: Terezi|Take Heart|p1a: Terezi\n|-boost|p1a: Terezi|spa|1\n|-boost|p1a: Terezi|spd|1\n|-curestatus|p1a: Terezi|tox|[msg]\n|move|p2a: Kingambit|Iron Head|p1a: Terezi\n|-resisted|p1a: Terezi\n|-damage|p1a: Terezi|42\/100\n|\n|-weather|Snow|[upkeep]\n|-heal|p1a: Terezi|48\/100|[from] item: Leftovers\n|upkeep\n|turn|25\n|\n|t:|1700326587\n|move|p1a: Terezi|Scald|p2a: Kingambit\n|-crit|p2a: Kingambit\n|-damage|p2a: Kingambit|0 fnt\n|faint|p2a: Kingambit\n|-end|p2a: Kingambit|fallen5|[silent]\n|\n|win|Diatere\n|raw|Diatere's rating: 1368 &rarr; <strong>1392<\/strong><br \/>(+24 for winning)\n|raw|SaltwaterHydreigon's rating: 1439 &rarr; <strong>1415<\/strong><br \/>(-24 for losing)\n|l|\u2606SaltwaterHydreigon\n","uploadtime":1700326597,"views":8,"p1id":"diatere","p2id":"saltwaterhydreigon","formatid":"gen9ou","rating":1392,"private":0,"password":""}