{"id":"gen9ou-1989352820","p1":"Exusiai-PngnLgstcs","p2":"skawa","format":"[Gen 9] OU","log":"|j|\u2606Exusiai-PngnLgstcs\n|j|\u2606skawa\n|t:|1699839741\n|gametype|singles\n|player|p1|Exusiai-PngnLgstcs|dawn-gen4pt|\n|player|p2|skawa|giovanni|\n|teamsize|p1|6\n|teamsize|p2|6\n|gen|9\n|tier|[Gen 9] OU\n|rule|Sleep Clause Mod: Limit one foe put to sleep\n|rule|Species Clause: Limit one of each Pok\u00e9mon\n|rule|OHKO Clause: OHKO moves are banned\n|rule|Evasion Items Clause: Evasion items are banned\n|rule|Evasion Moves Clause: Evasion moves are banned\n|rule|Endless Battle Clause: Forcing endless battles is banned\n|rule|HP Percentage Mod: HP is shown in percentages\n|clearpoke\n|poke|p1|Heatran, M|\n|poke|p1|Zamazenta-*|\n|poke|p1|Bellibolt, M|\n|poke|p1|Landorus-Therian, M|\n|poke|p1|Cloyster, M|\n|poke|p1|Gengar, M|\n|poke|p2|Toxapex, M|\n|poke|p2|Jirachi|\n|poke|p2|Sableye, F|\n|poke|p2|Dragonite, M|\n|poke|p2|Rotom-Wash|\n|poke|p2|Hoopa-Unbound|\n|teampreview\n|\n|t:|1699839751\n|start\n|switch|p1a: sorry no joke here|Gengar, M|100\/100\n|switch|p2a: Sableye|Sableye, F|100\/100\n|turn|1\n|\n|t:|1699839761\n|move|p1a: sorry no joke here|Trick|p2a: Sableye\n|-activate|p1a: sorry no joke here|move: Trick|[of] p2a: Sableye\n|-item|p2a: Sableye|Choice Specs|[from] move: Trick\n|-item|p1a: sorry no joke here|Leftovers|[from] move: Trick\n|move|p2a: Sableye|Knock Off|p1a: sorry no joke here\n|-supereffective|p1a: sorry no joke here\n|-damage|p1a: sorry no joke here|0 fnt\n|-enditem|p1a: sorry no joke here|Leftovers|[from] move: Knock Off|[of] p2a: Sableye\n|faint|p1a: sorry no joke here\n|\n|upkeep\n|\n|t:|1699839771\n|switch|p1a: SILVER CHARIOT|Cloyster, M, shiny|100\/100\n|turn|2\n|\n|t:|1699839775\n|move|p1a: SILVER CHARIOT|Shell Smash|p1a: SILVER CHARIOT\n|-unboost|p1a: SILVER CHARIOT|def|1\n|-unboost|p1a: SILVER CHARIOT|spd|1\n|-boost|p1a: SILVER CHARIOT|atk|2\n|-boost|p1a: SILVER CHARIOT|spa|2\n|-boost|p1a: SILVER CHARIOT|spe|2\n|move|p2a: Sableye|Knock Off|p1a: SILVER CHARIOT\n|-damage|p1a: SILVER CHARIOT|65\/100\n|-enditem|p1a: SILVER CHARIOT|Focus Sash|[from] move: Knock Off|[of] p2a: Sableye\n|\n|upkeep\n|turn|3\n|\n|t:|1699839788\n|switch|p2a: The pex|Toxapex, M, shiny|100\/100\n|move|p1a: SILVER CHARIOT|Icicle Spear|p2a: The pex\n|-resisted|p2a: The pex\n|-damage|p2a: The pex|93\/100\n|-resisted|p2a: The pex\n|-damage|p2a: The pex|85\/100\n|-resisted|p2a: The pex\n|-damage|p2a: The pex|78\/100\n|-resisted|p2a: The pex\n|-damage|p2a: The pex|71\/100\n|-resisted|p2a: The pex\n|-damage|p2a: The pex|64\/100\n|-hitcount|p2a: The pex|5\n|\n|-heal|p2a: The pex|70\/100|[from] item: Leftovers\n|upkeep\n|turn|4\n|\n|t:|1699839801\n|move|p1a: SILVER CHARIOT|Rock Blast|p2a: The pex\n|-damage|p2a: The pex|61\/100\n|-damage|p2a: The pex|51\/100\n|-damage|p2a: The pex|42\/100\n|-damage|p2a: The pex|32\/100\n|-damage|p2a: The pex|22\/100\n|-hitcount|p2a: The pex|5\n|move|p2a: The pex|Haze|p2a: The pex\n|-clearallboost\n|\n|-heal|p2a: The pex|28\/100|[from] item: Leftovers\n|upkeep\n|turn|5\n|\n|t:|1699839813\n|switch|p2a: The guy|Jirachi, shiny|100\/100\n|move|p1a: SILVER CHARIOT|Shell Smash|p1a: SILVER CHARIOT\n|-unboost|p1a: SILVER CHARIOT|def|1\n|-unboost|p1a: SILVER CHARIOT|spd|1\n|-boost|p1a: SILVER CHARIOT|atk|2\n|-boost|p1a: SILVER CHARIOT|spa|2\n|-boost|p1a: SILVER CHARIOT|spe|2\n|\n|upkeep\n|turn|6\n|\n|t:|1699839819\n|move|p2a: The guy|Iron Head|p1a: SILVER CHARIOT\n|-damage|p1a: SILVER CHARIOT|24\/100\n|cant|p1a: SILVER CHARIOT|flinch\n|\n|upkeep\n|turn|7\n|\n|t:|1699839822\n|move|p2a: The guy|Iron Head|p1a: SILVER CHARIOT\n|-crit|p1a: SILVER CHARIOT\n|-damage|p1a: SILVER CHARIOT|0 fnt\n|faint|p1a: SILVER CHARIOT\n|\n|upkeep\n|j| Juroni\n|\n|t:|1699839834\n|switch|p1a: MAGICIANS RED|Heatran, M|100\/100\n|turn|8\n|\n|t:|1699839841\n|switch|p2a: The wash|Rotom-Wash, shiny|100\/100\n|move|p1a: MAGICIANS RED|Magma Storm|p2a: The wash|[miss]\n|-miss|p1a: MAGICIANS RED|p2a: The wash\n|\n|upkeep\n|turn|9\n|\n|t:|1699839860\n|-terastallize|p1a: MAGICIANS RED|Grass\n|move|p2a: The wash|Volt Switch|p1a: MAGICIANS RED\n|-resisted|p1a: MAGICIANS RED\n|-damage|p1a: MAGICIANS RED|90\/100\n|\n|t:|1699839867\n|switch|p2a: Hoopa|Hoopa-Unbound|100\/100|[from] Volt Switch\n|move|p1a: MAGICIANS RED|Magma Storm|p2a: Hoopa|[miss]\n|-miss|p1a: MAGICIANS RED|p2a: Hoopa\n|\n|-heal|p1a: MAGICIANS RED|97\/100|[from] item: Leftovers\n|upkeep\n|turn|10\n|c|\u2606Exusiai-PngnLgstcs|i am getting fucked up this round\n|\n|t:|1699839886\n|switch|p1a: FAT ABSORPTION|Bellibolt, M|100\/100\n|move|p2a: Hoopa|Psychic|p1a: FAT ABSORPTION\n|-crit|p1a: FAT ABSORPTION\n|-damage|p1a: FAT ABSORPTION|28\/100\n|-start|p1a: FAT ABSORPTION|Charge|Psychic|[from] ability: Electromorphosis\n|\n|-heal|p1a: FAT ABSORPTION|34\/100|[from] item: Leftovers\n|upkeep\n|turn|11\n|\n|t:|1699839891\n|move|p2a: Hoopa|Psychic|p1a: FAT ABSORPTION\n|-damage|p1a: FAT ABSORPTION|0 fnt\n|faint|p1a: FAT ABSORPTION\n|\n|upkeep\n|\n|t:|1699839893\n|switch|p1a: KARS SAMA|Landorus-Therian, M|100\/100\n|-ability|p1a: KARS SAMA|Intimidate|boost\n|-unboost|p2a: Hoopa|atk|1\n|turn|12\n|\n|t:|1699839902\n|switch|p2a: The pex|Toxapex, M, shiny|61\/100\n|move|p1a: KARS SAMA|U-turn|p2a: The pex\n|-resisted|p2a: The pex\n|-damage|p2a: The pex|53\/100\n|\n|t:|1699839909\n|switch|p1a: MAGICIANS RED|Heatran, M, tera:Grass|97\/100|[from] U-turn\n|\n|-heal|p1a: MAGICIANS RED|100\/100|[from] item: Leftovers\n|-heal|p2a: The pex|59\/100|[from] item: Leftovers\n|upkeep\n|turn|13\n|\n|t:|1699839916\n|switch|p2a: The wash|Rotom-Wash, shiny|100\/100\n|move|p1a: MAGICIANS RED|Magma Storm|p2a: The wash\n|-resisted|p2a: The wash\n|-damage|p2a: The wash|77\/100\n|-activate|p2a: The wash|move: Magma Storm|[of] p1a: MAGICIANS RED\n|\n|-heal|p2a: The wash|83\/100|[from] item: Leftovers\n|-damage|p2a: The wash|71\/100|[from] move: Magma Storm|[partiallytrapped]\n|upkeep\n|turn|14\n|\n|t:|1699839923\n|move|p2a: The wash|Volt Switch|p1a: MAGICIANS RED\n|-resisted|p1a: MAGICIANS RED\n|-damage|p1a: MAGICIANS RED|91\/100\n|\n|t:|1699839928\n|switch|p2a: The guy|Jirachi, shiny|100\/100|[from] Volt Switch\n|move|p1a: MAGICIANS RED|Tera Blast|p2a: The guy|[anim] Tera Blast Grass\n|-resisted|p2a: The guy\n|-damage|p2a: The guy|77\/100\n|\n|-heal|p1a: MAGICIANS RED|97\/100|[from] item: Leftovers\n|upkeep\n|turn|15\n|\n|t:|1699839935\n|switch|p1a: Wriothesley|Zamazenta|100\/100\n|-ability|p1a: Wriothesley|Dauntless Shield|boost\n|-boost|p1a: Wriothesley|def|1\n|move|p2a: The guy|U-turn|p1a: Wriothesley\n|-resisted|p1a: Wriothesley\n|-damage|p1a: Wriothesley|94\/100\n|\n|t:|1699839941\n|switch|p2a: The pex|Toxapex, M, shiny|93\/100|[from] U-turn\n|\n|-heal|p2a: The pex|99\/100|[from] item: Leftovers\n|upkeep\n|turn|16\n|\n|t:|1699839961\n|move|p1a: Wriothesley|Crunch|p2a: The pex\n|-damage|p2a: The pex|83\/100\n|move|p2a: The pex|Haze|p2a: The pex\n|-clearallboost\n|\n|-heal|p2a: The pex|89\/100|[from] item: Leftovers\n|upkeep\n|turn|17\n|\n|t:|1699839968\n|switch|p1a: MAGICIANS RED|Heatran, M, tera:Grass|97\/100\n|move|p2a: The pex|Toxic Spikes|p1a: MAGICIANS RED\n|-sidestart|p1: Exusiai-PngnLgstcs|move: Toxic Spikes\n|\n|-heal|p1a: MAGICIANS RED|100\/100|[from] item: Leftovers\n|-heal|p2a: The pex|95\/100|[from] item: Leftovers\n|upkeep\n|turn|18\n|\n|t:|1699839977\n|move|p1a: MAGICIANS RED|Magma Storm|p2a: The pex|[miss]\n|-miss|p1a: MAGICIANS RED|p2a: The pex\n|move|p2a: The pex|Toxic Spikes|p1a: MAGICIANS RED\n|-sidestart|p1: Exusiai-PngnLgstcs|move: Toxic Spikes\n|\n|-heal|p2a: The pex|100\/100|[from] item: Leftovers\n|upkeep\n|turn|19\n|\n|t:|1699839982\n|switch|p2a: The wash|Rotom-Wash, shiny|71\/100\n|move|p1a: MAGICIANS RED|Magma Storm|p2a: The wash|[miss]\n|-miss|p1a: MAGICIANS RED|p2a: The wash\n|\n|-heal|p2a: The wash|77\/100|[from] item: Leftovers\n|upkeep\n|turn|20\n|\n|t:|1699839988\n|move|p2a: The wash|Discharge|p1a: MAGICIANS RED\n|-resisted|p1a: MAGICIANS RED\n|-damage|p1a: MAGICIANS RED|88\/100\n|-status|p1a: MAGICIANS RED|par\n|move|p1a: MAGICIANS RED|Magma Storm|p2a: The wash|[miss]\n|-miss|p1a: MAGICIANS RED|p2a: The wash\n|\n|-heal|p2a: The wash|83\/100|[from] item: Leftovers\n|-heal|p1a: MAGICIANS RED|95\/100 par|[from] item: Leftovers\n|upkeep\n|turn|21\n|c|\u2606Exusiai-PngnLgstcs|WHY IS RNG SO MEAN TO ME THIS ROUND\n|\n|t:|1699839998\n|move|p2a: The wash|Volt Switch|p1a: MAGICIANS RED\n|-resisted|p1a: MAGICIANS RED\n|-damage|p1a: MAGICIANS RED|84\/100 par\n|\n|t:|1699840007\n|switch|p2a: Dragonite|Dragonite, M|100\/100|[from] Volt Switch\n|move|p1a: MAGICIANS RED|Tera Blast|p2a: Dragonite|[anim] Tera Blast Grass\n|-resisted|p2a: Dragonite\n|-damage|p2a: Dragonite|95\/100\n|\n|-heal|p1a: MAGICIANS RED|91\/100 par|[from] item: Leftovers\n|upkeep\n|turn|22\n|\n|t:|1699840022\n|switch|p2a: The wash|Rotom-Wash, shiny|83\/100\n|cant|p1a: MAGICIANS RED|par\n|\n|-heal|p2a: The wash|89\/100|[from] item: Leftovers\n|-heal|p1a: MAGICIANS RED|97\/100 par|[from] item: Leftovers\n|upkeep\n|turn|23\n|c|\u2606skawa|i keep forgetting that im 1000% sure you have flash fire\n|\n|t:|1699840043\n|move|p2a: The wash|Hydro Pump|p1a: MAGICIANS RED\n|-resisted|p1a: MAGICIANS RED\n|-damage|p1a: MAGICIANS RED|80\/100 par\n|move|p1a: MAGICIANS RED|Tera Blast|p2a: The wash|[anim] Tera Blast Grass\n|-supereffective|p2a: The wash\n|-damage|p2a: The wash|6\/100\n|\n|-heal|p2a: The wash|13\/100|[from] item: Leftovers\n|-heal|p1a: MAGICIANS RED|86\/100 par|[from] item: Leftovers\n|upkeep\n|turn|24\n|\n|t:|1699840051\n|move|p2a: The wash|Volt Switch|p1a: MAGICIANS RED\n|-resisted|p1a: MAGICIANS RED\n|-damage|p1a: MAGICIANS RED|76\/100 par\n|\n|t:|1699840057\n|switch|p2a: Sableye|Sableye, F|100\/100|[from] Volt Switch\n|move|p1a: MAGICIANS RED|Flamethrower|p2a: Sableye\n|-damage|p2a: Sableye|35\/100\n|\n|-heal|p1a: MAGICIANS RED|82\/100 par|[from] item: Leftovers\n|upkeep\n|turn|25\n|\n|t:|1699840068\n|switch|p2a: Hoopa|Hoopa-Unbound|100\/100\n|move|p1a: MAGICIANS RED|Flamethrower|p2a: Hoopa\n|-damage|p2a: Hoopa|72\/100\n|\n|-heal|p1a: MAGICIANS RED|88\/100 par|[from] item: Leftovers\n|upkeep\n|turn|26\n|\n|t:|1699840083\n|move|p2a: Hoopa|Hyperspace Fury|p1a: MAGICIANS RED\n|-damage|p1a: MAGICIANS RED|35\/100 par\n|-unboost|p2a: Hoopa|def|1\n|cant|p1a: MAGICIANS RED|par\n|\n|-heal|p1a: MAGICIANS RED|41\/100 par|[from] item: Leftovers\n|upkeep\n|turn|27\n|\n|t:|1699840092\n|switch|p1a: Wriothesley|Zamazenta|94\/100\n|move|p2a: Hoopa|Psychic|p1a: Wriothesley\n|-supereffective|p1a: Wriothesley\n|-damage|p1a: Wriothesley|6\/100\n|\n|upkeep\n|turn|28\n|\n|t:|1699840100\n|switch|p2a: The pex|Toxapex, M, shiny|100\/100\n|move|p1a: Wriothesley|Stone Edge|p2a: The pex|[miss]\n|-miss|p1a: Wriothesley|p2a: The pex\n|\n|upkeep\n|turn|29\n|\n|t:|1699840104\n|move|p1a: Wriothesley|Stone Edge|p2a: The pex\n|-damage|p2a: The pex|81\/100\n|move|p2a: The pex|Surf|p1a: Wriothesley\n|-damage|p1a: Wriothesley|0 fnt\n|faint|p1a: Wriothesley\n|\n|-heal|p2a: The pex|88\/100|[from] item: Leftovers\n|upkeep\n|\n|t:|1699840112\n|switch|p1a: KARS SAMA|Landorus-Therian, M|100\/100\n|-ability|p1a: KARS SAMA|Intimidate|boost\n|-unboost|p2a: The pex|atk|1\n|turn|30\n|\n|t:|1699840122\n|move|p1a: KARS SAMA|Earthquake|p2a: The pex\n|-supereffective|p2a: The pex\n|-damage|p2a: The pex|21\/100\n|move|p2a: The pex|Surf|p1a: KARS SAMA\n|-supereffective|p1a: KARS SAMA\n|-damage|p1a: KARS SAMA|51\/100\n|\n|-heal|p2a: The pex|27\/100|[from] item: Leftovers\n|upkeep\n|turn|31\n|\n|t:|1699840128\n|switch|p2a: The wash|Rotom-Wash, shiny|13\/100\n|move|p1a: KARS SAMA|Earthquake|p2a: The wash\n|-immune|p2a: The wash|[from] ability: Levitate\n|\n|-heal|p2a: The wash|19\/100|[from] item: Leftovers\n|upkeep\n|turn|32\n|\n|t:|1699840132\n|switch|p1a: MAGICIANS RED|Heatran, M, tera:Grass|41\/100 par\n|move|p2a: The wash|Protect||[still]\n|-fail|p2a: The wash\n|\n|-heal|p2a: The wash|25\/100|[from] item: Leftovers\n|-heal|p1a: MAGICIANS RED|48\/100 par|[from] item: Leftovers\n|upkeep\n|turn|33\n|\n|t:|1699840139\n|move|p2a: The wash|Volt Switch|p1a: MAGICIANS RED\n|-resisted|p1a: MAGICIANS RED\n|-damage|p1a: MAGICIANS RED|36\/100 par\n|\n|t:|1699840141\n|switch|p2a: The guy|Jirachi, shiny|77\/100|[from] Volt Switch\n|move|p1a: MAGICIANS RED|Magma Storm|p2a: The guy\n|-supereffective|p2a: The guy\n|-damage|p2a: The guy|0 fnt\n|faint|p2a: The guy\n|\n|-heal|p1a: MAGICIANS RED|42\/100 par|[from] item: Leftovers\n|upkeep\n|\n|t:|1699840146\n|switch|p2a: Hoopa|Hoopa-Unbound|72\/100\n|turn|34\n|\n|t:|1699840151\n|move|p2a: Hoopa|Hyperspace Fury|p1a: MAGICIANS RED\n|-damage|p1a: MAGICIANS RED|0 fnt\n|-unboost|p2a: Hoopa|def|1\n|faint|p1a: MAGICIANS RED\n|\n|upkeep\n|\n|t:|1699840154\n|switch|p1a: KARS SAMA|Landorus-Therian, M|51\/100\n|-ability|p1a: KARS SAMA|Intimidate|boost\n|-unboost|p2a: Hoopa|atk|1\n|turn|35\n|\n|t:|1699840168\n|switch|p2a: The wash|Rotom-Wash, shiny|25\/100\n|move|p1a: KARS SAMA|Rock Slide|p2a: The wash\n|-damage|p2a: The wash|0 fnt\n|faint|p2a: The wash\n|\n|upkeep\n|\n|t:|1699840170\n|switch|p2a: Sableye|Sableye, F|35\/100\n|turn|36\n|c|\u2606Exusiai-PngnLgstcs|even now... i still fight to the bitter end...\n|\n|t:|1699840183\n|move|p2a: Sableye|Will-O-Wisp|p1a: KARS SAMA\n|-status|p1a: KARS SAMA|brn\n|move|p1a: KARS SAMA|Rock Slide|p2a: Sableye|[miss]\n|-miss|p1a: KARS SAMA|p2a: Sableye\n|\n|-damage|p1a: KARS SAMA|45\/100 brn|[from] brn\n|upkeep\n|turn|37\n|c|\u2606skawa|hey juju do i keep sableye alive or i kill him\n|\n|t:|1699840224\n|switch|p2a: The pex|Toxapex, M, shiny|60\/100\n|move|p1a: KARS SAMA|Rock Slide|p2a: The pex\n|-damage|p2a: The pex|52\/100\n|\n|-heal|p2a: The pex|58\/100|[from] item: Leftovers\n|-damage|p1a: KARS SAMA|39\/100 brn|[from] brn\n|upkeep\n|turn|38\n|c|\u2606skawa|ill take that as a yes\n|\n|t:|1699840230\n|move|p1a: KARS SAMA|Rock Slide|p2a: The pex\n|-damage|p2a: The pex|49\/100\n|cant|p2a: The pex|flinch\n|\n|-heal|p2a: The pex|55\/100|[from] item: Leftovers\n|-damage|p1a: KARS SAMA|33\/100 brn|[from] brn\n|upkeep\n|turn|39\n|\n|t:|1699840235\n|move|p1a: KARS SAMA|Rock Slide|p2a: The pex\n|-damage|p2a: The pex|46\/100\n|move|p2a: The pex|Surf|p1a: KARS SAMA\n|-supereffective|p1a: KARS SAMA\n|-crit|p1a: KARS SAMA\n|-damage|p1a: KARS SAMA|0 fnt\n|faint|p1a: KARS SAMA\n|\n|win|skawa\n|c|\u2606skawa|gg wp!\n|c|\u2606Exusiai-PngnLgstcs|gg\n|c|\u2606skawa|you were indeed a worthy foe\n","uploadtime":1699840254,"views":16,"p1id":"exusiaipngnlgstcs","p2id":"skawa","formatid":"gen9ou","rating":0,"private":0,"password":""}