{"id":"gen9ou-1993502327","p1":"blanket towel","p2":"gurkious","format":"[Gen 9] OU","log":"|j|\u2606blanket towel\n|j|\u2606gurkious\n|t:|1700325474\n|gametype|singles\n|player|p1|blanket towel|serena-masters2|1044\n|player|p2|gurkious|swimmer|1022\n|teamsize|p1|6\n|teamsize|p2|6\n|gen|9\n|tier|[Gen 9] OU\n|rated|\n|rule|Sleep Clause Mod: Limit one foe put to sleep\n|rule|Species Clause: Limit one of each Pok\u00e9mon\n|rule|OHKO Clause: OHKO moves are banned\n|rule|Evasion Items Clause: Evasion items are banned\n|rule|Evasion Moves Clause: Evasion moves are banned\n|rule|Endless Battle Clause: Forcing endless battles is banned\n|rule|HP Percentage Mod: HP is shown in percentages\n|clearpoke\n|poke|p1|Maushold-Four|\n|poke|p1|Samurott-Hisui, F|\n|poke|p1|Great Tusk|\n|poke|p1|Garganacl, F|\n|poke|p1|Cinderace, F|\n|poke|p1|Thundurus-Therian, M|\n|poke|p2|Maushold-Four|\n|poke|p2|Ribombee, M|\n|poke|p2|Kommo-o, M|\n|poke|p2|Pawmot, M|\n|poke|p2|Alomomola, F|\n|poke|p2|Sinistcha|\n|teampreview\n|\n|t:|1700325488\n|start\n|switch|p1a: Cinderace|Cinderace, F|100\/100\n|switch|p2a: Pawmot|Pawmot, M|100\/100\n|turn|1\n|\n|t:|1700325496\n|move|p1a: Cinderace|Pyro Ball|p2a: Pawmot\n|-damage|p2a: Pawmot|9\/100\n|move|p2a: Pawmot|Nuzzle|p1a: Cinderace\n|-damage|p1a: Cinderace|87\/100\n|-status|p1a: Cinderace|par\n|\n|-heal|p2a: Pawmot|15\/100|[from] item: Leftovers\n|upkeep\n|turn|2\n|\n|t:|1700325505\n|switch|p2a: Alomomola|Alomomola, F|100\/100\n|move|p1a: Cinderace|U-turn|p2a: Alomomola\n|-start|p1a: Cinderace|typechange|Bug|[from] ability: Libero\n|-damage|p2a: Alomomola|84\/100\n|\n|t:|1700325512\n|switch|p1a: Thundurus|Thundurus-Therian, M|100\/100|[from] U-turn\n|\n|-heal|p2a: Alomomola|90\/100|[from] item: Leftovers\n|upkeep\n|turn|3\n|\n|t:|1700325519\n|move|p2a: Alomomola|Protect|p2a: Alomomola\n|-singleturn|p2a: Alomomola|Protect\n|move|p1a: Thundurus|Knock Off|p2a: Alomomola\n|-activate|p2a: Alomomola|move: Protect\n|\n|-heal|p2a: Alomomola|96\/100|[from] item: Leftovers\n|upkeep\n|turn|4\n|\n|t:|1700325530\n|move|p1a: Thundurus|Knock Off|p2a: Alomomola\n|-damage|p2a: Alomomola|84\/100\n|-enditem|p2a: Alomomola|Leftovers|[from] move: Knock Off|[of] p1a: Thundurus\n|move|p2a: Alomomola|Light Screen|p2a: Alomomola\n|-sidestart|p2: gurkious|move: Light Screen\n|\n|upkeep\n|turn|5\n|\n|t:|1700325548\n|switch|p1a: Garganacl|Garganacl, F|100\/100\n|switch|p2a: Kommo-o|Kommo-o, M|100\/100\n|\n|upkeep\n|turn|6\n|\n|t:|1700325560\n|switch|p1a: Thundurus|Thundurus-Therian, M|100\/100\n|move|p2a: Kommo-o|Clangorous Soul|p2a: Kommo-o\n|-boost|p2a: Kommo-o|atk|1\n|-boost|p2a: Kommo-o|def|1\n|-boost|p2a: Kommo-o|spa|1\n|-boost|p2a: Kommo-o|spd|1\n|-boost|p2a: Kommo-o|spe|1\n|-damage|p2a: Kommo-o|68\/100\n|-enditem|p2a: Kommo-o|Throat Spray\n|-boost|p2a: Kommo-o|spa|1|[from] item: Throat Spray\n|\n|upkeep\n|turn|7\n|c|\u2606gurkious|TOO LATE\n|c|\u2606gurkious|AHHHHHHH AHAHAH\n|\n|t:|1700325580\n|-terastallize|p2a: Kommo-o|Normal\n|-terastallize|p1a: Thundurus|Flying\n|move|p2a: Kommo-o|Boomburst|p1a: Thundurus\n|-crit|p1a: Thundurus\n|-damage|p1a: Thundurus|0 fnt\n|faint|p1a: Thundurus\n|\n|upkeep\n|\n|t:|1700325591\n|switch|p1a: Garganacl|Garganacl, F|100\/100\n|turn|8\n|\n|t:|1700325597\n|move|p2a: Kommo-o|Drain Punch|p1a: Garganacl\n|-supereffective|p1a: Garganacl\n|-damage|p1a: Garganacl|47\/100\n|-heal|p2a: Kommo-o|100\/100|[from] drain|[of] p1a: Garganacl\n|move|p1a: Garganacl|Body Press|p2a: Kommo-o\n|-supereffective|p2a: Kommo-o\n|-damage|p2a: Kommo-o|72\/100\n|\n|-heal|p1a: Garganacl|53\/100|[from] item: Leftovers\n|-sideend|p2: gurkious|move: Light Screen\n|upkeep\n|turn|9\n|\n|t:|1700325602\n|move|p2a: Kommo-o|Drain Punch|p1a: Garganacl\n|-supereffective|p1a: Garganacl\n|-damage|p1a: Garganacl|0 fnt\n|-heal|p2a: Kommo-o|100\/100|[from] drain|[of] p1a: Garganacl\n|faint|p1a: Garganacl\n|\n|upkeep\n|\n|t:|1700325610\n|switch|p1a: Samurott|Samurott-Hisui, F|100\/100\n|turn|10\n|c|\u2606gurkious|hey\n|c|\u2606gurkious|u stil lgot this\n|c|\u2606gurkious|dw\n|c|\u2606gurkious|AHAHA\n|\n|t:|1700325625\n|move|p2a: Kommo-o|Drain Punch|p1a: Samurott\n|-supereffective|p1a: Samurott\n|-damage|p1a: Samurott|0 fnt\n|faint|p1a: Samurott\n|\n|upkeep\n|\n|t:|1700325634\n|switch|p1a: Great Tusk|Great Tusk|100\/100\n|-enditem|p1a: Great Tusk|Booster Energy\n|-activate|p1a: Great Tusk|ability: Protosynthesis|[fromitem]\n|-start|p1a: Great Tusk|protosynthesisatk\n|turn|11\n|\n|t:|1700325641\n|move|p2a: Kommo-o|Boomburst|p1a: Great Tusk\n|-damage|p1a: Great Tusk|0 fnt\n|faint|p1a: Great Tusk\n|-end|p1a: Great Tusk|Protosynthesis|[silent]\n|\n|upkeep\n|\n|t:|1700325647\n|switch|p1a: Maushold|Maushold-Four|100\/100\n|turn|12\n|c|\u2606gurkious|BAAAAAAAAAAAAAAHAHAHA\n|\n|t:|1700325654\n|move|p2a: Kommo-o|Drain Punch|p1a: Maushold\n|-supereffective|p1a: Maushold\n|-damage|p1a: Maushold|0 fnt\n|faint|p1a: Maushold\n|\n|upkeep\n|\n|t:|1700325657\n|switch|p1a: Cinderace|Cinderace, F|87\/100 par\n|turn|13\n|\n|t:|1700325663\n|move|p1a: Cinderace|Sucker Punch|p2a: Kommo-o\n|-start|p1a: Cinderace|typechange|Dark|[from] ability: Libero\n|-damage|p2a: Kommo-o|80\/100\n|move|p2a: Kommo-o|Boomburst|p1a: Cinderace\n|-damage|p1a: Cinderace|0 fnt\n|faint|p1a: Cinderace\n|\n|win|gurkious\n|raw|blanket towel's rating: 1044 &rarr; <strong>1026<\/strong><br \/>(-18 for losing)\n|raw|gurkious's rating: 1022 &rarr; <strong>1061<\/strong><br \/>(+39 for winning)\n","uploadtime":1700325667,"views":10,"p1id":"blankettowel","p2id":"gurkious","formatid":"gen9ou","rating":1026,"private":0,"password":""}