{"id":"gen9ou-1994377166","p1":"lamegazelle","p2":"Dripsona","format":"[Gen 9] OU","log":"|j|\u2606lamegazelle\n|j|\u2606Dripsona\n|t:|1700436949\n|gametype|singles\n|player|p1|lamegazelle|102|1475\n|player|p2|Dripsona|cowgirl|1468\n|teamsize|p1|6\n|teamsize|p2|6\n|gen|9\n|tier|[Gen 9] OU\n|rated|\n|rule|Sleep Clause Mod: Limit one foe put to sleep\n|rule|Species Clause: Limit one of each Pok\u00e9mon\n|rule|OHKO Clause: OHKO moves are banned\n|rule|Evasion Items Clause: Evasion items are banned\n|rule|Evasion Moves Clause: Evasion moves are banned\n|rule|Endless Battle Clause: Forcing endless battles is banned\n|rule|HP Percentage Mod: HP is shown in percentages\n|clearpoke\n|poke|p1|Cinderace, M|\n|poke|p1|Corviknight, F|\n|poke|p1|Heatran, M|\n|poke|p1|Dragonite, F|\n|poke|p1|Ting-Lu|\n|poke|p1|Greninja-*, M|\n|poke|p2|Lilligant-Hisui, F|\n|poke|p2|Torkoal, M|\n|poke|p2|Hatterene, F|\n|poke|p2|Great Tusk|\n|poke|p2|Walking Wake|\n|poke|p2|Iron Moth|\n|teampreview\n|inactive|Battle timer is ON: inactive players will automatically lose when time's up. (requested by Dripsona)\n|\n|t:|1700436972\n|start\n|switch|p1a: Heatran|Heatran, M|100\/100\n|switch|p2a: MMMMMM|Torkoal, M, shiny|100\/100\n|-weather|SunnyDay|[from] ability: Drought|[of] p2a: MMMMMM\n|turn|1\n|\n|t:|1700436981\n|switch|p2a: Drop it|Walking Wake|100\/100\n|-activate|p2a: Drop it|ability: Protosynthesis\n|-start|p2a: Drop it|protosynthesisspa\n|move|p1a: Heatran|Magma Storm|p2a: Drop it\n|-resisted|p2a: Drop it\n|-damage|p2a: Drop it|81\/100\n|-activate|p2a: Drop it|move: Magma Storm|[of] p1a: Heatran\n|\n|-weather|SunnyDay|[upkeep]\n|-damage|p2a: Drop it|69\/100|[from] move: Magma Storm|[partiallytrapped]\n|upkeep\n|turn|2\n|\n|t:|1700436992\n|switch|p1a: Dragonite|Dragonite, F|100\/100\n|move|p2a: Drop it|Hydro Steam|p1a: Dragonite\n|-resisted|p1a: Dragonite\n|-crit|p1a: Dragonite\n|-damage|p1a: Dragonite|62\/100\n|\n|-weather|SunnyDay|[upkeep]\n|-end|p2a: Drop it|Magma Storm|[partiallytrapped]|[silent]\n|upkeep\n|turn|3\n|\n|t:|1700437006\n|-end|p2a: Drop it|Protosynthesis|[silent]\n|switch|p2a: Bop it|Hatterene, F|100\/100\n|move|p1a: Dragonite|Roost|p1a: Dragonite\n|-heal|p1a: Dragonite|100\/100\n|-singleturn|p1a: Dragonite|move: Roost\n|\n|-weather|SunnyDay|[upkeep]\n|upkeep\n|turn|4\n|\n|t:|1700437015\n|switch|p1a: Heatran|Heatran, M|100\/100\n|move|p2a: Bop it|Nuzzle|p1a: Heatran\n|-damage|p1a: Heatran|97\/100\n|-status|p1a: Heatran|par\n|\n|-weather|SunnyDay|[upkeep]\n|-heal|p1a: Heatran|100\/100 par|[from] item: Leftovers\n|upkeep\n|turn|5\n|\n|t:|1700437026\n|switch|p2a: Drop it|Walking Wake|69\/100\n|-activate|p2a: Drop it|ability: Protosynthesis\n|-start|p2a: Drop it|protosynthesisspa\n|cant|p1a: Heatran|par\n|\n|-weather|SunnyDay|[upkeep]\n|upkeep\n|turn|6\n|\n|t:|1700437036\n|switch|p1a: Dragonite|Dragonite, F|100\/100\n|move|p2a: Drop it|Hydro Steam|p1a: Dragonite\n|-resisted|p1a: Dragonite\n|-damage|p1a: Dragonite|75\/100\n|\n|-weather|SunnyDay|[upkeep]\n|upkeep\n|turn|7\n|\n|t:|1700437050\n|-end|p2a: Drop it|Protosynthesis|[silent]\n|switch|p2a: Bop it|Hatterene, F|100\/100\n|move|p1a: Dragonite|Roost|p1a: Dragonite\n|-heal|p1a: Dragonite|100\/100\n|-singleturn|p1a: Dragonite|move: Roost\n|\n|-weather|SunnyDay|[upkeep]\n|upkeep\n|turn|8\n|\n|t:|1700437060\n|switch|p1a: Heatran|Heatran, M|100\/100 par\n|switch|p2a: WHRRRRRR|Great Tusk|100\/100\n|-activate|p2a: WHRRRRRR|ability: Protosynthesis\n|-start|p2a: WHRRRRRR|protosynthesisatk\n|\n|-weather|none\n|-end|p2a: WHRRRRRR|Protosynthesis\n|upkeep\n|turn|9\n|\n|t:|1700437073\n|-end|p2a: WHRRRRRR|Protosynthesis|[silent]\n|switch|p2a: MMMMMM|Torkoal, M, shiny|100\/100\n|-weather|SunnyDay|[from] ability: Drought|[of] p2a: MMMMMM\n|move|p1a: Heatran|Magma Storm|p2a: MMMMMM|[miss]\n|-miss|p1a: Heatran|p2a: MMMMMM\n|\n|-weather|SunnyDay|[upkeep]\n|upkeep\n|turn|10\n|\n|t:|1700437082\n|switch|p2a: Drop it|Walking Wake|69\/100\n|-activate|p2a: Drop it|ability: Protosynthesis\n|-start|p2a: Drop it|protosynthesisspa\n|cant|p1a: Heatran|par\n|\n|-weather|SunnyDay|[upkeep]\n|upkeep\n|turn|11\n|c|\u2606lamegazelle|Come on\n|c|\u2606Dripsona|sry bro\n|\n|t:|1700437100\n|move|p2a: Drop it|Hydro Steam|p1a: Heatran\n|-supereffective|p1a: Heatran\n|-damage|p1a: Heatran|0 fnt\n|faint|p1a: Heatran\n|\n|-weather|SunnyDay|[upkeep]\n|upkeep\n|\n|t:|1700437109\n|switch|p1a: Dragonite|Dragonite, F|100\/100\n|turn|12\n|\n|t:|1700437113\n|-end|p2a: Drop it|Protosynthesis|[silent]\n|switch|p2a: Bop it|Hatterene, F|100\/100\n|move|p1a: Dragonite|Dragon Dance|p1a: Dragonite\n|-boost|p1a: Dragonite|atk|1\n|-boost|p1a: Dragonite|spe|1\n|\n|-weather|SunnyDay|[upkeep]\n|upkeep\n|turn|13\n|\n|t:|1700437120\n|move|p1a: Dragonite|Dragon Dance|p1a: Dragonite\n|-boost|p1a: Dragonite|atk|1\n|-boost|p1a: Dragonite|spe|1\n|move|p2a: Bop it|Nuzzle|p1a: Dragonite\n|-damage|p1a: Dragonite|99\/100\n|-status|p1a: Dragonite|par\n|\n|-weather|SunnyDay|[upkeep]\n|upkeep\n|turn|14\n|\n|t:|1700437129\n|move|p1a: Dragonite|Dragon Dance|p1a: Dragonite\n|-boost|p1a: Dragonite|atk|1\n|-boost|p1a: Dragonite|spe|1\n|move|p2a: Bop it|Dazzling Gleam|p1a: Dragonite\n|-supereffective|p1a: Dragonite\n|-crit|p1a: Dragonite\n|-damage|p1a: Dragonite|13\/100 par\n|-enditem|p1a: Dragonite|Weakness Policy\n|-boost|p1a: Dragonite|atk|2|[from] item: Weakness Policy\n|-boost|p1a: Dragonite|spa|2|[from] item: Weakness Policy\n|\n|-weather|SunnyDay|[upkeep]\n|upkeep\n|turn|15\n|\n|t:|1700437139\n|cant|p1a: Dragonite|par\n|move|p2a: Bop it|Dazzling Gleam|p1a: Dragonite\n|-supereffective|p1a: Dragonite\n|-damage|p1a: Dragonite|0 fnt\n|faint|p1a: Dragonite\n|\n|-weather|SunnyDay|[upkeep]\n|upkeep\n|c|\u2606lamegazelle|Yeah\n|c|\u2606lamegazelle|That\u2019s a great game uh\n|inactive|lamegazelle has 120 seconds left.\n|c|\u2606Dripsona|rng be like that sometimes\n|\n|t:|1700437167\n|switch|p1a: Corviknight|Corviknight, F|100\/100\n|turn|16\n|inactive|Dripsona has 120 seconds left.\n|c|\u2606lamegazelle|Nice to meet you btw\n|c|\u2606Dripsona|u 2\n|\n|t:|1700437219\n|move|p1a: Corviknight|Bulk Up|p1a: Corviknight\n|-boost|p1a: Corviknight|atk|1\n|-boost|p1a: Corviknight|def|1\n|move|p2a: Bop it|Dazzling Gleam|p1a: Corviknight\n|-resisted|p1a: Corviknight\n|-damage|p1a: Corviknight|87\/100\n|\n|-weather|none\n|upkeep\n|turn|17\n|c|\u2606lamegazelle|You seem to be very kind \ud83d\ude09\n|inactive|lamegazelle has 120 seconds left.\n|c|\u2606Dripsona|i dislike rng as much as anyone else\n|\n|t:|1700437251\n|switch|p2a: MMMMMM|Torkoal, M, shiny|100\/100\n|-weather|SunnyDay|[from] ability: Drought|[of] p2a: MMMMMM\n|move|p1a: Corviknight|Brave Bird|p2a: MMMMMM\n|-damage|p2a: MMMMMM|68\/100\n|-damage|p1a: Corviknight|78\/100|[from] Recoil\n|\n|-weather|SunnyDay|[upkeep]\n|upkeep\n|turn|18\n|\n|t:|1700437273\n|switch|p1a: Ting-Lu|Ting-Lu|100\/100\n|-ability|p1a: Ting-Lu|Vessel of Ruin\n|move|p2a: MMMMMM|Lava Plume|p1a: Ting-Lu\n|-damage|p1a: Ting-Lu|85\/100\n|-status|p1a: Ting-Lu|brn\n|\n|-weather|SunnyDay|[upkeep]\n|-heal|p1a: Ting-Lu|91\/100 brn|[from] item: Leftovers\n|-damage|p1a: Ting-Lu|85\/100 brn|[from] brn\n|upkeep\n|turn|19\n|\n|t:|1700437286\n|switch|p2a: Bop it|Hatterene, F|100\/100\n|move|p1a: Ting-Lu|Stealth Rock|p2a: Bop it\n|move|p2a: Bop it|Stealth Rock|p1a: Ting-Lu|[from]ability: Magic Bounce\n|-sidestart|p1: lamegazelle|move: Stealth Rock\n|\n|-weather|SunnyDay|[upkeep]\n|-heal|p1a: Ting-Lu|91\/100 brn|[from] item: Leftovers\n|-damage|p1a: Ting-Lu|85\/100 brn|[from] brn\n|upkeep\n|turn|20\n|\n|t:|1700437297\n|move|p1a: Ting-Lu|Spikes|p2a: Bop it\n|move|p2a: Bop it|Spikes|p1a: Ting-Lu|[from]ability: Magic Bounce\n|-sidestart|p1: lamegazelle|Spikes\n|move|p2a: Bop it|Dazzling Gleam|p1a: Ting-Lu\n|-supereffective|p1a: Ting-Lu\n|-damage|p1a: Ting-Lu|54\/100 brn\n|\n|-weather|SunnyDay|[upkeep]\n|-heal|p1a: Ting-Lu|60\/100 brn|[from] item: Leftovers\n|-damage|p1a: Ting-Lu|54\/100 brn|[from] brn\n|upkeep\n|turn|21\n|\n|t:|1700437308\n|move|p1a: Ting-Lu|Spikes|p2a: Bop it\n|move|p2a: Bop it|Spikes|p1a: Ting-Lu|[from]ability: Magic Bounce\n|-sidestart|p1: lamegazelle|Spikes\n|move|p2a: Bop it|Dazzling Gleam|p1a: Ting-Lu\n|-supereffective|p1a: Ting-Lu\n|-damage|p1a: Ting-Lu|24\/100 brn\n|\n|-weather|SunnyDay|[upkeep]\n|-heal|p1a: Ting-Lu|30\/100 brn|[from] item: Leftovers\n|-damage|p1a: Ting-Lu|24\/100 brn|[from] brn\n|upkeep\n|turn|22\n|\n|t:|1700437321\n|move|p1a: Ting-Lu|Spikes|p2a: Bop it\n|move|p2a: Bop it|Spikes|p1a: Ting-Lu|[from]ability: Magic Bounce\n|-sidestart|p1: lamegazelle|Spikes\n|move|p2a: Bop it|Dazzling Gleam|p1a: Ting-Lu\n|-supereffective|p1a: Ting-Lu\n|-damage|p1a: Ting-Lu|0 fnt\n|faint|p1a: Ting-Lu\n|\n|-weather|SunnyDay|[upkeep]\n|upkeep\n|\n|t:|1700437332\n|switch|p1a: Cinderace|Cinderace, M|100\/100\n|turn|23\n|inactive|Dripsona has 120 seconds left.\n|inactive|Dripsona has 90 seconds left.\n|\n|t:|1700437403\n|move|p1a: Cinderace|Pyro Ball|p2a: Bop it\n|-damage|p2a: Bop it|19\/100\n|-enditem|p2a: Bop it|Eject Button\n|\n|t:|1700437411\n|switch|p2a: WHRRRRRR|Great Tusk|100\/100\n|-activate|p2a: WHRRRRRR|ability: Protosynthesis\n|-start|p2a: WHRRRRRR|protosynthesisatk\n|\n|-weather|SunnyDay|[upkeep]\n|upkeep\n|turn|24\n|\n|t:|1700437427\n|switch|p1a: Corviknight|Corviknight, F|78\/100\n|-damage|p1a: Corviknight|65\/100|[from] Stealth Rock\n|move|p2a: WHRRRRRR|Close Combat|p1a: Corviknight\n|-damage|p1a: Corviknight|3\/100\n|-unboost|p2a: WHRRRRRR|def|1\n|-unboost|p2a: WHRRRRRR|spd|1\n|-damage|p2a: WHRRRRRR|84\/100|[from] item: Rocky Helmet|[of] p1a: Corviknight\n|\n|-weather|none\n|-end|p2a: WHRRRRRR|Protosynthesis\n|upkeep\n|turn|25\n|inactive|Dripsona has 90 seconds left.\n|\n|t:|1700437450\n|move|p2a: WHRRRRRR|Close Combat|p1a: Corviknight\n|-damage|p1a: Corviknight|0 fnt\n|-unboost|p2a: WHRRRRRR|def|1\n|-unboost|p2a: WHRRRRRR|spd|1\n|-damage|p2a: WHRRRRRR|67\/100|[from] item: Rocky Helmet|[of] p1a: Corviknight\n|faint|p1a: Corviknight\n|\n|upkeep\n|\n|t:|1700437459\n|switch|p1a: Cinderace|Cinderace, M|100\/100\n|turn|26\n|\n|t:|1700437474\n|move|p2a: WHRRRRRR|Close Combat|p1a: Cinderace\n|-damage|p1a: Cinderace|12\/100\n|-unboost|p2a: WHRRRRRR|def|1\n|-unboost|p2a: WHRRRRRR|spd|1\n|move|p1a: Cinderace|Court Change|p1a: Cinderace\n|-start|p1a: Cinderace|typechange|Normal|[from] ability: Libero\n|-swapsideconditions\n|-activate|p1a: Cinderace|move: Court Change\n|\n|upkeep\n|turn|27\n|\n|t:|1700437486\n|move|p1a: Cinderace|Sucker Punch|p2a: WHRRRRRR\n|-resisted|p2a: WHRRRRRR\n|-damage|p2a: WHRRRRRR|48\/100\n|move|p2a: WHRRRRRR|Close Combat|p1a: Cinderace\n|-supereffective|p1a: Cinderace\n|-damage|p1a: Cinderace|0 fnt\n|-unboost|p2a: WHRRRRRR|def|1\n|-unboost|p2a: WHRRRRRR|spd|1\n|faint|p1a: Cinderace\n|\n|upkeep\n|\n|t:|1700437495\n|switch|p1a: Greninja|Greninja, M|100\/100\n|turn|28\n|\n|t:|1700437502\n|move|p1a: Greninja|Water Shuriken|p2a: WHRRRRRR\n|-supereffective|p2a: WHRRRRRR\n|-damage|p2a: WHRRRRRR|0 fnt\n|faint|p2a: WHRRRRRR\n|-end|p2a: WHRRRRRR|Protosynthesis|[silent]\n|-ability|p1a: Greninja|Battle Bond|boost\n|-boost|p1a: Greninja|atk|1\n|-boost|p1a: Greninja|spa|1\n|-boost|p1a: Greninja|spe|1\n|-activate|p1a: Greninja|ability: Battle Bond\n|-hitcount|p2: WHRRRRRR|1\n|-damage|p1a: Greninja|91\/100|[from] item: Life Orb\n|\n|upkeep\n|\n|t:|1700437505\n|switch|p2a: MMMMMM|Torkoal, M, shiny|68\/100\n|-damage|p2a: MMMMMM|43\/100|[from] Stealth Rock\n|-damage|p2a: MMMMMM|18\/100|[from] Spikes\n|-weather|SunnyDay|[from] ability: Drought|[of] p2a: MMMMMM\n|turn|29\n|l|\u2606lamegazelle\n|inactive|lamegazelle disconnected and has a minute to reconnect!\n|player|p1|\n|j|\u2606lamegazelle\n|inactive|lamegazelle reconnected and has 105 seconds left.\n|player|p1|lamegazelle|102\n|inactive|Dripsona has 120 seconds left.\n|\n|t:|1700437530\n|move|p1a: Greninja|Dark Pulse|p2a: MMMMMM\n|-damage|p2a: MMMMMM|0 fnt\n|faint|p2a: MMMMMM\n|-damage|p1a: Greninja|81\/100|[from] item: Life Orb\n|\n|-weather|SunnyDay|[upkeep]\n|upkeep\n|\n|t:|1700437534\n|switch|p2a: Volc At Home|Lilligant-Hisui, F, shiny|100\/100\n|-damage|p2a: Volc At Home|94\/100|[from] Stealth Rock\n|-damage|p2a: Volc At Home|70\/100|[from] Spikes\n|turn|30\n|\n|t:|1700437553\n|-terastallize|p2a: Volc At Home|Steel\n|move|p2a: Volc At Home|Victory Dance|p2a: Volc At Home\n|-boost|p2a: Volc At Home|atk|1\n|-boost|p2a: Volc At Home|def|1\n|-boost|p2a: Volc At Home|spe|1\n|move|p1a: Greninja|Ice Beam|p2a: Volc At Home\n|-resisted|p2a: Volc At Home\n|-damage|p2a: Volc At Home|32\/100\n|-damage|p1a: Greninja|71\/100|[from] item: Life Orb\n|\n|-weather|SunnyDay|[upkeep]\n|-heal|p2a: Volc At Home|38\/100|[from] item: Leftovers\n|upkeep\n|turn|31\n|\n|t:|1700437569\n|-terastallize|p1a: Greninja|Water\n|move|p1a: Greninja|Water Shuriken|p2a: Volc At Home\n|-damage|p2a: Volc At Home|24\/100\n|-damage|p2a: Volc At Home|11\/100\n|-damage|p2a: Volc At Home|0 fnt\n|faint|p2a: Volc At Home\n|-hitcount|p2: Volc At Home|3\n|-damage|p1a: Greninja|61\/100|[from] item: Life Orb\n|\n|-weather|SunnyDay|[upkeep]\n|upkeep\n|\n|t:|1700437575\n|switch|p2a: Volc at Home?|Iron Moth|100\/100\n|-damage|p2a: Volc at Home?|76\/100|[from] Stealth Rock\n|-damage|p2a: Volc at Home?|51\/100|[from] Spikes\n|-enditem|p2a: Volc at Home?|Booster Energy\n|-activate|p2a: Volc at Home?|ability: Quark Drive|[fromitem]\n|-start|p2a: Volc at Home?|quarkdrivespe\n|turn|32\n|c|\u2606Dripsona|oh man i threw this ga,e\n|c|\u2606Dripsona|game*\n|\n|t:|1700437587\n|move|p1a: Greninja|Water Shuriken|p2a: Volc at Home?\n|-supereffective|p2a: Volc at Home?\n|-damage|p2a: Volc at Home?|32\/100\n|-supereffective|p2a: Volc at Home?\n|-damage|p2a: Volc at Home?|15\/100\n|-supereffective|p2a: Volc at Home?\n|-damage|p2a: Volc at Home?|0 fnt\n|faint|p2a: Volc at Home?\n|-end|p2a: Volc at Home?|Quark Drive|[silent]\n|-hitcount|p2: Volc at Home?|3\n|-damage|p1a: Greninja|52\/100|[from] item: Life Orb\n|\n|-weather|SunnyDay|[upkeep]\n|upkeep\n|c|\u2606Dripsona|gg\n|-message|Dripsona forfeited.\n|\n|win|lamegazelle\n|raw|lamegazelle's rating: 1475 &rarr; <strong>1495<\/strong><br \/>(+20 for winning)\n|raw|Dripsona's rating: 1468 &rarr; <strong>1448<\/strong><br \/>(-20 for losing)\n|l|\u2606Dripsona\n|c|\u2606lamegazelle|Gg dude\n","uploadtime":1700437620,"views":41,"p1id":"lamegazelle","p2id":"dripsona","formatid":"gen9ou","rating":1448,"private":0,"password":""}