{"id":"gen9ou-1996318249","p1":"PrincessPeacock","p2":"hehemrow","format":"[Gen 9] OU","log":"|j|\u2606PrincessPeacock\n|j|\u2606hehemrow\n|t:|1700670653\n|gametype|singles\n|player|p1|PrincessPeacock|clair|\n|player|p2|hehemrow|lady|\n|teamsize|p1|6\n|teamsize|p2|6\n|gen|9\n|tier|[Gen 9] OU\n|rule|Sleep Clause Mod: Limit one foe put to sleep\n|rule|Species Clause: Limit one of each Pok\u00e9mon\n|rule|OHKO Clause: OHKO moves are banned\n|rule|Evasion Items Clause: Evasion items are banned\n|rule|Evasion Moves Clause: Evasion moves are banned\n|rule|Endless Battle Clause: Forcing endless battles is banned\n|rule|HP Percentage Mod: HP is shown in percentages\n|clearpoke\n|poke|p1|Arcanine-Hisui, M|\n|poke|p1|Farigiraf, F|\n|poke|p1|Garchomp, F|\n|poke|p1|Meowscarada, M|\n|poke|p1|Zapdos|\n|poke|p1|Slowking, M|\n|poke|p2|Qwilfish-Hisui, F|\n|poke|p2|Iron Valiant|\n|poke|p2|Iron Treads|\n|poke|p2|Cresselia, F|\n|poke|p2|Ogerpon-Cornerstone, F|\n|poke|p2|Gengar, F|\n|teampreview\n|\n|t:|1700670660\n|start\n|switch|p1a: Meowscarada|Meowscarada, M|100\/100\n|switch|p2a: Ogerpon|Ogerpon-Cornerstone, F|100\/100\n|turn|1\n|\n|t:|1700670673\n|move|p1a: Meowscarada|Taunt|p2a: Ogerpon\n|-start|p1a: Meowscarada|typechange|Dark|[from] ability: Protean\n|-start|p2a: Ogerpon|move: Taunt\n|move|p2a: Ogerpon|Ivy Cudgel|p1a: Meowscarada|[anim] Ivy Cudgel Rock\n|-damage|p1a: Meowscarada|1\/100\n|\n|upkeep\n|turn|2\n|\n|t:|1700670723\n|move|p1a: Meowscarada|Knock Off|p2a: Ogerpon\n|-damage|p2a: Ogerpon|61\/100\n|move|p2a: Ogerpon|Knock Off|p1a: Meowscarada\n|-resisted|p1a: Meowscarada\n|-damage|p1a: Meowscarada|0 fnt\n|-enditem|p1a: Meowscarada|Chople Berry|[from] move: Knock Off|[of] p2a: Ogerpon\n|faint|p1a: Meowscarada\n|\n|upkeep\n|\n|t:|1700670737\n|switch|p1a: Arcanine|Arcanine-Hisui, M|100\/100\n|-ability|p1a: Arcanine|Intimidate|boost\n|-unboost|p2a: Ogerpon|atk|1\n|turn|3\n|\n|t:|1700670759\n|move|p2a: Ogerpon|Ivy Cudgel|p1a: Arcanine|[anim] Ivy Cudgel Rock\n|-supereffective|p1a: Arcanine\n|-damage|p1a: Arcanine|42\/100\n|move|p1a: Arcanine|Will-O-Wisp|p2a: Ogerpon\n|-status|p2a: Ogerpon|brn\n|\n|-damage|p2a: Ogerpon|55\/100 brn|[from] brn\n|-end|p2a: Ogerpon|move: Taunt\n|upkeep\n|turn|4\n|\n|t:|1700670780\n|move|p2a: Ogerpon|Ivy Cudgel|p1a: Arcanine|[anim] Ivy Cudgel Rock\n|-supereffective|p1a: Arcanine\n|-damage|p1a: Arcanine|13\/100\n|move|p1a: Arcanine|Close Combat|p2a: Ogerpon\n|-supereffective|p2a: Ogerpon\n|-damage|p2a: Ogerpon|0 fnt\n|-unboost|p1a: Arcanine|def|1\n|-unboost|p1a: Arcanine|spd|1\n|-enditem|p1a: Arcanine|Eject Pack\n|faint|p2a: Ogerpon\n|\n|t:|1700670791\n|switch|p1a: Slowking|Slowking, M|100\/100\n|\n|upkeep\n|\n|t:|1700670808\n|switch|p2a: Cresselia|Cresselia, F|100\/100\n|turn|5\n|\n|t:|1700670813\n|move|p2a: Cresselia|Calm Mind|p2a: Cresselia\n|-boost|p2a: Cresselia|spa|1\n|-boost|p2a: Cresselia|spd|1\n|move|p1a: Slowking|Thunder Wave|p2a: Cresselia\n|-status|p2a: Cresselia|par\n|\n|upkeep\n|turn|6\n|\n|t:|1700670830\n|move|p2a: Cresselia|Calm Mind|p2a: Cresselia\n|-boost|p2a: Cresselia|spa|1\n|-boost|p2a: Cresselia|spd|1\n|move|p1a: Slowking|Future Sight|p2a: Cresselia\n|-start|p1a: Slowking|move: Future Sight\n|\n|upkeep\n|turn|7\n|\n|t:|1700670847\n|move|p2a: Cresselia|Calm Mind|p2a: Cresselia\n|-boost|p2a: Cresselia|spa|1\n|-boost|p2a: Cresselia|spd|1\n|move|p1a: Slowking|Chilly Reception|p1a: Slowking\n|-weather|Snow\n|\n|t:|1700670850\n|switch|p1a: Farigiraf|Farigiraf, F|100\/100|[from] Chilly Reception\n|\n|-weather|Snow|[upkeep]\n|upkeep\n|turn|8\n|\n|t:|1700670869\n|move|p2a: Cresselia|Calm Mind|p2a: Cresselia\n|-boost|p2a: Cresselia|spa|1\n|-boost|p2a: Cresselia|spd|1\n|move|p1a: Farigiraf|Roar|p2a: Cresselia\n|drag|p2a: Iron Valiant|Iron Valiant|100\/100\n|\n|-weather|Snow|[upkeep]\n|-end|p2a: Iron Valiant|move: Future Sight\n|-supereffective|p2a: Iron Valiant\n|-damage|p2a: Iron Valiant|0 fnt\n|faint|p2a: Iron Valiant\n|-end|p2a: Iron Valiant|Quark Drive|[silent]\n|upkeep\n|\n|t:|1700670887\n|switch|p2a: Gengar|Gengar, F|100\/100\n|turn|9\n|\n|t:|1700670903\n|move|p2a: Gengar|Substitute|p2a: Gengar\n|-start|p2a: Gengar|Substitute\n|-damage|p2a: Gengar|76\/100\n|move|p1a: Farigiraf|Future Sight|p2a: Gengar\n|-start|p1a: Farigiraf|move: Future Sight\n|\n|-weather|Snow|[upkeep]\n|-heal|p2a: Gengar|82\/100|[from] item: Black Sludge\n|upkeep\n|turn|10\n|\n|t:|1700670912\n|move|p2a: Gengar|Sludge Bomb|p1a: Farigiraf\n|-damage|p1a: Farigiraf|69\/100\n|move|p1a: Farigiraf|Roar|p2a: Gengar\n|drag|p2a: Qwilfish|Qwilfish-Hisui, F|100\/100\n|-ability|p2a: Qwilfish|Intimidate|boost\n|-unboost|p1a: Farigiraf|atk|1\n|\n|-weather|Snow|[upkeep]\n|-heal|p1a: Farigiraf|75\/100|[from] item: Leftovers\n|upkeep\n|turn|11\n|\n|t:|1700670928\n|move|p2a: Qwilfish|Crunch|p1a: Farigiraf\n|-supereffective|p1a: Farigiraf\n|-damage|p1a: Farigiraf|19\/100\n|move|p1a: Farigiraf|Roar|p2a: Qwilfish\n|drag|p2a: Cresselia|Cresselia, F|100\/100 par\n|\n|-weather|none\n|-end|p2a: Cresselia|move: Future Sight\n|-resisted|p2a: Cresselia\n|-damage|p2a: Cresselia|87\/100 par\n|-heal|p1a: Farigiraf|25\/100|[from] item: Leftovers\n|-heal|p2a: Cresselia|93\/100 par|[from] item: Leftovers\n|upkeep\n|turn|12\n|\n|t:|1700670941\n|move|p1a: Farigiraf|Wish|p1a: Farigiraf\n|move|p2a: Cresselia|Moonblast|p1a: Farigiraf\n|-damage|p1a: Farigiraf|14\/100\n|\n|-heal|p1a: Farigiraf|20\/100|[from] item: Leftovers\n|-heal|p2a: Cresselia|99\/100 par|[from] item: Leftovers\n|upkeep\n|turn|13\n|\n|t:|1700670955\n|switch|p1a: Arcanine|Arcanine-Hisui, M|13\/100\n|-ability|p1a: Arcanine|Intimidate|boost\n|-unboost|p2a: Cresselia|atk|1\n|cant|p2a: Cresselia|par\n|\n|-heal|p1a: Arcanine|70\/100|[from] move: Wish|[wisher] Farigiraf\n|-heal|p2a: Cresselia|100\/100 par|[from] item: Leftovers\n|upkeep\n|turn|14\n|\n|t:|1700670974\n|switch|p2a: Qwilfish|Qwilfish-Hisui, F|100\/100\n|-ability|p2a: Qwilfish|Intimidate|boost\n|-unboost|p1a: Arcanine|atk|1\n|move|p1a: Arcanine|Overheat|p2a: Qwilfish\n|-damage|p2a: Qwilfish|56\/100\n|-unboost|p1a: Arcanine|spa|2\n|\n|upkeep\n|turn|15\n|\n|t:|1700670991\n|switch|p1a: Zapdos|Zapdos|100\/100\n|move|p2a: Qwilfish|Crunch|p1a: Zapdos\n|-damage|p1a: Zapdos|70\/100\n|\n|upkeep\n|turn|16\n|\n|t:|1700671008\n|switch|p2a: Cresselia|Cresselia, F|100\/100 par\n|move|p1a: Zapdos|Hurricane|p2a: Cresselia\n|-crit|p2a: Cresselia\n|-damage|p2a: Cresselia|43\/100 par\n|\n|-heal|p2a: Cresselia|49\/100 par|[from] item: Leftovers\n|upkeep\n|turn|17\n|\n|t:|1700671017\n|move|p1a: Zapdos|Hurricane|p2a: Cresselia\n|-damage|p2a: Cresselia|12\/100 par\n|-start|p2a: Cresselia|confusion\n|-activate|p2a: Cresselia|confusion\n|move|p2a: Cresselia|Moonlight|p2a: Cresselia\n|-heal|p2a: Cresselia|62\/100 par\n|\n|-heal|p2a: Cresselia|68\/100 par|[from] item: Leftovers\n|upkeep\n|turn|18\n|\n|t:|1700671029\n|move|p1a: Zapdos|U-turn|p2a: Cresselia\n|-supereffective|p2a: Cresselia\n|-damage|p2a: Cresselia|53\/100 par\n|\n|t:|1700671030\n|switch|p1a: Garchomp|Garchomp, F|100\/100|[from] U-turn\n|-activate|p2a: Cresselia|confusion\n|move|p2a: Cresselia|Moonlight|p2a: Cresselia\n|-heal|p2a: Cresselia|100\/100 par\n|\n|upkeep\n|turn|19\n|\n|t:|1700671115\n|switch|p2a: Iron Treads|Iron Treads|100\/100\n|move|p1a: Garchomp|Swords Dance|p1a: Garchomp\n|-boost|p1a: Garchomp|atk|2\n|\n|upkeep\n|turn|20\n|\n|t:|1700671165\n|move|p2a: Iron Treads|Earthquake|p1a: Garchomp\n|-damage|p1a: Garchomp|51\/100\n|move|p1a: Garchomp|Scale Shot|p2a: Iron Treads\n|-resisted|p2a: Iron Treads\n|-damage|p2a: Iron Treads|89\/100\n|-resisted|p2a: Iron Treads\n|-damage|p2a: Iron Treads|76\/100\n|-resisted|p2a: Iron Treads\n|-damage|p2a: Iron Treads|65\/100\n|-resisted|p2a: Iron Treads\n|-damage|p2a: Iron Treads|53\/100\n|-resisted|p2a: Iron Treads\n|-damage|p2a: Iron Treads|40\/100\n|-hitcount|p2a: Iron Treads|5\n|-unboost|p1a: Garchomp|def|1\n|-boost|p1a: Garchomp|spe|1\n|\n|upkeep\n|turn|21\n|\n|t:|1700671187\n|move|p1a: Garchomp|Earthquake|p2a: Iron Treads\n|-supereffective|p2a: Iron Treads\n|-damage|p2a: Iron Treads|0 fnt\n|faint|p2a: Iron Treads\n|-end|p2a: Iron Treads|Quark Drive|[silent]\n|\n|upkeep\n|\n|t:|1700671192\n|switch|p2a: Qwilfish|Qwilfish-Hisui, F|56\/100\n|-ability|p2a: Qwilfish|Intimidate|boost\n|-unboost|p1a: Garchomp|atk|1\n|turn|22\n|\n|t:|1700671202\n|move|p1a: Garchomp|Earthquake|p2a: Qwilfish\n|-supereffective|p2a: Qwilfish\n|-damage|p2a: Qwilfish|0 fnt\n|faint|p2a: Qwilfish\n|\n|upkeep\n|\n|t:|1700671207\n|switch|p2a: Gengar|Gengar, F|82\/100\n|turn|23\n|\n|t:|1700671212\n|switch|p2a: Cresselia|Cresselia, F|100\/100 par\n|move|p1a: Garchomp|Earthquake|p2a: Cresselia\n|-immune|p2a: Cresselia|[from] ability: Levitate\n|\n|upkeep\n|turn|24\n|\n|t:|1700671231\n|switch|p1a: Slowking|Slowking, M|100\/100\n|move|p2a: Cresselia|Moonblast|p1a: Slowking\n|-damage|p1a: Slowking|90\/100\n|\n|-heal|p1a: Slowking|96\/100|[from] item: Leftovers\n|upkeep\n|turn|25\n|\n|t:|1700671243\n|cant|p2a: Cresselia|par\n|move|p1a: Slowking|Chilly Reception|p1a: Slowking\n|-weather|Snow\n|\n|t:|1700671247\n|switch|p1a: Farigiraf|Farigiraf, F|20\/100|[from] Chilly Reception\n|\n|-weather|Snow|[upkeep]\n|-heal|p1a: Farigiraf|26\/100|[from] item: Leftovers\n|upkeep\n|turn|26\n|\n|t:|1700671263\n|switch|p2a: Gengar|Gengar, F|82\/100\n|move|p1a: Farigiraf|Future Sight|p2a: Gengar\n|-start|p1a: Farigiraf|move: Future Sight\n|\n|-weather|Snow|[upkeep]\n|-heal|p2a: Gengar|88\/100|[from] item: Black Sludge\n|-heal|p1a: Farigiraf|32\/100|[from] item: Leftovers\n|upkeep\n|turn|27\n|\n|t:|1700671269\n|move|p1a: Farigiraf|Protect|p1a: Farigiraf\n|-singleturn|p1a: Farigiraf|Protect\n|move|p2a: Gengar|Sludge Bomb|p1a: Farigiraf\n|-activate|p1a: Farigiraf|move: Protect\n|\n|-weather|Snow|[upkeep]\n|-heal|p2a: Gengar|94\/100|[from] item: Black Sludge\n|-heal|p1a: Farigiraf|38\/100|[from] item: Leftovers\n|upkeep\n|turn|28\n|\n|t:|1700671282\n|move|p2a: Gengar|Sludge Bomb|p1a: Farigiraf\n|-damage|p1a: Farigiraf|5\/100\n|move|p1a: Farigiraf|Roar|p2a: Gengar\n|drag|p2a: Cresselia|Cresselia, F|100\/100 par\n|\n|-weather|Snow|[upkeep]\n|-end|p2a: Cresselia|move: Future Sight\n|-resisted|p2a: Cresselia\n|-damage|p2a: Cresselia|85\/100 par\n|-heal|p1a: Farigiraf|12\/100|[from] item: Leftovers\n|-heal|p2a: Cresselia|91\/100 par|[from] item: Leftovers\n|upkeep\n|turn|29\n|\n|t:|1700671306\n|move|p1a: Farigiraf|Protect|p1a: Farigiraf\n|-singleturn|p1a: Farigiraf|Protect\n|move|p2a: Cresselia|Moonblast|p1a: Farigiraf\n|-activate|p1a: Farigiraf|move: Protect\n|\n|-weather|none\n|-heal|p1a: Farigiraf|18\/100|[from] item: Leftovers\n|-heal|p2a: Cresselia|97\/100 par|[from] item: Leftovers\n|upkeep\n|turn|30\n|\n|t:|1700671310\n|move|p1a: Farigiraf|Wish|p1a: Farigiraf\n|move|p2a: Cresselia|Moonblast|p1a: Farigiraf\n|-damage|p1a: Farigiraf|6\/100\n|\n|-heal|p1a: Farigiraf|12\/100|[from] item: Leftovers\n|-heal|p2a: Cresselia|100\/100 par|[from] item: Leftovers\n|upkeep\n|turn|31\n|\n|t:|1700671325\n|move|p1a: Farigiraf|Protect|p1a: Farigiraf\n|-singleturn|p1a: Farigiraf|Protect\n|cant|p2a: Cresselia|par\n|\n|-heal|p1a: Farigiraf|62\/100|[from] move: Wish|[wisher] Farigiraf\n|-heal|p1a: Farigiraf|68\/100|[from] item: Leftovers\n|upkeep\n|turn|32\n|\n|t:|1700671331\n|move|p1a: Farigiraf|Future Sight|p2a: Cresselia\n|-start|p1a: Farigiraf|move: Future Sight\n|cant|p2a: Cresselia|par\n|\n|-heal|p1a: Farigiraf|74\/100|[from] item: Leftovers\n|upkeep\n|turn|33\n|\n|t:|1700671335\n|move|p1a: Farigiraf|Wish|p1a: Farigiraf\n|cant|p2a: Cresselia|par\n|\n|-heal|p1a: Farigiraf|80\/100|[from] item: Leftovers\n|upkeep\n|turn|34\n|\n|t:|1700671342\n|move|p2a: Cresselia|Calm Mind|p2a: Cresselia\n|-boost|p2a: Cresselia|spa|1\n|-boost|p2a: Cresselia|spd|1\n|move|p1a: Farigiraf|Roar|p2a: Cresselia\n|drag|p2a: Gengar|Gengar, F|94\/100\n|\n|-end|p2a: Gengar|move: Future Sight\n|-supereffective|p2a: Gengar\n|-damage|p2a: Gengar|0 fnt\n|faint|p2a: Gengar\n|-heal|p1a: Farigiraf|100\/100|[from] move: Wish|[wisher] Farigiraf\n|upkeep\n|\n|t:|1700671348\n|switch|p2a: Cresselia|Cresselia, F|100\/100 par\n|turn|35\n|-message|hehemrow forfeited.\n|\n|win|PrincessPeacock\n|l|\u2606hehemrow\n","uploadtime":1700671419,"views":9,"p1id":"princesspeacock","p2id":"hehemrow","formatid":"gen9ou","rating":0,"private":0,"password":""}