{"id":"gen9ou-1991027305","p1":"capragi9999","p2":"chainstench","format":"[Gen 9] OU","log":"|j|\u2606capragi9999\n|j|\u2606chainstench\n|t:|1700030472\n|gametype|singles\n|player|p1|capragi9999|101|1122\n|player|p2|chainstench|102|1086\n|teamsize|p1|6\n|teamsize|p2|6\n|gen|9\n|tier|[Gen 9] OU\n|rated|\n|rule|Sleep Clause Mod: Limit one foe put to sleep\n|rule|Species Clause: Limit one of each Pok\u00e9mon\n|rule|OHKO Clause: OHKO moves are banned\n|rule|Evasion Items Clause: Evasion items are banned\n|rule|Evasion Moves Clause: Evasion moves are banned\n|rule|Endless Battle Clause: Forcing endless battles is banned\n|rule|HP Percentage Mod: HP is shown in percentages\n|clearpoke\n|poke|p1|Dragapult, M|\n|poke|p1|Great Tusk|\n|poke|p1|Iron Hands|\n|poke|p1|Corviknight, M|\n|poke|p1|Clodsire, M|\n|poke|p1|Grimmsnarl, M|\n|poke|p2|Blissey, F|\n|poke|p2|Mew|\n|poke|p2|Alomomola, M|\n|poke|p2|Dondozo, M|\n|poke|p2|Garganacl, M|\n|poke|p2|Glimmora, F|\n|teampreview\n|inactive|Battle timer is ON: inactive players will automatically lose when time's up. (requested by chainstench)\n|\n|t:|1700030479\n|start\n|switch|p1a: Grimmsnarl|Grimmsnarl, M|100\/100\n|switch|p2a: Mew|Mew|100\/100\n|turn|1\n|\n|t:|1700030486\n|move|p1a: Grimmsnarl|Taunt|p2a: Mew\n|-start|p2a: Mew|move: Taunt\n|cant|p2a: Mew|move: Taunt|Will-O-Wisp\n|\n|upkeep\n|turn|2\n|\n|t:|1700030495\n|switch|p2a: Glimmora|Glimmora, F|100\/100\n|move|p1a: Grimmsnarl|Light Screen|p1a: Grimmsnarl\n|-sidestart|p1: capragi9999|move: Light Screen\n|\n|upkeep\n|turn|3\n|\n|t:|1700030500\n|move|p1a: Grimmsnarl|Taunt|p2a: Glimmora\n|-start|p2a: Glimmora|move: Taunt\n|move|p2a: Glimmora|Mortal Spin|p1a: Grimmsnarl\n|-supereffective|p1a: Grimmsnarl\n|-damage|p1a: Grimmsnarl|82\/100\n|-status|p1a: Grimmsnarl|psn\n|\n|-damage|p1a: Grimmsnarl|70\/100 psn|[from] psn\n|upkeep\n|turn|4\n|inactive|capragi9999 has 120 seconds left.\n|\n|t:|1700030535\n|move|p1a: Grimmsnarl|Parting Shot|p2a: Glimmora\n|-unboost|p2a: Glimmora|atk|1\n|-unboost|p2a: Glimmora|spa|1\n|\n|t:|1700030538\n|switch|p1a: Clodsire|Clodsire, M, shiny|100\/100|[from] Parting Shot\n|move|p2a: Glimmora|Dazzling Gleam|p1a: Clodsire\n|-resisted|p1a: Clodsire\n|-damage|p1a: Clodsire|98\/100\n|\n|-heal|p1a: Clodsire|100\/100|[from] item: Leftovers\n|upkeep\n|turn|5\n|inactive|chainstench has 120 seconds left.\n|\n|t:|1700030579\n|switch|p2a: Mew|Mew|100\/100\n|move|p1a: Clodsire|Stealth Rock|p2a: Mew\n|-sidestart|p2: chainstench|move: Stealth Rock\n|\n|upkeep\n|turn|6\n|\n|t:|1700030589\n|move|p2a: Mew|Toxic Spikes|p1a: Clodsire\n|-sidestart|p1: capragi9999|move: Toxic Spikes\n|move|p1a: Clodsire|Yawn|p2a: Mew\n|-start|p2a: Mew|move: Yawn|[of] p1a: Clodsire\n|\n|upkeep\n|turn|7\n|\n|t:|1700030595\n|move|p1a: Clodsire|Earthquake|p2a: Mew\n|-damage|p2a: Mew|79\/100\n|-enditem|p2a: Mew|Red Card|[of] p1a: Clodsire\n|drag|p1a: Great Tusk|Great Tusk|100\/100\n|move|p2a: Mew|Dragon Tail|p1a: Great Tusk\n|-damage|p1a: Great Tusk|91\/100\n|-end|p1a: Great Tusk|Protosynthesis|[silent]\n|drag|p1a: Iron Hands|Iron Hands|100\/100\n|-status|p1a: Iron Hands|psn\n|-enditem|p1a: Iron Hands|Booster Energy\n|-activate|p1a: Iron Hands|ability: Quark Drive|[fromitem]\n|-start|p1a: Iron Hands|quarkdriveatk\n|\n|-damage|p1a: Iron Hands|88\/100 psn|[from] psn\n|-end|p2a: Mew|move: Yawn|[silent]\n|-status|p2a: Mew|slp\n|upkeep\n|turn|8\n|inactive|chainstench has 120 seconds left.\n|\n|t:|1700030610\n|switch|p2a: Glimmora|Glimmora, F|100\/100\n|move|p1a: Iron Hands|Swords Dance|p1a: Iron Hands\n|-boost|p1a: Iron Hands|atk|2\n|\n|-damage|p1a: Iron Hands|76\/100 psn|[from] psn\n|upkeep\n|turn|9\n|inactive|chainstench has 120 seconds left.\n|\n|t:|1700030622\n|-terastallize|p2a: Glimmora|Flying\n|move|p2a: Glimmora|Mortal Spin|p1a: Iron Hands\n|-damage|p1a: Iron Hands|71\/100 psn\n|-sideend|p2: chainstench|Stealth Rock|[from] move: Mortal Spin|[of] p2a: Glimmora\n|move|p1a: Iron Hands|Drain Punch|p2a: Glimmora\n|-resisted|p2a: Glimmora\n|-damage|p2a: Glimmora|32\/100\n|-heal|p1a: Iron Hands|93\/100 psn|[from] drain|[of] p2a: Glimmora\n|-activate|p2a: Glimmora|ability: Toxic Debris\n|-sidestart|p1: capragi9999|move: Toxic Spikes\n|\n|-damage|p1a: Iron Hands|81\/100 psn|[from] psn\n|-sideend|p1: capragi9999|move: Light Screen\n|upkeep\n|turn|10\n|inactive|chainstench has 120 seconds left.\n|\n|t:|1700030634\n|move|p2a: Glimmora|Spiky Shield|p2a: Glimmora\n|-singleturn|p2a: Glimmora|move: Protect\n|move|p1a: Iron Hands|Ice Punch|p2a: Glimmora\n|-activate|p2a: Glimmora|move: Protect\n|-damage|p1a: Iron Hands|69\/100 psn|[from] Spiky Shield|[of] p2a: Glimmora\n|\n|-damage|p1a: Iron Hands|56\/100 psn|[from] psn\n|upkeep\n|turn|11\n|inactive|chainstench has 120 seconds left.\n|\n|t:|1700030644\n|move|p2a: Glimmora|Dazzling Gleam|p1a: Iron Hands\n|-supereffective|p1a: Iron Hands\n|-damage|p1a: Iron Hands|9\/100 psn\n|move|p1a: Iron Hands|Drain Punch|p2a: Glimmora\n|-resisted|p2a: Glimmora\n|-damage|p2a: Glimmora|0 fnt\n|-heal|p1a: Iron Hands|19\/100 psn|[from] drain|[of] p2a: Glimmora\n|faint|p2a: Glimmora\n|\n|-damage|p1a: Iron Hands|7\/100 psn|[from] psn\n|upkeep\n|inactive|chainstench has 120 seconds left.\n|\n|t:|1700030664\n|switch|p2a: Mew|Mew|79\/100 slp\n|turn|12\n|\n|t:|1700030673\n|move|p1a: Iron Hands|Drain Punch|p2a: Mew\n|-resisted|p2a: Mew\n|-damage|p2a: Mew|28\/100 slp\n|-heal|p1a: Iron Hands|28\/100 psn|[from] drain|[of] p2a: Mew\n|cant|p2a: Mew|slp\n|\n|-damage|p1a: Iron Hands|16\/100 psn|[from] psn\n|upkeep\n|turn|13\n|inactive|chainstench has 120 seconds left.\n|\n|t:|1700030682\n|move|p1a: Iron Hands|Drain Punch|p2a: Mew\n|-resisted|p2a: Mew\n|-damage|p2a: Mew|0 fnt\n|-heal|p1a: Iron Hands|27\/100 psn|[from] drain|[of] p2a: Mew\n|faint|p2a: Mew\n|\n|-damage|p1a: Iron Hands|15\/100 psn|[from] psn\n|upkeep\n|inactive|chainstench has 120 seconds left.\n|\n|t:|1700030691\n|switch|p2a: Garganacl|Garganacl, M|100\/100\n|turn|14\n|\n|t:|1700030699\n|switch|p2a: Dondozo|Dondozo, M|100\/100\n|move|p1a: Iron Hands|Drain Punch|p2a: Dondozo\n|-damage|p2a: Dondozo|75\/100\n|-heal|p1a: Iron Hands|28\/100 psn|[from] drain|[of] p2a: Dondozo\n|\n|-heal|p2a: Dondozo|82\/100|[from] item: Leftovers\n|-damage|p1a: Iron Hands|16\/100 psn|[from] psn\n|upkeep\n|turn|15\n|\n|t:|1700030710\n|move|p1a: Iron Hands|Thunder Punch|p2a: Dondozo\n|-supereffective|p2a: Dondozo\n|-damage|p2a: Dondozo|27\/100\n|move|p2a: Dondozo|Yawn||[still]\n|-fail|p2a: Dondozo\n|\n|-heal|p2a: Dondozo|33\/100|[from] item: Leftovers\n|-damage|p1a: Iron Hands|3\/100 psn|[from] psn\n|upkeep\n|turn|16\n|\n|t:|1700030718\n|switch|p2a: Garganacl|Garganacl, M|100\/100\n|move|p1a: Iron Hands|Drain Punch|p2a: Garganacl\n|-supereffective|p2a: Garganacl\n|-damage|p2a: Garganacl|0 fnt\n|-heal|p1a: Iron Hands|46\/100 psn|[from] drain|[of] p2a: Garganacl\n|faint|p2a: Garganacl\n|\n|-damage|p1a: Iron Hands|33\/100 psn|[from] psn\n|upkeep\n|-message|chainstench forfeited.\n|\n|win|capragi9999\n|raw|capragi9999's rating: 1122 &rarr; <strong>1144<\/strong><br \/>(+22 for winning)\n|raw|chainstench's rating: 1086 &rarr; <strong>1065<\/strong><br \/>(-21 for losing)\n|l|\u2606chainstench\n","uploadtime":1700030731,"views":6,"p1id":"capragi9999","p2id":"chainstench","formatid":"gen9ou","rating":1065,"private":0,"password":""}