{"id":"gen9ou-1989964155","p1":"Stads","p2":"apoiguespm","format":"[Gen 9] OU","log":"|j|\u2606Stads\n|j|\u2606apoiguespm\n|t:|1699910714\n|gametype|singles\n|player|p1|Stads|170|1822\n|player|p2|apoiguespm|cyrus|1837\n|teamsize|p1|6\n|teamsize|p2|6\n|gen|9\n|tier|[Gen 9] OU\n|rated|\n|rule|Sleep Clause Mod: Limit one foe put to sleep\n|rule|Species Clause: Limit one of each Pok\u00e9mon\n|rule|OHKO Clause: OHKO moves are banned\n|rule|Evasion Items Clause: Evasion items are banned\n|rule|Evasion Moves Clause: Evasion moves are banned\n|rule|Endless Battle Clause: Forcing endless battles is banned\n|rule|HP Percentage Mod: HP is shown in percentages\n|clearpoke\n|poke|p1|Cinderace, M|\n|poke|p1|Muk-Alola, F|\n|poke|p1|Dondozo, F|\n|poke|p1|Landorus-Therian, M|\n|poke|p1|Zamazenta-*|\n|poke|p1|Scream Tail|\n|poke|p2|Gholdengo|\n|poke|p2|Iron Valiant|\n|poke|p2|Great Tusk|\n|poke|p2|Kingambit, F|\n|poke|p2|Dragonite, F|\n|poke|p2|Samurott-Hisui, F|\n|teampreview\n|inactive|Battle timer is ON: inactive players will automatically lose when time's up. (requested by apoiguespm)\n|j| ladyoouf\n|\n|t:|1699910729\n|start\n|switch|p1a: Scream Tail|Scream Tail|100\/100\n|switch|p2a: Gholdengo|Gholdengo, shiny|100\/100\n|turn|1\n|\n|t:|1699910736\n|move|p1a: Scream Tail|Protect|p1a: Scream Tail\n|-singleturn|p1a: Scream Tail|Protect\n|move|p2a: Gholdengo|Make It Rain|p1a: Scream Tail\n|-activate|p1a: Scream Tail|move: Protect\n|\n|upkeep\n|turn|2\n|\n|t:|1699910742\n|-end|p1a: Scream Tail|Protosynthesis|[silent]\n|switch|p1a: Cinderace|Cinderace, M|100\/100\n|switch|p2a: Great Tusk|Great Tusk, shiny|100\/100\n|\n|upkeep\n|turn|3\n|\n|t:|1699910746\n|move|p1a: Cinderace|Will-O-Wisp|p2a: Great Tusk\n|-status|p2a: Great Tusk|brn\n|move|p2a: Great Tusk|Earthquake|p1a: Cinderace\n|-supereffective|p1a: Cinderace\n|-damage|p1a: Cinderace|33\/100\n|\n|-damage|p2a: Great Tusk|94\/100 brn|[from] brn\n|upkeep\n|turn|4\n|\n|t:|1699910749\n|move|p1a: Cinderace|U-turn|p2a: Great Tusk\n|-resisted|p2a: Great Tusk\n|-damage|p2a: Great Tusk|87\/100 brn\n|\n|t:|1699910752\n|switch|p1a: Landorus|Landorus-Therian, M|100\/100|[from] U-turn\n|-ability|p1a: Landorus|Intimidate|boost\n|-unboost|p2a: Great Tusk|atk|1\n|move|p2a: Great Tusk|Ice Spinner|p1a: Landorus\n|-supereffective|p1a: Landorus\n|-damage|p1a: Landorus|74\/100\n|-damage|p2a: Great Tusk|71\/100 brn|[from] item: Rocky Helmet|[of] p1a: Landorus\n|\n|-damage|p2a: Great Tusk|64\/100 brn|[from] brn\n|upkeep\n|turn|5\n|j| AnulaLaluna\n|j| Large_Rodent\n|\n|t:|1699910757\n|move|p2a: Great Tusk|Ice Spinner|p1a: Landorus\n|-supereffective|p1a: Landorus\n|-damage|p1a: Landorus|48\/100\n|-damage|p2a: Great Tusk|48\/100 brn|[from] item: Rocky Helmet|[of] p1a: Landorus\n|move|p1a: Landorus|U-turn|p2a: Great Tusk\n|-resisted|p2a: Great Tusk\n|-damage|p2a: Great Tusk|40\/100 brn\n|j| HotheadIsTheGoat\n|\n|t:|1699910761\n|switch|p1a: Scream Tail|Scream Tail|100\/100|[from] U-turn\n|\n|-damage|p2a: Great Tusk|34\/100 brn|[from] brn\n|upkeep\n|turn|6\n|\n|t:|1699910764\n|-end|p2a: Great Tusk|Protosynthesis|[silent]\n|switch|p2a: Gholdengo|Gholdengo, shiny|100\/100\n|move|p1a: Scream Tail|Wish|p1a: Scream Tail\n|\n|upkeep\n|turn|7\n|\n|t:|1699910768\n|-end|p1a: Scream Tail|Protosynthesis|[silent]\n|switch|p1a: Muk|Muk-Alola, F|100\/100\n|move|p2a: Gholdengo|Make It Rain|p1a: Muk\n|-damage|p1a: Muk|42\/100\n|-unboost|p2a: Gholdengo|spa|1\n|\n|-heal|p1a: Muk|92\/100|[from] move: Wish|[wisher] Scream Tail\n|-heal|p1a: Muk|98\/100|[from] item: Leftovers\n|upkeep\n|turn|8\n|\n|t:|1699910775\n|switch|p2a: Great Tusk|Great Tusk, shiny|34\/100 brn\n|switch|p1a: Scream Tail|Scream Tail|100\/100\n|\n|-damage|p2a: Great Tusk|28\/100 brn|[from] brn\n|upkeep\n|turn|9\n|\n|t:|1699910777\n|move|p1a: Scream Tail|Dazzling Gleam|p2a: Great Tusk\n|-supereffective|p2a: Great Tusk\n|-damage|p2a: Great Tusk|0 fnt\n|faint|p2a: Great Tusk\n|-end|p2a: Great Tusk|Protosynthesis|[silent]\n|\n|upkeep\n|\n|t:|1699910782\n|switch|p2a: Gholdengo|Gholdengo, shiny|100\/100\n|turn|10\n|\n|t:|1699910784\n|move|p1a: Scream Tail|Protect|p1a: Scream Tail\n|-singleturn|p1a: Scream Tail|Protect\n|move|p2a: Gholdengo|Make It Rain|p1a: Scream Tail\n|-activate|p1a: Scream Tail|move: Protect\n|\n|upkeep\n|turn|11\n|\n|t:|1699910787\n|-end|p1a: Scream Tail|Protosynthesis|[silent]\n|switch|p1a: Muk|Muk-Alola, F|98\/100\n|move|p2a: Gholdengo|Make It Rain|p1a: Muk\n|-damage|p1a: Muk|38\/100\n|-unboost|p2a: Gholdengo|spa|1\n|\n|-heal|p1a: Muk|44\/100|[from] item: Leftovers\n|upkeep\n|turn|12\n|\n|t:|1699910791\n|switch|p2a: Samurott|Samurott-Hisui, F, shiny|100\/100\n|move|p1a: Muk|Knock Off|p2a: Samurott\n|-resisted|p2a: Samurott\n|-damage|p2a: Samurott|80\/100\n|-enditem|p2a: Samurott|Focus Sash|[from] move: Knock Off|[of] p1a: Muk\n|\n|-heal|p1a: Muk|50\/100|[from] item: Leftovers\n|upkeep\n|turn|13\n|\n|t:|1699910794\n|move|p1a: Muk|Protect|p1a: Muk\n|-singleturn|p1a: Muk|Protect\n|move|p2a: Samurott|Ceaseless Edge|p1a: Muk\n|-activate|p1a: Muk|move: Protect\n|\n|-heal|p1a: Muk|56\/100|[from] item: Leftovers\n|upkeep\n|turn|14\n|\n|t:|1699910797\n|switch|p1a: Scream Tail|Scream Tail|100\/100\n|move|p2a: Samurott|Razor Shell|p1a: Scream Tail\n|-damage|p1a: Scream Tail|54\/100\n|-unboost|p1a: Scream Tail|def|1\n|\n|-heal|p1a: Scream Tail|60\/100|[from] item: Leftovers\n|upkeep\n|turn|15\n|\n|t:|1699910800\n|move|p1a: Scream Tail|Dazzling Gleam|p2a: Samurott\n|-supereffective|p2a: Samurott\n|-damage|p2a: Samurott|22\/100\n|move|p2a: Samurott|Ceaseless Edge|p1a: Scream Tail\n|-damage|p1a: Scream Tail|5\/100\n|-sidestart|p1: Stads|Spikes\n|\n|-heal|p1a: Scream Tail|11\/100|[from] item: Leftovers\n|upkeep\n|turn|16\n|\n|t:|1699910806\n|move|p1a: Scream Tail|Protect|p1a: Scream Tail\n|-singleturn|p1a: Scream Tail|Protect\n|move|p2a: Samurott|Aqua Jet|p1a: Scream Tail\n|-activate|p1a: Scream Tail|move: Protect\n|\n|-heal|p1a: Scream Tail|17\/100|[from] item: Leftovers\n|upkeep\n|turn|17\n|\n|t:|1699910810\n|move|p1a: Scream Tail|Dazzling Gleam|p2a: Samurott\n|-supereffective|p2a: Samurott\n|-damage|p2a: Samurott|0 fnt\n|faint|p2a: Samurott\n|\n|-heal|p1a: Scream Tail|23\/100|[from] item: Leftovers\n|upkeep\n|\n|t:|1699910820\n|switch|p2a: Gholdengo|Gholdengo, shiny|100\/100\n|turn|18\n|\n|t:|1699910823\n|move|p1a: Scream Tail|Protect|p1a: Scream Tail\n|-singleturn|p1a: Scream Tail|Protect\n|move|p2a: Gholdengo|Make It Rain|p1a: Scream Tail\n|-activate|p1a: Scream Tail|move: Protect\n|\n|-heal|p1a: Scream Tail|29\/100|[from] item: Leftovers\n|upkeep\n|turn|19\n|\n|t:|1699910826\n|move|p1a: Scream Tail|Dazzling Gleam|p2a: Gholdengo\n|-resisted|p2a: Gholdengo\n|-damage|p2a: Gholdengo|89\/100\n|move|p2a: Gholdengo|Make It Rain|p1a: Scream Tail\n|-supereffective|p1a: Scream Tail\n|-damage|p1a: Scream Tail|0 fnt\n|-unboost|p2a: Gholdengo|spa|1\n|faint|p1a: Scream Tail\n|-end|p1a: Scream Tail|Protosynthesis|[silent]\n|\n|upkeep\n|\n|t:|1699910828\n|switch|p1a: Cinderace|Cinderace, M|33\/100\n|turn|20\n|\n|t:|1699910832\n|move|p1a: Cinderace|Court Change|p1a: Cinderace\n|-swapsideconditions\n|-activate|p1a: Cinderace|move: Court Change\n|move|p2a: Gholdengo|Make It Rain|p1a: Cinderace\n|-resisted|p1a: Cinderace\n|-damage|p1a: Cinderace|0 fnt\n|-unboost|p2a: Gholdengo|spa|1\n|faint|p1a: Cinderace\n|\n|upkeep\n|\n|t:|1699910843\n|switch|p1a: Muk|Muk-Alola, F|56\/100\n|turn|21\n|\n|t:|1699910847\n|switch|p2a: Dragonite|Dragonite, F, shiny|100\/100\n|move|p1a: Muk|Knock Off|p2a: Dragonite\n|-damage|p2a: Dragonite|80\/100\n|-status|p2a: Dragonite|psn|[from] ability: Poison Touch|[of] p1a: Muk\n|-enditem|p2a: Dragonite|Heavy-Duty Boots|[from] move: Knock Off|[of] p1a: Muk\n|\n|-heal|p1a: Muk|62\/100|[from] item: Leftovers\n|-damage|p2a: Dragonite|68\/100 psn|[from] psn\n|upkeep\n|turn|22\n|\n|t:|1699910851\n|move|p1a: Muk|Protect|p1a: Muk\n|-singleturn|p1a: Muk|Protect\n|move|p2a: Dragonite|Ice Spinner|p1a: Muk\n|-activate|p1a: Muk|move: Protect\n|\n|-heal|p1a: Muk|68\/100|[from] item: Leftovers\n|-damage|p2a: Dragonite|56\/100 psn|[from] psn\n|upkeep\n|turn|23\n|\n|t:|1699910860\n|switch|p1a: Zamazenta|Zamazenta|100\/100\n|-ability|p1a: Zamazenta|Dauntless Shield|boost\n|-boost|p1a: Zamazenta|def|1\n|move|p2a: Dragonite|Earthquake|p1a: Zamazenta\n|-damage|p1a: Zamazenta|81\/100\n|\n|-heal|p1a: Zamazenta|88\/100|[from] item: Leftovers\n|-damage|p2a: Dragonite|43\/100 psn|[from] psn\n|upkeep\n|turn|24\n|\n|t:|1699910865\n|switch|p2a: Iron Valiant|Iron Valiant, shiny|100\/100\n|-damage|p2a: Iron Valiant|88\/100|[from] Spikes\n|-enditem|p2a: Iron Valiant|Booster Energy\n|-activate|p2a: Iron Valiant|ability: Quark Drive|[fromitem]\n|-start|p2a: Iron Valiant|quarkdrivespe\n|move|p1a: Zamazenta|Body Press|p2a: Iron Valiant\n|-resisted|p2a: Iron Valiant\n|-damage|p2a: Iron Valiant|58\/100\n|\n|-heal|p1a: Zamazenta|94\/100|[from] item: Leftovers\n|upkeep\n|turn|25\n|\n|t:|1699910876\n|switch|p1a: Dondozo|Dondozo, F|100\/100\n|move|p2a: Iron Valiant|Swords Dance|p2a: Iron Valiant\n|-boost|p2a: Iron Valiant|atk|2\n|\n|upkeep\n|turn|26\n|\n|t:|1699910881\n|move|p2a: Iron Valiant|Close Combat|p1a: Dondozo\n|-damage|p1a: Dondozo|72\/100\n|-unboost|p2a: Iron Valiant|def|1\n|-unboost|p2a: Iron Valiant|spd|1\n|move|p1a: Dondozo|Liquidation|p2a: Iron Valiant\n|-damage|p2a: Iron Valiant|23\/100\n|\n|-heal|p1a: Dondozo|78\/100|[from] item: Leftovers\n|upkeep\n|turn|27\n|\n|t:|1699910885\n|move|p2a: Iron Valiant|Spirit Break|p1a: Dondozo\n|-damage|p1a: Dondozo|61\/100\n|-unboost|p1a: Dondozo|spa|1\n|move|p1a: Dondozo|Liquidation|p2a: Iron Valiant\n|-damage|p2a: Iron Valiant|0 fnt\n|faint|p2a: Iron Valiant\n|-end|p2a: Iron Valiant|Quark Drive|[silent]\n|\n|-heal|p1a: Dondozo|67\/100|[from] item: Leftovers\n|upkeep\n|\n|t:|1699910888\n|switch|p2a: Gholdengo|Gholdengo, shiny|89\/100\n|-damage|p2a: Gholdengo|77\/100|[from] Spikes\n|turn|28\n|\n|t:|1699910891\n|move|p1a: Dondozo|Protect|p1a: Dondozo\n|-singleturn|p1a: Dondozo|Protect\n|move|p2a: Gholdengo|Shadow Ball|p1a: Dondozo\n|-activate|p1a: Dondozo|move: Protect\n|\n|-heal|p1a: Dondozo|73\/100|[from] item: Leftovers\n|upkeep\n|turn|29\n|\n|t:|1699910893\n|switch|p1a: Muk|Muk-Alola, F|68\/100\n|move|p2a: Gholdengo|Shadow Ball|p1a: Muk\n|-resisted|p1a: Muk\n|-damage|p1a: Muk|49\/100\n|-unboost|p1a: Muk|spd|1\n|\n|-heal|p1a: Muk|55\/100|[from] item: Leftovers\n|upkeep\n|turn|30\n|\n|t:|1699910896\n|switch|p2a: Dragonite|Dragonite, F, shiny|43\/100 psn\n|move|p1a: Muk|Knock Off|p2a: Dragonite\n|-damage|p2a: Dragonite|19\/100 psn\n|\n|-heal|p1a: Muk|61\/100|[from] item: Leftovers\n|-damage|p2a: Dragonite|7\/100 psn|[from] psn\n|upkeep\n|turn|31\n|\n|t:|1699910904\n|move|p1a: Muk|Protect|p1a: Muk\n|-singleturn|p1a: Muk|Protect\n|move|p2a: Dragonite|Ice Spinner|p1a: Muk\n|-activate|p1a: Muk|move: Protect\n|\n|-heal|p1a: Muk|67\/100|[from] item: Leftovers\n|-damage|p2a: Dragonite|0 fnt|[from] psn\n|faint|p2a: Dragonite\n|upkeep\n|\n|t:|1699910905\n|switch|p2a: Kingambit|Kingambit, F, shiny|100\/100\n|-damage|p2a: Kingambit|88\/100|[from] Spikes\n|-activate|p2a: Kingambit|ability: Supreme Overlord\n|-start|p2a: Kingambit|fallen4|[silent]\n|turn|32\n|\n|t:|1699910907\n|switch|p1a: Landorus|Landorus-Therian, M|48\/100\n|-ability|p1a: Landorus|Intimidate|boost\n|-unboost|p2a: Kingambit|atk|1\n|move|p2a: Kingambit|Iron Head|p1a: Landorus\n|-damage|p1a: Landorus|15\/100\n|-damage|p2a: Kingambit|72\/100|[from] item: Rocky Helmet|[of] p1a: Landorus\n|\n|-heal|p2a: Kingambit|78\/100|[from] item: Leftovers\n|upkeep\n|turn|33\n|\n|t:|1699910915\n|move|p2a: Kingambit|Sucker Punch|p1a: Landorus\n|-damage|p1a: Landorus|0 fnt\n|-damage|p2a: Kingambit|61\/100|[from] item: Rocky Helmet|[of] p1a: Landorus\n|faint|p1a: Landorus\n|\n|-heal|p2a: Kingambit|67\/100|[from] item: Leftovers\n|upkeep\n|\n|t:|1699910917\n|switch|p1a: Zamazenta|Zamazenta|94\/100\n|turn|34\n|\n|t:|1699910922\n|-end|p2a: Kingambit|fallen4|[silent]\n|switch|p2a: Gholdengo|Gholdengo, shiny|77\/100\n|-damage|p2a: Gholdengo|65\/100|[from] Spikes\n|move|p1a: Zamazenta|Substitute|p1a: Zamazenta\n|-start|p1a: Zamazenta|Substitute\n|-damage|p1a: Zamazenta|69\/100\n|\n|-heal|p1a: Zamazenta|75\/100|[from] item: Leftovers\n|upkeep\n|turn|35\n|\n|t:|1699910926\n|move|p1a: Zamazenta|Crunch|p2a: Gholdengo\n|-supereffective|p2a: Gholdengo\n|-damage|p2a: Gholdengo|19\/100\n|-unboost|p2a: Gholdengo|def|1\n|move|p2a: Gholdengo|Shadow Ball|p1a: Zamazenta\n|-end|p1a: Zamazenta|Substitute\n|\n|-heal|p1a: Zamazenta|81\/100|[from] item: Leftovers\n|upkeep\n|turn|36\n|\n|t:|1699910929\n|move|p1a: Zamazenta|Crunch|p2a: Gholdengo\n|-supereffective|p2a: Gholdengo\n|-damage|p2a: Gholdengo|0 fnt\n|faint|p2a: Gholdengo\n|\n|-heal|p1a: Zamazenta|87\/100|[from] item: Leftovers\n|upkeep\n|\n|t:|1699910931\n|switch|p2a: Kingambit|Kingambit, F, shiny|67\/100\n|-damage|p2a: Kingambit|55\/100|[from] Spikes\n|-activate|p2a: Kingambit|ability: Supreme Overlord\n|-start|p2a: Kingambit|fallen5|[silent]\n|turn|37\n|\n|t:|1699910933\n|-terastallize|p2a: Kingambit|Fairy\n|move|p1a: Zamazenta|Body Press|p2a: Kingambit\n|-resisted|p2a: Kingambit\n|-damage|p2a: Kingambit|43\/100\n|move|p2a: Kingambit|Kowtow Cleave|p1a: Zamazenta\n|-resisted|p1a: Zamazenta\n|-damage|p1a: Zamazenta|60\/100\n|\n|-heal|p1a: Zamazenta|66\/100|[from] item: Leftovers\n|-heal|p2a: Kingambit|49\/100|[from] item: Leftovers\n|upkeep\n|turn|38\n|\n|t:|1699910939\n|move|p1a: Zamazenta|Iron Defense|p1a: Zamazenta\n|-boost|p1a: Zamazenta|def|2\n|move|p2a: Kingambit|Iron Head|p1a: Zamazenta\n|-damage|p1a: Zamazenta|41\/100\n|\n|-heal|p1a: Zamazenta|47\/100|[from] item: Leftovers\n|-heal|p2a: Kingambit|55\/100|[from] item: Leftovers\n|upkeep\n|turn|39\n|\n|t:|1699910941\n|move|p1a: Zamazenta|Body Press|p2a: Kingambit\n|-resisted|p2a: Kingambit\n|-crit|p2a: Kingambit\n|-damage|p2a: Kingambit|16\/100\n|move|p2a: Kingambit|Kowtow Cleave|p1a: Zamazenta\n|-resisted|p1a: Zamazenta\n|-damage|p1a: Zamazenta|34\/100\n|\n|-heal|p1a: Zamazenta|40\/100|[from] item: Leftovers\n|-heal|p2a: Kingambit|22\/100|[from] item: Leftovers\n|upkeep\n|turn|40\n|\n|t:|1699910944\n|move|p1a: Zamazenta|Body Press|p2a: Kingambit\n|-resisted|p2a: Kingambit\n|-damage|p2a: Kingambit|0 fnt\n|faint|p2a: Kingambit\n|-end|p2a: Kingambit|fallen5|[silent]\n|\n|win|Stads\n|raw|Stads's rating: 1822 &rarr; <strong>1843<\/strong><br \/>(+21 for winning)\n|raw|apoiguespm's rating: 1837 &rarr; <strong>1816<\/strong><br \/>(-21 for losing)\n|l|\u2606apoiguespm\n|c|\u2606Stads|Crazy\n|c|\u2606Stads|I don't get haxed to death, game has a very different outcome\n|l| HotheadIsTheGoat\n","uploadtime":1699911034,"views":19,"p1id":"stads","p2id":"apoiguespm","formatid":"gen9ou","rating":1816,"private":0,"password":""}