{"id":"gen9ou-1993485845","p1":"bellenguer2","p2":"Tony93420","format":"[Gen 9] OU","log":"|j|\u2606bellenguer2\n|j|\u2606Tony93420\n|t:|1700323625\n|gametype|singles\n|player|p1|bellenguer2|dawn|1149\n|player|p2|Tony93420|1|1209\n|teamsize|p1|6\n|teamsize|p2|6\n|gen|9\n|tier|[Gen 9] OU\n|rated|\n|rule|Sleep Clause Mod: Limit one foe put to sleep\n|rule|Species Clause: Limit one of each Pok\u00e9mon\n|rule|OHKO Clause: OHKO moves are banned\n|rule|Evasion Items Clause: Evasion items are banned\n|rule|Evasion Moves Clause: Evasion moves are banned\n|rule|Endless Battle Clause: Forcing endless battles is banned\n|rule|HP Percentage Mod: HP is shown in percentages\n|clearpoke\n|poke|p1|Zapdos|\n|poke|p1|Blissey, F|\n|poke|p1|Toxapex, M|\n|poke|p1|Clefable, F|\n|poke|p1|Corviknight, M|\n|poke|p1|Quagsire, F|\n|poke|p2|Dragonite, M|\n|poke|p2|Dragapult, F|\n|poke|p2|Zapdos|\n|poke|p2|Gengar, M|\n|poke|p2|Gyarados, M|\n|poke|p2|Glimmora, F|\n|teampreview\n|inactive|Battle timer is ON: inactive players will automatically lose when time's up. (requested by Tony93420)\n|\n|t:|1700323643\n|start\n|switch|p1a: Quagsire|Quagsire, F|100\/100\n|switch|p2a: Glimmora|Glimmora, F|100\/100\n|turn|1\n|\n|t:|1700323651\n|move|p2a: Glimmora|Mortal Spin|p1a: Quagsire\n|-resisted|p1a: Quagsire\n|-damage|p1a: Quagsire|98\/100\n|-status|p1a: Quagsire|psn\n|move|p1a: Quagsire|Stealth Rock|p2a: Glimmora\n|-sidestart|p2: Tony93420|move: Stealth Rock\n|\n|-heal|p1a: Quagsire|100\/100 psn|[from] item: Leftovers\n|-damage|p1a: Quagsire|88\/100 psn|[from] psn\n|upkeep\n|turn|2\n|\n|t:|1700323679\n|switch|p1a: Corviknight|Corviknight, M|100\/100\n|-ability|p1a: Corviknight|Pressure\n|move|p2a: Glimmora|Stealth Rock|p1a: Corviknight\n|-sidestart|p1: bellenguer2|move: Stealth Rock\n|\n|upkeep\n|turn|3\n|\n|t:|1700323690\n|move|p2a: Glimmora|Energy Ball|p1a: Corviknight\n|-resisted|p1a: Corviknight\n|-damage|p1a: Corviknight|95\/100\n|move|p1a: Corviknight|Body Press|p2a: Glimmora\n|-damage|p2a: Glimmora|74\/100\n|-activate|p2a: Glimmora|ability: Toxic Debris\n|-sidestart|p1: bellenguer2|move: Toxic Spikes\n|\n|upkeep\n|turn|4\n|\n|t:|1700323701\n|switch|p2a: Zapdos|Zapdos|100\/100\n|-damage|p2a: Zapdos|76\/100|[from] Stealth Rock\n|move|p1a: Corviknight|U-turn|p2a: Zapdos\n|-resisted|p2a: Zapdos\n|-damage|p2a: Zapdos|67\/100\n|\n|t:|1700323709\n|switch|p1a: Blissey|Blissey, F|100\/100|[from] U-turn\n|-damage|p1a: Blissey|88\/100|[from] Stealth Rock\n|-status|p1a: Blissey|psn\n|\n|-heal|p2a: Zapdos|73\/100|[from] item: Leftovers\n|-heal|p1a: Blissey|94\/100 psn|[from] item: Leftovers\n|-damage|p1a: Blissey|82\/100 psn|[from] psn\n|upkeep\n|turn|5\n|\n|t:|1700323720\n|move|p2a: Zapdos|Thunderbolt|p1a: Blissey\n|-damage|p1a: Blissey|69\/100 psn\n|move|p1a: Blissey|Light Screen|p1a: Blissey\n|-sidestart|p1: bellenguer2|move: Light Screen\n|\n|-heal|p2a: Zapdos|80\/100|[from] item: Leftovers\n|-heal|p1a: Blissey|75\/100 psn|[from] item: Leftovers\n|-damage|p1a: Blissey|62\/100 psn|[from] psn\n|upkeep\n|turn|6\n|\n|t:|1700323729\n|move|p2a: Zapdos|Thunderbolt|p1a: Blissey\n|-damage|p1a: Blissey|55\/100 psn\n|move|p1a: Blissey|Soft-Boiled|p1a: Blissey\n|-heal|p1a: Blissey|100\/100 psn\n|\n|-heal|p2a: Zapdos|86\/100|[from] item: Leftovers\n|-damage|p1a: Blissey|88\/100 psn|[from] psn\n|upkeep\n|turn|7\n|\n|t:|1700323738\n|-curestatus|p1a: Blissey|psn|[from] ability: Natural Cure\n|switch|p1a: Toxapex|Toxapex, M|100\/100\n|-damage|p1a: Toxapex|88\/100|[from] Stealth Rock\n|-sideend|p1: bellenguer2|move: Toxic Spikes|[of] p1a: Toxapex\n|move|p2a: Zapdos|Thunderbolt|p1a: Toxapex\n|-supereffective|p1a: Toxapex\n|-damage|p1a: Toxapex|57\/100\n|\n|-heal|p2a: Zapdos|92\/100|[from] item: Leftovers\n|-heal|p1a: Toxapex|63\/100|[from] item: Black Sludge\n|upkeep\n|turn|8\n|\n|t:|1700323752\n|switch|p1a: Quagsire|Quagsire, F|88\/100 psn\n|-damage|p1a: Quagsire|82\/100 psn|[from] Stealth Rock\n|move|p2a: Zapdos|Thunderbolt|p1a: Quagsire\n|-immune|p1a: Quagsire\n|\n|-heal|p2a: Zapdos|98\/100|[from] item: Leftovers\n|-heal|p1a: Quagsire|88\/100 psn|[from] item: Leftovers\n|-damage|p1a: Quagsire|76\/100 psn|[from] psn\n|upkeep\n|turn|9\n|\n|t:|1700323761\n|switch|p2a: Glimmora|Glimmora, F|74\/100\n|-damage|p2a: Glimmora|62\/100|[from] Stealth Rock\n|switch|p1a: Clefable|Clefable, F|100\/100\n|-damage|p1a: Clefable|88\/100|[from] Stealth Rock\n|\n|-heal|p1a: Clefable|94\/100|[from] item: Leftovers\n|-sideend|p1: bellenguer2|move: Light Screen\n|upkeep\n|turn|10\n|\n|t:|1700323768\n|move|p2a: Glimmora|Mortal Spin|p1a: Clefable\n|-supereffective|p1a: Clefable\n|-damage|p1a: Clefable|82\/100\n|-status|p1a: Clefable|psn\n|-sideend|p2: Tony93420|Stealth Rock|[from] move: Mortal Spin|[of] p2a: Glimmora\n|move|p1a: Clefable|Knock Off|p2a: Glimmora\n|-damage|p2a: Glimmora|44\/100\n|-activate|p2a: Glimmora|ability: Toxic Debris\n|-sidestart|p1: bellenguer2|move: Toxic Spikes\n|-enditem|p2a: Glimmora|Focus Sash|[from] move: Knock Off|[of] p1a: Clefable\n|\n|-heal|p1a: Clefable|88\/100 psn|[from] item: Leftovers\n|-damage|p1a: Clefable|76\/100 psn|[from] psn\n|upkeep\n|turn|11\n|\n|t:|1700323784\n|move|p2a: Glimmora|Earth Power|p1a: Clefable\n|-damage|p1a: Clefable|51\/100 psn\n|move|p1a: Clefable|Moonblast|p2a: Glimmora\n|-resisted|p2a: Glimmora\n|-damage|p2a: Glimmora|23\/100\n|-unboost|p2a: Glimmora|spa|1\n|\n|-heal|p1a: Clefable|57\/100 psn|[from] item: Leftovers\n|-damage|p1a: Clefable|44\/100 psn|[from] psn\n|upkeep\n|turn|12\n|\n|t:|1700323799\n|switch|p2a: Gyarados|Gyarados, M, shiny|100\/100\n|-ability|p2a: Gyarados|Intimidate|boost\n|-unboost|p1a: Clefable|atk|1\n|move|p1a: Clefable|Moonlight|p1a: Clefable\n|-heal|p1a: Clefable|94\/100 psn\n|\n|-heal|p1a: Clefable|100\/100 psn|[from] item: Leftovers\n|-damage|p1a: Clefable|88\/100 psn|[from] psn\n|upkeep\n|turn|13\n|\n|t:|1700323812\n|switch|p1a: Zapdos|Zapdos|100\/100\n|move|p2a: Gyarados|Dragon Dance|p2a: Gyarados\n|-boost|p2a: Gyarados|atk|1\n|-boost|p2a: Gyarados|spe|1\n|\n|upkeep\n|turn|14\n|\n|t:|1700323819\n|-terastallize|p2a: Gyarados|Ground\n|move|p2a: Gyarados|Dragon Dance|p2a: Gyarados\n|-boost|p2a: Gyarados|atk|1\n|-boost|p2a: Gyarados|spe|1\n|move|p1a: Zapdos|Volt Switch|p2a: Gyarados\n|-immune|p2a: Gyarados\n|\n|upkeep\n|turn|15\n|\n|t:|1700323828\n|switch|p1a: Clefable|Clefable, F|88\/100 psn\n|-damage|p1a: Clefable|76\/100 psn|[from] Stealth Rock\n|move|p2a: Gyarados|Crunch|p1a: Clefable\n|-resisted|p1a: Clefable\n|-damage|p1a: Clefable|65\/100 psn\n|-unboost|p1a: Clefable|def|1\n|\n|-heal|p1a: Clefable|71\/100 psn|[from] item: Leftovers\n|-damage|p1a: Clefable|58\/100 psn|[from] psn\n|upkeep\n|turn|16\n|\n|t:|1700323836\n|move|p2a: Gyarados|Earthquake|p1a: Clefable\n|-damage|p1a: Clefable|0 fnt\n|faint|p1a: Clefable\n|\n|upkeep\n|\n|t:|1700323845\n|switch|p1a: Quagsire|Quagsire, F|76\/100 psn\n|-damage|p1a: Quagsire|70\/100 psn|[from] Stealth Rock\n|turn|17\n|\n|t:|1700323849\n|move|p2a: Gyarados|Earthquake|p1a: Quagsire\n|-damage|p1a: Quagsire|33\/100 psn\n|move|p1a: Quagsire|Recover|p1a: Quagsire\n|-heal|p1a: Quagsire|83\/100 psn\n|\n|-heal|p1a: Quagsire|89\/100 psn|[from] item: Leftovers\n|-damage|p1a: Quagsire|76\/100 psn|[from] psn\n|upkeep\n|turn|18\n|\n|t:|1700323855\n|move|p2a: Gyarados|Crunch|p1a: Quagsire\n|-damage|p1a: Quagsire|58\/100 psn\n|move|p1a: Quagsire|Recover|p1a: Quagsire\n|-heal|p1a: Quagsire|100\/100 psn\n|\n|-damage|p1a: Quagsire|88\/100 psn|[from] psn\n|upkeep\n|turn|19\n|\n|t:|1700323861\n|move|p2a: Gyarados|Dragon Dance|p2a: Gyarados\n|-boost|p2a: Gyarados|atk|1\n|-boost|p2a: Gyarados|spe|1\n|move|p1a: Quagsire|Haze|p1a: Quagsire\n|-clearallboost\n|\n|-heal|p1a: Quagsire|94\/100 psn|[from] item: Leftovers\n|-damage|p1a: Quagsire|82\/100 psn|[from] psn\n|upkeep\n|turn|20\n|\n|t:|1700323866\n|move|p2a: Gyarados|Crunch|p1a: Quagsire\n|-damage|p1a: Quagsire|62\/100 psn\n|move|p1a: Quagsire|Stealth Rock|p2a: Gyarados\n|-sidestart|p2: Tony93420|move: Stealth Rock\n|\n|-heal|p1a: Quagsire|69\/100 psn|[from] item: Leftovers\n|-damage|p1a: Quagsire|56\/100 psn|[from] psn\n|upkeep\n|turn|21\n|\n|t:|1700323872\n|move|p2a: Gyarados|Earthquake|p1a: Quagsire\n|-damage|p1a: Quagsire|22\/100 psn\n|move|p1a: Quagsire|Recover|p1a: Quagsire\n|-heal|p1a: Quagsire|72\/100 psn\n|\n|-heal|p1a: Quagsire|78\/100 psn|[from] item: Leftovers\n|-damage|p1a: Quagsire|65\/100 psn|[from] psn\n|upkeep\n|turn|22\n|\n|t:|1700323882\n|move|p2a: Gyarados|Crunch|p1a: Quagsire\n|-damage|p1a: Quagsire|47\/100 psn\n|-unboost|p1a: Quagsire|def|1\n|move|p1a: Quagsire|Recover|p1a: Quagsire\n|-heal|p1a: Quagsire|97\/100 psn\n|\n|-heal|p1a: Quagsire|100\/100 psn|[from] item: Leftovers\n|-damage|p1a: Quagsire|88\/100 psn|[from] psn\n|upkeep\n|turn|23\n|\n|t:|1700323888\n|move|p2a: Gyarados|Dragon Dance|p2a: Gyarados\n|-boost|p2a: Gyarados|atk|1\n|-boost|p2a: Gyarados|spe|1\n|move|p1a: Quagsire|Earthquake|p2a: Gyarados\n|-damage|p2a: Gyarados|64\/100\n|\n|-heal|p2a: Gyarados|70\/100|[from] item: Leftovers\n|-heal|p1a: Quagsire|94\/100 psn|[from] item: Leftovers\n|-damage|p1a: Quagsire|82\/100 psn|[from] psn\n|upkeep\n|turn|24\n|\n|t:|1700323893\n|move|p2a: Gyarados|Earthquake|p1a: Quagsire\n|-damage|p1a: Quagsire|25\/100 psn\n|move|p1a: Quagsire|Haze|p1a: Quagsire\n|-clearallboost\n|\n|-heal|p2a: Gyarados|76\/100|[from] item: Leftovers\n|-heal|p1a: Quagsire|31\/100 psn|[from] item: Leftovers\n|-damage|p1a: Quagsire|19\/100 psn|[from] psn\n|upkeep\n|turn|25\n|\n|t:|1700323899\n|move|p2a: Gyarados|Crunch|p1a: Quagsire\n|-damage|p1a: Quagsire|0 fnt\n|faint|p1a: Quagsire\n|\n|-heal|p2a: Gyarados|83\/100|[from] item: Leftovers\n|upkeep\n|\n|t:|1700323904\n|switch|p1a: Toxapex|Toxapex, M|97\/100\n|-damage|p1a: Toxapex|84\/100|[from] Stealth Rock\n|-sideend|p1: bellenguer2|move: Toxic Spikes|[of] p1a: Toxapex\n|turn|26\n|\n|t:|1700323908\n|move|p2a: Gyarados|Earthquake|p1a: Toxapex\n|-supereffective|p1a: Toxapex\n|-damage|p1a: Toxapex|15\/100\n|move|p1a: Toxapex|Surf|p2a: Gyarados\n|-supereffective|p2a: Gyarados\n|-damage|p2a: Gyarados|47\/100\n|\n|-heal|p2a: Gyarados|53\/100|[from] item: Leftovers\n|-heal|p1a: Toxapex|21\/100|[from] item: Black Sludge\n|upkeep\n|turn|27\n|\n|t:|1700323914\n|move|p2a: Gyarados|Earthquake|p1a: Toxapex\n|-supereffective|p1a: Toxapex\n|-damage|p1a: Toxapex|0 fnt\n|faint|p1a: Toxapex\n|\n|-heal|p2a: Gyarados|59\/100|[from] item: Leftovers\n|upkeep\n|\n|t:|1700323922\n|switch|p1a: Zapdos|Zapdos|100\/100\n|turn|28\n|\n|t:|1700323926\n|move|p2a: Gyarados|Dragon Dance|p2a: Gyarados\n|-boost|p2a: Gyarados|atk|1\n|-boost|p2a: Gyarados|spe|1\n|move|p1a: Zapdos|Hurricane|p2a: Gyarados|[miss]\n|-miss|p1a: Zapdos|p2a: Gyarados\n|\n|-heal|p2a: Gyarados|66\/100|[from] item: Leftovers\n|upkeep\n|turn|29\n|\n|t:|1700323935\n|move|p2a: Gyarados|Crunch|p1a: Zapdos\n|-damage|p1a: Zapdos|70\/100\n|-status|p2a: Gyarados|par|[from] ability: Static|[of] p1a: Zapdos\n|move|p1a: Zapdos|Hurricane|p2a: Gyarados|[miss]\n|-miss|p1a: Zapdos|p2a: Gyarados\n|\n|-heal|p2a: Gyarados|72\/100 par|[from] item: Leftovers\n|upkeep\n|turn|30\n|\n|t:|1700323942\n|move|p1a: Zapdos|Hurricane|p2a: Gyarados\n|-damage|p2a: Gyarados|25\/100 par\n|move|p2a: Gyarados|Waterfall|p1a: Zapdos\n|-damage|p1a: Zapdos|19\/100\n|\n|-heal|p2a: Gyarados|31\/100 par|[from] item: Leftovers\n|upkeep\n|turn|31\n|\n|t:|1700323949\n|move|p1a: Zapdos|Roost|p1a: Zapdos\n|-heal|p1a: Zapdos|69\/100\n|-singleturn|p1a: Zapdos|move: Roost\n|move|p2a: Gyarados|Waterfall|p1a: Zapdos\n|-damage|p1a: Zapdos|16\/100\n|\n|-heal|p2a: Gyarados|37\/100 par|[from] item: Leftovers\n|upkeep\n|turn|32\n|\n|t:|1700323958\n|move|p1a: Zapdos|Roost|p1a: Zapdos\n|-heal|p1a: Zapdos|66\/100\n|-singleturn|p1a: Zapdos|move: Roost\n|cant|p2a: Gyarados|par\n|\n|-heal|p2a: Gyarados|44\/100 par|[from] item: Leftovers\n|upkeep\n|turn|33\n|\n|t:|1700323964\n|move|p1a: Zapdos|Hurricane|p2a: Gyarados\n|-damage|p2a: Gyarados|0 fnt\n|faint|p2a: Gyarados\n|\n|upkeep\n|\n|t:|1700323969\n|switch|p2a: Glimmora|Glimmora, F|23\/100\n|-damage|p2a: Glimmora|11\/100|[from] Stealth Rock\n|turn|34\n|\n|t:|1700323977\n|switch|p1a: Blissey|Blissey, F|88\/100\n|-damage|p1a: Blissey|76\/100|[from] Stealth Rock\n|move|p2a: Glimmora|Mortal Spin|p1a: Blissey\n|-damage|p1a: Blissey|63\/100\n|-status|p1a: Blissey|psn\n|-sideend|p2: Tony93420|Stealth Rock|[from] move: Mortal Spin|[of] p2a: Glimmora\n|\n|-heal|p1a: Blissey|70\/100 psn|[from] item: Leftovers\n|-damage|p1a: Blissey|57\/100 psn|[from] psn\n|upkeep\n|turn|35\n|\n|t:|1700323989\n|move|p2a: Glimmora|Earth Power|p1a: Blissey\n|-damage|p1a: Blissey|48\/100 psn\n|move|p1a: Blissey|Light Screen|p1a: Blissey\n|-sidestart|p1: bellenguer2|move: Light Screen\n|\n|-heal|p1a: Blissey|54\/100 psn|[from] item: Leftovers\n|-damage|p1a: Blissey|42\/100 psn|[from] psn\n|upkeep\n|turn|36\n|\n|t:|1700323997\n|move|p2a: Glimmora|Earth Power|p1a: Blissey\n|-damage|p1a: Blissey|37\/100 psn\n|move|p1a: Blissey|Soft-Boiled|p1a: Blissey\n|-heal|p1a: Blissey|87\/100 psn\n|\n|-heal|p1a: Blissey|93\/100 psn|[from] item: Leftovers\n|-damage|p1a: Blissey|81\/100 psn|[from] psn\n|upkeep\n|turn|37\n|\n|t:|1700324006\n|-curestatus|p1a: Blissey|psn|[from] ability: Natural Cure\n|switch|p1a: Corviknight|Corviknight, M|95\/100\n|-damage|p1a: Corviknight|82\/100|[from] Stealth Rock\n|-ability|p1a: Corviknight|Pressure\n|move|p2a: Glimmora|Earth Power|p1a: Corviknight\n|-immune|p1a: Corviknight\n|\n|upkeep\n|turn|38\n|\n|t:|1700324013\n|switch|p2a: Zapdos|Zapdos|98\/100\n|move|p1a: Corviknight|Defog|p2a: Zapdos\n|-unboost|p2a: Zapdos|evasion|1\n|-sideend|p1: bellenguer2|Stealth Rock|[from] move: Defog|[of] p1a: Corviknight\n|\n|-heal|p2a: Zapdos|100\/100|[from] item: Leftovers\n|upkeep\n|turn|39\n|\n|t:|1700324020\n|switch|p1a: Blissey|Blissey, F|81\/100\n|move|p2a: Zapdos|Thunderbolt|p1a: Blissey\n|-damage|p1a: Blissey|75\/100\n|\n|-heal|p1a: Blissey|81\/100|[from] item: Leftovers\n|-sideend|p1: bellenguer2|move: Light Screen\n|upkeep\n|turn|40\n|\n|t:|1700324027\n|move|p2a: Zapdos|Hurricane|p1a: Blissey\n|-damage|p1a: Blissey|65\/100\n|move|p1a: Blissey|Seismic Toss|p2a: Zapdos\n|-damage|p2a: Zapdos|69\/100\n|-status|p1a: Blissey|par|[from] ability: Static|[of] p2a: Zapdos\n|\n|-heal|p2a: Zapdos|76\/100|[from] item: Leftovers\n|-heal|p1a: Blissey|71\/100 par|[from] item: Leftovers\n|upkeep\n|turn|41\n|\n|t:|1700324035\n|move|p2a: Zapdos|Thunderbolt|p1a: Blissey\n|-damage|p1a: Blissey|58\/100 par\n|cant|p1a: Blissey|par\n|\n|-heal|p2a: Zapdos|82\/100|[from] item: Leftovers\n|-heal|p1a: Blissey|64\/100 par|[from] item: Leftovers\n|upkeep\n|turn|42\n|\n|t:|1700324039\n|move|p2a: Zapdos|Thunderbolt|p1a: Blissey\n|-damage|p1a: Blissey|52\/100 par\n|move|p1a: Blissey|Seismic Toss|p2a: Zapdos\n|-damage|p2a: Zapdos|51\/100\n|\n|-heal|p2a: Zapdos|57\/100|[from] item: Leftovers\n|-heal|p1a: Blissey|58\/100 par|[from] item: Leftovers\n|upkeep\n|turn|43\n|\n|t:|1700324045\n|move|p2a: Zapdos|Roost|p2a: Zapdos\n|-heal|p2a: Zapdos|100\/100\n|-singleturn|p2a: Zapdos|move: Roost\n|move|p1a: Blissey|Seismic Toss|p2a: Zapdos\n|-damage|p2a: Zapdos|69\/100\n|\n|-heal|p2a: Zapdos|76\/100|[from] item: Leftovers\n|-heal|p1a: Blissey|64\/100 par|[from] item: Leftovers\n|upkeep\n|turn|44\n|\n|t:|1700324055\n|switch|p2a: Glimmora|Glimmora, F|11\/100\n|move|p1a: Blissey|Seismic Toss|p2a: Glimmora\n|-damage|p2a: Glimmora|0 fnt\n|-activate|p2a: Glimmora|ability: Toxic Debris\n|-sidestart|p1: bellenguer2|move: Toxic Spikes\n|faint|p2a: Glimmora\n|\n|-heal|p1a: Blissey|71\/100 par|[from] item: Leftovers\n|upkeep\n|\n|t:|1700324070\n|switch|p2a: Dragonite|Dragonite, M|100\/100\n|turn|45\n|\n|t:|1700324077\n|-curestatus|p1a: Blissey|par|[from] ability: Natural Cure\n|switch|p1a: Corviknight|Corviknight, M|82\/100\n|-ability|p1a: Corviknight|Pressure\n|move|p2a: Dragonite|Earthquake|p1a: Corviknight\n|-immune|p1a: Corviknight\n|\n|upkeep\n|turn|46\n|\n|t:|1700324086\n|move|p2a: Dragonite|Dragon Dance|p2a: Dragonite\n|-boost|p2a: Dragonite|atk|1\n|-boost|p2a: Dragonite|spe|1\n|move|p1a: Corviknight|U-turn|p2a: Dragonite\n|-resisted|p2a: Dragonite\n|-damage|p2a: Dragonite|96\/100\n|\n|t:|1700324088\n|switch|p1a: Zapdos|Zapdos|66\/100|[from] U-turn\n|\n|-heal|p2a: Dragonite|100\/100|[from] item: Leftovers\n|upkeep\n|turn|47\n|\n|t:|1700324097\n|move|p2a: Dragonite|Ice Spinner|p1a: Zapdos\n|-supereffective|p1a: Zapdos\n|-damage|p1a: Zapdos|0 fnt\n|-status|p2a: Dragonite|par|[from] ability: Static|[of] p1a: Zapdos\n|faint|p1a: Zapdos\n|\n|upkeep\n|\n|t:|1700324100\n|switch|p1a: Corviknight|Corviknight, M|82\/100\n|-ability|p1a: Corviknight|Pressure\n|turn|48\n|\n|t:|1700324105\n|move|p2a: Dragonite|Ice Spinner|p1a: Corviknight\n|-damage|p1a: Corviknight|51\/100\n|-damage|p2a: Dragonite|84\/100 par|[from] item: Rocky Helmet|[of] p1a: Corviknight\n|move|p1a: Corviknight|U-turn|p2a: Dragonite\n|-resisted|p2a: Dragonite\n|-damage|p2a: Dragonite|76\/100 par\n|\n|t:|1700324107\n|switch|p1a: Blissey|Blissey, F|71\/100|[from] U-turn\n|-status|p1a: Blissey|psn\n|\n|-heal|p2a: Dragonite|83\/100 par|[from] item: Leftovers\n|-heal|p1a: Blissey|77\/100 psn|[from] item: Leftovers\n|-damage|p1a: Blissey|64\/100 psn|[from] psn\n|upkeep\n|turn|49\n|\n|t:|1700324112\n|move|p2a: Dragonite|Dragon Dance|p2a: Dragonite\n|-boost|p2a: Dragonite|atk|1\n|-boost|p2a: Dragonite|spe|1\n|move|p1a: Blissey|Seismic Toss|p2a: Dragonite\n|-damage|p2a: Dragonite|52\/100 par\n|\n|-heal|p2a: Dragonite|58\/100 par|[from] item: Leftovers\n|-heal|p1a: Blissey|70\/100 psn|[from] item: Leftovers\n|-damage|p1a: Blissey|58\/100 psn|[from] psn\n|upkeep\n|turn|50\n|\n|t:|1700324122\n|move|p2a: Dragonite|Earthquake|p1a: Blissey\n|-damage|p1a: Blissey|0 fnt\n|faint|p1a: Blissey\n|\n|-heal|p2a: Dragonite|64\/100 par|[from] item: Leftovers\n|upkeep\n|\n|t:|1700324124\n|switch|p1a: Corviknight|Corviknight, M|51\/100\n|-ability|p1a: Corviknight|Pressure\n|turn|51\n|\n|t:|1700324130\n|cant|p2a: Dragonite|par\n|move|p1a: Corviknight|U-turn|p2a: Dragonite\n|-resisted|p2a: Dragonite\n|-damage|p2a: Dragonite|57\/100 par\n|\n|-heal|p2a: Dragonite|63\/100 par|[from] item: Leftovers\n|upkeep\n|turn|52\n|\n|t:|1700324134\n|move|p2a: Dragonite|Ice Spinner|p1a: Corviknight\n|-damage|p1a: Corviknight|13\/100\n|-damage|p2a: Dragonite|46\/100 par|[from] item: Rocky Helmet|[of] p1a: Corviknight\n|move|p1a: Corviknight|U-turn|p2a: Dragonite\n|-resisted|p2a: Dragonite\n|-damage|p2a: Dragonite|38\/100 par\n|\n|-heal|p2a: Dragonite|44\/100 par|[from] item: Leftovers\n|upkeep\n|turn|53\n|\n|t:|1700324139\n|cant|p2a: Dragonite|par\n|move|p1a: Corviknight|U-turn|p2a: Dragonite\n|-resisted|p2a: Dragonite\n|-damage|p2a: Dragonite|36\/100 par\n|\n|-heal|p2a: Dragonite|43\/100 par|[from] item: Leftovers\n|upkeep\n|turn|54\n|\n|t:|1700324149\n|move|p2a: Dragonite|Ice Spinner|p1a: Corviknight\n|-damage|p1a: Corviknight|0 fnt\n|-damage|p2a: Dragonite|26\/100 par|[from] item: Rocky Helmet|[of] p1a: Corviknight\n|faint|p1a: Corviknight\n|\n|win|Tony93420\n|raw|bellenguer2's rating: 1149 &rarr; <strong>1128<\/strong><br \/>(-21 for losing)\n|raw|Tony93420's rating: 1209 &rarr; <strong>1230<\/strong><br \/>(+21 for winning)\n","uploadtime":1700324153,"views":8,"p1id":"bellenguer2","p2id":"tony93420","formatid":"gen9ou","rating":1128,"private":0,"password":""}