{"id":"gen9ou-1989387823","p1":"mathismathin","p2":"mohuanjiamianmao","format":"[Gen 9] OU","log":"|j|\u2606mathismathin\n|j|\u2606mohuanjiamianmao\n|t:|1699843875\n|gametype|singles\n|player|p1|mathismathin|nate|1739\n|player|p2|mohuanjiamianmao|265|1756\n|teamsize|p1|6\n|teamsize|p2|6\n|gen|9\n|tier|[Gen 9] OU\n|rated|\n|rule|Sleep Clause Mod: Limit one foe put to sleep\n|rule|Species Clause: Limit one of each Pok\u00e9mon\n|rule|OHKO Clause: OHKO moves are banned\n|rule|Evasion Items Clause: Evasion items are banned\n|rule|Evasion Moves Clause: Evasion moves are banned\n|rule|Endless Battle Clause: Forcing endless battles is banned\n|rule|HP Percentage Mod: HP is shown in percentages\n|clearpoke\n|poke|p1|Tyranitar, F|\n|poke|p1|Moltres|\n|poke|p1|Rotom-Wash|\n|poke|p1|Clodsire, F|\n|poke|p1|Dragapult, M|\n|poke|p1|Great Tusk|\n|poke|p2|Meowscarada, F|\n|poke|p2|Great Tusk|\n|poke|p2|Garganacl, M|\n|poke|p2|Glimmora, M|\n|poke|p2|Gholdengo|\n|poke|p2|Blissey, F|\n|teampreview\n|\n|t:|1699843891\n|start\n|switch|p1a: Dragapult|Dragapult, M|100\/100\n|switch|p2a: Meowscarada|Meowscarada, F|100\/100\n|turn|1\n|\n|t:|1699843896\n|switch|p1a: Moltres|Moltres|100\/100\n|move|p2a: Meowscarada|Sucker Punch||[still]\n|-fail|p2a: Meowscarada\n|\n|upkeep\n|turn|2\n|j| j0gurt\n|\n|t:|1699843906\n|switch|p2a: Glimmora|Glimmora, M|100\/100\n|move|p1a: Moltres|U-turn|p2a: Glimmora\n|-resisted|p2a: Glimmora\n|-damage|p2a: Glimmora|92\/100\n|-activate|p2a: Glimmora|ability: Toxic Debris\n|-sidestart|p1: mathismathin|move: Toxic Spikes\n|j| YB is BETTER\n|\n|t:|1699843909\n|switch|p1a: Clodsire|Clodsire, F|100\/100|[from] U-turn\n|-sideend|p1: mathismathin|move: Toxic Spikes|[of] p1a: Clodsire\n|\n|upkeep\n|turn|3\n|\n|t:|1699843916\n|switch|p2a: Meowscarada|Meowscarada, F|100\/100\n|move|p1a: Clodsire|Earthquake|p2a: Meowscarada\n|-resisted|p2a: Meowscarada\n|-damage|p2a: Meowscarada|80\/100\n|\n|upkeep\n|turn|4\n|\n|t:|1699843922\n|switch|p1a: Moltres|Moltres|100\/100\n|move|p2a: Meowscarada|Spikes|p1a: Moltres\n|-sidestart|p1: mathismathin|Spikes\n|\n|upkeep\n|turn|5\n|\n|t:|1699843932\n|switch|p2a: Blissey|Blissey, F|100\/100\n|move|p1a: Moltres|U-turn|p2a: Blissey\n|-damage|p2a: Blissey|86\/100\n|\n|t:|1699843936\n|switch|p1a: Great Tusk|Great Tusk|100\/100|[from] U-turn\n|-damage|p1a: Great Tusk|88\/100|[from] Spikes\n|\n|-heal|p1a: Great Tusk|94\/100|[from] item: Leftovers\n|-heal|p2a: Blissey|92\/100|[from] item: Leftovers\n|upkeep\n|turn|6\n|\n|t:|1699843943\n|move|p1a: Great Tusk|Knock Off|p2a: Blissey\n|-damage|p2a: Blissey|65\/100\n|-enditem|p2a: Blissey|Leftovers|[from] move: Knock Off|[of] p1a: Great Tusk\n|move|p2a: Blissey|Ice Beam|p1a: Great Tusk\n|-supereffective|p1a: Great Tusk\n|-damage|p1a: Great Tusk|27\/100\n|-status|p1a: Great Tusk|frz\n|\n|-heal|p1a: Great Tusk|34\/100 frz|[from] item: Leftovers\n|upkeep\n|turn|7\n|\n|t:|1699843955\n|-end|p1a: Great Tusk|Protosynthesis|[silent]\n|switch|p1a: Tyranitar|Tyranitar, F|100\/100\n|-damage|p1a: Tyranitar|88\/100|[from] Spikes\n|-weather|Sandstorm|[from] ability: Sand Stream|[of] p1a: Tyranitar\n|move|p2a: Blissey|Calm Mind|p2a: Blissey\n|-boost|p2a: Blissey|spa|1\n|-boost|p2a: Blissey|spd|1\n|\n|-weather|Sandstorm|[upkeep]\n|-damage|p2a: Blissey|59\/100|[from] Sandstorm\n|upkeep\n|turn|8\n|\n|t:|1699843966\n|move|p1a: Tyranitar|Knock Off|p2a: Blissey\n|-damage|p2a: Blissey|4\/100\n|move|p2a: Blissey|Ice Beam|p1a: Tyranitar\n|-damage|p1a: Tyranitar|65\/100\n|\n|-weather|Sandstorm|[upkeep]\n|-damage|p2a: Blissey|0 fnt|[from] Sandstorm\n|faint|p2a: Blissey\n|upkeep\n|\n|t:|1699843973\n|switch|p2a: Meowscarada|Meowscarada, F|80\/100\n|turn|9\n|\n|t:|1699843977\n|switch|p1a: Moltres|Moltres|100\/100\n|move|p2a: Meowscarada|Spikes|p1a: Moltres\n|-sidestart|p1: mathismathin|Spikes\n|\n|-weather|Sandstorm|[upkeep]\n|-damage|p2a: Meowscarada|74\/100|[from] Sandstorm\n|-damage|p1a: Moltres|94\/100|[from] Sandstorm\n|upkeep\n|turn|10\n|\n|t:|1699843985\n|switch|p2a: Garganacl|Garganacl, M|100\/100\n|move|p1a: Moltres|U-turn|p2a: Garganacl\n|-damage|p2a: Garganacl|92\/100\n|\n|t:|1699843991\n|switch|p1a: Tyranitar|Tyranitar, F|65\/100|[from] U-turn\n|-damage|p1a: Tyranitar|48\/100|[from] Spikes\n|\n|-weather|Sandstorm|[upkeep]\n|-heal|p2a: Garganacl|98\/100|[from] item: Leftovers\n|upkeep\n|turn|11\n|\n|t:|1699843998\n|move|p1a: Tyranitar|Low Kick|p2a: Garganacl\n|-supereffective|p2a: Garganacl\n|-damage|p2a: Garganacl|3\/100\n|move|p2a: Garganacl|Iron Defense|p2a: Garganacl\n|-boost|p2a: Garganacl|def|2\n|\n|-weather|none\n|-heal|p2a: Garganacl|9\/100|[from] item: Leftovers\n|upkeep\n|turn|12\n|\n|t:|1699844006\n|switch|p2a: Meowscarada|Meowscarada, F|74\/100\n|move|p1a: Tyranitar|Low Kick|p2a: Meowscarada\n|-supereffective|p2a: Meowscarada\n|-damage|p2a: Meowscarada|0 fnt\n|faint|p2a: Meowscarada\n|\n|upkeep\n|j| dlc so insane\n|\n|t:|1699844018\n|switch|p2a: Great Tusk|Great Tusk|100\/100\n|turn|13\n|\n|t:|1699844021\n|switch|p1a: Rotom|Rotom-Wash|100\/100\n|-end|p2a: Great Tusk|Protosynthesis|[silent]\n|switch|p2a: Glimmora|Glimmora, M|92\/100\n|\n|upkeep\n|turn|14\n|\n|t:|1699844026\n|move|p2a: Glimmora|Sludge Bomb|p1a: Rotom\n|-damage|p1a: Rotom|47\/100\n|-status|p1a: Rotom|psn\n|move|p1a: Rotom|Hydro Pump|p2a: Glimmora|[miss]\n|-miss|p1a: Rotom|p2a: Glimmora\n|\n|-heal|p1a: Rotom|53\/100 psn|[from] item: Leftovers\n|-damage|p1a: Rotom|41\/100 psn|[from] psn\n|upkeep\n|turn|15\n|\n|t:|1699844040\n|switch|p2a: Garganacl|Garganacl, M|9\/100\n|switch|p1a: Clodsire|Clodsire, F|100\/100\n|-damage|p1a: Clodsire|84\/100|[from] Spikes\n|\n|-heal|p2a: Garganacl|16\/100|[from] item: Leftovers\n|-heal|p1a: Clodsire|90\/100|[from] item: Leftovers\n|upkeep\n|turn|16\n|\n|t:|1699844049\n|move|p2a: Garganacl|Recover|p2a: Garganacl\n|-heal|p2a: Garganacl|66\/100\n|move|p1a: Clodsire|Stealth Rock|p2a: Garganacl\n|-sidestart|p2: mohuanjiamianmao|move: Stealth Rock\n|\n|-heal|p2a: Garganacl|72\/100|[from] item: Leftovers\n|-heal|p1a: Clodsire|96\/100|[from] item: Leftovers\n|upkeep\n|turn|17\n|\n|t:|1699844056\n|switch|p1a: Dragapult|Dragapult, M|100\/100\n|-damage|p1a: Dragapult|84\/100|[from] Spikes\n|move|p2a: Garganacl|Iron Defense|p2a: Garganacl\n|-boost|p2a: Garganacl|def|2\n|\n|-heal|p2a: Garganacl|78\/100|[from] item: Leftovers\n|upkeep\n|turn|18\n|\n|t:|1699844064\n|move|p1a: Dragapult|Draco Meteor|p2a: Garganacl\n|-damage|p2a: Garganacl|15\/100\n|-unboost|p1a: Dragapult|spa|2\n|move|p2a: Garganacl|Recover|p2a: Garganacl\n|-heal|p2a: Garganacl|65\/100\n|\n|-heal|p2a: Garganacl|71\/100|[from] item: Leftovers\n|upkeep\n|turn|19\n|\n|t:|1699844072\n|switch|p1a: Rotom|Rotom-Wash|41\/100 psn\n|move|p2a: Garganacl|Salt Cure|p1a: Rotom\n|-damage|p1a: Rotom|30\/100 psn\n|-start|p1a: Rotom|Salt Cure\n|\n|-heal|p1a: Rotom|36\/100 psn|[from] item: Leftovers\n|-heal|p2a: Garganacl|77\/100|[from] item: Leftovers\n|-damage|p1a: Rotom|24\/100 psn|[from] psn\n|-damage|p1a: Rotom|0 fnt|[from] Salt Cure\n|faint|p1a: Rotom\n|upkeep\n|\n|t:|1699844076\n|switch|p1a: Tyranitar|Tyranitar, F|48\/100\n|-damage|p1a: Tyranitar|31\/100|[from] Spikes\n|-weather|Sandstorm|[from] ability: Sand Stream|[of] p1a: Tyranitar\n|turn|20\n|\n|t:|1699844091\n|move|p1a: Tyranitar|Knock Off|p2a: Garganacl\n|-damage|p2a: Garganacl|48\/100\n|-enditem|p2a: Garganacl|Leftovers|[from] move: Knock Off|[of] p1a: Tyranitar\n|move|p2a: Garganacl|Body Press|p1a: Tyranitar\n|-supereffective|p1a: Tyranitar\n|-damage|p1a: Tyranitar|0 fnt\n|faint|p1a: Tyranitar\n|\n|-weather|Sandstorm|[upkeep]\n|upkeep\n|\n|t:|1699844104\n|switch|p1a: Dragapult|Dragapult, M|84\/100\n|-damage|p1a: Dragapult|68\/100|[from] Spikes\n|turn|21\n|\n|t:|1699844112\n|switch|p2a: Gholdengo|Gholdengo|100\/100\n|-damage|p2a: Gholdengo|94\/100|[from] Stealth Rock\n|move|p1a: Dragapult|Draco Meteor|p2a: Gholdengo\n|-resisted|p2a: Gholdengo\n|-damage|p2a: Gholdengo|43\/100\n|-unboost|p1a: Dragapult|spa|2\n|\n|-weather|Sandstorm|[upkeep]\n|-damage|p1a: Dragapult|62\/100|[from] Sandstorm\n|upkeep\n|turn|22\n|\n|t:|1699844125\n|switch|p1a: Clodsire|Clodsire, F|96\/100\n|-damage|p1a: Clodsire|80\/100|[from] Spikes\n|move|p2a: Gholdengo|Trick|p1a: Clodsire\n|-activate|p2a: Gholdengo|move: Trick|[of] p1a: Clodsire\n|-item|p1a: Clodsire|Choice Scarf|[from] move: Trick\n|-item|p2a: Gholdengo|Leftovers|[from] move: Trick\n|\n|-weather|Sandstorm|[upkeep]\n|-heal|p2a: Gholdengo|49\/100|[from] item: Leftovers\n|upkeep\n|turn|23\n|\n|t:|1699844134\n|switch|p2a: Garganacl|Garganacl, M|48\/100\n|-damage|p2a: Garganacl|35\/100|[from] Stealth Rock\n|move|p1a: Clodsire|Earthquake|p2a: Garganacl\n|-supereffective|p2a: Garganacl\n|-damage|p2a: Garganacl|0 fnt\n|faint|p2a: Garganacl\n|\n|-weather|Sandstorm|[upkeep]\n|upkeep\n|\n|t:|1699844147\n|switch|p2a: Great Tusk|Great Tusk|100\/100\n|-damage|p2a: Great Tusk|98\/100|[from] Stealth Rock\n|turn|24\n|\n|t:|1699844169\n|-end|p2a: Great Tusk|Protosynthesis|[silent]\n|switch|p2a: Glimmora|Glimmora, M|92\/100\n|-damage|p2a: Glimmora|80\/100|[from] Stealth Rock\n|switch|p1a: Moltres|Moltres|94\/100\n|\n|-weather|none\n|upkeep\n|turn|25\n|\n|t:|1699844178\n|switch|p1a: Clodsire|Clodsire, F|80\/100\n|-damage|p1a: Clodsire|63\/100|[from] Spikes\n|move|p2a: Glimmora|Earth Power|p1a: Clodsire\n|-supereffective|p1a: Clodsire\n|-damage|p1a: Clodsire|29\/100\n|\n|upkeep\n|turn|26\n|\n|t:|1699844193\n|switch|p2a: Gholdengo|Gholdengo|49\/100\n|-damage|p2a: Gholdengo|43\/100|[from] Stealth Rock\n|-terastallize|p1a: Clodsire|Water\n|move|p1a: Clodsire|Earthquake|p2a: Gholdengo\n|-supereffective|p2a: Gholdengo\n|-crit|p2a: Gholdengo\n|-damage|p2a: Gholdengo|0 fnt\n|faint|p2a: Gholdengo\n|\n|upkeep\n|\n|t:|1699844203\n|switch|p2a: Glimmora|Glimmora, M|80\/100\n|-damage|p2a: Glimmora|68\/100|[from] Stealth Rock\n|turn|27\n|\n|t:|1699844209\n|move|p2a: Glimmora|Sludge Bomb|p1a: Clodsire\n|-damage|p1a: Clodsire|1\/100\n|move|p1a: Clodsire|Earthquake|p2a: Glimmora\n|-supereffective|p2a: Glimmora\n|-crit|p2a: Glimmora\n|-damage|p2a: Glimmora|0 fnt\n|-activate|p2a: Glimmora|ability: Toxic Debris\n|-sidestart|p1: mathismathin|move: Toxic Spikes\n|faint|p2a: Glimmora\n|\n|upkeep\n|-message|mohuanjiamianmao forfeited.\n|\n|win|mathismathin\n|raw|mathismathin's rating: 1739 &rarr; <strong>1760<\/strong><br \/>(+21 for winning)\n|raw|mohuanjiamianmao's rating: 1756 &rarr; <strong>1735<\/strong><br \/>(-21 for losing)\n|l|\u2606mohuanjiamianmao\n|l|\u2606mathismathin\n","uploadtime":1699844218,"views":24,"p1id":"mathismathin","p2id":"mohuanjiamianmao","formatid":"gen9ou","rating":1735,"private":0,"password":""}