{"id":"gen9ou-1995431670","p1":"SpasDeuzi","p2":"8-bitgamer2","format":"[Gen 9] OU","log":"|j|\u2606SpasDeuzi\n|j|\u26068-bitgamer2\n|t:|1700569980\n|gametype|singles\n|player|p1|SpasDeuzi|169|1167\n|player|p2|8-bitgamer2|linebacker|1094\n|teamsize|p1|6\n|teamsize|p2|6\n|gen|9\n|tier|[Gen 9] OU\n|rated|\n|rule|Sleep Clause Mod: Limit one foe put to sleep\n|rule|Species Clause: Limit one of each Pok\u00e9mon\n|rule|OHKO Clause: OHKO moves are banned\n|rule|Evasion Items Clause: Evasion items are banned\n|rule|Evasion Moves Clause: Evasion moves are banned\n|rule|Endless Battle Clause: Forcing endless battles is banned\n|rule|HP Percentage Mod: HP is shown in percentages\n|clearpoke\n|poke|p1|Garchomp, M|\n|poke|p1|Maushold-Four|\n|poke|p1|Tyranitar, F|\n|poke|p1|Gyarados, M|\n|poke|p1|Iron Valiant|\n|poke|p1|Grimmsnarl, M|\n|poke|p2|Torterra, M|\n|poke|p2|Cloyster, M|\n|poke|p2|Maushold-Four|\n|poke|p2|Scizor, M|\n|poke|p2|Dragapult, M|\n|poke|p2|Farigiraf, M|\n|teampreview\n|inactive|Battle timer is ON: inactive players will automatically lose when time's up. (requested by SpasDeuzi)\n|\n|t:|1700569987\n|start\n|switch|p1a: Grimmsnarl|Grimmsnarl, M, shiny|100\/100\n|switch|p2a: Torterra|Torterra, M, shiny|100\/100\n|turn|1\n|\n|t:|1700569994\n|move|p1a: Grimmsnarl|Taunt|p2a: Torterra\n|-start|p2a: Torterra|move: Taunt\n|cant|p2a: Torterra|move: Taunt|Shell Smash\n|\n|upkeep\n|turn|2\n|\n|t:|1700570009\n|switch|p2a: Scizor|Scizor, M|100\/100\n|move|p1a: Grimmsnarl|Reflect|p1a: Grimmsnarl\n|-sidestart|p1: SpasDeuzi|Reflect\n|\n|upkeep\n|turn|3\n|\n|t:|1700570017\n|move|p2a: Scizor|Bullet Punch|p1a: Grimmsnarl\n|-supereffective|p1a: Grimmsnarl\n|-damage|p1a: Grimmsnarl|60\/100\n|move|p1a: Grimmsnarl|Parting Shot|p2a: Scizor\n|-unboost|p2a: Scizor|atk|1\n|-unboost|p2a: Scizor|spa|1\n|\n|t:|1700570024\n|switch|p1a: Gyarados|Gyarados, M|100\/100|[from] Parting Shot\n|\n|upkeep\n|turn|4\n|\n|t:|1700570032\n|move|p2a: Scizor|Bullet Punch|p1a: Gyarados\n|-resisted|p1a: Gyarados\n|-damage|p1a: Gyarados|94\/100\n|move|p1a: Gyarados|Dragon Dance|p1a: Gyarados\n|-boost|p1a: Gyarados|atk|1\n|-boost|p1a: Gyarados|spe|1\n|\n|upkeep\n|turn|5\n|\n|t:|1700570043\n|-terastallize|p1a: Gyarados|Water\n|move|p1a: Gyarados|Waterfall|p2a: Scizor\n|-damage|p2a: Scizor|11\/100\n|cant|p2a: Scizor|flinch\n|\n|upkeep\n|turn|6\n|\n|t:|1700570050\n|move|p2a: Scizor|Bullet Punch|p1a: Gyarados\n|-resisted|p1a: Gyarados\n|-damage|p1a: Gyarados|86\/100\n|move|p1a: Gyarados|Waterfall|p2a: Scizor\n|-damage|p2a: Scizor|0 fnt\n|faint|p2a: Scizor\n|-ability|p1a: Gyarados|Moxie|boost\n|-boost|p1a: Gyarados|atk|1\n|\n|upkeep\n|\n|t:|1700570069\n|switch|p2a: Cloyster|Cloyster, M|100\/100\n|turn|7\n|\n|t:|1700570077\n|move|p1a: Gyarados|Dragon Dance|p1a: Gyarados\n|-boost|p1a: Gyarados|atk|1\n|-boost|p1a: Gyarados|spe|1\n|move|p2a: Cloyster|Shell Smash|p2a: Cloyster\n|-unboost|p2a: Cloyster|def|1\n|-unboost|p2a: Cloyster|spd|1\n|-boost|p2a: Cloyster|atk|2\n|-boost|p2a: Cloyster|spa|2\n|-boost|p2a: Cloyster|spe|2\n|-enditem|p2a: Cloyster|White Herb\n|-clearnegativeboost|p2a: Cloyster|[silent]\n|\n|upkeep\n|turn|8\n|\n|t:|1700570086\n|move|p1a: Gyarados|Scale Shot|p2a: Cloyster\n|-damage|p2a: Cloyster|82\/100\n|-crit|p2a: Cloyster\n|-damage|p2a: Cloyster|52\/100\n|-damage|p2a: Cloyster|34\/100\n|-damage|p2a: Cloyster|15\/100\n|-hitcount|p2a: Cloyster|4\n|-unboost|p1a: Gyarados|def|1\n|-boost|p1a: Gyarados|spe|1\n|move|p2a: Cloyster|Icicle Spear|p1a: Gyarados\n|-resisted|p1a: Gyarados\n|-damage|p1a: Gyarados|75\/100\n|-resisted|p1a: Gyarados\n|-damage|p1a: Gyarados|64\/100\n|-resisted|p1a: Gyarados\n|-damage|p1a: Gyarados|52\/100\n|-resisted|p1a: Gyarados\n|-damage|p1a: Gyarados|41\/100\n|-resisted|p1a: Gyarados\n|-damage|p1a: Gyarados|30\/100\n|-hitcount|p1a: Gyarados|5\n|\n|upkeep\n|turn|9\n|\n|t:|1700570112\n|move|p1a: Gyarados|Scale Shot|p2a: Cloyster\n|-damage|p2a: Cloyster|0 fnt\n|faint|p2a: Cloyster\n|-ability|p1a: Gyarados|Moxie|boost\n|-boost|p1a: Gyarados|atk|1\n|-hitcount|p2: Cloyster|1\n|-unboost|p1a: Gyarados|def|1\n|-boost|p1a: Gyarados|spe|1\n|\n|-sideend|p1: SpasDeuzi|Reflect\n|upkeep\n|inactive|8-bitgamer2 has 120 seconds left.\n|\n|t:|1700570125\n|switch|p2a: Dragapult|Dragapult, M|100\/100\n|turn|10\n|\n|t:|1700570129\n|move|p2a: Dragapult|Sucker Punch|p1a: Gyarados\n|-damage|p1a: Gyarados|0 fnt\n|faint|p1a: Gyarados\n|\n|upkeep\n|\n|t:|1700570138\n|switch|p1a: Grimmsnarl|Grimmsnarl, M, shiny|60\/100\n|turn|11\n|\n|t:|1700570154\n|switch|p2a: Maushold|Maushold-Four|100\/100\n|move|p1a: Grimmsnarl|Reflect|p1a: Grimmsnarl\n|-sidestart|p1: SpasDeuzi|Reflect\n|\n|upkeep\n|turn|12\n|\n|t:|1700570167\n|move|p1a: Grimmsnarl|Taunt|p2a: Maushold\n|-start|p2a: Maushold|move: Taunt\n|cant|p2a: Maushold|move: Taunt|Tidy Up\n|\n|upkeep\n|turn|13\n|\n|t:|1700570172\n|move|p1a: Grimmsnarl|Parting Shot|p2a: Maushold\n|-unboost|p2a: Maushold|atk|1\n|-unboost|p2a: Maushold|spa|1\n|\n|t:|1700570174\n|switch|p1a: Garchomp|Garchomp, M, shiny|100\/100|[from] Parting Shot\n|move|p2a: Maushold|Population Bomb|p1a: Garchomp\n|-damage|p1a: Garchomp|98\/100\n|-damage|p2a: Maushold|88\/100|[from] ability: Rough Skin|[of] p1a: Garchomp\n|-damage|p2a: Maushold|71\/100|[from] item: Rocky Helmet|[of] p1a: Garchomp\n|-damage|p1a: Garchomp|95\/100\n|-damage|p2a: Maushold|59\/100|[from] ability: Rough Skin|[of] p1a: Garchomp\n|-damage|p2a: Maushold|42\/100|[from] item: Rocky Helmet|[of] p1a: Garchomp\n|-damage|p1a: Garchomp|92\/100\n|-damage|p2a: Maushold|30\/100|[from] ability: Rough Skin|[of] p1a: Garchomp\n|-damage|p2a: Maushold|13\/100|[from] item: Rocky Helmet|[of] p1a: Garchomp\n|-damage|p1a: Garchomp|89\/100\n|-damage|p2a: Maushold|1\/100|[from] ability: Rough Skin|[of] p1a: Garchomp\n|-damage|p2a: Maushold|0 fnt|[from] item: Rocky Helmet|[of] p1a: Garchomp\n|faint|p2a: Maushold\n|-hitcount|p1a: Garchomp|4\n|\n|upkeep\n|\n|t:|1700570198\n|switch|p2a: Torterra|Torterra, M, shiny|100\/100\n|turn|14\n|\n|t:|1700570205\n|-terastallize|p2a: Torterra|Water\n|move|p1a: Garchomp|Stealth Rock|p2a: Torterra\n|-sidestart|p2: 8-bitgamer2|move: Stealth Rock\n|move|p2a: Torterra|Shell Smash|p2a: Torterra\n|-unboost|p2a: Torterra|def|1\n|-unboost|p2a: Torterra|spd|1\n|-boost|p2a: Torterra|atk|2\n|-boost|p2a: Torterra|spa|2\n|-boost|p2a: Torterra|spe|2\n|\n|upkeep\n|turn|15\n|\n|t:|1700570219\n|move|p2a: Torterra|Bullet Seed|p1a: Garchomp\n|-damage|p1a: Garchomp|79\/100\n|-damage|p1a: Garchomp|70\/100\n|-damage|p1a: Garchomp|60\/100\n|-damage|p1a: Garchomp|50\/100\n|-damage|p1a: Garchomp|41\/100\n|-hitcount|p1a: Garchomp|5\n|move|p1a: Garchomp|Poison Jab|p2a: Torterra\n|-damage|p2a: Torterra|69\/100\n|-status|p2a: Torterra|psn\n|\n|-damage|p2a: Torterra|56\/100 psn|[from] psn\n|upkeep\n|turn|16\n|\n|t:|1700570235\n|move|p2a: Torterra|Headlong Rush|p1a: Garchomp\n|-damage|p1a: Garchomp|0 fnt\n|-unboost|p2a: Torterra|def|1\n|-unboost|p2a: Torterra|spd|1\n|-damage|p2a: Torterra|44\/100 psn|[from] ability: Rough Skin|[of] p1a: Garchomp\n|-damage|p2a: Torterra|27\/100 psn|[from] item: Rocky Helmet|[of] p1a: Garchomp\n|faint|p1a: Garchomp\n|\n|-damage|p2a: Torterra|15\/100 psn|[from] psn\n|upkeep\n|\n|t:|1700570245\n|switch|p1a: Grimmsnarl|Grimmsnarl, M, shiny|60\/100\n|turn|17\n|\n|t:|1700570258\n|move|p1a: Grimmsnarl|Parting Shot|p2a: Torterra\n|-unboost|p2a: Torterra|atk|1\n|-unboost|p2a: Torterra|spa|1\n|\n|t:|1700570268\n|switch|p1a: Maushold|Maushold-Four, shiny|100\/100|[from] Parting Shot\n|move|p2a: Torterra|Bullet Seed|p1a: Maushold\n|-damage|p1a: Maushold|85\/100\n|-damage|p1a: Maushold|70\/100\n|-damage|p1a: Maushold|55\/100\n|-damage|p1a: Maushold|39\/100\n|-damage|p1a: Maushold|24\/100\n|-hitcount|p1a: Maushold|5\n|\n|-damage|p2a: Torterra|3\/100 psn|[from] psn\n|upkeep\n|turn|18\n|\n|t:|1700570282\n|move|p2a: Torterra|Bullet Seed|p1a: Maushold\n|-damage|p1a: Maushold|8\/100\n|-damage|p1a: Maushold|0 fnt\n|faint|p1a: Maushold\n|-hitcount|p1: Maushold|2\n|\n|-damage|p2a: Torterra|0 fnt|[from] psn\n|faint|p2a: Torterra\n|-sideend|p1: SpasDeuzi|Reflect\n|upkeep\n|\n|t:|1700570293\n|switch|p1a: Grimmsnarl|Grimmsnarl, M, shiny|60\/100\n|switch|p2a: Farigiraf|Farigiraf, M|100\/100\n|-damage|p2a: Farigiraf|88\/100|[from] Stealth Rock\n|turn|19\n|\n|t:|1700570299\n|move|p1a: Grimmsnarl|Taunt||[still]\n|cant|p2a: Farigiraf|ability: Armor Tail|Taunt|[of] p1a: Grimmsnarl\n|move|p2a: Farigiraf|Dazzling Gleam|p1a: Grimmsnarl\n|-supereffective|p1a: Grimmsnarl\n|-damage|p1a: Grimmsnarl|16\/100\n|\n|upkeep\n|turn|20\n|\n|t:|1700570309\n|move|p1a: Grimmsnarl|Light Screen|p1a: Grimmsnarl\n|-sidestart|p1: SpasDeuzi|move: Light Screen\n|move|p2a: Farigiraf|Dazzling Gleam|p1a: Grimmsnarl\n|-supereffective|p1a: Grimmsnarl\n|-damage|p1a: Grimmsnarl|0 fnt\n|faint|p1a: Grimmsnarl\n|\n|upkeep\n|\n|t:|1700570314\n|switch|p1a: Tyranitar|Tyranitar, F, shiny|100\/100\n|-weather|Sandstorm|[from] ability: Sand Stream|[of] p1a: Tyranitar\n|turn|21\n|\n|t:|1700570319\n|move|p1a: Tyranitar|Dragon Dance|p1a: Tyranitar\n|-boost|p1a: Tyranitar|atk|1\n|-boost|p1a: Tyranitar|spe|1\n|move|p2a: Farigiraf|Nasty Plot|p2a: Farigiraf\n|-boost|p2a: Farigiraf|spa|2\n|\n|-weather|Sandstorm|[upkeep]\n|-damage|p2a: Farigiraf|82\/100|[from] Sandstorm\n|upkeep\n|turn|22\n|\n|t:|1700570332\n|move|p1a: Tyranitar|Rock Blast|p2a: Farigiraf\n|-damage|p2a: Farigiraf|58\/100\n|-damage|p2a: Farigiraf|37\/100\n|-enditem|p2a: Farigiraf|Sitrus Berry|[eat]\n|-heal|p2a: Farigiraf|62\/100|[from] item: Sitrus Berry\n|-damage|p2a: Farigiraf|38\/100\n|-damage|p2a: Farigiraf|17\/100\n|-hitcount|p2a: Farigiraf|4\n|move|p2a: Farigiraf|Energy Ball|p1a: Tyranitar\n|-supereffective|p1a: Tyranitar\n|-damage|p1a: Tyranitar|65\/100\n|\n|-weather|Sandstorm|[upkeep]\n|-damage|p2a: Farigiraf|11\/100|[from] Sandstorm\n|upkeep\n|turn|23\n|\n|t:|1700570348\n|move|p1a: Tyranitar|Rock Blast|p2a: Farigiraf\n|-damage|p2a: Farigiraf|0 fnt\n|faint|p2a: Farigiraf\n|-hitcount|p2: Farigiraf|1\n|\n|-weather|Sandstorm|[upkeep]\n|upkeep\n|\n|t:|1700570353\n|switch|p2a: Dragapult|Dragapult, M|100\/100\n|-damage|p2a: Dragapult|88\/100|[from] Stealth Rock\n|turn|24\n|\n|t:|1700570360\n|move|p2a: Dragapult|Dragon Darts|p1a: Tyranitar\n|-damage|p1a: Tyranitar|44\/100\n|-anim|p2a: Dragapult|Dragon Darts|p1a: Tyranitar\n|-damage|p1a: Tyranitar|23\/100\n|move|p1a: Tyranitar|Rock Blast|p2a: Dragapult\n|-damage|p2a: Dragapult|54\/100\n|-damage|p2a: Dragapult|19\/100\n|-damage|p2a: Dragapult|0 fnt\n|faint|p2a: Dragapult\n|-hitcount|p2: Dragapult|3\n|\n|win|SpasDeuzi\n|raw|SpasDeuzi's rating: 1167 &rarr; <strong>1187<\/strong><br \/>(+20 for winning)\n|raw|8-bitgamer2's rating: 1094 &rarr; <strong>1075<\/strong><br \/>(-19 for losing)\n|l|\u26068-bitgamer2\n","uploadtime":1700570373,"views":4,"p1id":"spasdeuzi","p2id":"8bitgamer2","formatid":"gen9ou","rating":1075,"private":0,"password":""}