{"id":"gen9ou-2000408927","p1":"Bring The Propain","p2":"braker89","format":"[Gen 9] OU","log":"|j|\u2606Bring The Propain\n|j|\u2606braker89\n|t:|1701192357\n|gametype|singles\n|player|p1|Bring The Propain|li|1121\n|player|p2|braker89|musician|1048\n|teamsize|p1|6\n|teamsize|p2|6\n|gen|9\n|tier|[Gen 9] OU\n|rated|\n|rule|Sleep Clause Mod: Limit one foe put to sleep\n|rule|Species Clause: Limit one of each Pok\u00e9mon\n|rule|OHKO Clause: OHKO moves are banned\n|rule|Evasion Items Clause: Evasion items are banned\n|rule|Evasion Moves Clause: Evasion moves are banned\n|rule|Endless Battle Clause: Forcing endless battles is banned\n|rule|HP Percentage Mod: HP is shown in percentages\n|clearpoke\n|poke|p1|Pelipper, M|\n|poke|p1|Dragonite, F|\n|poke|p1|Ogerpon-Wellspring, F|\n|poke|p1|Ribombee, M|\n|poke|p1|Frosmoth, M|\n|poke|p1|Scizor, F|\n|poke|p2|Ursaluna, M|\n|poke|p2|Ogerpon-Wellspring, F|\n|poke|p2|Ting-Lu|\n|poke|p2|Gholdengo|\n|poke|p2|Zapdos|\n|poke|p2|Great Tusk|\n|teampreview\n|inactive|Battle timer is ON: inactive players will automatically lose when time's up. (requested by braker89)\n|\n|t:|1701192383\n|start\n|switch|p1a: Ribombee|Ribombee, M|100\/100\n|switch|p2a: Zapdos|Zapdos|100\/100\n|turn|1\n|\n|t:|1701192400\n|move|p1a: Ribombee|Sticky Web|p2a: Zapdos\n|-sidestart|p2: braker89|move: Sticky Web\n|move|p2a: Zapdos|Hurricane|p1a: Ribombee\n|-supereffective|p1a: Ribombee\n|-enditem|p1a: Ribombee|Focus Sash\n|-damage|p1a: Ribombee|1\/100\n|\n|upkeep\n|turn|2\n|\n|t:|1701192408\n|move|p1a: Ribombee|Draining Kiss|p2a: Zapdos\n|-damage|p2a: Zapdos|83\/100\n|-heal|p1a: Ribombee|20\/100|[from] drain|[of] p2a: Zapdos\n|move|p2a: Zapdos|Volt Switch|p1a: Ribombee\n|-damage|p1a: Ribombee|0 fnt\n|faint|p1a: Ribombee\n|\n|t:|1701192417\n|switch|p2a: Great Tusk|Great Tusk|100\/100|[from] Volt Switch\n|-activate|p2a: Great Tusk|move: Sticky Web\n|-unboost|p2a: Great Tusk|spe|1\n|-enditem|p2a: Great Tusk|Booster Energy\n|-activate|p2a: Great Tusk|ability: Protosynthesis|[fromitem]\n|-start|p2a: Great Tusk|protosynthesisatk\n|\n|upkeep\n|\n|t:|1701192424\n|switch|p1a: Pelipper|Pelipper, M|100\/100\n|-weather|RainDance|[from] ability: Drizzle|[of] p1a: Pelipper\n|turn|3\n|\n|t:|1701192432\n|-terastallize|p2a: Great Tusk|Poison\n|move|p2a: Great Tusk|Rapid Spin|p1a: Pelipper\n|-damage|p1a: Pelipper|83\/100\n|-boost|p2a: Great Tusk|spe|1\n|-sideend|p2: braker89|Sticky Web|[from] move: Rapid Spin|[of] p2a: Great Tusk\n|move|p1a: Pelipper|Hydro Pump|p2a: Great Tusk\n|-damage|p2a: Great Tusk|28\/100\n|\n|-weather|RainDance|[upkeep]\n|upkeep\n|turn|4\n|inactive|braker89 has 120 seconds left.\n|\n|t:|1701192467\n|move|p2a: Great Tusk|Ice Spinner|p1a: Pelipper\n|-damage|p1a: Pelipper|54\/100\n|move|p1a: Pelipper|Hurricane|p2a: Great Tusk\n|-damage|p2a: Great Tusk|0 fnt\n|faint|p2a: Great Tusk\n|-end|p2a: Great Tusk|Protosynthesis|[silent]\n|\n|-weather|RainDance|[upkeep]\n|upkeep\n|\n|t:|1701192483\n|switch|p2a: Zapdos|Zapdos|83\/100\n|turn|5\n|\n|t:|1701192488\n|switch|p1a: Frosmoth|Frosmoth, M|100\/100\n|move|p2a: Zapdos|Volt Switch|p1a: Frosmoth\n|-damage|p1a: Frosmoth|82\/100\n|inactive|braker89 has 90 seconds left.\n|\n|t:|1701192521\n|switch|p2a: Gholdengo|Gholdengo|100\/100|[from] Volt Switch\n|\n|-weather|RainDance|[upkeep]\n|upkeep\n|turn|6\n|\n|t:|1701192534\n|switch|p1a: Dragonite|Dragonite, F|100\/100\n|move|p2a: Gholdengo|Shadow Ball|p1a: Dragonite\n|-damage|p1a: Dragonite|82\/100\n|\n|-weather|RainDance|[upkeep]\n|upkeep\n|turn|7\n|inactive|braker89 has 90 seconds left.\n|\n|t:|1701192550\n|switch|p2a: Ting-Lu|Ting-Lu|100\/100\n|-ability|p2a: Ting-Lu|Vessel of Ruin\n|move|p1a: Dragonite|Surf|p2a: Ting-Lu\n|-supereffective|p2a: Ting-Lu\n|-damage|p2a: Ting-Lu|63\/100\n|\n|-weather|RainDance|[upkeep]\n|-heal|p2a: Ting-Lu|69\/100|[from] item: Leftovers\n|upkeep\n|turn|8\n|inactive|braker89 has 90 seconds left.\n|\n|t:|1701192561\n|switch|p1a: Frosmoth|Frosmoth, M|82\/100\n|move|p2a: Ting-Lu|Ruination|p1a: Frosmoth\n|-damage|p1a: Frosmoth|41\/100\n|\n|-weather|RainDance|[upkeep]\n|-heal|p2a: Ting-Lu|75\/100|[from] item: Leftovers\n|upkeep\n|turn|9\n|inactive|braker89 has 90 seconds left.\n|\n|t:|1701192572\n|switch|p2a: Zapdos|Zapdos|83\/100\n|move|p1a: Frosmoth|Quiver Dance|p1a: Frosmoth\n|-boost|p1a: Frosmoth|spa|1\n|-boost|p1a: Frosmoth|spd|1\n|-boost|p1a: Frosmoth|spe|1\n|\n|-weather|RainDance|[upkeep]\n|upkeep\n|turn|10\n|\n|t:|1701192580\n|move|p1a: Frosmoth|Ice Beam|p2a: Zapdos\n|-supereffective|p2a: Zapdos\n|-damage|p2a: Zapdos|0 fnt\n|faint|p2a: Zapdos\n|\n|-weather|none\n|upkeep\n|inactive|braker89 has 90 seconds left.\n|\n|t:|1701192591\n|switch|p2a: Gholdengo|Gholdengo|100\/100\n|turn|11\n|\n|t:|1701192599\n|move|p1a: Frosmoth|Bug Buzz|p2a: Gholdengo\n|-resisted|p2a: Gholdengo\n|-damage|p2a: Gholdengo|87\/100\n|move|p2a: Gholdengo|Shadow Ball|p1a: Frosmoth\n|-damage|p1a: Frosmoth|25\/100\n|\n|upkeep\n|turn|12\n|\n|t:|1701192606\n|move|p1a: Frosmoth|Bug Buzz|p2a: Gholdengo\n|-resisted|p2a: Gholdengo\n|-damage|p2a: Gholdengo|73\/100\n|move|p2a: Gholdengo|Nasty Plot|p2a: Gholdengo\n|-boost|p2a: Gholdengo|spa|2\n|\n|upkeep\n|turn|13\n|\n|t:|1701192615\n|move|p1a: Frosmoth|Bug Buzz|p2a: Gholdengo\n|-resisted|p2a: Gholdengo\n|-damage|p2a: Gholdengo|60\/100\n|move|p2a: Gholdengo|Recover|p2a: Gholdengo\n|-heal|p2a: Gholdengo|100\/100\n|\n|upkeep\n|turn|14\n|\n|t:|1701192622\n|move|p1a: Frosmoth|Bug Buzz|p2a: Gholdengo\n|-resisted|p2a: Gholdengo\n|-crit|p2a: Gholdengo\n|-damage|p2a: Gholdengo|80\/100\n|move|p2a: Gholdengo|Nasty Plot|p2a: Gholdengo\n|-boost|p2a: Gholdengo|spa|2\n|\n|upkeep\n|turn|15\n|inactive|braker89 has 120 seconds left.\n|\n|t:|1701192636\n|move|p1a: Frosmoth|Bug Buzz|p2a: Gholdengo\n|-resisted|p2a: Gholdengo\n|-damage|p2a: Gholdengo|67\/100\n|move|p2a: Gholdengo|Shadow Ball|p1a: Frosmoth\n|-damage|p1a: Frosmoth|0 fnt\n|faint|p1a: Frosmoth\n|\n|upkeep\n|\n|t:|1701192645\n|switch|p1a: Ogerpon|Ogerpon-Wellspring, F|100\/100\n|turn|16\n|inactive|braker89 has 120 seconds left.\n|\n|t:|1701192668\n|move|p1a: Ogerpon|Ivy Cudgel|p2a: Gholdengo|[anim] Ivy Cudgel Water\n|-damage|p2a: Gholdengo|24\/100\n|move|p2a: Gholdengo|Shadow Ball|p1a: Ogerpon\n|-damage|p1a: Ogerpon|0 fnt\n|faint|p1a: Ogerpon\n|\n|upkeep\n|-message|Bring The Propain forfeited.\n|\n|win|braker89\n|raw|Bring The Propain's rating: 1121 &rarr; <strong>1091<\/strong><br \/>(-30 for losing)\n|raw|braker89's rating: 1048 &rarr; <strong>1088<\/strong><br \/>(+40 for winning)\n|l|\u2606Bring The Propain\n","uploadtime":1701192819,"views":1,"p1id":"bringthepropain","p2id":"braker89","formatid":"gen9ou","rating":1088,"private":0,"password":""}