{"id":"gen9ou-1989892363","p1":"I am lord dems","p2":"balls in my face 0","format":"[Gen 9] OU","log":"|j|\u2606I am lord dems\n|j|\u2606balls in my face 0\n|t:|1699904434\n|gametype|singles\n|player|p1|I am lord dems|petrel|1000\n|player|p2|balls in my face 0|fisherman-gen4|1000\n|teamsize|p1|6\n|teamsize|p2|6\n|gen|9\n|tier|[Gen 9] OU\n|rated|\n|rule|Sleep Clause Mod: Limit one foe put to sleep\n|rule|Species Clause: Limit one of each Pok\u00e9mon\n|rule|OHKO Clause: OHKO moves are banned\n|rule|Evasion Items Clause: Evasion items are banned\n|rule|Evasion Moves Clause: Evasion moves are banned\n|rule|Endless Battle Clause: Forcing endless battles is banned\n|rule|HP Percentage Mod: HP is shown in percentages\n|clearpoke\n|poke|p1|Clawitzer, M|\n|poke|p1|Regidrago|\n|poke|p1|Okidogi, M|\n|poke|p1|Flamigo, M|\n|poke|p1|Heracross, M|\n|poke|p1|Bellibolt, F|\n|poke|p2|Luvdisc, F|\n|poke|p2|Pelipper, M|\n|poke|p2|Dragapult, M|\n|poke|p2|Indeedee, M|\n|poke|p2|Ninetales-Alola, M|\n|poke|p2|Glimmora, F|\n|teampreview\n|\n|t:|1699904442\n|start\n|switch|p1a: Regidrago|Regidrago|100\/100\n|switch|p2a: Glimmora|Glimmora, F|100\/100\n|turn|1\n|\n|t:|1699904452\n|move|p1a: Regidrago|Dragon Dance|p1a: Regidrago\n|-boost|p1a: Regidrago|atk|1\n|-boost|p1a: Regidrago|spe|1\n|move|p2a: Glimmora|Stealth Rock|p1a: Regidrago\n|-sidestart|p1: I am lord dems|move: Stealth Rock\n|\n|upkeep\n|turn|2\n|\n|t:|1699904459\n|move|p1a: Regidrago|Dragon Dance|p1a: Regidrago\n|-boost|p1a: Regidrago|atk|1\n|-boost|p1a: Regidrago|spe|1\n|move|p2a: Glimmora|Spikes|p1a: Regidrago\n|-sidestart|p1: I am lord dems|Spikes\n|\n|upkeep\n|turn|3\n|\n|t:|1699904468\n|move|p1a: Regidrago|Dragon Dance|p1a: Regidrago\n|-boost|p1a: Regidrago|atk|1\n|-boost|p1a: Regidrago|spe|1\n|move|p2a: Glimmora|Spikes|p1a: Regidrago\n|-sidestart|p1: I am lord dems|Spikes\n|\n|upkeep\n|turn|4\n|\n|t:|1699904476\n|move|p1a: Regidrago|Dragon Dance|p1a: Regidrago\n|-boost|p1a: Regidrago|atk|1\n|-boost|p1a: Regidrago|spe|1\n|move|p2a: Glimmora|Spikes|p1a: Regidrago\n|-sidestart|p1: I am lord dems|Spikes\n|\n|upkeep\n|turn|5\n|\n|t:|1699904487\n|move|p2a: Glimmora|Spiky Shield|p2a: Glimmora\n|-singleturn|p2a: Glimmora|move: Protect\n|move|p1a: Regidrago|Dragon Claw|p2a: Glimmora\n|-activate|p2a: Glimmora|move: Protect\n|-damage|p1a: Regidrago|88\/100|[from] Spiky Shield|[of] p2a: Glimmora\n|\n|upkeep\n|turn|6\n|\n|t:|1699904495\n|switch|p2a: Ninetales|Ninetales-Alola, M|100\/100\n|-weather|Snow|[from] ability: Snow Warning|[of] p2a: Ninetales\n|move|p1a: Regidrago|Dragon Claw|p2a: Ninetales\n|-immune|p2a: Ninetales\n|\n|-weather|Snow|[upkeep]\n|upkeep\n|turn|7\n|\n|t:|1699904516\n|-terastallize|p1a: Regidrago|Steel\n|move|p1a: Regidrago|Earthquake|p2a: Ninetales\n|-damage|p2a: Ninetales|0 fnt\n|faint|p2a: Ninetales\n|-damage|p1a: Regidrago|78\/100|[from] item: Life Orb\n|\n|-weather|Snow|[upkeep]\n|upkeep\n|\n|t:|1699904546\n|switch|p2a: Dragapult|Dragapult, M|100\/100\n|turn|8\n|\n|t:|1699904552\n|move|p1a: Regidrago|Dragon Claw|p2a: Dragapult\n|-supereffective|p2a: Dragapult\n|-damage|p2a: Dragapult|0 fnt\n|faint|p2a: Dragapult\n|-damage|p1a: Regidrago|68\/100|[from] item: Life Orb\n|\n|-weather|Snow|[upkeep]\n|upkeep\n|\n|t:|1699904555\n|switch|p2a: Pelipper|Pelipper, M|100\/100\n|-weather|RainDance|[from] ability: Drizzle|[of] p2a: Pelipper\n|turn|9\n|\n|t:|1699904564\n|move|p1a: Regidrago|Dragon Claw|p2a: Pelipper\n|-damage|p2a: Pelipper|0 fnt\n|faint|p2a: Pelipper\n|-damage|p1a: Regidrago|58\/100|[from] item: Life Orb\n|\n|-weather|RainDance|[upkeep]\n|upkeep\n|\n|t:|1699904568\n|switch|p2a: Glimmora|Glimmora, F|100\/100\n|turn|10\n|\n|t:|1699904574\n|move|p2a: Glimmora|Spiky Shield|p2a: Glimmora\n|-singleturn|p2a: Glimmora|move: Protect\n|move|p1a: Regidrago|Dragon Claw|p2a: Glimmora\n|-activate|p2a: Glimmora|move: Protect\n|-damage|p1a: Regidrago|46\/100|[from] Spiky Shield|[of] p2a: Glimmora\n|\n|-weather|RainDance|[upkeep]\n|upkeep\n|turn|11\n|\n|t:|1699904583\n|move|p2a: Glimmora|Spiky Shield|p2a: Glimmora\n|-singleturn|p2a: Glimmora|move: Protect\n|move|p1a: Regidrago|Dragon Claw|p2a: Glimmora\n|-activate|p2a: Glimmora|move: Protect\n|-damage|p1a: Regidrago|33\/100|[from] Spiky Shield|[of] p2a: Glimmora\n|\n|-weather|RainDance|[upkeep]\n|upkeep\n|turn|12\n|\n|t:|1699904593\n|move|p2a: Glimmora|Spiky Shield||[still]\n|-fail|p2a: Glimmora\n|move|p1a: Regidrago|Dragon Claw|p2a: Glimmora\n|-damage|p2a: Glimmora|0 fnt\n|-activate|p2a: Glimmora|ability: Toxic Debris\n|-sidestart|p1: I am lord dems|move: Toxic Spikes\n|faint|p2a: Glimmora\n|-damage|p1a: Regidrago|23\/100|[from] item: Life Orb\n|\n|-weather|RainDance|[upkeep]\n|upkeep\n|\n|t:|1699904595\n|switch|p2a: Indeedee|Indeedee, M|100\/100\n|-fieldstart|move: Psychic Terrain|[from] ability: Psychic Surge|[of] p2a: Indeedee\n|turn|13\n|\n|t:|1699904608\n|move|p2a: Indeedee|Fake Out|p1a: Regidrago\n|-activate|p1a: Regidrago|move: Psychic Terrain\n|move|p1a: Regidrago|Dragon Claw|p2a: Indeedee\n|-damage|p2a: Indeedee|0 fnt\n|faint|p2a: Indeedee\n|-damage|p1a: Regidrago|13\/100|[from] item: Life Orb\n|\n|-weather|RainDance|[upkeep]\n|upkeep\n|\n|t:|1699904613\n|switch|p2a: Slaughter|Luvdisc, F, shiny|100\/100\n|turn|14\n|\n|t:|1699904622\n|move|p1a: Regidrago|Dragon Claw|p2a: Slaughter\n|-damage|p2a: Slaughter|0 fnt\n|faint|p2a: Slaughter\n|-damage|p1a: Regidrago|3\/100|[from] item: Life Orb\n|\n|win|I am lord dems\n|raw|I am lord dems's rating: 1000 &rarr; <strong>1040<\/strong><br \/>(+40 for winning)\n|raw|balls in my face 0's rating: 1000 &rarr; <strong>1000<\/strong><br \/>(+0 for losing)\n|c|\u2606balls in my face 0|luvdisc clutch\n|c|\u2606balls in my face 0|trust\n","uploadtime":1699904631,"views":13,"p1id":"iamlorddems","p2id":"ballsinmyface0","formatid":"gen9ou","rating":1000,"private":0,"password":""}