{"id":"gen9ou-1990258370","p1":"ratatta17","p2":"KeeganBartends","format":"[Gen 9] OU","log":"|j|\u2606ratatta17\n|j|\u2606KeeganBartends\n|t:|1699946078\n|gametype|singles\n|player|p1|ratatta17|2|1439\n|player|p2|KeeganBartends|102|1390\n|teamsize|p1|6\n|teamsize|p2|6\n|gen|9\n|tier|[Gen 9] OU\n|rated|\n|rule|Sleep Clause Mod: Limit one foe put to sleep\n|rule|Species Clause: Limit one of each Pok\u00e9mon\n|rule|OHKO Clause: OHKO moves are banned\n|rule|Evasion Items Clause: Evasion items are banned\n|rule|Evasion Moves Clause: Evasion moves are banned\n|rule|Endless Battle Clause: Forcing endless battles is banned\n|rule|HP Percentage Mod: HP is shown in percentages\n|clearpoke\n|poke|p1|Azumarill, F|\n|poke|p1|Staraptor, F|\n|poke|p1|Toedscruel, F|\n|poke|p1|Skeledirge, F|\n|poke|p1|Ninetales-Alola, F|\n|poke|p1|Iron Valiant|\n|poke|p2|Manaphy|\n|poke|p2|Kingambit, F|\n|poke|p2|Ribombee, M|\n|poke|p2|Gholdengo|\n|poke|p2|Iron Moth|\n|poke|p2|Ogerpon-Wellspring, F|\n|teampreview\n|inactive|Battle timer is ON: inactive players will automatically lose when time's up. (requested by KeeganBartends)\n|\n|t:|1699946084\n|start\n|switch|p1a: Toedscruel|Toedscruel, F|100\/100\n|switch|p2a: wildfiree|Ribombee, M, shiny|100\/100\n|turn|1\n|\n|t:|1699946092\n|move|p2a: wildfiree|Sticky Web|p1a: Toedscruel\n|-sidestart|p1: ratatta17|move: Sticky Web\n|move|p1a: Toedscruel|Rapid Spin|p2a: wildfiree\n|-damage|p2a: wildfiree|84\/100\n|-boost|p1a: Toedscruel|spe|1\n|-sideend|p1: ratatta17|Sticky Web|[from] move: Rapid Spin|[of] p1a: Toedscruel\n|\n|upkeep\n|turn|2\n|\n|t:|1699946097\n|switch|p2a: wessin|Gholdengo|100\/100\n|-item|p2a: wessin|Air Balloon\n|move|p1a: Toedscruel|Leech Seed|p2a: wessin\n|-start|p2a: wessin|move: Leech Seed\n|\n|-damage|p2a: wessin|88\/100|[from] Leech Seed|[of] p1a: Toedscruel\n|upkeep\n|turn|3\n|\n|t:|1699946103\n|move|p2a: wessin|Nasty Plot|p2a: wessin\n|-boost|p2a: wessin|spa|2\n|move|p1a: Toedscruel|Spore|p2a: wessin\n|-status|p2a: wessin|slp|[from] move: Spore\n|\n|-damage|p2a: wessin|75\/100 slp|[from] Leech Seed|[of] p1a: Toedscruel\n|upkeep\n|turn|4\n|\n|t:|1699946106\n|move|p1a: Toedscruel|Knock Off|p2a: wessin\n|-supereffective|p2a: wessin\n|-damage|p2a: wessin|43\/100 slp\n|-enditem|p2a: wessin|Air Balloon\n|cant|p2a: wessin|slp\n|\n|-damage|p2a: wessin|31\/100 slp|[from] Leech Seed|[of] p1a: Toedscruel\n|upkeep\n|turn|5\n|\n|t:|1699946111\n|move|p1a: Toedscruel|Knock Off|p2a: wessin\n|-supereffective|p2a: wessin\n|-damage|p2a: wessin|6\/100 slp\n|cant|p2a: wessin|slp\n|\n|-damage|p2a: wessin|0 fnt|[from] Leech Seed|[of] p1a: Toedscruel\n|faint|p2a: wessin\n|upkeep\n|\n|t:|1699946116\n|switch|p2a: scarlet|Iron Moth|100\/100\n|-enditem|p2a: scarlet|Booster Energy\n|-activate|p2a: scarlet|ability: Quark Drive|[fromitem]\n|-start|p2a: scarlet|quarkdrivespe\n|turn|6\n|\n|t:|1699946118\n|switch|p1a: Skeledirge|Skeledirge, F|100\/100\n|move|p2a: scarlet|Substitute|p2a: scarlet\n|-start|p2a: scarlet|Substitute\n|-damage|p2a: scarlet|76\/100\n|\n|upkeep\n|turn|7\n|\n|t:|1699946123\n|move|p2a: scarlet|Fiery Dance|p1a: Skeledirge\n|-resisted|p1a: Skeledirge\n|-damage|p1a: Skeledirge|87\/100\n|move|p1a: Skeledirge|Torch Song|p2a: scarlet\n|-resisted|p2a: scarlet\n|-damage|p2a: scarlet|60\/100\n|-boost|p1a: Skeledirge|spa|1\n|\n|-heal|p1a: Skeledirge|93\/100|[from] item: Leftovers\n|upkeep\n|turn|8\n|\n|t:|1699946126\n|move|p2a: scarlet|Fiery Dance|p1a: Skeledirge\n|-resisted|p1a: Skeledirge\n|-damage|p1a: Skeledirge|80\/100\n|move|p1a: Skeledirge|Torch Song|p2a: scarlet\n|-resisted|p2a: scarlet\n|-damage|p2a: scarlet|38\/100\n|-boost|p1a: Skeledirge|spa|1\n|\n|-heal|p1a: Skeledirge|86\/100|[from] item: Leftovers\n|upkeep\n|turn|9\n|\n|t:|1699946135\n|-end|p2a: scarlet|Quark Drive|[silent]\n|switch|p2a: HPDARKEAGLE|Manaphy|100\/100\n|move|p1a: Skeledirge|Torch Song|p2a: HPDARKEAGLE\n|-resisted|p2a: HPDARKEAGLE\n|-damage|p2a: HPDARKEAGLE|75\/100\n|-boost|p1a: Skeledirge|spa|1\n|\n|-heal|p2a: HPDARKEAGLE|81\/100|[from] item: Leftovers\n|-heal|p1a: Skeledirge|92\/100|[from] item: Leftovers\n|upkeep\n|turn|10\n|\n|t:|1699946143\n|switch|p1a: Ninetales|Ninetales-Alola, F|100\/100\n|-weather|Snow|[from] ability: Snow Warning|[of] p1a: Ninetales\n|move|p2a: HPDARKEAGLE|Take Heart|p2a: HPDARKEAGLE\n|-boost|p2a: HPDARKEAGLE|spa|1\n|-boost|p2a: HPDARKEAGLE|spd|1\n|\n|-weather|Snow|[upkeep]\n|-heal|p2a: HPDARKEAGLE|87\/100|[from] item: Leftovers\n|upkeep\n|turn|11\n|\n|t:|1699946148\n|move|p2a: HPDARKEAGLE|Take Heart|p2a: HPDARKEAGLE\n|-boost|p2a: HPDARKEAGLE|spa|1\n|-boost|p2a: HPDARKEAGLE|spd|1\n|move|p1a: Ninetales|Encore|p2a: HPDARKEAGLE\n|-start|p2a: HPDARKEAGLE|Encore\n|\n|-weather|Snow|[upkeep]\n|-heal|p2a: HPDARKEAGLE|93\/100|[from] item: Leftovers\n|upkeep\n|turn|12\n|\n|t:|1699946152\n|switch|p1a: Staraptor|Staraptor, F|100\/100\n|-ability|p1a: Staraptor|Intimidate|boost\n|-unboost|p2a: HPDARKEAGLE|atk|1\n|move|p2a: HPDARKEAGLE|Take Heart|p2a: HPDARKEAGLE\n|-boost|p2a: HPDARKEAGLE|spa|1\n|-boost|p2a: HPDARKEAGLE|spd|1\n|\n|-weather|Snow|[upkeep]\n|-heal|p2a: HPDARKEAGLE|99\/100|[from] item: Leftovers\n|upkeep\n|turn|13\n|\n|t:|1699946159\n|move|p1a: Staraptor|Final Gambit|p2a: HPDARKEAGLE\n|-damage|p2a: HPDARKEAGLE|0 fnt\n|faint|p1a: Staraptor\n|faint|p2a: HPDARKEAGLE\n|\n|-weather|Snow|[upkeep]\n|upkeep\n|\n|t:|1699946168\n|switch|p1a: Toedscruel|Toedscruel, F|100\/100\n|switch|p2a: wildfiree|Ribombee, M, shiny|84\/100\n|turn|14\n|\n|t:|1699946175\n|move|p2a: wildfiree|Moonblast|p1a: Toedscruel\n|-damage|p1a: Toedscruel|66\/100\n|-unboost|p1a: Toedscruel|spa|1\n|move|p1a: Toedscruel|Rapid Spin|p2a: wildfiree\n|-damage|p2a: wildfiree|67\/100\n|-boost|p1a: Toedscruel|spe|1\n|\n|-weather|none\n|-heal|p1a: Toedscruel|72\/100|[from] item: Leftovers\n|upkeep\n|turn|15\n|\n|t:|1699946185\n|move|p2a: wildfiree|Moonblast|p1a: Toedscruel\n|-damage|p1a: Toedscruel|42\/100\n|-unboost|p1a: Toedscruel|spa|1\n|move|p1a: Toedscruel|Spore|p2a: wildfiree\n|-status|p2a: wildfiree|slp|[from] move: Spore\n|\n|-heal|p1a: Toedscruel|48\/100|[from] item: Leftovers\n|upkeep\n|turn|16\n|\n|t:|1699946195\n|switch|p2a: scarlet|Iron Moth|38\/100\n|move|p1a: Toedscruel|Leech Seed|p2a: scarlet\n|-start|p2a: scarlet|move: Leech Seed\n|\n|-heal|p1a: Toedscruel|54\/100|[from] item: Leftovers\n|-damage|p2a: scarlet|26\/100|[from] Leech Seed|[of] p1a: Toedscruel\n|-heal|p1a: Toedscruel|64\/100|[silent]\n|upkeep\n|turn|17\n|\n|t:|1699946199\n|switch|p1a: Skeledirge|Skeledirge, F|92\/100\n|move|p2a: scarlet|Fiery Dance|p1a: Skeledirge\n|-resisted|p1a: Skeledirge\n|-crit|p1a: Skeledirge\n|-damage|p1a: Skeledirge|70\/100\n|-boost|p2a: scarlet|spa|1\n|\n|-heal|p1a: Skeledirge|76\/100|[from] item: Leftovers\n|-damage|p2a: scarlet|13\/100|[from] Leech Seed|[of] p1a: Skeledirge\n|-heal|p1a: Skeledirge|85\/100|[silent]\n|upkeep\n|turn|18\n|\n|t:|1699946203\n|move|p2a: scarlet|Psychic|p1a: Skeledirge\n|-damage|p1a: Skeledirge|62\/100\n|move|p1a: Skeledirge|Torch Song|p2a: scarlet\n|-resisted|p2a: scarlet\n|-damage|p2a: scarlet|0 fnt\n|-boost|p1a: Skeledirge|spa|1\n|faint|p2a: scarlet\n|-end|p2a: scarlet|Quark Drive|[silent]\n|\n|-heal|p1a: Skeledirge|68\/100|[from] item: Leftovers\n|upkeep\n|\n|t:|1699946207\n|switch|p2a: faya|Ogerpon-Wellspring, F|100\/100\n|turn|19\n|\n|t:|1699946213\n|-terastallize|p2a: faya|Water\n|detailschange|p2a: faya|Ogerpon-Wellspring-Tera, F, tera:Water\n|-ability|p2a: faya|Embody Aspect (Wellspring)|boost\n|-boost|p2a: faya|spd|1\n|-terastallize|p1a: Skeledirge|Dragon\n|move|p2a: faya|Ivy Cudgel|p1a: Skeledirge\n|-resisted|p1a: Skeledirge\n|-damage|p1a: Skeledirge|36\/100\n|move|p1a: Skeledirge|Will-O-Wisp|p2a: faya\n|-status|p2a: faya|brn\n|\n|-heal|p1a: Skeledirge|42\/100|[from] item: Leftovers\n|-damage|p2a: faya|95\/100 brn|[from] brn\n|upkeep\n|turn|20\n|\n|t:|1699946222\n|move|p2a: faya|Encore|p1a: Skeledirge\n|-start|p1a: Skeledirge|Encore\n|move|p1a: Skeledirge|Will-O-Wisp|p2a: faya\n|-fail|p2a: faya|brn\n|\n|-heal|p1a: Skeledirge|48\/100|[from] item: Leftovers\n|-damage|p2a: faya|89\/100 brn|[from] brn\n|upkeep\n|turn|21\n|\n|t:|1699946227\n|switch|p1a: Ninetales|Ninetales-Alola, F|100\/100\n|-weather|Snow|[from] ability: Snow Warning|[of] p1a: Ninetales\n|move|p2a: faya|Swords Dance|p2a: faya\n|-boost|p2a: faya|atk|2\n|\n|-weather|Snow|[upkeep]\n|-damage|p2a: faya|83\/100 brn|[from] brn\n|upkeep\n|turn|22\n|\n|t:|1699946232\n|move|p2a: faya|Ivy Cudgel|p1a: Ninetales\n|-damage|p1a: Ninetales|41\/100\n|move|p1a: Ninetales|Encore|p2a: faya\n|-start|p2a: faya|Encore\n|\n|-weather|Snow|[upkeep]\n|-damage|p2a: faya|77\/100 brn|[from] brn\n|upkeep\n|turn|23\n|\n|t:|1699946238\n|switch|p1a: Toedscruel|Toedscruel, F|64\/100\n|move|p2a: faya|Ivy Cudgel|p1a: Toedscruel\n|-damage|p1a: Toedscruel|0 fnt\n|faint|p1a: Toedscruel\n|\n|-weather|Snow|[upkeep]\n|-damage|p2a: faya|71\/100 brn|[from] brn\n|upkeep\n|\n|t:|1699946246\n|switch|p1a: Skeledirge|Skeledirge, F, tera:Dragon|48\/100\n|turn|24\n|\n|t:|1699946251\n|move|p2a: faya|Ivy Cudgel|p1a: Skeledirge\n|-resisted|p1a: Skeledirge\n|-damage|p1a: Skeledirge|31\/100\n|move|p1a: Skeledirge|Slack Off|p1a: Skeledirge\n|-heal|p1a: Skeledirge|81\/100\n|\n|-weather|Snow|[upkeep]\n|-heal|p1a: Skeledirge|87\/100|[from] item: Leftovers\n|-damage|p2a: faya|65\/100 brn|[from] brn\n|upkeep\n|turn|25\n|\n|t:|1699946259\n|switch|p2a: awyp|Kingambit, F|100\/100\n|-activate|p2a: awyp|ability: Supreme Overlord\n|-start|p2a: awyp|fallen3|[silent]\n|move|p1a: Skeledirge|Hex|p2a: awyp\n|-resisted|p2a: awyp\n|-damage|p2a: awyp|86\/100\n|\n|-weather|none\n|-heal|p1a: Skeledirge|93\/100|[from] item: Leftovers\n|upkeep\n|turn|26\n|\n|t:|1699946266\n|move|p2a: awyp|Kowtow Cleave|p1a: Skeledirge\n|-damage|p1a: Skeledirge|24\/100\n|move|p1a: Skeledirge|Will-O-Wisp|p2a: awyp\n|-status|p2a: awyp|brn\n|\n|-heal|p1a: Skeledirge|30\/100|[from] item: Leftovers\n|-damage|p2a: awyp|80\/100 brn|[from] brn\n|upkeep\n|turn|27\n|\n|t:|1699946279\n|switch|p1a: Azumarill|Azumarill, F|100\/100\n|move|p2a: awyp|Kowtow Cleave|p1a: Azumarill\n|-resisted|p1a: Azumarill\n|-crit|p1a: Azumarill\n|-damage|p1a: Azumarill|70\/100\n|\n|-damage|p2a: awyp|74\/100 brn|[from] brn\n|upkeep\n|turn|28\n|\n|t:|1699946286\n|-end|p2a: awyp|fallen3|[silent]\n|switch|p2a: faya|Ogerpon-Wellspring-Tera, F, tera:Water|65\/100 brn\n|-ability|p2a: faya|Embody Aspect (Wellspring)|boost\n|-boost|p2a: faya|spd|1\n|move|p1a: Azumarill|Aqua Jet|p2a: faya\n|-resisted|p2a: faya\n|-damage|p2a: faya|47\/100 brn\n|\n|-damage|p2a: faya|41\/100 brn|[from] brn\n|upkeep\n|turn|29\n|\n|t:|1699946294\n|switch|p1a: Ninetales|Ninetales-Alola, F|41\/100\n|-weather|Snow|[from] ability: Snow Warning|[of] p1a: Ninetales\n|move|p2a: faya|Encore||[still]\n|-fail|p2a: faya\n|\n|-weather|Snow|[upkeep]\n|-damage|p2a: faya|35\/100 brn|[from] brn\n|upkeep\n|turn|30\n|\n|t:|1699946299\n|move|p2a: faya|Ivy Cudgel|p1a: Ninetales\n|-damage|p1a: Ninetales|9\/100\n|move|p1a: Ninetales|Aurora Veil|p1a: Ninetales\n|-sidestart|p1: ratatta17|move: Aurora Veil\n|\n|-weather|Snow|[upkeep]\n|-damage|p2a: faya|29\/100 brn|[from] brn\n|upkeep\n|turn|31\n|\n|t:|1699946305\n|move|p1a: Ninetales|Ice Shard|p2a: faya\n|-resisted|p2a: faya\n|-damage|p2a: faya|23\/100 brn\n|move|p2a: faya|Encore|p1a: Ninetales\n|-start|p1a: Ninetales|Encore\n|\n|-weather|Snow|[upkeep]\n|-damage|p2a: faya|17\/100 brn|[from] brn\n|upkeep\n|turn|32\n|\n|t:|1699946310\n|move|p1a: Ninetales|Ice Shard|p2a: faya\n|-resisted|p2a: faya\n|-damage|p2a: faya|10\/100 brn\n|move|p2a: faya|Power Whip|p1a: Ninetales\n|-damage|p1a: Ninetales|0 fnt\n|faint|p1a: Ninetales\n|\n|-weather|Snow|[upkeep]\n|-damage|p2a: faya|4\/100 brn|[from] brn\n|upkeep\n|\n|t:|1699946316\n|switch|p1a: Skeledirge|Skeledirge, F, tera:Dragon|30\/100\n|turn|33\n|\n|t:|1699946318\n|move|p2a: faya|Ivy Cudgel|p1a: Skeledirge\n|-resisted|p1a: Skeledirge\n|-damage|p1a: Skeledirge|22\/100\n|move|p1a: Skeledirge|Slack Off|p1a: Skeledirge\n|-heal|p1a: Skeledirge|72\/100\n|\n|-weather|none\n|-heal|p1a: Skeledirge|78\/100|[from] item: Leftovers\n|-damage|p2a: faya|0 fnt|[from] brn\n|faint|p2a: faya\n|upkeep\n|\n|t:|1699946321\n|switch|p2a: wildfiree|Ribombee, M, shiny|67\/100 slp\n|turn|34\n|\n|t:|1699946323\n|cant|p2a: wildfiree|slp\n|move|p1a: Skeledirge|Torch Song|p2a: wildfiree\n|-supereffective|p2a: wildfiree\n|-damage|p2a: wildfiree|0 fnt\n|-boost|p1a: Skeledirge|spa|1\n|faint|p2a: wildfiree\n|\n|-heal|p1a: Skeledirge|84\/100|[from] item: Leftovers\n|upkeep\n|\n|t:|1699946326\n|switch|p2a: awyp|Kingambit, F|74\/100 brn\n|-activate|p2a: awyp|ability: Supreme Overlord\n|-start|p2a: awyp|fallen5|[silent]\n|turn|35\n|-message|KeeganBartends forfeited.\n|\n|win|ratatta17\n|raw|ratatta17's rating: 1439 &rarr; <strong>1456<\/strong><br \/>(+17 for winning)\n|raw|KeeganBartends's rating: 1390 &rarr; <strong>1373<\/strong><br \/>(-17 for losing)\n|l|\u2606KeeganBartends\n","uploadtime":1699946333,"views":14,"p1id":"ratatta17","p2id":"keeganbartends","formatid":"gen9ou","rating":1373,"private":0,"password":""}