{"id":"gen9ou-1994819896","p1":"huh blue","p2":"Kurosu eX","format":"[Gen 9] OU","log":"|j|\u2606huh blue\n|j|\u2606Kurosu eX\n|t:|1700495786\n|gametype|singles\n|player|p1|huh blue|depotagent|1674\n|player|p2|Kurosu eX|alec-anime|1688\n|teamsize|p1|6\n|teamsize|p2|6\n|gen|9\n|tier|[Gen 9] OU\n|rated|\n|rule|Sleep Clause Mod: Limit one foe put to sleep\n|rule|Species Clause: Limit one of each Pok\u00e9mon\n|rule|OHKO Clause: OHKO moves are banned\n|rule|Evasion Items Clause: Evasion items are banned\n|rule|Evasion Moves Clause: Evasion moves are banned\n|rule|Endless Battle Clause: Forcing endless battles is banned\n|rule|HP Percentage Mod: HP is shown in percentages\n|clearpoke\n|poke|p1|Ribombee, M|\n|poke|p1|Manaphy|\n|poke|p1|Kingambit, M|\n|poke|p1|Great Tusk|\n|poke|p1|Iron Moth|\n|poke|p1|Gholdengo|\n|poke|p2|Kingambit, F|\n|poke|p2|Glimmora, F|\n|poke|p2|Zamazenta-*|\n|poke|p2|Iron Valiant|\n|poke|p2|Ogerpon-Wellspring, F|\n|poke|p2|Gholdengo|\n|teampreview\n|inactive|Battle timer is ON: inactive players will automatically lose when time's up. (requested by huh blue)\n|j| mew852\n|\n|t:|1700495806\n|start\n|switch|p1a: Manaphy|Manaphy|100\/100\n|switch|p2a: Glimmora|Glimmora, F|100\/100\n|turn|1\n|\n|t:|1700495812\n|move|p2a: Glimmora|Stealth Rock|p1a: Manaphy\n|-sidestart|p1: huh blue|move: Stealth Rock\n|move|p1a: Manaphy|Acid Armor|p1a: Manaphy\n|-boost|p1a: Manaphy|def|2\n|\n|upkeep\n|turn|2\n|\n|t:|1700495818\n|switch|p2a: Iron Valiant|Iron Valiant|100\/100\n|-enditem|p2a: Iron Valiant|Booster Energy\n|-activate|p2a: Iron Valiant|ability: Quark Drive|[fromitem]\n|-start|p2a: Iron Valiant|quarkdrivespe\n|move|p1a: Manaphy|Take Heart|p1a: Manaphy\n|-boost|p1a: Manaphy|spa|1\n|-boost|p1a: Manaphy|spd|1\n|\n|upkeep\n|turn|3\n|\n|t:|1700495825\n|move|p2a: Iron Valiant|Encore|p1a: Manaphy\n|-start|p1a: Manaphy|Encore\n|move|p1a: Manaphy|Take Heart|p1a: Manaphy\n|-boost|p1a: Manaphy|spa|1\n|-boost|p1a: Manaphy|spd|1\n|\n|upkeep\n|turn|4\n|\n|t:|1700495833\n|switch|p1a: Gholdengo|Gholdengo|100\/100\n|-damage|p1a: Gholdengo|94\/100|[from] Stealth Rock\n|-item|p1a: Gholdengo|Air Balloon\n|move|p2a: Iron Valiant|Calm Mind|p2a: Iron Valiant\n|-boost|p2a: Iron Valiant|spa|1\n|-boost|p2a: Iron Valiant|spd|1\n|\n|upkeep\n|turn|5\n|\n|t:|1700495842\n|-terastallize|p2a: Iron Valiant|Ghost\n|move|p2a: Iron Valiant|Shadow Ball|p1a: Gholdengo\n|-supereffective|p1a: Gholdengo\n|-damage|p1a: Gholdengo|0 fnt\n|-enditem|p1a: Gholdengo|Air Balloon\n|faint|p1a: Gholdengo\n|\n|upkeep\n|\n|t:|1700495850\n|switch|p1a: Kingambit|Kingambit, M|100\/100\n|-damage|p1a: Kingambit|94\/100|[from] Stealth Rock\n|-activate|p1a: Kingambit|ability: Supreme Overlord\n|-start|p1a: Kingambit|fallen1|[silent]\n|turn|6\n|\n|t:|1700495855\n|-end|p2a: Iron Valiant|Quark Drive|[silent]\n|switch|p2a: Glimmora|Glimmora, F|100\/100\n|move|p1a: Kingambit|Kowtow Cleave|p2a: Glimmora\n|-damage|p2a: Glimmora|22\/100\n|-activate|p2a: Glimmora|ability: Toxic Debris\n|-sidestart|p1: huh blue|move: Toxic Spikes\n|\n|upkeep\n|turn|7\n|\n|t:|1700495864\n|move|p2a: Glimmora|Earth Power|p1a: Kingambit\n|-supereffective|p1a: Kingambit\n|-damage|p1a: Kingambit|27\/100\n|move|p1a: Kingambit|Kowtow Cleave|p2a: Glimmora\n|-damage|p2a: Glimmora|0 fnt\n|-activate|p2a: Glimmora|ability: Toxic Debris\n|-sidestart|p1: huh blue|move: Toxic Spikes\n|faint|p2a: Glimmora\n|\n|upkeep\n|\n|t:|1700495874\n|switch|p2a: Zamazenta|Zamazenta, shiny|100\/100\n|-ability|p2a: Zamazenta|Dauntless Shield|boost\n|-boost|p2a: Zamazenta|def|1\n|turn|8\n|\n|t:|1700495878\n|-end|p1a: Kingambit|fallen1|[silent]\n|switch|p1a: Great Tusk|Great Tusk|100\/100\n|move|p2a: Zamazenta|Iron Defense|p2a: Zamazenta\n|-boost|p2a: Zamazenta|def|2\n|\n|upkeep\n|turn|9\n|\n|t:|1700495883\n|switch|p2a: Gholdengo|Gholdengo|100\/100\n|-item|p2a: Gholdengo|Air Balloon\n|move|p1a: Great Tusk|Rapid Spin|p2a: Gholdengo\n|-immune|p2a: Gholdengo\n|\n|upkeep\n|turn|10\n|\n|t:|1700495889\n|-terastallize|p1a: Great Tusk|Ice\n|move|p1a: Great Tusk|Knock Off|p2a: Gholdengo\n|-supereffective|p2a: Gholdengo\n|-damage|p2a: Gholdengo|18\/100\n|-enditem|p2a: Gholdengo|Air Balloon\n|move|p2a: Gholdengo|Make It Rain|p1a: Great Tusk\n|-supereffective|p1a: Great Tusk\n|-damage|p1a: Great Tusk|0 fnt\n|-unboost|p2a: Gholdengo|spa|1\n|faint|p1a: Great Tusk\n|-end|p1a: Great Tusk|Protosynthesis|[silent]\n|\n|upkeep\n|\n|t:|1700495895\n|switch|p1a: Ribombee|Ribombee, M|100\/100\n|-damage|p1a: Ribombee|76\/100|[from] Stealth Rock\n|-status|p1a: Ribombee|tox\n|turn|11\n|\n|t:|1700495910\n|switch|p2a: Zamazenta|Zamazenta, shiny|100\/100\n|move|p1a: Ribombee|Sticky Web|p2a: Zamazenta\n|-sidestart|p2: Kurosu eX|move: Sticky Web\n|\n|-damage|p1a: Ribombee|69\/100 tox|[from] psn\n|upkeep\n|turn|12\n|\n|t:|1700495918\n|move|p1a: Ribombee|Stun Spore|p2a: Zamazenta\n|-status|p2a: Zamazenta|par\n|move|p2a: Zamazenta|Stone Edge|p1a: Ribombee\n|-supereffective|p1a: Ribombee\n|-damage|p1a: Ribombee|0 fnt\n|faint|p1a: Ribombee\n|\n|upkeep\n|\n|t:|1700495925\n|switch|p1a: Iron Moth|Iron Moth|100\/100\n|-damage|p1a: Iron Moth|75\/100|[from] Stealth Rock\n|-sideend|p1: huh blue|move: Toxic Spikes|[of] p1a: Iron Moth\n|-enditem|p1a: Iron Moth|Booster Energy\n|-activate|p1a: Iron Moth|ability: Quark Drive|[fromitem]\n|-start|p1a: Iron Moth|quarkdrivespe\n|turn|13\n|\n|t:|1700495937\n|move|p1a: Iron Moth|Psychic|p2a: Zamazenta\n|-supereffective|p2a: Zamazenta\n|-damage|p2a: Zamazenta|48\/100 par\n|move|p2a: Zamazenta|Stone Edge|p1a: Iron Moth\n|-supereffective|p1a: Iron Moth\n|-damage|p1a: Iron Moth|0 fnt\n|faint|p1a: Iron Moth\n|-end|p1a: Iron Moth|Quark Drive|[silent]\n|\n|-heal|p2a: Zamazenta|54\/100 par|[from] item: Leftovers\n|upkeep\n|\n|t:|1700495940\n|switch|p1a: Manaphy|Manaphy|100\/100\n|-damage|p1a: Manaphy|88\/100|[from] Stealth Rock\n|turn|14\n|\n|t:|1700495948\n|switch|p2a: Iron Valiant|Iron Valiant, tera:Ghost|100\/100\n|-activate|p2a: Iron Valiant|move: Sticky Web\n|-unboost|p2a: Iron Valiant|spe|1\n|move|p1a: Manaphy|Acid Armor|p1a: Manaphy\n|-boost|p1a: Manaphy|def|2\n|\n|-heal|p1a: Manaphy|94\/100|[from] item: Leftovers\n|upkeep\n|turn|15\n|j| CassBubble\n|\n|t:|1700495953\n|move|p1a: Manaphy|Scald|p2a: Iron Valiant\n|-damage|p2a: Iron Valiant|29\/100\n|move|p2a: Iron Valiant|Encore|p1a: Manaphy\n|-start|p1a: Manaphy|Encore\n|\n|-heal|p1a: Manaphy|99\/100|[from] item: Leftovers\n|upkeep\n|turn|16\n|\n|t:|1700495960\n|switch|p1a: Kingambit|Kingambit, M|27\/100\n|-damage|p1a: Kingambit|21\/100|[from] Stealth Rock\n|-activate|p1a: Kingambit|ability: Supreme Overlord\n|-start|p1a: Kingambit|fallen4|[silent]\n|-end|p2a: Iron Valiant|Quark Drive|[silent]\n|switch|p2a: Ogerpon|Ogerpon-Wellspring, F|100\/100\n|-activate|p2a: Ogerpon|move: Sticky Web\n|-unboost|p2a: Ogerpon|spe|1\n|\n|upkeep\n|turn|17\n|\n|t:|1700495967\n|-end|p1a: Kingambit|fallen4|[silent]\n|switch|p1a: Manaphy|Manaphy|99\/100\n|-damage|p1a: Manaphy|88\/100|[from] Stealth Rock\n|move|p2a: Ogerpon|Ivy Cudgel|p1a: Manaphy|[anim] Ivy Cudgel Water\n|-resisted|p1a: Manaphy\n|-damage|p1a: Manaphy|64\/100\n|\n|-heal|p1a: Manaphy|70\/100|[from] item: Leftovers\n|upkeep\n|turn|18\n|\n|t:|1700495975\n|move|p1a: Manaphy|Acid Armor|p1a: Manaphy\n|-boost|p1a: Manaphy|def|2\n|move|p2a: Ogerpon|Power Whip|p1a: Manaphy\n|-supereffective|p1a: Manaphy\n|-damage|p1a: Manaphy|5\/100\n|\n|-heal|p1a: Manaphy|11\/100|[from] item: Leftovers\n|upkeep\n|turn|19\n|\n|t:|1700495984\n|move|p1a: Manaphy|Stored Power|p2a: Ogerpon\n|-damage|p2a: Ogerpon|77\/100\n|move|p2a: Ogerpon|Power Whip|p1a: Manaphy\n|-supereffective|p1a: Manaphy\n|-damage|p1a: Manaphy|0 fnt\n|faint|p1a: Manaphy\n|\n|upkeep\n|\n|t:|1700495987\n|switch|p1a: Kingambit|Kingambit, M|21\/100\n|-damage|p1a: Kingambit|15\/100|[from] Stealth Rock\n|-activate|p1a: Kingambit|ability: Supreme Overlord\n|-start|p1a: Kingambit|fallen5|[silent]\n|turn|20\n|\n|t:|1700495991\n|move|p1a: Kingambit|Sucker Punch|p2a: Ogerpon\n|-damage|p2a: Ogerpon|0 fnt\n|faint|p2a: Ogerpon\n|\n|upkeep\n|\n|t:|1700495998\n|switch|p2a: Kingambit|Kingambit, F|100\/100\n|-activate|p2a: Kingambit|move: Sticky Web\n|-unboost|p2a: Kingambit|spe|1\n|-activate|p2a: Kingambit|ability: Supreme Overlord\n|-start|p2a: Kingambit|fallen2|[silent]\n|turn|21\n|\n|t:|1700496002\n|move|p1a: Kingambit|Swords Dance|p1a: Kingambit\n|-boost|p1a: Kingambit|atk|2\n|move|p2a: Kingambit|Kowtow Cleave|p1a: Kingambit\n|-resisted|p1a: Kingambit\n|-damage|p1a: Kingambit|0 fnt\n|faint|p1a: Kingambit\n|-end|p1a: Kingambit|fallen5|[silent]\n|\n|win|Kurosu eX\n|raw|huh blue's rating: 1674 &rarr; <strong>1655<\/strong><br \/>(-19 for losing)\n|raw|Kurosu eX's rating: 1688 &rarr; <strong>1707<\/strong><br \/>(+19 for winning)\n|l|\u2606huh blue\n","uploadtime":1700496010,"views":5,"p1id":"huhblue","p2id":"kurosuex","formatid":"gen9ou","rating":1655,"private":0,"password":""}