{"id":"gen9ou-1994384918","p1":"Vixen 4 Life","p2":"I4SU","format":"[Gen 9] OU","log":"|j|\u2606Vixen 4 Life\n|j|\u2606I4SU\n|t:|1700437831\n|gametype|singles\n|player|p1|Vixen 4 Life|penny|1279\n|player|p2|I4SU|hiker|1331\n|teamsize|p1|6\n|teamsize|p2|6\n|gen|9\n|tier|[Gen 9] OU\n|rated|\n|rule|Sleep Clause Mod: Limit one foe put to sleep\n|rule|Species Clause: Limit one of each Pok\u00e9mon\n|rule|OHKO Clause: OHKO moves are banned\n|rule|Evasion Items Clause: Evasion items are banned\n|rule|Evasion Moves Clause: Evasion moves are banned\n|rule|Endless Battle Clause: Forcing endless battles is banned\n|rule|HP Percentage Mod: HP is shown in percentages\n|clearpoke\n|poke|p1|Toxapex, M|\n|poke|p1|Clodsire, M|\n|poke|p1|Corviknight, M|\n|poke|p1|Skeledirge, M|\n|poke|p1|Slowking-Galar, M|\n|poke|p1|Ting-Lu|\n|poke|p2|Great Tusk|\n|poke|p2|Kingambit, M|\n|poke|p2|Gholdengo|\n|poke|p2|Samurott-Hisui, M|\n|poke|p2|Iron Valiant|\n|poke|p2|Zapdos|\n|teampreview\n|inactive|Battle timer is ON: inactive players will automatically lose when time's up. (requested by I4SU)\n|\n|t:|1700437842\n|start\n|switch|p1a: Ting-Lu Reaction|Ting-Lu|100\/100\n|switch|p2a: Samurott|Samurott-Hisui, M|100\/100\n|-ability|p1a: Ting-Lu Reaction|Vessel of Ruin\n|turn|1\n|\n|t:|1700437848\n|move|p2a: Samurott|Ceaseless Edge|p1a: Ting-Lu Reaction\n|-resisted|p1a: Ting-Lu Reaction\n|-damage|p1a: Ting-Lu Reaction|88\/100\n|-sidestart|p1: Vixen 4 Life|Spikes\n|move|p1a: Ting-Lu Reaction|Earthquake|p2a: Samurott\n|-damage|p2a: Samurott|7\/100\n|\n|upkeep\n|turn|2\n|\n|t:|1700437856\n|move|p2a: Samurott|Ceaseless Edge|p1a: Ting-Lu Reaction\n|-resisted|p1a: Ting-Lu Reaction\n|-damage|p1a: Ting-Lu Reaction|76\/100\n|-sidestart|p1: Vixen 4 Life|Spikes\n|move|p1a: Ting-Lu Reaction|Earthquake|p2a: Samurott\n|-damage|p2a: Samurott|0 fnt\n|faint|p2a: Samurott\n|\n|upkeep\n|\n|t:|1700437870\n|switch|p2a: Gholdengo|Gholdengo|100\/100\n|-item|p2a: Gholdengo|Air Balloon\n|turn|3\n|\n|t:|1700437874\n|switch|p1a: El Cantante|Skeledirge, M, shiny|100\/100\n|-damage|p1a: El Cantante|84\/100|[from] Spikes\n|move|p2a: Gholdengo|Focus Blast|p1a: El Cantante\n|-immune|p1a: El Cantante\n|\n|-heal|p1a: El Cantante|90\/100|[from] item: Leftovers\n|upkeep\n|turn|4\n|\n|t:|1700437882\n|switch|p1a: Ting-Lu Reaction|Ting-Lu|76\/100\n|-damage|p1a: Ting-Lu Reaction|59\/100|[from] Spikes\n|-ability|p1a: Ting-Lu Reaction|Vessel of Ruin\n|move|p2a: Gholdengo|Shadow Ball|p1a: Ting-Lu Reaction\n|-resisted|p1a: Ting-Lu Reaction\n|-damage|p1a: Ting-Lu Reaction|47\/100\n|\n|upkeep\n|turn|5\n|\n|t:|1700437890\n|move|p2a: Gholdengo|Focus Blast|p1a: Ting-Lu Reaction|[miss]\n|-miss|p2a: Gholdengo|p1a: Ting-Lu Reaction\n|move|p1a: Ting-Lu Reaction|Payback|p2a: Gholdengo\n|-supereffective|p2a: Gholdengo\n|-damage|p2a: Gholdengo|0 fnt\n|-enditem|p2a: Gholdengo|Air Balloon\n|faint|p2a: Gholdengo\n|\n|upkeep\n|inactive|I4SU has 120 seconds left.\n|\n|t:|1700437922\n|switch|p2a: Great Tusk|Great Tusk|100\/100\n|turn|6\n|\n|t:|1700437926\n|switch|p1a: Sir Typhoon|Corviknight, M, shiny|100\/100\n|move|p2a: Great Tusk|Body Press|p1a: Sir Typhoon\n|-damage|p1a: Sir Typhoon|66\/100\n|\n|-heal|p1a: Sir Typhoon|72\/100|[from] item: Leftovers\n|upkeep\n|turn|7\n|\n|t:|1700437940\n|move|p2a: Great Tusk|Body Press|p1a: Sir Typhoon\n|-damage|p1a: Sir Typhoon|36\/100\n|move|p1a: Sir Typhoon|Bulk Up|p1a: Sir Typhoon\n|-boost|p1a: Sir Typhoon|atk|1\n|-boost|p1a: Sir Typhoon|def|1\n|\n|-heal|p1a: Sir Typhoon|42\/100|[from] item: Leftovers\n|upkeep\n|turn|8\n|\n|t:|1700437947\n|move|p2a: Great Tusk|Body Press|p1a: Sir Typhoon\n|-damage|p1a: Sir Typhoon|18\/100\n|move|p1a: Sir Typhoon|Roost|p1a: Sir Typhoon\n|-heal|p1a: Sir Typhoon|68\/100\n|-singleturn|p1a: Sir Typhoon|move: Roost\n|\n|-heal|p1a: Sir Typhoon|74\/100|[from] item: Leftovers\n|upkeep\n|turn|9\n|\n|t:|1700437956\n|-end|p2a: Great Tusk|Protosynthesis|[silent]\n|switch|p2a: Zapdos|Zapdos|100\/100\n|move|p1a: Sir Typhoon|Bulk Up|p1a: Sir Typhoon\n|-boost|p1a: Sir Typhoon|atk|1\n|-boost|p1a: Sir Typhoon|def|1\n|\n|-heal|p1a: Sir Typhoon|81\/100|[from] item: Leftovers\n|upkeep\n|turn|10\n|\n|t:|1700437964\n|-terastallize|p1a: Sir Typhoon|Ground\n|move|p2a: Zapdos|Thunderbolt|p1a: Sir Typhoon\n|-immune|p1a: Sir Typhoon\n|move|p1a: Sir Typhoon|Bulk Up|p1a: Sir Typhoon\n|-boost|p1a: Sir Typhoon|atk|1\n|-boost|p1a: Sir Typhoon|def|1\n|\n|-heal|p1a: Sir Typhoon|87\/100|[from] item: Leftovers\n|upkeep\n|turn|11\n|\n|t:|1700437975\n|move|p2a: Zapdos|Heat Wave|p1a: Sir Typhoon\n|-damage|p1a: Sir Typhoon|67\/100\n|move|p1a: Sir Typhoon|Power Trip|p2a: Zapdos\n|-damage|p2a: Zapdos|18\/100\n|-status|p1a: Sir Typhoon|par|[from] ability: Static|[of] p2a: Zapdos\n|\n|-heal|p1a: Sir Typhoon|73\/100 par|[from] item: Leftovers\n|upkeep\n|turn|12\n|\n|t:|1700437986\n|move|p2a: Zapdos|Heat Wave|p1a: Sir Typhoon\n|-damage|p1a: Sir Typhoon|54\/100 par\n|move|p1a: Sir Typhoon|Roost|p1a: Sir Typhoon\n|-heal|p1a: Sir Typhoon|100\/100 par\n|\n|upkeep\n|turn|13\n|\n|t:|1700437994\n|move|p2a: Zapdos|Heat Wave|p1a: Sir Typhoon\n|-damage|p1a: Sir Typhoon|81\/100 par\n|move|p1a: Sir Typhoon|Bulk Up|p1a: Sir Typhoon\n|-boost|p1a: Sir Typhoon|atk|1\n|-boost|p1a: Sir Typhoon|def|1\n|\n|-heal|p1a: Sir Typhoon|88\/100 par|[from] item: Leftovers\n|upkeep\n|turn|14\n|\n|t:|1700438002\n|switch|p2a: Great Tusk|Great Tusk|100\/100\n|move|p1a: Sir Typhoon|Bulk Up|p1a: Sir Typhoon\n|-boost|p1a: Sir Typhoon|atk|1\n|-boost|p1a: Sir Typhoon|def|1\n|\n|-heal|p1a: Sir Typhoon|94\/100 par|[from] item: Leftovers\n|upkeep\n|turn|15\n|\n|t:|1700438010\n|move|p2a: Great Tusk|Ice Spinner|p1a: Sir Typhoon\n|-supereffective|p1a: Sir Typhoon\n|-damage|p1a: Sir Typhoon|83\/100 par\n|move|p1a: Sir Typhoon|Brave Bird|p2a: Great Tusk\n|-supereffective|p2a: Great Tusk\n|-crit|p2a: Great Tusk\n|-damage|p2a: Great Tusk|0 fnt\n|faint|p2a: Great Tusk\n|-end|p2a: Great Tusk|Protosynthesis|[silent]\n|-damage|p1a: Sir Typhoon|48\/100 par|[from] Recoil\n|\n|-heal|p1a: Sir Typhoon|54\/100 par|[from] item: Leftovers\n|upkeep\n|\n|t:|1700438020\n|switch|p2a: Iron Valiant|Iron Valiant|100\/100\n|-enditem|p2a: Iron Valiant|Booster Energy\n|-activate|p2a: Iron Valiant|ability: Quark Drive|[fromitem]\n|-start|p2a: Iron Valiant|quarkdrivespe\n|turn|16\n|\n|t:|1700438025\n|move|p2a: Iron Valiant|Moonblast|p1a: Sir Typhoon\n|-damage|p1a: Sir Typhoon|22\/100 par\n|move|p1a: Sir Typhoon|Brave Bird|p2a: Iron Valiant\n|-supereffective|p2a: Iron Valiant\n|-damage|p2a: Iron Valiant|0 fnt\n|faint|p2a: Iron Valiant\n|-end|p2a: Iron Valiant|Quark Drive|[silent]\n|-damage|p1a: Sir Typhoon|0 fnt|[from] Recoil\n|faint|p1a: Sir Typhoon\n|\n|upkeep\n|\n|t:|1700438035\n|switch|p2a: Zapdos|Zapdos|18\/100\n|switch|p1a: Ting-Lu Reaction|Ting-Lu|47\/100\n|-damage|p1a: Ting-Lu Reaction|31\/100|[from] Spikes\n|-ability|p1a: Ting-Lu Reaction|Vessel of Ruin\n|turn|17\n|\n|t:|1700438042\n|move|p2a: Zapdos|Roost|p2a: Zapdos\n|-heal|p2a: Zapdos|68\/100\n|-singleturn|p2a: Zapdos|move: Roost\n|move|p1a: Ting-Lu Reaction|Payback|p2a: Zapdos\n|-damage|p2a: Zapdos|0 fnt\n|-status|p1a: Ting-Lu Reaction|par|[from] ability: Static|[of] p2a: Zapdos\n|faint|p2a: Zapdos\n|\n|upkeep\n|\n|t:|1700438050\n|switch|p2a: Kingambit|Kingambit, M|100\/100\n|-activate|p2a: Kingambit|ability: Supreme Overlord\n|-start|p2a: Kingambit|fallen5|[silent]\n|turn|18\n|\n|t:|1700438054\n|switch|p1a: El Cantante|Skeledirge, M, shiny|90\/100\n|-damage|p1a: El Cantante|74\/100|[from] Spikes\n|move|p2a: Kingambit|Iron Head|p1a: El Cantante\n|-resisted|p1a: El Cantante\n|-damage|p1a: El Cantante|48\/100\n|\n|-heal|p1a: El Cantante|54\/100|[from] item: Leftovers\n|upkeep\n|turn|19\n|\n|t:|1700438062\n|move|p2a: Kingambit|Sucker Punch||[still]\n|-fail|p2a: Kingambit\n|move|p1a: El Cantante|Will-O-Wisp|p2a: Kingambit\n|-status|p2a: Kingambit|brn\n|-enditem|p2a: Kingambit|Lum Berry|[eat]\n|-curestatus|p2a: Kingambit|brn|[msg]\n|\n|-heal|p1a: El Cantante|60\/100|[from] item: Leftovers\n|upkeep\n|turn|20\n|\n|t:|1700438070\n|move|p1a: El Cantante|Will-O-Wisp|p2a: Kingambit\n|-status|p2a: Kingambit|brn\n|move|p2a: Kingambit|Kowtow Cleave|p1a: El Cantante\n|-supereffective|p1a: El Cantante\n|-damage|p1a: El Cantante|8\/100\n|\n|-heal|p1a: El Cantante|14\/100|[from] item: Leftovers\n|-damage|p2a: Kingambit|94\/100 brn|[from] brn\n|upkeep\n|turn|21\n|\n|t:|1700438079\n|move|p1a: El Cantante|Slack Off|p1a: El Cantante\n|-heal|p1a: El Cantante|64\/100\n|move|p2a: Kingambit|Kowtow Cleave|p1a: El Cantante\n|-supereffective|p1a: El Cantante\n|-damage|p1a: El Cantante|9\/100\n|\n|-heal|p1a: El Cantante|15\/100|[from] item: Leftovers\n|-damage|p2a: Kingambit|88\/100 brn|[from] brn\n|upkeep\n|turn|22\n|\n|t:|1700438087\n|move|p1a: El Cantante|Slack Off|p1a: El Cantante\n|-heal|p1a: El Cantante|65\/100\n|move|p2a: Kingambit|Swords Dance|p2a: Kingambit\n|-boost|p2a: Kingambit|atk|2\n|\n|-heal|p1a: El Cantante|71\/100|[from] item: Leftovers\n|-damage|p2a: Kingambit|82\/100 brn|[from] brn\n|upkeep\n|turn|23\n|\n|t:|1700438096\n|move|p2a: Kingambit|Sucker Punch|p1a: El Cantante\n|-supereffective|p1a: El Cantante\n|-damage|p1a: El Cantante|25\/100\n|move|p1a: El Cantante|Torch Song|p2a: Kingambit\n|-supereffective|p2a: Kingambit\n|-damage|p2a: Kingambit|7\/100 brn\n|-boost|p1a: El Cantante|spa|1\n|\n|-heal|p1a: El Cantante|32\/100|[from] item: Leftovers\n|-damage|p2a: Kingambit|1\/100 brn|[from] brn\n|upkeep\n|turn|24\n|c|\u2606I4SU|gg\n|\n|t:|1700438106\n|move|p2a: Kingambit|Sucker Punch||[still]\n|-fail|p2a: Kingambit\n|move|p1a: El Cantante|Slack Off|p1a: El Cantante\n|-heal|p1a: El Cantante|82\/100\n|\n|-heal|p1a: El Cantante|88\/100|[from] item: Leftovers\n|-damage|p2a: Kingambit|0 fnt|[from] brn\n|faint|p2a: Kingambit\n|-end|p2a: Kingambit|fallen5|[silent]\n|\n|win|Vixen 4 Life\n|upkeep\n|raw|Vixen 4 Life's rating: 1279 &rarr; <strong>1308<\/strong><br \/>(+29 for winning)\n|raw|I4SU's rating: 1331 &rarr; <strong>1308<\/strong><br \/>(-23 for losing)\n|c|\u2606Vixen 4 Life|Gg\n|l|\u2606I4SU\n","uploadtime":1700438136,"views":16,"p1id":"vixen4life","p2id":"i4su","formatid":"gen9ou","rating":1308,"private":0,"password":""}