{"id":"gen9ou-1994541840","p1":"WizzardEck","p2":"Rhythmraptor","format":"[Gen 9] OU","log":"|j|\u2606WizzardEck\n|j|\u2606Rhythmraptor\n|t:|1700456960\n|gametype|singles\n|player|p1|WizzardEck|cameraman|1082\n|player|p2|Rhythmraptor|hilda-wonderlauncher|1093\n|teamsize|p1|6\n|teamsize|p2|6\n|gen|9\n|tier|[Gen 9] OU\n|rated|\n|rule|Sleep Clause Mod: Limit one foe put to sleep\n|rule|Species Clause: Limit one of each Pok\u00e9mon\n|rule|OHKO Clause: OHKO moves are banned\n|rule|Evasion Items Clause: Evasion items are banned\n|rule|Evasion Moves Clause: Evasion moves are banned\n|rule|Endless Battle Clause: Forcing endless battles is banned\n|rule|HP Percentage Mod: HP is shown in percentages\n|clearpoke\n|poke|p1|Diancie|\n|poke|p1|Mew|\n|poke|p1|Thundurus-Therian, M|\n|poke|p1|Meowscarada, F|\n|poke|p1|Mienshao, F|\n|poke|p1|Grafaiai, F|\n|poke|p2|Corviknight, F|\n|poke|p2|Landorus-Therian, M|\n|poke|p2|Greninja-*, M|\n|poke|p2|Slowking-Galar, M|\n|poke|p2|Heatran, F|\n|poke|p2|Great Tusk|\n|teampreview\n|\n|t:|1700456975\n|start\n|switch|p1a: d4|Mienshao, F, shiny|100\/100\n|switch|p2a: Slowking|Slowking-Galar, M|100\/100\n|turn|1\n|\n|t:|1700456987\n|move|p1a: d4|U-turn|p2a: Slowking\n|-damage|p2a: Slowking|71\/100\n|-damage|p1a: d4|91\/100|[from] item: Life Orb\n|\n|t:|1700456994\n|switch|p1a: d6|Meowscarada, F|100\/100|[from] U-turn\n|move|p2a: Slowking|Toxic Spikes|p1a: d6\n|-sidestart|p1: WizzardEck|move: Toxic Spikes\n|\n|-heal|p2a: Slowking|77\/100|[from] item: Leftovers\n|upkeep\n|turn|2\n|\n|t:|1700457012\n|switch|p2a: Landorus|Landorus-Therian, M|100\/100\n|-ability|p2a: Landorus|Intimidate|boost\n|-unboost|p1a: d6|atk|1\n|move|p1a: d6|Knock Off|p2a: Landorus\n|-start|p1a: d6|typechange|Dark|[from] ability: Protean\n|-damage|p2a: Landorus|67\/100\n|-enditem|p2a: Landorus|Choice Scarf|[from] move: Knock Off|[of] p1a: d6\n|\n|upkeep\n|turn|3\n|\n|t:|1700457025\n|switch|p1a: d4|Mienshao, F, shiny|91\/100\n|-status|p1a: d4|psn\n|move|p2a: Landorus|U-turn|p1a: d4\n|-resisted|p1a: d4\n|-damage|p1a: d4|64\/100 psn\n|\n|t:|1700457033\n|switch|p2a: Slowking|Slowking-Galar, M|100\/100|[from] U-turn\n|\n|-damage|p1a: d4|52\/100 psn|[from] psn\n|upkeep\n|turn|4\n|\n|t:|1700457040\n|move|p1a: d4|Ice Spinner|p2a: Slowking\n|-damage|p2a: Slowking|63\/100\n|-damage|p1a: d4|42\/100 psn|[from] item: Life Orb\n|move|p2a: Slowking|Toxic Spikes|p1a: d4\n|-sidestart|p1: WizzardEck|move: Toxic Spikes\n|\n|-heal|p2a: Slowking|69\/100|[from] item: Leftovers\n|-damage|p1a: d4|30\/100 psn|[from] psn\n|upkeep\n|turn|5\n|\n|t:|1700457054\n|move|p1a: d4|Ice Spinner|p2a: Slowking\n|-damage|p2a: Slowking|34\/100\n|-damage|p1a: d4|20\/100 psn|[from] item: Life Orb\n|move|p2a: Slowking|Chilly Reception|p2a: Slowking\n|-weather|Snow\n|\n|t:|1700457077\n|switch|p2a: Corviknight|Corviknight, F|100\/100|[from] Chilly Reception\n|\n|-weather|Snow|[upkeep]\n|-damage|p1a: d4|8\/100 psn|[from] psn\n|upkeep\n|turn|6\n|\n|t:|1700457084\n|switch|p1a: d12|Thundurus-Therian, M, shiny|100\/100\n|move|p2a: Corviknight|Bulk Up|p2a: Corviknight\n|-boost|p2a: Corviknight|atk|1\n|-boost|p2a: Corviknight|def|1\n|\n|-weather|Snow|[upkeep]\n|upkeep\n|turn|7\n|\n|t:|1700457099\n|switch|p2a: Great Tusk|Great Tusk|100\/100\n|move|p1a: d12|Thunder|p2a: Great Tusk\n|-immune|p2a: Great Tusk\n|\n|-weather|Snow|[upkeep]\n|upkeep\n|turn|8\n|\n|t:|1700457110\n|move|p1a: d12|Weather Ball|p2a: Great Tusk\n|-supereffective|p2a: Great Tusk\n|-damage|p2a: Great Tusk|0 fnt\n|faint|p2a: Great Tusk\n|-end|p2a: Great Tusk|Protosynthesis|[silent]\n|\n|-weather|Snow|[upkeep]\n|upkeep\n|\n|t:|1700457124\n|switch|p2a: Heatran|Heatran, F|100\/100\n|turn|9\n|\n|t:|1700457142\n|move|p1a: d12|Focus Blast|p2a: Heatran|[miss]\n|-miss|p1a: d12|p2a: Heatran\n|move|p2a: Heatran|Stealth Rock|p1a: d12\n|-sidestart|p1: WizzardEck|move: Stealth Rock\n|\n|-weather|none\n|upkeep\n|turn|10\n|\n|t:|1700457150\n|switch|p2a: Slowking|Slowking-Galar, M|67\/100\n|move|p1a: d12|Focus Blast|p2a: Slowking|[miss]\n|-miss|p1a: d12|p2a: Slowking\n|\n|-heal|p2a: Slowking|73\/100|[from] item: Leftovers\n|upkeep\n|turn|11\n|\n|t:|1700457158\n|move|p1a: d12|Focus Blast|p2a: Slowking|[miss]\n|-miss|p1a: d12|p2a: Slowking\n|move|p2a: Slowking|Ice Beam|p1a: d12\n|-supereffective|p1a: d12\n|-damage|p1a: d12|35\/100\n|\n|-heal|p2a: Slowking|79\/100|[from] item: Leftovers\n|upkeep\n|turn|12\n|\n|t:|1700457174\n|move|p1a: d12|Focus Blast|p2a: Slowking\n|-resisted|p2a: Slowking\n|-damage|p2a: Slowking|73\/100\n|move|p2a: Slowking|Ice Beam|p1a: d12\n|-supereffective|p1a: d12\n|-damage|p1a: d12|0 fnt\n|faint|p1a: d12\n|\n|-heal|p2a: Slowking|79\/100|[from] item: Leftovers\n|upkeep\n|\n|t:|1700457179\n|switch|p1a: d6|Meowscarada, F|100\/100\n|-status|p1a: d6|tox\n|-damage|p1a: d6|88\/100 tox|[from] Stealth Rock\n|turn|13\n|\n|t:|1700457206\n|switch|p2a: Landorus|Landorus-Therian, M|67\/100\n|-ability|p2a: Landorus|Intimidate|boost\n|-unboost|p1a: d6|atk|1\n|move|p1a: d6|Knock Off|p2a: Landorus\n|-start|p1a: d6|typechange|Dark|[from] ability: Protean\n|-damage|p2a: Landorus|42\/100\n|\n|-damage|p1a: d6|82\/100 tox|[from] psn\n|upkeep\n|turn|14\n|\n|t:|1700457217\n|switch|p1a: d7|Grafaiai, F|100\/100\n|-sideend|p1: WizzardEck|move: Toxic Spikes|[of] p1a: d7\n|-damage|p1a: d7|88\/100|[from] Stealth Rock\n|move|p2a: Landorus|U-turn|p1a: d7\n|-resisted|p1a: d7\n|-damage|p1a: d7|67\/100\n|\n|t:|1700457224\n|switch|p2a: Slowking|Slowking-Galar, M|100\/100|[from] U-turn\n|\n|-heal|p1a: d7|74\/100|[from] item: Black Sludge\n|upkeep\n|turn|15\n|\n|t:|1700457244\n|move|p1a: d7|Metronome|p1a: d7\n|move|p1a: d7|Bounce||[from]move: Metronome|[still]\n|-prepare|p1a: d7|Bounce\n|move|p2a: Slowking|Psychic|p1a: d7|[miss]\n|-miss|p2a: Slowking|p1a: d7\n|\n|-heal|p1a: d7|80\/100|[from] item: Black Sludge\n|upkeep\n|turn|16\n|\n|t:|1700457252\n|move|p1a: d7|Bounce|p2a: Slowking|[from]lockedmove\n|-damage|p2a: Slowking|80\/100\n|-status|p2a: Slowking|par\n|cant|p2a: Slowking|par\n|\n|-heal|p1a: d7|86\/100|[from] item: Black Sludge\n|-heal|p2a: Slowking|86\/100 par|[from] item: Leftovers\n|upkeep\n|turn|17\n|\n|t:|1700457268\n|move|p1a: d7|Metronome|p1a: d7\n|move|p1a: d7|Water Gun|p2a: Slowking|[from]move: Metronome\n|-damage|p2a: Slowking|81\/100 par\n|cant|p2a: Slowking|par\n|\n|-heal|p1a: d7|92\/100|[from] item: Black Sludge\n|-heal|p2a: Slowking|87\/100 par|[from] item: Leftovers\n|upkeep\n|turn|18\n|\n|t:|1700457276\n|move|p1a: d7|Metronome|p1a: d7\n|move|p1a: d7|Giga Impact|p2a: Slowking|[from]move: Metronome\n|-damage|p2a: Slowking|37\/100 par\n|-mustrecharge|p1a: d7\n|cant|p2a: Slowking|par\n|\n|-heal|p1a: d7|98\/100|[from] item: Black Sludge\n|-heal|p2a: Slowking|43\/100 par|[from] item: Leftovers\n|upkeep\n|turn|19\n|\n|t:|1700457284\n|cant|p1a: d7|recharge\n|cant|p2a: Slowking|par\n|\n|-heal|p1a: d7|100\/100|[from] item: Black Sludge\n|-heal|p2a: Slowking|49\/100 par|[from] item: Leftovers\n|upkeep\n|turn|20\n|\n|t:|1700457292\n|switch|p2a: Landorus|Landorus-Therian, M|42\/100\n|-ability|p2a: Landorus|Intimidate|boost\n|-unboost|p1a: d7|atk|1\n|move|p1a: d7|Metronome|p1a: d7\n|move|p1a: d7|Wood Hammer|p2a: Landorus|[from]move: Metronome\n|-damage|p2a: Landorus|20\/100\n|-damage|p1a: d7|94\/100|[from] Recoil\n|\n|-heal|p1a: d7|99\/100|[from] item: Black Sludge\n|upkeep\n|turn|21\n|\n|t:|1700457305\n|move|p1a: d7|Copycat|p1a: d7\n|move|p1a: d7|Wood Hammer|p2a: Landorus|[from]move: Copycat\n|-damage|p2a: Landorus|0 fnt\n|faint|p2a: Landorus\n|-damage|p1a: d7|94\/100|[from] Recoil\n|\n|-heal|p1a: d7|99\/100|[from] item: Black Sludge\n|upkeep\n|\n|t:|1700457322\n|switch|p2a: Heatran|Heatran, F|100\/100\n|turn|22\n|\n|t:|1700457331\n|move|p1a: d7|Parting Shot|p2a: Heatran\n|-unboost|p2a: Heatran|atk|1\n|-unboost|p2a: Heatran|spa|1\n|\n|t:|1700457335\n|switch|p1a: d4|Mienshao, F, shiny|8\/100 psn|[from] Parting Shot\n|-damage|p1a: d4|2\/100 psn|[from] Stealth Rock\n|move|p2a: Heatran|Lava Plume|p1a: d4\n|-damage|p1a: d4|0 fnt\n|faint|p1a: d4\n|\n|upkeep\n|\n|t:|1700457342\n|switch|p1a: d100|Mew|100\/100\n|-damage|p1a: d100|88\/100|[from] Stealth Rock\n|turn|23\n|\n|t:|1700457353\n|move|p1a: d100|Earthquake|p2a: Heatran\n|-supereffective|p2a: Heatran\n|-damage|p2a: Heatran|0 fnt\n|faint|p2a: Heatran\n|\n|upkeep\n|\n|t:|1700457358\n|switch|p2a: Greninja|Greninja, M|100\/100\n|turn|24\n|\n|t:|1700457366\n|switch|p1a: d6|Meowscarada, F|82\/100 tox\n|-damage|p1a: d6|70\/100 tox|[from] Stealth Rock\n|move|p2a: Greninja|Dark Pulse|p1a: d6\n|-resisted|p1a: d6\n|-damage|p1a: d6|34\/100 tox\n|-damage|p2a: Greninja|91\/100|[from] item: Life Orb\n|\n|-damage|p1a: d6|28\/100 tox|[from] psn\n|upkeep\n|turn|25\n|\n|t:|1700457380\n|switch|p2a: Corviknight|Corviknight, F|100\/100\n|move|p1a: d6|Flower Trick|p2a: Corviknight\n|-start|p1a: d6|typechange|Grass|[from] ability: Protean\n|-resisted|p2a: Corviknight\n|-crit|p2a: Corviknight\n|-damage|p2a: Corviknight|90\/100\n|\n|-heal|p2a: Corviknight|96\/100|[from] item: Leftovers\n|-damage|p1a: d6|16\/100 tox|[from] psn\n|upkeep\n|turn|26\n|\n|t:|1700457392\n|move|p1a: d6|Flower Trick|p2a: Corviknight\n|-resisted|p2a: Corviknight\n|-crit|p2a: Corviknight\n|-damage|p2a: Corviknight|86\/100\n|move|p2a: Corviknight|Body Press|p1a: d6\n|-damage|p1a: d6|0 fnt\n|faint|p1a: d6\n|\n|-heal|p2a: Corviknight|92\/100|[from] item: Leftovers\n|upkeep\n|\n|t:|1700457396\n|switch|p1a: d7|Grafaiai, F|99\/100\n|-damage|p1a: d7|87\/100|[from] Stealth Rock\n|turn|27\n|\n|t:|1700457409\n|switch|p2a: Slowking|Slowking-Galar, M|82\/100 par\n|move|p1a: d7|Metronome|p1a: d7\n|move|p1a: d7|Ember|p2a: Slowking|[from]move: Metronome\n|-damage|p2a: Slowking|77\/100 par\n|\n|-heal|p1a: d7|93\/100|[from] item: Black Sludge\n|-heal|p2a: Slowking|83\/100 par|[from] item: Leftovers\n|upkeep\n|turn|28\n|\n|t:|1700457418\n|move|p1a: d7|Metronome|p1a: d7\n|move|p1a: d7|Foul Play|p2a: Slowking|[from]move: Metronome\n|-supereffective|p2a: Slowking\n|-damage|p2a: Slowking|60\/100 par\n|cant|p2a: Slowking|par\n|\n|-heal|p1a: d7|99\/100|[from] item: Black Sludge\n|-heal|p2a: Slowking|66\/100 par|[from] item: Leftovers\n|upkeep\n|turn|29\n|\n|t:|1700457427\n|move|p1a: d7|Metronome|p1a: d7\n|move|p1a: d7|Rain Dance|p1a: d7|[from]move: Metronome\n|-weather|RainDance\n|cant|p2a: Slowking|par\n|\n|-weather|RainDance|[upkeep]\n|-heal|p1a: d7|100\/100|[from] item: Black Sludge\n|-heal|p2a: Slowking|72\/100 par|[from] item: Leftovers\n|upkeep\n|turn|30\n|\n|t:|1700457439\n|move|p1a: d7|Gunk Shot|p2a: Slowking|[miss]\n|-miss|p1a: d7|p2a: Slowking\n|cant|p2a: Slowking|par\n|\n|-weather|RainDance|[upkeep]\n|-heal|p2a: Slowking|78\/100 par|[from] item: Leftovers\n|upkeep\n|turn|31\n|\n|t:|1700457447\n|switch|p2a: Corviknight|Corviknight, F|92\/100\n|move|p1a: d7|Gunk Shot|p2a: Corviknight\n|-immune|p2a: Corviknight\n|\n|-weather|RainDance|[upkeep]\n|-heal|p2a: Corviknight|98\/100|[from] item: Leftovers\n|upkeep\n|turn|32\n|\n|t:|1700457455\n|move|p1a: d7|Metronome|p1a: d7\n|move|p1a: d7|Throat Chop|p2a: Corviknight|[from]move: Metronome\n|-damage|p2a: Corviknight|83\/100\n|-start|p2a: Corviknight|Throat Chop|[silent]\n|move|p2a: Corviknight|Body Press|p1a: d7\n|-damage|p1a: d7|72\/100\n|\n|-weather|RainDance|[upkeep]\n|-heal|p1a: d7|78\/100|[from] item: Black Sludge\n|-heal|p2a: Corviknight|89\/100|[from] item: Leftovers\n|upkeep\n|turn|33\n|\n|t:|1700457464\n|move|p1a: d7|Copycat|p1a: d7\n|move|p1a: d7|Body Press|p2a: Corviknight|[from]move: Copycat\n|-damage|p2a: Corviknight|79\/100\n|move|p2a: Corviknight|Body Press|p1a: d7\n|-damage|p1a: d7|46\/100\n|\n|-weather|none\n|-heal|p1a: d7|52\/100|[from] item: Black Sludge\n|-heal|p2a: Corviknight|85\/100|[from] item: Leftovers\n|-end|p2a: Corviknight|Throat Chop|[silent]\n|upkeep\n|turn|34\n|\n|t:|1700457472\n|move|p1a: d7|Metronome|p1a: d7\n|move|p1a: d7|Baton Pass|p1a: d7|[from]move: Metronome\n|\n|t:|1700457477\n|switch|p1a: d8|Diancie, shiny|100\/100|[from] Baton Pass\n|-damage|p1a: d8|88\/100|[from] Stealth Rock\n|move|p2a: Corviknight|Body Press|p1a: d8\n|-damage|p1a: d8|74\/100\n|\n|-heal|p2a: Corviknight|91\/100|[from] item: Leftovers\n|upkeep\n|turn|35\n|\n|t:|1700457490\n|move|p2a: Corviknight|Bulk Up|p2a: Corviknight\n|-boost|p2a: Corviknight|atk|1\n|-boost|p2a: Corviknight|def|1\n|move|p1a: d8|Diamond Storm|p2a: Corviknight\n|-damage|p2a: Corviknight|67\/100\n|-boost|p1a: d8|def|2\n|\n|-heal|p2a: Corviknight|73\/100|[from] item: Leftovers\n|upkeep\n|turn|36\n|\n|t:|1700457499\n|switch|p2a: Slowking|Slowking-Galar, M|100\/100 par\n|-terastallize|p1a: d8|Steel\n|move|p1a: d8|Diamond Storm|p2a: Slowking\n|-damage|p2a: Slowking|53\/100 par\n|-boost|p1a: d8|def|2\n|\n|-heal|p2a: Slowking|59\/100 par|[from] item: Leftovers\n|upkeep\n|turn|37\n|\n|t:|1700457511\n|cant|p2a: Slowking|par\n|move|p1a: d8|Diamond Storm|p2a: Slowking\n|-damage|p2a: Slowking|6\/100 par\n|\n|-heal|p2a: Slowking|12\/100 par|[from] item: Leftovers\n|upkeep\n|turn|38\n|c|\u2606WizzardEck|What the fuck is up with that Para\n|\n|t:|1700457522\n|move|p2a: Slowking|Psychic|p1a: d8\n|-resisted|p1a: d8\n|-crit|p1a: d8\n|-damage|p1a: d8|53\/100\n|move|p1a: d8|Diamond Storm|p2a: Slowking\n|-damage|p2a: Slowking|0 fnt\n|faint|p2a: Slowking\n|\n|upkeep\n|c|\u2606Rhythmraptor|i dont understand\n|c|\u2606Rhythmraptor|OKAY\n|c|\u2606Rhythmraptor|WE FINALLY HIT ONE\n|c|\u2606WizzardEck|YOU GOT IT\n|\n|t:|1700457537\n|switch|p2a: Greninja|Greninja, M|91\/100\n|turn|39\n|\n|t:|1700457548\n|-terastallize|p2a: Greninja|Water\n|move|p2a: Greninja|Surf|p1a: d8\n|-damage|p1a: d8|0 fnt\n|faint|p1a: d8\n|-ability|p2a: Greninja|Battle Bond|boost\n|-boost|p2a: Greninja|atk|1\n|-boost|p2a: Greninja|spa|1\n|-boost|p2a: Greninja|spe|1\n|-activate|p2a: Greninja|ability: Battle Bond\n|-damage|p2a: Greninja|81\/100|[from] item: Life Orb\n|\n|upkeep\n|c|\u2606WizzardEck|wait shit\n|\n|t:|1700457564\n|switch|p1a: d100|Mew|88\/100\n|-damage|p1a: d100|76\/100|[from] Stealth Rock\n|turn|40\n|\n|t:|1700457570\n|move|p2a: Greninja|Dark Pulse|p1a: d100\n|-supereffective|p1a: d100\n|-damage|p1a: d100|0 fnt\n|faint|p1a: d100\n|-damage|p2a: Greninja|71\/100|[from] item: Life Orb\n|\n|upkeep\n|\n|t:|1700457572\n|switch|p1a: d7|Grafaiai, F|52\/100\n|-damage|p1a: d7|40\/100|[from] Stealth Rock\n|turn|41\n|\n|t:|1700457581\n|move|p2a: Greninja|Surf|p1a: d7\n|-crit|p1a: d7\n|-damage|p1a: d7|0 fnt\n|faint|p1a: d7\n|-damage|p2a: Greninja|61\/100|[from] item: Life Orb\n|\n|win|Rhythmraptor\n|raw|WizzardEck's rating: 1082 &rarr; <strong>1060<\/strong><br \/>(-22 for losing)\n|raw|Rhythmraptor's rating: 1093 &rarr; <strong>1118<\/strong><br \/>(+25 for winning)\n|c|\u2606Rhythmraptor|good lord\n|c|\u2606WizzardEck|gg\n|c|\u2606Rhythmraptor|worlds most unlucky slowking\n|c|\u2606Rhythmraptor|ggs\n","uploadtime":1700457591,"views":20,"p1id":"wizzardeck","p2id":"rhythmraptor","formatid":"gen9ou","rating":1060,"private":0,"password":""}