{"id":"gen9ou-1993496306","p1":"Icefanngs","p2":"gabimaru-14","format":"[Gen 9] OU","log":"|j|\u2606Icefanngs\n|j|\u2606gabimaru-14\n|t:|1700324800\n|gametype|singles\n|player|p1|Icefanngs|2|1138\n|player|p2|gabimaru-14|benga|1059\n|teamsize|p1|6\n|teamsize|p2|6\n|gen|9\n|tier|[Gen 9] OU\n|rated|\n|rule|Sleep Clause Mod: Limit one foe put to sleep\n|rule|Species Clause: Limit one of each Pok\u00e9mon\n|rule|OHKO Clause: OHKO moves are banned\n|rule|Evasion Items Clause: Evasion items are banned\n|rule|Evasion Moves Clause: Evasion moves are banned\n|rule|Endless Battle Clause: Forcing endless battles is banned\n|rule|HP Percentage Mod: HP is shown in percentages\n|clearpoke\n|poke|p1|Delphox, F|\n|poke|p1|Tsareena, F|\n|poke|p1|Mismagius, F|\n|poke|p1|Sylveon, F|\n|poke|p1|Altaria, F|\n|poke|p1|Milotic, F|\n|poke|p2|Ogerpon-Wellspring, F|\n|poke|p2|Ribombee, F|\n|poke|p2|Kommo-o, M|\n|poke|p2|Chandelure, M|\n|poke|p2|Cramorant, F|\n|poke|p2|Mandibuzz, F|\n|teampreview\n|\n|t:|1700324820\n|start\n|switch|p1a: Tsareena|Tsareena, F|100\/100\n|switch|p2a: Ribombee|Ribombee, F, shiny|100\/100\n|turn|1\n|\n|t:|1700324828\n|move|p2a: Ribombee|Sticky Web|p1a: Tsareena\n|-sidestart|p1: Icefanngs|move: Sticky Web\n|move|p1a: Tsareena|Rapid Spin|p2a: Ribombee\n|-damage|p2a: Ribombee|70\/100\n|-boost|p1a: Tsareena|spe|1\n|-sideend|p1: Icefanngs|Sticky Web|[from] move: Rapid Spin|[of] p1a: Tsareena\n|\n|upkeep\n|turn|2\n|\n|t:|1700324835\n|move|p1a: Tsareena|Power Whip|p2a: Ribombee\n|-resisted|p2a: Ribombee\n|-damage|p2a: Ribombee|15\/100\n|move|p2a: Ribombee|Moonblast|p1a: Tsareena\n|-damage|p1a: Tsareena|49\/100\n|\n|upkeep\n|turn|3\n|\n|t:|1700324844\n|move|p1a: Tsareena|Knock Off|p2a: Ribombee\n|-resisted|p2a: Ribombee\n|-damage|p2a: Ribombee|0 fnt\n|-enditem|p2a: Ribombee|Focus Sash|[from] move: Knock Off|[of] p1a: Tsareena\n|faint|p2a: Ribombee\n|\n|upkeep\n|\n|t:|1700324849\n|switch|p2a: Cramorant|Cramorant, F, shiny|100\/100\n|turn|4\n|\n|t:|1700324855\n|move|p1a: Tsareena|Power Whip|p2a: Cramorant\n|-damage|p2a: Cramorant|0 fnt\n|-damage|p1a: Tsareena|32\/100|[from] item: Rocky Helmet|[of] p2a: Cramorant\n|faint|p2a: Cramorant\n|\n|upkeep\n|\n|t:|1700324864\n|switch|p2a: Chandelure|Chandelure, M, shiny|100\/100\n|turn|5\n|\n|t:|1700324871\n|move|p1a: Tsareena|Knock Off|p2a: Chandelure\n|-supereffective|p2a: Chandelure\n|-damage|p2a: Chandelure|7\/100\n|-enditem|p2a: Chandelure|Heavy-Duty Boots|[from] move: Knock Off|[of] p1a: Tsareena\n|move|p2a: Chandelure|Shadow Ball|p1a: Tsareena\n|-crit|p1a: Tsareena\n|-damage|p1a: Tsareena|0 fnt\n|faint|p1a: Tsareena\n|\n|upkeep\n|\n|t:|1700324883\n|switch|p1a: Mismagius|Mismagius, F|100\/100\n|turn|6\n|\n|t:|1700324894\n|move|p1a: Mismagius|Dazzling Gleam|p2a: Chandelure\n|-resisted|p2a: Chandelure\n|-crit|p2a: Chandelure\n|-damage|p2a: Chandelure|0 fnt\n|faint|p2a: Chandelure\n|\n|upkeep\n|\n|t:|1700324900\n|switch|p2a: Mandibuzz|Mandibuzz, F, shiny|100\/100\n|turn|7\n|\n|t:|1700324907\n|-terastallize|p1a: Mismagius|Fairy\n|move|p1a: Mismagius|Dazzling Gleam|p2a: Mandibuzz\n|-supereffective|p2a: Mandibuzz\n|-damage|p2a: Mandibuzz|45\/100\n|move|p2a: Mandibuzz|Knock Off|p1a: Mismagius\n|-resisted|p1a: Mismagius\n|-damage|p1a: Mismagius|80\/100\n|-enditem|p1a: Mismagius|Choice Scarf|[from] move: Knock Off|[of] p2a: Mandibuzz\n|\n|upkeep\n|turn|8\n|-message|gabimaru-14 forfeited.\n|\n|win|Icefanngs\n|raw|Icefanngs's rating: 1138 &rarr; <strong>1157<\/strong><br \/>(+19 for winning)\n|raw|gabimaru-14's rating: 1059 &rarr; <strong>1044<\/strong><br \/>(-15 for losing)\n|l|\u2606gabimaru-14\n","uploadtime":1700324925,"views":8,"p1id":"icefanngs","p2id":"gabimaru14","formatid":"gen9ou","rating":1044,"private":0,"password":""}