{"id":"gen9ou-2000361516","p1":"PLAYB0I R0BBIE B","p2":"Justy Love","format":"[Gen 9] OU","log":"|j|\u2606PLAYB0I R0BBIE B\n|j|\u2606Justy Love\n|t:|1701188322\n|gametype|singles\n|player|p1|PLAYB0I R0BBIE B|eusine|1331\n|player|p2|Justy Love|102|1297\n|teamsize|p1|6\n|teamsize|p2|6\n|gen|9\n|tier|[Gen 9] OU\n|rated|\n|rule|Sleep Clause Mod: Limit one foe put to sleep\n|rule|Species Clause: Limit one of each Pok\u00e9mon\n|rule|OHKO Clause: OHKO moves are banned\n|rule|Evasion Items Clause: Evasion items are banned\n|rule|Evasion Moves Clause: Evasion moves are banned\n|rule|Endless Battle Clause: Forcing endless battles is banned\n|rule|HP Percentage Mod: HP is shown in percentages\n|clearpoke\n|poke|p1|Great Tusk|\n|poke|p1|Hoopa-Unbound|\n|poke|p1|Dragapult, F|\n|poke|p1|Moltres|\n|poke|p1|Ogerpon-Wellspring, F|\n|poke|p1|Garganacl, F|\n|poke|p2|Great Tusk|\n|poke|p2|Kommo-o, F|\n|poke|p2|Heatran, M|\n|poke|p2|Rillaboom, F|\n|poke|p2|Slowking-Galar, M|\n|poke|p2|Thundurus, M|\n|teampreview\n|inactive|Battle timer is ON: inactive players will automatically lose when time's up. (requested by Justy Love)\n|\n|t:|1701188332\n|start\n|switch|p1a: Moltres|Moltres|100\/100\n|switch|p2a: Thundurus|Thundurus, M|100\/100\n|turn|1\n|\n|t:|1701188340\n|switch|p1a: Garganacl|Garganacl, F|100\/100\n|move|p2a: Thundurus|Volt Switch|p1a: Garganacl\n|-damage|p1a: Garganacl|78\/100\n|\n|t:|1701188351\n|switch|p2a: Kommo-o|Kommo-o, F|100\/100|[from] Volt Switch\n|\n|-heal|p1a: Garganacl|84\/100|[from] item: Leftovers\n|upkeep\n|turn|2\n|\n|t:|1701188359\n|move|p2a: Kommo-o|Stealth Rock|p1a: Garganacl\n|-sidestart|p1: PLAYB0I R0BBIE B|move: Stealth Rock\n|move|p1a: Garganacl|Salt Cure|p2a: Kommo-o\n|-resisted|p2a: Kommo-o\n|-damage|p2a: Kommo-o|97\/100\n|-start|p2a: Kommo-o|Salt Cure\n|\n|-heal|p2a: Kommo-o|100\/100|[from] item: Leftovers\n|-heal|p1a: Garganacl|90\/100|[from] item: Leftovers\n|-damage|p2a: Kommo-o|88\/100|[from] Salt Cure\n|upkeep\n|turn|3\n|\n|t:|1701188362\n|move|p2a: Kommo-o|Body Press|p1a: Garganacl\n|-supereffective|p1a: Garganacl\n|-damage|p1a: Garganacl|29\/100\n|move|p1a: Garganacl|Iron Defense|p1a: Garganacl\n|-boost|p1a: Garganacl|def|2\n|\n|-heal|p2a: Kommo-o|94\/100|[from] item: Leftovers\n|-heal|p1a: Garganacl|35\/100|[from] item: Leftovers\n|-damage|p2a: Kommo-o|82\/100|[from] Salt Cure\n|upkeep\n|turn|4\n|\n|t:|1701188367\n|switch|p1a: Dragapult|Dragapult, F|100\/100\n|-damage|p1a: Dragapult|88\/100|[from] Stealth Rock\n|move|p2a: Kommo-o|Bulk Up|p2a: Kommo-o\n|-boost|p2a: Kommo-o|atk|1\n|-boost|p2a: Kommo-o|def|1\n|\n|-heal|p2a: Kommo-o|88\/100|[from] item: Leftovers\n|-damage|p2a: Kommo-o|76\/100|[from] Salt Cure\n|upkeep\n|turn|5\n|\n|t:|1701188371\n|switch|p2a: Slowking|Slowking-Galar, M|100\/100\n|move|p1a: Dragapult|Draco Meteor|p2a: Slowking\n|-damage|p2a: Slowking|58\/100\n|-unboost|p1a: Dragapult|spa|2\n|\n|upkeep\n|turn|6\n|\n|t:|1701188375\n|switch|p1a: Hoopa|Hoopa-Unbound|100\/100\n|-damage|p1a: Hoopa|88\/100|[from] Stealth Rock\n|move|p2a: Slowking|Future Sight|p1a: Hoopa\n|-start|p2a: Slowking|move: Future Sight\n|\n|upkeep\n|turn|7\n|\n|t:|1701188382\n|switch|p2a: Rillaboom|Rillaboom, F|100\/100\n|-fieldstart|move: Grassy Terrain|[from] ability: Grassy Surge|[of] p2a: Rillaboom\n|move|p1a: Hoopa|Hyperspace Fury|p2a: Rillaboom\n|-damage|p2a: Rillaboom|34\/100\n|-unboost|p1a: Hoopa|def|1\n|\n|-heal|p1a: Hoopa|94\/100|[from] Grassy Terrain\n|-heal|p2a: Rillaboom|40\/100|[from] Grassy Terrain\n|-heal|p2a: Rillaboom|46\/100|[from] item: Leftovers\n|upkeep\n|turn|8\n|\n|t:|1701188396\n|switch|p1a: Garganacl|Garganacl, F|35\/100\n|-damage|p1a: Garganacl|23\/100|[from] Stealth Rock\n|move|p2a: Rillaboom|Grassy Glide|p1a: Garganacl\n|-supereffective|p1a: Garganacl\n|-damage|p1a: Garganacl|0 fnt\n|faint|p1a: Garganacl\n|\n|-hint|Future Sight did not hit because the target is fainted.\n|-heal|p2a: Rillaboom|52\/100|[from] Grassy Terrain\n|-heal|p2a: Rillaboom|58\/100|[from] item: Leftovers\n|upkeep\n|\n|t:|1701188402\n|switch|p1a: Moltres|Moltres|100\/100\n|turn|9\n|\n|t:|1701188406\n|switch|p2a: Heatran|Heatran, M|100\/100\n|switch|p1a: Ogerpon|Ogerpon-Wellspring, F|100\/100\n|-damage|p1a: Ogerpon|88\/100|[from] Stealth Rock\n|\n|-heal|p1a: Ogerpon|94\/100|[from] Grassy Terrain\n|upkeep\n|turn|10\n|\n|t:|1701188416\n|switch|p2a: Kommo-o|Kommo-o, F|76\/100\n|move|p1a: Ogerpon|Ivy Cudgel|p2a: Kommo-o|[anim] Ivy Cudgel Water\n|-resisted|p2a: Kommo-o\n|-damage|p2a: Kommo-o|57\/100\n|\n|-heal|p1a: Ogerpon|99\/100|[from] Grassy Terrain\n|-heal|p2a: Kommo-o|63\/100|[from] Grassy Terrain\n|-heal|p2a: Kommo-o|69\/100|[from] item: Leftovers\n|upkeep\n|turn|11\n|\n|t:|1701188422\n|move|p1a: Ogerpon|Swords Dance|p1a: Ogerpon\n|-boost|p1a: Ogerpon|atk|2\n|move|p2a: Kommo-o|Bulk Up|p2a: Kommo-o\n|-boost|p2a: Kommo-o|atk|1\n|-boost|p2a: Kommo-o|def|1\n|\n|-heal|p1a: Ogerpon|100\/100|[from] Grassy Terrain\n|-heal|p2a: Kommo-o|76\/100|[from] Grassy Terrain\n|-heal|p2a: Kommo-o|82\/100|[from] item: Leftovers\n|-fieldend|move: Grassy Terrain\n|upkeep\n|turn|12\n|\n|t:|1701188425\n|move|p1a: Ogerpon|Encore|p2a: Kommo-o\n|-start|p2a: Kommo-o|Encore\n|move|p2a: Kommo-o|Bulk Up|p2a: Kommo-o\n|-boost|p2a: Kommo-o|atk|1\n|-boost|p2a: Kommo-o|def|1\n|\n|-heal|p2a: Kommo-o|88\/100|[from] item: Leftovers\n|upkeep\n|turn|13\n|\n|t:|1701188429\n|switch|p1a: Hoopa|Hoopa-Unbound|94\/100\n|-damage|p1a: Hoopa|82\/100|[from] Stealth Rock\n|move|p2a: Kommo-o|Bulk Up|p2a: Kommo-o\n|-boost|p2a: Kommo-o|atk|1\n|-boost|p2a: Kommo-o|def|1\n|\n|-heal|p2a: Kommo-o|94\/100|[from] item: Leftovers\n|upkeep\n|turn|14\n|\n|t:|1701188434\n|switch|p2a: Slowking|Slowking-Galar, M|91\/100\n|move|p1a: Hoopa|Psychic|p2a: Slowking\n|-damage|p2a: Slowking|65\/100\n|\n|upkeep\n|turn|15\n|\n|t:|1701188440\n|switch|p1a: Moltres|Moltres|100\/100\n|move|p2a: Slowking|Sludge Bomb|p1a: Moltres\n|-damage|p1a: Moltres|73\/100\n|\n|upkeep\n|turn|16\n|\n|t:|1701188448\n|switch|p1a: Ogerpon|Ogerpon-Wellspring, F|100\/100\n|-damage|p1a: Ogerpon|88\/100|[from] Stealth Rock\n|move|p2a: Slowking|Future Sight|p1a: Ogerpon\n|-start|p2a: Slowking|move: Future Sight\n|\n|upkeep\n|turn|17\n|\n|t:|1701188455\n|switch|p2a: Rillaboom|Rillaboom, F|58\/100\n|-fieldstart|move: Grassy Terrain|[from] ability: Grassy Surge|[of] p2a: Rillaboom\n|move|p1a: Ogerpon|Swords Dance|p1a: Ogerpon\n|-boost|p1a: Ogerpon|atk|2\n|\n|-heal|p1a: Ogerpon|94\/100|[from] Grassy Terrain\n|-heal|p2a: Rillaboom|64\/100|[from] Grassy Terrain\n|-heal|p2a: Rillaboom|71\/100|[from] item: Leftovers\n|upkeep\n|turn|18\n|\n|t:|1701188460\n|move|p1a: Ogerpon|Ivy Cudgel|p2a: Rillaboom|[anim] Ivy Cudgel Water\n|-resisted|p2a: Rillaboom\n|-damage|p2a: Rillaboom|11\/100\n|move|p2a: Rillaboom|U-turn|p1a: Ogerpon\n|-supereffective|p1a: Ogerpon\n|-damage|p1a: Ogerpon|31\/100\n|\n|t:|1701188462\n|switch|p2a: Kommo-o|Kommo-o, F|94\/100|[from] U-turn\n|\n|-end|p1a: Ogerpon|move: Future Sight\n|-damage|p1a: Ogerpon|0 fnt\n|faint|p1a: Ogerpon\n|-heal|p2a: Kommo-o|100\/100|[from] Grassy Terrain\n|upkeep\n|\n|t:|1701188466\n|switch|p1a: Dragapult|Dragapult, F|88\/100\n|-damage|p1a: Dragapult|76\/100|[from] Stealth Rock\n|turn|19\n|\n|t:|1701188471\n|switch|p2a: Slowking|Slowking-Galar, M|99\/100\n|move|p1a: Dragapult|Shadow Ball|p2a: Slowking\n|-supereffective|p2a: Slowking\n|-damage|p2a: Slowking|48\/100\n|\n|-heal|p1a: Dragapult|82\/100|[from] Grassy Terrain\n|-heal|p2a: Slowking|54\/100|[from] Grassy Terrain\n|upkeep\n|turn|20\n|\n|t:|1701188480\n|switch|p2a: Heatran|Heatran, M|100\/100\n|move|p1a: Dragapult|Shadow Ball|p2a: Heatran\n|-damage|p2a: Heatran|48\/100\n|\n|-heal|p1a: Dragapult|88\/100|[from] Grassy Terrain\n|-heal|p2a: Heatran|55\/100|[from] Grassy Terrain\n|-heal|p2a: Heatran|61\/100|[from] item: Leftovers\n|upkeep\n|turn|21\n|\n|t:|1701188490\n|switch|p1a: Hoopa|Hoopa-Unbound|82\/100\n|-damage|p1a: Hoopa|70\/100|[from] Stealth Rock\n|move|p2a: Heatran|Earth Power|p1a: Hoopa\n|-damage|p1a: Hoopa|40\/100\n|\n|-heal|p1a: Hoopa|46\/100|[from] Grassy Terrain\n|-heal|p2a: Heatran|67\/100|[from] Grassy Terrain\n|-heal|p2a: Heatran|73\/100|[from] item: Leftovers\n|-fieldend|move: Grassy Terrain\n|upkeep\n|turn|22\n|\n|t:|1701188496\n|move|p1a: Hoopa|Drain Punch|p2a: Heatran\n|-supereffective|p2a: Heatran\n|-damage|p2a: Heatran|10\/100\n|-heal|p1a: Hoopa|80\/100|[from] drain|[of] p2a: Heatran\n|move|p2a: Heatran|Flamethrower|p1a: Hoopa\n|-damage|p1a: Hoopa|34\/100\n|-status|p1a: Hoopa|brn\n|\n|-heal|p2a: Heatran|16\/100|[from] item: Leftovers\n|-damage|p1a: Hoopa|28\/100 brn|[from] brn\n|upkeep\n|turn|23\n|\n|t:|1701188502\n|switch|p2a: Kommo-o|Kommo-o, F|100\/100\n|move|p1a: Hoopa|Drain Punch|p2a: Kommo-o\n|-damage|p2a: Kommo-o|92\/100\n|-heal|p1a: Hoopa|33\/100 brn|[from] drain|[of] p2a: Kommo-o\n|\n|-heal|p2a: Kommo-o|98\/100|[from] item: Leftovers\n|-damage|p1a: Hoopa|27\/100 brn|[from] brn\n|upkeep\n|turn|24\n|\n|t:|1701188506\n|switch|p1a: Moltres|Moltres|73\/100\n|move|p2a: Kommo-o|Bulk Up|p2a: Kommo-o\n|-boost|p2a: Kommo-o|atk|1\n|-boost|p2a: Kommo-o|def|1\n|\n|-heal|p2a: Kommo-o|100\/100|[from] item: Leftovers\n|upkeep\n|turn|25\n|\n|t:|1701188510\n|switch|p2a: Thundurus|Thundurus, M|100\/100\n|move|p1a: Moltres|Hurricane|p2a: Thundurus\n|-resisted|p2a: Thundurus\n|-damage|p2a: Thundurus|67\/100\n|\n|upkeep\n|turn|26\n|\n|t:|1701188516\n|switch|p1a: Great Tusk|Great Tusk|100\/100\n|move|p2a: Thundurus|Volt Switch|p1a: Great Tusk\n|-immune|p1a: Great Tusk\n|\n|upkeep\n|turn|27\n|\n|t:|1701188520\n|-terastallize|p1a: Great Tusk|Poison\n|move|p2a: Thundurus|Grass Knot|p1a: Great Tusk\n|-resisted|p1a: Great Tusk\n|-damage|p1a: Great Tusk|69\/100\n|move|p1a: Great Tusk|Rapid Spin|p2a: Thundurus\n|-crit|p2a: Thundurus\n|-damage|p2a: Thundurus|24\/100\n|-boost|p1a: Great Tusk|spe|1\n|-sideend|p1: PLAYB0I R0BBIE B|Stealth Rock|[from] move: Rapid Spin|[of] p1a: Great Tusk\n|\n|upkeep\n|turn|28\n|\n|t:|1701188527\n|move|p1a: Great Tusk|Ice Spinner|p2a: Thundurus\n|-supereffective|p2a: Thundurus\n|-crit|p2a: Thundurus\n|-damage|p2a: Thundurus|0 fnt\n|faint|p2a: Thundurus\n|\n|upkeep\n|\n|t:|1701188532\n|switch|p2a: Great Tusk|Great Tusk|100\/100\n|turn|29\n|\n|t:|1701188535\n|-end|p1a: Great Tusk|Protosynthesis|[silent]\n|switch|p1a: Moltres|Moltres|73\/100\n|move|p2a: Great Tusk|Knock Off|p1a: Moltres\n|-damage|p1a: Moltres|40\/100\n|-status|p2a: Great Tusk|brn|[from] ability: Flame Body|[of] p1a: Moltres\n|-enditem|p1a: Moltres|Heavy-Duty Boots|[from] move: Knock Off|[of] p2a: Great Tusk\n|\n|-damage|p2a: Great Tusk|94\/100 brn|[from] brn\n|upkeep\n|turn|30\n|\n|t:|1701188538\n|move|p2a: Great Tusk|Head Smash|p1a: Moltres\n|-supereffective|p1a: Moltres\n|-damage|p1a: Moltres|0 fnt\n|faint|p1a: Moltres\n|-damage|p2a: Great Tusk|74\/100 brn|[from] Recoil\n|\n|-heal|p2a: Great Tusk|80\/100 brn|[from] item: Leftovers\n|-damage|p2a: Great Tusk|74\/100 brn|[from] brn\n|upkeep\n|\n|t:|1701188542\n|switch|p1a: Hoopa|Hoopa-Unbound|27\/100 brn\n|turn|31\n|\n|t:|1701188550\n|move|p1a: Hoopa|Psychic|p2a: Great Tusk\n|-supereffective|p2a: Great Tusk\n|-damage|p2a: Great Tusk|0 fnt\n|faint|p2a: Great Tusk\n|-end|p2a: Great Tusk|Protosynthesis|[silent]\n|\n|-damage|p1a: Hoopa|21\/100 brn|[from] brn\n|upkeep\n|\n|t:|1701188560\n|switch|p2a: Rillaboom|Rillaboom, F|11\/100\n|-fieldstart|move: Grassy Terrain|[from] ability: Grassy Surge|[of] p2a: Rillaboom\n|turn|32\n|\n|t:|1701188567\n|switch|p1a: Dragapult|Dragapult, F|88\/100\n|move|p2a: Rillaboom|Grassy Glide|p1a: Dragapult\n|-resisted|p1a: Dragapult\n|-damage|p1a: Dragapult|61\/100\n|\n|-heal|p1a: Dragapult|67\/100|[from] Grassy Terrain\n|-heal|p2a: Rillaboom|17\/100|[from] Grassy Terrain\n|-heal|p2a: Rillaboom|23\/100|[from] item: Leftovers\n|upkeep\n|turn|33\n|\n|t:|1701188572\n|switch|p2a: Heatran|Heatran, M|16\/100\n|move|p1a: Dragapult|U-turn|p2a: Heatran\n|-resisted|p2a: Heatran\n|-damage|p2a: Heatran|12\/100\n|\n|t:|1701188576\n|switch|p1a: Great Tusk|Great Tusk, tera:Poison|69\/100|[from] U-turn\n|\n|-heal|p1a: Great Tusk|75\/100|[from] Grassy Terrain\n|-heal|p2a: Heatran|18\/100|[from] Grassy Terrain\n|-heal|p2a: Heatran|24\/100|[from] item: Leftovers\n|upkeep\n|turn|34\n|\n|t:|1701188582\n|move|p1a: Great Tusk|Close Combat|p2a: Heatran\n|-supereffective|p2a: Heatran\n|-damage|p2a: Heatran|0 fnt\n|-unboost|p1a: Great Tusk|def|1\n|-unboost|p1a: Great Tusk|spd|1\n|faint|p2a: Heatran\n|\n|-heal|p1a: Great Tusk|81\/100|[from] Grassy Terrain\n|upkeep\n|\n|t:|1701188586\n|switch|p2a: Rillaboom|Rillaboom, F|23\/100\n|turn|35\n|\n|t:|1701188591\n|move|p1a: Great Tusk|Ice Spinner|p2a: Rillaboom\n|-supereffective|p2a: Rillaboom\n|-damage|p2a: Rillaboom|0 fnt\n|-fieldend|move: Grassy Terrain\n|faint|p2a: Rillaboom\n|\n|upkeep\n|\n|t:|1701188592\n|switch|p2a: Kommo-o|Kommo-o, F|100\/100\n|turn|36\n|\n|t:|1701188600\n|-end|p1a: Great Tusk|Protosynthesis|[silent]\n|switch|p1a: Hoopa|Hoopa-Unbound|21\/100 brn\n|move|p2a: Kommo-o|Earthquake|p1a: Hoopa\n|-damage|p1a: Hoopa|0 fnt\n|faint|p1a: Hoopa\n|\n|upkeep\n|\n|t:|1701188602\n|switch|p1a: Dragapult|Dragapult, F|67\/100\n|turn|37\n|\n|t:|1701188605\n|switch|p2a: Slowking|Slowking-Galar, M|87\/100\n|move|p1a: Dragapult|Draco Meteor|p2a: Slowking\n|-damage|p2a: Slowking|44\/100\n|-unboost|p1a: Dragapult|spa|2\n|\n|upkeep\n|turn|38\n|\n|t:|1701188612\n|switch|p1a: Great Tusk|Great Tusk, tera:Poison|81\/100\n|move|p2a: Slowking|Future Sight|p1a: Great Tusk\n|-start|p2a: Slowking|move: Future Sight\n|\n|upkeep\n|turn|39\n|\n|t:|1701188615\n|move|p1a: Great Tusk|Rapid Spin|p2a: Slowking\n|-damage|p2a: Slowking|23\/100\n|-boost|p1a: Great Tusk|spe|1\n|move|p2a: Slowking|Psyshock|p1a: Great Tusk\n|-supereffective|p1a: Great Tusk\n|-damage|p1a: Great Tusk|27\/100\n|\n|upkeep\n|turn|40\n|\n|t:|1701188620\n|move|p1a: Great Tusk|Headlong Rush|p2a: Slowking\n|-supereffective|p2a: Slowking\n|-damage|p2a: Slowking|0 fnt\n|-unboost|p1a: Great Tusk|def|1\n|-unboost|p1a: Great Tusk|spd|1\n|faint|p2a: Slowking\n|\n|-end|p1a: Great Tusk|move: Future Sight\n|-supereffective|p1a: Great Tusk\n|-damage|p1a: Great Tusk|0 fnt\n|faint|p1a: Great Tusk\n|-end|p1a: Great Tusk|Protosynthesis|[silent]\n|upkeep\n|\n|t:|1701188623\n|switch|p1a: Dragapult|Dragapult, F|67\/100\n|switch|p2a: Kommo-o|Kommo-o, F|100\/100\n|turn|41\n|\n|t:|1701188628\n|move|p1a: Dragapult|Draco Meteor|p2a: Kommo-o|[miss]\n|-miss|p1a: Dragapult|p2a: Kommo-o\n|move|p2a: Kommo-o|Earthquake|p1a: Dragapult\n|-damage|p1a: Dragapult|35\/100\n|\n|upkeep\n|turn|42\n|\n|t:|1701188630\n|move|p1a: Dragapult|Draco Meteor|p2a: Kommo-o\n|-supereffective|p2a: Kommo-o\n|-damage|p2a: Kommo-o|0 fnt\n|-unboost|p1a: Dragapult|spa|2\n|faint|p2a: Kommo-o\n|\n|win|PLAYB0I R0BBIE B\n|raw|PLAYB0I R0BBIE B's rating: 1331 &rarr; <strong>1349<\/strong><br \/>(+18 for winning)\n|raw|Justy Love's rating: 1297 &rarr; <strong>1274<\/strong><br \/>(-23 for losing)\n|l|\u2606Justy Love\n","uploadtime":1701188635,"views":4,"p1id":"playb0ir0bbieb","p2id":"justylove","formatid":"gen9ou","rating":1274,"private":0,"password":""}