{"id":"gen9ou-1988573004","p1":"Skoomabangbang","p2":"yayou","format":"[Gen 9] OU","log":"|j|\u2606Skoomabangbang\n|j|\u2606yayou\n|t:|1699737566\n|gametype|singles\n|player|p1|Skoomabangbang|shadowtriad|\n|player|p2|yayou|volkner|\n|teamsize|p1|6\n|teamsize|p2|6\n|gen|9\n|tier|[Gen 9] OU\n|rule|Sleep Clause Mod: Limit one foe put to sleep\n|rule|Species Clause: Limit one of each Pok\u00e9mon\n|rule|OHKO Clause: OHKO moves are banned\n|rule|Evasion Items Clause: Evasion items are banned\n|rule|Evasion Moves Clause: Evasion moves are banned\n|rule|Endless Battle Clause: Forcing endless battles is banned\n|rule|HP Percentage Mod: HP is shown in percentages\n|clearpoke\n|poke|p1|Torkoal, M|\n|poke|p1|Ceruledge, M|\n|poke|p1|Zarude-Dada|\n|poke|p1|Walking Wake|\n|poke|p1|Clodsire, M|\n|poke|p1|Enamorus-Therian, F|\n|poke|p2|Rotom-Wash|\n|poke|p2|Slowking, F|\n|poke|p2|Ogerpon-Wellspring, F|\n|poke|p2|Manaphy|\n|poke|p2|Azumarill, M|\n|poke|p2|Toxapex, F|\n|teampreview\n|inactive|Battle timer is ON: inactive players will automatically lose when time's up. (requested by Skoomabangbang)\n|inactiveoff|Battle timer is now OFF.\n|\n|t:|1699737700\n|start\n|switch|p1a: Tortue G\u00e9nial|Torkoal, M|100\/100\n|switch|p2a: Rotom|Rotom-Wash|100\/100\n|-weather|SunnyDay|[from] ability: Drought|[of] p1a: Tortue G\u00e9nial\n|turn|1\n|\n|t:|1699737711\n|switch|p1a: Se\u00f1or Pink|Clodsire, M, shiny|100\/100\n|move|p2a: Rotom|Volt Switch|p1a: Se\u00f1or Pink\n|-immune|p1a: Se\u00f1or Pink\n|\n|-weather|SunnyDay|[upkeep]\n|upkeep\n|turn|2\n|\n|t:|1699737722\n|switch|p2a: Manaphy|Manaphy|100\/100\n|move|p1a: Se\u00f1or Pink|Toxic|p2a: Manaphy\n|-status|p2a: Manaphy|tox\n|\n|-weather|SunnyDay|[upkeep]\n|-damage|p2a: Manaphy|94\/100 tox|[from] psn\n|upkeep\n|turn|3\n|\n|t:|1699737756\n|switch|p1a: WTF|Enamorus-Therian, F|100\/100\n|move|p2a: Manaphy|Take Heart|p2a: Manaphy\n|-boost|p2a: Manaphy|spa|1\n|-boost|p2a: Manaphy|spd|1\n|-curestatus|p2a: Manaphy|tox|[msg]\n|\n|-weather|SunnyDay|[upkeep]\n|-heal|p2a: Manaphy|100\/100|[from] item: Leftovers\n|upkeep\n|turn|4\n|\n|t:|1699737772\n|move|p2a: Manaphy|Knock Off|p1a: WTF\n|-resisted|p1a: WTF\n|-damage|p1a: WTF|92\/100\n|-enditem|p1a: WTF|Assault Vest|[from] move: Knock Off|[of] p2a: Manaphy\n|move|p1a: WTF|Mystical Fire|p2a: Manaphy\n|-resisted|p2a: Manaphy\n|-damage|p2a: Manaphy|90\/100\n|-unboost|p2a: Manaphy|spa|1\n|\n|-weather|SunnyDay|[upkeep]\n|-heal|p2a: Manaphy|96\/100|[from] item: Leftovers\n|upkeep\n|turn|5\n|\n|t:|1699737786\n|switch|p1a: Se\u00f1or Pink|Clodsire, M, shiny|100\/100\n|move|p2a: Manaphy|Take Heart|p2a: Manaphy\n|-boost|p2a: Manaphy|spa|1\n|-boost|p2a: Manaphy|spd|1\n|\n|-weather|SunnyDay|[upkeep]\n|-heal|p2a: Manaphy|100\/100|[from] item: Leftovers\n|upkeep\n|turn|6\n|\n|t:|1699737795\n|move|p2a: Manaphy|Knock Off|p1a: Se\u00f1or Pink\n|-damage|p1a: Se\u00f1or Pink|77\/100\n|-enditem|p1a: Se\u00f1or Pink|Black Sludge|[from] move: Knock Off|[of] p2a: Manaphy\n|move|p1a: Se\u00f1or Pink|Toxic|p2a: Manaphy\n|-status|p2a: Manaphy|tox\n|\n|-weather|SunnyDay|[upkeep]\n|-damage|p2a: Manaphy|94\/100 tox|[from] psn\n|upkeep\n|turn|7\n|\n|t:|1699737809\n|move|p2a: Manaphy|Take Heart|p2a: Manaphy\n|-boost|p2a: Manaphy|spa|1\n|-boost|p2a: Manaphy|spd|1\n|-curestatus|p2a: Manaphy|tox|[msg]\n|move|p1a: Se\u00f1or Pink|Gunk Shot|p2a: Manaphy\n|-damage|p2a: Manaphy|58\/100\n|\n|-weather|SunnyDay|[upkeep]\n|-heal|p2a: Manaphy|64\/100|[from] item: Leftovers\n|upkeep\n|turn|8\n|\n|t:|1699737820\n|move|p2a: Manaphy|Psychic|p1a: Se\u00f1or Pink\n|-supereffective|p1a: Se\u00f1or Pink\n|-damage|p1a: Se\u00f1or Pink|18\/100\n|-unboost|p1a: Se\u00f1or Pink|spd|1\n|move|p1a: Se\u00f1or Pink|Gunk Shot|p2a: Manaphy\n|-damage|p2a: Manaphy|27\/100\n|-status|p2a: Manaphy|psn\n|\n|-weather|none\n|-heal|p2a: Manaphy|33\/100 psn|[from] item: Leftovers\n|-damage|p2a: Manaphy|21\/100 psn|[from] psn\n|upkeep\n|turn|9\n|\n|t:|1699737837\n|switch|p1a: Tortue G\u00e9nial|Torkoal, M|100\/100\n|-weather|SunnyDay|[from] ability: Drought|[of] p1a: Tortue G\u00e9nial\n|move|p2a: Manaphy|Psychic|p1a: Tortue G\u00e9nial\n|-damage|p1a: Tortue G\u00e9nial|32\/100\n|\n|-weather|SunnyDay|[upkeep]\n|-heal|p2a: Manaphy|27\/100 psn|[from] item: Leftovers\n|-damage|p2a: Manaphy|15\/100 psn|[from] psn\n|upkeep\n|turn|10\n|\n|t:|1699737854\n|switch|p1a: Don Dada|Zarude-Dada|100\/100\n|move|p2a: Manaphy|Knock Off|p1a: Don Dada\n|-resisted|p1a: Don Dada\n|-damage|p1a: Don Dada|91\/100\n|-enditem|p1a: Don Dada|Figy Berry|[from] move: Knock Off|[of] p2a: Manaphy\n|\n|-weather|SunnyDay|[upkeep]\n|-heal|p2a: Manaphy|21\/100 psn|[from] item: Leftovers\n|-damage|p2a: Manaphy|8\/100 psn|[from] psn\n|upkeep\n|turn|11\n|\n|t:|1699737867\n|move|p2a: Manaphy|Energy Ball|p1a: Don Dada\n|-resisted|p1a: Don Dada\n|-damage|p1a: Don Dada|64\/100\n|move|p1a: Don Dada|Swords Dance|p1a: Don Dada\n|-boost|p1a: Don Dada|atk|2\n|\n|-weather|SunnyDay|[upkeep]\n|-heal|p2a: Manaphy|15\/100 psn|[from] item: Leftovers\n|-damage|p2a: Manaphy|2\/100 psn|[from] psn\n|upkeep\n|turn|12\n|\n|t:|1699737884\n|move|p2a: Manaphy|Energy Ball|p1a: Don Dada\n|-resisted|p1a: Don Dada\n|-damage|p1a: Don Dada|36\/100\n|move|p1a: Don Dada|Trailblaze|p2a: Manaphy\n|-supereffective|p2a: Manaphy\n|-damage|p2a: Manaphy|0 fnt\n|-boost|p1a: Don Dada|spe|1\n|faint|p2a: Manaphy\n|\n|-weather|SunnyDay|[upkeep]\n|upkeep\n|\n|t:|1699737895\n|switch|p2a: Azumarill|Azumarill, M|100\/100\n|turn|13\n|\n|t:|1699737913\n|move|p1a: Don Dada|Knock Off|p2a: Azumarill\n|-resisted|p2a: Azumarill\n|-damage|p2a: Azumarill|46\/100\n|-enditem|p2a: Azumarill|Leftovers|[from] move: Knock Off|[of] p1a: Don Dada\n|move|p2a: Azumarill|Play Rough|p1a: Don Dada\n|-supereffective|p1a: Don Dada\n|-damage|p1a: Don Dada|0 fnt\n|faint|p1a: Don Dada\n|\n|-weather|SunnyDay|[upkeep]\n|upkeep\n|\n|t:|1699737933\n|switch|p1a: Se\u00f1or Pink|Clodsire, M, shiny|18\/100\n|turn|14\n|\n|t:|1699737940\n|move|p2a: Azumarill|Trailblaze|p1a: Se\u00f1or Pink\n|-damage|p1a: Se\u00f1or Pink|4\/100\n|-boost|p2a: Azumarill|spe|1\n|move|p1a: Se\u00f1or Pink|Recover|p1a: Se\u00f1or Pink\n|-heal|p1a: Se\u00f1or Pink|55\/100\n|\n|-weather|SunnyDay|[upkeep]\n|upkeep\n|turn|15\n|\n|t:|1699737956\n|switch|p2a: Toxapex|Toxapex, F|100\/100\n|move|p1a: Se\u00f1or Pink|Toxic|p2a: Toxapex\n|-immune|p2a: Toxapex\n|\n|-weather|SunnyDay|[upkeep]\n|upkeep\n|turn|16\n|\n|t:|1699737981\n|switch|p2a: Slowking|Slowking, F|100\/100\n|move|p1a: Se\u00f1or Pink|Recover|p1a: Se\u00f1or Pink\n|-heal|p1a: Se\u00f1or Pink|100\/100\n|\n|-weather|none\n|upkeep\n|turn|17\n|\n|t:|1699737995\n|switch|p1a: Tortue G\u00e9nial|Torkoal, M|32\/100\n|-weather|SunnyDay|[from] ability: Drought|[of] p1a: Tortue G\u00e9nial\n|move|p2a: Slowking|Psyshock|p1a: Tortue G\u00e9nial\n|-damage|p1a: Tortue G\u00e9nial|11\/100\n|\n|-weather|SunnyDay|[upkeep]\n|upkeep\n|turn|18\n|\n|t:|1699738011\n|move|p2a: Slowking|Psyshock|p1a: Tortue G\u00e9nial\n|-damage|p1a: Tortue G\u00e9nial|0 fnt\n|faint|p1a: Tortue G\u00e9nial\n|\n|-weather|SunnyDay|[upkeep]\n|upkeep\n|\n|t:|1699738021\n|switch|p1a: Ulti|Walking Wake|100\/100\n|-activate|p1a: Ulti|ability: Protosynthesis\n|-start|p1a: Ulti|protosynthesisspe\n|turn|19\n|\n|t:|1699738034\n|switch|p2a: Azumarill|Azumarill, M|46\/100\n|move|p1a: Ulti|Hydro Steam|p2a: Azumarill\n|-resisted|p2a: Azumarill\n|-damage|p2a: Azumarill|0 fnt\n|faint|p2a: Azumarill\n|\n|-weather|SunnyDay|[upkeep]\n|upkeep\n|\n|t:|1699738045\n|switch|p2a: Toxapex|Toxapex, F|100\/100\n|turn|20\n|\n|t:|1699738059\n|move|p1a: Ulti|Hydro Steam|p2a: Toxapex\n|-resisted|p2a: Toxapex\n|-damage|p2a: Toxapex|72\/100\n|move|p2a: Toxapex|Toxic|p1a: Ulti\n|-status|p1a: Ulti|tox\n|\n|-weather|SunnyDay|[upkeep]\n|-heal|p2a: Toxapex|78\/100|[from] item: Black Sludge\n|-damage|p1a: Ulti|94\/100 tox|[from] psn\n|upkeep\n|turn|21\n|\n|t:|1699738070\n|-end|p1a: Ulti|Protosynthesis|[silent]\n|switch|p1a: WTF|Enamorus-Therian, F|92\/100\n|switch|p2a: Slowking|Slowking, F|100\/100\n|\n|-weather|SunnyDay|[upkeep]\n|upkeep\n|turn|22\n|\n|t:|1699738092\n|move|p1a: WTF|Draining Kiss|p2a: Slowking\n|-damage|p2a: Slowking|91\/100\n|-heal|p1a: WTF|99\/100|[from] drain|[of] p2a: Slowking\n|move|p2a: Slowking|Future Sight|p1a: WTF\n|-start|p2a: Slowking|move: Future Sight\n|\n|-weather|SunnyDay|[upkeep]\n|upkeep\n|turn|23\n|\n|t:|1699738103\n|move|p1a: WTF|Grass Knot|p2a: Slowking\n|-supereffective|p2a: Slowking\n|-damage|p2a: Slowking|68\/100\n|move|p2a: Slowking|Psyshock|p1a: WTF\n|-damage|p1a: WTF|72\/100\n|\n|-weather|SunnyDay|[upkeep]\n|upkeep\n|turn|24\n|\n|t:|1699738115\n|switch|p1a: Ulti|Walking Wake|94\/100 tox\n|-activate|p1a: Ulti|ability: Protosynthesis\n|-start|p1a: Ulti|protosynthesisspe\n|move|p2a: Slowking|Psyshock|p1a: Ulti\n|-damage|p1a: Ulti|57\/100 tox\n|\n|-weather|none\n|-end|p1a: Ulti|Protosynthesis\n|-end|p1a: Ulti|move: Future Sight\n|-damage|p1a: Ulti|0 fnt\n|faint|p1a: Ulti\n|-end|p1a: Ulti|Protosynthesis|[silent]\n|upkeep\n|\n|t:|1699738130\n|switch|p1a: Ryuma|Ceruledge, M, shiny|100\/100\n|turn|25\n|\n|t:|1699738142\n|switch|p2a: Toxapex|Toxapex, F|100\/100\n|-terastallize|p1a: Ryuma|Fairy\n|move|p1a: Ryuma|Bulk Up|p1a: Ryuma\n|-boost|p1a: Ryuma|atk|1\n|-boost|p1a: Ryuma|def|1\n|\n|upkeep\n|turn|26\n|\n|t:|1699738154\n|move|p1a: Ryuma|Bulk Up|p1a: Ryuma\n|-boost|p1a: Ryuma|atk|1\n|-boost|p1a: Ryuma|def|1\n|move|p2a: Toxapex|Toxic|p1a: Ryuma\n|-status|p1a: Ryuma|tox\n|\n|-damage|p1a: Ryuma|95\/100 tox|[from] psn\n|upkeep\n|turn|27\n|\n|t:|1699738163\n|move|p1a: Ryuma|Bulk Up|p1a: Ryuma\n|-boost|p1a: Ryuma|atk|1\n|-boost|p1a: Ryuma|def|1\n|move|p2a: Toxapex|Chilling Water|p1a: Ryuma\n|-damage|p1a: Ryuma|83\/100 tox\n|-unboost|p1a: Ryuma|atk|1\n|\n|-heal|p1a: Ryuma|89\/100 tox|[from] item: Leftovers\n|-damage|p1a: Ryuma|77\/100 tox|[from] psn\n|upkeep\n|turn|28\n|\n|t:|1699738175\n|move|p1a: Ryuma|Bitter Blade|p2a: Toxapex\n|-resisted|p2a: Toxapex\n|-damage|p2a: Toxapex|67\/100\n|-heal|p1a: Ryuma|94\/100 tox|[from] drain|[of] p2a: Toxapex\n|move|p2a: Toxapex|Chilling Water|p1a: Ryuma\n|-damage|p1a: Ryuma|82\/100 tox\n|-unboost|p1a: Ryuma|atk|1\n|\n|-heal|p1a: Ryuma|88\/100 tox|[from] item: Leftovers\n|-heal|p2a: Toxapex|74\/100|[from] item: Black Sludge\n|-damage|p1a: Ryuma|70\/100 tox|[from] psn\n|upkeep\n|turn|29\n|\n|t:|1699738192\n|move|p1a: Ryuma|Shadow Sneak|p2a: Toxapex\n|-damage|p2a: Toxapex|50\/100\n|move|p2a: Toxapex|Chilling Water|p1a: Ryuma\n|-damage|p1a: Ryuma|58\/100 tox\n|-unboost|p1a: Ryuma|atk|1\n|\n|-heal|p1a: Ryuma|64\/100 tox|[from] item: Leftovers\n|-heal|p2a: Toxapex|57\/100|[from] item: Black Sludge\n|-damage|p1a: Ryuma|40\/100 tox|[from] psn\n|upkeep\n|turn|30\n|\n|t:|1699738203\n|move|p1a: Ryuma|Bitter Blade|p2a: Toxapex\n|-resisted|p2a: Toxapex\n|-damage|p2a: Toxapex|39\/100\n|-heal|p1a: Ryuma|49\/100 tox|[from] drain|[of] p2a: Toxapex\n|move|p2a: Toxapex|Recover|p2a: Toxapex\n|-heal|p2a: Toxapex|89\/100\n|\n|-heal|p1a: Ryuma|55\/100 tox|[from] item: Leftovers\n|-heal|p2a: Toxapex|95\/100|[from] item: Black Sludge\n|-damage|p1a: Ryuma|25\/100 tox|[from] psn\n|upkeep\n|turn|31\n|\n|t:|1699738219\n|switch|p1a: WTF|Enamorus-Therian, F|72\/100\n|move|p2a: Toxapex|Recover|p2a: Toxapex\n|-heal|p2a: Toxapex|100\/100\n|\n|upkeep\n|turn|32\n|\n|t:|1699738232\n|switch|p2a: Slowking|Slowking, F|100\/100\n|move|p1a: WTF|Grass Knot|p2a: Slowking\n|-supereffective|p2a: Slowking\n|-damage|p2a: Slowking|80\/100\n|\n|upkeep\n|turn|33\n|\n|t:|1699738240\n|move|p1a: WTF|Mystical Fire|p2a: Slowking\n|-resisted|p2a: Slowking\n|-damage|p2a: Slowking|75\/100\n|-unboost|p2a: Slowking|spa|1\n|move|p2a: Slowking|Future Sight|p1a: WTF\n|-start|p2a: Slowking|move: Future Sight\n|\n|upkeep\n|turn|34\n|\n|t:|1699738250\n|switch|p2a: Toxapex|Toxapex, F|100\/100\n|move|p1a: WTF|Grass Knot|p2a: Toxapex\n|-damage|p2a: Toxapex|91\/100\n|\n|-heal|p2a: Toxapex|98\/100|[from] item: Black Sludge\n|upkeep\n|turn|35\n|\n|t:|1699738261\n|switch|p2a: Slowking|Slowking, F|100\/100\n|move|p1a: WTF|Earth Power|p2a: Slowking\n|-damage|p2a: Slowking|88\/100\n|\n|-end|p1a: WTF|move: Future Sight\n|-damage|p1a: WTF|28\/100\n|upkeep\n|turn|36\n|\n|t:|1699738271\n|move|p1a: WTF|Draining Kiss|p2a: Slowking\n|-damage|p2a: Slowking|79\/100\n|-heal|p1a: WTF|35\/100|[from] drain|[of] p2a: Slowking\n|move|p2a: Slowking|Future Sight|p1a: WTF\n|-start|p2a: Slowking|move: Future Sight\n|\n|upkeep\n|turn|37\n|\n|t:|1699738282\n|move|p1a: WTF|Mystical Fire|p2a: Slowking\n|-resisted|p2a: Slowking\n|-damage|p2a: Slowking|73\/100\n|-unboost|p2a: Slowking|spa|1\n|move|p2a: Slowking|Psyshock|p1a: WTF\n|-damage|p1a: WTF|20\/100\n|\n|upkeep\n|turn|38\n|\n|t:|1699738293\n|switch|p2a: Toxapex|Toxapex, F|100\/100\n|move|p1a: WTF|Earth Power|p2a: Toxapex\n|-supereffective|p2a: Toxapex\n|-damage|p2a: Toxapex|65\/100\n|\n|-end|p1a: WTF|move: Future Sight\n|-damage|p1a: WTF|0 fnt\n|faint|p1a: WTF\n|-heal|p2a: Toxapex|71\/100|[from] item: Black Sludge\n|upkeep\n|\n|t:|1699738306\n|switch|p1a: Se\u00f1or Pink|Clodsire, M, shiny|100\/100\n|turn|39\n|\n|t:|1699738319\n|switch|p2a: Rotom|Rotom-Wash|100\/100\n|move|p1a: Se\u00f1or Pink|Gunk Shot|p2a: Rotom\n|-damage|p2a: Rotom|56\/100\n|\n|upkeep\n|turn|40\n|\n|t:|1699738333\n|move|p2a: Rotom|Hex|p1a: Se\u00f1or Pink\n|-damage|p1a: Se\u00f1or Pink|90\/100\n|move|p1a: Se\u00f1or Pink|Gunk Shot|p2a: Rotom\n|-damage|p2a: Rotom|13\/100\n|-status|p2a: Rotom|psn\n|\n|-damage|p2a: Rotom|0 fnt|[from] psn\n|faint|p2a: Rotom\n|upkeep\n|\n|t:|1699738338\n|switch|p2a: Slowking|Slowking, F|100\/100\n|turn|41\n|\n|t:|1699738370\n|move|p2a: Slowking|Psyshock|p1a: Se\u00f1or Pink\n|-supereffective|p1a: Se\u00f1or Pink\n|-damage|p1a: Se\u00f1or Pink|16\/100\n|move|p1a: Se\u00f1or Pink|Toxic|p2a: Slowking\n|-status|p2a: Slowking|tox\n|\n|-damage|p2a: Slowking|94\/100 tox|[from] psn\n|upkeep\n|turn|42\n|\n|t:|1699738380\n|switch|p1a: Ryuma|Ceruledge, M, shiny, tera:Fairy|25\/100 tox\n|move|p2a: Slowking|Psyshock|p1a: Ryuma\n|-damage|p1a: Ryuma|0 fnt\n|faint|p1a: Ryuma\n|\n|-damage|p2a: Slowking|82\/100 tox|[from] psn\n|upkeep\n|\n|t:|1699738389\n|switch|p1a: Se\u00f1or Pink|Clodsire, M, shiny|16\/100\n|turn|43\n|\n|t:|1699738393\n|move|p2a: Slowking|Psyshock|p1a: Se\u00f1or Pink\n|-supereffective|p1a: Se\u00f1or Pink\n|-damage|p1a: Se\u00f1or Pink|0 fnt\n|faint|p1a: Se\u00f1or Pink\n|\n|win|yayou\n|l|\u2606Skoomabangbang\n","uploadtime":1699738402,"views":11,"p1id":"skoomabangbang","p2id":"yayou","formatid":"gen9ou","rating":0,"private":0,"password":""}