{"id":"gen9ou-1995252801","p1":"majsimone00","p2":"SheClodOnMySire","format":"[Gen 9] OU","log":"|j|\u2606majsimone00\n|j|\u2606SheClodOnMySire\n|t:|1700540553\n|gametype|singles\n|player|p1|majsimone00|2|\n|player|p2|SheClodOnMySire|169|\n|teamsize|p1|6\n|teamsize|p2|6\n|gen|9\n|tier|[Gen 9] OU\n|rule|Sleep Clause Mod: Limit one foe put to sleep\n|rule|Species Clause: Limit one of each Pok\u00e9mon\n|rule|OHKO Clause: OHKO moves are banned\n|rule|Evasion Items Clause: Evasion items are banned\n|rule|Evasion Moves Clause: Evasion moves are banned\n|rule|Endless Battle Clause: Forcing endless battles is banned\n|rule|HP Percentage Mod: HP is shown in percentages\n|clearpoke\n|poke|p1|Dudunsparce-*, M|\n|poke|p1|Dragapult, F|\n|poke|p1|Slowking-Galar, F|\n|poke|p1|Pelipper, F|\n|poke|p1|Talonflame, M|\n|poke|p1|Ceruledge, F|\n|poke|p2|Amoonguss, F|\n|poke|p2|Azumarill, F|\n|poke|p2|Clodsire, F|\n|poke|p2|Maushold-Four|\n|poke|p2|Moltres|\n|poke|p2|Salamence, F|\n|teampreview\n|c|\u2606SheClodOnMySire|good luck\n|c|\u2606majsimone00|good luck have fun my man\n|j| craylinez\n|c| craylinez|there wego\n|c| craylinez|hi\n|c|\u2606majsimone00|hi!\n|\n|t:|1700540622\n|start\n|switch|p1a: Dragapult|Dragapult, F|100\/100\n|switch|p2a: Azumarill|Azumarill, F|100\/100\n|turn|1\n|c| craylinez|let's goooo boys\n|\n|t:|1700540642\n|switch|p1a: Ceruledge|Ceruledge, F|100\/100\n|move|p2a: Azumarill|Belly Drum|p2a: Azumarill\n|-damage|p2a: Azumarill|50\/100\n|-setboost|p2a: Azumarill|atk|6|[from] move: Belly Drum\n|-enditem|p1a: Ceruledge|Mirror Herb\n|-boost|p1a: Ceruledge|atk|6|[from] item: Mirror Herb\n|-enditem|p2a: Azumarill|Sitrus Berry|[eat]\n|-heal|p2a: Azumarill|75\/100|[from] item: Sitrus Berry\n|\n|upkeep\n|turn|2\n|c| craylinez|LMAO\n|c| craylinez|DED\n|\n|t:|1700540708\n|-terastallize|p1a: Ceruledge|Ghost\n|-terastallize|p2a: Azumarill|Water\n|move|p1a: Ceruledge|Shadow Sneak|p2a: Azumarill\n|-damage|p2a: Azumarill|0 fnt\n|faint|p2a: Azumarill\n|\n|upkeep\n|c|\u2606majsimone00|;)\n|j| bigweff\n|\n|t:|1700540735\n|switch|p2a: Salamence|Salamence, F|100\/100\n|-ability|p2a: Salamence|Intimidate|boost\n|-unboost|p1a: Ceruledge|atk|1\n|turn|3\n|\n|t:|1700540750\n|move|p1a: Ceruledge|Shadow Sneak|p2a: Salamence\n|-damage|p2a: Salamence|0 fnt\n|faint|p2a: Salamence\n|\n|upkeep\n|\n|t:|1700540757\n|switch|p2a: Amoonguss|Amoonguss, F|100\/100\n|turn|4\n|raw|<div class=\"broadcast-red\"><b>The server is restarting soon.<\/b><br \/>Please finish your battles quickly. No new battles can be started until the server resets in a few minutes.<\/div>\n|inactive|Battle timer is ON: inactive players will automatically lose when time's up.\n|raw|<div class=\"broadcast-red\"><b>Moderated chat was set to +!<\/b><br \/>Only users of rank + and higher can talk.<\/div>\n|c|\u2606majsimone00|We better finish soon\n|\n|t:|1700540781\n|move|p1a: Ceruledge|Shadow Sneak|p2a: Amoonguss\n|-damage|p2a: Amoonguss|1\/100\n|-damage|p1a: Ceruledge|84\/100|[from] item: Rocky Helmet|[of] p2a: Amoonguss\n|move|p2a: Amoonguss|Spore|p1a: Ceruledge\n|-status|p1a: Ceruledge|slp|[from] move: Spore\n|\n|upkeep\n|turn|5\n|c|\u2606majsimone00|Looks like server will restart\n|\n|t:|1700540796\n|cant|p1a: Ceruledge|slp\n|move|p2a: Amoonguss|Giga Drain|p1a: Ceruledge\n|-damage|p1a: Ceruledge|57\/100 slp\n|-heal|p2a: Amoonguss|10\/100|[from] drain|[of] p1a: Ceruledge\n|\n|upkeep\n|turn|6\n|inactive|SheClodOnMySire has 270 seconds left.\n|\n|t:|1700540841\n|switch|p2a: Maushold|Maushold-Four|100\/100\n|cant|p1a: Ceruledge|slp\n|\n|upkeep\n|turn|7\n|\n|t:|1700540851\n|move|p2a: Maushold|Population Bomb|p1a: Ceruledge\n|-immune|p1a: Ceruledge\n|-curestatus|p1a: Ceruledge|slp|[msg]\n|move|p1a: Ceruledge|Bitter Blade|p2a: Maushold\n|-damage|p2a: Maushold|0 fnt\n|-heal|p1a: Ceruledge|100\/100|[from] drain|[of] p2a: Maushold\n|faint|p2a: Maushold\n|\n|upkeep\n|\n|t:|1700540859\n|switch|p2a: Godsire|Clodsire, F|100\/100\n|turn|8\n|\n|t:|1700540869\n|move|p1a: Ceruledge|Shadow Sneak|p2a: Godsire\n|-damage|p2a: Godsire|69\/100\n|move|p2a: Godsire|Earthquake|p1a: Ceruledge\n|-damage|p1a: Ceruledge|59\/100\n|-ability|p1a: Ceruledge|Weak Armor|boost\n|-unboost|p1a: Ceruledge|def|1\n|-boost|p1a: Ceruledge|spe|2\n|\n|-heal|p2a: Godsire|75\/100|[from] item: Leftovers\n|upkeep\n|turn|9\n|\n|t:|1700540886\n|move|p1a: Ceruledge|Bitter Blade|p2a: Godsire\n|-damage|p2a: Godsire|29\/100\n|-heal|p1a: Ceruledge|96\/100|[from] drain|[of] p2a: Godsire\n|move|p2a: Godsire|Stone Edge|p1a: Ceruledge\n|-damage|p1a: Ceruledge|72\/100\n|-ability|p1a: Ceruledge|Weak Armor|boost\n|-unboost|p1a: Ceruledge|def|1\n|-boost|p1a: Ceruledge|spe|2\n|\n|-heal|p2a: Godsire|35\/100|[from] item: Leftovers\n|upkeep\n|turn|10\n|\n|t:|1700540907\n|move|p1a: Ceruledge|Bitter Blade|p2a: Godsire\n|-damage|p2a: Godsire|0 fnt\n|-heal|p1a: Ceruledge|99\/100|[from] drain|[of] p2a: Godsire\n|faint|p2a: Godsire\n|\n|upkeep\n|\n|t:|1700540912\n|switch|p2a: Moltres|Moltres|100\/100\n|turn|11\n|\n|t:|1700540918\n|move|p1a: Ceruledge|Shadow Sneak|p2a: Moltres\n|-crit|p2a: Moltres\n|-damage|p2a: Moltres|0 fnt\n|faint|p2a: Moltres\n|\n|upkeep\n|\n|t:|1700540921\n|switch|p2a: Amoonguss|Amoonguss, F|43\/100\n|turn|12\n|\n|t:|1700540925\n|move|p1a: Ceruledge|Bitter Blade|p2a: Amoonguss\n|-supereffective|p2a: Amoonguss\n|-damage|p2a: Amoonguss|0 fnt\n|-heal|p1a: Ceruledge|100\/100|[from] drain|[of] p2a: Amoonguss\n|-damage|p1a: Ceruledge|84\/100|[from] item: Rocky Helmet|[of] p2a: Amoonguss\n|faint|p2a: Amoonguss\n|\n|win|majsimone00\n|c|\u2606SheClodOnMySire|ggs\n|c|\u2606majsimone00|gg\n|l|\u2606SheClodOnMySire\n","uploadtime":1700540936,"views":41,"p1id":"majsimone00","p2id":"sheclodonmysire","formatid":"gen9ou","rating":0,"private":0,"password":""}