{"id":"gen9ou-1990271663","p1":"AkiDes","p2":"ReDemonic","format":"[Gen 9] OU","log":"|j|\u2606AkiDes\n|j|\u2606ReDemonic\n|t:|1699948435\n|gametype|singles\n|player|p1|AkiDes|volkner|1182\n|player|p2|ReDemonic|bellelba|1245\n|teamsize|p1|6\n|teamsize|p2|6\n|gen|9\n|tier|[Gen 9] OU\n|rated|\n|rule|Sleep Clause Mod: Limit one foe put to sleep\n|rule|Species Clause: Limit one of each Pok\u00e9mon\n|rule|OHKO Clause: OHKO moves are banned\n|rule|Evasion Items Clause: Evasion items are banned\n|rule|Evasion Moves Clause: Evasion moves are banned\n|rule|Endless Battle Clause: Forcing endless battles is banned\n|rule|HP Percentage Mod: HP is shown in percentages\n|clearpoke\n|poke|p1|Greninja-*, M|\n|poke|p1|Dragonite, M|\n|poke|p1|Cinderace, F|\n|poke|p1|Mandibuzz, F|\n|poke|p1|Jolteon, M|\n|poke|p1|Gengar, M|\n|poke|p2|Quaquaval, M|\n|poke|p2|Toxapex, M|\n|poke|p2|Sandy Shocks|\n|poke|p2|Regidrago|\n|poke|p2|Iron Valiant|\n|poke|p2|Hawlucha, M|\n|teampreview\n|\n|t:|1699948443\n|start\n|switch|p1a: Greninja|Greninja, M, shiny|100\/100\n|switch|p2a: Regidrago|Regidrago|100\/100\n|turn|1\n|\n|t:|1699948446\n|move|p1a: Greninja|Ice Beam|p2a: Regidrago\n|-start|p1a: Greninja|typechange|Ice|[from] ability: Protean\n|-supereffective|p2a: Regidrago\n|-damage|p2a: Regidrago|10\/100\n|move|p2a: Regidrago|Dragon Energy|p1a: Greninja\n|-damage|p1a: Greninja|86\/100\n|\n|upkeep\n|turn|2\n|\n|t:|1699948457\n|switch|p2a: Quaquaval|Quaquaval, M|100\/100\n|move|p1a: Greninja|Ice Beam|p2a: Quaquaval\n|-resisted|p2a: Quaquaval\n|-damage|p2a: Quaquaval|71\/100\n|\n|upkeep\n|turn|3\n|\n|t:|1699948466\n|switch|p1a: Mandibuzz|Mandibuzz, F|100\/100\n|move|p2a: Quaquaval|Aqua Step|p1a: Mandibuzz\n|-damage|p1a: Mandibuzz|77\/100\n|-boost|p2a: Quaquaval|spe|1\n|\n|upkeep\n|turn|4\n|\n|t:|1699948480\n|switch|p2a: Sandy Shocks|Sandy Shocks|100\/100\n|move|p1a: Mandibuzz|Toxic|p2a: Sandy Shocks\n|-status|p2a: Sandy Shocks|tox\n|\n|-damage|p2a: Sandy Shocks|94\/100 tox|[from] psn\n|upkeep\n|turn|5\n|\n|t:|1699948490\n|move|p2a: Sandy Shocks|Light Screen|p2a: Sandy Shocks\n|-sidestart|p2: ReDemonic|move: Light Screen\n|move|p1a: Mandibuzz|Roost|p1a: Mandibuzz\n|-heal|p1a: Mandibuzz|100\/100\n|-singleturn|p1a: Mandibuzz|move: Roost\n|\n|-damage|p2a: Sandy Shocks|82\/100 tox|[from] psn\n|upkeep\n|turn|6\n|\n|t:|1699948496\n|move|p2a: Sandy Shocks|Volt Switch|p1a: Mandibuzz\n|-supereffective|p1a: Mandibuzz\n|-damage|p1a: Mandibuzz|45\/100\n|\n|t:|1699948500\n|-end|p2a: Sandy Shocks|Protosynthesis|[silent]\n|switch|p2a: Regidrago|Regidrago|10\/100|[from] Volt Switch\n|move|p1a: Mandibuzz|Foul Play|p2a: Regidrago\n|-damage|p2a: Regidrago|0 fnt\n|faint|p2a: Regidrago\n|\n|upkeep\n|\n|t:|1699948516\n|switch|p2a: Iron Valiant|Iron Valiant|100\/100\n|-enditem|p2a: Iron Valiant|Booster Energy\n|-activate|p2a: Iron Valiant|ability: Quark Drive|[fromitem]\n|-start|p2a: Iron Valiant|quarkdrivespe\n|turn|7\n|\n|t:|1699948521\n|move|p2a: Iron Valiant|Thunderbolt|p1a: Mandibuzz\n|-supereffective|p1a: Mandibuzz\n|-damage|p1a: Mandibuzz|0 fnt\n|faint|p1a: Mandibuzz\n|\n|upkeep\n|\n|t:|1699948528\n|switch|p1a: Cinderace|Cinderace, F|100\/100\n|turn|8\n|\n|t:|1699948535\n|move|p2a: Iron Valiant|Moonblast|p1a: Cinderace\n|-resisted|p1a: Cinderace\n|-damage|p1a: Cinderace|77\/100\n|move|p1a: Cinderace|Pyro Ball|p2a: Iron Valiant\n|-damage|p2a: Iron Valiant|22\/100\n|\n|upkeep\n|turn|9\n|\n|t:|1699948542\n|move|p1a: Cinderace|Sucker Punch||[still]\n|-fail|p1a: Cinderace\n|move|p2a: Iron Valiant|Destiny Bond|p2a: Iron Valiant\n|-singlemove|p2a: Iron Valiant|Destiny Bond\n|\n|upkeep\n|turn|10\n|\n|t:|1699948548\n|move|p2a: Iron Valiant|Encore|p1a: Cinderace\n|-start|p1a: Cinderace|Encore\n|move|p1a: Cinderace|Sucker Punch||[still]\n|-fail|p1a: Cinderace\n|\n|upkeep\n|turn|11\n|\n|t:|1699948554\n|switch|p1a: Dragonite|Dragonite, M|100\/100\n|move|p2a: Iron Valiant|Destiny Bond|p2a: Iron Valiant\n|-singlemove|p2a: Iron Valiant|Destiny Bond\n|\n|upkeep\n|turn|12\n|\n|t:|1699948560\n|-end|p2a: Iron Valiant|Quark Drive|[silent]\n|switch|p2a: Toxapex|Toxapex, M|100\/100\n|switch|p1a: Cinderace|Cinderace, F|77\/100\n|\n|-sideend|p2: ReDemonic|move: Light Screen\n|upkeep\n|turn|13\n|\n|t:|1699948564\n|move|p1a: Cinderace|U-turn|p2a: Toxapex\n|-start|p1a: Cinderace|typechange|Bug|[from] ability: Libero\n|-resisted|p2a: Toxapex\n|-damage|p2a: Toxapex|88\/100\n|-enditem|p2a: Toxapex|Red Card|[of] p1a: Cinderace\n|drag|p1a: Greninja|Greninja, M, shiny|86\/100\n|move|p2a: Toxapex|Surf|p1a: Greninja\n|-resisted|p1a: Greninja\n|-damage|p1a: Greninja|61\/100\n|\n|upkeep\n|turn|14\n|\n|t:|1699948574\n|move|p1a: Greninja|Dark Pulse|p2a: Toxapex\n|-start|p1a: Greninja|typechange|Dark|[from] ability: Protean\n|-damage|p2a: Toxapex|57\/100\n|move|p2a: Toxapex|Infestation|p1a: Greninja\n|-supereffective|p1a: Greninja\n|-damage|p1a: Greninja|47\/100\n|-activate|p1a: Greninja|move: Infestation|[of] p2a: Toxapex\n|\n|-damage|p1a: Greninja|35\/100|[from] move: Infestation|[partiallytrapped]\n|upkeep\n|turn|15\n|\n|t:|1699948583\n|move|p2a: Toxapex|Baneful Bunker|p2a: Toxapex\n|-singleturn|p2a: Toxapex|move: Protect\n|move|p1a: Greninja|Dark Pulse|p2a: Toxapex\n|-activate|p2a: Toxapex|move: Protect\n|\n|-damage|p1a: Greninja|23\/100|[from] move: Infestation|[partiallytrapped]\n|upkeep\n|turn|16\n|\n|t:|1699948593\n|move|p1a: Greninja|Dark Pulse|p2a: Toxapex\n|-damage|p2a: Toxapex|30\/100\n|move|p2a: Toxapex|Surf|p1a: Greninja\n|-damage|p1a: Greninja|0 fnt\n|faint|p1a: Greninja\n|\n|upkeep\n|\n|t:|1699948598\n|switch|p1a: Jolteon|Jolteon, M|100\/100\n|turn|17\n|\n|t:|1699948601\n|switch|p1a: Cinderace|Cinderace, F|77\/100\n|switch|p2a: Sandy Shocks|Sandy Shocks|82\/100 tox\n|\n|-damage|p2a: Sandy Shocks|76\/100 tox|[from] psn\n|upkeep\n|turn|18\n|\n|t:|1699948611\n|move|p1a: Cinderace|Pyro Ball|p2a: Sandy Shocks\n|-damage|p2a: Sandy Shocks|19\/100 tox\n|move|p2a: Sandy Shocks|Volt Switch|p1a: Cinderace\n|-damage|p1a: Cinderace|50\/100\n|\n|t:|1699948619\n|-end|p2a: Sandy Shocks|Protosynthesis|[silent]\n|switch|p2a: Quaquaval|Quaquaval, M|71\/100|[from] Volt Switch\n|\n|upkeep\n|turn|19\n|\n|t:|1699948640\n|move|p1a: Cinderace|U-turn|p2a: Quaquaval\n|-start|p1a: Cinderace|typechange|Bug|[from] ability: Libero\n|-resisted|p2a: Quaquaval\n|-damage|p2a: Quaquaval|49\/100\n|\n|t:|1699948644\n|switch|p1a: Dragonite|Dragonite, M|100\/100|[from] U-turn\n|move|p2a: Quaquaval|Aqua Step|p1a: Dragonite\n|-resisted|p1a: Dragonite\n|-damage|p1a: Dragonite|91\/100\n|-boost|p2a: Quaquaval|spe|1\n|\n|upkeep\n|turn|20\n|\n|t:|1699948659\n|switch|p2a: Sandy Shocks|Sandy Shocks|19\/100 tox\n|move|p1a: Dragonite|Dragon Dance|p1a: Dragonite\n|-boost|p1a: Dragonite|atk|1\n|-boost|p1a: Dragonite|spe|1\n|\n|-damage|p2a: Sandy Shocks|13\/100 tox|[from] psn\n|upkeep\n|turn|21\n|inactive|Battle timer is ON: inactive players will automatically lose when time's up. (requested by ReDemonic)\n|inactive|AkiDes has 120 seconds left.\n|inactive|AkiDes has 90 seconds left.\n|\n|t:|1699948784\n|move|p1a: Dragonite|Extreme Speed|p2a: Sandy Shocks\n|-damage|p2a: Sandy Shocks|0 fnt\n|faint|p2a: Sandy Shocks\n|-end|p2a: Sandy Shocks|Protosynthesis|[silent]\n|\n|upkeep\n|\n|t:|1699948794\n|switch|p2a: Toxapex|Toxapex, M|63\/100\n|turn|22\n|\n|t:|1699948797\n|switch|p2a: Iron Valiant|Iron Valiant|22\/100\n|move|p1a: Dragonite|Earthquake|p2a: Iron Valiant\n|-damage|p2a: Iron Valiant|0 fnt\n|faint|p2a: Iron Valiant\n|-end|p2a: Iron Valiant|Quark Drive|[silent]\n|\n|upkeep\n|\n|t:|1699948804\n|switch|p2a: Hawlucha|Hawlucha, M|100\/100\n|-ability|p2a: Hawlucha|Mold Breaker\n|turn|23\n|\n|t:|1699948813\n|-terastallize|p2a: Hawlucha|Fighting\n|move|p1a: Dragonite|Dragon Dance|p1a: Dragonite\n|-boost|p1a: Dragonite|atk|1\n|-boost|p1a: Dragonite|spe|1\n|move|p2a: Hawlucha|Close Combat|p1a: Dragonite\n|-resisted|p1a: Dragonite\n|-damage|p1a: Dragonite|55\/100\n|-unboost|p2a: Hawlucha|def|1\n|-unboost|p2a: Hawlucha|spd|1\n|\n|upkeep\n|turn|24\n|\n|t:|1699948826\n|switch|p2a: Quaquaval|Quaquaval, M|49\/100\n|move|p1a: Dragonite|Earthquake|p2a: Quaquaval\n|-damage|p2a: Quaquaval|0 fnt\n|faint|p2a: Quaquaval\n|\n|upkeep\n|\n|t:|1699948829\n|switch|p2a: Hawlucha|Hawlucha, M, tera:Fighting|100\/100\n|-ability|p2a: Hawlucha|Mold Breaker\n|turn|25\n|\n|t:|1699948834\n|move|p1a: Dragonite|Earthquake|p2a: Hawlucha\n|-damage|p2a: Hawlucha|0 fnt\n|faint|p2a: Hawlucha\n|\n|upkeep\n|\n|t:|1699948837\n|switch|p2a: Toxapex|Toxapex, M|96\/100\n|turn|26\n|\n|t:|1699948840\n|move|p1a: Dragonite|Earthquake|p2a: Toxapex\n|-supereffective|p2a: Toxapex\n|-damage|p2a: Toxapex|0 fnt\n|faint|p2a: Toxapex\n|\n|win|AkiDes\n|raw|AkiDes's rating: 1182 &rarr; <strong>1211<\/strong><br \/>(+29 for winning)\n|raw|ReDemonic's rating: 1245 &rarr; <strong>1216<\/strong><br \/>(-29 for losing)\n","uploadtime":1699948843,"views":8,"p1id":"akides","p2id":"redemonic","formatid":"gen9ou","rating":1211,"private":0,"password":""}