{"id":"gen9ou-1998245210","p1":"endersOverlord","p2":"pkmnboo","format":"[Gen 9] OU","log":"|j|\u2606endersOverlord\n|j|\u2606pkmnboo\n|t:|1700919071\n|gametype|singles\n|player|p1|endersOverlord|colress|\n|player|p2|pkmnboo|youngster-gen4dp|\n|teamsize|p1|6\n|teamsize|p2|6\n|gen|9\n|tier|[Gen 9] OU\n|rule|Sleep Clause Mod: Limit one foe put to sleep\n|rule|Species Clause: Limit one of each Pok\u00e9mon\n|rule|OHKO Clause: OHKO moves are banned\n|rule|Evasion Items Clause: Evasion items are banned\n|rule|Evasion Moves Clause: Evasion moves are banned\n|rule|Endless Battle Clause: Forcing endless battles is banned\n|rule|HP Percentage Mod: HP is shown in percentages\n|clearpoke\n|poke|p1|Rotom-Wash|\n|poke|p1|Tinkaton, F|\n|poke|p1|Iron Hands|\n|poke|p1|Hydreigon, F|\n|poke|p1|Iron Moth|\n|poke|p1|Ogerpon, F|\n|poke|p2|Maushold-Four|\n|poke|p2|Salamence, F|\n|poke|p2|Ogerpon-Cornerstone, F|\n|poke|p2|Garganacl, F|\n|poke|p2|Dondozo, M|\n|poke|p2|Muk-Alola, F|\n|teampreview\n|inactive|Battle timer is ON: inactive players will automatically lose when time's up. (requested by pkmnboo)\n|\n|t:|1700919088\n|start\n|switch|p1a: Cal-Gone|Rotom-Wash, shiny|100\/100\n|switch|p2a: Smaug|Salamence, F|100\/100\n|-ability|p2a: Smaug|Intimidate|boost\n|-unboost|p1a: Cal-Gone|atk|1\n|turn|1\n|\n|t:|1700919106\n|move|p2a: Smaug|Draco Meteor|p1a: Cal-Gone\n|-damage|p1a: Cal-Gone|40\/100\n|-unboost|p2a: Smaug|spa|2\n|move|p1a: Cal-Gone|Discharge|p2a: Smaug\n|-damage|p2a: Smaug|80\/100\n|\n|upkeep\n|turn|2\n|\n|t:|1700919118\n|switch|p1a: Doubletap|Tinkaton, F|100\/100\n|-ability|p1a: Doubletap|Mold Breaker\n|move|p2a: Smaug|Draco Meteor|p1a: Doubletap\n|-immune|p1a: Doubletap\n|\n|upkeep\n|turn|3\n|\n|t:|1700919133\n|switch|p2a: Dondozo Quixote|Dondozo, M|100\/100\n|move|p1a: Doubletap|Thunder Wave|p2a: Dondozo Quixote\n|-status|p2a: Dondozo Quixote|par\n|\n|upkeep\n|turn|4\n|\n|t:|1700919140\n|move|p1a: Doubletap|Gigaton Hammer|p2a: Dondozo Quixote\n|-resisted|p2a: Dondozo Quixote\n|-damage|p2a: Dondozo Quixote|88\/100 par\n|move|p2a: Dondozo Quixote|Yawn|p1a: Doubletap\n|-start|p1a: Doubletap|move: Yawn|[of] p2a: Dondozo Quixote\n|\n|-heal|p2a: Dondozo Quixote|94\/100 par|[from] item: Leftovers\n|upkeep\n|turn|5\n|\n|t:|1700919150\n|switch|p1a: Ogerpon|Ogerpon, F|100\/100\n|move|p2a: Dondozo Quixote|Curse|p2a: Dondozo Quixote\n|-unboost|p2a: Dondozo Quixote|spe|1\n|-boost|p2a: Dondozo Quixote|atk|1\n|-boost|p2a: Dondozo Quixote|def|1\n|\n|-heal|p2a: Dondozo Quixote|99\/100 par|[from] item: Leftovers\n|upkeep\n|turn|6\n|\n|t:|1700919163\n|move|p1a: Ogerpon|Ivy Cudgel|p2a: Dondozo Quixote\n|-supereffective|p2a: Dondozo Quixote\n|-crit|p2a: Dondozo Quixote\n|-damage|p2a: Dondozo Quixote|0 fnt\n|faint|p2a: Dondozo Quixote\n|\n|upkeep\n|\n|t:|1700919171\n|switch|p2a: Reepicheep|Maushold-Four|100\/100\n|turn|7\n|\n|t:|1700919180\n|move|p2a: Reepicheep|Population Bomb|p1a: Ogerpon\n|-damage|p1a: Ogerpon|88\/100\n|-damage|p1a: Ogerpon|76\/100\n|-damage|p1a: Ogerpon|63\/100\n|-damage|p1a: Ogerpon|51\/100\n|-damage|p1a: Ogerpon|39\/100\n|-damage|p1a: Ogerpon|27\/100\n|-damage|p1a: Ogerpon|15\/100\n|-damage|p1a: Ogerpon|2\/100\n|-damage|p1a: Ogerpon|0 fnt\n|faint|p1a: Ogerpon\n|-hitcount|p1: Ogerpon|9\n|\n|upkeep\n|\n|t:|1700919195\n|switch|p1a: Doubletap|Tinkaton, F|100\/100\n|-ability|p1a: Doubletap|Mold Breaker\n|turn|8\n|\n|t:|1700919212\n|switch|p2a: Svithjod|Garganacl, F|100\/100\n|move|p1a: Doubletap|Knock Off|p2a: Svithjod\n|-damage|p2a: Svithjod|89\/100\n|-enditem|p2a: Svithjod|Leftovers|[from] move: Knock Off|[of] p1a: Doubletap\n|\n|upkeep\n|turn|9\n|\n|t:|1700919219\n|switch|p2a: Smaug|Salamence, F|80\/100\n|-ability|p2a: Smaug|Intimidate|boost\n|-unboost|p1a: Doubletap|atk|1\n|move|p1a: Doubletap|Gigaton Hammer|p2a: Smaug\n|-damage|p2a: Smaug|48\/100\n|\n|upkeep\n|turn|10\n|\n|t:|1700919237\n|switch|p1a: Ra-Moon|Iron Moth, shiny|100\/100\n|move|p2a: Smaug|Heat Wave|p1a: Ra-Moon\n|-resisted|p1a: Ra-Moon\n|-damage|p1a: Ra-Moon|85\/100\n|\n|upkeep\n|turn|11\n|\n|t:|1700919248\n|switch|p2a: Svithjod|Garganacl, F|89\/100\n|move|p1a: Ra-Moon|Sludge Wave|p2a: Svithjod\n|-resisted|p2a: Svithjod\n|-damage|p2a: Svithjod|57\/100\n|\n|upkeep\n|turn|12\n|\n|t:|1700919256\n|move|p1a: Ra-Moon|Sludge Wave|p2a: Svithjod\n|-resisted|p2a: Svithjod\n|-damage|p2a: Svithjod|27\/100\n|move|p2a: Svithjod|Salt Cure|p1a: Ra-Moon\n|-supereffective|p1a: Ra-Moon\n|-damage|p1a: Ra-Moon|41\/100\n|-start|p1a: Ra-Moon|Salt Cure\n|\n|-damage|p1a: Ra-Moon|29\/100|[from] Salt Cure\n|upkeep\n|turn|13\n|\n|t:|1700919266\n|switch|p2a: Of Mice and Muk|Muk-Alola, F|100\/100\n|move|p1a: Ra-Moon|Sludge Wave|p2a: Of Mice and Muk\n|-resisted|p2a: Of Mice and Muk\n|-damage|p2a: Of Mice and Muk|66\/100\n|\n|-damage|p1a: Ra-Moon|17\/100|[from] Salt Cure\n|upkeep\n|turn|14\n|\n|t:|1700919277\n|-end|p1a: Ra-Moon|Quark Drive|[silent]\n|switch|p1a: Harmonia|Hydreigon, F|100\/100\n|move|p2a: Of Mice and Muk|Drain Punch|p1a: Harmonia\n|-supereffective|p1a: Harmonia\n|-damage|p1a: Harmonia|48\/100\n|-heal|p2a: Of Mice and Muk|87\/100|[from] drain|[of] p1a: Harmonia\n|\n|upkeep\n|turn|15\n|\n|t:|1700919288\n|move|p1a: Harmonia|Earth Power|p2a: Of Mice and Muk\n|-supereffective|p2a: Of Mice and Muk\n|-damage|p2a: Of Mice and Muk|22\/100\n|-enditem|p2a: Of Mice and Muk|Aguav Berry|[eat]\n|-heal|p2a: Of Mice and Muk|56\/100|[from] item: Aguav Berry\n|-damage|p1a: Harmonia|38\/100|[from] item: Life Orb\n|move|p2a: Of Mice and Muk|Drain Punch|p1a: Harmonia\n|-supereffective|p1a: Harmonia\n|-damage|p1a: Harmonia|0 fnt\n|-heal|p2a: Of Mice and Muk|71\/100|[from] drain|[of] p1a: Harmonia\n|faint|p1a: Harmonia\n|\n|upkeep\n|\n|t:|1700919304\n|switch|p1a: Doubletap|Tinkaton, F|100\/100\n|-ability|p1a: Doubletap|Mold Breaker\n|turn|16\n|\n|t:|1700919315\n|move|p1a: Doubletap|Thunder Wave|p2a: Of Mice and Muk|[miss]\n|-miss|p1a: Doubletap|p2a: Of Mice and Muk\n|move|p2a: Of Mice and Muk|Drain Punch|p1a: Doubletap\n|-damage|p1a: Doubletap|73\/100\n|-heal|p2a: Of Mice and Muk|83\/100|[from] drain|[of] p1a: Doubletap\n|\n|-heal|p1a: Doubletap|79\/100|[from] item: Leftovers\n|upkeep\n|turn|17\n|\n|t:|1700919329\n|-terastallize|p1a: Doubletap|Ghost\n|move|p1a: Doubletap|Thunder Wave|p2a: Of Mice and Muk\n|-status|p2a: Of Mice and Muk|par\n|cant|p2a: Of Mice and Muk|par\n|\n|-heal|p1a: Doubletap|86\/100|[from] item: Leftovers\n|upkeep\n|turn|18\n|\n|t:|1700919340\n|move|p1a: Doubletap|Play Rough|p2a: Of Mice and Muk\n|-damage|p2a: Of Mice and Muk|59\/100 par\n|move|p2a: Of Mice and Muk|Lash Out|p1a: Doubletap\n|-supereffective|p1a: Doubletap\n|-damage|p1a: Doubletap|6\/100\n|\n|-heal|p1a: Doubletap|13\/100|[from] item: Leftovers\n|upkeep\n|turn|19\n|\n|t:|1700919350\n|switch|p1a: Mr. Electric|Iron Hands, shiny|100\/100\n|cant|p2a: Of Mice and Muk|par\n|\n|upkeep\n|turn|20\n|\n|t:|1700919367\n|switch|p2a: Smaug|Salamence, F|48\/100\n|-ability|p2a: Smaug|Intimidate|boost\n|-unboost|p1a: Mr. Electric|atk|1\n|move|p1a: Mr. Electric|Drain Punch|p2a: Smaug\n|-resisted|p2a: Smaug\n|-damage|p2a: Smaug|36\/100\n|\n|upkeep\n|turn|21\n|\n|t:|1700919381\n|switch|p2a: Of Mice and Muk|Muk-Alola, F|59\/100 par\n|move|p1a: Mr. Electric|Ice Punch|p2a: Of Mice and Muk\n|-damage|p2a: Of Mice and Muk|43\/100 par\n|\n|upkeep\n|turn|22\n|\n|t:|1700919389\n|switch|p2a: Smaug|Salamence, F|36\/100\n|-ability|p2a: Smaug|Intimidate|boost\n|-unboost|p1a: Mr. Electric|atk|1\n|move|p1a: Mr. Electric|Swords Dance|p1a: Mr. Electric\n|-boost|p1a: Mr. Electric|atk|2\n|\n|upkeep\n|turn|23\n|\n|t:|1700919399\n|move|p2a: Smaug|Draco Meteor|p1a: Mr. Electric\n|-damage|p1a: Mr. Electric|48\/100\n|-unboost|p2a: Smaug|spa|2\n|move|p1a: Mr. Electric|Wild Charge|p2a: Smaug\n|-damage|p2a: Smaug|0 fnt\n|faint|p2a: Smaug\n|-damage|p1a: Mr. Electric|41\/100|[from] Recoil\n|\n|-heal|p1a: Mr. Electric|47\/100|[from] item: Leftovers\n|upkeep\n|\n|t:|1700919406\n|switch|p2a: Reepicheep|Maushold-Four|100\/100\n|turn|24\n|\n|t:|1700919417\n|move|p2a: Reepicheep|Population Bomb|p1a: Mr. Electric\n|-damage|p1a: Mr. Electric|43\/100\n|-damage|p1a: Mr. Electric|38\/100\n|-damage|p1a: Mr. Electric|33\/100\n|-crit|p1a: Mr. Electric\n|-damage|p1a: Mr. Electric|25\/100\n|-damage|p1a: Mr. Electric|20\/100\n|-damage|p1a: Mr. Electric|16\/100\n|-damage|p1a: Mr. Electric|11\/100\n|-damage|p1a: Mr. Electric|6\/100\n|-damage|p1a: Mr. Electric|1\/100\n|-damage|p1a: Mr. Electric|0 fnt\n|faint|p1a: Mr. Electric\n|-end|p1a: Mr. Electric|Quark Drive|[silent]\n|-hitcount|p1: Mr. Electric|10\n|\n|upkeep\n|\n|t:|1700919432\n|switch|p1a: Doubletap|Tinkaton, F, tera:Ghost|13\/100\n|-ability|p1a: Doubletap|Mold Breaker\n|turn|25\n|\n|t:|1700919437\n|move|p2a: Reepicheep|Bite|p1a: Doubletap\n|-supereffective|p1a: Doubletap\n|-crit|p1a: Doubletap\n|-damage|p1a: Doubletap|0 fnt\n|faint|p1a: Doubletap\n|\n|upkeep\n|\n|t:|1700919442\n|switch|p1a: Ra-Moon|Iron Moth, shiny|17\/100\n|turn|26\n|\n|t:|1700919447\n|move|p2a: Reepicheep|Population Bomb|p1a: Ra-Moon\n|-damage|p1a: Ra-Moon|1\/100\n|-damage|p1a: Ra-Moon|0 fnt\n|faint|p1a: Ra-Moon\n|-end|p1a: Ra-Moon|Quark Drive|[silent]\n|-hitcount|p1: Ra-Moon|2\n|\n|upkeep\n|\n|t:|1700919455\n|switch|p1a: Cal-Gone|Rotom-Wash, shiny|40\/100\n|turn|27\n|\n|t:|1700919460\n|move|p2a: Reepicheep|Population Bomb|p1a: Cal-Gone\n|-damage|p1a: Cal-Gone|33\/100\n|-damage|p1a: Cal-Gone|25\/100\n|-damage|p1a: Cal-Gone|19\/100\n|-damage|p1a: Cal-Gone|12\/100\n|-damage|p1a: Cal-Gone|5\/100\n|-damage|p1a: Cal-Gone|0 fnt\n|faint|p1a: Cal-Gone\n|-hitcount|p1: Cal-Gone|6\n|\n|win|pkmnboo\n","uploadtime":1700919489,"views":1,"p1id":"endersoverlord","p2id":"pkmnboo","formatid":"gen9ou","rating":0,"private":0,"password":""}