{"id":"gen9ou-1991176327","p1":"gggsssgggsss","p2":"dddddddddddddddqa","format":"[Gen 9] OU","log":"|j|\u2606gggsssgggsss\n|j|\u2606dddddddddddddddqa\n|t:|1700053753\n|gametype|singles\n|player|p1|gggsssgggsss|265|1116\n|player|p2|dddddddddddddddqa|gentleman|1000\n|teamsize|p1|6\n|teamsize|p2|6\n|gen|9\n|tier|[Gen 9] OU\n|rated|\n|rule|Sleep Clause Mod: Limit one foe put to sleep\n|rule|Species Clause: Limit one of each Pok\u00e9mon\n|rule|OHKO Clause: OHKO moves are banned\n|rule|Evasion Items Clause: Evasion items are banned\n|rule|Evasion Moves Clause: Evasion moves are banned\n|rule|Endless Battle Clause: Forcing endless battles is banned\n|rule|HP Percentage Mod: HP is shown in percentages\n|clearpoke\n|poke|p1|Vikavolt, F|\n|poke|p1|Enamorus, F|\n|poke|p1|Great Tusk|\n|poke|p1|Gholdengo|\n|poke|p1|Kommo-o, F|\n|poke|p1|Iron Moth|\n|poke|p2|Zapdos|\n|poke|p2|Slowking-Galar, M|\n|poke|p2|Perrserker, M|\n|poke|p2|Great Tusk|\n|poke|p2|Crawdaunt, M|\n|poke|p2|Mandibuzz, F|\n|teampreview\n|\n|t:|1700053808\n|start\n|switch|p1a: Great Tusk|Great Tusk|100\/100\n|switch|p2a: Slowking|Slowking-Galar, M|100\/100\n|-enditem|p1a: Great Tusk|Booster Energy\n|-activate|p1a: Great Tusk|ability: Protosynthesis|[fromitem]\n|-start|p1a: Great Tusk|protosynthesisatk\n|turn|1\n|\n|t:|1700053852\n|-terastallize|p2a: Slowking|Water\n|move|p1a: Great Tusk|Ice Spinner|p2a: Slowking\n|-resisted|p2a: Slowking\n|-damage|p2a: Slowking|87\/100\n|move|p2a: Slowking|Ice Beam|p1a: Great Tusk\n|-supereffective|p1a: Great Tusk\n|-damage|p1a: Great Tusk|29\/100\n|\n|upkeep\n|turn|2\n|\n|t:|1700053866\n|move|p1a: Great Tusk|Headlong Rush|p2a: Slowking\n|-damage|p2a: Slowking|21\/100\n|-unboost|p1a: Great Tusk|def|1\n|-unboost|p1a: Great Tusk|spd|1\n|move|p2a: Slowking|Ice Beam|p1a: Great Tusk\n|-supereffective|p1a: Great Tusk\n|-damage|p1a: Great Tusk|0 fnt\n|faint|p1a: Great Tusk\n|-end|p1a: Great Tusk|Protosynthesis|[silent]\n|\n|upkeep\n|\n|t:|1700053875\n|switch|p1a: Vikavolt|Vikavolt, F|100\/100\n|turn|3\n|\n|t:|1700053881\n|switch|p2a: Zapdos|Zapdos|100\/100\n|move|p1a: Vikavolt|Sticky Web|p2a: Zapdos\n|-sidestart|p2: dddddddddddddddqa|move: Sticky Web\n|\n|upkeep\n|turn|4\n|\n|t:|1700053893\n|move|p2a: Zapdos|Hurricane|p1a: Vikavolt\n|-damage|p1a: Vikavolt|45\/100\n|move|p1a: Vikavolt|Volt Switch|p2a: Zapdos\n|-damage|p2a: Zapdos|72\/100\n|\n|t:|1700053912\n|switch|p1a: Gholdengo|Gholdengo|100\/100|[from] Volt Switch\n|-item|p1a: Gholdengo|Air Balloon\n|\n|upkeep\n|turn|5\n|\n|t:|1700053923\n|switch|p2a: Mandibuzz|Mandibuzz, F|100\/100\n|move|p1a: Gholdengo|Nasty Plot|p1a: Gholdengo\n|-boost|p1a: Gholdengo|spa|2\n|\n|upkeep\n|turn|6\n|\n|t:|1700053929\n|-terastallize|p1a: Gholdengo|Dark\n|move|p1a: Gholdengo|Thunderbolt|p2a: Mandibuzz\n|-supereffective|p2a: Mandibuzz\n|-damage|p2a: Mandibuzz|0 fnt\n|faint|p2a: Mandibuzz\n|\n|upkeep\n|\n|t:|1700053965\n|switch|p2a: Crawdaunt|Crawdaunt, M|100\/100\n|-activate|p2a: Crawdaunt|move: Sticky Web\n|-unboost|p2a: Crawdaunt|spe|1\n|turn|7\n|\n|t:|1700053971\n|move|p2a: Crawdaunt|Aqua Jet|p1a: Gholdengo\n|-damage|p1a: Gholdengo|52\/100\n|-enditem|p1a: Gholdengo|Air Balloon\n|move|p1a: Gholdengo|Thunderbolt|p2a: Crawdaunt\n|-supereffective|p2a: Crawdaunt\n|-damage|p2a: Crawdaunt|0 fnt\n|faint|p2a: Crawdaunt\n|\n|upkeep\n|\n|t:|1700053987\n|switch|p2a: Slowking|Slowking-Galar, M, tera:Water|54\/100\n|turn|8\n|\n|t:|1700053991\n|switch|p2a: Great Tusk|Great Tusk, shiny|100\/100\n|-activate|p2a: Great Tusk|move: Sticky Web\n|-unboost|p2a: Great Tusk|spe|1\n|move|p1a: Gholdengo|Thunderbolt|p2a: Great Tusk\n|-immune|p2a: Great Tusk\n|\n|upkeep\n|turn|9\n|\n|t:|1700054002\n|move|p1a: Gholdengo|Psyshock|p2a: Great Tusk\n|-supereffective|p2a: Great Tusk\n|-damage|p2a: Great Tusk|52\/100\n|move|p2a: Great Tusk|Earthquake|p1a: Gholdengo\n|-damage|p1a: Gholdengo|0 fnt\n|faint|p1a: Gholdengo\n|\n|-heal|p2a: Great Tusk|58\/100|[from] item: Leftovers\n|upkeep\n|\n|t:|1700054018\n|switch|p1a: Enamorus|Enamorus, F, shiny|100\/100\n|turn|10\n|\n|t:|1700054032\n|move|p1a: Enamorus|Superpower|p2a: Great Tusk\n|-damage|p2a: Great Tusk|39\/100\n|-boost|p1a: Enamorus|atk|1\n|-boost|p1a: Enamorus|def|1\n|-damage|p1a: Enamorus|91\/100|[from] item: Life Orb\n|move|p2a: Great Tusk|Ice Spinner|p1a: Enamorus\n|-supereffective|p1a: Enamorus\n|-damage|p1a: Enamorus|39\/100\n|\n|-heal|p2a: Great Tusk|45\/100|[from] item: Leftovers\n|upkeep\n|turn|11\n|\n|t:|1700054041\n|move|p1a: Enamorus|Moonblast|p2a: Great Tusk\n|-supereffective|p2a: Great Tusk\n|-damage|p2a: Great Tusk|0 fnt\n|faint|p2a: Great Tusk\n|-end|p2a: Great Tusk|Protosynthesis|[silent]\n|-damage|p1a: Enamorus|29\/100|[from] item: Life Orb\n|\n|upkeep\n|\n|t:|1700054067\n|switch|p2a: Zapdos|Zapdos|72\/100\n|turn|12\n|\n|t:|1700054078\n|move|p1a: Enamorus|Moonblast|p2a: Zapdos\n|-damage|p2a: Zapdos|23\/100\n|-damage|p1a: Enamorus|20\/100|[from] item: Life Orb\n|move|p2a: Zapdos|Roost|p2a: Zapdos\n|-heal|p2a: Zapdos|73\/100\n|-singleturn|p2a: Zapdos|move: Roost\n|\n|upkeep\n|turn|13\n|\n|t:|1700054086\n|move|p1a: Enamorus|Moonblast|p2a: Zapdos\n|-damage|p2a: Zapdos|23\/100\n|-unboost|p2a: Zapdos|spa|1\n|-damage|p1a: Enamorus|10\/100|[from] item: Life Orb\n|move|p2a: Zapdos|Roost|p2a: Zapdos\n|-heal|p2a: Zapdos|73\/100\n|-singleturn|p2a: Zapdos|move: Roost\n|\n|upkeep\n|turn|14\n|\n|t:|1700054095\n|move|p1a: Enamorus|Moonblast|p2a: Zapdos\n|-damage|p2a: Zapdos|26\/100\n|-unboost|p2a: Zapdos|spa|1\n|-damage|p1a: Enamorus|0 fnt|[from] item: Life Orb\n|faint|p1a: Enamorus\n|move|p2a: Zapdos|Roost|p2a: Zapdos\n|-heal|p2a: Zapdos|76\/100\n|-singleturn|p2a: Zapdos|move: Roost\n|\n|upkeep\n|\n|t:|1700054104\n|switch|p1a: Vikavolt|Vikavolt, F|45\/100\n|turn|15\n|\n|t:|1700054129\n|move|p2a: Zapdos|Hurricane|p1a: Vikavolt\n|-damage|p1a: Vikavolt|15\/100\n|move|p1a: Vikavolt|Bug Buzz|p2a: Zapdos\n|-resisted|p2a: Zapdos\n|-damage|p2a: Zapdos|55\/100\n|\n|upkeep\n|turn|16\n|\n|t:|1700054137\n|switch|p1a: Iron Moth|Iron Moth|100\/100\n|-enditem|p1a: Iron Moth|Booster Energy\n|-activate|p1a: Iron Moth|ability: Quark Drive|[fromitem]\n|-start|p1a: Iron Moth|quarkdrivespe\n|move|p2a: Zapdos|Hurricane|p1a: Iron Moth\n|-damage|p1a: Iron Moth|75\/100\n|\n|upkeep\n|turn|17\n|\n|t:|1700054156\n|-end|p1a: Iron Moth|Quark Drive|[silent]\n|switch|p1a: Vikavolt|Vikavolt, F|15\/100\n|move|p2a: Zapdos|Volt Switch|p1a: Vikavolt\n|-resisted|p1a: Vikavolt\n|-damage|p1a: Vikavolt|6\/100\n|\n|t:|1700054163\n|switch|p2a: Perrserker|Perrserker, M|100\/100|[from] Volt Switch\n|-activate|p2a: Perrserker|move: Sticky Web\n|-unboost|p2a: Perrserker|spe|1\n|\n|upkeep\n|turn|18\n|\n|t:|1700054178\n|move|p1a: Vikavolt|Bug Buzz|p2a: Perrserker\n|-resisted|p2a: Perrserker\n|-damage|p2a: Perrserker|56\/100\n|-unboost|p2a: Perrserker|spd|1\n|move|p2a: Perrserker|Gyro Ball|p1a: Vikavolt\n|-resisted|p1a: Vikavolt\n|-damage|p1a: Vikavolt|0 fnt\n|faint|p1a: Vikavolt\n|\n|upkeep\n|\n|t:|1700054184\n|switch|p1a: Kommo-o|Kommo-o, F|100\/100\n|turn|19\n|\n|t:|1700054194\n|move|p1a: Kommo-o|Flamethrower|p2a: Perrserker\n|-supereffective|p2a: Perrserker\n|-damage|p2a: Perrserker|0 fnt\n|faint|p2a: Perrserker\n|\n|upkeep\n|\n|t:|1700054208\n|switch|p2a: Slowking|Slowking-Galar, M, tera:Water|87\/100\n|turn|20\n|\n|t:|1700054215\n|move|p1a: Kommo-o|Clangorous Soul|p1a: Kommo-o\n|-boost|p1a: Kommo-o|atk|1\n|-boost|p1a: Kommo-o|def|1\n|-boost|p1a: Kommo-o|spa|1\n|-boost|p1a: Kommo-o|spd|1\n|-boost|p1a: Kommo-o|spe|1\n|-damage|p1a: Kommo-o|68\/100\n|move|p2a: Slowking|Future Sight|p1a: Kommo-o\n|-start|p2a: Slowking|move: Future Sight\n|\n|-heal|p1a: Kommo-o|74\/100|[from] item: Leftovers\n|upkeep\n|turn|21\n|\n|t:|1700054228\n|move|p1a: Kommo-o|Clanging Scales|p2a: Slowking\n|-damage|p2a: Slowking|35\/100\n|-unboost|p1a: Kommo-o|def|1\n|move|p2a: Slowking|Chilly Reception|p2a: Slowking\n|-weather|Snow\n|\n|t:|1700054232\n|switch|p2a: Zapdos|Zapdos|55\/100|[from] Chilly Reception\n|\n|-weather|Snow|[upkeep]\n|-heal|p1a: Kommo-o|80\/100|[from] item: Leftovers\n|upkeep\n|turn|22\n|\n|t:|1700054238\n|move|p1a: Kommo-o|Clanging Scales|p2a: Zapdos\n|-damage|p2a: Zapdos|9\/100\n|-unboost|p1a: Kommo-o|def|1\n|move|p2a: Zapdos|Roost|p2a: Zapdos\n|-heal|p2a: Zapdos|59\/100\n|-singleturn|p2a: Zapdos|move: Roost\n|\n|-weather|Snow|[upkeep]\n|-end|p1a: Kommo-o|move: Future Sight\n|-supereffective|p1a: Kommo-o\n|-damage|p1a: Kommo-o|7\/100\n|-heal|p1a: Kommo-o|13\/100|[from] item: Leftovers\n|upkeep\n|turn|23\n|\n|t:|1700054257\n|move|p1a: Kommo-o|Clanging Scales|p2a: Zapdos\n|-damage|p2a: Zapdos|6\/100\n|-unboost|p1a: Kommo-o|def|1\n|move|p2a: Zapdos|Volt Switch|p1a: Kommo-o\n|-resisted|p1a: Kommo-o\n|-damage|p1a: Kommo-o|0 fnt\n|faint|p1a: Kommo-o\n|\n|t:|1700054263\n|switch|p2a: Slowking|Slowking-Galar, M, tera:Water|68\/100|[from] Volt Switch\n|\n|-weather|Snow|[upkeep]\n|upkeep\n|\n|t:|1700054266\n|switch|p1a: Iron Moth|Iron Moth|75\/100\n|turn|24\n|inactive|Battle timer is ON: inactive players will automatically lose when time's up. (requested by gggsssgggsss)\n|\n|t:|1700054274\n|move|p1a: Iron Moth|Sludge Wave|p2a: Slowking\n|-damage|p2a: Slowking|33\/100\n|-status|p2a: Slowking|psn\n|move|p2a: Slowking|Future Sight|p1a: Iron Moth\n|-start|p2a: Slowking|move: Future Sight\n|\n|-weather|Snow|[upkeep]\n|-damage|p2a: Slowking|21\/100 psn|[from] psn\n|upkeep\n|turn|25\n|\n|t:|1700054281\n|switch|p2a: Zapdos|Zapdos|6\/100\n|move|p1a: Iron Moth|Sludge Wave|p2a: Zapdos\n|-damage|p2a: Zapdos|0 fnt\n|faint|p2a: Zapdos\n|\n|-weather|none\n|upkeep\n|\n|t:|1700054287\n|switch|p2a: Slowking|Slowking-Galar, M, tera:Water|54\/100 psn\n|turn|26\n|\n|t:|1700054294\n|move|p1a: Iron Moth|Sludge Wave|p2a: Slowking\n|-damage|p2a: Slowking|18\/100 psn\n|move|p2a: Slowking|Ice Beam|p1a: Iron Moth\n|-resisted|p1a: Iron Moth\n|-damage|p1a: Iron Moth|64\/100\n|\n|-end|p1a: Iron Moth|move: Future Sight\n|-supereffective|p1a: Iron Moth\n|-damage|p1a: Iron Moth|0 fnt\n|faint|p1a: Iron Moth\n|-end|p1a: Iron Moth|Quark Drive|[silent]\n|\n|win|dddddddddddddddqa\n|upkeep\n|raw|gggsssgggsss's rating: 1116 &rarr; <strong>1087<\/strong><br \/>(-29 for losing)\n|raw|dddddddddddddddqa's rating: 1053 &rarr; <strong>1091<\/strong><br \/>(+38 for winning)\n|c|\u2606gggsssgggsss|gg\n|l|\u2606gggsssgggsss\n","uploadtime":1700054301,"views":7,"p1id":"gggsssgggsss","p2id":"dddddddddddddddqa","formatid":"gen9ou","rating":1087,"private":0,"password":""}