{"id":"gen9ou-1993694202","p1":"dwarfleader","p2":"Jaden McDaniels 3","format":"[Gen 9] OU","log":"|j|\u2606dwarfleader\n|j|\u2606Jaden McDaniels 3\n|t:|1700346367\n|gametype|singles\n|player|p1|dwarfleader|169|1194\n|player|p2|Jaden McDaniels 3|ingo|1252\n|teamsize|p1|6\n|teamsize|p2|6\n|gen|9\n|tier|[Gen 9] OU\n|rated|\n|rule|Sleep Clause Mod: Limit one foe put to sleep\n|rule|Species Clause: Limit one of each Pok\u00e9mon\n|rule|OHKO Clause: OHKO moves are banned\n|rule|Evasion Items Clause: Evasion items are banned\n|rule|Evasion Moves Clause: Evasion moves are banned\n|rule|Endless Battle Clause: Forcing endless battles is banned\n|rule|HP Percentage Mod: HP is shown in percentages\n|clearpoke\n|poke|p1|Blissey, F|\n|poke|p1|Skeledirge, F|\n|poke|p1|Dondozo, F|\n|poke|p1|Corviknight, M|\n|poke|p1|Rillaboom, M|\n|poke|p1|Sneasler, F|\n|poke|p2|Landorus-Therian, M|\n|poke|p2|Slowking-Galar, F|\n|poke|p2|Zapdos|\n|poke|p2|Weavile, F|\n|poke|p2|Gholdengo|\n|poke|p2|Quaquaval, F|\n|teampreview\n|\n|t:|1700346403\n|start\n|switch|p1a: Dondozo|Dondozo, F|100\/100\n|switch|p2a: Landorus|Landorus-Therian, M|100\/100\n|-ability|p2a: Landorus|Intimidate|boost\n|-unboost|p1a: Dondozo|atk|1\n|turn|1\n|\n|t:|1700346415\n|move|p2a: Landorus|Stealth Rock|p1a: Dondozo\n|-sidestart|p1: dwarfleader|move: Stealth Rock\n|move|p1a: Dondozo|Liquidation|p2a: Landorus\n|-supereffective|p2a: Landorus\n|-damage|p2a: Landorus|53\/100\n|\n|upkeep\n|turn|2\n|\n|t:|1700346422\n|move|p2a: Landorus|U-turn|p1a: Dondozo\n|-damage|p1a: Dondozo|90\/100\n|\n|t:|1700346425\n|switch|p2a: Zapdos|Zapdos|100\/100|[from] U-turn\n|move|p1a: Dondozo|Liquidation|p2a: Zapdos\n|-damage|p2a: Zapdos|84\/100\n|-status|p1a: Dondozo|par|[from] ability: Static|[of] p2a: Zapdos\n|\n|upkeep\n|turn|3\n|\n|t:|1700346434\n|switch|p1a: Blissey|Blissey, F|100\/100\n|move|p2a: Zapdos|Discharge|p1a: Blissey\n|-damage|p1a: Blissey|90\/100\n|\n|upkeep\n|turn|4\n|\n|t:|1700346443\n|move|p2a: Zapdos|U-turn|p1a: Blissey\n|-damage|p1a: Blissey|75\/100\n|\n|t:|1700346455\n|switch|p2a: Landorus|Landorus-Therian, M|53\/100|[from] U-turn\n|-ability|p2a: Landorus|Intimidate|boost\n|-unboost|p1a: Blissey|atk|1\n|move|p1a: Blissey|Stealth Rock|p2a: Landorus\n|-sidestart|p2: Jaden McDaniels 3|move: Stealth Rock\n|\n|upkeep\n|turn|5\n|\n|t:|1700346471\n|switch|p1a: Corviknight|Corviknight, M|100\/100\n|-damage|p1a: Corviknight|88\/100|[from] Stealth Rock\n|-ability|p1a: Corviknight|Pressure\n|move|p2a: Landorus|Earthquake|p1a: Corviknight\n|-immune|p1a: Corviknight\n|\n|-heal|p1a: Corviknight|94\/100|[from] item: Leftovers\n|upkeep\n|turn|6\n|\n|t:|1700346481\n|move|p2a: Landorus|Fling|p1a: Corviknight\n|-damage|p1a: Corviknight|87\/100\n|-status|p1a: Corviknight|par\n|-enditem|p2a: Landorus|Light Ball|[from] move: Fling\n|move|p1a: Corviknight|Brave Bird|p2a: Landorus\n|-damage|p2a: Landorus|9\/100\n|-damage|p1a: Corviknight|76\/100 par|[from] Recoil\n|\n|-heal|p1a: Corviknight|82\/100 par|[from] item: Leftovers\n|upkeep\n|turn|7\n|\n|t:|1700346491\n|move|p2a: Landorus|U-turn|p1a: Corviknight\n|-resisted|p1a: Corviknight\n|-damage|p1a: Corviknight|77\/100 par\n|\n|t:|1700346497\n|switch|p2a: Zapdos|Zapdos|84\/100|[from] U-turn\n|move|p1a: Corviknight|U-turn|p2a: Zapdos\n|-resisted|p2a: Zapdos\n|-damage|p2a: Zapdos|79\/100\n|\n|t:|1700346504\n|switch|p1a: Blissey|Blissey, F|75\/100|[from] U-turn\n|\n|upkeep\n|turn|8\n|\n|t:|1700346515\n|move|p2a: Zapdos|U-turn|p1a: Blissey\n|-damage|p1a: Blissey|61\/100\n|\n|t:|1700346525\n|switch|p2a: Gholdengo|Gholdengo|100\/100|[from] U-turn\n|-damage|p2a: Gholdengo|94\/100|[from] Stealth Rock\n|-item|p2a: Gholdengo|Air Balloon\n|move|p1a: Blissey|Seismic Toss|p2a: Gholdengo\n|-immune|p2a: Gholdengo\n|\n|upkeep\n|turn|9\n|\n|t:|1700346536\n|move|p2a: Gholdengo|Make It Rain|p1a: Blissey\n|-damage|p1a: Blissey|40\/100\n|-unboost|p2a: Gholdengo|spa|1\n|move|p1a: Blissey|Shadow Ball|p2a: Gholdengo\n|-supereffective|p2a: Gholdengo\n|-damage|p2a: Gholdengo|63\/100\n|-enditem|p2a: Gholdengo|Air Balloon\n|\n|upkeep\n|turn|10\n|\n|t:|1700346546\n|switch|p2a: Landorus|Landorus-Therian, M|9\/100\n|-damage|p2a: Landorus|0 fnt|[from] Stealth Rock\n|faint|p2a: Landorus\n|move|p1a: Blissey|Soft-Boiled|p1a: Blissey\n|-heal|p1a: Blissey|90\/100\n|\n|upkeep\n|\n|t:|1700346552\n|switch|p2a: Weavile|Weavile, F|100\/100\n|-damage|p2a: Weavile|76\/100|[from] Stealth Rock\n|-ability|p2a: Weavile|Pressure\n|turn|11\n|\n|t:|1700346562\n|switch|p1a: Dondozo|Dondozo, F|90\/100 par\n|move|p2a: Weavile|Knock Off|p1a: Dondozo\n|-damage|p1a: Dondozo|67\/100 par\n|-enditem|p1a: Dondozo|Heavy-Duty Boots|[from] move: Knock Off|[of] p2a: Weavile\n|\n|upkeep\n|turn|12\n|\n|t:|1700346586\n|switch|p2a: Zapdos|Zapdos|79\/100\n|move|p1a: Dondozo|Body Press|p2a: Zapdos\n|-resisted|p2a: Zapdos\n|-damage|p2a: Zapdos|67\/100\n|\n|upkeep\n|turn|13\n|\n|t:|1700346593\n|switch|p1a: Blissey|Blissey, F|90\/100\n|move|p2a: Zapdos|U-turn|p1a: Blissey\n|-damage|p1a: Blissey|76\/100\n|\n|t:|1700346596\n|switch|p2a: Quaquaval|Quaquaval, F|100\/100|[from] U-turn\n|\n|upkeep\n|turn|14\n|\n|t:|1700346601\n|switch|p1a: Rillaboom|Rillaboom, M|100\/100\n|-damage|p1a: Rillaboom|88\/100|[from] Stealth Rock\n|-fieldstart|move: Grassy Terrain|[from] ability: Grassy Surge|[of] p1a: Rillaboom\n|move|p2a: Quaquaval|Rapid Spin|p1a: Rillaboom\n|-damage|p1a: Rillaboom|71\/100\n|-boost|p2a: Quaquaval|spe|1\n|-sideend|p2: Jaden McDaniels 3|Stealth Rock|[from] move: Rapid Spin|[of] p2a: Quaquaval\n|\n|-heal|p1a: Rillaboom|77\/100|[from] Grassy Terrain\n|upkeep\n|turn|15\n|\n|t:|1700346609\n|switch|p2a: Slowking|Slowking-Galar, F|100\/100\n|move|p1a: Rillaboom|Grassy Glide|p2a: Slowking\n|-resisted|p2a: Slowking\n|-damage|p2a: Slowking|78\/100\n|\n|-heal|p1a: Rillaboom|83\/100|[from] Grassy Terrain\n|-heal|p2a: Slowking|85\/100|[from] Grassy Terrain\n|-heal|p2a: Slowking|91\/100|[from] item: Leftovers\n|upkeep\n|turn|16\n|\n|t:|1700346618\n|switch|p1a: Blissey|Blissey, F|76\/100\n|move|p2a: Slowking|Future Sight|p1a: Blissey\n|-start|p2a: Slowking|move: Future Sight\n|\n|-heal|p1a: Blissey|82\/100|[from] Grassy Terrain\n|-heal|p2a: Slowking|97\/100|[from] Grassy Terrain\n|-heal|p2a: Slowking|100\/100|[from] item: Leftovers\n|upkeep\n|turn|17\n|\n|t:|1700346630\n|move|p1a: Blissey|Stealth Rock|p2a: Slowking\n|-sidestart|p2: Jaden McDaniels 3|move: Stealth Rock\n|move|p2a: Slowking|Chilly Reception|p2a: Slowking\n|-weather|Snow\n|\n|t:|1700346636\n|switch|p2a: Quaquaval|Quaquaval, F|100\/100|[from] Chilly Reception\n|\n|-weather|Snow|[upkeep]\n|-heal|p1a: Blissey|89\/100|[from] Grassy Terrain\n|upkeep\n|turn|18\n|\n|t:|1700346641\n|switch|p1a: Skeledirge|Skeledirge, F|100\/100\n|move|p2a: Quaquaval|Rapid Spin|p1a: Skeledirge\n|-immune|p1a: Skeledirge\n|\n|-weather|Snow|[upkeep]\n|-end|p1a: Skeledirge|move: Future Sight\n|-damage|p1a: Skeledirge|68\/100\n|-heal|p1a: Skeledirge|74\/100|[from] Grassy Terrain\n|-fieldend|move: Grassy Terrain\n|upkeep\n|turn|19\n|\n|t:|1700346654\n|switch|p2a: Gholdengo|Gholdengo|63\/100\n|-damage|p2a: Gholdengo|57\/100|[from] Stealth Rock\n|switch|p1a: Rillaboom|Rillaboom, M|83\/100\n|-damage|p1a: Rillaboom|71\/100|[from] Stealth Rock\n|-fieldstart|move: Grassy Terrain|[from] ability: Grassy Surge|[of] p1a: Rillaboom\n|\n|-weather|Snow|[upkeep]\n|-heal|p1a: Rillaboom|77\/100|[from] Grassy Terrain\n|-heal|p2a: Gholdengo|63\/100|[from] Grassy Terrain\n|upkeep\n|turn|20\n|\n|t:|1700346670\n|switch|p1a: Blissey|Blissey, F|89\/100\n|move|p2a: Gholdengo|Thunder Wave|p1a: Blissey\n|-status|p1a: Blissey|par\n|\n|-weather|Snow|[upkeep]\n|-heal|p2a: Gholdengo|69\/100|[from] Grassy Terrain\n|-heal|p1a: Blissey|95\/100 par|[from] Grassy Terrain\n|upkeep\n|turn|21\n|\n|t:|1700346677\n|switch|p2a: Slowking|Slowking-Galar, F|100\/100\n|-damage|p2a: Slowking|88\/100|[from] Stealth Rock\n|move|p1a: Blissey|Shadow Ball|p2a: Slowking\n|-supereffective|p2a: Slowking\n|-damage|p2a: Slowking|67\/100\n|\n|-weather|none\n|-heal|p2a: Slowking|73\/100|[from] Grassy Terrain\n|-heal|p2a: Slowking|79\/100|[from] item: Leftovers\n|-heal|p1a: Blissey|100\/100 par|[from] Grassy Terrain\n|upkeep\n|turn|22\n|\n|t:|1700346694\n|-curestatus|p1a: Blissey|par|[from] ability: Natural Cure\n|switch|p1a: Sneasler|Sneasler, F|100\/100\n|-damage|p1a: Sneasler|95\/100|[from] Stealth Rock\n|-enditem|p1a: Sneasler|Grassy Seed\n|-boost|p1a: Sneasler|def|1|[from] item: Grassy Seed\n|move|p2a: Slowking|Future Sight|p1a: Sneasler\n|-start|p2a: Slowking|move: Future Sight\n|\n|-heal|p1a: Sneasler|100\/100|[from] Grassy Terrain\n|-heal|p2a: Slowking|85\/100|[from] Grassy Terrain\n|-heal|p2a: Slowking|91\/100|[from] item: Leftovers\n|upkeep\n|turn|23\n|\n|t:|1700346727\n|move|p1a: Sneasler|Dire Claw|p2a: Slowking\n|-resisted|p2a: Slowking\n|-damage|p2a: Slowking|74\/100\n|move|p2a: Slowking|Thunder Wave|p1a: Sneasler\n|-status|p1a: Sneasler|par\n|\n|-heal|p2a: Slowking|80\/100|[from] Grassy Terrain\n|-heal|p2a: Slowking|86\/100|[from] item: Leftovers\n|-fieldend|move: Grassy Terrain\n|upkeep\n|turn|24\n|\n|t:|1700346735\n|switch|p1a: Blissey|Blissey, F|100\/100\n|move|p2a: Slowking|Chilly Reception|p2a: Slowking\n|-weather|Snow\n|\n|t:|1700346743\n|switch|p2a: Quaquaval|Quaquaval, F|100\/100|[from] Chilly Reception\n|\n|-weather|Snow|[upkeep]\n|-end|p1a: Blissey|move: Future Sight\n|-damage|p1a: Blissey|86\/100\n|upkeep\n|turn|25\n|\n|t:|1700346752\n|switch|p1a: Dondozo|Dondozo, F|67\/100 par\n|-damage|p1a: Dondozo|54\/100 par|[from] Stealth Rock\n|move|p2a: Quaquaval|Aqua Step|p1a: Dondozo\n|-resisted|p1a: Dondozo\n|-damage|p1a: Dondozo|45\/100 par\n|-boost|p2a: Quaquaval|spe|1\n|\n|-weather|Snow|[upkeep]\n|upkeep\n|turn|26\n|\n|t:|1700346760\n|switch|p2a: Zapdos|Zapdos|67\/100\n|cant|p1a: Dondozo|par\n|\n|-weather|Snow|[upkeep]\n|upkeep\n|turn|27\n|\n|t:|1700346766\n|switch|p1a: Blissey|Blissey, F|86\/100\n|move|p2a: Zapdos|Discharge|p1a: Blissey\n|-damage|p1a: Blissey|76\/100\n|\n|-weather|Snow|[upkeep]\n|upkeep\n|turn|28\n|\n|t:|1700346775\n|move|p2a: Zapdos|Roost|p2a: Zapdos\n|-heal|p2a: Zapdos|100\/100\n|-singleturn|p2a: Zapdos|move: Roost\n|move|p1a: Blissey|Shadow Ball|p2a: Zapdos\n|-crit|p2a: Zapdos\n|-damage|p2a: Zapdos|80\/100\n|-unboost|p2a: Zapdos|spd|1\n|\n|-weather|none\n|upkeep\n|turn|29\n|\n|t:|1700346786\n|move|p2a: Zapdos|U-turn|p1a: Blissey\n|-damage|p1a: Blissey|62\/100\n|\n|t:|1700346789\n|switch|p2a: Weavile|Weavile, F|76\/100|[from] U-turn\n|-damage|p2a: Weavile|51\/100|[from] Stealth Rock\n|-ability|p2a: Weavile|Pressure\n|move|p1a: Blissey|Shadow Ball|p2a: Weavile\n|-resisted|p2a: Weavile\n|-damage|p2a: Weavile|40\/100\n|\n|upkeep\n|turn|30\n|\n|t:|1700346804\n|switch|p1a: Corviknight|Corviknight, M|77\/100 par\n|-damage|p1a: Corviknight|65\/100 par|[from] Stealth Rock\n|-ability|p1a: Corviknight|Pressure\n|move|p2a: Weavile|Knock Off|p1a: Corviknight\n|-damage|p1a: Corviknight|39\/100 par\n|-enditem|p1a: Corviknight|Leftovers|[from] move: Knock Off|[of] p2a: Weavile\n|\n|upkeep\n|turn|31\n|\n|t:|1700346812\n|move|p2a: Weavile|Icicle Spear|p1a: Corviknight\n|-damage|p1a: Corviknight|31\/100 par\n|-damage|p1a: Corviknight|23\/100 par\n|-crit|p1a: Corviknight\n|-damage|p1a: Corviknight|10\/100 par\n|-damage|p1a: Corviknight|3\/100 par\n|-hitcount|p1a: Corviknight|4\n|move|p1a: Corviknight|Roost|p1a: Corviknight\n|-heal|p1a: Corviknight|53\/100 par\n|-singleturn|p1a: Corviknight|move: Roost\n|\n|upkeep\n|turn|32\n|\n|t:|1700346824\n|move|p2a: Weavile|Swords Dance|p2a: Weavile\n|-boost|p2a: Weavile|atk|2\n|move|p1a: Corviknight|Body Press|p2a: Weavile\n|-supereffective|p2a: Weavile\n|-damage|p2a: Weavile|0 fnt\n|faint|p2a: Weavile\n|\n|upkeep\n|\n|t:|1700346832\n|switch|p2a: Zapdos|Zapdos|80\/100\n|turn|33\n|\n|t:|1700346837\n|switch|p1a: Blissey|Blissey, F|62\/100\n|move|p2a: Zapdos|Discharge|p1a: Blissey\n|-damage|p1a: Blissey|52\/100\n|\n|upkeep\n|turn|34\n|\n|t:|1700346862\n|move|p2a: Zapdos|U-turn|p1a: Blissey\n|-damage|p1a: Blissey|39\/100\n|\n|t:|1700346864\n|switch|p2a: Quaquaval|Quaquaval, F|100\/100|[from] U-turn\n|move|p1a: Blissey|Soft-Boiled|p1a: Blissey\n|-heal|p1a: Blissey|89\/100\n|\n|upkeep\n|turn|35\n|\n|t:|1700346881\n|switch|p1a: Rillaboom|Rillaboom, M|77\/100\n|-damage|p1a: Rillaboom|65\/100|[from] Stealth Rock\n|-fieldstart|move: Grassy Terrain|[from] ability: Grassy Surge|[of] p1a: Rillaboom\n|move|p2a: Quaquaval|Aqua Step|p1a: Rillaboom\n|-resisted|p1a: Rillaboom\n|-damage|p1a: Rillaboom|42\/100\n|-boost|p2a: Quaquaval|spe|1\n|\n|-heal|p1a: Rillaboom|48\/100|[from] Grassy Terrain\n|upkeep\n|turn|36\n|\n|t:|1700346908\n|switch|p2a: Zapdos|Zapdos|80\/100\n|move|p1a: Rillaboom|Knock Off|p2a: Zapdos\n|-damage|p2a: Zapdos|41\/100\n|-enditem|p2a: Zapdos|Heavy-Duty Boots|[from] move: Knock Off|[of] p1a: Rillaboom\n|\n|-heal|p1a: Rillaboom|54\/100|[from] Grassy Terrain\n|upkeep\n|turn|37\n|\n|t:|1700346917\n|switch|p1a: Blissey|Blissey, F|89\/100\n|move|p2a: Zapdos|Discharge|p1a: Blissey\n|-damage|p1a: Blissey|79\/100\n|\n|-heal|p1a: Blissey|85\/100|[from] Grassy Terrain\n|upkeep\n|turn|38\n|\n|t:|1700346930\n|move|p2a: Zapdos|Roost|p2a: Zapdos\n|-heal|p2a: Zapdos|91\/100\n|-singleturn|p2a: Zapdos|move: Roost\n|move|p1a: Blissey|Shadow Ball|p2a: Zapdos\n|-damage|p2a: Zapdos|77\/100\n|\n|-heal|p2a: Zapdos|83\/100|[from] Grassy Terrain\n|-heal|p1a: Blissey|91\/100|[from] Grassy Terrain\n|upkeep\n|turn|39\n|\n|t:|1700346941\n|move|p2a: Zapdos|U-turn|p1a: Blissey\n|-damage|p1a: Blissey|78\/100\n|\n|t:|1700346947\n|switch|p2a: Quaquaval|Quaquaval, F|100\/100|[from] U-turn\n|move|p1a: Blissey|Seismic Toss|p2a: Quaquaval\n|-damage|p2a: Quaquaval|68\/100\n|\n|-heal|p2a: Quaquaval|74\/100|[from] Grassy Terrain\n|-heal|p1a: Blissey|84\/100|[from] Grassy Terrain\n|-fieldend|move: Grassy Terrain\n|upkeep\n|turn|40\n|\n|t:|1700346957\n|switch|p1a: Rillaboom|Rillaboom, M|54\/100\n|-damage|p1a: Rillaboom|42\/100|[from] Stealth Rock\n|-fieldstart|move: Grassy Terrain|[from] ability: Grassy Surge|[of] p1a: Rillaboom\n|move|p2a: Quaquaval|Close Combat|p1a: Rillaboom\n|-damage|p1a: Rillaboom|0 fnt\n|-unboost|p2a: Quaquaval|def|1\n|-unboost|p2a: Quaquaval|spd|1\n|faint|p1a: Rillaboom\n|-ability|p2a: Quaquaval|Moxie|boost\n|-boost|p2a: Quaquaval|atk|1\n|\n|-heal|p2a: Quaquaval|81\/100|[from] Grassy Terrain\n|upkeep\n|\n|t:|1700346969\n|switch|p1a: Corviknight|Corviknight, M|53\/100 par\n|-damage|p1a: Corviknight|40\/100 par|[from] Stealth Rock\n|-ability|p1a: Corviknight|Pressure\n|turn|41\n|\n|t:|1700346976\n|switch|p2a: Gholdengo|Gholdengo|69\/100\n|-damage|p2a: Gholdengo|63\/100|[from] Stealth Rock\n|move|p1a: Corviknight|Roost|p1a: Corviknight\n|-heal|p1a: Corviknight|90\/100 par\n|-singleturn|p1a: Corviknight|move: Roost\n|\n|-heal|p2a: Gholdengo|69\/100|[from] Grassy Terrain\n|-heal|p1a: Corviknight|96\/100 par|[from] Grassy Terrain\n|upkeep\n|turn|42\n|\n|t:|1700346982\n|switch|p2a: Slowking|Slowking-Galar, F|100\/100\n|-damage|p2a: Slowking|88\/100|[from] Stealth Rock\n|switch|p1a: Blissey|Blissey, F|84\/100\n|\n|-heal|p1a: Blissey|90\/100|[from] Grassy Terrain\n|-heal|p2a: Slowking|94\/100|[from] Grassy Terrain\n|-heal|p2a: Slowking|99\/100|[from] item: Leftovers\n|upkeep\n|turn|43\n|\n|t:|1700347000\n|move|p1a: Blissey|Seismic Toss|p2a: Slowking\n|-damage|p2a: Slowking|75\/100\n|move|p2a: Slowking|Chilly Reception|p2a: Slowking\n|-weather|Snow\n|\n|t:|1700347003\n|switch|p2a: Quaquaval|Quaquaval, F|81\/100|[from] Chilly Reception\n|\n|-weather|Snow|[upkeep]\n|-heal|p2a: Quaquaval|87\/100|[from] Grassy Terrain\n|-heal|p1a: Blissey|96\/100|[from] Grassy Terrain\n|upkeep\n|turn|44\n|\n|t:|1700347019\n|switch|p1a: Corviknight|Corviknight, M|96\/100 par\n|-damage|p1a: Corviknight|84\/100 par|[from] Stealth Rock\n|-ability|p1a: Corviknight|Pressure\n|move|p2a: Quaquaval|Aqua Step|p1a: Corviknight\n|-damage|p1a: Corviknight|61\/100 par\n|-boost|p2a: Quaquaval|spe|1\n|\n|-weather|Snow|[upkeep]\n|-heal|p2a: Quaquaval|93\/100|[from] Grassy Terrain\n|-fieldend|move: Grassy Terrain\n|upkeep\n|turn|45\n|\n|t:|1700347031\n|switch|p2a: Zapdos|Zapdos|83\/100\n|-damage|p2a: Zapdos|58\/100|[from] Stealth Rock\n|move|p1a: Corviknight|Brave Bird|p2a: Zapdos\n|-resisted|p2a: Zapdos\n|-damage|p2a: Zapdos|44\/100\n|-damage|p1a: Corviknight|57\/100 par|[from] Recoil\n|\n|-weather|Snow|[upkeep]\n|upkeep\n|turn|46\n|\n|t:|1700347042\n|switch|p1a: Blissey|Blissey, F|96\/100\n|move|p2a: Zapdos|U-turn|p1a: Blissey\n|-damage|p1a: Blissey|81\/100\n|\n|t:|1700347056\n|switch|p2a: Gholdengo|Gholdengo|69\/100|[from] U-turn\n|-damage|p2a: Gholdengo|63\/100|[from] Stealth Rock\n|\n|-weather|Snow|[upkeep]\n|upkeep\n|turn|47\n|\n|t:|1700347063\n|move|p2a: Gholdengo|Thunder Wave|p1a: Blissey\n|-status|p1a: Blissey|par\n|move|p1a: Blissey|Shadow Ball|p2a: Gholdengo\n|-supereffective|p2a: Gholdengo\n|-damage|p2a: Gholdengo|28\/100\n|\n|-weather|none\n|upkeep\n|turn|48\n|\n|t:|1700347075\n|move|p2a: Gholdengo|Recover|p2a: Gholdengo\n|-heal|p2a: Gholdengo|78\/100\n|move|p1a: Blissey|Shadow Ball|p2a: Gholdengo\n|-supereffective|p2a: Gholdengo\n|-damage|p2a: Gholdengo|42\/100\n|\n|upkeep\n|turn|49\n|\n|t:|1700347088\n|switch|p2a: Quaquaval|Quaquaval, F|93\/100\n|-curestatus|p1a: Blissey|par|[from] ability: Natural Cure\n|switch|p1a: Skeledirge|Skeledirge, F|74\/100\n|\n|upkeep\n|turn|50\n|\n|t:|1700347096\n|-terastallize|p2a: Quaquaval|Water\n|-terastallize|p1a: Skeledirge|Fairy\n|move|p2a: Quaquaval|Aqua Step|p1a: Skeledirge\n|-damage|p1a: Skeledirge|28\/100\n|-boost|p2a: Quaquaval|spe|1\n|move|p1a: Skeledirge|Will-O-Wisp|p2a: Quaquaval\n|-status|p2a: Quaquaval|brn\n|\n|-damage|p2a: Quaquaval|87\/100 brn|[from] brn\n|upkeep\n|turn|51\n|\n|t:|1700347113\n|move|p2a: Quaquaval|Aqua Step|p1a: Skeledirge\n|-damage|p1a: Skeledirge|5\/100\n|-boost|p2a: Quaquaval|spe|1\n|move|p1a: Skeledirge|Slack Off|p1a: Skeledirge\n|-heal|p1a: Skeledirge|55\/100\n|\n|-damage|p2a: Quaquaval|81\/100 brn|[from] brn\n|upkeep\n|turn|52\n|\n|t:|1700347120\n|move|p2a: Quaquaval|Swords Dance|p2a: Quaquaval\n|-boost|p2a: Quaquaval|atk|2\n|move|p1a: Skeledirge|Slack Off|p1a: Skeledirge\n|-heal|p1a: Skeledirge|100\/100\n|\n|-damage|p2a: Quaquaval|74\/100 brn|[from] brn\n|upkeep\n|turn|53\n|l|\u2606Jaden McDaniels 3\n|player|p2|\n|inactive|Battle timer is ON: inactive players will automatically lose when time's up. (requested by dwarfleader)\n|inactive|Jaden McDaniels 3 has 30 seconds to reconnect!\n|inactive|Jaden McDaniels 3 has 20 seconds to reconnect!\n|inactive|Jaden McDaniels 3 has 15 seconds to reconnect!\n|inactive|Jaden McDaniels 3 has 10 seconds to reconnect!\n|inactive|Jaden McDaniels 3 has 5 seconds to reconnect!\n|-message|Jaden McDaniels 3 lost due to inactivity.\n|\n|win|dwarfleader\n|raw|dwarfleader's rating: 1194 &rarr; <strong>1223<\/strong><br \/>(+29 for winning)\n|raw|Jaden McDaniels 3's rating: 1252 &rarr; <strong>1223<\/strong><br \/>(-29 for losing)\n","uploadtime":1700347234,"views":8,"p1id":"dwarfleader","p2id":"jadenmcdaniels3","formatid":"gen9ou","rating":1223,"private":0,"password":""}