{"id":"gen9ou-1994248955","p1":"FrostBv","p2":"LunarTFM","format":"[Gen 9] OU","log":"|j|\u2606FrostBv\n|j|\u2606LunarTFM\n|t:|1700423318\n|gametype|singles\n|player|p1|FrostBv|giovanni|\n|player|p2|LunarTFM|scientistf|\n|teamsize|p1|6\n|teamsize|p2|6\n|gen|9\n|tier|[Gen 9] OU\n|rule|Sleep Clause Mod: Limit one foe put to sleep\n|rule|Species Clause: Limit one of each Pok\u00e9mon\n|rule|OHKO Clause: OHKO moves are banned\n|rule|Evasion Items Clause: Evasion items are banned\n|rule|Evasion Moves Clause: Evasion moves are banned\n|rule|Endless Battle Clause: Forcing endless battles is banned\n|rule|HP Percentage Mod: HP is shown in percentages\n|clearpoke\n|poke|p1|Samurott-Hisui, F|\n|poke|p1|Garchomp, F|\n|poke|p1|Clodsire, M|\n|poke|p1|Dragapult, M|\n|poke|p1|Enamorus, F|\n|poke|p1|Ribombee, F|\n|poke|p2|Cinderace, F|\n|poke|p2|Meowscarada, F|\n|poke|p2|Ninetales-Alola, M|\n|poke|p2|Slowking-Galar, M|\n|poke|p2|Zamazenta-*|\n|poke|p2|Greninja-*, M|\n|teampreview\n|\n|t:|1700423343\n|start\n|switch|p1a: Ikar|Clodsire, M|100\/100\n|switch|p2a: Stall King|Slowking-Galar, M|100\/100\n|turn|1\n|\n|t:|1700423352\n|move|p1a: Ikar|Curse|p1a: Ikar\n|-unboost|p1a: Ikar|spe|1\n|-boost|p1a: Ikar|atk|1\n|-boost|p1a: Ikar|def|1\n|move|p2a: Stall King|Chilly Reception|p2a: Stall King\n|-weather|Snow\n|\n|t:|1700423362\n|switch|p2a: Shadowglaive|Greninja, M, shiny|100\/100|[from] Chilly Reception\n|\n|-weather|Snow|[upkeep]\n|upkeep\n|turn|2\n|\n|t:|1700423370\n|move|p2a: Shadowglaive|Blizzard|p1a: Ikar\n|-start|p2a: Shadowglaive|typechange|Ice|[from] ability: Protean\n|-supereffective|p1a: Ikar\n|-damage|p1a: Ikar|25\/100\n|move|p1a: Ikar|Body Press|p2a: Shadowglaive\n|-supereffective|p2a: Shadowglaive\n|-damage|p2a: Shadowglaive|63\/100\n|\n|-weather|Snow|[upkeep]\n|-heal|p1a: Ikar|31\/100|[from] item: Leftovers\n|upkeep\n|turn|3\n|\n|t:|1700423383\n|move|p2a: Shadowglaive|Blizzard|p1a: Ikar\n|-supereffective|p1a: Ikar\n|-damage|p1a: Ikar|0 fnt\n|faint|p1a: Ikar\n|\n|-weather|Snow|[upkeep]\n|upkeep\n|\n|t:|1700423395\n|switch|p1a: za za|Samurott-Hisui, F|100\/100\n|turn|4\n|\n|t:|1700423403\n|move|p2a: Shadowglaive|U-turn|p1a: za za\n|-supereffective|p1a: za za\n|-damage|p1a: za za|67\/100\n|\n|t:|1700423407\n|switch|p2a: Spriggy|Meowscarada, F|100\/100|[from] U-turn\n|move|p1a: za za|Ceaseless Edge|p2a: Spriggy\n|-resisted|p2a: Spriggy\n|-damage|p2a: Spriggy|54\/100\n|-sidestart|p2: LunarTFM|Spikes\n|-damage|p1a: za za|58\/100|[from] item: Life Orb\n|\n|-weather|Snow|[upkeep]\n|upkeep\n|turn|5\n|\n|t:|1700423418\n|move|p2a: Spriggy|Flower Trick|p1a: za za\n|-start|p2a: Spriggy|typechange|Grass|[from] ability: Protean\n|-supereffective|p1a: za za\n|-crit|p1a: za za\n|-damage|p1a: za za|0 fnt\n|faint|p1a: za za\n|\n|-weather|none\n|upkeep\n|\n|t:|1700423430\n|switch|p1a: MATEO MOSGLOT\u00d3N|Dragapult, M|100\/100\n|turn|6\n|\n|t:|1700423441\n|switch|p2a: Frost Tod|Ninetales-Alola, M|100\/100\n|-damage|p2a: Frost Tod|88\/100|[from] Spikes\n|-weather|Snow|[from] ability: Snow Warning|[of] p2a: Frost Tod\n|move|p1a: MATEO MOSGLOT\u00d3N|U-turn|p2a: Frost Tod\n|-resisted|p2a: Frost Tod\n|-damage|p2a: Frost Tod|77\/100\n|\n|t:|1700423449\n|switch|p1a: Mattita UwU|Ribombee, F|100\/100|[from] U-turn\n|\n|-weather|Snow|[upkeep]\n|upkeep\n|turn|7\n|\n|t:|1700423458\n|move|p1a: Mattita UwU|Sticky Web|p2a: Frost Tod\n|-sidestart|p2: LunarTFM|move: Sticky Web\n|move|p2a: Frost Tod|Aurora Veil|p2a: Frost Tod\n|-sidestart|p2: LunarTFM|move: Aurora Veil\n|\n|-weather|Snow|[upkeep]\n|upkeep\n|turn|8\n|\n|t:|1700423469\n|move|p1a: Mattita UwU|Light Screen|p1a: Mattita UwU\n|-sidestart|p1: FrostBv|move: Light Screen\n|move|p2a: Frost Tod|Blizzard|p1a: Mattita UwU\n|-damage|p1a: Mattita UwU|76\/100\n|\n|-weather|Snow|[upkeep]\n|upkeep\n|turn|9\n|\n|t:|1700423477\n|switch|p2a: Aceburn|Cinderace, F|100\/100\n|move|p1a: Mattita UwU|Reflect|p1a: Mattita UwU\n|-sidestart|p1: FrostBv|Reflect\n|\n|-weather|Snow|[upkeep]\n|upkeep\n|turn|10\n|\n|t:|1700423486\n|switch|p1a: MATEO MOSGLOT\u00d3N|Dragapult, M|100\/100\n|move|p2a: Aceburn|Court Change|p2a: Aceburn\n|-start|p2a: Aceburn|typechange|Normal|[from] ability: Libero\n|-swapsideconditions\n|-activate|p2a: Aceburn|move: Court Change\n|\n|-weather|Snow|[upkeep]\n|upkeep\n|turn|11\n|\n|t:|1700423500\n|move|p1a: MATEO MOSGLOT\u00d3N|Dragon Dance|p1a: MATEO MOSGLOT\u00d3N\n|-boost|p1a: MATEO MOSGLOT\u00d3N|atk|1\n|-boost|p1a: MATEO MOSGLOT\u00d3N|spe|1\n|move|p2a: Aceburn|U-turn|p1a: MATEO MOSGLOT\u00d3N\n|-resisted|p1a: MATEO MOSGLOT\u00d3N\n|-damage|p1a: MATEO MOSGLOT\u00d3N|94\/100\n|\n|t:|1700423508\n|switch|p2a: Frost Tod|Ninetales-Alola, M|77\/100|[from] U-turn\n|\n|-weather|Snow|[upkeep]\n|-sideend|p1: FrostBv|move: Aurora Veil\n|upkeep\n|turn|12\n|\n|t:|1700423516\n|move|p1a: MATEO MOSGLOT\u00d3N|Phantom Force||[still]\n|-prepare|p1a: MATEO MOSGLOT\u00d3N|Phantom Force\n|move|p2a: Frost Tod|Blizzard|p1a: MATEO MOSGLOT\u00d3N|[miss]\n|-miss|p2a: Frost Tod|p1a: MATEO MOSGLOT\u00d3N\n|\n|-weather|Snow|[upkeep]\n|-sideend|p2: LunarTFM|move: Light Screen\n|upkeep\n|turn|13\n|\n|t:|1700423524\n|move|p1a: MATEO MOSGLOT\u00d3N|Phantom Force|p2a: Frost Tod|[from]lockedmove\n|-damage|p2a: Frost Tod|43\/100\n|move|p2a: Frost Tod|Blizzard|p1a: MATEO MOSGLOT\u00d3N\n|-supereffective|p1a: MATEO MOSGLOT\u00d3N\n|-damage|p1a: MATEO MOSGLOT\u00d3N|4\/100\n|\n|-weather|none\n|-sideend|p2: LunarTFM|Reflect\n|upkeep\n|turn|14\n|\n|t:|1700423535\n|move|p1a: MATEO MOSGLOT\u00d3N|Phantom Force||[still]\n|-prepare|p1a: MATEO MOSGLOT\u00d3N|Phantom Force\n|move|p2a: Frost Tod|Moonblast|p1a: MATEO MOSGLOT\u00d3N|[miss]\n|-miss|p2a: Frost Tod|p1a: MATEO MOSGLOT\u00d3N\n|\n|upkeep\n|turn|15\n|\n|t:|1700423547\n|switch|p2a: Shadowglaive|Greninja, M, shiny|63\/100\n|move|p1a: MATEO MOSGLOT\u00d3N|Phantom Force|p2a: Shadowglaive|[from]lockedmove\n|-resisted|p2a: Shadowglaive\n|-damage|p2a: Shadowglaive|0 fnt\n|faint|p2a: Shadowglaive\n|\n|upkeep\n|\n|t:|1700423558\n|switch|p2a: Aceburn|Cinderace, F|100\/100\n|turn|16\n|\n|t:|1700423562\n|move|p1a: MATEO MOSGLOT\u00d3N|Dragon Darts|p2a: Aceburn\n|-damage|p2a: Aceburn|51\/100\n|-anim|p1a: MATEO MOSGLOT\u00d3N|Dragon Darts|p2a: Aceburn\n|-damage|p2a: Aceburn|4\/100\n|move|p2a: Aceburn|U-turn|p1a: MATEO MOSGLOT\u00d3N\n|-start|p2a: Aceburn|typechange|Bug|[from] ability: Libero\n|-resisted|p1a: MATEO MOSGLOT\u00d3N\n|-damage|p1a: MATEO MOSGLOT\u00d3N|0 fnt\n|faint|p1a: MATEO MOSGLOT\u00d3N\n|\n|t:|1700423573\n|switch|p2a: Spriggy|Meowscarada, F|54\/100|[from] U-turn\n|\n|upkeep\n|\n|t:|1700423577\n|switch|p1a: Main Sonarchy|Enamorus, F|100\/100\n|turn|17\n|\n|t:|1700423583\n|-terastallize|p2a: Spriggy|Fairy\n|move|p2a: Spriggy|Play Rough|p1a: Main Sonarchy\n|-damage|p1a: Main Sonarchy|0 fnt\n|faint|p1a: Main Sonarchy\n|\n|upkeep\n|\n|t:|1700423591\n|switch|p1a: Tiburoncin|Garchomp, F|100\/100\n|-damage|p1a: Tiburoncin|88\/100|[from] Spikes\n|-activate|p1a: Tiburoncin|move: Sticky Web\n|-unboost|p1a: Tiburoncin|spe|1\n|turn|18\n|\n|t:|1700423602\n|move|p2a: Spriggy|Play Rough|p1a: Tiburoncin\n|-supereffective|p1a: Tiburoncin\n|-damage|p1a: Tiburoncin|0 fnt\n|-damage|p2a: Spriggy|42\/100|[from] ability: Rough Skin|[of] p1a: Tiburoncin\n|faint|p1a: Tiburoncin\n|\n|upkeep\n|\n|t:|1700423615\n|switch|p1a: Mattita UwU|Ribombee, F|76\/100\n|-damage|p1a: Mattita UwU|63\/100|[from] Spikes\n|-activate|p1a: Mattita UwU|move: Sticky Web\n|-unboost|p1a: Mattita UwU|spe|1\n|turn|19\n|\n|t:|1700423623\n|move|p1a: Mattita UwU|Protect|p1a: Mattita UwU\n|-singleturn|p1a: Mattita UwU|Protect\n|move|p2a: Spriggy|Play Rough|p1a: Mattita UwU\n|-activate|p1a: Mattita UwU|move: Protect\n|\n|upkeep\n|turn|20\n|\n|t:|1700423631\n|move|p2a: Spriggy|Play Rough|p1a: Mattita UwU\n|-damage|p1a: Mattita UwU|0 fnt\n|faint|p1a: Mattita UwU\n|\n|win|LunarTFM\n|l|\u2606FrostBv\n","uploadtime":1700423657,"views":77,"p1id":"frostbv","p2id":"lunartfm","formatid":"gen9ou","rating":0,"private":0,"password":""}