{"id":"gen9ou-1995298965","p1":"Jonsky","p2":"TrashPlayer2222","format":"[Gen 9] OU","log":"|j|\u2606Jonsky\n|j|\u2606TrashPlayer2222\n|t:|1700549339\n|gametype|singles\n|player|p1|Jonsky|266|1115\n|player|p2|TrashPlayer2222|veteran|1180\n|teamsize|p1|6\n|teamsize|p2|6\n|gen|9\n|tier|[Gen 9] OU\n|rated|\n|rule|Sleep Clause Mod: Limit one foe put to sleep\n|rule|Species Clause: Limit one of each Pok\u00e9mon\n|rule|OHKO Clause: OHKO moves are banned\n|rule|Evasion Items Clause: Evasion items are banned\n|rule|Evasion Moves Clause: Evasion moves are banned\n|rule|Endless Battle Clause: Forcing endless battles is banned\n|rule|HP Percentage Mod: HP is shown in percentages\n|clearpoke\n|poke|p1|Kingambit, F|\n|poke|p1|Glimmora, F|\n|poke|p1|Zamazenta-*|\n|poke|p1|Iron Valiant|\n|poke|p1|Iron Moth|\n|poke|p1|Ogerpon-Wellspring, F|\n|poke|p2|Ceruledge, F|\n|poke|p2|Maushold-Four|\n|poke|p2|Kingambit, F|\n|poke|p2|Slither Wing|\n|poke|p2|Ninetales-Alola, F|\n|poke|p2|Dondozo, F|\n|teampreview\n|inactive|Battle timer is ON: inactive players will automatically lose when time's up. (requested by TrashPlayer2222)\n|\n|t:|1700549348\n|start\n|switch|p1a: Glimmora|Glimmora, F|100\/100\n|switch|p2a: Ninetales|Ninetales-Alola, F|100\/100\n|-weather|Snow|[from] ability: Snow Warning|[of] p2a: Ninetales\n|turn|1\n|\n|t:|1700549355\n|move|p2a: Ninetales|Aurora Veil|p2a: Ninetales\n|-sidestart|p2: TrashPlayer2222|move: Aurora Veil\n|move|p1a: Glimmora|Stealth Rock|p2a: Ninetales\n|-sidestart|p2: TrashPlayer2222|move: Stealth Rock\n|\n|-weather|Snow|[upkeep]\n|upkeep\n|turn|2\n|\n|t:|1700549364\n|move|p2a: Ninetales|Encore|p1a: Glimmora\n|-start|p1a: Glimmora|Encore\n|move|p1a: Glimmora|Stealth Rock||[still]\n|-fail|p1a: Glimmora\n|\n|-weather|Snow|[upkeep]\n|upkeep\n|turn|3\n|\n|t:|1700549373\n|switch|p2a: Ceruledge|Ceruledge, F|100\/100\n|-damage|p2a: Ceruledge|76\/100|[from] Stealth Rock\n|switch|p1a: Ogerpon|Ogerpon-Wellspring, F|100\/100\n|\n|-weather|Snow|[upkeep]\n|-heal|p2a: Ceruledge|82\/100|[from] item: Leftovers\n|upkeep\n|turn|4\n|\n|t:|1700549388\n|-terastallize|p2a: Ceruledge|Normal\n|move|p1a: Ogerpon|Knock Off|p2a: Ceruledge\n|-damage|p2a: Ceruledge|60\/100\n|-enditem|p2a: Ceruledge|Leftovers|[from] move: Knock Off|[of] p1a: Ogerpon\n|move|p2a: Ceruledge|Bulk Up|p2a: Ceruledge\n|-boost|p2a: Ceruledge|atk|1\n|-boost|p2a: Ceruledge|def|1\n|\n|-weather|Snow|[upkeep]\n|upkeep\n|turn|5\n|\n|t:|1700549399\n|move|p1a: Ogerpon|Ivy Cudgel|p2a: Ceruledge|[anim] Ivy Cudgel Water\n|-damage|p2a: Ceruledge|37\/100\n|move|p2a: Ceruledge|Bulk Up|p2a: Ceruledge\n|-boost|p2a: Ceruledge|atk|1\n|-boost|p2a: Ceruledge|def|1\n|\n|-weather|none\n|upkeep\n|turn|6\n|\n|t:|1700549408\n|-terastallize|p1a: Ogerpon|Water\n|detailschange|p1a: Ogerpon|Ogerpon-Wellspring-Tera, F, tera:Water\n|-ability|p1a: Ogerpon|Embody Aspect (Wellspring)|boost\n|-boost|p1a: Ogerpon|spd|1\n|move|p1a: Ogerpon|Ivy Cudgel|p2a: Ceruledge|[anim] Ivy Cudgel Water\n|-damage|p2a: Ceruledge|16\/100\n|move|p2a: Ceruledge|Bitter Blade|p1a: Ogerpon\n|-resisted|p1a: Ogerpon\n|-damage|p1a: Ogerpon|35\/100\n|-heal|p2a: Ceruledge|43\/100|[from] drain|[of] p1a: Ogerpon\n|\n|upkeep\n|turn|7\n|\n|t:|1700549420\n|move|p2a: Ceruledge|Shadow Sneak|p1a: Ogerpon\n|-damage|p1a: Ogerpon|0 fnt\n|faint|p1a: Ogerpon\n|\n|upkeep\n|\n|t:|1700549429\n|switch|p1a: Iron Valiant|Iron Valiant|100\/100\n|-enditem|p1a: Iron Valiant|Booster Energy\n|-activate|p1a: Iron Valiant|ability: Quark Drive|[fromitem]\n|-start|p1a: Iron Valiant|quarkdrivespe\n|turn|8\n|\n|t:|1700549434\n|move|p1a: Iron Valiant|Hypnosis|p2a: Ceruledge|[miss]\n|-miss|p1a: Iron Valiant|p2a: Ceruledge\n|move|p2a: Ceruledge|Bitter Blade|p1a: Iron Valiant\n|-damage|p1a: Iron Valiant|0 fnt\n|-heal|p2a: Ceruledge|84\/100|[from] drain|[of] p1a: Iron Valiant\n|faint|p1a: Iron Valiant\n|-end|p1a: Iron Valiant|Quark Drive|[silent]\n|\n|-sideend|p2: TrashPlayer2222|move: Aurora Veil\n|upkeep\n|\n|t:|1700549443\n|switch|p1a: Iron Moth|Iron Moth|100\/100\n|-enditem|p1a: Iron Moth|Booster Energy\n|-activate|p1a: Iron Moth|ability: Quark Drive|[fromitem]\n|-start|p1a: Iron Moth|quarkdrivespe\n|turn|9\n|\n|t:|1700549448\n|move|p1a: Iron Moth|Substitute|p1a: Iron Moth\n|-start|p1a: Iron Moth|Substitute\n|-damage|p1a: Iron Moth|76\/100\n|move|p2a: Ceruledge|Bitter Blade|p1a: Iron Moth\n|-resisted|p1a: Iron Moth\n|-end|p1a: Iron Moth|Substitute\n|-heal|p2a: Ceruledge|95\/100|[from] drain|[of] p1a: Iron Moth\n|\n|upkeep\n|turn|10\n|\n|t:|1700549456\n|move|p1a: Iron Moth|Fiery Dance|p2a: Ceruledge\n|-start|p2a: Ceruledge|ability: Flash Fire\n|move|p2a: Ceruledge|Bitter Blade|p1a: Iron Moth\n|-resisted|p1a: Iron Moth\n|-damage|p1a: Iron Moth|0 fnt\n|-heal|p2a: Ceruledge|100\/100|[from] drain|[of] p1a: Iron Moth\n|faint|p1a: Iron Moth\n|-end|p1a: Iron Moth|Quark Drive|[silent]\n|\n|upkeep\n|-message|Jonsky forfeited.\n|\n|win|TrashPlayer2222\n|raw|Jonsky's rating: 1115 &rarr; <strong>1095<\/strong><br \/>(-20 for losing)\n|raw|TrashPlayer2222's rating: 1180 &rarr; <strong>1200<\/strong><br \/>(+20 for winning)\n|l|\u2606Jonsky\n","uploadtime":1700549473,"views":2,"p1id":"jonsky","p2id":"trashplayer2222","formatid":"gen9ou","rating":1095,"private":0,"password":""}