{"id":"gen9ou-1991988660","p1":"tsyson","p2":"imReverse","format":"[Gen 9] OU","log":"|j|\u2606tsyson\n|j|\u2606imReverse\n|t:|1700145501\n|gametype|singles\n|player|p1|tsyson|266|1066\n|player|p2|imReverse|dawn|1000\n|teamsize|p1|6\n|teamsize|p2|6\n|gen|9\n|tier|[Gen 9] OU\n|rated|\n|rule|Sleep Clause Mod: Limit one foe put to sleep\n|rule|Species Clause: Limit one of each Pok\u00e9mon\n|rule|OHKO Clause: OHKO moves are banned\n|rule|Evasion Items Clause: Evasion items are banned\n|rule|Evasion Moves Clause: Evasion moves are banned\n|rule|Endless Battle Clause: Forcing endless battles is banned\n|rule|HP Percentage Mod: HP is shown in percentages\n|clearpoke\n|poke|p1|Landorus-Therian, M|\n|poke|p1|Greninja-*, M|\n|poke|p1|Iron Valiant|\n|poke|p1|Gholdengo|\n|poke|p1|Glimmora, F|\n|poke|p1|Rillaboom, F|\n|poke|p2|Weavile, F|\n|poke|p2|Amoonguss, F|\n|poke|p2|Dragonite, F|\n|poke|p2|Infernape, F|\n|poke|p2|Bronzong|\n|poke|p2|Espeon, F|\n|teampreview\n|inactive|Battle timer is ON: inactive players will automatically lose when time's up. (requested by tsyson)\n|\n|t:|1700145509\n|start\n|switch|p1a: Glimmora|Glimmora, F|100\/100\n|switch|p2a: Weavile|Weavile, F|100\/100\n|-ability|p2a: Weavile|Pressure\n|turn|1\n|\n|t:|1700145517\n|move|p2a: Weavile|Ice Punch|p1a: Glimmora\n|-damage|p1a: Glimmora|54\/100\n|-activate|p1a: Glimmora|ability: Toxic Debris\n|-sidestart|p2: imReverse|move: Toxic Spikes\n|move|p1a: Glimmora|Spikes|p2a: Weavile\n|-sidestart|p2: imReverse|Spikes\n|\n|upkeep\n|turn|2\n|\n|t:|1700145529\n|switch|p1a: Gholdengo|Gholdengo|100\/100\n|-item|p1a: Gholdengo|Air Balloon\n|move|p2a: Weavile|Ice Punch|p1a: Gholdengo\n|-resisted|p1a: Gholdengo\n|-damage|p1a: Gholdengo|87\/100\n|-enditem|p1a: Gholdengo|Air Balloon\n|\n|upkeep\n|turn|3\n|\n|t:|1700145543\n|switch|p2a: Infernape|Infernape, F|100\/100\n|-status|p2a: Infernape|psn\n|-damage|p2a: Infernape|88\/100 psn|[from] Spikes\n|move|p1a: Gholdengo|Shadow Ball|p2a: Infernape\n|-damage|p2a: Infernape|35\/100 psn\n|-unboost|p2a: Infernape|spd|1\n|\n|-damage|p2a: Infernape|23\/100 psn|[from] psn\n|upkeep\n|turn|4\n|\n|t:|1700145556\n|switch|p1a: Landorus|Landorus-Therian, M|100\/100\n|-ability|p1a: Landorus|Intimidate|boost\n|-unboost|p2a: Infernape|atk|1\n|move|p2a: Infernape|Overheat|p1a: Landorus\n|-damage|p1a: Landorus|0 fnt\n|-unboost|p2a: Infernape|spa|2\n|faint|p1a: Landorus\n|\n|-damage|p2a: Infernape|10\/100 psn|[from] psn\n|upkeep\n|\n|t:|1700145567\n|switch|p1a: Greninja|Greninja, M|100\/100\n|turn|5\n|\n|t:|1700145572\n|move|p1a: Greninja|Water Shuriken|p2a: Infernape\n|-supereffective|p2a: Infernape\n|-damage|p2a: Infernape|0 fnt\n|faint|p2a: Infernape\n|-ability|p1a: Greninja|Battle Bond|boost\n|-boost|p1a: Greninja|atk|1\n|-boost|p1a: Greninja|spa|1\n|-boost|p1a: Greninja|spe|1\n|-activate|p1a: Greninja|ability: Battle Bond\n|-hitcount|p2: Infernape|1\n|-damage|p1a: Greninja|91\/100|[from] item: Life Orb\n|\n|upkeep\n|\n|t:|1700145589\n|switch|p2a: Bronzong|Bronzong|100\/100\n|turn|6\n|\n|t:|1700145595\n|-terastallize|p1a: Greninja|Water\n|move|p2a: Bronzong|Protect|p2a: Bronzong\n|-singleturn|p2a: Bronzong|Protect\n|move|p1a: Greninja|Dark Pulse|p2a: Bronzong\n|-activate|p2a: Bronzong|move: Protect\n|\n|upkeep\n|turn|7\n|\n|t:|1700145605\n|move|p1a: Greninja|Surf|p2a: Bronzong\n|-damage|p2a: Bronzong|10\/100\n|-damage|p1a: Greninja|81\/100|[from] item: Life Orb\n|move|p2a: Bronzong|Earthquake|p1a: Greninja\n|-damage|p1a: Greninja|45\/100\n|\n|-heal|p2a: Bronzong|16\/100|[from] item: Leftovers\n|upkeep\n|turn|8\n|\n|t:|1700145618\n|move|p1a: Greninja|Water Shuriken|p2a: Bronzong\n|-damage|p2a: Bronzong|1\/100\n|-damage|p2a: Bronzong|0 fnt\n|faint|p2a: Bronzong\n|-hitcount|p2: Bronzong|2\n|-damage|p1a: Greninja|35\/100|[from] item: Life Orb\n|\n|upkeep\n|\n|t:|1700145625\n|switch|p2a: Weavile|Weavile, F|100\/100\n|-status|p2a: Weavile|psn\n|-damage|p2a: Weavile|88\/100 psn|[from] Spikes\n|-ability|p2a: Weavile|Pressure\n|turn|9\n|\n|t:|1700145635\n|move|p2a: Weavile|Poison Jab|p1a: Greninja\n|-damage|p1a: Greninja|0 fnt\n|faint|p1a: Greninja\n|\n|-damage|p2a: Weavile|76\/100 psn|[from] psn\n|upkeep\n|\n|t:|1700145639\n|switch|p1a: Gholdengo|Gholdengo|87\/100\n|turn|10\n|\n|t:|1700145652\n|switch|p2a: Espeon|Espeon, F|100\/100\n|-status|p2a: Espeon|psn\n|-damage|p2a: Espeon|88\/100 psn|[from] Spikes\n|move|p1a: Gholdengo|Thunder Wave|p2a: Espeon\n|move|p2a: Espeon|Thunder Wave|p1a: Gholdengo|[from]ability: Magic Bounce\n|-immune|p1a: Gholdengo|[from] ability: Good as Gold\n|\n|-heal|p2a: Espeon|94\/100 psn|[from] item: Leftovers\n|-damage|p2a: Espeon|82\/100 psn|[from] psn\n|upkeep\n|turn|11\n|\n|t:|1700145666\n|move|p2a: Espeon|Calm Mind|p2a: Espeon\n|-boost|p2a: Espeon|spa|1\n|-boost|p2a: Espeon|spd|1\n|move|p1a: Gholdengo|Shadow Ball|p2a: Espeon\n|-supereffective|p2a: Espeon\n|-damage|p2a: Espeon|33\/100 psn\n|\n|-heal|p2a: Espeon|39\/100 psn|[from] item: Leftovers\n|-damage|p2a: Espeon|27\/100 psn|[from] psn\n|upkeep\n|turn|12\n|\n|t:|1700145688\n|switch|p1a: Glimmora|Glimmora, F|54\/100\n|-terastallize|p2a: Espeon|Psychic\n|move|p2a: Espeon|Psychic|p1a: Glimmora\n|-supereffective|p1a: Glimmora\n|-damage|p1a: Glimmora|0 fnt\n|faint|p1a: Glimmora\n|\n|-heal|p2a: Espeon|33\/100 psn|[from] item: Leftovers\n|-damage|p2a: Espeon|21\/100 psn|[from] psn\n|upkeep\n|\n|t:|1700145701\n|switch|p1a: Rillaboom|Rillaboom, F|100\/100\n|-fieldstart|move: Grassy Terrain|[from] ability: Grassy Surge|[of] p1a: Rillaboom\n|turn|13\n|\n|t:|1700145706\n|move|p1a: Rillaboom|Grassy Glide|p2a: Espeon\n|-damage|p2a: Espeon|0 fnt\n|faint|p2a: Espeon\n|\n|upkeep\n|\n|t:|1700145713\n|switch|p2a: Weavile|Weavile, F|76\/100 psn\n|-damage|p2a: Weavile|63\/100 psn|[from] Spikes\n|-ability|p2a: Weavile|Pressure\n|turn|14\n|\n|t:|1700145720\n|switch|p1a: Gholdengo|Gholdengo|87\/100\n|move|p2a: Weavile|Ice Punch|p1a: Gholdengo\n|-resisted|p1a: Gholdengo\n|-crit|p1a: Gholdengo\n|-damage|p1a: Gholdengo|69\/100\n|\n|-heal|p2a: Weavile|69\/100 psn|[from] Grassy Terrain\n|-heal|p1a: Gholdengo|75\/100|[from] Grassy Terrain\n|-damage|p2a: Weavile|57\/100 psn|[from] psn\n|upkeep\n|turn|15\n|\n|t:|1700145731\n|move|p2a: Weavile|Ice Punch|p1a: Gholdengo\n|-resisted|p1a: Gholdengo\n|-damage|p1a: Gholdengo|62\/100\n|-status|p1a: Gholdengo|frz\n|cant|p1a: Gholdengo|frz\n|\n|-heal|p2a: Weavile|63\/100 psn|[from] Grassy Terrain\n|-heal|p1a: Gholdengo|68\/100 frz|[from] Grassy Terrain\n|-damage|p2a: Weavile|50\/100 psn|[from] psn\n|upkeep\n|turn|16\n|\n|t:|1700145743\n|move|p2a: Weavile|Ice Punch|p1a: Gholdengo\n|-resisted|p1a: Gholdengo\n|-damage|p1a: Gholdengo|56\/100 frz\n|cant|p1a: Gholdengo|frz\n|\n|-heal|p2a: Weavile|57\/100 psn|[from] Grassy Terrain\n|-heal|p1a: Gholdengo|62\/100 frz|[from] Grassy Terrain\n|-damage|p2a: Weavile|44\/100 psn|[from] psn\n|upkeep\n|turn|17\n|\n|t:|1700145754\n|move|p2a: Weavile|Ice Punch|p1a: Gholdengo\n|-resisted|p1a: Gholdengo\n|-damage|p1a: Gholdengo|50\/100 frz\n|cant|p1a: Gholdengo|frz\n|\n|-heal|p2a: Weavile|50\/100 psn|[from] Grassy Terrain\n|-heal|p1a: Gholdengo|57\/100 frz|[from] Grassy Terrain\n|-damage|p2a: Weavile|38\/100 psn|[from] psn\n|-fieldend|move: Grassy Terrain\n|upkeep\n|turn|18\n|\n|t:|1700145768\n|switch|p2a: Dragonite|Dragonite, F|100\/100\n|cant|p1a: Gholdengo|frz\n|\n|upkeep\n|turn|19\n|\n|t:|1700145775\n|move|p2a: Dragonite|Dragon Dance|p2a: Dragonite\n|-boost|p2a: Dragonite|atk|1\n|-boost|p2a: Dragonite|spe|1\n|cant|p1a: Gholdengo|frz\n|\n|upkeep\n|turn|20\n|\n|t:|1700145782\n|move|p2a: Dragonite|Dragon Dance|p2a: Dragonite\n|-boost|p2a: Dragonite|atk|1\n|-boost|p2a: Dragonite|spe|1\n|cant|p1a: Gholdengo|frz\n|\n|upkeep\n|turn|21\n|\n|t:|1700145794\n|move|p2a: Dragonite|Dragon Dance|p2a: Dragonite\n|-boost|p2a: Dragonite|atk|1\n|-boost|p2a: Dragonite|spe|1\n|cant|p1a: Gholdengo|frz\n|\n|upkeep\n|turn|22\n|\n|t:|1700145800\n|move|p2a: Dragonite|Dragon Claw|p1a: Gholdengo\n|-resisted|p1a: Gholdengo\n|-damage|p1a: Gholdengo|16\/100 frz\n|cant|p1a: Gholdengo|frz\n|\n|upkeep\n|turn|23\n|\n|t:|1700145807\n|move|p2a: Dragonite|Dragon Rush|p1a: Gholdengo\n|-resisted|p1a: Gholdengo\n|-damage|p1a: Gholdengo|0 fnt\n|faint|p1a: Gholdengo\n|\n|upkeep\n|\n|t:|1700145813\n|switch|p1a: Iron Valiant|Iron Valiant|100\/100\n|-enditem|p1a: Iron Valiant|Booster Energy\n|-activate|p1a: Iron Valiant|ability: Quark Drive|[fromitem]\n|-start|p1a: Iron Valiant|quarkdrivespe\n|turn|24\n|\n|t:|1700145820\n|move|p2a: Dragonite|Ice Punch|p1a: Iron Valiant\n|-damage|p1a: Iron Valiant|12\/100\n|move|p1a: Iron Valiant|Spirit Break|p2a: Dragonite\n|-supereffective|p2a: Dragonite\n|-damage|p2a: Dragonite|57\/100\n|-unboost|p2a: Dragonite|spa|1\n|\n|-heal|p2a: Dragonite|64\/100|[from] item: Leftovers\n|upkeep\n|turn|25\n|\n|t:|1700145830\n|move|p2a: Dragonite|Ice Punch|p1a: Iron Valiant\n|-damage|p1a: Iron Valiant|0 fnt\n|faint|p1a: Iron Valiant\n|-end|p1a: Iron Valiant|Quark Drive|[silent]\n|\n|-heal|p2a: Dragonite|70\/100|[from] item: Leftovers\n|upkeep\n|\n|t:|1700145835\n|switch|p1a: Rillaboom|Rillaboom, F|100\/100\n|-fieldstart|move: Grassy Terrain|[from] ability: Grassy Surge|[of] p1a: Rillaboom\n|turn|26\n|\n|t:|1700145840\n|move|p2a: Dragonite|Ice Punch|p1a: Rillaboom\n|-supereffective|p1a: Rillaboom\n|-damage|p1a: Rillaboom|0 fnt\n|faint|p1a: Rillaboom\n|\n|win|imReverse\n|raw|tsyson's rating: 1066 &rarr; <strong>1042<\/strong><br \/>(-24 for losing)\n|raw|imReverse's rating: 1000 &rarr; <strong>1048<\/strong><br \/>(+48 for winning)\n|l|\u2606tsyson\n","uploadtime":1700145854,"views":19,"p1id":"tsyson","p2id":"imreverse","formatid":"gen9ou","rating":1042,"private":0,"password":""}