{"id":"gen9ou-1994369778","p1":"arboktorank1","p2":"LittleRek2","format":"[Gen 9] OU","log":"|j|\u2606arboktorank1\n|j|\u2606LittleRek2\n|t:|1700436119\n|gametype|singles\n|player|p1|arboktorank1|169|1077\n|player|p2|LittleRek2|cynthia|1077\n|teamsize|p1|6\n|teamsize|p2|6\n|gen|9\n|tier|[Gen 9] OU\n|rated|\n|rule|Sleep Clause Mod: Limit one foe put to sleep\n|rule|Species Clause: Limit one of each Pok\u00e9mon\n|rule|OHKO Clause: OHKO moves are banned\n|rule|Evasion Items Clause: Evasion items are banned\n|rule|Evasion Moves Clause: Evasion moves are banned\n|rule|Endless Battle Clause: Forcing endless battles is banned\n|rule|HP Percentage Mod: HP is shown in percentages\n|clearpoke\n|poke|p1|Arbok, F|\n|poke|p1|Ribombee, F|\n|poke|p1|Landorus-Therian, M|\n|poke|p1|Alomomola, F|\n|poke|p1|Rillaboom, F|\n|poke|p1|Walking Wake|\n|poke|p2|Dragonite, M|\n|poke|p2|Manaphy|\n|poke|p2|Cinderace, M|\n|poke|p2|Gengar, M|\n|poke|p2|Hoopa-Unbound|\n|poke|p2|Hatterene, F|\n|teampreview\n|inactive|Battle timer is ON: inactive players will automatically lose when time's up. (requested by LittleRek2)\n|\n|t:|1700436122\n|start\n|switch|p1a: Ribombee|Ribombee, F|100\/100\n|switch|p2a: Dragonite|Dragonite, M|100\/100\n|turn|1\n|\n|t:|1700436128\n|switch|p2a: Hatterene|Hatterene, F|100\/100\n|move|p1a: Ribombee|Stun Spore|p2a: Hatterene\n|move|p2a: Hatterene|Stun Spore|p1a: Ribombee|[from]ability: Magic Bounce\n|-status|p1a: Ribombee|par\n|\n|upkeep\n|turn|2\n|\n|t:|1700436136\n|move|p1a: Ribombee|Reflect|p1a: Ribombee\n|-sidestart|p1: arboktorank1|Reflect\n|move|p2a: Hatterene|Trick Room|p2a: Hatterene\n|-fieldstart|move: Trick Room|[of] p2a: Hatterene\n|\n|upkeep\n|turn|3\n|\n|t:|1700436141\n|move|p2a: Hatterene|Mystical Fire|p1a: Ribombee\n|-supereffective|p1a: Ribombee\n|-damage|p1a: Ribombee|19\/100 par\n|move|p1a: Ribombee|Light Screen|p1a: Ribombee\n|-sidestart|p1: arboktorank1|move: Light Screen\n|\n|upkeep\n|turn|4\n|\n|t:|1700436152\n|switch|p1a: Landorus|Landorus-Therian, M|100\/100\n|-ability|p1a: Landorus|Intimidate|boost\n|-unboost|p2a: Hatterene|atk|1\n|move|p2a: Hatterene|Mystical Fire|p1a: Landorus\n|-damage|p1a: Landorus|82\/100\n|-unboost|p1a: Landorus|spa|1\n|\n|-heal|p1a: Landorus|88\/100|[from] item: Leftovers\n|upkeep\n|turn|5\n|\n|t:|1700436163\n|move|p2a: Hatterene|Psychic|p1a: Landorus\n|-damage|p1a: Landorus|56\/100\n|move|p1a: Landorus|Crunch|p2a: Hatterene\n|-damage|p2a: Hatterene|69\/100\n|\n|-heal|p2a: Hatterene|75\/100|[from] item: Leftovers\n|-heal|p1a: Landorus|62\/100|[from] item: Leftovers\n|upkeep\n|turn|6\n|\n|t:|1700436173\n|move|p2a: Hatterene|Psychic|p1a: Landorus\n|-crit|p1a: Landorus\n|-damage|p1a: Landorus|0 fnt\n|faint|p1a: Landorus\n|\n|-heal|p2a: Hatterene|81\/100|[from] item: Leftovers\n|-fieldend|move: Trick Room\n|upkeep\n|\n|t:|1700436180\n|switch|p1a: Walking Wake|Walking Wake|100\/100\n|-enditem|p1a: Walking Wake|Booster Energy\n|-activate|p1a: Walking Wake|ability: Protosynthesis|[fromitem]\n|-start|p1a: Walking Wake|protosynthesisspa\n|turn|7\n|\n|t:|1700436187\n|move|p1a: Walking Wake|Scald|p2a: Hatterene\n|-damage|p2a: Hatterene|25\/100\n|move|p2a: Hatterene|Trick Room|p2a: Hatterene\n|-fieldstart|move: Trick Room|[of] p2a: Hatterene\n|\n|-heal|p2a: Hatterene|31\/100|[from] item: Leftovers\n|upkeep\n|turn|8\n|\n|t:|1700436195\n|move|p2a: Hatterene|Misty Explosion|p1a: Walking Wake\n|-supereffective|p1a: Walking Wake\n|-damage|p1a: Walking Wake|31\/100\n|faint|p2a: Hatterene\n|move|p1a: Walking Wake|Scald|p2: Hatterene|[notarget]\n|-fail|p1a: Walking Wake\n|\n|upkeep\n|\n|t:|1700436201\n|switch|p2a: Hoopa|Hoopa-Unbound|100\/100\n|turn|9\n|\n|t:|1700436209\n|-end|p1a: Walking Wake|Protosynthesis|[silent]\n|switch|p1a: Alomomola|Alomomola, F|100\/100\n|move|p2a: Hoopa|Psychic|p1a: Alomomola\n|-damage|p1a: Alomomola|70\/100\n|-item|p2a: Hoopa|Ability Shield|[from] ability: Magician|[of] p1a: Alomomola\n|\n|-sideend|p1: arboktorank1|Reflect\n|upkeep\n|turn|10\n|\n|t:|1700436220\n|move|p1a: Alomomola|Scald|p2a: Hoopa\n|-damage|p2a: Hoopa|91\/100\n|move|p2a: Hoopa|Psychic|p1a: Alomomola\n|-damage|p1a: Alomomola|42\/100\n|\n|-sideend|p1: arboktorank1|move: Light Screen\n|upkeep\n|turn|11\n|\n|t:|1700436228\n|move|p1a: Alomomola|Pain Split|p2a: Hoopa\n|-sethp|p2a: Hoopa|76\/100|[from] move: Pain Split|[silent]\n|-sethp|p1a: Alomomola|52\/100|[from] move: Pain Split\n|move|p2a: Hoopa|Psychic|p1a: Alomomola\n|-damage|p1a: Alomomola|0 fnt\n|faint|p1a: Alomomola\n|\n|-fieldend|move: Trick Room\n|upkeep\n|\n|t:|1700436240\n|switch|p1a: Rillaboom|Rillaboom, F|100\/100\n|-fieldstart|move: Grassy Terrain|[from] ability: Grassy Surge|[of] p1a: Rillaboom\n|turn|12\n|\n|t:|1700436244\n|move|p1a: Rillaboom|Drain Punch|p2a: Hoopa\n|-crit|p2a: Hoopa\n|-damage|p2a: Hoopa|28\/100\n|move|p2a: Hoopa|Gunk Shot|p1a: Rillaboom\n|-supereffective|p1a: Rillaboom\n|-damage|p1a: Rillaboom|0 fnt\n|faint|p1a: Rillaboom\n|\n|-heal|p2a: Hoopa|34\/100|[from] Grassy Terrain\n|upkeep\n|\n|t:|1700436253\n|switch|p1a: Walking Wake|Walking Wake|31\/100\n|turn|13\n|\n|t:|1700436256\n|move|p1a: Walking Wake|Scald|p2a: Hoopa\n|-damage|p2a: Hoopa|6\/100\n|move|p2a: Hoopa|Psychic|p1a: Walking Wake\n|-damage|p1a: Walking Wake|0 fnt\n|faint|p1a: Walking Wake\n|-end|p1a: Walking Wake|Protosynthesis|[silent]\n|\n|-heal|p2a: Hoopa|12\/100|[from] Grassy Terrain\n|upkeep\n|\n|t:|1700436265\n|switch|p1a: Arbok|Arbok, F, shiny|100\/100\n|-ability|p1a: Arbok|Intimidate|boost\n|-unboost|p2a: Hoopa|atk|1\n|turn|14\n|\n|t:|1700436273\n|move|p1a: Arbok|Sucker Punch|p2a: Hoopa\n|-damage|p2a: Hoopa|0 fnt\n|faint|p2a: Hoopa\n|\n|upkeep\n|\n|t:|1700436279\n|switch|p2a: Dragonite|Dragonite, M|100\/100\n|turn|15\n|\n|t:|1700436283\n|-terastallize|p2a: Dragonite|Normal\n|-terastallize|p1a: Arbok|Dragon\n|move|p1a: Arbok|Scale Shot|p2a: Dragonite\n|-damage|p2a: Dragonite|95\/100\n|-damage|p2a: Dragonite|83\/100\n|-damage|p2a: Dragonite|72\/100\n|-damage|p2a: Dragonite|60\/100\n|-hitcount|p2a: Dragonite|4\n|-unboost|p1a: Arbok|def|1\n|-boost|p1a: Arbok|spe|1\n|move|p2a: Dragonite|Earthquake|p1a: Arbok\n|-damage|p1a: Arbok|50\/100\n|\n|-heal|p1a: Arbok|56\/100|[from] Grassy Terrain\n|-heal|p2a: Dragonite|66\/100|[from] Grassy Terrain\n|upkeep\n|turn|16\n|\n|t:|1700436303\n|move|p2a: Dragonite|Extreme Speed|p1a: Arbok\n|-damage|p1a: Arbok|0 fnt\n|faint|p1a: Arbok\n|\n|-heal|p2a: Dragonite|72\/100|[from] Grassy Terrain\n|-fieldend|move: Grassy Terrain\n|upkeep\n|-message|arboktorank1 forfeited.\n|\n|win|LittleRek2\n|raw|arboktorank1's rating: 1077 &rarr; <strong>1055<\/strong><br \/>(-22 for losing)\n|raw|LittleRek2's rating: 1077 &rarr; <strong>1105<\/strong><br \/>(+28 for winning)\n|l|\u2606arboktorank1\n","uploadtime":1700436454,"views":35,"p1id":"arboktorank1","p2id":"littlerek2","formatid":"gen9ou","rating":1055,"private":0,"password":""}