{"id":"gen9ou-1990854471","p1":"Huboy","p2":"Quamnckkk","format":"[Gen 9] OU","log":"|j|\u2606Huboy\n|j|\u2606Quamnckkk\n|t:|1700007901\n|gametype|singles\n|player|p1|Huboy|hilbert|1614\n|player|p2|Quamnckkk|yellow|1897\n|teamsize|p1|6\n|teamsize|p2|6\n|gen|9\n|tier|[Gen 9] OU\n|rated|\n|rule|Sleep Clause Mod: Limit one foe put to sleep\n|rule|Species Clause: Limit one of each Pok\u00e9mon\n|rule|OHKO Clause: OHKO moves are banned\n|rule|Evasion Items Clause: Evasion items are banned\n|rule|Evasion Moves Clause: Evasion moves are banned\n|rule|Endless Battle Clause: Forcing endless battles is banned\n|rule|HP Percentage Mod: HP is shown in percentages\n|clearpoke\n|poke|p1|Talonflame, M|\n|poke|p1|Jolteon, F|\n|poke|p1|Milotic, F|\n|poke|p1|Goodra-Hisui, F|\n|poke|p1|Dondozo, M|\n|poke|p1|Great Tusk|\n|poke|p2|Weavile, F|\n|poke|p2|Weezing-Galar, F|\n|poke|p2|Alomomola, F|\n|poke|p2|Ting-Lu|\n|poke|p2|Corviknight, F|\n|poke|p2|Dondozo, F|\n|teampreview\n|inactive|Battle timer is ON: inactive players will automatically lose when time's up. (requested by Quamnckkk)\n|\n|t:|1700007919\n|start\n|switch|p1a: Goodra|Goodra-Hisui, F|100\/100\n|switch|p2a: Ting-Lu|Ting-Lu|100\/100\n|-ability|p2a: Ting-Lu|Vessel of Ruin\n|turn|1\n|\n|t:|1700007928\n|switch|p1a: Talonflame|Talonflame, M|100\/100\n|switch|p2a: Alomomola|Alomomola, F|100\/100\n|\n|upkeep\n|turn|2\n|\n|t:|1700007942\n|switch|p1a: Goodra|Goodra-Hisui, F|100\/100\n|move|p2a: Alomomola|Flip Turn|p1a: Goodra\n|-resisted|p1a: Goodra\n|-damage|p1a: Goodra|91\/100\n|\n|t:|1700007946\n|switch|p2a: Weavile|Weavile, F|100\/100|[from] Flip Turn\n|-ability|p2a: Weavile|Pressure\n|\n|upkeep\n|turn|3\n|\n|t:|1700007951\n|switch|p1a: Talonflame|Talonflame, M|100\/100\n|move|p2a: Weavile|Substitute|p2a: Weavile\n|-start|p2a: Weavile|Substitute\n|-damage|p2a: Weavile|76\/100\n|\n|-heal|p2a: Weavile|82\/100|[from] item: Leftovers\n|upkeep\n|turn|4\n|\n|t:|1700007958\n|move|p2a: Weavile|Protect|p2a: Weavile\n|-singleturn|p2a: Weavile|Protect\n|move|p1a: Talonflame|Flamethrower|p2a: Weavile\n|-activate|p2a: Weavile|move: Protect\n|\n|-heal|p2a: Weavile|88\/100|[from] item: Leftovers\n|upkeep\n|turn|5\n|\n|t:|1700007965\n|move|p2a: Weavile|Knock Off|p1a: Talonflame\n|-damage|p1a: Talonflame|61\/100\n|-enditem|p1a: Talonflame|Heavy-Duty Boots|[from] move: Knock Off|[of] p2a: Weavile\n|move|p1a: Talonflame|Flamethrower|p2a: Weavile\n|-supereffective|p2a: Weavile\n|-end|p2a: Weavile|Substitute\n|\n|-heal|p2a: Weavile|94\/100|[from] item: Leftovers\n|upkeep\n|turn|6\n|\n|t:|1700007974\n|move|p2a: Weavile|Protect|p2a: Weavile\n|-singleturn|p2a: Weavile|Protect\n|move|p1a: Talonflame|Will-O-Wisp|p2a: Weavile\n|-activate|p2a: Weavile|move: Protect\n|\n|-heal|p2a: Weavile|99\/100|[from] item: Leftovers\n|upkeep\n|turn|7\n|j| never win once\n|\n|t:|1700007981\n|switch|p2a: Alomomola|Alomomola, F|100\/100\n|move|p1a: Talonflame|Flamethrower|p2a: Alomomola\n|-resisted|p2a: Alomomola\n|-damage|p2a: Alomomola|90\/100\n|\n|-heal|p2a: Alomomola|96\/100|[from] item: Leftovers\n|upkeep\n|turn|8\n|\n|t:|1700007994\n|-terastallize|p1a: Talonflame|Steel\n|move|p1a: Talonflame|Will-O-Wisp|p2a: Alomomola\n|-status|p2a: Alomomola|brn\n|move|p2a: Alomomola|Flip Turn|p1a: Talonflame\n|-damage|p1a: Talonflame|52\/100\n|\n|t:|1700008012\n|switch|p2a: Weavile|Weavile, F|99\/100|[from] Flip Turn\n|-ability|p2a: Weavile|Pressure\n|\n|-heal|p2a: Weavile|100\/100|[from] item: Leftovers\n|upkeep\n|turn|9\n|\n|t:|1700008028\n|switch|p1a: Jolteon|Jolteon, F|100\/100\n|move|p2a: Weavile|Substitute|p2a: Weavile\n|-start|p2a: Weavile|Substitute\n|-damage|p2a: Weavile|76\/100\n|\n|-heal|p2a: Weavile|82\/100|[from] item: Leftovers\n|-status|p1a: Jolteon|brn|[from] item: Flame Orb\n|upkeep\n|turn|10\n|\n|t:|1700008039\n|move|p1a: Jolteon|Volt Switch|p2a: Weavile\n|-end|p2a: Weavile|Substitute\n|\n|t:|1700008043\n|switch|p1a: Talonflame|Talonflame, M, tera:Steel|52\/100|[from] Volt Switch\n|move|p2a: Weavile|Knock Off|p1a: Talonflame\n|-damage|p1a: Talonflame|23\/100\n|\n|-heal|p2a: Weavile|88\/100|[from] item: Leftovers\n|upkeep\n|turn|11\n|\n|t:|1700008051\n|move|p2a: Weavile|Knock Off|p1a: Talonflame\n|-damage|p1a: Talonflame|0 fnt\n|faint|p1a: Talonflame\n|\n|-heal|p2a: Weavile|94\/100|[from] item: Leftovers\n|upkeep\n|\n|t:|1700008060\n|switch|p1a: Great Tusk|Great Tusk|100\/100\n|turn|12\n|\n|t:|1700008067\n|switch|p2a: Corviknight|Corviknight, F|100\/100\n|-ability|p2a: Corviknight|Pressure\n|-end|p1a: Great Tusk|Protosynthesis|[silent]\n|switch|p1a: Goodra|Goodra-Hisui, F|91\/100\n|\n|upkeep\n|turn|13\n|\n|t:|1700008073\n|switch|p2a: Alomomola|Alomomola, F|100\/100 brn\n|move|p1a: Goodra|Thunderbolt|p2a: Alomomola\n|-supereffective|p2a: Alomomola\n|-damage|p2a: Alomomola|33\/100 brn\n|-damage|p1a: Goodra|81\/100|[from] item: Life Orb\n|\n|-heal|p2a: Alomomola|39\/100 brn|[from] item: Leftovers\n|-damage|p2a: Alomomola|33\/100 brn|[from] brn\n|upkeep\n|turn|14\n|\n|t:|1700008096\n|switch|p2a: Ting-Lu|Ting-Lu|100\/100\n|-ability|p2a: Ting-Lu|Vessel of Ruin\n|move|p1a: Goodra|Ice Beam|p2a: Ting-Lu\n|-supereffective|p2a: Ting-Lu\n|-damage|p2a: Ting-Lu|72\/100\n|-damage|p1a: Goodra|71\/100|[from] item: Life Orb\n|\n|-heal|p2a: Ting-Lu|78\/100|[from] item: Leftovers\n|upkeep\n|turn|15\n|\n|t:|1700008120\n|switch|p1a: Great Tusk|Great Tusk|100\/100\n|move|p2a: Ting-Lu|Earthquake|p1a: Great Tusk\n|-damage|p1a: Great Tusk|72\/100\n|\n|-heal|p2a: Ting-Lu|85\/100|[from] item: Leftovers\n|upkeep\n|turn|16\n|\n|t:|1700008133\n|-end|p1a: Great Tusk|Protosynthesis|[silent]\n|switch|p1a: Goodra|Goodra-Hisui, F|71\/100\n|switch|p2a: Corviknight|Corviknight, F|100\/100\n|-ability|p2a: Corviknight|Pressure\n|\n|upkeep\n|turn|17\n|inactive|Quamnckkk has 120 seconds left.\n|\n|t:|1700008175\n|switch|p2a: Ting-Lu|Ting-Lu|85\/100\n|-ability|p2a: Ting-Lu|Vessel of Ruin\n|move|p1a: Goodra|Thunderbolt|p2a: Ting-Lu\n|-immune|p2a: Ting-Lu\n|\n|-heal|p2a: Ting-Lu|91\/100|[from] item: Leftovers\n|upkeep\n|turn|18\n|\n|t:|1700008183\n|switch|p1a: Milotic|Milotic, F|100\/100\n|move|p2a: Ting-Lu|Earthquake|p1a: Milotic\n|-damage|p1a: Milotic|55\/100\n|\n|-heal|p1a: Milotic|61\/100|[from] item: Leftovers\n|-heal|p2a: Ting-Lu|97\/100|[from] item: Leftovers\n|upkeep\n|turn|19\n|inactive|Quamnckkk has 120 seconds left.\n|\n|t:|1700008204\n|switch|p2a: Alomomola|Alomomola, F|66\/100 brn\n|move|p1a: Milotic|Scald|p2a: Alomomola\n|-resisted|p2a: Alomomola\n|-damage|p2a: Alomomola|52\/100 brn\n|\n|-heal|p1a: Milotic|67\/100|[from] item: Leftovers\n|-heal|p2a: Alomomola|58\/100 brn|[from] item: Leftovers\n|-damage|p2a: Alomomola|52\/100 brn|[from] brn\n|upkeep\n|turn|20\n|inactive|Quamnckkk has 120 seconds left.\n|-message|Huboy forfeited.\n|\n|win|Quamnckkk\n|raw|Huboy's rating: 1614 &rarr; <strong>1607<\/strong><br \/>(-7 for losing)\n|raw|Quamnckkk's rating: 1897 &rarr; <strong>1904<\/strong><br \/>(+7 for winning)\n|l|\u2606Huboy\n|l| never win once\n","uploadtime":1700008539,"views":38,"p1id":"huboy","p2id":"quamnckkk","formatid":"gen9ou","rating":1607,"private":0,"password":""}