{"id":"gen9ou-1989907826","p1":"TomokasGG","p2":"Tarkus474","format":"[Gen 9] OU","log":"|j|\u2606TomokasGG\n|j|\u2606Tarkus474\n|t:|1699905742\n|gametype|singles\n|player|p1|TomokasGG|buck|1241\n|player|p2|Tarkus474|n|1298\n|teamsize|p1|6\n|teamsize|p2|6\n|gen|9\n|tier|[Gen 9] OU\n|rated|\n|rule|Sleep Clause Mod: Limit one foe put to sleep\n|rule|Species Clause: Limit one of each Pok\u00e9mon\n|rule|OHKO Clause: OHKO moves are banned\n|rule|Evasion Items Clause: Evasion items are banned\n|rule|Evasion Moves Clause: Evasion moves are banned\n|rule|Endless Battle Clause: Forcing endless battles is banned\n|rule|HP Percentage Mod: HP is shown in percentages\n|clearpoke\n|poke|p1|Torkoal, F|\n|poke|p1|Walking Wake|\n|poke|p1|Kleavor, M|\n|poke|p1|Skeledirge, F|\n|poke|p1|Lokix, M|\n|poke|p1|Meowscarada, F|\n|poke|p2|Ninetales-Alola, F|\n|poke|p2|Sandslash-Alola, F|\n|poke|p2|Alomomola, M|\n|poke|p2|Samurott-Hisui, M|\n|poke|p2|Slowking-Galar, M|\n|poke|p2|Drifblim, F|\n|teampreview\n|\n|t:|1699905756\n|start\n|switch|p1a: Kleavor|Kleavor, M|100\/100\n|switch|p2a: Drifblim|Drifblim, F, shiny|100\/100\n|turn|1\n|\n|t:|1699905773\n|switch|p2a: Alomomola|Alomomola, M, shiny|100\/100\n|move|p1a: Kleavor|Stone Axe|p2a: Alomomola\n|-damage|p2a: Alomomola|70\/100\n|-sidestart|p2: Tarkus474|move: Stealth Rock\n|\n|upkeep\n|turn|2\n|\n|t:|1699905784\n|switch|p1a: Lokix|Lokix, M|100\/100\n|move|p2a: Alomomola|Wish|p2a: Alomomola\n|\n|upkeep\n|turn|3\n|\n|t:|1699905794\n|move|p1a: Lokix|U-turn|p2a: Alomomola\n|-damage|p2a: Alomomola|48\/100\n|\n|t:|1699905798\n|switch|p1a: Skeledirge|Skeledirge, F|100\/100|[from] U-turn\n|move|p2a: Alomomola|Flip Turn|p1a: Skeledirge\n|-supereffective|p1a: Skeledirge\n|-damage|p1a: Skeledirge|82\/100\n|\n|t:|1699905809\n|switch|p2a: Drifblim|Drifblim, F, shiny|100\/100|[from] Flip Turn\n|\n|-heal|p1a: Skeledirge|88\/100|[from] item: Leftovers\n|upkeep\n|turn|4\n|\n|t:|1699905817\n|move|p2a: Drifblim|Knock Off|p1a: Skeledirge\n|-supereffective|p1a: Skeledirge\n|-damage|p1a: Skeledirge|67\/100\n|-enditem|p1a: Skeledirge|Leftovers|[from] move: Knock Off|[of] p2a: Drifblim\n|move|p1a: Skeledirge|Yawn|p2a: Drifblim\n|-start|p2a: Drifblim|move: Yawn|[of] p1a: Skeledirge\n|\n|upkeep\n|turn|5\n|\n|t:|1699905827\n|switch|p2a: Samurott|Samurott-Hisui, M|100\/100\n|-damage|p2a: Samurott|88\/100|[from] Stealth Rock\n|move|p1a: Skeledirge|Torch Song|p2a: Samurott\n|-resisted|p2a: Samurott\n|-damage|p2a: Samurott|67\/100\n|-boost|p1a: Skeledirge|spa|1\n|\n|upkeep\n|turn|6\n|\n|t:|1699905841\n|switch|p1a: Torkoal|Torkoal, F|100\/100\n|-weather|SunnyDay|[from] ability: Drought|[of] p1a: Torkoal\n|move|p2a: Samurott|Razor Shell|p1a: Torkoal\n|-supereffective|p1a: Torkoal\n|-damage|p1a: Torkoal|71\/100\n|-unboost|p1a: Torkoal|def|1\n|\n|-weather|SunnyDay|[upkeep]\n|upkeep\n|turn|7\n|\n|t:|1699905856\n|switch|p2a: Drifblim|Drifblim, F, shiny|100\/100\n|switch|p1a: Walking Wake|Walking Wake|100\/100\n|-activate|p1a: Walking Wake|ability: Protosynthesis\n|-start|p1a: Walking Wake|protosynthesisspe\n|\n|-weather|SunnyDay|[upkeep]\n|upkeep\n|turn|8\n|\n|t:|1699905867\n|move|p1a: Walking Wake|Hydro Steam|p2a: Drifblim\n|-damage|p2a: Drifblim|44\/100\n|-damage|p1a: Walking Wake|91\/100|[from] item: Life Orb\n|move|p2a: Drifblim|Knock Off|p1a: Walking Wake\n|-damage|p1a: Walking Wake|71\/100\n|-enditem|p1a: Walking Wake|Life Orb|[from] move: Knock Off|[of] p2a: Drifblim\n|\n|-weather|SunnyDay|[upkeep]\n|upkeep\n|turn|9\n|\n|t:|1699905881\n|-terastallize|p2a: Drifblim|Water\n|move|p1a: Walking Wake|Draco Meteor|p2a: Drifblim\n|-damage|p2a: Drifblim|0 fnt\n|-unboost|p1a: Walking Wake|spa|2\n|faint|p2a: Drifblim\n|\n|-weather|SunnyDay|[upkeep]\n|upkeep\n|\n|t:|1699905890\n|switch|p2a: Ninetales|Ninetales-Alola, F, shiny|100\/100\n|-damage|p2a: Ninetales|76\/100|[from] Stealth Rock\n|-weather|Snow|[from] ability: Snow Warning|[of] p2a: Ninetales\n|-end|p1a: Walking Wake|Protosynthesis\n|turn|10\n|\n|t:|1699905902\n|-end|p1a: Walking Wake|Protosynthesis|[silent]\n|switch|p1a: Torkoal|Torkoal, F|71\/100\n|-weather|SunnyDay|[from] ability: Drought|[of] p1a: Torkoal\n|move|p2a: Ninetales|Freeze-Dry|p1a: Torkoal\n|-resisted|p1a: Torkoal\n|-damage|p1a: Torkoal|52\/100\n|\n|-weather|SunnyDay|[upkeep]\n|upkeep\n|turn|11\n|\n|t:|1699905916\n|switch|p2a: Slowking|Slowking-Galar, M|100\/100\n|move|p1a: Torkoal|Flamethrower|p2a: Slowking\n|-damage|p2a: Slowking|76\/100\n|-status|p2a: Slowking|brn\n|\n|-weather|SunnyDay|[upkeep]\n|-damage|p2a: Slowking|70\/100 brn|[from] brn\n|upkeep\n|turn|12\n|\n|t:|1699905933\n|switch|p1a: Lokix|Lokix, M|100\/100\n|move|p2a: Slowking|Chilly Reception|p2a: Slowking\n|-weather|Snow\n|\n|t:|1699905937\n|switch|p2a: Sandslash|Sandslash-Alola, F, shiny|100\/100|[from] Chilly Reception\n|-damage|p2a: Sandslash|88\/100|[from] Stealth Rock\n|\n|-weather|Snow|[upkeep]\n|upkeep\n|turn|13\n|\n|t:|1699905949\n|move|p1a: Lokix|Sucker Punch|p2a: Sandslash\n|-damage|p2a: Sandslash|69\/100\n|move|p2a: Sandslash|Icicle Crash|p1a: Lokix\n|-damage|p1a: Lokix|13\/100\n|\n|-weather|Snow|[upkeep]\n|upkeep\n|turn|14\n|\n|t:|1699905956\n|switch|p2a: Samurott|Samurott-Hisui, M|67\/100\n|-damage|p2a: Samurott|55\/100|[from] Stealth Rock\n|move|p1a: Lokix|Sucker Punch||[still]\n|-fail|p1a: Lokix\n|\n|-weather|Snow|[upkeep]\n|upkeep\n|turn|15\n|\n|t:|1699905971\n|move|p1a: Lokix|Sucker Punch|p2a: Samurott\n|-resisted|p2a: Samurott\n|-damage|p2a: Samurott|15\/100\n|move|p2a: Samurott|Ceaseless Edge|p1a: Lokix\n|-resisted|p1a: Lokix\n|-damage|p1a: Lokix|0 fnt\n|-sidestart|p1: TomokasGG|Spikes\n|faint|p1a: Lokix\n|\n|-weather|Snow|[upkeep]\n|upkeep\n|\n|t:|1699905981\n|switch|p1a: Torkoal|Torkoal, F|52\/100\n|-damage|p1a: Torkoal|40\/100|[from] Spikes\n|-weather|SunnyDay|[from] ability: Drought|[of] p1a: Torkoal\n|turn|16\n|\n|t:|1699905998\n|switch|p2a: Alomomola|Alomomola, M, shiny|82\/100\n|move|p1a: Torkoal|Rest|p1a: Torkoal\n|-status|p1a: Torkoal|slp|[from] move: Rest\n|-heal|p1a: Torkoal|100\/100 slp|[silent]\n|\n|-weather|SunnyDay|[upkeep]\n|upkeep\n|turn|17\n|\n|t:|1699906008\n|move|p2a: Alomomola|Wish|p2a: Alomomola\n|cant|p1a: Torkoal|slp\n|\n|-weather|SunnyDay|[upkeep]\n|upkeep\n|turn|18\n|\n|t:|1699906016\n|switch|p1a: Skeledirge|Skeledirge, F|67\/100\n|-damage|p1a: Skeledirge|54\/100|[from] Spikes\n|move|p2a: Alomomola|Flip Turn|p1a: Skeledirge\n|-supereffective|p1a: Skeledirge\n|-damage|p1a: Skeledirge|46\/100\n|\n|t:|1699906023\n|switch|p2a: Samurott|Samurott-Hisui, M|15\/100|[from] Flip Turn\n|-damage|p2a: Samurott|3\/100|[from] Stealth Rock\n|\n|-weather|SunnyDay|[upkeep]\n|-heal|p2a: Samurott|85\/100|[from] move: Wish|[wisher] Alomomola\n|upkeep\n|turn|19\n|\n|t:|1699906037\n|move|p2a: Samurott|Ceaseless Edge|p1a: Skeledirge|[miss]\n|-miss|p2a: Samurott|p1a: Skeledirge\n|move|p1a: Skeledirge|Slack Off|p1a: Skeledirge\n|-heal|p1a: Skeledirge|96\/100\n|\n|-weather|SunnyDay|[upkeep]\n|upkeep\n|turn|20\n|\n|t:|1699906047\n|switch|p2a: Slowking|Slowking-Galar, M|100\/100 brn\n|switch|p1a: Kleavor|Kleavor, M|100\/100\n|-damage|p1a: Kleavor|88\/100|[from] Spikes\n|\n|-weather|SunnyDay|[upkeep]\n|-damage|p2a: Slowking|94\/100 brn|[from] brn\n|upkeep\n|turn|21\n|\n|t:|1699906060\n|switch|p2a: Alomomola|Alomomola, M, shiny|100\/100\n|move|p1a: Kleavor|X-Scissor|p2a: Alomomola\n|-damage|p2a: Alomomola|66\/100\n|\n|-weather|SunnyDay|[upkeep]\n|upkeep\n|turn|22\n|\n|t:|1699906075\n|move|p1a: Kleavor|X-Scissor|p2a: Alomomola\n|-damage|p2a: Alomomola|30\/100\n|move|p2a: Alomomola|Wish|p2a: Alomomola\n|\n|-weather|SunnyDay|[upkeep]\n|upkeep\n|turn|23\n|\n|t:|1699906082\n|move|p2a: Alomomola|Protect|p2a: Alomomola\n|-singleturn|p2a: Alomomola|Protect\n|move|p1a: Kleavor|X-Scissor|p2a: Alomomola\n|-activate|p2a: Alomomola|move: Protect\n|\n|-weather|none\n|-heal|p2a: Alomomola|80\/100|[from] move: Wish|[wisher] Alomomola\n|upkeep\n|turn|24\n|\n|t:|1699906091\n|move|p1a: Kleavor|X-Scissor|p2a: Alomomola\n|-damage|p2a: Alomomola|44\/100\n|move|p2a: Alomomola|Flip Turn|p1a: Kleavor\n|-supereffective|p1a: Kleavor\n|-damage|p1a: Kleavor|52\/100\n|\n|t:|1699906098\n|switch|p2a: Samurott|Samurott-Hisui, M|85\/100|[from] Flip Turn\n|-damage|p2a: Samurott|73\/100|[from] Stealth Rock\n|\n|upkeep\n|turn|25\n|\n|t:|1699906104\n|move|p1a: Kleavor|X-Scissor|p2a: Samurott\n|-supereffective|p2a: Samurott\n|-damage|p2a: Samurott|0 fnt\n|faint|p2a: Samurott\n|\n|upkeep\n|\n|t:|1699906113\n|switch|p2a: Ninetales|Ninetales-Alola, F, shiny|76\/100\n|-damage|p2a: Ninetales|51\/100|[from] Stealth Rock\n|-weather|Snow|[from] ability: Snow Warning|[of] p2a: Ninetales\n|turn|26\n|\n|t:|1699906120\n|switch|p1a: Torkoal|Torkoal, F|100\/100 slp\n|-damage|p1a: Torkoal|88\/100 slp|[from] Spikes\n|-weather|SunnyDay|[from] ability: Drought|[of] p1a: Torkoal\n|move|p2a: Ninetales|Blizzard|p1a: Torkoal|[miss]\n|-miss|p2a: Ninetales|p1a: Torkoal\n|\n|-weather|SunnyDay|[upkeep]\n|upkeep\n|turn|27\n|\n|t:|1699906131\n|switch|p2a: Slowking|Slowking-Galar, M|100\/100 brn\n|cant|p1a: Torkoal|slp\n|\n|-weather|SunnyDay|[upkeep]\n|-damage|p2a: Slowking|94\/100 brn|[from] brn\n|upkeep\n|turn|28\n|\n|t:|1699906147\n|switch|p1a: Skeledirge|Skeledirge, F|96\/100\n|-damage|p1a: Skeledirge|83\/100|[from] Spikes\n|move|p2a: Slowking|Sludge Bomb|p1a: Skeledirge\n|-resisted|p1a: Skeledirge\n|-damage|p1a: Skeledirge|64\/100\n|\n|-weather|SunnyDay|[upkeep]\n|-damage|p2a: Slowking|88\/100 brn|[from] brn\n|upkeep\n|turn|29\n|\n|t:|1699906167\n|switch|p1a: Kleavor|Kleavor, M|52\/100\n|-damage|p1a: Kleavor|39\/100|[from] Spikes\n|move|p2a: Slowking|Sludge Bomb|p1a: Kleavor\n|-resisted|p1a: Kleavor\n|-damage|p1a: Kleavor|13\/100\n|\n|-weather|SunnyDay|[upkeep]\n|-damage|p2a: Slowking|82\/100 brn|[from] brn\n|upkeep\n|turn|30\n|\n|t:|1699906180\n|move|p1a: Kleavor|X-Scissor|p2a: Slowking\n|-damage|p2a: Slowking|15\/100 brn\n|move|p2a: Slowking|Chilly Reception|p2a: Slowking\n|-weather|Snow\n|\n|t:|1699906186\n|switch|p2a: Sandslash|Sandslash-Alola, F, shiny|69\/100|[from] Chilly Reception\n|-damage|p2a: Sandslash|57\/100|[from] Stealth Rock\n|\n|-weather|Snow|[upkeep]\n|upkeep\n|turn|31\n|\n|t:|1699906193\n|move|p1a: Kleavor|X-Scissor|p2a: Sandslash\n|-resisted|p2a: Sandslash\n|-damage|p2a: Sandslash|39\/100\n|move|p2a: Sandslash|Earthquake|p1a: Kleavor\n|-damage|p1a: Kleavor|0 fnt\n|faint|p1a: Kleavor\n|\n|-weather|Snow|[upkeep]\n|upkeep\n|\n|t:|1699906202\n|switch|p1a: Torkoal|Torkoal, F|88\/100 slp\n|-damage|p1a: Torkoal|76\/100 slp|[from] Spikes\n|-weather|SunnyDay|[from] ability: Drought|[of] p1a: Torkoal\n|turn|32\n|\n|t:|1699906218\n|switch|p2a: Slowking|Slowking-Galar, M|48\/100 brn\n|switch|p1a: Meowscarada|Meowscarada, F|100\/100\n|-damage|p1a: Meowscarada|88\/100|[from] Spikes\n|\n|-weather|SunnyDay|[upkeep]\n|-damage|p2a: Slowking|42\/100 brn|[from] brn\n|upkeep\n|turn|33\n|\n|t:|1699906229\n|switch|p2a: Ninetales|Ninetales-Alola, F, shiny|51\/100\n|-damage|p2a: Ninetales|26\/100|[from] Stealth Rock\n|-weather|Snow|[from] ability: Snow Warning|[of] p2a: Ninetales\n|move|p1a: Meowscarada|Knock Off|p2a: Ninetales\n|-start|p1a: Meowscarada|typechange|Dark|[from] ability: Protean\n|-resisted|p2a: Ninetales\n|-damage|p2a: Ninetales|5\/100\n|-enditem|p2a: Ninetales|Icy Rock|[from] move: Knock Off|[of] p1a: Meowscarada\n|\n|-weather|Snow|[upkeep]\n|upkeep\n|turn|34\n|\n|t:|1699906246\n|switch|p2a: Sandslash|Sandslash-Alola, F, shiny|39\/100\n|-damage|p2a: Sandslash|27\/100|[from] Stealth Rock\n|move|p1a: Meowscarada|U-turn|p2a: Sandslash\n|-resisted|p2a: Sandslash\n|-damage|p2a: Sandslash|20\/100\n|\n|t:|1699906253\n|switch|p1a: Torkoal|Torkoal, F|76\/100 slp|[from] U-turn\n|-damage|p1a: Torkoal|64\/100 slp|[from] Spikes\n|-weather|SunnyDay|[from] ability: Drought|[of] p1a: Torkoal\n|\n|-weather|SunnyDay|[upkeep]\n|upkeep\n|turn|35\n|\n|t:|1699906267\n|switch|p2a: Alomomola|Alomomola, M, shiny|78\/100\n|-terastallize|p1a: Torkoal|Grass\n|-curestatus|p1a: Torkoal|slp|[msg]\n|move|p1a: Torkoal|Rapid Spin|p2a: Alomomola\n|-damage|p2a: Alomomola|73\/100\n|-boost|p1a: Torkoal|spe|1\n|-sideend|p1: TomokasGG|Spikes|[from] move: Rapid Spin|[of] p1a: Torkoal\n|\n|-weather|SunnyDay|[upkeep]\n|upkeep\n|turn|36\n|\n|t:|1699906281\n|switch|p1a: Walking Wake|Walking Wake|71\/100\n|-activate|p1a: Walking Wake|ability: Protosynthesis\n|-start|p1a: Walking Wake|protosynthesisspe\n|move|p2a: Alomomola|Wish|p2a: Alomomola\n|\n|-weather|SunnyDay|[upkeep]\n|upkeep\n|turn|37\n|\n|t:|1699906292\n|move|p1a: Walking Wake|Flamethrower|p2a: Alomomola\n|-resisted|p2a: Alomomola\n|-damage|p2a: Alomomola|48\/100\n|-status|p2a: Alomomola|brn\n|move|p2a: Alomomola|Flip Turn|p1a: Walking Wake\n|-resisted|p1a: Walking Wake\n|-damage|p1a: Walking Wake|70\/100\n|\n|t:|1699906299\n|switch|p2a: Sandslash|Sandslash-Alola, F, shiny|20\/100|[from] Flip Turn\n|-damage|p2a: Sandslash|7\/100|[from] Stealth Rock\n|\n|-weather|SunnyDay|[upkeep]\n|-heal|p2a: Sandslash|89\/100|[from] move: Wish|[wisher] Alomomola\n|upkeep\n|turn|38\n|\n|t:|1699906308\n|switch|p2a: Slowking|Slowking-Galar, M|76\/100 brn\n|move|p1a: Walking Wake|Flamethrower|p2a: Slowking\n|-damage|p2a: Slowking|49\/100 brn\n|\n|-weather|SunnyDay|[upkeep]\n|-damage|p2a: Slowking|43\/100 brn|[from] brn\n|upkeep\n|turn|39\n|\n|t:|1699906320\n|switch|p2a: Ninetales|Ninetales-Alola, F, shiny|5\/100\n|-damage|p2a: Ninetales|0 fnt|[from] Stealth Rock\n|faint|p2a: Ninetales\n|move|p1a: Walking Wake|Hydro Steam|p2: Ninetales|[notarget]\n|-fail|p1a: Walking Wake\n|\n|-weather|SunnyDay|[upkeep]\n|upkeep\n|\n|t:|1699906325\n|switch|p2a: Slowking|Slowking-Galar, M|76\/100 brn\n|turn|40\n|\n|t:|1699906340\n|move|p1a: Walking Wake|Hydro Steam|p2a: Slowking\n|-damage|p2a: Slowking|39\/100 brn\n|move|p2a: Slowking|Chilly Reception|p2a: Slowking\n|-weather|Snow\n|-end|p1a: Walking Wake|Protosynthesis\n|\n|t:|1699906343\n|switch|p2a: Sandslash|Sandslash-Alola, F, shiny|89\/100|[from] Chilly Reception\n|-damage|p2a: Sandslash|77\/100|[from] Stealth Rock\n|\n|-weather|Snow|[upkeep]\n|upkeep\n|turn|41\n|\n|t:|1699906353\n|-end|p1a: Walking Wake|Protosynthesis|[silent]\n|switch|p1a: Torkoal|Torkoal, F, tera:Grass|64\/100\n|-weather|SunnyDay|[from] ability: Drought|[of] p1a: Torkoal\n|move|p2a: Sandslash|Icicle Crash|p1a: Torkoal\n|-supereffective|p1a: Torkoal\n|-damage|p1a: Torkoal|0 fnt\n|faint|p1a: Torkoal\n|\n|-weather|SunnyDay|[upkeep]\n|upkeep\n|\n|t:|1699906366\n|switch|p1a: Skeledirge|Skeledirge, F|64\/100\n|turn|42\n|\n|t:|1699906370\n|switch|p2a: Slowking|Slowking-Galar, M|73\/100 brn\n|move|p1a: Skeledirge|Yawn||[still]\n|-fail|p1a: Skeledirge\n|\n|-weather|SunnyDay|[upkeep]\n|-damage|p2a: Slowking|66\/100 brn|[from] brn\n|upkeep\n|turn|43\n|\n|t:|1699906382\n|move|p1a: Skeledirge|Torch Song|p2a: Slowking\n|-damage|p2a: Slowking|41\/100 brn\n|-boost|p1a: Skeledirge|spa|1\n|move|p2a: Slowking|Sludge Bomb|p1a: Skeledirge\n|-resisted|p1a: Skeledirge\n|-damage|p1a: Skeledirge|48\/100\n|\n|-weather|SunnyDay|[upkeep]\n|-damage|p2a: Slowking|35\/100 brn|[from] brn\n|upkeep\n|turn|44\n|\n|t:|1699906397\n|move|p1a: Skeledirge|Torch Song|p2a: Slowking\n|-damage|p2a: Slowking|0 fnt\n|-boost|p1a: Skeledirge|spa|1\n|faint|p2a: Slowking\n|\n|-weather|SunnyDay|[upkeep]\n|upkeep\n|\n|t:|1699906401\n|switch|p2a: Sandslash|Sandslash-Alola, F, shiny|77\/100\n|-damage|p2a: Sandslash|64\/100|[from] Stealth Rock\n|turn|45\n|\n|t:|1699906408\n|move|p2a: Sandslash|Earthquake|p1a: Skeledirge\n|-supereffective|p1a: Skeledirge\n|-damage|p1a: Skeledirge|0 fnt\n|faint|p1a: Skeledirge\n|\n|-weather|SunnyDay|[upkeep]\n|upkeep\n|\n|t:|1699906415\n|switch|p1a: Walking Wake|Walking Wake|70\/100\n|-activate|p1a: Walking Wake|ability: Protosynthesis\n|-start|p1a: Walking Wake|protosynthesisspe\n|turn|46\n|\n|t:|1699906422\n|switch|p2a: Alomomola|Alomomola, M, shiny|81\/100 brn\n|move|p1a: Walking Wake|Draco Meteor|p2a: Alomomola\n|-damage|p2a: Alomomola|8\/100 brn\n|-unboost|p1a: Walking Wake|spa|2\n|\n|-weather|SunnyDay|[upkeep]\n|-damage|p2a: Alomomola|2\/100 brn|[from] brn\n|upkeep\n|turn|47\n|\n|t:|1699906432\n|move|p1a: Walking Wake|Flamethrower|p2a: Alomomola\n|-resisted|p2a: Alomomola\n|-damage|p2a: Alomomola|0 fnt\n|faint|p2a: Alomomola\n|\n|-weather|SunnyDay|[upkeep]\n|upkeep\n|\n|t:|1699906435\n|switch|p2a: Sandslash|Sandslash-Alola, F, shiny|64\/100\n|-damage|p2a: Sandslash|52\/100|[from] Stealth Rock\n|turn|48\n|\n|t:|1699906442\n|move|p2a: Sandslash|Ice Shard|p1a: Walking Wake\n|-damage|p1a: Walking Wake|41\/100\n|move|p1a: Walking Wake|Flamethrower|p2a: Sandslash\n|-supereffective|p2a: Sandslash\n|-damage|p2a: Sandslash|0 fnt\n|faint|p2a: Sandslash\n|\n|win|TomokasGG\n|raw|TomokasGG's rating: 1241 &rarr; <strong>1270<\/strong><br \/>(+29 for winning)\n|raw|Tarkus474's rating: 1298 &rarr; <strong>1269<\/strong><br \/>(-29 for losing)\n|c|\u2606Tarkus474|gg\n|l|\u2606Tarkus474\n|c|\u2606TomokasGG|Gg\n","uploadtime":1699906465,"views":19,"p1id":"tomokasgg","p2id":"tarkus474","formatid":"gen9ou","rating":1269,"private":0,"password":""}