{"id":"gen9ou-1991903363","p1":"whowasinparis11","p2":"darkmaster","format":"[Gen 9] OU","log":"|j|\u2606whowasinparis11\n|j|\u2606darkmaster\n|t:|1700136069\n|gametype|singles\n|player|p1|whowasinparis11|ghetsis|1299\n|player|p2|darkmaster|palmer|1228\n|teamsize|p1|6\n|teamsize|p2|6\n|gen|9\n|tier|[Gen 9] OU\n|rated|\n|rule|Sleep Clause Mod: Limit one foe put to sleep\n|rule|Species Clause: Limit one of each Pok\u00e9mon\n|rule|OHKO Clause: OHKO moves are banned\n|rule|Evasion Items Clause: Evasion items are banned\n|rule|Evasion Moves Clause: Evasion moves are banned\n|rule|Endless Battle Clause: Forcing endless battles is banned\n|rule|HP Percentage Mod: HP is shown in percentages\n|clearpoke\n|poke|p1|Heatran, M|\n|poke|p1|Hatterene, F|\n|poke|p1|Ursaluna, M|\n|poke|p1|Sneasler, F|\n|poke|p1|Rillaboom, M|\n|poke|p1|Iron Valiant|\n|poke|p2|Rillaboom, M|\n|poke|p2|Great Tusk|\n|poke|p2|Clodsire, M|\n|poke|p2|Toxapex, F|\n|poke|p2|Skeledirge, M|\n|poke|p2|Dragonite, F|\n|teampreview\n|inactive|Battle timer is ON: inactive players will automatically lose when time's up. (requested by darkmaster)\n|\n|t:|1700136084\n|start\n|switch|p1a: Rillaboom|Rillaboom, M|100\/100\n|switch|p2a: Toxapex|Toxapex, F|100\/100\n|-fieldstart|move: Grassy Terrain|[from] ability: Grassy Surge|[of] p1a: Rillaboom\n|turn|1\n|\n|t:|1700136101\n|move|p1a: Rillaboom|U-turn|p2a: Toxapex\n|-resisted|p2a: Toxapex\n|-damage|p2a: Toxapex|90\/100\n|\n|t:|1700136103\n|switch|p1a: Hatterene|Hatterene, F|100\/100|[from] U-turn\n|move|p2a: Toxapex|Infestation|p1a: Hatterene\n|-damage|p1a: Hatterene|96\/100\n|-activate|p1a: Hatterene|move: Infestation|[of] p2a: Toxapex\n|\n|-heal|p2a: Toxapex|96\/100|[from] Grassy Terrain\n|-heal|p1a: Hatterene|100\/100|[from] Grassy Terrain\n|-damage|p1a: Hatterene|88\/100|[from] move: Infestation|[partiallytrapped]\n|upkeep\n|turn|2\n|\n|t:|1700136113\n|move|p2a: Toxapex|Acid Spray|p1a: Hatterene\n|-supereffective|p1a: Hatterene\n|-damage|p1a: Hatterene|59\/100\n|-unboost|p1a: Hatterene|spd|2\n|move|p1a: Hatterene|Trick Room|p1a: Hatterene\n|-fieldstart|move: Trick Room|[of] p1a: Hatterene\n|\n|-heal|p1a: Hatterene|65\/100|[from] Grassy Terrain\n|-heal|p2a: Toxapex|100\/100|[from] Grassy Terrain\n|-damage|p1a: Hatterene|53\/100|[from] move: Infestation|[partiallytrapped]\n|upkeep\n|turn|3\n|\n|t:|1700136122\n|move|p1a: Hatterene|Misty Explosion|p2a: Toxapex\n|-resisted|p2a: Toxapex\n|-damage|p2a: Toxapex|87\/100\n|faint|p1a: Hatterene\n|move|p2a: Toxapex|Sludge Bomb|p1: Hatterene|[notarget]\n|-fail|p2a: Toxapex\n|\n|-heal|p2a: Toxapex|93\/100|[from] Grassy Terrain\n|upkeep\n|\n|t:|1700136126\n|switch|p1a: Ursaluna|Ursaluna, M|100\/100\n|turn|4\n|\n|t:|1700136131\n|move|p1a: Ursaluna|Ice Punch|p2a: Toxapex\n|-resisted|p2a: Toxapex\n|-damage|p2a: Toxapex|81\/100\n|move|p2a: Toxapex|Surf|p1a: Ursaluna\n|-supereffective|p1a: Ursaluna\n|-damage|p1a: Ursaluna|48\/100\n|\n|-heal|p1a: Ursaluna|55\/100|[from] Grassy Terrain\n|-heal|p2a: Toxapex|87\/100|[from] Grassy Terrain\n|-status|p1a: Ursaluna|brn|[from] item: Flame Orb\n|upkeep\n|turn|5\n|\n|t:|1700136151\n|switch|p2a: Dragonite|Dragonite, F|100\/100\n|move|p1a: Ursaluna|Headlong Rush|p2a: Dragonite\n|-immune|p2a: Dragonite\n|\n|-heal|p1a: Ursaluna|61\/100 brn|[from] Grassy Terrain\n|-damage|p1a: Ursaluna|55\/100 brn|[from] brn\n|-fieldend|move: Grassy Terrain\n|upkeep\n|turn|6\n|\n|t:|1700136157\n|switch|p2a: Toxapex|Toxapex, F|100\/100\n|move|p1a: Ursaluna|Ice Punch|p2a: Toxapex\n|-resisted|p2a: Toxapex\n|-damage|p2a: Toxapex|82\/100\n|\n|-damage|p1a: Ursaluna|48\/100 brn|[from] brn\n|-fieldend|move: Trick Room\n|upkeep\n|turn|7\n|\n|t:|1700136165\n|move|p2a: Toxapex|Surf|p1a: Ursaluna\n|-supereffective|p1a: Ursaluna\n|-damage|p1a: Ursaluna|0 fnt\n|faint|p1a: Ursaluna\n|\n|upkeep\n|\n|t:|1700136172\n|switch|p1a: Heatran|Heatran, M|100\/100\n|-item|p1a: Heatran|Air Balloon\n|turn|8\n|\n|t:|1700136175\n|move|p1a: Heatran|Taunt|p2a: Toxapex\n|-start|p2a: Toxapex|move: Taunt\n|move|p2a: Toxapex|Surf|p1a: Heatran\n|-supereffective|p1a: Heatran\n|-damage|p1a: Heatran|46\/100\n|-enditem|p1a: Heatran|Air Balloon\n|\n|upkeep\n|turn|9\n|-message|whowasinparis11 forfeited.\n|\n|win|darkmaster\n|raw|whowasinparis11's rating: 1299 &rarr; <strong>1269<\/strong><br \/>(-30 for losing)\n|raw|darkmaster's rating: 1228 &rarr; <strong>1258<\/strong><br \/>(+30 for winning)\n|l|\u2606whowasinparis11\n","uploadtime":1700136187,"views":15,"p1id":"whowasinparis11","p2id":"darkmaster","formatid":"gen9ou","rating":1258,"private":0,"password":""}