{"id":"gen9ou-1998136312","p1":"flash iqbal5","p2":"illinoids","format":"[Gen 9] OU","log":"|j|\u2606flash iqbal5\n|j|\u2606illinoids\n|t:|1700898164\n|gametype|singles\n|player|p1|flash iqbal5|blue|1306\n|player|p2|illinoids|cheryl|1255\n|teamsize|p1|6\n|teamsize|p2|6\n|gen|9\n|tier|[Gen 9] OU\n|rated|\n|rule|Sleep Clause Mod: Limit one foe put to sleep\n|rule|Species Clause: Limit one of each Pok\u00e9mon\n|rule|OHKO Clause: OHKO moves are banned\n|rule|Evasion Items Clause: Evasion items are banned\n|rule|Evasion Moves Clause: Evasion moves are banned\n|rule|Endless Battle Clause: Forcing endless battles is banned\n|rule|HP Percentage Mod: HP is shown in percentages\n|clearpoke\n|poke|p1|Manaphy|\n|poke|p1|Glimmora, M|\n|poke|p1|Rillaboom, M|\n|poke|p1|Corviknight, M|\n|poke|p1|Ceruledge, M|\n|poke|p1|Ninetales-Alola, M|\n|poke|p2|Gogoat, M|\n|poke|p2|Rillaboom, F|\n|poke|p2|Clodsire, F|\n|poke|p2|Walking Wake|\n|poke|p2|Iron Valiant|\n|poke|p2|Dragapult, M|\n|teampreview\n|inactive|Battle timer is ON: inactive players will automatically lose when time's up. (requested by illinoids)\n|inactive|flash iqbal5 also wants the timer to be on.\n|\n|t:|1700898170\n|start\n|switch|p1a: Corviknight|Corviknight, M|100\/100\n|switch|p2a: Dragapult|Dragapult, M|100\/100\n|-ability|p1a: Corviknight|Pressure\n|turn|1\n|\n|t:|1700898180\n|move|p2a: Dragapult|Flamethrower|p1a: Corviknight\n|-supereffective|p1a: Corviknight\n|-crit|p1a: Corviknight\n|-damage|p1a: Corviknight|0 fnt\n|faint|p1a: Corviknight\n|\n|upkeep\n|\n|t:|1700898192\n|switch|p1a: Ceruledge|Ceruledge, M|100\/100\n|turn|2\n|\n|t:|1700898201\n|switch|p2a: Walking Wake|Walking Wake|100\/100\n|move|p1a: Ceruledge|Swords Dance|p1a: Ceruledge\n|-boost|p1a: Ceruledge|atk|2\n|\n|upkeep\n|turn|3\n|\n|t:|1700898220\n|move|p2a: Walking Wake|Scald|p1a: Ceruledge\n|-supereffective|p1a: Ceruledge\n|-damage|p1a: Ceruledge|9\/100\n|move|p1a: Ceruledge|Poltergeist|p2a: Walking Wake\n|-activate|p2a: Walking Wake|move: Poltergeist|Heavy-Duty Boots\n|-damage|p2a: Walking Wake|0 fnt\n|faint|p2a: Walking Wake\n|-end|p2a: Walking Wake|Protosynthesis|[silent]\n|\n|upkeep\n|\n|t:|1700898233\n|switch|p2a: Iron Valiant|Iron Valiant|100\/100\n|turn|4\n|\n|t:|1700898248\n|switch|p1a: Glimmora|Glimmora, M|100\/100\n|move|p2a: Iron Valiant|Knock Off|p1a: Glimmora\n|-damage|p1a: Glimmora|67\/100\n|-activate|p1a: Glimmora|ability: Toxic Debris\n|-sidestart|p2: illinoids|move: Toxic Spikes\n|-enditem|p1a: Glimmora|Heavy-Duty Boots|[from] move: Knock Off|[of] p2a: Iron Valiant\n|\n|upkeep\n|turn|5\n|inactive|illinoids has 120 seconds left.\n|\n|t:|1700898265\n|-end|p2a: Iron Valiant|Quark Drive|[silent]\n|switch|p2a: Clodsire|Clodsire, F|100\/100\n|-sideend|p2: illinoids|move: Toxic Spikes|[of] p2a: Clodsire\n|move|p1a: Glimmora|Sludge Wave|p2a: Clodsire\n|-resisted|p2a: Clodsire\n|-damage|p2a: Clodsire|94\/100\n|\n|-heal|p2a: Clodsire|100\/100|[from] item: Leftovers\n|upkeep\n|turn|6\n|inactive|illinoids has 120 seconds left.\n|\n|t:|1700898276\n|switch|p1a: Rillaboom|Rillaboom, M|100\/100\n|-fieldstart|move: Grassy Terrain|[from] ability: Grassy Surge|[of] p1a: Rillaboom\n|-enditem|p1a: Rillaboom|Grassy Seed\n|-boost|p1a: Rillaboom|def|1|[from] item: Grassy Seed\n|move|p2a: Clodsire|Stealth Rock|p1a: Rillaboom\n|-sidestart|p1: flash iqbal5|move: Stealth Rock\n|\n|upkeep\n|turn|7\n|\n|t:|1700898283\n|move|p1a: Rillaboom|Swords Dance|p1a: Rillaboom\n|-boost|p1a: Rillaboom|atk|2\n|move|p2a: Clodsire|Toxic|p1a: Rillaboom\n|-status|p1a: Rillaboom|tox\n|\n|-damage|p1a: Rillaboom|94\/100 tox|[from] psn\n|upkeep\n|turn|8\n|\n|t:|1700898290\n|switch|p2a: Dragapult|Dragapult, M|100\/100\n|move|p1a: Rillaboom|High Horsepower|p2a: Dragapult\n|-damage|p2a: Dragapult|12\/100\n|\n|-heal|p2a: Dragapult|18\/100|[from] Grassy Terrain\n|-heal|p1a: Rillaboom|100\/100 tox|[from] Grassy Terrain\n|-damage|p1a: Rillaboom|88\/100 tox|[from] psn\n|upkeep\n|turn|9\n|\n|t:|1700898298\n|move|p1a: Rillaboom|Grassy Glide|p2a: Dragapult\n|-resisted|p2a: Dragapult\n|-damage|p2a: Dragapult|0 fnt\n|faint|p2a: Dragapult\n|\n|-heal|p1a: Rillaboom|94\/100 tox|[from] Grassy Terrain\n|-damage|p1a: Rillaboom|76\/100 tox|[from] psn\n|upkeep\n|inactive|illinoids has 120 seconds left.\n|\n|t:|1700898326\n|switch|p2a: Gogoat|Gogoat, M, shiny|100\/100\n|-enditem|p2a: Gogoat|Grassy Seed\n|-boost|p2a: Gogoat|def|1|[from] item: Grassy Seed\n|turn|10\n|inactive|illinoids has 120 seconds left.\n|\n|t:|1700898349\n|-terastallize|p2a: Gogoat|Poison\n|move|p1a: Rillaboom|Swords Dance|p1a: Rillaboom\n|-boost|p1a: Rillaboom|atk|2\n|move|p2a: Gogoat|Double-Edge|p1a: Rillaboom\n|-damage|p1a: Rillaboom|49\/100 tox\n|-damage|p2a: Gogoat|94\/100|[from] Recoil\n|\n|-heal|p1a: Rillaboom|55\/100 tox|[from] Grassy Terrain\n|-heal|p2a: Gogoat|99\/100|[from] Grassy Terrain\n|-damage|p1a: Rillaboom|30\/100 tox|[from] psn\n|-fieldend|move: Grassy Terrain\n|upkeep\n|turn|11\n|\n|t:|1700898359\n|move|p1a: Rillaboom|High Horsepower|p2a: Gogoat|[miss]\n|-miss|p1a: Rillaboom|p2a: Gogoat\n|move|p2a: Gogoat|Horn Leech|p1a: Rillaboom\n|-resisted|p1a: Rillaboom\n|-damage|p1a: Rillaboom|18\/100 tox\n|-heal|p2a: Gogoat|100\/100|[from] drain|[of] p1a: Rillaboom\n|\n|-damage|p1a: Rillaboom|0 fnt|[from] psn\n|faint|p1a: Rillaboom\n|upkeep\n|\n|t:|1700898365\n|switch|p1a: Glimmora|Glimmora, M|67\/100\n|-damage|p1a: Glimmora|55\/100|[from] Stealth Rock\n|turn|12\n|inactive|illinoids has 120 seconds left.\n|\n|t:|1700898371\n|move|p1a: Glimmora|Mortal Spin|p2a: Gogoat\n|-resisted|p2a: Gogoat\n|-damage|p2a: Gogoat|98\/100\n|-sideend|p1: flash iqbal5|Stealth Rock|[from] move: Mortal Spin|[of] p1a: Glimmora\n|move|p2a: Gogoat|Earthquake|p1a: Glimmora\n|-supereffective|p1a: Glimmora\n|-damage|p1a: Glimmora|0 fnt\n|-activate|p1a: Glimmora|ability: Toxic Debris\n|-sidestart|p2: illinoids|move: Toxic Spikes\n|faint|p1a: Glimmora\n|\n|upkeep\n|\n|t:|1700898374\n|switch|p1a: Ceruledge|Ceruledge, M|9\/100\n|turn|13\n|\n|t:|1700898382\n|move|p1a: Ceruledge|Poltergeist||[still]\n|-fail|p1a: Ceruledge\n|move|p2a: Gogoat|Horn Leech|p1a: Ceruledge\n|-resisted|p1a: Ceruledge\n|-damage|p1a: Ceruledge|0 fnt\n|-heal|p2a: Gogoat|100\/100|[from] drain|[of] p1a: Ceruledge\n|faint|p1a: Ceruledge\n|\n|upkeep\n|-message|flash iqbal5 forfeited.\n|\n|win|illinoids\n|raw|flash iqbal5's rating: 1306 &rarr; <strong>1283<\/strong><br \/>(-23 for losing)\n|raw|illinoids's rating: 1255 &rarr; <strong>1284<\/strong><br \/>(+29 for winning)\n|l|\u2606flash iqbal5\n","uploadtime":1700898392,"views":11,"p1id":"flashiqbal5","p2id":"illinoids","formatid":"gen9ou","rating":1283,"private":0,"password":""}