{"id":"gen9ou-1997527576","p1":"FlamingThunderG0d","p2":"dsppp","format":"[Gen 9] OU","log":"|j|\u2606FlamingThunderG0d\n|j|\u2606dsppp\n|t:|1700820531\n|gametype|singles\n|player|p1|FlamingThunderG0d|volkner|1640\n|player|p2|dsppp|169|1665\n|teamsize|p1|6\n|teamsize|p2|6\n|gen|9\n|tier|[Gen 9] OU\n|rated|\n|rule|Sleep Clause Mod: Limit one foe put to sleep\n|rule|Species Clause: Limit one of each Pok\u00e9mon\n|rule|OHKO Clause: OHKO moves are banned\n|rule|Evasion Items Clause: Evasion items are banned\n|rule|Evasion Moves Clause: Evasion moves are banned\n|rule|Endless Battle Clause: Forcing endless battles is banned\n|rule|HP Percentage Mod: HP is shown in percentages\n|clearpoke\n|poke|p1|Brute Bonnet|\n|poke|p1|Walking Wake|\n|poke|p1|Ninetales, F|\n|poke|p1|Corviknight, F|\n|poke|p1|Great Tusk|\n|poke|p1|Greninja-*, F|\n|poke|p2|Weavile, M|\n|poke|p2|Landorus-Therian, M|\n|poke|p2|Great Tusk|\n|poke|p2|Heatran, M|\n|poke|p2|Zapdos|\n|poke|p2|Dragapult, M|\n|teampreview\n|inactive|Battle timer is ON: inactive players will automatically lose when time's up. (requested by FlamingThunderG0d)\n|\n|t:|1700820542\n|start\n|switch|p1a: Greninja|Greninja, F|100\/100\n|switch|p2a: Landorus|Landorus-Therian, M|100\/100\n|-ability|p2a: Landorus|Intimidate|boost\n|-unboost|p1a: Greninja|atk|1\n|turn|1\n|\n|t:|1700820546\n|move|p1a: Greninja|Ice Beam|p2a: Landorus\n|-start|p1a: Greninja|typechange|Ice|[from] ability: Protean\n|-supereffective|p2a: Landorus\n|-damage|p2a: Landorus|0 fnt\n|faint|p2a: Landorus\n|\n|upkeep\n|\n|t:|1700820552\n|switch|p2a: Heatran|Heatran, M|100\/100\n|turn|2\n|\n|t:|1700820556\n|switch|p1a: Walking Wake|Walking Wake|100\/100\n|move|p2a: Heatran|Stealth Rock|p1a: Walking Wake\n|-sidestart|p1: FlamingThunderG0d|move: Stealth Rock\n|\n|upkeep\n|turn|3\n|\n|t:|1700820563\n|switch|p2a: Zapdos|Zapdos|100\/100\n|move|p1a: Walking Wake|Hydro Steam|p2a: Zapdos\n|-damage|p2a: Zapdos|45\/100\n|\n|upkeep\n|turn|4\n|\n|t:|1700820567\n|-terastallize|p2a: Zapdos|Water\n|move|p1a: Walking Wake|Hydro Steam|p2a: Zapdos\n|-resisted|p2a: Zapdos\n|-damage|p2a: Zapdos|13\/100\n|move|p2a: Zapdos|Thunder Wave|p1a: Walking Wake\n|-status|p1a: Walking Wake|par\n|\n|upkeep\n|turn|5\n|\n|t:|1700820586\n|-end|p1a: Walking Wake|Protosynthesis|[silent]\n|switch|p1a: Corviknight|Corviknight, F|100\/100\n|-damage|p1a: Corviknight|88\/100|[from] Stealth Rock\n|-ability|p1a: Corviknight|Pressure\n|move|p2a: Zapdos|Roost|p2a: Zapdos\n|-heal|p2a: Zapdos|63\/100\n|\n|upkeep\n|turn|6\n|\n|t:|1700820591\n|move|p2a: Zapdos|Thunder Wave|p1a: Corviknight\n|-status|p1a: Corviknight|par\n|move|p1a: Corviknight|Defog|p2a: Zapdos\n|-unboost|p2a: Zapdos|evasion|1\n|-sideend|p1: FlamingThunderG0d|Stealth Rock|[from] move: Defog|[of] p1a: Corviknight\n|\n|upkeep\n|turn|7\n|\n|t:|1700820596\n|switch|p1a: Ninetales|Ninetales, F|100\/100\n|-weather|SunnyDay|[from] ability: Drought|[of] p1a: Ninetales\n|move|p2a: Zapdos|Roost|p2a: Zapdos\n|-heal|p2a: Zapdos|100\/100\n|\n|-weather|SunnyDay|[upkeep]\n|upkeep\n|turn|8\n|\n|t:|1700820600\n|move|p1a: Ninetales|Encore|p2a: Zapdos\n|-start|p2a: Zapdos|Encore\n|move|p2a: Zapdos|Roost||[still]\n|-fail|p2a: Zapdos|heal\n|\n|-weather|SunnyDay|[upkeep]\n|upkeep\n|turn|9\n|\n|t:|1700820609\n|switch|p1a: Walking Wake|Walking Wake|100\/100 par\n|-activate|p1a: Walking Wake|ability: Protosynthesis\n|-start|p1a: Walking Wake|protosynthesisspe\n|switch|p2a: Dragapult|Dragapult, M|100\/100\n|\n|-weather|SunnyDay|[upkeep]\n|upkeep\n|turn|10\n|\n|t:|1700820615\n|move|p2a: Dragapult|Draco Meteor|p1a: Walking Wake\n|-supereffective|p1a: Walking Wake\n|-damage|p1a: Walking Wake|0 fnt\n|-unboost|p2a: Dragapult|spa|2\n|faint|p1a: Walking Wake\n|-end|p1a: Walking Wake|Protosynthesis|[silent]\n|\n|-weather|SunnyDay|[upkeep]\n|upkeep\n|\n|t:|1700820618\n|switch|p1a: Brute Bonnet|Brute Bonnet|100\/100\n|-activate|p1a: Brute Bonnet|ability: Protosynthesis\n|-start|p1a: Brute Bonnet|protosynthesisatk\n|turn|11\n|\n|t:|1700820632\n|switch|p2a: Heatran|Heatran, M|100\/100\n|move|p1a: Brute Bonnet|Growth|p1a: Brute Bonnet\n|-boost|p1a: Brute Bonnet|atk|2\n|-boost|p1a: Brute Bonnet|spa|2\n|\n|-weather|SunnyDay|[upkeep]\n|upkeep\n|turn|12\n|\n|t:|1700820637\n|move|p1a: Brute Bonnet|Sucker Punch|p2a: Heatran\n|-damage|p2a: Heatran|18\/100\n|move|p2a: Heatran|Magma Storm|p1a: Brute Bonnet|[miss]\n|-miss|p2a: Heatran|p1a: Brute Bonnet\n|\n|-weather|SunnyDay|[upkeep]\n|-heal|p2a: Heatran|24\/100|[from] item: Leftovers\n|upkeep\n|turn|13\n|\n|t:|1700820642\n|move|p1a: Brute Bonnet|Close Combat|p2a: Heatran\n|-supereffective|p2a: Heatran\n|-damage|p2a: Heatran|0 fnt\n|-unboost|p1a: Brute Bonnet|def|1\n|-unboost|p1a: Brute Bonnet|spd|1\n|faint|p2a: Heatran\n|\n|-weather|SunnyDay|[upkeep]\n|upkeep\n|\n|t:|1700820645\n|switch|p2a: Weavile|Weavile, M|100\/100\n|-ability|p2a: Weavile|Pressure\n|turn|14\n|j| Regimidas\n|\n|t:|1700820653\n|-end|p1a: Brute Bonnet|Protosynthesis|[silent]\n|switch|p1a: Great Tusk|Great Tusk|100\/100\n|-activate|p1a: Great Tusk|ability: Protosynthesis\n|-start|p1a: Great Tusk|protosynthesisdef\n|move|p2a: Weavile|Icicle Crash|p1a: Great Tusk\n|-supereffective|p1a: Great Tusk\n|-damage|p1a: Great Tusk|52\/100\n|\n|-weather|none\n|-end|p1a: Great Tusk|Protosynthesis\n|upkeep\n|turn|15\n|\n|t:|1700820660\n|move|p2a: Weavile|Icicle Crash|p1a: Great Tusk|[miss]\n|-miss|p2a: Weavile|p1a: Great Tusk\n|move|p1a: Great Tusk|Stealth Rock|p2a: Weavile\n|-sidestart|p2: dsppp|move: Stealth Rock\n|\n|upkeep\n|turn|16\n|\n|t:|1700820663\n|-end|p1a: Great Tusk|Protosynthesis|[silent]\n|switch|p1a: Corviknight|Corviknight, F|88\/100 par\n|-ability|p1a: Corviknight|Pressure\n|move|p2a: Weavile|Icicle Crash|p1a: Corviknight|[miss]\n|-miss|p2a: Weavile|p1a: Corviknight\n|\n|upkeep\n|turn|17\n|\n|t:|1700820668\n|move|p2a: Weavile|Icicle Crash|p1a: Corviknight\n|-damage|p1a: Corviknight|51\/100 par\n|cant|p1a: Corviknight|flinch\n|\n|upkeep\n|turn|18\n|\n|t:|1700820672\n|move|p2a: Weavile|Icicle Crash|p1a: Corviknight\n|-damage|p1a: Corviknight|15\/100 par\n|cant|p1a: Corviknight|par\n|\n|upkeep\n|turn|19\n|\n|t:|1700820676\n|move|p2a: Weavile|Icicle Crash|p1a: Corviknight\n|-damage|p1a: Corviknight|0 fnt\n|faint|p1a: Corviknight\n|\n|upkeep\n|\n|t:|1700820678\n|switch|p1a: Greninja|Greninja, F|100\/100\n|turn|20\n|\n|t:|1700820683\n|switch|p2a: Zapdos|Zapdos, tera:Water|100\/100\n|move|p1a: Greninja|U-turn|p2a: Zapdos\n|-start|p1a: Greninja|typechange|Bug|[from] ability: Protean\n|-damage|p2a: Zapdos|81\/100\n|-status|p1a: Greninja|par|[from] ability: Static|[of] p2a: Zapdos\n|\n|t:|1700820687\n|switch|p1a: Brute Bonnet|Brute Bonnet|100\/100|[from] U-turn\n|\n|upkeep\n|turn|21\n|\n|t:|1700820692\n|move|p2a: Zapdos|Hurricane|p1a: Brute Bonnet|[miss]\n|-miss|p2a: Zapdos|p1a: Brute Bonnet\n|move|p1a: Brute Bonnet|Bullet Seed|p2a: Zapdos\n|-supereffective|p2a: Zapdos\n|-damage|p2a: Zapdos|56\/100\n|-supereffective|p2a: Zapdos\n|-damage|p2a: Zapdos|29\/100\n|-supereffective|p2a: Zapdos\n|-damage|p2a: Zapdos|2\/100\n|-supereffective|p2a: Zapdos\n|-damage|p2a: Zapdos|0 fnt\n|faint|p2a: Zapdos\n|-hitcount|p2: Zapdos|4\n|\n|upkeep\n|\n|t:|1700820698\n|switch|p2a: Dragapult|Dragapult, M|100\/100\n|-damage|p2a: Dragapult|88\/100|[from] Stealth Rock\n|turn|22\n|\n|t:|1700820712\n|move|p2a: Dragapult|U-turn|p1a: Brute Bonnet\n|-supereffective|p1a: Brute Bonnet\n|-damage|p1a: Brute Bonnet|40\/100\n|\n|t:|1700820717\n|switch|p2a: Weavile|Weavile, M|100\/100|[from] U-turn\n|-damage|p2a: Weavile|76\/100|[from] Stealth Rock\n|-ability|p2a: Weavile|Pressure\n|move|p1a: Brute Bonnet|Bullet Seed|p2a: Weavile\n|-damage|p2a: Weavile|50\/100\n|-damage|p2a: Weavile|25\/100\n|-damage|p2a: Weavile|0 fnt\n|faint|p2a: Weavile\n|-hitcount|p2: Weavile|3\n|\n|upkeep\n|\n|t:|1700820721\n|switch|p2a: Great Tusk|Great Tusk|100\/100\n|-damage|p2a: Great Tusk|98\/100|[from] Stealth Rock\n|turn|23\n|\n|t:|1700820727\n|move|p2a: Great Tusk|Ice Spinner|p1a: Brute Bonnet\n|-supereffective|p1a: Brute Bonnet\n|-damage|p1a: Brute Bonnet|0 fnt\n|faint|p1a: Brute Bonnet\n|-end|p1a: Brute Bonnet|Protosynthesis|[silent]\n|\n|-heal|p2a: Great Tusk|100\/100|[from] item: Leftovers\n|upkeep\n|j| Ctannn\n|\n|t:|1700820733\n|switch|p1a: Ninetales|Ninetales, F|100\/100\n|-weather|SunnyDay|[from] ability: Drought|[of] p1a: Ninetales\n|-activate|p2a: Great Tusk|ability: Protosynthesis\n|-start|p2a: Great Tusk|protosynthesisatk\n|turn|24\n|\n|t:|1700820738\n|-terastallize|p1a: Ninetales|Fire\n|move|p1a: Ninetales|Fire Blast|p2a: Great Tusk\n|-damage|p2a: Great Tusk|0 fnt\n|faint|p2a: Great Tusk\n|-end|p2a: Great Tusk|Protosynthesis|[silent]\n|\n|-weather|SunnyDay|[upkeep]\n|upkeep\n|-message|dsppp forfeited.\n|\n|win|FlamingThunderG0d\n|raw|FlamingThunderG0d's rating: 1640 &rarr; <strong>1661<\/strong><br \/>(+21 for winning)\n|raw|dsppp's rating: 1665 &rarr; <strong>1644<\/strong><br \/>(-21 for losing)\n|l|\u2606dsppp\n","uploadtime":1700820753,"views":9,"p1id":"flamingthunderg0d","p2id":"dsppp","formatid":"gen9ou","rating":1644,"private":0,"password":""}