{"id":"gen9ou-1991723126","p1":"razer534","p2":"tailsBOOM1992","format":"[Gen 9] OU","log":"|j|\u2606razer534\n|j|\u2606tailsBOOM1992\n|t:|1700107093\n|gametype|singles\n|player|p1|razer534|169|1031\n|player|p2|tailsBOOM1992|wally|1022\n|teamsize|p1|6\n|teamsize|p2|6\n|gen|9\n|tier|[Gen 9] OU\n|rated|\n|rule|Sleep Clause Mod: Limit one foe put to sleep\n|rule|Species Clause: Limit one of each Pok\u00e9mon\n|rule|OHKO Clause: OHKO moves are banned\n|rule|Evasion Items Clause: Evasion items are banned\n|rule|Evasion Moves Clause: Evasion moves are banned\n|rule|Endless Battle Clause: Forcing endless battles is banned\n|rule|HP Percentage Mod: HP is shown in percentages\n|clearpoke\n|poke|p1|Abomasnow, F|\n|poke|p1|Hatterene, F|\n|poke|p1|Slowking-Galar, F|\n|poke|p1|Sawsbuck-Winter, M|\n|poke|p1|Vaporeon, F|\n|poke|p1|Garchomp, F|\n|poke|p2|Samurott-Hisui, M|\n|poke|p2|Garganacl, M|\n|poke|p2|Ogerpon-Wellspring, F|\n|poke|p2|Great Tusk|\n|poke|p2|Heatran, M|\n|poke|p2|Breloom, M|\n|teampreview\n|\n|t:|1700107110\n|start\n|switch|p1a: Vaporeon|Vaporeon, F|100\/100\n|switch|p2a: Samurott|Samurott-Hisui, M|100\/100\n|turn|1\n|\n|t:|1700107118\n|move|p2a: Samurott|Ceaseless Edge|p1a: Vaporeon\n|-damage|p1a: Vaporeon|65\/100\n|-sidestart|p1: razer534|Spikes\n|move|p1a: Vaporeon|Acid Armor|p1a: Vaporeon\n|-boost|p1a: Vaporeon|def|2\n|\n|upkeep\n|turn|2\n|\n|t:|1700107125\n|move|p2a: Samurott|Ceaseless Edge|p1a: Vaporeon\n|-damage|p1a: Vaporeon|49\/100\n|-sidestart|p1: razer534|Spikes\n|move|p1a: Vaporeon|Scald|p2a: Samurott\n|-resisted|p2a: Samurott\n|-damage|p2a: Samurott|71\/100\n|\n|upkeep\n|turn|3\n|\n|t:|1700107136\n|move|p2a: Samurott|Ceaseless Edge|p1a: Vaporeon\n|-damage|p1a: Vaporeon|32\/100\n|-sidestart|p1: razer534|Spikes\n|move|p1a: Vaporeon|Scald|p2a: Samurott\n|-resisted|p2a: Samurott\n|-damage|p2a: Samurott|45\/100\n|\n|upkeep\n|turn|4\n|\n|t:|1700107144\n|move|p2a: Samurott|Sacred Sword|p1a: Vaporeon\n|-damage|p1a: Vaporeon|1\/100\n|move|p1a: Vaporeon|Scald|p2a: Samurott\n|-resisted|p2a: Samurott\n|-damage|p2a: Samurott|19\/100\n|\n|upkeep\n|turn|5\n|\n|t:|1700107159\n|move|p2a: Samurott|Ceaseless Edge|p1a: Vaporeon\n|-damage|p1a: Vaporeon|0 fnt\n|faint|p1a: Vaporeon\n|\n|upkeep\n|\n|t:|1700107174\n|switch|p1a: Sawsbuck|Sawsbuck-Winter, M|100\/100\n|-damage|p1a: Sawsbuck|76\/100|[from] Spikes\n|turn|6\n|\n|t:|1700107181\n|move|p2a: Samurott|Ceaseless Edge|p1a: Sawsbuck\n|-damage|p1a: Sawsbuck|34\/100\n|move|p1a: Sawsbuck|Smart Strike|p2a: Samurott\n|-resisted|p2a: Samurott\n|-damage|p2a: Samurott|0 fnt\n|faint|p2a: Samurott\n|\n|upkeep\n|\n|t:|1700107190\n|switch|p2a: Heatran|Heatran, M|100\/100\n|turn|7\n|\n|t:|1700107196\n|move|p1a: Sawsbuck|Smart Strike|p2a: Heatran\n|-resisted|p2a: Heatran\n|-damage|p2a: Heatran|94\/100\n|move|p2a: Heatran|Heat Crash|p1a: Sawsbuck\n|-supereffective|p1a: Sawsbuck\n|-damage|p1a: Sawsbuck|0 fnt\n|faint|p1a: Sawsbuck\n|\n|upkeep\n|\n|t:|1700107205\n|switch|p1a: Garchomp|Garchomp, F|100\/100\n|-damage|p1a: Garchomp|76\/100|[from] Spikes\n|turn|8\n|\n|t:|1700107218\n|switch|p2a: Ogerpon|Ogerpon-Wellspring, F|100\/100\n|move|p1a: Garchomp|Earthquake|p2a: Ogerpon\n|-resisted|p2a: Ogerpon\n|-damage|p2a: Ogerpon|72\/100\n|\n|upkeep\n|turn|9\n|\n|t:|1700107226\n|-terastallize|p1a: Garchomp|Steel\n|move|p2a: Ogerpon|Ivy Cudgel|p1a: Garchomp|[anim] Ivy Cudgel Water\n|-damage|p1a: Garchomp|32\/100\n|move|p1a: Garchomp|Poison Jab|p2a: Ogerpon\n|-supereffective|p2a: Ogerpon\n|-damage|p2a: Ogerpon|6\/100\n|\n|upkeep\n|turn|10\n|\n|t:|1700107243\n|move|p2a: Ogerpon|Ivy Cudgel|p1a: Garchomp|[anim] Ivy Cudgel Water\n|-damage|p1a: Garchomp|0 fnt\n|faint|p1a: Garchomp\n|\n|upkeep\n|\n|t:|1700107248\n|switch|p1a: Slowking|Slowking-Galar, F|100\/100\n|-damage|p1a: Slowking|76\/100|[from] Spikes\n|turn|11\n|\n|t:|1700107261\n|switch|p2a: Heatran|Heatran, M|94\/100\n|move|p1a: Slowking|Future Sight|p2a: Heatran\n|-start|p1a: Slowking|move: Future Sight\n|\n|upkeep\n|turn|12\n|\n|t:|1700107270\n|move|p2a: Heatran|Earth Power|p1a: Slowking\n|-supereffective|p1a: Slowking\n|-damage|p1a: Slowking|29\/100\n|move|p1a: Slowking|Calm Mind|p1a: Slowking\n|-boost|p1a: Slowking|spa|1\n|-boost|p1a: Slowking|spd|1\n|\n|upkeep\n|turn|13\n|\n|t:|1700107278\n|move|p2a: Heatran|Earth Power|p1a: Slowking\n|-supereffective|p1a: Slowking\n|-damage|p1a: Slowking|0 fnt\n|faint|p1a: Slowking\n|\n|-end|p2a: Heatran|move: Future Sight\n|-resisted|p2a: Heatran\n|-damage|p2a: Heatran|73\/100\n|upkeep\n|\n|t:|1700107286\n|switch|p1a: Hatterene|Hatterene, F|100\/100\n|-damage|p1a: Hatterene|76\/100|[from] Spikes\n|turn|14\n|\n|t:|1700107295\n|move|p2a: Heatran|Flash Cannon|p1a: Hatterene\n|-supereffective|p1a: Hatterene\n|-damage|p1a: Hatterene|0 fnt\n|faint|p1a: Hatterene\n|\n|upkeep\n|\n|t:|1700107299\n|switch|p1a: Abomasnow|Abomasnow, F|100\/100\n|-damage|p1a: Abomasnow|75\/100|[from] Spikes\n|turn|15\n|\n|t:|1700107305\n|switch|p2a: Breloom|Breloom, M, shiny|100\/100\n|move|p1a: Abomasnow|Chilling Water|p2a: Breloom\n|-resisted|p2a: Breloom\n|-damage|p2a: Breloom|88\/100\n|-unboost|p2a: Breloom|atk|1\n|\n|-status|p2a: Breloom|tox|[from] item: Toxic Orb\n|upkeep\n|turn|16\n|\n|t:|1700107321\n|move|p2a: Breloom|Facade|p1a: Abomasnow\n|-damage|p1a: Abomasnow|48\/100\n|move|p1a: Abomasnow|Energy Ball|p2a: Breloom\n|-resisted|p2a: Breloom\n|-damage|p2a: Breloom|57\/100 tox\n|\n|-heal|p2a: Breloom|69\/100 tox|[from] ability: Poison Heal\n|upkeep\n|turn|17\n|\n|t:|1700107332\n|-terastallize|p2a: Breloom|Normal\n|move|p2a: Breloom|Facade|p1a: Abomasnow\n|-damage|p1a: Abomasnow|7\/100\n|move|p1a: Abomasnow|Energy Ball|p2a: Breloom\n|-damage|p2a: Breloom|8\/100 tox\n|\n|-heal|p2a: Breloom|21\/100 tox|[from] ability: Poison Heal\n|upkeep\n|turn|18\n|\n|t:|1700107341\n|move|p2a: Breloom|Facade|p1a: Abomasnow\n|-damage|p1a: Abomasnow|0 fnt\n|faint|p1a: Abomasnow\n|\n|win|tailsBOOM1992\n|raw|razer534's rating: 1031 &rarr; <strong>1016<\/strong><br \/>(-15 for losing)\n|raw|tailsBOOM1992's rating: 1022 &rarr; <strong>1060<\/strong><br \/>(+38 for winning)\n|c|\u2606razer534|gg\n|c|\u2606tailsBOOM1992|gg\n","uploadtime":1700107353,"views":7,"p1id":"razer534","p2id":"tailsboom1992","formatid":"gen9ou","rating":1016,"private":0,"password":""}