{"id":"gen9ou-2000013909","p1":"SeniaKC","p2":"Lunick01","format":"[Gen 9] OU","log":"|j|\u2606SeniaKC\n|j|\u2606Lunick01\n|t:|1701141249\n|gametype|singles\n|player|p1|SeniaKC|169|1433\n|player|p2|Lunick01|swimmerf|1511\n|teamsize|p1|6\n|teamsize|p2|6\n|gen|9\n|tier|[Gen 9] OU\n|rated|\n|rule|Sleep Clause Mod: Limit one foe put to sleep\n|rule|Species Clause: Limit one of each Pok\u00e9mon\n|rule|OHKO Clause: OHKO moves are banned\n|rule|Evasion Items Clause: Evasion items are banned\n|rule|Evasion Moves Clause: Evasion moves are banned\n|rule|Endless Battle Clause: Forcing endless battles is banned\n|rule|HP Percentage Mod: HP is shown in percentages\n|clearpoke\n|poke|p1|Ribombee, F|\n|poke|p1|Cinderace, M|\n|poke|p1|Clefable, F|\n|poke|p1|Clodsire, M|\n|poke|p1|Zapdos|\n|poke|p1|Ogerpon-Wellspring, F|\n|poke|p2|Goodra-Hisui, F|\n|poke|p2|Grimmsnarl, M|\n|poke|p2|Garchomp, F|\n|poke|p2|Manaphy|\n|poke|p2|Kingambit, M|\n|poke|p2|Samurott-Hisui, M|\n|teampreview\n|inactive|Battle timer is ON: inactive players will automatically lose when time's up. (requested by Lunick01)\n|inactive|SeniaKC also wants the timer to be on.\n|inactive|Lunick01 has 120 seconds left.\n|\n|t:|1701141290\n|start\n|switch|p1a: Zapdos|Zapdos|100\/100\n|switch|p2a: Manaphy|Manaphy, shiny|100\/100\n|turn|1\n|\n|t:|1701141305\n|switch|p1a: Ogerpon|Ogerpon-Wellspring, F|100\/100\n|switch|p2a: Goodra|Goodra-Hisui, F|100\/100\n|\n|upkeep\n|turn|2\n|\n|t:|1701141317\n|move|p1a: Ogerpon|U-turn|p2a: Goodra\n|-resisted|p2a: Goodra\n|-damage|p2a: Goodra|87\/100\n|\n|t:|1701141320\n|switch|p1a: Clodsire|Clodsire, M|100\/100|[from] U-turn\n|move|p2a: Goodra|Fire Blast|p1a: Clodsire\n|-damage|p1a: Clodsire|81\/100\n|\n|-heal|p1a: Clodsire|87\/100|[from] item: Leftovers\n|upkeep\n|turn|3\n|\n|t:|1701141331\n|switch|p2a: Manaphy|Manaphy, shiny|100\/100\n|move|p1a: Clodsire|Spikes|p2a: Manaphy\n|-sidestart|p2: Lunick01|Spikes\n|\n|-heal|p1a: Clodsire|93\/100|[from] item: Leftovers\n|upkeep\n|turn|4\n|\n|t:|1701141338\n|switch|p1a: Ogerpon|Ogerpon-Wellspring, F|100\/100\n|move|p2a: Manaphy|Acid Armor|p2a: Manaphy\n|-boost|p2a: Manaphy|def|2\n|\n|upkeep\n|turn|5\n|\n|t:|1701141347\n|move|p1a: Ogerpon|Encore|p2a: Manaphy\n|-start|p2a: Manaphy|Encore\n|move|p2a: Manaphy|Acid Armor|p2a: Manaphy\n|-boost|p2a: Manaphy|def|2\n|\n|upkeep\n|turn|6\n|\n|t:|1701141361\n|switch|p1a: Zapdos|Zapdos|100\/100\n|switch|p2a: Goodra|Goodra-Hisui, F|87\/100\n|-damage|p2a: Goodra|75\/100|[from] Spikes\n|\n|upkeep\n|turn|7\n|\n|t:|1701141368\n|move|p1a: Zapdos|Volt Switch|p2a: Goodra\n|-resisted|p2a: Goodra\n|-damage|p2a: Goodra|67\/100\n|\n|t:|1701141374\n|switch|p1a: Clefable|Clefable, F|100\/100|[from] Volt Switch\n|move|p2a: Goodra|Draco Meteor|p1a: Clefable\n|-immune|p1a: Clefable\n|\n|upkeep\n|turn|8\n|\n|t:|1701141385\n|move|p2a: Goodra|Flash Cannon|p1a: Clefable\n|-supereffective|p1a: Clefable\n|-damage|p1a: Clefable|25\/100\n|move|p1a: Clefable|Stealth Rock|p2a: Goodra\n|-sidestart|p2: Lunick01|move: Stealth Rock\n|\n|-heal|p1a: Clefable|31\/100|[from] item: Leftovers\n|upkeep\n|turn|9\n|\n|t:|1701141394\n|switch|p1a: Clodsire|Clodsire, M|93\/100\n|move|p2a: Goodra|Fire Blast|p1a: Clodsire\n|-damage|p1a: Clodsire|73\/100\n|\n|-heal|p1a: Clodsire|79\/100|[from] item: Leftovers\n|upkeep\n|turn|10\n|\n|t:|1701141401\n|move|p2a: Goodra|Earthquake|p1a: Clodsire\n|-supereffective|p1a: Clodsire\n|-damage|p1a: Clodsire|34\/100\n|move|p1a: Clodsire|Earthquake|p2a: Goodra\n|-supereffective|p2a: Goodra\n|-crit|p2a: Goodra\n|-damage|p2a: Goodra|0 fnt\n|faint|p2a: Goodra\n|\n|-heal|p1a: Clodsire|40\/100|[from] item: Leftovers\n|upkeep\n|\n|t:|1701141412\n|switch|p2a: Samurott|Samurott-Hisui, M, shiny|100\/100\n|-damage|p2a: Samurott|88\/100|[from] Spikes\n|-damage|p2a: Samurott|76\/100|[from] Stealth Rock\n|turn|11\n|\n|t:|1701141431\n|switch|p1a: Zapdos|Zapdos|100\/100\n|move|p2a: Samurott|Ceaseless Edge|p1a: Zapdos\n|-damage|p1a: Zapdos|48\/100\n|-sidestart|p1: SeniaKC|Spikes\n|\n|upkeep\n|turn|12\n|\n|t:|1701141451\n|move|p2a: Samurott|Ceaseless Edge|p1a: Zapdos\n|-damage|p1a: Zapdos|0 fnt\n|-sidestart|p1: SeniaKC|Spikes\n|faint|p1a: Zapdos\n|\n|upkeep\n|inactive|SeniaKC has 120 seconds left.\n|\n|t:|1701141477\n|switch|p1a: Ogerpon|Ogerpon-Wellspring, F|100\/100\n|-damage|p1a: Ogerpon|84\/100|[from] Spikes\n|turn|13\n|\n|t:|1701141481\n|move|p2a: Samurott|Ceaseless Edge|p1a: Ogerpon\n|-damage|p1a: Ogerpon|22\/100\n|-sidestart|p1: SeniaKC|Spikes\n|move|p1a: Ogerpon|Horn Leech|p2a: Samurott\n|-supereffective|p2a: Samurott\n|-damage|p2a: Samurott|0 fnt\n|-heal|p1a: Ogerpon|62\/100|[from] drain|[of] p2a: Samurott\n|faint|p2a: Samurott\n|\n|upkeep\n|\n|t:|1701141491\n|switch|p2a: Grimmsnarl|Grimmsnarl, M|100\/100\n|-damage|p2a: Grimmsnarl|88\/100|[from] Spikes\n|-damage|p2a: Grimmsnarl|76\/100|[from] Stealth Rock\n|turn|14\n|\n|t:|1701141504\n|move|p2a: Grimmsnarl|Reflect|p2a: Grimmsnarl\n|-sidestart|p2: Lunick01|Reflect\n|move|p1a: Ogerpon|U-turn|p2a: Grimmsnarl\n|-damage|p2a: Grimmsnarl|59\/100\n|inactive|SeniaKC has 120 seconds left.\n|inactive|SeniaKC has 90 seconds left.\n|\n|t:|1701141567\n|switch|p1a: Clefable|Clefable, F|31\/100|[from] U-turn\n|\n|-heal|p1a: Clefable|38\/100|[from] item: Leftovers\n|upkeep\n|turn|15\n|\n|t:|1701141574\n|move|p2a: Grimmsnarl|Parting Shot|p1a: Clefable\n|-unboost|p1a: Clefable|atk|1\n|-unboost|p1a: Clefable|spa|1\n|\n|t:|1701141579\n|switch|p2a: Kingambit|Kingambit, M|100\/100|[from] Parting Shot\n|-damage|p2a: Kingambit|88\/100|[from] Spikes\n|-damage|p2a: Kingambit|82\/100|[from] Stealth Rock\n|-activate|p2a: Kingambit|ability: Supreme Overlord\n|-start|p2a: Kingambit|fallen2|[silent]\n|move|p1a: Clefable|Moonlight|p1a: Clefable\n|-heal|p1a: Clefable|88\/100\n|\n|-heal|p1a: Clefable|94\/100|[from] item: Leftovers\n|-heal|p2a: Kingambit|88\/100|[from] item: Leftovers\n|upkeep\n|turn|16\n|inactive|SeniaKC has 90 seconds left.\n|inactive|SeniaKC has 60 seconds left.\n|\n|t:|1701141637\n|switch|p1a: Ribombee|Ribombee, F|100\/100\n|-damage|p1a: Ribombee|76\/100|[from] Spikes\n|move|p2a: Kingambit|Swords Dance|p2a: Kingambit\n|-boost|p2a: Kingambit|atk|2\n|\n|-heal|p2a: Kingambit|94\/100|[from] item: Leftovers\n|upkeep\n|turn|17\n|inactive|SeniaKC has 30 seconds left.\n|\n|t:|1701141664\n|move|p1a: Ribombee|Stun Spore|p2a: Kingambit\n|-status|p2a: Kingambit|par\n|move|p2a: Kingambit|Kowtow Cleave|p1a: Ribombee\n|-resisted|p1a: Ribombee\n|-damage|p1a: Ribombee|0 fnt\n|faint|p1a: Ribombee\n|\n|-heal|p2a: Kingambit|100\/100 par|[from] item: Leftovers\n|upkeep\n|inactive|SeniaKC has 30 seconds left this turn.\n|inactive|SeniaKC has 20 seconds left.\n|inactive|SeniaKC has 15 seconds left.\n|inactive|SeniaKC has 10 seconds left.\n|inactive|SeniaKC has 5 seconds left.\n|\n|t:|1701141690\n|switch|p1a: Cinderace|Cinderace, M|100\/100\n|turn|18\n|inactive|SeniaKC has 15 seconds left this turn.\n|inactive|SeniaKC has 10 seconds left.\n|inactive|SeniaKC has 5 seconds left.\n|\n|t:|1701141704\n|move|p1a: Cinderace|Court Change|p1a: Cinderace\n|-start|p1a: Cinderace|typechange|Normal|[from] ability: Libero\n|-swapsideconditions\n|-activate|p1a: Cinderace|move: Court Change\n|cant|p2a: Kingambit|par\n|\n|upkeep\n|turn|19\n|inactive|SeniaKC has 15 seconds left this turn.\n|\n|t:|1701141713\n|move|p1a: Cinderace|Low Kick|p2a: Kingambit\n|-supereffective|p2a: Kingambit\n|-damage|p2a: Kingambit|1\/100 par\n|move|p2a: Kingambit|Kowtow Cleave|p1a: Cinderace\n|-damage|p1a: Cinderace|11\/100\n|\n|-heal|p2a: Kingambit|8\/100 par|[from] item: Leftovers\n|upkeep\n|turn|20\n|inactive|SeniaKC has 25 seconds left this turn.\n|\n|t:|1701141719\n|cant|p2a: Kingambit|par\n|move|p1a: Cinderace|U-turn|p2a: Kingambit\n|-damage|p2a: Kingambit|0 fnt\n|faint|p2a: Kingambit\n|-end|p2a: Kingambit|fallen2|[silent]\n|inactive|SeniaKC has 30 seconds left this turn.\n|\n|t:|1701141724\n|switch|p1a: Clefable|Clefable, F|94\/100|[from] U-turn\n|\n|-heal|p1a: Clefable|99\/100|[from] item: Leftovers\n|upkeep\n|inactive|SeniaKC has 30 seconds left this turn.\n|\n|t:|1701141734\n|switch|p2a: Manaphy|Manaphy, shiny|100\/100\n|-damage|p2a: Manaphy|75\/100|[from] Spikes\n|turn|21\n|\n|t:|1701141739\n|switch|p1a: Ogerpon|Ogerpon-Wellspring, F|62\/100\n|-damage|p1a: Ogerpon|50\/100|[from] Spikes\n|-damage|p1a: Ogerpon|38\/100|[from] Stealth Rock\n|move|p2a: Manaphy|Acid Armor|p2a: Manaphy\n|-boost|p2a: Manaphy|def|2\n|\n|-heal|p2a: Manaphy|82\/100|[from] item: Leftovers\n|-sideend|p1: SeniaKC|Reflect\n|upkeep\n|turn|22\n|\n|t:|1701141744\n|switch|p2a: Grimmsnarl|Grimmsnarl, M|59\/100\n|-damage|p2a: Grimmsnarl|34\/100|[from] Spikes\n|move|p1a: Ogerpon|Encore||[still]\n|-fail|p1a: Ogerpon\n|\n|upkeep\n|turn|23\n|\n|t:|1701141757\n|move|p2a: Grimmsnarl|Reflect|p2a: Grimmsnarl\n|-sidestart|p2: Lunick01|Reflect\n|move|p1a: Ogerpon|Ivy Cudgel|p2a: Grimmsnarl|[anim] Ivy Cudgel Water\n|-damage|p2a: Grimmsnarl|0 fnt\n|faint|p2a: Grimmsnarl\n|\n|upkeep\n|\n|t:|1701141763\n|switch|p2a: Garchomp|Garchomp, F|100\/100\n|-damage|p2a: Garchomp|76\/100|[from] Spikes\n|turn|24\n|inactive|SeniaKC has 30 seconds left.\n|inactive|SeniaKC has 20 seconds left.\n|inactive|SeniaKC has 15 seconds left.\n|inactive|SeniaKC has 10 seconds left.\n|\n|t:|1701141817\n|switch|p1a: Clodsire|Clodsire, M|40\/100\n|-damage|p1a: Clodsire|28\/100|[from] Spikes\n|-damage|p1a: Clodsire|22\/100|[from] Stealth Rock\n|move|p2a: Garchomp|Scale Shot|p1a: Clodsire|[miss]\n|-miss|p2a: Garchomp|p1a: Clodsire\n|\n|-heal|p1a: Clodsire|28\/100|[from] item: Leftovers\n|upkeep\n|turn|25\n|inactive|SeniaKC has 20 seconds left this turn.\n|inactive|SeniaKC has 15 seconds left.\n|\n|t:|1701141830\n|move|p2a: Garchomp|Earthquake|p1a: Clodsire\n|-supereffective|p1a: Clodsire\n|-damage|p1a: Clodsire|0 fnt\n|faint|p1a: Clodsire\n|\n|upkeep\n|inactive|SeniaKC has 20 seconds left this turn.\n|\n|t:|1701141834\n|switch|p1a: Clefable|Clefable, F|99\/100\n|turn|26\n|inactive|SeniaKC has 30 seconds left this turn.\n|\n|t:|1701141842\n|move|p2a: Garchomp|Swords Dance|p2a: Garchomp\n|-boost|p2a: Garchomp|atk|2\n|move|p1a: Clefable|Knock Off|p2a: Garchomp\n|-damage|p2a: Garchomp|68\/100\n|-activate|p2a: Garchomp|ability: Rough Skin\n|-enditem|p2a: Garchomp|Loaded Dice|[from] move: Knock Off|[of] p1a: Clefable\n|\n|-heal|p1a: Clefable|100\/100|[from] item: Leftovers\n|upkeep\n|turn|27\n|inactive|SeniaKC has 30 seconds left.\n|\n|t:|1701141849\n|move|p2a: Garchomp|Earthquake|p1a: Clefable\n|-damage|p1a: Clefable|25\/100\n|move|p1a: Clefable|Moonblast|p2a: Garchomp\n|-supereffective|p2a: Garchomp\n|-damage|p2a: Garchomp|0 fnt\n|faint|p2a: Garchomp\n|\n|-heal|p1a: Clefable|31\/100|[from] item: Leftovers\n|upkeep\n|\n|t:|1701141853\n|switch|p2a: Manaphy|Manaphy, shiny|82\/100\n|-damage|p2a: Manaphy|57\/100|[from] Spikes\n|turn|28\n|\n|t:|1701141858\n|move|p2a: Manaphy|Stored Power|p1a: Clefable\n|-damage|p1a: Clefable|27\/100\n|move|p1a: Clefable|Moonblast|p2a: Manaphy\n|-damage|p2a: Manaphy|28\/100\n|-unboost|p2a: Manaphy|spa|1\n|\n|-heal|p2a: Manaphy|34\/100|[from] item: Leftovers\n|-heal|p1a: Clefable|33\/100|[from] item: Leftovers\n|upkeep\n|turn|29\n|-message|Lunick01 forfeited.\n|\n|win|SeniaKC\n|raw|SeniaKC's rating: 1433 &rarr; <strong>1457<\/strong><br \/>(+24 for winning)\n|raw|Lunick01's rating: 1511 &rarr; <strong>1487<\/strong><br \/>(-24 for losing)\n|l|\u2606Lunick01\n","uploadtime":1701141874,"views":9,"p1id":"seniakc","p2id":"lunick01","formatid":"gen9ou","rating":1457,"private":0,"password":""}