{"id":"gen9ou-1990832334","p1":"SoosTheMoose","p2":"Username momento","format":"[Gen 9] OU","log":"|j|\u2606SoosTheMoose\n|j|\u2606Username momento\n|inactive|Battle timer is ON: inactive players will automatically lose when time's up.\n|t:|1700005460\n|gametype|singles\n|player|p1|SoosTheMoose|bruno|\n|player|p2|Username momento|ninjaboy|\n|teamsize|p1|6\n|teamsize|p2|6\n|gen|9\n|tier|[Gen 9] OU\n|rated|Tournament battle\n|rule|Sleep Clause Mod: Limit one foe put to sleep\n|rule|Species Clause: Limit one of each Pok\u00e9mon\n|rule|OHKO Clause: OHKO moves are banned\n|rule|Evasion Items Clause: Evasion items are banned\n|rule|Evasion Moves Clause: Evasion moves are banned\n|rule|Endless Battle Clause: Forcing endless battles is banned\n|rule|HP Percentage Mod: HP is shown in percentages\n|clearpoke\n|poke|p1|Rillaboom, F|\n|poke|p1|Sneasler, F|\n|poke|p1|Zamazenta-*|\n|poke|p1|Heatran, F|\n|poke|p1|Hatterene, F|\n|poke|p1|Manaphy|\n|poke|p2|Meowscarada, M|\n|poke|p2|Kingambit, M|\n|poke|p2|Zapdos|\n|poke|p2|Zamazenta-*|\n|poke|p2|Great Tusk|\n|poke|p2|Iron Moth|\n|teampreview\n|inactive|SoosTheMoose also wants the timer to be on.\n|c|\u2606SoosTheMoose|gl hf !\n|j| used spikes\n|l| used spikes\n|c|\u2606Username momento|gl\n|\n|t:|1700005481\n|start\n|switch|p1a: Heatran|Heatran, F|100\/100\n|switch|p2a: Zapdos|Zapdos|100\/100\n|-item|p1a: Heatran|Air Balloon\n|turn|1\n|j| littlewheel2\n|\n|t:|1700005486\n|move|p2a: Zapdos|Discharge|p1a: Heatran\n|-damage|p1a: Heatran|81\/100\n|-enditem|p1a: Heatran|Air Balloon\n|move|p1a: Heatran|Magma Storm|p2a: Zapdos\n|-damage|p2a: Zapdos|61\/100\n|-activate|p2a: Zapdos|move: Magma Storm|[of] p1a: Heatran\n|\n|-heal|p2a: Zapdos|68\/100|[from] item: Leftovers\n|-damage|p2a: Zapdos|55\/100|[from] move: Magma Storm|[partiallytrapped]\n|upkeep\n|turn|2\n|\n|t:|1700005492\n|move|p2a: Zapdos|Volt Switch|p1a: Heatran\n|-damage|p1a: Heatran|64\/100\n|\n|t:|1700005500\n|switch|p2a: Iron Moth|Iron Moth|100\/100|[from] Volt Switch\n|-enditem|p2a: Iron Moth|Booster Energy\n|-activate|p2a: Iron Moth|ability: Quark Drive|[fromitem]\n|-start|p2a: Iron Moth|quarkdrivespe\n|move|p1a: Heatran|Magma Storm|p2a: Iron Moth|[miss]\n|-miss|p1a: Heatran|p2a: Iron Moth\n|\n|upkeep\n|turn|3\n|\n|t:|1700005506\n|-terastallize|p2a: Iron Moth|Ground\n|move|p2a: Iron Moth|Tera Blast|p1a: Heatran|[anim] Tera Blast Ground\n|-supereffective|p1a: Heatran\n|-crit|p1a: Heatran\n|-damage|p1a: Heatran|0 fnt\n|faint|p1a: Heatran\n|\n|upkeep\n|\n|t:|1700005516\n|switch|p1a: Rillaboom|Rillaboom, F|100\/100\n|-fieldstart|move: Grassy Terrain|[from] ability: Grassy Surge|[of] p1a: Rillaboom\n|turn|4\n|j| pokemonisrigged725\n|\n|t:|1700005525\n|-end|p2a: Iron Moth|Quark Drive|[silent]\n|switch|p2a: Zapdos|Zapdos|55\/100\n|move|p1a: Rillaboom|U-turn|p2a: Zapdos\n|-resisted|p2a: Zapdos\n|-damage|p2a: Zapdos|42\/100\n|\n|t:|1700005535\n|switch|p1a: Sneasler|Sneasler, F|100\/100|[from] U-turn\n|-enditem|p1a: Sneasler|Grassy Seed\n|-boost|p1a: Sneasler|def|1|[from] item: Grassy Seed\n|\n|-heal|p2a: Zapdos|49\/100|[from] item: Leftovers\n|upkeep\n|turn|5\n|\n|t:|1700005540\n|move|p1a: Sneasler|Dire Claw|p2a: Zapdos\n|-damage|p2a: Zapdos|16\/100\n|move|p2a: Zapdos|Hurricane|p1a: Sneasler\n|-supereffective|p1a: Sneasler\n|-damage|p1a: Sneasler|0 fnt\n|faint|p1a: Sneasler\n|\n|-heal|p2a: Zapdos|23\/100|[from] item: Leftovers\n|upkeep\n|\n|t:|1700005545\n|switch|p1a: Hatterene|Hatterene, F|100\/100\n|-enditem|p1a: Hatterene|Grassy Seed\n|-boost|p1a: Hatterene|def|1|[from] item: Grassy Seed\n|turn|6\n|j| SDK04\n|c|\u2606Username momento|Switching over to a defensive set has really helped me out, huh\n|\n|t:|1700005559\n|move|p2a: Zapdos|Roost|p2a: Zapdos\n|-heal|p2a: Zapdos|73\/100\n|-singleturn|p2a: Zapdos|move: Roost\n|move|p1a: Hatterene|Calm Mind|p1a: Hatterene\n|-boost|p1a: Hatterene|spa|1\n|-boost|p1a: Hatterene|spd|1\n|\n|-heal|p2a: Zapdos|79\/100|[from] Grassy Terrain\n|-heal|p2a: Zapdos|85\/100|[from] item: Leftovers\n|upkeep\n|turn|7\n|\n|t:|1700005565\n|move|p2a: Zapdos|Volt Switch|p1a: Hatterene\n|-crit|p1a: Hatterene\n|-damage|p1a: Hatterene|52\/100\n|c|\u2606SoosTheMoose|oh boy\n|\n|t:|1700005574\n|switch|p2a: Kingambit|Kingambit, M|100\/100|[from] Volt Switch\n|move|p1a: Hatterene|Calm Mind|p1a: Hatterene\n|-boost|p1a: Hatterene|spa|1\n|-boost|p1a: Hatterene|spd|1\n|\n|-heal|p1a: Hatterene|58\/100|[from] Grassy Terrain\n|upkeep\n|turn|8\n|\n|t:|1700005577\n|-terastallize|p1a: Hatterene|Water\n|move|p2a: Kingambit|Iron Head|p1a: Hatterene\n|-resisted|p1a: Hatterene\n|-damage|p1a: Hatterene|45\/100\n|move|p1a: Hatterene|Draining Kiss|p2a: Kingambit\n|-damage|p2a: Kingambit|60\/100\n|-heal|p1a: Hatterene|83\/100|[from] drain|[of] p2a: Kingambit\n|\n|-heal|p2a: Kingambit|67\/100|[from] Grassy Terrain\n|-heal|p2a: Kingambit|73\/100|[from] item: Leftovers\n|-heal|p1a: Hatterene|89\/100|[from] Grassy Terrain\n|-fieldend|move: Grassy Terrain\n|upkeep\n|turn|9\n|\n|t:|1700005585\n|-end|p2a: Kingambit|fallenundefined|[silent]\n|switch|p2a: Iron Moth|Iron Moth, tera:Ground|100\/100\n|move|p1a: Hatterene|Nuzzle|p2a: Iron Moth\n|-immune|p2a: Iron Moth\n|\n|upkeep\n|turn|10\n|\n|t:|1700005595\n|move|p2a: Iron Moth|Sludge Wave|p1a: Hatterene\n|-damage|p1a: Hatterene|62\/100\n|move|p1a: Hatterene|Draining Kiss|p2a: Iron Moth\n|-damage|p2a: Iron Moth|56\/100\n|-heal|p1a: Hatterene|94\/100|[from] drain|[of] p2a: Iron Moth\n|\n|upkeep\n|turn|11\n|\n|t:|1700005602\n|move|p2a: Iron Moth|Sludge Wave|p1a: Hatterene\n|-damage|p1a: Hatterene|67\/100\n|move|p1a: Hatterene|Draining Kiss|p2a: Iron Moth\n|-damage|p2a: Iron Moth|15\/100\n|-heal|p1a: Hatterene|96\/100|[from] drain|[of] p2a: Iron Moth\n|\n|upkeep\n|turn|12\n|\n|t:|1700005606\n|move|p2a: Iron Moth|Sludge Wave|p1a: Hatterene\n|-damage|p1a: Hatterene|72\/100\n|move|p1a: Hatterene|Draining Kiss|p2a: Iron Moth\n|-damage|p2a: Iron Moth|0 fnt\n|-heal|p1a: Hatterene|82\/100|[from] drain|[of] p2a: Iron Moth\n|faint|p2a: Iron Moth\n|-end|p2a: Iron Moth|Quark Drive|[silent]\n|\n|upkeep\n|\n|t:|1700005611\n|switch|p2a: Meowscarada|Meowscarada, M|100\/100\n|turn|13\n|c|\u2606SoosTheMoose|thank god\n|\n|t:|1700005614\n|move|p2a: Meowscarada|Flower Trick|p1a: Hatterene\n|-start|p2a: Meowscarada|typechange|Grass|[from] ability: Protean\n|-supereffective|p1a: Hatterene\n|-crit|p1a: Hatterene\n|-damage|p1a: Hatterene|0 fnt\n|faint|p1a: Hatterene\n|\n|upkeep\n|c|\u2606SoosTheMoose|i lose to zapdos ig, gg\n|\n|t:|1700005636\n|switch|p1a: Rillaboom|Rillaboom, F|100\/100\n|-fieldstart|move: Grassy Terrain|[from] ability: Grassy Surge|[of] p1a: Rillaboom\n|turn|14\n|\n|t:|1700005641\n|switch|p2a: Zamazenta|Zamazenta|100\/100\n|-ability|p2a: Zamazenta|Dauntless Shield|boost\n|-boost|p2a: Zamazenta|def|1\n|move|p1a: Rillaboom|Wood Hammer|p2a: Zamazenta\n|-damage|p2a: Zamazenta|39\/100\n|-damage|p1a: Rillaboom|83\/100|[from] Recoil\n|\n|-heal|p2a: Zamazenta|46\/100|[from] Grassy Terrain\n|-heal|p2a: Zamazenta|52\/100|[from] item: Leftovers\n|-heal|p1a: Rillaboom|89\/100|[from] Grassy Terrain\n|upkeep\n|turn|15\n|\n|t:|1700005646\n|move|p2a: Zamazenta|Body Press|p1a: Rillaboom\n|-damage|p1a: Rillaboom|26\/100\n|move|p1a: Rillaboom|Wood Hammer|p2a: Zamazenta\n|-damage|p2a: Zamazenta|0 fnt\n|faint|p2a: Zamazenta\n|-damage|p1a: Rillaboom|12\/100|[from] Recoil\n|\n|-heal|p1a: Rillaboom|18\/100|[from] Grassy Terrain\n|upkeep\n|\n|t:|1700005654\n|switch|p2a: Zapdos|Zapdos|85\/100\n|turn|16\n|\n|t:|1700005657\n|move|p1a: Rillaboom|Wood Hammer|p2a: Zapdos\n|-resisted|p2a: Zapdos\n|-damage|p2a: Zapdos|41\/100\n|-damage|p1a: Rillaboom|3\/100|[from] Recoil\n|move|p2a: Zapdos|Volt Switch|p1a: Rillaboom\n|-resisted|p1a: Rillaboom\n|-damage|p1a: Rillaboom|0 fnt\n|faint|p1a: Rillaboom\n|\n|t:|1700005665\n|switch|p2a: Meowscarada|Meowscarada, M|100\/100|[from] Volt Switch\n|\n|upkeep\n|\n|t:|1700005667\n|switch|p1a: Zamazenta|Zamazenta|100\/100\n|-ability|p1a: Zamazenta|Dauntless Shield|boost\n|-boost|p1a: Zamazenta|def|1\n|turn|17\n|\n|t:|1700005670\n|move|p1a: Zamazenta|Iron Defense|p1a: Zamazenta\n|-boost|p1a: Zamazenta|def|2\n|move|p2a: Meowscarada|Flower Trick|p1a: Zamazenta\n|-start|p2a: Meowscarada|typechange|Grass|[from] ability: Protean\n|-crit|p1a: Zamazenta\n|-damage|p1a: Zamazenta|29\/100\n|\n|-heal|p1a: Zamazenta|35\/100|[from] Grassy Terrain\n|-heal|p1a: Zamazenta|42\/100|[from] item: Leftovers\n|upkeep\n|turn|18\n|\n|t:|1700005676\n|move|p1a: Zamazenta|Body Press|p2a: Meowscarada\n|-damage|p2a: Meowscarada|0 fnt\n|faint|p2a: Meowscarada\n|\n|-heal|p1a: Zamazenta|48\/100|[from] Grassy Terrain\n|-heal|p1a: Zamazenta|54\/100|[from] item: Leftovers\n|-fieldend|move: Grassy Terrain\n|upkeep\n|\n|t:|1700005680\n|switch|p2a: Zapdos|Zapdos|41\/100\n|turn|19\n|\n|t:|1700005683\n|move|p1a: Zamazenta|Body Press|p2a: Zapdos\n|-resisted|p2a: Zapdos\n|-damage|p2a: Zapdos|8\/100\n|move|p2a: Zapdos|Hurricane|p1a: Zamazenta\n|-supereffective|p1a: Zamazenta\n|-damage|p1a: Zamazenta|0 fnt\n|faint|p1a: Zamazenta\n|\n|-heal|p2a: Zapdos|14\/100|[from] item: Leftovers\n|upkeep\n|\n|t:|1700005686\n|switch|p1a: Manaphy|Manaphy|100\/100\n|turn|20\n|\n|t:|1700005691\n|move|p1a: Manaphy|Scald|p2a: Zapdos\n|-damage|p2a: Zapdos|0 fnt\n|faint|p2a: Zapdos\n|\n|upkeep\n|\n|t:|1700005694\n|switch|p2a: Great Tusk|Great Tusk|100\/100\n|-enditem|p2a: Great Tusk|Booster Energy\n|-activate|p2a: Great Tusk|ability: Protosynthesis|[fromitem]\n|-start|p2a: Great Tusk|protosynthesisatk\n|turn|21\n|\n|t:|1700005700\n|move|p1a: Manaphy|Acid Armor|p1a: Manaphy\n|-boost|p1a: Manaphy|def|2\n|move|p2a: Great Tusk|Rapid Spin|p1a: Manaphy\n|-damage|p1a: Manaphy|92\/100\n|-boost|p2a: Great Tusk|spe|1\n|\n|-heal|p1a: Manaphy|98\/100|[from] item: Leftovers\n|upkeep\n|turn|22\n|\n|t:|1700005703\n|move|p2a: Great Tusk|Earthquake|p1a: Manaphy\n|-damage|p1a: Manaphy|71\/100\n|move|p1a: Manaphy|Acid Armor|p1a: Manaphy\n|-boost|p1a: Manaphy|def|2\n|\n|-heal|p1a: Manaphy|77\/100|[from] item: Leftovers\n|upkeep\n|turn|23\n|\n|t:|1700005706\n|move|p2a: Great Tusk|Earthquake|p1a: Manaphy\n|-damage|p1a: Manaphy|59\/100\n|move|p1a: Manaphy|Acid Armor|p1a: Manaphy\n|-boost|p1a: Manaphy|def|2\n|\n|-heal|p1a: Manaphy|65\/100|[from] item: Leftovers\n|upkeep\n|turn|24\n|\n|t:|1700005709\n|move|p2a: Great Tusk|Earthquake|p1a: Manaphy\n|-damage|p1a: Manaphy|53\/100\n|move|p1a: Manaphy|Stored Power|p2a: Great Tusk\n|-supereffective|p2a: Great Tusk\n|-damage|p2a: Great Tusk|0 fnt\n|faint|p2a: Great Tusk\n|-end|p2a: Great Tusk|Protosynthesis|[silent]\n|\n|-heal|p1a: Manaphy|59\/100|[from] item: Leftovers\n|upkeep\n|\n|t:|1700005712\n|switch|p2a: Kingambit|Kingambit, M|73\/100\n|-activate|p2a: Kingambit|ability: Supreme Overlord\n|-start|p2a: Kingambit|fallen5|[silent]\n|turn|25\n|\n|t:|1700005714\n|move|p1a: Manaphy|Scald|p2a: Kingambit\n|-damage|p2a: Kingambit|46\/100\n|move|p2a: Kingambit|Swords Dance|p2a: Kingambit\n|-boost|p2a: Kingambit|atk|2\n|\n|-heal|p1a: Manaphy|66\/100|[from] item: Leftovers\n|-heal|p2a: Kingambit|52\/100|[from] item: Leftovers\n|upkeep\n|turn|26\n|\n|t:|1700005720\n|move|p1a: Manaphy|Scald|p2a: Kingambit\n|-damage|p2a: Kingambit|24\/100\n|move|p2a: Kingambit|Kowtow Cleave|p1a: Manaphy\n|-damage|p1a: Manaphy|36\/100\n|\n|-heal|p1a: Manaphy|42\/100|[from] item: Leftovers\n|-heal|p2a: Kingambit|31\/100|[from] item: Leftovers\n|upkeep\n|turn|27\n|\n|t:|1700005726\n|move|p1a: Manaphy|Scald|p2a: Kingambit\n|-damage|p2a: Kingambit|4\/100\n|move|p2a: Kingambit|Kowtow Cleave|p1a: Manaphy\n|-damage|p1a: Manaphy|13\/100\n|\n|-heal|p1a: Manaphy|20\/100|[from] item: Leftovers\n|-heal|p2a: Kingambit|11\/100|[from] item: Leftovers\n|upkeep\n|turn|28\n|\n|t:|1700005738\n|move|p2a: Kingambit|Sucker Punch|p1a: Manaphy\n|-damage|p1a: Manaphy|0 fnt\n|faint|p1a: Manaphy\n|\n|win|Username momento\n|n|\u2606SoosTheMoose|soosthemoose\n|n|\u2606Username momento|usernamemomento\n|n| littlewheel2|littlewheel2\n|n| pokemonisrigged725|pokemonisrigged725\n|n| SDK04|sdk04\n|c|\u2606Username momento|Damn\n|c|\u2606SoosTheMoose|Shit man\n|c|\u2606SoosTheMoose|gg\n|c|\u2606Username momento|gg\n","uploadtime":1700005747,"views":24,"p1id":"soosthemoose","p2id":"usernamemomento","formatid":"gen9ou","rating":0,"private":0,"password":""}