{"id":"gen9ou-1990952285","p1":"Rihhh","p2":"BillyNelson","format":"[Gen 9] OU","log":"|j|\u2606Rihhh\n|j|\u2606BillyNelson\n|t:|1700019039\n|gametype|singles\n|player|p1|Rihhh|169|1112\n|player|p2|BillyNelson|volkner|1088\n|teamsize|p1|6\n|teamsize|p2|6\n|gen|9\n|tier|[Gen 9] OU\n|rated|\n|rule|Sleep Clause Mod: Limit one foe put to sleep\n|rule|Species Clause: Limit one of each Pok\u00e9mon\n|rule|OHKO Clause: OHKO moves are banned\n|rule|Evasion Items Clause: Evasion items are banned\n|rule|Evasion Moves Clause: Evasion moves are banned\n|rule|Endless Battle Clause: Forcing endless battles is banned\n|rule|HP Percentage Mod: HP is shown in percentages\n|clearpoke\n|poke|p1|Sableye, M|\n|poke|p1|Victreebel, F|\n|poke|p1|Torkoal, M|\n|poke|p1|Spidops, F|\n|poke|p1|Ninetales-Alola, F|\n|poke|p1|Pawmot, F|\n|poke|p2|Glimmora, M|\n|poke|p2|Gholdengo|\n|poke|p2|Lucario, M|\n|poke|p2|Dragonite, F|\n|poke|p2|Greninja-*, M|\n|poke|p2|Orthworm, F|\n|teampreview\n|\n|t:|1700019048\n|start\n|switch|p1a: Tort|Torkoal, M|100\/100\n|switch|p2a: Orthworm|Orthworm, F|100\/100\n|-weather|SunnyDay|[from] ability: Drought|[of] p1a: Tort\n|turn|1\n|\n|t:|1700019057\n|move|p2a: Orthworm|Earth Power|p1a: Tort\n|-supereffective|p1a: Tort\n|-damage|p1a: Tort|44\/100\n|move|p1a: Tort|Lava Plume|p2a: Orthworm\n|-supereffective|p2a: Orthworm\n|-damage|p2a: Orthworm|0 fnt\n|faint|p2a: Orthworm\n|\n|-weather|SunnyDay|[upkeep]\n|upkeep\n|\n|t:|1700019066\n|switch|p2a: Gholdengo|Gholdengo|100\/100\n|turn|2\n|\n|t:|1700019074\n|switch|p1a: Fuggly|Victreebel, F|100\/100\n|move|p2a: Gholdengo|Shadow Ball|p1a: Fuggly\n|-damage|p1a: Fuggly|38\/100\n|-unboost|p1a: Fuggly|spd|1\n|\n|-weather|SunnyDay|[upkeep]\n|upkeep\n|turn|3\n|\n|t:|1700019078\n|move|p1a: Fuggly|Weather Ball|p2a: Gholdengo\n|-supereffective|p2a: Gholdengo\n|-damage|p2a: Gholdengo|0 fnt\n|faint|p2a: Gholdengo\n|-damage|p1a: Fuggly|28\/100|[from] item: Life Orb\n|\n|-weather|SunnyDay|[upkeep]\n|upkeep\n|\n|t:|1700019082\n|switch|p2a: Glimmora|Glimmora, M|100\/100\n|turn|4\n|\n|t:|1700019085\n|move|p1a: Fuggly|Sleep Powder|p2a: Glimmora\n|-status|p2a: Glimmora|slp|[from] move: Sleep Powder\n|cant|p2a: Glimmora|slp\n|\n|-weather|SunnyDay|[upkeep]\n|upkeep\n|turn|5\n|\n|t:|1700019092\n|-terastallize|p1a: Fuggly|Grass\n|move|p1a: Fuggly|Solar Beam||[still]\n|-prepare|p1a: Fuggly|Solar Beam\n|-anim|p1a: Fuggly|Solar Beam|p2a: Glimmora\n|-damage|p2a: Glimmora|0 fnt\n|faint|p2a: Glimmora\n|-damage|p1a: Fuggly|18\/100|[from] item: Life Orb\n|\n|-weather|SunnyDay|[upkeep]\n|upkeep\n|\n|t:|1700019096\n|switch|p2a: Lucario|Lucario, M|100\/100\n|turn|6\n|\n|t:|1700019100\n|switch|p1a: Ribeye|Sableye, M|100\/100\n|move|p2a: Lucario|Bullet Punch|p1a: Ribeye\n|-damage|p1a: Ribeye|83\/100\n|\n|-weather|SunnyDay|[upkeep]\n|upkeep\n|turn|7\n|\n|t:|1700019105\n|switch|p2a: Greninja|Greninja, M|100\/100\n|move|p1a: Ribeye|Thunder Wave|p2a: Greninja\n|-hint|Since gen 7, Dark is immune to Prankster moves.\n|-immune|p2a: Greninja\n|\n|-weather|SunnyDay|[upkeep]\n|upkeep\n|turn|8\n|\n|t:|1700019131\n|switch|p1a: Fuggly|Victreebel, F, tera:Grass|18\/100\n|move|p2a: Greninja|Gunk Shot|p1a: Fuggly\n|-start|p2a: Greninja|typechange|Poison|[from] ability: Protean\n|-supereffective|p1a: Fuggly\n|-damage|p1a: Fuggly|0 fnt\n|faint|p1a: Fuggly\n|\n|-weather|none\n|upkeep\n|\n|t:|1700019145\n|switch|p1a: Gwen|Spidops, F, shiny|100\/100\n|turn|9\n|\n|t:|1700019151\n|move|p2a: Greninja|Gunk Shot|p1a: Gwen|[miss]\n|-miss|p2a: Greninja|p1a: Gwen\n|move|p1a: Gwen|Sticky Web|p2a: Greninja\n|-sidestart|p2: BillyNelson|move: Sticky Web\n|\n|upkeep\n|turn|10\n|\n|t:|1700019180\n|move|p2a: Greninja|Gunk Shot|p1a: Gwen\n|-damage|p1a: Gwen|49\/100\n|move|p1a: Gwen|Memento|p2a: Greninja\n|-unboost|p2a: Greninja|atk|2\n|-unboost|p2a: Greninja|spa|2\n|faint|p1a: Gwen\n|\n|upkeep\n|\n|t:|1700019197\n|switch|p1a: Nieve|Ninetales-Alola, F, shiny|100\/100\n|-weather|Snow|[from] ability: Snow Warning|[of] p1a: Nieve\n|turn|11\n|\n|t:|1700019202\n|move|p2a: Greninja|Gunk Shot|p1a: Nieve\n|-supereffective|p1a: Nieve\n|-damage|p1a: Nieve|71\/100\n|-status|p1a: Nieve|psn\n|move|p1a: Nieve|Aurora Veil|p1a: Nieve\n|-sidestart|p1: Rihhh|move: Aurora Veil\n|\n|-weather|Snow|[upkeep]\n|-damage|p1a: Nieve|58\/100 psn|[from] psn\n|upkeep\n|turn|12\n|\n|t:|1700019208\n|move|p2a: Greninja|Spikes|p1a: Nieve\n|-sidestart|p1: Rihhh|Spikes\n|move|p1a: Nieve|Blizzard|p2a: Greninja\n|-damage|p2a: Greninja|51\/100\n|\n|-weather|Snow|[upkeep]\n|-damage|p1a: Nieve|46\/100 psn|[from] psn\n|upkeep\n|turn|13\n|\n|t:|1700019211\n|move|p2a: Greninja|Spikes|p1a: Nieve\n|-sidestart|p1: Rihhh|Spikes\n|move|p1a: Nieve|Blizzard|p2a: Greninja\n|-crit|p2a: Greninja\n|-damage|p2a: Greninja|0 fnt\n|faint|p2a: Greninja\n|\n|-weather|Snow|[upkeep]\n|-damage|p1a: Nieve|34\/100 psn|[from] psn\n|upkeep\n|\n|t:|1700019215\n|switch|p2a: Lucario|Lucario, M|100\/100\n|-activate|p2a: Lucario|move: Sticky Web\n|-unboost|p2a: Lucario|spe|1\n|turn|14\n|\n|t:|1700019220\n|move|p1a: Nieve|Moonblast|p2a: Lucario\n|-crit|p2a: Lucario\n|-damage|p2a: Lucario|39\/100\n|-unboost|p2a: Lucario|spa|1\n|move|p2a: Lucario|Swords Dance|p2a: Lucario\n|-boost|p2a: Lucario|atk|2\n|\n|-weather|Snow|[upkeep]\n|-damage|p1a: Nieve|22\/100 psn|[from] psn\n|upkeep\n|turn|15\n|\n|t:|1700019224\n|move|p2a: Lucario|Bullet Punch|p1a: Nieve\n|-supereffective|p1a: Nieve\n|-damage|p1a: Nieve|0 fnt\n|faint|p1a: Nieve\n|\n|-weather|none\n|upkeep\n|\n|t:|1700019247\n|switch|p1a: Ribeye|Sableye, M|83\/100\n|-damage|p1a: Ribeye|67\/100|[from] Spikes\n|turn|16\n|\n|t:|1700019252\n|move|p1a: Ribeye|Thunder Wave|p2a: Lucario\n|-status|p2a: Lucario|par\n|move|p2a: Lucario|Earthquake|p1a: Ribeye\n|-damage|p1a: Ribeye|36\/100\n|\n|upkeep\n|turn|17\n|\n|t:|1700019259\n|switch|p1a: Tort|Torkoal, M|44\/100\n|-damage|p1a: Tort|27\/100|[from] Spikes\n|-weather|SunnyDay|[from] ability: Drought|[of] p1a: Tort\n|move|p2a: Lucario|Bullet Punch|p1a: Tort\n|-resisted|p1a: Tort\n|-damage|p1a: Tort|22\/100\n|\n|-weather|SunnyDay|[upkeep]\n|upkeep\n|turn|18\n|\n|t:|1700019270\n|cant|p2a: Lucario|par\n|move|p1a: Tort|Earthquake|p2a: Lucario\n|-supereffective|p2a: Lucario\n|-damage|p2a: Lucario|0 fnt\n|faint|p2a: Lucario\n|\n|-weather|SunnyDay|[upkeep]\n|-sideend|p1: Rihhh|move: Aurora Veil\n|upkeep\n|\n|t:|1700019273\n|switch|p2a: Dragonite|Dragonite, F|100\/100\n|turn|19\n|\n|t:|1700019276\n|move|p2a: Dragonite|Substitute|p2a: Dragonite\n|-start|p2a: Dragonite|Substitute\n|-damage|p2a: Dragonite|76\/100\n|move|p1a: Tort|Yawn||[still]\n|-fail|p1a: Tort\n|\n|-weather|SunnyDay|[upkeep]\n|upkeep\n|turn|20\n|\n|t:|1700019285\n|switch|p1a: Shamwoww|Pawmot, F, shiny|100\/100\n|-damage|p1a: Shamwoww|84\/100|[from] Spikes\n|-singleturn|p2a: Dragonite|move: Focus Punch\n|move|p2a: Dragonite|Focus Punch|p1a: Shamwoww\n|-damage|p1a: Shamwoww|15\/100\n|\n|-weather|SunnyDay|[upkeep]\n|upkeep\n|turn|21\n|\n|t:|1700019331\n|-singleturn|p2a: Dragonite|move: Focus Punch\n|move|p1a: Shamwoww|Volt Switch|p2a: Dragonite\n|-activate|p2a: Dragonite|move: Substitute|[damage]\n|-damage|p1a: Shamwoww|5\/100|[from] item: Life Orb\n|\n|t:|1700019342\n|switch|p1a: Tort|Torkoal, M|22\/100|[from] Volt Switch\n|-damage|p1a: Tort|6\/100|[from] Spikes\n|move|p2a: Dragonite|Focus Punch|p1a: Tort\n|-damage|p1a: Tort|0 fnt\n|faint|p1a: Tort\n|\n|-weather|SunnyDay|[upkeep]\n|upkeep\n|\n|t:|1700019345\n|switch|p1a: Ribeye|Sableye, M|36\/100\n|-damage|p1a: Ribeye|20\/100|[from] Spikes\n|turn|22\n|\n|t:|1700019350\n|move|p2a: Dragonite|Hurricane|p1a: Ribeye|[miss]\n|-miss|p2a: Dragonite|p1a: Ribeye\n|move|p1a: Ribeye|Knock Off|p2a: Dragonite\n|-end|p2a: Dragonite|Substitute\n|\n|-weather|SunnyDay|[upkeep]\n|upkeep\n|turn|23\n|\n|t:|1700019360\n|move|p2a: Dragonite|Hurricane|p1a: Ribeye\n|-damage|p1a: Ribeye|0 fnt\n|faint|p1a: Ribeye\n|\n|-weather|SunnyDay|[upkeep]\n|upkeep\n|\n|t:|1700019362\n|switch|p1a: Shamwoww|Pawmot, F, shiny|5\/100\n|-damage|p1a: Shamwoww|0 fnt|[from] Spikes\n|faint|p1a: Shamwoww\n|\n|win|BillyNelson\n|raw|Rihhh's rating: 1112 &rarr; <strong>1085<\/strong><br \/>(-27 for losing)\n|raw|BillyNelson's rating: 1088 &rarr; <strong>1117<\/strong><br \/>(+29 for winning)\n","uploadtime":1700019368,"views":6,"p1id":"rihhh","p2id":"billynelson","formatid":"gen9ou","rating":1085,"private":0,"password":""}