{"id":"gen9ou-1994976657","p1":"SCHIZODROOLER98","p2":"new hole city","format":"[Gen 9] OU","log":"|j|\u2606SCHIZODROOLER98\n|j|\u2606new hole city\n|t:|1700509752\n|gametype|singles\n|player|p1|SCHIZODROOLER98|medium|1524\n|player|p2|new hole city|flannery|1458\n|teamsize|p1|6\n|teamsize|p2|6\n|gen|9\n|tier|[Gen 9] OU\n|rated|\n|rule|Sleep Clause Mod: Limit one foe put to sleep\n|rule|Species Clause: Limit one of each Pok\u00e9mon\n|rule|OHKO Clause: OHKO moves are banned\n|rule|Evasion Items Clause: Evasion items are banned\n|rule|Evasion Moves Clause: Evasion moves are banned\n|rule|Endless Battle Clause: Forcing endless battles is banned\n|rule|HP Percentage Mod: HP is shown in percentages\n|clearpoke\n|poke|p1|Ninetales-Alola, F|\n|poke|p1|Slowbro-Galar, M|\n|poke|p1|Enamorus-Therian, F|\n|poke|p1|Iron Hands|\n|poke|p1|Ceruledge, M|\n|poke|p1|Kingambit, M|\n|poke|p2|Garganacl, F|\n|poke|p2|Great Tusk|\n|poke|p2|Gholdengo|\n|poke|p2|Iron Valiant|\n|poke|p2|Dragonite, M|\n|poke|p2|Zapdos|\n|teampreview\n|\n|t:|1700509786\n|start\n|switch|p1a: DEEZ HANDS|Iron Hands|100\/100\n|switch|p2a: listens to ska|Gholdengo|100\/100\n|-item|p2a: listens to ska|Air Balloon\n|turn|1\n|inactive|Battle timer is ON: inactive players will automatically lose when time's up. (requested by SCHIZODROOLER98)\n|\n|t:|1700509798\n|move|p2a: listens to ska|Nasty Plot|p2a: listens to ska\n|-boost|p2a: listens to ska|spa|2\n|move|p1a: DEEZ HANDS|Swords Dance|p1a: DEEZ HANDS\n|-boost|p1a: DEEZ HANDS|atk|2\n|\n|upkeep\n|turn|2\n|c|\u2606SCHIZODROOLER98|based streetlight manifesto enjoyer\n|-activate|p1a: DEEZ HANDS|item: Quick Claw\n|\n|t:|1700509815\n|move|p1a: DEEZ HANDS|Thunder Punch|p2a: listens to ska\n|-damage|p2a: listens to ska|40\/100\n|-enditem|p2a: listens to ska|Air Balloon\n|move|p2a: listens to ska|Shadow Ball|p1a: DEEZ HANDS\n|-damage|p1a: DEEZ HANDS|38\/100\n|\n|upkeep\n|turn|3\n|c|\u2606new hole city|hell yeah\n|c|\u2606new hole city|i just think he has that energy\n|-activate|p1a: DEEZ HANDS|item: Quick Claw\n|\n|t:|1700509844\n|switch|p2a: the cooler daniel|Great Tusk|100\/100\n|move|p1a: DEEZ HANDS|Thunder Punch|p2a: the cooler daniel\n|-immune|p2a: the cooler daniel\n|\n|upkeep\n|turn|4\n|c|\u2606SCHIZODROOLER98|ye u right never saw it\n|c|\u2606SCHIZODROOLER98|but cant unsee it now\n|\n|t:|1700509857\n|move|p2a: the cooler daniel|Headlong Rush|p1a: DEEZ HANDS\n|-supereffective|p1a: DEEZ HANDS\n|-damage|p1a: DEEZ HANDS|0 fnt\n|-unboost|p2a: the cooler daniel|def|1\n|-unboost|p2a: the cooler daniel|spd|1\n|faint|p1a: DEEZ HANDS\n|-end|p1a: DEEZ HANDS|Quark Drive|[silent]\n|\n|upkeep\n|\n|t:|1700509869\n|switch|p1a: MIDWEST FURFEST|Ninetales-Alola, F, shiny|100\/100\n|-weather|Snow|[from] ability: Snow Warning|[of] p1a: MIDWEST FURFEST\n|turn|5\n|c|\u2606new hole city|oh thats a great name\n|\n|t:|1700509884\n|-end|p2a: the cooler daniel|Protosynthesis|[silent]\n|switch|p2a: listens to ska|Gholdengo|40\/100\n|move|p1a: MIDWEST FURFEST|Aurora Veil|p1a: MIDWEST FURFEST\n|-sidestart|p1: SCHIZODROOLER98|move: Aurora Veil\n|\n|-weather|Snow|[upkeep]\n|upkeep\n|turn|6\n|\n|t:|1700509898\n|switch|p1a: HE JUST LIKE ME FR|Kingambit, M|100\/100\n|-activate|p1a: HE JUST LIKE ME FR|ability: Supreme Overlord\n|-start|p1a: HE JUST LIKE ME FR|fallen1|[silent]\n|move|p2a: listens to ska|Recover|p2a: listens to ska\n|-heal|p2a: listens to ska|90\/100\n|\n|-weather|Snow|[upkeep]\n|upkeep\n|turn|7\n|\n|t:|1700509909\n|switch|p2a: Big Yellow|Zapdos|100\/100\n|move|p1a: HE JUST LIKE ME FR|Swords Dance|p1a: HE JUST LIKE ME FR\n|-boost|p1a: HE JUST LIKE ME FR|atk|2\n|\n|-weather|Snow|[upkeep]\n|upkeep\n|turn|8\n|-activate|p1a: HE JUST LIKE ME FR|item: Quick Claw\n|\n|t:|1700509921\n|move|p1a: HE JUST LIKE ME FR|Kowtow Cleave|p2a: Big Yellow\n|-damage|p2a: Big Yellow|0 fnt\n|-status|p1a: HE JUST LIKE ME FR|par|[from] ability: Static|[of] p2a: Big Yellow\n|faint|p2a: Big Yellow\n|\n|-weather|Snow|[upkeep]\n|upkeep\n|c|\u2606SCHIZODROOLER98|gotta go fast\n|\n|t:|1700509938\n|switch|p2a: Bonneville UT|Garganacl, F|100\/100\n|turn|9\n|\n|t:|1700509946\n|-terastallize|p2a: Bonneville UT|Water\n|move|p2a: Bonneville UT|Salt Cure|p1a: HE JUST LIKE ME FR\n|-resisted|p1a: HE JUST LIKE ME FR\n|-damage|p1a: HE JUST LIKE ME FR|98\/100 par\n|-start|p1a: HE JUST LIKE ME FR|Salt Cure\n|move|p1a: HE JUST LIKE ME FR|Iron Head|p2a: Bonneville UT\n|-resisted|p2a: Bonneville UT\n|-crit|p2a: Bonneville UT\n|-damage|p2a: Bonneville UT|57\/100\n|\n|-weather|none\n|-heal|p2a: Bonneville UT|63\/100|[from] item: Leftovers\n|-damage|p1a: HE JUST LIKE ME FR|73\/100 par|[from] Salt Cure\n|upkeep\n|turn|10\n|c|\u2606new hole city|i havent seen this team style in a bit\n|\n|t:|1700509962\n|-terastallize|p1a: HE JUST LIKE ME FR|Dark\n|move|p2a: Bonneville UT|Curse|p2a: Bonneville UT\n|-unboost|p2a: Bonneville UT|spe|1\n|-boost|p2a: Bonneville UT|atk|1\n|-boost|p2a: Bonneville UT|def|1\n|move|p1a: HE JUST LIKE ME FR|Kowtow Cleave|p2a: Bonneville UT\n|-damage|p2a: Bonneville UT|8\/100\n|\n|-heal|p2a: Bonneville UT|14\/100|[from] item: Leftovers\n|-damage|p1a: HE JUST LIKE ME FR|61\/100 par|[from] Salt Cure\n|upkeep\n|turn|11\n|c|\u2606SCHIZODROOLER98|i got top 400 back when fazbear was ou\n|c|\u2606SCHIZODROOLER98|so far ceruledge been good replacement counters cinderace well\n|inactive|SCHIZODROOLER98 has 120 seconds left.\n|inactive|new hole city has 120 seconds left.\n|\n|t:|1700510000\n|move|p2a: Bonneville UT|Recover|p2a: Bonneville UT\n|-heal|p2a: Bonneville UT|64\/100\n|move|p1a: HE JUST LIKE ME FR|Kowtow Cleave|p2a: Bonneville UT\n|-damage|p2a: Bonneville UT|8\/100\n|\n|-heal|p2a: Bonneville UT|14\/100|[from] item: Leftovers\n|-damage|p1a: HE JUST LIKE ME FR|48\/100 par|[from] Salt Cure\n|upkeep\n|turn|12\n|inactive|new hole city has 120 seconds left.\n|inactive|SCHIZODROOLER98 has 120 seconds left.\n|\n|t:|1700510014\n|-end|p1a: HE JUST LIKE ME FR|fallen1|[silent]\n|switch|p1a: MIDWEST FURFEST|Ninetales-Alola, F, shiny|100\/100\n|-weather|Snow|[from] ability: Snow Warning|[of] p1a: MIDWEST FURFEST\n|move|p2a: Bonneville UT|Recover|p2a: Bonneville UT\n|-heal|p2a: Bonneville UT|64\/100\n|\n|-weather|Snow|[upkeep]\n|-heal|p2a: Bonneville UT|71\/100|[from] item: Leftovers\n|-sideend|p1: SCHIZODROOLER98|move: Aurora Veil\n|upkeep\n|turn|13\n|inactive|new hole city has 120 seconds left.\n|\n|t:|1700510027\n|move|p1a: MIDWEST FURFEST|Aurora Veil|p1a: MIDWEST FURFEST\n|-sidestart|p1: SCHIZODROOLER98|move: Aurora Veil\n|move|p2a: Bonneville UT|Salt Cure|p1a: MIDWEST FURFEST\n|-supereffective|p1a: MIDWEST FURFEST\n|-damage|p1a: MIDWEST FURFEST|83\/100\n|-start|p1a: MIDWEST FURFEST|Salt Cure\n|\n|-weather|Snow|[upkeep]\n|-heal|p2a: Bonneville UT|77\/100|[from] item: Leftovers\n|-damage|p1a: MIDWEST FURFEST|71\/100|[from] Salt Cure\n|upkeep\n|turn|14\n|\n|t:|1700510038\n|switch|p1a: SKILL ISSUE|Slowbro-Galar, M, shiny|100\/100\n|move|p2a: Bonneville UT|Curse|p2a: Bonneville UT\n|-unboost|p2a: Bonneville UT|spe|1\n|-boost|p2a: Bonneville UT|atk|1\n|-boost|p2a: Bonneville UT|def|1\n|\n|-weather|Snow|[upkeep]\n|-heal|p2a: Bonneville UT|83\/100|[from] item: Leftovers\n|upkeep\n|turn|15\n|\n|t:|1700510047\n|move|p1a: SKILL ISSUE|Nasty Plot|p1a: SKILL ISSUE\n|-boost|p1a: SKILL ISSUE|spa|2\n|move|p2a: Bonneville UT|Earthquake|p1a: SKILL ISSUE\n|-supereffective|p1a: SKILL ISSUE\n|-damage|p1a: SKILL ISSUE|53\/100\n|\n|-weather|Snow|[upkeep]\n|-heal|p2a: Bonneville UT|89\/100|[from] item: Leftovers\n|upkeep\n|turn|16\n|-activate|p1a: SKILL ISSUE|ability: Quick Draw\n|\n|t:|1700510055\n|move|p1a: SKILL ISSUE|Focus Blast|p2a: Bonneville UT\n|-damage|p2a: Bonneville UT|28\/100\n|move|p2a: Bonneville UT|Salt Cure|p1a: SKILL ISSUE\n|-damage|p1a: SKILL ISSUE|40\/100\n|-start|p1a: SKILL ISSUE|Salt Cure\n|\n|-weather|none\n|-heal|p2a: Bonneville UT|34\/100|[from] item: Leftovers\n|-damage|p1a: SKILL ISSUE|28\/100|[from] Salt Cure\n|upkeep\n|turn|17\n|-activate|p1a: SKILL ISSUE|ability: Quick Draw\n|\n|t:|1700510066\n|move|p1a: SKILL ISSUE|Focus Blast|p2a: Bonneville UT|[miss]\n|-miss|p1a: SKILL ISSUE|p2a: Bonneville UT\n|move|p2a: Bonneville UT|Earthquake|p1a: SKILL ISSUE\n|-supereffective|p1a: SKILL ISSUE\n|-damage|p1a: SKILL ISSUE|0 fnt\n|faint|p1a: SKILL ISSUE\n|\n|-heal|p2a: Bonneville UT|40\/100|[from] item: Leftovers\n|upkeep\n|\n|t:|1700510075\n|switch|p1a: ASTAGHFIRULLAH|Enamorus-Therian, F, shiny|100\/100\n|turn|18\n|\n|t:|1700510085\n|move|p1a: ASTAGHFIRULLAH|Moonblast|p2a: Bonneville UT\n|-damage|p2a: Bonneville UT|0 fnt\n|faint|p2a: Bonneville UT\n|\n|upkeep\n|\n|t:|1700510089\n|switch|p2a: listens to ska|Gholdengo|90\/100\n|turn|19\n|\n|t:|1700510099\n|move|p2a: listens to ska|Nasty Plot|p2a: listens to ska\n|-boost|p2a: listens to ska|spa|2\n|move|p1a: ASTAGHFIRULLAH|Calm Mind|p1a: ASTAGHFIRULLAH\n|-boost|p1a: ASTAGHFIRULLAH|spa|1\n|-boost|p1a: ASTAGHFIRULLAH|spd|1\n|\n|upkeep\n|turn|20\n|\n|t:|1700510106\n|move|p2a: listens to ska|Make It Rain|p1a: ASTAGHFIRULLAH\n|-supereffective|p1a: ASTAGHFIRULLAH\n|-damage|p1a: ASTAGHFIRULLAH|30\/100\n|-unboost|p2a: listens to ska|spa|1\n|move|p1a: ASTAGHFIRULLAH|Earth Power|p2a: listens to ska\n|-supereffective|p2a: listens to ska\n|-damage|p2a: listens to ska|0 fnt\n|faint|p2a: listens to ska\n|\n|-sideend|p1: SCHIZODROOLER98|move: Aurora Veil\n|upkeep\n|\n|t:|1700510123\n|switch|p2a: faster than u|Dragonite, M|100\/100\n|turn|21\n|\n|t:|1700510134\n|switch|p1a: MIDWEST FURFEST|Ninetales-Alola, F, shiny|71\/100\n|-weather|Snow|[from] ability: Snow Warning|[of] p1a: MIDWEST FURFEST\n|move|p2a: faster than u|Extreme Speed|p1a: MIDWEST FURFEST\n|-damage|p1a: MIDWEST FURFEST|47\/100\n|\n|-weather|Snow|[upkeep]\n|upkeep\n|turn|22\n|\n|t:|1700510147\n|move|p1a: MIDWEST FURFEST|Aurora Veil|p1a: MIDWEST FURFEST\n|-sidestart|p1: SCHIZODROOLER98|move: Aurora Veil\n|move|p2a: faster than u|Dragon Dance|p2a: faster than u\n|-boost|p2a: faster than u|atk|1\n|-boost|p2a: faster than u|spe|1\n|\n|-weather|Snow|[upkeep]\n|upkeep\n|turn|23\n|\n|t:|1700510151\n|move|p2a: faster than u|Dragon Dance|p2a: faster than u\n|-boost|p2a: faster than u|atk|1\n|-boost|p2a: faster than u|spe|1\n|move|p1a: MIDWEST FURFEST|Freeze-Dry|p2a: faster than u\n|-supereffective|p2a: faster than u\n|-damage|p2a: faster than u|54\/100\n|\n|-weather|Snow|[upkeep]\n|upkeep\n|turn|24\n|\n|t:|1700510156\n|move|p2a: faster than u|Earthquake|p1a: MIDWEST FURFEST\n|-damage|p1a: MIDWEST FURFEST|16\/100\n|move|p1a: MIDWEST FURFEST|Freeze-Dry|p2a: faster than u\n|-supereffective|p2a: faster than u\n|-damage|p2a: faster than u|0 fnt\n|faint|p2a: faster than u\n|\n|-weather|Snow|[upkeep]\n|upkeep\n|\n|t:|1700510161\n|switch|p2a: hyperpop enjoyer|Iron Valiant|100\/100\n|turn|25\n|\n|t:|1700510168\n|move|p2a: hyperpop enjoyer|Moonblast|p1a: MIDWEST FURFEST\n|-damage|p1a: MIDWEST FURFEST|0 fnt\n|faint|p1a: MIDWEST FURFEST\n|\n|-weather|none\n|upkeep\n|\n|t:|1700510173\n|switch|p1a: JOHN DARKSOULS|Ceruledge, M|100\/100\n|turn|26\n|c|\u2606new hole city|JOHN DARKSOULS\n|c|\u2606new hole city|fuck yeah\n|\n|t:|1700510188\n|move|p2a: hyperpop enjoyer|Knock Off|p1a: JOHN DARKSOULS\n|-supereffective|p1a: JOHN DARKSOULS\n|-damage|p1a: JOHN DARKSOULS|68\/100\n|-enditem|p1a: JOHN DARKSOULS|Quick Claw|[from] move: Knock Off|[of] p2a: hyperpop enjoyer\n|move|p1a: JOHN DARKSOULS|Swords Dance|p1a: JOHN DARKSOULS\n|-boost|p1a: JOHN DARKSOULS|atk|2\n|\n|upkeep\n|turn|27\n|c|\u2606SCHIZODROOLER98|every soul has its dark\n|c|\u2606new hole city|gonna take a drink from my ester flask\n|inactive|new hole city has 120 seconds left.\n|c|\u2606SCHIZODROOLER98|xd man\n|\n|t:|1700510226\n|move|p2a: hyperpop enjoyer|Thunderbolt|p1a: JOHN DARKSOULS\n|-damage|p1a: JOHN DARKSOULS|54\/100\n|move|p1a: JOHN DARKSOULS|Bitter Blade|p2a: hyperpop enjoyer\n|-damage|p2a: hyperpop enjoyer|0 fnt\n|-heal|p1a: JOHN DARKSOULS|97\/100|[from] drain|[of] p2a: hyperpop enjoyer\n|faint|p2a: hyperpop enjoyer\n|-end|p2a: hyperpop enjoyer|Quark Drive|[silent]\n|\n|upkeep\n|\n|t:|1700510232\n|switch|p2a: the cooler daniel|Great Tusk|100\/100\n|turn|28\n|\n|t:|1700510240\n|move|p2a: the cooler daniel|Headlong Rush|p1a: JOHN DARKSOULS\n|-supereffective|p1a: JOHN DARKSOULS\n|-damage|p1a: JOHN DARKSOULS|31\/100\n|-unboost|p2a: the cooler daniel|def|1\n|-unboost|p2a: the cooler daniel|spd|1\n|move|p1a: JOHN DARKSOULS|Bitter Blade|p2a: the cooler daniel\n|-damage|p2a: the cooler daniel|0 fnt\n|-heal|p1a: JOHN DARKSOULS|87\/100|[from] drain|[of] p2a: the cooler daniel\n|faint|p2a: the cooler daniel\n|-end|p2a: the cooler daniel|Protosynthesis|[silent]\n|\n|win|SCHIZODROOLER98\n|raw|SCHIZODROOLER98's rating: 1524 &rarr; <strong>1540<\/strong><br \/>(+16 for winning)\n|raw|new hole city's rating: 1458 &rarr; <strong>1442<\/strong><br \/>(-16 for losing)\n|c|\u2606new hole city|gg\n|c|\u2606SCHIZODROOLER98|ggs\n","uploadtime":1700510254,"views":13,"p1id":"schizodrooler98","p2id":"newholecity","formatid":"gen9ou","rating":1442,"private":0,"password":""}