{"id":"gen9ou-1999543527","p1":"Kaleor","p2":"Eucalipto69!","format":"[Gen 9] OU","log":"|j|\u2606Kaleor\n|j|\u2606Eucalipto69!\n|t:|1701094469\n|gametype|singles\n|player|p1|Kaleor|swimmer-gen4dp|1656\n|player|p2|Eucalipto69!|alder|1731\n|teamsize|p1|6\n|teamsize|p2|6\n|gen|9\n|tier|[Gen 9] OU\n|rated|\n|rule|Sleep Clause Mod: Limit one foe put to sleep\n|rule|Species Clause: Limit one of each Pok\u00e9mon\n|rule|OHKO Clause: OHKO moves are banned\n|rule|Evasion Items Clause: Evasion items are banned\n|rule|Evasion Moves Clause: Evasion moves are banned\n|rule|Endless Battle Clause: Forcing endless battles is banned\n|rule|HP Percentage Mod: HP is shown in percentages\n|clearpoke\n|poke|p1|Cinderace, M|\n|poke|p1|Clefable, F|\n|poke|p1|Slowking-Galar, M|\n|poke|p1|Dragapult, M|\n|poke|p1|Zapdos|\n|poke|p1|Great Tusk|\n|poke|p2|Scizor, M|\n|poke|p2|Dragapult, F|\n|poke|p2|Kilowattrel, F|\n|poke|p2|Samurott-Hisui, F|\n|poke|p2|Great Tusk|\n|poke|p2|Ogerpon-Cornerstone, F|\n|teampreview\n|j| Jreeletree\n|inactive|Battle timer is ON: inactive players will automatically lose when time's up. (requested by Kaleor)\n|\n|t:|1701094514\n|start\n|switch|p1a: Dragapult|Dragapult, M|100\/100\n|switch|p2a: Dragapult|Dragapult, F|100\/100\n|turn|1\n|\n|t:|1701094520\n|move|p1a: Dragapult|Sucker Punch|p2a: Dragapult\n|-supereffective|p2a: Dragapult\n|-damage|p2a: Dragapult|7\/100\n|move|p2a: Dragapult|Dragon Darts|p1a: Dragapult\n|-supereffective|p1a: Dragapult\n|-damage|p1a: Dragapult|49\/100\n|-anim|p2a: Dragapult|Dragon Darts|p1a: Dragapult\n|-supereffective|p1a: Dragapult\n|-damage|p1a: Dragapult|0 fnt\n|faint|p1a: Dragapult\n|\n|-heal|p2a: Dragapult|13\/100|[from] item: Leftovers\n|upkeep\n|\n|t:|1701094526\n|switch|p1a: Clefable|Clefable, F|100\/100\n|turn|2\n|\n|t:|1701094539\n|switch|p2a: Scizor|Scizor, M|100\/100\n|move|p1a: Clefable|Knock Off|p2a: Scizor\n|-damage|p2a: Scizor|83\/100\n|-enditem|p2a: Scizor|Heavy-Duty Boots|[from] move: Knock Off|[of] p1a: Clefable\n|\n|upkeep\n|turn|3\n|\n|t:|1701094545\n|switch|p1a: Zapdos|Zapdos|100\/100\n|move|p2a: Scizor|Knock Off|p1a: Zapdos\n|-damage|p1a: Zapdos|69\/100\n|-status|p2a: Scizor|par|[from] ability: Static|[of] p1a: Zapdos\n|-enditem|p1a: Zapdos|Heavy-Duty Boots|[from] move: Knock Off|[of] p2a: Scizor\n|\n|upkeep\n|turn|4\n|\n|t:|1701094552\n|switch|p2a: Kilowattrel|Kilowattrel, F|100\/100\n|move|p1a: Zapdos|Volt Switch|p2a: Kilowattrel\n|-immune|p2a: Kilowattrel|[from] ability: Volt Absorb\n|\n|upkeep\n|turn|5\n|\n|t:|1701094562\n|switch|p1a: Slowking|Slowking-Galar, M|100\/100\n|move|p2a: Kilowattrel|Thunderbolt|p1a: Slowking\n|-damage|p1a: Slowking|84\/100\n|\n|upkeep\n|turn|6\n|\n|t:|1701094569\n|switch|p2a: Scizor|Scizor, M|83\/100 par\n|move|p1a: Slowking|Sludge Bomb|p2a: Scizor\n|-immune|p2a: Scizor\n|\n|upkeep\n|turn|7\n|\n|t:|1701094576\n|move|p1a: Slowking|Flamethrower|p2a: Scizor\n|-supereffective|p2a: Scizor\n|-damage|p2a: Scizor|0 fnt\n|faint|p2a: Scizor\n|\n|upkeep\n|\n|t:|1701094584\n|switch|p2a: Samurott|Samurott-Hisui, F, shiny|100\/100\n|turn|8\n|\n|t:|1701094592\n|switch|p1a: Zapdos|Zapdos|69\/100\n|move|p2a: Samurott|Aqua Cutter|p1a: Zapdos\n|-damage|p1a: Zapdos|20\/100\n|\n|upkeep\n|turn|9\n|\n|t:|1701094601\n|move|p1a: Zapdos|Roost|p1a: Zapdos\n|-heal|p1a: Zapdos|70\/100\n|-singleturn|p1a: Zapdos|move: Roost\n|move|p2a: Samurott|Ceaseless Edge|p1a: Zapdos\n|-damage|p1a: Zapdos|25\/100\n|-status|p2a: Samurott|par|[from] ability: Static|[of] p1a: Zapdos\n|-sidestart|p1: Kaleor|Spikes\n|\n|upkeep\n|turn|10\n|\n|t:|1701094616\n|move|p1a: Zapdos|Roost|p1a: Zapdos\n|-heal|p1a: Zapdos|75\/100\n|-singleturn|p1a: Zapdos|move: Roost\n|move|p2a: Samurott|Ceaseless Edge|p1a: Zapdos\n|-damage|p1a: Zapdos|29\/100\n|-sidestart|p1: Kaleor|Spikes\n|\n|upkeep\n|turn|11\n|\n|t:|1701094620\n|move|p1a: Zapdos|Roost|p1a: Zapdos\n|-heal|p1a: Zapdos|79\/100\n|-singleturn|p1a: Zapdos|move: Roost\n|cant|p2a: Samurott|par\n|\n|upkeep\n|turn|12\n|\n|t:|1701094623\n|move|p1a: Zapdos|Volt Switch|p2a: Samurott\n|-supereffective|p2a: Samurott\n|-damage|p2a: Samurott|55\/100 par\n|\n|t:|1701094628\n|switch|p1a: Clefable|Clefable, F|100\/100|[from] Volt Switch\n|-damage|p1a: Clefable|84\/100|[from] Spikes\n|move|p2a: Samurott|Aqua Cutter|p1a: Clefable\n|-damage|p1a: Clefable|21\/100\n|\n|-heal|p1a: Clefable|27\/100|[from] item: Leftovers\n|upkeep\n|turn|13\n|\n|t:|1701094646\n|switch|p2a: Ogerpon|Ogerpon-Cornerstone, F|100\/100\n|move|p1a: Clefable|Protect||[still]\n|-fail|p1a: Clefable\n|\n|-heal|p1a: Clefable|33\/100|[from] item: Leftovers\n|upkeep\n|turn|14\n|\n|t:|1701094659\n|move|p2a: Ogerpon|Swords Dance|p2a: Ogerpon\n|-boost|p2a: Ogerpon|atk|2\n|move|p1a: Clefable|Wish|p1a: Clefable\n|\n|-heal|p1a: Clefable|39\/100|[from] item: Leftovers\n|upkeep\n|turn|15\n|\n|t:|1701094665\n|move|p1a: Clefable|Protect|p1a: Clefable\n|-singleturn|p1a: Clefable|Protect\n|move|p2a: Ogerpon|Ivy Cudgel|p1a: Clefable|[anim] Ivy Cudgel Rock\n|-activate|p1a: Clefable|move: Protect\n|\n|-heal|p1a: Clefable|89\/100|[from] move: Wish|[wisher] Clefable\n|-heal|p1a: Clefable|95\/100|[from] item: Leftovers\n|upkeep\n|turn|16\n|\n|t:|1701094670\n|switch|p1a: Great Tusk|Great Tusk|100\/100\n|-damage|p1a: Great Tusk|84\/100|[from] Spikes\n|move|p2a: Ogerpon|Encore||[still]\n|-fail|p2a: Ogerpon\n|\n|upkeep\n|turn|17\n|\n|t:|1701094674\n|-terastallize|p1a: Great Tusk|Steel\n|move|p2a: Ogerpon|Horn Leech|p1a: Great Tusk\n|-resisted|p1a: Great Tusk\n|-damage|p1a: Great Tusk|54\/100\n|move|p1a: Great Tusk|Rapid Spin|p2a: Ogerpon\n|-resisted|p2a: Ogerpon\n|-damage|p2a: Ogerpon|90\/100\n|-boost|p1a: Great Tusk|spe|1\n|-sideend|p1: Kaleor|Spikes|[from] move: Rapid Spin|[of] p1a: Great Tusk\n|\n|upkeep\n|turn|18\n|\n|t:|1701094693\n|switch|p2a: Kilowattrel|Kilowattrel, F|100\/100\n|move|p1a: Great Tusk|Close Combat|p2a: Kilowattrel\n|-resisted|p2a: Kilowattrel\n|-damage|p2a: Kilowattrel|42\/100\n|-unboost|p1a: Great Tusk|def|1\n|-unboost|p1a: Great Tusk|spd|1\n|-enditem|p1a: Great Tusk|Eject Pack\n|\n|t:|1701094700\n|-end|p1a: Great Tusk|Protosynthesis|[silent]\n|switch|p1a: Slowking|Slowking-Galar, M|100\/100\n|\n|upkeep\n|turn|19\n|\n|t:|1701094704\n|move|p2a: Kilowattrel|U-turn|p1a: Slowking\n|-damage|p1a: Slowking|90\/100\n|\n|t:|1701094707\n|switch|p2a: Dragapult|Dragapult, F|13\/100|[from] U-turn\n|move|p1a: Slowking|Future Sight|p2a: Dragapult\n|-start|p1a: Slowking|move: Future Sight\n|\n|-heal|p2a: Dragapult|19\/100|[from] item: Leftovers\n|upkeep\n|turn|20\n|\n|t:|1701094711\n|switch|p1a: Clefable|Clefable, F|95\/100\n|move|p2a: Dragapult|Will-O-Wisp|p1a: Clefable\n|-status|p1a: Clefable|brn\n|\n|-heal|p2a: Dragapult|25\/100|[from] item: Leftovers\n|-heal|p1a: Clefable|100\/100 brn|[from] item: Leftovers\n|-damage|p1a: Clefable|94\/100 brn|[from] brn\n|upkeep\n|turn|21\n|\n|t:|1701094719\n|move|p2a: Dragapult|Hex|p1a: Clefable\n|-damage|p1a: Clefable|59\/100 brn\n|move|p1a: Clefable|Moonblast|p2a: Dragapult\n|-supereffective|p2a: Dragapult\n|-crit|p2a: Dragapult\n|-damage|p2a: Dragapult|0 fnt\n|faint|p2a: Dragapult\n|\n|-hint|Future Sight did not hit because the target is fainted.\n|-heal|p1a: Clefable|65\/100 brn|[from] item: Leftovers\n|-damage|p1a: Clefable|59\/100 brn|[from] brn\n|upkeep\n|\n|t:|1701094724\n|switch|p2a: Ogerpon|Ogerpon-Cornerstone, F|90\/100\n|turn|22\n|\n|t:|1701094730\n|switch|p1a: Great Tusk|Great Tusk, tera:Steel|54\/100\n|-terastallize|p2a: Ogerpon|Rock\n|detailschange|p2a: Ogerpon|Ogerpon-Cornerstone-Tera, F, tera:Rock\n|-ability|p2a: Ogerpon|Embody Aspect (Cornerstone)|boost\n|-boost|p2a: Ogerpon|def|1\n|move|p2a: Ogerpon|Ivy Cudgel|p1a: Great Tusk|[anim] Ivy Cudgel Rock\n|-resisted|p1a: Great Tusk\n|-damage|p1a: Great Tusk|26\/100\n|\n|upkeep\n|turn|23\n|\n|t:|1701094745\n|move|p2a: Ogerpon|Ivy Cudgel|p1a: Great Tusk|[anim] Ivy Cudgel Rock\n|-resisted|p1a: Great Tusk\n|-damage|p1a: Great Tusk|0 fnt\n|faint|p1a: Great Tusk\n|-end|p1a: Great Tusk|Protosynthesis|[silent]\n|\n|upkeep\n|\n|t:|1701094751\n|switch|p1a: Cinderace|Cinderace, M|100\/100\n|turn|24\n|\n|t:|1701094757\n|switch|p2a: Great Tusk|Great Tusk|100\/100\n|move|p1a: Cinderace|Will-O-Wisp|p2a: Great Tusk\n|-status|p2a: Great Tusk|brn\n|\n|-damage|p2a: Great Tusk|94\/100 brn|[from] brn\n|upkeep\n|turn|25\n|\n|t:|1701094763\n|move|p1a: Cinderace|U-turn|p2a: Great Tusk\n|-start|p1a: Cinderace|typechange|Bug|[from] ability: Libero\n|-resisted|p2a: Great Tusk\n|-damage|p2a: Great Tusk|87\/100 brn\n|-damage|p1a: Cinderace|84\/100|[from] item: Rocky Helmet|[of] p2a: Great Tusk\n|\n|t:|1701094765\n|switch|p1a: Zapdos|Zapdos|79\/100|[from] U-turn\n|move|p2a: Great Tusk|Stealth Rock|p1a: Zapdos\n|-sidestart|p1: Kaleor|move: Stealth Rock\n|\n|-damage|p2a: Great Tusk|81\/100 brn|[from] brn\n|upkeep\n|turn|26\n|\n|t:|1701094782\n|-end|p2a: Great Tusk|Protosynthesis|[silent]\n|switch|p2a: Ogerpon|Ogerpon-Cornerstone-Tera, F, tera:Rock|90\/100\n|-ability|p2a: Ogerpon|Embody Aspect (Cornerstone)|boost\n|-boost|p2a: Ogerpon|def|1\n|move|p1a: Zapdos|Hurricane|p2a: Ogerpon|[miss]\n|-miss|p1a: Zapdos|p2a: Ogerpon\n|\n|upkeep\n|turn|27\n|\n|t:|1701094791\n|switch|p1a: Slowking|Slowking-Galar, M|100\/100\n|-damage|p1a: Slowking|88\/100|[from] Stealth Rock\n|move|p2a: Ogerpon|Ivy Cudgel|p1a: Slowking|[anim] Ivy Cudgel Rock\n|-damage|p1a: Slowking|4\/100\n|\n|upkeep\n|turn|28\n|\n|t:|1701094797\n|move|p2a: Ogerpon|Horn Leech|p1a: Slowking\n|-resisted|p1a: Slowking\n|-damage|p1a: Slowking|0 fnt\n|-heal|p2a: Ogerpon|92\/100|[from] drain|[of] p1a: Slowking\n|faint|p1a: Slowking\n|\n|upkeep\n|\n|t:|1701094799\n|switch|p1a: Cinderace|Cinderace, M|84\/100\n|turn|29\n|\n|t:|1701094808\n|switch|p2a: Great Tusk|Great Tusk|81\/100 brn\n|move|p1a: Cinderace|Court Change|p1a: Cinderace\n|-start|p1a: Cinderace|typechange|Normal|[from] ability: Libero\n|-swapsideconditions\n|-activate|p1a: Cinderace|move: Court Change\n|\n|-damage|p2a: Great Tusk|74\/100 brn|[from] brn\n|upkeep\n|turn|30\n|\n|t:|1701094820\n|move|p1a: Cinderace|Pyro Ball|p2a: Great Tusk\n|-damage|p2a: Great Tusk|55\/100 brn\n|move|p2a: Great Tusk|Rapid Spin|p1a: Cinderace\n|-damage|p1a: Cinderace|74\/100\n|-boost|p2a: Great Tusk|spe|1\n|-sideend|p2: Eucalipto69!|Stealth Rock|[from] move: Rapid Spin|[of] p2a: Great Tusk\n|\n|-damage|p2a: Great Tusk|49\/100 brn|[from] brn\n|upkeep\n|turn|31\n|\n|t:|1701094826\n|move|p1a: Cinderace|Pyro Ball|p2a: Great Tusk\n|-damage|p2a: Great Tusk|30\/100 brn\n|move|p2a: Great Tusk|Earthquake|p1a: Cinderace\n|-damage|p1a: Cinderace|41\/100\n|\n|-damage|p2a: Great Tusk|24\/100 brn|[from] brn\n|upkeep\n|turn|32\n|\n|t:|1701094832\n|move|p1a: Cinderace|Pyro Ball|p2a: Great Tusk\n|-damage|p2a: Great Tusk|5\/100 brn\n|move|p2a: Great Tusk|Ice Spinner|p1a: Cinderace\n|-damage|p1a: Cinderace|24\/100\n|\n|-damage|p2a: Great Tusk|0 fnt|[from] brn\n|faint|p2a: Great Tusk\n|-end|p2a: Great Tusk|Protosynthesis|[silent]\n|upkeep\n|\n|t:|1701094838\n|switch|p2a: Kilowattrel|Kilowattrel, F|42\/100\n|turn|33\n|\n|t:|1701094841\n|switch|p1a: Zapdos|Zapdos|79\/100\n|move|p2a: Kilowattrel|Thunderbolt|p1a: Zapdos\n|-damage|p1a: Zapdos|41\/100\n|\n|upkeep\n|turn|34\n|\n|t:|1701094846\n|switch|p2a: Ogerpon|Ogerpon-Cornerstone-Tera, F, tera:Rock|92\/100\n|-ability|p2a: Ogerpon|Embody Aspect (Cornerstone)|boost\n|-boost|p2a: Ogerpon|def|1\n|move|p1a: Zapdos|Roost|p1a: Zapdos\n|-heal|p1a: Zapdos|91\/100\n|-singleturn|p1a: Zapdos|move: Roost\n|\n|upkeep\n|turn|35\n|\n|t:|1701094851\n|move|p2a: Ogerpon|Ivy Cudgel|p1a: Zapdos|[anim] Ivy Cudgel Rock\n|-supereffective|p1a: Zapdos\n|-damage|p1a: Zapdos|0 fnt\n|faint|p1a: Zapdos\n|\n|upkeep\n|\n|t:|1701094853\n|switch|p1a: Cinderace|Cinderace, M|24\/100\n|turn|36\n|\n|t:|1701094871\n|switch|p2a: Samurott|Samurott-Hisui, F, shiny|55\/100 par\n|move|p1a: Cinderace|Will-O-Wisp||[still]\n|-fail|p1a: Cinderace\n|\n|upkeep\n|turn|37\n|\n|t:|1701094875\n|move|p2a: Samurott|Aqua Jet|p1a: Cinderace\n|-supereffective|p1a: Cinderace\n|-damage|p1a: Cinderace|0 fnt\n|faint|p1a: Cinderace\n|\n|upkeep\n|\n|t:|1701094877\n|switch|p1a: Clefable|Clefable, F|59\/100 brn\n|turn|38\n|\n|t:|1701094882\n|switch|p2a: Ogerpon|Ogerpon-Cornerstone-Tera, F, tera:Rock|92\/100\n|-ability|p2a: Ogerpon|Embody Aspect (Cornerstone)|boost\n|-boost|p2a: Ogerpon|def|1\n|move|p1a: Clefable|Wish|p1a: Clefable\n|\n|-heal|p1a: Clefable|65\/100 brn|[from] item: Leftovers\n|-damage|p1a: Clefable|59\/100 brn|[from] brn\n|upkeep\n|turn|39\n|\n|t:|1701094891\n|move|p2a: Ogerpon|Encore|p1a: Clefable\n|-start|p1a: Clefable|Encore\n|move|p1a: Clefable|Wish||[still]\n|-fail|p1a: Clefable\n|\n|-heal|p1a: Clefable|100\/100 brn|[from] move: Wish|[wisher] Clefable\n|-damage|p1a: Clefable|94\/100 brn|[from] brn\n|upkeep\n|turn|40\n|-message|Kaleor forfeited.\n|\n|win|Eucalipto69!\n|raw|Kaleor's rating: 1656 &rarr; <strong>1640<\/strong><br \/>(-16 for losing)\n|raw|Eucalipto69!'s rating: 1731 &rarr; <strong>1747<\/strong><br \/>(+16 for winning)\n|l|\u2606Kaleor\n|l| Jreeletree\n","uploadtime":1701094912,"views":9,"p1id":"kaleor","p2id":"eucalipto69","formatid":"gen9ou","rating":1640,"private":0,"password":""}