{"id":"gen9ou-2000080684","p1":"DrSliced","p2":"dogwearingdurag","format":"[Gen 9] OU","log":"|j|\u2606DrSliced\n|j|\u2606dogwearingdurag\n|t:|1701151136\n|gametype|singles\n|player|p1|DrSliced|n-masters|1637\n|player|p2|dogwearingdurag|waiter-gen4dp|1803\n|teamsize|p1|6\n|teamsize|p2|6\n|gen|9\n|tier|[Gen 9] OU\n|rated|\n|rule|Sleep Clause Mod: Limit one foe put to sleep\n|rule|Species Clause: Limit one of each Pok\u00e9mon\n|rule|OHKO Clause: OHKO moves are banned\n|rule|Evasion Items Clause: Evasion items are banned\n|rule|Evasion Moves Clause: Evasion moves are banned\n|rule|Endless Battle Clause: Forcing endless battles is banned\n|rule|HP Percentage Mod: HP is shown in percentages\n|clearpoke\n|poke|p1|Decidueye-Hisui, F|\n|poke|p1|Slowking-Galar, M|\n|poke|p1|Heatran, F|\n|poke|p1|Zapdos|\n|poke|p1|Great Tusk|\n|poke|p1|Cinderace, M|\n|poke|p2|Zapdos|\n|poke|p2|Gholdengo|\n|poke|p2|Milotic, M|\n|poke|p2|Great Tusk|\n|poke|p2|Dragapult, M|\n|poke|p2|Iron Valiant|\n|teampreview\n|inactive|Battle timer is ON: inactive players will automatically lose when time's up. (requested by dogwearingdurag)\n|\n|t:|1701151152\n|start\n|switch|p1a: Heatran|Heatran, F|100\/100\n|switch|p2a: Dragapult|Dragapult, M|100\/100\n|turn|1\n|\n|t:|1701151157\n|switch|p2a: Milotic|Milotic, M|100\/100\n|move|p1a: Heatran|Magma Storm|p2a: Milotic\n|-resisted|p2a: Milotic\n|-damage|p2a: Milotic|90\/100\n|-activate|p2a: Milotic|move: Magma Storm|[of] p1a: Heatran\n|\n|-heal|p2a: Milotic|96\/100|[from] item: Leftovers\n|-damage|p2a: Milotic|83\/100|[from] move: Magma Storm|[partiallytrapped]\n|upkeep\n|turn|2\n|\n|t:|1701151159\n|move|p1a: Heatran|Stealth Rock|p2a: Milotic\n|-sidestart|p2: dogwearingdurag|move: Stealth Rock\n|move|p2a: Milotic|Scald|p1a: Heatran\n|-supereffective|p1a: Heatran\n|-damage|p1a: Heatran|63\/100\n|\n|-heal|p1a: Heatran|69\/100|[from] item: Leftovers\n|-heal|p2a: Milotic|90\/100|[from] item: Leftovers\n|-damage|p2a: Milotic|77\/100|[from] move: Magma Storm|[partiallytrapped]\n|upkeep\n|turn|3\n|\n|t:|1701151164\n|switch|p1a: Slowking|Slowking-Galar, M|100\/100\n|move|p2a: Milotic|Scald|p1a: Slowking\n|-damage|p1a: Slowking|82\/100\n|\n|-heal|p2a: Milotic|83\/100|[from] item: Leftovers\n|-end|p2a: Milotic|Magma Storm|[partiallytrapped]|[silent]\n|upkeep\n|turn|4\n|\n|t:|1701151173\n|move|p2a: Milotic|Scald|p1a: Slowking\n|-damage|p1a: Slowking|66\/100\n|move|p1a: Slowking|Chilly Reception|p1a: Slowking\n|-weather|Snow\n|\n|t:|1701151175\n|switch|p1a: Zapdos|Zapdos|100\/100|[from] Chilly Reception\n|\n|-weather|Snow|[upkeep]\n|-heal|p2a: Milotic|89\/100|[from] item: Leftovers\n|upkeep\n|turn|5\n|\n|t:|1701151179\n|switch|p2a: Zapdos|Zapdos|100\/100\n|move|p1a: Zapdos|Thunderbolt|p2a: Zapdos\n|-damage|p2a: Zapdos|59\/100\n|\n|-weather|Snow|[upkeep]\n|upkeep\n|turn|6\n|\n|t:|1701151183\n|move|p1a: Zapdos|Thunderbolt|p2a: Zapdos\n|-damage|p2a: Zapdos|16\/100\n|move|p2a: Zapdos|Roost|p2a: Zapdos\n|-heal|p2a: Zapdos|66\/100\n|-singleturn|p2a: Zapdos|move: Roost\n|\n|-weather|Snow|[upkeep]\n|upkeep\n|turn|7\n|\n|t:|1701151197\n|move|p1a: Zapdos|Thunderbolt|p2a: Zapdos\n|-damage|p2a: Zapdos|19\/100\n|move|p2a: Zapdos|Roost|p2a: Zapdos\n|-heal|p2a: Zapdos|69\/100\n|-singleturn|p2a: Zapdos|move: Roost\n|\n|-weather|Snow|[upkeep]\n|upkeep\n|turn|8\n|\n|t:|1701151205\n|switch|p2a: Great Tusk|Great Tusk|100\/100\n|-damage|p2a: Great Tusk|98\/100|[from] Stealth Rock\n|move|p1a: Zapdos|Thunderbolt|p2a: Great Tusk\n|-immune|p2a: Great Tusk\n|\n|-weather|none\n|-heal|p2a: Great Tusk|100\/100|[from] item: Leftovers\n|upkeep\n|turn|9\n|\n|t:|1701151214\n|-end|p2a: Great Tusk|Protosynthesis|[silent]\n|switch|p2a: Gholdengo|Gholdengo|100\/100\n|-damage|p2a: Gholdengo|94\/100|[from] Stealth Rock\n|-item|p2a: Gholdengo|Air Balloon\n|move|p1a: Zapdos|Hurricane|p2a: Gholdengo|[miss]\n|-miss|p1a: Zapdos|p2a: Gholdengo\n|\n|upkeep\n|turn|10\n|\n|t:|1701151229\n|move|p1a: Zapdos|Thunderbolt|p2a: Gholdengo\n|-damage|p2a: Gholdengo|47\/100\n|-enditem|p2a: Gholdengo|Air Balloon\n|move|p2a: Gholdengo|Shadow Ball|p1a: Zapdos\n|-damage|p1a: Zapdos|45\/100\n|-unboost|p1a: Zapdos|spd|1\n|\n|upkeep\n|turn|11\n|c|\u2606dogwearingdurag|hm\n|c|\u2606dogwearingdurag|im a gambling man\n|\n|t:|1701151247\n|move|p1a: Zapdos|Thunderbolt|p2a: Gholdengo\n|-damage|p2a: Gholdengo|6\/100\n|move|p2a: Gholdengo|Shadow Ball|p1a: Zapdos\n|-damage|p1a: Zapdos|0 fnt\n|faint|p1a: Zapdos\n|\n|upkeep\n|c|\u2606dogwearingdurag|YUHHHHHHHHHHHHHHH\n|inactive|DrSliced has 120 seconds left.\n|\n|t:|1701151303\n|switch|p1a: Cinderace|Cinderace, M|100\/100\n|turn|12\n|\n|t:|1701151314\n|switch|p2a: Milotic|Milotic, M|89\/100\n|-damage|p2a: Milotic|77\/100|[from] Stealth Rock\n|move|p1a: Cinderace|Swords Dance|p1a: Cinderace\n|-start|p1a: Cinderace|typechange|Normal|[from] ability: Libero\n|-boost|p1a: Cinderace|atk|2\n|\n|-heal|p2a: Milotic|83\/100|[from] item: Leftovers\n|upkeep\n|turn|13\n|\n|t:|1701151318\n|move|p1a: Cinderace|Double-Edge|p2a: Milotic\n|-damage|p2a: Milotic|0 fnt\n|faint|p2a: Milotic\n|-damage|p1a: Cinderace|65\/100|[from] Recoil\n|\n|upkeep\n|c|\u2606dogwearingdurag|well this is new\n|\n|t:|1701151342\n|switch|p2a: Iron Valiant|Iron Valiant|100\/100\n|-damage|p2a: Iron Valiant|94\/100|[from] Stealth Rock\n|turn|14\n|inactive|DrSliced has 120 seconds left.\n|inactive|DrSliced has 90 seconds left.\n|\n|t:|1701151389\n|-terastallize|p1a: Cinderace|Fairy\n|move|p2a: Iron Valiant|Close Combat|p1a: Cinderace\n|-resisted|p1a: Cinderace\n|-damage|p1a: Cinderace|18\/100\n|-unboost|p2a: Iron Valiant|def|1\n|-unboost|p2a: Iron Valiant|spd|1\n|move|p1a: Cinderace|Double-Edge|p2a: Iron Valiant\n|-damage|p2a: Iron Valiant|0 fnt\n|faint|p2a: Iron Valiant\n|-end|p2a: Iron Valiant|Quark Drive|[silent]\n|-damage|p1a: Cinderace|0 fnt|[from] Recoil\n|faint|p1a: Cinderace\n|\n|upkeep\n|j| 49gxeisgreatright?\n|inactive|DrSliced has 90 seconds left.\n|c|\u2606dogwearingdurag|ah man\n|\n|t:|1701151401\n|switch|p1a: Decidueye|Decidueye-Hisui, F|100\/100\n|switch|p2a: Great Tusk|Great Tusk|100\/100\n|-damage|p2a: Great Tusk|98\/100|[from] Stealth Rock\n|turn|15\n|inactive|DrSliced has 90 seconds left.\n|\n|t:|1701151412\n|-terastallize|p2a: Great Tusk|Steel\n|move|p2a: Great Tusk|Ice Spinner|p1a: Decidueye\n|-supereffective|p1a: Decidueye\n|-damage|p1a: Decidueye|45\/100\n|move|p1a: Decidueye|Leaf Blade|p2a: Great Tusk\n|-resisted|p2a: Great Tusk\n|-damage|p2a: Great Tusk|82\/100\n|\n|-heal|p2a: Great Tusk|88\/100|[from] item: Leftovers\n|upkeep\n|turn|16\n|inactive|DrSliced has 90 seconds left.\n|\n|t:|1701151442\n|switch|p1a: Great Tusk|Great Tusk|100\/100\n|-enditem|p1a: Great Tusk|Booster Energy\n|-activate|p1a: Great Tusk|ability: Protosynthesis|[fromitem]\n|-start|p1a: Great Tusk|protosynthesisspe\n|move|p2a: Great Tusk|Ice Spinner|p1a: Great Tusk\n|-supereffective|p1a: Great Tusk\n|-damage|p1a: Great Tusk|71\/100\n|\n|-heal|p2a: Great Tusk|95\/100|[from] item: Leftovers\n|upkeep\n|turn|17\n|\n|t:|1701151445\n|-end|p2a: Great Tusk|Protosynthesis|[silent]\n|switch|p2a: Zapdos|Zapdos|69\/100\n|move|p1a: Great Tusk|Bulk Up|p1a: Great Tusk\n|-boost|p1a: Great Tusk|atk|1\n|-boost|p1a: Great Tusk|def|1\n|\n|upkeep\n|turn|18\n|\n|t:|1701151450\n|-end|p1a: Great Tusk|Protosynthesis|[silent]\n|switch|p1a: Heatran|Heatran, F|69\/100\n|move|p2a: Zapdos|Hurricane|p1a: Heatran\n|-resisted|p1a: Heatran\n|-damage|p1a: Heatran|55\/100\n|-start|p1a: Heatran|confusion\n|\n|-heal|p1a: Heatran|62\/100|[from] item: Leftovers\n|upkeep\n|turn|19\n|\n|t:|1701151456\n|move|p2a: Zapdos|Thunder Wave|p1a: Heatran|[miss]\n|-miss|p2a: Zapdos|p1a: Heatran\n|-activate|p1a: Heatran|confusion\n|move|p1a: Heatran|Magma Storm|p2a: Zapdos\n|-damage|p2a: Zapdos|28\/100\n|-activate|p2a: Zapdos|move: Magma Storm|[of] p1a: Heatran\n|\n|-heal|p1a: Heatran|68\/100|[from] item: Leftovers\n|-damage|p2a: Zapdos|16\/100|[from] move: Magma Storm|[partiallytrapped]\n|upkeep\n|turn|20\n|\n|t:|1701151464\n|move|p2a: Zapdos|Roost|p2a: Zapdos\n|-heal|p2a: Zapdos|66\/100\n|-singleturn|p2a: Zapdos|move: Roost\n|-end|p1a: Heatran|confusion\n|move|p1a: Heatran|Earth Power|p2a: Zapdos\n|-supereffective|p2a: Zapdos\n|-damage|p2a: Zapdos|17\/100\n|\n|-heal|p1a: Heatran|74\/100|[from] item: Leftovers\n|-damage|p2a: Zapdos|4\/100|[from] move: Magma Storm|[partiallytrapped]\n|upkeep\n|turn|21\n|\n|t:|1701151469\n|move|p2a: Zapdos|Thunder Wave|p1a: Heatran\n|-status|p1a: Heatran|par\n|move|p1a: Heatran|Earth Power|p2a: Zapdos\n|-immune|p2a: Zapdos\n|\n|-heal|p1a: Heatran|80\/100 par|[from] item: Leftovers\n|-damage|p2a: Zapdos|0 fnt|[from] move: Magma Storm|[partiallytrapped]\n|faint|p2a: Zapdos\n|upkeep\n|\n|t:|1701151473\n|switch|p2a: Great Tusk|Great Tusk, tera:Steel|95\/100\n|-damage|p2a: Great Tusk|88\/100|[from] Stealth Rock\n|turn|22\n|\n|t:|1701151479\n|move|p2a: Great Tusk|Headlong Rush|p1a: Heatran\n|-supereffective|p1a: Heatran\n|-damage|p1a: Heatran|0 fnt\n|-unboost|p2a: Great Tusk|def|1\n|-unboost|p2a: Great Tusk|spd|1\n|faint|p1a: Heatran\n|\n|-heal|p2a: Great Tusk|95\/100|[from] item: Leftovers\n|upkeep\n|\n|t:|1701151486\n|switch|p1a: Great Tusk|Great Tusk|71\/100\n|turn|23\n|\n|t:|1701151494\n|move|p2a: Great Tusk|Ice Spinner|p1a: Great Tusk\n|-supereffective|p1a: Great Tusk\n|-damage|p1a: Great Tusk|41\/100\n|move|p1a: Great Tusk|Bulk Up|p1a: Great Tusk\n|-boost|p1a: Great Tusk|atk|1\n|-boost|p1a: Great Tusk|def|1\n|\n|-heal|p2a: Great Tusk|100\/100|[from] item: Leftovers\n|upkeep\n|turn|24\n|\n|t:|1701151500\n|move|p2a: Great Tusk|Rapid Spin|p1a: Great Tusk\n|-damage|p1a: Great Tusk|35\/100\n|-boost|p2a: Great Tusk|spe|1\n|-sideend|p2: dogwearingdurag|Stealth Rock|[from] move: Rapid Spin|[of] p2a: Great Tusk\n|move|p1a: Great Tusk|Headlong Rush|p2a: Great Tusk\n|-supereffective|p2a: Great Tusk\n|-damage|p2a: Great Tusk|0 fnt\n|-unboost|p1a: Great Tusk|def|1\n|-unboost|p1a: Great Tusk|spd|1\n|faint|p2a: Great Tusk\n|-end|p2a: Great Tusk|Protosynthesis|[silent]\n|\n|upkeep\n|\n|t:|1701151503\n|switch|p2a: Dragapult|Dragapult, M|100\/100\n|turn|25\n|\n|t:|1701151507\n|-end|p1a: Great Tusk|Protosynthesis|[silent]\n|switch|p1a: Decidueye|Decidueye-Hisui, F|45\/100\n|move|p2a: Dragapult|Dragon Darts|p1a: Decidueye\n|-damage|p1a: Decidueye|0 fnt\n|faint|p1a: Decidueye\n|\n|upkeep\n|\n|t:|1701151509\n|switch|p1a: Slowking|Slowking-Galar, M|99\/100\n|turn|26\n|\n|t:|1701151518\n|switch|p2a: Gholdengo|Gholdengo|6\/100\n|move|p1a: Slowking|Earthquake|p2a: Gholdengo\n|-supereffective|p2a: Gholdengo\n|-damage|p2a: Gholdengo|0 fnt\n|faint|p2a: Gholdengo\n|\n|upkeep\n|\n|t:|1701151520\n|switch|p2a: Dragapult|Dragapult, M|100\/100\n|turn|27\n|\n|t:|1701151523\n|move|p2a: Dragapult|Dragon Darts|p1a: Slowking\n|-damage|p1a: Slowking|63\/100\n|-anim|p2a: Dragapult|Dragon Darts|p1a: Slowking\n|-damage|p1a: Slowking|25\/100\n|move|p1a: Slowking|Thunder Wave|p2a: Dragapult\n|-status|p2a: Dragapult|par\n|\n|upkeep\n|turn|28\n|c|\u2606dogwearingdurag|NOOOO GG\n|\n|t:|1701151534\n|move|p2a: Dragapult|Dragon Darts|p1a: Slowking\n|-damage|p1a: Slowking|0 fnt\n|faint|p1a: Slowking\n|\n|upkeep\n|\n|t:|1701151535\n|switch|p1a: Great Tusk|Great Tusk|35\/100\n|turn|29\n|\n|t:|1701151537\n|move|p1a: Great Tusk|Knock Off|p2a: Dragapult\n|-supereffective|p2a: Dragapult\n|-damage|p2a: Dragapult|26\/100 par\n|-enditem|p2a: Dragapult|Choice Band|[from] move: Knock Off|[of] p1a: Great Tusk\n|move|p2a: Dragapult|Dragon Darts|p1a: Great Tusk\n|-damage|p1a: Great Tusk|17\/100\n|-anim|p2a: Dragapult|Dragon Darts|p1a: Great Tusk\n|-damage|p1a: Great Tusk|0 fnt\n|faint|p1a: Great Tusk\n|-end|p1a: Great Tusk|Protosynthesis|[silent]\n|\n|win|dogwearingdurag\n|raw|DrSliced's rating: 1637 &rarr; <strong>1626<\/strong><br \/>(-11 for losing)\n|raw|dogwearingdurag's rating: 1803 &rarr; <strong>1814<\/strong><br \/>(+11 for winning)\n|c|\u2606dogwearingdurag|oh wait nvm\n|l|\u2606dogwearingdurag\n|l|\u2606DrSliced\n|l| 49gxeisgreatright?\n|j|\u2606DrSliced\n|player|p1|DrSliced|n-masters\n","uploadtime":1701151575,"views":10,"p1id":"drsliced","p2id":"dogwearingdurag","formatid":"gen9ou","rating":1626,"private":0,"password":""}