{"id":"gen9ou-1991260107","p1":"alvar03","p2":"N-Zoroark stan","format":"[Gen 9] OU","log":"|j|\u2606alvar03\n|j|\u2606N-Zoroark stan\n|t:|1700062135\n|gametype|singles\n|player|p1|alvar03|alder|1824\n|player|p2|N-Zoroark stan|riley|1849\n|teamsize|p1|6\n|teamsize|p2|6\n|gen|9\n|tier|[Gen 9] OU\n|rated|\n|rule|Sleep Clause Mod: Limit one foe put to sleep\n|rule|Species Clause: Limit one of each Pok\u00e9mon\n|rule|OHKO Clause: OHKO moves are banned\n|rule|Evasion Items Clause: Evasion items are banned\n|rule|Evasion Moves Clause: Evasion moves are banned\n|rule|Endless Battle Clause: Forcing endless battles is banned\n|rule|HP Percentage Mod: HP is shown in percentages\n|clearpoke\n|poke|p1|Sneasler, M|\n|poke|p1|Dragapult, F|\n|poke|p1|Great Tusk|\n|poke|p1|Gholdengo|\n|poke|p1|Rotom-Wash|\n|poke|p1|Samurott-Hisui, M|\n|poke|p2|Zoroark-Hisui, F|\n|poke|p2|Corviknight, M|\n|poke|p2|Ogerpon-Wellspring, F|\n|poke|p2|Sandy Shocks|\n|poke|p2|Lokix, M|\n|poke|p2|Greninja-*, F|\n|teampreview\n|inactive|Battle timer is ON: inactive players will automatically lose when time's up. (requested by N-Zoroark stan)\n|c|\u2606N-Zoroark stan|glhf\n|j| long12345678\n|c|\u2606alvar03|hf\n|\n|t:|1700062152\n|start\n|switch|p1a: Rotom|Rotom-Wash|100\/100\n|switch|p2a: Sandy Shocks|Sandy Shocks|100\/100\n|turn|1\n|\n|t:|1700062158\n|-end|p2a: Sandy Shocks|Protosynthesis|[silent]\n|switch|p2a: Ogerpon|Ogerpon-Wellspring, F|100\/100\n|move|p1a: Rotom|Protect||[still]\n|-fail|p1a: Rotom\n|\n|upkeep\n|turn|2\n|\n|t:|1700062162\n|switch|p1a: Great Tusk|Great Tusk|100\/100\n|move|p2a: Ogerpon|Encore||[still]\n|-fail|p2a: Ogerpon\n|\n|upkeep\n|turn|3\n|\n|t:|1700062170\n|move|p2a: Ogerpon|U-turn|p1a: Great Tusk\n|-resisted|p1a: Great Tusk\n|-damage|p1a: Great Tusk|94\/100\n|-damage|p2a: Ogerpon|84\/100|[from] item: Rocky Helmet|[of] p1a: Great Tusk\n|\n|t:|1700062172\n|switch|p2a: Corviknight|Corviknight, M|100\/100|[from] U-turn\n|-ability|p2a: Corviknight|Pressure\n|move|p1a: Great Tusk|Stealth Rock|p2a: Corviknight\n|-sidestart|p2: N-Zoroark stan|move: Stealth Rock\n|\n|upkeep\n|turn|4\n|\n|t:|1700062179\n|move|p1a: Great Tusk|Knock Off|p2a: Corviknight\n|-damage|p2a: Corviknight|82\/100\n|-damage|p1a: Great Tusk|77\/100|[from] item: Rocky Helmet|[of] p2a: Corviknight\n|-enditem|p2a: Corviknight|Rocky Helmet|[from] move: Knock Off|[of] p1a: Great Tusk\n|move|p2a: Corviknight|U-turn|p1a: Great Tusk\n|-resisted|p1a: Great Tusk\n|-damage|p1a: Great Tusk|74\/100\n|-damage|p2a: Corviknight|66\/100|[from] item: Rocky Helmet|[of] p1a: Great Tusk\n|\n|t:|1700062183\n|switch|p2a: Sandy Shocks|Sandy Shocks|100\/100|[from] U-turn\n|\n|upkeep\n|turn|5\n|\n|t:|1700062188\n|-end|p1a: Great Tusk|Protosynthesis|[silent]\n|switch|p1a: Rotom|Rotom-Wash|100\/100\n|move|p2a: Sandy Shocks|Stealth Rock|p1a: Rotom\n|-sidestart|p1: alvar03|move: Stealth Rock\n|\n|upkeep\n|turn|6\n|\n|t:|1700062193\n|move|p2a: Sandy Shocks|Volt Switch|p1a: Rotom\n|-damage|p1a: Rotom|74\/100\n|\n|t:|1700062201\n|-end|p2a: Sandy Shocks|Protosynthesis|[silent]\n|switch|p2a: Corviknight|Corviknight, M|66\/100|[from] Volt Switch\n|-damage|p2a: Corviknight|54\/100|[from] Stealth Rock\n|-ability|p2a: Corviknight|Pressure\n|move|p1a: Rotom|Hydro Pump|p2a: Corviknight|[miss]\n|-miss|p1a: Rotom|p2a: Corviknight\n|\n|-heal|p1a: Rotom|80\/100|[from] item: Leftovers\n|upkeep\n|turn|7\n|j| Misuta Zero\n|\n|t:|1700062205\n|switch|p2a: Sandy Shocks|Sandy Shocks|100\/100\n|move|p1a: Rotom|Volt Switch|p2a: Sandy Shocks\n|-immune|p2a: Sandy Shocks\n|\n|-heal|p1a: Rotom|86\/100|[from] item: Leftovers\n|upkeep\n|turn|8\n|\n|t:|1700062210\n|move|p1a: Rotom|Protect|p1a: Rotom\n|-singleturn|p1a: Rotom|Protect\n|move|p2a: Sandy Shocks|Tera Blast|p1a: Rotom\n|-activate|p1a: Rotom|move: Protect\n|\n|-heal|p1a: Rotom|93\/100|[from] item: Leftovers\n|upkeep\n|turn|9\n|l| Misuta Zero\n|\n|t:|1700062215\n|move|p2a: Sandy Shocks|Tera Blast|p1a: Rotom\n|-damage|p1a: Rotom|72\/100\n|move|p1a: Rotom|Volt Switch|p2a: Sandy Shocks\n|-immune|p2a: Sandy Shocks\n|\n|-heal|p1a: Rotom|78\/100|[from] item: Leftovers\n|upkeep\n|turn|10\n|l| long12345678\n|\n|t:|1700062222\n|-end|p2a: Sandy Shocks|Protosynthesis|[silent]\n|switch|p2a: Ogerpon|Ogerpon-Wellspring, F|84\/100\n|-damage|p2a: Ogerpon|72\/100|[from] Stealth Rock\n|move|p1a: Rotom|Protect||[still]\n|-fail|p1a: Rotom\n|\n|-heal|p1a: Rotom|84\/100|[from] item: Leftovers\n|upkeep\n|turn|11\n|\n|t:|1700062229\n|move|p2a: Ogerpon|Horn Leech|p1a: Rotom\n|-supereffective|p1a: Rotom\n|-damage|p1a: Rotom|0 fnt\n|-heal|p2a: Ogerpon|100\/100|[from] drain|[of] p1a: Rotom\n|faint|p1a: Rotom\n|\n|upkeep\n|\n|t:|1700062232\n|switch|p1a: Sneasler|Sneasler, M|100\/100\n|-damage|p1a: Sneasler|95\/100|[from] Stealth Rock\n|turn|12\n|\n|t:|1700062237\n|switch|p2a: Corviknight|Corviknight, M|54\/100\n|-damage|p2a: Corviknight|41\/100|[from] Stealth Rock\n|-ability|p2a: Corviknight|Pressure\n|move|p1a: Sneasler|Dire Claw|p2a: Corviknight\n|-immune|p2a: Corviknight\n|\n|upkeep\n|turn|13\n|\n|t:|1700062241\n|move|p1a: Sneasler|Close Combat|p2a: Corviknight\n|-damage|p2a: Corviknight|3\/100\n|-unboost|p1a: Sneasler|def|1\n|-unboost|p1a: Sneasler|spd|1\n|move|p2a: Corviknight|Roost|p2a: Corviknight\n|-heal|p2a: Corviknight|53\/100\n|-singleturn|p2a: Corviknight|move: Roost\n|\n|upkeep\n|turn|14\n|\n|t:|1700062245\n|move|p1a: Sneasler|U-turn|p2a: Corviknight\n|-resisted|p2a: Corviknight\n|-damage|p2a: Corviknight|49\/100\n|\n|t:|1700062246\n|switch|p1a: Gholdengo|Gholdengo|100\/100|[from] U-turn\n|-damage|p1a: Gholdengo|94\/100|[from] Stealth Rock\n|move|p2a: Corviknight|Roost|p2a: Corviknight\n|-heal|p2a: Corviknight|99\/100\n|-singleturn|p2a: Corviknight|move: Roost\n|\n|-heal|p1a: Gholdengo|100\/100|[from] item: Leftovers\n|upkeep\n|turn|15\n|\n|t:|1700062251\n|move|p1a: Gholdengo|Thunder Wave|p2a: Corviknight\n|-status|p2a: Corviknight|par\n|cant|p2a: Corviknight|par\n|\n|upkeep\n|turn|16\n|\n|t:|1700062256\n|move|p1a: Gholdengo|Nasty Plot|p1a: Gholdengo\n|-boost|p1a: Gholdengo|spa|2\n|move|p2a: Corviknight|U-turn|p1a: Gholdengo\n|-resisted|p1a: Gholdengo\n|-damage|p1a: Gholdengo|98\/100\n|\n|t:|1700062260\n|switch|p2a: Lokix|Lokix, M|100\/100|[from] U-turn\n|\n|-heal|p1a: Gholdengo|100\/100|[from] item: Leftovers\n|upkeep\n|turn|17\n|\n|t:|1700062273\n|-terastallize|p1a: Gholdengo|Fairy\n|move|p2a: Lokix|Shadow Ball|p1a: Gholdengo\n|-damage|p1a: Gholdengo|64\/100\n|move|p1a: Gholdengo|Thunder Wave|p2a: Lokix\n|-status|p2a: Lokix|par\n|\n|-heal|p1a: Gholdengo|70\/100|[from] item: Leftovers\n|upkeep\n|turn|18\n|j| lgang007\n|\n|t:|1700062279\n|move|p1a: Gholdengo|Recover|p1a: Gholdengo\n|-heal|p1a: Gholdengo|100\/100\n|move|p2a: Lokix|Shadow Ball|p1a: Gholdengo\n|-damage|p1a: Gholdengo|58\/100\n|\n|-heal|p1a: Gholdengo|65\/100|[from] item: Leftovers\n|upkeep\n|turn|19\n|\n|t:|1700062281\n|switch|p1a: Samurott|Samurott-Hisui, M|100\/100\n|move|p2a: Lokix|Shadow Ball|p1a: Samurott\n|-resisted|p1a: Samurott\n|-damage|p1a: Samurott|69\/100\n|\n|upkeep\n|turn|20\n|\n|t:|1700062297\n|switch|p2a: Corviknight|Corviknight, M|99\/100 par\n|-damage|p2a: Corviknight|87\/100 par|[from] Stealth Rock\n|-ability|p2a: Corviknight|Pressure\n|move|p1a: Samurott|Ceaseless Edge|p2a: Corviknight\n|-damage|p2a: Corviknight|58\/100 par\n|-sidestart|p2: N-Zoroark stan|Spikes\n|\n|upkeep\n|turn|21\n|j| srtyjj\n|\n|t:|1700062307\n|move|p1a: Samurott|Ceaseless Edge|p2a: Corviknight\n|-damage|p2a: Corviknight|30\/100 par\n|-sidestart|p2: N-Zoroark stan|Spikes\n|move|p2a: Corviknight|U-turn|p1a: Samurott\n|-supereffective|p1a: Samurott\n|-damage|p1a: Samurott|34\/100\n|\n|t:|1700062310\n|switch|p2a: Sandy Shocks|Sandy Shocks|100\/100|[from] U-turn\n|\n|upkeep\n|turn|22\n|\n|t:|1700062316\n|move|p2a: Sandy Shocks|Earth Power|p1a: Samurott\n|-damage|p1a: Samurott|0 fnt\n|faint|p1a: Samurott\n|\n|upkeep\n|\n|t:|1700062323\n|switch|p1a: Sneasler|Sneasler, M|95\/100\n|-damage|p1a: Sneasler|89\/100|[from] Stealth Rock\n|turn|23\n|\n|t:|1700062327\n|move|p1a: Sneasler|Fake Out|p2a: Sandy Shocks\n|-damage|p2a: Sandy Shocks|84\/100\n|-status|p2a: Sandy Shocks|psn|[from] ability: Poison Touch|[of] p1a: Sneasler\n|cant|p2a: Sandy Shocks|flinch\n|\n|-damage|p2a: Sandy Shocks|72\/100 psn|[from] psn\n|upkeep\n|turn|24\n|\n|t:|1700062332\n|move|p1a: Sneasler|Close Combat|p2a: Sandy Shocks\n|-damage|p2a: Sandy Shocks|2\/100 psn\n|-unboost|p1a: Sneasler|def|1\n|-unboost|p1a: Sneasler|spd|1\n|move|p2a: Sandy Shocks|Earth Power|p1a: Sneasler\n|-supereffective|p1a: Sneasler\n|-damage|p1a: Sneasler|0 fnt\n|faint|p1a: Sneasler\n|\n|-damage|p2a: Sandy Shocks|0 fnt|[from] psn\n|faint|p2a: Sandy Shocks\n|-end|p2a: Sandy Shocks|Protosynthesis|[silent]\n|upkeep\n|\n|t:|1700062350\n|switch|p1a: Dragapult|Dragapult, F|100\/100\n|switch|p2a: Greninja|Greninja, F|100\/100\n|-damage|p2a: Greninja|88\/100|[from] Stealth Rock\n|-damage|p2a: Greninja|72\/100|[from] Spikes\n|-damage|p1a: Dragapult|88\/100|[from] Stealth Rock\n|turn|25\n|\n|t:|1700062357\n|switch|p1a: Great Tusk|Great Tusk|74\/100\n|-damage|p1a: Great Tusk|71\/100|[from] Stealth Rock\n|move|p2a: Greninja|Switcheroo|p1a: Great Tusk\n|-start|p2a: Greninja|typechange|Dark|[from] ability: Protean\n|-activate|p2a: Greninja|move: Trick|[of] p1a: Great Tusk\n|-item|p1a: Great Tusk|Choice Scarf|[from] move: Switcheroo\n|-item|p2a: Greninja|Rocky Helmet|[from] move: Switcheroo\n|\n|upkeep\n|turn|26\n|j| cheese miestro\n|\n|t:|1700062369\n|move|p2a: Greninja|Hydro Pump|p1a: Great Tusk\n|-supereffective|p1a: Great Tusk\n|-damage|p1a: Great Tusk|0 fnt\n|faint|p1a: Great Tusk\n|-end|p1a: Great Tusk|Protosynthesis|[silent]\n|\n|upkeep\n|\n|t:|1700062372\n|switch|p1a: Dragapult|Dragapult, F|88\/100\n|-damage|p1a: Dragapult|76\/100|[from] Stealth Rock\n|turn|27\n|j| Tiranito\n|\n|t:|1700062383\n|move|p1a: Dragapult|Flamethrower|p2a: Greninja\n|-damage|p2a: Greninja|2\/100\n|move|p2a: Greninja|U-turn|p1a: Dragapult\n|-resisted|p1a: Dragapult\n|-damage|p1a: Dragapult|65\/100\n|\n|t:|1700062391\n|switch|p2a: Lokix|Lokix, M|100\/100|[from] U-turn\n|-damage|p2a: Lokix|76\/100|[from] Stealth Rock\n|-damage|p2a: Lokix|59\/100|[from] Spikes\n|\n|upkeep\n|turn|28\n|\n|t:|1700062395\n|-terastallize|p2a: Lokix|Bug\n|move|p2a: Lokix|First Impression|p1a: Dragapult\n|-resisted|p1a: Dragapult\n|-damage|p1a: Dragapult|0 fnt\n|faint|p1a: Dragapult\n|\n|upkeep\n|\n|t:|1700062400\n|switch|p1a: Gholdengo|Gholdengo, tera:Fairy|65\/100\n|-damage|p1a: Gholdengo|52\/100|[from] Stealth Rock\n|turn|29\n|\n|t:|1700062403\n|switch|p2a: Ogerpon|Ogerpon-Wellspring, F|100\/100\n|-damage|p2a: Ogerpon|88\/100|[from] Stealth Rock\n|-damage|p2a: Ogerpon|72\/100|[from] Spikes\n|move|p1a: Gholdengo|Recover|p1a: Gholdengo\n|-heal|p1a: Gholdengo|100\/100\n|\n|upkeep\n|turn|30\n|\n|t:|1700062409\n|move|p2a: Ogerpon|Ivy Cudgel|p1a: Gholdengo|[anim] Ivy Cudgel Water\n|-damage|p1a: Gholdengo|62\/100\n|move|p1a: Gholdengo|Thunder Wave|p2a: Ogerpon\n|-status|p2a: Ogerpon|par\n|\n|-heal|p1a: Gholdengo|68\/100|[from] item: Leftovers\n|upkeep\n|turn|31\n|\n|t:|1700062417\n|move|p1a: Gholdengo|Recover|p1a: Gholdengo\n|-heal|p1a: Gholdengo|100\/100\n|move|p2a: Ogerpon|Ivy Cudgel|p1a: Gholdengo|[anim] Ivy Cudgel Water\n|-damage|p1a: Gholdengo|61\/100\n|\n|-heal|p1a: Gholdengo|67\/100|[from] item: Leftovers\n|upkeep\n|turn|32\n|\n|t:|1700062423\n|move|p1a: Gholdengo|Hex|p2a: Ogerpon\n|-damage|p2a: Ogerpon|4\/100 par\n|move|p2a: Ogerpon|Ivy Cudgel|p1a: Gholdengo|[anim] Ivy Cudgel Water\n|-damage|p1a: Gholdengo|30\/100\n|\n|-heal|p1a: Gholdengo|36\/100|[from] item: Leftovers\n|upkeep\n|turn|33\n|\n|t:|1700062426\n|move|p1a: Gholdengo|Recover|p1a: Gholdengo\n|-heal|p1a: Gholdengo|86\/100\n|move|p2a: Ogerpon|Ivy Cudgel|p1a: Gholdengo|[anim] Ivy Cudgel Water\n|-crit|p1a: Gholdengo\n|-damage|p1a: Gholdengo|27\/100\n|\n|-heal|p1a: Gholdengo|33\/100|[from] item: Leftovers\n|upkeep\n|turn|34\n|\n|t:|1700062433\n|move|p1a: Gholdengo|Recover|p1a: Gholdengo\n|-heal|p1a: Gholdengo|83\/100\n|move|p2a: Ogerpon|Ivy Cudgel|p1a: Gholdengo|[anim] Ivy Cudgel Water\n|-crit|p1a: Gholdengo\n|-damage|p1a: Gholdengo|26\/100\n|\n|-heal|p1a: Gholdengo|32\/100|[from] item: Leftovers\n|upkeep\n|turn|35\n|\n|t:|1700062437\n|move|p1a: Gholdengo|Recover|p1a: Gholdengo\n|-heal|p1a: Gholdengo|82\/100\n|move|p2a: Ogerpon|Ivy Cudgel|p1a: Gholdengo|[anim] Ivy Cudgel Water\n|-damage|p1a: Gholdengo|41\/100\n|\n|-heal|p1a: Gholdengo|47\/100|[from] item: Leftovers\n|upkeep\n|turn|36\n|\n|t:|1700062439\n|move|p1a: Gholdengo|Recover|p1a: Gholdengo\n|-heal|p1a: Gholdengo|97\/100\n|move|p2a: Ogerpon|Ivy Cudgel|p1a: Gholdengo|[anim] Ivy Cudgel Water\n|-damage|p1a: Gholdengo|58\/100\n|\n|-heal|p1a: Gholdengo|64\/100|[from] item: Leftovers\n|upkeep\n|turn|37\n|\n|t:|1700062443\n|move|p1a: Gholdengo|Hex|p2a: Ogerpon\n|-damage|p2a: Ogerpon|0 fnt\n|faint|p2a: Ogerpon\n|\n|-heal|p1a: Gholdengo|70\/100|[from] item: Leftovers\n|upkeep\n|\n|t:|1700062447\n|switch|p2a: Lokix|Lokix, M, tera:Bug|59\/100\n|-damage|p2a: Lokix|34\/100|[from] Stealth Rock\n|-damage|p2a: Lokix|18\/100|[from] Spikes\n|turn|38\n|inactive|N-Zoroark stan has 120 seconds left.\n|\n|t:|1700062479\n|move|p2a: Lokix|U-turn|p1a: Gholdengo\n|-resisted|p1a: Gholdengo\n|-damage|p1a: Gholdengo|25\/100\n|inactive|N-Zoroark stan has 120 seconds left.\n|\n|t:|1700062488\n|switch|p2a: Greninja|Greninja, F|100\/100 par|[from] U-turn\n|move|p1a: Gholdengo|Recover|p1a: Gholdengo\n|-heal|p1a: Gholdengo|75\/100\n|\n|-heal|p1a: Gholdengo|81\/100|[from] item: Leftovers\n|upkeep\n|turn|39\n|\n|t:|1700062497\n|move|p1a: Gholdengo|Hex|p2a: Greninja\n|-immune|p2a: Greninja\n|cant|p2a: Greninja|par\n|\n|-heal|p1a: Gholdengo|87\/100|[from] item: Leftovers\n|upkeep\n|turn|40\n|c|\u2606N-Zoroark stan|ggwp\n|\n|t:|1700062504\n|move|p1a: Gholdengo|Nasty Plot|p1a: Gholdengo\n|-boost|p1a: Gholdengo|spa|2\n|cant|p2a: Greninja|par\n|\n|-heal|p1a: Gholdengo|93\/100|[from] item: Leftovers\n|upkeep\n|turn|41\n|c|\u2606alvar03|gg\n|\n|t:|1700062508\n|move|p1a: Gholdengo|Nasty Plot|p1a: Gholdengo\n|-boost|p1a: Gholdengo|spa|2\n|move|p2a: Greninja|Shadow Ball|p1a: Gholdengo\n|-damage|p1a: Gholdengo|53\/100\n|\n|-heal|p1a: Gholdengo|59\/100|[from] item: Leftovers\n|upkeep\n|turn|42\n|-message|alvar03 forfeited.\n|\n|win|N-Zoroark stan\n|raw|alvar03's rating: 1824 &rarr; <strong>1805<\/strong><br \/>(-19 for losing)\n|raw|N-Zoroark stan's rating: 1849 &rarr; <strong>1868<\/strong><br \/>(+19 for winning)\n|l|\u2606alvar03\n","uploadtime":1700062527,"views":27,"p1id":"alvar03","p2id":"nzoroarkstan","formatid":"gen9ou","rating":1805,"private":0,"password":""}