{"id":"gen9ou-1999525864","p1":"GauBoune","p2":"El Stefano","format":"[Gen 9] OU","log":"|j|\u2606GauBoune\n|j|\u2606El Stefano\n|t:|1701092557\n|gametype|singles\n|player|p1|GauBoune|170|1695\n|player|p2|El Stefano|1|1813\n|teamsize|p1|6\n|teamsize|p2|6\n|gen|9\n|tier|[Gen 9] OU\n|rated|\n|rule|Sleep Clause Mod: Limit one foe put to sleep\n|rule|Species Clause: Limit one of each Pok\u00e9mon\n|rule|OHKO Clause: OHKO moves are banned\n|rule|Evasion Items Clause: Evasion items are banned\n|rule|Evasion Moves Clause: Evasion moves are banned\n|rule|Endless Battle Clause: Forcing endless battles is banned\n|rule|HP Percentage Mod: HP is shown in percentages\n|clearpoke\n|poke|p1|Dragapult, F|\n|poke|p1|Great Tusk|\n|poke|p1|Greninja-*, M|\n|poke|p1|Moltres|\n|poke|p1|Clodsire, F|\n|poke|p1|Cresselia, F|\n|poke|p2|Slowking, M|\n|poke|p2|Chesnaught, F|\n|poke|p2|Talonflame, M|\n|poke|p2|Clodsire, F|\n|poke|p2|Dondozo, M|\n|poke|p2|Clefable, F|\n|teampreview\n|inactive|Battle timer is ON: inactive players will automatically lose when time's up. (requested by GauBoune)\n|\n|t:|1701092573\n|start\n|switch|p1a: Genoide|Dragapult, F|100\/100\n|switch|p2a: Slowking|Slowking, M, shiny|100\/100\n|turn|1\n|\n|t:|1701092578\n|move|p2a: Slowking|Protect|p2a: Slowking\n|-singleturn|p2a: Slowking|Protect\n|move|p1a: Genoide|U-turn|p2a: Slowking\n|-activate|p2a: Slowking|move: Protect\n|\n|upkeep\n|turn|2\n|\n|t:|1701092583\n|move|p1a: Genoide|U-turn|p2a: Slowking\n|-supereffective|p2a: Slowking\n|-damage|p2a: Slowking|27\/100\n|\n|t:|1701092587\n|switch|p1a: A thing.|Clodsire, F|100\/100|[from] U-turn\n|move|p2a: Slowking|Scald|p1a: A thing.\n|-immune|p1a: A thing.|[from] ability: Water Absorb\n|\n|upkeep\n|turn|3\n|\n|t:|1701092594\n|switch|p2a: Clefable|Clefable, F|100\/100\n|move|p1a: A thing.|Spikes|p2a: Clefable\n|-sidestart|p2: El Stefano|Spikes\n|\n|upkeep\n|turn|4\n|\n|t:|1701092606\n|move|p2a: Clefable|Knock Off|p1a: A thing.\n|-damage|p1a: A thing.|82\/100\n|-enditem|p1a: A thing.|Heavy-Duty Boots|[from] move: Knock Off|[of] p2a: Clefable\n|move|p1a: A thing.|Spikes|p2a: Clefable\n|-sidestart|p2: El Stefano|Spikes\n|\n|upkeep\n|turn|5\n|\n|t:|1701092611\n|move|p2a: Clefable|Stealth Rock|p1a: A thing.\n|-sidestart|p1: GauBoune|move: Stealth Rock\n|move|p1a: A thing.|Spikes|p2a: Clefable\n|-sidestart|p2: El Stefano|Spikes\n|\n|upkeep\n|turn|6\n|\n|t:|1701092616\n|switch|p2a: Slowking|Slowking, M, shiny|60\/100\n|move|p1a: A thing.|Earthquake|p2a: Slowking\n|-damage|p2a: Slowking|31\/100\n|\n|upkeep\n|turn|7\n|\n|t:|1701092624\n|switch|p2a: Clefable|Clefable, F|100\/100\n|move|p1a: A thing.|Earthquake|p2a: Clefable\n|-damage|p2a: Clefable|81\/100\n|\n|-heal|p2a: Clefable|87\/100|[from] item: Leftovers\n|upkeep\n|turn|8\n|\n|t:|1701092636\n|move|p2a: Clefable|Moonblast|p1a: A thing.\n|-resisted|p1a: A thing.\n|-damage|p1a: A thing.|74\/100\n|move|p1a: A thing.|Earthquake|p2a: Clefable\n|-damage|p2a: Clefable|67\/100\n|\n|-heal|p2a: Clefable|73\/100|[from] item: Leftovers\n|upkeep\n|turn|9\n|\n|t:|1701092642\n|switch|p2a: Talonflame|Talonflame, M|100\/100\n|move|p1a: A thing.|Earthquake|p2a: Talonflame\n|-immune|p2a: Talonflame\n|\n|upkeep\n|turn|10\n|\n|t:|1701092644\n|switch|p2a: Clefable|Clefable, F|73\/100\n|move|p1a: A thing.|Toxic|p2a: Clefable\n|-status|p2a: Clefable|tox\n|\n|-heal|p2a: Clefable|79\/100 tox|[from] item: Leftovers\n|upkeep\n|turn|11\n|\n|t:|1701092650\n|switch|p2a: Talonflame|Talonflame, M|100\/100\n|move|p1a: A thing.|Earthquake|p2a: Talonflame\n|-immune|p2a: Talonflame\n|\n|upkeep\n|turn|12\n|j| Flamax\n|\n|t:|1701092655\n|switch|p2a: Clefable|Clefable, F|79\/100 tox\n|move|p1a: A thing.|Toxic|p2a: Clefable\n|-fail|p2a: Clefable|tox\n|\n|-heal|p2a: Clefable|85\/100 tox|[from] item: Leftovers\n|upkeep\n|turn|13\n|\n|t:|1701092662\n|switch|p2a: Dondozo|Dondozo, M|100\/100\n|move|p1a: A thing.|Earthquake|p2a: Dondozo\n|-damage|p2a: Dondozo|89\/100\n|\n|upkeep\n|turn|14\n|\n|t:|1701092668\n|switch|p2a: Clefable|Clefable, F|85\/100 tox\n|switch|p1a: Agency|Great Tusk|100\/100\n|-damage|p1a: Agency|98\/100|[from] Stealth Rock\n|\n|-heal|p1a: Agency|100\/100|[from] item: Leftovers\n|-heal|p2a: Clefable|91\/100 tox|[from] item: Leftovers\n|upkeep\n|turn|15\n|\n|t:|1701092673\n|-end|p1a: Agency|Protosynthesis|[silent]\n|switch|p1a: A thing.|Clodsire, F|74\/100\n|-damage|p1a: A thing.|68\/100|[from] Stealth Rock\n|move|p2a: Clefable|Moonblast|p1a: A thing.\n|-resisted|p1a: A thing.\n|-damage|p1a: A thing.|60\/100\n|\n|-heal|p2a: Clefable|97\/100 tox|[from] item: Leftovers\n|upkeep\n|turn|16\n|j| cdx\n|\n|t:|1701092682\n|switch|p2a: Slowking|Slowking, M, shiny|64\/100\n|move|p1a: A thing.|Earthquake|p2a: Slowking\n|-damage|p2a: Slowking|36\/100\n|\n|upkeep\n|turn|17\n|\n|t:|1701092687\n|switch|p2a: Clefable|Clefable, F|97\/100 tox\n|move|p1a: A thing.|Earthquake|p2a: Clefable\n|-damage|p2a: Clefable|78\/100 tox\n|\n|-heal|p2a: Clefable|84\/100 tox|[from] item: Leftovers\n|upkeep\n|turn|18\n|\n|t:|1701092696\n|move|p2a: Clefable|Moonblast|p1a: A thing.\n|-resisted|p1a: A thing.\n|-damage|p1a: A thing.|52\/100\n|-unboost|p1a: A thing.|spa|1\n|move|p1a: A thing.|Earthquake|p2a: Clefable\n|-damage|p2a: Clefable|63\/100 tox\n|\n|-heal|p2a: Clefable|69\/100 tox|[from] item: Leftovers\n|upkeep\n|turn|19\n|\n|t:|1701092702\n|move|p2a: Clefable|Knock Off|p1a: A thing.\n|-damage|p1a: A thing.|42\/100\n|move|p1a: A thing.|Toxic|p2a: Clefable\n|-fail|p2a: Clefable|tox\n|\n|-heal|p2a: Clefable|75\/100 tox|[from] item: Leftovers\n|upkeep\n|turn|20\n|\n|t:|1701092708\n|move|p2a: Clefable|Moonblast|p1a: A thing.\n|-resisted|p1a: A thing.\n|-crit|p1a: A thing.\n|-damage|p1a: A thing.|30\/100\n|move|p1a: A thing.|Toxic|p2a: Clefable\n|-fail|p2a: Clefable|tox\n|\n|-heal|p2a: Clefable|81\/100 tox|[from] item: Leftovers\n|upkeep\n|turn|21\n|\n|t:|1701092714\n|move|p2a: Clefable|Knock Off|p1a: A thing.\n|-damage|p1a: A thing.|19\/100\n|move|p1a: A thing.|Toxic|p2a: Clefable\n|-fail|p2a: Clefable|tox\n|\n|-heal|p2a: Clefable|87\/100 tox|[from] item: Leftovers\n|upkeep\n|turn|22\n|\n|t:|1701092718\n|move|p2a: Clefable|Knock Off|p1a: A thing.\n|-damage|p1a: A thing.|8\/100\n|move|p1a: A thing.|Recover|p1a: A thing.\n|-heal|p1a: A thing.|58\/100\n|\n|-heal|p2a: Clefable|93\/100 tox|[from] item: Leftovers\n|upkeep\n|turn|23\n|\n|t:|1701092724\n|move|p2a: Clefable|Knock Off|p1a: A thing.\n|-damage|p1a: A thing.|47\/100\n|move|p1a: A thing.|Toxic|p2a: Clefable\n|-fail|p2a: Clefable|tox\n|\n|-heal|p2a: Clefable|99\/100 tox|[from] item: Leftovers\n|upkeep\n|turn|24\n|\n|t:|1701092729\n|move|p2a: Clefable|Knock Off|p1a: A thing.\n|-damage|p1a: A thing.|36\/100\n|move|p1a: A thing.|Recover|p1a: A thing.\n|-heal|p1a: A thing.|86\/100\n|\n|-heal|p2a: Clefable|100\/100 tox|[from] item: Leftovers\n|upkeep\n|turn|25\n|\n|t:|1701092732\n|move|p2a: Clefable|Knock Off|p1a: A thing.\n|-damage|p1a: A thing.|76\/100\n|move|p1a: A thing.|Earthquake|p2a: Clefable\n|-damage|p2a: Clefable|80\/100 tox\n|\n|-heal|p2a: Clefable|87\/100 tox|[from] item: Leftovers\n|upkeep\n|turn|26\n|\n|t:|1701092736\n|move|p2a: Clefable|Knock Off|p1a: A thing.\n|-damage|p1a: A thing.|64\/100\n|move|p1a: A thing.|Earthquake|p2a: Clefable\n|-damage|p2a: Clefable|66\/100 tox\n|\n|-heal|p2a: Clefable|72\/100 tox|[from] item: Leftovers\n|upkeep\n|turn|27\n|\n|t:|1701092740\n|move|p2a: Clefable|Knock Off|p1a: A thing.\n|-damage|p1a: A thing.|52\/100\n|move|p1a: A thing.|Earthquake|p2a: Clefable\n|-crit|p2a: Clefable\n|-damage|p2a: Clefable|43\/100 tox\n|\n|-heal|p2a: Clefable|49\/100 tox|[from] item: Leftovers\n|upkeep\n|turn|28\n|\n|t:|1701092744\n|move|p2a: Clefable|Moonlight|p2a: Clefable\n|-heal|p2a: Clefable|99\/100 tox\n|move|p1a: A thing.|Recover|p1a: A thing.\n|-heal|p1a: A thing.|100\/100\n|\n|-heal|p2a: Clefable|100\/100 tox|[from] item: Leftovers\n|upkeep\n|turn|29\n|\n|t:|1701092749\n|switch|p2a: Slowking|Slowking, M, shiny|69\/100\n|move|p1a: A thing.|Earthquake|p2a: Slowking\n|-damage|p2a: Slowking|43\/100\n|\n|upkeep\n|turn|30\n|\n|t:|1701092756\n|switch|p1a: Agency|Great Tusk|100\/100\n|-damage|p1a: Agency|98\/100|[from] Stealth Rock\n|switch|p2a: Clefable|Clefable, F|100\/100 tox\n|\n|-heal|p1a: Agency|100\/100|[from] item: Leftovers\n|upkeep\n|turn|31\n|\n|t:|1701092764\n|move|p1a: Agency|Rapid Spin|p2a: Clefable\n|-damage|p2a: Clefable|89\/100 tox\n|-boost|p1a: Agency|spe|1\n|-sideend|p1: GauBoune|Stealth Rock|[from] move: Rapid Spin|[of] p1a: Agency\n|move|p2a: Clefable|Knock Off|p1a: Agency\n|-resisted|p1a: Agency\n|-damage|p1a: Agency|96\/100\n|-enditem|p1a: Agency|Leftovers|[from] move: Knock Off|[of] p2a: Clefable\n|\n|-heal|p2a: Clefable|95\/100 tox|[from] item: Leftovers\n|upkeep\n|turn|32\n|\n|t:|1701092769\n|move|p1a: Agency|Knock Off|p2a: Clefable\n|-resisted|p2a: Clefable\n|-damage|p2a: Clefable|84\/100 tox\n|-enditem|p2a: Clefable|Leftovers|[from] move: Knock Off|[of] p1a: Agency\n|move|p2a: Clefable|Stealth Rock|p1a: Agency\n|-sidestart|p1: GauBoune|move: Stealth Rock\n|\n|upkeep\n|turn|33\n|\n|t:|1701092774\n|move|p1a: Agency|Rapid Spin|p2a: Clefable\n|-damage|p2a: Clefable|72\/100 tox\n|-boost|p1a: Agency|spe|1\n|-sideend|p1: GauBoune|Stealth Rock|[from] move: Rapid Spin|[of] p1a: Agency\n|move|p2a: Clefable|Moonblast|p1a: Agency\n|-supereffective|p1a: Agency\n|-damage|p1a: Agency|14\/100\n|-unboost|p1a: Agency|spa|1\n|\n|upkeep\n|turn|34\n|\n|t:|1701092781\n|move|p1a: Agency|Stealth Rock|p2a: Clefable\n|-sidestart|p2: El Stefano|move: Stealth Rock\n|move|p2a: Clefable|Moonblast|p1a: Agency\n|-supereffective|p1a: Agency\n|-damage|p1a: Agency|0 fnt\n|faint|p1a: Agency\n|-end|p1a: Agency|Protosynthesis|[silent]\n|\n|upkeep\n|\n|t:|1701092784\n|switch|p1a: Genoide|Dragapult, F|100\/100\n|turn|35\n|\n|t:|1701092792\n|switch|p2a: Talonflame|Talonflame, M|100\/100\n|-terastallize|p1a: Genoide|Ghost\n|move|p1a: Genoide|Tera Blast|p2a: Talonflame|[anim] Tera Blast Ghost\n|-damage|p2a: Talonflame|26\/100\n|\n|upkeep\n|turn|36\n|j| Amelie9\n|\n|t:|1701092805\n|switch|p2a: Chesnaught|Chesnaught, F|100\/100\n|move|p1a: Genoide|Tera Blast|p2a: Chesnaught|[anim] Tera Blast Ghost\n|-damage|p2a: Chesnaught|51\/100\n|\n|upkeep\n|turn|37\n|\n|t:|1701092813\n|move|p1a: Genoide|Tera Blast|p2a: Chesnaught|[anim] Tera Blast Ghost\n|-damage|p2a: Chesnaught|3\/100\n|move|p2a: Chesnaught|Synthesis|p2a: Chesnaught\n|-heal|p2a: Chesnaught|53\/100\n|\n|upkeep\n|turn|38\n|\n|t:|1701092821\n|move|p1a: Genoide|Tera Blast|p2a: Chesnaught|[anim] Tera Blast Ghost\n|-damage|p2a: Chesnaught|6\/100\n|move|p2a: Chesnaught|Synthesis|p2a: Chesnaught\n|-heal|p2a: Chesnaught|56\/100\n|\n|upkeep\n|turn|39\n|\n|t:|1701092824\n|move|p1a: Genoide|Tera Blast|p2a: Chesnaught|[anim] Tera Blast Ghost\n|-damage|p2a: Chesnaught|10\/100\n|move|p2a: Chesnaught|Synthesis|p2a: Chesnaught\n|-heal|p2a: Chesnaught|60\/100\n|\n|upkeep\n|turn|40\n|\n|t:|1701092827\n|move|p1a: Genoide|Tera Blast|p2a: Chesnaught|[anim] Tera Blast Ghost\n|-damage|p2a: Chesnaught|10\/100\n|move|p2a: Chesnaught|Synthesis|p2a: Chesnaught\n|-heal|p2a: Chesnaught|60\/100\n|\n|upkeep\n|turn|41\n|\n|t:|1701092832\n|move|p1a: Genoide|Tera Blast|p2a: Chesnaught|[anim] Tera Blast Ghost\n|-damage|p2a: Chesnaught|13\/100\n|move|p2a: Chesnaught|Knock Off|p1a: Genoide\n|-supereffective|p1a: Genoide\n|-damage|p1a: Genoide|38\/100\n|-enditem|p1a: Genoide|Choice Band|[from] move: Knock Off|[of] p2a: Chesnaught\n|\n|upkeep\n|turn|42\n|\n|t:|1701092839\n|switch|p2a: Dondozo|Dondozo, M|89\/100\n|move|p1a: Genoide|Tera Blast|p2a: Dondozo|[anim] Tera Blast Ghost\n|-damage|p2a: Dondozo|62\/100\n|\n|upkeep\n|turn|43\n|\n|t:|1701092848\n|move|p1a: Genoide|Tera Blast|p2a: Dondozo|[anim] Tera Blast Ghost\n|-damage|p2a: Dondozo|35\/100\n|move|p2a: Dondozo|Curse|p2a: Dondozo\n|-unboost|p2a: Dondozo|spe|1\n|-boost|p2a: Dondozo|atk|1\n|-boost|p2a: Dondozo|def|1\n|\n|upkeep\n|turn|44\n|\n|t:|1701092854\n|move|p1a: Genoide|Tera Blast|p2a: Dondozo|[anim] Tera Blast Ghost\n|-damage|p2a: Dondozo|18\/100\n|move|p2a: Dondozo|Rest|p2a: Dondozo\n|-status|p2a: Dondozo|slp|[from] move: Rest\n|-heal|p2a: Dondozo|100\/100 slp|[silent]\n|\n|upkeep\n|turn|45\n|\n|t:|1701092858\n|move|p1a: Genoide|Tera Blast|p2a: Dondozo|[anim] Tera Blast Ghost\n|-damage|p2a: Dondozo|83\/100 slp\n|cant|p2a: Dondozo|slp\n|move|p2a: Dondozo|Sleep Talk|p2a: Dondozo\n|move|p2a: Dondozo|Waterfall|p1a: Genoide|[from]move: Sleep Talk\n|-damage|p1a: Genoide|0 fnt\n|faint|p1a: Genoide\n|\n|upkeep\n|\n|t:|1701092863\n|switch|p1a: Gamakishi|Greninja, M|100\/100\n|turn|46\n|\n|t:|1701092871\n|switch|p2a: Slowking|Slowking, M, shiny|76\/100\n|move|p1a: Gamakishi|Dark Pulse|p2a: Slowking\n|-supereffective|p2a: Slowking\n|-damage|p2a: Slowking|28\/100\n|\n|upkeep\n|turn|47\n|\n|t:|1701092878\n|switch|p2a: Clodsire|Clodsire, F|100\/100\n|move|p1a: Gamakishi|Surf|p2a: Clodsire\n|-supereffective|p2a: Clodsire\n|-damage|p2a: Clodsire|47\/100\n|\n|upkeep\n|turn|48\n|j| leneyork\n|\n|t:|1701092887\n|-terastallize|p2a: Clodsire|Steel\n|move|p1a: Gamakishi|Surf|p2a: Clodsire\n|-crit|p2a: Clodsire\n|-damage|p2a: Clodsire|12\/100\n|move|p2a: Clodsire|Recover|p2a: Clodsire\n|-heal|p2a: Clodsire|62\/100\n|\n|upkeep\n|turn|49\n|\n|t:|1701092892\n|move|p1a: Gamakishi|Low Kick|p2a: Clodsire\n|-supereffective|p2a: Clodsire\n|-damage|p2a: Clodsire|2\/100\n|move|p2a: Clodsire|Recover|p2a: Clodsire\n|-heal|p2a: Clodsire|52\/100\n|\n|upkeep\n|turn|50\n|\n|t:|1701092901\n|move|p1a: Gamakishi|Surf|p2a: Clodsire\n|-damage|p2a: Clodsire|31\/100\n|move|p2a: Clodsire|Recover|p2a: Clodsire\n|-heal|p2a: Clodsire|81\/100\n|\n|upkeep\n|turn|51\n|\n|t:|1701092904\n|switch|p2a: Slowking|Slowking, M, shiny|61\/100\n|move|p1a: Gamakishi|Low Kick|p2a: Slowking\n|-resisted|p2a: Slowking\n|-damage|p2a: Slowking|52\/100\n|\n|upkeep\n|turn|52\n|\n|t:|1701092910\n|switch|p2a: Clefable|Clefable, F|72\/100 tox\n|move|p1a: Gamakishi|Dark Pulse|p2a: Clefable\n|-resisted|p2a: Clefable\n|-damage|p2a: Clefable|54\/100 tox\n|\n|upkeep\n|turn|53\n|\n|t:|1701092918\n|switch|p2a: Slowking|Slowking, M, shiny|85\/100\n|move|p1a: Gamakishi|Dark Pulse|p2a: Slowking\n|-supereffective|p2a: Slowking\n|-damage|p2a: Slowking|30\/100\n|\n|upkeep\n|turn|54\n|\n|t:|1701092932\n|move|p1a: Gamakishi|Dark Pulse|p2a: Slowking\n|-supereffective|p2a: Slowking\n|-damage|p2a: Slowking|0 fnt\n|faint|p2a: Slowking\n|-ability|p1a: Gamakishi|Battle Bond|boost\n|-boost|p1a: Gamakishi|atk|1\n|-boost|p1a: Gamakishi|spa|1\n|-boost|p1a: Gamakishi|spe|1\n|-activate|p1a: Gamakishi|ability: Battle Bond\n|\n|upkeep\n|\n|t:|1701092935\n|switch|p2a: Clodsire|Clodsire, F, tera:Steel|81\/100\n|turn|55\n|\n|t:|1701092948\n|move|p1a: Gamakishi|Low Kick|p2a: Clodsire\n|-supereffective|p2a: Clodsire\n|-crit|p2a: Clodsire\n|-damage|p2a: Clodsire|0 fnt\n|faint|p2a: Clodsire\n|\n|upkeep\n|\n|t:|1701092959\n|switch|p2a: Dondozo|Dondozo, M|83\/100 slp\n|turn|56\n|\n|t:|1701092963\n|move|p1a: Gamakishi|Dark Pulse|p2a: Dondozo\n|-damage|p2a: Dondozo|50\/100 slp\n|cant|p2a: Dondozo|slp\n|move|p2a: Dondozo|Sleep Talk|p2a: Dondozo\n|move|p2a: Dondozo|Curse|p2a: Dondozo|[from]move: Sleep Talk\n|-unboost|p2a: Dondozo|spe|1\n|-boost|p2a: Dondozo|atk|1\n|-boost|p2a: Dondozo|def|1\n|\n|upkeep\n|turn|57\n|\n|t:|1701092969\n|move|p1a: Gamakishi|Dark Pulse|p2a: Dondozo\n|-damage|p2a: Dondozo|19\/100 slp\n|-curestatus|p2a: Dondozo|slp|[msg]\n|move|p2a: Dondozo|Rest|p2a: Dondozo\n|-status|p2a: Dondozo|slp|[from] move: Rest\n|-heal|p2a: Dondozo|100\/100 slp|[silent]\n|\n|upkeep\n|turn|58\n|\n|t:|1701092976\n|move|p1a: Gamakishi|Dark Pulse|p2a: Dondozo\n|-damage|p2a: Dondozo|69\/100 slp\n|cant|p2a: Dondozo|slp\n|move|p2a: Dondozo|Sleep Talk|p2a: Dondozo\n|move|p2a: Dondozo|Curse|p2a: Dondozo|[from]move: Sleep Talk\n|-unboost|p2a: Dondozo|spe|1\n|-boost|p2a: Dondozo|atk|1\n|-boost|p2a: Dondozo|def|1\n|\n|upkeep\n|turn|59\n|\n|t:|1701092982\n|move|p1a: Gamakishi|Dark Pulse|p2a: Dondozo\n|-damage|p2a: Dondozo|36\/100 slp\n|cant|p2a: Dondozo|slp\n|cant|p2a: Dondozo|flinch\n|\n|upkeep\n|turn|60\n|\n|t:|1701092987\n|move|p1a: Gamakishi|Dark Pulse|p2a: Dondozo\n|-damage|p2a: Dondozo|1\/100 slp\n|-curestatus|p2a: Dondozo|slp|[msg]\n|move|p2a: Dondozo|Rest|p2a: Dondozo\n|-status|p2a: Dondozo|slp|[from] move: Rest\n|-heal|p2a: Dondozo|100\/100 slp|[silent]\n|\n|upkeep\n|turn|61\n|\n|t:|1701092992\n|move|p1a: Gamakishi|Dark Pulse|p2a: Dondozo\n|-damage|p2a: Dondozo|69\/100 slp\n|cant|p2a: Dondozo|slp\n|move|p2a: Dondozo|Sleep Talk|p2a: Dondozo\n|move|p2a: Dondozo|Curse|p2a: Dondozo|[from]move: Sleep Talk\n|-unboost|p2a: Dondozo|spe|1\n|-boost|p2a: Dondozo|atk|1\n|-boost|p2a: Dondozo|def|1\n|\n|upkeep\n|turn|62\n|\n|t:|1701092995\n|move|p1a: Gamakishi|Dark Pulse|p2a: Dondozo\n|-crit|p2a: Dondozo\n|-damage|p2a: Dondozo|16\/100 slp\n|cant|p2a: Dondozo|slp\n|move|p2a: Dondozo|Sleep Talk|p2a: Dondozo\n|move|p2a: Dondozo|Rest||[from]move: Sleep Talk|[still]\n|-fail|p2a: Dondozo\n|\n|upkeep\n|turn|63\n|\n|t:|1701092999\n|move|p1a: Gamakishi|Dark Pulse|p2a: Dondozo\n|-damage|p2a: Dondozo|0 fnt\n|faint|p2a: Dondozo\n|\n|upkeep\n|\n|t:|1701093001\n|switch|p2a: Clefable|Clefable, F|54\/100 tox\n|turn|64\n|\n|t:|1701093004\n|move|p1a: Gamakishi|Surf|p2a: Clefable\n|-damage|p2a: Clefable|2\/100 tox\n|move|p2a: Clefable|Moonblast|p1a: Gamakishi\n|-supereffective|p1a: Gamakishi\n|-damage|p1a: Gamakishi|0 fnt\n|faint|p1a: Gamakishi\n|\n|upkeep\n|\n|t:|1701093013\n|switch|p1a: Bonogoat|Cresselia, F|100\/100\n|turn|65\n|\n|t:|1701093016\n|move|p1a: Bonogoat|Moonblast|p2a: Clefable\n|-damage|p2a: Clefable|0 fnt\n|faint|p2a: Clefable\n|\n|upkeep\n|\n|t:|1701093018\n|switch|p2a: Talonflame|Talonflame, M|26\/100\n|turn|66\n|\n|t:|1701093022\n|move|p1a: Bonogoat|Calm Mind|p1a: Bonogoat\n|-boost|p1a: Bonogoat|spa|1\n|-boost|p1a: Bonogoat|spd|1\n|move|p2a: Talonflame|Roost|p2a: Talonflame\n|-heal|p2a: Talonflame|76\/100\n|-singleturn|p2a: Talonflame|move: Roost\n|\n|upkeep\n|turn|67\n|\n|t:|1701093026\n|move|p1a: Bonogoat|Calm Mind|p1a: Bonogoat\n|-boost|p1a: Bonogoat|spa|1\n|-boost|p1a: Bonogoat|spd|1\n|move|p2a: Talonflame|Will-O-Wisp|p1a: Bonogoat\n|-status|p1a: Bonogoat|brn\n|\n|-damage|p1a: Bonogoat|94\/100 brn|[from] brn\n|upkeep\n|turn|68\n|\n|t:|1701093031\n|move|p1a: Bonogoat|Stored Power|p2a: Talonflame\n|-damage|p2a: Talonflame|10\/100\n|move|p2a: Talonflame|Brave Bird|p1a: Bonogoat\n|-damage|p1a: Bonogoat|68\/100 brn\n|-damage|p2a: Talonflame|0 fnt|[from] Recoil\n|faint|p2a: Talonflame\n|\n|-heal|p1a: Bonogoat|74\/100 brn|[from] item: Leftovers\n|-damage|p1a: Bonogoat|68\/100 brn|[from] brn\n|upkeep\n|c|\u2606GauBoune|gg\n|\n|t:|1701093033\n|switch|p2a: Chesnaught|Chesnaught, F|13\/100\n|turn|69\n|\n|t:|1701093035\n|move|p1a: Bonogoat|Stored Power|p2a: Chesnaught\n|-supereffective|p2a: Chesnaught\n|-damage|p2a: Chesnaught|0 fnt\n|faint|p2a: Chesnaught\n|\n|win|GauBoune\n|raw|GauBoune's rating: 1695 &rarr; <strong>1722<\/strong><br \/>(+27 for winning)\n|raw|El Stefano's rating: 1813 &rarr; <strong>1786<\/strong><br \/>(-27 for losing)\n|l|\u2606El Stefano\n|l| cdx\n|l| Amelie9\n|l| leneyork\n|l| Flamax\n|l|\u2606GauBoune\n","uploadtime":1701093085,"views":2,"p1id":"gauboune","p2id":"elstefano","formatid":"gen9ou","rating":1722,"private":0,"password":""}