{"id":"gen9ou-1993006274","p1":"rabootinnit","p2":"donkkut","format":"[Gen 9] OU","log":"|j|\u2606rabootinnit\n|j|\u2606donkkut\n|t:|1700254797\n|gametype|singles\n|player|p1|rabootinnit|backpacker|1398\n|player|p2|donkkut|ballguy|1465\n|teamsize|p1|6\n|teamsize|p2|6\n|gen|9\n|tier|[Gen 9] OU\n|rated|\n|rule|Sleep Clause Mod: Limit one foe put to sleep\n|rule|Species Clause: Limit one of each Pok\u00e9mon\n|rule|OHKO Clause: OHKO moves are banned\n|rule|Evasion Items Clause: Evasion items are banned\n|rule|Evasion Moves Clause: Evasion moves are banned\n|rule|Endless Battle Clause: Forcing endless battles is banned\n|rule|HP Percentage Mod: HP is shown in percentages\n|clearpoke\n|poke|p1|Ursaluna, M|\n|poke|p1|Shiftry, F|\n|poke|p1|Enamorus, F|\n|poke|p1|Dragapult, M|\n|poke|p1|Mamoswine, M|\n|poke|p1|Ogerpon-Wellspring, F|\n|poke|p2|Mew|\n|poke|p2|Slowking-Galar, F|\n|poke|p2|Hatterene, F|\n|poke|p2|Ursaluna, M|\n|poke|p2|Glastrier|\n|poke|p2|Kingambit, F|\n|teampreview\n|inactive|Battle timer is ON: inactive players will automatically lose when time's up. (requested by donkkut)\n|\n|t:|1700254819\n|start\n|switch|p1a: Shiftry|Shiftry, F|100\/100\n|switch|p2a: Slowking|Slowking-Galar, F|100\/100\n|turn|1\n|\n|t:|1700254826\n|switch|p2a: Kingambit|Kingambit, F|100\/100\n|move|p1a: Shiftry|Knock Off|p2a: Kingambit\n|-resisted|p2a: Kingambit\n|-damage|p2a: Kingambit|84\/100\n|-enditem|p2a: Kingambit|Lum Berry|[from] move: Knock Off|[of] p1a: Shiftry\n|\n|upkeep\n|turn|2\n|\n|t:|1700254836\n|switch|p1a: Ursaluna|Ursaluna, M|100\/100\n|move|p2a: Kingambit|Iron Head|p1a: Ursaluna\n|-damage|p1a: Ursaluna|65\/100\n|\n|-status|p1a: Ursaluna|brn|[from] item: Flame Orb\n|upkeep\n|turn|3\n|\n|t:|1700254845\n|-end|p2a: Kingambit|fallenundefined|[silent]\n|switch|p2a: Mew|Mew|100\/100\n|move|p1a: Ursaluna|Fire Punch|p2a: Mew\n|-damage|p2a: Mew|63\/100\n|\n|-damage|p1a: Ursaluna|58\/100 brn|[from] brn\n|upkeep\n|turn|4\n|\n|t:|1700254848\n|move|p2a: Mew|Spikes|p1a: Ursaluna\n|-sidestart|p1: rabootinnit|Spikes\n|move|p1a: Ursaluna|Facade|p2a: Mew\n|-damage|p2a: Mew|0 fnt\n|faint|p2a: Mew\n|\n|-damage|p1a: Ursaluna|52\/100 brn|[from] brn\n|upkeep\n|\n|t:|1700254866\n|switch|p2a: Hatterene|Hatterene, F|100\/100\n|turn|5\n|\n|t:|1700254871\n|move|p1a: Ursaluna|Facade|p2a: Hatterene\n|-damage|p2a: Hatterene|7\/100\n|move|p2a: Hatterene|Trick Room|p2a: Hatterene\n|-fieldstart|move: Trick Room|[of] p2a: Hatterene\n|\n|-damage|p1a: Ursaluna|46\/100 brn|[from] brn\n|upkeep\n|turn|6\n|\n|t:|1700254881\n|switch|p1a: Shiftry|Shiftry, F|100\/100\n|-damage|p1a: Shiftry|88\/100|[from] Spikes\n|move|p2a: Hatterene|Psychic|p1a: Shiftry\n|-immune|p1a: Shiftry\n|\n|upkeep\n|turn|7\n|\n|t:|1700254896\n|switch|p1a: Mamoswine|Mamoswine, M|100\/100\n|-damage|p1a: Mamoswine|88\/100|[from] Spikes\n|move|p2a: Hatterene|Mystical Fire|p1a: Mamoswine\n|-supereffective|p1a: Mamoswine\n|-damage|p1a: Mamoswine|64\/100\n|-unboost|p1a: Mamoswine|spa|1\n|\n|upkeep\n|turn|8\n|\n|t:|1700254908\n|move|p1a: Mamoswine|Ice Shard|p2a: Hatterene\n|-damage|p2a: Hatterene|0 fnt\n|faint|p2a: Hatterene\n|\n|upkeep\n|\n|t:|1700254913\n|switch|p2a: Ursaluna|Ursaluna, M|100\/100\n|turn|9\n|\n|t:|1700254922\n|switch|p2a: Glastrier|Glastrier|100\/100\n|move|p1a: Mamoswine|Icicle Crash|p2a: Glastrier\n|-resisted|p2a: Glastrier\n|-damage|p2a: Glastrier|86\/100\n|\n|-fieldend|move: Trick Room\n|upkeep\n|turn|10\n|\n|t:|1700254932\n|move|p1a: Mamoswine|Earthquake|p2a: Glastrier\n|-damage|p2a: Glastrier|50\/100\n|move|p2a: Glastrier|Close Combat|p1a: Mamoswine\n|-supereffective|p1a: Mamoswine\n|-damage|p1a: Mamoswine|0 fnt\n|-unboost|p2a: Glastrier|def|1\n|-unboost|p2a: Glastrier|spd|1\n|faint|p1a: Mamoswine\n|-ability|p2a: Glastrier|Chilling Neigh|boost\n|-boost|p2a: Glastrier|atk|1\n|\n|upkeep\n|\n|t:|1700254946\n|switch|p1a: Shiftry|Shiftry, F|88\/100\n|-damage|p1a: Shiftry|76\/100|[from] Spikes\n|turn|11\n|\n|t:|1700254951\n|switch|p2a: Kingambit|Kingambit, F|84\/100\n|-activate|p2a: Kingambit|ability: Supreme Overlord\n|-start|p2a: Kingambit|fallen2|[silent]\n|move|p1a: Shiftry|Explosion|p2a: Kingambit\n|-resisted|p2a: Kingambit\n|-damage|p2a: Kingambit|59\/100\n|faint|p1a: Shiftry\n|\n|upkeep\n|\n|t:|1700254962\n|switch|p1a: Enamorus|Enamorus, F|100\/100\n|turn|12\n|\n|t:|1700254977\n|switch|p1a: Ursaluna|Ursaluna, M|46\/100 brn\n|-damage|p1a: Ursaluna|34\/100 brn|[from] Spikes\n|move|p2a: Kingambit|Iron Head|p1a: Ursaluna\n|-damage|p1a: Ursaluna|0 fnt\n|faint|p1a: Ursaluna\n|\n|upkeep\n|\n|t:|1700254980\n|switch|p1a: Enamorus|Enamorus, F|100\/100\n|turn|13\n|\n|t:|1700254982\n|-terastallize|p1a: Enamorus|Ground\n|move|p1a: Enamorus|Earth Power|p2a: Kingambit\n|-supereffective|p2a: Kingambit\n|-damage|p2a: Kingambit|0 fnt\n|faint|p2a: Kingambit\n|-end|p2a: Kingambit|fallen2|[silent]\n|\n|upkeep\n|\n|t:|1700254988\n|switch|p2a: Slowking|Slowking-Galar, F|100\/100\n|turn|14\n|\n|t:|1700254991\n|-terastallize|p2a: Slowking|Dark\n|move|p1a: Enamorus|Earth Power|p2a: Slowking\n|-damage|p2a: Slowking|59\/100\n|move|p2a: Slowking|Trick Room|p2a: Slowking\n|-fieldstart|move: Trick Room|[of] p2a: Slowking\n|\n|upkeep\n|turn|15\n|\n|t:|1700254998\n|switch|p2a: Ursaluna|Ursaluna, M|100\/100\n|move|p1a: Enamorus|Moonblast|p2a: Ursaluna\n|-damage|p2a: Ursaluna|54\/100\n|-unboost|p2a: Ursaluna|spa|1\n|\n|-status|p2a: Ursaluna|brn|[from] item: Flame Orb\n|upkeep\n|turn|16\n|\n|t:|1700255008\n|switch|p1a: Ogerpon|Ogerpon-Wellspring, F|100\/100\n|-damage|p1a: Ogerpon|88\/100|[from] Spikes\n|move|p2a: Ursaluna|Headlong Rush|p1a: Ogerpon\n|-resisted|p1a: Ogerpon\n|-damage|p1a: Ogerpon|20\/100\n|-unboost|p2a: Ursaluna|def|1\n|-unboost|p2a: Ursaluna|spd|1\n|\n|-damage|p2a: Ursaluna|48\/100 brn|[from] brn\n|upkeep\n|turn|17\n|\n|t:|1700255025\n|move|p2a: Ursaluna|Headlong Rush|p1a: Ogerpon\n|-resisted|p1a: Ogerpon\n|-damage|p1a: Ogerpon|0 fnt\n|-unboost|p2a: Ursaluna|def|1\n|-unboost|p2a: Ursaluna|spd|1\n|faint|p1a: Ogerpon\n|\n|-damage|p2a: Ursaluna|42\/100 brn|[from] brn\n|upkeep\n|\n|t:|1700255030\n|switch|p1a: Enamorus|Enamorus, F, tera:Ground|100\/100\n|turn|18\n|inactive|rabootinnit has 120 seconds left.\n|\n|t:|1700255056\n|switch|p1a: Dragapult|Dragapult, M|100\/100\n|-damage|p1a: Dragapult|88\/100|[from] Spikes\n|move|p2a: Ursaluna|Headlong Rush|p1a: Dragapult\n|-damage|p1a: Dragapult|0 fnt\n|-unboost|p2a: Ursaluna|def|1\n|-unboost|p2a: Ursaluna|spd|1\n|faint|p1a: Dragapult\n|\n|-damage|p2a: Ursaluna|35\/100 brn|[from] brn\n|-fieldend|move: Trick Room\n|upkeep\n|\n|t:|1700255058\n|switch|p1a: Enamorus|Enamorus, F, tera:Ground|100\/100\n|turn|19\n|\n|t:|1700255061\n|switch|p2a: Glastrier|Glastrier|50\/100\n|move|p1a: Enamorus|Moonblast|p2a: Glastrier\n|-damage|p2a: Glastrier|10\/100\n|\n|upkeep\n|turn|20\n|\n|t:|1700255065\n|move|p1a: Enamorus|Moonblast|p2a: Glastrier\n|-damage|p2a: Glastrier|0 fnt\n|faint|p2a: Glastrier\n|\n|upkeep\n|\n|t:|1700255067\n|switch|p2a: Slowking|Slowking-Galar, F, tera:Dark|93\/100\n|turn|21\n|\n|t:|1700255070\n|move|p1a: Enamorus|Moonblast|p2a: Slowking\n|-supereffective|p2a: Slowking\n|-damage|p2a: Slowking|7\/100\n|move|p2a: Slowking|Trick Room|p2a: Slowking\n|-fieldstart|move: Trick Room|[of] p2a: Slowking\n|\n|upkeep\n|turn|22\n|\n|t:|1700255073\n|move|p1a: Enamorus|Moonblast|p2a: Slowking\n|-supereffective|p2a: Slowking\n|-damage|p2a: Slowking|0 fnt\n|faint|p2a: Slowking\n|\n|upkeep\n|\n|t:|1700255075\n|switch|p2a: Ursaluna|Ursaluna, M|35\/100 brn\n|turn|23\n|\n|t:|1700255078\n|move|p2a: Ursaluna|Facade|p1a: Enamorus\n|-damage|p1a: Enamorus|0 fnt\n|faint|p1a: Enamorus\n|\n|win|donkkut\n|raw|rabootinnit's rating: 1398 &rarr; <strong>1382<\/strong><br \/>(-16 for losing)\n|raw|donkkut's rating: 1465 &rarr; <strong>1481<\/strong><br \/>(+16 for winning)\n","uploadtime":1700255085,"views":10,"p1id":"rabootinnit","p2id":"donkkut","formatid":"gen9ou","rating":1382,"private":0,"password":""}