{"id":"gen9ou-1999363979","p1":"Cinny69","p2":"SirSpanklez","format":"[Gen 9] OU","log":"|j|\u2606Cinny69\n|j|\u2606SirSpanklez\n|t:|1701067299\n|gametype|singles\n|player|p1|Cinny69|rika|1384\n|player|p2|SirSpanklez|pokemonrangerf|1483\n|teamsize|p1|6\n|teamsize|p2|6\n|gen|9\n|tier|[Gen 9] OU\n|rated|\n|rule|Sleep Clause Mod: Limit one foe put to sleep\n|rule|Species Clause: Limit one of each Pok\u00e9mon\n|rule|OHKO Clause: OHKO moves are banned\n|rule|Evasion Items Clause: Evasion items are banned\n|rule|Evasion Moves Clause: Evasion moves are banned\n|rule|Endless Battle Clause: Forcing endless battles is banned\n|rule|HP Percentage Mod: HP is shown in percentages\n|clearpoke\n|poke|p1|Torkoal, F|\n|poke|p1|Walking Wake|\n|poke|p1|Slither Wing|\n|poke|p1|Ninetales, M|\n|poke|p1|Sandy Shocks|\n|poke|p1|Torterra, F|\n|poke|p2|Garganacl, M|\n|poke|p2|Zapdos|\n|poke|p2|Ogerpon-Cornerstone, F|\n|poke|p2|Tyranitar, F|\n|poke|p2|Talonflame, M|\n|poke|p2|Sandy Shocks|\n|teampreview\n|inactive|Battle timer is ON: inactive players will automatically lose when time's up. (requested by Cinny69)\n|\n|t:|1701067312\n|start\n|switch|p1a: Torkoal|Torkoal, F|100\/100\n|switch|p2a: OogaBooga|Ogerpon-Cornerstone, F|100\/100\n|-weather|SunnyDay|[from] ability: Drought|[of] p1a: Torkoal\n|turn|1\n|\n|t:|1701067319\n|move|p2a: OogaBooga|Trailblaze|p1a: Torkoal\n|-resisted|p1a: Torkoal\n|-damage|p1a: Torkoal|93\/100\n|-boost|p2a: OogaBooga|spe|1\n|move|p1a: Torkoal|Lava Plume|p2a: OogaBooga\n|-damage|p2a: OogaBooga|59\/100\n|-status|p2a: OogaBooga|brn\n|\n|-weather|SunnyDay|[upkeep]\n|-damage|p2a: OogaBooga|53\/100 brn|[from] brn\n|upkeep\n|turn|2\n|\n|t:|1701067335\n|move|p2a: OogaBooga|Swords Dance|p2a: OogaBooga\n|-boost|p2a: OogaBooga|atk|2\n|move|p1a: Torkoal|Lava Plume|p2a: OogaBooga\n|-damage|p2a: OogaBooga|13\/100 brn\n|\n|-weather|SunnyDay|[upkeep]\n|-damage|p2a: OogaBooga|7\/100 brn|[from] brn\n|upkeep\n|turn|3\n|j| bxkwx\n|\n|t:|1701067349\n|switch|p1a: Torterra|Torterra, F|100\/100\n|move|p2a: OogaBooga|Ivy Cudgel|p1a: Torterra|[anim] Ivy Cudgel Rock\n|-resisted|p1a: Torterra\n|-damage|p1a: Torterra|72\/100\n|\n|-weather|SunnyDay|[upkeep]\n|-damage|p2a: OogaBooga|1\/100 brn|[from] brn\n|upkeep\n|turn|4\n|\n|t:|1701067360\n|move|p2a: OogaBooga|Horn Leech|p1a: Torterra\n|-damage|p1a: Torterra|27\/100\n|-heal|p2a: OogaBooga|26\/100 brn|[from] drain|[of] p1a: Torterra\n|move|p1a: Torterra|Shell Smash|p1a: Torterra\n|-unboost|p1a: Torterra|def|1\n|-unboost|p1a: Torterra|spd|1\n|-boost|p1a: Torterra|atk|2\n|-boost|p1a: Torterra|spa|2\n|-boost|p1a: Torterra|spe|2\n|\n|-weather|SunnyDay|[upkeep]\n|-damage|p2a: OogaBooga|20\/100 brn|[from] brn\n|upkeep\n|turn|5\n|\n|t:|1701067372\n|move|p2a: OogaBooga|Horn Leech|p1a: Torterra\n|-damage|p1a: Torterra|0 fnt\n|-heal|p2a: OogaBooga|35\/100 brn|[from] drain|[of] p1a: Torterra\n|faint|p1a: Torterra\n|\n|-weather|SunnyDay|[upkeep]\n|-damage|p2a: OogaBooga|29\/100 brn|[from] brn\n|upkeep\n|\n|t:|1701067380\n|switch|p1a: Playtest|Ninetales, M, shiny|100\/100\n|turn|6\n|\n|t:|1701067384\n|move|p2a: OogaBooga|Ivy Cudgel|p1a: Playtest|[anim] Ivy Cudgel Rock\n|-supereffective|p1a: Playtest\n|-damage|p1a: Playtest|0 fnt\n|faint|p1a: Playtest\n|\n|-weather|SunnyDay|[upkeep]\n|-damage|p2a: OogaBooga|23\/100 brn|[from] brn\n|upkeep\n|\n|t:|1701067392\n|switch|p1a: Sandy Shocks|Sandy Shocks|100\/100\n|-activate|p1a: Sandy Shocks|ability: Protosynthesis\n|-start|p1a: Sandy Shocks|protosynthesisspe\n|turn|7\n|\n|t:|1701067399\n|move|p2a: OogaBooga|Horn Leech|p1a: Sandy Shocks\n|-supereffective|p1a: Sandy Shocks\n|-damage|p1a: Sandy Shocks|0 fnt\n|-heal|p2a: OogaBooga|75\/100 brn|[from] drain|[of] p1a: Sandy Shocks\n|faint|p1a: Sandy Shocks\n|-end|p1a: Sandy Shocks|Protosynthesis|[silent]\n|\n|-weather|SunnyDay|[upkeep]\n|-damage|p2a: OogaBooga|69\/100 brn|[from] brn\n|upkeep\n|\n|t:|1701067410\n|switch|p1a: Walking Wake|Walking Wake|100\/100\n|-activate|p1a: Walking Wake|ability: Protosynthesis\n|-start|p1a: Walking Wake|protosynthesisspe\n|turn|8\n|\n|t:|1701067417\n|move|p2a: OogaBooga|Ivy Cudgel|p1a: Walking Wake|[anim] Ivy Cudgel Rock\n|-damage|p1a: Walking Wake|40\/100\n|move|p1a: Walking Wake|Flip Turn|p2a: OogaBooga\n|-damage|p2a: OogaBooga|59\/100 brn\n|\n|t:|1701067423\n|-end|p1a: Walking Wake|Protosynthesis|[silent]\n|switch|p1a: Slither Wing|Slither Wing|100\/100|[from] Flip Turn\n|-activate|p1a: Slither Wing|ability: Protosynthesis\n|-start|p1a: Slither Wing|protosynthesisatk\n|\n|-weather|none\n|-end|p1a: Slither Wing|Protosynthesis\n|-damage|p2a: OogaBooga|53\/100 brn|[from] brn\n|upkeep\n|turn|9\n|\n|t:|1701067432\n|-end|p1a: Slither Wing|Protosynthesis|[silent]\n|switch|p1a: Torkoal|Torkoal, F|93\/100\n|-weather|SunnyDay|[from] ability: Drought|[of] p1a: Torkoal\n|-terastallize|p2a: OogaBooga|Rock\n|detailschange|p2a: OogaBooga|Ogerpon-Cornerstone-Tera, F, tera:Rock\n|-ability|p2a: OogaBooga|Embody Aspect (Cornerstone)|boost\n|-boost|p2a: OogaBooga|def|1\n|move|p2a: OogaBooga|Ivy Cudgel|p1a: Torkoal|[anim] Ivy Cudgel Rock\n|-supereffective|p1a: Torkoal\n|-damage|p1a: Torkoal|0 fnt\n|faint|p1a: Torkoal\n|\n|-weather|SunnyDay|[upkeep]\n|-damage|p2a: OogaBooga|47\/100 brn|[from] brn\n|upkeep\n|\n|t:|1701067447\n|switch|p1a: Slither Wing|Slither Wing|100\/100\n|-activate|p1a: Slither Wing|ability: Protosynthesis\n|-start|p1a: Slither Wing|protosynthesisatk\n|turn|10\n|\n|t:|1701067452\n|move|p2a: OogaBooga|Ivy Cudgel|p1a: Slither Wing|[anim] Ivy Cudgel Rock\n|-damage|p1a: Slither Wing|2\/100\n|move|p1a: Slither Wing|Bulk Up|p1a: Slither Wing\n|-boost|p1a: Slither Wing|atk|1\n|-boost|p1a: Slither Wing|def|1\n|\n|-weather|SunnyDay|[upkeep]\n|-damage|p2a: OogaBooga|41\/100 brn|[from] brn\n|upkeep\n|turn|11\n|l| bxkwx\n|-message|Cinny69 forfeited.\n|\n|win|SirSpanklez\n|raw|Cinny69's rating: 1384 &rarr; <strong>1370<\/strong><br \/>(-14 for losing)\n|raw|SirSpanklez's rating: 1483 &rarr; <strong>1497<\/strong><br \/>(+14 for winning)\n|l|\u2606Cinny69\n","uploadtime":1701067473,"views":6,"p1id":"cinny69","p2id":"sirspanklez","formatid":"gen9ou","rating":1370,"private":0,"password":""}