{"id":"gen9ou-1996721090","p1":"getoutofmyheart","p2":"BreadSandwichz","format":"[Gen 9] OU","log":"|j|\u2606getoutofmyheart\n|j|\u2606BreadSandwichz\n|t:|1700714355\n|gametype|singles\n|player|p1|getoutofmyheart|chili|1257\n|player|p2|BreadSandwichz|lusamine-nihilego|1281\n|teamsize|p1|6\n|teamsize|p2|6\n|gen|9\n|tier|[Gen 9] OU\n|rated|\n|rule|Sleep Clause Mod: Limit one foe put to sleep\n|rule|Species Clause: Limit one of each Pok\u00e9mon\n|rule|OHKO Clause: OHKO moves are banned\n|rule|Evasion Items Clause: Evasion items are banned\n|rule|Evasion Moves Clause: Evasion moves are banned\n|rule|Endless Battle Clause: Forcing endless battles is banned\n|rule|HP Percentage Mod: HP is shown in percentages\n|clearpoke\n|poke|p1|Samurott-Hisui, M|\n|poke|p1|Ursaluna, F|\n|poke|p1|Sandy Shocks|\n|poke|p1|Kingambit, M|\n|poke|p1|Great Tusk|\n|poke|p1|Dragonite, M|\n|poke|p2|Slowking-Galar, F|\n|poke|p2|Iron Valiant|\n|poke|p2|Thundurus-Therian, M|\n|poke|p2|Maushold-Four|\n|poke|p2|Landorus-Therian, M|\n|poke|p2|Munkidori, M|\n|teampreview\n|c|\u2606getoutofmyheart|glhf!\n|c|\u2606BreadSandwichz|hlgf!\n|\n|t:|1700714400\n|start\n|switch|p1a: Samurott|Samurott-Hisui, M|100\/100\n|switch|p2a: Thundurus|Thundurus-Therian, M|100\/100\n|turn|1\n|\n|t:|1700714417\n|switch|p1a: Sandy Shocks|Sandy Shocks|100\/100\n|move|p2a: Thundurus|Grass Knot|p1a: Sandy Shocks\n|-supereffective|p1a: Sandy Shocks\n|-damage|p1a: Sandy Shocks|0 fnt\n|faint|p1a: Sandy Shocks\n|-end|p1a: Sandy Shocks|Protosynthesis|[silent]\n|\n|upkeep\n|\n|t:|1700714426\n|switch|p1a: Dragonite|Dragonite, M|100\/100\n|turn|2\n|\n|t:|1700714435\n|switch|p2a: Maushold|Maushold-Four|100\/100\n|move|p1a: Dragonite|Dragon Dance|p1a: Dragonite\n|-boost|p1a: Dragonite|atk|1\n|-boost|p1a: Dragonite|spe|1\n|\n|upkeep\n|turn|3\n|\n|t:|1700714445\n|-terastallize|p2a: Maushold|Ghost\n|move|p1a: Dragonite|Earthquake|p2a: Maushold\n|-damage|p2a: Maushold|6\/100\n|move|p2a: Maushold|Tidy Up|p2a: Maushold\n|-boost|p2a: Maushold|atk|1\n|-boost|p2a: Maushold|spe|1\n|\n|upkeep\n|turn|4\n|\n|t:|1700714456\n|move|p2a: Maushold|Population Bomb|p1a: Dragonite\n|-damage|p1a: Dragonite|91\/100\n|-damage|p1a: Dragonite|73\/100\n|-damage|p1a: Dragonite|55\/100\n|-damage|p1a: Dragonite|38\/100\n|-damage|p1a: Dragonite|20\/100\n|-damage|p1a: Dragonite|2\/100\n|-damage|p1a: Dragonite|0 fnt\n|faint|p1a: Dragonite\n|-hitcount|p1: Dragonite|7\n|\n|upkeep\n|\n|t:|1700714462\n|switch|p1a: Kingambit|Kingambit, M|100\/100\n|-activate|p1a: Kingambit|ability: Supreme Overlord\n|-start|p1a: Kingambit|fallen2|[silent]\n|turn|5\n|\n|t:|1700714468\n|move|p2a: Maushold|Thunder Wave|p1a: Kingambit\n|-status|p1a: Kingambit|par\n|move|p1a: Kingambit|Kowtow Cleave|p2a: Maushold\n|-supereffective|p2a: Maushold\n|-damage|p2a: Maushold|0 fnt\n|faint|p2a: Maushold\n|\n|upkeep\n|\n|t:|1700714477\n|switch|p2a: Munkidori|Munkidori, M|100\/100\n|turn|6\n|\n|t:|1700714483\n|move|p2a: Munkidori|Parting Shot|p1a: Kingambit\n|-unboost|p1a: Kingambit|atk|1\n|-unboost|p1a: Kingambit|spa|1\n|\n|t:|1700714486\n|switch|p2a: Landorus|Landorus-Therian, M|100\/100|[from] Parting Shot\n|-ability|p2a: Landorus|Intimidate|boost\n|-unboost|p1a: Kingambit|atk|1\n|cant|p1a: Kingambit|par\n|\n|upkeep\n|turn|7\n|\n|t:|1700714492\n|-end|p1a: Kingambit|fallen2|[silent]\n|switch|p1a: Great Tusk|Great Tusk|100\/100\n|-enditem|p1a: Great Tusk|Booster Energy\n|-activate|p1a: Great Tusk|ability: Protosynthesis|[fromitem]\n|-start|p1a: Great Tusk|protosynthesisspe\n|move|p2a: Landorus|Hammer Arm|p1a: Great Tusk\n|-damage|p1a: Great Tusk|81\/100\n|-unboost|p2a: Landorus|spe|1\n|\n|upkeep\n|turn|8\n|\n|t:|1700714502\n|move|p1a: Great Tusk|Bulk Up|p1a: Great Tusk\n|-boost|p1a: Great Tusk|atk|1\n|-boost|p1a: Great Tusk|def|1\n|move|p2a: Landorus|U-turn|p1a: Great Tusk\n|-resisted|p1a: Great Tusk\n|-damage|p1a: Great Tusk|77\/100\n|\n|t:|1700714514\n|switch|p2a: Munkidori|Munkidori, M|100\/100|[from] U-turn\n|\n|upkeep\n|turn|9\n|\n|t:|1700714521\n|move|p2a: Munkidori|Trick|p1a: Great Tusk\n|-activate|p2a: Munkidori|move: Trick|[of] p1a: Great Tusk\n|-item|p1a: Great Tusk|Choice Scarf|[from] move: Trick\n|-enditem|p2a: Munkidori|Choice Scarf|[silent]|[from] move: Trick\n|move|p1a: Great Tusk|Ice Spinner|p2a: Munkidori\n|-damage|p2a: Munkidori|51\/100\n|\n|upkeep\n|turn|10\n|\n|t:|1700714530\n|move|p1a: Great Tusk|Ice Spinner|p2a: Munkidori\n|-damage|p2a: Munkidori|2\/100\n|move|p2a: Munkidori|Parting Shot|p1a: Great Tusk\n|-unboost|p1a: Great Tusk|atk|1\n|-unboost|p1a: Great Tusk|spa|1\n|\n|t:|1700714532\n|switch|p2a: Landorus|Landorus-Therian, M|100\/100|[from] Parting Shot\n|-ability|p2a: Landorus|Intimidate|boost\n|-unboost|p1a: Great Tusk|atk|1\n|\n|upkeep\n|turn|11\n|\n|t:|1700714545\n|switch|p2a: Munkidori|Munkidori, M|2\/100\n|move|p1a: Great Tusk|Ice Spinner|p2a: Munkidori\n|-damage|p2a: Munkidori|0 fnt\n|faint|p2a: Munkidori\n|\n|upkeep\n|\n|t:|1700714565\n|switch|p2a: Iron Valiant|Iron Valiant|100\/100\n|-enditem|p2a: Iron Valiant|Booster Energy\n|-activate|p2a: Iron Valiant|ability: Quark Drive|[fromitem]\n|-start|p2a: Iron Valiant|quarkdrivespe\n|turn|12\n|\n|t:|1700714596\n|move|p1a: Great Tusk|Ice Spinner|p2a: Iron Valiant\n|-damage|p2a: Iron Valiant|80\/100\n|move|p2a: Iron Valiant|Swords Dance|p2a: Iron Valiant\n|-boost|p2a: Iron Valiant|atk|2\n|\n|upkeep\n|turn|13\n|\n|t:|1700714605\n|move|p1a: Great Tusk|Ice Spinner|p2a: Iron Valiant\n|-damage|p2a: Iron Valiant|61\/100\n|move|p2a: Iron Valiant|Swords Dance|p2a: Iron Valiant\n|-boost|p2a: Iron Valiant|atk|2\n|\n|upkeep\n|turn|14\n|\n|t:|1700714608\n|move|p1a: Great Tusk|Ice Spinner|p2a: Iron Valiant\n|-damage|p2a: Iron Valiant|41\/100\n|move|p2a: Iron Valiant|Drain Punch|p1a: Great Tusk\n|-damage|p1a: Great Tusk|27\/100\n|-heal|p2a: Iron Valiant|79\/100|[from] drain|[of] p1a: Great Tusk\n|\n|upkeep\n|turn|15\n|\n|t:|1700714614\n|move|p1a: Great Tusk|Ice Spinner|p2a: Iron Valiant\n|-damage|p2a: Iron Valiant|58\/100\n|move|p2a: Iron Valiant|Drain Punch|p1a: Great Tusk\n|-damage|p1a: Great Tusk|0 fnt\n|-heal|p2a: Iron Valiant|78\/100|[from] drain|[of] p1a: Great Tusk\n|faint|p1a: Great Tusk\n|-end|p1a: Great Tusk|Protosynthesis|[silent]\n|\n|upkeep\n|\n|t:|1700714618\n|switch|p1a: Samurott|Samurott-Hisui, M|100\/100\n|turn|16\n|\n|t:|1700714641\n|-terastallize|p1a: Samurott|Ghost\n|move|p2a: Iron Valiant|Drain Punch|p1a: Samurott\n|-immune|p1a: Samurott\n|move|p1a: Samurott|Surf|p2a: Iron Valiant\n|-damage|p2a: Iron Valiant|25\/100\n|\n|upkeep\n|turn|17\n|\n|t:|1700714663\n|move|p2a: Iron Valiant|Spirit Break|p1a: Samurott\n|-enditem|p1a: Samurott|Focus Sash\n|-damage|p1a: Samurott|1\/100\n|-unboost|p1a: Samurott|spa|1\n|move|p1a: Samurott|Surf|p2a: Iron Valiant\n|-damage|p2a: Iron Valiant|0 fnt\n|faint|p2a: Iron Valiant\n|-end|p2a: Iron Valiant|Quark Drive|[silent]\n|\n|upkeep\n|\n|t:|1700714674\n|switch|p2a: Slowking|Slowking-Galar, F|100\/100\n|turn|18\n|\n|t:|1700714678\n|move|p1a: Samurott|Ceaseless Edge|p2a: Slowking\n|-supereffective|p2a: Slowking\n|-damage|p2a: Slowking|29\/100\n|-sidestart|p2: BreadSandwichz|Spikes\n|move|p2a: Slowking|Ice Beam|p1a: Samurott\n|-damage|p1a: Samurott|0 fnt\n|faint|p1a: Samurott\n|\n|-heal|p2a: Slowking|35\/100|[from] item: Black Sludge\n|upkeep\n|\n|t:|1700714693\n|switch|p1a: Ursaluna|Ursaluna, F|100\/100\n|turn|19\n|\n|t:|1700714702\n|move|p1a: Ursaluna|Facade|p2a: Slowking\n|-damage|p2a: Slowking|2\/100\n|move|p2a: Slowking|Ice Beam|p1a: Ursaluna\n|-supereffective|p1a: Ursaluna\n|-damage|p1a: Ursaluna|59\/100\n|\n|-heal|p2a: Slowking|8\/100|[from] item: Black Sludge\n|-status|p1a: Ursaluna|brn|[from] item: Flame Orb\n|upkeep\n|turn|20\n|\n|t:|1700714708\n|switch|p2a: Landorus|Landorus-Therian, M|100\/100\n|-ability|p2a: Landorus|Intimidate|boost\n|-unboost|p1a: Ursaluna|atk|1\n|move|p1a: Ursaluna|Facade|p2a: Landorus\n|-damage|p2a: Landorus|17\/100\n|\n|-heal|p2a: Landorus|23\/100|[from] item: Leftovers\n|-damage|p1a: Ursaluna|53\/100 brn|[from] brn\n|upkeep\n|turn|21\n|\n|t:|1700714713\n|move|p1a: Ursaluna|Facade|p2a: Landorus\n|-damage|p2a: Landorus|0 fnt\n|faint|p2a: Landorus\n|\n|-damage|p1a: Ursaluna|47\/100 brn|[from] brn\n|upkeep\n|\n|t:|1700714721\n|switch|p2a: Thundurus|Thundurus-Therian, M|100\/100\n|turn|22\n|\n|t:|1700714737\n|move|p2a: Thundurus|Grass Knot|p1a: Ursaluna\n|-supereffective|p1a: Ursaluna\n|-damage|p1a: Ursaluna|0 fnt\n|faint|p1a: Ursaluna\n|\n|upkeep\n|\n|t:|1700714739\n|switch|p1a: Kingambit|Kingambit, M|100\/100 par\n|-activate|p1a: Kingambit|ability: Supreme Overlord\n|-start|p1a: Kingambit|fallen5|[silent]\n|turn|23\n|\n|t:|1700714747\n|switch|p2a: Slowking|Slowking-Galar, F|42\/100\n|-damage|p2a: Slowking|29\/100|[from] Spikes\n|move|p1a: Kingambit|Kowtow Cleave|p2a: Slowking\n|-supereffective|p2a: Slowking\n|-damage|p2a: Slowking|0 fnt\n|faint|p2a: Slowking\n|\n|upkeep\n|\n|t:|1700714754\n|switch|p2a: Thundurus|Thundurus-Therian, M|100\/100\n|turn|24\n|\n|t:|1700714757\n|move|p1a: Kingambit|Sucker Punch|p2a: Thundurus\n|-damage|p2a: Thundurus|13\/100\n|move|p2a: Thundurus|Thunderbolt|p1a: Kingambit\n|-damage|p1a: Kingambit|24\/100 par\n|\n|upkeep\n|turn|25\n|\n|t:|1700714762\n|move|p1a: Kingambit|Sucker Punch|p2a: Thundurus\n|-damage|p2a: Thundurus|0 fnt\n|faint|p2a: Thundurus\n|\n|win|getoutofmyheart\n|raw|getoutofmyheart's rating: 1257 &rarr; <strong>1284<\/strong><br \/>(+27 for winning)\n|raw|BreadSandwichz's rating: 1281 &rarr; <strong>1254<\/strong><br \/>(-27 for losing)\n|c|\u2606getoutofmyheart|gg\n|l|\u2606BreadSandwichz\n","uploadtime":1700714775,"views":8,"p1id":"getoutofmyheart","p2id":"breadsandwichz","formatid":"gen9ou","rating":1254,"private":0,"password":""}