{"id":"gen9ou-1990859564","p1":"Gutoso","p2":"TheKairou","format":"[Gen 9] OU","log":"|j|\u2606Gutoso\n|j|\u2606TheKairou\n|t:|1700008474\n|gametype|singles\n|player|p1|Gutoso|blue-gen3two|1402\n|player|p2|TheKairou|buck|1310\n|teamsize|p1|6\n|teamsize|p2|6\n|gen|9\n|tier|[Gen 9] OU\n|rated|\n|rule|Sleep Clause Mod: Limit one foe put to sleep\n|rule|Species Clause: Limit one of each Pok\u00e9mon\n|rule|OHKO Clause: OHKO moves are banned\n|rule|Evasion Items Clause: Evasion items are banned\n|rule|Evasion Moves Clause: Evasion moves are banned\n|rule|Endless Battle Clause: Forcing endless battles is banned\n|rule|HP Percentage Mod: HP is shown in percentages\n|clearpoke\n|poke|p1|Jirachi|\n|poke|p1|Thundurus-Therian, M|\n|poke|p1|Weavile, F|\n|poke|p1|Salazzle, F|\n|poke|p1|Dragonite, M|\n|poke|p1|Hatterene, F|\n|poke|p2|Great Tusk|\n|poke|p2|Kingambit, F|\n|poke|p2|Ribombee, M|\n|poke|p2|Dragapult, M|\n|poke|p2|Iron Moth|\n|poke|p2|Gholdengo|\n|teampreview\n|inactive|Battle timer is ON: inactive players will automatically lose when time's up. (requested by Gutoso)\n|\n|t:|1700008494\n|start\n|switch|p1a: Thundurus|Thundurus-Therian, M|100\/100\n|switch|p2a: Iron Moth|Iron Moth|100\/100\n|-enditem|p2a: Iron Moth|Booster Energy\n|-activate|p2a: Iron Moth|ability: Quark Drive|[fromitem]\n|-start|p2a: Iron Moth|quarkdrivespe\n|turn|1\n|\n|t:|1700008504\n|move|p2a: Iron Moth|Fiery Dance|p1a: Thundurus\n|-damage|p1a: Thundurus|62\/100\n|move|p1a: Thundurus|Thunderbolt|p2a: Iron Moth\n|-damage|p2a: Iron Moth|53\/100\n|\n|upkeep\n|turn|2\n|\n|t:|1700008515\n|move|p2a: Iron Moth|Fiery Dance|p1a: Thundurus\n|-damage|p1a: Thundurus|25\/100\n|-boost|p2a: Iron Moth|spa|1\n|move|p1a: Thundurus|Thunderbolt|p2a: Iron Moth\n|-damage|p2a: Iron Moth|4\/100\n|\n|upkeep\n|turn|3\n|\n|t:|1700008526\n|switch|p1a: Salazzle|Salazzle, F|100\/100\n|move|p2a: Iron Moth|Sludge Wave|p1a: Salazzle\n|-resisted|p1a: Salazzle\n|-damage|p1a: Salazzle|49\/100\n|\n|-heal|p1a: Salazzle|56\/100|[from] item: Black Sludge\n|upkeep\n|turn|4\n|\n|t:|1700008534\n|move|p1a: Salazzle|Protect|p1a: Salazzle\n|-singleturn|p1a: Salazzle|Protect\n|move|p2a: Iron Moth|Discharge|p1a: Salazzle\n|-activate|p1a: Salazzle|move: Protect\n|\n|-heal|p1a: Salazzle|62\/100|[from] item: Black Sludge\n|upkeep\n|turn|5\n|\n|t:|1700008540\n|-terastallize|p2a: Iron Moth|Water\n|move|p2a: Iron Moth|Tera Blast|p1a: Salazzle|[anim] Tera Blast Water\n|-supereffective|p1a: Salazzle\n|-damage|p1a: Salazzle|0 fnt\n|faint|p1a: Salazzle\n|\n|upkeep\n|\n|t:|1700008548\n|switch|p1a: Weavile|Weavile, F|100\/100\n|turn|6\n|\n|t:|1700008551\n|move|p1a: Weavile|Ice Shard|p2a: Iron Moth\n|-resisted|p2a: Iron Moth\n|-damage|p2a: Iron Moth|0 fnt\n|faint|p2a: Iron Moth\n|-end|p2a: Iron Moth|Quark Drive|[silent]\n|\n|upkeep\n|\n|t:|1700008563\n|switch|p2a: Heihachi|Kingambit, F|100\/100\n|-activate|p2a: Heihachi|ability: Supreme Overlord\n|-start|p2a: Heihachi|fallen1|[silent]\n|turn|7\n|\n|t:|1700008583\n|-end|p2a: Heihachi|fallen1|[silent]\n|switch|p2a: Gholdengo|Gholdengo|100\/100\n|move|p1a: Weavile|Brick Break|p2a: Gholdengo\n|-immune|p2a: Gholdengo\n|\n|upkeep\n|turn|8\n|\n|t:|1700008587\n|move|p2a: Gholdengo|Make It Rain|p1a: Weavile\n|-supereffective|p1a: Weavile\n|-damage|p1a: Weavile|0 fnt\n|-unboost|p2a: Gholdengo|spa|1\n|faint|p1a: Weavile\n|\n|upkeep\n|\n|t:|1700008595\n|switch|p1a: Dragonite|Dragonite, M|100\/100\n|turn|9\n|\n|t:|1700008599\n|switch|p2a: Ganryu|Great Tusk|100\/100\n|-enditem|p2a: Ganryu|Booster Energy\n|-activate|p2a: Ganryu|ability: Protosynthesis|[fromitem]\n|-start|p2a: Ganryu|protosynthesisdef\n|move|p1a: Dragonite|Dragon Dance|p1a: Dragonite\n|-boost|p1a: Dragonite|atk|1\n|-boost|p1a: Dragonite|spe|1\n|\n|upkeep\n|turn|10\n|\n|t:|1700008611\n|switch|p1a: Hatterene|Hatterene, F|100\/100\n|move|p2a: Ganryu|Ice Spinner|p1a: Hatterene\n|-damage|p1a: Hatterene|75\/100\n|\n|upkeep\n|turn|11\n|\n|t:|1700008618\n|-end|p2a: Ganryu|Protosynthesis|[silent]\n|switch|p2a: Gholdengo|Gholdengo|100\/100\n|move|p1a: Hatterene|Dazzling Gleam|p2a: Gholdengo\n|-resisted|p2a: Gholdengo\n|-crit|p2a: Gholdengo\n|-damage|p2a: Gholdengo|58\/100\n|\n|upkeep\n|turn|12\n|\n|t:|1700008631\n|-terastallize|p1a: Hatterene|Dark\n|move|p2a: Gholdengo|Trick|p1a: Hatterene\n|-activate|p2a: Gholdengo|move: Trick|[of] p1a: Hatterene\n|-item|p1a: Hatterene|Choice Scarf|[from] move: Trick\n|-item|p2a: Gholdengo|Assault Vest|[from] move: Trick\n|move|p1a: Hatterene|Dark Pulse|p2a: Gholdengo\n|-supereffective|p2a: Gholdengo\n|-damage|p2a: Gholdengo|0 fnt\n|faint|p2a: Gholdengo\n|\n|upkeep\n|\n|t:|1700008642\n|switch|p2a: Xiaoyu|Ribombee, M|100\/100\n|turn|13\n|\n|t:|1700008649\n|switch|p1a: Jirachi|Jirachi|100\/100\n|move|p2a: Xiaoyu|Quiver Dance|p2a: Xiaoyu\n|-boost|p2a: Xiaoyu|spa|1\n|-boost|p2a: Xiaoyu|spd|1\n|-boost|p2a: Xiaoyu|spe|1\n|\n|upkeep\n|turn|14\n|\n|t:|1700008651\n|move|p2a: Xiaoyu|Sticky Web|p1a: Jirachi\n|-sidestart|p1: Gutoso|move: Sticky Web\n|move|p1a: Jirachi|Iron Head|p2a: Xiaoyu\n|-supereffective|p2a: Xiaoyu\n|-enditem|p2a: Xiaoyu|Focus Sash\n|-damage|p2a: Xiaoyu|1\/100\n|\n|upkeep\n|turn|15\n|\n|t:|1700008656\n|move|p2a: Xiaoyu|Sunny Day|p2a: Xiaoyu\n|-weather|SunnyDay\n|move|p1a: Jirachi|Iron Head|p2a: Xiaoyu\n|-supereffective|p2a: Xiaoyu\n|-damage|p2a: Xiaoyu|0 fnt\n|faint|p2a: Xiaoyu\n|\n|-weather|SunnyDay|[upkeep]\n|upkeep\n|\n|t:|1700008658\n|switch|p2a: Ganryu|Great Tusk|100\/100\n|-activate|p2a: Ganryu|ability: Protosynthesis\n|-start|p2a: Ganryu|protosynthesisdef\n|turn|16\n|\n|t:|1700008675\n|switch|p1a: Hatterene|Hatterene, F, tera:Dark|75\/100\n|-activate|p1a: Hatterene|move: Sticky Web\n|-unboost|p1a: Hatterene|spe|1\n|move|p2a: Ganryu|Earthquake|p1a: Hatterene\n|-damage|p1a: Hatterene|29\/100\n|\n|-weather|SunnyDay|[upkeep]\n|upkeep\n|turn|17\n|\n|t:|1700008679\n|move|p2a: Ganryu|Rapid Spin|p1a: Hatterene\n|-damage|p1a: Hatterene|10\/100\n|-boost|p2a: Ganryu|spe|1\n|move|p1a: Hatterene|Dazzling Gleam|p2a: Ganryu\n|-supereffective|p2a: Ganryu\n|-damage|p2a: Ganryu|0 fnt\n|faint|p2a: Ganryu\n|-end|p2a: Ganryu|Protosynthesis|[silent]\n|\n|-weather|SunnyDay|[upkeep]\n|upkeep\n|\n|t:|1700008687\n|switch|p2a: Yoshimitsu|Dragapult, M|100\/100\n|turn|18\n|\n|t:|1700008690\n|move|p2a: Yoshimitsu|Shadow Ball|p1a: Hatterene\n|-resisted|p1a: Hatterene\n|-damage|p1a: Hatterene|0 fnt\n|faint|p1a: Hatterene\n|\n|-weather|SunnyDay|[upkeep]\n|upkeep\n|\n|t:|1700008698\n|switch|p1a: Jirachi|Jirachi|100\/100\n|-activate|p1a: Jirachi|move: Sticky Web\n|-unboost|p1a: Jirachi|spe|1\n|turn|19\n|\n|t:|1700008701\n|move|p2a: Yoshimitsu|Shadow Ball|p1a: Jirachi\n|-supereffective|p1a: Jirachi\n|-damage|p1a: Jirachi|9\/100\n|move|p1a: Jirachi|Thunder Wave|p2a: Yoshimitsu\n|-status|p2a: Yoshimitsu|par\n|\n|-weather|none\n|upkeep\n|turn|20\n|\n|t:|1700008710\n|switch|p1a: Thundurus|Thundurus-Therian, M|25\/100\n|move|p2a: Yoshimitsu|Surf|p1a: Thundurus\n|-damage|p1a: Thundurus|0 fnt\n|faint|p1a: Thundurus\n|\n|upkeep\n|\n|t:|1700008715\n|switch|p1a: Dragonite|Dragonite, M|100\/100\n|turn|21\n|\n|t:|1700008730\n|move|p1a: Dragonite|Dragon Claw|p2a: Yoshimitsu\n|-supereffective|p2a: Yoshimitsu\n|-damage|p2a: Yoshimitsu|0 fnt\n|faint|p2a: Yoshimitsu\n|\n|upkeep\n|\n|t:|1700008734\n|switch|p2a: Heihachi|Kingambit, F|100\/100\n|-activate|p2a: Heihachi|ability: Supreme Overlord\n|-start|p2a: Heihachi|fallen5|[silent]\n|turn|22\n|\n|t:|1700008738\n|move|p1a: Dragonite|Earthquake|p2a: Heihachi\n|-supereffective|p2a: Heihachi\n|-damage|p2a: Heihachi|48\/100\n|move|p2a: Heihachi|Swords Dance|p2a: Heihachi\n|-boost|p2a: Heihachi|atk|2\n|\n|-heal|p2a: Heihachi|54\/100|[from] item: Leftovers\n|upkeep\n|turn|23\n|\n|t:|1700008745\n|move|p1a: Dragonite|Earthquake|p2a: Heihachi\n|-supereffective|p2a: Heihachi\n|-damage|p2a: Heihachi|0 fnt\n|faint|p2a: Heihachi\n|-end|p2a: Heihachi|fallen5|[silent]\n|\n|win|Gutoso\n|raw|Gutoso's rating: 1402 &rarr; <strong>1417<\/strong><br \/>(+15 for winning)\n|raw|TheKairou's rating: 1310 &rarr; <strong>1295<\/strong><br \/>(-15 for losing)\n|l|\u2606TheKairou\n|c|\u2606Gutoso|gg\n","uploadtime":1700008752,"views":14,"p1id":"gutoso","p2id":"thekairou","formatid":"gen9ou","rating":1295,"private":0,"password":""}