{"id":"gen9ou-1988686542","p1":"Judgieiscool","p2":"poodress","format":"[Gen 9] OU","log":"|j|\u2606Judgieiscool\n|j|\u2606poodress\n|t:|1699750595\n|gametype|singles\n|player|p1|Judgieiscool|volkner|1354\n|player|p2|poodress|harlequin|1263\n|teamsize|p1|6\n|teamsize|p2|6\n|gen|9\n|tier|[Gen 9] OU\n|rated|\n|rule|Sleep Clause Mod: Limit one foe put to sleep\n|rule|Species Clause: Limit one of each Pok\u00e9mon\n|rule|OHKO Clause: OHKO moves are banned\n|rule|Evasion Items Clause: Evasion items are banned\n|rule|Evasion Moves Clause: Evasion moves are banned\n|rule|Endless Battle Clause: Forcing endless battles is banned\n|rule|HP Percentage Mod: HP is shown in percentages\n|clearpoke\n|poke|p1|Mew|\n|poke|p1|Garchomp, F|\n|poke|p1|Scizor, F|\n|poke|p1|Goodra-Hisui, F|\n|poke|p1|Ogerpon-Cornerstone, F|\n|poke|p1|Meowscarada, F|\n|poke|p2|Ursaluna, M|\n|poke|p2|Samurott-Hisui, F|\n|poke|p2|Sneasler, M|\n|poke|p2|Forretress, M|\n|poke|p2|Regidrago|\n|poke|p2|Enamorus, F|\n|teampreview\n|\n|t:|1699750615\n|start\n|switch|p1a: Meowscarada|Meowscarada, F|100\/100\n|switch|p2a: Enamorus|Enamorus, F|100\/100\n|turn|1\n|\n|t:|1699750632\n|switch|p2a: Adam22|Forretress, M|100\/100\n|move|p1a: Meowscarada|U-turn|p2a: Adam22\n|-start|p1a: Meowscarada|typechange|Bug|[from] ability: Protean\n|-resisted|p2a: Adam22\n|-damage|p2a: Adam22|88\/100\n|\n|t:|1699750640\n|switch|p1a: Mew|Mew|100\/100|[from] U-turn\n|\n|-heal|p2a: Adam22|94\/100|[from] item: Leftovers\n|upkeep\n|turn|2\n|\n|t:|1699750647\n|move|p1a: Mew|Flamethrower|p2a: Adam22\n|-supereffective|p2a: Adam22\n|-damage|p2a: Adam22|0 fnt\n|faint|p2a: Adam22\n|\n|upkeep\n|\n|t:|1699750654\n|switch|p2a: lena the plug|Samurott-Hisui, F|100\/100\n|turn|3\n|\n|t:|1699750658\n|move|p2a: lena the plug|Ceaseless Edge|p1a: Mew\n|-supereffective|p1a: Mew\n|-damage|p1a: Mew|7\/100\n|-sidestart|p1: Judgieiscool|Spikes\n|move|p1a: Mew|Volt Switch|p2a: lena the plug\n|-supereffective|p2a: lena the plug\n|-damage|p2a: lena the plug|33\/100\n|inactive|Battle timer is ON: inactive players will automatically lose when time's up. (requested by Judgieiscool)\n|\n|t:|1699750667\n|switch|p1a: Meowscarada|Meowscarada, F|100\/100|[from] Volt Switch\n|-damage|p1a: Meowscarada|88\/100|[from] Spikes\n|\n|upkeep\n|turn|4\n|\n|t:|1699750675\n|move|p2a: lena the plug|Ceaseless Edge|p1a: Meowscarada\n|-resisted|p1a: Meowscarada\n|-damage|p1a: Meowscarada|54\/100\n|-sidestart|p1: Judgieiscool|Spikes\n|move|p1a: Meowscarada|U-turn|p2a: lena the plug\n|-start|p1a: Meowscarada|typechange|Bug|[from] ability: Protean\n|-supereffective|p2a: lena the plug\n|-damage|p2a: lena the plug|0 fnt\n|faint|p2a: lena the plug\n|\n|t:|1699750687\n|switch|p1a: Ogerpon|Ogerpon-Cornerstone, F|100\/100|[from] U-turn\n|-damage|p1a: Ogerpon|84\/100|[from] Spikes\n|\n|upkeep\n|\n|t:|1699750700\n|switch|p2a: Prince|Sneasler, M|100\/100\n|-item|p2a: Prince|Air Balloon\n|turn|5\n|\n|t:|1699750714\n|switch|p1a: Mew|Mew|7\/100\n|move|p2a: Prince|Swords Dance|p2a: Prince\n|-boost|p2a: Prince|atk|2\n|\n|upkeep\n|turn|6\n|\n|t:|1699750726\n|move|p2a: Prince|Shadow Claw|p1a: Mew\n|-supereffective|p1a: Mew\n|-damage|p1a: Mew|0 fnt\n|faint|p1a: Mew\n|\n|upkeep\n|\n|t:|1699750738\n|switch|p1a: Garchomp|Garchomp, F|100\/100\n|-damage|p1a: Garchomp|84\/100|[from] Spikes\n|turn|7\n|\n|t:|1699750754\n|switch|p2a: Enamorus|Enamorus, F|100\/100\n|move|p1a: Garchomp|Surf|p2a: Enamorus\n|-damage|p2a: Enamorus|61\/100\n|-damage|p1a: Garchomp|74\/100|[from] item: Life Orb\n|\n|-heal|p2a: Enamorus|68\/100|[from] item: Leftovers\n|upkeep\n|turn|8\n|\n|t:|1699750770\n|move|p2a: Enamorus|Moonblast|p1a: Garchomp\n|-supereffective|p1a: Garchomp\n|-damage|p1a: Garchomp|0 fnt\n|faint|p1a: Garchomp\n|\n|-heal|p2a: Enamorus|74\/100|[from] item: Leftovers\n|upkeep\n|\n|t:|1699750777\n|switch|p1a: Scizor|Scizor, F|100\/100\n|-damage|p1a: Scizor|84\/100|[from] Spikes\n|turn|9\n|\n|t:|1699750789\n|-terastallize|p2a: Enamorus|Steel\n|move|p1a: Scizor|Bullet Punch|p2a: Enamorus\n|-resisted|p2a: Enamorus\n|-damage|p2a: Enamorus|33\/100\n|move|p2a: Enamorus|Mystical Fire|p1a: Scizor\n|-supereffective|p1a: Scizor\n|-damage|p1a: Scizor|0 fnt\n|faint|p1a: Scizor\n|\n|-heal|p2a: Enamorus|40\/100|[from] item: Leftovers\n|upkeep\n|\n|t:|1699750803\n|switch|p1a: Ogerpon|Ogerpon-Cornerstone, F|84\/100\n|-damage|p1a: Ogerpon|67\/100|[from] Spikes\n|turn|10\n|\n|t:|1699750816\n|-terastallize|p1a: Ogerpon|Rock\n|detailschange|p1a: Ogerpon|Ogerpon-Cornerstone-Tera, F, tera:Rock\n|-ability|p1a: Ogerpon|Embody Aspect (Cornerstone)|boost\n|-boost|p1a: Ogerpon|def|1\n|move|p1a: Ogerpon|Encore|p2a: Enamorus\n|-start|p2a: Enamorus|Encore\n|move|p2a: Enamorus|Mystical Fire|p1a: Ogerpon\n|-resisted|p1a: Ogerpon\n|-damage|p1a: Ogerpon|51\/100\n|-unboost|p1a: Ogerpon|spa|1\n|\n|-heal|p2a: Enamorus|46\/100|[from] item: Leftovers\n|upkeep\n|turn|11\n|\n|t:|1699750835\n|move|p1a: Ogerpon|Swords Dance|p1a: Ogerpon\n|-boost|p1a: Ogerpon|atk|2\n|move|p2a: Enamorus|Mystical Fire|p1a: Ogerpon\n|-resisted|p1a: Ogerpon\n|-damage|p1a: Ogerpon|35\/100\n|-unboost|p1a: Ogerpon|spa|1\n|\n|-heal|p2a: Enamorus|52\/100|[from] item: Leftovers\n|upkeep\n|turn|12\n|\n|t:|1699750846\n|move|p1a: Ogerpon|Horn Leech|p2a: Enamorus\n|-resisted|p2a: Enamorus\n|-damage|p2a: Enamorus|0 fnt\n|-heal|p1a: Ogerpon|60\/100|[from] drain|[of] p2a: Enamorus\n|faint|p2a: Enamorus\n|\n|upkeep\n|\n|t:|1699750850\n|switch|p2a: Prince|Sneasler, M|100\/100\n|-item|p2a: Prince|Air Balloon\n|turn|13\n|\n|t:|1699750860\n|move|p1a: Ogerpon|Ivy Cudgel|p2a: Prince\n|-resisted|p2a: Prince\n|-damage|p2a: Prince|0 fnt\n|-enditem|p2a: Prince|Air Balloon\n|faint|p2a: Prince\n|\n|upkeep\n|\n|t:|1699750864\n|switch|p2a: Lakers Lebron|Regidrago|100\/100\n|turn|14\n|\n|t:|1699750874\n|move|p1a: Ogerpon|Ivy Cudgel|p2a: Lakers Lebron\n|-crit|p2a: Lakers Lebron\n|-damage|p2a: Lakers Lebron|0 fnt\n|faint|p2a: Lakers Lebron\n|\n|upkeep\n|-message|poodress forfeited.\n|\n|win|Judgieiscool\n|raw|Judgieiscool's rating: 1354 &rarr; <strong>1369<\/strong><br \/>(+15 for winning)\n|raw|poodress's rating: 1263 &rarr; <strong>1244<\/strong><br \/>(-19 for losing)\n|l|\u2606poodress\n","uploadtime":1699750882,"views":22,"p1id":"judgieiscool","p2id":"poodress","formatid":"gen9ou","rating":1244,"private":0,"password":""}