{"id":"gen9ou-1994953626","p1":"KiritoLink13","p2":"ShulkAA","format":"[Gen 9] OU","log":"|j|\u2606KiritoLink13\n|j|\u2606ShulkAA\n|t:|1700507705\n|gametype|singles\n|player|p1|KiritoLink13|hilbert-wonderlauncher|\n|player|p2|ShulkAA|lucas|\n|teamsize|p1|6\n|teamsize|p2|6\n|gen|9\n|tier|[Gen 9] OU\n|rule|Sleep Clause Mod: Limit one foe put to sleep\n|rule|Species Clause: Limit one of each Pok\u00e9mon\n|rule|OHKO Clause: OHKO moves are banned\n|rule|Evasion Items Clause: Evasion items are banned\n|rule|Evasion Moves Clause: Evasion moves are banned\n|rule|Endless Battle Clause: Forcing endless battles is banned\n|rule|HP Percentage Mod: HP is shown in percentages\n|clearpoke\n|poke|p1|Dragapult, M|\n|poke|p1|Greninja-*, M|\n|poke|p1|Iron Moth|\n|poke|p1|Iron Valiant|\n|poke|p1|Clefable, M|\n|poke|p1|Cinderace, M|\n|poke|p2|Breloom, F|\n|poke|p2|Great Tusk|\n|poke|p2|Kingambit, F|\n|poke|p2|Meowscarada, F|\n|poke|p2|Ogerpon-Cornerstone, F|\n|poke|p2|Greninja-*, F|\n|teampreview\n|inactive|Battle timer is ON: inactive players will automatically lose when time's up. (requested by KiritoLink13)\n|\n|t:|1700507739\n|start\n|switch|p1a: Clefable|Clefable, M|100\/100\n|switch|p2a: Breloom|Breloom, F|100\/100\n|turn|1\n|\n|t:|1700507753\n|move|p2a: Breloom|Spore|p1a: Clefable\n|-status|p1a: Clefable|slp|[from] move: Spore\n|cant|p1a: Clefable|slp\n|\n|upkeep\n|turn|2\n|\n|t:|1700507764\n|move|p2a: Breloom|Mach Punch|p1a: Clefable\n|-resisted|p1a: Clefable\n|-damage|p1a: Clefable|89\/100 slp\n|cant|p1a: Clefable|slp\n|\n|-heal|p1a: Clefable|95\/100 slp|[from] item: Leftovers\n|upkeep\n|turn|3\n|\n|t:|1700507773\n|move|p2a: Breloom|Rock Tomb|p1a: Clefable|[miss]\n|-miss|p2a: Breloom|p1a: Clefable\n|cant|p1a: Clefable|slp\n|\n|-heal|p1a: Clefable|100\/100 slp|[from] item: Leftovers\n|upkeep\n|turn|4\n|\n|t:|1700507782\n|move|p2a: Breloom|Bullet Seed|p1a: Clefable\n|-damage|p1a: Clefable|85\/100 slp\n|-damage|p1a: Clefable|69\/100 slp\n|-damage|p1a: Clefable|54\/100 slp\n|-crit|p1a: Clefable\n|-damage|p1a: Clefable|33\/100 slp\n|-damage|p1a: Clefable|17\/100 slp\n|-hitcount|p1a: Clefable|5\n|-curestatus|p1a: Clefable|slp|[msg]\n|move|p1a: Clefable|Thunder Wave|p2a: Breloom\n|-status|p2a: Breloom|par\n|\n|-heal|p1a: Clefable|23\/100|[from] item: Leftovers\n|upkeep\n|turn|5\n|\n|t:|1700507798\n|move|p1a: Clefable|Moonlight|p1a: Clefable\n|-heal|p1a: Clefable|73\/100\n|move|p2a: Breloom|Bullet Seed|p1a: Clefable\n|-damage|p1a: Clefable|57\/100\n|-damage|p1a: Clefable|42\/100\n|-hitcount|p1a: Clefable|2\n|\n|-heal|p1a: Clefable|48\/100|[from] item: Leftovers\n|upkeep\n|turn|6\n|\n|t:|1700507808\n|move|p1a: Clefable|Stealth Rock|p2a: Breloom\n|-sidestart|p2: ShulkAA|move: Stealth Rock\n|move|p2a: Breloom|Spore|p1a: Clefable\n|-status|p1a: Clefable|slp|[from] move: Spore\n|\n|-heal|p1a: Clefable|54\/100 slp|[from] item: Leftovers\n|upkeep\n|turn|7\n|\n|t:|1700507817\n|cant|p1a: Clefable|slp\n|move|p2a: Breloom|Bullet Seed|p1a: Clefable\n|-damage|p1a: Clefable|41\/100 slp\n|-damage|p1a: Clefable|24\/100 slp\n|-hitcount|p1a: Clefable|2\n|\n|-heal|p1a: Clefable|30\/100 slp|[from] item: Leftovers\n|upkeep\n|turn|8\n|\n|t:|1700507826\n|cant|p1a: Clefable|slp\n|move|p2a: Breloom|Bullet Seed|p1a: Clefable\n|-damage|p1a: Clefable|16\/100 slp\n|-damage|p1a: Clefable|0 fnt\n|faint|p1a: Clefable\n|-hitcount|p1: Clefable|2\n|\n|upkeep\n|\n|t:|1700507831\n|switch|p1a: Cinderace|Cinderace, M|100\/100\n|turn|9\n|\n|t:|1700507841\n|move|p1a: Cinderace|Pyro Ball|p2a: Breloom\n|-supereffective|p2a: Breloom\n|-enditem|p2a: Breloom|Focus Sash\n|-damage|p2a: Breloom|1\/100 par\n|move|p2a: Breloom|Spore|p1a: Cinderace\n|-status|p1a: Cinderace|slp|[from] move: Spore\n|\n|upkeep\n|turn|10\n|\n|t:|1700507850\n|cant|p1a: Cinderace|slp\n|move|p2a: Breloom|Rock Tomb|p1a: Cinderace\n|-supereffective|p1a: Cinderace\n|-damage|p1a: Cinderace|5\/100 slp\n|-unboost|p1a: Cinderace|spe|1\n|\n|upkeep\n|turn|11\n|\n|t:|1700507858\n|cant|p1a: Cinderace|slp\n|move|p2a: Breloom|Rock Tomb|p1a: Cinderace\n|-supereffective|p1a: Cinderace\n|-damage|p1a: Cinderace|0 fnt\n|faint|p1a: Cinderace\n|\n|upkeep\n|\n|t:|1700507862\n|switch|p1a: Greninja|Greninja, M, shiny|100\/100\n|turn|12\n|\n|t:|1700507869\n|move|p1a: Greninja|Water Shuriken|p2a: Breloom\n|-start|p1a: Greninja|typechange|Water|[from] ability: Protean\n|-resisted|p2a: Breloom\n|-damage|p2a: Breloom|0 fnt\n|faint|p2a: Breloom\n|-hitcount|p2: Breloom|1\n|-damage|p1a: Greninja|91\/100|[from] item: Life Orb\n|\n|upkeep\n|\n|t:|1700507882\n|switch|p2a: Ogerpon|Ogerpon-Cornerstone, F|100\/100\n|-damage|p2a: Ogerpon|88\/100|[from] Stealth Rock\n|turn|13\n|\n|t:|1700507894\n|-terastallize|p2a: Ogerpon|Rock\n|detailschange|p2a: Ogerpon|Ogerpon-Cornerstone-Tera, F, tera:Rock\n|-ability|p2a: Ogerpon|Embody Aspect (Cornerstone)|boost\n|-boost|p2a: Ogerpon|def|1\n|move|p1a: Greninja|Surf|p2a: Ogerpon\n|-supereffective|p2a: Ogerpon\n|-damage|p2a: Ogerpon|0 fnt\n|faint|p2a: Ogerpon\n|-damage|p1a: Greninja|81\/100|[from] item: Life Orb\n|\n|upkeep\n|\n|t:|1700507908\n|switch|p2a: Kingambit|Kingambit, F, shiny|100\/100\n|-damage|p2a: Kingambit|94\/100|[from] Stealth Rock\n|-activate|p2a: Kingambit|ability: Supreme Overlord\n|-start|p2a: Kingambit|fallen2|[silent]\n|turn|14\n|\n|t:|1700507921\n|move|p1a: Greninja|Water Shuriken|p2a: Kingambit\n|-damage|p2a: Kingambit|83\/100\n|-damage|p2a: Kingambit|73\/100\n|-damage|p2a: Kingambit|62\/100\n|-damage|p2a: Kingambit|51\/100\n|-damage|p2a: Kingambit|40\/100\n|-hitcount|p2a: Kingambit|5\n|-damage|p1a: Greninja|71\/100|[from] item: Life Orb\n|move|p2a: Kingambit|Swords Dance|p2a: Kingambit\n|-boost|p2a: Kingambit|atk|2\n|\n|upkeep\n|turn|15\n|\n|t:|1700507937\n|move|p1a: Greninja|Water Shuriken|p2a: Kingambit\n|-damage|p2a: Kingambit|30\/100\n|-damage|p2a: Kingambit|21\/100\n|-hitcount|p2a: Kingambit|2\n|-damage|p1a: Greninja|61\/100|[from] item: Life Orb\n|move|p2a: Kingambit|Sucker Punch||[still]\n|-fail|p2a: Kingambit\n|\n|upkeep\n|turn|16\n|\n|t:|1700507949\n|move|p1a: Greninja|Surf|p2a: Kingambit\n|-damage|p2a: Kingambit|0 fnt\n|faint|p2a: Kingambit\n|-end|p2a: Kingambit|fallen2|[silent]\n|-damage|p1a: Greninja|51\/100|[from] item: Life Orb\n|\n|upkeep\n|\n|t:|1700507956\n|switch|p2a: Meowscarada|Meowscarada, F, shiny|100\/100\n|-damage|p2a: Meowscarada|88\/100|[from] Stealth Rock\n|turn|17\n|\n|t:|1700507962\n|move|p2a: Meowscarada|Flower Trick|p1a: Greninja\n|-start|p2a: Meowscarada|typechange|Grass|[from] ability: Protean\n|-supereffective|p1a: Greninja\n|-crit|p1a: Greninja\n|-damage|p1a: Greninja|0 fnt\n|faint|p1a: Greninja\n|\n|upkeep\n|\n|t:|1700507969\n|switch|p1a: Dragapult|Dragapult, M, shiny|100\/100\n|turn|18\n|\n|t:|1700507979\n|move|p2a: Meowscarada|Flower Trick|p1a: Dragapult\n|-resisted|p1a: Dragapult\n|-crit|p1a: Dragapult\n|-damage|p1a: Dragapult|70\/100\n|move|p1a: Dragapult|Dragon Dance|p1a: Dragapult\n|-boost|p1a: Dragapult|atk|1\n|-boost|p1a: Dragapult|spe|1\n|\n|-heal|p1a: Dragapult|76\/100|[from] item: Leftovers\n|upkeep\n|turn|19\n|\n|t:|1700507990\n|switch|p2a: Great Tusk|Great Tusk|100\/100\n|-damage|p2a: Great Tusk|98\/100|[from] Stealth Rock\n|-enditem|p2a: Great Tusk|Booster Energy\n|-activate|p2a: Great Tusk|ability: Protosynthesis|[fromitem]\n|-start|p2a: Great Tusk|protosynthesisspe\n|-terastallize|p1a: Dragapult|Fire\n|move|p1a: Dragapult|Dragon Dance|p1a: Dragapult\n|-boost|p1a: Dragapult|atk|1\n|-boost|p1a: Dragapult|spe|1\n|\n|-heal|p1a: Dragapult|82\/100|[from] item: Leftovers\n|upkeep\n|turn|20\n|\n|t:|1700508004\n|move|p1a: Dragapult|Phantom Force||[still]\n|-prepare|p1a: Dragapult|Phantom Force\n|move|p2a: Great Tusk|Ice Spinner|p1a: Dragapult|[miss]\n|-miss|p2a: Great Tusk|p1a: Dragapult\n|\n|-heal|p1a: Dragapult|88\/100|[from] item: Leftovers\n|upkeep\n|turn|21\n|\n|t:|1700508014\n|move|p1a: Dragapult|Phantom Force|p2a: Great Tusk|[from]lockedmove\n|-damage|p2a: Great Tusk|44\/100\n|move|p2a: Great Tusk|Stealth Rock|p1a: Dragapult\n|-sidestart|p1: KiritoLink13|move: Stealth Rock\n|\n|-heal|p1a: Dragapult|94\/100|[from] item: Leftovers\n|upkeep\n|turn|22\n|\n|t:|1700508022\n|move|p1a: Dragapult|Dragon Darts|p2a: Great Tusk\n|-damage|p2a: Great Tusk|15\/100\n|-anim|p1a: Dragapult|Dragon Darts|p2a: Great Tusk\n|-damage|p2a: Great Tusk|0 fnt\n|faint|p2a: Great Tusk\n|-end|p2a: Great Tusk|Protosynthesis|[silent]\n|\n|-heal|p1a: Dragapult|99\/100|[from] item: Leftovers\n|upkeep\n|\n|t:|1700508032\n|switch|p2a: Meowscarada|Meowscarada, F, shiny|88\/100\n|-damage|p2a: Meowscarada|76\/100|[from] Stealth Rock\n|turn|23\n|\n|t:|1700508046\n|move|p1a: Dragapult|Tera Blast|p2a: Meowscarada|[anim] Tera Blast Fire\n|-supereffective|p2a: Meowscarada\n|-damage|p2a: Meowscarada|0 fnt\n|faint|p2a: Meowscarada\n|\n|-heal|p1a: Dragapult|100\/100|[from] item: Leftovers\n|upkeep\n|\n|t:|1700508056\n|switch|p2a: Greninja|Greninja, F, shiny|100\/100\n|-damage|p2a: Greninja|88\/100|[from] Stealth Rock\n|turn|24\n|\n|t:|1700508063\n|move|p1a: Dragapult|Dragon Darts|p2a: Greninja\n|-damage|p2a: Greninja|8\/100\n|-anim|p1a: Dragapult|Dragon Darts|p2a: Greninja\n|-damage|p2a: Greninja|0 fnt\n|faint|p2a: Greninja\n|\n|win|KiritoLink13\n|l|\u2606ShulkAA\n","uploadtime":1700508083,"views":6,"p1id":"kiritolink13","p2id":"shulkaa","formatid":"gen9ou","rating":0,"private":0,"password":""}