{"id":"gen9ou-1991870821","p1":"Shauwk","p2":"ShinyStardust","format":"[Gen 9] OU","log":"|j|\u2606Shauwk\n|j|\u2606ShinyStardust\n|t:|1700131423\n|gametype|singles\n|player|p1|Shauwk|2|1088\n|player|p2|ShinyStardust|lucas|1003\n|teamsize|p1|6\n|teamsize|p2|1\n|gen|9\n|tier|[Gen 9] OU\n|rated|\n|rule|Sleep Clause Mod: Limit one foe put to sleep\n|rule|Species Clause: Limit one of each Pok\u00e9mon\n|rule|OHKO Clause: OHKO moves are banned\n|rule|Evasion Items Clause: Evasion items are banned\n|rule|Evasion Moves Clause: Evasion moves are banned\n|rule|Endless Battle Clause: Forcing endless battles is banned\n|rule|HP Percentage Mod: HP is shown in percentages\n|clearpoke\n|poke|p1|Kingambit, M|\n|poke|p1|Great Tusk|\n|poke|p1|Dragapult, F|\n|poke|p1|Ogerpon-Wellspring, F|\n|poke|p1|Blissey, F|\n|poke|p1|Zapdos|\n|poke|p2|Mamoswine, M|\n|teampreview\n|inactive|Battle timer is ON: inactive players will automatically lose when time's up. (requested by ShinyStardust)\n|j| AmazingMaxwell\n|inactive|ShinyStardust has 120 seconds left.\n|\n|t:|1700131479\n|start\n|switch|p1a: Ogerpon|Ogerpon-Wellspring, F|100\/100\n|switch|p2a: Mamoswine|Mamoswine, M|100\/100\n|turn|1\n|\n|t:|1700131503\n|-terastallize|p2a: Mamoswine|Grass\n|move|p1a: Ogerpon|Horn Leech|p2a: Mamoswine\n|-resisted|p2a: Mamoswine\n|-damage|p2a: Mamoswine|77\/100\n|move|p2a: Mamoswine|Trailblaze|p1a: Ogerpon\n|-damage|p1a: Ogerpon|62\/100\n|-boost|p2a: Mamoswine|spe|1\n|\n|upkeep\n|turn|2\n|\n|t:|1700131511\n|move|p2a: Mamoswine|Icicle Crash|p1a: Ogerpon\n|-damage|p1a: Ogerpon|3\/100\n|cant|p1a: Ogerpon|flinch\n|\n|upkeep\n|turn|3\n|\n|t:|1700131524\n|switch|p1a: Blissey|Blissey, F|100\/100\n|move|p2a: Mamoswine|Trailblaze|p1a: Blissey\n|-damage|p1a: Blissey|73\/100\n|-boost|p2a: Mamoswine|spe|1\n|\n|upkeep\n|turn|4\n|\n|t:|1700131542\n|move|p2a: Mamoswine|Icicle Crash|p1a: Blissey\n|-damage|p1a: Blissey|36\/100\n|cant|p1a: Blissey|flinch\n|\n|upkeep\n|turn|5\n|c|\u2606Shauwk|bru\n|\n|t:|1700131552\n|move|p2a: Mamoswine|Earthquake|p1a: Blissey\n|-damage|p1a: Blissey|0 fnt\n|faint|p1a: Blissey\n|\n|upkeep\n|\n|t:|1700131556\n|switch|p1a: Dragapult|Dragapult, F|100\/100\n|turn|6\n|\n|t:|1700131562\n|-terastallize|p1a: Dragapult|Ghost\n|move|p2a: Mamoswine|Icicle Crash|p1a: Dragapult\n|-damage|p1a: Dragapult|36\/100\n|move|p1a: Dragapult|Flamethrower|p2a: Mamoswine\n|-supereffective|p2a: Mamoswine\n|-damage|p2a: Mamoswine|26\/100\n|-enditem|p2a: Mamoswine|Weakness Policy\n|-boost|p2a: Mamoswine|atk|2|[from] item: Weakness Policy\n|-boost|p2a: Mamoswine|spa|2|[from] item: Weakness Policy\n|\n|upkeep\n|turn|7\n|\n|t:|1700131567\n|move|p2a: Mamoswine|Earthquake|p1a: Dragapult\n|-damage|p1a: Dragapult|0 fnt\n|faint|p1a: Dragapult\n|\n|upkeep\n|\n|t:|1700131569\n|switch|p1a: Kingambit|Kingambit, M|100\/100\n|-activate|p1a: Kingambit|ability: Supreme Overlord\n|-start|p1a: Kingambit|fallen2|[silent]\n|turn|8\n|c|\u2606ShinyStardust|i have tricks for priority\n|c|\u2606ShinyStardust|watch this\n|\n|t:|1700131586\n|move|p2a: Mamoswine|Earthquake|p1a: Kingambit\n|-supereffective|p1a: Kingambit\n|-damage|p1a: Kingambit|0 fnt\n|faint|p1a: Kingambit\n|-end|p1a: Kingambit|fallen2|[silent]\n|\n|upkeep\n|c|\u2606ShinyStardust|lol\n|\n|t:|1700131597\n|switch|p1a: Great Tusk|Great Tusk|100\/100\n|turn|9\n|\n|t:|1700131600\n|move|p2a: Mamoswine|Icicle Crash|p1a: Great Tusk\n|-supereffective|p1a: Great Tusk\n|-damage|p1a: Great Tusk|0 fnt\n|faint|p1a: Great Tusk\n|-end|p1a: Great Tusk|Protosynthesis|[silent]\n|\n|upkeep\n|-message|Shauwk forfeited.\n|\n|win|ShinyStardust\n|raw|Shauwk's rating: 1088 &rarr; <strong>1059<\/strong><br \/>(-29 for losing)\n|raw|ShinyStardust's rating: 1000 &rarr; <strong>1050<\/strong><br \/>(+50 for winning)\n|l|\u2606Shauwk\n","uploadtime":1700131607,"views":13,"p1id":"shauwk","p2id":"shinystardust","formatid":"gen9ou","rating":1050,"private":0,"password":""}