{"id":"gen9ou-1988397757","p1":"Futz DH on DN","p2":"yellow motorola","format":"[Gen 9] OU","log":"|j|\u2606Futz DH on DN\n|j|\u2606yellow motorola\n|t:|1699718427\n|gametype|singles\n|player|p1|Futz DH on DN|169|1413\n|player|p2|yellow motorola|byron|1508\n|teamsize|p1|6\n|teamsize|p2|6\n|gen|9\n|tier|[Gen 9] OU\n|rated|\n|rule|Sleep Clause Mod: Limit one foe put to sleep\n|rule|Species Clause: Limit one of each Pok\u00e9mon\n|rule|OHKO Clause: OHKO moves are banned\n|rule|Evasion Items Clause: Evasion items are banned\n|rule|Evasion Moves Clause: Evasion moves are banned\n|rule|Endless Battle Clause: Forcing endless battles is banned\n|rule|HP Percentage Mod: HP is shown in percentages\n|clearpoke\n|poke|p1|Haxorus, M|\n|poke|p1|Garchomp, M|\n|poke|p1|Jirachi|\n|poke|p1|Okidogi, M|\n|poke|p1|Weezing-Galar, F|\n|poke|p1|Hydreigon, M|\n|poke|p2|Gliscor, M|\n|poke|p2|Gholdengo|\n|poke|p2|Ninetales-Alola, F|\n|poke|p2|Kingambit, M|\n|poke|p2|Iron Valiant|\n|poke|p2|Ogerpon-Wellspring, F|\n|teampreview\n|inactive|Battle timer is ON: inactive players will automatically lose when time's up. (requested by yellow motorola)\n|\n|t:|1699718430\n|start\n|switch|p1a: Garchomp|Garchomp, M|100\/100\n|switch|p2a: Kurama-Alola|Ninetales-Alola, F|100\/100\n|-weather|Snow|[from] ability: Snow Warning|[of] p2a: Kurama-Alola\n|turn|1\n|\n|t:|1699718434\n|-terastallize|p1a: Garchomp|Poison\n|move|p2a: Kurama-Alola|Aurora Veil|p2a: Kurama-Alola\n|-sidestart|p2: yellow motorola|move: Aurora Veil\n|move|p1a: Garchomp|Stealth Rock|p2a: Kurama-Alola\n|-sidestart|p2: yellow motorola|move: Stealth Rock\n|\n|-weather|Snow|[upkeep]\n|upkeep\n|turn|2\n|\n|t:|1699718442\n|move|p2a: Kurama-Alola|Encore|p1a: Garchomp\n|-start|p1a: Garchomp|Encore\n|move|p1a: Garchomp|Stealth Rock||[still]\n|-fail|p1a: Garchomp\n|\n|-weather|Snow|[upkeep]\n|upkeep\n|turn|3\n|\n|t:|1699718445\n|switch|p2a: Dracule Mihawk|Gliscor, M|100\/100\n|-damage|p2a: Dracule Mihawk|88\/100|[from] Stealth Rock\n|switch|p1a: Jirachi|Jirachi|100\/100\n|\n|-weather|Snow|[upkeep]\n|-status|p2a: Dracule Mihawk|tox|[from] item: Toxic Orb\n|upkeep\n|turn|4\n|\n|t:|1699718452\n|switch|p1a: Hydreigon|Hydreigon, M|100\/100\n|move|p2a: Dracule Mihawk|Agility|p2a: Dracule Mihawk\n|-boost|p2a: Dracule Mihawk|spe|2\n|\n|-weather|Snow|[upkeep]\n|-heal|p2a: Dracule Mihawk|100\/100 tox|[from] ability: Poison Heal\n|upkeep\n|turn|5\n|\n|t:|1699718456\n|move|p2a: Dracule Mihawk|Swords Dance|p2a: Dracule Mihawk\n|-boost|p2a: Dracule Mihawk|atk|2\n|move|p1a: Hydreigon|Draco Meteor|p2a: Dracule Mihawk|[miss]\n|-miss|p1a: Hydreigon|p2a: Dracule Mihawk\n|\n|-weather|none\n|upkeep\n|turn|6\n|\n|t:|1699718491\n|switch|p1a: Okidogi|Okidogi, M|100\/100\n|move|p2a: Dracule Mihawk|Swords Dance|p2a: Dracule Mihawk\n|-boost|p2a: Dracule Mihawk|atk|2\n|\n|upkeep\n|turn|7\n|\n|t:|1699718496\n|move|p2a: Dracule Mihawk|Earthquake|p1a: Okidogi\n|-supereffective|p1a: Okidogi\n|-damage|p1a: Okidogi|0 fnt\n|faint|p1a: Okidogi\n|\n|upkeep\n|\n|t:|1699718503\n|switch|p1a: Garchomp|Garchomp, M, tera:Poison|100\/100\n|turn|8\n|\n|t:|1699718506\n|switch|p1a: Weezing|Weezing-Galar, F|100\/100\n|move|p2a: Dracule Mihawk|Earthquake|p1a: Weezing\n|-immune|p1a: Weezing|[from] ability: Levitate\n|\n|-sideend|p2: yellow motorola|move: Aurora Veil\n|upkeep\n|turn|9\n|\n|t:|1699718510\n|-terastallize|p2a: Dracule Mihawk|Flying\n|move|p2a: Dracule Mihawk|Dual Wingbeat|p1a: Weezing\n|-damage|p1a: Weezing|51\/100\n|-damage|p2a: Dracule Mihawk|84\/100 tox|[from] item: Rocky Helmet|[of] p1a: Weezing\n|-damage|p1a: Weezing|3\/100\n|-damage|p2a: Dracule Mihawk|67\/100 tox|[from] item: Rocky Helmet|[of] p1a: Weezing\n|-hitcount|p1a: Weezing|2\n|move|p1a: Weezing|Strange Steam|p2a: Dracule Mihawk\n|-damage|p2a: Dracule Mihawk|28\/100 tox\n|\n|-heal|p2a: Dracule Mihawk|41\/100 tox|[from] ability: Poison Heal\n|upkeep\n|turn|10\n|\n|t:|1699718520\n|move|p2a: Dracule Mihawk|Dual Wingbeat|p1a: Weezing\n|-damage|p1a: Weezing|0 fnt\n|-damage|p2a: Dracule Mihawk|24\/100 tox|[from] item: Rocky Helmet|[of] p1a: Weezing\n|faint|p1a: Weezing\n|-hitcount|p1: Weezing|1\n|\n|-heal|p2a: Dracule Mihawk|36\/100 tox|[from] ability: Poison Heal\n|upkeep\n|\n|t:|1699718523\n|switch|p1a: Hydreigon|Hydreigon, M|100\/100\n|turn|11\n|\n|t:|1699718526\n|move|p2a: Dracule Mihawk|Dual Wingbeat|p1a: Hydreigon\n|-damage|p1a: Hydreigon|14\/100\n|-damage|p1a: Hydreigon|0 fnt\n|faint|p1a: Hydreigon\n|-hitcount|p1: Hydreigon|2\n|\n|-heal|p2a: Dracule Mihawk|49\/100 tox|[from] ability: Poison Heal\n|upkeep\n|-message|Futz DH on DN forfeited.\n|\n|win|yellow motorola\n|raw|Futz DH on DN's rating: 1413 &rarr; <strong>1398<\/strong><br \/>(-15 for losing)\n|raw|yellow motorola's rating: 1508 &rarr; <strong>1523<\/strong><br \/>(+15 for winning)\n|l|\u2606Futz DH on DN\n","uploadtime":1699718532,"views":14,"p1id":"futzdhondn","p2id":"yellowmotorola","formatid":"gen9ou","rating":1398,"private":0,"password":""}