{"id":"gen9ou-1996415141","p1":"uniandes5","p2":"yonkolevelpirate","format":"[Gen 9] OU","log":"|j|\u2606uniandes5\n|j|\u2606yonkolevelpirate\n|t:|1700679806\n|gametype|singles\n|player|p1|uniandes5|170|1412\n|player|p2|yonkolevelpirate|officeworker-gen9|1326\n|teamsize|p1|6\n|teamsize|p2|6\n|gen|9\n|tier|[Gen 9] OU\n|rated|\n|rule|Sleep Clause Mod: Limit one foe put to sleep\n|rule|Species Clause: Limit one of each Pok\u00e9mon\n|rule|OHKO Clause: OHKO moves are banned\n|rule|Evasion Items Clause: Evasion items are banned\n|rule|Evasion Moves Clause: Evasion moves are banned\n|rule|Endless Battle Clause: Forcing endless battles is banned\n|rule|HP Percentage Mod: HP is shown in percentages\n|clearpoke\n|poke|p1|Grimmsnarl, M|\n|poke|p1|Hoopa-Unbound|\n|poke|p1|Rillaboom, F|\n|poke|p1|Haxorus, M|\n|poke|p1|Iron Valiant|\n|poke|p1|Gholdengo|\n|poke|p2|Zarude|\n|poke|p2|Ceruledge, M|\n|poke|p2|Ursaluna, F|\n|poke|p2|Dragapult, M|\n|poke|p2|Iron Valiant|\n|poke|p2|Heatran, M|\n|teampreview\n|inactive|Battle timer is ON: inactive players will automatically lose when time's up. (requested by yonkolevelpirate)\n|\n|t:|1700679830\n|start\n|switch|p1a: Grimmsnarl|Grimmsnarl, M|100\/100\n|switch|p2a: Zarude|Zarude|100\/100\n|turn|1\n|\n|t:|1700679833\n|move|p1a: Grimmsnarl|Reflect|p1a: Grimmsnarl\n|-sidestart|p1: uniandes5|Reflect\n|move|p2a: Zarude|Power Whip|p1a: Grimmsnarl\n|-damage|p1a: Grimmsnarl|42\/100\n|\n|upkeep\n|turn|2\n|\n|t:|1700679836\n|move|p1a: Grimmsnarl|Light Screen|p1a: Grimmsnarl\n|-sidestart|p1: uniandes5|move: Light Screen\n|move|p2a: Zarude|Power Whip|p1a: Grimmsnarl\n|-damage|p1a: Grimmsnarl|0 fnt\n|faint|p1a: Grimmsnarl\n|\n|upkeep\n|\n|t:|1700679839\n|switch|p1a: Haxorus|Haxorus, M|100\/100\n|-ability|p1a: Haxorus|Mold Breaker\n|turn|3\n|\n|t:|1700679844\n|switch|p2a: Iron Valiant|Iron Valiant|100\/100\n|-enditem|p2a: Iron Valiant|Booster Energy\n|-activate|p2a: Iron Valiant|ability: Quark Drive|[fromitem]\n|-start|p2a: Iron Valiant|quarkdrivespe\n|move|p1a: Haxorus|Dragon Dance|p1a: Haxorus\n|-boost|p1a: Haxorus|atk|1\n|-boost|p1a: Haxorus|spe|1\n|\n|upkeep\n|turn|4\n|\n|t:|1700679848\n|-terastallize|p2a: Iron Valiant|Fairy\n|-terastallize|p1a: Haxorus|Fire\n|move|p2a: Iron Valiant|Moonblast|p1a: Haxorus\n|-resisted|p1a: Haxorus\n|-damage|p1a: Haxorus|75\/100\n|move|p1a: Haxorus|Dragon Dance|p1a: Haxorus\n|-boost|p1a: Haxorus|atk|1\n|-boost|p1a: Haxorus|spe|1\n|\n|upkeep\n|turn|5\n|\n|t:|1700679853\n|-end|p2a: Iron Valiant|Quark Drive|[silent]\n|switch|p2a: Heatran|Heatran, M|100\/100\n|move|p1a: Haxorus|Tera Blast|p2a: Heatran|[anim] Tera Blast Fire\n|-damage|p2a: Heatran|23\/100\n|\n|upkeep\n|turn|6\n|\n|t:|1700679858\n|move|p1a: Haxorus|Tera Blast|p2a: Heatran|[anim] Tera Blast Fire\n|-damage|p2a: Heatran|0 fnt\n|faint|p2a: Heatran\n|\n|upkeep\n|c|\u2606yonkolevelpirate|I forgot about moldbreaker\n|\n|t:|1700679880\n|switch|p2a: Ursaluna|Ursaluna, F|100\/100\n|turn|7\n|\n|t:|1700679884\n|move|p1a: Haxorus|Dragon Claw|p2a: Ursaluna\n|-damage|p2a: Ursaluna|35\/100\n|move|p2a: Ursaluna|Earthquake|p1a: Haxorus\n|-supereffective|p1a: Haxorus\n|-damage|p1a: Haxorus|0 fnt\n|faint|p1a: Haxorus\n|\n|-status|p2a: Ursaluna|brn|[from] item: Flame Orb\n|upkeep\n|\n|t:|1700679891\n|switch|p1a: Iron Valiant|Iron Valiant|100\/100\n|-enditem|p1a: Iron Valiant|Booster Energy\n|-activate|p1a: Iron Valiant|ability: Quark Drive|[fromitem]\n|-start|p1a: Iron Valiant|quarkdrivespa\n|turn|8\n|\n|t:|1700679894\n|move|p1a: Iron Valiant|Moonblast|p2a: Ursaluna\n|-damage|p2a: Ursaluna|0 fnt\n|faint|p2a: Ursaluna\n|\n|-sideend|p1: uniandes5|Reflect\n|upkeep\n|\n|t:|1700679904\n|switch|p2a: Dragapult|Dragapult, M|100\/100\n|turn|9\n|\n|t:|1700679906\n|move|p2a: Dragapult|Thunder Wave|p1a: Iron Valiant\n|-status|p1a: Iron Valiant|par\n|move|p1a: Iron Valiant|Moonblast|p2a: Dragapult\n|-supereffective|p2a: Dragapult\n|-damage|p2a: Dragapult|0 fnt\n|faint|p2a: Dragapult\n|\n|-sideend|p1: uniandes5|move: Light Screen\n|upkeep\n|\n|t:|1700679911\n|switch|p2a: Iron Valiant|Iron Valiant, tera:Fairy|100\/100\n|turn|10\n|\n|t:|1700679924\n|move|p2a: Iron Valiant|Moonblast|p1a: Iron Valiant\n|-supereffective|p1a: Iron Valiant\n|-damage|p1a: Iron Valiant|0 fnt\n|faint|p1a: Iron Valiant\n|-end|p1a: Iron Valiant|Quark Drive|[silent]\n|\n|upkeep\n|\n|t:|1700679927\n|switch|p1a: Kuzko|Gholdengo, shiny|100\/100\n|turn|11\n|\n|t:|1700679931\n|-end|p2a: Iron Valiant|Quark Drive|[silent]\n|switch|p2a: Zarude|Zarude|100\/100\n|move|p1a: Kuzko|Shadow Ball|p2a: Zarude\n|-resisted|p2a: Zarude\n|-damage|p2a: Zarude|82\/100\n|\n|upkeep\n|turn|12\n|\n|t:|1700679935\n|switch|p1a: Rillaboom|Rillaboom, F|100\/100\n|-fieldstart|move: Grassy Terrain|[from] ability: Grassy Surge|[of] p1a: Rillaboom\n|move|p2a: Zarude|Knock Off|p1a: Rillaboom\n|-damage|p1a: Rillaboom|34\/100\n|-enditem|p1a: Rillaboom|Life Orb|[from] move: Knock Off|[of] p2a: Zarude\n|\n|-heal|p2a: Zarude|88\/100|[from] Grassy Terrain\n|-heal|p1a: Rillaboom|41\/100|[from] Grassy Terrain\n|upkeep\n|turn|13\n|\n|t:|1700679942\n|move|p2a: Zarude|Knock Off|p1a: Rillaboom\n|-damage|p1a: Rillaboom|0 fnt\n|faint|p1a: Rillaboom\n|\n|-heal|p2a: Zarude|94\/100|[from] Grassy Terrain\n|upkeep\n|\n|t:|1700679947\n|switch|p1a: Kuzko|Gholdengo, shiny|100\/100\n|turn|14\n|\n|t:|1700679949\n|move|p2a: Zarude|Knock Off|p1a: Kuzko\n|-supereffective|p1a: Kuzko\n|-damage|p1a: Kuzko|5\/100\n|-enditem|p1a: Kuzko|Leftovers|[from] move: Knock Off|[of] p2a: Zarude\n|move|p1a: Kuzko|Recover|p1a: Kuzko\n|-heal|p1a: Kuzko|55\/100\n|\n|-heal|p2a: Zarude|99\/100|[from] Grassy Terrain\n|-heal|p1a: Kuzko|61\/100|[from] Grassy Terrain\n|upkeep\n|turn|15\n|\n|t:|1700679952\n|move|p2a: Zarude|Knock Off|p1a: Kuzko\n|-supereffective|p1a: Kuzko\n|-damage|p1a: Kuzko|0 fnt\n|faint|p1a: Kuzko\n|\n|-heal|p2a: Zarude|100\/100|[from] Grassy Terrain\n|upkeep\n|-message|uniandes5 forfeited.\n|\n|win|yonkolevelpirate\n|raw|uniandes5's rating: 1412 &rarr; <strong>1387<\/strong><br \/>(-25 for losing)\n|raw|yonkolevelpirate's rating: 1326 &rarr; <strong>1351<\/strong><br \/>(+25 for winning)\n|l|\u2606uniandes5\n","uploadtime":1700679963,"views":22,"p1id":"uniandes5","p2id":"yonkolevelpirate","formatid":"gen9ou","rating":1351,"private":0,"password":""}