{"id":"gen9ou-1999363511","p1":"Ye4prez","p2":"lilypoot","format":"[Gen 9] OU","log":"|j|\u2606Ye4prez\n|j|\u2606lilypoot\n|t:|1701067208\n|gametype|singles\n|player|p1|Ye4prez|plasmagruntf|1120\n|player|p2|lilypoot|102|1188\n|teamsize|p1|6\n|teamsize|p2|6\n|gen|9\n|tier|[Gen 9] OU\n|rated|\n|rule|Sleep Clause Mod: Limit one foe put to sleep\n|rule|Species Clause: Limit one of each Pok\u00e9mon\n|rule|OHKO Clause: OHKO moves are banned\n|rule|Evasion Items Clause: Evasion items are banned\n|rule|Evasion Moves Clause: Evasion moves are banned\n|rule|Endless Battle Clause: Forcing endless battles is banned\n|rule|HP Percentage Mod: HP is shown in percentages\n|clearpoke\n|poke|p1|Garganacl, M|\n|poke|p1|Cinderace, M|\n|poke|p1|Iron Valiant|\n|poke|p1|Dragapult, F|\n|poke|p1|Alomomola, F|\n|poke|p1|Kingambit, F|\n|poke|p2|Hawlucha, M|\n|poke|p2|Rillaboom, M|\n|poke|p2|Iron Moth|\n|poke|p2|Ogerpon-Wellspring, F|\n|poke|p2|Kingambit, M|\n|poke|p2|Thundurus, M|\n|teampreview\n|inactive|Battle timer is ON: inactive players will automatically lose when time's up. (requested by lilypoot)\n|\n|t:|1701067226\n|start\n|switch|p1a: Garganacl|Garganacl, M, shiny|100\/100\n|switch|p2a: Thundurus|Thundurus, M|100\/100\n|turn|1\n|\n|t:|1701067232\n|move|p2a: Thundurus|Volt Switch|p1a: Garganacl\n|-damage|p1a: Garganacl|80\/100\n|\n|t:|1701067235\n|switch|p2a: Rillaboom|Rillaboom, M|100\/100|[from] Volt Switch\n|-fieldstart|move: Grassy Terrain|[from] ability: Grassy Surge|[of] p2a: Rillaboom\n|move|p1a: Garganacl|Stealth Rock|p2a: Rillaboom\n|-sidestart|p2: lilypoot|move: Stealth Rock\n|\n|-heal|p1a: Garganacl|87\/100|[from] Grassy Terrain\n|-heal|p1a: Garganacl|93\/100|[from] item: Leftovers\n|upkeep\n|turn|2\n|\n|t:|1701067245\n|move|p2a: Rillaboom|Wood Hammer|p1a: Garganacl\n|-supereffective|p1a: Garganacl\n|-damage|p1a: Garganacl|0 fnt\n|faint|p1a: Garganacl\n|-damage|p2a: Rillaboom|64\/100|[from] Recoil\n|-damage|p2a: Rillaboom|54\/100|[from] item: Life Orb\n|\n|-heal|p2a: Rillaboom|61\/100|[from] Grassy Terrain\n|upkeep\n|\n|t:|1701067256\n|switch|p1a: Cinderace|Cinderace, M|100\/100\n|turn|3\n|inactive|lilypoot has 120 seconds left.\n|\n|t:|1701067286\n|move|p2a: Rillaboom|Grassy Glide|p1a: Cinderace\n|-resisted|p1a: Cinderace\n|-damage|p1a: Cinderace|69\/100\n|-damage|p2a: Rillaboom|51\/100|[from] item: Life Orb\n|move|p1a: Cinderace|U-turn|p2a: Rillaboom\n|-start|p1a: Cinderace|typechange|Bug|[from] ability: Libero\n|-supereffective|p2a: Rillaboom\n|-damage|p2a: Rillaboom|0 fnt\n|faint|p2a: Rillaboom\n|\n|t:|1701067305\n|switch|p1a: Dragapult|Dragapult, F, shiny|100\/100|[from] U-turn\n|\n|upkeep\n|inactive|lilypoot has 120 seconds left.\n|\n|t:|1701067326\n|switch|p2a: Kingambit|Kingambit, M|100\/100\n|-damage|p2a: Kingambit|94\/100|[from] Stealth Rock\n|-activate|p2a: Kingambit|ability: Supreme Overlord\n|-start|p2a: Kingambit|fallen1|[silent]\n|turn|4\n|\n|t:|1701067333\n|switch|p1a: Iron Valiant|Iron Valiant, shiny|100\/100\n|-enditem|p1a: Iron Valiant|Booster Energy\n|-activate|p1a: Iron Valiant|ability: Quark Drive|[fromitem]\n|-start|p1a: Iron Valiant|quarkdrivespe\n|move|p2a: Kingambit|Kowtow Cleave|p1a: Iron Valiant\n|-resisted|p1a: Iron Valiant\n|-damage|p1a: Iron Valiant|83\/100\n|\n|-heal|p1a: Iron Valiant|89\/100|[from] Grassy Terrain\n|-heal|p2a: Kingambit|100\/100|[from] Grassy Terrain\n|upkeep\n|turn|5\n|inactive|lilypoot has 120 seconds left.\n|\n|t:|1701067350\n|-end|p2a: Kingambit|fallen1|[silent]\n|switch|p2a: Hawlucha|Hawlucha, M|100\/100\n|-damage|p2a: Hawlucha|88\/100|[from] Stealth Rock\n|-enditem|p2a: Hawlucha|Grassy Seed\n|-boost|p2a: Hawlucha|def|1|[from] item: Grassy Seed\n|move|p1a: Iron Valiant|Hypnosis|p2a: Hawlucha|[miss]\n|-miss|p1a: Iron Valiant|p2a: Hawlucha\n|\n|-heal|p1a: Iron Valiant|95\/100|[from] Grassy Terrain\n|-fieldend|move: Grassy Terrain\n|upkeep\n|turn|6\n|inactive|lilypoot has 120 seconds left.\n|\n|t:|1701067361\n|-terastallize|p2a: Hawlucha|Flying\n|-terastallize|p1a: Iron Valiant|Steel\n|move|p2a: Hawlucha|Acrobatics|p1a: Iron Valiant\n|-resisted|p1a: Iron Valiant\n|-damage|p1a: Iron Valiant|53\/100\n|move|p1a: Iron Valiant|Hypnosis|p2a: Hawlucha\n|-status|p2a: Hawlucha|slp|[from] move: Hypnosis\n|\n|upkeep\n|turn|7\n|inactive|lilypoot has 120 seconds left.\n|\n|t:|1701067373\n|switch|p2a: Iron Moth|Iron Moth|100\/100\n|-damage|p2a: Iron Moth|76\/100|[from] Stealth Rock\n|-enditem|p2a: Iron Moth|Booster Energy\n|-activate|p2a: Iron Moth|ability: Quark Drive|[fromitem]\n|-start|p2a: Iron Moth|quarkdrivespe\n|move|p1a: Iron Valiant|Calm Mind|p1a: Iron Valiant\n|-boost|p1a: Iron Valiant|spa|1\n|-boost|p1a: Iron Valiant|spd|1\n|\n|upkeep\n|turn|8\n|\n|t:|1701067387\n|move|p1a: Iron Valiant|Focus Blast|p2a: Iron Moth\n|-resisted|p2a: Iron Moth\n|-damage|p2a: Iron Moth|48\/100\n|move|p2a: Iron Moth|Fiery Dance|p1a: Iron Valiant\n|-supereffective|p1a: Iron Valiant\n|-damage|p1a: Iron Valiant|0 fnt\n|faint|p1a: Iron Valiant\n|-end|p1a: Iron Valiant|Quark Drive|[silent]\n|\n|upkeep\n|\n|t:|1701067403\n|switch|p1a: Cinderace|Cinderace, M|69\/100\n|turn|9\n|\n|t:|1701067408\n|move|p1a: Cinderace|Sucker Punch|p2a: Iron Moth\n|-start|p1a: Cinderace|typechange|Dark|[from] ability: Libero\n|-damage|p2a: Iron Moth|0 fnt\n|faint|p2a: Iron Moth\n|-end|p2a: Iron Moth|Quark Drive|[silent]\n|\n|upkeep\n|\n|t:|1701067421\n|switch|p2a: Ogerpon|Ogerpon-Wellspring, F|100\/100\n|-damage|p2a: Ogerpon|88\/100|[from] Stealth Rock\n|turn|10\n|\n|t:|1701067428\n|move|p1a: Cinderace|U-turn|p2a: Ogerpon\n|-supereffective|p2a: Ogerpon\n|-damage|p2a: Ogerpon|30\/100\n|\n|t:|1701067433\n|switch|p1a: Alomomola|Alomomola, F, shiny|100\/100|[from] U-turn\n|move|p2a: Ogerpon|Wood Hammer|p1a: Alomomola\n|-supereffective|p1a: Alomomola\n|-damage|p1a: Alomomola|15\/100\n|-damage|p2a: Ogerpon|0 fnt|[from] Recoil\n|faint|p2a: Ogerpon\n|\n|upkeep\n|\n|t:|1701067441\n|switch|p2a: Thundurus|Thundurus, M|100\/100\n|-damage|p2a: Thundurus|76\/100|[from] Stealth Rock\n|turn|11\n|\n|t:|1701067451\n|move|p2a: Thundurus|Volt Switch|p1a: Alomomola\n|-supereffective|p1a: Alomomola\n|-damage|p1a: Alomomola|0 fnt\n|faint|p1a: Alomomola\n|\n|t:|1701067455\n|switch|p2a: Hawlucha|Hawlucha, M, tera:Flying|88\/100 slp|[from] Volt Switch\n|-damage|p2a: Hawlucha|63\/100 slp|[from] Stealth Rock\n|\n|upkeep\n|\n|t:|1701067461\n|switch|p1a: Dragapult|Dragapult, F, shiny|100\/100\n|turn|12\n|\n|t:|1701067468\n|move|p1a: Dragapult|Thunderbolt|p2a: Hawlucha\n|-supereffective|p2a: Hawlucha\n|-damage|p2a: Hawlucha|0 fnt\n|faint|p2a: Hawlucha\n|\n|upkeep\n|\n|t:|1701067470\n|switch|p2a: Kingambit|Kingambit, M|100\/100\n|-damage|p2a: Kingambit|94\/100|[from] Stealth Rock\n|-activate|p2a: Kingambit|ability: Supreme Overlord\n|-start|p2a: Kingambit|fallen4|[silent]\n|turn|13\n|\n|t:|1701067474\n|move|p1a: Dragapult|Thunderbolt|p2a: Kingambit\n|-damage|p2a: Kingambit|54\/100\n|move|p2a: Kingambit|Swords Dance|p2a: Kingambit\n|-boost|p2a: Kingambit|atk|2\n|\n|upkeep\n|turn|14\n|\n|t:|1701067481\n|switch|p1a: Cinderace|Cinderace, M|69\/100\n|move|p2a: Kingambit|Sucker Punch||[still]\n|-fail|p2a: Kingambit\n|\n|upkeep\n|turn|15\n|\n|t:|1701067486\n|move|p1a: Cinderace|Pyro Ball|p2a: Kingambit\n|-supereffective|p2a: Kingambit\n|-damage|p2a: Kingambit|0 fnt\n|faint|p2a: Kingambit\n|-end|p2a: Kingambit|fallen4|[silent]\n|\n|upkeep\n|\n|t:|1701067490\n|switch|p2a: Thundurus|Thundurus, M|76\/100\n|-damage|p2a: Thundurus|51\/100|[from] Stealth Rock\n|turn|16\n|-message|lilypoot forfeited.\n|\n|win|Ye4prez\n|raw|Ye4prez's rating: 1120 &rarr; <strong>1152<\/strong><br \/>(+32 for winning)\n|raw|lilypoot's rating: 1214 &rarr; <strong>1182<\/strong><br \/>(-32 for losing)\n|l|\u2606lilypoot\n|l|\u2606Ye4prez\n|j|\u2606Ye4prez\n|player|p1|Ye4prez|plasmagruntf\n","uploadtime":1701067672,"views":14,"p1id":"ye4prez","p2id":"lilypoot","formatid":"gen9ou","rating":1152,"private":0,"password":""}