{"id":"gen9ou-1988233198","p1":"Oyfchj","p2":"enrage warrior hs","format":"[Gen 9] OU","log":"|j|\u2606Oyfchj\n|j|\u2606enrage warrior hs\n|t:|1699690668\n|gametype|singles\n|player|p1|Oyfchj|266|1282\n|player|p2|enrage warrior hs|unknown|1330\n|teamsize|p1|6\n|teamsize|p2|6\n|gen|9\n|tier|[Gen 9] OU\n|rated|\n|rule|Sleep Clause Mod: Limit one foe put to sleep\n|rule|Species Clause: Limit one of each Pok\u00e9mon\n|rule|OHKO Clause: OHKO moves are banned\n|rule|Evasion Items Clause: Evasion items are banned\n|rule|Evasion Moves Clause: Evasion moves are banned\n|rule|Endless Battle Clause: Forcing endless battles is banned\n|rule|HP Percentage Mod: HP is shown in percentages\n|clearpoke\n|poke|p1|Arcanine-Hisui, M|\n|poke|p1|Leafeon, F|\n|poke|p1|Noivern, F|\n|poke|p1|Kingambit, M|\n|poke|p1|Goodra-Hisui, M|\n|poke|p1|Iron Jugulis|\n|poke|p2|Thundurus-Therian, M|\n|poke|p2|Slowking-Galar, F|\n|poke|p2|Great Tusk|\n|poke|p2|Ogerpon-Wellspring, F|\n|poke|p2|Kingambit, F|\n|poke|p2|Skeledirge, F|\n|teampreview\n|\n|t:|1699690674\n|start\n|switch|p1a: Arcanine|Arcanine-Hisui, M|100\/100\n|switch|p2a: Thundurus|Thundurus-Therian, M|100\/100\n|-ability|p1a: Arcanine|Intimidate|boost\n|-unboost|p2a: Thundurus|atk|1\n|turn|1\n|inactive|Battle timer is ON: inactive players will automatically lose when time's up. (requested by Oyfchj)\n|\n|t:|1699690680\n|-terastallize|p1a: Arcanine|Grass\n|move|p2a: Thundurus|Volt Switch|p1a: Arcanine\n|-resisted|p1a: Arcanine\n|-damage|p1a: Arcanine|62\/100\n|\n|t:|1699690686\n|switch|p2a: Great Tusk|Great Tusk|100\/100|[from] Volt Switch\n|move|p1a: Arcanine|Head Smash|p2a: Great Tusk\n|-resisted|p2a: Great Tusk\n|-damage|p2a: Great Tusk|87\/100\n|-damage|p1a: Arcanine|54\/100|[from] Recoil\n|\n|-heal|p2a: Great Tusk|93\/100|[from] item: Leftovers\n|upkeep\n|turn|2\n|\n|t:|1699690700\n|move|p2a: Great Tusk|Knock Off|p1a: Arcanine\n|-damage|p1a: Arcanine|25\/100\n|-enditem|p1a: Arcanine|Heat Rock|[from] move: Knock Off|[of] p2a: Great Tusk\n|move|p1a: Arcanine|Sunny Day|p1a: Arcanine\n|-weather|SunnyDay\n|-activate|p2a: Great Tusk|ability: Protosynthesis\n|-start|p2a: Great Tusk|protosynthesisatk\n|\n|-weather|SunnyDay|[upkeep]\n|-heal|p2a: Great Tusk|99\/100|[from] item: Leftovers\n|upkeep\n|turn|3\n|\n|t:|1699690716\n|switch|p1a: Leafeon|Leafeon, F|100\/100\n|move|p2a: Great Tusk|Ice Spinner|p1a: Leafeon\n|-supereffective|p1a: Leafeon\n|-damage|p1a: Leafeon|33\/100\n|\n|-weather|SunnyDay|[upkeep]\n|-heal|p1a: Leafeon|39\/100|[from] item: Leftovers\n|-heal|p2a: Great Tusk|100\/100|[from] item: Leftovers\n|upkeep\n|turn|4\n|\n|t:|1699690722\n|-terastallize|p2a: Great Tusk|Steel\n|move|p1a: Leafeon|Solar Blade||[still]\n|-prepare|p1a: Leafeon|Solar Blade\n|-anim|p1a: Leafeon|Solar Blade|p2a: Great Tusk\n|-resisted|p2a: Great Tusk\n|-damage|p2a: Great Tusk|75\/100\n|move|p2a: Great Tusk|Ice Spinner|p1a: Leafeon\n|-supereffective|p1a: Leafeon\n|-damage|p1a: Leafeon|0 fnt\n|faint|p1a: Leafeon\n|\n|-weather|SunnyDay|[upkeep]\n|-heal|p2a: Great Tusk|82\/100|[from] item: Leftovers\n|upkeep\n|\n|t:|1699690731\n|switch|p1a: Arcanine|Arcanine-Hisui, M, tera:Grass|25\/100\n|-ability|p1a: Arcanine|Intimidate|boost\n|-unboost|p2a: Great Tusk|atk|1\n|turn|5\n|\n|t:|1699690743\n|move|p2a: Great Tusk|Ice Spinner|p1a: Arcanine\n|-supereffective|p1a: Arcanine\n|-damage|p1a: Arcanine|0 fnt\n|faint|p1a: Arcanine\n|\n|-weather|SunnyDay|[upkeep]\n|-heal|p2a: Great Tusk|88\/100|[from] item: Leftovers\n|upkeep\n|\n|t:|1699690750\n|switch|p1a: Iron Jugulis|Iron Jugulis|100\/100\n|-enditem|p1a: Iron Jugulis|Booster Energy\n|-activate|p1a: Iron Jugulis|ability: Quark Drive|[fromitem]\n|-start|p1a: Iron Jugulis|quarkdrivespa\n|turn|6\n|\n|t:|1699690755\n|-end|p2a: Great Tusk|Protosynthesis|[silent]\n|switch|p2a: Thundurus|Thundurus-Therian, M|100\/100\n|move|p1a: Iron Jugulis|Flamethrower|p2a: Thundurus\n|-damage|p2a: Thundurus|18\/100\n|\n|-weather|none\n|upkeep\n|turn|7\n|\n|t:|1699690762\n|move|p2a: Thundurus|Volt Switch|p1a: Iron Jugulis\n|-supereffective|p1a: Iron Jugulis\n|-damage|p1a: Iron Jugulis|0 fnt\n|faint|p1a: Iron Jugulis\n|-end|p1a: Iron Jugulis|Quark Drive|[silent]\n|\n|t:|1699690775\n|switch|p2a: Skeledirge|Skeledirge, F|100\/100|[from] Volt Switch\n|\n|upkeep\n|\n|t:|1699690780\n|switch|p1a: Noivern|Noivern, F|100\/100\n|turn|8\n|\n|t:|1699690783\n|move|p1a: Noivern|Switcheroo|p2a: Skeledirge\n|-activate|p1a: Noivern|move: Trick|[of] p2a: Skeledirge\n|-item|p2a: Skeledirge|Choice Scarf|[from] move: Switcheroo\n|-item|p1a: Noivern|Heavy-Duty Boots|[from] move: Switcheroo\n|move|p2a: Skeledirge|Will-O-Wisp|p1a: Noivern\n|-status|p1a: Noivern|brn\n|\n|-damage|p1a: Noivern|94\/100 brn|[from] brn\n|upkeep\n|turn|9\n|\n|t:|1699690804\n|switch|p2a: Slowking|Slowking-Galar, F|100\/100\n|move|p1a: Noivern|Air Slash|p2a: Slowking\n|-damage|p2a: Slowking|80\/100\n|\n|-damage|p1a: Noivern|88\/100 brn|[from] brn\n|upkeep\n|turn|10\n|\n|t:|1699690815\n|move|p1a: Noivern|Dark Pulse|p2a: Slowking\n|-supereffective|p2a: Slowking\n|-damage|p2a: Slowking|53\/100\n|cant|p2a: Slowking|flinch\n|\n|-damage|p1a: Noivern|82\/100 brn|[from] brn\n|upkeep\n|turn|11\n|inactive|Oyfchj has 120 seconds left.\n|l|\u2606Oyfchj\n|inactive|Oyfchj disconnected and has a minute to reconnect!\n|player|p1|\n|inactive|Oyfchj has 30 seconds to reconnect!\n|inactive|Oyfchj has 20 seconds to reconnect!\n|j|\u2606Oyfchj\n|inactive|Oyfchj reconnected and has 80 seconds left.\n|player|p1|Oyfchj|266\n|\n|t:|1699690885\n|move|p1a: Noivern|Dark Pulse|p2a: Slowking\n|-supereffective|p2a: Slowking\n|-damage|p2a: Slowking|25\/100\n|cant|p2a: Slowking|flinch\n|\n|-damage|p1a: Noivern|76\/100 brn|[from] brn\n|upkeep\n|turn|12\n|inactive|enrage warrior hs has 120 seconds left.\n|\n|t:|1699690931\n|switch|p2a: Ogerpon|Ogerpon-Wellspring, F|100\/100\n|move|p1a: Noivern|Dark Pulse|p2a: Ogerpon\n|-damage|p2a: Ogerpon|75\/100\n|\n|-damage|p1a: Noivern|70\/100 brn|[from] brn\n|upkeep\n|turn|13\n|\n|t:|1699690955\n|move|p2a: Ogerpon|Ivy Cudgel|p1a: Noivern\n|-resisted|p1a: Noivern\n|-damage|p1a: Noivern|30\/100 brn\n|move|p1a: Noivern|Air Slash|p2a: Ogerpon\n|-supereffective|p2a: Ogerpon\n|-damage|p2a: Ogerpon|0 fnt\n|faint|p2a: Ogerpon\n|\n|-damage|p1a: Noivern|24\/100 brn|[from] brn\n|upkeep\n|\n|t:|1699690977\n|switch|p2a: Slowking|Slowking-Galar, F|59\/100\n|turn|14\n|\n|t:|1699690992\n|move|p1a: Noivern|Dark Pulse|p2a: Slowking\n|-supereffective|p2a: Slowking\n|-crit|p2a: Slowking\n|-damage|p2a: Slowking|17\/100\n|move|p2a: Slowking|Ice Beam|p1a: Noivern\n|-supereffective|p1a: Noivern\n|-damage|p1a: Noivern|0 fnt\n|faint|p1a: Noivern\n|\n|upkeep\n|\n|t:|1699690999\n|switch|p1a: Kingambit|Kingambit, M|100\/100\n|-activate|p1a: Kingambit|ability: Supreme Overlord\n|-start|p1a: Kingambit|fallen4|[silent]\n|turn|15\n|\n|t:|1699691007\n|move|p1a: Kingambit|Kowtow Cleave|p2a: Slowking\n|-supereffective|p2a: Slowking\n|-damage|p2a: Slowking|0 fnt\n|faint|p2a: Slowking\n|-damage|p1a: Kingambit|91\/100|[from] item: Life Orb\n|\n|upkeep\n|\n|t:|1699691010\n|switch|p2a: Skeledirge|Skeledirge, F|100\/100\n|turn|16\n|\n|t:|1699691014\n|move|p2a: Skeledirge|Will-O-Wisp|p1a: Kingambit\n|-status|p1a: Kingambit|brn\n|move|p1a: Kingambit|Kowtow Cleave|p2a: Skeledirge\n|-supereffective|p2a: Skeledirge\n|-damage|p2a: Skeledirge|37\/100\n|-damage|p1a: Kingambit|81\/100 brn|[from] item: Life Orb\n|\n|-damage|p1a: Kingambit|75\/100 brn|[from] brn\n|upkeep\n|turn|17\n|\n|t:|1699691028\n|switch|p2a: Kingambit|Kingambit, F|100\/100\n|-activate|p2a: Kingambit|ability: Supreme Overlord\n|-start|p2a: Kingambit|fallen2|[silent]\n|move|p1a: Kingambit|Kowtow Cleave|p2a: Kingambit\n|-resisted|p2a: Kingambit\n|-damage|p2a: Kingambit|84\/100\n|-damage|p1a: Kingambit|65\/100 brn|[from] item: Life Orb\n|\n|-heal|p2a: Kingambit|91\/100|[from] item: Leftovers\n|-damage|p1a: Kingambit|58\/100 brn|[from] brn\n|upkeep\n|turn|18\n|\n|t:|1699691038\n|move|p2a: Kingambit|Swords Dance|p2a: Kingambit\n|-boost|p2a: Kingambit|atk|2\n|move|p1a: Kingambit|Brick Break|p2a: Kingambit\n|-supereffective|p2a: Kingambit\n|-damage|p2a: Kingambit|8\/100\n|-damage|p1a: Kingambit|49\/100 brn|[from] item: Life Orb\n|\n|-heal|p2a: Kingambit|15\/100|[from] item: Leftovers\n|-damage|p1a: Kingambit|42\/100 brn|[from] brn\n|upkeep\n|turn|19\n|\n|t:|1699691046\n|move|p2a: Kingambit|Sucker Punch|p1a: Kingambit\n|-resisted|p1a: Kingambit\n|-damage|p1a: Kingambit|10\/100 brn\n|move|p1a: Kingambit|Sucker Punch||[still]\n|-fail|p1a: Kingambit\n|\n|-heal|p2a: Kingambit|21\/100|[from] item: Leftovers\n|-damage|p1a: Kingambit|3\/100 brn|[from] brn\n|upkeep\n|turn|20\n|\n|t:|1699691055\n|move|p2a: Kingambit|Kowtow Cleave|p1a: Kingambit\n|-resisted|p1a: Kingambit\n|-damage|p1a: Kingambit|0 fnt\n|faint|p1a: Kingambit\n|-end|p1a: Kingambit|fallen4|[silent]\n|\n|-heal|p2a: Kingambit|27\/100|[from] item: Leftovers\n|upkeep\n|c|\u2606enrage warrior hs|gg\n|\n|t:|1699691072\n|switch|p1a: Goodra|Goodra-Hisui, M|100\/100\n|turn|21\n|\n|t:|1699691078\n|move|p2a: Kingambit|Sucker Punch|p1a: Goodra\n|-damage|p1a: Goodra|0 fnt\n|-ability|p1a: Goodra|Gooey\n|-unboost|p2a: Kingambit|spe|1\n|faint|p1a: Goodra\n|\n|win|enrage warrior hs\n|raw|Oyfchj's rating: 1282 &rarr; <strong>1260<\/strong><br \/>(-22 for losing)\n|raw|enrage warrior hs's rating: 1330 &rarr; <strong>1347<\/strong><br \/>(+17 for winning)\n","uploadtime":1699691090,"views":20,"p1id":"oyfchj","p2id":"enragewarriorhs","formatid":"gen9ou","rating":1260,"private":0,"password":""}