{"id":"gen9ou-1989522492","p1":"RaigatheWeeb","p2":"scotchbrite3m","format":"[Gen 9] OU","log":"|j|\u2606RaigatheWeeb\n|j|\u2606scotchbrite3m\n|t:|1699865173\n|gametype|singles\n|player|p1|RaigatheWeeb|hilda-masters3|1308\n|player|p2|scotchbrite3m|silver|1366\n|teamsize|p1|6\n|teamsize|p2|6\n|gen|9\n|tier|[Gen 9] OU\n|rated|\n|rule|Sleep Clause Mod: Limit one foe put to sleep\n|rule|Species Clause: Limit one of each Pok\u00e9mon\n|rule|OHKO Clause: OHKO moves are banned\n|rule|Evasion Items Clause: Evasion items are banned\n|rule|Evasion Moves Clause: Evasion moves are banned\n|rule|Endless Battle Clause: Forcing endless battles is banned\n|rule|HP Percentage Mod: HP is shown in percentages\n|clearpoke\n|poke|p1|Basculegion-F, F|\n|poke|p1|Pelipper, F|\n|poke|p1|Ogerpon-Wellspring, F|\n|poke|p1|Kingambit, F|\n|poke|p1|Espeon, M|\n|poke|p1|Manaphy|\n|poke|p2|Ceruledge, M|\n|poke|p2|Cinderace, M|\n|poke|p2|Ninetales-Alola, F|\n|poke|p2|Manaphy|\n|poke|p2|Samurott-Hisui, F|\n|poke|p2|Zamazenta-*|\n|teampreview\n|inactive|Battle timer is ON: inactive players will automatically lose when time's up. (requested by scotchbrite3m)\n|c|\u2606RaigatheWeeb|Gl\n|\n|t:|1699865191\n|start\n|switch|p1a: Pelipper|Pelipper, F|100\/100\n|switch|p2a: tell me why|Zamazenta|100\/100\n|-ability|p2a: tell me why|Dauntless Shield|boost\n|-boost|p2a: tell me why|def|1\n|-weather|RainDance|[from] ability: Drizzle|[of] p1a: Pelipper\n|turn|1\n|\n|t:|1699865202\n|move|p2a: tell me why|Iron Defense|p2a: tell me why\n|-boost|p2a: tell me why|def|2\n|move|p1a: Pelipper|U-turn|p2a: tell me why\n|-resisted|p2a: tell me why\n|-damage|p2a: tell me why|99\/100\n|\n|t:|1699865211\n|switch|p1a: Basculegion|Basculegion-F, F|100\/100|[from] U-turn\n|\n|-weather|RainDance|[upkeep]\n|-heal|p2a: tell me why|100\/100|[from] item: Leftovers\n|upkeep\n|turn|2\n|\n|t:|1699865220\n|-terastallize|p1a: Basculegion|Steel\n|move|p1a: Basculegion|Surf|p2a: tell me why\n|-damage|p2a: tell me why|32\/100\n|-damage|p1a: Basculegion|91\/100|[from] item: Life Orb\n|move|p2a: tell me why|Iron Defense|p2a: tell me why\n|-boost|p2a: tell me why|def|2\n|\n|-weather|RainDance|[upkeep]\n|-heal|p2a: tell me why|38\/100|[from] item: Leftovers\n|upkeep\n|turn|3\n|\n|t:|1699865231\n|move|p1a: Basculegion|Surf|p2a: tell me why\n|-damage|p2a: tell me why|0 fnt\n|faint|p2a: tell me why\n|-damage|p1a: Basculegion|81\/100|[from] item: Life Orb\n|\n|-weather|RainDance|[upkeep]\n|upkeep\n|inactive|scotchbrite3m has 120 seconds left.\n|\n|t:|1699865257\n|switch|p2a: you are my fire|Ceruledge, M|100\/100\n|turn|4\n|\n|t:|1699865262\n|-terastallize|p2a: you are my fire|Flying\n|move|p1a: Basculegion|Surf|p2a: you are my fire\n|-enditem|p2a: you are my fire|Focus Sash\n|-damage|p2a: you are my fire|1\/100\n|-damage|p1a: Basculegion|71\/100|[from] item: Life Orb\n|move|p2a: you are my fire|Destiny Bond|p2a: you are my fire\n|-singlemove|p2a: you are my fire|Destiny Bond\n|\n|-weather|RainDance|[upkeep]\n|upkeep\n|turn|5\n|\n|t:|1699865273\n|switch|p1a: Manaphy|Manaphy|100\/100\n|move|p2a: you are my fire|Poltergeist|p1a: Manaphy\n|-activate|p1a: Manaphy|move: Poltergeist|Leftovers\n|-damage|p1a: Manaphy|53\/100\n|\n|-weather|RainDance|[upkeep]\n|-heal|p1a: Manaphy|59\/100|[from] item: Leftovers\n|upkeep\n|turn|6\n|\n|t:|1699865291\n|switch|p1a: Espeon|Espeon, M|100\/100\n|move|p2a: you are my fire|Destiny Bond|p2a: you are my fire\n|-singlemove|p2a: you are my fire|Destiny Bond\n|\n|-weather|RainDance|[upkeep]\n|upkeep\n|turn|7\n|\n|t:|1699865298\n|switch|p1a: Basculegion|Basculegion-F, F, tera:Steel|71\/100\n|move|p2a: you are my fire|Poltergeist|p1a: Basculegion\n|-activate|p1a: Basculegion|move: Poltergeist|Life Orb\n|-damage|p1a: Basculegion|0 fnt\n|faint|p1a: Basculegion\n|\n|-weather|RainDance|[upkeep]\n|upkeep\n|\n|t:|1699865318\n|switch|p1a: Espeon|Espeon, M|100\/100\n|turn|8\n|\n|t:|1699865326\n|move|p1a: Espeon|Shadow Ball|p2a: you are my fire\n|-damage|p2a: you are my fire|0 fnt\n|faint|p2a: you are my fire\n|\n|-weather|none\n|upkeep\n|\n|t:|1699865332\n|switch|p2a: number five|Samurott-Hisui, F|100\/100\n|turn|9\n|\n|t:|1699865351\n|switch|p1a: Pelipper|Pelipper, F|100\/100\n|-weather|RainDance|[from] ability: Drizzle|[of] p1a: Pelipper\n|move|p2a: number five|Ceaseless Edge|p1a: Pelipper\n|-damage|p1a: Pelipper|57\/100\n|-sidestart|p1: RaigatheWeeb|Spikes\n|\n|-weather|RainDance|[upkeep]\n|upkeep\n|turn|10\n|\n|t:|1699865374\n|switch|p2a: i want it that way|Manaphy|100\/100\n|move|p1a: Pelipper|Hurricane|p2a: i want it that way\n|-damage|p2a: i want it that way|57\/100\n|-start|p2a: i want it that way|confusion\n|\n|-weather|RainDance|[upkeep]\n|-heal|p2a: i want it that way|63\/100|[from] item: Leftovers\n|upkeep\n|turn|11\n|\n|t:|1699865385\n|switch|p1a: Ogerpon|Ogerpon-Wellspring, F|100\/100\n|-damage|p1a: Ogerpon|88\/100|[from] Spikes\n|-activate|p2a: i want it that way|confusion\n|move|p2a: i want it that way|Take Heart|p2a: i want it that way\n|-boost|p2a: i want it that way|spa|1\n|-boost|p2a: i want it that way|spd|1\n|\n|-weather|RainDance|[upkeep]\n|-heal|p2a: i want it that way|69\/100|[from] item: Leftovers\n|upkeep\n|turn|12\n|\n|t:|1699865398\n|switch|p2a: believe when i say|Ninetales-Alola, F|100\/100\n|-weather|Snow|[from] ability: Snow Warning|[of] p2a: believe when i say\n|move|p1a: Ogerpon|Swords Dance|p1a: Ogerpon\n|-boost|p1a: Ogerpon|atk|2\n|\n|-weather|Snow|[upkeep]\n|upkeep\n|turn|13\n|\n|t:|1699865409\n|move|p1a: Ogerpon|Ivy Cudgel|p2a: believe when i say\n|-damage|p2a: believe when i say|1\/100\n|move|p2a: believe when i say|Freeze-Dry|p1a: Ogerpon\n|-supereffective|p1a: Ogerpon\n|-damage|p1a: Ogerpon|0 fnt\n|faint|p1a: Ogerpon\n|\n|-weather|Snow|[upkeep]\n|upkeep\n|\n|t:|1699865422\n|switch|p1a: Espeon|Espeon, M|100\/100\n|-damage|p1a: Espeon|88\/100|[from] Spikes\n|turn|14\n|\n|t:|1699865431\n|move|p1a: Espeon|Weather Ball|p2a: believe when i say\n|-resisted|p2a: believe when i say\n|-crit|p2a: believe when i say\n|-damage|p2a: believe when i say|0 fnt\n|faint|p2a: believe when i say\n|\n|-weather|Snow|[upkeep]\n|upkeep\n|\n|t:|1699865438\n|switch|p2a: number five|Samurott-Hisui, F|100\/100\n|turn|15\n|\n|t:|1699865447\n|move|p1a: Espeon|Weather Ball|p2a: number five\n|-resisted|p2a: number five\n|-damage|p2a: number five|70\/100\n|move|p2a: number five|Ceaseless Edge|p1a: Espeon\n|-supereffective|p1a: Espeon\n|-damage|p1a: Espeon|0 fnt\n|-sidestart|p1: RaigatheWeeb|Spikes\n|faint|p1a: Espeon\n|\n|-weather|Snow|[upkeep]\n|upkeep\n|\n|t:|1699865454\n|switch|p1a: Pelipper|Pelipper, F|57\/100\n|-weather|RainDance|[from] ability: Drizzle|[of] p1a: Pelipper\n|turn|16\n|\n|t:|1699865461\n|move|p2a: number five|Ceaseless Edge|p1a: Pelipper\n|-damage|p1a: Pelipper|9\/100\n|-sidestart|p1: RaigatheWeeb|Spikes\n|move|p1a: Pelipper|Hurricane|p2a: number five\n|-damage|p2a: number five|0 fnt\n|faint|p2a: number five\n|\n|-weather|RainDance|[upkeep]\n|upkeep\n|\n|t:|1699865470\n|switch|p2a: i want it that way|Manaphy|69\/100\n|turn|17\n|\n|t:|1699865474\n|move|p2a: i want it that way|Take Heart|p2a: i want it that way\n|-boost|p2a: i want it that way|spa|1\n|-boost|p2a: i want it that way|spd|1\n|move|p1a: Pelipper|Hurricane|p2a: i want it that way\n|-damage|p2a: i want it that way|39\/100\n|\n|-weather|RainDance|[upkeep]\n|-heal|p2a: i want it that way|45\/100|[from] item: Leftovers\n|upkeep\n|turn|18\n|\n|t:|1699865478\n|move|p2a: i want it that way|Take Heart|p2a: i want it that way\n|-boost|p2a: i want it that way|spa|1\n|-boost|p2a: i want it that way|spd|1\n|move|p1a: Pelipper|U-turn|p2a: i want it that way\n|-damage|p2a: i want it that way|39\/100\n|\n|t:|1699865481\n|switch|p1a: Kingambit|Kingambit, F|100\/100|[from] U-turn\n|-damage|p1a: Kingambit|75\/100|[from] Spikes\n|-activate|p1a: Kingambit|ability: Supreme Overlord\n|-start|p1a: Kingambit|fallen3|[silent]\n|\n|-weather|RainDance|[upkeep]\n|-heal|p2a: i want it that way|46\/100|[from] item: Leftovers\n|upkeep\n|turn|19\n|\n|t:|1699865491\n|move|p1a: Kingambit|Sucker Punch||[still]\n|-fail|p1a: Kingambit\n|move|p2a: i want it that way|Acid Armor|p2a: i want it that way\n|-boost|p2a: i want it that way|def|2\n|\n|-weather|RainDance|[upkeep]\n|-heal|p2a: i want it that way|52\/100|[from] item: Leftovers\n|upkeep\n|turn|20\n|-message|RaigatheWeeb forfeited.\n|\n|win|scotchbrite3m\n|raw|RaigatheWeeb's rating: 1308 &rarr; <strong>1291<\/strong><br \/>(-17 for losing)\n|raw|scotchbrite3m's rating: 1366 &rarr; <strong>1383<\/strong><br \/>(+17 for winning)\n|l|\u2606RaigatheWeeb\n","uploadtime":1699865505,"views":20,"p1id":"raigatheweeb","p2id":"scotchbrite3m","formatid":"gen9ou","rating":1291,"private":0,"password":""}