{"id":"gen9ou-1991039013","p1":"SDK04","p2":"dam im banned","format":"[Gen 9] OU","log":"|j|\u2606SDK04\n|j|\u2606dam im banned\n|t:|1700032651\n|gametype|singles\n|player|p1|SDK04|unknown|\n|player|p2|dam im banned|cheren|\n|teamsize|p1|6\n|teamsize|p2|6\n|gen|9\n|tier|[Gen 9] OU\n|rule|Sleep Clause Mod: Limit one foe put to sleep\n|rule|Species Clause: Limit one of each Pok\u00e9mon\n|rule|OHKO Clause: OHKO moves are banned\n|rule|Evasion Items Clause: Evasion items are banned\n|rule|Evasion Moves Clause: Evasion moves are banned\n|rule|Endless Battle Clause: Forcing endless battles is banned\n|rule|HP Percentage Mod: HP is shown in percentages\n|clearpoke\n|poke|p1|Ninetales-Alola, M|\n|poke|p1|Ogerpon-Wellspring, F|\n|poke|p1|Mew|\n|poke|p1|Kingambit, M|\n|poke|p1|Gholdengo|\n|poke|p1|Salamence, M|\n|poke|p2|Landorus-Therian, M|\n|poke|p2|Heatran, M|\n|poke|p2|Clefable, M|\n|poke|p2|Dondozo, M|\n|poke|p2|Corviknight, F|\n|poke|p2|Toxapex, F|\n|teampreview\n|inactive|Battle timer is ON: inactive players will automatically lose when time's up. (requested by SDK04)\n|inactive|dam im banned has 270 seconds left.\n|j| Shucklepilled\n|j| Isza\n|j| ReDemonic\n|j| aHpEl\n|j| Phaoryx\n|\n|t:|1700032717\n|start\n|switch|p1a: cool window|Ninetales-Alola, M|100\/100\n|switch|p2a: Landorus|Landorus-Therian, M|100\/100\n|-ability|p2a: Landorus|Intimidate|boost\n|-unboost|p1a: cool window|atk|1\n|-weather|Snow|[from] ability: Snow Warning|[of] p1a: cool window\n|turn|1\n|l| aHpEl\n|\n|t:|1700032730\n|-terastallize|p2a: Landorus|Flying\n|move|p2a: Landorus|Tera Blast|p1a: cool window|[anim] Tera Blast Flying\n|-damage|p1a: cool window|46\/100\n|move|p1a: cool window|Aurora Veil|p1a: cool window\n|-sidestart|p1: SDK04|move: Aurora Veil\n|\n|-weather|Snow|[upkeep]\n|upkeep\n|turn|2\n|j|+Disorient\n|c|\u2606dam im banned|Wait im an idiot\n|j| VicBossMG\n|c|\u2606dam im banned|i forgot in gen 9\n|c|\u2606dam im banned|it gives defense\n|c|\u2606dam im banned|FCKKK i got some much to learn\n|inactive|dam im banned has 270 seconds left.\n|c|\u2606SDK04|Damn\n|c|\u2606dam im banned|I lose now\n|c|\u2606SDK04|rio\n|c|\u2606SDK04|*rip\n|\n|t:|1700032782\n|switch|p2a: Toxapex|Toxapex, F|100\/100\n|move|p1a: cool window|Freeze-Dry|p2a: Toxapex\n|-supereffective|p2a: Toxapex\n|-damage|p2a: Toxapex|73\/100\n|\n|-weather|Snow|[upkeep]\n|-heal|p2a: Toxapex|79\/100|[from] item: Leftovers\n|upkeep\n|turn|3\n|\n|t:|1700032789\n|switch|p1a: Malicious Charity|Gholdengo|100\/100\n|-item|p1a: Malicious Charity|Air Balloon\n|move|p2a: Toxapex|Toxic Spikes|p1a: Malicious Charity\n|-sidestart|p1: SDK04|move: Toxic Spikes\n|\n|-weather|Snow|[upkeep]\n|-heal|p2a: Toxapex|85\/100|[from] item: Leftovers\n|upkeep\n|turn|4\n|\n|t:|1700032794\n|move|p1a: Malicious Charity|Nasty Plot|p1a: Malicious Charity\n|-boost|p1a: Malicious Charity|spa|2\n|move|p2a: Toxapex|Toxic Spikes|p1a: Malicious Charity\n|-sidestart|p1: SDK04|move: Toxic Spikes\n|\n|-weather|Snow|[upkeep]\n|-heal|p2a: Toxapex|91\/100|[from] item: Leftovers\n|upkeep\n|turn|5\n|\n|t:|1700032798\n|move|p1a: Malicious Charity|Nasty Plot|p1a: Malicious Charity\n|-boost|p1a: Malicious Charity|spa|2\n|move|p2a: Toxapex|Haze|p2a: Toxapex\n|-clearallboost\n|\n|-weather|none\n|-heal|p2a: Toxapex|97\/100|[from] item: Leftovers\n|upkeep\n|turn|6\n|\n|t:|1700032805\n|switch|p2a: Heatran|Heatran, M|100\/100\n|move|p1a: Malicious Charity|Nasty Plot|p1a: Malicious Charity\n|-boost|p1a: Malicious Charity|spa|2\n|\n|upkeep\n|turn|7\n|l| VicBossMG\n|\n|t:|1700032809\n|-terastallize|p1a: Malicious Charity|Fairy\n|move|p1a: Malicious Charity|Nasty Plot|p1a: Malicious Charity\n|-boost|p1a: Malicious Charity|spa|2\n|move|p2a: Heatran|Magma Storm|p1a: Malicious Charity\n|-damage|p1a: Malicious Charity|68\/100\n|-activate|p1a: Malicious Charity|move: Magma Storm|[of] p2a: Heatran\n|-enditem|p1a: Malicious Charity|Air Balloon\n|\n|-damage|p1a: Malicious Charity|56\/100|[from] move: Magma Storm|[partiallytrapped]\n|upkeep\n|turn|8\n|inactive|dam im banned has 270 seconds left.\n|\n|t:|1700032838\n|switch|p2a: Dondozo|Dondozo, M|100\/100\n|move|p1a: Malicious Charity|Shadow Ball|p2a: Dondozo\n|-damage|p2a: Dondozo|75\/100\n|\n|-heal|p2a: Dondozo|81\/100|[from] item: Leftovers\n|-end|p1a: Malicious Charity|Magma Storm|[partiallytrapped]|[silent]\n|-sideend|p1: SDK04|move: Aurora Veil\n|upkeep\n|turn|9\n|\n|t:|1700032847\n|move|p1a: Malicious Charity|Dazzling Gleam|p2a: Dondozo\n|-damage|p2a: Dondozo|53\/100\n|move|p2a: Dondozo|Liquidation|p1a: Malicious Charity\n|-damage|p1a: Malicious Charity|21\/100\n|\n|-heal|p2a: Dondozo|59\/100|[from] item: Leftovers\n|upkeep\n|turn|10\n|\n|t:|1700032853\n|move|p1a: Malicious Charity|Shadow Ball|p2a: Dondozo\n|-damage|p2a: Dondozo|32\/100\n|move|p2a: Dondozo|Liquidation|p1a: Malicious Charity\n|-damage|p1a: Malicious Charity|0 fnt\n|faint|p1a: Malicious Charity\n|\n|-heal|p2a: Dondozo|38\/100|[from] item: Leftovers\n|upkeep\n|c| Phaoryx|lol\n|c|\u2606dam im banned|dam im banned\n|\n|t:|1700032869\n|switch|p1a: \u201cI win\u201d button|Ogerpon-Wellspring, F|100\/100\n|-status|p1a: \u201cI win\u201d button|tox\n|turn|11\n|c|\u2606dam im banned|brooo i wish i didn\u2019t make that Garbo play turn 1 lol\n|\n|t:|1700032891\n|switch|p2a: Toxapex|Toxapex, F|100\/100\n|move|p1a: \u201cI win\u201d button|Swords Dance|p1a: \u201cI win\u201d button\n|-boost|p1a: \u201cI win\u201d button|atk|2\n|\n|-damage|p1a: \u201cI win\u201d button|95\/100 tox|[from] psn\n|upkeep\n|turn|12\n|\n|t:|1700032896\n|move|p1a: \u201cI win\u201d button|Power Whip|p2a: Toxapex\n|-damage|p2a: Toxapex|4\/100\n|move|p2a: Toxapex|Haze|p2a: Toxapex\n|-clearallboost\n|\n|-heal|p2a: Toxapex|10\/100|[from] item: Leftovers\n|-damage|p1a: \u201cI win\u201d button|83\/100 tox|[from] psn\n|upkeep\n|turn|13\n|c|\u2606dam im banned|Hey u wanna chill bro\n|inactive|dam im banned has 270 seconds left.\n|\n|t:|1700032933\n|switch|p2a: Clefable|Clefable, M|100\/100\n|move|p1a: \u201cI win\u201d button|Ivy Cudgel|p2a: Clefable|[anim] Ivy Cudgel Water\n|-damage|p2a: Clefable|54\/100\n|\n|-heal|p2a: Clefable|60\/100|[from] item: Leftovers\n|-damage|p1a: \u201cI win\u201d button|65\/100 tox|[from] psn\n|upkeep\n|turn|14\n|\n|t:|1700032945\n|move|p1a: \u201cI win\u201d button|Power Whip|p2a: Clefable\n|-damage|p2a: Clefable|10\/100\n|move|p2a: Clefable|Stealth Rock|p1a: \u201cI win\u201d button\n|-sidestart|p1: SDK04|move: Stealth Rock\n|\n|-heal|p2a: Clefable|16\/100|[from] item: Leftovers\n|-damage|p1a: \u201cI win\u201d button|41\/100 tox|[from] psn\n|upkeep\n|turn|15\n|\n|t:|1700032951\n|switch|p2a: Dondozo|Dondozo, M|38\/100\n|move|p1a: \u201cI win\u201d button|Ivy Cudgel|p2a: Dondozo|[anim] Ivy Cudgel Water\n|-resisted|p2a: Dondozo\n|-damage|p2a: Dondozo|19\/100\n|\n|-heal|p2a: Dondozo|26\/100|[from] item: Leftovers\n|-damage|p1a: \u201cI win\u201d button|11\/100 tox|[from] psn\n|upkeep\n|turn|16\n|inactive|dam im banned has 270 seconds left.\n|\n|t:|1700032962\n|switch|p2a: Corviknight|Corviknight, F|100\/100\n|-ability|p2a: Corviknight|Pressure\n|move|p1a: \u201cI win\u201d button|Power Whip|p2a: Corviknight\n|-resisted|p2a: Corviknight\n|-damage|p2a: Corviknight|87\/100\n|\n|-heal|p2a: Corviknight|93\/100|[from] item: Leftovers\n|-damage|p1a: \u201cI win\u201d button|0 fnt|[from] psn\n|faint|p1a: \u201cI win\u201d button\n|upkeep\n|\n|t:|1700032966\n|switch|p1a: cool window|Ninetales-Alola, M|46\/100\n|-status|p1a: cool window|tox\n|-damage|p1a: cool window|21\/100 tox|[from] Stealth Rock\n|-weather|Snow|[from] ability: Snow Warning|[of] p1a: cool window\n|turn|17\n|c| Phaoryx|sdk gettin trolled\n|\n|t:|1700032975\n|move|p1a: cool window|Aurora Veil|p1a: cool window\n|-sidestart|p1: SDK04|move: Aurora Veil\n|move|p2a: Corviknight|Agility|p2a: Corviknight\n|-boost|p2a: Corviknight|spe|2\n|\n|-weather|Snow|[upkeep]\n|-heal|p2a: Corviknight|99\/100|[from] item: Leftovers\n|-damage|p1a: cool window|15\/100 tox|[from] psn\n|upkeep\n|turn|18\n|c| Phaoryx|oh shit\n|c| Phaoryx|that corv is fast af boyyyyy\n|inactive|dam im banned has 270 seconds left.\n|\n|t:|1700032992\n|move|p1a: cool window|Encore|p2a: Corviknight\n|-start|p2a: Corviknight|Encore\n|move|p2a: Corviknight|Agility|p2a: Corviknight\n|-boost|p2a: Corviknight|spe|2\n|\n|-weather|Snow|[upkeep]\n|-heal|p2a: Corviknight|100\/100|[from] item: Leftovers\n|-damage|p1a: cool window|3\/100 tox|[from] psn\n|upkeep\n|turn|19\n|c| Phaoryx|damn now he really fast\n|inactive|dam im banned has 270 seconds left.\n|\n|t:|1700033004\n|switch|p2a: Heatran|Heatran, M|100\/100\n|move|p1a: cool window|Freeze-Dry|p2a: Heatran\n|-resisted|p2a: Heatran\n|-damage|p2a: Heatran|96\/100\n|\n|-weather|Snow|[upkeep]\n|-heal|p2a: Heatran|100\/100|[from] item: Leftovers\n|-damage|p1a: cool window|0 fnt|[from] psn\n|faint|p1a: cool window\n|upkeep\n|\n|t:|1700033007\n|switch|p1a: I miss Himiko\u2026|Salamence, M|100\/100\n|turn|20\n|inactive|dam im banned has 270 seconds left.\n|\n|t:|1700033023\n|switch|p2a: Corviknight|Corviknight, F|100\/100\n|-ability|p2a: Corviknight|Pressure\n|move|p1a: I miss Himiko\u2026|Dragon Dance|p1a: I miss Himiko\u2026\n|-boost|p1a: I miss Himiko\u2026|atk|1\n|-boost|p1a: I miss Himiko\u2026|spe|1\n|\n|-weather|Snow|[upkeep]\n|upkeep\n|turn|21\n|\n|t:|1700033027\n|move|p1a: I miss Himiko\u2026|Dragon Dance|p1a: I miss Himiko\u2026\n|-boost|p1a: I miss Himiko\u2026|atk|1\n|-boost|p1a: I miss Himiko\u2026|spe|1\n|move|p2a: Corviknight|Agility|p2a: Corviknight\n|-boost|p2a: Corviknight|spe|2\n|\n|-weather|none\n|upkeep\n|turn|22\n|\n|t:|1700033030\n|move|p1a: I miss Himiko\u2026|Dragon Dance|p1a: I miss Himiko\u2026\n|-boost|p1a: I miss Himiko\u2026|atk|1\n|-boost|p1a: I miss Himiko\u2026|spe|1\n|move|p2a: Corviknight|Agility|p2a: Corviknight\n|-boost|p2a: Corviknight|spe|2\n|\n|upkeep\n|turn|23\n|\n|t:|1700033031\n|move|p1a: I miss Himiko\u2026|Dragon Dance|p1a: I miss Himiko\u2026\n|-boost|p1a: I miss Himiko\u2026|atk|1\n|-boost|p1a: I miss Himiko\u2026|spe|1\n|move|p2a: Corviknight|Bulk Up|p2a: Corviknight\n|-boost|p2a: Corviknight|atk|1\n|-boost|p2a: Corviknight|def|1\n|\n|upkeep\n|turn|24\n|\n|t:|1700033034\n|move|p1a: I miss Himiko\u2026|Dragon Dance|p1a: I miss Himiko\u2026\n|-boost|p1a: I miss Himiko\u2026|atk|1\n|-boost|p1a: I miss Himiko\u2026|spe|1\n|move|p2a: Corviknight|Bulk Up|p2a: Corviknight\n|-boost|p2a: Corviknight|atk|1\n|-boost|p2a: Corviknight|def|1\n|\n|-sideend|p1: SDK04|move: Aurora Veil\n|upkeep\n|turn|25\n|c| Phaoryx|if youre gonna use a ddance flying dragon with boots, why not dnite?\n|\n|t:|1700033040\n|move|p1a: I miss Himiko\u2026|Dual Wingbeat|p2a: Corviknight\n|-resisted|p2a: Corviknight\n|-damage|p2a: Corviknight|84\/100\n|-resisted|p2a: Corviknight\n|-damage|p2a: Corviknight|67\/100\n|-hitcount|p2a: Corviknight|2\n|move|p2a: Corviknight|Power Trip|p1a: I miss Himiko\u2026\n|-damage|p1a: I miss Himiko\u2026|20\/100\n|\n|-heal|p2a: Corviknight|73\/100|[from] item: Leftovers\n|upkeep\n|turn|26\n|\n|t:|1700033045\n|move|p1a: I miss Himiko\u2026|Dual Wingbeat|p2a: Corviknight\n|-resisted|p2a: Corviknight\n|-damage|p2a: Corviknight|55\/100\n|-resisted|p2a: Corviknight\n|-damage|p2a: Corviknight|39\/100\n|-hitcount|p2a: Corviknight|2\n|move|p2a: Corviknight|Power Trip|p1a: I miss Himiko\u2026\n|-damage|p1a: I miss Himiko\u2026|0 fnt\n|faint|p1a: I miss Himiko\u2026\n|\n|-heal|p2a: Corviknight|45\/100|[from] item: Leftovers\n|upkeep\n|\n|t:|1700033049\n|switch|p1a: Bannable Offense|Kingambit, M|100\/100\n|-damage|p1a: Bannable Offense|94\/100|[from] Stealth Rock\n|-activate|p1a: Bannable Offense|ability: Supreme Overlord\n|-start|p1a: Bannable Offense|fallen4|[silent]\n|turn|27\n|c| Phaoryx|stored power corv? no way\n|\n|t:|1700033053\n|move|p1a: Bannable Offense|Sucker Punch||[still]\n|-fail|p1a: Bannable Offense\n|move|p2a: Corviknight|Roost|p2a: Corviknight\n|-heal|p2a: Corviknight|95\/100\n|-singleturn|p2a: Corviknight|move: Roost\n|\n|-heal|p2a: Corviknight|100\/100|[from] item: Leftovers\n|-heal|p1a: Bannable Offense|100\/100|[from] item: Leftovers\n|upkeep\n|turn|28\n|\n|t:|1700033057\n|move|p2a: Corviknight|Bulk Up|p2a: Corviknight\n|-boost|p2a: Corviknight|atk|1\n|-boost|p2a: Corviknight|def|1\n|move|p1a: Bannable Offense|Swords Dance|p1a: Bannable Offense\n|-boost|p1a: Bannable Offense|atk|2\n|\n|upkeep\n|turn|29\n|\n|t:|1700033064\n|move|p2a: Corviknight|Power Trip|p1a: Bannable Offense\n|-resisted|p1a: Bannable Offense\n|-damage|p1a: Bannable Offense|52\/100\n|move|p1a: Bannable Offense|Swords Dance|p1a: Bannable Offense\n|-boost|p1a: Bannable Offense|atk|2\n|\n|-heal|p1a: Bannable Offense|58\/100|[from] item: Leftovers\n|upkeep\n|turn|30\n|\n|t:|1700033069\n|move|p2a: Corviknight|Bulk Up|p2a: Corviknight\n|-boost|p2a: Corviknight|atk|1\n|-boost|p2a: Corviknight|def|1\n|move|p1a: Bannable Offense|Swords Dance|p1a: Bannable Offense\n|-boost|p1a: Bannable Offense|atk|2\n|\n|-heal|p1a: Bannable Offense|65\/100|[from] item: Leftovers\n|upkeep\n|turn|31\n|\n|t:|1700033072\n|move|p2a: Corviknight|Power Trip|p1a: Bannable Offense\n|-resisted|p1a: Bannable Offense\n|-damage|p1a: Bannable Offense|0 fnt\n|faint|p1a: Bannable Offense\n|-end|p1a: Bannable Offense|fallen4|[silent]\n|\n|upkeep\n|\n|t:|1700033075\n|switch|p1a: Cheese Demon|Mew|100\/100\n|-status|p1a: Cheese Demon|tox\n|-damage|p1a: Cheese Demon|88\/100 tox|[from] Stealth Rock\n|turn|32\n|c|\u2606dam im banned|lmfao\n|c|\u2606SDK04|Well damn\n|c|\u2606SDK04|gg\n|c|\u2606SDK04|wp\n|\n|t:|1700033084\n|move|p2a: Corviknight|Power Trip|p1a: Cheese Demon\n|-supereffective|p1a: Cheese Demon\n|-damage|p1a: Cheese Demon|0 fnt\n|faint|p1a: Cheese Demon\n|\n|win|dam im banned\n","uploadtime":1700033094,"views":6,"p1id":"sdk04","p2id":"damimbanned","formatid":"gen9ou","rating":0,"private":0,"password":""}