{"id":"gen9ou-1994240577","p1":"diditdone","p2":"Vaz214","format":"[Gen 9] OU","log":"|j|\u2606diditdone\n|j|\u2606Vaz214\n|t:|1700422436\n|gametype|singles\n|player|p1|diditdone|will-gen2|1424\n|player|p2|Vaz214|265|1334\n|teamsize|p1|6\n|teamsize|p2|6\n|gen|9\n|tier|[Gen 9] OU\n|rated|\n|rule|Sleep Clause Mod: Limit one foe put to sleep\n|rule|Species Clause: Limit one of each Pok\u00e9mon\n|rule|OHKO Clause: OHKO moves are banned\n|rule|Evasion Items Clause: Evasion items are banned\n|rule|Evasion Moves Clause: Evasion moves are banned\n|rule|Endless Battle Clause: Forcing endless battles is banned\n|rule|HP Percentage Mod: HP is shown in percentages\n|clearpoke\n|poke|p1|Hatterene, F|\n|poke|p1|Rillaboom, F|\n|poke|p1|Sneasler, M|\n|poke|p1|Zamazenta-*|\n|poke|p1|Manaphy|\n|poke|p1|Heatran, M|\n|poke|p2|Landorus-Therian, M|\n|poke|p2|Clefable, F|\n|poke|p2|Skeledirge, F|\n|poke|p2|Dragapult, M|\n|poke|p2|Toxapex, M|\n|poke|p2|Corviknight, M|\n|teampreview\n|inactive|Battle timer is ON: inactive players will automatically lose when time's up. (requested by Vaz214)\n|\n|t:|1700422471\n|start\n|switch|p1a: Rillaboom|Rillaboom, F|100\/100\n|switch|p2a: Landorus|Landorus-Therian, M|100\/100\n|-fieldstart|move: Grassy Terrain|[from] ability: Grassy Surge|[of] p1a: Rillaboom\n|-ability|p2a: Landorus|Intimidate|boost\n|-unboost|p1a: Rillaboom|atk|1\n|turn|1\n|\n|t:|1700422486\n|move|p1a: Rillaboom|Knock Off|p2a: Landorus\n|-crit|p2a: Landorus\n|-damage|p2a: Landorus|42\/100\n|-damage|p1a: Rillaboom|84\/100|[from] item: Rocky Helmet|[of] p2a: Landorus\n|-enditem|p2a: Landorus|Rocky Helmet|[from] move: Knock Off|[of] p1a: Rillaboom\n|move|p2a: Landorus|U-turn|p1a: Rillaboom\n|-supereffective|p1a: Rillaboom\n|-damage|p1a: Rillaboom|31\/100\n|inactive|Vaz214 has 120 seconds left.\n|\n|t:|1700422507\n|switch|p2a: Corviknight|Corviknight, M|100\/100|[from] U-turn\n|-ability|p2a: Corviknight|Pressure\n|\n|-heal|p1a: Rillaboom|37\/100|[from] Grassy Terrain\n|upkeep\n|turn|2\n|\n|t:|1700422514\n|move|p1a: Rillaboom|Knock Off|p2a: Corviknight\n|-damage|p2a: Corviknight|79\/100\n|-damage|p1a: Rillaboom|21\/100|[from] item: Rocky Helmet|[of] p2a: Corviknight\n|-enditem|p2a: Corviknight|Rocky Helmet|[from] move: Knock Off|[of] p1a: Rillaboom\n|move|p2a: Corviknight|U-turn|p1a: Rillaboom\n|-supereffective|p1a: Rillaboom\n|-damage|p1a: Rillaboom|0 fnt\n|faint|p1a: Rillaboom\n|inactive|Vaz214 has 120 seconds left.\n|\n|t:|1700422524\n|switch|p2a: Landorus|Landorus-Therian, M|42\/100|[from] U-turn\n|\n|upkeep\n|\n|t:|1700422554\n|switch|p1a: Sneasler|Sneasler, M|100\/100\n|-enditem|p1a: Sneasler|Grassy Seed\n|-boost|p1a: Sneasler|def|1|[from] item: Grassy Seed\n|turn|3\n|\n|t:|1700422563\n|switch|p2a: Toxapex|Toxapex, M|100\/100\n|move|p1a: Sneasler|Swords Dance|p1a: Sneasler\n|-boost|p1a: Sneasler|atk|2\n|\n|upkeep\n|turn|4\n|\n|t:|1700422577\n|-terastallize|p1a: Sneasler|Flying\n|move|p1a: Sneasler|Acrobatics|p2a: Toxapex\n|-damage|p2a: Toxapex|4\/100\n|move|p2a: Toxapex|Chilling Water|p1a: Sneasler\n|-damage|p1a: Sneasler|87\/100\n|-unboost|p1a: Sneasler|atk|1\n|\n|-heal|p2a: Toxapex|10\/100|[from] Grassy Terrain\n|upkeep\n|turn|5\n|\n|t:|1700422586\n|switch|p2a: Landorus|Landorus-Therian, M|42\/100\n|-ability|p2a: Landorus|Intimidate|boost\n|-unboost|p1a: Sneasler|atk|1\n|move|p1a: Sneasler|Swords Dance|p1a: Sneasler\n|-boost|p1a: Sneasler|atk|2\n|\n|-fieldend|move: Grassy Terrain\n|upkeep\n|turn|6\n|\n|t:|1700422598\n|move|p1a: Sneasler|Acrobatics|p2a: Landorus\n|-damage|p2a: Landorus|0 fnt\n|faint|p2a: Landorus\n|\n|upkeep\n|\n|t:|1700422614\n|switch|p2a: Dragapult|Dragapult, M|100\/100\n|turn|7\n|inactive|Vaz214 has 120 seconds left.\n|\n|t:|1700422643\n|move|p1a: Sneasler|Acrobatics|p2a: Dragapult\n|-damage|p2a: Dragapult|0 fnt\n|faint|p2a: Dragapult\n|\n|upkeep\n|inactive|Vaz214 has 120 seconds left.\n|c|\u2606diditdone|this is why this is getting banned\n|\n|t:|1700422661\n|switch|p2a: Corviknight|Corviknight, M|79\/100\n|-ability|p2a: Corviknight|Pressure\n|turn|8\n|\n|t:|1700422672\n|move|p1a: Sneasler|Close Combat|p2a: Corviknight\n|-damage|p2a: Corviknight|0 fnt\n|-unboost|p1a: Sneasler|def|1\n|-unboost|p1a: Sneasler|spd|1\n|faint|p2a: Corviknight\n|\n|upkeep\n|\n|t:|1700422686\n|switch|p2a: Toxapex|Toxapex, M|44\/100\n|turn|9\n|\n|t:|1700422696\n|switch|p2a: Clefable|Clefable, F|100\/100\n|move|p1a: Sneasler|Acrobatics|p2a: Clefable\n|-damage|p2a: Clefable|1\/100\n|\n|-heal|p2a: Clefable|7\/100|[from] item: Leftovers\n|upkeep\n|turn|10\n|-message|Vaz214 forfeited.\n|\n|win|diditdone\n|raw|diditdone's rating: 1424 &rarr; <strong>1439<\/strong><br \/>(+15 for winning)\n|raw|Vaz214's rating: 1334 &rarr; <strong>1319<\/strong><br \/>(-15 for losing)\n|l|\u2606Vaz214\n","uploadtime":1700422707,"views":23,"p1id":"diditdone","p2id":"vaz214","formatid":"gen9ou","rating":1319,"private":0,"password":""}