{"id":"gen9ou-1988351043","p1":"Barbers2096","p2":"Tripledeluxer","format":"[Gen 9] OU","log":"|j|\u2606Barbers2096\n|j|\u2606Tripledeluxer\n|t:|1699712533\n|gametype|singles\n|player|p1|Barbers2096|169|1265\n|player|p2|Tripledeluxer|riley|1227\n|teamsize|p1|6\n|teamsize|p2|6\n|gen|9\n|tier|[Gen 9] OU\n|rated|\n|rule|Sleep Clause Mod: Limit one foe put to sleep\n|rule|Species Clause: Limit one of each Pok\u00e9mon\n|rule|OHKO Clause: OHKO moves are banned\n|rule|Evasion Items Clause: Evasion items are banned\n|rule|Evasion Moves Clause: Evasion moves are banned\n|rule|Endless Battle Clause: Forcing endless battles is banned\n|rule|HP Percentage Mod: HP is shown in percentages\n|clearpoke\n|poke|p1|Muk-Alola, F|\n|poke|p1|Hatterene, F|\n|poke|p1|Garchomp, M|\n|poke|p1|Magcargo, F|\n|poke|p1|Slowking, M|\n|poke|p1|Ursaluna, M|\n|poke|p2|Zweilous, M|\n|poke|p2|Landorus-Therian, M|\n|poke|p2|Flapple, M|\n|poke|p2|Ceruledge, M|\n|poke|p2|Empoleon, M|\n|poke|p2|Iron Valiant|\n|teampreview\n|\n|t:|1699712539\n|start\n|switch|p1a: Muk|Muk-Alola, F|100\/100\n|switch|p2a: Landorus|Landorus-Therian, M|100\/100\n|-ability|p2a: Landorus|Intimidate|boost\n|-unboost|p1a: Muk|atk|1\n|turn|1\n|\n|t:|1699712552\n|switch|p1a: Hatterene|Hatterene, F|100\/100\n|move|p2a: Landorus|Gravity|p2a: Landorus\n|-fieldstart|move: Gravity\n|\n|upkeep\n|turn|2\n|inactive|Battle timer is ON: inactive players will automatically lose when time's up. (requested by Barbers2096)\n|\n|t:|1699712557\n|move|p2a: Landorus|U-turn|p1a: Hatterene\n|-damage|p1a: Hatterene|78\/100\n|\n|t:|1699712559\n|switch|p2a: Zweilous|Zweilous, M|100\/100|[from] U-turn\n|move|p1a: Hatterene|Trick Room|p1a: Hatterene\n|-fieldstart|move: Trick Room|[of] p1a: Hatterene\n|\n|-heal|p1a: Hatterene|84\/100|[from] item: Leftovers\n|upkeep\n|turn|3\n|\n|t:|1699712569\n|switch|p1a: Muk|Muk-Alola, F|100\/100\n|-terastallize|p2a: Zweilous|Rock\n|move|p2a: Zweilous|Head Smash|p1a: Muk\n|-damage|p1a: Muk|0 fnt\n|faint|p1a: Muk\n|-damage|p2a: Zweilous|37\/100|[from] Recoil\n|\n|upkeep\n|\n|t:|1699712582\n|switch|p1a: Hatterene|Hatterene, F|84\/100\n|turn|4\n|\n|t:|1699712587\n|switch|p2a: Empoleon|Empoleon, M|100\/100\n|move|p1a: Hatterene|Psychic|p2a: Empoleon\n|-resisted|p2a: Empoleon\n|-damage|p2a: Empoleon|84\/100\n|\n|-heal|p1a: Hatterene|89\/100|[from] item: Leftovers\n|upkeep\n|turn|5\n|\n|t:|1699712608\n|switch|p1a: Ursaluna|Ursaluna, M|100\/100\n|move|p2a: Empoleon|Flip Turn|p1a: Ursaluna\n|-supereffective|p1a: Ursaluna\n|-damage|p1a: Ursaluna|78\/100\n|\n|t:|1699712613\n|switch|p2a: Landorus|Landorus-Therian, M|100\/100|[from] Flip Turn\n|-ability|p2a: Landorus|Intimidate|boost\n|-unboost|p1a: Ursaluna|atk|1\n|\n|-fieldend|move: Gravity\n|-status|p1a: Ursaluna|brn|[from] item: Flame Orb\n|upkeep\n|turn|6\n|\n|t:|1699712622\n|move|p1a: Ursaluna|Facade|p2a: Landorus\n|-damage|p2a: Landorus|14\/100\n|move|p2a: Landorus|Gravity|p2a: Landorus\n|-fieldstart|move: Gravity\n|\n|-heal|p2a: Landorus|20\/100|[from] item: Leftovers\n|-damage|p1a: Ursaluna|72\/100 brn|[from] brn\n|-fieldend|move: Trick Room\n|upkeep\n|turn|7\n|\n|t:|1699712634\n|switch|p1a: Slowking|Slowking, M|100\/100\n|move|p2a: Landorus|Earthquake|p1a: Slowking\n|-damage|p1a: Slowking|51\/100\n|\n|-heal|p2a: Landorus|26\/100|[from] item: Leftovers\n|-heal|p1a: Slowking|57\/100|[from] item: Leftovers\n|upkeep\n|turn|8\n|\n|t:|1699712643\n|switch|p1a: Magcargo|Magcargo, F|100\/100\n|move|p2a: Landorus|U-turn|p1a: Magcargo\n|-resisted|p1a: Magcargo\n|-damage|p1a: Magcargo|93\/100\n|-damage|p2a: Landorus|9\/100|[from] item: Rocky Helmet|[of] p1a: Magcargo\n|-status|p2a: Landorus|brn|[from] ability: Flame Body|[of] p1a: Magcargo\n|\n|t:|1699712647\n|switch|p2a: Zweilous|Zweilous, M, tera:Rock|37\/100|[from] U-turn\n|\n|upkeep\n|turn|9\n|\n|t:|1699712664\n|move|p2a: Zweilous|Head Smash|p1a: Magcargo\n|-supereffective|p1a: Magcargo\n|-damage|p1a: Magcargo|0 fnt\n|-damage|p2a: Zweilous|20\/100|[from] item: Rocky Helmet|[of] p1a: Magcargo\n|-status|p2a: Zweilous|brn|[from] ability: Flame Body|[of] p1a: Magcargo\n|faint|p1a: Magcargo\n|-damage|p2a: Zweilous|0 fnt|[from] Recoil\n|faint|p2a: Zweilous\n|\n|upkeep\n|\n|t:|1699712674\n|switch|p2a: Flapple|Flapple, M|100\/100\n|switch|p1a: Garchomp|Garchomp, M|100\/100\n|turn|10\n|\n|t:|1699712693\n|-terastallize|p1a: Garchomp|Ice\n|move|p2a: Flapple|Grav Apple|p1a: Garchomp\n|-damage|p1a: Garchomp|10\/100\n|-unboost|p1a: Garchomp|def|1\n|-enditem|p1a: Garchomp|Air Balloon\n|move|p1a: Garchomp|Scale Shot|p2a: Flapple\n|-supereffective|p2a: Flapple\n|-damage|p2a: Flapple|57\/100\n|-supereffective|p2a: Flapple\n|-damage|p2a: Flapple|17\/100\n|-supereffective|p2a: Flapple\n|-damage|p2a: Flapple|0 fnt\n|faint|p2a: Flapple\n|-hitcount|p2: Flapple|3\n|-unboost|p1a: Garchomp|def|1\n|-boost|p1a: Garchomp|spe|1\n|\n|-fieldend|move: Gravity\n|upkeep\n|\n|t:|1699712698\n|switch|p2a: Empoleon|Empoleon, M|84\/100\n|turn|11\n|\n|t:|1699712715\n|move|p2a: Empoleon|Vacuum Wave|p1a: Garchomp\n|-supereffective|p1a: Garchomp\n|-damage|p1a: Garchomp|0 fnt\n|faint|p1a: Garchomp\n|\n|upkeep\n|\n|t:|1699712722\n|switch|p1a: Slowking|Slowking, M|90\/100\n|turn|12\n|\n|t:|1699712727\n|move|p2a: Empoleon|Ice Beam|p1a: Slowking\n|-resisted|p1a: Slowking\n|-damage|p1a: Slowking|84\/100\n|move|p1a: Slowking|Trick Room|p1a: Slowking\n|-fieldstart|move: Trick Room|[of] p1a: Slowking\n|\n|-heal|p1a: Slowking|90\/100|[from] item: Leftovers\n|upkeep\n|turn|13\n|\n|t:|1699712735\n|move|p1a: Slowking|Future Sight|p2a: Empoleon\n|-start|p1a: Slowking|move: Future Sight\n|move|p2a: Empoleon|Ice Beam|p1a: Slowking\n|-resisted|p1a: Slowking\n|-damage|p1a: Slowking|84\/100\n|\n|-heal|p1a: Slowking|90\/100|[from] item: Leftovers\n|upkeep\n|turn|14\n|\n|t:|1699712745\n|move|p1a: Slowking|Yawn|p2a: Empoleon\n|-start|p2a: Empoleon|move: Yawn|[of] p1a: Slowking\n|move|p2a: Empoleon|Ice Beam|p1a: Slowking\n|-resisted|p1a: Slowking\n|-damage|p1a: Slowking|83\/100\n|\n|-heal|p1a: Slowking|89\/100|[from] item: Leftovers\n|upkeep\n|turn|15\n|\n|t:|1699712754\n|move|p1a: Slowking|Ice Beam|p2a: Empoleon\n|-resisted|p2a: Empoleon\n|-crit|p2a: Empoleon\n|-damage|p2a: Empoleon|79\/100\n|move|p2a: Empoleon|Flip Turn|p1a: Slowking\n|-resisted|p1a: Slowking\n|-damage|p1a: Slowking|80\/100\n|\n|t:|1699712757\n|switch|p2a: Landorus|Landorus-Therian, M|9\/100 brn|[from] Flip Turn\n|-ability|p2a: Landorus|Intimidate|boost\n|-unboost|p1a: Slowking|atk|1\n|\n|-end|p2a: Landorus|move: Future Sight\n|-damage|p2a: Landorus|0 fnt\n|faint|p2a: Landorus\n|-heal|p1a: Slowking|87\/100|[from] item: Leftovers\n|upkeep\n|\n|t:|1699712759\n|switch|p2a: Iron Valiant|Iron Valiant|100\/100\n|-enditem|p2a: Iron Valiant|Booster Energy\n|-activate|p2a: Iron Valiant|ability: Quark Drive|[fromitem]\n|-start|p2a: Iron Valiant|quarkdrivespe\n|turn|16\n|\n|t:|1699712776\n|move|p1a: Slowking|Yawn|p2a: Iron Valiant\n|-start|p2a: Iron Valiant|move: Yawn|[of] p1a: Slowking\n|move|p2a: Iron Valiant|Calm Mind|p2a: Iron Valiant\n|-boost|p2a: Iron Valiant|spa|1\n|-boost|p2a: Iron Valiant|spd|1\n|\n|-heal|p1a: Slowking|93\/100|[from] item: Leftovers\n|-fieldend|move: Trick Room\n|upkeep\n|turn|17\n|\n|t:|1699712784\n|move|p2a: Iron Valiant|Thunderbolt|p1a: Slowking\n|-supereffective|p1a: Slowking\n|-damage|p1a: Slowking|43\/100\n|move|p1a: Slowking|Trick Room|p1a: Slowking\n|-fieldstart|move: Trick Room|[of] p1a: Slowking\n|\n|-heal|p1a: Slowking|49\/100|[from] item: Leftovers\n|-end|p2a: Iron Valiant|move: Yawn|[silent]\n|-status|p2a: Iron Valiant|slp\n|upkeep\n|turn|18\n|\n|t:|1699712793\n|move|p1a: Slowking|Future Sight|p2a: Iron Valiant\n|-start|p1a: Slowking|move: Future Sight\n|cant|p2a: Iron Valiant|slp\n|\n|-heal|p1a: Slowking|55\/100|[from] item: Leftovers\n|upkeep\n|turn|19\n|\n|t:|1699712799\n|switch|p1a: Ursaluna|Ursaluna, M|72\/100 brn\n|-curestatus|p2a: Iron Valiant|slp|[msg]\n|move|p2a: Iron Valiant|Moonblast|p1a: Ursaluna\n|-damage|p1a: Ursaluna|10\/100 brn\n|\n|-damage|p1a: Ursaluna|4\/100 brn|[from] brn\n|upkeep\n|turn|20\n|\n|t:|1699712813\n|move|p1a: Ursaluna|Earthquake|p2a: Iron Valiant\n|-damage|p2a: Iron Valiant|0 fnt\n|faint|p2a: Iron Valiant\n|-end|p2a: Iron Valiant|Quark Drive|[silent]\n|\n|-hint|Future Sight did not hit because the target is fainted.\n|-damage|p1a: Ursaluna|0 fnt|[from] brn\n|faint|p1a: Ursaluna\n|upkeep\n|\n|t:|1699712821\n|switch|p1a: Slowking|Slowking, M|88\/100\n|switch|p2a: Ceruledge|Ceruledge, M|100\/100\n|turn|21\n|\n|t:|1699712827\n|move|p1a: Slowking|Yawn|p2a: Ceruledge\n|-start|p2a: Ceruledge|move: Yawn|[of] p1a: Slowking\n|move|p2a: Ceruledge|Poltergeist|p1a: Slowking\n|-activate|p1a: Slowking|move: Poltergeist|Leftovers\n|-supereffective|p1a: Slowking\n|-damage|p1a: Slowking|0 fnt\n|faint|p1a: Slowking\n|\n|-fieldend|move: Trick Room\n|upkeep\n|\n|t:|1699712837\n|switch|p1a: Hatterene|Hatterene, F|89\/100\n|turn|22\n|\n|t:|1699712841\n|move|p2a: Ceruledge|Poltergeist|p1a: Hatterene|[miss]\n|-miss|p2a: Ceruledge|p1a: Hatterene\n|move|p1a: Hatterene|Trick Room|p1a: Hatterene\n|-fieldstart|move: Trick Room|[of] p1a: Hatterene\n|\n|-heal|p1a: Hatterene|95\/100|[from] item: Leftovers\n|-end|p2a: Ceruledge|move: Yawn|[silent]\n|-status|p2a: Ceruledge|slp\n|upkeep\n|turn|23\n|\n|t:|1699712851\n|switch|p2a: Empoleon|Empoleon, M|79\/100\n|move|p1a: Hatterene|Psychic|p2a: Empoleon\n|-resisted|p2a: Empoleon\n|-damage|p2a: Empoleon|60\/100\n|\n|-heal|p1a: Hatterene|100\/100|[from] item: Leftovers\n|upkeep\n|turn|24\n|\n|t:|1699712859\n|move|p1a: Hatterene|Mystical Fire|p2a: Empoleon\n|-damage|p2a: Empoleon|41\/100\n|move|p2a: Empoleon|Roost|p2a: Empoleon\n|-heal|p2a: Empoleon|91\/100\n|-singleturn|p2a: Empoleon|move: Roost\n|\n|upkeep\n|turn|25\n|\n|t:|1699712865\n|move|p1a: Hatterene|Mystical Fire|p2a: Empoleon\n|-damage|p2a: Empoleon|70\/100\n|move|p2a: Empoleon|Ice Beam|p1a: Hatterene\n|-damage|p1a: Hatterene|75\/100\n|\n|-heal|p1a: Hatterene|81\/100|[from] item: Leftovers\n|upkeep\n|turn|26\n|\n|t:|1699712874\n|move|p1a: Hatterene|Psychic|p2a: Empoleon\n|-resisted|p2a: Empoleon\n|-damage|p2a: Empoleon|52\/100\n|move|p2a: Empoleon|Flip Turn|p1a: Hatterene\n|-damage|p1a: Hatterene|64\/100\n|\n|t:|1699712876\n|switch|p2a: Ceruledge|Ceruledge, M|100\/100 slp|[from] Flip Turn\n|\n|-heal|p1a: Hatterene|70\/100|[from] item: Leftovers\n|-fieldend|move: Trick Room\n|upkeep\n|turn|27\n|-message|Barbers2096 forfeited.\n|\n|win|Tripledeluxer\n|raw|Barbers2096's rating: 1265 &rarr; <strong>1237<\/strong><br \/>(-28 for losing)\n|raw|Tripledeluxer's rating: 1227 &rarr; <strong>1255<\/strong><br \/>(+28 for winning)\n|l|\u2606Barbers2096\n","uploadtime":1699712914,"views":35,"p1id":"barbers2096","p2id":"tripledeluxer","formatid":"gen9ou","rating":1237,"private":0,"password":""}