{"id":"gen9ou-1997050783","p1":"thedebatablereaper","p2":"Steez Ibanez","format":"[Gen 9] OU","log":"|j|\u2606thedebatablereaper\n|j|\u2606Steez Ibanez\n|t:|1700759549\n|gametype|singles\n|player|p1|thedebatablereaper|170|1820\n|player|p2|Steez Ibanez|lance-gen2|1893\n|teamsize|p1|6\n|teamsize|p2|6\n|gen|9\n|tier|[Gen 9] OU\n|rated|\n|rule|Sleep Clause Mod: Limit one foe put to sleep\n|rule|Species Clause: Limit one of each Pok\u00e9mon\n|rule|OHKO Clause: OHKO moves are banned\n|rule|Evasion Items Clause: Evasion items are banned\n|rule|Evasion Moves Clause: Evasion moves are banned\n|rule|Endless Battle Clause: Forcing endless battles is banned\n|rule|HP Percentage Mod: HP is shown in percentages\n|clearpoke\n|poke|p1|Gholdengo|\n|poke|p1|Garganacl, F|\n|poke|p1|Ogerpon-Wellspring, F|\n|poke|p1|Kingambit, F|\n|poke|p1|Zapdos-Galar|\n|poke|p1|Iron Valiant|\n|poke|p2|Dragapult, M|\n|poke|p2|Zapdos|\n|poke|p2|Kingambit, M|\n|poke|p2|Iron Moth|\n|poke|p2|Ting-Lu|\n|poke|p2|Samurott-Hisui, M|\n|teampreview\n|\n|t:|1700759599\n|start\n|switch|p1a: Zapdos|Zapdos-Galar|100\/100\n|switch|p2a: Toothless|Dragapult, M|100\/100\n|turn|1\n|inactive|Battle timer is ON: inactive players will automatically lose when time's up. (requested by Steez Ibanez)\n|\n|t:|1700759604\n|switch|p1a: Kingambit|Kingambit, F|100\/100\n|move|p2a: Toothless|U-turn|p1a: Kingambit\n|-damage|p1a: Kingambit|83\/100\n|\n|t:|1700759608\n|switch|p2a: Amaterasu|Iron Moth|100\/100|[from] U-turn\n|\n|upkeep\n|turn|2\n|\n|t:|1700759613\n|-end|p1a: Kingambit|fallenundefined|[silent]\n|switch|p1a: Garganacl|Garganacl, F|100\/100\n|move|p2a: Amaterasu|Toxic Spikes|p1a: Garganacl\n|-sidestart|p1: thedebatablereaper|move: Toxic Spikes\n|\n|upkeep\n|turn|3\n|\n|t:|1700759620\n|-end|p2a: Amaterasu|Quark Drive|[silent]\n|switch|p2a: Clicker|Ting-Lu|100\/100\n|-ability|p2a: Clicker|Vessel of Ruin\n|move|p1a: Garganacl|Stealth Rock|p2a: Clicker\n|-sidestart|p2: Steez Ibanez|move: Stealth Rock\n|\n|upkeep\n|turn|4\n|\n|t:|1700759629\n|switch|p1a: Zapdos|Zapdos-Galar|100\/100\n|move|p2a: Clicker|Stealth Rock|p1a: Zapdos\n|-sidestart|p1: thedebatablereaper|move: Stealth Rock\n|\n|upkeep\n|turn|5\n|\n|t:|1700759637\n|switch|p2a: Zeus|Zapdos|100\/100\n|move|p1a: Zapdos|Knock Off|p2a: Zeus\n|-damage|p2a: Zeus|52\/100\n|-enditem|p2a: Zeus|Heavy-Duty Boots|[from] move: Knock Off|[of] p1a: Zapdos\n|\n|upkeep\n|turn|6\n|\n|t:|1700759645\n|switch|p1a: Garganacl|Garganacl, F|100\/100\n|-damage|p1a: Garganacl|88\/100|[from] Stealth Rock\n|move|p2a: Zeus|Roost|p2a: Zeus\n|-heal|p2a: Zeus|100\/100\n|-singleturn|p2a: Zeus|move: Roost\n|\n|-heal|p1a: Garganacl|94\/100|[from] item: Leftovers\n|upkeep\n|turn|7\n|\n|t:|1700759662\n|move|p2a: Zeus|Volt Switch|p1a: Garganacl\n|-damage|p1a: Garganacl|72\/100\n|\n|t:|1700759673\n|switch|p2a: Clicker|Ting-Lu|100\/100|[from] Volt Switch\n|-damage|p2a: Clicker|94\/100|[from] Stealth Rock\n|-ability|p2a: Clicker|Vessel of Ruin\n|move|p1a: Garganacl|Salt Cure|p2a: Clicker\n|-resisted|p2a: Clicker\n|-damage|p2a: Clicker|91\/100\n|-start|p2a: Clicker|Salt Cure\n|\n|-heal|p2a: Clicker|97\/100|[from] item: Leftovers\n|-heal|p1a: Garganacl|78\/100|[from] item: Leftovers\n|-damage|p2a: Clicker|85\/100|[from] Salt Cure\n|upkeep\n|turn|8\n|\n|t:|1700759693\n|switch|p1a: Ogerpon|Ogerpon-Wellspring, F|100\/100\n|-status|p1a: Ogerpon|psn\n|-damage|p1a: Ogerpon|88\/100 psn|[from] Stealth Rock\n|move|p2a: Clicker|Whirlwind|p1a: Ogerpon\n|drag|p1a: Gholdengo|Gholdengo|100\/100\n|-damage|p1a: Gholdengo|94\/100|[from] Stealth Rock\n|\n|-heal|p1a: Gholdengo|100\/100|[from] item: Leftovers\n|-heal|p2a: Clicker|91\/100|[from] item: Leftovers\n|-damage|p2a: Clicker|78\/100|[from] Salt Cure\n|upkeep\n|turn|9\n|\n|t:|1700759706\n|switch|p2a: Amaterasu|Iron Moth|100\/100\n|move|p1a: Gholdengo|Make It Rain|p2a: Amaterasu\n|-resisted|p2a: Amaterasu\n|-damage|p2a: Amaterasu|73\/100\n|-unboost|p1a: Gholdengo|spa|1\n|\n|upkeep\n|turn|10\n|\n|t:|1700759715\n|move|p2a: Amaterasu|Morning Sun|p2a: Amaterasu\n|-heal|p2a: Amaterasu|100\/100\n|move|p1a: Gholdengo|Thunder Wave|p2a: Amaterasu\n|-status|p2a: Amaterasu|par\n|\n|upkeep\n|turn|11\n|\n|t:|1700759727\n|switch|p1a: Garganacl|Garganacl, F|78\/100\n|-damage|p1a: Garganacl|66\/100|[from] Stealth Rock\n|-end|p2a: Amaterasu|Quark Drive|[silent]\n|switch|p2a: Darth Tyranus|Samurott-Hisui, M|100\/100\n|\n|-heal|p1a: Garganacl|72\/100|[from] item: Leftovers\n|upkeep\n|turn|12\n|j| galacman\n|\n|t:|1700759742\n|move|p2a: Darth Tyranus|Ceaseless Edge|p1a: Garganacl\n|-damage|p1a: Garganacl|48\/100\n|-sidestart|p1: thedebatablereaper|Spikes\n|move|p1a: Garganacl|Salt Cure|p2a: Darth Tyranus\n|-damage|p2a: Darth Tyranus|84\/100\n|-start|p2a: Darth Tyranus|Salt Cure\n|\n|-heal|p1a: Garganacl|54\/100|[from] item: Leftovers\n|-damage|p2a: Darth Tyranus|59\/100|[from] Salt Cure\n|upkeep\n|turn|13\n|\n|t:|1700759757\n|move|p1a: Garganacl|Protect|p1a: Garganacl\n|-singleturn|p1a: Garganacl|Protect\n|move|p2a: Darth Tyranus|Ceaseless Edge|p1a: Garganacl\n|-activate|p1a: Garganacl|move: Protect\n|\n|-heal|p1a: Garganacl|61\/100|[from] item: Leftovers\n|-damage|p2a: Darth Tyranus|34\/100|[from] Salt Cure\n|upkeep\n|turn|14\n|\n|t:|1700759766\n|switch|p2a: Clicker|Ting-Lu|78\/100\n|-damage|p2a: Clicker|72\/100|[from] Stealth Rock\n|-ability|p2a: Clicker|Vessel of Ruin\n|move|p1a: Garganacl|Recover|p1a: Garganacl\n|-heal|p1a: Garganacl|100\/100\n|\n|-heal|p2a: Clicker|78\/100|[from] item: Leftovers\n|upkeep\n|turn|15\n|\n|t:|1700759776\n|switch|p1a: Ogerpon|Ogerpon-Wellspring, F|88\/100 psn\n|-damage|p1a: Ogerpon|76\/100 psn|[from] Stealth Rock\n|-damage|p1a: Ogerpon|64\/100 psn|[from] Spikes\n|move|p2a: Clicker|Earthquake|p1a: Ogerpon\n|-resisted|p1a: Ogerpon\n|-damage|p1a: Ogerpon|40\/100 psn\n|\n|-heal|p2a: Clicker|85\/100|[from] item: Leftovers\n|-damage|p1a: Ogerpon|28\/100 psn|[from] psn\n|upkeep\n|turn|16\n|\n|t:|1700759792\n|switch|p2a: Toothless|Dragapult, M|100\/100\n|move|p1a: Ogerpon|Knock Off|p2a: Toothless\n|-supereffective|p2a: Toothless\n|-damage|p2a: Toothless|0 fnt\n|-enditem|p2a: Toothless|Heavy-Duty Boots|[from] move: Knock Off|[of] p1a: Ogerpon\n|faint|p2a: Toothless\n|\n|-damage|p1a: Ogerpon|15\/100 psn|[from] psn\n|upkeep\n|\n|t:|1700759796\n|switch|p2a: Darth Tyranus|Samurott-Hisui, M|34\/100\n|turn|17\n|\n|t:|1700759807\n|move|p2a: Darth Tyranus|Sucker Punch|p1a: Ogerpon\n|-damage|p1a: Ogerpon|0 fnt\n|faint|p1a: Ogerpon\n|\n|upkeep\n|\n|t:|1700759813\n|switch|p1a: Zapdos|Zapdos-Galar|100\/100\n|-damage|p1a: Zapdos|88\/100|[from] Stealth Rock\n|turn|18\n|\n|t:|1700759829\n|switch|p2a: Zeus|Zapdos|100\/100\n|-damage|p2a: Zeus|75\/100|[from] Stealth Rock\n|move|p1a: Zapdos|Brave Bird|p2a: Zeus\n|-resisted|p2a: Zeus\n|-damage|p2a: Zeus|37\/100\n|-damage|p1a: Zapdos|73\/100|[from] Recoil\n|\n|upkeep\n|turn|19\n|\n|t:|1700759839\n|move|p1a: Zapdos|Brave Bird|p2a: Zeus\n|-resisted|p2a: Zeus\n|-damage|p2a: Zeus|0 fnt\n|faint|p2a: Zeus\n|-damage|p1a: Zapdos|58\/100|[from] Recoil\n|\n|upkeep\n|\n|t:|1700759843\n|switch|p2a: Final Boss|Kingambit, M|100\/100\n|-activate|p2a: Final Boss|ability: Supreme Overlord\n|-start|p2a: Final Boss|fallen2|[silent]\n|turn|20\n|\n|t:|1700759851\n|switch|p1a: Kingambit|Kingambit, F|83\/100\n|-damage|p1a: Kingambit|77\/100|[from] Stealth Rock\n|-damage|p1a: Kingambit|64\/100|[from] Spikes\n|-activate|p1a: Kingambit|ability: Supreme Overlord\n|-start|p1a: Kingambit|fallen1|[silent]\n|move|p2a: Final Boss|Iron Head|p1a: Kingambit\n|-resisted|p1a: Kingambit\n|-damage|p1a: Kingambit|43\/100\n|\n|upkeep\n|turn|21\n|\n|t:|1700759861\n|move|p2a: Final Boss|Iron Head|p1a: Kingambit\n|-resisted|p1a: Kingambit\n|-damage|p1a: Kingambit|22\/100\n|move|p1a: Kingambit|Kowtow Cleave|p2a: Final Boss\n|-resisted|p2a: Final Boss\n|-damage|p2a: Final Boss|76\/100\n|\n|upkeep\n|turn|22\n|\n|t:|1700759868\n|move|p2a: Final Boss|Iron Head|p1a: Kingambit\n|-resisted|p1a: Kingambit\n|-crit|p1a: Kingambit\n|-damage|p1a: Kingambit|0 fnt\n|faint|p1a: Kingambit\n|-end|p1a: Kingambit|fallen1|[silent]\n|\n|upkeep\n|\n|t:|1700759873\n|switch|p1a: Zapdos|Zapdos-Galar|58\/100\n|-damage|p1a: Zapdos|46\/100|[from] Stealth Rock\n|turn|23\n|\n|t:|1700759879\n|-end|p2a: Final Boss|fallen2|[silent]\n|switch|p2a: Amaterasu|Iron Moth|100\/100 par\n|move|p1a: Zapdos|Close Combat|p2a: Amaterasu\n|-resisted|p2a: Amaterasu\n|-damage|p2a: Amaterasu|24\/100 par\n|-unboost|p1a: Zapdos|def|1\n|-unboost|p1a: Zapdos|spd|1\n|\n|upkeep\n|turn|24\n|\n|t:|1700759886\n|move|p1a: Zapdos|Close Combat|p2a: Amaterasu\n|-resisted|p2a: Amaterasu\n|-damage|p2a: Amaterasu|0 fnt\n|-unboost|p1a: Zapdos|def|1\n|-unboost|p1a: Zapdos|spd|1\n|faint|p2a: Amaterasu\n|-end|p2a: Amaterasu|Quark Drive|[silent]\n|\n|upkeep\n|\n|t:|1700759897\n|switch|p2a: Final Boss|Kingambit, M|76\/100\n|-activate|p2a: Final Boss|ability: Supreme Overlord\n|-start|p2a: Final Boss|fallen3|[silent]\n|turn|25\n|\n|t:|1700759908\n|switch|p1a: Gholdengo|Gholdengo|100\/100\n|-damage|p1a: Gholdengo|94\/100|[from] Stealth Rock\n|-damage|p1a: Gholdengo|82\/100|[from] Spikes\n|-terastallize|p2a: Final Boss|Fairy\n|move|p2a: Final Boss|Iron Head|p1a: Gholdengo\n|-resisted|p1a: Gholdengo\n|-damage|p1a: Gholdengo|60\/100\n|\n|-heal|p1a: Gholdengo|66\/100|[from] item: Leftovers\n|upkeep\n|turn|26\n|j| youity\n|\n|t:|1700759922\n|-end|p2a: Final Boss|fallen3|[silent]\n|switch|p2a: Clicker|Ting-Lu|85\/100\n|-damage|p2a: Clicker|78\/100|[from] Stealth Rock\n|-ability|p2a: Clicker|Vessel of Ruin\n|move|p1a: Gholdengo|Recover|p1a: Gholdengo\n|-heal|p1a: Gholdengo|100\/100\n|\n|-heal|p2a: Clicker|85\/100|[from] item: Leftovers\n|upkeep\n|turn|27\n|\n|t:|1700759931\n|switch|p1a: Zapdos|Zapdos-Galar|46\/100\n|-damage|p1a: Zapdos|34\/100|[from] Stealth Rock\n|move|p2a: Clicker|Whirlwind|p1a: Zapdos\n|drag|p1a: Iron Valiant|Iron Valiant|100\/100\n|-status|p1a: Iron Valiant|psn\n|-damage|p1a: Iron Valiant|94\/100 psn|[from] Stealth Rock\n|-damage|p1a: Iron Valiant|82\/100 psn|[from] Spikes\n|-enditem|p1a: Iron Valiant|Booster Energy\n|-activate|p1a: Iron Valiant|ability: Quark Drive|[fromitem]\n|-start|p1a: Iron Valiant|quarkdrivespa\n|\n|-heal|p2a: Clicker|91\/100|[from] item: Leftovers\n|-damage|p1a: Iron Valiant|69\/100 psn|[from] psn\n|upkeep\n|turn|28\n|\n|t:|1700759952\n|move|p1a: Iron Valiant|Moonblast|p2a: Clicker\n|-supereffective|p2a: Clicker\n|-damage|p2a: Clicker|40\/100\n|-unboost|p2a: Clicker|spa|1\n|move|p2a: Clicker|Whirlwind|p1a: Iron Valiant\n|-end|p1a: Iron Valiant|Quark Drive|[silent]\n|drag|p1a: Zapdos|Zapdos-Galar|34\/100\n|-damage|p1a: Zapdos|21\/100|[from] Stealth Rock\n|\n|-heal|p2a: Clicker|46\/100|[from] item: Leftovers\n|upkeep\n|turn|29\n|\n|t:|1700759962\n|move|p1a: Zapdos|Brave Bird|p2a: Clicker\n|-crit|p2a: Clicker\n|-damage|p2a: Clicker|0 fnt\n|faint|p2a: Clicker\n|-damage|p1a: Zapdos|0 fnt|[from] Recoil\n|faint|p1a: Zapdos\n|\n|upkeep\n|j| qiuw\n|\n|t:|1700759972\n|switch|p1a: Iron Valiant|Iron Valiant|69\/100 psn\n|switch|p2a: Darth Tyranus|Samurott-Hisui, M|34\/100\n|-damage|p1a: Iron Valiant|63\/100 psn|[from] Stealth Rock\n|-damage|p1a: Iron Valiant|51\/100 psn|[from] Spikes\n|turn|30\n|\n|t:|1700759978\n|move|p1a: Iron Valiant|Vacuum Wave|p2a: Darth Tyranus\n|-supereffective|p2a: Darth Tyranus\n|-damage|p2a: Darth Tyranus|0 fnt\n|faint|p2a: Darth Tyranus\n|\n|-damage|p1a: Iron Valiant|38\/100 psn|[from] psn\n|upkeep\n|\n|t:|1700759980\n|switch|p2a: Final Boss|Kingambit, M, tera:Fairy|76\/100\n|-activate|p2a: Final Boss|ability: Supreme Overlord\n|-start|p2a: Final Boss|fallen5|[silent]\n|turn|31\n|\n|t:|1700759986\n|move|p1a: Iron Valiant|Moonblast|p2a: Final Boss\n|-damage|p2a: Final Boss|18\/100\n|-unboost|p2a: Final Boss|spa|1\n|move|p2a: Final Boss|Swords Dance|p2a: Final Boss\n|-boost|p2a: Final Boss|atk|2\n|\n|-damage|p1a: Iron Valiant|26\/100 psn|[from] psn\n|upkeep\n|turn|32\n|j| TeamTest3547\n|\n|t:|1700759994\n|move|p1a: Iron Valiant|Vacuum Wave|p2a: Final Boss\n|-resisted|p2a: Final Boss\n|-damage|p2a: Final Boss|8\/100\n|move|p2a: Final Boss|Kowtow Cleave|p1a: Iron Valiant\n|-resisted|p1a: Iron Valiant\n|-damage|p1a: Iron Valiant|0 fnt\n|faint|p1a: Iron Valiant\n|-end|p1a: Iron Valiant|Quark Drive|[silent]\n|\n|upkeep\n|\n|t:|1700760001\n|switch|p1a: Gholdengo|Gholdengo|100\/100\n|-damage|p1a: Gholdengo|94\/100|[from] Stealth Rock\n|-damage|p1a: Gholdengo|82\/100|[from] Spikes\n|turn|33\n|\n|t:|1700760012\n|-terastallize|p1a: Gholdengo|Flying\n|move|p2a: Final Boss|Sucker Punch|p1a: Gholdengo\n|-damage|p1a: Gholdengo|0 fnt\n|faint|p1a: Gholdengo\n|\n|upkeep\n|\n|t:|1700760017\n|switch|p1a: Garganacl|Garganacl, F|100\/100\n|-damage|p1a: Garganacl|88\/100|[from] Stealth Rock\n|-damage|p1a: Garganacl|76\/100|[from] Spikes\n|turn|34\n|\n|t:|1700760022\n|move|p1a: Garganacl|Protect|p1a: Garganacl\n|-singleturn|p1a: Garganacl|Protect\n|move|p2a: Final Boss|Iron Head|p1a: Garganacl\n|-activate|p1a: Garganacl|move: Protect\n|\n|-heal|p1a: Garganacl|82\/100|[from] item: Leftovers\n|upkeep\n|turn|35\n|\n|t:|1700760029\n|move|p2a: Final Boss|Iron Head|p1a: Garganacl\n|-supereffective|p1a: Garganacl\n|-damage|p1a: Garganacl|0 fnt\n|faint|p1a: Garganacl\n|\n|win|Steez Ibanez\n|raw|thedebatablereaper's rating: 1820 &rarr; <strong>1804<\/strong><br \/>(-16 for losing)\n|raw|Steez Ibanez's rating: 1893 &rarr; <strong>1909<\/strong><br \/>(+16 for winning)\n|l| youity\n|l|\u2606Steez Ibanez\n|l|\u2606thedebatablereaper\n","uploadtime":1700760053,"views":10,"p1id":"thedebatablereaper","p2id":"steezibanez","formatid":"gen9ou","rating":1804,"private":0,"password":""}