{"id":"gen9ou-1997074771","p1":"Zixerneas","p2":"madmage147","format":"[Gen 9] OU","log":"|j|\u2606Zixerneas\n|j|\u2606madmage147\n|t:|1700761938\n|gametype|singles\n|player|p1|Zixerneas|az|1612\n|player|p2|madmage147|roxie|1510\n|teamsize|p1|6\n|teamsize|p2|6\n|gen|9\n|tier|[Gen 9] OU\n|rated|\n|rule|Sleep Clause Mod: Limit one foe put to sleep\n|rule|Species Clause: Limit one of each Pok\u00e9mon\n|rule|OHKO Clause: OHKO moves are banned\n|rule|Evasion Items Clause: Evasion items are banned\n|rule|Evasion Moves Clause: Evasion moves are banned\n|rule|Endless Battle Clause: Forcing endless battles is banned\n|rule|HP Percentage Mod: HP is shown in percentages\n|clearpoke\n|poke|p1|Zamazenta-*|\n|poke|p1|Rillaboom, M|\n|poke|p1|Great Tusk|\n|poke|p1|Kingambit, M|\n|poke|p1|Dragapult, F|\n|poke|p1|Ting-Lu|\n|poke|p2|Dusclops, F|\n|poke|p2|Ting-Lu|\n|poke|p2|Corviknight, F|\n|poke|p2|Blissey, F|\n|poke|p2|Cyclizar, F|\n|poke|p2|Dragonite, F|\n|teampreview\n|j| No Bithes?????\n|inactive|Battle timer is ON: inactive players will automatically lose when time's up. (requested by Zixerneas)\n|inactive|Zixerneas has 120 seconds left.\n|\n|t:|1700761982\n|start\n|switch|p1a: Dragapult|Dragapult, F|100\/100\n|switch|p2a: Dusclops|Dusclops, F|100\/100\n|-ability|p2a: Dusclops|Pressure\n|turn|1\n|\n|t:|1700761989\n|switch|p2a: Corviknight|Corviknight, F|100\/100\n|-ability|p2a: Corviknight|Pressure\n|move|p1a: Dragapult|Shadow Ball|p2a: Corviknight\n|-damage|p2a: Corviknight|54\/100\n|\n|upkeep\n|turn|2\n|\n|t:|1700761997\n|-terastallize|p1a: Dragapult|Ghost\n|move|p1a: Dragapult|Shadow Ball|p2a: Corviknight\n|-damage|p2a: Corviknight|0 fnt\n|faint|p2a: Corviknight\n|\n|upkeep\n|\n|t:|1700762001\n|switch|p2a: Cyclizar|Cyclizar, F|100\/100\n|turn|3\n|\n|t:|1700762006\n|switch|p1a: Zamazenta|Zamazenta|100\/100\n|-ability|p1a: Zamazenta|Dauntless Shield|boost\n|-boost|p1a: Zamazenta|def|1\n|move|p2a: Cyclizar|Knock Off|p1a: Zamazenta\n|-resisted|p1a: Zamazenta\n|-damage|p1a: Zamazenta|95\/100\n|-enditem|p1a: Zamazenta|Leftovers|[from] move: Knock Off|[of] p2a: Cyclizar\n|\n|upkeep\n|turn|4\n|\n|t:|1700762009\n|switch|p2a: Dusclops|Dusclops, F|100\/100\n|-ability|p2a: Dusclops|Pressure\n|move|p1a: Zamazenta|Body Press|p2a: Dusclops\n|-immune|p2a: Dusclops\n|\n|upkeep\n|turn|5\n|\n|t:|1700762013\n|move|p1a: Zamazenta|Crunch|p2a: Dusclops\n|-supereffective|p2a: Dusclops\n|-damage|p2a: Dusclops|78\/100\n|move|p2a: Dusclops|Will-O-Wisp|p1a: Zamazenta\n|-status|p1a: Zamazenta|brn\n|\n|-damage|p1a: Zamazenta|89\/100 brn|[from] brn\n|upkeep\n|turn|6\n|\n|t:|1700762016\n|move|p1a: Zamazenta|Crunch|p2a: Dusclops\n|-supereffective|p2a: Dusclops\n|-damage|p2a: Dusclops|68\/100\n|move|p2a: Dusclops|Pain Split|p1a: Zamazenta\n|-sethp|p1a: Zamazenta|70\/100 brn|[from] move: Pain Split|[silent]\n|-sethp|p2a: Dusclops|95\/100|[from] move: Pain Split\n|\n|-damage|p1a: Zamazenta|63\/100 brn|[from] brn\n|upkeep\n|turn|7\n|\n|t:|1700762021\n|move|p1a: Zamazenta|Crunch|p2a: Dusclops\n|-supereffective|p2a: Dusclops\n|-damage|p2a: Dusclops|84\/100\n|-unboost|p2a: Dusclops|def|1\n|move|p2a: Dusclops|Night Shade|p1a: Zamazenta\n|-damage|p1a: Zamazenta|38\/100 brn\n|\n|-damage|p1a: Zamazenta|31\/100 brn|[from] brn\n|upkeep\n|turn|8\n|\n|t:|1700762025\n|switch|p2a: Ting-Lu|Ting-Lu|100\/100\n|-ability|p2a: Ting-Lu|Vessel of Ruin\n|move|p1a: Zamazenta|Crunch|p2a: Ting-Lu\n|-resisted|p2a: Ting-Lu\n|-damage|p2a: Ting-Lu|98\/100\n|\n|-heal|p2a: Ting-Lu|100\/100|[from] item: Leftovers\n|-damage|p1a: Zamazenta|25\/100 brn|[from] brn\n|upkeep\n|turn|9\n|\n|t:|1700762030\n|move|p1a: Zamazenta|Iron Defense|p1a: Zamazenta\n|-boost|p1a: Zamazenta|def|2\n|move|p2a: Ting-Lu|Spikes|p1a: Zamazenta\n|-sidestart|p1: Zixerneas|Spikes\n|\n|-damage|p1a: Zamazenta|19\/100 brn|[from] brn\n|upkeep\n|turn|10\n|\n|t:|1700762032\n|switch|p2a: Dusclops|Dusclops, F|84\/100\n|-ability|p2a: Dusclops|Pressure\n|move|p1a: Zamazenta|Body Press|p2a: Dusclops\n|-immune|p2a: Dusclops\n|\n|-damage|p1a: Zamazenta|13\/100 brn|[from] brn\n|upkeep\n|turn|11\n|\n|t:|1700762034\n|move|p1a: Zamazenta|Crunch|p2a: Dusclops\n|-supereffective|p2a: Dusclops\n|-damage|p2a: Dusclops|73\/100\n|move|p2a: Dusclops|Night Shade|p1a: Zamazenta\n|-damage|p1a: Zamazenta|0 fnt\n|faint|p1a: Zamazenta\n|\n|upkeep\n|\n|t:|1700762038\n|switch|p1a: Dragapult|Dragapult, F, tera:Ghost|100\/100\n|-damage|p1a: Dragapult|88\/100|[from] Spikes\n|turn|12\n|\n|t:|1700762044\n|switch|p2a: Blissey|Blissey, F|100\/100\n|move|p1a: Dragapult|U-turn|p2a: Blissey\n|-damage|p2a: Blissey|84\/100\n|\n|t:|1700762047\n|switch|p1a: Great Tusk|Great Tusk|100\/100|[from] U-turn\n|\n|-heal|p2a: Blissey|90\/100|[from] item: Leftovers\n|upkeep\n|turn|13\n|\n|t:|1700762050\n|switch|p2a: Dusclops|Dusclops, F|73\/100\n|-ability|p2a: Dusclops|Pressure\n|move|p1a: Great Tusk|Knock Off|p2a: Dusclops\n|-supereffective|p2a: Dusclops\n|-damage|p2a: Dusclops|41\/100\n|-enditem|p2a: Dusclops|Eviolite|[from] move: Knock Off|[of] p1a: Great Tusk\n|\n|upkeep\n|turn|14\n|\n|t:|1700762053\n|move|p1a: Great Tusk|Headlong Rush|p2a: Dusclops\n|-damage|p2a: Dusclops|0 fnt\n|-unboost|p1a: Great Tusk|def|1\n|-unboost|p1a: Great Tusk|spd|1\n|faint|p2a: Dusclops\n|\n|upkeep\n|\n|t:|1700762065\n|switch|p2a: Dragonite|Dragonite, F|100\/100\n|turn|15\n|\n|t:|1700762068\n|move|p2a: Dragonite|Dragon Dance|p2a: Dragonite\n|-boost|p2a: Dragonite|atk|1\n|-boost|p2a: Dragonite|spe|1\n|move|p1a: Great Tusk|Knock Off|p2a: Dragonite\n|-damage|p2a: Dragonite|82\/100\n|-enditem|p2a: Dragonite|Weakness Policy|[from] move: Knock Off|[of] p1a: Great Tusk\n|\n|upkeep\n|turn|16\n|\n|t:|1700762072\n|-end|p1a: Great Tusk|Protosynthesis|[silent]\n|switch|p1a: Dragapult|Dragapult, F, tera:Ghost|88\/100\n|-damage|p1a: Dragapult|76\/100|[from] Spikes\n|move|p2a: Dragonite|Earthquake|p1a: Dragapult\n|-damage|p1a: Dragapult|0 fnt\n|faint|p1a: Dragapult\n|\n|upkeep\n|\n|t:|1700762082\n|switch|p1a: Kingambit|Kingambit, M|100\/100\n|-damage|p1a: Kingambit|88\/100|[from] Spikes\n|-activate|p1a: Kingambit|ability: Supreme Overlord\n|-start|p1a: Kingambit|fallen2|[silent]\n|turn|17\n|\n|t:|1700762087\n|move|p2a: Dragonite|Earthquake|p1a: Kingambit\n|-supereffective|p1a: Kingambit\n|-damage|p1a: Kingambit|8\/100\n|move|p1a: Kingambit|Stone Edge|p2a: Dragonite\n|-supereffective|p2a: Dragonite\n|-damage|p2a: Dragonite|0 fnt\n|faint|p2a: Dragonite\n|\n|-heal|p1a: Kingambit|14\/100|[from] item: Leftovers\n|upkeep\n|\n|t:|1700762092\n|switch|p2a: Cyclizar|Cyclizar, F|100\/100\n|turn|18\n|c| No Bithes?????|wtf\n|\n|t:|1700762097\n|move|p1a: Kingambit|Sucker Punch|p2a: Cyclizar\n|-damage|p2a: Cyclizar|19\/100\n|move|p2a: Cyclizar|U-turn|p1a: Kingambit\n|-damage|p1a: Kingambit|4\/100\n|\n|t:|1700762100\n|switch|p2a: Ting-Lu|Ting-Lu|100\/100|[from] U-turn\n|-ability|p2a: Ting-Lu|Vessel of Ruin\n|\n|-heal|p1a: Kingambit|10\/100|[from] item: Leftovers\n|upkeep\n|turn|19\n|c|\u2606Zixerneas|lmao\n|\n|t:|1700762106\n|-end|p1a: Kingambit|fallen2|[silent]\n|switch|p1a: Great Tusk|Great Tusk|100\/100\n|move|p2a: Ting-Lu|Spikes|p1a: Great Tusk\n|-sidestart|p1: Zixerneas|Spikes\n|\n|upkeep\n|turn|20\n|\n|t:|1700762111\n|move|p1a: Great Tusk|Rapid Spin|p2a: Ting-Lu\n|-damage|p2a: Ting-Lu|91\/100\n|-boost|p1a: Great Tusk|spe|1\n|-sideend|p1: Zixerneas|Spikes|[from] move: Rapid Spin|[of] p1a: Great Tusk\n|move|p2a: Ting-Lu|Ruination|p1a: Great Tusk\n|-damage|p1a: Great Tusk|50\/100\n|\n|-heal|p2a: Ting-Lu|97\/100|[from] item: Leftovers\n|upkeep\n|turn|21\n|c|\u2606Zixerneas|stone edge technology\n|c| No Bithes?????|stone edge is literal garbage on gambit lol\n|c| No Bithes?????|stab is stronger with supreme overlord\n|\n|t:|1700762131\n|move|p1a: Great Tusk|Close Combat|p2a: Ting-Lu\n|-supereffective|p2a: Ting-Lu\n|-crit|p2a: Ting-Lu\n|-damage|p2a: Ting-Lu|0 fnt\n|-unboost|p1a: Great Tusk|def|1\n|-unboost|p1a: Great Tusk|spd|1\n|faint|p2a: Ting-Lu\n|\n|upkeep\n|-message|madmage147 forfeited.\n|\n|win|Zixerneas\n|raw|Zixerneas's rating: 1612 &rarr; <strong>1626<\/strong><br \/>(+14 for winning)\n|raw|madmage147's rating: 1510 &rarr; <strong>1496<\/strong><br \/>(-14 for losing)\n|l|\u2606madmage147\n|c|\u2606Zixerneas|L boso\n","uploadtime":1700762142,"views":4,"p1id":"zixerneas","p2id":"madmage147","formatid":"gen9ou","rating":1496,"private":0,"password":""}