{"id":"gen9ou-1989059683","p1":"yodaminnesota","p2":"AnIcePancake","format":"[Gen 9] OU","log":"|j|\u2606yodaminnesota\n|j|\u2606AnIcePancake\n|t:|1699807713\n|gametype|singles\n|player|p1|yodaminnesota|265|1365\n|player|p2|AnIcePancake|janitor|1256\n|teamsize|p1|6\n|teamsize|p2|6\n|gen|9\n|tier|[Gen 9] OU\n|rated|\n|rule|Sleep Clause Mod: Limit one foe put to sleep\n|rule|Species Clause: Limit one of each Pok\u00e9mon\n|rule|OHKO Clause: OHKO moves are banned\n|rule|Evasion Items Clause: Evasion items are banned\n|rule|Evasion Moves Clause: Evasion moves are banned\n|rule|Endless Battle Clause: Forcing endless battles is banned\n|rule|HP Percentage Mod: HP is shown in percentages\n|clearpoke\n|poke|p1|Haxorus, F|\n|poke|p1|Moltres|\n|poke|p1|Alomomola, M|\n|poke|p1|Goodra-Hisui, F|\n|poke|p1|Great Tusk|\n|poke|p1|Kingambit, F|\n|poke|p2|Skeledirge, F|\n|poke|p2|Weavile, M|\n|poke|p2|Slowbro, M|\n|poke|p2|Great Tusk|\n|poke|p2|Sneasler, M|\n|poke|p2|Arboliva, M|\n|teampreview\n|c|\u2606AnIcePancake|gl and hf!\n|c|\u2606yodaminnesota|u2\n|\n|t:|1699807731\n|start\n|switch|p1a: Haxorus|Haxorus, F|100\/100\n|switch|p2a: Road Block|Slowbro, M|100\/100\n|-ability|p1a: Haxorus|Mold Breaker\n|turn|1\n|c|\u2606AnIcePancake|thanks!\n|inactive|Battle timer is ON: inactive players will automatically lose when time's up. (requested by AnIcePancake)\n|\n|t:|1699807743\n|move|p1a: Haxorus|First Impression|p2a: Road Block\n|-supereffective|p2a: Road Block\n|-damage|p2a: Road Block|8\/100\n|-enditem|p2a: Road Block|Weakness Policy\n|-boost|p2a: Road Block|atk|2|[from] item: Weakness Policy\n|-boost|p2a: Road Block|spa|2|[from] item: Weakness Policy\n|move|p2a: Road Block|Iron Defense|p2a: Road Block\n|-boost|p2a: Road Block|def|2\n|\n|upkeep\n|turn|2\n|\n|t:|1699807760\n|switch|p1a: Goodra|Goodra-Hisui, F|100\/100\n|move|p2a: Road Block|Stored Power|p1a: Goodra\n|-resisted|p1a: Goodra\n|-damage|p1a: Goodra|73\/100\n|\n|upkeep\n|turn|3\n|\n|t:|1699807763\n|move|p2a: Road Block|Focus Blast|p1a: Goodra\n|-supereffective|p1a: Goodra\n|-damage|p1a: Goodra|8\/100\n|-unboost|p1a: Goodra|spd|1\n|move|p1a: Goodra|Dragon Tail|p2a: Road Block\n|-damage|p2a: Road Block|0 fnt\n|faint|p2a: Road Block\n|\n|upkeep\n|\n|t:|1699807767\n|switch|p2a: Screw Gliscor|Weavile, M|100\/100\n|-ability|p2a: Screw Gliscor|Pressure\n|turn|4\n|\n|t:|1699807778\n|switch|p1a: Moltres|Moltres|100\/100\n|move|p2a: Screw Gliscor|Icicle Spear|p1a: Moltres\n|-damage|p1a: Moltres|86\/100\n|-damage|p1a: Moltres|73\/100\n|-damage|p1a: Moltres|60\/100\n|-damage|p1a: Moltres|46\/100\n|-damage|p1a: Moltres|32\/100\n|-hitcount|p1a: Moltres|5\n|\n|upkeep\n|turn|5\n|\n|t:|1699807783\n|switch|p1a: Goodra|Goodra-Hisui, F|8\/100\n|move|p2a: Screw Gliscor|Icicle Spear|p1a: Goodra\n|-damage|p1a: Goodra|0 fnt\n|faint|p1a: Goodra\n|-hitcount|p1: Goodra|1\n|\n|upkeep\n|\n|t:|1699807786\n|switch|p1a: Alomomola|Alomomola, M|100\/100\n|turn|6\n|\n|t:|1699807793\n|move|p2a: Screw Gliscor|Swords Dance|p2a: Screw Gliscor\n|-boost|p2a: Screw Gliscor|atk|2\n|move|p1a: Alomomola|Scald|p2a: Screw Gliscor\n|-damage|p2a: Screw Gliscor|82\/100\n|\n|upkeep\n|turn|7\n|\n|t:|1699807797\n|move|p2a: Screw Gliscor|Knock Off|p1a: Alomomola\n|-damage|p1a: Alomomola|46\/100\n|-enditem|p1a: Alomomola|Red Card|[from] move: Knock Off|[of] p2a: Screw Gliscor\n|move|p1a: Alomomola|Scald|p2a: Screw Gliscor\n|-damage|p2a: Screw Gliscor|63\/100\n|\n|upkeep\n|turn|8\n|\n|t:|1699807808\n|move|p2a: Screw Gliscor|Icicle Spear|p1a: Alomomola\n|-resisted|p1a: Alomomola\n|-damage|p1a: Alomomola|38\/100\n|-resisted|p1a: Alomomola\n|-damage|p1a: Alomomola|31\/100\n|-resisted|p1a: Alomomola\n|-damage|p1a: Alomomola|24\/100\n|-resisted|p1a: Alomomola\n|-damage|p1a: Alomomola|16\/100\n|-hitcount|p1a: Alomomola|4\n|move|p1a: Alomomola|Scald|p2a: Screw Gliscor\n|-damage|p2a: Screw Gliscor|44\/100\n|\n|upkeep\n|turn|9\n|\n|t:|1699807815\n|move|p2a: Screw Gliscor|Icicle Spear|p1a: Alomomola\n|-resisted|p1a: Alomomola\n|-damage|p1a: Alomomola|9\/100\n|-resisted|p1a: Alomomola\n|-damage|p1a: Alomomola|1\/100\n|-resisted|p1a: Alomomola\n|-damage|p1a: Alomomola|0 fnt\n|faint|p1a: Alomomola\n|-hitcount|p1: Alomomola|3\n|\n|upkeep\n|\n|t:|1699807818\n|switch|p1a: Haxorus|Haxorus, F|100\/100\n|-ability|p1a: Haxorus|Mold Breaker\n|turn|10\n|\n|t:|1699807825\n|switch|p2a: CrockNBallTorture|Skeledirge, F|100\/100\n|move|p1a: Haxorus|Earthquake|p2a: CrockNBallTorture\n|-supereffective|p2a: CrockNBallTorture\n|-damage|p2a: CrockNBallTorture|27\/100\n|\n|upkeep\n|turn|11\n|\n|t:|1699807828\n|move|p1a: Haxorus|Earthquake|p2a: CrockNBallTorture\n|-supereffective|p2a: CrockNBallTorture\n|-damage|p2a: CrockNBallTorture|0 fnt\n|faint|p2a: CrockNBallTorture\n|\n|upkeep\n|\n|t:|1699807832\n|switch|p2a: Screw Gliscor|Weavile, M|44\/100\n|-ability|p2a: Screw Gliscor|Pressure\n|turn|12\n|\n|t:|1699807834\n|switch|p1a: Moltres|Moltres|32\/100\n|move|p2a: Screw Gliscor|Icicle Spear|p1a: Moltres\n|-damage|p1a: Moltres|19\/100\n|-damage|p1a: Moltres|3\/100\n|-damage|p1a: Moltres|0 fnt\n|faint|p1a: Moltres\n|-hitcount|p1: Moltres|3\n|\n|upkeep\n|c|\u2606AnIcePancake|nice predict!\n|\n|t:|1699807836\n|switch|p1a: Haxorus|Haxorus, F|100\/100\n|-ability|p1a: Haxorus|Mold Breaker\n|turn|13\n|\n|t:|1699807841\n|switch|p2a: Tusk manager|Great Tusk|100\/100\n|move|p1a: Haxorus|First Impression|p2a: Tusk manager\n|-resisted|p2a: Tusk manager\n|-damage|p2a: Tusk manager|83\/100\n|\n|upkeep\n|turn|14\n|\n|t:|1699807844\n|switch|p1a: Great Tusk|Great Tusk|100\/100\n|move|p2a: Tusk manager|Rapid Spin|p1a: Great Tusk\n|-damage|p1a: Great Tusk|85\/100\n|-boost|p2a: Tusk manager|spe|1\n|\n|upkeep\n|turn|15\n|\n|t:|1699807850\n|move|p2a: Tusk manager|Rapid Spin|p1a: Great Tusk\n|-damage|p1a: Great Tusk|71\/100\n|-boost|p2a: Tusk manager|spe|1\n|move|p1a: Great Tusk|Stealth Rock|p2a: Tusk manager\n|-sidestart|p2: AnIcePancake|move: Stealth Rock\n|\n|upkeep\n|turn|16\n|\n|t:|1699807856\n|move|p2a: Tusk manager|Rapid Spin|p1a: Great Tusk\n|-damage|p1a: Great Tusk|55\/100\n|-boost|p2a: Tusk manager|spe|1\n|-sideend|p2: AnIcePancake|Stealth Rock|[from] move: Rapid Spin|[of] p2a: Tusk manager\n|move|p1a: Great Tusk|Headlong Rush|p2a: Tusk manager\n|-damage|p2a: Tusk manager|46\/100\n|-unboost|p1a: Great Tusk|def|1\n|-unboost|p1a: Great Tusk|spd|1\n|\n|upkeep\n|turn|17\n|\n|t:|1699807866\n|move|p2a: Tusk manager|Rapid Spin|p1a: Great Tusk\n|-damage|p1a: Great Tusk|36\/100\n|-boost|p2a: Tusk manager|spe|1\n|move|p1a: Great Tusk|Headlong Rush|p2a: Tusk manager\n|-crit|p2a: Tusk manager\n|-damage|p2a: Tusk manager|0 fnt\n|-unboost|p1a: Great Tusk|def|1\n|-unboost|p1a: Great Tusk|spd|1\n|faint|p2a: Tusk manager\n|-end|p2a: Tusk manager|Protosynthesis|[silent]\n|\n|upkeep\n|\n|t:|1699807869\n|switch|p2a: Screw Gliscor|Weavile, M|44\/100\n|-ability|p2a: Screw Gliscor|Pressure\n|turn|18\n|\n|t:|1699807882\n|move|p2a: Screw Gliscor|Icicle Spear|p1a: Great Tusk\n|-supereffective|p1a: Great Tusk\n|-damage|p1a: Great Tusk|0 fnt\n|faint|p1a: Great Tusk\n|-end|p1a: Great Tusk|Protosynthesis|[silent]\n|-hitcount|p1: Great Tusk|1\n|\n|upkeep\n|\n|t:|1699807884\n|switch|p1a: Haxorus|Haxorus, F|100\/100\n|-ability|p1a: Haxorus|Mold Breaker\n|turn|19\n|\n|t:|1699807894\n|switch|p2a: Go Touch Grass|Arboliva, M|100\/100\n|move|p1a: Haxorus|Outrage|p2a: Go Touch Grass\n|-damage|p2a: Go Touch Grass|0 fnt\n|-fieldstart|move: Grassy Terrain|[from] ability: Seed Sower|[of] p2a: Go Touch Grass\n|faint|p2a: Go Touch Grass\n|\n|upkeep\n|\n|t:|1699807896\n|switch|p2a: Screw Gliscor|Weavile, M|44\/100\n|-ability|p2a: Screw Gliscor|Pressure\n|turn|20\n|\n|t:|1699807899\n|move|p2a: Screw Gliscor|Icicle Spear|p1a: Haxorus\n|-supereffective|p1a: Haxorus\n|-damage|p1a: Haxorus|68\/100\n|-supereffective|p1a: Haxorus\n|-damage|p1a: Haxorus|36\/100\n|-supereffective|p1a: Haxorus\n|-damage|p1a: Haxorus|8\/100\n|-supereffective|p1a: Haxorus\n|-damage|p1a: Haxorus|0 fnt\n|faint|p1a: Haxorus\n|-hitcount|p1: Haxorus|4\n|\n|-heal|p2a: Screw Gliscor|50\/100|[from] Grassy Terrain\n|upkeep\n|\n|t:|1699807901\n|switch|p1a: Kingambit|Kingambit, F|100\/100\n|-activate|p1a: Kingambit|ability: Supreme Overlord\n|-start|p1a: Kingambit|fallen5|[silent]\n|turn|21\n|\n|t:|1699807904\n|move|p2a: Screw Gliscor|Brick Break|p1a: Kingambit\n|-supereffective|p1a: Kingambit\n|-damage|p1a: Kingambit|27\/100\n|move|p1a: Kingambit|Swords Dance|p1a: Kingambit\n|-boost|p1a: Kingambit|atk|2\n|\n|-heal|p2a: Screw Gliscor|56\/100|[from] Grassy Terrain\n|-heal|p1a: Kingambit|34\/100|[from] Grassy Terrain\n|upkeep\n|turn|22\n|\n|t:|1699807908\n|move|p1a: Kingambit|Sucker Punch|p2a: Screw Gliscor\n|-resisted|p2a: Screw Gliscor\n|-crit|p2a: Screw Gliscor\n|-damage|p2a: Screw Gliscor|0 fnt\n|faint|p2a: Screw Gliscor\n|\n|-heal|p1a: Kingambit|40\/100|[from] Grassy Terrain\n|upkeep\n|\n|t:|1699807910\n|switch|p2a: Grass toucher|Sneasler, M|100\/100\n|-enditem|p2a: Grass toucher|Grassy Seed\n|-boost|p2a: Grass toucher|def|1|[from] item: Grassy Seed\n|turn|23\n|c|\u2606AnIcePancake|ggs\n|c|\u2606yodaminnesota|u2\n|\n|t:|1699807922\n|-terastallize|p1a: Kingambit|Dark\n|move|p1a: Kingambit|Sucker Punch|p2a: Grass toucher\n|-resisted|p2a: Grass toucher\n|-crit|p2a: Grass toucher\n|-damage|p2a: Grass toucher|0 fnt\n|faint|p2a: Grass toucher\n|\n|win|yodaminnesota\n|raw|yodaminnesota's rating: 1365 &rarr; <strong>1379<\/strong><br \/>(+14 for winning)\n|raw|AnIcePancake's rating: 1256 &rarr; <strong>1239<\/strong><br \/>(-17 for losing)\n","uploadtime":1699807930,"views":9,"p1id":"yodaminnesota","p2id":"anicepancake","formatid":"gen9ou","rating":1239,"private":0,"password":""}