{"id":"gen9ou-2000442388","p1":"Samimi","p2":"bbtrickz","format":"[Gen 9] OU","log":"|j|\u2606Samimi\n|j|\u2606bbtrickz\n|t:|1701195174\n|gametype|singles\n|player|p1|Samimi|clerkf|1338\n|player|p2|bbtrickz|az|1304\n|teamsize|p1|6\n|teamsize|p2|6\n|gen|9\n|tier|[Gen 9] OU\n|rated|\n|rule|Sleep Clause Mod: Limit one foe put to sleep\n|rule|Species Clause: Limit one of each Pok\u00e9mon\n|rule|OHKO Clause: OHKO moves are banned\n|rule|Evasion Items Clause: Evasion items are banned\n|rule|Evasion Moves Clause: Evasion moves are banned\n|rule|Endless Battle Clause: Forcing endless battles is banned\n|rule|HP Percentage Mod: HP is shown in percentages\n|clearpoke\n|poke|p1|Jolteon, M|\n|poke|p1|Cinderace, F|\n|poke|p1|Ogerpon-Wellspring, F|\n|poke|p1|Great Tusk|\n|poke|p1|Dondozo, F|\n|poke|p1|Moltres-Galar|\n|poke|p2|Bellibolt, F|\n|poke|p2|Clefable, F|\n|poke|p2|Corviknight, F|\n|poke|p2|Dragapult, F|\n|poke|p2|Great Tusk|\n|poke|p2|Manaphy|\n|teampreview\n|\n|t:|1701195184\n|start\n|switch|p1a: Jolteon|Jolteon, M|100\/100\n|switch|p2a: Bellibolt|Bellibolt, F|100\/100\n|turn|1\n|inactive|Battle timer is ON: inactive players will automatically lose when time's up. (requested by Samimi)\n|\n|t:|1701195209\n|move|p1a: Jolteon|Volt Switch|p2a: Bellibolt\n|-resisted|p2a: Bellibolt\n|-damage|p2a: Bellibolt|79\/100\n|-start|p2a: Bellibolt|Charge|Volt Switch|[from] ability: Electromorphosis\n|\n|t:|1701195237\n|switch|p1a: Great Tusk|Great Tusk|100\/100|[from] Volt Switch\n|move|p2a: Bellibolt|Toxic|p1a: Great Tusk\n|-status|p1a: Great Tusk|tox\n|\n|-heal|p2a: Bellibolt|85\/100|[from] item: Leftovers\n|-damage|p1a: Great Tusk|94\/100 tox|[from] psn\n|upkeep\n|turn|2\n|inactive|Samimi has 120 seconds left.\n|inactive|bbtrickz has 120 seconds left.\n|\n|t:|1701195267\n|switch|p2a: Corviknight|Corviknight, F|100\/100\n|-ability|p2a: Corviknight|Pressure\n|move|p1a: Great Tusk|Stealth Rock|p2a: Corviknight\n|-sidestart|p2: bbtrickz|move: Stealth Rock\n|\n|-heal|p1a: Great Tusk|100\/100 tox|[from] item: Leftovers\n|-damage|p1a: Great Tusk|88\/100 tox|[from] psn\n|upkeep\n|turn|3\n|inactive|Samimi has 120 seconds left.\n|\n|t:|1701195279\n|-end|p1a: Great Tusk|Protosynthesis|[silent]\n|switch|p1a: Cinderace|Cinderace, F|100\/100\n|move|p2a: Corviknight|U-turn|p1a: Cinderace\n|-resisted|p1a: Cinderace\n|-damage|p1a: Cinderace|91\/100\n|\n|t:|1701195288\n|switch|p2a: Bellibolt|Bellibolt, F|85\/100|[from] U-turn\n|-damage|p2a: Bellibolt|73\/100|[from] Stealth Rock\n|\n|-heal|p2a: Bellibolt|79\/100|[from] item: Leftovers\n|upkeep\n|turn|4\n|\n|t:|1701195297\n|move|p1a: Cinderace|Pyro Ball|p2a: Bellibolt|[miss]\n|-miss|p1a: Cinderace|p2a: Bellibolt\n|move|p2a: Bellibolt|Parabolic Charge|p1a: Cinderace\n|-damage|p1a: Cinderace|58\/100\n|-heal|p2a: Bellibolt|91\/100|[from] drain|[of] p1a: Cinderace\n|\n|-heal|p2a: Bellibolt|97\/100|[from] item: Leftovers\n|upkeep\n|turn|5\n|\n|t:|1701195307\n|move|p1a: Cinderace|U-turn|p2a: Bellibolt\n|-start|p1a: Cinderace|typechange|Bug|[from] ability: Libero\n|-damage|p2a: Bellibolt|78\/100\n|-start|p2a: Bellibolt|Charge|U-turn|[from] ability: Electromorphosis\n|\n|t:|1701195312\n|switch|p1a: Great Tusk|Great Tusk|88\/100 tox|[from] U-turn\n|move|p2a: Bellibolt|Parabolic Charge|p1a: Great Tusk\n|-immune|p1a: Great Tusk\n|-end|p2a: Bellibolt|Charge|[silent]\n|\n|-heal|p1a: Great Tusk|94\/100 tox|[from] item: Leftovers\n|-heal|p2a: Bellibolt|84\/100|[from] item: Leftovers\n|-damage|p1a: Great Tusk|88\/100 tox|[from] psn\n|upkeep\n|turn|6\n|\n|t:|1701195332\n|switch|p2a: Corviknight|Corviknight, F|100\/100\n|-damage|p2a: Corviknight|88\/100|[from] Stealth Rock\n|-ability|p2a: Corviknight|Pressure\n|move|p1a: Great Tusk|Close Combat|p2a: Corviknight\n|-damage|p2a: Corviknight|54\/100\n|-unboost|p1a: Great Tusk|def|1\n|-unboost|p1a: Great Tusk|spd|1\n|\n|-heal|p1a: Great Tusk|94\/100 tox|[from] item: Leftovers\n|-heal|p2a: Corviknight|60\/100|[from] item: Leftovers\n|-damage|p1a: Great Tusk|82\/100 tox|[from] psn\n|upkeep\n|turn|7\n|\n|t:|1701195348\n|-end|p1a: Great Tusk|Protosynthesis|[silent]\n|switch|p1a: Cinderace|Cinderace, F|58\/100\n|move|p2a: Corviknight|U-turn|p1a: Cinderace\n|-resisted|p1a: Cinderace\n|-damage|p1a: Cinderace|48\/100\n|l|\u2606Samimi\n|inactive|Samimi disconnected and has a minute to reconnect!\n|player|p1|\n|inactive|bbtrickz has 120 seconds left.\n|j|\u2606Samimi\n|inactive|Samimi reconnected.\n|player|p1|Samimi|clerkf\n|\n|t:|1701195382\n|switch|p2a: Bellibolt|Bellibolt, F|84\/100|[from] U-turn\n|-damage|p2a: Bellibolt|72\/100|[from] Stealth Rock\n|\n|-heal|p2a: Bellibolt|78\/100|[from] item: Leftovers\n|upkeep\n|turn|8\n|inactive|bbtrickz has 120 seconds left.\n|\n|t:|1701195392\n|move|p1a: Cinderace|U-turn|p2a: Bellibolt\n|-start|p1a: Cinderace|typechange|Bug|[from] ability: Libero\n|-damage|p2a: Bellibolt|56\/100\n|-start|p2a: Bellibolt|Charge|U-turn|[from] ability: Electromorphosis\n|\n|t:|1701195398\n|switch|p1a: Great Tusk|Great Tusk|82\/100 tox|[from] U-turn\n|move|p2a: Bellibolt|Parabolic Charge|p1a: Great Tusk\n|-immune|p1a: Great Tusk\n|-end|p2a: Bellibolt|Charge|[silent]\n|\n|-heal|p1a: Great Tusk|88\/100 tox|[from] item: Leftovers\n|-heal|p2a: Bellibolt|62\/100|[from] item: Leftovers\n|-damage|p1a: Great Tusk|82\/100 tox|[from] psn\n|upkeep\n|turn|9\n|\n|t:|1701195414\n|-end|p1a: Great Tusk|Protosynthesis|[silent]\n|switch|p1a: Jolteon|Jolteon, M|100\/100\n|-terastallize|p2a: Bellibolt|Flying\n|move|p2a: Bellibolt|Slack Off|p2a: Bellibolt\n|-heal|p2a: Bellibolt|100\/100\n|\n|upkeep\n|turn|10\n|\n|t:|1701195425\n|switch|p2a: Great Tusk|Great Tusk|100\/100\n|-damage|p2a: Great Tusk|98\/100|[from] Stealth Rock\n|move|p1a: Jolteon|Thunderbolt|p2a: Great Tusk\n|-immune|p2a: Great Tusk\n|\n|-heal|p2a: Great Tusk|100\/100|[from] item: Leftovers\n|upkeep\n|turn|11\n|inactive|Samimi has 120 seconds left.\n|\n|t:|1701195447\n|switch|p1a: Dondozo|Dondozo, F|100\/100\n|move|p2a: Great Tusk|Rapid Spin|p1a: Dondozo\n|-damage|p1a: Dondozo|92\/100\n|-boost|p2a: Great Tusk|spe|1\n|-sideend|p2: bbtrickz|Stealth Rock|[from] move: Rapid Spin|[of] p2a: Great Tusk\n|\n|-heal|p1a: Dondozo|98\/100|[from] item: Leftovers\n|upkeep\n|turn|12\n|inactive|Samimi has 120 seconds left.\n|\n|t:|1701195463\n|move|p2a: Great Tusk|Knock Off|p1a: Dondozo\n|-damage|p1a: Dondozo|84\/100\n|-enditem|p1a: Dondozo|Leftovers|[from] move: Knock Off|[of] p2a: Great Tusk\n|move|p1a: Dondozo|Liquidation|p2a: Great Tusk\n|-supereffective|p2a: Great Tusk\n|-damage|p2a: Great Tusk|56\/100\n|\n|-heal|p2a: Great Tusk|62\/100|[from] item: Leftovers\n|upkeep\n|turn|13\n|inactive|Samimi has 120 seconds left.\n|inactive|bbtrickz has 120 seconds left.\n|\n|t:|1701195493\n|-end|p2a: Great Tusk|Protosynthesis|[silent]\n|switch|p2a: Bellibolt|Bellibolt, F, tera:Flying|100\/100\n|move|p1a: Dondozo|Curse|p1a: Dondozo\n|-unboost|p1a: Dondozo|spe|1\n|-boost|p1a: Dondozo|atk|1\n|-boost|p1a: Dondozo|def|1\n|\n|upkeep\n|turn|14\n|inactive|Samimi has 120 seconds left.\n|\n|t:|1701195504\n|switch|p1a: Great Tusk|Great Tusk|82\/100 tox\n|move|p2a: Bellibolt|Charge Beam|p1a: Great Tusk\n|-immune|p1a: Great Tusk\n|\n|-heal|p1a: Great Tusk|88\/100 tox|[from] item: Leftovers\n|-damage|p1a: Great Tusk|82\/100 tox|[from] psn\n|upkeep\n|turn|15\n|inactive|Samimi has 120 seconds left.\n|\n|t:|1701195518\n|switch|p2a: Corviknight|Corviknight, F|60\/100\n|-ability|p2a: Corviknight|Pressure\n|move|p1a: Great Tusk|Stealth Rock|p2a: Corviknight\n|-sidestart|p2: bbtrickz|move: Stealth Rock\n|\n|-heal|p1a: Great Tusk|88\/100 tox|[from] item: Leftovers\n|-heal|p2a: Corviknight|66\/100|[from] item: Leftovers\n|-damage|p1a: Great Tusk|76\/100 tox|[from] psn\n|upkeep\n|turn|16\n|inactive|Samimi has 120 seconds left.\n|\n|t:|1701195529\n|-end|p1a: Great Tusk|Protosynthesis|[silent]\n|switch|p1a: Jolteon|Jolteon, M|100\/100\n|move|p2a: Corviknight|Body Press|p1a: Jolteon\n|-damage|p1a: Jolteon|54\/100\n|\n|-heal|p2a: Corviknight|73\/100|[from] item: Leftovers\n|upkeep\n|turn|17\n|inactive|Samimi has 120 seconds left.\n|\n|t:|1701195543\n|switch|p2a: Dragapult|Dragapult, F|100\/100\n|-terastallize|p1a: Jolteon|Ice\n|move|p1a: Jolteon|Tera Blast|p2a: Dragapult|[anim] Tera Blast Ice\n|-supereffective|p2a: Dragapult\n|-damage|p2a: Dragapult|0 fnt\n|faint|p2a: Dragapult\n|\n|upkeep\n|\n|t:|1701195550\n|switch|p2a: Clefable|Clefable, F|100\/100\n|turn|18\n|inactive|Samimi has 120 seconds left.\n|\n|t:|1701195569\n|switch|p1a: Cinderace|Cinderace, F|48\/100\n|move|p2a: Clefable|Moonblast|p1a: Cinderace\n|-resisted|p1a: Cinderace\n|-damage|p1a: Cinderace|28\/100\n|\n|upkeep\n|turn|19\n|\n|t:|1701195582\n|move|p1a: Cinderace|Pyro Ball|p2a: Clefable\n|-damage|p2a: Clefable|32\/100\n|move|p2a: Clefable|Stealth Rock|p1a: Cinderace\n|-sidestart|p1: Samimi|move: Stealth Rock\n|\n|-heal|p2a: Clefable|38\/100|[from] item: Leftovers\n|upkeep\n|turn|20\n|\n|t:|1701195592\n|move|p1a: Cinderace|Pyro Ball|p2a: Clefable\n|-damage|p2a: Clefable|0 fnt\n|faint|p2a: Clefable\n|\n|upkeep\n|\n|t:|1701195595\n|switch|p2a: Manaphy|Manaphy|100\/100\n|-damage|p2a: Manaphy|88\/100|[from] Stealth Rock\n|turn|21\n|\n|t:|1701195600\n|move|p1a: Cinderace|U-turn|p2a: Manaphy\n|-start|p1a: Cinderace|typechange|Bug|[from] ability: Libero\n|-damage|p2a: Manaphy|65\/100\n|\n|t:|1701195615\n|switch|p1a: Ogerpon|Ogerpon-Wellspring, F|100\/100|[from] U-turn\n|-damage|p1a: Ogerpon|88\/100|[from] Stealth Rock\n|move|p2a: Manaphy|Acid Armor|p2a: Manaphy\n|-boost|p2a: Manaphy|def|2\n|\n|-heal|p2a: Manaphy|71\/100|[from] item: Leftovers\n|upkeep\n|turn|22\n|\n|t:|1701195639\n|move|p1a: Ogerpon|Swords Dance|p1a: Ogerpon\n|-boost|p1a: Ogerpon|atk|2\n|move|p2a: Manaphy|Scald|p1a: Ogerpon\n|-heal|p1a: Ogerpon|100\/100|[from] ability: Water Absorb|[of] p2a: Manaphy\n|\n|-heal|p2a: Manaphy|77\/100|[from] item: Leftovers\n|upkeep\n|turn|23\n|\n|t:|1701195649\n|move|p1a: Ogerpon|Trailblaze|p2a: Manaphy\n|-supereffective|p2a: Manaphy\n|-damage|p2a: Manaphy|40\/100\n|-boost|p1a: Ogerpon|spe|1\n|move|p2a: Manaphy|Acid Armor|p2a: Manaphy\n|-boost|p2a: Manaphy|def|2\n|\n|-heal|p2a: Manaphy|47\/100|[from] item: Leftovers\n|upkeep\n|turn|24\n|\n|t:|1701195659\n|move|p1a: Ogerpon|Swords Dance|p1a: Ogerpon\n|-boost|p1a: Ogerpon|atk|2\n|move|p2a: Manaphy|Stored Power|p1a: Ogerpon\n|-damage|p1a: Ogerpon|72\/100\n|\n|-heal|p2a: Manaphy|53\/100|[from] item: Leftovers\n|upkeep\n|turn|25\n|\n|t:|1701195668\n|move|p1a: Ogerpon|Horn Leech|p2a: Manaphy\n|-supereffective|p2a: Manaphy\n|-damage|p2a: Manaphy|0 fnt\n|-heal|p1a: Ogerpon|100\/100|[from] drain|[of] p2a: Manaphy\n|faint|p2a: Manaphy\n|\n|upkeep\n|\n|t:|1701195672\n|switch|p2a: Bellibolt|Bellibolt, F, tera:Flying|100\/100\n|-damage|p2a: Bellibolt|76\/100|[from] Stealth Rock\n|turn|26\n|\n|t:|1701195686\n|move|p1a: Ogerpon|Ivy Cudgel|p2a: Bellibolt|[anim] Ivy Cudgel Water\n|-damage|p2a: Bellibolt|0 fnt\n|faint|p2a: Bellibolt\n|\n|upkeep\n|-message|bbtrickz forfeited.\n|\n|win|Samimi\n|raw|Samimi's rating: 1338 &rarr; <strong>1356<\/strong><br \/>(+18 for winning)\n|raw|bbtrickz's rating: 1304 &rarr; <strong>1286<\/strong><br \/>(-18 for losing)\n|l|\u2606bbtrickz\n","uploadtime":1701195695,"views":1,"p1id":"samimi","p2id":"bbtrickz","formatid":"gen9ou","rating":1286,"private":0,"password":""}