{"id":"gen9ou-1997817265","p1":"Samiaou","p2":"DiffusedTurtle","format":"[Gen 9] OU","log":"|j|\u2606Samiaou\n|j|\u2606DiffusedTurtle\n|t:|1700855893\n|gametype|singles\n|player|p1|Samiaou|volo|1559\n|player|p2|DiffusedTurtle|musician|1734\n|teamsize|p1|6\n|teamsize|p2|6\n|gen|9\n|tier|[Gen 9] OU\n|rated|\n|rule|Sleep Clause Mod: Limit one foe put to sleep\n|rule|Species Clause: Limit one of each Pok\u00e9mon\n|rule|OHKO Clause: OHKO moves are banned\n|rule|Evasion Items Clause: Evasion items are banned\n|rule|Evasion Moves Clause: Evasion moves are banned\n|rule|Endless Battle Clause: Forcing endless battles is banned\n|rule|HP Percentage Mod: HP is shown in percentages\n|clearpoke\n|poke|p1|Kingambit, F|\n|poke|p1|Great Tusk|\n|poke|p1|Dragapult, M|\n|poke|p1|Ogerpon-Wellspring, F|\n|poke|p1|Blissey, F|\n|poke|p1|Zapdos|\n|poke|p2|Ceruledge, F|\n|poke|p2|Cinderace, M|\n|poke|p2|Ninetales-Alola, M|\n|poke|p2|Manaphy|\n|poke|p2|Samurott-Hisui, F|\n|poke|p2|Zamazenta-*|\n|teampreview\n|inactive|Battle timer is ON: inactive players will automatically lose when time's up. (requested by DiffusedTurtle)\n|inactive|Samiaou has 120 seconds left.\n|inactive|DiffusedTurtle has 120 seconds left.\n|\n|t:|1700855939\n|start\n|switch|p1a: Lanssorien|Ogerpon-Wellspring, F|100\/100\n|switch|p2a: number five|Samurott-Hisui, F|100\/100\n|turn|1\n|inactive|Samiaou has 120 seconds left.\n|inactive|Samiaou has 90 seconds left.\n|\n|t:|1700856014\n|move|p1a: Lanssorien|Power Whip|p2a: number five|[miss]\n|-miss|p1a: Lanssorien|p2a: number five\n|move|p2a: number five|Ceaseless Edge|p1a: Lanssorien\n|-damage|p1a: Lanssorien|40\/100\n|-sidestart|p1: Samiaou|Spikes\n|\n|upkeep\n|turn|2\n|\n|t:|1700856024\n|move|p1a: Lanssorien|Ivy Cudgel|p2a: number five|[anim] Ivy Cudgel Water\n|-resisted|p2a: number five\n|-damage|p2a: number five|65\/100\n|move|p2a: number five|Ceaseless Edge|p1a: Lanssorien\n|-damage|p1a: Lanssorien|0 fnt\n|-sidestart|p1: Samiaou|Spikes\n|faint|p1a: Lanssorien\n|\n|upkeep\n|\n|t:|1700856030\n|switch|p1a: Leuphorie|Great Tusk|100\/100\n|-damage|p1a: Leuphorie|84\/100|[from] Spikes\n|turn|3\n|\n|t:|1700856034\n|-terastallize|p2a: number five|Ghost\n|move|p1a: Leuphorie|Knock Off|p2a: number five\n|-supereffective|p2a: number five\n|-crit|p2a: number five\n|-damage|p2a: number five|0 fnt\n|-enditem|p2a: number five|Focus Sash|[from] move: Knock Off|[of] p1a: Leuphorie\n|faint|p2a: number five\n|\n|-heal|p1a: Leuphorie|90\/100|[from] item: Leftovers\n|upkeep\n|\n|t:|1700856042\n|switch|p2a: you are my fire|Ceruledge, F|100\/100\n|turn|4\n|\n|t:|1700856058\n|move|p1a: Leuphorie|Bulk Up|p1a: Leuphorie\n|-boost|p1a: Leuphorie|atk|1\n|-boost|p1a: Leuphorie|def|1\n|move|p2a: you are my fire|Swords Dance|p2a: you are my fire\n|-boost|p2a: you are my fire|atk|2\n|\n|-heal|p1a: Leuphorie|96\/100|[from] item: Leftovers\n|upkeep\n|turn|5\n|\n|t:|1700856068\n|move|p1a: Leuphorie|Bulk Up|p1a: Leuphorie\n|-boost|p1a: Leuphorie|atk|1\n|-boost|p1a: Leuphorie|def|1\n|move|p2a: you are my fire|Swords Dance|p2a: you are my fire\n|-boost|p2a: you are my fire|atk|2\n|\n|-heal|p1a: Leuphorie|100\/100|[from] item: Leftovers\n|upkeep\n|turn|6\n|\n|t:|1700856073\n|move|p1a: Leuphorie|Bulk Up|p1a: Leuphorie\n|-boost|p1a: Leuphorie|atk|1\n|-boost|p1a: Leuphorie|def|1\n|move|p2a: you are my fire|Swords Dance|p2a: you are my fire\n|-boost|p2a: you are my fire|atk|2\n|\n|upkeep\n|turn|7\n|\n|t:|1700856077\n|move|p1a: Leuphorie|Bulk Up|p1a: Leuphorie\n|-boost|p1a: Leuphorie|atk|1\n|-boost|p1a: Leuphorie|def|1\n|move|p2a: you are my fire|Poltergeist|p1a: Leuphorie\n|-activate|p1a: Leuphorie|move: Poltergeist|Leftovers\n|-damage|p1a: Leuphorie|51\/100\n|\n|-heal|p1a: Leuphorie|58\/100|[from] item: Leftovers\n|upkeep\n|turn|8\n|\n|t:|1700856082\n|move|p1a: Leuphorie|Bulk Up|p1a: Leuphorie\n|-boost|p1a: Leuphorie|atk|1\n|-boost|p1a: Leuphorie|def|1\n|move|p2a: you are my fire|Bitter Blade|p1a: Leuphorie\n|-damage|p1a: Leuphorie|22\/100\n|\n|-heal|p1a: Leuphorie|28\/100|[from] item: Leftovers\n|upkeep\n|turn|9\n|\n|t:|1700856092\n|move|p1a: Leuphorie|Earthquake|p2a: you are my fire\n|-supereffective|p2a: you are my fire\n|-enditem|p2a: you are my fire|Focus Sash\n|-damage|p2a: you are my fire|1\/100\n|-ability|p2a: you are my fire|Weak Armor|boost\n|-unboost|p2a: you are my fire|def|1\n|-boost|p2a: you are my fire|spe|2\n|move|p2a: you are my fire|Poltergeist|p1a: Leuphorie\n|-activate|p1a: Leuphorie|move: Poltergeist|Leftovers\n|-damage|p1a: Leuphorie|0 fnt\n|faint|p1a: Leuphorie\n|-end|p1a: Leuphorie|Protosynthesis|[silent]\n|\n|upkeep\n|\n|t:|1700856100\n|switch|p1a: Electhor|Kingambit, F|100\/100\n|-damage|p1a: Electhor|84\/100|[from] Spikes\n|-activate|p1a: Electhor|ability: Supreme Overlord\n|-start|p1a: Electhor|fallen2|[silent]\n|turn|10\n|\n|t:|1700856103\n|move|p1a: Electhor|Sucker Punch||[still]\n|-fail|p1a: Electhor\n|move|p2a: you are my fire|Destiny Bond|p2a: you are my fire\n|-singlemove|p2a: you are my fire|Destiny Bond\n|\n|upkeep\n|turn|11\n|\n|t:|1700856111\n|move|p1a: Electhor|Sucker Punch|p2a: you are my fire\n|-supereffective|p2a: you are my fire\n|-damage|p2a: you are my fire|0 fnt\n|faint|p2a: you are my fire\n|-activate|p2a: you are my fire|move: Destiny Bond\n|faint|p1a: Electhor\n|-end|p1a: Electhor|fallen2|[silent]\n|\n|upkeep\n|inactive|DiffusedTurtle has 120 seconds left.\n|\n|t:|1700856151\n|switch|p2a: believe when i say|Ninetales-Alola, M|100\/100\n|switch|p1a: Fort-Ivoire|Blissey, F|100\/100\n|-weather|Snow|[from] ability: Snow Warning|[of] p2a: believe when i say\n|turn|12\n|\n|t:|1700856154\n|move|p2a: believe when i say|Aurora Veil|p2a: believe when i say\n|-sidestart|p2: DiffusedTurtle|move: Aurora Veil\n|move|p1a: Fort-Ivoire|Stealth Rock|p2a: believe when i say\n|-sidestart|p2: DiffusedTurtle|move: Stealth Rock\n|\n|-weather|Snow|[upkeep]\n|upkeep\n|turn|13\n|\n|t:|1700856157\n|switch|p1a: Scalpereur|Zapdos|100\/100\n|move|p2a: believe when i say|Encore||[still]\n|-fail|p2a: believe when i say\n|\n|-weather|Snow|[upkeep]\n|upkeep\n|turn|14\n|\n|t:|1700856160\n|switch|p1a: Fort-Ivoire|Blissey, F|100\/100\n|move|p2a: believe when i say|Freeze-Dry|p1a: Fort-Ivoire\n|-damage|p1a: Fort-Ivoire|94\/100\n|\n|-weather|Snow|[upkeep]\n|upkeep\n|turn|15\n|\n|t:|1700856165\n|switch|p2a: my one desire|Cinderace, M|100\/100\n|move|p1a: Fort-Ivoire|Seismic Toss|p2a: my one desire\n|-damage|p2a: my one desire|72\/100\n|\n|-weather|Snow|[upkeep]\n|upkeep\n|turn|16\n|\n|t:|1700856168\n|move|p2a: my one desire|Pyro Ball|p1a: Fort-Ivoire\n|-damage|p1a: Fort-Ivoire|55\/100\n|move|p1a: Fort-Ivoire|Seismic Toss|p2a: my one desire\n|-damage|p2a: my one desire|44\/100\n|\n|-weather|none\n|upkeep\n|turn|17\n|\n|t:|1700856175\n|move|p2a: my one desire|U-turn|p1a: Fort-Ivoire\n|-damage|p1a: Fort-Ivoire|39\/100\n|\n|t:|1700856176\n|switch|p2a: tell me why|Zamazenta|100\/100|[from] U-turn\n|-damage|p2a: tell me why|94\/100|[from] Stealth Rock\n|-ability|p2a: tell me why|Dauntless Shield|boost\n|-boost|p2a: tell me why|def|1\n|move|p1a: Fort-Ivoire|Soft-Boiled|p1a: Fort-Ivoire\n|-heal|p1a: Fort-Ivoire|89\/100\n|\n|-heal|p2a: tell me why|100\/100|[from] item: Leftovers\n|upkeep\n|turn|18\n|\n|t:|1700856180\n|switch|p1a: Scalpereur|Zapdos|100\/100\n|move|p2a: tell me why|Iron Defense|p2a: tell me why\n|-boost|p2a: tell me why|def|2\n|\n|upkeep\n|turn|19\n|\n|t:|1700856190\n|move|p2a: tell me why|Body Press|p1a: Scalpereur\n|-resisted|p1a: Scalpereur\n|-crit|p1a: Scalpereur\n|-damage|p1a: Scalpereur|50\/100\n|move|p1a: Scalpereur|Hurricane|p2a: tell me why\n|-supereffective|p2a: tell me why\n|-damage|p2a: tell me why|62\/100\n|\n|-heal|p2a: tell me why|68\/100|[from] item: Leftovers\n|-sideend|p2: DiffusedTurtle|move: Aurora Veil\n|upkeep\n|turn|20\n|\n|t:|1700856196\n|move|p2a: tell me why|Body Press|p1a: Scalpereur\n|-resisted|p1a: Scalpereur\n|-damage|p1a: Scalpereur|11\/100\n|move|p1a: Scalpereur|Roost|p1a: Scalpereur\n|-heal|p1a: Scalpereur|61\/100\n|-singleturn|p1a: Scalpereur|move: Roost\n|\n|-heal|p2a: tell me why|74\/100|[from] item: Leftovers\n|upkeep\n|turn|21\n|\n|t:|1700856199\n|move|p2a: tell me why|Iron Defense|p2a: tell me why\n|-boost|p2a: tell me why|def|2\n|move|p1a: Scalpereur|Roost|p1a: Scalpereur\n|-heal|p1a: Scalpereur|100\/100\n|-singleturn|p1a: Scalpereur|move: Roost\n|\n|-heal|p2a: tell me why|80\/100|[from] item: Leftovers\n|upkeep\n|turn|22\n|\n|t:|1700856202\n|move|p2a: tell me why|Body Press|p1a: Scalpereur\n|-resisted|p1a: Scalpereur\n|-damage|p1a: Scalpereur|53\/100\n|move|p1a: Scalpereur|Hurricane|p2a: tell me why\n|-supereffective|p2a: tell me why\n|-damage|p2a: tell me why|5\/100\n|\n|-heal|p2a: tell me why|11\/100|[from] item: Leftovers\n|upkeep\n|turn|23\n|\n|t:|1700856208\n|move|p2a: tell me why|Body Press|p1a: Scalpereur\n|-resisted|p1a: Scalpereur\n|-damage|p1a: Scalpereur|0 fnt\n|-status|p2a: tell me why|par|[from] ability: Static|[of] p1a: Scalpereur\n|faint|p1a: Scalpereur\n|\n|-heal|p2a: tell me why|17\/100 par|[from] item: Leftovers\n|upkeep\n|\n|t:|1700856216\n|switch|p1a: Ogerpon du Puits|Dragapult, M|100\/100\n|-damage|p1a: Ogerpon du Puits|84\/100|[from] Spikes\n|turn|24\n|\n|t:|1700856221\n|move|p1a: Ogerpon du Puits|Shadow Ball|p2a: tell me why\n|-damage|p2a: tell me why|0 fnt\n|faint|p2a: tell me why\n|\n|upkeep\n|inactive|DiffusedTurtle has 120 seconds left.\n|c|\u2606DiffusedTurtle|j'ai les rapports sexual avec ta mere :)\n|\n|t:|1700856262\n|switch|p2a: believe when i say|Ninetales-Alola, M|100\/100\n|-damage|p2a: believe when i say|76\/100|[from] Stealth Rock\n|-weather|Snow|[from] ability: Snow Warning|[of] p2a: believe when i say\n|turn|25\n|c|\u2606Samiaou|tr\u00e8s dr\u00f4le\n|\n|t:|1700856270\n|-terastallize|p1a: Ogerpon du Puits|Ghost\n|move|p1a: Ogerpon du Puits|Shadow Ball|p2a: believe when i say\n|-damage|p2a: believe when i say|8\/100\n|move|p2a: believe when i say|Freeze-Dry|p1a: Ogerpon du Puits\n|-damage|p1a: Ogerpon du Puits|58\/100\n|\n|-weather|Snow|[upkeep]\n|upkeep\n|turn|26\n|\n|t:|1700856279\n|move|p1a: Ogerpon du Puits|Shadow Ball|p2a: believe when i say\n|-damage|p2a: believe when i say|0 fnt\n|faint|p2a: believe when i say\n|\n|-weather|Snow|[upkeep]\n|upkeep\n|inactive|DiffusedTurtle has 120 seconds left.\n|c|\u2606DiffusedTurtle|je suis desole\n|\n|t:|1700856297\n|switch|p2a: i want it that way|Manaphy|100\/100\n|-damage|p2a: i want it that way|88\/100|[from] Stealth Rock\n|turn|27\n|inactive|DiffusedTurtle has 120 seconds left.\n|\n|t:|1700856322\n|move|p1a: Ogerpon du Puits|Shadow Ball|p2a: i want it that way\n|-damage|p2a: i want it that way|25\/100\n|move|p2a: i want it that way|Take Heart|p2a: i want it that way\n|-boost|p2a: i want it that way|spa|1\n|-boost|p2a: i want it that way|spd|1\n|\n|-weather|Snow|[upkeep]\n|-heal|p2a: i want it that way|31\/100|[from] item: Leftovers\n|upkeep\n|turn|28\n|c|\u2606DiffusedTurtle|gg\n|c|\u2606Samiaou|il ne faut pas dire ce genre de choses :(\n|c|\u2606Samiaou|gg\n|\n|t:|1700856331\n|move|p1a: Ogerpon du Puits|Shadow Ball|p2a: i want it that way\n|-damage|p2a: i want it that way|0 fnt\n|faint|p2a: i want it that way\n|\n|-weather|Snow|[upkeep]\n|upkeep\n|\n|t:|1700856333\n|switch|p2a: my one desire|Cinderace, M|44\/100\n|turn|29\n|\n|t:|1700856340\n|move|p1a: Ogerpon du Puits|Shadow Ball|p2a: my one desire\n|-damage|p2a: my one desire|0 fnt\n|faint|p2a: my one desire\n|\n|win|Samiaou\n|raw|Samiaou's rating: 1559 &rarr; <strong>1588<\/strong><br \/>(+29 for winning)\n|raw|DiffusedTurtle's rating: 1734 &rarr; <strong>1705<\/strong><br \/>(-29 for losing)\n|l|\u2606DiffusedTurtle\n|l|\u2606Samiaou\n|j|\u2606DiffusedTurtle\n|player|p2|DiffusedTurtle|musician\n","uploadtime":1700856258,"views":4,"p1id":"samiaou","p2id":"diffusedturtle","formatid":"gen9ou","rating":1588,"private":0,"password":""}