{"id":"gen9ou-1994599723","p1":"Poyourt","p2":"juicepar","format":"[Gen 9] OU","log":"|j|\u2606Poyourt\n|j|\u2606juicepar\n|t:|1700467132\n|gametype|singles\n|player|p1|Poyourt|102|1347\n|player|p2|juicepar|170|1323\n|teamsize|p1|6\n|teamsize|p2|6\n|gen|9\n|tier|[Gen 9] OU\n|rated|\n|rule|Sleep Clause Mod: Limit one foe put to sleep\n|rule|Species Clause: Limit one of each Pok\u00e9mon\n|rule|OHKO Clause: OHKO moves are banned\n|rule|Evasion Items Clause: Evasion items are banned\n|rule|Evasion Moves Clause: Evasion moves are banned\n|rule|Endless Battle Clause: Forcing endless battles is banned\n|rule|HP Percentage Mod: HP is shown in percentages\n|clearpoke\n|poke|p1|Moltres-Galar|\n|poke|p1|Okidogi, M|\n|poke|p1|Alomomola, F|\n|poke|p1|Dragapult, M|\n|poke|p1|Corviknight, M|\n|poke|p1|Rotom-Heat|\n|poke|p2|Alomomola, F|\n|poke|p2|Slowking-Galar, F|\n|poke|p2|Kingambit, F|\n|poke|p2|Great Tusk|\n|poke|p2|Cinderace, F|\n|poke|p2|Thundurus-Therian, M|\n|teampreview\n|inactive|Battle timer is ON: inactive players will automatically lose when time's up. (requested by Poyourt)\n|inactive|Poyourt has 120 seconds left.\n|\n|t:|1700467174\n|start\n|switch|p1a: Rotom|Rotom-Heat|100\/100\n|switch|p2a: Thundurus|Thundurus-Therian, M|100\/100\n|turn|1\n|\n|t:|1700467197\n|move|p2a: Thundurus|Knock Off|p1a: Rotom\n|-damage|p1a: Rotom|83\/100\n|-enditem|p1a: Rotom|Heavy-Duty Boots|[from] move: Knock Off|[of] p2a: Thundurus\n|move|p1a: Rotom|Overheat|p2a: Thundurus|[miss]\n|-miss|p1a: Rotom|p2a: Thundurus\n|\n|upkeep\n|turn|2\n|\n|t:|1700467208\n|switch|p2a: Alomomola|Alomomola, F|100\/100\n|move|p1a: Rotom|Will-O-Wisp|p2a: Alomomola\n|-status|p2a: Alomomola|brn\n|\n|-damage|p2a: Alomomola|94\/100 brn|[from] brn\n|upkeep\n|turn|3\n|\n|t:|1700467215\n|move|p1a: Rotom|Volt Switch|p2a: Alomomola\n|-supereffective|p2a: Alomomola\n|-damage|p2a: Alomomola|46\/100 brn\n|-enditem|p2a: Alomomola|Red Card|[of] p1a: Rotom\n|drag|p1a: Corviknight|Corviknight, M|100\/100\n|move|p2a: Alomomola|Flip Turn|p1a: Corviknight\n|-crit|p1a: Corviknight\n|-damage|p1a: Corviknight|90\/100\n|inactive|juicepar has 120 seconds left.\n|\n|t:|1700467235\n|switch|p2a: Cinderace|Cinderace, F|100\/100|[from] Flip Turn\n|\n|-heal|p1a: Corviknight|96\/100|[from] item: Leftovers\n|upkeep\n|turn|4\n|inactive|Poyourt has 120 seconds left.\n|\n|t:|1700467267\n|switch|p1a: Rotom|Rotom-Heat|83\/100\n|move|p2a: Cinderace|Will-O-Wisp|p1a: Rotom\n|-immune|p1a: Rotom\n|\n|upkeep\n|turn|5\n|inactive|Poyourt has 120 seconds left.\n|\n|t:|1700467297\n|move|p2a: Cinderace|U-turn|p1a: Rotom\n|-start|p2a: Cinderace|typechange|Bug|[from] ability: Libero\n|-resisted|p1a: Rotom\n|-damage|p1a: Rotom|68\/100\n|\n|t:|1700467311\n|switch|p2a: Slowking|Slowking-Galar, F|100\/100|[from] U-turn\n|move|p1a: Rotom|Will-O-Wisp|p2a: Slowking\n|-status|p2a: Slowking|brn\n|\n|-damage|p2a: Slowking|94\/100 brn|[from] brn\n|upkeep\n|turn|6\n|\n|t:|1700467323\n|move|p1a: Rotom|Volt Switch|p2a: Slowking\n|-damage|p2a: Slowking|81\/100 brn\n|\n|t:|1700467326\n|switch|p1a: Dragapult|Dragapult, M|100\/100|[from] Volt Switch\n|move|p2a: Slowking|Future Sight|p1a: Dragapult\n|-start|p2a: Slowking|move: Future Sight\n|\n|-damage|p2a: Slowking|75\/100 brn|[from] brn\n|upkeep\n|turn|7\n|inactive|Poyourt has 120 seconds left.\n|\n|t:|1700467348\n|switch|p2a: Kingambit|Kingambit, F|100\/100\n|move|p1a: Dragapult|Hex|p2a: Kingambit\n|-resisted|p2a: Kingambit\n|-damage|p2a: Kingambit|86\/100\n|\n|-heal|p2a: Kingambit|92\/100|[from] item: Leftovers\n|upkeep\n|turn|8\n|\n|t:|1700467359\n|switch|p1a: Okidogi|Okidogi, M|100\/100\n|move|p2a: Kingambit|Iron Head|p1a: Okidogi\n|-crit|p1a: Okidogi\n|-damage|p1a: Okidogi|38\/100\n|\n|-end|p1a: Okidogi|move: Future Sight\n|-supereffective|p1a: Okidogi\n|-damage|p1a: Okidogi|0 fnt\n|faint|p1a: Okidogi\n|-heal|p2a: Kingambit|98\/100|[from] item: Leftovers\n|upkeep\n|\n|t:|1700467371\n|switch|p1a: Rotom|Rotom-Heat|68\/100\n|turn|9\n|\n|t:|1700467379\n|-end|p2a: Kingambit|fallenundefined|[silent]\n|switch|p2a: Slowking|Slowking-Galar, F|100\/100 brn\n|move|p1a: Rotom|Will-O-Wisp|p2a: Slowking\n|-fail|p2a: Slowking|brn\n|\n|-damage|p2a: Slowking|94\/100 brn|[from] brn\n|upkeep\n|turn|10\n|\n|t:|1700467385\n|move|p1a: Rotom|Volt Switch|p2a: Slowking\n|-damage|p2a: Slowking|80\/100 brn\n|\n|t:|1700467389\n|switch|p1a: Dragapult|Dragapult, M|100\/100|[from] Volt Switch\n|move|p2a: Slowking|Future Sight|p1a: Dragapult\n|-start|p2a: Slowking|move: Future Sight\n|\n|-damage|p2a: Slowking|74\/100 brn|[from] brn\n|upkeep\n|turn|11\n|\n|t:|1700467395\n|switch|p2a: Kingambit|Kingambit, F|98\/100\n|move|p1a: Dragapult|Will-O-Wisp|p2a: Kingambit\n|-status|p2a: Kingambit|brn\n|\n|-heal|p2a: Kingambit|100\/100 brn|[from] item: Leftovers\n|-damage|p2a: Kingambit|94\/100 brn|[from] brn\n|upkeep\n|turn|12\n|\n|t:|1700467407\n|move|p1a: Dragapult|U-turn|p2a: Kingambit\n|-damage|p2a: Kingambit|81\/100 brn\n|\n|t:|1700467410\n|switch|p1a: Alomomola|Alomomola, F|100\/100|[from] U-turn\n|move|p2a: Kingambit|Kowtow Cleave|p1a: Alomomola\n|-damage|p1a: Alomomola|87\/100\n|\n|-end|p1a: Alomomola|move: Future Sight\n|-damage|p1a: Alomomola|30\/100\n|-heal|p2a: Kingambit|88\/100 brn|[from] item: Leftovers\n|-damage|p2a: Kingambit|81\/100 brn|[from] brn\n|upkeep\n|turn|13\n|\n|t:|1700467423\n|move|p2a: Kingambit|Swords Dance|p2a: Kingambit\n|-boost|p2a: Kingambit|atk|2\n|move|p1a: Alomomola|Wish|p1a: Alomomola\n|\n|-heal|p2a: Kingambit|88\/100 brn|[from] item: Leftovers\n|-damage|p2a: Kingambit|81\/100 brn|[from] brn\n|upkeep\n|turn|14\n|\n|t:|1700467429\n|move|p2a: Kingambit|Swords Dance|p2a: Kingambit\n|-boost|p2a: Kingambit|atk|2\n|move|p1a: Alomomola|Flip Turn|p2a: Kingambit\n|-damage|p2a: Kingambit|70\/100 brn\n|\n|t:|1700467432\n|switch|p1a: Rotom|Rotom-Heat|68\/100|[from] Flip Turn\n|\n|-heal|p1a: Rotom|100\/100|[from] move: Wish|[wisher] Alomomola\n|-heal|p2a: Kingambit|76\/100 brn|[from] item: Leftovers\n|-damage|p2a: Kingambit|70\/100 brn|[from] brn\n|upkeep\n|turn|15\n|\n|t:|1700467438\n|move|p2a: Kingambit|Sucker Punch|p1a: Rotom\n|-damage|p1a: Rotom|49\/100\n|move|p1a: Rotom|Overheat|p2a: Kingambit\n|-supereffective|p2a: Kingambit\n|-damage|p2a: Kingambit|0 fnt\n|-unboost|p1a: Rotom|spa|2\n|faint|p2a: Kingambit\n|-end|p2a: Kingambit|fallenundefined|[silent]\n|\n|upkeep\n|\n|t:|1700467449\n|switch|p2a: Thundurus|Thundurus-Therian, M|100\/100\n|turn|16\n|\n|t:|1700467457\n|-terastallize|p2a: Thundurus|Flying\n|move|p2a: Thundurus|Tera Blast|p1a: Rotom|[anim] Tera Blast Flying\n|-resisted|p1a: Rotom\n|-damage|p1a: Rotom|5\/100\n|move|p1a: Rotom|Will-O-Wisp|p2a: Thundurus\n|-status|p2a: Thundurus|brn\n|\n|-damage|p2a: Thundurus|94\/100 brn|[from] brn\n|upkeep\n|turn|17\n|\n|t:|1700467466\n|move|p2a: Thundurus|Tera Blast|p1a: Rotom|[anim] Tera Blast Flying\n|-resisted|p1a: Rotom\n|-damage|p1a: Rotom|0 fnt\n|faint|p1a: Rotom\n|\n|-damage|p2a: Thundurus|88\/100 brn|[from] brn\n|upkeep\n|\n|t:|1700467472\n|switch|p1a: Alomomola|Alomomola, F|63\/100\n|turn|18\n|\n|t:|1700467476\n|move|p1a: Alomomola|Protect|p1a: Alomomola\n|-singleturn|p1a: Alomomola|Protect\n|move|p2a: Thundurus|Tera Blast|p1a: Alomomola|[anim] Tera Blast Flying\n|-activate|p1a: Alomomola|move: Protect\n|\n|-damage|p2a: Thundurus|82\/100 brn|[from] brn\n|upkeep\n|turn|19\n|\n|t:|1700467484\n|move|p2a: Thundurus|Tera Blast|p1a: Alomomola|[anim] Tera Blast Flying\n|-damage|p1a: Alomomola|0 fnt\n|faint|p1a: Alomomola\n|\n|-damage|p2a: Thundurus|76\/100 brn|[from] brn\n|upkeep\n|\n|t:|1700467487\n|switch|p1a: Dragapult|Dragapult, M|100\/100\n|turn|20\n|\n|t:|1700467492\n|move|p1a: Dragapult|Hex|p2a: Thundurus\n|-damage|p2a: Thundurus|0 fnt\n|faint|p2a: Thundurus\n|\n|upkeep\n|\n|t:|1700467501\n|switch|p2a: Great Tusk|Great Tusk|100\/100\n|turn|21\n|\n|t:|1700467506\n|move|p1a: Dragapult|Will-O-Wisp|p2a: Great Tusk\n|-status|p2a: Great Tusk|brn\n|move|p2a: Great Tusk|Ice Spinner|p1a: Dragapult\n|-supereffective|p1a: Dragapult\n|-damage|p1a: Dragapult|62\/100\n|\n|-damage|p2a: Great Tusk|94\/100 brn|[from] brn\n|upkeep\n|turn|22\n|\n|t:|1700467512\n|move|p1a: Dragapult|Hex|p2a: Great Tusk\n|-damage|p2a: Great Tusk|5\/100 brn\n|move|p2a: Great Tusk|Ice Spinner|p1a: Dragapult\n|-supereffective|p1a: Dragapult\n|-damage|p1a: Dragapult|25\/100\n|\n|-damage|p2a: Great Tusk|0 fnt|[from] brn\n|faint|p2a: Great Tusk\n|-end|p2a: Great Tusk|Protosynthesis|[silent]\n|upkeep\n|\n|t:|1700467527\n|switch|p2a: Alomomola|Alomomola, F|79\/100 brn\n|turn|23\n|\n|t:|1700467530\n|move|p1a: Dragapult|Hex|p2a: Alomomola\n|-damage|p2a: Alomomola|31\/100 brn\n|move|p2a: Alomomola|Scald|p1a: Dragapult\n|-resisted|p1a: Dragapult\n|-damage|p1a: Dragapult|16\/100\n|-status|p1a: Dragapult|brn\n|\n|-damage|p1a: Dragapult|10\/100 brn|[from] brn\n|-damage|p2a: Alomomola|25\/100 brn|[from] brn\n|upkeep\n|turn|24\n|\n|t:|1700467536\n|switch|p2a: Cinderace|Cinderace, F|100\/100\n|move|p1a: Dragapult|Hex|p2a: Cinderace\n|-crit|p2a: Cinderace\n|-damage|p2a: Cinderace|38\/100\n|\n|-damage|p1a: Dragapult|4\/100 brn|[from] brn\n|upkeep\n|turn|25\n|\n|t:|1700467544\n|switch|p2a: Alomomola|Alomomola, F|58\/100 brn\n|move|p1a: Dragapult|Draco Meteor|p2a: Alomomola\n|-damage|p2a: Alomomola|11\/100 brn\n|-unboost|p1a: Dragapult|spa|2\n|\n|-damage|p1a: Dragapult|0 fnt|[from] brn\n|faint|p1a: Dragapult\n|-damage|p2a: Alomomola|5\/100 brn|[from] brn\n|upkeep\n|\n|t:|1700467554\n|switch|p1a: Moltres|Moltres-Galar|100\/100\n|turn|26\n|\n|t:|1700467564\n|move|p1a: Moltres|Agility|p1a: Moltres\n|-boost|p1a: Moltres|spe|2\n|move|p2a: Alomomola|Flip Turn|p1a: Moltres\n|-damage|p1a: Moltres|92\/100\n|\n|t:|1700467571\n|switch|p2a: Slowking|Slowking-Galar, F|100\/100 brn|[from] Flip Turn\n|\n|-damage|p2a: Slowking|94\/100 brn|[from] brn\n|upkeep\n|turn|27\n|\n|t:|1700467584\n|move|p1a: Moltres|Nasty Plot|p1a: Moltres\n|-boost|p1a: Moltres|spa|2\n|move|p2a: Slowking|Sludge Bomb|p1a: Moltres\n|-crit|p1a: Moltres\n|-damage|p1a: Moltres|54\/100\n|\n|-damage|p2a: Slowking|88\/100 brn|[from] brn\n|upkeep\n|turn|28\n|\n|t:|1700467590\n|move|p1a: Moltres|Fiery Wrath|p2a: Slowking\n|-supereffective|p2a: Slowking\n|-damage|p2a: Slowking|0 fnt\n|faint|p2a: Slowking\n|\n|upkeep\n|\n|t:|1700467594\n|switch|p2a: Cinderace|Cinderace, F|38\/100\n|turn|29\n|\n|t:|1700467598\n|move|p1a: Moltres|Fiery Wrath|p2a: Cinderace\n|-damage|p2a: Cinderace|0 fnt\n|faint|p2a: Cinderace\n|\n|upkeep\n|-message|juicepar forfeited.\n|\n|win|Poyourt\n|raw|Poyourt's rating: 1347 &rarr; <strong>1366<\/strong><br \/>(+19 for winning)\n|raw|juicepar's rating: 1323 &rarr; <strong>1304<\/strong><br \/>(-19 for losing)\n|l|\u2606juicepar\n","uploadtime":1700467609,"views":11,"p1id":"poyourt","p2id":"juicepar","formatid":"gen9ou","rating":1304,"private":0,"password":""}