{"id":"gen9ou-1994531691","p1":"Odd Keystone Fan","p2":"SleepyTheGhost","format":"[Gen 9] OU","log":"|j|\u2606Odd Keystone Fan\n|j|\u2606SleepyTheGhost\n|t:|1700455465\n|gametype|singles\n|player|p1|Odd Keystone Fan|ingo-hisui|\n|player|p2|SleepyTheGhost|pokemonbreederf|\n|teamsize|p1|6\n|teamsize|p2|6\n|gen|9\n|tier|[Gen 9] OU\n|rule|Sleep Clause Mod: Limit one foe put to sleep\n|rule|Species Clause: Limit one of each Pok\u00e9mon\n|rule|OHKO Clause: OHKO moves are banned\n|rule|Evasion Items Clause: Evasion items are banned\n|rule|Evasion Moves Clause: Evasion moves are banned\n|rule|Endless Battle Clause: Forcing endless battles is banned\n|rule|HP Percentage Mod: HP is shown in percentages\n|clearpoke\n|poke|p1|Rillaboom, M|\n|poke|p1|Qwilfish-Hisui, F|\n|poke|p1|Heatran, F|\n|poke|p1|Clefable, M|\n|poke|p1|Armarouge, M|\n|poke|p1|Morpeko, M|\n|poke|p2|Politoed, M|\n|poke|p2|Basculegion-F, F|\n|poke|p2|Goodra, F|\n|poke|p2|Zapdos|\n|poke|p2|Jirachi|\n|poke|p2|Cramorant, F|\n|teampreview\n|j| Luminary of Ass\n|c| Luminary of Ass|zzzzzzzzzzzzzzzzzzzzzzzzzzzzzzzzzzzzzzzzzzzz\n|c|\u2606SleepyTheGhost|josh is fucking it up\n|c| Luminary of Ass|huh?\n|c|\u2606SleepyTheGhost|dont worry bout it\n|c| Luminary of Ass|ok\n|j| jmoneystackzzz\n|\n|t:|1700455629\n|start\n|switch|p1a: Bastard Child|Qwilfish-Hisui, F|100\/100\n|switch|p2a: Giant Steps|Politoed, M|100\/100\n|-ability|p1a: Bastard Child|Intimidate|boost\n|-unboost|p2a: Giant Steps|atk|1\n|-weather|RainDance|[from] ability: Drizzle|[of] p2a: Giant Steps\n|turn|1\n|c| jmoneystackzzz|Shut up bro\n|c| jmoneystackzzz|You suck\n|c| jmoneystackzzz|and you're ill\n|\n|t:|1700455657\n|switch|p2a: I should call her|Cramorant, F, shiny|100\/100\n|move|p1a: Bastard Child|Spikes|p2a: I should call her\n|-sidestart|p2: SleepyTheGhost|Spikes\n|\n|-weather|RainDance|[upkeep]\n|upkeep\n|turn|2\n|c| Luminary of Ass|dam right im sick\n|\n|t:|1700455675\n|move|p1a: Bastard Child|Toxic|p2a: I should call her\n|-status|p2a: I should call her|tox\n|move|p2a: I should call her|Surf|p1a: Bastard Child\n|-formechange|p2a: I should call her|Cramorant-Gulping|\n|-damage|p1a: Bastard Child|51\/100\n|\n|-weather|RainDance|[upkeep]\n|-damage|p2a: I should call her|94\/100 tox|[from] psn\n|upkeep\n|turn|3\n|\n|t:|1700455687\n|move|p1a: Bastard Child|Spikes|p2a: I should call her\n|-sidestart|p2: SleepyTheGhost|Spikes\n|move|p2a: I should call her|Surf|p1a: Bastard Child\n|-damage|p1a: Bastard Child|4\/100\n|\n|-weather|RainDance|[upkeep]\n|-damage|p2a: I should call her|82\/100 tox|[from] psn\n|upkeep\n|turn|4\n|\n|t:|1700455695\n|move|p1a: Bastard Child|Spikes|p2a: I should call her\n|-sidestart|p2: SleepyTheGhost|Spikes\n|move|p2a: I should call her|Surf|p1a: Bastard Child\n|-damage|p1a: Bastard Child|0 fnt\n|faint|p1a: Bastard Child\n|\n|-weather|RainDance|[upkeep]\n|-damage|p2a: I should call her|64\/100 tox|[from] psn\n|upkeep\n|\n|t:|1700455707\n|switch|p1a: The Nasty Rat|Morpeko, M|100\/100\n|turn|5\n|\n|t:|1700455722\n|switch|p2a: Poggers|Zapdos|100\/100\n|move|p1a: The Nasty Rat|Aura Wheel|p2a: Poggers\n|-damage|p2a: Poggers|50\/100\n|-boost|p1a: The Nasty Rat|spe|1\n|\n|-weather|RainDance|[upkeep]\n|-formechange|p1a: The Nasty Rat|Morpeko-Hangry||[from] ability: Hunger Switch\n|upkeep\n|turn|6\n|\n|t:|1700455784\n|switch|p2a: .monster|Goodra, F|100\/100\n|-damage|p2a: .monster|75\/100|[from] Spikes\n|move|p1a: The Nasty Rat|Aura Wheel|p2a: .monster\n|-damage|p2a: .monster|13\/100\n|-boost|p1a: The Nasty Rat|spe|1\n|\n|-weather|RainDance|[upkeep]\n|-heal|p2a: .monster|19\/100|[from] item: Leftovers\n|-formechange|p1a: The Nasty Rat|Morpeko||[from] ability: Hunger Switch\n|upkeep\n|turn|7\n|\n|t:|1700455800\n|move|p1a: The Nasty Rat|Knock Off|p2a: .monster\n|-damage|p2a: .monster|0 fnt\n|-enditem|p2a: .monster|Leftovers|[from] move: Knock Off|[of] p1a: The Nasty Rat\n|faint|p2a: .monster\n|\n|-weather|RainDance|[upkeep]\n|-formechange|p1a: The Nasty Rat|Morpeko-Hangry||[from] ability: Hunger Switch\n|upkeep\n|\n|t:|1700455827\n|switch|p2a: Dome Fossil|Jirachi|100\/100\n|-damage|p2a: Dome Fossil|76\/100|[from] Spikes\n|turn|8\n|\n|t:|1700455834\n|move|p1a: The Nasty Rat|Aura Wheel|p2a: Dome Fossil\n|-supereffective|p2a: Dome Fossil\n|-damage|p2a: Dome Fossil|0 fnt\n|-boost|p1a: The Nasty Rat|spe|1\n|faint|p2a: Dome Fossil\n|\n|-weather|none\n|-formechange|p1a: The Nasty Rat|Morpeko||[from] ability: Hunger Switch\n|upkeep\n|\n|t:|1700455847\n|switch|p2a: Giant Steps|Politoed, M|100\/100\n|-damage|p2a: Giant Steps|75\/100|[from] Spikes\n|-weather|RainDance|[from] ability: Drizzle|[of] p2a: Giant Steps\n|turn|9\n|\n|t:|1700455861\n|switch|p2a: I should call her|Cramorant, F, shiny|64\/100 tox\n|-terastallize|p1a: The Nasty Rat|Grass\n|move|p1a: The Nasty Rat|Aura Wheel|p2a: I should call her\n|-supereffective|p2a: I should call her\n|-damage|p2a: I should call her|0 fnt\n|-boost|p1a: The Nasty Rat|spe|1\n|faint|p2a: I should call her\n|\n|-weather|RainDance|[upkeep]\n|upkeep\n|\n|t:|1700455888\n|switch|p2a: Dumb Fish|Basculegion-F, F|100\/100\n|-damage|p2a: Dumb Fish|76\/100|[from] Spikes\n|turn|10\n|\n|t:|1700455896\n|move|p1a: The Nasty Rat|Aura Wheel|p2a: Dumb Fish\n|-supereffective|p2a: Dumb Fish\n|-damage|p2a: Dumb Fish|0 fnt\n|-boost|p1a: The Nasty Rat|spe|1\n|faint|p2a: Dumb Fish\n|\n|-weather|RainDance|[upkeep]\n|upkeep\n|\n|t:|1700455902\n|switch|p2a: Giant Steps|Politoed, M|75\/100\n|-damage|p2a: Giant Steps|50\/100|[from] Spikes\n|turn|11\n|\n|t:|1700455907\n|move|p1a: The Nasty Rat|Aura Wheel|p2a: Giant Steps\n|-supereffective|p2a: Giant Steps\n|-damage|p2a: Giant Steps|0 fnt\n|-boost|p1a: The Nasty Rat|spe|1\n|faint|p2a: Giant Steps\n|\n|-weather|RainDance|[upkeep]\n|upkeep\n|\n|t:|1700455913\n|switch|p2a: Poggers|Zapdos|50\/100\n|turn|12\n|\n|t:|1700455917\n|move|p1a: The Nasty Rat|Aura Wheel|p2a: Poggers\n|-damage|p2a: Poggers|0 fnt\n|faint|p2a: Poggers\n|\n|win|Odd Keystone Fan\n|l|\u2606SleepyTheGhost\n","uploadtime":1700455923,"views":11,"p1id":"oddkeystonefan","p2id":"sleepytheghost","formatid":"gen9ou","rating":0,"private":0,"password":""}