{"id":"gen9ou-1996739514","p1":"Vall_NB","p2":"Aeziolu","format":"[Gen 9] OU","log":"|j|\u2606Vall_NB\n|j|\u2606Aeziolu\n|t:|1700717147\n|gametype|singles\n|player|p1|Vall_NB|2|1623\n|player|p2|Aeziolu|wally|1557\n|teamsize|p1|6\n|teamsize|p2|6\n|gen|9\n|tier|[Gen 9] OU\n|rated|\n|rule|Sleep Clause Mod: Limit one foe put to sleep\n|rule|Species Clause: Limit one of each Pok\u00e9mon\n|rule|OHKO Clause: OHKO moves are banned\n|rule|Evasion Items Clause: Evasion items are banned\n|rule|Evasion Moves Clause: Evasion moves are banned\n|rule|Endless Battle Clause: Forcing endless battles is banned\n|rule|HP Percentage Mod: HP is shown in percentages\n|clearpoke\n|poke|p1|Ninetales-Alola, F|\n|poke|p1|Slowbro-Galar, M|\n|poke|p1|Ogerpon-Wellspring, F|\n|poke|p1|Kingambit, F|\n|poke|p1|Manaphy|\n|poke|p1|Glastrier|\n|poke|p2|Torkoal, M|\n|poke|p2|Walking Wake|\n|poke|p2|Great Tusk|\n|poke|p2|Clefable, M|\n|poke|p2|Lilligant-Hisui, F|\n|poke|p2|Dragonite, M|\n|teampreview\n|\n|t:|1700717160\n|start\n|switch|p1a: Manaphy|Manaphy|100\/100\n|switch|p2a: Clefable|Clefable, M|100\/100\n|turn|1\n|\n|t:|1700717168\n|move|p1a: Manaphy|Tail Glow|p1a: Manaphy\n|-boost|p1a: Manaphy|spa|3\n|move|p2a: Clefable|Calm Mind|p2a: Clefable\n|-boost|p2a: Clefable|spa|1\n|-boost|p2a: Clefable|spd|1\n|\n|upkeep\n|turn|2\n|\n|t:|1700717171\n|move|p1a: Manaphy|Surf|p2a: Clefable\n|-damage|p2a: Clefable|32\/100\n|move|p2a: Clefable|Moonblast|p1a: Manaphy\n|-damage|p1a: Manaphy|64\/100\n|\n|-heal|p2a: Clefable|39\/100|[from] item: Leftovers\n|upkeep\n|turn|3\n|\n|t:|1700717196\n|switch|p2a: Walking Wake|Walking Wake|100\/100\n|move|p1a: Manaphy|Surf|p2a: Walking Wake\n|-resisted|p2a: Walking Wake\n|-crit|p2a: Walking Wake\n|-damage|p2a: Walking Wake|53\/100\n|\n|upkeep\n|turn|4\n|\n|t:|1700717207\n|move|p2a: Walking Wake|Draco Meteor|p1a: Manaphy\n|-damage|p1a: Manaphy|0 fnt\n|-unboost|p2a: Walking Wake|spa|2\n|faint|p1a: Manaphy\n|\n|upkeep\n|\n|t:|1700717215\n|switch|p1a: Ogerpon|Ogerpon-Wellspring, F|100\/100\n|turn|5\n|\n|t:|1700717229\n|-end|p2a: Walking Wake|Protosynthesis|[silent]\n|switch|p2a: Lilligant|Lilligant-Hisui, F|100\/100\n|move|p1a: Ogerpon|Swords Dance|p1a: Ogerpon\n|-boost|p1a: Ogerpon|atk|2\n|\n|upkeep\n|turn|6\n|\n|t:|1700717236\n|move|p1a: Ogerpon|Horn Leech|p2a: Lilligant\n|-resisted|p2a: Lilligant\n|-damage|p2a: Lilligant|38\/100\n|move|p2a: Lilligant|Victory Dance|p2a: Lilligant\n|-boost|p2a: Lilligant|atk|1\n|-boost|p2a: Lilligant|def|1\n|-boost|p2a: Lilligant|spe|1\n|\n|-heal|p2a: Lilligant|44\/100|[from] item: Leftovers\n|upkeep\n|turn|7\n|\n|t:|1700717242\n|move|p2a: Lilligant|Close Combat|p1a: Ogerpon\n|-damage|p1a: Ogerpon|2\/100\n|-unboost|p2a: Lilligant|def|1\n|-unboost|p2a: Lilligant|spd|1\n|move|p1a: Ogerpon|Horn Leech|p2a: Lilligant\n|-resisted|p2a: Lilligant\n|-damage|p2a: Lilligant|0 fnt\n|-heal|p1a: Ogerpon|23\/100|[from] drain|[of] p2a: Lilligant\n|faint|p2a: Lilligant\n|\n|upkeep\n|\n|t:|1700717255\n|switch|p2a: Dragonite|Dragonite, M|100\/100\n|turn|8\n|\n|t:|1700717270\n|switch|p1a: Ninetales|Ninetales-Alola, F|100\/100\n|-weather|Snow|[from] ability: Snow Warning|[of] p1a: Ninetales\n|move|p2a: Dragonite|Dragon Dance|p2a: Dragonite\n|-boost|p2a: Dragonite|atk|1\n|-boost|p2a: Dragonite|spe|1\n|\n|-weather|Snow|[upkeep]\n|upkeep\n|turn|9\n|\n|t:|1700717290\n|move|p1a: Ninetales|Encore|p2a: Dragonite\n|-start|p2a: Dragonite|Encore\n|move|p2a: Dragonite|Dragon Dance|p2a: Dragonite\n|-boost|p2a: Dragonite|atk|1\n|-boost|p2a: Dragonite|spe|1\n|\n|-weather|Snow|[upkeep]\n|upkeep\n|turn|10\n|\n|t:|1700717300\n|switch|p2a: Torkoal|Torkoal, M|100\/100\n|move|p1a: Ninetales|Freeze-Dry|p2a: Torkoal\n|-resisted|p2a: Torkoal\n|-damage|p2a: Torkoal|88\/100\n|\n|-weather|Snow|[upkeep]\n|upkeep\n|turn|11\n|\n|t:|1700717304\n|move|p1a: Ninetales|Aurora Veil|p1a: Ninetales\n|-sidestart|p1: Vall_NB|move: Aurora Veil\n|move|p2a: Torkoal|Stealth Rock|p1a: Ninetales\n|-sidestart|p1: Vall_NB|move: Stealth Rock\n|\n|-weather|Snow|[upkeep]\n|upkeep\n|turn|12\n|\n|t:|1700717308\n|switch|p1a: Ogerpon|Ogerpon-Wellspring, F|23\/100\n|-damage|p1a: Ogerpon|10\/100|[from] Stealth Rock\n|move|p2a: Torkoal|Lava Plume|p1a: Ogerpon\n|-damage|p1a: Ogerpon|0 fnt\n|faint|p1a: Ogerpon\n|\n|-weather|none\n|upkeep\n|\n|t:|1700717316\n|switch|p1a: Slowbro|Slowbro-Galar, M|100\/100\n|-damage|p1a: Slowbro|88\/100|[from] Stealth Rock\n|turn|13\n|\n|t:|1700717324\n|switch|p2a: Great Tusk|Great Tusk|100\/100\n|move|p1a: Slowbro|Nasty Plot|p1a: Slowbro\n|-boost|p1a: Slowbro|spa|2\n|\n|upkeep\n|turn|14\n|\n|t:|1700717333\n|move|p2a: Great Tusk|Headlong Rush|p1a: Slowbro\n|-supereffective|p1a: Slowbro\n|-damage|p1a: Slowbro|38\/100\n|-unboost|p2a: Great Tusk|def|1\n|-unboost|p2a: Great Tusk|spd|1\n|-enditem|p2a: Great Tusk|Eject Pack\n|\n|t:|1700717338\n|-end|p2a: Great Tusk|Protosynthesis|[silent]\n|switch|p2a: Clefable|Clefable, M|39\/100\n|move|p1a: Slowbro|Surf|p2a: Clefable\n|-damage|p2a: Clefable|0 fnt\n|faint|p2a: Clefable\n|\n|upkeep\n|\n|t:|1700717344\n|switch|p2a: Walking Wake|Walking Wake|53\/100\n|turn|15\n|\n|t:|1700717348\n|move|p2a: Walking Wake|Draco Meteor|p1a: Slowbro\n|-damage|p1a: Slowbro|0 fnt\n|-unboost|p2a: Walking Wake|spa|2\n|faint|p1a: Slowbro\n|\n|upkeep\n|\n|t:|1700717354\n|switch|p1a: Glastrier|Glastrier|100\/100\n|-damage|p1a: Glastrier|76\/100|[from] Stealth Rock\n|turn|16\n|\n|t:|1700717357\n|-end|p2a: Walking Wake|Protosynthesis|[silent]\n|switch|p2a: Torkoal|Torkoal, M|88\/100\n|move|p1a: Glastrier|Swords Dance|p1a: Glastrier\n|-boost|p1a: Glastrier|atk|2\n|\n|upkeep\n|turn|17\n|\n|t:|1700717360\n|move|p1a: Glastrier|High Horsepower|p2a: Torkoal\n|-supereffective|p2a: Torkoal\n|-damage|p2a: Torkoal|3\/100\n|move|p2a: Torkoal|Lava Plume|p1a: Glastrier\n|-supereffective|p1a: Glastrier\n|-damage|p1a: Glastrier|57\/100\n|\n|upkeep\n|turn|18\n|\n|t:|1700717368\n|move|p1a: Glastrier|High Horsepower|p2a: Torkoal|[miss]\n|-miss|p1a: Glastrier|p2a: Torkoal\n|move|p2a: Torkoal|Lava Plume|p1a: Glastrier\n|-supereffective|p1a: Glastrier\n|-damage|p1a: Glastrier|36\/100\n|-status|p1a: Glastrier|brn\n|\n|-damage|p1a: Glastrier|30\/100 brn|[from] brn\n|-sideend|p1: Vall_NB|move: Aurora Veil\n|upkeep\n|turn|19\n|\n|t:|1700717375\n|move|p1a: Glastrier|High Horsepower|p2a: Torkoal\n|-supereffective|p2a: Torkoal\n|-damage|p2a: Torkoal|0 fnt\n|faint|p2a: Torkoal\n|-ability|p1a: Glastrier|Chilling Neigh|boost\n|-boost|p1a: Glastrier|atk|1\n|\n|-damage|p1a: Glastrier|24\/100 brn|[from] brn\n|upkeep\n|\n|t:|1700717376\n|switch|p2a: Walking Wake|Walking Wake|53\/100\n|turn|20\n|\n|t:|1700717379\n|move|p2a: Walking Wake|Flamethrower|p1a: Glastrier\n|-supereffective|p1a: Glastrier\n|-damage|p1a: Glastrier|0 fnt\n|faint|p1a: Glastrier\n|\n|upkeep\n|\n|t:|1700717383\n|switch|p1a: Ninetales|Ninetales-Alola, F|100\/100\n|-damage|p1a: Ninetales|76\/100|[from] Stealth Rock\n|-weather|Snow|[from] ability: Snow Warning|[of] p1a: Ninetales\n|turn|21\n|\n|t:|1700717386\n|move|p2a: Walking Wake|Flamethrower|p1a: Ninetales\n|-supereffective|p1a: Ninetales\n|-damage|p1a: Ninetales|0 fnt\n|faint|p1a: Ninetales\n|\n|-weather|Snow|[upkeep]\n|upkeep\n|\n|t:|1700717389\n|switch|p1a: Kingambit|Kingambit, F|100\/100\n|-damage|p1a: Kingambit|94\/100|[from] Stealth Rock\n|-activate|p1a: Kingambit|ability: Supreme Overlord\n|-start|p1a: Kingambit|fallen5|[silent]\n|turn|22\n|\n|t:|1700717392\n|-terastallize|p1a: Kingambit|Fairy\n|move|p2a: Walking Wake|Flamethrower|p1a: Kingambit\n|-crit|p1a: Kingambit\n|-damage|p1a: Kingambit|34\/100\n|move|p1a: Kingambit|Tera Blast|p2a: Walking Wake|[anim] Tera Blast Fairy\n|-supereffective|p2a: Walking Wake\n|-damage|p2a: Walking Wake|0 fnt\n|faint|p2a: Walking Wake\n|-end|p2a: Walking Wake|Protosynthesis|[silent]\n|\n|-weather|Snow|[upkeep]\n|upkeep\n|\n|t:|1700717403\n|switch|p2a: Great Tusk|Great Tusk|100\/100\n|turn|23\n|-activate|p1a: Kingambit|item: Quick Claw\n|\n|t:|1700717406\n|move|p1a: Kingambit|Tera Blast|p2a: Great Tusk|[anim] Tera Blast Fairy\n|-supereffective|p2a: Great Tusk\n|-damage|p2a: Great Tusk|0 fnt\n|faint|p2a: Great Tusk\n|-end|p2a: Great Tusk|Protosynthesis|[silent]\n|\n|-weather|Snow|[upkeep]\n|upkeep\n|\n|t:|1700717442\n|switch|p2a: Dragonite|Dragonite, M|100\/100\n|turn|24\n|-activate|p1a: Kingambit|item: Quick Claw\n|\n|t:|1700717447\n|-terastallize|p2a: Dragonite|Flying\n|move|p1a: Kingambit|Tera Blast|p2a: Dragonite|[anim] Tera Blast Fairy\n|-damage|p2a: Dragonite|68\/100\n|move|p2a: Dragonite|Tera Blast|p1a: Kingambit|[anim] Tera Blast Flying\n|-damage|p1a: Kingambit|0 fnt\n|faint|p1a: Kingambit\n|-end|p1a: Kingambit|fallen5|[silent]\n|\n|win|Aeziolu\n|raw|Vall_NB's rating: 1623 &rarr; <strong>1599<\/strong><br \/>(-24 for losing)\n|raw|Aeziolu's rating: 1557 &rarr; <strong>1581<\/strong><br \/>(+24 for winning)\n|l|\u2606Vall_NB\n","uploadtime":1700717460,"views":3,"p1id":"vallnb","p2id":"aeziolu","formatid":"gen9ou","rating":1581,"private":0,"password":""}