{"id":"gen9ou-1999531288","p1":"ornnacio","p2":"xxCOALLAxx","format":"[Gen 9] OU","log":"|j|\u2606ornnacio\n|j|\u2606xxCOALLAxx\n|t:|1701093161\n|gametype|singles\n|player|p1|ornnacio|swimmer-gen4dp|1517\n|player|p2|xxCOALLAxx|benga|1597\n|teamsize|p1|6\n|teamsize|p2|6\n|gen|9\n|tier|[Gen 9] OU\n|rated|\n|rule|Sleep Clause Mod: Limit one foe put to sleep\n|rule|Species Clause: Limit one of each Pok\u00e9mon\n|rule|OHKO Clause: OHKO moves are banned\n|rule|Evasion Items Clause: Evasion items are banned\n|rule|Evasion Moves Clause: Evasion moves are banned\n|rule|Endless Battle Clause: Forcing endless battles is banned\n|rule|HP Percentage Mod: HP is shown in percentages\n|clearpoke\n|poke|p1|Ribombee, M|\n|poke|p1|Ogerpon-Wellspring, F|\n|poke|p1|Iron Moth|\n|poke|p1|Kingambit, F|\n|poke|p1|Gholdengo|\n|poke|p1|Iron Valiant|\n|poke|p2|Indeedee, M|\n|poke|p2|Hatterene, F|\n|poke|p2|Polteageist|\n|poke|p2|Armarouge, F|\n|poke|p2|Maushold|\n|poke|p2|Zamazenta-*|\n|teampreview\n|inactive|Battle timer is ON: inactive players will automatically lose when time's up. (requested by xxCOALLAxx)\n|inactive|ornnacio also wants the timer to be on.\n|inactive|xxCOALLAxx has 120 seconds left.\n|\n|t:|1701093208\n|start\n|switch|p1a: Iron Moth|Iron Moth|100\/100\n|switch|p2a: Maushold|Maushold|100\/100\n|-enditem|p1a: Iron Moth|Booster Energy\n|-activate|p1a: Iron Moth|ability: Quark Drive|[fromitem]\n|-start|p1a: Iron Moth|quarkdrivespa\n|turn|1\n|\n|t:|1701093218\n|-terastallize|p1a: Iron Moth|Ghost\n|move|p2a: Maushold|Population Bomb|p1a: Iron Moth\n|-immune|p1a: Iron Moth\n|move|p1a: Iron Moth|Sludge Wave|p2a: Maushold\n|-damage|p2a: Maushold|0 fnt\n|faint|p2a: Maushold\n|\n|upkeep\n|c|\u2606xxCOALLAxx|god I hate tera lol\n|c|\u2606xxCOALLAxx|nice\n|\n|t:|1701093236\n|switch|p2a: Indeedee|Indeedee, M, shiny|100\/100\n|-fieldstart|move: Psychic Terrain|[from] ability: Psychic Surge|[of] p2a: Indeedee\n|turn|2\n|c|\u2606ornnacio|agreed\n|\n|t:|1701093243\n|move|p1a: Iron Moth|Substitute|p1a: Iron Moth\n|-start|p1a: Iron Moth|Substitute\n|-damage|p1a: Iron Moth|76\/100\n|move|p2a: Indeedee|Psychic|p1a: Iron Moth\n|-end|p1a: Iron Moth|Substitute\n|\n|upkeep\n|turn|3\n|\n|t:|1701093247\n|move|p1a: Iron Moth|Sludge Wave|p2a: Indeedee\n|-damage|p2a: Indeedee|15\/100\n|move|p2a: Indeedee|Psychic|p1a: Iron Moth\n|-damage|p1a: Iron Moth|23\/100\n|-unboost|p1a: Iron Moth|spd|1\n|\n|upkeep\n|turn|4\n|\n|t:|1701093254\n|switch|p2a: Hatterene|Hatterene, F, shiny|100\/100\n|move|p1a: Iron Moth|Fiery Dance|p2a: Hatterene\n|-damage|p2a: Hatterene|35\/100\n|-enditem|p2a: Hatterene|Eject Button\n|\n|t:|1701093262\n|switch|p2a: Polteageist|Polteageist, shiny|100\/100\n|\n|upkeep\n|turn|5\n|\n|t:|1701093270\n|move|p1a: Iron Moth|Fiery Dance|p2a: Polteageist\n|-damage|p2a: Polteageist|38\/100\n|move|p2a: Polteageist|Shell Smash|p2a: Polteageist\n|-unboost|p2a: Polteageist|def|1\n|-unboost|p2a: Polteageist|spd|1\n|-boost|p2a: Polteageist|atk|2\n|-boost|p2a: Polteageist|spa|2\n|-boost|p2a: Polteageist|spe|2\n|\n|upkeep\n|turn|6\n|\n|t:|1701093274\n|move|p2a: Polteageist|Shadow Ball|p1a: Iron Moth\n|-supereffective|p1a: Iron Moth\n|-damage|p1a: Iron Moth|0 fnt\n|faint|p1a: Iron Moth\n|-end|p1a: Iron Moth|Quark Drive|[silent]\n|\n|upkeep\n|\n|t:|1701093278\n|switch|p1a: Ribombee|Ribombee, M|100\/100\n|turn|7\n|\n|t:|1701093284\n|move|p2a: Polteageist|Shadow Ball|p1a: Ribombee\n|-crit|p1a: Ribombee\n|-enditem|p1a: Ribombee|Focus Sash\n|-damage|p1a: Ribombee|1\/100\n|move|p1a: Ribombee|Moonblast|p2a: Polteageist\n|-damage|p2a: Polteageist|0 fnt\n|faint|p2a: Polteageist\n|\n|upkeep\n|\n|t:|1701093298\n|switch|p2a: Zamazenta|Zamazenta|100\/100\n|-ability|p2a: Zamazenta|Dauntless Shield|boost\n|-boost|p2a: Zamazenta|def|1\n|-enditem|p2a: Zamazenta|Psychic Seed\n|-boost|p2a: Zamazenta|spd|1|[from] item: Psychic Seed\n|turn|8\n|\n|t:|1701093305\n|move|p2a: Zamazenta|Crunch|p1a: Ribombee\n|-resisted|p1a: Ribombee\n|-damage|p1a: Ribombee|0 fnt\n|faint|p1a: Ribombee\n|\n|upkeep\n|\n|t:|1701093322\n|switch|p1a: Iron Valiant|Iron Valiant|100\/100\n|-enditem|p1a: Iron Valiant|Booster Energy\n|-activate|p1a: Iron Valiant|ability: Quark Drive|[fromitem]\n|-start|p1a: Iron Valiant|quarkdrivespe\n|turn|9\n|\n|t:|1701093329\n|move|p1a: Iron Valiant|Destiny Bond|p1a: Iron Valiant\n|-singlemove|p1a: Iron Valiant|Destiny Bond\n|move|p2a: Zamazenta|Heavy Slam|p1a: Iron Valiant\n|-supereffective|p1a: Iron Valiant\n|-damage|p1a: Iron Valiant|6\/100\n|\n|-fieldend|move: Psychic Terrain\n|upkeep\n|turn|10\n|\n|t:|1701093343\n|-terastallize|p2a: Zamazenta|Steel\n|move|p1a: Iron Valiant|Moonblast|p2a: Zamazenta\n|-resisted|p2a: Zamazenta\n|-damage|p2a: Zamazenta|89\/100\n|move|p2a: Zamazenta|Heavy Slam|p1a: Iron Valiant\n|-supereffective|p1a: Iron Valiant\n|-damage|p1a: Iron Valiant|0 fnt\n|faint|p1a: Iron Valiant\n|-end|p1a: Iron Valiant|Quark Drive|[silent]\n|\n|upkeep\n|\n|t:|1701093348\n|switch|p1a: Ogerpon|Ogerpon-Wellspring, F|100\/100\n|turn|11\n|\n|t:|1701093354\n|move|p2a: Zamazenta|Body Press|p1a: Ogerpon\n|-damage|p1a: Ogerpon|44\/100\n|move|p1a: Ogerpon|Ivy Cudgel|p2a: Zamazenta|[anim] Ivy Cudgel Water\n|-crit|p2a: Zamazenta\n|-damage|p2a: Zamazenta|9\/100\n|\n|upkeep\n|turn|12\n|\n|t:|1701093361\n|switch|p1a: Gholdengo|Gholdengo|100\/100\n|-item|p1a: Gholdengo|Air Balloon\n|move|p2a: Zamazenta|Body Press|p1a: Gholdengo\n|-immune|p1a: Gholdengo\n|\n|upkeep\n|turn|13\n|\n|t:|1701093367\n|move|p2a: Zamazenta|Crunch|p1a: Gholdengo\n|-supereffective|p1a: Gholdengo\n|-damage|p1a: Gholdengo|41\/100\n|-unboost|p1a: Gholdengo|def|1\n|-enditem|p1a: Gholdengo|Air Balloon\n|move|p1a: Gholdengo|Shadow Ball|p2a: Zamazenta\n|-damage|p2a: Zamazenta|0 fnt\n|faint|p2a: Zamazenta\n|\n|upkeep\n|\n|t:|1701093371\n|switch|p2a: Indeedee|Indeedee, M, shiny|15\/100\n|-fieldstart|move: Psychic Terrain|[from] ability: Psychic Surge|[of] p2a: Indeedee\n|turn|14\n|\n|t:|1701093377\n|move|p2a: Indeedee|Healing Wish|p2a: Indeedee\n|faint|p2a: Indeedee\n|move|p1a: Gholdengo|Dazzling Gleam|p2: Indeedee|[notarget]\n|-fail|p1a: Gholdengo\n|\n|upkeep\n|\n|t:|1701093383\n|switch|p2a: Armarouge|Armarouge, F, shiny|100\/100\n|turn|15\n|\n|t:|1701093401\n|move|p1a: Gholdengo|Dazzling Gleam|p2a: Armarouge\n|-resisted|p2a: Armarouge\n|-crit|p2a: Armarouge\n|-damage|p2a: Armarouge|74\/100\n|move|p2a: Armarouge|Armor Cannon|p1a: Gholdengo\n|-supereffective|p1a: Gholdengo\n|-damage|p1a: Gholdengo|0 fnt\n|-unboost|p2a: Armarouge|def|1\n|-unboost|p2a: Armarouge|spd|1\n|faint|p1a: Gholdengo\n|\n|upkeep\n|\n|t:|1701093408\n|switch|p1a: Ogerpon|Ogerpon-Wellspring, F|44\/100\n|turn|16\n|\n|t:|1701093416\n|switch|p2a: Hatterene|Hatterene, F, shiny|35\/100\n|-heal|p2a: Hatterene|100\/100|[from] move: Healing Wish\n|move|p1a: Ogerpon|Swords Dance|p1a: Ogerpon\n|-boost|p1a: Ogerpon|atk|2\n|\n|upkeep\n|turn|17\n|\n|t:|1701093425\n|move|p1a: Ogerpon|Power Whip|p2a: Hatterene\n|-crit|p2a: Hatterene\n|-damage|p2a: Hatterene|0 fnt\n|faint|p2a: Hatterene\n|\n|upkeep\n|\n|t:|1701093454\n|switch|p2a: Armarouge|Armarouge, F, shiny|74\/100\n|turn|18\n|\n|t:|1701093462\n|move|p2a: Armarouge|Endure|p2a: Armarouge\n|-singleturn|p2a: Armarouge|move: Endure\n|move|p1a: Ogerpon|Ivy Cudgel|p2a: Armarouge|[anim] Ivy Cudgel Water\n|-supereffective|p2a: Armarouge\n|-activate|p2a: Armarouge|move: Endure\n|-damage|p2a: Armarouge|1\/100\n|-ability|p2a: Armarouge|Weak Armor|boost\n|-unboost|p2a: Armarouge|def|1\n|-boost|p2a: Armarouge|spe|2\n|\n|upkeep\n|turn|19\n|\n|t:|1701093469\n|move|p2a: Armarouge|Expanding Force|p1a: Ogerpon\n|-damage|p1a: Ogerpon|0 fnt\n|faint|p1a: Ogerpon\n|\n|upkeep\n|\n|t:|1701093472\n|switch|p1a: Kingambit|Kingambit, F|100\/100\n|-activate|p1a: Kingambit|ability: Supreme Overlord\n|-start|p1a: Kingambit|fallen5|[silent]\n|turn|20\n|\n|t:|1701093476\n|move|p2a: Armarouge|Armor Cannon|p1a: Kingambit\n|-supereffective|p1a: Kingambit\n|-damage|p1a: Kingambit|0 fnt\n|-unboost|p2a: Armarouge|def|1\n|-unboost|p2a: Armarouge|spd|1\n|faint|p1a: Kingambit\n|-end|p1a: Kingambit|fallen5|[silent]\n|\n|win|xxCOALLAxx\n|raw|ornnacio's rating: 1517 &rarr; <strong>1502<\/strong><br \/>(-15 for losing)\n|raw|xxCOALLAxx's rating: 1597 &rarr; <strong>1612<\/strong><br \/>(+15 for winning)\n|c|\u2606xxCOALLAxx|gg\n|l|\u2606ornnacio\n","uploadtime":1701093488,"views":2,"p1id":"ornnacio","p2id":"xxcoallaxx","formatid":"gen9ou","rating":1502,"private":0,"password":""}