{"id":"gen9ou-1988814845","p1":"mathismathin","p2":"ChandosH","format":"[Gen 9] OU","log":"|j|\u2606mathismathin\n|j|\u2606ChandosH\n|t:|1699767170\n|gametype|singles\n|player|p1|mathismathin|nate|1743\n|player|p2|ChandosH|n-masters|1662\n|teamsize|p1|6\n|teamsize|p2|6\n|gen|9\n|tier|[Gen 9] OU\n|rated|\n|rule|Sleep Clause Mod: Limit one foe put to sleep\n|rule|Species Clause: Limit one of each Pok\u00e9mon\n|rule|OHKO Clause: OHKO moves are banned\n|rule|Evasion Items Clause: Evasion items are banned\n|rule|Evasion Moves Clause: Evasion moves are banned\n|rule|Endless Battle Clause: Forcing endless battles is banned\n|rule|HP Percentage Mod: HP is shown in percentages\n|clearpoke\n|poke|p1|Iron Hands|\n|poke|p1|Basculegion-F, F|\n|poke|p1|Dragonite, M|\n|poke|p1|Slowking-Galar, F|\n|poke|p1|Landorus-Therian, M|\n|poke|p1|Sneasler, F|\n|poke|p2|Alomomola, F|\n|poke|p2|Great Tusk|\n|poke|p2|Iron Valiant|\n|poke|p2|Slowking-Galar, M|\n|poke|p2|Cinderace, M|\n|poke|p2|Thundurus-Therian, M|\n|teampreview\n|\n|t:|1699767191\n|start\n|switch|p1a: Basculegion|Basculegion-F, F|100\/100\n|switch|p2a: Cinderace|Cinderace, M|100\/100\n|turn|1\n|j| Evil T-tar\n|\n|t:|1699767198\n|switch|p2a: Alomomola|Alomomola, F|100\/100\n|move|p1a: Basculegion|Shadow Ball|p2a: Alomomola\n|-damage|p2a: Alomomola|13\/100\n|\n|upkeep\n|turn|2\n|\n|t:|1699767213\n|switch|p2a: Slowking|Slowking-Galar, M|100\/100\n|move|p1a: Basculegion|Shadow Ball|p2a: Slowking\n|-supereffective|p2a: Slowking\n|-damage|p2a: Slowking|6\/100\n|\n|upkeep\n|turn|3\n|\n|t:|1699767215\n|move|p1a: Basculegion|Shadow Ball|p2a: Slowking\n|-supereffective|p2a: Slowking\n|-crit|p2a: Slowking\n|-damage|p2a: Slowking|0 fnt\n|faint|p2a: Slowking\n|\n|upkeep\n|\n|t:|1699767223\n|switch|p2a: Iron Valiant|Iron Valiant|100\/100\n|turn|4\n|\n|t:|1699767227\n|switch|p1a: Slowking|Slowking-Galar, F|100\/100\n|move|p2a: Iron Valiant|Knock Off|p1a: Slowking\n|-supereffective|p1a: Slowking\n|-crit|p1a: Slowking\n|-damage|p1a: Slowking|0 fnt\n|-enditem|p1a: Slowking|Leftovers|[from] move: Knock Off|[of] p2a: Iron Valiant\n|faint|p1a: Slowking\n|\n|upkeep\n|\n|t:|1699767230\n|switch|p1a: Sneasler|Sneasler, F|100\/100\n|turn|5\n|\n|t:|1699767235\n|-end|p2a: Iron Valiant|Quark Drive|[silent]\n|switch|p2a: Great Tusk|Great Tusk|100\/100\n|move|p1a: Sneasler|U-turn|p2a: Great Tusk\n|-resisted|p2a: Great Tusk\n|-damage|p2a: Great Tusk|93\/100\n|-status|p2a: Great Tusk|psn|[from] ability: Poison Touch|[of] p1a: Sneasler\n|\n|t:|1699767241\n|switch|p1a: Basculegion|Basculegion-F, F|100\/100|[from] U-turn\n|\n|-damage|p2a: Great Tusk|81\/100 psn|[from] psn\n|upkeep\n|turn|6\n|\n|t:|1699767252\n|move|p2a: Great Tusk|Stealth Rock|p1a: Basculegion\n|-sidestart|p1: mathismathin|move: Stealth Rock\n|move|p1a: Basculegion|Shadow Ball|p2a: Great Tusk\n|-damage|p2a: Great Tusk|0 fnt\n|faint|p2a: Great Tusk\n|-end|p2a: Great Tusk|Protosynthesis|[silent]\n|\n|upkeep\n|\n|t:|1699767258\n|switch|p2a: Thundurus|Thundurus-Therian, M|100\/100\n|turn|7\n|\n|t:|1699767269\n|-terastallize|p2a: Thundurus|Flying\n|move|p2a: Thundurus|Tera Blast|p1a: Basculegion|[anim] Tera Blast Flying\n|-damage|p1a: Basculegion|11\/100\n|move|p1a: Basculegion|Shadow Ball|p2a: Thundurus\n|-damage|p2a: Thundurus|0 fnt\n|faint|p2a: Thundurus\n|\n|upkeep\n|\n|t:|1699767273\n|switch|p2a: Iron Valiant|Iron Valiant|100\/100\n|turn|8\n|\n|t:|1699767277\n|move|p2a: Iron Valiant|Spirit Break|p1a: Basculegion\n|-damage|p1a: Basculegion|0 fnt\n|faint|p1a: Basculegion\n|\n|upkeep\n|\n|t:|1699767279\n|switch|p1a: Sneasler|Sneasler, F|100\/100\n|-damage|p1a: Sneasler|95\/100|[from] Stealth Rock\n|turn|9\n|\n|t:|1699767286\n|-end|p2a: Iron Valiant|Quark Drive|[silent]\n|switch|p2a: Cinderace|Cinderace, M|100\/100\n|move|p1a: Sneasler|Dire Claw|p2a: Cinderace\n|-damage|p2a: Cinderace|51\/100\n|\n|upkeep\n|turn|10\n|\n|t:|1699767292\n|move|p1a: Sneasler|Close Combat|p2a: Cinderace\n|-damage|p2a: Cinderace|0 fnt\n|-unboost|p1a: Sneasler|def|1\n|-unboost|p1a: Sneasler|spd|1\n|faint|p2a: Cinderace\n|\n|upkeep\n|-message|ChandosH forfeited.\n|\n|win|mathismathin\n|raw|mathismathin's rating: 1743 &rarr; <strong>1758<\/strong><br \/>(+15 for winning)\n|raw|ChandosH's rating: 1662 &rarr; <strong>1647<\/strong><br \/>(-15 for losing)\n|l|\u2606ChandosH\n","uploadtime":1699767300,"views":14,"p1id":"mathismathin","p2id":"chandosh","formatid":"gen9ou","rating":1647,"private":0,"password":""}