{"id":"gen9ou-1990605424","p1":"Chrisbal la Menace","p2":"burgercute","format":"[Gen 9] OU","log":"|j|\u2606Chrisbal la Menace\n|j|\u2606burgercute\n|t:|1699985133\n|gametype|singles\n|player|p1|Chrisbal la Menace|adaman|1267\n|player|p2|burgercute|iris|1256\n|teamsize|p1|6\n|teamsize|p2|6\n|gen|9\n|tier|[Gen 9] OU\n|rated|\n|rule|Sleep Clause Mod: Limit one foe put to sleep\n|rule|Species Clause: Limit one of each Pok\u00e9mon\n|rule|OHKO Clause: OHKO moves are banned\n|rule|Evasion Items Clause: Evasion items are banned\n|rule|Evasion Moves Clause: Evasion moves are banned\n|rule|Endless Battle Clause: Forcing endless battles is banned\n|rule|HP Percentage Mod: HP is shown in percentages\n|clearpoke\n|poke|p1|Ogerpon-Wellspring, F|\n|poke|p1|Iron Moth|\n|poke|p1|Iron Valiant|\n|poke|p1|Zamazenta-*|\n|poke|p1|Kingambit, M|\n|poke|p1|Glimmora, M|\n|poke|p2|Indeedee, M|\n|poke|p2|Toedscruel, M|\n|poke|p2|Pelipper, M|\n|poke|p2|Floatzel, F|\n|poke|p2|Polteageist|\n|poke|p2|Forretress, F|\n|teampreview\n|inactive|Battle timer is ON: inactive players will automatically lose when time's up. (requested by burgercute)\n|\n|t:|1699985138\n|start\n|switch|p1a: Glimmora|Glimmora, M|100\/100\n|switch|p2a: Indeedee|Indeedee, M|100\/100\n|-fieldstart|move: Psychic Terrain|[from] ability: Psychic Surge|[of] p2a: Indeedee\n|turn|1\n|\n|t:|1699985163\n|move|p1a: Glimmora|Stealth Rock|p2a: Indeedee\n|-sidestart|p2: burgercute|move: Stealth Rock\n|move|p2a: Indeedee|Psychic|p1a: Glimmora\n|-supereffective|p1a: Glimmora\n|-enditem|p1a: Glimmora|Focus Sash\n|-damage|p1a: Glimmora|1\/100\n|\n|upkeep\n|turn|2\n|\n|t:|1699985170\n|switch|p2a: Toedscruel|Toedscruel, M|100\/100\n|-damage|p2a: Toedscruel|94\/100|[from] Stealth Rock\n|move|p1a: Glimmora|Mortal Spin|p2a: Toedscruel\n|-damage|p2a: Toedscruel|86\/100\n|-status|p2a: Toedscruel|psn\n|\n|-heal|p2a: Toedscruel|92\/100 psn|[from] item: Leftovers\n|-damage|p2a: Toedscruel|80\/100 psn|[from] psn\n|upkeep\n|turn|3\n|inactive|Chrisbal la Menace has 120 seconds left.\n|\n|t:|1699985194\n|move|p1a: Glimmora|Energy Ball|p2a: Toedscruel\n|-damage|p2a: Toedscruel|62\/100 psn\n|move|p2a: Toedscruel|Rapid Spin|p1a: Glimmora\n|-resisted|p1a: Glimmora\n|-damage|p1a: Glimmora|0 fnt\n|-boost|p2a: Toedscruel|spe|1\n|-activate|p1a: Glimmora|ability: Toxic Debris\n|-sidestart|p2: burgercute|move: Toxic Spikes\n|-sideend|p2: burgercute|Toxic Spikes|[from] move: Rapid Spin|[of] p2a: Toedscruel\n|-sideend|p2: burgercute|Stealth Rock|[from] move: Rapid Spin|[of] p2a: Toedscruel\n|faint|p1a: Glimmora\n|\n|-heal|p2a: Toedscruel|68\/100 psn|[from] item: Leftovers\n|-damage|p2a: Toedscruel|56\/100 psn|[from] psn\n|upkeep\n|inactive|Chrisbal la Menace has 120 seconds left.\n|\n|t:|1699985205\n|switch|p1a: Iron Moth|Iron Moth|100\/100\n|-enditem|p1a: Iron Moth|Booster Energy\n|-activate|p1a: Iron Moth|ability: Quark Drive|[fromitem]\n|-start|p1a: Iron Moth|quarkdrivespe\n|turn|4\n|inactive|Chrisbal la Menace has 120 seconds left.\n|\n|t:|1699985211\n|switch|p2a: Pelipper|Pelipper, M|100\/100\n|-weather|RainDance|[from] ability: Drizzle|[of] p2a: Pelipper\n|move|p1a: Iron Moth|Fiery Dance|p2a: Pelipper\n|-resisted|p2a: Pelipper\n|-damage|p2a: Pelipper|82\/100\n|-boost|p1a: Iron Moth|spa|1\n|\n|-weather|RainDance|[upkeep]\n|upkeep\n|turn|5\n|inactive|Chrisbal la Menace has 120 seconds left.\n|\n|t:|1699985222\n|move|p1a: Iron Moth|Sludge Wave|p2a: Pelipper\n|-damage|p2a: Pelipper|0 fnt\n|faint|p2a: Pelipper\n|\n|-weather|RainDance|[upkeep]\n|upkeep\n|\n|t:|1699985230\n|switch|p2a: Free Wave Crash|Floatzel, F, shiny|100\/100\n|turn|6\n|\n|t:|1699985234\n|-terastallize|p1a: Iron Moth|Grass\n|move|p2a: Free Wave Crash|Wave Crash|p1a: Iron Moth\n|-resisted|p1a: Iron Moth\n|-damage|p1a: Iron Moth|20\/100\n|-damage|p2a: Free Wave Crash|75\/100|[from] Recoil\n|move|p1a: Iron Moth|Energy Ball|p2a: Free Wave Crash\n|-supereffective|p2a: Free Wave Crash\n|-damage|p2a: Free Wave Crash|0 fnt\n|faint|p2a: Free Wave Crash\n|\n|-weather|RainDance|[upkeep]\n|upkeep\n|\n|t:|1699985244\n|switch|p2a: Toedscruel|Toedscruel, M|56\/100 psn\n|turn|7\n|\n|t:|1699985247\n|move|p1a: Iron Moth|Fiery Dance|p2a: Toedscruel\n|-supereffective|p2a: Toedscruel\n|-damage|p2a: Toedscruel|21\/100 psn\n|-boost|p1a: Iron Moth|spa|1\n|move|p2a: Toedscruel|Toxic|p1a: Iron Moth\n|-status|p1a: Iron Moth|tox\n|\n|-weather|RainDance|[upkeep]\n|-heal|p2a: Toedscruel|27\/100 psn|[from] item: Leftovers\n|-damage|p1a: Iron Moth|14\/100 tox|[from] psn\n|-damage|p2a: Toedscruel|14\/100 psn|[from] psn\n|upkeep\n|turn|8\n|\n|t:|1699985259\n|move|p1a: Iron Moth|Fiery Dance|p2a: Toedscruel\n|-supereffective|p2a: Toedscruel\n|-damage|p2a: Toedscruel|0 fnt\n|faint|p2a: Toedscruel\n|\n|-weather|RainDance|[upkeep]\n|-damage|p1a: Iron Moth|2\/100 tox|[from] psn\n|-fieldend|move: Psychic Terrain\n|upkeep\n|\n|t:|1699985265\n|switch|p2a: Indeedee|Indeedee, M|100\/100\n|-fieldstart|move: Psychic Terrain|[from] ability: Psychic Surge|[of] p2a: Indeedee\n|turn|9\n|\n|t:|1699985270\n|move|p1a: Iron Moth|Energy Ball|p2a: Indeedee\n|-damage|p2a: Indeedee|0 fnt\n|faint|p2a: Indeedee\n|\n|-weather|RainDance|[upkeep]\n|-damage|p1a: Iron Moth|0 fnt|[from] psn\n|faint|p1a: Iron Moth\n|-end|p1a: Iron Moth|Quark Drive|[silent]\n|upkeep\n|\n|t:|1699985282\n|switch|p1a: Kingambit|Kingambit, M|100\/100\n|switch|p2a: Tea Time|Polteageist, shiny|100\/100\n|-activate|p1a: Kingambit|ability: Supreme Overlord\n|-start|p1a: Kingambit|fallen2|[silent]\n|turn|10\n|\n|t:|1699985287\n|-terastallize|p2a: Tea Time|Fairy\n|move|p2a: Tea Time|Shell Smash|p2a: Tea Time\n|-unboost|p2a: Tea Time|def|1\n|-unboost|p2a: Tea Time|spd|1\n|-boost|p2a: Tea Time|atk|2\n|-boost|p2a: Tea Time|spa|2\n|-boost|p2a: Tea Time|spe|2\n|move|p1a: Kingambit|Swords Dance|p1a: Kingambit\n|-boost|p1a: Kingambit|atk|2\n|\n|-weather|RainDance|[upkeep]\n|upkeep\n|turn|11\n|\n|t:|1699985297\n|move|p2a: Tea Time|Shell Smash|p2a: Tea Time\n|-unboost|p2a: Tea Time|def|1\n|-unboost|p2a: Tea Time|spd|1\n|-boost|p2a: Tea Time|atk|2\n|-boost|p2a: Tea Time|spa|2\n|-boost|p2a: Tea Time|spe|2\n|move|p1a: Kingambit|Iron Head|p2a: Tea Time\n|-supereffective|p2a: Tea Time\n|-crit|p2a: Tea Time\n|-enditem|p2a: Tea Time|Focus Sash\n|-damage|p2a: Tea Time|1\/100\n|-ability|p2a: Tea Time|Weak Armor|boost\n|-unboost|p2a: Tea Time|def|1\n|-boost|p2a: Tea Time|spe|2\n|\n|-weather|none\n|upkeep\n|turn|12\n|\n|t:|1699985310\n|move|p2a: Tea Time|Tera Blast|p1a: Kingambit|[anim] Tera Blast Fairy\n|-damage|p1a: Kingambit|0 fnt\n|faint|p1a: Kingambit\n|-end|p1a: Kingambit|fallen2|[silent]\n|\n|upkeep\n|\n|t:|1699985329\n|switch|p1a: Ogerpon|Ogerpon-Wellspring, F|100\/100\n|turn|13\n|\n|t:|1699985332\n|move|p2a: Tea Time|Stored Power|p1a: Ogerpon\n|-damage|p1a: Ogerpon|0 fnt\n|faint|p1a: Ogerpon\n|\n|upkeep\n|\n|t:|1699985336\n|switch|p1a: Iron Valiant|Iron Valiant|100\/100\n|-enditem|p1a: Iron Valiant|Booster Energy\n|-activate|p1a: Iron Valiant|ability: Quark Drive|[fromitem]\n|-start|p1a: Iron Valiant|quarkdrivespe\n|turn|14\n|\n|t:|1699985343\n|move|p2a: Tea Time|Shadow Ball|p1a: Iron Valiant\n|-damage|p1a: Iron Valiant|0 fnt\n|faint|p1a: Iron Valiant\n|-end|p1a: Iron Valiant|Quark Drive|[silent]\n|\n|upkeep\n|\n|t:|1699985354\n|switch|p1a: Zamazenta|Zamazenta|100\/100\n|-ability|p1a: Zamazenta|Dauntless Shield|boost\n|-boost|p1a: Zamazenta|def|1\n|turn|15\n|\n|t:|1699985358\n|move|p2a: Tea Time|Stored Power|p1a: Zamazenta\n|-supereffective|p1a: Zamazenta\n|-damage|p1a: Zamazenta|0 fnt\n|faint|p1a: Zamazenta\n|\n|win|burgercute\n|raw|Chrisbal la Menace's rating: 1267 &rarr; <strong>1241<\/strong><br \/>(-26 for losing)\n|raw|burgercute's rating: 1256 &rarr; <strong>1282<\/strong><br \/>(+26 for winning)\n|l|\u2606Chrisbal la Menace\n","uploadtime":1699985376,"views":5,"p1id":"chrisballamenace","p2id":"burgercute","formatid":"gen9ou","rating":1241,"private":0,"password":""}