{"id":"gen9ou-1994872203","p1":"Erm the worm","p2":"GorLeon","format":"[Gen 9] OU","log":"|j|\u2606Erm the worm\n|j|\u2606GorLeon\n|t:|1700500487\n|gametype|singles\n|player|p1|Erm the worm|101|1521\n|player|p2|GorLeon|dragontamer|1510\n|teamsize|p1|6\n|teamsize|p2|6\n|gen|9\n|tier|[Gen 9] OU\n|rated|\n|rule|Sleep Clause Mod: Limit one foe put to sleep\n|rule|Species Clause: Limit one of each Pok\u00e9mon\n|rule|OHKO Clause: OHKO moves are banned\n|rule|Evasion Items Clause: Evasion items are banned\n|rule|Evasion Moves Clause: Evasion moves are banned\n|rule|Endless Battle Clause: Forcing endless battles is banned\n|rule|HP Percentage Mod: HP is shown in percentages\n|clearpoke\n|poke|p1|Rillaboom, F|\n|poke|p1|Great Tusk|\n|poke|p1|Gholdengo|\n|poke|p1|Samurott-Hisui, M|\n|poke|p1|Ceruledge, F|\n|poke|p1|Enamorus, F|\n|poke|p2|Great Tusk|\n|poke|p2|Hatterene, F|\n|poke|p2|Dondozo, M|\n|poke|p2|Mandibuzz, F|\n|poke|p2|Heatran, M|\n|poke|p2|Dragapult, F|\n|teampreview\n|inactive|Battle timer is ON: inactive players will automatically lose when time's up. (requested by GorLeon)\n|j| Alpha Lopunny\n|c|\u2606GorLeon|gl hf\n|inactive|Erm the worm has 120 seconds left.\n|\n|t:|1700500525\n|start\n|switch|p1a: Samurott|Samurott-Hisui, M|100\/100\n|switch|p2a: Hatterene|Hatterene, F|100\/100\n|turn|1\n|\n|t:|1700500530\n|move|p1a: Samurott|Flip Turn|p2a: Hatterene\n|-damage|p2a: Hatterene|79\/100\n|\n|t:|1700500535\n|switch|p1a: Gholdengo|Gholdengo|100\/100|[from] Flip Turn\n|move|p2a: Hatterene|Draining Kiss|p1a: Gholdengo\n|-resisted|p1a: Gholdengo\n|-damage|p1a: Gholdengo|88\/100\n|-heal|p2a: Hatterene|90\/100|[from] drain|[of] p1a: Gholdengo\n|\n|-heal|p2a: Hatterene|96\/100|[from] item: Leftovers\n|upkeep\n|turn|2\n|\n|t:|1700500543\n|switch|p2a: Heatran|Heatran, M|100\/100\n|move|p1a: Gholdengo|Shadow Ball|p2a: Heatran\n|-damage|p2a: Heatran|70\/100\n|\n|-heal|p2a: Heatran|76\/100|[from] item: Leftovers\n|upkeep\n|turn|3\n|\n|t:|1700500552\n|switch|p1a: Ceruledge|Ceruledge, F|100\/100\n|move|p2a: Heatran|Magma Storm|p1a: Ceruledge\n|-start|p1a: Ceruledge|ability: Flash Fire\n|\n|-heal|p2a: Heatran|83\/100|[from] item: Leftovers\n|upkeep\n|turn|4\n|\n|t:|1700500558\n|move|p1a: Ceruledge|Poltergeist|p2a: Heatran\n|-activate|p2a: Heatran|move: Poltergeist|Leftovers\n|-damage|p2a: Heatran|33\/100\n|move|p2a: Heatran|Earth Power|p1a: Ceruledge\n|-supereffective|p1a: Ceruledge\n|-damage|p1a: Ceruledge|55\/100\n|\n|-heal|p2a: Heatran|39\/100|[from] item: Leftovers\n|upkeep\n|turn|5\n|\n|t:|1700500567\n|move|p2a: Heatran|Protect|p2a: Heatran\n|-singleturn|p2a: Heatran|Protect\n|move|p1a: Ceruledge|Poltergeist|p2a: Heatran\n|-activate|p2a: Heatran|move: Protect\n|\n|-heal|p2a: Heatran|45\/100|[from] item: Leftovers\n|upkeep\n|turn|6\n|\n|t:|1700500573\n|switch|p2a: Mandibuzz|Mandibuzz, F|100\/100\n|move|p1a: Ceruledge|Poltergeist|p2a: Mandibuzz\n|-activate|p2a: Mandibuzz|move: Poltergeist|Heavy-Duty Boots\n|-resisted|p2a: Mandibuzz\n|-damage|p2a: Mandibuzz|82\/100\n|\n|upkeep\n|turn|7\n|\n|t:|1700500586\n|-end|p1a: Ceruledge|ability: Flash Fire|[silent]\n|switch|p1a: Great Tusk|Great Tusk|100\/100\n|move|p2a: Mandibuzz|Foul Play|p1a: Great Tusk\n|-resisted|p1a: Great Tusk\n|-damage|p1a: Great Tusk|84\/100\n|\n|upkeep\n|turn|8\n|\n|t:|1700500592\n|switch|p2a: Hatterene|Hatterene, F|96\/100\n|move|p1a: Great Tusk|Ice Spinner|p2a: Hatterene\n|-damage|p2a: Hatterene|73\/100\n|\n|-heal|p2a: Hatterene|79\/100|[from] item: Leftovers\n|upkeep\n|turn|9\n|j| Lario\n|\n|t:|1700500606\n|move|p1a: Great Tusk|Headlong Rush|p2a: Hatterene\n|-damage|p2a: Hatterene|33\/100\n|-unboost|p1a: Great Tusk|def|1\n|-unboost|p1a: Great Tusk|spd|1\n|move|p2a: Hatterene|Nuzzle|p1a: Great Tusk\n|-immune|p1a: Great Tusk\n|\n|-heal|p2a: Hatterene|39\/100|[from] item: Leftovers\n|upkeep\n|turn|10\n|\n|t:|1700500618\n|move|p1a: Great Tusk|Headlong Rush|p2a: Hatterene\n|-damage|p2a: Hatterene|0 fnt\n|-unboost|p1a: Great Tusk|def|1\n|-unboost|p1a: Great Tusk|spd|1\n|faint|p2a: Hatterene\n|\n|upkeep\n|\n|t:|1700500623\n|switch|p2a: Dragapult|Dragapult, F|100\/100\n|turn|11\n|inactive|Erm the worm has 120 seconds left.\n|l| Lario\n|inactive|Erm the worm has 90 seconds left.\n|\n|t:|1700500687\n|-end|p1a: Great Tusk|Protosynthesis|[silent]\n|switch|p1a: Rillaboom|Rillaboom, F|100\/100\n|-fieldstart|move: Grassy Terrain|[from] ability: Grassy Surge|[of] p1a: Rillaboom\n|move|p2a: Dragapult|Shadow Ball|p1a: Rillaboom\n|-damage|p1a: Rillaboom|22\/100\n|-unboost|p1a: Rillaboom|spd|1\n|\n|-heal|p1a: Rillaboom|28\/100|[from] Grassy Terrain\n|upkeep\n|turn|12\n|\n|t:|1700500697\n|switch|p2a: Heatran|Heatran, M|45\/100\n|move|p1a: Rillaboom|Knock Off|p2a: Heatran\n|-damage|p2a: Heatran|18\/100\n|-enditem|p2a: Heatran|Leftovers|[from] move: Knock Off|[of] p1a: Rillaboom\n|\n|-heal|p1a: Rillaboom|35\/100|[from] Grassy Terrain\n|-heal|p2a: Heatran|24\/100|[from] Grassy Terrain\n|upkeep\n|turn|13\n|\n|t:|1700500703\n|move|p2a: Heatran|Protect|p2a: Heatran\n|-singleturn|p2a: Heatran|Protect\n|move|p1a: Rillaboom|Low Kick|p2a: Heatran\n|-activate|p2a: Heatran|move: Protect\n|\n|-heal|p1a: Rillaboom|41\/100|[from] Grassy Terrain\n|-heal|p2a: Heatran|30\/100|[from] Grassy Terrain\n|upkeep\n|turn|14\n|\n|t:|1700500710\n|switch|p2a: Mandibuzz|Mandibuzz, F|82\/100\n|move|p1a: Rillaboom|U-turn|p2a: Mandibuzz\n|-damage|p2a: Mandibuzz|67\/100\n|\n|t:|1700500715\n|switch|p1a: Enamorus|Enamorus, F|100\/100|[from] U-turn\n|\n|upkeep\n|turn|15\n|\n|t:|1700500726\n|move|p1a: Enamorus|Moonblast|p2a: Mandibuzz\n|-supereffective|p2a: Mandibuzz\n|-damage|p2a: Mandibuzz|0 fnt\n|faint|p2a: Mandibuzz\n|\n|upkeep\n|\n|t:|1700500735\n|switch|p2a: Great Tusk|Great Tusk|100\/100\n|turn|16\n|inactive|Erm the worm has 120 seconds left.\n|\n|t:|1700500760\n|-end|p2a: Great Tusk|Protosynthesis|[silent]\n|switch|p2a: Dondozo|Dondozo, M|100\/100\n|move|p1a: Enamorus|Moonblast|p2a: Dondozo\n|-damage|p2a: Dondozo|68\/100\n|\n|-heal|p2a: Dondozo|74\/100|[from] Grassy Terrain\n|-heal|p2a: Dondozo|80\/100|[from] item: Leftovers\n|upkeep\n|turn|17\n|inactive|Erm the worm has 120 seconds left.\n|\n|t:|1700500771\n|switch|p1a: Rillaboom|Rillaboom, F|41\/100\n|move|p2a: Dondozo|Curse|p2a: Dondozo\n|-unboost|p2a: Dondozo|spe|1\n|-boost|p2a: Dondozo|atk|1\n|-boost|p2a: Dondozo|def|1\n|\n|-heal|p1a: Rillaboom|47\/100|[from] Grassy Terrain\n|-heal|p2a: Dondozo|87\/100|[from] Grassy Terrain\n|-heal|p2a: Dondozo|93\/100|[from] item: Leftovers\n|upkeep\n|turn|18\n|\n|t:|1700500781\n|move|p1a: Rillaboom|Knock Off|p2a: Dondozo\n|-damage|p2a: Dondozo|79\/100\n|-enditem|p2a: Dondozo|Leftovers|[from] move: Knock Off|[of] p1a: Rillaboom\n|move|p2a: Dondozo|Curse|p2a: Dondozo\n|-unboost|p2a: Dondozo|spe|1\n|-boost|p2a: Dondozo|atk|1\n|-boost|p2a: Dondozo|def|1\n|\n|-heal|p1a: Rillaboom|53\/100|[from] Grassy Terrain\n|-heal|p2a: Dondozo|85\/100|[from] Grassy Terrain\n|-fieldend|move: Grassy Terrain\n|upkeep\n|turn|19\n|\n|t:|1700500789\n|move|p1a: Rillaboom|Grassy Glide|p2a: Dondozo\n|-supereffective|p2a: Dondozo\n|-damage|p2a: Dondozo|67\/100\n|move|p2a: Dondozo|Liquidation|p1a: Rillaboom\n|-resisted|p1a: Rillaboom\n|-damage|p1a: Rillaboom|23\/100\n|\n|upkeep\n|turn|20\n|\n|t:|1700500795\n|move|p1a: Rillaboom|U-turn|p2a: Dondozo\n|-damage|p2a: Dondozo|61\/100\n|\n|t:|1700500814\n|switch|p1a: Great Tusk|Great Tusk|84\/100|[from] U-turn\n|move|p2a: Dondozo|Curse|p2a: Dondozo\n|-unboost|p2a: Dondozo|spe|1\n|-boost|p2a: Dondozo|atk|1\n|-boost|p2a: Dondozo|def|1\n|\n|upkeep\n|turn|21\n|\n|t:|1700500822\n|move|p1a: Great Tusk|Headlong Rush|p2a: Dondozo\n|-damage|p2a: Dondozo|45\/100\n|-unboost|p1a: Great Tusk|def|1\n|-unboost|p1a: Great Tusk|spd|1\n|move|p2a: Dondozo|Liquidation|p1a: Great Tusk\n|-supereffective|p1a: Great Tusk\n|-damage|p1a: Great Tusk|0 fnt\n|faint|p1a: Great Tusk\n|-end|p1a: Great Tusk|Protosynthesis|[silent]\n|\n|upkeep\n|\n|t:|1700500832\n|switch|p1a: Enamorus|Enamorus, F|100\/100\n|turn|22\n|\n|t:|1700500835\n|-terastallize|p1a: Enamorus|Fairy\n|move|p1a: Enamorus|Moonblast|p2a: Dondozo\n|-damage|p2a: Dondozo|4\/100\n|move|p2a: Dondozo|Rest|p2a: Dondozo\n|-status|p2a: Dondozo|slp|[from] move: Rest\n|-heal|p2a: Dondozo|100\/100 slp|[silent]\n|\n|upkeep\n|turn|23\n|\n|t:|1700500845\n|move|p1a: Enamorus|Moonblast|p2a: Dondozo\n|-damage|p2a: Dondozo|60\/100 slp\n|cant|p2a: Dondozo|slp\n|move|p2a: Dondozo|Sleep Talk|p2a: Dondozo\n|move|p2a: Dondozo|Rest||[from]move: Sleep Talk|[still]\n|-fail|p2a: Dondozo\n|\n|upkeep\n|turn|24\n|\n|t:|1700500853\n|move|p1a: Enamorus|Moonblast|p2a: Dondozo\n|-crit|p2a: Dondozo\n|-damage|p2a: Dondozo|0 fnt\n|faint|p2a: Dondozo\n|\n|upkeep\n|\n|t:|1700500858\n|switch|p2a: Heatran|Heatran, M|30\/100\n|turn|25\n|\n|t:|1700500870\n|move|p1a: Enamorus|Earth Power|p2a: Heatran\n|-supereffective|p2a: Heatran\n|-damage|p2a: Heatran|0 fnt\n|faint|p2a: Heatran\n|\n|upkeep\n|\n|t:|1700500874\n|switch|p2a: Dragapult|Dragapult, F|100\/100\n|turn|26\n|\n|t:|1700500878\n|-terastallize|p2a: Dragapult|Ghost\n|move|p2a: Dragapult|Shadow Ball|p1a: Enamorus\n|-damage|p1a: Enamorus|0 fnt\n|faint|p1a: Enamorus\n|\n|upkeep\n|\n|t:|1700500885\n|switch|p1a: Samurott|Samurott-Hisui, M|100\/100\n|turn|27\n|\n|t:|1700500888\n|switch|p2a: Great Tusk|Great Tusk|100\/100\n|move|p1a: Samurott|Ceaseless Edge|p2a: Great Tusk\n|-resisted|p2a: Great Tusk\n|-crit|p2a: Great Tusk\n|-damage|p2a: Great Tusk|75\/100\n|-sidestart|p2: GorLeon|Spikes\n|\n|upkeep\n|turn|28\n|\n|t:|1700500894\n|switch|p1a: Rillaboom|Rillaboom, F|23\/100\n|-fieldstart|move: Grassy Terrain|[from] ability: Grassy Surge|[of] p1a: Rillaboom\n|move|p2a: Great Tusk|Headlong Rush|p1a: Rillaboom\n|-resisted|p1a: Rillaboom\n|-damage|p1a: Rillaboom|0 fnt\n|-unboost|p2a: Great Tusk|def|1\n|-unboost|p2a: Great Tusk|spd|1\n|faint|p1a: Rillaboom\n|\n|-heal|p2a: Great Tusk|82\/100|[from] Grassy Terrain\n|upkeep\n|\n|t:|1700500900\n|switch|p1a: Samurott|Samurott-Hisui, M|100\/100\n|turn|29\n|\n|t:|1700500906\n|move|p1a: Samurott|Razor Shell|p2a: Great Tusk\n|-supereffective|p2a: Great Tusk\n|-damage|p2a: Great Tusk|0 fnt\n|faint|p2a: Great Tusk\n|-end|p2a: Great Tusk|Protosynthesis|[silent]\n|\n|upkeep\n|\n|t:|1700500909\n|switch|p2a: Dragapult|Dragapult, F, tera:Ghost|100\/100\n|-damage|p2a: Dragapult|88\/100|[from] Spikes\n|turn|30\n|\n|t:|1700500913\n|move|p1a: Samurott|Razor Shell|p2a: Dragapult\n|-damage|p2a: Dragapult|20\/100\n|move|p2a: Dragapult|Draco Meteor|p1a: Samurott\n|-damage|p1a: Samurott|0 fnt\n|-unboost|p2a: Dragapult|spa|2\n|faint|p1a: Samurott\n|\n|-heal|p2a: Dragapult|26\/100|[from] Grassy Terrain\n|upkeep\n|\n|t:|1700500916\n|switch|p1a: Ceruledge|Ceruledge, F|55\/100\n|turn|31\n|\n|t:|1700500918\n|move|p1a: Ceruledge|Shadow Sneak|p2a: Dragapult\n|-supereffective|p2a: Dragapult\n|-damage|p2a: Dragapult|0 fnt\n|faint|p2a: Dragapult\n|\n|win|Erm the worm\n|raw|Erm the worm's rating: 1521 &rarr; <strong>1540<\/strong><br \/>(+19 for winning)\n|raw|GorLeon's rating: 1510 &rarr; <strong>1491<\/strong><br \/>(-19 for losing)\n|c|\u2606GorLeon|gg\n|l|\u2606Erm the worm\n","uploadtime":1700500926,"views":15,"p1id":"ermtheworm","p2id":"gorleon","formatid":"gen9ou","rating":1491,"private":0,"password":""}