{"id":"gen9ou-1988639911","p1":"Packrat17","p2":"Astolfo cesar","format":"[Gen 9] OU","log":"|j|\u2606Packrat17\n|j|\u2606Astolfo cesar\n|t:|1699745046\n|gametype|singles\n|player|p1|Packrat17|170|1020\n|player|p2|Astolfo cesar|caitlin|1054\n|teamsize|p1|6\n|teamsize|p2|6\n|gen|9\n|tier|[Gen 9] OU\n|rated|\n|rule|Sleep Clause Mod: Limit one foe put to sleep\n|rule|Species Clause: Limit one of each Pok\u00e9mon\n|rule|OHKO Clause: OHKO moves are banned\n|rule|Evasion Items Clause: Evasion items are banned\n|rule|Evasion Moves Clause: Evasion moves are banned\n|rule|Endless Battle Clause: Forcing endless battles is banned\n|rule|HP Percentage Mod: HP is shown in percentages\n|clearpoke\n|poke|p1|Greninja-*, M|\n|poke|p1|Dragapult, F|\n|poke|p1|Corviknight, F|\n|poke|p1|Sneasler, F|\n|poke|p1|Landorus-Therian, M|\n|poke|p1|Cinderace, F|\n|poke|p2|Gholdengo|\n|poke|p2|Samurott-Hisui, M|\n|poke|p2|Manaphy|\n|poke|p2|Kommo-o, M|\n|poke|p2|Great Tusk|\n|poke|p2|Ribombee, F|\n|teampreview\n|\n|t:|1699745063\n|start\n|switch|p1a: Sneasler|Sneasler, F|100\/100\n|switch|p2a: Ribombee|Ribombee, F|100\/100\n|-item|p1a: Sneasler|Air Balloon\n|turn|1\n|\n|t:|1699745072\n|move|p2a: Ribombee|Sticky Web|p1a: Sneasler\n|-sidestart|p1: Packrat17|move: Sticky Web\n|move|p1a: Sneasler|Dire Claw|p2a: Ribombee\n|-supereffective|p2a: Ribombee\n|-enditem|p2a: Ribombee|Focus Sash\n|-damage|p2a: Ribombee|1\/100\n|\n|upkeep\n|turn|2\n|\n|t:|1699745085\n|move|p2a: Ribombee|Stun Spore|p1a: Sneasler|[miss]\n|-miss|p2a: Ribombee|p1a: Sneasler\n|move|p1a: Sneasler|Dire Claw|p2a: Ribombee\n|-supereffective|p2a: Ribombee\n|-damage|p2a: Ribombee|0 fnt\n|faint|p2a: Ribombee\n|\n|upkeep\n|\n|t:|1699745093\n|switch|p2a: Kommo-o|Kommo-o, M|100\/100\n|turn|3\n|\n|t:|1699745132\n|-terastallize|p2a: Kommo-o|Steel\n|move|p1a: Sneasler|Dire Claw|p2a: Kommo-o\n|-immune|p2a: Kommo-o\n|move|p2a: Kommo-o|Substitute|p2a: Kommo-o\n|-start|p2a: Kommo-o|Substitute\n|-damage|p2a: Kommo-o|76\/100\n|\n|-heal|p2a: Kommo-o|82\/100|[from] item: Leftovers\n|upkeep\n|turn|4\n|\n|t:|1699745153\n|switch|p1a: Cinderace|Cinderace, F|100\/100\n|move|p2a: Kommo-o|Clangorous Soul|p2a: Kommo-o\n|-boost|p2a: Kommo-o|atk|1\n|-boost|p2a: Kommo-o|def|1\n|-boost|p2a: Kommo-o|spa|1\n|-boost|p2a: Kommo-o|spd|1\n|-boost|p2a: Kommo-o|spe|1\n|-damage|p2a: Kommo-o|49\/100\n|\n|-heal|p2a: Kommo-o|55\/100|[from] item: Leftovers\n|upkeep\n|turn|5\n|\n|t:|1699745164\n|move|p1a: Cinderace|Pyro Ball|p2a: Kommo-o\n|-supereffective|p2a: Kommo-o\n|-end|p2a: Kommo-o|Substitute\n|move|p2a: Kommo-o|Clangorous Soul|p2a: Kommo-o\n|-boost|p2a: Kommo-o|atk|1\n|-boost|p2a: Kommo-o|def|1\n|-boost|p2a: Kommo-o|spa|1\n|-boost|p2a: Kommo-o|spd|1\n|-boost|p2a: Kommo-o|spe|1\n|-damage|p2a: Kommo-o|23\/100\n|\n|-heal|p2a: Kommo-o|29\/100|[from] item: Leftovers\n|upkeep\n|turn|6\n|\n|t:|1699745175\n|move|p2a: Kommo-o|Drain Punch|p1a: Cinderace\n|-damage|p1a: Cinderace|0 fnt\n|-heal|p2a: Kommo-o|74\/100|[from] drain|[of] p1a: Cinderace\n|faint|p1a: Cinderace\n|\n|-heal|p2a: Kommo-o|80\/100|[from] item: Leftovers\n|upkeep\n|\n|t:|1699745200\n|switch|p1a: Corviknight|Corviknight, F|100\/100\n|-ability|p1a: Corviknight|Pressure\n|turn|7\n|\n|t:|1699745208\n|move|p2a: Kommo-o|Substitute|p2a: Kommo-o\n|-start|p2a: Kommo-o|Substitute\n|-damage|p2a: Kommo-o|56\/100\n|move|p1a: Corviknight|Brave Bird|p2a: Kommo-o\n|-resisted|p2a: Kommo-o\n|-activate|p2a: Kommo-o|move: Substitute|[damage]\n|-damage|p1a: Corviknight|98\/100|[from] Recoil|[of] p2a: Kommo-o\n|\n|-heal|p2a: Kommo-o|62\/100|[from] item: Leftovers\n|-heal|p1a: Corviknight|100\/100|[from] item: Leftovers\n|upkeep\n|turn|8\n|\n|t:|1699745219\n|move|p2a: Kommo-o|Clangorous Soul|p2a: Kommo-o\n|-boost|p2a: Kommo-o|atk|1\n|-boost|p2a: Kommo-o|def|1\n|-boost|p2a: Kommo-o|spa|1\n|-boost|p2a: Kommo-o|spd|1\n|-boost|p2a: Kommo-o|spe|1\n|-damage|p2a: Kommo-o|29\/100\n|move|p1a: Corviknight|Brave Bird|p2a: Kommo-o\n|-resisted|p2a: Kommo-o\n|-activate|p2a: Kommo-o|move: Substitute|[damage]\n|-damage|p1a: Corviknight|99\/100|[from] Recoil|[of] p2a: Kommo-o\n|\n|-heal|p2a: Kommo-o|35\/100|[from] item: Leftovers\n|-heal|p1a: Corviknight|100\/100|[from] item: Leftovers\n|upkeep\n|turn|9\n|\n|t:|1699745235\n|move|p2a: Kommo-o|Drain Punch|p1a: Corviknight\n|-damage|p1a: Corviknight|39\/100\n|-heal|p2a: Kommo-o|70\/100|[from] drain|[of] p1a: Corviknight\n|move|p1a: Corviknight|Brave Bird|p2a: Kommo-o\n|-resisted|p2a: Kommo-o\n|-activate|p2a: Kommo-o|move: Substitute|[damage]\n|-damage|p1a: Corviknight|38\/100|[from] Recoil|[of] p2a: Kommo-o\n|\n|-heal|p2a: Kommo-o|76\/100|[from] item: Leftovers\n|-heal|p1a: Corviknight|44\/100|[from] item: Leftovers\n|upkeep\n|turn|10\n|\n|t:|1699745271\n|move|p2a: Kommo-o|Clangorous Soul|p2a: Kommo-o\n|-boost|p2a: Kommo-o|atk|1\n|-boost|p2a: Kommo-o|def|1\n|-boost|p2a: Kommo-o|spa|1\n|-boost|p2a: Kommo-o|spd|1\n|-boost|p2a: Kommo-o|spe|1\n|-damage|p2a: Kommo-o|43\/100\n|move|p1a: Corviknight|Brave Bird|p2a: Kommo-o\n|-resisted|p2a: Kommo-o\n|-activate|p2a: Kommo-o|move: Substitute|[damage]\n|-damage|p1a: Corviknight|43\/100|[from] Recoil|[of] p2a: Kommo-o\n|\n|-heal|p2a: Kommo-o|49\/100|[from] item: Leftovers\n|-heal|p1a: Corviknight|49\/100|[from] item: Leftovers\n|upkeep\n|turn|11\n|\n|t:|1699745290\n|move|p2a: Kommo-o|Drain Punch|p1a: Corviknight\n|-damage|p1a: Corviknight|0 fnt\n|-heal|p2a: Kommo-o|77\/100|[from] drain|[of] p1a: Corviknight\n|faint|p1a: Corviknight\n|\n|-heal|p2a: Kommo-o|83\/100|[from] item: Leftovers\n|upkeep\n|\n|t:|1699745302\n|switch|p1a: Dragapult|Dragapult, F|100\/100\n|-activate|p1a: Dragapult|move: Sticky Web\n|-fail|p1a: Dragapult|unboost|[from] ability: Clear Body|[of] p1a: Dragapult\n|turn|12\n|\n|t:|1699745308\n|move|p2a: Kommo-o|Dragon Claw|p1a: Dragapult\n|-supereffective|p1a: Dragapult\n|-damage|p1a: Dragapult|0 fnt\n|faint|p1a: Dragapult\n|\n|-heal|p2a: Kommo-o|89\/100|[from] item: Leftovers\n|upkeep\n|\n|t:|1699745315\n|switch|p1a: Sneasler|Sneasler, F|100\/100\n|-item|p1a: Sneasler|Air Balloon\n|turn|13\n|\n|t:|1699745322\n|move|p2a: Kommo-o|Dragon Claw|p1a: Sneasler\n|-damage|p1a: Sneasler|0 fnt\n|-enditem|p1a: Sneasler|Air Balloon\n|faint|p1a: Sneasler\n|\n|-heal|p2a: Kommo-o|95\/100|[from] item: Leftovers\n|upkeep\n|\n|t:|1699745330\n|switch|p1a: Greninja|Greninja, M|100\/100\n|-activate|p1a: Greninja|move: Sticky Web\n|-unboost|p1a: Greninja|spe|1\n|turn|14\n|\n|t:|1699745340\n|move|p2a: Kommo-o|Drain Punch|p1a: Greninja\n|-supereffective|p1a: Greninja\n|-damage|p1a: Greninja|0 fnt\n|-heal|p2a: Kommo-o|100\/100|[from] drain|[of] p1a: Greninja\n|faint|p1a: Greninja\n|\n|upkeep\n|\n|t:|1699745345\n|switch|p1a: Landorus|Landorus-Therian, M|100\/100\n|-ability|p1a: Landorus|Intimidate|boost\n|-immune|p2a: Kommo-o\n|turn|15\n|\n|t:|1699745354\n|move|p2a: Kommo-o|Clangorous Soul|p2a: Kommo-o\n|-boost|p2a: Kommo-o|atk|1\n|-boost|p2a: Kommo-o|def|1\n|-boost|p2a: Kommo-o|spa|1\n|-boost|p2a: Kommo-o|spd|1\n|-boost|p2a: Kommo-o|spe|1\n|-damage|p2a: Kommo-o|68\/100\n|move|p1a: Landorus|Brick Break|p2a: Kommo-o\n|-supereffective|p2a: Kommo-o\n|-end|p2a: Kommo-o|Substitute\n|\n|-heal|p2a: Kommo-o|74\/100|[from] item: Leftovers\n|upkeep\n|turn|16\n|\n|t:|1699745367\n|move|p2a: Kommo-o|Dragon Claw|p1a: Landorus\n|-damage|p1a: Landorus|5\/100\n|move|p1a: Landorus|Brick Break|p2a: Kommo-o\n|-supereffective|p2a: Kommo-o\n|-damage|p2a: Kommo-o|63\/100\n|\n|-heal|p2a: Kommo-o|69\/100|[from] item: Leftovers\n|upkeep\n|turn|17\n|\n|t:|1699745378\n|move|p2a: Kommo-o|Dragon Claw|p1a: Landorus\n|-damage|p1a: Landorus|0 fnt\n|faint|p1a: Landorus\n|\n|win|Astolfo cesar\n|raw|Packrat17's rating: 1020 &rarr; <strong>1008<\/strong><br \/>(-12 for losing)\n|raw|Astolfo cesar's rating: 1054 &rarr; <strong>1083<\/strong><br \/>(+29 for winning)\n|l|\u2606Packrat17\n","uploadtime":1699745754,"views":17,"p1id":"packrat17","p2id":"astolfocesar","formatid":"gen9ou","rating":1008,"private":0,"password":""}