{"id":"gen9ou-1991785527","p1":"CRIPPYwitdaGRIPPY","p2":"CrushMeGoodra","format":"[Gen 9] OU","log":"|j|\u2606CRIPPYwitdaGRIPPY\n|j|\u2606CrushMeGoodra\n|t:|1700116930\n|gametype|singles\n|player|p1|CRIPPYwitdaGRIPPY|caitlin|\n|player|p2|CrushMeGoodra|cynthia|\n|teamsize|p1|6\n|teamsize|p2|6\n|gen|9\n|tier|[Gen 9] OU\n|rule|Sleep Clause Mod: Limit one foe put to sleep\n|rule|Species Clause: Limit one of each Pok\u00e9mon\n|rule|OHKO Clause: OHKO moves are banned\n|rule|Evasion Items Clause: Evasion items are banned\n|rule|Evasion Moves Clause: Evasion moves are banned\n|rule|Endless Battle Clause: Forcing endless battles is banned\n|rule|HP Percentage Mod: HP is shown in percentages\n|clearpoke\n|poke|p1|Blissey, F|\n|poke|p1|Manaphy|\n|poke|p1|Thundurus-Therian, M|\n|poke|p1|Scizor, F|\n|poke|p1|Typhlosion-Hisui, F|\n|poke|p1|Tinkaton, F|\n|poke|p2|Glimmora, M|\n|poke|p2|Dragonite, F|\n|poke|p2|Skeledirge, F|\n|poke|p2|Jirachi|\n|poke|p2|Overqwil, M|\n|poke|p2|Lucario, F|\n|teampreview\n|inactive|Battle timer is ON: inactive players will automatically lose when time's up. (requested by CrushMeGoodra)\n|\n|t:|1700116937\n|start\n|switch|p1a: buss3y|Blissey, F, shiny|100\/100\n|switch|p2a: Deflowered|Glimmora, M|100\/100\n|turn|1\n|j| S3PP1\n|\n|t:|1700116957\n|move|p2a: Deflowered|Stealth Rock|p1a: buss3y\n|-sidestart|p1: CRIPPYwitdaGRIPPY|move: Stealth Rock\n|move|p1a: buss3y|Stealth Rock|p2a: Deflowered\n|-sidestart|p2: CrushMeGoodra|move: Stealth Rock\n|\n|upkeep\n|turn|2\n|inactive|CRIPPYwitdaGRIPPY has 270 seconds left.\n|\n|t:|1700116980\n|move|p2a: Deflowered|Mortal Spin|p1a: buss3y\n|-damage|p1a: buss3y|96\/100\n|-status|p1a: buss3y|psn\n|-sideend|p2: CrushMeGoodra|Stealth Rock|[from] move: Mortal Spin|[of] p2a: Deflowered\n|move|p1a: buss3y|Seismic Toss|p2a: Deflowered\n|-damage|p2a: Deflowered|68\/100\n|-activate|p2a: Deflowered|ability: Toxic Debris\n|-sidestart|p1: CRIPPYwitdaGRIPPY|move: Toxic Spikes\n|\n|-damage|p1a: buss3y|83\/100 psn|[from] psn\n|upkeep\n|turn|3\n|inactive|CRIPPYwitdaGRIPPY has 270 seconds left.\n|\n|t:|1700116999\n|switch|p2a: danny DeVito|Skeledirge, F|100\/100\n|move|p1a: buss3y|Seismic Toss|p2a: danny DeVito\n|-immune|p2a: danny DeVito\n|\n|-damage|p1a: buss3y|71\/100 psn|[from] psn\n|upkeep\n|turn|4\n|\n|t:|1700117008\n|move|p2a: danny DeVito|Torch Song|p1a: buss3y\n|-damage|p1a: buss3y|59\/100 psn\n|-boost|p2a: danny DeVito|spa|1\n|move|p1a: buss3y|Shadow Ball|p2a: danny DeVito\n|-supereffective|p2a: danny DeVito\n|-damage|p2a: danny DeVito|82\/100\n|\n|-damage|p1a: buss3y|47\/100 psn|[from] psn\n|upkeep\n|turn|5\n|\n|t:|1700117023\n|-curestatus|p1a: buss3y|psn|[from] ability: Natural Cure\n|switch|p1a: tinkaussy|Tinkaton, F|100\/100\n|-damage|p1a: tinkaussy|94\/100|[from] Stealth Rock\n|-ability|p1a: tinkaussy|Mold Breaker\n|move|p2a: danny DeVito|Torch Song|p1a: tinkaussy\n|-supereffective|p1a: tinkaussy\n|-damage|p1a: tinkaussy|0 fnt\n|-boost|p2a: danny DeVito|spa|1\n|faint|p1a: tinkaussy\n|\n|upkeep\n|inactive|CRIPPYwitdaGRIPPY has 270 seconds left.\n|\n|t:|1700117036\n|switch|p1a: emo lizard|Typhlosion-Hisui, F|100\/100\n|-item|p2a: danny DeVito|Heavy-Duty Boots|[from] ability: Frisk|[of] p1a: emo lizard|[identify]\n|turn|6\n|inactive|CRIPPYwitdaGRIPPY has 270 seconds left.\n|\n|t:|1700117055\n|switch|p2a: Overqwilified|Overqwil, M|100\/100\n|-ability|p2a: Overqwilified|Intimidate|boost\n|-unboost|p1a: emo lizard|atk|1\n|move|p1a: emo lizard|Fire Blast|p2a: Overqwilified\n|-damage|p2a: Overqwilified|33\/100\n|-status|p2a: Overqwilified|brn\n|\n|-heal|p2a: Overqwilified|39\/100 brn|[from] item: Leftovers\n|-damage|p2a: Overqwilified|33\/100 brn|[from] brn\n|upkeep\n|turn|7\n|inactive|CRIPPYwitdaGRIPPY has 270 seconds left.\n|\n|t:|1700117066\n|move|p1a: emo lizard|Fire Blast|p2a: Overqwilified\n|-damage|p2a: Overqwilified|0 fnt\n|faint|p2a: Overqwilified\n|\n|upkeep\n|\n|t:|1700117081\n|switch|p2a: BJ|Dragonite, F|100\/100\n|turn|8\n|\n|t:|1700117085\n|move|p1a: emo lizard|Fire Blast|p2a: BJ\n|-resisted|p2a: BJ\n|-damage|p2a: BJ|87\/100\n|move|p2a: BJ|Dragon Dance|p2a: BJ\n|-boost|p2a: BJ|atk|1\n|-boost|p2a: BJ|spe|1\n|\n|upkeep\n|turn|9\n|\n|t:|1700117097\n|move|p2a: BJ|Earthquake|p1a: emo lizard\n|-supereffective|p1a: emo lizard\n|-damage|p1a: emo lizard|0 fnt\n|faint|p1a: emo lizard\n|\n|upkeep\n|\n|t:|1700117102\n|switch|p1a: lesbo action|Scizor, F, shiny|100\/100\n|-damage|p1a: lesbo action|88\/100|[from] Stealth Rock\n|turn|10\n|\n|t:|1700117120\n|move|p1a: lesbo action|Bullet Punch|p2a: BJ\n|-damage|p2a: BJ|43\/100\n|-damage|p1a: lesbo action|78\/100|[from] item: Life Orb\n|move|p2a: BJ|Earthquake|p1a: lesbo action\n|-damage|p1a: lesbo action|8\/100\n|\n|upkeep\n|turn|11\n|\n|t:|1700117130\n|move|p2a: BJ|Extreme Speed|p1a: lesbo action\n|-resisted|p1a: lesbo action\n|-damage|p1a: lesbo action|0 fnt\n|faint|p1a: lesbo action\n|\n|upkeep\n|\n|t:|1700117135\n|switch|p1a: purple oldman|Thundurus-Therian, M, shiny|100\/100\n|turn|12\n|\n|t:|1700117146\n|-terastallize|p2a: BJ|Normal\n|move|p2a: BJ|Extreme Speed|p1a: purple oldman\n|-damage|p1a: purple oldman|0 fnt\n|faint|p1a: purple oldman\n|\n|upkeep\n|\n|t:|1700117152\n|switch|p1a: fetus|Manaphy, shiny|100\/100\n|-damage|p1a: fetus|88\/100|[from] Stealth Rock\n|-status|p1a: fetus|psn\n|turn|13\n|\n|t:|1700117161\n|move|p2a: BJ|Extreme Speed|p1a: fetus\n|-damage|p1a: fetus|12\/100 psn\n|move|p1a: fetus|Surf|p2a: BJ\n|-crit|p2a: BJ\n|-damage|p2a: BJ|0 fnt\n|faint|p2a: BJ\n|\n|-heal|p1a: fetus|18\/100 psn|[from] item: Leftovers\n|-damage|p1a: fetus|6\/100 psn|[from] psn\n|upkeep\n|\n|t:|1700117170\n|switch|p2a: HotDoggo|Lucario, F|100\/100\n|turn|14\n|\n|t:|1700117177\n|move|p2a: HotDoggo|Extreme Speed|p1a: fetus\n|-damage|p1a: fetus|0 fnt\n|faint|p1a: fetus\n|\n|upkeep\n|\n|t:|1700117182\n|switch|p1a: buss3y|Blissey, F, shiny|47\/100\n|turn|15\n|\n|t:|1700117190\n|move|p2a: HotDoggo|Close Combat|p1a: buss3y\n|-supereffective|p1a: buss3y\n|-damage|p1a: buss3y|0 fnt\n|-unboost|p2a: HotDoggo|def|1\n|-unboost|p2a: HotDoggo|spd|1\n|faint|p1a: buss3y\n|\n|win|CrushMeGoodra\n|l|\u2606CRIPPYwitdaGRIPPY\n","uploadtime":1700117199,"views":15,"p1id":"crippywitdagrippy","p2id":"crushmegoodra","formatid":"gen9ou","rating":0,"private":0,"password":""}