{"id":"gen9ou-1999938679","p1":"Add 6669420","p2":"Thinking Of Name","format":"[Gen 9] OU","log":"|j|\u2606Add 6669420\n|j|\u2606Thinking Of Name\n|t:|1701132320\n|gametype|singles\n|player|p1|Add 6669420|ash-sinnoh|1388\n|player|p2|Thinking Of Name|blue|1464\n|teamsize|p1|6\n|teamsize|p2|6\n|gen|9\n|tier|[Gen 9] OU\n|rated|\n|rule|Sleep Clause Mod: Limit one foe put to sleep\n|rule|Species Clause: Limit one of each Pok\u00e9mon\n|rule|OHKO Clause: OHKO moves are banned\n|rule|Evasion Items Clause: Evasion items are banned\n|rule|Evasion Moves Clause: Evasion moves are banned\n|rule|Endless Battle Clause: Forcing endless battles is banned\n|rule|HP Percentage Mod: HP is shown in percentages\n|clearpoke\n|poke|p1|Zarude|\n|poke|p1|Cinderace, F|\n|poke|p1|Zapdos|\n|poke|p1|Landorus-Therian, M|\n|poke|p1|Slowking-Galar, M|\n|poke|p1|Haxorus, M|\n|poke|p2|Kingambit, M|\n|poke|p2|Dragapult, M|\n|poke|p2|Ninetales-Alola, F|\n|poke|p2|Ogerpon-Wellspring, F|\n|poke|p2|Iron Valiant|\n|poke|p2|Torterra, F|\n|teampreview\n|c|\u2606Add 6669420|Glhf\n|inactive|Battle timer is ON: inactive players will automatically lose when time's up. (requested by Add 6669420)\n|c|\u2606Thinking Of Name|thx u2\n|\n|t:|1701132336\n|start\n|switch|p1a: Cinderace|Cinderace, F|100\/100\n|switch|p2a: Dragapult|Dragapult, M|100\/100\n|turn|1\n|\n|t:|1701132343\n|move|p2a: Dragapult|Shadow Ball|p1a: Cinderace\n|-damage|p1a: Cinderace|34\/100\n|move|p1a: Cinderace|Will-O-Wisp|p2a: Dragapult\n|-status|p2a: Dragapult|brn\n|\n|-damage|p2a: Dragapult|95\/100 brn|[from] brn\n|upkeep\n|turn|2\n|\n|t:|1701132357\n|switch|p1a: Zarude|Zarude|100\/100\n|move|p2a: Dragapult|Shadow Ball|p1a: Zarude\n|-resisted|p1a: Zarude\n|-damage|p1a: Zarude|73\/100\n|\n|-damage|p2a: Dragapult|89\/100 brn|[from] brn\n|upkeep\n|turn|3\n|\n|t:|1701132377\n|switch|p2a: Ninetales|Ninetales-Alola, F|100\/100\n|-weather|Snow|[from] ability: Snow Warning|[of] p2a: Ninetales\n|move|p1a: Zarude|Knock Off|p2a: Ninetales\n|-resisted|p2a: Ninetales\n|-damage|p2a: Ninetales|72\/100\n|-enditem|p2a: Ninetales|Light Clay|[from] move: Knock Off|[of] p1a: Zarude\n|-damage|p1a: Zarude|63\/100|[from] item: Life Orb\n|\n|-weather|Snow|[upkeep]\n|upkeep\n|turn|4\n|\n|t:|1701132388\n|switch|p1a: Slowking|Slowking-Galar, M|100\/100\n|move|p2a: Ninetales|Blizzard|p1a: Slowking\n|-damage|p1a: Slowking|75\/100\n|\n|-weather|Snow|[upkeep]\n|upkeep\n|turn|5\n|\n|t:|1701132391\n|move|p2a: Ninetales|Aurora Veil|p2a: Ninetales\n|-sidestart|p2: Thinking Of Name|move: Aurora Veil\n|move|p1a: Slowking|Sludge Bomb|p2a: Ninetales\n|-supereffective|p2a: Ninetales\n|-damage|p2a: Ninetales|32\/100\n|-status|p2a: Ninetales|psn\n|\n|-weather|Snow|[upkeep]\n|-damage|p2a: Ninetales|20\/100 psn|[from] psn\n|upkeep\n|turn|6\n|\n|t:|1701132395\n|move|p2a: Ninetales|Blizzard|p1a: Slowking\n|-damage|p1a: Slowking|53\/100\n|move|p1a: Slowking|Chilly Reception|p1a: Slowking\n|\n|t:|1701132398\n|switch|p1a: Cinderace|Cinderace, F|34\/100|[from] Chilly Reception\n|\n|-weather|Snow|[upkeep]\n|-damage|p2a: Ninetales|8\/100 psn|[from] psn\n|upkeep\n|turn|7\n|\n|t:|1701132401\n|move|p1a: Cinderace|Court Change|p1a: Cinderace\n|-start|p1a: Cinderace|typechange|Normal|[from] ability: Libero\n|-swapsideconditions\n|-activate|p1a: Cinderace|move: Court Change\n|move|p2a: Ninetales|Blizzard|p1a: Cinderace\n|-damage|p1a: Cinderace|8\/100\n|\n|-weather|none\n|-damage|p2a: Ninetales|0 fnt|[from] psn\n|faint|p2a: Ninetales\n|upkeep\n|\n|t:|1701132404\n|switch|p2a: Dragapult|Dragapult, M|89\/100 brn\n|turn|8\n|c|\u2606Add 6669420|Thx for the viel\n|\n|t:|1701132412\n|move|p2a: Dragapult|Dragon Pulse|p1a: Cinderace\n|-damage|p1a: Cinderace|0 fnt\n|faint|p1a: Cinderace\n|\n|-damage|p2a: Dragapult|83\/100 brn|[from] brn\n|upkeep\n|\n|t:|1701132440\n|switch|p1a: Zarude|Zarude|63\/100\n|turn|9\n|\n|t:|1701132445\n|switch|p2a: Iron Valiant|Iron Valiant, shiny|100\/100\n|-enditem|p2a: Iron Valiant|Booster Energy\n|-activate|p2a: Iron Valiant|ability: Quark Drive|[fromitem]\n|-start|p2a: Iron Valiant|quarkdrivespe\n|move|p1a: Zarude|Power Whip|p2a: Iron Valiant\n|-damage|p2a: Iron Valiant|3\/100\n|-damage|p1a: Zarude|53\/100|[from] item: Life Orb\n|\n|-sideend|p1: Add 6669420|move: Aurora Veil\n|upkeep\n|turn|10\n|\n|t:|1701132460\n|-terastallize|p1a: Zarude|Poison\n|move|p2a: Iron Valiant|Moonblast|p1a: Zarude\n|-resisted|p1a: Zarude\n|-damage|p1a: Zarude|28\/100\n|move|p1a: Zarude|U-turn|p2a: Iron Valiant\n|-resisted|p2a: Iron Valiant\n|-damage|p2a: Iron Valiant|0 fnt\n|faint|p2a: Iron Valiant\n|-end|p2a: Iron Valiant|Quark Drive|[silent]\n|-damage|p1a: Zarude|18\/100|[from] item: Life Orb\n|\n|t:|1701132468\n|switch|p1a: Slowking|Slowking-Galar, M|86\/100|[from] U-turn\n|\n|upkeep\n|\n|t:|1701132495\n|switch|p2a: Kingambit|Kingambit, M|100\/100\n|-activate|p2a: Kingambit|ability: Supreme Overlord\n|-start|p2a: Kingambit|fallen2|[silent]\n|turn|11\n|\n|t:|1701132498\n|move|p2a: Kingambit|Kowtow Cleave|p1a: Slowking\n|-supereffective|p1a: Slowking\n|-enditem|p1a: Slowking|Colbur Berry|[eat]\n|-enditem|p1a: Slowking|Colbur Berry|[weaken]\n|-damage|p1a: Slowking|8\/100\n|move|p1a: Slowking|Thunder Wave|p2a: Kingambit\n|-status|p2a: Kingambit|par\n|\n|upkeep\n|turn|12\n|\n|t:|1701132504\n|move|p1a: Slowking|Chilly Reception|p1a: Slowking\n|-weather|Snow\n|\n|t:|1701132507\n|switch|p1a: Landorus|Landorus-Therian, M|100\/100|[from] Chilly Reception\n|-ability|p1a: Landorus|Intimidate|boost\n|-unboost|p2a: Kingambit|atk|1\n|cant|p2a: Kingambit|par\n|\n|-weather|Snow|[upkeep]\n|upkeep\n|turn|13\n|\n|t:|1701132513\n|-end|p2a: Kingambit|fallen2|[silent]\n|switch|p2a: Torterra|Torterra, F|100\/100\n|move|p1a: Landorus|Stealth Rock|p2a: Torterra\n|-sidestart|p2: Thinking Of Name|move: Stealth Rock\n|\n|-weather|Snow|[upkeep]\n|upkeep\n|turn|14\n|\n|t:|1701132516\n|move|p1a: Landorus|U-turn|p2a: Torterra\n|-supereffective|p2a: Torterra\n|-damage|p2a: Torterra|56\/100\n|\n|t:|1701132518\n|switch|p1a: Haxorus|Haxorus, M|100\/100|[from] U-turn\n|-ability|p1a: Haxorus|Mold Breaker\n|move|p2a: Torterra|Shell Smash|p2a: Torterra\n|-unboost|p2a: Torterra|def|1\n|-unboost|p2a: Torterra|spd|1\n|-boost|p2a: Torterra|atk|2\n|-boost|p2a: Torterra|spa|2\n|-boost|p2a: Torterra|spe|2\n|\n|-weather|Snow|[upkeep]\n|upkeep\n|turn|15\n|\n|t:|1701132522\n|move|p2a: Torterra|Earthquake|p1a: Haxorus\n|-damage|p1a: Haxorus|0 fnt\n|faint|p1a: Haxorus\n|\n|-weather|Snow|[upkeep]\n|upkeep\n|\n|t:|1701132525\n|switch|p1a: Landorus|Landorus-Therian, M|100\/100\n|-ability|p1a: Landorus|Intimidate|boost\n|-unboost|p2a: Torterra|atk|1\n|turn|16\n|\n|t:|1701132528\n|-terastallize|p2a: Torterra|Grass\n|move|p2a: Torterra|Bullet Seed|p1a: Landorus\n|-damage|p1a: Landorus|75\/100\n|-damage|p1a: Landorus|52\/100\n|-damage|p1a: Landorus|26\/100\n|-damage|p1a: Landorus|3\/100\n|-damage|p1a: Landorus|0 fnt\n|faint|p1a: Landorus\n|-hitcount|p1: Landorus|5\n|\n|-weather|none\n|upkeep\n|\n|t:|1701132532\n|switch|p1a: Zapdos|Zapdos|100\/100\n|turn|17\n|\n|t:|1701132536\n|move|p2a: Torterra|Rock Blast|p1a: Zapdos\n|-supereffective|p1a: Zapdos\n|-damage|p1a: Zapdos|72\/100\n|-supereffective|p1a: Zapdos\n|-damage|p1a: Zapdos|48\/100\n|-supereffective|p1a: Zapdos\n|-damage|p1a: Zapdos|23\/100\n|-supereffective|p1a: Zapdos\n|-damage|p1a: Zapdos|0 fnt\n|faint|p1a: Zapdos\n|-hitcount|p1: Zapdos|4\n|\n|upkeep\n|inactive|Add 6669420 has 120 seconds left.\n|\n|t:|1701132573\n|switch|p1a: Slowking|Slowking-Galar, M|41\/100\n|turn|18\n|\n|t:|1701132576\n|switch|p1a: Zarude|Zarude, tera:Poison|18\/100\n|move|p2a: Torterra|Earthquake|p1a: Zarude\n|-supereffective|p1a: Zarude\n|-damage|p1a: Zarude|0 fnt\n|faint|p1a: Zarude\n|\n|upkeep\n|\n|t:|1701132578\n|switch|p1a: Slowking|Slowking-Galar, M|74\/100\n|turn|19\n|\n|t:|1701132582\n|move|p2a: Torterra|Earthquake|p1a: Slowking\n|-supereffective|p1a: Slowking\n|-damage|p1a: Slowking|0 fnt\n|faint|p1a: Slowking\n|\n|win|Thinking Of Name\n|raw|Add 6669420's rating: 1388 &rarr; <strong>1372<\/strong><br \/>(-16 for losing)\n|raw|Thinking Of Name's rating: 1464 &rarr; <strong>1480<\/strong><br \/>(+16 for winning)\n|c|\u2606Thinking Of Name|gg\n","uploadtime":1701132585,"views":2,"p1id":"add6669420","p2id":"thinkingofname","formatid":"gen9ou","rating":1372,"private":0,"password":""}