{"id":"gen9ou-1996352630","p1":"jusmine","p2":"Irvantheboredone","format":"[Gen 9] OU","log":"|j|\u2606jusmine\n|j|\u2606Irvantheboredone\n|t:|1700673899\n|gametype|singles\n|player|p1|jusmine|102|1178\n|player|p2|Irvantheboredone|unknown|1206\n|teamsize|p1|6\n|teamsize|p2|6\n|gen|9\n|tier|[Gen 9] OU\n|rated|\n|rule|Sleep Clause Mod: Limit one foe put to sleep\n|rule|Species Clause: Limit one of each Pok\u00e9mon\n|rule|OHKO Clause: OHKO moves are banned\n|rule|Evasion Items Clause: Evasion items are banned\n|rule|Evasion Moves Clause: Evasion moves are banned\n|rule|Endless Battle Clause: Forcing endless battles is banned\n|rule|HP Percentage Mod: HP is shown in percentages\n|clearpoke\n|poke|p1|Skeledirge, M|\n|poke|p1|Mandibuzz, F|\n|poke|p1|Torterra, M|\n|poke|p1|Jirachi|\n|poke|p1|Heracross, F|\n|poke|p1|Infernape, M|\n|poke|p2|Inteleon, M|\n|poke|p2|Gyarados, F|\n|poke|p2|Scizor, M|\n|poke|p2|Gallade, M|\n|poke|p2|Thundurus-Therian, M|\n|poke|p2|Kingambit, M|\n|teampreview\n|\n|t:|1700673911\n|start\n|switch|p1a: Jirachi|Jirachi|100\/100\n|switch|p2a: V1|Inteleon, M|100\/100\n|turn|1\n|inactive|Battle timer is ON: inactive players will automatically lose when time's up. (requested by jusmine)\n|\n|t:|1700673915\n|move|p2a: V1|Snipe Shot|p1a: Jirachi\n|-damage|p1a: Jirachi|69\/100\n|move|p1a: Jirachi|Thunder Wave|p2a: V1\n|-status|p2a: V1|par\n|\n|-heal|p1a: Jirachi|75\/100|[from] item: Leftovers\n|upkeep\n|turn|2\n|c|\u2606Irvantheboredone|Oh you're that kind of jirachi user\n|\n|t:|1700673928\n|move|p1a: Jirachi|Wish|p1a: Jirachi\n|move|p2a: V1|Snipe Shot|p1a: Jirachi\n|-damage|p1a: Jirachi|40\/100\n|\n|-heal|p1a: Jirachi|47\/100|[from] item: Leftovers\n|upkeep\n|turn|3\n|\n|t:|1700673940\n|move|p1a: Jirachi|Iron Head|p2a: V1\n|-resisted|p2a: V1\n|-damage|p2a: V1|79\/100 par\n|move|p2a: V1|Snipe Shot|p1a: Jirachi\n|-crit|p1a: Jirachi\n|-damage|p1a: Jirachi|0 fnt\n|faint|p1a: Jirachi\n|\n|upkeep\n|c|\u2606Irvantheboredone|Anyway!\n|\n|t:|1700673952\n|switch|p1a: Heracross|Heracross, F|100\/100\n|turn|4\n|\n|t:|1700673956\n|move|p1a: Heracross|Trailblaze|p2a: V1\n|-supereffective|p2a: V1\n|-damage|p2a: V1|24\/100 par\n|-boost|p1a: Heracross|spe|1\n|cant|p2a: V1|par\n|\n|-status|p1a: Heracross|brn|[from] item: Flame Orb\n|upkeep\n|turn|5\n|\n|t:|1700673961\n|move|p1a: Heracross|Trailblaze|p2a: V1\n|-supereffective|p2a: V1\n|-crit|p2a: V1\n|-damage|p2a: V1|0 fnt\n|-boost|p1a: Heracross|spe|1\n|faint|p2a: V1\n|\n|-damage|p1a: Heracross|95\/100 brn|[from] brn\n|upkeep\n|\n|t:|1700673964\n|switch|p2a: V2|Scizor, M|100\/100\n|turn|6\n|\n|t:|1700673972\n|-terastallize|p2a: V2|Flying\n|move|p1a: Heracross|Knock Off|p2a: V2\n|-damage|p2a: V2|47\/100\n|-enditem|p2a: V2|Wide Lens|[from] move: Knock Off|[of] p1a: Heracross\n|move|p2a: V2|Dual Wingbeat|p1a: Heracross\n|-supereffective|p1a: Heracross\n|-damage|p1a: Heracross|0 fnt\n|faint|p1a: Heracross\n|-hitcount|p1: Heracross|1\n|\n|upkeep\n|\n|t:|1700673983\n|switch|p1a: Infernape|Infernape, M|100\/100\n|turn|7\n|\n|t:|1700673990\n|move|p1a: Infernape|Flamethrower|p2a: V2\n|-damage|p2a: V2|0 fnt\n|faint|p2a: V2\n|-damage|p1a: Infernape|91\/100|[from] item: Life Orb\n|\n|upkeep\n|\n|t:|1700673994\n|switch|p2a: Leviathan|Gyarados, F, shiny|100\/100\n|turn|8\n|\n|t:|1700674001\n|switch|p1a: Torterra|Torterra, M|100\/100\n|move|p2a: Leviathan|Dragon Dance|p2a: Leviathan\n|-boost|p2a: Leviathan|atk|1\n|-boost|p2a: Leviathan|spe|1\n|\n|upkeep\n|turn|9\n|\n|t:|1700674005\n|move|p2a: Leviathan|Waterfall|p1a: Torterra\n|-damage|p1a: Torterra|36\/100\n|move|p1a: Torterra|Rock Blast|p2a: Leviathan\n|-supereffective|p2a: Leviathan\n|-damage|p2a: Leviathan|79\/100\n|-supereffective|p2a: Leviathan\n|-damage|p2a: Leviathan|59\/100\n|-supereffective|p2a: Leviathan\n|-damage|p2a: Leviathan|40\/100\n|-supereffective|p2a: Leviathan\n|-damage|p2a: Leviathan|21\/100\n|-supereffective|p2a: Leviathan\n|-damage|p2a: Leviathan|1\/100\n|-hitcount|p2a: Leviathan|5\n|\n|upkeep\n|turn|10\n|c|\u2606Irvantheboredone|Holy\n|\n|t:|1700674022\n|switch|p1a: Mandibuzz|Mandibuzz, F|100\/100\n|move|p2a: Leviathan|Waterfall|p1a: Mandibuzz\n|-damage|p1a: Mandibuzz|52\/100\n|\n|upkeep\n|turn|11\n|\n|t:|1700674026\n|move|p2a: Leviathan|Iron Head|p1a: Mandibuzz\n|-damage|p1a: Mandibuzz|23\/100\n|move|p1a: Mandibuzz|Knock Off|p2a: Leviathan\n|-damage|p2a: Leviathan|0 fnt\n|-enditem|p2a: Leviathan|Clear Amulet|[from] move: Knock Off|[of] p1a: Mandibuzz\n|faint|p2a: Leviathan\n|\n|upkeep\n|\n|t:|1700674032\n|switch|p2a: Mindflayer|Thundurus-Therian, M|100\/100\n|turn|12\n|\n|t:|1700674038\n|switch|p1a: Torterra|Torterra, M|36\/100\n|move|p2a: Mindflayer|Agility|p2a: Mindflayer\n|-boost|p2a: Mindflayer|spe|2\n|\n|upkeep\n|turn|13\n|\n|t:|1700674046\n|move|p2a: Mindflayer|Flash Cannon|p1a: Torterra\n|-damage|p1a: Torterra|0 fnt\n|faint|p1a: Torterra\n|\n|upkeep\n|\n|t:|1700674053\n|switch|p1a: Infernape|Infernape, M|91\/100\n|turn|14\n|\n|t:|1700674056\n|move|p2a: Mindflayer|Thunderbolt|p1a: Infernape\n|-damage|p1a: Infernape|0 fnt\n|faint|p1a: Infernape\n|\n|upkeep\n|\n|t:|1700674063\n|switch|p1a: Skeledirge|Skeledirge, M|100\/100\n|turn|15\n|-message|jusmine forfeited.\n|\n|win|Irvantheboredone\n|raw|jusmine's rating: 1178 &rarr; <strong>1155<\/strong><br \/>(-23 for losing)\n|raw|Irvantheboredone's rating: 1206 &rarr; <strong>1229<\/strong><br \/>(+23 for winning)\n|l|\u2606jusmine\n","uploadtime":1700674067,"views":7,"p1id":"jusmine","p2id":"irvantheboredone","formatid":"gen9ou","rating":1155,"private":0,"password":""}