{"id":"gen9ou-1997660740","p1":"le_ritale","p2":"HicHac","format":"[Gen 9] OU","log":"|j|\u203dle_ritale\n|j|\u2606HicHac\n|t:|1700838809\n|gametype|singles\n|player|p1|le_ritale|1|1217\n|player|p2|HicHac|101|1259\n|teamsize|p1|6\n|teamsize|p2|6\n|gen|9\n|tier|[Gen 9] OU\n|rated|\n|rule|Sleep Clause Mod: Limit one foe put to sleep\n|rule|Species Clause: Limit one of each Pok\u00e9mon\n|rule|OHKO Clause: OHKO moves are banned\n|rule|Evasion Items Clause: Evasion items are banned\n|rule|Evasion Moves Clause: Evasion moves are banned\n|rule|Endless Battle Clause: Forcing endless battles is banned\n|rule|HP Percentage Mod: HP is shown in percentages\n|clearpoke\n|poke|p1|Clefable, F|\n|poke|p1|Dragapult, M|\n|poke|p1|Great Tusk|\n|poke|p1|Toxapex, F|\n|poke|p1|Kingambit, F|\n|poke|p1|Blissey, F|\n|poke|p2|Ogerpon-Wellspring, F|\n|poke|p2|Ribombee, F|\n|poke|p2|Gholdengo|\n|poke|p2|Great Tusk|\n|poke|p2|Iron Moth|\n|poke|p2|Hoopa-Unbound|\n|teampreview\n|inactive|Battle timer is ON: inactive players will automatically lose when time's up. (requested by HicHac)\n|\n|t:|1700838828\n|start\n|switch|p1a: Great Tusk|Great Tusk|100\/100\n|switch|p2a: Ribombee|Ribombee, F|100\/100\n|turn|1\n|\n|t:|1700838844\n|move|p2a: Ribombee|Sticky Web|p1a: Great Tusk\n|-sidestart|p1: le_ritale|move: Sticky Web\n|move|p1a: Great Tusk|Stealth Rock|p2a: Ribombee\n|-sidestart|p2: HicHac|move: Stealth Rock\n|\n|upkeep\n|turn|2\n|\n|t:|1700838852\n|switch|p2a: Gholdengo|Gholdengo|100\/100\n|-damage|p2a: Gholdengo|94\/100|[from] Stealth Rock\n|-item|p2a: Gholdengo|Air Balloon\n|move|p1a: Great Tusk|Knock Off|p2a: Gholdengo\n|-supereffective|p2a: Gholdengo\n|-damage|p2a: Gholdengo|27\/100\n|-enditem|p2a: Gholdengo|Air Balloon\n|\n|upkeep\n|turn|3\n|\n|t:|1700838872\n|move|p2a: Gholdengo|Shadow Ball|p1a: Great Tusk\n|-damage|p1a: Great Tusk|43\/100\n|move|p1a: Great Tusk|Knock Off|p2a: Gholdengo\n|-supereffective|p2a: Gholdengo\n|-damage|p2a: Gholdengo|0 fnt\n|faint|p2a: Gholdengo\n|\n|upkeep\n|\n|t:|1700838878\n|switch|p2a: Ogerpon|Ogerpon-Wellspring, F|100\/100\n|-damage|p2a: Ogerpon|88\/100|[from] Stealth Rock\n|turn|4\n|\n|t:|1700838888\n|-end|p1a: Great Tusk|Protosynthesis|[silent]\n|switch|p1a: Toxapex|Toxapex, F|100\/100\n|-activate|p1a: Toxapex|move: Sticky Web\n|-unboost|p1a: Toxapex|spe|1\n|move|p2a: Ogerpon|Ivy Cudgel|p1a: Toxapex|[anim] Ivy Cudgel Water\n|-resisted|p1a: Toxapex\n|-damage|p1a: Toxapex|76\/100\n|\n|-heal|p1a: Toxapex|82\/100|[from] item: Black Sludge\n|upkeep\n|turn|5\n|\n|t:|1700838910\n|switch|p2a: Hoopa|Hoopa-Unbound|100\/100\n|-damage|p2a: Hoopa|88\/100|[from] Stealth Rock\n|move|p1a: Toxapex|Toxic Spikes|p2a: Hoopa\n|-sidestart|p2: HicHac|move: Toxic Spikes\n|\n|-heal|p1a: Toxapex|89\/100|[from] item: Black Sludge\n|upkeep\n|turn|6\n|\n|t:|1700838920\n|move|p1a: Toxapex|Baneful Bunker|p1a: Toxapex\n|-singleturn|p1a: Toxapex|move: Protect\n|move|p2a: Hoopa|Psychic|p1a: Toxapex\n|-activate|p1a: Toxapex|move: Protect\n|\n|-heal|p1a: Toxapex|95\/100|[from] item: Black Sludge\n|upkeep\n|turn|7\n|\n|t:|1700838932\n|switch|p1a: Blissey|Blissey, F|100\/100\n|-activate|p1a: Blissey|move: Sticky Web\n|-unboost|p1a: Blissey|spe|1\n|move|p2a: Hoopa|Knock Off|p1a: Blissey\n|-damage|p1a: Blissey|0 fnt\n|-enditem|p1a: Blissey|Leftovers|[from] move: Knock Off|[of] p2a: Hoopa\n|faint|p1a: Blissey\n|\n|upkeep\n|inactive|le_ritale has 120 seconds left.\n|\n|t:|1700838951\n|switch|p1a: Clefable|Clefable, F|100\/100\n|-activate|p1a: Clefable|move: Sticky Web\n|-unboost|p1a: Clefable|spe|1\n|turn|8\n|inactive|le_ritale has 120 seconds left.\n|\n|t:|1700838957\n|move|p2a: Hoopa|Gunk Shot|p1a: Clefable|[miss]\n|-miss|p2a: Hoopa|p1a: Clefable\n|move|p1a: Clefable|Moonblast|p2a: Hoopa\n|-supereffective|p2a: Hoopa\n|-damage|p2a: Hoopa|58\/100\n|\n|upkeep\n|turn|9\n|inactive|le_ritale has 120 seconds left.\n|\n|t:|1700838979\n|switch|p1a: Kingambit|Kingambit, F|100\/100\n|-activate|p1a: Kingambit|move: Sticky Web\n|-unboost|p1a: Kingambit|spe|1\n|-activate|p1a: Kingambit|ability: Supreme Overlord\n|-start|p1a: Kingambit|fallen1|[silent]\n|move|p2a: Hoopa|Knock Off|p1a: Kingambit\n|-resisted|p1a: Kingambit\n|-damage|p1a: Kingambit|78\/100\n|-enditem|p1a: Kingambit|Life Orb|[from] move: Knock Off|[of] p2a: Hoopa\n|\n|upkeep\n|turn|10\n|\n|t:|1700838996\n|move|p1a: Kingambit|Sucker Punch|p2a: Hoopa\n|-damage|p2a: Hoopa|0 fnt\n|faint|p2a: Hoopa\n|\n|upkeep\n|\n|t:|1700839001\n|switch|p2a: Great Tusk|Great Tusk|100\/100\n|-damage|p2a: Great Tusk|98\/100|[from] Stealth Rock\n|-status|p2a: Great Tusk|psn\n|turn|11\n|\n|t:|1700839017\n|-end|p1a: Kingambit|fallen1|[silent]\n|switch|p1a: Dragapult|Dragapult, M|100\/100\n|-activate|p1a: Dragapult|move: Sticky Web\n|-fail|p1a: Dragapult|unboost|[from] ability: Clear Body|[of] p1a: Dragapult\n|move|p2a: Great Tusk|Rapid Spin|p1a: Dragapult\n|-immune|p1a: Dragapult\n|\n|-heal|p2a: Great Tusk|100\/100 psn|[from] item: Leftovers\n|-damage|p2a: Great Tusk|88\/100 psn|[from] psn\n|upkeep\n|turn|12\n|\n|t:|1700839033\n|move|p1a: Dragapult|Surf|p2a: Great Tusk\n|-supereffective|p2a: Great Tusk\n|-damage|p2a: Great Tusk|0 fnt\n|faint|p2a: Great Tusk\n|-end|p2a: Great Tusk|Protosynthesis|[silent]\n|\n|upkeep\n|\n|t:|1700839039\n|switch|p2a: Iron Moth|Iron Moth|100\/100\n|-damage|p2a: Iron Moth|76\/100|[from] Stealth Rock\n|-sideend|p2: HicHac|move: Toxic Spikes|[of] p2a: Iron Moth\n|-enditem|p2a: Iron Moth|Booster Energy\n|-activate|p2a: Iron Moth|ability: Quark Drive|[fromitem]\n|-start|p2a: Iron Moth|quarkdrivespe\n|turn|13\n|inactive|le_ritale has 90 seconds left.\n|\n|t:|1700839067\n|-end|p2a: Iron Moth|Quark Drive|[silent]\n|switch|p2a: Ogerpon|Ogerpon-Wellspring, F|88\/100\n|-damage|p2a: Ogerpon|76\/100|[from] Stealth Rock\n|switch|p1a: Toxapex|Toxapex, F|100\/100\n|-activate|p1a: Toxapex|move: Sticky Web\n|-unboost|p1a: Toxapex|spe|1\n|\n|upkeep\n|turn|14\n|\n|t:|1700839079\n|move|p2a: Ogerpon|Swords Dance|p2a: Ogerpon\n|-boost|p2a: Ogerpon|atk|2\n|move|p1a: Toxapex|Toxic Spikes|p2a: Ogerpon\n|-sidestart|p2: HicHac|move: Toxic Spikes\n|\n|upkeep\n|turn|15\n|\n|t:|1700839094\n|move|p2a: Ogerpon|Encore|p1a: Toxapex\n|-start|p1a: Toxapex|Encore\n|move|p1a: Toxapex|Toxic Spikes|p2a: Ogerpon\n|-sidestart|p2: HicHac|move: Toxic Spikes\n|\n|upkeep\n|turn|16\n|\n|t:|1700839108\n|switch|p1a: Great Tusk|Great Tusk|43\/100\n|-activate|p1a: Great Tusk|move: Sticky Web\n|-unboost|p1a: Great Tusk|spe|1\n|move|p2a: Ogerpon|Swords Dance|p2a: Ogerpon\n|-boost|p2a: Ogerpon|atk|2\n|\n|upkeep\n|turn|17\n|\n|t:|1700839118\n|move|p2a: Ogerpon|Ivy Cudgel|p1a: Great Tusk|[anim] Ivy Cudgel Water\n|-supereffective|p1a: Great Tusk\n|-damage|p1a: Great Tusk|0 fnt\n|faint|p1a: Great Tusk\n|-end|p1a: Great Tusk|Protosynthesis|[silent]\n|\n|upkeep\n|\n|t:|1700839129\n|switch|p1a: Kingambit|Kingambit, F|78\/100\n|-activate|p1a: Kingambit|move: Sticky Web\n|-unboost|p1a: Kingambit|spe|1\n|-activate|p1a: Kingambit|ability: Supreme Overlord\n|-start|p1a: Kingambit|fallen2|[silent]\n|turn|18\n|\n|t:|1700839139\n|move|p1a: Kingambit|Sucker Punch|p2a: Ogerpon\n|-damage|p2a: Ogerpon|8\/100\n|move|p2a: Ogerpon|Ivy Cudgel|p1a: Kingambit|[anim] Ivy Cudgel Water\n|-damage|p1a: Kingambit|0 fnt\n|faint|p1a: Kingambit\n|-end|p1a: Kingambit|fallen2|[silent]\n|\n|upkeep\n|\n|t:|1700839151\n|switch|p1a: Dragapult|Dragapult, M|100\/100\n|-activate|p1a: Dragapult|move: Sticky Web\n|-fail|p1a: Dragapult|unboost|[from] ability: Clear Body|[of] p1a: Dragapult\n|turn|19\n|\n|t:|1700839158\n|move|p1a: Dragapult|Shadow Ball|p2a: Ogerpon\n|-damage|p2a: Ogerpon|0 fnt\n|faint|p2a: Ogerpon\n|\n|upkeep\n|\n|t:|1700839162\n|switch|p2a: Ribombee|Ribombee, F|100\/100\n|-damage|p2a: Ribombee|76\/100|[from] Stealth Rock\n|-status|p2a: Ribombee|tox\n|turn|20\n|\n|t:|1700839173\n|switch|p1a: Toxapex|Toxapex, F|100\/100\n|-activate|p1a: Toxapex|move: Sticky Web\n|-unboost|p1a: Toxapex|spe|1\n|move|p2a: Ribombee|Moonblast|p1a: Toxapex\n|-resisted|p1a: Toxapex\n|-damage|p1a: Toxapex|84\/100\n|\n|-heal|p1a: Toxapex|91\/100|[from] item: Black Sludge\n|-damage|p2a: Ribombee|69\/100 tox|[from] psn\n|upkeep\n|turn|21\n|\n|t:|1700839183\n|move|p2a: Ribombee|Psychic|p1a: Toxapex\n|-supereffective|p1a: Toxapex\n|-damage|p1a: Toxapex|49\/100\n|move|p1a: Toxapex|Surf|p2a: Ribombee\n|-damage|p2a: Ribombee|40\/100 tox\n|\n|-heal|p1a: Toxapex|55\/100|[from] item: Black Sludge\n|-damage|p2a: Ribombee|27\/100 tox|[from] psn\n|upkeep\n|turn|22\n|\n|t:|1700839194\n|move|p1a: Toxapex|Baneful Bunker|p1a: Toxapex\n|-singleturn|p1a: Toxapex|move: Protect\n|move|p2a: Ribombee|Psychic|p1a: Toxapex\n|-activate|p1a: Toxapex|move: Protect\n|\n|-heal|p1a: Toxapex|62\/100|[from] item: Black Sludge\n|-damage|p2a: Ribombee|9\/100 tox|[from] psn\n|upkeep\n|turn|23\n|\n|t:|1700839203\n|move|p2a: Ribombee|Stun Spore|p1a: Toxapex\n|-status|p1a: Toxapex|par\n|cant|p1a: Toxapex|par\n|\n|-heal|p1a: Toxapex|68\/100 par|[from] item: Black Sludge\n|-damage|p2a: Ribombee|0 fnt|[from] psn\n|faint|p2a: Ribombee\n|upkeep\n|\n|t:|1700839205\n|switch|p2a: Iron Moth|Iron Moth|76\/100\n|-damage|p2a: Iron Moth|51\/100|[from] Stealth Rock\n|-sideend|p2: HicHac|move: Toxic Spikes|[of] p2a: Iron Moth\n|turn|24\n|\n|t:|1700839214\n|-terastallize|p2a: Iron Moth|Grass\n|move|p2a: Iron Moth|Fiery Dance|p1a: Toxapex\n|-resisted|p1a: Toxapex\n|-damage|p1a: Toxapex|50\/100 par\n|-boost|p2a: Iron Moth|spa|1\n|move|p1a: Toxapex|Surf|p2a: Iron Moth\n|-resisted|p2a: Iron Moth\n|-damage|p2a: Iron Moth|42\/100\n|\n|-heal|p1a: Toxapex|57\/100 par|[from] item: Black Sludge\n|upkeep\n|turn|25\n|inactive|le_ritale has 120 seconds left.\n|\n|t:|1700839233\n|move|p2a: Iron Moth|Energy Ball|p1a: Toxapex\n|-damage|p1a: Toxapex|0 fnt\n|faint|p1a: Toxapex\n|\n|upkeep\n|\n|t:|1700839238\n|switch|p1a: Dragapult|Dragapult, M|100\/100\n|-activate|p1a: Dragapult|move: Sticky Web\n|-fail|p1a: Dragapult|unboost|[from] ability: Clear Body|[of] p1a: Dragapult\n|turn|26\n|\n|t:|1700839248\n|move|p1a: Dragapult|Draco Meteor|p2a: Iron Moth\n|-damage|p2a: Iron Moth|0 fnt\n|-unboost|p1a: Dragapult|spa|2\n|faint|p2a: Iron Moth\n|-end|p2a: Iron Moth|Quark Drive|[silent]\n|\n|win|le_ritale\n|raw|le_ritale's rating: 1217 &rarr; <strong>1245<\/strong><br \/>(+28 for winning)\n|raw|HicHac's rating: 1259 &rarr; <strong>1231<\/strong><br \/>(-28 for losing)\n","uploadtime":1700839251,"views":15,"p1id":"leritale","p2id":"hichac","formatid":"gen9ou","rating":1231,"private":0,"password":""}