{"id":"gen9ou-1988602653","p1":"diditomionw","p2":"AkiDes","format":"[Gen 9] OU","log":"|j|\u2606diditomionw\n|j|\u2606AkiDes\n|t:|1699740828\n|gametype|singles\n|player|p1|diditomionw|ruinmaniac|1000\n|player|p2|AkiDes|volkner|1097\n|teamsize|p1|6\n|teamsize|p2|6\n|gen|9\n|tier|[Gen 9] OU\n|rated|\n|rule|Sleep Clause Mod: Limit one foe put to sleep\n|rule|Species Clause: Limit one of each Pok\u00e9mon\n|rule|OHKO Clause: OHKO moves are banned\n|rule|Evasion Items Clause: Evasion items are banned\n|rule|Evasion Moves Clause: Evasion moves are banned\n|rule|Endless Battle Clause: Forcing endless battles is banned\n|rule|HP Percentage Mod: HP is shown in percentages\n|clearpoke\n|poke|p1|Fezandipiti, M|\n|poke|p1|Manaphy|\n|poke|p1|Mew|\n|poke|p1|Iron Valiant|\n|poke|p1|Gholdengo|\n|poke|p1|Toedscruel, F|\n|poke|p2|Gliscor, F|\n|poke|p2|Greninja-*, M|\n|poke|p2|Dragonite, F|\n|poke|p2|Cinderace, F|\n|poke|p2|Mandibuzz, F|\n|poke|p2|Jolteon, F|\n|teampreview\n|inactive|Battle timer is ON: inactive players will automatically lose when time's up. (requested by diditomionw)\n|\n|t:|1699740847\n|start\n|switch|p1a: Gholdengo|Gholdengo|100\/100\n|switch|p2a: Gliscor|Gliscor, F|100\/100\n|turn|1\n|\n|t:|1699740849\n|move|p1a: Gholdengo|Trick|p2a: Gliscor\n|-activate|p1a: Gholdengo|move: Trick|[of] p2a: Gliscor\n|-item|p2a: Gliscor|Choice Scarf|[from] move: Trick\n|-item|p1a: Gholdengo|Toxic Orb|[from] move: Trick\n|move|p2a: Gliscor|Earthquake|p1a: Gholdengo\n|-supereffective|p1a: Gholdengo\n|-damage|p1a: Gholdengo|7\/100\n|\n|upkeep\n|turn|2\n|\n|t:|1699740857\n|switch|p1a: Toedscruel|Toedscruel, F|100\/100\n|move|p2a: Gliscor|Earthquake|p1a: Toedscruel\n|-resisted|p1a: Toedscruel\n|-damage|p1a: Toedscruel|84\/100\n|\n|-heal|p1a: Toedscruel|90\/100|[from] item: Leftovers\n|upkeep\n|turn|3\n|\n|t:|1699740863\n|switch|p2a: Mandibuzz|Mandibuzz, F|100\/100\n|move|p1a: Toedscruel|Spore|p2a: Mandibuzz\n|-status|p2a: Mandibuzz|slp|[from] move: Spore\n|\n|-heal|p1a: Toedscruel|96\/100|[from] item: Leftovers\n|upkeep\n|turn|4\n|\n|t:|1699740871\n|switch|p1a: Gholdengo|Gholdengo|7\/100\n|cant|p2a: Mandibuzz|slp\n|\n|upkeep\n|turn|5\n|\n|t:|1699740874\n|switch|p2a: Gliscor|Gliscor, F|100\/100\n|move|p1a: Gholdengo|Nasty Plot|p1a: Gholdengo\n|-boost|p1a: Gholdengo|spa|2\n|\n|upkeep\n|turn|6\n|\n|t:|1699740878\n|switch|p1a: Toedscruel|Toedscruel, F|96\/100\n|move|p2a: Gliscor|Earthquake|p1a: Toedscruel\n|-resisted|p1a: Toedscruel\n|-damage|p1a: Toedscruel|80\/100\n|\n|-heal|p1a: Toedscruel|86\/100|[from] item: Leftovers\n|upkeep\n|turn|7\n|\n|t:|1699740882\n|switch|p2a: Mandibuzz|Mandibuzz, F|100\/100 slp\n|move|p1a: Toedscruel|Spikes|p2a: Mandibuzz\n|-sidestart|p2: AkiDes|Spikes\n|\n|-heal|p1a: Toedscruel|92\/100|[from] item: Leftovers\n|upkeep\n|turn|8\n|\n|t:|1699740889\n|cant|p2a: Mandibuzz|slp\n|move|p1a: Toedscruel|Spikes|p2a: Mandibuzz\n|-sidestart|p2: AkiDes|Spikes\n|\n|-heal|p1a: Toedscruel|98\/100|[from] item: Leftovers\n|upkeep\n|turn|9\n|\n|t:|1699740893\n|switch|p1a: Manaphy|Manaphy|100\/100\n|cant|p2a: Mandibuzz|slp\n|\n|upkeep\n|turn|10\n|\n|t:|1699740896\n|move|p1a: Manaphy|Tail Glow|p1a: Manaphy\n|-boost|p1a: Manaphy|spa|3\n|-curestatus|p2a: Mandibuzz|slp|[msg]\n|move|p2a: Mandibuzz|Toxic|p1a: Manaphy\n|-status|p1a: Manaphy|tox\n|\n|-damage|p1a: Manaphy|94\/100 tox|[from] psn\n|upkeep\n|turn|11\n|\n|t:|1699740902\n|move|p1a: Manaphy|Surf|p2a: Mandibuzz\n|-damage|p2a: Mandibuzz|17\/100\n|move|p2a: Mandibuzz|Defog|p1a: Manaphy\n|-unboost|p1a: Manaphy|evasion|1\n|-sideend|p2: AkiDes|Spikes|[from] move: Defog|[of] p2a: Mandibuzz\n|\n|-heal|p1a: Manaphy|100\/100 tox|[from] item: Leftovers\n|-damage|p1a: Manaphy|88\/100 tox|[from] psn\n|upkeep\n|turn|12\n|\n|t:|1699740911\n|move|p1a: Manaphy|Surf|p2a: Mandibuzz\n|-damage|p2a: Mandibuzz|0 fnt\n|faint|p2a: Mandibuzz\n|\n|-heal|p1a: Manaphy|94\/100 tox|[from] item: Leftovers\n|-damage|p1a: Manaphy|76\/100 tox|[from] psn\n|upkeep\n|\n|t:|1699740913\n|switch|p2a: Jolteon|Jolteon, F|100\/100\n|turn|13\n|\n|t:|1699740918\n|switch|p1a: Toedscruel|Toedscruel, F|98\/100\n|move|p2a: Jolteon|Volt Switch|p1a: Toedscruel\n|-immune|p1a: Toedscruel\n|\n|-heal|p1a: Toedscruel|100\/100|[from] item: Leftovers\n|upkeep\n|turn|14\n|\n|t:|1699740924\n|switch|p2a: Gliscor|Gliscor, F|100\/100\n|move|p1a: Toedscruel|Spore|p2a: Gliscor\n|-status|p2a: Gliscor|slp|[from] move: Spore\n|\n|upkeep\n|turn|15\n|\n|t:|1699740932\n|cant|p2a: Gliscor|slp\n|move|p1a: Toedscruel|Spikes|p2a: Gliscor\n|-sidestart|p2: AkiDes|Spikes\n|\n|upkeep\n|turn|16\n|\n|t:|1699740936\n|switch|p1a: Manaphy|Manaphy|76\/100 tox\n|cant|p2a: Gliscor|slp\n|\n|-heal|p1a: Manaphy|82\/100 tox|[from] item: Leftovers\n|-damage|p1a: Manaphy|76\/100 tox|[from] psn\n|upkeep\n|turn|17\n|\n|t:|1699740943\n|cant|p2a: Gliscor|slp\n|move|p1a: Manaphy|Surf|p2a: Gliscor\n|-supereffective|p2a: Gliscor\n|-damage|p2a: Gliscor|0 fnt\n|faint|p2a: Gliscor\n|\n|-heal|p1a: Manaphy|82\/100 tox|[from] item: Leftovers\n|-damage|p1a: Manaphy|70\/100 tox|[from] psn\n|upkeep\n|\n|t:|1699740949\n|switch|p2a: Jolteon|Jolteon, F|100\/100\n|-damage|p2a: Jolteon|88\/100|[from] Spikes\n|turn|18\n|\n|t:|1699740953\n|switch|p1a: Toedscruel|Toedscruel, F|100\/100\n|-terastallize|p2a: Jolteon|Ice\n|move|p2a: Jolteon|Tera Blast|p1a: Toedscruel|[anim] Tera Blast Ice\n|-supereffective|p1a: Toedscruel\n|-crit|p1a: Toedscruel\n|-damage|p1a: Toedscruel|0 fnt\n|faint|p1a: Toedscruel\n|\n|upkeep\n|\n|t:|1699740963\n|switch|p1a: Fezandipiti|Fezandipiti, M|100\/100\n|turn|19\n|\n|t:|1699740971\n|switch|p2a: Cinderace|Cinderace, F|100\/100\n|-damage|p2a: Cinderace|88\/100|[from] Spikes\n|move|p1a: Fezandipiti|Moonblast|p2a: Cinderace\n|-resisted|p2a: Cinderace\n|-damage|p2a: Cinderace|72\/100\n|-status|p2a: Cinderace|tox|[from] ability: Toxic Chain|[of] p1a: Fezandipiti\n|\n|-damage|p2a: Cinderace|66\/100 tox|[from] psn\n|upkeep\n|turn|20\n|\n|t:|1699740979\n|switch|p1a: Manaphy|Manaphy|70\/100 tox\n|move|p2a: Cinderace|Pyro Ball|p1a: Manaphy\n|-resisted|p1a: Manaphy\n|-damage|p1a: Manaphy|40\/100 tox\n|\n|-heal|p1a: Manaphy|47\/100 tox|[from] item: Leftovers\n|-damage|p2a: Cinderace|54\/100 tox|[from] psn\n|-damage|p1a: Manaphy|40\/100 tox|[from] psn\n|upkeep\n|turn|21\n|\n|t:|1699740984\n|move|p2a: Cinderace|High Jump Kick|p1a: Manaphy\n|-start|p2a: Cinderace|typechange|Fighting|[from] ability: Libero\n|-damage|p1a: Manaphy|0 fnt\n|faint|p1a: Manaphy\n|\n|-damage|p2a: Cinderace|36\/100 tox|[from] psn\n|upkeep\n|\n|t:|1699741002\n|switch|p1a: Iron Valiant|Iron Valiant|100\/100\n|-enditem|p1a: Iron Valiant|Booster Energy\n|-activate|p1a: Iron Valiant|ability: Quark Drive|[fromitem]\n|-start|p1a: Iron Valiant|quarkdrivespe\n|turn|22\n|\n|t:|1699741011\n|move|p1a: Iron Valiant|Swords Dance|p1a: Iron Valiant\n|-boost|p1a: Iron Valiant|atk|2\n|move|p2a: Cinderace|Pyro Ball|p1a: Iron Valiant\n|-damage|p1a: Iron Valiant|48\/100\n|\n|-damage|p2a: Cinderace|12\/100 tox|[from] psn\n|upkeep\n|turn|23\n|\n|t:|1699741016\n|move|p2a: Cinderace|Sucker Punch|p1a: Iron Valiant\n|-resisted|p1a: Iron Valiant\n|-damage|p1a: Iron Valiant|41\/100\n|move|p1a: Iron Valiant|Knock Off|p2a: Cinderace\n|-resisted|p2a: Cinderace\n|-damage|p2a: Cinderace|0 fnt\n|-enditem|p2a: Cinderace|Assault Vest|[from] move: Knock Off|[of] p1a: Iron Valiant\n|faint|p2a: Cinderace\n|\n|upkeep\n|\n|t:|1699741030\n|switch|p2a: Greninja|Greninja, M, shiny|100\/100\n|-damage|p2a: Greninja|88\/100|[from] Spikes\n|turn|24\n|\n|t:|1699741033\n|move|p2a: Greninja|Extrasensory|p1a: Iron Valiant\n|-start|p2a: Greninja|typechange|Psychic|[from] ability: Protean\n|-supereffective|p1a: Iron Valiant\n|-crit|p1a: Iron Valiant\n|-damage|p1a: Iron Valiant|0 fnt\n|faint|p1a: Iron Valiant\n|-end|p1a: Iron Valiant|Quark Drive|[silent]\n|\n|upkeep\n|\n|t:|1699741044\n|switch|p1a: Mew|Mew|100\/100\n|turn|25\n|\n|t:|1699741046\n|switch|p2a: Dragonite|Dragonite, F|100\/100\n|move|p1a: Mew|Calm Mind|p1a: Mew\n|-boost|p1a: Mew|spa|1\n|-boost|p1a: Mew|spd|1\n|\n|upkeep\n|turn|26\n|\n|t:|1699741051\n|move|p1a: Mew|Taunt|p2a: Dragonite\n|-start|p2a: Dragonite|move: Taunt\n|cant|p2a: Dragonite|move: Taunt|Dragon Dance\n|\n|upkeep\n|turn|27\n|\n|t:|1699741055\n|move|p1a: Mew|Dazzling Gleam|p2a: Dragonite\n|-supereffective|p2a: Dragonite\n|-damage|p2a: Dragonite|66\/100\n|move|p2a: Dragonite|Earthquake|p1a: Mew\n|-damage|p1a: Mew|64\/100\n|\n|upkeep\n|turn|28\n|\n|t:|1699741062\n|move|p2a: Dragonite|Extreme Speed|p1a: Mew\n|-damage|p1a: Mew|31\/100\n|move|p1a: Mew|Dazzling Gleam|p2a: Dragonite\n|-supereffective|p2a: Dragonite\n|-damage|p2a: Dragonite|0 fnt\n|faint|p2a: Dragonite\n|\n|upkeep\n|\n|t:|1699741071\n|switch|p2a: Greninja|Greninja, M, shiny|88\/100\n|-damage|p2a: Greninja|76\/100|[from] Spikes\n|turn|29\n|\n|t:|1699741076\n|move|p2a: Greninja|Dark Pulse|p1a: Mew\n|-start|p2a: Greninja|typechange|Dark|[from] ability: Protean\n|-supereffective|p1a: Mew\n|-damage|p1a: Mew|0 fnt\n|faint|p1a: Mew\n|\n|upkeep\n|\n|t:|1699741078\n|switch|p1a: Fezandipiti|Fezandipiti, M|100\/100\n|turn|30\n|\n|t:|1699741083\n|switch|p2a: Jolteon|Jolteon, F, tera:Ice|88\/100\n|-damage|p2a: Jolteon|76\/100|[from] Spikes\n|move|p1a: Fezandipiti|Nasty Plot|p1a: Fezandipiti\n|-boost|p1a: Fezandipiti|spa|2\n|\n|upkeep\n|turn|31\n|\n|t:|1699741090\n|move|p2a: Jolteon|Thunderbolt|p1a: Fezandipiti\n|-damage|p1a: Fezandipiti|56\/100\n|move|p1a: Fezandipiti|Moonblast|p2a: Jolteon\n|-damage|p2a: Jolteon|0 fnt\n|faint|p2a: Jolteon\n|\n|-heal|p1a: Fezandipiti|62\/100|[from] item: Black Sludge\n|upkeep\n|\n|t:|1699741095\n|switch|p2a: Greninja|Greninja, M, shiny|76\/100\n|-damage|p2a: Greninja|64\/100|[from] Spikes\n|turn|32\n|\n|t:|1699741101\n|move|p2a: Greninja|Hydro Pump|p1a: Fezandipiti\n|-start|p2a: Greninja|typechange|Water|[from] ability: Protean\n|-damage|p1a: Fezandipiti|24\/100\n|move|p1a: Fezandipiti|Heat Wave|p2a: Greninja\n|-resisted|p2a: Greninja\n|-damage|p2a: Greninja|24\/100\n|\n|-heal|p1a: Fezandipiti|30\/100|[from] item: Black Sludge\n|upkeep\n|turn|33\n|\n|t:|1699741106\n|move|p2a: Greninja|Hydro Pump|p1a: Fezandipiti\n|-damage|p1a: Fezandipiti|0 fnt\n|faint|p1a: Fezandipiti\n|\n|upkeep\n|-message|diditomionw forfeited.\n|\n|win|AkiDes\n|raw|diditomionw's rating: 1000 &rarr; <strong>1000<\/strong><br \/>(+0 for losing)\n|raw|AkiDes's rating: 1097 &rarr; <strong>1116<\/strong><br \/>(+19 for winning)\n|l|\u2606diditomionw\n","uploadtime":1699741113,"views":30,"p1id":"diditomionw","p2id":"akides","formatid":"gen9ou","rating":1000,"private":0,"password":""}