{"id":"gen9ou-1995356107","p1":"tom-bomb117","p2":"Seraph1711","format":"[Gen 9] OU","log":"|j|\u2606tom-bomb117\n|j|\u2606Seraph1711\n|t:|1700559081\n|gametype|singles\n|player|p1|tom-bomb117|170|1063\n|player|p2|Seraph1711|169|1035\n|teamsize|p1|6\n|teamsize|p2|6\n|gen|9\n|tier|[Gen 9] OU\n|rated|\n|rule|Sleep Clause Mod: Limit one foe put to sleep\n|rule|Species Clause: Limit one of each Pok\u00e9mon\n|rule|OHKO Clause: OHKO moves are banned\n|rule|Evasion Items Clause: Evasion items are banned\n|rule|Evasion Moves Clause: Evasion moves are banned\n|rule|Endless Battle Clause: Forcing endless battles is banned\n|rule|HP Percentage Mod: HP is shown in percentages\n|clearpoke\n|poke|p1|Cinderace, M|\n|poke|p1|Ceruledge, F|\n|poke|p1|Arcanine-Hisui, F|\n|poke|p1|Torkoal, F|\n|poke|p1|Rotom-Heat|\n|poke|p1|Victreebel, F|\n|poke|p2|Iron Moth|\n|poke|p2|Lycanroc-Dusk, M|\n|poke|p2|Mimikyu, F|\n|poke|p2|Meowscarada, M|\n|poke|p2|Ditto|\n|poke|p2|Scizor, F|\n|teampreview\n|c|\u2606Seraph1711|Glhf!\n|\n|t:|1700559092\n|start\n|switch|p1a: Torkoal|Torkoal, F|100\/100\n|switch|p2a: Lycanroc|Lycanroc-Dusk, M|100\/100\n|-weather|SunnyDay|[from] ability: Drought|[of] p1a: Torkoal\n|turn|1\n|\n|t:|1700559104\n|move|p2a: Lycanroc|Accelerock|p1a: Torkoal\n|-supereffective|p1a: Torkoal\n|-damage|p1a: Torkoal|67\/100\n|move|p1a: Torkoal|Eruption|p2a: Lycanroc\n|-resisted|p2a: Lycanroc\n|-damage|p2a: Lycanroc|65\/100\n|\n|-weather|SunnyDay|[upkeep]\n|upkeep\n|turn|2\n|\n|t:|1700559112\n|move|p2a: Lycanroc|Accelerock|p1a: Torkoal\n|-supereffective|p1a: Torkoal\n|-damage|p1a: Torkoal|32\/100\n|move|p1a: Torkoal|Yawn|p2a: Lycanroc\n|-start|p2a: Lycanroc|move: Yawn|[of] p1a: Torkoal\n|\n|-weather|SunnyDay|[upkeep]\n|upkeep\n|turn|3\n|\n|t:|1700559121\n|switch|p2a: Iron Moth|Iron Moth, shiny|100\/100\n|-enditem|p2a: Iron Moth|Booster Energy\n|-activate|p2a: Iron Moth|ability: Quark Drive|[fromitem]\n|-start|p2a: Iron Moth|quarkdrivespa\n|switch|p1a: Victreebel|Victreebel, F|100\/100\n|\n|-weather|SunnyDay|[upkeep]\n|upkeep\n|turn|4\n|\n|t:|1700559137\n|move|p1a: Victreebel|Sleep Powder|p2a: Iron Moth\n|-status|p2a: Iron Moth|slp|[from] move: Sleep Powder\n|cant|p2a: Iron Moth|slp\n|\n|-weather|SunnyDay|[upkeep]\n|upkeep\n|turn|5\n|\n|t:|1700559144\n|move|p1a: Victreebel|Growth|p1a: Victreebel\n|-boost|p1a: Victreebel|atk|2\n|-boost|p1a: Victreebel|spa|2\n|cant|p2a: Iron Moth|slp\n|\n|-weather|SunnyDay|[upkeep]\n|upkeep\n|turn|6\n|\n|t:|1700559151\n|-terastallize|p1a: Victreebel|Fire\n|move|p1a: Victreebel|Weather Ball|p2a: Iron Moth\n|-resisted|p2a: Iron Moth\n|-damage|p2a: Iron Moth|1\/100 slp\n|-damage|p1a: Victreebel|91\/100|[from] item: Life Orb\n|cant|p2a: Iron Moth|slp\n|\n|-weather|SunnyDay|[upkeep]\n|upkeep\n|turn|7\n|\n|t:|1700559170\n|move|p1a: Victreebel|Weather Ball|p2a: Iron Moth\n|-resisted|p2a: Iron Moth\n|-damage|p2a: Iron Moth|0 fnt\n|faint|p2a: Iron Moth\n|-end|p2a: Iron Moth|Quark Drive|[silent]\n|-damage|p1a: Victreebel|81\/100|[from] item: Life Orb\n|\n|-weather|SunnyDay|[upkeep]\n|upkeep\n|\n|t:|1700559178\n|switch|p2a: Ditto|Ditto|100\/100\n|-transform|p2a: Ditto|p1a: Victreebel|[from] ability: Imposter\n|-start|p2a: Ditto|typechange|Grass\/Poison|[silent]\n|turn|8\n|\n|t:|1700559203\n|switch|p1a: Rotom|Rotom-Heat|100\/100\n|move|p2a: Ditto|Sleep Powder|p1a: Rotom\n|-status|p1a: Rotom|slp|[from] move: Sleep Powder\n|\n|-weather|none\n|upkeep\n|turn|9\n|\n|t:|1700559242\n|switch|p2a: Mimikyu|Mimikyu, F|100\/100\n|cant|p1a: Rotom|slp\n|\n|upkeep\n|turn|10\n|\n|t:|1700559260\n|move|p2a: Mimikyu|Play Rough|p1a: Rotom\n|-resisted|p1a: Rotom\n|-damage|p1a: Rotom|73\/100 slp\n|-damage|p2a: Mimikyu|91\/100|[from] item: Life Orb\n|-curestatus|p1a: Rotom|slp|[msg]\n|move|p1a: Rotom|Will-O-Wisp|p2a: Mimikyu\n|-status|p2a: Mimikyu|brn\n|\n|-damage|p2a: Mimikyu|85\/100 brn|[from] brn\n|upkeep\n|turn|11\n|\n|t:|1700559273\n|move|p2a: Mimikyu|Shadow Claw|p1a: Rotom\n|-damage|p1a: Rotom|52\/100\n|-damage|p2a: Mimikyu|75\/100 brn|[from] item: Life Orb\n|move|p1a: Rotom|Overheat|p2a: Mimikyu|[miss]\n|-miss|p1a: Rotom|p2a: Mimikyu\n|\n|-damage|p2a: Mimikyu|69\/100 brn|[from] brn\n|upkeep\n|turn|12\n|\n|t:|1700559285\n|move|p2a: Mimikyu|Shadow Claw|p1a: Rotom\n|-damage|p1a: Rotom|30\/100\n|-damage|p2a: Mimikyu|59\/100 brn|[from] item: Life Orb\n|move|p1a: Rotom|Volt Switch|p2a: Mimikyu\n|-activate|p2a: Mimikyu|ability: Disguise\n|-damage|p2a: Mimikyu|59\/100 brn\n|detailschange|p2a: Mimikyu|Mimikyu-Busted, F\n|-damage|p2a: Mimikyu|46\/100 brn|[from] pokemon: Mimikyu-Busted\n|\n|t:|1700559303\n|switch|p1a: Ceruledge|Ceruledge, F|100\/100|[from] Volt Switch\n|\n|-damage|p2a: Mimikyu|40\/100 brn|[from] brn\n|upkeep\n|turn|13\n|\n|t:|1700559313\n|move|p1a: Ceruledge|Shadow Sneak|p2a: Mimikyu\n|-supereffective|p2a: Mimikyu\n|-damage|p2a: Mimikyu|0 fnt\n|faint|p2a: Mimikyu\n|\n|upkeep\n|\n|t:|1700559321\n|switch|p2a: Lycanroc|Lycanroc-Dusk, M|65\/100\n|turn|14\n|\n|t:|1700559341\n|switch|p1a: Torkoal|Torkoal, F|32\/100\n|-weather|SunnyDay|[from] ability: Drought|[of] p1a: Torkoal\n|move|p2a: Lycanroc|Accelerock|p1a: Torkoal\n|-supereffective|p1a: Torkoal\n|-damage|p1a: Torkoal|1\/100\n|\n|-weather|SunnyDay|[upkeep]\n|upkeep\n|turn|15\n|\n|t:|1700559352\n|switch|p1a: Rotom|Rotom-Heat|30\/100\n|move|p2a: Lycanroc|Accelerock|p1a: Rotom\n|-supereffective|p1a: Rotom\n|-damage|p1a: Rotom|0 fnt\n|faint|p1a: Rotom\n|\n|-weather|SunnyDay|[upkeep]\n|upkeep\n|\n|t:|1700559361\n|switch|p1a: Victreebel|Victreebel, F, tera:Fire|81\/100\n|turn|16\n|\n|t:|1700559380\n|move|p2a: Lycanroc|Accelerock|p1a: Victreebel\n|-supereffective|p1a: Victreebel\n|-damage|p1a: Victreebel|4\/100\n|move|p1a: Victreebel|Weather Ball|p2a: Lycanroc\n|-resisted|p2a: Lycanroc\n|-damage|p2a: Lycanroc|0 fnt\n|faint|p2a: Lycanroc\n|-damage|p1a: Victreebel|0 fnt|[from] item: Life Orb\n|faint|p1a: Victreebel\n|\n|-weather|SunnyDay|[upkeep]\n|upkeep\n|\n|t:|1700559397\n|switch|p2a: Meowscarada|Meowscarada, M|100\/100\n|switch|p1a: Cinderace|Cinderace, M|100\/100\n|turn|17\n|\n|t:|1700559415\n|move|p2a: Meowscarada|U-turn|p1a: Cinderace\n|-resisted|p1a: Cinderace\n|-damage|p1a: Cinderace|85\/100\n|\n|t:|1700559421\n|switch|p2a: Ditto|Ditto|100\/100|[from] U-turn\n|-transform|p2a: Ditto|p1a: Cinderace|[from] ability: Imposter\n|move|p1a: Cinderace|High Jump Kick|p2a: Ditto\n|-start|p1a: Cinderace|typechange|Fighting|[from] ability: Libero\n|-damage|p2a: Ditto|0 fnt\n|faint|p2a: Ditto\n|\n|-weather|SunnyDay|[upkeep]\n|upkeep\n|\n|t:|1700559433\n|switch|p2a: Meowscarada|Meowscarada, M|100\/100\n|turn|18\n|\n|t:|1700559439\n|move|p2a: Meowscarada|Play Rough|p1a: Cinderace\n|-supereffective|p1a: Cinderace\n|-damage|p1a: Cinderace|0 fnt\n|faint|p1a: Cinderace\n|\n|-weather|SunnyDay|[upkeep]\n|upkeep\n|\n|t:|1700559450\n|switch|p1a: Ceruledge|Ceruledge, F|100\/100\n|turn|19\n|c|\u2606Seraph1711|You have a nice fire monotype team, lots of respect\n|\n|t:|1700559471\n|move|p2a: Meowscarada|Knock Off|p1a: Ceruledge\n|-supereffective|p1a: Ceruledge\n|-damage|p1a: Ceruledge|0 fnt\n|-enditem|p1a: Ceruledge|Heavy-Duty Boots|[from] move: Knock Off|[of] p2a: Meowscarada\n|faint|p1a: Ceruledge\n|\n|-weather|SunnyDay|[upkeep]\n|upkeep\n|c|\u2606tom-bomb117|sound bro\n|\n|t:|1700559482\n|switch|p1a: Arcanine|Arcanine-Hisui, F|100\/100\n|turn|20\n|\n|t:|1700559501\n|-terastallize|p2a: Meowscarada|Grass\n|move|p2a: Meowscarada|Flower Trick|p1a: Arcanine\n|-crit|p1a: Arcanine\n|-damage|p1a: Arcanine|13\/100\n|move|p1a: Arcanine|Flare Blitz|p2a: Meowscarada\n|-supereffective|p2a: Meowscarada\n|-damage|p2a: Meowscarada|0 fnt\n|faint|p2a: Meowscarada\n|\n|-weather|SunnyDay|[upkeep]\n|upkeep\n|\n|t:|1700559512\n|switch|p2a: Scizor|Scizor, F|100\/100\n|turn|21\n|\n|t:|1700559520\n|move|p2a: Scizor|Bullet Punch|p1a: Arcanine\n|-damage|p1a: Arcanine|0 fnt\n|faint|p1a: Arcanine\n|\n|-weather|none\n|upkeep\n|\n|t:|1700559524\n|switch|p1a: Torkoal|Torkoal, F|1\/100\n|-weather|SunnyDay|[from] ability: Drought|[of] p1a: Torkoal\n|turn|22\n|c|\u2606tom-bomb117|gg\n|\n|t:|1700559533\n|move|p2a: Scizor|Bullet Punch|p1a: Torkoal\n|-resisted|p1a: Torkoal\n|-damage|p1a: Torkoal|0 fnt\n|faint|p1a: Torkoal\n|\n|win|Seraph1711\n|raw|tom-bomb117's rating: 1063 &rarr; <strong>1042<\/strong><br \/>(-21 for losing)\n|raw|Seraph1711's rating: 1035 &rarr; <strong>1073<\/strong><br \/>(+38 for winning)\n|c|\u2606Seraph1711|Gg\n|l|\u2606tom-bomb117\n","uploadtime":1700559550,"views":1,"p1id":"tombomb117","p2id":"seraph1711","formatid":"gen9ou","rating":1042,"private":0,"password":""}