{"id":"gen9ou-1997892045","p1":"Ottonaut","p2":"Kenetto108","format":"[Gen 9] OU","log":"|j|\u2606Ottonaut\n|j|\u2606Kenetto108\n|t:|1700864362\n|gametype|singles\n|player|p1|Ottonaut|2|1515\n|player|p2|Kenetto108|lusamine-nihilego|1486\n|teamsize|p1|6\n|teamsize|p2|6\n|gen|9\n|tier|[Gen 9] OU\n|rated|\n|rule|Sleep Clause Mod: Limit one foe put to sleep\n|rule|Species Clause: Limit one of each Pok\u00e9mon\n|rule|OHKO Clause: OHKO moves are banned\n|rule|Evasion Items Clause: Evasion items are banned\n|rule|Evasion Moves Clause: Evasion moves are banned\n|rule|Endless Battle Clause: Forcing endless battles is banned\n|rule|HP Percentage Mod: HP is shown in percentages\n|clearpoke\n|poke|p1|Kingambit, M|\n|poke|p1|Ribombee, F|\n|poke|p1|Gholdengo|\n|poke|p1|Iron Moth|\n|poke|p1|Ogerpon-Wellspring, F|\n|poke|p1|Manaphy|\n|poke|p2|Ogerpon-Wellspring, F|\n|poke|p2|Cinderace, M|\n|poke|p2|Iron Valiant|\n|poke|p2|Dragonite, F|\n|poke|p2|Garganacl, F|\n|poke|p2|Munkidori, M|\n|teampreview\n|inactive|Battle timer is ON: inactive players will automatically lose when time's up. (requested by Kenetto108)\n|\n|t:|1700864379\n|start\n|switch|p1a: Ribombee|Ribombee, F, shiny|100\/100\n|switch|p2a: Munkidori|Munkidori, M|100\/100\n|turn|1\n|\n|t:|1700864384\n|move|p1a: Ribombee|Sticky Web|p2a: Munkidori\n|-sidestart|p2: Kenetto108|move: Sticky Web\n|move|p2a: Munkidori|Substitute|p2a: Munkidori\n|-start|p2a: Munkidori|Substitute\n|-damage|p2a: Munkidori|75\/100\n|\n|-heal|p2a: Munkidori|82\/100|[from] item: Leftovers\n|upkeep\n|turn|2\n|\n|t:|1700864391\n|move|p1a: Ribombee|Psychic|p2a: Munkidori\n|-activate|p2a: Munkidori|move: Substitute|[damage]\n|move|p2a: Munkidori|Calm Mind|p2a: Munkidori\n|-boost|p2a: Munkidori|spa|1\n|-boost|p2a: Munkidori|spd|1\n|\n|-heal|p2a: Munkidori|88\/100|[from] item: Leftovers\n|upkeep\n|turn|3\n|\n|t:|1700864400\n|move|p1a: Ribombee|Psychic|p2a: Munkidori\n|-end|p2a: Munkidori|Substitute\n|move|p2a: Munkidori|Substitute|p2a: Munkidori\n|-start|p2a: Munkidori|Substitute\n|-damage|p2a: Munkidori|63\/100\n|\n|-heal|p2a: Munkidori|69\/100|[from] item: Leftovers\n|upkeep\n|turn|4\n|\n|t:|1700864409\n|switch|p1a: Manaphy|Manaphy|100\/100\n|move|p2a: Munkidori|Calm Mind|p2a: Munkidori\n|-boost|p2a: Munkidori|spa|1\n|-boost|p2a: Munkidori|spd|1\n|\n|-heal|p2a: Munkidori|75\/100|[from] item: Leftovers\n|upkeep\n|turn|5\n|\n|t:|1700864413\n|move|p2a: Munkidori|Psychic|p1a: Manaphy\n|-damage|p1a: Manaphy|37\/100\n|-unboost|p1a: Manaphy|spd|1\n|-status|p1a: Manaphy|tox|[from] ability: Toxic Chain|[of] p2a: Munkidori\n|move|p1a: Manaphy|Take Heart|p1a: Manaphy\n|-boost|p1a: Manaphy|spa|1\n|-boost|p1a: Manaphy|spd|1\n|-curestatus|p1a: Manaphy|tox|[msg]\n|\n|-heal|p2a: Munkidori|81\/100|[from] item: Leftovers\n|-heal|p1a: Manaphy|43\/100|[from] item: Leftovers\n|upkeep\n|turn|6\n|\n|t:|1700864419\n|switch|p1a: Kingambit|Kingambit, M|100\/100\n|move|p2a: Munkidori|Psychic|p1a: Kingambit\n|-immune|p1a: Kingambit\n|\n|-heal|p2a: Munkidori|87\/100|[from] item: Leftovers\n|upkeep\n|turn|7\n|\n|t:|1700864423\n|move|p2a: Munkidori|Focus Blast|p1a: Kingambit\n|-supereffective|p1a: Kingambit\n|-damage|p1a: Kingambit|0 fnt\n|faint|p1a: Kingambit\n|-end|p1a: Kingambit|fallenundefined|[silent]\n|\n|-heal|p2a: Munkidori|93\/100|[from] item: Leftovers\n|upkeep\n|\n|t:|1700864432\n|switch|p1a: Gholdengo|Gholdengo|100\/100\n|-item|p1a: Gholdengo|Air Balloon\n|turn|8\n|\n|t:|1700864436\n|move|p2a: Munkidori|Psychic|p1a: Gholdengo\n|-resisted|p1a: Gholdengo\n|-damage|p1a: Gholdengo|59\/100\n|-enditem|p1a: Gholdengo|Air Balloon\n|move|p1a: Gholdengo|Shadow Ball|p2a: Munkidori\n|-supereffective|p2a: Munkidori\n|-end|p2a: Munkidori|Substitute\n|\n|-heal|p2a: Munkidori|99\/100|[from] item: Leftovers\n|upkeep\n|turn|9\n|\n|t:|1700864444\n|move|p2a: Munkidori|Psychic|p1a: Gholdengo\n|-resisted|p1a: Gholdengo\n|-damage|p1a: Gholdengo|16\/100\n|-unboost|p1a: Gholdengo|spd|1\n|move|p1a: Gholdengo|Shadow Ball|p2a: Munkidori\n|-supereffective|p2a: Munkidori\n|-damage|p2a: Munkidori|60\/100\n|\n|-heal|p2a: Munkidori|66\/100|[from] item: Leftovers\n|upkeep\n|turn|10\n|\n|t:|1700864452\n|move|p2a: Munkidori|Psychic|p1a: Gholdengo\n|-resisted|p1a: Gholdengo\n|-damage|p1a: Gholdengo|0 fnt\n|faint|p1a: Gholdengo\n|\n|-heal|p2a: Munkidori|72\/100|[from] item: Leftovers\n|upkeep\n|\n|t:|1700864466\n|switch|p1a: Ogerpon|Ogerpon-Wellspring, F|100\/100\n|turn|11\n|\n|t:|1700864472\n|move|p1a: Ogerpon|Swords Dance|p1a: Ogerpon\n|-boost|p1a: Ogerpon|atk|2\n|move|p2a: Munkidori|Psychic|p1a: Ogerpon\n|-damage|p1a: Ogerpon|12\/100\n|-status|p1a: Ogerpon|tox|[from] ability: Toxic Chain|[of] p2a: Munkidori\n|\n|-heal|p2a: Munkidori|79\/100|[from] item: Leftovers\n|-damage|p1a: Ogerpon|6\/100 tox|[from] psn\n|upkeep\n|turn|12\n|\n|t:|1700864480\n|move|p1a: Ogerpon|Ivy Cudgel|p2a: Munkidori|[anim] Ivy Cudgel Water\n|-damage|p2a: Munkidori|0 fnt\n|faint|p2a: Munkidori\n|\n|-damage|p1a: Ogerpon|0 fnt|[from] psn\n|faint|p1a: Ogerpon\n|upkeep\n|\n|t:|1700864484\n|switch|p1a: Manaphy|Manaphy|43\/100\n|switch|p2a: Cinderace|Cinderace, M, shiny|100\/100\n|turn|13\n|\n|t:|1700864494\n|move|p2a: Cinderace|U-turn|p1a: Manaphy\n|-start|p2a: Cinderace|typechange|Bug|[from] ability: Libero\n|-damage|p1a: Manaphy|15\/100\n|\n|t:|1700864499\n|switch|p2a: Dragonite|Dragonite, F|100\/100|[from] U-turn\n|move|p1a: Manaphy|Acid Armor|p1a: Manaphy\n|-boost|p1a: Manaphy|def|2\n|\n|-heal|p1a: Manaphy|22\/100|[from] item: Leftovers\n|upkeep\n|turn|14\n|\n|t:|1700864504\n|move|p2a: Dragonite|Extreme Speed|p1a: Manaphy\n|-damage|p1a: Manaphy|10\/100\n|move|p1a: Manaphy|Acid Armor|p1a: Manaphy\n|-boost|p1a: Manaphy|def|2\n|\n|-heal|p1a: Manaphy|17\/100|[from] item: Leftovers\n|upkeep\n|turn|15\n|\n|t:|1700864509\n|move|p1a: Manaphy|Acid Armor|p1a: Manaphy\n|-boost|p1a: Manaphy|def|2\n|move|p2a: Dragonite|Dragon Dance|p2a: Dragonite\n|-boost|p2a: Dragonite|atk|1\n|-boost|p2a: Dragonite|spe|1\n|\n|-heal|p1a: Manaphy|23\/100|[from] item: Leftovers\n|upkeep\n|turn|16\n|\n|t:|1700864511\n|move|p2a: Dragonite|Dragon Dance|p2a: Dragonite\n|-boost|p2a: Dragonite|atk|1\n|-boost|p2a: Dragonite|spe|1\n|move|p1a: Manaphy|Scald|p2a: Dragonite\n|-resisted|p2a: Dragonite\n|-damage|p2a: Dragonite|93\/100\n|\n|-heal|p1a: Manaphy|29\/100|[from] item: Leftovers\n|upkeep\n|turn|17\n|\n|t:|1700864517\n|-terastallize|p2a: Dragonite|Normal\n|move|p2a: Dragonite|Extreme Speed|p1a: Manaphy\n|-damage|p1a: Manaphy|12\/100\n|move|p1a: Manaphy|Take Heart|p1a: Manaphy\n|-boost|p1a: Manaphy|spa|1\n|-boost|p1a: Manaphy|spd|1\n|\n|-heal|p1a: Manaphy|18\/100|[from] item: Leftovers\n|upkeep\n|turn|18\n|\n|t:|1700864523\n|move|p2a: Dragonite|Extreme Speed|p1a: Manaphy\n|-damage|p1a: Manaphy|1\/100\n|move|p1a: Manaphy|Stored Power|p2a: Dragonite\n|-damage|p2a: Dragonite|34\/100\n|\n|-heal|p1a: Manaphy|7\/100|[from] item: Leftovers\n|upkeep\n|turn|19\n|\n|t:|1700864530\n|move|p2a: Dragonite|Extreme Speed|p1a: Manaphy\n|-damage|p1a: Manaphy|0 fnt\n|faint|p1a: Manaphy\n|\n|upkeep\n|\n|t:|1700864535\n|switch|p1a: Iron Moth|Iron Moth|100\/100\n|-enditem|p1a: Iron Moth|Booster Energy\n|-activate|p1a: Iron Moth|ability: Quark Drive|[fromitem]\n|-start|p1a: Iron Moth|quarkdrivespe\n|turn|20\n|\n|t:|1700864539\n|move|p2a: Dragonite|Extreme Speed|p1a: Iron Moth\n|-damage|p1a: Iron Moth|0 fnt\n|faint|p1a: Iron Moth\n|-end|p1a: Iron Moth|Quark Drive|[silent]\n|\n|upkeep\n|-message|Ottonaut forfeited.\n|\n|win|Kenetto108\n|raw|Ottonaut's rating: 1515 &rarr; <strong>1493<\/strong><br \/>(-22 for losing)\n|raw|Kenetto108's rating: 1486 &rarr; <strong>1508<\/strong><br \/>(+22 for winning)\n","uploadtime":1700864548,"views":2,"p1id":"ottonaut","p2id":"kenetto108","formatid":"gen9ou","rating":1493,"private":0,"password":""}