{"id":"gen9ou-1993204368","p1":"Gatrekd","p2":"Juan 9378","format":"[Gen 9] OU","log":"|j|\u2606Gatrekd\n|j|\u2606Juan 9378\n|t:|1700277704\n|gametype|singles\n|player|p1|Gatrekd|palmer|1038\n|player|p2|Juan 9378|lucas|1041\n|teamsize|p1|6\n|teamsize|p2|6\n|gen|9\n|tier|[Gen 9] OU\n|rated|\n|rule|Sleep Clause Mod: Limit one foe put to sleep\n|rule|Species Clause: Limit one of each Pok\u00e9mon\n|rule|OHKO Clause: OHKO moves are banned\n|rule|Evasion Items Clause: Evasion items are banned\n|rule|Evasion Moves Clause: Evasion moves are banned\n|rule|Endless Battle Clause: Forcing endless battles is banned\n|rule|HP Percentage Mod: HP is shown in percentages\n|clearpoke\n|poke|p1|Dragapult, M|\n|poke|p1|Garganacl, F|\n|poke|p1|Azumarill, M|\n|poke|p1|Sneasler, M|\n|poke|p1|Meowscarada, M|\n|poke|p1|Cinderace, M|\n|poke|p2|Cinderace, F|\n|poke|p2|Dragapult, F|\n|poke|p2|Corviknight, M|\n|poke|p2|Hatterene, F|\n|poke|p2|Rillaboom, M|\n|poke|p2|Zamazenta-*|\n|teampreview\n|c|\u2606Gatrekd|glhf\n|\n|t:|1700277715\n|start\n|switch|p1a: Garganacl|Garganacl, F|100\/100\n|switch|p2a: Hatterene|Hatterene, F|100\/100\n|turn|1\n|\n|t:|1700277724\n|move|p1a: Garganacl|Salt Cure|p2a: Hatterene\n|-damage|p2a: Hatterene|80\/100\n|-start|p2a: Hatterene|Salt Cure\n|move|p2a: Hatterene|Calm Mind|p2a: Hatterene\n|-boost|p2a: Hatterene|spa|1\n|-boost|p2a: Hatterene|spd|1\n|\n|-heal|p2a: Hatterene|86\/100|[from] item: Leftovers\n|-damage|p2a: Hatterene|74\/100|[from] Salt Cure\n|upkeep\n|turn|2\n|\n|t:|1700277735\n|move|p1a: Garganacl|Thunder Punch|p2a: Hatterene\n|-damage|p2a: Hatterene|48\/100\n|move|p2a: Hatterene|Draining Kiss|p1a: Garganacl\n|-damage|p1a: Garganacl|66\/100\n|-heal|p2a: Hatterene|90\/100|[from] drain|[of] p1a: Garganacl\n|\n|-heal|p1a: Garganacl|72\/100|[from] item: Leftovers\n|-heal|p2a: Hatterene|95\/100|[from] item: Leftovers\n|-damage|p2a: Hatterene|83\/100|[from] Salt Cure\n|upkeep\n|turn|3\n|\n|t:|1700277747\n|switch|p1a: Sneasler|Sneasler, M|100\/100\n|-ability|p1a: Sneasler|Pressure\n|move|p2a: Hatterene|Draining Kiss|p1a: Sneasler\n|-damage|p1a: Sneasler|53\/100\n|-heal|p2a: Hatterene|100\/100|[from] drain|[of] p1a: Sneasler\n|\n|-heal|p1a: Sneasler|59\/100|[from] item: Black Sludge\n|-damage|p2a: Hatterene|88\/100|[from] Salt Cure\n|upkeep\n|turn|4\n|\n|t:|1700277763\n|-terastallize|p2a: Hatterene|Psychic\n|move|p1a: Sneasler|Dire Claw|p2a: Hatterene\n|-damage|p2a: Hatterene|51\/100\n|-status|p2a: Hatterene|par\n|move|p2a: Hatterene|Psychic|p1a: Sneasler\n|-supereffective|p1a: Sneasler\n|-damage|p1a: Sneasler|0 fnt\n|faint|p1a: Sneasler\n|\n|-heal|p2a: Hatterene|57\/100 par|[from] item: Leftovers\n|-damage|p2a: Hatterene|45\/100 par|[from] Salt Cure\n|upkeep\n|\n|t:|1700277777\n|switch|p1a: Cinderace|Cinderace, M|100\/100\n|turn|5\n|\n|t:|1700277789\n|move|p1a: Cinderace|Iron Head|p2a: Hatterene\n|-start|p1a: Cinderace|typechange|Steel|[from] ability: Libero\n|-damage|p2a: Hatterene|2\/100 par\n|move|p2a: Hatterene|Psychic|p1a: Cinderace\n|-resisted|p1a: Cinderace\n|-damage|p1a: Cinderace|26\/100\n|\n|-heal|p2a: Hatterene|8\/100 par|[from] item: Leftovers\n|-damage|p2a: Hatterene|0 fnt|[from] Salt Cure\n|faint|p2a: Hatterene\n|upkeep\n|\n|t:|1700277803\n|switch|p2a: Zamazenta|Zamazenta|100\/100\n|-ability|p2a: Zamazenta|Dauntless Shield|boost\n|-boost|p2a: Zamazenta|def|1\n|turn|6\n|\n|t:|1700277812\n|move|p2a: Zamazenta|Fire Fang|p1a: Cinderace\n|-supereffective|p1a: Cinderace\n|-damage|p1a: Cinderace|0 fnt\n|faint|p1a: Cinderace\n|\n|upkeep\n|\n|t:|1700277817\n|switch|p1a: Azumarill|Azumarill, M|100\/100\n|turn|7\n|\n|t:|1700277833\n|switch|p2a: Rillaboom|Rillaboom, M|100\/100\n|-fieldstart|move: Grassy Terrain|[from] ability: Grassy Surge|[of] p2a: Rillaboom\n|move|p1a: Azumarill|Belly Drum|p1a: Azumarill\n|-damage|p1a: Azumarill|50\/100\n|-setboost|p1a: Azumarill|atk|6|[from] move: Belly Drum\n|-enditem|p1a: Azumarill|Sitrus Berry|[eat]\n|-heal|p1a: Azumarill|75\/100|[from] item: Sitrus Berry\n|\n|-heal|p1a: Azumarill|82\/100|[from] Grassy Terrain\n|upkeep\n|turn|8\n|\n|t:|1700277851\n|move|p2a: Rillaboom|Earthquake|p1a: Azumarill\n|-damage|p1a: Azumarill|59\/100\n|-damage|p2a: Rillaboom|91\/100|[from] item: Life Orb\n|move|p1a: Azumarill|Ice Spinner|p2a: Rillaboom\n|-supereffective|p2a: Rillaboom\n|-damage|p2a: Rillaboom|0 fnt\n|-fieldend|move: Grassy Terrain\n|faint|p2a: Rillaboom\n|\n|upkeep\n|\n|t:|1700277860\n|switch|p2a: Corviknight|Corviknight, M|100\/100\n|turn|9\n|\n|t:|1700277865\n|move|p1a: Azumarill|Aqua Jet|p2a: Corviknight\n|-damage|p2a: Corviknight|0 fnt\n|faint|p2a: Corviknight\n|\n|upkeep\n|\n|t:|1700277869\n|switch|p2a: Dragapult|Dragapult, F|100\/100\n|turn|10\n|\n|t:|1700277877\n|move|p2a: Dragapult|Fly||[still]\n|-prepare|p2a: Dragapult|Fly\n|move|p1a: Azumarill|Play Rough|p2a: Dragapult|[miss]\n|-miss|p1a: Azumarill|p2a: Dragapult\n|\n|upkeep\n|turn|11\n|\n|t:|1700277884\n|move|p2a: Dragapult|Fly|p1a: Azumarill|[from]lockedmove\n|-damage|p1a: Azumarill|29\/100\n|move|p1a: Azumarill|Play Rough|p2a: Dragapult\n|-supereffective|p2a: Dragapult\n|-damage|p2a: Dragapult|0 fnt\n|faint|p2a: Dragapult\n|\n|upkeep\n|\n|t:|1700277892\n|switch|p2a: Zamazenta|Zamazenta|100\/100\n|turn|12\n|\n|t:|1700277905\n|-terastallize|p1a: Azumarill|Water\n|move|p1a: Azumarill|Aqua Jet|p2a: Zamazenta\n|-damage|p2a: Zamazenta|0 fnt\n|faint|p2a: Zamazenta\n|\n|upkeep\n|\n|t:|1700277911\n|switch|p2a: Cinderace|Cinderace, F|100\/100\n|turn|13\n|\n|t:|1700277917\n|move|p1a: Azumarill|Aqua Jet|p2a: Cinderace\n|-supereffective|p2a: Cinderace\n|-damage|p2a: Cinderace|0 fnt\n|faint|p2a: Cinderace\n|\n|win|Gatrekd\n|raw|Gatrekd's rating: 1038 &rarr; <strong>1073<\/strong><br \/>(+35 for winning)\n|raw|Juan 9378's rating: 1041 &rarr; <strong>1025<\/strong><br \/>(-16 for losing)\n|l|\u2606Juan 9378\n|c|\u2606Gatrekd|gg\n","uploadtime":1700277932,"views":21,"p1id":"gatrekd","p2id":"juan9378","formatid":"gen9ou","rating":1025,"private":0,"password":""}