{"id":"gen9ou-1989474639","p1":"Ill Kennedy Yall","p2":"Charmalane","format":"[Gen 9] OU","log":"|j|\u2606Ill Kennedy Yall\n|j|\u2606Charmalane\n|t:|1699856434\n|gametype|singles\n|player|p1|Ill Kennedy Yall|galacticgrunt|1549\n|player|p2|Charmalane|brawly|1632\n|teamsize|p1|6\n|teamsize|p2|6\n|gen|9\n|tier|[Gen 9] OU\n|rated|\n|rule|Sleep Clause Mod: Limit one foe put to sleep\n|rule|Species Clause: Limit one of each Pok\u00e9mon\n|rule|OHKO Clause: OHKO moves are banned\n|rule|Evasion Items Clause: Evasion items are banned\n|rule|Evasion Moves Clause: Evasion moves are banned\n|rule|Endless Battle Clause: Forcing endless battles is banned\n|rule|HP Percentage Mod: HP is shown in percentages\n|clearpoke\n|poke|p1|Samurott-Hisui, M|\n|poke|p1|Gholdengo|\n|poke|p1|Ceruledge, F|\n|poke|p1|Rillaboom, F|\n|poke|p1|Zamazenta-*|\n|poke|p1|Great Tusk|\n|poke|p2|Dragapult, M|\n|poke|p2|Weavile, M|\n|poke|p2|Ursaluna, M|\n|poke|p2|Alomomola, F|\n|poke|p2|Weezing-Galar, M|\n|poke|p2|Landorus-Therian, M|\n|teampreview\n|\n|t:|1699856453\n|start\n|switch|p1a: Gholdengo|Gholdengo|100\/100\n|switch|p2a: Doug Dimmadome|Weezing-Galar, M|100\/100\n|-ability|p2a: Doug Dimmadome|Neutralizing Gas\n|turn|1\n|\n|t:|1699856460\n|-end|p2a: Doug Dimmadome|ability: Neutralizing Gas\n|switch|p2a: Jasper|Landorus-Therian, M|100\/100\n|-ability|p2a: Jasper|Intimidate|boost\n|-unboost|p1a: Gholdengo|atk|1\n|move|p1a: Gholdengo|Make It Rain|p2a: Jasper\n|-damage|p2a: Jasper|57\/100\n|-unboost|p1a: Gholdengo|spa|1\n|\n|-heal|p2a: Jasper|63\/100|[from] item: Leftovers\n|upkeep\n|turn|2\n|j| adyu1\n|\n|t:|1699856471\n|switch|p1a: Rillaboom|Rillaboom, F|100\/100\n|-fieldstart|move: Grassy Terrain|[from] ability: Grassy Surge|[of] p1a: Rillaboom\n|move|p2a: Jasper|Stealth Rock|p1a: Rillaboom\n|-sidestart|p1: Ill Kennedy Yall|move: Stealth Rock\n|\n|-heal|p2a: Jasper|69\/100|[from] item: Leftovers\n|upkeep\n|turn|3\n|\n|t:|1699856482\n|switch|p2a: Doug Dimmadome|Weezing-Galar, M|100\/100\n|-ability|p2a: Doug Dimmadome|Neutralizing Gas\n|move|p1a: Rillaboom|Knock Off|p2a: Doug Dimmadome\n|-resisted|p2a: Doug Dimmadome\n|-damage|p2a: Doug Dimmadome|85\/100\n|-enditem|p2a: Doug Dimmadome|Heavy-Duty Boots|[from] move: Knock Off|[of] p1a: Rillaboom\n|-damage|p1a: Rillaboom|91\/100|[from] item: Life Orb\n|\n|-heal|p1a: Rillaboom|97\/100|[from] Grassy Terrain\n|-heal|p2a: Doug Dimmadome|91\/100|[from] Grassy Terrain\n|upkeep\n|turn|4\n|\n|t:|1699856497\n|switch|p1a: Gholdengo|Gholdengo|100\/100\n|-damage|p1a: Gholdengo|94\/100|[from] Stealth Rock\n|move|p2a: Doug Dimmadome|Will-O-Wisp|p1a: Gholdengo\n|-status|p1a: Gholdengo|brn\n|\n|-heal|p1a: Gholdengo|100\/100 brn|[from] Grassy Terrain\n|-heal|p2a: Doug Dimmadome|97\/100|[from] Grassy Terrain\n|-damage|p1a: Gholdengo|94\/100 brn|[from] brn\n|upkeep\n|turn|5\n|\n|t:|1699856509\n|-end|p2a: Doug Dimmadome|ability: Neutralizing Gas\n|switch|p2a: Jasper|Landorus-Therian, M|69\/100\n|-ability|p2a: Jasper|Intimidate|boost\n|-unboost|p1a: Gholdengo|atk|1\n|move|p1a: Gholdengo|Shadow Ball|p2a: Jasper\n|-damage|p2a: Jasper|38\/100\n|-unboost|p2a: Jasper|spd|1\n|\n|-heal|p1a: Gholdengo|100\/100 brn|[from] Grassy Terrain\n|-heal|p2a: Jasper|44\/100|[from] item: Leftovers\n|-damage|p1a: Gholdengo|94\/100 brn|[from] brn\n|upkeep\n|turn|6\n|j| Bollow Knight\n|\n|t:|1699856526\n|switch|p1a: Great Tusk|Great Tusk|100\/100\n|-damage|p1a: Great Tusk|98\/100|[from] Stealth Rock\n|-enditem|p1a: Great Tusk|Booster Energy\n|-activate|p1a: Great Tusk|ability: Protosynthesis|[fromitem]\n|-start|p1a: Great Tusk|protosynthesisspe\n|move|p2a: Jasper|U-turn|p1a: Great Tusk\n|-resisted|p1a: Great Tusk\n|-damage|p1a: Great Tusk|90\/100\n|\n|t:|1699856539\n|switch|p2a: Ponyo|Alomomola, F|100\/100|[from] U-turn\n|\n|-heal|p1a: Great Tusk|96\/100|[from] Grassy Terrain\n|-fieldend|move: Grassy Terrain\n|upkeep\n|turn|7\n|\n|t:|1699856547\n|move|p1a: Great Tusk|Rapid Spin|p2a: Ponyo\n|-damage|p2a: Ponyo|92\/100\n|-boost|p1a: Great Tusk|spe|1\n|-damage|p1a: Great Tusk|80\/100|[from] item: Rocky Helmet|[of] p2a: Ponyo\n|-sideend|p1: Ill Kennedy Yall|Stealth Rock|[from] move: Rapid Spin|[of] p1a: Great Tusk\n|move|p2a: Ponyo|Wish|p2a: Ponyo\n|\n|upkeep\n|turn|8\n|\n|t:|1699856552\n|-end|p1a: Great Tusk|Protosynthesis|[silent]\n|switch|p1a: Gholdengo|Gholdengo|94\/100 brn\n|move|p2a: Ponyo|Flip Turn|p1a: Gholdengo\n|-damage|p1a: Gholdengo|77\/100 brn\n|\n|t:|1699856558\n|switch|p2a: Jasper|Landorus-Therian, M|44\/100|[from] Flip Turn\n|-ability|p2a: Jasper|Intimidate|boost\n|-unboost|p1a: Gholdengo|atk|1\n|\n|-heal|p2a: Jasper|100\/100|[from] move: Wish|[wisher] Ponyo\n|-damage|p1a: Gholdengo|71\/100 brn|[from] brn\n|upkeep\n|turn|9\n|\n|t:|1699856566\n|switch|p1a: Samurott|Samurott-Hisui, M, shiny|100\/100\n|move|p2a: Jasper|Stealth Rock|p1a: Samurott\n|-sidestart|p1: Ill Kennedy Yall|move: Stealth Rock\n|\n|upkeep\n|turn|10\n|l| Bollow Knight\n|\n|t:|1699856581\n|switch|p2a: Doug Dimmadome|Weezing-Galar, M|97\/100\n|-ability|p2a: Doug Dimmadome|Neutralizing Gas\n|move|p1a: Samurott|Ceaseless Edge|p2a: Doug Dimmadome|[miss]\n|-miss|p1a: Samurott|p2a: Doug Dimmadome\n|\n|upkeep\n|turn|11\n|\n|t:|1699856590\n|move|p1a: Samurott|Ceaseless Edge|p2a: Doug Dimmadome\n|-resisted|p2a: Doug Dimmadome\n|-damage|p2a: Doug Dimmadome|84\/100\n|-sidestart|p2: Charmalane|Spikes\n|move|p2a: Doug Dimmadome|Strange Steam|p1a: Samurott\n|-supereffective|p1a: Samurott\n|-damage|p1a: Samurott|26\/100\n|\n|upkeep\n|turn|12\n|\n|t:|1699856595\n|switch|p1a: Gholdengo|Gholdengo|71\/100 brn\n|-damage|p1a: Gholdengo|65\/100 brn|[from] Stealth Rock\n|move|p2a: Doug Dimmadome|Strange Steam|p1a: Gholdengo\n|-resisted|p1a: Gholdengo\n|-damage|p1a: Gholdengo|48\/100 brn\n|\n|-damage|p1a: Gholdengo|42\/100 brn|[from] brn\n|upkeep\n|turn|13\n|\n|t:|1699856598\n|-end|p2a: Doug Dimmadome|ability: Neutralizing Gas\n|switch|p2a: Jasper|Landorus-Therian, M|100\/100\n|-ability|p2a: Jasper|Intimidate|boost\n|-unboost|p1a: Gholdengo|atk|1\n|move|p1a: Gholdengo|Make It Rain|p2a: Jasper\n|-damage|p2a: Jasper|55\/100\n|-unboost|p1a: Gholdengo|spa|1\n|\n|-heal|p2a: Jasper|61\/100|[from] item: Leftovers\n|-damage|p1a: Gholdengo|36\/100 brn|[from] brn\n|upkeep\n|turn|14\n|\n|t:|1699856614\n|move|p1a: Gholdengo|Make It Rain|p2a: Jasper\n|-damage|p2a: Jasper|29\/100\n|-unboost|p1a: Gholdengo|spa|1\n|move|p2a: Jasper|U-turn|p1a: Gholdengo\n|-resisted|p1a: Gholdengo\n|-damage|p1a: Gholdengo|30\/100 brn\n|\n|t:|1699856634\n|switch|p2a: Diplo|Dragapult, M|100\/100|[from] U-turn\n|-damage|p2a: Diplo|88\/100|[from] Spikes\n|\n|-damage|p1a: Gholdengo|24\/100 brn|[from] brn\n|upkeep\n|turn|15\n|j| HD Ieawodes\n|\n|t:|1699856645\n|switch|p1a: Samurott|Samurott-Hisui, M, shiny|26\/100\n|-damage|p1a: Samurott|14\/100|[from] Stealth Rock\n|move|p2a: Diplo|Shadow Ball|p1a: Samurott\n|-resisted|p1a: Samurott\n|-crit|p1a: Samurott\n|-damage|p1a: Samurott|0 fnt\n|faint|p1a: Samurott\n|\n|upkeep\n|\n|t:|1699856654\n|switch|p1a: Gholdengo|Gholdengo|24\/100 brn\n|-damage|p1a: Gholdengo|18\/100 brn|[from] Stealth Rock\n|turn|16\n|\n|t:|1699856667\n|switch|p2a: Jasper|Landorus-Therian, M|29\/100\n|-ability|p2a: Jasper|Intimidate|boost\n|-unboost|p1a: Gholdengo|atk|1\n|move|p1a: Gholdengo|Trick|p2a: Jasper\n|-activate|p1a: Gholdengo|move: Trick|[of] p2a: Jasper\n|-item|p2a: Jasper|Choice Scarf|[from] move: Trick\n|-item|p1a: Gholdengo|Leftovers|[from] move: Trick\n|\n|-heal|p1a: Gholdengo|24\/100 brn|[from] item: Leftovers\n|-damage|p1a: Gholdengo|18\/100 brn|[from] brn\n|upkeep\n|turn|17\n|j| STK OTG\n|l| HD Ieawodes\n|\n|t:|1699856684\n|move|p2a: Jasper|Earthquake|p1a: Gholdengo\n|-supereffective|p1a: Gholdengo\n|-damage|p1a: Gholdengo|0 fnt\n|faint|p1a: Gholdengo\n|\n|upkeep\n|\n|t:|1699856696\n|switch|p1a: Rillaboom|Rillaboom, F|97\/100\n|-damage|p1a: Rillaboom|84\/100|[from] Stealth Rock\n|-fieldstart|move: Grassy Terrain|[from] ability: Grassy Surge|[of] p1a: Rillaboom\n|turn|18\n|\n|t:|1699856708\n|switch|p2a: Doug Dimmadome|Weezing-Galar, M|84\/100\n|-ability|p2a: Doug Dimmadome|Neutralizing Gas\n|-damage|p2a: Doug Dimmadome|71\/100|[from] Spikes\n|switch|p1a: Ceruledge|Ceruledge, F|100\/100\n|-damage|p1a: Ceruledge|76\/100|[from] Stealth Rock\n|\n|-heal|p1a: Ceruledge|82\/100|[from] Grassy Terrain\n|-heal|p2a: Doug Dimmadome|77\/100|[from] Grassy Terrain\n|upkeep\n|turn|19\n|\n|t:|1699856757\n|-end|p2a: Doug Dimmadome|ability: Neutralizing Gas\n|switch|p2a: Ponyo|Alomomola, F|100\/100\n|-damage|p2a: Ponyo|88\/100|[from] Spikes\n|move|p1a: Ceruledge|Swords Dance|p1a: Ceruledge\n|-boost|p1a: Ceruledge|atk|2\n|\n|-heal|p1a: Ceruledge|88\/100|[from] Grassy Terrain\n|-heal|p2a: Ponyo|94\/100|[from] Grassy Terrain\n|upkeep\n|turn|20\n|\n|t:|1699856765\n|move|p1a: Ceruledge|Swords Dance|p1a: Ceruledge\n|-boost|p1a: Ceruledge|atk|2\n|move|p2a: Ponyo|Scald|p1a: Ceruledge\n|-supereffective|p1a: Ceruledge\n|-damage|p1a: Ceruledge|57\/100\n|\n|-heal|p1a: Ceruledge|63\/100|[from] Grassy Terrain\n|-heal|p2a: Ponyo|100\/100|[from] Grassy Terrain\n|upkeep\n|turn|21\n|\n|t:|1699856774\n|move|p1a: Ceruledge|Swords Dance|p1a: Ceruledge\n|-boost|p1a: Ceruledge|atk|2\n|move|p2a: Ponyo|Scald|p1a: Ceruledge\n|-supereffective|p1a: Ceruledge\n|-damage|p1a: Ceruledge|30\/100\n|\n|-heal|p1a: Ceruledge|36\/100|[from] Grassy Terrain\n|upkeep\n|turn|22\n|\n|t:|1699856780\n|move|p1a: Ceruledge|Bitter Blade|p2a: Ponyo\n|-resisted|p2a: Ponyo\n|-damage|p2a: Ponyo|53\/100\n|-heal|p1a: Ceruledge|80\/100|[from] drain|[of] p2a: Ponyo\n|-damage|p1a: Ceruledge|63\/100|[from] item: Rocky Helmet|[of] p2a: Ponyo\n|move|p2a: Ponyo|Scald|p1a: Ceruledge\n|-supereffective|p1a: Ceruledge\n|-damage|p1a: Ceruledge|31\/100\n|\n|-heal|p1a: Ceruledge|38\/100|[from] Grassy Terrain\n|-heal|p2a: Ponyo|59\/100|[from] Grassy Terrain\n|-fieldend|move: Grassy Terrain\n|upkeep\n|turn|23\n|\n|t:|1699856784\n|move|p1a: Ceruledge|Bitter Blade|p2a: Ponyo\n|-resisted|p2a: Ponyo\n|-damage|p2a: Ponyo|14\/100\n|-heal|p1a: Ceruledge|80\/100|[from] drain|[of] p2a: Ponyo\n|-damage|p1a: Ceruledge|63\/100|[from] item: Rocky Helmet|[of] p2a: Ponyo\n|move|p2a: Ponyo|Scald|p1a: Ceruledge\n|-supereffective|p1a: Ceruledge\n|-damage|p1a: Ceruledge|28\/100\n|\n|upkeep\n|turn|24\n|\n|t:|1699856795\n|move|p1a: Ceruledge|Bitter Blade|p2a: Ponyo\n|-resisted|p2a: Ponyo\n|-damage|p2a: Ponyo|0 fnt\n|-heal|p1a: Ceruledge|40\/100|[from] drain|[of] p2a: Ponyo\n|-damage|p1a: Ceruledge|24\/100|[from] item: Rocky Helmet|[of] p2a: Ponyo\n|faint|p2a: Ponyo\n|\n|upkeep\n|\n|t:|1699856808\n|switch|p2a: Jasper|Landorus-Therian, M|29\/100\n|-ability|p2a: Jasper|Intimidate|boost\n|-unboost|p1a: Ceruledge|atk|1\n|turn|25\n|\n|t:|1699856812\n|move|p1a: Ceruledge|Shadow Sneak|p2a: Jasper\n|-damage|p2a: Jasper|0 fnt\n|faint|p2a: Jasper\n|\n|upkeep\n|\n|t:|1699856837\n|switch|p2a: Shadow|Weavile, M|100\/100\n|-ability|p2a: Shadow|Pressure\n|turn|26\n|\n|t:|1699856865\n|move|p1a: Ceruledge|Shadow Sneak|p2a: Shadow\n|-resisted|p2a: Shadow\n|-damage|p2a: Shadow|36\/100\n|move|p2a: Shadow|Knock Off|p1a: Ceruledge\n|-supereffective|p1a: Ceruledge\n|-damage|p1a: Ceruledge|0 fnt\n|-enditem|p1a: Ceruledge|Focus Sash|[from] move: Knock Off|[of] p2a: Shadow\n|faint|p1a: Ceruledge\n|\n|upkeep\n|\n|t:|1699856869\n|switch|p1a: Zamazenta|Zamazenta|100\/100\n|-damage|p1a: Zamazenta|94\/100|[from] Stealth Rock\n|-ability|p1a: Zamazenta|Dauntless Shield|boost\n|-boost|p1a: Zamazenta|def|1\n|turn|27\n|\n|t:|1699856885\n|switch|p2a: Diplo|Dragapult, M|88\/100\n|-damage|p2a: Diplo|76\/100|[from] Spikes\n|move|p1a: Zamazenta|Iron Defense|p1a: Zamazenta\n|-boost|p1a: Zamazenta|def|2\n|\n|-heal|p1a: Zamazenta|100\/100|[from] item: Leftovers\n|upkeep\n|turn|28\n|\n|t:|1699856920\n|-terastallize|p2a: Diplo|Fairy\n|move|p2a: Diplo|Draco Meteor|p1a: Zamazenta\n|-damage|p1a: Zamazenta|18\/100\n|-unboost|p2a: Diplo|spa|2\n|move|p1a: Zamazenta|Crunch|p2a: Diplo\n|-resisted|p2a: Diplo\n|-damage|p2a: Diplo|61\/100\n|\n|-heal|p1a: Zamazenta|24\/100|[from] item: Leftovers\n|upkeep\n|turn|29\n|\n|t:|1699856927\n|move|p2a: Diplo|Draco Meteor|p1a: Zamazenta\n|-damage|p1a: Zamazenta|0 fnt\n|-unboost|p2a: Diplo|spa|2\n|faint|p1a: Zamazenta\n|\n|upkeep\n|\n|t:|1699856932\n|switch|p1a: Great Tusk|Great Tusk|80\/100\n|-damage|p1a: Great Tusk|77\/100|[from] Stealth Rock\n|turn|30\n|\n|t:|1699856946\n|move|p2a: Diplo|Draco Meteor|p1a: Great Tusk\n|-crit|p1a: Great Tusk\n|-damage|p1a: Great Tusk|0 fnt\n|-unboost|p2a: Diplo|spa|2\n|faint|p1a: Great Tusk\n|-end|p1a: Great Tusk|Protosynthesis|[silent]\n|\n|upkeep\n|-message|Ill Kennedy Yall forfeited.\n|\n|win|Charmalane\n|raw|Ill Kennedy Yall's rating: 1549 &rarr; <strong>1534<\/strong><br \/>(-15 for losing)\n|raw|Charmalane's rating: 1632 &rarr; <strong>1647<\/strong><br \/>(+15 for winning)\n|l|\u2606Ill Kennedy Yall\n","uploadtime":1699856955,"views":10,"p1id":"illkennedyyall","p2id":"charmalane","formatid":"gen9ou","rating":1534,"private":0,"password":""}