{"id":"gen9ou-1992808202","p1":"aloesan111","p2":"WettyBoy","format":"[Gen 9] OU","log":"|j|\u2606aloesan111\n|j|\u2606WettyBoy\n|t:|1700237245\n|gametype|singles\n|player|p1|aloesan111|1|1367\n|player|p2|WettyBoy|clair|1306\n|teamsize|p1|6\n|teamsize|p2|6\n|gen|9\n|tier|[Gen 9] OU\n|rated|\n|rule|Sleep Clause Mod: Limit one foe put to sleep\n|rule|Species Clause: Limit one of each Pok\u00e9mon\n|rule|OHKO Clause: OHKO moves are banned\n|rule|Evasion Items Clause: Evasion items are banned\n|rule|Evasion Moves Clause: Evasion moves are banned\n|rule|Endless Battle Clause: Forcing endless battles is banned\n|rule|HP Percentage Mod: HP is shown in percentages\n|clearpoke\n|poke|p1|Hoopa-Unbound|\n|poke|p1|Ogerpon-Wellspring, F|\n|poke|p1|Iron Moth|\n|poke|p1|Garganacl, M|\n|poke|p1|Dragapult, M|\n|poke|p1|Corviknight, F|\n|poke|p2|Cinderace, M|\n|poke|p2|Sandy Shocks|\n|poke|p2|Sneasler, F|\n|poke|p2|Sinistcha-Masterpiece|\n|poke|p2|Iron Valiant|\n|poke|p2|Kingambit, F|\n|teampreview\n|inactive|Battle timer is ON: inactive players will automatically lose when time's up. (requested by WettyBoy)\n|inactive|WettyBoy has 120 seconds left.\n|\n|t:|1700237284\n|start\n|switch|p1a: Ogerpon|Ogerpon-Wellspring, F|100\/100\n|switch|p2a: BoltBeamah|Sandy Shocks|100\/100\n|-enditem|p2a: BoltBeamah|Booster Energy\n|-activate|p2a: BoltBeamah|ability: Protosynthesis|[fromitem]\n|-start|p2a: BoltBeamah|protosynthesisspe\n|turn|1\n|\n|t:|1700237290\n|move|p2a: BoltBeamah|Discharge|p1a: Ogerpon\n|-damage|p1a: Ogerpon|67\/100\n|move|p1a: Ogerpon|Ivy Cudgel|p2a: BoltBeamah|[anim] Ivy Cudgel Water\n|-supereffective|p2a: BoltBeamah\n|-damage|p2a: BoltBeamah|0 fnt\n|faint|p2a: BoltBeamah\n|-end|p2a: BoltBeamah|Protosynthesis|[silent]\n|\n|upkeep\n|\n|t:|1700237300\n|switch|p2a: Sinistcha|Sinistcha-Masterpiece|100\/100\n|turn|2\n|\n|t:|1700237329\n|move|p1a: Ogerpon|U-turn|p2a: Sinistcha\n|-damage|p2a: Sinistcha|83\/100\n|inactive|aloesan111 has 120 seconds left.\n|\n|t:|1700237382\n|switch|p1a: Iron Moth|Iron Moth|100\/100|[from] U-turn\n|move|p2a: Sinistcha|Shadow Ball|p1a: Iron Moth\n|-damage|p1a: Iron Moth|70\/100\n|\n|upkeep\n|turn|3\n|\n|t:|1700237390\n|switch|p2a: Cindah|Cinderace, M|100\/100\n|move|p1a: Iron Moth|Sludge Wave|p2a: Cindah\n|-damage|p2a: Cindah|12\/100\n|\n|upkeep\n|turn|4\n|\n|t:|1700237395\n|-end|p1a: Iron Moth|Quark Drive|[silent]\n|switch|p1a: Garganacl|Garganacl, M|100\/100\n|move|p2a: Cindah|Pyro Ball|p1a: Garganacl\n|-resisted|p1a: Garganacl\n|-damage|p1a: Garganacl|77\/100\n|\n|-heal|p1a: Garganacl|83\/100|[from] item: Leftovers\n|upkeep\n|turn|5\n|\n|t:|1700237398\n|move|p2a: Cindah|Pyro Ball|p1a: Garganacl\n|-resisted|p1a: Garganacl\n|-damage|p1a: Garganacl|58\/100\n|move|p1a: Garganacl|Salt Cure|p2a: Cindah\n|-supereffective|p2a: Cindah\n|-damage|p2a: Cindah|0 fnt\n|faint|p2a: Cindah\n|\n|-heal|p1a: Garganacl|64\/100|[from] item: Leftovers\n|upkeep\n|\n|t:|1700237402\n|switch|p2a: Sinistcha|Sinistcha-Masterpiece|83\/100\n|turn|6\n|\n|t:|1700237413\n|switch|p1a: Iron Moth|Iron Moth|70\/100\n|move|p2a: Sinistcha|Calm Mind|p2a: Sinistcha\n|-boost|p2a: Sinistcha|spa|1\n|-boost|p2a: Sinistcha|spd|1\n|\n|upkeep\n|turn|7\n|inactive|WettyBoy has 120 seconds left.\n|\n|t:|1700237448\n|move|p1a: Iron Moth|Sludge Wave|p2a: Sinistcha\n|-damage|p2a: Sinistcha|24\/100\n|move|p2a: Sinistcha|Calm Mind|p2a: Sinistcha\n|-boost|p2a: Sinistcha|spa|1\n|-boost|p2a: Sinistcha|spd|1\n|\n|upkeep\n|turn|8\n|inactive|WettyBoy has 120 seconds left.\n|\n|t:|1700237455\n|move|p1a: Iron Moth|Sludge Wave|p2a: Sinistcha\n|-damage|p2a: Sinistcha|0 fnt\n|faint|p2a: Sinistcha\n|\n|upkeep\n|\n|t:|1700237458\n|switch|p2a: Kingambit|Kingambit, F|100\/100\n|-activate|p2a: Kingambit|ability: Supreme Overlord\n|-start|p2a: Kingambit|fallen3|[silent]\n|turn|9\n|\n|t:|1700237468\n|-end|p1a: Iron Moth|Quark Drive|[silent]\n|switch|p1a: Corviknight|Corviknight, F|100\/100\n|-ability|p1a: Corviknight|Pressure\n|move|p2a: Kingambit|Swords Dance|p2a: Kingambit\n|-boost|p2a: Kingambit|atk|2\n|\n|upkeep\n|turn|10\n|\n|t:|1700237475\n|-terastallize|p1a: Corviknight|Fighting\n|-terastallize|p2a: Kingambit|Flying\n|move|p1a: Corviknight|Body Press|p2a: Kingambit\n|-resisted|p2a: Kingambit\n|-damage|p2a: Kingambit|87\/100\n|move|p2a: Kingambit|Swords Dance|p2a: Kingambit\n|-boost|p2a: Kingambit|atk|2\n|\n|-heal|p2a: Kingambit|93\/100|[from] item: Leftovers\n|upkeep\n|turn|11\n|\n|t:|1700237480\n|move|p1a: Corviknight|U-turn|p2a: Kingambit\n|-resisted|p2a: Kingambit\n|-damage|p2a: Kingambit|88\/100\n|\n|t:|1700237483\n|switch|p1a: Garganacl|Garganacl, M|64\/100|[from] U-turn\n|move|p2a: Kingambit|Iron Head|p1a: Garganacl\n|-supereffective|p1a: Garganacl\n|-damage|p1a: Garganacl|0 fnt\n|faint|p1a: Garganacl\n|\n|-heal|p2a: Kingambit|95\/100|[from] item: Leftovers\n|upkeep\n|\n|t:|1700237484\n|switch|p1a: Dragapult|Dragapult, M|100\/100\n|turn|12\n|\n|t:|1700237492\n|move|p1a: Dragapult|Will-O-Wisp|p2a: Kingambit\n|-status|p2a: Kingambit|brn\n|move|p2a: Kingambit|Kowtow Cleave|p1a: Dragapult\n|-supereffective|p1a: Dragapult\n|-damage|p1a: Dragapult|0 fnt\n|faint|p1a: Dragapult\n|\n|-heal|p2a: Kingambit|100\/100 brn|[from] item: Leftovers\n|-damage|p2a: Kingambit|94\/100 brn|[from] brn\n|upkeep\n|\n|t:|1700237501\n|switch|p1a: Ogerpon|Ogerpon-Wellspring, F|67\/100\n|turn|13\n|\n|t:|1700237504\n|move|p2a: Kingambit|Sucker Punch||[still]\n|-fail|p2a: Kingambit\n|move|p1a: Ogerpon|Synthesis|p1a: Ogerpon\n|-heal|p1a: Ogerpon|100\/100\n|\n|-heal|p2a: Kingambit|100\/100 brn|[from] item: Leftovers\n|-damage|p2a: Kingambit|94\/100 brn|[from] brn\n|upkeep\n|turn|14\n|\n|t:|1700237507\n|move|p1a: Ogerpon|Ivy Cudgel|p2a: Kingambit|[anim] Ivy Cudgel Water\n|-damage|p2a: Kingambit|55\/100 brn\n|move|p2a: Kingambit|Kowtow Cleave|p1a: Ogerpon\n|-damage|p1a: Ogerpon|0 fnt\n|faint|p1a: Ogerpon\n|\n|-heal|p2a: Kingambit|61\/100 brn|[from] item: Leftovers\n|-damage|p2a: Kingambit|55\/100 brn|[from] brn\n|upkeep\n|\n|t:|1700237514\n|switch|p1a: Iron Moth|Iron Moth|70\/100\n|turn|15\n|\n|t:|1700237519\n|move|p2a: Kingambit|Sucker Punch|p1a: Iron Moth\n|-damage|p1a: Iron Moth|0 fnt\n|faint|p1a: Iron Moth\n|-end|p1a: Iron Moth|Quark Drive|[silent]\n|\n|-heal|p2a: Kingambit|61\/100 brn|[from] item: Leftovers\n|-damage|p2a: Kingambit|55\/100 brn|[from] brn\n|upkeep\n|\n|t:|1700237524\n|switch|p1a: Corviknight|Corviknight, F, tera:Fighting|100\/100\n|-ability|p1a: Corviknight|Pressure\n|turn|16\n|\n|t:|1700237527\n|move|p1a: Corviknight|Body Press|p2a: Kingambit\n|-resisted|p2a: Kingambit\n|-damage|p2a: Kingambit|41\/100 brn\n|move|p2a: Kingambit|Iron Head|p1a: Corviknight\n|-damage|p1a: Corviknight|48\/100\n|\n|-heal|p1a: Corviknight|54\/100|[from] item: Leftovers\n|-heal|p2a: Kingambit|47\/100 brn|[from] item: Leftovers\n|-damage|p2a: Kingambit|41\/100 brn|[from] brn\n|upkeep\n|turn|17\n|\n|t:|1700237531\n|move|p1a: Corviknight|Roost|p1a: Corviknight\n|-heal|p1a: Corviknight|100\/100\n|move|p2a: Kingambit|Swords Dance|p2a: Kingambit\n|-boost|p2a: Kingambit|atk|2\n|\n|-heal|p2a: Kingambit|47\/100 brn|[from] item: Leftovers\n|-damage|p2a: Kingambit|41\/100 brn|[from] brn\n|upkeep\n|turn|18\n|\n|t:|1700237533\n|move|p1a: Corviknight|Body Press|p2a: Kingambit\n|-resisted|p2a: Kingambit\n|-damage|p2a: Kingambit|26\/100 brn\n|move|p2a: Kingambit|Iron Head|p1a: Corviknight\n|-damage|p1a: Corviknight|30\/100\n|\n|-heal|p1a: Corviknight|36\/100|[from] item: Leftovers\n|-heal|p2a: Kingambit|33\/100 brn|[from] item: Leftovers\n|-damage|p2a: Kingambit|26\/100 brn|[from] brn\n|upkeep\n|turn|19\n|\n|t:|1700237536\n|move|p1a: Corviknight|Roost|p1a: Corviknight\n|-heal|p1a: Corviknight|86\/100\n|move|p2a: Kingambit|Iron Head|p1a: Corviknight\n|-damage|p1a: Corviknight|12\/100\n|\n|-heal|p1a: Corviknight|18\/100|[from] item: Leftovers\n|-heal|p2a: Kingambit|33\/100 brn|[from] item: Leftovers\n|-damage|p2a: Kingambit|26\/100 brn|[from] brn\n|upkeep\n|turn|20\n|\n|t:|1700237539\n|move|p1a: Corviknight|Roost|p1a: Corviknight\n|-heal|p1a: Corviknight|68\/100\n|move|p2a: Kingambit|Iron Head|p1a: Corviknight\n|-damage|p1a: Corviknight|0 fnt\n|faint|p1a: Corviknight\n|\n|-heal|p2a: Kingambit|33\/100 brn|[from] item: Leftovers\n|-damage|p2a: Kingambit|26\/100 brn|[from] brn\n|upkeep\n|\n|t:|1700237543\n|switch|p1a: Hoopa|Hoopa-Unbound|100\/100\n|turn|21\n|\n|t:|1700237546\n|move|p2a: Kingambit|Sucker Punch|p1a: Hoopa\n|-damage|p1a: Hoopa|0 fnt\n|faint|p1a: Hoopa\n|\n|win|WettyBoy\n|raw|aloesan111's rating: 1367 &rarr; <strong>1344<\/strong><br \/>(-23 for losing)\n|raw|WettyBoy's rating: 1306 &rarr; <strong>1329<\/strong><br \/>(+23 for winning)\n|l|\u2606aloesan111\n","uploadtime":1700237553,"views":10,"p1id":"aloesan111","p2id":"wettyboy","formatid":"gen9ou","rating":1329,"private":0,"password":""}