{"id":"gen9ou-1994853764","p1":"fire2230900","p2":"yo6ni","format":"[Gen 9] OU","log":"|j|\u2606fire2230900\n|j|\u2606yo6ni\n|t:|1700498812\n|gametype|singles\n|player|p1|fire2230900|lucas|1014\n|player|p2|yo6ni|170|1003\n|teamsize|p1|6\n|teamsize|p2|6\n|gen|9\n|tier|[Gen 9] OU\n|rated|\n|rule|Sleep Clause Mod: Limit one foe put to sleep\n|rule|Species Clause: Limit one of each Pok\u00e9mon\n|rule|OHKO Clause: OHKO moves are banned\n|rule|Evasion Items Clause: Evasion items are banned\n|rule|Evasion Moves Clause: Evasion moves are banned\n|rule|Endless Battle Clause: Forcing endless battles is banned\n|rule|HP Percentage Mod: HP is shown in percentages\n|clearpoke\n|poke|p1|Great Tusk|\n|poke|p1|Enamorus, F|\n|poke|p1|Iron Moth|\n|poke|p1|Ogerpon-Cornerstone, F|\n|poke|p1|Samurott-Hisui, M|\n|poke|p1|Gholdengo|\n|poke|p2|Electrode-Hisui|\n|poke|p2|Yanmega, M|\n|poke|p2|Copperajah, F|\n|poke|p2|Volbeat, M|\n|poke|p2|Camerupt, M|\n|poke|p2|Cramorant, F|\n|teampreview\n|inactive|Battle timer is ON: inactive players will automatically lose when time's up. (requested by fire2230900)\n|c|\u2606fire2230900|glhf\n|\n|t:|1700498835\n|start\n|switch|p1a: Iron Moth|Iron Moth|100\/100\n|switch|p2a: Camerupt|Camerupt, M|100\/100\n|turn|1\n|\n|t:|1700498845\n|move|p1a: Iron Moth|Toxic Spikes|p2a: Camerupt\n|-sidestart|p2: yo6ni|move: Toxic Spikes\n|move|p2a: Camerupt|Yawn|p1a: Iron Moth\n|-start|p1a: Iron Moth|move: Yawn|[of] p2a: Camerupt\n|\n|upkeep\n|turn|2\n|\n|t:|1700498852\n|-end|p1a: Iron Moth|Quark Drive|[silent]\n|switch|p1a: Great Tusk|Great Tusk|100\/100\n|-enditem|p1a: Great Tusk|Booster Energy\n|-activate|p1a: Great Tusk|ability: Protosynthesis|[fromitem]\n|-start|p1a: Great Tusk|protosynthesisdef\n|move|p2a: Camerupt|Stealth Rock|p1a: Great Tusk\n|-sidestart|p1: fire2230900|move: Stealth Rock\n|\n|upkeep\n|turn|3\n|\n|t:|1700498864\n|-terastallize|p1a: Great Tusk|Ground\n|move|p1a: Great Tusk|Headlong Rush|p2a: Camerupt\n|-supereffective|p2a: Camerupt\n|-enditem|p2a: Camerupt|Focus Sash\n|-damage|p2a: Camerupt|1\/100\n|-unboost|p1a: Great Tusk|def|1\n|-unboost|p1a: Great Tusk|spd|1\n|move|p2a: Camerupt|Yawn|p1a: Great Tusk\n|-start|p1a: Great Tusk|move: Yawn|[of] p2a: Camerupt\n|\n|upkeep\n|turn|4\n|\n|t:|1700498877\n|-end|p1a: Great Tusk|Protosynthesis|[silent]\n|switch|p1a: Samurott|Samurott-Hisui, M, shiny|100\/100\n|-damage|p1a: Samurott|88\/100|[from] Stealth Rock\n|move|p2a: Camerupt|Lava Plume|p1a: Samurott\n|-resisted|p1a: Samurott\n|-damage|p1a: Samurott|69\/100\n|\n|upkeep\n|turn|5\n|\n|t:|1700498885\n|move|p1a: Samurott|Water Pulse|p2a: Camerupt\n|-supereffective|p2a: Camerupt\n|-damage|p2a: Camerupt|0 fnt\n|faint|p2a: Camerupt\n|\n|upkeep\n|\n|t:|1700498897\n|switch|p2a: Volbeat|Volbeat, M|100\/100\n|-status|p2a: Volbeat|psn\n|turn|6\n|\n|t:|1700498905\n|switch|p1a: Ogerpon|Ogerpon-Cornerstone, F|100\/100\n|-damage|p1a: Ogerpon|88\/100|[from] Stealth Rock\n|move|p2a: Volbeat|Substitute|p2a: Volbeat\n|-start|p2a: Volbeat|Substitute\n|-damage|p2a: Volbeat|76\/100 psn\n|\n|-heal|p2a: Volbeat|82\/100 psn|[from] item: Leftovers\n|-damage|p2a: Volbeat|69\/100 psn|[from] psn\n|upkeep\n|turn|7\n|\n|t:|1700498916\n|move|p2a: Volbeat|Tail Glow|p2a: Volbeat\n|-boost|p2a: Volbeat|spa|3\n|move|p1a: Ogerpon|Ivy Cudgel|p2a: Volbeat|[anim] Ivy Cudgel Rock\n|-supereffective|p2a: Volbeat\n|-end|p2a: Volbeat|Substitute\n|\n|-heal|p2a: Volbeat|75\/100 psn|[from] item: Leftovers\n|-damage|p2a: Volbeat|63\/100 psn|[from] psn\n|upkeep\n|turn|8\n|\n|t:|1700498928\n|move|p2a: Volbeat|Protect|p2a: Volbeat\n|-singleturn|p2a: Volbeat|Protect\n|move|p1a: Ogerpon|Ivy Cudgel|p2a: Volbeat|[anim] Ivy Cudgel Rock\n|-activate|p2a: Volbeat|move: Protect\n|\n|-heal|p2a: Volbeat|69\/100 psn|[from] item: Leftovers\n|-damage|p2a: Volbeat|57\/100 psn|[from] psn\n|upkeep\n|turn|9\n|\n|t:|1700498938\n|move|p1a: Ogerpon|Rock Tomb|p2a: Volbeat\n|-supereffective|p2a: Volbeat\n|-damage|p2a: Volbeat|0 fnt\n|faint|p2a: Volbeat\n|\n|upkeep\n|\n|t:|1700498945\n|switch|p2a: Cramorant|Cramorant, F|100\/100\n|turn|10\n|\n|t:|1700498950\n|move|p1a: Ogerpon|Horn Leech|p2a: Cramorant\n|-damage|p2a: Cramorant|57\/100\n|-heal|p1a: Ogerpon|100\/100|[from] drain|[of] p2a: Cramorant\n|move|p2a: Cramorant|Defog|p1a: Ogerpon\n|-unboost|p1a: Ogerpon|evasion|1\n|-sideend|p1: fire2230900|Stealth Rock|[from] move: Defog|[of] p2a: Cramorant\n|-sideend|p2: yo6ni|Toxic Spikes|[from] move: Defog|[of] p2a: Cramorant\n|\n|upkeep\n|turn|11\n|\n|t:|1700498960\n|switch|p1a: Iron Moth|Iron Moth|100\/100\n|move|p2a: Cramorant|Surf|p1a: Iron Moth\n|-formechange|p2a: Cramorant|Cramorant-Gulping|\n|-supereffective|p1a: Iron Moth\n|-crit|p1a: Iron Moth\n|-damage|p1a: Iron Moth|28\/100\n|\n|upkeep\n|turn|12\n|\n|t:|1700498967\n|move|p1a: Iron Moth|Toxic Spikes|p2a: Cramorant\n|-sidestart|p2: yo6ni|move: Toxic Spikes\n|move|p2a: Cramorant|Stockpile|p2a: Cramorant\n|-start|p2a: Cramorant|stockpile1\n|-boost|p2a: Cramorant|def|1\n|-boost|p2a: Cramorant|spd|1\n|\n|upkeep\n|turn|13\n|\n|t:|1700498977\n|move|p1a: Iron Moth|Sludge Wave|p2a: Cramorant\n|-damage|p2a: Cramorant|30\/100\n|-damage|p1a: Iron Moth|3\/100|[from] ability: Gulp Missile|[of] p2a: Cramorant\n|-unboost|p1a: Iron Moth|def|1\n|-formechange|p2a: Cramorant|Cramorant|\n|-enditem|p2a: Cramorant|Sitrus Berry|[eat]\n|-heal|p2a: Cramorant|55\/100|[from] item: Sitrus Berry\n|move|p2a: Cramorant|Stockpile|p2a: Cramorant\n|-start|p2a: Cramorant|stockpile2\n|-boost|p2a: Cramorant|def|1\n|-boost|p2a: Cramorant|spd|1\n|\n|upkeep\n|turn|14\n|\n|t:|1700498991\n|move|p1a: Iron Moth|Toxic Spikes|p2a: Cramorant\n|-sidestart|p2: yo6ni|move: Toxic Spikes\n|move|p2a: Cramorant|Surf|p1a: Iron Moth\n|-formechange|p2a: Cramorant|Cramorant-Gulping|\n|-supereffective|p1a: Iron Moth\n|-damage|p1a: Iron Moth|0 fnt\n|faint|p1a: Iron Moth\n|-end|p1a: Iron Moth|Quark Drive|[silent]\n|\n|upkeep\n|\n|t:|1700498999\n|switch|p1a: Gholdengo|Gholdengo|100\/100\n|-item|p1a: Gholdengo|Air Balloon\n|turn|15\n|\n|t:|1700499007\n|move|p1a: Gholdengo|Power Gem|p2a: Cramorant\n|-supereffective|p2a: Cramorant\n|-damage|p2a: Cramorant|32\/100\n|-damage|p1a: Gholdengo|75\/100|[from] ability: Gulp Missile|[of] p2a: Cramorant\n|-unboost|p1a: Gholdengo|def|1\n|-formechange|p2a: Cramorant|Cramorant|\n|move|p2a: Cramorant|Defog|p1a: Gholdengo\n|-immune|p1a: Gholdengo|[from] ability: Good as Gold\n|\n|upkeep\n|turn|16\n|\n|t:|1700499019\n|move|p1a: Gholdengo|Power Gem|p2a: Cramorant\n|-supereffective|p2a: Cramorant\n|-damage|p2a: Cramorant|8\/100\n|move|p2a: Cramorant|Roost|p2a: Cramorant\n|-heal|p2a: Cramorant|58\/100\n|-singleturn|p2a: Cramorant|move: Roost\n|\n|upkeep\n|turn|17\n|\n|t:|1700499029\n|move|p1a: Gholdengo|Power Gem|p2a: Cramorant\n|-supereffective|p2a: Cramorant\n|-damage|p2a: Cramorant|33\/100\n|move|p2a: Cramorant|Defog|p1a: Gholdengo\n|-immune|p1a: Gholdengo|[from] ability: Good as Gold\n|\n|upkeep\n|turn|18\n|\n|t:|1700499039\n|move|p1a: Gholdengo|Shadow Ball|p2a: Cramorant\n|-damage|p2a: Cramorant|16\/100\n|move|p2a: Cramorant|Roost|p2a: Cramorant\n|-heal|p2a: Cramorant|66\/100\n|-singleturn|p2a: Cramorant|move: Roost\n|\n|upkeep\n|turn|19\n|\n|t:|1700499047\n|move|p1a: Gholdengo|Power Gem|p2a: Cramorant\n|-supereffective|p2a: Cramorant\n|-damage|p2a: Cramorant|41\/100\n|move|p2a: Cramorant|Surf|p1a: Gholdengo\n|-formechange|p2a: Cramorant|Cramorant-Gorging|\n|-damage|p1a: Gholdengo|40\/100\n|-enditem|p1a: Gholdengo|Air Balloon\n|\n|upkeep\n|turn|20\n|\n|t:|1700499056\n|switch|p1a: Great Tusk|Great Tusk, tera:Ground|100\/100\n|move|p2a: Cramorant|Roost|p2a: Cramorant\n|-heal|p2a: Cramorant|91\/100\n|-singleturn|p2a: Cramorant|move: Roost\n|\n|upkeep\n|turn|21\n|\n|t:|1700499066\n|move|p1a: Great Tusk|Close Combat|p2a: Cramorant\n|-resisted|p2a: Cramorant\n|-damage|p2a: Cramorant|78\/100\n|-unboost|p1a: Great Tusk|def|1\n|-unboost|p1a: Great Tusk|spd|1\n|-damage|p1a: Great Tusk|75\/100|[from] ability: Gulp Missile|[of] p2a: Cramorant\n|-status|p1a: Great Tusk|par\n|-formechange|p2a: Cramorant|Cramorant|\n|move|p2a: Cramorant|Defog|p1a: Great Tusk\n|-unboost|p1a: Great Tusk|evasion|1\n|-sideend|p2: yo6ni|Toxic Spikes|[from] move: Defog|[of] p2a: Cramorant\n|\n|upkeep\n|turn|22\n|\n|t:|1700499079\n|-end|p1a: Great Tusk|Protosynthesis|[silent]\n|switch|p1a: Samurott|Samurott-Hisui, M, shiny|69\/100\n|move|p2a: Cramorant|Surf|p1a: Samurott\n|-formechange|p2a: Cramorant|Cramorant-Gulping|\n|-resisted|p1a: Samurott\n|-damage|p1a: Samurott|53\/100\n|\n|upkeep\n|turn|23\n|\n|t:|1700499087\n|move|p1a: Samurott|Ceaseless Edge|p2a: Cramorant|[miss]\n|-miss|p1a: Samurott|p2a: Cramorant\n|move|p2a: Cramorant|Surf|p1a: Samurott\n|-resisted|p1a: Samurott\n|-damage|p1a: Samurott|35\/100\n|\n|upkeep\n|turn|24\n|\n|t:|1700499094\n|move|p1a: Samurott|Ceaseless Edge|p2a: Cramorant\n|-damage|p2a: Cramorant|65\/100\n|-damage|p1a: Samurott|10\/100|[from] ability: Gulp Missile|[of] p2a: Cramorant\n|-unboost|p1a: Samurott|def|1\n|-formechange|p2a: Cramorant|Cramorant|\n|-sidestart|p2: yo6ni|Spikes\n|move|p2a: Cramorant|Surf|p1a: Samurott\n|-formechange|p2a: Cramorant|Cramorant-Gulping|\n|-resisted|p1a: Samurott\n|-damage|p1a: Samurott|0 fnt\n|faint|p1a: Samurott\n|\n|upkeep\n|\n|t:|1700499106\n|switch|p1a: Ogerpon|Ogerpon-Cornerstone, F|100\/100\n|turn|25\n|\n|t:|1700499111\n|move|p1a: Ogerpon|Ivy Cudgel|p2a: Cramorant|[anim] Ivy Cudgel Rock\n|-supereffective|p2a: Cramorant\n|-damage|p2a: Cramorant|0 fnt\n|-damage|p1a: Ogerpon|76\/100|[from] ability: Gulp Missile|[of] p2a: Cramorant\n|-unboost|p1a: Ogerpon|def|1\n|-formechange|p2a: Cramorant|Cramorant|\n|faint|p2a: Cramorant\n|\n|upkeep\n|\n|t:|1700499122\n|switch|p2a: Yanmega|Yanmega, M|100\/100\n|turn|26\n|\n|t:|1700499134\n|move|p2a: Yanmega|Protect|p2a: Yanmega\n|-singleturn|p2a: Yanmega|Protect\n|move|p1a: Ogerpon|Rock Tomb|p2a: Yanmega\n|-activate|p2a: Yanmega|move: Protect\n|\n|-ability|p2a: Yanmega|Speed Boost|boost\n|-boost|p2a: Yanmega|spe|1\n|upkeep\n|turn|27\n|\n|t:|1700499146\n|move|p2a: Yanmega|Bug Buzz|p1a: Ogerpon\n|-supereffective|p1a: Ogerpon\n|-damage|p1a: Ogerpon|0 fnt\n|faint|p1a: Ogerpon\n|-damage|p2a: Yanmega|91\/100|[from] item: Life Orb\n|\n|-ability|p2a: Yanmega|Speed Boost|boost\n|-boost|p2a: Yanmega|spe|1\n|upkeep\n|\n|t:|1700499158\n|switch|p1a: Gholdengo|Gholdengo|40\/100\n|turn|28\n|\n|t:|1700499167\n|move|p2a: Yanmega|Shadow Ball|p1a: Gholdengo\n|-supereffective|p1a: Gholdengo\n|-damage|p1a: Gholdengo|0 fnt\n|faint|p1a: Gholdengo\n|-damage|p2a: Yanmega|81\/100|[from] item: Life Orb\n|\n|-ability|p2a: Yanmega|Speed Boost|boost\n|-boost|p2a: Yanmega|spe|1\n|upkeep\n|\n|t:|1700499175\n|switch|p1a: Enamorus|Enamorus, F|100\/100\n|turn|29\n|\n|t:|1700499187\n|move|p2a: Yanmega|Bug Buzz|p1a: Enamorus\n|-resisted|p1a: Enamorus\n|-damage|p1a: Enamorus|81\/100\n|-damage|p2a: Yanmega|71\/100|[from] item: Life Orb\n|move|p1a: Enamorus|Springtide Storm|p2a: Yanmega\n|-damage|p2a: Yanmega|0 fnt\n|faint|p2a: Yanmega\n|\n|upkeep\n|\n|t:|1700499198\n|switch|p2a: Electrode|Electrode-Hisui|100\/100\n|-damage|p2a: Electrode|88\/100|[from] Spikes\n|turn|30\n|\n|t:|1700499206\n|switch|p1a: Great Tusk|Great Tusk, tera:Ground|75\/100 par\n|move|p2a: Electrode|Chloroblast|p1a: Great Tusk\n|-supereffective|p1a: Great Tusk\n|-damage|p1a: Great Tusk|0 fnt\n|faint|p1a: Great Tusk\n|-end|p1a: Great Tusk|Protosynthesis|[silent]\n|-damage|p2a: Electrode|38\/100|[from] Recoil\n|\n|upkeep\n|c|\u2606fire2230900|gg\n|\n|t:|1700499217\n|switch|p1a: Enamorus|Enamorus, F|81\/100\n|turn|31\n|\n|t:|1700499221\n|move|p2a: Electrode|Chloroblast|p1a: Enamorus\n|-resisted|p1a: Enamorus\n|-damage|p1a: Enamorus|31\/100\n|-damage|p2a: Electrode|0 fnt|[from] Recoil\n|faint|p2a: Electrode\n|move|p1a: Enamorus|Springtide Storm|p2: Electrode|[notarget]\n|-fail|p1a: Enamorus\n|\n|upkeep\n|\n|t:|1700499229\n|switch|p2a: Copperajah|Copperajah, F|100\/100\n|-damage|p2a: Copperajah|88\/100|[from] Spikes\n|turn|32\n|\n|t:|1700499239\n|-terastallize|p2a: Copperajah|Water\n|move|p1a: Enamorus|Extrasensory|p2a: Copperajah\n|-damage|p2a: Copperajah|62\/100\n|move|p2a: Copperajah|Earthquake|p1a: Enamorus\n|-immune|p1a: Enamorus\n|\n|upkeep\n|turn|33\n|\n|t:|1700499249\n|move|p1a: Enamorus|Springtide Storm|p2a: Copperajah\n|-damage|p2a: Copperajah|0 fnt\n|faint|p2a: Copperajah\n|\n|win|fire2230900\n|raw|fire2230900's rating: 1014 &rarr; <strong>1051<\/strong><br \/>(+37 for winning)\n|raw|yo6ni's rating: 1003 &rarr; <strong>1000<\/strong><br \/>(-3 for losing)\n","uploadtime":1700499261,"views":7,"p1id":"fire2230900","p2id":"yo6ni","formatid":"gen9ou","rating":1000,"private":0,"password":""}