{"id":"gen9ou-1995040501","p1":"neato.exe","p2":"Aggron","format":"[Gen 9] OU","log":"|j|\u2606neato.exe\n|j|\u2606Aggron\n|t:|1700516166\n|gametype|singles\n|player|p1|neato.exe|cynthia-gen7|1649\n|player|p2|Aggron|pokefan-gen4|1759\n|teamsize|p1|6\n|teamsize|p2|6\n|gen|9\n|tier|[Gen 9] OU\n|rated|\n|rule|Sleep Clause Mod: Limit one foe put to sleep\n|rule|Species Clause: Limit one of each Pok\u00e9mon\n|rule|OHKO Clause: OHKO moves are banned\n|rule|Evasion Items Clause: Evasion items are banned\n|rule|Evasion Moves Clause: Evasion moves are banned\n|rule|Endless Battle Clause: Forcing endless battles is banned\n|rule|HP Percentage Mod: HP is shown in percentages\n|clearpoke\n|poke|p1|Ninetales-Alola, F|\n|poke|p1|Tornadus-Therian, M|\n|poke|p1|Grimmsnarl, M|\n|poke|p1|Dragonite, F|\n|poke|p1|Great Tusk|\n|poke|p1|Samurott-Hisui, F|\n|poke|p2|Sinistcha-Masterpiece|\n|poke|p2|Heatran, M|\n|poke|p2|Rillaboom, F|\n|poke|p2|Samurott-Hisui, F|\n|poke|p2|Tyranitar, M|\n|poke|p2|Meowscarada, M|\n|teampreview\n|inactive|Battle timer is ON: inactive players will automatically lose when time's up. (requested by Aggron)\n|\n|t:|1700516197\n|start\n|switch|p1a: Grimmsnarl|Grimmsnarl, M|100\/100\n|switch|p2a: Meowscarada|Meowscarada, M|100\/100\n|turn|1\n|\n|t:|1700516214\n|move|p1a: Grimmsnarl|Fake Out|p2a: Meowscarada\n|-damage|p2a: Meowscarada|78\/100\n|cant|p2a: Meowscarada|flinch\n|\n|upkeep\n|turn|2\n|\n|t:|1700516219\n|move|p2a: Meowscarada|U-turn|p1a: Grimmsnarl\n|-start|p2a: Meowscarada|typechange|Bug|[from] ability: Protean\n|-damage|p1a: Grimmsnarl|51\/100\n|\n|t:|1700516224\n|switch|p2a: Heatran|Heatran, M|100\/100|[from] U-turn\n|-item|p2a: Heatran|Air Balloon\n|move|p1a: Grimmsnarl|Spirit Break|p2a: Heatran\n|-resisted|p2a: Heatran\n|-damage|p2a: Heatran|91\/100\n|-unboost|p2a: Heatran|spa|1\n|-status|p1a: Grimmsnarl|brn|[from] ability: Flame Body|[of] p2a: Heatran\n|-enditem|p2a: Heatran|Air Balloon\n|\n|-damage|p1a: Grimmsnarl|45\/100 brn|[from] brn\n|upkeep\n|turn|3\n|\n|t:|1700516237\n|switch|p1a: Samurott|Samurott-Hisui, F|100\/100\n|move|p2a: Heatran|Stealth Rock|p1a: Samurott\n|-sidestart|p1: neato.exe|move: Stealth Rock\n|\n|upkeep\n|turn|4\n|\n|t:|1700516244\n|switch|p2a: Samurott|Samurott-Hisui, F|100\/100\n|move|p1a: Samurott|Aqua Cutter|p2a: Samurott\n|-resisted|p2a: Samurott\n|-damage|p2a: Samurott|65\/100\n|\n|upkeep\n|turn|5\n|\n|t:|1700516265\n|move|p1a: Samurott|Aqua Cutter|p2a: Samurott\n|-resisted|p2a: Samurott\n|-damage|p2a: Samurott|27\/100\n|move|p2a: Samurott|Sacred Sword|p1a: Samurott\n|-supereffective|p1a: Samurott\n|-damage|p1a: Samurott|0 fnt\n|faint|p1a: Samurott\n|\n|upkeep\n|inactive|neato.exe has 120 seconds left.\n|\n|t:|1700516286\n|switch|p1a: Ninetales|Ninetales-Alola, F|100\/100\n|-damage|p1a: Ninetales|76\/100|[from] Stealth Rock\n|-weather|Snow|[from] ability: Snow Warning|[of] p1a: Ninetales\n|turn|6\n|\n|t:|1700516294\n|switch|p2a: Tyranitar|Tyranitar, M|100\/100\n|-weather|Sandstorm|[from] ability: Sand Stream|[of] p2a: Tyranitar\n|move|p1a: Ninetales|Aurora Veil||[still]\n|-fail|p1a: Ninetales\n|\n|-weather|Sandstorm|[upkeep]\n|-damage|p1a: Ninetales|70\/100|[from] Sandstorm\n|upkeep\n|turn|7\n|\n|t:|1700516304\n|switch|p1a: Great Tusk|Great Tusk|100\/100\n|-damage|p1a: Great Tusk|98\/100|[from] Stealth Rock\n|move|p2a: Tyranitar|Ice Beam|p1a: Great Tusk\n|-supereffective|p1a: Great Tusk\n|-damage|p1a: Great Tusk|45\/100\n|\n|-weather|Sandstorm|[upkeep]\n|-heal|p1a: Great Tusk|51\/100|[from] item: Leftovers\n|upkeep\n|turn|8\n|\n|t:|1700516324\n|switch|p2a: Sinistcha|Sinistcha-Masterpiece|100\/100\n|move|p1a: Great Tusk|Knock Off|p2a: Sinistcha\n|-supereffective|p2a: Sinistcha\n|-damage|p2a: Sinistcha|62\/100\n|-enditem|p2a: Sinistcha|Heavy-Duty Boots|[from] move: Knock Off|[of] p1a: Great Tusk\n|\n|-weather|Sandstorm|[upkeep]\n|-damage|p2a: Sinistcha|56\/100|[from] Sandstorm\n|-heal|p1a: Great Tusk|57\/100|[from] item: Leftovers\n|upkeep\n|turn|9\n|\n|t:|1700516341\n|move|p1a: Great Tusk|Stealth Rock|p2a: Sinistcha\n|-sidestart|p2: Aggron|move: Stealth Rock\n|move|p2a: Sinistcha|Matcha Gotcha|p1a: Great Tusk\n|-supereffective|p1a: Great Tusk\n|-damage|p1a: Great Tusk|0 fnt\n|-heal|p2a: Sinistcha|92\/100|[from] drain|[of] p1a: Great Tusk\n|faint|p1a: Great Tusk\n|-end|p1a: Great Tusk|Protosynthesis|[silent]\n|\n|-weather|Sandstorm|[upkeep]\n|-damage|p2a: Sinistcha|86\/100|[from] Sandstorm\n|upkeep\n|inactive|neato.exe has 120 seconds left.\n|\n|t:|1700516354\n|switch|p1a: Tornadus|Tornadus-Therian, M|100\/100\n|-damage|p1a: Tornadus|76\/100|[from] Stealth Rock\n|turn|10\n|inactive|neato.exe has 120 seconds left.\n|\n|t:|1700516364\n|switch|p2a: Heatran|Heatran, M|91\/100\n|-damage|p2a: Heatran|79\/100|[from] Stealth Rock\n|-terastallize|p1a: Tornadus|Flying\n|move|p1a: Tornadus|Bleakwind Storm|p2a: Heatran|[miss]\n|-miss|p1a: Tornadus|p2a: Heatran\n|\n|-weather|none\n|upkeep\n|turn|11\n|inactive|neato.exe has 120 seconds left.\n|\n|t:|1700516378\n|switch|p1a: Grimmsnarl|Grimmsnarl, M|45\/100 brn\n|-damage|p1a: Grimmsnarl|32\/100 brn|[from] Stealth Rock\n|move|p2a: Heatran|Magma Storm|p1a: Grimmsnarl\n|-damage|p1a: Grimmsnarl|0 fnt\n|faint|p1a: Grimmsnarl\n|\n|upkeep\n|inactive|neato.exe has 120 seconds left.\n|\n|t:|1700516394\n|switch|p1a: Dragonite|Dragonite, F|100\/100\n|turn|12\n|\n|t:|1700516412\n|switch|p2a: Sinistcha|Sinistcha-Masterpiece|86\/100\n|-damage|p2a: Sinistcha|73\/100|[from] Stealth Rock\n|move|p1a: Dragonite|Dragon Dance|p1a: Dragonite\n|-boost|p1a: Dragonite|atk|1\n|-boost|p1a: Dragonite|spe|1\n|\n|upkeep\n|turn|13\n|inactive|neato.exe has 120 seconds left.\n|\n|t:|1700516417\n|move|p1a: Dragonite|Dragon Dance|p1a: Dragonite\n|-boost|p1a: Dragonite|atk|1\n|-boost|p1a: Dragonite|spe|1\n|move|p2a: Sinistcha|Strength Sap|p1a: Dragonite\n|-unboost|p1a: Dragonite|atk|1\n|-heal|p2a: Sinistcha|100\/100\n|\n|upkeep\n|turn|14\n|\n|t:|1700516424\n|move|p1a: Dragonite|Dragon Dance|p1a: Dragonite\n|-boost|p1a: Dragonite|atk|1\n|-boost|p1a: Dragonite|spe|1\n|move|p2a: Sinistcha|Matcha Gotcha|p1a: Dragonite\n|-resisted|p1a: Dragonite\n|-damage|p1a: Dragonite|97\/100\n|\n|upkeep\n|turn|15\n|\n|t:|1700516434\n|move|p1a: Dragonite|Dragon Dance|p1a: Dragonite\n|-boost|p1a: Dragonite|atk|1\n|-boost|p1a: Dragonite|spe|1\n|move|p2a: Sinistcha|Strength Sap|p1a: Dragonite\n|-unboost|p1a: Dragonite|atk|1\n|\n|upkeep\n|turn|16\n|\n|t:|1700516436\n|move|p1a: Dragonite|Dragon Dance|p1a: Dragonite\n|-boost|p1a: Dragonite|atk|1\n|-boost|p1a: Dragonite|spe|1\n|move|p2a: Sinistcha|Shadow Ball|p1a: Dragonite\n|-damage|p1a: Dragonite|64\/100\n|\n|upkeep\n|turn|17\n|\n|t:|1700516441\n|move|p1a: Dragonite|Fire Punch|p2a: Sinistcha\n|-supereffective|p2a: Sinistcha\n|-damage|p2a: Sinistcha|50\/100\n|move|p2a: Sinistcha|Strength Sap|p1a: Dragonite\n|-unboost|p1a: Dragonite|atk|1\n|-heal|p2a: Sinistcha|100\/100\n|\n|upkeep\n|turn|18\n|\n|t:|1700516451\n|switch|p1a: Tornadus|Tornadus-Therian, M, tera:Flying|100\/100\n|-damage|p1a: Tornadus|76\/100|[from] Stealth Rock\n|move|p2a: Sinistcha|Shadow Ball|p1a: Tornadus\n|-damage|p1a: Tornadus|33\/100\n|\n|upkeep\n|turn|19\n|\n|t:|1700516456\n|switch|p2a: Heatran|Heatran, M|79\/100\n|-damage|p2a: Heatran|66\/100|[from] Stealth Rock\n|move|p1a: Tornadus|Bleakwind Storm|p2a: Heatran|[miss]\n|-miss|p1a: Tornadus|p2a: Heatran\n|\n|upkeep\n|turn|20\n|c|\u2606neato.exe|well what can you do\n|\n|t:|1700516476\n|switch|p1a: Dragonite|Dragonite, F|64\/100\n|move|p2a: Heatran|Magma Storm|p1a: Dragonite\n|-resisted|p1a: Dragonite\n|-damage|p1a: Dragonite|41\/100\n|-activate|p1a: Dragonite|move: Magma Storm|[of] p2a: Heatran\n|\n|-damage|p1a: Dragonite|28\/100|[from] move: Magma Storm|[partiallytrapped]\n|upkeep\n|turn|21\n|\n|t:|1700516482\n|move|p2a: Heatran|Taunt|p1a: Dragonite\n|-start|p1a: Dragonite|move: Taunt\n|cant|p1a: Dragonite|move: Taunt|Roost\n|\n|-damage|p1a: Dragonite|16\/100|[from] move: Magma Storm|[partiallytrapped]\n|upkeep\n|turn|22\n|-message|neato.exe forfeited.\n|\n|win|Aggron\n|raw|neato.exe's rating: 1649 &rarr; <strong>1635<\/strong><br \/>(-14 for losing)\n|raw|Aggron's rating: 1759 &rarr; <strong>1773<\/strong><br \/>(+14 for winning)\n|l|\u2606neato.exe\n","uploadtime":1700516504,"views":28,"p1id":"neatoexe","p2id":"aggron","formatid":"gen9ou","rating":1635,"private":0,"password":""}