{"id":"gen9ou-1992340592","p1":"gcy9","p2":"SS720","format":"[Gen 9] OU","log":"|j|\u2606gcy9\n|j|\u2606SS720\n|t:|1700176468\n|gametype|singles\n|player|p1|gcy9|170|1394\n|player|p2|SS720|sage|1307\n|teamsize|p1|6\n|teamsize|p2|6\n|gen|9\n|tier|[Gen 9] OU\n|rated|\n|rule|Sleep Clause Mod: Limit one foe put to sleep\n|rule|Species Clause: Limit one of each Pok\u00e9mon\n|rule|OHKO Clause: OHKO moves are banned\n|rule|Evasion Items Clause: Evasion items are banned\n|rule|Evasion Moves Clause: Evasion moves are banned\n|rule|Endless Battle Clause: Forcing endless battles is banned\n|rule|HP Percentage Mod: HP is shown in percentages\n|clearpoke\n|poke|p1|Zapdos|\n|poke|p1|Slowking-Galar, F|\n|poke|p1|Perrserker, F|\n|poke|p1|Great Tusk|\n|poke|p1|Crawdaunt, F|\n|poke|p1|Mandibuzz, F|\n|poke|p2|Sinistcha-Masterpiece|\n|poke|p2|Dondozo, F|\n|poke|p2|Talonflame, F|\n|poke|p2|Garganacl, M|\n|poke|p2|Blissey, F|\n|poke|p2|Toxapex, F|\n|teampreview\n|inactive|Battle timer is ON: inactive players will automatically lose when time's up. (requested by SS720)\n|\n|t:|1700176494\n|start\n|switch|p1a: Zapdos|Zapdos|100\/100\n|switch|p2a: Rapunzel|Toxapex, F|100\/100\n|turn|1\n|\n|t:|1700176504\n|move|p1a: Zapdos|Volt Switch|p2a: Rapunzel\n|-supereffective|p2a: Rapunzel\n|-damage|p2a: Rapunzel|65\/100\n|\n|t:|1700176509\n|switch|p1a: Slowking|Slowking-Galar, F|100\/100|[from] Volt Switch\n|move|p2a: Rapunzel|Toxic|p1a: Slowking\n|-immune|p1a: Slowking\n|\n|upkeep\n|turn|2\n|inactive|SS720 has 120 seconds left.\n|\n|t:|1700176553\n|move|p2a: Rapunzel|Recover|p2a: Rapunzel\n|-heal|p2a: Rapunzel|100\/100\n|move|p1a: Slowking|Future Sight|p2a: Rapunzel\n|-start|p1a: Slowking|move: Future Sight\n|\n|upkeep\n|turn|3\n|\n|t:|1700176562\n|move|p2a: Rapunzel|Baneful Bunker|p2a: Rapunzel\n|-singleturn|p2a: Rapunzel|move: Protect\n|move|p1a: Slowking|Chilly Reception|p1a: Slowking\n|-weather|Snow\n|inactive|gcy9 has 120 seconds left.\n|\n|t:|1700176605\n|switch|p1a: Crawdaunt|Crawdaunt, F|100\/100|[from] Chilly Reception\n|\n|-weather|Snow|[upkeep]\n|upkeep\n|turn|4\n|inactive|SS720 has 120 seconds left.\n|\n|t:|1700176617\n|-terastallize|p2a: Rapunzel|Steel\n|move|p1a: Crawdaunt|Knock Off|p2a: Rapunzel\n|-damage|p2a: Rapunzel|18\/100\n|-enditem|p2a: Rapunzel|Heavy-Duty Boots|[from] move: Knock Off|[of] p1a: Crawdaunt\n|move|p2a: Rapunzel|Toxic|p1a: Crawdaunt\n|-status|p1a: Crawdaunt|tox\n|\n|-weather|Snow|[upkeep]\n|-end|p2a: Rapunzel|move: Future Sight\n|-resisted|p2a: Rapunzel\n|-damage|p2a: Rapunzel|4\/100\n|-damage|p1a: Crawdaunt|94\/100 tox|[from] psn\n|upkeep\n|turn|5\n|inactive|SS720 has 120 seconds left.\n|\n|t:|1700176629\n|switch|p2a: Chai Tea|Sinistcha-Masterpiece|100\/100\n|move|p1a: Crawdaunt|Knock Off|p2a: Chai Tea\n|-supereffective|p2a: Chai Tea\n|-damage|p2a: Chai Tea|0 fnt\n|-enditem|p2a: Chai Tea|Heavy-Duty Boots|[from] move: Knock Off|[of] p1a: Crawdaunt\n|faint|p2a: Chai Tea\n|\n|-weather|Snow|[upkeep]\n|-damage|p1a: Crawdaunt|82\/100 tox|[from] psn\n|upkeep\n|\n|t:|1700176633\n|switch|p2a: Phoenix|Talonflame, F|100\/100\n|turn|6\n|\n|t:|1700176646\n|move|p2a: Phoenix|U-turn|p1a: Crawdaunt\n|-supereffective|p1a: Crawdaunt\n|-damage|p1a: Crawdaunt|51\/100 tox\n|\n|t:|1700176649\n|switch|p2a: L Bozo|Dondozo, F|100\/100|[from] U-turn\n|move|p1a: Crawdaunt|Knock Off|p2a: L Bozo\n|-damage|p2a: L Bozo|55\/100\n|-enditem|p2a: L Bozo|Heavy-Duty Boots|[from] move: Knock Off|[of] p1a: Crawdaunt\n|\n|-weather|Snow|[upkeep]\n|-damage|p1a: Crawdaunt|33\/100 tox|[from] psn\n|upkeep\n|turn|7\n|inactive|gcy9 has 120 seconds left.\n|\n|t:|1700176659\n|switch|p1a: Zapdos|Zapdos|100\/100\n|move|p2a: L Bozo|Rest|p2a: L Bozo\n|-status|p2a: L Bozo|slp|[from] move: Rest\n|-heal|p2a: L Bozo|100\/100 slp|[silent]\n|\n|-weather|none\n|upkeep\n|turn|8\n|-message|SS720 forfeited.\n|\n|win|gcy9\n|raw|gcy9's rating: 1394 &rarr; <strong>1409<\/strong><br \/>(+15 for winning)\n|raw|SS720's rating: 1307 &rarr; <strong>1292<\/strong><br \/>(-15 for losing)\n|l|\u2606SS720\n","uploadtime":1700178442,"views":8,"p1id":"gcy9","p2id":"ss720","formatid":"gen9ou","rating":1292,"private":0,"password":""}