{"id":"gen9ou-1990456011","p1":"bananaszn","p2":"Raisore","format":"[Gen 9] OU","log":"|j|\u2606bananaszn\n|j|\u2606Raisore\n|t:|1699972665\n|gametype|singles\n|player|p1|bananaszn|brycen|1079\n|player|p2|Raisore|nate|1000\n|teamsize|p1|6\n|teamsize|p2|6\n|gen|9\n|tier|[Gen 9] OU\n|rated|\n|rule|Sleep Clause Mod: Limit one foe put to sleep\n|rule|Species Clause: Limit one of each Pok\u00e9mon\n|rule|OHKO Clause: OHKO moves are banned\n|rule|Evasion Items Clause: Evasion items are banned\n|rule|Evasion Moves Clause: Evasion moves are banned\n|rule|Endless Battle Clause: Forcing endless battles is banned\n|rule|HP Percentage Mod: HP is shown in percentages\n|clearpoke\n|poke|p1|Ogerpon-Wellspring, F|\n|poke|p1|Corviknight, M|\n|poke|p1|Heatran, F|\n|poke|p1|Alomomola, M|\n|poke|p1|Ting-Lu|\n|poke|p1|Landorus-Therian, M|\n|poke|p2|Armarouge, F|\n|poke|p2|Zamazenta-*|\n|poke|p2|Iron Valiant|\n|poke|p2|Greninja-*, M|\n|poke|p2|Dragonite, M|\n|poke|p2|Great Tusk|\n|teampreview\n|\n|t:|1699972700\n|start\n|switch|p1a: Ogerpon|Ogerpon-Wellspring, F|100\/100\n|switch|p2a: Ashley|Greninja, M|100\/100\n|turn|1\n|\n|t:|1699972713\n|move|p1a: Ogerpon|Swords Dance|p1a: Ogerpon\n|-boost|p1a: Ogerpon|atk|2\n|move|p2a: Ashley|Dark Pulse|p1a: Ogerpon\n|-damage|p1a: Ogerpon|57\/100\n|\n|upkeep\n|turn|2\n|\n|t:|1699972723\n|move|p1a: Ogerpon|Horn Leech|p2a: Ashley\n|-supereffective|p2a: Ashley\n|-damage|p2a: Ashley|0 fnt\n|-heal|p1a: Ogerpon|100\/100|[from] drain|[of] p2a: Ashley\n|faint|p2a: Ashley\n|\n|upkeep\n|\n|t:|1699972734\n|switch|p2a: Dan|Great Tusk|100\/100\n|turn|3\n|\n|t:|1699972742\n|move|p1a: Ogerpon|Ivy Cudgel|p2a: Dan|[anim] Ivy Cudgel Water\n|-supereffective|p2a: Dan\n|-damage|p2a: Dan|0 fnt\n|faint|p2a: Dan\n|-end|p2a: Dan|Protosynthesis|[silent]\n|\n|upkeep\n|\n|t:|1699972751\n|switch|p2a: Lucus|Zamazenta|100\/100\n|-ability|p2a: Lucus|Dauntless Shield|boost\n|-boost|p2a: Lucus|def|1\n|turn|4\n|\n|t:|1699972761\n|move|p1a: Ogerpon|Swords Dance|p1a: Ogerpon\n|-boost|p1a: Ogerpon|atk|2\n|move|p2a: Lucus|Crunch|p1a: Ogerpon\n|-damage|p1a: Ogerpon|66\/100\n|-unboost|p1a: Ogerpon|def|1\n|\n|upkeep\n|turn|5\n|\n|t:|1699972773\n|move|p1a: Ogerpon|Horn Leech|p2a: Lucus\n|-damage|p2a: Lucus|12\/100\n|-heal|p1a: Ogerpon|100\/100|[from] drain|[of] p2a: Lucus\n|move|p2a: Lucus|Focus Blast|p1a: Ogerpon\n|-damage|p1a: Ogerpon|45\/100\n|\n|upkeep\n|turn|6\n|\n|t:|1699972787\n|switch|p2a: Christopher|Dragonite, M|100\/100\n|move|p1a: Ogerpon|Horn Leech|p2a: Christopher\n|-resisted|p2a: Christopher\n|-damage|p2a: Christopher|80\/100\n|-heal|p1a: Ogerpon|56\/100|[from] drain|[of] p2a: Christopher\n|-damage|p1a: Ogerpon|40\/100|[from] item: Rocky Helmet|[of] p2a: Christopher\n|\n|upkeep\n|turn|7\n|\n|t:|1699972804\n|move|p1a: Ogerpon|Spiky Shield|p1a: Ogerpon\n|-singleturn|p1a: Ogerpon|move: Protect\n|move|p2a: Christopher|Dragon Tail|p1a: Ogerpon\n|-activate|p1a: Ogerpon|move: Protect\n|-damage|p2a: Christopher|68\/100|[from] Spiky Shield|[of] p1a: Ogerpon\n|\n|upkeep\n|turn|8\n|\n|t:|1699972821\n|switch|p1a: Ting-Lu|Ting-Lu|100\/100\n|-ability|p1a: Ting-Lu|Vessel of Ruin\n|move|p2a: Christopher|Dragon Tail|p1a: Ting-Lu\n|-damage|p1a: Ting-Lu|88\/100\n|drag|p1a: Ogerpon|Ogerpon-Wellspring, F|40\/100\n|\n|upkeep\n|turn|9\n|\n|t:|1699972836\n|move|p1a: Ogerpon|Spiky Shield|p1a: Ogerpon\n|-singleturn|p1a: Ogerpon|move: Protect\n|move|p2a: Christopher|Outrage|p1a: Ogerpon\n|-activate|p1a: Ogerpon|move: Protect\n|-damage|p2a: Christopher|55\/100|[from] Spiky Shield|[of] p1a: Ogerpon\n|\n|upkeep\n|turn|10\n|\n|t:|1699972846\n|switch|p1a: Corviknight|Corviknight, M|100\/100\n|move|p2a: Christopher|Outrage|p1a: Corviknight\n|-resisted|p1a: Corviknight\n|-damage|p1a: Corviknight|81\/100\n|-damage|p2a: Christopher|39\/100|[from] item: Rocky Helmet|[of] p1a: Corviknight\n|\n|upkeep\n|turn|11\n|\n|t:|1699972865\n|move|p2a: Christopher|Outrage|p1a: Corviknight|[from]lockedmove\n|-resisted|p1a: Corviknight\n|-damage|p1a: Corviknight|62\/100\n|-damage|p2a: Christopher|22\/100|[from] item: Rocky Helmet|[of] p1a: Corviknight\n|move|p1a: Corviknight|Iron Defense|p1a: Corviknight\n|-boost|p1a: Corviknight|def|2\n|\n|upkeep\n|turn|12\n|\n|t:|1699972880\n|move|p2a: Christopher|Outrage|p1a: Corviknight|[from]lockedmove\n|-resisted|p1a: Corviknight\n|-damage|p1a: Corviknight|52\/100\n|-damage|p2a: Christopher|6\/100|[from] item: Rocky Helmet|[of] p1a: Corviknight\n|-start|p2a: Christopher|confusion|[fatigue]\n|move|p1a: Corviknight|Iron Defense|p1a: Corviknight\n|-boost|p1a: Corviknight|def|2\n|\n|upkeep\n|turn|13\n|\n|t:|1699972898\n|switch|p2a: Armarouge|Armarouge, F|100\/100\n|move|p1a: Corviknight|Iron Defense|p1a: Corviknight\n|-boost|p1a: Corviknight|def|2\n|\n|upkeep\n|turn|14\n|\n|t:|1699972915\n|switch|p1a: Heatran|Heatran, F|100\/100\n|move|p2a: Armarouge|Armor Cannon|p1a: Heatran\n|-start|p1a: Heatran|ability: Flash Fire\n|\n|upkeep\n|turn|15\n|-message|Raisore forfeited.\n|\n|win|bananaszn\n|raw|bananaszn's rating: 1079 &rarr; <strong>1101<\/strong><br \/>(+22 for winning)\n|raw|Raisore's rating: 1000 &rarr; <strong>1000<\/strong><br \/>(+0 for losing)\n|l|\u2606Raisore\n","uploadtime":1699972938,"views":27,"p1id":"bananaszn","p2id":"raisore","formatid":"gen9ou","rating":1000,"private":0,"password":""}