{"id":"gen9ou-1989342025","p1":"1owercase","p2":"Steez Ibanez","format":"[Gen 9] OU","log":"|j|\u26061owercase\n|j|\u2606Steez Ibanez\n|t:|1699838488\n|gametype|singles\n|player|p1|1owercase|flannery|1649\n|player|p2|Steez Ibanez|lance-gen2|1814\n|teamsize|p1|6\n|teamsize|p2|6\n|gen|9\n|tier|[Gen 9] OU\n|rated|\n|rule|Sleep Clause Mod: Limit one foe put to sleep\n|rule|Species Clause: Limit one of each Pok\u00e9mon\n|rule|OHKO Clause: OHKO moves are banned\n|rule|Evasion Items Clause: Evasion items are banned\n|rule|Evasion Moves Clause: Evasion moves are banned\n|rule|Endless Battle Clause: Forcing endless battles is banned\n|rule|HP Percentage Mod: HP is shown in percentages\n|clearpoke\n|poke|p1|Rillaboom, M|\n|poke|p1|Sneasler, M|\n|poke|p1|Sandy Shocks|\n|poke|p1|Samurott-Hisui, M|\n|poke|p1|Ceruledge, F|\n|poke|p1|Hatterene, F|\n|poke|p2|Samurott-Hisui, M|\n|poke|p2|Corviknight, M|\n|poke|p2|Iron Valiant|\n|poke|p2|Dragapult, M|\n|poke|p2|Ting-Lu|\n|poke|p2|Slowking-Galar, M|\n|teampreview\n|inactive|Battle timer is ON: inactive players will automatically lose when time's up. (requested by 1owercase)\n|\n|t:|1699838499\n|start\n|switch|p1a: Sandy Shocks|Sandy Shocks|100\/100\n|switch|p2a: Glenn Jacobs|Slowking-Galar, M|100\/100\n|-enditem|p1a: Sandy Shocks|Booster Energy\n|-activate|p1a: Sandy Shocks|ability: Protosynthesis|[fromitem]\n|-start|p1a: Sandy Shocks|protosynthesisspe\n|turn|1\n|\n|t:|1699838503\n|move|p1a: Sandy Shocks|Stealth Rock|p2a: Glenn Jacobs\n|-sidestart|p2: Steez Ibanez|move: Stealth Rock\n|move|p2a: Glenn Jacobs|Ice Beam|p1a: Sandy Shocks\n|-supereffective|p1a: Sandy Shocks\n|-crit|p1a: Sandy Shocks\n|-damage|p1a: Sandy Shocks|16\/100\n|\n|upkeep\n|turn|2\n|\n|t:|1699838506\n|move|p1a: Sandy Shocks|Earth Power|p2a: Glenn Jacobs\n|-supereffective|p2a: Glenn Jacobs\n|-damage|p2a: Glenn Jacobs|31\/100\n|move|p2a: Glenn Jacobs|Future Sight|p1a: Sandy Shocks\n|-start|p2a: Glenn Jacobs|move: Future Sight\n|\n|upkeep\n|turn|3\n|\n|t:|1699838510\n|move|p1a: Sandy Shocks|Thunderbolt|p2a: Glenn Jacobs\n|-damage|p2a: Glenn Jacobs|0 fnt\n|faint|p2a: Glenn Jacobs\n|\n|upkeep\n|\n|t:|1699838513\n|switch|p2a: Darth Tyranus|Samurott-Hisui, M, shiny|100\/100\n|turn|4\n|\n|t:|1699838518\n|-end|p1a: Sandy Shocks|Protosynthesis|[silent]\n|switch|p1a: Samurott|Samurott-Hisui, M|100\/100\n|move|p2a: Darth Tyranus|Sucker Punch||[still]\n|-fail|p2a: Darth Tyranus\n|\n|-end|p1a: Samurott|move: Future Sight\n|-immune|p1a: Samurott\n|upkeep\n|turn|5\n|\n|t:|1699838527\n|move|p2a: Darth Tyranus|Ceaseless Edge|p1a: Samurott\n|-resisted|p1a: Samurott\n|-damage|p1a: Samurott|78\/100\n|-sidestart|p1: 1owercase|Spikes\n|move|p1a: Samurott|Sacred Sword|p2a: Darth Tyranus\n|-supereffective|p2a: Darth Tyranus\n|-crit|p2a: Darth Tyranus\n|-damage|p2a: Darth Tyranus|0 fnt\n|faint|p2a: Darth Tyranus\n|\n|upkeep\n|\n|t:|1699838531\n|switch|p2a: Midoriya|Iron Valiant|100\/100\n|turn|6\n|\n|t:|1699838536\n|switch|p1a: Ceruledge|Ceruledge, F|100\/100\n|move|p2a: Midoriya|Moonblast|p1a: Ceruledge\n|-resisted|p1a: Ceruledge\n|-damage|p1a: Ceruledge|80\/100\n|\n|upkeep\n|turn|7\n|\n|t:|1699838540\n|move|p2a: Midoriya|Knock Off|p1a: Ceruledge\n|-supereffective|p1a: Ceruledge\n|-damage|p1a: Ceruledge|14\/100\n|-enditem|p1a: Ceruledge|Heavy-Duty Boots|[from] move: Knock Off|[of] p2a: Midoriya\n|move|p1a: Ceruledge|Bitter Blade|p2a: Midoriya\n|-damage|p2a: Midoriya|45\/100\n|-heal|p1a: Ceruledge|37\/100|[from] drain|[of] p2a: Midoriya\n|\n|upkeep\n|turn|8\n|\n|t:|1699838562\n|move|p1a: Ceruledge|Shadow Sneak|p2a: Midoriya\n|-damage|p2a: Midoriya|20\/100\n|move|p2a: Midoriya|Knock Off|p1a: Ceruledge\n|-supereffective|p1a: Ceruledge\n|-damage|p1a: Ceruledge|0 fnt\n|faint|p1a: Ceruledge\n|\n|upkeep\n|\n|t:|1699838571\n|switch|p1a: Rillaboom|Rillaboom, M|100\/100\n|-damage|p1a: Rillaboom|88\/100|[from] Spikes\n|-fieldstart|move: Grassy Terrain|[from] ability: Grassy Surge|[of] p1a: Rillaboom\n|turn|9\n|\n|t:|1699838575\n|move|p1a: Rillaboom|Grassy Glide|p2a: Midoriya\n|-damage|p2a: Midoriya|0 fnt\n|faint|p2a: Midoriya\n|-end|p2a: Midoriya|Quark Drive|[silent]\n|\n|-heal|p1a: Rillaboom|94\/100|[from] Grassy Terrain\n|upkeep\n|\n|t:|1699838578\n|switch|p2a: Dick Grayson|Corviknight, M|100\/100\n|-damage|p2a: Dick Grayson|88\/100|[from] Stealth Rock\n|-ability|p2a: Dick Grayson|Pressure\n|turn|10\n|\n|t:|1699838583\n|switch|p1a: Samurott|Samurott-Hisui, M|78\/100\n|-damage|p1a: Samurott|65\/100|[from] Spikes\n|move|p2a: Dick Grayson|Brave Bird|p1a: Samurott\n|-damage|p1a: Samurott|28\/100\n|-damage|p2a: Dick Grayson|76\/100|[from] Recoil\n|\n|-heal|p1a: Samurott|34\/100|[from] Grassy Terrain\n|-heal|p2a: Dick Grayson|82\/100|[from] item: Leftovers\n|upkeep\n|turn|11\n|\n|t:|1699838588\n|move|p1a: Samurott|Aqua Cutter|p2a: Dick Grayson\n|-damage|p2a: Dick Grayson|52\/100\n|move|p2a: Dick Grayson|U-turn|p1a: Samurott\n|-supereffective|p1a: Samurott\n|-damage|p1a: Samurott|4\/100\n|\n|t:|1699838591\n|switch|p2a: Toothless|Dragapult, M|100\/100|[from] U-turn\n|\n|-heal|p1a: Samurott|10\/100|[from] Grassy Terrain\n|upkeep\n|turn|12\n|\n|t:|1699838594\n|move|p2a: Toothless|U-turn|p1a: Samurott\n|-supereffective|p1a: Samurott\n|-damage|p1a: Samurott|0 fnt\n|faint|p1a: Samurott\n|\n|t:|1699838596\n|switch|p2a: Clicker|Ting-Lu|100\/100|[from] U-turn\n|-damage|p2a: Clicker|94\/100|[from] Stealth Rock\n|-ability|p2a: Clicker|Vessel of Ruin\n|\n|-heal|p2a: Clicker|100\/100|[from] Grassy Terrain\n|upkeep\n|\n|t:|1699838609\n|switch|p1a: Hatterene|Hatterene, F|100\/100\n|-damage|p1a: Hatterene|88\/100|[from] Spikes\n|-enditem|p1a: Hatterene|Grassy Seed\n|-boost|p1a: Hatterene|def|1|[from] item: Grassy Seed\n|turn|13\n|\n|t:|1699838625\n|move|p2a: Clicker|Ruination|p1a: Hatterene|[miss]\n|-miss|p2a: Clicker|p1a: Hatterene\n|move|p1a: Hatterene|Calm Mind|p1a: Hatterene\n|-boost|p1a: Hatterene|spa|1\n|-boost|p1a: Hatterene|spd|1\n|\n|-heal|p1a: Hatterene|94\/100|[from] Grassy Terrain\n|-fieldend|move: Grassy Terrain\n|upkeep\n|turn|14\n|\n|t:|1699838629\n|-terastallize|p2a: Clicker|Poison\n|move|p2a: Clicker|Ruination|p1a: Hatterene\n|-damage|p1a: Hatterene|47\/100\n|move|p1a: Hatterene|Calm Mind|p1a: Hatterene\n|-boost|p1a: Hatterene|spa|1\n|-boost|p1a: Hatterene|spd|1\n|\n|upkeep\n|turn|15\n|\n|t:|1699838636\n|switch|p2a: Dick Grayson|Corviknight, M|52\/100\n|-damage|p2a: Dick Grayson|40\/100|[from] Stealth Rock\n|-ability|p2a: Dick Grayson|Pressure\n|move|p1a: Hatterene|Psyshock|p2a: Dick Grayson\n|-resisted|p2a: Dick Grayson\n|-damage|p2a: Dick Grayson|17\/100\n|\n|-heal|p2a: Dick Grayson|24\/100|[from] item: Leftovers\n|upkeep\n|turn|16\n|\n|t:|1699838642\n|move|p2a: Dick Grayson|Iron Head|p1a: Hatterene\n|-supereffective|p1a: Hatterene\n|-damage|p1a: Hatterene|17\/100\n|move|p1a: Hatterene|Draining Kiss|p2a: Dick Grayson\n|-resisted|p2a: Dick Grayson\n|-damage|p2a: Dick Grayson|0 fnt\n|-heal|p1a: Hatterene|39\/100|[from] drain|[of] p2a: Dick Grayson\n|faint|p2a: Dick Grayson\n|\n|upkeep\n|\n|t:|1699838649\n|switch|p2a: Clicker|Ting-Lu, tera:Poison|100\/100\n|-damage|p2a: Clicker|88\/100|[from] Stealth Rock\n|-ability|p2a: Clicker|Vessel of Ruin\n|turn|17\n|\n|t:|1699838653\n|move|p2a: Clicker|Earthquake|p1a: Hatterene\n|-damage|p1a: Hatterene|14\/100\n|move|p1a: Hatterene|Psyshock|p2a: Clicker\n|-supereffective|p2a: Clicker\n|-damage|p2a: Clicker|20\/100\n|\n|-heal|p2a: Clicker|27\/100|[from] item: Leftovers\n|upkeep\n|turn|18\n|\n|t:|1699838657\n|move|p2a: Clicker|Earthquake|p1a: Hatterene\n|-damage|p1a: Hatterene|0 fnt\n|faint|p1a: Hatterene\n|\n|-heal|p2a: Clicker|33\/100|[from] item: Leftovers\n|upkeep\n|\n|t:|1699838663\n|switch|p1a: Sandy Shocks|Sandy Shocks|16\/100\n|-damage|p1a: Sandy Shocks|4\/100|[from] Spikes\n|turn|19\n|\n|t:|1699838667\n|switch|p2a: Toothless|Dragapult, M|100\/100\n|move|p1a: Sandy Shocks|Earth Power|p2a: Toothless\n|-damage|p2a: Toothless|42\/100\n|\n|upkeep\n|turn|20\n|\n|t:|1699838677\n|move|p2a: Toothless|Dragon Darts|p1a: Sandy Shocks\n|-damage|p1a: Sandy Shocks|0 fnt\n|faint|p1a: Sandy Shocks\n|-end|p1a: Sandy Shocks|Protosynthesis|[silent]\n|\n|upkeep\n|\n|t:|1699838680\n|switch|p1a: Rillaboom|Rillaboom, M|94\/100\n|-damage|p1a: Rillaboom|82\/100|[from] Spikes\n|-fieldstart|move: Grassy Terrain|[from] ability: Grassy Surge|[of] p1a: Rillaboom\n|turn|21\n|\n|t:|1699838684\n|-terastallize|p1a: Rillaboom|Grass\n|move|p1a: Rillaboom|Grassy Glide|p2a: Toothless\n|-resisted|p2a: Toothless\n|-damage|p2a: Toothless|0 fnt\n|faint|p2a: Toothless\n|\n|-heal|p1a: Rillaboom|88\/100|[from] Grassy Terrain\n|upkeep\n|\n|t:|1699838685\n|switch|p2a: Clicker|Ting-Lu, tera:Poison|33\/100\n|-damage|p2a: Clicker|20\/100|[from] Stealth Rock\n|-ability|p2a: Clicker|Vessel of Ruin\n|turn|22\n|\n|t:|1699838688\n|move|p1a: Rillaboom|Grassy Glide|p2a: Clicker\n|-resisted|p2a: Clicker\n|-damage|p2a: Clicker|0 fnt\n|faint|p2a: Clicker\n|\n|win|1owercase\n|raw|1owercase's rating: 1649 &rarr; <strong>1678<\/strong><br \/>(+29 for winning)\n|raw|Steez Ibanez's rating: 1814 &rarr; <strong>1785<\/strong><br \/>(-29 for losing)\n|l|\u2606Steez Ibanez\n|l|\u26061owercase\n","uploadtime":1699838693,"views":6,"p1id":"1owercase","p2id":"steezibanez","formatid":"gen9ou","rating":1678,"private":0,"password":""}