{"id":"gen9ou-1992519399","p1":"Saagii","p2":"ghost10116","format":"[Gen 9] OU","log":"|j|\u2606Saagii\n|j|\u2606ghost10116\n|t:|1700198568\n|gametype|singles\n|player|p1|Saagii|gardenia|1352\n|player|p2|ghost10116|2|1323\n|teamsize|p1|6\n|teamsize|p2|6\n|gen|9\n|tier|[Gen 9] OU\n|rated|\n|rule|Sleep Clause Mod: Limit one foe put to sleep\n|rule|Species Clause: Limit one of each Pok\u00e9mon\n|rule|OHKO Clause: OHKO moves are banned\n|rule|Evasion Items Clause: Evasion items are banned\n|rule|Evasion Moves Clause: Evasion moves are banned\n|rule|Endless Battle Clause: Forcing endless battles is banned\n|rule|HP Percentage Mod: HP is shown in percentages\n|clearpoke\n|poke|p1|Yanmega, F|\n|poke|p1|Vikavolt, M|\n|poke|p1|Dragapult, F|\n|poke|p1|Alomomola, M|\n|poke|p1|Iron Treads|\n|poke|p1|Heatran, F|\n|poke|p2|Ceruledge, F|\n|poke|p2|Alomomola, F|\n|poke|p2|Chesnaught, F|\n|poke|p2|Garganacl, M|\n|poke|p2|Slowking-Galar, F|\n|poke|p2|Hydreigon, F|\n|teampreview\n|inactive|Battle timer is ON: inactive players will automatically lose when time's up. (requested by ghost10116)\n|c|\u2606Saagii|Gl hf\n|c|\u2606ghost10116|You too ^^\n|\n|t:|1700198590\n|start\n|switch|p1a: Vikavolt|Vikavolt, M|100\/100\n|switch|p2a: Garganacl|Garganacl, M|100\/100\n|turn|1\n|\n|t:|1700198595\n|move|p1a: Vikavolt|Sticky Web|p2a: Garganacl\n|-sidestart|p2: ghost10116|move: Sticky Web\n|move|p2a: Garganacl|Salt Cure|p1a: Vikavolt\n|-supereffective|p1a: Vikavolt\n|-damage|p1a: Vikavolt|82\/100\n|-start|p1a: Vikavolt|Salt Cure\n|\n|-damage|p1a: Vikavolt|69\/100|[from] Salt Cure\n|upkeep\n|turn|2\n|\n|t:|1700198605\n|move|p1a: Vikavolt|Volt Switch|p2a: Garganacl\n|-damage|p2a: Garganacl|71\/100\n|\n|t:|1700198615\n|switch|p1a: Heatran|Heatran, F|100\/100|[from] Volt Switch\n|-item|p1a: Heatran|Air Balloon\n|move|p2a: Garganacl|Salt Cure|p1a: Heatran\n|-damage|p1a: Heatran|89\/100\n|-start|p1a: Heatran|Salt Cure\n|-enditem|p1a: Heatran|Air Balloon\n|\n|-heal|p2a: Garganacl|77\/100|[from] item: Leftovers\n|-damage|p1a: Heatran|64\/100|[from] Salt Cure\n|upkeep\n|turn|3\n|\n|t:|1700198626\n|move|p2a: Garganacl|Protect|p2a: Garganacl\n|-singleturn|p2a: Garganacl|Protect\n|move|p1a: Heatran|Flash Cannon|p2a: Garganacl\n|-activate|p2a: Garganacl|move: Protect\n|\n|-heal|p2a: Garganacl|83\/100|[from] item: Leftovers\n|-damage|p1a: Heatran|39\/100|[from] Salt Cure\n|upkeep\n|turn|4\n|\n|t:|1700198636\n|switch|p2a: Alomomola|Alomomola, F|100\/100\n|-activate|p2a: Alomomola|move: Sticky Web\n|-unboost|p2a: Alomomola|spe|1\n|move|p1a: Heatran|Stealth Rock|p2a: Alomomola\n|-sidestart|p2: ghost10116|move: Stealth Rock\n|\n|-damage|p1a: Heatran|14\/100|[from] Salt Cure\n|upkeep\n|turn|5\n|\n|t:|1700198640\n|switch|p1a: Alomomola|Alomomola, M|100\/100\n|move|p2a: Alomomola|Aqua Jet|p1a: Alomomola\n|-resisted|p1a: Alomomola\n|-damage|p1a: Alomomola|97\/100\n|-damage|p2a: Alomomola|84\/100|[from] item: Rocky Helmet|[of] p1a: Alomomola\n|\n|-heal|p2a: Alomomola|90\/100|[from] item: Leftovers\n|upkeep\n|turn|6\n|\n|t:|1700198646\n|move|p1a: Alomomola|Wish|p1a: Alomomola\n|move|p2a: Alomomola|Flip Turn|p1a: Alomomola\n|-resisted|p1a: Alomomola\n|-damage|p1a: Alomomola|91\/100\n|-damage|p2a: Alomomola|74\/100|[from] item: Rocky Helmet|[of] p1a: Alomomola\n|\n|t:|1700198656\n|switch|p2a: Garganacl|Garganacl, M|83\/100|[from] Flip Turn\n|-activate|p2a: Garganacl|move: Sticky Web\n|-unboost|p2a: Garganacl|spe|1\n|-damage|p2a: Garganacl|71\/100|[from] Stealth Rock\n|\n|-heal|p2a: Garganacl|77\/100|[from] item: Leftovers\n|upkeep\n|turn|7\n|\n|t:|1700198668\n|move|p1a: Alomomola|Flip Turn|p2a: Garganacl\n|-supereffective|p2a: Garganacl\n|-damage|p2a: Garganacl|60\/100\n|\n|t:|1700198670\n|switch|p1a: Vikavolt|Vikavolt, M|69\/100|[from] Flip Turn\n|move|p2a: Garganacl|Salt Cure|p1a: Vikavolt\n|-supereffective|p1a: Vikavolt\n|-damage|p1a: Vikavolt|49\/100\n|-start|p1a: Vikavolt|Salt Cure\n|\n|-heal|p1a: Vikavolt|100\/100|[from] move: Wish|[wisher] Alomomola\n|-heal|p2a: Garganacl|66\/100|[from] item: Leftovers\n|-damage|p1a: Vikavolt|88\/100|[from] Salt Cure\n|upkeep\n|turn|8\n|\n|t:|1700198681\n|move|p2a: Garganacl|Protect|p2a: Garganacl\n|-singleturn|p2a: Garganacl|Protect\n|move|p1a: Vikavolt|Bug Buzz|p2a: Garganacl\n|-activate|p2a: Garganacl|move: Protect\n|\n|-heal|p2a: Garganacl|73\/100|[from] item: Leftovers\n|-damage|p1a: Vikavolt|76\/100|[from] Salt Cure\n|upkeep\n|turn|9\n|\n|t:|1700198690\n|move|p1a: Vikavolt|Volt Switch|p2a: Garganacl\n|-damage|p2a: Garganacl|44\/100\n|\n|t:|1700198697\n|switch|p1a: Iron Treads|Iron Treads|100\/100|[from] Volt Switch\n|move|p2a: Garganacl|Recover|p2a: Garganacl\n|-heal|p2a: Garganacl|94\/100\n|\n|-heal|p2a: Garganacl|99\/100|[from] item: Leftovers\n|upkeep\n|turn|10\n|\n|t:|1700198706\n|-terastallize|p2a: Garganacl|Fairy\n|move|p1a: Iron Treads|Knock Off|p2a: Garganacl\n|-resisted|p2a: Garganacl\n|-damage|p2a: Garganacl|94\/100\n|-enditem|p2a: Garganacl|Leftovers|[from] move: Knock Off|[of] p1a: Iron Treads\n|move|p2a: Garganacl|Salt Cure|p1a: Iron Treads\n|-resisted|p1a: Iron Treads\n|-damage|p1a: Iron Treads|98\/100\n|-start|p1a: Iron Treads|Salt Cure\n|\n|-damage|p1a: Iron Treads|73\/100|[from] Salt Cure\n|upkeep\n|turn|11\n|\n|t:|1700198717\n|-end|p1a: Iron Treads|Quark Drive|[silent]\n|switch|p1a: Alomomola|Alomomola, M|100\/100\n|move|p2a: Garganacl|Salt Cure|p1a: Alomomola\n|-damage|p1a: Alomomola|91\/100\n|-start|p1a: Alomomola|Salt Cure\n|\n|-damage|p1a: Alomomola|66\/100|[from] Salt Cure\n|upkeep\n|turn|12\n|\n|t:|1700198726\n|move|p1a: Alomomola|Wish|p1a: Alomomola\n|move|p2a: Garganacl|Salt Cure|p1a: Alomomola\n|-damage|p1a: Alomomola|56\/100\n|\n|-damage|p1a: Alomomola|30\/100|[from] Salt Cure\n|upkeep\n|turn|13\n|\n|t:|1700198735\n|move|p2a: Garganacl|Protect|p2a: Garganacl\n|-singleturn|p2a: Garganacl|Protect\n|move|p1a: Alomomola|Flip Turn|p2a: Garganacl\n|-activate|p2a: Garganacl|move: Protect\n|\n|-heal|p1a: Alomomola|80\/100|[from] move: Wish|[wisher] Alomomola\n|-damage|p1a: Alomomola|56\/100|[from] Salt Cure\n|upkeep\n|turn|14\n|\n|t:|1700198746\n|move|p1a: Alomomola|Wish|p1a: Alomomola\n|move|p2a: Garganacl|Salt Cure|p1a: Alomomola\n|-damage|p1a: Alomomola|46\/100\n|\n|-damage|p1a: Alomomola|21\/100|[from] Salt Cure\n|upkeep\n|turn|15\n|\n|t:|1700198757\n|switch|p1a: Heatran|Heatran, F|14\/100\n|move|p2a: Garganacl|Protect||[still]\n|-fail|p2a: Garganacl\n|\n|-heal|p1a: Heatran|79\/100|[from] move: Wish|[wisher] Alomomola\n|upkeep\n|turn|16\n|\n|t:|1700198767\n|switch|p2a: Hydreigon|Hydreigon, F|100\/100\n|-damage|p2a: Hydreigon|88\/100|[from] Stealth Rock\n|move|p1a: Heatran|Flash Cannon|p2a: Hydreigon\n|-damage|p2a: Hydreigon|40\/100\n|\n|upkeep\n|turn|17\n|\n|t:|1700198775\n|switch|p1a: Vikavolt|Vikavolt, M|76\/100\n|move|p2a: Hydreigon|Earth Power|p1a: Vikavolt\n|-immune|p1a: Vikavolt|[from] ability: Levitate\n|\n|upkeep\n|turn|18\n|\n|t:|1700198783\n|switch|p2a: Slowking|Slowking-Galar, F|100\/100\n|-activate|p2a: Slowking|move: Sticky Web\n|-unboost|p2a: Slowking|spe|1\n|-damage|p2a: Slowking|88\/100|[from] Stealth Rock\n|move|p1a: Vikavolt|Volt Switch|p2a: Slowking\n|-damage|p2a: Slowking|76\/100\n|\n|t:|1700198788\n|switch|p1a: Iron Treads|Iron Treads|73\/100|[from] Volt Switch\n|\n|upkeep\n|turn|19\n|\n|t:|1700198803\n|switch|p2a: Garganacl|Garganacl, M, tera:Fairy|94\/100\n|-activate|p2a: Garganacl|move: Sticky Web\n|-unboost|p2a: Garganacl|spe|1\n|-damage|p2a: Garganacl|81\/100|[from] Stealth Rock\n|move|p1a: Iron Treads|Knock Off|p2a: Garganacl\n|-resisted|p2a: Garganacl\n|-damage|p2a: Garganacl|77\/100\n|\n|upkeep\n|turn|20\n|\n|t:|1700198831\n|move|p1a: Iron Treads|Earthquake|p2a: Garganacl\n|-damage|p2a: Garganacl|58\/100\n|move|p2a: Garganacl|Salt Cure|p1a: Iron Treads\n|-resisted|p1a: Iron Treads\n|-damage|p1a: Iron Treads|71\/100\n|-start|p1a: Iron Treads|Salt Cure\n|\n|-damage|p1a: Iron Treads|46\/100|[from] Salt Cure\n|upkeep\n|turn|21\n|\n|t:|1700198841\n|move|p1a: Iron Treads|Volt Switch|p2a: Garganacl\n|-damage|p2a: Garganacl|48\/100\n|\n|t:|1700198851\n|-end|p1a: Iron Treads|Quark Drive|[silent]\n|switch|p1a: Alomomola|Alomomola, M|54\/100|[from] Volt Switch\n|move|p2a: Garganacl|Recover|p2a: Garganacl\n|-heal|p2a: Garganacl|98\/100\n|\n|upkeep\n|turn|22\n|\n|t:|1700198855\n|move|p1a: Alomomola|Wish|p1a: Alomomola\n|move|p2a: Garganacl|Salt Cure|p1a: Alomomola\n|-damage|p1a: Alomomola|45\/100\n|-start|p1a: Alomomola|Salt Cure\n|\n|-damage|p1a: Alomomola|20\/100|[from] Salt Cure\n|upkeep\n|turn|23\n|\n|t:|1700198863\n|switch|p1a: Vikavolt|Vikavolt, M|76\/100\n|move|p2a: Garganacl|Salt Cure|p1a: Vikavolt\n|-supereffective|p1a: Vikavolt\n|-damage|p1a: Vikavolt|56\/100\n|-start|p1a: Vikavolt|Salt Cure\n|\n|-heal|p1a: Vikavolt|100\/100|[from] move: Wish|[wisher] Alomomola\n|-damage|p1a: Vikavolt|88\/100|[from] Salt Cure\n|upkeep\n|turn|24\n|\n|t:|1700198876\n|move|p2a: Garganacl|Protect|p2a: Garganacl\n|-singleturn|p2a: Garganacl|Protect\n|move|p1a: Vikavolt|Volt Switch|p2a: Garganacl\n|-activate|p2a: Garganacl|move: Protect\n|\n|-damage|p1a: Vikavolt|76\/100|[from] Salt Cure\n|upkeep\n|turn|25\n|\n|t:|1700198885\n|move|p1a: Vikavolt|Volt Switch|p2a: Garganacl\n|-damage|p2a: Garganacl|66\/100\n|\n|t:|1700198894\n|switch|p1a: Heatran|Heatran, F|79\/100|[from] Volt Switch\n|move|p2a: Garganacl|Salt Cure|p1a: Heatran\n|-damage|p1a: Heatran|67\/100\n|-start|p1a: Heatran|Salt Cure\n|\n|-damage|p1a: Heatran|42\/100|[from] Salt Cure\n|upkeep\n|turn|26\n|\n|t:|1700198902\n|switch|p1a: Alomomola|Alomomola, M|53\/100\n|move|p2a: Garganacl|Protect||[still]\n|-fail|p2a: Garganacl\n|\n|upkeep\n|turn|27\n|\n|t:|1700198910\n|move|p1a: Alomomola|Wish|p1a: Alomomola\n|move|p2a: Garganacl|Salt Cure|p1a: Alomomola\n|-damage|p1a: Alomomola|43\/100\n|-start|p1a: Alomomola|Salt Cure\n|\n|-damage|p1a: Alomomola|18\/100|[from] Salt Cure\n|upkeep\n|turn|28\n|\n|t:|1700198914\n|switch|p1a: Heatran|Heatran, F|42\/100\n|move|p2a: Garganacl|Recover|p2a: Garganacl\n|-heal|p2a: Garganacl|100\/100\n|\n|-heal|p1a: Heatran|100\/100|[from] move: Wish|[wisher] Alomomola\n|upkeep\n|turn|29\n|\n|t:|1700198924\n|switch|p2a: Alomomola|Alomomola, F|100\/100\n|-activate|p2a: Alomomola|move: Sticky Web\n|-unboost|p2a: Alomomola|spe|1\n|-damage|p2a: Alomomola|88\/100|[from] Stealth Rock\n|move|p1a: Heatran|Flash Cannon|p2a: Alomomola\n|-resisted|p2a: Alomomola\n|-damage|p2a: Alomomola|72\/100\n|\n|-heal|p2a: Alomomola|79\/100|[from] item: Leftovers\n|upkeep\n|turn|30\n|\n|t:|1700198930\n|switch|p1a: Alomomola|Alomomola, M|51\/100\n|move|p2a: Alomomola|Wish|p2a: Alomomola\n|\n|-heal|p2a: Alomomola|85\/100|[from] item: Leftovers\n|upkeep\n|turn|31\n|\n|t:|1700198937\n|move|p1a: Alomomola|Wish|p1a: Alomomola\n|move|p2a: Alomomola|Flip Turn|p1a: Alomomola\n|-resisted|p1a: Alomomola\n|-damage|p1a: Alomomola|45\/100\n|-damage|p2a: Alomomola|68\/100|[from] item: Rocky Helmet|[of] p1a: Alomomola\n|\n|t:|1700198943\n|switch|p2a: Hydreigon|Hydreigon, F|40\/100|[from] Flip Turn\n|-damage|p2a: Hydreigon|28\/100|[from] Stealth Rock\n|\n|-heal|p2a: Hydreigon|100\/100|[from] move: Wish|[wisher] Alomomola\n|upkeep\n|turn|32\n|\n|t:|1700198953\n|-terastallize|p1a: Alomomola|Fairy\n|move|p2a: Hydreigon|Draco Meteor|p1a: Alomomola\n|-immune|p1a: Alomomola\n|move|p1a: Alomomola|Flip Turn|p2a: Hydreigon\n|-resisted|p2a: Hydreigon\n|-damage|p2a: Hydreigon|91\/100\n|\n|t:|1700198961\n|switch|p1a: Iron Treads|Iron Treads|46\/100|[from] Flip Turn\n|\n|-heal|p1a: Iron Treads|100\/100|[from] move: Wish|[wisher] Alomomola\n|upkeep\n|turn|33\n|\n|t:|1700198974\n|move|p1a: Iron Treads|Volt Switch|p2a: Hydreigon\n|-resisted|p2a: Hydreigon\n|-damage|p2a: Hydreigon|85\/100\n|\n|t:|1700198978\n|-end|p1a: Iron Treads|Quark Drive|[silent]\n|switch|p1a: Alomomola|Alomomola, M, tera:Fairy|79\/100|[from] Volt Switch\n|move|p2a: Hydreigon|Draco Meteor|p1a: Alomomola\n|-immune|p1a: Alomomola\n|\n|upkeep\n|turn|34\n|\n|t:|1700198988\n|switch|p2a: Garganacl|Garganacl, M, tera:Fairy|100\/100\n|-activate|p2a: Garganacl|move: Sticky Web\n|-unboost|p2a: Garganacl|spe|1\n|-damage|p2a: Garganacl|88\/100|[from] Stealth Rock\n|move|p1a: Alomomola|Wish|p1a: Alomomola\n|\n|upkeep\n|turn|35\n|\n|t:|1700198993\n|move|p1a: Alomomola|Flip Turn|p2a: Garganacl\n|-damage|p2a: Garganacl|79\/100\n|\n|t:|1700198996\n|switch|p1a: Vikavolt|Vikavolt, M|76\/100|[from] Flip Turn\n|move|p2a: Garganacl|Salt Cure|p1a: Vikavolt\n|-supereffective|p1a: Vikavolt\n|-damage|p1a: Vikavolt|54\/100\n|-start|p1a: Vikavolt|Salt Cure\n|\n|-heal|p1a: Vikavolt|100\/100|[from] move: Wish|[wisher] Alomomola\n|-damage|p1a: Vikavolt|88\/100|[from] Salt Cure\n|upkeep\n|turn|36\n|\n|t:|1700199009\n|move|p1a: Vikavolt|Volt Switch|p2a: Garganacl\n|-damage|p2a: Garganacl|49\/100\n|\n|t:|1700199012\n|switch|p1a: Alomomola|Alomomola, M, tera:Fairy|100\/100|[from] Volt Switch\n|move|p2a: Garganacl|Avalanche|p1a: Alomomola\n|-damage|p1a: Alomomola|91\/100\n|-damage|p2a: Garganacl|32\/100|[from] item: Rocky Helmet|[of] p1a: Alomomola\n|\n|upkeep\n|turn|37\n|\n|t:|1700199018\n|move|p1a: Alomomola|Wish|p1a: Alomomola\n|move|p2a: Garganacl|Salt Cure|p1a: Alomomola\n|-damage|p1a: Alomomola|81\/100\n|-start|p1a: Alomomola|Salt Cure\n|\n|-damage|p1a: Alomomola|68\/100|[from] Salt Cure\n|upkeep\n|turn|38\n|\n|t:|1700199025\n|move|p2a: Garganacl|Protect|p2a: Garganacl\n|-singleturn|p2a: Garganacl|Protect\n|move|p1a: Alomomola|Scald|p2a: Garganacl\n|-activate|p2a: Garganacl|move: Protect\n|\n|-heal|p1a: Alomomola|100\/100|[from] move: Wish|[wisher] Alomomola\n|-damage|p1a: Alomomola|88\/100|[from] Salt Cure\n|upkeep\n|turn|39\n|\n|t:|1700199047\n|switch|p2a: Alomomola|Alomomola, F|100\/100\n|-activate|p2a: Alomomola|move: Sticky Web\n|-unboost|p2a: Alomomola|spe|1\n|-damage|p2a: Alomomola|88\/100|[from] Stealth Rock\n|move|p1a: Alomomola|Scald|p2a: Alomomola\n|-resisted|p2a: Alomomola\n|-damage|p2a: Alomomola|83\/100\n|\n|-heal|p2a: Alomomola|89\/100|[from] item: Leftovers\n|-damage|p1a: Alomomola|76\/100|[from] Salt Cure\n|upkeep\n|turn|40\n|\n|t:|1700199057\n|move|p1a: Alomomola|Scald|p2a: Alomomola\n|-resisted|p2a: Alomomola\n|-crit|p2a: Alomomola\n|-damage|p2a: Alomomola|81\/100\n|move|p2a: Alomomola|Wish|p2a: Alomomola\n|\n|-heal|p2a: Alomomola|88\/100|[from] item: Leftovers\n|-damage|p1a: Alomomola|63\/100|[from] Salt Cure\n|upkeep\n|turn|41\n|\n|t:|1700199067\n|move|p1a: Alomomola|Flip Turn|p2a: Alomomola\n|-resisted|p2a: Alomomola\n|-damage|p2a: Alomomola|81\/100\n|\n|t:|1700199071\n|switch|p1a: Dragapult|Dragapult, F|100\/100|[from] Flip Turn\n|move|p2a: Alomomola|Flip Turn|p1a: Dragapult\n|-resisted|p1a: Dragapult\n|-crit|p1a: Dragapult\n|-damage|p1a: Dragapult|85\/100\n|\n|t:|1700199084\n|switch|p2a: Garganacl|Garganacl, M, tera:Fairy|32\/100|[from] Flip Turn\n|-activate|p2a: Garganacl|move: Sticky Web\n|-unboost|p2a: Garganacl|spe|1\n|-damage|p2a: Garganacl|20\/100|[from] Stealth Rock\n|\n|-heal|p2a: Garganacl|86\/100|[from] move: Wish|[wisher] Alomomola\n|upkeep\n|turn|42\n|\n|t:|1700199093\n|move|p1a: Dragapult|U-turn|p2a: Garganacl\n|-resisted|p2a: Garganacl\n|-damage|p2a: Garganacl|80\/100\n|\n|t:|1700199101\n|switch|p1a: Alomomola|Alomomola, M, tera:Fairy|96\/100|[from] U-turn\n|move|p2a: Garganacl|Salt Cure|p1a: Alomomola\n|-damage|p1a: Alomomola|87\/100\n|-start|p1a: Alomomola|Salt Cure\n|\n|-damage|p1a: Alomomola|75\/100|[from] Salt Cure\n|upkeep\n|turn|43\n|\n|t:|1700199114\n|switch|p2a: Chesnaught|Chesnaught, F|100\/100\n|-activate|p2a: Chesnaught|move: Sticky Web\n|-unboost|p2a: Chesnaught|spe|1\n|-damage|p2a: Chesnaught|94\/100|[from] Stealth Rock\n|move|p1a: Alomomola|Flip Turn|p2a: Chesnaught\n|-resisted|p2a: Chesnaught\n|-damage|p2a: Chesnaught|90\/100\n|-damage|p1a: Alomomola|58\/100|[from] item: Rocky Helmet|[of] p2a: Chesnaught\n|\n|t:|1700199117\n|switch|p1a: Yanmega|Yanmega, F|100\/100|[from] Flip Turn\n|\n|upkeep\n|turn|44\n|\n|t:|1700199122\n|move|p1a: Yanmega|Air Slash|p2a: Chesnaught\n|-supereffective|p2a: Chesnaught\n|-damage|p2a: Chesnaught|0 fnt\n|faint|p2a: Chesnaught\n|-damage|p1a: Yanmega|91\/100|[from] item: Life Orb\n|\n|-ability|p1a: Yanmega|Speed Boost|boost\n|-boost|p1a: Yanmega|spe|1\n|upkeep\n|\n|t:|1700199134\n|switch|p2a: Slowking|Slowking-Galar, F|100\/100\n|-activate|p2a: Slowking|move: Sticky Web\n|-unboost|p2a: Slowking|spe|1\n|-damage|p2a: Slowking|88\/100|[from] Stealth Rock\n|turn|45\n|\n|t:|1700199142\n|move|p1a: Yanmega|Shadow Ball|p2a: Slowking\n|-supereffective|p2a: Slowking\n|-damage|p2a: Slowking|60\/100\n|-damage|p1a: Yanmega|81\/100|[from] item: Life Orb\n|move|p2a: Slowking|Shadow Ball|p1a: Yanmega\n|-damage|p1a: Yanmega|43\/100\n|-unboost|p1a: Yanmega|spd|1\n|\n|-ability|p1a: Yanmega|Speed Boost|boost\n|-boost|p1a: Yanmega|spe|1\n|upkeep\n|turn|46\n|\n|t:|1700199154\n|switch|p1a: Iron Treads|Iron Treads|100\/100\n|move|p2a: Slowking|Shadow Ball|p1a: Iron Treads\n|-damage|p1a: Iron Treads|76\/100\n|\n|upkeep\n|turn|47\n|\n|t:|1700199164\n|switch|p2a: Alomomola|Alomomola, F|100\/100\n|-activate|p2a: Alomomola|move: Sticky Web\n|-unboost|p2a: Alomomola|spe|1\n|-damage|p2a: Alomomola|88\/100|[from] Stealth Rock\n|move|p1a: Iron Treads|Volt Switch|p2a: Alomomola\n|-supereffective|p2a: Alomomola\n|-damage|p2a: Alomomola|73\/100\n|\n|t:|1700199170\n|-end|p1a: Iron Treads|Quark Drive|[silent]\n|switch|p1a: Vikavolt|Vikavolt, M|88\/100|[from] Volt Switch\n|\n|-heal|p2a: Alomomola|79\/100|[from] item: Leftovers\n|upkeep\n|turn|48\n|\n|t:|1700199178\n|move|p1a: Vikavolt|Volt Switch|p2a: Alomomola\n|-supereffective|p2a: Alomomola\n|-crit|p2a: Alomomola\n|-damage|p2a: Alomomola|10\/100\n|\n|t:|1700199181\n|switch|p1a: Alomomola|Alomomola, M, tera:Fairy|92\/100|[from] Volt Switch\n|move|p2a: Alomomola|Wish|p2a: Alomomola\n|\n|-heal|p2a: Alomomola|16\/100|[from] item: Leftovers\n|upkeep\n|turn|49\n|\n|t:|1700199194\n|move|p2a: Alomomola|Protect|p2a: Alomomola\n|-singleturn|p2a: Alomomola|Protect\n|move|p1a: Alomomola|Scald|p2a: Alomomola\n|-activate|p2a: Alomomola|move: Protect\n|\n|-heal|p2a: Alomomola|66\/100|[from] move: Wish|[wisher] Alomomola\n|-heal|p2a: Alomomola|73\/100|[from] item: Leftovers\n|upkeep\n|turn|50\n|\n|t:|1700199203\n|move|p1a: Alomomola|Scald|p2a: Alomomola\n|-resisted|p2a: Alomomola\n|-damage|p2a: Alomomola|67\/100\n|move|p2a: Alomomola|Wish|p2a: Alomomola\n|\n|-heal|p2a: Alomomola|73\/100|[from] item: Leftovers\n|upkeep\n|turn|51\n|\n|t:|1700199208\n|move|p1a: Alomomola|Scald|p2a: Alomomola\n|-resisted|p2a: Alomomola\n|-damage|p2a: Alomomola|68\/100\n|move|p2a: Alomomola|Flip Turn|p1a: Alomomola\n|-damage|p1a: Alomomola|79\/100\n|-damage|p2a: Alomomola|52\/100|[from] item: Rocky Helmet|[of] p1a: Alomomola\n|\n|t:|1700199218\n|switch|p2a: Ceruledge|Ceruledge, F|100\/100|[from] Flip Turn\n|-activate|p2a: Ceruledge|move: Sticky Web\n|-unboost|p2a: Ceruledge|spe|1\n|-damage|p2a: Ceruledge|76\/100|[from] Stealth Rock\n|\n|-heal|p2a: Ceruledge|100\/100|[from] move: Wish|[wisher] Alomomola\n|upkeep\n|turn|52\n|\n|t:|1700199234\n|move|p2a: Ceruledge|Bitter Blade|p1a: Alomomola\n|-damage|p1a: Alomomola|34\/100\n|-damage|p2a: Ceruledge|84\/100|[from] item: Rocky Helmet|[of] p1a: Alomomola\n|move|p1a: Alomomola|Scald|p2a: Ceruledge\n|-supereffective|p2a: Ceruledge\n|-damage|p2a: Ceruledge|54\/100\n|\n|upkeep\n|turn|53\n|\n|t:|1700199239\n|switch|p1a: Heatran|Heatran, F|100\/100\n|move|p2a: Ceruledge|Bitter Blade|p1a: Heatran\n|-start|p1a: Heatran|ability: Flash Fire\n|\n|upkeep\n|turn|54\n|\n|t:|1700199247\n|switch|p2a: Slowking|Slowking-Galar, F|94\/100\n|-activate|p2a: Slowking|move: Sticky Web\n|-unboost|p2a: Slowking|spe|1\n|-damage|p2a: Slowking|81\/100|[from] Stealth Rock\n|move|p1a: Heatran|Earth Power|p2a: Slowking\n|-supereffective|p2a: Slowking\n|-damage|p2a: Slowking|53\/100\n|\n|upkeep\n|turn|55\n|\n|t:|1700199257\n|switch|p2a: Alomomola|Alomomola, F|85\/100\n|-activate|p2a: Alomomola|move: Sticky Web\n|-unboost|p2a: Alomomola|spe|1\n|-damage|p2a: Alomomola|73\/100|[from] Stealth Rock\n|move|p1a: Heatran|Magma Storm|p2a: Alomomola|[miss]\n|-miss|p1a: Heatran|p2a: Alomomola\n|\n|-heal|p2a: Alomomola|79\/100|[from] item: Leftovers\n|upkeep\n|turn|56\n|\n|t:|1700199266\n|move|p1a: Heatran|Magma Storm|p2a: Alomomola\n|-resisted|p2a: Alomomola\n|-damage|p2a: Alomomola|47\/100\n|-activate|p2a: Alomomola|move: Magma Storm|[of] p1a: Heatran\n|move|p2a: Alomomola|Wish|p2a: Alomomola\n|\n|-heal|p2a: Alomomola|53\/100|[from] item: Leftovers\n|-damage|p2a: Alomomola|41\/100|[from] move: Magma Storm|[partiallytrapped]\n|upkeep\n|turn|57\n|\n|t:|1700199283\n|move|p1a: Heatran|Earth Power|p2a: Alomomola\n|-damage|p2a: Alomomola|16\/100\n|move|p2a: Alomomola|Flip Turn|p1a: Heatran\n|-supereffective|p1a: Heatran\n|-crit|p1a: Heatran\n|-damage|p1a: Heatran|55\/100\n|\n|t:|1700199289\n|switch|p2a: Ceruledge|Ceruledge, F|54\/100|[from] Flip Turn\n|-activate|p2a: Ceruledge|move: Sticky Web\n|-unboost|p2a: Ceruledge|spe|1\n|-damage|p2a: Ceruledge|30\/100|[from] Stealth Rock\n|\n|-heal|p2a: Ceruledge|100\/100|[from] move: Wish|[wisher] Alomomola\n|upkeep\n|turn|58\n|\n|t:|1700199303\n|move|p2a: Ceruledge|Close Combat|p1a: Heatran\n|-supereffective|p1a: Heatran\n|-damage|p1a: Heatran|0 fnt\n|-unboost|p2a: Ceruledge|def|1\n|-unboost|p2a: Ceruledge|spd|1\n|faint|p1a: Heatran\n|\n|upkeep\n|\n|t:|1700199307\n|switch|p1a: Iron Treads|Iron Treads|76\/100\n|turn|59\n|\n|t:|1700199320\n|move|p1a: Iron Treads|Knock Off|p2a: Ceruledge\n|-supereffective|p2a: Ceruledge\n|-damage|p2a: Ceruledge|4\/100\n|-enditem|p2a: Ceruledge|Choice Band|[from] move: Knock Off|[of] p1a: Iron Treads\n|move|p2a: Ceruledge|Close Combat|p1a: Iron Treads\n|-supereffective|p1a: Iron Treads\n|-damage|p1a: Iron Treads|12\/100\n|-unboost|p2a: Ceruledge|def|1\n|-unboost|p2a: Ceruledge|spd|1\n|\n|upkeep\n|turn|60\n|\n|t:|1700199327\n|-end|p1a: Iron Treads|Quark Drive|[silent]\n|switch|p1a: Alomomola|Alomomola, M, tera:Fairy|68\/100\n|move|p2a: Ceruledge|Shadow Sneak|p1a: Alomomola\n|-damage|p1a: Alomomola|53\/100\n|-damage|p2a: Ceruledge|0 fnt|[from] item: Rocky Helmet|[of] p1a: Alomomola\n|faint|p2a: Ceruledge\n|\n|upkeep\n|\n|t:|1700199334\n|switch|p2a: Alomomola|Alomomola, F|49\/100\n|-activate|p2a: Alomomola|move: Sticky Web\n|-unboost|p2a: Alomomola|spe|1\n|-damage|p2a: Alomomola|37\/100|[from] Stealth Rock\n|turn|61\n|\n|t:|1700199338\n|move|p1a: Alomomola|Scald|p2a: Alomomola\n|-resisted|p2a: Alomomola\n|-damage|p2a: Alomomola|32\/100\n|move|p2a: Alomomola|Wish|p2a: Alomomola\n|\n|-heal|p2a: Alomomola|38\/100|[from] item: Leftovers\n|upkeep\n|turn|62\n|\n|t:|1700199345\n|move|p2a: Alomomola|Aqua Jet|p1a: Alomomola\n|-damage|p1a: Alomomola|44\/100\n|-damage|p2a: Alomomola|22\/100|[from] item: Rocky Helmet|[of] p1a: Alomomola\n|move|p1a: Alomomola|Scald|p2a: Alomomola\n|-resisted|p2a: Alomomola\n|-damage|p2a: Alomomola|16\/100\n|\n|-heal|p2a: Alomomola|66\/100|[from] move: Wish|[wisher] Alomomola\n|-heal|p2a: Alomomola|72\/100|[from] item: Leftovers\n|upkeep\n|turn|63\n|\n|t:|1700199357\n|move|p1a: Alomomola|Scald|p2a: Alomomola\n|-resisted|p2a: Alomomola\n|-damage|p2a: Alomomola|68\/100\n|move|p2a: Alomomola|Wish|p2a: Alomomola\n|\n|-heal|p2a: Alomomola|74\/100|[from] item: Leftovers\n|upkeep\n|turn|64\n|c|\u2606Saagii|Np\n|c|\u2606Saagii|burn. Yet how\n|\n|t:|1700199369\n|move|p1a: Alomomola|Scald|p2a: Alomomola\n|-resisted|p2a: Alomomola\n|-damage|p2a: Alomomola|69\/100\n|move|p2a: Alomomola|Flip Turn|p1a: Alomomola\n|-damage|p1a: Alomomola|33\/100\n|-damage|p2a: Alomomola|53\/100|[from] item: Rocky Helmet|[of] p1a: Alomomola\n|\n|t:|1700199378\n|switch|p2a: Hydreigon|Hydreigon, F|85\/100|[from] Flip Turn\n|-damage|p2a: Hydreigon|73\/100|[from] Stealth Rock\n|\n|-heal|p2a: Hydreigon|100\/100|[from] move: Wish|[wisher] Alomomola\n|upkeep\n|turn|65\n|\n|t:|1700199387\n|switch|p1a: Vikavolt|Vikavolt, M|88\/100\n|move|p2a: Hydreigon|Flamethrower|p1a: Vikavolt\n|-supereffective|p1a: Vikavolt\n|-damage|p1a: Vikavolt|0 fnt\n|faint|p1a: Vikavolt\n|\n|upkeep\n|\n|t:|1700199398\n|switch|p1a: Alomomola|Alomomola, M, tera:Fairy|66\/100\n|turn|66\n|\n|t:|1700199411\n|switch|p2a: Slowking|Slowking-Galar, F|87\/100\n|-activate|p2a: Slowking|move: Sticky Web\n|-unboost|p2a: Slowking|spe|1\n|-damage|p2a: Slowking|74\/100|[from] Stealth Rock\n|move|p1a: Alomomola|Wish|p1a: Alomomola\n|\n|upkeep\n|turn|67\n|\n|t:|1700199419\n|move|p1a: Alomomola|Scald|p2a: Slowking\n|-damage|p2a: Slowking|69\/100\n|move|p2a: Slowking|Eerie Spell|p1a: Alomomola\n|-damage|p1a: Alomomola|43\/100\n|-activate|p1a: Alomomola|move: Eerie Spell|Scald|3\n|\n|-heal|p1a: Alomomola|93\/100|[from] move: Wish|[wisher] Alomomola\n|upkeep\n|turn|68\n|\n|t:|1700199431\n|move|p1a: Alomomola|Flip Turn|p2a: Slowking\n|-damage|p2a: Slowking|53\/100\n|\n|t:|1700199433\n|switch|p1a: Dragapult|Dragapult, F|85\/100|[from] Flip Turn\n|move|p2a: Slowking|Shadow Ball|p1a: Dragapult\n|-supereffective|p1a: Dragapult\n|-damage|p1a: Dragapult|27\/100\n|\n|upkeep\n|turn|69\n|\n|t:|1700199446\n|move|p1a: Dragapult|U-turn|p2a: Slowking\n|-damage|p2a: Slowking|30\/100\n|\n|t:|1700199448\n|switch|p1a: Alomomola|Alomomola, M, tera:Fairy|100\/100|[from] U-turn\n|move|p2a: Slowking|Shadow Ball|p1a: Alomomola\n|-damage|p1a: Alomomola|84\/100\n|\n|upkeep\n|turn|70\n|\n|t:|1700199456\n|switch|p2a: Alomomola|Alomomola, F|86\/100\n|-activate|p2a: Alomomola|move: Sticky Web\n|-unboost|p2a: Alomomola|spe|1\n|-damage|p2a: Alomomola|74\/100|[from] Stealth Rock\n|move|p1a: Alomomola|Scald|p2a: Alomomola\n|-resisted|p2a: Alomomola\n|-damage|p2a: Alomomola|69\/100\n|\n|-heal|p2a: Alomomola|75\/100|[from] item: Leftovers\n|upkeep\n|turn|71\n|\n|t:|1700199468\n|move|p1a: Alomomola|Wish|p1a: Alomomola\n|move|p2a: Alomomola|Wish|p2a: Alomomola\n|\n|-heal|p2a: Alomomola|81\/100|[from] item: Leftovers\n|upkeep\n|turn|72\n|c|\u2606Saagii|Bruh my scald is bugged\n|c|\u2606Saagii|no way\n|\n|t:|1700199483\n|move|p1a: Alomomola|Flip Turn|p2a: Alomomola\n|-resisted|p2a: Alomomola\n|-damage|p2a: Alomomola|74\/100\n|\n|t:|1700199485\n|switch|p1a: Dragapult|Dragapult, F|27\/100|[from] Flip Turn\n|move|p2a: Alomomola|Flip Turn|p1a: Dragapult\n|-resisted|p1a: Dragapult\n|-damage|p1a: Dragapult|16\/100\n|c|\u2606ghost10116|I got no idea man xD\n|\n|t:|1700199497\n|switch|p2a: Slowking|Slowking-Galar, F|63\/100|[from] Flip Turn\n|-activate|p2a: Slowking|move: Sticky Web\n|-unboost|p2a: Slowking|spe|1\n|-damage|p2a: Slowking|51\/100|[from] Stealth Rock\n|\n|-heal|p2a: Slowking|100\/100|[from] move: Wish|[wisher] Alomomola\n|-heal|p1a: Dragapult|95\/100|[from] move: Wish|[wisher] Alomomola\n|upkeep\n|turn|73\n|c|\u2606Saagii|Literally not 1 burn w it \ud83d\udc80\n|\n|t:|1700199514\n|move|p1a: Dragapult|U-turn|p2a: Slowking\n|-damage|p2a: Slowking|74\/100\n|\n|t:|1700199515\n|switch|p1a: Alomomola|Alomomola, M, tera:Fairy|100\/100|[from] U-turn\n|move|p2a: Slowking|Sludge Bomb|p1a: Alomomola\n|-supereffective|p1a: Alomomola\n|-damage|p1a: Alomomola|47\/100\n|\n|upkeep\n|turn|74\n|\n|t:|1700199527\n|move|p1a: Alomomola|Flip Turn|p2a: Slowking\n|-damage|p2a: Slowking|57\/100\n|\n|t:|1700199529\n|switch|p1a: Iron Treads|Iron Treads|12\/100|[from] Flip Turn\n|move|p2a: Slowking|Sludge Bomb|p1a: Iron Treads\n|-immune|p1a: Iron Treads\n|\n|upkeep\n|turn|75\n|\n|t:|1700199533\n|move|p1a: Iron Treads|Earthquake|p2a: Slowking\n|-supereffective|p2a: Slowking\n|-crit|p2a: Slowking\n|-damage|p2a: Slowking|0 fnt\n|faint|p2a: Slowking\n|\n|upkeep\n|\n|t:|1700199539\n|switch|p2a: Garganacl|Garganacl, M, tera:Fairy|80\/100\n|-activate|p2a: Garganacl|move: Sticky Web\n|-unboost|p2a: Garganacl|spe|1\n|-damage|p2a: Garganacl|68\/100|[from] Stealth Rock\n|turn|76\n|\n|t:|1700199544\n|move|p1a: Iron Treads|Volt Switch|p2a: Garganacl\n|-damage|p2a: Garganacl|57\/100\n|\n|t:|1700199546\n|-end|p1a: Iron Treads|Quark Drive|[silent]\n|switch|p1a: Alomomola|Alomomola, M, tera:Fairy|80\/100|[from] Volt Switch\n|move|p2a: Garganacl|Salt Cure|p1a: Alomomola\n|-damage|p1a: Alomomola|71\/100\n|-start|p1a: Alomomola|Salt Cure\n|\n|-damage|p1a: Alomomola|58\/100|[from] Salt Cure\n|upkeep\n|turn|77\n|\n|t:|1700199550\n|move|p1a: Alomomola|Wish|p1a: Alomomola\n|move|p2a: Garganacl|Recover|p2a: Garganacl\n|-heal|p2a: Garganacl|100\/100\n|\n|-damage|p1a: Alomomola|46\/100|[from] Salt Cure\n|upkeep\n|turn|78\n|\n|t:|1700199562\n|move|p1a: Alomomola|Flip Turn|p2a: Garganacl\n|-damage|p2a: Garganacl|92\/100\n|\n|t:|1700199564\n|switch|p1a: Iron Treads|Iron Treads|12\/100|[from] Flip Turn\n|move|p2a: Garganacl|Avalanche|p1a: Iron Treads\n|-damage|p1a: Iron Treads|1\/100\n|\n|-heal|p1a: Iron Treads|66\/100|[from] move: Wish|[wisher] Alomomola\n|upkeep\n|turn|79\n|\n|t:|1700199580\n|move|p1a: Iron Treads|Volt Switch|p2a: Garganacl\n|-damage|p2a: Garganacl|81\/100\n|\n|t:|1700199582\n|-end|p1a: Iron Treads|Quark Drive|[silent]\n|switch|p1a: Alomomola|Alomomola, M, tera:Fairy|79\/100|[from] Volt Switch\n|move|p2a: Garganacl|Salt Cure|p1a: Alomomola\n|-damage|p1a: Alomomola|69\/100\n|-start|p1a: Alomomola|Salt Cure\n|\n|-damage|p1a: Alomomola|57\/100|[from] Salt Cure\n|upkeep\n|turn|80\n|\n|t:|1700199590\n|move|p2a: Garganacl|Protect|p2a: Garganacl\n|-singleturn|p2a: Garganacl|Protect\n|move|p1a: Alomomola|Flip Turn|p2a: Garganacl\n|-activate|p2a: Garganacl|move: Protect\n|\n|-damage|p1a: Alomomola|44\/100|[from] Salt Cure\n|upkeep\n|turn|81\n|\n|t:|1700199598\n|move|p1a: Alomomola|Wish|p1a: Alomomola\n|move|p2a: Garganacl|Salt Cure|p1a: Alomomola\n|-damage|p1a: Alomomola|34\/100\n|\n|-damage|p1a: Alomomola|21\/100|[from] Salt Cure\n|upkeep\n|turn|82\n|\n|t:|1700199610\n|switch|p1a: Iron Treads|Iron Treads|66\/100\n|move|p2a: Garganacl|Protect||[still]\n|-fail|p2a: Garganacl\n|\n|-heal|p1a: Iron Treads|100\/100|[from] move: Wish|[wisher] Alomomola\n|upkeep\n|turn|83\n|\n|t:|1700199616\n|move|p1a: Iron Treads|Earthquake|p2a: Garganacl\n|-damage|p2a: Garganacl|61\/100\n|move|p2a: Garganacl|Salt Cure|p1a: Iron Treads\n|-resisted|p1a: Iron Treads\n|-damage|p1a: Iron Treads|98\/100\n|-start|p1a: Iron Treads|Salt Cure\n|\n|-damage|p1a: Iron Treads|73\/100|[from] Salt Cure\n|upkeep\n|turn|84\n|\n|t:|1700199630\n|move|p1a: Iron Treads|Earthquake|p2a: Garganacl\n|-damage|p2a: Garganacl|41\/100\n|move|p2a: Garganacl|Salt Cure|p1a: Iron Treads\n|-resisted|p1a: Iron Treads\n|-damage|p1a: Iron Treads|70\/100\n|\n|-damage|p1a: Iron Treads|46\/100|[from] Salt Cure\n|upkeep\n|turn|85\n|\n|t:|1700199635\n|move|p1a: Iron Treads|Volt Switch|p2a: Garganacl\n|-damage|p2a: Garganacl|31\/100\n|\n|t:|1700199639\n|-end|p1a: Iron Treads|Quark Drive|[silent]\n|switch|p1a: Alomomola|Alomomola, M, tera:Fairy|54\/100|[from] Volt Switch\n|move|p2a: Garganacl|Recover|p2a: Garganacl\n|-heal|p2a: Garganacl|81\/100\n|\n|upkeep\n|turn|86\n|\n|t:|1700199648\n|move|p1a: Alomomola|Flip Turn|p2a: Garganacl\n|-damage|p2a: Garganacl|73\/100\n|\n|t:|1700199652\n|switch|p1a: Iron Treads|Iron Treads|46\/100|[from] Flip Turn\n|move|p2a: Garganacl|Salt Cure|p1a: Iron Treads\n|-resisted|p1a: Iron Treads\n|-damage|p1a: Iron Treads|43\/100\n|-start|p1a: Iron Treads|Salt Cure\n|\n|-damage|p1a: Iron Treads|18\/100|[from] Salt Cure\n|upkeep\n|turn|87\n|\n|t:|1700199662\n|-end|p1a: Iron Treads|Quark Drive|[silent]\n|switch|p1a: Alomomola|Alomomola, M, tera:Fairy|88\/100\n|move|p2a: Garganacl|Protect||[still]\n|-fail|p2a: Garganacl\n|\n|upkeep\n|turn|88\n|\n|t:|1700199673\n|move|p1a: Alomomola|Wish|p1a: Alomomola\n|move|p2a: Garganacl|Salt Cure|p1a: Alomomola\n|-damage|p1a: Alomomola|78\/100\n|-start|p1a: Alomomola|Salt Cure\n|\n|-damage|p1a: Alomomola|66\/100|[from] Salt Cure\n|upkeep\n|turn|89\n|\n|t:|1700199684\n|switch|p1a: Iron Treads|Iron Treads|18\/100\n|move|p2a: Garganacl|Salt Cure|p1a: Iron Treads\n|-resisted|p1a: Iron Treads\n|-damage|p1a: Iron Treads|16\/100\n|-start|p1a: Iron Treads|Salt Cure\n|\n|-heal|p1a: Iron Treads|81\/100|[from] move: Wish|[wisher] Alomomola\n|-damage|p1a: Iron Treads|56\/100|[from] Salt Cure\n|upkeep\n|turn|90\n|\n|t:|1700199695\n|move|p2a: Garganacl|Protect|p2a: Garganacl\n|-singleturn|p2a: Garganacl|Protect\n|move|p1a: Iron Treads|Earthquake|p2a: Garganacl\n|-activate|p2a: Garganacl|move: Protect\n|\n|-damage|p1a: Iron Treads|32\/100|[from] Salt Cure\n|upkeep\n|turn|91\n|\n|t:|1700199700\n|switch|p2a: Hydreigon|Hydreigon, F|100\/100\n|-damage|p2a: Hydreigon|88\/100|[from] Stealth Rock\n|move|p1a: Iron Treads|Volt Switch|p2a: Hydreigon\n|-resisted|p2a: Hydreigon\n|-damage|p2a: Hydreigon|82\/100\n|\n|t:|1700199707\n|-end|p1a: Iron Treads|Quark Drive|[silent]\n|switch|p1a: Dragapult|Dragapult, F|95\/100|[from] Volt Switch\n|\n|upkeep\n|turn|92\n|\n|t:|1700199715\n|move|p1a: Dragapult|U-turn|p2a: Hydreigon\n|-supereffective|p2a: Hydreigon\n|-damage|p2a: Hydreigon|29\/100\n|\n|t:|1700199717\n|switch|p1a: Alomomola|Alomomola, M, tera:Fairy|99\/100|[from] U-turn\n|move|p2a: Hydreigon|Dragon Pulse|p1a: Alomomola\n|-immune|p1a: Alomomola\n|\n|upkeep\n|turn|93\n|\n|t:|1700199725\n|switch|p2a: Alomomola|Alomomola, F|100\/100\n|-activate|p2a: Alomomola|move: Sticky Web\n|-unboost|p2a: Alomomola|spe|1\n|-damage|p2a: Alomomola|88\/100|[from] Stealth Rock\n|move|p1a: Alomomola|Scald|p2a: Alomomola\n|-resisted|p2a: Alomomola\n|-damage|p2a: Alomomola|84\/100\n|-status|p2a: Alomomola|brn\n|\n|-heal|p2a: Alomomola|90\/100 brn|[from] item: Leftovers\n|-damage|p2a: Alomomola|84\/100 brn|[from] brn\n|upkeep\n|turn|94\n|c|\u2606Saagii|FINALLY\n|c|\u2606ghost10116|WE GOT IT BOYS\n|c|\u2606Saagii|HOLY SHIT\n|c|\u2606Saagii|THAT WAS INSANE\n|inactive|Saagii has 120 seconds left.\n|c|\u2606Saagii|Thank u for being s good sport\n|c|\u2606ghost10116|Hey, we've all been on the shit side of RNG. Gotta roll with it ^^\n|inactive|Saagii has 90 seconds left.\n|\n|t:|1700199787\n|move|p1a: Alomomola|Wish|p1a: Alomomola\n|move|p2a: Alomomola|Wish|p2a: Alomomola\n|\n|-heal|p2a: Alomomola|90\/100 brn|[from] item: Leftovers\n|-damage|p2a: Alomomola|84\/100 brn|[from] brn\n|upkeep\n|turn|95\n|inactive|Saagii has 90 seconds left.\n|\n|t:|1700199797\n|move|p1a: Alomomola|Flip Turn|p2a: Alomomola\n|-resisted|p2a: Alomomola\n|-damage|p2a: Alomomola|77\/100 brn\n|\n|t:|1700199798\n|switch|p1a: Yanmega|Yanmega, F|43\/100|[from] Flip Turn\n|move|p2a: Alomomola|Flip Turn|p1a: Yanmega\n|-damage|p1a: Yanmega|33\/100\n|\n|t:|1700199809\n|switch|p2a: Hydreigon|Hydreigon, F|29\/100|[from] Flip Turn\n|-damage|p2a: Hydreigon|17\/100|[from] Stealth Rock\n|\n|-heal|p2a: Hydreigon|99\/100|[from] move: Wish|[wisher] Alomomola\n|-heal|p1a: Yanmega|100\/100|[from] move: Wish|[wisher] Alomomola\n|upkeep\n|turn|96\n|\n|t:|1700199816\n|switch|p1a: Alomomola|Alomomola, M, tera:Fairy|100\/100\n|move|p2a: Hydreigon|Earth Power|p1a: Alomomola\n|-damage|p1a: Alomomola|66\/100\n|\n|upkeep\n|turn|97\n|\n|t:|1700199826\n|move|p2a: Hydreigon|Earth Power|p1a: Alomomola\n|-damage|p1a: Alomomola|31\/100\n|move|p1a: Alomomola|Flip Turn|p2a: Hydreigon\n|-resisted|p2a: Hydreigon\n|-damage|p2a: Hydreigon|90\/100\n|\n|t:|1700199828\n|switch|p1a: Yanmega|Yanmega, F|100\/100|[from] Flip Turn\n|\n|upkeep\n|turn|98\n|\n|t:|1700199837\n|switch|p2a: Alomomola|Alomomola, F|100\/100 brn\n|-activate|p2a: Alomomola|move: Sticky Web\n|-unboost|p2a: Alomomola|spe|1\n|-damage|p2a: Alomomola|88\/100 brn|[from] Stealth Rock\n|move|p1a: Yanmega|Bug Buzz|p2a: Alomomola\n|-crit|p2a: Alomomola\n|-damage|p2a: Alomomola|21\/100 brn\n|-damage|p1a: Yanmega|91\/100|[from] item: Life Orb\n|\n|-heal|p2a: Alomomola|27\/100 brn|[from] item: Leftovers\n|-damage|p2a: Alomomola|21\/100 brn|[from] brn\n|-ability|p1a: Yanmega|Speed Boost|boost\n|-boost|p1a: Yanmega|spe|1\n|upkeep\n|turn|99\n|\n|t:|1700199860\n|move|p2a: Alomomola|Aqua Jet|p1a: Yanmega\n|-damage|p1a: Yanmega|84\/100\n|move|p1a: Yanmega|Giga Drain|p2a: Alomomola\n|-supereffective|p2a: Alomomola\n|-damage|p2a: Alomomola|0 fnt\n|-heal|p1a: Yanmega|100\/100|[from] drain|[of] p2a: Alomomola\n|faint|p2a: Alomomola\n|-damage|p1a: Yanmega|91\/100|[from] item: Life Orb\n|\n|-ability|p1a: Yanmega|Speed Boost|boost\n|-boost|p1a: Yanmega|spe|1\n|upkeep\n|\n|t:|1700199863\n|switch|p2a: Hydreigon|Hydreigon, F|90\/100\n|-damage|p2a: Hydreigon|77\/100|[from] Stealth Rock\n|turn|100\n|\n|t:|1700199867\n|move|p1a: Yanmega|Bug Buzz|p2a: Hydreigon\n|-supereffective|p2a: Hydreigon\n|-damage|p2a: Hydreigon|0 fnt\n|faint|p2a: Hydreigon\n|-damage|p1a: Yanmega|81\/100|[from] item: Life Orb\n|\n|-ability|p1a: Yanmega|Speed Boost|boost\n|-boost|p1a: Yanmega|spe|1\n|upkeep\n|\n|t:|1700199870\n|switch|p2a: Garganacl|Garganacl, M, tera:Fairy|73\/100\n|-activate|p2a: Garganacl|move: Sticky Web\n|-unboost|p2a: Garganacl|spe|1\n|-damage|p2a: Garganacl|60\/100|[from] Stealth Rock\n|turn|101\n|c|\u2606ghost10116|Ggs ^^ That was fun\n|\n|t:|1700199877\n|switch|p1a: Alomomola|Alomomola, M, tera:Fairy|64\/100\n|move|p2a: Garganacl|Salt Cure|p1a: Alomomola\n|-damage|p1a: Alomomola|55\/100\n|-start|p1a: Alomomola|Salt Cure\n|\n|-damage|p1a: Alomomola|43\/100|[from] Salt Cure\n|upkeep\n|turn|102\n|\n|t:|1700199890\n|move|p1a: Alomomola|Wish|p1a: Alomomola\n|move|p2a: Garganacl|Avalanche|p1a: Alomomola\n|-damage|p1a: Alomomola|34\/100\n|-damage|p2a: Garganacl|44\/100|[from] item: Rocky Helmet|[of] p1a: Alomomola\n|\n|-damage|p1a: Alomomola|21\/100|[from] Salt Cure\n|upkeep\n|turn|103\n|\n|t:|1700199900\n|switch|p1a: Iron Treads|Iron Treads|32\/100\n|move|p2a: Garganacl|Recover|p2a: Garganacl\n|-heal|p2a: Garganacl|94\/100\n|\n|-heal|p1a: Iron Treads|97\/100|[from] move: Wish|[wisher] Alomomola\n|upkeep\n|turn|104\n|c|\u2606Saagii|Gg !! Was a v good game :3\n|inactive|Saagii has 120 seconds left.\n|\n|t:|1700199917\n|move|p1a: Iron Treads|Earthquake|p2a: Garganacl\n|-crit|p2a: Garganacl\n|-damage|p2a: Garganacl|65\/100\n|move|p2a: Garganacl|Avalanche|p1a: Iron Treads\n|-damage|p1a: Iron Treads|77\/100\n|\n|upkeep\n|turn|105\n|\n|t:|1700199928\n|move|p1a: Iron Treads|Earthquake|p2a: Garganacl\n|-damage|p2a: Garganacl|45\/100\n|move|p2a: Garganacl|Avalanche|p1a: Iron Treads\n|-damage|p1a: Iron Treads|55\/100\n|\n|upkeep\n|turn|106\n|c|\u2606ghost10116|Hell yes! =D\n|inactive|Saagii has 120 seconds left.\n|\n|t:|1700199936\n|move|p1a: Iron Treads|Earthquake|p2a: Garganacl\n|-damage|p2a: Garganacl|25\/100\n|move|p2a: Garganacl|Avalanche|p1a: Iron Treads\n|-damage|p1a: Iron Treads|34\/100\n|\n|upkeep\n|turn|107\n|\n|t:|1700199940\n|move|p1a: Iron Treads|Earthquake|p2a: Garganacl\n|-damage|p2a: Garganacl|5\/100\n|move|p2a: Garganacl|Avalanche|p1a: Iron Treads\n|-damage|p1a: Iron Treads|14\/100\n|\n|upkeep\n|turn|108\n|\n|t:|1700199948\n|move|p1a: Iron Treads|Earthquake|p2a: Garganacl\n|-damage|p2a: Garganacl|0 fnt\n|faint|p2a: Garganacl\n|\n|win|Saagii\n|raw|Saagii's rating: 1352 &rarr; <strong>1370<\/strong><br \/>(+18 for winning)\n|raw|ghost10116's rating: 1323 &rarr; <strong>1305<\/strong><br \/>(-18 for losing)\n|c|\u2606Saagii|Hope u have some great matches in the future :3\n|c|\u2606Saagii|hope to encounter u again :3\n|c|\u2606ghost10116|Thanks man, you too ^^\n|c|\u2606ghost10116|Take care of yourself\n|c|\u2606Saagii|U as well !!\n|c|\u2606ghost10116|And hopefully we'll play again soon =)\n","uploadtime":1700199975,"views":19,"p1id":"saagii","p2id":"ghost10116","formatid":"gen9ou","rating":1305,"private":0,"password":""}