{"id":"gen9ou-1992046218","p1":"nebulachan","p2":"trucizna","format":"[Gen 9] OU","log":"|j|\u2606nebulachan\n|j|\u2606trucizna\n|t:|1700150557\n|gametype|singles\n|player|p1|nebulachan|acetrainerf-gen1|1132\n|player|p2|trucizna|koga|1040\n|teamsize|p1|6\n|teamsize|p2|6\n|gen|9\n|tier|[Gen 9] OU\n|rated|\n|rule|Sleep Clause Mod: Limit one foe put to sleep\n|rule|Species Clause: Limit one of each Pok\u00e9mon\n|rule|OHKO Clause: OHKO moves are banned\n|rule|Evasion Items Clause: Evasion items are banned\n|rule|Evasion Moves Clause: Evasion moves are banned\n|rule|Endless Battle Clause: Forcing endless battles is banned\n|rule|HP Percentage Mod: HP is shown in percentages\n|clearpoke\n|poke|p1|Iron Jugulis|\n|poke|p1|Ogerpon-Wellspring, F|\n|poke|p1|Tinkaton, F|\n|poke|p1|Iron Moth|\n|poke|p1|Great Tusk|\n|poke|p1|Dragapult, F|\n|poke|p2|Garchomp, F|\n|poke|p2|Weezing, M|\n|poke|p2|Raichu-Alola, F|\n|poke|p2|Great Tusk|\n|poke|p2|Dragapult, M|\n|poke|p2|Torterra, F|\n|teampreview\n|\n|t:|1700150564\n|start\n|switch|p1a: ahh! a ghost!|Dragapult, F|100\/100\n|switch|p2a: Garchomp|Garchomp, F|100\/100\n|turn|1\n|\n|t:|1700150572\n|move|p1a: ahh! a ghost!|Draco Meteor|p2a: Garchomp\n|-supereffective|p2a: Garchomp\n|-damage|p2a: Garchomp|0 fnt\n|-unboost|p1a: ahh! a ghost!|spa|2\n|faint|p2a: Garchomp\n|\n|upkeep\n|\n|t:|1700150585\n|switch|p2a: Dragapult|Dragapult, M|100\/100\n|turn|2\n|\n|t:|1700150593\n|switch|p1a: twinknation|Tinkaton, F|100\/100\n|-item|p1a: twinknation|Air Balloon\n|move|p2a: Dragapult|Dragon Darts|p1a: twinknation\n|-immune|p1a: twinknation\n|\n|upkeep\n|turn|3\n|\n|t:|1700150602\n|move|p2a: Dragapult|U-turn|p1a: twinknation\n|-resisted|p1a: twinknation\n|-damage|p1a: twinknation|94\/100\n|-enditem|p1a: twinknation|Air Balloon\n|-enditem|p2a: Dragapult|Leftovers|[silent]|[from] ability: Pickpocket|[of] p2a: Dragapult\n|-item|p1a: twinknation|Leftovers|[from] ability: Pickpocket|[of] p2a: Dragapult\n|\n|t:|1700150615\n|switch|p2a: Raichu|Raichu-Alola, F|100\/100|[from] U-turn\n|move|p1a: twinknation|Thunder Wave|p2a: Raichu\n|-immune|p2a: Raichu\n|\n|-heal|p1a: twinknation|99\/100|[from] item: Leftovers\n|upkeep\n|turn|4\n|inactive|Battle timer is ON: inactive players will automatically lose when time's up. (requested by trucizna)\n|inactiveoff|Battle timer is now OFF.\n|\n|t:|1700150690\n|move|p2a: Raichu|Volt Switch|p1a: twinknation\n|-damage|p1a: twinknation|61\/100\n|\n|t:|1700150694\n|switch|p2a: Weezing|Weezing, M|100\/100|[from] Volt Switch\n|move|p1a: twinknation|Stealth Rock|p2a: Weezing\n|-sidestart|p2: trucizna|move: Stealth Rock\n|\n|-heal|p1a: twinknation|68\/100|[from] item: Leftovers\n|upkeep\n|turn|5\n|\n|t:|1700150704\n|move|p1a: twinknation|Thunder Wave|p2a: Weezing\n|-status|p2a: Weezing|par\n|move|p2a: Weezing|Gunk Shot|p1a: twinknation\n|-immune|p1a: twinknation\n|\n|-heal|p1a: twinknation|74\/100|[from] item: Leftovers\n|upkeep\n|turn|6\n|\n|t:|1700150715\n|move|p1a: twinknation|Encore|p2a: Weezing\n|-start|p2a: Weezing|Encore\n|move|p2a: Weezing|Gunk Shot|p1a: twinknation\n|-immune|p1a: twinknation\n|\n|-heal|p1a: twinknation|80\/100|[from] item: Leftovers\n|upkeep\n|turn|7\n|\n|t:|1700150743\n|switch|p2a: Raichu|Raichu-Alola, F|100\/100\n|-damage|p2a: Raichu|88\/100|[from] Stealth Rock\n|move|p1a: twinknation|Play Rough|p2a: Raichu\n|-damage|p2a: Raichu|37\/100\n|\n|-heal|p1a: twinknation|86\/100|[from] item: Leftovers\n|upkeep\n|turn|8\n|\n|t:|1700150756\n|move|p2a: Raichu|Volt Switch|p1a: twinknation\n|-damage|p1a: twinknation|47\/100\n|\n|t:|1700150763\n|switch|p2a: Weezing|Weezing, M|100\/100 par|[from] Volt Switch\n|-damage|p2a: Weezing|88\/100 par|[from] Stealth Rock\n|move|p1a: twinknation|Play Rough|p2a: Weezing\n|-resisted|p2a: Weezing\n|-damage|p2a: Weezing|80\/100 par\n|\n|-heal|p1a: twinknation|54\/100|[from] item: Leftovers\n|-heal|p2a: Weezing|86\/100 par|[from] item: Leftovers\n|upkeep\n|turn|9\n|\n|t:|1700150780\n|switch|p1a: chi yu|Iron Moth|100\/100\n|-enditem|p1a: chi yu|Booster Energy\n|-activate|p1a: chi yu|ability: Quark Drive|[fromitem]\n|-start|p1a: chi yu|quarkdrivespe\n|cant|p2a: Weezing|par\n|\n|-heal|p2a: Weezing|92\/100 par|[from] item: Leftovers\n|upkeep\n|turn|10\n|\n|t:|1700150791\n|move|p1a: chi yu|Fiery Dance|p2a: Weezing\n|-damage|p2a: Weezing|30\/100 par\n|cant|p2a: Weezing|par\n|\n|-heal|p2a: Weezing|36\/100 par|[from] item: Leftovers\n|upkeep\n|turn|11\n|\n|t:|1700150799\n|move|p1a: chi yu|Fiery Dance|p2a: Weezing\n|-damage|p2a: Weezing|0 fnt\n|faint|p2a: Weezing\n|\n|upkeep\n|\n|t:|1700150809\n|switch|p2a: Great Tusk|Great Tusk|100\/100\n|-damage|p2a: Great Tusk|98\/100|[from] Stealth Rock\n|turn|12\n|\n|t:|1700150816\n|-terastallize|p1a: chi yu|Fairy\n|move|p1a: chi yu|Psychic|p2a: Great Tusk\n|-supereffective|p2a: Great Tusk\n|-damage|p2a: Great Tusk|2\/100\n|move|p2a: Great Tusk|Bulk Up|p2a: Great Tusk\n|-boost|p2a: Great Tusk|atk|1\n|-boost|p2a: Great Tusk|def|1\n|\n|-heal|p2a: Great Tusk|9\/100|[from] item: Leftovers\n|upkeep\n|turn|13\n|\n|t:|1700150834\n|move|p1a: chi yu|Psychic|p2a: Great Tusk\n|-supereffective|p2a: Great Tusk\n|-damage|p2a: Great Tusk|0 fnt\n|faint|p2a: Great Tusk\n|-end|p2a: Great Tusk|Protosynthesis|[silent]\n|\n|upkeep\n|\n|t:|1700150845\n|switch|p2a: Raichu|Raichu-Alola, F|37\/100\n|-damage|p2a: Raichu|24\/100|[from] Stealth Rock\n|turn|14\n|\n|t:|1700150851\n|move|p1a: chi yu|Dazzling Gleam|p2a: Raichu\n|-damage|p2a: Raichu|0 fnt\n|faint|p2a: Raichu\n|\n|upkeep\n|\n|t:|1700150855\n|switch|p2a: Torterra|Torterra, F|100\/100\n|-damage|p2a: Torterra|94\/100|[from] Stealth Rock\n|turn|15\n|\n|t:|1700150870\n|move|p1a: chi yu|Fiery Dance|p2a: Torterra\n|-supereffective|p2a: Torterra\n|-damage|p2a: Torterra|0 fnt\n|faint|p2a: Torterra\n|\n|upkeep\n|\n|t:|1700150877\n|switch|p2a: Dragapult|Dragapult, M|100\/100\n|-damage|p2a: Dragapult|88\/100|[from] Stealth Rock\n|turn|16\n|\n|t:|1700150885\n|move|p1a: chi yu|Dazzling Gleam|p2a: Dragapult\n|-supereffective|p2a: Dragapult\n|-damage|p2a: Dragapult|0 fnt\n|faint|p2a: Dragapult\n|\n|win|nebulachan\n|raw|nebulachan's rating: 1132 &rarr; <strong>1151<\/strong><br \/>(+19 for winning)\n|raw|trucizna's rating: 1040 &rarr; <strong>1028<\/strong><br \/>(-12 for losing)\n|l|\u2606trucizna\n","uploadtime":1700150893,"views":18,"p1id":"nebulachan","p2id":"trucizna","formatid":"gen9ou","rating":1028,"private":0,"password":""}