{"id":"gen9ou-1991107380","p1":"Snailtiger","p2":"Hop On The Move","format":"[Gen 9] OU","log":"|j|\u2606Snailtiger\n|j|\u2606Hop On The Move\n|t:|1700044020\n|gametype|singles\n|player|p1|Snailtiger|hilda|1496\n|player|p2|Hop On The Move|valerie|1542\n|teamsize|p1|6\n|teamsize|p2|6\n|gen|9\n|tier|[Gen 9] OU\n|rated|\n|rule|Sleep Clause Mod: Limit one foe put to sleep\n|rule|Species Clause: Limit one of each Pok\u00e9mon\n|rule|OHKO Clause: OHKO moves are banned\n|rule|Evasion Items Clause: Evasion items are banned\n|rule|Evasion Moves Clause: Evasion moves are banned\n|rule|Endless Battle Clause: Forcing endless battles is banned\n|rule|HP Percentage Mod: HP is shown in percentages\n|clearpoke\n|poke|p1|Jirachi|\n|poke|p1|Torkoal, M|\n|poke|p1|Walking Wake|\n|poke|p1|Great Tusk|\n|poke|p1|Zapdos|\n|poke|p1|Samurott-Hisui, F|\n|poke|p2|Ceruledge, F|\n|poke|p2|Alomomola, F|\n|poke|p2|Tornadus-Therian, M|\n|poke|p2|Ting-Lu|\n|poke|p2|Weezing-Galar, M|\n|poke|p2|Scizor, M|\n|teampreview\n|inactive|Battle timer is ON: inactive players will automatically lose when time's up. (requested by Snailtiger)\n|inactive|Snailtiger has 120 seconds left.\n|\n|t:|1700044051\n|start\n|switch|p1a: Mr. Satan|Jirachi|100\/100\n|switch|p2a: Tornadus|Tornadus-Therian, M|100\/100\n|turn|1\n|\n|t:|1700044056\n|move|p1a: Mr. Satan|Ice Punch|p2a: Tornadus\n|-supereffective|p2a: Tornadus\n|-damage|p2a: Tornadus|34\/100\n|move|p2a: Tornadus|Heat Wave|p1a: Mr. Satan\n|-supereffective|p1a: Mr. Satan\n|-damage|p1a: Mr. Satan|22\/100\n|-damage|p2a: Tornadus|24\/100|[from] item: Life Orb\n|\n|upkeep\n|turn|2\n|\n|t:|1700044063\n|switch|p2a: Scizor|Scizor, M|100\/100\n|move|p1a: Mr. Satan|Ice Punch|p2a: Scizor\n|-resisted|p2a: Scizor\n|-damage|p2a: Scizor|89\/100\n|\n|upkeep\n|turn|3\n|\n|t:|1700044072\n|switch|p1a: Torkoal|Torkoal, M|100\/100\n|-weather|SunnyDay|[from] ability: Drought|[of] p1a: Torkoal\n|switch|p2a: Alomomola|Alomomola, F|100\/100\n|\n|-weather|SunnyDay|[upkeep]\n|upkeep\n|turn|4\n|\n|t:|1700044084\n|move|p2a: Alomomola|Flip Turn|p1a: Torkoal\n|-supereffective|p1a: Torkoal\n|-damage|p1a: Torkoal|92\/100\n|\n|t:|1700044089\n|switch|p2a: Weezing|Weezing-Galar, M|100\/100|[from] Flip Turn\n|move|p1a: Torkoal|Stealth Rock|p2a: Weezing\n|-sidestart|p2: Hop On The Move|move: Stealth Rock\n|\n|-weather|SunnyDay|[upkeep]\n|upkeep\n|turn|5\n|\n|t:|1700044103\n|switch|p1a: Mr. Satan|Jirachi|22\/100\n|move|p2a: Weezing|Defog|p1a: Mr. Satan\n|-unboost|p1a: Mr. Satan|evasion|1\n|-sideend|p2: Hop On The Move|Stealth Rock|[from] move: Defog|[of] p2a: Weezing\n|\n|-weather|SunnyDay|[upkeep]\n|upkeep\n|turn|6\n|\n|t:|1700044122\n|switch|p2a: Alomomola|Alomomola, F|100\/100\n|move|p1a: Mr. Satan|U-turn|p2a: Alomomola\n|-crit|p2a: Alomomola\n|-damage|p2a: Alomomola|81\/100\n|-damage|p1a: Mr. Satan|5\/100|[from] item: Rocky Helmet|[of] p2a: Alomomola\n|\n|t:|1700044130\n|switch|p1a: Walking Wake|Walking Wake|100\/100|[from] U-turn\n|-activate|p1a: Walking Wake|ability: Protosynthesis\n|-start|p1a: Walking Wake|protosynthesisspe\n|\n|-weather|SunnyDay|[upkeep]\n|upkeep\n|turn|7\n|\n|t:|1700044140\n|move|p2a: Alomomola|Protect|p2a: Alomomola\n|-singleturn|p2a: Alomomola|Protect\n|move|p1a: Walking Wake|Hydro Steam|p2a: Alomomola\n|-activate|p2a: Alomomola|move: Protect\n|\n|-weather|SunnyDay|[upkeep]\n|upkeep\n|turn|8\n|\n|t:|1700044150\n|move|p1a: Walking Wake|Hydro Steam|p2a: Alomomola\n|-resisted|p2a: Alomomola\n|-damage|p2a: Alomomola|34\/100\n|move|p2a: Alomomola|Flip Turn|p1a: Walking Wake\n|-resisted|p1a: Walking Wake\n|-damage|p1a: Walking Wake|98\/100\n|\n|t:|1700044160\n|switch|p2a: Ceruledge|Ceruledge, F|100\/100|[from] Flip Turn\n|\n|-weather|SunnyDay|[upkeep]\n|upkeep\n|turn|9\n|\n|t:|1700044187\n|move|p1a: Walking Wake|Hydro Steam|p2a: Ceruledge\n|-supereffective|p2a: Ceruledge\n|-enditem|p2a: Ceruledge|Focus Sash\n|-damage|p2a: Ceruledge|1\/100\n|move|p2a: Ceruledge|Poltergeist|p1a: Walking Wake\n|-activate|p1a: Walking Wake|move: Poltergeist|Choice Specs\n|-damage|p1a: Walking Wake|42\/100\n|\n|-weather|SunnyDay|[upkeep]\n|upkeep\n|turn|10\n|inactive|Hop On The Move has 120 seconds left.\n|\n|t:|1700044219\n|move|p2a: Ceruledge|Shadow Sneak|p1a: Walking Wake\n|-damage|p1a: Walking Wake|20\/100\n|move|p1a: Walking Wake|Hydro Steam|p2a: Ceruledge\n|-supereffective|p2a: Ceruledge\n|-damage|p2a: Ceruledge|0 fnt\n|faint|p2a: Ceruledge\n|\n|-weather|none\n|-end|p1a: Walking Wake|Protosynthesis\n|upkeep\n|inactive|Hop On The Move has 120 seconds left.\n|\n|t:|1700044226\n|switch|p2a: Tornadus|Tornadus-Therian, M|57\/100\n|turn|11\n|inactive|Snailtiger has 120 seconds left.\n|\n|t:|1700044257\n|-end|p1a: Walking Wake|Protosynthesis|[silent]\n|switch|p1a: Zapdos|Zapdos|100\/100\n|move|p2a: Tornadus|U-turn|p1a: Zapdos\n|-resisted|p1a: Zapdos\n|-damage|p1a: Zapdos|91\/100\n|-damage|p2a: Tornadus|47\/100|[from] item: Life Orb\n|inactive|Hop On The Move has 120 seconds left.\n|\n|t:|1700044277\n|switch|p2a: Weezing|Weezing-Galar, M|100\/100|[from] U-turn\n|\n|-heal|p1a: Zapdos|97\/100|[from] item: Leftovers\n|upkeep\n|turn|12\n|\n|t:|1700044283\n|move|p1a: Zapdos|Volt Switch|p2a: Weezing\n|-damage|p2a: Weezing|59\/100\n|\n|t:|1700044288\n|switch|p1a: Mr. Satan|Jirachi|5\/100|[from] Volt Switch\n|move|p2a: Weezing|Toxic|p1a: Mr. Satan\n|-immune|p1a: Mr. Satan\n|\n|-heal|p2a: Weezing|65\/100|[from] item: Black Sludge\n|upkeep\n|turn|13\n|\n|t:|1700044292\n|switch|p2a: Alomomola|Alomomola, F|68\/100\n|move|p1a: Mr. Satan|Trick|p2a: Alomomola\n|-activate|p1a: Mr. Satan|move: Trick|[of] p2a: Alomomola\n|-item|p2a: Alomomola|Choice Scarf|[from] move: Trick\n|-item|p1a: Mr. Satan|Rocky Helmet|[from] move: Trick\n|\n|upkeep\n|turn|14\n|\n|t:|1700044298\n|move|p1a: Mr. Satan|U-turn|p2a: Alomomola\n|-damage|p2a: Alomomola|55\/100\n|\n|t:|1700044303\n|switch|p1a: Zapdos|Zapdos|97\/100|[from] U-turn\n|move|p2a: Alomomola|Flip Turn|p1a: Zapdos\n|-damage|p1a: Zapdos|80\/100\n|-status|p2a: Alomomola|par|[from] ability: Static|[of] p1a: Zapdos\n|\n|t:|1700044309\n|switch|p2a: Ting-Lu|Ting-Lu|100\/100|[from] Flip Turn\n|-ability|p2a: Ting-Lu|Vessel of Ruin\n|\n|-heal|p1a: Zapdos|86\/100|[from] item: Leftovers\n|upkeep\n|turn|15\n|\n|t:|1700044331\n|switch|p1a: Walking Wake|Walking Wake|20\/100\n|move|p2a: Ting-Lu|Ruination|p1a: Walking Wake\n|-damage|p1a: Walking Wake|10\/100\n|\n|upkeep\n|turn|16\n|\n|t:|1700044344\n|move|p1a: Walking Wake|Hydro Steam|p2a: Ting-Lu\n|-supereffective|p2a: Ting-Lu\n|-damage|p2a: Ting-Lu|53\/100\n|move|p2a: Ting-Lu|Earthquake|p1a: Walking Wake\n|-damage|p1a: Walking Wake|0 fnt\n|faint|p1a: Walking Wake\n|-end|p1a: Walking Wake|Protosynthesis|[silent]\n|\n|-heal|p2a: Ting-Lu|60\/100|[from] item: Leftovers\n|upkeep\n|\n|t:|1700044353\n|switch|p1a: Samurott|Samurott-Hisui, F|100\/100\n|turn|17\n|\n|t:|1700044372\n|switch|p2a: Alomomola|Alomomola, F|89\/100 par\n|move|p1a: Samurott|Ceaseless Edge|p2a: Alomomola\n|-damage|p2a: Alomomola|62\/100 par\n|-sidestart|p2: Hop On The Move|Spikes\n|\n|upkeep\n|turn|18\n|\n|t:|1700044380\n|move|p1a: Samurott|Ceaseless Edge|p2a: Alomomola\n|-damage|p2a: Alomomola|33\/100 par\n|-sidestart|p2: Hop On The Move|Spikes\n|cant|p2a: Alomomola|par\n|\n|upkeep\n|turn|19\n|\n|t:|1700044390\n|move|p1a: Samurott|Ceaseless Edge|p2a: Alomomola\n|-damage|p2a: Alomomola|7\/100 par\n|-sidestart|p2: Hop On The Move|Spikes\n|cant|p2a: Alomomola|par\n|\n|upkeep\n|turn|20\n|\n|t:|1700044402\n|switch|p2a: Weezing|Weezing-Galar, M|65\/100\n|move|p1a: Samurott|Aqua Cutter|p2a: Weezing\n|-damage|p2a: Weezing|32\/100\n|\n|-heal|p2a: Weezing|38\/100|[from] item: Black Sludge\n|upkeep\n|turn|21\n|\n|t:|1700044418\n|move|p1a: Samurott|Aqua Cutter|p2a: Weezing\n|-damage|p2a: Weezing|3\/100\n|move|p2a: Weezing|Defog|p1a: Samurott\n|-unboost|p1a: Samurott|evasion|1\n|-sideend|p2: Hop On The Move|Spikes|[from] move: Defog|[of] p2a: Weezing\n|\n|-heal|p2a: Weezing|9\/100|[from] item: Black Sludge\n|upkeep\n|turn|22\n|\n|t:|1700044425\n|move|p1a: Samurott|Ceaseless Edge|p2a: Weezing\n|-resisted|p2a: Weezing\n|-damage|p2a: Weezing|0 fnt\n|-sidestart|p2: Hop On The Move|Spikes\n|faint|p2a: Weezing\n|\n|upkeep\n|\n|t:|1700044429\n|switch|p2a: Scizor|Scizor, M|89\/100\n|-damage|p2a: Scizor|77\/100|[from] Spikes\n|turn|23\n|inactive|Snailtiger has 120 seconds left.\n|\n|t:|1700044465\n|move|p1a: Samurott|Ceaseless Edge|p2a: Scizor\n|-damage|p2a: Scizor|30\/100\n|-sidestart|p2: Hop On The Move|Spikes\n|move|p2a: Scizor|U-turn|p1a: Samurott\n|-supereffective|p1a: Samurott\n|-enditem|p1a: Samurott|Focus Sash\n|-damage|p1a: Samurott|1\/100\n|\n|t:|1700044483\n|switch|p2a: Tornadus|Tornadus-Therian, M|80\/100|[from] U-turn\n|\n|upkeep\n|turn|24\n|inactive|Snailtiger has 120 seconds left.\n|\n|t:|1700044494\n|move|p2a: Tornadus|U-turn|p1a: Samurott\n|-supereffective|p1a: Samurott\n|-damage|p1a: Samurott|0 fnt\n|faint|p1a: Samurott\n|-damage|p2a: Tornadus|71\/100|[from] item: Life Orb\n|\n|t:|1700044505\n|switch|p2a: Scizor|Scizor, M|30\/100|[from] U-turn\n|-damage|p2a: Scizor|13\/100|[from] Spikes\n|\n|upkeep\n|inactive|Snailtiger has 120 seconds left.\n|\n|t:|1700044541\n|switch|p1a: Mr. Satan|Jirachi|5\/100\n|turn|25\n|\n|t:|1700044560\n|move|p2a: Scizor|Bullet Punch|p1a: Mr. Satan\n|-resisted|p1a: Mr. Satan\n|-damage|p1a: Mr. Satan|0 fnt\n|-damage|p2a: Scizor|0 fnt|[from] item: Rocky Helmet|[of] p1a: Mr. Satan\n|faint|p1a: Mr. Satan\n|faint|p2a: Scizor\n|\n|upkeep\n|\n|t:|1700044572\n|switch|p1a: Torkoal|Torkoal, M|92\/100\n|switch|p2a: Ting-Lu|Ting-Lu|60\/100\n|-damage|p2a: Ting-Lu|43\/100|[from] Spikes\n|-ability|p2a: Ting-Lu|Vessel of Ruin\n|-weather|SunnyDay|[from] ability: Drought|[of] p1a: Torkoal\n|turn|26\n|inactive|Hop On The Move has 120 seconds left.\n|\n|t:|1700044612\n|move|p2a: Ting-Lu|Earthquake|p1a: Torkoal\n|-supereffective|p1a: Torkoal\n|-damage|p1a: Torkoal|50\/100\n|move|p1a: Torkoal|Yawn|p2a: Ting-Lu\n|-start|p2a: Ting-Lu|move: Yawn|[of] p1a: Torkoal\n|\n|-weather|SunnyDay|[upkeep]\n|-heal|p2a: Ting-Lu|49\/100|[from] item: Leftovers\n|upkeep\n|turn|27\n|inactive|Hop On The Move has 120 seconds left.\n|\n|t:|1700044617\n|switch|p2a: Alomomola|Alomomola, F|40\/100 par\n|-damage|p2a: Alomomola|24\/100 par|[from] Spikes\n|move|p1a: Torkoal|Stealth Rock|p2a: Alomomola\n|-sidestart|p2: Hop On The Move|move: Stealth Rock\n|\n|-weather|SunnyDay|[upkeep]\n|upkeep\n|turn|28\n|\n|t:|1700044627\n|move|p2a: Alomomola|Wish|p2a: Alomomola\n|move|p1a: Torkoal|Overheat|p2a: Alomomola\n|-resisted|p2a: Alomomola\n|-damage|p2a: Alomomola|0 fnt\n|-unboost|p1a: Torkoal|spa|2\n|faint|p2a: Alomomola\n|\n|-weather|SunnyDay|[upkeep]\n|upkeep\n|inactive|Hop On The Move has 120 seconds left.\n|\n|t:|1700044647\n|switch|p2a: Tornadus|Tornadus-Therian, M|100\/100\n|-damage|p2a: Tornadus|76\/100|[from] Stealth Rock\n|turn|29\n|\n|t:|1700044655\n|move|p2a: Tornadus|Nasty Plot|p2a: Tornadus\n|-boost|p2a: Tornadus|spa|2\n|move|p1a: Torkoal|Yawn|p2a: Tornadus\n|-start|p2a: Tornadus|move: Yawn|[of] p1a: Torkoal\n|\n|-weather|SunnyDay|[upkeep]\n|-heal|p2a: Tornadus|100\/100|[from] move: Wish|[wisher] Alomomola\n|upkeep\n|turn|30\n|\n|t:|1700044661\n|move|p2a: Tornadus|Nasty Plot|p2a: Tornadus\n|-boost|p2a: Tornadus|spa|2\n|move|p1a: Torkoal|Overheat|p2a: Tornadus\n|-damage|p2a: Tornadus|61\/100\n|-unboost|p1a: Torkoal|spa|2\n|\n|-weather|SunnyDay|[upkeep]\n|-end|p2a: Tornadus|move: Yawn|[silent]\n|-status|p2a: Tornadus|slp\n|upkeep\n|turn|31\n|\n|t:|1700044667\n|switch|p1a: Zapdos|Zapdos|86\/100\n|cant|p2a: Tornadus|slp\n|\n|-weather|SunnyDay|[upkeep]\n|-heal|p1a: Zapdos|93\/100|[from] item: Leftovers\n|upkeep\n|turn|32\n|\n|t:|1700044675\n|-curestatus|p2a: Tornadus|slp|[msg]\n|move|p2a: Tornadus|Heat Wave|p1a: Zapdos\n|-damage|p1a: Zapdos|0 fnt\n|faint|p1a: Zapdos\n|-damage|p2a: Tornadus|52\/100|[from] item: Life Orb\n|\n|-weather|SunnyDay|[upkeep]\n|upkeep\n|-message|Snailtiger forfeited.\n|\n|win|Hop On The Move\n|raw|Snailtiger's rating: 1496 &rarr; <strong>1479<\/strong><br \/>(-17 for losing)\n|raw|Hop On The Move's rating: 1542 &rarr; <strong>1559<\/strong><br \/>(+17 for winning)\n|l|\u2606Snailtiger\n","uploadtime":1700044691,"views":5,"p1id":"snailtiger","p2id":"hoponthemove","formatid":"gen9ou","rating":1479,"private":0,"password":""}