{"id":"gen9ou-1992416751","p1":"igorsiq","p2":"qwertyuvn2","format":"[Gen 9] OU","log":"|j|\u2606igorsiq\n|j|\u2606qwertyuvn2\n|t:|1700185064\n|gametype|singles\n|player|p1|igorsiq|cyrus|1282\n|player|p2|qwertyuvn2|102|1336\n|teamsize|p1|6\n|teamsize|p2|6\n|gen|9\n|tier|[Gen 9] OU\n|rated|\n|rule|Sleep Clause Mod: Limit one foe put to sleep\n|rule|Species Clause: Limit one of each Pok\u00e9mon\n|rule|OHKO Clause: OHKO moves are banned\n|rule|Evasion Items Clause: Evasion items are banned\n|rule|Evasion Moves Clause: Evasion moves are banned\n|rule|Endless Battle Clause: Forcing endless battles is banned\n|rule|HP Percentage Mod: HP is shown in percentages\n|clearpoke\n|poke|p1|Ribombee, F|\n|poke|p1|Manaphy|\n|poke|p1|Kingambit, M|\n|poke|p1|Great Tusk|\n|poke|p1|Iron Moth|\n|poke|p1|Gholdengo|\n|poke|p2|Ribombee, F|\n|poke|p2|Gholdengo|\n|poke|p2|Kingambit, M|\n|poke|p2|Manaphy|\n|poke|p2|Great Tusk|\n|poke|p2|Iron Moth|\n|teampreview\n|inactive|Battle timer is ON: inactive players will automatically lose when time's up. (requested by qwertyuvn2)\n|c|\u2606qwertyuvn2|nice team\n|c|\u2606igorsiq|hahaha\n|\n|t:|1700185083\n|start\n|switch|p1a: Iron Moth|Iron Moth|100\/100\n|switch|p2a: Ribombee|Ribombee, F|100\/100\n|-enditem|p1a: Iron Moth|Booster Energy\n|-activate|p1a: Iron Moth|ability: Quark Drive|[fromitem]\n|-start|p1a: Iron Moth|quarkdrivespe\n|turn|1\n|\n|t:|1700185092\n|move|p1a: Iron Moth|Substitute|p1a: Iron Moth\n|-start|p1a: Iron Moth|Substitute\n|-damage|p1a: Iron Moth|75\/100\n|move|p2a: Ribombee|Sticky Web|p1a: Iron Moth\n|-sidestart|p1: igorsiq|move: Sticky Web\n|\n|upkeep\n|turn|2\n|\n|t:|1700185096\n|move|p1a: Iron Moth|Fiery Dance|p2a: Ribombee\n|-supereffective|p2a: Ribombee\n|-enditem|p2a: Ribombee|Focus Sash\n|-damage|p2a: Ribombee|1\/100\n|move|p2a: Ribombee|Psychic|p1a: Iron Moth\n|-supereffective|p1a: Iron Moth\n|-end|p1a: Iron Moth|Substitute\n|\n|upkeep\n|turn|3\n|\n|t:|1700185103\n|move|p1a: Iron Moth|Fiery Dance|p2a: Ribombee\n|-supereffective|p2a: Ribombee\n|-damage|p2a: Ribombee|0 fnt\n|faint|p2a: Ribombee\n|\n|upkeep\n|\n|t:|1700185116\n|switch|p2a: Great Tusk|Great Tusk|100\/100\n|turn|4\n|c|\u2606igorsiq|i just got a sample team to start in gen 9\n|\n|t:|1700185124\n|move|p1a: Iron Moth|Energy Ball|p2a: Great Tusk\n|-supereffective|p2a: Great Tusk\n|-damage|p2a: Great Tusk|21\/100\n|move|p2a: Great Tusk|Headlong Rush|p1a: Iron Moth\n|-supereffective|p1a: Iron Moth\n|-damage|p1a: Iron Moth|0 fnt\n|-unboost|p2a: Great Tusk|def|1\n|-unboost|p2a: Great Tusk|spd|1\n|faint|p1a: Iron Moth\n|-end|p1a: Iron Moth|Quark Drive|[silent]\n|\n|-heal|p2a: Great Tusk|27\/100|[from] item: Leftovers\n|upkeep\n|\n|t:|1700185131\n|switch|p1a: Great Tusk|Great Tusk|100\/100\n|turn|5\n|\n|t:|1700185145\n|-end|p2a: Great Tusk|Protosynthesis|[silent]\n|switch|p2a: Gholdengo|Gholdengo|100\/100\n|move|p1a: Great Tusk|Knock Off|p2a: Gholdengo\n|-supereffective|p2a: Gholdengo\n|-damage|p2a: Gholdengo|33\/100\n|-enditem|p2a: Gholdengo|Leftovers|[from] move: Knock Off|[of] p1a: Great Tusk\n|\n|upkeep\n|turn|6\n|\n|t:|1700185158\n|move|p1a: Great Tusk|Knock Off|p2a: Gholdengo\n|-supereffective|p2a: Gholdengo\n|-damage|p2a: Gholdengo|0 fnt\n|faint|p2a: Gholdengo\n|\n|upkeep\n|\n|t:|1700185167\n|switch|p2a: Iron Moth|Iron Moth|100\/100\n|-enditem|p2a: Iron Moth|Booster Energy\n|-activate|p2a: Iron Moth|ability: Quark Drive|[fromitem]\n|-start|p2a: Iron Moth|quarkdrivespe\n|turn|7\n|\n|t:|1700185181\n|-terastallize|p1a: Great Tusk|Ice\n|move|p2a: Iron Moth|Fiery Dance|p1a: Great Tusk\n|-supereffective|p1a: Great Tusk\n|-damage|p1a: Great Tusk|0 fnt\n|faint|p1a: Great Tusk\n|-end|p1a: Great Tusk|Protosynthesis|[silent]\n|\n|upkeep\n|\n|t:|1700185187\n|switch|p1a: Manaphy|Manaphy|100\/100\n|-activate|p1a: Manaphy|move: Sticky Web\n|-unboost|p1a: Manaphy|spe|1\n|turn|8\n|c|\u2606qwertyuvn2|tera ice tusj\n|c|\u2606qwertyuvn2|tusk\n|\n|t:|1700185205\n|move|p2a: Iron Moth|Energy Ball|p1a: Manaphy\n|-supereffective|p1a: Manaphy\n|-damage|p1a: Manaphy|47\/100\n|move|p1a: Manaphy|Acid Armor|p1a: Manaphy\n|-boost|p1a: Manaphy|def|2\n|\n|-heal|p1a: Manaphy|53\/100|[from] item: Leftovers\n|upkeep\n|turn|9\n|\n|t:|1700185211\n|move|p2a: Iron Moth|Energy Ball|p1a: Manaphy\n|-supereffective|p1a: Manaphy\n|-damage|p1a: Manaphy|3\/100\n|-unboost|p1a: Manaphy|spd|1\n|move|p1a: Manaphy|Scald|p2a: Iron Moth\n|-supereffective|p2a: Iron Moth\n|-damage|p2a: Iron Moth|35\/100\n|\n|-heal|p1a: Manaphy|9\/100|[from] item: Leftovers\n|upkeep\n|turn|10\n|\n|t:|1700185220\n|move|p2a: Iron Moth|Fiery Dance|p1a: Manaphy\n|-resisted|p1a: Manaphy\n|-damage|p1a: Manaphy|0 fnt\n|faint|p1a: Manaphy\n|\n|upkeep\n|\n|t:|1700185222\n|switch|p1a: Ribombee|Ribombee, F|100\/100\n|-activate|p1a: Ribombee|move: Sticky Web\n|-unboost|p1a: Ribombee|spe|1\n|turn|11\n|\n|t:|1700185229\n|move|p2a: Iron Moth|Fiery Dance|p1a: Ribombee\n|-supereffective|p1a: Ribombee\n|-crit|p1a: Ribombee\n|-enditem|p1a: Ribombee|Focus Sash\n|-damage|p1a: Ribombee|1\/100\n|-boost|p2a: Iron Moth|spa|1\n|move|p1a: Ribombee|Stun Spore|p2a: Iron Moth\n|-status|p2a: Iron Moth|par\n|\n|upkeep\n|turn|12\n|\n|t:|1700185238\n|move|p2a: Iron Moth|Fiery Dance|p1a: Ribombee\n|-supereffective|p1a: Ribombee\n|-damage|p1a: Ribombee|0 fnt\n|-boost|p2a: Iron Moth|spa|1\n|faint|p1a: Ribombee\n|\n|upkeep\n|-message|igorsiq forfeited.\n|\n|win|qwertyuvn2\n|raw|igorsiq's rating: 1282 &rarr; <strong>1261<\/strong><br \/>(-21 for losing)\n|raw|qwertyuvn2's rating: 1336 &rarr; <strong>1353<\/strong><br \/>(+17 for winning)\n|l|\u2606igorsiq\n|c|\u2606qwertyuvn2|ggs\n","uploadtime":1700185252,"views":14,"p1id":"igorsiq","p2id":"qwertyuvn2","formatid":"gen9ou","rating":1261,"private":0,"password":""}