{"id":"gen9ou-1991536686","p1":"Spectrus745","p2":"testin5ever","format":"[Gen 9] OU","log":"|j|\u2606Spectrus745\n|j|\u2606testin5ever\n|t:|1700086063\n|gametype|singles\n|player|p1|Spectrus745|youngn|1672\n|player|p2|testin5ever|2|1644\n|teamsize|p1|6\n|teamsize|p2|6\n|gen|9\n|tier|[Gen 9] OU\n|rated|\n|rule|Sleep Clause Mod: Limit one foe put to sleep\n|rule|Species Clause: Limit one of each Pok\u00e9mon\n|rule|OHKO Clause: OHKO moves are banned\n|rule|Evasion Items Clause: Evasion items are banned\n|rule|Evasion Moves Clause: Evasion moves are banned\n|rule|Endless Battle Clause: Forcing endless battles is banned\n|rule|HP Percentage Mod: HP is shown in percentages\n|clearpoke\n|poke|p1|Ribombee, F|\n|poke|p1|Gholdengo|\n|poke|p1|Ogerpon-Wellspring, F|\n|poke|p1|Iron Moth|\n|poke|p1|Kingambit, F|\n|poke|p1|Dragonite, M|\n|poke|p2|Pelipper, M|\n|poke|p2|Barraskewda, M|\n|poke|p2|Basculegion-F, F|\n|poke|p2|Amoonguss, M|\n|poke|p2|Zapdos|\n|poke|p2|Iron Treads|\n|teampreview\n|\n|t:|1700086077\n|start\n|switch|p1a: Ribombee|Ribombee, F|100\/100\n|switch|p2a: Pelipper|Pelipper, M|100\/100\n|-weather|RainDance|[from] ability: Drizzle|[of] p2a: Pelipper\n|turn|1\n|\n|t:|1700086083\n|move|p1a: Ribombee|Sticky Web|p2a: Pelipper\n|-sidestart|p2: testin5ever|move: Sticky Web\n|move|p2a: Pelipper|U-turn|p1a: Ribombee\n|-resisted|p1a: Ribombee\n|-damage|p1a: Ribombee|91\/100\n|\n|t:|1700086087\n|switch|p2a: Barraskewda|Barraskewda, M|100\/100|[from] U-turn\n|-activate|p2a: Barraskewda|move: Sticky Web\n|-unboost|p2a: Barraskewda|spe|1\n|\n|-weather|RainDance|[upkeep]\n|upkeep\n|turn|2\n|\n|t:|1700086099\n|move|p2a: Barraskewda|Flip Turn|p1a: Ribombee\n|-damage|p1a: Ribombee|0 fnt\n|faint|p1a: Ribombee\n|\n|t:|1700086108\n|switch|p2a: Basculegion|Basculegion-F, F|100\/100|[from] Flip Turn\n|-activate|p2a: Basculegion|move: Sticky Web\n|-unboost|p2a: Basculegion|spe|1\n|\n|-weather|RainDance|[upkeep]\n|upkeep\n|j| BrothaOptions\n|\n|t:|1700086131\n|switch|p1a: Ogerpon|Ogerpon-Wellspring, F|100\/100\n|turn|3\n|\n|t:|1700086140\n|switch|p1a: Gholdengo|Gholdengo|100\/100\n|switch|p2a: Amoonguss|Amoonguss, M|100\/100\n|-activate|p2a: Amoonguss|move: Sticky Web\n|-unboost|p2a: Amoonguss|spe|1\n|\n|-weather|RainDance|[upkeep]\n|upkeep\n|turn|4\n|\n|t:|1700086163\n|switch|p2a: Iron Treads|Iron Treads|100\/100\n|-activate|p2a: Iron Treads|move: Sticky Web\n|-unboost|p2a: Iron Treads|spe|1\n|move|p1a: Gholdengo|Shadow Ball|p2a: Iron Treads\n|-damage|p2a: Iron Treads|37\/100\n|\n|-weather|RainDance|[upkeep]\n|upkeep\n|turn|5\n|\n|t:|1700086176\n|move|p1a: Gholdengo|Shadow Ball|p2a: Iron Treads\n|-damage|p2a: Iron Treads|0 fnt\n|faint|p2a: Iron Treads\n|-end|p2a: Iron Treads|Quark Drive|[silent]\n|\n|-weather|RainDance|[upkeep]\n|upkeep\n|\n|t:|1700086186\n|switch|p2a: Basculegion|Basculegion-F, F|100\/100\n|-activate|p2a: Basculegion|move: Sticky Web\n|-unboost|p2a: Basculegion|spe|1\n|turn|6\n|\n|t:|1700086207\n|switch|p1a: Ogerpon|Ogerpon-Wellspring, F|100\/100\n|move|p2a: Basculegion|Shadow Ball|p1a: Ogerpon\n|-damage|p1a: Ogerpon|29\/100\n|\n|-weather|RainDance|[upkeep]\n|upkeep\n|turn|7\n|\n|t:|1700086225\n|switch|p1a: Gholdengo|Gholdengo|100\/100\n|switch|p2a: Amoonguss|Amoonguss, M|100\/100\n|-activate|p2a: Amoonguss|move: Sticky Web\n|-unboost|p2a: Amoonguss|spe|1\n|\n|-weather|RainDance|[upkeep]\n|upkeep\n|turn|8\n|\n|t:|1700086250\n|-terastallize|p2a: Amoonguss|Dark\n|move|p1a: Gholdengo|Nasty Plot|p1a: Gholdengo\n|-boost|p1a: Gholdengo|spa|2\n|move|p2a: Amoonguss|Foul Play|p1a: Gholdengo\n|-supereffective|p1a: Gholdengo\n|-damage|p1a: Gholdengo|66\/100\n|\n|-weather|none\n|upkeep\n|turn|9\n|\n|t:|1700086264\n|switch|p2a: Zapdos|Zapdos|100\/100\n|move|p1a: Gholdengo|Make It Rain|p2a: Zapdos\n|-resisted|p2a: Zapdos\n|-damage|p2a: Zapdos|30\/100\n|-unboost|p1a: Gholdengo|spa|1\n|\n|upkeep\n|turn|10\n|\n|t:|1700086271\n|move|p2a: Zapdos|Thunder|p1a: Gholdengo|[miss]\n|-miss|p2a: Zapdos|p1a: Gholdengo\n|move|p1a: Gholdengo|Shadow Ball|p2a: Zapdos\n|-damage|p2a: Zapdos|0 fnt\n|faint|p2a: Zapdos\n|\n|upkeep\n|\n|t:|1700086273\n|switch|p2a: Pelipper|Pelipper, M|100\/100\n|-weather|RainDance|[from] ability: Drizzle|[of] p2a: Pelipper\n|turn|11\n|c|\u2606Spectrus745|sry\n|\n|t:|1700086285\n|switch|p2a: Amoonguss|Amoonguss, M, tera:Dark|100\/100\n|-activate|p2a: Amoonguss|move: Sticky Web\n|-unboost|p2a: Amoonguss|spe|1\n|move|p1a: Gholdengo|Shadow Ball|p2a: Amoonguss\n|-resisted|p2a: Amoonguss\n|-damage|p2a: Amoonguss|71\/100\n|-enditem|p2a: Amoonguss|Eject Button\n|\n|t:|1700086290\n|switch|p2a: Basculegion|Basculegion-F, F|100\/100\n|-activate|p2a: Basculegion|move: Sticky Web\n|-unboost|p2a: Basculegion|spe|1\n|\n|-weather|RainDance|[upkeep]\n|upkeep\n|turn|12\n|\n|t:|1700086312\n|switch|p1a: Iron Moth|Iron Moth|100\/100\n|-enditem|p1a: Iron Moth|Booster Energy\n|-activate|p1a: Iron Moth|ability: Quark Drive|[fromitem]\n|-start|p1a: Iron Moth|quarkdrivespe\n|move|p2a: Basculegion|Surf|p1a: Iron Moth\n|-supereffective|p1a: Iron Moth\n|-damage|p1a: Iron Moth|0 fnt\n|faint|p1a: Iron Moth\n|-end|p1a: Iron Moth|Quark Drive|[silent]\n|\n|-weather|RainDance|[upkeep]\n|upkeep\n|\n|t:|1700086317\n|switch|p1a: Ogerpon|Ogerpon-Wellspring, F|29\/100\n|turn|13\n|\n|t:|1700086320\n|switch|p1a: Gholdengo|Gholdengo|66\/100\n|switch|p2a: Amoonguss|Amoonguss, M, tera:Dark|100\/100\n|-activate|p2a: Amoonguss|move: Sticky Web\n|-unboost|p2a: Amoonguss|spe|1\n|\n|-weather|RainDance|[upkeep]\n|upkeep\n|turn|14\n|\n|t:|1700086337\n|move|p1a: Gholdengo|Make It Rain|p2a: Amoonguss\n|-damage|p2a: Amoonguss|48\/100\n|-unboost|p1a: Gholdengo|spa|1\n|move|p2a: Amoonguss|Foul Play|p1a: Gholdengo\n|-supereffective|p1a: Gholdengo\n|-damage|p1a: Gholdengo|31\/100\n|\n|-weather|RainDance|[upkeep]\n|upkeep\n|turn|15\n|\n|t:|1700086363\n|switch|p1a: Kingambit|Kingambit, F|100\/100\n|-activate|p1a: Kingambit|ability: Supreme Overlord\n|-start|p1a: Kingambit|fallen2|[silent]\n|switch|p2a: Basculegion|Basculegion-F, F|100\/100\n|-activate|p2a: Basculegion|move: Sticky Web\n|-unboost|p2a: Basculegion|spe|1\n|\n|-weather|RainDance|[upkeep]\n|upkeep\n|turn|16\n|\n|t:|1700086392\n|move|p2a: Basculegion|Surf|p1a: Kingambit\n|-damage|p1a: Kingambit|0 fnt\n|faint|p1a: Kingambit\n|-end|p1a: Kingambit|fallen2|[silent]\n|\n|-weather|RainDance|[upkeep]\n|upkeep\n|c|\u2606Spectrus745|oh\n|\n|t:|1700086402\n|switch|p1a: Ogerpon|Ogerpon-Wellspring, F|29\/100\n|turn|17\n|\n|t:|1700086406\n|switch|p1a: Gholdengo|Gholdengo|31\/100\n|switch|p2a: Amoonguss|Amoonguss, M, tera:Dark|82\/100\n|-activate|p2a: Amoonguss|move: Sticky Web\n|-unboost|p2a: Amoonguss|spe|1\n|\n|-weather|RainDance|[upkeep]\n|upkeep\n|turn|18\n|\n|t:|1700086430\n|move|p1a: Gholdengo|Make It Rain|p2a: Amoonguss\n|-damage|p2a: Amoonguss|27\/100\n|-unboost|p1a: Gholdengo|spa|1\n|move|p2a: Amoonguss|Foul Play|p1a: Gholdengo\n|-supereffective|p1a: Gholdengo\n|-damage|p1a: Gholdengo|0 fnt\n|faint|p1a: Gholdengo\n|\n|-weather|none\n|upkeep\n|\n|t:|1700086439\n|switch|p1a: Ogerpon|Ogerpon-Wellspring, F|29\/100\n|turn|19\n|\n|t:|1700086449\n|switch|p2a: Pelipper|Pelipper, M|100\/100\n|-weather|RainDance|[from] ability: Drizzle|[of] p2a: Pelipper\n|move|p1a: Ogerpon|Horn Leech|p2a: Pelipper\n|-damage|p2a: Pelipper|64\/100\n|-heal|p1a: Ogerpon|49\/100|[from] drain|[of] p2a: Pelipper\n|\n|-weather|RainDance|[upkeep]\n|upkeep\n|turn|20\n|\n|t:|1700086502\n|move|p1a: Ogerpon|Horn Leech|p2a: Pelipper\n|-damage|p2a: Pelipper|31\/100\n|-heal|p1a: Ogerpon|67\/100|[from] drain|[of] p2a: Pelipper\n|move|p2a: Pelipper|Hurricane|p1a: Ogerpon\n|-supereffective|p1a: Ogerpon\n|-damage|p1a: Ogerpon|0 fnt\n|faint|p1a: Ogerpon\n|\n|-weather|RainDance|[upkeep]\n|upkeep\n|\n|t:|1700086506\n|switch|p1a: Dragonite|Dragonite, M|100\/100\n|turn|21\n|\n|t:|1700086511\n|move|p1a: Dragonite|Dragon Dance|p1a: Dragonite\n|-boost|p1a: Dragonite|atk|1\n|-boost|p1a: Dragonite|spe|1\n|move|p2a: Pelipper|U-turn|p1a: Dragonite\n|-resisted|p1a: Dragonite\n|-damage|p1a: Dragonite|98\/100\n|\n|t:|1700086513\n|switch|p2a: Basculegion|Basculegion-F, F|100\/100|[from] U-turn\n|-activate|p2a: Basculegion|move: Sticky Web\n|-unboost|p2a: Basculegion|spe|1\n|\n|-weather|RainDance|[upkeep]\n|upkeep\n|turn|22\n|\n|t:|1700086542\n|-terastallize|p1a: Dragonite|Normal\n|move|p2a: Basculegion|Surf|p1a: Dragonite\n|-crit|p1a: Dragonite\n|-damage|p1a: Dragonite|0 fnt\n|faint|p1a: Dragonite\n|\n|win|testin5ever\n|raw|Spectrus745's rating: 1672 &rarr; <strong>1650<\/strong><br \/>(-22 for losing)\n|raw|testin5ever's rating: 1644 &rarr; <strong>1666<\/strong><br \/>(+22 for winning)\n|c|\u2606Spectrus745|oh\n|c|\u2606Spectrus745|wp\n|c|\u2606Spectrus745|gg\n|l|\u2606testin5ever\n|l|\u2606Spectrus745\n|j|\u2606testin5ever\n|player|p2|testin5ever|2\n","uploadtime":1700086809,"views":8,"p1id":"spectrus745","p2id":"testin5ever","formatid":"gen9ou","rating":1650,"private":0,"password":""}