{"id":"gen9ou-1991673339","p1":"SDK04","p2":"TismWarrior1","format":"[Gen 9] OU","log":"|j|\u2606SDK04\n|j|\u2606TismWarrior1\n|t:|1700101084\n|gametype|singles\n|player|p1|SDK04|unknown|1663\n|player|p2|TismWarrior1|medium|1733\n|teamsize|p1|6\n|teamsize|p2|6\n|gen|9\n|tier|[Gen 9] OU\n|rated|\n|rule|Sleep Clause Mod: Limit one foe put to sleep\n|rule|Species Clause: Limit one of each Pok\u00e9mon\n|rule|OHKO Clause: OHKO moves are banned\n|rule|Evasion Items Clause: Evasion items are banned\n|rule|Evasion Moves Clause: Evasion moves are banned\n|rule|Endless Battle Clause: Forcing endless battles is banned\n|rule|HP Percentage Mod: HP is shown in percentages\n|clearpoke\n|poke|p1|Ninetales-Alola, M|\n|poke|p1|Ogerpon-Wellspring, F|\n|poke|p1|Mew|\n|poke|p1|Kingambit, F|\n|poke|p1|Gholdengo|\n|poke|p1|Salamence, M|\n|poke|p2|Dondozo, F|\n|poke|p2|Clefable, F|\n|poke|p2|Dragapult, M|\n|poke|p2|Skeledirge, F|\n|poke|p2|Meowscarada, F|\n|poke|p2|Zapdos|\n|teampreview\n|inactive|Battle timer is ON: inactive players will automatically lose when time's up. (requested by TismWarrior1)\n|c|\u2606TismWarrior1|hf\n|\n|t:|1700101102\n|start\n|switch|p1a: cool window|Ninetales-Alola, M|100\/100\n|switch|p2a: Skeledirge|Skeledirge, F|100\/100\n|-weather|Snow|[from] ability: Snow Warning|[of] p1a: cool window\n|turn|1\n|\n|t:|1700101107\n|move|p1a: cool window|Aurora Veil|p1a: cool window\n|-sidestart|p1: SDK04|move: Aurora Veil\n|move|p2a: Skeledirge|Torch Song|p1a: cool window\n|-supereffective|p1a: cool window\n|-damage|p1a: cool window|71\/100\n|-boost|p2a: Skeledirge|spa|1\n|\n|-weather|Snow|[upkeep]\n|upkeep\n|turn|2\n|\n|t:|1700101113\n|switch|p1a: \u201cI win\u201d button|Ogerpon-Wellspring, F|100\/100\n|move|p2a: Skeledirge|Torch Song|p1a: \u201cI win\u201d button\n|-damage|p1a: \u201cI win\u201d button|72\/100\n|-boost|p2a: Skeledirge|spa|1\n|\n|-weather|Snow|[upkeep]\n|upkeep\n|turn|3\n|\n|t:|1700101127\n|switch|p2a: Meowscarada|Meowscarada, F|100\/100\n|move|p1a: \u201cI win\u201d button|Ivy Cudgel|p2a: Meowscarada|[anim] Ivy Cudgel Water\n|-resisted|p2a: Meowscarada\n|-damage|p2a: Meowscarada|55\/100\n|\n|-weather|Snow|[upkeep]\n|upkeep\n|turn|4\n|\n|t:|1700101133\n|switch|p1a: I miss Himiko\u2026|Salamence, M|100\/100\n|move|p2a: Meowscarada|Flower Trick|p1a: I miss Himiko\u2026\n|-resisted|p1a: I miss Himiko\u2026\n|-crit|p1a: I miss Himiko\u2026\n|-damage|p1a: I miss Himiko\u2026|87\/100\n|\n|-weather|Snow|[upkeep]\n|upkeep\n|turn|5\n|\n|t:|1700101139\n|switch|p2a: Zapdos|Zapdos|100\/100\n|move|p1a: I miss Himiko\u2026|Dragon Dance|p1a: I miss Himiko\u2026\n|-boost|p1a: I miss Himiko\u2026|atk|1\n|-boost|p1a: I miss Himiko\u2026|spe|1\n|\n|-weather|none\n|upkeep\n|turn|6\n|\n|t:|1700101145\n|switch|p1a: cool window|Ninetales-Alola, M|71\/100\n|-weather|Snow|[from] ability: Snow Warning|[of] p1a: cool window\n|move|p2a: Zapdos|Thunder Wave|p1a: cool window\n|-status|p1a: cool window|par\n|\n|-weather|Snow|[upkeep]\n|upkeep\n|turn|7\n|\n|t:|1700101148\n|move|p2a: Zapdos|Volt Switch|p1a: cool window\n|-damage|p1a: cool window|58\/100 par\n|\n|t:|1700101151\n|switch|p2a: Skeledirge|Skeledirge, F|100\/100|[from] Volt Switch\n|cant|p1a: cool window|par\n|\n|-weather|Snow|[upkeep]\n|upkeep\n|turn|8\n|\n|t:|1700101158\n|move|p2a: Skeledirge|Will-O-Wisp||[still]\n|-fail|p2a: Skeledirge\n|move|p1a: cool window|Freeze-Dry|p2a: Skeledirge\n|-resisted|p2a: Skeledirge\n|-damage|p2a: Skeledirge|92\/100\n|\n|-weather|Snow|[upkeep]\n|-sideend|p1: SDK04|move: Aurora Veil\n|upkeep\n|turn|9\n|\n|t:|1700101165\n|move|p2a: Skeledirge|Torch Song|p1a: cool window\n|-supereffective|p1a: cool window\n|-damage|p1a: cool window|2\/100 par\n|-boost|p2a: Skeledirge|spa|1\n|move|p1a: cool window|Aurora Veil|p1a: cool window\n|-sidestart|p1: SDK04|move: Aurora Veil\n|\n|-weather|Snow|[upkeep]\n|upkeep\n|turn|10\n|\n|t:|1700101178\n|move|p2a: Skeledirge|Torch Song|p1a: cool window\n|-supereffective|p1a: cool window\n|-damage|p1a: cool window|0 fnt\n|-boost|p2a: Skeledirge|spa|1\n|faint|p1a: cool window\n|\n|-weather|none\n|upkeep\n|\n|t:|1700101179\n|switch|p1a: \u201cI win\u201d button|Ogerpon-Wellspring, F|72\/100\n|turn|11\n|\n|t:|1700101186\n|switch|p2a: Meowscarada|Meowscarada, F|55\/100\n|-terastallize|p1a: \u201cI win\u201d button|Water\n|detailschange|p1a: \u201cI win\u201d button|Ogerpon-Wellspring-Tera, F, tera:Water\n|-ability|p1a: \u201cI win\u201d button|Embody Aspect (Wellspring)|boost\n|-boost|p1a: \u201cI win\u201d button|spd|1\n|move|p1a: \u201cI win\u201d button|Ivy Cudgel|p2a: Meowscarada|[anim] Ivy Cudgel Water\n|-resisted|p2a: Meowscarada\n|-damage|p2a: Meowscarada|0 fnt\n|faint|p2a: Meowscarada\n|\n|upkeep\n|j| t-modesty\n|\n|t:|1700101209\n|switch|p2a: Dragapult|Dragapult, M|100\/100\n|turn|12\n|\n|t:|1700101214\n|move|p2a: Dragapult|Will-O-Wisp|p1a: \u201cI win\u201d button\n|-status|p1a: \u201cI win\u201d button|brn\n|move|p1a: \u201cI win\u201d button|Ivy Cudgel|p2a: Dragapult|[anim] Ivy Cudgel Water\n|-resisted|p2a: Dragapult\n|-damage|p2a: Dragapult|72\/100\n|\n|-damage|p1a: \u201cI win\u201d button|66\/100 brn|[from] brn\n|upkeep\n|turn|13\n|\n|t:|1700101223\n|move|p2a: Dragapult|Dragon Darts|p1a: \u201cI win\u201d button\n|-crit|p1a: \u201cI win\u201d button\n|-damage|p1a: \u201cI win\u201d button|20\/100 brn\n|-anim|p2a: Dragapult|Dragon Darts|p1a: \u201cI win\u201d button\n|-damage|p1a: \u201cI win\u201d button|0 fnt\n|faint|p1a: \u201cI win\u201d button\n|\n|upkeep\n|\n|t:|1700101228\n|switch|p1a: Cheese Demon|Mew|100\/100\n|turn|14\n|\n|t:|1700101243\n|move|p2a: Dragapult|Will-O-Wisp|p1a: Cheese Demon\n|-status|p1a: Cheese Demon|brn\n|-activate|p1a: Cheese Demon|ability: Synchronize\n|-status|p2a: Dragapult|brn\n|move|p1a: Cheese Demon|Agility|p1a: Cheese Demon\n|-boost|p1a: Cheese Demon|spe|2\n|\n|-damage|p1a: Cheese Demon|94\/100 brn|[from] brn\n|-damage|p2a: Dragapult|66\/100 brn|[from] brn\n|upkeep\n|turn|15\n|\n|t:|1700101247\n|move|p1a: Cheese Demon|Calm Mind|p1a: Cheese Demon\n|-boost|p1a: Cheese Demon|spa|1\n|-boost|p1a: Cheese Demon|spd|1\n|move|p2a: Dragapult|Hex|p1a: Cheese Demon\n|-supereffective|p1a: Cheese Demon\n|-damage|p1a: Cheese Demon|27\/100 brn\n|\n|-heal|p1a: Cheese Demon|33\/100 brn|[from] item: Leftovers\n|-damage|p1a: Cheese Demon|27\/100 brn|[from] brn\n|-damage|p2a: Dragapult|60\/100 brn|[from] brn\n|upkeep\n|turn|16\n|\n|t:|1700101250\n|move|p1a: Cheese Demon|Draining Kiss|p2a: Dragapult\n|-supereffective|p2a: Dragapult\n|-damage|p2a: Dragapult|0 fnt\n|-heal|p1a: Cheese Demon|68\/100 brn|[from] drain|[of] p2a: Dragapult\n|faint|p2a: Dragapult\n|\n|-heal|p1a: Cheese Demon|74\/100 brn|[from] item: Leftovers\n|-damage|p1a: Cheese Demon|68\/100 brn|[from] brn\n|-sideend|p1: SDK04|move: Aurora Veil\n|upkeep\n|\n|t:|1700101255\n|switch|p2a: Skeledirge|Skeledirge, F|92\/100\n|turn|17\n|\n|t:|1700101260\n|move|p1a: Cheese Demon|Calm Mind|p1a: Cheese Demon\n|-boost|p1a: Cheese Demon|spa|1\n|-boost|p1a: Cheese Demon|spd|1\n|move|p2a: Skeledirge|Hex|p1a: Cheese Demon\n|-supereffective|p1a: Cheese Demon\n|-damage|p1a: Cheese Demon|0 fnt\n|faint|p1a: Cheese Demon\n|\n|upkeep\n|\n|t:|1700101262\n|switch|p1a: Bannable Offense|Kingambit, F|100\/100\n|-activate|p1a: Bannable Offense|ability: Supreme Overlord\n|-start|p1a: Bannable Offense|fallen3|[silent]\n|turn|18\n|\n|t:|1700101272\n|-terastallize|p2a: Skeledirge|Water\n|move|p2a: Skeledirge|Will-O-Wisp|p1a: Bannable Offense\n|-status|p1a: Bannable Offense|brn\n|move|p1a: Bannable Offense|Kowtow Cleave|p2a: Skeledirge\n|-damage|p2a: Skeledirge|65\/100\n|\n|-damage|p1a: Bannable Offense|94\/100 brn|[from] brn\n|upkeep\n|turn|19\n|\n|t:|1700101276\n|move|p2a: Skeledirge|Torch Song|p1a: Bannable Offense\n|-supereffective|p1a: Bannable Offense\n|-damage|p1a: Bannable Offense|23\/100 brn\n|-boost|p2a: Skeledirge|spa|1\n|move|p1a: Bannable Offense|Kowtow Cleave|p2a: Skeledirge\n|-damage|p2a: Skeledirge|38\/100\n|\n|-heal|p1a: Bannable Offense|29\/100 brn|[from] item: Leftovers\n|-damage|p1a: Bannable Offense|23\/100 brn|[from] brn\n|upkeep\n|turn|20\n|\n|t:|1700101281\n|move|p2a: Skeledirge|Slack Off|p2a: Skeledirge\n|-heal|p2a: Skeledirge|88\/100\n|move|p1a: Bannable Offense|Kowtow Cleave|p2a: Skeledirge\n|-damage|p2a: Skeledirge|63\/100\n|\n|-heal|p1a: Bannable Offense|29\/100 brn|[from] item: Leftovers\n|-damage|p1a: Bannable Offense|23\/100 brn|[from] brn\n|upkeep\n|turn|21\n|\n|t:|1700101282\n|move|p2a: Skeledirge|Slack Off|p2a: Skeledirge\n|-heal|p2a: Skeledirge|100\/100\n|move|p1a: Bannable Offense|Kowtow Cleave|p2a: Skeledirge\n|-damage|p2a: Skeledirge|71\/100\n|\n|-heal|p1a: Bannable Offense|29\/100 brn|[from] item: Leftovers\n|-damage|p1a: Bannable Offense|23\/100 brn|[from] brn\n|upkeep\n|turn|22\n|\n|t:|1700101285\n|move|p2a: Skeledirge|Torch Song|p1a: Bannable Offense\n|-supereffective|p1a: Bannable Offense\n|-damage|p1a: Bannable Offense|0 fnt\n|-boost|p2a: Skeledirge|spa|1\n|faint|p1a: Bannable Offense\n|-end|p1a: Bannable Offense|fallen3|[silent]\n|\n|upkeep\n|\n|t:|1700101286\n|switch|p1a: Malicious Charity|Gholdengo|100\/100\n|-item|p1a: Malicious Charity|Air Balloon\n|turn|23\n|\n|t:|1700101292\n|move|p1a: Malicious Charity|Shadow Ball|p2a: Skeledirge\n|-damage|p2a: Skeledirge|38\/100\n|-unboost|p2a: Skeledirge|spd|1\n|move|p2a: Skeledirge|Torch Song|p1a: Malicious Charity\n|-supereffective|p1a: Malicious Charity\n|-damage|p1a: Malicious Charity|0 fnt\n|-boost|p2a: Skeledirge|spa|1\n|-enditem|p1a: Malicious Charity|Air Balloon\n|faint|p1a: Malicious Charity\n|\n|upkeep\n|\n|t:|1700101296\n|switch|p1a: I miss Himiko\u2026|Salamence, M|87\/100\n|turn|24\n|c|\u2606SDK04|gg\n|\n|t:|1700101301\n|move|p1a: I miss Himiko\u2026|Dual Wingbeat|p2a: Skeledirge\n|-damage|p2a: Skeledirge|17\/100\n|-damage|p2a: Skeledirge|0 fnt\n|faint|p2a: Skeledirge\n|-ability|p1a: I miss Himiko\u2026|Moxie|boost\n|-boost|p1a: I miss Himiko\u2026|atk|1\n|-hitcount|p2: Skeledirge|2\n|\n|upkeep\n|c|\u2606SDK04|wp\n|c|\u2606TismWarrior1|gg\n|\n|t:|1700101308\n|switch|p2a: Clefable|Clefable, F|100\/100\n|turn|25\n|\n|t:|1700101311\n|move|p1a: I miss Himiko\u2026|Dual Wingbeat|p2a: Clefable\n|-damage|p2a: Clefable|73\/100\n|-damage|p2a: Clefable|47\/100\n|-hitcount|p2a: Clefable|2\n|move|p2a: Clefable|Moonblast|p1a: I miss Himiko\u2026\n|-supereffective|p1a: I miss Himiko\u2026\n|-damage|p1a: I miss Himiko\u2026|11\/100\n|\n|-heal|p2a: Clefable|53\/100|[from] item: Leftovers\n|upkeep\n|turn|26\n|\n|t:|1700101314\n|move|p1a: I miss Himiko\u2026|Dual Wingbeat|p2a: Clefable\n|-damage|p2a: Clefable|28\/100\n|-damage|p2a: Clefable|1\/100\n|-hitcount|p2a: Clefable|2\n|move|p2a: Clefable|Moonblast|p1a: I miss Himiko\u2026\n|-supereffective|p1a: I miss Himiko\u2026\n|-damage|p1a: I miss Himiko\u2026|0 fnt\n|faint|p1a: I miss Himiko\u2026\n|\n|win|TismWarrior1\n|raw|SDK04's rating: 1663 &rarr; <strong>1647<\/strong><br \/>(-16 for losing)\n|raw|TismWarrior1's rating: 1733 &rarr; <strong>1749<\/strong><br \/>(+16 for winning)\n|c|\u2606SDK04|gg\n|c|\u2606SDK04|wp\n|c|\u2606TismWarrior1|u2\n","uploadtime":1700101318,"views":17,"p1id":"sdk04","p2id":"tismwarrior1","formatid":"gen9ou","rating":1647,"private":0,"password":""}