{"id":"gen9ou-1993246372","p1":"Lao666","p2":"bellenguer2","format":"[Gen 9] OU","log":"|j|\u2606Lao666\n|j|\u2606bellenguer2\n|t:|1700283634\n|gametype|singles\n|player|p1|Lao666|crasherwake|1001\n|player|p2|bellenguer2|169|1059\n|teamsize|p1|6\n|teamsize|p2|6\n|gen|9\n|tier|[Gen 9] OU\n|rated|\n|rule|Sleep Clause Mod: Limit one foe put to sleep\n|rule|Species Clause: Limit one of each Pok\u00e9mon\n|rule|OHKO Clause: OHKO moves are banned\n|rule|Evasion Items Clause: Evasion items are banned\n|rule|Evasion Moves Clause: Evasion moves are banned\n|rule|Endless Battle Clause: Forcing endless battles is banned\n|rule|HP Percentage Mod: HP is shown in percentages\n|clearpoke\n|poke|p1|Ceruledge, F|\n|poke|p1|Dragonite, F|\n|poke|p1|Ninetales-Alola, M|\n|poke|p1|Zoroark, M|\n|poke|p1|Meowscarada, M|\n|poke|p1|Greninja-*, F|\n|poke|p2|Zapdos|\n|poke|p2|Blissey, F|\n|poke|p2|Toxapex, M|\n|poke|p2|Clefable, F|\n|poke|p2|Corviknight, F|\n|poke|p2|Hippowdon, M|\n|teampreview\n|inactive|Battle timer is ON: inactive players will automatically lose when time's up. (requested by bellenguer2)\n|\n|t:|1700283656\n|start\n|switch|p1a: Ceruledge|Ceruledge, F|100\/100\n|switch|p2a: Zapdos|Zapdos|100\/100\n|turn|1\n|\n|t:|1700283678\n|-terastallize|p1a: Ceruledge|Fire\n|move|p1a: Ceruledge|Swords Dance|p1a: Ceruledge\n|-boost|p1a: Ceruledge|atk|2\n|move|p2a: Zapdos|Volt Switch|p1a: Ceruledge\n|-damage|p1a: Ceruledge|69\/100\n|\n|t:|1700283692\n|switch|p2a: Clefable|Clefable, F|100\/100|[from] Volt Switch\n|\n|upkeep\n|turn|2\n|\n|t:|1700283712\n|switch|p1a: Ninetales|Ninetales-Alola, M|100\/100\n|move|p2a: Clefable|Moonblast|p1a: Ninetales\n|-supereffective|p1a: Ninetales\n|-damage|p1a: Ninetales|9\/100\n|replace|p1a: Zoroark|Zoroark, M\n|-end|p1a: Zoroark|Illusion\n|\n|upkeep\n|turn|3\n|\n|t:|1700283723\n|switch|p2a: Toxapex|Toxapex, M|100\/100\n|move|p1a: Zoroark|Brick Break|p2a: Toxapex\n|-resisted|p2a: Toxapex\n|-damage|p2a: Toxapex|95\/100\n|\n|-heal|p2a: Toxapex|100\/100|[from] item: Black Sludge\n|upkeep\n|turn|4\n|\n|t:|1700283736\n|move|p1a: Zoroark|Agility|p1a: Zoroark\n|-boost|p1a: Zoroark|spe|2\n|move|p2a: Toxapex|Toxic Spikes|p1a: Zoroark\n|-sidestart|p1: Lao666|move: Toxic Spikes\n|\n|upkeep\n|turn|5\n|\n|t:|1700283747\n|move|p1a: Zoroark|Dark Pulse|p2a: Toxapex\n|-damage|p2a: Toxapex|77\/100\n|move|p2a: Toxapex|Toxic Spikes|p1a: Zoroark\n|-sidestart|p1: Lao666|move: Toxic Spikes\n|\n|-heal|p2a: Toxapex|83\/100|[from] item: Black Sludge\n|upkeep\n|turn|6\n|\n|t:|1700283754\n|move|p1a: Zoroark|Crunch|p2a: Toxapex\n|-damage|p2a: Toxapex|61\/100\n|-unboost|p2a: Toxapex|def|1\n|move|p2a: Toxapex|Surf|p1a: Zoroark\n|-damage|p1a: Zoroark|0 fnt\n|faint|p1a: Zoroark\n|\n|-heal|p2a: Toxapex|68\/100|[from] item: Black Sludge\n|upkeep\n|\n|t:|1700283764\n|switch|p1a: Dragonite|Dragonite, F|100\/100\n|turn|7\n|\n|t:|1700283773\n|switch|p2a: Hippowdon|Hippowdon, M|100\/100\n|-weather|Sandstorm|[from] ability: Sand Stream|[of] p2a: Hippowdon\n|move|p1a: Dragonite|Dragon Claw|p2a: Hippowdon\n|-damage|p2a: Hippowdon|74\/100\n|\n|-weather|Sandstorm|[upkeep]\n|-damage|p1a: Dragonite|94\/100|[from] Sandstorm\n|-heal|p2a: Hippowdon|80\/100|[from] item: Leftovers\n|upkeep\n|turn|8\n|\n|t:|1700283784\n|move|p1a: Dragonite|Agility|p1a: Dragonite\n|-boost|p1a: Dragonite|spe|2\n|move|p2a: Hippowdon|Stealth Rock|p1a: Dragonite\n|-sidestart|p1: Lao666|move: Stealth Rock\n|\n|-weather|Sandstorm|[upkeep]\n|-damage|p1a: Dragonite|88\/100|[from] Sandstorm\n|-heal|p2a: Hippowdon|86\/100|[from] item: Leftovers\n|upkeep\n|turn|9\n|\n|t:|1700283794\n|move|p1a: Dragonite|Fly||[still]\n|-prepare|p1a: Dragonite|Fly\n|move|p2a: Hippowdon|Roar|p1a: Dragonite|[miss]\n|-miss|p2a: Hippowdon|p1a: Dragonite\n|\n|-weather|Sandstorm|[upkeep]\n|-damage|p1a: Dragonite|82\/100|[from] Sandstorm\n|-heal|p2a: Hippowdon|93\/100|[from] item: Leftovers\n|upkeep\n|turn|10\n|\n|t:|1700283802\n|switch|p2a: Corviknight|Corviknight, F|100\/100\n|-ability|p2a: Corviknight|Pressure\n|move|p1a: Dragonite|Fly|p2a: Corviknight|[from]lockedmove\n|-resisted|p2a: Corviknight\n|-damage|p2a: Corviknight|86\/100\n|-damage|p1a: Dragonite|66\/100|[from] item: Rocky Helmet|[of] p2a: Corviknight\n|\n|-weather|Sandstorm|[upkeep]\n|-damage|p1a: Dragonite|60\/100|[from] Sandstorm\n|upkeep\n|turn|11\n|\n|t:|1700283818\n|switch|p1a: Meowscarada|Meowscarada, M|100\/100\n|-status|p1a: Meowscarada|tox\n|-damage|p1a: Meowscarada|88\/100 tox|[from] Stealth Rock\n|move|p2a: Corviknight|U-turn|p1a: Meowscarada\n|-supereffective|p1a: Meowscarada\n|-damage|p1a: Meowscarada|0 fnt\n|faint|p1a: Meowscarada\n|\n|t:|1700283831\n|switch|p2a: Zapdos|Zapdos|100\/100|[from] U-turn\n|\n|-weather|none\n|upkeep\n|\n|t:|1700283848\n|switch|p1a: Ninetales|Ninetales-Alola, M|100\/100\n|-status|p1a: Ninetales|tox\n|-damage|p1a: Ninetales|76\/100 tox|[from] Stealth Rock\n|-weather|Snow|[from] ability: Snow Warning|[of] p1a: Ninetales\n|turn|12\n|\n|t:|1700283860\n|switch|p2a: Blissey|Blissey, F|100\/100\n|move|p1a: Ninetales|Blizzard|p2a: Blissey\n|-damage|p2a: Blissey|88\/100\n|\n|-weather|Snow|[upkeep]\n|-heal|p2a: Blissey|94\/100|[from] item: Leftovers\n|-damage|p1a: Ninetales|70\/100 tox|[from] psn\n|upkeep\n|turn|13\n|\n|t:|1700283874\n|move|p1a: Ninetales|Freeze-Dry|p2a: Blissey\n|-damage|p2a: Blissey|87\/100\n|move|p2a: Blissey|Light Screen|p2a: Blissey\n|-sidestart|p2: bellenguer2|move: Light Screen\n|\n|-weather|Snow|[upkeep]\n|-heal|p2a: Blissey|93\/100|[from] item: Leftovers\n|-damage|p1a: Ninetales|58\/100 tox|[from] psn\n|upkeep\n|turn|14\n|\n|t:|1700283888\n|move|p1a: Ninetales|Blizzard|p2a: Blissey\n|-damage|p2a: Blissey|88\/100\n|move|p2a: Blissey|Seismic Toss|p1a: Ninetales\n|-damage|p1a: Ninetales|23\/100 tox\n|\n|-weather|Snow|[upkeep]\n|-heal|p2a: Blissey|94\/100|[from] item: Leftovers\n|-damage|p1a: Ninetales|5\/100 tox|[from] psn\n|upkeep\n|turn|15\n|\n|t:|1700283900\n|switch|p1a: Dragonite|Dragonite, F|60\/100\n|-damage|p1a: Dragonite|35\/100|[from] Stealth Rock\n|move|p2a: Blissey|Soft-Boiled|p2a: Blissey\n|-heal|p2a: Blissey|100\/100\n|\n|-weather|Snow|[upkeep]\n|upkeep\n|turn|16\n|\n|t:|1700283920\n|switch|p2a: Corviknight|Corviknight, F|86\/100\n|-ability|p2a: Corviknight|Pressure\n|move|p1a: Dragonite|Tailwind|p1a: Dragonite\n|-sidestart|p1: Lao666|move: Tailwind\n|\n|-weather|Snow|[upkeep]\n|upkeep\n|turn|17\n|inactive|Lao666 has 120 seconds left.\n|\n|t:|1700283959\n|switch|p1a: Greninja|Greninja, F|100\/100\n|-status|p1a: Greninja|tox\n|-damage|p1a: Greninja|88\/100 tox|[from] Stealth Rock\n|move|p2a: Corviknight|U-turn|p1a: Greninja\n|-supereffective|p1a: Greninja\n|-damage|p1a: Greninja|51\/100 tox\n|\n|t:|1700283968\n|switch|p2a: Toxapex|Toxapex, M|100\/100|[from] U-turn\n|\n|-weather|Snow|[upkeep]\n|-damage|p1a: Greninja|45\/100 tox|[from] psn\n|-sideend|p2: bellenguer2|move: Light Screen\n|upkeep\n|turn|18\n|\n|t:|1700283976\n|move|p2a: Toxapex|Protect|p2a: Toxapex\n|-singleturn|p2a: Toxapex|Protect\n|move|p1a: Greninja|U-turn|p2a: Toxapex\n|-start|p1a: Greninja|typechange|Bug|[from] ability: Protean\n|-activate|p2a: Toxapex|move: Protect\n|\n|-weather|Snow|[upkeep]\n|-damage|p1a: Greninja|33\/100 tox|[from] psn\n|upkeep\n|turn|19\n|\n|t:|1700283989\n|move|p1a: Greninja|Bounce||[still]\n|-prepare|p1a: Greninja|Bounce\n|move|p2a: Toxapex|Recover||[still]\n|-fail|p2a: Toxapex|heal\n|\n|-weather|none\n|-damage|p1a: Greninja|15\/100 tox|[from] psn\n|-sideend|p1: Lao666|move: Tailwind\n|upkeep\n|turn|20\n|\n|t:|1700283996\n|move|p2a: Toxapex|Protect|p2a: Toxapex\n|-singleturn|p2a: Toxapex|Protect\n|move|p1a: Greninja|Bounce|p2a: Toxapex|[from]lockedmove\n|-activate|p2a: Toxapex|move: Protect\n|\n|-damage|p1a: Greninja|0 fnt|[from] psn\n|faint|p1a: Greninja\n|upkeep\n|\n|t:|1700284004\n|switch|p1a: Ceruledge|Ceruledge, F, tera:Fire|69\/100\n|-status|p1a: Ceruledge|tox\n|-damage|p1a: Ceruledge|44\/100 tox|[from] Stealth Rock\n|turn|21\n|inactive|Lao666 has 120 seconds left.\n|\n|t:|1700284017\n|move|p1a: Ceruledge|Heat Wave|p2a: Toxapex\n|-resisted|p2a: Toxapex\n|-crit|p2a: Toxapex\n|-damage|p2a: Toxapex|80\/100\n|move|p2a: Toxapex|Surf|p1a: Ceruledge\n|-supereffective|p1a: Ceruledge\n|-damage|p1a: Ceruledge|3\/100 tox\n|\n|-heal|p2a: Toxapex|86\/100|[from] item: Black Sludge\n|-damage|p1a: Ceruledge|0 fnt|[from] psn\n|faint|p1a: Ceruledge\n|upkeep\n|\n|t:|1700284027\n|switch|p1a: Dragonite|Dragonite, F|35\/100\n|-damage|p1a: Dragonite|10\/100|[from] Stealth Rock\n|turn|22\n|-message|Lao666 forfeited.\n|\n|win|bellenguer2\n|raw|Lao666's rating: 1001 &rarr; <strong>1000<\/strong><br \/>(-1 for losing)\n|raw|bellenguer2's rating: 1059 &rarr; <strong>1085<\/strong><br \/>(+26 for winning)\n|l|\u2606Lao666\n","uploadtime":1700284037,"views":10,"p1id":"lao666","p2id":"bellenguer2","formatid":"gen9ou","rating":1000,"private":0,"password":""}