{"id":"gen9ou-1994206976","p1":"7#tm","p2":"OUHF Zam Zam","format":"[Gen 9] OU","log":"|j|\u26067#tm\n|j|\u2606OUHF Zam Zam\n|t:|1700418908\n|gametype|singles\n|player|p1|7#tm|fantina|1578\n|player|p2|OUHF Zam Zam|palmer|1813\n|teamsize|p1|6\n|teamsize|p2|6\n|gen|9\n|tier|[Gen 9] OU\n|rated|\n|rule|Sleep Clause Mod: Limit one foe put to sleep\n|rule|Species Clause: Limit one of each Pok\u00e9mon\n|rule|OHKO Clause: OHKO moves are banned\n|rule|Evasion Items Clause: Evasion items are banned\n|rule|Evasion Moves Clause: Evasion moves are banned\n|rule|Endless Battle Clause: Forcing endless battles is banned\n|rule|HP Percentage Mod: HP is shown in percentages\n|clearpoke\n|poke|p1|Torkoal, M|\n|poke|p1|Walking Wake|\n|poke|p1|Lilligant-Hisui, F|\n|poke|p1|Cresselia, F|\n|poke|p1|Cinderace, M|\n|poke|p1|Enamorus-Therian, F|\n|poke|p2|Ogerpon-Wellspring, F|\n|poke|p2|Gholdengo|\n|poke|p2|Landorus-Therian, M|\n|poke|p2|Cinderace, F|\n|poke|p2|Muk-Alola, M|\n|poke|p2|Iron Valiant|\n|teampreview\n|inactive|Battle timer is ON: inactive players will automatically lose when time's up. (requested by OUHF Zam Zam)\n|inactive|7#tm also wants the timer to be on.\n|inactive|OUHF Zam Zam has 120 seconds left.\n|j| FatherSuperior7\n|j| Jontrendline\n|inactive|OUHF Zam Zam has 90 seconds left.\n|\n|t:|1700418982\n|start\n|switch|p1a: Cinderace|Cinderace, M|100\/100\n|switch|p2a: Ogerpon|Ogerpon-Wellspring, F|100\/100\n|turn|1\n|\n|t:|1700419000\n|switch|p2a: Cinderace|Cinderace, F|100\/100\n|move|p1a: Cinderace|U-turn|p2a: Cinderace\n|-start|p1a: Cinderace|typechange|Bug|[from] ability: Libero\n|-resisted|p2a: Cinderace\n|-damage|p2a: Cinderace|80\/100\n|\n|t:|1700419007\n|switch|p1a: Torkoal|Torkoal, M|100\/100|[from] U-turn\n|-weather|SunnyDay|[from] ability: Drought|[of] p1a: Torkoal\n|\n|-weather|SunnyDay|[upkeep]\n|upkeep\n|turn|2\n|\n|t:|1700419036\n|switch|p1a: Walking Wake|Walking Wake|100\/100\n|-activate|p1a: Walking Wake|ability: Protosynthesis\n|-start|p1a: Walking Wake|protosynthesisspe\n|move|p2a: Cinderace|U-turn|p1a: Walking Wake\n|-damage|p1a: Walking Wake|80\/100\n|inactive|OUHF Zam Zam has 120 seconds left.\n|\n|t:|1700419054\n|switch|p2a: Muk|Muk-Alola, M|100\/100|[from] U-turn\n|\n|-weather|SunnyDay|[upkeep]\n|upkeep\n|turn|3\n|\n|t:|1700419071\n|move|p1a: Walking Wake|Hydro Steam|p2a: Muk\n|-damage|p2a: Muk|48\/100\n|move|p2a: Muk|Knock Off|p1a: Walking Wake\n|-damage|p1a: Walking Wake|42\/100\n|-enditem|p1a: Walking Wake|Choice Specs|[from] move: Knock Off|[of] p2a: Muk\n|\n|-weather|SunnyDay|[upkeep]\n|-heal|p2a: Muk|54\/100|[from] item: Leftovers\n|upkeep\n|turn|4\n|inactive|OUHF Zam Zam has 120 seconds left.\n|\n|t:|1700419087\n|move|p2a: Muk|Protect|p2a: Muk\n|-singleturn|p2a: Muk|Protect\n|move|p1a: Walking Wake|Draco Meteor|p2a: Muk\n|-activate|p2a: Muk|move: Protect\n|\n|-weather|SunnyDay|[upkeep]\n|-heal|p2a: Muk|60\/100|[from] item: Leftovers\n|upkeep\n|turn|5\n|\n|t:|1700419107\n|-end|p1a: Walking Wake|Protosynthesis|[silent]\n|switch|p1a: Cinderace|Cinderace, M|100\/100\n|move|p2a: Muk|Poison Jab|p1a: Cinderace\n|-damage|p1a: Cinderace|59\/100\n|-status|p1a: Cinderace|psn\n|\n|-weather|SunnyDay|[upkeep]\n|-heal|p2a: Muk|66\/100|[from] item: Leftovers\n|-damage|p1a: Cinderace|47\/100 psn|[from] psn\n|upkeep\n|turn|6\n|\n|t:|1700419122\n|move|p2a: Muk|Protect|p2a: Muk\n|-singleturn|p2a: Muk|Protect\n|move|p1a: Cinderace|Pyro Ball|p2a: Muk\n|-activate|p2a: Muk|move: Protect\n|\n|-weather|SunnyDay|[upkeep]\n|-heal|p2a: Muk|72\/100|[from] item: Leftovers\n|-damage|p1a: Cinderace|34\/100 psn|[from] psn\n|upkeep\n|turn|7\n|inactive|OUHF Zam Zam has 120 seconds left.\n|\n|t:|1700419171\n|switch|p2a: Cinderace|Cinderace, F|80\/100\n|move|p1a: Cinderace|Pyro Ball|p2a: Cinderace\n|-resisted|p2a: Cinderace\n|-crit|p2a: Cinderace\n|-damage|p2a: Cinderace|2\/100\n|\n|-weather|SunnyDay|[upkeep]\n|-damage|p1a: Cinderace|22\/100 psn|[from] psn\n|upkeep\n|turn|8\n|inactive|OUHF Zam Zam has 90 seconds left.\n|\n|t:|1700419191\n|move|p1a: Cinderace|U-turn|p2a: Cinderace\n|-start|p1a: Cinderace|typechange|Bug|[from] ability: Libero\n|-resisted|p2a: Cinderace\n|-damage|p2a: Cinderace|0 fnt\n|faint|p2a: Cinderace\n|inactive|7#tm has 120 seconds left.\n|\n|t:|1700419208\n|switch|p1a: Cresselia|Cresselia, F|100\/100|[from] U-turn\n|\n|-weather|none\n|upkeep\n|inactive|OUHF Zam Zam has 90 seconds left.\n|\n|t:|1700419224\n|switch|p2a: Gholdengo|Gholdengo|100\/100\n|turn|9\n|\n|t:|1700419234\n|switch|p1a: Cinderace|Cinderace, M|22\/100 psn\n|move|p2a: Gholdengo|Shadow Ball|p1a: Cinderace\n|-damage|p1a: Cinderace|0 fnt\n|faint|p1a: Cinderace\n|\n|upkeep\n|\n|t:|1700419246\n|switch|p1a: Torkoal|Torkoal, M|100\/100\n|-weather|SunnyDay|[from] ability: Drought|[of] p1a: Torkoal\n|turn|10\n|inactive|OUHF Zam Zam has 90 seconds left.\n|\n|t:|1700419277\n|switch|p2a: Muk|Muk-Alola, M|72\/100\n|move|p1a: Torkoal|Lava Plume|p2a: Muk\n|-damage|p2a: Muk|50\/100\n|\n|-weather|SunnyDay|[upkeep]\n|-heal|p2a: Muk|57\/100|[from] item: Leftovers\n|upkeep\n|turn|11\n|\n|t:|1700419294\n|move|p2a: Muk|Poison Jab|p1a: Torkoal\n|-damage|p1a: Torkoal|84\/100\n|-status|p1a: Torkoal|psn|[from] ability: Poison Touch|[of] p2a: Muk\n|move|p1a: Torkoal|Stealth Rock|p2a: Muk\n|-sidestart|p2: OUHF Zam Zam|move: Stealth Rock\n|\n|-weather|SunnyDay|[upkeep]\n|-heal|p2a: Muk|63\/100|[from] item: Leftovers\n|-damage|p1a: Torkoal|72\/100 psn|[from] psn\n|upkeep\n|turn|12\n|\n|t:|1700419309\n|move|p2a: Muk|Knock Off|p1a: Torkoal\n|-crit|p1a: Torkoal\n|-damage|p1a: Torkoal|42\/100 psn\n|-enditem|p1a: Torkoal|Heat Rock|[from] move: Knock Off|[of] p2a: Muk\n|move|p1a: Torkoal|Yawn|p2a: Muk\n|-start|p2a: Muk|move: Yawn|[of] p1a: Torkoal\n|\n|-weather|SunnyDay|[upkeep]\n|-heal|p2a: Muk|69\/100|[from] item: Leftovers\n|-damage|p1a: Torkoal|30\/100 psn|[from] psn\n|upkeep\n|turn|13\n|\n|t:|1700419331\n|switch|p2a: Landorus|Landorus-Therian, M|100\/100\n|-damage|p2a: Landorus|88\/100|[from] Stealth Rock\n|-ability|p2a: Landorus|Intimidate|boost\n|-unboost|p1a: Torkoal|atk|1\n|switch|p1a: Lilligant|Lilligant-Hisui, F|100\/100\n|\n|-weather|SunnyDay|[upkeep]\n|upkeep\n|turn|14\n|inactive|OUHF Zam Zam has 60 seconds left.\n|\n|t:|1700419349\n|move|p1a: Lilligant|Swords Dance|p1a: Lilligant\n|-boost|p1a: Lilligant|atk|2\n|move|p2a: Landorus|U-turn|p1a: Lilligant\n|-damage|p1a: Lilligant|71\/100\n|inactive|OUHF Zam Zam has 60 seconds left.\n|\n|t:|1700419367\n|switch|p2a: Gholdengo|Gholdengo|100\/100|[from] U-turn\n|-damage|p2a: Gholdengo|94\/100|[from] Stealth Rock\n|\n|-weather|SunnyDay|[upkeep]\n|upkeep\n|turn|15\n|\n|t:|1700419376\n|move|p1a: Lilligant|Solar Blade||[still]\n|-prepare|p1a: Lilligant|Solar Blade\n|-anim|p1a: Lilligant|Solar Blade|p2a: Gholdengo\n|-resisted|p2a: Gholdengo\n|-damage|p2a: Gholdengo|31\/100\n|move|p2a: Gholdengo|Shadow Ball|p1a: Lilligant\n|-damage|p1a: Lilligant|0 fnt\n|faint|p1a: Lilligant\n|\n|-weather|SunnyDay|[upkeep]\n|upkeep\n|\n|t:|1700419389\n|switch|p1a: Walking Wake|Walking Wake|42\/100\n|-activate|p1a: Walking Wake|ability: Protosynthesis\n|-start|p1a: Walking Wake|protosynthesisspe\n|turn|16\n|inactive|OUHF Zam Zam has 60 seconds left.\n|\n|t:|1700419428\n|switch|p2a: Iron Valiant|Iron Valiant|100\/100\n|-damage|p2a: Iron Valiant|94\/100|[from] Stealth Rock\n|-enditem|p2a: Iron Valiant|Booster Energy\n|-activate|p2a: Iron Valiant|ability: Quark Drive|[fromitem]\n|-start|p2a: Iron Valiant|quarkdrivespe\n|move|p1a: Walking Wake|Dragon Pulse|p2a: Iron Valiant\n|-immune|p2a: Iron Valiant\n|\n|-weather|SunnyDay|[upkeep]\n|upkeep\n|turn|17\n|\n|t:|1700419447\n|-end|p1a: Walking Wake|Protosynthesis|[silent]\n|switch|p1a: Enamorus|Enamorus-Therian, F|100\/100\n|move|p2a: Iron Valiant|Moonblast|p1a: Enamorus\n|-damage|p1a: Enamorus|66\/100\n|-unboost|p1a: Enamorus|spa|1\n|\n|-weather|none\n|-heal|p1a: Enamorus|72\/100|[from] item: Leftovers\n|upkeep\n|turn|18\n|\n|t:|1700419456\n|move|p2a: Iron Valiant|Moonblast|p1a: Enamorus\n|-damage|p1a: Enamorus|35\/100\n|-unboost|p1a: Enamorus|spa|1\n|move|p1a: Enamorus|Calm Mind|p1a: Enamorus\n|-boost|p1a: Enamorus|spa|1\n|-boost|p1a: Enamorus|spd|1\n|\n|-heal|p1a: Enamorus|41\/100|[from] item: Leftovers\n|upkeep\n|turn|19\n|\n|t:|1700419466\n|-end|p2a: Iron Valiant|Quark Drive|[silent]\n|switch|p2a: Muk|Muk-Alola, M|69\/100\n|-damage|p2a: Muk|56\/100|[from] Stealth Rock\n|switch|p1a: Torkoal|Torkoal, M|30\/100 psn\n|-weather|SunnyDay|[from] ability: Drought|[of] p1a: Torkoal\n|\n|-weather|SunnyDay|[upkeep]\n|-heal|p2a: Muk|62\/100|[from] item: Leftovers\n|-damage|p1a: Torkoal|18\/100 psn|[from] psn\n|upkeep\n|turn|20\n|\n|t:|1700419476\n|move|p2a: Muk|Protect|p2a: Muk\n|-singleturn|p2a: Muk|Protect\n|move|p1a: Torkoal|Lava Plume|p2a: Muk\n|-activate|p2a: Muk|move: Protect\n|\n|-weather|SunnyDay|[upkeep]\n|-heal|p2a: Muk|68\/100|[from] item: Leftovers\n|-damage|p1a: Torkoal|6\/100 psn|[from] psn\n|upkeep\n|turn|21\n|\n|t:|1700419485\n|move|p2a: Muk|Drain Punch|p1a: Torkoal\n|-damage|p1a: Torkoal|0 fnt\n|-heal|p2a: Muk|71\/100|[from] drain|[of] p1a: Torkoal\n|faint|p1a: Torkoal\n|\n|-weather|SunnyDay|[upkeep]\n|-heal|p2a: Muk|77\/100|[from] item: Leftovers\n|upkeep\n|\n|t:|1700419493\n|switch|p1a: Cresselia|Cresselia, F|100\/100\n|turn|22\n|\n|t:|1700419498\n|switch|p2a: Ogerpon|Ogerpon-Wellspring, F|100\/100\n|-damage|p2a: Ogerpon|88\/100|[from] Stealth Rock\n|-terastallize|p1a: Cresselia|Poison\n|move|p1a: Cresselia|Calm Mind|p1a: Cresselia\n|-boost|p1a: Cresselia|spa|1\n|-boost|p1a: Cresselia|spd|1\n|\n|-weather|SunnyDay|[upkeep]\n|upkeep\n|turn|23\n|\n|t:|1700419508\n|switch|p1a: Walking Wake|Walking Wake|42\/100\n|-activate|p1a: Walking Wake|ability: Protosynthesis\n|-start|p1a: Walking Wake|protosynthesisspe\n|move|p2a: Ogerpon|Encore||[still]\n|-fail|p2a: Ogerpon\n|\n|-weather|none\n|-end|p1a: Walking Wake|Protosynthesis\n|upkeep\n|turn|24\n|\n|t:|1700419535\n|move|p2a: Ogerpon|Horn Leech|p1a: Walking Wake\n|-damage|p1a: Walking Wake|0 fnt\n|-heal|p2a: Ogerpon|100\/100|[from] drain|[of] p1a: Walking Wake\n|faint|p1a: Walking Wake\n|-end|p1a: Walking Wake|Protosynthesis|[silent]\n|\n|upkeep\n|\n|t:|1700419541\n|switch|p1a: Enamorus|Enamorus-Therian, F|41\/100\n|turn|25\n|\n|t:|1700419544\n|-terastallize|p2a: Ogerpon|Water\n|detailschange|p2a: Ogerpon|Ogerpon-Wellspring-Tera, F, tera:Water\n|-ability|p2a: Ogerpon|Embody Aspect (Wellspring)|boost\n|-boost|p2a: Ogerpon|spd|1\n|move|p2a: Ogerpon|Ivy Cudgel|p1a: Enamorus|[anim] Ivy Cudgel Water\n|-damage|p1a: Enamorus|0 fnt\n|faint|p1a: Enamorus\n|\n|upkeep\n|\n|t:|1700419552\n|switch|p1a: Cresselia|Cresselia, F, tera:Poison|100\/100\n|turn|26\n|\n|t:|1700419555\n|move|p2a: Ogerpon|Ivy Cudgel|p1a: Cresselia|[anim] Ivy Cudgel Water\n|-damage|p1a: Cresselia|59\/100\n|move|p1a: Cresselia|Moonblast|p2a: Ogerpon\n|-damage|p2a: Ogerpon|87\/100\n|\n|-heal|p1a: Cresselia|65\/100|[from] item: Leftovers\n|upkeep\n|turn|27\n|c|\u2606OUHF Zam Zam|gg\n|\n|t:|1700419565\n|move|p2a: Ogerpon|Ivy Cudgel|p1a: Cresselia|[anim] Ivy Cudgel Water\n|-damage|p1a: Cresselia|26\/100\n|move|p1a: Cresselia|Moonblast|p2a: Ogerpon\n|-damage|p2a: Ogerpon|73\/100\n|\n|-heal|p1a: Cresselia|32\/100|[from] item: Leftovers\n|upkeep\n|turn|28\n|\n|t:|1700419572\n|move|p2a: Ogerpon|Ivy Cudgel|p1a: Cresselia|[anim] Ivy Cudgel Water\n|-damage|p1a: Cresselia|0 fnt\n|faint|p1a: Cresselia\n|\n|win|OUHF Zam Zam\n|raw|7#tm's rating: 1578 &rarr; <strong>1570<\/strong><br \/>(-8 for losing)\n|raw|OUHF Zam Zam's rating: 1813 &rarr; <strong>1821<\/strong><br \/>(+8 for winning)\n|l|\u26067#tm\n","uploadtime":1700419583,"views":6,"p1id":"7tm","p2id":"ouhfzamzam","formatid":"gen9ou","rating":1570,"private":0,"password":""}