{"id":"gen9ou-1988239692","p1":"actualonion","p2":"zicofool","format":"[Gen 9] OU","log":"|j|\u2606actualonion\n|j|\u2606zicofool\n|t:|1699692116\n|gametype|singles\n|player|p1|actualonion|allister|1498\n|player|p2|zicofool|may-masters|1526\n|teamsize|p1|6\n|teamsize|p2|6\n|gen|9\n|tier|[Gen 9] OU\n|rated|\n|rule|Sleep Clause Mod: Limit one foe put to sleep\n|rule|Species Clause: Limit one of each Pok\u00e9mon\n|rule|OHKO Clause: OHKO moves are banned\n|rule|Evasion Items Clause: Evasion items are banned\n|rule|Evasion Moves Clause: Evasion moves are banned\n|rule|Endless Battle Clause: Forcing endless battles is banned\n|rule|HP Percentage Mod: HP is shown in percentages\n|clearpoke\n|poke|p1|Hatterene, F|\n|poke|p1|Cresselia, F|\n|poke|p1|Slowking-Galar, F|\n|poke|p1|Ursaluna, F|\n|poke|p1|Glastrier|\n|poke|p1|Kingambit, M|\n|poke|p2|Ogerpon, F|\n|poke|p2|Sneasler, F|\n|poke|p2|Maushold-Four|\n|poke|p2|Volcanion|\n|poke|p2|Corviknight, M|\n|poke|p2|Grafaiai, M|\n|teampreview\n|\n|t:|1699692124\n|start\n|switch|p1a: Hatterene|Hatterene, F|100\/100\n|switch|p2a: Volcanion|Volcanion|100\/100\n|turn|1\n|\n|t:|1699692129\n|move|p2a: Volcanion|Steam Eruption|p1a: Hatterene\n|-damage|p1a: Hatterene|1\/100\n|move|p1a: Hatterene|Trick Room|p1a: Hatterene\n|-fieldstart|move: Trick Room|[of] p1a: Hatterene\n|\n|upkeep\n|turn|2\n|\n|t:|1699692137\n|switch|p2a: Grafaiai|Grafaiai, M|100\/100\n|move|p1a: Hatterene|Healing Wish|p1a: Hatterene\n|faint|p1a: Hatterene\n|\n|upkeep\n|\n|t:|1699692142\n|switch|p1a: Ursaluna|Ursaluna, F|100\/100\n|turn|3\n|\n|t:|1699692148\n|move|p2a: Grafaiai|Parting Shot|p1a: Ursaluna\n|-unboost|p1a: Ursaluna|atk|1\n|-unboost|p1a: Ursaluna|spa|1\n|\n|t:|1699692164\n|switch|p2a: Corviknight|Corviknight, M|100\/100|[from] Parting Shot\n|-ability|p2a: Corviknight|Pressure\n|move|p1a: Ursaluna|Facade|p2a: Corviknight\n|-resisted|p2a: Corviknight\n|-damage|p2a: Corviknight|88\/100\n|\n|-heal|p2a: Corviknight|94\/100|[from] item: Leftovers\n|-status|p1a: Ursaluna|brn|[from] item: Flame Orb\n|upkeep\n|turn|4\n|\n|t:|1699692174\n|move|p1a: Ursaluna|Swords Dance|p1a: Ursaluna\n|-boost|p1a: Ursaluna|atk|2\n|move|p2a: Corviknight|Bulk Up|p2a: Corviknight\n|-boost|p2a: Corviknight|atk|1\n|-boost|p2a: Corviknight|def|1\n|\n|-heal|p2a: Corviknight|100\/100|[from] item: Leftovers\n|-damage|p1a: Ursaluna|94\/100 brn|[from] brn\n|upkeep\n|turn|5\n|\n|t:|1699692183\n|move|p1a: Ursaluna|Fire Punch|p2a: Corviknight\n|-supereffective|p2a: Corviknight\n|-damage|p2a: Corviknight|32\/100\n|move|p2a: Corviknight|Bulk Up|p2a: Corviknight\n|-boost|p2a: Corviknight|atk|1\n|-boost|p2a: Corviknight|def|1\n|\n|-heal|p2a: Corviknight|39\/100|[from] item: Leftovers\n|-damage|p1a: Ursaluna|88\/100 brn|[from] brn\n|-fieldend|move: Trick Room\n|upkeep\n|turn|6\n|\n|t:|1699692196\n|move|p2a: Corviknight|Body Press|p1a: Ursaluna\n|-supereffective|p1a: Ursaluna\n|-damage|p1a: Ursaluna|31\/100 brn\n|move|p1a: Ursaluna|Fire Punch|p2a: Corviknight\n|-supereffective|p2a: Corviknight\n|-damage|p2a: Corviknight|0 fnt\n|faint|p2a: Corviknight\n|\n|-damage|p1a: Ursaluna|24\/100 brn|[from] brn\n|upkeep\n|\n|t:|1699692208\n|switch|p2a: Maushold|Maushold-Four|100\/100\n|turn|7\n|\n|t:|1699692210\n|switch|p1a: Cresselia|Cresselia, F|100\/100\n|move|p2a: Maushold|Population Bomb|p1a: Cresselia\n|-damage|p1a: Cresselia|94\/100\n|-damage|p2a: Maushold|84\/100|[from] item: Rocky Helmet|[of] p1a: Cresselia\n|-damage|p1a: Cresselia|88\/100\n|-damage|p2a: Maushold|67\/100|[from] item: Rocky Helmet|[of] p1a: Cresselia\n|-damage|p1a: Cresselia|82\/100\n|-damage|p2a: Maushold|51\/100|[from] item: Rocky Helmet|[of] p1a: Cresselia\n|-damage|p1a: Cresselia|75\/100\n|-damage|p2a: Maushold|34\/100|[from] item: Rocky Helmet|[of] p1a: Cresselia\n|-damage|p1a: Cresselia|69\/100\n|-damage|p2a: Maushold|17\/100|[from] item: Rocky Helmet|[of] p1a: Cresselia\n|-damage|p1a: Cresselia|63\/100\n|-damage|p2a: Maushold|1\/100|[from] item: Rocky Helmet|[of] p1a: Cresselia\n|-damage|p1a: Cresselia|57\/100\n|-damage|p2a: Maushold|0 fnt|[from] item: Rocky Helmet|[of] p1a: Cresselia\n|faint|p2a: Maushold\n|-hitcount|p1a: Cresselia|7\n|\n|upkeep\n|\n|t:|1699692216\n|switch|p2a: Ogerpon|Ogerpon, F|100\/100\n|turn|8\n|\n|t:|1699692234\n|move|p2a: Ogerpon|Knock Off|p1a: Cresselia\n|-supereffective|p1a: Cresselia\n|-damage|p1a: Cresselia|10\/100\n|-damage|p2a: Ogerpon|84\/100|[from] item: Rocky Helmet|[of] p1a: Cresselia\n|-enditem|p1a: Cresselia|Rocky Helmet|[from] move: Knock Off|[of] p2a: Ogerpon\n|move|p1a: Cresselia|Trick Room|p1a: Cresselia\n|-fieldstart|move: Trick Room|[of] p1a: Cresselia\n|\n|upkeep\n|turn|9\n|inactive|Battle timer is ON: inactive players will automatically lose when time's up. (requested by actualonion)\n|\n|t:|1699692294\n|switch|p2a: Grafaiai|Grafaiai, M|100\/100\n|move|p1a: Cresselia|Lunar Dance|p1a: Cresselia\n|faint|p1a: Cresselia\n|\n|upkeep\n|\n|t:|1699692302\n|switch|p1a: Ursaluna|Ursaluna, F|24\/100 brn\n|-heal|p1a: Ursaluna|100\/100|[from] move: Healing Wish\n|-heal|p1a: Ursaluna|100\/100|[from] move: Lunar Dance\n|turn|10\n|\n|t:|1699692323\n|move|p2a: Grafaiai|Parting Shot|p1a: Ursaluna\n|-unboost|p1a: Ursaluna|atk|1\n|-unboost|p1a: Ursaluna|spa|1\n|\n|t:|1699692333\n|switch|p2a: Ogerpon|Ogerpon, F|84\/100|[from] Parting Shot\n|move|p1a: Ursaluna|Swords Dance|p1a: Ursaluna\n|-boost|p1a: Ursaluna|atk|2\n|\n|-status|p1a: Ursaluna|brn|[from] item: Flame Orb\n|upkeep\n|turn|11\n|\n|t:|1699692342\n|switch|p2a: Grafaiai|Grafaiai, M|100\/100\n|move|p1a: Ursaluna|Facade|p2a: Grafaiai\n|-damage|p2a: Grafaiai|0 fnt\n|faint|p2a: Grafaiai\n|\n|-damage|p1a: Ursaluna|94\/100 brn|[from] brn\n|upkeep\n|\n|t:|1699692351\n|switch|p2a: Sneasler|Sneasler, F|100\/100\n|turn|12\n|\n|t:|1699692354\n|move|p1a: Ursaluna|Facade|p2a: Sneasler\n|-damage|p2a: Sneasler|0 fnt\n|faint|p2a: Sneasler\n|\n|-damage|p1a: Ursaluna|88\/100 brn|[from] brn\n|-fieldend|move: Trick Room\n|upkeep\n|\n|t:|1699692360\n|switch|p2a: Volcanion|Volcanion|100\/100\n|turn|13\n|\n|t:|1699692363\n|-terastallize|p1a: Ursaluna|Dragon\n|move|p2a: Volcanion|Steam Eruption|p1a: Ursaluna\n|-resisted|p1a: Ursaluna\n|-damage|p1a: Ursaluna|50\/100 brn\n|move|p1a: Ursaluna|Facade|p2a: Volcanion\n|-damage|p2a: Volcanion|0 fnt\n|faint|p2a: Volcanion\n|\n|-damage|p1a: Ursaluna|44\/100 brn|[from] brn\n|upkeep\n|\n|t:|1699692368\n|switch|p2a: Ogerpon|Ogerpon, F|84\/100\n|turn|14\n|\n|t:|1699692374\n|-terastallize|p2a: Ogerpon|Grass\n|detailschange|p2a: Ogerpon|Ogerpon-Teal-Tera, F, tera:Grass\n|-ability|p2a: Ogerpon|Embody Aspect (Teal)|boost\n|-boost|p2a: Ogerpon|spe|1\n|move|p2a: Ogerpon|Ivy Cudgel|p1a: Ursaluna\n|-resisted|p1a: Ursaluna\n|-damage|p1a: Ursaluna|10\/100 brn\n|move|p1a: Ursaluna|Facade|p2a: Ogerpon\n|-damage|p2a: Ogerpon|0 fnt\n|faint|p2a: Ogerpon\n|\n|win|actualonion\n|raw|actualonion's rating: 1498 &rarr; <strong>1520<\/strong><br \/>(+22 for winning)\n|raw|zicofool's rating: 1526 &rarr; <strong>1504<\/strong><br \/>(-22 for losing)\n|l|\u2606zicofool\n","uploadtime":1699692387,"views":21,"p1id":"actualonion","p2id":"zicofool","formatid":"gen9ou","rating":1504,"private":0,"password":""}