{"id":"gen9ou-1989972135","p1":"WAIT IM GOATED","p2":"Folcard","format":"[Gen 9] OU","log":"|j|\u2606WAIT IM GOATED\n|j|\u2606Folcard\n|t:|1699911434\n|gametype|singles\n|player|p1|WAIT IM GOATED|1|1444\n|player|p2|Folcard|169|1338\n|teamsize|p1|6\n|teamsize|p2|6\n|gen|9\n|tier|[Gen 9] OU\n|rated|\n|rule|Sleep Clause Mod: Limit one foe put to sleep\n|rule|Species Clause: Limit one of each Pok\u00e9mon\n|rule|OHKO Clause: OHKO moves are banned\n|rule|Evasion Items Clause: Evasion items are banned\n|rule|Evasion Moves Clause: Evasion moves are banned\n|rule|Endless Battle Clause: Forcing endless battles is banned\n|rule|HP Percentage Mod: HP is shown in percentages\n|clearpoke\n|poke|p1|Weavile, M|\n|poke|p1|Dragapult, M|\n|poke|p1|Heatran, M|\n|poke|p1|Great Tusk|\n|poke|p1|Amoonguss, M|\n|poke|p1|Enamorus, F|\n|poke|p2|Kingambit, F|\n|poke|p2|Glimmora, M|\n|poke|p2|Zamazenta-*|\n|poke|p2|Iron Valiant|\n|poke|p2|Iron Moth|\n|poke|p2|Ogerpon-Wellspring, F|\n|teampreview\n|inactive|Battle timer is ON: inactive players will automatically lose when time's up. (requested by WAIT IM GOATED)\n|\n|t:|1699911445\n|start\n|switch|p1a: Amoonguss|Amoonguss, M|100\/100\n|switch|p2a: Ogerpon|Ogerpon-Wellspring, F|100\/100\n|turn|1\n|\n|t:|1699911454\n|move|p2a: Ogerpon|Knock Off|p1a: Amoonguss\n|-damage|p1a: Amoonguss|64\/100\n|-enditem|p1a: Amoonguss|Red Card|[from] move: Knock Off|[of] p2a: Ogerpon\n|move|p1a: Amoonguss|Spore|p2a: Ogerpon\n|-immune|p2a: Ogerpon\n|\n|upkeep\n|turn|2\n|\n|t:|1699911459\n|move|p2a: Ogerpon|Swords Dance|p2a: Ogerpon\n|-boost|p2a: Ogerpon|atk|2\n|move|p1a: Amoonguss|Sludge Bomb|p2a: Ogerpon\n|-supereffective|p2a: Ogerpon\n|-damage|p2a: Ogerpon|33\/100\n|\n|upkeep\n|turn|3\n|\n|t:|1699911471\n|move|p2a: Ogerpon|Ivy Cudgel|p1a: Amoonguss\n|-resisted|p1a: Amoonguss\n|-damage|p1a: Amoonguss|7\/100\n|move|p1a: Amoonguss|Sludge Bomb|p2a: Ogerpon\n|-supereffective|p2a: Ogerpon\n|-damage|p2a: Ogerpon|0 fnt\n|faint|p2a: Ogerpon\n|\n|upkeep\n|\n|t:|1699911474\n|switch|p2a: Iron Moth|Iron Moth|100\/100\n|-enditem|p2a: Iron Moth|Booster Energy\n|-activate|p2a: Iron Moth|ability: Quark Drive|[fromitem]\n|-start|p2a: Iron Moth|quarkdrivespe\n|turn|4\n|l|\u2606WAIT IM GOATED\n|inactive|WAIT IM GOATED disconnected and has a minute to reconnect!\n|player|p1|\n|inactive|WAIT IM GOATED has 30 seconds to reconnect!\n|j|\u2606WAIT IM GOATED\n|inactive|WAIT IM GOATED reconnected and has 120 seconds left.\n|player|p1|WAIT IM GOATED|1\n|\n|t:|1699911508\n|switch|p1a: Heatran|Heatran, M|100\/100\n|-item|p1a: Heatran|Air Balloon\n|move|p2a: Iron Moth|Substitute|p2a: Iron Moth\n|-start|p2a: Iron Moth|Substitute\n|-damage|p2a: Iron Moth|76\/100\n|\n|upkeep\n|turn|5\n|\n|t:|1699911513\n|move|p2a: Iron Moth|Dazzling Gleam|p1a: Heatran\n|-resisted|p1a: Heatran\n|-damage|p1a: Heatran|94\/100\n|-enditem|p1a: Heatran|Air Balloon\n|move|p1a: Heatran|Earth Power|p2a: Iron Moth\n|-supereffective|p2a: Iron Moth\n|-end|p2a: Iron Moth|Substitute\n|\n|upkeep\n|turn|6\n|\n|t:|1699911523\n|-end|p2a: Iron Moth|Quark Drive|[silent]\n|switch|p2a: Glimmora|Glimmora, M|100\/100\n|move|p1a: Heatran|Magma Storm|p2a: Glimmora\n|-resisted|p2a: Glimmora\n|-damage|p2a: Glimmora|61\/100\n|-activate|p2a: Glimmora|move: Magma Storm|[of] p1a: Heatran\n|\n|-damage|p2a: Glimmora|49\/100|[from] move: Magma Storm|[partiallytrapped]\n|upkeep\n|turn|7\n|\n|t:|1699911530\n|-terastallize|p1a: Heatran|Flying\n|move|p2a: Glimmora|Earth Power|p1a: Heatran\n|-immune|p1a: Heatran\n|move|p1a: Heatran|Earth Power|p2a: Glimmora\n|-supereffective|p2a: Glimmora\n|-damage|p2a: Glimmora|0 fnt\n|faint|p2a: Glimmora\n|\n|upkeep\n|\n|t:|1699911544\n|switch|p2a: Zamazenta|Zamazenta, shiny|100\/100\n|-ability|p2a: Zamazenta|Dauntless Shield|boost\n|-boost|p2a: Zamazenta|def|1\n|turn|8\n|\n|t:|1699911551\n|move|p2a: Zamazenta|Stone Edge|p1a: Heatran\n|-supereffective|p1a: Heatran\n|-damage|p1a: Heatran|39\/100\n|move|p1a: Heatran|Magma Storm|p2a: Zamazenta\n|-damage|p2a: Zamazenta|53\/100\n|-activate|p2a: Zamazenta|move: Magma Storm|[of] p1a: Heatran\n|\n|-heal|p2a: Zamazenta|60\/100|[from] item: Leftovers\n|-damage|p2a: Zamazenta|47\/100|[from] move: Magma Storm|[partiallytrapped]\n|upkeep\n|turn|9\n|\n|t:|1699911559\n|move|p2a: Zamazenta|Iron Defense|p2a: Zamazenta\n|-boost|p2a: Zamazenta|def|2\n|move|p1a: Heatran|Will-O-Wisp|p2a: Zamazenta\n|-status|p2a: Zamazenta|brn\n|\n|-heal|p2a: Zamazenta|53\/100 brn|[from] item: Leftovers\n|-damage|p2a: Zamazenta|47\/100 brn|[from] brn\n|-damage|p2a: Zamazenta|35\/100 brn|[from] move: Magma Storm|[partiallytrapped]\n|upkeep\n|turn|10\n|\n|t:|1699911563\n|move|p2a: Zamazenta|Stone Edge|p1a: Heatran\n|-supereffective|p1a: Heatran\n|-damage|p1a: Heatran|8\/100\n|move|p1a: Heatran|Stealth Rock|p2a: Zamazenta\n|-sidestart|p2: Folcard|move: Stealth Rock\n|\n|-heal|p2a: Zamazenta|41\/100 brn|[from] item: Leftovers\n|-damage|p2a: Zamazenta|35\/100 brn|[from] brn\n|-damage|p2a: Zamazenta|23\/100 brn|[from] move: Magma Storm|[partiallytrapped]\n|upkeep\n|turn|11\n|\n|t:|1699911566\n|move|p2a: Zamazenta|Body Press|p1a: Heatran\n|-resisted|p1a: Heatran\n|-damage|p1a: Heatran|0 fnt\n|faint|p1a: Heatran\n|\n|-heal|p2a: Zamazenta|29\/100 brn|[from] item: Leftovers\n|-damage|p2a: Zamazenta|23\/100 brn|[from] brn\n|-end|p2a: Zamazenta|Magma Storm|[partiallytrapped]|[silent]\n|upkeep\n|\n|t:|1699911570\n|switch|p1a: Dragapult|Dragapult, M|100\/100\n|turn|12\n|\n|t:|1699911573\n|move|p1a: Dragapult|Hex|p2a: Zamazenta\n|-damage|p2a: Zamazenta|0 fnt\n|faint|p2a: Zamazenta\n|\n|upkeep\n|\n|t:|1699911579\n|switch|p2a: Iron Valiant|Iron Valiant|100\/100\n|-damage|p2a: Iron Valiant|94\/100|[from] Stealth Rock\n|-enditem|p2a: Iron Valiant|Booster Energy\n|-activate|p2a: Iron Valiant|ability: Quark Drive|[fromitem]\n|-start|p2a: Iron Valiant|quarkdrivespe\n|turn|13\n|\n|t:|1699911592\n|switch|p1a: Amoonguss|Amoonguss, M|41\/100\n|move|p2a: Iron Valiant|Calm Mind|p2a: Iron Valiant\n|-boost|p2a: Iron Valiant|spa|1\n|-boost|p2a: Iron Valiant|spd|1\n|\n|upkeep\n|turn|14\n|\n|t:|1699911597\n|switch|p1a: Weavile|Weavile, M|100\/100\n|move|p2a: Iron Valiant|Psyshock|p1a: Weavile\n|-immune|p1a: Weavile\n|\n|upkeep\n|turn|15\n|\n|t:|1699911602\n|move|p1a: Weavile|Ice Shard|p2a: Iron Valiant\n|-damage|p2a: Iron Valiant|62\/100\n|move|p2a: Iron Valiant|Moonblast|p1a: Weavile\n|-supereffective|p1a: Weavile\n|-damage|p1a: Weavile|0 fnt\n|faint|p1a: Weavile\n|\n|upkeep\n|\n|t:|1699911613\n|switch|p1a: Amoonguss|Amoonguss, M|74\/100\n|turn|16\n|\n|t:|1699911637\n|switch|p1a: Dragapult|Dragapult, M|100\/100\n|move|p2a: Iron Valiant|Psyshock|p1a: Dragapult\n|-damage|p1a: Dragapult|51\/100\n|\n|upkeep\n|turn|17\n|\n|t:|1699911640\n|move|p2a: Iron Valiant|Moonblast|p1a: Dragapult\n|-supereffective|p1a: Dragapult\n|-damage|p1a: Dragapult|0 fnt\n|faint|p1a: Dragapult\n|\n|upkeep\n|\n|t:|1699911641\n|switch|p1a: Amoonguss|Amoonguss, M|100\/100\n|turn|18\n|\n|t:|1699911645\n|move|p2a: Iron Valiant|Psyshock|p1a: Amoonguss\n|-supereffective|p1a: Amoonguss\n|-damage|p1a: Amoonguss|18\/100\n|move|p1a: Amoonguss|Spore|p2a: Iron Valiant\n|-status|p2a: Iron Valiant|slp|[from] move: Spore\n|\n|upkeep\n|turn|19\n|\n|t:|1699911652\n|-end|p2a: Iron Valiant|Quark Drive|[silent]\n|switch|p2a: Khotun Khan|Kingambit, F|100\/100\n|-damage|p2a: Khotun Khan|94\/100|[from] Stealth Rock\n|-activate|p2a: Khotun Khan|ability: Supreme Overlord\n|-start|p2a: Khotun Khan|fallen3|[silent]\n|move|p1a: Amoonguss|Giga Drain|p2a: Khotun Khan\n|-resisted|p2a: Khotun Khan\n|-damage|p2a: Khotun Khan|82\/100\n|-heal|p1a: Amoonguss|23\/100|[from] drain|[of] p2a: Khotun Khan\n|\n|upkeep\n|turn|20\n|\n|t:|1699911662\n|-end|p2a: Khotun Khan|fallen3|[silent]\n|switch|p2a: Iron Moth|Iron Moth|76\/100\n|-damage|p2a: Iron Moth|51\/100|[from] Stealth Rock\n|switch|p1a: Great Tusk|Great Tusk|100\/100\n|\n|upkeep\n|turn|21\n|\n|t:|1699911668\n|-terastallize|p2a: Iron Moth|Fairy\n|move|p2a: Iron Moth|Dazzling Gleam|p1a: Great Tusk\n|-supereffective|p1a: Great Tusk\n|-damage|p1a: Great Tusk|0 fnt\n|faint|p1a: Great Tusk\n|-end|p1a: Great Tusk|Protosynthesis|[silent]\n|\n|upkeep\n|\n|t:|1699911673\n|switch|p1a: Enamorus|Enamorus, F|100\/100\n|turn|22\n|\n|t:|1699911678\n|move|p2a: Iron Moth|Sludge Wave|p1a: Enamorus\n|-supereffective|p1a: Enamorus\n|-damage|p1a: Enamorus|0 fnt\n|faint|p1a: Enamorus\n|\n|upkeep\n|\n|t:|1699911680\n|switch|p1a: Amoonguss|Amoonguss, M|57\/100\n|turn|23\n|\n|t:|1699911684\n|move|p2a: Iron Moth|Fiery Dance|p1a: Amoonguss\n|-supereffective|p1a: Amoonguss\n|-damage|p1a: Amoonguss|2\/100\n|-boost|p2a: Iron Moth|spa|1\n|move|p1a: Amoonguss|Sludge Bomb|p2a: Iron Moth\n|-supereffective|p2a: Iron Moth\n|-damage|p2a: Iron Moth|0 fnt\n|faint|p2a: Iron Moth\n|-end|p2a: Iron Moth|Quark Drive|[silent]\n|\n|upkeep\n|\n|t:|1699911689\n|switch|p2a: Khotun Khan|Kingambit, F|82\/100\n|-damage|p2a: Khotun Khan|76\/100|[from] Stealth Rock\n|-activate|p2a: Khotun Khan|ability: Supreme Overlord\n|-start|p2a: Khotun Khan|fallen4|[silent]\n|turn|24\n|\n|t:|1699911691\n|move|p2a: Khotun Khan|Kowtow Cleave|p1a: Amoonguss\n|-damage|p1a: Amoonguss|0 fnt\n|faint|p1a: Amoonguss\n|\n|win|Folcard\n|raw|WAIT IM GOATED's rating: 1444 &rarr; <strong>1418<\/strong><br \/>(-26 for losing)\n|raw|Folcard's rating: 1338 &rarr; <strong>1364<\/strong><br \/>(+26 for winning)\n","uploadtime":1699911695,"views":9,"p1id":"waitimgoated","p2id":"folcard","formatid":"gen9ou","rating":1364,"private":0,"password":""}