{"id":"gen9ou-2000638089","p1":"I am a worm","p2":"1 million wulongs","format":"[Gen 9] OU","log":"|j|\u2606I am a worm\n|j|\u26061 million wulongs\n|t:|1701213208\n|gametype|singles\n|player|p1|I am a worm|waitress|1000\n|player|p2|1 million wulongs|psychic-gen4|1084\n|teamsize|p1|6\n|teamsize|p2|6\n|gen|9\n|tier|[Gen 9] OU\n|rated|\n|rule|Sleep Clause Mod: Limit one foe put to sleep\n|rule|Species Clause: Limit one of each Pok\u00e9mon\n|rule|OHKO Clause: OHKO moves are banned\n|rule|Evasion Items Clause: Evasion items are banned\n|rule|Evasion Moves Clause: Evasion moves are banned\n|rule|Endless Battle Clause: Forcing endless battles is banned\n|rule|HP Percentage Mod: HP is shown in percentages\n|clearpoke\n|poke|p1|Ribombee, F|\n|poke|p1|Dragonite, M|\n|poke|p1|Meowscarada, M|\n|poke|p1|Breloom, M|\n|poke|p1|Arcanine-Hisui, F|\n|poke|p1|Gengar, M|\n|poke|p2|Ceruledge, M|\n|poke|p2|Dusclops, F|\n|poke|p2|Duskull, M|\n|poke|p2|Basculegion-F, F|\n|poke|p2|Sinistcha-Masterpiece|\n|poke|p2|Zoroark-Hisui, M|\n|teampreview\n|\n|t:|1701213236\n|start\n|switch|p1a: Ribombee|Ribombee, F, shiny|100\/100\n|switch|p2a: Sinistcha|Sinistcha-Masterpiece|100\/100\n|turn|1\n|\n|t:|1701213241\n|move|p1a: Ribombee|Sticky Web|p2a: Sinistcha\n|-sidestart|p2: 1 million wulongs|move: Sticky Web\n|move|p2a: Sinistcha|Substitute|p2a: Sinistcha\n|-start|p2a: Sinistcha|Substitute\n|-damage|p2a: Sinistcha|76\/100\n|\n|-heal|p2a: Sinistcha|82\/100|[from] item: Leftovers\n|upkeep\n|turn|2\n|\n|t:|1701213247\n|move|p1a: Ribombee|Dual Wingbeat|p2a: Sinistcha\n|-supereffective|p2a: Sinistcha\n|-crit|p2a: Sinistcha\n|-activate|p2a: Sinistcha|move: Substitute|[damage]\n|-supereffective|p2a: Sinistcha\n|-activate|p2a: Sinistcha|move: Substitute|[damage]\n|-hitcount|p2a: Sinistcha|2\n|move|p2a: Sinistcha|Calm Mind|p2a: Sinistcha\n|-boost|p2a: Sinistcha|spa|1\n|-boost|p2a: Sinistcha|spd|1\n|\n|-heal|p2a: Sinistcha|88\/100|[from] item: Leftovers\n|upkeep\n|turn|3\n|\n|t:|1701213256\n|move|p1a: Ribombee|Dual Wingbeat|p2a: Sinistcha\n|-supereffective|p2a: Sinistcha\n|-end|p2a: Sinistcha|Substitute\n|-supereffective|p2a: Sinistcha\n|-damage|p2a: Sinistcha|80\/100\n|-hitcount|p2a: Sinistcha|2\n|move|p2a: Sinistcha|Calm Mind|p2a: Sinistcha\n|-boost|p2a: Sinistcha|spa|1\n|-boost|p2a: Sinistcha|spd|1\n|\n|-heal|p2a: Sinistcha|86\/100|[from] item: Leftovers\n|upkeep\n|turn|4\n|\n|t:|1701213265\n|move|p1a: Ribombee|Dual Wingbeat|p2a: Sinistcha\n|-supereffective|p2a: Sinistcha\n|-damage|p2a: Sinistcha|78\/100\n|-supereffective|p2a: Sinistcha\n|-damage|p2a: Sinistcha|70\/100\n|-hitcount|p2a: Sinistcha|2\n|move|p2a: Sinistcha|Substitute|p2a: Sinistcha\n|-start|p2a: Sinistcha|Substitute\n|-damage|p2a: Sinistcha|45\/100\n|\n|-heal|p2a: Sinistcha|52\/100|[from] item: Leftovers\n|upkeep\n|turn|5\n|\n|t:|1701213274\n|move|p1a: Ribombee|Dual Wingbeat|p2a: Sinistcha\n|-supereffective|p2a: Sinistcha\n|-crit|p2a: Sinistcha\n|-activate|p2a: Sinistcha|move: Substitute|[damage]\n|-supereffective|p2a: Sinistcha\n|-activate|p2a: Sinistcha|move: Substitute|[damage]\n|-hitcount|p2a: Sinistcha|2\n|move|p2a: Sinistcha|Calm Mind|p2a: Sinistcha\n|-boost|p2a: Sinistcha|spa|1\n|-boost|p2a: Sinistcha|spd|1\n|\n|-heal|p2a: Sinistcha|58\/100|[from] item: Leftovers\n|upkeep\n|turn|6\n|\n|t:|1701213283\n|move|p1a: Ribombee|Dual Wingbeat|p2a: Sinistcha\n|-supereffective|p2a: Sinistcha\n|-end|p2a: Sinistcha|Substitute\n|-supereffective|p2a: Sinistcha\n|-damage|p2a: Sinistcha|49\/100\n|-hitcount|p2a: Sinistcha|2\n|move|p2a: Sinistcha|Matcha Gotcha|p1a: Ribombee\n|-resisted|p1a: Ribombee\n|-damage|p1a: Ribombee|44\/100\n|-heal|p2a: Sinistcha|74\/100|[from] drain|[of] p1a: Ribombee\n|\n|-heal|p2a: Sinistcha|80\/100|[from] item: Leftovers\n|upkeep\n|turn|7\n|\n|t:|1701213295\n|move|p1a: Ribombee|Dual Wingbeat|p2a: Sinistcha\n|-supereffective|p2a: Sinistcha\n|-damage|p2a: Sinistcha|72\/100\n|-supereffective|p2a: Sinistcha\n|-damage|p2a: Sinistcha|63\/100\n|-hitcount|p2a: Sinistcha|2\n|move|p2a: Sinistcha|Substitute|p2a: Sinistcha\n|-start|p2a: Sinistcha|Substitute\n|-damage|p2a: Sinistcha|38\/100\n|\n|-heal|p2a: Sinistcha|45\/100|[from] item: Leftovers\n|upkeep\n|turn|8\n|\n|t:|1701213304\n|move|p1a: Ribombee|Dual Wingbeat|p2a: Sinistcha\n|-supereffective|p2a: Sinistcha\n|-activate|p2a: Sinistcha|move: Substitute|[damage]\n|-supereffective|p2a: Sinistcha\n|-activate|p2a: Sinistcha|move: Substitute|[damage]\n|-hitcount|p2a: Sinistcha|2\n|move|p2a: Sinistcha|Matcha Gotcha|p1a: Ribombee\n|-resisted|p1a: Ribombee\n|-damage|p1a: Ribombee|0 fnt\n|-heal|p2a: Sinistcha|63\/100|[from] drain|[of] p1a: Ribombee\n|faint|p1a: Ribombee\n|\n|-heal|p2a: Sinistcha|70\/100|[from] item: Leftovers\n|upkeep\n|\n|t:|1701213331\n|switch|p1a: Dragonite|Dragonite, M|100\/100\n|turn|9\n|\n|t:|1701213340\n|move|p1a: Dragonite|Ice Beam|p2a: Sinistcha\n|-supereffective|p2a: Sinistcha\n|-end|p2a: Sinistcha|Substitute\n|-damage|p1a: Dragonite|91\/100|[from] item: Life Orb\n|move|p2a: Sinistcha|Matcha Gotcha|p1a: Dragonite\n|-resisted|p1a: Dragonite\n|-damage|p1a: Dragonite|70\/100\n|-heal|p2a: Sinistcha|80\/100|[from] drain|[of] p1a: Dragonite\n|\n|-heal|p2a: Sinistcha|86\/100|[from] item: Leftovers\n|upkeep\n|turn|10\n|\n|t:|1701213351\n|move|p1a: Dragonite|Ice Beam|p2a: Sinistcha\n|-supereffective|p2a: Sinistcha\n|-damage|p2a: Sinistcha|56\/100\n|-damage|p1a: Dragonite|60\/100|[from] item: Life Orb\n|move|p2a: Sinistcha|Substitute|p2a: Sinistcha\n|-start|p2a: Sinistcha|Substitute\n|-damage|p2a: Sinistcha|31\/100\n|\n|-heal|p2a: Sinistcha|38\/100|[from] item: Leftovers\n|upkeep\n|turn|11\n|\n|t:|1701213359\n|move|p1a: Dragonite|Ice Beam|p2a: Sinistcha\n|-supereffective|p2a: Sinistcha\n|-end|p2a: Sinistcha|Substitute\n|-damage|p1a: Dragonite|50\/100|[from] item: Life Orb\n|move|p2a: Sinistcha|Calm Mind|p2a: Sinistcha\n|-boost|p2a: Sinistcha|spa|1\n|-boost|p2a: Sinistcha|spd|1\n|\n|-heal|p2a: Sinistcha|44\/100|[from] item: Leftovers\n|upkeep\n|turn|12\n|\n|t:|1701213367\n|move|p1a: Dragonite|Ice Beam|p2a: Sinistcha\n|-supereffective|p2a: Sinistcha\n|-damage|p2a: Sinistcha|21\/100\n|-damage|p1a: Dragonite|40\/100|[from] item: Life Orb\n|move|p2a: Sinistcha|Matcha Gotcha|p1a: Dragonite\n|-resisted|p1a: Dragonite\n|-damage|p1a: Dragonite|14\/100\n|-heal|p2a: Sinistcha|33\/100|[from] drain|[of] p1a: Dragonite\n|\n|-heal|p2a: Sinistcha|39\/100|[from] item: Leftovers\n|upkeep\n|turn|13\n|\n|t:|1701213377\n|move|p1a: Dragonite|Ice Beam|p2a: Sinistcha\n|-supereffective|p2a: Sinistcha\n|-damage|p2a: Sinistcha|17\/100\n|-damage|p1a: Dragonite|4\/100|[from] item: Life Orb\n|move|p2a: Sinistcha|Matcha Gotcha|p1a: Dragonite\n|-resisted|p1a: Dragonite\n|-crit|p1a: Dragonite\n|-damage|p1a: Dragonite|0 fnt\n|-heal|p2a: Sinistcha|18\/100|[from] drain|[of] p1a: Dragonite\n|faint|p1a: Dragonite\n|\n|-heal|p2a: Sinistcha|24\/100|[from] item: Leftovers\n|upkeep\n|\n|t:|1701213400\n|switch|p1a: Gengar|Gengar, M|100\/100\n|turn|14\n|\n|t:|1701213414\n|-terastallize|p2a: Sinistcha|Grass\n|move|p1a: Gengar|Sludge Bomb|p2a: Sinistcha\n|-supereffective|p2a: Sinistcha\n|-damage|p2a: Sinistcha|0 fnt\n|faint|p2a: Sinistcha\n|\n|upkeep\n|\n|t:|1701213422\n|switch|p2a: Dusclops|Dusclops, F|100\/100\n|turn|15\n|inactive|Battle timer is ON: inactive players will automatically lose when time's up. (requested by 1 million wulongs)\n|\n|t:|1701213431\n|move|p2a: Dusclops|Shadow Ball|p1a: Gengar\n|-supereffective|p1a: Gengar\n|-damage|p1a: Gengar|0 fnt\n|-start|p2a: Dusclops|Disable|Shadow Ball|[from] ability: Cursed Body|[of] p1a: Gengar\n|faint|p1a: Gengar\n|\n|upkeep\n|\n|t:|1701213440\n|switch|p1a: Breloom|Breloom, M|100\/100\n|turn|16\n|\n|t:|1701213444\n|move|p2a: Dusclops|Will-O-Wisp|p1a: Breloom\n|-status|p1a: Breloom|brn\n|move|p1a: Breloom|Bulk Up|p1a: Breloom\n|-boost|p1a: Breloom|atk|1\n|-boost|p1a: Breloom|def|1\n|\n|-damage|p1a: Breloom|94\/100 brn|[from] brn\n|upkeep\n|turn|17\n|\n|t:|1701213453\n|-terastallize|p1a: Breloom|Grass\n|move|p2a: Dusclops|Flamethrower|p1a: Breloom\n|-supereffective|p1a: Breloom\n|-damage|p1a: Breloom|0 fnt\n|faint|p1a: Breloom\n|\n|upkeep\n|\n|t:|1701213463\n|switch|p1a: Arcanine|Arcanine-Hisui, F|100\/100\n|-item|p1a: Arcanine|Air Balloon\n|turn|18\n|\n|t:|1701213479\n|switch|p2a: Duskull|Duskull, M|100\/100\n|move|p1a: Arcanine|Dragon Pulse|p2a: Duskull\n|-damage|p2a: Duskull|79\/100\n|\n|upkeep\n|turn|19\n|\n|t:|1701213486\n|move|p1a: Arcanine|Flamethrower|p2a: Duskull\n|-damage|p2a: Duskull|41\/100\n|move|p2a: Duskull|Curse|p1a: Arcanine\n|-start|p1a: Arcanine|Curse|[of] p2a: Duskull\n|-damage|p2a: Duskull|0 fnt\n|faint|p2a: Duskull\n|\n|-damage|p1a: Arcanine|76\/100|[from] Curse\n|upkeep\n|\n|t:|1701213489\n|switch|p2a: Dusclops|Dusclops, F|100\/100\n|-activate|p2a: Dusclops|move: Sticky Web\n|-unboost|p2a: Dusclops|spe|1\n|-ability|p2a: Dusclops|Pressure\n|turn|20\n|\n|t:|1701213499\n|move|p1a: Arcanine|Flamethrower|p2a: Dusclops\n|-damage|p2a: Dusclops|80\/100\n|move|p2a: Dusclops|Substitute|p2a: Dusclops\n|-start|p2a: Dusclops|Substitute\n|-damage|p2a: Dusclops|55\/100\n|\n|-damage|p1a: Arcanine|51\/100|[from] Curse\n|upkeep\n|turn|21\n|\n|t:|1701213506\n|move|p1a: Arcanine|Flamethrower|p2a: Dusclops\n|-activate|p2a: Dusclops|move: Substitute|[damage]\n|move|p2a: Dusclops|Pain Split|p1a: Arcanine\n|-sethp|p1a: Arcanine|44\/100|[from] move: Pain Split|[silent]\n|-sethp|p2a: Dusclops|65\/100|[from] move: Pain Split\n|\n|-damage|p1a: Arcanine|19\/100|[from] Curse\n|upkeep\n|turn|22\n|\n|t:|1701213515\n|move|p1a: Arcanine|Morning Sun|p1a: Arcanine\n|-heal|p1a: Arcanine|69\/100\n|move|p2a: Dusclops|Substitute|p2a: Dusclops\n|-fail|p2a: Dusclops|move: Substitute\n|\n|-damage|p1a: Arcanine|44\/100|[from] Curse\n|upkeep\n|turn|23\n|\n|t:|1701213521\n|move|p1a: Arcanine|Morning Sun|p1a: Arcanine\n|-heal|p1a: Arcanine|94\/100\n|move|p2a: Dusclops|Substitute|p2a: Dusclops\n|-fail|p2a: Dusclops|move: Substitute\n|\n|-damage|p1a: Arcanine|69\/100|[from] Curse\n|upkeep\n|turn|24\n|\n|t:|1701213528\n|move|p1a: Arcanine|Flamethrower|p2a: Dusclops\n|-end|p2a: Dusclops|Substitute\n|move|p2a: Dusclops|Pain Split|p1a: Arcanine\n|-sethp|p1a: Arcanine|57\/100|[from] move: Pain Split|[silent]\n|-sethp|p2a: Dusclops|84\/100|[from] move: Pain Split\n|\n|-damage|p1a: Arcanine|32\/100|[from] Curse\n|upkeep\n|turn|25\n|\n|t:|1701213536\n|move|p1a: Arcanine|Morning Sun|p1a: Arcanine\n|-heal|p1a: Arcanine|82\/100\n|move|p2a: Dusclops|Substitute|p2a: Dusclops\n|-start|p2a: Dusclops|Substitute\n|-damage|p2a: Dusclops|60\/100\n|\n|-damage|p1a: Arcanine|57\/100|[from] Curse\n|upkeep\n|turn|26\n|\n|t:|1701213546\n|move|p1a: Arcanine|Morning Sun|p1a: Arcanine\n|-heal|p1a: Arcanine|100\/100\n|move|p2a: Dusclops|Pain Split|p1a: Arcanine\n|-sethp|p1a: Arcanine|70\/100|[from] move: Pain Split|[silent]\n|-sethp|p2a: Dusclops|100\/100|[from] move: Pain Split\n|\n|-damage|p1a: Arcanine|46\/100|[from] Curse\n|upkeep\n|turn|27\n|\n|t:|1701213557\n|move|p2a: Dusclops|Shadow Sneak|p1a: Arcanine\n|-damage|p1a: Arcanine|33\/100\n|-enditem|p1a: Arcanine|Air Balloon\n|move|p1a: Arcanine|Morning Sun|p1a: Arcanine\n|-heal|p1a: Arcanine|83\/100\n|\n|-damage|p1a: Arcanine|59\/100|[from] Curse\n|upkeep\n|turn|28\n|\n|t:|1701213566\n|move|p2a: Dusclops|Shadow Sneak|p1a: Arcanine\n|-damage|p1a: Arcanine|46\/100\n|move|p1a: Arcanine|Flamethrower|p2a: Dusclops\n|-activate|p2a: Dusclops|move: Substitute|[damage]\n|\n|-damage|p1a: Arcanine|21\/100|[from] Curse\n|upkeep\n|turn|29\n|\n|t:|1701213574\n|move|p1a: Arcanine|Morning Sun|p1a: Arcanine\n|-heal|p1a: Arcanine|71\/100\n|move|p2a: Dusclops|Substitute|p2a: Dusclops\n|-fail|p2a: Dusclops|move: Substitute\n|\n|-damage|p1a: Arcanine|46\/100|[from] Curse\n|upkeep\n|turn|30\n|\n|t:|1701213581\n|move|p1a: Arcanine|Morning Sun|p1a: Arcanine\n|-heal|p1a: Arcanine|96\/100\n|move|p2a: Dusclops|Substitute|p2a: Dusclops\n|-fail|p2a: Dusclops|move: Substitute\n|\n|-damage|p1a: Arcanine|71\/100|[from] Curse\n|upkeep\n|turn|31\n|\n|t:|1701213588\n|move|p1a: Arcanine|Flamethrower|p2a: Dusclops\n|-end|p2a: Dusclops|Substitute\n|move|p2a: Dusclops|Pain Split|p1a: Arcanine\n|-sethp|p1a: Arcanine|69\/100|[from] move: Pain Split|[silent]\n|-sethp|p2a: Dusclops|100\/100|[from] move: Pain Split\n|\n|-damage|p1a: Arcanine|45\/100|[from] Curse\n|upkeep\n|turn|32\n|\n|t:|1701213596\n|move|p1a: Arcanine|Morning Sun|p1a: Arcanine\n|-heal|p1a: Arcanine|94\/100\n|move|p2a: Dusclops|Substitute|p2a: Dusclops\n|-start|p2a: Dusclops|Substitute\n|-damage|p2a: Dusclops|76\/100\n|\n|-damage|p1a: Arcanine|70\/100|[from] Curse\n|upkeep\n|turn|33\n|\n|t:|1701213603\n|move|p1a: Arcanine|Flamethrower|p2a: Dusclops\n|-activate|p2a: Dusclops|move: Substitute|[damage]\n|move|p2a: Dusclops|Pain Split|p1a: Arcanine\n|-sethp|p1a: Arcanine|60\/100|[from] move: Pain Split|[silent]\n|-sethp|p2a: Dusclops|90\/100|[from] move: Pain Split\n|\n|-damage|p1a: Arcanine|36\/100|[from] Curse\n|upkeep\n|turn|34\n|\n|t:|1701213611\n|move|p1a: Arcanine|Flamethrower|p2a: Dusclops\n|-end|p2a: Dusclops|Substitute\n|move|p2a: Dusclops|Substitute|p2a: Dusclops\n|-start|p2a: Dusclops|Substitute\n|-damage|p2a: Dusclops|65\/100\n|\n|-damage|p1a: Arcanine|11\/100|[from] Curse\n|upkeep\n|turn|35\n|\n|t:|1701213618\n|move|p2a: Dusclops|Shadow Sneak|p1a: Arcanine\n|-damage|p1a: Arcanine|0 fnt\n|faint|p1a: Arcanine\n|\n|upkeep\n|\n|t:|1701213623\n|switch|p1a: Meowscarada|Meowscarada, M|100\/100\n|turn|36\n|\n|t:|1701213631\n|move|p1a: Meowscarada|Hone Claws|p1a: Meowscarada\n|-boost|p1a: Meowscarada|atk|1\n|-boost|p1a: Meowscarada|accuracy|1\n|move|p2a: Dusclops|Curse|p1a: Meowscarada\n|-start|p1a: Meowscarada|Curse|[of] p2a: Dusclops\n|-damage|p2a: Dusclops|15\/100\n|\n|-damage|p1a: Meowscarada|76\/100|[from] Curse\n|upkeep\n|turn|37\n|\n|t:|1701213640\n|move|p1a: Meowscarada|Flower Trick|p2a: Dusclops\n|-crit|p2a: Dusclops\n|-end|p2a: Dusclops|Substitute\n|-damage|p1a: Meowscarada|66\/100|[from] item: Life Orb\n|move|p2a: Dusclops|Pain Split|p1a: Meowscarada\n|-sethp|p1a: Meowscarada|38\/100|[from] move: Pain Split|[silent]\n|-sethp|p2a: Dusclops|50\/100|[from] move: Pain Split\n|\n|-damage|p1a: Meowscarada|13\/100|[from] Curse\n|upkeep\n|turn|38\n|\n|t:|1701213651\n|switch|p2a: Ceruledge|Ceruledge, M|100\/100\n|-activate|p2a: Ceruledge|move: Sticky Web\n|-unboost|p2a: Ceruledge|spe|1\n|move|p1a: Meowscarada|Flower Trick|p2a: Ceruledge\n|-resisted|p2a: Ceruledge\n|-crit|p2a: Ceruledge\n|-damage|p2a: Ceruledge|15\/100\n|-ability|p2a: Ceruledge|Weak Armor|boost\n|-unboost|p2a: Ceruledge|def|1\n|-boost|p2a: Ceruledge|spe|2\n|-damage|p1a: Meowscarada|4\/100|[from] item: Life Orb\n|\n|-damage|p1a: Meowscarada|0 fnt|[from] Curse\n|faint|p1a: Meowscarada\n|\n|win|1 million wulongs\n|upkeep\n|raw|I am a worm's rating: 1000 &rarr; <strong>1000<\/strong><br \/>(+0 for losing)\n|raw|1 million wulongs's rating: 1084 &rarr; <strong>1105<\/strong><br \/>(+21 for winning)\n","uploadtime":1701213657,"views":2,"p1id":"iamaworm","p2id":"1millionwulongs","formatid":"gen9ou","rating":1000,"private":0,"password":""}