{"id":"gen9ou-2000344636","p1":"miraikorai","p2":"Fjfidjdbdbhd","format":"[Gen 9] OU","log":"|j|\u2606miraikorai\n|j|\u2606Fjfidjdbdbhd\n|t:|1701186828\n|gametype|singles\n|player|p1|miraikorai|elesa|1034\n|player|p2|Fjfidjdbdbhd|170|1000\n|teamsize|p1|6\n|teamsize|p2|6\n|gen|9\n|tier|[Gen 9] OU\n|rated|\n|rule|Sleep Clause Mod: Limit one foe put to sleep\n|rule|Species Clause: Limit one of each Pok\u00e9mon\n|rule|OHKO Clause: OHKO moves are banned\n|rule|Evasion Items Clause: Evasion items are banned\n|rule|Evasion Moves Clause: Evasion moves are banned\n|rule|Endless Battle Clause: Forcing endless battles is banned\n|rule|HP Percentage Mod: HP is shown in percentages\n|clearpoke\n|poke|p1|Dragapult, M|\n|poke|p1|Corviknight, F|\n|poke|p1|Cinderace, M|\n|poke|p1|Kingambit, M|\n|poke|p1|Greninja-*, M|\n|poke|p1|Great Tusk|\n|poke|p2|Ninetales, M|\n|poke|p2|Scovillain, F|\n|poke|p2|Dachsbun, M|\n|poke|p2|Noivern, F|\n|poke|p2|Golem, F|\n|poke|p2|Frosmoth, F|\n|teampreview\n|\n|t:|1701186832\n|start\n|switch|p1a: BOO|Dragapult, M, shiny|100\/100\n|switch|p2a: Golem|Golem, F|100\/100\n|turn|1\n|inactive|Battle timer is ON: inactive players will automatically lose when time's up. (requested by miraikorai)\n|\n|t:|1701186841\n|move|p1a: BOO|Hydro Pump|p2a: Golem\n|-supereffective|p2a: Golem\n|-ability|p2a: Golem|Sturdy\n|-damage|p2a: Golem|1\/100\n|move|p2a: Golem|Stealth Rock|p1a: BOO\n|-sidestart|p1: miraikorai|move: Stealth Rock\n|\n|upkeep\n|turn|2\n|-enditem|p2a: Golem|Custap Berry|[eat]\n|-activate|p2a: Golem|item: Custap Berry|[consumed]\n|\n|t:|1701186859\n|move|p2a: Golem|Earthquake|p1a: BOO\n|-damage|p1a: BOO|23\/100\n|move|p1a: BOO|Hydro Pump|p2a: Golem\n|-supereffective|p2a: Golem\n|-damage|p2a: Golem|0 fnt\n|faint|p2a: Golem\n|\n|upkeep\n|\n|t:|1701186873\n|switch|p2a: Ninetales|Ninetales, M|100\/100\n|-weather|SunnyDay|[from] ability: Drought|[of] p2a: Ninetales\n|turn|3\n|\n|t:|1701186886\n|switch|p1a: Bugs bunny|Cinderace, M, shiny|100\/100\n|move|p2a: Ninetales|Flamethrower|p1a: Bugs bunny\n|-resisted|p1a: Bugs bunny\n|-damage|p1a: Bugs bunny|59\/100\n|\n|-weather|SunnyDay|[upkeep]\n|upkeep\n|turn|4\n|\n|t:|1701186898\n|move|p2a: Ninetales|Flamethrower|p1a: Bugs bunny\n|-resisted|p1a: Bugs bunny\n|-damage|p1a: Bugs bunny|16\/100\n|move|p1a: Bugs bunny|Court Change|p1a: Bugs bunny\n|-start|p1a: Bugs bunny|typechange|Normal|[from] ability: Libero\n|-swapsideconditions\n|-activate|p1a: Bugs bunny|move: Court Change\n|\n|-weather|SunnyDay|[upkeep]\n|upkeep\n|turn|5\n|\n|t:|1701186907\n|switch|p1a: Mammouth|Great Tusk, shiny|100\/100\n|-activate|p1a: Mammouth|ability: Protosynthesis\n|-start|p1a: Mammouth|protosynthesisatk\n|move|p2a: Ninetales|Flamethrower|p1a: Mammouth\n|-damage|p1a: Mammouth|5\/100\n|\n|-weather|SunnyDay|[upkeep]\n|-heal|p1a: Mammouth|11\/100|[from] item: Leftovers\n|upkeep\n|turn|6\n|\n|t:|1701186918\n|move|p2a: Ninetales|Flamethrower|p1a: Mammouth\n|-damage|p1a: Mammouth|0 fnt\n|faint|p1a: Mammouth\n|-end|p1a: Mammouth|Protosynthesis|[silent]\n|\n|-weather|SunnyDay|[upkeep]\n|upkeep\n|\n|t:|1701186924\n|switch|p1a: NARUTOOOO|Greninja, M, shiny|100\/100\n|turn|7\n|\n|t:|1701186940\n|switch|p2a: Frosmoth|Frosmoth, F|100\/100\n|move|p1a: NARUTOOOO|Waterfall|p2a: Frosmoth\n|-start|p1a: NARUTOOOO|typechange|Water|[from] ability: Protean\n|-damage|p2a: Frosmoth|75\/100\n|\n|-weather|none\n|upkeep\n|turn|8\n|\n|t:|1701186954\n|switch|p1a: Taxi|Corviknight, F, shiny|100\/100\n|-ability|p1a: Taxi|Pressure\n|move|p2a: Frosmoth|Quiver Dance|p2a: Frosmoth\n|-boost|p2a: Frosmoth|spa|1\n|-boost|p2a: Frosmoth|spd|1\n|-boost|p2a: Frosmoth|spe|1\n|\n|upkeep\n|turn|9\n|inactive|Fjfidjdbdbhd has 120 seconds left.\n|\n|t:|1701186984\n|-terastallize|p2a: Frosmoth|Water\n|move|p2a: Frosmoth|Ice Beam|p1a: Taxi\n|-damage|p1a: Taxi|52\/100\n|move|p1a: Taxi|Iron Head|p2a: Frosmoth\n|-resisted|p2a: Frosmoth\n|-damage|p2a: Frosmoth|53\/100\n|\n|-heal|p1a: Taxi|58\/100|[from] item: Leftovers\n|upkeep\n|turn|10\n|inactive|Fjfidjdbdbhd has 120 seconds left.\n|\n|t:|1701187004\n|move|p2a: Frosmoth|Defog|p1a: Taxi\n|-unboost|p1a: Taxi|evasion|1\n|-sideend|p2: Fjfidjdbdbhd|Stealth Rock|[from] move: Defog|[of] p2a: Frosmoth\n|move|p1a: Taxi|Drill Peck|p2a: Frosmoth\n|-damage|p2a: Frosmoth|7\/100\n|\n|-heal|p1a: Taxi|64\/100|[from] item: Leftovers\n|upkeep\n|turn|11\n|inactive|Fjfidjdbdbhd has 120 seconds left.\n|\n|t:|1701187021\n|move|p2a: Frosmoth|Ice Beam|p1a: Taxi\n|-damage|p1a: Taxi|17\/100\n|move|p1a: Taxi|Drill Peck|p2a: Frosmoth\n|-damage|p2a: Frosmoth|0 fnt\n|faint|p2a: Frosmoth\n|\n|-heal|p1a: Taxi|23\/100|[from] item: Leftovers\n|upkeep\n|\n|t:|1701187031\n|switch|p2a: Ninetales|Ninetales, M|100\/100\n|-weather|SunnyDay|[from] ability: Drought|[of] p2a: Ninetales\n|turn|12\n|\n|t:|1701187038\n|move|p2a: Ninetales|Flamethrower|p1a: Taxi\n|-supereffective|p1a: Taxi\n|-damage|p1a: Taxi|0 fnt\n|faint|p1a: Taxi\n|\n|-weather|SunnyDay|[upkeep]\n|upkeep\n|\n|t:|1701187047\n|switch|p1a: NARUTOOOO|Greninja, M, shiny|100\/100\n|turn|13\n|inactive|Fjfidjdbdbhd has 120 seconds left.\n|\n|t:|1701187063\n|switch|p2a: Scovillain|Scovillain, F|100\/100\n|move|p1a: NARUTOOOO|Waterfall|p2a: Scovillain\n|-start|p1a: NARUTOOOO|typechange|Water|[from] ability: Protean\n|-damage|p2a: Scovillain|75\/100\n|\n|-weather|SunnyDay|[upkeep]\n|upkeep\n|turn|14\n|inactive|Fjfidjdbdbhd has 120 seconds left.\n|\n|t:|1701187074\n|switch|p1a: Bugs bunny|Cinderace, M, shiny|16\/100\n|move|p2a: Scovillain|Giga Drain|p1a: Bugs bunny\n|-resisted|p1a: Bugs bunny\n|-damage|p1a: Bugs bunny|0 fnt\n|-heal|p2a: Scovillain|83\/100|[from] drain|[of] p1a: Bugs bunny\n|faint|p1a: Bugs bunny\n|-damage|p2a: Scovillain|73\/100|[from] item: Life Orb\n|\n|-weather|SunnyDay|[upkeep]\n|upkeep\n|\n|t:|1701187086\n|switch|p1a: BOO|Dragapult, M, shiny|23\/100\n|turn|15\n|\n|t:|1701187092\n|move|p2a: Scovillain|Flamethrower|p1a: BOO\n|-resisted|p1a: BOO\n|-damage|p1a: BOO|0 fnt\n|faint|p1a: BOO\n|-damage|p2a: Scovillain|63\/100|[from] item: Life Orb\n|\n|-weather|SunnyDay|[upkeep]\n|upkeep\n|\n|t:|1701187100\n|switch|p1a: NARUTOOOO|Greninja, M, shiny|100\/100\n|turn|16\n|\n|t:|1701187105\n|move|p2a: Scovillain|Giga Drain|p1a: NARUTOOOO\n|-supereffective|p1a: NARUTOOOO\n|-crit|p1a: NARUTOOOO\n|-damage|p1a: NARUTOOOO|0 fnt\n|-heal|p2a: Scovillain|100\/100|[from] drain|[of] p1a: NARUTOOOO\n|faint|p1a: NARUTOOOO\n|-damage|p2a: Scovillain|91\/100|[from] item: Life Orb\n|\n|-weather|none\n|upkeep\n|\n|t:|1701187113\n|switch|p1a: Jiraya|Kingambit, M, shiny|100\/100\n|-activate|p1a: Jiraya|ability: Supreme Overlord\n|-start|p1a: Jiraya|fallen5|[silent]\n|turn|17\n|\n|t:|1701187126\n|switch|p2a: Dachsbun|Dachsbun, M|100\/100\n|-terastallize|p1a: Jiraya|Electric\n|move|p1a: Jiraya|Poison Jab|p2a: Dachsbun\n|-supereffective|p2a: Dachsbun\n|-damage|p2a: Dachsbun|19\/100\n|\n|-heal|p2a: Dachsbun|25\/100|[from] item: Leftovers\n|upkeep\n|turn|18\n|\n|t:|1701187141\n|move|p2a: Dachsbun|Play Rough|p1a: Jiraya\n|-damage|p1a: Jiraya|83\/100\n|move|p1a: Jiraya|Poison Jab|p2a: Dachsbun\n|-supereffective|p2a: Dachsbun\n|-damage|p2a: Dachsbun|0 fnt\n|faint|p2a: Dachsbun\n|\n|-heal|p1a: Jiraya|89\/100|[from] item: Leftovers\n|upkeep\n|\n|t:|1701187153\n|switch|p2a: Ninetales|Ninetales, M|100\/100\n|-weather|SunnyDay|[from] ability: Drought|[of] p2a: Ninetales\n|turn|19\n|\n|t:|1701187173\n|move|p1a: Jiraya|Sucker Punch|p2a: Ninetales\n|-damage|p2a: Ninetales|3\/100\n|move|p2a: Ninetales|Overheat|p1a: Jiraya\n|-damage|p1a: Jiraya|11\/100\n|-unboost|p2a: Ninetales|spa|2\n|\n|-weather|SunnyDay|[upkeep]\n|-heal|p1a: Jiraya|17\/100|[from] item: Leftovers\n|upkeep\n|turn|20\n|\n|t:|1701187184\n|move|p1a: Jiraya|Sucker Punch|p2a: Ninetales\n|-damage|p2a: Ninetales|0 fnt\n|faint|p2a: Ninetales\n|\n|-weather|SunnyDay|[upkeep]\n|-heal|p1a: Jiraya|23\/100|[from] item: Leftovers\n|upkeep\n|\n|t:|1701187192\n|switch|p2a: Noivern|Noivern, F|100\/100\n|-item|p1a: Jiraya|Leftovers|[from] ability: Frisk|[of] p2a: Noivern|[identify]\n|turn|21\n|inactive|Fjfidjdbdbhd has 120 seconds left.\n|\n|t:|1701187213\n|move|p1a: Jiraya|Sucker Punch|p2a: Noivern\n|-damage|p2a: Noivern|18\/100\n|move|p2a: Noivern|Flamethrower|p1a: Jiraya\n|-damage|p1a: Jiraya|0 fnt\n|faint|p1a: Jiraya\n|-end|p1a: Jiraya|fallen5|[silent]\n|\n|win|Fjfidjdbdbhd\n|raw|miraikorai's rating: 1034 &rarr; <strong>1017<\/strong><br \/>(-17 for losing)\n|raw|Fjfidjdbdbhd's rating: 1000 &rarr; <strong>1044<\/strong><br \/>(+44 for winning)\n|l|\u2606miraikorai\n","uploadtime":1701187255,"views":14,"p1id":"miraikorai","p2id":"fjfidjdbdbhd","formatid":"gen9ou","rating":1017,"private":0,"password":""}