{"id":"gen9ou-1991145227","p1":"n00b3r","p2":"Celest NT","format":"[Gen 9] OU","log":"|j|\u2606n00b3r\n|j|\u2606Celest NT\n|t:|1700049745\n|gametype|singles\n|player|p1|n00b3r|266|1106\n|player|p2|Celest NT|n|1040\n|teamsize|p1|6\n|teamsize|p2|1\n|gen|9\n|tier|[Gen 9] OU\n|rated|\n|rule|Sleep Clause Mod: Limit one foe put to sleep\n|rule|Species Clause: Limit one of each Pok\u00e9mon\n|rule|OHKO Clause: OHKO moves are banned\n|rule|Evasion Items Clause: Evasion items are banned\n|rule|Evasion Moves Clause: Evasion moves are banned\n|rule|Endless Battle Clause: Forcing endless battles is banned\n|rule|HP Percentage Mod: HP is shown in percentages\n|clearpoke\n|poke|p1|Ting-Lu|\n|poke|p1|Gholdengo|\n|poke|p1|Enamorus, F|\n|poke|p1|Great Tusk|\n|poke|p1|Volcanion|\n|poke|p1|Amoonguss, F|\n|poke|p2|Polteageist-Antique|\n|teampreview\n|inactive|Battle timer is ON: inactive players will automatically lose when time's up. (requested by Celest NT)\n|\n|t:|1700049747\n|start\n|switch|p1a: Ting-Lu|Ting-Lu|100\/100\n|switch|p2a: Error 418|Polteageist-Antique, shiny|100\/100\n|-ability|p1a: Ting-Lu|Vessel of Ruin\n|turn|1\n|\n|t:|1700049756\n|move|p2a: Error 418|Shell Smash|p2a: Error 418\n|-unboost|p2a: Error 418|def|1\n|-unboost|p2a: Error 418|spd|1\n|-boost|p2a: Error 418|atk|2\n|-boost|p2a: Error 418|spa|2\n|-boost|p2a: Error 418|spe|2\n|-enditem|p2a: Error 418|White Herb\n|-clearnegativeboost|p2a: Error 418|[silent]\n|move|p1a: Ting-Lu|Ruination|p2a: Error 418\n|-damage|p2a: Error 418|51\/100\n|\n|upkeep\n|turn|2\n|\n|t:|1700049782\n|move|p2a: Error 418|Giga Drain|p1a: Ting-Lu\n|-supereffective|p1a: Ting-Lu\n|-damage|p1a: Ting-Lu|52\/100\n|-heal|p2a: Error 418|98\/100|[from] drain|[of] p1a: Ting-Lu\n|move|p1a: Ting-Lu|Ruination|p2a: Error 418\n|-damage|p2a: Error 418|50\/100\n|\n|-heal|p1a: Ting-Lu|58\/100|[from] item: Leftovers\n|upkeep\n|turn|3\n|\n|t:|1700049791\n|switch|p1a: Amoonguss|Amoonguss, F|100\/100\n|move|p2a: Error 418|Giga Drain|p1a: Amoonguss\n|-resisted|p1a: Amoonguss\n|-damage|p1a: Amoonguss|88\/100\n|-heal|p2a: Error 418|60\/100|[from] drain|[of] p1a: Amoonguss\n|\n|upkeep\n|turn|4\n|\n|t:|1700049798\n|move|p2a: Error 418|Stored Power|p1a: Amoonguss\n|-supereffective|p1a: Amoonguss\n|-damage|p1a: Amoonguss|0 fnt\n|faint|p1a: Amoonguss\n|\n|upkeep\n|\n|t:|1700049819\n|switch|p1a: Great Tusk|Great Tusk|100\/100\n|turn|5\n|\n|t:|1700049822\n|move|p2a: Error 418|Stored Power|p1a: Great Tusk\n|-supereffective|p1a: Great Tusk\n|-damage|p1a: Great Tusk|0 fnt\n|faint|p1a: Great Tusk\n|-end|p1a: Great Tusk|Protosynthesis|[silent]\n|\n|upkeep\n|\n|t:|1700049826\n|switch|p1a: Gholdengo|Gholdengo|100\/100\n|turn|6\n|\n|t:|1700049838\n|switch|p1a: Ting-Lu|Ting-Lu|58\/100\n|-ability|p1a: Ting-Lu|Vessel of Ruin\n|-terastallize|p2a: Error 418|Fighting\n|move|p2a: Error 418|Stored Power|p1a: Ting-Lu\n|-immune|p1a: Ting-Lu\n|\n|-heal|p1a: Ting-Lu|65\/100|[from] item: Leftovers\n|upkeep\n|turn|7\n|\n|t:|1700049849\n|move|p2a: Error 418|Giga Drain|p1a: Ting-Lu\n|-supereffective|p1a: Ting-Lu\n|-damage|p1a: Ting-Lu|14\/100\n|-heal|p2a: Error 418|100\/100|[from] drain|[of] p1a: Ting-Lu\n|move|p1a: Ting-Lu|Earthquake|p2a: Error 418\n|-damage|p2a: Error 418|41\/100\n|-ability|p2a: Error 418|Weak Armor|boost\n|-unboost|p2a: Error 418|def|1\n|-boost|p2a: Error 418|spe|2\n|\n|-heal|p1a: Ting-Lu|20\/100|[from] item: Leftovers\n|upkeep\n|turn|8\n|\n|t:|1700049861\n|move|p2a: Error 418|Giga Drain|p1a: Ting-Lu\n|-supereffective|p1a: Ting-Lu\n|-damage|p1a: Ting-Lu|0 fnt\n|-heal|p2a: Error 418|61\/100|[from] drain|[of] p1a: Ting-Lu\n|faint|p1a: Ting-Lu\n|\n|upkeep\n|\n|t:|1700049872\n|switch|p1a: Gholdengo|Gholdengo|100\/100\n|turn|9\n|\n|t:|1700049876\n|move|p2a: Error 418|Stored Power|p1a: Gholdengo\n|-resisted|p1a: Gholdengo\n|-damage|p1a: Gholdengo|12\/100\n|move|p1a: Gholdengo|Trick|p2a: Error 418\n|-activate|p1a: Gholdengo|move: Trick|[of] p2a: Error 418\n|-item|p2a: Error 418|Choice Scarf|[from] move: Trick\n|-enditem|p1a: Gholdengo|Choice Scarf|[silent]|[from] move: Trick\n|\n|upkeep\n|turn|10\n|\n|t:|1700049889\n|move|p2a: Error 418|Stored Power|p1a: Gholdengo\n|-resisted|p1a: Gholdengo\n|-damage|p1a: Gholdengo|0 fnt\n|faint|p1a: Gholdengo\n|\n|upkeep\n|\n|t:|1700049895\n|switch|p1a: Volcanion|Volcanion|100\/100\n|turn|11\n|\n|t:|1700049901\n|move|p2a: Error 418|Stored Power|p1a: Volcanion\n|-damage|p1a: Volcanion|0 fnt\n|faint|p1a: Volcanion\n|\n|upkeep\n|\n|t:|1700049904\n|switch|p1a: Enamorus|Enamorus, F|100\/100\n|turn|12\n|\n|t:|1700049908\n|move|p2a: Error 418|Stored Power|p1a: Enamorus\n|-damage|p1a: Enamorus|0 fnt\n|faint|p1a: Enamorus\n|\n|win|Celest NT\n|raw|n00b3r's rating: 1074 &rarr; <strong>1051<\/strong><br \/>(-23 for losing)\n|raw|Celest NT's rating: 1040 &rarr; <strong>1077<\/strong><br \/>(+37 for winning)\n|l|\u2606n00b3r\n","uploadtime":1700049916,"views":17,"p1id":"n00b3r","p2id":"celestnt","formatid":"gen9ou","rating":1051,"private":0,"password":""}