{"id":"gen9ou-1992224360","p1":"Nitro524","p2":"clemelc","format":"[Gen 9] OU","log":"|j|\u2606Nitro524\n|j|\u2606clemelc\n|t:|1700165374\n|gametype|singles\n|player|p1|Nitro524|hilbert|1405\n|player|p2|clemelc|102|1412\n|teamsize|p1|6\n|teamsize|p2|6\n|gen|9\n|tier|[Gen 9] OU\n|rated|\n|rule|Sleep Clause Mod: Limit one foe put to sleep\n|rule|Species Clause: Limit one of each Pok\u00e9mon\n|rule|OHKO Clause: OHKO moves are banned\n|rule|Evasion Items Clause: Evasion items are banned\n|rule|Evasion Moves Clause: Evasion moves are banned\n|rule|Endless Battle Clause: Forcing endless battles is banned\n|rule|HP Percentage Mod: HP is shown in percentages\n|clearpoke\n|poke|p1|Samurott-Hisui, M|\n|poke|p1|Ceruledge, M|\n|poke|p1|Iron Valiant|\n|poke|p1|Gholdengo|\n|poke|p1|Landorus-Therian, M|\n|poke|p1|Kingambit, M|\n|poke|p2|Kingambit, F|\n|poke|p2|Great Tusk|\n|poke|p2|Dragapult, M|\n|poke|p2|Ogerpon-Wellspring, F|\n|poke|p2|Blissey, F|\n|poke|p2|Zapdos|\n|teampreview\n|inactive|Battle timer is ON: inactive players will automatically lose when time's up. (requested by Nitro524)\n|c|\u2606Nitro524|glhf\n|c|\u2606clemelc|gl hf :)\n|c|\u2606Nitro524|u2!\n|\n|t:|1700165389\n|start\n|switch|p1a: Masakado|Samurott-Hisui, M, shiny|100\/100\n|switch|p2a: Zapdos|Zapdos|100\/100\n|turn|1\n|\n|t:|1700165397\n|switch|p1a: Lando Calrissian|Landorus-Therian, M|100\/100\n|-ability|p1a: Lando Calrissian|Intimidate|boost\n|-unboost|p2a: Zapdos|atk|1\n|move|p2a: Zapdos|Volt Switch|p1a: Lando Calrissian\n|-immune|p1a: Lando Calrissian\n|\n|upkeep\n|turn|2\n|\n|t:|1700165403\n|switch|p2a: Great Tusk|Great Tusk|100\/100\n|move|p1a: Lando Calrissian|Stealth Rock|p2a: Great Tusk\n|-sidestart|p2: clemelc|move: Stealth Rock\n|\n|upkeep\n|turn|3\n|\n|t:|1700165407\n|move|p2a: Great Tusk|Earthquake|p1a: Lando Calrissian\n|-immune|p1a: Lando Calrissian\n|move|p1a: Lando Calrissian|Grass Knot|p2a: Great Tusk\n|-supereffective|p2a: Great Tusk\n|-damage|p2a: Great Tusk|34\/100\n|\n|-heal|p2a: Great Tusk|40\/100|[from] item: Leftovers\n|upkeep\n|turn|4\n|\n|t:|1700165415\n|-end|p2a: Great Tusk|Protosynthesis|[silent]\n|switch|p2a: Blissey|Blissey, F|100\/100\n|move|p1a: Lando Calrissian|Grass Knot|p2a: Blissey\n|-damage|p2a: Blissey|96\/100\n|\n|upkeep\n|turn|5\n|\n|t:|1700165439\n|move|p1a: Lando Calrissian|U-turn|p2a: Blissey\n|-damage|p2a: Blissey|75\/100\n|\n|t:|1700165441\n|switch|p1a: Prince|Gholdengo|100\/100|[from] U-turn\n|move|p2a: Blissey|Stealth Rock|p1a: Prince\n|-sidestart|p1: Nitro524|move: Stealth Rock\n|\n|upkeep\n|turn|6\n|\n|t:|1700165453\n|switch|p2a: Ogerpon|Ogerpon-Wellspring, F|100\/100\n|-damage|p2a: Ogerpon|88\/100|[from] Stealth Rock\n|move|p1a: Prince|Nasty Plot|p1a: Prince\n|-boost|p1a: Prince|spa|2\n|\n|upkeep\n|turn|7\n|\n|t:|1700165461\n|move|p2a: Ogerpon|Encore|p1a: Prince\n|-immune|p1a: Prince|[from] ability: Good as Gold\n|move|p1a: Prince|Shadow Ball|p2a: Ogerpon\n|-damage|p2a: Ogerpon|0 fnt\n|faint|p2a: Ogerpon\n|\n|upkeep\n|c|\u2606clemelc|i'm stupid\n|\n|t:|1700165471\n|switch|p2a: Blissey|Blissey, F|75\/100\n|turn|8\n|\n|t:|1700165479\n|move|p1a: Prince|Nasty Plot|p1a: Prince\n|-boost|p1a: Prince|spa|2\n|move|p2a: Blissey|Shadow Ball|p1a: Prince\n|-supereffective|p1a: Prince\n|-damage|p1a: Prince|66\/100\n|\n|upkeep\n|turn|9\n|\n|t:|1700165488\n|move|p1a: Prince|Make It Rain|p2a: Blissey\n|-damage|p2a: Blissey|0 fnt\n|-unboost|p1a: Prince|spa|1\n|faint|p2a: Blissey\n|\n|upkeep\n|\n|t:|1700165497\n|switch|p2a: Great Tusk|Great Tusk|40\/100\n|-damage|p2a: Great Tusk|37\/100|[from] Stealth Rock\n|turn|10\n|\n|t:|1700165513\n|switch|p1a: Lando Calrissian|Landorus-Therian, M|100\/100\n|-damage|p1a: Lando Calrissian|88\/100|[from] Stealth Rock\n|-ability|p1a: Lando Calrissian|Intimidate|boost\n|-unboost|p2a: Great Tusk|atk|1\n|move|p2a: Great Tusk|Knock Off|p1a: Lando Calrissian\n|-damage|p1a: Lando Calrissian|75\/100\n|-damage|p2a: Great Tusk|20\/100|[from] item: Rocky Helmet|[of] p1a: Lando Calrissian\n|-enditem|p1a: Lando Calrissian|Rocky Helmet|[from] move: Knock Off|[of] p2a: Great Tusk\n|\n|-heal|p2a: Great Tusk|27\/100|[from] item: Leftovers\n|upkeep\n|turn|11\n|\n|t:|1700165528\n|move|p2a: Great Tusk|Rapid Spin|p1a: Lando Calrissian\n|-damage|p1a: Lando Calrissian|69\/100\n|-boost|p2a: Great Tusk|spe|1\n|-sideend|p2: clemelc|Stealth Rock|[from] move: Rapid Spin|[of] p2a: Great Tusk\n|move|p1a: Lando Calrissian|Grass Knot|p2a: Great Tusk\n|-supereffective|p2a: Great Tusk\n|-damage|p2a: Great Tusk|0 fnt\n|faint|p2a: Great Tusk\n|-end|p2a: Great Tusk|Protosynthesis|[silent]\n|\n|upkeep\n|\n|t:|1700165533\n|switch|p2a: Dragapult|Dragapult, M|100\/100\n|turn|12\n|\n|t:|1700165542\n|-terastallize|p2a: Dragapult|Ghost\n|move|p2a: Dragapult|Shadow Ball|p1a: Lando Calrissian\n|-damage|p1a: Lando Calrissian|0 fnt\n|faint|p1a: Lando Calrissian\n|\n|upkeep\n|\n|t:|1700165555\n|switch|p1a: Masakado|Samurott-Hisui, M, shiny|100\/100\n|-damage|p1a: Masakado|88\/100|[from] Stealth Rock\n|turn|13\n|\n|t:|1700165567\n|switch|p2a: Zapdos|Zapdos|100\/100\n|move|p1a: Masakado|Knock Off|p2a: Zapdos\n|-damage|p2a: Zapdos|62\/100\n|-status|p1a: Masakado|par|[from] ability: Static|[of] p2a: Zapdos\n|-enditem|p2a: Zapdos|Heavy-Duty Boots|[from] move: Knock Off|[of] p1a: Masakado\n|\n|upkeep\n|turn|14\n|\n|t:|1700165592\n|switch|p1a: Fembot|Iron Valiant|100\/100\n|-damage|p1a: Fembot|94\/100|[from] Stealth Rock\n|-enditem|p1a: Fembot|Booster Energy\n|-activate|p1a: Fembot|ability: Quark Drive|[fromitem]\n|-start|p1a: Fembot|quarkdrivespe\n|move|p2a: Zapdos|Hurricane|p1a: Fembot\n|-supereffective|p1a: Fembot\n|-damage|p1a: Fembot|0 fnt\n|faint|p1a: Fembot\n|-end|p1a: Fembot|Quark Drive|[silent]\n|\n|upkeep\n|inactive|Nitro524 has 120 seconds left.\n|\n|t:|1700165608\n|switch|p1a: Apollo|Ceruledge, M|100\/100\n|-damage|p1a: Apollo|76\/100|[from] Stealth Rock\n|turn|15\n|\n|t:|1700165613\n|move|p2a: Zapdos|Hurricane|p1a: Apollo|[miss]\n|-miss|p2a: Zapdos|p1a: Apollo\n|move|p1a: Apollo|Bitter Blade|p2a: Zapdos\n|-damage|p2a: Zapdos|23\/100\n|-heal|p1a: Apollo|100\/100|[from] drain|[of] p2a: Zapdos\n|\n|upkeep\n|turn|16\n|\n|t:|1700165623\n|move|p2a: Zapdos|Roost|p2a: Zapdos\n|-heal|p2a: Zapdos|73\/100\n|-singleturn|p2a: Zapdos|move: Roost\n|move|p1a: Apollo|Swords Dance|p1a: Apollo\n|-boost|p1a: Apollo|atk|2\n|\n|upkeep\n|turn|17\n|\n|t:|1700165627\n|move|p2a: Zapdos|Hurricane|p1a: Apollo\n|-damage|p1a: Apollo|42\/100\n|move|p1a: Apollo|Bitter Blade|p2a: Zapdos\n|-damage|p2a: Zapdos|0 fnt\n|-heal|p1a: Apollo|90\/100|[from] drain|[of] p2a: Zapdos\n|-status|p1a: Apollo|par|[from] ability: Static|[of] p2a: Zapdos\n|faint|p2a: Zapdos\n|\n|upkeep\n|\n|t:|1700165634\n|switch|p2a: Kingambit|Kingambit, F|100\/100\n|-activate|p2a: Kingambit|ability: Supreme Overlord\n|-start|p2a: Kingambit|fallen4|[silent]\n|turn|18\n|\n|t:|1700165645\n|switch|p1a: Masakado|Samurott-Hisui, M, shiny|88\/100 par\n|-damage|p1a: Masakado|76\/100 par|[from] Stealth Rock\n|move|p2a: Kingambit|Kowtow Cleave|p1a: Masakado\n|-resisted|p1a: Masakado\n|-damage|p1a: Masakado|31\/100 par\n|\n|upkeep\n|turn|19\n|\n|t:|1700165653\n|move|p2a: Kingambit|Swords Dance|p2a: Kingambit\n|-boost|p2a: Kingambit|atk|2\n|move|p1a: Masakado|Knock Off|p2a: Kingambit\n|-resisted|p2a: Kingambit\n|-damage|p2a: Kingambit|84\/100\n|-enditem|p2a: Kingambit|Mental Herb|[from] move: Knock Off|[of] p1a: Masakado\n|\n|upkeep\n|turn|20\n|\n|t:|1700165669\n|move|p2a: Kingambit|Kowtow Cleave|p1a: Masakado\n|-resisted|p1a: Masakado\n|-damage|p1a: Masakado|0 fnt\n|faint|p1a: Masakado\n|\n|upkeep\n|\n|t:|1700165676\n|switch|p1a: Prince|Gholdengo|66\/100\n|-damage|p1a: Prince|60\/100|[from] Stealth Rock\n|turn|21\n|\n|t:|1700165682\n|move|p1a: Prince|Recover|p1a: Prince\n|-heal|p1a: Prince|100\/100\n|move|p2a: Kingambit|Kowtow Cleave|p1a: Prince\n|-supereffective|p1a: Prince\n|-damage|p1a: Prince|0 fnt\n|faint|p1a: Prince\n|\n|upkeep\n|\n|t:|1700165706\n|switch|p1a: Checkmate|Kingambit, M|100\/100\n|-damage|p1a: Checkmate|94\/100|[from] Stealth Rock\n|-activate|p1a: Checkmate|ability: Supreme Overlord\n|-start|p1a: Checkmate|fallen4|[silent]\n|turn|22\n|inactive|Nitro524 has 120 seconds left.\n|\n|t:|1700165739\n|-terastallize|p1a: Checkmate|Flying\n|move|p1a: Checkmate|Swords Dance|p1a: Checkmate\n|-boost|p1a: Checkmate|atk|2\n|move|p2a: Kingambit|Kowtow Cleave|p1a: Checkmate\n|-damage|p1a: Checkmate|0 fnt\n|faint|p1a: Checkmate\n|-end|p1a: Checkmate|fallen4|[silent]\n|\n|upkeep\n|\n|t:|1700165741\n|switch|p1a: Apollo|Ceruledge, M|90\/100 par\n|-damage|p1a: Apollo|65\/100 par|[from] Stealth Rock\n|turn|23\n|c|\u2606Nitro524|gg\n|\n|t:|1700165751\n|move|p2a: Kingambit|Swords Dance|p2a: Kingambit\n|-boost|p2a: Kingambit|atk|2\n|move|p1a: Apollo|Bitter Blade|p2a: Kingambit\n|-supereffective|p2a: Kingambit\n|-damage|p2a: Kingambit|9\/100\n|-heal|p1a: Apollo|100\/100 par|[from] drain|[of] p2a: Kingambit\n|\n|upkeep\n|turn|24\n|c|\u2606clemelc|gg :)\n|c|\u2606clemelc|MISSVLIVK\n|c|\u2606clemelc|x)\n|c|\u2606Nitro524|NOOOO\n|c|\u2606Nitro524|I'm sorry bro\n|inactive|Nitro524 has 90 seconds left.\n|c|\u2606clemelc|that's fine\n|c|\u2606clemelc|you're better btw\n|\n|t:|1700165804\n|move|p2a: Kingambit|Sucker Punch|p1a: Apollo\n|-supereffective|p1a: Apollo\n|-enditem|p1a: Apollo|Focus Sash\n|-damage|p1a: Apollo|1\/100 par\n|-ability|p1a: Apollo|Weak Armor|boost\n|-unboost|p1a: Apollo|def|1\n|-boost|p1a: Apollo|spe|2\n|move|p1a: Apollo|Shadow Sneak|p2a: Kingambit\n|-resisted|p2a: Kingambit\n|-damage|p2a: Kingambit|0 fnt\n|faint|p2a: Kingambit\n|-end|p2a: Kingambit|fallen4|[silent]\n|\n|upkeep\n|\n|t:|1700165808\n|switch|p2a: Dragapult|Dragapult, M, tera:Ghost|100\/100\n|turn|25\n|c|\u2606Nitro524|aw i wouldn't say that\n|c|\u2606Nitro524|you've played really well1\n|c|\u2606Nitro524|!\n|\n|t:|1700165823\n|move|p1a: Apollo|Shadow Sneak|p2a: Dragapult\n|-supereffective|p2a: Dragapult\n|-damage|p2a: Dragapult|44\/100\n|move|p2a: Dragapult|Shadow Ball|p1a: Apollo\n|-supereffective|p1a: Apollo\n|-damage|p1a: Apollo|0 fnt\n|faint|p1a: Apollo\n|\n|win|clemelc\n|raw|Nitro524's rating: 1405 &rarr; <strong>1385<\/strong><br \/>(-20 for losing)\n|raw|clemelc's rating: 1412 &rarr; <strong>1432<\/strong><br \/>(+20 for winning)\n|c|\u2606Nitro524|nice\n|c|\u2606clemelc|thx haha\n|c|\u2606Nitro524|ggs!\n","uploadtime":1700165833,"views":12,"p1id":"nitro524","p2id":"clemelc","formatid":"gen9ou","rating":1385,"private":0,"password":""}