{"id":"gen9ou-1994712874","p1":"Briendo","p2":"Saimasseuh v10","format":"[Gen 9] OU","log":"|j|\u2606Briendo\n|j|\u2606Saimasseuh v10\n|t:|1700484574\n|gametype|singles\n|player|p1|Briendo|102|1745\n|player|p2|Saimasseuh v10|102|1862\n|teamsize|p1|6\n|teamsize|p2|6\n|gen|9\n|tier|[Gen 9] OU\n|rated|\n|rule|Sleep Clause Mod: Limit one foe put to sleep\n|rule|Species Clause: Limit one of each Pok\u00e9mon\n|rule|OHKO Clause: OHKO moves are banned\n|rule|Evasion Items Clause: Evasion items are banned\n|rule|Evasion Moves Clause: Evasion moves are banned\n|rule|Endless Battle Clause: Forcing endless battles is banned\n|rule|HP Percentage Mod: HP is shown in percentages\n|clearpoke\n|poke|p1|Ursaluna, M|\n|poke|p1|Kingambit, M|\n|poke|p1|Enamorus-Therian, F|\n|poke|p1|Cresselia, F|\n|poke|p1|Iron Hands|\n|poke|p1|Bronzong|\n|poke|p2|Ting-Lu|\n|poke|p2|Iron Valiant|\n|poke|p2|Clodsire, M|\n|poke|p2|Dragonite, F|\n|poke|p2|Gholdengo|\n|poke|p2|Great Tusk|\n|teampreview\n|inactive|Battle timer is ON: inactive players will automatically lose when time's up. (requested by Saimasseuh v10)\n|\n|t:|1700484589\n|start\n|switch|p1a: Bronzong|Bronzong|100\/100\n|switch|p2a: Ting-Lu|Ting-Lu|100\/100\n|-ability|p2a: Ting-Lu|Vessel of Ruin\n|turn|1\n|\n|t:|1700484596\n|switch|p1a: Enamorus|Enamorus-Therian, F|100\/100\n|move|p2a: Ting-Lu|Stealth Rock|p1a: Enamorus\n|-sidestart|p1: Briendo|move: Stealth Rock\n|\n|upkeep\n|turn|2\n|\n|t:|1700484602\n|move|p2a: Ting-Lu|Heavy Slam|p1a: Enamorus\n|-supereffective|p1a: Enamorus\n|-damage|p1a: Enamorus|42\/100\n|move|p1a: Enamorus|Moonblast|p2a: Ting-Lu\n|-supereffective|p2a: Ting-Lu\n|-damage|p2a: Ting-Lu|34\/100\n|\n|-heal|p2a: Ting-Lu|40\/100|[from] item: Leftovers\n|upkeep\n|turn|3\n|j| mew852\n|\n|t:|1700484610\n|switch|p1a: Bronzong|Bronzong|100\/100\n|-damage|p1a: Bronzong|94\/100|[from] Stealth Rock\n|move|p2a: Ting-Lu|Spikes|p1a: Bronzong\n|-sidestart|p1: Briendo|Spikes\n|\n|-heal|p2a: Ting-Lu|46\/100|[from] item: Leftovers\n|upkeep\n|turn|4\n|\n|t:|1700484614\n|move|p2a: Ting-Lu|Spikes|p1a: Bronzong\n|-sidestart|p1: Briendo|Spikes\n|move|p1a: Bronzong|Stealth Rock|p2a: Ting-Lu\n|-sidestart|p2: Saimasseuh v10|move: Stealth Rock\n|\n|-heal|p2a: Ting-Lu|52\/100|[from] item: Leftovers\n|upkeep\n|turn|5\n|\n|t:|1700484617\n|move|p2a: Ting-Lu|Spikes|p1a: Bronzong\n|-sidestart|p1: Briendo|Spikes\n|move|p1a: Bronzong|Trick Room|p1a: Bronzong\n|-fieldstart|move: Trick Room|[of] p1a: Bronzong\n|\n|-heal|p2a: Ting-Lu|58\/100|[from] item: Leftovers\n|upkeep\n|turn|6\n|\n|t:|1700484621\n|move|p1a: Bronzong|Body Press|p2a: Ting-Lu\n|-supereffective|p2a: Ting-Lu\n|-damage|p2a: Ting-Lu|29\/100\n|move|p2a: Ting-Lu|Whirlwind|p1a: Bronzong\n|drag|p1a: Iron Hands|Iron Hands|100\/100\n|-damage|p1a: Iron Hands|94\/100|[from] Stealth Rock\n|-damage|p1a: Iron Hands|70\/100|[from] Spikes\n|-enditem|p1a: Iron Hands|Booster Energy\n|-activate|p1a: Iron Hands|ability: Quark Drive|[fromitem]\n|-start|p1a: Iron Hands|quarkdriveatk\n|\n|-heal|p2a: Ting-Lu|35\/100|[from] item: Leftovers\n|upkeep\n|turn|7\n|\n|t:|1700484639\n|switch|p2a: Great Tusk|Great Tusk|100\/100\n|-damage|p2a: Great Tusk|98\/100|[from] Stealth Rock\n|move|p1a: Iron Hands|Ice Punch|p2a: Great Tusk\n|-supereffective|p2a: Great Tusk\n|-damage|p2a: Great Tusk|61\/100\n|-status|p2a: Great Tusk|frz\n|\n|-heal|p2a: Great Tusk|67\/100 frz|[from] item: Leftovers\n|upkeep\n|turn|8\n|\n|t:|1700484648\n|move|p1a: Iron Hands|Ice Punch|p2a: Great Tusk\n|-supereffective|p2a: Great Tusk\n|-damage|p2a: Great Tusk|33\/100 frz\n|-curestatus|p2a: Great Tusk|frz|[msg]\n|move|p2a: Great Tusk|Earthquake|p1a: Iron Hands\n|-supereffective|p1a: Iron Hands\n|-damage|p1a: Iron Hands|16\/100\n|\n|-heal|p2a: Great Tusk|39\/100|[from] item: Leftovers\n|upkeep\n|turn|9\n|\n|t:|1700484658\n|move|p1a: Iron Hands|Close Combat|p2a: Great Tusk\n|-damage|p2a: Great Tusk|0 fnt\n|-unboost|p1a: Iron Hands|def|1\n|-unboost|p1a: Iron Hands|spd|1\n|faint|p2a: Great Tusk\n|-end|p2a: Great Tusk|Protosynthesis|[silent]\n|\n|-fieldend|move: Trick Room\n|upkeep\n|\n|t:|1700484664\n|switch|p2a: Iron Valiant|Iron Valiant|100\/100\n|-damage|p2a: Iron Valiant|94\/100|[from] Stealth Rock\n|turn|10\n|\n|t:|1700484670\n|-end|p1a: Iron Hands|Quark Drive|[silent]\n|switch|p1a: Bronzong|Bronzong|94\/100\n|-damage|p1a: Bronzong|88\/100|[from] Stealth Rock\n|move|p2a: Iron Valiant|Shadow Ball|p1a: Bronzong\n|-supereffective|p1a: Bronzong\n|-enditem|p1a: Bronzong|Kasib Berry|[eat]\n|-enditem|p1a: Bronzong|Kasib Berry|[weaken]\n|-damage|p1a: Bronzong|49\/100\n|\n|upkeep\n|turn|11\n|\n|t:|1700484677\n|move|p2a: Iron Valiant|Shadow Ball|p1a: Bronzong\n|-supereffective|p1a: Bronzong\n|-damage|p1a: Bronzong|0 fnt\n|faint|p1a: Bronzong\n|\n|upkeep\n|\n|t:|1700484683\n|switch|p1a: Kingambit|Kingambit, M|100\/100\n|-damage|p1a: Kingambit|94\/100|[from] Stealth Rock\n|-damage|p1a: Kingambit|69\/100|[from] Spikes\n|-activate|p1a: Kingambit|ability: Supreme Overlord\n|-start|p1a: Kingambit|fallen1|[silent]\n|turn|12\n|\n|t:|1700484691\n|-end|p2a: Iron Valiant|Quark Drive|[silent]\n|switch|p2a: Ting-Lu|Ting-Lu|35\/100\n|-damage|p2a: Ting-Lu|29\/100|[from] Stealth Rock\n|-ability|p2a: Ting-Lu|Vessel of Ruin\n|move|p1a: Kingambit|Iron Head|p2a: Ting-Lu\n|-damage|p2a: Ting-Lu|0 fnt\n|faint|p2a: Ting-Lu\n|\n|upkeep\n|\n|t:|1700484693\n|switch|p2a: Iron Valiant|Iron Valiant|94\/100\n|-damage|p2a: Iron Valiant|88\/100|[from] Stealth Rock\n|turn|13\n|\n|t:|1700484707\n|-end|p1a: Kingambit|fallen1|[silent]\n|switch|p1a: Cresselia|Cresselia, F|100\/100\n|-damage|p1a: Cresselia|88\/100|[from] Stealth Rock\n|move|p2a: Iron Valiant|Moonblast|p1a: Cresselia\n|-damage|p1a: Cresselia|53\/100\n|\n|upkeep\n|turn|14\n|\n|t:|1700484715\n|move|p2a: Iron Valiant|Moonblast|p1a: Cresselia\n|-damage|p1a: Cresselia|18\/100\n|-unboost|p1a: Cresselia|spa|1\n|move|p1a: Cresselia|Moonlight|p1a: Cresselia\n|-heal|p1a: Cresselia|68\/100\n|\n|upkeep\n|turn|15\n|\n|t:|1700484724\n|move|p2a: Iron Valiant|Moonblast|p1a: Cresselia\n|-damage|p1a: Cresselia|30\/100\n|move|p1a: Cresselia|Moonlight|p1a: Cresselia\n|-heal|p1a: Cresselia|80\/100\n|\n|upkeep\n|turn|16\n|\n|t:|1700484732\n|-end|p2a: Iron Valiant|Quark Drive|[silent]\n|switch|p2a: Gholdengo|Gholdengo|100\/100\n|-damage|p2a: Gholdengo|94\/100|[from] Stealth Rock\n|move|p1a: Cresselia|Moonlight|p1a: Cresselia\n|-heal|p1a: Cresselia|100\/100\n|\n|upkeep\n|turn|17\n|\n|t:|1700484736\n|switch|p1a: Iron Hands|Iron Hands|16\/100\n|-damage|p1a: Iron Hands|10\/100|[from] Stealth Rock\n|-damage|p1a: Iron Hands|0 fnt|[from] Spikes\n|faint|p1a: Iron Hands\n|-end|p1a: Iron Hands|Quark Drive|[silent]\n|move|p2a: Gholdengo|Trick|p1: Iron Hands|[notarget]\n|-fail|p2a: Gholdengo\n|\n|upkeep\n|\n|t:|1700484750\n|switch|p1a: Ursaluna|Ursaluna, M|100\/100\n|-damage|p1a: Ursaluna|94\/100|[from] Stealth Rock\n|-damage|p1a: Ursaluna|69\/100|[from] Spikes\n|turn|18\n|\n|t:|1700484754\n|move|p2a: Gholdengo|Trick|p1a: Ursaluna\n|-activate|p2a: Gholdengo|move: Trick|[of] p1a: Ursaluna\n|-item|p1a: Ursaluna|Choice Scarf|[from] move: Trick\n|-item|p2a: Gholdengo|Flame Orb|[from] move: Trick\n|move|p1a: Ursaluna|Earthquake|p2a: Gholdengo\n|-supereffective|p2a: Gholdengo\n|-damage|p2a: Gholdengo|0 fnt\n|faint|p2a: Gholdengo\n|\n|upkeep\n|\n|t:|1700484760\n|switch|p2a: Iron Valiant|Iron Valiant|88\/100\n|-damage|p2a: Iron Valiant|82\/100|[from] Stealth Rock\n|turn|19\n|\n|t:|1700484765\n|-terastallize|p2a: Iron Valiant|Fairy\n|move|p2a: Iron Valiant|Moonblast|p1a: Ursaluna\n|-damage|p1a: Ursaluna|0 fnt\n|faint|p1a: Ursaluna\n|\n|upkeep\n|\n|t:|1700484776\n|switch|p1a: Cresselia|Cresselia, F|100\/100\n|-damage|p1a: Cresselia|88\/100|[from] Stealth Rock\n|turn|20\n|\n|t:|1700484780\n|move|p2a: Iron Valiant|Moonblast|p1a: Cresselia\n|-damage|p1a: Cresselia|35\/100\n|move|p1a: Cresselia|Trick Room|p1a: Cresselia\n|-fieldstart|move: Trick Room|[of] p1a: Cresselia\n|\n|upkeep\n|turn|21\n|\n|t:|1700484786\n|switch|p1a: Enamorus|Enamorus-Therian, F|42\/100\n|-damage|p1a: Enamorus|18\/100|[from] Stealth Rock\n|-end|p2a: Iron Valiant|Quark Drive|[silent]\n|switch|p2a: Clodsire|Clodsire, M|100\/100\n|-damage|p2a: Clodsire|94\/100|[from] Stealth Rock\n|\n|-heal|p2a: Clodsire|100\/100|[from] item: Black Sludge\n|upkeep\n|turn|22\n|\n|t:|1700484792\n|move|p2a: Clodsire|Poison Jab|p1a: Enamorus\n|-supereffective|p1a: Enamorus\n|-damage|p1a: Enamorus|0 fnt\n|faint|p1a: Enamorus\n|\n|upkeep\n|\n|t:|1700484796\n|switch|p1a: Kingambit|Kingambit, M|69\/100\n|-damage|p1a: Kingambit|63\/100|[from] Stealth Rock\n|-damage|p1a: Kingambit|38\/100|[from] Spikes\n|-activate|p1a: Kingambit|ability: Supreme Overlord\n|-start|p1a: Kingambit|fallen4|[silent]\n|turn|23\n|\n|t:|1700484802\n|switch|p2a: Dragonite|Dragonite, F|100\/100\n|-terastallize|p1a: Kingambit|Dark\n|move|p1a: Kingambit|Kowtow Cleave|p2a: Dragonite\n|-damage|p2a: Dragonite|35\/100\n|\n|upkeep\n|turn|24\n|\n|t:|1700484810\n|move|p2a: Dragonite|Extreme Speed|p1a: Kingambit\n|-damage|p1a: Kingambit|14\/100\n|move|p1a: Kingambit|Kowtow Cleave|p2a: Dragonite\n|-damage|p2a: Dragonite|0 fnt\n|faint|p2a: Dragonite\n|\n|-fieldend|move: Trick Room\n|upkeep\n|\n|t:|1700484812\n|switch|p2a: Iron Valiant|Iron Valiant, tera:Fairy|82\/100\n|-damage|p2a: Iron Valiant|69\/100|[from] Stealth Rock\n|turn|25\n|\n|t:|1700484820\n|move|p1a: Kingambit|Sucker Punch|p2a: Iron Valiant\n|-resisted|p2a: Iron Valiant\n|-crit|p2a: Iron Valiant\n|-damage|p2a: Iron Valiant|0 fnt\n|faint|p2a: Iron Valiant\n|-end|p2a: Iron Valiant|Quark Drive|[silent]\n|\n|upkeep\n|\n|t:|1700484831\n|switch|p2a: Clodsire|Clodsire, M|100\/100\n|-damage|p2a: Clodsire|94\/100|[from] Stealth Rock\n|turn|26\n|c|\u2606Briendo|sry\n|\n|t:|1700484843\n|move|p1a: Kingambit|Kowtow Cleave|p2a: Clodsire\n|-damage|p2a: Clodsire|12\/100\n|move|p2a: Clodsire|Poison Jab|p1a: Kingambit\n|-damage|p1a: Kingambit|0 fnt\n|faint|p1a: Kingambit\n|-end|p1a: Kingambit|fallen4|[silent]\n|\n|-heal|p2a: Clodsire|18\/100|[from] item: Black Sludge\n|upkeep\n|\n|t:|1700484847\n|switch|p1a: Cresselia|Cresselia, F|35\/100\n|-damage|p1a: Cresselia|23\/100|[from] Stealth Rock\n|turn|27\n|\n|t:|1700484850\n|move|p1a: Cresselia|Ice Beam|p2a: Clodsire\n|-supereffective|p2a: Clodsire\n|-damage|p2a: Clodsire|0 fnt\n|faint|p2a: Clodsire\n|\n|win|Briendo\n|raw|Briendo's rating: 1745 &rarr; <strong>1771<\/strong><br \/>(+26 for winning)\n|raw|Saimasseuh v10's rating: 1862 &rarr; <strong>1836<\/strong><br \/>(-26 for losing)\n|l|\u2606Saimasseuh v10\n|l|\u2606Briendo\n","uploadtime":1700485015,"views":25,"p1id":"briendo","p2id":"saimasseuhv10","formatid":"gen9ou","rating":1771,"private":0,"password":""}