{"id":"gen9ou-1996090177","p1":"Meepbiscuit","p2":"natsuzamaki","format":"[Gen 9] OU","log":"|j|\u2606Meepbiscuit\n|j|\u2606natsuzamaki\n|inactive|Battle timer is ON: inactive players will automatically lose when time's up.\n|t:|1700642468\n|gametype|singles\n|player|p1|Meepbiscuit|dawn-gen4pt|\n|player|p2|natsuzamaki|1|\n|teamsize|p1|6\n|teamsize|p2|6\n|gen|9\n|tier|[Gen 9] OU\n|rated|Tournament battle\n|rule|Sleep Clause Mod: Limit one foe put to sleep\n|rule|Species Clause: Limit one of each Pok\u00e9mon\n|rule|OHKO Clause: OHKO moves are banned\n|rule|Evasion Items Clause: Evasion items are banned\n|rule|Evasion Moves Clause: Evasion moves are banned\n|rule|Endless Battle Clause: Forcing endless battles is banned\n|rule|HP Percentage Mod: HP is shown in percentages\n|clearpoke\n|poke|p1|Zapdos|\n|poke|p1|Slowking-Galar, M|\n|poke|p1|Ting-Lu|\n|poke|p1|Great Tusk|\n|poke|p1|Iron Valiant|\n|poke|p1|Kingambit, F|\n|poke|p2|Ribombee, F|\n|poke|p2|Ogerpon-Wellspring, F|\n|poke|p2|Iron Moth|\n|poke|p2|Kingambit, F|\n|poke|p2|Gholdengo|\n|poke|p2|Iron Valiant|\n|teampreview\n|j|*Lady Monita \u2746\n|j| BB-8-NU\n|inactive|natsuzamaki also wants the timer to be on.\n|\n|t:|1700642498\n|start\n|switch|p1a: Ting-Lu|Ting-Lu|100\/100\n|switch|p2a: Iron Valiant|Iron Valiant|100\/100\n|-ability|p1a: Ting-Lu|Vessel of Ruin\n|-enditem|p2a: Iron Valiant|Booster Energy\n|-activate|p2a: Iron Valiant|ability: Quark Drive|[fromitem]\n|-start|p2a: Iron Valiant|quarkdrivespe\n|turn|1\n|\n|t:|1700642515\n|switch|p1a: Slowking|Slowking-Galar, M|100\/100\n|move|p2a: Iron Valiant|Moonblast|p1a: Slowking\n|-resisted|p1a: Slowking\n|-damage|p1a: Slowking|89\/100\n|\n|-heal|p1a: Slowking|95\/100|[from] item: Leftovers\n|upkeep\n|turn|2\n|\n|t:|1700642521\n|move|p2a: Iron Valiant|Knock Off|p1a: Slowking\n|-supereffective|p1a: Slowking\n|-damage|p1a: Slowking|24\/100\n|-enditem|p1a: Slowking|Leftovers|[from] move: Knock Off|[of] p2a: Iron Valiant\n|move|p1a: Slowking|Future Sight|p2a: Iron Valiant\n|-start|p1a: Slowking|move: Future Sight\n|\n|upkeep\n|turn|3\n|\n|t:|1700642528\n|switch|p1a: Zapdos|Zapdos|100\/100\n|move|p2a: Iron Valiant|Close Combat|p1a: Zapdos\n|-resisted|p1a: Zapdos\n|-damage|p1a: Zapdos|74\/100\n|-unboost|p2a: Iron Valiant|def|1\n|-unboost|p2a: Iron Valiant|spd|1\n|\n|upkeep\n|turn|4\n|\n|t:|1700642536\n|move|p2a: Iron Valiant|Moonblast|p1a: Zapdos\n|-damage|p1a: Zapdos|35\/100\n|move|p1a: Zapdos|Volt Switch|p2a: Iron Valiant\n|-damage|p2a: Iron Valiant|0 fnt\n|faint|p2a: Iron Valiant\n|-end|p2a: Iron Valiant|Quark Drive|[silent]\n|\n|t:|1700642556\n|switch|p1a: Ting-Lu|Ting-Lu|100\/100|[from] Volt Switch\n|-ability|p1a: Ting-Lu|Vessel of Ruin\n|\n|-hint|Future Sight did not hit because the target is fainted.\n|upkeep\n|j| vicheat\n|\n|t:|1700642571\n|switch|p2a: Kingambit|Kingambit, F|100\/100\n|-activate|p2a: Kingambit|ability: Supreme Overlord\n|-start|p2a: Kingambit|fallen1|[silent]\n|turn|5\n|inactive|Meepbiscuit has 120 seconds left.\n|inactive|natsuzamaki has 120 seconds left.\n|\n|t:|1700642606\n|-end|p2a: Kingambit|fallen1|[silent]\n|switch|p2a: Ogerpon|Ogerpon-Wellspring, F|100\/100\n|switch|p1a: Zapdos|Zapdos|35\/100\n|\n|upkeep\n|turn|6\n|\n|t:|1700642615\n|move|p2a: Ogerpon|Ivy Cudgel|p1a: Zapdos|[anim] Ivy Cudgel Water\n|-damage|p1a: Zapdos|0 fnt\n|faint|p1a: Zapdos\n|\n|upkeep\n|\n|t:|1700642621\n|switch|p1a: Iron Valiant|Iron Valiant|100\/100\n|-enditem|p1a: Iron Valiant|Booster Energy\n|-activate|p1a: Iron Valiant|ability: Quark Drive|[fromitem]\n|-start|p1a: Iron Valiant|quarkdrivespe\n|turn|7\n|\n|t:|1700642629\n|switch|p2a: Iron Moth|Iron Moth|100\/100\n|-enditem|p2a: Iron Moth|Booster Energy\n|-activate|p2a: Iron Moth|ability: Quark Drive|[fromitem]\n|-start|p2a: Iron Moth|quarkdrivespa\n|move|p1a: Iron Valiant|Close Combat|p2a: Iron Moth\n|-resisted|p2a: Iron Moth\n|-damage|p2a: Iron Moth|47\/100\n|-unboost|p1a: Iron Valiant|def|1\n|-unboost|p1a: Iron Valiant|spd|1\n|\n|upkeep\n|turn|8\n|\n|t:|1700642642\n|-terastallize|p2a: Iron Moth|Ghost\n|move|p1a: Iron Valiant|Close Combat|p2a: Iron Moth\n|-immune|p2a: Iron Moth\n|move|p2a: Iron Moth|Substitute|p2a: Iron Moth\n|-start|p2a: Iron Moth|Substitute\n|-damage|p2a: Iron Moth|22\/100\n|\n|upkeep\n|turn|9\n|\n|t:|1700642650\n|move|p1a: Iron Valiant|Spirit Break|p2a: Iron Moth\n|-end|p2a: Iron Moth|Substitute\n|move|p2a: Iron Moth|Sludge Wave|p1a: Iron Valiant\n|-supereffective|p1a: Iron Valiant\n|-damage|p1a: Iron Valiant|0 fnt\n|faint|p1a: Iron Valiant\n|-end|p1a: Iron Valiant|Quark Drive|[silent]\n|\n|upkeep\n|\n|t:|1700642669\n|switch|p1a: Ting-Lu|Ting-Lu|100\/100\n|-ability|p1a: Ting-Lu|Vessel of Ruin\n|turn|10\n|\n|t:|1700642674\n|move|p2a: Iron Moth|Fiery Dance|p1a: Ting-Lu\n|-damage|p1a: Ting-Lu|78\/100\n|move|p1a: Ting-Lu|Spikes|p2a: Iron Moth\n|-sidestart|p2: natsuzamaki|Spikes\n|\n|-heal|p1a: Ting-Lu|85\/100|[from] item: Leftovers\n|upkeep\n|turn|11\n|j| Shinyman337\n|\n|t:|1700642678\n|move|p2a: Iron Moth|Fiery Dance|p1a: Ting-Lu\n|-damage|p1a: Ting-Lu|59\/100\n|-boost|p2a: Iron Moth|spa|1\n|move|p1a: Ting-Lu|Whirlwind|p2a: Iron Moth\n|-end|p2a: Iron Moth|Quark Drive|[silent]\n|drag|p2a: Ribombee|Ribombee, F|100\/100\n|-damage|p2a: Ribombee|88\/100|[from] Spikes\n|\n|-heal|p1a: Ting-Lu|66\/100|[from] item: Leftovers\n|upkeep\n|turn|12\n|\n|t:|1700642686\n|move|p2a: Ribombee|Stun Spore|p1a: Ting-Lu\n|-status|p1a: Ting-Lu|par\n|move|p1a: Ting-Lu|Stealth Rock|p2a: Ribombee\n|-sidestart|p2: natsuzamaki|move: Stealth Rock\n|\n|-heal|p1a: Ting-Lu|72\/100 par|[from] item: Leftovers\n|upkeep\n|turn|13\n|\n|t:|1700642692\n|move|p2a: Ribombee|Moonblast|p1a: Ting-Lu\n|-supereffective|p1a: Ting-Lu\n|-damage|p1a: Ting-Lu|39\/100 par\n|cant|p1a: Ting-Lu|par\n|\n|-heal|p1a: Ting-Lu|45\/100 par|[from] item: Leftovers\n|upkeep\n|turn|14\n|j| Adriux15\n|l| Adriux15\n|\n|t:|1700642698\n|move|p2a: Ribombee|Moonblast|p1a: Ting-Lu\n|-supereffective|p1a: Ting-Lu\n|-damage|p1a: Ting-Lu|14\/100 par\n|cant|p1a: Ting-Lu|par\n|\n|-heal|p1a: Ting-Lu|20\/100 par|[from] item: Leftovers\n|upkeep\n|turn|15\n|\n|t:|1700642705\n|switch|p1a: Slowking|Slowking-Galar, M|57\/100\n|move|p2a: Ribombee|Moonblast|p1a: Slowking\n|-resisted|p1a: Slowking\n|-damage|p1a: Slowking|45\/100\n|\n|upkeep\n|turn|16\n|\n|t:|1700642708\n|move|p2a: Ribombee|Stun Spore|p1a: Slowking\n|-status|p1a: Slowking|par\n|move|p1a: Slowking|Future Sight|p2a: Ribombee\n|-start|p1a: Slowking|move: Future Sight\n|\n|upkeep\n|turn|17\n|j| biryanilover\n|\n|t:|1700642715\n|move|p2a: Ribombee|Sticky Web|p1a: Slowking\n|-sidestart|p1: Meepbiscuit|move: Sticky Web\n|move|p1a: Slowking|Thunder Wave|p2a: Ribombee\n|-status|p2a: Ribombee|par\n|\n|upkeep\n|turn|18\n|\n|t:|1700642722\n|switch|p2a: Gholdengo|Gholdengo|100\/100\n|-damage|p2a: Gholdengo|94\/100|[from] Stealth Rock\n|-item|p2a: Gholdengo|Air Balloon\n|cant|p1a: Slowking|par\n|\n|-end|p2a: Gholdengo|move: Future Sight\n|-resisted|p2a: Gholdengo\n|-damage|p2a: Gholdengo|69\/100\n|-enditem|p2a: Gholdengo|Air Balloon\n|upkeep\n|turn|19\n|l| biryanilover\n|\n|t:|1700642728\n|switch|p1a: Great Tusk|Great Tusk|100\/100\n|-activate|p1a: Great Tusk|move: Sticky Web\n|-unboost|p1a: Great Tusk|spe|1\n|move|p2a: Gholdengo|Nasty Plot|p2a: Gholdengo\n|-boost|p2a: Gholdengo|spa|2\n|\n|upkeep\n|turn|20\n|\n|t:|1700642735\n|move|p2a: Gholdengo|Dazzling Gleam|p1a: Great Tusk\n|-supereffective|p1a: Great Tusk\n|-damage|p1a: Great Tusk|0 fnt\n|faint|p1a: Great Tusk\n|-end|p1a: Great Tusk|Protosynthesis|[silent]\n|\n|upkeep\n|\n|t:|1700642759\n|switch|p1a: Slowking|Slowking-Galar, M|78\/100 par\n|-activate|p1a: Slowking|move: Sticky Web\n|-unboost|p1a: Slowking|spe|1\n|turn|21\n|\n|t:|1700642763\n|move|p2a: Gholdengo|Psyshock|p1a: Slowking\n|-damage|p1a: Slowking|22\/100 par\n|cant|p1a: Slowking|par\n|\n|upkeep\n|turn|22\n|\n|t:|1700642769\n|switch|p1a: Ting-Lu|Ting-Lu|20\/100 par\n|-activate|p1a: Ting-Lu|move: Sticky Web\n|-unboost|p1a: Ting-Lu|spe|1\n|-ability|p1a: Ting-Lu|Vessel of Ruin\n|move|p2a: Gholdengo|Dazzling Gleam|p1a: Ting-Lu\n|-supereffective|p1a: Ting-Lu\n|-damage|p1a: Ting-Lu|0 fnt\n|faint|p1a: Ting-Lu\n|\n|upkeep\n|\n|t:|1700642779\n|switch|p1a: Kingambit|Kingambit, F|100\/100\n|-activate|p1a: Kingambit|move: Sticky Web\n|-unboost|p1a: Kingambit|spe|1\n|-activate|p1a: Kingambit|ability: Supreme Overlord\n|-start|p1a: Kingambit|fallen4|[silent]\n|turn|23\n|\n|t:|1700642783\n|move|p1a: Kingambit|Sucker Punch||[still]\n|-fail|p1a: Kingambit\n|move|p2a: Gholdengo|Nasty Plot|p2a: Gholdengo\n|-boost|p2a: Gholdengo|spa|2\n|\n|upkeep\n|turn|24\n|\n|t:|1700642787\n|move|p2a: Gholdengo|Nasty Plot|p2a: Gholdengo\n|-boost|p2a: Gholdengo|spa|2\n|move|p1a: Kingambit|Kowtow Cleave|p2a: Gholdengo\n|-supereffective|p2a: Gholdengo\n|-damage|p2a: Gholdengo|0 fnt\n|faint|p2a: Gholdengo\n|\n|upkeep\n|\n|t:|1700642793\n|switch|p2a: Kingambit|Kingambit, F|100\/100\n|-damage|p2a: Kingambit|88\/100|[from] Spikes\n|-damage|p2a: Kingambit|82\/100|[from] Stealth Rock\n|-activate|p2a: Kingambit|ability: Supreme Overlord\n|-start|p2a: Kingambit|fallen2|[silent]\n|turn|25\n|\n|t:|1700642799\n|-terastallize|p1a: Kingambit|Flying\n|move|p2a: Kingambit|Low Kick|p1a: Kingambit\n|-resisted|p1a: Kingambit\n|-damage|p1a: Kingambit|85\/100\n|move|p1a: Kingambit|Low Kick|p2a: Kingambit\n|-supereffective|p2a: Kingambit\n|-damage|p2a: Kingambit|0 fnt\n|faint|p2a: Kingambit\n|-end|p2a: Kingambit|fallen2|[silent]\n|\n|-heal|p1a: Kingambit|91\/100|[from] item: Leftovers\n|upkeep\n|\n|t:|1700642808\n|switch|p2a: Ribombee|Ribombee, F|88\/100 par\n|-damage|p2a: Ribombee|76\/100 par|[from] Spikes\n|-damage|p2a: Ribombee|51\/100 par|[from] Stealth Rock\n|turn|26\n|\n|t:|1700642815\n|-end|p1a: Kingambit|fallen4|[silent]\n|switch|p1a: Slowking|Slowking-Galar, M|55\/100 par\n|-activate|p1a: Slowking|move: Sticky Web\n|-unboost|p1a: Slowking|spe|1\n|move|p2a: Ribombee|Stun Spore|p1a: Slowking\n|-fail|p1a: Slowking|par\n|\n|upkeep\n|turn|27\n|\n|t:|1700642825\n|move|p2a: Ribombee|Moonblast|p1a: Slowking\n|-resisted|p1a: Slowking\n|-damage|p1a: Slowking|44\/100 par\n|cant|p1a: Slowking|par\n|\n|upkeep\n|turn|28\n|\n|t:|1700642829\n|move|p2a: Ribombee|Moonblast|p1a: Slowking\n|-resisted|p1a: Slowking\n|-damage|p1a: Slowking|32\/100 par\n|cant|p1a: Slowking|par\n|\n|upkeep\n|turn|29\n|\n|t:|1700642834\n|move|p2a: Ribombee|Moonblast|p1a: Slowking\n|-resisted|p1a: Slowking\n|-damage|p1a: Slowking|21\/100 par\n|cant|p1a: Slowking|par\n|\n|upkeep\n|turn|30\n|\n|t:|1700642842\n|move|p2a: Ribombee|Moonblast|p1a: Slowking\n|-resisted|p1a: Slowking\n|-damage|p1a: Slowking|10\/100 par\n|move|p1a: Slowking|Future Sight|p2a: Ribombee\n|-start|p1a: Slowking|move: Future Sight\n|\n|upkeep\n|turn|31\n|\n|t:|1700642847\n|cant|p2a: Ribombee|par\n|move|p1a: Slowking|Ice Beam|p2a: Ribombee\n|-damage|p2a: Ribombee|13\/100 par\n|\n|upkeep\n|turn|32\n|j| Adriux15\n|\n|t:|1700642853\n|move|p2a: Ribombee|Moonblast|p1a: Slowking\n|-resisted|p1a: Slowking\n|-damage|p1a: Slowking|0 fnt\n|faint|p1a: Slowking\n|\n|-end|p2a: Ribombee|move: Future Sight\n|-damage|p2a: Ribombee|0 fnt\n|faint|p2a: Ribombee\n|upkeep\n|\n|t:|1700642859\n|switch|p2a: Ogerpon|Ogerpon-Wellspring, F|100\/100\n|switch|p1a: Kingambit|Kingambit, F, tera:Flying|91\/100\n|-damage|p2a: Ogerpon|88\/100|[from] Spikes\n|-damage|p2a: Ogerpon|76\/100|[from] Stealth Rock\n|-activate|p1a: Kingambit|ability: Supreme Overlord\n|-start|p1a: Kingambit|fallen5|[silent]\n|turn|33\n|\n|t:|1700642863\n|move|p1a: Kingambit|Sucker Punch|p2a: Ogerpon\n|-damage|p2a: Ogerpon|0 fnt\n|faint|p2a: Ogerpon\n|\n|-heal|p1a: Kingambit|97\/100|[from] item: Leftovers\n|upkeep\n|\n|t:|1700642865\n|switch|p2a: Iron Moth|Iron Moth, tera:Ghost|22\/100\n|-damage|p2a: Iron Moth|9\/100|[from] Spikes\n|-damage|p2a: Iron Moth|0 fnt|[from] Stealth Rock\n|faint|p2a: Iron Moth\n|-end|p2a: Iron Moth|Quark Drive|[silent]\n|\n|win|Meepbiscuit\n|n|\u2606Meepbiscuit|meepbiscuit\n|n|\u2606natsuzamaki|natsuzamaki\n|n|*Lady Monita \u2746|ladymonita\n|n| BB-8-NU|bb8nu\n|n| vicheat|vicheat\n|n| Shinyman337|shinyman337\n|n| Adriux15|adriux15\n|l|*Lady Monita \u2746\n|l| BB-8-NU\n|c|\u2606natsuzamaki|gg\n|c|\u2606Meepbiscuit|gg\n|l|\u2606natsuzamaki\n|l| Adriux15\n","uploadtime":1700642886,"views":2,"p1id":"meepbiscuit","p2id":"natsuzamaki","formatid":"gen9ou","rating":0,"private":0,"password":""}