{"id":"gen9ou-1991027568","p1":"hipposlayer1910","p2":"Thinking Charizard","format":"[Gen 9] OU","log":"|j|\u2606hipposlayer1910\n|j|\u2606Thinking Charizard\n|t:|1700030520\n|gametype|singles\n|player|p1|hipposlayer1910|265|1399\n|player|p2|Thinking Charizard|rosa|1459\n|teamsize|p1|6\n|teamsize|p2|6\n|gen|9\n|tier|[Gen 9] OU\n|rated|\n|rule|Sleep Clause Mod: Limit one foe put to sleep\n|rule|Species Clause: Limit one of each Pok\u00e9mon\n|rule|OHKO Clause: OHKO moves are banned\n|rule|Evasion Items Clause: Evasion items are banned\n|rule|Evasion Moves Clause: Evasion moves are banned\n|rule|Endless Battle Clause: Forcing endless battles is banned\n|rule|HP Percentage Mod: HP is shown in percentages\n|clearpoke\n|poke|p1|Meowscarada, M|\n|poke|p1|Ursaluna, F|\n|poke|p1|Volcanion|\n|poke|p1|Weezing-Galar, F|\n|poke|p1|Corviknight, F|\n|poke|p1|Conkeldurr, M|\n|poke|p2|Zamazenta-*|\n|poke|p2|Glimmora, F|\n|poke|p2|Enamorus, F|\n|poke|p2|Samurott-Hisui, M|\n|poke|p2|Cyclizar, M|\n|poke|p2|Zapdos|\n|teampreview\n|\n|t:|1700030540\n|start\n|switch|p1a: Volcanion|Volcanion|100\/100\n|switch|p2a: Zapdos|Zapdos|100\/100\n|turn|1\n|\n|t:|1700030544\n|switch|p1a: Ursaluna|Ursaluna, F|100\/100\n|move|p2a: Zapdos|Hurricane|p1a: Ursaluna\n|-damage|p1a: Ursaluna|81\/100\n|\n|upkeep\n|turn|2\n|\n|t:|1700030556\n|switch|p2a: Zamazenta|Zamazenta|100\/100\n|-ability|p2a: Zamazenta|Dauntless Shield|boost\n|-boost|p2a: Zamazenta|def|1\n|move|p1a: Ursaluna|Smack Down|p2a: Zamazenta\n|-resisted|p2a: Zamazenta\n|-damage|p2a: Zamazenta|97\/100\n|\n|-heal|p2a: Zamazenta|100\/100|[from] item: Leftovers\n|upkeep\n|turn|3\n|inactive|Battle timer is ON: inactive players will automatically lose when time's up. (requested by hipposlayer1910)\n|\n|t:|1700030571\n|switch|p1a: Weezing|Weezing-Galar, F|100\/100\n|move|p2a: Zamazenta|Body Press|p1a: Weezing\n|-resisted|p1a: Weezing\n|-damage|p1a: Weezing|92\/100\n|-damage|p2a: Zamazenta|84\/100|[from] item: Rocky Helmet|[of] p1a: Weezing\n|\n|-heal|p2a: Zamazenta|90\/100|[from] item: Leftovers\n|upkeep\n|turn|4\n|\n|t:|1700030588\n|switch|p2a: Glimmora|Glimmora, F|100\/100\n|move|p1a: Weezing|Will-O-Wisp|p2a: Glimmora\n|-status|p2a: Glimmora|brn\n|\n|-damage|p2a: Glimmora|94\/100 brn|[from] brn\n|upkeep\n|turn|5\n|\n|t:|1700030595\n|switch|p1a: Ursaluna|Ursaluna, F|81\/100\n|move|p2a: Glimmora|Stealth Rock|p1a: Ursaluna\n|-sidestart|p1: hipposlayer1910|move: Stealth Rock\n|\n|-damage|p2a: Glimmora|88\/100 brn|[from] brn\n|upkeep\n|turn|6\n|\n|t:|1700030604\n|move|p2a: Glimmora|Energy Ball|p1a: Ursaluna\n|-immune|p1a: Ursaluna|[from] ability: Bulletproof\n|move|p1a: Ursaluna|Earthquake|p2a: Glimmora\n|-supereffective|p2a: Glimmora\n|-damage|p2a: Glimmora|0 fnt\n|-activate|p2a: Glimmora|ability: Toxic Debris\n|-sidestart|p1: hipposlayer1910|move: Toxic Spikes\n|faint|p2a: Glimmora\n|\n|upkeep\n|\n|t:|1700030625\n|switch|p2a: Samurott|Samurott-Hisui, M|100\/100\n|turn|7\n|inactive|hipposlayer1910 has 120 seconds left.\n|\n|t:|1700030667\n|move|p2a: Samurott|Aqua Cutter|p1a: Ursaluna\n|-supereffective|p1a: Ursaluna\n|-crit|p1a: Ursaluna\n|-damage|p1a: Ursaluna|0 fnt\n|faint|p1a: Ursaluna\n|\n|upkeep\n|\n|t:|1700030671\n|switch|p1a: Corviknight|Corviknight, F|100\/100\n|-damage|p1a: Corviknight|88\/100|[from] Stealth Rock\n|-ability|p1a: Corviknight|Pressure\n|turn|8\n|\n|t:|1700030680\n|switch|p2a: Zapdos|Zapdos|100\/100\n|move|p1a: Corviknight|Defog|p2a: Zapdos\n|-unboost|p2a: Zapdos|evasion|1\n|-sideend|p1: hipposlayer1910|Toxic Spikes|[from] move: Defog|[of] p1a: Corviknight\n|-sideend|p1: hipposlayer1910|Stealth Rock|[from] move: Defog|[of] p1a: Corviknight\n|\n|-heal|p1a: Corviknight|94\/100|[from] item: Leftovers\n|upkeep\n|turn|9\n|\n|t:|1700030689\n|switch|p1a: Meowscarada|Meowscarada, M|100\/100\n|move|p2a: Zapdos|Volt Switch|p1a: Meowscarada\n|-resisted|p1a: Meowscarada\n|-damage|p1a: Meowscarada|76\/100\n|\n|t:|1700030710\n|switch|p2a: Cyclizar|Cyclizar, M|100\/100|[from] Volt Switch\n|\n|upkeep\n|turn|10\n|\n|t:|1700030715\n|switch|p1a: Weezing|Weezing-Galar, F|92\/100\n|move|p2a: Cyclizar|U-turn|p1a: Weezing\n|-resisted|p1a: Weezing\n|-damage|p1a: Weezing|89\/100\n|-damage|p2a: Cyclizar|84\/100|[from] item: Rocky Helmet|[of] p1a: Weezing\n|\n|t:|1700030724\n|switch|p2a: Zapdos|Zapdos|100\/100|[from] U-turn\n|\n|upkeep\n|turn|11\n|\n|t:|1700030731\n|move|p2a: Zapdos|Hurricane|p1a: Weezing\n|-damage|p1a: Weezing|29\/100\n|-start|p1a: Weezing|confusion\n|-activate|p1a: Weezing|confusion\n|move|p1a: Weezing|Toxic Spikes|p2a: Zapdos\n|-sidestart|p2: Thinking Charizard|move: Toxic Spikes\n|\n|upkeep\n|turn|12\n|\n|t:|1700030741\n|switch|p1a: Corviknight|Corviknight, F|94\/100\n|-ability|p1a: Corviknight|Pressure\n|move|p2a: Zapdos|Hurricane|p1a: Corviknight\n|-resisted|p1a: Corviknight\n|-damage|p1a: Corviknight|73\/100\n|\n|-heal|p1a: Corviknight|79\/100|[from] item: Leftovers\n|upkeep\n|turn|13\n|\n|t:|1700030752\n|move|p2a: Zapdos|Heat Wave|p1a: Corviknight\n|-supereffective|p1a: Corviknight\n|-damage|p1a: Corviknight|27\/100\n|move|p1a: Corviknight|U-turn|p2a: Zapdos\n|-resisted|p2a: Zapdos\n|-damage|p2a: Zapdos|94\/100\n|\n|t:|1700030756\n|switch|p1a: Meowscarada|Meowscarada, M|76\/100|[from] U-turn\n|\n|upkeep\n|turn|14\n|\n|t:|1700030761\n|move|p1a: Meowscarada|Trick|p2a: Zapdos\n|-start|p1a: Meowscarada|typechange|Psychic|[from] ability: Protean\n|-activate|p1a: Meowscarada|move: Trick|[of] p2a: Zapdos\n|-item|p2a: Zapdos|Choice Band|[from] move: Trick\n|-item|p1a: Meowscarada|Heavy-Duty Boots|[from] move: Trick\n|move|p2a: Zapdos|Heat Wave|p1a: Meowscarada\n|-damage|p1a: Meowscarada|38\/100\n|\n|upkeep\n|turn|15\n|\n|t:|1700030775\n|switch|p1a: Volcanion|Volcanion|100\/100\n|move|p2a: Zapdos|Heat Wave|p1a: Volcanion\n|-resisted|p1a: Volcanion\n|-damage|p1a: Volcanion|95\/100\n|\n|-heal|p1a: Volcanion|100\/100|[from] item: Leftovers\n|upkeep\n|turn|16\n|\n|t:|1700030780\n|switch|p2a: Cyclizar|Cyclizar, M|100\/100\n|-status|p2a: Cyclizar|psn\n|move|p1a: Volcanion|Substitute|p1a: Volcanion\n|-start|p1a: Volcanion|Substitute\n|-damage|p1a: Volcanion|75\/100\n|\n|-heal|p1a: Volcanion|82\/100|[from] item: Leftovers\n|-damage|p2a: Cyclizar|88\/100 psn|[from] psn\n|upkeep\n|turn|17\n|\n|t:|1700030788\n|move|p2a: Cyclizar|Knock Off|p1a: Volcanion\n|-activate|p1a: Volcanion|move: Substitute|[damage]\n|move|p1a: Volcanion|Steam Eruption|p2a: Cyclizar\n|-resisted|p2a: Cyclizar\n|-damage|p2a: Cyclizar|66\/100 psn\n|\n|-heal|p1a: Volcanion|88\/100|[from] item: Leftovers\n|-damage|p2a: Cyclizar|54\/100 psn|[from] psn\n|upkeep\n|turn|18\n|\n|t:|1700030792\n|move|p2a: Cyclizar|Rapid Spin|p1a: Volcanion\n|-end|p1a: Volcanion|Substitute\n|-sideend|p2: Thinking Charizard|Toxic Spikes|[from] move: Rapid Spin|[of] p2a: Cyclizar\n|-boost|p2a: Cyclizar|spe|1\n|move|p1a: Volcanion|Steam Eruption|p2a: Cyclizar\n|-resisted|p2a: Cyclizar\n|-damage|p2a: Cyclizar|30\/100 psn\n|\n|-heal|p1a: Volcanion|94\/100|[from] item: Leftovers\n|-damage|p2a: Cyclizar|18\/100 psn|[from] psn\n|upkeep\n|turn|19\n|\n|t:|1700030814\n|switch|p2a: Zapdos|Zapdos|94\/100\n|move|p1a: Volcanion|Substitute|p1a: Volcanion\n|-start|p1a: Volcanion|Substitute\n|-damage|p1a: Volcanion|69\/100\n|\n|-heal|p1a: Volcanion|75\/100|[from] item: Leftovers\n|upkeep\n|turn|20\n|\n|t:|1700030821\n|move|p2a: Zapdos|Volt Switch|p1a: Volcanion\n|-supereffective|p1a: Volcanion\n|-end|p1a: Volcanion|Substitute\n|\n|t:|1700030829\n|switch|p2a: Enamorus|Enamorus, F|100\/100|[from] Volt Switch\n|move|p1a: Volcanion|Steam Eruption|p2a: Enamorus\n|-damage|p2a: Enamorus|27\/100\n|\n|-heal|p1a: Volcanion|81\/100|[from] item: Leftovers\n|upkeep\n|turn|21\n|\n|t:|1700030837\n|move|p2a: Enamorus|Psychic|p1a: Volcanion\n|-damage|p1a: Volcanion|35\/100\n|-unboost|p1a: Volcanion|spd|1\n|move|p1a: Volcanion|Sludge Bomb|p2a: Enamorus\n|-supereffective|p2a: Enamorus\n|-damage|p2a: Enamorus|0 fnt\n|faint|p2a: Enamorus\n|\n|-heal|p1a: Volcanion|41\/100|[from] item: Leftovers\n|upkeep\n|\n|t:|1700030845\n|switch|p2a: Zapdos|Zapdos|94\/100\n|turn|22\n|\n|t:|1700030856\n|switch|p1a: Conkeldurr|Conkeldurr, M|100\/100\n|move|p2a: Zapdos|Volt Switch|p1a: Conkeldurr\n|-damage|p1a: Conkeldurr|58\/100\n|\n|t:|1700030867\n|switch|p2a: Zamazenta|Zamazenta|90\/100|[from] Volt Switch\n|\n|-heal|p2a: Zamazenta|96\/100|[from] item: Leftovers\n|-status|p1a: Conkeldurr|brn|[from] item: Flame Orb\n|upkeep\n|turn|23\n|\n|t:|1700030874\n|switch|p1a: Weezing|Weezing-Galar, F|29\/100\n|move|p2a: Zamazenta|Iron Defense|p2a: Zamazenta\n|-boost|p2a: Zamazenta|def|2\n|\n|-heal|p2a: Zamazenta|100\/100|[from] item: Leftovers\n|upkeep\n|turn|24\n|\n|t:|1700030888\n|-terastallize|p2a: Zamazenta|Steel\n|move|p2a: Zamazenta|Substitute|p2a: Zamazenta\n|-start|p2a: Zamazenta|Substitute\n|-damage|p2a: Zamazenta|75\/100\n|move|p1a: Weezing|Will-O-Wisp||[still]\n|-fail|p1a: Weezing\n|\n|-heal|p2a: Zamazenta|82\/100|[from] item: Leftovers\n|upkeep\n|turn|25\n|\n|t:|1700030904\n|switch|p1a: Corviknight|Corviknight, F|27\/100\n|-ability|p1a: Corviknight|Pressure\n|move|p2a: Zamazenta|Body Press|p1a: Corviknight\n|-damage|p1a: Corviknight|0 fnt\n|faint|p1a: Corviknight\n|\n|-heal|p2a: Zamazenta|88\/100|[from] item: Leftovers\n|upkeep\n|-message|hipposlayer1910 forfeited.\n|\n|win|Thinking Charizard\n|raw|hipposlayer1910's rating: 1399 &rarr; <strong>1382<\/strong><br \/>(-17 for losing)\n|raw|Thinking Charizard's rating: 1459 &rarr; <strong>1476<\/strong><br \/>(+17 for winning)\n|l|\u2606hipposlayer1910\n|c|\u2606Thinking Charizard|gg\n","uploadtime":1700030918,"views":7,"p1id":"hipposlayer1910","p2id":"thinkingcharizard","formatid":"gen9ou","rating":1382,"private":0,"password":""}