{"id":"gen9ou-1990664455","p1":"ChillLanturnYT","p2":"StrykerMan81","format":"[Gen 9] OU","log":"|j|\u2606ChillLanturnYT\n|j|\u2606StrykerMan81\n|t:|1699989913\n|gametype|singles\n|player|p1|ChillLanturnYT|palmer|1052\n|player|p2|StrykerMan81|169|1104\n|teamsize|p1|6\n|teamsize|p2|6\n|gen|9\n|tier|[Gen 9] OU\n|rated|\n|rule|Sleep Clause Mod: Limit one foe put to sleep\n|rule|Species Clause: Limit one of each Pok\u00e9mon\n|rule|OHKO Clause: OHKO moves are banned\n|rule|Evasion Items Clause: Evasion items are banned\n|rule|Evasion Moves Clause: Evasion moves are banned\n|rule|Endless Battle Clause: Forcing endless battles is banned\n|rule|HP Percentage Mod: HP is shown in percentages\n|clearpoke\n|poke|p1|Walking Wake|\n|poke|p1|Overqwil, M|\n|poke|p1|Ludicolo, F|\n|poke|p1|Barraskewda, M|\n|poke|p1|Pelipper, F|\n|poke|p1|Kilowattrel, F|\n|poke|p2|Jirachi|\n|poke|p2|Ceruledge, F|\n|poke|p2|Great Tusk|\n|poke|p2|Walking Wake|\n|poke|p2|Torkoal, F|\n|poke|p2|Ninetales, F|\n|teampreview\n|\n|t:|1699989927\n|start\n|switch|p1a: Kilowattrel|Kilowattrel, F|100\/100\n|switch|p2a: Jirachi|Jirachi|100\/100\n|turn|1\n|\n|t:|1699989967\n|move|p1a: Kilowattrel|Volt Switch|p2a: Jirachi\n|-damage|p2a: Jirachi|73\/100\n|\n|t:|1699989974\n|switch|p1a: Overqwil|Overqwil, M|100\/100|[from] Volt Switch\n|-ability|p1a: Overqwil|Intimidate|boost\n|-unboost|p2a: Jirachi|atk|1\n|move|p2a: Jirachi|Calm Mind|p2a: Jirachi\n|-boost|p2a: Jirachi|spa|1\n|-boost|p2a: Jirachi|spd|1\n|\n|-heal|p2a: Jirachi|79\/100|[from] item: Leftovers\n|upkeep\n|turn|2\n|\n|t:|1699989988\n|-terastallize|p2a: Jirachi|Steel\n|move|p1a: Overqwil|Liquidation|p2a: Jirachi\n|-damage|p2a: Jirachi|57\/100\n|move|p2a: Jirachi|Steel Beam|p1a: Overqwil\n|-damage|p1a: Overqwil|0 fnt\n|-damage|p2a: Jirachi|7\/100|[from] steelbeam\n|faint|p1a: Overqwil\n|\n|-heal|p2a: Jirachi|13\/100|[from] item: Leftovers\n|upkeep\n|\n|t:|1699990002\n|switch|p1a: Kilowattrel|Kilowattrel, F|100\/100\n|turn|3\n|\n|t:|1699990009\n|move|p1a: Kilowattrel|Volt Switch|p2a: Jirachi\n|-damage|p2a: Jirachi|0 fnt\n|faint|p2a: Jirachi\n|\n|t:|1699990015\n|switch|p1a: Pelipper|Pelipper, F|100\/100|[from] Volt Switch\n|-weather|RainDance|[from] ability: Drizzle|[of] p1a: Pelipper\n|\n|-weather|RainDance|[upkeep]\n|upkeep\n|\n|t:|1699990021\n|switch|p2a: Torkoal|Torkoal, F|100\/100\n|-weather|SunnyDay|[from] ability: Drought|[of] p2a: Torkoal\n|turn|4\n|\n|t:|1699990027\n|switch|p1a: Walking Wake|Walking Wake|100\/100\n|-activate|p1a: Walking Wake|ability: Protosynthesis\n|-start|p1a: Walking Wake|protosynthesisspa\n|move|p2a: Torkoal|Stealth Rock|p1a: Walking Wake\n|-sidestart|p1: ChillLanturnYT|move: Stealth Rock\n|\n|-weather|SunnyDay|[upkeep]\n|upkeep\n|turn|5\n|\n|t:|1699990035\n|switch|p2a: Walking Wake|Walking Wake|100\/100\n|-activate|p2a: Walking Wake|ability: Protosynthesis\n|-start|p2a: Walking Wake|protosynthesisspa\n|move|p1a: Walking Wake|Hydro Steam|p2a: Walking Wake\n|-resisted|p2a: Walking Wake\n|-crit|p2a: Walking Wake\n|-damage|p2a: Walking Wake|46\/100\n|\n|-weather|SunnyDay|[upkeep]\n|upkeep\n|turn|6\n|\n|t:|1699990049\n|-end|p1a: Walking Wake|Protosynthesis|[silent]\n|switch|p1a: Kilowattrel|Kilowattrel, F|100\/100\n|move|p2a: Walking Wake|Draco Meteor|p1a: Kilowattrel\n|-damage|p1a: Kilowattrel|0 fnt\n|-unboost|p2a: Walking Wake|spa|2\n|faint|p1a: Kilowattrel\n|\n|-weather|SunnyDay|[upkeep]\n|upkeep\n|\n|t:|1699990054\n|switch|p1a: Pelipper|Pelipper, F|100\/100\n|-damage|p1a: Pelipper|76\/100|[from] Stealth Rock\n|-weather|RainDance|[from] ability: Drizzle|[of] p1a: Pelipper\n|-end|p2a: Walking Wake|Protosynthesis\n|turn|7\n|\n|t:|1699990064\n|-end|p2a: Walking Wake|Protosynthesis|[silent]\n|switch|p2a: Ninetales|Ninetales, F|100\/100\n|-weather|SunnyDay|[from] ability: Drought|[of] p2a: Ninetales\n|move|p1a: Pelipper|U-turn|p2a: Ninetales\n|-resisted|p2a: Ninetales\n|-damage|p2a: Ninetales|94\/100\n|\n|t:|1699990067\n|switch|p1a: Walking Wake|Walking Wake|100\/100|[from] U-turn\n|-damage|p1a: Walking Wake|88\/100|[from] Stealth Rock\n|-activate|p1a: Walking Wake|ability: Protosynthesis\n|-start|p1a: Walking Wake|protosynthesisspa\n|\n|-weather|SunnyDay|[upkeep]\n|upkeep\n|turn|8\n|\n|t:|1699990081\n|move|p1a: Walking Wake|Hydro Steam|p2a: Ninetales\n|-supereffective|p2a: Ninetales\n|-damage|p2a: Ninetales|0 fnt\n|faint|p2a: Ninetales\n|\n|-weather|SunnyDay|[upkeep]\n|upkeep\n|\n|t:|1699990083\n|switch|p2a: Walking Wake|Walking Wake|46\/100\n|-activate|p2a: Walking Wake|ability: Protosynthesis\n|-start|p2a: Walking Wake|protosynthesisspa\n|turn|9\n|\n|t:|1699990099\n|-terastallize|p1a: Walking Wake|Water\n|move|p2a: Walking Wake|Dragon Pulse|p1a: Walking Wake\n|-crit|p1a: Walking Wake\n|-damage|p1a: Walking Wake|0 fnt\n|faint|p1a: Walking Wake\n|-end|p1a: Walking Wake|Protosynthesis|[silent]\n|\n|-weather|SunnyDay|[upkeep]\n|upkeep\n|\n|t:|1699990106\n|switch|p1a: Pelipper|Pelipper, F|76\/100\n|-damage|p1a: Pelipper|51\/100|[from] Stealth Rock\n|-weather|RainDance|[from] ability: Drizzle|[of] p1a: Pelipper\n|-end|p2a: Walking Wake|Protosynthesis\n|turn|10\n|c|\u2606StrykerMan81|damn\n|\n|t:|1699990112\n|move|p2a: Walking Wake|Dragon Pulse|p1a: Pelipper\n|-damage|p1a: Pelipper|0 fnt\n|faint|p1a: Pelipper\n|\n|-weather|RainDance|[upkeep]\n|upkeep\n|\n|t:|1699990117\n|switch|p1a: Barraskewda|Barraskewda, M|100\/100\n|-damage|p1a: Barraskewda|88\/100|[from] Stealth Rock\n|turn|11\n|\n|t:|1699990121\n|-end|p2a: Walking Wake|Protosynthesis|[silent]\n|switch|p2a: Torkoal|Torkoal, F|100\/100\n|-weather|SunnyDay|[from] ability: Drought|[of] p2a: Torkoal\n|move|p1a: Barraskewda|Liquidation|p2a: Torkoal\n|-supereffective|p2a: Torkoal\n|-damage|p2a: Torkoal|52\/100\n|\n|-weather|SunnyDay|[upkeep]\n|upkeep\n|turn|12\n|\n|t:|1699990124\n|move|p1a: Barraskewda|Liquidation|p2a: Torkoal\n|-supereffective|p2a: Torkoal\n|-damage|p2a: Torkoal|0 fnt\n|faint|p2a: Torkoal\n|\n|-weather|SunnyDay|[upkeep]\n|upkeep\n|\n|t:|1699990128\n|switch|p2a: Ceruledge|Ceruledge, F|100\/100\n|turn|13\n|\n|t:|1699990133\n|move|p2a: Ceruledge|Shadow Sneak|p1a: Barraskewda\n|-damage|p1a: Barraskewda|27\/100\n|move|p1a: Barraskewda|Liquidation|p2a: Ceruledge\n|-supereffective|p2a: Ceruledge\n|-crit|p2a: Ceruledge\n|-damage|p2a: Ceruledge|0 fnt\n|faint|p2a: Ceruledge\n|\n|-weather|SunnyDay|[upkeep]\n|upkeep\n|\n|t:|1699990136\n|switch|p2a: Great Tusk|Great Tusk|100\/100\n|-activate|p2a: Great Tusk|ability: Protosynthesis\n|-start|p2a: Great Tusk|protosynthesisatk\n|turn|14\n|\n|t:|1699990140\n|move|p1a: Barraskewda|Liquidation|p2a: Great Tusk\n|-supereffective|p2a: Great Tusk\n|-crit|p2a: Great Tusk\n|-damage|p2a: Great Tusk|24\/100\n|move|p2a: Great Tusk|Knock Off|p1a: Barraskewda\n|-damage|p1a: Barraskewda|0 fnt\n|-enditem|p1a: Barraskewda|Choice Band|[from] move: Knock Off|[of] p2a: Great Tusk\n|faint|p1a: Barraskewda\n|\n|-weather|SunnyDay|[upkeep]\n|-heal|p2a: Great Tusk|30\/100|[from] item: Leftovers\n|upkeep\n|\n|t:|1699990145\n|switch|p1a: Ludicolo|Ludicolo, F|100\/100\n|-damage|p1a: Ludicolo|88\/100|[from] Stealth Rock\n|turn|15\n|\n|t:|1699990148\n|move|p2a: Great Tusk|Taunt|p1a: Ludicolo\n|-start|p1a: Ludicolo|move: Taunt\n|move|p1a: Ludicolo|Giga Drain|p2a: Great Tusk\n|-supereffective|p2a: Great Tusk\n|-damage|p2a: Great Tusk|0 fnt\n|-heal|p1a: Ludicolo|100\/100|[from] drain|[of] p2a: Great Tusk\n|faint|p2a: Great Tusk\n|-end|p2a: Great Tusk|Protosynthesis|[silent]\n|-damage|p1a: Ludicolo|91\/100|[from] item: Life Orb\n|\n|-weather|SunnyDay|[upkeep]\n|upkeep\n|\n|t:|1699990150\n|switch|p2a: Walking Wake|Walking Wake|46\/100\n|-activate|p2a: Walking Wake|ability: Protosynthesis\n|-start|p2a: Walking Wake|protosynthesisspa\n|turn|16\n|\n|t:|1699990156\n|move|p2a: Walking Wake|Draco Meteor|p1a: Ludicolo|[miss]\n|-miss|p2a: Walking Wake|p1a: Ludicolo\n|move|p1a: Ludicolo|Giga Drain|p2a: Walking Wake\n|-damage|p2a: Walking Wake|0 fnt\n|-heal|p1a: Ludicolo|100\/100|[from] drain|[of] p2a: Walking Wake\n|faint|p2a: Walking Wake\n|-end|p2a: Walking Wake|Protosynthesis|[silent]\n|-damage|p1a: Ludicolo|91\/100|[from] item: Life Orb\n|\n|win|ChillLanturnYT\n|raw|ChillLanturnYT's rating: 1052 &rarr; <strong>1089<\/strong><br \/>(+37 for winning)\n|raw|StrykerMan81's rating: 1104 &rarr; <strong>1075<\/strong><br \/>(-29 for losing)\n","uploadtime":1699990162,"views":11,"p1id":"chilllanturnyt","p2id":"strykerman81","formatid":"gen9ou","rating":1075,"private":0,"password":""}