{"id":"gen9ou-1992396638","p1":"i luv chief keef","p2":"MasterUrShifu29","format":"[Gen 9] OU","log":"|j|\u2606i luv chief keef\n|j|\u2606MasterUrShifu29\n|t:|1700182752\n|gametype|singles\n|player|p1|i luv chief keef|2|1249\n|player|p2|MasterUrShifu29|265|1136\n|teamsize|p1|6\n|teamsize|p2|6\n|gen|9\n|tier|[Gen 9] OU\n|rated|\n|rule|Sleep Clause Mod: Limit one foe put to sleep\n|rule|Species Clause: Limit one of each Pok\u00e9mon\n|rule|OHKO Clause: OHKO moves are banned\n|rule|Evasion Items Clause: Evasion items are banned\n|rule|Evasion Moves Clause: Evasion moves are banned\n|rule|Endless Battle Clause: Forcing endless battles is banned\n|rule|HP Percentage Mod: HP is shown in percentages\n|clearpoke\n|poke|p1|Ceruledge, F|\n|poke|p1|Iron Valiant|\n|poke|p1|Garchomp, M|\n|poke|p1|Gholdengo|\n|poke|p1|Great Tusk|\n|poke|p1|Rotom-Wash|\n|poke|p2|Clodsire, M|\n|poke|p2|Dondozo, M|\n|poke|p2|Alomomola, F|\n|poke|p2|Talonflame, F|\n|poke|p2|Toxapex, M|\n|poke|p2|Blissey, F|\n|teampreview\n|\n|t:|1700182765\n|start\n|switch|p1a: SHARK BAIT|Garchomp, M|100\/100\n|switch|p2a: Toxapex|Toxapex, M|100\/100\n|turn|1\n|inactive|Battle timer is ON: inactive players will automatically lose when time's up. (requested by MasterUrShifu29)\n|\n|t:|1700182771\n|-terastallize|p2a: Toxapex|Fairy\n|move|p1a: SHARK BAIT|Stealth Rock|p2a: Toxapex\n|-sidestart|p2: MasterUrShifu29|move: Stealth Rock\n|move|p2a: Toxapex|Infestation|p1a: SHARK BAIT\n|-crit|p1a: SHARK BAIT\n|-damage|p1a: SHARK BAIT|97\/100\n|-activate|p1a: SHARK BAIT|move: Infestation|[of] p2a: Toxapex\n|-damage|p2a: Toxapex|88\/100|[from] ability: Rough Skin|[of] p1a: SHARK BAIT\n|-damage|p2a: Toxapex|72\/100|[from] item: Rocky Helmet|[of] p1a: SHARK BAIT\n|\n|-damage|p1a: SHARK BAIT|84\/100|[from] move: Infestation|[partiallytrapped]\n|upkeep\n|turn|2\n|\n|t:|1700182790\n|move|p1a: SHARK BAIT|Earthquake|p2a: Toxapex\n|-crit|p2a: Toxapex\n|-damage|p2a: Toxapex|34\/100\n|move|p2a: Toxapex|Toxic|p1a: SHARK BAIT\n|-status|p1a: SHARK BAIT|tox\n|\n|-damage|p1a: SHARK BAIT|78\/100 tox|[from] psn\n|-damage|p1a: SHARK BAIT|66\/100 tox|[from] move: Infestation|[partiallytrapped]\n|upkeep\n|turn|3\n|\n|t:|1700182801\n|move|p1a: SHARK BAIT|Earthquake|p2a: Toxapex\n|-damage|p2a: Toxapex|7\/100\n|move|p2a: Toxapex|Recover|p2a: Toxapex\n|-heal|p2a: Toxapex|57\/100\n|\n|-damage|p1a: SHARK BAIT|53\/100 tox|[from] psn\n|-damage|p1a: SHARK BAIT|41\/100 tox|[from] move: Infestation|[partiallytrapped]\n|upkeep\n|turn|4\n|\n|t:|1700182808\n|move|p1a: SHARK BAIT|Spikes|p2a: Toxapex\n|-sidestart|p2: MasterUrShifu29|Spikes\n|move|p2a: Toxapex|Recover|p2a: Toxapex\n|-heal|p2a: Toxapex|100\/100\n|\n|-damage|p1a: SHARK BAIT|22\/100 tox|[from] psn\n|-damage|p1a: SHARK BAIT|10\/100 tox|[from] move: Infestation|[partiallytrapped]\n|upkeep\n|turn|5\n|\n|t:|1700182819\n|move|p1a: SHARK BAIT|Spikes|p2a: Toxapex\n|-sidestart|p2: MasterUrShifu29|Spikes\n|move|p2a: Toxapex|Infestation|p1a: SHARK BAIT\n|-damage|p1a: SHARK BAIT|7\/100 tox\n|-damage|p2a: Toxapex|88\/100|[from] ability: Rough Skin|[of] p1a: SHARK BAIT\n|-damage|p2a: Toxapex|72\/100|[from] item: Rocky Helmet|[of] p1a: SHARK BAIT\n|\n|-damage|p1a: SHARK BAIT|0 fnt|[from] psn\n|faint|p1a: SHARK BAIT\n|upkeep\n|\n|t:|1700182827\n|switch|p1a: SLIM JIM|Gholdengo|100\/100\n|turn|6\n|\n|t:|1700182833\n|switch|p1a: BLICKY|Great Tusk|100\/100\n|switch|p2a: Talonflame|Talonflame, F|100\/100\n|\n|upkeep\n|turn|7\n|\n|t:|1700182842\n|-end|p1a: BLICKY|Protosynthesis|[silent]\n|switch|p1a: SLIM JIM|Gholdengo|100\/100\n|move|p2a: Talonflame|Defog|p1a: SLIM JIM\n|-immune|p1a: SLIM JIM|[from] ability: Good as Gold\n|\n|upkeep\n|turn|8\n|\n|t:|1700182855\n|move|p1a: SLIM JIM|Shadow Ball|p2a: Talonflame\n|-damage|p2a: Talonflame|46\/100\n|-unboost|p2a: Talonflame|spd|1\n|move|p2a: Talonflame|Flamethrower|p1a: SLIM JIM\n|-supereffective|p1a: SLIM JIM\n|-damage|p1a: SLIM JIM|45\/100\n|\n|upkeep\n|turn|9\n|\n|t:|1700182873\n|move|p1a: SLIM JIM|Shadow Ball|p2a: Talonflame\n|-damage|p2a: Talonflame|0 fnt\n|faint|p2a: Talonflame\n|\n|upkeep\n|c|\u2606i luv chief keef|enjoy the hazards :)\n|c|\u2606i luv chief keef|stall is lame\n|c|\u2606MasterUrShifu29|wait howd you outspeed\n|inactive|MasterUrShifu29 has 120 seconds left.\n|c|\u2606i luv chief keef|lmao\n|c|\u2606MasterUrShifu29|lol why you gotta be toxic, its pokemon ?\n|c|\u2606i luv chief keef|i'll let you think about it fam\n|c|\u2606MasterUrShifu29|plus i have heavy boots on every pokemon \"fam\"\n|c|\u2606i luv chief keef|because stall is toxic\n|\n|t:|1700182907\n|switch|p2a: Clodsire|Clodsire, M|100\/100\n|turn|10\n|c|\u2606MasterUrShifu29|its fun\n|\n|t:|1700182916\n|switch|p1a: BLICKY|Great Tusk|100\/100\n|move|p2a: Clodsire|Earthquake|p1a: BLICKY\n|-damage|p1a: BLICKY|80\/100\n|\n|upkeep\n|turn|11\n|c|\u2606MasterUrShifu29|and this is a game for fun LOL\n|inactive|MasterUrShifu29 has 120 seconds left.\n|c|\u2606MasterUrShifu29|this guy is salty with life\n|c|\u2606i luv chief keef|no u\n|\n|t:|1700182937\n|switch|p2a: Toxapex|Toxapex, M, tera:Fairy|100\/100\n|move|p1a: BLICKY|Headlong Rush|p2a: Toxapex\n|-damage|p2a: Toxapex|60\/100\n|-unboost|p1a: BLICKY|def|1\n|-unboost|p1a: BLICKY|spd|1\n|\n|upkeep\n|turn|12\n|\n|t:|1700182946\n|-end|p1a: BLICKY|Protosynthesis|[silent]\n|switch|p1a: POUR UP DA WOK|Rotom-Wash|100\/100\n|move|p2a: Toxapex|Toxic|p1a: POUR UP DA WOK\n|-status|p1a: POUR UP DA WOK|tox\n|\n|-damage|p1a: POUR UP DA WOK|94\/100 tox|[from] psn\n|upkeep\n|turn|13\n|inactive|MasterUrShifu29 has 120 seconds left.\n|\n|t:|1700182956\n|move|p1a: POUR UP DA WOK|Thunder Wave|p2a: Toxapex\n|-status|p2a: Toxapex|par\n|move|p2a: Toxapex|Infestation|p1a: POUR UP DA WOK\n|-damage|p1a: POUR UP DA WOK|92\/100 tox\n|-activate|p1a: POUR UP DA WOK|move: Infestation|[of] p2a: Toxapex\n|\n|-heal|p1a: POUR UP DA WOK|98\/100 tox|[from] item: Leftovers\n|-damage|p1a: POUR UP DA WOK|86\/100 tox|[from] psn\n|-damage|p1a: POUR UP DA WOK|73\/100 tox|[from] move: Infestation|[partiallytrapped]\n|upkeep\n|turn|14\n|inactive|MasterUrShifu29 has 120 seconds left.\n|c|\u2606MasterUrShifu29|have fun with this lol\n|\n|t:|1700182969\n|move|p1a: POUR UP DA WOK|Volt Switch|p2a: Toxapex\n|-damage|p2a: Toxapex|38\/100 par\n|\n|t:|1700182971\n|switch|p1a: SLIM JIM|Gholdengo|45\/100|[from] Volt Switch\n|move|p2a: Toxapex|Recover|p2a: Toxapex\n|-heal|p2a: Toxapex|88\/100 par\n|\n|upkeep\n|turn|15\n|c|\u2606i luv chief keef|my mans never heard of volt switch\n|\n|t:|1700182981\n|switch|p2a: Clodsire|Clodsire, M|100\/100\n|move|p1a: SLIM JIM|Trick|p2a: Clodsire\n|-activate|p1a: SLIM JIM|move: Trick|[of] p2a: Clodsire\n|-item|p2a: Clodsire|Choice Scarf|[from] move: Trick\n|-item|p1a: SLIM JIM|Heavy-Duty Boots|[from] move: Trick\n|\n|upkeep\n|turn|16\n|c|\u2606MasterUrShifu29|my mans never heard of a life\n|\n|t:|1700182989\n|switch|p1a: BLICKY|Great Tusk|80\/100\n|move|p2a: Clodsire|Earthquake|p1a: BLICKY\n|-damage|p1a: BLICKY|61\/100\n|\n|upkeep\n|turn|17\n|\n|t:|1700183003\n|switch|p2a: Dondozo|Dondozo, M|100\/100\n|move|p1a: BLICKY|Knock Off|p2a: Dondozo\n|-damage|p2a: Dondozo|85\/100\n|-enditem|p2a: Dondozo|Heavy-Duty Boots|[from] move: Knock Off|[of] p1a: BLICKY\n|\n|upkeep\n|turn|18\n|\n|t:|1700183016\n|-end|p1a: BLICKY|Protosynthesis|[silent]\n|switch|p1a: POUR UP DA WOK|Rotom-Wash|73\/100 tox\n|move|p2a: Dondozo|Liquidation|p1a: POUR UP DA WOK\n|-resisted|p1a: POUR UP DA WOK\n|-damage|p1a: POUR UP DA WOK|59\/100 tox\n|\n|-heal|p1a: POUR UP DA WOK|65\/100 tox|[from] item: Leftovers\n|-damage|p1a: POUR UP DA WOK|59\/100 tox|[from] psn\n|upkeep\n|turn|19\n|c|\u2606i luv chief keef|this is so sad\n|c|\u2606i luv chief keef|might be the fastest stall lost a game\n|\n|t:|1700183034\n|switch|p1a: SETO KAIBA|Iron Valiant|100\/100\n|switch|p2a: Toxapex|Toxapex, M, tera:Fairy|100\/100 par\n|\n|upkeep\n|turn|20\n|\n|t:|1700183043\n|-end|p1a: SETO KAIBA|Quark Drive|[silent]\n|switch|p1a: POUR UP DA WOK|Rotom-Wash|59\/100 tox\n|move|p2a: Toxapex|Toxic|p1a: POUR UP DA WOK\n|-fail|p1a: POUR UP DA WOK|tox\n|\n|-heal|p1a: POUR UP DA WOK|65\/100 tox|[from] item: Leftovers\n|-damage|p1a: POUR UP DA WOK|59\/100 tox|[from] psn\n|upkeep\n|turn|21\n|c|\u2606MasterUrShifu29|how often you play, i started 2 days ago LOL\n|c|\u2606MasterUrShifu29|sad\n|c|\u2606i luv chief keef|i started today\n|\n|t:|1700183066\n|move|p1a: POUR UP DA WOK|Volt Switch|p2a: Toxapex\n|-damage|p2a: Toxapex|81\/100 par\n|c|\u2606MasterUrShifu29|rght\n|\n|t:|1700183073\n|switch|p1a: SLIM JIM|Gholdengo|45\/100|[from] Volt Switch\n|move|p2a: Toxapex|Infestation|p1a: SLIM JIM\n|-resisted|p1a: SLIM JIM\n|-damage|p1a: SLIM JIM|44\/100\n|-activate|p1a: SLIM JIM|move: Infestation|[of] p2a: Toxapex\n|\n|-damage|p1a: SLIM JIM|32\/100|[from] move: Infestation|[partiallytrapped]\n|upkeep\n|turn|22\n|c|\u2606MasterUrShifu29|thats why you know what stall is\n|c|\u2606i luv chief keef|what's stall?\n|\n|t:|1700183084\n|move|p1a: SLIM JIM|Make It Rain|p2a: Toxapex\n|-supereffective|p2a: Toxapex\n|-damage|p2a: Toxapex|0 fnt\n|-unboost|p1a: SLIM JIM|spa|1\n|faint|p2a: Toxapex\n|\n|-end|p1a: SLIM JIM|Infestation|[partiallytrapped]|[silent]\n|upkeep\n|\n|t:|1700183095\n|switch|p2a: Dondozo|Dondozo, M|85\/100\n|-damage|p2a: Dondozo|72\/100|[from] Stealth Rock\n|-damage|p2a: Dondozo|56\/100|[from] Spikes\n|turn|23\n|c|\u2606MasterUrShifu29|my mans toxic af\n|c|\u2606i luv chief keef|deal with it :)\n|c|\u2606MasterUrShifu29|im just having fun win or lose LOL\n|\n|t:|1700183108\n|switch|p1a: POUR UP DA WOK|Rotom-Wash|59\/100 tox\n|move|p2a: Dondozo|Body Press|p1a: POUR UP DA WOK\n|-damage|p1a: POUR UP DA WOK|27\/100 tox\n|\n|-heal|p1a: POUR UP DA WOK|33\/100 tox|[from] item: Leftovers\n|-damage|p1a: POUR UP DA WOK|27\/100 tox|[from] psn\n|upkeep\n|turn|24\n|c|\u2606i luv chief keef|just like i have to deal with stall :)\n|c|\u2606MasterUrShifu29|on that we agree\n|inactive|MasterUrShifu29 has 120 seconds left.\n|\n|t:|1700183129\n|move|p1a: POUR UP DA WOK|Hydro Pump|p2a: Dondozo\n|-resisted|p2a: Dondozo\n|-damage|p2a: Dondozo|37\/100\n|move|p2a: Dondozo|Body Press|p1a: POUR UP DA WOK\n|-damage|p1a: POUR UP DA WOK|0 fnt\n|faint|p1a: POUR UP DA WOK\n|\n|upkeep\n|\n|t:|1700183142\n|switch|p1a: SETO KAIBA|Iron Valiant|100\/100\n|turn|25\n|inactive|i luv chief keef has 120 seconds left.\n|\n|t:|1700183167\n|move|p1a: SETO KAIBA|Moonblast|p2a: Dondozo\n|-damage|p2a: Dondozo|0 fnt\n|faint|p2a: Dondozo\n|\n|upkeep\n|\n|t:|1700183179\n|switch|p2a: Alomomola|Alomomola, F|100\/100\n|turn|26\n|inactive|i luv chief keef has 120 seconds left.\n|\n|t:|1700183185\n|-end|p1a: SETO KAIBA|Quark Drive|[silent]\n|switch|p1a: SLIM JIM|Gholdengo|32\/100\n|move|p2a: Alomomola|Whirlpool|p1a: SLIM JIM\n|-damage|p1a: SLIM JIM|25\/100\n|-activate|p1a: SLIM JIM|move: Whirlpool|[of] p2a: Alomomola\n|\n|-damage|p1a: SLIM JIM|12\/100|[from] move: Whirlpool|[partiallytrapped]\n|upkeep\n|turn|27\n|\n|t:|1700183193\n|move|p2a: Alomomola|Protect|p2a: Alomomola\n|-singleturn|p2a: Alomomola|Protect\n|move|p1a: SLIM JIM|Shadow Ball|p2a: Alomomola\n|-activate|p2a: Alomomola|move: Protect\n|\n|-damage|p1a: SLIM JIM|0 fnt|[from] move: Whirlpool|[partiallytrapped]\n|faint|p1a: SLIM JIM\n|upkeep\n|\n|t:|1700183202\n|switch|p1a: SETO KAIBA|Iron Valiant|100\/100\n|turn|28\n|\n|t:|1700183207\n|move|p1a: SETO KAIBA|Thunderbolt|p2a: Alomomola\n|-supereffective|p2a: Alomomola\n|-damage|p2a: Alomomola|2\/100\n|move|p2a: Alomomola|Whirlpool|p1a: SETO KAIBA\n|-damage|p1a: SETO KAIBA|89\/100\n|-activate|p1a: SETO KAIBA|move: Whirlpool|[of] p2a: Alomomola\n|\n|-damage|p1a: SETO KAIBA|77\/100|[from] move: Whirlpool|[partiallytrapped]\n|upkeep\n|turn|29\n|\n|t:|1700183215\n|move|p1a: SETO KAIBA|Thunderbolt|p2a: Alomomola\n|-supereffective|p2a: Alomomola\n|-damage|p2a: Alomomola|0 fnt\n|faint|p2a: Alomomola\n|\n|-end|p1a: SETO KAIBA|Whirlpool|[partiallytrapped]|[silent]\n|upkeep\n|\n|t:|1700183221\n|switch|p2a: Blissey|Blissey, F|100\/100\n|turn|30\n|\n|t:|1700183233\n|-end|p1a: SETO KAIBA|Quark Drive|[silent]\n|switch|p1a: BLICKY|Great Tusk|61\/100\n|move|p2a: Blissey|Seismic Toss|p1a: BLICKY\n|-damage|p1a: BLICKY|34\/100\n|\n|upkeep\n|turn|31\n|c|\u2606i luv chief keef|gg\n|\n|t:|1700183240\n|move|p1a: BLICKY|Close Combat|p2a: Blissey\n|-supereffective|p2a: Blissey\n|-damage|p2a: Blissey|0 fnt\n|-unboost|p1a: BLICKY|def|1\n|-unboost|p1a: BLICKY|spd|1\n|faint|p2a: Blissey\n|\n|upkeep\n|c|\u2606MasterUrShifu29|ggwp\n|\n|t:|1700183246\n|switch|p2a: Clodsire|Clodsire, M|100\/100\n|-damage|p2a: Clodsire|94\/100|[from] Stealth Rock\n|-damage|p2a: Clodsire|78\/100|[from] Spikes\n|turn|32\n|c|\u2606i luv chief keef|u2\n|\n|t:|1700183252\n|move|p1a: BLICKY|Headlong Rush|p2a: Clodsire\n|-supereffective|p2a: Clodsire\n|-damage|p2a: Clodsire|0 fnt\n|-unboost|p1a: BLICKY|def|1\n|-unboost|p1a: BLICKY|spd|1\n|faint|p2a: Clodsire\n|\n|win|i luv chief keef\n|raw|i luv chief keef's rating: 1249 &rarr; <strong>1266<\/strong><br \/>(+17 for winning)\n|raw|MasterUrShifu29's rating: 1136 &rarr; <strong>1119<\/strong><br \/>(-17 for losing)\n","uploadtime":1700183175,"views":7,"p1id":"iluvchiefkeef","p2id":"masterurshifu29","formatid":"gen9ou","rating":1119,"private":0,"password":""}