{"id":"gen9ou-1995850833","p1":"hzhYHst","p2":"Yalare","format":"[Gen 9] OU","log":"|j|\u2606hzhYHst\n|j|\u2606Yalare\n|t:|1700609577\n|gametype|singles\n|player|p1|hzhYHst|rocketgrunt|\n|player|p2|Yalare|red|\n|teamsize|p1|6\n|teamsize|p2|6\n|gen|9\n|tier|[Gen 9] OU\n|rule|Sleep Clause Mod: Limit one foe put to sleep\n|rule|Species Clause: Limit one of each Pok\u00e9mon\n|rule|OHKO Clause: OHKO moves are banned\n|rule|Evasion Items Clause: Evasion items are banned\n|rule|Evasion Moves Clause: Evasion moves are banned\n|rule|Endless Battle Clause: Forcing endless battles is banned\n|rule|HP Percentage Mod: HP is shown in percentages\n|clearpoke\n|poke|p1|Dachsbun, M|\n|poke|p1|Appletun, F|\n|poke|p1|Venomoth, F|\n|poke|p1|Cramorant, M|\n|poke|p1|Magcargo, M|\n|poke|p1|Sandaconda, M|\n|poke|p2|Dachsbun, F|\n|poke|p2|Persian, F|\n|poke|p2|Gogoat, M|\n|poke|p2|Pikachu, F|\n|poke|p2|Camerupt, M|\n|poke|p2|Basculin, M|\n|teampreview\n|j| Tech_Error\n|\n|t:|1700609589\n|start\n|switch|p1a: Venomoth|Venomoth, F, shiny|100\/100\n|switch|p2a: Camerupt|Camerupt, M, shiny|100\/100\n|turn|1\n|\n|t:|1700609598\n|switch|p1a: Dachsbun|Dachsbun, M, shiny|100\/100\n|move|p2a: Camerupt|Stealth Rock|p1a: Dachsbun\n|-sidestart|p1: hzhYHst|move: Stealth Rock\n|\n|upkeep\n|turn|2\n|\n|t:|1700609606\n|move|p1a: Dachsbun|Wish|p1a: Dachsbun\n|move|p2a: Camerupt|Earth Power|p1a: Dachsbun\n|-damage|p1a: Dachsbun|39\/100\n|\n|-heal|p1a: Dachsbun|45\/100|[from] item: Leftovers\n|upkeep\n|turn|3\n|\n|t:|1700609613\n|move|p1a: Dachsbun|Protect|p1a: Dachsbun\n|-singleturn|p1a: Dachsbun|Protect\n|move|p2a: Camerupt|Earth Power|p1a: Dachsbun\n|-activate|p1a: Dachsbun|move: Protect\n|\n|-heal|p1a: Dachsbun|95\/100|[from] move: Wish|[wisher] Dachsbun\n|-heal|p1a: Dachsbun|100\/100|[from] item: Leftovers\n|upkeep\n|turn|4\n|\n|t:|1700609636\n|switch|p1a: Cramorant|Cramorant, M, shiny|100\/100\n|move|p2a: Camerupt|Roar|p1a: Cramorant\n|drag|p1a: Magcargo|Magcargo, M, shiny|100\/100\n|-damage|p1a: Magcargo|76\/100|[from] Stealth Rock\n|\n|upkeep\n|turn|5\n|l| Tech_Error\n|\n|t:|1700609647\n|switch|p1a: Cramorant|Cramorant, M, shiny|100\/100\n|move|p2a: Camerupt|Earth Power|p1a: Cramorant\n|-immune|p1a: Cramorant\n|\n|upkeep\n|turn|6\n|\n|t:|1700609659\n|switch|p2a: Dachsbun|Dachsbun, F|100\/100\n|move|p1a: Cramorant|Surf|p2a: Dachsbun\n|-formechange|p1a: Cramorant|Cramorant-Gulping|\n|-damage|p2a: Dachsbun|51\/100\n|\n|upkeep\n|turn|7\n|\n|t:|1700609670\n|move|p2a: Dachsbun|Play Rough|p1a: Cramorant\n|-damage|p1a: Cramorant|56\/100\n|-damage|p2a: Dachsbun|26\/100|[from] ability: Gulp Missile|[of] p1a: Cramorant\n|-unboost|p2a: Dachsbun|def|1\n|-formechange|p1a: Cramorant|Cramorant|\n|move|p1a: Cramorant|Defog|p2a: Dachsbun\n|-unboost|p2a: Dachsbun|evasion|1\n|-sideend|p1: hzhYHst|Stealth Rock|[from] move: Defog|[of] p1a: Cramorant\n|\n|upkeep\n|turn|8\n|\n|t:|1700609684\n|switch|p1a: Venomoth|Venomoth, F, shiny|100\/100\n|move|p2a: Dachsbun|Wish|p2a: Dachsbun\n|\n|upkeep\n|turn|9\n|\n|t:|1700609696\n|switch|p2a: Camerupt|Camerupt, M, shiny|100\/100\n|move|p1a: Venomoth|Quiver Dance|p1a: Venomoth\n|-boost|p1a: Venomoth|spa|1\n|-boost|p1a: Venomoth|spd|1\n|-boost|p1a: Venomoth|spe|1\n|\n|upkeep\n|turn|10\n|\n|t:|1700609710\n|move|p1a: Venomoth|Sleep Powder|p2a: Camerupt|[miss]\n|-miss|p1a: Venomoth|p2a: Camerupt\n|move|p2a: Camerupt|Roar|p1a: Venomoth\n|drag|p1a: Magcargo|Magcargo, M, shiny|76\/100\n|\n|upkeep\n|turn|11\n|\n|t:|1700609723\n|switch|p2a: Pikachu|Pikachu, F|100\/100\n|switch|p1a: Cramorant|Cramorant, M, shiny|56\/100\n|\n|upkeep\n|turn|12\n|\n|t:|1700609731\n|switch|p1a: Sandaconda|Sandaconda, M, shiny|100\/100\n|move|p2a: Pikachu|Volt Tackle|p1a: Sandaconda\n|-immune|p1a: Sandaconda\n|\n|upkeep\n|turn|13\n|\n|t:|1700609743\n|switch|p2a: Gogoat|Gogoat, M|100\/100\n|move|p1a: Sandaconda|Coil|p1a: Sandaconda\n|-boost|p1a: Sandaconda|atk|1\n|-boost|p1a: Sandaconda|def|1\n|-boost|p1a: Sandaconda|accuracy|1\n|\n|upkeep\n|turn|14\n|\n|t:|1700609757\n|switch|p1a: Appletun|Appletun, F, shiny|100\/100\n|move|p2a: Gogoat|Horn Leech|p1a: Appletun\n|-resisted|p1a: Appletun\n|-damage|p1a: Appletun|92\/100\n|-damage|p2a: Gogoat|84\/100|[from] item: Rocky Helmet|[of] p1a: Appletun\n|\n|upkeep\n|turn|15\n|\n|t:|1700609771\n|switch|p2a: Camerupt|Camerupt, M, shiny|100\/100\n|move|p1a: Appletun|Dragon Tail|p2a: Camerupt\n|-damage|p2a: Camerupt|78\/100\n|drag|p2a: Persian|Persian, F|100\/100\n|\n|upkeep\n|turn|16\n|\n|t:|1700609782\n|move|p2a: Persian|Fake Out|p1a: Appletun\n|-enditem|p2a: Persian|Normal Gem|[from] gem\n|-damage|p1a: Appletun|65\/100\n|-damage|p2a: Persian|84\/100|[from] item: Rocky Helmet|[of] p1a: Appletun\n|cant|p1a: Appletun|flinch\n|\n|upkeep\n|turn|17\n|\n|t:|1700609791\n|move|p2a: Persian|Thunder Wave|p1a: Appletun\n|-status|p1a: Appletun|par\n|cant|p1a: Appletun|par\n|\n|upkeep\n|turn|18\n|\n|t:|1700609804\n|switch|p2a: Dachsbun|Dachsbun, F|26\/100\n|cant|p1a: Appletun|par\n|\n|upkeep\n|turn|19\n|\n|t:|1700609820\n|switch|p1a: Venomoth|Venomoth, F, shiny|100\/100\n|move|p2a: Dachsbun|Wish|p2a: Dachsbun\n|\n|upkeep\n|turn|20\n|\n|t:|1700609836\n|move|p2a: Dachsbun|Play Rough|p1a: Venomoth\n|-resisted|p1a: Venomoth\n|-crit|p1a: Venomoth\n|-damage|p1a: Venomoth|54\/100\n|move|p1a: Venomoth|Quiver Dance|p1a: Venomoth\n|-boost|p1a: Venomoth|spa|1\n|-boost|p1a: Venomoth|spd|1\n|-boost|p1a: Venomoth|spe|1\n|\n|-heal|p2a: Dachsbun|76\/100|[from] move: Wish|[wisher] Dachsbun\n|upkeep\n|turn|21\n|\n|t:|1700609855\n|move|p1a: Venomoth|Giga Drain|p2a: Dachsbun\n|-damage|p2a: Dachsbun|17\/100\n|-heal|p1a: Venomoth|81\/100|[from] drain|[of] p2a: Dachsbun\n|-damage|p1a: Venomoth|71\/100|[from] item: Life Orb\n|move|p2a: Dachsbun|Play Rough|p1a: Venomoth\n|-resisted|p1a: Venomoth\n|-damage|p1a: Venomoth|42\/100\n|\n|upkeep\n|turn|22\n|\n|t:|1700609879\n|switch|p2a: Persian|Persian, F|84\/100\n|move|p1a: Venomoth|Giga Drain|p2a: Persian\n|-damage|p2a: Persian|12\/100\n|-heal|p1a: Venomoth|77\/100|[from] drain|[of] p2a: Persian\n|-damage|p1a: Venomoth|67\/100|[from] item: Life Orb\n|\n|upkeep\n|turn|23\n|\n|t:|1700609891\n|switch|p1a: Appletun|Appletun, F, shiny|65\/100 par\n|move|p2a: Persian|Fake Out|p1a: Appletun\n|-damage|p1a: Appletun|44\/100 par\n|-damage|p2a: Persian|0 fnt|[from] item: Rocky Helmet|[of] p1a: Appletun\n|faint|p2a: Persian\n|\n|upkeep\n|\n|t:|1700609908\n|switch|p2a: Basculin|Basculin, M|100\/100\n|turn|24\n|\n|t:|1700609918\n|-terastallize|p2a: Basculin|Ghost\n|move|p2a: Basculin|Tera Blast|p1a: Appletun|[anim] Tera Blast Ghost\n|-damage|p1a: Appletun|14\/100 par\n|move|p1a: Appletun|Recover|p1a: Appletun\n|-heal|p1a: Appletun|64\/100 par\n|\n|upkeep\n|turn|25\n|\n|t:|1700609931\n|move|p2a: Basculin|Tera Blast|p1a: Appletun|[anim] Tera Blast Ghost\n|-damage|p1a: Appletun|31\/100 par\n|move|p1a: Appletun|Leech Seed|p2a: Basculin\n|-start|p2a: Basculin|move: Leech Seed\n|\n|-damage|p2a: Basculin|88\/100|[from] Leech Seed|[of] p1a: Appletun\n|-heal|p1a: Appletun|40\/100 par|[silent]\n|upkeep\n|turn|26\n|\n|t:|1700609941\n|move|p2a: Basculin|Tera Blast|p1a: Appletun|[anim] Tera Blast Ghost\n|-damage|p1a: Appletun|5\/100 par\n|move|p1a: Appletun|Recover|p1a: Appletun\n|-heal|p1a: Appletun|55\/100 par\n|\n|-damage|p2a: Basculin|76\/100|[from] Leech Seed|[of] p1a: Appletun\n|-heal|p1a: Appletun|63\/100 par|[silent]\n|upkeep\n|turn|27\n|\n|t:|1700609958\n|move|p2a: Basculin|Tera Blast|p1a: Appletun|[anim] Tera Blast Ghost\n|-damage|p1a: Appletun|31\/100 par\n|cant|p1a: Appletun|par\n|\n|-damage|p2a: Basculin|63\/100|[from] Leech Seed|[of] p1a: Appletun\n|-heal|p1a: Appletun|40\/100 par|[silent]\n|upkeep\n|turn|28\n|\n|t:|1700609972\n|move|p2a: Basculin|Tera Blast|p1a: Appletun|[anim] Tera Blast Ghost\n|-damage|p1a: Appletun|5\/100 par\n|move|p1a: Appletun|Dragon Tail|p2a: Basculin\n|-damage|p2a: Basculin|35\/100\n|drag|p2a: Camerupt|Camerupt, M, shiny|78\/100\n|\n|upkeep\n|turn|29\n|\n|t:|1700609987\n|move|p2a: Camerupt|Stealth Rock|p1a: Appletun\n|-sidestart|p1: hzhYHst|move: Stealth Rock\n|move|p1a: Appletun|Leech Seed|p2a: Camerupt\n|-start|p2a: Camerupt|move: Leech Seed\n|\n|-damage|p2a: Camerupt|65\/100|[from] Leech Seed|[of] p1a: Appletun\n|-heal|p1a: Appletun|16\/100 par|[silent]\n|upkeep\n|turn|30\n|\n|t:|1700609999\n|switch|p1a: Dachsbun|Dachsbun, M, shiny|100\/100\n|-damage|p1a: Dachsbun|88\/100|[from] Stealth Rock\n|move|p2a: Camerupt|Earth Power|p1a: Dachsbun\n|-damage|p1a: Dachsbun|29\/100\n|\n|-heal|p1a: Dachsbun|35\/100|[from] item: Leftovers\n|-damage|p2a: Camerupt|53\/100|[from] Leech Seed|[of] p1a: Dachsbun\n|-heal|p1a: Dachsbun|48\/100|[silent]\n|upkeep\n|turn|31\n|\n|t:|1700610014\n|move|p1a: Dachsbun|Protect|p1a: Dachsbun\n|-singleturn|p1a: Dachsbun|Protect\n|move|p2a: Camerupt|Earth Power|p1a: Dachsbun\n|-activate|p1a: Dachsbun|move: Protect\n|\n|-heal|p1a: Dachsbun|54\/100|[from] item: Leftovers\n|-damage|p2a: Camerupt|40\/100|[from] Leech Seed|[of] p1a: Dachsbun\n|-heal|p1a: Dachsbun|68\/100|[silent]\n|upkeep\n|turn|32\n|\n|t:|1700610027\n|switch|p1a: Cramorant|Cramorant, M, shiny|56\/100\n|switch|p2a: Pikachu|Pikachu, F|100\/100\n|\n|upkeep\n|turn|33\n|\n|t:|1700610045\n|switch|p1a: Sandaconda|Sandaconda, M, shiny|100\/100\n|-damage|p1a: Sandaconda|94\/100|[from] Stealth Rock\n|move|p2a: Pikachu|Knock Off|p1a: Sandaconda\n|-damage|p1a: Sandaconda|68\/100\n|-enditem|p1a: Sandaconda|Loaded Dice|[from] move: Knock Off|[of] p2a: Pikachu\n|\n|upkeep\n|turn|34\n|\n|t:|1700610057\n|switch|p2a: Gogoat|Gogoat, M|84\/100\n|move|p1a: Sandaconda|Earthquake|p2a: Gogoat\n|-resisted|p2a: Gogoat\n|-damage|p2a: Gogoat|62\/100\n|\n|upkeep\n|turn|35\n|\n|t:|1700610069\n|switch|p1a: Venomoth|Venomoth, F, shiny|67\/100\n|-damage|p1a: Venomoth|42\/100|[from] Stealth Rock\n|move|p2a: Gogoat|Bulk Up|p2a: Gogoat\n|-boost|p2a: Gogoat|atk|1\n|-boost|p2a: Gogoat|def|1\n|\n|upkeep\n|turn|36\n|\n|t:|1700610080\n|move|p1a: Venomoth|Bug Buzz|p2a: Gogoat\n|-supereffective|p2a: Gogoat\n|-damage|p2a: Gogoat|0 fnt\n|faint|p2a: Gogoat\n|-damage|p1a: Venomoth|32\/100|[from] item: Life Orb\n|\n|upkeep\n|\n|t:|1700610089\n|switch|p2a: Basculin|Basculin, M, tera:Ghost|35\/100\n|turn|37\n|\n|t:|1700610105\n|move|p2a: Basculin|Tera Blast|p1a: Venomoth|[anim] Tera Blast Ghost\n|-damage|p1a: Venomoth|0 fnt\n|faint|p1a: Venomoth\n|\n|upkeep\n|\n|t:|1700610111\n|switch|p1a: Cramorant|Cramorant, M, shiny|56\/100\n|turn|38\n|\n|t:|1700610115\n|move|p2a: Basculin|Tera Blast|p1a: Cramorant|[anim] Tera Blast Ghost\n|-damage|p1a: Cramorant|9\/100\n|move|p1a: Cramorant|Roost|p1a: Cramorant\n|-heal|p1a: Cramorant|59\/100\n|-singleturn|p1a: Cramorant|move: Roost\n|\n|upkeep\n|turn|39\n|\n|t:|1700610123\n|move|p2a: Basculin|Tera Blast|p1a: Cramorant|[anim] Tera Blast Ghost\n|-damage|p1a: Cramorant|15\/100\n|move|p1a: Cramorant|Surf|p2a: Basculin\n|-formechange|p1a: Cramorant|Cramorant-Gorging|\n|-damage|p2a: Basculin|0 fnt\n|faint|p2a: Basculin\n|\n|upkeep\n|\n|t:|1700610135\n|switch|p2a: Pikachu|Pikachu, F|100\/100\n|turn|40\n|\n|t:|1700610142\n|switch|p1a: Sandaconda|Sandaconda, M, shiny|68\/100\n|-damage|p1a: Sandaconda|62\/100|[from] Stealth Rock\n|move|p2a: Pikachu|Knock Off|p1a: Sandaconda\n|-damage|p1a: Sandaconda|45\/100\n|\n|upkeep\n|turn|41\n|\n|t:|1700610161\n|move|p2a: Pikachu|Brick Break|p1a: Sandaconda\n|-damage|p1a: Sandaconda|24\/100\n|move|p1a: Sandaconda|Coil|p1a: Sandaconda\n|-boost|p1a: Sandaconda|atk|1\n|-boost|p1a: Sandaconda|def|1\n|-boost|p1a: Sandaconda|accuracy|1\n|\n|upkeep\n|turn|42\n|\n|t:|1700610169\n|move|p2a: Pikachu|Brick Break|p1a: Sandaconda\n|-damage|p1a: Sandaconda|11\/100\n|move|p1a: Sandaconda|Earthquake|p2a: Pikachu\n|-supereffective|p2a: Pikachu\n|-damage|p2a: Pikachu|0 fnt\n|faint|p2a: Pikachu\n|\n|upkeep\n|\n|t:|1700610180\n|switch|p2a: Camerupt|Camerupt, M, shiny|40\/100\n|turn|43\n|\n|t:|1700610188\n|move|p1a: Sandaconda|Earthquake|p2a: Camerupt\n|-supereffective|p2a: Camerupt\n|-damage|p2a: Camerupt|0 fnt\n|faint|p2a: Camerupt\n|\n|upkeep\n|\n|t:|1700610194\n|switch|p2a: Dachsbun|Dachsbun, F|17\/100\n|turn|44\n|\n|t:|1700610198\n|move|p2a: Dachsbun|Body Press|p1a: Sandaconda\n|-damage|p1a: Sandaconda|0 fnt\n|faint|p1a: Sandaconda\n|\n|upkeep\n|\n|t:|1700610208\n|switch|p1a: Cramorant|Cramorant, M, shiny|15\/100\n|turn|45\n|\n|t:|1700610213\n|move|p2a: Dachsbun|Play Rough|p1a: Cramorant\n|-damage|p1a: Cramorant|0 fnt\n|faint|p1a: Cramorant\n|\n|upkeep\n|\n|t:|1700610219\n|switch|p1a: Dachsbun|Dachsbun, M, shiny|68\/100\n|-damage|p1a: Dachsbun|56\/100|[from] Stealth Rock\n|turn|46\n|\n|t:|1700610228\n|move|p2a: Dachsbun|Wish|p2a: Dachsbun\n|move|p1a: Dachsbun|Play Rough|p2a: Dachsbun\n|-damage|p2a: Dachsbun|0 fnt\n|faint|p2a: Dachsbun\n|\n|win|hzhYHst\n|l|\u2606Yalare\n","uploadtime":1700610250,"views":14,"p1id":"hzhyhst","p2id":"yalare","formatid":"gen9ou","rating":0,"private":0,"password":""}