{"id":"gen9ou-2000231648","p1":"Garbz_Larbz","p2":"ZachPlay","format":"[Gen 9] OU","log":"|j|\u2606Garbz_Larbz\n|j|\u2606ZachPlay\n|t:|1701175326\n|gametype|singles\n|player|p1|Garbz_Larbz|scientistf|1289\n|player|p2|ZachPlay|ginchiyo-conquest|1188\n|teamsize|p1|6\n|teamsize|p2|6\n|gen|9\n|tier|[Gen 9] OU\n|rated|\n|rule|Sleep Clause Mod: Limit one foe put to sleep\n|rule|Species Clause: Limit one of each Pok\u00e9mon\n|rule|OHKO Clause: OHKO moves are banned\n|rule|Evasion Items Clause: Evasion items are banned\n|rule|Evasion Moves Clause: Evasion moves are banned\n|rule|Endless Battle Clause: Forcing endless battles is banned\n|rule|HP Percentage Mod: HP is shown in percentages\n|clearpoke\n|poke|p1|Torkoal, F|\n|poke|p1|Lilligant-Hisui, F|\n|poke|p1|Walking Wake|\n|poke|p1|Corviknight, M|\n|poke|p1|Hatterene, F|\n|poke|p1|Clodsire, F|\n|poke|p2|Clefable, M|\n|poke|p2|Ogerpon-Wellspring, F|\n|poke|p2|Zapdos-Galar|\n|poke|p2|Mandibuzz, F|\n|poke|p2|Heatran, M|\n|poke|p2|Garchomp, M|\n|teampreview\n|inactive|Battle timer is ON: inactive players will automatically lose when time's up. (requested by Garbz_Larbz)\n|\n|t:|1701175333\n|start\n|switch|p1a: Torkoal|Torkoal, F|100\/100\n|switch|p2a: Clefable|Clefable, M|100\/100\n|-weather|SunnyDay|[from] ability: Drought|[of] p1a: Torkoal\n|turn|1\n|\n|t:|1701175341\n|move|p2a: Clefable|Calm Mind|p2a: Clefable\n|-boost|p2a: Clefable|spa|1\n|-boost|p2a: Clefable|spd|1\n|move|p1a: Torkoal|Stealth Rock|p2a: Clefable\n|-sidestart|p2: ZachPlay|move: Stealth Rock\n|\n|-weather|SunnyDay|[upkeep]\n|upkeep\n|turn|2\n|\n|t:|1701175346\n|switch|p1a: Lilligant|Lilligant-Hisui, F, shiny|100\/100\n|move|p2a: Clefable|Calm Mind|p2a: Clefable\n|-boost|p2a: Clefable|spa|1\n|-boost|p2a: Clefable|spd|1\n|\n|-weather|SunnyDay|[upkeep]\n|upkeep\n|turn|3\n|\n|t:|1701175356\n|move|p1a: Lilligant|Poison Jab|p2a: Clefable\n|-supereffective|p2a: Clefable\n|-damage|p2a: Clefable|32\/100\n|-damage|p1a: Lilligant|91\/100|[from] item: Life Orb\n|move|p2a: Clefable|Moonblast|p1a: Lilligant\n|-supereffective|p1a: Lilligant\n|-damage|p1a: Lilligant|0 fnt\n|faint|p1a: Lilligant\n|\n|-weather|SunnyDay|[upkeep]\n|upkeep\n|\n|t:|1701175364\n|switch|p1a: Walking Wake|Walking Wake|100\/100\n|-activate|p1a: Walking Wake|ability: Protosynthesis\n|-start|p1a: Walking Wake|protosynthesisspa\n|turn|4\n|\n|t:|1701175370\n|move|p1a: Walking Wake|Hydro Steam|p2a: Clefable\n|-damage|p2a: Clefable|6\/100\n|move|p2a: Clefable|Moonlight|p2a: Clefable\n|-heal|p2a: Clefable|73\/100\n|\n|-weather|SunnyDay|[upkeep]\n|upkeep\n|turn|5\n|\n|t:|1701175376\n|-end|p1a: Walking Wake|Protosynthesis|[silent]\n|switch|p1a: Corviknight|Corviknight, M|100\/100\n|-ability|p1a: Corviknight|Pressure\n|move|p2a: Clefable|Calm Mind|p2a: Clefable\n|-boost|p2a: Clefable|spa|1\n|-boost|p2a: Clefable|spd|1\n|\n|-weather|SunnyDay|[upkeep]\n|upkeep\n|turn|6\n|\n|t:|1701175385\n|switch|p1a: Hatterene|Hatterene, F|100\/100\n|move|p2a: Clefable|Moonlight|p2a: Clefable\n|-heal|p2a: Clefable|100\/100\n|\n|-weather|SunnyDay|[upkeep]\n|upkeep\n|turn|7\n|\n|t:|1701175388\n|move|p2a: Clefable|Moonblast|p1a: Hatterene\n|-damage|p1a: Hatterene|0 fnt\n|faint|p1a: Hatterene\n|\n|-weather|SunnyDay|[upkeep]\n|upkeep\n|\n|t:|1701175396\n|switch|p1a: Clodsire|Clodsire, F|100\/100\n|turn|8\n|\n|t:|1701175400\n|move|p2a: Clefable|Flamethrower|p1a: Clodsire\n|-damage|p1a: Clodsire|49\/100\n|move|p1a: Clodsire|Earthquake|p2a: Clefable\n|-damage|p2a: Clefable|70\/100\n|\n|-weather|none\n|upkeep\n|turn|9\n|\n|t:|1701175405\n|move|p2a: Clefable|Calm Mind|p2a: Clefable\n|-boost|p2a: Clefable|spa|1\n|-boost|p2a: Clefable|spd|1\n|move|p1a: Clodsire|Earthquake|p2a: Clefable\n|-damage|p2a: Clefable|40\/100\n|\n|upkeep\n|turn|10\n|\n|t:|1701175407\n|move|p2a: Clefable|Moonlight|p2a: Clefable\n|-heal|p2a: Clefable|90\/100\n|move|p1a: Clodsire|Earthquake|p2a: Clefable\n|-damage|p2a: Clefable|60\/100\n|\n|upkeep\n|turn|11\n|\n|t:|1701175413\n|move|p2a: Clefable|Moonblast|p1a: Clodsire\n|-resisted|p1a: Clodsire\n|-damage|p1a: Clodsire|17\/100\n|move|p1a: Clodsire|Toxic|p2a: Clefable\n|-status|p2a: Clefable|tox\n|\n|upkeep\n|turn|12\n|\n|t:|1701175417\n|move|p2a: Clefable|Moonblast|p1a: Clodsire\n|-resisted|p1a: Clodsire\n|-damage|p1a: Clodsire|0 fnt\n|faint|p1a: Clodsire\n|\n|upkeep\n|\n|t:|1701175422\n|switch|p1a: Torkoal|Torkoal, F|100\/100\n|-weather|SunnyDay|[from] ability: Drought|[of] p1a: Torkoal\n|turn|13\n|\n|t:|1701175425\n|move|p2a: Clefable|Moonlight|p2a: Clefable\n|-heal|p2a: Clefable|100\/100 tox\n|move|p1a: Torkoal|Lava Plume|p2a: Clefable\n|-damage|p2a: Clefable|92\/100 tox\n|\n|-weather|SunnyDay|[upkeep]\n|upkeep\n|turn|14\n|\n|t:|1701175431\n|switch|p1a: Corviknight|Corviknight, M|100\/100\n|-ability|p1a: Corviknight|Pressure\n|move|p2a: Clefable|Calm Mind|p2a: Clefable\n|-boost|p2a: Clefable|spa|1\n|-boost|p2a: Clefable|spd|1\n|\n|-weather|SunnyDay|[upkeep]\n|upkeep\n|turn|15\n|\n|t:|1701175434\n|move|p1a: Corviknight|Agility|p1a: Corviknight\n|-boost|p1a: Corviknight|spe|2\n|move|p2a: Clefable|Flamethrower|p1a: Corviknight\n|-supereffective|p1a: Corviknight\n|-damage|p1a: Corviknight|0 fnt\n|faint|p1a: Corviknight\n|\n|-weather|SunnyDay|[upkeep]\n|upkeep\n|\n|t:|1701175438\n|switch|p1a: Walking Wake|Walking Wake|100\/100\n|-activate|p1a: Walking Wake|ability: Protosynthesis\n|-start|p1a: Walking Wake|protosynthesisspa\n|turn|16\n|\n|t:|1701175441\n|-terastallize|p1a: Walking Wake|Steel\n|move|p1a: Walking Wake|Tera Blast|p2a: Clefable|[anim] Tera Blast Steel\n|-supereffective|p2a: Clefable\n|-damage|p2a: Clefable|71\/100 tox\n|move|p2a: Clefable|Moonblast|p1a: Walking Wake\n|-resisted|p1a: Walking Wake\n|-damage|p1a: Walking Wake|24\/100\n|\n|-weather|SunnyDay|[upkeep]\n|upkeep\n|turn|17\n|\n|t:|1701175449\n|move|p1a: Walking Wake|Tera Blast|p2a: Clefable|[anim] Tera Blast Steel\n|-supereffective|p2a: Clefable\n|-damage|p2a: Clefable|49\/100 tox\n|move|p2a: Clefable|Moonlight|p2a: Clefable\n|-heal|p2a: Clefable|100\/100 tox\n|\n|-weather|SunnyDay|[upkeep]\n|upkeep\n|turn|18\n|c|\u2606Garbz_Larbz|damn, nice sweep lol\n|\n|t:|1701175456\n|move|p1a: Walking Wake|Tera Blast|p2a: Clefable|[anim] Tera Blast Steel\n|-supereffective|p2a: Clefable\n|-damage|p2a: Clefable|81\/100 tox\n|move|p2a: Clefable|Flamethrower|p1a: Walking Wake\n|-supereffective|p1a: Walking Wake\n|-damage|p1a: Walking Wake|0 fnt\n|faint|p1a: Walking Wake\n|-end|p1a: Walking Wake|Protosynthesis|[silent]\n|\n|-weather|SunnyDay|[upkeep]\n|upkeep\n|\n|t:|1701175461\n|switch|p1a: Torkoal|Torkoal, F|100\/100\n|turn|19\n|\n|t:|1701175464\n|move|p2a: Clefable|Calm Mind|p2a: Clefable\n|-boost|p2a: Clefable|spa|1\n|-boost|p2a: Clefable|spd|1\n|move|p1a: Torkoal|Lava Plume|p2a: Clefable\n|-damage|p2a: Clefable|74\/100 tox\n|\n|-weather|SunnyDay|[upkeep]\n|upkeep\n|turn|20\n|\n|t:|1701175471\n|-terastallize|p2a: Clefable|Fairy\n|move|p2a: Clefable|Moonblast|p1a: Torkoal\n|-resisted|p1a: Torkoal\n|-damage|p1a: Torkoal|0 fnt\n|faint|p1a: Torkoal\n|\n|win|ZachPlay\n|raw|Garbz_Larbz's rating: 1289 &rarr; <strong>1257<\/strong><br \/>(-32 for losing)\n|raw|ZachPlay's rating: 1188 &rarr; <strong>1220<\/strong><br \/>(+32 for winning)\n","uploadtime":1701175476,"views":16,"p1id":"garbzlarbz","p2id":"zachplay","formatid":"gen9ou","rating":1220,"private":0,"password":""}