{"id":"gen9ou-1996360835","p1":"ettiriddure","p2":"Mouspi le goat","format":"[Gen 9] OU","log":"|j|\u2606ettiriddure\n|j|\u2606Mouspi le goat\n|t:|1700674672\n|gametype|singles\n|player|p1|ettiriddure|hilbert|1267\n|player|p2|Mouspi le goat|red|1218\n|teamsize|p1|6\n|teamsize|p2|6\n|gen|9\n|tier|[Gen 9] OU\n|rated|\n|rule|Sleep Clause Mod: Limit one foe put to sleep\n|rule|Species Clause: Limit one of each Pok\u00e9mon\n|rule|OHKO Clause: OHKO moves are banned\n|rule|Evasion Items Clause: Evasion items are banned\n|rule|Evasion Moves Clause: Evasion moves are banned\n|rule|Endless Battle Clause: Forcing endless battles is banned\n|rule|HP Percentage Mod: HP is shown in percentages\n|clearpoke\n|poke|p1|Rillaboom, F|\n|poke|p1|Garganacl, M|\n|poke|p1|Heatran, F|\n|poke|p1|Great Tusk|\n|poke|p1|Dragapult, F|\n|poke|p1|Greninja-*, M|\n|poke|p2|Ribombee, F|\n|poke|p2|Gholdengo|\n|poke|p2|Samurott-Hisui, M|\n|poke|p2|Ceruledge, M|\n|poke|p2|Great Tusk|\n|poke|p2|Hatterene, F|\n|teampreview\n|inactive|Battle timer is ON: inactive players will automatically lose when time's up. (requested by ettiriddure)\n|\n|t:|1700674680\n|start\n|switch|p1a: Heatran|Heatran, F|100\/100\n|switch|p2a: Ribombee|Ribombee, F, shiny|100\/100\n|turn|1\n|\n|t:|1700674686\n|move|p2a: Ribombee|Sticky Web|p1a: Heatran\n|-sidestart|p1: ettiriddure|move: Sticky Web\n|move|p1a: Heatran|Magma Storm|p2a: Ribombee\n|-supereffective|p2a: Ribombee\n|-enditem|p2a: Ribombee|Focus Sash\n|-damage|p2a: Ribombee|1\/100\n|-activate|p2a: Ribombee|move: Magma Storm|[of] p1a: Heatran\n|\n|-damage|p2a: Ribombee|0 fnt|[from] move: Magma Storm|[partiallytrapped]\n|faint|p2a: Ribombee\n|upkeep\n|\n|t:|1700674694\n|switch|p2a: Samurott|Samurott-Hisui, M, shiny|100\/100\n|turn|2\n|\n|t:|1700674698\n|switch|p1a: Great Tusk|Great Tusk|100\/100\n|move|p2a: Samurott|Swords Dance|p2a: Samurott\n|-boost|p2a: Samurott|atk|2\n|\n|upkeep\n|turn|3\n|\n|t:|1700674710\n|switch|p2a: Gholdengo|Gholdengo, shiny|100\/100\n|-item|p2a: Gholdengo|Air Balloon\n|move|p1a: Great Tusk|Rapid Spin|p2a: Gholdengo\n|-immune|p2a: Gholdengo\n|\n|upkeep\n|turn|4\n|\n|t:|1700674716\n|-end|p1a: Great Tusk|Protosynthesis|[silent]\n|switch|p1a: Heatran|Heatran, F|100\/100\n|-activate|p1a: Heatran|move: Sticky Web\n|-unboost|p1a: Heatran|spe|1\n|move|p2a: Gholdengo|Nasty Plot|p2a: Gholdengo\n|-boost|p2a: Gholdengo|spa|2\n|\n|upkeep\n|turn|5\n|\n|t:|1700674726\n|-terastallize|p2a: Gholdengo|Ghost\n|move|p2a: Gholdengo|Shadow Ball|p1a: Heatran\n|-damage|p1a: Heatran|33\/100\n|move|p1a: Heatran|Magma Storm|p2a: Gholdengo\n|-damage|p2a: Gholdengo|48\/100\n|-activate|p2a: Gholdengo|move: Magma Storm|[of] p1a: Heatran\n|-enditem|p2a: Gholdengo|Air Balloon\n|\n|-heal|p1a: Heatran|39\/100|[from] item: Leftovers\n|-damage|p2a: Gholdengo|36\/100|[from] move: Magma Storm|[partiallytrapped]\n|upkeep\n|turn|6\n|\n|t:|1700674748\n|move|p2a: Gholdengo|Shadow Ball|p1a: Heatran\n|-damage|p1a: Heatran|0 fnt\n|faint|p1a: Heatran\n|\n|-end|p2a: Gholdengo|Magma Storm|[partiallytrapped]|[silent]\n|upkeep\n|\n|t:|1700674760\n|switch|p1a: Greninja|Greninja, M|100\/100\n|-activate|p1a: Greninja|move: Sticky Web\n|-unboost|p1a: Greninja|spe|1\n|turn|7\n|\n|t:|1700674770\n|move|p1a: Greninja|Water Shuriken|p2a: Gholdengo\n|-damage|p2a: Gholdengo|28\/100\n|-damage|p2a: Gholdengo|19\/100\n|-damage|p2a: Gholdengo|11\/100\n|-damage|p2a: Gholdengo|3\/100\n|-hitcount|p2a: Gholdengo|4\n|move|p2a: Gholdengo|Thunderbolt|p1a: Greninja\n|-supereffective|p1a: Greninja\n|-damage|p1a: Greninja|0 fnt\n|faint|p1a: Greninja\n|\n|upkeep\n|\n|t:|1700674779\n|switch|p1a: Garganacl|Garganacl, M|100\/100\n|-activate|p1a: Garganacl|move: Sticky Web\n|-unboost|p1a: Garganacl|spe|1\n|turn|8\n|\n|t:|1700674785\n|switch|p1a: Dragapult|Dragapult, F|100\/100\n|-activate|p1a: Dragapult|move: Sticky Web\n|-unboost|p1a: Dragapult|spe|1\n|move|p2a: Gholdengo|Make It Rain|p1a: Dragapult\n|-damage|p1a: Dragapult|0 fnt\n|-unboost|p2a: Gholdengo|spa|1\n|faint|p1a: Dragapult\n|\n|upkeep\n|\n|t:|1700674792\n|switch|p1a: Rillaboom|Rillaboom, F|100\/100\n|-activate|p1a: Rillaboom|move: Sticky Web\n|-unboost|p1a: Rillaboom|spe|1\n|-fieldstart|move: Grassy Terrain|[from] ability: Grassy Surge|[of] p1a: Rillaboom\n|turn|9\n|\n|t:|1700674800\n|move|p1a: Rillaboom|Grassy Glide|p2a: Gholdengo\n|-damage|p2a: Gholdengo|0 fnt\n|faint|p2a: Gholdengo\n|\n|upkeep\n|\n|t:|1700674819\n|switch|p2a: Great Tusk|Great Tusk, shiny|100\/100\n|turn|10\n|\n|t:|1700674822\n|move|p2a: Great Tusk|Bulk Up|p2a: Great Tusk\n|-boost|p2a: Great Tusk|atk|1\n|-boost|p2a: Great Tusk|def|1\n|move|p1a: Rillaboom|Swords Dance|p1a: Rillaboom\n|-boost|p1a: Rillaboom|atk|2\n|\n|upkeep\n|turn|11\n|\n|t:|1700674832\n|move|p1a: Rillaboom|Grassy Glide|p2a: Great Tusk\n|-supereffective|p2a: Great Tusk\n|-damage|p2a: Great Tusk|56\/100\n|move|p2a: Great Tusk|Body Press|p1a: Rillaboom\n|-damage|p1a: Rillaboom|41\/100\n|\n|-heal|p2a: Great Tusk|62\/100|[from] Grassy Terrain\n|-heal|p1a: Rillaboom|47\/100|[from] Grassy Terrain\n|-heal|p1a: Rillaboom|53\/100|[from] item: Leftovers\n|upkeep\n|turn|12\n|\n|t:|1700674841\n|move|p1a: Rillaboom|Grassy Glide|p2a: Great Tusk\n|-supereffective|p2a: Great Tusk\n|-damage|p2a: Great Tusk|14\/100\n|move|p2a: Great Tusk|Bulk Up|p2a: Great Tusk\n|-boost|p2a: Great Tusk|atk|1\n|-boost|p2a: Great Tusk|def|1\n|\n|-heal|p2a: Great Tusk|20\/100|[from] Grassy Terrain\n|-heal|p1a: Rillaboom|59\/100|[from] Grassy Terrain\n|-heal|p1a: Rillaboom|66\/100|[from] item: Leftovers\n|upkeep\n|turn|13\n|\n|t:|1700674851\n|move|p1a: Rillaboom|Grassy Glide|p2a: Great Tusk\n|-supereffective|p2a: Great Tusk\n|-damage|p2a: Great Tusk|0 fnt\n|faint|p2a: Great Tusk\n|-end|p2a: Great Tusk|Protosynthesis|[silent]\n|\n|-heal|p1a: Rillaboom|72\/100|[from] Grassy Terrain\n|-heal|p1a: Rillaboom|78\/100|[from] item: Leftovers\n|-fieldend|move: Grassy Terrain\n|upkeep\n|\n|t:|1700674867\n|switch|p2a: Ceruledge|Ceruledge, M, shiny|100\/100\n|turn|14\n|\n|t:|1700674872\n|move|p2a: Ceruledge|Swords Dance|p2a: Ceruledge\n|-boost|p2a: Ceruledge|atk|2\n|move|p1a: Rillaboom|U-turn|p2a: Ceruledge\n|-resisted|p2a: Ceruledge\n|-damage|p2a: Ceruledge|86\/100\n|-ability|p2a: Ceruledge|Weak Armor|boost\n|-unboost|p2a: Ceruledge|def|1\n|-boost|p2a: Ceruledge|spe|2\n|\n|t:|1700674875\n|switch|p1a: Garganacl|Garganacl, M|100\/100|[from] U-turn\n|-activate|p1a: Garganacl|move: Sticky Web\n|-unboost|p1a: Garganacl|spe|1\n|\n|upkeep\n|turn|15\n|\n|t:|1700674888\n|-terastallize|p1a: Garganacl|Fairy\n|move|p2a: Ceruledge|Poltergeist|p1a: Garganacl\n|-activate|p1a: Garganacl|move: Poltergeist|Leftovers\n|-damage|p1a: Garganacl|71\/100\n|move|p1a: Garganacl|Salt Cure|p2a: Ceruledge\n|-supereffective|p2a: Ceruledge\n|-damage|p2a: Ceruledge|24\/100\n|-start|p2a: Ceruledge|Salt Cure\n|-ability|p2a: Ceruledge|Weak Armor|boost\n|-unboost|p2a: Ceruledge|def|1\n|-boost|p2a: Ceruledge|spe|2\n|\n|-heal|p1a: Garganacl|77\/100|[from] item: Leftovers\n|-damage|p2a: Ceruledge|12\/100|[from] Salt Cure\n|upkeep\n|turn|16\n|\n|t:|1700674906\n|switch|p2a: Hatterene|Hatterene, F|100\/100\n|move|p1a: Garganacl|Recover|p1a: Garganacl\n|-heal|p1a: Garganacl|100\/100\n|\n|upkeep\n|turn|17\n|\n|t:|1700674912\n|move|p2a: Hatterene|Calm Mind|p2a: Hatterene\n|-boost|p2a: Hatterene|spa|1\n|-boost|p2a: Hatterene|spd|1\n|move|p1a: Garganacl|Salt Cure|p2a: Hatterene\n|-damage|p2a: Hatterene|85\/100\n|-start|p2a: Hatterene|Salt Cure\n|\n|-heal|p2a: Hatterene|91\/100|[from] item: Leftovers\n|-damage|p2a: Hatterene|79\/100|[from] Salt Cure\n|upkeep\n|turn|18\n|\n|t:|1700674923\n|move|p2a: Hatterene|Calm Mind|p2a: Hatterene\n|-boost|p2a: Hatterene|spa|1\n|-boost|p2a: Hatterene|spd|1\n|move|p1a: Garganacl|Salt Cure|p2a: Hatterene\n|-damage|p2a: Hatterene|62\/100\n|\n|-heal|p2a: Hatterene|68\/100|[from] item: Leftovers\n|-damage|p2a: Hatterene|56\/100|[from] Salt Cure\n|upkeep\n|turn|19\n|\n|t:|1700674931\n|switch|p1a: Rillaboom|Rillaboom, F|78\/100\n|-activate|p1a: Rillaboom|move: Sticky Web\n|-unboost|p1a: Rillaboom|spe|1\n|-fieldstart|move: Grassy Terrain|[from] ability: Grassy Surge|[of] p1a: Rillaboom\n|move|p2a: Hatterene|Draining Kiss|p1a: Rillaboom\n|-damage|p1a: Rillaboom|10\/100\n|-heal|p2a: Hatterene|100\/100|[from] drain|[of] p1a: Rillaboom\n|\n|-heal|p1a: Rillaboom|16\/100|[from] Grassy Terrain\n|-heal|p1a: Rillaboom|22\/100|[from] item: Leftovers\n|-damage|p2a: Hatterene|88\/100|[from] Salt Cure\n|upkeep\n|turn|20\n|\n|t:|1700674947\n|move|p1a: Rillaboom|Grassy Glide|p2a: Hatterene\n|-damage|p2a: Hatterene|55\/100\n|move|p2a: Hatterene|Draining Kiss|p1a: Rillaboom\n|-damage|p1a: Rillaboom|0 fnt\n|-heal|p2a: Hatterene|75\/100|[from] drain|[of] p1a: Rillaboom\n|faint|p1a: Rillaboom\n|\n|-heal|p2a: Hatterene|81\/100|[from] Grassy Terrain\n|-heal|p2a: Hatterene|87\/100|[from] item: Leftovers\n|-damage|p2a: Hatterene|75\/100|[from] Salt Cure\n|upkeep\n|\n|t:|1700674951\n|switch|p1a: Garganacl|Garganacl, M, tera:Fairy|100\/100\n|-activate|p1a: Garganacl|move: Sticky Web\n|-unboost|p1a: Garganacl|spe|1\n|turn|21\n|\n|t:|1700674962\n|move|p1a: Garganacl|Protect|p1a: Garganacl\n|-singleturn|p1a: Garganacl|Protect\n|move|p2a: Hatterene|Draining Kiss|p1a: Garganacl\n|-activate|p1a: Garganacl|move: Protect\n|\n|-heal|p2a: Hatterene|81\/100|[from] Grassy Terrain\n|-heal|p2a: Hatterene|87\/100|[from] item: Leftovers\n|-damage|p2a: Hatterene|74\/100|[from] Salt Cure\n|upkeep\n|turn|22\n|\n|t:|1700674972\n|move|p2a: Hatterene|Draining Kiss|p1a: Garganacl\n|-damage|p1a: Garganacl|43\/100\n|-heal|p2a: Hatterene|100\/100|[from] drain|[of] p1a: Garganacl\n|move|p1a: Garganacl|Salt Cure|p2a: Hatterene\n|-damage|p2a: Hatterene|84\/100\n|\n|-heal|p2a: Hatterene|90\/100|[from] Grassy Terrain\n|-heal|p2a: Hatterene|96\/100|[from] item: Leftovers\n|-heal|p1a: Garganacl|49\/100|[from] Grassy Terrain\n|-heal|p1a: Garganacl|55\/100|[from] item: Leftovers\n|-damage|p2a: Hatterene|84\/100|[from] Salt Cure\n|upkeep\n|turn|23\n|\n|t:|1700674985\n|move|p2a: Hatterene|Calm Mind|p2a: Hatterene\n|-boost|p2a: Hatterene|spa|1\n|-boost|p2a: Hatterene|spd|1\n|move|p1a: Garganacl|Recover|p1a: Garganacl\n|-heal|p1a: Garganacl|100\/100\n|\n|-heal|p2a: Hatterene|90\/100|[from] Grassy Terrain\n|-heal|p2a: Hatterene|96\/100|[from] item: Leftovers\n|-damage|p2a: Hatterene|84\/100|[from] Salt Cure\n|-fieldend|move: Grassy Terrain\n|upkeep\n|turn|24\n|\n|t:|1700674997\n|move|p1a: Garganacl|Protect|p1a: Garganacl\n|-singleturn|p1a: Garganacl|Protect\n|move|p2a: Hatterene|Draining Kiss|p1a: Garganacl\n|-activate|p1a: Garganacl|move: Protect\n|\n|-heal|p2a: Hatterene|90\/100|[from] item: Leftovers\n|-damage|p2a: Hatterene|78\/100|[from] Salt Cure\n|upkeep\n|turn|25\n|\n|t:|1700675005\n|move|p2a: Hatterene|Calm Mind|p2a: Hatterene\n|-boost|p2a: Hatterene|spa|1\n|-boost|p2a: Hatterene|spd|1\n|move|p1a: Garganacl|Salt Cure|p2a: Hatterene\n|-damage|p2a: Hatterene|62\/100\n|\n|-heal|p2a: Hatterene|68\/100|[from] item: Leftovers\n|-damage|p2a: Hatterene|56\/100|[from] Salt Cure\n|upkeep\n|turn|26\n|\n|t:|1700675013\n|move|p2a: Hatterene|Draining Kiss|p1a: Garganacl\n|-damage|p1a: Garganacl|13\/100\n|-heal|p2a: Hatterene|100\/100|[from] drain|[of] p1a: Garganacl\n|move|p1a: Garganacl|Salt Cure|p2a: Hatterene\n|-damage|p2a: Hatterene|86\/100\n|\n|-heal|p2a: Hatterene|92\/100|[from] item: Leftovers\n|-heal|p1a: Garganacl|20\/100|[from] item: Leftovers\n|-damage|p2a: Hatterene|80\/100|[from] Salt Cure\n|upkeep\n|turn|27\n|\n|t:|1700675023\n|move|p2a: Hatterene|Draining Kiss|p1a: Garganacl\n|-damage|p1a: Garganacl|0 fnt\n|-heal|p2a: Hatterene|98\/100|[from] drain|[of] p1a: Garganacl\n|faint|p1a: Garganacl\n|\n|-heal|p2a: Hatterene|100\/100|[from] item: Leftovers\n|-damage|p2a: Hatterene|88\/100|[from] Salt Cure\n|upkeep\n|\n|t:|1700675027\n|switch|p1a: Great Tusk|Great Tusk|100\/100\n|turn|28\n|\n|t:|1700675031\n|move|p1a: Great Tusk|Earthquake|p2a: Hatterene\n|-crit|p2a: Hatterene\n|-damage|p2a: Hatterene|14\/100\n|move|p2a: Hatterene|Draining Kiss|p1a: Great Tusk\n|-supereffective|p1a: Great Tusk\n|-damage|p1a: Great Tusk|0 fnt\n|-heal|p2a: Hatterene|100\/100|[from] drain|[of] p1a: Great Tusk\n|faint|p1a: Great Tusk\n|-end|p1a: Great Tusk|Protosynthesis|[silent]\n|\n|win|Mouspi le goat\n|raw|ettiriddure's rating: 1267 &rarr; <strong>1238<\/strong><br \/>(-29 for losing)\n|raw|Mouspi le goat's rating: 1218 &rarr; <strong>1247<\/strong><br \/>(+29 for winning)\n|l|\u2606ettiriddure\n","uploadtime":1700675048,"views":3,"p1id":"ettiriddure","p2id":"mouspilegoat","formatid":"gen9ou","rating":1238,"private":0,"password":""}