{"id":"gen9ou-1991172440","p1":"andriw teat","p2":"Nemuru Yume","format":"[Gen 9] OU","log":"|j|\u2606andriw teat\n|j|\u2606Nemuru Yume\n|t:|1700053301\n|gametype|singles\n|player|p1|andriw teat|clair|1137\n|player|p2|Nemuru Yume|teammates|1222\n|teamsize|p1|6\n|teamsize|p2|6\n|gen|9\n|tier|[Gen 9] OU\n|rated|\n|rule|Sleep Clause Mod: Limit one foe put to sleep\n|rule|Species Clause: Limit one of each Pok\u00e9mon\n|rule|OHKO Clause: OHKO moves are banned\n|rule|Evasion Items Clause: Evasion items are banned\n|rule|Evasion Moves Clause: Evasion moves are banned\n|rule|Endless Battle Clause: Forcing endless battles is banned\n|rule|HP Percentage Mod: HP is shown in percentages\n|clearpoke\n|poke|p1|Mienshao, F|\n|poke|p1|Azelf|\n|poke|p1|Ceruledge, F|\n|poke|p1|Great Tusk|\n|poke|p1|Iron Moth|\n|poke|p1|Walking Wake|\n|poke|p2|Ceruledge, F|\n|poke|p2|Gholdengo|\n|poke|p2|Basculegion-F, F|\n|poke|p2|Dragapult, F|\n|poke|p2|Gengar, F|\n|poke|p2|Sinistcha|\n|teampreview\n|\n|t:|1700053333\n|start\n|switch|p1a: Mienshao|Mienshao, F|100\/100\n|switch|p2a: Sea Devil|Basculegion-F, F, shiny|100\/100\n|turn|1\n|\n|t:|1700053350\n|move|p1a: Mienshao|U-turn|p2a: Sea Devil\n|-resisted|p2a: Sea Devil\n|-damage|p2a: Sea Devil|85\/100\n|\n|t:|1700053355\n|switch|p1a: Azelf|Azelf|100\/100|[from] U-turn\n|move|p2a: Sea Devil|Shadow Ball|p1a: Azelf\n|-supereffective|p1a: Azelf\n|-enditem|p1a: Azelf|Focus Sash\n|-damage|p1a: Azelf|1\/100\n|\n|upkeep\n|turn|2\n|\n|t:|1700053363\n|move|p1a: Azelf|Stealth Rock|p2a: Sea Devil\n|-sidestart|p2: Nemuru Yume|move: Stealth Rock\n|move|p2a: Sea Devil|Shadow Ball|p1a: Azelf\n|-supereffective|p1a: Azelf\n|-crit|p1a: Azelf\n|-damage|p1a: Azelf|0 fnt\n|faint|p1a: Azelf\n|\n|upkeep\n|\n|t:|1700053377\n|switch|p1a: Ceruledge|Ceruledge, F|100\/100\n|turn|3\n|\n|t:|1700053380\n|move|p1a: Ceruledge|Poltergeist|p2a: Sea Devil\n|-activate|p2a: Sea Devil|move: Poltergeist|Choice Specs\n|-supereffective|p2a: Sea Devil\n|-damage|p2a: Sea Devil|0 fnt\n|faint|p2a: Sea Devil\n|\n|upkeep\n|\n|t:|1700053395\n|switch|p2a: Draco-Lich|Dragapult, F, shiny|100\/100\n|-damage|p2a: Draco-Lich|88\/100|[from] Stealth Rock\n|turn|4\n|\n|t:|1700053400\n|switch|p1a: Mienshao|Mienshao, F|100\/100\n|move|p2a: Draco-Lich|Phantom Force||[still]\n|-prepare|p2a: Draco-Lich|Phantom Force\n|\n|-heal|p2a: Draco-Lich|94\/100|[from] item: Leftovers\n|upkeep\n|turn|5\n|\n|t:|1700053406\n|move|p2a: Draco-Lich|Phantom Force|p1a: Mienshao|[from]lockedmove\n|-damage|p1a: Mienshao|7\/100\n|move|p1a: Mienshao|Ice Spinner|p2a: Draco-Lich\n|-supereffective|p2a: Draco-Lich\n|-damage|p2a: Draco-Lich|14\/100\n|\n|-heal|p2a: Draco-Lich|20\/100|[from] item: Leftovers\n|upkeep\n|turn|6\n|\n|t:|1700053414\n|move|p2a: Draco-Lich|Dragon Darts|p1a: Mienshao\n|-damage|p1a: Mienshao|0 fnt\n|faint|p1a: Mienshao\n|\n|-heal|p2a: Draco-Lich|26\/100|[from] item: Leftovers\n|upkeep\n|\n|t:|1700053417\n|switch|p1a: Ceruledge|Ceruledge, F|100\/100\n|turn|7\n|\n|t:|1700053428\n|switch|p2a: Crypt Keeper|Gholdengo, shiny|100\/100\n|-damage|p2a: Crypt Keeper|94\/100|[from] Stealth Rock\n|move|p1a: Ceruledge|Shadow Sneak|p2a: Crypt Keeper\n|-supereffective|p2a: Crypt Keeper\n|-damage|p2a: Crypt Keeper|66\/100\n|\n|-heal|p2a: Crypt Keeper|72\/100|[from] item: Leftovers\n|upkeep\n|turn|8\n|\n|t:|1700053441\n|move|p1a: Ceruledge|Poltergeist|p2a: Crypt Keeper\n|-activate|p2a: Crypt Keeper|move: Poltergeist|Leftovers\n|-supereffective|p2a: Crypt Keeper\n|-damage|p2a: Crypt Keeper|0 fnt\n|faint|p2a: Crypt Keeper\n|\n|upkeep\n|\n|t:|1700053463\n|switch|p2a: Blood Vine|Sinistcha, shiny|100\/100\n|-damage|p2a: Blood Vine|88\/100|[from] Stealth Rock\n|turn|9\n|\n|t:|1700053513\n|move|p1a: Ceruledge|Poltergeist|p2a: Blood Vine|[miss]\n|-miss|p1a: Ceruledge|p2a: Blood Vine\n|move|p2a: Blood Vine|Strength Sap|p1a: Ceruledge\n|-unboost|p1a: Ceruledge|atk|1\n|-heal|p2a: Blood Vine|100\/100\n|\n|upkeep\n|turn|10\n|\n|t:|1700053525\n|switch|p1a: Iron Moth|Iron Moth|100\/100\n|-enditem|p1a: Iron Moth|Booster Energy\n|-activate|p1a: Iron Moth|ability: Quark Drive|[fromitem]\n|-start|p1a: Iron Moth|quarkdrivespe\n|move|p2a: Blood Vine|Shadow Ball|p1a: Iron Moth\n|-damage|p1a: Iron Moth|67\/100\n|\n|upkeep\n|turn|11\n|\n|t:|1700053548\n|switch|p2a: Hell Knight|Ceruledge, F, shiny|100\/100\n|move|p1a: Iron Moth|Fiery Dance|p2a: Hell Knight\n|-start|p2a: Hell Knight|ability: Flash Fire\n|\n|upkeep\n|turn|12\n|\n|t:|1700053556\n|move|p1a: Iron Moth|Psychic|p2a: Hell Knight\n|-damage|p2a: Hell Knight|79\/100\n|move|p2a: Hell Knight|Bulk Up|p2a: Hell Knight\n|-boost|p2a: Hell Knight|atk|1\n|-boost|p2a: Hell Knight|def|1\n|\n|upkeep\n|turn|13\n|\n|t:|1700053564\n|move|p1a: Iron Moth|Psychic|p2a: Hell Knight\n|-damage|p2a: Hell Knight|58\/100\n|move|p2a: Hell Knight|Bitter Blade|p1a: Iron Moth\n|-resisted|p1a: Iron Moth\n|-damage|p1a: Iron Moth|2\/100\n|-heal|p2a: Hell Knight|86\/100|[from] drain|[of] p1a: Iron Moth\n|\n|upkeep\n|turn|14\n|\n|t:|1700053571\n|move|p2a: Hell Knight|Shadow Sneak|p1a: Iron Moth\n|-damage|p1a: Iron Moth|0 fnt\n|faint|p1a: Iron Moth\n|-end|p1a: Iron Moth|Quark Drive|[silent]\n|\n|upkeep\n|\n|t:|1700053580\n|switch|p1a: Walking Wake|Walking Wake|100\/100\n|-enditem|p1a: Walking Wake|Booster Energy\n|-activate|p1a: Walking Wake|ability: Protosynthesis|[fromitem]\n|-start|p1a: Walking Wake|protosynthesisspa\n|turn|15\n|\n|t:|1700053609\n|-terastallize|p2a: Hell Knight|Bug\n|move|p1a: Walking Wake|Surf|p2a: Hell Knight\n|-damage|p2a: Hell Knight|41\/100\n|move|p2a: Hell Knight|Bitter Blade|p1a: Walking Wake\n|-resisted|p1a: Walking Wake\n|-damage|p1a: Walking Wake|80\/100\n|-heal|p2a: Hell Knight|51\/100|[from] drain|[of] p1a: Walking Wake\n|\n|upkeep\n|turn|16\n|inactive|Battle timer is ON: inactive players will automatically lose when time's up. (requested by Nemuru Yume)\n|inactive|andriw teat has 120 seconds left.\n|\n|t:|1700053715\n|-terastallize|p1a: Walking Wake|Water\n|move|p2a: Hell Knight|Shadow Sneak|p1a: Walking Wake\n|-damage|p1a: Walking Wake|54\/100\n|move|p1a: Walking Wake|Surf|p2a: Hell Knight\n|-damage|p2a: Hell Knight|0 fnt\n|faint|p2a: Hell Knight\n|\n|upkeep\n|inactive|Nemuru Yume has 120 seconds left.\n|\n|t:|1700053745\n|switch|p2a: Draco-Lich|Dragapult, F, shiny|26\/100\n|-damage|p2a: Draco-Lich|14\/100|[from] Stealth Rock\n|turn|17\n|\n|t:|1700053759\n|move|p2a: Draco-Lich|Phantom Force||[still]\n|-prepare|p2a: Draco-Lich|Phantom Force\n|move|p1a: Walking Wake|Surf|p2a: Draco-Lich|[miss]\n|-miss|p1a: Walking Wake|p2a: Draco-Lich\n|\n|-heal|p2a: Draco-Lich|20\/100|[from] item: Leftovers\n|upkeep\n|turn|18\n|\n|t:|1700053767\n|-end|p1a: Walking Wake|Protosynthesis|[silent]\n|switch|p1a: Great Tusk|Great Tusk|100\/100\n|move|p2a: Draco-Lich|Phantom Force|p1a: Great Tusk|[from]lockedmove\n|-damage|p1a: Great Tusk|67\/100\n|\n|-heal|p2a: Draco-Lich|26\/100|[from] item: Leftovers\n|upkeep\n|turn|19\n|\n|t:|1700053777\n|move|p2a: Draco-Lich|Dragon Darts|p1a: Great Tusk\n|-damage|p1a: Great Tusk|46\/100\n|-anim|p2a: Draco-Lich|Dragon Darts|p1a: Great Tusk\n|-damage|p1a: Great Tusk|24\/100\n|move|p1a: Great Tusk|Ice Spinner|p2a: Draco-Lich\n|-supereffective|p2a: Draco-Lich\n|-damage|p2a: Draco-Lich|0 fnt\n|faint|p2a: Draco-Lich\n|\n|upkeep\n|\n|t:|1700053787\n|switch|p2a: Blood Vine|Sinistcha, shiny|100\/100\n|-damage|p2a: Blood Vine|88\/100|[from] Stealth Rock\n|turn|20\n|\n|t:|1700053794\n|move|p1a: Great Tusk|Ice Spinner|p2a: Blood Vine\n|-supereffective|p2a: Blood Vine\n|-damage|p2a: Blood Vine|49\/100\n|move|p2a: Blood Vine|Calm Mind|p2a: Blood Vine\n|-boost|p2a: Blood Vine|spa|1\n|-boost|p2a: Blood Vine|spd|1\n|\n|-heal|p2a: Blood Vine|55\/100|[from] item: Leftovers\n|upkeep\n|turn|21\n|\n|t:|1700053801\n|move|p1a: Great Tusk|Ice Spinner|p2a: Blood Vine\n|-supereffective|p2a: Blood Vine\n|-damage|p2a: Blood Vine|10\/100\n|move|p2a: Blood Vine|Strength Sap|p1a: Great Tusk\n|-unboost|p1a: Great Tusk|atk|1\n|-heal|p2a: Blood Vine|100\/100\n|\n|upkeep\n|turn|22\n|-message|andriw teat forfeited.\n|\n|win|Nemuru Yume\n|raw|andriw teat's rating: 1137 &rarr; <strong>1118<\/strong><br \/>(-19 for losing)\n|raw|Nemuru Yume's rating: 1222 &rarr; <strong>1241<\/strong><br \/>(+19 for winning)\n|l|\u2606andriw teat\n|l|\u2606Nemuru Yume\n","uploadtime":1700053844,"views":6,"p1id":"andriwteat","p2id":"nemuruyume","formatid":"gen9ou","rating":1118,"private":0,"password":""}