{"id":"gen9ou-1993540761","p1":"mmk6ix","p2":"Plogop","format":"[Gen 9] OU","log":"|j|\u2606mmk6ix\n|j|\u2606Plogop\n|t:|1700329682\n|gametype|singles\n|player|p1|mmk6ix|wulfric|1565\n|player|p2|Plogop|ethan|1613\n|teamsize|p1|6\n|teamsize|p2|6\n|gen|9\n|tier|[Gen 9] OU\n|rated|\n|rule|Sleep Clause Mod: Limit one foe put to sleep\n|rule|Species Clause: Limit one of each Pok\u00e9mon\n|rule|OHKO Clause: OHKO moves are banned\n|rule|Evasion Items Clause: Evasion items are banned\n|rule|Evasion Moves Clause: Evasion moves are banned\n|rule|Endless Battle Clause: Forcing endless battles is banned\n|rule|HP Percentage Mod: HP is shown in percentages\n|clearpoke\n|poke|p1|Ceruledge, M|\n|poke|p1|Zamazenta-*|\n|poke|p1|Sneasler, M|\n|poke|p1|Dragonite, M|\n|poke|p1|Rillaboom, M|\n|poke|p1|Enamorus, F|\n|poke|p2|Iron Hands|\n|poke|p2|Sneasler, F|\n|poke|p2|Heatran, F|\n|poke|p2|Hatterene, F|\n|poke|p2|Iron Moth|\n|poke|p2|Great Tusk|\n|teampreview\n|\n|t:|1700329692\n|start\n|switch|p1a: Enamorus|Enamorus, F|100\/100\n|switch|p2a: Sneasler|Sneasler, F|100\/100\n|turn|1\n|\n|t:|1700329697\n|move|p2a: Sneasler|U-turn|p1a: Enamorus\n|-resisted|p1a: Enamorus\n|-damage|p1a: Enamorus|90\/100\n|-status|p1a: Enamorus|psn|[from] ability: Poison Touch|[of] p2a: Sneasler\n|\n|t:|1700329707\n|switch|p2a: Heatran|Heatran, F|100\/100|[from] U-turn\n|-item|p2a: Heatran|Air Balloon\n|move|p1a: Enamorus|Moonblast|p2a: Heatran\n|-resisted|p2a: Heatran\n|-damage|p2a: Heatran|84\/100\n|-unboost|p2a: Heatran|spa|1\n|-enditem|p2a: Heatran|Air Balloon\n|\n|-damage|p1a: Enamorus|78\/100 psn|[from] psn\n|upkeep\n|turn|2\n|\n|t:|1700329717\n|switch|p1a: Ceruledge|Ceruledge, M|100\/100\n|move|p2a: Heatran|Stealth Rock|p1a: Ceruledge\n|-sidestart|p1: mmk6ix|move: Stealth Rock\n|\n|upkeep\n|turn|3\n|\n|t:|1700329727\n|switch|p2a: Sneasler|Sneasler, F|100\/100\n|move|p1a: Ceruledge|Swords Dance|p1a: Ceruledge\n|-boost|p1a: Ceruledge|atk|2\n|\n|upkeep\n|turn|4\n|\n|t:|1700329732\n|move|p2a: Sneasler|Dire Claw|p1a: Ceruledge\n|-resisted|p1a: Ceruledge\n|-damage|p1a: Ceruledge|70\/100\n|-status|p1a: Ceruledge|psn\n|-ability|p1a: Ceruledge|Weak Armor|boost\n|-unboost|p1a: Ceruledge|def|1\n|-boost|p1a: Ceruledge|spe|2\n|move|p1a: Ceruledge|Bitter Blade|p2a: Sneasler\n|-damage|p2a: Sneasler|0 fnt\n|-heal|p1a: Ceruledge|100\/100 psn|[from] drain|[of] p2a: Sneasler\n|faint|p2a: Sneasler\n|\n|-damage|p1a: Ceruledge|88\/100 psn|[from] psn\n|upkeep\n|\n|t:|1700329745\n|switch|p2a: Great Tusk|Great Tusk|100\/100\n|turn|5\n|\n|t:|1700329751\n|move|p1a: Ceruledge|Poltergeist|p2a: Great Tusk|[miss]\n|-miss|p1a: Ceruledge|p2a: Great Tusk\n|move|p2a: Great Tusk|Knock Off|p1a: Ceruledge\n|-supereffective|p1a: Ceruledge\n|-damage|p1a: Ceruledge|0 fnt\n|-enditem|p1a: Ceruledge|Focus Sash|[from] move: Knock Off|[of] p2a: Great Tusk\n|faint|p1a: Ceruledge\n|\n|upkeep\n|\n|t:|1700329755\n|switch|p1a: Enamorus|Enamorus, F|78\/100 psn\n|-damage|p1a: Enamorus|53\/100 psn|[from] Stealth Rock\n|turn|6\n|\n|t:|1700329763\n|-end|p2a: Great Tusk|Protosynthesis|[silent]\n|switch|p2a: Hatterene|Hatterene, F|100\/100\n|move|p1a: Enamorus|Earth Power|p2a: Hatterene\n|-damage|p2a: Hatterene|62\/100\n|-enditem|p2a: Hatterene|Eject Button\n|\n|t:|1700329778\n|switch|p2a: Great Tusk|Great Tusk|100\/100\n|\n|-damage|p1a: Enamorus|41\/100 psn|[from] psn\n|upkeep\n|turn|7\n|\n|t:|1700329784\n|move|p1a: Enamorus|Earth Power|p2a: Great Tusk\n|-damage|p2a: Great Tusk|22\/100\n|move|p2a: Great Tusk|Rapid Spin|p1a: Enamorus\n|-damage|p1a: Enamorus|13\/100 psn\n|-boost|p2a: Great Tusk|spe|1\n|\n|-damage|p1a: Enamorus|0 fnt|[from] psn\n|faint|p1a: Enamorus\n|upkeep\n|\n|t:|1700329794\n|switch|p1a: Zamazenta|Zamazenta|100\/100\n|-damage|p1a: Zamazenta|94\/100|[from] Stealth Rock\n|-ability|p1a: Zamazenta|Dauntless Shield|boost\n|-boost|p1a: Zamazenta|def|1\n|turn|8\n|\n|t:|1700329804\n|move|p2a: Great Tusk|Knock Off|p1a: Zamazenta\n|-resisted|p1a: Zamazenta\n|-damage|p1a: Zamazenta|87\/100\n|-enditem|p1a: Zamazenta|Leftovers|[from] move: Knock Off|[of] p2a: Great Tusk\n|move|p1a: Zamazenta|Iron Defense|p1a: Zamazenta\n|-boost|p1a: Zamazenta|def|2\n|\n|upkeep\n|turn|9\n|\n|t:|1700329810\n|-end|p2a: Great Tusk|Protosynthesis|[silent]\n|switch|p2a: Hatterene|Hatterene, F|62\/100\n|move|p1a: Zamazenta|Substitute|p1a: Zamazenta\n|-start|p1a: Zamazenta|Substitute\n|-damage|p1a: Zamazenta|63\/100\n|\n|upkeep\n|turn|10\n|\n|t:|1700329816\n|move|p1a: Zamazenta|Iron Defense|p1a: Zamazenta\n|-boost|p1a: Zamazenta|def|2\n|move|p2a: Hatterene|Psychic|p1a: Zamazenta\n|-supereffective|p1a: Zamazenta\n|-end|p1a: Zamazenta|Substitute\n|\n|upkeep\n|turn|11\n|\n|t:|1700329866\n|move|p1a: Zamazenta|Body Press|p2a: Hatterene\n|-resisted|p2a: Hatterene\n|-damage|p2a: Hatterene|32\/100\n|move|p2a: Hatterene|Psychic|p1a: Zamazenta\n|-supereffective|p1a: Zamazenta\n|-damage|p1a: Zamazenta|0 fnt\n|faint|p1a: Zamazenta\n|\n|upkeep\n|\n|t:|1700329870\n|switch|p1a: Rillaboom|Rillaboom, M, shiny|100\/100\n|-damage|p1a: Rillaboom|88\/100|[from] Stealth Rock\n|-fieldstart|move: Grassy Terrain|[from] ability: Grassy Surge|[of] p1a: Rillaboom\n|turn|12\n|\n|t:|1700329881\n|move|p1a: Rillaboom|U-turn|p2a: Hatterene\n|-damage|p2a: Hatterene|0 fnt\n|faint|p2a: Hatterene\n|\n|t:|1700329883\n|switch|p1a: Dragonite|Dragonite, M, shiny|100\/100|[from] U-turn\n|-damage|p1a: Dragonite|76\/100|[from] Stealth Rock\n|\n|upkeep\n|\n|t:|1700329895\n|switch|p2a: bryan hands|Iron Hands|100\/100\n|turn|13\n|\n|t:|1700329899\n|move|p1a: Dragonite|Earthquake|p2a: bryan hands\n|-supereffective|p2a: bryan hands\n|-damage|p2a: bryan hands|77\/100\n|move|p2a: bryan hands|Ice Punch|p1a: Dragonite\n|-supereffective|p1a: Dragonite\n|-damage|p1a: Dragonite|0 fnt\n|faint|p1a: Dragonite\n|\n|-heal|p2a: bryan hands|83\/100|[from] Grassy Terrain\n|-heal|p2a: bryan hands|89\/100|[from] item: Leftovers\n|upkeep\n|\n|t:|1700329901\n|switch|p1a: Sneasler|Sneasler, M|100\/100\n|-damage|p1a: Sneasler|94\/100|[from] Stealth Rock\n|-enditem|p1a: Sneasler|Grassy Seed\n|-boost|p1a: Sneasler|def|1|[from] item: Grassy Seed\n|turn|14\n|\n|t:|1700329912\n|move|p1a: Sneasler|Swords Dance|p1a: Sneasler\n|-boost|p1a: Sneasler|atk|2\n|move|p2a: bryan hands|Thunder Punch|p1a: Sneasler\n|-damage|p1a: Sneasler|52\/100\n|\n|-heal|p1a: Sneasler|58\/100|[from] Grassy Terrain\n|-heal|p2a: bryan hands|95\/100|[from] Grassy Terrain\n|-heal|p2a: bryan hands|100\/100|[from] item: Leftovers\n|upkeep\n|turn|15\n|\n|t:|1700329936\n|move|p1a: Sneasler|Dire Claw|p2a: bryan hands\n|-damage|p2a: bryan hands|37\/100\n|move|p2a: bryan hands|Thunder Punch|p1a: Sneasler\n|-damage|p1a: Sneasler|15\/100\n|\n|-heal|p1a: Sneasler|20\/100|[from] Grassy Terrain\n|-heal|p2a: bryan hands|43\/100|[from] Grassy Terrain\n|-heal|p2a: bryan hands|49\/100|[from] item: Leftovers\n|upkeep\n|turn|16\n|\n|t:|1700329966\n|move|p1a: Sneasler|Dire Claw|p2a: bryan hands\n|-damage|p2a: bryan hands|0 fnt\n|faint|p2a: bryan hands\n|-end|p2a: bryan hands|Quark Drive|[silent]\n|\n|-heal|p1a: Sneasler|26\/100|[from] Grassy Terrain\n|-fieldend|move: Grassy Terrain\n|upkeep\n|\n|t:|1700329970\n|switch|p2a: Heatran|Heatran, F|84\/100\n|turn|17\n|\n|t:|1700329974\n|-terastallize|p2a: Heatran|Grass\n|move|p1a: Sneasler|Dire Claw|p2a: Heatran\n|-supereffective|p2a: Heatran\n|-damage|p2a: Heatran|0 fnt\n|faint|p2a: Heatran\n|\n|upkeep\n|c|\u2606Plogop|bruh\n|\n|t:|1700329986\n|switch|p2a: Iron Moth|Iron Moth|100\/100\n|-enditem|p2a: Iron Moth|Booster Energy\n|-activate|p2a: Iron Moth|ability: Quark Drive|[fromitem]\n|-start|p2a: Iron Moth|quarkdrivespe\n|turn|18\n|c|\u2606mmk6ix|i didnt even have cc lmao\n|\n|t:|1700329997\n|move|p1a: Sneasler|Acrobatics|p2a: Iron Moth\n|-damage|p2a: Iron Moth|0 fnt\n|faint|p2a: Iron Moth\n|-end|p2a: Iron Moth|Quark Drive|[silent]\n|\n|upkeep\n|\n|t:|1700330003\n|switch|p2a: Great Tusk|Great Tusk|22\/100\n|turn|19\n|c|\u2606mmk6ix|got shadow claw for gholdengo\n|\n|t:|1700330008\n|move|p1a: Sneasler|Acrobatics|p2a: Great Tusk\n|-supereffective|p2a: Great Tusk\n|-damage|p2a: Great Tusk|0 fnt\n|faint|p2a: Great Tusk\n|-end|p2a: Great Tusk|Protosynthesis|[silent]\n|\n|win|mmk6ix\n|raw|mmk6ix's rating: 1565 &rarr; <strong>1588<\/strong><br \/>(+23 for winning)\n|raw|Plogop's rating: 1613 &rarr; <strong>1590<\/strong><br \/>(-23 for losing)\n|c|\u2606mmk6ix|gg\n|l|\u2606Plogop\n","uploadtime":1700330027,"views":8,"p1id":"mmk6ix","p2id":"plogop","formatid":"gen9ou","rating":1588,"private":0,"password":""}