{"id":"gen9ou-1990593854","p1":"Argentavis_Gaming","p2":"RealYellow","format":"[Gen 9] OU","log":"|j|\u2606Argentavis_Gaming\n|j|\u2606RealYellow\n|t:|1699984194\n|gametype|singles\n|player|p1|Argentavis_Gaming|unknown|\n|player|p2|RealYellow|larry|\n|teamsize|p1|6\n|teamsize|p2|6\n|gen|9\n|tier|[Gen 9] OU\n|rule|Sleep Clause Mod: Limit one foe put to sleep\n|rule|Species Clause: Limit one of each Pok\u00e9mon\n|rule|OHKO Clause: OHKO moves are banned\n|rule|Evasion Items Clause: Evasion items are banned\n|rule|Evasion Moves Clause: Evasion moves are banned\n|rule|Endless Battle Clause: Forcing endless battles is banned\n|rule|HP Percentage Mod: HP is shown in percentages\n|clearpoke\n|poke|p1|Okidogi, M|\n|poke|p1|Empoleon, M|\n|poke|p1|Ogerpon-Cornerstone, F|\n|poke|p1|Moltres|\n|poke|p1|Dragapult, F|\n|poke|p1|Iron Treads|\n|poke|p2|Glimmora, F|\n|poke|p2|Zamazenta-*|\n|poke|p2|Gholdengo|\n|poke|p2|Kingambit, M|\n|poke|p2|Ogerpon-Wellspring, F|\n|poke|p2|Iron Valiant|\n|teampreview\n|c|\u2606RealYellow|I'll brb in a second ok?\n|c|\u2606RealYellow|I'm back\n|\n|t:|1699984411\n|start\n|switch|p1a: Empoleon|Empoleon, M|100\/100\n|switch|p2a: Waterpon|Ogerpon-Wellspring, F|100\/100\n|turn|1\n|\n|t:|1699984422\n|switch|p1a: Bi-Han|Okidogi, M|100\/100\n|-terastallize|p2a: Waterpon|Water\n|detailschange|p2a: Waterpon|Ogerpon-Wellspring-Tera, F, tera:Water\n|-ability|p2a: Waterpon|Embody Aspect (Wellspring)|boost\n|-boost|p2a: Waterpon|spd|1\n|move|p2a: Waterpon|Horn Leech|p1a: Bi-Han\n|-resisted|p1a: Bi-Han\n|-damage|p1a: Bi-Han|82\/100\n|\n|-heal|p1a: Bi-Han|88\/100|[from] item: Leftovers\n|upkeep\n|turn|2\n|c|\u2606RealYellow|!dt okidogi\n|raw|<div class=\"message\"><ul class=\"utilichart\"><li class=\"result\"><span class=\"col numcol\">UU<\/span> <span class=\"col iconcol\"><psicon pokemon=\"okidogi\"\/><\/span> <span class=\"col pokemonnamecol\" style=\"white-space:nowrap\"><a href=\"https:\/\/dex.pokemonshowdown.com\/pokemon\/okidogi\" target=\"_blank\">Okidogi<\/a><\/span> <span class=\"col typecol\"><img src=\"https:\/\/play.pokemonshowdown.com\/sprites\/types\/Poison.png\" alt=\"Poison\" height=\"14\" width=\"32\"><img src=\"https:\/\/play.pokemonshowdown.com\/sprites\/types\/Fighting.png\" alt=\"Fighting\" height=\"14\" width=\"32\"><\/span> <span style=\"float:left;min-height:26px\"><span class=\"col abilitycol\">Toxic Chain<\/span><span class=\"col abilitycol\"><em>Guard Dog<\/em><\/span><\/span><span style=\"float:left;min-height:26px\"><span class=\"col statcol\"><em>HP<\/em><br \/>88<\/span> <span class=\"col statcol\"><em>Atk<\/em><br \/>128<\/span> <span class=\"col statcol\"><em>Def<\/em><br \/>115<\/span> <span class=\"col statcol\"><em>SpA<\/em><br \/>58<\/span> <span class=\"col statcol\"><em>SpD<\/em><br \/>86<\/span> <span class=\"col statcol\"><em>Spe<\/em><br \/>80<\/span> <span class=\"col bstcol\"><em>BST<br \/>555<\/em><\/span> <\/span><\/li><li style=\"clear:both\"><\/li><\/ul><\/div>\n|raw|<font size=\"1\"><font color=\"#686868\">Dex#:<\/font> 1014&nbsp;|&ThickSpace;<font color=\"#686868\">Gen:<\/font> 9&nbsp;|&ThickSpace;<font color=\"#686868\">Height:<\/font> 1.8 m&nbsp;|&ThickSpace;<font color=\"#686868\">Weight:<\/font> 92 kg <em>(80 BP)<\/em>&nbsp;|&ThickSpace;<font color=\"#686868\">Dex Colour:<\/font> Black&nbsp;|&ThickSpace;<font color=\"#686868\">Egg Group(s):<\/font> Undiscovered&nbsp;|&ThickSpace;<font color=\"#686868\">Does Not Evolve<\/font><\/font>\n\n|c|\u2606RealYellow|I can do this\n|\n|t:|1699984457\n|move|p2a: Waterpon|Ivy Cudgel|p1a: Bi-Han|[anim] Ivy Cudgel Water\n|-damage|p1a: Bi-Han|26\/100\n|move|p1a: Bi-Han|Drain Punch|p2a: Waterpon\n|-damage|p2a: Waterpon|51\/100\n|-heal|p1a: Bi-Han|45\/100|[from] drain|[of] p2a: Waterpon\n|\n|-heal|p1a: Bi-Han|51\/100|[from] item: Leftovers\n|upkeep\n|turn|3\n|c|\u2606RealYellow|I CAN DO THIS\n|\n|t:|1699984470\n|switch|p1a: Dragapult|Dragapult, F|100\/100\n|move|p2a: Waterpon|Ivy Cudgel|p1a: Dragapult|[anim] Ivy Cudgel Water\n|-resisted|p1a: Dragapult\n|-damage|p1a: Dragapult|49\/100\n|\n|upkeep\n|turn|4\n|\n|t:|1699984490\n|switch|p2a: Gardelade|Iron Valiant|100\/100\n|-enditem|p2a: Gardelade|Booster Energy\n|-activate|p2a: Gardelade|ability: Quark Drive|[fromitem]\n|-start|p2a: Gardelade|quarkdrivespe\n|move|p1a: Dragapult|Draco Meteor|p2a: Gardelade\n|-immune|p2a: Gardelade\n|\n|upkeep\n|turn|5\n|\n|t:|1699984500\n|switch|p1a: Chicken|Moltres, shiny|100\/100\n|move|p2a: Gardelade|Knock Off|p1a: Chicken\n|-damage|p1a: Chicken|77\/100\n|-enditem|p1a: Chicken|Heavy-Duty Boots|[from] move: Knock Off|[of] p2a: Gardelade\n|\n|upkeep\n|turn|6\n|\n|t:|1699984507\n|move|p2a: Gardelade|Knock Off|p1a: Chicken\n|-damage|p1a: Chicken|60\/100\n|move|p1a: Chicken|Will-O-Wisp|p2a: Gardelade\n|-status|p2a: Gardelade|brn\n|\n|-damage|p2a: Gardelade|94\/100 brn|[from] brn\n|upkeep\n|turn|7\n|\n|t:|1699984515\n|move|p2a: Gardelade|Encore|p1a: Chicken\n|-start|p1a: Chicken|Encore\n|move|p1a: Chicken|Will-O-Wisp|p2a: Gardelade\n|-fail|p2a: Gardelade|brn\n|\n|-damage|p2a: Gardelade|88\/100 brn|[from] brn\n|upkeep\n|turn|8\n|\n|t:|1699984524\n|switch|p1a: Empoleon|Empoleon, M|100\/100\n|move|p2a: Gardelade|Swords Dance|p2a: Gardelade\n|-boost|p2a: Gardelade|atk|2\n|\n|-damage|p2a: Gardelade|82\/100 brn|[from] brn\n|upkeep\n|turn|9\n|\n|t:|1699984533\n|switch|p1a: Chicken|Moltres, shiny|60\/100\n|move|p2a: Gardelade|Close Combat|p1a: Chicken\n|-resisted|p1a: Chicken\n|-damage|p1a: Chicken|38\/100\n|-unboost|p2a: Gardelade|def|1\n|-unboost|p2a: Gardelade|spd|1\n|\n|-damage|p2a: Gardelade|76\/100 brn|[from] brn\n|upkeep\n|turn|10\n|\n|t:|1699984544\n|move|p2a: Gardelade|Knock Off|p1a: Chicken\n|-damage|p1a: Chicken|22\/100\n|move|p1a: Chicken|Roost|p1a: Chicken\n|-heal|p1a: Chicken|72\/100\n|-singleturn|p1a: Chicken|move: Roost\n|\n|-damage|p2a: Gardelade|69\/100 brn|[from] brn\n|upkeep\n|turn|11\n|\n|t:|1699984553\n|switch|p1a: Empoleon|Empoleon, M|100\/100\n|move|p2a: Gardelade|Encore||[still]\n|-fail|p2a: Gardelade\n|\n|-damage|p2a: Gardelade|63\/100 brn|[from] brn\n|upkeep\n|turn|12\n|\n|t:|1699984562\n|move|p2a: Gardelade|Swords Dance|p2a: Gardelade\n|-boost|p2a: Gardelade|atk|2\n|move|p1a: Empoleon|Flip Turn|p2a: Gardelade\n|-damage|p2a: Gardelade|26\/100 brn\n|\n|t:|1699984567\n|switch|p1a: Ogerpon|Ogerpon-Cornerstone, F|100\/100|[from] Flip Turn\n|\n|-damage|p2a: Gardelade|20\/100 brn|[from] brn\n|upkeep\n|turn|13\n|\n|t:|1699984575\n|move|p2a: Gardelade|Close Combat|p1a: Ogerpon\n|-supereffective|p1a: Ogerpon\n|-crit|p1a: Ogerpon\n|-ability|p1a: Ogerpon|Sturdy\n|-damage|p1a: Ogerpon|1\/100\n|-unboost|p2a: Gardelade|def|1\n|-unboost|p2a: Gardelade|spd|1\n|move|p1a: Ogerpon|Trailblaze|p2a: Gardelade\n|-damage|p2a: Gardelade|0 fnt\n|-boost|p1a: Ogerpon|spe|1\n|faint|p2a: Gardelade\n|-end|p2a: Gardelade|Quark Drive|[silent]\n|\n|upkeep\n|\n|t:|1699984595\n|switch|p2a: 1. e4 e5 2. f4|Kingambit, M|100\/100\n|-activate|p2a: 1. e4 e5 2. f4|ability: Supreme Overlord\n|-start|p2a: 1. e4 e5 2. f4|fallen1|[silent]\n|turn|14\n|\n|t:|1699984602\n|move|p2a: 1. e4 e5 2. f4|Sucker Punch||[still]\n|-fail|p2a: 1. e4 e5 2. f4\n|move|p1a: Ogerpon|Swords Dance|p1a: Ogerpon\n|-boost|p1a: Ogerpon|atk|2\n|\n|upkeep\n|turn|15\n|\n|t:|1699984608\n|move|p2a: 1. e4 e5 2. f4|Sucker Punch|p1a: Ogerpon\n|-damage|p1a: Ogerpon|0 fnt\n|faint|p1a: Ogerpon\n|\n|upkeep\n|\n|t:|1699984611\n|switch|p1a: Bi-Han|Okidogi, M|51\/100\n|turn|16\n|\n|t:|1699984624\n|-end|p2a: 1. e4 e5 2. f4|fallen1|[silent]\n|switch|p2a: Cheese|Gholdengo|100\/100\n|-item|p2a: Cheese|Air Balloon\n|move|p1a: Bi-Han|Knock Off|p2a: Cheese\n|-supereffective|p2a: Cheese\n|-damage|p2a: Cheese|31\/100\n|-enditem|p2a: Cheese|Air Balloon\n|\n|-heal|p1a: Bi-Han|57\/100|[from] item: Leftovers\n|upkeep\n|turn|17\n|\n|t:|1699984650\n|switch|p1a: Amongla Swag|Iron Treads|100\/100\n|move|p2a: Cheese|Shadow Ball|p1a: Amongla Swag\n|-damage|p1a: Amongla Swag|63\/100\n|\n|upkeep\n|turn|18\n|\n|t:|1699984665\n|move|p1a: Amongla Swag|Earthquake|p2a: Cheese\n|-supereffective|p2a: Cheese\n|-damage|p2a: Cheese|0 fnt\n|faint|p2a: Cheese\n|\n|upkeep\n|\n|t:|1699984672\n|switch|p2a: Shield|Zamazenta|100\/100\n|-ability|p2a: Shield|Dauntless Shield|boost\n|-boost|p2a: Shield|def|1\n|turn|19\n|\n|t:|1699984677\n|-end|p1a: Amongla Swag|Quark Drive|[silent]\n|switch|p1a: Chicken|Moltres, shiny|72\/100\n|move|p2a: Shield|Iron Defense|p2a: Shield\n|-boost|p2a: Shield|def|2\n|\n|upkeep\n|turn|20\n|\n|t:|1699984683\n|move|p2a: Shield|Substitute|p2a: Shield\n|-start|p2a: Shield|Substitute\n|-damage|p2a: Shield|76\/100\n|move|p1a: Chicken|Flamethrower|p2a: Shield\n|-end|p2a: Shield|Substitute\n|\n|-heal|p2a: Shield|82\/100|[from] item: Leftovers\n|upkeep\n|turn|21\n|\n|t:|1699984693\n|move|p2a: Shield|Crunch|p1a: Chicken\n|-damage|p1a: Chicken|56\/100\n|move|p1a: Chicken|Flamethrower|p2a: Shield\n|-damage|p2a: Shield|50\/100\n|\n|-heal|p2a: Shield|56\/100|[from] item: Leftovers\n|upkeep\n|turn|22\n|\n|t:|1699984708\n|move|p2a: Shield|Crunch|p1a: Chicken\n|-damage|p1a: Chicken|41\/100\n|move|p1a: Chicken|Roost|p1a: Chicken\n|-heal|p1a: Chicken|91\/100\n|-singleturn|p1a: Chicken|move: Roost\n|\n|-heal|p2a: Shield|63\/100|[from] item: Leftovers\n|upkeep\n|turn|23\n|\n|t:|1699984730\n|switch|p2a: Geeta|Glimmora, F|100\/100\n|move|p1a: Chicken|Will-O-Wisp|p2a: Geeta\n|-status|p2a: Geeta|brn\n|\n|-damage|p2a: Geeta|94\/100 brn|[from] brn\n|upkeep\n|turn|24\n|\n|t:|1699984740\n|switch|p1a: Amongla Swag|Iron Treads|63\/100\n|move|p2a: Geeta|Spikes|p1a: Amongla Swag\n|-sidestart|p1: Argentavis_Gaming|Spikes\n|\n|-damage|p2a: Geeta|88\/100 brn|[from] brn\n|upkeep\n|turn|25\n|\n|t:|1699984748\n|move|p1a: Amongla Swag|Earthquake|p2a: Geeta\n|-supereffective|p2a: Geeta\n|-damage|p2a: Geeta|0 fnt\n|-activate|p2a: Geeta|ability: Toxic Debris\n|-sidestart|p1: Argentavis_Gaming|move: Toxic Spikes\n|faint|p2a: Geeta\n|\n|upkeep\n|\n|t:|1699984756\n|switch|p2a: Waterpon|Ogerpon-Wellspring-Tera, F, tera:Water|51\/100\n|-ability|p2a: Waterpon|Embody Aspect (Wellspring)|boost\n|-boost|p2a: Waterpon|spd|1\n|turn|26\n|\n|t:|1699984761\n|move|p2a: Waterpon|Ivy Cudgel|p1a: Amongla Swag|[anim] Ivy Cudgel Water\n|-supereffective|p1a: Amongla Swag\n|-damage|p1a: Amongla Swag|0 fnt\n|faint|p1a: Amongla Swag\n|-end|p1a: Amongla Swag|Quark Drive|[silent]\n|\n|upkeep\n|\n|t:|1699984763\n|switch|p1a: Dragapult|Dragapult, F|49\/100\n|-damage|p1a: Dragapult|37\/100|[from] Spikes\n|-status|p1a: Dragapult|psn\n|turn|27\n|\n|t:|1699984780\n|switch|p2a: 1. e4 e5 2. f4|Kingambit, M|100\/100\n|-activate|p2a: 1. e4 e5 2. f4|ability: Supreme Overlord\n|-start|p2a: 1. e4 e5 2. f4|fallen3|[silent]\n|move|p1a: Dragapult|Draco Meteor|p2a: 1. e4 e5 2. f4\n|-resisted|p2a: 1. e4 e5 2. f4\n|-damage|p2a: 1. e4 e5 2. f4|55\/100\n|-unboost|p1a: Dragapult|spa|2\n|\n|-damage|p1a: Dragapult|25\/100 psn|[from] psn\n|upkeep\n|turn|28\n|\n|t:|1699984793\n|switch|p1a: Chicken|Moltres, shiny|91\/100\n|move|p2a: 1. e4 e5 2. f4|Kowtow Cleave|p1a: Chicken\n|-damage|p1a: Chicken|34\/100\n|\n|upkeep\n|turn|29\n|\n|t:|1699984802\n|move|p1a: Chicken|Will-O-Wisp|p2a: 1. e4 e5 2. f4\n|-status|p2a: 1. e4 e5 2. f4|brn\n|move|p2a: 1. e4 e5 2. f4|Kowtow Cleave|p1a: Chicken\n|-damage|p1a: Chicken|5\/100\n|\n|-damage|p2a: 1. e4 e5 2. f4|49\/100 brn|[from] brn\n|upkeep\n|turn|30\n|\n|t:|1699984814\n|move|p1a: Chicken|Roost|p1a: Chicken\n|-heal|p1a: Chicken|55\/100\n|-singleturn|p1a: Chicken|move: Roost\n|move|p2a: 1. e4 e5 2. f4|Kowtow Cleave|p1a: Chicken\n|-damage|p1a: Chicken|29\/100\n|\n|-damage|p2a: 1. e4 e5 2. f4|43\/100 brn|[from] brn\n|upkeep\n|turn|31\n|\n|t:|1699984832\n|-end|p2a: 1. e4 e5 2. f4|fallen3|[silent]\n|switch|p2a: Waterpon|Ogerpon-Wellspring-Tera, F, tera:Water|51\/100\n|-ability|p2a: Waterpon|Embody Aspect (Wellspring)|boost\n|-boost|p2a: Waterpon|spd|1\n|move|p1a: Chicken|Roost|p1a: Chicken\n|-heal|p1a: Chicken|79\/100\n|-singleturn|p1a: Chicken|move: Roost\n|\n|upkeep\n|turn|32\n|\n|t:|1699984841\n|-terastallize|p1a: Chicken|Water\n|move|p2a: Waterpon|Ivy Cudgel|p1a: Chicken|[anim] Ivy Cudgel Water\n|-resisted|p1a: Chicken\n|-damage|p1a: Chicken|51\/100\n|move|p1a: Chicken|Will-O-Wisp|p2a: Waterpon\n|-status|p2a: Waterpon|brn\n|\n|-damage|p2a: Waterpon|45\/100 brn|[from] brn\n|upkeep\n|turn|33\n|\n|t:|1699984852\n|move|p2a: Waterpon|Horn Leech|p1a: Chicken\n|-supereffective|p1a: Chicken\n|-damage|p1a: Chicken|19\/100\n|-heal|p2a: Waterpon|66\/100 brn|[from] drain|[of] p1a: Chicken\n|move|p1a: Chicken|U-turn|p2a: Waterpon\n|-damage|p2a: Waterpon|48\/100 brn\n|\n|t:|1699984854\n|switch|p1a: Bi-Han|Okidogi, M|57\/100|[from] U-turn\n|-damage|p1a: Bi-Han|45\/100|[from] Spikes\n|-sideend|p1: Argentavis_Gaming|move: Toxic Spikes|[of] p1a: Bi-Han\n|\n|-heal|p1a: Bi-Han|51\/100|[from] item: Leftovers\n|-damage|p2a: Waterpon|42\/100 brn|[from] brn\n|upkeep\n|turn|34\n|\n|t:|1699984869\n|move|p2a: Waterpon|Ivy Cudgel|p1a: Bi-Han|[anim] Ivy Cudgel Water\n|-damage|p1a: Bi-Han|22\/100\n|move|p1a: Bi-Han|Drain Punch|p2a: Waterpon\n|-damage|p2a: Waterpon|0 fnt\n|-heal|p1a: Bi-Han|38\/100|[from] drain|[of] p2a: Waterpon\n|faint|p2a: Waterpon\n|\n|-heal|p1a: Bi-Han|44\/100|[from] item: Leftovers\n|upkeep\n|c|\u2606RealYellow|I can still fo it\n|c|\u2606RealYellow|Do\n|\n|t:|1699984905\n|switch|p2a: Shield|Zamazenta|63\/100\n|turn|35\n|\n|t:|1699984917\n|move|p2a: Shield|Iron Defense|p2a: Shield\n|-boost|p2a: Shield|def|2\n|move|p1a: Bi-Han|Drain Punch|p2a: Shield\n|-damage|p2a: Shield|47\/100\n|-heal|p1a: Bi-Han|52\/100|[from] drain|[of] p2a: Shield\n|\n|-heal|p2a: Shield|53\/100|[from] item: Leftovers\n|-heal|p1a: Bi-Han|58\/100|[from] item: Leftovers\n|upkeep\n|turn|36\n|\n|t:|1699984930\n|switch|p1a: Chicken|Moltres, shiny, tera:Water|19\/100\n|-damage|p1a: Chicken|7\/100|[from] Spikes\n|move|p2a: Shield|Body Press|p1a: Chicken\n|-damage|p1a: Chicken|0 fnt\n|faint|p1a: Chicken\n|\n|-heal|p2a: Shield|59\/100|[from] item: Leftovers\n|upkeep\n|\n|t:|1699984933\n|switch|p1a: Dragapult|Dragapult, F|25\/100 psn\n|-damage|p1a: Dragapult|12\/100 psn|[from] Spikes\n|turn|37\n|\n|t:|1699984950\n|move|p1a: Dragapult|Draco Meteor|p2a: Shield\n|-damage|p2a: Shield|0 fnt\n|-unboost|p1a: Dragapult|spa|2\n|faint|p2a: Shield\n|\n|-damage|p1a: Dragapult|0 fnt|[from] psn\n|faint|p1a: Dragapult\n|upkeep\n|\n|t:|1699984961\n|switch|p1a: Bi-Han|Okidogi, M|58\/100\n|switch|p2a: 1. e4 e5 2. f4|Kingambit, M|43\/100 brn\n|-activate|p2a: 1. e4 e5 2. f4|ability: Supreme Overlord\n|-start|p2a: 1. e4 e5 2. f4|fallen5|[silent]\n|-damage|p1a: Bi-Han|46\/100|[from] Spikes\n|turn|38\n|c|\u2606RealYellow|Oh no\n|c|\u2606RealYellow|This is it boys\n|c|\u2606RealYellow|This is how it ends\n|c|\u2606RealYellow|\ud83e\udee1\n|\n|t:|1699984994\n|move|p2a: 1. e4 e5 2. f4|Kowtow Cleave|p1a: Bi-Han\n|-resisted|p1a: Bi-Han\n|-damage|p1a: Bi-Han|28\/100\n|move|p1a: Bi-Han|Drain Punch|p2a: 1. e4 e5 2. f4\n|-supereffective|p2a: 1. e4 e5 2. f4\n|-damage|p2a: 1. e4 e5 2. f4|0 fnt\n|-heal|p1a: Bi-Han|47\/100|[from] drain|[of] p2a: 1. e4 e5 2. f4\n|faint|p2a: 1. e4 e5 2. f4\n|-end|p2a: 1. e4 e5 2. f4|fallen5|[silent]\n|\n|win|Argentavis_Gaming\n","uploadtime":1699985004,"views":37,"p1id":"argentavisgaming","p2id":"realyellow","formatid":"gen9ou","rating":0,"private":0,"password":""}