{"id":"gen9ou-1992502174","p1":"CRIPPYwitdaGRIPPY","p2":"CrushMeGoodra","format":"[Gen 9] OU","log":"|j|\u2606CRIPPYwitdaGRIPPY\n|j|\u2606CrushMeGoodra\n|t:|1700195890\n|gametype|singles\n|player|p1|CRIPPYwitdaGRIPPY|caitlin|\n|player|p2|CrushMeGoodra|poppy|\n|teamsize|p1|6\n|teamsize|p2|6\n|gen|9\n|tier|[Gen 9] OU\n|rule|Sleep Clause Mod: Limit one foe put to sleep\n|rule|Species Clause: Limit one of each Pok\u00e9mon\n|rule|OHKO Clause: OHKO moves are banned\n|rule|Evasion Items Clause: Evasion items are banned\n|rule|Evasion Moves Clause: Evasion moves are banned\n|rule|Endless Battle Clause: Forcing endless battles is banned\n|rule|HP Percentage Mod: HP is shown in percentages\n|clearpoke\n|poke|p1|Ting-Lu|\n|poke|p1|Zamazenta-*|\n|poke|p1|Slowking, F|\n|poke|p1|Skeledirge, M|\n|poke|p1|Dipplin, F|\n|poke|p1|Torterra, M|\n|poke|p2|Dondozo, M|\n|poke|p2|Enamorus, F|\n|poke|p2|Scizor, M|\n|poke|p2|Sinistcha|\n|poke|p2|Armarouge, F|\n|poke|p2|Bellibolt, M|\n|teampreview\n|\n|t:|1700195912\n|start\n|switch|p1a: Skeled1ck|Skeledirge, M|100\/100\n|switch|p2a: The Claw|Scizor, M|100\/100\n|turn|1\n|\n|t:|1700195938\n|switch|p2a: Ma'Lady|Armarouge, F|100\/100\n|move|p1a: Skeled1ck|Fire Blast|p2a: Ma'Lady\n|-resisted|p2a: Ma'Lady\n|-damage|p2a: Ma'Lady|73\/100\n|\n|upkeep\n|turn|2\n|\n|t:|1700195948\n|switch|p1a: antwan|Slowking, F, shiny|100\/100\n|move|p2a: Ma'Lady|Psychic|p1a: antwan\n|-resisted|p1a: antwan\n|-damage|p1a: antwan|88\/100\n|\n|upkeep\n|turn|3\n|\n|t:|1700195970\n|switch|p2a: The DON|Dondozo, M|100\/100\n|move|p1a: antwan|Surf|p2a: The DON\n|-resisted|p2a: The DON\n|-damage|p2a: The DON|90\/100\n|\n|-heal|p2a: The DON|96\/100|[from] item: Leftovers\n|upkeep\n|turn|4\n|\n|t:|1700195978\n|switch|p1a: earthtrtle|Torterra, M|100\/100\n|move|p2a: The DON|Curse|p2a: The DON\n|-unboost|p2a: The DON|spe|1\n|-boost|p2a: The DON|atk|1\n|-boost|p2a: The DON|def|1\n|\n|-heal|p2a: The DON|100\/100|[from] item: Leftovers\n|upkeep\n|turn|5\n|\n|t:|1700195988\n|-terastallize|p2a: The DON|Grass\n|move|p1a: earthtrtle|Bullet Seed|p2a: The DON\n|-resisted|p2a: The DON\n|-damage|p2a: The DON|98\/100\n|-resisted|p2a: The DON\n|-damage|p2a: The DON|95\/100\n|-resisted|p2a: The DON\n|-crit|p2a: The DON\n|-damage|p2a: The DON|90\/100\n|-resisted|p2a: The DON\n|-damage|p2a: The DON|87\/100\n|-hitcount|p2a: The DON|4\n|move|p2a: The DON|Liquidation|p1a: earthtrtle\n|-damage|p1a: earthtrtle|56\/100\n|\n|-heal|p2a: The DON|93\/100|[from] item: Leftovers\n|upkeep\n|turn|6\n|\n|t:|1700196018\n|switch|p1a: Skeled1ck|Skeledirge, M|100\/100\n|move|p2a: The DON|Liquidation|p1a: Skeled1ck\n|-supereffective|p1a: Skeled1ck\n|-damage|p1a: Skeled1ck|50\/100\n|\n|-heal|p2a: The DON|99\/100|[from] item: Leftovers\n|upkeep\n|turn|7\n|\n|t:|1700196034\n|-terastallize|p1a: Skeled1ck|Fire\n|move|p2a: The DON|Protect|p2a: The DON\n|-singleturn|p2a: The DON|Protect\n|move|p1a: Skeled1ck|Flare Blitz|p2a: The DON\n|-activate|p2a: The DON|move: Protect\n|\n|-heal|p2a: The DON|100\/100|[from] item: Leftovers\n|upkeep\n|turn|8\n|\n|t:|1700196051\n|move|p1a: Skeled1ck|Flare Blitz|p2a: The DON\n|-supereffective|p2a: The DON\n|-damage|p2a: The DON|55\/100\n|-damage|p1a: Skeled1ck|32\/100|[from] Recoil\n|move|p2a: The DON|Liquidation|p1a: Skeled1ck\n|-supereffective|p1a: Skeled1ck\n|-damage|p1a: Skeled1ck|0 fnt\n|faint|p1a: Skeled1ck\n|\n|-heal|p2a: The DON|61\/100|[from] item: Leftovers\n|upkeep\n|\n|t:|1700196061\n|switch|p1a: trop ius|Dipplin, F, shiny|100\/100\n|-ability|p1a: trop ius|Supersweet Syrup\n|-ability|p1a: trop ius|Supersweet Syrup|boost\n|-unboost|p2a: The DON|evasion|1\n|turn|9\n|\n|t:|1700196076\n|switch|p2a: The Claw|Scizor, M|100\/100\n|move|p1a: trop ius|Draco Meteor|p2a: The Claw\n|-resisted|p2a: The Claw\n|-damage|p2a: The Claw|73\/100\n|-unboost|p1a: trop ius|spa|2\n|\n|upkeep\n|turn|10\n|\n|t:|1700196089\n|switch|p1a: pink fortunecookie|Zamazenta, shiny|100\/100\n|-ability|p1a: pink fortunecookie|Dauntless Shield|boost\n|-boost|p1a: pink fortunecookie|def|1\n|move|p2a: The Claw|U-turn|p1a: pink fortunecookie\n|-resisted|p1a: pink fortunecookie\n|-damage|p1a: pink fortunecookie|88\/100\n|\n|t:|1700196099\n|switch|p2a: Ma'Lady|Armarouge, F|73\/100|[from] U-turn\n|\n|upkeep\n|turn|11\n|\n|t:|1700196105\n|move|p2a: Ma'Lady|Endure|p2a: Ma'Lady\n|-singleturn|p2a: Ma'Lady|move: Endure\n|move|p1a: pink fortunecookie|Close Combat|p2a: Ma'Lady\n|-resisted|p2a: Ma'Lady\n|-damage|p2a: Ma'Lady|39\/100\n|-unboost|p1a: pink fortunecookie|def|1\n|-unboost|p1a: pink fortunecookie|spd|1\n|-ability|p2a: Ma'Lady|Weak Armor|boost\n|-unboost|p2a: Ma'Lady|def|1\n|-boost|p2a: Ma'Lady|spe|2\n|\n|upkeep\n|turn|12\n|\n|t:|1700196116\n|move|p2a: Ma'Lady|Psychic|p1a: pink fortunecookie\n|-supereffective|p1a: pink fortunecookie\n|-damage|p1a: pink fortunecookie|0 fnt\n|faint|p1a: pink fortunecookie\n|\n|upkeep\n|\n|t:|1700196123\n|switch|p1a: antwan|Slowking, F, shiny|100\/100\n|turn|13\n|\n|t:|1700196127\n|move|p2a: Ma'Lady|Endure|p2a: Ma'Lady\n|-singleturn|p2a: Ma'Lady|move: Endure\n|move|p1a: antwan|Surf|p2a: Ma'Lady\n|-supereffective|p2a: Ma'Lady\n|-activate|p2a: Ma'Lady|move: Endure\n|-damage|p2a: Ma'Lady|1\/100\n|-enditem|p2a: Ma'Lady|Weakness Policy\n|-boost|p2a: Ma'Lady|atk|2|[from] item: Weakness Policy\n|-boost|p2a: Ma'Lady|spa|2|[from] item: Weakness Policy\n|\n|upkeep\n|turn|14\n|\n|t:|1700196146\n|move|p2a: Ma'Lady|Armor Cannon|p1a: antwan\n|-resisted|p1a: antwan\n|-damage|p1a: antwan|62\/100\n|-unboost|p2a: Ma'Lady|def|1\n|-unboost|p2a: Ma'Lady|spd|1\n|move|p1a: antwan|Surf|p2a: Ma'Lady\n|-supereffective|p2a: Ma'Lady\n|-damage|p2a: Ma'Lady|0 fnt\n|faint|p2a: Ma'Lady\n|\n|upkeep\n|\n|t:|1700196150\n|switch|p2a: Mr.Belli|Bellibolt, M, shiny|100\/100\n|turn|15\n|\n|t:|1700196167\n|switch|p1a: asian name|Ting-Lu|100\/100\n|-ability|p1a: asian name|Vessel of Ruin\n|move|p2a: Mr.Belli|Charge Beam|p1a: asian name\n|-immune|p1a: asian name\n|\n|upkeep\n|turn|16\n|\n|t:|1700196176\n|switch|p2a: Matcha Gotcha :D|Sinistcha|100\/100\n|move|p1a: asian name|Earthquake|p2a: Matcha Gotcha :D\n|-resisted|p2a: Matcha Gotcha :D\n|-damage|p2a: Matcha Gotcha :D|84\/100\n|\n|-heal|p2a: Matcha Gotcha :D|90\/100|[from] item: Leftovers\n|upkeep\n|turn|17\n|\n|t:|1700196219\n|move|p2a: Matcha Gotcha :D|Calm Mind|p2a: Matcha Gotcha :D\n|-boost|p2a: Matcha Gotcha :D|spa|1\n|-boost|p2a: Matcha Gotcha :D|spd|1\n|move|p1a: asian name|Ruination|p2a: Matcha Gotcha :D\n|-damage|p2a: Matcha Gotcha :D|45\/100\n|\n|-heal|p2a: Matcha Gotcha :D|51\/100|[from] item: Leftovers\n|upkeep\n|turn|18\n|\n|t:|1700196226\n|move|p2a: Matcha Gotcha :D|Matcha Gotcha|p1a: asian name\n|-supereffective|p1a: asian name\n|-damage|p1a: asian name|56\/100\n|-heal|p2a: Matcha Gotcha :D|83\/100|[from] drain|[of] p1a: asian name\n|-status|p1a: asian name|brn\n|move|p1a: asian name|Ruination|p2a: Matcha Gotcha :D\n|-damage|p2a: Matcha Gotcha :D|42\/100\n|\n|-heal|p2a: Matcha Gotcha :D|48\/100|[from] item: Leftovers\n|-heal|p1a: asian name|62\/100 brn|[from] item: Leftovers\n|-damage|p1a: asian name|56\/100 brn|[from] brn\n|upkeep\n|turn|19\n|\n|t:|1700196243\n|move|p2a: Matcha Gotcha :D|Matcha Gotcha|p1a: asian name\n|-supereffective|p1a: asian name\n|-damage|p1a: asian name|16\/100 brn\n|-heal|p2a: Matcha Gotcha :D|76\/100|[from] drain|[of] p1a: asian name\n|move|p1a: asian name|Ruination|p2a: Matcha Gotcha :D\n|-damage|p2a: Matcha Gotcha :D|38\/100\n|\n|-heal|p2a: Matcha Gotcha :D|44\/100|[from] item: Leftovers\n|-heal|p1a: asian name|22\/100 brn|[from] item: Leftovers\n|-damage|p1a: asian name|16\/100 brn|[from] brn\n|upkeep\n|turn|20\n|\n|t:|1700196255\n|move|p2a: Matcha Gotcha :D|Strength Sap|p1a: asian name\n|-unboost|p1a: asian name|atk|1\n|-heal|p2a: Matcha Gotcha :D|100\/100\n|move|p1a: asian name|Earthquake|p2a: Matcha Gotcha :D\n|-resisted|p2a: Matcha Gotcha :D\n|-damage|p2a: Matcha Gotcha :D|96\/100\n|\n|-heal|p2a: Matcha Gotcha :D|100\/100|[from] item: Leftovers\n|-heal|p1a: asian name|22\/100 brn|[from] item: Leftovers\n|-damage|p1a: asian name|16\/100 brn|[from] brn\n|upkeep\n|turn|21\n|\n|t:|1700196266\n|move|p2a: Matcha Gotcha :D|Matcha Gotcha|p1a: asian name\n|-supereffective|p1a: asian name\n|-damage|p1a: asian name|0 fnt\n|faint|p1a: asian name\n|\n|upkeep\n|\n|t:|1700196272\n|switch|p1a: antwan|Slowking, F, shiny|96\/100\n|turn|22\n|\n|t:|1700196279\n|move|p2a: Matcha Gotcha :D|Matcha Gotcha|p1a: antwan\n|-supereffective|p1a: antwan\n|-damage|p1a: antwan|36\/100\n|move|p1a: antwan|Ice Beam|p2a: Matcha Gotcha :D\n|-supereffective|p2a: Matcha Gotcha :D\n|-damage|p2a: Matcha Gotcha :D|67\/100\n|\n|-heal|p2a: Matcha Gotcha :D|73\/100|[from] item: Leftovers\n|upkeep\n|turn|23\n|\n|t:|1700196288\n|move|p2a: Matcha Gotcha :D|Matcha Gotcha|p1a: antwan\n|-supereffective|p1a: antwan\n|-damage|p1a: antwan|0 fnt\n|-heal|p2a: Matcha Gotcha :D|94\/100|[from] drain|[of] p1a: antwan\n|faint|p1a: antwan\n|\n|-heal|p2a: Matcha Gotcha :D|99\/100|[from] item: Leftovers\n|upkeep\n|\n|t:|1700196297\n|switch|p1a: earthtrtle|Torterra, M|56\/100\n|turn|24\n|\n|t:|1700196308\n|move|p1a: earthtrtle|Bullet Seed|p2a: Matcha Gotcha :D\n|-resisted|p2a: Matcha Gotcha :D\n|-crit|p2a: Matcha Gotcha :D\n|-damage|p2a: Matcha Gotcha :D|93\/100\n|-resisted|p2a: Matcha Gotcha :D\n|-damage|p2a: Matcha Gotcha :D|88\/100\n|-resisted|p2a: Matcha Gotcha :D\n|-damage|p2a: Matcha Gotcha :D|83\/100\n|-resisted|p2a: Matcha Gotcha :D\n|-damage|p2a: Matcha Gotcha :D|79\/100\n|-resisted|p2a: Matcha Gotcha :D\n|-damage|p2a: Matcha Gotcha :D|74\/100\n|-hitcount|p2a: Matcha Gotcha :D|5\n|move|p2a: Matcha Gotcha :D|Matcha Gotcha|p1a: earthtrtle\n|-damage|p1a: earthtrtle|3\/100\n|-heal|p2a: Matcha Gotcha :D|99\/100|[from] drain|[of] p1a: earthtrtle\n|\n|-heal|p2a: Matcha Gotcha :D|100\/100|[from] item: Leftovers\n|upkeep\n|turn|25\n|\n|t:|1700196326\n|move|p1a: earthtrtle|Rock Blast|p2a: Matcha Gotcha :D\n|-crit|p2a: Matcha Gotcha :D\n|-damage|p2a: Matcha Gotcha :D|90\/100\n|-damage|p2a: Matcha Gotcha :D|84\/100\n|-damage|p2a: Matcha Gotcha :D|77\/100\n|-damage|p2a: Matcha Gotcha :D|70\/100\n|-damage|p2a: Matcha Gotcha :D|63\/100\n|-hitcount|p2a: Matcha Gotcha :D|5\n|move|p2a: Matcha Gotcha :D|Shadow Ball|p1a: earthtrtle\n|-damage|p1a: earthtrtle|0 fnt\n|faint|p1a: earthtrtle\n|\n|-heal|p2a: Matcha Gotcha :D|69\/100|[from] item: Leftovers\n|upkeep\n|\n|t:|1700196339\n|switch|p1a: trop ius|Dipplin, F, shiny|100\/100\n|turn|26\n|\n|t:|1700196344\n|move|p2a: Matcha Gotcha :D|Shadow Ball|p1a: trop ius\n|-damage|p1a: trop ius|48\/100\n|move|p1a: trop ius|Draco Meteor|p2a: Matcha Gotcha :D\n|-damage|p2a: Matcha Gotcha :D|37\/100\n|-unboost|p1a: trop ius|spa|2\n|\n|-heal|p2a: Matcha Gotcha :D|43\/100|[from] item: Leftovers\n|upkeep\n|turn|27\n|\n|t:|1700196353\n|move|p2a: Matcha Gotcha :D|Strength Sap|p1a: trop ius\n|-unboost|p1a: trop ius|atk|1\n|-heal|p2a: Matcha Gotcha :D|100\/100\n|move|p1a: trop ius|Draco Meteor|p2a: Matcha Gotcha :D\n|-damage|p2a: Matcha Gotcha :D|82\/100\n|-unboost|p1a: trop ius|spa|2\n|\n|-heal|p2a: Matcha Gotcha :D|88\/100|[from] item: Leftovers\n|upkeep\n|turn|28\n|\n|t:|1700196363\n|move|p2a: Matcha Gotcha :D|Shadow Ball|p1a: trop ius\n|-crit|p1a: trop ius\n|-damage|p1a: trop ius|0 fnt\n|faint|p1a: trop ius\n|\n|win|CrushMeGoodra\n|l|\u2606CRIPPYwitdaGRIPPY\n","uploadtime":1700196385,"views":10,"p1id":"crippywitdagrippy","p2id":"crushmegoodra","formatid":"gen9ou","rating":0,"private":0,"password":""}