{"id":"gen9ou-1991936375","p1":"Iruzion","p2":"wyverbal","format":"[Gen 9] OU","log":"|j|\u2606Iruzion\n|j|\u2606wyverbal\n|t:|1700140187\n|gametype|singles\n|player|p1|Iruzion|roxie|1113\n|player|p2|wyverbal|101|1078\n|teamsize|p1|6\n|teamsize|p2|6\n|gen|9\n|tier|[Gen 9] OU\n|rated|\n|rule|Sleep Clause Mod: Limit one foe put to sleep\n|rule|Species Clause: Limit one of each Pok\u00e9mon\n|rule|OHKO Clause: OHKO moves are banned\n|rule|Evasion Items Clause: Evasion items are banned\n|rule|Evasion Moves Clause: Evasion moves are banned\n|rule|Endless Battle Clause: Forcing endless battles is banned\n|rule|HP Percentage Mod: HP is shown in percentages\n|clearpoke\n|poke|p1|Great Tusk|\n|poke|p1|Gholdengo|\n|poke|p1|Cloyster, F|\n|poke|p1|Ceruledge, F|\n|poke|p1|Ribombee, F|\n|poke|p1|Enamorus, F|\n|poke|p2|Dipplin, F|\n|poke|p2|Enamorus-Therian, F|\n|poke|p2|Swalot, M|\n|poke|p2|Okidogi, M|\n|poke|p2|Flareon, F|\n|poke|p2|Manaphy|\n|teampreview\n|inactive|Battle timer is ON: inactive players will automatically lose when time's up. (requested by wyverbal)\n|\n|t:|1700140212\n|start\n|switch|p1a: Ceruledge|Ceruledge, F|100\/100\n|switch|p2a: Enamorus|Enamorus-Therian, F, shiny|100\/100\n|turn|1\n|\n|t:|1700140221\n|switch|p2a: Flareon|Flareon, F, shiny|100\/100\n|move|p1a: Ceruledge|Swords Dance|p1a: Ceruledge\n|-boost|p1a: Ceruledge|atk|2\n|\n|upkeep\n|turn|2\n|\n|t:|1700140229\n|move|p1a: Ceruledge|Poltergeist|p2a: Flareon\n|-activate|p2a: Flareon|move: Poltergeist|Heavy-Duty Boots\n|-damage|p2a: Flareon|0 fnt\n|faint|p2a: Flareon\n|\n|upkeep\n|\n|t:|1700140242\n|switch|p2a: Dipplin|Dipplin, F, shiny|100\/100\n|turn|3\n|\n|t:|1700140255\n|move|p1a: Ceruledge|Bitter Blade|p2a: Dipplin\n|-damage|p2a: Dipplin|60\/100\n|move|p2a: Dipplin|Dragon Breath|p1a: Ceruledge\n|-damage|p1a: Ceruledge|78\/100\n|-status|p1a: Ceruledge|par\n|\n|upkeep\n|turn|4\n|\n|t:|1700140265\n|move|p1a: Ceruledge|Poltergeist|p2a: Dipplin\n|-activate|p2a: Dipplin|move: Poltergeist|Eviolite\n|-damage|p2a: Dipplin|13\/100\n|move|p2a: Dipplin|Recover|p2a: Dipplin\n|-heal|p2a: Dipplin|63\/100\n|\n|upkeep\n|turn|5\n|\n|t:|1700140273\n|move|p1a: Ceruledge|Swords Dance|p1a: Ceruledge\n|-boost|p1a: Ceruledge|atk|2\n|move|p2a: Dipplin|Dragon Breath|p1a: Ceruledge\n|-damage|p1a: Ceruledge|56\/100 par\n|\n|upkeep\n|turn|6\n|\n|t:|1700140279\n|move|p1a: Ceruledge|Poltergeist|p2a: Dipplin\n|-activate|p2a: Dipplin|move: Poltergeist|Eviolite\n|-damage|p2a: Dipplin|0 fnt\n|faint|p2a: Dipplin\n|\n|upkeep\n|\n|t:|1700140290\n|switch|p2a: Okidogi|Okidogi, M|100\/100\n|turn|7\n|\n|t:|1700140299\n|move|p1a: Ceruledge|Shadow Sneak|p2a: Okidogi\n|-damage|p2a: Okidogi|48\/100\n|-enditem|p2a: Okidogi|Sitrus Berry|[eat]\n|-heal|p2a: Okidogi|73\/100|[from] item: Sitrus Berry\n|move|p2a: Okidogi|Knock Off|p1a: Ceruledge\n|-supereffective|p1a: Ceruledge\n|-damage|p1a: Ceruledge|0 fnt\n|-enditem|p1a: Ceruledge|Focus Sash|[from] move: Knock Off|[of] p2a: Okidogi\n|faint|p1a: Ceruledge\n|\n|upkeep\n|\n|t:|1700140309\n|switch|p1a: Gholdengo|Gholdengo|100\/100\n|turn|8\n|\n|t:|1700140314\n|move|p1a: Gholdengo|Thunder Wave|p2a: Okidogi\n|-status|p2a: Okidogi|par\n|cant|p2a: Okidogi|par\n|\n|upkeep\n|turn|9\n|\n|t:|1700140319\n|move|p1a: Gholdengo|Hex|p2a: Okidogi\n|-damage|p2a: Okidogi|11\/100 par\n|move|p2a: Okidogi|Knock Off|p1a: Gholdengo\n|-supereffective|p1a: Gholdengo\n|-damage|p1a: Gholdengo|49\/100\n|-enditem|p1a: Gholdengo|Leftovers|[from] move: Knock Off|[of] p2a: Okidogi\n|\n|upkeep\n|turn|10\n|\n|t:|1700140346\n|move|p1a: Gholdengo|Recover|p1a: Gholdengo\n|-heal|p1a: Gholdengo|99\/100\n|cant|p2a: Okidogi|par\n|\n|upkeep\n|turn|11\n|\n|t:|1700140351\n|move|p1a: Gholdengo|Hex|p2a: Okidogi\n|-damage|p2a: Okidogi|0 fnt\n|faint|p2a: Okidogi\n|\n|upkeep\n|\n|t:|1700140355\n|switch|p2a: Enamorus|Enamorus-Therian, F, shiny|100\/100\n|turn|12\n|\n|t:|1700140364\n|-terastallize|p2a: Enamorus|Ground\n|move|p1a: Gholdengo|Thunder Wave|p2a: Enamorus\n|-immune|p2a: Enamorus\n|move|p2a: Enamorus|Agility|p2a: Enamorus\n|-boost|p2a: Enamorus|spe|2\n|\n|upkeep\n|turn|13\n|\n|t:|1700140374\n|move|p2a: Enamorus|Earth Power|p1a: Gholdengo\n|-supereffective|p1a: Gholdengo\n|-damage|p1a: Gholdengo|17\/100\n|move|p1a: Gholdengo|Focus Blast|p2a: Enamorus\n|-damage|p2a: Enamorus|59\/100\n|\n|upkeep\n|turn|14\n|\n|t:|1700140385\n|switch|p1a: Enamorus|Enamorus, F|100\/100\n|move|p2a: Enamorus|Moonblast|p1a: Enamorus\n|-damage|p1a: Enamorus|22\/100\n|\n|upkeep\n|turn|15\n|\n|t:|1700140396\n|-terastallize|p1a: Enamorus|Ground\n|move|p2a: Enamorus|Moonblast|p1a: Enamorus\n|-damage|p1a: Enamorus|0 fnt\n|faint|p1a: Enamorus\n|\n|upkeep\n|\n|t:|1700140407\n|switch|p1a: Great Tusk|Great Tusk|100\/100\n|turn|16\n|\n|t:|1700140417\n|move|p2a: Enamorus|Moonblast|p1a: Great Tusk\n|-supereffective|p1a: Great Tusk\n|-damage|p1a: Great Tusk|0 fnt\n|faint|p1a: Great Tusk\n|-end|p1a: Great Tusk|Protosynthesis|[silent]\n|\n|upkeep\n|\n|t:|1700140423\n|switch|p1a: GreenUVLight|Ribombee, F|100\/100\n|turn|17\n|\n|t:|1700140431\n|move|p2a: Enamorus|Mystical Fire|p1a: GreenUVLight\n|-supereffective|p1a: GreenUVLight\n|-damage|p1a: GreenUVLight|21\/100\n|move|p1a: GreenUVLight|Draining Kiss|p2a: Enamorus\n|-damage|p2a: Enamorus|35\/100\n|-heal|p1a: GreenUVLight|38\/100|[from] drain|[of] p2a: Enamorus\n|-damage|p1a: GreenUVLight|28\/100|[from] item: Life Orb\n|\n|upkeep\n|turn|18\n|\n|t:|1700140441\n|move|p2a: Enamorus|Moonblast|p1a: GreenUVLight\n|-damage|p1a: GreenUVLight|0 fnt\n|faint|p1a: GreenUVLight\n|\n|upkeep\n|\n|t:|1700140465\n|switch|p1a: Cloyster|Cloyster, F|100\/100\n|turn|19\n|\n|t:|1700140470\n|move|p2a: Enamorus|Moonblast|p1a: Cloyster\n|-damage|p1a: Cloyster|0 fnt\n|faint|p1a: Cloyster\n|\n|upkeep\n|l|\u2606Iruzion\n|inactive|Iruzion disconnected and has a minute to reconnect!\n|player|p1|\n|inactive|Iruzion has 30 seconds to reconnect!\n|inactive|Iruzion has 20 seconds to reconnect!\n|inactive|Iruzion has 15 seconds to reconnect!\n|inactive|Iruzion has 10 seconds to reconnect!\n|inactive|Iruzion has 5 seconds to reconnect!\n|-message|Iruzion lost due to inactivity.\n|\n|win|wyverbal\n|raw|Iruzion's rating: 1113 &rarr; <strong>1085<\/strong><br \/>(-28 for losing)\n|raw|wyverbal's rating: 1078 &rarr; <strong>1109<\/strong><br \/>(+31 for winning)\n","uploadtime":1700140542,"views":11,"p1id":"iruzion","p2id":"wyverbal","formatid":"gen9ou","rating":1085,"private":0,"password":""}