{"id":"gen9ou-2000014617","p1":"blazing battler","p2":"shaotheboi","format":"[Gen 9] OU","log":"|j|\u2606blazing battler\n|j|\u2606shaotheboi\n|t:|1701141340\n|gametype|singles\n|player|p1|blazing battler|chili|1151\n|player|p2|shaotheboi|kofu|1146\n|teamsize|p1|6\n|teamsize|p2|6\n|gen|9\n|tier|[Gen 9] OU\n|rated|\n|rule|Sleep Clause Mod: Limit one foe put to sleep\n|rule|Species Clause: Limit one of each Pok\u00e9mon\n|rule|OHKO Clause: OHKO moves are banned\n|rule|Evasion Items Clause: Evasion items are banned\n|rule|Evasion Moves Clause: Evasion moves are banned\n|rule|Endless Battle Clause: Forcing endless battles is banned\n|rule|HP Percentage Mod: HP is shown in percentages\n|clearpoke\n|poke|p1|Dragonite, M|\n|poke|p1|Ceruledge, M|\n|poke|p1|Empoleon, M|\n|poke|p1|Zoroark-Hisui, M|\n|poke|p1|Breloom, M|\n|poke|p1|Kingambit, M|\n|poke|p2|Ceruledge, M|\n|poke|p2|Dragonite, M|\n|poke|p2|Greninja-*, M|\n|poke|p2|Glimmora, F|\n|poke|p2|Walking Wake|\n|poke|p2|Great Tusk|\n|teampreview\n|inactive|Battle timer is ON: inactive players will automatically lose when time's up. (requested by blazing battler)\n|\n|t:|1701141358\n|start\n|switch|p1a: Pingu|Empoleon, M|100\/100\n|switch|p2a: Dart|Greninja, M|100\/100\n|turn|1\n|\n|t:|1701141365\n|move|p2a: Dart|Spikes|p1a: Pingu\n|-start|p2a: Dart|typechange|Ground|[from] ability: Protean\n|-sidestart|p1: blazing battler|Spikes\n|move|p1a: Pingu|Flash Cannon|p2a: Dart\n|-damage|p2a: Dart|33\/100\n|\n|upkeep\n|turn|2\n|\n|t:|1701141376\n|switch|p2a: EMO|Ceruledge, M|100\/100\n|move|p1a: Pingu|Ice Beam|p2a: EMO\n|-resisted|p2a: EMO\n|-damage|p2a: EMO|84\/100\n|\n|-heal|p2a: EMO|90\/100|[from] item: Leftovers\n|upkeep\n|turn|3\n|\n|t:|1701141386\n|move|p2a: EMO|Swords Dance|p2a: EMO\n|-boost|p2a: EMO|atk|2\n|move|p1a: Pingu|Surf|p2a: EMO\n|-supereffective|p2a: EMO\n|-damage|p2a: EMO|0 fnt\n|faint|p2a: EMO\n|\n|upkeep\n|c|\u2606blazing battler|Never doubt a penguin\n|\n|t:|1701141397\n|switch|p2a: Yoshi|Dragonite, M, shiny|100\/100\n|turn|4\n|c|\u2606shaotheboi|yeah\n|\n|t:|1701141412\n|move|p2a: Yoshi|Dragon Dance|p2a: Yoshi\n|-boost|p2a: Yoshi|atk|1\n|-boost|p2a: Yoshi|spe|1\n|move|p1a: Pingu|Ice Beam|p2a: Yoshi\n|-supereffective|p2a: Yoshi\n|-damage|p2a: Yoshi|44\/100\n|\n|-heal|p2a: Yoshi|50\/100|[from] item: Leftovers\n|upkeep\n|turn|5\n|\n|t:|1701141423\n|move|p2a: Yoshi|Dragon Claw|p1a: Pingu\n|-resisted|p1a: Pingu\n|-damage|p1a: Pingu|73\/100\n|move|p1a: Pingu|Ice Beam|p2a: Yoshi\n|-supereffective|p2a: Yoshi\n|-damage|p2a: Yoshi|0 fnt\n|faint|p2a: Yoshi\n|\n|-heal|p1a: Pingu|79\/100|[from] item: Leftovers\n|upkeep\n|\n|t:|1701141434\n|switch|p2a: Rampage|Great Tusk|100\/100\n|turn|6\n|c|\u2606blazing battler|Noot Noot\n|c|\u2606shaotheboi|sad music\n|\n|t:|1701141446\n|-terastallize|p1a: Pingu|Dragon\n|move|p2a: Rampage|Close Combat|p1a: Pingu\n|-damage|p1a: Pingu|7\/100\n|-unboost|p2a: Rampage|def|1\n|-unboost|p2a: Rampage|spd|1\n|move|p1a: Pingu|Surf|p2a: Rampage\n|-supereffective|p2a: Rampage\n|-damage|p2a: Rampage|0 fnt\n|faint|p2a: Rampage\n|-end|p2a: Rampage|Protosynthesis|[silent]\n|\n|-heal|p1a: Pingu|13\/100|[from] item: Leftovers\n|upkeep\n|\n|t:|1701141459\n|switch|p2a: Wakey|Walking Wake|100\/100\n|-enditem|p2a: Wakey|Booster Energy\n|-activate|p2a: Wakey|ability: Protosynthesis|[fromitem]\n|-start|p2a: Wakey|protosynthesisspa\n|turn|7\n|\n|t:|1701141467\n|move|p2a: Wakey|Dragon Pulse|p1a: Pingu\n|-supereffective|p1a: Pingu\n|-damage|p1a: Pingu|0 fnt\n|faint|p1a: Pingu\n|\n|upkeep\n|c|\u2606blazing battler|you killed my penguin! I'm gonna kill you!\n|\n|t:|1701141483\n|switch|p1a: Shrooms|Breloom, M, shiny|100\/100\n|-damage|p1a: Shrooms|88\/100|[from] Spikes\n|turn|8\n|\n|t:|1701141490\n|-terastallize|p2a: Wakey|Fairy\n|move|p2a: Wakey|Flamethrower|p1a: Shrooms\n|-supereffective|p1a: Shrooms\n|-damage|p1a: Shrooms|0 fnt\n|faint|p1a: Shrooms\n|\n|upkeep\n|\n|t:|1701141497\n|switch|p1a: Puff|Dragonite, M|100\/100\n|turn|9\n|\n|t:|1701141504\n|move|p1a: Puff|Extreme Speed|p2a: Wakey\n|-damage|p2a: Wakey|65\/100\n|move|p2a: Wakey|Dragon Pulse|p1a: Puff\n|-supereffective|p1a: Puff\n|-damage|p1a: Puff|40\/100\n|\n|upkeep\n|turn|10\n|\n|t:|1701141515\n|move|p1a: Puff|Extreme Speed|p2a: Wakey\n|-damage|p2a: Wakey|32\/100\n|move|p2a: Wakey|Dragon Pulse|p1a: Puff\n|-supereffective|p1a: Puff\n|-damage|p1a: Puff|0 fnt\n|faint|p1a: Puff\n|\n|upkeep\n|\n|t:|1701141525\n|switch|p1a: Blitz|Ceruledge, M|100\/100\n|turn|11\n|\n|t:|1701141528\n|move|p1a: Blitz|Shadow Sneak|p2a: Wakey\n|-damage|p2a: Wakey|8\/100\n|move|p2a: Wakey|Hydro Steam|p1a: Blitz\n|-supereffective|p1a: Blitz\n|-damage|p1a: Blitz|0 fnt\n|faint|p1a: Blitz\n|\n|upkeep\n|\n|t:|1701141539\n|switch|p1a: Blades|Kingambit, M, shiny|100\/100\n|turn|12\n|\n|t:|1701141546\n|move|p1a: Blades|Shadow Ball|p2a: Wakey\n|-damage|p2a: Wakey|0 fnt\n|faint|p2a: Wakey\n|-end|p2a: Wakey|Protosynthesis|[silent]\n|\n|upkeep\n|c|\u2606shaotheboi|thats zoroark\n|c|\u2606blazing battler|okay that got close\n|\n|t:|1701141561\n|switch|p2a: Blossom|Glimmora, F|100\/100\n|turn|13\n|c|\u2606blazing battler|also did you not know that kingambit can learn shadow ball?\n|c|\u2606blazing battler|by breeding\n|c|\u2606shaotheboi|WHAT\n|\n|t:|1701141578\n|move|p1a: Blades|Shadow Ball|p2a: Blossom\n|-damage|p2a: Blossom|49\/100\n|move|p2a: Blossom|Earth Power|p1a: Blades\n|-damage|p1a: Blades|41\/100\n|replace|p1a: Zoro|Zoroark-Hisui, M\n|-end|p1a: Zoro|Illusion\n|\n|upkeep\n|turn|14\n|c|\u2606blazing battler|nah i'm lyinh\n|c|\u2606shaotheboi|but why\n|c|\u2606shaotheboi|nahh\n|c|\u2606blazing battler|just wanted to mess with you\n|c|\u2606shaotheboi|i used a king on my scarlet play\n|\n|t:|1701141601\n|move|p1a: Zoro|Shadow Ball|p2a: Blossom\n|-damage|p2a: Blossom|0 fnt\n|faint|p2a: Blossom\n|\n|upkeep\n|\n|t:|1701141606\n|switch|p2a: Dart|Greninja, M|33\/100\n|turn|15\n|c|\u2606blazing battler|I hunted and got a shiny one\n|\n|t:|1701141611\n|move|p2a: Dart|Dark Pulse|p1a: Zoro\n|-start|p2a: Dart|typechange|Dark|[from] ability: Protean\n|-supereffective|p1a: Zoro\n|-damage|p1a: Zoro|0 fnt\n|faint|p1a: Zoro\n|\n|upkeep\n|\n|t:|1701141617\n|switch|p1a: Blades|Kingambit, M, shiny|100\/100\n|-damage|p1a: Blades|88\/100|[from] Spikes\n|-activate|p1a: Blades|ability: Supreme Overlord\n|-start|p1a: Blades|fallen5|[silent]\n|turn|16\n|c|\u2606shaotheboi|i got a shiny dragonite\n|c|\u2606blazing battler|yknow what kingambit can learn tho?\n|\n|t:|1701141629\n|move|p2a: Dart|Hydro Pump|p1a: Blades\n|-damage|p1a: Blades|68\/100\n|move|p1a: Blades|Brick Break|p2a: Dart\n|-supereffective|p2a: Dart\n|-damage|p2a: Dart|0 fnt\n|faint|p2a: Dart\n|\n|win|blazing battler\n|raw|blazing battler's rating: 1151 &rarr; <strong>1176<\/strong><br \/>(+25 for winning)\n|raw|shaotheboi's rating: 1146 &rarr; <strong>1121<\/strong><br \/>(-25 for losing)\n|c|\u2606blazing battler|brick break\n|c|\u2606shaotheboi|OOOOOO\n|c|\u2606shaotheboi|i gave that to my bisharp\n|c|\u2606blazing battler|good game\n|c|\u2606shaotheboi|close tho gg\n|c|\u2606blazing battler|you played well\n|l|\u2606shaotheboi\n","uploadtime":1701141664,"views":13,"p1id":"blazingbattler","p2id":"shaotheboi","formatid":"gen9ou","rating":1121,"private":0,"password":""}