{"id":"gen9ou-1991433836","p1":"SDK04","p2":"we're so barack","format":"[Gen 9] OU","log":"|j|\u2606SDK04\n|j|\u2606we're so barack\n|inactive|Battle timer is ON: inactive players will automatically lose when time's up.\n|t:|1700076743\n|gametype|singles\n|player|p1|SDK04|unknown|\n|player|p2|we're so barack|giovanni|\n|teamsize|p1|6\n|teamsize|p2|6\n|gen|9\n|tier|[Gen 9] OU\n|rated|Tournament battle\n|rule|Sleep Clause Mod: Limit one foe put to sleep\n|rule|Species Clause: Limit one of each Pok\u00e9mon\n|rule|OHKO Clause: OHKO moves are banned\n|rule|Evasion Items Clause: Evasion items are banned\n|rule|Evasion Moves Clause: Evasion moves are banned\n|rule|Endless Battle Clause: Forcing endless battles is banned\n|rule|HP Percentage Mod: HP is shown in percentages\n|rule|Terastal Clause: You cannot Terastallize\n|clearpoke\n|poke|p1|Ninetales-Alola, M|\n|poke|p1|Ogerpon-Wellspring, F|\n|poke|p1|Iron Valiant|\n|poke|p1|Kingambit, F|\n|poke|p1|Gholdengo|\n|poke|p1|Salamence, M|\n|poke|p2|Zapdos-Galar|\n|poke|p2|Landorus-Therian, M|\n|poke|p2|Alomomola, M|\n|poke|p2|Slowking-Galar, F|\n|poke|p2|Kingambit, M|\n|poke|p2|Clefable, F|\n|teampreview\n|inactive|we're so barack also wants the timer to be on.\n|j| Dixie Ject\n|j| sandveil10\n|c|\u2606we're so barack|hf\n|j| Lacksatives\n|c|\u2606SDK04|u2\n|c|\u2606we're so barack|I rock w the mence\n|j| Fork you phil\n|c|\u2606SDK04|Thanks, it was originally Double Dance Gliscor before Gliscor was banned\n|\n|t:|1700076773\n|start\n|switch|p1a: cool window|Ninetales-Alola, M|100\/100\n|switch|p2a: Kingambit|Kingambit, M|100\/100\n|-weather|Snow|[from] ability: Snow Warning|[of] p1a: cool window\n|turn|1\n|c|\u2606SDK04|I loved running that set\n|j| avramax20\n|j| SpamtonGSpamton97\n|\n|t:|1700076778\n|move|p1a: cool window|Aurora Veil|p1a: cool window\n|-sidestart|p1: SDK04|move: Aurora Veil\n|move|p2a: Kingambit|Iron Head|p1a: cool window\n|-supereffective|p1a: cool window\n|-damage|p1a: cool window|24\/100\n|\n|-weather|Snow|[upkeep]\n|upkeep\n|turn|2\n|c|\u2606we're so barack|literal demon set lmao\n|j| Pingu3591\n|c|\u2606we're so barack|I understand why\n|l| Pingu3591\n|c|\u2606SDK04|I spammed about how good it was practically every day in OU room\n|inactive|we're so barack has 120 seconds left.\n|\n|t:|1700076819\n|-end|p2a: Kingambit|fallenundefined|[silent]\n|switch|p2a: Alomomola|Alomomola, M|100\/100\n|move|p1a: cool window|Encore||[still]\n|-fail|p1a: cool window\n|\n|-weather|Snow|[upkeep]\n|upkeep\n|turn|3\n|j| Hibbityhoopblah\n|c|\u2606SDK04|So ofc I had to find a replacement once Gliscor got banned and Salamence was perfect\n|\n|t:|1700076828\n|move|p1a: cool window|Freeze-Dry|p2a: Alomomola\n|-supereffective|p2a: Alomomola\n|-damage|p2a: Alomomola|51\/100\n|-enditem|p2a: Alomomola|Red Card|[of] p1a: cool window\n|drag|p1a: \u201cI win\u201d button|Ogerpon-Wellspring, F|100\/100\n|move|p2a: Alomomola|Flip Turn|p1a: \u201cI win\u201d button\n|-immune|p1a: \u201cI win\u201d button|[from] ability: Water Absorb\n|\n|-weather|Snow|[upkeep]\n|upkeep\n|turn|4\n|c| SpamtonGSpamton97|where are the scythers\n|inactive|we're so barack has 120 seconds left.\n|c| SpamtonGSpamton97|these teams need more scyther\n|\n|t:|1700076839\n|switch|p2a: Slowking|Slowking-Galar, F|100\/100\n|move|p1a: \u201cI win\u201d button|Swords Dance|p1a: \u201cI win\u201d button\n|-boost|p1a: \u201cI win\u201d button|atk|2\n|\n|-weather|Snow|[upkeep]\n|upkeep\n|turn|5\n|l| Hibbityhoopblah\n|c|\u2606SDK04|Oh that is terrible lick\n|c|\u2606SDK04|*luck\n|inactive|we're so barack has 120 seconds left.\n|\n|t:|1700076847\n|move|p1a: \u201cI win\u201d button|Ivy Cudgel|p2a: Slowking|[anim] Ivy Cudgel Water\n|-damage|p2a: Slowking|0 fnt\n|faint|p2a: Slowking\n|\n|-weather|none\n|upkeep\n|c|\u2606we're so barack|hilarious turn lao\n|c|\u2606we're so barack|lmao\n|inactive|we're so barack has 120 seconds left.\n|\n|t:|1700076862\n|switch|p2a: Clefable|Clefable, F|100\/100\n|turn|6\n|c|\u2606SDK04|Is the Lando Scarf at all\n|c| SpamtonGSpamton97|also wheres the binding band heatran smh\n|c|\u2606we're so barack|deadass I think I just lose here LOL\n|\n|t:|1700076874\n|move|p1a: \u201cI win\u201d button|Power Whip|p2a: Clefable\n|-damage|p2a: Clefable|0 fnt\n|faint|p2a: Clefable\n|\n|upkeep\n|\n|t:|1700076881\n|switch|p2a: Landorus|Landorus-Therian, M|100\/100\n|-ability|p2a: Landorus|Intimidate|boost\n|-unboost|p1a: \u201cI win\u201d button|atk|1\n|turn|7\n|c|\u2606SDK04|Annnd yeah\n|c| sandveil10|this meta man\n|\n|t:|1700076887\n|switch|p2a: Alomomola|Alomomola, M|84\/100\n|move|p1a: \u201cI win\u201d button|Ivy Cudgel|p2a: Alomomola|[anim] Ivy Cudgel Water\n|-resisted|p2a: Alomomola\n|-damage|p2a: Alomomola|59\/100\n|\n|upkeep\n|turn|8\n|inactive|we're so barack has 120 seconds left.\n|\n|t:|1700076893\n|move|p1a: \u201cI win\u201d button|Swords Dance|p1a: \u201cI win\u201d button\n|-boost|p1a: \u201cI win\u201d button|atk|2\n|move|p2a: Alomomola|Acrobatics|p1a: \u201cI win\u201d button\n|-supereffective|p1a: \u201cI win\u201d button\n|-damage|p1a: \u201cI win\u201d button|76\/100\n|\n|-sideend|p1: SDK04|move: Aurora Veil\n|upkeep\n|turn|9\n|c|\u2606SDK04|Sorry man\n|\n|t:|1700076898\n|move|p1a: \u201cI win\u201d button|Power Whip|p2a: Alomomola|[miss]\n|-miss|p1a: \u201cI win\u201d button|p2a: Alomomola\n|move|p2a: Alomomola|Acrobatics|p1a: \u201cI win\u201d button\n|-supereffective|p1a: \u201cI win\u201d button\n|-damage|p1a: \u201cI win\u201d button|20\/100\n|\n|upkeep\n|turn|10\n|c|\u2606we're so barack|it's chill\n|\n|t:|1700076909\n|move|p1a: \u201cI win\u201d button|Power Whip|p2a: Alomomola\n|-supereffective|p2a: Alomomola\n|-damage|p2a: Alomomola|0 fnt\n|faint|p2a: Alomomola\n|\n|upkeep\n|c| SpamtonGSpamton97|rats\n|\n|t:|1700076916\n|switch|p2a: Kingambit|Kingambit, M|100\/100\n|-activate|p2a: Kingambit|ability: Supreme Overlord\n|-start|p2a: Kingambit|fallen3|[silent]\n|turn|11\n|j| I like low ladder\n|c| SpamtonGSpamton97|i was hoping mola would kill lol\n|c| SpamtonGSpamton97|was hoping mola would dogge\n|\n|t:|1700076930\n|move|p2a: Kingambit|Sucker Punch||[still]\n|-fail|p2a: Kingambit\n|move|p1a: \u201cI win\u201d button|Encore|p2a: Kingambit\n|-start|p2a: Kingambit|Encore\n|\n|upkeep\n|turn|12\n|j|@mcp3\n|\n|t:|1700076934\n|-end|p2a: Kingambit|fallen3|[silent]\n|switch|p2a: Zapdos|Zapdos-Galar|100\/100\n|move|p1a: \u201cI win\u201d button|Swords Dance|p1a: \u201cI win\u201d button\n|-boost|p1a: \u201cI win\u201d button|atk|2\n|\n|upkeep\n|turn|13\n|j| Van Pyro\n|\n|t:|1700076941\n|move|p1a: \u201cI win\u201d button|Ivy Cudgel|p2a: Zapdos|[anim] Ivy Cudgel Water\n|-damage|p2a: Zapdos|0 fnt\n|faint|p2a: Zapdos\n|\n|upkeep\n|\n|t:|1700076945\n|switch|p2a: Kingambit|Kingambit, M|100\/100\n|-activate|p2a: Kingambit|ability: Supreme Overlord\n|-start|p2a: Kingambit|fallen4|[silent]\n|turn|14\n|\n|t:|1700076947\n|move|p1a: \u201cI win\u201d button|Ivy Cudgel|p2a: Kingambit|[anim] Ivy Cudgel Water\n|-damage|p2a: Kingambit|0 fnt\n|faint|p2a: Kingambit\n|-end|p2a: Kingambit|fallen4|[silent]\n|\n|upkeep\n|\n|t:|1700076949\n|switch|p2a: Landorus|Landorus-Therian, M|100\/100\n|-ability|p2a: Landorus|Intimidate|boost\n|-unboost|p1a: \u201cI win\u201d button|atk|1\n|turn|15\n|\n|t:|1700076952\n|move|p1a: \u201cI win\u201d button|Ivy Cudgel|p2a: Landorus|[anim] Ivy Cudgel Water\n|-supereffective|p2a: Landorus\n|-damage|p2a: Landorus|0 fnt\n|faint|p2a: Landorus\n|\n|win|SDK04\n|n|\u2606SDK04|sdk04\n|n|\u2606we're so barack|weresobarack\n|n| Dixie Ject|dixieject\n|n| sandveil10|sandveil10\n|n| Lacksatives|lacksatives\n|n| Fork you phil|forkyouphil\n|n| avramax20|avramax20\n|n| SpamtonGSpamton97|spamtongspamton97\n|n| I like low ladder|ilikelowladder\n|n| mcp3|mcp3\n|n| Van Pyro|vanpyro\n|l| Lacksatives\n|c|\u2606we're so barack|gg\n","uploadtime":1700076953,"views":7,"p1id":"sdk04","p2id":"weresobarack","formatid":"gen9ou","rating":0,"private":0,"password":""}