{"id":"gen9ou-1991787380","p1":"xxzfn","p2":"ratatta17","format":"[Gen 9] OU","log":"|j|\u2606xxzfn\n|j|\u2606ratatta17\n|t:|1700117287\n|gametype|singles\n|player|p1|xxzfn|170|1580\n|player|p2|ratatta17|2|1475\n|teamsize|p1|6\n|teamsize|p2|6\n|gen|9\n|tier|[Gen 9] OU\n|rated|\n|rule|Sleep Clause Mod: Limit one foe put to sleep\n|rule|Species Clause: Limit one of each Pok\u00e9mon\n|rule|OHKO Clause: OHKO moves are banned\n|rule|Evasion Items Clause: Evasion items are banned\n|rule|Evasion Moves Clause: Evasion moves are banned\n|rule|Endless Battle Clause: Forcing endless battles is banned\n|rule|HP Percentage Mod: HP is shown in percentages\n|clearpoke\n|poke|p1|Dondozo, F|\n|poke|p1|Gholdengo|\n|poke|p1|Corviknight, F|\n|poke|p1|Landorus-Therian, M|\n|poke|p1|Maushold-Four|\n|poke|p1|Hoopa-Unbound|\n|poke|p2|Azumarill, F|\n|poke|p2|Staraptor, F|\n|poke|p2|Toedscruel, F|\n|poke|p2|Skeledirge, F|\n|poke|p2|Ninetales-Alola, F|\n|poke|p2|Iron Valiant|\n|teampreview\n|inactive|Battle timer is ON: inactive players will automatically lose when time's up. (requested by xxzfn)\n|\n|t:|1700117317\n|start\n|switch|p1a: Landorus|Landorus-Therian, M|100\/100\n|switch|p2a: Staraptor|Staraptor, F|100\/100\n|-ability|p2a: Staraptor|Intimidate|boost\n|-unboost|p1a: Landorus|atk|1\n|-ability|p1a: Landorus|Intimidate|boost\n|-unboost|p2a: Staraptor|atk|1\n|turn|1\n|\n|t:|1700117328\n|move|p2a: Staraptor|Final Gambit|p1a: Landorus\n|-damage|p1a: Landorus|0 fnt\n|faint|p2a: Staraptor\n|faint|p1a: Landorus\n|\n|upkeep\n|\n|t:|1700117335\n|switch|p2a: Toedscruel|Toedscruel, F|100\/100\n|switch|p1a: Hoopa|Hoopa-Unbound|100\/100\n|turn|2\n|\n|t:|1700117338\n|move|p1a: Hoopa|Hyperspace Fury|p2a: Toedscruel\n|-damage|p2a: Toedscruel|22\/100\n|-unboost|p1a: Hoopa|def|1\n|move|p2a: Toedscruel|Spore|p1a: Hoopa\n|-status|p1a: Hoopa|slp|[from] move: Spore\n|\n|-heal|p2a: Toedscruel|28\/100|[from] item: Leftovers\n|upkeep\n|turn|3\n|\n|t:|1700117346\n|switch|p1a: Corviknight|Corviknight, F|100\/100\n|-ability|p1a: Corviknight|Pressure\n|move|p2a: Toedscruel|Leech Seed|p1a: Corviknight\n|-start|p1a: Corviknight|move: Leech Seed\n|\n|-heal|p2a: Toedscruel|34\/100|[from] item: Leftovers\n|-damage|p1a: Corviknight|88\/100|[from] Leech Seed|[of] p2a: Toedscruel\n|-heal|p2a: Toedscruel|48\/100|[silent]\n|upkeep\n|turn|4\n|\n|t:|1700117350\n|switch|p2a: Skeledirge|Skeledirge, F|100\/100\n|move|p1a: Corviknight|Brave Bird|p2a: Skeledirge\n|-damage|p2a: Skeledirge|69\/100\n|-damage|p1a: Corviknight|77\/100|[from] Recoil\n|\n|-heal|p2a: Skeledirge|75\/100|[from] item: Leftovers\n|-damage|p1a: Corviknight|65\/100|[from] Leech Seed|[of] p2a: Skeledirge\n|-heal|p2a: Skeledirge|87\/100|[silent]\n|upkeep\n|turn|5\n|\n|t:|1700117355\n|switch|p1a: Dondozo|Dondozo, F|100\/100\n|move|p2a: Skeledirge|Will-O-Wisp|p1a: Dondozo\n|-status|p1a: Dondozo|brn\n|\n|-heal|p2a: Skeledirge|93\/100|[from] item: Leftovers\n|-damage|p1a: Dondozo|94\/100 brn|[from] brn\n|upkeep\n|turn|6\n|\n|t:|1700117363\n|move|p2a: Skeledirge|Torch Song|p1a: Dondozo\n|-resisted|p1a: Dondozo\n|-damage|p1a: Dondozo|85\/100 brn\n|-boost|p2a: Skeledirge|spa|1\n|move|p1a: Dondozo|Liquidation|p2a: Skeledirge\n|-supereffective|p2a: Skeledirge\n|-damage|p2a: Skeledirge|67\/100\n|-unboost|p2a: Skeledirge|def|1\n|\n|-heal|p2a: Skeledirge|74\/100|[from] item: Leftovers\n|-heal|p1a: Dondozo|91\/100 brn|[from] item: Leftovers\n|-damage|p1a: Dondozo|85\/100 brn|[from] brn\n|upkeep\n|turn|7\n|\n|t:|1700117371\n|switch|p2a: Ninetales|Ninetales-Alola, F|100\/100\n|-weather|Snow|[from] ability: Snow Warning|[of] p2a: Ninetales\n|move|p1a: Dondozo|Curse|p1a: Dondozo\n|-unboost|p1a: Dondozo|spe|1\n|-boost|p1a: Dondozo|atk|1\n|-boost|p1a: Dondozo|def|1\n|\n|-weather|Snow|[upkeep]\n|-heal|p1a: Dondozo|91\/100 brn|[from] item: Leftovers\n|-damage|p1a: Dondozo|85\/100 brn|[from] brn\n|upkeep\n|turn|8\n|\n|t:|1700117376\n|move|p2a: Ninetales|Encore|p1a: Dondozo\n|-start|p1a: Dondozo|Encore\n|move|p1a: Dondozo|Curse|p1a: Dondozo\n|-unboost|p1a: Dondozo|spe|1\n|-boost|p1a: Dondozo|atk|1\n|-boost|p1a: Dondozo|def|1\n|\n|-weather|Snow|[upkeep]\n|-heal|p1a: Dondozo|91\/100 brn|[from] item: Leftovers\n|-damage|p1a: Dondozo|85\/100 brn|[from] brn\n|upkeep\n|turn|9\n|\n|t:|1700117380\n|switch|p1a: Gholdengo|Gholdengo|100\/100\n|move|p2a: Ninetales|Freeze-Dry|p1a: Gholdengo\n|-resisted|p1a: Gholdengo\n|-damage|p1a: Gholdengo|91\/100\n|\n|-weather|Snow|[upkeep]\n|upkeep\n|turn|10\n|\n|t:|1700117384\n|switch|p2a: Toedscruel|Toedscruel, F|48\/100\n|move|p1a: Gholdengo|Nasty Plot|p1a: Gholdengo\n|-boost|p1a: Gholdengo|spa|2\n|\n|-weather|Snow|[upkeep]\n|-heal|p2a: Toedscruel|54\/100|[from] item: Leftovers\n|upkeep\n|turn|11\n|\n|t:|1700117407\n|switch|p1a: Corviknight|Corviknight, F|65\/100\n|-ability|p1a: Corviknight|Pressure\n|move|p2a: Toedscruel|Leech Seed|p1a: Corviknight\n|-start|p1a: Corviknight|move: Leech Seed\n|\n|-weather|none\n|-heal|p2a: Toedscruel|60\/100|[from] item: Leftovers\n|-damage|p1a: Corviknight|53\/100|[from] Leech Seed|[of] p2a: Toedscruel\n|-heal|p2a: Toedscruel|73\/100|[silent]\n|upkeep\n|turn|12\n|\n|t:|1700117412\n|switch|p2a: Skeledirge|Skeledirge, F|74\/100\n|move|p1a: Corviknight|Roost|p1a: Corviknight\n|-heal|p1a: Corviknight|100\/100\n|-singleturn|p1a: Corviknight|move: Roost\n|\n|-heal|p2a: Skeledirge|80\/100|[from] item: Leftovers\n|-damage|p1a: Corviknight|88\/100|[from] Leech Seed|[of] p2a: Skeledirge\n|-heal|p2a: Skeledirge|92\/100|[silent]\n|upkeep\n|turn|13\n|\n|t:|1700117420\n|switch|p1a: Dondozo|Dondozo, F|85\/100 brn\n|move|p2a: Skeledirge|Torch Song|p1a: Dondozo\n|-resisted|p1a: Dondozo\n|-damage|p1a: Dondozo|75\/100 brn\n|-boost|p2a: Skeledirge|spa|1\n|\n|-heal|p2a: Skeledirge|98\/100|[from] item: Leftovers\n|-heal|p1a: Dondozo|81\/100 brn|[from] item: Leftovers\n|-damage|p1a: Dondozo|75\/100 brn|[from] brn\n|upkeep\n|turn|14\n|\n|t:|1700117423\n|move|p2a: Skeledirge|Hex|p1a: Dondozo\n|-damage|p1a: Dondozo|46\/100 brn\n|move|p1a: Dondozo|Rest|p1a: Dondozo\n|-status|p1a: Dondozo|slp|[from] move: Rest\n|-heal|p1a: Dondozo|100\/100 slp|[silent]\n|\n|-heal|p2a: Skeledirge|100\/100|[from] item: Leftovers\n|upkeep\n|turn|15\n|\n|t:|1700117429\n|move|p2a: Skeledirge|Hex|p1a: Dondozo\n|-damage|p1a: Dondozo|71\/100 slp\n|cant|p1a: Dondozo|slp\n|move|p1a: Dondozo|Sleep Talk|p1a: Dondozo\n|move|p1a: Dondozo|Liquidation|p2a: Skeledirge|[from]move: Sleep Talk\n|-supereffective|p2a: Skeledirge\n|-damage|p2a: Skeledirge|55\/100\n|\n|-heal|p2a: Skeledirge|61\/100|[from] item: Leftovers\n|-heal|p1a: Dondozo|77\/100 slp|[from] item: Leftovers\n|upkeep\n|turn|16\n|\n|t:|1700117434\n|switch|p2a: Toedscruel|Toedscruel, F|73\/100\n|cant|p1a: Dondozo|slp\n|move|p1a: Dondozo|Sleep Talk|p1a: Dondozo\n|move|p1a: Dondozo|Rest||[from]move: Sleep Talk|[still]\n|-fail|p1a: Dondozo\n|\n|-heal|p2a: Toedscruel|79\/100|[from] item: Leftovers\n|-heal|p1a: Dondozo|83\/100 slp|[from] item: Leftovers\n|upkeep\n|turn|17\n|\n|t:|1700117439\n|switch|p1a: Corviknight|Corviknight, F|88\/100\n|-ability|p1a: Corviknight|Pressure\n|move|p2a: Toedscruel|Knock Off|p1a: Corviknight\n|-damage|p1a: Corviknight|76\/100\n|-damage|p2a: Toedscruel|63\/100|[from] item: Rocky Helmet|[of] p1a: Corviknight\n|-enditem|p1a: Corviknight|Rocky Helmet|[from] move: Knock Off|[of] p2a: Toedscruel\n|\n|-heal|p2a: Toedscruel|69\/100|[from] item: Leftovers\n|upkeep\n|turn|18\n|\n|t:|1700117443\n|switch|p2a: Skeledirge|Skeledirge, F|61\/100\n|move|p1a: Corviknight|Brave Bird|p2a: Skeledirge\n|-damage|p2a: Skeledirge|30\/100\n|-damage|p1a: Corviknight|66\/100|[from] Recoil\n|\n|-heal|p2a: Skeledirge|36\/100|[from] item: Leftovers\n|upkeep\n|turn|19\n|\n|t:|1700117449\n|switch|p1a: Gholdengo|Gholdengo|91\/100\n|move|p2a: Skeledirge|Slack Off|p2a: Skeledirge\n|-heal|p2a: Skeledirge|86\/100\n|\n|-heal|p2a: Skeledirge|92\/100|[from] item: Leftovers\n|upkeep\n|turn|20\n|\n|t:|1700117458\n|move|p1a: Gholdengo|Shadow Ball|p2a: Skeledirge\n|-supereffective|p2a: Skeledirge\n|-damage|p2a: Skeledirge|20\/100\n|move|p2a: Skeledirge|Torch Song|p1a: Gholdengo\n|-supereffective|p1a: Gholdengo\n|-damage|p1a: Gholdengo|27\/100\n|-boost|p2a: Skeledirge|spa|1\n|\n|-heal|p2a: Skeledirge|26\/100|[from] item: Leftovers\n|upkeep\n|turn|21\n|\n|t:|1700117464\n|switch|p2a: Toedscruel|Toedscruel, F|69\/100\n|move|p1a: Gholdengo|Shadow Ball|p2a: Toedscruel\n|-damage|p2a: Toedscruel|32\/100\n|-unboost|p2a: Toedscruel|spd|1\n|\n|-heal|p2a: Toedscruel|38\/100|[from] item: Leftovers\n|upkeep\n|turn|22\n|\n|t:|1700117470\n|switch|p1a: Corviknight|Corviknight, F|66\/100\n|-ability|p1a: Corviknight|Pressure\n|move|p2a: Toedscruel|Knock Off|p1a: Corviknight\n|-damage|p1a: Corviknight|58\/100\n|\n|-heal|p2a: Toedscruel|44\/100|[from] item: Leftovers\n|upkeep\n|turn|23\n|\n|t:|1700117476\n|switch|p2a: Ninetales|Ninetales-Alola, F|100\/100\n|-weather|Snow|[from] ability: Snow Warning|[of] p2a: Ninetales\n|move|p1a: Corviknight|Brave Bird|p2a: Ninetales\n|-damage|p2a: Ninetales|68\/100\n|-damage|p1a: Corviknight|49\/100|[from] Recoil\n|\n|-weather|Snow|[upkeep]\n|upkeep\n|turn|24\n|\n|t:|1700117482\n|switch|p1a: Gholdengo|Gholdengo|27\/100\n|move|p2a: Ninetales|Encore|p1a: Gholdengo\n|-immune|p1a: Gholdengo|[from] ability: Good as Gold\n|\n|-weather|Snow|[upkeep]\n|upkeep\n|turn|25\n|\n|t:|1700117489\n|move|p2a: Ninetales|Aurora Veil|p2a: Ninetales\n|-sidestart|p2: ratatta17|move: Aurora Veil\n|move|p1a: Gholdengo|Recover|p1a: Gholdengo\n|-heal|p1a: Gholdengo|77\/100\n|\n|-weather|Snow|[upkeep]\n|upkeep\n|turn|26\n|\n|t:|1700117493\n|switch|p2a: Toedscruel|Toedscruel, F|44\/100\n|move|p1a: Gholdengo|Nasty Plot|p1a: Gholdengo\n|-boost|p1a: Gholdengo|spa|2\n|\n|-weather|Snow|[upkeep]\n|-heal|p2a: Toedscruel|50\/100|[from] item: Leftovers\n|upkeep\n|turn|27\n|\n|t:|1700117500\n|switch|p1a: Corviknight|Corviknight, F|49\/100\n|-ability|p1a: Corviknight|Pressure\n|move|p2a: Toedscruel|Leech Seed|p1a: Corviknight\n|-start|p1a: Corviknight|move: Leech Seed\n|\n|-weather|none\n|-heal|p2a: Toedscruel|56\/100|[from] item: Leftovers\n|-damage|p1a: Corviknight|36\/100|[from] Leech Seed|[of] p2a: Toedscruel\n|-heal|p2a: Toedscruel|69\/100|[silent]\n|upkeep\n|turn|28\n|\n|t:|1700117505\n|switch|p2a: Skeledirge|Skeledirge, F|26\/100\n|move|p1a: Corviknight|Roost|p1a: Corviknight\n|-heal|p1a: Corviknight|86\/100\n|-singleturn|p1a: Corviknight|move: Roost\n|\n|-heal|p2a: Skeledirge|32\/100|[from] item: Leftovers\n|-damage|p1a: Corviknight|74\/100|[from] Leech Seed|[of] p2a: Skeledirge\n|-heal|p2a: Skeledirge|44\/100|[silent]\n|upkeep\n|turn|29\n|\n|t:|1700117509\n|switch|p1a: Dondozo|Dondozo, F|83\/100 slp\n|move|p2a: Skeledirge|Slack Off|p2a: Skeledirge\n|-heal|p2a: Skeledirge|94\/100\n|\n|-heal|p2a: Skeledirge|99\/100|[from] item: Leftovers\n|-heal|p1a: Dondozo|89\/100 slp|[from] item: Leftovers\n|upkeep\n|turn|30\n|\n|t:|1700117516\n|switch|p2a: Toedscruel|Toedscruel, F|69\/100\n|-curestatus|p1a: Dondozo|slp|[msg]\n|move|p1a: Dondozo|Liquidation|p2a: Toedscruel\n|-damage|p2a: Toedscruel|56\/100\n|\n|-heal|p2a: Toedscruel|62\/100|[from] item: Leftovers\n|-heal|p1a: Dondozo|95\/100|[from] item: Leftovers\n|upkeep\n|turn|31\n|\n|t:|1700117521\n|move|p1a: Dondozo|Curse|p1a: Dondozo\n|-unboost|p1a: Dondozo|spe|1\n|-boost|p1a: Dondozo|atk|1\n|-boost|p1a: Dondozo|def|1\n|move|p2a: Toedscruel|Leech Seed|p1a: Dondozo\n|-start|p1a: Dondozo|move: Leech Seed\n|\n|-heal|p2a: Toedscruel|68\/100|[from] item: Leftovers\n|-heal|p1a: Dondozo|100\/100|[from] item: Leftovers\n|-damage|p1a: Dondozo|88\/100|[from] Leech Seed|[of] p2a: Toedscruel\n|-heal|p2a: Toedscruel|85\/100|[silent]\n|upkeep\n|turn|32\n|\n|t:|1700117524\n|move|p2a: Toedscruel|Knock Off|p1a: Dondozo\n|-damage|p1a: Dondozo|82\/100\n|-enditem|p1a: Dondozo|Leftovers|[from] move: Knock Off|[of] p2a: Toedscruel\n|move|p1a: Dondozo|Liquidation|p2a: Toedscruel\n|-damage|p2a: Toedscruel|68\/100\n|\n|-heal|p2a: Toedscruel|74\/100|[from] item: Leftovers\n|-damage|p1a: Dondozo|69\/100|[from] Leech Seed|[of] p2a: Toedscruel\n|-heal|p2a: Toedscruel|91\/100|[silent]\n|-sideend|p2: ratatta17|move: Aurora Veil\n|upkeep\n|turn|33\n|\n|t:|1700117531\n|switch|p2a: Ninetales|Ninetales-Alola, F|68\/100\n|-weather|Snow|[from] ability: Snow Warning|[of] p2a: Ninetales\n|switch|p1a: Corviknight|Corviknight, F|74\/100\n|-ability|p1a: Corviknight|Pressure\n|\n|-weather|Snow|[upkeep]\n|upkeep\n|turn|34\n|\n|t:|1700117536\n|move|p2a: Ninetales|Aurora Veil|p2a: Ninetales\n|-sidestart|p2: ratatta17|move: Aurora Veil\n|move|p1a: Corviknight|Brave Bird|p2a: Ninetales\n|-damage|p2a: Ninetales|53\/100\n|-damage|p1a: Corviknight|70\/100|[from] Recoil\n|\n|-weather|Snow|[upkeep]\n|upkeep\n|turn|35\n|\n|t:|1700117541\n|switch|p2a: Skeledirge|Skeledirge, F|99\/100\n|move|p1a: Corviknight|Roost|p1a: Corviknight\n|-heal|p1a: Corviknight|100\/100\n|-singleturn|p1a: Corviknight|move: Roost\n|\n|-weather|Snow|[upkeep]\n|-heal|p2a: Skeledirge|100\/100|[from] item: Leftovers\n|upkeep\n|turn|36\n|\n|t:|1700117548\n|switch|p1a: Dondozo|Dondozo, F|69\/100\n|move|p2a: Skeledirge|Will-O-Wisp|p1a: Dondozo\n|-status|p1a: Dondozo|brn\n|\n|-weather|Snow|[upkeep]\n|-damage|p1a: Dondozo|63\/100 brn|[from] brn\n|upkeep\n|turn|37\n|\n|t:|1700117552\n|move|p2a: Skeledirge|Hex|p1a: Dondozo\n|-damage|p1a: Dondozo|33\/100 brn\n|move|p1a: Dondozo|Rest|p1a: Dondozo\n|-status|p1a: Dondozo|slp|[from] move: Rest\n|-heal|p1a: Dondozo|100\/100 slp|[silent]\n|\n|-weather|none\n|upkeep\n|turn|38\n|\n|t:|1700117562\n|switch|p2a: Toedscruel|Toedscruel, F|91\/100\n|cant|p1a: Dondozo|slp\n|move|p1a: Dondozo|Sleep Talk|p1a: Dondozo\n|move|p1a: Dondozo|Liquidation|p2a: Toedscruel|[from]move: Sleep Talk\n|-damage|p2a: Toedscruel|78\/100\n|-unboost|p2a: Toedscruel|def|1\n|\n|-heal|p2a: Toedscruel|84\/100|[from] item: Leftovers\n|upkeep\n|turn|39\n|\n|t:|1700117567\n|switch|p1a: Maushold|Maushold-Four|100\/100\n|move|p2a: Toedscruel|Leech Seed|p1a: Maushold\n|-start|p1a: Maushold|move: Leech Seed\n|\n|-heal|p2a: Toedscruel|90\/100|[from] item: Leftovers\n|-damage|p1a: Maushold|88\/100|[from] Leech Seed|[of] p2a: Toedscruel\n|-heal|p2a: Toedscruel|99\/100|[silent]\n|upkeep\n|turn|40\n|\n|t:|1700117571\n|switch|p2a: Skeledirge|Skeledirge, F|100\/100\n|move|p1a: Maushold|Tidy Up|p1a: Maushold\n|-boost|p1a: Maushold|atk|1\n|-boost|p1a: Maushold|spe|1\n|\n|-damage|p1a: Maushold|76\/100|[from] Leech Seed|[of] p2a: Skeledirge\n|upkeep\n|turn|41\n|\n|t:|1700117575\n|switch|p1a: Dondozo|Dondozo, F|100\/100 slp\n|move|p2a: Skeledirge|Will-O-Wisp||[still]\n|-fail|p2a: Skeledirge\n|\n|-sideend|p2: ratatta17|move: Aurora Veil\n|upkeep\n|turn|42\n|\n|t:|1700117579\n|move|p2a: Skeledirge|Hex|p1a: Dondozo\n|-crit|p1a: Dondozo\n|-damage|p1a: Dondozo|51\/100 slp\n|cant|p1a: Dondozo|slp\n|move|p1a: Dondozo|Sleep Talk|p1a: Dondozo\n|move|p1a: Dondozo|Curse|p1a: Dondozo|[from]move: Sleep Talk\n|-unboost|p1a: Dondozo|spe|1\n|-boost|p1a: Dondozo|atk|1\n|-boost|p1a: Dondozo|def|1\n|\n|upkeep\n|turn|43\n|\n|t:|1700117586\n|move|p2a: Skeledirge|Hex|p1a: Dondozo\n|-damage|p1a: Dondozo|20\/100 slp\n|-curestatus|p1a: Dondozo|slp|[msg]\n|move|p1a: Dondozo|Liquidation|p2a: Skeledirge\n|-supereffective|p2a: Skeledirge\n|-damage|p2a: Skeledirge|50\/100\n|\n|-heal|p2a: Skeledirge|56\/100|[from] item: Leftovers\n|upkeep\n|turn|44\n|\n|t:|1700117594\n|move|p2a: Skeledirge|Hex|p1a: Dondozo\n|-damage|p1a: Dondozo|3\/100\n|move|p1a: Dondozo|Rest|p1a: Dondozo\n|-status|p1a: Dondozo|slp|[from] move: Rest\n|-heal|p1a: Dondozo|100\/100 slp|[silent]\n|\n|-heal|p2a: Skeledirge|62\/100|[from] item: Leftovers\n|upkeep\n|turn|45\n|\n|t:|1700117601\n|switch|p2a: Ninetales|Ninetales-Alola, F|53\/100\n|-weather|Snow|[from] ability: Snow Warning|[of] p2a: Ninetales\n|cant|p1a: Dondozo|slp\n|move|p1a: Dondozo|Sleep Talk|p1a: Dondozo\n|move|p1a: Dondozo|Curse|p1a: Dondozo|[from]move: Sleep Talk\n|-unboost|p1a: Dondozo|spe|1\n|-boost|p1a: Dondozo|atk|1\n|-boost|p1a: Dondozo|def|1\n|\n|-weather|Snow|[upkeep]\n|upkeep\n|turn|46\n|\n|t:|1700117606\n|switch|p1a: Gholdengo|Gholdengo|77\/100\n|move|p2a: Ninetales|Encore|p1a: Gholdengo\n|-immune|p1a: Gholdengo|[from] ability: Good as Gold\n|\n|-weather|Snow|[upkeep]\n|upkeep\n|turn|47\n|\n|t:|1700117609\n|move|p2a: Ninetales|Aurora Veil|p2a: Ninetales\n|-sidestart|p2: ratatta17|move: Aurora Veil\n|move|p1a: Gholdengo|Make It Rain|p2a: Ninetales\n|-supereffective|p2a: Ninetales\n|-damage|p2a: Ninetales|0 fnt\n|-unboost|p1a: Gholdengo|spa|1\n|faint|p2a: Ninetales\n|\n|-weather|Snow|[upkeep]\n|upkeep\n|\n|t:|1700117614\n|switch|p2a: Toedscruel|Toedscruel, F|99\/100\n|turn|48\n|\n|t:|1700117616\n|switch|p1a: Corviknight|Corviknight, F|100\/100\n|-ability|p1a: Corviknight|Pressure\n|move|p2a: Toedscruel|Leech Seed|p1a: Corviknight\n|-start|p1a: Corviknight|move: Leech Seed\n|\n|-weather|Snow|[upkeep]\n|-heal|p2a: Toedscruel|100\/100|[from] item: Leftovers\n|-damage|p1a: Corviknight|88\/100|[from] Leech Seed|[of] p2a: Toedscruel\n|upkeep\n|turn|49\n|\n|t:|1700117621\n|switch|p2a: Skeledirge|Skeledirge, F|62\/100\n|switch|p1a: Dondozo|Dondozo, F|100\/100 slp\n|\n|-weather|none\n|-heal|p2a: Skeledirge|68\/100|[from] item: Leftovers\n|upkeep\n|turn|50\n|\n|t:|1700117629\n|move|p2a: Skeledirge|Hex|p1a: Dondozo\n|-damage|p1a: Dondozo|67\/100 slp\n|cant|p1a: Dondozo|slp\n|move|p1a: Dondozo|Sleep Talk|p1a: Dondozo\n|move|p1a: Dondozo|Liquidation|p2a: Skeledirge|[from]move: Sleep Talk\n|-supereffective|p2a: Skeledirge\n|-damage|p2a: Skeledirge|45\/100\n|\n|-heal|p2a: Skeledirge|51\/100|[from] item: Leftovers\n|upkeep\n|turn|51\n|\n|t:|1700117634\n|move|p2a: Skeledirge|Slack Off|p2a: Skeledirge\n|-heal|p2a: Skeledirge|100\/100\n|-curestatus|p1a: Dondozo|slp|[msg]\n|move|p1a: Dondozo|Rest|p1a: Dondozo\n|-status|p1a: Dondozo|slp|[from] move: Rest\n|-heal|p1a: Dondozo|100\/100 slp|[silent]\n|\n|upkeep\n|turn|52\n|\n|t:|1700117639\n|switch|p1a: Maushold|Maushold-Four|76\/100\n|move|p2a: Skeledirge|Hex|p1a: Maushold\n|-immune|p1a: Maushold\n|\n|upkeep\n|turn|53\n|\n|t:|1700117643\n|switch|p1a: Dondozo|Dondozo, F|100\/100 slp\n|move|p2a: Skeledirge|Will-O-Wisp||[still]\n|-fail|p2a: Skeledirge\n|\n|upkeep\n|turn|54\n|\n|t:|1700117646\n|move|p2a: Skeledirge|Will-O-Wisp||[still]\n|-fail|p2a: Skeledirge\n|cant|p1a: Dondozo|slp\n|move|p1a: Dondozo|Sleep Talk|p1a: Dondozo\n|move|p1a: Dondozo|Curse|p1a: Dondozo|[from]move: Sleep Talk\n|-unboost|p1a: Dondozo|spe|1\n|-boost|p1a: Dondozo|atk|1\n|-boost|p1a: Dondozo|def|1\n|\n|-sideend|p2: ratatta17|move: Aurora Veil\n|upkeep\n|turn|55\n|\n|t:|1700117654\n|switch|p2a: Toedscruel|Toedscruel, F|100\/100\n|cant|p1a: Dondozo|slp\n|move|p1a: Dondozo|Sleep Talk|p1a: Dondozo\n|move|p1a: Dondozo|Rest||[from]move: Sleep Talk|[still]\n|-fail|p1a: Dondozo\n|\n|upkeep\n|turn|56\n|\n|t:|1700117661\n|switch|p1a: Maushold|Maushold-Four|76\/100\n|move|p2a: Toedscruel|Leech Seed|p1a: Maushold\n|-start|p1a: Maushold|move: Leech Seed\n|\n|-damage|p1a: Maushold|63\/100|[from] Leech Seed|[of] p2a: Toedscruel\n|upkeep\n|turn|57\n|\n|t:|1700117668\n|switch|p2a: Skeledirge|Skeledirge, F|100\/100\n|move|p1a: Maushold|Bite|p2a: Skeledirge\n|-supereffective|p2a: Skeledirge\n|-damage|p2a: Skeledirge|63\/100\n|\n|-heal|p2a: Skeledirge|69\/100|[from] item: Leftovers\n|-damage|p1a: Maushold|51\/100|[from] Leech Seed|[of] p2a: Skeledirge\n|-heal|p2a: Skeledirge|78\/100|[silent]\n|upkeep\n|turn|58\n|\n|t:|1700117676\n|switch|p1a: Dondozo|Dondozo, F|100\/100 slp\n|move|p2a: Skeledirge|Hex|p1a: Dondozo\n|-damage|p1a: Dondozo|69\/100 slp\n|\n|-heal|p2a: Skeledirge|84\/100|[from] item: Leftovers\n|upkeep\n|turn|59\n|\n|t:|1700117681\n|move|p2a: Skeledirge|Hex|p1a: Dondozo\n|-damage|p1a: Dondozo|36\/100 slp\n|-curestatus|p1a: Dondozo|slp|[msg]\n|move|p1a: Dondozo|Liquidation|p2a: Skeledirge\n|-supereffective|p2a: Skeledirge\n|-damage|p2a: Skeledirge|34\/100\n|\n|-heal|p2a: Skeledirge|40\/100|[from] item: Leftovers\n|upkeep\n|turn|60\n|\n|t:|1700117691\n|move|p2a: Skeledirge|Slack Off|p2a: Skeledirge\n|-heal|p2a: Skeledirge|90\/100\n|move|p1a: Dondozo|Rest|p1a: Dondozo\n|-status|p1a: Dondozo|slp|[from] move: Rest\n|-heal|p1a: Dondozo|100\/100 slp|[silent]\n|\n|-heal|p2a: Skeledirge|96\/100|[from] item: Leftovers\n|upkeep\n|turn|61\n|\n|t:|1700117697\n|switch|p2a: Toedscruel|Toedscruel, F|100\/100\n|cant|p1a: Dondozo|slp\n|move|p1a: Dondozo|Sleep Talk|p1a: Dondozo\n|move|p1a: Dondozo|Curse|p1a: Dondozo|[from]move: Sleep Talk\n|-unboost|p1a: Dondozo|spe|1\n|-boost|p1a: Dondozo|atk|1\n|-boost|p1a: Dondozo|def|1\n|\n|upkeep\n|turn|62\n|\n|t:|1700117701\n|cant|p1a: Dondozo|slp\n|move|p1a: Dondozo|Sleep Talk|p1a: Dondozo\n|move|p1a: Dondozo|Curse|p1a: Dondozo|[from]move: Sleep Talk\n|-unboost|p1a: Dondozo|spe|1\n|-boost|p1a: Dondozo|atk|1\n|-boost|p1a: Dondozo|def|1\n|move|p2a: Toedscruel|Leech Seed|p1a: Dondozo\n|-start|p1a: Dondozo|move: Leech Seed\n|\n|-damage|p1a: Dondozo|88\/100 slp|[from] Leech Seed|[of] p2a: Toedscruel\n|upkeep\n|turn|63\n|\n|t:|1700117709\n|switch|p2a: Skeledirge|Skeledirge, F|96\/100\n|-curestatus|p1a: Dondozo|slp|[msg]\n|move|p1a: Dondozo|Liquidation|p2a: Skeledirge\n|-supereffective|p2a: Skeledirge\n|-damage|p2a: Skeledirge|50\/100\n|-unboost|p2a: Skeledirge|def|1\n|\n|-heal|p2a: Skeledirge|57\/100|[from] item: Leftovers\n|-damage|p1a: Dondozo|76\/100|[from] Leech Seed|[of] p2a: Skeledirge\n|-heal|p2a: Skeledirge|72\/100|[silent]\n|upkeep\n|turn|64\n|\n|t:|1700117721\n|switch|p1a: Maushold|Maushold-Four|51\/100\n|move|p2a: Skeledirge|Will-O-Wisp|p1a: Maushold\n|-status|p1a: Maushold|brn\n|\n|-heal|p2a: Skeledirge|78\/100|[from] item: Leftovers\n|-damage|p1a: Maushold|45\/100 brn|[from] brn\n|upkeep\n|turn|65\n|\n|t:|1700117726\n|switch|p2a: Toedscruel|Toedscruel, F|100\/100\n|move|p1a: Maushold|Encore||[still]\n|-fail|p1a: Maushold\n|\n|-damage|p1a: Maushold|39\/100 brn|[from] brn\n|upkeep\n|turn|66\n|\n|t:|1700117730\n|switch|p2a: Skeledirge|Skeledirge, F|78\/100\n|move|p1a: Maushold|Population Bomb|p2a: Skeledirge\n|-immune|p2a: Skeledirge\n|\n|-heal|p2a: Skeledirge|84\/100|[from] item: Leftovers\n|-damage|p1a: Maushold|32\/100 brn|[from] brn\n|upkeep\n|turn|67\n|\n|t:|1700117736\n|move|p1a: Maushold|Bite|p2a: Skeledirge\n|-supereffective|p2a: Skeledirge\n|-damage|p2a: Skeledirge|66\/100\n|move|p2a: Skeledirge|Torch Song|p1a: Maushold\n|-damage|p1a: Maushold|0 fnt\n|-boost|p2a: Skeledirge|spa|1\n|faint|p1a: Maushold\n|\n|-heal|p2a: Skeledirge|72\/100|[from] item: Leftovers\n|upkeep\n|\n|t:|1700117738\n|switch|p1a: Gholdengo|Gholdengo|77\/100\n|turn|68\n|\n|t:|1700117749\n|-terastallize|p2a: Skeledirge|Dragon\n|move|p1a: Gholdengo|Shadow Ball|p2a: Skeledirge\n|-damage|p2a: Skeledirge|37\/100\n|move|p2a: Skeledirge|Torch Song|p1a: Gholdengo\n|-supereffective|p1a: Gholdengo\n|-crit|p1a: Gholdengo\n|-damage|p1a: Gholdengo|0 fnt\n|-boost|p2a: Skeledirge|spa|1\n|faint|p1a: Gholdengo\n|\n|-heal|p2a: Skeledirge|43\/100|[from] item: Leftovers\n|upkeep\n|\n|t:|1700117760\n|switch|p1a: Dondozo|Dondozo, F|76\/100\n|turn|69\n|\n|t:|1700117763\n|move|p2a: Skeledirge|Slack Off|p2a: Skeledirge\n|-heal|p2a: Skeledirge|93\/100\n|move|p1a: Dondozo|Curse|p1a: Dondozo\n|-unboost|p1a: Dondozo|spe|1\n|-boost|p1a: Dondozo|atk|1\n|-boost|p1a: Dondozo|def|1\n|\n|-heal|p2a: Skeledirge|99\/100|[from] item: Leftovers\n|upkeep\n|turn|70\n|\n|t:|1700117768\n|move|p2a: Skeledirge|Will-O-Wisp|p1a: Dondozo\n|-status|p1a: Dondozo|brn\n|move|p1a: Dondozo|Liquidation|p2a: Skeledirge\n|-resisted|p2a: Skeledirge\n|-damage|p2a: Skeledirge|93\/100\n|\n|-heal|p2a: Skeledirge|99\/100|[from] item: Leftovers\n|-damage|p1a: Dondozo|70\/100 brn|[from] brn\n|upkeep\n|turn|71\n|\n|t:|1700117774\n|move|p2a: Skeledirge|Hex|p1a: Dondozo\n|-damage|p1a: Dondozo|40\/100 brn\n|move|p1a: Dondozo|Rest|p1a: Dondozo\n|-status|p1a: Dondozo|slp|[from] move: Rest\n|-heal|p1a: Dondozo|100\/100 slp|[silent]\n|\n|-heal|p2a: Skeledirge|100\/100|[from] item: Leftovers\n|upkeep\n|turn|72\n|\n|t:|1700117783\n|switch|p2a: Toedscruel|Toedscruel, F|100\/100\n|cant|p1a: Dondozo|slp\n|move|p1a: Dondozo|Sleep Talk|p1a: Dondozo\n|move|p1a: Dondozo|Rest||[from]move: Sleep Talk|[still]\n|-fail|p1a: Dondozo\n|\n|upkeep\n|turn|73\n|\n|t:|1700117786\n|switch|p1a: Corviknight|Corviknight, F|88\/100\n|-ability|p1a: Corviknight|Pressure\n|move|p2a: Toedscruel|Leech Seed|p1a: Corviknight\n|-start|p1a: Corviknight|move: Leech Seed\n|\n|-damage|p1a: Corviknight|76\/100|[from] Leech Seed|[of] p2a: Toedscruel\n|upkeep\n|turn|74\n|\n|t:|1700117791\n|switch|p2a: Skeledirge|Skeledirge, F, tera:Dragon|100\/100\n|switch|p1a: Dondozo|Dondozo, F|100\/100 slp\n|\n|upkeep\n|turn|75\n|\n|t:|1700117796\n|switch|p2a: Toedscruel|Toedscruel, F|100\/100\n|cant|p1a: Dondozo|slp\n|move|p1a: Dondozo|Sleep Talk|p1a: Dondozo\n|move|p1a: Dondozo|Curse|p1a: Dondozo|[from]move: Sleep Talk\n|-unboost|p1a: Dondozo|spe|1\n|-boost|p1a: Dondozo|atk|1\n|-boost|p1a: Dondozo|def|1\n|\n|upkeep\n|turn|76\n|\n|t:|1700117801\n|switch|p1a: Hoopa|Hoopa-Unbound|100\/100 slp\n|move|p2a: Toedscruel|Leech Seed|p1a: Hoopa\n|-start|p1a: Hoopa|move: Leech Seed\n|\n|-damage|p1a: Hoopa|88\/100 slp|[from] Leech Seed|[of] p2a: Toedscruel\n|upkeep\n|turn|77\n|\n|t:|1700117806\n|switch|p2a: Iron Valiant|Iron Valiant|100\/100\n|cant|p1a: Hoopa|slp\n|\n|-damage|p1a: Hoopa|76\/100 slp|[from] Leech Seed|[of] p2a: Iron Valiant\n|upkeep\n|turn|78\n|\n|t:|1700117810\n|move|p2a: Iron Valiant|Moonblast|p1a: Hoopa\n|-supereffective|p1a: Hoopa\n|-damage|p1a: Hoopa|0 fnt\n|faint|p1a: Hoopa\n|-damage|p2a: Iron Valiant|91\/100|[from] item: Life Orb\n|\n|upkeep\n|\n|t:|1700117815\n|switch|p1a: Corviknight|Corviknight, F|76\/100\n|-ability|p1a: Corviknight|Pressure\n|turn|79\n|\n|t:|1700117817\n|move|p2a: Iron Valiant|Thunderbolt|p1a: Corviknight\n|-supereffective|p1a: Corviknight\n|-damage|p1a: Corviknight|0 fnt\n|faint|p1a: Corviknight\n|-damage|p2a: Iron Valiant|81\/100|[from] item: Life Orb\n|\n|upkeep\n|-message|xxzfn forfeited.\n|\n|win|ratatta17\n|raw|xxzfn's rating: 1580 &rarr; <strong>1554<\/strong><br \/>(-26 for losing)\n|raw|ratatta17's rating: 1475 &rarr; <strong>1501<\/strong><br \/>(+26 for winning)\n|l|\u2606xxzfn\n|c|\u2606ratatta17|STALL\n","uploadtime":1700117828,"views":14,"p1id":"xxzfn","p2id":"ratatta17","formatid":"gen9ou","rating":1501,"private":0,"password":""}