{"id":"gen9ou-1989078425","p1":"cuckoochicken","p2":"BugCatcherN8R1X","format":"[Gen 9] OU","log":"|j|\u2606cuckoochicken\n|j|\u2606BugCatcherN8R1X\n|t:|1699809813\n|gametype|singles\n|player|p1|cuckoochicken|ninjaboy|1195\n|player|p2|BugCatcherN8R1X|bugcatcher-gen4dp|1162\n|teamsize|p1|6\n|teamsize|p2|6\n|gen|9\n|tier|[Gen 9] OU\n|rated|\n|rule|Sleep Clause Mod: Limit one foe put to sleep\n|rule|Species Clause: Limit one of each Pok\u00e9mon\n|rule|OHKO Clause: OHKO moves are banned\n|rule|Evasion Items Clause: Evasion items are banned\n|rule|Evasion Moves Clause: Evasion moves are banned\n|rule|Endless Battle Clause: Forcing endless battles is banned\n|rule|HP Percentage Mod: HP is shown in percentages\n|clearpoke\n|poke|p1|Arcanine-Hisui, M|\n|poke|p1|Iron Valiant|\n|poke|p1|Clefable, F|\n|poke|p1|Slowking-Galar, F|\n|poke|p1|Great Tusk|\n|poke|p1|Ogerpon-Wellspring, F|\n|poke|p2|Kleavor, M|\n|poke|p2|Lokix, M|\n|poke|p2|Vikavolt, F|\n|poke|p2|Slither Wing|\n|poke|p2|Scizor, M|\n|poke|p2|Ribombee, M|\n|teampreview\n|inactive|Battle timer is ON: inactive players will automatically lose when time's up. (requested by cuckoochicken)\n|c|\u2606BugCatcherN8R1X|Glhf\n|\n|t:|1699809840\n|start\n|switch|p1a: Arcanine|Arcanine-Hisui, M|100\/100\n|switch|p2a: Erebus|Lokix, M|100\/100\n|turn|1\n|\n|t:|1699809862\n|move|p2a: Erebus|U-turn|p1a: Arcanine\n|-resisted|p1a: Arcanine\n|-damage|p1a: Arcanine|52\/100\n|-damage|p2a: Erebus|91\/100|[from] item: Life Orb\n|\n|t:|1699809869\n|switch|p2a: Hermes|Ribombee, M|100\/100|[from] U-turn\n|move|p1a: Arcanine|Flare Blitz|p2a: Hermes\n|-supereffective|p2a: Hermes\n|-damage|p2a: Hermes|0 fnt\n|faint|p2a: Hermes\n|\n|upkeep\n|\n|t:|1699809880\n|switch|p2a: Hachiman|Kleavor, M|100\/100\n|turn|2\n|\n|t:|1699809891\n|switch|p1a: Great Tusk|Great Tusk|100\/100\n|move|p2a: Hachiman|Stone Axe|p1a: Great Tusk\n|-resisted|p1a: Great Tusk\n|-damage|p1a: Great Tusk|92\/100\n|-sidestart|p1: cuckoochicken|move: Stealth Rock\n|\n|upkeep\n|turn|3\n|inactive|cuckoochicken has 120 seconds left.\n|\n|t:|1699809929\n|switch|p2a: Ares|Scizor, M|100\/100\n|move|p1a: Great Tusk|Rapid Spin|p2a: Ares\n|-resisted|p2a: Ares\n|-damage|p2a: Ares|93\/100\n|-boost|p1a: Great Tusk|spe|1\n|-sideend|p1: cuckoochicken|Stealth Rock|[from] move: Rapid Spin|[of] p1a: Great Tusk\n|\n|upkeep\n|turn|4\n|inactive|cuckoochicken has 120 seconds left.\n|\n|t:|1699809959\n|move|p1a: Great Tusk|Body Press|p2a: Ares\n|-damage|p2a: Ares|52\/100\n|move|p2a: Ares|Swords Dance|p2a: Ares\n|-boost|p2a: Ares|atk|2\n|\n|upkeep\n|turn|5\n|\n|t:|1699809969\n|move|p1a: Great Tusk|Body Press|p2a: Ares\n|-damage|p2a: Ares|11\/100\n|move|p2a: Ares|Trailblaze|p1a: Great Tusk\n|-supereffective|p1a: Great Tusk\n|-damage|p1a: Great Tusk|18\/100\n|-boost|p2a: Ares|spe|1\n|-heal|p2a: Ares|21\/100|[from] item: Shell Bell|[of] p1a: Great Tusk\n|\n|upkeep\n|turn|6\n|inactive|cuckoochicken has 120 seconds left.\n|\n|t:|1699809981\n|move|p2a: Ares|Bullet Punch|p1a: Great Tusk\n|-damage|p1a: Great Tusk|0 fnt\n|faint|p1a: Great Tusk\n|-end|p1a: Great Tusk|Protosynthesis|[silent]\n|-heal|p2a: Ares|23\/100|[from] item: Shell Bell|[of] p1: Great Tusk\n|\n|upkeep\n|\n|t:|1699809983\n|switch|p1a: Arcanine|Arcanine-Hisui, M|52\/100\n|turn|7\n|\n|t:|1699809989\n|move|p1a: Arcanine|Extreme Speed|p2a: Ares\n|-resisted|p2a: Ares\n|-damage|p2a: Ares|3\/100\n|move|p2a: Ares|Bullet Punch|p1a: Arcanine\n|-damage|p1a: Arcanine|0 fnt\n|faint|p1a: Arcanine\n|-heal|p2a: Ares|9\/100|[from] item: Shell Bell|[of] p1: Arcanine\n|\n|upkeep\n|\n|t:|1699809998\n|switch|p1a: Iron Valiant|Iron Valiant|100\/100\n|-enditem|p1a: Iron Valiant|Booster Energy\n|-activate|p1a: Iron Valiant|ability: Quark Drive|[fromitem]\n|-start|p1a: Iron Valiant|quarkdrivespe\n|turn|8\n|\n|t:|1699810004\n|-terastallize|p1a: Iron Valiant|Electric\n|move|p2a: Ares|Bullet Punch|p1a: Iron Valiant\n|-resisted|p1a: Iron Valiant\n|-damage|p1a: Iron Valiant|59\/100\n|-heal|p2a: Ares|14\/100|[from] item: Shell Bell|[of] p1a: Iron Valiant\n|move|p1a: Iron Valiant|Moonblast|p2a: Ares\n|-resisted|p2a: Ares\n|-damage|p2a: Ares|0 fnt\n|faint|p2a: Ares\n|\n|upkeep\n|\n|t:|1699810017\n|switch|p2a: Hachiman|Kleavor, M|100\/100\n|turn|9\n|l|\u2606BugCatcherN8R1X\n|inactive|BugCatcherN8R1X disconnected and has a minute to reconnect!\n|player|p2|\n|j|\u2606BugCatcherN8R1X\n|inactive|BugCatcherN8R1X reconnected and has 150 seconds left.\n|player|p2|BugCatcherN8R1X|bugcatcher-gen4dp\n|\n|t:|1699810028\n|move|p1a: Iron Valiant|Thunderbolt|p2a: Hachiman\n|-damage|p2a: Hachiman|28\/100\n|move|p2a: Hachiman|Stone Axe|p1a: Iron Valiant\n|-damage|p1a: Iron Valiant|0 fnt\n|-sidestart|p1: cuckoochicken|move: Stealth Rock\n|faint|p1a: Iron Valiant\n|-end|p1a: Iron Valiant|Quark Drive|[silent]\n|\n|upkeep\n|\n|t:|1699810039\n|switch|p1a: Clefable|Clefable, F|100\/100\n|turn|10\n|\n|t:|1699810042\n|move|p2a: Hachiman|Stone Axe|p1a: Clefable\n|-damage|p1a: Clefable|55\/100\n|move|p1a: Clefable|Moonblast|p2a: Hachiman\n|-damage|p2a: Hachiman|0 fnt\n|faint|p2a: Hachiman\n|\n|-heal|p1a: Clefable|61\/100|[from] item: Leftovers\n|upkeep\n|\n|t:|1699810060\n|switch|p2a: Erebus|Lokix, M|91\/100\n|turn|11\n|\n|t:|1699810064\n|move|p2a: Erebus|Knock Off|p1a: Clefable\n|-resisted|p1a: Clefable\n|-damage|p1a: Clefable|15\/100\n|-enditem|p1a: Clefable|Leftovers|[from] move: Knock Off|[of] p2a: Erebus\n|-damage|p2a: Erebus|81\/100|[from] item: Life Orb\n|move|p1a: Clefable|Thunder Wave|p2a: Erebus\n|-status|p2a: Erebus|par\n|\n|upkeep\n|turn|12\n|l|\u2606cuckoochicken\n|inactive|cuckoochicken disconnected and has a minute to reconnect!\n|player|p1|\n|j|\u2606cuckoochicken\n|inactive|cuckoochicken reconnected and has 130 seconds left.\n|player|p1|cuckoochicken|ninjaboy\n|\n|t:|1699810092\n|move|p1a: Clefable|Protect|p1a: Clefable\n|-singleturn|p1a: Clefable|Protect\n|move|p2a: Erebus|Sucker Punch||[still]\n|-fail|p2a: Erebus\n|\n|upkeep\n|turn|13\n|\n|t:|1699810098\n|move|p2a: Erebus|U-turn|p1a: Clefable\n|-resisted|p1a: Clefable\n|-damage|p1a: Clefable|0 fnt\n|faint|p1a: Clefable\n|-damage|p2a: Erebus|71\/100 par|[from] item: Life Orb\n|\n|t:|1699810106\n|switch|p2a: Thor|Vikavolt, F|100\/100|[from] U-turn\n|\n|upkeep\n|\n|t:|1699810110\n|switch|p1a: Slowking|Slowking-Galar, F|100\/100\n|-damage|p1a: Slowking|88\/100|[from] Stealth Rock\n|turn|14\n|\n|t:|1699810117\n|move|p2a: Thor|Agility|p2a: Thor\n|-boost|p2a: Thor|spe|2\n|move|p1a: Slowking|Toxic|p2a: Thor\n|-status|p2a: Thor|tox\n|\n|-damage|p2a: Thor|94\/100 tox|[from] psn\n|upkeep\n|turn|15\n|\n|t:|1699810122\n|move|p2a: Thor|Bug Buzz|p1a: Slowking\n|-damage|p1a: Slowking|56\/100\n|-enditem|p2a: Thor|Throat Spray\n|-boost|p2a: Thor|spa|1|[from] item: Throat Spray\n|move|p1a: Slowking|Eerie Spell|p2a: Thor\n|-damage|p2a: Thor|52\/100 tox\n|-activate|p2a: Thor|move: Eerie Spell|Bug Buzz|3\n|\n|-damage|p2a: Thor|40\/100 tox|[from] psn\n|upkeep\n|turn|16\n|\n|t:|1699810130\n|move|p2a: Thor|Thunderbolt|p1a: Slowking\n|-damage|p1a: Slowking|12\/100\n|move|p1a: Slowking|Slack Off|p1a: Slowking\n|-heal|p1a: Slowking|62\/100\n|\n|-damage|p2a: Thor|22\/100 tox|[from] psn\n|upkeep\n|turn|17\n|\n|t:|1699810137\n|move|p2a: Thor|Bug Buzz|p1a: Slowking\n|-damage|p1a: Slowking|16\/100\n|-unboost|p1a: Slowking|spd|1\n|move|p1a: Slowking|Slack Off|p1a: Slowking\n|-heal|p1a: Slowking|66\/100\n|\n|-damage|p2a: Thor|0 fnt|[from] psn\n|faint|p2a: Thor\n|upkeep\n|\n|t:|1699810142\n|switch|p2a: Erebus|Lokix, M|71\/100 par\n|turn|18\n|\n|t:|1699810150\n|move|p2a: Erebus|Knock Off|p1a: Slowking\n|-supereffective|p1a: Slowking\n|-damage|p1a: Slowking|0 fnt\n|-enditem|p1a: Slowking|Mental Herb|[from] move: Knock Off|[of] p2a: Erebus\n|faint|p1a: Slowking\n|-damage|p2a: Erebus|61\/100 par|[from] item: Life Orb\n|\n|upkeep\n|\n|t:|1699810152\n|switch|p1a: Ogerpon|Ogerpon-Wellspring, F|100\/100\n|-damage|p1a: Ogerpon|88\/100|[from] Stealth Rock\n|turn|19\n|\n|t:|1699810161\n|move|p1a: Ogerpon|Ivy Cudgel|p2a: Erebus\n|-damage|p2a: Erebus|0 fnt\n|faint|p2a: Erebus\n|\n|upkeep\n|\n|t:|1699810164\n|switch|p2a: Apollo|Slither Wing|100\/100\n|-enditem|p2a: Apollo|Booster Energy\n|-activate|p2a: Apollo|ability: Protosynthesis|[fromitem]\n|-start|p2a: Apollo|protosynthesisatk\n|turn|20\n|\n|t:|1699810181\n|move|p1a: Ogerpon|Ivy Cudgel|p2a: Apollo\n|-damage|p2a: Apollo|25\/100\n|move|p2a: Apollo|Leech Life|p1a: Ogerpon\n|-supereffective|p1a: Ogerpon\n|-damage|p1a: Ogerpon|0 fnt\n|-heal|p2a: Apollo|72\/100|[from] drain|[of] p1a: Ogerpon\n|faint|p1a: Ogerpon\n|\n|win|BugCatcherN8R1X\n|raw|cuckoochicken's rating: 1195 &rarr; <strong>1168<\/strong><br \/>(-27 for losing)\n|raw|BugCatcherN8R1X's rating: 1162 &rarr; <strong>1189<\/strong><br \/>(+27 for winning)\n|l|\u2606cuckoochicken\n|c|\u2606BugCatcherN8R1X|Gg\n","uploadtime":1699810198,"views":9,"p1id":"cuckoochicken","p2id":"bugcatchern8r1x","formatid":"gen9ou","rating":1168,"private":0,"password":""}