{"id":"gen9ou-1989629255","p1":"Randomssp","p2":"Sergia73","format":"[Gen 9] OU","log":"|j|\u2606Randomssp\n|j|\u2606Sergia73\n|inactive|Battle timer is ON: inactive players will automatically lose when time's up.\n|t:|1699880833\n|gametype|singles\n|player|p1|Randomssp|ghetsis-gen5bw|\n|player|p2|Sergia73|tate|\n|teamsize|p1|3\n|teamsize|p2|3\n|gen|9\n|tier|[Gen 9] OU\n|rated|Tournament battle\n|rule|Sleep Clause Mod: Limit one foe put to sleep\n|rule|Species Clause: Limit one of each Pok\u00e9mon\n|rule|OHKO Clause: OHKO moves are banned\n|rule|Evasion Items Clause: Evasion items are banned\n|rule|Evasion Moves Clause: Evasion moves are banned\n|rule|Endless Battle Clause: Forcing endless battles is banned\n|rule|HP Percentage Mod: HP is shown in percentages\n|clearpoke\n|poke|p1|Smoliv, F|\n|poke|p1|Garganacl, F|\n|poke|p1|Bellibolt, M|\n|poke|p2|Arbok, F|\n|poke|p2|Persian, M|\n|poke|p2|Salazzle, F|\n|teampreview\n|j|*Lady Monita \u2746\n|j|^HEAVY-DUTY B0OTY\n|inactive|Randomssp has 120 seconds left.\n|\n|t:|1699880864\n|start\n|switch|p1a: Smoliv|Smoliv, F|100\/100\n|switch|p2a: Persian|Persian, M|100\/100\n|turn|1\n|\n|t:|1699880870\n|move|p1a: Smoliv|Protect|p1a: Smoliv\n|-singleturn|p1a: Smoliv|Protect\n|move|p2a: Persian|U-turn|p1a: Smoliv\n|-activate|p1a: Smoliv|move: Protect\n|\n|upkeep\n|turn|2\n|\n|t:|1699880879\n|move|p2a: Persian|U-turn|p1a: Smoliv\n|-supereffective|p1a: Smoliv\n|-damage|p1a: Smoliv|0 fnt\n|faint|p1a: Smoliv\n|\n|t:|1699880884\n|switch|p2a: Arbok|Arbok, F|100\/100|[from] U-turn\n|\n|upkeep\n|\n|t:|1699880889\n|switch|p1a: Garganacl|Garganacl, F|100\/100\n|turn|3\n|\n|t:|1699880898\n|-terastallize|p2a: Arbok|Dragon\n|move|p2a: Arbok|Coil|p2a: Arbok\n|-boost|p2a: Arbok|atk|1\n|-boost|p2a: Arbok|def|1\n|-boost|p2a: Arbok|accuracy|1\n|move|p1a: Garganacl|Salt Cure|p2a: Arbok\n|-damage|p2a: Arbok|88\/100\n|-start|p2a: Arbok|Salt Cure\n|\n|-heal|p2a: Arbok|94\/100|[from] item: Leftovers\n|-damage|p2a: Arbok|81\/100|[from] Salt Cure\n|upkeep\n|turn|4\n|\n|t:|1699880905\n|move|p2a: Arbok|Coil|p2a: Arbok\n|-boost|p2a: Arbok|atk|1\n|-boost|p2a: Arbok|def|1\n|-boost|p2a: Arbok|accuracy|1\n|move|p1a: Garganacl|Iron Defense|p1a: Garganacl\n|-boost|p1a: Garganacl|def|2\n|\n|-heal|p2a: Arbok|88\/100|[from] item: Leftovers\n|-damage|p2a: Arbok|75\/100|[from] Salt Cure\n|upkeep\n|turn|5\n|\n|t:|1699880908\n|move|p2a: Arbok|Coil|p2a: Arbok\n|-boost|p2a: Arbok|atk|1\n|-boost|p2a: Arbok|def|1\n|-boost|p2a: Arbok|accuracy|1\n|move|p1a: Garganacl|Iron Defense|p1a: Garganacl\n|-boost|p1a: Garganacl|def|2\n|\n|-heal|p2a: Arbok|81\/100|[from] item: Leftovers\n|-damage|p2a: Arbok|69\/100|[from] Salt Cure\n|upkeep\n|turn|6\n|\n|t:|1699880912\n|move|p2a: Arbok|Coil|p2a: Arbok\n|-boost|p2a: Arbok|atk|1\n|-boost|p2a: Arbok|def|1\n|-boost|p2a: Arbok|accuracy|1\n|move|p1a: Garganacl|Iron Defense|p1a: Garganacl\n|-boost|p1a: Garganacl|def|2\n|\n|-heal|p2a: Arbok|75\/100|[from] item: Leftovers\n|-damage|p2a: Arbok|63\/100|[from] Salt Cure\n|upkeep\n|turn|7\n|\n|t:|1699880915\n|move|p2a: Arbok|Coil|p2a: Arbok\n|-boost|p2a: Arbok|atk|1\n|-boost|p2a: Arbok|def|1\n|-boost|p2a: Arbok|accuracy|1\n|move|p1a: Garganacl|Body Press|p2a: Arbok\n|-damage|p2a: Arbok|25\/100\n|\n|-heal|p2a: Arbok|31\/100|[from] item: Leftovers\n|-damage|p2a: Arbok|19\/100|[from] Salt Cure\n|upkeep\n|turn|8\n|\n|t:|1699880918\n|move|p2a: Arbok|Rest|p2a: Arbok\n|-status|p2a: Arbok|slp|[from] move: Rest\n|-heal|p2a: Arbok|100\/100 slp|[silent]\n|move|p1a: Garganacl|Body Press|p2a: Arbok\n|-damage|p2a: Arbok|66\/100 slp\n|\n|-heal|p2a: Arbok|72\/100 slp|[from] item: Leftovers\n|-damage|p2a: Arbok|60\/100 slp|[from] Salt Cure\n|upkeep\n|turn|9\n|\n|t:|1699880922\n|cant|p2a: Arbok|slp\n|move|p1a: Garganacl|Body Press|p2a: Arbok\n|-damage|p2a: Arbok|22\/100 slp\n|\n|-heal|p2a: Arbok|29\/100 slp|[from] item: Leftovers\n|-damage|p2a: Arbok|16\/100 slp|[from] Salt Cure\n|upkeep\n|turn|10\n|\n|t:|1699880924\n|cant|p2a: Arbok|slp\n|move|p1a: Garganacl|Body Press|p2a: Arbok\n|-damage|p2a: Arbok|0 fnt\n|faint|p2a: Arbok\n|\n|upkeep\n|c|\u2606Sergia73|gg\n|-message|Sergia73 forfeited.\n|\n|win|Randomssp\n|n|\u2606Randomssp|randomssp\n|n|\u2606Sergia73|sergia73\n|n|*Lady Monita \u2746|ladymonita\n|n| HEAVY-DUTY B0OTY|heavydutyb0oty\n","uploadtime":1699880932,"views":7,"p1id":"randomssp","p2id":"sergia73","formatid":"gen9ou","rating":0,"private":0,"password":""}