{"id":"gen9ou-1997565312","p1":"bgprooo","p2":"JogadorCaro","format":"[Gen 9] OU","log":"|j|\u2606bgprooo\n|j|\u2606JogadorCaro\n|t:|1700826308\n|gametype|singles\n|player|p1|bgprooo|cynthia|1265\n|player|p2|JogadorCaro|tate|1218\n|teamsize|p1|6\n|teamsize|p2|6\n|gen|9\n|tier|[Gen 9] OU\n|rated|\n|rule|Sleep Clause Mod: Limit one foe put to sleep\n|rule|Species Clause: Limit one of each Pok\u00e9mon\n|rule|OHKO Clause: OHKO moves are banned\n|rule|Evasion Items Clause: Evasion items are banned\n|rule|Evasion Moves Clause: Evasion moves are banned\n|rule|Endless Battle Clause: Forcing endless battles is banned\n|rule|HP Percentage Mod: HP is shown in percentages\n|clearpoke\n|poke|p1|Gholdengo|\n|poke|p1|Samurott-Hisui, F|\n|poke|p1|Great Tusk|\n|poke|p1|Rillaboom, F|\n|poke|p1|Iron Moth|\n|poke|p1|Dragonite, M|\n|poke|p2|Great Tusk|\n|poke|p2|Ting-Lu|\n|poke|p2|Toxapex, F|\n|poke|p2|Dragapult, F|\n|poke|p2|Iron Valiant|\n|poke|p2|Heatran, F|\n|teampreview\n|inactive|Battle timer is ON: inactive players will automatically lose when time's up. (requested by bgprooo)\n|\n|t:|1700826315\n|start\n|switch|p1a: Samurott|Samurott-Hisui, F|100\/100\n|switch|p2a: Cumbuca|Ting-Lu|100\/100\n|-ability|p2a: Cumbuca|Vessel of Ruin\n|turn|1\n|\n|t:|1700826321\n|move|p1a: Samurott|Aqua Cutter|p2a: Cumbuca\n|-supereffective|p2a: Cumbuca\n|-damage|p2a: Cumbuca|48\/100\n|move|p2a: Cumbuca|Stealth Rock|p1a: Samurott\n|-sidestart|p1: bgprooo|move: Stealth Rock\n|\n|-heal|p2a: Cumbuca|54\/100|[from] item: Leftovers\n|upkeep\n|turn|2\n|\n|t:|1700826331\n|move|p1a: Samurott|Aqua Cutter|p2a: Cumbuca\n|-supereffective|p2a: Cumbuca\n|-damage|p2a: Cumbuca|1\/100\n|move|p2a: Cumbuca|Spikes|p1a: Samurott\n|-sidestart|p1: bgprooo|Spikes\n|\n|-heal|p2a: Cumbuca|7\/100|[from] item: Leftovers\n|upkeep\n|turn|3\n|c|\u2606bgprooo|cumbuca KKKKKKKKKKKKKKK\n|\n|t:|1700826343\n|switch|p1a: Great Tusk|Great Tusk|100\/100\n|move|p2a: Cumbuca|Spikes|p1a: Great Tusk\n|-sidestart|p1: bgprooo|Spikes\n|\n|-heal|p2a: Cumbuca|13\/100|[from] item: Leftovers\n|upkeep\n|turn|4\n|\n|t:|1700826351\n|switch|p2a: Dragaputo|Dragapult, F|100\/100\n|move|p1a: Great Tusk|Rapid Spin|p2a: Dragaputo\n|-immune|p2a: Dragaputo\n|\n|upkeep\n|turn|5\n|c|\u2606JogadorCaro|voc\u00ea acredita na teoria\n|c|\u2606JogadorCaro|da terra cumbuca?\n|\n|t:|1700826357\n|move|p2a: Dragaputo|Dragon Darts|p1a: Great Tusk\n|-damage|p1a: Great Tusk|72\/100\n|-anim|p2a: Dragaputo|Dragon Darts|p1a: Great Tusk\n|-damage|p1a: Great Tusk|47\/100\n|move|p1a: Great Tusk|Ice Spinner|p2a: Dragaputo\n|-supereffective|p2a: Dragaputo\n|-damage|p2a: Dragaputo|22\/100\n|\n|upkeep\n|turn|6\n|inactive|bgprooo has 120 seconds left.\n|\n|t:|1700826401\n|-end|p1a: Great Tusk|Protosynthesis|[silent]\n|switch|p1a: Rillaboom|Rillaboom, F|100\/100\n|-damage|p1a: Rillaboom|88\/100|[from] Stealth Rock\n|-damage|p1a: Rillaboom|72\/100|[from] Spikes\n|-fieldstart|move: Grassy Terrain|[from] ability: Grassy Surge|[of] p1a: Rillaboom\n|move|p2a: Dragaputo|Dragon Darts|p1a: Rillaboom\n|-damage|p1a: Rillaboom|29\/100\n|-anim|p2a: Dragaputo|Dragon Darts|p1a: Rillaboom\n|-damage|p1a: Rillaboom|0 fnt\n|faint|p1a: Rillaboom\n|\n|-heal|p2a: Dragaputo|28\/100|[from] Grassy Terrain\n|upkeep\n|\n|t:|1700826406\n|switch|p1a: Samurott|Samurott-Hisui, F|100\/100\n|-damage|p1a: Samurott|88\/100|[from] Stealth Rock\n|-damage|p1a: Samurott|72\/100|[from] Spikes\n|turn|7\n|c|\u2606bgprooo|acredito fielmente\n|\n|t:|1700826416\n|move|p1a: Samurott|Ceaseless Edge|p2a: Dragaputo\n|-supereffective|p2a: Dragaputo\n|-damage|p2a: Dragaputo|0 fnt\n|-sidestart|p2: JogadorCaro|Spikes\n|faint|p2a: Dragaputo\n|\n|-heal|p1a: Samurott|78\/100|[from] Grassy Terrain\n|upkeep\n|\n|t:|1700826422\n|switch|p2a: Geladeira|Iron Valiant, shiny|100\/100\n|-damage|p2a: Geladeira|88\/100|[from] Spikes\n|turn|8\n|c|\u2606JogadorCaro|a terra n\u00e3o \u00e9 plana\n|c|\u2606JogadorCaro|e nem oca\n|c|\u2606JogadorCaro|\u00e9 uma cumbuca.\n|\n|t:|1700826432\n|switch|p1a: Iron Moth|Iron Moth|100\/100\n|-damage|p1a: Iron Moth|76\/100|[from] Stealth Rock\n|-damage|p1a: Iron Moth|59\/100|[from] Spikes\n|-enditem|p1a: Iron Moth|Booster Energy\n|-activate|p1a: Iron Moth|ability: Quark Drive|[fromitem]\n|-start|p1a: Iron Moth|quarkdrivespe\n|move|p2a: Geladeira|Moonblast|p1a: Iron Moth\n|-resisted|p1a: Iron Moth\n|-damage|p1a: Iron Moth|42\/100\n|\n|-heal|p1a: Iron Moth|48\/100|[from] Grassy Terrain\n|-heal|p2a: Geladeira|94\/100|[from] Grassy Terrain\n|upkeep\n|turn|9\n|\n|t:|1700826443\n|-end|p2a: Geladeira|Quark Drive|[silent]\n|switch|p2a: RJ|Heatran, F|100\/100\n|-damage|p2a: RJ|88\/100|[from] Spikes\n|move|p1a: Iron Moth|Sludge Wave|p2a: RJ\n|-immune|p2a: RJ\n|\n|-heal|p1a: Iron Moth|54\/100|[from] Grassy Terrain\n|-heal|p2a: RJ|94\/100|[from] Grassy Terrain\n|-heal|p2a: RJ|100\/100|[from] item: Leftovers\n|upkeep\n|turn|10\n|\n|t:|1700826451\n|-end|p1a: Iron Moth|Quark Drive|[silent]\n|switch|p1a: Great Tusk|Great Tusk|47\/100\n|move|p2a: RJ|Magma Storm|p1a: Great Tusk\n|-damage|p1a: Great Tusk|0 fnt\n|faint|p1a: Great Tusk\n|-end|p1a: Great Tusk|Protosynthesis|[silent]\n|\n|-fieldend|move: Grassy Terrain\n|upkeep\n|\n|t:|1700826456\n|switch|p1a: Samurott|Samurott-Hisui, F|78\/100\n|-damage|p1a: Samurott|65\/100|[from] Stealth Rock\n|-damage|p1a: Samurott|49\/100|[from] Spikes\n|turn|11\n|\n|t:|1700826460\n|switch|p2a: Cumbuca|Ting-Lu|13\/100\n|-damage|p2a: Cumbuca|1\/100|[from] Spikes\n|-ability|p2a: Cumbuca|Vessel of Ruin\n|move|p1a: Samurott|Flip Turn|p2a: Cumbuca\n|-supereffective|p2a: Cumbuca\n|-damage|p2a: Cumbuca|0 fnt\n|faint|p2a: Cumbuca\n|\n|t:|1700826464\n|switch|p1a: Dragonite|Dragonite, M|100\/100|[from] Flip Turn\n|-damage|p1a: Dragonite|76\/100|[from] Stealth Rock\n|\n|upkeep\n|\n|t:|1700826472\n|switch|p2a: Geladeira|Iron Valiant, shiny|94\/100\n|-damage|p2a: Geladeira|82\/100|[from] Spikes\n|turn|12\n|\n|t:|1700826477\n|move|p1a: Dragonite|Extreme Speed|p2a: Geladeira\n|-damage|p2a: Geladeira|39\/100\n|move|p2a: Geladeira|Psyshock|p1a: Dragonite\n|-damage|p1a: Dragonite|35\/100\n|\n|upkeep\n|turn|13\n|\n|t:|1700826488\n|-terastallize|p2a: Geladeira|Ghost\n|move|p1a: Dragonite|Extreme Speed|p2a: Geladeira\n|-immune|p2a: Geladeira\n|move|p2a: Geladeira|Psyshock|p1a: Dragonite\n|-damage|p1a: Dragonite|0 fnt\n|faint|p1a: Dragonite\n|\n|upkeep\n|\n|t:|1700826493\n|switch|p1a: Samurott|Samurott-Hisui, F|49\/100\n|-damage|p1a: Samurott|36\/100|[from] Stealth Rock\n|-damage|p1a: Samurott|20\/100|[from] Spikes\n|turn|14\n|\n|t:|1700826502\n|-end|p2a: Geladeira|Quark Drive|[silent]\n|switch|p2a: Mamute Pequenino|Great Tusk|100\/100\n|move|p1a: Samurott|Ceaseless Edge|p2a: Mamute Pequenino\n|-resisted|p2a: Mamute Pequenino\n|-damage|p2a: Mamute Pequenino|89\/100\n|-sidestart|p2: JogadorCaro|Spikes\n|\n|upkeep\n|turn|15\n|\n|t:|1700826510\n|switch|p1a: Gholdengo|Gholdengo|100\/100\n|-damage|p1a: Gholdengo|94\/100|[from] Stealth Rock\n|-item|p1a: Gholdengo|Air Balloon\n|move|p2a: Mamute Pequenino|Earthquake|p1a: Gholdengo\n|-immune|p1a: Gholdengo\n|\n|upkeep\n|turn|16\n|\n|t:|1700826517\n|move|p2a: Mamute Pequenino|Knock Off|p1a: Gholdengo\n|-supereffective|p1a: Gholdengo\n|-damage|p1a: Gholdengo|40\/100\n|-enditem|p1a: Gholdengo|Air Balloon\n|move|p1a: Gholdengo|Shadow Ball|p2a: Mamute Pequenino\n|-damage|p2a: Mamute Pequenino|29\/100\n|\n|upkeep\n|turn|17\n|\n|t:|1700826521\n|-terastallize|p1a: Gholdengo|Flying\n|move|p2a: Mamute Pequenino|Earthquake|p1a: Gholdengo\n|-immune|p1a: Gholdengo\n|move|p1a: Gholdengo|Recover|p1a: Gholdengo\n|-heal|p1a: Gholdengo|90\/100\n|\n|upkeep\n|turn|18\n|c|\u2606JogadorCaro|arrombado cara\n|\n|t:|1700826533\n|-end|p2a: Mamute Pequenino|Protosynthesis|[silent]\n|switch|p2a: RJ|Heatran, F|100\/100\n|-damage|p2a: RJ|84\/100|[from] Spikes\n|move|p1a: Gholdengo|Shadow Ball|p2a: RJ\n|-damage|p2a: RJ|56\/100\n|\n|-heal|p2a: RJ|62\/100|[from] item: Leftovers\n|upkeep\n|turn|19\n|c|\u2606bgprooo|kkkkkkkkkk\n|c|\u2606bgprooo|tu fez pior nem vem\n|\n|t:|1700826543\n|move|p1a: Gholdengo|Thunder Wave|p2a: RJ\n|-status|p2a: RJ|par\n|cant|p2a: RJ|par\n|\n|-heal|p2a: RJ|68\/100 par|[from] item: Leftovers\n|upkeep\n|turn|20\n|c|\u2606JogadorCaro|fiz pior?\n|\n|t:|1700826551\n|move|p1a: Gholdengo|Shadow Ball|p2a: RJ\n|-damage|p2a: RJ|40\/100 par\n|move|p2a: RJ|Magma Storm|p1a: Gholdengo\n|-damage|p1a: Gholdengo|45\/100\n|-activate|p1a: Gholdengo|move: Magma Storm|[of] p2a: RJ\n|\n|-heal|p2a: RJ|46\/100 par|[from] item: Leftovers\n|-damage|p1a: Gholdengo|33\/100|[from] move: Magma Storm|[partiallytrapped]\n|upkeep\n|turn|21\n|c|\u2606JogadorCaro|pior que isso aqui?\n|c|\u2606bgprooo|deu tera ghost no iron valiant\n|c|\u2606bgprooo|sacanage\n|\n|t:|1700826569\n|move|p1a: Gholdengo|Recover|p1a: Gholdengo\n|-heal|p1a: Gholdengo|83\/100\n|move|p2a: RJ|Taunt|p1a: Gholdengo\n|-immune|p1a: Gholdengo|[from] ability: Good as Gold\n|\n|-heal|p2a: RJ|52\/100 par|[from] item: Leftovers\n|-damage|p1a: Gholdengo|70\/100|[from] move: Magma Storm|[partiallytrapped]\n|upkeep\n|turn|22\n|c|\u2606JogadorCaro|essa foi pedrada\n|c|\u2606JogadorCaro|eu chamei a minha m\u00e3e pra assistir\n|c|\u2606JogadorCaro|ah\n|c|\u2606JogadorCaro|esqueci dessa habilidade\n|c|\u2606JogadorCaro|eu vim do ND\n|c|\u2606bgprooo|KKKKKKKKKKKKKKKKK\n|c|\u2606JogadorCaro|e ele foi banido\n|\n|t:|1700826582\n|move|p1a: Gholdengo|Shadow Ball|p2a: RJ\n|-damage|p2a: RJ|26\/100 par\n|-unboost|p2a: RJ|spd|1\n|move|p2a: RJ|Magma Storm|p1a: Gholdengo\n|-damage|p1a: Gholdengo|31\/100\n|\n|-heal|p2a: RJ|32\/100 par|[from] item: Leftovers\n|-damage|p1a: Gholdengo|19\/100|[from] move: Magma Storm|[partiallytrapped]\n|upkeep\n|turn|23\n|c|\u2606JogadorCaro|s\u00e9rio\n|c|\u2606JogadorCaro|quem deu essa habilidade pro gholdengo\n|c|\u2606bgprooo|essa porra eh quebrada\n|c|\u2606JogadorCaro|tem envolvimento\n|c|\u2606bgprooo|ele eh imune a defog\n|c|\u2606JogadorCaro|com o\n|inactive|JogadorCaro has 120 seconds left.\n|c|\u2606JogadorCaro|bigodinho\n|c|\u2606JogadorCaro|papo reto.\n|\n|t:|1700826616\n|move|p1a: Gholdengo|Recover|p1a: Gholdengo\n|-heal|p1a: Gholdengo|69\/100\n|move|p2a: RJ|Magma Storm|p1a: Gholdengo\n|-damage|p1a: Gholdengo|26\/100\n|\n|-heal|p2a: RJ|38\/100 par|[from] item: Leftovers\n|-damage|p1a: Gholdengo|13\/100|[from] move: Magma Storm|[partiallytrapped]\n|upkeep\n|turn|24\n|\n|t:|1700826623\n|move|p1a: Gholdengo|Recover|p1a: Gholdengo\n|-heal|p1a: Gholdengo|63\/100\n|move|p2a: RJ|Magma Storm|p1a: Gholdengo\n|-damage|p1a: Gholdengo|19\/100\n|\n|-heal|p2a: RJ|44\/100 par|[from] item: Leftovers\n|-end|p1a: Gholdengo|Magma Storm|[partiallytrapped]\n|upkeep\n|turn|25\n|c|\u2606JogadorCaro|n\u00e3o erra n\u00e3o\n|c|\u2606bgprooo|cade a paralisia\n|c|\u2606JogadorCaro|eu errei duas seguidas\n|c|\u2606bgprooo|socorro\n|c|\u2606JogadorCaro|na partida anterior\n|inactive|JogadorCaro has 120 seconds left.\n|\n|t:|1700826639\n|move|p1a: Gholdengo|Recover|p1a: Gholdengo\n|-heal|p1a: Gholdengo|69\/100\n|move|p2a: RJ|Magma Storm|p1a: Gholdengo\n|-damage|p1a: Gholdengo|26\/100\n|-activate|p1a: Gholdengo|move: Magma Storm|[of] p2a: RJ\n|\n|-heal|p2a: RJ|50\/100 par|[from] item: Leftovers\n|-damage|p1a: Gholdengo|13\/100|[from] move: Magma Storm|[partiallytrapped]\n|upkeep\n|turn|26\n|c|\u2606bgprooo|KKKKKKKKKKKKKKK\n|c|\u2606JogadorCaro|N\u00c3O\n|c|\u2606JogadorCaro|ERRA\n|inactive|JogadorCaro has 120 seconds left.\n|\n|t:|1700826649\n|move|p1a: Gholdengo|Recover|p1a: Gholdengo\n|-heal|p1a: Gholdengo|63\/100\n|move|p2a: RJ|Magma Storm|p1a: Gholdengo\n|-damage|p1a: Gholdengo|19\/100\n|\n|-heal|p2a: RJ|57\/100 par|[from] item: Leftovers\n|-damage|p1a: Gholdengo|7\/100|[from] move: Magma Storm|[partiallytrapped]\n|upkeep\n|turn|27\n|c|\u2606bgprooo|tudo q n\u00e3o eh 100% nesse jogo eh 50%\n|\n|t:|1700826663\n|move|p1a: Gholdengo|Recover|p1a: Gholdengo\n|-heal|p1a: Gholdengo|57\/100\n|move|p2a: RJ|Magma Storm|p1a: Gholdengo\n|-damage|p1a: Gholdengo|15\/100\n|\n|-heal|p2a: RJ|63\/100 par|[from] item: Leftovers\n|-damage|p1a: Gholdengo|3\/100|[from] move: Magma Storm|[partiallytrapped]\n|upkeep\n|turn|28\n|c|\u2606bgprooo|socorr\n|\n|t:|1700826673\n|move|p1a: Gholdengo|Recover|p1a: Gholdengo\n|-heal|p1a: Gholdengo|53\/100\n|cant|p2a: RJ|par\n|\n|-heal|p2a: RJ|69\/100 par|[from] item: Leftovers\n|-damage|p1a: Gholdengo|40\/100|[from] move: Magma Storm|[partiallytrapped]\n|upkeep\n|turn|29\n|\n|t:|1700826677\n|move|p1a: Gholdengo|Shadow Ball|p2a: RJ\n|-damage|p2a: RJ|29\/100 par\n|move|p2a: RJ|Earth Power|p1a: Gholdengo\n|-immune|p1a: Gholdengo\n|\n|-heal|p2a: RJ|35\/100 par|[from] item: Leftovers\n|-end|p1a: Gholdengo|Magma Storm|[partiallytrapped]\n|upkeep\n|turn|30\n|c|\u2606JogadorCaro|Vou arrancar\n|c|\u2606JogadorCaro|o maximo\n|c|\u2606JogadorCaro|de hp que eu conseguir\n|c|\u2606bgprooo|ue\n|\n|t:|1700826686\n|move|p2a: RJ|Protect|p2a: RJ\n|-singleturn|p2a: RJ|Protect\n|move|p1a: Gholdengo|Shadow Ball|p2a: RJ\n|-activate|p2a: RJ|move: Protect\n|\n|-heal|p2a: RJ|41\/100 par|[from] item: Leftovers\n|upkeep\n|turn|31\n|\n|t:|1700826695\n|move|p1a: Gholdengo|Shadow Ball|p2a: RJ\n|-damage|p2a: RJ|0 fnt\n|faint|p2a: RJ\n|\n|upkeep\n|\n|t:|1700826703\n|switch|p2a: Geladeira|Iron Valiant, shiny, tera:Ghost|39\/100\n|-damage|p2a: Geladeira|23\/100|[from] Spikes\n|turn|32\n|\n|t:|1700826709\n|move|p2a: Geladeira|Moonblast|p1a: Gholdengo\n|-damage|p1a: Gholdengo|0 fnt\n|faint|p1a: Gholdengo\n|\n|upkeep\n|\n|t:|1700826713\n|switch|p1a: Samurott|Samurott-Hisui, F|20\/100\n|-damage|p1a: Samurott|7\/100|[from] Stealth Rock\n|-damage|p1a: Samurott|0 fnt|[from] Spikes\n|faint|p1a: Samurott\n|\n|t:|1700826714\n|switch|p1a: Iron Moth|Iron Moth|54\/100\n|-damage|p1a: Iron Moth|29\/100|[from] Stealth Rock\n|-damage|p1a: Iron Moth|12\/100|[from] Spikes\n|turn|33\n|c|\u2606JogadorCaro|agora \u00e9 s\u00f3 pedrada\n|c|\u2606bgprooo|gg\n|c|\u2606JogadorCaro|gg mano\n|\n|t:|1700826723\n|move|p2a: Geladeira|Moonblast|p1a: Iron Moth\n|-resisted|p1a: Iron Moth\n|-damage|p1a: Iron Moth|0 fnt\n|faint|p1a: Iron Moth\n|-end|p1a: Iron Moth|Quark Drive|[silent]\n|\n|win|JogadorCaro\n|raw|bgprooo's rating: 1265 &rarr; <strong>1237<\/strong><br \/>(-28 for losing)\n|raw|JogadorCaro's rating: 1218 &rarr; <strong>1246<\/strong><br \/>(+28 for winning)\n|c|\u2606bgprooo|sou burro\n|c|\u2606JogadorCaro|tu n \u00e9 burro\n|c|\u2606JogadorCaro|tu s\u00f3 \u00e9 limitado\n|c|\u2606bgprooo|KKKKKKKKKKKKKKK\n|c|\u2606bgprooo|tamo junto mano\n|c|\u2606JogadorCaro|tenho f\u00e9 que tu vai subir\n|c|\u2606JogadorCaro|seu time \u00e9 bom, mano\n|c|\u2606JogadorCaro|s\u00f3 precisa aprender mais dele\n|c|\u2606JogadorCaro|jogou mto bem\n|c|\u2606JogadorCaro|s\u00f3 que aqui \u00e9 jogador\n|c|\u2606JogadorCaro|de 250 milh\u00f5s de euro ne\n|c|\u2606JogadorCaro|n tem como.\n","uploadtime":1700826795,"views":4,"p1id":"bgprooo","p2id":"jogadorcaro","formatid":"gen9ou","rating":1237,"private":0,"password":""}