{"id":"gen9ou-1999383343","p1":"FEMO953","p2":"Kyleailude ren666","format":"[Gen 9] OU","log":"|j|\u2606FEMO953\n|j|\u2606Kyleailude ren666\n|t:|1701071008\n|gametype|singles\n|player|p1|FEMO953|oak-gen2|\n|player|p2|Kyleailude ren666|102|\n|teamsize|p1|6\n|teamsize|p2|6\n|gen|9\n|tier|[Gen 9] OU\n|rule|Sleep Clause Mod: Limit one foe put to sleep\n|rule|Species Clause: Limit one of each Pok\u00e9mon\n|rule|OHKO Clause: OHKO moves are banned\n|rule|Evasion Items Clause: Evasion items are banned\n|rule|Evasion Moves Clause: Evasion moves are banned\n|rule|Endless Battle Clause: Forcing endless battles is banned\n|rule|HP Percentage Mod: HP is shown in percentages\n|clearpoke\n|poke|p1|Tyranitar, M|\n|poke|p1|Corviknight, F|\n|poke|p1|Infernape, M|\n|poke|p1|Dragonite, M|\n|poke|p1|Toxapex, M|\n|poke|p1|Zapdos|\n|poke|p2|Ninetales-Alola, F|\n|poke|p2|Beartic, M|\n|poke|p2|Frosmoth, F|\n|poke|p2|Gastrodon, F|\n|poke|p2|Braviary-Hisui, M|\n|poke|p2|Slowbro, M|\n|teampreview\n|\n|t:|1701071019\n|start\n|switch|p1a: Tyranitar|Tyranitar, M|100\/100\n|switch|p2a: Ninetales|Ninetales-Alola, F|100\/100\n|-weather|Snow|[from] ability: Snow Warning|[of] p2a: Ninetales\n|-weather|Sandstorm|[from] ability: Sand Stream|[of] p1a: Tyranitar\n|turn|1\n|\n|t:|1701071035\n|switch|p2a: Gastrodon|Gastrodon, F|100\/100\n|move|p1a: Tyranitar|Stone Edge|p2a: Gastrodon\n|-resisted|p2a: Gastrodon\n|-damage|p2a: Gastrodon|65\/100\n|\n|-weather|Sandstorm|[upkeep]\n|-heal|p2a: Gastrodon|71\/100|[from] item: Leftovers\n|upkeep\n|turn|2\n|\n|t:|1701071078\n|switch|p1a: Dragonite|Dragonite, M|100\/100\n|move|p2a: Gastrodon|Surf|p1a: Dragonite\n|-resisted|p1a: Dragonite\n|-damage|p1a: Dragonite|84\/100\n|\n|-weather|Sandstorm|[upkeep]\n|-damage|p1a: Dragonite|78\/100|[from] Sandstorm\n|-heal|p1a: Dragonite|84\/100|[from] item: Leftovers\n|-heal|p2a: Gastrodon|77\/100|[from] item: Leftovers\n|upkeep\n|turn|3\n|\n|t:|1701071095\n|switch|p2a: Ninetales|Ninetales-Alola, F|100\/100\n|-weather|Snow|[from] ability: Snow Warning|[of] p2a: Ninetales\n|move|p1a: Dragonite|Dragon Dance|p1a: Dragonite\n|-boost|p1a: Dragonite|atk|1\n|-boost|p1a: Dragonite|spe|1\n|\n|-weather|Snow|[upkeep]\n|-heal|p1a: Dragonite|90\/100|[from] item: Leftovers\n|upkeep\n|turn|4\n|\n|t:|1701071125\n|switch|p1a: Corviknight|Corviknight, F, shiny|100\/100\n|move|p2a: Ninetales|Blizzard|p1a: Corviknight\n|-damage|p1a: Corviknight|68\/100\n|\n|-weather|Snow|[upkeep]\n|-heal|p1a: Corviknight|74\/100|[from] item: Leftovers\n|upkeep\n|turn|5\n|\n|t:|1701071139\n|switch|p2a: Braviary|Braviary-Hisui, M|100\/100\n|move|p1a: Corviknight|Iron Head|p2a: Braviary\n|-damage|p2a: Braviary|68\/100\n|\n|-weather|Snow|[upkeep]\n|-heal|p1a: Corviknight|80\/100|[from] item: Leftovers\n|upkeep\n|turn|6\n|\n|t:|1701071160\n|move|p2a: Braviary|Esper Wing|p1a: Corviknight\n|-resisted|p1a: Corviknight\n|-damage|p1a: Corviknight|60\/100\n|move|p1a: Corviknight|Bulk Up|p1a: Corviknight\n|-boost|p1a: Corviknight|atk|1\n|-boost|p1a: Corviknight|def|1\n|\n|-weather|Snow|[upkeep]\n|-heal|p1a: Corviknight|66\/100|[from] item: Leftovers\n|upkeep\n|turn|7\n|\n|t:|1701071175\n|move|p2a: Braviary|Heat Wave|p1a: Corviknight\n|-supereffective|p1a: Corviknight\n|-damage|p1a: Corviknight|2\/100\n|move|p1a: Corviknight|Bulk Up|p1a: Corviknight\n|-boost|p1a: Corviknight|atk|1\n|-boost|p1a: Corviknight|def|1\n|\n|-weather|Snow|[upkeep]\n|-heal|p1a: Corviknight|8\/100|[from] item: Leftovers\n|upkeep\n|turn|8\n|\n|t:|1701071196\n|move|p2a: Braviary|Air Slash|p1a: Corviknight\n|-resisted|p1a: Corviknight\n|-damage|p1a: Corviknight|0 fnt\n|faint|p1a: Corviknight\n|\n|-weather|Snow|[upkeep]\n|upkeep\n|\n|t:|1701071233\n|switch|p1a: Zapdos|Zapdos|100\/100\n|-ability|p1a: Zapdos|Pressure\n|turn|9\n|inactive|Battle timer is ON: inactive players will automatically lose when time's up. (requested by Kyleailude ren666)\n|\n|t:|1701071244\n|switch|p2a: Gastrodon|Gastrodon, F|77\/100\n|move|p1a: Zapdos|Ancient Power|p2a: Gastrodon\n|-resisted|p2a: Gastrodon\n|-crit|p2a: Gastrodon\n|-damage|p2a: Gastrodon|62\/100\n|-boost|p1a: Zapdos|atk|1\n|-boost|p1a: Zapdos|def|1\n|-boost|p1a: Zapdos|spa|1\n|-boost|p1a: Zapdos|spd|1\n|-boost|p1a: Zapdos|spe|1\n|-damage|p1a: Zapdos|91\/100|[from] item: Life Orb\n|\n|-weather|Snow|[upkeep]\n|-heal|p2a: Gastrodon|68\/100|[from] item: Leftovers\n|upkeep\n|turn|10\n|\n|t:|1701071273\n|move|p1a: Zapdos|Hurricane|p2a: Gastrodon|[miss]\n|-miss|p1a: Zapdos|p2a: Gastrodon\n|move|p2a: Gastrodon|Clear Smog|p1a: Zapdos\n|-damage|p1a: Zapdos|82\/100\n|-clearboost|p1a: Zapdos\n|\n|-weather|none\n|-heal|p2a: Gastrodon|74\/100|[from] item: Leftovers\n|upkeep\n|turn|11\n|inactive|FEMO953 has 270 seconds left.\n|\n|t:|1701071303\n|switch|p1a: Toxapex|Toxapex, M|100\/100\n|move|p2a: Gastrodon|Sludge Bomb|p1a: Toxapex\n|-resisted|p1a: Toxapex\n|-damage|p1a: Toxapex|93\/100\n|\n|-heal|p2a: Gastrodon|80\/100|[from] item: Leftovers\n|-heal|p1a: Toxapex|99\/100|[from] item: Leftovers\n|upkeep\n|turn|12\n|inactive|Kyleailude ren666 has 270 seconds left.\n|\n|t:|1701071319\n|switch|p2a: Ninetales|Ninetales-Alola, F|100\/100\n|-weather|Snow|[from] ability: Snow Warning|[of] p2a: Ninetales\n|move|p1a: Toxapex|Toxic Spikes|p2a: Ninetales\n|-sidestart|p2: Kyleailude ren666|move: Toxic Spikes\n|\n|-weather|Snow|[upkeep]\n|-heal|p1a: Toxapex|100\/100|[from] item: Leftovers\n|upkeep\n|turn|13\n|inactive|FEMO953 has 270 seconds left.\n|inactive|Kyleailude ren666 has 270 seconds left.\n|\n|t:|1701071333\n|move|p2a: Ninetales|Extrasensory|p1a: Toxapex\n|-supereffective|p1a: Toxapex\n|-damage|p1a: Toxapex|66\/100\n|move|p1a: Toxapex|Liquidation|p2a: Ninetales\n|-damage|p2a: Ninetales|79\/100\n|\n|-weather|Snow|[upkeep]\n|-heal|p1a: Toxapex|72\/100|[from] item: Leftovers\n|upkeep\n|turn|14\n|inactive|FEMO953 has 270 seconds left.\n|\n|t:|1701071343\n|move|p2a: Ninetales|Aurora Veil|p2a: Ninetales\n|-sidestart|p2: Kyleailude ren666|move: Aurora Veil\n|move|p1a: Toxapex|Recover|p1a: Toxapex\n|-heal|p1a: Toxapex|100\/100\n|\n|-weather|Snow|[upkeep]\n|upkeep\n|turn|15\n|\n|t:|1701071350\n|switch|p2a: Braviary|Braviary-Hisui, M|68\/100\n|move|p1a: Toxapex|Liquidation|p2a: Braviary\n|-damage|p2a: Braviary|56\/100\n|\n|-weather|Snow|[upkeep]\n|upkeep\n|turn|16\n|inactive|FEMO953 has 270 seconds left.\n|inactive|Kyleailude ren666 has 270 seconds left.\n|\n|t:|1701071371\n|move|p2a: Braviary|Defog|p1a: Toxapex\n|-unboost|p1a: Toxapex|evasion|1\n|-sideend|p2: Kyleailude ren666|Toxic Spikes|[from] move: Defog|[of] p2a: Braviary\n|move|p1a: Toxapex|Liquidation|p2a: Braviary\n|-damage|p2a: Braviary|42\/100\n|\n|-weather|Snow|[upkeep]\n|upkeep\n|turn|17\n|inactive|FEMO953 has 270 seconds left.\n|\n|t:|1701071378\n|move|p2a: Braviary|Esper Wing|p1a: Toxapex\n|-supereffective|p1a: Toxapex\n|-damage|p1a: Toxapex|18\/100\n|move|p1a: Toxapex|Toxic Spikes|p2a: Braviary\n|-sidestart|p2: Kyleailude ren666|move: Toxic Spikes\n|\n|-weather|Snow|[upkeep]\n|-heal|p1a: Toxapex|24\/100|[from] item: Leftovers\n|upkeep\n|turn|18\n|inactive|FEMO953 has 270 seconds left.\n|\n|t:|1701071389\n|switch|p1a: Zapdos|Zapdos|82\/100\n|-ability|p1a: Zapdos|Pressure\n|move|p2a: Braviary|Defog|p1a: Zapdos\n|-unboost|p1a: Zapdos|evasion|1\n|-sideend|p2: Kyleailude ren666|Toxic Spikes|[from] move: Defog|[of] p2a: Braviary\n|\n|-weather|Snow|[upkeep]\n|-sideend|p2: Kyleailude ren666|move: Aurora Veil\n|upkeep\n|turn|19\n|inactive|FEMO953 has 270 seconds left.\n|\n|t:|1701071401\n|switch|p2a: Gastrodon|Gastrodon, F|80\/100\n|move|p1a: Zapdos|Ancient Power|p2a: Gastrodon\n|-resisted|p2a: Gastrodon\n|-damage|p2a: Gastrodon|70\/100\n|-damage|p1a: Zapdos|72\/100|[from] item: Life Orb\n|\n|-weather|none\n|-heal|p2a: Gastrodon|77\/100|[from] item: Leftovers\n|upkeep\n|turn|20\n|inactive|FEMO953 has 270 seconds left.\n|inactive|Kyleailude ren666 has 270 seconds left.\n|\n|t:|1701071429\n|move|p1a: Zapdos|Hurricane|p2a: Gastrodon\n|-damage|p2a: Gastrodon|23\/100\n|-start|p2a: Gastrodon|confusion\n|-damage|p1a: Zapdos|62\/100|[from] item: Life Orb\n|-activate|p2a: Gastrodon|confusion\n|move|p2a: Gastrodon|Sludge Bomb|p1a: Zapdos\n|-damage|p1a: Zapdos|37\/100\n|\n|-heal|p2a: Gastrodon|29\/100|[from] item: Leftovers\n|upkeep\n|turn|21\n|inactive|FEMO953 has 270 seconds left.\n|inactive|Kyleailude ren666 has 270 seconds left.\n|\n|t:|1701071444\n|switch|p2a: Ninetales|Ninetales-Alola, F|79\/100\n|-weather|Snow|[from] ability: Snow Warning|[of] p2a: Ninetales\n|move|p1a: Zapdos|Hurricane|p2a: Ninetales\n|-damage|p2a: Ninetales|0 fnt\n|faint|p2a: Ninetales\n|-damage|p1a: Zapdos|27\/100|[from] item: Life Orb\n|\n|-weather|Snow|[upkeep]\n|upkeep\n|inactive|Kyleailude ren666 has 270 seconds left.\n|\n|t:|1701071467\n|switch|p2a: Frosmoth|Frosmoth, F|100\/100\n|turn|22\n|inactive|FEMO953 has 270 seconds left.\n|\n|t:|1701071478\n|move|p1a: Zapdos|Heat Wave|p2a: Frosmoth\n|-supereffective|p2a: Frosmoth\n|-damage|p2a: Frosmoth|0 fnt\n|faint|p2a: Frosmoth\n|-damage|p1a: Zapdos|17\/100|[from] item: Life Orb\n|\n|-weather|Snow|[upkeep]\n|upkeep\n|inactive|Kyleailude ren666 has 240 seconds left.\n|\n|t:|1701071511\n|switch|p2a: Beartic|Beartic, M|100\/100\n|turn|23\n|inactive|FEMO953 has 270 seconds left.\n|\n|t:|1701071529\n|switch|p1a: Toxapex|Toxapex, M|57\/100\n|move|p2a: Beartic|Icicle Crash|p1a: Toxapex\n|-resisted|p1a: Toxapex\n|-damage|p1a: Toxapex|37\/100\n|-damage|p2a: Beartic|91\/100|[from] item: Life Orb\n|\n|-weather|Snow|[upkeep]\n|-heal|p1a: Toxapex|44\/100|[from] item: Leftovers\n|upkeep\n|turn|24\n|\n|t:|1701071539\n|move|p2a: Beartic|Earthquake|p1a: Toxapex\n|-supereffective|p1a: Toxapex\n|-damage|p1a: Toxapex|0 fnt\n|faint|p1a: Toxapex\n|-damage|p2a: Beartic|81\/100|[from] item: Life Orb\n|\n|-weather|Snow|[upkeep]\n|upkeep\n|inactive|FEMO953 has 270 seconds left.\n|\n|t:|1701071559\n|switch|p1a: Infernape|Infernape, M|100\/100\n|turn|25\n|\n|t:|1701071566\n|move|p1a: Infernape|Mach Punch|p2a: Beartic\n|-supereffective|p2a: Beartic\n|-damage|p2a: Beartic|35\/100\n|move|p2a: Beartic|Earthquake|p1a: Infernape\n|-supereffective|p1a: Infernape\n|-damage|p1a: Infernape|0 fnt\n|faint|p1a: Infernape\n|-damage|p2a: Beartic|25\/100|[from] item: Life Orb\n|\n|-weather|Snow|[upkeep]\n|upkeep\n|inactive|FEMO953 has 270 seconds left.\n|\n|t:|1701071599\n|switch|p1a: Zapdos|Zapdos|17\/100\n|-ability|p1a: Zapdos|Pressure\n|turn|26\n|inactive|Kyleailude ren666 has 270 seconds left.\n|inactive|Kyleailude ren666 has 240 seconds left.\n|inactive|Kyleailude ren666 has 210 seconds left.\n|inactive|FEMO953 has 240 seconds left.\n|\n|t:|1701071701\n|move|p2a: Beartic|Icicle Crash|p1a: Zapdos\n|-supereffective|p1a: Zapdos\n|-damage|p1a: Zapdos|0 fnt\n|faint|p1a: Zapdos\n|-damage|p2a: Beartic|15\/100|[from] item: Life Orb\n|\n|-weather|Snow|[upkeep]\n|upkeep\n|\n|t:|1701071716\n|switch|p1a: Tyranitar|Tyranitar, M|100\/100\n|-weather|Sandstorm|[from] ability: Sand Stream|[of] p1a: Tyranitar\n|turn|27\n|\n|t:|1701071738\n|move|p2a: Beartic|Close Combat|p1a: Tyranitar\n|-supereffective|p1a: Tyranitar\n|-crit|p1a: Tyranitar\n|-damage|p1a: Tyranitar|0 fnt\n|-unboost|p2a: Beartic|def|1\n|-unboost|p2a: Beartic|spd|1\n|faint|p1a: Tyranitar\n|-damage|p2a: Beartic|5\/100|[from] item: Life Orb\n|\n|-weather|Sandstorm|[upkeep]\n|-damage|p2a: Beartic|0 fnt|[from] Sandstorm\n|faint|p2a: Beartic\n|upkeep\n|\n|t:|1701071751\n|switch|p2a: Slowbro|Slowbro, M|100\/100\n|switch|p1a: Dragonite|Dragonite, M|90\/100\n|turn|28\n|\n|t:|1701071763\n|-terastallize|p1a: Dragonite|Dragon\n|-terastallize|p2a: Slowbro|Steel\n|move|p1a: Dragonite|Dragon Dance|p1a: Dragonite\n|-boost|p1a: Dragonite|atk|1\n|-boost|p1a: Dragonite|spe|1\n|move|p2a: Slowbro|Yawn|p1a: Dragonite\n|-start|p1a: Dragonite|move: Yawn|[of] p2a: Slowbro\n|\n|-weather|Sandstorm|[upkeep]\n|-damage|p1a: Dragonite|84\/100|[from] Sandstorm\n|-heal|p1a: Dragonite|90\/100|[from] item: Leftovers\n|upkeep\n|turn|29\n|\n|t:|1701071779\n|move|p1a: Dragonite|Brick Break|p2a: Slowbro\n|-supereffective|p2a: Slowbro\n|-damage|p2a: Slowbro|36\/100\n|-damage|p1a: Dragonite|74\/100|[from] item: Rocky Helmet|[of] p2a: Slowbro\n|move|p2a: Slowbro|Blizzard|p1a: Dragonite\n|-supereffective|p1a: Dragonite\n|-damage|p1a: Dragonite|20\/100\n|\n|-weather|Sandstorm|[upkeep]\n|-damage|p1a: Dragonite|14\/100|[from] Sandstorm\n|-heal|p1a: Dragonite|20\/100|[from] item: Leftovers\n|-end|p1a: Dragonite|move: Yawn|[silent]\n|-status|p1a: Dragonite|slp\n|upkeep\n|turn|30\n|\n|t:|1701071793\n|cant|p1a: Dragonite|slp\n|move|p2a: Slowbro|Blizzard|p1a: Dragonite|[miss]\n|-miss|p2a: Slowbro|p1a: Dragonite\n|\n|-weather|Sandstorm|[upkeep]\n|-damage|p1a: Dragonite|14\/100 slp|[from] Sandstorm\n|-heal|p1a: Dragonite|20\/100 slp|[from] item: Leftovers\n|upkeep\n|turn|31\n|\n|t:|1701071800\n|-curestatus|p1a: Dragonite|slp|[msg]\n|move|p1a: Dragonite|Brick Break|p2a: Slowbro\n|-supereffective|p2a: Slowbro\n|-damage|p2a: Slowbro|0 fnt\n|-damage|p1a: Dragonite|4\/100|[from] item: Rocky Helmet|[of] p2a: Slowbro\n|faint|p2a: Slowbro\n|\n|-weather|none\n|-heal|p1a: Dragonite|10\/100|[from] item: Leftovers\n|upkeep\n|\n|t:|1701071810\n|switch|p2a: Braviary|Braviary-Hisui, M|42\/100\n|turn|32\n|\n|t:|1701071818\n|move|p1a: Dragonite|Dragon Claw|p2a: Braviary\n|-damage|p2a: Braviary|0 fnt\n|faint|p2a: Braviary\n|\n|-heal|p1a: Dragonite|16\/100|[from] item: Leftovers\n|upkeep\n|l|\u2606Kyleailude ren666\n|inactive|Kyleailude ren666 disconnected and has 300 seconds to reconnect!\n|player|p2|\n|inactive|Kyleailude ren666 has 270 seconds to reconnect!\n|inactive|Kyleailude ren666 has 240 seconds to reconnect!\n|inactive|Kyleailude ren666 has 210 seconds to reconnect!\n|inactive|Kyleailude ren666 has 180 seconds to reconnect!\n|inactive|Kyleailude ren666 has 150 seconds to reconnect!\n|inactive|Kyleailude ren666 has 120 seconds to reconnect!\n|c|\u2606FEMO953|gg\n|inactive|Kyleailude ren666 has 90 seconds to reconnect!\n|inactive|Kyleailude ren666 has 60 seconds to reconnect!\n|c|\u2606FEMO953|are you going to move?\n|inactive|Kyleailude ren666 has 30 seconds to reconnect!\n|inactive|Kyleailude ren666 has 20 seconds to reconnect!\n|inactive|Kyleailude ren666 has 15 seconds to reconnect!\n|inactive|Kyleailude ren666 has 10 seconds to reconnect!\n|inactive|Kyleailude ren666 has 5 seconds to reconnect!\n|-message|Kyleailude ren666 lost due to inactivity.\n|\n|win|FEMO953\n|l|\u2606FEMO953\n|j|\u2606FEMO953\n|player|p1|FEMO953|oak-gen2\n","uploadtime":1701072411,"views":4,"p1id":"femo953","p2id":"kyleailuderen666","formatid":"gen9ou","rating":0,"private":0,"password":""}