{"id":"gen9ou-1994713716","p1":"Lamboyhito","p2":"Dechenhatthanh","format":"[Gen 9] OU","log":"|j|\u2606Lamboyhito\n|j|\u2606Dechenhatthanh\n|t:|1700484678\n|gametype|singles\n|player|p1|Lamboyhito|bruno|\n|player|p2|Dechenhatthanh|1|\n|teamsize|p1|6\n|teamsize|p2|6\n|gen|9\n|tier|[Gen 9] OU\n|rule|Sleep Clause Mod: Limit one foe put to sleep\n|rule|Species Clause: Limit one of each Pok\u00e9mon\n|rule|OHKO Clause: OHKO moves are banned\n|rule|Evasion Items Clause: Evasion items are banned\n|rule|Evasion Moves Clause: Evasion moves are banned\n|rule|Endless Battle Clause: Forcing endless battles is banned\n|rule|HP Percentage Mod: HP is shown in percentages\n|clearpoke\n|poke|p1|Dragonite, F|\n|poke|p1|Pelipper, M|\n|poke|p1|Basculegion, M|\n|poke|p1|Overqwil, M|\n|poke|p1|Cloyster, F|\n|poke|p1|Maushold-Four|\n|poke|p2|Manaphy|\n|poke|p2|Greninja-*, M|\n|poke|p2|Dragonite, M|\n|poke|p2|Glimmora, M|\n|poke|p2|Kommo-o, M|\n|poke|p2|Grimmsnarl, M|\n|teampreview\n|\n|t:|1700484686\n|start\n|switch|p1a: Dragonite|Dragonite, F|100\/100\n|switch|p2a: Dragonite|Dragonite, M|100\/100\n|turn|1\n|\n|t:|1700484690\n|-terastallize|p1a: Dragonite|Normal\n|move|p1a: Dragonite|Dragon Dance|p1a: Dragonite\n|-boost|p1a: Dragonite|atk|1\n|-boost|p1a: Dragonite|spe|1\n|move|p2a: Dragonite|Dragon Dance|p2a: Dragonite\n|-boost|p2a: Dragonite|atk|1\n|-boost|p2a: Dragonite|spe|1\n|\n|upkeep\n|turn|2\n|\n|t:|1700484704\n|move|p1a: Dragonite|Extreme Speed|p2a: Dragonite\n|-damage|p2a: Dragonite|61\/100\n|move|p2a: Dragonite|Dragon Claw|p1a: Dragonite\n|-damage|p1a: Dragonite|64\/100\n|\n|upkeep\n|turn|3\n|\n|t:|1700484714\n|move|p2a: Dragonite|Extreme Speed|p1a: Dragonite\n|-damage|p1a: Dragonite|14\/100\n|move|p1a: Dragonite|Extreme Speed|p2a: Dragonite\n|-damage|p2a: Dragonite|0 fnt\n|faint|p2a: Dragonite\n|\n|upkeep\n|\n|t:|1700484719\n|switch|p2a: Grimmsnarl|Grimmsnarl, M|100\/100\n|turn|4\n|inactive|Battle timer is ON: inactive players will automatically lose when time's up. (requested by Lamboyhito)\n|\n|t:|1700484724\n|move|p1a: Dragonite|Extreme Speed|p2a: Grimmsnarl\n|-damage|p2a: Grimmsnarl|21\/100\n|-enditem|p2a: Grimmsnarl|Aguav Berry|[eat]\n|-heal|p2a: Grimmsnarl|54\/100|[from] item: Aguav Berry\n|move|p2a: Grimmsnarl|Reflect|p2a: Grimmsnarl\n|-sidestart|p2: Dechenhatthanh|Reflect\n|\n|upkeep\n|turn|5\n|\n|t:|1700484739\n|move|p1a: Dragonite|Extreme Speed|p2a: Grimmsnarl\n|-damage|p2a: Grimmsnarl|14\/100\n|move|p2a: Grimmsnarl|Parting Shot|p1a: Dragonite\n|-unboost|p1a: Dragonite|atk|1\n|-unboost|p1a: Dragonite|spa|1\n|\n|t:|1700484747\n|switch|p2a: Kommo-o|Kommo-o, M|100\/100|[from] Parting Shot\n|\n|upkeep\n|turn|6\n|\n|t:|1700484753\n|move|p1a: Dragonite|Outrage|p2a: Kommo-o\n|-supereffective|p2a: Kommo-o\n|-damage|p2a: Kommo-o|31\/100\n|move|p2a: Kommo-o|Clangorous Soul||[still]\n|-fail|p2a: Kommo-o\n|\n|upkeep\n|turn|7\n|\n|t:|1700484759\n|move|p1a: Dragonite|Outrage|p2a: Kommo-o|[from]lockedmove\n|-supereffective|p2a: Kommo-o\n|-damage|p2a: Kommo-o|0 fnt\n|faint|p2a: Kommo-o\n|-start|p1a: Dragonite|confusion|[fatigue]\n|\n|upkeep\n|\n|t:|1700484762\n|switch|p2a: Manaphy|Manaphy|100\/100\n|turn|8\n|\n|t:|1700484772\n|-activate|p1a: Dragonite|confusion\n|move|p1a: Dragonite|Extreme Speed|p2a: Manaphy\n|-damage|p2a: Manaphy|75\/100\n|move|p2a: Manaphy|Tail Glow|p2a: Manaphy\n|-boost|p2a: Manaphy|spa|3\n|\n|-heal|p2a: Manaphy|81\/100|[from] item: Leftovers\n|-sideend|p2: Dechenhatthanh|Reflect\n|upkeep\n|turn|9\n|\n|t:|1700484777\n|-activate|p1a: Dragonite|confusion\n|move|p1a: Dragonite|Outrage|p2a: Manaphy\n|-damage|p2a: Manaphy|5\/100\n|move|p2a: Manaphy|Psychic|p1a: Dragonite\n|-damage|p1a: Dragonite|0 fnt\n|faint|p1a: Dragonite\n|\n|-heal|p2a: Manaphy|11\/100|[from] item: Leftovers\n|upkeep\n|\n|t:|1700484781\n|switch|p1a: Cloyster|Cloyster, F|100\/100\n|turn|10\n|\n|t:|1700484800\n|move|p2a: Manaphy|Energy Ball|p1a: Cloyster\n|-supereffective|p1a: Cloyster\n|-damage|p1a: Cloyster|0 fnt\n|faint|p1a: Cloyster\n|\n|-heal|p2a: Manaphy|17\/100|[from] item: Leftovers\n|upkeep\n|\n|t:|1700484804\n|switch|p1a: Maushold|Maushold-Four|100\/100\n|turn|11\n|\n|t:|1700484808\n|move|p2a: Manaphy|Psychic|p1a: Maushold\n|-damage|p1a: Maushold|0 fnt\n|faint|p1a: Maushold\n|\n|-heal|p2a: Manaphy|23\/100|[from] item: Leftovers\n|upkeep\n|\n|t:|1700484818\n|switch|p1a: Pelipper|Pelipper, M|100\/100\n|-weather|RainDance|[from] ability: Drizzle|[of] p1a: Pelipper\n|turn|12\n|\n|t:|1700484823\n|move|p2a: Manaphy|Psychic|p1a: Pelipper\n|-damage|p1a: Pelipper|0 fnt\n|faint|p1a: Pelipper\n|\n|-weather|RainDance|[upkeep]\n|-heal|p2a: Manaphy|29\/100|[from] item: Leftovers\n|upkeep\n|\n|t:|1700484825\n|switch|p1a: Basculegion|Basculegion, M|100\/100\n|turn|13\n|\n|t:|1700484838\n|move|p1a: Basculegion|Zen Headbutt|p2a: Manaphy\n|-damage|p2a: Manaphy|3\/100\n|move|p2a: Manaphy|Energy Ball|p1a: Basculegion\n|-supereffective|p1a: Basculegion\n|-damage|p1a: Basculegion|0 fnt\n|faint|p1a: Basculegion\n|\n|-weather|RainDance|[upkeep]\n|-heal|p2a: Manaphy|9\/100|[from] item: Leftovers\n|upkeep\n|\n|t:|1700484840\n|switch|p1a: Overqwil|Overqwil, M|100\/100\n|turn|14\n|\n|t:|1700484847\n|move|p1a: Overqwil|Swords Dance|p1a: Overqwil\n|-boost|p1a: Overqwil|atk|2\n|move|p2a: Manaphy|Ice Beam|p1a: Overqwil\n|-damage|p1a: Overqwil|0 fnt\n|faint|p1a: Overqwil\n|\n|win|Dechenhatthanh\n|c|\u2606Dechenhatthanh|bruh\n|l|\u2606Lamboyhito\n|j|\u2606Lamboyhito\n|player|p1|Lamboyhito|bruno\n","uploadtime":1700484965,"views":15,"p1id":"lamboyhito","p2id":"dechenhatthanh","formatid":"gen9ou","rating":0,"private":0,"password":""}