{"id":"gen9ou-1988435361","p1":"MukYaUp","p2":"OkJuice100","format":"[Gen 9] OU","log":"|j|\u2606MukYaUp\n|j|\u2606OkJuice100\n|t:|1699722655\n|gametype|singles\n|player|p1|MukYaUp|koga|1216\n|player|p2|OkJuice100|266|1193\n|teamsize|p1|6\n|teamsize|p2|6\n|gen|9\n|tier|[Gen 9] OU\n|rated|\n|rule|Sleep Clause Mod: Limit one foe put to sleep\n|rule|Species Clause: Limit one of each Pok\u00e9mon\n|rule|OHKO Clause: OHKO moves are banned\n|rule|Evasion Items Clause: Evasion items are banned\n|rule|Evasion Moves Clause: Evasion moves are banned\n|rule|Endless Battle Clause: Forcing endless battles is banned\n|rule|HP Percentage Mod: HP is shown in percentages\n|clearpoke\n|poke|p1|Maushold-Four|\n|poke|p1|Weezing-Galar, F|\n|poke|p1|Dragonite, M|\n|poke|p1|Walking Wake|\n|poke|p1|Muk-Alola, M|\n|poke|p1|Great Tusk|\n|poke|p2|Cinderace, F|\n|poke|p2|Greninja-*, F|\n|poke|p2|Slowking-Galar, F|\n|poke|p2|Pelipper, F|\n|poke|p2|Barraskewda, F|\n|poke|p2|Rillaboom, F|\n|teampreview\n|\n|t:|1699722677\n|start\n|switch|p1a: WalkingMid|Walking Wake|100\/100\n|switch|p2a: Greninja|Greninja, F|100\/100\n|turn|1\n|\n|t:|1699722684\n|move|p2a: Greninja|U-turn|p1a: WalkingMid\n|-start|p2a: Greninja|typechange|Bug|[from] ability: Protean\n|-damage|p1a: WalkingMid|79\/100\n|inactive|Battle timer is ON: inactive players will automatically lose when time's up. (requested by MukYaUp)\n|\n|t:|1699722689\n|switch|p2a: Slowking|Slowking-Galar, F|100\/100|[from] U-turn\n|move|p1a: WalkingMid|Draco Meteor|p2a: Slowking\n|-damage|p2a: Slowking|63\/100\n|-unboost|p1a: WalkingMid|spa|2\n|\n|upkeep\n|turn|2\n|\n|t:|1699722696\n|-end|p1a: WalkingMid|Protosynthesis|[silent]\n|switch|p1a: Pride \ud83c\udf08|Muk-Alola, M|100\/100\n|move|p2a: Slowking|Future Sight|p1a: Pride \ud83c\udf08\n|-start|p2a: Slowking|move: Future Sight\n|\n|upkeep\n|turn|3\n|\n|t:|1699722714\n|switch|p2a: Pelipper|Pelipper, F|100\/100\n|-weather|RainDance|[from] ability: Drizzle|[of] p2a: Pelipper\n|move|p1a: Pride \ud83c\udf08|Knock Off|p2a: Pelipper\n|-damage|p2a: Pelipper|72\/100\n|-enditem|p2a: Pelipper|Damp Rock|[from] move: Knock Off|[of] p1a: Pride \ud83c\udf08\n|\n|-weather|RainDance|[upkeep]\n|upkeep\n|turn|4\n|\n|t:|1699722726\n|move|p1a: Pride \ud83c\udf08|Protect|p1a: Pride \ud83c\udf08\n|-singleturn|p1a: Pride \ud83c\udf08|Protect\n|move|p2a: Pelipper|U-turn|p1a: Pride \ud83c\udf08\n|-activate|p1a: Pride \ud83c\udf08|move: Protect\n|\n|-weather|RainDance|[upkeep]\n|-end|p1a: Pride \ud83c\udf08|move: Future Sight\n|-immune|p1a: Pride \ud83c\udf08\n|upkeep\n|turn|5\n|\n|t:|1699722734\n|move|p2a: Pelipper|U-turn|p1a: Pride \ud83c\udf08\n|-crit|p1a: Pride \ud83c\udf08\n|-damage|p1a: Pride \ud83c\udf08|86\/100\n|\n|t:|1699722763\n|switch|p2a: Greninja|Greninja, F|100\/100|[from] U-turn\n|move|p1a: Pride \ud83c\udf08|Knock Off|p2a: Greninja\n|-resisted|p2a: Greninja\n|-damage|p2a: Greninja|73\/100\n|-enditem|p2a: Greninja|Choice Scarf|[from] move: Knock Off|[of] p1a: Pride \ud83c\udf08\n|\n|-weather|RainDance|[upkeep]\n|-heal|p1a: Pride \ud83c\udf08|92\/100|[from] item: Black Sludge\n|upkeep\n|turn|6\n|\n|t:|1699722779\n|move|p1a: Pride \ud83c\udf08|Protect|p1a: Pride \ud83c\udf08\n|-singleturn|p1a: Pride \ud83c\udf08|Protect\n|move|p2a: Greninja|Surf|p1a: Pride \ud83c\udf08\n|-start|p2a: Greninja|typechange|Water|[from] ability: Protean\n|-activate|p1a: Pride \ud83c\udf08|move: Protect\n|\n|-weather|RainDance|[upkeep]\n|-heal|p1a: Pride \ud83c\udf08|98\/100|[from] item: Black Sludge\n|upkeep\n|turn|7\n|\n|t:|1699722786\n|switch|p1a: WalkingMid|Walking Wake|79\/100\n|move|p2a: Greninja|Surf|p1a: WalkingMid\n|-resisted|p1a: WalkingMid\n|-damage|p1a: WalkingMid|60\/100\n|\n|-weather|RainDance|[upkeep]\n|upkeep\n|turn|8\n|\n|t:|1699722790\n|move|p1a: WalkingMid|Flip Turn|p2a: Greninja\n|-resisted|p2a: Greninja\n|-damage|p2a: Greninja|52\/100\n|\n|t:|1699722793\n|-end|p1a: WalkingMid|Protosynthesis|[silent]\n|switch|p1a: Pride \ud83c\udf08|Muk-Alola, M|98\/100|[from] Flip Turn\n|move|p2a: Greninja|U-turn|p1a: Pride \ud83c\udf08\n|-damage|p1a: Pride \ud83c\udf08|83\/100\n|\n|t:|1699722796\n|switch|p2a: Barraskewda|Barraskewda, F|100\/100|[from] U-turn\n|\n|-weather|RainDance|[upkeep]\n|-heal|p1a: Pride \ud83c\udf08|89\/100|[from] item: Black Sludge\n|upkeep\n|turn|9\n|\n|t:|1699722801\n|move|p1a: Pride \ud83c\udf08|Protect|p1a: Pride \ud83c\udf08\n|-singleturn|p1a: Pride \ud83c\udf08|Protect\n|move|p2a: Barraskewda|Flip Turn|p1a: Pride \ud83c\udf08\n|-activate|p1a: Pride \ud83c\udf08|move: Protect\n|\n|-weather|RainDance|[upkeep]\n|-heal|p1a: Pride \ud83c\udf08|95\/100|[from] item: Black Sludge\n|upkeep\n|turn|10\n|\n|t:|1699722805\n|move|p2a: Barraskewda|Flip Turn|p1a: Pride \ud83c\udf08\n|-damage|p1a: Pride \ud83c\udf08|18\/100\n|\n|t:|1699722809\n|switch|p2a: Greninja|Greninja, F|52\/100|[from] Flip Turn\n|move|p1a: Pride \ud83c\udf08|Knock Off|p2a: Greninja\n|-resisted|p2a: Greninja\n|-damage|p2a: Greninja|33\/100\n|\n|-weather|none\n|-heal|p1a: Pride \ud83c\udf08|24\/100|[from] item: Black Sludge\n|upkeep\n|turn|11\n|\n|t:|1699722826\n|move|p2a: Greninja|U-turn|p1a: Pride \ud83c\udf08\n|-start|p2a: Greninja|typechange|Bug|[from] ability: Protean\n|-damage|p1a: Pride \ud83c\udf08|3\/100\n|\n|t:|1699722828\n|switch|p2a: Pelipper|Pelipper, F|72\/100|[from] U-turn\n|-weather|RainDance|[from] ability: Drizzle|[of] p2a: Pelipper\n|move|p1a: Pride \ud83c\udf08|Poison Jab|p2a: Pelipper\n|-crit|p2a: Pelipper\n|-damage|p2a: Pelipper|41\/100\n|\n|-weather|RainDance|[upkeep]\n|-heal|p1a: Pride \ud83c\udf08|9\/100|[from] item: Black Sludge\n|upkeep\n|turn|12\n|\n|t:|1699722837\n|move|p1a: Pride \ud83c\udf08|Protect|p1a: Pride \ud83c\udf08\n|-singleturn|p1a: Pride \ud83c\udf08|Protect\n|move|p2a: Pelipper|Knock Off|p1a: Pride \ud83c\udf08\n|-activate|p1a: Pride \ud83c\udf08|move: Protect\n|\n|-weather|RainDance|[upkeep]\n|-heal|p1a: Pride \ud83c\udf08|15\/100|[from] item: Black Sludge\n|upkeep\n|turn|13\n|\n|t:|1699722843\n|move|p2a: Pelipper|Weather Ball|p1a: Pride \ud83c\udf08\n|-damage|p1a: Pride \ud83c\udf08|0 fnt\n|faint|p1a: Pride \ud83c\udf08\n|\n|-weather|RainDance|[upkeep]\n|upkeep\n|\n|t:|1699722857\n|switch|p1a: Barney|Dragonite, M, shiny|100\/100\n|turn|14\n|\n|t:|1699722861\n|move|p1a: Barney|Extreme Speed|p2a: Pelipper\n|-damage|p2a: Pelipper|6\/100\n|move|p2a: Pelipper|U-turn|p1a: Barney\n|-resisted|p1a: Barney\n|-damage|p1a: Barney|98\/100\n|\n|t:|1699722873\n|switch|p2a: Greninja|Greninja, F|33\/100|[from] U-turn\n|\n|-weather|RainDance|[upkeep]\n|upkeep\n|turn|15\n|\n|t:|1699722876\n|move|p1a: Barney|Extreme Speed|p2a: Greninja\n|-damage|p2a: Greninja|0 fnt\n|faint|p2a: Greninja\n|\n|-weather|none\n|upkeep\n|\n|t:|1699722883\n|switch|p2a: Barraskewda|Barraskewda, F|100\/100\n|turn|16\n|\n|t:|1699722891\n|-terastallize|p2a: Barraskewda|Ghost\n|-terastallize|p1a: Barney|Normal\n|move|p1a: Barney|Extreme Speed|p2a: Barraskewda\n|-immune|p2a: Barraskewda\n|move|p2a: Barraskewda|Liquidation|p1a: Barney\n|-damage|p1a: Barney|21\/100\n|\n|upkeep\n|turn|17\n|\n|t:|1699722900\n|switch|p1a: WalkingMid|Walking Wake|60\/100\n|move|p2a: Barraskewda|Liquidation|p1a: WalkingMid\n|-resisted|p1a: WalkingMid\n|-damage|p1a: WalkingMid|43\/100\n|\n|upkeep\n|turn|18\n|\n|t:|1699722906\n|switch|p2a: Pelipper|Pelipper, F|6\/100\n|-weather|RainDance|[from] ability: Drizzle|[of] p2a: Pelipper\n|move|p1a: WalkingMid|Flip Turn|p2a: Pelipper\n|-resisted|p2a: Pelipper\n|-damage|p2a: Pelipper|0 fnt\n|faint|p2a: Pelipper\n|\n|t:|1699722914\n|-end|p1a: WalkingMid|Protosynthesis|[silent]\n|switch|p1a: Mr.TopHats|Weezing-Galar, F, shiny|100\/100|[from] Flip Turn\n|\n|-weather|RainDance|[upkeep]\n|upkeep\n|\n|t:|1699722925\n|switch|p2a: Slowking|Slowking-Galar, F|96\/100\n|turn|19\n|\n|t:|1699722932\n|move|p1a: Mr.TopHats|Shadow Ball|p2a: Slowking\n|-supereffective|p2a: Slowking\n|-damage|p2a: Slowking|61\/100\n|move|p2a: Slowking|Future Sight|p1a: Mr.TopHats\n|-start|p2a: Slowking|move: Future Sight\n|\n|-weather|RainDance|[upkeep]\n|upkeep\n|turn|20\n|\n|t:|1699722938\n|move|p1a: Mr.TopHats|Shadow Ball|p2a: Slowking\n|-supereffective|p2a: Slowking\n|-damage|p2a: Slowking|22\/100\n|move|p2a: Slowking|Sludge Bomb|p1a: Mr.TopHats\n|-damage|p1a: Mr.TopHats|24\/100\n|\n|-weather|RainDance|[upkeep]\n|upkeep\n|turn|21\n|\n|t:|1699722946\n|switch|p2a: Rillaboom|Rillaboom, F|100\/100\n|-fieldstart|move: Grassy Terrain|[from] ability: Grassy Surge|[of] p2a: Rillaboom\n|move|p1a: Mr.TopHats|Shadow Ball|p2a: Rillaboom\n|-damage|p2a: Rillaboom|66\/100\n|-unboost|p2a: Rillaboom|spd|1\n|\n|-weather|RainDance|[upkeep]\n|-end|p1a: Mr.TopHats|move: Future Sight\n|-supereffective|p1a: Mr.TopHats\n|-damage|p1a: Mr.TopHats|0 fnt\n|faint|p1a: Mr.TopHats\n|-heal|p2a: Rillaboom|72\/100|[from] Grassy Terrain\n|-heal|p2a: Rillaboom|78\/100|[from] item: Leftovers\n|upkeep\n|\n|t:|1699722954\n|switch|p1a: WalkingMid|Walking Wake|43\/100\n|turn|22\n|\n|t:|1699722963\n|-end|p1a: WalkingMid|Protosynthesis|[silent]\n|switch|p1a: Barney|Dragonite, M, shiny, tera:Normal|21\/100\n|move|p2a: Rillaboom|Protect||[still]\n|-fail|p2a: Rillaboom\n|\n|-weather|none\n|-heal|p1a: Barney|27\/100|[from] Grassy Terrain\n|-heal|p2a: Rillaboom|85\/100|[from] Grassy Terrain\n|-heal|p2a: Rillaboom|91\/100|[from] item: Leftovers\n|upkeep\n|turn|23\n|\n|t:|1699722971\n|move|p2a: Rillaboom|Protect|p2a: Rillaboom\n|-singleturn|p2a: Rillaboom|Protect\n|move|p1a: Barney|Ice Spinner|p2a: Rillaboom\n|-activate|p2a: Rillaboom|move: Protect\n|\n|-heal|p1a: Barney|34\/100|[from] Grassy Terrain\n|-heal|p2a: Rillaboom|97\/100|[from] Grassy Terrain\n|-heal|p2a: Rillaboom|100\/100|[from] item: Leftovers\n|upkeep\n|turn|24\n|\n|t:|1699722978\n|switch|p2a: Cinderace|Cinderace, F|100\/100\n|move|p1a: Barney|Ice Spinner|p2a: Cinderace\n|-resisted|p2a: Cinderace\n|-damage|p2a: Cinderace|68\/100\n|-fieldend|move: Grassy Terrain\n|\n|upkeep\n|turn|25\n|\n|t:|1699722985\n|switch|p1a: Beyblade|Great Tusk|100\/100\n|move|p2a: Cinderace|Electro Ball|p1a: Beyblade\n|-start|p2a: Cinderace|typechange|Electric|[from] ability: Libero\n|-immune|p1a: Beyblade\n|\n|upkeep\n|turn|26\n|\n|t:|1699722991\n|switch|p2a: Rillaboom|Rillaboom, F|100\/100\n|-fieldstart|move: Grassy Terrain|[from] ability: Grassy Surge|[of] p2a: Rillaboom\n|move|p1a: Beyblade|Stealth Rock|p2a: Rillaboom\n|-sidestart|p2: OkJuice100|move: Stealth Rock\n|\n|upkeep\n|turn|27\n|\n|t:|1699722999\n|move|p2a: Rillaboom|Grassy Glide|p1a: Beyblade\n|-supereffective|p1a: Beyblade\n|-damage|p1a: Beyblade|70\/100\n|-damage|p2a: Rillaboom|84\/100|[from] item: Rocky Helmet|[of] p1a: Beyblade\n|move|p1a: Beyblade|Ice Spinner|p2a: Rillaboom\n|-supereffective|p2a: Rillaboom\n|-damage|p2a: Rillaboom|40\/100\n|-fieldend|move: Grassy Terrain\n|\n|-heal|p2a: Rillaboom|47\/100|[from] item: Leftovers\n|upkeep\n|turn|28\n|\n|t:|1699723008\n|move|p2a: Rillaboom|Protect|p2a: Rillaboom\n|-singleturn|p2a: Rillaboom|Protect\n|move|p1a: Beyblade|Ice Spinner|p2a: Rillaboom\n|-activate|p2a: Rillaboom|move: Protect\n|\n|-heal|p2a: Rillaboom|53\/100|[from] item: Leftovers\n|upkeep\n|turn|29\n|\n|t:|1699723018\n|switch|p2a: Slowking|Slowking-Galar, F|55\/100\n|-damage|p2a: Slowking|43\/100|[from] Stealth Rock\n|move|p1a: Beyblade|Ice Spinner|p2a: Slowking\n|-crit|p2a: Slowking\n|-damage|p2a: Slowking|4\/100\n|\n|upkeep\n|turn|30\n|\n|t:|1699723025\n|move|p1a: Beyblade|Rapid Spin|p2a: Slowking\n|-damage|p2a: Slowking|0 fnt\n|-boost|p1a: Beyblade|spe|1\n|faint|p2a: Slowking\n|\n|upkeep\n|-message|OkJuice100 forfeited.\n|\n|win|MukYaUp\n|raw|MukYaUp's rating: 1216 &rarr; <strong>1239<\/strong><br \/>(+23 for winning)\n|raw|OkJuice100's rating: 1193 &rarr; <strong>1170<\/strong><br \/>(-23 for losing)\n|l|\u2606OkJuice100\n","uploadtime":1699723037,"views":15,"p1id":"mukyaup","p2id":"okjuice100","formatid":"gen9ou","rating":1170,"private":0,"password":""}