{"id":"gen9ou-1998186695","p1":"viet pikatwo","p2":"gelanofr","format":"[Gen 9] OU","log":"|j|\u2606viet pikatwo\n|j|\u2606gelanofr\n|t:|1700908801\n|gametype|singles\n|player|p1|viet pikatwo|169|1426\n|player|p2|gelanofr|crasherwake|1340\n|teamsize|p1|6\n|teamsize|p2|6\n|gen|9\n|tier|[Gen 9] OU\n|rated|\n|rule|Sleep Clause Mod: Limit one foe put to sleep\n|rule|Species Clause: Limit one of each Pok\u00e9mon\n|rule|OHKO Clause: OHKO moves are banned\n|rule|Evasion Items Clause: Evasion items are banned\n|rule|Evasion Moves Clause: Evasion moves are banned\n|rule|Endless Battle Clause: Forcing endless battles is banned\n|rule|HP Percentage Mod: HP is shown in percentages\n|clearpoke\n|poke|p1|Ninetales-Alola, F|\n|poke|p1|Ogerpon-Wellspring, F|\n|poke|p1|Yanmega, F|\n|poke|p1|Garganacl, M|\n|poke|p1|Heatran, M|\n|poke|p1|Gholdengo|\n|poke|p2|Dragonite, M|\n|poke|p2|Ceruledge, F|\n|poke|p2|Rillaboom, M|\n|poke|p2|Kommo-o, M|\n|poke|p2|Cinderace, F|\n|poke|p2|Ditto|\n|teampreview\n|inactive|Battle timer is ON: inactive players will automatically lose when time's up. (requested by viet pikatwo)\n|\n|t:|1700908827\n|start\n|switch|p1a: Ninetales|Ninetales-Alola, F|100\/100\n|switch|p2a: Ceruledge|Ceruledge, F|100\/100\n|-weather|Snow|[from] ability: Snow Warning|[of] p1a: Ninetales\n|turn|1\n|\n|t:|1700908837\n|switch|p1a: Heatran|Heatran, M|100\/100\n|move|p2a: Ceruledge|Swords Dance|p2a: Ceruledge\n|-boost|p2a: Ceruledge|atk|2\n|\n|-weather|Snow|[upkeep]\n|upkeep\n|turn|2\n|\n|t:|1700908843\n|move|p2a: Ceruledge|Poltergeist|p1a: Heatran\n|-activate|p1a: Heatran|move: Poltergeist|Leftovers\n|-damage|p1a: Heatran|10\/100\n|move|p1a: Heatran|Earth Power|p2a: Ceruledge\n|-supereffective|p2a: Ceruledge\n|-damage|p2a: Ceruledge|41\/100\n|\n|-weather|Snow|[upkeep]\n|-heal|p1a: Heatran|16\/100|[from] item: Leftovers\n|upkeep\n|turn|3\n|\n|t:|1700908850\n|move|p2a: Ceruledge|Shadow Sneak|p1a: Heatran\n|-damage|p1a: Heatran|0 fnt\n|faint|p1a: Heatran\n|\n|-weather|Snow|[upkeep]\n|upkeep\n|\n|t:|1700908856\n|switch|p1a: Ogerpon|Ogerpon-Wellspring, F|100\/100\n|turn|4\n|\n|t:|1700908861\n|move|p2a: Ceruledge|Shadow Sneak|p1a: Ogerpon\n|-damage|p1a: Ogerpon|48\/100\n|move|p1a: Ogerpon|Ivy Cudgel|p2a: Ceruledge|[anim] Ivy Cudgel Water\n|-supereffective|p2a: Ceruledge\n|-damage|p2a: Ceruledge|0 fnt\n|faint|p2a: Ceruledge\n|\n|-weather|Snow|[upkeep]\n|upkeep\n|\n|t:|1700908869\n|switch|p2a: Rillaboom|Rillaboom, M|100\/100\n|-fieldstart|move: Grassy Terrain|[from] ability: Grassy Surge|[of] p2a: Rillaboom\n|turn|5\n|\n|t:|1700908880\n|switch|p1a: Yanmega|Yanmega, F|100\/100\n|move|p2a: Rillaboom|Grassy Glide|p1a: Yanmega\n|-resisted|p1a: Yanmega\n|-damage|p1a: Yanmega|85\/100\n|\n|-weather|none\n|-heal|p1a: Yanmega|91\/100|[from] item: Leftovers\n|upkeep\n|turn|6\n|\n|t:|1700908893\n|switch|p2a: Dragonite|Dragonite, M|100\/100\n|move|p1a: Yanmega|Swords Dance|p1a: Yanmega\n|-boost|p1a: Yanmega|atk|2\n|\n|-heal|p1a: Yanmega|98\/100|[from] item: Leftovers\n|-ability|p1a: Yanmega|Speed Boost|boost\n|-boost|p1a: Yanmega|spe|1\n|upkeep\n|turn|7\n|\n|t:|1700908907\n|-terastallize|p1a: Yanmega|Steel\n|move|p1a: Yanmega|Swords Dance|p1a: Yanmega\n|-boost|p1a: Yanmega|atk|2\n|move|p2a: Dragonite|Iron Head|p1a: Yanmega\n|-resisted|p1a: Yanmega\n|-damage|p1a: Yanmega|85\/100\n|\n|-heal|p1a: Yanmega|91\/100|[from] Grassy Terrain\n|-heal|p1a: Yanmega|97\/100|[from] item: Leftovers\n|-ability|p1a: Yanmega|Speed Boost|boost\n|-boost|p1a: Yanmega|spe|1\n|upkeep\n|turn|8\n|\n|t:|1700908914\n|move|p1a: Yanmega|Dual Wingbeat|p2a: Dragonite\n|-damage|p2a: Dragonite|76\/100\n|-damage|p2a: Dragonite|26\/100\n|-hitcount|p2a: Dragonite|2\n|move|p2a: Dragonite|Earthquake|p1a: Yanmega\n|-supereffective|p1a: Yanmega\n|-damage|p1a: Yanmega|62\/100\n|\n|-heal|p1a: Yanmega|68\/100|[from] Grassy Terrain\n|-heal|p1a: Yanmega|74\/100|[from] item: Leftovers\n|-ability|p1a: Yanmega|Speed Boost|boost\n|-boost|p1a: Yanmega|spe|1\n|upkeep\n|turn|9\n|\n|t:|1700908929\n|move|p1a: Yanmega|Tera Blast|p2a: Dragonite|[anim] Tera Blast Steel\n|-damage|p2a: Dragonite|0 fnt\n|faint|p2a: Dragonite\n|\n|-heal|p1a: Yanmega|81\/100|[from] Grassy Terrain\n|-heal|p1a: Yanmega|87\/100|[from] item: Leftovers\n|-fieldend|move: Grassy Terrain\n|-ability|p1a: Yanmega|Speed Boost|boost\n|-boost|p1a: Yanmega|spe|1\n|upkeep\n|\n|t:|1700908932\n|switch|p2a: Ditto|Ditto|100\/100\n|-transform|p2a: Ditto|p1a: Yanmega|[from] ability: Imposter\n|-start|p2a: Ditto|typechange|Bug\/Flying|[silent]\n|turn|10\n|\n|t:|1700908950\n|move|p2a: Ditto|Dual Wingbeat|p1a: Yanmega\n|-resisted|p1a: Yanmega\n|-damage|p1a: Yanmega|64\/100\n|-resisted|p1a: Yanmega\n|-damage|p1a: Yanmega|37\/100\n|-hitcount|p1a: Yanmega|2\n|move|p1a: Yanmega|Tera Blast|p2a: Ditto|[anim] Tera Blast Steel\n|-damage|p2a: Ditto|0 fnt\n|faint|p2a: Ditto\n|\n|-heal|p1a: Yanmega|43\/100|[from] item: Leftovers\n|-ability|p1a: Yanmega|Speed Boost|boost\n|-boost|p1a: Yanmega|spe|1\n|upkeep\n|\n|t:|1700908954\n|switch|p2a: Cinderace|Cinderace, F|100\/100\n|turn|11\n|\n|t:|1700908959\n|move|p1a: Yanmega|Protect|p1a: Yanmega\n|-singleturn|p1a: Yanmega|Protect\n|move|p2a: Cinderace|Pyro Ball|p1a: Yanmega\n|-activate|p1a: Yanmega|move: Protect\n|\n|-heal|p1a: Yanmega|49\/100|[from] item: Leftovers\n|-ability|p1a: Yanmega|Speed Boost|boost\n|-boost|p1a: Yanmega|spe|1\n|upkeep\n|turn|12\n|\n|t:|1700908963\n|move|p1a: Yanmega|Dual Wingbeat|p2a: Cinderace\n|-damage|p2a: Cinderace|35\/100\n|-damage|p2a: Cinderace|0 fnt\n|faint|p2a: Cinderace\n|-hitcount|p2: Cinderace|2\n|\n|-heal|p1a: Yanmega|56\/100|[from] item: Leftovers\n|upkeep\n|c|\u2606gelanofr|gg\n|-message|gelanofr forfeited.\n|\n|win|viet pikatwo\n|raw|viet pikatwo's rating: 1426 &rarr; <strong>1441<\/strong><br \/>(+15 for winning)\n|raw|gelanofr's rating: 1340 &rarr; <strong>1325<\/strong><br \/>(-15 for losing)\n|l|\u2606gelanofr\n","uploadtime":1700908982,"views":1,"p1id":"vietpikatwo","p2id":"gelanofr","formatid":"gen9ou","rating":1325,"private":0,"password":""}