{"id":"gen9ou-1999546816","p1":"JJJsepht","p2":"Cryptic_Brawler","format":"[Gen 9] OU","log":"|j|\u2606JJJsepht\n|j|\u203dCryptic_Brawler\n|t:|1701094811\n|gametype|singles\n|player|p1|JJJsepht|hiker-gen4|\n|player|p2|Cryptic_Brawler|ghetsis-gen5bw|\n|teamsize|p1|6\n|teamsize|p2|6\n|gen|9\n|tier|[Gen 9] OU\n|rule|Sleep Clause Mod: Limit one foe put to sleep\n|rule|Species Clause: Limit one of each Pok\u00e9mon\n|rule|OHKO Clause: OHKO moves are banned\n|rule|Evasion Items Clause: Evasion items are banned\n|rule|Evasion Moves Clause: Evasion moves are banned\n|rule|Endless Battle Clause: Forcing endless battles is banned\n|rule|HP Percentage Mod: HP is shown in percentages\n|clearpoke\n|poke|p1|Pelipper, M|\n|poke|p1|Barraskewda, F|\n|poke|p1|Great Tusk|\n|poke|p1|Amoonguss, M|\n|poke|p1|Kingambit, F|\n|poke|p1|Kilowattrel, F|\n|poke|p2|Decidueye-Hisui, F|\n|poke|p2|Great Tusk|\n|poke|p2|Milotic, M|\n|poke|p2|Ceruledge, F|\n|poke|p2|Hawlucha, M|\n|poke|p2|Thundurus-Therian, M|\n|teampreview\n|\n|t:|1701094823\n|start\n|switch|p1a: Pelipper|Pelipper, M, shiny|100\/100\n|switch|p2a: Thundurus|Thundurus-Therian, M|100\/100\n|-weather|RainDance|[from] ability: Drizzle|[of] p1a: Pelipper\n|turn|1\n|\n|t:|1701094848\n|move|p2a: Thundurus|Volt Switch|p1a: Pelipper\n|-supereffective|p1a: Pelipper\n|-damage|p1a: Pelipper|0 fnt\n|faint|p1a: Pelipper\n|-damage|p2a: Thundurus|91\/100|[from] item: Life Orb\n|\n|t:|1701094877\n|switch|p2a: Decidueye|Decidueye-Hisui, F|100\/100|[from] Volt Switch\n|\n|-weather|RainDance|[upkeep]\n|upkeep\n|\n|t:|1701094913\n|switch|p1a: Kilowattrel|Kilowattrel, F, shiny|100\/100\n|turn|2\n|\n|t:|1701094971\n|move|p1a: Kilowattrel|Acrobatics|p2a: Decidueye\n|-supereffective|p2a: Decidueye\n|-damage|p2a: Decidueye|44\/100\n|move|p2a: Decidueye|Tailwind|p2a: Decidueye\n|-sidestart|p2: Cryptic_Brawler|move: Tailwind\n|\n|-weather|RainDance|[upkeep]\n|upkeep\n|turn|3\n|\n|t:|1701094985\n|move|p2a: Decidueye|Sucker Punch|p1a: Kilowattrel\n|-damage|p1a: Kilowattrel|49\/100\n|move|p1a: Kilowattrel|Acrobatics|p2a: Decidueye\n|-supereffective|p2a: Decidueye\n|-damage|p2a: Decidueye|0 fnt\n|faint|p2a: Decidueye\n|\n|-weather|RainDance|[upkeep]\n|-heal|p1a: Kilowattrel|55\/100|[from] item: Leftovers\n|upkeep\n|\n|t:|1701095004\n|switch|p2a: Great Tusk|Great Tusk|100\/100\n|-enditem|p2a: Great Tusk|Booster Energy\n|-activate|p2a: Great Tusk|ability: Protosynthesis|[fromitem]\n|-start|p2a: Great Tusk|protosynthesisatk\n|turn|4\n|\n|t:|1701095050\n|-terastallize|p1a: Kilowattrel|Electric\n|move|p2a: Great Tusk|Iron Head|p1a: Kilowattrel\n|-resisted|p1a: Kilowattrel\n|-damage|p1a: Kilowattrel|16\/100\n|move|p1a: Kilowattrel|Acrobatics|p2a: Great Tusk\n|-supereffective|p2a: Great Tusk\n|-damage|p2a: Great Tusk|81\/100\n|\n|-weather|RainDance|[upkeep]\n|-heal|p1a: Kilowattrel|22\/100|[from] item: Leftovers\n|upkeep\n|turn|5\n|\n|t:|1701095085\n|switch|p1a: Kingambit|Kingambit, F, shiny|100\/100\n|move|p2a: Great Tusk|Earthquake|p1a: Kingambit\n|-supereffective|p1a: Kingambit\n|-damage|p1a: Kingambit|7\/100\n|\n|-weather|RainDance|[upkeep]\n|-heal|p1a: Kingambit|13\/100|[from] item: Leftovers\n|-sideend|p2: Cryptic_Brawler|move: Tailwind\n|upkeep\n|turn|6\n|\n|t:|1701095096\n|move|p1a: Kingambit|Sucker Punch|p2a: Great Tusk\n|-resisted|p2a: Great Tusk\n|-damage|p2a: Great Tusk|67\/100\n|move|p2a: Great Tusk|Brick Break|p1a: Kingambit\n|-supereffective|p1a: Kingambit\n|-damage|p1a: Kingambit|0 fnt\n|faint|p1a: Kingambit\n|\n|-weather|RainDance|[upkeep]\n|upkeep\n|\n|t:|1701095107\n|switch|p1a: Amoonguss|Amoonguss, M, shiny|100\/100\n|turn|7\n|\n|t:|1701095116\n|move|p2a: Great Tusk|Zen Headbutt|p1a: Amoonguss\n|-supereffective|p1a: Amoonguss\n|-damage|p1a: Amoonguss|19\/100\n|move|p1a: Amoonguss|Grass Knot|p2a: Great Tusk\n|-supereffective|p2a: Great Tusk\n|-crit|p2a: Great Tusk\n|-damage|p2a: Great Tusk|0 fnt\n|faint|p2a: Great Tusk\n|-end|p2a: Great Tusk|Protosynthesis|[silent]\n|\n|-weather|RainDance|[upkeep]\n|-heal|p1a: Amoonguss|26\/100|[from] item: Black Sludge\n|upkeep\n|\n|t:|1701095126\n|switch|p2a: Milotic|Milotic, M|100\/100\n|turn|8\n|\n|t:|1701095132\n|move|p2a: Milotic|Dragon Pulse|p1a: Amoonguss\n|-crit|p1a: Amoonguss\n|-damage|p1a: Amoonguss|0 fnt\n|faint|p1a: Amoonguss\n|\n|-weather|none\n|-status|p2a: Milotic|brn|[from] item: Flame Orb\n|upkeep\n|\n|t:|1701095144\n|switch|p1a: Barraskewda|Barraskewda, F, shiny|100\/100\n|turn|9\n|\n|t:|1701095161\n|move|p1a: Barraskewda|Psychic Fangs|p2a: Milotic\n|-damage|p2a: Milotic|76\/100 brn\n|move|p2a: Milotic|Dragon Pulse|p1a: Barraskewda\n|-damage|p1a: Barraskewda|56\/100\n|\n|-damage|p2a: Milotic|70\/100 brn|[from] brn\n|upkeep\n|turn|10\n|\n|t:|1701095176\n|move|p1a: Barraskewda|Psychic Fangs|p2a: Milotic\n|-damage|p2a: Milotic|49\/100 brn\n|move|p2a: Milotic|Dragon Pulse|p1a: Barraskewda\n|-damage|p1a: Barraskewda|15\/100\n|\n|-damage|p2a: Milotic|43\/100 brn|[from] brn\n|upkeep\n|turn|11\n|\n|t:|1701095189\n|switch|p1a: Great Tusk|Great Tusk, shiny|100\/100\n|move|p2a: Milotic|Recover|p2a: Milotic\n|-heal|p2a: Milotic|93\/100 brn\n|\n|-damage|p2a: Milotic|87\/100 brn|[from] brn\n|upkeep\n|turn|12\n|\n|t:|1701095210\n|move|p1a: Great Tusk|Knock Off|p2a: Milotic\n|-damage|p2a: Milotic|69\/100 brn\n|-enditem|p2a: Milotic|Flame Orb|[from] move: Knock Off|[of] p1a: Great Tusk\n|move|p2a: Milotic|Scald|p1a: Great Tusk\n|-supereffective|p1a: Great Tusk\n|-crit|p1a: Great Tusk\n|-damage|p1a: Great Tusk|0 fnt\n|faint|p1a: Great Tusk\n|-end|p1a: Great Tusk|Protosynthesis|[silent]\n|\n|-damage|p2a: Milotic|63\/100 brn|[from] brn\n|upkeep\n|\n|t:|1701095220\n|switch|p1a: Kilowattrel|Kilowattrel, F, shiny, tera:Electric|22\/100\n|turn|13\n|\n|t:|1701095226\n|move|p1a: Kilowattrel|Thunderbolt|p2a: Milotic\n|-supereffective|p2a: Milotic\n|-damage|p2a: Milotic|0 fnt\n|faint|p2a: Milotic\n|\n|-heal|p1a: Kilowattrel|28\/100|[from] item: Leftovers\n|upkeep\n|\n|t:|1701095230\n|switch|p2a: Thundurus|Thundurus-Therian, M|91\/100\n|turn|14\n|\n|t:|1701095244\n|move|p1a: Kilowattrel|Thunderbolt|p2a: Thundurus\n|-heal|p2a: Thundurus|100\/100|[from] ability: Volt Absorb|[of] p1a: Kilowattrel\n|move|p2a: Thundurus|Flash Cannon|p1a: Kilowattrel\n|-resisted|p1a: Kilowattrel\n|-damage|p1a: Kilowattrel|0 fnt\n|faint|p1a: Kilowattrel\n|-damage|p2a: Thundurus|91\/100|[from] item: Life Orb\n|\n|upkeep\n|\n|t:|1701095252\n|switch|p1a: Barraskewda|Barraskewda, F, shiny|15\/100\n|turn|15\n|\n|t:|1701095260\n|move|p1a: Barraskewda|Close Combat|p2a: Thundurus\n|-resisted|p2a: Thundurus\n|-damage|p2a: Thundurus|39\/100\n|-unboost|p1a: Barraskewda|def|1\n|-unboost|p1a: Barraskewda|spd|1\n|move|p2a: Thundurus|Discharge|p1a: Barraskewda\n|-supereffective|p1a: Barraskewda\n|-damage|p1a: Barraskewda|0 fnt\n|faint|p1a: Barraskewda\n|-damage|p2a: Thundurus|29\/100|[from] item: Life Orb\n|\n|win|Cryptic_Brawler\n","uploadtime":1701095271,"views":5,"p1id":"jjjsepht","p2id":"crypticbrawler","formatid":"gen9ou","rating":0,"private":0,"password":""}