{"id":"gen9ou-1991119207","p1":"gamebooadvanced","p2":"MoonyLapras","format":"[Gen 9] OU","log":"|j|\u2606gamebooadvanced\n|j|\u2606MoonyLapras\n|t:|1700045855\n|gametype|singles\n|player|p1|gamebooadvanced|clay|1554\n|player|p2|MoonyLapras|bellepa|1566\n|teamsize|p1|6\n|teamsize|p2|6\n|gen|9\n|tier|[Gen 9] OU\n|rated|\n|rule|Sleep Clause Mod: Limit one foe put to sleep\n|rule|Species Clause: Limit one of each Pok\u00e9mon\n|rule|OHKO Clause: OHKO moves are banned\n|rule|Evasion Items Clause: Evasion items are banned\n|rule|Evasion Moves Clause: Evasion moves are banned\n|rule|Endless Battle Clause: Forcing endless battles is banned\n|rule|HP Percentage Mod: HP is shown in percentages\n|clearpoke\n|poke|p1|Moltres-Galar|\n|poke|p1|Ninetales-Alola, M|\n|poke|p1|Maushold|\n|poke|p1|Kingambit, F|\n|poke|p1|Landorus-Therian, M|\n|poke|p1|Gholdengo|\n|poke|p2|Sandy Shocks|\n|poke|p2|Samurott-Hisui, M|\n|poke|p2|Walking Wake|\n|poke|p2|Gholdengo|\n|poke|p2|Iron Valiant|\n|poke|p2|Kingambit, F|\n|teampreview\n|inactive|Battle timer is ON: inactive players will automatically lose when time's up. (requested by gamebooadvanced)\n|\n|t:|1700045874\n|start\n|switch|p1a: Landorus|Landorus-Therian, M|100\/100\n|switch|p2a: Gholdengo|Gholdengo|100\/100\n|-ability|p1a: Landorus|Intimidate|boost\n|-unboost|p2a: Gholdengo|atk|1\n|-item|p2a: Gholdengo|Air Balloon\n|turn|1\n|\n|t:|1700045881\n|move|p1a: Landorus|U-turn|p2a: Gholdengo\n|-resisted|p2a: Gholdengo\n|-damage|p2a: Gholdengo|93\/100\n|-enditem|p2a: Gholdengo|Air Balloon\n|\n|t:|1700045885\n|switch|p1a: Kingambit|Kingambit, F|100\/100|[from] U-turn\n|move|p2a: Gholdengo|Nasty Plot|p2a: Gholdengo\n|-boost|p2a: Gholdengo|spa|2\n|\n|upkeep\n|turn|2\n|\n|t:|1700045894\n|switch|p2a: Iron Valiant|Iron Valiant|100\/100\n|-enditem|p2a: Iron Valiant|Booster Energy\n|-activate|p2a: Iron Valiant|ability: Quark Drive|[fromitem]\n|-start|p2a: Iron Valiant|quarkdrivespe\n|move|p1a: Kingambit|Sucker Punch||[still]\n|-fail|p1a: Kingambit\n|\n|upkeep\n|turn|3\n|\n|t:|1700045903\n|-end|p1a: Kingambit|fallenundefined|[silent]\n|switch|p1a: Gholdengo|Gholdengo|100\/100\n|-item|p1a: Gholdengo|Air Balloon\n|move|p2a: Iron Valiant|Encore|p1a: Gholdengo\n|-immune|p1a: Gholdengo|[from] ability: Good as Gold\n|\n|upkeep\n|turn|4\n|\n|t:|1700045915\n|-terastallize|p2a: Iron Valiant|Steel\n|move|p2a: Iron Valiant|Swords Dance|p2a: Iron Valiant\n|-boost|p2a: Iron Valiant|atk|2\n|move|p1a: Gholdengo|Make It Rain|p2a: Iron Valiant\n|-resisted|p2a: Iron Valiant\n|-damage|p2a: Iron Valiant|54\/100\n|-unboost|p1a: Gholdengo|spa|1\n|\n|upkeep\n|turn|5\n|inactive|gamebooadvanced has 120 seconds left.\n|\n|t:|1700045955\n|switch|p1a: Kingambit|Kingambit, F|100\/100\n|move|p2a: Iron Valiant|Knock Off|p1a: Kingambit\n|-resisted|p1a: Kingambit\n|-damage|p1a: Kingambit|75\/100\n|-enditem|p1a: Kingambit|Leftovers|[from] move: Knock Off|[of] p2a: Iron Valiant\n|\n|upkeep\n|turn|6\n|inactive|gamebooadvanced has 120 seconds left.\n|\n|t:|1700045973\n|move|p2a: Iron Valiant|Swords Dance|p2a: Iron Valiant\n|-boost|p2a: Iron Valiant|atk|2\n|move|p1a: Kingambit|Kowtow Cleave|p2a: Iron Valiant\n|-damage|p2a: Iron Valiant|0 fnt\n|faint|p2a: Iron Valiant\n|-end|p2a: Iron Valiant|Quark Drive|[silent]\n|\n|upkeep\n|\n|t:|1700045982\n|switch|p2a: Samurott|Samurott-Hisui, M|100\/100\n|turn|7\n|inactive|gamebooadvanced has 120 seconds left.\n|\n|t:|1700045989\n|-end|p1a: Kingambit|fallenundefined|[silent]\n|switch|p1a: Ninetales|Ninetales-Alola, M|100\/100\n|-weather|Snow|[from] ability: Snow Warning|[of] p1a: Ninetales\n|move|p2a: Samurott|Ceaseless Edge|p1a: Ninetales\n|-resisted|p1a: Ninetales\n|-damage|p1a: Ninetales|81\/100\n|-sidestart|p1: gamebooadvanced|Spikes\n|\n|-weather|Snow|[upkeep]\n|upkeep\n|turn|8\n|\n|t:|1700045995\n|move|p1a: Ninetales|Aurora Veil|p1a: Ninetales\n|-sidestart|p1: gamebooadvanced|move: Aurora Veil\n|move|p2a: Samurott|Aqua Cutter|p1a: Ninetales\n|-damage|p1a: Ninetales|62\/100\n|\n|-weather|Snow|[upkeep]\n|upkeep\n|turn|9\n|\n|t:|1700046001\n|move|p1a: Ninetales|Freeze-Dry|p2a: Samurott\n|-supereffective|p2a: Samurott\n|-damage|p2a: Samurott|43\/100\n|move|p2a: Samurott|Knock Off|p1a: Ninetales\n|-resisted|p1a: Ninetales\n|-damage|p1a: Ninetales|52\/100\n|-enditem|p1a: Ninetales|Light Clay|[from] move: Knock Off|[of] p2a: Samurott\n|\n|-weather|Snow|[upkeep]\n|upkeep\n|turn|10\n|\n|t:|1700046013\n|switch|p2a: Gholdengo|Gholdengo|93\/100\n|move|p1a: Ninetales|Hypnosis|p2a: Gholdengo\n|-immune|p2a: Gholdengo|[from] ability: Good as Gold\n|\n|-weather|Snow|[upkeep]\n|upkeep\n|turn|11\n|\n|t:|1700046025\n|switch|p1a: Moltres|Moltres-Galar|100\/100\n|move|p2a: Gholdengo|Make It Rain|p1a: Moltres\n|-damage|p1a: Moltres|72\/100\n|-unboost|p2a: Gholdengo|spa|1\n|\n|-weather|none\n|upkeep\n|turn|12\n|\n|t:|1700046033\n|switch|p2a: Samurott|Samurott-Hisui, M|43\/100\n|move|p1a: Moltres|Nasty Plot|p1a: Moltres\n|-boost|p1a: Moltres|spa|2\n|\n|upkeep\n|turn|13\n|\n|t:|1700046039\n|move|p2a: Samurott|Knock Off|p1a: Moltres\n|-resisted|p1a: Moltres\n|-damage|p1a: Moltres|58\/100\n|-enditem|p1a: Moltres|Sitrus Berry|[from] move: Knock Off|[of] p2a: Samurott\n|move|p1a: Moltres|Agility|p1a: Moltres\n|-boost|p1a: Moltres|spe|2\n|\n|upkeep\n|turn|14\n|\n|t:|1700046047\n|move|p2a: Samurott|Aqua Jet|p1a: Moltres\n|-damage|p1a: Moltres|48\/100\n|-ability|p1a: Moltres|Berserk|boost\n|-boost|p1a: Moltres|spa|1\n|move|p1a: Moltres|Fiery Wrath|p2a: Samurott\n|-resisted|p2a: Samurott\n|-damage|p2a: Samurott|0 fnt\n|faint|p2a: Samurott\n|\n|upkeep\n|\n|t:|1700046054\n|switch|p2a: Sandy Shocks|Sandy Shocks|100\/100\n|-enditem|p2a: Sandy Shocks|Booster Energy\n|-activate|p2a: Sandy Shocks|ability: Protosynthesis|[fromitem]\n|-start|p2a: Sandy Shocks|protosynthesisspe\n|turn|15\n|\n|t:|1700046061\n|move|p1a: Moltres|Fiery Wrath|p2a: Sandy Shocks\n|-damage|p2a: Sandy Shocks|0 fnt\n|faint|p2a: Sandy Shocks\n|-end|p2a: Sandy Shocks|Protosynthesis|[silent]\n|\n|-sideend|p1: gamebooadvanced|move: Aurora Veil\n|upkeep\n|\n|t:|1700046067\n|switch|p2a: Kingambit|Kingambit, F|100\/100\n|-activate|p2a: Kingambit|ability: Supreme Overlord\n|-start|p2a: Kingambit|fallen3|[silent]\n|turn|16\n|\n|t:|1700046070\n|move|p1a: Moltres|Fiery Wrath|p2a: Kingambit\n|-resisted|p2a: Kingambit\n|-damage|p2a: Kingambit|51\/100\n|move|p2a: Kingambit|Swords Dance|p2a: Kingambit\n|-boost|p2a: Kingambit|atk|2\n|\n|-heal|p2a: Kingambit|57\/100|[from] item: Leftovers\n|upkeep\n|turn|17\n|\n|t:|1700046079\n|move|p2a: Kingambit|Sucker Punch|p1a: Moltres\n|-resisted|p1a: Moltres\n|-damage|p1a: Moltres|0 fnt\n|faint|p1a: Moltres\n|\n|-heal|p2a: Kingambit|63\/100|[from] item: Leftovers\n|upkeep\n|\n|t:|1700046084\n|switch|p1a: Maushold|Maushold|100\/100\n|-damage|p1a: Maushold|88\/100|[from] Spikes\n|turn|18\n|\n|t:|1700046088\n|move|p1a: Maushold|Encore|p2a: Kingambit\n|-start|p2a: Kingambit|Encore\n|move|p2a: Kingambit|Sucker Punch||[still]\n|-fail|p2a: Kingambit\n|\n|-heal|p2a: Kingambit|69\/100|[from] item: Leftovers\n|upkeep\n|turn|19\n|\n|t:|1700046092\n|-end|p2a: Kingambit|fallen3|[silent]\n|switch|p2a: Gholdengo|Gholdengo|93\/100\n|move|p1a: Maushold|Tidy Up|p1a: Maushold\n|-sideend|p1: gamebooadvanced|Spikes\n|-activate|p1a: Maushold|move: Tidy Up\n|-boost|p1a: Maushold|atk|1\n|-boost|p1a: Maushold|spe|1\n|\n|upkeep\n|turn|20\n|\n|t:|1700046103\n|move|p1a: Maushold|Bite|p2a: Gholdengo\n|-supereffective|p2a: Gholdengo\n|-damage|p2a: Gholdengo|26\/100\n|cant|p2a: Gholdengo|flinch\n|\n|upkeep\n|turn|21\n|\n|t:|1700046109\n|move|p1a: Maushold|Bite|p2a: Gholdengo\n|-supereffective|p2a: Gholdengo\n|-damage|p2a: Gholdengo|0 fnt\n|faint|p2a: Gholdengo\n|\n|upkeep\n|\n|t:|1700046111\n|switch|p2a: Kingambit|Kingambit, F|69\/100\n|-activate|p2a: Kingambit|ability: Supreme Overlord\n|-start|p2a: Kingambit|fallen4|[silent]\n|turn|22\n|\n|t:|1700046116\n|move|p1a: Maushold|Population Bomb|p2a: Kingambit\n|-resisted|p2a: Kingambit\n|-damage|p2a: Kingambit|63\/100\n|-resisted|p2a: Kingambit\n|-damage|p2a: Kingambit|57\/100\n|-resisted|p2a: Kingambit\n|-damage|p2a: Kingambit|50\/100\n|-resisted|p2a: Kingambit\n|-damage|p2a: Kingambit|43\/100\n|-resisted|p2a: Kingambit\n|-damage|p2a: Kingambit|37\/100\n|-resisted|p2a: Kingambit\n|-damage|p2a: Kingambit|31\/100\n|-resisted|p2a: Kingambit\n|-damage|p2a: Kingambit|26\/100\n|-resisted|p2a: Kingambit\n|-damage|p2a: Kingambit|20\/100\n|-resisted|p2a: Kingambit\n|-damage|p2a: Kingambit|14\/100\n|-resisted|p2a: Kingambit\n|-damage|p2a: Kingambit|8\/100\n|-hitcount|p2a: Kingambit|10\n|move|p2a: Kingambit|Kowtow Cleave|p1a: Maushold\n|-damage|p1a: Maushold|0 fnt\n|faint|p1a: Maushold\n|\n|-heal|p2a: Kingambit|14\/100|[from] item: Leftovers\n|upkeep\n|\n|t:|1700046122\n|switch|p1a: Landorus|Landorus-Therian, M|100\/100\n|-ability|p1a: Landorus|Intimidate|boost\n|-unboost|p2a: Kingambit|atk|1\n|turn|23\n|\n|t:|1700046130\n|move|p2a: Kingambit|Sucker Punch|p1a: Landorus\n|-crit|p1a: Landorus\n|-damage|p1a: Landorus|0 fnt\n|faint|p1a: Landorus\n|\n|-heal|p2a: Kingambit|20\/100|[from] item: Leftovers\n|upkeep\n|\n|t:|1700046140\n|switch|p1a: Kingambit|Kingambit, F|75\/100\n|-activate|p1a: Kingambit|ability: Supreme Overlord\n|-start|p1a: Kingambit|fallen3|[silent]\n|turn|24\n|\n|t:|1700046150\n|move|p1a: Kingambit|Kowtow Cleave|p2a: Kingambit\n|-resisted|p2a: Kingambit\n|-damage|p2a: Kingambit|0 fnt\n|faint|p2a: Kingambit\n|-end|p2a: Kingambit|fallen4|[silent]\n|\n|upkeep\n|\n|t:|1700046152\n|switch|p2a: Walking Wake|Walking Wake|100\/100\n|-enditem|p2a: Walking Wake|Booster Energy\n|-activate|p2a: Walking Wake|ability: Protosynthesis|[fromitem]\n|-start|p2a: Walking Wake|protosynthesisspa\n|turn|25\n|\n|t:|1700046163\n|move|p2a: Walking Wake|Agility|p2a: Walking Wake\n|-boost|p2a: Walking Wake|spe|2\n|move|p1a: Kingambit|Kowtow Cleave|p2a: Walking Wake\n|-damage|p2a: Walking Wake|23\/100\n|\n|upkeep\n|turn|26\n|\n|t:|1700046170\n|move|p2a: Walking Wake|Agility|p2a: Walking Wake\n|-boost|p2a: Walking Wake|spe|2\n|move|p1a: Kingambit|Kowtow Cleave|p2a: Walking Wake\n|-damage|p2a: Walking Wake|0 fnt\n|faint|p2a: Walking Wake\n|-end|p2a: Walking Wake|Protosynthesis|[silent]\n|\n|win|gamebooadvanced\n|raw|gamebooadvanced's rating: 1554 &rarr; <strong>1575<\/strong><br \/>(+21 for winning)\n|raw|MoonyLapras's rating: 1566 &rarr; <strong>1545<\/strong><br \/>(-21 for losing)\n|l|\u2606MoonyLapras\n","uploadtime":1700046180,"views":4,"p1id":"gamebooadvanced","p2id":"moonylapras","formatid":"gen9ou","rating":1545,"private":0,"password":""}