{"id":"gen9ou-1999757073","p1":"looooaicici","p2":"razerblake","format":"[Gen 9] OU","log":"|j|\u2606looooaicici\n|j|\u2606razerblake\n|t:|1701113959\n|gametype|singles\n|player|p1|looooaicici|dragontamer|1123\n|player|p2|razerblake|pokekid|1136\n|teamsize|p1|6\n|teamsize|p2|6\n|gen|9\n|tier|[Gen 9] OU\n|rated|\n|rule|Sleep Clause Mod: Limit one foe put to sleep\n|rule|Species Clause: Limit one of each Pok\u00e9mon\n|rule|OHKO Clause: OHKO moves are banned\n|rule|Evasion Items Clause: Evasion items are banned\n|rule|Evasion Moves Clause: Evasion moves are banned\n|rule|Endless Battle Clause: Forcing endless battles is banned\n|rule|HP Percentage Mod: HP is shown in percentages\n|clearpoke\n|poke|p1|Iron Jugulis|\n|poke|p1|Ogerpon-Wellspring, F|\n|poke|p1|Tinkaton, F|\n|poke|p1|Iron Moth|\n|poke|p1|Great Tusk|\n|poke|p1|Dragapult, F|\n|poke|p2|Gholdengo|\n|poke|p2|Dragapult, M|\n|poke|p2|Rillaboom, M|\n|poke|p2|Grafaiai, M|\n|poke|p2|Samurott-Hisui, M|\n|poke|p2|Landorus-Therian, M|\n|teampreview\n|inactive|Battle timer is ON: inactive players will automatically lose when time's up. (requested by razerblake)\n|\n|t:|1701113961\n|start\n|switch|p1a: Ogerpon|Ogerpon-Wellspring, F|100\/100\n|switch|p2a: M.R.|Dragapult, M|100\/100\n|turn|1\n|\n|t:|1701113966\n|move|p2a: M.R.|Reflect|p2a: M.R.\n|-sidestart|p2: razerblake|Reflect\n|move|p1a: Ogerpon|Ivy Cudgel|p2a: M.R.|[anim] Ivy Cudgel Water\n|-resisted|p2a: M.R.\n|-damage|p2a: M.R.|84\/100\n|\n|upkeep\n|turn|2\n|inactive|looooaicici has 120 seconds left.\n|\n|t:|1701114024\n|move|p2a: M.R.|Light Screen|p2a: M.R.\n|-sidestart|p2: razerblake|move: Light Screen\n|move|p1a: Ogerpon|Spikes|p2a: M.R.\n|-sidestart|p2: razerblake|Spikes\n|\n|upkeep\n|turn|3\n|\n|t:|1701114047\n|move|p2a: M.R.|Thunder Wave|p1a: Ogerpon\n|-status|p1a: Ogerpon|par\n|move|p1a: Ogerpon|Horn Leech|p2a: M.R.\n|-resisted|p2a: M.R.\n|-damage|p2a: M.R.|70\/100\n|\n|upkeep\n|turn|4\n|\n|t:|1701114055\n|move|p2a: M.R.|Curse|p1a: Ogerpon\n|-start|p1a: Ogerpon|Curse|[of] p2a: M.R.\n|-damage|p2a: M.R.|20\/100\n|move|p1a: Ogerpon|U-turn|p2a: M.R.\n|-resisted|p2a: M.R.\n|-damage|p2a: M.R.|12\/100\n|\n|t:|1701114063\n|switch|p1a: Iron Jugulis|Iron Jugulis|100\/100|[from] U-turn\n|-enditem|p1a: Iron Jugulis|Booster Energy\n|-activate|p1a: Iron Jugulis|ability: Quark Drive|[fromitem]\n|-start|p1a: Iron Jugulis|quarkdrivespe\n|\n|upkeep\n|turn|5\n|\n|t:|1701114069\n|move|p1a: Iron Jugulis|Earth Power|p2a: M.R.\n|-crit|p2a: M.R.\n|-damage|p2a: M.R.|0 fnt\n|faint|p2a: M.R.\n|\n|upkeep\n|\n|t:|1701114072\n|switch|p2a: GHOSTRIDE|Gholdengo|100\/100\n|-damage|p2a: GHOSTRIDE|88\/100|[from] Spikes\n|turn|6\n|\n|t:|1701114081\n|move|p1a: Iron Jugulis|Knock Off|p2a: GHOSTRIDE\n|-supereffective|p2a: GHOSTRIDE\n|-damage|p2a: GHOSTRIDE|56\/100\n|-enditem|p2a: GHOSTRIDE|Salac Berry|[from] move: Knock Off|[of] p1a: Iron Jugulis\n|move|p2a: GHOSTRIDE|Nasty Plot|p2a: GHOSTRIDE\n|-boost|p2a: GHOSTRIDE|spa|2\n|\n|upkeep\n|turn|7\n|\n|t:|1701114088\n|move|p1a: Iron Jugulis|Earth Power|p2a: GHOSTRIDE\n|-supereffective|p2a: GHOSTRIDE\n|-damage|p2a: GHOSTRIDE|26\/100\n|move|p2a: GHOSTRIDE|Dazzling Gleam|p1a: Iron Jugulis\n|-supereffective|p1a: Iron Jugulis\n|-damage|p1a: Iron Jugulis|0 fnt\n|faint|p1a: Iron Jugulis\n|-end|p1a: Iron Jugulis|Quark Drive|[silent]\n|\n|upkeep\n|inactive|looooaicici has 120 seconds left.\n|\n|t:|1701114108\n|switch|p1a: Iron Moth|Iron Moth|100\/100\n|-enditem|p1a: Iron Moth|Booster Energy\n|-activate|p1a: Iron Moth|ability: Quark Drive|[fromitem]\n|-start|p1a: Iron Moth|quarkdrivespe\n|turn|8\n|\n|t:|1701114113\n|move|p1a: Iron Moth|Fiery Dance|p2a: GHOSTRIDE\n|-supereffective|p2a: GHOSTRIDE\n|-damage|p2a: GHOSTRIDE|0 fnt\n|faint|p2a: GHOSTRIDE\n|\n|-sideend|p2: razerblake|Reflect\n|upkeep\n|\n|t:|1701114115\n|switch|p2a: AND IT NEVER ENDS|Samurott-Hisui, M|100\/100\n|-damage|p2a: AND IT NEVER ENDS|88\/100|[from] Spikes\n|turn|9\n|\n|t:|1701114140\n|move|p1a: Iron Moth|Dazzling Gleam|p2a: AND IT NEVER ENDS\n|-supereffective|p2a: AND IT NEVER ENDS\n|-damage|p2a: AND IT NEVER ENDS|63\/100\n|move|p2a: AND IT NEVER ENDS|Aqua Cutter|p1a: Iron Moth\n|-supereffective|p1a: Iron Moth\n|-crit|p1a: Iron Moth\n|-damage|p1a: Iron Moth|0 fnt\n|faint|p1a: Iron Moth\n|-end|p1a: Iron Moth|Quark Drive|[silent]\n|\n|-sideend|p2: razerblake|move: Light Screen\n|upkeep\n|inactive|looooaicici has 120 seconds left.\n|\n|t:|1701114155\n|switch|p1a: Ogerpon|Ogerpon-Wellspring, F|100\/100 par\n|turn|10\n|\n|t:|1701114159\n|move|p2a: AND IT NEVER ENDS|Ceaseless Edge|p1a: Ogerpon\n|-damage|p1a: Ogerpon|43\/100 par\n|-sidestart|p1: looooaicici|Spikes\n|move|p1a: Ogerpon|Horn Leech|p2a: AND IT NEVER ENDS\n|-supereffective|p2a: AND IT NEVER ENDS\n|-damage|p2a: AND IT NEVER ENDS|0 fnt\n|-heal|p1a: Ogerpon|76\/100 par|[from] drain|[of] p2a: AND IT NEVER ENDS\n|faint|p2a: AND IT NEVER ENDS\n|\n|upkeep\n|\n|t:|1701114163\n|switch|p2a: CRACKING|Rillaboom, M|100\/100\n|-damage|p2a: CRACKING|88\/100|[from] Spikes\n|-fieldstart|move: Grassy Terrain|[from] ability: Grassy Surge|[of] p2a: CRACKING\n|turn|11\n|\n|t:|1701114168\n|move|p2a: CRACKING|Wood Hammer|p1a: Ogerpon\n|-damage|p1a: Ogerpon|0 fnt\n|faint|p1a: Ogerpon\n|-damage|p2a: CRACKING|66\/100|[from] Recoil\n|\n|-heal|p2a: CRACKING|72\/100|[from] Grassy Terrain\n|upkeep\n|\n|t:|1701114172\n|switch|p1a: Dragapult|Dragapult, F|100\/100\n|-damage|p1a: Dragapult|88\/100|[from] Spikes\n|turn|12\n|\n|t:|1701114175\n|move|p1a: Dragapult|Draco Meteor|p2a: CRACKING\n|-damage|p2a: CRACKING|0 fnt\n|-unboost|p1a: Dragapult|spa|2\n|faint|p2a: CRACKING\n|\n|-heal|p1a: Dragapult|94\/100|[from] Grassy Terrain\n|upkeep\n|\n|t:|1701114177\n|switch|p2a: Grafaiai|Grafaiai, M|100\/100\n|-damage|p2a: Grafaiai|88\/100|[from] Spikes\n|-enditem|p2a: Grafaiai|Grassy Seed\n|-boost|p2a: Grafaiai|def|1|[from] item: Grassy Seed\n|turn|13\n|\n|t:|1701114185\n|move|p2a: Grafaiai|Swords Dance|p2a: Grafaiai\n|-boost|p2a: Grafaiai|atk|2\n|move|p1a: Dragapult|Draco Meteor|p2a: Grafaiai\n|-damage|p2a: Grafaiai|12\/100\n|-unboost|p1a: Dragapult|spa|2\n|\n|-heal|p2a: Grafaiai|18\/100|[from] Grassy Terrain\n|-heal|p1a: Dragapult|99\/100|[from] Grassy Terrain\n|upkeep\n|turn|14\n|\n|t:|1701114190\n|move|p2a: Grafaiai|Acrobatics|p1a: Dragapult\n|-damage|p1a: Dragapult|16\/100\n|move|p1a: Dragapult|Draco Meteor|p2a: Grafaiai\n|-damage|p2a: Grafaiai|0 fnt\n|-unboost|p1a: Dragapult|spa|2\n|faint|p2a: Grafaiai\n|\n|-heal|p1a: Dragapult|22\/100|[from] Grassy Terrain\n|upkeep\n|\n|t:|1701114196\n|switch|p2a: FALLS DOWN|Landorus-Therian, M|100\/100\n|-ability|p2a: FALLS DOWN|Intimidate|boost\n|-fail|p1a: Dragapult|unboost|[from] ability: Clear Body|[of] p1a: Dragapult\n|turn|15\n|\n|t:|1701114208\n|switch|p1a: TWINKATON|Tinkaton, F|100\/100\n|-item|p1a: TWINKATON|Air Balloon\n|move|p2a: FALLS DOWN|Stomping Tantrum|p1a: TWINKATON\n|-immune|p1a: TWINKATON\n|\n|-fieldend|move: Grassy Terrain\n|upkeep\n|turn|16\n|\n|t:|1701114216\n|move|p1a: TWINKATON|Encore|p2a: FALLS DOWN\n|-start|p2a: FALLS DOWN|Encore\n|move|p2a: FALLS DOWN|Stomping Tantrum|p1a: TWINKATON\n|-immune|p1a: TWINKATON\n|\n|upkeep\n|turn|17\n|-message|razerblake forfeited.\n|\n|win|looooaicici\n|raw|looooaicici's rating: 1123 &rarr; <strong>1149<\/strong><br \/>(+26 for winning)\n|raw|razerblake's rating: 1136 &rarr; <strong>1110<\/strong><br \/>(-26 for losing)\n|l|\u2606razerblake\n","uploadtime":1701114241,"views":2,"p1id":"looooaicici","p2id":"razerblake","formatid":"gen9ou","rating":1110,"private":0,"password":""}