{"id":"gen9ou-1990754533","p1":"ImhoPitit","p2":"kushgod swaglord","format":"[Gen 9] OU","log":"|j|\u2606ImhoPitit\n|j|\u2606kushgod swaglord\n|t:|1699997719\n|gametype|singles\n|player|p1|ImhoPitit|lucas|1469\n|player|p2|kushgod swaglord|102|1403\n|teamsize|p1|6\n|teamsize|p2|6\n|gen|9\n|tier|[Gen 9] OU\n|rated|\n|rule|Sleep Clause Mod: Limit one foe put to sleep\n|rule|Species Clause: Limit one of each Pok\u00e9mon\n|rule|OHKO Clause: OHKO moves are banned\n|rule|Evasion Items Clause: Evasion items are banned\n|rule|Evasion Moves Clause: Evasion moves are banned\n|rule|Endless Battle Clause: Forcing endless battles is banned\n|rule|HP Percentage Mod: HP is shown in percentages\n|clearpoke\n|poke|p1|Kingambit, M|\n|poke|p1|Great Tusk|\n|poke|p1|Dragapult, F|\n|poke|p1|Ogerpon-Wellspring, F|\n|poke|p1|Blissey, F|\n|poke|p1|Zapdos|\n|poke|p2|Scizor, M|\n|poke|p2|Iron Moth|\n|poke|p2|Glimmora, F|\n|poke|p2|Cresselia, F|\n|poke|p2|Sneasler, M|\n|poke|p2|Iron Valiant|\n|teampreview\n|inactive|Battle timer is ON: inactive players will automatically lose when time's up. (requested by ImhoPitit)\n|\n|t:|1699997728\n|start\n|switch|p1a: Vion|Dragapult, F|100\/100\n|switch|p2a: Glimmora|Glimmora, F|100\/100\n|turn|1\n|\n|t:|1699997735\n|move|p1a: Vion|Shadow Ball|p2a: Glimmora\n|-crit|p2a: Glimmora\n|-damage|p2a: Glimmora|9\/100\n|move|p2a: Glimmora|Toxic|p1a: Vion\n|-status|p1a: Vion|tox\n|\n|-damage|p1a: Vion|95\/100 tox|[from] psn\n|upkeep\n|turn|2\n|\n|t:|1699997750\n|move|p1a: Vion|Shadow Ball|p2a: Glimmora\n|-damage|p2a: Glimmora|0 fnt\n|faint|p2a: Glimmora\n|\n|-damage|p1a: Vion|83\/100 tox|[from] psn\n|upkeep\n|\n|t:|1699997767\n|switch|p2a: Cresselia|Cresselia, F|100\/100\n|turn|3\n|\n|t:|1699997773\n|-terastallize|p1a: Vion|Ghost\n|-terastallize|p2a: Cresselia|Poison\n|move|p1a: Vion|Shadow Ball|p2a: Cresselia\n|-damage|p2a: Cresselia|60\/100\n|move|p2a: Cresselia|Calm Mind|p2a: Cresselia\n|-boost|p2a: Cresselia|spa|1\n|-boost|p2a: Cresselia|spd|1\n|\n|-heal|p2a: Cresselia|66\/100|[from] item: Leftovers\n|-damage|p1a: Vion|65\/100 tox|[from] psn\n|upkeep\n|turn|4\n|\n|t:|1699997789\n|switch|p1a: Cry baby|Ogerpon-Wellspring, F|100\/100\n|move|p2a: Cresselia|Calm Mind|p2a: Cresselia\n|-boost|p2a: Cresselia|spa|1\n|-boost|p2a: Cresselia|spd|1\n|\n|-heal|p2a: Cresselia|72\/100|[from] item: Leftovers\n|upkeep\n|turn|5\n|\n|t:|1699997798\n|switch|p2a: Scizor|Scizor, M|100\/100\n|move|p1a: Cry baby|Encore||[still]\n|-fail|p1a: Cry baby\n|\n|upkeep\n|turn|6\n|\n|t:|1699997805\n|switch|p1a: Mammou|Great Tusk|100\/100\n|move|p2a: Scizor|U-turn|p1a: Mammou\n|-resisted|p1a: Mammou\n|-damage|p1a: Mammou|88\/100\n|\n|t:|1699997815\n|switch|p2a: Iron Moth|Iron Moth|100\/100|[from] U-turn\n|-enditem|p2a: Iron Moth|Booster Energy\n|-activate|p2a: Iron Moth|ability: Quark Drive|[fromitem]\n|-start|p2a: Iron Moth|quarkdrivespe\n|\n|-heal|p1a: Mammou|95\/100|[from] item: Leftovers\n|upkeep\n|turn|7\n|\n|t:|1699997828\n|-end|p1a: Mammou|Protosynthesis|[silent]\n|switch|p1a: Gourou|Blissey, F|100\/100\n|move|p2a: Iron Moth|Energy Ball|p1a: Gourou\n|-damage|p1a: Gourou|90\/100\n|\n|upkeep\n|turn|8\n|\n|t:|1699997838\n|-end|p2a: Iron Moth|Quark Drive|[silent]\n|switch|p2a: Scizor|Scizor, M|100\/100\n|move|p1a: Gourou|Stealth Rock|p2a: Scizor\n|-sidestart|p2: kushgod swaglord|move: Stealth Rock\n|\n|upkeep\n|turn|9\n|\n|t:|1699997845\n|switch|p1a: Mammou|Great Tusk|95\/100\n|move|p2a: Scizor|Knock Off|p1a: Mammou\n|-resisted|p1a: Mammou\n|-damage|p1a: Mammou|84\/100\n|-enditem|p1a: Mammou|Leftovers|[from] move: Knock Off|[of] p2a: Scizor\n|\n|upkeep\n|turn|10\n|\n|t:|1699997853\n|move|p1a: Mammou|Knock Off|p2a: Scizor\n|-damage|p2a: Scizor|71\/100\n|-enditem|p2a: Scizor|Metal Coat|[from] move: Knock Off|[of] p1a: Mammou\n|move|p2a: Scizor|U-turn|p1a: Mammou\n|-resisted|p1a: Mammou\n|-damage|p1a: Mammou|70\/100\n|\n|t:|1699997873\n|switch|p2a: Sneasler|Sneasler, M|100\/100|[from] U-turn\n|-damage|p2a: Sneasler|95\/100|[from] Stealth Rock\n|-item|p2a: Sneasler|Air Balloon\n|\n|upkeep\n|turn|11\n|inactive|kushgod swaglord has 120 seconds left.\n|\n|t:|1699997905\n|move|p2a: Sneasler|Close Combat|p1a: Mammou\n|-damage|p1a: Mammou|24\/100\n|-unboost|p2a: Sneasler|def|1\n|-unboost|p2a: Sneasler|spd|1\n|move|p1a: Mammou|Rapid Spin|p2a: Sneasler\n|-damage|p2a: Sneasler|63\/100\n|-boost|p1a: Mammou|spe|1\n|-enditem|p2a: Sneasler|Air Balloon\n|\n|upkeep\n|turn|12\n|inactive|kushgod swaglord has 120 seconds left.\n|\n|t:|1699997917\n|-end|p1a: Mammou|Protosynthesis|[silent]\n|switch|p1a: Oiseau bzzz|Zapdos|100\/100\n|move|p2a: Sneasler|Acrobatics|p1a: Oiseau bzzz\n|-resisted|p1a: Oiseau bzzz\n|-damage|p1a: Oiseau bzzz|83\/100\n|\n|upkeep\n|turn|13\n|\n|t:|1699997927\n|move|p2a: Sneasler|Gunk Shot|p1a: Oiseau bzzz|[miss]\n|-miss|p2a: Sneasler|p1a: Oiseau bzzz\n|move|p1a: Oiseau bzzz|Volt Switch|p2a: Sneasler\n|-crit|p2a: Sneasler\n|-damage|p2a: Sneasler|0 fnt\n|faint|p2a: Sneasler\n|\n|t:|1699997936\n|switch|p1a: Mammou|Great Tusk|24\/100|[from] Volt Switch\n|\n|upkeep\n|\n|t:|1699997943\n|switch|p2a: Scizor|Scizor, M|71\/100\n|-damage|p2a: Scizor|59\/100|[from] Stealth Rock\n|turn|14\n|\n|t:|1699997952\n|move|p1a: Mammou|Rapid Spin|p2a: Scizor\n|-resisted|p2a: Scizor\n|-damage|p2a: Scizor|51\/100\n|-boost|p1a: Mammou|spe|1\n|move|p2a: Scizor|Close Combat|p1a: Mammou\n|-damage|p1a: Mammou|0 fnt\n|-unboost|p2a: Scizor|def|1\n|-unboost|p2a: Scizor|spd|1\n|faint|p1a: Mammou\n|-end|p1a: Mammou|Protosynthesis|[silent]\n|\n|upkeep\n|\n|t:|1699997964\n|switch|p1a: Oiseau bzzz|Zapdos|83\/100\n|turn|15\n|\n|t:|1699997970\n|switch|p2a: Cresselia|Cresselia, F, tera:Poison|72\/100\n|-damage|p2a: Cresselia|60\/100|[from] Stealth Rock\n|move|p1a: Oiseau bzzz|Heat Wave|p2a: Cresselia\n|-damage|p2a: Cresselia|44\/100\n|\n|-heal|p2a: Cresselia|50\/100|[from] item: Leftovers\n|upkeep\n|turn|16\n|\n|t:|1699997981\n|move|p1a: Oiseau bzzz|Volt Switch|p2a: Cresselia\n|-damage|p2a: Cresselia|32\/100\n|\n|t:|1699997984\n|switch|p1a: Cry baby|Ogerpon-Wellspring, F|100\/100|[from] Volt Switch\n|move|p2a: Cresselia|Moonlight|p2a: Cresselia\n|-heal|p2a: Cresselia|82\/100\n|\n|-heal|p2a: Cresselia|88\/100|[from] item: Leftovers\n|upkeep\n|turn|17\n|\n|t:|1699997998\n|move|p1a: Cry baby|Ivy Cudgel|p2a: Cresselia|[anim] Ivy Cudgel Water\n|-damage|p2a: Cresselia|54\/100\n|move|p2a: Cresselia|Calm Mind|p2a: Cresselia\n|-boost|p2a: Cresselia|spa|1\n|-boost|p2a: Cresselia|spd|1\n|\n|-heal|p2a: Cresselia|60\/100|[from] item: Leftovers\n|upkeep\n|turn|18\n|\n|t:|1699998007\n|switch|p2a: Scizor|Scizor, M|51\/100\n|-damage|p2a: Scizor|39\/100|[from] Stealth Rock\n|move|p1a: Cry baby|Encore||[still]\n|-fail|p1a: Cry baby\n|\n|upkeep\n|turn|19\n|\n|t:|1699998016\n|move|p1a: Cry baby|Ivy Cudgel|p2a: Scizor|[anim] Ivy Cudgel Water\n|-damage|p2a: Scizor|0 fnt\n|faint|p2a: Scizor\n|\n|upkeep\n|\n|t:|1699998023\n|switch|p2a: Iron Moth|Iron Moth|100\/100\n|-damage|p2a: Iron Moth|76\/100|[from] Stealth Rock\n|turn|20\n|-message|kushgod swaglord forfeited.\n|\n|win|ImhoPitit\n|raw|ImhoPitit's rating: 1469 &rarr; <strong>1485<\/strong><br \/>(+16 for winning)\n|raw|kushgod swaglord's rating: 1403 &rarr; <strong>1387<\/strong><br \/>(-16 for losing)\n|l|\u2606kushgod swaglord\n|j|\u2606kushgod swaglord\n|player|p2|kushgod swaglord|102\n|l|\u2606kushgod swaglord\n|player|p2|\n|j|\u2606kushgod swaglord\n|player|p2|kushgod swaglord|102\n|c|\u2606ImhoPitit|Gg\n|l|\u2606kushgod swaglord\n|player|p2|\n","uploadtime":1699998063,"views":26,"p1id":"imhopitit","p2id":"kushgodswaglord","formatid":"gen9ou","rating":1387,"private":0,"password":""}