{"id":"gen9ou-1988352855","p1":"testalt 2841","p2":"TrepYT","format":"[Gen 9] OU","log":"|j|\u2606testalt 2841\n|j|\u203dTrepYT\n|t:|1699712781\n|gametype|singles\n|player|p1|testalt 2841|klara|1702\n|player|p2|TrepYT|swimmerf|1765\n|teamsize|p1|6\n|teamsize|p2|6\n|gen|9\n|tier|[Gen 9] OU\n|rated|\n|rule|Sleep Clause Mod: Limit one foe put to sleep\n|rule|Species Clause: Limit one of each Pok\u00e9mon\n|rule|OHKO Clause: OHKO moves are banned\n|rule|Evasion Items Clause: Evasion items are banned\n|rule|Evasion Moves Clause: Evasion moves are banned\n|rule|Endless Battle Clause: Forcing endless battles is banned\n|rule|HP Percentage Mod: HP is shown in percentages\n|clearpoke\n|poke|p1|Samurott-Hisui, M|\n|poke|p1|Sandy Shocks|\n|poke|p1|Iron Hands|\n|poke|p1|Iron Valiant|\n|poke|p1|Weavile, F|\n|poke|p1|Gholdengo|\n|poke|p2|Samurott-Hisui, F|\n|poke|p2|Cresselia, F|\n|poke|p2|Kingambit, M|\n|poke|p2|Scizor, F|\n|poke|p2|Garchomp, F|\n|poke|p2|Heatran, F|\n|teampreview\n|j| MarburgCOVEbola\n|j| PantyPhantom\n|\n|t:|1699712807\n|start\n|switch|p1a: Ceaseless Edgehog|Samurott-Hisui, M|100\/100\n|switch|p2a: Scizor|Scizor, F|100\/100\n|turn|1\n|\n|t:|1699712812\n|move|p1a: Ceaseless Edgehog|Ceaseless Edge|p2a: Scizor\n|-damage|p2a: Scizor|55\/100\n|-sidestart|p2: TrepYT|Spikes\n|move|p2a: Scizor|U-turn|p1a: Ceaseless Edgehog\n|-supereffective|p1a: Ceaseless Edgehog\n|-enditem|p1a: Ceaseless Edgehog|Focus Sash\n|-damage|p1a: Ceaseless Edgehog|1\/100\n|\n|t:|1699712818\n|switch|p2a: Samurott|Samurott-Hisui, F|100\/100|[from] U-turn\n|-damage|p2a: Samurott|88\/100|[from] Spikes\n|\n|upkeep\n|turn|2\n|\n|t:|1699712823\n|switch|p1a: Iron Thighs|Iron Hands|100\/100\n|-enditem|p1a: Iron Thighs|Booster Energy\n|-activate|p1a: Iron Thighs|ability: Quark Drive|[fromitem]\n|-start|p1a: Iron Thighs|quarkdriveatk\n|move|p2a: Samurott|Aqua Jet|p1a: Iron Thighs\n|-damage|p1a: Iron Thighs|86\/100\n|\n|upkeep\n|turn|3\n|\n|t:|1699712835\n|switch|p2a: Garchomp|Garchomp, F|100\/100\n|-damage|p2a: Garchomp|88\/100|[from] Spikes\n|move|p1a: Iron Thighs|Drain Punch|p2a: Garchomp\n|-damage|p2a: Garchomp|54\/100\n|-heal|p1a: Iron Thighs|100\/100|[from] drain|[of] p2a: Garchomp\n|-damage|p1a: Iron Thighs|88\/100|[from] ability: Rough Skin|[of] p2a: Garchomp\n|-damage|p1a: Iron Thighs|72\/100|[from] item: Rocky Helmet|[of] p2a: Garchomp\n|\n|upkeep\n|turn|4\n|\n|t:|1699712844\n|move|p2a: Garchomp|Stealth Rock|p1a: Iron Thighs\n|-sidestart|p1: testalt 2841|move: Stealth Rock\n|move|p1a: Iron Thighs|Ice Punch|p2a: Garchomp\n|-supereffective|p2a: Garchomp\n|-damage|p2a: Garchomp|0 fnt\n|-damage|p1a: Iron Thighs|59\/100|[from] ability: Rough Skin|[of] p2a: Garchomp\n|-damage|p1a: Iron Thighs|43\/100|[from] item: Rocky Helmet|[of] p2a: Garchomp\n|faint|p2a: Garchomp\n|\n|upkeep\n|\n|t:|1699712850\n|switch|p2a: Heatran|Heatran, F|100\/100\n|-damage|p2a: Heatran|88\/100|[from] Spikes\n|turn|5\n|c|\u2606testalt 2841|time for classic heatran miss\n|\n|t:|1699712864\n|move|p2a: Heatran|Earth Power|p1a: Iron Thighs\n|-supereffective|p1a: Iron Thighs\n|-damage|p1a: Iron Thighs|0 fnt\n|faint|p1a: Iron Thighs\n|-end|p1a: Iron Thighs|Quark Drive|[silent]\n|\n|-heal|p2a: Heatran|94\/100|[from] item: Leftovers\n|upkeep\n|c|\u2606testalt 2841|unfort\n|\n|t:|1699712870\n|switch|p1a: Chick Magnet|Sandy Shocks|100\/100\n|-damage|p1a: Chick Magnet|94\/100|[from] Stealth Rock\n|-enditem|p1a: Chick Magnet|Booster Energy\n|-activate|p1a: Chick Magnet|ability: Protosynthesis|[fromitem]\n|-start|p1a: Chick Magnet|protosynthesisspe\n|turn|6\n|\n|t:|1699712877\n|switch|p2a: Samurott|Samurott-Hisui, F|88\/100\n|-damage|p2a: Samurott|76\/100|[from] Spikes\n|move|p1a: Chick Magnet|Stealth Rock|p2a: Samurott\n|-sidestart|p2: TrepYT|move: Stealth Rock\n|\n|upkeep\n|turn|7\n|\n|t:|1699712884\n|move|p2a: Samurott|Aqua Jet|p1a: Chick Magnet\n|-supereffective|p1a: Chick Magnet\n|-damage|p1a: Chick Magnet|49\/100\n|move|p1a: Chick Magnet|Thunderbolt|p2a: Samurott\n|-supereffective|p2a: Samurott\n|-damage|p2a: Samurott|5\/100\n|\n|upkeep\n|turn|8\n|\n|t:|1699712892\n|move|p2a: Samurott|Aqua Jet|p1a: Chick Magnet\n|-supereffective|p1a: Chick Magnet\n|-damage|p1a: Chick Magnet|3\/100\n|move|p1a: Chick Magnet|Earth Power|p2a: Samurott\n|-damage|p2a: Samurott|0 fnt\n|faint|p2a: Samurott\n|\n|upkeep\n|\n|t:|1699712896\n|switch|p2a: Scizor|Scizor, F|55\/100\n|-damage|p2a: Scizor|43\/100|[from] Spikes\n|-damage|p2a: Scizor|31\/100|[from] Stealth Rock\n|turn|9\n|\n|t:|1699712901\n|move|p2a: Scizor|Bullet Punch|p1a: Chick Magnet\n|-resisted|p1a: Chick Magnet\n|-damage|p1a: Chick Magnet|0 fnt\n|faint|p1a: Chick Magnet\n|-end|p1a: Chick Magnet|Protosynthesis|[silent]\n|\n|upkeep\n|\n|t:|1699712904\n|switch|p1a: Ceaseless Edgehog|Samurott-Hisui, M|1\/100\n|-damage|p1a: Ceaseless Edgehog|0 fnt|[from] Stealth Rock\n|faint|p1a: Ceaseless Edgehog\n|c|\u2606testalt 2841|think I just lose already lol\n|\n|t:|1699712912\n|switch|p1a: Look Gromit!|Gholdengo|100\/100\n|-damage|p1a: Look Gromit!|94\/100|[from] Stealth Rock\n|-item|p1a: Look Gromit!|Air Balloon\n|turn|10\n|\n|t:|1699712922\n|switch|p2a: Kingambit|Kingambit, M|100\/100\n|-damage|p2a: Kingambit|88\/100|[from] Spikes\n|-damage|p2a: Kingambit|82\/100|[from] Stealth Rock\n|-activate|p2a: Kingambit|ability: Supreme Overlord\n|-start|p2a: Kingambit|fallen2|[silent]\n|move|p1a: Look Gromit!|Shadow Ball|p2a: Kingambit\n|-resisted|p2a: Kingambit\n|-damage|p2a: Kingambit|68\/100\n|-unboost|p2a: Kingambit|spd|1\n|\n|-heal|p2a: Kingambit|75\/100|[from] item: Leftovers\n|upkeep\n|turn|11\n|\n|t:|1699712934\n|switch|p1a: Freddy Krueger|Weavile, F|100\/100\n|-ability|p1a: Freddy Krueger|Pressure\n|move|p2a: Kingambit|Iron Head|p1a: Freddy Krueger\n|-supereffective|p1a: Freddy Krueger\n|-damage|p1a: Freddy Krueger|0 fnt\n|faint|p1a: Freddy Krueger\n|\n|-heal|p2a: Kingambit|81\/100|[from] item: Leftovers\n|upkeep\n|\n|t:|1699712940\n|switch|p1a: Pronouns|Iron Valiant|100\/100\n|-damage|p1a: Pronouns|94\/100|[from] Stealth Rock\n|-enditem|p1a: Pronouns|Booster Energy\n|-activate|p1a: Pronouns|ability: Quark Drive|[fromitem]\n|-start|p1a: Pronouns|quarkdrivespe\n|turn|12\n|\n|t:|1699712963\n|-terastallize|p2a: Kingambit|Flying\n|move|p1a: Pronouns|Focus Blast|p2a: Kingambit\n|-resisted|p2a: Kingambit\n|-damage|p2a: Kingambit|52\/100\n|move|p2a: Kingambit|Iron Head|p1a: Pronouns\n|-supereffective|p1a: Pronouns\n|-damage|p1a: Pronouns|0 fnt\n|faint|p1a: Pronouns\n|-end|p1a: Pronouns|Quark Drive|[silent]\n|\n|-heal|p2a: Kingambit|58\/100|[from] item: Leftovers\n|upkeep\n|\n|t:|1699712993\n|switch|p1a: Look Gromit!|Gholdengo|94\/100\n|-damage|p1a: Look Gromit!|88\/100|[from] Stealth Rock\n|-item|p1a: Look Gromit!|Air Balloon\n|turn|13\n|inactive|Battle timer is ON: inactive players will automatically lose when time's up. (requested by TrepYT)\n|l|\u2606testalt 2841\n|inactive|testalt 2841 disconnected and has a minute to reconnect!\n|player|p1|\n|j|\u2606testalt 2841\n|inactive|testalt 2841 reconnected and has 145 seconds left.\n|player|p1|testalt 2841|klara\n|c|\u2606testalt 2841|sorry PS oofed\n|\n|t:|1699713028\n|-end|p2a: Kingambit|fallen2|[silent]\n|switch|p2a: Heatran|Heatran, F|94\/100\n|-damage|p2a: Heatran|82\/100|[from] Spikes\n|-damage|p2a: Heatran|70\/100|[from] Stealth Rock\n|-terastallize|p1a: Look Gromit!|Dark\n|move|p1a: Look Gromit!|Nasty Plot|p1a: Look Gromit!\n|-boost|p1a: Look Gromit!|spa|2\n|\n|-heal|p2a: Heatran|76\/100|[from] item: Leftovers\n|upkeep\n|turn|14\n|\n|t:|1699713032\n|move|p1a: Look Gromit!|Shadow Ball|p2a: Heatran\n|-damage|p2a: Heatran|0 fnt\n|faint|p2a: Heatran\n|\n|upkeep\n|\n|t:|1699713036\n|switch|p2a: Scizor|Scizor, F|31\/100\n|-damage|p2a: Scizor|18\/100|[from] Spikes\n|-damage|p2a: Scizor|6\/100|[from] Stealth Rock\n|turn|15\n|\n|t:|1699713041\n|move|p2a: Scizor|Bullet Punch|p1a: Look Gromit!\n|-damage|p1a: Look Gromit!|34\/100\n|-enditem|p1a: Look Gromit!|Air Balloon\n|move|p1a: Look Gromit!|Shadow Ball|p2a: Scizor\n|-damage|p2a: Scizor|0 fnt\n|faint|p2a: Scizor\n|\n|upkeep\n|\n|t:|1699713043\n|switch|p2a: Kingambit|Kingambit, M, tera:Flying|58\/100\n|-damage|p2a: Kingambit|33\/100|[from] Stealth Rock\n|-activate|p2a: Kingambit|ability: Supreme Overlord\n|-start|p2a: Kingambit|fallen4|[silent]\n|turn|16\n|\n|t:|1699713046\n|move|p1a: Look Gromit!|Recover|p1a: Look Gromit!\n|-heal|p1a: Look Gromit!|84\/100\n|move|p2a: Kingambit|Iron Head|p1a: Look Gromit!\n|-damage|p1a: Look Gromit!|27\/100\n|\n|-heal|p2a: Kingambit|39\/100|[from] item: Leftovers\n|upkeep\n|turn|17\n|\n|t:|1699713050\n|move|p1a: Look Gromit!|Recover|p1a: Look Gromit!\n|-heal|p1a: Look Gromit!|77\/100\n|move|p2a: Kingambit|Low Kick|p1a: Look Gromit!\n|-supereffective|p1a: Look Gromit!\n|-damage|p1a: Look Gromit!|24\/100\n|\n|-heal|p2a: Kingambit|46\/100|[from] item: Leftovers\n|upkeep\n|turn|18\n|\n|t:|1699713056\n|move|p1a: Look Gromit!|Recover|p1a: Look Gromit!\n|-heal|p1a: Look Gromit!|74\/100\n|move|p2a: Kingambit|Low Kick|p1a: Look Gromit!\n|-supereffective|p1a: Look Gromit!\n|-damage|p1a: Look Gromit!|16\/100\n|\n|-heal|p2a: Kingambit|52\/100|[from] item: Leftovers\n|upkeep\n|turn|19\n|\n|t:|1699713060\n|move|p1a: Look Gromit!|Recover|p1a: Look Gromit!\n|-heal|p1a: Look Gromit!|66\/100\n|move|p2a: Kingambit|Low Kick|p1a: Look Gromit!\n|-supereffective|p1a: Look Gromit!\n|-damage|p1a: Look Gromit!|14\/100\n|\n|-heal|p2a: Kingambit|58\/100|[from] item: Leftovers\n|upkeep\n|turn|20\n|\n|t:|1699713064\n|move|p1a: Look Gromit!|Shadow Ball|p2a: Kingambit\n|-damage|p2a: Kingambit|1\/100\n|move|p2a: Kingambit|Low Kick|p1a: Look Gromit!\n|-supereffective|p1a: Look Gromit!\n|-damage|p1a: Look Gromit!|0 fnt\n|faint|p1a: Look Gromit!\n|\n|win|TrepYT\n|raw|testalt 2841's rating: 1702 &rarr; <strong>1686<\/strong><br \/>(-16 for losing)\n|raw|TrepYT's rating: 1765 &rarr; <strong>1781<\/strong><br \/>(+16 for winning)\n|c|\u2606testalt 2841|damn\n|c|\u2606testalt 2841|gg\n|l|\u203dTrepYT\n|l|\u2606testalt 2841\n","uploadtime":1699713110,"views":17,"p1id":"testalt2841","p2id":"trepyt","formatid":"gen9ou","rating":1686,"private":0,"password":""}