{"id":"gen9ou-1992387351","p1":"Turnanator","p2":"Petahh10","format":"[Gen 9] OU","log":"|j|\u2606Turnanator\n|j|\u2606Petahh10\n|t:|1700181698\n|gametype|singles\n|player|p1|Turnanator|alder|1087\n|player|p2|Petahh10|ethan|1137\n|teamsize|p1|6\n|teamsize|p2|6\n|gen|9\n|tier|[Gen 9] OU\n|rated|\n|rule|Sleep Clause Mod: Limit one foe put to sleep\n|rule|Species Clause: Limit one of each Pok\u00e9mon\n|rule|OHKO Clause: OHKO moves are banned\n|rule|Evasion Items Clause: Evasion items are banned\n|rule|Evasion Moves Clause: Evasion moves are banned\n|rule|Endless Battle Clause: Forcing endless battles is banned\n|rule|HP Percentage Mod: HP is shown in percentages\n|clearpoke\n|poke|p1|Hippowdon, F|\n|poke|p1|Tyranitar, F|\n|poke|p1|Houndstone, M|\n|poke|p1|Lycanroc, F|\n|poke|p1|Gastrodon, M|\n|poke|p1|Toxapex, F|\n|poke|p2|Torkoal, M|\n|poke|p2|Walking Wake|\n|poke|p2|Charizard, F|\n|poke|p2|Sableye, M|\n|poke|p2|Quagsire, F|\n|poke|p2|Victreebel, M|\n|teampreview\n|inactive|Battle timer is ON: inactive players will automatically lose when time's up. (requested by Turnanator)\n|\n|t:|1700181730\n|start\n|switch|p1a: Hippy|Hippowdon, F|100\/100\n|switch|p2a: Torkoal|Torkoal, M|100\/100\n|-weather|Sandstorm|[from] ability: Sand Stream|[of] p1a: Hippy\n|-weather|SunnyDay|[from] ability: Drought|[of] p2a: Torkoal\n|turn|1\n|\n|t:|1700181743\n|move|p1a: Hippy|Yawn|p2a: Torkoal\n|-start|p2a: Torkoal|move: Yawn|[of] p1a: Hippy\n|move|p2a: Torkoal|Stealth Rock|p1a: Hippy\n|-sidestart|p1: Turnanator|move: Stealth Rock\n|\n|-weather|SunnyDay|[upkeep]\n|upkeep\n|turn|2\n|\n|t:|1700181750\n|switch|p2a: Quagsire|Quagsire, F|100\/100\n|move|p1a: Hippy|Stealth Rock|p2a: Quagsire\n|-sidestart|p2: Petahh10|move: Stealth Rock\n|\n|-weather|SunnyDay|[upkeep]\n|upkeep\n|turn|3\n|\n|t:|1700181759\n|switch|p1a: Compass|Gastrodon, M|100\/100\n|-damage|p1a: Compass|94\/100|[from] Stealth Rock\n|move|p2a: Quagsire|Spikes|p1a: Compass\n|-sidestart|p1: Turnanator|Spikes\n|\n|-weather|SunnyDay|[upkeep]\n|-heal|p1a: Compass|100\/100|[from] item: Leftovers\n|upkeep\n|turn|4\n|\n|t:|1700181773\n|move|p1a: Compass|Spikes|p2a: Quagsire\n|-sidestart|p2: Petahh10|Spikes\n|move|p2a: Quagsire|Toxic|p1a: Compass\n|-status|p1a: Compass|tox\n|\n|-weather|SunnyDay|[upkeep]\n|-damage|p1a: Compass|94\/100 tox|[from] psn\n|upkeep\n|turn|5\n|\n|t:|1700181781\n|move|p1a: Compass|Spikes|p2a: Quagsire\n|-sidestart|p2: Petahh10|Spikes\n|move|p2a: Quagsire|Spikes|p1a: Compass\n|-sidestart|p1: Turnanator|Spikes\n|\n|-weather|SunnyDay|[upkeep]\n|-heal|p1a: Compass|100\/100 tox|[from] item: Leftovers\n|-damage|p1a: Compass|88\/100 tox|[from] psn\n|upkeep\n|turn|6\n|\n|t:|1700181788\n|move|p1a: Compass|Spikes|p2a: Quagsire\n|-sidestart|p2: Petahh10|Spikes\n|move|p2a: Quagsire|Spikes|p1a: Compass\n|-sidestart|p1: Turnanator|Spikes\n|\n|-weather|SunnyDay|[upkeep]\n|-heal|p1a: Compass|94\/100 tox|[from] item: Leftovers\n|-damage|p1a: Compass|76\/100 tox|[from] psn\n|upkeep\n|turn|7\n|\n|t:|1700181798\n|switch|p2a: Torkoal|Torkoal, M|100\/100\n|-damage|p2a: Torkoal|75\/100|[from] Stealth Rock\n|-damage|p2a: Torkoal|50\/100|[from] Spikes\n|move|p1a: Compass|Recover|p1a: Compass\n|-heal|p1a: Compass|100\/100 tox\n|\n|-weather|SunnyDay|[upkeep]\n|-damage|p1a: Compass|76\/100 tox|[from] psn\n|upkeep\n|turn|8\n|\n|t:|1700181809\n|switch|p1a: Hippy|Hippowdon, F|100\/100\n|-damage|p1a: Hippy|94\/100|[from] Stealth Rock\n|-damage|p1a: Hippy|69\/100|[from] Spikes\n|-weather|Sandstorm|[from] ability: Sand Stream|[of] p1a: Hippy\n|move|p2a: Torkoal|Rapid Spin|p1a: Hippy\n|-damage|p1a: Hippy|64\/100\n|-boost|p2a: Torkoal|spe|1\n|-sideend|p2: Petahh10|Spikes|[from] move: Rapid Spin|[of] p2a: Torkoal\n|-sideend|p2: Petahh10|Stealth Rock|[from] move: Rapid Spin|[of] p2a: Torkoal\n|\n|-weather|Sandstorm|[upkeep]\n|-damage|p2a: Torkoal|44\/100|[from] Sandstorm\n|upkeep\n|turn|9\n|\n|t:|1700181822\n|switch|p2a: Quagsire|Quagsire, F|100\/100\n|move|p1a: Hippy|Yawn|p2a: Quagsire\n|-start|p2a: Quagsire|move: Yawn|[of] p1a: Hippy\n|\n|-weather|Sandstorm|[upkeep]\n|upkeep\n|turn|10\n|\n|t:|1700181829\n|switch|p2a: Torkoal|Torkoal, M|44\/100\n|-weather|SunnyDay|[from] ability: Drought|[of] p2a: Torkoal\n|move|p1a: Hippy|Stealth Rock|p2a: Torkoal\n|-sidestart|p2: Petahh10|move: Stealth Rock\n|\n|-weather|SunnyDay|[upkeep]\n|upkeep\n|turn|11\n|\n|t:|1700181836\n|move|p1a: Hippy|Earthquake|p2a: Torkoal\n|-supereffective|p2a: Torkoal\n|-damage|p2a: Torkoal|0 fnt\n|faint|p2a: Torkoal\n|\n|-weather|SunnyDay|[upkeep]\n|upkeep\n|\n|t:|1700181839\n|switch|p2a: Victreebel|Victreebel, M|100\/100\n|-damage|p2a: Victreebel|88\/100|[from] Stealth Rock\n|turn|12\n|\n|t:|1700181847\n|move|p2a: Victreebel|Solar Beam||[still]\n|-prepare|p2a: Victreebel|Solar Beam\n|-anim|p2a: Victreebel|Solar Beam|p1a: Hippy\n|-supereffective|p1a: Hippy\n|-damage|p1a: Hippy|0 fnt\n|faint|p1a: Hippy\n|-damage|p2a: Victreebel|78\/100|[from] item: Life Orb\n|\n|-weather|SunnyDay|[upkeep]\n|upkeep\n|\n|t:|1700181855\n|switch|p1a: Zilla|Tyranitar, F, shiny|100\/100\n|-damage|p1a: Zilla|88\/100|[from] Stealth Rock\n|-damage|p1a: Zilla|63\/100|[from] Spikes\n|-weather|Sandstorm|[from] ability: Sand Stream|[of] p1a: Zilla\n|turn|13\n|\n|t:|1700181867\n|switch|p2a: Quagsire|Quagsire, F|100\/100\n|-damage|p2a: Quagsire|94\/100|[from] Stealth Rock\n|move|p1a: Zilla|Fire Fang|p2a: Quagsire\n|-resisted|p2a: Quagsire\n|-damage|p2a: Quagsire|82\/100\n|\n|-weather|Sandstorm|[upkeep]\n|-heal|p2a: Quagsire|88\/100|[from] item: Leftovers\n|upkeep\n|turn|14\n|inactive|Turnanator has 120 seconds left.\n|\n|t:|1700181897\n|switch|p1a: Compass|Gastrodon, M|76\/100 tox\n|-damage|p1a: Compass|70\/100 tox|[from] Stealth Rock\n|-damage|p1a: Compass|45\/100 tox|[from] Spikes\n|move|p2a: Quagsire|Toxic|p1a: Compass\n|-fail|p1a: Compass|tox\n|\n|-weather|Sandstorm|[upkeep]\n|-heal|p1a: Compass|51\/100 tox|[from] item: Leftovers\n|-heal|p2a: Quagsire|94\/100|[from] item: Leftovers\n|-damage|p1a: Compass|45\/100 tox|[from] psn\n|upkeep\n|turn|15\n|inactive|Turnanator has 120 seconds left.\n|inactive|Petahh10 has 120 seconds left.\n|\n|t:|1700181949\n|switch|p2a: Sableye|Sableye, M|100\/100\n|-damage|p2a: Sableye|88\/100|[from] Stealth Rock\n|move|p1a: Compass|Recover|p1a: Compass\n|-heal|p1a: Compass|95\/100 tox\n|\n|-weather|Sandstorm|[upkeep]\n|-damage|p2a: Sableye|82\/100|[from] Sandstorm\n|-heal|p2a: Sableye|88\/100|[from] item: Leftovers\n|-heal|p1a: Compass|100\/100 tox|[from] item: Leftovers\n|-damage|p1a: Compass|88\/100 tox|[from] psn\n|upkeep\n|turn|16\n|inactive|Turnanator has 120 seconds left.\n|\n|t:|1700181966\n|move|p2a: Sableye|Knock Off|p1a: Compass\n|-damage|p1a: Compass|62\/100 tox\n|-enditem|p1a: Compass|Leftovers|[from] move: Knock Off|[of] p2a: Sableye\n|move|p1a: Compass|Spikes|p2a: Sableye\n|-sidestart|p2: Petahh10|Spikes\n|\n|-weather|Sandstorm|[upkeep]\n|-damage|p2a: Sableye|82\/100|[from] Sandstorm\n|-heal|p2a: Sableye|88\/100|[from] item: Leftovers\n|-damage|p1a: Compass|43\/100 tox|[from] psn\n|upkeep\n|turn|17\n|inactive|Turnanator has 120 seconds left.\n|\n|t:|1700181976\n|move|p2a: Sableye|Sunny Day|p2a: Sableye\n|-weather|SunnyDay\n|move|p1a: Compass|Recover|p1a: Compass\n|-heal|p1a: Compass|93\/100 tox\n|\n|-weather|SunnyDay|[upkeep]\n|-heal|p2a: Sableye|94\/100|[from] item: Leftovers\n|-damage|p1a: Compass|69\/100 tox|[from] psn\n|upkeep\n|turn|18\n|\n|t:|1700181985\n|switch|p2a: Victreebel|Victreebel, M|78\/100\n|-damage|p2a: Victreebel|66\/100|[from] Stealth Rock\n|-damage|p2a: Victreebel|54\/100|[from] Spikes\n|move|p1a: Compass|Spikes|p2a: Victreebel\n|-sidestart|p2: Petahh10|Spikes\n|\n|-weather|SunnyDay|[upkeep]\n|-damage|p1a: Compass|38\/100 tox|[from] psn\n|upkeep\n|turn|19\n|\n|t:|1700181993\n|move|p2a: Victreebel|Sludge Bomb|p1a: Compass\n|-resisted|p1a: Compass\n|-damage|p1a: Compass|19\/100 tox\n|-damage|p2a: Victreebel|44\/100|[from] item: Life Orb\n|move|p1a: Compass|Spikes|p2a: Victreebel\n|-sidestart|p2: Petahh10|Spikes\n|\n|-weather|SunnyDay|[upkeep]\n|-damage|p1a: Compass|0 fnt|[from] psn\n|faint|p1a: Compass\n|upkeep\n|\n|t:|1700182005\n|switch|p1a: Zilla|Tyranitar, F, shiny|63\/100\n|-damage|p1a: Zilla|51\/100|[from] Stealth Rock\n|-damage|p1a: Zilla|26\/100|[from] Spikes\n|-weather|Sandstorm|[from] ability: Sand Stream|[of] p1a: Zilla\n|turn|20\n|\n|t:|1700182020\n|move|p2a: Victreebel|Sleep Powder|p1a: Zilla|[miss]\n|-miss|p2a: Victreebel|p1a: Zilla\n|move|p1a: Zilla|Fire Fang|p2a: Victreebel\n|-supereffective|p2a: Victreebel\n|-damage|p2a: Victreebel|0 fnt\n|faint|p2a: Victreebel\n|\n|-weather|Sandstorm|[upkeep]\n|upkeep\n|\n|t:|1700182023\n|switch|p2a: Quagsire|Quagsire, F|94\/100\n|-damage|p2a: Quagsire|88\/100|[from] Stealth Rock\n|-damage|p2a: Quagsire|63\/100|[from] Spikes\n|turn|21\n|\n|t:|1700182033\n|move|p1a: Zilla|Crunch|p2a: Quagsire\n|-damage|p2a: Quagsire|20\/100\n|move|p2a: Quagsire|Earthquake|p1a: Zilla\n|-supereffective|p1a: Zilla\n|-crit|p1a: Zilla\n|-damage|p1a: Zilla|0 fnt\n|faint|p1a: Zilla\n|\n|-weather|Sandstorm|[upkeep]\n|-heal|p2a: Quagsire|26\/100|[from] item: Leftovers\n|upkeep\n|\n|t:|1700182045\n|switch|p1a: Digger|Houndstone, M|100\/100\n|-damage|p1a: Digger|88\/100|[from] Stealth Rock\n|-damage|p1a: Digger|63\/100|[from] Spikes\n|turn|22\n|\n|t:|1700182061\n|move|p1a: Digger|Crunch|p2a: Quagsire\n|-damage|p2a: Quagsire|0 fnt\n|faint|p2a: Quagsire\n|-damage|p1a: Digger|54\/100|[from] item: Life Orb\n|\n|-weather|Sandstorm|[upkeep]\n|upkeep\n|\n|t:|1700182064\n|switch|p2a: Sableye|Sableye, M|94\/100\n|-damage|p2a: Sableye|82\/100|[from] Stealth Rock\n|-damage|p2a: Sableye|57\/100|[from] Spikes\n|turn|23\n|\n|t:|1700182082\n|move|p1a: Digger|Shadow Sneak|p2a: Sableye\n|-damage|p2a: Sableye|24\/100\n|-damage|p1a: Digger|44\/100|[from] item: Life Orb\n|move|p2a: Sableye|Sunny Day|p2a: Sableye\n|-weather|SunnyDay\n|\n|-weather|SunnyDay|[upkeep]\n|-heal|p2a: Sableye|30\/100|[from] item: Leftovers\n|upkeep\n|turn|24\n|\n|t:|1700182092\n|move|p1a: Digger|Shadow Sneak|p2a: Sableye\n|-damage|p2a: Sableye|0 fnt\n|faint|p2a: Sableye\n|-damage|p1a: Digger|34\/100|[from] item: Life Orb\n|\n|-weather|SunnyDay|[upkeep]\n|upkeep\n|\n|t:|1700182109\n|switch|p2a: Walking Wake|Walking Wake|100\/100\n|-damage|p2a: Walking Wake|88\/100|[from] Stealth Rock\n|-damage|p2a: Walking Wake|63\/100|[from] Spikes\n|-activate|p2a: Walking Wake|ability: Protosynthesis\n|-start|p2a: Walking Wake|protosynthesisspe\n|turn|25\n|\n|t:|1700182119\n|move|p1a: Digger|Shadow Sneak|p2a: Walking Wake\n|-damage|p2a: Walking Wake|38\/100\n|-damage|p1a: Digger|24\/100|[from] item: Life Orb\n|move|p2a: Walking Wake|Dragon Pulse|p1a: Digger\n|-damage|p1a: Digger|0 fnt\n|faint|p1a: Digger\n|\n|-weather|SunnyDay|[upkeep]\n|upkeep\n|\n|t:|1700182130\n|switch|p1a: Maiden|Toxapex, F, shiny|100\/100\n|-damage|p1a: Maiden|88\/100|[from] Stealth Rock\n|-damage|p1a: Maiden|63\/100|[from] Spikes\n|turn|26\n|\n|t:|1700182137\n|move|p2a: Walking Wake|Dragon Pulse|p1a: Maiden\n|-damage|p1a: Maiden|7\/100\n|move|p1a: Maiden|Recover|p1a: Maiden\n|-heal|p1a: Maiden|57\/100\n|\n|-weather|SunnyDay|[upkeep]\n|-heal|p1a: Maiden|63\/100|[from] item: Black Sludge\n|upkeep\n|turn|27\n|\n|t:|1700182149\n|move|p1a: Maiden|Baneful Bunker|p1a: Maiden\n|-singleturn|p1a: Maiden|move: Protect\n|move|p2a: Walking Wake|Dragon Pulse|p1a: Maiden\n|-activate|p1a: Maiden|move: Protect\n|\n|-weather|none\n|-end|p2a: Walking Wake|Protosynthesis\n|-heal|p1a: Maiden|69\/100|[from] item: Black Sludge\n|upkeep\n|turn|28\n|\n|t:|1700182161\n|move|p2a: Walking Wake|Dragon Pulse|p1a: Maiden\n|-damage|p1a: Maiden|18\/100\n|move|p1a: Maiden|Recover|p1a: Maiden\n|-heal|p1a: Maiden|68\/100\n|\n|-heal|p1a: Maiden|74\/100|[from] item: Black Sludge\n|upkeep\n|turn|29\n|\n|t:|1700182177\n|-end|p2a: Walking Wake|Protosynthesis|[silent]\n|switch|p2a: Charizard|Charizard, F, shiny|100\/100\n|move|p1a: Maiden|Toxic|p2a: Charizard\n|-status|p2a: Charizard|tox\n|\n|-heal|p1a: Maiden|80\/100|[from] item: Black Sludge\n|-damage|p2a: Charizard|94\/100 tox|[from] psn\n|upkeep\n|turn|30\n|\n|t:|1700182189\n|switch|p1a: Blu|Lycanroc, F, shiny|100\/100\n|-damage|p1a: Blu|88\/100|[from] Stealth Rock\n|-damage|p1a: Blu|63\/100|[from] Spikes\n|move|p2a: Charizard|Air Slash|p1a: Blu\n|-resisted|p1a: Blu\n|-damage|p1a: Blu|33\/100\n|\n|-damage|p2a: Charizard|82\/100 tox|[from] psn\n|upkeep\n|turn|31\n|\n|t:|1700182216\n|move|p1a: Blu|Stone Edge|p2a: Charizard\n|-supereffective|p2a: Charizard\n|-damage|p2a: Charizard|0 fnt\n|faint|p2a: Charizard\n|-damage|p1a: Blu|23\/100|[from] item: Life Orb\n|\n|upkeep\n|\n|t:|1700182240\n|switch|p2a: Walking Wake|Walking Wake|38\/100\n|-damage|p2a: Walking Wake|26\/100|[from] Stealth Rock\n|-damage|p2a: Walking Wake|1\/100|[from] Spikes\n|turn|32\n|-message|Petahh10 forfeited.\n|\n|win|Turnanator\n|raw|Turnanator's rating: 1087 &rarr; <strong>1118<\/strong><br \/>(+31 for winning)\n|raw|Petahh10's rating: 1137 &rarr; <strong>1108<\/strong><br \/>(-29 for losing)\n|l|\u2606Petahh10\n|c|\u2606Turnanator|gg\n","uploadtime":1700182637,"views":7,"p1id":"turnanator","p2id":"petahh10","formatid":"gen9ou","rating":1108,"private":0,"password":""}