{"id":"gen9ou-2000405463","p1":"Annnatar","p2":"fropop2","format":"[Gen 9] OU","log":"|j|\u2606Annnatar\n|j|\u2606fropop2\n|t:|1701192070\n|gametype|singles\n|player|p1|Annnatar|tuber|1390\n|player|p2|fropop2|n|1279\n|teamsize|p1|6\n|teamsize|p2|6\n|gen|9\n|tier|[Gen 9] OU\n|rated|\n|rule|Sleep Clause Mod: Limit one foe put to sleep\n|rule|Species Clause: Limit one of each Pok\u00e9mon\n|rule|OHKO Clause: OHKO moves are banned\n|rule|Evasion Items Clause: Evasion items are banned\n|rule|Evasion Moves Clause: Evasion moves are banned\n|rule|Endless Battle Clause: Forcing endless battles is banned\n|rule|HP Percentage Mod: HP is shown in percentages\n|clearpoke\n|poke|p1|Cinderace, M|\n|poke|p1|Samurott-Hisui, M|\n|poke|p1|Glimmora, M|\n|poke|p1|Garchomp, M|\n|poke|p1|Drifblim, M|\n|poke|p1|Kingambit, M|\n|poke|p2|Blissey, F|\n|poke|p2|Ting-Lu|\n|poke|p2|Chesnaught, M|\n|poke|p2|Skeledirge, M|\n|poke|p2|Mandibuzz, F|\n|poke|p2|Garganacl, F|\n|teampreview\n|\n|t:|1701192089\n|start\n|switch|p1a: Carlinhos|Cinderace, M|100\/100\n|switch|p2a: Ting-Lu|Ting-Lu|100\/100\n|-ability|p2a: Ting-Lu|Vessel of Ruin\n|turn|1\n|inactive|Battle timer is ON: inactive players will automatically lose when time's up. (requested by fropop2)\n|\n|t:|1701192100\n|move|p1a: Carlinhos|High Jump Kick|p2a: Ting-Lu\n|-start|p1a: Carlinhos|typechange|Fighting|[from] ability: Libero\n|-supereffective|p2a: Ting-Lu\n|-damage|p2a: Ting-Lu|32\/100\n|move|p2a: Ting-Lu|Earthquake|p1a: Carlinhos\n|-damage|p1a: Carlinhos|47\/100\n|\n|-heal|p2a: Ting-Lu|39\/100|[from] item: Leftovers\n|upkeep\n|turn|2\n|\n|t:|1701192115\n|switch|p1a: Hahahahaha|Glimmora, M|100\/100\n|switch|p2a: Skeledirge|Skeledirge, M|100\/100\n|\n|upkeep\n|turn|3\n|\n|t:|1701192126\n|move|p1a: Hahahahaha|Mortal Spin|p2a: Skeledirge\n|-resisted|p2a: Skeledirge\n|-damage|p2a: Skeledirge|98\/100\n|-status|p2a: Skeledirge|psn\n|move|p2a: Skeledirge|Shadow Ball|p1a: Hahahahaha\n|-damage|p1a: Hahahahaha|65\/100\n|-unboost|p1a: Hahahahaha|spd|1\n|-enditem|p1a: Hahahahaha|Red Card|[of] p2a: Skeledirge\n|drag|p2a: Chesnaught|Chesnaught, M|100\/100\n|\n|upkeep\n|turn|4\n|inactive|Annnatar has 120 seconds left.\n|inactive|fropop2 has 120 seconds left.\n|\n|t:|1701192166\n|switch|p1a: VEM COMIGO KKKK|Garchomp, M|100\/100\n|switch|p2a: Ting-Lu|Ting-Lu|39\/100\n|-ability|p2a: Ting-Lu|Vessel of Ruin\n|\n|-heal|p2a: Ting-Lu|45\/100|[from] item: Leftovers\n|upkeep\n|turn|5\n|inactive|Annnatar has 120 seconds left.\n|inactive|fropop2 has 120 seconds left.\n|\n|t:|1701192178\n|move|p1a: VEM COMIGO KKKK|Earthquake|p2a: Ting-Lu\n|-damage|p2a: Ting-Lu|19\/100\n|move|p2a: Ting-Lu|Whirlwind|p1a: VEM COMIGO KKKK\n|drag|p1a: HAHAHAHAHA|Samurott-Hisui, M|100\/100\n|\n|-heal|p2a: Ting-Lu|25\/100|[from] item: Leftovers\n|upkeep\n|turn|6\n|inactive|fropop2 has 120 seconds left.\n|\n|t:|1701192190\n|switch|p2a: Chesnaught|Chesnaught, M|100\/100\n|move|p1a: HAHAHAHAHA|Taunt|p2a: Chesnaught\n|-start|p2a: Chesnaught|move: Taunt\n|\n|upkeep\n|turn|7\n|inactive|fropop2 has 120 seconds left.\n|inactive|Annnatar has 120 seconds left.\n|\n|t:|1701192210\n|switch|p1a: Holandes Voador|Drifblim, M|100\/100\n|move|p2a: Chesnaught|Knock Off|p1a: Holandes Voador\n|-supereffective|p1a: Holandes Voador\n|-damage|p1a: Holandes Voador|38\/100\n|-enditem|p1a: Holandes Voador|Weakness Policy\n|-boost|p1a: Holandes Voador|atk|2|[from] item: Weakness Policy\n|-boost|p1a: Holandes Voador|spa|2|[from] item: Weakness Policy\n|\n|upkeep\n|turn|8\n|inactive|fropop2 has 120 seconds left.\n|\n|t:|1701192236\n|move|p1a: Holandes Voador|Strength Sap|p2a: Chesnaught\n|-unboost|p2a: Chesnaught|atk|1\n|-heal|p1a: Holandes Voador|88\/100\n|move|p2a: Chesnaught|Knock Off|p1a: Holandes Voador\n|-supereffective|p1a: Holandes Voador\n|-damage|p1a: Holandes Voador|59\/100\n|\n|-end|p2a: Chesnaught|move: Taunt\n|upkeep\n|turn|9\n|\n|t:|1701192249\n|switch|p2a: Garganacl|Garganacl, F|100\/100\n|move|p1a: Holandes Voador|Will-O-Wisp|p2a: Garganacl\n|-immune|p2a: Garganacl|[from] ability: Purifying Salt\n|\n|upkeep\n|turn|10\n|\n|t:|1701192256\n|switch|p1a: Hahahahaha|Glimmora, M|65\/100\n|move|p2a: Garganacl|Salt Cure|p1a: Hahahahaha\n|-damage|p1a: Hahahahaha|51\/100\n|-start|p1a: Hahahahaha|Salt Cure\n|-activate|p1a: Hahahahaha|ability: Toxic Debris\n|-sidestart|p2: fropop2|move: Toxic Spikes\n|\n|-damage|p1a: Hahahahaha|39\/100|[from] Salt Cure\n|upkeep\n|turn|11\n|\n|t:|1701192272\n|switch|p1a: VEM COMIGO KKKK|Garchomp, M|100\/100\n|switch|p2a: Mandibuzz|Mandibuzz, F|100\/100\n|\n|upkeep\n|turn|12\n|\n|t:|1701192279\n|move|p1a: VEM COMIGO KKKK|Swords Dance|p1a: VEM COMIGO KKKK\n|-boost|p1a: VEM COMIGO KKKK|atk|2\n|move|p2a: Mandibuzz|Toxic|p1a: VEM COMIGO KKKK\n|-status|p1a: VEM COMIGO KKKK|tox\n|\n|-damage|p1a: VEM COMIGO KKKK|94\/100 tox|[from] psn\n|upkeep\n|turn|13\n|\n|t:|1701192303\n|move|p1a: VEM COMIGO KKKK|Swords Dance|p1a: VEM COMIGO KKKK\n|-boost|p1a: VEM COMIGO KKKK|atk|2\n|move|p2a: Mandibuzz|Defog|p1a: VEM COMIGO KKKK\n|-unboost|p1a: VEM COMIGO KKKK|evasion|1\n|-sideend|p2: fropop2|Toxic Spikes|[from] move: Defog|[of] p2a: Mandibuzz\n|\n|-heal|p1a: VEM COMIGO KKKK|100\/100 tox|[from] item: Leftovers\n|-damage|p1a: VEM COMIGO KKKK|88\/100 tox|[from] psn\n|upkeep\n|turn|14\n|\n|t:|1701192316\n|move|p1a: VEM COMIGO KKKK|Scale Shot|p2a: Mandibuzz\n|-damage|p2a: Mandibuzz|79\/100\n|-damage|p2a: Mandibuzz|56\/100\n|-hitcount|p2a: Mandibuzz|2\n|-unboost|p1a: VEM COMIGO KKKK|def|1\n|-boost|p1a: VEM COMIGO KKKK|spe|1\n|move|p2a: Mandibuzz|Knock Off|p1a: VEM COMIGO KKKK\n|-damage|p1a: VEM COMIGO KKKK|55\/100 tox\n|-damage|p2a: Mandibuzz|44\/100|[from] ability: Rough Skin|[of] p1a: VEM COMIGO KKKK\n|-enditem|p1a: VEM COMIGO KKKK|Leftovers|[from] move: Knock Off|[of] p2a: Mandibuzz\n|\n|-damage|p1a: VEM COMIGO KKKK|36\/100 tox|[from] psn\n|upkeep\n|turn|15\n|l|\u2606fropop2\n|inactive|fropop2 disconnected and has a minute to reconnect!\n|player|p2|\n|j|\u2606fropop2\n|inactive|fropop2 reconnected and has 80 seconds left.\n|player|p2|fropop2|n\n|\n|t:|1701192353\n|switch|p2a: Skeledirge|Skeledirge, M|98\/100 psn\n|move|p1a: VEM COMIGO KKKK|Earthquake|p2a: Skeledirge\n|-supereffective|p2a: Skeledirge\n|-damage|p2a: Skeledirge|5\/100 psn\n|\n|-damage|p1a: VEM COMIGO KKKK|11\/100 tox|[from] psn\n|-damage|p2a: Skeledirge|0 fnt|[from] psn\n|faint|p2a: Skeledirge\n|upkeep\n|\n|t:|1701192364\n|switch|p2a: Garganacl|Garganacl, F|100\/100\n|turn|16\n|\n|t:|1701192369\n|move|p2a: Garganacl|Protect|p2a: Garganacl\n|-singleturn|p2a: Garganacl|Protect\n|move|p1a: VEM COMIGO KKKK|Scale Shot|p2a: Garganacl\n|-activate|p2a: Garganacl|move: Protect\n|\n|-damage|p1a: VEM COMIGO KKKK|0 fnt|[from] psn\n|faint|p1a: VEM COMIGO KKKK\n|upkeep\n|\n|t:|1701192389\n|switch|p1a: Carlinhos|Cinderace, M|47\/100\n|turn|17\n|inactive|fropop2 has 90 seconds left.\n|\n|t:|1701192400\n|-terastallize|p2a: Garganacl|Dragon\n|move|p1a: Carlinhos|High Jump Kick|p2a: Garganacl\n|-start|p1a: Carlinhos|typechange|Fighting|[from] ability: Libero\n|-damage|p2a: Garganacl|69\/100\n|move|p2a: Garganacl|Salt Cure|p1a: Carlinhos\n|-resisted|p1a: Carlinhos\n|-damage|p1a: Carlinhos|37\/100\n|-start|p1a: Carlinhos|Salt Cure\n|\n|-heal|p2a: Garganacl|75\/100|[from] item: Leftovers\n|-damage|p1a: Carlinhos|25\/100|[from] Salt Cure\n|upkeep\n|turn|18\n|inactive|fropop2 has 90 seconds left.\n|\n|t:|1701192419\n|switch|p1a: HAHAHAHAHA|Samurott-Hisui, M|100\/100\n|move|p2a: Garganacl|Stealth Rock|p1a: HAHAHAHAHA\n|-sidestart|p1: Annnatar|move: Stealth Rock\n|\n|-heal|p2a: Garganacl|82\/100|[from] item: Leftovers\n|upkeep\n|turn|19\n|\n|t:|1701192427\n|move|p1a: HAHAHAHAHA|Taunt|p2a: Garganacl\n|-start|p2a: Garganacl|move: Taunt\n|move|p2a: Garganacl|Salt Cure|p1a: HAHAHAHAHA\n|-damage|p1a: HAHAHAHAHA|83\/100\n|-start|p1a: HAHAHAHAHA|Salt Cure\n|-enditem|p1a: HAHAHAHAHA|Red Card|[of] p2a: Garganacl\n|drag|p2a: Blissey|Blissey, F|100\/100\n|\n|-damage|p1a: HAHAHAHAHA|58\/100|[from] Salt Cure\n|upkeep\n|turn|20\n|inactive|fropop2 has 90 seconds left.\n|\n|t:|1701192440\n|switch|p2a: Chesnaught|Chesnaught, M|100\/100\n|move|p1a: HAHAHAHAHA|Ceaseless Edge|p2a: Chesnaught\n|-resisted|p2a: Chesnaught\n|-damage|p2a: Chesnaught|88\/100\n|-damage|p1a: HAHAHAHAHA|42\/100|[from] item: Rocky Helmet|[of] p2a: Chesnaught\n|-sidestart|p2: fropop2|Spikes\n|\n|-damage|p1a: HAHAHAHAHA|17\/100|[from] Salt Cure\n|upkeep\n|turn|21\n|inactive|fropop2 has 90 seconds left.\n|\n|t:|1701192454\n|move|p1a: HAHAHAHAHA|Taunt|p2a: Chesnaught\n|-start|p2a: Chesnaught|move: Taunt\n|cant|p2a: Chesnaught|move: Taunt|Leech Seed\n|\n|-damage|p1a: HAHAHAHAHA|0 fnt|[from] Salt Cure\n|faint|p1a: HAHAHAHAHA\n|upkeep\n|\n|t:|1701192460\n|switch|p1a: Hahahahaha|Glimmora, M|39\/100\n|-damage|p1a: Hahahahaha|26\/100|[from] Stealth Rock\n|turn|22\n|\n|t:|1701192466\n|move|p1a: Hahahahaha|Mortal Spin|p2a: Chesnaught\n|-supereffective|p2a: Chesnaught\n|-damage|p2a: Chesnaught|81\/100\n|-status|p2a: Chesnaught|psn\n|-damage|p1a: Hahahahaha|10\/100|[from] item: Rocky Helmet|[of] p2a: Chesnaught\n|-sideend|p1: Annnatar|Stealth Rock|[from] move: Mortal Spin|[of] p1a: Hahahahaha\n|move|p2a: Chesnaught|Body Press|p1a: Hahahahaha\n|-damage|p1a: Hahahahaha|0 fnt\n|-activate|p1a: Hahahahaha|ability: Toxic Debris\n|-sidestart|p2: fropop2|move: Toxic Spikes\n|faint|p1a: Hahahahaha\n|\n|-damage|p2a: Chesnaught|69\/100 psn|[from] psn\n|upkeep\n|\n|t:|1701192476\n|switch|p1a: Carlinhos|Cinderace, M|25\/100\n|turn|23\n|inactive|fropop2 has 90 seconds left.\n|\n|t:|1701192503\n|move|p1a: Carlinhos|U-turn|p2a: Chesnaught\n|-start|p1a: Carlinhos|typechange|Bug|[from] ability: Libero\n|-damage|p2a: Chesnaught|50\/100 psn\n|-damage|p1a: Carlinhos|8\/100|[from] item: Rocky Helmet|[of] p2a: Chesnaught\n|\n|t:|1701192509\n|switch|p1a: Holandes Voador|Drifblim, M|59\/100|[from] U-turn\n|move|p2a: Chesnaught|Body Press|p1a: Holandes Voador\n|-immune|p1a: Holandes Voador\n|\n|-damage|p2a: Chesnaught|38\/100 psn|[from] psn\n|-end|p2a: Chesnaught|move: Taunt\n|upkeep\n|turn|24\n|inactive|fropop2 has 90 seconds left.\n|\n|t:|1701192520\n|switch|p2a: Blissey|Blissey, F|100\/100\n|-damage|p2a: Blissey|88\/100|[from] Spikes\n|-status|p2a: Blissey|psn\n|move|p1a: Holandes Voador|Hex|p2a: Blissey\n|-immune|p2a: Blissey\n|\n|-heal|p2a: Blissey|94\/100 psn|[from] item: Leftovers\n|-damage|p2a: Blissey|82\/100 psn|[from] psn\n|upkeep\n|turn|25\n|inactive|fropop2 has 90 seconds left.\n|\n|t:|1701192532\n|switch|p1a: M\u00c3O PESADA|Kingambit, M|100\/100\n|-activate|p1a: M\u00c3O PESADA|ability: Supreme Overlord\n|-start|p1a: M\u00c3O PESADA|fallen3|[silent]\n|move|p2a: Blissey|Heal Bell|p2a: Blissey\n|-activate|p2a: Blissey|move: Heal Bell\n|-curestatus|p2a: Blissey|psn|[msg]\n|-curestatus|p2: Chesnaught|psn|[msg]\n|\n|-heal|p2a: Blissey|88\/100|[from] item: Leftovers\n|upkeep\n|turn|26\n|inactive|fropop2 has 90 seconds left.\n|\n|t:|1701192553\n|switch|p2a: Garganacl|Garganacl, F, tera:Dragon|82\/100\n|-damage|p2a: Garganacl|69\/100|[from] Spikes\n|move|p1a: M\u00c3O PESADA|Swords Dance|p1a: M\u00c3O PESADA\n|-boost|p1a: M\u00c3O PESADA|atk|2\n|\n|-heal|p2a: Garganacl|75\/100|[from] item: Leftovers\n|upkeep\n|turn|27\n|\n|t:|1701192564\n|move|p1a: M\u00c3O PESADA|Kowtow Cleave|p2a: Garganacl\n|-damage|p2a: Garganacl|0 fnt\n|faint|p2a: Garganacl\n|\n|upkeep\n|\n|t:|1701192572\n|switch|p2a: Chesnaught|Chesnaught, M|38\/100\n|-damage|p2a: Chesnaught|26\/100|[from] Spikes\n|-status|p2a: Chesnaught|psn\n|turn|28\n|\n|t:|1701192582\n|-terastallize|p1a: M\u00c3O PESADA|Flying\n|move|p2a: Chesnaught|Leech Seed|p1a: M\u00c3O PESADA\n|-start|p1a: M\u00c3O PESADA|move: Leech Seed\n|move|p1a: M\u00c3O PESADA|Kowtow Cleave|p2a: Chesnaught\n|-resisted|p2a: Chesnaught\n|-damage|p2a: Chesnaught|0 fnt\n|-damage|p1a: M\u00c3O PESADA|84\/100|[from] item: Rocky Helmet|[of] p2a: Chesnaught\n|faint|p2a: Chesnaught\n|\n|upkeep\n|\n|t:|1701192598\n|switch|p2a: Mandibuzz|Mandibuzz, F|44\/100\n|turn|29\n|\n|t:|1701192603\n|move|p2a: Mandibuzz|Roost|p2a: Mandibuzz\n|-heal|p2a: Mandibuzz|94\/100\n|-singleturn|p2a: Mandibuzz|move: Roost\n|move|p1a: M\u00c3O PESADA|Kowtow Cleave|p2a: Mandibuzz\n|-resisted|p2a: Mandibuzz\n|-damage|p2a: Mandibuzz|46\/100\n|\n|-damage|p1a: M\u00c3O PESADA|71\/100|[from] Leech Seed|[of] p2a: Mandibuzz\n|-heal|p2a: Mandibuzz|58\/100|[silent]\n|upkeep\n|turn|30\n|\n|t:|1701192623\n|-end|p1a: M\u00c3O PESADA|fallen3|[silent]\n|switch|p1a: Holandes Voador|Drifblim, M|59\/100\n|move|p2a: Mandibuzz|Defog|p1a: Holandes Voador\n|-unboost|p1a: Holandes Voador|evasion|1\n|-sideend|p2: fropop2|Spikes|[from] move: Defog|[of] p2a: Mandibuzz\n|-sideend|p2: fropop2|Toxic Spikes|[from] move: Defog|[of] p2a: Mandibuzz\n|\n|upkeep\n|turn|31\n|\n|t:|1701192636\n|move|p1a: Holandes Voador|Will-O-Wisp|p2a: Mandibuzz\n|-status|p2a: Mandibuzz|brn\n|move|p2a: Mandibuzz|Toxic|p1a: Holandes Voador\n|-status|p1a: Holandes Voador|tox\n|\n|-damage|p1a: Holandes Voador|52\/100 tox|[from] psn\n|-damage|p2a: Mandibuzz|52\/100 brn|[from] brn\n|upkeep\n|turn|32\n|l|\u2606fropop2\n|inactive|fropop2 disconnected and has a minute to reconnect!\n|player|p2|\n|j|\u2606fropop2\n|inactive|fropop2 reconnected and has 45 seconds left.\n|player|p2|fropop2|n\n|\n|t:|1701192685\n|move|p1a: Holandes Voador|Hex|p2a: Mandibuzz\n|-resisted|p2a: Mandibuzz\n|-damage|p2a: Mandibuzz|34\/100 brn\n|move|p2a: Mandibuzz|Knock Off|p1a: Holandes Voador\n|-supereffective|p1a: Holandes Voador\n|-damage|p1a: Holandes Voador|31\/100 tox\n|\n|-damage|p1a: Holandes Voador|19\/100 tox|[from] psn\n|-damage|p2a: Mandibuzz|28\/100 brn|[from] brn\n|upkeep\n|turn|33\n|\n|t:|1701192695\n|move|p1a: Holandes Voador|Hex|p2a: Mandibuzz\n|-resisted|p2a: Mandibuzz\n|-damage|p2a: Mandibuzz|12\/100 brn\n|move|p2a: Mandibuzz|Roost|p2a: Mandibuzz\n|-heal|p2a: Mandibuzz|62\/100 brn\n|-singleturn|p2a: Mandibuzz|move: Roost\n|\n|-damage|p1a: Holandes Voador|0 fnt|[from] psn\n|faint|p1a: Holandes Voador\n|-damage|p2a: Mandibuzz|56\/100 brn|[from] brn\n|upkeep\n|\n|t:|1701192700\n|switch|p1a: Carlinhos|Cinderace, M|8\/100\n|turn|34\n|\n|t:|1701192716\n|move|p1a: Carlinhos|High Jump Kick|p2a: Mandibuzz\n|-start|p1a: Carlinhos|typechange|Fighting|[from] ability: Libero\n|-damage|p2a: Mandibuzz|19\/100 brn\n|move|p2a: Mandibuzz|Roost|p2a: Mandibuzz\n|-heal|p2a: Mandibuzz|69\/100 brn\n|-singleturn|p2a: Mandibuzz|move: Roost\n|\n|-damage|p2a: Mandibuzz|63\/100 brn|[from] brn\n|upkeep\n|turn|35\n|\n|t:|1701192729\n|move|p1a: Carlinhos|High Jump Kick|p2a: Mandibuzz\n|-damage|p2a: Mandibuzz|26\/100 brn\n|move|p2a: Mandibuzz|Roost|p2a: Mandibuzz\n|-heal|p2a: Mandibuzz|76\/100 brn\n|-singleturn|p2a: Mandibuzz|move: Roost\n|\n|-damage|p2a: Mandibuzz|70\/100 brn|[from] brn\n|upkeep\n|turn|36\n|c|\u2606Annnatar|crit pls\n|\n|t:|1701192746\n|switch|p2a: Blissey|Blissey, F|88\/100\n|move|p1a: Carlinhos|High Jump Kick|p2a: Blissey\n|-supereffective|p2a: Blissey\n|-damage|p2a: Blissey|0 fnt\n|faint|p2a: Blissey\n|\n|upkeep\n|inactive|fropop2 has 30 seconds left.\n|\n|t:|1701192758\n|switch|p2a: Ting-Lu|Ting-Lu|25\/100\n|-ability|p2a: Ting-Lu|Vessel of Ruin\n|turn|37\n|c|\u2606Annnatar|XD\n|inactive|fropop2 has 30 seconds left.\n|\n|t:|1701192768\n|move|p1a: Carlinhos|High Jump Kick|p2a: Ting-Lu\n|-supereffective|p2a: Ting-Lu\n|-damage|p2a: Ting-Lu|0 fnt\n|faint|p2a: Ting-Lu\n|\n|upkeep\n|inactive|fropop2 has 30 seconds left.\n|c|\u2606fropop2|gg\n|inactive|fropop2 has 20 seconds left.\n|inactive|fropop2 has 15 seconds left.\n|\n|t:|1701192792\n|switch|p2a: Mandibuzz|Mandibuzz, F|70\/100 brn\n|turn|38\n|inactive|fropop2 has 25 seconds left this turn.\n|inactive|fropop2 has 20 seconds left.\n|\n|t:|1701192799\n|move|p1a: Carlinhos|High Jump Kick|p2a: Mandibuzz\n|-damage|p2a: Mandibuzz|34\/100 brn\n|move|p2a: Mandibuzz|Knock Off|p1a: Carlinhos\n|-resisted|p1a: Carlinhos\n|-damage|p1a: Carlinhos|0 fnt\n|-enditem|p1a: Carlinhos|Choice Scarf|[from] move: Knock Off|[of] p2a: Mandibuzz\n|faint|p1a: Carlinhos\n|\n|-damage|p2a: Mandibuzz|27\/100 brn|[from] brn\n|upkeep\n|inactive|fropop2 has 25 seconds left this turn.\n|\n|t:|1701192802\n|switch|p1a: M\u00c3O PESADA|Kingambit, M, tera:Flying|71\/100\n|-activate|p1a: M\u00c3O PESADA|ability: Supreme Overlord\n|-start|p1a: M\u00c3O PESADA|fallen5|[silent]\n|turn|39\n|inactive|fropop2 has 30 seconds left.\n|\n|t:|1701192815\n|move|p2a: Mandibuzz|Toxic|p1a: M\u00c3O PESADA\n|-status|p1a: M\u00c3O PESADA|tox\n|move|p1a: M\u00c3O PESADA|Swords Dance|p1a: M\u00c3O PESADA\n|-boost|p1a: M\u00c3O PESADA|atk|2\n|\n|-damage|p1a: M\u00c3O PESADA|65\/100 tox|[from] psn\n|-damage|p2a: Mandibuzz|21\/100 brn|[from] brn\n|upkeep\n|turn|40\n|inactive|fropop2 has 30 seconds left.\n|\n|t:|1701192831\n|move|p2a: Mandibuzz|Roost|p2a: Mandibuzz\n|-heal|p2a: Mandibuzz|71\/100 brn\n|-singleturn|p2a: Mandibuzz|move: Roost\n|move|p1a: M\u00c3O PESADA|Kowtow Cleave|p2a: Mandibuzz\n|-resisted|p2a: Mandibuzz\n|-damage|p2a: Mandibuzz|23\/100 brn\n|\n|-damage|p1a: M\u00c3O PESADA|53\/100 tox|[from] psn\n|-damage|p2a: Mandibuzz|17\/100 brn|[from] brn\n|upkeep\n|turn|41\n|inactive|fropop2 has 30 seconds left.\n|\n|t:|1701192843\n|move|p2a: Mandibuzz|Roost|p2a: Mandibuzz\n|-heal|p2a: Mandibuzz|67\/100 brn\n|-singleturn|p2a: Mandibuzz|move: Roost\n|move|p1a: M\u00c3O PESADA|Kowtow Cleave|p2a: Mandibuzz\n|-resisted|p2a: Mandibuzz\n|-damage|p2a: Mandibuzz|17\/100 brn\n|\n|-damage|p1a: M\u00c3O PESADA|34\/100 tox|[from] psn\n|-damage|p2a: Mandibuzz|11\/100 brn|[from] brn\n|upkeep\n|turn|42\n|inactive|fropop2 has 30 seconds left.\n|\n|t:|1701192856\n|move|p2a: Mandibuzz|Roost|p2a: Mandibuzz\n|-heal|p2a: Mandibuzz|61\/100 brn\n|-singleturn|p2a: Mandibuzz|move: Roost\n|move|p1a: M\u00c3O PESADA|Kowtow Cleave|p2a: Mandibuzz\n|-resisted|p2a: Mandibuzz\n|-damage|p2a: Mandibuzz|9\/100 brn\n|\n|-damage|p1a: M\u00c3O PESADA|9\/100 tox|[from] psn\n|-damage|p2a: Mandibuzz|3\/100 brn|[from] brn\n|upkeep\n|turn|43\n|inactive|fropop2 has 30 seconds left.\n|\n|t:|1701192869\n|move|p1a: M\u00c3O PESADA|Sucker Punch||[still]\n|-fail|p1a: M\u00c3O PESADA\n|move|p2a: Mandibuzz|Roost|p2a: Mandibuzz\n|-heal|p2a: Mandibuzz|53\/100 brn\n|-singleturn|p2a: Mandibuzz|move: Roost\n|\n|-damage|p1a: M\u00c3O PESADA|0 fnt|[from] psn\n|faint|p1a: M\u00c3O PESADA\n|-end|p1a: M\u00c3O PESADA|fallen5|[silent]\n|\n|win|fropop2\n|upkeep\n|inactive|fropop2 has 30 seconds left this turn.\n|raw|Annnatar's rating: 1390 &rarr; <strong>1364<\/strong><br \/>(-26 for losing)\n|raw|fropop2's rating: 1279 &rarr; <strong>1312<\/strong><br \/>(+33 for winning)\n|c|\u2606Annnatar|af\n|c|\u2606Annnatar|gg\n|c|\u2606Annnatar|knock off\n","uploadtime":1701192887,"views":2,"p1id":"annnatar","p2id":"fropop2","formatid":"gen9ou","rating":1312,"private":0,"password":""}