{"id":"gen9ou-1994592424","p1":"Sum1StolMyCarRadio","p2":"Luifi2002","format":"[Gen 9] OU","log":"|j|\u2606Sum1StolMyCarRadio\n|j|\u2606Luifi2002\n|t:|1700465800\n|gametype|singles\n|player|p1|Sum1StolMyCarRadio|lady-gen4|1000\n|player|p2|Luifi2002|skyla|1038\n|teamsize|p1|6\n|teamsize|p2|6\n|gen|9\n|tier|[Gen 9] OU\n|rated|\n|rule|Sleep Clause Mod: Limit one foe put to sleep\n|rule|Species Clause: Limit one of each Pok\u00e9mon\n|rule|OHKO Clause: OHKO moves are banned\n|rule|Evasion Items Clause: Evasion items are banned\n|rule|Evasion Moves Clause: Evasion moves are banned\n|rule|Endless Battle Clause: Forcing endless battles is banned\n|rule|HP Percentage Mod: HP is shown in percentages\n|clearpoke\n|poke|p1|Rotom-Frost|\n|poke|p1|Ninetales-Alola, M|\n|poke|p1|Mudsdale, F|\n|poke|p1|Heatran, M|\n|poke|p1|Ogerpon-Wellspring, F|\n|poke|p1|Slowking, F|\n|poke|p2|Dusknoir, M|\n|poke|p2|Dipplin, M|\n|poke|p2|Landorus-Therian, M|\n|poke|p2|Kommo-o, M|\n|poke|p2|Infernape, M|\n|poke|p2|Pelipper, M|\n|teampreview\n|inactive|Battle timer is ON: inactive players will automatically lose when time's up. (requested by Sum1StolMyCarRadio)\n|\n|t:|1700465812\n|start\n|switch|p1a: Slowking|Slowking, F|100\/100\n|switch|p2a: Kommo-o|Kommo-o, M, shiny|100\/100\n|turn|1\n|\n|t:|1700465824\n|move|p2a: Kommo-o|Clangorous Soul|p2a: Kommo-o\n|-boost|p2a: Kommo-o|atk|1\n|-boost|p2a: Kommo-o|def|1\n|-boost|p2a: Kommo-o|spa|1\n|-boost|p2a: Kommo-o|spd|1\n|-boost|p2a: Kommo-o|spe|1\n|-damage|p2a: Kommo-o|68\/100\n|move|p1a: Slowking|Future Sight|p2a: Kommo-o\n|-start|p1a: Slowking|move: Future Sight\n|\n|upkeep\n|turn|2\n|\n|t:|1700465850\n|move|p2a: Kommo-o|Clangorous Soul|p2a: Kommo-o\n|-boost|p2a: Kommo-o|atk|1\n|-boost|p2a: Kommo-o|def|1\n|-boost|p2a: Kommo-o|spa|1\n|-boost|p2a: Kommo-o|spd|1\n|-boost|p2a: Kommo-o|spe|1\n|-damage|p2a: Kommo-o|35\/100\n|move|p1a: Slowking|Surf|p2a: Kommo-o\n|-resisted|p2a: Kommo-o\n|-damage|p2a: Kommo-o|26\/100\n|\n|upkeep\n|turn|3\n|inactive|Sum1StolMyCarRadio has 120 seconds left.\n|\n|t:|1700465873\n|-terastallize|p2a: Kommo-o|Fairy\n|move|p2a: Kommo-o|Clanging Scales|p1a: Slowking\n|-crit|p1a: Slowking\n|-damage|p1a: Slowking|14\/100\n|-unboost|p2a: Kommo-o|def|1\n|move|p1a: Slowking|Slack Off|p1a: Slowking\n|-heal|p1a: Slowking|64\/100\n|\n|-end|p2a: Kommo-o|move: Future Sight\n|-damage|p2a: Kommo-o|3\/100\n|-enditem|p2a: Kommo-o|Aguav Berry|[eat]\n|-heal|p2a: Kommo-o|36\/100|[from] item: Aguav Berry\n|upkeep\n|turn|4\n|inactive|Sum1StolMyCarRadio has 120 seconds left.\n|\n|t:|1700465891\n|move|p2a: Kommo-o|Flash Cannon|p1a: Slowking\n|-resisted|p1a: Slowking\n|-damage|p1a: Slowking|51\/100\n|move|p1a: Slowking|Chilly Reception|p1a: Slowking\n|-weather|Snow\n|\n|t:|1700465900\n|switch|p1a: Ninetales|Ninetales-Alola, M|100\/100|[from] Chilly Reception\n|\n|-weather|Snow|[upkeep]\n|upkeep\n|turn|5\n|\n|t:|1700465909\n|move|p2a: Kommo-o|Flash Cannon|p1a: Ninetales\n|-supereffective|p1a: Ninetales\n|-damage|p1a: Ninetales|0 fnt\n|faint|p1a: Ninetales\n|\n|-weather|Snow|[upkeep]\n|upkeep\n|\n|t:|1700465926\n|switch|p1a: Ogerpon|Ogerpon-Wellspring, F|100\/100\n|turn|6\n|\n|t:|1700465932\n|move|p2a: Kommo-o|Clanging Scales|p1a: Ogerpon\n|-damage|p1a: Ogerpon|12\/100\n|-unboost|p2a: Kommo-o|def|1\n|move|p1a: Ogerpon|Ivy Cudgel|p2a: Kommo-o|[anim] Ivy Cudgel Water\n|-damage|p2a: Kommo-o|0 fnt\n|faint|p2a: Kommo-o\n|\n|-weather|Snow|[upkeep]\n|upkeep\n|\n|t:|1700465941\n|switch|p2a: Pelipper|Pelipper, M|100\/100\n|-weather|RainDance|[from] ability: Drizzle|[of] p2a: Pelipper\n|turn|7\n|c|\u2606Sum1StolMyCarRadio|My team makes no sense shoot!\n|inactive|Sum1StolMyCarRadio has 120 seconds left.\n|c|\u2606Sum1StolMyCarRadio|ggs though mate! You played great!\n|\n|t:|1700465962\n|move|p1a: Ogerpon|Trailblaze|p2a: Pelipper\n|-damage|p2a: Pelipper|60\/100\n|-boost|p1a: Ogerpon|spe|1\n|move|p2a: Pelipper|Tailwind|p2a: Pelipper\n|-sidestart|p2: Luifi2002|move: Tailwind\n|\n|-weather|RainDance|[upkeep]\n|upkeep\n|turn|8\n|c|\u2606Luifi2002|nah dawg mine suxk a s s s\n|n|\u203dLuifi2002|luifi2002\n|c|&|\/log Luifi2002 was locked from talking by Artemis. (\u2606Luifi2002: nah dawg mine suxk a s s s)\n|c|&|\/raw <small>This action was done automatically. Want to learn more about the AI? <a href=\"https:\/\/www.smogon.com\/forums\/threads\/3570628\/#post-9056769\">Visit the information thread<\/a>.<\/small>\n|\n|t:|1700465988\n|move|p1a: Ogerpon|Power Whip|p2a: Pelipper\n|-damage|p2a: Pelipper|0 fnt\n|faint|p2a: Pelipper\n|\n|-weather|RainDance|[upkeep]\n|upkeep\n|inactive|Luifi2002 has 120 seconds left.\n|\n|t:|1700466012\n|switch|p2a: Landorus|Landorus-Therian, M|100\/100\n|-ability|p2a: Landorus|Intimidate|boost\n|-unboost|p1a: Ogerpon|atk|1\n|turn|9\n|inactive|Sum1StolMyCarRadio has 120 seconds left.\n|\n|t:|1700466035\n|move|p2a: Landorus|Tera Blast|p1a: Ogerpon\n|-damage|p1a: Ogerpon|0 fnt\n|faint|p1a: Ogerpon\n|\n|-weather|RainDance|[upkeep]\n|upkeep\n|\n|t:|1700466042\n|switch|p1a: Rotom|Rotom-Frost|100\/100\n|turn|10\n|\n|t:|1700466051\n|switch|p2a: Dusknoir|Dusknoir, M, shiny|100\/100\n|-ability|p2a: Dusknoir|Pressure\n|move|p1a: Rotom|Thunderbolt|p2a: Dusknoir\n|-damage|p2a: Dusknoir|67\/100\n|\n|-weather|RainDance|[upkeep]\n|-heal|p2a: Dusknoir|73\/100|[from] item: Leftovers\n|-sideend|p2: Luifi2002|move: Tailwind\n|upkeep\n|turn|11\n|\n|t:|1700466070\n|-terastallize|p1a: Rotom|Fighting\n|move|p1a: Rotom|Nasty Plot|p1a: Rotom\n|-boost|p1a: Rotom|spa|2\n|move|p2a: Dusknoir|Will-O-Wisp|p1a: Rotom\n|-status|p1a: Rotom|brn\n|\n|-weather|RainDance|[upkeep]\n|-heal|p2a: Dusknoir|79\/100|[from] item: Leftovers\n|-damage|p1a: Rotom|94\/100 brn|[from] brn\n|upkeep\n|turn|12\n|inactive|Luifi2002 has 120 seconds left.\n|\n|t:|1700466092\n|move|p1a: Rotom|Blizzard|p2a: Dusknoir\n|-damage|p2a: Dusknoir|10\/100\n|move|p2a: Dusknoir|Ice Punch|p1a: Rotom\n|-damage|p1a: Rotom|69\/100 brn\n|\n|-weather|RainDance|[upkeep]\n|-heal|p2a: Dusknoir|16\/100|[from] item: Leftovers\n|-damage|p1a: Rotom|63\/100 brn|[from] brn\n|upkeep\n|turn|13\n|inactive|Luifi2002 has 120 seconds left.\n|\n|t:|1700466108\n|move|p2a: Dusknoir|Shadow Sneak|p1a: Rotom\n|-damage|p1a: Rotom|45\/100 brn\n|move|p1a: Rotom|Thunderbolt|p2a: Dusknoir\n|-damage|p2a: Dusknoir|0 fnt\n|faint|p2a: Dusknoir\n|\n|-weather|RainDance|[upkeep]\n|-damage|p1a: Rotom|39\/100 brn|[from] brn\n|upkeep\n|inactive|Luifi2002 has 120 seconds left.\n|\n|t:|1700466120\n|switch|p2a: Infernape|Infernape, M|100\/100\n|turn|14\n|inactive|Luifi2002 has 120 seconds left.\n|\n|t:|1700466130\n|move|p2a: Infernape|Aura Sphere|p1a: Rotom\n|-damage|p1a: Rotom|0 fnt\n|faint|p1a: Rotom\n|-damage|p2a: Infernape|91\/100|[from] item: Life Orb\n|\n|-weather|none\n|upkeep\n|\n|t:|1700466144\n|switch|p1a: Slowking|Slowking, F|84\/100\n|turn|15\n|\n|t:|1700466158\n|move|p2a: Infernape|Fire Blast|p1a: Slowking\n|-resisted|p1a: Slowking\n|-damage|p1a: Slowking|61\/100\n|-damage|p2a: Infernape|81\/100|[from] item: Life Orb\n|move|p1a: Slowking|Surf|p2a: Infernape\n|-supereffective|p2a: Infernape\n|-damage|p2a: Infernape|0 fnt\n|faint|p2a: Infernape\n|\n|upkeep\n|\n|t:|1700466165\n|switch|p2a: Dipplin|Dipplin, M, shiny|100\/100\n|-ability|p2a: Dipplin|Supersweet Syrup\n|-ability|p2a: Dipplin|Supersweet Syrup|boost\n|-unboost|p1a: Slowking|evasion|1\n|turn|16\n|inactive|Sum1StolMyCarRadio has 120 seconds left.\n|c|\u2606Sum1StolMyCarRadio|Such a good shiny!\n|\n|t:|1700466189\n|move|p2a: Dipplin|Giga Drain|p1a: Slowking\n|-supereffective|p1a: Slowking\n|-damage|p1a: Slowking|15\/100\n|move|p1a: Slowking|Chilly Reception|p1a: Slowking\n|-weather|Snow\n|\n|t:|1700466198\n|switch|p1a: Heatran|Heatran, M|100\/100|[from] Chilly Reception\n|\n|-weather|Snow|[upkeep]\n|upkeep\n|turn|17\n|\n|t:|1700466209\n|move|p1a: Heatran|Magma Storm|p2a: Dipplin\n|-damage|p2a: Dipplin|73\/100\n|-activate|p2a: Dipplin|move: Magma Storm|[of] p1a: Heatran\n|move|p2a: Dipplin|Syrup Bomb|p1a: Heatran\n|-resisted|p1a: Heatran\n|-damage|p1a: Heatran|97\/100\n|-start|p1a: Heatran|Syrup Bomb\n|\n|-weather|Snow|[upkeep]\n|-heal|p1a: Heatran|100\/100|[from] item: Leftovers\n|-damage|p2a: Dipplin|61\/100|[from] move: Magma Storm|[partiallytrapped]\n|-unboost|p1a: Heatran|spe|1\n|upkeep\n|turn|18\n|\n|t:|1700466224\n|move|p1a: Heatran|Earth Power|p2a: Dipplin\n|-resisted|p2a: Dipplin\n|-damage|p2a: Dipplin|54\/100\n|-unboost|p2a: Dipplin|spd|1\n|move|p2a: Dipplin|Giga Drain|p1a: Heatran\n|-resisted|p1a: Heatran\n|-damage|p1a: Heatran|96\/100\n|-heal|p2a: Dipplin|56\/100|[from] drain|[of] p1a: Heatran\n|\n|-weather|Snow|[upkeep]\n|-heal|p1a: Heatran|100\/100|[from] item: Leftovers\n|-damage|p2a: Dipplin|44\/100|[from] move: Magma Storm|[partiallytrapped]\n|-unboost|p1a: Heatran|spe|1\n|upkeep\n|turn|19\n|\n|t:|1700466243\n|move|p2a: Dipplin|Recover|p2a: Dipplin\n|-heal|p2a: Dipplin|94\/100\n|move|p1a: Heatran|Stealth Rock|p2a: Dipplin\n|-sidestart|p2: Luifi2002|move: Stealth Rock\n|\n|-weather|Snow|[upkeep]\n|-damage|p2a: Dipplin|82\/100|[from] move: Magma Storm|[partiallytrapped]\n|-unboost|p1a: Heatran|spe|1\n|upkeep\n|turn|20\n|\n|t:|1700466270\n|switch|p1a: Mudsdale|Mudsdale, F|100\/100\n|move|p2a: Dipplin|Giga Drain|p1a: Mudsdale\n|-supereffective|p1a: Mudsdale\n|-damage|p1a: Mudsdale|47\/100\n|-heal|p2a: Dipplin|100\/100|[from] drain|[of] p1a: Mudsdale\n|-ability|p1a: Mudsdale|Stamina|boost\n|-boost|p1a: Mudsdale|def|1\n|\n|-weather|none\n|-heal|p1a: Mudsdale|53\/100|[from] item: Leftovers\n|-end|p2a: Dipplin|Magma Storm|[partiallytrapped]|[silent]\n|upkeep\n|turn|21\n|\n|t:|1700466282\n|move|p2a: Dipplin|Giga Drain|p1a: Mudsdale\n|-supereffective|p1a: Mudsdale\n|-damage|p1a: Mudsdale|2\/100\n|-ability|p1a: Mudsdale|Stamina|boost\n|-boost|p1a: Mudsdale|def|1\n|move|p1a: Mudsdale|Body Press|p2a: Dipplin\n|-damage|p2a: Dipplin|70\/100\n|\n|-heal|p1a: Mudsdale|8\/100|[from] item: Leftovers\n|upkeep\n|turn|22\n|\n|t:|1700466291\n|switch|p1a: Heatran|Heatran, M|100\/100\n|move|p2a: Dipplin|Giga Drain|p1a: Heatran\n|-resisted|p1a: Heatran\n|-damage|p1a: Heatran|96\/100\n|-heal|p2a: Dipplin|72\/100|[from] drain|[of] p1a: Heatran\n|\n|-heal|p1a: Heatran|100\/100|[from] item: Leftovers\n|upkeep\n|turn|23\n|\n|t:|1700466300\n|switch|p2a: Landorus|Landorus-Therian, M|100\/100\n|-ability|p2a: Landorus|Intimidate|boost\n|-unboost|p1a: Heatran|atk|1\n|move|p1a: Heatran|Magma Storm|p2a: Landorus\n|-damage|p2a: Landorus|48\/100\n|-activate|p2a: Landorus|move: Magma Storm|[of] p1a: Heatran\n|\n|-damage|p2a: Landorus|35\/100|[from] move: Magma Storm|[partiallytrapped]\n|upkeep\n|turn|24\n|\n|t:|1700466313\n|switch|p1a: Slowking|Slowking, F|48\/100\n|move|p2a: Landorus|Earthquake|p1a: Slowking\n|-damage|p1a: Slowking|6\/100\n|\n|-end|p2a: Landorus|Magma Storm|[partiallytrapped]|[silent]\n|upkeep\n|turn|25\n|\n|t:|1700466321\n|move|p2a: Landorus|Earthquake|p1a: Slowking\n|-damage|p1a: Slowking|0 fnt\n|faint|p1a: Slowking\n|\n|upkeep\n|\n|t:|1700466327\n|switch|p1a: Heatran|Heatran, M|100\/100\n|turn|26\n|\n|t:|1700466332\n|move|p2a: Landorus|Earthquake|p1a: Heatran\n|-supereffective|p1a: Heatran\n|-damage|p1a: Heatran|0 fnt\n|faint|p1a: Heatran\n|\n|upkeep\n|inactive|Sum1StolMyCarRadio has 120 seconds left.\n|\n|t:|1700466337\n|switch|p1a: Mudsdale|Mudsdale, F|8\/100\n|turn|27\n|\n|t:|1700466341\n|move|p2a: Landorus|Earthquake|p1a: Mudsdale\n|-damage|p1a: Mudsdale|0 fnt\n|faint|p1a: Mudsdale\n|\n|win|Luifi2002\n|raw|Sum1StolMyCarRadio's rating: 1000 &rarr; <strong>1000<\/strong><br \/>(+0 for losing)\n|raw|Luifi2002's rating: 1038 &rarr; <strong>1069<\/strong><br \/>(+31 for winning)\n","uploadtime":1700465974,"views":10,"p1id":"sum1stolmycarradio","p2id":"luifi2002","formatid":"gen9ou","rating":1000,"private":0,"password":""}