{"id":"gen9ou-1998323467","p1":"halaman95","p2":"mikejohns","format":"[Gen 9] OU","log":"|j|\u2606halaman95\n|j|\u2606mikejohns\n|t:|1700929435\n|gametype|singles\n|player|p1|halaman95|266|1636\n|player|p2|mikejohns|volkner|1620\n|teamsize|p1|6\n|teamsize|p2|6\n|gen|9\n|tier|[Gen 9] OU\n|rated|\n|rule|Sleep Clause Mod: Limit one foe put to sleep\n|rule|Species Clause: Limit one of each Pok\u00e9mon\n|rule|OHKO Clause: OHKO moves are banned\n|rule|Evasion Items Clause: Evasion items are banned\n|rule|Evasion Moves Clause: Evasion moves are banned\n|rule|Endless Battle Clause: Forcing endless battles is banned\n|rule|HP Percentage Mod: HP is shown in percentages\n|clearpoke\n|poke|p1|Torkoal, F|\n|poke|p1|Walking Wake|\n|poke|p1|Kingambit, F|\n|poke|p1|Brute Bonnet|\n|poke|p1|Great Tusk|\n|poke|p1|Iron Moth|\n|poke|p2|Amoonguss, F|\n|poke|p2|Garganacl, M|\n|poke|p2|Great Tusk|\n|poke|p2|Rillaboom, M|\n|poke|p2|Skeledirge, M|\n|poke|p2|Iron Valiant|\n|teampreview\n|inactive|Battle timer is ON: inactive players will automatically lose when time's up. (requested by mikejohns)\n|inactive|halaman95 also wants the timer to be on.\n|\n|t:|1700929450\n|start\n|switch|p1a: Torkoal|Torkoal, F|100\/100\n|switch|p2a: Garganacl|Garganacl, M|100\/100\n|-weather|SunnyDay|[from] ability: Drought|[of] p1a: Torkoal\n|turn|1\n|\n|t:|1700929472\n|switch|p1a: Great Tusk|Great Tusk|100\/100\n|-activate|p1a: Great Tusk|ability: Protosynthesis\n|-start|p1a: Great Tusk|protosynthesisspe\n|move|p2a: Garganacl|Salt Cure|p1a: Great Tusk\n|-resisted|p1a: Great Tusk\n|-damage|p1a: Great Tusk|98\/100\n|-start|p1a: Great Tusk|Salt Cure\n|\n|-weather|SunnyDay|[upkeep]\n|-heal|p1a: Great Tusk|100\/100|[from] item: Leftovers\n|-damage|p1a: Great Tusk|88\/100|[from] Salt Cure\n|upkeep\n|turn|2\n|\n|t:|1700929489\n|switch|p2a: Amoonguss|Amoonguss, F|100\/100\n|move|p1a: Great Tusk|Knock Off|p2a: Amoonguss\n|-damage|p2a: Amoonguss|80\/100\n|-damage|p1a: Great Tusk|71\/100|[from] item: Rocky Helmet|[of] p2a: Amoonguss\n|-enditem|p2a: Amoonguss|Rocky Helmet|[from] move: Knock Off|[of] p1a: Great Tusk\n|\n|-weather|SunnyDay|[upkeep]\n|-heal|p1a: Great Tusk|78\/100|[from] item: Leftovers\n|-damage|p1a: Great Tusk|65\/100|[from] Salt Cure\n|upkeep\n|turn|3\n|j| adyu1\n|j| MiniLarry\n|\n|t:|1700929511\n|-end|p1a: Great Tusk|Protosynthesis|[silent]\n|switch|p1a: Torkoal|Torkoal, F|100\/100\n|move|p2a: Amoonguss|Spore|p1a: Torkoal\n|-status|p1a: Torkoal|slp|[from] move: Spore\n|\n|-weather|SunnyDay|[upkeep]\n|upkeep\n|turn|4\n|\n|t:|1700929526\n|switch|p2a: Great Tusk|Great Tusk|100\/100\n|-activate|p2a: Great Tusk|ability: Protosynthesis\n|-start|p2a: Great Tusk|protosynthesisatk\n|switch|p1a: Walking Wake|Walking Wake|100\/100\n|-activate|p1a: Walking Wake|ability: Protosynthesis\n|-start|p1a: Walking Wake|protosynthesisspa\n|\n|-weather|SunnyDay|[upkeep]\n|upkeep\n|turn|5\n|\n|t:|1700929537\n|-end|p2a: Great Tusk|Protosynthesis|[silent]\n|switch|p2a: Amoonguss|Amoonguss, F|100\/100\n|move|p1a: Walking Wake|Hydro Steam|p2a: Amoonguss\n|-resisted|p2a: Amoonguss\n|-damage|p2a: Amoonguss|47\/100\n|\n|-weather|SunnyDay|[upkeep]\n|upkeep\n|turn|6\n|j| dataqaintern\n|\n|t:|1700929553\n|move|p1a: Walking Wake|Hydro Steam|p2a: Amoonguss\n|-resisted|p2a: Amoonguss\n|-damage|p2a: Amoonguss|0 fnt\n|faint|p2a: Amoonguss\n|\n|-weather|SunnyDay|[upkeep]\n|upkeep\n|j| Boc0aa\n|inactive|mikejohns has 120 seconds left.\n|\n|t:|1700929591\n|switch|p2a: Rillaboom|Rillaboom, M|100\/100\n|-fieldstart|move: Grassy Terrain|[from] ability: Grassy Surge|[of] p2a: Rillaboom\n|turn|7\n|\n|t:|1700929599\n|-end|p1a: Walking Wake|Protosynthesis|[silent]\n|switch|p1a: Iron Moth|Iron Moth|100\/100\n|-enditem|p1a: Iron Moth|Booster Energy\n|-activate|p1a: Iron Moth|ability: Quark Drive|[fromitem]\n|-start|p1a: Iron Moth|quarkdrivespe\n|move|p2a: Rillaboom|U-turn|p1a: Iron Moth\n|-resisted|p1a: Iron Moth\n|-damage|p1a: Iron Moth|86\/100\n|\n|t:|1700929603\n|switch|p2a: Skeledirge|Skeledirge, M|100\/100|[from] U-turn\n|\n|-weather|SunnyDay|[upkeep]\n|-heal|p1a: Iron Moth|92\/100|[from] Grassy Terrain\n|upkeep\n|turn|8\n|\n|t:|1700929613\n|-end|p1a: Iron Moth|Quark Drive|[silent]\n|switch|p1a: Walking Wake|Walking Wake|100\/100\n|-activate|p1a: Walking Wake|ability: Protosynthesis\n|-start|p1a: Walking Wake|protosynthesisspa\n|move|p2a: Skeledirge|Will-O-Wisp|p1a: Walking Wake\n|-status|p1a: Walking Wake|brn\n|\n|-weather|none\n|-end|p1a: Walking Wake|Protosynthesis\n|-damage|p1a: Walking Wake|94\/100 brn|[from] brn\n|upkeep\n|turn|9\n|\n|t:|1700929628\n|move|p1a: Walking Wake|Draco Meteor|p2a: Skeledirge\n|-damage|p2a: Skeledirge|35\/100\n|-unboost|p1a: Walking Wake|spa|2\n|move|p2a: Skeledirge|Hex|p1a: Walking Wake\n|-damage|p1a: Walking Wake|38\/100 brn\n|\n|-heal|p1a: Walking Wake|44\/100 brn|[from] Grassy Terrain\n|-heal|p2a: Skeledirge|41\/100|[from] Grassy Terrain\n|-damage|p1a: Walking Wake|38\/100 brn|[from] brn\n|upkeep\n|turn|10\n|\n|t:|1700929639\n|-end|p1a: Walking Wake|Protosynthesis|[silent]\n|switch|p1a: Torkoal|Torkoal, F|100\/100 slp\n|-weather|SunnyDay|[from] ability: Drought|[of] p1a: Torkoal\n|switch|p2a: Garganacl|Garganacl, M|100\/100\n|\n|-weather|SunnyDay|[upkeep]\n|upkeep\n|turn|11\n|\n|t:|1700929645\n|switch|p1a: Great Tusk|Great Tusk|65\/100\n|-activate|p1a: Great Tusk|ability: Protosynthesis\n|-start|p1a: Great Tusk|protosynthesisspe\n|move|p2a: Garganacl|Salt Cure|p1a: Great Tusk\n|-resisted|p1a: Great Tusk\n|-damage|p1a: Great Tusk|63\/100\n|-start|p1a: Great Tusk|Salt Cure\n|\n|-weather|SunnyDay|[upkeep]\n|-heal|p1a: Great Tusk|69\/100|[from] Grassy Terrain\n|-heal|p1a: Great Tusk|75\/100|[from] item: Leftovers\n|-damage|p1a: Great Tusk|63\/100|[from] Salt Cure\n|-fieldend|move: Grassy Terrain\n|upkeep\n|turn|12\n|\n|t:|1700929655\n|switch|p2a: Great Tusk|Great Tusk|100\/100\n|-activate|p2a: Great Tusk|ability: Protosynthesis\n|-start|p2a: Great Tusk|protosynthesisatk\n|move|p1a: Great Tusk|Knock Off|p2a: Great Tusk\n|-resisted|p2a: Great Tusk\n|-damage|p2a: Great Tusk|91\/100\n|-enditem|p2a: Great Tusk|Heavy-Duty Boots|[from] move: Knock Off|[of] p1a: Great Tusk\n|\n|-weather|SunnyDay|[upkeep]\n|-heal|p1a: Great Tusk|69\/100|[from] item: Leftovers\n|-damage|p1a: Great Tusk|57\/100|[from] Salt Cure\n|upkeep\n|turn|13\n|\n|t:|1700929663\n|-end|p1a: Great Tusk|Protosynthesis|[silent]\n|switch|p1a: Brute Bonnet|Brute Bonnet|100\/100\n|-activate|p1a: Brute Bonnet|ability: Protosynthesis\n|-start|p1a: Brute Bonnet|protosynthesisatk\n|move|p2a: Great Tusk|Ice Spinner|p1a: Brute Bonnet\n|-supereffective|p1a: Brute Bonnet\n|-damage|p1a: Brute Bonnet|29\/100\n|\n|-weather|SunnyDay|[upkeep]\n|upkeep\n|turn|14\n|l| Boc0aa\n|\n|t:|1700929674\n|move|p1a: Brute Bonnet|Sucker Punch|p2a: Great Tusk\n|-resisted|p2a: Great Tusk\n|-damage|p2a: Great Tusk|73\/100\n|move|p2a: Great Tusk|Ice Spinner|p1a: Brute Bonnet\n|-supereffective|p1a: Brute Bonnet\n|-damage|p1a: Brute Bonnet|0 fnt\n|faint|p1a: Brute Bonnet\n|-end|p1a: Brute Bonnet|Protosynthesis|[silent]\n|\n|-weather|SunnyDay|[upkeep]\n|upkeep\n|\n|t:|1700929678\n|switch|p1a: Walking Wake|Walking Wake|38\/100 brn\n|-activate|p1a: Walking Wake|ability: Protosynthesis\n|-start|p1a: Walking Wake|protosynthesisspa\n|turn|15\n|inactive|mikejohns has 120 seconds left.\n|\n|t:|1700929732\n|-end|p2a: Great Tusk|Protosynthesis|[silent]\n|switch|p2a: Garganacl|Garganacl, M|100\/100\n|move|p1a: Walking Wake|Hydro Steam|p2a: Garganacl\n|-supereffective|p2a: Garganacl\n|-damage|p2a: Garganacl|0 fnt\n|faint|p2a: Garganacl\n|\n|-weather|SunnyDay|[upkeep]\n|-damage|p1a: Walking Wake|32\/100 brn|[from] brn\n|upkeep\n|\n|t:|1700929740\n|switch|p2a: Rillaboom|Rillaboom, M|100\/100\n|-fieldstart|move: Grassy Terrain|[from] ability: Grassy Surge|[of] p2a: Rillaboom\n|turn|16\n|\n|t:|1700929752\n|-end|p1a: Walking Wake|Protosynthesis|[silent]\n|switch|p1a: Iron Moth|Iron Moth|92\/100\n|move|p2a: Rillaboom|U-turn|p1a: Iron Moth\n|-resisted|p1a: Iron Moth\n|-damage|p1a: Iron Moth|77\/100\n|\n|t:|1700929756\n|switch|p2a: Skeledirge|Skeledirge, M|41\/100|[from] U-turn\n|\n|-weather|SunnyDay|[upkeep]\n|-heal|p1a: Iron Moth|83\/100|[from] Grassy Terrain\n|-heal|p2a: Skeledirge|47\/100|[from] Grassy Terrain\n|upkeep\n|turn|17\n|\n|t:|1700929775\n|-end|p1a: Iron Moth|Quark Drive|[silent]\n|switch|p1a: Walking Wake|Walking Wake|32\/100 brn\n|-activate|p1a: Walking Wake|ability: Protosynthesis\n|-start|p1a: Walking Wake|protosynthesisspa\n|move|p2a: Skeledirge|Hex|p1a: Walking Wake\n|-damage|p1a: Walking Wake|0 fnt\n|faint|p1a: Walking Wake\n|-end|p1a: Walking Wake|Protosynthesis|[silent]\n|\n|-weather|none\n|-heal|p2a: Skeledirge|54\/100|[from] Grassy Terrain\n|upkeep\n|\n|t:|1700929784\n|switch|p1a: Kingambit|Kingambit, F|100\/100\n|-activate|p1a: Kingambit|ability: Supreme Overlord\n|-start|p1a: Kingambit|fallen2|[silent]\n|turn|18\n|\n|t:|1700929789\n|move|p1a: Kingambit|Kowtow Cleave|p2a: Skeledirge\n|-supereffective|p2a: Skeledirge\n|-damage|p2a: Skeledirge|0 fnt\n|faint|p2a: Skeledirge\n|\n|upkeep\n|inactive|mikejohns has 120 seconds left.\n|\n|t:|1700929800\n|switch|p2a: Great Tusk|Great Tusk|73\/100\n|turn|19\n|\n|t:|1700929812\n|-end|p1a: Kingambit|fallen2|[silent]\n|switch|p1a: Great Tusk|Great Tusk|57\/100\n|move|p2a: Great Tusk|Stealth Rock|p1a: Great Tusk\n|-sidestart|p1: halaman95|move: Stealth Rock\n|\n|-heal|p1a: Great Tusk|63\/100|[from] Grassy Terrain\n|-heal|p2a: Great Tusk|79\/100|[from] Grassy Terrain\n|-heal|p1a: Great Tusk|69\/100|[from] item: Leftovers\n|upkeep\n|turn|20\n|\n|t:|1700929820\n|move|p1a: Great Tusk|Rapid Spin|p2a: Great Tusk\n|-crit|p2a: Great Tusk\n|-damage|p2a: Great Tusk|62\/100\n|-boost|p1a: Great Tusk|spe|1\n|-sideend|p1: halaman95|Stealth Rock|[from] move: Rapid Spin|[of] p1a: Great Tusk\n|move|p2a: Great Tusk|Ice Spinner|p1a: Great Tusk\n|-supereffective|p1a: Great Tusk\n|-damage|p1a: Great Tusk|34\/100\n|-fieldend|move: Grassy Terrain\n|\n|-heal|p1a: Great Tusk|41\/100|[from] item: Leftovers\n|upkeep\n|turn|21\n|\n|t:|1700929829\n|move|p1a: Great Tusk|Earthquake|p2a: Great Tusk\n|-damage|p2a: Great Tusk|30\/100\n|move|p2a: Great Tusk|Stealth Rock|p1a: Great Tusk\n|-sidestart|p1: halaman95|move: Stealth Rock\n|\n|-heal|p1a: Great Tusk|47\/100|[from] item: Leftovers\n|upkeep\n|turn|22\n|inactive|mikejohns has 120 seconds left.\n|\n|t:|1700929865\n|move|p1a: Great Tusk|Rapid Spin|p2a: Great Tusk\n|-damage|p2a: Great Tusk|19\/100\n|-boost|p1a: Great Tusk|spe|1\n|-sideend|p1: halaman95|Stealth Rock|[from] move: Rapid Spin|[of] p1a: Great Tusk\n|move|p2a: Great Tusk|Rapid Spin|p1a: Great Tusk\n|-damage|p1a: Great Tusk|35\/100\n|-boost|p2a: Great Tusk|spe|1\n|\n|-heal|p1a: Great Tusk|41\/100|[from] item: Leftovers\n|upkeep\n|turn|23\n|\n|t:|1700929873\n|-end|p2a: Great Tusk|Protosynthesis|[silent]\n|switch|p2a: Rillaboom|Rillaboom, M|100\/100\n|-fieldstart|move: Grassy Terrain|[from] ability: Grassy Surge|[of] p2a: Rillaboom\n|move|p1a: Great Tusk|Earthquake|p2a: Rillaboom\n|-resisted|p2a: Rillaboom\n|-damage|p2a: Rillaboom|88\/100\n|\n|-heal|p1a: Great Tusk|48\/100|[from] Grassy Terrain\n|-heal|p1a: Great Tusk|54\/100|[from] item: Leftovers\n|-heal|p2a: Rillaboom|94\/100|[from] Grassy Terrain\n|upkeep\n|turn|24\n|inactive|mikejohns has 120 seconds left.\n|\n|t:|1700929884\n|-end|p1a: Great Tusk|Protosynthesis|[silent]\n|switch|p1a: Torkoal|Torkoal, F|100\/100 slp\n|-weather|SunnyDay|[from] ability: Drought|[of] p1a: Torkoal\n|move|p2a: Rillaboom|U-turn|p1a: Torkoal\n|-resisted|p1a: Torkoal\n|-damage|p1a: Torkoal|86\/100 slp\n|\n|t:|1700929887\n|switch|p2a: Great Tusk|Great Tusk|19\/100|[from] U-turn\n|-activate|p2a: Great Tusk|ability: Protosynthesis\n|-start|p2a: Great Tusk|protosynthesisatk\n|\n|-weather|SunnyDay|[upkeep]\n|-heal|p2a: Great Tusk|25\/100|[from] Grassy Terrain\n|-heal|p1a: Torkoal|92\/100 slp|[from] Grassy Terrain\n|upkeep\n|turn|25\n|\n|t:|1700929896\n|switch|p1a: Great Tusk|Great Tusk|54\/100\n|-activate|p1a: Great Tusk|ability: Protosynthesis\n|-start|p1a: Great Tusk|protosynthesisspe\n|move|p2a: Great Tusk|Headlong Rush|p1a: Great Tusk\n|-damage|p1a: Great Tusk|0 fnt\n|-unboost|p2a: Great Tusk|def|1\n|-unboost|p2a: Great Tusk|spd|1\n|faint|p1a: Great Tusk\n|-end|p1a: Great Tusk|Protosynthesis|[silent]\n|\n|-weather|SunnyDay|[upkeep]\n|-heal|p2a: Great Tusk|31\/100|[from] Grassy Terrain\n|upkeep\n|\n|t:|1700929903\n|switch|p1a: Iron Moth|Iron Moth|83\/100\n|turn|26\n|inactive|mikejohns has 120 seconds left.\n|\n|t:|1700929923\n|-end|p2a: Great Tusk|Protosynthesis|[silent]\n|switch|p2a: Rillaboom|Rillaboom, M|94\/100\n|move|p1a: Iron Moth|Fiery Dance|p2a: Rillaboom\n|-supereffective|p2a: Rillaboom\n|-damage|p2a: Rillaboom|0 fnt\n|faint|p2a: Rillaboom\n|\n|-weather|SunnyDay|[upkeep]\n|-heal|p1a: Iron Moth|89\/100|[from] Grassy Terrain\n|upkeep\n|inactive|mikejohns has 120 seconds left.\n|\n|t:|1700929941\n|switch|p2a: Iron Valiant|Iron Valiant|100\/100\n|-enditem|p2a: Iron Valiant|Booster Energy\n|-activate|p2a: Iron Valiant|ability: Quark Drive|[fromitem]\n|-start|p2a: Iron Valiant|quarkdrivespe\n|turn|27\n|\n|t:|1700929946\n|-terastallize|p2a: Iron Valiant|Steel\n|move|p2a: Iron Valiant|Psyshock|p1a: Iron Moth\n|-supereffective|p1a: Iron Moth\n|-damage|p1a: Iron Moth|12\/100\n|move|p1a: Iron Moth|Sludge Wave|p2a: Iron Valiant\n|-immune|p2a: Iron Valiant\n|\n|-weather|SunnyDay|[upkeep]\n|-heal|p1a: Iron Moth|18\/100|[from] Grassy Terrain\n|-fieldend|move: Grassy Terrain\n|upkeep\n|turn|28\n|\n|t:|1700929956\n|move|p2a: Iron Valiant|Thunderbolt|p1a: Iron Moth\n|-damage|p1a: Iron Moth|0 fnt\n|faint|p1a: Iron Moth\n|-end|p1a: Iron Moth|Quark Drive|[silent]\n|\n|-weather|SunnyDay|[upkeep]\n|upkeep\n|\n|t:|1700929961\n|switch|p1a: Kingambit|Kingambit, F|100\/100\n|-activate|p1a: Kingambit|ability: Supreme Overlord\n|-start|p1a: Kingambit|fallen4|[silent]\n|turn|29\n|\n|t:|1700929970\n|-terastallize|p1a: Kingambit|Fairy\n|move|p2a: Iron Valiant|Thunderbolt|p1a: Kingambit\n|-damage|p1a: Kingambit|65\/100\n|move|p1a: Kingambit|Kowtow Cleave|p2a: Iron Valiant\n|-damage|p2a: Iron Valiant|8\/100\n|\n|-weather|SunnyDay|[upkeep]\n|-heal|p1a: Kingambit|71\/100|[from] item: Leftovers\n|upkeep\n|turn|30\n|\n|t:|1700929987\n|move|p1a: Kingambit|Sucker Punch|p2a: Iron Valiant\n|-damage|p2a: Iron Valiant|0 fnt\n|faint|p2a: Iron Valiant\n|-end|p2a: Iron Valiant|Quark Drive|[silent]\n|\n|-weather|SunnyDay|[upkeep]\n|-heal|p1a: Kingambit|77\/100|[from] item: Leftovers\n|upkeep\n|\n|t:|1700929989\n|switch|p2a: Great Tusk|Great Tusk|31\/100\n|-activate|p2a: Great Tusk|ability: Protosynthesis\n|-start|p2a: Great Tusk|protosynthesisatk\n|turn|31\n|\n|t:|1700930002\n|-end|p1a: Kingambit|fallen4|[silent]\n|switch|p1a: Torkoal|Torkoal, F|92\/100 slp\n|move|p2a: Great Tusk|Headlong Rush|p1a: Torkoal\n|-supereffective|p1a: Torkoal\n|-damage|p1a: Torkoal|0 fnt\n|-unboost|p2a: Great Tusk|def|1\n|-unboost|p2a: Great Tusk|spd|1\n|faint|p1a: Torkoal\n|\n|-weather|none\n|-end|p2a: Great Tusk|Protosynthesis\n|upkeep\n|\n|t:|1700930008\n|switch|p1a: Kingambit|Kingambit, F, tera:Fairy|77\/100\n|-activate|p1a: Kingambit|ability: Supreme Overlord\n|-start|p1a: Kingambit|fallen5|[silent]\n|turn|32\n|j| xxdimixx\n|inactive|halaman95 has 120 seconds left.\n|\n|t:|1700930054\n|move|p2a: Great Tusk|Headlong Rush|p1a: Kingambit\n|-crit|p1a: Kingambit\n|-damage|p1a: Kingambit|0 fnt\n|-unboost|p2a: Great Tusk|def|1\n|-unboost|p2a: Great Tusk|spd|1\n|faint|p1a: Kingambit\n|-end|p1a: Kingambit|fallen5|[silent]\n|\n|win|mikejohns\n|raw|halaman95's rating: 1636 &rarr; <strong>1615<\/strong><br \/>(-21 for losing)\n|raw|mikejohns's rating: 1620 &rarr; <strong>1641<\/strong><br \/>(+21 for winning)\n|c|\u2606mikejohns|gg\n|l|\u2606halaman95\n","uploadtime":1700930085,"views":1,"p1id":"halaman95","p2id":"mikejohns","formatid":"gen9ou","rating":1615,"private":0,"password":""}