{"id":"gen9ou-2000018132","p1":"Ill Kennedy yall","p2":"ch1ck3n nu99ets","format":"[Gen 9] OU","log":"|j|\u203dIll Kennedy yall\n|j|\u2606ch1ck3n nu99ets\n|t:|1701141781\n|gametype|singles\n|player|p1|Ill Kennedy yall|galacticgrunt|1861\n|player|p2|ch1ck3n nu99ets|2|1893\n|teamsize|p1|6\n|teamsize|p2|6\n|gen|9\n|tier|[Gen 9] OU\n|rated|\n|rule|Sleep Clause Mod: Limit one foe put to sleep\n|rule|Species Clause: Limit one of each Pok\u00e9mon\n|rule|OHKO Clause: OHKO moves are banned\n|rule|Evasion Items Clause: Evasion items are banned\n|rule|Evasion Moves Clause: Evasion moves are banned\n|rule|Endless Battle Clause: Forcing endless battles is banned\n|rule|HP Percentage Mod: HP is shown in percentages\n|clearpoke\n|poke|p1|Samurott-Hisui, M|\n|poke|p1|Gholdengo|\n|poke|p1|Ceruledge, M|\n|poke|p1|Rillaboom, F|\n|poke|p1|Zamazenta-*|\n|poke|p1|Great Tusk|\n|poke|p2|Clefable, M|\n|poke|p2|Gholdengo|\n|poke|p2|Clodsire, F|\n|poke|p2|Tornadus-Therian, M|\n|poke|p2|Dragonite, F|\n|poke|p2|Mandibuzz, F|\n|teampreview\n|j| SwabbyYabby\n|j| hades0soul\n|inactive|Battle timer is ON: inactive players will automatically lose when time's up. (requested by ch1ck3n nu99ets)\n|\n|t:|1701141814\n|start\n|switch|p1a: Ceruledge|Ceruledge, M|100\/100\n|switch|p2a: Tornadus|Tornadus-Therian, M|100\/100\n|turn|1\n|\n|t:|1701141818\n|move|p2a: Tornadus|U-turn|p1a: Ceruledge\n|-resisted|p1a: Ceruledge\n|-damage|p1a: Ceruledge|95\/100\n|-ability|p1a: Ceruledge|Weak Armor|boost\n|-unboost|p1a: Ceruledge|def|1\n|-boost|p1a: Ceruledge|spe|2\n|\n|t:|1701141820\n|switch|p2a: Mandibuzz|Mandibuzz, F|100\/100|[from] U-turn\n|move|p1a: Ceruledge|Bitter Blade|p2a: Mandibuzz\n|-damage|p2a: Mandibuzz|73\/100\n|-heal|p1a: Ceruledge|100\/100|[from] drain|[of] p2a: Mandibuzz\n|\n|upkeep\n|turn|2\n|\n|t:|1701141826\n|switch|p1a: Samurott|Samurott-Hisui, M, shiny|100\/100\n|move|p2a: Mandibuzz|Knock Off|p1a: Samurott\n|-resisted|p1a: Samurott\n|-damage|p1a: Samurott|88\/100\n|-enditem|p1a: Samurott|Black Glasses|[from] move: Knock Off|[of] p2a: Mandibuzz\n|\n|upkeep\n|turn|3\n|\n|t:|1701141831\n|move|p1a: Samurott|Swords Dance|p1a: Samurott\n|-boost|p1a: Samurott|atk|2\n|move|p2a: Mandibuzz|Foul Play|p1a: Samurott\n|-resisted|p1a: Samurott\n|-damage|p1a: Samurott|32\/100\n|\n|upkeep\n|turn|4\n|\n|t:|1701141834\n|move|p1a: Samurott|Aqua Cutter|p2a: Mandibuzz\n|-damage|p2a: Mandibuzz|6\/100\n|move|p2a: Mandibuzz|Foul Play|p1a: Samurott\n|-resisted|p1a: Samurott\n|-damage|p1a: Samurott|0 fnt\n|faint|p1a: Samurott\n|\n|upkeep\n|j| VicBossMG\n|inactive|Ill Kennedy yall has 120 seconds left.\n|\n|t:|1701141866\n|switch|p1a: Zamazenta|Zamazenta|100\/100\n|-ability|p1a: Zamazenta|Dauntless Shield|boost\n|-boost|p1a: Zamazenta|def|1\n|turn|5\n|j| Rainbow Chrome\n|\n|t:|1701141883\n|switch|p2a: Tornadus|Tornadus-Therian, M|100\/100\n|move|p1a: Zamazenta|Body Press|p2a: Tornadus\n|-resisted|p2a: Tornadus\n|-damage|p2a: Tornadus|59\/100\n|\n|upkeep\n|turn|6\n|\n|t:|1701141889\n|switch|p2a: Gholdengo|Gholdengo|100\/100\n|move|p1a: Zamazenta|Crunch|p2a: Gholdengo\n|-supereffective|p2a: Gholdengo\n|-damage|p2a: Gholdengo|69\/100\n|\n|upkeep\n|turn|7\n|\n|t:|1701141893\n|move|p1a: Zamazenta|Crunch|p2a: Gholdengo\n|-supereffective|p2a: Gholdengo\n|-damage|p2a: Gholdengo|40\/100\n|move|p2a: Gholdengo|Thunder Wave|p1a: Zamazenta\n|-status|p1a: Zamazenta|par\n|\n|upkeep\n|turn|8\n|\n|t:|1701141897\n|switch|p1a: Ceruledge|Ceruledge, M|100\/100\n|move|p2a: Gholdengo|Recover|p2a: Gholdengo\n|-heal|p2a: Gholdengo|90\/100\n|\n|upkeep\n|turn|9\n|\n|t:|1701141901\n|move|p1a: Ceruledge|Swords Dance|p1a: Ceruledge\n|-boost|p1a: Ceruledge|atk|2\n|move|p2a: Gholdengo|Thunder Wave|p1a: Ceruledge\n|-status|p1a: Ceruledge|par\n|\n|upkeep\n|turn|10\n|\n|t:|1701141905\n|move|p2a: Gholdengo|Hex|p1a: Ceruledge\n|-supereffective|p1a: Ceruledge\n|-enditem|p1a: Ceruledge|Focus Sash\n|-damage|p1a: Ceruledge|1\/100 par\n|move|p1a: Ceruledge|Bitter Blade|p2a: Gholdengo\n|-supereffective|p2a: Gholdengo\n|-damage|p2a: Gholdengo|0 fnt\n|-heal|p1a: Ceruledge|59\/100 par|[from] drain|[of] p2a: Gholdengo\n|faint|p2a: Gholdengo\n|\n|upkeep\n|j| diyuenji\n|\n|t:|1701141912\n|switch|p2a: Dragonite|Dragonite, F|100\/100\n|turn|11\n|\n|t:|1701141916\n|move|p2a: Dragonite|Earthquake|p1a: Ceruledge\n|-supereffective|p1a: Ceruledge\n|-damage|p1a: Ceruledge|0 fnt\n|faint|p1a: Ceruledge\n|\n|upkeep\n|\n|t:|1701141925\n|switch|p1a: Zamazenta|Zamazenta|100\/100 par\n|turn|12\n|\n|t:|1701141931\n|switch|p2a: Tornadus|Tornadus-Therian, M|92\/100\n|move|p1a: Zamazenta|Crunch|p2a: Tornadus\n|-damage|p2a: Tornadus|60\/100\n|-unboost|p2a: Tornadus|def|1\n|\n|upkeep\n|turn|13\n|\n|t:|1701141935\n|move|p2a: Tornadus|Bleakwind Storm|p1a: Zamazenta\n|-supereffective|p1a: Zamazenta\n|-damage|p1a: Zamazenta|11\/100 par\n|cant|p1a: Zamazenta|par\n|\n|-heal|p1a: Zamazenta|17\/100 par|[from] item: Leftovers\n|upkeep\n|turn|14\n|\n|t:|1701141939\n|move|p2a: Tornadus|Heat Wave|p1a: Zamazenta\n|-damage|p1a: Zamazenta|0 fnt\n|faint|p1a: Zamazenta\n|\n|upkeep\n|\n|t:|1701141949\n|switch|p1a: Gholdengo|Gholdengo|100\/100\n|turn|15\n|\n|t:|1701141951\n|switch|p2a: Mandibuzz|Mandibuzz, F|6\/100\n|move|p1a: Gholdengo|Make It Rain|p2a: Mandibuzz\n|-damage|p2a: Mandibuzz|0 fnt\n|-unboost|p1a: Gholdengo|spa|1\n|faint|p2a: Mandibuzz\n|\n|upkeep\n|\n|t:|1701141956\n|switch|p2a: Tornadus|Tornadus-Therian, M|93\/100\n|turn|16\n|\n|t:|1701141960\n|move|p1a: Gholdengo|Make It Rain|p2a: Tornadus\n|-damage|p2a: Tornadus|39\/100\n|-unboost|p1a: Gholdengo|spa|1\n|move|p2a: Tornadus|Knock Off|p1a: Gholdengo\n|-supereffective|p1a: Gholdengo\n|-damage|p1a: Gholdengo|54\/100\n|-enditem|p1a: Gholdengo|Choice Scarf|[from] move: Knock Off|[of] p2a: Tornadus\n|\n|upkeep\n|turn|17\n|\n|t:|1701141966\n|switch|p1a: Rillaboom|Rillaboom, F|100\/100\n|-fieldstart|move: Grassy Terrain|[from] ability: Grassy Surge|[of] p1a: Rillaboom\n|move|p2a: Tornadus|Heat Wave|p1a: Rillaboom\n|-supereffective|p1a: Rillaboom\n|-damage|p1a: Rillaboom|19\/100\n|\n|-heal|p1a: Rillaboom|25\/100|[from] Grassy Terrain\n|upkeep\n|turn|18\n|\n|t:|1701141970\n|switch|p2a: Dragonite|Dragonite, F|100\/100\n|move|p1a: Rillaboom|Grassy Glide|p2a: Dragonite\n|-resisted|p2a: Dragonite\n|-damage|p2a: Dragonite|95\/100\n|-damage|p1a: Rillaboom|15\/100|[from] item: Life Orb\n|\n|-heal|p1a: Rillaboom|21\/100|[from] Grassy Terrain\n|upkeep\n|turn|19\n|j| xxCOALLAxx\n|\n|t:|1701141976\n|switch|p1a: Great Tusk|Great Tusk|100\/100\n|-enditem|p1a: Great Tusk|Booster Energy\n|-activate|p1a: Great Tusk|ability: Protosynthesis|[fromitem]\n|-start|p1a: Great Tusk|protosynthesisspe\n|move|p2a: Dragonite|Extreme Speed|p1a: Great Tusk\n|-damage|p1a: Great Tusk|82\/100\n|\n|-heal|p1a: Great Tusk|88\/100|[from] Grassy Terrain\n|upkeep\n|turn|20\n|\n|t:|1701141979\n|switch|p2a: Clefable|Clefable, M|100\/100\n|move|p1a: Great Tusk|Bulk Up|p1a: Great Tusk\n|-boost|p1a: Great Tusk|atk|1\n|-boost|p1a: Great Tusk|def|1\n|\n|-heal|p1a: Great Tusk|95\/100|[from] Grassy Terrain\n|upkeep\n|turn|21\n|\n|t:|1701141991\n|-terastallize|p1a: Great Tusk|Poison\n|move|p1a: Great Tusk|High Horsepower|p2a: Clefable\n|-damage|p2a: Clefable|22\/100\n|move|p2a: Clefable|Moonblast|p1a: Great Tusk\n|-resisted|p1a: Great Tusk\n|-damage|p1a: Great Tusk|58\/100\n|\n|-heal|p1a: Great Tusk|64\/100|[from] Grassy Terrain\n|-heal|p2a: Clefable|28\/100|[from] Grassy Terrain\n|-fieldend|move: Grassy Terrain\n|upkeep\n|turn|22\n|\n|t:|1701141998\n|move|p1a: Great Tusk|Ice Spinner|p2a: Clefable\n|-damage|p2a: Clefable|0 fnt\n|faint|p2a: Clefable\n|\n|upkeep\n|\n|t:|1701142001\n|switch|p2a: Clodsire|Clodsire, F|100\/100\n|turn|23\n|\n|t:|1701142009\n|-terastallize|p2a: Clodsire|Water\n|move|p1a: Great Tusk|High Horsepower|p2a: Clodsire\n|-damage|p2a: Clodsire|52\/100\n|move|p2a: Clodsire|Stealth Rock|p1a: Great Tusk\n|-sidestart|p1: Ill Kennedy yall|move: Stealth Rock\n|\n|upkeep\n|turn|24\n|l| Rainbow Chrome\n|j| higgsfuckingboson\n|inactive|Ill Kennedy yall has 120 seconds left.\n|\n|t:|1701142050\n|move|p1a: Great Tusk|High Horsepower|p2a: Clodsire\n|-damage|p2a: Clodsire|10\/100\n|move|p2a: Clodsire|Recover|p2a: Clodsire\n|-heal|p2a: Clodsire|60\/100\n|\n|upkeep\n|turn|25\n|\n|t:|1701142062\n|-end|p1a: Great Tusk|Protosynthesis|[silent]\n|switch|p1a: Rillaboom|Rillaboom, F|21\/100\n|-damage|p1a: Rillaboom|9\/100|[from] Stealth Rock\n|-fieldstart|move: Grassy Terrain|[from] ability: Grassy Surge|[of] p1a: Rillaboom\n|move|p2a: Clodsire|Recover|p2a: Clodsire\n|-heal|p2a: Clodsire|100\/100\n|\n|-heal|p1a: Rillaboom|15\/100|[from] Grassy Terrain\n|upkeep\n|turn|26\n|\n|t:|1701142071\n|switch|p2a: Dragonite|Dragonite, F|95\/100\n|move|p1a: Rillaboom|Knock Off|p2a: Dragonite\n|-damage|p2a: Dragonite|51\/100\n|-enditem|p2a: Dragonite|Heavy-Duty Boots|[from] move: Knock Off|[of] p1a: Rillaboom\n|-damage|p1a: Rillaboom|5\/100|[from] item: Life Orb\n|\n|-heal|p1a: Rillaboom|11\/100|[from] Grassy Terrain\n|upkeep\n|turn|27\n|inactive|Ill Kennedy yall has 120 seconds left.\n|\n|t:|1701142088\n|switch|p1a: Great Tusk|Great Tusk, tera:Poison|64\/100\n|-damage|p1a: Great Tusk|51\/100|[from] Stealth Rock\n|move|p2a: Dragonite|Roost|p2a: Dragonite\n|-heal|p2a: Dragonite|100\/100\n|-singleturn|p2a: Dragonite|move: Roost\n|\n|-heal|p1a: Great Tusk|58\/100|[from] Grassy Terrain\n|upkeep\n|turn|28\n|\n|t:|1701142091\n|switch|p2a: Tornadus|Tornadus-Therian, M|72\/100\n|move|p1a: Great Tusk|Bulk Up|p1a: Great Tusk\n|-boost|p1a: Great Tusk|atk|1\n|-boost|p1a: Great Tusk|def|1\n|\n|-heal|p1a: Great Tusk|64\/100|[from] Grassy Terrain\n|upkeep\n|turn|29\n|j| dahuangluo\n|\n|t:|1701142103\n|move|p2a: Tornadus|U-turn|p1a: Great Tusk\n|-resisted|p1a: Great Tusk\n|-damage|p1a: Great Tusk|61\/100\n|\n|t:|1701142104\n|switch|p2a: Clodsire|Clodsire, F, tera:Water|100\/100|[from] U-turn\n|move|p1a: Great Tusk|Ice Spinner|p2a: Clodsire\n|-resisted|p2a: Clodsire\n|-damage|p2a: Clodsire|88\/100\n|-fieldend|move: Grassy Terrain\n|\n|upkeep\n|turn|30\n|\n|t:|1701142113\n|move|p1a: Great Tusk|Rapid Spin|p2a: Clodsire\n|-damage|p2a: Clodsire|73\/100\n|-boost|p1a: Great Tusk|spe|1\n|-sideend|p1: Ill Kennedy yall|Stealth Rock|[from] move: Rapid Spin|[of] p1a: Great Tusk\n|move|p2a: Clodsire|Recover|p2a: Clodsire\n|-heal|p2a: Clodsire|100\/100\n|\n|upkeep\n|turn|31\n|\n|t:|1701142117\n|move|p1a: Great Tusk|High Horsepower|p2a: Clodsire\n|-damage|p2a: Clodsire|52\/100\n|move|p2a: Clodsire|Earthquake|p1a: Great Tusk\n|-supereffective|p1a: Great Tusk\n|-damage|p1a: Great Tusk|27\/100\n|\n|upkeep\n|turn|32\n|\n|t:|1701142124\n|move|p1a: Great Tusk|High Horsepower|p2a: Clodsire\n|-damage|p2a: Clodsire|5\/100\n|move|p2a: Clodsire|Earthquake|p1a: Great Tusk\n|-supereffective|p1a: Great Tusk\n|-damage|p1a: Great Tusk|0 fnt\n|faint|p1a: Great Tusk\n|-end|p1a: Great Tusk|Protosynthesis|[silent]\n|\n|upkeep\n|l| VicBossMG\n|\n|t:|1701142139\n|switch|p1a: Rillaboom|Rillaboom, F|11\/100\n|-fieldstart|move: Grassy Terrain|[from] ability: Grassy Surge|[of] p1a: Rillaboom\n|turn|33\n|\n|t:|1701142142\n|move|p1a: Rillaboom|Swords Dance|p1a: Rillaboom\n|-boost|p1a: Rillaboom|atk|2\n|move|p2a: Clodsire|Poison Jab|p1a: Rillaboom\n|-supereffective|p1a: Rillaboom\n|-damage|p1a: Rillaboom|0 fnt\n|faint|p1a: Rillaboom\n|\n|-heal|p2a: Clodsire|12\/100|[from] Grassy Terrain\n|upkeep\n|\n|t:|1701142144\n|switch|p1a: Gholdengo|Gholdengo|54\/100\n|turn|34\n|\n|t:|1701142147\n|switch|p2a: Tornadus|Tornadus-Therian, M|100\/100\n|move|p1a: Gholdengo|Shadow Ball|p2a: Tornadus\n|-damage|p2a: Tornadus|52\/100\n|\n|-heal|p1a: Gholdengo|60\/100|[from] Grassy Terrain\n|upkeep\n|turn|35\n|l| dahuangluo\n|j| NicksRokaya\n|j| OUVT Zamorakism\n|inactive|Ill Kennedy yall has 120 seconds left.\n|\n|t:|1701142178\n|move|p2a: Tornadus|Heat Wave|p1a: Gholdengo\n|-supereffective|p1a: Gholdengo\n|-damage|p1a: Gholdengo|0 fnt\n|faint|p1a: Gholdengo\n|\n|win|ch1ck3n nu99ets\n|raw|Ill Kennedy yall's rating: 1861 &rarr; <strong>1843<\/strong><br \/>(-18 for losing)\n|raw|ch1ck3n nu99ets's rating: 1893 &rarr; <strong>1911<\/strong><br \/>(+18 for winning)\n|l|\u203dIll Kennedy yall\n|l| diyuenji\n|l| hades0soul\n|l|\u2606ch1ck3n nu99ets\n|l| higgsfuckingboson\n","uploadtime":1701142291,"views":3,"p1id":"illkennedyyall","p2id":"ch1ck3nnu99ets","formatid":"gen9ou","rating":1843,"private":0,"password":""}