{"id":"gen9ou-1991374841","p1":"asceofspades","p2":"syah7991","format":"[Gen 9] OU","log":"|j|\u2606asceofspades\n|j|\u2606syah7991\n|t:|1700071850\n|gametype|singles\n|player|p1|asceofspades|101|1587\n|player|p2|syah7991|brycenman|1520\n|teamsize|p1|6\n|teamsize|p2|6\n|gen|9\n|tier|[Gen 9] OU\n|rated|\n|rule|Sleep Clause Mod: Limit one foe put to sleep\n|rule|Species Clause: Limit one of each Pok\u00e9mon\n|rule|OHKO Clause: OHKO moves are banned\n|rule|Evasion Items Clause: Evasion items are banned\n|rule|Evasion Moves Clause: Evasion moves are banned\n|rule|Endless Battle Clause: Forcing endless battles is banned\n|rule|HP Percentage Mod: HP is shown in percentages\n|clearpoke\n|poke|p1|Heatran, M|\n|poke|p1|Ogerpon-Wellspring, F|\n|poke|p1|Landorus-Therian, M|\n|poke|p1|Manaphy|\n|poke|p1|Dragapult, F|\n|poke|p1|Great Tusk|\n|poke|p2|Slowking-Galar, F|\n|poke|p2|Electrode-Hisui|\n|poke|p2|Hatterene, F|\n|poke|p2|Gastrodon-East, F|\n|poke|p2|Mienshao, F|\n|poke|p2|Corviknight, F|\n|teampreview\n|j| Noobmaster567\n|inactive|Battle timer is ON: inactive players will automatically lose when time's up. (requested by syah7991)\n|\n|t:|1700071870\n|start\n|switch|p1a: Heatran|Heatran, M|100\/100\n|switch|p2a: Mienshao|Mienshao, F|100\/100\n|turn|1\n|\n|t:|1700071877\n|switch|p1a: Landorus|Landorus-Therian, M|100\/100\n|-ability|p1a: Landorus|Intimidate|boost\n|-unboost|p2a: Mienshao|atk|1\n|move|p2a: Mienshao|Knock Off|p1a: Landorus\n|-damage|p1a: Landorus|87\/100\n|-damage|p2a: Mienshao|84\/100|[from] item: Rocky Helmet|[of] p1a: Landorus\n|-enditem|p1a: Landorus|Rocky Helmet|[from] move: Knock Off|[of] p2a: Mienshao\n|\n|upkeep\n|turn|2\n|\n|t:|1700071890\n|switch|p1a: Heatran|Heatran, M|100\/100\n|move|p2a: Mienshao|U-turn|p1a: Heatran\n|-resisted|p1a: Heatran\n|-damage|p1a: Heatran|98\/100\n|\n|t:|1700071896\n|switch|p2a: Slowking|Slowking-Galar, F|100\/100|[from] U-turn\n|\n|-heal|p1a: Heatran|100\/100|[from] item: Leftovers\n|upkeep\n|turn|3\n|\n|t:|1700071904\n|switch|p1a: Landorus|Landorus-Therian, M|87\/100\n|-ability|p1a: Landorus|Intimidate|boost\n|-unboost|p2a: Slowking|atk|1\n|move|p2a: Slowking|Trick|p1a: Landorus\n|-activate|p2a: Slowking|move: Trick|[of] p1a: Landorus\n|-item|p1a: Landorus|Black Sludge|[from] move: Trick\n|-enditem|p2a: Slowking|Black Sludge|[silent]|[from] move: Trick\n|\n|-damage|p1a: Landorus|74\/100|[from] item: Black Sludge\n|upkeep\n|turn|4\n|\n|t:|1700071917\n|switch|p2a: Mienshao|Mienshao, F|100\/100\n|move|p1a: Landorus|U-turn|p2a: Mienshao\n|-resisted|p2a: Mienshao\n|-damage|p2a: Mienshao|82\/100\n|inactive|asceofspades has 120 seconds left.\n|\n|t:|1700071946\n|switch|p1a: Ogerpon|Ogerpon-Wellspring, F|100\/100|[from] U-turn\n|\n|upkeep\n|turn|5\n|\n|t:|1700071974\n|switch|p1a: Landorus|Landorus-Therian, M|74\/100\n|-ability|p1a: Landorus|Intimidate|boost\n|-unboost|p2a: Mienshao|atk|1\n|move|p2a: Mienshao|U-turn|p1a: Landorus\n|-resisted|p1a: Landorus\n|-damage|p1a: Landorus|70\/100\n|\n|t:|1700071980\n|switch|p2a: Electrode|Electrode-Hisui|100\/100|[from] U-turn\n|\n|-damage|p1a: Landorus|57\/100|[from] item: Black Sludge\n|upkeep\n|turn|6\n|\n|t:|1700071989\n|switch|p1a: Heatran|Heatran, M|100\/100\n|move|p2a: Electrode|Leaf Storm|p1a: Heatran\n|-resisted|p1a: Heatran\n|-damage|p1a: Heatran|93\/100\n|-unboost|p2a: Electrode|spa|2\n|\n|-heal|p1a: Heatran|99\/100|[from] item: Leftovers\n|upkeep\n|turn|7\n|\n|t:|1700071999\n|move|p2a: Electrode|Volt Switch|p1a: Heatran\n|-damage|p1a: Heatran|91\/100\n|\n|t:|1700072002\n|switch|p2a: Slowking|Slowking-Galar, F|100\/100|[from] Volt Switch\n|move|p1a: Heatran|Magma Storm|p2a: Slowking\n|-damage|p2a: Slowking|74\/100\n|-activate|p2a: Slowking|move: Magma Storm|[of] p1a: Heatran\n|\n|-heal|p1a: Heatran|98\/100|[from] item: Leftovers\n|-damage|p2a: Slowking|62\/100|[from] move: Magma Storm|[partiallytrapped]\n|upkeep\n|turn|8\n|\n|t:|1700072020\n|move|p1a: Heatran|Taunt|p2a: Slowking\n|-start|p2a: Slowking|move: Taunt\n|cant|p2a: Slowking|move: Taunt|Chilly Reception\n|\n|-heal|p1a: Heatran|100\/100|[from] item: Leftovers\n|-damage|p2a: Slowking|49\/100|[from] move: Magma Storm|[partiallytrapped]\n|upkeep\n|turn|9\n|\n|t:|1700072032\n|move|p1a: Heatran|Protect|p1a: Heatran\n|-singleturn|p1a: Heatran|Protect\n|move|p2a: Slowking|Future Sight|p1a: Heatran\n|-start|p2a: Slowking|move: Future Sight\n|\n|-damage|p2a: Slowking|37\/100|[from] move: Magma Storm|[partiallytrapped]\n|upkeep\n|turn|10\n|\n|t:|1700072037\n|move|p1a: Heatran|Earth Power|p2a: Slowking\n|-supereffective|p2a: Slowking\n|-damage|p2a: Slowking|7\/100\n|move|p2a: Slowking|Sludge Bomb|p1a: Heatran\n|-immune|p1a: Heatran\n|\n|-damage|p2a: Slowking|0 fnt|[from] move: Magma Storm|[partiallytrapped]\n|faint|p2a: Slowking\n|upkeep\n|\n|t:|1700072041\n|switch|p2a: Mienshao|Mienshao, F|100\/100\n|turn|11\n|\n|t:|1700072050\n|move|p1a: Heatran|Protect|p1a: Heatran\n|-singleturn|p1a: Heatran|Protect\n|move|p2a: Mienshao|Close Combat|p1a: Heatran\n|-activate|p1a: Heatran|move: Protect\n|\n|-end|p1a: Heatran|move: Future Sight\n|-resisted|p1a: Heatran\n|-damage|p1a: Heatran|86\/100\n|-heal|p1a: Heatran|92\/100|[from] item: Leftovers\n|upkeep\n|turn|12\n|l| Noobmaster567\n|\n|t:|1700072062\n|move|p2a: Mienshao|Knock Off|p1a: Heatran\n|-damage|p1a: Heatran|65\/100\n|-enditem|p1a: Heatran|Leftovers|[from] move: Knock Off|[of] p2a: Mienshao\n|move|p1a: Heatran|Magma Storm|p2a: Mienshao\n|-damage|p2a: Mienshao|49\/100\n|-activate|p2a: Mienshao|move: Magma Storm|[of] p1a: Heatran\n|\n|-damage|p2a: Mienshao|37\/100|[from] move: Magma Storm|[partiallytrapped]\n|upkeep\n|turn|13\n|\n|t:|1700072072\n|move|p1a: Heatran|Protect|p1a: Heatran\n|-singleturn|p1a: Heatran|Protect\n|move|p2a: Mienshao|Close Combat|p1a: Heatran\n|-activate|p1a: Heatran|move: Protect\n|\n|-damage|p2a: Mienshao|25\/100|[from] move: Magma Storm|[partiallytrapped]\n|upkeep\n|turn|14\n|\n|t:|1700072081\n|switch|p1a: Landorus|Landorus-Therian, M|57\/100\n|-ability|p1a: Landorus|Intimidate|boost\n|-unboost|p2a: Mienshao|atk|1\n|move|p2a: Mienshao|U-turn|p1a: Landorus\n|-resisted|p1a: Landorus\n|-damage|p1a: Landorus|52\/100\n|\n|t:|1700072087\n|switch|p2a: Electrode|Electrode-Hisui|100\/100|[from] U-turn\n|\n|-damage|p1a: Landorus|40\/100|[from] item: Black Sludge\n|upkeep\n|turn|15\n|\n|t:|1700072097\n|move|p2a: Electrode|Leech Seed|p1a: Landorus\n|-start|p1a: Landorus|move: Leech Seed\n|move|p1a: Landorus|Stealth Rock|p2a: Electrode\n|-sidestart|p2: syah7991|move: Stealth Rock\n|\n|-damage|p1a: Landorus|28\/100|[from] item: Black Sludge\n|-damage|p1a: Landorus|15\/100|[from] Leech Seed|[of] p2a: Electrode\n|upkeep\n|turn|16\n|\n|t:|1700072106\n|switch|p1a: Heatran|Heatran, M|65\/100\n|move|p2a: Electrode|Leaf Storm|p1a: Heatran\n|-resisted|p1a: Heatran\n|-damage|p1a: Heatran|57\/100\n|-unboost|p2a: Electrode|spa|2\n|\n|upkeep\n|turn|17\n|\n|t:|1700072116\n|move|p2a: Electrode|Volt Switch|p1a: Heatran\n|-damage|p1a: Heatran|48\/100\n|\n|t:|1700072118\n|switch|p2a: Gastrodon|Gastrodon-East, F|100\/100|[from] Volt Switch\n|-damage|p2a: Gastrodon|94\/100|[from] Stealth Rock\n|move|p1a: Heatran|Magma Storm|p2a: Gastrodon\n|-resisted|p2a: Gastrodon\n|-damage|p2a: Gastrodon|81\/100\n|-activate|p2a: Gastrodon|move: Magma Storm|[of] p1a: Heatran\n|\n|-heal|p2a: Gastrodon|87\/100|[from] item: Leftovers\n|-damage|p2a: Gastrodon|75\/100|[from] move: Magma Storm|[partiallytrapped]\n|upkeep\n|turn|18\n|\n|t:|1700072135\n|switch|p1a: Ogerpon|Ogerpon-Wellspring, F|100\/100\n|move|p2a: Gastrodon|Chilling Water|p1a: Ogerpon\n|-immune|p1a: Ogerpon|[from] ability: Water Absorb\n|\n|-heal|p2a: Gastrodon|81\/100|[from] item: Leftovers\n|-end|p2a: Gastrodon|Magma Storm|[partiallytrapped]|[silent]\n|upkeep\n|turn|19\n|\n|t:|1700072141\n|switch|p2a: Electrode|Electrode-Hisui|100\/100\n|-damage|p2a: Electrode|88\/100|[from] Stealth Rock\n|move|p1a: Ogerpon|Swords Dance|p1a: Ogerpon\n|-boost|p1a: Ogerpon|atk|2\n|\n|upkeep\n|turn|20\n|\n|t:|1700072152\n|switch|p1a: Heatran|Heatran, M|48\/100\n|move|p2a: Electrode|Volt Switch|p1a: Heatran\n|-damage|p1a: Heatran|32\/100\n|\n|t:|1700072155\n|switch|p2a: Mienshao|Mienshao, F|58\/100|[from] Volt Switch\n|-damage|p2a: Mienshao|52\/100|[from] Stealth Rock\n|\n|upkeep\n|turn|21\n|\n|t:|1700072168\n|switch|p1a: Landorus|Landorus-Therian, M|15\/100\n|-ability|p1a: Landorus|Intimidate|boost\n|-unboost|p2a: Mienshao|atk|1\n|move|p2a: Mienshao|Close Combat|p1a: Landorus\n|-resisted|p1a: Landorus\n|-damage|p1a: Landorus|2\/100\n|-unboost|p2a: Mienshao|def|1\n|-unboost|p2a: Mienshao|spd|1\n|\n|-damage|p1a: Landorus|0 fnt|[from] item: Black Sludge\n|faint|p1a: Landorus\n|upkeep\n|\n|t:|1700072187\n|switch|p1a: Ogerpon|Ogerpon-Wellspring, F|100\/100\n|turn|22\n|\n|t:|1700072214\n|move|p1a: Ogerpon|Ivy Cudgel|p2a: Mienshao|[anim] Ivy Cudgel Water\n|-crit|p2a: Mienshao\n|-damage|p2a: Mienshao|0 fnt\n|faint|p2a: Mienshao\n|\n|upkeep\n|\n|t:|1700072216\n|switch|p2a: Electrode|Electrode-Hisui|88\/100\n|-damage|p2a: Electrode|76\/100|[from] Stealth Rock\n|turn|23\n|\n|t:|1700072231\n|switch|p1a: Heatran|Heatran, M|32\/100\n|move|p2a: Electrode|Thunderbolt|p1a: Heatran\n|-damage|p1a: Heatran|11\/100\n|\n|upkeep\n|turn|24\n|inactive|syah7991 has 120 seconds left.\n|\n|t:|1700072262\n|move|p2a: Electrode|Thunderbolt|p1a: Heatran\n|-crit|p1a: Heatran\n|-damage|p1a: Heatran|0 fnt\n|faint|p1a: Heatran\n|\n|upkeep\n|\n|t:|1700072278\n|switch|p1a: Dragapult|Dragapult, F|100\/100\n|turn|25\n|\n|t:|1700072292\n|move|p2a: Electrode|Volt Switch|p1a: Dragapult\n|-resisted|p1a: Dragapult\n|-damage|p1a: Dragapult|83\/100\n|\n|t:|1700072294\n|switch|p2a: Gastrodon|Gastrodon-East, F|81\/100|[from] Volt Switch\n|-damage|p2a: Gastrodon|75\/100|[from] Stealth Rock\n|move|p1a: Dragapult|Substitute|p1a: Dragapult\n|-start|p1a: Dragapult|Substitute\n|-damage|p1a: Dragapult|59\/100\n|\n|-heal|p1a: Dragapult|65\/100|[from] item: Leftovers\n|-heal|p2a: Gastrodon|81\/100|[from] item: Leftovers\n|upkeep\n|turn|26\n|\n|t:|1700072308\n|move|p1a: Dragapult|Dragon Darts|p2a: Gastrodon\n|-damage|p2a: Gastrodon|58\/100\n|-anim|p1a: Dragapult|Dragon Darts|p2a: Gastrodon\n|-crit|p2a: Gastrodon\n|-damage|p2a: Gastrodon|23\/100\n|move|p2a: Gastrodon|Chilling Water|p1a: Dragapult\n|-resisted|p1a: Dragapult\n|-activate|p1a: Dragapult|move: Substitute|[damage]\n|\n|-heal|p1a: Dragapult|71\/100|[from] item: Leftovers\n|-heal|p2a: Gastrodon|29\/100|[from] item: Leftovers\n|upkeep\n|turn|27\n|inactive|syah7991 has 120 seconds left.\n|\n|t:|1700072348\n|move|p1a: Dragapult|Dragon Darts|p2a: Gastrodon\n|-damage|p2a: Gastrodon|7\/100\n|-anim|p1a: Dragapult|Dragon Darts|p2a: Gastrodon\n|-crit|p2a: Gastrodon\n|-damage|p2a: Gastrodon|0 fnt\n|faint|p2a: Gastrodon\n|\n|-heal|p1a: Dragapult|77\/100|[from] item: Leftovers\n|upkeep\n|\n|t:|1700072351\n|switch|p2a: Electrode|Electrode-Hisui|76\/100\n|-damage|p2a: Electrode|64\/100|[from] Stealth Rock\n|turn|28\n|inactive|syah7991 has 120 seconds left.\n|\n|t:|1700072361\n|move|p2a: Electrode|Thunderbolt|p1a: Dragapult\n|-resisted|p1a: Dragapult\n|-end|p1a: Dragapult|Substitute\n|move|p1a: Dragapult|Hex|p2a: Electrode\n|-damage|p2a: Electrode|21\/100\n|\n|-heal|p1a: Dragapult|83\/100|[from] item: Leftovers\n|upkeep\n|turn|29\n|inactive|syah7991 has 120 seconds left.\n|inactive|asceofspades has 120 seconds left.\n|inactive|syah7991 has 90 seconds left.\n|\n|t:|1700072417\n|move|p2a: Electrode|Leech Seed|p1a: Dragapult\n|-start|p1a: Dragapult|move: Leech Seed\n|move|p1a: Dragapult|Hex|p2a: Electrode\n|-damage|p2a: Electrode|0 fnt\n|faint|p2a: Electrode\n|\n|-heal|p1a: Dragapult|89\/100|[from] item: Leftovers\n|upkeep\n|\n|t:|1700072419\n|switch|p2a: Hatterene|Hatterene, F|100\/100\n|-damage|p2a: Hatterene|88\/100|[from] Stealth Rock\n|turn|30\n|inactive|asceofspades has 120 seconds left.\n|inactive|asceofspades has 90 seconds left.\n|\n|t:|1700072468\n|switch|p1a: Ogerpon|Ogerpon-Wellspring, F|100\/100\n|move|p2a: Hatterene|Calm Mind|p2a: Hatterene\n|-boost|p2a: Hatterene|spa|1\n|-boost|p2a: Hatterene|spd|1\n|\n|-heal|p2a: Hatterene|94\/100|[from] item: Leftovers\n|upkeep\n|turn|31\n|inactive|syah7991 has 90 seconds left.\n|inactive|syah7991 has 60 seconds left.\n|\n|t:|1700072506\n|-terastallize|p1a: Ogerpon|Water\n|detailschange|p1a: Ogerpon|Ogerpon-Wellspring-Tera, F, tera:Water\n|-ability|p1a: Ogerpon|Embody Aspect (Wellspring)|boost\n|-boost|p1a: Ogerpon|spd|1\n|move|p1a: Ogerpon|Ivy Cudgel|p2a: Hatterene|[anim] Ivy Cudgel Water\n|-damage|p2a: Hatterene|23\/100\n|move|p2a: Hatterene|Draining Kiss|p1a: Ogerpon\n|-damage|p1a: Ogerpon|74\/100\n|-heal|p2a: Hatterene|41\/100|[from] drain|[of] p1a: Ogerpon\n|\n|-heal|p2a: Hatterene|47\/100|[from] item: Leftovers\n|upkeep\n|turn|32\n|inactive|asceofspades has 60 seconds left.\n|\n|t:|1700072523\n|-terastallize|p2a: Hatterene|Water\n|move|p1a: Ogerpon|Swords Dance|p1a: Ogerpon\n|-boost|p1a: Ogerpon|atk|2\n|move|p2a: Hatterene|Psyshock|p1a: Ogerpon\n|-damage|p1a: Ogerpon|6\/100\n|\n|-heal|p2a: Hatterene|53\/100|[from] item: Leftovers\n|upkeep\n|turn|33\n|\n|t:|1700072530\n|move|p1a: Ogerpon|Horn Leech|p2a: Hatterene\n|-supereffective|p2a: Hatterene\n|-damage|p2a: Hatterene|0 fnt\n|-heal|p1a: Ogerpon|34\/100|[from] drain|[of] p2a: Hatterene\n|faint|p2a: Hatterene\n|\n|upkeep\n|-message|syah7991 forfeited.\n|\n|win|asceofspades\n|raw|asceofspades's rating: 1587 &rarr; <strong>1603<\/strong><br \/>(+16 for winning)\n|raw|syah7991's rating: 1520 &rarr; <strong>1504<\/strong><br \/>(-16 for losing)\n|l|\u2606syah7991\n","uploadtime":1700072543,"views":7,"p1id":"asceofspades","p2id":"syah7991","formatid":"gen9ou","rating":1504,"private":0,"password":""}