{"id":"gen9ou-1988826726","p1":"TacoTuSempai","p2":"Granny Pie","format":"[Gen 9] OU","log":"|j|\u2606TacoTuSempai\n|j|\u2606Granny Pie\n|t:|1699769109\n|gametype|singles\n|player|p1|TacoTuSempai|dragontamer|1239\n|player|p2|Granny Pie|medium|1312\n|teamsize|p1|6\n|teamsize|p2|6\n|gen|9\n|tier|[Gen 9] OU\n|rated|\n|rule|Sleep Clause Mod: Limit one foe put to sleep\n|rule|Species Clause: Limit one of each Pok\u00e9mon\n|rule|OHKO Clause: OHKO moves are banned\n|rule|Evasion Items Clause: Evasion items are banned\n|rule|Evasion Moves Clause: Evasion moves are banned\n|rule|Endless Battle Clause: Forcing endless battles is banned\n|rule|HP Percentage Mod: HP is shown in percentages\n|clearpoke\n|poke|p1|Zapdos|\n|poke|p1|Clefable, M|\n|poke|p1|Gholdengo|\n|poke|p1|Cinderace, M|\n|poke|p1|Gliscor, F|\n|poke|p1|Alomomola, F|\n|poke|p2|Landorus-Therian, M|\n|poke|p2|Slowking-Galar, M|\n|poke|p2|Enamorus, F|\n|poke|p2|Dragapult, M|\n|poke|p2|Zapdos|\n|poke|p2|Dragonite, F|\n|teampreview\n|\n|t:|1699769115\n|start\n|switch|p1a: Gliscor|Gliscor, F|100\/100\n|switch|p2a: Dragapult|Dragapult, M|100\/100\n|turn|1\n|\n|t:|1699769122\n|move|p1a: Gliscor|Protect|p1a: Gliscor\n|-singleturn|p1a: Gliscor|Protect\n|move|p2a: Dragapult|Substitute|p2a: Dragapult\n|-start|p2a: Dragapult|Substitute\n|-damage|p2a: Dragapult|76\/100\n|\n|-heal|p2a: Dragapult|82\/100|[from] item: Leftovers\n|-status|p1a: Gliscor|tox|[from] item: Toxic Orb\n|upkeep\n|turn|2\n|\n|t:|1699769128\n|move|p2a: Dragapult|Dragon Dance|p2a: Dragapult\n|-boost|p2a: Dragapult|atk|1\n|-boost|p2a: Dragapult|spe|1\n|move|p1a: Gliscor|Knock Off|p2a: Dragapult\n|-supereffective|p2a: Dragapult\n|-end|p2a: Dragapult|Substitute\n|\n|-heal|p2a: Dragapult|88\/100|[from] item: Leftovers\n|upkeep\n|turn|3\n|\n|t:|1699769141\n|move|p2a: Dragapult|Dragon Darts|p1a: Gliscor\n|-damage|p1a: Gliscor|73\/100 tox\n|-anim|p2a: Dragapult|Dragon Darts|p1a: Gliscor\n|-damage|p1a: Gliscor|46\/100 tox\n|move|p1a: Gliscor|Knock Off|p2a: Dragapult\n|-supereffective|p2a: Dragapult\n|-damage|p2a: Dragapult|18\/100\n|-enditem|p2a: Dragapult|Leftovers|[from] move: Knock Off|[of] p1a: Gliscor\n|\n|-heal|p1a: Gliscor|58\/100 tox|[from] ability: Poison Heal\n|upkeep\n|turn|4\n|\n|t:|1699769150\n|move|p1a: Gliscor|Protect|p1a: Gliscor\n|-singleturn|p1a: Gliscor|Protect\n|move|p2a: Dragapult|Dragon Darts|p1a: Gliscor\n|-activate|p1a: Gliscor|move: Protect\n|\n|-heal|p1a: Gliscor|70\/100 tox|[from] ability: Poison Heal\n|upkeep\n|turn|5\n|\n|t:|1699769156\n|switch|p1a: Clefable|Clefable, M|100\/100\n|move|p2a: Dragapult|Dragon Darts|p1a: Clefable\n|-immune|p1a: Clefable\n|\n|upkeep\n|turn|6\n|\n|t:|1699769162\n|move|p2a: Dragapult|Phantom Force||[still]\n|-prepare|p2a: Dragapult|Phantom Force\n|move|p1a: Clefable|Moonblast|p2a: Dragapult|[miss]\n|-miss|p1a: Clefable|p2a: Dragapult\n|\n|upkeep\n|turn|7\n|\n|t:|1699769167\n|move|p1a: Clefable|Protect|p1a: Clefable\n|-singleturn|p1a: Clefable|Protect\n|move|p2a: Dragapult|Phantom Force|p1a: Clefable|[from]lockedmove\n|-activate|p1a: Clefable|move: Phantom Force|[broken]\n|-damage|p1a: Clefable|39\/100\n|\n|-heal|p1a: Clefable|45\/100|[from] item: Leftovers\n|upkeep\n|turn|8\n|\n|t:|1699769176\n|move|p2a: Dragapult|Phantom Force||[still]\n|-prepare|p2a: Dragapult|Phantom Force\n|move|p1a: Clefable|Wish|p1a: Clefable\n|\n|-heal|p1a: Clefable|51\/100|[from] item: Leftovers\n|upkeep\n|turn|9\n|\n|t:|1699769194\n|switch|p1a: Alomomola|Alomomola, F|100\/100\n|move|p2a: Dragapult|Phantom Force|p1a: Alomomola|[from]lockedmove\n|-damage|p1a: Alomomola|66\/100\n|-damage|p2a: Dragapult|1\/100|[from] item: Rocky Helmet|[of] p1a: Alomomola\n|\n|-heal|p1a: Alomomola|97\/100|[from] move: Wish|[wisher] Clefable\n|upkeep\n|turn|10\n|\n|t:|1699769203\n|move|p2a: Dragapult|Dragon Darts|p1a: Alomomola\n|-damage|p1a: Alomomola|76\/100\n|-anim|p2a: Dragapult|Dragon Darts|p1a: Alomomola\n|-damage|p1a: Alomomola|57\/100\n|move|p1a: Alomomola|Flip Turn|p2a: Dragapult\n|-resisted|p2a: Dragapult\n|-damage|p2a: Dragapult|0 fnt\n|faint|p2a: Dragapult\n|\n|t:|1699769209\n|switch|p1a: Gliscor|Gliscor, F|70\/100 tox|[from] Flip Turn\n|\n|-heal|p1a: Gliscor|83\/100 tox|[from] ability: Poison Heal\n|upkeep\n|\n|t:|1699769217\n|switch|p2a: Enamorus|Enamorus, F|100\/100\n|turn|11\n|\n|t:|1699769226\n|move|p2a: Enamorus|Moonblast|p1a: Gliscor\n|-damage|p1a: Gliscor|0 fnt\n|faint|p1a: Gliscor\n|\n|upkeep\n|\n|t:|1699769238\n|switch|p1a: Cinderace|Cinderace, M|100\/100\n|turn|12\n|\n|t:|1699769243\n|switch|p2a: Landorus|Landorus-Therian, M|100\/100\n|-ability|p2a: Landorus|Intimidate|boost\n|-unboost|p1a: Cinderace|atk|1\n|move|p1a: Cinderace|Gunk Shot|p2a: Landorus\n|-start|p1a: Cinderace|typechange|Poison|[from] ability: Libero\n|-resisted|p2a: Landorus\n|-damage|p2a: Landorus|69\/100\n|\n|upkeep\n|turn|13\n|\n|t:|1699769260\n|switch|p1a: Alomomola|Alomomola, F|90\/100\n|move|p2a: Landorus|Earthquake|p1a: Alomomola\n|-damage|p1a: Alomomola|62\/100\n|\n|upkeep\n|turn|14\n|\n|t:|1699769271\n|switch|p2a: Zapdos|Zapdos|100\/100\n|move|p1a: Alomomola|Wish|p1a: Alomomola\n|\n|upkeep\n|turn|15\n|\n|t:|1699769280\n|switch|p1a: Clefable|Clefable, M|51\/100\n|move|p2a: Zapdos|Thunderbolt|p1a: Clefable\n|-damage|p1a: Clefable|11\/100\n|-status|p1a: Clefable|par\n|\n|-heal|p1a: Clefable|92\/100 par|[from] move: Wish|[wisher] Alomomola\n|-heal|p1a: Clefable|98\/100 par|[from] item: Leftovers\n|upkeep\n|turn|16\n|\n|t:|1699769290\n|switch|p2a: Slowking|Slowking-Galar, M|100\/100\n|move|p1a: Clefable|Wish|p1a: Clefable\n|\n|-heal|p1a: Clefable|100\/100 par|[from] item: Leftovers\n|upkeep\n|turn|17\n|\n|t:|1699769309\n|switch|p1a: Zapdos|Zapdos|100\/100\n|-ability|p1a: Zapdos|Pressure\n|move|p2a: Slowking|Future Sight|p1a: Zapdos\n|-start|p2a: Slowking|move: Future Sight\n|\n|upkeep\n|turn|18\n|\n|t:|1699769315\n|move|p1a: Zapdos|Substitute|p1a: Zapdos\n|-start|p1a: Zapdos|Substitute\n|-damage|p1a: Zapdos|76\/100\n|move|p2a: Slowking|Sludge Bomb|p1a: Zapdos\n|-end|p1a: Zapdos|Substitute\n|\n|-heal|p1a: Zapdos|82\/100|[from] item: Leftovers\n|upkeep\n|turn|19\n|\n|t:|1699769326\n|move|p1a: Zapdos|Substitute|p1a: Zapdos\n|-start|p1a: Zapdos|Substitute\n|-damage|p1a: Zapdos|57\/100\n|move|p2a: Slowking|Sludge Bomb|p1a: Zapdos\n|-end|p1a: Zapdos|Substitute\n|\n|-end|p1a: Zapdos|move: Future Sight\n|-damage|p1a: Zapdos|4\/100\n|-heal|p1a: Zapdos|10\/100|[from] item: Leftovers\n|upkeep\n|turn|20\n|\n|t:|1699769338\n|move|p1a: Zapdos|Roost|p1a: Zapdos\n|-heal|p1a: Zapdos|61\/100\n|-singleturn|p1a: Zapdos|move: Roost\n|move|p2a: Slowking|Future Sight|p1a: Zapdos\n|-start|p2a: Slowking|move: Future Sight\n|\n|-heal|p1a: Zapdos|67\/100|[from] item: Leftovers\n|upkeep\n|turn|21\n|\n|t:|1699769355\n|switch|p1a: Clefable|Clefable, M|100\/100 par\n|move|p2a: Slowking|Sludge Bomb|p1a: Clefable\n|-supereffective|p1a: Clefable\n|-damage|p1a: Clefable|51\/100 par\n|\n|-heal|p1a: Clefable|57\/100 par|[from] item: Leftovers\n|upkeep\n|turn|22\n|\n|t:|1699769369\n|switch|p1a: Alomomola|Alomomola, F|95\/100\n|move|p2a: Slowking|Sludge Bomb|p1a: Alomomola\n|-damage|p1a: Alomomola|56\/100\n|-status|p1a: Alomomola|psn\n|\n|-end|p1a: Alomomola|move: Future Sight\n|-damage|p1a: Alomomola|1\/100 psn\n|-damage|p1a: Alomomola|0 fnt|[from] psn\n|faint|p1a: Alomomola\n|upkeep\n|\n|t:|1699769379\n|switch|p1a: Gholdengo|Gholdengo|100\/100\n|-item|p1a: Gholdengo|Air Balloon\n|turn|23\n|\n|t:|1699769387\n|move|p1a: Gholdengo|Shadow Ball|p2a: Slowking\n|-supereffective|p2a: Slowking\n|-damage|p2a: Slowking|33\/100\n|move|p2a: Slowking|Future Sight|p1a: Gholdengo\n|-start|p2a: Slowking|move: Future Sight\n|\n|upkeep\n|turn|24\n|\n|t:|1699769407\n|switch|p2a: Zapdos|Zapdos|100\/100\n|move|p1a: Gholdengo|Shadow Ball|p2a: Zapdos\n|-damage|p2a: Zapdos|52\/100\n|-unboost|p2a: Zapdos|spd|1\n|\n|upkeep\n|turn|25\n|\n|t:|1699769418\n|move|p2a: Zapdos|Thunderbolt|p1a: Gholdengo\n|-damage|p1a: Gholdengo|46\/100\n|-enditem|p1a: Gholdengo|Air Balloon\n|move|p1a: Gholdengo|Shadow Ball|p2a: Zapdos\n|-damage|p2a: Zapdos|0 fnt\n|faint|p2a: Zapdos\n|\n|-end|p1a: Gholdengo|move: Future Sight\n|-resisted|p1a: Gholdengo\n|-crit|p1a: Gholdengo\n|-damage|p1a: Gholdengo|8\/100\n|upkeep\n|\n|t:|1699769431\n|switch|p2a: Enamorus|Enamorus, F|100\/100\n|turn|26\n|\n|t:|1699769438\n|switch|p1a: Cinderace|Cinderace, M|100\/100\n|move|p2a: Enamorus|Moonblast|p1a: Cinderace\n|-resisted|p1a: Cinderace\n|-damage|p1a: Cinderace|42\/100\n|\n|upkeep\n|turn|27\n|\n|t:|1699769449\n|switch|p2a: Landorus|Landorus-Therian, M|69\/100\n|-ability|p2a: Landorus|Intimidate|boost\n|-unboost|p1a: Cinderace|atk|1\n|move|p1a: Cinderace|U-turn|p2a: Landorus\n|-start|p1a: Cinderace|typechange|Bug|[from] ability: Libero\n|-resisted|p2a: Landorus\n|-damage|p2a: Landorus|50\/100\n|\n|t:|1699769459\n|switch|p1a: Clefable|Clefable, M|57\/100 par|[from] U-turn\n|\n|-heal|p1a: Clefable|63\/100 par|[from] item: Leftovers\n|upkeep\n|turn|28\n|\n|t:|1699769463\n|move|p2a: Landorus|U-turn|p1a: Clefable\n|-resisted|p1a: Clefable\n|-damage|p1a: Clefable|45\/100 par\n|\n|t:|1699769465\n|switch|p2a: Slowking|Slowking-Galar, M|66\/100|[from] U-turn\n|move|p1a: Clefable|Wish|p1a: Clefable\n|\n|-heal|p1a: Clefable|51\/100 par|[from] item: Leftovers\n|upkeep\n|turn|29\n|\n|t:|1699769474\n|switch|p1a: Gholdengo|Gholdengo|8\/100\n|move|p2a: Slowking|Future Sight|p1a: Gholdengo\n|-start|p2a: Slowking|move: Future Sight\n|\n|-heal|p1a: Gholdengo|61\/100|[from] move: Wish|[wisher] Clefable\n|upkeep\n|turn|30\n|\n|t:|1699769482\n|move|p1a: Gholdengo|Shadow Ball|p2a: Slowking\n|-supereffective|p2a: Slowking\n|-damage|p2a: Slowking|0 fnt\n|faint|p2a: Slowking\n|\n|upkeep\n|\n|t:|1699769495\n|switch|p2a: Enamorus|Enamorus, F|100\/100\n|turn|31\n|\n|t:|1699769504\n|move|p2a: Enamorus|Mystical Fire|p1a: Gholdengo\n|-supereffective|p1a: Gholdengo\n|-damage|p1a: Gholdengo|0 fnt\n|faint|p1a: Gholdengo\n|\n|-hint|Future Sight did not hit because the target is fainted.\n|upkeep\n|\n|t:|1699769517\n|switch|p1a: Cinderace|Cinderace, M|42\/100\n|turn|32\n|\n|t:|1699769520\n|switch|p2a: Landorus|Landorus-Therian, M|50\/100\n|-ability|p2a: Landorus|Intimidate|boost\n|-unboost|p1a: Cinderace|atk|1\n|move|p1a: Cinderace|Gunk Shot|p2a: Landorus\n|-start|p1a: Cinderace|typechange|Poison|[from] ability: Libero\n|-resisted|p2a: Landorus\n|-damage|p2a: Landorus|18\/100\n|\n|upkeep\n|turn|33\n|\n|t:|1699769532\n|move|p2a: Landorus|Stone Edge|p1a: Cinderace\n|-damage|p1a: Cinderace|0 fnt\n|faint|p1a: Cinderace\n|\n|upkeep\n|\n|t:|1699769536\n|switch|p1a: Clefable|Clefable, M|51\/100 par\n|turn|34\n|\n|t:|1699769539\n|move|p2a: Landorus|Stone Edge|p1a: Clefable\n|-damage|p1a: Clefable|0 fnt\n|faint|p1a: Clefable\n|\n|upkeep\n|\n|t:|1699769542\n|switch|p1a: Zapdos|Zapdos|67\/100\n|-ability|p1a: Zapdos|Pressure\n|turn|35\n|\n|t:|1699769546\n|move|p2a: Landorus|Stone Edge|p1a: Zapdos|[miss]\n|-miss|p2a: Landorus|p1a: Zapdos\n|move|p1a: Zapdos|Substitute|p1a: Zapdos\n|-start|p1a: Zapdos|Substitute\n|-damage|p1a: Zapdos|42\/100\n|\n|-heal|p1a: Zapdos|48\/100|[from] item: Leftovers\n|upkeep\n|turn|36\n|c|\u2606Granny Pie|Real\n|\n|t:|1699769553\n|move|p2a: Landorus|Stone Edge|p1a: Zapdos\n|-supereffective|p1a: Zapdos\n|-end|p1a: Zapdos|Substitute\n|move|p1a: Zapdos|Roost|p1a: Zapdos\n|-heal|p1a: Zapdos|98\/100\n|-singleturn|p1a: Zapdos|move: Roost\n|\n|-heal|p1a: Zapdos|100\/100|[from] item: Leftovers\n|upkeep\n|turn|37\n|\n|t:|1699769561\n|move|p2a: Landorus|Stone Edge|p1a: Zapdos\n|-supereffective|p1a: Zapdos\n|-damage|p1a: Zapdos|10\/100\n|move|p1a: Zapdos|Roost|p1a: Zapdos\n|-heal|p1a: Zapdos|60\/100\n|-singleturn|p1a: Zapdos|move: Roost\n|\n|-heal|p1a: Zapdos|67\/100|[from] item: Leftovers\n|upkeep\n|turn|38\n|\n|t:|1699769568\n|switch|p2a: Enamorus|Enamorus, F|100\/100\n|move|p1a: Zapdos|Substitute|p1a: Zapdos\n|-start|p1a: Zapdos|Substitute\n|-damage|p1a: Zapdos|42\/100\n|\n|-heal|p1a: Zapdos|48\/100|[from] item: Leftovers\n|upkeep\n|turn|39\n|\n|t:|1699769574\n|move|p2a: Enamorus|Moonblast|p1a: Zapdos\n|-end|p1a: Zapdos|Substitute\n|move|p1a: Zapdos|Roost|p1a: Zapdos\n|-heal|p1a: Zapdos|98\/100\n|-singleturn|p1a: Zapdos|move: Roost\n|\n|-heal|p1a: Zapdos|100\/100|[from] item: Leftovers\n|upkeep\n|turn|40\n|\n|t:|1699769582\n|move|p2a: Enamorus|Moonblast|p1a: Zapdos\n|-damage|p1a: Zapdos|13\/100\n|-unboost|p1a: Zapdos|spa|1\n|move|p1a: Zapdos|Substitute|p1a: Zapdos\n|-fail|p1a: Zapdos|move: Substitute|[weak]\n|\n|-heal|p1a: Zapdos|20\/100|[from] item: Leftovers\n|upkeep\n|turn|41\n|-message|TacoTuSempai forfeited.\n|\n|win|Granny Pie\n|raw|TacoTuSempai's rating: 1239 &rarr; <strong>1219<\/strong><br \/>(-20 for losing)\n|raw|Granny Pie's rating: 1312 &rarr; <strong>1328<\/strong><br \/>(+16 for winning)\n|l|\u2606TacoTuSempai\n|c|\u2606Granny Pie|gg\n","uploadtime":1699769593,"views":9,"p1id":"tacotusempai","p2id":"grannypie","formatid":"gen9ou","rating":1219,"private":0,"password":""}