{"id":"gen9ou-1995512517","p1":"Smoore996","p2":"astroland","format":"[Gen 9] OU","log":"|j|\u203dSmoore996\n|j|\u2606astroland\n|t:|1700578621\n|gametype|singles\n|player|p1|Smoore996|volo|1108\n|player|p2|astroland|brock|1146\n|teamsize|p1|6\n|teamsize|p2|6\n|gen|9\n|tier|[Gen 9] OU\n|rated|\n|rule|Sleep Clause Mod: Limit one foe put to sleep\n|rule|Species Clause: Limit one of each Pok\u00e9mon\n|rule|OHKO Clause: OHKO moves are banned\n|rule|Evasion Items Clause: Evasion items are banned\n|rule|Evasion Moves Clause: Evasion moves are banned\n|rule|Endless Battle Clause: Forcing endless battles is banned\n|rule|HP Percentage Mod: HP is shown in percentages\n|clearpoke\n|poke|p1|Decidueye-Hisui, M|\n|poke|p1|Rillaboom, M|\n|poke|p1|Jumpluff, M|\n|poke|p1|Ogerpon-Wellspring, F|\n|poke|p1|Tyranitar, M|\n|poke|p1|Iron Treads|\n|poke|p2|Dondozo, M|\n|poke|p2|Zapdos|\n|poke|p2|Samurott-Hisui, M|\n|poke|p2|Hatterene, F|\n|poke|p2|Dragapult, M|\n|poke|p2|Gholdengo|\n|teampreview\n|inactive|Battle timer is ON: inactive players will automatically lose when time's up. (requested by astroland)\n|\n|t:|1700578635\n|start\n|switch|p1a: Rillaboom|Rillaboom, M, shiny|100\/100\n|switch|p2a: Samurott|Samurott-Hisui, M|100\/100\n|-fieldstart|move: Grassy Terrain|[from] ability: Grassy Surge|[of] p1a: Rillaboom\n|turn|1\n|\n|t:|1700578656\n|switch|p2a: Zapdos|Zapdos|100\/100\n|move|p1a: Rillaboom|Bulk Up|p1a: Rillaboom\n|-boost|p1a: Rillaboom|atk|1\n|-boost|p1a: Rillaboom|def|1\n|\n|upkeep\n|turn|2\n|\n|t:|1700578664\n|move|p1a: Rillaboom|Grassy Glide|p2a: Zapdos\n|-resisted|p2a: Zapdos\n|-damage|p2a: Zapdos|78\/100\n|-damage|p1a: Rillaboom|84\/100|[from] item: Rocky Helmet|[of] p2a: Zapdos\n|move|p2a: Zapdos|Heat Wave|p1a: Rillaboom\n|-supereffective|p1a: Rillaboom\n|-crit|p1a: Rillaboom\n|-damage|p1a: Rillaboom|0 fnt\n|faint|p1a: Rillaboom\n|\n|upkeep\n|\n|t:|1700578674\n|switch|p1a: Tyranitar|Tyranitar, M, shiny|100\/100\n|-weather|Sandstorm|[from] ability: Sand Stream|[of] p1a: Tyranitar\n|turn|3\n|\n|t:|1700578682\n|switch|p2a: Hatterene|Hatterene, F|100\/100\n|move|p1a: Tyranitar|Rock Slide|p2a: Hatterene\n|-damage|p2a: Hatterene|57\/100\n|\n|-weather|Sandstorm|[upkeep]\n|-damage|p2a: Hatterene|50\/100|[from] Sandstorm\n|-heal|p2a: Hatterene|57\/100|[from] Grassy Terrain\n|upkeep\n|turn|4\n|\n|t:|1700578694\n|move|p1a: Tyranitar|Crunch|p2a: Hatterene\n|-damage|p2a: Hatterene|7\/100\n|move|p2a: Hatterene|Draining Kiss|p1a: Tyranitar\n|-supereffective|p1a: Tyranitar\n|-damage|p1a: Tyranitar|66\/100\n|-heal|p2a: Hatterene|38\/100|[from] drain|[of] p1a: Tyranitar\n|\n|-weather|Sandstorm|[upkeep]\n|-damage|p2a: Hatterene|32\/100|[from] Sandstorm\n|-heal|p1a: Tyranitar|72\/100|[from] Grassy Terrain\n|-heal|p1a: Tyranitar|78\/100|[from] item: Leftovers\n|-heal|p2a: Hatterene|38\/100|[from] Grassy Terrain\n|upkeep\n|turn|5\n|\n|t:|1700578708\n|switch|p2a: Dondozo|Dondozo, M|100\/100\n|move|p1a: Tyranitar|Crunch|p2a: Dondozo\n|-damage|p2a: Dondozo|74\/100\n|-unboost|p2a: Dondozo|def|1\n|\n|-weather|Sandstorm|[upkeep]\n|-damage|p2a: Dondozo|68\/100|[from] Sandstorm\n|-heal|p1a: Tyranitar|84\/100|[from] Grassy Terrain\n|-heal|p1a: Tyranitar|90\/100|[from] item: Leftovers\n|-heal|p2a: Dondozo|74\/100|[from] Grassy Terrain\n|upkeep\n|turn|6\n|\n|t:|1700578721\n|switch|p1a: Ogerpon|Ogerpon-Wellspring, F|100\/100\n|move|p2a: Dondozo|Curse|p2a: Dondozo\n|-unboost|p2a: Dondozo|spe|1\n|-boost|p2a: Dondozo|atk|1\n|-boost|p2a: Dondozo|def|1\n|\n|-weather|Sandstorm|[upkeep]\n|-damage|p1a: Ogerpon|94\/100|[from] Sandstorm\n|-damage|p2a: Dondozo|68\/100|[from] Sandstorm\n|-heal|p1a: Ogerpon|100\/100|[from] Grassy Terrain\n|-heal|p2a: Dondozo|74\/100|[from] Grassy Terrain\n|upkeep\n|turn|7\n|\n|t:|1700578734\n|switch|p2a: Zapdos|Zapdos|78\/100\n|move|p1a: Ogerpon|Horn Leech|p2a: Zapdos\n|-resisted|p2a: Zapdos\n|-damage|p2a: Zapdos|51\/100\n|-damage|p1a: Ogerpon|84\/100|[from] item: Rocky Helmet|[of] p2a: Zapdos\n|-status|p1a: Ogerpon|par|[from] ability: Static|[of] p2a: Zapdos\n|\n|-weather|none\n|-heal|p1a: Ogerpon|90\/100 par|[from] Grassy Terrain\n|upkeep\n|turn|8\n|inactive|astroland has 120 seconds left.\n|\n|t:|1700578766\n|switch|p1a: Tyranitar|Tyranitar, M, shiny|90\/100\n|-weather|Sandstorm|[from] ability: Sand Stream|[of] p1a: Tyranitar\n|move|p2a: Zapdos|Roost|p2a: Zapdos\n|-heal|p2a: Zapdos|100\/100\n|-singleturn|p2a: Zapdos|move: Roost\n|\n|-weather|Sandstorm|[upkeep]\n|-damage|p2a: Zapdos|94\/100|[from] Sandstorm\n|-heal|p2a: Zapdos|100\/100|[from] Grassy Terrain\n|-heal|p1a: Tyranitar|96\/100|[from] Grassy Terrain\n|-heal|p1a: Tyranitar|100\/100|[from] item: Leftovers\n|-fieldend|move: Grassy Terrain\n|upkeep\n|turn|9\n|inactive|astroland has 120 seconds left.\n|\n|t:|1700578781\n|switch|p2a: Dondozo|Dondozo, M|74\/100\n|move|p1a: Tyranitar|Crunch|p2a: Dondozo\n|-damage|p2a: Dondozo|44\/100\n|\n|-weather|Sandstorm|[upkeep]\n|-damage|p2a: Dondozo|38\/100|[from] Sandstorm\n|upkeep\n|turn|10\n|\n|t:|1700578789\n|move|p1a: Tyranitar|Crunch|p2a: Dondozo\n|-damage|p2a: Dondozo|8\/100\n|-unboost|p2a: Dondozo|def|1\n|-enditem|p2a: Dondozo|Aguav Berry|[eat]\n|-heal|p2a: Dondozo|41\/100|[from] item: Aguav Berry\n|move|p2a: Dondozo|Aqua Tail|p1a: Tyranitar\n|-supereffective|p1a: Tyranitar\n|-crit|p1a: Tyranitar\n|-damage|p1a: Tyranitar|5\/100\n|\n|-weather|Sandstorm|[upkeep]\n|-damage|p2a: Dondozo|35\/100|[from] Sandstorm\n|-heal|p1a: Tyranitar|11\/100|[from] item: Leftovers\n|upkeep\n|turn|11\n|inactive|astroland has 120 seconds left.\n|\n|t:|1700578813\n|switch|p2a: Zapdos|Zapdos|100\/100\n|move|p1a: Tyranitar|Crunch|p2a: Zapdos\n|-damage|p2a: Zapdos|63\/100\n|-unboost|p2a: Zapdos|def|1\n|-damage|p1a: Tyranitar|0 fnt|[from] item: Rocky Helmet|[of] p2a: Zapdos\n|faint|p1a: Tyranitar\n|\n|-weather|Sandstorm|[upkeep]\n|-damage|p2a: Zapdos|57\/100|[from] Sandstorm\n|upkeep\n|\n|t:|1700578825\n|switch|p1a: Iron Treads|Iron Treads|100\/100\n|turn|12\n|inactive|astroland has 120 seconds left.\n|inactive|astroland has 90 seconds left.\n|\n|t:|1700578875\n|switch|p2a: Dondozo|Dondozo, M|35\/100\n|move|p1a: Iron Treads|Ice Spinner|p2a: Dondozo\n|-resisted|p2a: Dondozo\n|-crit|p2a: Dondozo\n|-damage|p2a: Dondozo|19\/100\n|-damage|p1a: Iron Treads|91\/100|[from] item: Life Orb\n|\n|-weather|none\n|upkeep\n|turn|13\n|inactive|astroland has 90 seconds left.\n|\n|t:|1700578885\n|move|p1a: Iron Treads|Earthquake|p2a: Dondozo\n|-damage|p2a: Dondozo|0 fnt\n|faint|p2a: Dondozo\n|-damage|p1a: Iron Treads|81\/100|[from] item: Life Orb\n|\n|upkeep\n|inactive|astroland has 90 seconds left.\n|\n|t:|1700578906\n|switch|p2a: Zapdos|Zapdos|57\/100\n|turn|14\n|\n|t:|1700578919\n|-terastallize|p2a: Zapdos|Electric\n|move|p1a: Iron Treads|Ice Spinner|p2a: Zapdos\n|-damage|p2a: Zapdos|28\/100\n|-damage|p1a: Iron Treads|64\/100|[from] item: Rocky Helmet|[of] p2a: Zapdos\n|-damage|p1a: Iron Treads|54\/100|[from] item: Life Orb\n|move|p2a: Zapdos|Roost|p2a: Zapdos\n|-heal|p2a: Zapdos|78\/100\n|\n|upkeep\n|turn|15\n|\n|t:|1700578944\n|switch|p2a: Hatterene|Hatterene, F|38\/100\n|move|p1a: Iron Treads|Earthquake|p2a: Hatterene\n|-crit|p2a: Hatterene\n|-damage|p2a: Hatterene|0 fnt\n|faint|p2a: Hatterene\n|-damage|p1a: Iron Treads|44\/100|[from] item: Life Orb\n|\n|upkeep\n|\n|t:|1700578945\n|switch|p2a: Samurott|Samurott-Hisui, M|100\/100\n|turn|16\n|\n|t:|1700578956\n|-end|p1a: Iron Treads|Quark Drive|[silent]\n|switch|p1a: Ogerpon|Ogerpon-Wellspring, F|90\/100 par\n|move|p2a: Samurott|Aqua Cutter|p1a: Ogerpon\n|-heal|p1a: Ogerpon|100\/100 par|[from] ability: Water Absorb|[of] p2a: Samurott\n|\n|upkeep\n|turn|17\n|inactive|astroland has 60 seconds left.\n|\n|t:|1700578989\n|switch|p2a: Zapdos|Zapdos, tera:Electric|78\/100\n|cant|p1a: Ogerpon|par\n|\n|upkeep\n|turn|18\n|inactive|astroland has 60 seconds left.\n|\n|t:|1700579004\n|-terastallize|p1a: Ogerpon|Water\n|detailschange|p1a: Ogerpon|Ogerpon-Wellspring-Tera, F, tera:Water\n|-ability|p1a: Ogerpon|Embody Aspect (Wellspring)|boost\n|-boost|p1a: Ogerpon|spd|1\n|move|p2a: Zapdos|Heat Wave|p1a: Ogerpon\n|-resisted|p1a: Ogerpon\n|-damage|p1a: Ogerpon|88\/100 par\n|move|p1a: Ogerpon|Ivy Cudgel|p2a: Zapdos|[anim] Ivy Cudgel Water\n|-damage|p2a: Zapdos|10\/100\n|\n|upkeep\n|turn|19\n|inactive|astroland has 60 seconds left.\n|\n|t:|1700579016\n|switch|p1a: Iron Treads|Iron Treads|44\/100\n|move|p2a: Zapdos|Discharge|p1a: Iron Treads\n|-immune|p1a: Iron Treads\n|\n|upkeep\n|turn|20\n|\n|t:|1700579023\n|move|p1a: Iron Treads|Earthquake|p2a: Zapdos\n|-supereffective|p2a: Zapdos\n|-damage|p2a: Zapdos|0 fnt\n|faint|p2a: Zapdos\n|-damage|p1a: Iron Treads|34\/100|[from] item: Life Orb\n|\n|upkeep\n|\n|t:|1700579027\n|switch|p2a: Samurott|Samurott-Hisui, M|100\/100\n|turn|21\n|\n|t:|1700579035\n|-end|p1a: Iron Treads|Quark Drive|[silent]\n|switch|p1a: Decidueye|Decidueye-Hisui, M, shiny|100\/100\n|move|p2a: Samurott|Ceaseless Edge|p1a: Decidueye\n|-resisted|p1a: Decidueye\n|-damage|p1a: Decidueye|66\/100\n|-sidestart|p1: Smoore996|Spikes\n|-damage|p2a: Samurott|91\/100|[from] item: Life Orb\n|\n|upkeep\n|turn|22\n|\n|t:|1700579048\n|switch|p2a: Dragapult|Dragapult, M|100\/100\n|move|p1a: Decidueye|Bulk Up|p1a: Decidueye\n|-boost|p1a: Decidueye|atk|1\n|-boost|p1a: Decidueye|def|1\n|\n|upkeep\n|turn|23\n|\n|t:|1700579055\n|move|p1a: Decidueye|Sucker Punch|p2a: Dragapult\n|-supereffective|p2a: Dragapult\n|-damage|p2a: Dragapult|19\/100\n|move|p2a: Dragapult|Dragon Darts|p1a: Decidueye\n|-damage|p1a: Decidueye|51\/100\n|-anim|p2a: Dragapult|Dragon Darts|p1a: Decidueye\n|-damage|p1a: Decidueye|34\/100\n|-enditem|p1a: Decidueye|Sitrus Berry|[eat]\n|-heal|p1a: Decidueye|59\/100|[from] item: Sitrus Berry\n|\n|upkeep\n|turn|24\n|inactive|astroland has 90 seconds left.\n|\n|t:|1700579076\n|switch|p2a: Gholdengo|Gholdengo|100\/100\n|move|p1a: Decidueye|Triple Arrows|p2a: Gholdengo\n|-supereffective|p2a: Gholdengo\n|-damage|p2a: Gholdengo|0 fnt\n|faint|p2a: Gholdengo\n|\n|upkeep\n|-message|astroland forfeited.\n|\n|win|Smoore996\n|raw|Smoore996's rating: 1108 &rarr; <strong>1136<\/strong><br \/>(+28 for winning)\n|raw|astroland's rating: 1146 &rarr; <strong>1118<\/strong><br \/>(-28 for losing)\n|l|\u2606astroland\n","uploadtime":1700579089,"views":3,"p1id":"smoore996","p2id":"astroland","formatid":"gen9ou","rating":1118,"private":0,"password":""}