{"id":"gen9ou-1989016885","p1":"HelloHelloHollow","p2":"Electricratman","format":"[Gen 9] OU","log":"|j|\u2606HelloHelloHollow\n|j|\u2606Electricratman\n|t:|1699802628\n|gametype|singles\n|player|p1|HelloHelloHollow|265|1105\n|player|p2|Electricratman|2|1105\n|teamsize|p1|6\n|teamsize|p2|6\n|gen|9\n|tier|[Gen 9] OU\n|rated|\n|rule|Sleep Clause Mod: Limit one foe put to sleep\n|rule|Species Clause: Limit one of each Pok\u00e9mon\n|rule|OHKO Clause: OHKO moves are banned\n|rule|Evasion Items Clause: Evasion items are banned\n|rule|Evasion Moves Clause: Evasion moves are banned\n|rule|Endless Battle Clause: Forcing endless battles is banned\n|rule|HP Percentage Mod: HP is shown in percentages\n|clearpoke\n|poke|p1|Torterra, F|\n|poke|p1|Ninetales-Alola, M|\n|poke|p1|Azelf|\n|poke|p1|Haxorus, M|\n|poke|p1|Quaquaval, F|\n|poke|p1|Ceruledge, M|\n|poke|p2|Dondozo, M|\n|poke|p2|Venomoth, F|\n|poke|p2|Salazzle, F|\n|poke|p2|Quaquaval, F|\n|poke|p2|Landorus-Therian, M|\n|poke|p2|Gholdengo|\n|teampreview\n|\n|t:|1699802647\n|start\n|switch|p1a: Azelf|Azelf, shiny|100\/100\n|switch|p2a: Gholdengo|Gholdengo|100\/100\n|turn|1\n|\n|t:|1699802659\n|move|p1a: Azelf|Stealth Rock|p2a: Gholdengo\n|-sidestart|p2: Electricratman|move: Stealth Rock\n|move|p2a: Gholdengo|Nasty Plot|p2a: Gholdengo\n|-boost|p2a: Gholdengo|spa|2\n|\n|upkeep\n|turn|2\n|\n|t:|1699802683\n|move|p1a: Azelf|Knock Off|p2a: Gholdengo\n|-supereffective|p2a: Gholdengo\n|-damage|p2a: Gholdengo|41\/100\n|-enditem|p2a: Gholdengo|Covert Cloak|[from] move: Knock Off|[of] p1a: Azelf\n|move|p2a: Gholdengo|Nasty Plot|p2a: Gholdengo\n|-boost|p2a: Gholdengo|spa|2\n|\n|upkeep\n|turn|3\n|\n|t:|1699802701\n|-terastallize|p2a: Gholdengo|Steel\n|move|p1a: Azelf|Knock Off|p2a: Gholdengo\n|-crit|p2a: Gholdengo\n|-damage|p2a: Gholdengo|11\/100\n|move|p2a: Gholdengo|Make It Rain|p1a: Azelf\n|-enditem|p1a: Azelf|Focus Sash\n|-damage|p1a: Azelf|1\/100\n|-unboost|p2a: Gholdengo|spa|1\n|\n|upkeep\n|turn|4\n|\n|t:|1699802714\n|move|p1a: Azelf|Knock Off|p2a: Gholdengo\n|-damage|p2a: Gholdengo|0 fnt\n|faint|p2a: Gholdengo\n|\n|upkeep\n|\n|t:|1699802720\n|switch|p2a: Quaquaval|Quaquaval, F|100\/100\n|turn|5\n|\n|t:|1699802728\n|move|p2a: Quaquaval|Aqua Jet|p1a: Azelf\n|-damage|p1a: Azelf|0 fnt\n|faint|p1a: Azelf\n|-ability|p2a: Quaquaval|Moxie|boost\n|-boost|p2a: Quaquaval|atk|1\n|\n|upkeep\n|\n|t:|1699802737\n|switch|p1a: Ninetales|Ninetales-Alola, M, shiny|100\/100\n|-weather|Snow|[from] ability: Snow Warning|[of] p1a: Ninetales\n|turn|6\n|\n|t:|1699802753\n|move|p2a: Quaquaval|Rapid Spin|p1a: Ninetales\n|-damage|p1a: Ninetales|80\/100\n|-boost|p2a: Quaquaval|spe|1\n|-sideend|p2: Electricratman|Stealth Rock|[from] move: Rapid Spin|[of] p2a: Quaquaval\n|move|p1a: Ninetales|Roar|p2a: Quaquaval\n|drag|p2a: Dondozo|Dondozo, M|100\/100\n|\n|-weather|Snow|[upkeep]\n|upkeep\n|turn|7\n|\n|t:|1699802764\n|move|p1a: Ninetales|Aurora Veil|p1a: Ninetales\n|-sidestart|p1: HelloHelloHollow|move: Aurora Veil\n|move|p2a: Dondozo|Heavy Slam|p1a: Ninetales\n|-supereffective|p1a: Ninetales\n|-damage|p1a: Ninetales|12\/100\n|\n|-weather|Snow|[upkeep]\n|upkeep\n|turn|8\n|\n|t:|1699802784\n|switch|p1a: Torterra|Torterra, F|100\/100\n|move|p2a: Dondozo|Liquidation|p1a: Torterra\n|-damage|p1a: Torterra|80\/100\n|\n|-weather|Snow|[upkeep]\n|upkeep\n|turn|9\n|\n|t:|1699802800\n|switch|p2a: Landorus|Landorus-Therian, M|100\/100\n|-ability|p2a: Landorus|Intimidate|boost\n|-unboost|p1a: Torterra|atk|1\n|move|p1a: Torterra|Shell Smash|p1a: Torterra\n|-unboost|p1a: Torterra|def|1\n|-unboost|p1a: Torterra|spd|1\n|-boost|p1a: Torterra|atk|2\n|-boost|p1a: Torterra|spa|2\n|-boost|p1a: Torterra|spe|2\n|\n|-weather|Snow|[upkeep]\n|upkeep\n|turn|10\n|\n|t:|1699802819\n|move|p1a: Torterra|Shell Smash|p1a: Torterra\n|-unboost|p1a: Torterra|def|1\n|-unboost|p1a: Torterra|spd|1\n|-boost|p1a: Torterra|atk|2\n|-boost|p1a: Torterra|spa|2\n|-boost|p1a: Torterra|spe|2\n|move|p2a: Landorus|Stealth Rock|p1a: Torterra\n|-sidestart|p1: HelloHelloHollow|move: Stealth Rock\n|\n|-weather|none\n|upkeep\n|turn|11\n|\n|t:|1699802829\n|move|p1a: Torterra|Bullet Seed|p2a: Landorus\n|-damage|p2a: Landorus|65\/100\n|-damage|p2a: Landorus|29\/100\n|-damage|p2a: Landorus|0 fnt\n|faint|p2a: Landorus\n|-hitcount|p2: Landorus|3\n|\n|upkeep\n|\n|t:|1699802856\n|switch|p2a: Salazzle|Salazzle, F|100\/100\n|turn|12\n|\n|t:|1699802881\n|-terastallize|p1a: Torterra|Electric\n|move|p1a: Torterra|Tera Blast|p2a: Salazzle|[anim] Tera Blast Electric\n|-enditem|p2a: Salazzle|Focus Sash\n|-damage|p2a: Salazzle|1\/100\n|move|p2a: Salazzle|Flamethrower|p1a: Torterra\n|-damage|p1a: Torterra|34\/100\n|\n|upkeep\n|turn|13\n|\n|t:|1699802893\n|move|p1a: Torterra|Bullet Seed|p2a: Salazzle\n|-resisted|p2a: Salazzle\n|-damage|p2a: Salazzle|0 fnt\n|faint|p2a: Salazzle\n|-hitcount|p2: Salazzle|1\n|\n|upkeep\n|\n|t:|1699802921\n|switch|p2a: Dondozo|Dondozo, M|100\/100\n|turn|14\n|\n|t:|1699802935\n|move|p1a: Torterra|Bullet Seed|p2a: Dondozo\n|-supereffective|p2a: Dondozo\n|-damage|p2a: Dondozo|86\/100\n|-supereffective|p2a: Dondozo\n|-damage|p2a: Dondozo|71\/100\n|-supereffective|p2a: Dondozo\n|-damage|p2a: Dondozo|56\/100\n|-supereffective|p2a: Dondozo\n|-damage|p2a: Dondozo|41\/100\n|-hitcount|p2a: Dondozo|4\n|move|p2a: Dondozo|Liquidation|p1a: Torterra\n|-damage|p1a: Torterra|15\/100\n|\n|-heal|p2a: Dondozo|47\/100|[from] item: Leftovers\n|-sideend|p1: HelloHelloHollow|move: Aurora Veil\n|upkeep\n|turn|15\n|\n|t:|1699802969\n|move|p1a: Torterra|Bullet Seed|p2a: Dondozo\n|-supereffective|p2a: Dondozo\n|-damage|p2a: Dondozo|30\/100\n|-supereffective|p2a: Dondozo\n|-damage|p2a: Dondozo|16\/100\n|-supereffective|p2a: Dondozo\n|-damage|p2a: Dondozo|0 fnt\n|faint|p2a: Dondozo\n|-hitcount|p2: Dondozo|3\n|\n|upkeep\n|\n|t:|1699802984\n|switch|p2a: Quaquaval|Quaquaval, F|100\/100\n|turn|16\n|\n|t:|1699802994\n|switch|p1a: Quaquaval|Quaquaval, F|100\/100\n|-damage|p1a: Quaquaval|94\/100|[from] Stealth Rock\n|move|p2a: Quaquaval|Aqua Jet|p1a: Quaquaval\n|-resisted|p1a: Quaquaval\n|-damage|p1a: Quaquaval|84\/100\n|\n|upkeep\n|turn|17\n|\n|t:|1699803012\n|move|p2a: Quaquaval|Aqua Step|p1a: Quaquaval\n|-resisted|p1a: Quaquaval\n|-damage|p1a: Quaquaval|61\/100\n|-boost|p2a: Quaquaval|spe|1\n|move|p1a: Quaquaval|Knock Off|p2a: Quaquaval\n|-resisted|p2a: Quaquaval\n|-damage|p2a: Quaquaval|81\/100\n|-enditem|p2a: Quaquaval|Heavy-Duty Boots|[from] move: Knock Off|[of] p1a: Quaquaval\n|\n|upkeep\n|turn|18\n|\n|t:|1699803027\n|move|p2a: Quaquaval|Aqua Step|p1a: Quaquaval\n|-resisted|p1a: Quaquaval\n|-damage|p1a: Quaquaval|40\/100\n|-boost|p2a: Quaquaval|spe|1\n|move|p1a: Quaquaval|Close Combat|p2a: Quaquaval\n|-damage|p2a: Quaquaval|8\/100\n|-unboost|p1a: Quaquaval|def|1\n|-unboost|p1a: Quaquaval|spd|1\n|\n|upkeep\n|turn|19\n|\n|t:|1699803063\n|switch|p1a: Haxorus|Haxorus, M, shiny|100\/100\n|-damage|p1a: Haxorus|88\/100|[from] Stealth Rock\n|-ability|p1a: Haxorus|Mold Breaker\n|move|p2a: Quaquaval|Close Combat|p1a: Haxorus\n|-damage|p1a: Haxorus|14\/100\n|-unboost|p2a: Quaquaval|def|1\n|-unboost|p2a: Quaquaval|spd|1\n|\n|upkeep\n|turn|20\n|-message|HelloHelloHollow forfeited.\n|\n|win|Electricratman\n|raw|HelloHelloHollow's rating: 1105 &rarr; <strong>1080<\/strong><br \/>(-25 for losing)\n|raw|Electricratman's rating: 1105 &rarr; <strong>1130<\/strong><br \/>(+25 for winning)\n|l|\u2606HelloHelloHollow\n","uploadtime":1699803086,"views":15,"p1id":"hellohellohollow","p2id":"electricratman","formatid":"gen9ou","rating":1080,"private":0,"password":""}