{"id":"gen9ou-1995857204","p1":"Masocha","p2":"anonymeowz","format":"[Gen 9] OU","log":"|j|\u2606Masocha\n|j|\u2606anonymeowz\n|t:|1700610281\n|gametype|singles\n|player|p1|Masocha|nurse|\n|player|p2|anonymeowz|colress|\n|teamsize|p1|6\n|teamsize|p2|6\n|gen|9\n|tier|[Gen 9] OU\n|rule|Sleep Clause Mod: Limit one foe put to sleep\n|rule|Species Clause: Limit one of each Pok\u00e9mon\n|rule|OHKO Clause: OHKO moves are banned\n|rule|Evasion Items Clause: Evasion items are banned\n|rule|Evasion Moves Clause: Evasion moves are banned\n|rule|Endless Battle Clause: Forcing endless battles is banned\n|rule|HP Percentage Mod: HP is shown in percentages\n|clearpoke\n|poke|p1|Ogerpon-Wellspring, F|\n|poke|p1|Gyarados, F|\n|poke|p1|Fezandipiti, M|\n|poke|p1|Garganacl, F|\n|poke|p1|Scream Tail|\n|poke|p1|Zoroark-Hisui, F|\n|poke|p2|Alomomola, M|\n|poke|p2|Clodsire, M|\n|poke|p2|Ursaluna, M|\n|poke|p2|Tatsugiri-Stretchy, M|\n|poke|p2|Lurantis, M|\n|poke|p2|Hoopa|\n|teampreview\n|j| cr46290\n|c| cr46290|meow\n|\n|t:|1700610319\n|start\n|switch|p1a: Atomic Bomb|Scream Tail|100\/100\n|switch|p2a: druid|Clodsire, M|100\/100\n|turn|1\n|\n|t:|1700610326\n|move|p1a: Atomic Bomb|Psychic Fangs|p2a: druid\n|-supereffective|p2a: druid\n|-damage|p2a: druid|54\/100\n|move|p2a: druid|Stealth Rock|p1a: Atomic Bomb\n|-sidestart|p1: Masocha|move: Stealth Rock\n|\n|-heal|p2a: druid|60\/100|[from] item: Leftovers\n|upkeep\n|turn|2\n|\n|t:|1700610335\n|switch|p2a: cleric|Alomomola, M, shiny|100\/100\n|move|p1a: Atomic Bomb|Perish Song|p1a: Atomic Bomb\n|-start|p1a: Atomic Bomb|perish3|[silent]\n|-start|p2a: cleric|perish3|[silent]\n|-fieldactivate|move: Perish Song\n|\n|-start|p1a: Atomic Bomb|perish3\n|-start|p2a: cleric|perish3\n|upkeep\n|turn|3\n|\n|t:|1700610342\n|move|p1a: Atomic Bomb|Protect|p1a: Atomic Bomb\n|-singleturn|p1a: Atomic Bomb|Protect\n|move|p2a: cleric|Flip Turn|p1a: Atomic Bomb\n|-activate|p1a: Atomic Bomb|move: Protect\n|\n|-start|p1a: Atomic Bomb|perish2\n|-start|p2a: cleric|perish2\n|upkeep\n|turn|4\n|\n|t:|1700610350\n|move|p1a: Atomic Bomb|Psychic Fangs|p2a: cleric\n|-damage|p2a: cleric|90\/100\n|move|p2a: cleric|Flip Turn|p1a: Atomic Bomb\n|-damage|p1a: Atomic Bomb|89\/100\n|-damage|p2a: cleric|74\/100|[from] item: Rocky Helmet|[of] p1a: Atomic Bomb\n|\n|t:|1700610363\n|switch|p2a: fighter|Lurantis, M|100\/100|[from] Flip Turn\n|\n|-start|p1a: Atomic Bomb|perish1\n|upkeep\n|turn|5\n|\n|t:|1700610375\n|-end|p1a: Atomic Bomb|Protosynthesis|[silent]\n|switch|p1a: Femboy Rights|Fezandipiti, M|100\/100\n|-damage|p1a: Femboy Rights|88\/100|[from] Stealth Rock\n|switch|p2a: rogue|Hoopa|100\/100\n|\n|upkeep\n|turn|6\n|\n|t:|1700610389\n|move|p2a: rogue|Psyshock|p1a: Femboy Rights\n|-supereffective|p1a: Femboy Rights\n|-damage|p1a: Femboy Rights|0 fnt\n|faint|p1a: Femboy Rights\n|\n|upkeep\n|\n|t:|1700610396\n|switch|p1a: Himalayan|Garganacl, F, shiny|100\/100\n|-damage|p1a: Himalayan|88\/100|[from] Stealth Rock\n|turn|7\n|\n|t:|1700610407\n|move|p1a: Himalayan|Bitter Malice|p2a: rogue\n|-supereffective|p2a: rogue\n|-damage|p2a: rogue|3\/100\n|-unboost|p2a: rogue|atk|1\n|move|p2a: rogue|Shadow Ball|p1a: Himalayan\n|-immune|p1a: Himalayan\n|\n|upkeep\n|turn|8\n|\n|t:|1700610428\n|move|p1a: Himalayan|Bitter Malice|p2a: rogue\n|-supereffective|p2a: rogue\n|-damage|p2a: rogue|0 fnt\n|faint|p2a: rogue\n|\n|upkeep\n|\n|t:|1700610467\n|switch|p2a: barbarian|Ursaluna, M|100\/100\n|turn|9\n|\n|t:|1700610473\n|move|p1a: Himalayan|U-turn|p2a: barbarian\n|-damage|p2a: barbarian|90\/100\n|\n|t:|1700610476\n|switch|p1a: Dos Hoes Mad|Gyarados, F, shiny|100\/100|[from] U-turn\n|-damage|p1a: Dos Hoes Mad|76\/100|[from] Stealth Rock\n|-ability|p1a: Dos Hoes Mad|Intimidate|boost\n|-unboost|p2a: barbarian|atk|1\n|move|p2a: barbarian|Headlong Rush|p1a: Dos Hoes Mad\n|-immune|p1a: Dos Hoes Mad\n|\n|-status|p2a: barbarian|brn|[from] item: Flame Orb\n|upkeep\n|turn|10\n|\n|t:|1700610502\n|switch|p1a: Himalayan|Garganacl, F, shiny|88\/100\n|-damage|p1a: Himalayan|76\/100|[from] Stealth Rock\n|switch|p2a: bard|Tatsugiri-Stretchy, M|100\/100\n|\n|upkeep\n|turn|11\n|\n|t:|1700610510\n|-terastallize|p1a: Himalayan|Fairy\n|move|p2a: bard|Draco Meteor|p1a: Himalayan\n|-immune|p1a: Himalayan\n|move|p1a: Himalayan|Tera Blast|p2a: bard|[anim] Tera Blast Fairy\n|-supereffective|p2a: bard\n|-damage|p2a: bard|0 fnt\n|faint|p2a: bard\n|\n|upkeep\n|\n|t:|1700610524\n|switch|p2a: fighter|Lurantis, M|100\/100\n|turn|12\n|\n|t:|1700610530\n|move|p1a: Himalayan|Will-O-Wisp|p2a: fighter\n|-status|p2a: fighter|brn\n|move|p2a: fighter|Poison Jab|p1a: Himalayan\n|-supereffective|p1a: Himalayan\n|-damage|p1a: Himalayan|2\/100\n|replace|p1a: Two-Faced|Zoroark-Hisui, F\n|-end|p1a: Two-Faced|Illusion\n|-enditem|p1a: Two-Faced|Iapapa Berry|[eat]\n|-heal|p1a: Two-Faced|35\/100|[from] item: Iapapa Berry\n|-damage|p2a: fighter|90\/100 brn|[from] item: Life Orb\n|\n|-damage|p2a: fighter|84\/100 brn|[from] brn\n|upkeep\n|turn|13\n|\n|t:|1700610541\n|move|p1a: Two-Faced|U-turn|p2a: fighter\n|-supereffective|p2a: fighter\n|-damage|p2a: fighter|54\/100 brn\n|\n|t:|1700610547\n|switch|p1a: Himalayan|Garganacl, F, shiny|100\/100|[from] U-turn\n|-damage|p1a: Himalayan|88\/100|[from] Stealth Rock\n|move|p2a: fighter|Poison Jab|p1a: Himalayan\n|-resisted|p1a: Himalayan\n|-damage|p1a: Himalayan|82\/100\n|-damage|p2a: fighter|44\/100 brn|[from] item: Life Orb\n|\n|-heal|p1a: Himalayan|89\/100|[from] item: Leftovers\n|-damage|p2a: fighter|38\/100 brn|[from] brn\n|upkeep\n|turn|14\n|\n|t:|1700610558\n|move|p1a: Himalayan|Protect|p1a: Himalayan\n|-singleturn|p1a: Himalayan|Protect\n|move|p2a: fighter|Superpower|p1a: Himalayan\n|-activate|p1a: Himalayan|move: Protect\n|\n|-heal|p1a: Himalayan|95\/100|[from] item: Leftovers\n|-damage|p2a: fighter|32\/100 brn|[from] brn\n|upkeep\n|turn|15\n|\n|t:|1700610566\n|switch|p1a: Atomic Bomb|Scream Tail|89\/100\n|-damage|p1a: Atomic Bomb|76\/100|[from] Stealth Rock\n|move|p2a: fighter|Superpower|p1a: Atomic Bomb\n|-resisted|p1a: Atomic Bomb\n|-damage|p1a: Atomic Bomb|71\/100\n|-boost|p2a: fighter|atk|1\n|-boost|p2a: fighter|def|1\n|-damage|p2a: fighter|15\/100 brn|[from] item: Rocky Helmet|[of] p1a: Atomic Bomb\n|-damage|p2a: fighter|5\/100 brn|[from] item: Life Orb\n|\n|-damage|p2a: fighter|0 fnt|[from] brn\n|faint|p2a: fighter\n|upkeep\n|\n|t:|1700610577\n|switch|p2a: cleric|Alomomola, M, shiny|100\/100\n|turn|16\n|\n|t:|1700610585\n|move|p1a: Atomic Bomb|Perish Song|p1a: Atomic Bomb\n|-start|p1a: Atomic Bomb|perish3|[silent]\n|-start|p2a: cleric|perish3|[silent]\n|-fieldactivate|move: Perish Song\n|move|p2a: cleric|Wish|p2a: cleric\n|\n|-start|p1a: Atomic Bomb|perish3\n|-start|p2a: cleric|perish3\n|upkeep\n|turn|17\n|\n|t:|1700610592\n|move|p1a: Atomic Bomb|Wish|p1a: Atomic Bomb\n|move|p2a: cleric|Flip Turn|p1a: Atomic Bomb\n|-damage|p1a: Atomic Bomb|57\/100\n|-damage|p2a: cleric|84\/100|[from] item: Rocky Helmet|[of] p1a: Atomic Bomb\n|\n|t:|1700610597\n|switch|p2a: druid|Clodsire, M|60\/100|[from] Flip Turn\n|\n|-heal|p2a: druid|100\/100|[from] move: Wish|[wisher] cleric\n|-start|p1a: Atomic Bomb|perish2\n|upkeep\n|turn|18\n|\n|t:|1700610605\n|move|p1a: Atomic Bomb|Perish Song|p1a: Atomic Bomb\n|-start|p2a: druid|perish3|[silent]\n|-fieldactivate|move: Perish Song\n|move|p2a: druid|Toxic|p1a: Atomic Bomb\n|-status|p1a: Atomic Bomb|tox\n|\n|-heal|p1a: Atomic Bomb|100\/100 tox|[from] move: Wish|[wisher] Atomic Bomb\n|-damage|p1a: Atomic Bomb|94\/100 tox|[from] psn\n|-start|p1a: Atomic Bomb|perish1\n|-start|p2a: druid|perish3\n|upkeep\n|turn|19\n|\n|t:|1700610619\n|-end|p1a: Atomic Bomb|Protosynthesis|[silent]\n|switch|p1a: Dos Hoes Mad|Gyarados, F, shiny|76\/100\n|-damage|p1a: Dos Hoes Mad|51\/100|[from] Stealth Rock\n|-ability|p1a: Dos Hoes Mad|Intimidate|boost\n|-unboost|p2a: druid|atk|1\n|move|p2a: druid|Earthquake|p1a: Dos Hoes Mad\n|-immune|p1a: Dos Hoes Mad\n|\n|-start|p2a: druid|perish2\n|upkeep\n|turn|20\n|\n|t:|1700610638\n|move|p1a: Dos Hoes Mad|Earthquake|p2a: druid\n|-supereffective|p2a: druid\n|-crit|p2a: druid\n|-damage|p2a: druid|3\/100\n|move|p2a: druid|Toxic|p1a: Dos Hoes Mad\n|-status|p1a: Dos Hoes Mad|tox\n|\n|-heal|p2a: druid|9\/100|[from] item: Leftovers\n|-damage|p1a: Dos Hoes Mad|45\/100 tox|[from] psn\n|-start|p2a: druid|perish1\n|upkeep\n|turn|21\n|\n|t:|1700610650\n|switch|p2a: cleric|Alomomola, M, shiny|100\/100\n|move|p1a: Dos Hoes Mad|Earthquake|p2a: cleric\n|-damage|p2a: cleric|87\/100\n|\n|-damage|p1a: Dos Hoes Mad|33\/100 tox|[from] psn\n|upkeep\n|turn|22\n|\n|t:|1700610659\n|move|p1a: Dos Hoes Mad|Scald|p2a: cleric\n|-resisted|p2a: cleric\n|-damage|p2a: cleric|72\/100\n|move|p2a: cleric|Scald|p1a: Dos Hoes Mad\n|-resisted|p1a: Dos Hoes Mad\n|-damage|p1a: Dos Hoes Mad|26\/100 tox\n|\n|-damage|p1a: Dos Hoes Mad|7\/100 tox|[from] psn\n|upkeep\n|turn|23\n|\n|t:|1700610667\n|move|p2a: cleric|Protect|p2a: cleric\n|-singleturn|p2a: cleric|Protect\n|move|p1a: Dos Hoes Mad|Sunny Day|p1a: Dos Hoes Mad\n|-weather|SunnyDay\n|\n|-weather|SunnyDay|[upkeep]\n|-damage|p1a: Dos Hoes Mad|0 fnt|[from] psn\n|faint|p1a: Dos Hoes Mad\n|upkeep\n|\n|t:|1700610675\n|switch|p1a: Get Bonkd|Ogerpon-Wellspring, F|100\/100\n|-damage|p1a: Get Bonkd|88\/100|[from] Stealth Rock\n|turn|24\n|\n|t:|1700610697\n|-terastallize|p2a: cleric|Flying\n|move|p1a: Get Bonkd|Leech Seed|p2a: cleric\n|-start|p2a: cleric|move: Leech Seed\n|move|p2a: cleric|Wish|p2a: cleric\n|\n|-weather|SunnyDay|[upkeep]\n|-damage|p2a: cleric|59\/100|[from] Leech Seed|[of] p1a: Get Bonkd\n|-heal|p1a: Get Bonkd|100\/100|[silent]\n|upkeep\n|turn|25\n|\n|t:|1700610706\n|move|p1a: Get Bonkd|Spiky Shield|p1a: Get Bonkd\n|-singleturn|p1a: Get Bonkd|move: Protect\n|move|p2a: cleric|Flip Turn|p1a: Get Bonkd\n|-activate|p1a: Get Bonkd|move: Protect\n|-damage|p2a: cleric|47\/100|[from] Spiky Shield|[of] p1a: Get Bonkd\n|\n|-weather|SunnyDay|[upkeep]\n|-heal|p2a: cleric|97\/100|[from] move: Wish|[wisher] cleric\n|-damage|p2a: cleric|85\/100|[from] Leech Seed|[of] p1a: Get Bonkd\n|upkeep\n|turn|26\n|\n|t:|1700610716\n|move|p1a: Get Bonkd|Horn Leech|p2a: cleric\n|-resisted|p2a: cleric\n|-damage|p2a: cleric|75\/100\n|move|p2a: cleric|Wish|p2a: cleric\n|\n|-weather|SunnyDay|[upkeep]\n|-damage|p2a: cleric|63\/100|[from] Leech Seed|[of] p1a: Get Bonkd\n|upkeep\n|turn|27\n|\n|t:|1700610724\n|move|p1a: Get Bonkd|Leech Seed||[still]\n|-fail|p1a: Get Bonkd\n|move|p2a: cleric|Scald|p1a: Get Bonkd\n|-immune|p1a: Get Bonkd|[from] ability: Water Absorb\n|\n|-weather|none\n|-heal|p2a: cleric|100\/100|[from] move: Wish|[wisher] cleric\n|-damage|p2a: cleric|88\/100|[from] Leech Seed|[of] p1a: Get Bonkd\n|upkeep\n|turn|28\n|\n|t:|1700610733\n|move|p1a: Get Bonkd|Spiky Shield|p1a: Get Bonkd\n|-singleturn|p1a: Get Bonkd|move: Protect\n|move|p2a: cleric|Flip Turn|p1a: Get Bonkd\n|-activate|p1a: Get Bonkd|move: Protect\n|-damage|p2a: cleric|76\/100|[from] Spiky Shield|[of] p1a: Get Bonkd\n|\n|-damage|p2a: cleric|63\/100|[from] Leech Seed|[of] p1a: Get Bonkd\n|upkeep\n|turn|29\n|\n|t:|1700610742\n|switch|p2a: barbarian|Ursaluna, M|90\/100 brn\n|move|p1a: Get Bonkd|Leech Seed|p2a: barbarian\n|-start|p2a: barbarian|move: Leech Seed\n|\n|-damage|p2a: barbarian|77\/100 brn|[from] Leech Seed|[of] p1a: Get Bonkd\n|-damage|p2a: barbarian|71\/100 brn|[from] brn\n|upkeep\n|turn|30\n|\n|t:|1700610750\n|move|p1a: Get Bonkd|Spiky Shield|p1a: Get Bonkd\n|-singleturn|p1a: Get Bonkd|move: Protect\n|move|p2a: barbarian|Facade|p1a: Get Bonkd\n|-activate|p1a: Get Bonkd|move: Protect\n|-damage|p2a: barbarian|59\/100 brn|[from] Spiky Shield|[of] p1a: Get Bonkd\n|\n|-damage|p2a: barbarian|46\/100 brn|[from] Leech Seed|[of] p1a: Get Bonkd\n|-damage|p2a: barbarian|40\/100 brn|[from] brn\n|upkeep\n|turn|31\n|\n|t:|1700610759\n|switch|p2a: cleric|Alomomola, M, shiny, tera:Flying|97\/100\n|move|p1a: Get Bonkd|Horn Leech|p2a: cleric\n|-resisted|p2a: cleric\n|-damage|p2a: cleric|88\/100\n|\n|upkeep\n|turn|32\n|\n|t:|1700610766\n|move|p1a: Get Bonkd|Leech Seed|p2a: cleric|[miss]\n|-miss|p1a: Get Bonkd|p2a: cleric\n|move|p2a: cleric|Wish|p2a: cleric\n|\n|upkeep\n|turn|33\n|\n|t:|1700610777\n|move|p1a: Get Bonkd|Leech Seed|p2a: cleric\n|-start|p2a: cleric|move: Leech Seed\n|move|p2a: cleric|Flip Turn|p1a: Get Bonkd\n|-immune|p1a: Get Bonkd|[from] ability: Water Absorb\n|\n|-heal|p2a: cleric|100\/100|[from] move: Wish|[wisher] cleric\n|-damage|p2a: cleric|88\/100|[from] Leech Seed|[of] p1a: Get Bonkd\n|upkeep\n|turn|34\n|\n|t:|1700610787\n|move|p1a: Get Bonkd|Spiky Shield|p1a: Get Bonkd\n|-singleturn|p1a: Get Bonkd|move: Protect\n|move|p2a: cleric|Wish|p2a: cleric\n|\n|-damage|p2a: cleric|76\/100|[from] Leech Seed|[of] p1a: Get Bonkd\n|upkeep\n|turn|35\n|\n|t:|1700610795\n|switch|p2a: druid|Clodsire, M|9\/100\n|move|p1a: Get Bonkd|Horn Leech|p2a: druid\n|-damage|p2a: druid|0 fnt\n|faint|p2a: druid\n|\n|upkeep\n|\n|t:|1700610799\n|switch|p2a: barbarian|Ursaluna, M|40\/100 brn\n|turn|36\n|\n|t:|1700610803\n|move|p1a: Get Bonkd|Spiky Shield|p1a: Get Bonkd\n|-singleturn|p1a: Get Bonkd|move: Protect\n|move|p2a: barbarian|Facade|p1a: Get Bonkd\n|-activate|p1a: Get Bonkd|move: Protect\n|-damage|p2a: barbarian|27\/100 brn|[from] Spiky Shield|[of] p1a: Get Bonkd\n|\n|-damage|p2a: barbarian|21\/100 brn|[from] brn\n|upkeep\n|turn|37\n|\n|t:|1700610811\n|move|p1a: Get Bonkd|Horn Leech|p2a: barbarian\n|-supereffective|p2a: barbarian\n|-damage|p2a: barbarian|0 fnt\n|faint|p2a: barbarian\n|\n|upkeep\n|\n|t:|1700610812\n|switch|p2a: cleric|Alomomola, M, shiny, tera:Flying|100\/100\n|turn|38\n|-message|anonymeowz forfeited.\n|\n|win|Masocha\n|l|\u2606anonymeowz\n|l|\u2606Masocha\n","uploadtime":1700610920,"views":7,"p1id":"masocha","p2id":"anonymeowz","formatid":"gen9ou","rating":0,"private":0,"password":""}