{"id":"gen9ou-1992528691","p1":"I E Tass","p2":"Anygivenday","format":"[Gen 9] OU","log":"|j|\u2606I E Tass\n|j|\u2606Anygivenday\n|inactive|Battle timer is ON: inactive players will automatically lose when time's up.\n|t:|1700200130\n|gametype|singles\n|player|p1|I E Tass|170|\n|player|p2|Anygivenday|veteran|\n|teamsize|p1|6\n|teamsize|p2|6\n|gen|9\n|tier|[Gen 9] OU\n|rated|Tournament battle\n|rule|Sleep Clause Mod: Limit one foe put to sleep\n|rule|Species Clause: Limit one of each Pok\u00e9mon\n|rule|OHKO Clause: OHKO moves are banned\n|rule|Evasion Items Clause: Evasion items are banned\n|rule|Evasion Moves Clause: Evasion moves are banned\n|rule|Endless Battle Clause: Forcing endless battles is banned\n|rule|HP Percentage Mod: HP is shown in percentages\n|clearpoke\n|poke|p1|Rillaboom, M|\n|poke|p1|Qwilfish, F|\n|poke|p1|Grafaiai, M|\n|poke|p1|Salamence, M|\n|poke|p1|Luvdisc, M|\n|poke|p1|Mesprit|\n|poke|p2|Rillaboom, M|\n|poke|p2|Qwilfish, M|\n|poke|p2|Grafaiai, M|\n|poke|p2|Salamence, F|\n|poke|p2|Luvdisc, F|\n|poke|p2|Mesprit|\n|teampreview\n|j|*Lady Monita \u2746\n|c|\u2606I E Tass|glhf\n|j| FlimFlamGlorious\n|\n|t:|1700200153\n|start\n|switch|p1a: Salamence|Salamence, M|100\/100\n|switch|p2a: Mesprit|Mesprit|100\/100\n|-ability|p1a: Salamence|Intimidate|boost\n|-unboost|p2a: Mesprit|atk|1\n|turn|1\n|l| FlimFlamGlorious\n|j| Possum26 Gamer\n|\n|t:|1700200164\n|switch|p1a: Qwilfish|Qwilfish, F|100\/100\n|move|p2a: Mesprit|Reflect|p2a: Mesprit\n|-sidestart|p2: Anygivenday|Reflect\n|\n|upkeep\n|turn|2\n|l| Possum26 Gamer\n|\n|t:|1700200186\n|move|p1a: Qwilfish|Thunder Wave|p2a: Mesprit\n|-status|p2a: Mesprit|par\n|move|p2a: Mesprit|Stealth Rock|p1a: Qwilfish\n|-sidestart|p1: I E Tass|move: Stealth Rock\n|\n|upkeep\n|turn|3\n|\n|t:|1700200204\n|move|p1a: Qwilfish|Liquidation|p2a: Mesprit\n|-damage|p2a: Mesprit|88\/100 par\n|cant|p2a: Mesprit|par\n|\n|upkeep\n|turn|4\n|\n|t:|1700200211\n|move|p1a: Qwilfish|Liquidation|p2a: Mesprit\n|-damage|p2a: Mesprit|75\/100 par\n|move|p2a: Mesprit|Psychic|p1a: Qwilfish\n|-supereffective|p1a: Qwilfish\n|-damage|p1a: Qwilfish|0 fnt\n|faint|p1a: Qwilfish\n|\n|upkeep\n|\n|t:|1700200224\n|switch|p1a: Rillaboom|Rillaboom, M|100\/100\n|-damage|p1a: Rillaboom|88\/100|[from] Stealth Rock\n|-fieldstart|move: Grassy Terrain|[from] ability: Grassy Surge|[of] p1a: Rillaboom\n|turn|5\n|j| poketough\n|j| DragonPhoenix333\n|\n|t:|1700200232\n|switch|p2a: Qwilfish|Qwilfish, M|100\/100\n|-ability|p2a: Qwilfish|Intimidate|boost\n|-unboost|p1a: Rillaboom|atk|1\n|move|p1a: Rillaboom|Knock Off|p2a: Qwilfish\n|-damage|p2a: Qwilfish|75\/100\n|-enditem|p2a: Qwilfish|Black Sludge|[from] move: Knock Off|[of] p1a: Rillaboom\n|\n|-heal|p2a: Qwilfish|81\/100|[from] Grassy Terrain\n|-heal|p1a: Rillaboom|94\/100|[from] Grassy Terrain\n|upkeep\n|turn|6\n|l| DragonPhoenix333\n|\n|t:|1700200244\n|switch|p1a: Luvdisc|Luvdisc, M|100\/100\n|move|p2a: Qwilfish|Gunk Shot|p1a: Luvdisc\n|-damage|p1a: Luvdisc|0 fnt\n|faint|p1a: Luvdisc\n|\n|-heal|p2a: Qwilfish|87\/100|[from] Grassy Terrain\n|upkeep\n|j| Sibn23\n|l| Sibn23\n|\n|t:|1700200260\n|switch|p1a: Mesprit|Mesprit|100\/100\n|-damage|p1a: Mesprit|88\/100|[from] Stealth Rock\n|-enditem|p1a: Mesprit|Grassy Seed\n|-boost|p1a: Mesprit|def|1|[from] item: Grassy Seed\n|turn|7\n|\n|t:|1700200267\n|switch|p2a: Mesprit|Mesprit|75\/100 par\n|move|p1a: Mesprit|Calm Mind|p1a: Mesprit\n|-boost|p1a: Mesprit|spa|1\n|-boost|p1a: Mesprit|spd|1\n|\n|upkeep\n|turn|8\n|\n|t:|1700200275\n|switch|p2a: Grafaiai|Grafaiai, M|100\/100\n|move|p1a: Mesprit|Shadow Ball|p2a: Grafaiai\n|-immune|p2a: Grafaiai\n|\n|-sideend|p2: Anygivenday|Reflect\n|upkeep\n|turn|9\n|\n|t:|1700200281\n|-terastallize|p1a: Mesprit|Fairy\n|move|p2a: Grafaiai|Encore|p1a: Mesprit\n|-start|p1a: Mesprit|Encore\n|move|p1a: Mesprit|Shadow Ball|p2a: Grafaiai\n|-immune|p2a: Grafaiai\n|\n|-fieldend|move: Grassy Terrain\n|upkeep\n|turn|10\n|\n|t:|1700200291\n|switch|p1a: Salamence|Salamence, M|100\/100\n|-damage|p1a: Salamence|76\/100|[from] Stealth Rock\n|-ability|p1a: Salamence|Intimidate|boost\n|-unboost|p2a: Grafaiai|atk|1\n|move|p2a: Grafaiai|Gunk Shot|p1a: Salamence|[miss]\n|-miss|p2a: Grafaiai|p1a: Salamence\n|\n|upkeep\n|turn|11\n|\n|t:|1700200300\n|switch|p2a: Qwilfish|Qwilfish, M|87\/100\n|-ability|p2a: Qwilfish|Intimidate|boost\n|-unboost|p1a: Salamence|atk|1\n|move|p1a: Salamence|Dragon Dance|p1a: Salamence\n|-boost|p1a: Salamence|atk|1\n|-boost|p1a: Salamence|spe|1\n|\n|upkeep\n|turn|12\n|\n|t:|1700200311\n|move|p1a: Salamence|Earthquake|p2a: Qwilfish\n|-supereffective|p2a: Qwilfish\n|-damage|p2a: Qwilfish|0 fnt\n|faint|p2a: Qwilfish\n|\n|upkeep\n|\n|t:|1700200327\n|switch|p2a: Luvdisc|Luvdisc, F|100\/100\n|turn|13\n|\n|t:|1700200339\n|switch|p1a: Mesprit|Mesprit, tera:Fairy|88\/100\n|-damage|p1a: Mesprit|76\/100|[from] Stealth Rock\n|move|p2a: Luvdisc|Ice Beam|p1a: Mesprit\n|-damage|p1a: Mesprit|66\/100\n|\n|upkeep\n|turn|14\n|\n|t:|1700200348\n|switch|p2a: Mesprit|Mesprit|75\/100 par\n|move|p1a: Mesprit|Draining Kiss|p2a: Mesprit\n|-damage|p2a: Mesprit|60\/100 par\n|-heal|p1a: Mesprit|78\/100|[from] drain|[of] p2a: Mesprit\n|\n|upkeep\n|turn|15\n|\n|t:|1700200354\n|move|p1a: Mesprit|Shadow Ball|p2a: Mesprit\n|-supereffective|p2a: Mesprit\n|-damage|p2a: Mesprit|36\/100 par\n|move|p2a: Mesprit|Light Screen|p2a: Mesprit\n|-sidestart|p2: Anygivenday|move: Light Screen\n|\n|upkeep\n|turn|16\n|\n|t:|1700200367\n|switch|p2a: Rillaboom|Rillaboom, M|100\/100\n|-fieldstart|move: Grassy Terrain|[from] ability: Grassy Surge|[of] p2a: Rillaboom\n|move|p1a: Mesprit|Shadow Ball|p2a: Rillaboom\n|-damage|p2a: Rillaboom|87\/100\n|\n|-heal|p2a: Rillaboom|93\/100|[from] Grassy Terrain\n|-heal|p2a: Rillaboom|99\/100|[from] item: Leftovers\n|upkeep\n|turn|17\n|\n|t:|1700200385\n|switch|p1a: Grafaiai|Grafaiai, M|100\/100\n|-damage|p1a: Grafaiai|88\/100|[from] Stealth Rock\n|-enditem|p1a: Grafaiai|Grassy Seed\n|-boost|p1a: Grafaiai|def|1|[from] item: Grassy Seed\n|move|p2a: Rillaboom|U-turn|p1a: Grafaiai\n|-resisted|p1a: Grafaiai\n|-damage|p1a: Grafaiai|72\/100\n|\n|t:|1700200403\n|switch|p2a: Mesprit|Mesprit|36\/100 par|[from] U-turn\n|\n|-heal|p1a: Grafaiai|78\/100|[from] Grassy Terrain\n|upkeep\n|turn|18\n|\n|t:|1700200406\n|move|p1a: Grafaiai|Knock Off|p2a: Mesprit\n|-supereffective|p2a: Mesprit\n|-damage|p2a: Mesprit|0 fnt\n|-enditem|p2a: Mesprit|Light Clay|[from] move: Knock Off|[of] p1a: Grafaiai\n|faint|p2a: Mesprit\n|\n|-heal|p1a: Grafaiai|84\/100|[from] Grassy Terrain\n|upkeep\n|\n|t:|1700200419\n|switch|p2a: Salamence|Salamence, F|100\/100\n|turn|19\n|\n|t:|1700200425\n|move|p1a: Grafaiai|Swords Dance|p1a: Grafaiai\n|-boost|p1a: Grafaiai|atk|2\n|move|p2a: Salamence|Earthquake|p1a: Grafaiai\n|-supereffective|p1a: Grafaiai\n|-damage|p1a: Grafaiai|23\/100\n|-damage|p2a: Salamence|91\/100|[from] item: Life Orb\n|\n|-heal|p1a: Grafaiai|29\/100|[from] Grassy Terrain\n|upkeep\n|turn|20\n|\n|t:|1700200443\n|switch|p2a: Luvdisc|Luvdisc, F|100\/100\n|move|p1a: Grafaiai|Poison Jab|p2a: Luvdisc\n|-damage|p2a: Luvdisc|0 fnt\n|faint|p2a: Luvdisc\n|\n|-heal|p1a: Grafaiai|35\/100|[from] Grassy Terrain\n|-fieldend|move: Grassy Terrain\n|upkeep\n|\n|t:|1700200453\n|switch|p2a: Grafaiai|Grafaiai, M|100\/100\n|turn|21\n|\n|t:|1700200457\n|move|p2a: Grafaiai|Encore|p1a: Grafaiai\n|-start|p1a: Grafaiai|Encore\n|move|p1a: Grafaiai|Poison Jab|p2a: Grafaiai\n|-resisted|p2a: Grafaiai\n|-damage|p2a: Grafaiai|37\/100\n|\n|upkeep\n|turn|22\n|\n|t:|1700200470\n|move|p1a: Grafaiai|Poison Jab|p2a: Grafaiai\n|-resisted|p2a: Grafaiai\n|-damage|p2a: Grafaiai|0 fnt\n|faint|p2a: Grafaiai\n|\n|-sideend|p2: Anygivenday|move: Light Screen\n|upkeep\n|\n|t:|1700200485\n|switch|p2a: Salamence|Salamence, F|91\/100\n|turn|23\n|\n|t:|1700200491\n|move|p1a: Grafaiai|Poison Jab|p2a: Salamence\n|-damage|p2a: Salamence|0 fnt\n|faint|p2a: Salamence\n|\n|-end|p1a: Grafaiai|Encore\n|upkeep\n|\n|t:|1700200494\n|switch|p2a: Rillaboom|Rillaboom, M|99\/100\n|-fieldstart|move: Grassy Terrain|[from] ability: Grassy Surge|[of] p2a: Rillaboom\n|turn|24\n|\n|t:|1700200499\n|-terastallize|p2a: Rillaboom|Grass\n|move|p2a: Rillaboom|Grassy Glide|p1a: Grafaiai\n|-resisted|p1a: Grafaiai\n|-damage|p1a: Grafaiai|6\/100\n|move|p1a: Grafaiai|Acrobatics|p2a: Rillaboom\n|-supereffective|p2a: Rillaboom\n|-damage|p2a: Rillaboom|0 fnt\n|faint|p2a: Rillaboom\n|\n|win|I E Tass\n|n|\u2606I E Tass|ietass\n|n|\u2606Anygivenday|anygivenday\n|n|*Lady Monita \u2746|ladymonita\n|n| poketough|poketough\n","uploadtime":1700200500,"views":17,"p1id":"ietass","p2id":"anygivenday","formatid":"gen9ou","rating":0,"private":0,"password":""}