{"id":"gen9ou-1992921974","p1":"I didn't save","p2":"KJgamer22","format":"[Gen 9] OU","log":"|j|\u2606I didn't save\n|j|\u2606KJgamer22\n|t:|1700247067\n|gametype|singles\n|player|p1|I didn't save|2|1072\n|player|p2|KJgamer22|iris-gen5bw2|1014\n|teamsize|p1|6\n|teamsize|p2|6\n|gen|9\n|tier|[Gen 9] OU\n|rated|\n|rule|Sleep Clause Mod: Limit one foe put to sleep\n|rule|Species Clause: Limit one of each Pok\u00e9mon\n|rule|OHKO Clause: OHKO moves are banned\n|rule|Evasion Items Clause: Evasion items are banned\n|rule|Evasion Moves Clause: Evasion moves are banned\n|rule|Endless Battle Clause: Forcing endless battles is banned\n|rule|HP Percentage Mod: HP is shown in percentages\n|clearpoke\n|poke|p1|Politoed, M|\n|poke|p1|Slowbro-Galar, M|\n|poke|p1|Slowking-Galar, M|\n|poke|p1|Drednaw, M|\n|poke|p1|Zapdos|\n|poke|p1|Toxicroak, F|\n|poke|p2|Ninetales-Alola, F|\n|poke|p2|Mamoswine, M|\n|poke|p2|Empoleon, M|\n|poke|p2|Clodsire, M|\n|poke|p2|Dipplin, M|\n|poke|p2|Dragonite, M|\n|teampreview\n|inactive|Battle timer is ON: inactive players will automatically lose when time's up. (requested by KJgamer22)\n|inactive|I didn't save has 120 seconds left.\n|\n|t:|1700247154\n|start\n|switch|p1a: Politoed|Politoed, M|100\/100\n|switch|p2a: Ninetales|Ninetales-Alola, F|100\/100\n|-weather|Snow|[from] ability: Snow Warning|[of] p2a: Ninetales\n|-weather|RainDance|[from] ability: Drizzle|[of] p1a: Politoed\n|turn|1\n|inactive|I didn't save has 120 seconds left.\n|\n|t:|1700247187\n|switch|p2a: Clodsire|Clodsire, M|100\/100\n|switch|p1a: Slowking|Slowking-Galar, M, shiny|100\/100\n|\n|-weather|RainDance|[upkeep]\n|upkeep\n|turn|2\n|inactive|I didn't save has 120 seconds left.\n|\n|t:|1700247203\n|-terastallize|p2a: Clodsire|Ground\n|move|p1a: Slowking|Focus Blast|p2a: Clodsire\n|-damage|p2a: Clodsire|80\/100\n|move|p2a: Clodsire|Megahorn|p1a: Slowking\n|-damage|p1a: Slowking|79\/100\n|\n|-weather|RainDance|[upkeep]\n|-heal|p2a: Clodsire|86\/100|[from] item: Leftovers\n|upkeep\n|turn|3\n|inactive|I didn't save has 120 seconds left.\n|\n|t:|1700247241\n|switch|p1a: Zapdos|Zapdos|100\/100\n|move|p2a: Clodsire|Curse|p2a: Clodsire\n|-unboost|p2a: Clodsire|spe|1\n|-boost|p2a: Clodsire|atk|1\n|-boost|p2a: Clodsire|def|1\n|\n|-weather|RainDance|[upkeep]\n|-heal|p2a: Clodsire|93\/100|[from] item: Leftovers\n|upkeep\n|turn|4\n|\n|t:|1700247255\n|move|p1a: Zapdos|Ancient Power|p2a: Clodsire\n|-resisted|p2a: Clodsire\n|-damage|p2a: Clodsire|88\/100\n|move|p2a: Clodsire|Curse|p2a: Clodsire\n|-unboost|p2a: Clodsire|spe|1\n|-boost|p2a: Clodsire|atk|1\n|-boost|p2a: Clodsire|def|1\n|\n|-weather|RainDance|[upkeep]\n|-heal|p2a: Clodsire|94\/100|[from] item: Leftovers\n|upkeep\n|turn|5\n|\n|t:|1700247265\n|move|p1a: Zapdos|Hurricane|p2a: Clodsire\n|-damage|p2a: Clodsire|66\/100\n|-start|p2a: Clodsire|confusion\n|-activate|p2a: Clodsire|confusion\n|-damage|p2a: Clodsire|58\/100|[from] confusion\n|\n|-weather|RainDance|[upkeep]\n|-heal|p2a: Clodsire|65\/100|[from] item: Leftovers\n|upkeep\n|turn|6\n|\n|t:|1700247277\n|move|p1a: Zapdos|Ancient Power|p2a: Clodsire\n|-resisted|p2a: Clodsire\n|-damage|p2a: Clodsire|59\/100\n|-activate|p2a: Clodsire|confusion\n|move|p2a: Clodsire|Curse|p2a: Clodsire\n|-unboost|p2a: Clodsire|spe|1\n|-boost|p2a: Clodsire|atk|1\n|-boost|p2a: Clodsire|def|1\n|\n|-weather|RainDance|[upkeep]\n|-heal|p2a: Clodsire|66\/100|[from] item: Leftovers\n|upkeep\n|turn|7\n|\n|t:|1700247289\n|move|p1a: Zapdos|Hurricane|p2a: Clodsire\n|-damage|p2a: Clodsire|36\/100\n|-end|p2a: Clodsire|confusion\n|move|p2a: Clodsire|Curse|p2a: Clodsire\n|-unboost|p2a: Clodsire|spe|1\n|-boost|p2a: Clodsire|atk|1\n|-boost|p2a: Clodsire|def|1\n|\n|-weather|RainDance|[upkeep]\n|-heal|p2a: Clodsire|43\/100|[from] item: Leftovers\n|upkeep\n|turn|8\n|\n|t:|1700247302\n|move|p1a: Zapdos|Hurricane|p2a: Clodsire\n|-damage|p2a: Clodsire|13\/100\n|move|p2a: Clodsire|Body Press|p1a: Zapdos\n|-resisted|p1a: Zapdos\n|-damage|p1a: Zapdos|84\/100\n|\n|-weather|none\n|-heal|p2a: Clodsire|19\/100|[from] item: Leftovers\n|upkeep\n|turn|9\n|\n|t:|1700247315\n|move|p1a: Zapdos|Ancient Power|p2a: Clodsire\n|-resisted|p2a: Clodsire\n|-damage|p2a: Clodsire|13\/100\n|move|p2a: Clodsire|Body Press|p1a: Zapdos\n|-resisted|p1a: Zapdos\n|-damage|p1a: Zapdos|67\/100\n|\n|-heal|p2a: Clodsire|19\/100|[from] item: Leftovers\n|upkeep\n|turn|10\n|\n|t:|1700247329\n|move|p1a: Zapdos|Heat Wave|p2a: Clodsire\n|-damage|p2a: Clodsire|4\/100\n|move|p2a: Clodsire|Curse|p2a: Clodsire\n|-unboost|p2a: Clodsire|spe|1\n|-boost|p2a: Clodsire|atk|1\n|-boost|p2a: Clodsire|def|1\n|\n|-heal|p2a: Clodsire|10\/100|[from] item: Leftovers\n|upkeep\n|turn|11\n|\n|t:|1700247341\n|move|p1a: Zapdos|Heat Wave|p2a: Clodsire\n|-crit|p2a: Clodsire\n|-damage|p2a: Clodsire|0 fnt\n|faint|p2a: Clodsire\n|\n|upkeep\n|\n|t:|1700247353\n|switch|p2a: Mamoswine|Mamoswine, M|100\/100\n|turn|12\n|\n|t:|1700247369\n|switch|p1a: Politoed|Politoed, M|100\/100\n|-weather|RainDance|[from] ability: Drizzle|[of] p1a: Politoed\n|move|p2a: Mamoswine|Icicle Crash|p1a: Politoed\n|-resisted|p1a: Politoed\n|-damage|p1a: Politoed|81\/100\n|\n|-weather|RainDance|[upkeep]\n|upkeep\n|turn|13\n|\n|t:|1700247383\n|move|p2a: Mamoswine|Knock Off|p1a: Politoed\n|-damage|p1a: Politoed|50\/100\n|-enditem|p1a: Politoed|Damp Rock|[from] move: Knock Off|[of] p2a: Mamoswine\n|move|p1a: Politoed|Psychic|p2a: Mamoswine\n|-crit|p2a: Mamoswine\n|-damage|p2a: Mamoswine|73\/100\n|\n|-weather|RainDance|[upkeep]\n|upkeep\n|turn|14\n|\n|t:|1700247394\n|move|p2a: Mamoswine|Iron Head|p1a: Politoed\n|-resisted|p1a: Politoed\n|-damage|p1a: Politoed|38\/100\n|move|p1a: Politoed|Chilling Water|p2a: Mamoswine\n|-supereffective|p2a: Mamoswine\n|-damage|p2a: Mamoswine|23\/100\n|-unboost|p2a: Mamoswine|atk|1\n|\n|-weather|RainDance|[upkeep]\n|upkeep\n|turn|15\n|\n|t:|1700247406\n|move|p2a: Mamoswine|Earthquake|p1a: Politoed\n|-damage|p1a: Politoed|8\/100\n|move|p1a: Politoed|Chilling Water|p2a: Mamoswine\n|-supereffective|p2a: Mamoswine\n|-damage|p2a: Mamoswine|0 fnt\n|faint|p2a: Mamoswine\n|\n|-weather|RainDance|[upkeep]\n|upkeep\n|\n|t:|1700247415\n|switch|p2a: Ninetales|Ninetales-Alola, F|100\/100\n|-weather|Snow|[from] ability: Snow Warning|[of] p2a: Ninetales\n|turn|16\n|\n|t:|1700247427\n|switch|p1a: Toxicroak|Toxicroak, F|100\/100\n|move|p2a: Ninetales|Aurora Veil|p2a: Ninetales\n|-sidestart|p2: KJgamer22|move: Aurora Veil\n|\n|-weather|Snow|[upkeep]\n|upkeep\n|turn|17\n|\n|t:|1700247439\n|move|p2a: Ninetales|Moonblast|p1a: Toxicroak\n|-damage|p1a: Toxicroak|52\/100\n|-unboost|p1a: Toxicroak|spa|1\n|move|p1a: Toxicroak|Poison Jab|p2a: Ninetales\n|-supereffective|p2a: Ninetales\n|-crit|p2a: Ninetales\n|-damage|p2a: Ninetales|0 fnt\n|faint|p2a: Ninetales\n|-damage|p1a: Toxicroak|42\/100|[from] item: Life Orb\n|\n|-weather|Snow|[upkeep]\n|upkeep\n|\n|t:|1700247452\n|switch|p2a: Dragonite|Dragonite, M|100\/100\n|turn|18\n|\n|t:|1700247461\n|move|p2a: Dragonite|Extreme Speed|p1a: Toxicroak\n|-damage|p1a: Toxicroak|0 fnt\n|faint|p1a: Toxicroak\n|-damage|p2a: Dragonite|91\/100|[from] item: Life Orb\n|\n|-weather|Snow|[upkeep]\n|upkeep\n|\n|t:|1700247475\n|switch|p1a: Slowking|Slowking-Galar, M, shiny|100\/100\n|turn|19\n|\n|t:|1700247486\n|move|p2a: Dragonite|Dragon Dance|p2a: Dragonite\n|-boost|p2a: Dragonite|atk|1\n|-boost|p2a: Dragonite|spe|1\n|move|p1a: Slowking|Blizzard|p2a: Dragonite\n|-supereffective|p2a: Dragonite\n|-damage|p2a: Dragonite|14\/100\n|\n|-weather|Snow|[upkeep]\n|upkeep\n|turn|20\n|\n|t:|1700247503\n|move|p2a: Dragonite|Extreme Speed|p1a: Slowking\n|-damage|p1a: Slowking|36\/100\n|-damage|p2a: Dragonite|4\/100|[from] item: Life Orb\n|move|p1a: Slowking|Fire Blast|p2a: Dragonite\n|-resisted|p2a: Dragonite\n|-damage|p2a: Dragonite|0 fnt\n|faint|p2a: Dragonite\n|\n|-weather|Snow|[upkeep]\n|-sideend|p2: KJgamer22|move: Aurora Veil\n|upkeep\n|\n|t:|1700247517\n|switch|p2a: Empoleon|Empoleon, M|100\/100\n|turn|21\n|\n|t:|1700247532\n|move|p2a: Empoleon|Flash Cannon|p1a: Slowking\n|-damage|p1a: Slowking|0 fnt\n|faint|p1a: Slowking\n|\n|-weather|Snow|[upkeep]\n|upkeep\n|\n|t:|1700247545\n|switch|p1a: Zapdos|Zapdos|67\/100\n|turn|22\n|\n|t:|1700247550\n|move|p1a: Zapdos|Thunder|p2a: Empoleon|[miss]\n|-miss|p1a: Zapdos|p2a: Empoleon\n|move|p2a: Empoleon|Blizzard|p1a: Zapdos\n|-supereffective|p1a: Zapdos\n|-damage|p1a: Zapdos|7\/100\n|\n|-weather|Snow|[upkeep]\n|upkeep\n|turn|23\n|\n|t:|1700247561\n|move|p1a: Zapdos|Thunder|p2a: Empoleon|[miss]\n|-miss|p1a: Zapdos|p2a: Empoleon\n|move|p2a: Empoleon|Blizzard|p1a: Zapdos\n|-supereffective|p1a: Zapdos\n|-damage|p1a: Zapdos|0 fnt\n|faint|p1a: Zapdos\n|\n|-weather|none\n|upkeep\n|\n|t:|1700247575\n|switch|p1a: Slowbro|Slowbro-Galar, M|100\/100\n|turn|24\n|\n|t:|1700247586\n|move|p2a: Empoleon|Flash Cannon|p1a: Slowbro\n|-damage|p1a: Slowbro|57\/100\n|move|p1a: Slowbro|Shell Side Arm|p2a: Empoleon|[anim] Shell Side Arm Physical\n|-immune|p2a: Empoleon\n|\n|upkeep\n|turn|25\n|\n|t:|1700247606\n|move|p2a: Empoleon|Flash Cannon|p1a: Slowbro\n|-damage|p1a: Slowbro|17\/100\n|move|p1a: Slowbro|Zen Headbutt|p2a: Empoleon\n|-resisted|p2a: Empoleon\n|-crit|p2a: Empoleon\n|-damage|p2a: Empoleon|73\/100\n|\n|-heal|p2a: Empoleon|80\/100|[from] item: Leftovers\n|upkeep\n|turn|26\n|-activate|p1a: Slowbro|ability: Quick Draw\n|\n|t:|1700247618\n|move|p1a: Slowbro|Zen Headbutt|p2a: Empoleon\n|-resisted|p2a: Empoleon\n|-damage|p2a: Empoleon|61\/100\n|move|p2a: Empoleon|Flash Cannon|p1a: Slowbro\n|-damage|p1a: Slowbro|0 fnt\n|faint|p1a: Slowbro\n|\n|-heal|p2a: Empoleon|67\/100|[from] item: Leftovers\n|upkeep\n|\n|t:|1700247630\n|switch|p1a: Politoed|Politoed, M|8\/100\n|-weather|RainDance|[from] ability: Drizzle|[of] p1a: Politoed\n|turn|27\n|\n|t:|1700247642\n|move|p1a: Politoed|Hypnosis|p2a: Empoleon\n|-status|p2a: Empoleon|slp|[from] move: Hypnosis\n|cant|p2a: Empoleon|slp\n|\n|-weather|RainDance|[upkeep]\n|-heal|p2a: Empoleon|73\/100 slp|[from] item: Leftovers\n|upkeep\n|turn|28\n|\n|t:|1700247652\n|move|p1a: Politoed|Psychic|p2a: Empoleon\n|-resisted|p2a: Empoleon\n|-damage|p2a: Empoleon|65\/100 slp\n|cant|p2a: Empoleon|slp\n|\n|-weather|RainDance|[upkeep]\n|-heal|p2a: Empoleon|71\/100 slp|[from] item: Leftovers\n|upkeep\n|turn|29\n|inactive|I didn't save has 120 seconds left.\n|\n|t:|1700247667\n|move|p1a: Politoed|Chilling Water|p2a: Empoleon\n|-resisted|p2a: Empoleon\n|-damage|p2a: Empoleon|59\/100 slp\n|-unboost|p2a: Empoleon|atk|1\n|-ability|p2a: Empoleon|Competitive|boost\n|-boost|p2a: Empoleon|spa|2\n|cant|p2a: Empoleon|slp\n|\n|-weather|RainDance|[upkeep]\n|-heal|p2a: Empoleon|65\/100 slp|[from] item: Leftovers\n|upkeep\n|turn|30\n|inactive|I didn't save has 120 seconds left.\n|\n|t:|1700247680\n|move|p1a: Politoed|Haze|p1a: Politoed\n|-clearallboost\n|-curestatus|p2a: Empoleon|slp|[msg]\n|move|p2a: Empoleon|Flash Cannon|p1a: Politoed\n|-resisted|p1a: Politoed\n|-damage|p1a: Politoed|0 fnt\n|faint|p1a: Politoed\n|\n|-weather|RainDance|[upkeep]\n|-heal|p2a: Empoleon|71\/100|[from] item: Leftovers\n|upkeep\n|\n|t:|1700247691\n|switch|p1a: Drednaw|Drednaw, M, shiny|100\/100\n|turn|31\n|\n|t:|1700247705\n|move|p1a: Drednaw|Earthquake|p2a: Empoleon\n|-supereffective|p2a: Empoleon\n|-damage|p2a: Empoleon|10\/100\n|move|p2a: Empoleon|Flash Cannon|p1a: Drednaw\n|-damage|p1a: Drednaw|61\/100\n|\n|-weather|none\n|-heal|p2a: Empoleon|16\/100|[from] item: Leftovers\n|upkeep\n|turn|32\n|\n|t:|1700247718\n|move|p1a: Drednaw|Earthquake|p2a: Empoleon\n|-supereffective|p2a: Empoleon\n|-damage|p2a: Empoleon|0 fnt\n|faint|p2a: Empoleon\n|\n|upkeep\n|\n|t:|1700247725\n|switch|p2a: Dipplin|Dipplin, M|100\/100\n|-ability|p2a: Dipplin|Supersweet Syrup\n|-ability|p2a: Dipplin|Supersweet Syrup|boost\n|-unboost|p1a: Drednaw|evasion|1\n|-enditem|p1a: Drednaw|White Herb\n|-clearnegativeboost|p1a: Drednaw|[silent]\n|turn|33\n|\n|t:|1700247735\n|move|p1a: Drednaw|Shell Smash|p1a: Drednaw\n|-unboost|p1a: Drednaw|def|1\n|-unboost|p1a: Drednaw|spd|1\n|-boost|p1a: Drednaw|atk|2\n|-boost|p1a: Drednaw|spa|2\n|-boost|p1a: Drednaw|spe|2\n|move|p2a: Dipplin|Syrup Bomb|p1a: Drednaw\n|-supereffective|p1a: Drednaw\n|-damage|p1a: Drednaw|0 fnt\n|faint|p1a: Drednaw\n|\n|win|KJgamer22\n|raw|I didn&apos;t save's rating: 1072 &rarr; <strong>1048<\/strong><br \/>(-24 for losing)\n|raw|KJgamer22's rating: 1014 &rarr; <strong>1058<\/strong><br \/>(+44 for winning)\n","uploadtime":1700247751,"views":25,"p1id":"ididntsave","p2id":"kjgamer22","formatid":"gen9ou","rating":1048,"private":0,"password":""}