{"id":"gen9ou-1994510237","p1":"lianyunbai","p2":"juloan","format":"[Gen 9] OU","log":"|j|\u2606lianyunbai\n|j|\u2606juloan\n|t:|1700452534\n|gametype|singles\n|player|p1|lianyunbai|elesa|1533\n|player|p2|juloan|169|1487\n|teamsize|p1|6\n|teamsize|p2|6\n|gen|9\n|tier|[Gen 9] OU\n|rated|\n|rule|Sleep Clause Mod: Limit one foe put to sleep\n|rule|Species Clause: Limit one of each Pok\u00e9mon\n|rule|OHKO Clause: OHKO moves are banned\n|rule|Evasion Items Clause: Evasion items are banned\n|rule|Evasion Moves Clause: Evasion moves are banned\n|rule|Endless Battle Clause: Forcing endless battles is banned\n|rule|HP Percentage Mod: HP is shown in percentages\n|clearpoke\n|poke|p1|Iron Valiant|\n|poke|p1|Glimmora, F|\n|poke|p1|Dragapult, F|\n|poke|p1|Zamazenta-*|\n|poke|p1|Ogerpon-Wellspring, F|\n|poke|p1|Iron Moth|\n|poke|p2|Zapdos|\n|poke|p2|Polteageist|\n|poke|p2|Murkrow, M|\n|poke|p2|Great Tusk|\n|poke|p2|Ninetales-Alola, F|\n|poke|p2|Walking Wake|\n|teampreview\n|inactive|Battle timer is ON: inactive players will automatically lose when time's up. (requested by lianyunbai)\n|\n|t:|1700452546\n|start\n|switch|p1a: Glimmora|Glimmora, F|100\/100\n|switch|p2a: Zapdos|Zapdos|100\/100\n|turn|1\n|\n|t:|1700452553\n|move|p1a: Glimmora|Stealth Rock|p2a: Zapdos\n|-sidestart|p2: juloan|move: Stealth Rock\n|move|p2a: Zapdos|Thunderbolt|p1a: Glimmora\n|-damage|p1a: Glimmora|25\/100\n|\n|upkeep\n|turn|2\n|j| No Bithes?????\n|\n|t:|1700452559\n|move|p1a: Glimmora|Power Gem|p2a: Zapdos\n|-supereffective|p2a: Zapdos\n|-damage|p2a: Zapdos|26\/100\n|move|p2a: Zapdos|Tailwind|p2a: Zapdos\n|-sidestart|p2: juloan|move: Tailwind\n|\n|upkeep\n|turn|3\n|\n|t:|1700452567\n|move|p2a: Zapdos|Thunderbolt|p1a: Glimmora\n|-damage|p1a: Glimmora|0 fnt\n|faint|p1a: Glimmora\n|\n|upkeep\n|\n|t:|1700452580\n|switch|p1a: Iron Moth|Iron Moth|100\/100\n|-enditem|p1a: Iron Moth|Booster Energy\n|-activate|p1a: Iron Moth|ability: Quark Drive|[fromitem]\n|-start|p1a: Iron Moth|quarkdrivespa\n|turn|4\n|\n|t:|1700452602\n|-terastallize|p1a: Iron Moth|Ground\n|move|p2a: Zapdos|Roost|p2a: Zapdos\n|-heal|p2a: Zapdos|76\/100\n|-singleturn|p2a: Zapdos|move: Roost\n|move|p1a: Iron Moth|Agility|p1a: Iron Moth\n|-boost|p1a: Iron Moth|spe|2\n|\n|upkeep\n|turn|5\n|\n|t:|1700452617\n|move|p1a: Iron Moth|Fiery Dance|p2a: Zapdos\n|-damage|p2a: Zapdos|15\/100\n|-boost|p1a: Iron Moth|spa|1\n|move|p2a: Zapdos|Hurricane|p1a: Iron Moth\n|-damage|p1a: Iron Moth|32\/100\n|-start|p1a: Iron Moth|confusion\n|\n|-sideend|p2: juloan|move: Tailwind\n|upkeep\n|turn|6\n|inactive|juloan has 120 seconds left.\n|\n|t:|1700452642\n|-activate|p1a: Iron Moth|confusion\n|-damage|p1a: Iron Moth|23\/100|[from] confusion\n|move|p2a: Zapdos|Roost|p2a: Zapdos\n|-heal|p2a: Zapdos|65\/100\n|-singleturn|p2a: Zapdos|move: Roost\n|\n|upkeep\n|turn|7\n|inactive|juloan has 120 seconds left.\n|\n|t:|1700452660\n|-end|p1a: Iron Moth|confusion\n|move|p1a: Iron Moth|Fiery Dance|p2a: Zapdos\n|-damage|p2a: Zapdos|0 fnt\n|faint|p2a: Zapdos\n|\n|upkeep\n|\n|t:|1700452670\n|switch|p2a: Walking Wake|Walking Wake|100\/100\n|-damage|p2a: Walking Wake|88\/100|[from] Stealth Rock\n|turn|8\n|\n|t:|1700452690\n|move|p1a: Iron Moth|Dazzling Gleam|p2a: Walking Wake\n|-supereffective|p2a: Walking Wake\n|-damage|p2a: Walking Wake|0 fnt\n|faint|p2a: Walking Wake\n|-end|p2a: Walking Wake|Protosynthesis|[silent]\n|\n|upkeep\n|\n|t:|1700452696\n|switch|p2a: Murkrow|Murkrow, M|100\/100\n|-damage|p2a: Murkrow|75\/100|[from] Stealth Rock\n|turn|9\n|\n|t:|1700452716\n|move|p2a: Murkrow|Torment|p1a: Iron Moth\n|-start|p1a: Iron Moth|Torment\n|move|p1a: Iron Moth|Fiery Dance|p2a: Murkrow\n|-damage|p2a: Murkrow|0 fnt\n|faint|p2a: Murkrow\n|\n|upkeep\n|\n|t:|1700452727\n|switch|p2a: Ninetales|Ninetales-Alola, F|100\/100\n|-damage|p2a: Ninetales|75\/100|[from] Stealth Rock\n|-weather|Snow|[from] ability: Snow Warning|[of] p2a: Ninetales\n|turn|10\n|\n|t:|1700452744\n|move|p1a: Iron Moth|Tera Blast|p2a: Ninetales|[anim] Tera Blast Ground\n|-damage|p2a: Ninetales|0 fnt\n|faint|p2a: Ninetales\n|\n|-weather|Snow|[upkeep]\n|upkeep\n|-message|juloan forfeited.\n|\n|win|lianyunbai\n|raw|lianyunbai's rating: 1533 &rarr; <strong>1550<\/strong><br \/>(+17 for winning)\n|raw|juloan's rating: 1487 &rarr; <strong>1470<\/strong><br \/>(-17 for losing)\n|l|\u2606juloan\n","uploadtime":1700452764,"views":21,"p1id":"lianyunbai","p2id":"juloan","formatid":"gen9ou","rating":1470,"private":0,"password":""}