{"id":"gen9ou-1988676651","p1":"NaokiS2","p2":"Plutonium PT","format":"[Gen 9] OU","log":"|j|\u2606NaokiS2\n|j|\u2606Plutonium PT\n|t:|1699749384\n|gametype|singles\n|player|p1|NaokiS2|marnie-masters3|\n|player|p2|Plutonium PT|clay|\n|teamsize|p1|6\n|teamsize|p2|6\n|gen|9\n|tier|[Gen 9] OU\n|rule|Sleep Clause Mod: Limit one foe put to sleep\n|rule|Species Clause: Limit one of each Pok\u00e9mon\n|rule|OHKO Clause: OHKO moves are banned\n|rule|Evasion Items Clause: Evasion items are banned\n|rule|Evasion Moves Clause: Evasion moves are banned\n|rule|Endless Battle Clause: Forcing endless battles is banned\n|rule|HP Percentage Mod: HP is shown in percentages\n|clearpoke\n|poke|p1|Amoonguss, F|\n|poke|p1|Gholdengo|\n|poke|p1|Zamazenta-*|\n|poke|p1|Ting-Lu|\n|poke|p1|Zapdos|\n|poke|p1|Slowking, M|\n|poke|p2|Clefable, F|\n|poke|p2|Cinderace, M|\n|poke|p2|Mandibuzz, F|\n|poke|p2|Clodsire, F|\n|poke|p2|Corviknight, F|\n|poke|p2|Ogerpon-Wellspring, F|\n|teampreview\n|c|\u2606Plutonium PT|vamo\n|c|\u2606NaokiS2|Hf\n|c|\u2606Plutonium PT|hf\n|\n|t:|1699749415\n|start\n|switch|p1a: Amoonguss|Amoonguss, F|100\/100\n|switch|p2a: Cinderace|Cinderace, M|100\/100\n|turn|1\n|\n|t:|1699749420\n|move|p2a: Cinderace|Pyro Ball|p1a: Amoonguss\n|-supereffective|p1a: Amoonguss\n|-damage|p1a: Amoonguss|17\/100\n|move|p1a: Amoonguss|Sludge Bomb|p2a: Cinderace\n|-damage|p2a: Cinderace|64\/100\n|\n|upkeep\n|turn|2\n|\n|t:|1699749427\n|switch|p1a: Zamazenta|Zamazenta|100\/100\n|-ability|p1a: Zamazenta|Dauntless Shield|boost\n|-boost|p1a: Zamazenta|def|1\n|move|p2a: Cinderace|U-turn|p1a: Zamazenta\n|-start|p2a: Cinderace|typechange|Bug|[from] ability: Libero\n|-resisted|p1a: Zamazenta\n|-damage|p1a: Zamazenta|92\/100\n|\n|t:|1699749431\n|switch|p2a: Clefable|Clefable, F|100\/100|[from] U-turn\n|\n|upkeep\n|turn|3\n|\n|t:|1699749440\n|move|p1a: Zamazenta|Heavy Slam|p2a: Clefable\n|-supereffective|p2a: Clefable\n|-damage|p2a: Clefable|39\/100\n|move|p2a: Clefable|Moonblast|p1a: Zamazenta\n|-supereffective|p1a: Zamazenta\n|-damage|p1a: Zamazenta|23\/100\n|-unboost|p1a: Zamazenta|spa|1\n|\n|upkeep\n|turn|4\n|\n|t:|1699749445\n|switch|p1a: Gholdengo|Gholdengo|100\/100\n|switch|p2a: Mandibuzz|Mandibuzz, F|100\/100\n|\n|upkeep\n|turn|5\n|\n|t:|1699749448\n|move|p1a: Gholdengo|Make It Rain|p2a: Mandibuzz\n|-damage|p2a: Mandibuzz|15\/100\n|-unboost|p1a: Gholdengo|spa|1\n|move|p2a: Mandibuzz|Foul Play|p1a: Gholdengo\n|-supereffective|p1a: Gholdengo\n|-damage|p1a: Gholdengo|64\/100\n|\n|upkeep\n|turn|6\n|\n|t:|1699749457\n|switch|p2a: Corviknight|Corviknight, F|100\/100\n|-ability|p2a: Corviknight|Pressure\n|move|p1a: Gholdengo|Make It Rain|p2a: Corviknight\n|-resisted|p2a: Corviknight\n|-damage|p2a: Corviknight|80\/100\n|-unboost|p1a: Gholdengo|spa|1\n|\n|-heal|p2a: Corviknight|86\/100|[from] item: Leftovers\n|upkeep\n|turn|7\n|\n|t:|1699749463\n|switch|p1a: Zapdos|Zapdos|100\/100\n|switch|p2a: Cinderace|Cinderace, M|64\/100\n|\n|upkeep\n|turn|8\n|\n|t:|1699749466\n|move|p2a: Cinderace|Pyro Ball|p1a: Zapdos\n|-damage|p1a: Zapdos|29\/100\n|move|p1a: Zapdos|Volt Switch|p2a: Cinderace\n|-damage|p2a: Cinderace|9\/100\n|\n|t:|1699749468\n|switch|p1a: Zamazenta|Zamazenta|23\/100|[from] Volt Switch\n|\n|upkeep\n|turn|9\n|\n|t:|1699749480\n|switch|p1a: Zapdos|Zapdos|29\/100\n|switch|p2a: Mandibuzz|Mandibuzz, F|15\/100\n|\n|upkeep\n|turn|10\n|\n|t:|1699749483\n|move|p1a: Zapdos|Roost|p1a: Zapdos\n|-heal|p1a: Zapdos|79\/100\n|-singleturn|p1a: Zapdos|move: Roost\n|move|p2a: Mandibuzz|Roost|p2a: Mandibuzz\n|-heal|p2a: Mandibuzz|65\/100\n|-singleturn|p2a: Mandibuzz|move: Roost\n|\n|upkeep\n|turn|11\n|\n|t:|1699749486\n|switch|p2a: Clodsire|Clodsire, F, shiny|100\/100\n|move|p1a: Zapdos|Volt Switch|p2a: Clodsire\n|-immune|p2a: Clodsire\n|\n|upkeep\n|turn|12\n|\n|t:|1699749493\n|switch|p1a: Ting-Lu|Ting-Lu|100\/100\n|-ability|p1a: Ting-Lu|Vessel of Ruin\n|move|p2a: Clodsire|Poison Jab|p1a: Ting-Lu\n|-resisted|p1a: Ting-Lu\n|-damage|p1a: Ting-Lu|95\/100\n|\n|upkeep\n|turn|13\n|\n|t:|1699749498\n|switch|p2a: Clefable|Clefable, F|39\/100\n|move|p1a: Ting-Lu|Stealth Rock|p2a: Clefable\n|-sidestart|p2: Plutonium PT|move: Stealth Rock\n|\n|upkeep\n|turn|14\n|\n|t:|1699749503\n|switch|p1a: Gholdengo|Gholdengo|64\/100\n|move|p2a: Clefable|Moonlight|p2a: Clefable\n|-heal|p2a: Clefable|89\/100\n|\n|upkeep\n|turn|15\n|\n|t:|1699749512\n|switch|p2a: Corviknight|Corviknight, F|86\/100\n|-damage|p2a: Corviknight|74\/100|[from] Stealth Rock\n|-ability|p2a: Corviknight|Pressure\n|move|p1a: Gholdengo|Make It Rain|p2a: Corviknight\n|-resisted|p2a: Corviknight\n|-damage|p2a: Corviknight|41\/100\n|-unboost|p1a: Gholdengo|spa|1\n|\n|-heal|p2a: Corviknight|47\/100|[from] item: Leftovers\n|upkeep\n|turn|16\n|\n|t:|1699749515\n|switch|p1a: Zapdos|Zapdos|79\/100\n|move|p2a: Corviknight|Roost|p2a: Corviknight\n|-heal|p2a: Corviknight|97\/100\n|-singleturn|p2a: Corviknight|move: Roost\n|\n|-heal|p2a: Corviknight|100\/100|[from] item: Leftovers\n|upkeep\n|turn|17\n|\n|t:|1699749524\n|switch|p1a: Ting-Lu|Ting-Lu|95\/100\n|-ability|p1a: Ting-Lu|Vessel of Ruin\n|switch|p2a: Clodsire|Clodsire, F, shiny|100\/100\n|-damage|p2a: Clodsire|94\/100|[from] Stealth Rock\n|\n|-heal|p2a: Clodsire|100\/100|[from] item: Leftovers\n|upkeep\n|turn|18\n|\n|t:|1699749530\n|switch|p2a: Mandibuzz|Mandibuzz, F|65\/100\n|move|p1a: Ting-Lu|Earthquake|p2a: Mandibuzz\n|-immune|p2a: Mandibuzz\n|\n|upkeep\n|turn|19\n|\n|t:|1699749535\n|switch|p1a: Zapdos|Zapdos|79\/100\n|move|p2a: Mandibuzz|Defog|p1a: Zapdos\n|-unboost|p1a: Zapdos|evasion|1\n|-sideend|p2: Plutonium PT|Stealth Rock|[from] move: Defog|[of] p2a: Mandibuzz\n|\n|upkeep\n|turn|20\n|\n|t:|1699749538\n|switch|p1a: Zamazenta|Zamazenta|23\/100\n|switch|p2a: Clodsire|Clodsire, F, shiny|100\/100\n|\n|upkeep\n|turn|21\n|\n|t:|1699749544\n|switch|p1a: Ting-Lu|Ting-Lu|95\/100\n|-ability|p1a: Ting-Lu|Vessel of Ruin\n|move|p2a: Clodsire|Earthquake|p1a: Ting-Lu\n|-damage|p1a: Ting-Lu|79\/100\n|\n|upkeep\n|turn|22\n|\n|t:|1699749549\n|switch|p2a: Mandibuzz|Mandibuzz, F|65\/100\n|move|p1a: Ting-Lu|Stealth Rock|p2a: Mandibuzz\n|-sidestart|p2: Plutonium PT|move: Stealth Rock\n|\n|upkeep\n|turn|23\n|\n|t:|1699749553\n|move|p2a: Mandibuzz|Roost|p2a: Mandibuzz\n|-heal|p2a: Mandibuzz|100\/100\n|-singleturn|p2a: Mandibuzz|move: Roost\n|move|p1a: Ting-Lu|Ruination|p2a: Mandibuzz\n|-damage|p2a: Mandibuzz|51\/100\n|\n|upkeep\n|turn|24\n|\n|t:|1699749557\n|move|p2a: Mandibuzz|Defog|p1a: Ting-Lu\n|-unboost|p1a: Ting-Lu|evasion|1\n|-sideend|p2: Plutonium PT|Stealth Rock|[from] move: Defog|[of] p2a: Mandibuzz\n|move|p1a: Ting-Lu|Ruination|p2a: Mandibuzz|[miss]\n|-miss|p1a: Ting-Lu|p2a: Mandibuzz\n|\n|upkeep\n|turn|25\n|\n|t:|1699749564\n|switch|p2a: Cinderace|Cinderace, M|9\/100\n|move|p1a: Ting-Lu|Stealth Rock|p2a: Cinderace\n|-sidestart|p2: Plutonium PT|move: Stealth Rock\n|\n|upkeep\n|turn|26\n|\n|t:|1699749570\n|move|p2a: Cinderace|Court Change|p2a: Cinderace\n|-start|p2a: Cinderace|typechange|Normal|[from] ability: Libero\n|-swapsideconditions\n|-activate|p2a: Cinderace|move: Court Change\n|move|p1a: Ting-Lu|Stealth Rock|p2a: Cinderace\n|-sidestart|p2: Plutonium PT|move: Stealth Rock\n|\n|upkeep\n|turn|27\n|\n|t:|1699749577\n|move|p2a: Cinderace|U-turn|p1a: Ting-Lu\n|-supereffective|p1a: Ting-Lu\n|-damage|p1a: Ting-Lu|56\/100\n|\n|t:|1699749583\n|switch|p2a: Corviknight|Corviknight, F|100\/100|[from] U-turn\n|-damage|p2a: Corviknight|88\/100|[from] Stealth Rock\n|-ability|p2a: Corviknight|Pressure\n|move|p1a: Ting-Lu|Earthquake|p2a: Corviknight\n|-immune|p2a: Corviknight\n|\n|-heal|p2a: Corviknight|94\/100|[from] item: Leftovers\n|upkeep\n|turn|28\n|\n|t:|1699749601\n|switch|p2a: Ogerpon|Ogerpon-Wellspring, F|100\/100\n|-damage|p2a: Ogerpon|88\/100|[from] Stealth Rock\n|move|p1a: Ting-Lu|Ruination|p2a: Ogerpon\n|-damage|p2a: Ogerpon|44\/100\n|\n|upkeep\n|turn|29\n|\n|t:|1699749624\n|switch|p1a: Slowking|Slowking, M|100\/100\n|move|p2a: Ogerpon|Knock Off|p1a: Slowking\n|-supereffective|p1a: Slowking\n|-damage|p1a: Slowking|24\/100\n|-enditem|p1a: Slowking|Heavy-Duty Boots|[from] move: Knock Off|[of] p2a: Ogerpon\n|\n|upkeep\n|turn|30\n|\n|t:|1699749630\n|switch|p1a: Zamazenta|Zamazenta|23\/100\n|move|p2a: Ogerpon|Knock Off|p1a: Zamazenta\n|-resisted|p1a: Zamazenta\n|-damage|p1a: Zamazenta|7\/100\n|-enditem|p1a: Zamazenta|Heavy-Duty Boots|[from] move: Knock Off|[of] p2a: Ogerpon\n|\n|upkeep\n|turn|31\n|\n|t:|1699749659\n|switch|p2a: Clodsire|Clodsire, F, shiny|100\/100\n|-damage|p2a: Clodsire|94\/100|[from] Stealth Rock\n|move|p1a: Zamazenta|Close Combat|p2a: Clodsire\n|-resisted|p2a: Clodsire\n|-damage|p2a: Clodsire|71\/100\n|-unboost|p1a: Zamazenta|def|1\n|-unboost|p1a: Zamazenta|spd|1\n|\n|-heal|p2a: Clodsire|77\/100|[from] item: Leftovers\n|upkeep\n|turn|32\n|\n|t:|1699749668\n|move|p1a: Zamazenta|Crunch|p2a: Clodsire\n|-damage|p2a: Clodsire|56\/100\n|move|p2a: Clodsire|Recover|p2a: Clodsire\n|-heal|p2a: Clodsire|100\/100\n|\n|upkeep\n|turn|33\n|\n|t:|1699749673\n|switch|p1a: Amoonguss|Amoonguss, F|50\/100\n|move|p2a: Clodsire|Earthquake|p1a: Amoonguss\n|-damage|p1a: Amoonguss|28\/100\n|\n|upkeep\n|turn|34\n|\n|t:|1699749682\n|switch|p1a: Zapdos|Zapdos|79\/100\n|move|p2a: Clodsire|Curse|p2a: Clodsire\n|-unboost|p2a: Clodsire|spe|1\n|-boost|p2a: Clodsire|atk|1\n|-boost|p2a: Clodsire|def|1\n|\n|upkeep\n|turn|35\n|\n|t:|1699749692\n|switch|p1a: Slowking|Slowking, M|57\/100\n|-damage|p1a: Slowking|45\/100|[from] Stealth Rock\n|move|p2a: Clodsire|Earthquake|p1a: Slowking\n|-damage|p1a: Slowking|2\/100\n|\n|upkeep\n|turn|36\n|\n|t:|1699749702\n|move|p1a: Slowking|Future Sight|p2a: Clodsire\n|-start|p1a: Slowking|move: Future Sight\n|move|p2a: Clodsire|Poison Jab|p1a: Slowking\n|-damage|p1a: Slowking|0 fnt\n|faint|p1a: Slowking\n|\n|upkeep\n|\n|t:|1699749703\n|switch|p1a: Ting-Lu|Ting-Lu|56\/100\n|-ability|p1a: Ting-Lu|Vessel of Ruin\n|turn|37\n|\n|t:|1699749707\n|switch|p2a: Mandibuzz|Mandibuzz, F|51\/100\n|move|p1a: Ting-Lu|Earthquake|p2a: Mandibuzz\n|-immune|p2a: Mandibuzz\n|\n|upkeep\n|turn|38\n|\n|t:|1699749710\n|switch|p1a: Zapdos|Zapdos|79\/100\n|move|p2a: Mandibuzz|Roost|p2a: Mandibuzz\n|-heal|p2a: Mandibuzz|100\/100\n|-singleturn|p2a: Mandibuzz|move: Roost\n|\n|-end|p2a: Mandibuzz|move: Future Sight\n|-immune|p2a: Mandibuzz\n|upkeep\n|turn|39\n|\n|t:|1699749722\n|switch|p2a: Clodsire|Clodsire, F, shiny|100\/100\n|-damage|p2a: Clodsire|94\/100|[from] Stealth Rock\n|move|p1a: Zapdos|Volt Switch|p2a: Clodsire\n|-immune|p2a: Clodsire\n|\n|-heal|p2a: Clodsire|100\/100|[from] item: Leftovers\n|upkeep\n|turn|40\n|\n|t:|1699749732\n|switch|p1a: Ting-Lu|Ting-Lu|56\/100\n|-ability|p1a: Ting-Lu|Vessel of Ruin\n|move|p2a: Clodsire|Poison Jab|p1a: Ting-Lu\n|-resisted|p1a: Ting-Lu\n|-damage|p1a: Ting-Lu|50\/100\n|\n|upkeep\n|turn|41\n|\n|t:|1699749749\n|switch|p1a: Gholdengo|Gholdengo|64\/100\n|-damage|p1a: Gholdengo|58\/100|[from] Stealth Rock\n|switch|p2a: Ogerpon|Ogerpon-Wellspring, F|44\/100\n|-damage|p2a: Ogerpon|32\/100|[from] Stealth Rock\n|\n|upkeep\n|turn|42\n|\n|t:|1699749758\n|switch|p1a: Amoonguss|Amoonguss, F|61\/100\n|move|p2a: Ogerpon|Knock Off|p1a: Amoonguss\n|-damage|p1a: Amoonguss|33\/100\n|-enditem|p1a: Amoonguss|Heavy-Duty Boots|[from] move: Knock Off|[of] p2a: Ogerpon\n|\n|upkeep\n|turn|43\n|\n|t:|1699749767\n|switch|p2a: Clodsire|Clodsire, F, shiny|100\/100\n|-damage|p2a: Clodsire|94\/100|[from] Stealth Rock\n|move|p1a: Amoonguss|Sludge Bomb|p2a: Clodsire\n|-resisted|p2a: Clodsire\n|-damage|p2a: Clodsire|90\/100\n|\n|-heal|p2a: Clodsire|96\/100|[from] item: Leftovers\n|upkeep\n|turn|44\n|\n|t:|1699749772\n|move|p1a: Amoonguss|Giga Drain|p2a: Clodsire\n|-damage|p2a: Clodsire|82\/100\n|-heal|p1a: Amoonguss|41\/100|[from] drain|[of] p2a: Clodsire\n|move|p2a: Clodsire|Curse|p2a: Clodsire\n|-unboost|p2a: Clodsire|spe|1\n|-boost|p2a: Clodsire|atk|1\n|-boost|p2a: Clodsire|def|1\n|\n|-heal|p2a: Clodsire|88\/100|[from] item: Leftovers\n|upkeep\n|turn|45\n|\n|t:|1699749775\n|move|p1a: Amoonguss|Spore|p2a: Clodsire\n|-status|p2a: Clodsire|slp|[from] move: Spore\n|cant|p2a: Clodsire|slp\n|\n|-heal|p2a: Clodsire|95\/100 slp|[from] item: Leftovers\n|upkeep\n|turn|46\n|\n|t:|1699749777\n|switch|p1a: Ting-Lu|Ting-Lu|50\/100\n|-ability|p1a: Ting-Lu|Vessel of Ruin\n|switch|p2a: Corviknight|Corviknight, F|94\/100\n|-damage|p2a: Corviknight|82\/100|[from] Stealth Rock\n|-ability|p2a: Corviknight|Pressure\n|\n|-heal|p2a: Corviknight|88\/100|[from] item: Leftovers\n|upkeep\n|turn|47\n|\n|t:|1699749780\n|move|p2a: Corviknight|Bulk Up|p2a: Corviknight\n|-boost|p2a: Corviknight|atk|1\n|-boost|p2a: Corviknight|def|1\n|move|p1a: Ting-Lu|Ruination|p2a: Corviknight\n|-damage|p2a: Corviknight|44\/100\n|\n|-heal|p2a: Corviknight|50\/100|[from] item: Leftovers\n|upkeep\n|turn|48\n|\n|t:|1699749782\n|switch|p1a: Gholdengo|Gholdengo|58\/100\n|-damage|p1a: Gholdengo|52\/100|[from] Stealth Rock\n|move|p2a: Corviknight|Bulk Up|p2a: Corviknight\n|-boost|p2a: Corviknight|atk|1\n|-boost|p2a: Corviknight|def|1\n|\n|-heal|p2a: Corviknight|57\/100|[from] item: Leftovers\n|upkeep\n|turn|49\n|\n|t:|1699749786\n|switch|p2a: Mandibuzz|Mandibuzz, F|100\/100\n|move|p1a: Gholdengo|Trick|p2a: Mandibuzz\n|-activate|p1a: Gholdengo|move: Trick|[of] p2a: Mandibuzz\n|-item|p2a: Mandibuzz|Choice Specs|[from] move: Trick\n|-item|p1a: Gholdengo|Heavy-Duty Boots|[from] move: Trick\n|\n|upkeep\n|turn|50\n|\n|t:|1699749789\n|move|p1a: Gholdengo|Recover|p1a: Gholdengo\n|-heal|p1a: Gholdengo|100\/100\n|move|p2a: Mandibuzz|Foul Play|p1a: Gholdengo\n|-supereffective|p1a: Gholdengo\n|-damage|p1a: Gholdengo|66\/100\n|\n|upkeep\n|turn|51\n|\n|t:|1699749797\n|move|p1a: Gholdengo|Make It Rain|p2a: Mandibuzz\n|-damage|p2a: Mandibuzz|48\/100\n|-unboost|p1a: Gholdengo|spa|1\n|move|p2a: Mandibuzz|Foul Play|p1a: Gholdengo\n|-supereffective|p1a: Gholdengo\n|-damage|p1a: Gholdengo|29\/100\n|\n|upkeep\n|turn|52\n|\n|t:|1699749804\n|switch|p2a: Corviknight|Corviknight, F|57\/100\n|-damage|p2a: Corviknight|44\/100|[from] Stealth Rock\n|-ability|p2a: Corviknight|Pressure\n|move|p1a: Gholdengo|Recover|p1a: Gholdengo\n|-heal|p1a: Gholdengo|79\/100\n|\n|-heal|p2a: Corviknight|50\/100|[from] item: Leftovers\n|upkeep\n|turn|53\n|\n|t:|1699749808\n|move|p1a: Gholdengo|Shadow Ball|p2a: Corviknight\n|-damage|p2a: Corviknight|31\/100\n|move|p2a: Corviknight|Roost|p2a: Corviknight\n|-heal|p2a: Corviknight|81\/100\n|-singleturn|p2a: Corviknight|move: Roost\n|\n|-heal|p2a: Corviknight|87\/100|[from] item: Leftovers\n|upkeep\n|turn|54\n|\n|t:|1699749812\n|move|p1a: Gholdengo|Trick|p2a: Corviknight\n|-activate|p1a: Gholdengo|move: Trick|[of] p2a: Corviknight\n|-item|p2a: Corviknight|Heavy-Duty Boots|[from] move: Trick\n|-item|p1a: Gholdengo|Leftovers|[from] move: Trick\n|move|p2a: Corviknight|Bulk Up|p2a: Corviknight\n|-boost|p2a: Corviknight|atk|1\n|-boost|p2a: Corviknight|def|1\n|\n|-heal|p1a: Gholdengo|85\/100|[from] item: Leftovers\n|upkeep\n|turn|55\n|\n|t:|1699749814\n|switch|p1a: Zapdos|Zapdos|79\/100\n|move|p2a: Corviknight|Bulk Up|p2a: Corviknight\n|-boost|p2a: Corviknight|atk|1\n|-boost|p2a: Corviknight|def|1\n|\n|upkeep\n|turn|56\n|\n|t:|1699749822\n|switch|p1a: Ting-Lu|Ting-Lu|50\/100\n|-ability|p1a: Ting-Lu|Vessel of Ruin\n|switch|p2a: Mandibuzz|Mandibuzz, F|48\/100\n|-damage|p2a: Mandibuzz|24\/100|[from] Stealth Rock\n|\n|upkeep\n|turn|57\n|\n|t:|1699749825\n|move|p2a: Mandibuzz|Roost|p2a: Mandibuzz\n|-heal|p2a: Mandibuzz|74\/100\n|-singleturn|p2a: Mandibuzz|move: Roost\n|move|p1a: Ting-Lu|Earthquake|p2a: Mandibuzz\n|-crit|p2a: Mandibuzz\n|-damage|p2a: Mandibuzz|42\/100\n|\n|upkeep\n|turn|58\n|\n|t:|1699749828\n|move|p2a: Mandibuzz|Roost|p2a: Mandibuzz\n|-heal|p2a: Mandibuzz|92\/100\n|-singleturn|p2a: Mandibuzz|move: Roost\n|move|p1a: Ting-Lu|Earthquake|p2a: Mandibuzz\n|-damage|p2a: Mandibuzz|70\/100\n|\n|upkeep\n|turn|59\n|\n|t:|1699749836\n|switch|p2a: Clefable|Clefable, F|89\/100\n|move|p1a: Ting-Lu|Ruination|p2a: Clefable\n|-damage|p2a: Clefable|45\/100\n|\n|upkeep\n|turn|60\n|\n|t:|1699749840\n|switch|p1a: Gholdengo|Gholdengo|85\/100\n|-damage|p1a: Gholdengo|79\/100|[from] Stealth Rock\n|move|p2a: Clefable|Moonlight|p2a: Clefable\n|-heal|p2a: Clefable|95\/100\n|\n|-heal|p1a: Gholdengo|85\/100|[from] item: Leftovers\n|upkeep\n|turn|61\n|\n|t:|1699749843\n|-terastallize|p2a: Clefable|Fire\n|move|p1a: Gholdengo|Shadow Ball|p2a: Clefable\n|-damage|p2a: Clefable|51\/100\n|-unboost|p2a: Clefable|spd|1\n|move|p2a: Clefable|Flamethrower|p1a: Gholdengo\n|-supereffective|p1a: Gholdengo\n|-damage|p1a: Gholdengo|0 fnt\n|faint|p1a: Gholdengo\n|\n|upkeep\n|\n|t:|1699749848\n|switch|p1a: Zapdos|Zapdos|79\/100\n|turn|62\n|\n|t:|1699749852\n|switch|p2a: Clodsire|Clodsire, F, shiny|95\/100 slp\n|-damage|p2a: Clodsire|88\/100 slp|[from] Stealth Rock\n|move|p1a: Zapdos|Hurricane|p2a: Clodsire\n|-damage|p2a: Clodsire|53\/100 slp\n|\n|-heal|p2a: Clodsire|59\/100 slp|[from] item: Leftovers\n|upkeep\n|turn|63\n|c|\u2606NaokiS2|Gg\n|c|\u2606Plutonium PT|gg\n|-message|NaokiS2 forfeited.\n|\n|win|Plutonium PT\n|l|\u2606NaokiS2\n","uploadtime":1699749865,"views":34,"p1id":"naokis2","p2id":"plutoniumpt","formatid":"gen9ou","rating":0,"private":0,"password":""}