{"id":"gen9ou-1992205810","p1":"Bi11 Russell","p2":"SashiBagel","format":"[Gen 9] OU","log":"|j|\u2606Bi11 Russell\n|j|\u2606SashiBagel\n|t:|1700163779\n|gametype|singles\n|player|p1|Bi11 Russell|hoopster|1211\n|player|p2|SashiBagel|klara|1147\n|teamsize|p1|6\n|teamsize|p2|6\n|gen|9\n|tier|[Gen 9] OU\n|rated|\n|rule|Sleep Clause Mod: Limit one foe put to sleep\n|rule|Species Clause: Limit one of each Pok\u00e9mon\n|rule|OHKO Clause: OHKO moves are banned\n|rule|Evasion Items Clause: Evasion items are banned\n|rule|Evasion Moves Clause: Evasion moves are banned\n|rule|Endless Battle Clause: Forcing endless battles is banned\n|rule|HP Percentage Mod: HP is shown in percentages\n|clearpoke\n|poke|p1|Gholdengo|\n|poke|p1|Sneasler, F|\n|poke|p1|Ribombee, F|\n|poke|p1|Rillaboom, M|\n|poke|p1|Heatran, M|\n|poke|p1|Walking Wake|\n|poke|p2|Ogerpon, F|\n|poke|p2|Slowking-Galar, M|\n|poke|p2|Goodra-Hisui, M|\n|poke|p2|Great Tusk|\n|poke|p2|Zapdos|\n|poke|p2|Kingambit, F|\n|teampreview\n|inactive|Battle timer is ON: inactive players will automatically lose when time's up. (requested by SashiBagel)\n|\n|t:|1700163787\n|start\n|switch|p1a: Ribombee|Ribombee, F|100\/100\n|switch|p2a: Zapdos|Zapdos|100\/100\n|turn|1\n|\n|t:|1700163793\n|move|p1a: Ribombee|Sticky Web|p2a: Zapdos\n|-sidestart|p2: SashiBagel|move: Sticky Web\n|move|p2a: Zapdos|Thunder Wave|p1a: Ribombee|[miss]\n|-miss|p2a: Zapdos|p1a: Ribombee\n|\n|upkeep\n|turn|2\n|\n|t:|1700163799\n|move|p1a: Ribombee|Moonblast|p2a: Zapdos\n|-damage|p2a: Zapdos|61\/100\n|move|p2a: Zapdos|Volt Switch|p1a: Ribombee\n|-damage|p1a: Ribombee|33\/100\n|\n|t:|1700163809\n|switch|p2a: Slowking|Slowking-Galar, M, shiny|100\/100|[from] Volt Switch\n|-activate|p2a: Slowking|move: Sticky Web\n|-unboost|p2a: Slowking|spe|1\n|\n|upkeep\n|turn|3\n|\n|t:|1700163818\n|switch|p1a: Heatran|Heatran, M|100\/100\n|move|p2a: Slowking|Future Sight|p1a: Heatran\n|-start|p2a: Slowking|move: Future Sight\n|\n|upkeep\n|turn|4\n|\n|t:|1700163824\n|move|p1a: Heatran|Magma Storm|p2a: Slowking\n|-damage|p2a: Slowking|74\/100\n|-activate|p2a: Slowking|move: Magma Storm|[of] p1a: Heatran\n|move|p2a: Slowking|Chilly Reception|p2a: Slowking\n|-weather|Snow\n|\n|t:|1700163831\n|switch|p2a: Great Tusk|Great Tusk|100\/100|[from] Chilly Reception\n|-activate|p2a: Great Tusk|move: Sticky Web\n|-unboost|p2a: Great Tusk|spe|1\n|\n|-weather|Snow|[upkeep]\n|upkeep\n|turn|5\n|\n|t:|1700163835\n|move|p1a: Heatran|Will-O-Wisp|p2a: Great Tusk\n|-status|p2a: Great Tusk|brn\n|move|p2a: Great Tusk|Rapid Spin|p1a: Heatran\n|-resisted|p1a: Heatran\n|-damage|p1a: Heatran|97\/100\n|-boost|p2a: Great Tusk|spe|1\n|-sideend|p2: SashiBagel|Sticky Web|[from] move: Rapid Spin|[of] p2a: Great Tusk\n|\n|-weather|Snow|[upkeep]\n|-end|p1a: Heatran|move: Future Sight\n|-resisted|p1a: Heatran\n|-damage|p1a: Heatran|81\/100\n|-heal|p1a: Heatran|87\/100|[from] item: Leftovers\n|-damage|p2a: Great Tusk|94\/100 brn|[from] brn\n|upkeep\n|turn|6\n|\n|t:|1700163842\n|move|p1a: Heatran|Protect|p1a: Heatran\n|-singleturn|p1a: Heatran|Protect\n|move|p2a: Great Tusk|Headlong Rush|p1a: Heatran\n|-activate|p1a: Heatran|move: Protect\n|\n|-weather|Snow|[upkeep]\n|-heal|p1a: Heatran|94\/100|[from] item: Leftovers\n|-damage|p2a: Great Tusk|88\/100 brn|[from] brn\n|upkeep\n|turn|7\n|\n|t:|1700163846\n|switch|p1a: Ribombee|Ribombee, F|33\/100\n|move|p2a: Great Tusk|Headlong Rush|p1a: Ribombee\n|-resisted|p1a: Ribombee\n|-crit|p1a: Ribombee\n|-damage|p1a: Ribombee|0 fnt\n|-unboost|p2a: Great Tusk|def|1\n|-unboost|p2a: Great Tusk|spd|1\n|faint|p1a: Ribombee\n|\n|-weather|Snow|[upkeep]\n|-damage|p2a: Great Tusk|82\/100 brn|[from] brn\n|upkeep\n|\n|t:|1700163853\n|switch|p1a: Walking Wake|Walking Wake|100\/100\n|turn|8\n|\n|t:|1700163860\n|-end|p2a: Great Tusk|Protosynthesis|[silent]\n|switch|p2a: Slowking|Slowking-Galar, M, shiny|100\/100\n|move|p1a: Walking Wake|Scald|p2a: Slowking\n|-damage|p2a: Slowking|74\/100\n|\n|-weather|none\n|-heal|p2a: Slowking|80\/100|[from] item: Black Sludge\n|upkeep\n|turn|9\n|\n|t:|1700163872\n|move|p1a: Walking Wake|Mud Shot|p2a: Slowking\n|-supereffective|p2a: Slowking\n|-damage|p2a: Slowking|57\/100\n|-unboost|p2a: Slowking|spe|1\n|move|p2a: Slowking|Future Sight|p1a: Walking Wake\n|-start|p2a: Slowking|move: Future Sight\n|\n|-heal|p2a: Slowking|63\/100|[from] item: Black Sludge\n|upkeep\n|turn|10\n|\n|t:|1700163881\n|move|p1a: Walking Wake|Draco Meteor|p2a: Slowking\n|-damage|p2a: Slowking|21\/100\n|-unboost|p1a: Walking Wake|spa|2\n|move|p2a: Slowking|Thunder Wave|p1a: Walking Wake\n|-status|p1a: Walking Wake|par\n|\n|-heal|p2a: Slowking|27\/100|[from] item: Black Sludge\n|upkeep\n|turn|11\n|\n|t:|1700163890\n|-end|p1a: Walking Wake|Protosynthesis|[silent]\n|switch|p1a: Gholdengo|Gholdengo|100\/100\n|switch|p2a: Ogerpon|Ogerpon, F|100\/100\n|\n|-end|p1a: Gholdengo|move: Future Sight\n|-resisted|p1a: Gholdengo\n|-damage|p1a: Gholdengo|75\/100\n|upkeep\n|turn|12\n|\n|t:|1700163898\n|switch|p1a: Rillaboom|Rillaboom, M|100\/100\n|-fieldstart|move: Grassy Terrain|[from] ability: Grassy Surge|[of] p1a: Rillaboom\n|move|p2a: Ogerpon|Knock Off|p1a: Rillaboom\n|-damage|p1a: Rillaboom|74\/100\n|-enditem|p1a: Rillaboom|Terrain Extender|[from] move: Knock Off|[of] p2a: Ogerpon\n|\n|-heal|p1a: Rillaboom|80\/100|[from] Grassy Terrain\n|upkeep\n|turn|13\n|\n|t:|1700163910\n|move|p2a: Ogerpon|Ivy Cudgel|p1a: Rillaboom\n|-resisted|p1a: Rillaboom\n|-damage|p1a: Rillaboom|49\/100\n|move|p1a: Rillaboom|Drum Beating|p2a: Ogerpon\n|-resisted|p2a: Ogerpon\n|-damage|p2a: Ogerpon|74\/100\n|-unboost|p2a: Ogerpon|spe|1\n|-ability|p2a: Ogerpon|Defiant|boost\n|-boost|p2a: Ogerpon|atk|2\n|\n|-heal|p1a: Rillaboom|55\/100|[from] Grassy Terrain\n|-heal|p2a: Ogerpon|80\/100|[from] Grassy Terrain\n|upkeep\n|turn|14\n|\n|t:|1700163921\n|move|p1a: Rillaboom|U-turn|p2a: Ogerpon\n|-supereffective|p2a: Ogerpon\n|-damage|p2a: Ogerpon|34\/100\n|\n|t:|1700163924\n|switch|p1a: Heatran|Heatran, M|94\/100|[from] U-turn\n|move|p2a: Ogerpon|Ivy Cudgel|p1a: Heatran\n|-resisted|p1a: Heatran\n|-damage|p1a: Heatran|65\/100\n|\n|-heal|p2a: Ogerpon|40\/100|[from] Grassy Terrain\n|-heal|p1a: Heatran|71\/100|[from] Grassy Terrain\n|-heal|p1a: Heatran|78\/100|[from] item: Leftovers\n|upkeep\n|turn|15\n|\n|t:|1700163934\n|switch|p2a: Slowking|Slowking-Galar, M, shiny|60\/100\n|move|p1a: Heatran|Protect||[still]\n|-fail|p1a: Heatran\n|\n|-heal|p1a: Heatran|84\/100|[from] Grassy Terrain\n|-heal|p1a: Heatran|90\/100|[from] item: Leftovers\n|-heal|p2a: Slowking|66\/100|[from] Grassy Terrain\n|-heal|p2a: Slowking|72\/100|[from] item: Black Sludge\n|upkeep\n|turn|16\n|\n|t:|1700163943\n|move|p1a: Heatran|Earth Power|p2a: Slowking\n|-supereffective|p2a: Slowking\n|-damage|p2a: Slowking|41\/100\n|move|p2a: Slowking|Future Sight|p1a: Heatran\n|-start|p2a: Slowking|move: Future Sight\n|\n|-heal|p1a: Heatran|96\/100|[from] Grassy Terrain\n|-heal|p1a: Heatran|100\/100|[from] item: Leftovers\n|-heal|p2a: Slowking|47\/100|[from] Grassy Terrain\n|-heal|p2a: Slowking|53\/100|[from] item: Black Sludge\n|upkeep\n|turn|17\n|\n|t:|1700163954\n|switch|p2a: Zapdos|Zapdos|61\/100\n|move|p1a: Heatran|Magma Storm|p2a: Zapdos\n|-damage|p2a: Zapdos|17\/100\n|-activate|p2a: Zapdos|move: Magma Storm|[of] p1a: Heatran\n|\n|-damage|p2a: Zapdos|5\/100|[from] move: Magma Storm|[partiallytrapped]\n|upkeep\n|turn|18\n|\n|t:|1700163963\n|move|p1a: Heatran|Protect|p1a: Heatran\n|-singleturn|p1a: Heatran|Protect\n|move|p2a: Zapdos|Roost|p2a: Zapdos\n|-heal|p2a: Zapdos|55\/100\n|-singleturn|p2a: Zapdos|move: Roost\n|\n|-end|p1a: Heatran|move: Future Sight\n|-resisted|p1a: Heatran\n|-damage|p1a: Heatran|85\/100\n|-heal|p2a: Zapdos|61\/100|[from] Grassy Terrain\n|-heal|p1a: Heatran|91\/100|[from] Grassy Terrain\n|-heal|p1a: Heatran|97\/100|[from] item: Leftovers\n|-damage|p2a: Zapdos|49\/100|[from] move: Magma Storm|[partiallytrapped]\n|upkeep\n|turn|19\n|\n|t:|1700163968\n|move|p2a: Zapdos|Volt Switch|p1a: Heatran\n|-damage|p1a: Heatran|75\/100\n|\n|t:|1700163974\n|switch|p2a: Slowking|Slowking-Galar, M, shiny|86\/100|[from] Volt Switch\n|move|p1a: Heatran|Magma Storm|p2a: Slowking\n|-damage|p2a: Slowking|62\/100\n|-activate|p2a: Slowking|move: Magma Storm|[of] p1a: Heatran\n|\n|-heal|p1a: Heatran|81\/100|[from] Grassy Terrain\n|-heal|p1a: Heatran|87\/100|[from] item: Leftovers\n|-heal|p2a: Slowking|69\/100|[from] Grassy Terrain\n|-heal|p2a: Slowking|75\/100|[from] item: Black Sludge\n|-damage|p2a: Slowking|62\/100|[from] move: Magma Storm|[partiallytrapped]\n|-fieldend|move: Grassy Terrain\n|upkeep\n|turn|20\n|\n|t:|1700163980\n|move|p1a: Heatran|Earth Power|p2a: Slowking\n|-supereffective|p2a: Slowking\n|-damage|p2a: Slowking|33\/100\n|move|p2a: Slowking|Slack Off|p2a: Slowking\n|-heal|p2a: Slowking|83\/100\n|\n|-heal|p1a: Heatran|93\/100|[from] item: Leftovers\n|-heal|p2a: Slowking|89\/100|[from] item: Black Sludge\n|-damage|p2a: Slowking|77\/100|[from] move: Magma Storm|[partiallytrapped]\n|upkeep\n|turn|21\n|\n|t:|1700163987\n|move|p1a: Heatran|Earth Power|p2a: Slowking\n|-supereffective|p2a: Slowking\n|-damage|p2a: Slowking|46\/100\n|move|p2a: Slowking|Chilly Reception|p2a: Slowking\n|-weather|Snow\n|\n|t:|1700163993\n|switch|p2a: Great Tusk|Great Tusk|82\/100 brn|[from] Chilly Reception\n|\n|-weather|Snow|[upkeep]\n|-heal|p1a: Heatran|99\/100|[from] item: Leftovers\n|-damage|p2a: Great Tusk|76\/100 brn|[from] brn\n|upkeep\n|turn|22\n|\n|t:|1700164002\n|switch|p1a: Walking Wake|Walking Wake|100\/100 par\n|move|p2a: Great Tusk|Headlong Rush|p1a: Walking Wake\n|-damage|p1a: Walking Wake|65\/100 par\n|-unboost|p2a: Great Tusk|def|1\n|-unboost|p2a: Great Tusk|spd|1\n|\n|-weather|Snow|[upkeep]\n|-damage|p2a: Great Tusk|69\/100 brn|[from] brn\n|upkeep\n|turn|23\n|\n|t:|1700164012\n|-end|p2a: Great Tusk|Protosynthesis|[silent]\n|switch|p2a: Slowking|Slowking-Galar, M, shiny|80\/100\n|move|p1a: Walking Wake|Scald|p2a: Slowking\n|-crit|p2a: Slowking\n|-damage|p2a: Slowking|41\/100\n|-status|p2a: Slowking|brn\n|\n|-weather|Snow|[upkeep]\n|-heal|p2a: Slowking|47\/100 brn|[from] item: Black Sludge\n|-damage|p2a: Slowking|41\/100 brn|[from] brn\n|upkeep\n|turn|24\n|\n|t:|1700164019\n|move|p1a: Walking Wake|Draco Meteor|p2a: Slowking\n|-damage|p2a: Slowking|0 fnt\n|-unboost|p1a: Walking Wake|spa|2\n|faint|p2a: Slowking\n|\n|-weather|Snow|[upkeep]\n|upkeep\n|\n|t:|1700164031\n|switch|p2a: Zapdos|Zapdos|49\/100\n|turn|25\n|\n|t:|1700164038\n|-end|p1a: Walking Wake|Protosynthesis|[silent]\n|switch|p1a: Heatran|Heatran, M|99\/100\n|move|p2a: Zapdos|Roost|p2a: Zapdos\n|-heal|p2a: Zapdos|99\/100\n|-singleturn|p2a: Zapdos|move: Roost\n|\n|-weather|none\n|-heal|p1a: Heatran|100\/100|[from] item: Leftovers\n|upkeep\n|turn|26\n|\n|t:|1700164046\n|move|p2a: Zapdos|Volt Switch|p1a: Heatran\n|-damage|p1a: Heatran|75\/100\n|\n|t:|1700164049\n|switch|p2a: Great Tusk|Great Tusk|69\/100 brn|[from] Volt Switch\n|move|p1a: Heatran|Magma Storm|p2a: Great Tusk\n|-damage|p2a: Great Tusk|35\/100 brn\n|-activate|p2a: Great Tusk|move: Magma Storm|[of] p1a: Heatran\n|\n|-heal|p1a: Heatran|81\/100|[from] item: Leftovers\n|-damage|p2a: Great Tusk|28\/100 brn|[from] brn\n|-damage|p2a: Great Tusk|16\/100 brn|[from] move: Magma Storm|[partiallytrapped]\n|upkeep\n|turn|27\n|\n|t:|1700164055\n|move|p1a: Heatran|Protect|p1a: Heatran\n|-singleturn|p1a: Heatran|Protect\n|move|p2a: Great Tusk|Close Combat|p1a: Heatran\n|-activate|p1a: Heatran|move: Protect\n|\n|-heal|p1a: Heatran|87\/100|[from] item: Leftovers\n|-damage|p2a: Great Tusk|10\/100 brn|[from] brn\n|-damage|p2a: Great Tusk|0 fnt|[from] move: Magma Storm|[partiallytrapped]\n|faint|p2a: Great Tusk\n|-end|p2a: Great Tusk|Protosynthesis|[silent]\n|upkeep\n|\n|t:|1700164061\n|switch|p2a: Goodra|Goodra-Hisui, M|100\/100\n|turn|28\n|\n|t:|1700164064\n|move|p1a: Heatran|Magma Storm|p2a: Goodra\n|-damage|p2a: Goodra|84\/100\n|-activate|p2a: Goodra|move: Magma Storm|[of] p1a: Heatran\n|move|p2a: Goodra|Surf|p1a: Heatran\n|-supereffective|p1a: Heatran\n|-crit|p1a: Heatran\n|-damage|p1a: Heatran|40\/100\n|\n|-heal|p1a: Heatran|46\/100|[from] item: Leftovers\n|-damage|p2a: Goodra|72\/100|[from] move: Magma Storm|[partiallytrapped]\n|upkeep\n|turn|29\n|\n|t:|1700164073\n|move|p1a: Heatran|Earth Power|p2a: Goodra\n|-supereffective|p2a: Goodra\n|-damage|p2a: Goodra|51\/100\n|-unboost|p2a: Goodra|spd|1\n|move|p2a: Goodra|Dragon Tail|p1a: Heatran\n|-resisted|p1a: Heatran\n|-damage|p1a: Heatran|38\/100\n|drag|p1a: Walking Wake|Walking Wake|65\/100 par\n|\n|-end|p2a: Goodra|Magma Storm|[partiallytrapped]|[silent]\n|upkeep\n|turn|30\n|\n|t:|1700164083\n|-end|p1a: Walking Wake|Protosynthesis|[silent]\n|switch|p1a: Heatran|Heatran, M|38\/100\n|switch|p2a: Ogerpon|Ogerpon, F|40\/100\n|\n|-heal|p1a: Heatran|44\/100|[from] item: Leftovers\n|upkeep\n|turn|31\n|\n|t:|1700164090\n|move|p2a: Ogerpon|Knock Off|p1a: Heatran\n|-damage|p1a: Heatran|20\/100\n|-status|p2a: Ogerpon|brn|[from] ability: Flame Body|[of] p1a: Heatran\n|-enditem|p1a: Heatran|Leftovers|[from] move: Knock Off|[of] p2a: Ogerpon\n|move|p1a: Heatran|Will-O-Wisp|p2a: Ogerpon\n|-fail|p2a: Ogerpon|brn\n|\n|-damage|p2a: Ogerpon|34\/100 brn|[from] brn\n|upkeep\n|turn|32\n|\n|t:|1700164110\n|move|p2a: Ogerpon|Knock Off|p1a: Heatran\n|-damage|p1a: Heatran|14\/100\n|move|p1a: Heatran|Magma Storm|p2a: Ogerpon\n|-supereffective|p2a: Ogerpon\n|-damage|p2a: Ogerpon|0 fnt\n|faint|p2a: Ogerpon\n|\n|upkeep\n|\n|t:|1700164119\n|switch|p2a: Goodra|Goodra-Hisui, M|51\/100\n|turn|33\n|\n|t:|1700164125\n|switch|p1a: Rillaboom|Rillaboom, M|55\/100\n|-fieldstart|move: Grassy Terrain|[from] ability: Grassy Surge|[of] p1a: Rillaboom\n|move|p2a: Goodra|Flash Cannon|p1a: Rillaboom\n|-damage|p1a: Rillaboom|4\/100\n|\n|-heal|p1a: Rillaboom|10\/100|[from] Grassy Terrain\n|-heal|p2a: Goodra|57\/100|[from] Grassy Terrain\n|upkeep\n|turn|34\n|\n|t:|1700164132\n|move|p1a: Rillaboom|Earthquake|p2a: Goodra\n|-supereffective|p2a: Goodra\n|-damage|p2a: Goodra|25\/100\n|move|p2a: Goodra|Flash Cannon|p1a: Rillaboom\n|-damage|p1a: Rillaboom|0 fnt\n|faint|p1a: Rillaboom\n|\n|-heal|p2a: Goodra|32\/100|[from] Grassy Terrain\n|upkeep\n|\n|t:|1700164139\n|switch|p1a: Sneasler|Sneasler, F|100\/100\n|-enditem|p1a: Sneasler|Grassy Seed\n|-boost|p1a: Sneasler|def|1|[from] item: Grassy Seed\n|turn|35\n|\n|t:|1700164149\n|move|p1a: Sneasler|Close Combat|p2a: Goodra\n|-supereffective|p2a: Goodra\n|-damage|p2a: Goodra|0 fnt\n|-unboost|p1a: Sneasler|def|1\n|-unboost|p1a: Sneasler|spd|1\n|-ability|p2a: Goodra|Gooey\n|-unboost|p1a: Sneasler|spe|1\n|faint|p2a: Goodra\n|\n|upkeep\n|\n|t:|1700164159\n|switch|p2a: Zapdos|Zapdos|99\/100\n|turn|36\n|\n|t:|1700164165\n|move|p1a: Sneasler|Dire Claw|p2a: Zapdos\n|-damage|p2a: Zapdos|52\/100\n|move|p2a: Zapdos|Hurricane|p1a: Sneasler\n|-supereffective|p1a: Sneasler\n|-damage|p1a: Sneasler|0 fnt\n|faint|p1a: Sneasler\n|\n|upkeep\n|\n|t:|1700164175\n|switch|p1a: Walking Wake|Walking Wake|65\/100 par\n|turn|37\n|\n|t:|1700164179\n|move|p2a: Zapdos|Volt Switch|p1a: Walking Wake\n|-damage|p1a: Walking Wake|32\/100 par\n|\n|t:|1700164182\n|switch|p2a: Kingambit|Kingambit, F|100\/100|[from] Volt Switch\n|-activate|p2a: Kingambit|ability: Supreme Overlord\n|-start|p2a: Kingambit|fallen4|[silent]\n|move|p1a: Walking Wake|Scald|p2a: Kingambit\n|-damage|p2a: Kingambit|54\/100\n|\n|-heal|p1a: Walking Wake|39\/100 par|[from] Grassy Terrain\n|-heal|p2a: Kingambit|60\/100|[from] Grassy Terrain\n|-fieldend|move: Grassy Terrain\n|upkeep\n|turn|38\n|\n|t:|1700164192\n|-end|p1a: Walking Wake|Protosynthesis|[silent]\n|switch|p1a: Heatran|Heatran, M|14\/100\n|move|p2a: Kingambit|Kowtow Cleave|p1a: Heatran\n|-damage|p1a: Heatran|0 fnt\n|faint|p1a: Heatran\n|\n|upkeep\n|\n|t:|1700164203\n|switch|p1a: Walking Wake|Walking Wake|39\/100 par\n|turn|39\n|\n|t:|1700164208\n|move|p2a: Kingambit|Sucker Punch|p1a: Walking Wake\n|-damage|p1a: Walking Wake|0 fnt\n|faint|p1a: Walking Wake\n|-end|p1a: Walking Wake|Protosynthesis|[silent]\n|\n|upkeep\n|\n|t:|1700164210\n|switch|p1a: Gholdengo|Gholdengo|75\/100\n|turn|40\n|\n|t:|1700164218\n|-terastallize|p1a: Gholdengo|Steel\n|move|p2a: Kingambit|Sucker Punch||[still]\n|-fail|p2a: Kingambit\n|move|p1a: Gholdengo|Nasty Plot|p1a: Gholdengo\n|-boost|p1a: Gholdengo|spa|2\n|\n|upkeep\n|turn|41\n|\n|t:|1700164223\n|move|p2a: Kingambit|Sucker Punch|p1a: Gholdengo\n|-damage|p1a: Gholdengo|6\/100\n|move|p1a: Gholdengo|Thunderbolt|p2a: Kingambit\n|-damage|p2a: Kingambit|0 fnt\n|faint|p2a: Kingambit\n|-end|p2a: Kingambit|fallen4|[silent]\n|\n|upkeep\n|\n|t:|1700164231\n|switch|p2a: Zapdos|Zapdos|52\/100\n|turn|42\n|\n|t:|1700164243\n|move|p1a: Gholdengo|Shadow Ball|p2a: Zapdos\n|-damage|p2a: Zapdos|0 fnt\n|faint|p2a: Zapdos\n|\n|win|Bi11 Russell\n|raw|Bi11 Russell's rating: 1211 &rarr; <strong>1231<\/strong><br \/>(+20 for winning)\n|raw|SashiBagel's rating: 1147 &rarr; <strong>1127<\/strong><br \/>(-20 for losing)\n|c|\u2606Bi11 Russell|gg\n","uploadtime":1700164250,"views":34,"p1id":"bi11russell","p2id":"sashibagel","formatid":"gen9ou","rating":1127,"private":0,"password":""}