{"id":"gen9ou-1994498263","p1":"DoubleWarp","p2":"xpoke94","format":"[Gen 9] OU","log":"|j|\u2606DoubleWarp\n|j|\u2606xpoke94\n|t:|1700451002\n|gametype|singles\n|player|p1|DoubleWarp|169|1565\n|player|p2|xpoke94|102|1462\n|teamsize|p1|6\n|teamsize|p2|6\n|gen|9\n|tier|[Gen 9] OU\n|rated|\n|rule|Sleep Clause Mod: Limit one foe put to sleep\n|rule|Species Clause: Limit one of each Pok\u00e9mon\n|rule|OHKO Clause: OHKO moves are banned\n|rule|Evasion Items Clause: Evasion items are banned\n|rule|Evasion Moves Clause: Evasion moves are banned\n|rule|Endless Battle Clause: Forcing endless battles is banned\n|rule|HP Percentage Mod: HP is shown in percentages\n|clearpoke\n|poke|p1|Torkoal, M|\n|poke|p1|Walking Wake|\n|poke|p1|Meowscarada, M|\n|poke|p1|Corviknight, M|\n|poke|p1|Clodsire, M|\n|poke|p1|Zamazenta-*|\n|poke|p2|Blissey, F|\n|poke|p2|Kingambit, M|\n|poke|p2|Weezing-Galar, M|\n|poke|p2|Hydreigon, M|\n|poke|p2|Dondozo, F|\n|poke|p2|Sandy Shocks|\n|teampreview\n|inactive|Battle timer is ON: inactive players will automatically lose when time's up. (requested by xpoke94)\n|\n|t:|1700451013\n|start\n|switch|p1a: Will|Torkoal, M|100\/100\n|switch|p2a: Sandy Shocks|Sandy Shocks|100\/100\n|-weather|SunnyDay|[from] ability: Drought|[of] p1a: Will\n|-activate|p2a: Sandy Shocks|ability: Protosynthesis\n|-start|p2a: Sandy Shocks|protosynthesisspa\n|turn|1\n|\n|t:|1700451024\n|switch|p1a: Kelley|Clodsire, M|100\/100\n|move|p2a: Sandy Shocks|Thunderbolt|p1a: Kelley\n|-immune|p1a: Kelley\n|\n|-weather|SunnyDay|[upkeep]\n|upkeep\n|turn|2\n|\n|t:|1700451031\n|-end|p2a: Sandy Shocks|Protosynthesis|[silent]\n|switch|p2a: Weezing|Weezing-Galar, M|100\/100\n|move|p1a: Kelley|Earthquake|p2a: Weezing\n|-immune|p2a: Weezing|[from] ability: Levitate\n|\n|-weather|SunnyDay|[upkeep]\n|upkeep\n|turn|3\n|\n|t:|1700451043\n|switch|p1a: Will|Torkoal, M|100\/100\n|move|p2a: Weezing|Will-O-Wisp|p1a: Will\n|-immune|p1a: Will\n|\n|-weather|SunnyDay|[upkeep]\n|upkeep\n|turn|4\n|\n|t:|1700451051\n|switch|p2a: Sandy Shocks|Sandy Shocks|100\/100\n|-activate|p2a: Sandy Shocks|ability: Protosynthesis\n|-start|p2a: Sandy Shocks|protosynthesisspa\n|move|p1a: Will|Stealth Rock|p2a: Sandy Shocks\n|-sidestart|p2: xpoke94|move: Stealth Rock\n|\n|-weather|SunnyDay|[upkeep]\n|upkeep\n|turn|5\n|\n|t:|1700451059\n|switch|p1a: Kelley|Clodsire, M|100\/100\n|move|p2a: Sandy Shocks|Thunderbolt|p1a: Kelley\n|-immune|p1a: Kelley\n|\n|-weather|SunnyDay|[upkeep]\n|upkeep\n|turn|6\n|\n|t:|1700451067\n|-end|p2a: Sandy Shocks|Protosynthesis|[silent]\n|switch|p2a: Weezing|Weezing-Galar, M|100\/100\n|switch|p1a: Alan|Walking Wake|100\/100\n|-activate|p1a: Alan|ability: Protosynthesis\n|-start|p1a: Alan|protosynthesisspa\n|\n|-weather|SunnyDay|[upkeep]\n|upkeep\n|turn|7\n|\n|t:|1700451076\n|switch|p2a: Blissey|Blissey, F|100\/100\n|-terastallize|p1a: Alan|Water\n|move|p1a: Alan|Hydro Steam|p2a: Blissey\n|-damage|p2a: Blissey|44\/100\n|\n|-weather|SunnyDay|[upkeep]\n|upkeep\n|turn|8\n|\n|t:|1700451088\n|move|p1a: Alan|Hydro Steam|p2a: Blissey\n|-damage|p2a: Blissey|0 fnt\n|faint|p2a: Blissey\n|\n|-weather|none\n|-end|p1a: Alan|Protosynthesis\n|upkeep\n|\n|t:|1700451095\n|switch|p2a: Sandy Shocks|Sandy Shocks|100\/100\n|-damage|p2a: Sandy Shocks|94\/100|[from] Stealth Rock\n|turn|9\n|inactive|DoubleWarp has 120 seconds left.\n|\n|t:|1700451145\n|move|p2a: Sandy Shocks|Volt Switch|p1a: Alan\n|-supereffective|p1a: Alan\n|-damage|p1a: Alan|10\/100\n|\n|t:|1700451150\n|-end|p2a: Sandy Shocks|Protosynthesis|[silent]\n|switch|p2a: Dondozo|Dondozo, F|100\/100|[from] Volt Switch\n|-damage|p2a: Dondozo|88\/100|[from] Stealth Rock\n|move|p1a: Alan|Hydro Steam|p2a: Dondozo\n|-resisted|p2a: Dondozo\n|-damage|p2a: Dondozo|49\/100\n|\n|upkeep\n|turn|10\n|\n|t:|1700451159\n|-end|p1a: Alan|Protosynthesis|[silent]\n|switch|p1a: Spencer|Corviknight, M|100\/100\n|-ability|p1a: Spencer|Pressure\n|move|p2a: Dondozo|Rest|p2a: Dondozo\n|-status|p2a: Dondozo|slp|[from] move: Rest\n|-heal|p2a: Dondozo|100\/100 slp|[silent]\n|-enditem|p2a: Dondozo|Chesto Berry|[eat]\n|-curestatus|p2a: Dondozo|slp|[msg]\n|\n|upkeep\n|turn|11\n|\n|t:|1700451171\n|move|p1a: Spencer|U-turn|p2a: Dondozo\n|-damage|p2a: Dondozo|94\/100\n|\n|t:|1700451174\n|switch|p1a: Thomas|Meowscarada, M|100\/100|[from] U-turn\n|move|p2a: Dondozo|Curse|p2a: Dondozo\n|-unboost|p2a: Dondozo|spe|1\n|-boost|p2a: Dondozo|atk|1\n|-boost|p2a: Dondozo|def|1\n|\n|upkeep\n|turn|12\n|\n|t:|1700451183\n|move|p1a: Thomas|Flower Trick|p2a: Dondozo\n|-start|p1a: Thomas|typechange|Grass|[from] ability: Protean\n|-supereffective|p2a: Dondozo\n|-crit|p2a: Dondozo\n|-damage|p2a: Dondozo|34\/100\n|move|p2a: Dondozo|Body Press|p1a: Thomas\n|-damage|p1a: Thomas|40\/100\n|\n|upkeep\n|turn|13\n|\n|t:|1700451193\n|switch|p2a: Weezing|Weezing-Galar, M|100\/100\n|move|p1a: Thomas|Flower Trick|p2a: Weezing\n|-resisted|p2a: Weezing\n|-crit|p2a: Weezing\n|-damage|p2a: Weezing|79\/100\n|\n|upkeep\n|turn|14\n|\n|t:|1700451201\n|switch|p1a: Will|Torkoal, M|100\/100\n|-weather|SunnyDay|[from] ability: Drought|[of] p1a: Will\n|move|p2a: Weezing|Defog|p1a: Will\n|-unboost|p1a: Will|evasion|1\n|-sideend|p2: xpoke94|Stealth Rock|[from] move: Defog|[of] p2a: Weezing\n|\n|-weather|SunnyDay|[upkeep]\n|upkeep\n|turn|15\n|\n|t:|1700451210\n|switch|p2a: Sandy Shocks|Sandy Shocks|94\/100\n|-activate|p2a: Sandy Shocks|ability: Protosynthesis\n|-start|p2a: Sandy Shocks|protosynthesisspa\n|move|p1a: Will|Stealth Rock|p2a: Sandy Shocks\n|-sidestart|p2: xpoke94|move: Stealth Rock\n|\n|-weather|SunnyDay|[upkeep]\n|upkeep\n|turn|16\n|\n|t:|1700451220\n|switch|p1a: Kelley|Clodsire, M|100\/100\n|move|p2a: Sandy Shocks|Earth Power|p1a: Kelley\n|-supereffective|p1a: Kelley\n|-damage|p1a: Kelley|29\/100\n|\n|-weather|SunnyDay|[upkeep]\n|-heal|p1a: Kelley|36\/100|[from] item: Leftovers\n|upkeep\n|turn|17\n|\n|t:|1700451229\n|-end|p2a: Sandy Shocks|Protosynthesis|[silent]\n|switch|p2a: Hydreigon|Hydreigon, M|100\/100\n|-damage|p2a: Hydreigon|88\/100|[from] Stealth Rock\n|switch|p1a: Spencer|Corviknight, M|100\/100\n|-ability|p1a: Spencer|Pressure\n|\n|-weather|SunnyDay|[upkeep]\n|upkeep\n|turn|18\n|\n|t:|1700451239\n|move|p2a: Hydreigon|Nasty Plot|p2a: Hydreigon\n|-boost|p2a: Hydreigon|spa|2\n|move|p1a: Spencer|U-turn|p2a: Hydreigon\n|-supereffective|p2a: Hydreigon\n|-damage|p2a: Hydreigon|56\/100\n|\n|t:|1700451255\n|switch|p1a: Thomas|Meowscarada, M|40\/100|[from] U-turn\n|\n|-weather|SunnyDay|[upkeep]\n|upkeep\n|turn|19\n|\n|t:|1700451270\n|-terastallize|p2a: Hydreigon|Poison\n|move|p1a: Thomas|U-turn|p2a: Hydreigon\n|-start|p1a: Thomas|typechange|Bug|[from] ability: Protean\n|-resisted|p2a: Hydreigon\n|-damage|p2a: Hydreigon|29\/100\n|-enditem|p2a: Hydreigon|Sitrus Berry|[eat]\n|-heal|p2a: Hydreigon|54\/100|[from] item: Sitrus Berry\n|\n|t:|1700451287\n|switch|p1a: Kelley|Clodsire, M|36\/100|[from] U-turn\n|move|p2a: Hydreigon|Dark Pulse|p1a: Kelley\n|-damage|p1a: Kelley|0 fnt\n|faint|p1a: Kelley\n|\n|-weather|SunnyDay|[upkeep]\n|upkeep\n|\n|t:|1700451294\n|switch|p1a: Alan|Walking Wake, tera:Water|10\/100\n|-activate|p1a: Alan|ability: Protosynthesis\n|-start|p1a: Alan|protosynthesisspa\n|turn|20\n|\n|t:|1700451301\n|switch|p2a: Dondozo|Dondozo, F|34\/100\n|-damage|p2a: Dondozo|22\/100|[from] Stealth Rock\n|move|p1a: Alan|Hydro Steam|p2a: Dondozo\n|-resisted|p2a: Dondozo\n|-damage|p2a: Dondozo|0 fnt\n|faint|p2a: Dondozo\n|\n|-weather|SunnyDay|[upkeep]\n|upkeep\n|\n|t:|1700451313\n|switch|p2a: Kingambit|Kingambit, M|100\/100\n|-damage|p2a: Kingambit|94\/100|[from] Stealth Rock\n|turn|21\n|\n|t:|1700451318\n|-end|p1a: Alan|Protosynthesis|[silent]\n|switch|p1a: Lucas|Zamazenta|100\/100\n|-ability|p1a: Lucas|Dauntless Shield|boost\n|-boost|p1a: Lucas|def|1\n|move|p2a: Kingambit|Sucker Punch||[still]\n|-fail|p2a: Kingambit\n|\n|-weather|none\n|upkeep\n|turn|22\n|\n|t:|1700451327\n|switch|p2a: Weezing|Weezing-Galar, M|79\/100\n|move|p1a: Lucas|Iron Defense|p1a: Lucas\n|-boost|p1a: Lucas|def|2\n|\n|upkeep\n|turn|23\n|\n|t:|1700451333\n|move|p1a: Lucas|Heavy Slam|p2a: Weezing\n|-supereffective|p2a: Weezing\n|-damage|p2a: Weezing|36\/100\n|move|p2a: Weezing|Will-O-Wisp|p1a: Lucas\n|-status|p1a: Lucas|brn\n|\n|-damage|p1a: Lucas|94\/100 brn|[from] brn\n|upkeep\n|turn|24\n|\n|t:|1700451343\n|move|p1a: Lucas|Heavy Slam|p2a: Weezing\n|-supereffective|p2a: Weezing\n|-damage|p2a: Weezing|14\/100\n|move|p2a: Weezing|Pain Split|p1a: Lucas\n|-sethp|p1a: Lucas|53\/100 brn|[from] move: Pain Split|[silent]\n|-sethp|p2a: Weezing|62\/100|[from] move: Pain Split\n|\n|-heal|p1a: Lucas|59\/100 brn|[from] item: Leftovers\n|-damage|p1a: Lucas|53\/100 brn|[from] brn\n|upkeep\n|turn|25\n|\n|t:|1700451355\n|switch|p1a: Will|Torkoal, M|100\/100\n|-weather|SunnyDay|[from] ability: Drought|[of] p1a: Will\n|move|p2a: Weezing|Defog|p1a: Will\n|-unboost|p1a: Will|evasion|1\n|-sideend|p2: xpoke94|Stealth Rock|[from] move: Defog|[of] p2a: Weezing\n|\n|-weather|SunnyDay|[upkeep]\n|upkeep\n|turn|26\n|\n|t:|1700451365\n|switch|p2a: Sandy Shocks|Sandy Shocks|94\/100\n|-activate|p2a: Sandy Shocks|ability: Protosynthesis\n|-start|p2a: Sandy Shocks|protosynthesisspa\n|move|p1a: Will|Stealth Rock|p2a: Sandy Shocks\n|-sidestart|p2: xpoke94|move: Stealth Rock\n|\n|-weather|SunnyDay|[upkeep]\n|upkeep\n|turn|27\n|\n|t:|1700451374\n|move|p2a: Sandy Shocks|Thunderbolt|p1a: Will\n|-damage|p1a: Will|20\/100\n|move|p1a: Will|Yawn|p2a: Sandy Shocks\n|-start|p2a: Sandy Shocks|move: Yawn|[of] p1a: Will\n|\n|-weather|SunnyDay|[upkeep]\n|upkeep\n|turn|28\n|\n|t:|1700451382\n|-end|p2a: Sandy Shocks|Protosynthesis|[silent]\n|switch|p2a: Hydreigon|Hydreigon, M, tera:Poison|54\/100\n|-damage|p2a: Hydreigon|41\/100|[from] Stealth Rock\n|move|p1a: Will|Lava Plume|p2a: Hydreigon\n|-damage|p2a: Hydreigon|0 fnt\n|faint|p2a: Hydreigon\n|\n|-weather|SunnyDay|[upkeep]\n|upkeep\n|\n|t:|1700451392\n|switch|p2a: Sandy Shocks|Sandy Shocks|94\/100\n|-damage|p2a: Sandy Shocks|88\/100|[from] Stealth Rock\n|-activate|p2a: Sandy Shocks|ability: Protosynthesis\n|-start|p2a: Sandy Shocks|protosynthesisspa\n|turn|29\n|\n|t:|1700451399\n|move|p2a: Sandy Shocks|Volt Switch|p1a: Will\n|-damage|p1a: Will|0 fnt\n|faint|p1a: Will\n|\n|t:|1700451404\n|-end|p2a: Sandy Shocks|Protosynthesis|[silent]\n|switch|p2a: Kingambit|Kingambit, M|94\/100|[from] Volt Switch\n|-damage|p2a: Kingambit|88\/100|[from] Stealth Rock\n|\n|-weather|SunnyDay|[upkeep]\n|upkeep\n|\n|t:|1700451410\n|switch|p1a: Lucas|Zamazenta|53\/100 brn\n|turn|30\n|\n|t:|1700451414\n|switch|p2a: Sandy Shocks|Sandy Shocks|88\/100\n|-damage|p2a: Sandy Shocks|82\/100|[from] Stealth Rock\n|-activate|p2a: Sandy Shocks|ability: Protosynthesis\n|-start|p2a: Sandy Shocks|protosynthesisspa\n|move|p1a: Lucas|Body Press|p2a: Sandy Shocks\n|-damage|p2a: Sandy Shocks|65\/100\n|\n|-weather|SunnyDay|[upkeep]\n|-heal|p1a: Lucas|59\/100 brn|[from] item: Leftovers\n|-damage|p1a: Lucas|53\/100 brn|[from] brn\n|upkeep\n|turn|31\n|\n|t:|1700451426\n|move|p2a: Sandy Shocks|Thunderbolt|p1a: Lucas\n|-damage|p1a: Lucas|7\/100 brn\n|move|p1a: Lucas|Body Press|p2a: Sandy Shocks\n|-damage|p2a: Sandy Shocks|46\/100\n|\n|-weather|SunnyDay|[upkeep]\n|-heal|p1a: Lucas|13\/100 brn|[from] item: Leftovers\n|-damage|p1a: Lucas|7\/100 brn|[from] brn\n|upkeep\n|turn|32\n|\n|t:|1700451436\n|move|p2a: Sandy Shocks|Thunderbolt|p1a: Lucas\n|-damage|p1a: Lucas|0 fnt\n|faint|p1a: Lucas\n|\n|-weather|none\n|-end|p2a: Sandy Shocks|Protosynthesis\n|upkeep\n|\n|t:|1700451440\n|switch|p1a: Thomas|Meowscarada, M|40\/100\n|turn|33\n|\n|t:|1700451446\n|-end|p2a: Sandy Shocks|Protosynthesis|[silent]\n|switch|p2a: Weezing|Weezing-Galar, M|62\/100\n|move|p1a: Thomas|Flower Trick|p2a: Weezing\n|-start|p1a: Thomas|typechange|Grass|[from] ability: Protean\n|-resisted|p2a: Weezing\n|-crit|p2a: Weezing\n|-damage|p2a: Weezing|38\/100\n|\n|upkeep\n|turn|34\n|\n|t:|1700451460\n|switch|p1a: Alan|Walking Wake, tera:Water|10\/100\n|move|p2a: Weezing|Defog|p1a: Alan\n|-unboost|p1a: Alan|evasion|1\n|-sideend|p2: xpoke94|Stealth Rock|[from] move: Defog|[of] p2a: Weezing\n|\n|upkeep\n|turn|35\n|\n|t:|1700451468\n|move|p1a: Alan|Hydro Steam|p2a: Weezing\n|-damage|p2a: Weezing|0 fnt\n|faint|p2a: Weezing\n|\n|upkeep\n|\n|t:|1700451475\n|switch|p2a: Kingambit|Kingambit, M|88\/100\n|turn|36\n|\n|t:|1700451480\n|-end|p1a: Alan|Protosynthesis|[silent]\n|switch|p1a: Spencer|Corviknight, M|100\/100\n|-ability|p1a: Spencer|Pressure\n|move|p2a: Kingambit|Sucker Punch||[still]\n|-fail|p2a: Kingambit\n|\n|upkeep\n|turn|37\n|\n|t:|1700451487\n|switch|p2a: Sandy Shocks|Sandy Shocks|46\/100\n|move|p1a: Spencer|Brave Bird|p2a: Sandy Shocks\n|-resisted|p2a: Sandy Shocks\n|-damage|p2a: Sandy Shocks|27\/100\n|-damage|p1a: Spencer|95\/100|[from] Recoil\n|\n|upkeep\n|turn|38\n|\n|t:|1700451500\n|switch|p1a: Alan|Walking Wake, tera:Water|10\/100\n|move|p2a: Sandy Shocks|Thunderbolt|p1a: Alan\n|-supereffective|p1a: Alan\n|-damage|p1a: Alan|0 fnt\n|faint|p1a: Alan\n|-end|p1a: Alan|Protosynthesis|[silent]\n|\n|upkeep\n|\n|t:|1700451505\n|switch|p1a: Thomas|Meowscarada, M|40\/100\n|turn|39\n|\n|t:|1700451509\n|move|p1a: Thomas|Sucker Punch|p2a: Sandy Shocks\n|-start|p1a: Thomas|typechange|Dark|[from] ability: Protean\n|-damage|p2a: Sandy Shocks|0 fnt\n|faint|p2a: Sandy Shocks\n|-end|p2a: Sandy Shocks|Protosynthesis|[silent]\n|\n|upkeep\n|\n|t:|1700451516\n|switch|p2a: Kingambit|Kingambit, M|88\/100\n|turn|40\n|\n|t:|1700451519\n|switch|p1a: Spencer|Corviknight, M|95\/100\n|-ability|p1a: Spencer|Pressure\n|move|p2a: Kingambit|Swords Dance|p2a: Kingambit\n|-boost|p2a: Kingambit|atk|2\n|\n|upkeep\n|turn|41\n|\n|t:|1700451527\n|move|p1a: Spencer|Brave Bird|p2a: Kingambit\n|-resisted|p2a: Kingambit\n|-damage|p2a: Kingambit|77\/100\n|-damage|p1a: Spencer|92\/100|[from] Recoil\n|move|p2a: Kingambit|Swords Dance|p2a: Kingambit\n|-boost|p2a: Kingambit|atk|2\n|\n|upkeep\n|turn|42\n|\n|t:|1700451535\n|move|p2a: Kingambit|Sucker Punch|p1a: Spencer\n|-damage|p1a: Spencer|18\/100\n|-damage|p2a: Kingambit|60\/100|[from] item: Rocky Helmet|[of] p1a: Spencer\n|move|p1a: Spencer|Brave Bird|p2a: Kingambit\n|-resisted|p2a: Kingambit\n|-damage|p2a: Kingambit|49\/100\n|-damage|p1a: Spencer|14\/100|[from] Recoil\n|\n|upkeep\n|turn|43\n|\n|t:|1700451544\n|move|p1a: Spencer|Brave Bird|p2a: Kingambit\n|-resisted|p2a: Kingambit\n|-damage|p2a: Kingambit|37\/100\n|-damage|p1a: Spencer|10\/100|[from] Recoil\n|move|p2a: Kingambit|Swords Dance|p2a: Kingambit\n|-boost|p2a: Kingambit|atk|2\n|\n|upkeep\n|turn|44\n|\n|t:|1700451552\n|move|p2a: Kingambit|Sucker Punch|p1a: Spencer\n|-damage|p1a: Spencer|0 fnt\n|-damage|p2a: Kingambit|20\/100|[from] item: Rocky Helmet|[of] p1a: Spencer\n|faint|p1a: Spencer\n|\n|upkeep\n|\n|t:|1700451556\n|switch|p1a: Thomas|Meowscarada, M|40\/100\n|turn|45\n|\n|t:|1700451560\n|move|p1a: Thomas|U-turn|p2a: Kingambit\n|-start|p1a: Thomas|typechange|Bug|[from] ability: Protean\n|-damage|p2a: Kingambit|0 fnt\n|faint|p2a: Kingambit\n|\n|win|DoubleWarp\n|raw|DoubleWarp's rating: 1565 &rarr; <strong>1579<\/strong><br \/>(+14 for winning)\n|raw|xpoke94's rating: 1462 &rarr; <strong>1448<\/strong><br \/>(-14 for losing)\n|l|\u2606xpoke94\n","uploadtime":1700451579,"views":24,"p1id":"doublewarp","p2id":"xpoke94","formatid":"gen9ou","rating":1448,"private":0,"password":""}