{"id":"gen9ou-1995378977","p1":"AVALUGGENJOYER420","p2":"Maximus Damagus","format":"[Gen 9] OU","log":"|j|\u203dAVALUGGENJOYER420\n|j|\u2606Maximus Damagus\n|t:|1700562652\n|gametype|singles\n|player|p1|AVALUGGENJOYER420|101|1051\n|player|p2|Maximus Damagus|lucas|1000\n|teamsize|p1|6\n|teamsize|p2|5\n|gen|9\n|tier|[Gen 9] OU\n|rated|\n|rule|Sleep Clause Mod: Limit one foe put to sleep\n|rule|Species Clause: Limit one of each Pok\u00e9mon\n|rule|OHKO Clause: OHKO moves are banned\n|rule|Evasion Items Clause: Evasion items are banned\n|rule|Evasion Moves Clause: Evasion moves are banned\n|rule|Endless Battle Clause: Forcing endless battles is banned\n|rule|HP Percentage Mod: HP is shown in percentages\n|clearpoke\n|poke|p1|Rabsca, M|\n|poke|p1|Dipplin, M|\n|poke|p1|Cryogonal|\n|poke|p1|Dusclops, M|\n|poke|p1|Mareanie, M|\n|poke|p1|Avalugg, M|\n|poke|p2|Chansey, F|\n|poke|p2|Stonjourner, F|\n|poke|p2|Blissey, F|\n|poke|p2|Sandslash-Alola, M|\n|poke|p2|Ekans, M|\n|teampreview\n|inactive|Battle timer is ON: inactive players will automatically lose when time's up. (requested by Maximus Damagus)\n|\n|t:|1700562673\n|start\n|switch|p1a: Mareanie|Mareanie, M, shiny|100\/100\n|switch|p2a: Chansey|Chansey, F|100\/100\n|turn|1\n|\n|t:|1700562678\n|move|p2a: Chansey|Giga Impact|p1a: Mareanie\n|-damage|p1a: Mareanie|98\/100\n|-mustrecharge|p2a: Chansey\n|move|p1a: Mareanie|Infestation|p2a: Chansey\n|-damage|p2a: Chansey|99\/100\n|-activate|p2a: Chansey|move: Infestation|[of] p1a: Mareanie\n|\n|-damage|p2a: Chansey|87\/100|[from] move: Infestation|[partiallytrapped]\n|upkeep\n|turn|2\n|inactive|AVALUGGENJOYER420 has 120 seconds left.\n|\n|t:|1700562726\n|cant|p2a: Chansey|recharge\n|move|p1a: Mareanie|Stockpile|p1a: Mareanie\n|-start|p1a: Mareanie|stockpile1\n|-boost|p1a: Mareanie|def|1\n|-boost|p1a: Mareanie|spd|1\n|\n|-damage|p2a: Chansey|75\/100|[from] move: Infestation|[partiallytrapped]\n|upkeep\n|turn|3\n|\n|t:|1700562728\n|move|p2a: Chansey|Giga Impact|p1a: Mareanie\n|-damage|p1a: Mareanie|96\/100\n|-mustrecharge|p2a: Chansey\n|move|p1a: Mareanie|Stockpile|p1a: Mareanie\n|-start|p1a: Mareanie|stockpile2\n|-boost|p1a: Mareanie|def|1\n|-boost|p1a: Mareanie|spd|1\n|\n|-damage|p2a: Chansey|62\/100|[from] move: Infestation|[partiallytrapped]\n|upkeep\n|turn|4\n|\n|t:|1700562730\n|cant|p2a: Chansey|recharge\n|move|p1a: Mareanie|Stockpile|p1a: Mareanie\n|-start|p1a: Mareanie|stockpile3\n|-boost|p1a: Mareanie|def|1\n|-boost|p1a: Mareanie|spd|1\n|\n|-damage|p2a: Chansey|50\/100|[from] move: Infestation|[partiallytrapped]\n|upkeep\n|turn|5\n|\n|t:|1700562732\n|move|p2a: Chansey|Giga Impact|p1a: Mareanie\n|-damage|p1a: Mareanie|94\/100\n|-mustrecharge|p2a: Chansey\n|move|p1a: Mareanie|Infestation|p2a: Chansey\n|-damage|p2a: Chansey|49\/100\n|\n|-end|p2a: Chansey|Infestation|[partiallytrapped]\n|upkeep\n|turn|6\n|\n|t:|1700562735\n|cant|p2a: Chansey|recharge\n|move|p1a: Mareanie|Toxic|p2a: Chansey\n|-status|p2a: Chansey|tox\n|\n|-damage|p2a: Chansey|43\/100 tox|[from] psn\n|upkeep\n|turn|7\n|\n|t:|1700562741\n|move|p2a: Chansey|Giga Impact|p1a: Mareanie\n|-damage|p1a: Mareanie|93\/100\n|-mustrecharge|p2a: Chansey\n|move|p1a: Mareanie|Infestation|p2a: Chansey\n|-damage|p2a: Chansey|42\/100 tox\n|-activate|p2a: Chansey|move: Infestation|[of] p1a: Mareanie\n|\n|-damage|p2a: Chansey|29\/100 tox|[from] psn\n|-damage|p2a: Chansey|17\/100 tox|[from] move: Infestation|[partiallytrapped]\n|upkeep\n|turn|8\n|\n|t:|1700562746\n|cant|p2a: Chansey|recharge\n|move|p1a: Mareanie|Recover|p1a: Mareanie\n|-heal|p1a: Mareanie|100\/100\n|\n|-damage|p2a: Chansey|0 fnt|[from] psn\n|faint|p2a: Chansey\n|upkeep\n|\n|t:|1700562747\n|switch|p2a: Stonjourner|Stonjourner, F|100\/100\n|turn|9\n|\n|t:|1700562750\n|move|p2a: Stonjourner|Hyper Beam|p1a: Mareanie\n|-damage|p1a: Mareanie|98\/100\n|-mustrecharge|p2a: Stonjourner\n|move|p1a: Mareanie|Infestation|p2a: Stonjourner\n|-damage|p2a: Stonjourner|94\/100\n|-activate|p2a: Stonjourner|move: Infestation|[of] p1a: Mareanie\n|\n|-damage|p2a: Stonjourner|81\/100|[from] move: Infestation|[partiallytrapped]\n|upkeep\n|turn|10\n|\n|t:|1700562753\n|cant|p2a: Stonjourner|recharge\n|move|p1a: Mareanie|Toxic|p2a: Stonjourner\n|-status|p2a: Stonjourner|tox\n|\n|-damage|p2a: Stonjourner|75\/100 tox|[from] psn\n|-damage|p2a: Stonjourner|63\/100 tox|[from] move: Infestation|[partiallytrapped]\n|upkeep\n|turn|11\n|\n|t:|1700562766\n|move|p2a: Stonjourner|Hyper Beam|p1a: Mareanie\n|-damage|p1a: Mareanie|95\/100\n|-mustrecharge|p2a: Stonjourner\n|move|p1a: Mareanie|Infestation|p2a: Stonjourner\n|-damage|p2a: Stonjourner|57\/100 tox\n|\n|-damage|p2a: Stonjourner|45\/100 tox|[from] psn\n|-damage|p2a: Stonjourner|32\/100 tox|[from] move: Infestation|[partiallytrapped]\n|upkeep\n|turn|12\n|\n|t:|1700562770\n|cant|p2a: Stonjourner|recharge\n|move|p1a: Mareanie|Infestation|p2a: Stonjourner\n|-damage|p2a: Stonjourner|26\/100 tox\n|\n|-damage|p2a: Stonjourner|8\/100 tox|[from] psn\n|-damage|p2a: Stonjourner|0 fnt|[from] move: Infestation|[partiallytrapped]\n|faint|p2a: Stonjourner\n|upkeep\n|\n|t:|1700562771\n|switch|p2a: Blissey|Blissey, F|100\/100\n|turn|13\n|\n|t:|1700562779\n|move|p2a: Blissey|Giga Impact|p1a: Mareanie\n|-damage|p1a: Mareanie|93\/100\n|-mustrecharge|p2a: Blissey\n|move|p1a: Mareanie|Toxic|p2a: Blissey\n|-status|p2a: Blissey|tox\n|\n|-damage|p2a: Blissey|94\/100 tox|[from] psn\n|upkeep\n|turn|14\n|\n|t:|1700562781\n|cant|p2a: Blissey|recharge\n|move|p1a: Mareanie|Infestation|p2a: Blissey\n|-damage|p2a: Blissey|93\/100 tox\n|-activate|p2a: Blissey|move: Infestation|[of] p1a: Mareanie\n|\n|-damage|p2a: Blissey|81\/100 tox|[from] psn\n|-damage|p2a: Blissey|69\/100 tox|[from] move: Infestation|[partiallytrapped]\n|upkeep\n|turn|15\n|\n|t:|1700562785\n|move|p2a: Blissey|Giga Impact|p1a: Mareanie\n|-damage|p1a: Mareanie|91\/100\n|-mustrecharge|p2a: Blissey\n|move|p1a: Mareanie|Stockpile||[still]\n|-fail|p1a: Mareanie\n|\n|-damage|p2a: Blissey|50\/100 tox|[from] psn\n|-damage|p2a: Blissey|38\/100 tox|[from] move: Infestation|[partiallytrapped]\n|upkeep\n|turn|16\n|\n|t:|1700562787\n|cant|p2a: Blissey|recharge\n|move|p1a: Mareanie|Recover|p1a: Mareanie\n|-heal|p1a: Mareanie|100\/100\n|\n|-damage|p2a: Blissey|13\/100 tox|[from] psn\n|-damage|p2a: Blissey|0 fnt|[from] move: Infestation|[partiallytrapped]\n|faint|p2a: Blissey\n|upkeep\n|\n|t:|1700562788\n|switch|p2a: Sandslash|Sandslash-Alola, M|100\/100\n|turn|17\n|\n|t:|1700562790\n|move|p2a: Sandslash|Hyper Beam|p1a: Mareanie\n|-damage|p1a: Mareanie|98\/100\n|-mustrecharge|p2a: Sandslash\n|move|p1a: Mareanie|Infestation|p2a: Sandslash\n|-resisted|p2a: Sandslash\n|-damage|p2a: Sandslash|99\/100\n|-activate|p2a: Sandslash|move: Infestation|[of] p1a: Mareanie\n|\n|-damage|p2a: Sandslash|86\/100|[from] move: Infestation|[partiallytrapped]\n|upkeep\n|turn|18\n|\n|t:|1700562794\n|cant|p2a: Sandslash|recharge\n|move|p1a: Mareanie|Infestation|p2a: Sandslash\n|-resisted|p2a: Sandslash\n|-damage|p2a: Sandslash|84\/100\n|\n|-damage|p2a: Sandslash|72\/100|[from] move: Infestation|[partiallytrapped]\n|upkeep\n|turn|19\n|\n|t:|1700562796\n|move|p2a: Sandslash|Hyper Beam|p1a: Mareanie\n|-damage|p1a: Mareanie|94\/100\n|-mustrecharge|p2a: Sandslash\n|move|p1a: Mareanie|Infestation|p2a: Sandslash\n|-resisted|p2a: Sandslash\n|-damage|p2a: Sandslash|70\/100\n|\n|-damage|p2a: Sandslash|58\/100|[from] move: Infestation|[partiallytrapped]\n|upkeep\n|turn|20\n|\n|t:|1700562799\n|cant|p2a: Sandslash|recharge\n|move|p1a: Mareanie|Infestation|p2a: Sandslash\n|-resisted|p2a: Sandslash\n|-damage|p2a: Sandslash|56\/100\n|\n|-damage|p2a: Sandslash|44\/100|[from] move: Infestation|[partiallytrapped]\n|upkeep\n|turn|21\n|\n|t:|1700562806\n|move|p2a: Sandslash|Hyper Beam|p1a: Mareanie\n|-damage|p1a: Mareanie|91\/100\n|-mustrecharge|p2a: Sandslash\n|move|p1a: Mareanie|Infestation|p2a: Sandslash\n|-resisted|p2a: Sandslash\n|-damage|p2a: Sandslash|42\/100\n|\n|-damage|p2a: Sandslash|30\/100|[from] move: Infestation|[partiallytrapped]\n|upkeep\n|turn|22\n|\n|t:|1700562810\n|cant|p2a: Sandslash|recharge\n|move|p1a: Mareanie|Infestation|p2a: Sandslash\n|-resisted|p2a: Sandslash\n|-damage|p2a: Sandslash|28\/100\n|\n|-end|p2a: Sandslash|Infestation|[partiallytrapped]\n|upkeep\n|turn|23\n|\n|t:|1700562813\n|move|p2a: Sandslash|Hyper Beam|p1a: Mareanie|[miss]\n|-miss|p2a: Sandslash|p1a: Mareanie\n|move|p1a: Mareanie|Infestation|p2a: Sandslash\n|-resisted|p2a: Sandslash\n|-damage|p2a: Sandslash|26\/100\n|-activate|p2a: Sandslash|move: Infestation|[of] p1a: Mareanie\n|\n|-damage|p2a: Sandslash|14\/100|[from] move: Infestation|[partiallytrapped]\n|upkeep\n|turn|24\n|\n|t:|1700562816\n|move|p2a: Sandslash|Hyper Beam|p1a: Mareanie\n|-damage|p1a: Mareanie|87\/100\n|-mustrecharge|p2a: Sandslash\n|move|p1a: Mareanie|Infestation|p2a: Sandslash\n|-resisted|p2a: Sandslash\n|-damage|p2a: Sandslash|12\/100\n|\n|-damage|p2a: Sandslash|0 fnt|[from] move: Infestation|[partiallytrapped]\n|faint|p2a: Sandslash\n|upkeep\n|\n|t:|1700562818\n|switch|p2a: Ekans|Ekans, M|100\/100\n|-ability|p2a: Ekans|Intimidate|boost\n|-unboost|p1a: Mareanie|atk|1\n|turn|25\n|\n|t:|1700562823\n|move|p2a: Ekans|Glare|p1a: Mareanie\n|-status|p1a: Mareanie|par\n|move|p1a: Mareanie|Infestation|p2a: Ekans\n|-resisted|p2a: Ekans\n|-damage|p2a: Ekans|99\/100\n|-activate|p2a: Ekans|move: Infestation|[of] p1a: Mareanie\n|\n|-damage|p2a: Ekans|87\/100|[from] move: Infestation|[partiallytrapped]\n|upkeep\n|turn|26\n|\n|t:|1700562830\n|switch|p1a: Rabsca|Rabsca, M, shiny|100\/100\n|move|p2a: Ekans|Psychic Fangs|p1a: Rabsca\n|-resisted|p1a: Rabsca\n|-damage|p1a: Rabsca|95\/100\n|\n|-end|p2a: Ekans|Infestation|[partiallytrapped]|[silent]\n|upkeep\n|turn|27\n|\n|t:|1700562834\n|move|p2a: Ekans|Glare|p1a: Rabsca\n|-status|p1a: Rabsca|par\n|-activate|p1a: Rabsca|ability: Synchronize\n|-status|p2a: Ekans|par\n|move|p1a: Rabsca|Cosmic Power|p1a: Rabsca\n|-boost|p1a: Rabsca|def|1\n|-boost|p1a: Rabsca|spd|1\n|\n|upkeep\n|turn|28\n|\n|t:|1700562837\n|cant|p2a: Ekans|par\n|move|p1a: Rabsca|Cosmic Power|p1a: Rabsca\n|-boost|p1a: Rabsca|def|1\n|-boost|p1a: Rabsca|spd|1\n|\n|upkeep\n|turn|29\n|\n|t:|1700562842\n|move|p2a: Ekans|Psychic Fangs|p1a: Rabsca\n|-resisted|p1a: Rabsca\n|-damage|p1a: Rabsca|92\/100 par\n|move|p1a: Rabsca|Stored Power|p2a: Ekans\n|-supereffective|p2a: Ekans\n|-damage|p2a: Ekans|25\/100 par\n|\n|upkeep\n|turn|30\n|\n|t:|1700562847\n|move|p2a: Ekans|Psychic Fangs|p1a: Rabsca\n|-resisted|p1a: Rabsca\n|-damage|p1a: Rabsca|89\/100 par\n|move|p1a: Rabsca|Stored Power|p2a: Ekans\n|-supereffective|p2a: Ekans\n|-damage|p2a: Ekans|0 fnt\n|faint|p2a: Ekans\n|\n|win|AVALUGGENJOYER420\n|raw|AVALUGGENJOYER420's rating: 1051 &rarr; <strong>1079<\/strong><br \/>(+28 for winning)\n|raw|Maximus Damagus's rating: 1000 &rarr; <strong>1000<\/strong><br \/>(+0 for losing)\n","uploadtime":1700562852,"views":21,"p1id":"avaluggenjoyer420","p2id":"maximusdamagus","formatid":"gen9ou","rating":1000,"private":0,"password":""}