{"id":"gen9ou-1999544393","p1":"brokebacking","p2":"Saladi Paradi","format":"[Gen 9] OU","log":"|j|\u2606brokebacking\n|j|\u2606Saladi Paradi\n|t:|1701094561\n|gametype|singles\n|player|p1|brokebacking|170|1126\n|player|p2|Saladi Paradi|jogger|1080\n|teamsize|p1|6\n|teamsize|p2|6\n|gen|9\n|tier|[Gen 9] OU\n|rated|\n|rule|Sleep Clause Mod: Limit one foe put to sleep\n|rule|Species Clause: Limit one of each Pok\u00e9mon\n|rule|OHKO Clause: OHKO moves are banned\n|rule|Evasion Items Clause: Evasion items are banned\n|rule|Evasion Moves Clause: Evasion moves are banned\n|rule|Endless Battle Clause: Forcing endless battles is banned\n|rule|HP Percentage Mod: HP is shown in percentages\n|clearpoke\n|poke|p1|Scizor, F|\n|poke|p1|Rillaboom, M|\n|poke|p1|Rotom-Wash|\n|poke|p1|Corviknight, F|\n|poke|p1|Blissey, F|\n|poke|p1|Clefable, M|\n|poke|p2|Iron Valiant|\n|poke|p2|Rillaboom, M|\n|poke|p2|Heatran, M|\n|poke|p2|Walking Wake|\n|poke|p2|Great Tusk|\n|poke|p2|Dondozo, F|\n|teampreview\n|inactive|Battle timer is ON: inactive players will automatically lose when time's up. (requested by brokebacking)\n|\n|t:|1701094585\n|start\n|switch|p1a: Rotom|Rotom-Wash|100\/100\n|switch|p2a: Rillaboom|Rillaboom, M|100\/100\n|-fieldstart|move: Grassy Terrain|[from] ability: Grassy Surge|[of] p2a: Rillaboom\n|turn|1\n|\n|t:|1701094593\n|switch|p1a: Corviknight|Corviknight, F|100\/100\n|-ability|p1a: Corviknight|Pressure\n|switch|p2a: Heatran|Heatran, M|100\/100\n|\n|upkeep\n|turn|2\n|\n|t:|1701094600\n|move|p2a: Heatran|Magma Storm|p1a: Corviknight\n|-supereffective|p1a: Corviknight\n|-damage|p1a: Corviknight|11\/100\n|-activate|p1a: Corviknight|move: Magma Storm|[of] p2a: Heatran\n|move|p1a: Corviknight|Body Press|p2a: Heatran\n|-supereffective|p2a: Heatran\n|-damage|p2a: Heatran|58\/100\n|\n|-heal|p2a: Heatran|64\/100|[from] Grassy Terrain\n|-heal|p2a: Heatran|70\/100|[from] item: Leftovers\n|-damage|p1a: Corviknight|0 fnt|[from] move: Magma Storm|[partiallytrapped]\n|faint|p1a: Corviknight\n|upkeep\n|\n|t:|1701094607\n|switch|p1a: Clefable|Clefable, M|100\/100\n|turn|3\n|\n|t:|1701094611\n|move|p2a: Heatran|Taunt|p1a: Clefable\n|-start|p1a: Clefable|move: Taunt\n|cant|p1a: Clefable|move: Taunt|Calm Mind\n|\n|-heal|p2a: Heatran|77\/100|[from] Grassy Terrain\n|-heal|p2a: Heatran|83\/100|[from] item: Leftovers\n|upkeep\n|turn|4\n|\n|t:|1701094616\n|move|p2a: Heatran|Magma Storm|p1a: Clefable\n|-damage|p1a: Clefable|51\/100\n|-activate|p1a: Clefable|move: Magma Storm|[of] p2a: Heatran\n|move|p1a: Clefable|Shadow Ball|p2a: Heatran\n|-damage|p2a: Heatran|66\/100\n|\n|-heal|p2a: Heatran|72\/100|[from] Grassy Terrain\n|-heal|p2a: Heatran|78\/100|[from] item: Leftovers\n|-heal|p1a: Clefable|57\/100|[from] Grassy Terrain\n|upkeep\n|turn|5\n|\n|t:|1701094626\n|move|p2a: Heatran|Earth Power|p1a: Clefable\n|-damage|p1a: Clefable|28\/100\n|move|p1a: Clefable|Shadow Ball|p2a: Heatran\n|-damage|p2a: Heatran|61\/100\n|-unboost|p2a: Heatran|spd|1\n|\n|-heal|p2a: Heatran|67\/100|[from] Grassy Terrain\n|-heal|p2a: Heatran|73\/100|[from] item: Leftovers\n|-heal|p1a: Clefable|34\/100|[from] Grassy Terrain\n|-end|p1a: Clefable|move: Taunt\n|-fieldend|move: Grassy Terrain\n|upkeep\n|turn|6\n|\n|t:|1701094633\n|move|p2a: Heatran|Taunt|p1a: Clefable\n|-start|p1a: Clefable|move: Taunt\n|move|p1a: Clefable|Draining Kiss|p2a: Heatran\n|-resisted|p2a: Heatran\n|-damage|p2a: Heatran|67\/100\n|-heal|p1a: Clefable|39\/100|[from] drain|[of] p2a: Heatran\n|\n|-heal|p2a: Heatran|74\/100|[from] item: Leftovers\n|upkeep\n|turn|7\n|\n|t:|1701094641\n|move|p2a: Heatran|Magma Storm|p1a: Clefable\n|-damage|p1a: Clefable|0 fnt\n|faint|p1a: Clefable\n|\n|-heal|p2a: Heatran|80\/100|[from] item: Leftovers\n|upkeep\n|\n|t:|1701094647\n|switch|p1a: Rotom|Rotom-Wash|100\/100\n|turn|8\n|\n|t:|1701094649\n|move|p2a: Heatran|Protect|p2a: Heatran\n|-singleturn|p2a: Heatran|Protect\n|move|p1a: Rotom|Volt Switch|p2a: Heatran\n|-activate|p2a: Heatran|move: Protect\n|\n|-heal|p2a: Heatran|86\/100|[from] item: Leftovers\n|upkeep\n|turn|9\n|\n|t:|1701094656\n|switch|p1a: Scizor|Scizor, F|100\/100\n|-terastallize|p2a: Heatran|Grass\n|move|p2a: Heatran|Magma Storm|p1a: Scizor\n|-supereffective|p1a: Scizor\n|-damage|p1a: Scizor|0 fnt\n|faint|p1a: Scizor\n|\n|-heal|p2a: Heatran|92\/100|[from] item: Leftovers\n|upkeep\n|-message|brokebacking forfeited.\n|\n|win|Saladi Paradi\n|raw|brokebacking's rating: 1126 &rarr; <strong>1098<\/strong><br \/>(-28 for losing)\n|raw|Saladi Paradi's rating: 1080 &rarr; <strong>1112<\/strong><br \/>(+32 for winning)\n|l|\u2606brokebacking\n","uploadtime":1701094788,"views":8,"p1id":"brokebacking","p2id":"saladiparadi","formatid":"gen9ou","rating":1098,"private":0,"password":""}