{"id":"gen9ou-1992440666","p1":"DaneJerzone","p2":"PoppingRowBoat","format":"[Gen 9] OU","log":"|j|\u2606DaneJerzone\n|j|\u2606PoppingRowBoat\n|t:|1700187891\n|gametype|singles\n|player|p1|DaneJerzone|sailor|1403\n|player|p2|PoppingRowBoat|fisherman-gen4|1451\n|teamsize|p1|6\n|teamsize|p2|6\n|gen|9\n|tier|[Gen 9] OU\n|rated|\n|rule|Sleep Clause Mod: Limit one foe put to sleep\n|rule|Species Clause: Limit one of each Pok\u00e9mon\n|rule|OHKO Clause: OHKO moves are banned\n|rule|Evasion Items Clause: Evasion items are banned\n|rule|Evasion Moves Clause: Evasion moves are banned\n|rule|Endless Battle Clause: Forcing endless battles is banned\n|rule|HP Percentage Mod: HP is shown in percentages\n|clearpoke\n|poke|p1|Grimmsnarl, M|\n|poke|p1|Rotom-Wash|\n|poke|p1|Kommo-o, F|\n|poke|p1|Glimmora, F|\n|poke|p1|Great Tusk|\n|poke|p1|Sneasler, M|\n|poke|p2|Zamazenta-*|\n|poke|p2|Iron Moth|\n|poke|p2|Maushold-Four|\n|poke|p2|Walking Wake|\n|poke|p2|Dragonite, F|\n|poke|p2|Kingambit, M|\n|teampreview\n|inactive|Battle timer is ON: inactive players will automatically lose when time's up. (requested by PoppingRowBoat)\n|inactive|PoppingRowBoat has 120 seconds left.\n|inactive|PoppingRowBoat has 90 seconds left.\n|inactive|PoppingRowBoat has 60 seconds left.\n|\n|t:|1700187993\n|start\n|switch|p1a: Grimmsnarl|Grimmsnarl, M|100\/100\n|switch|p2a: Maushold|Maushold-Four|100\/100\n|turn|1\n|\n|t:|1700188012\n|switch|p2a: Kingambit|Kingambit, M|100\/100\n|move|p1a: Grimmsnarl|Trick|p2a: Kingambit\n|-hint|Since gen 7, Dark is immune to Prankster moves.\n|-immune|p2a: Kingambit\n|\n|upkeep\n|turn|2\n|\n|t:|1700188026\n|switch|p1a: Rotom|Rotom-Wash|100\/100\n|move|p2a: Kingambit|Iron Head|p1a: Rotom\n|-resisted|p1a: Rotom\n|-crit|p1a: Rotom\n|-damage|p1a: Rotom|83\/100\n|\n|-heal|p1a: Rotom|89\/100|[from] item: Leftovers\n|upkeep\n|turn|3\n|\n|t:|1700188036\n|-end|p2a: Kingambit|fallenundefined|[silent]\n|switch|p2a: Walking Wake|Walking Wake|100\/100\n|-enditem|p2a: Walking Wake|Booster Energy\n|-activate|p2a: Walking Wake|ability: Protosynthesis|[fromitem]\n|-start|p2a: Walking Wake|protosynthesisspa\n|move|p1a: Rotom|Thunder Wave|p2a: Walking Wake\n|-status|p2a: Walking Wake|par\n|\n|-heal|p1a: Rotom|96\/100|[from] item: Leftovers\n|upkeep\n|turn|4\n|\n|t:|1700188043\n|move|p1a: Rotom|Volt Switch|p2a: Walking Wake\n|-damage|p2a: Walking Wake|59\/100 par\n|\n|t:|1700188047\n|switch|p1a: Glimmora|Glimmora, F|100\/100|[from] Volt Switch\n|cant|p2a: Walking Wake|par\n|\n|upkeep\n|turn|5\n|inactive|PoppingRowBoat has 120 seconds left.\n|\n|t:|1700188053\n|move|p1a: Glimmora|Stealth Rock|p2a: Walking Wake\n|-sidestart|p2: PoppingRowBoat|move: Stealth Rock\n|move|p2a: Walking Wake|Hydro Pump|p1a: Glimmora\n|-supereffective|p1a: Glimmora\n|-crit|p1a: Glimmora\n|-enditem|p1a: Glimmora|Focus Sash\n|-damage|p1a: Glimmora|1\/100\n|\n|upkeep\n|turn|6\n|inactive|PoppingRowBoat has 120 seconds left.\n|inactive|PoppingRowBoat has 90 seconds left.\n|\n|t:|1700188097\n|move|p1a: Glimmora|Sludge Wave|p2a: Walking Wake\n|-damage|p2a: Walking Wake|2\/100 par\n|cant|p2a: Walking Wake|par\n|\n|upkeep\n|turn|7\n|\n|t:|1700188102\n|move|p1a: Glimmora|Sludge Wave|p2a: Walking Wake\n|-damage|p2a: Walking Wake|0 fnt\n|faint|p2a: Walking Wake\n|-end|p2a: Walking Wake|Protosynthesis|[silent]\n|\n|upkeep\n|inactive|PoppingRowBoat has 90 seconds left.\n|\n|t:|1700188117\n|switch|p2a: Maushold|Maushold-Four|100\/100\n|-damage|p2a: Maushold|88\/100|[from] Stealth Rock\n|turn|8\n|\n|t:|1700188123\n|move|p2a: Maushold|Tidy Up|p2a: Maushold\n|-sideend|p2: PoppingRowBoat|Stealth Rock\n|-activate|p2a: Maushold|move: Tidy Up\n|-boost|p2a: Maushold|atk|1\n|-boost|p2a: Maushold|spe|1\n|move|p1a: Glimmora|Sludge Wave|p2a: Maushold\n|-damage|p2a: Maushold|15\/100\n|\n|upkeep\n|turn|9\n|\n|t:|1700188127\n|move|p2a: Maushold|Population Bomb|p1a: Glimmora\n|-resisted|p1a: Glimmora\n|-damage|p1a: Glimmora|0 fnt\n|-activate|p1a: Glimmora|ability: Toxic Debris\n|-sidestart|p2: PoppingRowBoat|move: Toxic Spikes\n|faint|p1a: Glimmora\n|-hitcount|p1: Glimmora|1\n|\n|upkeep\n|\n|t:|1700188129\n|switch|p1a: Grimmsnarl|Grimmsnarl, M|100\/100\n|turn|10\n|\n|t:|1700188132\n|move|p1a: Grimmsnarl|Sucker Punch|p2a: Maushold\n|-damage|p2a: Maushold|0 fnt\n|faint|p2a: Maushold\n|\n|upkeep\n|inactive|PoppingRowBoat has 120 seconds left.\n|\n|t:|1700188138\n|switch|p2a: Iron Moth|Iron Moth|100\/100\n|-sideend|p2: PoppingRowBoat|move: Toxic Spikes|[of] p2a: Iron Moth\n|-enditem|p2a: Iron Moth|Booster Energy\n|-activate|p2a: Iron Moth|ability: Quark Drive|[fromitem]\n|-start|p2a: Iron Moth|quarkdrivespe\n|turn|11\n|\n|t:|1700188149\n|move|p1a: Grimmsnarl|Sucker Punch||[still]\n|-fail|p1a: Grimmsnarl\n|move|p2a: Iron Moth|Substitute|p2a: Iron Moth\n|-start|p2a: Iron Moth|Substitute\n|-damage|p2a: Iron Moth|76\/100\n|\n|upkeep\n|turn|12\n|\n|t:|1700188156\n|switch|p1a: Rotom|Rotom-Wash|96\/100\n|move|p2a: Iron Moth|Fiery Dance|p1a: Rotom\n|-resisted|p1a: Rotom\n|-damage|p1a: Rotom|74\/100\n|\n|-heal|p1a: Rotom|80\/100|[from] item: Leftovers\n|upkeep\n|turn|13\n|\n|t:|1700188161\n|move|p2a: Iron Moth|Sludge Wave|p1a: Rotom\n|-damage|p1a: Rotom|26\/100\n|move|p1a: Rotom|Hydro Pump|p2a: Iron Moth\n|-supereffective|p2a: Iron Moth\n|-end|p2a: Iron Moth|Substitute\n|\n|-heal|p1a: Rotom|32\/100|[from] item: Leftovers\n|upkeep\n|turn|14\n|\n|t:|1700188167\n|move|p2a: Iron Moth|Sludge Wave|p1a: Rotom\n|-damage|p1a: Rotom|0 fnt\n|faint|p1a: Rotom\n|\n|upkeep\n|\n|t:|1700188176\n|switch|p1a: Grimmsnarl|Grimmsnarl, M|100\/100\n|turn|15\n|\n|t:|1700188180\n|move|p1a: Grimmsnarl|Trick|p2a: Iron Moth\n|-activate|p1a: Grimmsnarl|move: Trick|[of] p2a: Iron Moth\n|-item|p2a: Iron Moth|Choice Band|[from] move: Trick\n|-enditem|p1a: Grimmsnarl|Choice Band|[silent]|[from] move: Trick\n|move|p2a: Iron Moth|Sludge Wave|p1a: Grimmsnarl\n|-supereffective|p1a: Grimmsnarl\n|-damage|p1a: Grimmsnarl|0 fnt\n|faint|p1a: Grimmsnarl\n|\n|upkeep\n|\n|t:|1700188184\n|switch|p1a: Sneasler|Sneasler, M|100\/100\n|turn|16\n|\n|t:|1700188191\n|move|p2a: Iron Moth|Sludge Wave|p1a: Sneasler\n|-resisted|p1a: Sneasler\n|-damage|p1a: Sneasler|70\/100\n|move|p1a: Sneasler|Swords Dance|p1a: Sneasler\n|-boost|p1a: Sneasler|atk|2\n|\n|upkeep\n|turn|17\n|\n|t:|1700188193\n|move|p2a: Iron Moth|Sludge Wave|p1a: Sneasler\n|-resisted|p1a: Sneasler\n|-damage|p1a: Sneasler|35\/100\n|move|p1a: Sneasler|Close Combat|p2a: Iron Moth\n|-resisted|p2a: Iron Moth\n|-damage|p2a: Iron Moth|0 fnt\n|-unboost|p1a: Sneasler|def|1\n|-unboost|p1a: Sneasler|spd|1\n|-enditem|p1a: Sneasler|White Herb\n|-clearnegativeboost|p1a: Sneasler|[silent]\n|faint|p2a: Iron Moth\n|-end|p2a: Iron Moth|Quark Drive|[silent]\n|\n|upkeep\n|\n|t:|1700188196\n|switch|p2a: Dragonite|Dragonite, F|100\/100\n|turn|18\n|\n|t:|1700188200\n|-terastallize|p2a: Dragonite|Normal\n|move|p2a: Dragonite|Extreme Speed|p1a: Sneasler\n|-damage|p1a: Sneasler|0 fnt\n|faint|p1a: Sneasler\n|\n|upkeep\n|\n|t:|1700188207\n|switch|p1a: Kommo-o|Kommo-o, F|100\/100\n|turn|19\n|\n|t:|1700188213\n|move|p1a: Kommo-o|Aura Sphere|p2a: Dragonite\n|-supereffective|p2a: Dragonite\n|-damage|p2a: Dragonite|61\/100\n|move|p2a: Dragonite|Dragon Dance|p2a: Dragonite\n|-boost|p2a: Dragonite|atk|1\n|-boost|p2a: Dragonite|spe|1\n|\n|upkeep\n|turn|20\n|\n|t:|1700188219\n|move|p2a: Dragonite|Ice Spinner|p1a: Kommo-o\n|-supereffective|p1a: Kommo-o\n|-damage|p1a: Kommo-o|15\/100\n|move|p1a: Kommo-o|Aura Sphere|p2a: Dragonite\n|-supereffective|p2a: Dragonite\n|-damage|p2a: Dragonite|0 fnt\n|faint|p2a: Dragonite\n|\n|upkeep\n|\n|t:|1700188227\n|switch|p2a: Zamazenta|Zamazenta|100\/100\n|-ability|p2a: Zamazenta|Dauntless Shield|boost\n|-boost|p2a: Zamazenta|def|1\n|turn|21\n|\n|t:|1700188232\n|move|p2a: Zamazenta|Body Press|p1a: Kommo-o\n|-damage|p1a: Kommo-o|0 fnt\n|faint|p1a: Kommo-o\n|\n|upkeep\n|\n|t:|1700188234\n|switch|p1a: Great Tusk|Great Tusk|100\/100\n|-enditem|p1a: Great Tusk|Booster Energy\n|-activate|p1a: Great Tusk|ability: Protosynthesis|[fromitem]\n|-start|p1a: Great Tusk|protosynthesisatk\n|turn|22\n|\n|t:|1700188240\n|-terastallize|p1a: Great Tusk|Ground\n|move|p2a: Zamazenta|Iron Defense|p2a: Zamazenta\n|-boost|p2a: Zamazenta|def|2\n|move|p1a: Great Tusk|Headlong Rush|p2a: Zamazenta\n|-damage|p2a: Zamazenta|59\/100\n|-unboost|p1a: Great Tusk|def|1\n|-unboost|p1a: Great Tusk|spd|1\n|\n|-heal|p2a: Zamazenta|65\/100|[from] item: Leftovers\n|upkeep\n|turn|23\n|\n|t:|1700188243\n|move|p2a: Zamazenta|Body Press|p1a: Great Tusk\n|-damage|p1a: Great Tusk|17\/100\n|move|p1a: Great Tusk|Rapid Spin|p2a: Zamazenta\n|-damage|p2a: Zamazenta|57\/100\n|-boost|p1a: Great Tusk|spe|1\n|\n|-heal|p2a: Zamazenta|63\/100|[from] item: Leftovers\n|upkeep\n|turn|24\n|\n|t:|1700188247\n|move|p1a: Great Tusk|Headlong Rush|p2a: Zamazenta\n|-damage|p2a: Zamazenta|23\/100\n|-unboost|p1a: Great Tusk|def|1\n|-unboost|p1a: Great Tusk|spd|1\n|move|p2a: Zamazenta|Body Press|p1a: Great Tusk\n|-damage|p1a: Great Tusk|0 fnt\n|faint|p1a: Great Tusk\n|-end|p1a: Great Tusk|Protosynthesis|[silent]\n|\n|win|PoppingRowBoat\n|raw|DaneJerzone's rating: 1403 &rarr; <strong>1386<\/strong><br \/>(-17 for losing)\n|raw|PoppingRowBoat's rating: 1451 &rarr; <strong>1468<\/strong><br \/>(+17 for winning)\n|l|\u2606DaneJerzone\n","uploadtime":1700188253,"views":9,"p1id":"danejerzone","p2id":"poppingrowboat","formatid":"gen9ou","rating":1386,"private":0,"password":""}