{"id":"gen9ou-1997487919","p1":"LADDDDDDD","p2":"jokingdraco","format":"[Gen 9] OU","log":"|j|\u2606LADDDDDDD\n|j|\u2606jokingdraco\n|t:|1700814055\n|gametype|singles\n|player|p1|LADDDDDDD|skier|1059\n|player|p2|jokingdraco|harlequin|1058\n|teamsize|p1|6\n|teamsize|p2|6\n|gen|9\n|tier|[Gen 9] OU\n|rated|\n|rule|Sleep Clause Mod: Limit one foe put to sleep\n|rule|Species Clause: Limit one of each Pok\u00e9mon\n|rule|OHKO Clause: OHKO moves are banned\n|rule|Evasion Items Clause: Evasion items are banned\n|rule|Evasion Moves Clause: Evasion moves are banned\n|rule|Endless Battle Clause: Forcing endless battles is banned\n|rule|HP Percentage Mod: HP is shown in percentages\n|clearpoke\n|poke|p1|Cloyster, M|\n|poke|p1|Florges-Blue, F|\n|poke|p1|Inteleon, F|\n|poke|p1|Pelipper, M|\n|poke|p1|Scizor, M|\n|poke|p1|Ribombee, F|\n|poke|p2|Grafaiai, M|\n|poke|p2|Dunsparce, M|\n|poke|p2|Ribombee, F|\n|poke|p2|Tatsugiri, F|\n|poke|p2|Trevenant, M|\n|poke|p2|Hydreigon, F|\n|teampreview\n|\n|t:|1700814058\n|start\n|switch|p1a: Ribombee|Ribombee, F|100\/100\n|switch|p2a: Dunsparce|Dunsparce, M|100\/100\n|turn|1\n|\n|t:|1700814065\n|move|p1a: Ribombee|Sticky Web|p2a: Dunsparce\n|-sidestart|p2: jokingdraco|move: Sticky Web\n|move|p2a: Dunsparce|Glare|p1a: Ribombee\n|-status|p1a: Ribombee|par\n|\n|upkeep\n|turn|2\n|\n|t:|1700814072\n|move|p1a: Ribombee|Reflect|p1a: Ribombee\n|-sidestart|p1: LADDDDDDD|Reflect\n|move|p2a: Dunsparce|Stealth Rock|p1a: Ribombee\n|-sidestart|p1: LADDDDDDD|move: Stealth Rock\n|\n|upkeep\n|turn|3\n|\n|t:|1700814077\n|move|p1a: Ribombee|Light Screen|p1a: Ribombee\n|-sidestart|p1: LADDDDDDD|move: Light Screen\n|move|p2a: Dunsparce|Headbutt|p1a: Ribombee\n|-crit|p1a: Ribombee\n|-damage|p1a: Ribombee|37\/100 par\n|\n|upkeep\n|turn|4\n|\n|t:|1700814083\n|move|p1a: Ribombee|Stun Spore|p2a: Dunsparce|[miss]\n|-miss|p1a: Ribombee|p2a: Dunsparce\n|move|p2a: Dunsparce|Headbutt|p1a: Ribombee\n|-damage|p1a: Ribombee|14\/100 par\n|\n|upkeep\n|turn|5\n|\n|t:|1700814089\n|cant|p1a: Ribombee|par\n|move|p2a: Dunsparce|Headbutt|p1a: Ribombee\n|-damage|p1a: Ribombee|0 fnt\n|faint|p1a: Ribombee\n|\n|upkeep\n|\n|t:|1700814100\n|switch|p1a: Cloyster|Cloyster, M, shiny|100\/100\n|-damage|p1a: Cloyster|76\/100|[from] Stealth Rock\n|turn|6\n|\n|t:|1700814105\n|move|p1a: Cloyster|Shell Smash|p1a: Cloyster\n|-unboost|p1a: Cloyster|def|1\n|-unboost|p1a: Cloyster|spd|1\n|-boost|p1a: Cloyster|atk|2\n|-boost|p1a: Cloyster|spa|2\n|-boost|p1a: Cloyster|spe|2\n|move|p2a: Dunsparce|Glare|p1a: Cloyster\n|-status|p1a: Cloyster|par\n|\n|-sideend|p1: LADDDDDDD|Reflect\n|upkeep\n|turn|7\n|\n|t:|1700814115\n|cant|p1a: Cloyster|par\n|move|p2a: Dunsparce|Headbutt|p1a: Cloyster\n|-crit|p1a: Cloyster\n|-damage|p1a: Cloyster|27\/100 par\n|\n|-sideend|p1: LADDDDDDD|move: Light Screen\n|upkeep\n|turn|8\n|\n|t:|1700814124\n|cant|p1a: Cloyster|par\n|move|p2a: Dunsparce|Headbutt|p1a: Cloyster\n|-damage|p1a: Cloyster|0 fnt\n|faint|p1a: Cloyster\n|\n|upkeep\n|inactive|Battle timer is ON: inactive players will automatically lose when time's up. (requested by LADDDDDDD)\n|\n|t:|1700814131\n|switch|p1a: Pelipper|Pelipper, M|100\/100\n|-damage|p1a: Pelipper|75\/100|[from] Stealth Rock\n|-weather|RainDance|[from] ability: Drizzle|[of] p1a: Pelipper\n|turn|9\n|\n|t:|1700814143\n|move|p1a: Pelipper|Hurricane|p2a: Dunsparce\n|-damage|p2a: Dunsparce|57\/100\n|move|p2a: Dunsparce|Glare|p1a: Pelipper\n|-status|p1a: Pelipper|par\n|\n|-weather|RainDance|[upkeep]\n|upkeep\n|turn|10\n|\n|t:|1700814151\n|move|p2a: Dunsparce|Headbutt|p1a: Pelipper\n|-damage|p1a: Pelipper|46\/100 par\n|cant|p1a: Pelipper|flinch\n|\n|-weather|RainDance|[upkeep]\n|upkeep\n|turn|11\n|\n|t:|1700814158\n|move|p2a: Dunsparce|Headbutt|p1a: Pelipper\n|-damage|p1a: Pelipper|17\/100 par\n|cant|p1a: Pelipper|flinch\n|\n|-weather|RainDance|[upkeep]\n|upkeep\n|turn|12\n|-message|LADDDDDDD forfeited.\n|\n|win|jokingdraco\n|raw|LADDDDDDD's rating: 1059 &rarr; <strong>1040<\/strong><br \/>(-19 for losing)\n|raw|jokingdraco's rating: 1058 &rarr; <strong>1089<\/strong><br \/>(+31 for winning)\n|l|\u2606LADDDDDDD\n","uploadtime":1700814170,"views":3,"p1id":"laddddddd","p2id":"jokingdraco","formatid":"gen9ou","rating":1040,"private":0,"password":""}