{"id":"gen9ou-1994841231","p1":"BCDefault","p2":"donloucho","format":"[Gen 9] OU","log":"|j|\u2606BCDefault\n|j|\u2606donloucho\n|t:|1700497705\n|gametype|singles\n|player|p1|BCDefault|worker|1306\n|player|p2|donloucho|101|1372\n|teamsize|p1|6\n|teamsize|p2|6\n|gen|9\n|tier|[Gen 9] OU\n|rated|\n|rule|Sleep Clause Mod: Limit one foe put to sleep\n|rule|Species Clause: Limit one of each Pok\u00e9mon\n|rule|OHKO Clause: OHKO moves are banned\n|rule|Evasion Items Clause: Evasion items are banned\n|rule|Evasion Moves Clause: Evasion moves are banned\n|rule|Endless Battle Clause: Forcing endless battles is banned\n|rule|HP Percentage Mod: HP is shown in percentages\n|clearpoke\n|poke|p1|Lucario, M|\n|poke|p1|Gyarados, M|\n|poke|p1|Ninetales-Alola, M|\n|poke|p1|Garganacl, M|\n|poke|p1|Great Tusk|\n|poke|p1|Ceruledge, M|\n|poke|p2|Zapdos|\n|poke|p2|Kingambit, M|\n|poke|p2|Slowking-Galar, F|\n|poke|p2|Dragapult, M|\n|poke|p2|Ogerpon-Wellspring, F|\n|poke|p2|Great Tusk|\n|teampreview\n|inactive|Battle timer is ON: inactive players will automatically lose when time's up. (requested by donloucho)\n|inactive|BCDefault has 120 seconds left.\n|inactive|BCDefault has 90 seconds left.\n|l|\u2606BCDefault\n|inactive|BCDefault disconnected and has a minute to reconnect!\n|player|p1|\n|j|\u2606BCDefault\n|inactive|BCDefault reconnected and has 45 seconds left.\n|player|p1|BCDefault|worker\n|\n|t:|1700497835\n|start\n|switch|p1a: Garganacl|Garganacl, M|100\/100\n|switch|p2a: Kingambit|Kingambit, M|100\/100\n|turn|1\n|\n|t:|1700497844\n|-end|p2a: Kingambit|fallenundefined|[silent]\n|switch|p2a: Great Tusk|Great Tusk|100\/100\n|-enditem|p2a: Great Tusk|Booster Energy\n|-activate|p2a: Great Tusk|ability: Protosynthesis|[fromitem]\n|-start|p2a: Great Tusk|protosynthesisdef\n|move|p1a: Garganacl|Salt Cure|p2a: Great Tusk\n|-resisted|p2a: Great Tusk\n|-damage|p2a: Great Tusk|99\/100\n|-start|p2a: Great Tusk|Salt Cure\n|\n|-damage|p2a: Great Tusk|87\/100|[from] Salt Cure\n|upkeep\n|turn|2\n|\n|t:|1700497858\n|switch|p1a: Gyarados|Gyarados, M|100\/100\n|-ability|p1a: Gyarados|Intimidate|boost\n|-unboost|p2a: Great Tusk|atk|1\n|move|p2a: Great Tusk|Stealth Rock|p1a: Gyarados\n|-sidestart|p1: BCDefault|move: Stealth Rock\n|\n|-damage|p2a: Great Tusk|74\/100|[from] Salt Cure\n|upkeep\n|turn|3\n|\n|t:|1700497870\n|move|p1a: Gyarados|Waterfall|p2a: Great Tusk\n|-supereffective|p2a: Great Tusk\n|-damage|p2a: Great Tusk|42\/100\n|move|p2a: Great Tusk|Knock Off|p1a: Gyarados\n|-damage|p1a: Gyarados|79\/100\n|-enditem|p1a: Gyarados|Lum Berry|[from] move: Knock Off|[of] p2a: Great Tusk\n|\n|-damage|p2a: Great Tusk|30\/100|[from] Salt Cure\n|upkeep\n|turn|4\n|\n|t:|1700497887\n|move|p1a: Gyarados|Dragon Dance|p1a: Gyarados\n|-boost|p1a: Gyarados|atk|1\n|-boost|p1a: Gyarados|spe|1\n|move|p2a: Great Tusk|Knock Off|p1a: Gyarados\n|-damage|p1a: Gyarados|62\/100\n|\n|-damage|p2a: Great Tusk|18\/100|[from] Salt Cure\n|upkeep\n|turn|5\n|inactive|BCDefault has 120 seconds left.\n|\n|t:|1700497919\n|move|p1a: Gyarados|Dragon Dance|p1a: Gyarados\n|-boost|p1a: Gyarados|atk|1\n|-boost|p1a: Gyarados|spe|1\n|move|p2a: Great Tusk|Knock Off|p1a: Gyarados\n|-damage|p1a: Gyarados|47\/100\n|\n|-damage|p2a: Great Tusk|5\/100|[from] Salt Cure\n|upkeep\n|turn|6\n|inactive|BCDefault has 90 seconds left.\n|\n|t:|1700497965\n|move|p1a: Gyarados|Dragon Dance|p1a: Gyarados\n|-boost|p1a: Gyarados|atk|1\n|-boost|p1a: Gyarados|spe|1\n|move|p2a: Great Tusk|Knock Off|p1a: Gyarados\n|-damage|p1a: Gyarados|33\/100\n|\n|-damage|p2a: Great Tusk|0 fnt|[from] Salt Cure\n|faint|p2a: Great Tusk\n|-end|p2a: Great Tusk|Protosynthesis|[silent]\n|upkeep\n|\n|t:|1700497979\n|switch|p2a: Kingambit|Kingambit, M|100\/100\n|-activate|p2a: Kingambit|ability: Supreme Overlord\n|-start|p2a: Kingambit|fallen1|[silent]\n|turn|7\n|\n|t:|1700497984\n|-terastallize|p2a: Kingambit|Flying\n|move|p2a: Kingambit|Sucker Punch|p1a: Gyarados\n|-damage|p1a: Gyarados|0 fnt\n|faint|p1a: Gyarados\n|\n|upkeep\n|\n|t:|1700497991\n|switch|p1a: Lucario|Lucario, M|100\/100\n|-damage|p1a: Lucario|98\/100|[from] Stealth Rock\n|turn|8\n|\n|t:|1700497999\n|-end|p2a: Kingambit|fallen1|[silent]\n|switch|p2a: Zapdos|Zapdos|100\/100\n|move|p1a: Lucario|Swords Dance|p1a: Lucario\n|-boost|p1a: Lucario|atk|2\n|\n|upkeep\n|turn|9\n|inactive|BCDefault has 90 seconds left.\n|\n|t:|1700498011\n|-terastallize|p1a: Lucario|Normal\n|move|p1a: Lucario|Extreme Speed|p2a: Zapdos\n|-damage|p2a: Zapdos|2\/100\n|-damage|p1a: Lucario|88\/100|[from] item: Life Orb\n|move|p2a: Zapdos|Heat Wave|p1a: Lucario\n|-damage|p1a: Lucario|53\/100\n|\n|upkeep\n|turn|10\n|inactive|BCDefault has 90 seconds left.\n|inactive|donloucho has 120 seconds left.\n|\n|t:|1700498065\n|move|p2a: Zapdos|Roost|p2a: Zapdos\n|-heal|p2a: Zapdos|52\/100\n|-singleturn|p2a: Zapdos|move: Roost\n|move|p1a: Lucario|Earthquake|p2a: Zapdos\n|-supereffective|p2a: Zapdos\n|-damage|p2a: Zapdos|0 fnt\n|faint|p2a: Zapdos\n|-damage|p1a: Lucario|43\/100|[from] item: Life Orb\n|\n|upkeep\n|inactive|donloucho has 90 seconds left.\n|\n|t:|1700498081\n|switch|p2a: Dragapult|Dragapult, M|100\/100\n|turn|11\n|\n|t:|1700498086\n|move|p2a: Dragapult|Draco Meteor|p1a: Lucario\n|-damage|p1a: Lucario|0 fnt\n|-unboost|p2a: Dragapult|spa|2\n|faint|p1a: Lucario\n|\n|upkeep\n|inactive|BCDefault has 90 seconds left.\n|\n|t:|1700498106\n|switch|p1a: Ninetales|Ninetales-Alola, M, shiny|100\/100\n|-damage|p1a: Ninetales|76\/100|[from] Stealth Rock\n|-weather|Snow|[from] ability: Snow Warning|[of] p1a: Ninetales\n|turn|12\n|\n|t:|1700498121\n|switch|p2a: Kingambit|Kingambit, M, tera:Flying|100\/100\n|-activate|p2a: Kingambit|ability: Supreme Overlord\n|-start|p2a: Kingambit|fallen2|[silent]\n|move|p1a: Ninetales|Aurora Veil|p1a: Ninetales\n|-sidestart|p1: BCDefault|move: Aurora Veil\n|\n|-weather|Snow|[upkeep]\n|upkeep\n|turn|13\n|\n|t:|1700498129\n|move|p1a: Ninetales|Freeze-Dry|p2a: Kingambit\n|-supereffective|p2a: Kingambit\n|-damage|p2a: Kingambit|45\/100\n|move|p2a: Kingambit|Iron Head|p1a: Ninetales\n|-supereffective|p1a: Ninetales\n|-damage|p1a: Ninetales|0 fnt\n|faint|p1a: Ninetales\n|\n|-weather|Snow|[upkeep]\n|upkeep\n|\n|t:|1700498139\n|switch|p1a: Great Tusk|Great Tusk|100\/100\n|-damage|p1a: Great Tusk|98\/100|[from] Stealth Rock\n|-enditem|p1a: Great Tusk|Booster Energy\n|-activate|p1a: Great Tusk|ability: Protosynthesis|[fromitem]\n|-start|p1a: Great Tusk|protosynthesisatk\n|turn|14\n|\n|t:|1700498145\n|-end|p2a: Kingambit|fallen2|[silent]\n|switch|p2a: Dragapult|Dragapult, M|100\/100\n|move|p1a: Great Tusk|Stone Edge|p2a: Dragapult\n|-damage|p2a: Dragapult|36\/100\n|\n|-weather|Snow|[upkeep]\n|upkeep\n|turn|15\n|inactive|donloucho has 120 seconds left.\n|\n|t:|1700498154\n|move|p2a: Dragapult|U-turn|p1a: Great Tusk\n|-resisted|p1a: Great Tusk\n|-damage|p1a: Great Tusk|92\/100\n|inactive|donloucho has 120 seconds left.\n|\n|t:|1700498159\n|switch|p2a: Ogerpon|Ogerpon-Wellspring, F|100\/100|[from] U-turn\n|move|p1a: Great Tusk|Earthquake|p2a: Ogerpon\n|-resisted|p2a: Ogerpon\n|-damage|p2a: Ogerpon|59\/100\n|\n|-weather|Snow|[upkeep]\n|upkeep\n|turn|16\n|\n|t:|1700498169\n|move|p2a: Ogerpon|Horn Leech|p1a: Great Tusk\n|-supereffective|p1a: Great Tusk\n|-damage|p1a: Great Tusk|58\/100\n|-heal|p2a: Ogerpon|80\/100|[from] drain|[of] p1a: Great Tusk\n|move|p1a: Great Tusk|Close Combat|p2a: Ogerpon\n|-damage|p2a: Ogerpon|0 fnt\n|-unboost|p1a: Great Tusk|def|1\n|-unboost|p1a: Great Tusk|spd|1\n|faint|p2a: Ogerpon\n|\n|-weather|none\n|upkeep\n|inactive|donloucho has 120 seconds left.\n|\n|t:|1700498179\n|switch|p2a: Dragapult|Dragapult, M|36\/100\n|turn|17\n|\n|t:|1700498186\n|move|p2a: Dragapult|Shadow Ball|p1a: Great Tusk\n|-damage|p1a: Great Tusk|0 fnt\n|faint|p1a: Great Tusk\n|-end|p1a: Great Tusk|Protosynthesis|[silent]\n|\n|upkeep\n|\n|t:|1700498195\n|switch|p1a: Ceruledge|Ceruledge, M|100\/100\n|turn|18\n|\n|t:|1700498202\n|switch|p2a: Kingambit|Kingambit, M, tera:Flying|45\/100\n|-activate|p2a: Kingambit|ability: Supreme Overlord\n|-start|p2a: Kingambit|fallen3|[silent]\n|move|p1a: Ceruledge|Swords Dance|p1a: Ceruledge\n|-boost|p1a: Ceruledge|atk|2\n|\n|upkeep\n|turn|19\n|\n|t:|1700498209\n|move|p1a: Ceruledge|Shadow Sneak|p2a: Kingambit\n|-damage|p2a: Kingambit|13\/100\n|move|p2a: Kingambit|Kowtow Cleave|p1a: Ceruledge\n|-supereffective|p1a: Ceruledge\n|-damage|p1a: Ceruledge|0 fnt\n|faint|p1a: Ceruledge\n|\n|-sideend|p1: BCDefault|move: Aurora Veil\n|upkeep\n|\n|t:|1700498216\n|switch|p1a: Garganacl|Garganacl, M|100\/100\n|-damage|p1a: Garganacl|88\/100|[from] Stealth Rock\n|turn|20\n|\n|t:|1700498221\n|move|p2a: Kingambit|Iron Head|p1a: Garganacl\n|-supereffective|p1a: Garganacl\n|-damage|p1a: Garganacl|27\/100\n|move|p1a: Garganacl|Salt Cure|p2a: Kingambit\n|-supereffective|p2a: Kingambit\n|-damage|p2a: Kingambit|0 fnt\n|faint|p2a: Kingambit\n|-end|p2a: Kingambit|fallen3|[silent]\n|\n|-heal|p1a: Garganacl|33\/100|[from] item: Leftovers\n|upkeep\n|\n|t:|1700498230\n|switch|p2a: Slowking|Slowking-Galar, F|100\/100\n|turn|21\n|\n|t:|1700498233\n|move|p1a: Garganacl|Recover|p1a: Garganacl\n|-heal|p1a: Garganacl|83\/100\n|move|p2a: Slowking|Future Sight|p1a: Garganacl\n|-start|p2a: Slowking|move: Future Sight\n|\n|-heal|p1a: Garganacl|89\/100|[from] item: Leftovers\n|upkeep\n|turn|22\n|\n|t:|1700498240\n|move|p1a: Garganacl|Stealth Rock|p2a: Slowking\n|-sidestart|p2: donloucho|move: Stealth Rock\n|move|p2a: Slowking|Sludge Bomb|p1a: Garganacl\n|-resisted|p1a: Garganacl\n|-damage|p1a: Garganacl|74\/100\n|\n|-heal|p1a: Garganacl|80\/100|[from] item: Leftovers\n|upkeep\n|turn|23\n|\n|t:|1700498247\n|move|p1a: Garganacl|Salt Cure|p2a: Slowking\n|-damage|p2a: Slowking|90\/100\n|-start|p2a: Slowking|Salt Cure\n|move|p2a: Slowking|Sludge Bomb|p1a: Garganacl\n|-resisted|p1a: Garganacl\n|-damage|p1a: Garganacl|65\/100\n|\n|-end|p1a: Garganacl|move: Future Sight\n|-damage|p1a: Garganacl|23\/100\n|-heal|p1a: Garganacl|29\/100|[from] item: Leftovers\n|-heal|p2a: Slowking|96\/100|[from] item: Leftovers\n|-damage|p2a: Slowking|84\/100|[from] Salt Cure\n|upkeep\n|turn|24\n|\n|t:|1700498258\n|move|p1a: Garganacl|Recover|p1a: Garganacl\n|-heal|p1a: Garganacl|79\/100\n|move|p2a: Slowking|Future Sight|p1a: Garganacl\n|-start|p2a: Slowking|move: Future Sight\n|\n|-heal|p1a: Garganacl|85\/100|[from] item: Leftovers\n|-heal|p2a: Slowking|90\/100|[from] item: Leftovers\n|-damage|p2a: Slowking|78\/100|[from] Salt Cure\n|upkeep\n|turn|25\n|\n|t:|1700498266\n|move|p1a: Garganacl|Block|p2a: Slowking\n|-activate|p2a: Slowking|trapped\n|move|p2a: Slowking|Sludge Bomb|p1a: Garganacl\n|-resisted|p1a: Garganacl\n|-damage|p1a: Garganacl|71\/100\n|\n|-heal|p1a: Garganacl|77\/100|[from] item: Leftovers\n|-heal|p2a: Slowking|84\/100|[from] item: Leftovers\n|-damage|p2a: Slowking|71\/100|[from] Salt Cure\n|upkeep\n|turn|26\n|\n|t:|1700498277\n|move|p1a: Garganacl|Salt Cure|p2a: Slowking\n|-damage|p2a: Slowking|61\/100\n|move|p2a: Slowking|Sludge Bomb|p1a: Garganacl\n|-resisted|p1a: Garganacl\n|-crit|p1a: Garganacl\n|-damage|p1a: Garganacl|54\/100\n|\n|-end|p1a: Garganacl|move: Future Sight\n|-damage|p1a: Garganacl|10\/100\n|-heal|p1a: Garganacl|16\/100|[from] item: Leftovers\n|-heal|p2a: Slowking|67\/100|[from] item: Leftovers\n|-damage|p2a: Slowking|54\/100|[from] Salt Cure\n|upkeep\n|turn|27\n|\n|t:|1700498289\n|move|p1a: Garganacl|Recover|p1a: Garganacl\n|-heal|p1a: Garganacl|66\/100\n|move|p2a: Slowking|Future Sight|p1a: Garganacl\n|-start|p2a: Slowking|move: Future Sight\n|\n|-heal|p1a: Garganacl|73\/100|[from] item: Leftovers\n|-heal|p2a: Slowking|60\/100|[from] item: Leftovers\n|-damage|p2a: Slowking|48\/100|[from] Salt Cure\n|upkeep\n|turn|28\n|\n|t:|1700498300\n|move|p1a: Garganacl|Recover|p1a: Garganacl\n|-heal|p1a: Garganacl|100\/100\n|move|p2a: Slowking|Sludge Bomb|p1a: Garganacl\n|-resisted|p1a: Garganacl\n|-damage|p1a: Garganacl|85\/100\n|\n|-heal|p1a: Garganacl|91\/100|[from] item: Leftovers\n|-heal|p2a: Slowking|54\/100|[from] item: Leftovers\n|-damage|p2a: Slowking|42\/100|[from] Salt Cure\n|upkeep\n|turn|29\n|\n|t:|1700498310\n|move|p1a: Garganacl|Salt Cure|p2a: Slowking\n|-damage|p2a: Slowking|31\/100\n|move|p2a: Slowking|Sludge Bomb|p1a: Garganacl\n|-resisted|p1a: Garganacl\n|-damage|p1a: Garganacl|75\/100\n|\n|-end|p1a: Garganacl|move: Future Sight\n|-damage|p1a: Garganacl|33\/100\n|-heal|p1a: Garganacl|39\/100|[from] item: Leftovers\n|-heal|p2a: Slowking|38\/100|[from] item: Leftovers\n|-damage|p2a: Slowking|25\/100|[from] Salt Cure\n|upkeep\n|turn|30\n|\n|t:|1700498322\n|move|p1a: Garganacl|Recover|p1a: Garganacl\n|-heal|p1a: Garganacl|89\/100\n|move|p2a: Slowking|Future Sight|p1a: Garganacl\n|-start|p2a: Slowking|move: Future Sight\n|\n|-heal|p1a: Garganacl|95\/100|[from] item: Leftovers\n|-heal|p2a: Slowking|31\/100|[from] item: Leftovers\n|-damage|p2a: Slowking|19\/100|[from] Salt Cure\n|upkeep\n|turn|31\n|\n|t:|1700498330\n|move|p1a: Garganacl|Block||[still]\n|-fail|p1a: Garganacl\n|move|p2a: Slowking|Chilly Reception|p2a: Slowking\n|-weather|Snow\n|\n|t:|1700498336\n|switch|p2a: Dragapult|Dragapult, M|36\/100|[from] Chilly Reception\n|-damage|p2a: Dragapult|23\/100|[from] Stealth Rock\n|\n|-weather|Snow|[upkeep]\n|-heal|p1a: Garganacl|100\/100|[from] item: Leftovers\n|upkeep\n|turn|32\n|\n|t:|1700498343\n|move|p2a: Dragapult|U-turn|p1a: Garganacl\n|-damage|p1a: Garganacl|91\/100\n|\n|t:|1700498347\n|switch|p2a: Slowking|Slowking-Galar, F|52\/100|[from] U-turn\n|-damage|p2a: Slowking|40\/100|[from] Stealth Rock\n|move|p1a: Garganacl|Salt Cure|p2a: Slowking\n|-damage|p2a: Slowking|30\/100\n|-start|p2a: Slowking|Salt Cure\n|\n|-weather|Snow|[upkeep]\n|-end|p1a: Garganacl|move: Future Sight\n|-damage|p1a: Garganacl|50\/100\n|-heal|p1a: Garganacl|56\/100|[from] item: Leftovers\n|-heal|p2a: Slowking|36\/100|[from] item: Leftovers\n|-damage|p2a: Slowking|23\/100|[from] Salt Cure\n|upkeep\n|turn|33\n|\n|t:|1700498361\n|move|p1a: Garganacl|Salt Cure|p2a: Slowking\n|-damage|p2a: Slowking|12\/100\n|move|p2a: Slowking|Future Sight|p1a: Garganacl\n|-start|p2a: Slowking|move: Future Sight\n|\n|-weather|Snow|[upkeep]\n|-heal|p1a: Garganacl|62\/100|[from] item: Leftovers\n|-heal|p2a: Slowking|18\/100|[from] item: Leftovers\n|-damage|p2a: Slowking|6\/100|[from] Salt Cure\n|upkeep\n|turn|34\n|inactive|BCDefault has 120 seconds left.\n|\n|t:|1700498395\n|move|p1a: Garganacl|Salt Cure|p2a: Slowking\n|-damage|p2a: Slowking|0 fnt\n|faint|p2a: Slowking\n|\n|-weather|Snow|[upkeep]\n|-heal|p1a: Garganacl|68\/100|[from] item: Leftovers\n|upkeep\n|\n|t:|1700498401\n|switch|p2a: Dragapult|Dragapult, M|23\/100\n|-damage|p2a: Dragapult|11\/100|[from] Stealth Rock\n|turn|35\n|\n|t:|1700498412\n|move|p2a: Dragapult|Draco Meteor|p1a: Garganacl\n|-damage|p1a: Garganacl|17\/100\n|-unboost|p2a: Dragapult|spa|2\n|move|p1a: Garganacl|Salt Cure|p2a: Dragapult\n|-damage|p2a: Dragapult|0 fnt\n|faint|p2a: Dragapult\n|\n|win|BCDefault\n|raw|BCDefault's rating: 1306 &rarr; <strong>1330<\/strong><br \/>(+24 for winning)\n|raw|donloucho's rating: 1372 &rarr; <strong>1348<\/strong><br \/>(-24 for losing)\n|l|\u2606donloucho\n|c|\u2606BCDefault|gg\n|c|\u2606BCDefault|wp\n","uploadtime":1700498426,"views":5,"p1id":"bcdefault","p2id":"donloucho","formatid":"gen9ou","rating":1330,"private":0,"password":""}