{"id":"gen9ou-1990984054","p1":"HateV2","p2":"Hedeki","format":"[Gen 9] OU","log":"|j|\u2606HateV2\n|j|\u2606Hedeki\n|t:|1700023307\n|gametype|singles\n|player|p1|HateV2|102|1149\n|player|p2|Hedeki|pokemaniac|1070\n|teamsize|p1|6\n|teamsize|p2|6\n|gen|9\n|tier|[Gen 9] OU\n|rated|\n|rule|Sleep Clause Mod: Limit one foe put to sleep\n|rule|Species Clause: Limit one of each Pok\u00e9mon\n|rule|OHKO Clause: OHKO moves are banned\n|rule|Evasion Items Clause: Evasion items are banned\n|rule|Evasion Moves Clause: Evasion moves are banned\n|rule|Endless Battle Clause: Forcing endless battles is banned\n|rule|HP Percentage Mod: HP is shown in percentages\n|clearpoke\n|poke|p1|Toxapex, M|\n|poke|p1|Amoonguss, F|\n|poke|p1|Slowking-Galar, M|\n|poke|p1|Tornadus-Therian, M|\n|poke|p1|Umbreon, F|\n|poke|p1|Salazzle, F|\n|poke|p2|Pelipper, M|\n|poke|p2|Amoonguss, F|\n|poke|p2|Iron Treads|\n|poke|p2|Kingambit, F|\n|poke|p2|Basculegion-F, F|\n|poke|p2|Greninja-*, M|\n|teampreview\n|inactive|Battle timer is ON: inactive players will automatically lose when time's up. (requested by HateV2)\n|\n|t:|1700023326\n|start\n|switch|p1a: Amoonguss|Amoonguss, F|100\/100\n|switch|p2a: Iron Treads|Iron Treads|100\/100\n|-enditem|p2a: Iron Treads|Booster Energy\n|-activate|p2a: Iron Treads|ability: Quark Drive|[fromitem]\n|-start|p2a: Iron Treads|quarkdrivespe\n|turn|1\n|\n|t:|1700023336\n|move|p2a: Iron Treads|Stealth Rock|p1a: Amoonguss\n|-sidestart|p1: HateV2|move: Stealth Rock\n|move|p1a: Amoonguss|Spore|p2a: Iron Treads\n|-status|p2a: Iron Treads|slp|[from] move: Spore\n|\n|upkeep\n|turn|2\n|\n|t:|1700023341\n|-end|p2a: Iron Treads|Quark Drive|[silent]\n|switch|p2a: Pelipper|Pelipper, M|100\/100\n|-weather|RainDance|[from] ability: Drizzle|[of] p2a: Pelipper\n|move|p1a: Amoonguss|Giga Drain|p2a: Pelipper\n|-damage|p2a: Pelipper|58\/100\n|\n|-weather|RainDance|[upkeep]\n|upkeep\n|turn|3\n|\n|t:|1700023348\n|switch|p1a: Toxapex|Toxapex, M|100\/100\n|-damage|p1a: Toxapex|88\/100|[from] Stealth Rock\n|move|p2a: Pelipper|Hurricane|p1a: Toxapex\n|-damage|p1a: Toxapex|66\/100\n|\n|-weather|RainDance|[upkeep]\n|-heal|p1a: Toxapex|73\/100|[from] item: Black Sludge\n|upkeep\n|turn|4\n|\n|t:|1700023357\n|move|p2a: Pelipper|Hurricane|p1a: Toxapex\n|-damage|p1a: Toxapex|49\/100\n|-start|p1a: Toxapex|confusion\n|-activate|p1a: Toxapex|confusion\n|move|p1a: Toxapex|Toxic|p2a: Pelipper\n|-status|p2a: Pelipper|tox\n|\n|-weather|RainDance|[upkeep]\n|-heal|p1a: Toxapex|55\/100|[from] item: Black Sludge\n|-damage|p2a: Pelipper|52\/100 tox|[from] psn\n|upkeep\n|turn|5\n|\n|t:|1700023363\n|-activate|p1a: Toxapex|confusion\n|-damage|p1a: Toxapex|51\/100|[from] confusion\n|move|p2a: Pelipper|Roost|p2a: Pelipper\n|-heal|p2a: Pelipper|100\/100 tox\n|-singleturn|p2a: Pelipper|move: Roost\n|\n|-weather|RainDance|[upkeep]\n|-heal|p1a: Toxapex|57\/100|[from] item: Black Sludge\n|-damage|p2a: Pelipper|88\/100 tox|[from] psn\n|upkeep\n|turn|6\n|\n|t:|1700023375\n|switch|p2a: Basculegion|Basculegion-F, F|100\/100\n|-end|p1a: Toxapex|confusion\n|move|p1a: Toxapex|Recover|p1a: Toxapex\n|-heal|p1a: Toxapex|100\/100\n|\n|-weather|RainDance|[upkeep]\n|upkeep\n|turn|7\n|\n|t:|1700023393\n|move|p1a: Toxapex|Baneful Bunker|p1a: Toxapex\n|-singleturn|p1a: Toxapex|move: Protect\n|move|p2a: Basculegion|Shadow Ball|p1a: Toxapex\n|-activate|p1a: Toxapex|move: Protect\n|\n|-weather|RainDance|[upkeep]\n|upkeep\n|turn|8\n|\n|t:|1700023402\n|move|p2a: Basculegion|Shadow Ball|p1a: Toxapex\n|-damage|p1a: Toxapex|64\/100\n|move|p1a: Toxapex|Recover|p1a: Toxapex\n|-heal|p1a: Toxapex|100\/100\n|\n|-weather|RainDance|[upkeep]\n|upkeep\n|turn|9\n|-message|Hedeki forfeited.\n|\n|win|HateV2\n|raw|HateV2's rating: 1149 &rarr; <strong>1168<\/strong><br \/>(+19 for winning)\n|raw|Hedeki's rating: 1070 &rarr; <strong>1054<\/strong><br \/>(-16 for losing)\n|l|\u2606Hedeki\n","uploadtime":1700023412,"views":7,"p1id":"hatev2","p2id":"hedeki","formatid":"gen9ou","rating":1054,"private":0,"password":""}