{"id":"gen9ou-2000029561","p1":"FreeOuch","p2":"A KlNG\u2655","format":"[Gen 9] OU","log":"|j|\u2606FreeOuch\n|j|\u2606A KlNG\u2655\n|inactive|Battle timer is ON: inactive players will automatically lose when time's up.\n|t:|1701143264\n|gametype|singles\n|player|p1|FreeOuch|clair-gen2|\n|player|p2|A KlNG\u2655|brock-gen2|\n|teamsize|p1|6\n|teamsize|p2|6\n|gen|9\n|tier|[Gen 9] OU\n|rated|Tournament battle\n|rule|Sleep Clause Mod: Limit one foe put to sleep\n|rule|Species Clause: Limit one of each Pok\u00e9mon\n|rule|OHKO Clause: OHKO moves are banned\n|rule|Evasion Items Clause: Evasion items are banned\n|rule|Evasion Moves Clause: Evasion moves are banned\n|rule|Endless Battle Clause: Forcing endless battles is banned\n|rule|HP Percentage Mod: HP is shown in percentages\n|clearpoke\n|poke|p1|Samurott-Hisui, F|\n|poke|p1|Landorus-Therian, M|\n|poke|p1|Great Tusk|\n|poke|p1|Zapdos|\n|poke|p1|Gholdengo|\n|poke|p1|Garganacl, M|\n|poke|p2|Great Tusk|\n|poke|p2|Greninja-*, M|\n|poke|p2|Ninetales-Alola, F|\n|poke|p2|Cinderace, M|\n|poke|p2|Iron Valiant|\n|poke|p2|Darkrai|\n|teampreview\n|inactive|FreeOuch also wants the timer to be on.\n|j| SDK04\n|c|\u2606A KlNG\u2655|my bad\n|c|\u2606A KlNG\u2655|LETS GET\n|c|\u2606A KlNG\u2655|RADICAL\n|inactive|FreeOuch has 120 seconds left.\n|\n|t:|1701143299\n|start\n|switch|p1a: Gholdengo|Gholdengo|100\/100\n|switch|p2a: 100K$|Great Tusk|100\/100\n|-enditem|p2a: 100K$|Booster Energy\n|-activate|p2a: 100K$|ability: Protosynthesis|[fromitem]\n|-start|p2a: 100K$|protosynthesisspe\n|turn|1\n|\n|t:|1701143303\n|switch|p1a: Zapdos|Zapdos|100\/100\n|move|p2a: 100K$|Stealth Rock|p1a: Zapdos\n|-sidestart|p1: FreeOuch|move: Stealth Rock\n|\n|upkeep\n|turn|2\n|c| SDK04|It\u2019s Head Smash\n|c| SDK04|100%\n|j| gomikyu\n|\n|t:|1701143330\n|move|p2a: 100K$|Head Smash|p1a: Zapdos|[miss]\n|-miss|p2a: 100K$|p1a: Zapdos\n|move|p1a: Zapdos|Hurricane|p2a: 100K$\n|-supereffective|p2a: 100K$\n|-damage|p2a: 100K$|11\/100\n|\n|upkeep\n|turn|3\n|c|\u2606A KlNG\u2655|SDK04 SHUSH SHUSSH YOUR MOUFFFIESS SHUSSSSSH\n|c|\u2606A KlNG\u2655|FFFS\n|c| SDK04|Knew it.\n|\n|t:|1701143345\n|switch|p1a: Landorus|Landorus-Therian, M|100\/100\n|-damage|p1a: Landorus|88\/100|[from] Stealth Rock\n|-ability|p1a: Landorus|Intimidate|boost\n|-unboost|p2a: 100K$|atk|1\n|move|p2a: 100K$|Head Smash|p1a: Landorus\n|-damage|p1a: Landorus|70\/100\n|-damage|p2a: 100K$|0 fnt|[from] item: Rocky Helmet|[of] p1a: Landorus\n|faint|p2a: 100K$\n|-end|p2a: 100K$|Protosynthesis|[silent]\n|\n|upkeep\n|c| SDK04|I called it.\n|\n|t:|1701143354\n|switch|p2a: COGNAC|Iron Valiant|100\/100\n|-enditem|p2a: COGNAC|Booster Energy\n|-activate|p2a: COGNAC|ability: Quark Drive|[fromitem]\n|-start|p2a: COGNAC|quarkdrivespe\n|turn|4\n|l| gomikyu\n|inactive|FreeOuch has 120 seconds left.\n|\n|t:|1701143407\n|move|p2a: COGNAC|Taunt|p1a: Landorus\n|-start|p1a: Landorus|move: Taunt\n|move|p1a: Landorus|Earthquake|p2a: COGNAC\n|-damage|p2a: COGNAC|34\/100\n|\n|upkeep\n|turn|5\n|\n|t:|1701143416\n|move|p2a: COGNAC|Knock Off|p1a: Landorus\n|-damage|p1a: Landorus|48\/100\n|-damage|p2a: COGNAC|17\/100|[from] item: Rocky Helmet|[of] p1a: Landorus\n|-enditem|p1a: Landorus|Rocky Helmet|[from] move: Knock Off|[of] p2a: COGNAC\n|move|p1a: Landorus|Earthquake|p2a: COGNAC\n|-damage|p2a: COGNAC|0 fnt\n|faint|p2a: COGNAC\n|-end|p2a: COGNAC|Quark Drive|[silent]\n|\n|upkeep\n|\n|t:|1701143420\n|switch|p2a: GG \ud83c\udf0a|Greninja, M|100\/100\n|turn|6\n|j|+awyp\n|l|+awyp\n|\n|t:|1701143446\n|switch|p1a: Samurott|Samurott-Hisui, F|100\/100\n|-damage|p1a: Samurott|88\/100|[from] Stealth Rock\n|move|p2a: GG \ud83c\udf0a|Surf|p1a: Samurott\n|-resisted|p1a: Samurott\n|-damage|p1a: Samurott|67\/100\n|\n|upkeep\n|turn|7\n|c| SDK04|Water Shuriken\n|\n|t:|1701143463\n|-terastallize|p2a: GG \ud83c\udf0a|Fairy\n|move|p2a: GG \ud83c\udf0a|Tera Blast|p1a: Samurott|[anim] Tera Blast Fairy\n|-supereffective|p1a: Samurott\n|-damage|p1a: Samurott|0 fnt\n|faint|p1a: Samurott\n|-ability|p2a: GG \ud83c\udf0a|Battle Bond|boost\n|-boost|p2a: GG \ud83c\udf0a|atk|1\n|-boost|p2a: GG \ud83c\udf0a|spa|1\n|-boost|p2a: GG \ud83c\udf0a|spe|1\n|-activate|p2a: GG \ud83c\udf0a|ability: Battle Bond\n|\n|upkeep\n|c|\u2606A KlNG\u2655|SD if you Telegraph\n|inactive|FreeOuch has 90 seconds left.\n|c|\u2606A KlNG\u2655|My Punches\n|c|\u2606A KlNG\u2655|one more GAd dam time\n|c|\u2606A KlNG\u2655|:V GAd DAM SD\n|c| SDK04|__Observation Haki__\n|inactive|FreeOuch has 60 seconds left.\n|j| knexhawk2\n|l| knexhawk2\n|inactive|FreeOuch has 30 seconds left.\n|inactive|FreeOuch has 20 seconds left.\n|c|\u2606A KlNG\u2655|hello? Freeouch\n|c|\u2606A KlNG\u2655|Ouchies?\n|inactive|FreeOuch has 15 seconds left.\n|\n|t:|1701143559\n|switch|p1a: Garganacl|Garganacl, M|100\/100\n|-damage|p1a: Garganacl|88\/100|[from] Stealth Rock\n|turn|8\n|inactive|FreeOuch has 25 seconds left this turn.\n|c|\u2606A KlNG\u2655|Ouchy -san?\n|inactive|FreeOuch has 20 seconds left.\n|\n|t:|1701143565\n|-terastallize|p1a: Garganacl|Water\n|move|p2a: GG \ud83c\udf0a|Surf|p1a: Garganacl\n|-resisted|p1a: Garganacl\n|-damage|p1a: Garganacl|64\/100\n|move|p1a: Garganacl|Salt Cure|p2a: GG \ud83c\udf0a\n|-damage|p2a: GG \ud83c\udf0a|76\/100\n|-start|p2a: GG \ud83c\udf0a|Salt Cure\n|\n|-heal|p1a: Garganacl|70\/100|[from] item: Leftovers\n|-damage|p2a: GG \ud83c\udf0a|64\/100|[from] Salt Cure\n|upkeep\n|turn|9\n|inactive|FreeOuch has 30 seconds left this turn.\n|\n|t:|1701143571\n|move|p2a: GG \ud83c\udf0a|Dark Pulse|p1a: Garganacl\n|-damage|p1a: Garganacl|29\/100\n|cant|p1a: Garganacl|flinch\n|\n|-heal|p1a: Garganacl|35\/100|[from] item: Leftovers\n|-damage|p2a: GG \ud83c\udf0a|52\/100|[from] Salt Cure\n|upkeep\n|turn|10\n|\n|t:|1701143574\n|switch|p1a: Gholdengo|Gholdengo|100\/100\n|-damage|p1a: Gholdengo|94\/100|[from] Stealth Rock\n|move|p2a: GG \ud83c\udf0a|Dark Pulse|p1a: Gholdengo\n|-supereffective|p1a: Gholdengo\n|-damage|p1a: Gholdengo|0 fnt\n|faint|p1a: Gholdengo\n|\n|-damage|p2a: GG \ud83c\udf0a|39\/100|[from] Salt Cure\n|upkeep\n|c|\u2606A KlNG\u2655|now when I name my mons GG\n|inactive|FreeOuch has 30 seconds left.\n|j| Light DN\n|c|\u2606A KlNG\u2655|its not being cocky or rude\n|\n|t:|1701143591\n|switch|p1a: Landorus|Landorus-Therian, M|48\/100\n|-damage|p1a: Landorus|36\/100|[from] Stealth Rock\n|-ability|p1a: Landorus|Intimidate|boost\n|-unboost|p2a: GG \ud83c\udf0a|atk|1\n|turn|11\n|c|\u2606A KlNG\u2655|maybe Rhude\n|c|\u2606A KlNG\u2655|The CLothes\n|c|\u2606A KlNG\u2655|but\n|inactive|FreeOuch has 30 seconds left.\n|\n|t:|1701143597\n|move|p2a: GG \ud83c\udf0a|Dark Pulse|p1a: Landorus\n|-crit|p1a: Landorus\n|-damage|p1a: Landorus|0 fnt\n|faint|p1a: Landorus\n|\n|-damage|p2a: GG \ud83c\udf0a|27\/100|[from] Salt Cure\n|upkeep\n|c|\u2606A KlNG\u2655|I Intened\n|c|\u2606A KlNG\u2655|to\n|inactive|FreeOuch has 30 seconds left.\n|\n|t:|1701143603\n|switch|p1a: Great Tusk|Great Tusk|100\/100\n|turn|12\n|c|\u2606A KlNG\u2655|SHAKE THE PACE\n|\n|t:|1701143609\n|-end|p1a: Great Tusk|Protosynthesis|[silent]\n|switch|p1a: Garganacl|Garganacl, M, tera:Water|35\/100\n|-damage|p1a: Garganacl|23\/100|[from] Stealth Rock\n|move|p2a: GG \ud83c\udf0a|Surf|p1a: Garganacl\n|-resisted|p1a: Garganacl\n|-damage|p1a: Garganacl|0 fnt\n|faint|p1a: Garganacl\n|\n|-damage|p2a: GG \ud83c\udf0a|15\/100|[from] Salt Cure\n|upkeep\n|c|\u2606A KlNG\u2655|YA HERRRRRRRD\n|c| SDK04|Remember: Darkrai gets Ice Beam\n|inactive|FreeOuch has 30 seconds left.\n|c| SDK04|Your Tusk isn\u2019t safe\n|c| SDK04|Even if Greninja dies\n|inactive|FreeOuch has 20 seconds left.\n|c|\u2606A KlNG\u2655|I dnt run Ice cream on Darkrai\n|inactive|FreeOuch has 15 seconds left.\n|c|\u2606A KlNG\u2655|i have enough ice As is sd\n|inactive|FreeOuch has 10 seconds left.\n|inactive|FreeOuch has 5 seconds left.\n|c|\u2606A KlNG\u2655|gg\n|\n|t:|1701143654\n|switch|p1a: Great Tusk|Great Tusk|100\/100\n|turn|13\n|inactive|FreeOuch has 15 seconds left this turn.\n|\n|t:|1701143658\n|move|p2a: GG \ud83c\udf0a|Surf|p1a: Great Tusk\n|-supereffective|p1a: Great Tusk\n|-damage|p1a: Great Tusk|0 fnt\n|faint|p1a: Great Tusk\n|-end|p1a: Great Tusk|Protosynthesis|[silent]\n|\n|-damage|p2a: GG \ud83c\udf0a|3\/100|[from] Salt Cure\n|upkeep\n|inactive|FreeOuch has 20 seconds left this turn.\n|\n|t:|1701143660\n|switch|p1a: Zapdos|Zapdos|100\/100\n|turn|14\n|inactive|FreeOuch has 30 seconds left this turn.\n|\n|t:|1701143662\n|move|p2a: GG \ud83c\udf0a|Surf|p1a: Zapdos\n|-damage|p1a: Zapdos|26\/100\n|move|p1a: Zapdos|Roost|p1a: Zapdos\n|-heal|p1a: Zapdos|76\/100\n|-singleturn|p1a: Zapdos|move: Roost\n|\n|-damage|p2a: GG \ud83c\udf0a|0 fnt|[from] Salt Cure\n|faint|p2a: GG \ud83c\udf0a\n|upkeep\n|\n|t:|1701143665\n|switch|p2a: GHOLDENG0??|Darkrai|100\/100\n|turn|15\n|\n|t:|1701143667\n|move|p1a: Zapdos|Discharge|p2a: GHOLDENG0??\n|-damage|p2a: GHOLDENG0??|62\/100\n|-status|p2a: GHOLDENG0??|par\n|move|p2a: GHOLDENG0??|Dark Pulse|p1a: Zapdos\n|-damage|p1a: Zapdos|32\/100\n|\n|upkeep\n|turn|16\n|\n|t:|1701143670\n|move|p1a: Zapdos|Roost|p1a: Zapdos\n|-heal|p1a: Zapdos|82\/100\n|-singleturn|p1a: Zapdos|move: Roost\n|cant|p2a: GHOLDENG0??|par\n|\n|upkeep\n|turn|17\n|\n|t:|1701143673\n|move|p1a: Zapdos|Hurricane|p2a: GHOLDENG0??\n|-damage|p2a: GHOLDENG0??|10\/100 par\n|-start|p2a: GHOLDENG0??|confusion\n|-activate|p2a: GHOLDENG0??|confusion\n|-damage|p2a: GHOLDENG0??|3\/100 par|[from] confusion\n|\n|upkeep\n|turn|18\n|\n|t:|1701143676\n|move|p1a: Zapdos|Discharge|p2a: GHOLDENG0??\n|-damage|p2a: GHOLDENG0??|0 fnt\n|faint|p2a: GHOLDENG0??\n|\n|upkeep\n|c|\u2606A KlNG\u2655|AYO ZAPDOS\n|c|\u2606A KlNG\u2655|CHIL THE FK\n|\n|t:|1701143685\n|switch|p2a: Diamond Pieces|Ninetales-Alola, F|100\/100\n|-weather|Snow|[from] ability: Snow Warning|[of] p2a: Diamond Pieces\n|turn|19\n|c| SDK04|Zapdos is legit GOATed\n|\n|t:|1701143711\n|move|p2a: Diamond Pieces|Freeze-Dry|p1a: Zapdos\n|-supereffective|p1a: Zapdos\n|-damage|p1a: Zapdos|26\/100\n|-status|p1a: Zapdos|frz\n|cant|p1a: Zapdos|frz\n|\n|-weather|Snow|[upkeep]\n|upkeep\n|turn|20\n|\n|t:|1701143715\n|move|p2a: Diamond Pieces|Freeze-Dry|p1a: Zapdos\n|-supereffective|p1a: Zapdos\n|-crit|p1a: Zapdos\n|-damage|p1a: Zapdos|0 fnt\n|faint|p1a: Zapdos\n|\n|win|A KlNG\u2655\n|n|\u2606FreeOuch|freeouch\n|n|\u2606A KlNG\u2655|aklng\n|n| SDK04|sdk04\n|n| Light DN|lightdn\n|c|\u2606A KlNG\u2655|BING BING\n|l|\u2606A KlNG\u2655\n|l| Light DN\n|l|\u2606FreeOuch\n","uploadtime":1701143729,"views":2,"p1id":"freeouch","p2id":"aklng","formatid":"gen9ou","rating":0,"private":0,"password":""}