{"id":"gen9ou-1993275684","p1":"JOURNEYTOTHEBOTIM!","p2":"Serious","format":"[Gen 9] OU","log":"|j|\u2606JOURNEYTOTHEBOTIM!\n|j|\u2606Serious\n|t:|1700288556\n|gametype|singles\n|player|p1|JOURNEYTOTHEBOTIM!|2|1120\n|player|p2|Serious|170|1010\n|teamsize|p1|6\n|teamsize|p2|6\n|gen|9\n|tier|[Gen 9] OU\n|rated|\n|rule|Sleep Clause Mod: Limit one foe put to sleep\n|rule|Species Clause: Limit one of each Pok\u00e9mon\n|rule|OHKO Clause: OHKO moves are banned\n|rule|Evasion Items Clause: Evasion items are banned\n|rule|Evasion Moves Clause: Evasion moves are banned\n|rule|Endless Battle Clause: Forcing endless battles is banned\n|rule|HP Percentage Mod: HP is shown in percentages\n|clearpoke\n|poke|p1|Empoleon, F|\n|poke|p1|Sneasler, F|\n|poke|p1|Zapdos|\n|poke|p1|Ogerpon-Cornerstone, F|\n|poke|p1|Clefable, M|\n|poke|p1|Toxapex, F|\n|poke|p2|Gyarados, F|\n|poke|p2|Iron Thorns|\n|poke|p2|Iron Moth|\n|poke|p2|Lucario, M|\n|poke|p2|Greninja-*, F|\n|poke|p2|Arcanine-Hisui, M|\n|teampreview\n|\n|t:|1700288574\n|start\n|switch|p1a: Toxapex|Toxapex, F|100\/100\n|switch|p2a: Iron Thorns|Iron Thorns, shiny|100\/100\n|-item|p2a: Iron Thorns|Air Balloon\n|turn|1\n|\n|t:|1700288588\n|move|p2a: Iron Thorns|Dragon Dance|p2a: Iron Thorns\n|-boost|p2a: Iron Thorns|atk|1\n|-boost|p2a: Iron Thorns|spe|1\n|move|p1a: Toxapex|Surf|p2a: Iron Thorns\n|-supereffective|p2a: Iron Thorns\n|-damage|p2a: Iron Thorns|53\/100\n|-enditem|p2a: Iron Thorns|Air Balloon\n|\n|upkeep\n|turn|2\n|\n|t:|1700288599\n|move|p2a: Iron Thorns|Wild Charge|p1a: Toxapex\n|-supereffective|p1a: Toxapex\n|-crit|p1a: Toxapex\n|-damage|p1a: Toxapex|0 fnt\n|faint|p1a: Toxapex\n|-damage|p2a: Iron Thorns|31\/100|[from] Recoil\n|\n|upkeep\n|\n|t:|1700288610\n|switch|p1a: Sneasler|Sneasler, F|100\/100\n|turn|3\n|\n|t:|1700288634\n|move|p1a: Sneasler|Close Combat|p2a: Iron Thorns\n|-supereffective|p2a: Iron Thorns\n|-damage|p2a: Iron Thorns|0 fnt\n|-unboost|p1a: Sneasler|def|1\n|-unboost|p1a: Sneasler|spd|1\n|faint|p2a: Iron Thorns\n|-end|p2a: Iron Thorns|Quark Drive|[silent]\n|\n|upkeep\n|\n|t:|1700288665\n|switch|p2a: Gyarados|Gyarados, F|100\/100\n|turn|4\n|\n|t:|1700288670\n|switch|p1a: Zapdos|Zapdos|100\/100\n|move|p2a: Gyarados|Dragon Dance|p2a: Gyarados\n|-boost|p2a: Gyarados|atk|1\n|-boost|p2a: Gyarados|spe|1\n|\n|upkeep\n|turn|5\n|\n|t:|1700288676\n|-terastallize|p2a: Gyarados|Water\n|move|p2a: Gyarados|Waterfall|p1a: Zapdos\n|-damage|p1a: Zapdos|0 fnt\n|-status|p2a: Gyarados|par|[from] ability: Static|[of] p1a: Zapdos\n|-enditem|p2a: Gyarados|Lum Berry|[eat]\n|-curestatus|p2a: Gyarados|par|[msg]\n|faint|p1a: Zapdos\n|-ability|p2a: Gyarados|Moxie|boost\n|-boost|p2a: Gyarados|atk|1\n|\n|upkeep\n|\n|t:|1700288690\n|switch|p1a: Sneasler|Sneasler, F|100\/100\n|turn|6\n|\n|t:|1700288705\n|-terastallize|p1a: Sneasler|Fighting\n|move|p1a: Sneasler|Close Combat|p2a: Gyarados\n|-damage|p2a: Gyarados|0 fnt\n|-unboost|p1a: Sneasler|def|1\n|-unboost|p1a: Sneasler|spd|1\n|faint|p2a: Gyarados\n|\n|upkeep\n|inactive|Battle timer is ON: inactive players will automatically lose when time's up. (requested by JOURNEYTOTHEBOTIM!)\n|\n|t:|1700288748\n|switch|p2a: Iron Moth|Iron Moth|100\/100\n|turn|7\n|\n|t:|1700288757\n|move|p1a: Sneasler|Close Combat|p2a: Iron Moth\n|-resisted|p2a: Iron Moth\n|-damage|p2a: Iron Moth|31\/100\n|-unboost|p1a: Sneasler|def|1\n|-unboost|p1a: Sneasler|spd|1\n|move|p2a: Iron Moth|Fire Blast|p1a: Sneasler|[miss]\n|-miss|p2a: Iron Moth|p1a: Sneasler\n|\n|upkeep\n|turn|8\n|\n|t:|1700288764\n|move|p1a: Sneasler|Close Combat|p2a: Iron Moth\n|-resisted|p2a: Iron Moth\n|-damage|p2a: Iron Moth|0 fnt\n|-unboost|p1a: Sneasler|def|1\n|-unboost|p1a: Sneasler|spd|1\n|faint|p2a: Iron Moth\n|-end|p2a: Iron Moth|Quark Drive|[silent]\n|\n|upkeep\n|\n|t:|1700288768\n|switch|p2a: Lucario|Lucario, M|100\/100\n|turn|9\n|\n|t:|1700288770\n|move|p1a: Sneasler|Close Combat|p2a: Lucario\n|-supereffective|p2a: Lucario\n|-crit|p2a: Lucario\n|-enditem|p2a: Lucario|Focus Sash\n|-damage|p2a: Lucario|1\/100\n|-unboost|p1a: Sneasler|def|1\n|-unboost|p1a: Sneasler|spd|1\n|move|p2a: Lucario|Swords Dance|p2a: Lucario\n|-boost|p2a: Lucario|atk|2\n|\n|upkeep\n|turn|10\n|\n|t:|1700288778\n|move|p2a: Lucario|Bullet Punch|p1a: Sneasler\n|-damage|p1a: Sneasler|0 fnt\n|faint|p1a: Sneasler\n|\n|upkeep\n|\n|t:|1700288789\n|switch|p1a: Empoleon|Empoleon, F|100\/100\n|turn|11\n|\n|t:|1700288793\n|move|p2a: Lucario|Close Combat|p1a: Empoleon\n|-supereffective|p1a: Empoleon\n|-damage|p1a: Empoleon|0 fnt\n|-unboost|p2a: Lucario|def|1\n|-unboost|p2a: Lucario|spd|1\n|faint|p1a: Empoleon\n|\n|upkeep\n|\n|t:|1700288797\n|switch|p1a: Ogerpon|Ogerpon-Cornerstone, F|100\/100\n|turn|12\n|\n|t:|1700288801\n|move|p2a: Lucario|Bullet Punch|p1a: Ogerpon\n|-supereffective|p1a: Ogerpon\n|-ability|p1a: Ogerpon|Sturdy\n|-damage|p1a: Ogerpon|1\/100\n|move|p1a: Ogerpon|Ivy Cudgel|p2a: Lucario|[anim] Ivy Cudgel Rock\n|-resisted|p2a: Lucario\n|-damage|p2a: Lucario|0 fnt\n|faint|p2a: Lucario\n|\n|upkeep\n|\n|t:|1700288808\n|switch|p2a: Arcanine|Arcanine-Hisui, M|100\/100\n|-ability|p2a: Arcanine|Intimidate|boost\n|-unboost|p1a: Ogerpon|atk|1\n|turn|13\n|\n|t:|1700288815\n|move|p2a: Arcanine|Extreme Speed|p1a: Ogerpon\n|-resisted|p1a: Ogerpon\n|-damage|p1a: Ogerpon|0 fnt\n|faint|p1a: Ogerpon\n|-damage|p2a: Arcanine|91\/100|[from] item: Life Orb\n|\n|upkeep\n|\n|t:|1700288817\n|switch|p1a: Clefable|Clefable, M|100\/100\n|turn|14\n|\n|t:|1700288829\n|move|p2a: Arcanine|Stone Edge|p1a: Clefable\n|-crit|p1a: Clefable\n|-damage|p1a: Clefable|29\/100\n|-damage|p2a: Arcanine|81\/100|[from] item: Life Orb\n|move|p1a: Clefable|Wish|p1a: Clefable\n|\n|-heal|p1a: Clefable|35\/100|[from] item: Leftovers\n|upkeep\n|turn|15\n|\n|t:|1700288841\n|move|p1a: Clefable|Protect|p1a: Clefable\n|-singleturn|p1a: Clefable|Protect\n|move|p2a: Arcanine|Stone Edge|p1a: Clefable\n|-activate|p1a: Clefable|move: Protect\n|\n|-heal|p1a: Clefable|85\/100|[from] move: Wish|[wisher] Clefable\n|-heal|p1a: Clefable|91\/100|[from] item: Leftovers\n|upkeep\n|turn|16\n|\n|t:|1700288849\n|move|p2a: Arcanine|Stone Edge|p1a: Clefable|[miss]\n|-miss|p2a: Arcanine|p1a: Clefable\n|move|p1a: Clefable|Moonblast|p2a: Arcanine\n|-resisted|p2a: Arcanine\n|-damage|p2a: Arcanine|60\/100\n|-unboost|p2a: Arcanine|spa|1\n|\n|-heal|p1a: Clefable|97\/100|[from] item: Leftovers\n|upkeep\n|turn|17\n|\n|t:|1700288859\n|move|p2a: Arcanine|Stone Edge|p1a: Clefable\n|-damage|p1a: Clefable|51\/100\n|-damage|p2a: Arcanine|50\/100|[from] item: Life Orb\n|move|p1a: Clefable|Wish|p1a: Clefable\n|\n|-heal|p1a: Clefable|57\/100|[from] item: Leftovers\n|upkeep\n|turn|18\n|\n|t:|1700288873\n|switch|p2a: Greninja|Greninja, F|100\/100\n|move|p1a: Clefable|Protect||[still]\n|-fail|p1a: Clefable\n|\n|-heal|p1a: Clefable|100\/100|[from] move: Wish|[wisher] Clefable\n|upkeep\n|turn|19\n|\n|t:|1700288880\n|move|p2a: Greninja|Hydro Pump|p1a: Clefable\n|-start|p2a: Greninja|typechange|Water|[from] ability: Protean\n|-damage|p1a: Clefable|46\/100\n|-damage|p2a: Greninja|91\/100|[from] item: Life Orb\n|move|p1a: Clefable|Moonblast|p2a: Greninja\n|-damage|p2a: Greninja|44\/100\n|\n|-heal|p1a: Clefable|52\/100|[from] item: Leftovers\n|upkeep\n|turn|20\n|\n|t:|1700288890\n|move|p1a: Clefable|Protect|p1a: Clefable\n|-singleturn|p1a: Clefable|Protect\n|move|p2a: Greninja|Hydro Pump|p1a: Clefable\n|-activate|p1a: Clefable|move: Protect\n|\n|-heal|p1a: Clefable|58\/100|[from] item: Leftovers\n|upkeep\n|turn|21\n|\n|t:|1700288896\n|move|p2a: Greninja|Hydro Pump|p1a: Clefable|[miss]\n|-miss|p2a: Greninja|p1a: Clefable\n|move|p1a: Clefable|Wish|p1a: Clefable\n|\n|-heal|p1a: Clefable|64\/100|[from] item: Leftovers\n|upkeep\n|turn|22\n|\n|t:|1700288904\n|move|p1a: Clefable|Protect|p1a: Clefable\n|-singleturn|p1a: Clefable|Protect\n|move|p2a: Greninja|Hydro Pump|p1a: Clefable\n|-activate|p1a: Clefable|move: Protect\n|\n|-heal|p1a: Clefable|100\/100|[from] move: Wish|[wisher] Clefable\n|upkeep\n|turn|23\n|\n|t:|1700288910\n|move|p2a: Greninja|Hydro Pump|p1a: Clefable\n|-damage|p1a: Clefable|37\/100\n|-damage|p2a: Greninja|34\/100|[from] item: Life Orb\n|move|p1a: Clefable|Moonblast|p2a: Greninja\n|-damage|p2a: Greninja|0 fnt\n|faint|p2a: Greninja\n|\n|-heal|p1a: Clefable|43\/100|[from] item: Leftovers\n|upkeep\n|\n|t:|1700288914\n|switch|p2a: Arcanine|Arcanine-Hisui, M|50\/100\n|-ability|p2a: Arcanine|Intimidate|boost\n|-unboost|p1a: Clefable|atk|1\n|turn|24\n|\n|t:|1700288920\n|move|p1a: Clefable|Protect|p1a: Clefable\n|-singleturn|p1a: Clefable|Protect\n|move|p2a: Arcanine|Stone Edge|p1a: Clefable\n|-activate|p1a: Clefable|move: Protect\n|\n|-heal|p1a: Clefable|49\/100|[from] item: Leftovers\n|upkeep\n|turn|25\n|\n|t:|1700288929\n|move|p2a: Arcanine|Stone Edge|p1a: Clefable|[miss]\n|-miss|p2a: Arcanine|p1a: Clefable\n|move|p1a: Clefable|Wish|p1a: Clefable\n|\n|-heal|p1a: Clefable|55\/100|[from] item: Leftovers\n|upkeep\n|turn|26\n|-message|Serious forfeited.\n|\n|win|JOURNEYTOTHEBOTIM!\n|raw|JOURNEYTOTHEBOTIM!'s rating: 1120 &rarr; <strong>1137<\/strong><br \/>(+17 for winning)\n|raw|Serious's rating: 1000 &rarr; <strong>1000<\/strong><br \/>(+0 for losing)\n|l|\u2606Serious\n|c|\u2606JOURNEYTOTHEBOTIM!|lol\n|c|\u2606JOURNEYTOTHEBOTIM!|gg\n","uploadtime":1700288954,"views":12,"p1id":"journeytothebotim","p2id":"serious","formatid":"gen9ou","rating":1000,"private":0,"password":""}