{"id":"gen9ou-1999363541","p1":"reflectelevator324","p2":"colorednaem","format":"[Gen 9] OU","log":"|j|\u2606reflectelevator324\n|j|\u2606colorednaem\n|t:|1701067214\n|gametype|singles\n|player|p1|reflectelevator324|scientist-gen4dp|1000\n|player|p2|colorednaem|bruno|1058\n|teamsize|p1|6\n|teamsize|p2|6\n|gen|9\n|tier|[Gen 9] OU\n|rated|\n|rule|Sleep Clause Mod: Limit one foe put to sleep\n|rule|Species Clause: Limit one of each Pok\u00e9mon\n|rule|OHKO Clause: OHKO moves are banned\n|rule|Evasion Items Clause: Evasion items are banned\n|rule|Evasion Moves Clause: Evasion moves are banned\n|rule|Endless Battle Clause: Forcing endless battles is banned\n|rule|HP Percentage Mod: HP is shown in percentages\n|clearpoke\n|poke|p1|Staraptor, F|\n|poke|p1|Sableye, M|\n|poke|p1|Great Tusk|\n|poke|p1|Clodsire, F|\n|poke|p1|Cloyster, M|\n|poke|p1|Heatran, M|\n|poke|p2|Zamazenta-*|\n|poke|p2|Glimmora, M|\n|poke|p2|Cinderace, M|\n|poke|p2|Kingambit, M|\n|poke|p2|Ogerpon-Wellspring, F|\n|poke|p2|Landorus-Therian, M|\n|teampreview\n|inactive|Battle timer is ON: inactive players will automatically lose when time's up. (requested by colorednaem)\n|inactive|reflectelevator324 also wants the timer to be on.\n|\n|t:|1701067229\n|start\n|switch|p1a: Cloyster|Cloyster, M|100\/100\n|switch|p2a: Landorus|Landorus-Therian, M|100\/100\n|-ability|p2a: Landorus|Intimidate|boost\n|-unboost|p1a: Cloyster|atk|1\n|turn|1\n|\n|t:|1701067237\n|move|p2a: Landorus|Block|p1a: Cloyster\n|-activate|p1a: Cloyster|trapped\n|move|p1a: Cloyster|Icicle Spear|p2a: Landorus\n|-supereffective|p2a: Landorus\n|-damage|p2a: Landorus|63\/100\n|-supereffective|p2a: Landorus\n|-damage|p2a: Landorus|25\/100\n|-supereffective|p2a: Landorus\n|-damage|p2a: Landorus|0 fnt\n|faint|p2a: Landorus\n|-hitcount|p2: Landorus|3\n|\n|upkeep\n|\n|t:|1701067249\n|switch|p2a: Kingambit|Kingambit, M|100\/100\n|-activate|p2a: Kingambit|ability: Supreme Overlord\n|-start|p2a: Kingambit|fallen1|[silent]\n|turn|2\n|inactive|colorednaem has 120 seconds left.\n|\n|t:|1701067279\n|move|p1a: Cloyster|Iron Defense|p1a: Cloyster\n|-boost|p1a: Cloyster|def|2\n|move|p2a: Kingambit|Swords Dance|p2a: Kingambit\n|-boost|p2a: Kingambit|atk|2\n|\n|upkeep\n|turn|3\n|\n|t:|1701067285\n|move|p1a: Cloyster|Iron Defense|p1a: Cloyster\n|-boost|p1a: Cloyster|def|2\n|move|p2a: Kingambit|Swords Dance|p2a: Kingambit\n|-boost|p2a: Kingambit|atk|2\n|\n|upkeep\n|turn|4\n|\n|t:|1701067292\n|move|p1a: Cloyster|Shell Smash|p1a: Cloyster\n|-unboost|p1a: Cloyster|def|1\n|-unboost|p1a: Cloyster|spd|1\n|-boost|p1a: Cloyster|atk|2\n|-boost|p1a: Cloyster|spa|2\n|-boost|p1a: Cloyster|spe|2\n|move|p2a: Kingambit|Swords Dance|p2a: Kingambit\n|-boost|p2a: Kingambit|atk|2\n|\n|upkeep\n|turn|5\n|inactive|colorednaem has 120 seconds left.\n|\n|t:|1701067319\n|move|p2a: Kingambit|Sucker Punch||[still]\n|-fail|p2a: Kingambit\n|move|p1a: Cloyster|Iron Defense|p1a: Cloyster\n|-boost|p1a: Cloyster|def|2\n|\n|upkeep\n|turn|6\n|inactive|colorednaem has 120 seconds left.\n|\n|t:|1701067326\n|move|p1a: Cloyster|Shell Smash|p1a: Cloyster\n|-unboost|p1a: Cloyster|def|1\n|-unboost|p1a: Cloyster|spd|1\n|-boost|p1a: Cloyster|atk|2\n|-boost|p1a: Cloyster|spa|2\n|-boost|p1a: Cloyster|spe|2\n|move|p2a: Kingambit|Kowtow Cleave|p1a: Cloyster\n|-damage|p1a: Cloyster|40\/100\n|\n|-heal|p1a: Cloyster|46\/100|[from] item: Leftovers\n|upkeep\n|turn|7\n|inactive|colorednaem has 120 seconds left.\n|\n|t:|1701067343\n|-terastallize|p2a: Kingambit|Dark\n|move|p2a: Kingambit|Sucker Punch||[still]\n|-fail|p2a: Kingambit\n|move|p1a: Cloyster|Iron Defense|p1a: Cloyster\n|-boost|p1a: Cloyster|def|2\n|\n|-heal|p1a: Cloyster|52\/100|[from] item: Leftovers\n|upkeep\n|turn|8\n|inactive|colorednaem has 120 seconds left.\n|\n|t:|1701067354\n|move|p2a: Kingambit|Sucker Punch||[still]\n|-fail|p2a: Kingambit\n|move|p1a: Cloyster|Shell Smash|p1a: Cloyster\n|-unboost|p1a: Cloyster|def|1\n|-unboost|p1a: Cloyster|spd|1\n|-boost|p1a: Cloyster|atk|2\n|-boost|p1a: Cloyster|spa|2\n|-boost|p1a: Cloyster|spe|2\n|\n|-heal|p1a: Cloyster|58\/100|[from] item: Leftovers\n|upkeep\n|turn|9\n|inactive|colorednaem has 120 seconds left.\n|\n|t:|1701067365\n|move|p2a: Kingambit|Sucker Punch||[still]\n|-fail|p2a: Kingambit\n|move|p1a: Cloyster|Iron Defense|p1a: Cloyster\n|-boost|p1a: Cloyster|def|1\n|\n|-heal|p1a: Cloyster|64\/100|[from] item: Leftovers\n|upkeep\n|turn|10\n|\n|t:|1701067373\n|move|p1a: Cloyster|Icicle Spear|p2a: Kingambit\n|-damage|p2a: Kingambit|69\/100\n|-damage|p2a: Kingambit|32\/100\n|-damage|p2a: Kingambit|0 fnt\n|faint|p2a: Kingambit\n|-end|p2a: Kingambit|fallen1|[silent]\n|-hitcount|p2: Kingambit|3\n|\n|-heal|p1a: Cloyster|71\/100|[from] item: Leftovers\n|upkeep\n|c|\u2606colorednaem|0bti9rgjn l;m\n|-message|colorednaem forfeited.\n|\n|win|reflectelevator324\n|raw|reflectelevator324's rating: 1048 &rarr; <strong>1082<\/strong><br \/>(+34 for winning)\n|raw|colorednaem's rating: 1058 &rarr; <strong>1039<\/strong><br \/>(-19 for losing)\n|l|\u2606colorednaem\n","uploadtime":1701067384,"views":3,"p1id":"reflectelevator324","p2id":"colorednaem","formatid":"gen9ou","rating":1039,"private":0,"password":""}