{"id":"gen9ou-1994267057","p1":"Vixen 4 Life","p2":"picou","format":"[Gen 9] OU","log":"|j|\u2606Vixen 4 Life\n|j|\u2606picou\n|t:|1700425194\n|gametype|singles\n|player|p1|Vixen 4 Life|penny|1262\n|player|p2|picou|266|1224\n|teamsize|p1|6\n|teamsize|p2|6\n|gen|9\n|tier|[Gen 9] OU\n|rated|\n|rule|Sleep Clause Mod: Limit one foe put to sleep\n|rule|Species Clause: Limit one of each Pok\u00e9mon\n|rule|OHKO Clause: OHKO moves are banned\n|rule|Evasion Items Clause: Evasion items are banned\n|rule|Evasion Moves Clause: Evasion moves are banned\n|rule|Endless Battle Clause: Forcing endless battles is banned\n|rule|HP Percentage Mod: HP is shown in percentages\n|clearpoke\n|poke|p1|Toxapex, M|\n|poke|p1|Clodsire, F|\n|poke|p1|Corviknight, F|\n|poke|p1|Skeledirge, M|\n|poke|p1|Slowking-Galar, F|\n|poke|p1|Ting-Lu|\n|poke|p2|Iron Jugulis|\n|poke|p2|Ogerpon-Wellspring, F|\n|poke|p2|Tinkaton, F|\n|poke|p2|Iron Moth|\n|poke|p2|Great Tusk|\n|poke|p2|Dragapult, F|\n|teampreview\n|\n|t:|1700425206\n|start\n|switch|p1a: Skeledirge|Skeledirge, M|100\/100\n|switch|p2a: Tinkaton|Tinkaton, F|100\/100\n|-item|p2a: Tinkaton|Air Balloon\n|turn|1\n|\n|t:|1700425213\n|move|p2a: Tinkaton|Stealth Rock|p1a: Skeledirge\n|-sidestart|p1: Vixen 4 Life|move: Stealth Rock\n|move|p1a: Skeledirge|Torch Song|p2a: Tinkaton\n|-supereffective|p2a: Tinkaton\n|-damage|p2a: Tinkaton|43\/100\n|-boost|p1a: Skeledirge|spa|1\n|-enditem|p2a: Tinkaton|Air Balloon\n|\n|upkeep\n|turn|2\n|\n|t:|1700425224\n|switch|p2a: Great Tusk|Great Tusk|100\/100\n|-enditem|p2a: Great Tusk|Booster Energy\n|-activate|p2a: Great Tusk|ability: Protosynthesis|[fromitem]\n|-start|p2a: Great Tusk|protosynthesisspe\n|move|p1a: Skeledirge|Torch Song|p2a: Great Tusk\n|-damage|p2a: Great Tusk|36\/100\n|-boost|p1a: Skeledirge|spa|1\n|\n|upkeep\n|turn|3\n|\n|t:|1700425236\n|switch|p1a: Corviknight|Corviknight, F|100\/100\n|-damage|p1a: Corviknight|88\/100|[from] Stealth Rock\n|move|p2a: Great Tusk|Headlong Rush|p1a: Corviknight\n|-immune|p1a: Corviknight\n|\n|-heal|p1a: Corviknight|94\/100|[from] item: Leftovers\n|upkeep\n|turn|4\n|\n|t:|1700425261\n|-end|p2a: Great Tusk|Protosynthesis|[silent]\n|switch|p2a: Tinkaton|Tinkaton, F|43\/100\n|move|p1a: Corviknight|Brave Bird|p2a: Tinkaton\n|-resisted|p2a: Tinkaton\n|-damage|p2a: Tinkaton|23\/100\n|-damage|p1a: Corviknight|88\/100|[from] Recoil\n|-enditem|p1a: Corviknight|Leftovers|[silent]|[from] ability: Pickpocket|[of] p1a: Corviknight\n|-item|p2a: Tinkaton|Leftovers|[from] ability: Pickpocket|[of] p1a: Corviknight\n|\n|-heal|p2a: Tinkaton|29\/100|[from] item: Leftovers\n|upkeep\n|turn|5\n|\n|t:|1700425267\n|move|p2a: Tinkaton|Thunder Wave|p1a: Corviknight\n|-status|p1a: Corviknight|par\n|move|p1a: Corviknight|Body Press|p2a: Tinkaton\n|-damage|p2a: Tinkaton|6\/100\n|\n|-heal|p2a: Tinkaton|12\/100|[from] item: Leftovers\n|upkeep\n|turn|6\n|\n|t:|1700425274\n|switch|p2a: Dragapult|Dragapult, F|100\/100\n|switch|p1a: Ting-Lu|Ting-Lu|100\/100\n|-damage|p1a: Ting-Lu|94\/100|[from] Stealth Rock\n|-ability|p1a: Ting-Lu|Vessel of Ruin\n|\n|upkeep\n|turn|7\n|\n|t:|1700425281\n|move|p2a: Dragapult|U-turn|p1a: Ting-Lu\n|-supereffective|p1a: Ting-Lu\n|-crit|p1a: Ting-Lu\n|-damage|p1a: Ting-Lu|67\/100\n|\n|t:|1700425284\n|switch|p2a: Iron Jugulis|Iron Jugulis|100\/100|[from] U-turn\n|-enditem|p2a: Iron Jugulis|Booster Energy\n|-activate|p2a: Iron Jugulis|ability: Quark Drive|[fromitem]\n|-start|p2a: Iron Jugulis|quarkdrivespe\n|move|p1a: Ting-Lu|Payback|p2a: Iron Jugulis\n|-resisted|p2a: Iron Jugulis\n|-damage|p2a: Iron Jugulis|79\/100\n|\n|upkeep\n|turn|8\n|\n|t:|1700425295\n|switch|p1a: Toxapex|Toxapex, M, shiny|100\/100\n|-damage|p1a: Toxapex|88\/100|[from] Stealth Rock\n|move|p2a: Iron Jugulis|Knock Off|p1a: Toxapex\n|-damage|p1a: Toxapex|66\/100\n|-enditem|p1a: Toxapex|Choice Band|[from] move: Knock Off|[of] p2a: Iron Jugulis\n|\n|upkeep\n|turn|9\n|\n|t:|1700425301\n|move|p2a: Iron Jugulis|Earth Power|p1a: Toxapex\n|-supereffective|p1a: Toxapex\n|-damage|p1a: Toxapex|20\/100\n|move|p1a: Toxapex|Poison Jab|p2a: Iron Jugulis\n|-damage|p2a: Iron Jugulis|45\/100\n|-status|p2a: Iron Jugulis|psn\n|\n|-damage|p2a: Iron Jugulis|32\/100 psn|[from] psn\n|upkeep\n|turn|10\n|\n|t:|1700425316\n|switch|p1a: Corviknight|Corviknight, F|88\/100 par\n|-damage|p1a: Corviknight|76\/100 par|[from] Stealth Rock\n|move|p2a: Iron Jugulis|Earth Power|p1a: Corviknight\n|-immune|p1a: Corviknight\n|\n|-damage|p2a: Iron Jugulis|20\/100 psn|[from] psn\n|upkeep\n|turn|11\n|\n|t:|1700425328\n|-end|p2a: Iron Jugulis|Quark Drive|[silent]\n|switch|p2a: Tinkaton|Tinkaton, F|12\/100\n|move|p1a: Corviknight|Roost|p1a: Corviknight\n|-heal|p1a: Corviknight|100\/100 par\n|-singleturn|p1a: Corviknight|move: Roost\n|\n|-heal|p2a: Tinkaton|18\/100|[from] item: Leftovers\n|upkeep\n|turn|12\n|\n|t:|1700425331\n|switch|p1a: Skeledirge|Skeledirge, M|100\/100\n|-damage|p1a: Skeledirge|75\/100|[from] Stealth Rock\n|move|p2a: Tinkaton|Encore||[still]\n|-fail|p2a: Tinkaton\n|\n|-heal|p2a: Tinkaton|25\/100|[from] item: Leftovers\n|-heal|p1a: Skeledirge|82\/100|[from] item: Leftovers\n|upkeep\n|turn|13\n|\n|t:|1700425345\n|-terastallize|p2a: Tinkaton|Water\n|move|p2a: Tinkaton|Thunder Wave|p1a: Skeledirge|[miss]\n|-miss|p2a: Tinkaton|p1a: Skeledirge\n|move|p1a: Skeledirge|Torch Song|p2a: Tinkaton\n|-resisted|p2a: Tinkaton\n|-damage|p2a: Tinkaton|9\/100\n|-boost|p1a: Skeledirge|spa|1\n|\n|-heal|p2a: Tinkaton|16\/100|[from] item: Leftovers\n|-heal|p1a: Skeledirge|88\/100|[from] item: Leftovers\n|upkeep\n|turn|14\n|\n|t:|1700425350\n|switch|p1a: Clodsire|Clodsire, F|100\/100\n|move|p2a: Tinkaton|Thunder Wave|p1a: Clodsire\n|-immune|p1a: Clodsire\n|\n|-heal|p2a: Tinkaton|22\/100|[from] item: Leftovers\n|upkeep\n|turn|15\n|\n|t:|1700425360\n|switch|p2a: Iron Jugulis|Iron Jugulis|20\/100 psn\n|move|p1a: Clodsire|Gunk Shot|p2a: Iron Jugulis\n|-damage|p2a: Iron Jugulis|0 fnt\n|faint|p2a: Iron Jugulis\n|-end|p2a: Iron Jugulis|Quark Drive|[silent]\n|\n|upkeep\n|\n|t:|1700425366\n|switch|p2a: Ogerpon|Ogerpon-Wellspring, F|100\/100\n|turn|16\n|\n|t:|1700425369\n|move|p2a: Ogerpon|Ivy Cudgel|p1a: Clodsire|[anim] Ivy Cudgel Water\n|-immune|p1a: Clodsire|[from] ability: Water Absorb\n|move|p1a: Clodsire|Gunk Shot|p2a: Ogerpon\n|-supereffective|p2a: Ogerpon\n|-damage|p2a: Ogerpon|0 fnt\n|faint|p2a: Ogerpon\n|\n|upkeep\n|-message|picou forfeited.\n|\n|win|Vixen 4 Life\n|raw|Vixen 4 Life's rating: 1262 &rarr; <strong>1284<\/strong><br \/>(+22 for winning)\n|raw|picou's rating: 1224 &rarr; <strong>1202<\/strong><br \/>(-22 for losing)\n|l|\u2606picou\n","uploadtime":1700425383,"views":16,"p1id":"vixen4life","p2id":"picou","formatid":"gen9ou","rating":1202,"private":0,"password":""}