{"id":"gen9ou-1993569179","p1":"Charmalane","p2":"lupiit","format":"[Gen 9] OU","log":"|j|\u2606Charmalane\n|j|\u203dlupiit\n|t:|1700332778\n|gametype|singles\n|player|p1|Charmalane|brawly|1525\n|player|p2|lupiit|170|1477\n|teamsize|p1|6\n|teamsize|p2|6\n|gen|9\n|tier|[Gen 9] OU\n|rated|\n|rule|Sleep Clause Mod: Limit one foe put to sleep\n|rule|Species Clause: Limit one of each Pok\u00e9mon\n|rule|OHKO Clause: OHKO moves are banned\n|rule|Evasion Items Clause: Evasion items are banned\n|rule|Evasion Moves Clause: Evasion moves are banned\n|rule|Endless Battle Clause: Forcing endless battles is banned\n|rule|HP Percentage Mod: HP is shown in percentages\n|clearpoke\n|poke|p1|Pelipper, M|\n|poke|p1|Barraskewda, M|\n|poke|p1|Zapdos|\n|poke|p1|Kingambit, M|\n|poke|p1|Iron Treads|\n|poke|p1|Slowking-Galar, M|\n|poke|p2|Hoopa-Unbound|\n|poke|p2|Ditto|\n|poke|p2|Toxapex, M|\n|poke|p2|Toxtricity, M|\n|poke|p2|Gardevoir, F|\n|poke|p2|Iron Valiant|\n|teampreview\n|inactive|Battle timer is ON: inactive players will automatically lose when time's up. (requested by lupiit)\n|\n|t:|1700332826\n|start\n|switch|p1a: Phoenix|Pelipper, M|100\/100\n|switch|p2a: Iron Valiant|Iron Valiant|100\/100\n|-weather|RainDance|[from] ability: Drizzle|[of] p1a: Phoenix\n|turn|1\n|\n|t:|1700332844\n|switch|p1a: Androidon|Iron Treads|100\/100\n|move|p2a: Iron Valiant|Moonblast|p1a: Androidon\n|-resisted|p1a: Androidon\n|-damage|p1a: Androidon|62\/100\n|-damage|p2a: Iron Valiant|91\/100|[from] item: Life Orb\n|\n|-weather|RainDance|[upkeep]\n|-heal|p1a: Androidon|68\/100|[from] item: Leftovers\n|upkeep\n|turn|2\n|\n|t:|1700332856\n|-end|p2a: Iron Valiant|Quark Drive|[silent]\n|switch|p2a: Toxapex|Toxapex, M|100\/100\n|-end|p1a: Androidon|Quark Drive|[silent]\n|switch|p1a: Nautilus|Slowking-Galar, M|100\/100\n|\n|-weather|RainDance|[upkeep]\n|upkeep\n|turn|3\n|\n|t:|1700332861\n|switch|p2a: Hoopa|Hoopa-Unbound|100\/100\n|move|p1a: Nautilus|Future Sight|p2a: Hoopa\n|-start|p1a: Nautilus|move: Future Sight\n|\n|-weather|RainDance|[upkeep]\n|upkeep\n|turn|4\n|\n|t:|1700332871\n|switch|p1a: Phoenix|Pelipper, M|100\/100\n|move|p2a: Hoopa|Hyperspace Fury|p1a: Phoenix\n|-damage|p1a: Phoenix|24\/100\n|-unboost|p2a: Hoopa|def|1\n|\n|-weather|RainDance|[upkeep]\n|upkeep\n|turn|5\n|\n|t:|1700332882\n|switch|p1a: Androidon|Iron Treads|68\/100\n|move|p2a: Hoopa|Hyperspace Fury|p1a: Androidon\n|-damage|p1a: Androidon|6\/100\n|-unboost|p2a: Hoopa|def|1\n|\n|-weather|RainDance|[upkeep]\n|-end|p2a: Hoopa|move: Future Sight\n|-immune|p2a: Hoopa\n|-heal|p1a: Androidon|12\/100|[from] item: Leftovers\n|upkeep\n|turn|6\n|\n|t:|1700332894\n|switch|p2a: Toxapex|Toxapex, M|100\/100\n|move|p1a: Androidon|Stealth Rock|p2a: Toxapex\n|-sidestart|p2: lupiit|move: Stealth Rock\n|\n|-weather|RainDance|[upkeep]\n|-heal|p1a: Androidon|18\/100|[from] item: Leftovers\n|upkeep\n|turn|7\n|\n|t:|1700332900\n|move|p1a: Androidon|Volt Switch|p2a: Toxapex\n|-supereffective|p2a: Toxapex\n|-damage|p2a: Toxapex|81\/100\n|-enditem|p2a: Toxapex|Eject Button\n|\n|t:|1700332913\n|switch|p2a: Iron Valiant|Iron Valiant|91\/100\n|-damage|p2a: Iron Valiant|85\/100|[from] Stealth Rock\n|\n|-weather|RainDance|[upkeep]\n|-heal|p1a: Androidon|24\/100|[from] item: Leftovers\n|upkeep\n|turn|8\n|\n|t:|1700332921\n|-end|p1a: Androidon|Quark Drive|[silent]\n|switch|p1a: Nautilus|Slowking-Galar, M|100\/100\n|move|p2a: Iron Valiant|Vacuum Wave|p1a: Nautilus\n|-resisted|p1a: Nautilus\n|-damage|p1a: Nautilus|97\/100\n|-damage|p2a: Iron Valiant|75\/100|[from] item: Life Orb\n|\n|-weather|none\n|upkeep\n|turn|9\n|\n|t:|1700332932\n|-end|p2a: Iron Valiant|Quark Drive|[silent]\n|switch|p2a: Hoopa|Hoopa-Unbound|100\/100\n|-damage|p2a: Hoopa|88\/100|[from] Stealth Rock\n|switch|p1a: Phoenix|Pelipper, M|24\/100\n|-weather|RainDance|[from] ability: Drizzle|[of] p1a: Phoenix\n|\n|-weather|RainDance|[upkeep]\n|upkeep\n|turn|10\n|\n|t:|1700332956\n|switch|p1a: Androidon|Iron Treads|24\/100\n|move|p2a: Hoopa|Hyperspace Fury|p1a: Androidon\n|-damage|p1a: Androidon|0 fnt\n|-unboost|p2a: Hoopa|def|1\n|faint|p1a: Androidon\n|-end|p1a: Androidon|Quark Drive|[silent]\n|\n|-weather|RainDance|[upkeep]\n|upkeep\n|\n|t:|1700332986\n|switch|p1a: Enguarde|Barraskewda, M|100\/100\n|turn|11\n|\n|t:|1700332990\n|switch|p2a: Toxapex|Toxapex, M|100\/100\n|-damage|p2a: Toxapex|88\/100|[from] Stealth Rock\n|move|p1a: Enguarde|Flip Turn|p2a: Toxapex\n|-resisted|p2a: Toxapex\n|-damage|p2a: Toxapex|61\/100\n|\n|t:|1700332994\n|switch|p1a: Chocobo|Zapdos|100\/100|[from] Flip Turn\n|\n|-weather|RainDance|[upkeep]\n|upkeep\n|turn|12\n|\n|t:|1700332999\n|move|p2a: Toxapex|Baneful Bunker|p2a: Toxapex\n|-singleturn|p2a: Toxapex|move: Protect\n|move|p1a: Chocobo|Thunder|p2a: Toxapex\n|-activate|p2a: Toxapex|move: Protect\n|\n|-weather|RainDance|[upkeep]\n|upkeep\n|turn|13\n|\n|t:|1700333005\n|move|p1a: Chocobo|Thunder|p2a: Toxapex\n|-supereffective|p2a: Toxapex\n|-damage|p2a: Toxapex|0 fnt\n|faint|p2a: Toxapex\n|\n|-weather|RainDance|[upkeep]\n|upkeep\n|\n|t:|1700333009\n|switch|p2a: Toxtricity|Toxtricity, M|100\/100\n|-damage|p2a: Toxtricity|88\/100|[from] Stealth Rock\n|turn|14\n|\n|t:|1700333033\n|switch|p1a: Nautilus|Slowking-Galar, M|100\/100\n|move|p2a: Toxtricity|Overdrive|p1a: Nautilus\n|-damage|p1a: Nautilus|64\/100\n|\n|-weather|RainDance|[upkeep]\n|upkeep\n|turn|15\n|\n|t:|1700333039\n|move|p2a: Toxtricity|Overdrive|p1a: Nautilus\n|-damage|p1a: Nautilus|31\/100\n|move|p1a: Nautilus|Surf|p2a: Toxtricity\n|-damage|p2a: Toxtricity|32\/100\n|\n|-weather|RainDance|[upkeep]\n|upkeep\n|turn|16\n|inactive|Charmalane has 120 seconds left.\n|\n|t:|1700333077\n|switch|p1a: Chocobo|Zapdos|100\/100\n|move|p2a: Toxtricity|Overdrive|p1a: Chocobo\n|-damage|p1a: Chocobo|0 fnt\n|faint|p1a: Chocobo\n|\n|-weather|none\n|upkeep\n|\n|t:|1700333086\n|switch|p1a: Enguarde|Barraskewda, M|100\/100\n|turn|17\n|inactive|lupiit has 120 seconds left.\n|\n|t:|1700333118\n|move|p1a: Enguarde|Flip Turn|p2a: Toxtricity\n|-damage|p2a: Toxtricity|0 fnt\n|faint|p2a: Toxtricity\n|inactive|Charmalane has 120 seconds left.\n|inactive|Charmalane has 90 seconds left.\n|\n|t:|1700333153\n|switch|p1a: Phoenix|Pelipper, M|24\/100|[from] Flip Turn\n|-weather|RainDance|[from] ability: Drizzle|[of] p1a: Phoenix\n|\n|-weather|RainDance|[upkeep]\n|upkeep\n|inactive|lupiit has 120 seconds left.\n|inactive|lupiit has 90 seconds left.\n|inactive|lupiit has 60 seconds left.\n|inactive|lupiit has 30 seconds left.\n|inactive|lupiit has 20 seconds left.\n|inactive|lupiit has 15 seconds left.\n|inactive|lupiit has 10 seconds left.\n|inactive|lupiit has 5 seconds left.\n|-message|lupiit lost due to inactivity.\n|\n|win|Charmalane\n|raw|Charmalane's rating: 1525 &rarr; <strong>1542<\/strong><br \/>(+17 for winning)\n|raw|lupiit's rating: 1477 &rarr; <strong>1460<\/strong><br \/>(-17 for losing)\n","uploadtime":1700333287,"views":11,"p1id":"charmalane","p2id":"lupiit","formatid":"gen9ou","rating":1460,"private":0,"password":""}