{"id":"gen9ou-1988779201","p1":"ChandosH","p2":"showdownfail","format":"[Gen 9] OU","log":"|j|\u2606ChandosH\n|j|\u2606showdownfail\n|t:|1699762045\n|gametype|singles\n|player|p1|ChandosH|n-masters|1625\n|player|p2|showdownfail|kieran-festival|1507\n|teamsize|p1|6\n|teamsize|p2|6\n|gen|9\n|tier|[Gen 9] OU\n|rated|\n|rule|Sleep Clause Mod: Limit one foe put to sleep\n|rule|Species Clause: Limit one of each Pok\u00e9mon\n|rule|OHKO Clause: OHKO moves are banned\n|rule|Evasion Items Clause: Evasion items are banned\n|rule|Evasion Moves Clause: Evasion moves are banned\n|rule|Endless Battle Clause: Forcing endless battles is banned\n|rule|HP Percentage Mod: HP is shown in percentages\n|clearpoke\n|poke|p1|Alomomola, F|\n|poke|p1|Great Tusk|\n|poke|p1|Iron Valiant|\n|poke|p1|Slowking-Galar, M|\n|poke|p1|Cinderace, F|\n|poke|p1|Thundurus-Therian, M|\n|poke|p2|Garganacl, F|\n|poke|p2|Corviknight, F|\n|poke|p2|Blissey, F|\n|poke|p2|Dondozo, F|\n|poke|p2|Clodsire, F|\n|poke|p2|Alomomola, M|\n|teampreview\n|inactive|Battle timer is ON: inactive players will automatically lose when time's up. (requested by showdownfail)\n|\n|t:|1699762058\n|start\n|switch|p1a: Thundurus|Thundurus-Therian, M|100\/100\n|switch|p2a: Garganacl|Garganacl, F|100\/100\n|turn|1\n|\n|t:|1699762064\n|-terastallize|p2a: Garganacl|Fairy\n|move|p1a: Thundurus|Grass Knot|p2a: Garganacl\n|-damage|p2a: Garganacl|59\/100\n|move|p2a: Garganacl|Salt Cure|p1a: Thundurus\n|-supereffective|p1a: Thundurus\n|-damage|p1a: Thundurus|62\/100\n|-start|p1a: Thundurus|Salt Cure\n|\n|-heal|p2a: Garganacl|65\/100|[from] item: Leftovers\n|-damage|p1a: Thundurus|49\/100|[from] Salt Cure\n|upkeep\n|turn|2\n|\n|t:|1699762077\n|switch|p1a: Slowking|Slowking-Galar, M|100\/100\n|switch|p2a: Blissey|Blissey, F|100\/100\n|\n|upkeep\n|turn|3\n|\n|t:|1699762082\n|move|p2a: Blissey|Thunder Wave|p1a: Slowking|[miss]\n|-miss|p2a: Blissey|p1a: Slowking\n|move|p1a: Slowking|Chilly Reception|p1a: Slowking\n|-weather|Snow\n|\n|t:|1699762086\n|switch|p1a: Iron Valiant|Iron Valiant|100\/100|[from] Chilly Reception\n|\n|-weather|Snow|[upkeep]\n|upkeep\n|turn|4\n|\n|t:|1699762095\n|switch|p2a: Corviknight|Corviknight, F|100\/100\n|-ability|p2a: Corviknight|Pressure\n|move|p1a: Iron Valiant|Close Combat|p2a: Corviknight\n|-damage|p2a: Corviknight|41\/100\n|-unboost|p1a: Iron Valiant|def|1\n|-unboost|p1a: Iron Valiant|spd|1\n|\n|-weather|Snow|[upkeep]\n|-heal|p2a: Corviknight|47\/100|[from] item: Leftovers\n|upkeep\n|turn|5\n|\n|t:|1699762105\n|move|p1a: Iron Valiant|Close Combat|p2a: Corviknight\n|-damage|p2a: Corviknight|0 fnt\n|-unboost|p1a: Iron Valiant|def|1\n|-unboost|p1a: Iron Valiant|spd|1\n|faint|p2a: Corviknight\n|\n|-weather|Snow|[upkeep]\n|upkeep\n|\n|t:|1699762117\n|switch|p2a: Dondozo|Dondozo, F|100\/100\n|turn|6\n|\n|t:|1699762123\n|-end|p1a: Iron Valiant|Quark Drive|[silent]\n|switch|p1a: Alomomola|Alomomola, F|100\/100\n|move|p2a: Dondozo|Liquidation|p1a: Alomomola\n|-resisted|p1a: Alomomola\n|-damage|p1a: Alomomola|92\/100\n|\n|-weather|Snow|[upkeep]\n|upkeep\n|turn|7\n|\n|t:|1699762128\n|switch|p2a: Garganacl|Garganacl, F, tera:Fairy|65\/100\n|move|p1a: Alomomola|Wish|p1a: Alomomola\n|\n|-weather|none\n|-heal|p2a: Garganacl|71\/100|[from] item: Leftovers\n|upkeep\n|turn|8\n|\n|t:|1699762137\n|move|p1a: Alomomola|Flip Turn|p2a: Garganacl\n|-damage|p2a: Garganacl|61\/100\n|\n|t:|1699762152\n|switch|p1a: Slowking|Slowking-Galar, M|100\/100|[from] Flip Turn\n|move|p2a: Garganacl|Salt Cure|p1a: Slowking\n|-damage|p1a: Slowking|87\/100\n|-start|p1a: Slowking|Salt Cure\n|\n|-heal|p1a: Slowking|100\/100|[from] move: Wish|[wisher] Alomomola\n|-heal|p2a: Garganacl|67\/100|[from] item: Leftovers\n|-damage|p1a: Slowking|88\/100|[from] Salt Cure\n|upkeep\n|turn|9\n|\n|t:|1699762158\n|switch|p2a: Clodsire|Clodsire, F|100\/100\n|move|p1a: Slowking|Chilly Reception|p1a: Slowking\n|-weather|Snow\n|\n|t:|1699762164\n|switch|p1a: Great Tusk|Great Tusk|100\/100|[from] Chilly Reception\n|\n|-weather|Snow|[upkeep]\n|upkeep\n|turn|10\n|\n|t:|1699762171\n|switch|p2a: Alomomola|Alomomola, M|100\/100\n|move|p1a: Great Tusk|Stealth Rock|p2a: Alomomola\n|-sidestart|p2: showdownfail|move: Stealth Rock\n|\n|-weather|Snow|[upkeep]\n|upkeep\n|turn|11\n|\n|t:|1699762190\n|-end|p1a: Great Tusk|Protosynthesis|[silent]\n|switch|p1a: Slowking|Slowking-Galar, M|100\/100\n|move|p2a: Alomomola|Scald|p1a: Slowking\n|-damage|p1a: Slowking|93\/100\n|-status|p1a: Slowking|brn\n|\n|-weather|Snow|[upkeep]\n|-damage|p1a: Slowking|87\/100 brn|[from] brn\n|upkeep\n|turn|12\n|\n|t:|1699762204\n|move|p2a: Alomomola|Flip Turn|p1a: Slowking\n|-damage|p1a: Slowking|71\/100 brn\n|\n|t:|1699762210\n|switch|p2a: Blissey|Blissey, F|100\/100|[from] Flip Turn\n|move|p1a: Slowking|Chilly Reception|p1a: Slowking\n|\n|t:|1699762218\n|switch|p1a: Iron Valiant|Iron Valiant|100\/100|[from] Chilly Reception\n|\n|-weather|Snow|[upkeep]\n|upkeep\n|turn|13\n|\n|t:|1699762246\n|switch|p2a: Alomomola|Alomomola, M|100\/100\n|move|p1a: Iron Valiant|Knock Off|p2a: Alomomola\n|-damage|p2a: Alomomola|73\/100\n|-enditem|p2a: Alomomola|Heavy-Duty Boots|[from] move: Knock Off|[of] p1a: Iron Valiant\n|\n|-weather|none\n|upkeep\n|turn|14\n|\n|t:|1699762255\n|-end|p1a: Iron Valiant|Quark Drive|[silent]\n|switch|p1a: Slowking|Slowking-Galar, M|100\/100 brn\n|move|p2a: Alomomola|Wish|p2a: Alomomola\n|\n|-damage|p1a: Slowking|94\/100 brn|[from] brn\n|upkeep\n|turn|15\n|\n|t:|1699762261\n|switch|p2a: Garganacl|Garganacl, F, tera:Fairy|67\/100\n|-damage|p2a: Garganacl|55\/100|[from] Stealth Rock\n|move|p1a: Slowking|Sludge Bomb|p2a: Garganacl\n|-supereffective|p2a: Garganacl\n|-damage|p2a: Garganacl|7\/100\n|\n|-heal|p2a: Garganacl|73\/100|[from] move: Wish|[wisher] Alomomola\n|-heal|p2a: Garganacl|79\/100|[from] item: Leftovers\n|-damage|p1a: Slowking|88\/100 brn|[from] brn\n|upkeep\n|turn|16\n|\n|t:|1699762269\n|switch|p2a: Clodsire|Clodsire, F|100\/100\n|move|p1a: Slowking|Sludge Bomb|p2a: Clodsire\n|-resisted|p2a: Clodsire\n|-damage|p2a: Clodsire|96\/100\n|\n|-damage|p1a: Slowking|82\/100 brn|[from] brn\n|upkeep\n|turn|17\n|\n|t:|1699762277\n|move|p2a: Clodsire|Stealth Rock|p1a: Slowking\n|-sidestart|p1: ChandosH|move: Stealth Rock\n|move|p1a: Slowking|Chilly Reception|p1a: Slowking\n|-weather|Snow\n|\n|t:|1699762280\n|switch|p1a: Great Tusk|Great Tusk|100\/100|[from] Chilly Reception\n|-damage|p1a: Great Tusk|98\/100|[from] Stealth Rock\n|\n|-weather|Snow|[upkeep]\n|upkeep\n|turn|18\n|\n|t:|1699762283\n|move|p1a: Great Tusk|Rapid Spin|p2a: Clodsire\n|-damage|p2a: Clodsire|80\/100\n|-boost|p1a: Great Tusk|spe|1\n|-sideend|p1: ChandosH|Stealth Rock|[from] move: Rapid Spin|[of] p1a: Great Tusk\n|move|p2a: Clodsire|Toxic|p1a: Great Tusk\n|-status|p1a: Great Tusk|tox\n|\n|-weather|Snow|[upkeep]\n|-damage|p1a: Great Tusk|91\/100 tox|[from] psn\n|upkeep\n|turn|19\n|\n|t:|1699762292\n|-end|p1a: Great Tusk|Protosynthesis|[silent]\n|switch|p1a: Thundurus|Thundurus-Therian, M|49\/100\n|switch|p2a: Alomomola|Alomomola, M|100\/100\n|-damage|p2a: Alomomola|88\/100|[from] Stealth Rock\n|\n|-weather|Snow|[upkeep]\n|upkeep\n|turn|20\n|inactive|ChandosH has 120 seconds left.\n|\n|t:|1699762325\n|switch|p1a: Slowking|Slowking-Galar, M|100\/100 brn\n|switch|p2a: Blissey|Blissey, F|100\/100\n|\n|-weather|Snow|[upkeep]\n|-damage|p1a: Slowking|94\/100 brn|[from] brn\n|upkeep\n|turn|21\n|\n|t:|1699762335\n|move|p2a: Blissey|Seismic Toss|p1a: Slowking\n|-damage|p1a: Slowking|69\/100 brn\n|move|p1a: Slowking|Chilly Reception|p1a: Slowking\n|\n|t:|1699762341\n|switch|p1a: Iron Valiant|Iron Valiant|100\/100|[from] Chilly Reception\n|\n|-weather|none\n|upkeep\n|turn|22\n|\n|t:|1699762355\n|switch|p2a: Garganacl|Garganacl, F, tera:Fairy|79\/100\n|-damage|p2a: Garganacl|67\/100|[from] Stealth Rock\n|move|p1a: Iron Valiant|Spirit Break|p2a: Garganacl\n|-crit|p2a: Garganacl\n|-damage|p2a: Garganacl|12\/100\n|-unboost|p2a: Garganacl|spa|1\n|\n|-heal|p2a: Garganacl|18\/100|[from] item: Leftovers\n|upkeep\n|turn|23\n|\n|t:|1699762367\n|switch|p2a: Alomomola|Alomomola, M|100\/100\n|-damage|p2a: Alomomola|88\/100|[from] Stealth Rock\n|move|p1a: Iron Valiant|Spirit Break|p2a: Alomomola\n|-damage|p2a: Alomomola|58\/100\n|-unboost|p2a: Alomomola|spa|1\n|\n|upkeep\n|turn|24\n|\n|t:|1699762375\n|move|p1a: Iron Valiant|Spirit Break|p2a: Alomomola\n|-damage|p2a: Alomomola|26\/100\n|-unboost|p2a: Alomomola|spa|1\n|move|p2a: Alomomola|Scald|p1a: Iron Valiant\n|-damage|p1a: Iron Valiant|89\/100\n|\n|upkeep\n|turn|25\n|\n|t:|1699762387\n|switch|p2a: Clodsire|Clodsire, F|80\/100\n|move|p1a: Iron Valiant|Spirit Break|p2a: Clodsire\n|-resisted|p2a: Clodsire\n|-damage|p2a: Clodsire|47\/100\n|-unboost|p2a: Clodsire|spa|1\n|\n|upkeep\n|turn|26\n|\n|t:|1699762399\n|-end|p1a: Iron Valiant|Quark Drive|[silent]\n|switch|p1a: Great Tusk|Great Tusk|91\/100 tox\n|switch|p2a: Dondozo|Dondozo, F|100\/100\n|\n|-damage|p1a: Great Tusk|85\/100 tox|[from] psn\n|upkeep\n|turn|27\n|\n|t:|1699762407\n|-end|p1a: Great Tusk|Protosynthesis|[silent]\n|switch|p1a: Alomomola|Alomomola, F|100\/100\n|move|p2a: Dondozo|Liquidation|p1a: Alomomola\n|-resisted|p1a: Alomomola\n|-damage|p1a: Alomomola|93\/100\n|\n|upkeep\n|turn|28\n|\n|t:|1699762412\n|switch|p2a: Alomomola|Alomomola, M|59\/100\n|-damage|p2a: Alomomola|47\/100|[from] Stealth Rock\n|move|p1a: Alomomola|Scald|p2a: Alomomola\n|-resisted|p2a: Alomomola\n|-damage|p2a: Alomomola|39\/100\n|\n|upkeep\n|turn|29\n|\n|t:|1699762416\n|move|p2a: Alomomola|Wish|p2a: Alomomola\n|move|p1a: Alomomola|Wish|p1a: Alomomola\n|\n|upkeep\n|turn|30\n|\n|t:|1699762423\n|move|p2a: Alomomola|Scald|p1a: Alomomola\n|-resisted|p1a: Alomomola\n|-damage|p1a: Alomomola|85\/100\n|move|p1a: Alomomola|Flip Turn|p2a: Alomomola\n|-resisted|p2a: Alomomola\n|-crit|p2a: Alomomola\n|-damage|p2a: Alomomola|32\/100\n|\n|t:|1699762427\n|switch|p1a: Thundurus|Thundurus-Therian, M|49\/100|[from] Flip Turn\n|\n|-heal|p2a: Alomomola|82\/100|[from] move: Wish|[wisher] Alomomola\n|-heal|p1a: Thundurus|100\/100|[from] move: Wish|[wisher] Alomomola\n|upkeep\n|turn|31\n|\n|t:|1699762436\n|switch|p2a: Blissey|Blissey, F|100\/100\n|-terastallize|p1a: Thundurus|Flying\n|move|p1a: Thundurus|Tera Blast|p2a: Blissey|[anim] Tera Blast Flying\n|-damage|p2a: Blissey|64\/100\n|\n|upkeep\n|turn|32\n|\n|t:|1699762447\n|switch|p1a: Slowking|Slowking-Galar, M|100\/100 brn\n|move|p2a: Blissey|Soft-Boiled|p2a: Blissey\n|-heal|p2a: Blissey|100\/100\n|\n|-damage|p1a: Slowking|94\/100 brn|[from] brn\n|upkeep\n|turn|33\n|\n|t:|1699762456\n|switch|p2a: Clodsire|Clodsire, F|47\/100\n|move|p1a: Slowking|Chilly Reception|p1a: Slowking\n|-weather|Snow\n|\n|t:|1699762467\n|switch|p1a: Iron Valiant|Iron Valiant|89\/100|[from] Chilly Reception\n|\n|-weather|Snow|[upkeep]\n|upkeep\n|turn|34\n|\n|t:|1699762483\n|switch|p2a: Alomomola|Alomomola, M|100\/100\n|-damage|p2a: Alomomola|88\/100|[from] Stealth Rock\n|move|p1a: Iron Valiant|Knock Off|p2a: Alomomola\n|-damage|p2a: Alomomola|70\/100\n|\n|-weather|Snow|[upkeep]\n|upkeep\n|turn|35\n|\n|t:|1699762489\n|-end|p1a: Iron Valiant|Quark Drive|[silent]\n|switch|p1a: Thundurus|Thundurus-Therian, M, tera:Flying|100\/100\n|move|p2a: Alomomola|Wish|p2a: Alomomola\n|\n|-weather|Snow|[upkeep]\n|upkeep\n|turn|36\n|\n|t:|1699762493\n|switch|p2a: Clodsire|Clodsire, F|47\/100\n|move|p1a: Thundurus|Tera Blast|p2a: Clodsire|[anim] Tera Blast Flying\n|-damage|p2a: Clodsire|0 fnt\n|faint|p2a: Clodsire\n|\n|-weather|Snow|[upkeep]\n|upkeep\n|\n|t:|1699762504\n|switch|p2a: Blissey|Blissey, F|100\/100\n|turn|37\n|\n|t:|1699762509\n|switch|p1a: Slowking|Slowking-Galar, M|100\/100 brn\n|move|p2a: Blissey|Seismic Toss|p1a: Slowking\n|-damage|p1a: Slowking|75\/100 brn\n|\n|-weather|none\n|-damage|p1a: Slowking|69\/100 brn|[from] brn\n|upkeep\n|turn|38\n|\n|t:|1699762512\n|move|p2a: Blissey|Seismic Toss|p1a: Slowking\n|-damage|p1a: Slowking|44\/100 brn\n|move|p1a: Slowking|Chilly Reception|p1a: Slowking\n|-weather|Snow\n|\n|t:|1699762517\n|switch|p1a: Iron Valiant|Iron Valiant|89\/100|[from] Chilly Reception\n|\n|-weather|Snow|[upkeep]\n|upkeep\n|turn|39\n|\n|t:|1699762523\n|switch|p2a: Alomomola|Alomomola, M|100\/100\n|-damage|p2a: Alomomola|88\/100|[from] Stealth Rock\n|move|p1a: Iron Valiant|Spirit Break|p2a: Alomomola\n|-crit|p2a: Alomomola\n|-damage|p2a: Alomomola|43\/100\n|-unboost|p2a: Alomomola|spa|1\n|\n|-weather|Snow|[upkeep]\n|upkeep\n|turn|40\n|\n|t:|1699762530\n|-end|p1a: Iron Valiant|Quark Drive|[silent]\n|switch|p1a: Thundurus|Thundurus-Therian, M, tera:Flying|100\/100\n|move|p2a: Alomomola|Wish|p2a: Alomomola\n|\n|-weather|Snow|[upkeep]\n|upkeep\n|turn|41\n|\n|t:|1699762532\n|move|p2a: Alomomola|Protect|p2a: Alomomola\n|-singleturn|p2a: Alomomola|Protect\n|move|p1a: Thundurus|Volt Switch|p2a: Alomomola\n|-activate|p2a: Alomomola|move: Protect\n|\n|-weather|Snow|[upkeep]\n|-heal|p2a: Alomomola|93\/100|[from] move: Wish|[wisher] Alomomola\n|upkeep\n|turn|42\n|\n|t:|1699762538\n|switch|p2a: Blissey|Blissey, F|100\/100\n|move|p1a: Thundurus|Volt Switch|p2a: Blissey\n|-damage|p2a: Blissey|78\/100\n|\n|t:|1699762546\n|switch|p1a: Iron Valiant|Iron Valiant|89\/100|[from] Volt Switch\n|\n|-weather|none\n|upkeep\n|turn|43\n|\n|t:|1699762550\n|move|p1a: Iron Valiant|Close Combat|p2a: Blissey\n|-supereffective|p2a: Blissey\n|-damage|p2a: Blissey|0 fnt\n|-unboost|p1a: Iron Valiant|def|1\n|-unboost|p1a: Iron Valiant|spd|1\n|faint|p2a: Blissey\n|\n|upkeep\n|\n|t:|1699762554\n|switch|p2a: Alomomola|Alomomola, M|100\/100\n|-damage|p2a: Alomomola|88\/100|[from] Stealth Rock\n|turn|44\n|\n|t:|1699762558\n|-end|p1a: Iron Valiant|Quark Drive|[silent]\n|switch|p1a: Thundurus|Thundurus-Therian, M, tera:Flying|100\/100\n|move|p2a: Alomomola|Wish|p2a: Alomomola\n|\n|upkeep\n|turn|45\n|\n|t:|1699762564\n|move|p1a: Thundurus|Thunderbolt|p2a: Alomomola\n|-supereffective|p2a: Alomomola\n|-damage|p2a: Alomomola|0 fnt\n|faint|p2a: Alomomola\n|\n|upkeep\n|c|\u2606ChandosH|gg\n|\n|t:|1699762566\n|switch|p2a: Garganacl|Garganacl, F, tera:Fairy|18\/100\n|-damage|p2a: Garganacl|6\/100|[from] Stealth Rock\n|turn|46\n|-message|showdownfail forfeited.\n|\n|win|ChandosH\n|raw|ChandosH's rating: 1625 &rarr; <strong>1638<\/strong><br \/>(+13 for winning)\n|raw|showdownfail's rating: 1507 &rarr; <strong>1494<\/strong><br \/>(-13 for losing)\n|l|\u2606showdownfail\n","uploadtime":1699762577,"views":30,"p1id":"chandosh","p2id":"showdownfail","formatid":"gen9ou","rating":1494,"private":0,"password":""}