{"id":"gen9ou-1996876430","p1":"fqfsqfqdqf","p2":"trillbo","format":"[Gen 9] OU","log":"|j|\u2606fqfsqfqdqf\n|j|\u2606trillbo\n|t:|1700739007\n|gametype|singles\n|player|p1|fqfsqfqdqf|170|1210\n|player|p2|trillbo|argenta|1322\n|teamsize|p1|6\n|teamsize|p2|6\n|gen|9\n|tier|[Gen 9] OU\n|rated|\n|rule|Sleep Clause Mod: Limit one foe put to sleep\n|rule|Species Clause: Limit one of each Pok\u00e9mon\n|rule|OHKO Clause: OHKO moves are banned\n|rule|Evasion Items Clause: Evasion items are banned\n|rule|Evasion Moves Clause: Evasion moves are banned\n|rule|Endless Battle Clause: Forcing endless battles is banned\n|rule|HP Percentage Mod: HP is shown in percentages\n|clearpoke\n|poke|p1|Glimmora, M|\n|poke|p1|Gholdengo|\n|poke|p1|Ogerpon-Wellspring, F|\n|poke|p1|Kingambit, F|\n|poke|p1|Iron Moth|\n|poke|p1|Enamorus, F|\n|poke|p2|Landorus-Therian, M|\n|poke|p2|Kingambit, F|\n|poke|p2|Alomomola, M|\n|poke|p2|Zapdos|\n|poke|p2|Clefable, F|\n|poke|p2|Ting-Lu|\n|teampreview\n|inactive|Battle timer is ON: inactive players will automatically lose when time's up. (requested by fqfsqfqdqf)\n|c|\u2606fqfsqfqdqf|well thats not very fun innit\n|\n|t:|1700739026\n|start\n|switch|p1a: Glimmora|Glimmora, M|100\/100\n|switch|p2a: Ting-Lu|Ting-Lu|100\/100\n|-ability|p2a: Ting-Lu|Vessel of Ruin\n|turn|1\n|\n|t:|1700739034\n|move|p1a: Glimmora|Stealth Rock|p2a: Ting-Lu\n|-sidestart|p2: trillbo|move: Stealth Rock\n|move|p2a: Ting-Lu|Spikes|p1a: Glimmora\n|-sidestart|p1: fqfsqfqdqf|Spikes\n|\n|upkeep\n|turn|2\n|\n|t:|1700739038\n|move|p1a: Glimmora|Energy Ball|p2a: Ting-Lu\n|-supereffective|p2a: Ting-Lu\n|-damage|p2a: Ting-Lu|75\/100\n|move|p2a: Ting-Lu|Whirlwind|p1a: Glimmora\n|drag|p1a: Iron Moth|Iron Moth|100\/100\n|-damage|p1a: Iron Moth|88\/100|[from] Spikes\n|-enditem|p1a: Iron Moth|Booster Energy\n|-activate|p1a: Iron Moth|ability: Quark Drive|[fromitem]\n|-start|p1a: Iron Moth|quarkdrivespe\n|\n|-heal|p2a: Ting-Lu|81\/100|[from] item: Leftovers\n|upkeep\n|turn|3\n|\n|t:|1700739048\n|move|p1a: Iron Moth|Substitute|p1a: Iron Moth\n|-start|p1a: Iron Moth|Substitute\n|-damage|p1a: Iron Moth|63\/100\n|move|p2a: Ting-Lu|Earthquake|p1a: Iron Moth\n|-supereffective|p1a: Iron Moth\n|-end|p1a: Iron Moth|Substitute\n|\n|-heal|p2a: Ting-Lu|88\/100|[from] item: Leftovers\n|upkeep\n|turn|4\n|\n|t:|1700739060\n|-end|p1a: Iron Moth|Quark Drive|[silent]\n|switch|p1a: Enamorus|Enamorus, F|100\/100\n|move|p2a: Ting-Lu|Earthquake|p1a: Enamorus\n|-immune|p1a: Enamorus\n|\n|-heal|p2a: Ting-Lu|94\/100|[from] item: Leftovers\n|upkeep\n|turn|5\n|\n|t:|1700739078\n|switch|p2a: Kingambit|Kingambit, F|100\/100\n|-damage|p2a: Kingambit|94\/100|[from] Stealth Rock\n|move|p1a: Enamorus|Moonblast|p2a: Kingambit\n|-damage|p2a: Kingambit|41\/100\n|\n|-heal|p2a: Kingambit|47\/100|[from] item: Leftovers\n|upkeep\n|turn|6\n|\n|t:|1700739088\n|-terastallize|p2a: Kingambit|Fairy\n|move|p1a: Enamorus|Moonblast|p2a: Kingambit\n|-damage|p2a: Kingambit|0 fnt\n|faint|p2a: Kingambit\n|\n|upkeep\n|\n|t:|1700739100\n|switch|p2a: Clefable|Clefable, F|100\/100\n|turn|7\n|c|\u2606fqfsqfqdqf|why the fuck would you tera?\n|\n|t:|1700739103\n|move|p1a: Enamorus|Moonblast|p2a: Clefable\n|-damage|p2a: Clefable|49\/100\n|move|p2a: Clefable|Stealth Rock|p1a: Enamorus\n|-sidestart|p1: fqfsqfqdqf|move: Stealth Rock\n|\n|-heal|p2a: Clefable|55\/100|[from] item: Leftovers\n|upkeep\n|turn|8\n|\n|t:|1700739107\n|move|p1a: Enamorus|Moonblast|p2a: Clefable\n|-damage|p2a: Clefable|8\/100\n|move|p2a: Clefable|Wish|p2a: Clefable\n|\n|-heal|p2a: Clefable|14\/100|[from] item: Leftovers\n|upkeep\n|turn|9\n|\n|t:|1700739109\n|move|p2a: Clefable|Protect|p2a: Clefable\n|-singleturn|p2a: Clefable|Protect\n|move|p1a: Enamorus|Moonblast|p2a: Clefable\n|-activate|p2a: Clefable|move: Protect\n|\n|-heal|p2a: Clefable|64\/100|[from] move: Wish|[wisher] Clefable\n|-heal|p2a: Clefable|70\/100|[from] item: Leftovers\n|upkeep\n|turn|10\n|\n|t:|1700739112\n|-terastallize|p1a: Enamorus|Fairy\n|move|p1a: Enamorus|Moonblast|p2a: Clefable\n|-damage|p2a: Clefable|11\/100\n|-unboost|p2a: Clefable|spa|1\n|move|p2a: Clefable|Wish|p2a: Clefable\n|\n|-heal|p2a: Clefable|17\/100|[from] item: Leftovers\n|upkeep\n|turn|11\n|\n|t:|1700739115\n|move|p2a: Clefable|Protect|p2a: Clefable\n|-singleturn|p2a: Clefable|Protect\n|move|p1a: Enamorus|Moonblast|p2a: Clefable\n|-activate|p2a: Clefable|move: Protect\n|\n|-heal|p2a: Clefable|67\/100|[from] move: Wish|[wisher] Clefable\n|-heal|p2a: Clefable|73\/100|[from] item: Leftovers\n|upkeep\n|turn|12\n|\n|t:|1700739125\n|move|p1a: Enamorus|Moonblast|p2a: Clefable\n|-damage|p2a: Clefable|10\/100\n|-unboost|p2a: Clefable|spa|1\n|move|p2a: Clefable|Wish|p2a: Clefable\n|\n|-heal|p2a: Clefable|16\/100|[from] item: Leftovers\n|upkeep\n|turn|13\n|\n|t:|1700739128\n|move|p2a: Clefable|Protect|p2a: Clefable\n|-singleturn|p2a: Clefable|Protect\n|move|p1a: Enamorus|Moonblast|p2a: Clefable\n|-activate|p2a: Clefable|move: Protect\n|\n|-heal|p2a: Clefable|66\/100|[from] move: Wish|[wisher] Clefable\n|-heal|p2a: Clefable|72\/100|[from] item: Leftovers\n|upkeep\n|turn|14\n|\n|t:|1700739132\n|move|p1a: Enamorus|Moonblast|p2a: Clefable\n|-damage|p2a: Clefable|13\/100\n|move|p2a: Clefable|Wish|p2a: Clefable\n|\n|-heal|p2a: Clefable|19\/100|[from] item: Leftovers\n|upkeep\n|turn|15\n|\n|t:|1700739134\n|move|p2a: Clefable|Protect|p2a: Clefable\n|-singleturn|p2a: Clefable|Protect\n|move|p1a: Enamorus|Moonblast|p2a: Clefable\n|-activate|p2a: Clefable|move: Protect\n|\n|-heal|p2a: Clefable|69\/100|[from] move: Wish|[wisher] Clefable\n|-heal|p2a: Clefable|75\/100|[from] item: Leftovers\n|upkeep\n|turn|16\n|c|\u2606fqfsqfqdqf|yk i win that\n|\n|t:|1700739142\n|move|p1a: Enamorus|Moonblast|p2a: Clefable\n|-damage|p2a: Clefable|14\/100\n|-unboost|p2a: Clefable|spa|1\n|move|p2a: Clefable|Wish|p2a: Clefable\n|\n|-heal|p2a: Clefable|20\/100|[from] item: Leftovers\n|upkeep\n|turn|17\n|\n|t:|1700739147\n|move|p2a: Clefable|Protect|p2a: Clefable\n|-singleturn|p2a: Clefable|Protect\n|move|p1a: Enamorus|Moonblast|p2a: Clefable\n|-activate|p2a: Clefable|move: Protect\n|\n|-heal|p2a: Clefable|70\/100|[from] move: Wish|[wisher] Clefable\n|-heal|p2a: Clefable|76\/100|[from] item: Leftovers\n|upkeep\n|turn|18\n|\n|t:|1700739149\n|move|p1a: Enamorus|Moonblast|p2a: Clefable\n|-damage|p2a: Clefable|9\/100\n|move|p2a: Clefable|Wish|p2a: Clefable\n|\n|-heal|p2a: Clefable|15\/100|[from] item: Leftovers\n|upkeep\n|turn|19\n|\n|t:|1700739152\n|move|p2a: Clefable|Protect|p2a: Clefable\n|-singleturn|p2a: Clefable|Protect\n|move|p1a: Enamorus|Moonblast|p2a: Clefable\n|-activate|p2a: Clefable|move: Protect\n|\n|-heal|p2a: Clefable|65\/100|[from] move: Wish|[wisher] Clefable\n|-heal|p2a: Clefable|72\/100|[from] item: Leftovers\n|upkeep\n|turn|20\n|\n|t:|1700739155\n|move|p1a: Enamorus|Moonblast|p2a: Clefable\n|-damage|p2a: Clefable|5\/100\n|-unboost|p2a: Clefable|spa|1\n|move|p2a: Clefable|Wish|p2a: Clefable\n|\n|-heal|p2a: Clefable|11\/100|[from] item: Leftovers\n|upkeep\n|turn|21\n|\n|t:|1700739158\n|move|p2a: Clefable|Protect|p2a: Clefable\n|-singleturn|p2a: Clefable|Protect\n|move|p1a: Enamorus|Moonblast|p2a: Clefable\n|-activate|p2a: Clefable|move: Protect\n|\n|-heal|p2a: Clefable|61\/100|[from] move: Wish|[wisher] Clefable\n|-heal|p2a: Clefable|67\/100|[from] item: Leftovers\n|upkeep\n|turn|22\n|\n|t:|1700739161\n|move|p1a: Enamorus|Moonblast|p2a: Clefable\n|-damage|p2a: Clefable|1\/100\n|-unboost|p2a: Clefable|spa|1\n|move|p2a: Clefable|Wish|p2a: Clefable\n|\n|-heal|p2a: Clefable|7\/100|[from] item: Leftovers\n|upkeep\n|turn|23\n|\n|t:|1700739164\n|move|p2a: Clefable|Protect|p2a: Clefable\n|-singleturn|p2a: Clefable|Protect\n|move|p1a: Enamorus|Moonblast|p2a: Clefable\n|-activate|p2a: Clefable|move: Protect\n|\n|-heal|p2a: Clefable|57\/100|[from] move: Wish|[wisher] Clefable\n|-heal|p2a: Clefable|63\/100|[from] item: Leftovers\n|upkeep\n|turn|24\n|\n|t:|1700739169\n|move|p1a: Enamorus|Moonblast|p2a: Clefable\n|-damage|p2a: Clefable|4\/100\n|move|p2a: Clefable|Wish|p2a: Clefable\n|\n|-heal|p2a: Clefable|10\/100|[from] item: Leftovers\n|upkeep\n|turn|25\n|\n|t:|1700739175\n|move|p2a: Clefable|Protect|p2a: Clefable\n|-singleturn|p2a: Clefable|Protect\n|move|p1a: Enamorus|Moonblast|p2a: Clefable\n|-activate|p2a: Clefable|move: Protect\n|\n|-heal|p2a: Clefable|60\/100|[from] move: Wish|[wisher] Clefable\n|-heal|p2a: Clefable|66\/100|[from] item: Leftovers\n|upkeep\n|turn|26\n|\n|t:|1700739187\n|move|p1a: Enamorus|Moonblast|p2a: Clefable\n|-damage|p2a: Clefable|6\/100\n|move|p2a: Clefable|Wish|p2a: Clefable\n|\n|-heal|p2a: Clefable|12\/100|[from] item: Leftovers\n|upkeep\n|turn|27\n|c|\u2606fqfsqfqdqf|no more wish?\n|\n|t:|1700739194\n|switch|p1a: Gholdengo|Gholdengo|100\/100\n|-damage|p1a: Gholdengo|94\/100|[from] Stealth Rock\n|-item|p1a: Gholdengo|Air Balloon\n|move|p2a: Clefable|Protect||[still]\n|-fail|p2a: Clefable\n|\n|-heal|p2a: Clefable|62\/100|[from] move: Wish|[wisher] Clefable\n|-heal|p2a: Clefable|68\/100|[from] item: Leftovers\n|upkeep\n|turn|28\n|n|!fqfsqfqdqf|fqfsqfqdqf\n|\n|t:|1700739207\n|switch|p2a: Ting-Lu|Ting-Lu|94\/100\n|-damage|p2a: Ting-Lu|88\/100|[from] Stealth Rock\n|-ability|p2a: Ting-Lu|Vessel of Ruin\n|move|p1a: Gholdengo|Nasty Plot|p1a: Gholdengo\n|-boost|p1a: Gholdengo|spa|2\n|\n|-heal|p2a: Ting-Lu|94\/100|[from] item: Leftovers\n|upkeep\n|turn|29\n|\n|t:|1700739213\n|move|p1a: Gholdengo|Make It Rain|p2a: Ting-Lu\n|-damage|p2a: Ting-Lu|43\/100\n|-unboost|p1a: Gholdengo|spa|1\n|move|p2a: Ting-Lu|Ruination|p1a: Gholdengo\n|-damage|p1a: Gholdengo|47\/100\n|-enditem|p1a: Gholdengo|Air Balloon\n|\n|-heal|p2a: Ting-Lu|49\/100|[from] item: Leftovers\n|upkeep\n|turn|30\n|l|!fqfsqfqdqf\n|inactive|fqfsqfqdqf disconnected and has a minute to reconnect!\n|player|p1|\n|\n|t:|1700739223\n|move|p1a: Gholdengo|Make It Rain|p2a: Ting-Lu\n|-damage|p2a: Ting-Lu|8\/100\n|-unboost|p1a: Gholdengo|spa|1\n|move|p2a: Ting-Lu|Earthquake|p1a: Gholdengo\n|-supereffective|p1a: Gholdengo\n|-damage|p1a: Gholdengo|0 fnt\n|faint|p1a: Gholdengo\n|\n|-heal|p2a: Ting-Lu|15\/100|[from] item: Leftovers\n|upkeep\n|inactive|fqfsqfqdqf has 30 seconds to reconnect!\n|inactive|fqfsqfqdqf has 20 seconds to reconnect!\n|inactive|fqfsqfqdqf has 15 seconds to reconnect!\n|inactive|fqfsqfqdqf has 10 seconds to reconnect!\n|inactive|fqfsqfqdqf has 5 seconds to reconnect!\n|-message|fqfsqfqdqf lost due to inactivity.\n|\n|win|trillbo\n|raw|fqfsqfqdqf's rating: 1210 &rarr; <strong>1193<\/strong><br \/>(-17 for losing)\n|raw|trillbo's rating: 1322 &rarr; <strong>1336<\/strong><br \/>(+14 for winning)\n","uploadtime":1700739201,"views":1,"p1id":"fqfsqfqdqf","p2id":"trillbo","formatid":"gen9ou","rating":1193,"private":0,"password":""}