{"id":"gen9ou-1990551669","p1":"Ryan&Ditto","p2":"Atomix2","format":"[Gen 9] OU","log":"|j|\u2606Ryan&Ditto\n|j|\u2606Atomix2\n|t:|1699980777\n|gametype|singles\n|player|p1|Ryan&Ditto|unknown|\n|player|p2|Atomix2|hiker-gen4|\n|teamsize|p1|6\n|teamsize|p2|6\n|gen|9\n|tier|[Gen 9] OU\n|rule|Sleep Clause Mod: Limit one foe put to sleep\n|rule|Species Clause: Limit one of each Pok\u00e9mon\n|rule|OHKO Clause: OHKO moves are banned\n|rule|Evasion Items Clause: Evasion items are banned\n|rule|Evasion Moves Clause: Evasion moves are banned\n|rule|Endless Battle Clause: Forcing endless battles is banned\n|rule|HP Percentage Mod: HP is shown in percentages\n|clearpoke\n|poke|p1|Sandy Shocks|\n|poke|p1|Dragapult, F|\n|poke|p1|Kingambit, F|\n|poke|p1|Gholdengo|\n|poke|p1|Wo-Chien|\n|poke|p1|Thundurus-Therian, M|\n|poke|p2|Greninja-*, M|\n|poke|p2|Volcanion|\n|poke|p2|Landorus-Therian, M|\n|poke|p2|Ninetales-Alola, M|\n|poke|p2|Dragonite, F|\n|poke|p2|Alomomola, F|\n|teampreview\n|c|\u2606Atomix2|ahhh ok\n|c|\u2606Atomix2|I see what you mean now\n|c|\u2606Ryan&Ditto|glhf\n|c|\u2606Atomix2|you too\n|\n|t:|1699980818\n|start\n|switch|p1a: Dragapult|Dragapult, F|100\/100\n|switch|p2a: Landorus|Landorus-Therian, M|100\/100\n|-ability|p2a: Landorus|Intimidate|boost\n|-unboost|p1a: Dragapult|atk|1\n|turn|1\n|\n|t:|1699980832\n|move|p2a: Landorus|U-turn|p1a: Dragapult\n|-resisted|p1a: Dragapult\n|-damage|p1a: Dragapult|83\/100\n|\n|t:|1699980844\n|switch|p2a: Volcanion|Volcanion|100\/100|[from] U-turn\n|move|p1a: Dragapult|U-turn|p2a: Volcanion\n|-resisted|p2a: Volcanion\n|-damage|p2a: Volcanion|96\/100\n|\n|t:|1699980851\n|switch|p1a: Thundurus|Thundurus-Therian, M|100\/100|[from] U-turn\n|\n|upkeep\n|turn|2\n|\n|t:|1699980875\n|switch|p2a: Landorus|Landorus-Therian, M|100\/100\n|-ability|p2a: Landorus|Intimidate|boost\n|-unboost|p1a: Thundurus|atk|1\n|move|p1a: Thundurus|Substitute|p1a: Thundurus\n|-start|p1a: Thundurus|Substitute\n|-damage|p1a: Thundurus|76\/100\n|\n|upkeep\n|turn|3\n|\n|t:|1699980884\n|move|p2a: Landorus|Stone Edge|p1a: Thundurus\n|-supereffective|p1a: Thundurus\n|-end|p1a: Thundurus|Substitute\n|move|p1a: Thundurus|Grass Knot|p2a: Landorus\n|-damage|p2a: Landorus|54\/100\n|\n|upkeep\n|turn|4\n|\n|t:|1699980892\n|switch|p1a: Kingambit|Kingambit, F|100\/100\n|move|p2a: Landorus|Stone Edge|p1a: Kingambit\n|-resisted|p1a: Kingambit\n|-damage|p1a: Kingambit|83\/100\n|\n|upkeep\n|turn|5\n|\n|t:|1699980901\n|switch|p2a: Alomomola|Alomomola, F|100\/100\n|move|p1a: Kingambit|Kowtow Cleave|p2a: Alomomola\n|-damage|p2a: Alomomola|72\/100\n|\n|upkeep\n|turn|6\n|\n|t:|1699980910\n|switch|p1a: Thundurus|Thundurus-Therian, M|76\/100\n|move|p2a: Alomomola|Flip Turn|p1a: Thundurus\n|-damage|p1a: Thundurus|53\/100\n|\n|t:|1699980941\n|switch|p2a: Greninja|Greninja, M|100\/100|[from] Flip Turn\n|\n|upkeep\n|turn|7\n|\n|t:|1699980948\n|switch|p1a: LIVE REACTION|Wo-Chien|100\/100\n|-ability|p1a: LIVE REACTION|Tablets of Ruin\n|move|p2a: Greninja|Dark Pulse|p1a: LIVE REACTION\n|-resisted|p1a: LIVE REACTION\n|-damage|p1a: LIVE REACTION|84\/100\n|-damage|p2a: Greninja|91\/100|[from] item: Life Orb\n|\n|-heal|p1a: LIVE REACTION|90\/100|[from] item: Leftovers\n|upkeep\n|turn|8\n|\n|t:|1699980963\n|switch|p2a: Landorus|Landorus-Therian, M|54\/100\n|-ability|p2a: Landorus|Intimidate|boost\n|-unboost|p1a: LIVE REACTION|atk|1\n|move|p1a: LIVE REACTION|Knock Off|p2a: Landorus\n|-damage|p2a: Landorus|33\/100\n|-enditem|p2a: Landorus|Choice Scarf|[from] move: Knock Off|[of] p1a: LIVE REACTION\n|\n|-heal|p1a: LIVE REACTION|96\/100|[from] item: Leftovers\n|upkeep\n|turn|9\n|\n|t:|1699980974\n|switch|p1a: Dragapult|Dragapult, F|83\/100\n|move|p2a: Landorus|U-turn|p1a: Dragapult\n|-resisted|p1a: Dragapult\n|-damage|p1a: Dragapult|64\/100\n|\n|t:|1699980984\n|switch|p2a: Alomomola|Alomomola, F|100\/100|[from] U-turn\n|\n|upkeep\n|turn|10\n|\n|t:|1699980990\n|move|p1a: Dragapult|Draco Meteor|p2a: Alomomola\n|-damage|p2a: Alomomola|0 fnt\n|-unboost|p1a: Dragapult|spa|2\n|faint|p2a: Alomomola\n|\n|upkeep\n|\n|t:|1699981003\n|switch|p2a: Dragonite|Dragonite, F|100\/100\n|turn|11\n|\n|t:|1699981012\n|move|p1a: Dragapult|Draco Meteor|p2a: Dragonite\n|-supereffective|p2a: Dragonite\n|-damage|p2a: Dragonite|49\/100\n|-unboost|p1a: Dragapult|spa|2\n|move|p2a: Dragonite|Dragon Dance|p2a: Dragonite\n|-boost|p2a: Dragonite|atk|1\n|-boost|p2a: Dragonite|spe|1\n|\n|upkeep\n|turn|12\n|\n|t:|1699981028\n|switch|p1a: Sandy Shocks|Sandy Shocks|100\/100\n|-enditem|p1a: Sandy Shocks|Booster Energy\n|-activate|p1a: Sandy Shocks|ability: Protosynthesis|[fromitem]\n|-start|p1a: Sandy Shocks|protosynthesisspe\n|move|p2a: Dragonite|Earthquake|p1a: Sandy Shocks\n|-supereffective|p1a: Sandy Shocks\n|-damage|p1a: Sandy Shocks|0 fnt\n|faint|p1a: Sandy Shocks\n|-end|p1a: Sandy Shocks|Protosynthesis|[silent]\n|\n|upkeep\n|\n|t:|1699981036\n|switch|p1a: Gholdengo|Gholdengo|100\/100\n|-item|p1a: Gholdengo|Air Balloon\n|turn|13\n|\n|t:|1699981041\n|move|p2a: Dragonite|Fire Punch|p1a: Gholdengo\n|-supereffective|p1a: Gholdengo\n|-damage|p1a: Gholdengo|0 fnt\n|-enditem|p1a: Gholdengo|Air Balloon\n|faint|p1a: Gholdengo\n|\n|upkeep\n|\n|t:|1699981052\n|switch|p1a: Kingambit|Kingambit, F|83\/100\n|turn|14\n|c|\u2606Ryan&Ditto|wait im defiant Lmao\n|c|\u2606Ryan&Ditto|oops\n|\n|t:|1699981080\n|switch|p2a: Volcanion|Volcanion|96\/100\n|-terastallize|p1a: Kingambit|Dark\n|move|p1a: Kingambit|Kowtow Cleave|p2a: Volcanion\n|-damage|p2a: Volcanion|36\/100\n|\n|upkeep\n|turn|15\n|\n|t:|1699981093\n|move|p1a: Kingambit|Sucker Punch|p2a: Volcanion\n|-damage|p2a: Volcanion|0 fnt\n|faint|p2a: Volcanion\n|\n|upkeep\n|\n|t:|1699981100\n|switch|p2a: Ninetales|Ninetales-Alola, M|100\/100\n|-weather|Snow|[from] ability: Snow Warning|[of] p2a: Ninetales\n|turn|16\n|\n|t:|1699981111\n|-terastallize|p2a: Ninetales|Water\n|move|p2a: Ninetales|Moonblast|p1a: Kingambit\n|-supereffective|p1a: Kingambit\n|-damage|p1a: Kingambit|23\/100\n|-unboost|p1a: Kingambit|spa|1\n|-ability|p1a: Kingambit|Defiant|boost\n|-boost|p1a: Kingambit|atk|2\n|move|p1a: Kingambit|Iron Head|p2a: Ninetales\n|-resisted|p2a: Ninetales\n|-damage|p2a: Ninetales|39\/100\n|\n|-weather|Snow|[upkeep]\n|upkeep\n|turn|17\n|c|\u2606Atomix2|fuck sake XD\n|c|\u2606Atomix2|the one time I didnt want a special drop XD\n|\n|t:|1699981151\n|switch|p2a: Landorus|Landorus-Therian, M|33\/100\n|-ability|p2a: Landorus|Intimidate|boost\n|-unboost|p1a: Kingambit|atk|1\n|-ability|p1a: Kingambit|Defiant|boost\n|-boost|p1a: Kingambit|atk|2\n|move|p1a: Kingambit|Kowtow Cleave|p2a: Landorus\n|-damage|p2a: Landorus|0 fnt\n|faint|p2a: Landorus\n|\n|-weather|Snow|[upkeep]\n|upkeep\n|\n|t:|1699981161\n|switch|p2a: Dragonite|Dragonite, F|49\/100\n|turn|18\n|c|\u2606Ryan&Ditto|lmaoooo\n|c|\u2606Ryan&Ditto|happens\n|\n|t:|1699981166\n|move|p2a: Dragonite|Extreme Speed|p1a: Kingambit\n|-damage|p1a: Kingambit|0 fnt\n|faint|p1a: Kingambit\n|\n|-weather|Snow|[upkeep]\n|upkeep\n|\n|t:|1699981173\n|switch|p1a: Dragapult|Dragapult, F|64\/100\n|turn|19\n|\n|t:|1699981183\n|move|p1a: Dragapult|Shadow Ball|p2a: Dragonite\n|-damage|p2a: Dragonite|0 fnt\n|faint|p2a: Dragonite\n|\n|-weather|Snow|[upkeep]\n|upkeep\n|\n|t:|1699981195\n|switch|p2a: Ninetales|Ninetales-Alola, M, tera:Water|39\/100\n|turn|20\n|\n|t:|1699981200\n|move|p1a: Dragapult|Shadow Ball|p2a: Ninetales\n|-damage|p2a: Ninetales|0 fnt\n|faint|p2a: Ninetales\n|\n|-weather|none\n|upkeep\n|\n|t:|1699981205\n|switch|p2a: Greninja|Greninja, M|91\/100\n|turn|21\n|\n|t:|1699981212\n|switch|p1a: LIVE REACTION|Wo-Chien|96\/100\n|-ability|p1a: LIVE REACTION|Tablets of Ruin\n|move|p2a: Greninja|Dark Pulse|p1a: LIVE REACTION\n|-resisted|p1a: LIVE REACTION\n|-damage|p1a: LIVE REACTION|80\/100\n|-damage|p2a: Greninja|81\/100|[from] item: Life Orb\n|\n|-heal|p1a: LIVE REACTION|86\/100|[from] item: Leftovers\n|upkeep\n|turn|22\n|c|\u2606Atomix2|gg\n|\n|t:|1699981218\n|move|p2a: Greninja|Dark Pulse|p1a: LIVE REACTION\n|-resisted|p1a: LIVE REACTION\n|-damage|p1a: LIVE REACTION|71\/100\n|-damage|p2a: Greninja|71\/100|[from] item: Life Orb\n|move|p1a: LIVE REACTION|Giga Drain|p2a: Greninja\n|-supereffective|p2a: Greninja\n|-damage|p2a: Greninja|0 fnt\n|-heal|p1a: LIVE REACTION|98\/100|[from] drain|[of] p2a: Greninja\n|faint|p2a: Greninja\n|\n|win|Ryan&Ditto\n|c|\u2606Ryan&Ditto|gg\n|c|\u2606Ryan&Ditto|talk on disc\n|c|\u2606Atomix2|ok, that time luck kind of fucked me XD\n|c|\u2606Ryan&Ditto|i got a few ideas for you\n","uploadtime":1699981258,"views":23,"p1id":"ryanditto","p2id":"atomix2","formatid":"gen9ou","rating":0,"private":0,"password":""}