{"id":"gen9ou-1997304318","p1":"Mrcaffeine","p2":"quarters_ou","format":"[Gen 9] OU","log":"|j|\u2606Mrcaffeine\n|j|\u2606quarters_ou\n|t:|1700787016\n|gametype|singles\n|player|p1|Mrcaffeine|169|\n|player|p2|quarters_ou|1|\n|teamsize|p1|6\n|teamsize|p2|6\n|gen|9\n|tier|[Gen 9] OU\n|rule|Sleep Clause Mod: Limit one foe put to sleep\n|rule|Species Clause: Limit one of each Pok\u00e9mon\n|rule|OHKO Clause: OHKO moves are banned\n|rule|Evasion Items Clause: Evasion items are banned\n|rule|Evasion Moves Clause: Evasion moves are banned\n|rule|Endless Battle Clause: Forcing endless battles is banned\n|rule|HP Percentage Mod: HP is shown in percentages\n|clearpoke\n|poke|p1|Sandy Shocks|\n|poke|p1|Garchomp, F|\n|poke|p1|Cinderace, F|\n|poke|p1|Tornadus-Therian, M|\n|poke|p1|Amoonguss, F|\n|poke|p1|Kingambit, F|\n|poke|p2|Amoonguss, F|\n|poke|p2|Azumarill, M|\n|poke|p2|Gholdengo|\n|poke|p2|Dragapult, F|\n|poke|p2|Zapdos|\n|poke|p2|Great Tusk|\n|teampreview\n|\n|t:|1700787037\n|start\n|switch|p1a: Bibble|Garchomp, F|100\/100\n|switch|p2a: Dragapult|Dragapult, F|100\/100\n|turn|1\n|\n|t:|1700787048\n|switch|p1a: Kingambit|Kingambit, F|100\/100\n|-terastallize|p2a: Dragapult|Dragon\n|move|p2a: Dragapult|Dragon Darts|p1a: Kingambit\n|-resisted|p1a: Kingambit\n|-damage|p1a: Kingambit|84\/100\n|-anim|p2a: Dragapult|Dragon Darts|p1a: Kingambit\n|-resisted|p1a: Kingambit\n|-damage|p1a: Kingambit|67\/100\n|\n|-heal|p1a: Kingambit|73\/100|[from] item: Leftovers\n|upkeep\n|turn|2\n|\n|t:|1700787063\n|switch|p2a: Great Tusk|Great Tusk|100\/100\n|move|p1a: Kingambit|Kowtow Cleave|p2a: Great Tusk\n|-resisted|p2a: Great Tusk\n|-damage|p2a: Great Tusk|86\/100\n|\n|-heal|p2a: Great Tusk|92\/100|[from] item: Leftovers\n|-heal|p1a: Kingambit|79\/100|[from] item: Leftovers\n|upkeep\n|turn|3\n|\n|t:|1700787083\n|-end|p1a: Kingambit|fallenundefined|[silent]\n|switch|p1a: Birb|Tornadus-Therian, M|100\/100\n|move|p2a: Great Tusk|Earthquake|p1a: Birb\n|-immune|p1a: Birb\n|\n|-heal|p2a: Great Tusk|98\/100|[from] item: Leftovers\n|upkeep\n|turn|4\n|\n|t:|1700787098\n|-end|p2a: Great Tusk|Protosynthesis|[silent]\n|switch|p2a: Zapdos|Zapdos|100\/100\n|move|p1a: Birb|Heat Wave|p2a: Zapdos\n|-damage|p2a: Zapdos|70\/100\n|\n|upkeep\n|turn|5\n|\n|t:|1700787119\n|switch|p1a: Bibble|Garchomp, F|100\/100\n|move|p2a: Zapdos|Heat Wave|p1a: Bibble\n|-resisted|p1a: Bibble\n|-damage|p1a: Bibble|89\/100\n|\n|upkeep\n|turn|6\n|\n|t:|1700787148\n|switch|p2a: Amoonguss|Amoonguss, F|100\/100\n|move|p1a: Bibble|Stealth Rock|p2a: Amoonguss\n|-sidestart|p2: quarters_ou|move: Stealth Rock\n|\n|upkeep\n|turn|7\n|\n|t:|1700787164\n|switch|p1a: obvious joke|Amoonguss, F|100\/100\n|move|p2a: Amoonguss|Spore|p1a: obvious joke\n|-immune|p1a: obvious joke\n|\n|upkeep\n|turn|8\n|\n|t:|1700787174\n|move|p1a: obvious joke|Foul Play|p2a: Amoonguss\n|-damage|p2a: Amoonguss|86\/100\n|-damage|p1a: obvious joke|84\/100|[from] item: Rocky Helmet|[of] p2a: Amoonguss\n|move|p2a: Amoonguss|Sludge Bomb|p1a: obvious joke\n|-damage|p1a: obvious joke|58\/100\n|\n|upkeep\n|turn|9\n|\n|t:|1700787184\n|move|p1a: obvious joke|Grass Knot|p2a: Amoonguss\n|-resisted|p2a: Amoonguss\n|-damage|p2a: Amoonguss|84\/100\n|-damage|p1a: obvious joke|41\/100|[from] item: Rocky Helmet|[of] p2a: Amoonguss\n|move|p2a: Amoonguss|Sludge Bomb|p1a: obvious joke\n|-damage|p1a: obvious joke|17\/100\n|\n|upkeep\n|turn|10\n|\n|t:|1700787211\n|switch|p1a: Messi :0|Cinderace, F|100\/100\n|move|p2a: Amoonguss|Spore|p1a: Messi :0\n|-status|p1a: Messi :0|slp|[from] move: Spore\n|\n|upkeep\n|turn|11\n|\n|t:|1700787220\n|switch|p1a: obvious joke|Amoonguss, F|51\/100\n|switch|p2a: Dragapult|Dragapult, F, tera:Dragon|100\/100\n|-damage|p2a: Dragapult|88\/100|[from] Stealth Rock\n|\n|upkeep\n|turn|12\n|\n|t:|1700787227\n|switch|p1a: Kingambit|Kingambit, F|79\/100\n|move|p2a: Dragapult|Dragon Darts|p1a: Kingambit\n|-resisted|p1a: Kingambit\n|-damage|p1a: Kingambit|61\/100\n|-anim|p2a: Dragapult|Dragon Darts|p1a: Kingambit\n|-resisted|p1a: Kingambit\n|-damage|p1a: Kingambit|43\/100\n|\n|-heal|p1a: Kingambit|49\/100|[from] item: Leftovers\n|upkeep\n|turn|13\n|\n|t:|1700787241\n|switch|p2a: Amoonguss|Amoonguss, F|100\/100\n|-damage|p2a: Amoonguss|88\/100|[from] Stealth Rock\n|move|p1a: Kingambit|Kowtow Cleave|p2a: Amoonguss\n|-damage|p2a: Amoonguss|39\/100\n|-damage|p1a: Kingambit|33\/100|[from] item: Rocky Helmet|[of] p2a: Amoonguss\n|\n|-heal|p1a: Kingambit|39\/100|[from] item: Leftovers\n|upkeep\n|turn|14\n|\n|t:|1700787260\n|switch|p2a: Great Tusk|Great Tusk|98\/100\n|-damage|p2a: Great Tusk|95\/100|[from] Stealth Rock\n|move|p1a: Kingambit|Kowtow Cleave|p2a: Great Tusk\n|-resisted|p2a: Great Tusk\n|-damage|p2a: Great Tusk|82\/100\n|\n|-heal|p2a: Great Tusk|88\/100|[from] item: Leftovers\n|-heal|p1a: Kingambit|45\/100|[from] item: Leftovers\n|upkeep\n|turn|15\n|\n|t:|1700787273\n|-end|p1a: Kingambit|fallenundefined|[silent]\n|switch|p1a: Birb|Tornadus-Therian, M|100\/100\n|move|p2a: Great Tusk|Rapid Spin|p1a: Birb\n|-damage|p1a: Birb|81\/100\n|-boost|p2a: Great Tusk|spe|1\n|-sideend|p2: quarters_ou|Stealth Rock|[from] move: Rapid Spin|[of] p2a: Great Tusk\n|\n|-heal|p2a: Great Tusk|94\/100|[from] item: Leftovers\n|upkeep\n|turn|16\n|\n|t:|1700787285\n|move|p2a: Great Tusk|Knock Off|p1a: Birb\n|-crit|p1a: Birb\n|-damage|p1a: Birb|23\/100\n|-enditem|p1a: Birb|Heavy-Duty Boots|[from] move: Knock Off|[of] p2a: Great Tusk\n|move|p1a: Birb|Bleakwind Storm|p2a: Great Tusk\n|-supereffective|p2a: Great Tusk\n|-damage|p2a: Great Tusk|0 fnt\n|faint|p2a: Great Tusk\n|-end|p2a: Great Tusk|Protosynthesis|[silent]\n|\n|upkeep\n|\n|t:|1700787306\n|switch|p2a: Dragapult|Dragapult, F, tera:Dragon|88\/100\n|turn|17\n|\n|t:|1700787349\n|switch|p1a: Kingambit|Kingambit, F|45\/100\n|move|p2a: Dragapult|Dragon Darts|p1a: Kingambit\n|-resisted|p1a: Kingambit\n|-damage|p1a: Kingambit|28\/100\n|-anim|p2a: Dragapult|Dragon Darts|p1a: Kingambit\n|-resisted|p1a: Kingambit\n|-damage|p1a: Kingambit|8\/100\n|\n|-heal|p1a: Kingambit|15\/100|[from] item: Leftovers\n|upkeep\n|turn|18\n|\n|t:|1700787359\n|move|p1a: Kingambit|Sucker Punch|p2a: Dragapult\n|-damage|p2a: Dragapult|28\/100\n|move|p2a: Dragapult|Dragon Darts|p1a: Kingambit\n|-resisted|p1a: Kingambit\n|-damage|p1a: Kingambit|0 fnt\n|faint|p1a: Kingambit\n|-end|p1a: Kingambit|fallenundefined|[silent]\n|\n|upkeep\n|\n|t:|1700787382\n|switch|p1a: Bibble|Garchomp, F|89\/100\n|turn|19\n|\n|t:|1700787392\n|switch|p2a: Zapdos|Zapdos|70\/100\n|-terastallize|p1a: Bibble|Steel\n|move|p1a: Bibble|Dragon Tail|p2a: Zapdos\n|-damage|p2a: Zapdos|52\/100\n|drag|p2a: Dragapult|Dragapult, F, tera:Dragon|28\/100\n|\n|upkeep\n|turn|20\n|\n|t:|1700787405\n|switch|p2a: Amoonguss|Amoonguss, F|72\/100\n|move|p1a: Bibble|Dragon Tail|p2a: Amoonguss\n|-damage|p2a: Amoonguss|44\/100\n|-damage|p1a: Bibble|72\/100|[from] item: Rocky Helmet|[of] p2a: Amoonguss\n|drag|p2a: Gholdengo|Gholdengo|100\/100\n|\n|upkeep\n|turn|21\n|\n|t:|1700787415\n|switch|p2a: Amoonguss|Amoonguss, F|78\/100\n|move|p1a: Bibble|Earthquake|p2a: Amoonguss\n|-damage|p2a: Amoonguss|38\/100\n|\n|upkeep\n|turn|22\n|\n|t:|1700787466\n|switch|p2a: Zapdos|Zapdos|52\/100\n|move|p1a: Bibble|Earthquake|p2a: Zapdos\n|-immune|p2a: Zapdos\n|\n|upkeep\n|turn|23\n|\n|t:|1700787481\n|switch|p1a: sandy cocks|Sandy Shocks|100\/100\n|move|p2a: Zapdos|Heat Wave|p1a: sandy cocks|[miss]\n|-miss|p2a: Zapdos|p1a: sandy cocks\n|\n|upkeep\n|turn|24\n|\n|t:|1700787498\n|move|p1a: sandy cocks|Volt Switch|p2a: Zapdos\n|-damage|p2a: Zapdos|16\/100\n|\n|t:|1700787505\n|-end|p1a: sandy cocks|Protosynthesis|[silent]\n|switch|p1a: Messi :0|Cinderace, F|100\/100 slp|[from] Volt Switch\n|move|p2a: Zapdos|Roost|p2a: Zapdos\n|-heal|p2a: Zapdos|66\/100\n|-singleturn|p2a: Zapdos|move: Roost\n|\n|upkeep\n|turn|25\n|\n|t:|1700787510\n|cant|p1a: Messi :0|slp\n|move|p2a: Zapdos|Volt Switch|p1a: Messi :0\n|-damage|p1a: Messi :0|61\/100 slp\n|\n|t:|1700787514\n|switch|p2a: Azumarill|Azumarill, M|100\/100|[from] Volt Switch\n|\n|upkeep\n|turn|26\n|\n|t:|1700787528\n|cant|p1a: Messi :0|slp\n|move|p2a: Azumarill|Belly Drum|p2a: Azumarill\n|-damage|p2a: Azumarill|51\/100\n|-setboost|p2a: Azumarill|atk|6|[from] move: Belly Drum\n|\n|upkeep\n|turn|27\n|\n|t:|1700787533\n|move|p2a: Azumarill|Aqua Jet|p1a: Messi :0\n|-supereffective|p1a: Messi :0\n|-damage|p1a: Messi :0|0 fnt\n|faint|p1a: Messi :0\n|\n|upkeep\n|\n|t:|1700787535\n|switch|p1a: obvious joke|Amoonguss, F|84\/100\n|turn|28\n|\n|t:|1700787544\n|move|p2a: Azumarill|Liquidation|p1a: obvious joke\n|-resisted|p1a: obvious joke\n|-damage|p1a: obvious joke|10\/100\n|move|p1a: obvious joke|Clear Smog|p2a: Azumarill\n|-supereffective|p2a: Azumarill\n|-damage|p2a: Azumarill|18\/100\n|-clearboost|p2a: Azumarill\n|-enditem|p2a: Azumarill|Sitrus Berry|[eat]\n|-heal|p2a: Azumarill|43\/100|[from] item: Sitrus Berry\n|\n|upkeep\n|turn|29\n|\n|t:|1700787561\n|move|p2a: Azumarill|Aqua Jet|p1a: obvious joke\n|-resisted|p1a: obvious joke\n|-crit|p1a: obvious joke\n|-damage|p1a: obvious joke|0 fnt\n|faint|p1a: obvious joke\n|\n|upkeep\n|\n|t:|1700787567\n|switch|p1a: sandy cocks|Sandy Shocks|100\/100\n|turn|30\n|\n|t:|1700787573\n|move|p2a: Azumarill|Aqua Jet|p1a: sandy cocks\n|-supereffective|p1a: sandy cocks\n|-damage|p1a: sandy cocks|46\/100\n|move|p1a: sandy cocks|Thunderbolt|p2a: Azumarill\n|-supereffective|p2a: Azumarill\n|-damage|p2a: Azumarill|0 fnt\n|faint|p2a: Azumarill\n|\n|upkeep\n|\n|t:|1700787578\n|switch|p2a: Gholdengo|Gholdengo|100\/100\n|turn|31\n|\n|t:|1700787585\n|move|p2a: Gholdengo|Shadow Ball|p1a: sandy cocks\n|-damage|p1a: sandy cocks|8\/100\n|move|p1a: sandy cocks|Earth Power|p2a: Gholdengo\n|-supereffective|p2a: Gholdengo\n|-damage|p2a: Gholdengo|1\/100\n|\n|upkeep\n|turn|32\n|\n|t:|1700787597\n|switch|p2a: Zapdos|Zapdos|66\/100\n|move|p1a: sandy cocks|Volt Switch|p2a: Zapdos\n|-damage|p2a: Zapdos|35\/100\n|\n|t:|1700787601\n|-end|p1a: sandy cocks|Protosynthesis|[silent]\n|switch|p1a: Bibble|Garchomp, F, tera:Steel|72\/100|[from] Volt Switch\n|\n|upkeep\n|turn|33\n|\n|t:|1700787616\n|switch|p1a: sandy cocks|Sandy Shocks|8\/100\n|switch|p2a: Amoonguss|Amoonguss, F|71\/100\n|\n|upkeep\n|turn|34\n|\n|t:|1700787628\n|move|p1a: sandy cocks|Thunderbolt|p2a: Amoonguss\n|-resisted|p2a: Amoonguss\n|-damage|p2a: Amoonguss|57\/100\n|move|p2a: Amoonguss|Spore|p1a: sandy cocks\n|-status|p1a: sandy cocks|slp|[from] move: Spore\n|\n|upkeep\n|turn|35\n|\n|t:|1700787632\n|cant|p1a: sandy cocks|slp\n|move|p2a: Amoonguss|Giga Drain|p1a: sandy cocks\n|-supereffective|p1a: sandy cocks\n|-damage|p1a: sandy cocks|0 fnt\n|-heal|p2a: Amoonguss|59\/100|[from] drain|[of] p1a: sandy cocks\n|faint|p1a: sandy cocks\n|-end|p1a: sandy cocks|Protosynthesis|[silent]\n|\n|upkeep\n|\n|t:|1700787636\n|switch|p1a: Birb|Tornadus-Therian, M|56\/100\n|turn|36\n|\n|t:|1700787647\n|switch|p2a: Zapdos|Zapdos|35\/100\n|move|p1a: Birb|Bleakwind Storm|p2a: Zapdos\n|-resisted|p2a: Zapdos\n|-damage|p2a: Zapdos|10\/100\n|\n|upkeep\n|turn|37\n|\n|t:|1700787658\n|move|p1a: Birb|U-turn|p2a: Zapdos\n|-resisted|p2a: Zapdos\n|-damage|p2a: Zapdos|5\/100\n|-status|p1a: Birb|par|[from] ability: Static|[of] p2a: Zapdos\n|\n|t:|1700787662\n|switch|p1a: Bibble|Garchomp, F, tera:Steel|72\/100|[from] U-turn\n|move|p2a: Zapdos|Roost|p2a: Zapdos\n|-heal|p2a: Zapdos|55\/100\n|-singleturn|p2a: Zapdos|move: Roost\n|\n|upkeep\n|turn|38\n|\n|t:|1700787665\n|switch|p1a: Birb|Tornadus-Therian, M|89\/100 par\n|move|p2a: Zapdos|Heat Wave|p1a: Birb\n|-damage|p1a: Birb|57\/100 par\n|\n|upkeep\n|turn|39\n|\n|t:|1700787668\n|move|p2a: Zapdos|Volt Switch|p1a: Birb\n|-supereffective|p1a: Birb\n|-damage|p1a: Birb|0 fnt\n|faint|p1a: Birb\n|\n|t:|1700787673\n|switch|p2a: Amoonguss|Amoonguss, F|92\/100|[from] Volt Switch\n|\n|upkeep\n|\n|t:|1700787675\n|switch|p1a: Bibble|Garchomp, F, tera:Steel|72\/100\n|turn|40\n|\n|t:|1700787678\n|move|p2a: Amoonguss|Spore|p1a: Bibble\n|-status|p1a: Bibble|slp|[from] move: Spore\n|cant|p1a: Bibble|slp\n|\n|upkeep\n|turn|41\n|-message|Mrcaffeine forfeited.\n|\n|win|quarters_ou\n|l|\u2606Mrcaffeine\n","uploadtime":1700787691,"views":4,"p1id":"mrcaffeine","p2id":"quartersou","formatid":"gen9ou","rating":0,"private":0,"password":""}