{"id":"gen9ou-1993597336","p1":"Kantonian Ash","p2":"MrPr1ce","format":"[Gen 9] OU","log":"|j|\u2606Kantonian Ash\n|j|\u2606MrPr1ce\n|t:|1700335820\n|gametype|singles\n|player|p1|Kantonian Ash|misty|1317\n|player|p2|MrPr1ce|volkner|1335\n|teamsize|p1|6\n|teamsize|p2|6\n|gen|9\n|tier|[Gen 9] OU\n|rated|\n|rule|Sleep Clause Mod: Limit one foe put to sleep\n|rule|Species Clause: Limit one of each Pok\u00e9mon\n|rule|OHKO Clause: OHKO moves are banned\n|rule|Evasion Items Clause: Evasion items are banned\n|rule|Evasion Moves Clause: Evasion moves are banned\n|rule|Endless Battle Clause: Forcing endless battles is banned\n|rule|HP Percentage Mod: HP is shown in percentages\n|clearpoke\n|poke|p1|Sneasler, M|\n|poke|p1|Zapdos|\n|poke|p1|Decidueye-Hisui, M|\n|poke|p1|Ceruledge, M|\n|poke|p1|Walking Wake|\n|poke|p1|Great Tusk|\n|poke|p2|Slowking-Galar, M|\n|poke|p2|Dragonite, F|\n|poke|p2|Great Tusk|\n|poke|p2|Ninetales-Alola, M|\n|poke|p2|Greninja-*, M|\n|poke|p2|Ceruledge, M|\n|teampreview\n|inactive|Battle timer is ON: inactive players will automatically lose when time's up. (requested by MrPr1ce)\n|\n|t:|1700335830\n|start\n|switch|p1a: Sneasler|Sneasler, M|100\/100\n|switch|p2a: Babravo|Great Tusk|100\/100\n|turn|1\n|\n|t:|1700335837\n|move|p1a: Sneasler|Dire Claw|p2a: Babravo\n|-resisted|p2a: Babravo\n|-damage|p2a: Babravo|89\/100\n|move|p2a: Babravo|Stealth Rock|p1a: Sneasler\n|-sidestart|p1: Kantonian Ash|move: Stealth Rock\n|\n|-heal|p2a: Babravo|95\/100|[from] item: Leftovers\n|upkeep\n|turn|2\n|\n|t:|1700335846\n|move|p1a: Sneasler|Dire Claw|p2a: Babravo\n|-resisted|p2a: Babravo\n|-damage|p2a: Babravo|85\/100\n|move|p2a: Babravo|Earthquake|p1a: Sneasler\n|-supereffective|p1a: Sneasler\n|-enditem|p1a: Sneasler|Focus Sash\n|-damage|p1a: Sneasler|1\/100\n|\n|-heal|p2a: Babravo|91\/100|[from] item: Leftovers\n|upkeep\n|turn|3\n|\n|t:|1700335856\n|move|p1a: Sneasler|Dire Claw|p2a: Babravo\n|-resisted|p2a: Babravo\n|-damage|p2a: Babravo|79\/100\n|-status|p2a: Babravo|psn\n|move|p2a: Babravo|Knock Off|p1a: Sneasler\n|-resisted|p1a: Sneasler\n|-damage|p1a: Sneasler|0 fnt\n|faint|p1a: Sneasler\n|\n|-heal|p2a: Babravo|85\/100 psn|[from] item: Leftovers\n|-damage|p2a: Babravo|73\/100 psn|[from] psn\n|upkeep\n|\n|t:|1700335866\n|switch|p1a: Great Tusk|Great Tusk|100\/100\n|turn|4\n|\n|t:|1700335871\n|move|p1a: Great Tusk|Rapid Spin|p2a: Babravo\n|-damage|p2a: Babravo|64\/100 psn\n|-boost|p1a: Great Tusk|spe|1\n|-sideend|p1: Kantonian Ash|Stealth Rock|[from] move: Rapid Spin|[of] p1a: Great Tusk\n|move|p2a: Babravo|Knock Off|p1a: Great Tusk\n|-resisted|p1a: Great Tusk\n|-damage|p1a: Great Tusk|91\/100\n|-enditem|p1a: Great Tusk|Heavy-Duty Boots|[from] move: Knock Off|[of] p2a: Babravo\n|\n|-heal|p2a: Babravo|70\/100 psn|[from] item: Leftovers\n|-damage|p2a: Babravo|57\/100 psn|[from] psn\n|upkeep\n|turn|5\n|\n|t:|1700335883\n|-end|p2a: Babravo|Protosynthesis|[silent]\n|switch|p2a: Snow Queen|Ninetales-Alola, M, shiny|100\/100\n|-weather|Snow|[from] ability: Snow Warning|[of] p2a: Snow Queen\n|move|p1a: Great Tusk|Knock Off|p2a: Snow Queen\n|-resisted|p2a: Snow Queen\n|-damage|p2a: Snow Queen|84\/100\n|-enditem|p2a: Snow Queen|Light Clay|[from] move: Knock Off|[of] p1a: Great Tusk\n|\n|-weather|Snow|[upkeep]\n|upkeep\n|turn|6\n|\n|t:|1700335897\n|move|p1a: Great Tusk|Headlong Rush|p2a: Snow Queen\n|-damage|p2a: Snow Queen|21\/100\n|-unboost|p1a: Great Tusk|def|1\n|-unboost|p1a: Great Tusk|spd|1\n|move|p2a: Snow Queen|Aurora Veil|p2a: Snow Queen\n|-sidestart|p2: MrPr1ce|move: Aurora Veil\n|\n|-weather|Snow|[upkeep]\n|upkeep\n|turn|7\n|\n|t:|1700335906\n|move|p1a: Great Tusk|Close Combat|p2a: Snow Queen\n|-damage|p2a: Snow Queen|0 fnt\n|-unboost|p1a: Great Tusk|def|1\n|-unboost|p1a: Great Tusk|spd|1\n|faint|p2a: Snow Queen\n|\n|-weather|Snow|[upkeep]\n|upkeep\n|\n|t:|1700335912\n|switch|p2a: Greninja|Greninja, M|100\/100\n|turn|8\n|\n|t:|1700335922\n|move|p1a: Great Tusk|Close Combat|p2a: Greninja\n|-supereffective|p2a: Greninja\n|-damage|p2a: Greninja|0 fnt\n|-unboost|p1a: Great Tusk|def|1\n|-unboost|p1a: Great Tusk|spd|1\n|faint|p2a: Greninja\n|\n|-weather|Snow|[upkeep]\n|upkeep\n|\n|t:|1700335939\n|switch|p2a: The \"Savior\"|Dragonite, F, shiny|100\/100\n|turn|9\n|\n|t:|1700335963\n|-end|p1a: Great Tusk|Protosynthesis|[silent]\n|switch|p1a: Zapdos|Zapdos|100\/100\n|-ability|p1a: Zapdos|Pressure\n|move|p2a: The \"Savior\"|Dragon Dance|p2a: The \"Savior\"\n|-boost|p2a: The \"Savior\"|atk|1\n|-boost|p2a: The \"Savior\"|spe|1\n|\n|-weather|none\n|upkeep\n|turn|10\n|\n|t:|1700335976\n|move|p2a: The \"Savior\"|Ice Spinner|p1a: Zapdos\n|-supereffective|p1a: Zapdos\n|-damage|p1a: Zapdos|7\/100\n|move|p1a: Zapdos|Discharge|p2a: The \"Savior\"\n|-damage|p2a: The \"Savior\"|90\/100\n|\n|-sideend|p2: MrPr1ce|move: Aurora Veil\n|upkeep\n|turn|11\n|inactive|MrPr1ce has 120 seconds left.\n|\n|t:|1700335996\n|move|p2a: The \"Savior\"|Extreme Speed|p1a: Zapdos\n|-damage|p1a: Zapdos|0 fnt\n|faint|p1a: Zapdos\n|\n|upkeep\n|\n|t:|1700336001\n|switch|p1a: Walking Wake|Walking Wake|100\/100\n|turn|12\n|inactive|MrPr1ce has 120 seconds left.\n|\n|t:|1700336020\n|-terastallize|p2a: The \"Savior\"|Normal\n|move|p2a: The \"Savior\"|Extreme Speed|p1a: Walking Wake\n|-damage|p1a: Walking Wake|29\/100\n|move|p1a: Walking Wake|Dragon Pulse|p2a: The \"Savior\"\n|-damage|p2a: The \"Savior\"|38\/100\n|\n|-heal|p1a: Walking Wake|36\/100|[from] item: Leftovers\n|upkeep\n|turn|13\n|inactive|MrPr1ce has 120 seconds left.\n|\n|t:|1700336032\n|move|p2a: The \"Savior\"|Extreme Speed|p1a: Walking Wake\n|-damage|p1a: Walking Wake|0 fnt\n|faint|p1a: Walking Wake\n|-end|p1a: Walking Wake|Protosynthesis|[silent]\n|\n|upkeep\n|\n|t:|1700336036\n|switch|p1a: Great Tusk|Great Tusk|91\/100\n|turn|14\n|\n|t:|1700336044\n|move|p2a: The \"Savior\"|Ice Spinner|p1a: Great Tusk\n|-supereffective|p1a: Great Tusk\n|-damage|p1a: Great Tusk|17\/100\n|move|p1a: Great Tusk|Close Combat|p2a: The \"Savior\"\n|-supereffective|p2a: The \"Savior\"\n|-damage|p2a: The \"Savior\"|0 fnt\n|-unboost|p1a: Great Tusk|def|1\n|-unboost|p1a: Great Tusk|spd|1\n|faint|p2a: The \"Savior\"\n|\n|upkeep\n|inactive|MrPr1ce has 120 seconds left.\n|\n|t:|1700336078\n|switch|p2a: Babravo|Great Tusk|57\/100 psn\n|turn|15\n|\n|t:|1700336088\n|move|p1a: Great Tusk|Rapid Spin|p2a: Babravo\n|-damage|p2a: Babravo|49\/100 psn\n|-boost|p1a: Great Tusk|spe|1\n|move|p2a: Babravo|Earthquake|p1a: Great Tusk\n|-damage|p1a: Great Tusk|0 fnt\n|faint|p1a: Great Tusk\n|-end|p1a: Great Tusk|Protosynthesis|[silent]\n|\n|-heal|p2a: Babravo|55\/100 psn|[from] item: Leftovers\n|-damage|p2a: Babravo|43\/100 psn|[from] psn\n|upkeep\n|\n|t:|1700336101\n|switch|p1a: Decidueye|Decidueye-Hisui, M, shiny|100\/100\n|turn|16\n|\n|t:|1700336105\n|move|p2a: Babravo|Stealth Rock|p1a: Decidueye\n|-sidestart|p1: Kantonian Ash|move: Stealth Rock\n|move|p1a: Decidueye|Bulk Up|p1a: Decidueye\n|-boost|p1a: Decidueye|atk|1\n|-boost|p1a: Decidueye|def|1\n|\n|-heal|p2a: Babravo|49\/100 psn|[from] item: Leftovers\n|-damage|p2a: Babravo|37\/100 psn|[from] psn\n|upkeep\n|turn|17\n|\n|t:|1700336123\n|move|p2a: Babravo|Earthquake|p1a: Decidueye\n|-resisted|p1a: Decidueye\n|-damage|p1a: Decidueye|84\/100\n|move|p1a: Decidueye|Bulk Up|p1a: Decidueye\n|-boost|p1a: Decidueye|atk|1\n|-boost|p1a: Decidueye|def|1\n|\n|-heal|p2a: Babravo|43\/100 psn|[from] item: Leftovers\n|-damage|p2a: Babravo|30\/100 psn|[from] psn\n|upkeep\n|turn|18\n|\n|t:|1700336136\n|move|p2a: Babravo|Knock Off|p1a: Decidueye\n|-resisted|p1a: Decidueye\n|-damage|p1a: Decidueye|77\/100\n|-enditem|p1a: Decidueye|Weakness Policy|[from] move: Knock Off|[of] p2a: Babravo\n|move|p1a: Decidueye|Bulk Up|p1a: Decidueye\n|-boost|p1a: Decidueye|atk|1\n|-boost|p1a: Decidueye|def|1\n|\n|-heal|p2a: Babravo|37\/100 psn|[from] item: Leftovers\n|-damage|p2a: Babravo|24\/100 psn|[from] psn\n|upkeep\n|turn|19\n|inactive|MrPr1ce has 120 seconds left.\n|\n|t:|1700336169\n|move|p2a: Babravo|Earthquake|p1a: Decidueye\n|-resisted|p1a: Decidueye\n|-damage|p1a: Decidueye|68\/100\n|move|p1a: Decidueye|Bulk Up|p1a: Decidueye\n|-boost|p1a: Decidueye|atk|1\n|-boost|p1a: Decidueye|def|1\n|\n|-heal|p2a: Babravo|30\/100 psn|[from] item: Leftovers\n|-damage|p2a: Babravo|18\/100 psn|[from] psn\n|upkeep\n|turn|20\n|inactive|MrPr1ce has 90 seconds left.\n|\n|t:|1700336195\n|move|p2a: Babravo|Earthquake|p1a: Decidueye\n|-resisted|p1a: Decidueye\n|-damage|p1a: Decidueye|60\/100\n|move|p1a: Decidueye|Roost|p1a: Decidueye\n|-heal|p1a: Decidueye|100\/100\n|-singleturn|p1a: Decidueye|move: Roost\n|\n|-heal|p2a: Babravo|24\/100 psn|[from] item: Leftovers\n|-damage|p2a: Babravo|12\/100 psn|[from] psn\n|upkeep\n|turn|21\n|\n|t:|1700336204\n|move|p2a: Babravo|Earthquake|p1a: Decidueye\n|-resisted|p1a: Decidueye\n|-damage|p1a: Decidueye|93\/100\n|move|p1a: Decidueye|Trailblaze|p2a: Babravo\n|-supereffective|p2a: Babravo\n|-damage|p2a: Babravo|0 fnt\n|-boost|p1a: Decidueye|spe|1\n|faint|p2a: Babravo\n|-end|p2a: Babravo|Protosynthesis|[silent]\n|\n|upkeep\n|\n|t:|1700336209\n|switch|p2a: Ceruledge|Ceruledge, M|100\/100\n|turn|22\n|\n|t:|1700336216\n|move|p2a: Ceruledge|Swords Dance|p2a: Ceruledge\n|-boost|p2a: Ceruledge|atk|2\n|move|p1a: Decidueye|Triple Arrows|p2a: Ceruledge\n|-crit|p2a: Ceruledge\n|-enditem|p2a: Ceruledge|Focus Sash\n|-damage|p2a: Ceruledge|1\/100\n|-ability|p2a: Ceruledge|Weak Armor|boost\n|-unboost|p2a: Ceruledge|def|1\n|-boost|p2a: Ceruledge|spe|2\n|\n|upkeep\n|turn|23\n|\n|t:|1700336228\n|move|p2a: Ceruledge|Bitter Blade|p1a: Decidueye\n|-supereffective|p1a: Decidueye\n|-damage|p1a: Decidueye|22\/100\n|-heal|p2a: Ceruledge|47\/100|[from] drain|[of] p1a: Decidueye\n|move|p1a: Decidueye|Triple Arrows|p2a: Ceruledge\n|-damage|p2a: Ceruledge|0 fnt\n|faint|p2a: Ceruledge\n|\n|upkeep\n|\n|t:|1700336236\n|switch|p2a: Wait|Slowking-Galar, M, shiny|100\/100\n|turn|24\n|\n|t:|1700336252\n|-terastallize|p1a: Decidueye|Steel\n|move|p1a: Decidueye|Roost|p1a: Decidueye\n|-heal|p1a: Decidueye|72\/100\n|move|p2a: Wait|Sludge Bomb|p1a: Decidueye\n|-immune|p1a: Decidueye\n|\n|upkeep\n|turn|25\n|\n|t:|1700336259\n|move|p1a: Decidueye|Triple Arrows|p2a: Wait\n|-resisted|p2a: Wait\n|-damage|p2a: Wait|70\/100\n|cant|p2a: Wait|flinch\n|\n|upkeep\n|turn|26\n|\n|t:|1700336265\n|move|p1a: Decidueye|Triple Arrows|p2a: Wait\n|-resisted|p2a: Wait\n|-crit|p2a: Wait\n|-damage|p2a: Wait|20\/100\n|-unboost|p2a: Wait|def|1\n|move|p2a: Wait|Flamethrower|p1a: Decidueye\n|-supereffective|p1a: Decidueye\n|-damage|p1a: Decidueye|29\/100\n|\n|upkeep\n|turn|27\n|\n|t:|1700336280\n|move|p1a: Decidueye|Triple Arrows|p2a: Wait\n|-resisted|p2a: Wait\n|-damage|p2a: Wait|0 fnt\n|faint|p2a: Wait\n|\n|win|Kantonian Ash\n|raw|Kantonian Ash's rating: 1317 &rarr; <strong>1338<\/strong><br \/>(+21 for winning)\n|raw|MrPr1ce's rating: 1335 &rarr; <strong>1314<\/strong><br \/>(-21 for losing)\n|l|\u2606MrPr1ce\n","uploadtime":1700336288,"views":21,"p1id":"kantonianash","p2id":"mrpr1ce","formatid":"gen9ou","rating":1314,"private":0,"password":""}