{"id":"gen9ou-2000196525","p1":"mexicanpasta","p2":"Osda12","format":"[Gen 9] OU","log":"|j|\u2606mexicanpasta\n|j|\u2606Osda12\n|inactive|Battle timer is ON: inactive players will automatically lose when time's up.\n|t:|1701170641\n|gametype|singles\n|player|p1|mexicanpasta|parasollady|\n|player|p2|Osda12|nate|\n|teamsize|p1|3\n|teamsize|p2|3\n|gen|9\n|tier|[Gen 9] OU\n|rated|Tournament battle\n|rule|Sleep Clause Mod: Limit one foe put to sleep\n|rule|Species Clause: Limit one of each Pok\u00e9mon\n|rule|OHKO Clause: OHKO moves are banned\n|rule|Evasion Items Clause: Evasion items are banned\n|rule|Evasion Moves Clause: Evasion moves are banned\n|rule|Endless Battle Clause: Forcing endless battles is banned\n|rule|HP Percentage Mod: HP is shown in percentages\n|clearpoke\n|poke|p1|Grafaiai, M|\n|poke|p1|Dragapult, M|\n|poke|p1|Salazzle, F|\n|poke|p2|Arcanine-Hisui, F|\n|poke|p2|Toxicroak, M|\n|poke|p2|Mudsdale, M|\n|teampreview\n|j|*Lady Monita \u2746\n|inactive|mexicanpasta also wants the timer to be on.\n|c|\u2606Osda12|gl hf\n|c|\u2606mexicanpasta|you too\n|\n|t:|1701170659\n|start\n|switch|p1a: Salazzle|Salazzle, F|100\/100\n|switch|p2a: Mudsdale|Mudsdale, M|100\/100\n|turn|1\n|\n|t:|1701170665\n|move|p1a: Salazzle|Toxic|p2a: Mudsdale\n|-status|p2a: Mudsdale|tox\n|move|p2a: Mudsdale|Earthquake|p1a: Salazzle\n|-supereffective|p1a: Salazzle\n|-damage|p1a: Salazzle|0 fnt\n|faint|p1a: Salazzle\n|\n|-damage|p2a: Mudsdale|94\/100 tox|[from] psn\n|upkeep\n|\n|t:|1701170668\n|switch|p1a: Grafaiai|Grafaiai, M|100\/100\n|-item|p1a: Grafaiai|Air Balloon\n|turn|2\n|\n|t:|1701170674\n|switch|p2a: Toxicroak|Toxicroak, M|100\/100\n|move|p1a: Grafaiai|Swords Dance|p1a: Grafaiai\n|-boost|p1a: Grafaiai|atk|2\n|\n|upkeep\n|turn|3\n|\n|t:|1701170679\n|move|p2a: Toxicroak|Fake Out|p1a: Grafaiai\n|-damage|p1a: Grafaiai|71\/100\n|-enditem|p1a: Grafaiai|Air Balloon\n|-damage|p2a: Toxicroak|91\/100|[from] item: Life Orb\n|cant|p1a: Grafaiai|flinch\n|\n|upkeep\n|turn|4\n|\n|t:|1701170691\n|move|p2a: Toxicroak|Vacuum Wave|p1a: Grafaiai\n|-crit|p1a: Grafaiai\n|-damage|p1a: Grafaiai|29\/100\n|-damage|p2a: Toxicroak|81\/100|[from] item: Life Orb\n|move|p1a: Grafaiai|Acrobatics|p2a: Toxicroak\n|-supereffective|p2a: Toxicroak\n|-damage|p2a: Toxicroak|0 fnt\n|faint|p2a: Toxicroak\n|\n|upkeep\n|\n|t:|1701170696\n|switch|p2a: Mudsdale|Mudsdale, M|94\/100 tox\n|turn|5\n|\n|t:|1701170701\n|move|p1a: Grafaiai|Knock Off|p2a: Mudsdale\n|-damage|p2a: Mudsdale|61\/100 tox\n|-ability|p2a: Mudsdale|Stamina|boost\n|-boost|p2a: Mudsdale|def|1\n|-enditem|p2a: Mudsdale|Leftovers|[from] move: Knock Off|[of] p1a: Grafaiai\n|move|p2a: Mudsdale|Earthquake|p1a: Grafaiai\n|-supereffective|p1a: Grafaiai\n|-damage|p1a: Grafaiai|0 fnt\n|faint|p1a: Grafaiai\n|\n|-damage|p2a: Mudsdale|55\/100 tox|[from] psn\n|upkeep\n|\n|t:|1701170707\n|switch|p1a: Dragapult|Dragapult, M|100\/100\n|turn|6\n|\n|t:|1701170711\n|move|p1a: Dragapult|Dragon Dance|p1a: Dragapult\n|-boost|p1a: Dragapult|atk|1\n|-boost|p1a: Dragapult|spe|1\n|move|p2a: Mudsdale|Earthquake|p1a: Dragapult\n|-damage|p1a: Dragapult|42\/100\n|\n|-damage|p2a: Mudsdale|43\/100 tox|[from] psn\n|upkeep\n|turn|7\n|\n|t:|1701170717\n|-terastallize|p1a: Dragapult|Ghost\n|move|p1a: Dragapult|Tera Blast|p2a: Mudsdale|[anim] Tera Blast Ghost\n|-damage|p2a: Mudsdale|4\/100 tox\n|-ability|p2a: Mudsdale|Stamina|boost\n|-boost|p2a: Mudsdale|def|1\n|move|p2a: Mudsdale|Earthquake|p1a: Dragapult\n|-damage|p1a: Dragapult|0 fnt\n|faint|p1a: Dragapult\n|\n|win|Osda12\n|n|\u2606mexicanpasta|mexicanpasta\n|n|\u2606Osda12|osda12\n|n|*Lady Monita \u2746|ladymonita\n","uploadtime":1701170718,"views":3,"p1id":"mexicanpasta","p2id":"osda12","formatid":"gen9ou","rating":0,"private":0,"password":""}