{"id":"gen9ou-1994250715","p1":"PsiKowboj","p2":"koodagameplay","format":"[Gen 9] OU","log":"|j|\u2606PsiKowboj\n|j|\u2606koodagameplay\n|inactive|Battle timer is ON: inactive players will automatically lose when time's up.\n|t:|1700423505\n|gametype|singles\n|player|p1|PsiKowboj|rocketgrunt|\n|player|p2|koodagameplay|pokemonbreederf-gen4|\n|teamsize|p1|6\n|teamsize|p2|6\n|gen|9\n|tier|[Gen 9] OU\n|rated|Tournament battle\n|rule|Sleep Clause Mod: Limit one foe put to sleep\n|rule|Species Clause: Limit one of each Pok\u00e9mon\n|rule|OHKO Clause: OHKO moves are banned\n|rule|Evasion Items Clause: Evasion items are banned\n|rule|Evasion Moves Clause: Evasion moves are banned\n|rule|Endless Battle Clause: Forcing endless battles is banned\n|rule|HP Percentage Mod: HP is shown in percentages\n|clearpoke\n|poke|p1|Ceruledge, F|\n|poke|p1|Iron Moth|\n|poke|p1|Great Tusk|\n|poke|p1|Torkoal, F|\n|poke|p1|Walking Wake|\n|poke|p1|Enamorus, F|\n|poke|p2|Ribombee, F|\n|poke|p2|Azelf|\n|poke|p2|Scyther, M|\n|poke|p2|Kingambit, M|\n|poke|p2|Tornadus-Therian, M|\n|poke|p2|Cinderace, M|\n|teampreview\n|c|\u2606koodagameplay|gl hf\n|c|\u2606PsiKowboj|gl hf\n|\n|t:|1700423523\n|start\n|switch|p1a: choice band toxic|Iron Moth|100\/100\n|switch|p2a: Azelf|Azelf|100\/100\n|-enditem|p1a: choice band toxic|Booster Energy\n|-activate|p1a: choice band toxic|ability: Quark Drive|[fromitem]\n|-start|p1a: choice band toxic|quarkdrivespe\n|turn|1\n|\n|t:|1700423538\n|move|p1a: choice band toxic|Substitute|p1a: choice band toxic\n|-start|p1a: choice band toxic|Substitute\n|-damage|p1a: choice band toxic|76\/100\n|move|p2a: Azelf|Explosion|p1a: choice band toxic\n|-end|p1a: choice band toxic|Substitute\n|faint|p2a: Azelf\n|\n|upkeep\n|\n|t:|1700423544\n|switch|p2a: Ribombee|Ribombee, F, shiny|100\/100\n|turn|2\n|\n|t:|1700423551\n|move|p1a: choice band toxic|Fiery Dance|p2a: Ribombee\n|-supereffective|p2a: Ribombee\n|-enditem|p2a: Ribombee|Focus Sash\n|-damage|p2a: Ribombee|1\/100\n|move|p2a: Ribombee|Sticky Web|p1a: choice band toxic\n|-sidestart|p1: PsiKowboj|move: Sticky Web\n|\n|upkeep\n|turn|3\n|\n|t:|1700423558\n|move|p1a: choice band toxic|Fiery Dance|p2a: Ribombee\n|-supereffective|p2a: Ribombee\n|-damage|p2a: Ribombee|0 fnt\n|-boost|p1a: choice band toxic|spa|1\n|faint|p2a: Ribombee\n|\n|upkeep\n|\n|t:|1700423566\n|switch|p2a: Tornadus|Tornadus-Therian, M|100\/100\n|turn|4\n|\n|t:|1700423571\n|move|p1a: choice band toxic|Substitute|p1a: choice band toxic\n|-start|p1a: choice band toxic|Substitute\n|-damage|p1a: choice band toxic|51\/100\n|move|p2a: Tornadus|Chilling Water|p1a: choice band toxic\n|-supereffective|p1a: choice band toxic\n|-end|p1a: choice band toxic|Substitute\n|\n|upkeep\n|turn|5\n|\n|t:|1700423581\n|-terastallize|p1a: choice band toxic|Grass\n|move|p1a: choice band toxic|Substitute|p1a: choice band toxic\n|-start|p1a: choice band toxic|Substitute\n|-damage|p1a: choice band toxic|26\/100\n|move|p2a: Tornadus|Chilling Water|p1a: choice band toxic\n|-resisted|p1a: choice band toxic\n|-activate|p1a: choice band toxic|move: Substitute|[damage]\n|\n|upkeep\n|turn|6\n|\n|t:|1700423588\n|move|p1a: choice band toxic|Fiery Dance|p2a: Tornadus\n|-damage|p2a: Tornadus|21\/100\n|-boost|p1a: choice band toxic|spa|1\n|move|p2a: Tornadus|Air Slash|p1a: choice band toxic\n|-supereffective|p1a: choice band toxic\n|-end|p1a: choice band toxic|Substitute\n|\n|upkeep\n|turn|7\n|\n|t:|1700423597\n|move|p1a: choice band toxic|Fiery Dance|p2a: Tornadus\n|-damage|p2a: Tornadus|0 fnt\n|faint|p2a: Tornadus\n|\n|upkeep\n|\n|t:|1700423601\n|switch|p2a: Scyther|Scyther, M|100\/100\n|turn|8\n|\n|t:|1700423605\n|-terastallize|p2a: Scyther|Flying\n|move|p1a: choice band toxic|Fiery Dance|p2a: Scyther\n|-damage|p2a: Scyther|0 fnt\n|faint|p2a: Scyther\n|\n|upkeep\n|c|\u2606koodagameplay|lol gg\n|\n|t:|1700423614\n|switch|p2a: Kingambit|Kingambit, M|100\/100\n|-activate|p2a: Kingambit|ability: Supreme Overlord\n|-start|p2a: Kingambit|fallen4|[silent]\n|turn|9\n|c|\u2606PsiKowboj|gambit can still win D:\n|\n|t:|1700423622\n|move|p2a: Kingambit|Sucker Punch||[still]\n|-fail|p2a: Kingambit\n|move|p1a: choice band toxic|Substitute|p1a: choice band toxic\n|-start|p1a: choice band toxic|Substitute\n|-damage|p1a: choice band toxic|1\/100\n|\n|upkeep\n|turn|10\n|c|\u2606PsiKowboj|or not\n|c|\u2606koodagameplay|nah\n|c|\u2606PsiKowboj|ggwp\n|\n|t:|1700423628\n|move|p1a: choice band toxic|Fiery Dance|p2a: Kingambit\n|-supereffective|p2a: Kingambit\n|-enditem|p2a: Kingambit|Focus Sash\n|-damage|p2a: Kingambit|1\/100\n|-boost|p1a: choice band toxic|spa|1\n|move|p2a: Kingambit|Iron Head|p1a: choice band toxic\n|-end|p1a: choice band toxic|Substitute\n|\n|upkeep\n|turn|11\n|c|\u2606PsiKowboj|YOOOOOOOOOOO\n|c|\u2606PsiKowboj|sash gambit is crazy\n|\n|t:|1700423642\n|move|p2a: Kingambit|Sucker Punch|p1a: choice band toxic\n|-damage|p1a: choice band toxic|0 fnt\n|faint|p1a: choice band toxic\n|-end|p1a: choice band toxic|Quark Drive|[silent]\n|\n|upkeep\n|\n|t:|1700423647\n|switch|p1a: choice scarf rocks|Torkoal, F|100\/100\n|-activate|p1a: choice scarf rocks|move: Sticky Web\n|-unboost|p1a: choice scarf rocks|spe|1\n|-weather|SunnyDay|[from] ability: Drought|[of] p1a: choice scarf rocks\n|turn|12\n|c|\u2606koodagameplay|gg now\n|c|\u2606PsiKowboj|yeah\n|\n|t:|1700423658\n|switch|p1a: good tooth|Great Tusk|100\/100\n|-activate|p1a: good tooth|move: Sticky Web\n|-unboost|p1a: good tooth|spe|1\n|-activate|p1a: good tooth|ability: Protosynthesis\n|-start|p1a: good tooth|protosynthesisdef\n|move|p2a: Kingambit|Poison Jab|p1a: good tooth\n|-resisted|p1a: good tooth\n|-damage|p1a: good tooth|93\/100\n|-damage|p2a: Kingambit|0 fnt|[from] item: Rocky Helmet|[of] p1a: good tooth\n|faint|p2a: Kingambit\n|-end|p2a: Kingambit|fallen4|[silent]\n|\n|-weather|SunnyDay|[upkeep]\n|upkeep\n|c|\u2606PsiKowboj|maybe rabbit wins\n|\n|t:|1700423668\n|switch|p2a: Cinderace|Cinderace, M|100\/100\n|turn|13\n|c|\u2606koodagameplay|nah\n|\n|t:|1700423678\n|move|p2a: Cinderace|Flame Charge|p1a: good tooth\n|-damage|p1a: good tooth|80\/100\n|-boost|p2a: Cinderace|spe|1\n|-damage|p2a: Cinderace|84\/100|[from] item: Rocky Helmet|[of] p1a: good tooth\n|move|p1a: good tooth|Rapid Spin|p2a: Cinderace\n|-damage|p2a: Cinderace|64\/100\n|-boost|p1a: good tooth|spe|1\n|-sideend|p1: PsiKowboj|Sticky Web|[from] move: Rapid Spin|[of] p1a: good tooth\n|\n|-weather|SunnyDay|[upkeep]\n|-status|p2a: Cinderace|tox|[from] item: Toxic Orb\n|upkeep\n|turn|14\n|c|\u2606PsiKowboj|all crits and you win\n|c|\u2606PsiKowboj|bro what are your sets\n|c|\u2606PsiKowboj|like actaully\n|inactive|PsiKowboj has 120 seconds left.\n|\n|t:|1700423710\n|move|p2a: Cinderace|Facade|p1a: good tooth\n|-start|p2a: Cinderace|typechange|Normal|[from] ability: Libero\n|-damage|p1a: good tooth|54\/100\n|-damage|p2a: Cinderace|47\/100 tox|[from] item: Rocky Helmet|[of] p1a: good tooth\n|move|p1a: good tooth|Earthquake|p2a: Cinderace\n|-damage|p2a: Cinderace|0 fnt\n|faint|p2a: Cinderace\n|\n|win|PsiKowboj\n|n|\u2606PsiKowboj|psikowboj\n|n|\u2606koodagameplay|koodagameplay\n|c|\u2606PsiKowboj|gg\n|c|\u2606koodagameplay|gg\n","uploadtime":1700423717,"views":18,"p1id":"psikowboj","p2id":"koodagameplay","formatid":"gen9ou","rating":0,"private":0,"password":""}