{"id":"gen9ou-1999655107","p1":"caimanvert","p2":"HTheBoss00","format":"[Gen 9] OU","log":"|j|\u2606caimanvert\n|j|\u2606HTheBoss00\n|t:|1701105017\n|gametype|singles\n|player|p1|caimanvert|biker-gen4|1201\n|player|p2|HTheBoss00|102|1221\n|teamsize|p1|6\n|teamsize|p2|6\n|gen|9\n|tier|[Gen 9] OU\n|rated|\n|rule|Sleep Clause Mod: Limit one foe put to sleep\n|rule|Species Clause: Limit one of each Pok\u00e9mon\n|rule|OHKO Clause: OHKO moves are banned\n|rule|Evasion Items Clause: Evasion items are banned\n|rule|Evasion Moves Clause: Evasion moves are banned\n|rule|Endless Battle Clause: Forcing endless battles is banned\n|rule|HP Percentage Mod: HP is shown in percentages\n|clearpoke\n|poke|p1|Kingambit, M|\n|poke|p1|Ogerpon-Wellspring, F|\n|poke|p1|Clefable, F|\n|poke|p1|Great Tusk|\n|poke|p1|Slowking-Galar, M|\n|poke|p1|Enamorus, F|\n|poke|p2|Toxapex, F|\n|poke|p2|Landorus-Therian, M|\n|poke|p2|Blissey, F|\n|poke|p2|Gholdengo|\n|poke|p2|Alomomola, F|\n|poke|p2|Clodsire, F|\n|teampreview\n|inactive|Battle timer is ON: inactive players will automatically lose when time's up. (requested by HTheBoss00)\n|\n|t:|1701105025\n|start\n|switch|p1a: Slowking|Slowking-Galar, M|100\/100\n|switch|p2a: Landorus|Landorus-Therian, M|100\/100\n|-ability|p2a: Landorus|Intimidate|boost\n|-unboost|p1a: Slowking|atk|1\n|turn|1\n|\n|t:|1701105037\n|move|p2a: Landorus|Stealth Rock|p1a: Slowking\n|-sidestart|p1: caimanvert|move: Stealth Rock\n|move|p1a: Slowking|Future Sight|p2a: Landorus\n|-start|p1a: Slowking|move: Future Sight\n|\n|upkeep\n|turn|2\n|\n|t:|1701105041\n|move|p2a: Landorus|U-turn|p1a: Slowking\n|-damage|p1a: Slowking|78\/100\n|\n|t:|1701105046\n|switch|p2a: Gholdengo|Gholdengo|100\/100|[from] U-turn\n|move|p1a: Slowking|Surf|p2a: Gholdengo\n|-damage|p2a: Gholdengo|76\/100\n|\n|-heal|p2a: Gholdengo|83\/100|[from] item: Leftovers\n|upkeep\n|turn|3\n|\n|t:|1701105054\n|move|p2a: Gholdengo|Thunder Wave|p1a: Slowking\n|-status|p1a: Slowking|par\n|cant|p1a: Slowking|par\n|\n|-end|p2a: Gholdengo|move: Future Sight\n|-resisted|p2a: Gholdengo\n|-damage|p2a: Gholdengo|59\/100\n|-heal|p2a: Gholdengo|66\/100|[from] item: Leftovers\n|upkeep\n|turn|4\n|\n|t:|1701105064\n|move|p2a: Gholdengo|Nasty Plot|p2a: Gholdengo\n|-boost|p2a: Gholdengo|spa|2\n|move|p1a: Slowking|Flamethrower|p2a: Gholdengo\n|-supereffective|p2a: Gholdengo\n|-damage|p2a: Gholdengo|19\/100\n|\n|-heal|p2a: Gholdengo|25\/100|[from] item: Leftovers\n|upkeep\n|turn|5\n|\n|t:|1701105078\n|move|p2a: Gholdengo|Recover|p2a: Gholdengo\n|-heal|p2a: Gholdengo|75\/100\n|move|p1a: Slowking|Flamethrower|p2a: Gholdengo\n|-supereffective|p2a: Gholdengo\n|-damage|p2a: Gholdengo|24\/100\n|\n|-heal|p2a: Gholdengo|30\/100|[from] item: Leftovers\n|upkeep\n|turn|6\n|\n|t:|1701105085\n|move|p2a: Gholdengo|Hex|p1a: Slowking\n|-supereffective|p1a: Slowking\n|-damage|p1a: Slowking|0 fnt\n|faint|p1a: Slowking\n|\n|-heal|p2a: Gholdengo|36\/100|[from] item: Leftovers\n|upkeep\n|\n|t:|1701105093\n|switch|p1a: Enamorus|Enamorus, F|100\/100\n|-damage|p1a: Enamorus|76\/100|[from] Stealth Rock\n|turn|7\n|\n|t:|1701105106\n|move|p1a: Enamorus|Mystical Fire|p2a: Gholdengo\n|-supereffective|p2a: Gholdengo\n|-damage|p2a: Gholdengo|0 fnt\n|faint|p2a: Gholdengo\n|\n|upkeep\n|\n|t:|1701105111\n|switch|p2a: Toxapex|Toxapex, F|100\/100\n|turn|8\n|\n|t:|1701105117\n|switch|p1a: balemasque|Ogerpon-Wellspring, F|100\/100\n|-damage|p1a: balemasque|88\/100|[from] Stealth Rock\n|move|p2a: Toxapex|Infestation|p1a: balemasque\n|-supereffective|p1a: balemasque\n|-damage|p1a: balemasque|82\/100\n|-activate|p1a: balemasque|move: Infestation|[of] p2a: Toxapex\n|\n|-damage|p1a: balemasque|69\/100|[from] move: Infestation|[partiallytrapped]\n|upkeep\n|turn|9\n|\n|t:|1701105126\n|move|p1a: balemasque|Knock Off|p2a: Toxapex\n|-damage|p2a: Toxapex|76\/100\n|-enditem|p2a: Toxapex|Leftovers|[from] move: Knock Off|[of] p1a: balemasque\n|move|p2a: Toxapex|Toxic|p1a: balemasque\n|-status|p1a: balemasque|tox\n|\n|-damage|p1a: balemasque|63\/100 tox|[from] psn\n|-damage|p1a: balemasque|51\/100 tox|[from] move: Infestation|[partiallytrapped]\n|upkeep\n|turn|10\n|\n|t:|1701105136\n|move|p1a: balemasque|Power Whip|p2a: Toxapex\n|-damage|p2a: Toxapex|31\/100\n|move|p2a: Toxapex|Recover|p2a: Toxapex\n|-heal|p2a: Toxapex|81\/100\n|\n|-damage|p1a: balemasque|39\/100 tox|[from] psn\n|-damage|p1a: balemasque|27\/100 tox|[from] move: Infestation|[partiallytrapped]\n|upkeep\n|turn|11\n|\n|t:|1701105145\n|move|p1a: balemasque|Power Whip|p2a: Toxapex\n|-damage|p2a: Toxapex|36\/100\n|move|p2a: Toxapex|Recover|p2a: Toxapex\n|-heal|p2a: Toxapex|86\/100\n|\n|-damage|p1a: balemasque|9\/100 tox|[from] psn\n|-damage|p1a: balemasque|0 fnt|[from] move: Infestation|[partiallytrapped]\n|faint|p1a: balemasque\n|upkeep\n|\n|t:|1701105157\n|switch|p1a: Enamorus|Enamorus, F|76\/100\n|-damage|p1a: Enamorus|51\/100|[from] Stealth Rock\n|turn|12\n|\n|t:|1701105162\n|move|p1a: Enamorus|Earth Power|p2a: Toxapex\n|-supereffective|p2a: Toxapex\n|-damage|p2a: Toxapex|34\/100\n|move|p2a: Toxapex|Infestation|p1a: Enamorus\n|-resisted|p1a: Enamorus\n|-damage|p1a: Enamorus|50\/100\n|-activate|p1a: Enamorus|move: Infestation|[of] p2a: Toxapex\n|\n|-damage|p1a: Enamorus|37\/100|[from] move: Infestation|[partiallytrapped]\n|upkeep\n|turn|13\n|\n|t:|1701105170\n|switch|p2a: Landorus|Landorus-Therian, M|100\/100\n|-ability|p2a: Landorus|Intimidate|boost\n|-boost|p1a: Enamorus|atk|1\n|move|p1a: Enamorus|Earth Power|p2a: Landorus\n|-immune|p2a: Landorus\n|\n|-end|p1a: Enamorus|Infestation|[partiallytrapped]|[silent]\n|upkeep\n|turn|14\n|\n|t:|1701105179\n|switch|p1a: Great Tusk|Great Tusk|100\/100\n|-damage|p1a: Great Tusk|98\/100|[from] Stealth Rock\n|move|p2a: Landorus|U-turn|p1a: Great Tusk\n|-resisted|p1a: Great Tusk\n|-crit|p1a: Great Tusk\n|-damage|p1a: Great Tusk|90\/100\n|\n|t:|1701105186\n|switch|p2a: Alomomola|Alomomola, F|100\/100|[from] U-turn\n|\n|-heal|p1a: Great Tusk|96\/100|[from] item: Leftovers\n|upkeep\n|turn|15\n|\n|t:|1701105194\n|move|p1a: Great Tusk|Rapid Spin|p2a: Alomomola\n|-damage|p2a: Alomomola|93\/100\n|-boost|p1a: Great Tusk|spe|1\n|-sideend|p1: caimanvert|Stealth Rock|[from] move: Rapid Spin|[of] p1a: Great Tusk\n|move|p2a: Alomomola|Whirlpool|p1a: Great Tusk\n|-supereffective|p1a: Great Tusk\n|-damage|p1a: Great Tusk|81\/100\n|-activate|p1a: Great Tusk|move: Whirlpool|[of] p2a: Alomomola\n|\n|-heal|p1a: Great Tusk|87\/100|[from] item: Leftovers\n|-damage|p1a: Great Tusk|74\/100|[from] move: Whirlpool|[partiallytrapped]\n|upkeep\n|turn|16\n|\n|t:|1701105207\n|move|p1a: Great Tusk|Knock Off|p2a: Alomomola\n|-damage|p2a: Alomomola|77\/100\n|-enditem|p2a: Alomomola|Heavy-Duty Boots|[from] move: Knock Off|[of] p1a: Great Tusk\n|move|p2a: Alomomola|Chilling Water|p1a: Great Tusk\n|-supereffective|p1a: Great Tusk\n|-damage|p1a: Great Tusk|51\/100\n|-unboost|p1a: Great Tusk|atk|1\n|\n|-heal|p1a: Great Tusk|57\/100|[from] item: Leftovers\n|-damage|p1a: Great Tusk|45\/100|[from] move: Whirlpool|[partiallytrapped]\n|upkeep\n|turn|17\n|\n|t:|1701105229\n|move|p1a: Great Tusk|Knock Off|p2a: Alomomola\n|-damage|p2a: Alomomola|71\/100\n|move|p2a: Alomomola|Wish|p2a: Alomomola\n|\n|-heal|p1a: Great Tusk|51\/100|[from] item: Leftovers\n|-damage|p1a: Great Tusk|39\/100|[from] move: Whirlpool|[partiallytrapped]\n|upkeep\n|turn|18\n|\n|t:|1701105237\n|move|p1a: Great Tusk|Stealth Rock|p2a: Alomomola\n|-sidestart|p2: HTheBoss00|move: Stealth Rock\n|move|p2a: Alomomola|Chilling Water|p1a: Great Tusk\n|-supereffective|p1a: Great Tusk\n|-damage|p1a: Great Tusk|15\/100\n|-unboost|p1a: Great Tusk|atk|1\n|\n|-heal|p2a: Alomomola|100\/100|[from] move: Wish|[wisher] Alomomola\n|-heal|p1a: Great Tusk|21\/100|[from] item: Leftovers\n|-damage|p1a: Great Tusk|9\/100|[from] move: Whirlpool|[partiallytrapped]\n|upkeep\n|turn|19\n|\n|t:|1701105251\n|move|p1a: Great Tusk|Earthquake|p2a: Alomomola\n|-damage|p2a: Alomomola|89\/100\n|move|p2a: Alomomola|Chilling Water|p1a: Great Tusk\n|-supereffective|p1a: Great Tusk\n|-damage|p1a: Great Tusk|0 fnt\n|faint|p1a: Great Tusk\n|-end|p1a: Great Tusk|Protosynthesis|[silent]\n|\n|upkeep\n|\n|t:|1701105260\n|switch|p1a: Enamorus|Enamorus, F|37\/100\n|turn|20\n|\n|t:|1701105274\n|move|p1a: Enamorus|Moonblast|p2a: Alomomola\n|-damage|p2a: Alomomola|26\/100\n|move|p2a: Alomomola|Whirlpool|p1a: Enamorus\n|-damage|p1a: Enamorus|29\/100\n|-activate|p1a: Enamorus|move: Whirlpool|[of] p2a: Alomomola\n|\n|-damage|p1a: Enamorus|16\/100|[from] move: Whirlpool|[partiallytrapped]\n|upkeep\n|turn|21\n|\n|t:|1701105285\n|move|p2a: Alomomola|Protect|p2a: Alomomola\n|-singleturn|p2a: Alomomola|Protect\n|move|p1a: Enamorus|Moonblast|p2a: Alomomola\n|-activate|p2a: Alomomola|move: Protect\n|\n|-damage|p1a: Enamorus|4\/100|[from] move: Whirlpool|[partiallytrapped]\n|upkeep\n|turn|22\n|\n|t:|1701105298\n|switch|p2a: Blissey|Blissey, F|100\/100\n|move|p1a: Enamorus|Moonblast|p2a: Blissey\n|-damage|p2a: Blissey|85\/100\n|\n|-end|p1a: Enamorus|Whirlpool|[partiallytrapped]|[silent]\n|upkeep\n|turn|23\n|\n|t:|1701105310\n|switch|p1a: Clefable|Clefable, F|100\/100\n|move|p2a: Blissey|Seismic Toss|p1a: Clefable\n|-damage|p1a: Clefable|75\/100\n|\n|-heal|p1a: Clefable|81\/100|[from] item: Leftovers\n|upkeep\n|turn|24\n|\n|t:|1701105323\n|move|p1a: Clefable|Wish|p1a: Clefable\n|move|p2a: Blissey|Calm Mind|p2a: Blissey\n|-boost|p2a: Blissey|spa|1\n|-boost|p2a: Blissey|spd|1\n|\n|-heal|p1a: Clefable|87\/100|[from] item: Leftovers\n|upkeep\n|turn|25\n|\n|t:|1701105331\n|move|p1a: Clefable|Thunder Wave|p2a: Blissey\n|-status|p2a: Blissey|par\n|move|p2a: Blissey|Seismic Toss|p1a: Clefable\n|-damage|p1a: Clefable|62\/100\n|\n|-heal|p1a: Clefable|100\/100|[from] move: Wish|[wisher] Clefable\n|upkeep\n|turn|26\n|\n|t:|1701105340\n|move|p1a: Clefable|Wish|p1a: Clefable\n|move|p2a: Blissey|Heal Bell|p2a: Blissey\n|-activate|p2a: Blissey|move: Heal Bell\n|-curestatus|p2a: Blissey|par|[msg]\n|\n|upkeep\n|turn|27\n|\n|t:|1701105347\n|move|p1a: Clefable|Thunder Wave|p2a: Blissey\n|-status|p2a: Blissey|par\n|move|p2a: Blissey|Soft-Boiled|p2a: Blissey\n|-heal|p2a: Blissey|100\/100 par\n|\n|upkeep\n|turn|28\n|\n|t:|1701105354\n|move|p1a: Clefable|Wish|p1a: Clefable\n|move|p2a: Blissey|Heal Bell|p2a: Blissey\n|-activate|p2a: Blissey|move: Heal Bell\n|-curestatus|p2a: Blissey|par|[msg]\n|\n|upkeep\n|turn|29\n|\n|t:|1701105364\n|switch|p1a: Enamorus|Enamorus, F|4\/100\n|move|p2a: Blissey|Seismic Toss|p1a: Enamorus\n|-damage|p1a: Enamorus|0 fnt\n|faint|p1a: Enamorus\n|\n|upkeep\n|\n|t:|1701105370\n|switch|p1a: Kingambit|Kingambit, M|100\/100\n|-activate|p1a: Kingambit|ability: Supreme Overlord\n|-start|p1a: Kingambit|fallen4|[silent]\n|turn|30\n|\n|t:|1701105384\n|-end|p1a: Kingambit|fallen4|[silent]\n|switch|p1a: Clefable|Clefable, F|100\/100\n|move|p2a: Blissey|Seismic Toss|p1a: Clefable\n|-damage|p1a: Clefable|75\/100\n|\n|-heal|p1a: Clefable|81\/100|[from] item: Leftovers\n|upkeep\n|turn|31\n|\n|t:|1701105393\n|move|p1a: Clefable|Moonblast|p2a: Blissey\n|-damage|p2a: Blissey|90\/100\n|-unboost|p2a: Blissey|spa|1\n|move|p2a: Blissey|Seismic Toss|p1a: Clefable\n|-damage|p1a: Clefable|56\/100\n|\n|-heal|p1a: Clefable|62\/100|[from] item: Leftovers\n|upkeep\n|turn|32\n|\n|t:|1701105402\n|move|p1a: Clefable|Wish|p1a: Clefable\n|move|p2a: Blissey|Seismic Toss|p1a: Clefable\n|-damage|p1a: Clefable|37\/100\n|\n|-heal|p1a: Clefable|43\/100|[from] item: Leftovers\n|upkeep\n|turn|33\n|\n|t:|1701105409\n|switch|p2a: Landorus|Landorus-Therian, M|100\/100\n|-damage|p2a: Landorus|88\/100|[from] Stealth Rock\n|-ability|p2a: Landorus|Intimidate|boost\n|-unboost|p1a: Clefable|atk|1\n|move|p1a: Clefable|Protect||[still]\n|-fail|p1a: Clefable\n|\n|-heal|p1a: Clefable|93\/100|[from] move: Wish|[wisher] Clefable\n|-heal|p2a: Landorus|94\/100|[from] item: Leftovers\n|-heal|p1a: Clefable|99\/100|[from] item: Leftovers\n|upkeep\n|turn|34\n|\n|t:|1701105423\n|move|p2a: Landorus|Stealth Rock|p1a: Clefable\n|-sidestart|p1: caimanvert|move: Stealth Rock\n|move|p1a: Clefable|Moonblast|p2a: Landorus\n|-damage|p2a: Landorus|61\/100\n|-unboost|p2a: Landorus|spa|1\n|\n|-heal|p2a: Landorus|67\/100|[from] item: Leftovers\n|-heal|p1a: Clefable|100\/100|[from] item: Leftovers\n|upkeep\n|turn|35\n|\n|t:|1701105431\n|move|p2a: Landorus|U-turn|p1a: Clefable\n|-resisted|p1a: Clefable\n|-damage|p1a: Clefable|92\/100\n|\n|t:|1701105435\n|switch|p2a: Alomomola|Alomomola, F|59\/100|[from] U-turn\n|-damage|p2a: Alomomola|47\/100|[from] Stealth Rock\n|move|p1a: Clefable|Moonblast|p2a: Alomomola\n|-damage|p2a: Alomomola|7\/100\n|\n|-heal|p1a: Clefable|98\/100|[from] item: Leftovers\n|upkeep\n|turn|36\n|\n|t:|1701105444\n|switch|p2a: Toxapex|Toxapex, F|67\/100\n|-damage|p2a: Toxapex|54\/100|[from] Stealth Rock\n|move|p1a: Clefable|Moonblast|p2a: Toxapex\n|-resisted|p2a: Toxapex\n|-damage|p2a: Toxapex|42\/100\n|\n|-heal|p1a: Clefable|100\/100|[from] item: Leftovers\n|upkeep\n|turn|37\n|\n|t:|1701105457\n|switch|p1a: Kingambit|Kingambit, M|100\/100\n|-damage|p1a: Kingambit|94\/100|[from] Stealth Rock\n|-activate|p1a: Kingambit|ability: Supreme Overlord\n|-start|p1a: Kingambit|fallen4|[silent]\n|move|p2a: Toxapex|Toxic|p1a: Kingambit\n|-immune|p1a: Kingambit\n|\n|-heal|p1a: Kingambit|100\/100|[from] item: Leftovers\n|upkeep\n|turn|38\n|\n|t:|1701105469\n|move|p1a: Kingambit|Kowtow Cleave|p2a: Toxapex\n|-damage|p2a: Toxapex|0 fnt\n|faint|p2a: Toxapex\n|\n|upkeep\n|\n|t:|1701105479\n|switch|p2a: Landorus|Landorus-Therian, M|67\/100\n|-damage|p2a: Landorus|55\/100|[from] Stealth Rock\n|-ability|p2a: Landorus|Intimidate|boost\n|-unboost|p1a: Kingambit|atk|1\n|turn|39\n|\n|t:|1701105486\n|-end|p1a: Kingambit|fallen4|[silent]\n|switch|p1a: Clefable|Clefable, F|100\/100\n|-damage|p1a: Clefable|88\/100|[from] Stealth Rock\n|move|p2a: Landorus|Earthquake|p1a: Clefable\n|-damage|p1a: Clefable|55\/100\n|\n|-heal|p2a: Landorus|61\/100|[from] item: Leftovers\n|-heal|p1a: Clefable|61\/100|[from] item: Leftovers\n|upkeep\n|turn|40\n|\n|t:|1701105509\n|move|p2a: Landorus|U-turn|p1a: Clefable\n|-resisted|p1a: Clefable\n|-damage|p1a: Clefable|53\/100\n|\n|t:|1701105518\n|switch|p2a: Clodsire|Clodsire, F|100\/100|[from] U-turn\n|-damage|p2a: Clodsire|94\/100|[from] Stealth Rock\n|move|p1a: Clefable|Moonblast|p2a: Clodsire\n|-resisted|p2a: Clodsire\n|-damage|p2a: Clodsire|86\/100\n|\n|-heal|p1a: Clefable|59\/100|[from] item: Leftovers\n|-heal|p2a: Clodsire|92\/100|[from] item: Leftovers\n|upkeep\n|turn|41\n|\n|t:|1701105529\n|move|p1a: Clefable|Wish|p1a: Clefable\n|move|p2a: Clodsire|Spikes|p1a: Clefable\n|-sidestart|p1: caimanvert|Spikes\n|\n|-heal|p1a: Clefable|65\/100|[from] item: Leftovers\n|-heal|p2a: Clodsire|98\/100|[from] item: Leftovers\n|upkeep\n|turn|42\n|\n|t:|1701105540\n|move|p1a: Clefable|Moonblast|p2a: Clodsire\n|-resisted|p2a: Clodsire\n|-damage|p2a: Clodsire|90\/100\n|move|p2a: Clodsire|Spikes|p1a: Clefable\n|-sidestart|p1: caimanvert|Spikes\n|\n|-heal|p1a: Clefable|100\/100|[from] move: Wish|[wisher] Clefable\n|-heal|p2a: Clodsire|96\/100|[from] item: Leftovers\n|upkeep\n|turn|43\n|\n|t:|1701105548\n|move|p1a: Clefable|Wish|p1a: Clefable\n|move|p2a: Clodsire|Spikes|p1a: Clefable\n|-sidestart|p1: caimanvert|Spikes\n|\n|-heal|p2a: Clodsire|100\/100|[from] item: Leftovers\n|upkeep\n|turn|44\n|\n|t:|1701105556\n|switch|p1a: Kingambit|Kingambit, M|100\/100\n|-damage|p1a: Kingambit|94\/100|[from] Stealth Rock\n|-damage|p1a: Kingambit|70\/100|[from] Spikes\n|-activate|p1a: Kingambit|ability: Supreme Overlord\n|-start|p1a: Kingambit|fallen4|[silent]\n|move|p2a: Clodsire|Earthquake|p1a: Kingambit\n|-supereffective|p1a: Kingambit\n|-damage|p1a: Kingambit|27\/100\n|\n|-heal|p1a: Kingambit|81\/100|[from] move: Wish|[wisher] Clefable\n|-heal|p1a: Kingambit|87\/100|[from] item: Leftovers\n|upkeep\n|turn|45\n|\n|t:|1701105579\n|switch|p2a: Landorus|Landorus-Therian, M|61\/100\n|-damage|p2a: Landorus|49\/100|[from] Stealth Rock\n|-ability|p2a: Landorus|Intimidate|boost\n|-unboost|p1a: Kingambit|atk|1\n|-terastallize|p1a: Kingambit|Flying\n|move|p1a: Kingambit|Kowtow Cleave|p2a: Landorus\n|-damage|p2a: Landorus|16\/100\n|\n|-heal|p2a: Landorus|22\/100|[from] item: Leftovers\n|-heal|p1a: Kingambit|93\/100|[from] item: Leftovers\n|upkeep\n|turn|46\n|\n|t:|1701105595\n|move|p1a: Kingambit|Sucker Punch|p2a: Landorus\n|-damage|p2a: Landorus|0 fnt\n|faint|p2a: Landorus\n|\n|-heal|p1a: Kingambit|99\/100|[from] item: Leftovers\n|upkeep\n|inactive|HTheBoss00 has 120 seconds left.\n|\n|t:|1701105609\n|switch|p2a: Alomomola|Alomomola, F|40\/100\n|-damage|p2a: Alomomola|28\/100|[from] Stealth Rock\n|turn|47\n|\n|t:|1701105619\n|move|p2a: Alomomola|Protect|p2a: Alomomola\n|-singleturn|p2a: Alomomola|Protect\n|move|p1a: Kingambit|Sucker Punch||[still]\n|-fail|p1a: Kingambit\n|\n|-heal|p1a: Kingambit|100\/100|[from] item: Leftovers\n|upkeep\n|turn|48\n|\n|t:|1701105632\n|switch|p2a: Blissey|Blissey, F|90\/100\n|move|p1a: Kingambit|Swords Dance|p1a: Kingambit\n|-boost|p1a: Kingambit|atk|2\n|\n|upkeep\n|turn|49\n|\n|t:|1701105646\n|move|p1a: Kingambit|Iron Head|p2a: Blissey\n|-damage|p2a: Blissey|0 fnt\n|faint|p2a: Blissey\n|\n|upkeep\n|\n|t:|1701105654\n|switch|p2a: Alomomola|Alomomola, F|61\/100\n|-damage|p2a: Alomomola|49\/100|[from] Stealth Rock\n|turn|50\n|\n|t:|1701105665\n|move|p1a: Kingambit|Kowtow Cleave|p2a: Alomomola\n|-damage|p2a: Alomomola|0 fnt\n|faint|p2a: Alomomola\n|\n|upkeep\n|-message|HTheBoss00 forfeited.\n|\n|win|caimanvert\n|raw|caimanvert's rating: 1201 &rarr; <strong>1227<\/strong><br \/>(+26 for winning)\n|raw|HTheBoss00's rating: 1221 &rarr; <strong>1195<\/strong><br \/>(-26 for losing)\n|l|\u2606HTheBoss00\n","uploadtime":1701105678,"views":2,"p1id":"caimanvert","p2id":"htheboss00","formatid":"gen9ou","rating":1195,"private":0,"password":""}