{"id":"gen9ou-1997330087","p1":"Swizzo12","p2":"tenouttaten123","format":"[Gen 9] OU","log":"|j|\u2606Swizzo12\n|j|\u2606tenouttaten123\n|t:|1700790219\n|gametype|singles\n|player|p1|Swizzo12|266|1475\n|player|p2|tenouttaten123|2|1620\n|teamsize|p1|6\n|teamsize|p2|6\n|gen|9\n|tier|[Gen 9] OU\n|rated|\n|rule|Sleep Clause Mod: Limit one foe put to sleep\n|rule|Species Clause: Limit one of each Pok\u00e9mon\n|rule|OHKO Clause: OHKO moves are banned\n|rule|Evasion Items Clause: Evasion items are banned\n|rule|Evasion Moves Clause: Evasion moves are banned\n|rule|Endless Battle Clause: Forcing endless battles is banned\n|rule|HP Percentage Mod: HP is shown in percentages\n|clearpoke\n|poke|p1|Lucario, F|\n|poke|p1|Landorus-Therian, M|\n|poke|p1|Zapdos|\n|poke|p1|Walking Wake|\n|poke|p1|Ceruledge, F|\n|poke|p1|Tyranitar, M|\n|poke|p2|Dragonite, F|\n|poke|p2|Landorus-Therian, M|\n|poke|p2|Garchomp, M|\n|poke|p2|Manaphy|\n|poke|p2|Tinkaton, F|\n|poke|p2|Tyranitar, F|\n|teampreview\n|\n|t:|1700790238\n|start\n|switch|p1a: Landorus|Landorus-Therian, M|100\/100\n|switch|p2a: Garchomp|Garchomp, M|100\/100\n|-ability|p1a: Landorus|Intimidate|boost\n|-unboost|p2a: Garchomp|atk|1\n|turn|1\n|\n|t:|1700790242\n|move|p1a: Landorus|Earthquake|p2a: Garchomp\n|-damage|p2a: Garchomp|46\/100\n|move|p2a: Garchomp|Draco Meteor|p1a: Landorus\n|-damage|p1a: Landorus|14\/100\n|-unboost|p2a: Garchomp|spa|2\n|-damage|p2a: Garchomp|36\/100|[from] item: Life Orb\n|\n|upkeep\n|turn|2\n|\n|t:|1700790248\n|switch|p2a: Landorus|Landorus-Therian, M|100\/100\n|-ability|p2a: Landorus|Intimidate|boost\n|-unboost|p1a: Landorus|atk|1\n|move|p1a: Landorus|Earthquake|p2a: Landorus\n|-immune|p2a: Landorus\n|\n|upkeep\n|turn|3\n|\n|t:|1700790250\n|switch|p1a: Zapdos|Zapdos|100\/100\n|move|p2a: Landorus|U-turn|p1a: Zapdos\n|-resisted|p1a: Zapdos\n|-damage|p1a: Zapdos|85\/100\n|\n|t:|1700790255\n|switch|p2a: Garchomp|Garchomp, M|36\/100|[from] U-turn\n|\n|upkeep\n|turn|4\n|\n|t:|1700790260\n|move|p2a: Garchomp|Spikes|p1a: Zapdos\n|-sidestart|p1: Swizzo12|Spikes\n|move|p1a: Zapdos|Hurricane|p2a: Garchomp|[miss]\n|-miss|p1a: Zapdos|p2a: Garchomp\n|\n|upkeep\n|turn|5\n|\n|t:|1700790263\n|move|p2a: Garchomp|Spikes|p1a: Zapdos\n|-sidestart|p1: Swizzo12|Spikes\n|move|p1a: Zapdos|Hurricane|p2a: Garchomp\n|-damage|p2a: Garchomp|0 fnt\n|faint|p2a: Garchomp\n|\n|upkeep\n|\n|t:|1700790269\n|switch|p2a: Tyranitar|Tyranitar, F|100\/100\n|-weather|Sandstorm|[from] ability: Sand Stream|[of] p2a: Tyranitar\n|turn|6\n|\n|t:|1700790271\n|move|p1a: Zapdos|Volt Switch|p2a: Tyranitar\n|-damage|p2a: Tyranitar|76\/100\n|\n|t:|1700790274\n|switch|p1a: Landorus|Landorus-Therian, M|14\/100|[from] Volt Switch\n|-ability|p1a: Landorus|Intimidate|boost\n|-unboost|p2a: Tyranitar|atk|1\n|move|p2a: Tyranitar|Ice Punch|p1a: Landorus\n|-supereffective|p1a: Landorus\n|-damage|p1a: Landorus|0 fnt\n|faint|p1a: Landorus\n|\n|-weather|Sandstorm|[upkeep]\n|upkeep\n|\n|t:|1700790281\n|switch|p1a: Lucario|Lucario, F|100\/100\n|-damage|p1a: Lucario|84\/100|[from] Spikes\n|turn|7\n|\n|t:|1700790286\n|switch|p2a: Landorus|Landorus-Therian, M|100\/100\n|-ability|p2a: Landorus|Intimidate|boost\n|-unboost|p1a: Lucario|atk|1\n|move|p1a: Lucario|Swords Dance|p1a: Lucario\n|-boost|p1a: Lucario|atk|2\n|\n|-weather|Sandstorm|[upkeep]\n|upkeep\n|turn|8\n|\n|t:|1700790290\n|move|p1a: Lucario|Extreme Speed|p2a: Landorus\n|-damage|p2a: Landorus|44\/100\n|-damage|p1a: Lucario|74\/100|[from] item: Life Orb\n|move|p2a: Landorus|Earthquake|p1a: Lucario\n|-supereffective|p1a: Lucario\n|-damage|p1a: Lucario|0 fnt\n|faint|p1a: Lucario\n|\n|-weather|Sandstorm|[upkeep]\n|upkeep\n|\n|t:|1700790300\n|switch|p1a: Zapdos|Zapdos|85\/100\n|turn|9\n|\n|t:|1700790305\n|switch|p2a: Tyranitar|Tyranitar, F|76\/100\n|move|p1a: Zapdos|Hurricane|p2a: Tyranitar\n|-resisted|p2a: Tyranitar\n|-damage|p2a: Tyranitar|56\/100\n|\n|-weather|Sandstorm|[upkeep]\n|-damage|p1a: Zapdos|79\/100|[from] Sandstorm\n|upkeep\n|turn|10\n|\n|t:|1700790311\n|move|p1a: Zapdos|Volt Switch|p2a: Tyranitar\n|-damage|p2a: Tyranitar|32\/100\n|\n|t:|1700790313\n|switch|p1a: Tyranitar|Tyranitar, M|100\/100|[from] Volt Switch\n|-damage|p1a: Tyranitar|84\/100|[from] Spikes\n|move|p2a: Tyranitar|Stone Edge|p1a: Tyranitar|[miss]\n|-miss|p2a: Tyranitar|p1a: Tyranitar\n|\n|-weather|none\n|-heal|p1a: Tyranitar|90\/100|[from] item: Leftovers\n|upkeep\n|turn|11\n|\n|t:|1700790322\n|move|p2a: Tyranitar|Stone Edge|p1a: Tyranitar\n|-damage|p1a: Tyranitar|27\/100\n|move|p1a: Tyranitar|Stealth Rock|p2a: Tyranitar\n|-sidestart|p2: tenouttaten123|move: Stealth Rock\n|\n|-heal|p1a: Tyranitar|33\/100|[from] item: Leftovers\n|upkeep\n|turn|12\n|\n|t:|1700790327\n|move|p2a: Tyranitar|Stone Edge|p1a: Tyranitar\n|-damage|p1a: Tyranitar|0 fnt\n|faint|p1a: Tyranitar\n|\n|upkeep\n|\n|t:|1700790329\n|switch|p1a: Ceruledge|Ceruledge, F|100\/100\n|-damage|p1a: Ceruledge|84\/100|[from] Spikes\n|turn|13\n|\n|t:|1700790337\n|-terastallize|p1a: Ceruledge|Grass\n|move|p1a: Ceruledge|Tera Blast|p2a: Tyranitar|[anim] Tera Blast Grass\n|-supereffective|p2a: Tyranitar\n|-damage|p2a: Tyranitar|0 fnt\n|faint|p2a: Tyranitar\n|\n|upkeep\n|\n|t:|1700790344\n|switch|p2a: Dragonite|Dragonite, F|100\/100\n|turn|14\n|\n|t:|1700790350\n|switch|p1a: Zapdos|Zapdos|79\/100\n|-terastallize|p2a: Dragonite|Normal\n|move|p2a: Dragonite|Ice Spinner|p1a: Zapdos\n|-supereffective|p1a: Zapdos\n|-damage|p1a: Zapdos|0 fnt\n|faint|p1a: Zapdos\n|\n|upkeep\n|\n|t:|1700790357\n|switch|p1a: Walking Wake|Walking Wake|100\/100\n|-damage|p1a: Walking Wake|84\/100|[from] Spikes\n|turn|15\n|\n|t:|1700790376\n|move|p2a: Dragonite|Extreme Speed|p1a: Walking Wake\n|-damage|p1a: Walking Wake|29\/100\n|move|p1a: Walking Wake|Hydro Steam|p2a: Dragonite\n|-damage|p2a: Dragonite|68\/100\n|\n|upkeep\n|turn|16\n|\n|t:|1700790383\n|move|p2a: Dragonite|Extreme Speed|p1a: Walking Wake\n|-damage|p1a: Walking Wake|0 fnt\n|faint|p1a: Walking Wake\n|-end|p1a: Walking Wake|Protosynthesis|[silent]\n|\n|upkeep\n|\n|t:|1700790385\n|switch|p1a: Ceruledge|Ceruledge, F, tera:Grass|84\/100\n|-damage|p1a: Ceruledge|68\/100|[from] Spikes\n|turn|17\n|\n|t:|1700790387\n|move|p1a: Ceruledge|Bitter Blade|p2a: Dragonite\n|-damage|p2a: Dragonite|18\/100\n|-heal|p1a: Ceruledge|95\/100|[from] drain|[of] p2a: Dragonite\n|move|p2a: Dragonite|Ice Spinner|p1a: Ceruledge\n|-supereffective|p1a: Ceruledge\n|-damage|p1a: Ceruledge|0 fnt\n|faint|p1a: Ceruledge\n|\n|win|tenouttaten123\n|raw|Swizzo12's rating: 1475 &rarr; <strong>1463<\/strong><br \/>(-12 for losing)\n|raw|tenouttaten123's rating: 1620 &rarr; <strong>1632<\/strong><br \/>(+12 for winning)\n","uploadtime":1700790394,"views":3,"p1id":"swizzo12","p2id":"tenouttaten123","formatid":"gen9ou","rating":1463,"private":0,"password":""}