{"id":"gen9ou-1995688289","p1":"orydjinnz","p2":"Damaged_G","format":"[Gen 9] OU","log":"|j|\u2606orydjinnz\n|j|\u2606Damaged_G\n|t:|1700594072\n|gametype|singles\n|player|p1|orydjinnz|alec-anime|1399\n|player|p2|Damaged_G|darach-caitlin|1297\n|teamsize|p1|6\n|teamsize|p2|6\n|gen|9\n|tier|[Gen 9] OU\n|rated|\n|rule|Sleep Clause Mod: Limit one foe put to sleep\n|rule|Species Clause: Limit one of each Pok\u00e9mon\n|rule|OHKO Clause: OHKO moves are banned\n|rule|Evasion Items Clause: Evasion items are banned\n|rule|Evasion Moves Clause: Evasion moves are banned\n|rule|Endless Battle Clause: Forcing endless battles is banned\n|rule|HP Percentage Mod: HP is shown in percentages\n|clearpoke\n|poke|p1|Landorus-Therian, M|\n|poke|p1|Greninja-*, M|\n|poke|p1|Ogerpon-Wellspring, F|\n|poke|p1|Great Tusk|\n|poke|p1|Kingambit, M|\n|poke|p1|Cinderace, F|\n|poke|p2|Arcanine-Hisui, F|\n|poke|p2|Ribombee, F|\n|poke|p2|Gholdengo|\n|poke|p2|Quaquaval, M|\n|poke|p2|Iron Valiant|\n|poke|p2|Alomomola, F|\n|teampreview\n|inactive|Battle timer is ON: inactive players will automatically lose when time's up. (requested by orydjinnz)\n|\n|t:|1700594089\n|start\n|switch|p1a: Cinderace|Cinderace, F|100\/100\n|switch|p2a: Quaquaval|Quaquaval, M|100\/100\n|turn|1\n|\n|t:|1700594093\n|move|p1a: Cinderace|U-turn|p2a: Quaquaval\n|-start|p1a: Cinderace|typechange|Bug|[from] ability: Libero\n|-resisted|p2a: Quaquaval\n|-damage|p2a: Quaquaval|78\/100\n|\n|t:|1700594100\n|switch|p1a: Ogerpon|Ogerpon-Wellspring, F|100\/100|[from] U-turn\n|move|p2a: Quaquaval|Rapid Spin|p1a: Ogerpon\n|-damage|p1a: Ogerpon|78\/100\n|-boost|p2a: Quaquaval|spe|1\n|\n|upkeep\n|turn|2\n|\n|t:|1700594111\n|switch|p1a: Landorus|Landorus-Therian, M|100\/100\n|-ability|p1a: Landorus|Intimidate|boost\n|-unboost|p2a: Quaquaval|atk|1\n|move|p2a: Quaquaval|Close Combat|p1a: Landorus\n|-resisted|p1a: Landorus\n|-damage|p1a: Landorus|76\/100\n|-unboost|p2a: Quaquaval|def|1\n|-unboost|p2a: Quaquaval|spd|1\n|\n|upkeep\n|turn|3\n|\n|t:|1700594129\n|switch|p2a: Alomomola|Alomomola, F|100\/100\n|move|p1a: Landorus|Earthquake|p2a: Alomomola\n|-damage|p2a: Alomomola|51\/100\n|\n|upkeep\n|turn|4\n|\n|t:|1700594135\n|switch|p1a: Ogerpon|Ogerpon-Wellspring, F|78\/100\n|move|p2a: Alomomola|Wish|p2a: Alomomola\n|\n|upkeep\n|turn|5\n|\n|t:|1700594144\n|switch|p2a: Quaquaval|Quaquaval, M|78\/100\n|move|p1a: Ogerpon|Spikes|p2a: Quaquaval\n|-sidestart|p2: Damaged_G|Spikes\n|\n|-heal|p2a: Quaquaval|100\/100|[from] move: Wish|[wisher] Alomomola\n|upkeep\n|turn|6\n|\n|t:|1700594154\n|-terastallize|p2a: Quaquaval|Ghost\n|move|p1a: Ogerpon|Horn Leech|p2a: Quaquaval\n|-damage|p2a: Quaquaval|44\/100\n|-heal|p1a: Ogerpon|100\/100|[from] drain|[of] p2a: Quaquaval\n|move|p2a: Quaquaval|Rapid Spin|p1a: Ogerpon\n|-damage|p1a: Ogerpon|78\/100\n|-boost|p2a: Quaquaval|spe|1\n|-sideend|p2: Damaged_G|Spikes|[from] move: Rapid Spin|[of] p2a: Quaquaval\n|\n|upkeep\n|turn|7\n|\n|t:|1700594162\n|switch|p1a: Landorus|Landorus-Therian, M|76\/100\n|-ability|p1a: Landorus|Intimidate|boost\n|-unboost|p2a: Quaquaval|atk|1\n|move|p2a: Quaquaval|Close Combat|p1a: Landorus\n|-resisted|p1a: Landorus\n|-damage|p1a: Landorus|53\/100\n|-unboost|p2a: Quaquaval|def|1\n|-unboost|p2a: Quaquaval|spd|1\n|\n|upkeep\n|turn|8\n|\n|t:|1700594171\n|switch|p1a: Ogerpon|Ogerpon-Wellspring, F|78\/100\n|move|p2a: Quaquaval|Aqua Step|p1a: Ogerpon\n|-heal|p1a: Ogerpon|100\/100|[from] ability: Water Absorb|[of] p2a: Quaquaval\n|\n|upkeep\n|turn|9\n|\n|t:|1700594176\n|move|p2a: Quaquaval|Knock Off|p1a: Ogerpon\n|-damage|p1a: Ogerpon|79\/100\n|move|p1a: Ogerpon|Ivy Cudgel|p2a: Quaquaval|[anim] Ivy Cudgel Water\n|-damage|p2a: Quaquaval|0 fnt\n|faint|p2a: Quaquaval\n|\n|upkeep\n|\n|t:|1700594183\n|switch|p2a: Ribombee|Ribombee, F|100\/100\n|turn|10\n|\n|t:|1700594186\n|move|p2a: Ribombee|Bug Buzz|p1a: Ogerpon\n|-supereffective|p1a: Ogerpon\n|-damage|p1a: Ogerpon|0 fnt\n|faint|p1a: Ogerpon\n|\n|upkeep\n|\n|t:|1700594194\n|switch|p1a: Cinderace|Cinderace, F|100\/100\n|turn|11\n|\n|t:|1700594198\n|move|p2a: Ribombee|Skill Swap|p1a: Cinderace\n|-activate|p2a: Ribombee|move: Skill Swap|Libero|Honey Gather|[of] p1a: Cinderace\n|move|p1a: Cinderace|Pyro Ball|p2a: Ribombee\n|-supereffective|p2a: Ribombee\n|-enditem|p2a: Ribombee|Focus Sash\n|-damage|p2a: Ribombee|1\/100\n|-status|p2a: Ribombee|brn\n|\n|-damage|p2a: Ribombee|0 fnt|[from] brn\n|faint|p2a: Ribombee\n|upkeep\n|\n|t:|1700594210\n|switch|p2a: Arcanine|Arcanine-Hisui, F|100\/100\n|turn|12\n|\n|t:|1700594221\n|move|p1a: Cinderace|Sucker Punch|p2a: Arcanine\n|-damage|p2a: Arcanine|71\/100\n|move|p2a: Arcanine|Flare Blitz|p1a: Cinderace\n|-resisted|p1a: Cinderace\n|-crit|p1a: Cinderace\n|-damage|p1a: Cinderace|5\/100\n|\n|upkeep\n|turn|13\n|\n|t:|1700594227\n|move|p1a: Cinderace|U-turn|p2a: Arcanine\n|-resisted|p2a: Arcanine\n|-damage|p2a: Arcanine|58\/100\n|\n|t:|1700594231\n|switch|p1a: Landorus|Landorus-Therian, M|53\/100|[from] U-turn\n|-ability|p1a: Landorus|Intimidate|boost\n|-unboost|p2a: Arcanine|atk|1\n|move|p2a: Arcanine|Flare Blitz|p1a: Landorus\n|-damage|p1a: Landorus|0 fnt\n|faint|p1a: Landorus\n|\n|upkeep\n|\n|t:|1700594237\n|switch|p1a: Greninja|Greninja, M|100\/100\n|turn|14\n|\n|t:|1700594248\n|switch|p2a: Alomomola|Alomomola, F|84\/100\n|move|p1a: Greninja|Grass Knot|p2a: Alomomola\n|-supereffective|p2a: Alomomola\n|-damage|p2a: Alomomola|38\/100\n|-damage|p1a: Greninja|91\/100|[from] item: Life Orb\n|\n|upkeep\n|turn|15\n|\n|t:|1700594261\n|move|p2a: Alomomola|Protect|p2a: Alomomola\n|-singleturn|p2a: Alomomola|Protect\n|move|p1a: Greninja|Dark Pulse|p2a: Alomomola\n|-activate|p2a: Alomomola|move: Protect\n|\n|upkeep\n|turn|16\n|\n|t:|1700594267\n|move|p1a: Greninja|Grass Knot|p2a: Alomomola\n|-supereffective|p2a: Alomomola\n|-damage|p2a: Alomomola|0 fnt\n|faint|p2a: Alomomola\n|-ability|p1a: Greninja|Battle Bond|boost\n|-boost|p1a: Greninja|atk|1\n|-boost|p1a: Greninja|spa|1\n|-boost|p1a: Greninja|spe|1\n|-activate|p1a: Greninja|ability: Battle Bond\n|-damage|p1a: Greninja|81\/100|[from] item: Life Orb\n|\n|upkeep\n|\n|t:|1700594271\n|switch|p2a: Iron Valiant|Iron Valiant|100\/100\n|-enditem|p2a: Iron Valiant|Booster Energy\n|-activate|p2a: Iron Valiant|ability: Quark Drive|[fromitem]\n|-start|p2a: Iron Valiant|quarkdrivespe\n|turn|17\n|\n|t:|1700594278\n|move|p1a: Greninja|Hydro Pump|p2a: Iron Valiant\n|-damage|p2a: Iron Valiant|0 fnt\n|faint|p2a: Iron Valiant\n|-end|p2a: Iron Valiant|Quark Drive|[silent]\n|-damage|p1a: Greninja|71\/100|[from] item: Life Orb\n|\n|upkeep\n|-message|Damaged_G forfeited.\n|\n|win|orydjinnz\n|raw|orydjinnz's rating: 1399 &rarr; <strong>1413<\/strong><br \/>(+14 for winning)\n|raw|Damaged_G's rating: 1297 &rarr; <strong>1279<\/strong><br \/>(-18 for losing)\n|l|\u2606Damaged_G\n","uploadtime":1700594285,"views":4,"p1id":"orydjinnz","p2id":"damagedg","formatid":"gen9ou","rating":1279,"private":0,"password":""}