{"id":"gen9ou-1997169036","p1":"Aeglitos","p2":"Katsu6624","format":"[Gen 9] OU","log":"|j|\u2606Aeglitos\n|j|\u2606Katsu6624\n|t:|1700771572\n|gametype|singles\n|player|p1|Aeglitos|1|1152\n|player|p2|Katsu6624|cynthia-gen4|1230\n|teamsize|p1|6\n|teamsize|p2|6\n|gen|9\n|tier|[Gen 9] OU\n|rated|\n|rule|Sleep Clause Mod: Limit one foe put to sleep\n|rule|Species Clause: Limit one of each Pok\u00e9mon\n|rule|OHKO Clause: OHKO moves are banned\n|rule|Evasion Items Clause: Evasion items are banned\n|rule|Evasion Moves Clause: Evasion moves are banned\n|rule|Endless Battle Clause: Forcing endless battles is banned\n|rule|HP Percentage Mod: HP is shown in percentages\n|clearpoke\n|poke|p1|Amoonguss, F|\n|poke|p1|Gholdengo|\n|poke|p1|Zamazenta-*|\n|poke|p1|Ting-Lu|\n|poke|p1|Zapdos|\n|poke|p1|Slowking, M|\n|poke|p2|Garchomp, M|\n|poke|p2|Ninetales-Alola, F|\n|poke|p2|Alomomola, F|\n|poke|p2|Landorus-Therian, M|\n|poke|p2|Kingambit, M|\n|poke|p2|Cinderace, M|\n|teampreview\n|inactive|Battle timer is ON: inactive players will automatically lose when time's up. (requested by Katsu6624)\n|\n|t:|1700771594\n|start\n|switch|p1a: Zamazenta|Zamazenta|100\/100\n|switch|p2a: Ninetales|Ninetales-Alola, F|100\/100\n|-ability|p1a: Zamazenta|Dauntless Shield|boost\n|-boost|p1a: Zamazenta|def|1\n|-weather|Snow|[from] ability: Snow Warning|[of] p2a: Ninetales\n|turn|1\n|\n|t:|1700771604\n|move|p1a: Zamazenta|Heavy Slam|p2a: Ninetales\n|-supereffective|p2a: Ninetales\n|-damage|p2a: Ninetales|0 fnt\n|faint|p2a: Ninetales\n|\n|-weather|Snow|[upkeep]\n|upkeep\n|\n|t:|1700771618\n|switch|p2a: Garchomp|Garchomp, M|100\/100\n|turn|2\n|\n|t:|1700771641\n|move|p1a: Zamazenta|Close Combat|p2a: Garchomp\n|-damage|p2a: Garchomp|43\/100\n|-unboost|p1a: Zamazenta|def|1\n|-unboost|p1a: Zamazenta|spd|1\n|-damage|p1a: Zamazenta|88\/100|[from] ability: Rough Skin|[of] p2a: Garchomp\n|move|p2a: Garchomp|Swords Dance|p2a: Garchomp\n|-boost|p2a: Garchomp|atk|2\n|\n|-weather|Snow|[upkeep]\n|upkeep\n|turn|3\n|\n|t:|1700771663\n|switch|p2a: Landorus|Landorus-Therian, M|100\/100\n|-ability|p2a: Landorus|Intimidate|boost\n|-unboost|p1a: Zamazenta|atk|1\n|move|p1a: Zamazenta|Close Combat|p2a: Landorus\n|-resisted|p2a: Landorus\n|-damage|p2a: Landorus|81\/100\n|-unboost|p1a: Zamazenta|def|1\n|-unboost|p1a: Zamazenta|spd|1\n|-damage|p1a: Zamazenta|72\/100|[from] item: Rocky Helmet|[of] p2a: Landorus\n|\n|-weather|Snow|[upkeep]\n|upkeep\n|turn|4\n|inactive|Aeglitos has 120 seconds left.\n|\n|t:|1700771708\n|switch|p1a: Ting-Lu|Ting-Lu|100\/100\n|-ability|p1a: Ting-Lu|Vessel of Ruin\n|move|p2a: Landorus|Stealth Rock|p1a: Ting-Lu\n|-sidestart|p1: Aeglitos|move: Stealth Rock\n|\n|-weather|Snow|[upkeep]\n|upkeep\n|turn|5\n|\n|t:|1700771715\n|move|p2a: Landorus|Grass Knot|p1a: Ting-Lu\n|-supereffective|p1a: Ting-Lu\n|-crit|p1a: Ting-Lu\n|-damage|p1a: Ting-Lu|67\/100\n|move|p1a: Ting-Lu|Stealth Rock|p2a: Landorus\n|-sidestart|p2: Katsu6624|move: Stealth Rock\n|\n|-weather|none\n|upkeep\n|turn|6\n|\n|t:|1700771723\n|move|p2a: Landorus|U-turn|p1a: Ting-Lu\n|-supereffective|p1a: Ting-Lu\n|-damage|p1a: Ting-Lu|43\/100\n|\n|t:|1700771727\n|switch|p2a: Alomomola|Alomomola, F, shiny|100\/100|[from] U-turn\n|-damage|p2a: Alomomola|88\/100|[from] Stealth Rock\n|move|p1a: Ting-Lu|Ruination|p2a: Alomomola\n|-damage|p2a: Alomomola|44\/100\n|\n|-heal|p2a: Alomomola|50\/100|[from] item: Leftovers\n|upkeep\n|turn|7\n|inactive|Aeglitos has 120 seconds left.\n|\n|t:|1700771738\n|move|p2a: Alomomola|Wish|p2a: Alomomola\n|move|p1a: Ting-Lu|Whirlwind|p2a: Alomomola\n|drag|p2a: Kingambit|Kingambit, M|100\/100\n|-damage|p2a: Kingambit|94\/100|[from] Stealth Rock\n|-activate|p2a: Kingambit|ability: Supreme Overlord\n|-start|p2a: Kingambit|fallen1|[silent]\n|\n|upkeep\n|turn|8\n|inactive|Aeglitos has 120 seconds left.\n|\n|t:|1700771746\n|move|p2a: Kingambit|Iron Head|p1a: Ting-Lu\n|-crit|p1a: Ting-Lu\n|-damage|p1a: Ting-Lu|2\/100\n|cant|p1a: Ting-Lu|flinch\n|\n|-heal|p2a: Kingambit|100\/100|[from] move: Wish|[wisher] Alomomola\n|upkeep\n|turn|9\n|inactive|Aeglitos has 120 seconds left.\n|\n|t:|1700771773\n|move|p2a: Kingambit|Swords Dance|p2a: Kingambit\n|-boost|p2a: Kingambit|atk|2\n|move|p1a: Ting-Lu|Earthquake|p2a: Kingambit\n|-supereffective|p2a: Kingambit\n|-damage|p2a: Kingambit|46\/100\n|\n|upkeep\n|turn|10\n|\n|t:|1700771784\n|move|p2a: Kingambit|Kowtow Cleave|p1a: Ting-Lu\n|-resisted|p1a: Ting-Lu\n|-damage|p1a: Ting-Lu|0 fnt\n|faint|p1a: Ting-Lu\n|\n|upkeep\n|inactive|Aeglitos has 90 seconds left.\n|\n|t:|1700771827\n|switch|p1a: Zamazenta|Zamazenta|72\/100\n|turn|11\n|\n|t:|1700771838\n|-end|p2a: Kingambit|fallen1|[silent]\n|switch|p2a: Landorus|Landorus-Therian, M|81\/100\n|-damage|p2a: Landorus|69\/100|[from] Stealth Rock\n|-ability|p2a: Landorus|Intimidate|boost\n|-unboost|p1a: Zamazenta|atk|1\n|move|p1a: Zamazenta|Stone Edge|p2a: Landorus|[miss]\n|-miss|p1a: Zamazenta|p2a: Landorus\n|\n|upkeep\n|turn|12\n|inactive|Aeglitos has 60 seconds left.\n|\n|t:|1700771864\n|switch|p1a: Slowking|Slowking, M|100\/100\n|move|p2a: Landorus|Earthquake|p1a: Slowking\n|-damage|p1a: Slowking|52\/100\n|\n|upkeep\n|turn|13\n|inactive|Aeglitos has 60 seconds left.\n|\n|t:|1700771877\n|move|p2a: Landorus|U-turn|p1a: Slowking\n|-supereffective|p1a: Slowking\n|-crit|p1a: Slowking\n|-damage|p1a: Slowking|0 fnt\n|faint|p1a: Slowking\n|\n|t:|1700771885\n|switch|p2a: Alomomola|Alomomola, F, shiny|84\/100|[from] U-turn\n|-damage|p2a: Alomomola|71\/100|[from] Stealth Rock\n|\n|-heal|p2a: Alomomola|78\/100|[from] item: Leftovers\n|upkeep\n|inactive|Aeglitos has 60 seconds left.\n|\n|t:|1700771918\n|switch|p1a: Zapdos|Zapdos|100\/100\n|turn|14\n|\n|t:|1700771941\n|move|p1a: Zapdos|Hurricane|p2a: Alomomola\n|-damage|p2a: Alomomola|6\/100\n|move|p2a: Alomomola|Wish|p2a: Alomomola\n|\n|-heal|p2a: Alomomola|12\/100|[from] item: Leftovers\n|upkeep\n|turn|15\n|\n|t:|1700771952\n|switch|p2a: Landorus|Landorus-Therian, M|69\/100\n|-damage|p2a: Landorus|57\/100|[from] Stealth Rock\n|-ability|p2a: Landorus|Intimidate|boost\n|-unboost|p1a: Zapdos|atk|1\n|move|p1a: Zapdos|Volt Switch|p2a: Landorus\n|-immune|p2a: Landorus\n|\n|-heal|p2a: Landorus|100\/100|[from] move: Wish|[wisher] Alomomola\n|upkeep\n|turn|16\n|\n|t:|1700771962\n|move|p1a: Zapdos|Hurricane|p2a: Landorus\n|-crit|p2a: Landorus\n|-damage|p2a: Landorus|38\/100\n|move|p2a: Landorus|U-turn|p1a: Zapdos\n|-resisted|p1a: Zapdos\n|-crit|p1a: Zapdos\n|-damage|p1a: Zapdos|81\/100\n|\n|t:|1700771970\n|switch|p2a: Cinderace|Cinderace, M|100\/100|[from] U-turn\n|\n|upkeep\n|turn|17\n|\n|t:|1700771975\n|move|p2a: Cinderace|Pyro Ball|p1a: Zapdos\n|-damage|p1a: Zapdos|26\/100\n|move|p1a: Zapdos|Volt Switch|p2a: Cinderace\n|-damage|p2a: Cinderace|53\/100\n|\n|t:|1700771982\n|switch|p1a: Zamazenta|Zamazenta|72\/100|[from] Volt Switch\n|\n|upkeep\n|turn|18\n|\n|t:|1700771988\n|move|p1a: Zamazenta|Stone Edge|p2a: Cinderace\n|-supereffective|p2a: Cinderace\n|-damage|p2a: Cinderace|0 fnt\n|faint|p2a: Cinderace\n|\n|upkeep\n|\n|t:|1700771996\n|switch|p2a: Landorus|Landorus-Therian, M|38\/100\n|-damage|p2a: Landorus|26\/100|[from] Stealth Rock\n|-ability|p2a: Landorus|Intimidate|boost\n|-unboost|p1a: Zamazenta|atk|1\n|turn|19\n|inactive|Aeglitos has 90 seconds left.\n|\n|t:|1700772004\n|move|p1a: Zamazenta|Stone Edge|p2a: Landorus\n|-damage|p2a: Landorus|5\/100\n|move|p2a: Landorus|Earthquake|p1a: Zamazenta\n|-damage|p1a: Zamazenta|32\/100\n|\n|upkeep\n|turn|20\n|\n|t:|1700772011\n|move|p1a: Zamazenta|Crunch|p2a: Landorus\n|-damage|p2a: Landorus|0 fnt\n|-damage|p1a: Zamazenta|15\/100|[from] item: Rocky Helmet|[of] p2a: Landorus\n|faint|p2a: Landorus\n|\n|upkeep\n|\n|t:|1700772018\n|switch|p2a: Kingambit|Kingambit, M|46\/100\n|-damage|p2a: Kingambit|39\/100|[from] Stealth Rock\n|-activate|p2a: Kingambit|ability: Supreme Overlord\n|-start|p2a: Kingambit|fallen3|[silent]\n|turn|21\n|\n|t:|1700772023\n|move|p2a: Kingambit|Sucker Punch|p1a: Zamazenta\n|-resisted|p1a: Zamazenta\n|-damage|p1a: Zamazenta|0 fnt\n|faint|p1a: Zamazenta\n|\n|upkeep\n|\n|t:|1700772034\n|switch|p1a: Zapdos|Zapdos|26\/100\n|turn|22\n|\n|t:|1700772037\n|move|p2a: Kingambit|Sucker Punch||[still]\n|-fail|p2a: Kingambit\n|move|p1a: Zapdos|Roost|p1a: Zapdos\n|-heal|p1a: Zapdos|77\/100\n|-singleturn|p1a: Zapdos|move: Roost\n|\n|upkeep\n|turn|23\n|inactive|Aeglitos has 120 seconds left.\n|\n|t:|1700772058\n|move|p2a: Kingambit|Sucker Punch||[still]\n|-fail|p2a: Kingambit\n|move|p1a: Zapdos|Roost|p1a: Zapdos\n|-heal|p1a: Zapdos|100\/100\n|-singleturn|p1a: Zapdos|move: Roost\n|\n|upkeep\n|turn|24\n|\n|t:|1700772065\n|switch|p1a: Amoonguss|Amoonguss, F|100\/100\n|move|p2a: Kingambit|Sucker Punch||[still]\n|-fail|p2a: Kingambit\n|\n|upkeep\n|turn|25\n|\n|t:|1700772071\n|-end|p2a: Kingambit|fallen3|[silent]\n|switch|p2a: Alomomola|Alomomola, F, shiny|46\/100\n|-damage|p2a: Alomomola|33\/100|[from] Stealth Rock\n|move|p1a: Amoonguss|Worry Seed|p2a: Alomomola\n|-endability|p2a: Alomomola|Regenerator|[from] move: Worry Seed\n|-ability|p2a: Alomomola|Insomnia|[from] move: Worry Seed\n|\n|-heal|p2a: Alomomola|39\/100|[from] item: Leftovers\n|upkeep\n|turn|26\n|inactive|Aeglitos has 120 seconds left.\n|\n|t:|1700772080\n|move|p2a: Alomomola|Healing Wish|p2a: Alomomola\n|faint|p2a: Alomomola\n|move|p1a: Amoonguss|Giga Drain|p2: Alomomola|[notarget]\n|-fail|p1a: Amoonguss\n|\n|upkeep\n|\n|t:|1700772095\n|switch|p2a: Garchomp|Garchomp, M|43\/100\n|-heal|p2a: Garchomp|100\/100|[from] move: Healing Wish\n|-damage|p2a: Garchomp|94\/100|[from] Stealth Rock\n|turn|27\n|\n|t:|1700772101\n|move|p2a: Garchomp|Swords Dance|p2a: Garchomp\n|-boost|p2a: Garchomp|atk|2\n|move|p1a: Amoonguss|Spore|p2a: Garchomp\n|-status|p2a: Garchomp|slp|[from] move: Spore\n|\n|upkeep\n|turn|28\n|\n|t:|1700772112\n|switch|p1a: Gholdengo|Gholdengo|100\/100\n|-damage|p1a: Gholdengo|94\/100|[from] Stealth Rock\n|cant|p2a: Garchomp|slp\n|\n|upkeep\n|turn|29\n|\n|t:|1700772129\n|cant|p2a: Garchomp|slp\n|move|p1a: Gholdengo|Shadow Ball|p2a: Garchomp\n|-damage|p2a: Garchomp|28\/100 slp\n|\n|upkeep\n|turn|30\n|\n|t:|1700772145\n|-curestatus|p2a: Garchomp|slp|[msg]\n|move|p2a: Garchomp|Earthquake|p1a: Gholdengo\n|-supereffective|p1a: Gholdengo\n|-damage|p1a: Gholdengo|0 fnt\n|faint|p1a: Gholdengo\n|\n|upkeep\n|\n|t:|1700772152\n|switch|p1a: Zapdos|Zapdos|100\/100\n|turn|31\n|\n|t:|1700772165\n|move|p2a: Garchomp|Scale Shot|p1a: Zapdos\n|-damage|p1a: Zapdos|67\/100\n|-damage|p1a: Zapdos|37\/100\n|-damage|p1a: Zapdos|6\/100\n|-damage|p1a: Zapdos|0 fnt\n|faint|p1a: Zapdos\n|-hitcount|p1: Zapdos|4\n|-unboost|p2a: Garchomp|def|1\n|-boost|p2a: Garchomp|spe|1\n|\n|upkeep\n|\n|t:|1700772174\n|switch|p1a: Amoonguss|Amoonguss, F|100\/100\n|turn|32\n|\n|t:|1700772183\n|-terastallize|p2a: Garchomp|Fire\n|move|p2a: Garchomp|Fire Fang|p1a: Amoonguss\n|-supereffective|p1a: Amoonguss\n|-damage|p1a: Amoonguss|0 fnt\n|faint|p1a: Amoonguss\n|\n|win|Katsu6624\n|raw|Aeglitos's rating: 1152 &rarr; <strong>1133<\/strong><br \/>(-19 for losing)\n|raw|Katsu6624's rating: 1230 &rarr; <strong>1249<\/strong><br \/>(+19 for winning)\n|l|\u2606Aeglitos\n","uploadtime":1700772190,"views":5,"p1id":"aeglitos","p2id":"katsu6624","formatid":"gen9ou","rating":1133,"private":0,"password":""}