{"id":"gen9ou-1995977371","p1":"HHBBYY","p2":"MajorAce7","format":"[Gen 9] OU","log":"|j|\u2606HHBBYY\n|j|\u2606MajorAce7\n|t:|1700624424\n|gametype|singles\n|player|p1|HHBBYY|skyla|1000\n|player|p2|MajorAce7|lucas-gen4pt|1004\n|teamsize|p1|6\n|teamsize|p2|6\n|gen|9\n|tier|[Gen 9] OU\n|rated|\n|rule|Sleep Clause Mod: Limit one foe put to sleep\n|rule|Species Clause: Limit one of each Pok\u00e9mon\n|rule|OHKO Clause: OHKO moves are banned\n|rule|Evasion Items Clause: Evasion items are banned\n|rule|Evasion Moves Clause: Evasion moves are banned\n|rule|Endless Battle Clause: Forcing endless battles is banned\n|rule|HP Percentage Mod: HP is shown in percentages\n|clearpoke\n|poke|p1|Toxapex, F|\n|poke|p1|Corviknight, M|\n|poke|p1|Clefable, M|\n|poke|p1|Dragapult, M|\n|poke|p1|Zapdos|\n|poke|p1|Rotom-Heat|\n|poke|p2|Skeledirge, M|\n|poke|p2|Basculegion, M|\n|poke|p2|Brambleghast, F|\n|poke|p2|Kilowattrel, F|\n|poke|p2|Glimmora, F|\n|poke|p2|Kingambit, M|\n|teampreview\n|inactive|Battle timer is ON: inactive players will automatically lose when time's up. (requested by MajorAce7)\n|\n|t:|1700624439\n|start\n|switch|p1a: Rotom|Rotom-Heat|100\/100\n|switch|p2a: Kilowattrel|Kilowattrel, F|100\/100\n|turn|1\n|\n|t:|1700624450\n|move|p2a: Kilowattrel|Tailwind|p2a: Kilowattrel\n|-sidestart|p2: MajorAce7|move: Tailwind\n|move|p1a: Rotom|Will-O-Wisp|p2a: Kilowattrel\n|-status|p2a: Kilowattrel|brn\n|\n|-damage|p2a: Kilowattrel|94\/100 brn|[from] brn\n|upkeep\n|turn|2\n|\n|t:|1700624458\n|move|p2a: Kilowattrel|Volt Switch|p1a: Rotom\n|-resisted|p1a: Rotom\n|-damage|p1a: Rotom|80\/100\n|-damage|p2a: Kilowattrel|85\/100 brn|[from] item: Life Orb\n|\n|t:|1700624474\n|switch|p2a: Basculegion|Basculegion, M|100\/100|[from] Volt Switch\n|move|p1a: Rotom|Overheat|p2a: Basculegion\n|-resisted|p2a: Basculegion\n|-damage|p2a: Basculegion|78\/100\n|-unboost|p1a: Rotom|spa|2\n|\n|upkeep\n|turn|3\n|\n|t:|1700624483\n|move|p2a: Basculegion|Aqua Jet|p1a: Rotom\n|-supereffective|p1a: Rotom\n|-damage|p1a: Rotom|0 fnt\n|faint|p1a: Rotom\n|\n|upkeep\n|\n|t:|1700624493\n|switch|p1a: Zapdos|Zapdos|100\/100\n|-ability|p1a: Zapdos|Pressure\n|turn|4\n|\n|t:|1700624501\n|switch|p2a: Brambleghast|Brambleghast, F|100\/100\n|-ability|p2a: Brambleghast|Wind Rider|boost\n|-boost|p2a: Brambleghast|atk|1\n|move|p1a: Zapdos|Thunder|p2a: Brambleghast|[miss]\n|-miss|p1a: Zapdos|p2a: Brambleghast\n|\n|-sideend|p2: MajorAce7|move: Tailwind\n|upkeep\n|turn|5\n|\n|t:|1700624513\n|move|p2a: Brambleghast|Poltergeist|p1a: Zapdos\n|-activate|p1a: Zapdos|move: Poltergeist|Leftovers\n|-damage|p1a: Zapdos|2\/100\n|move|p1a: Zapdos|Drill Peck|p2a: Brambleghast\n|-supereffective|p2a: Brambleghast\n|-damage|p2a: Brambleghast|8\/100\n|\n|-heal|p1a: Zapdos|9\/100|[from] item: Leftovers\n|upkeep\n|turn|6\n|\n|t:|1700624525\n|-terastallize|p1a: Zapdos|Electric\n|move|p2a: Brambleghast|Rapid Spin|p1a: Zapdos\n|-damage|p1a: Zapdos|0 fnt\n|-boost|p2a: Brambleghast|spe|1\n|faint|p1a: Zapdos\n|\n|upkeep\n|\n|t:|1700624533\n|switch|p1a: Clefable|Clefable, M|100\/100\n|turn|7\n|\n|t:|1700624538\n|move|p2a: Brambleghast|Poltergeist|p1a: Clefable\n|-activate|p1a: Clefable|move: Poltergeist|Leftovers\n|-damage|p1a: Clefable|10\/100\n|move|p1a: Clefable|Moonblast|p2a: Brambleghast\n|-damage|p2a: Brambleghast|0 fnt\n|faint|p2a: Brambleghast\n|\n|-heal|p1a: Clefable|16\/100|[from] item: Leftovers\n|upkeep\n|\n|t:|1700624549\n|switch|p2a: Basculegion|Basculegion, M|78\/100\n|turn|8\n|\n|t:|1700624560\n|move|p1a: Clefable|Protect|p1a: Clefable\n|-singleturn|p1a: Clefable|Protect\n|move|p2a: Basculegion|Aqua Jet|p1a: Clefable\n|-activate|p1a: Clefable|move: Protect\n|\n|-heal|p1a: Clefable|23\/100|[from] item: Leftovers\n|upkeep\n|turn|9\n|\n|t:|1700624568\n|move|p2a: Basculegion|Aqua Jet|p1a: Clefable\n|-damage|p1a: Clefable|0 fnt\n|faint|p1a: Clefable\n|\n|upkeep\n|\n|t:|1700624577\n|switch|p1a: Dragapult|Dragapult, M|100\/100\n|turn|10\n|\n|t:|1700624591\n|switch|p2a: Kingambit|Kingambit, M|100\/100\n|move|p1a: Dragapult|Shadow Ball|p2a: Kingambit\n|-resisted|p2a: Kingambit\n|-damage|p2a: Kingambit|81\/100\n|\n|-heal|p2a: Kingambit|87\/100|[from] item: Leftovers\n|upkeep\n|turn|11\n|\n|t:|1700624603\n|switch|p1a: Toxapex|Toxapex, F|100\/100\n|move|p2a: Kingambit|Sucker Punch||[still]\n|-fail|p2a: Kingambit\n|\n|-heal|p2a: Kingambit|93\/100|[from] item: Leftovers\n|upkeep\n|turn|12\n|\n|t:|1700624617\n|move|p2a: Kingambit|Taunt|p1a: Toxapex\n|-start|p1a: Toxapex|move: Taunt\n|move|p1a: Toxapex|Body Slam|p2a: Kingambit\n|-resisted|p2a: Kingambit\n|-damage|p2a: Kingambit|89\/100\n|\n|-heal|p2a: Kingambit|95\/100|[from] item: Leftovers\n|upkeep\n|turn|13\n|\n|t:|1700624633\n|switch|p2a: Kilowattrel|Kilowattrel, F|85\/100 brn\n|move|p1a: Toxapex|Body Slam|p2a: Kilowattrel\n|-damage|p2a: Kilowattrel|61\/100 brn\n|\n|-damage|p2a: Kilowattrel|55\/100 brn|[from] brn\n|upkeep\n|turn|14\n|\n|t:|1700624648\n|move|p2a: Kilowattrel|Thunderbolt|p1a: Toxapex\n|-supereffective|p1a: Toxapex\n|-damage|p1a: Toxapex|21\/100\n|-damage|p2a: Kilowattrel|45\/100 brn|[from] item: Life Orb\n|move|p1a: Toxapex|Body Slam|p2a: Kilowattrel\n|-damage|p2a: Kilowattrel|24\/100 brn\n|\n|-heal|p1a: Toxapex|27\/100|[from] item: Black Sludge\n|-damage|p2a: Kilowattrel|18\/100 brn|[from] brn\n|-end|p1a: Toxapex|move: Taunt\n|upkeep\n|turn|15\n|\n|t:|1700624660\n|move|p2a: Kilowattrel|Thunderbolt|p1a: Toxapex\n|-supereffective|p1a: Toxapex\n|-damage|p1a: Toxapex|0 fnt\n|faint|p1a: Toxapex\n|-damage|p2a: Kilowattrel|8\/100 brn|[from] item: Life Orb\n|\n|-damage|p2a: Kilowattrel|2\/100 brn|[from] brn\n|upkeep\n|\n|t:|1700624669\n|switch|p1a: Dragapult|Dragapult, M|100\/100\n|turn|16\n|\n|t:|1700624676\n|move|p1a: Dragapult|Shadow Ball|p2a: Kilowattrel\n|-damage|p2a: Kilowattrel|0 fnt\n|faint|p2a: Kilowattrel\n|\n|upkeep\n|\n|t:|1700624681\n|switch|p2a: Kingambit|Kingambit, M|95\/100\n|turn|17\n|\n|t:|1700624686\n|move|p1a: Dragapult|Shadow Ball|p2a: Kingambit\n|-resisted|p2a: Kingambit\n|-damage|p2a: Kingambit|75\/100\n|-unboost|p2a: Kingambit|spd|1\n|-ability|p2a: Kingambit|Defiant|boost\n|-boost|p2a: Kingambit|atk|2\n|move|p2a: Kingambit|Swords Dance|p2a: Kingambit\n|-boost|p2a: Kingambit|atk|2\n|\n|-heal|p2a: Kingambit|81\/100|[from] item: Leftovers\n|upkeep\n|turn|18\n|\n|t:|1700624699\n|move|p2a: Kingambit|Sucker Punch|p1a: Dragapult\n|-supereffective|p1a: Dragapult\n|-damage|p1a: Dragapult|0 fnt\n|faint|p1a: Dragapult\n|\n|-heal|p2a: Kingambit|88\/100|[from] item: Leftovers\n|upkeep\n|\n|t:|1700624705\n|switch|p1a: Corviknight|Corviknight, M|100\/100\n|-ability|p1a: Corviknight|Pressure\n|turn|19\n|\n|t:|1700624711\n|move|p2a: Kingambit|Sucker Punch|p1a: Corviknight\n|-damage|p1a: Corviknight|1\/100\n|move|p1a: Corviknight|Iron Head|p2a: Kingambit\n|-resisted|p2a: Kingambit\n|-damage|p2a: Kingambit|79\/100\n|\n|-heal|p1a: Corviknight|8\/100|[from] item: Leftovers\n|-heal|p2a: Kingambit|85\/100|[from] item: Leftovers\n|upkeep\n|turn|20\n|\n|t:|1700624721\n|move|p2a: Kingambit|Sucker Punch|p1a: Corviknight\n|-damage|p1a: Corviknight|0 fnt\n|faint|p1a: Corviknight\n|\n|win|MajorAce7\n|raw|HHBBYY's rating: 1000 &rarr; <strong>1000<\/strong><br \/>(+0 for losing)\n|raw|MajorAce7's rating: 1004 &rarr; <strong>1043<\/strong><br \/>(+39 for winning)\n|l|\u2606HHBBYY\n","uploadtime":1700624735,"views":4,"p1id":"hhbbyy","p2id":"majorace7","formatid":"gen9ou","rating":1000,"private":0,"password":""}