{"id":"gen9ou-1995154719","p1":"babymariofan563","p2":"penguinpenguin1","format":"[Gen 9] OU","log":"|j|\u2606babymariofan563\n|j|\u203dpenguinpenguin1\n|t:|1700528682\n|gametype|singles\n|player|p1|babymariofan563|biker-gen4|1405\n|player|p2|penguinpenguin1|265|1387\n|teamsize|p1|6\n|teamsize|p2|6\n|gen|9\n|tier|[Gen 9] OU\n|rated|\n|rule|Sleep Clause Mod: Limit one foe put to sleep\n|rule|Species Clause: Limit one of each Pok\u00e9mon\n|rule|OHKO Clause: OHKO moves are banned\n|rule|Evasion Items Clause: Evasion items are banned\n|rule|Evasion Moves Clause: Evasion moves are banned\n|rule|Endless Battle Clause: Forcing endless battles is banned\n|rule|HP Percentage Mod: HP is shown in percentages\n|clearpoke\n|poke|p1|Heatran, M|\n|poke|p1|Garchomp, M|\n|poke|p1|Landorus-Therian, M|\n|poke|p1|Zapdos|\n|poke|p1|Ribombee, M|\n|poke|p1|Gholdengo|\n|poke|p2|Iron Jugulis|\n|poke|p2|Ogerpon-Wellspring, F|\n|poke|p2|Tinkaton, F|\n|poke|p2|Iron Moth|\n|poke|p2|Great Tusk|\n|poke|p2|Dragapult, F|\n|teampreview\n|inactive|Battle timer is ON: inactive players will automatically lose when time's up. (requested by penguinpenguin1)\n|\n|t:|1700528697\n|start\n|switch|p1a: Electric bill|Zapdos|100\/100\n|switch|p2a: Ogerpon|Ogerpon-Wellspring, F|100\/100\n|turn|1\n|\n|t:|1700528704\n|move|p2a: Ogerpon|U-turn|p1a: Electric bill\n|-resisted|p1a: Electric bill\n|-damage|p1a: Electric bill|83\/100\n|\n|t:|1700528710\n|switch|p2a: Great Tusk|Great Tusk|100\/100|[from] U-turn\n|-enditem|p2a: Great Tusk|Booster Energy\n|-activate|p2a: Great Tusk|ability: Protosynthesis|[fromitem]\n|-start|p2a: Great Tusk|protosynthesisspe\n|move|p1a: Electric bill|Volt Switch|p2a: Great Tusk\n|-immune|p2a: Great Tusk\n|\n|upkeep\n|turn|2\n|\n|t:|1700528714\n|move|p2a: Great Tusk|Ice Spinner|p1a: Electric bill\n|-supereffective|p1a: Electric bill\n|-damage|p1a: Electric bill|27\/100\n|-status|p2a: Great Tusk|par|[from] ability: Static|[of] p1a: Electric bill\n|move|p1a: Electric bill|Hurricane|p2a: Great Tusk\n|-supereffective|p2a: Great Tusk\n|-damage|p2a: Great Tusk|0 fnt\n|faint|p2a: Great Tusk\n|-end|p2a: Great Tusk|Protosynthesis|[silent]\n|\n|upkeep\n|\n|t:|1700528720\n|switch|p2a: Dragapult|Dragapult, F|100\/100\n|turn|3\n|\n|t:|1700528728\n|move|p2a: Dragapult|Shadow Ball|p1a: Electric bill\n|-damage|p1a: Electric bill|0 fnt\n|faint|p1a: Electric bill\n|\n|upkeep\n|\n|t:|1700528731\n|switch|p1a: Sorry for using|Ribombee, M|100\/100\n|turn|4\n|\n|t:|1700528753\n|move|p2a: Dragapult|Shadow Ball|p1a: Sorry for using\n|-damage|p1a: Sorry for using|4\/100\n|move|p1a: Sorry for using|Sticky Web|p2a: Dragapult\n|-sidestart|p2: penguinpenguin1|move: Sticky Web\n|\n|upkeep\n|turn|5\n|\n|t:|1700528761\n|move|p2a: Dragapult|Shadow Ball|p1a: Sorry for using\n|-damage|p1a: Sorry for using|0 fnt\n|faint|p1a: Sorry for using\n|\n|upkeep\n|\n|t:|1700528771\n|switch|p1a: Once felled king|Heatran, M|100\/100\n|turn|6\n|\n|t:|1700528783\n|switch|p2a: Iron Jugulis|Iron Jugulis|100\/100\n|-enditem|p2a: Iron Jugulis|Booster Energy\n|-activate|p2a: Iron Jugulis|ability: Quark Drive|[fromitem]\n|-start|p2a: Iron Jugulis|quarkdrivespe\n|move|p1a: Once felled king|Earth Power|p2a: Iron Jugulis\n|-immune|p2a: Iron Jugulis\n|\n|upkeep\n|turn|7\n|\n|t:|1700528791\n|move|p2a: Iron Jugulis|Earth Power|p1a: Once felled king\n|-supereffective|p1a: Once felled king\n|-damage|p1a: Once felled king|0 fnt\n|faint|p1a: Once felled king\n|\n|upkeep\n|\n|t:|1700528794\n|switch|p1a: Top G (archomp)|Garchomp, M|100\/100\n|turn|8\n|\n|t:|1700528801\n|move|p2a: Iron Jugulis|Taunt|p1a: Top G (archomp)\n|-start|p1a: Top G (archomp)|move: Taunt\n|move|p1a: Top G (archomp)|Iron Head|p2a: Iron Jugulis\n|-damage|p2a: Iron Jugulis|66\/100\n|\n|upkeep\n|turn|9\n|\n|t:|1700528816\n|move|p2a: Iron Jugulis|Knock Off|p1a: Top G (archomp)\n|-damage|p1a: Top G (archomp)|78\/100\n|-damage|p2a: Iron Jugulis|54\/100|[from] ability: Rough Skin|[of] p1a: Top G (archomp)\n|-damage|p2a: Iron Jugulis|38\/100|[from] item: Rocky Helmet|[of] p1a: Top G (archomp)\n|-enditem|p1a: Top G (archomp)|Rocky Helmet|[from] move: Knock Off|[of] p2a: Iron Jugulis\n|move|p1a: Top G (archomp)|Outrage|p2a: Iron Jugulis\n|-damage|p2a: Iron Jugulis|0 fnt\n|faint|p2a: Iron Jugulis\n|-end|p2a: Iron Jugulis|Quark Drive|[silent]\n|\n|upkeep\n|\n|t:|1700528823\n|switch|p2a: Tinkaton|Tinkaton, F|100\/100\n|-item|p2a: Tinkaton|Air Balloon\n|turn|10\n|\n|t:|1700528833\n|move|p2a: Tinkaton|Play Rough|p1a: Top G (archomp)\n|-supereffective|p1a: Top G (archomp)\n|-damage|p1a: Top G (archomp)|38\/100\n|-damage|p2a: Tinkaton|88\/100|[from] ability: Rough Skin|[of] p1a: Top G (archomp)\n|move|p1a: Top G (archomp)|Outrage|p2a: Tinkaton|[from]lockedmove\n|-immune|p2a: Tinkaton\n|-start|p1a: Top G (archomp)|confusion|[fatigue]\n|\n|-end|p1a: Top G (archomp)|move: Taunt\n|upkeep\n|turn|11\n|\n|t:|1700528838\n|switch|p1a: Soon to be UU|Landorus-Therian, M|100\/100\n|-ability|p1a: Soon to be UU|Intimidate|boost\n|-unboost|p2a: Tinkaton|atk|1\n|move|p2a: Tinkaton|Encore||[still]\n|-fail|p2a: Tinkaton\n|\n|upkeep\n|turn|12\n|\n|t:|1700528843\n|move|p2a: Tinkaton|Stealth Rock|p1a: Soon to be UU\n|-sidestart|p1: babymariofan563|move: Stealth Rock\n|move|p1a: Soon to be UU|U-turn|p2a: Tinkaton\n|-resisted|p2a: Tinkaton\n|-damage|p2a: Tinkaton|81\/100\n|-enditem|p2a: Tinkaton|Air Balloon\n|-enditem|p1a: Soon to be UU|Rocky Helmet|[silent]|[from] ability: Pickpocket|[of] p1a: Soon to be UU\n|-item|p2a: Tinkaton|Rocky Helmet|[from] ability: Pickpocket|[of] p1a: Soon to be UU\n|\n|t:|1700528845\n|switch|p1a: Top G (archomp)|Garchomp, M|38\/100|[from] U-turn\n|-damage|p1a: Top G (archomp)|31\/100|[from] Stealth Rock\n|\n|upkeep\n|turn|13\n|inactive|babymariofan563 has 120 seconds left.\n|\n|t:|1700528880\n|move|p2a: Tinkaton|Play Rough|p1a: Top G (archomp)\n|-supereffective|p1a: Top G (archomp)\n|-damage|p1a: Top G (archomp)|5\/100\n|-damage|p2a: Tinkaton|69\/100|[from] ability: Rough Skin|[of] p1a: Top G (archomp)\n|move|p1a: Top G (archomp)|Earthquake|p2a: Tinkaton\n|-supereffective|p2a: Tinkaton\n|-damage|p2a: Tinkaton|0 fnt\n|faint|p2a: Tinkaton\n|\n|upkeep\n|\n|t:|1700528886\n|switch|p2a: Dragapult|Dragapult, F|100\/100\n|-activate|p2a: Dragapult|move: Sticky Web\n|-fail|p2a: Dragapult|unboost|[from] ability: Clear Body|[of] p2a: Dragapult\n|turn|14\n|\n|t:|1700528890\n|move|p2a: Dragapult|Shadow Ball|p1a: Top G (archomp)\n|-damage|p1a: Top G (archomp)|0 fnt\n|faint|p1a: Top G (archomp)\n|\n|upkeep\n|\n|t:|1700528892\n|switch|p1a: Goobed|Gholdengo|100\/100\n|-damage|p1a: Goobed|94\/100|[from] Stealth Rock\n|turn|15\n|\n|t:|1700528900\n|move|p2a: Dragapult|Shadow Ball|p1a: Goobed\n|-supereffective|p1a: Goobed\n|-damage|p1a: Goobed|18\/100\n|move|p1a: Goobed|Shadow Ball|p2a: Dragapult\n|-supereffective|p2a: Dragapult\n|-crit|p2a: Dragapult\n|-damage|p2a: Dragapult|0 fnt\n|faint|p2a: Dragapult\n|\n|upkeep\n|\n|t:|1700528908\n|switch|p2a: Iron Moth|Iron Moth|100\/100\n|-activate|p2a: Iron Moth|move: Sticky Web\n|-unboost|p2a: Iron Moth|spe|1\n|-enditem|p2a: Iron Moth|Booster Energy\n|-activate|p2a: Iron Moth|ability: Quark Drive|[fromitem]\n|-start|p2a: Iron Moth|quarkdrivespa\n|turn|16\n|\n|t:|1700528913\n|move|p1a: Goobed|Shadow Ball|p2a: Iron Moth\n|-damage|p2a: Iron Moth|58\/100\n|-unboost|p2a: Iron Moth|spd|1\n|move|p2a: Iron Moth|Fiery Dance|p1a: Goobed\n|-supereffective|p1a: Goobed\n|-damage|p1a: Goobed|0 fnt\n|-boost|p2a: Iron Moth|spa|1\n|faint|p1a: Goobed\n|\n|upkeep\n|\n|t:|1700528919\n|switch|p1a: Soon to be UU|Landorus-Therian, M|100\/100\n|-damage|p1a: Soon to be UU|88\/100|[from] Stealth Rock\n|-ability|p1a: Soon to be UU|Intimidate|boost\n|-unboost|p2a: Iron Moth|atk|1\n|turn|17\n|inactive|babymariofan563 has 120 seconds left.\n|inactive|babymariofan563 has 90 seconds left.\n|\n|t:|1700528985\n|-terastallize|p1a: Soon to be UU|Water\n|move|p1a: Soon to be UU|Swords Dance|p1a: Soon to be UU\n|-boost|p1a: Soon to be UU|atk|2\n|move|p2a: Iron Moth|Fiery Dance|p1a: Soon to be UU\n|-resisted|p1a: Soon to be UU\n|-damage|p1a: Soon to be UU|38\/100\n|-boost|p2a: Iron Moth|spa|1\n|\n|upkeep\n|turn|18\n|\n|t:|1700529001\n|move|p1a: Soon to be UU|Earthquake|p2a: Iron Moth\n|-supereffective|p2a: Iron Moth\n|-damage|p2a: Iron Moth|0 fnt\n|faint|p2a: Iron Moth\n|-end|p2a: Iron Moth|Quark Drive|[silent]\n|\n|upkeep\n|\n|t:|1700529004\n|switch|p2a: Ogerpon|Ogerpon-Wellspring, F|100\/100\n|-activate|p2a: Ogerpon|move: Sticky Web\n|-unboost|p2a: Ogerpon|spe|1\n|turn|19\n|inactive|babymariofan563 has 90 seconds left.\n|inactive|penguinpenguin1 has 120 seconds left.\n|\n|t:|1700529040\n|-terastallize|p2a: Ogerpon|Water\n|detailschange|p2a: Ogerpon|Ogerpon-Wellspring-Tera, F, tera:Water\n|-ability|p2a: Ogerpon|Embody Aspect (Wellspring)|boost\n|-boost|p2a: Ogerpon|spd|1\n|move|p1a: Soon to be UU|Earthquake|p2a: Ogerpon\n|-damage|p2a: Ogerpon|0 fnt\n|faint|p2a: Ogerpon\n|\n|win|babymariofan563\n|raw|babymariofan563's rating: 1405 &rarr; <strong>1424<\/strong><br \/>(+19 for winning)\n|raw|penguinpenguin1's rating: 1387 &rarr; <strong>1368<\/strong><br \/>(-19 for losing)\n|l|\u203dpenguinpenguin1\n","uploadtime":1700529132,"views":4,"p1id":"babymariofan563","p2id":"penguinpenguin1","formatid":"gen9ou","rating":1368,"private":0,"password":""}