{"id":"gen9ou-1991257374","p1":"SashiBagel","p2":"dosfleur","format":"[Gen 9] OU","log":"|j|\u2606SashiBagel\n|j|\u2606dosfleur\n|t:|1700061895\n|gametype|singles\n|player|p1|SashiBagel|klara|1172\n|player|p2|dosfleur|shauntal|1241\n|teamsize|p1|6\n|teamsize|p2|6\n|gen|9\n|tier|[Gen 9] OU\n|rated|\n|rule|Sleep Clause Mod: Limit one foe put to sleep\n|rule|Species Clause: Limit one of each Pok\u00e9mon\n|rule|OHKO Clause: OHKO moves are banned\n|rule|Evasion Items Clause: Evasion items are banned\n|rule|Evasion Moves Clause: Evasion moves are banned\n|rule|Endless Battle Clause: Forcing endless battles is banned\n|rule|HP Percentage Mod: HP is shown in percentages\n|clearpoke\n|poke|p1|Zapdos|\n|poke|p1|Landorus-Therian, M|\n|poke|p1|Sneasler, M|\n|poke|p1|Scizor, F|\n|poke|p1|Slowking, M|\n|poke|p1|Kingambit, F|\n|poke|p2|Lokix, M|\n|poke|p2|Heatran, M|\n|poke|p2|Walking Wake|\n|poke|p2|Slowking-Galar, F|\n|poke|p2|Great Tusk|\n|poke|p2|Clefable, M|\n|teampreview\n|inactive|Battle timer is ON: inactive players will automatically lose when time's up. (requested by dosfleur)\n|inactive|SashiBagel also wants the timer to be on.\n|\n|t:|1700061907\n|start\n|switch|p1a: Landorus|Landorus-Therian, M|100\/100\n|switch|p2a: Lokix|Lokix, M|100\/100\n|-ability|p1a: Landorus|Intimidate|boost\n|-unboost|p2a: Lokix|atk|1\n|turn|1\n|\n|t:|1700061917\n|switch|p2a: Clefable|Clefable, M|100\/100\n|move|p1a: Landorus|U-turn|p2a: Clefable\n|-resisted|p2a: Clefable\n|-damage|p2a: Clefable|93\/100\n|-damage|p1a: Landorus|84\/100|[from] item: Rocky Helmet|[of] p2a: Clefable\n|\n|t:|1700061928\n|switch|p1a: Scizor|Scizor, F|100\/100|[from] U-turn\n|\n|upkeep\n|turn|2\n|\n|t:|1700061939\n|switch|p1a: Landorus|Landorus-Therian, M|84\/100\n|-ability|p1a: Landorus|Intimidate|boost\n|-unboost|p2a: Clefable|atk|1\n|switch|p2a: Heatran|Heatran, M|100\/100\n|-item|p2a: Heatran|Air Balloon\n|\n|upkeep\n|turn|3\n|\n|t:|1700061951\n|move|p1a: Landorus|U-turn|p2a: Heatran\n|-resisted|p2a: Heatran\n|-damage|p2a: Heatran|97\/100\n|-enditem|p2a: Heatran|Air Balloon\n|\n|t:|1700061955\n|switch|p1a: Slowking|Slowking, M|100\/100|[from] U-turn\n|move|p2a: Heatran|Stealth Rock|p1a: Slowking\n|-sidestart|p1: SashiBagel|move: Stealth Rock\n|\n|upkeep\n|turn|4\n|\n|t:|1700061963\n|switch|p2a: Slowking|Slowking-Galar, F|100\/100\n|move|p1a: Slowking|Scald|p2a: Slowking\n|-damage|p2a: Slowking|83\/100\n|\n|-heal|p2a: Slowking|90\/100|[from] item: Black Sludge\n|upkeep\n|turn|5\n|\n|t:|1700061977\n|switch|p2a: Heatran|Heatran, M|97\/100\n|move|p1a: Slowking|Psychic|p2a: Heatran\n|-resisted|p2a: Heatran\n|-damage|p2a: Heatran|88\/100\n|\n|upkeep\n|turn|6\n|\n|t:|1700061995\n|move|p2a: Heatran|Protect|p2a: Heatran\n|-singleturn|p2a: Heatran|Protect\n|move|p1a: Slowking|Chilly Reception|p1a: Slowking\n|-weather|Snow\n|\n|t:|1700062002\n|switch|p1a: Landorus|Landorus-Therian, M|84\/100|[from] Chilly Reception\n|-ability|p1a: Landorus|Intimidate|boost\n|-unboost|p2a: Heatran|atk|1\n|\n|-weather|Snow|[upkeep]\n|upkeep\n|turn|7\n|\n|t:|1700062011\n|switch|p2a: Clefable|Clefable, M|93\/100\n|move|p1a: Landorus|Earth Power|p2a: Clefable\n|-damage|p2a: Clefable|58\/100\n|\n|-weather|Snow|[upkeep]\n|upkeep\n|turn|8\n|\n|t:|1700062018\n|move|p1a: Landorus|U-turn|p2a: Clefable\n|-resisted|p2a: Clefable\n|-damage|p2a: Clefable|51\/100\n|-damage|p1a: Landorus|67\/100|[from] item: Rocky Helmet|[of] p2a: Clefable\n|\n|t:|1700062023\n|switch|p1a: Scizor|Scizor, F|100\/100|[from] U-turn\n|-damage|p1a: Scizor|88\/100|[from] Stealth Rock\n|move|p2a: Clefable|Draining Kiss|p1a: Scizor\n|-resisted|p1a: Scizor\n|-damage|p1a: Scizor|78\/100\n|-heal|p2a: Clefable|58\/100|[from] drain|[of] p1a: Scizor\n|\n|-weather|Snow|[upkeep]\n|upkeep\n|turn|9\n|\n|t:|1700062034\n|switch|p2a: Heatran|Heatran, M|88\/100\n|move|p1a: Scizor|Defog|p2a: Heatran\n|-unboost|p2a: Heatran|evasion|1\n|-sideend|p1: SashiBagel|Stealth Rock|[from] move: Defog|[of] p1a: Scizor\n|\n|-weather|Snow|[upkeep]\n|upkeep\n|turn|10\n|\n|t:|1700062043\n|switch|p1a: Slowking|Slowking, M|100\/100\n|move|p2a: Heatran|Lava Plume|p1a: Slowking\n|-resisted|p1a: Slowking\n|-damage|p1a: Slowking|87\/100\n|\n|-weather|none\n|-heal|p1a: Slowking|93\/100|[from] item: Leftovers\n|upkeep\n|turn|11\n|\n|t:|1700062057\n|move|p2a: Heatran|Protect|p2a: Heatran\n|-singleturn|p2a: Heatran|Protect\n|move|p1a: Slowking|Chilly Reception|p1a: Slowking\n|-weather|Snow\n|\n|t:|1700062062\n|switch|p1a: Landorus|Landorus-Therian, M|67\/100|[from] Chilly Reception\n|-ability|p1a: Landorus|Intimidate|boost\n|-unboost|p2a: Heatran|atk|1\n|\n|-weather|Snow|[upkeep]\n|upkeep\n|turn|12\n|\n|t:|1700062087\n|switch|p2a: Walking Wake|Walking Wake|100\/100\n|move|p1a: Landorus|Earth Power|p2a: Walking Wake\n|-damage|p2a: Walking Wake|59\/100\n|-unboost|p2a: Walking Wake|spd|1\n|\n|-weather|Snow|[upkeep]\n|upkeep\n|turn|13\n|\n|t:|1700062099\n|switch|p1a: Slowking|Slowking, M|100\/100\n|move|p2a: Walking Wake|Scald|p1a: Slowking\n|-resisted|p1a: Slowking\n|-damage|p1a: Slowking|77\/100\n|-status|p1a: Slowking|brn\n|\n|-weather|Snow|[upkeep]\n|-heal|p1a: Slowking|83\/100 brn|[from] item: Leftovers\n|-damage|p1a: Slowking|77\/100 brn|[from] brn\n|upkeep\n|turn|14\n|\n|t:|1700062117\n|-end|p2a: Walking Wake|Protosynthesis|[silent]\n|switch|p2a: Slowking|Slowking-Galar, F|100\/100\n|move|p1a: Slowking|Psychic|p2a: Slowking\n|-damage|p2a: Slowking|82\/100\n|\n|-weather|Snow|[upkeep]\n|-heal|p2a: Slowking|88\/100|[from] item: Black Sludge\n|-heal|p1a: Slowking|83\/100 brn|[from] item: Leftovers\n|-damage|p1a: Slowking|77\/100 brn|[from] brn\n|upkeep\n|turn|15\n|\n|t:|1700062126\n|move|p2a: Slowking|Toxic||[still]\n|-fail|p2a: Slowking\n|move|p1a: Slowking|Scald|p2a: Slowking\n|-damage|p2a: Slowking|72\/100\n|\n|-weather|none\n|-heal|p2a: Slowking|78\/100|[from] item: Black Sludge\n|-heal|p1a: Slowking|83\/100 brn|[from] item: Leftovers\n|-damage|p1a: Slowking|77\/100 brn|[from] brn\n|upkeep\n|turn|16\n|\n|t:|1700062135\n|move|p2a: Slowking|Chilly Reception|p2a: Slowking\n|-weather|Snow\n|\n|t:|1700062141\n|switch|p2a: Lokix|Lokix, M|100\/100|[from] Chilly Reception\n|move|p1a: Slowking|Scald|p2a: Lokix\n|-damage|p2a: Lokix|50\/100\n|-status|p2a: Lokix|brn\n|\n|-weather|Snow|[upkeep]\n|-heal|p1a: Slowking|83\/100 brn|[from] item: Leftovers\n|-damage|p2a: Lokix|44\/100 brn|[from] brn\n|-damage|p1a: Slowking|77\/100 brn|[from] brn\n|upkeep\n|turn|17\n|\n|t:|1700062152\n|switch|p1a: Landorus|Landorus-Therian, M|67\/100\n|-ability|p1a: Landorus|Intimidate|boost\n|-unboost|p2a: Lokix|atk|1\n|move|p2a: Lokix|First Impression|p1a: Landorus\n|-resisted|p1a: Landorus\n|-damage|p1a: Landorus|55\/100\n|\n|-weather|Snow|[upkeep]\n|-damage|p2a: Lokix|38\/100 brn|[from] brn\n|upkeep\n|turn|18\n|\n|t:|1700062161\n|switch|p2a: Clefable|Clefable, M|58\/100\n|move|p1a: Landorus|Earth Power|p2a: Clefable\n|-damage|p2a: Clefable|22\/100\n|\n|-weather|Snow|[upkeep]\n|upkeep\n|turn|19\n|\n|t:|1700062167\n|move|p1a: Landorus|Earth Power|p2a: Clefable\n|-damage|p2a: Clefable|0 fnt\n|faint|p2a: Clefable\n|\n|-weather|Snow|[upkeep]\n|upkeep\n|\n|t:|1700062171\n|switch|p2a: Walking Wake|Walking Wake|59\/100\n|turn|20\n|\n|t:|1700062176\n|switch|p1a: Slowking|Slowking, M|100\/100 brn\n|move|p2a: Walking Wake|Scald|p1a: Slowking\n|-resisted|p1a: Slowking\n|-damage|p1a: Slowking|75\/100 brn\n|\n|-weather|none\n|-heal|p1a: Slowking|81\/100 brn|[from] item: Leftovers\n|-damage|p1a: Slowking|75\/100 brn|[from] brn\n|upkeep\n|turn|21\n|\n|t:|1700062186\n|-end|p2a: Walking Wake|Protosynthesis|[silent]\n|switch|p2a: Slowking|Slowking-Galar, F|100\/100\n|move|p1a: Slowking|Chilly Reception|p1a: Slowking\n|-weather|Snow\n|\n|t:|1700062197\n|switch|p1a: Kingambit|Kingambit, F|100\/100|[from] Chilly Reception\n|\n|-weather|Snow|[upkeep]\n|upkeep\n|turn|22\n|\n|t:|1700062202\n|-terastallize|p2a: Slowking|Poison\n|move|p1a: Kingambit|Kowtow Cleave|p2a: Slowking\n|-damage|p2a: Slowking|46\/100\n|move|p2a: Slowking|Chilly Reception|p2a: Slowking\n|\n|t:|1700062209\n|switch|p2a: Heatran|Heatran, M|88\/100|[from] Chilly Reception\n|\n|-weather|Snow|[upkeep]\n|upkeep\n|turn|23\n|\n|t:|1700062215\n|-end|p1a: Kingambit|fallenundefined|[silent]\n|switch|p1a: Landorus|Landorus-Therian, M|55\/100\n|-ability|p1a: Landorus|Intimidate|boost\n|-unboost|p2a: Heatran|atk|1\n|move|p2a: Heatran|Lava Plume|p1a: Landorus\n|-damage|p1a: Landorus|17\/100\n|\n|-weather|Snow|[upkeep]\n|upkeep\n|turn|24\n|\n|t:|1700062229\n|switch|p2a: Lokix|Lokix, M|38\/100 brn\n|move|p1a: Landorus|Earth Power|p2a: Lokix\n|-resisted|p2a: Lokix\n|-damage|p2a: Lokix|0 fnt\n|faint|p2a: Lokix\n|\n|-weather|Snow|[upkeep]\n|upkeep\n|\n|t:|1700062235\n|switch|p2a: Walking Wake|Walking Wake|59\/100\n|turn|25\n|\n|t:|1700062239\n|switch|p1a: Slowking|Slowking, M|100\/100 brn\n|move|p2a: Walking Wake|Draco Meteor|p1a: Slowking\n|-damage|p1a: Slowking|20\/100 brn\n|-unboost|p2a: Walking Wake|spa|2\n|\n|-weather|none\n|-heal|p1a: Slowking|26\/100 brn|[from] item: Leftovers\n|-damage|p1a: Slowking|20\/100 brn|[from] brn\n|upkeep\n|turn|26\n|\n|t:|1700062250\n|switch|p1a: Scizor|Scizor, F|78\/100\n|move|p2a: Walking Wake|Draco Meteor|p1a: Scizor\n|-resisted|p1a: Scizor\n|-damage|p1a: Scizor|46\/100\n|-unboost|p2a: Walking Wake|spa|2\n|\n|upkeep\n|turn|27\n|\n|t:|1700062257\n|-end|p2a: Walking Wake|Protosynthesis|[silent]\n|switch|p2a: Heatran|Heatran, M|88\/100\n|move|p1a: Scizor|Swords Dance|p1a: Scizor\n|-boost|p1a: Scizor|atk|2\n|\n|upkeep\n|turn|28\n|\n|t:|1700062263\n|switch|p1a: Slowking|Slowking, M|54\/100 brn\n|move|p2a: Heatran|Lava Plume|p1a: Slowking\n|-resisted|p1a: Slowking\n|-crit|p1a: Slowking\n|-damage|p1a: Slowking|33\/100 brn\n|\n|-heal|p1a: Slowking|39\/100 brn|[from] item: Leftovers\n|-damage|p1a: Slowking|33\/100 brn|[from] brn\n|upkeep\n|turn|29\n|\n|t:|1700062268\n|move|p2a: Heatran|Stealth Rock|p1a: Slowking\n|-sidestart|p1: SashiBagel|move: Stealth Rock\n|move|p1a: Slowking|Chilly Reception|p1a: Slowking\n|-weather|Snow\n|\n|t:|1700062274\n|switch|p1a: Landorus|Landorus-Therian, M|17\/100|[from] Chilly Reception\n|-ability|p1a: Landorus|Intimidate|boost\n|-unboost|p2a: Heatran|atk|1\n|\n|-weather|Snow|[upkeep]\n|upkeep\n|turn|30\n|\n|t:|1700062281\n|move|p1a: Landorus|Earth Power|p2a: Heatran\n|-supereffective|p2a: Heatran\n|-crit|p2a: Heatran\n|-damage|p2a: Heatran|0 fnt\n|faint|p2a: Heatran\n|\n|-weather|Snow|[upkeep]\n|upkeep\n|\n|t:|1700062287\n|switch|p2a: Great Tusk|Great Tusk|100\/100\n|turn|31\n|\n|t:|1700062305\n|move|p2a: Great Tusk|Close Combat|p1a: Landorus\n|-resisted|p1a: Landorus\n|-damage|p1a: Landorus|0 fnt\n|-unboost|p2a: Great Tusk|def|1\n|-unboost|p2a: Great Tusk|spd|1\n|faint|p1a: Landorus\n|\n|-weather|Snow|[upkeep]\n|upkeep\n|\n|t:|1700062314\n|switch|p1a: Scizor|Scizor, F|46\/100\n|-damage|p1a: Scizor|34\/100|[from] Stealth Rock\n|turn|32\n|\n|t:|1700062318\n|move|p2a: Great Tusk|Close Combat|p1a: Scizor\n|-damage|p1a: Scizor|0 fnt\n|-unboost|p2a: Great Tusk|def|1\n|-unboost|p2a: Great Tusk|spd|1\n|faint|p1a: Scizor\n|\n|-weather|Snow|[upkeep]\n|upkeep\n|\n|t:|1700062331\n|switch|p1a: Zapdos|Zapdos|100\/100\n|turn|33\n|\n|t:|1700062340\n|-end|p2a: Great Tusk|Protosynthesis|[silent]\n|switch|p2a: Slowking|Slowking-Galar, F, tera:Poison|79\/100\n|move|p1a: Zapdos|Agility|p1a: Zapdos\n|-boost|p1a: Zapdos|spe|2\n|\n|-weather|none\n|-heal|p2a: Slowking|85\/100|[from] item: Black Sludge\n|upkeep\n|turn|34\n|\n|t:|1700062347\n|move|p1a: Zapdos|Thunderbolt|p2a: Slowking\n|-damage|p2a: Slowking|57\/100\n|move|p2a: Slowking|Toxic|p1a: Zapdos\n|-status|p1a: Zapdos|tox\n|\n|-heal|p2a: Slowking|63\/100|[from] item: Black Sludge\n|-damage|p1a: Zapdos|94\/100 tox|[from] psn\n|upkeep\n|turn|35\n|\n|t:|1700062355\n|switch|p1a: Slowking|Slowking, M|66\/100 brn\n|-damage|p1a: Slowking|54\/100 brn|[from] Stealth Rock\n|move|p2a: Slowking|Future Sight|p1a: Slowking\n|-start|p2a: Slowking|move: Future Sight\n|\n|-heal|p2a: Slowking|70\/100|[from] item: Black Sludge\n|-heal|p1a: Slowking|60\/100 brn|[from] item: Leftovers\n|-damage|p1a: Slowking|54\/100 brn|[from] brn\n|upkeep\n|turn|36\n|\n|t:|1700062364\n|move|p2a: Slowking|Chilly Reception|p2a: Slowking\n|-weather|Snow\n|\n|t:|1700062367\n|switch|p2a: Great Tusk|Great Tusk|100\/100|[from] Chilly Reception\n|move|p1a: Slowking|Slack Off|p1a: Slowking\n|-heal|p1a: Slowking|100\/100 brn\n|\n|-weather|Snow|[upkeep]\n|-damage|p1a: Slowking|94\/100 brn|[from] brn\n|upkeep\n|turn|37\n|\n|t:|1700062375\n|move|p2a: Great Tusk|Headlong Rush|p1a: Slowking\n|-crit|p1a: Slowking\n|-damage|p1a: Slowking|23\/100 brn\n|-unboost|p2a: Great Tusk|def|1\n|-unboost|p2a: Great Tusk|spd|1\n|move|p1a: Slowking|Chilly Reception|p1a: Slowking\n|\n|t:|1700062382\n|switch|p1a: Kingambit|Kingambit, F|100\/100|[from] Chilly Reception\n|-damage|p1a: Kingambit|94\/100|[from] Stealth Rock\n|-activate|p1a: Kingambit|ability: Supreme Overlord\n|-start|p1a: Kingambit|fallen2|[silent]\n|\n|-weather|Snow|[upkeep]\n|-end|p1a: Kingambit|move: Future Sight\n|-immune|p1a: Kingambit\n|upkeep\n|turn|38\n|\n|t:|1700062392\n|-end|p2a: Great Tusk|Protosynthesis|[silent]\n|switch|p2a: Slowking|Slowking-Galar, F, tera:Poison|100\/100\n|-end|p1a: Kingambit|fallen2|[silent]\n|switch|p1a: Zapdos|Zapdos|94\/100 tox\n|\n|-weather|Snow|[upkeep]\n|-damage|p1a: Zapdos|88\/100 tox|[from] psn\n|upkeep\n|turn|39\n|\n|t:|1700062399\n|move|p1a: Zapdos|Volt Switch|p2a: Slowking\n|-damage|p2a: Slowking|77\/100\n|\n|t:|1700062402\n|switch|p1a: Slowking|Slowking, M|56\/100 brn|[from] Volt Switch\n|-damage|p1a: Slowking|43\/100 brn|[from] Stealth Rock\n|move|p2a: Slowking|Toxic Spikes|p1a: Slowking\n|-sidestart|p1: SashiBagel|move: Toxic Spikes\n|\n|-weather|Snow|[upkeep]\n|-heal|p1a: Slowking|49\/100 brn|[from] item: Leftovers\n|-heal|p2a: Slowking|83\/100|[from] item: Black Sludge\n|-damage|p1a: Slowking|43\/100 brn|[from] brn\n|upkeep\n|turn|40\n|\n|t:|1700062410\n|move|p1a: Slowking|Slack Off|p1a: Slowking\n|-heal|p1a: Slowking|93\/100 brn\n|move|p2a: Slowking|Future Sight|p1a: Slowking\n|-start|p2a: Slowking|move: Future Sight\n|\n|-weather|none\n|-heal|p2a: Slowking|90\/100|[from] item: Black Sludge\n|-heal|p1a: Slowking|99\/100 brn|[from] item: Leftovers\n|-damage|p1a: Slowking|93\/100 brn|[from] brn\n|upkeep\n|turn|41\n|\n|t:|1700062418\n|move|p2a: Slowking|Toxic Spikes|p1a: Slowking\n|-sidestart|p1: SashiBagel|move: Toxic Spikes\n|move|p1a: Slowking|Scald|p2a: Slowking\n|-damage|p2a: Slowking|73\/100\n|\n|-heal|p1a: Slowking|99\/100 brn|[from] item: Leftovers\n|-heal|p2a: Slowking|79\/100|[from] item: Black Sludge\n|-damage|p1a: Slowking|93\/100 brn|[from] brn\n|upkeep\n|turn|42\n|\n|t:|1700062433\n|move|p1a: Slowking|Scald|p2a: Slowking\n|-damage|p2a: Slowking|64\/100\n|move|p2a: Slowking|Chilly Reception|p2a: Slowking\n|-weather|Snow\n|\n|t:|1700062439\n|switch|p2a: Walking Wake|Walking Wake|59\/100|[from] Chilly Reception\n|\n|-weather|Snow|[upkeep]\n|-end|p1a: Slowking|move: Future Sight\n|-resisted|p1a: Slowking\n|-damage|p1a: Slowking|77\/100 brn\n|-heal|p1a: Slowking|83\/100 brn|[from] item: Leftovers\n|-damage|p1a: Slowking|77\/100 brn|[from] brn\n|upkeep\n|turn|43\n|\n|t:|1700062454\n|move|p2a: Walking Wake|Draco Meteor|p1a: Slowking\n|-damage|p1a: Slowking|4\/100 brn\n|-unboost|p2a: Walking Wake|spa|2\n|move|p1a: Slowking|Chilly Reception|p1a: Slowking\n|\n|t:|1700062464\n|switch|p1a: Sneasler|Sneasler, M, shiny|100\/100|[from] Chilly Reception\n|-damage|p1a: Sneasler|95\/100|[from] Stealth Rock\n|-sideend|p1: SashiBagel|move: Toxic Spikes|[of] p1a: Sneasler\n|\n|-weather|Snow|[upkeep]\n|upkeep\n|turn|44\n|\n|t:|1700062471\n|-end|p2a: Walking Wake|Protosynthesis|[silent]\n|switch|p2a: Great Tusk|Great Tusk|100\/100\n|move|p1a: Sneasler|Dire Claw|p2a: Great Tusk\n|-resisted|p2a: Great Tusk\n|-damage|p2a: Great Tusk|86\/100\n|-status|p2a: Great Tusk|psn\n|\n|-weather|Snow|[upkeep]\n|-damage|p2a: Great Tusk|74\/100 psn|[from] psn\n|upkeep\n|turn|45\n|\n|t:|1700062488\n|switch|p1a: Zapdos|Zapdos|88\/100 tox\n|move|p2a: Great Tusk|Headlong Rush|p1a: Zapdos\n|-immune|p1a: Zapdos\n|\n|-weather|Snow|[upkeep]\n|-damage|p2a: Great Tusk|61\/100 psn|[from] psn\n|-damage|p1a: Zapdos|82\/100 tox|[from] psn\n|upkeep\n|turn|46\n|\n|t:|1700062500\n|-end|p2a: Great Tusk|Protosynthesis|[silent]\n|switch|p2a: Slowking|Slowking-Galar, F, tera:Poison|97\/100\n|move|p1a: Zapdos|Volt Switch|p2a: Slowking\n|-damage|p2a: Slowking|75\/100\n|\n|t:|1700062506\n|switch|p1a: Slowking|Slowking, M|37\/100 brn|[from] Volt Switch\n|-damage|p1a: Slowking|24\/100 brn|[from] Stealth Rock\n|\n|-weather|none\n|-heal|p1a: Slowking|30\/100 brn|[from] item: Leftovers\n|-heal|p2a: Slowking|81\/100|[from] item: Black Sludge\n|-damage|p1a: Slowking|24\/100 brn|[from] brn\n|upkeep\n|turn|47\n|\n|t:|1700062523\n|move|p1a: Slowking|Slack Off|p1a: Slowking\n|-heal|p1a: Slowking|74\/100 brn\n|move|p2a: Slowking|Future Sight|p1a: Slowking\n|-start|p2a: Slowking|move: Future Sight\n|\n|-heal|p1a: Slowking|80\/100 brn|[from] item: Leftovers\n|-heal|p2a: Slowking|87\/100|[from] item: Black Sludge\n|-damage|p1a: Slowking|74\/100 brn|[from] brn\n|upkeep\n|turn|48\n|\n|t:|1700062538\n|move|p2a: Slowking|Toxic Spikes|p1a: Slowking\n|-sidestart|p1: SashiBagel|move: Toxic Spikes\n|move|p1a: Slowking|Psychic|p2a: Slowking\n|-supereffective|p2a: Slowking\n|-damage|p2a: Slowking|51\/100\n|\n|-heal|p1a: Slowking|80\/100 brn|[from] item: Leftovers\n|-heal|p2a: Slowking|57\/100|[from] item: Black Sludge\n|-damage|p1a: Slowking|74\/100 brn|[from] brn\n|upkeep\n|turn|49\n|\n|t:|1700062548\n|switch|p2a: Great Tusk|Great Tusk|61\/100 psn\n|move|p1a: Slowking|Chilly Reception|p1a: Slowking\n|-weather|Snow\n|\n|t:|1700062553\n|switch|p1a: Kingambit|Kingambit, F|94\/100|[from] Chilly Reception\n|-damage|p1a: Kingambit|88\/100|[from] Stealth Rock\n|-activate|p1a: Kingambit|ability: Supreme Overlord\n|-start|p1a: Kingambit|fallen2|[silent]\n|\n|-weather|Snow|[upkeep]\n|-end|p1a: Kingambit|move: Future Sight\n|-immune|p1a: Kingambit\n|-damage|p2a: Great Tusk|49\/100 psn|[from] psn\n|upkeep\n|turn|50\n|\n|t:|1700062564\n|-end|p1a: Kingambit|fallen2|[silent]\n|switch|p1a: Slowking|Slowking, M|100\/100 brn\n|-damage|p1a: Slowking|88\/100 brn|[from] Stealth Rock\n|move|p2a: Great Tusk|Close Combat|p1a: Slowking\n|-resisted|p1a: Slowking\n|-damage|p1a: Slowking|65\/100 brn\n|-unboost|p2a: Great Tusk|def|1\n|-unboost|p2a: Great Tusk|spd|1\n|\n|-weather|Snow|[upkeep]\n|-heal|p1a: Slowking|71\/100 brn|[from] item: Leftovers\n|-damage|p2a: Great Tusk|37\/100 psn|[from] psn\n|-damage|p1a: Slowking|65\/100 brn|[from] brn\n|upkeep\n|turn|51\n|\n|t:|1700062576\n|-end|p2a: Great Tusk|Protosynthesis|[silent]\n|switch|p2a: Walking Wake|Walking Wake|59\/100\n|move|p1a: Slowking|Scald|p2a: Walking Wake\n|-resisted|p2a: Walking Wake\n|-damage|p2a: Walking Wake|52\/100\n|\n|-weather|Snow|[upkeep]\n|-heal|p1a: Slowking|71\/100 brn|[from] item: Leftovers\n|-damage|p1a: Slowking|65\/100 brn|[from] brn\n|upkeep\n|turn|52\n|\n|t:|1700062587\n|switch|p1a: Zapdos|Zapdos|82\/100 tox\n|move|p2a: Walking Wake|Draco Meteor|p1a: Zapdos\n|-damage|p1a: Zapdos|0 fnt\n|-unboost|p2a: Walking Wake|spa|2\n|faint|p1a: Zapdos\n|\n|-weather|Snow|[upkeep]\n|upkeep\n|\n|t:|1700062595\n|switch|p1a: Sneasler|Sneasler, M, shiny|95\/100\n|-damage|p1a: Sneasler|89\/100|[from] Stealth Rock\n|-sideend|p1: SashiBagel|move: Toxic Spikes|[of] p1a: Sneasler\n|turn|53\n|\n|t:|1700062600\n|-end|p2a: Walking Wake|Protosynthesis|[silent]\n|switch|p2a: Slowking|Slowking-Galar, F, tera:Poison|90\/100\n|move|p1a: Sneasler|Switcheroo|p2a: Slowking\n|-activate|p1a: Sneasler|move: Trick|[of] p2a: Slowking\n|-item|p2a: Slowking|Choice Scarf|[from] move: Switcheroo\n|-item|p1a: Sneasler|Black Sludge|[from] move: Switcheroo\n|\n|-weather|none\n|-heal|p1a: Sneasler|95\/100|[from] item: Black Sludge\n|upkeep\n|turn|54\n|\n|t:|1700062609\n|move|p1a: Sneasler|U-turn|p2a: Slowking\n|-resisted|p2a: Slowking\n|-damage|p2a: Slowking|77\/100\n|\n|t:|1700062616\n|switch|p1a: Slowking|Slowking, M|98\/100 brn|[from] U-turn\n|-damage|p1a: Slowking|86\/100 brn|[from] Stealth Rock\n|move|p2a: Slowking|Future Sight|p1a: Slowking\n|-start|p2a: Slowking|move: Future Sight\n|\n|-heal|p1a: Slowking|92\/100 brn|[from] item: Leftovers\n|-damage|p1a: Slowking|86\/100 brn|[from] brn\n|upkeep\n|turn|55\n|inactive|SashiBagel has 120 seconds left.\n|\n|t:|1700062648\n|switch|p2a: Great Tusk|Great Tusk|37\/100 psn\n|move|p1a: Slowking|Chilly Reception|p1a: Slowking\n|-weather|Snow\n|inactive|SashiBagel has 120 seconds left.\n|\n|t:|1700062655\n|switch|p1a: Sneasler|Sneasler, M, shiny|95\/100|[from] Chilly Reception\n|-damage|p1a: Sneasler|89\/100|[from] Stealth Rock\n|\n|-weather|Snow|[upkeep]\n|-heal|p1a: Sneasler|95\/100|[from] item: Black Sludge\n|-damage|p2a: Great Tusk|24\/100 psn|[from] psn\n|upkeep\n|turn|56\n|inactive|SashiBagel has 120 seconds left.\n|\n|t:|1700062669\n|move|p2a: Great Tusk|Headlong Rush|p1a: Sneasler\n|-supereffective|p1a: Sneasler\n|-damage|p1a: Sneasler|0 fnt\n|-unboost|p2a: Great Tusk|def|1\n|-unboost|p2a: Great Tusk|spd|1\n|faint|p1a: Sneasler\n|\n|-weather|Snow|[upkeep]\n|-hint|Future Sight did not hit because the target is fainted.\n|-damage|p2a: Great Tusk|12\/100 psn|[from] psn\n|upkeep\n|inactive|SashiBagel has 120 seconds left.\n|\n|t:|1700062679\n|switch|p1a: Kingambit|Kingambit, F|88\/100\n|-damage|p1a: Kingambit|82\/100|[from] Stealth Rock\n|-activate|p1a: Kingambit|ability: Supreme Overlord\n|-start|p1a: Kingambit|fallen4|[silent]\n|turn|57\n|\n|t:|1700062685\n|move|p1a: Kingambit|Sucker Punch|p2a: Great Tusk\n|-resisted|p2a: Great Tusk\n|-damage|p2a: Great Tusk|0 fnt\n|faint|p2a: Great Tusk\n|-end|p2a: Great Tusk|Protosynthesis|[silent]\n|\n|-weather|Snow|[upkeep]\n|upkeep\n|\n|t:|1700062688\n|switch|p2a: Walking Wake|Walking Wake|52\/100\n|turn|58\n|\n|t:|1700062692\n|move|p1a: Kingambit|Sucker Punch|p2a: Walking Wake\n|-damage|p2a: Walking Wake|0 fnt\n|faint|p2a: Walking Wake\n|-end|p2a: Walking Wake|Protosynthesis|[silent]\n|\n|-weather|Snow|[upkeep]\n|upkeep\n|\n|t:|1700062695\n|switch|p2a: Slowking|Slowking-Galar, F, tera:Poison|100\/100\n|turn|59\n|-message|dosfleur forfeited.\n|\n|win|SashiBagel\n|raw|SashiBagel's rating: 1172 &rarr; <strong>1202<\/strong><br \/>(+30 for winning)\n|raw|dosfleur's rating: 1241 &rarr; <strong>1211<\/strong><br \/>(-30 for losing)\n|l|\u2606dosfleur\n","uploadtime":1700062719,"views":10,"p1id":"sashibagel","p2id":"dosfleur","formatid":"gen9ou","rating":1202,"private":0,"password":""}