{"id":"gen9ou-1999430361","p1":"K hamza","p2":"Owany","format":"[Gen 9] OU","log":"|j|\u2606K hamza\n|j|\u2606Owany\n|t:|1701079214\n|gametype|singles\n|player|p1|K hamza|dragontamer|1375\n|player|p2|Owany|silver-masters|1460\n|teamsize|p1|6\n|teamsize|p2|6\n|gen|9\n|tier|[Gen 9] OU\n|rated|\n|rule|Sleep Clause Mod: Limit one foe put to sleep\n|rule|Species Clause: Limit one of each Pok\u00e9mon\n|rule|OHKO Clause: OHKO moves are banned\n|rule|Evasion Items Clause: Evasion items are banned\n|rule|Evasion Moves Clause: Evasion moves are banned\n|rule|Endless Battle Clause: Forcing endless battles is banned\n|rule|HP Percentage Mod: HP is shown in percentages\n|clearpoke\n|poke|p1|Ogerpon-Wellspring, F|\n|poke|p1|Rillaboom, M|\n|poke|p1|Iron Moth|\n|poke|p1|Ting-Lu|\n|poke|p1|Great Tusk|\n|poke|p1|Hatterene, F|\n|poke|p2|Tornadus-Therian, M|\n|poke|p2|Gholdengo|\n|poke|p2|Lokix, F|\n|poke|p2|Glimmora, F|\n|poke|p2|Ogerpon-Wellspring, F|\n|poke|p2|Dragonite, M|\n|teampreview\n|inactive|Battle timer is ON: inactive players will automatically lose when time's up. (requested by K hamza)\n|\n|t:|1701079229\n|start\n|switch|p1a: Ogerpon|Ogerpon-Wellspring, F|100\/100\n|switch|p2a: Glimmora|Glimmora, F|100\/100\n|turn|1\n|\n|t:|1701079240\n|move|p1a: Ogerpon|Ivy Cudgel|p2a: Glimmora|[anim] Ivy Cudgel Water\n|-supereffective|p2a: Glimmora\n|-enditem|p2a: Glimmora|Focus Sash\n|-damage|p2a: Glimmora|1\/100\n|-activate|p2a: Glimmora|ability: Toxic Debris\n|-sidestart|p1: K hamza|move: Toxic Spikes\n|move|p2a: Glimmora|Mortal Spin|p1a: Ogerpon\n|-supereffective|p1a: Ogerpon\n|-damage|p1a: Ogerpon|83\/100\n|-status|p1a: Ogerpon|psn\n|\n|-damage|p1a: Ogerpon|70\/100 psn|[from] psn\n|upkeep\n|turn|2\n|\n|t:|1701079253\n|move|p1a: Ogerpon|Trailblaze|p2a: Glimmora\n|-damage|p2a: Glimmora|0 fnt\n|-boost|p1a: Ogerpon|spe|1\n|-activate|p2a: Glimmora|ability: Toxic Debris\n|-sidestart|p1: K hamza|move: Toxic Spikes\n|faint|p2a: Glimmora\n|\n|-damage|p1a: Ogerpon|58\/100 psn|[from] psn\n|upkeep\n|\n|t:|1701079258\n|switch|p2a: Lokix|Lokix, F|100\/100\n|turn|3\n|\n|t:|1701079268\n|switch|p1a: Great Tusk|Great Tusk|100\/100\n|-status|p1a: Great Tusk|tox\n|move|p2a: Lokix|U-turn|p1a: Great Tusk\n|-resisted|p1a: Great Tusk\n|-damage|p1a: Great Tusk|71\/100 tox\n|\n|t:|1701079271\n|switch|p2a: Tornadus|Tornadus-Therian, M|100\/100|[from] U-turn\n|\n|-damage|p1a: Great Tusk|65\/100 tox|[from] psn\n|upkeep\n|turn|4\n|c|\u2606K hamza|Thatvwas a stupid click\n|\n|t:|1701079282\n|move|p2a: Tornadus|Bleakwind Storm|p1a: Great Tusk|[miss]\n|-miss|p2a: Tornadus|p1a: Great Tusk\n|move|p1a: Great Tusk|Rapid Spin|p2a: Tornadus\n|-damage|p2a: Tornadus|74\/100\n|-boost|p1a: Great Tusk|spe|1\n|-sideend|p1: K hamza|Toxic Spikes|[from] move: Rapid Spin|[of] p1a: Great Tusk\n|\n|-damage|p1a: Great Tusk|52\/100 tox|[from] psn\n|upkeep\n|turn|5\n|c|\u2606Owany|.....\n|\n|t:|1701079293\n|move|p2a: Tornadus|Bleakwind Storm|p1a: Great Tusk\n|-supereffective|p1a: Great Tusk\n|-damage|p1a: Great Tusk|0 fnt\n|faint|p1a: Great Tusk\n|-end|p1a: Great Tusk|Protosynthesis|[silent]\n|\n|upkeep\n|\n|t:|1701079309\n|switch|p1a: Iron Moth|Iron Moth|100\/100\n|-enditem|p1a: Iron Moth|Booster Energy\n|-activate|p1a: Iron Moth|ability: Quark Drive|[fromitem]\n|-start|p1a: Iron Moth|quarkdrivespe\n|turn|6\n|c|\u2606Owany|I swear I miss more with this move than with Hurricane\n|\n|t:|1701079323\n|-terastallize|p2a: Tornadus|Ground\n|move|p1a: Iron Moth|Fiery Dance|p2a: Tornadus\n|-damage|p2a: Tornadus|24\/100\n|move|p2a: Tornadus|Tera Blast|p1a: Iron Moth|[anim] Tera Blast Ground\n|-supereffective|p1a: Iron Moth\n|-damage|p1a: Iron Moth|0 fnt\n|faint|p1a: Iron Moth\n|-end|p1a: Iron Moth|Quark Drive|[silent]\n|\n|upkeep\n|\n|t:|1701079335\n|switch|p1a: Ogerpon|Ogerpon-Wellspring, F|58\/100 psn\n|turn|7\n|\n|t:|1701079342\n|move|p2a: Tornadus|Bleakwind Storm|p1a: Ogerpon|[miss]\n|-miss|p2a: Tornadus|p1a: Ogerpon\n|move|p1a: Ogerpon|Horn Leech|p2a: Tornadus\n|-supereffective|p2a: Tornadus\n|-damage|p2a: Tornadus|0 fnt\n|-heal|p1a: Ogerpon|70\/100 psn|[from] drain|[of] p2a: Tornadus\n|faint|p2a: Tornadus\n|\n|-damage|p1a: Ogerpon|57\/100 psn|[from] psn\n|upkeep\n|c|\u2606Owany|BRO\n|c|\u2606Owany|WHAT DID I SAY\n|c|\u2606K hamza|Yeah\n|c|\u2606Owany|I CAN'T HIT IT\n|\n|t:|1701079360\n|switch|p2a: Lokix|Lokix, F|100\/100\n|turn|8\n|\n|t:|1701079367\n|move|p1a: Ogerpon|Ivy Cudgel|p2a: Lokix|[anim] Ivy Cudgel Water\n|-damage|p2a: Lokix|15\/100\n|move|p2a: Lokix|Leech Life|p1a: Ogerpon\n|-supereffective|p1a: Ogerpon\n|-damage|p1a: Ogerpon|0 fnt\n|-heal|p2a: Lokix|45\/100|[from] drain|[of] p1a: Ogerpon\n|faint|p1a: Ogerpon\n|\n|upkeep\n|\n|t:|1701079381\n|switch|p1a: Hatterene|Hatterene, F|100\/100\n|turn|9\n|\n|t:|1701079385\n|switch|p2a: Gholdengo|Gholdengo|100\/100\n|move|p1a: Hatterene|Draining Kiss|p2a: Gholdengo\n|-resisted|p2a: Gholdengo\n|-damage|p2a: Gholdengo|84\/100\n|\n|upkeep\n|turn|10\n|\n|t:|1701079392\n|move|p2a: Gholdengo|Substitute|p2a: Gholdengo\n|-start|p2a: Gholdengo|Substitute\n|-damage|p2a: Gholdengo|60\/100\n|move|p1a: Hatterene|Mystical Fire|p2a: Gholdengo\n|-supereffective|p2a: Gholdengo\n|-end|p2a: Gholdengo|Substitute\n|\n|upkeep\n|turn|11\n|\n|t:|1701079400\n|move|p2a: Gholdengo|Nasty Plot|p2a: Gholdengo\n|-boost|p2a: Gholdengo|spa|2\n|move|p1a: Hatterene|Mystical Fire|p2a: Gholdengo\n|-supereffective|p2a: Gholdengo\n|-damage|p2a: Gholdengo|0 fnt\n|faint|p2a: Gholdengo\n|\n|upkeep\n|\n|t:|1701079406\n|switch|p2a: Ogerpon|Ogerpon-Wellspring, F|100\/100\n|turn|12\n|\n|t:|1701079410\n|move|p2a: Ogerpon|Swords Dance|p2a: Ogerpon\n|-boost|p2a: Ogerpon|atk|2\n|move|p1a: Hatterene|Nuzzle|p2a: Ogerpon\n|-damage|p2a: Ogerpon|95\/100\n|-status|p2a: Ogerpon|par\n|\n|upkeep\n|turn|13\n|\n|t:|1701079418\n|switch|p1a: Rillaboom|Rillaboom, M|100\/100\n|-fieldstart|move: Grassy Terrain|[from] ability: Grassy Surge|[of] p1a: Rillaboom\n|cant|p2a: Ogerpon|par\n|\n|-heal|p2a: Ogerpon|100\/100 par|[from] Grassy Terrain\n|upkeep\n|turn|14\n|\n|t:|1701079427\n|move|p1a: Rillaboom|Grassy Glide|p2a: Ogerpon\n|-damage|p2a: Ogerpon|17\/100 par\n|cant|p2a: Ogerpon|par\n|\n|-heal|p2a: Ogerpon|23\/100 par|[from] Grassy Terrain\n|upkeep\n|turn|15\n|c|\u2606Owany|BROOOOOOOO\n|c|\u2606K hamza|Very bad rng mate\n|c|\u2606K hamza|So sorry\n|\n|t:|1701079440\n|move|p1a: Rillaboom|Grassy Glide|p2a: Ogerpon\n|-damage|p2a: Ogerpon|0 fnt\n|faint|p2a: Ogerpon\n|\n|upkeep\n|\n|t:|1701079442\n|switch|p2a: Dragonite|Dragonite, M|100\/100\n|turn|16\n|\n|t:|1701079449\n|switch|p1a: Ting-Lu|Ting-Lu|100\/100\n|-ability|p1a: Ting-Lu|Vessel of Ruin\n|move|p2a: Dragonite|Dragon Dance|p2a: Dragonite\n|-boost|p2a: Dragonite|atk|1\n|-boost|p2a: Dragonite|spe|1\n|\n|upkeep\n|turn|17\n|\n|t:|1701079457\n|move|p2a: Dragonite|Dragon Dance|p2a: Dragonite\n|-boost|p2a: Dragonite|atk|1\n|-boost|p2a: Dragonite|spe|1\n|move|p1a: Ting-Lu|Whirlwind|p2a: Dragonite\n|drag|p2a: Lokix|Lokix, F|45\/100\n|\n|-heal|p2a: Lokix|51\/100|[from] Grassy Terrain\n|-fieldend|move: Grassy Terrain\n|upkeep\n|turn|18\n|\n|t:|1701079467\n|move|p2a: Lokix|Leech Life|p1a: Ting-Lu\n|-supereffective|p1a: Ting-Lu\n|-damage|p1a: Ting-Lu|52\/100\n|-heal|p2a: Lokix|95\/100|[from] drain|[of] p1a: Ting-Lu\n|move|p1a: Ting-Lu|Stealth Rock|p2a: Lokix\n|-sidestart|p2: Owany|move: Stealth Rock\n|\n|-heal|p1a: Ting-Lu|58\/100|[from] item: Leftovers\n|upkeep\n|turn|19\n|\n|t:|1701079478\n|move|p2a: Lokix|Leech Life|p1a: Ting-Lu\n|-supereffective|p1a: Ting-Lu\n|-damage|p1a: Ting-Lu|13\/100\n|-heal|p2a: Lokix|100\/100|[from] drain|[of] p1a: Ting-Lu\n|move|p1a: Ting-Lu|Whirlwind|p2a: Lokix\n|drag|p2a: Dragonite|Dragonite, M|100\/100\n|\n|-heal|p1a: Ting-Lu|19\/100|[from] item: Leftovers\n|upkeep\n|turn|20\n|\n|t:|1701079489\n|switch|p1a: Hatterene|Hatterene, F|100\/100\n|move|p2a: Dragonite|Earthquake|p1a: Hatterene\n|-damage|p1a: Hatterene|59\/100\n|\n|upkeep\n|turn|21\n|\n|t:|1701079495\n|move|p2a: Dragonite|Earthquake|p1a: Hatterene\n|-damage|p1a: Hatterene|20\/100\n|move|p1a: Hatterene|Draining Kiss|p2a: Dragonite\n|-supereffective|p2a: Dragonite\n|-damage|p2a: Dragonite|71\/100\n|-heal|p1a: Hatterene|42\/100|[from] drain|[of] p2a: Dragonite\n|\n|upkeep\n|turn|22\n|\n|t:|1701079505\n|move|p2a: Dragonite|Dragon Dance|p2a: Dragonite\n|-boost|p2a: Dragonite|atk|1\n|-boost|p2a: Dragonite|spe|1\n|move|p1a: Hatterene|Draining Kiss|p2a: Dragonite\n|-supereffective|p2a: Dragonite\n|-damage|p2a: Dragonite|10\/100\n|-heal|p1a: Hatterene|89\/100|[from] drain|[of] p2a: Dragonite\n|\n|upkeep\n|turn|23\n|\n|t:|1701079513\n|move|p2a: Dragonite|Earthquake|p1a: Hatterene\n|-damage|p1a: Hatterene|33\/100\n|move|p1a: Hatterene|Draining Kiss|p2a: Dragonite\n|-supereffective|p2a: Dragonite\n|-crit|p2a: Dragonite\n|-damage|p2a: Dragonite|0 fnt\n|-heal|p1a: Hatterene|40\/100|[from] drain|[of] p2a: Dragonite\n|faint|p2a: Dragonite\n|\n|upkeep\n|\n|t:|1701079515\n|switch|p2a: Lokix|Lokix, F|100\/100\n|-damage|p2a: Lokix|76\/100|[from] Stealth Rock\n|turn|24\n|\n|t:|1701079527\n|move|p2a: Lokix|Leech Life|p1a: Hatterene\n|-damage|p1a: Hatterene|0 fnt\n|-heal|p2a: Lokix|98\/100|[from] drain|[of] p1a: Hatterene\n|faint|p1a: Hatterene\n|\n|upkeep\n|\n|t:|1701079534\n|switch|p1a: Rillaboom|Rillaboom, M|100\/100\n|-fieldstart|move: Grassy Terrain|[from] ability: Grassy Surge|[of] p1a: Rillaboom\n|turn|25\n|\n|t:|1701079541\n|-terastallize|p1a: Rillaboom|Grass\n|move|p1a: Rillaboom|Grassy Glide|p2a: Lokix\n|-resisted|p2a: Lokix\n|-damage|p2a: Lokix|34\/100\n|move|p2a: Lokix|Leech Life|p1a: Rillaboom\n|-supereffective|p1a: Rillaboom\n|-damage|p1a: Rillaboom|0 fnt\n|-heal|p2a: Lokix|95\/100|[from] drain|[of] p1a: Rillaboom\n|faint|p1a: Rillaboom\n|\n|-heal|p2a: Lokix|100\/100|[from] Grassy Terrain\n|upkeep\n|c|\u2606Owany|gg\n|c|\u2606K hamza|Gg\n|c|\u2606K hamza|I played stupid\n|c|\u2606K hamza|Got plenty lucky\n|c|\u2606Owany|Happens\n|inactive|K hamza has 120 seconds left.\n|c|\u2606K hamza|Gg for the win\n|c|\u2606K hamza|That was an unloseable game for me\n|\n|t:|1701079588\n|switch|p1a: Ting-Lu|Ting-Lu|19\/100\n|-ability|p1a: Ting-Lu|Vessel of Ruin\n|turn|26\n|\n|t:|1701079599\n|move|p2a: Lokix|Leech Life|p1a: Ting-Lu\n|-supereffective|p1a: Ting-Lu\n|-damage|p1a: Ting-Lu|0 fnt\n|faint|p1a: Ting-Lu\n|\n|win|Owany\n|raw|K hamza's rating: 1375 &rarr; <strong>1360<\/strong><br \/>(-15 for losing)\n|raw|Owany's rating: 1460 &rarr; <strong>1475<\/strong><br \/>(+15 for winning)\n","uploadtime":1701079606,"views":13,"p1id":"khamza","p2id":"owany","formatid":"gen9ou","rating":1360,"private":0,"password":""}