{"id":"gen9ou-1993586143","p1":"Zwellish","p2":"Luck matter","format":"[Gen 9] OU","log":"|j|\u2606Zwellish\n|j|\u2606Luck matter\n|inactive|Battle timer is ON: inactive players will automatically lose when time's up.\n|t:|1700334617\n|gametype|singles\n|player|p1|Zwellish|266|\n|player|p2|Luck matter|101|\n|teamsize|p1|3\n|teamsize|p2|3\n|gen|9\n|tier|[Gen 9] OU\n|rated|Tournament battle\n|rule|Sleep Clause Mod: Limit one foe put to sleep\n|rule|Species Clause: Limit one of each Pok\u00e9mon\n|rule|OHKO Clause: OHKO moves are banned\n|rule|Evasion Items Clause: Evasion items are banned\n|rule|Evasion Moves Clause: Evasion moves are banned\n|rule|Endless Battle Clause: Forcing endless battles is banned\n|rule|HP Percentage Mod: HP is shown in percentages\n|clearpoke\n|poke|p1|Crawdaunt, M|\n|poke|p1|Sneasler, F|\n|poke|p1|Monferno, M|\n|poke|p2|Inteleon, F|\n|poke|p2|Bisharp, F|\n|poke|p2|Corviknight, M|\n|teampreview\n|j|*Lady Monita \u2746\n|inactive|Luck matter also wants the timer to be on.\n|c|\u2606Zwellish|Glhf\n|j| karameru_san\n|c|\u2606Luck matter|gl\n|inactive|Luck matter has 120 seconds left.\n|\n|t:|1700334651\n|start\n|switch|p1a: Sneasler|Sneasler, F|100\/100\n|switch|p2a: Corviknight|Corviknight, M|100\/100\n|turn|1\n|j| E4Everyone\n|\n|t:|1700334663\n|move|p1a: Sneasler|Fake Out|p2a: Corviknight\n|-resisted|p2a: Corviknight\n|-damage|p2a: Corviknight|95\/100\n|-damage|p1a: Sneasler|84\/100|[from] item: Rocky Helmet|[of] p2a: Corviknight\n|cant|p2a: Corviknight|flinch\n|\n|upkeep\n|turn|2\n|\n|t:|1700334670\n|-terastallize|p1a: Sneasler|Fighting\n|move|p1a: Sneasler|Close Combat|p2a: Corviknight\n|-damage|p2a: Corviknight|25\/100\n|-unboost|p1a: Sneasler|def|1\n|-unboost|p1a: Sneasler|spd|1\n|-damage|p1a: Sneasler|67\/100|[from] item: Rocky Helmet|[of] p2a: Corviknight\n|-enditem|p1a: Sneasler|White Herb\n|-clearnegativeboost|p1a: Sneasler|[silent]\n|move|p2a: Corviknight|Bulk Up|p2a: Corviknight\n|-boost|p2a: Corviknight|atk|1\n|-boost|p2a: Corviknight|def|1\n|\n|upkeep\n|turn|3\n|j| Gambit_Gamin\n|j| Whammerist\n|l| Gambit_Gamin\n|\n|t:|1700334694\n|move|p1a: Sneasler|Close Combat|p2a: Corviknight\n|-damage|p2a: Corviknight|0 fnt\n|-unboost|p1a: Sneasler|def|1\n|-unboost|p1a: Sneasler|spd|1\n|-damage|p1a: Sneasler|51\/100|[from] item: Rocky Helmet|[of] p2a: Corviknight\n|faint|p2a: Corviknight\n|\n|upkeep\n|\n|t:|1700334706\n|switch|p2a: Bisharp|Bisharp, F|100\/100\n|turn|4\n|j| MoonlightPachirisu\n|\n|t:|1700334714\n|-terastallize|p2a: Bisharp|Fighting\n|move|p1a: Sneasler|Close Combat|p2a: Bisharp\n|-damage|p2a: Bisharp|41\/100\n|-unboost|p1a: Sneasler|def|1\n|-unboost|p1a: Sneasler|spd|1\n|move|p2a: Bisharp|Iron Head|p1a: Sneasler\n|-damage|p1a: Sneasler|0 fnt\n|faint|p1a: Sneasler\n|\n|upkeep\n|j| Gear Fifth Luffy\n|\n|t:|1700334737\n|switch|p1a: Monferno|Monferno, M|100\/100\n|turn|5\n|\n|t:|1700334743\n|move|p2a: Bisharp|Sucker Punch|p1a: Monferno\n|-resisted|p1a: Monferno\n|-damage|p1a: Monferno|74\/100\n|move|p1a: Monferno|Drain Punch|p2a: Bisharp\n|-damage|p2a: Bisharp|19\/100\n|-heal|p1a: Monferno|88\/100|[from] drain|[of] p2a: Bisharp\n|\n|upkeep\n|turn|6\n|\n|t:|1700334754\n|move|p1a: Monferno|Fire Punch|p2a: Bisharp\n|-damage|p2a: Bisharp|0 fnt\n|faint|p2a: Bisharp\n|\n|upkeep\n|\n|t:|1700334757\n|switch|p2a: Inteleon|Inteleon, F|100\/100\n|turn|7\n|\n|t:|1700334765\n|move|p1a: Monferno|Mach Punch|p2a: Inteleon\n|-damage|p2a: Inteleon|70\/100\n|move|p2a: Inteleon|Scald|p1a: Monferno\n|-supereffective|p1a: Monferno\n|-damage|p1a: Monferno|0 fnt\n|faint|p1a: Monferno\n|\n|upkeep\n|\n|t:|1700334770\n|switch|p1a: Crawdaunt|Crawdaunt, M|100\/100\n|turn|8\n|\n|t:|1700334773\n|move|p2a: Inteleon|Scald|p1a: Crawdaunt\n|-resisted|p1a: Crawdaunt\n|-damage|p1a: Crawdaunt|50\/100\n|move|p1a: Crawdaunt|Knock Off|p2a: Inteleon\n|-damage|p2a: Inteleon|0 fnt\n|-enditem|p2a: Inteleon|Choice Specs|[from] move: Knock Off|[of] p1a: Crawdaunt\n|faint|p2a: Inteleon\n|\n|win|Zwellish\n|n|\u2606Zwellish|zwellish\n|n|\u2606Luck matter|luckmatter\n|n|*Lady Monita \u2746|ladymonita\n|n| karameru_san|karamerusan\n|n| E4Everyone|e4everyone\n|n| Whammerist|whammerist\n|n| MoonlightPachirisu|moonlightpachirisu\n|n| Gear Fifth Luffy|gearfifthluffy\n","uploadtime":1700334774,"views":8,"p1id":"zwellish","p2id":"luckmatter","formatid":"gen9ou","rating":0,"private":0,"password":""}