{"id":"gen9ou-1996373283","p1":"pyrromanis","p2":"billychily","format":"[Gen 9] OU","log":"|j|\u2606pyrromanis\n|j|\u2606billychily\n|t:|1700675847\n|gametype|singles\n|player|p1|pyrromanis|firebreather|\n|player|p2|billychily|ghetsis|\n|teamsize|p1|6\n|teamsize|p2|6\n|gen|9\n|tier|[Gen 9] OU\n|rule|Sleep Clause Mod: Limit one foe put to sleep\n|rule|Species Clause: Limit one of each Pok\u00e9mon\n|rule|OHKO Clause: OHKO moves are banned\n|rule|Evasion Items Clause: Evasion items are banned\n|rule|Evasion Moves Clause: Evasion moves are banned\n|rule|Endless Battle Clause: Forcing endless battles is banned\n|rule|HP Percentage Mod: HP is shown in percentages\n|clearpoke\n|poke|p1|Zapdos|\n|poke|p1|Heatran, F|\n|poke|p1|Weavile, F|\n|poke|p1|Ogerpon-Wellspring, F|\n|poke|p1|Scizor, M|\n|poke|p1|Slowking-Galar, M|\n|poke|p2|Samurott-Hisui, M|\n|poke|p2|Kingambit, F|\n|poke|p2|Dragapult, M|\n|poke|p2|Empoleon, M|\n|poke|p2|Landorus-Therian, M|\n|poke|p2|Zamazenta-*|\n|teampreview\n|inactive|Battle timer is ON: inactive players will automatically lose when time's up. (requested by pyrromanis)\n|\n|t:|1700675863\n|start\n|switch|p1a: Raikiri|Zapdos, shiny|100\/100\n|switch|p2a: Landorus|Landorus-Therian, M|100\/100\n|-ability|p2a: Landorus|Intimidate|boost\n|-unboost|p1a: Raikiri|atk|1\n|turn|1\n|\n|t:|1700675870\n|move|p2a: Landorus|Stealth Rock|p1a: Raikiri\n|-sidestart|p1: pyrromanis|move: Stealth Rock\n|move|p1a: Raikiri|Hurricane|p2a: Landorus\n|-damage|p2a: Landorus|43\/100\n|-start|p2a: Landorus|confusion\n|\n|upkeep\n|turn|2\n|\n|t:|1700675887\n|switch|p2a: Empoleon|Empoleon, M, shiny|100\/100\n|move|p1a: Raikiri|Hurricane|p2a: Empoleon\n|-resisted|p2a: Empoleon\n|-damage|p2a: Empoleon|87\/100\n|\n|upkeep\n|turn|3\n|\n|t:|1700675891\n|move|p1a: Raikiri|Volt Switch|p2a: Empoleon\n|-supereffective|p2a: Empoleon\n|-damage|p2a: Empoleon|52\/100\n|\n|t:|1700675896\n|switch|p1a: Bowl Head|Slowking-Galar, M|100\/100|[from] Volt Switch\n|move|p2a: Empoleon|Ice Beam|p1a: Bowl Head\n|-damage|p1a: Bowl Head|83\/100\n|\n|upkeep\n|turn|4\n|\n|t:|1700675908\n|-terastallize|p2a: Empoleon|Ground\n|move|p2a: Empoleon|Tera Blast|p1a: Bowl Head|[anim] Tera Blast Ground\n|-supereffective|p1a: Bowl Head\n|-damage|p1a: Bowl Head|36\/100\n|move|p1a: Bowl Head|Future Sight|p2a: Empoleon\n|-start|p1a: Bowl Head|move: Future Sight\n|\n|upkeep\n|turn|5\n|\n|t:|1700675916\n|switch|p1a: Majora|Ogerpon-Wellspring, F|100\/100\n|-damage|p1a: Majora|88\/100|[from] Stealth Rock\n|move|p2a: Empoleon|Tera Blast|p1a: Majora|[anim] Tera Blast Ground\n|-resisted|p1a: Majora\n|-damage|p1a: Majora|65\/100\n|\n|upkeep\n|turn|6\n|\n|t:|1700675927\n|move|p1a: Majora|Horn Leech|p2a: Empoleon\n|-supereffective|p2a: Empoleon\n|-damage|p2a: Empoleon|0 fnt\n|-heal|p1a: Majora|96\/100|[from] drain|[of] p2a: Empoleon\n|faint|p2a: Empoleon\n|\n|-hint|Future Sight did not hit because the target is fainted.\n|upkeep\n|\n|t:|1700675935\n|switch|p2a: Landorus|Landorus-Therian, M|43\/100\n|-ability|p2a: Landorus|Intimidate|boost\n|-unboost|p1a: Majora|atk|1\n|turn|7\n|\n|t:|1700675941\n|move|p2a: Landorus|U-turn|p1a: Majora\n|-supereffective|p1a: Majora\n|-damage|p1a: Majora|25\/100\n|\n|t:|1700675950\n|switch|p2a: Kingambit|Kingambit, F|100\/100|[from] U-turn\n|-activate|p2a: Kingambit|ability: Supreme Overlord\n|-start|p2a: Kingambit|fallen1|[silent]\n|move|p1a: Majora|Ivy Cudgel|p2a: Kingambit|[anim] Ivy Cudgel Water\n|-damage|p2a: Kingambit|69\/100\n|\n|-heal|p2a: Kingambit|75\/100|[from] item: Leftovers\n|upkeep\n|turn|8\n|\n|t:|1700675959\n|switch|p1a: Zic|Scizor, M|100\/100\n|move|p2a: Kingambit|Kowtow Cleave|p1a: Zic\n|-damage|p1a: Zic|41\/100\n|\n|-heal|p2a: Kingambit|81\/100|[from] item: Leftovers\n|upkeep\n|turn|9\n|\n|t:|1700675976\n|move|p2a: Kingambit|Sucker Punch|p1a: Zic\n|-damage|p1a: Zic|0 fnt\n|faint|p1a: Zic\n|\n|-heal|p2a: Kingambit|87\/100|[from] item: Leftovers\n|upkeep\n|\n|t:|1700675982\n|switch|p1a: Hopscrotch|Heatran, F|100\/100\n|-damage|p1a: Hopscrotch|88\/100|[from] Stealth Rock\n|turn|10\n|\n|t:|1700675992\n|-end|p2a: Kingambit|fallen1|[silent]\n|switch|p2a: Landorus|Landorus-Therian, M|43\/100\n|-ability|p2a: Landorus|Intimidate|boost\n|-unboost|p1a: Hopscrotch|atk|1\n|move|p1a: Hopscrotch|Magma Storm|p2a: Landorus\n|-damage|p2a: Landorus|0 fnt\n|faint|p2a: Landorus\n|\n|-heal|p1a: Hopscrotch|94\/100|[from] item: Leftovers\n|upkeep\n|\n|t:|1700675999\n|switch|p2a: Zamazenta|Zamazenta|100\/100\n|-ability|p2a: Zamazenta|Dauntless Shield|boost\n|-boost|p2a: Zamazenta|def|1\n|turn|11\n|\n|t:|1700676013\n|switch|p1a: Raikiri|Zapdos, shiny|100\/100\n|move|p2a: Zamazenta|Crunch|p1a: Raikiri\n|-damage|p1a: Raikiri|65\/100\n|\n|upkeep\n|turn|12\n|\n|t:|1700676029\n|switch|p2a: Kingambit|Kingambit, F|87\/100\n|-activate|p2a: Kingambit|ability: Supreme Overlord\n|-start|p2a: Kingambit|fallen2|[silent]\n|move|p1a: Raikiri|Roost|p1a: Raikiri\n|-heal|p1a: Raikiri|100\/100\n|-singleturn|p1a: Raikiri|move: Roost\n|\n|-heal|p2a: Kingambit|93\/100|[from] item: Leftovers\n|upkeep\n|turn|13\n|\n|t:|1700676033\n|move|p2a: Kingambit|Sucker Punch|p1a: Raikiri\n|-damage|p1a: Raikiri|55\/100\n|move|p1a: Raikiri|Heat Wave|p2a: Kingambit\n|-supereffective|p2a: Kingambit\n|-crit|p2a: Kingambit\n|-damage|p2a: Kingambit|0 fnt\n|faint|p2a: Kingambit\n|-end|p2a: Kingambit|fallen2|[silent]\n|\n|upkeep\n|\n|t:|1700676042\n|switch|p2a: Dragapult|Dragapult, M, shiny|100\/100\n|turn|14\n|\n|t:|1700676050\n|switch|p1a: Hopscrotch|Heatran, F|94\/100\n|-damage|p1a: Hopscrotch|82\/100|[from] Stealth Rock\n|move|p2a: Dragapult|Draco Meteor|p1a: Hopscrotch\n|-resisted|p1a: Hopscrotch\n|-damage|p1a: Hopscrotch|64\/100\n|-unboost|p2a: Dragapult|spa|2\n|\n|-heal|p1a: Hopscrotch|71\/100|[from] item: Leftovers\n|upkeep\n|turn|15\n|\n|t:|1700676065\n|switch|p2a: Samurott|Samurott-Hisui, M|100\/100\n|move|p1a: Hopscrotch|Magma Storm|p2a: Samurott\n|-resisted|p2a: Samurott\n|-damage|p2a: Samurott|67\/100\n|-activate|p2a: Samurott|move: Magma Storm|[of] p1a: Hopscrotch\n|\n|-heal|p1a: Hopscrotch|77\/100|[from] item: Leftovers\n|-damage|p2a: Samurott|54\/100|[from] move: Magma Storm|[partiallytrapped]\n|upkeep\n|turn|16\n|\n|t:|1700676077\n|move|p2a: Samurott|Ceaseless Edge|p1a: Hopscrotch\n|-damage|p1a: Hopscrotch|39\/100\n|-sidestart|p1: pyrromanis|Spikes\n|move|p1a: Hopscrotch|Stealth Rock|p2a: Samurott\n|-sidestart|p2: billychily|move: Stealth Rock\n|\n|-heal|p1a: Hopscrotch|45\/100|[from] item: Leftovers\n|-damage|p2a: Samurott|42\/100|[from] move: Magma Storm|[partiallytrapped]\n|upkeep\n|turn|17\n|\n|t:|1700676082\n|move|p2a: Samurott|Ceaseless Edge|p1a: Hopscrotch\n|-damage|p1a: Hopscrotch|6\/100\n|-sidestart|p1: pyrromanis|Spikes\n|move|p1a: Hopscrotch|Earth Power|p2a: Samurott\n|-damage|p2a: Samurott|3\/100\n|\n|-heal|p1a: Hopscrotch|12\/100|[from] item: Leftovers\n|-damage|p2a: Samurott|0 fnt|[from] move: Magma Storm|[partiallytrapped]\n|faint|p2a: Samurott\n|upkeep\n|c|\u2606billychily|perimena switch sto ogerpon\n|\n|t:|1700676092\n|switch|p2a: Dragapult|Dragapult, M, shiny|100\/100\n|-damage|p2a: Dragapult|88\/100|[from] Stealth Rock\n|turn|18\n|\n|t:|1700676096\n|move|p2a: Dragapult|Dragon Pulse|p1a: Hopscrotch\n|-resisted|p1a: Hopscrotch\n|-damage|p1a: Hopscrotch|0 fnt\n|faint|p1a: Hopscrotch\n|\n|upkeep\n|c|\u2606billychily|f me\n|\n|t:|1700676104\n|switch|p1a: Bowl Head|Slowking-Galar, M|69\/100\n|turn|19\n|\n|t:|1700676112\n|move|p2a: Dragapult|Dragon Pulse|p1a: Bowl Head\n|-damage|p1a: Bowl Head|46\/100\n|move|p1a: Bowl Head|Thunder Wave|p2a: Dragapult\n|-status|p2a: Dragapult|par\n|\n|upkeep\n|turn|20\n|\n|t:|1700676117\n|cant|p2a: Dragapult|par\n|move|p1a: Bowl Head|Future Sight|p2a: Dragapult\n|-start|p1a: Bowl Head|move: Future Sight\n|\n|upkeep\n|turn|21\n|\n|t:|1700676120\n|move|p2a: Dragapult|Dragon Pulse|p1a: Bowl Head\n|-damage|p1a: Bowl Head|25\/100\n|move|p1a: Bowl Head|Chilly Reception|p1a: Bowl Head\n|-weather|Snow\n|\n|t:|1700676129\n|switch|p1a: Vinny|Weavile, F|100\/100|[from] Chilly Reception\n|-ability|p1a: Vinny|Pressure\n|\n|-weather|Snow|[upkeep]\n|upkeep\n|turn|22\n|\n|t:|1700676134\n|move|p1a: Vinny|Icicle Crash|p2a: Dragapult\n|-supereffective|p2a: Dragapult\n|-damage|p2a: Dragapult|0 fnt\n|faint|p2a: Dragapult\n|\n|-weather|Snow|[upkeep]\n|-hint|Future Sight did not hit because the target is fainted.\n|upkeep\n|\n|t:|1700676137\n|switch|p2a: Zamazenta|Zamazenta|100\/100\n|-damage|p2a: Zamazenta|94\/100|[from] Stealth Rock\n|turn|23\n|\n|t:|1700676150\n|move|p2a: Zamazenta|Close Combat|p1a: Vinny\n|-supereffective|p1a: Vinny\n|-damage|p1a: Vinny|0 fnt\n|-unboost|p2a: Zamazenta|def|1\n|-unboost|p2a: Zamazenta|spd|1\n|faint|p1a: Vinny\n|\n|-weather|Snow|[upkeep]\n|upkeep\n|\n|t:|1700676154\n|switch|p1a: Raikiri|Zapdos, shiny|55\/100\n|turn|24\n|\n|t:|1700676157\n|move|p2a: Zamazenta|Close Combat|p1a: Raikiri\n|-resisted|p1a: Raikiri\n|-damage|p1a: Raikiri|14\/100\n|-unboost|p2a: Zamazenta|def|1\n|-unboost|p2a: Zamazenta|spd|1\n|-status|p2a: Zamazenta|par|[from] ability: Static|[of] p1a: Raikiri\n|move|p1a: Raikiri|Roost|p1a: Raikiri\n|-heal|p1a: Raikiri|64\/100\n|-singleturn|p1a: Raikiri|move: Roost\n|\n|-weather|Snow|[upkeep]\n|upkeep\n|turn|25\n|\n|t:|1700676161\n|move|p1a: Raikiri|Roost|p1a: Raikiri\n|-heal|p1a: Raikiri|100\/100\n|-singleturn|p1a: Raikiri|move: Roost\n|move|p2a: Zamazenta|Close Combat|p1a: Raikiri\n|-damage|p1a: Raikiri|19\/100\n|-unboost|p2a: Zamazenta|def|1\n|-unboost|p2a: Zamazenta|spd|1\n|\n|-weather|none\n|upkeep\n|turn|26\n|\n|t:|1700676167\n|move|p1a: Raikiri|Hurricane|p2a: Zamazenta\n|-supereffective|p2a: Zamazenta\n|-damage|p2a: Zamazenta|0 fnt\n|faint|p2a: Zamazenta\n|\n|win|pyrromanis\n|c|\u2606billychily|ggs\n|c|\u2606pyrromanis|gg wp\n","uploadtime":1700676173,"views":2,"p1id":"pyrromanis","p2id":"billychily","formatid":"gen9ou","rating":0,"private":0,"password":""}