{"id":"gen9ou-1997832983","p1":"Zkeem1","p2":"Zixerneas","format":"[Gen 9] OU","log":"|j|\u2606Zkeem1\n|j|\u2606Zixerneas\n|t:|1700857624\n|gametype|singles\n|player|p1|Zkeem1|dawn-gen4pt|1392\n|player|p2|Zixerneas|az|1498\n|teamsize|p1|6\n|teamsize|p2|6\n|gen|9\n|tier|[Gen 9] OU\n|rated|\n|rule|Sleep Clause Mod: Limit one foe put to sleep\n|rule|Species Clause: Limit one of each Pok\u00e9mon\n|rule|OHKO Clause: OHKO moves are banned\n|rule|Evasion Items Clause: Evasion items are banned\n|rule|Evasion Moves Clause: Evasion moves are banned\n|rule|Endless Battle Clause: Forcing endless battles is banned\n|rule|HP Percentage Mod: HP is shown in percentages\n|clearpoke\n|poke|p1|Alomomola, M|\n|poke|p1|Ting-Lu|\n|poke|p1|Gholdengo|\n|poke|p1|Weezing-Galar, M|\n|poke|p1|Dragonite, M|\n|poke|p1|Iron Valiant|\n|poke|p2|Zamazenta-*|\n|poke|p2|Great Tusk|\n|poke|p2|Dragapult, M|\n|poke|p2|Ting-Lu|\n|poke|p2|Iron Moth|\n|poke|p2|Hatterene, F|\n|teampreview\n|inactive|Battle timer is ON: inactive players will automatically lose when time's up. (requested by Zixerneas)\n|\n|t:|1700857650\n|start\n|switch|p1a: Weezing|Weezing-Galar, M|100\/100\n|switch|p2a: Iron Moth|Iron Moth|100\/100\n|turn|1\n|\n|t:|1700857659\n|switch|p1a: Dragonite|Dragonite, M|100\/100\n|move|p2a: Iron Moth|Sludge Wave|p1a: Dragonite\n|-damage|p1a: Dragonite|74\/100\n|\n|upkeep\n|turn|2\n|\n|t:|1700857665\n|-terastallize|p1a: Dragonite|Normal\n|move|p1a: Dragonite|Extreme Speed|p2a: Iron Moth\n|-damage|p2a: Iron Moth|0 fnt\n|faint|p2a: Iron Moth\n|-end|p2a: Iron Moth|Quark Drive|[silent]\n|\n|upkeep\n|\n|t:|1700857670\n|switch|p2a: Zamazenta|Zamazenta|100\/100\n|-ability|p2a: Zamazenta|Dauntless Shield|boost\n|-boost|p2a: Zamazenta|def|1\n|turn|3\n|\n|t:|1700857678\n|switch|p1a: Weezing|Weezing-Galar, M|100\/100\n|move|p2a: Zamazenta|Body Press|p1a: Weezing\n|-resisted|p1a: Weezing\n|-damage|p1a: Weezing|93\/100\n|-damage|p2a: Zamazenta|84\/100|[from] item: Rocky Helmet|[of] p1a: Weezing\n|\n|-heal|p2a: Zamazenta|90\/100|[from] item: Leftovers\n|upkeep\n|turn|4\n|\n|t:|1700857687\n|switch|p2a: Hatterene|Hatterene, F|100\/100\n|move|p1a: Weezing|Will-O-Wisp|p2a: Hatterene\n|move|p2a: Hatterene|Will-O-Wisp|p1a: Weezing|[from]ability: Magic Bounce\n|-status|p1a: Weezing|brn\n|\n|-damage|p1a: Weezing|87\/100 brn|[from] brn\n|upkeep\n|turn|5\n|\n|t:|1700857697\n|switch|p1a: Gholdengo|Gholdengo|100\/100\n|move|p2a: Hatterene|Calm Mind|p2a: Hatterene\n|-boost|p2a: Hatterene|spa|1\n|-boost|p2a: Hatterene|spd|1\n|\n|upkeep\n|turn|6\n|\n|t:|1700857703\n|-terastallize|p2a: Hatterene|Water\n|move|p1a: Gholdengo|Trick|p2a: Hatterene\n|-activate|p1a: Gholdengo|move: Trick|[of] p2a: Hatterene\n|-item|p2a: Hatterene|Choice Scarf|[from] move: Trick\n|-item|p1a: Gholdengo|Leftovers|[from] move: Trick\n|move|p2a: Hatterene|Mystical Fire|p1a: Gholdengo\n|-supereffective|p1a: Gholdengo\n|-damage|p1a: Gholdengo|19\/100\n|-unboost|p1a: Gholdengo|spa|1\n|\n|-heal|p1a: Gholdengo|25\/100|[from] item: Leftovers\n|upkeep\n|turn|7\n|\n|t:|1700857713\n|switch|p1a: Alomomola|Alomomola, M|100\/100\n|move|p2a: Hatterene|Mystical Fire|p1a: Alomomola\n|-resisted|p1a: Alomomola\n|-damage|p1a: Alomomola|81\/100\n|-unboost|p1a: Alomomola|spa|1\n|\n|upkeep\n|turn|8\n|\n|t:|1700857735\n|switch|p2a: Ting-Lu|Ting-Lu|100\/100\n|-ability|p2a: Ting-Lu|Vessel of Ruin\n|move|p1a: Alomomola|Wish|p1a: Alomomola\n|\n|upkeep\n|turn|9\n|\n|t:|1700857742\n|move|p1a: Alomomola|Flip Turn|p2a: Ting-Lu\n|-supereffective|p2a: Ting-Lu\n|-damage|p2a: Ting-Lu|85\/100\n|\n|t:|1700857750\n|switch|p1a: Dragonite|Dragonite, M, tera:Normal|74\/100|[from] Flip Turn\n|move|p2a: Ting-Lu|Spikes|p1a: Dragonite\n|-sidestart|p1: Zkeem1|Spikes\n|\n|-heal|p1a: Dragonite|100\/100|[from] move: Wish|[wisher] Alomomola\n|-heal|p2a: Ting-Lu|92\/100|[from] item: Leftovers\n|upkeep\n|turn|10\n|\n|t:|1700857763\n|move|p1a: Dragonite|Ice Spinner|p2a: Ting-Lu\n|-supereffective|p2a: Ting-Lu\n|-crit|p2a: Ting-Lu\n|-damage|p2a: Ting-Lu|13\/100\n|move|p2a: Ting-Lu|Spikes|p1a: Dragonite\n|-sidestart|p1: Zkeem1|Spikes\n|\n|-heal|p2a: Ting-Lu|20\/100|[from] item: Leftovers\n|upkeep\n|turn|11\n|\n|t:|1700857771\n|switch|p1a: Weezing|Weezing-Galar, M|87\/100 brn\n|switch|p2a: Zamazenta|Zamazenta|90\/100\n|\n|-heal|p2a: Zamazenta|96\/100|[from] item: Leftovers\n|-damage|p1a: Weezing|81\/100 brn|[from] brn\n|upkeep\n|turn|12\n|\n|t:|1700857790\n|move|p2a: Zamazenta|Substitute|p2a: Zamazenta\n|-start|p2a: Zamazenta|Substitute\n|-damage|p2a: Zamazenta|71\/100\n|move|p1a: Weezing|Defog|p2a: Zamazenta\n|-sideend|p1: Zkeem1|Spikes|[from] move: Defog|[of] p1a: Weezing\n|\n|-heal|p2a: Zamazenta|78\/100|[from] item: Leftovers\n|-damage|p1a: Weezing|75\/100 brn|[from] brn\n|upkeep\n|turn|13\n|\n|t:|1700857804\n|switch|p1a: Iron Valiant|Iron Valiant|100\/100\n|-enditem|p1a: Iron Valiant|Booster Energy\n|-activate|p1a: Iron Valiant|ability: Quark Drive|[fromitem]\n|-start|p1a: Iron Valiant|quarkdrivespe\n|move|p2a: Zamazenta|Iron Defense|p2a: Zamazenta\n|-boost|p2a: Zamazenta|def|2\n|\n|-heal|p2a: Zamazenta|84\/100|[from] item: Leftovers\n|upkeep\n|turn|14\n|\n|t:|1700857813\n|move|p1a: Iron Valiant|Spirit Break|p2a: Zamazenta\n|-supereffective|p2a: Zamazenta\n|-end|p2a: Zamazenta|Substitute\n|move|p2a: Zamazenta|Body Press|p1a: Iron Valiant\n|-resisted|p1a: Iron Valiant\n|-damage|p1a: Iron Valiant|59\/100\n|\n|-heal|p2a: Zamazenta|90\/100|[from] item: Leftovers\n|upkeep\n|turn|15\n|\n|t:|1700857824\n|move|p1a: Iron Valiant|Spirit Break|p2a: Zamazenta\n|-supereffective|p2a: Zamazenta\n|-damage|p2a: Zamazenta|63\/100\n|-unboost|p2a: Zamazenta|spa|1\n|move|p2a: Zamazenta|Body Press|p1a: Iron Valiant\n|-resisted|p1a: Iron Valiant\n|-damage|p1a: Iron Valiant|13\/100\n|\n|-heal|p2a: Zamazenta|69\/100|[from] item: Leftovers\n|upkeep\n|turn|16\n|\n|t:|1700857840\n|move|p1a: Iron Valiant|Knock Off|p2a: Zamazenta\n|-resisted|p2a: Zamazenta\n|-damage|p2a: Zamazenta|64\/100\n|-enditem|p2a: Zamazenta|Leftovers|[from] move: Knock Off|[of] p1a: Iron Valiant\n|move|p2a: Zamazenta|Body Press|p1a: Iron Valiant\n|-resisted|p1a: Iron Valiant\n|-damage|p1a: Iron Valiant|0 fnt\n|faint|p1a: Iron Valiant\n|-end|p1a: Iron Valiant|Quark Drive|[silent]\n|\n|upkeep\n|\n|t:|1700857857\n|switch|p1a: Weezing|Weezing-Galar, M|75\/100 brn\n|turn|17\n|\n|t:|1700857860\n|move|p2a: Zamazenta|Substitute|p2a: Zamazenta\n|-start|p2a: Zamazenta|Substitute\n|-damage|p2a: Zamazenta|39\/100\n|move|p1a: Weezing|Will-O-Wisp||[still]\n|-fail|p1a: Weezing\n|\n|-damage|p1a: Weezing|69\/100 brn|[from] brn\n|upkeep\n|turn|18\n|\n|t:|1700857868\n|move|p2a: Zamazenta|Iron Defense|p2a: Zamazenta\n|-boost|p2a: Zamazenta|def|2\n|move|p1a: Weezing|Flamethrower|p2a: Zamazenta\n|-activate|p2a: Zamazenta|move: Substitute|[damage]\n|\n|-damage|p1a: Weezing|63\/100 brn|[from] brn\n|upkeep\n|turn|19\n|\n|t:|1700857875\n|move|p2a: Zamazenta|Iron Defense|p2a: Zamazenta\n|-boost|p2a: Zamazenta|def|2\n|move|p1a: Weezing|Flamethrower|p2a: Zamazenta\n|-end|p2a: Zamazenta|Substitute\n|\n|-damage|p1a: Weezing|57\/100 brn|[from] brn\n|upkeep\n|turn|20\n|\n|t:|1700857882\n|move|p2a: Zamazenta|Substitute|p2a: Zamazenta\n|-start|p2a: Zamazenta|Substitute\n|-damage|p2a: Zamazenta|14\/100\n|move|p1a: Weezing|Flamethrower|p2a: Zamazenta\n|-activate|p2a: Zamazenta|move: Substitute|[damage]\n|\n|-damage|p1a: Weezing|51\/100 brn|[from] brn\n|upkeep\n|turn|21\n|\n|t:|1700857889\n|move|p2a: Zamazenta|Body Press|p1a: Weezing\n|-resisted|p1a: Weezing\n|-damage|p1a: Weezing|31\/100 brn\n|-damage|p2a: Zamazenta|0 fnt|[from] item: Rocky Helmet|[of] p1a: Weezing\n|faint|p2a: Zamazenta\n|move|p1a: Weezing|Flamethrower|p2: Zamazenta|[notarget]\n|-fail|p1a: Weezing\n|\n|-damage|p1a: Weezing|25\/100 brn|[from] brn\n|upkeep\n|\n|t:|1700857908\n|switch|p2a: Dragapult|Dragapult, M|100\/100\n|turn|22\n|\n|t:|1700857916\n|switch|p1a: Ting-Lu|Ting-Lu|100\/100\n|-ability|p1a: Ting-Lu|Vessel of Ruin\n|move|p2a: Dragapult|Flamethrower|p1a: Ting-Lu\n|-damage|p1a: Ting-Lu|85\/100\n|\n|-heal|p1a: Ting-Lu|91\/100|[from] item: Leftovers\n|upkeep\n|turn|23\n|\n|t:|1700857933\n|switch|p2a: Great Tusk|Great Tusk|100\/100\n|-enditem|p2a: Great Tusk|Booster Energy\n|-activate|p2a: Great Tusk|ability: Protosynthesis|[fromitem]\n|-start|p2a: Great Tusk|protosynthesisspe\n|move|p1a: Ting-Lu|Earthquake|p2a: Great Tusk\n|-damage|p2a: Great Tusk|78\/100\n|\n|-heal|p1a: Ting-Lu|97\/100|[from] item: Leftovers\n|upkeep\n|turn|24\n|\n|t:|1700857952\n|switch|p1a: Alomomola|Alomomola, M|100\/100\n|move|p2a: Great Tusk|Bulk Up|p2a: Great Tusk\n|-boost|p2a: Great Tusk|atk|1\n|-boost|p2a: Great Tusk|def|1\n|\n|upkeep\n|turn|25\n|\n|t:|1700857960\n|move|p2a: Great Tusk|Knock Off|p1a: Alomomola\n|-damage|p1a: Alomomola|78\/100\n|-damage|p2a: Great Tusk|61\/100|[from] item: Rocky Helmet|[of] p1a: Alomomola\n|-enditem|p1a: Alomomola|Rocky Helmet|[from] move: Knock Off|[of] p2a: Great Tusk\n|move|p1a: Alomomola|Wish|p1a: Alomomola\n|\n|upkeep\n|turn|26\n|\n|t:|1700857967\n|move|p2a: Great Tusk|Bulk Up|p2a: Great Tusk\n|-boost|p2a: Great Tusk|atk|1\n|-boost|p2a: Great Tusk|def|1\n|move|p1a: Alomomola|Flip Turn|p2a: Great Tusk\n|-supereffective|p2a: Great Tusk\n|-damage|p2a: Great Tusk|52\/100\n|\n|t:|1700857975\n|switch|p1a: Weezing|Weezing-Galar, M|25\/100 brn|[from] Flip Turn\n|\n|-heal|p1a: Weezing|100\/100 brn|[from] move: Wish|[wisher] Alomomola\n|-damage|p1a: Weezing|95\/100 brn|[from] brn\n|upkeep\n|turn|27\n|\n|t:|1700857983\n|move|p2a: Great Tusk|Earthquake|p1a: Weezing\n|-immune|p1a: Weezing|[from] ability: Levitate\n|move|p1a: Weezing|Will-O-Wisp|p2a: Great Tusk\n|-status|p2a: Great Tusk|brn\n|\n|-damage|p2a: Great Tusk|46\/100 brn|[from] brn\n|-damage|p1a: Weezing|89\/100 brn|[from] brn\n|upkeep\n|turn|28\n|\n|t:|1700857991\n|move|p2a: Great Tusk|Knock Off|p1a: Weezing\n|-resisted|p1a: Weezing\n|-damage|p1a: Weezing|80\/100 brn\n|-damage|p2a: Great Tusk|29\/100 brn|[from] item: Rocky Helmet|[of] p1a: Weezing\n|-enditem|p1a: Weezing|Rocky Helmet|[from] move: Knock Off|[of] p2a: Great Tusk\n|move|p1a: Weezing|Flamethrower|p2a: Great Tusk\n|-damage|p2a: Great Tusk|5\/100 brn\n|\n|-damage|p2a: Great Tusk|0 fnt|[from] brn\n|faint|p2a: Great Tusk\n|-end|p2a: Great Tusk|Protosynthesis|[silent]\n|-damage|p1a: Weezing|74\/100 brn|[from] brn\n|upkeep\n|\n|t:|1700857999\n|switch|p2a: Dragapult|Dragapult, M|100\/100\n|turn|29\n|\n|t:|1700858008\n|move|p2a: Dragapult|Shadow Ball|p1a: Weezing\n|-damage|p1a: Weezing|6\/100 brn\n|-unboost|p1a: Weezing|spd|1\n|move|p1a: Weezing|Pain Split|p2a: Dragapult\n|-sethp|p2a: Dragapult|53\/100|[from] move: Pain Split|[silent]\n|-sethp|p1a: Weezing|51\/100 brn|[from] move: Pain Split\n|\n|-damage|p1a: Weezing|45\/100 brn|[from] brn\n|upkeep\n|turn|30\n|\n|t:|1700858019\n|switch|p1a: Ting-Lu|Ting-Lu|97\/100\n|-ability|p1a: Ting-Lu|Vessel of Ruin\n|move|p2a: Dragapult|Shadow Ball|p1a: Ting-Lu\n|-resisted|p1a: Ting-Lu\n|-damage|p1a: Ting-Lu|87\/100\n|\n|-heal|p1a: Ting-Lu|93\/100|[from] item: Leftovers\n|upkeep\n|turn|31\n|\n|t:|1700858029\n|switch|p2a: Hatterene|Hatterene, F, tera:Water|100\/100\n|move|p1a: Ting-Lu|Earthquake|p2a: Hatterene\n|-damage|p2a: Hatterene|62\/100\n|\n|-heal|p1a: Ting-Lu|99\/100|[from] item: Leftovers\n|upkeep\n|turn|32\n|\n|t:|1700858037\n|switch|p1a: Gholdengo|Gholdengo|25\/100\n|move|p2a: Hatterene|Calm Mind|p2a: Hatterene\n|-boost|p2a: Hatterene|spa|1\n|-boost|p2a: Hatterene|spd|1\n|\n|-heal|p1a: Gholdengo|31\/100|[from] item: Leftovers\n|upkeep\n|turn|33\n|-message|Zixerneas forfeited.\n|\n|win|Zkeem1\n|raw|Zkeem1's rating: 1392 &rarr; <strong>1418<\/strong><br \/>(+26 for winning)\n|raw|Zixerneas's rating: 1498 &rarr; <strong>1472<\/strong><br \/>(-26 for losing)\n|l|\u2606Zixerneas\n|c|\u2606Zkeem1|gg\n","uploadtime":1700858051,"views":2,"p1id":"zkeem1","p2id":"zixerneas","formatid":"gen9ou","rating":1418,"private":0,"password":""}