{"id":"gen9ou-1997370334","p1":"iamhaxnoob","p2":"RepeatUntilTired3","format":"[Gen 9] OU","log":"|j|\u2606iamhaxnoob\n|j|\u2606RepeatUntilTired3\n|t:|1700795310\n|gametype|singles\n|player|p1|iamhaxnoob|1|1432\n|player|p2|RepeatUntilTired3|marlon|1512\n|teamsize|p1|6\n|teamsize|p2|6\n|gen|9\n|tier|[Gen 9] OU\n|rated|\n|rule|Sleep Clause Mod: Limit one foe put to sleep\n|rule|Species Clause: Limit one of each Pok\u00e9mon\n|rule|OHKO Clause: OHKO moves are banned\n|rule|Evasion Items Clause: Evasion items are banned\n|rule|Evasion Moves Clause: Evasion moves are banned\n|rule|Endless Battle Clause: Forcing endless battles is banned\n|rule|HP Percentage Mod: HP is shown in percentages\n|clearpoke\n|poke|p1|Fezandipiti, M|\n|poke|p1|Iron Valiant|\n|poke|p1|Dragapult, M|\n|poke|p1|Rotom-Wash|\n|poke|p1|Ogerpon-Wellspring, F|\n|poke|p1|Great Tusk|\n|poke|p2|Basculegion-F, F|\n|poke|p2|Thundurus-Therian, M|\n|poke|p2|Tornadus-Therian, M|\n|poke|p2|Pelipper, M|\n|poke|p2|Iron Treads|\n|poke|p2|Samurott-Hisui, M|\n|teampreview\n|inactive|Battle timer is ON: inactive players will automatically lose when time's up. (requested by RepeatUntilTired3)\n|\n|t:|1700795319\n|start\n|switch|p1a: Dragapult|Dragapult, M|100\/100\n|switch|p2a: BigDaddyPel|Pelipper, M|100\/100\n|-weather|RainDance|[from] ability: Drizzle|[of] p2a: BigDaddyPel\n|turn|1\n|\n|t:|1700795334\n|switch|p2a: Droideka|Iron Treads|100\/100\n|move|p1a: Dragapult|U-turn|p2a: Droideka\n|-resisted|p2a: Droideka\n|-damage|p2a: Droideka|94\/100\n|\n|t:|1700795357\n|switch|p1a: Great Tusk|Great Tusk|100\/100|[from] U-turn\n|\n|-weather|RainDance|[upkeep]\n|-heal|p2a: Droideka|100\/100|[from] item: Leftovers\n|upkeep\n|turn|2\n|\n|t:|1700795363\n|-end|p2a: Droideka|Quark Drive|[silent]\n|switch|p2a: Him|Tornadus-Therian, M|100\/100\n|move|p1a: Great Tusk|Stealth Rock|p2a: Him\n|-sidestart|p2: RepeatUntilTired3|move: Stealth Rock\n|\n|-weather|RainDance|[upkeep]\n|upkeep\n|turn|3\n|\n|t:|1700795379\n|-end|p1a: Great Tusk|Protosynthesis|[silent]\n|switch|p1a: Rotom|Rotom-Wash|100\/100\n|move|p2a: Him|Hurricane|p1a: Rotom\n|-resisted|p1a: Rotom\n|-damage|p1a: Rotom|75\/100\n|\n|-weather|RainDance|[upkeep]\n|-heal|p1a: Rotom|82\/100|[from] item: Leftovers\n|upkeep\n|turn|4\n|\n|t:|1700795391\n|switch|p2a: Droideka|Iron Treads|100\/100\n|-damage|p2a: Droideka|97\/100|[from] Stealth Rock\n|move|p1a: Rotom|Thunder Wave|p2a: Droideka\n|-immune|p2a: Droideka\n|\n|-weather|RainDance|[upkeep]\n|-heal|p1a: Rotom|88\/100|[from] item: Leftovers\n|-heal|p2a: Droideka|100\/100|[from] item: Leftovers\n|upkeep\n|turn|5\n|\n|t:|1700795400\n|move|p1a: Rotom|Will-O-Wisp|p2a: Droideka\n|-status|p2a: Droideka|brn\n|move|p2a: Droideka|Stealth Rock|p1a: Rotom\n|-sidestart|p1: iamhaxnoob|move: Stealth Rock\n|\n|-weather|RainDance|[upkeep]\n|-heal|p1a: Rotom|94\/100|[from] item: Leftovers\n|-damage|p2a: Droideka|94\/100 brn|[from] brn\n|upkeep\n|turn|6\n|\n|t:|1700795408\n|switch|p1a: Great Tusk|Great Tusk|100\/100\n|-damage|p1a: Great Tusk|97\/100|[from] Stealth Rock\n|move|p2a: Droideka|Volt Switch|p1a: Great Tusk\n|-immune|p1a: Great Tusk\n|\n|-weather|RainDance|[upkeep]\n|-heal|p2a: Droideka|100\/100 brn|[from] item: Leftovers\n|-damage|p2a: Droideka|94\/100 brn|[from] brn\n|upkeep\n|turn|7\n|\n|t:|1700795429\n|-end|p2a: Droideka|Quark Drive|[silent]\n|switch|p2a: FatThor|Thundurus-Therian, M|100\/100\n|move|p1a: Great Tusk|Rapid Spin|p2a: FatThor\n|-damage|p2a: FatThor|77\/100\n|-boost|p1a: Great Tusk|spe|1\n|-sideend|p1: iamhaxnoob|Stealth Rock|[from] move: Rapid Spin|[of] p1a: Great Tusk\n|\n|-weather|RainDance|[upkeep]\n|upkeep\n|turn|8\n|\n|t:|1700795439\n|-terastallize|p1a: Great Tusk|Dark\n|move|p1a: Great Tusk|Ice Spinner|p2a: FatThor\n|-supereffective|p2a: FatThor\n|-damage|p2a: FatThor|2\/100\n|move|p2a: FatThor|Weather Ball|p1a: Great Tusk\n|-damage|p1a: Great Tusk|28\/100\n|\n|-weather|none\n|upkeep\n|turn|9\n|\n|t:|1700795460\n|move|p1a: Great Tusk|Ice Spinner|p2a: FatThor\n|-supereffective|p2a: FatThor\n|-damage|p2a: FatThor|0 fnt\n|faint|p2a: FatThor\n|\n|upkeep\n|inactive|RepeatUntilTired3 has 120 seconds left.\n|\n|t:|1700795488\n|switch|p2a: BigDaddyPel|Pelipper, M|100\/100\n|-damage|p2a: BigDaddyPel|76\/100|[from] Stealth Rock\n|-weather|RainDance|[from] ability: Drizzle|[of] p2a: BigDaddyPel\n|turn|10\n|\n|t:|1700795499\n|move|p1a: Great Tusk|Ice Spinner|p2a: BigDaddyPel\n|-damage|p2a: BigDaddyPel|51\/100\n|move|p2a: BigDaddyPel|Surf|p1a: Great Tusk\n|-damage|p1a: Great Tusk|0 fnt\n|faint|p1a: Great Tusk\n|-end|p1a: Great Tusk|Protosynthesis|[silent]\n|\n|-weather|RainDance|[upkeep]\n|upkeep\n|\n|t:|1700795514\n|switch|p1a: Dragapult|Dragapult, M|100\/100\n|turn|11\n|\n|t:|1700795520\n|switch|p2a: Droideka|Iron Treads|94\/100 brn\n|-damage|p2a: Droideka|91\/100 brn|[from] Stealth Rock\n|move|p1a: Dragapult|Thunderbolt|p2a: Droideka\n|-immune|p2a: Droideka\n|\n|-weather|RainDance|[upkeep]\n|-heal|p2a: Droideka|97\/100 brn|[from] item: Leftovers\n|-damage|p2a: Droideka|91\/100 brn|[from] brn\n|upkeep\n|turn|12\n|\n|t:|1700795529\n|move|p1a: Dragapult|Hex|p2a: Droideka\n|-damage|p2a: Droideka|45\/100 brn\n|move|p2a: Droideka|Stealth Rock|p1a: Dragapult\n|-sidestart|p1: iamhaxnoob|move: Stealth Rock\n|\n|-weather|RainDance|[upkeep]\n|-heal|p2a: Droideka|51\/100 brn|[from] item: Leftovers\n|-damage|p2a: Droideka|45\/100 brn|[from] brn\n|upkeep\n|turn|13\n|\n|t:|1700795536\n|move|p1a: Dragapult|Hex|p2a: Droideka\n|-damage|p2a: Droideka|0 fnt\n|faint|p2a: Droideka\n|-end|p2a: Droideka|Quark Drive|[silent]\n|\n|-weather|RainDance|[upkeep]\n|upkeep\n|\n|t:|1700795545\n|switch|p2a: Dauntless|Samurott-Hisui, M|100\/100\n|-damage|p2a: Dauntless|88\/100|[from] Stealth Rock\n|turn|14\n|\n|t:|1700795557\n|switch|p1a: Fezandipiti|Fezandipiti, M|100\/100\n|move|p2a: Dauntless|Ceaseless Edge|p1a: Fezandipiti\n|-resisted|p1a: Fezandipiti\n|-damage|p1a: Fezandipiti|64\/100\n|-sidestart|p1: iamhaxnoob|Spikes\n|\n|-weather|RainDance|[upkeep]\n|upkeep\n|turn|15\n|\n|t:|1700795574\n|move|p1a: Fezandipiti|Play Rough|p2a: Dauntless\n|-supereffective|p2a: Dauntless\n|-damage|p2a: Dauntless|26\/100\n|move|p2a: Dauntless|Ceaseless Edge|p1a: Fezandipiti\n|-resisted|p1a: Fezandipiti\n|-damage|p1a: Fezandipiti|27\/100\n|-sidestart|p1: iamhaxnoob|Spikes\n|\n|-weather|RainDance|[upkeep]\n|upkeep\n|turn|16\n|\n|t:|1700795583\n|move|p1a: Fezandipiti|Roost|p1a: Fezandipiti\n|-heal|p1a: Fezandipiti|77\/100\n|-singleturn|p1a: Fezandipiti|move: Roost\n|move|p2a: Dauntless|Ceaseless Edge|p1a: Fezandipiti\n|-resisted|p1a: Fezandipiti\n|-damage|p1a: Fezandipiti|35\/100\n|-sidestart|p1: iamhaxnoob|Spikes\n|\n|-weather|RainDance|[upkeep]\n|upkeep\n|turn|17\n|\n|t:|1700795591\n|move|p1a: Fezandipiti|Roost|p1a: Fezandipiti\n|-heal|p1a: Fezandipiti|85\/100\n|-singleturn|p1a: Fezandipiti|move: Roost\n|move|p2a: Dauntless|Ceaseless Edge|p1a: Fezandipiti|[miss]\n|-miss|p2a: Dauntless|p1a: Fezandipiti\n|\n|-weather|none\n|upkeep\n|turn|18\n|\n|t:|1700795597\n|move|p1a: Fezandipiti|Play Rough|p2a: Dauntless\n|-supereffective|p2a: Dauntless\n|-damage|p2a: Dauntless|0 fnt\n|faint|p2a: Dauntless\n|\n|upkeep\n|\n|t:|1700795609\n|switch|p2a: Him|Tornadus-Therian, M|100\/100\n|turn|19\n|\n|t:|1700795613\n|move|p2a: Him|Taunt|p1a: Fezandipiti\n|-start|p1a: Fezandipiti|move: Taunt\n|move|p1a: Fezandipiti|Beat Up|p2a: Him\n|-damage|p2a: Him|96\/100\n|-damage|p2a: Him|91\/100\n|-damage|p2a: Him|87\/100\n|-status|p2a: Him|tox|[from] ability: Toxic Chain|[of] p1a: Fezandipiti\n|-damage|p2a: Him|83\/100 tox\n|-damage|p2a: Him|78\/100 tox\n|-hitcount|p2a: Him|5\n|\n|-damage|p2a: Him|72\/100 tox|[from] psn\n|upkeep\n|turn|20\n|\n|t:|1700795625\n|move|p2a: Him|Nasty Plot|p2a: Him\n|-boost|p2a: Him|spa|2\n|move|p1a: Fezandipiti|Play Rough|p2a: Him\n|-crit|p2a: Him\n|-damage|p2a: Him|10\/100 tox\n|\n|-damage|p2a: Him|0 fnt|[from] psn\n|faint|p2a: Him\n|upkeep\n|-message|RepeatUntilTired3 forfeited.\n|\n|win|iamhaxnoob\n|raw|iamhaxnoob's rating: 1432 &rarr; <strong>1457<\/strong><br \/>(+25 for winning)\n|raw|RepeatUntilTired3's rating: 1512 &rarr; <strong>1487<\/strong><br \/>(-25 for losing)\n|l|\u2606RepeatUntilTired3\n","uploadtime":1700795639,"views":27,"p1id":"iamhaxnoob","p2id":"repeatuntiltired3","formatid":"gen9ou","rating":1457,"private":0,"password":""}