{"id":"gen9ou-2000004238","p1":"shimajima","p2":"Bllammix","format":"[Gen 9] OU","log":"|j|\u2606shimajima\n|j|\u2606Bllammix\n|t:|1701140055\n|gametype|singles\n|player|p1|shimajima|iris-gen5bw2|1065\n|player|p2|Bllammix|169|1000\n|teamsize|p1|6\n|teamsize|p2|6\n|gen|9\n|tier|[Gen 9] OU\n|rated|\n|rule|Sleep Clause Mod: Limit one foe put to sleep\n|rule|Species Clause: Limit one of each Pok\u00e9mon\n|rule|OHKO Clause: OHKO moves are banned\n|rule|Evasion Items Clause: Evasion items are banned\n|rule|Evasion Moves Clause: Evasion moves are banned\n|rule|Endless Battle Clause: Forcing endless battles is banned\n|rule|HP Percentage Mod: HP is shown in percentages\n|clearpoke\n|poke|p1|Iron Valiant|\n|poke|p1|Great Tusk|\n|poke|p1|Garchomp, F|\n|poke|p1|Dragonite, F|\n|poke|p1|Walking Wake|\n|poke|p1|Cinderace, M|\n|poke|p2|Alomomola, M|\n|poke|p2|Weezing-Galar, M|\n|poke|p2|Landorus-Therian, M|\n|poke|p2|Shaymin|\n|poke|p2|Cyclizar, M|\n|poke|p2|Heatran, F|\n|teampreview\n|\n|t:|1701140063\n|start\n|switch|p1a: men in skirts >>|Iron Valiant|100\/100\n|switch|p2a: Landorus|Landorus-Therian, M|100\/100\n|-ability|p2a: Landorus|Intimidate|boost\n|-unboost|p1a: men in skirts >>|atk|1\n|-enditem|p1a: men in skirts >>|Booster Energy\n|-activate|p1a: men in skirts >>|ability: Quark Drive|[fromitem]\n|-start|p1a: men in skirts >>|quarkdrivespe\n|turn|1\n|\n|t:|1701140073\n|switch|p2a: Heatran|Heatran, F|100\/100\n|move|p1a: men in skirts >>|Taunt|p2a: Heatran\n|-start|p2a: Heatran|move: Taunt\n|\n|upkeep\n|turn|2\n|\n|t:|1701140082\n|switch|p2a: Landorus|Landorus-Therian, M|100\/100\n|-ability|p2a: Landorus|Intimidate|boost\n|-unboost|p1a: men in skirts >>|atk|1\n|move|p1a: men in skirts >>|Close Combat|p2a: Landorus\n|-resisted|p2a: Landorus\n|-damage|p2a: Landorus|84\/100\n|-unboost|p1a: men in skirts >>|def|1\n|-unboost|p1a: men in skirts >>|spd|1\n|\n|upkeep\n|turn|3\n|\n|t:|1701140094\n|move|p1a: men in skirts >>|Taunt|p2a: Landorus\n|-start|p2a: Landorus|move: Taunt\n|move|p2a: Landorus|Earthquake|p1a: men in skirts >>\n|-damage|p1a: men in skirts >>|10\/100\n|\n|upkeep\n|turn|4\n|\n|t:|1701140108\n|move|p1a: men in skirts >>|Moonblast|p2a: Landorus\n|-damage|p2a: Landorus|30\/100\n|move|p2a: Landorus|Stone Edge|p1a: men in skirts >>\n|-resisted|p1a: men in skirts >>\n|-damage|p1a: men in skirts >>|0 fnt\n|faint|p1a: men in skirts >>\n|-end|p1a: men in skirts >>|Quark Drive|[silent]\n|\n|upkeep\n|inactive|Battle timer is ON: inactive players will automatically lose when time's up. (requested by Bllammix)\n|\n|t:|1701140115\n|switch|p1a: susan|Garchomp, F|100\/100\n|turn|5\n|\n|t:|1701140122\n|switch|p2a: Alomomola|Alomomola, M|100\/100\n|move|p1a: susan|Stealth Rock|p2a: Alomomola\n|-sidestart|p2: Bllammix|move: Stealth Rock\n|\n|upkeep\n|turn|6\n|\n|t:|1701140129\n|move|p2a: Alomomola|Scald|p1a: susan\n|-damage|p1a: susan|88\/100\n|move|p1a: susan|Dragon Tail|p2a: Alomomola\n|-damage|p2a: Alomomola|88\/100\n|drag|p2a: Shaymin|Shaymin|100\/100\n|-damage|p2a: Shaymin|88\/100|[from] Stealth Rock\n|\n|upkeep\n|turn|7\n|\n|t:|1701140139\n|move|p1a: susan|Spikes|p2a: Shaymin\n|-sidestart|p2: Bllammix|Spikes\n|move|p2a: Shaymin|Play Rough|p1a: susan\n|-supereffective|p1a: susan\n|-damage|p1a: susan|41\/100\n|-damage|p2a: Shaymin|76\/100|[from] ability: Rough Skin|[of] p1a: susan\n|-damage|p2a: Shaymin|59\/100|[from] item: Rocky Helmet|[of] p1a: susan\n|\n|upkeep\n|turn|8\n|\n|t:|1701140147\n|move|p2a: Shaymin|Bullet Seed|p1a: susan\n|-damage|p1a: susan|32\/100\n|-damage|p1a: susan|22\/100\n|-damage|p1a: susan|12\/100\n|-damage|p1a: susan|2\/100\n|-damage|p1a: susan|0 fnt\n|faint|p1a: susan\n|-hitcount|p1: susan|5\n|\n|upkeep\n|\n|t:|1701140156\n|switch|p1a: twink|Cinderace, M|100\/100\n|turn|9\n|\n|t:|1701140172\n|switch|p2a: Weezing|Weezing-Galar, M|100\/100\n|-ability|p2a: Weezing|Neutralizing Gas\n|-damage|p2a: Weezing|88\/100|[from] Stealth Rock\n|-damage|p2a: Weezing|76\/100|[from] Spikes\n|move|p1a: twink|U-turn|p2a: Weezing\n|-resisted|p2a: Weezing\n|-damage|p2a: Weezing|73\/100\n|\n|t:|1701140188\n|switch|p1a: walking woke|Walking Wake|100\/100|[from] U-turn\n|-enditem|p1a: walking woke|Booster Energy\n|-activate|p1a: walking woke|ability: Protosynthesis|[fromitem]\n|-start|p1a: walking woke|protosynthesisspa\n|\n|upkeep\n|turn|10\n|\n|t:|1701140195\n|-terastallize|p1a: walking woke|Fairy\n|move|p1a: walking woke|Agility|p1a: walking woke\n|-boost|p1a: walking woke|spe|2\n|move|p2a: Weezing|Strange Steam|p1a: walking woke|[miss]\n|-miss|p2a: Weezing|p1a: walking woke\n|\n|upkeep\n|turn|11\n|\n|t:|1701140208\n|move|p1a: walking woke|Surf|p2a: Weezing\n|-damage|p2a: Weezing|0 fnt\n|faint|p2a: Weezing\n|-end|p2a: Weezing|ability: Neutralizing Gas\n|\n|upkeep\n|\n|t:|1701140213\n|switch|p2a: Alomomola|Alomomola, M|100\/100\n|-damage|p2a: Alomomola|88\/100|[from] Stealth Rock\n|-damage|p2a: Alomomola|76\/100|[from] Spikes\n|turn|12\n|\n|t:|1701140219\n|move|p1a: walking woke|Dragon Pulse|p2a: Alomomola\n|-damage|p2a: Alomomola|9\/100\n|-enditem|p2a: Alomomola|Red Card|[of] p1a: walking woke\n|-end|p1a: walking woke|Protosynthesis|[silent]\n|drag|p1a: big bertha|Dragonite, F|100\/100\n|move|p2a: Alomomola|Wish|p2a: Alomomola\n|\n|upkeep\n|turn|13\n|\n|t:|1701140229\n|switch|p2a: Heatran|Heatran, F|100\/100\n|-damage|p2a: Heatran|88\/100|[from] Stealth Rock\n|-damage|p2a: Heatran|76\/100|[from] Spikes\n|move|p1a: big bertha|Thunder Wave|p2a: Heatran|[miss]\n|-miss|p1a: big bertha|p2a: Heatran\n|\n|-heal|p2a: Heatran|100\/100|[from] move: Wish|[wisher] Alomomola\n|upkeep\n|turn|14\n|\n|t:|1701140240\n|switch|p2a: Landorus|Landorus-Therian, M|30\/100\n|-damage|p2a: Landorus|18\/100|[from] Stealth Rock\n|-ability|p2a: Landorus|Intimidate|boost\n|-unboost|p1a: big bertha|atk|1\n|move|p1a: big bertha|Thunder Wave|p2a: Landorus\n|-immune|p2a: Landorus\n|\n|upkeep\n|turn|15\n|\n|t:|1701140252\n|switch|p1a: twink|Cinderace, M|100\/100\n|-terastallize|p2a: Landorus|Ice\n|move|p2a: Landorus|Tera Blast|p1a: twink|[anim] Tera Blast Ice\n|-resisted|p1a: twink\n|-damage|p1a: twink|79\/100\n|\n|upkeep\n|turn|16\n|\n|t:|1701140262\n|move|p1a: twink|Will-O-Wisp|p2a: Landorus\n|-status|p2a: Landorus|brn\n|move|p2a: Landorus|Earthquake|p1a: twink\n|-supereffective|p1a: twink\n|-damage|p1a: twink|20\/100\n|\n|-damage|p2a: Landorus|12\/100 brn|[from] brn\n|upkeep\n|turn|17\n|\n|t:|1701140271\n|move|p1a: twink|Pyro Ball|p2a: Landorus\n|-supereffective|p2a: Landorus\n|-damage|p2a: Landorus|0 fnt\n|faint|p2a: Landorus\n|\n|upkeep\n|\n|t:|1701140274\n|switch|p2a: Cyclizar|Cyclizar, M, shiny|100\/100\n|-damage|p2a: Cyclizar|88\/100|[from] Stealth Rock\n|-damage|p2a: Cyclizar|75\/100|[from] Spikes\n|turn|18\n|\n|t:|1701140284\n|move|p1a: twink|Pyro Ball|p2a: Cyclizar\n|-resisted|p2a: Cyclizar\n|-damage|p2a: Cyclizar|25\/100\n|move|p2a: Cyclizar|Rapid Spin|p1a: twink\n|-damage|p1a: twink|2\/100\n|-boost|p2a: Cyclizar|spe|1\n|-sideend|p2: Bllammix|Spikes|[from] move: Rapid Spin|[of] p2a: Cyclizar\n|-sideend|p2: Bllammix|Stealth Rock|[from] move: Rapid Spin|[of] p2a: Cyclizar\n|\n|upkeep\n|turn|19\n|\n|t:|1701140296\n|move|p1a: twink|Sucker Punch|p2a: Cyclizar\n|-damage|p2a: Cyclizar|0 fnt\n|faint|p2a: Cyclizar\n|\n|upkeep\n|\n|t:|1701140300\n|switch|p2a: Alomomola|Alomomola, M|42\/100\n|turn|20\n|\n|t:|1701140307\n|move|p1a: twink|Sucker Punch||[still]\n|-fail|p1a: twink\n|move|p2a: Alomomola|Wish|p2a: Alomomola\n|\n|upkeep\n|turn|21\n|\n|t:|1701140313\n|move|p1a: twink|Will-O-Wisp|p2a: Alomomola\n|-status|p2a: Alomomola|brn\n|move|p2a: Alomomola|Flip Turn|p1a: twink\n|-supereffective|p1a: twink\n|-damage|p1a: twink|0 fnt\n|faint|p1a: twink\n|\n|t:|1701140317\n|switch|p2a: Shaymin|Shaymin|59\/100|[from] Flip Turn\n|\n|-heal|p2a: Shaymin|100\/100|[from] move: Wish|[wisher] Alomomola\n|upkeep\n|\n|t:|1701140339\n|switch|p1a: big bertha|Dragonite, F|100\/100\n|turn|22\n|\n|t:|1701140347\n|move|p2a: Shaymin|Play Rough|p1a: big bertha\n|-supereffective|p1a: big bertha\n|-damage|p1a: big bertha|76\/100\n|-unboost|p1a: big bertha|atk|1\n|move|p1a: big bertha|Thunder Wave|p2a: Shaymin\n|-status|p2a: Shaymin|par\n|\n|-heal|p1a: big bertha|82\/100|[from] item: Leftovers\n|upkeep\n|turn|23\n|\n|t:|1701140358\n|move|p2a: Shaymin|Swords Dance|p2a: Shaymin\n|-boost|p2a: Shaymin|atk|2\n|move|p1a: big bertha|Dragon Tail|p2a: Shaymin\n|-damage|p2a: Shaymin|79\/100 par\n|-curestatus|p2a: Shaymin|par|[from] ability: Natural Cure\n|drag|p2a: Heatran|Heatran, F|100\/100\n|\n|-heal|p1a: big bertha|88\/100|[from] item: Leftovers\n|upkeep\n|turn|24\n|\n|t:|1701140367\n|switch|p2a: Shaymin|Shaymin|79\/100\n|move|p1a: big bertha|Thunder Wave|p2a: Shaymin\n|-status|p2a: Shaymin|par\n|\n|-heal|p1a: big bertha|95\/100|[from] item: Leftovers\n|upkeep\n|turn|25\n|\n|t:|1701140378\n|move|p1a: big bertha|Extreme Speed|p2a: Shaymin\n|-damage|p2a: Shaymin|61\/100 par\n|move|p2a: Shaymin|Play Rough|p1a: big bertha\n|-supereffective|p1a: big bertha\n|-damage|p1a: big bertha|44\/100\n|\n|-heal|p1a: big bertha|50\/100|[from] item: Leftovers\n|upkeep\n|turn|26\n|\n|t:|1701140385\n|move|p1a: big bertha|Roost|p1a: big bertha\n|-heal|p1a: big bertha|100\/100\n|-singleturn|p1a: big bertha|move: Roost\n|move|p2a: Shaymin|Bullet Seed|p1a: big bertha\n|-resisted|p1a: big bertha\n|-damage|p1a: big bertha|98\/100\n|-resisted|p1a: big bertha\n|-damage|p1a: big bertha|94\/100\n|-resisted|p1a: big bertha\n|-damage|p1a: big bertha|88\/100\n|-resisted|p1a: big bertha\n|-damage|p1a: big bertha|83\/100\n|-hitcount|p1a: big bertha|4\n|\n|-heal|p1a: big bertha|89\/100|[from] item: Leftovers\n|upkeep\n|turn|27\n|\n|t:|1701140399\n|cant|p2a: Shaymin|par\n|move|p1a: big bertha|Dragon Tail|p2a: Shaymin\n|-damage|p2a: Shaymin|40\/100 par\n|-curestatus|p2a: Shaymin|par|[from] ability: Natural Cure\n|drag|p2a: Heatran|Heatran, F|100\/100\n|\n|-heal|p1a: big bertha|96\/100|[from] item: Leftovers\n|upkeep\n|turn|28\n|\n|t:|1701140413\n|move|p2a: Heatran|Protect|p2a: Heatran\n|-singleturn|p2a: Heatran|Protect\n|move|p1a: big bertha|Thunder Wave|p2a: Heatran\n|-activate|p2a: Heatran|move: Protect\n|\n|-heal|p1a: big bertha|100\/100|[from] item: Leftovers\n|upkeep\n|turn|29\n|\n|t:|1701140427\n|switch|p2a: Alomomola|Alomomola, M|76\/100 brn\n|switch|p1a: classic character|Great Tusk|100\/100\n|\n|-damage|p2a: Alomomola|69\/100 brn|[from] brn\n|upkeep\n|turn|30\n|\n|t:|1701140441\n|-end|p1a: classic character|Protosynthesis|[silent]\n|switch|p1a: big bertha|Dragonite, F|100\/100\n|move|p2a: Alomomola|Wish|p2a: Alomomola\n|\n|-damage|p2a: Alomomola|63\/100 brn|[from] brn\n|upkeep\n|turn|31\n|\n|t:|1701140448\n|move|p1a: big bertha|Thunder Wave||[still]\n|-fail|p1a: big bertha\n|move|p2a: Alomomola|Scald|p1a: big bertha\n|-resisted|p1a: big bertha\n|-damage|p1a: big bertha|98\/100\n|\n|-heal|p2a: Alomomola|100\/100 brn|[from] move: Wish|[wisher] Alomomola\n|-heal|p1a: big bertha|100\/100|[from] item: Leftovers\n|-damage|p2a: Alomomola|94\/100 brn|[from] brn\n|upkeep\n|turn|32\n|\n|t:|1701140460\n|switch|p1a: classic character|Great Tusk|100\/100\n|move|p2a: Alomomola|Wish|p2a: Alomomola\n|\n|-damage|p2a: Alomomola|88\/100 brn|[from] brn\n|upkeep\n|turn|33\n|\n|t:|1701140468\n|move|p1a: classic character|Rapid Spin|p2a: Alomomola\n|-damage|p2a: Alomomola|80\/100 brn\n|-boost|p1a: classic character|spe|1\n|move|p2a: Alomomola|Scald|p1a: classic character\n|-supereffective|p1a: classic character\n|-damage|p1a: classic character|65\/100\n|\n|-heal|p2a: Alomomola|100\/100 brn|[from] move: Wish|[wisher] Alomomola\n|-heal|p1a: classic character|71\/100|[from] item: Leftovers\n|-damage|p2a: Alomomola|94\/100 brn|[from] brn\n|upkeep\n|turn|34\n|\n|t:|1701140483\n|move|p1a: classic character|Rapid Spin|p2a: Alomomola\n|-damage|p2a: Alomomola|86\/100 brn\n|-boost|p1a: classic character|spe|1\n|move|p2a: Alomomola|Wish|p2a: Alomomola\n|\n|-heal|p1a: classic character|77\/100|[from] item: Leftovers\n|-damage|p2a: Alomomola|80\/100 brn|[from] brn\n|upkeep\n|turn|35\n|\n|t:|1701140493\n|move|p1a: classic character|Earthquake|p2a: Alomomola\n|-damage|p2a: Alomomola|57\/100 brn\n|move|p2a: Alomomola|Scald|p1a: classic character\n|-supereffective|p1a: classic character\n|-damage|p1a: classic character|41\/100\n|\n|-heal|p2a: Alomomola|100\/100 brn|[from] move: Wish|[wisher] Alomomola\n|-heal|p1a: classic character|47\/100|[from] item: Leftovers\n|-damage|p2a: Alomomola|94\/100 brn|[from] brn\n|upkeep\n|turn|36\n|\n|t:|1701140512\n|-end|p1a: classic character|Protosynthesis|[silent]\n|switch|p1a: big bertha|Dragonite, F|100\/100\n|move|p2a: Alomomola|Wish|p2a: Alomomola\n|\n|-damage|p2a: Alomomola|88\/100 brn|[from] brn\n|upkeep\n|turn|37\n|\n|t:|1701140523\n|move|p2a: Alomomola|Scald|p1a: big bertha\n|-resisted|p1a: big bertha\n|-damage|p1a: big bertha|98\/100\n|move|p1a: big bertha|Dragon Tail|p2a: Alomomola\n|-damage|p2a: Alomomola|74\/100 brn\n|drag|p2a: Shaymin|Shaymin|40\/100\n|\n|-heal|p2a: Shaymin|100\/100|[from] move: Wish|[wisher] Alomomola\n|-heal|p1a: big bertha|100\/100|[from] item: Leftovers\n|upkeep\n|turn|38\n|\n|t:|1701140534\n|move|p2a: Shaymin|Play Rough|p1a: big bertha|[miss]\n|-miss|p2a: Shaymin|p1a: big bertha\n|move|p1a: big bertha|Dragon Tail|p2a: Shaymin\n|-damage|p2a: Shaymin|73\/100\n|drag|p2a: Alomomola|Alomomola, M|100\/100 brn\n|\n|-damage|p2a: Alomomola|94\/100 brn|[from] brn\n|upkeep\n|turn|39\n|\n|t:|1701140550\n|move|p1a: big bertha|Extreme Speed|p2a: Alomomola\n|-damage|p2a: Alomomola|83\/100 brn\n|move|p2a: Alomomola|Scald|p1a: big bertha\n|-resisted|p1a: big bertha\n|-damage|p1a: big bertha|98\/100\n|\n|-heal|p1a: big bertha|100\/100|[from] item: Leftovers\n|-damage|p2a: Alomomola|77\/100 brn|[from] brn\n|upkeep\n|turn|40\n|\n|t:|1701140565\n|move|p1a: big bertha|Extreme Speed|p2a: Alomomola\n|-damage|p2a: Alomomola|64\/100 brn\n|move|p2a: Alomomola|Scald|p1a: big bertha\n|-resisted|p1a: big bertha\n|-damage|p1a: big bertha|99\/100\n|-status|p1a: big bertha|brn\n|\n|-heal|p1a: big bertha|100\/100 brn|[from] item: Leftovers\n|-damage|p1a: big bertha|94\/100 brn|[from] brn\n|-damage|p2a: Alomomola|58\/100 brn|[from] brn\n|upkeep\n|turn|41\n|\n|t:|1701140594\n|move|p2a: Alomomola|Wish|p2a: Alomomola\n|move|p1a: big bertha|Dragon Tail|p2a: Alomomola\n|-damage|p2a: Alomomola|51\/100 brn\n|drag|p2a: Heatran|Heatran, F|100\/100\n|\n|-heal|p1a: big bertha|100\/100 brn|[from] item: Leftovers\n|-damage|p1a: big bertha|94\/100 brn|[from] brn\n|upkeep\n|turn|42\n|\n|t:|1701140602\n|switch|p2a: Shaymin|Shaymin|73\/100\n|move|p1a: big bertha|Thunder Wave|p2a: Shaymin\n|-status|p2a: Shaymin|par\n|\n|-heal|p2a: Shaymin|100\/100 par|[from] move: Wish|[wisher] Alomomola\n|-heal|p1a: big bertha|100\/100 brn|[from] item: Leftovers\n|-damage|p1a: big bertha|94\/100 brn|[from] brn\n|upkeep\n|turn|43\n|\n|t:|1701140622\n|switch|p1a: classic character|Great Tusk|47\/100\n|move|p2a: Shaymin|Play Rough|p1a: classic character\n|-supereffective|p1a: classic character\n|-damage|p1a: classic character|24\/100\n|\n|-heal|p1a: classic character|30\/100|[from] item: Leftovers\n|upkeep\n|turn|44\n|\n|t:|1701140632\n|move|p1a: classic character|Knock Off|p2a: Shaymin\n|-damage|p2a: Shaymin|68\/100 par\n|-enditem|p2a: Shaymin|Loaded Dice|[from] move: Knock Off|[of] p1a: classic character\n|move|p2a: Shaymin|Bullet Seed|p1a: classic character\n|-supereffective|p1a: classic character\n|-damage|p1a: classic character|19\/100\n|-supereffective|p1a: classic character\n|-damage|p1a: classic character|8\/100\n|-supereffective|p1a: classic character\n|-damage|p1a: classic character|0 fnt\n|faint|p1a: classic character\n|-end|p1a: classic character|Protosynthesis|[silent]\n|-hitcount|p1: classic character|3\n|\n|upkeep\n|\n|t:|1701140643\n|switch|p1a: walking woke|Walking Wake, tera:Fairy|100\/100\n|turn|45\n|\n|t:|1701140651\n|move|p1a: walking woke|Dragon Pulse|p2a: Shaymin\n|-damage|p2a: Shaymin|24\/100 par\n|cant|p2a: Shaymin|par\n|\n|upkeep\n|turn|46\n|\n|t:|1701140658\n|-curestatus|p2a: Shaymin|par|[from] ability: Natural Cure\n|switch|p2a: Alomomola|Alomomola, M|84\/100 brn\n|move|p1a: walking woke|Dragon Pulse|p2a: Alomomola\n|-damage|p2a: Alomomola|24\/100 brn\n|\n|-damage|p2a: Alomomola|18\/100 brn|[from] brn\n|upkeep\n|turn|47\n|\n|t:|1701140669\n|move|p1a: walking woke|Surf|p2a: Alomomola\n|-resisted|p2a: Alomomola\n|-damage|p2a: Alomomola|0 fnt\n|faint|p2a: Alomomola\n|\n|upkeep\n|\n|t:|1701140671\n|switch|p2a: Shaymin|Shaymin|24\/100\n|turn|48\n|\n|t:|1701140677\n|move|p2a: Shaymin|Bullet Seed|p1a: walking woke\n|-damage|p1a: walking woke|88\/100\n|-damage|p1a: walking woke|75\/100\n|-damage|p1a: walking woke|64\/100\n|-damage|p1a: walking woke|52\/100\n|-damage|p1a: walking woke|40\/100\n|-hitcount|p1a: walking woke|5\n|move|p1a: walking woke|Dragon Pulse|p2a: Shaymin\n|-damage|p2a: Shaymin|0 fnt\n|faint|p2a: Shaymin\n|\n|upkeep\n|\n|t:|1701140689\n|switch|p2a: Heatran|Heatran, F|100\/100\n|turn|49\n|\n|t:|1701140692\n|move|p2a: Heatran|Protect|p2a: Heatran\n|-singleturn|p2a: Heatran|Protect\n|move|p1a: walking woke|Surf|p2a: Heatran\n|-activate|p2a: Heatran|move: Protect\n|\n|upkeep\n|turn|50\n|\n|t:|1701140697\n|move|p1a: walking woke|Surf|p2a: Heatran\n|-supereffective|p2a: Heatran\n|-damage|p2a: Heatran|32\/100\n|move|p2a: Heatran|Magma Storm|p1a: walking woke\n|-damage|p1a: walking woke|0 fnt\n|faint|p1a: walking woke\n|-end|p1a: walking woke|Protosynthesis|[silent]\n|\n|-heal|p2a: Heatran|38\/100|[from] item: Leftovers\n|upkeep\n|\n|t:|1701140705\n|switch|p1a: big bertha|Dragonite, F|94\/100 brn\n|turn|51\n|\n|t:|1701140708\n|move|p2a: Heatran|Protect|p2a: Heatran\n|-singleturn|p2a: Heatran|Protect\n|move|p1a: big bertha|Thunder Wave|p2a: Heatran\n|-activate|p2a: Heatran|move: Protect\n|\n|-heal|p2a: Heatran|45\/100|[from] item: Leftovers\n|-heal|p1a: big bertha|100\/100 brn|[from] item: Leftovers\n|-damage|p1a: big bertha|94\/100 brn|[from] brn\n|upkeep\n|turn|52\n|\n|t:|1701140717\n|move|p2a: Heatran|Taunt|p1a: big bertha\n|-start|p1a: big bertha|move: Taunt\n|cant|p1a: big bertha|move: Taunt|Thunder Wave\n|\n|-heal|p2a: Heatran|51\/100|[from] item: Leftovers\n|-heal|p1a: big bertha|100\/100 brn|[from] item: Leftovers\n|-damage|p1a: big bertha|94\/100 brn|[from] brn\n|upkeep\n|turn|53\n|\n|t:|1701140726\n|move|p2a: Heatran|Magma Storm|p1a: big bertha\n|-resisted|p1a: big bertha\n|-damage|p1a: big bertha|81\/100 brn\n|-activate|p1a: big bertha|move: Magma Storm|[of] p2a: Heatran\n|move|p1a: big bertha|Dragon Tail|p2a: Heatran\n|-resisted|p2a: Heatran\n|-damage|p2a: Heatran|45\/100\n|\n|-heal|p2a: Heatran|51\/100|[from] item: Leftovers\n|-heal|p1a: big bertha|87\/100 brn|[from] item: Leftovers\n|-damage|p1a: big bertha|81\/100 brn|[from] brn\n|-damage|p1a: big bertha|68\/100 brn|[from] move: Magma Storm|[partiallytrapped]\n|upkeep\n|turn|54\n|\n|t:|1701140739\n|move|p2a: Heatran|Magma Storm|p1a: big bertha|[miss]\n|-miss|p2a: Heatran|p1a: big bertha\n|move|p1a: big bertha|Dragon Tail|p2a: Heatran\n|-resisted|p2a: Heatran\n|-damage|p2a: Heatran|46\/100\n|\n|-heal|p2a: Heatran|52\/100|[from] item: Leftovers\n|-heal|p1a: big bertha|75\/100 brn|[from] item: Leftovers\n|-damage|p1a: big bertha|68\/100 brn|[from] brn\n|-damage|p1a: big bertha|56\/100 brn|[from] move: Magma Storm|[partiallytrapped]\n|-end|p1a: big bertha|move: Taunt\n|upkeep\n|turn|55\n|\n|t:|1701140750\n|move|p2a: Heatran|Taunt|p1a: big bertha\n|-start|p1a: big bertha|move: Taunt\n|cant|p1a: big bertha|move: Taunt|Roost\n|\n|-heal|p2a: Heatran|58\/100|[from] item: Leftovers\n|-heal|p1a: big bertha|62\/100 brn|[from] item: Leftovers\n|-damage|p1a: big bertha|56\/100 brn|[from] brn\n|-damage|p1a: big bertha|44\/100 brn|[from] move: Magma Storm|[partiallytrapped]\n|upkeep\n|turn|56\n|\n|t:|1701140761\n|move|p2a: Heatran|Magma Storm|p1a: big bertha\n|-resisted|p1a: big bertha\n|-damage|p1a: big bertha|30\/100 brn\n|move|p1a: big bertha|Dragon Tail|p2a: Heatran\n|-resisted|p2a: Heatran\n|-damage|p2a: Heatran|53\/100\n|\n|-heal|p2a: Heatran|59\/100|[from] item: Leftovers\n|-heal|p1a: big bertha|36\/100 brn|[from] item: Leftovers\n|-damage|p1a: big bertha|30\/100 brn|[from] brn\n|-damage|p1a: big bertha|17\/100 brn|[from] move: Magma Storm|[partiallytrapped]\n|upkeep\n|turn|57\n|\n|t:|1701140771\n|move|p2a: Heatran|Magma Storm|p1a: big bertha|[miss]\n|-miss|p2a: Heatran|p1a: big bertha\n|move|p1a: big bertha|Dragon Tail|p2a: Heatran\n|-resisted|p2a: Heatran\n|-damage|p2a: Heatran|54\/100\n|\n|-heal|p2a: Heatran|60\/100|[from] item: Leftovers\n|-heal|p1a: big bertha|23\/100 brn|[from] item: Leftovers\n|-damage|p1a: big bertha|17\/100 brn|[from] brn\n|-damage|p1a: big bertha|5\/100 brn|[from] move: Magma Storm|[partiallytrapped]\n|-end|p1a: big bertha|move: Taunt\n|upkeep\n|turn|58\n|\n|t:|1701140782\n|move|p2a: Heatran|Taunt|p1a: big bertha\n|-start|p1a: big bertha|move: Taunt\n|cant|p1a: big bertha|move: Taunt|Roost\n|\n|-heal|p2a: Heatran|66\/100|[from] item: Leftovers\n|-heal|p1a: big bertha|11\/100 brn|[from] item: Leftovers\n|-damage|p1a: big bertha|5\/100 brn|[from] brn\n|-end|p1a: big bertha|Magma Storm|[partiallytrapped]\n|upkeep\n|turn|59\n|\n|t:|1701140791\n|move|p2a: Heatran|Magma Storm|p1a: big bertha\n|-resisted|p1a: big bertha\n|-damage|p1a: big bertha|0 fnt\n|faint|p1a: big bertha\n|\n|win|Bllammix\n|raw|shimajima's rating: 1065 &rarr; <strong>1042<\/strong><br \/>(-23 for losing)\n|raw|Bllammix's rating: 1000 &rarr; <strong>1047<\/strong><br \/>(+47 for winning)\n|l|\u2606shimajima\n","uploadtime":1701140805,"views":6,"p1id":"shimajima","p2id":"bllammix","formatid":"gen9ou","rating":1042,"private":0,"password":""}