{"id":"gen9ou-1997136537","p1":"hhhet'","p2":"mkfe","format":"[Gen 9] OU","log":"|j|\u2606hhhet'\n|j|\u2606mkfe\n|t:|1700768188\n|gametype|singles\n|player|p1|hhhet'|psychic-gen4|1095\n|player|p2|mkfe|169|1214\n|teamsize|p1|6\n|teamsize|p2|6\n|gen|9\n|tier|[Gen 9] OU\n|rated|\n|rule|Sleep Clause Mod: Limit one foe put to sleep\n|rule|Species Clause: Limit one of each Pok\u00e9mon\n|rule|OHKO Clause: OHKO moves are banned\n|rule|Evasion Items Clause: Evasion items are banned\n|rule|Evasion Moves Clause: Evasion moves are banned\n|rule|Endless Battle Clause: Forcing endless battles is banned\n|rule|HP Percentage Mod: HP is shown in percentages\n|clearpoke\n|poke|p1|Manaphy|\n|poke|p1|Charmeleon, M|\n|poke|p1|Illumise, F|\n|poke|p1|Slowking-Galar, M|\n|poke|p1|Eelektross, F|\n|poke|p1|Arboliva, M|\n|poke|p2|Sandy Shocks|\n|poke|p2|Cinderace, F|\n|poke|p2|Lilligant-Hisui, F|\n|poke|p2|Walking Wake|\n|poke|p2|Fezandipiti, M|\n|poke|p2|Torkoal, F|\n|teampreview\n|inactive|Battle timer is ON: inactive players will automatically lose when time's up. (requested by mkfe)\n|\n|t:|1700768211\n|start\n|switch|p1a: Eelektross|Eelektross, F|100\/100\n|switch|p2a: Torkoal|Torkoal, F|100\/100\n|-weather|SunnyDay|[from] ability: Drought|[of] p2a: Torkoal\n|turn|1\n|\n|t:|1700768225\n|move|p1a: Eelektross|Knock Off|p2a: Torkoal\n|-damage|p2a: Torkoal|85\/100\n|-enditem|p2a: Torkoal|Heat Rock|[from] move: Knock Off|[of] p1a: Eelektross\n|move|p2a: Torkoal|Lava Plume|p1a: Eelektross\n|-damage|p1a: Eelektross|76\/100\n|\n|-weather|SunnyDay|[upkeep]\n|upkeep\n|turn|2\n|\n|t:|1700768234\n|switch|p1a: Charmeleon|Charmeleon, M|100\/100\n|move|p2a: Torkoal|Yawn|p1a: Charmeleon\n|-start|p1a: Charmeleon|move: Yawn|[of] p2a: Torkoal\n|\n|-weather|SunnyDay|[upkeep]\n|-damage|p1a: Charmeleon|88\/100|[from] ability: Solar Power|[of] p1a: Charmeleon\n|upkeep\n|turn|3\n|\n|t:|1700768243\n|switch|p2a: Ferro|Sandy Shocks|100\/100\n|-activate|p2a: Ferro|ability: Protosynthesis\n|-start|p2a: Ferro|protosynthesisspa\n|move|p1a: Charmeleon|Overheat|p2a: Ferro\n|-damage|p2a: Ferro|0 fnt\n|-unboost|p1a: Charmeleon|spa|2\n|faint|p2a: Ferro\n|-end|p2a: Ferro|Protosynthesis|[silent]\n|\n|-weather|SunnyDay|[upkeep]\n|-damage|p1a: Charmeleon|76\/100|[from] ability: Solar Power|[of] p1a: Charmeleon\n|-end|p1a: Charmeleon|move: Yawn|[silent]\n|-status|p1a: Charmeleon|slp\n|upkeep\n|\n|t:|1700768254\n|switch|p2a: Walking Wake|Walking Wake|100\/100\n|-activate|p2a: Walking Wake|ability: Protosynthesis\n|-start|p2a: Walking Wake|protosynthesisspa\n|turn|4\n|\n|t:|1700768258\n|cant|p1a: Charmeleon|slp\n|move|p2a: Walking Wake|Agility|p2a: Walking Wake\n|-boost|p2a: Walking Wake|spe|2\n|\n|-weather|SunnyDay|[upkeep]\n|-damage|p1a: Charmeleon|64\/100 slp|[from] ability: Solar Power|[of] p1a: Charmeleon\n|upkeep\n|turn|5\n|\n|t:|1700768265\n|move|p2a: Walking Wake|Substitute|p2a: Walking Wake\n|-start|p2a: Walking Wake|Substitute\n|-damage|p2a: Walking Wake|76\/100\n|cant|p1a: Charmeleon|slp\n|\n|-weather|SunnyDay|[upkeep]\n|-damage|p1a: Charmeleon|51\/100 slp|[from] ability: Solar Power|[of] p1a: Charmeleon\n|upkeep\n|turn|6\n|\n|t:|1700768283\n|move|p2a: Walking Wake|Hydro Steam|p1a: Charmeleon\n|-supereffective|p1a: Charmeleon\n|-damage|p1a: Charmeleon|0 fnt\n|faint|p1a: Charmeleon\n|\n|-weather|SunnyDay|[upkeep]\n|upkeep\n|\n|t:|1700768303\n|switch|p1a: Arboliva|Arboliva, M|100\/100\n|turn|7\n|\n|t:|1700768318\n|move|p2a: Walking Wake|Draco Meteor|p1a: Arboliva\n|-crit|p1a: Arboliva\n|-damage|p1a: Arboliva|0 fnt\n|-unboost|p2a: Walking Wake|spa|2\n|-fieldstart|move: Grassy Terrain|[from] ability: Seed Sower|[of] p1a: Arboliva\n|faint|p1a: Arboliva\n|\n|-weather|SunnyDay|[upkeep]\n|-heal|p2a: Walking Wake|82\/100|[from] Grassy Terrain\n|upkeep\n|\n|t:|1700768327\n|switch|p1a: Eelektross|Eelektross, F|76\/100\n|turn|8\n|\n|t:|1700768334\n|move|p2a: Walking Wake|Hydro Steam|p1a: Eelektross\n|-damage|p1a: Eelektross|50\/100\n|move|p1a: Eelektross|Discharge|p2a: Walking Wake\n|-end|p2a: Walking Wake|Substitute\n|\n|-weather|none\n|-end|p2a: Walking Wake|Protosynthesis\n|-heal|p2a: Walking Wake|88\/100|[from] Grassy Terrain\n|upkeep\n|-enditem|p2a: Walking Wake|Booster Energy\n|-activate|p2a: Walking Wake|ability: Protosynthesis|[fromitem]\n|-start|p2a: Walking Wake|protosynthesisspe\n|turn|9\n|\n|t:|1700768343\n|move|p2a: Walking Wake|Draco Meteor|p1a: Eelektross\n|-damage|p1a: Eelektross|27\/100\n|-unboost|p2a: Walking Wake|spa|2\n|move|p1a: Eelektross|Volt Switch|p2a: Walking Wake\n|-damage|p2a: Walking Wake|54\/100\n|\n|t:|1700768349\n|switch|p1a: Manaphy|Manaphy|100\/100|[from] Volt Switch\n|\n|-heal|p2a: Walking Wake|61\/100|[from] Grassy Terrain\n|upkeep\n|turn|10\n|\n|t:|1700768357\n|-end|p2a: Walking Wake|Protosynthesis|[silent]\n|switch|p2a: Fezandipiti|Fezandipiti, M|100\/100\n|move|p1a: Manaphy|Tail Glow|p1a: Manaphy\n|-boost|p1a: Manaphy|spa|3\n|\n|upkeep\n|turn|11\n|\n|t:|1700768366\n|switch|p1a: Slowking|Slowking-Galar, M|100\/100\n|move|p2a: Fezandipiti|Dazzling Gleam|p1a: Slowking\n|-resisted|p1a: Slowking\n|-crit|p1a: Slowking\n|-damage|p1a: Slowking|75\/100\n|-damage|p2a: Fezandipiti|91\/100|[from] item: Life Orb\n|\n|-heal|p2a: Fezandipiti|97\/100|[from] Grassy Terrain\n|-heal|p1a: Slowking|81\/100|[from] Grassy Terrain\n|-fieldend|move: Grassy Terrain\n|upkeep\n|turn|12\n|\n|t:|1700768384\n|switch|p2a: Torkoal|Torkoal, F|85\/100\n|-weather|SunnyDay|[from] ability: Drought|[of] p2a: Torkoal\n|move|p1a: Slowking|Psychic|p2a: Torkoal\n|-damage|p2a: Torkoal|33\/100\n|\n|-weather|SunnyDay|[upkeep]\n|upkeep\n|turn|13\n|\n|t:|1700768397\n|move|p1a: Slowking|Psychic|p2a: Torkoal\n|-damage|p2a: Torkoal|0 fnt\n|faint|p2a: Torkoal\n|\n|-weather|SunnyDay|[upkeep]\n|upkeep\n|inactive|mkfe has 120 seconds left.\n|\n|t:|1700768418\n|switch|p2a: Cinderace|Cinderace, F|100\/100\n|turn|14\n|\n|t:|1700768423\n|switch|p1a: Manaphy|Manaphy|100\/100\n|move|p2a: Cinderace|Pyro Ball|p1a: Manaphy\n|-resisted|p1a: Manaphy\n|-damage|p1a: Manaphy|63\/100\n|\n|-weather|SunnyDay|[upkeep]\n|upkeep\n|turn|15\n|\n|t:|1700768429\n|move|p2a: Cinderace|U-turn|p1a: Manaphy\n|-start|p2a: Cinderace|typechange|Bug|[from] ability: Libero\n|-damage|p1a: Manaphy|33\/100\n|\n|t:|1700768434\n|switch|p2a: Lilligant|Lilligant-Hisui, F|100\/100|[from] U-turn\n|move|p1a: Manaphy|Surf|p2a: Lilligant\n|-resisted|p2a: Lilligant\n|-damage|p2a: Lilligant|87\/100\n|\n|-weather|SunnyDay|[upkeep]\n|-heal|p2a: Lilligant|93\/100|[from] item: Leftovers\n|upkeep\n|turn|16\n|\n|t:|1700768447\n|move|p2a: Lilligant|Solar Blade||[still]\n|-prepare|p2a: Lilligant|Solar Blade\n|-anim|p2a: Lilligant|Solar Blade|p1a: Manaphy\n|-supereffective|p1a: Manaphy\n|-damage|p1a: Manaphy|0 fnt\n|faint|p1a: Manaphy\n|\n|-weather|none\n|-heal|p2a: Lilligant|99\/100|[from] item: Leftovers\n|upkeep\n|\n|t:|1700768458\n|switch|p1a: Slowking|Slowking-Galar, M|100\/100\n|turn|17\n|\n|t:|1700768479\n|move|p2a: Lilligant|Victory Dance|p2a: Lilligant\n|-boost|p2a: Lilligant|atk|1\n|-boost|p2a: Lilligant|def|1\n|-boost|p2a: Lilligant|spe|1\n|move|p1a: Slowking|Psychic|p2a: Lilligant\n|-supereffective|p2a: Lilligant\n|-damage|p2a: Lilligant|0 fnt\n|faint|p2a: Lilligant\n|\n|upkeep\n|\n|t:|1700768486\n|switch|p2a: Cinderace|Cinderace, F|100\/100\n|turn|18\n|\n|t:|1700768496\n|-terastallize|p1a: Slowking|Water\n|move|p2a: Cinderace|Pyro Ball|p1a: Slowking\n|-resisted|p1a: Slowking\n|-damage|p1a: Slowking|62\/100\n|move|p1a: Slowking|Psychic|p2a: Cinderace\n|-damage|p2a: Cinderace|37\/100\n|\n|upkeep\n|turn|19\n|\n|t:|1700768503\n|move|p2a: Cinderace|U-turn|p1a: Slowking\n|-start|p2a: Cinderace|typechange|Bug|[from] ability: Libero\n|-damage|p1a: Slowking|23\/100\n|\n|t:|1700768509\n|switch|p2a: Walking Wake|Walking Wake|61\/100|[from] U-turn\n|move|p1a: Slowking|Psychic|p2a: Walking Wake\n|-damage|p2a: Walking Wake|15\/100\n|\n|upkeep\n|turn|20\n|\n|t:|1700768518\n|switch|p1a: Illumise|Illumise, F|100\/100\n|move|p2a: Walking Wake|Draco Meteor|p1a: Illumise|[miss]\n|-miss|p2a: Walking Wake|p1a: Illumise\n|\n|upkeep\n|turn|21\n|\n|t:|1700768533\n|move|p1a: Illumise|Wish|p1a: Illumise\n|move|p2a: Walking Wake|Draco Meteor|p1a: Illumise\n|-damage|p1a: Illumise|42\/100\n|-unboost|p2a: Walking Wake|spa|2\n|\n|upkeep\n|turn|22\n|\n|t:|1700768544\n|-end|p2a: Walking Wake|Protosynthesis|[silent]\n|switch|p2a: Cinderace|Cinderace, F|37\/100\n|switch|p1a: Slowking|Slowking-Galar, M, tera:Water|57\/100\n|\n|-heal|p1a: Slowking|100\/100|[from] move: Wish|[wisher] Illumise\n|upkeep\n|turn|23\n|\n|t:|1700768551\n|move|p2a: Cinderace|U-turn|p1a: Slowking\n|-start|p2a: Cinderace|typechange|Bug|[from] ability: Libero\n|-damage|p1a: Slowking|56\/100\n|\n|t:|1700768561\n|switch|p2a: Walking Wake|Walking Wake|15\/100|[from] U-turn\n|move|p1a: Slowking|Psychic|p2a: Walking Wake\n|-damage|p2a: Walking Wake|0 fnt\n|faint|p2a: Walking Wake\n|-end|p2a: Walking Wake|Protosynthesis|[silent]\n|\n|upkeep\n|\n|t:|1700768562\n|switch|p2a: Cinderace|Cinderace, F|37\/100\n|turn|24\n|\n|t:|1700768565\n|move|p2a: Cinderace|U-turn|p1a: Slowking\n|-start|p2a: Cinderace|typechange|Bug|[from] ability: Libero\n|-damage|p1a: Slowking|16\/100\n|\n|t:|1700768569\n|switch|p2a: Fezandipiti|Fezandipiti, M|97\/100|[from] U-turn\n|move|p1a: Slowking|Psychic|p2a: Fezandipiti\n|-supereffective|p2a: Fezandipiti\n|-damage|p2a: Fezandipiti|27\/100\n|\n|upkeep\n|turn|25\n|\n|t:|1700768594\n|switch|p1a: Illumise|Illumise, F|42\/100\n|move|p2a: Fezandipiti|Dazzling Gleam|p1a: Illumise\n|-damage|p1a: Illumise|12\/100\n|-damage|p2a: Fezandipiti|17\/100|[from] item: Life Orb\n|\n|upkeep\n|turn|26\n|\n|t:|1700768607\n|move|p1a: Illumise|Tailwind|p1a: Illumise\n|-sidestart|p1: hhhet'|move: Tailwind\n|move|p2a: Fezandipiti|Dazzling Gleam|p1a: Illumise\n|-damage|p1a: Illumise|0 fnt\n|faint|p1a: Illumise\n|-damage|p2a: Fezandipiti|7\/100|[from] item: Life Orb\n|\n|upkeep\n|\n|t:|1700768611\n|switch|p1a: Slowking|Slowking-Galar, M, tera:Water|49\/100\n|turn|27\n|\n|t:|1700768618\n|move|p1a: Slowking|Psychic|p2a: Fezandipiti\n|-supereffective|p2a: Fezandipiti\n|-damage|p2a: Fezandipiti|0 fnt\n|faint|p2a: Fezandipiti\n|\n|upkeep\n|\n|t:|1700768623\n|switch|p2a: Cinderace|Cinderace, F|37\/100\n|turn|28\n|\n|t:|1700768630\n|move|p1a: Slowking|Psychic|p2a: Cinderace\n|-damage|p2a: Cinderace|0 fnt\n|faint|p2a: Cinderace\n|\n|win|hhhet'\n|raw|hhhet&apos;'s rating: 1095 &rarr; <strong>1129<\/strong><br \/>(+34 for winning)\n|raw|mkfe's rating: 1214 &rarr; <strong>1181<\/strong><br \/>(-33 for losing)\n|c|\u2606hhhet'|gg\n","uploadtime":1700768634,"views":5,"p1id":"hhhet","p2id":"mkfe","formatid":"gen9ou","rating":1129,"private":0,"password":""}