{"id":"gen9ou-1990137780","p1":"yoshiuuui","p2":"yamiyami17","format":"[Gen 9] OU","log":"|j|\u2606yoshiuuui\n|j|\u2606yamiyami17\n|t:|1699928642\n|gametype|singles\n|player|p1|yoshiuuui|caitlin|1178\n|player|p2|yamiyami17|102|1106\n|teamsize|p1|6\n|teamsize|p2|6\n|gen|9\n|tier|[Gen 9] OU\n|rated|\n|rule|Sleep Clause Mod: Limit one foe put to sleep\n|rule|Species Clause: Limit one of each Pok\u00e9mon\n|rule|OHKO Clause: OHKO moves are banned\n|rule|Evasion Items Clause: Evasion items are banned\n|rule|Evasion Moves Clause: Evasion moves are banned\n|rule|Endless Battle Clause: Forcing endless battles is banned\n|rule|HP Percentage Mod: HP is shown in percentages\n|clearpoke\n|poke|p1|Delphox, F|\n|poke|p1|Talonflame, F|\n|poke|p1|Tinkaton, F|\n|poke|p1|Haxorus, M|\n|poke|p1|Mimikyu, M|\n|poke|p1|Empoleon, F|\n|poke|p2|Quaquaval, M|\n|poke|p2|Salamence, M|\n|poke|p2|Gyarados, F|\n|poke|p2|Krookodile, M|\n|poke|p2|Heracross, F|\n|poke|p2|Honchkrow, F|\n|teampreview\n|inactive|Battle timer is ON: inactive players will automatically lose when time's up. (requested by yoshiuuui)\n|\n|t:|1699928659\n|start\n|switch|p1a: Empoleon|Empoleon, F|100\/100\n|switch|p2a: Krookodile|Krookodile, M|100\/100\n|turn|1\n|\n|t:|1699928671\n|move|p2a: Krookodile|Knock Off|p1a: Empoleon\n|-damage|p1a: Empoleon|23\/100\n|-enditem|p1a: Empoleon|Focus Sash|[from] move: Knock Off|[of] p2a: Krookodile\n|move|p1a: Empoleon|Blizzard|p2a: Krookodile\n|-supereffective|p2a: Krookodile\n|-damage|p2a: Krookodile|0 fnt\n|faint|p2a: Krookodile\n|\n|upkeep\n|\n|t:|1699928686\n|switch|p2a: Quaquaval|Quaquaval, M|100\/100\n|turn|2\n|\n|t:|1699928699\n|-terastallize|p2a: Quaquaval|Water\n|move|p2a: Quaquaval|Aqua Step|p1a: Empoleon\n|-resisted|p1a: Empoleon\n|-damage|p1a: Empoleon|0 fnt\n|-boost|p2a: Quaquaval|spe|1\n|faint|p1a: Empoleon\n|-ability|p2a: Quaquaval|Moxie|boost\n|-boost|p2a: Quaquaval|atk|1\n|-damage|p2a: Quaquaval|91\/100|[from] item: Life Orb\n|\n|upkeep\n|\n|t:|1699928710\n|switch|p1a: Haxorus|Haxorus, M, shiny|100\/100\n|-ability|p1a: Haxorus|Mold Breaker\n|turn|3\n|\n|t:|1699928715\n|move|p2a: Quaquaval|Ice Spinner|p1a: Haxorus\n|-supereffective|p1a: Haxorus\n|-enditem|p1a: Haxorus|Focus Sash\n|-damage|p1a: Haxorus|1\/100\n|-damage|p2a: Quaquaval|81\/100|[from] item: Life Orb\n|move|p1a: Haxorus|Counter|p2a: Quaquaval\n|-damage|p2a: Quaquaval|0 fnt\n|faint|p2a: Quaquaval\n|\n|upkeep\n|\n|t:|1699928718\n|switch|p2a: Heracross|Heracross, F|100\/100\n|turn|4\n|\n|t:|1699928727\n|move|p2a: Heracross|Trailblaze|p1a: Haxorus\n|-resisted|p1a: Haxorus\n|-damage|p1a: Haxorus|0 fnt\n|-boost|p2a: Heracross|spe|1\n|faint|p1a: Haxorus\n|-ability|p2a: Heracross|Moxie|boost\n|-boost|p2a: Heracross|atk|1\n|\n|upkeep\n|\n|t:|1699928736\n|switch|p1a: Mimikyu|Mimikyu, M, shiny|100\/100\n|turn|5\n|\n|t:|1699928741\n|move|p2a: Heracross|Rock Blast|p1a: Mimikyu\n|-activate|p1a: Mimikyu|ability: Disguise\n|-damage|p1a: Mimikyu|100\/100\n|detailschange|p1a: Mimikyu|Mimikyu-Busted, M, shiny\n|-damage|p1a: Mimikyu|88\/100|[from] pokemon: Mimikyu-Busted\n|-damage|p1a: Mimikyu|66\/100\n|-damage|p1a: Mimikyu|45\/100\n|-damage|p1a: Mimikyu|23\/100\n|-hitcount|p1a: Mimikyu|4\n|move|p1a: Mimikyu|Play Rough|p2a: Heracross\n|-supereffective|p2a: Heracross\n|-damage|p2a: Heracross|0 fnt\n|faint|p2a: Heracross\n|\n|upkeep\n|\n|t:|1699928744\n|switch|p2a: Salamence|Salamence, M|100\/100\n|turn|6\n|\n|t:|1699928758\n|move|p1a: Mimikyu|Destiny Bond|p1a: Mimikyu\n|-singlemove|p1a: Mimikyu|Destiny Bond\n|move|p2a: Salamence|Earthquake|p1a: Mimikyu\n|-damage|p1a: Mimikyu|0 fnt\n|faint|p1a: Mimikyu\n|-activate|p1a: Mimikyu|move: Destiny Bond\n|faint|p2a: Salamence\n|\n|upkeep\n|\n|t:|1699928776\n|switch|p1a: Tinkaton|Tinkaton, F, shiny|100\/100\n|switch|p2a: Gyarados|Gyarados, F|100\/100\n|-ability|p1a: Tinkaton|Mold Breaker\n|turn|7\n|\n|t:|1699928788\n|move|p2a: Gyarados|Dragon Dance|p2a: Gyarados\n|-boost|p2a: Gyarados|atk|1\n|-boost|p2a: Gyarados|spe|1\n|move|p1a: Tinkaton|Play Rough|p2a: Gyarados\n|-damage|p2a: Gyarados|56\/100\n|\n|upkeep\n|turn|8\n|\n|t:|1699928796\n|move|p2a: Gyarados|Earthquake|p1a: Tinkaton\n|-supereffective|p1a: Tinkaton\n|-damage|p1a: Tinkaton|0 fnt\n|faint|p1a: Tinkaton\n|-ability|p2a: Gyarados|Moxie|boost\n|-boost|p2a: Gyarados|atk|1\n|-damage|p2a: Gyarados|46\/100|[from] item: Life Orb\n|\n|upkeep\n|\n|t:|1699928804\n|switch|p1a: Talonflame|Talonflame, F, shiny|100\/100\n|turn|9\n|\n|t:|1699928809\n|move|p1a: Talonflame|Brave Bird|p2a: Gyarados\n|-damage|p2a: Gyarados|0 fnt\n|faint|p2a: Gyarados\n|-damage|p1a: Talonflame|84\/100|[from] Recoil\n|\n|upkeep\n|\n|t:|1699928811\n|switch|p2a: Honchkrow|Honchkrow, F|100\/100\n|turn|10\n|\n|t:|1699928824\n|move|p1a: Talonflame|Flamethrower|p2a: Honchkrow\n|-damage|p2a: Honchkrow|55\/100\n|move|p2a: Honchkrow|Tailwind|p2a: Honchkrow\n|-sidestart|p2: yamiyami17|move: Tailwind\n|\n|upkeep\n|turn|11\n|\n|t:|1699928830\n|move|p2a: Honchkrow|Brave Bird|p1a: Talonflame\n|-damage|p1a: Talonflame|0 fnt\n|faint|p1a: Talonflame\n|-ability|p2a: Honchkrow|Moxie|boost\n|-boost|p2a: Honchkrow|atk|1\n|-damage|p2a: Honchkrow|31\/100|[from] Recoil\n|-damage|p2a: Honchkrow|21\/100|[from] item: Life Orb\n|\n|upkeep\n|\n|t:|1699928838\n|switch|p1a: Delphox|Delphox, F, shiny|100\/100\n|turn|12\n|\n|t:|1699928843\n|-terastallize|p1a: Delphox|Fairy\n|move|p2a: Honchkrow|Brave Bird|p1a: Delphox\n|-damage|p1a: Delphox|0 fnt\n|faint|p1a: Delphox\n|-damage|p2a: Honchkrow|0 fnt|[from] Recoil\n|faint|p2a: Honchkrow\n|\n|win|yamiyami17\n|raw|yoshiuuui's rating: 1178 &rarr; <strong>1148<\/strong><br \/>(-30 for losing)\n|raw|yamiyami17's rating: 1106 &rarr; <strong>1136<\/strong><br \/>(+30 for winning)\n","uploadtime":1699928854,"views":14,"p1id":"yoshiuuui","p2id":"yamiyami17","formatid":"gen9ou","rating":1136,"private":0,"password":""}