{"id":"gen9ou-1993289713","p1":"holahalo","p2":"liaoya","format":"[Gen 9] OU","log":"|j|\u2606holahalo\n|j|\u2606liaoya\n|t:|1700291262\n|gametype|singles\n|player|p1|holahalo|veteran|1418\n|player|p2|liaoya|petrel|1572\n|teamsize|p1|6\n|teamsize|p2|6\n|gen|9\n|tier|[Gen 9] OU\n|rated|\n|rule|Sleep Clause Mod: Limit one foe put to sleep\n|rule|Species Clause: Limit one of each Pok\u00e9mon\n|rule|OHKO Clause: OHKO moves are banned\n|rule|Evasion Items Clause: Evasion items are banned\n|rule|Evasion Moves Clause: Evasion moves are banned\n|rule|Endless Battle Clause: Forcing endless battles is banned\n|rule|HP Percentage Mod: HP is shown in percentages\n|clearpoke\n|poke|p1|Torterra, M|\n|poke|p1|Ninetales-Alola, M|\n|poke|p1|Azelf|\n|poke|p1|Haxorus, M|\n|poke|p1|Quaquaval, M|\n|poke|p1|Ceruledge, F|\n|poke|p2|Drifblim, F|\n|poke|p2|Garganacl, M|\n|poke|p2|Umbreon, M|\n|poke|p2|Rotom-Wash|\n|poke|p2|Glimmora, M|\n|poke|p2|Espeon, F|\n|teampreview\n|inactive|Battle timer is ON: inactive players will automatically lose when time's up. (requested by holahalo)\n|\n|t:|1700291266\n|start\n|switch|p1a: Azelf|Azelf, shiny|100\/100\n|switch|p2a: Rotom|Rotom-Wash|100\/100\n|turn|1\n|\n|t:|1700291275\n|move|p1a: Azelf|Stealth Rock|p2a: Rotom\n|-sidestart|p2: liaoya|move: Stealth Rock\n|move|p2a: Rotom|Trick|p1a: Azelf\n|-activate|p2a: Rotom|move: Trick|[of] p1a: Azelf\n|-item|p1a: Azelf|Choice Scarf|[from] move: Trick\n|-item|p2a: Rotom|Focus Sash|[from] move: Trick\n|\n|upkeep\n|turn|2\n|\n|t:|1700291283\n|move|p1a: Azelf|Knock Off|p2a: Rotom\n|-damage|p2a: Rotom|63\/100\n|-enditem|p2a: Rotom|Focus Sash|[from] move: Knock Off|[of] p1a: Azelf\n|move|p2a: Rotom|Will-O-Wisp|p1a: Azelf\n|-status|p1a: Azelf|brn\n|\n|-damage|p1a: Azelf|94\/100 brn|[from] brn\n|upkeep\n|turn|3\n|\n|t:|1700291296\n|switch|p1a: Ninetales|Ninetales-Alola, M, shiny|100\/100\n|-weather|Snow|[from] ability: Snow Warning|[of] p1a: Ninetales\n|move|p2a: Rotom|Volt Switch|p1a: Ninetales\n|-damage|p1a: Ninetales|67\/100\n|\n|t:|1700291301\n|switch|p2a: Glimmora|Glimmora, M|100\/100|[from] Volt Switch\n|-damage|p2a: Glimmora|88\/100|[from] Stealth Rock\n|\n|-weather|Snow|[upkeep]\n|upkeep\n|turn|4\n|\n|t:|1700291310\n|move|p1a: Ninetales|Aurora Veil|p1a: Ninetales\n|-sidestart|p1: holahalo|move: Aurora Veil\n|move|p2a: Glimmora|Mortal Spin|p1a: Ninetales\n|-supereffective|p1a: Ninetales\n|-damage|p1a: Ninetales|63\/100\n|-status|p1a: Ninetales|psn\n|-sideend|p2: liaoya|Stealth Rock|[from] move: Mortal Spin|[of] p2a: Glimmora\n|\n|-weather|Snow|[upkeep]\n|-damage|p1a: Ninetales|50\/100 psn|[from] psn\n|upkeep\n|turn|5\n|\n|t:|1700291325\n|move|p1a: Ninetales|Encore|p2a: Glimmora\n|-start|p2a: Glimmora|Encore\n|move|p2a: Glimmora|Mortal Spin|p1a: Ninetales\n|-supereffective|p1a: Ninetales\n|-damage|p1a: Ninetales|45\/100 psn\n|\n|-weather|Snow|[upkeep]\n|-damage|p1a: Ninetales|33\/100 psn|[from] psn\n|upkeep\n|turn|6\n|\n|t:|1700291347\n|switch|p1a: Haxorus|Haxorus, M, shiny|100\/100\n|-ability|p1a: Haxorus|Mold Breaker\n|switch|p2a: Rotom|Rotom-Wash|63\/100\n|\n|-weather|Snow|[upkeep]\n|upkeep\n|turn|7\n|\n|t:|1700291356\n|move|p1a: Haxorus|Earthquake|p2a: Rotom\n|-supereffective|p2a: Rotom\n|-damage|p2a: Rotom|0 fnt\n|faint|p2a: Rotom\n|\n|-weather|none\n|upkeep\n|\n|t:|1700291365\n|switch|p2a: Glimmora|Glimmora, M|88\/100\n|turn|8\n|\n|t:|1700291373\n|move|p1a: Haxorus|Earthquake|p2a: Glimmora\n|-supereffective|p2a: Glimmora\n|-damage|p2a: Glimmora|0 fnt\n|-activate|p2a: Glimmora|ability: Toxic Debris\n|-sidestart|p1: holahalo|move: Toxic Spikes\n|faint|p2a: Glimmora\n|\n|upkeep\n|\n|t:|1700291382\n|switch|p2a: Umbreon|Umbreon, M, shiny|100\/100\n|turn|9\n|\n|t:|1700291386\n|move|p1a: Haxorus|Swords Dance|p1a: Haxorus\n|-boost|p1a: Haxorus|atk|2\n|move|p2a: Umbreon|Yawn|p1a: Haxorus\n|-start|p1a: Haxorus|move: Yawn|[of] p2a: Umbreon\n|\n|upkeep\n|turn|10\n|\n|t:|1700291393\n|move|p2a: Umbreon|Protect|p2a: Umbreon\n|-singleturn|p2a: Umbreon|Protect\n|move|p1a: Haxorus|Close Combat|p2a: Umbreon\n|-activate|p2a: Umbreon|move: Protect\n|\n|-end|p1a: Haxorus|move: Yawn|[silent]\n|-status|p1a: Haxorus|slp\n|upkeep\n|turn|11\n|\n|t:|1700291410\n|switch|p1a: Azelf|Azelf, shiny|94\/100 brn\n|move|p2a: Umbreon|Wish|p2a: Umbreon\n|\n|-damage|p1a: Azelf|88\/100 brn|[from] brn\n|-sideend|p1: holahalo|move: Aurora Veil\n|upkeep\n|turn|12\n|\n|t:|1700291422\n|switch|p2a: Garganacl|Garganacl, M, shiny|100\/100\n|move|p1a: Azelf|Stealth Rock|p2a: Garganacl\n|-sidestart|p2: liaoya|move: Stealth Rock\n|\n|-damage|p1a: Azelf|82\/100 brn|[from] brn\n|upkeep\n|turn|13\n|\n|t:|1700291437\n|switch|p1a: Quaquaval|Quaquaval, M|100\/100\n|-status|p1a: Quaquaval|psn\n|move|p2a: Garganacl|Salt Cure|p1a: Quaquaval\n|-resisted|p1a: Quaquaval\n|-damage|p1a: Quaquaval|93\/100 psn\n|-start|p1a: Quaquaval|Salt Cure\n|\n|-damage|p1a: Quaquaval|81\/100 psn|[from] psn\n|-damage|p1a: Quaquaval|56\/100 psn|[from] Salt Cure\n|upkeep\n|turn|14\n|\n|t:|1700291458\n|switch|p1a: Ninetales|Ninetales-Alola, M, shiny|33\/100 psn\n|-weather|Snow|[from] ability: Snow Warning|[of] p1a: Ninetales\n|-terastallize|p2a: Garganacl|Ghost\n|move|p2a: Garganacl|Iron Defense|p2a: Garganacl\n|-boost|p2a: Garganacl|def|2\n|\n|-weather|Snow|[upkeep]\n|-damage|p1a: Ninetales|21\/100 psn|[from] psn\n|upkeep\n|turn|15\n|\n|t:|1700291475\n|move|p1a: Ninetales|Encore|p2a: Garganacl\n|-start|p2a: Garganacl|Encore\n|move|p2a: Garganacl|Iron Defense|p2a: Garganacl\n|-boost|p2a: Garganacl|def|2\n|\n|-weather|Snow|[upkeep]\n|-damage|p1a: Ninetales|8\/100 psn|[from] psn\n|upkeep\n|turn|16\n|\n|t:|1700291488\n|switch|p2a: Drifblim|Drifblim, F|100\/100\n|-damage|p2a: Drifblim|76\/100|[from] Stealth Rock\n|move|p1a: Ninetales|Roar|p2a: Drifblim\n|drag|p2a: Espeon|Espeon, F|100\/100\n|-damage|p2a: Espeon|88\/100|[from] Stealth Rock\n|\n|-weather|Snow|[upkeep]\n|-damage|p1a: Ninetales|0 fnt|[from] psn\n|faint|p1a: Ninetales\n|upkeep\n|inactive|holahalo has 120 seconds left.\n|\n|t:|1700291511\n|switch|p1a: Quaquaval|Quaquaval, M|56\/100 psn\n|turn|17\n|\n|t:|1700291517\n|move|p2a: Espeon|Psyshock|p1a: Quaquaval\n|-supereffective|p1a: Quaquaval\n|-crit|p1a: Quaquaval\n|-damage|p1a: Quaquaval|0 fnt\n|faint|p1a: Quaquaval\n|\n|-weather|Snow|[upkeep]\n|upkeep\n|\n|t:|1700291537\n|switch|p1a: Azelf|Azelf, shiny|82\/100 brn\n|turn|18\n|\n|t:|1700291544\n|switch|p2a: Garganacl|Garganacl, M, shiny, tera:Ghost|100\/100\n|-damage|p2a: Garganacl|88\/100|[from] Stealth Rock\n|move|p1a: Azelf|Knock Off|p2a: Garganacl\n|-supereffective|p2a: Garganacl\n|-damage|p2a: Garganacl|64\/100\n|-enditem|p2a: Garganacl|Leftovers|[from] move: Knock Off|[of] p1a: Azelf\n|\n|-weather|none\n|-damage|p1a: Azelf|76\/100 brn|[from] brn\n|upkeep\n|turn|19\n|\n|t:|1700291561\n|switch|p1a: Torterra|Torterra, M|100\/100\n|-status|p1a: Torterra|psn\n|move|p2a: Garganacl|Iron Defense|p2a: Garganacl\n|-boost|p2a: Garganacl|def|2\n|\n|-damage|p1a: Torterra|88\/100 psn|[from] psn\n|upkeep\n|turn|20\n|\n|t:|1700291573\n|move|p1a: Torterra|Shell Smash|p1a: Torterra\n|-unboost|p1a: Torterra|def|1\n|-unboost|p1a: Torterra|spd|1\n|-boost|p1a: Torterra|atk|2\n|-boost|p1a: Torterra|spa|2\n|-boost|p1a: Torterra|spe|2\n|move|p2a: Garganacl|Body Press|p1a: Torterra\n|-damage|p1a: Torterra|20\/100 psn\n|\n|-damage|p1a: Torterra|7\/100 psn|[from] psn\n|upkeep\n|turn|21\n|\n|t:|1700291586\n|switch|p2a: Drifblim|Drifblim, F|76\/100\n|-damage|p2a: Drifblim|51\/100|[from] Stealth Rock\n|move|p1a: Torterra|Bullet Seed|p2a: Drifblim\n|-resisted|p2a: Drifblim\n|-damage|p2a: Drifblim|31\/100\n|-resisted|p2a: Drifblim\n|-damage|p2a: Drifblim|12\/100\n|-resisted|p2a: Drifblim\n|-damage|p2a: Drifblim|0 fnt\n|faint|p2a: Drifblim\n|-hitcount|p2: Drifblim|3\n|\n|-damage|p1a: Torterra|0 fnt|[from] psn\n|faint|p1a: Torterra\n|upkeep\n|\n|t:|1700291605\n|switch|p2a: Umbreon|Umbreon, M, shiny|100\/100\n|switch|p1a: Azelf|Azelf, shiny|76\/100 brn\n|-damage|p2a: Umbreon|88\/100|[from] Stealth Rock\n|turn|22\n|\n|t:|1700291616\n|move|p1a: Azelf|Knock Off|p2a: Umbreon\n|-resisted|p2a: Umbreon\n|-damage|p2a: Umbreon|83\/100\n|-enditem|p2a: Umbreon|Leftovers|[from] move: Knock Off|[of] p1a: Azelf\n|move|p2a: Umbreon|Wish|p2a: Umbreon\n|\n|-damage|p1a: Azelf|70\/100 brn|[from] brn\n|upkeep\n|turn|23\n|\n|t:|1700291634\n|switch|p1a: Ceruledge|Ceruledge, F|100\/100\n|-status|p1a: Ceruledge|psn\n|switch|p2a: Garganacl|Garganacl, M, shiny, tera:Ghost|64\/100\n|-damage|p2a: Garganacl|52\/100|[from] Stealth Rock\n|\n|-heal|p2a: Garganacl|100\/100|[from] move: Wish|[wisher] Umbreon\n|-damage|p1a: Ceruledge|88\/100 psn|[from] psn\n|upkeep\n|turn|24\n|inactive|holahalo has 90 seconds left.\n|\n|t:|1700291668\n|-terastallize|p1a: Ceruledge|Ghost\n|move|p1a: Ceruledge|Swords Dance|p1a: Ceruledge\n|-boost|p1a: Ceruledge|atk|2\n|move|p2a: Garganacl|Iron Defense|p2a: Garganacl\n|-boost|p2a: Garganacl|def|2\n|\n|-damage|p1a: Ceruledge|76\/100 psn|[from] psn\n|upkeep\n|turn|25\n|\n|t:|1700291688\n|move|p1a: Ceruledge|Shadow Sneak|p2a: Garganacl\n|-supereffective|p2a: Garganacl\n|-damage|p2a: Garganacl|81\/100\n|move|p2a: Garganacl|Iron Defense|p2a: Garganacl\n|-boost|p2a: Garganacl|def|2\n|\n|-damage|p1a: Ceruledge|63\/100 psn|[from] psn\n|upkeep\n|turn|26\n|-message|holahalo forfeited.\n|\n|win|liaoya\n|raw|holahalo's rating: 1418 &rarr; <strong>1406<\/strong><br \/>(-12 for losing)\n|raw|liaoya's rating: 1572 &rarr; <strong>1584<\/strong><br \/>(+12 for winning)\n|l|\u2606holahalo\n","uploadtime":1700291694,"views":10,"p1id":"holahalo","p2id":"liaoya","formatid":"gen9ou","rating":1406,"private":0,"password":""}