{"id":"gen9ou-1996912462","p1":"Bring The Propain","p2":"Diatere","format":"[Gen 9] OU","log":"|j|\u2606Bring The Propain\n|j|\u2606Diatere\n|t:|1700743927\n|gametype|singles\n|player|p1|Bring The Propain|li|1305\n|player|p2|Diatere|mina|1389\n|teamsize|p1|6\n|teamsize|p2|6\n|gen|9\n|tier|[Gen 9] OU\n|rated|\n|rule|Sleep Clause Mod: Limit one foe put to sleep\n|rule|Species Clause: Limit one of each Pok\u00e9mon\n|rule|OHKO Clause: OHKO moves are banned\n|rule|Evasion Items Clause: Evasion items are banned\n|rule|Evasion Moves Clause: Evasion moves are banned\n|rule|Endless Battle Clause: Forcing endless battles is banned\n|rule|HP Percentage Mod: HP is shown in percentages\n|clearpoke\n|poke|p1|Corviknight, F|\n|poke|p1|Arcanine-Hisui, F|\n|poke|p1|Gholdengo|\n|poke|p1|Iron Valiant|\n|poke|p1|Ribombee, F|\n|poke|p1|Landorus-Therian, M|\n|poke|p2|Ninetales-Alola, M|\n|poke|p2|Hatterene, F|\n|poke|p2|Manaphy|\n|poke|p2|Ogerpon-Cornerstone, F|\n|poke|p2|Rillaboom, M|\n|poke|p2|Iron Valiant|\n|teampreview\n|\n|t:|1700743936\n|start\n|switch|p1a: Arcanine|Arcanine-Hisui, F|100\/100\n|switch|p2a: Tavros|Ninetales-Alola, M|100\/100\n|-weather|Snow|[from] ability: Snow Warning|[of] p2a: Tavros\n|turn|1\n|\n|t:|1700743943\n|move|p2a: Tavros|Aurora Veil|p2a: Tavros\n|-sidestart|p2: Diatere|move: Aurora Veil\n|move|p1a: Arcanine|Head Smash|p2a: Tavros\n|-supereffective|p2a: Tavros\n|-damage|p2a: Tavros|21\/100\n|-damage|p1a: Arcanine|91\/100|[from] item: Life Orb\n|\n|-weather|Snow|[upkeep]\n|upkeep\n|turn|2\n|\n|t:|1700743950\n|switch|p2a: Gamzee|Rillaboom, M|100\/100\n|-fieldstart|move: Grassy Terrain|[from] ability: Grassy Surge|[of] p2a: Gamzee\n|move|p1a: Arcanine|Flare Blitz|p2a: Gamzee\n|-supereffective|p2a: Gamzee\n|-damage|p2a: Gamzee|19\/100\n|-damage|p1a: Arcanine|81\/100|[from] item: Life Orb\n|\n|-weather|Snow|[upkeep]\n|-heal|p1a: Arcanine|87\/100|[from] Grassy Terrain\n|-heal|p2a: Gamzee|25\/100|[from] Grassy Terrain\n|upkeep\n|turn|3\n|\n|t:|1700743961\n|switch|p1a: Corviknight|Corviknight, F|100\/100\n|-ability|p1a: Corviknight|Pressure\n|switch|p2a: Kanaya|Hatterene, F|100\/100\n|-enditem|p2a: Kanaya|Grassy Seed\n|-boost|p2a: Kanaya|def|1|[from] item: Grassy Seed\n|\n|-weather|Snow|[upkeep]\n|upkeep\n|turn|4\n|\n|t:|1700743971\n|move|p1a: Corviknight|Defog|p2a: Kanaya\n|move|p2a: Kanaya|Defog|p1a: Corviknight|[from]ability: Magic Bounce\n|-unboost|p1a: Corviknight|evasion|1\n|-fieldend|move: Grassy Terrain\n|move|p2a: Kanaya|Calm Mind|p2a: Kanaya\n|-boost|p2a: Kanaya|spa|1\n|-boost|p2a: Kanaya|spd|1\n|\n|-weather|Snow|[upkeep]\n|upkeep\n|turn|5\n|\n|t:|1700743980\n|move|p1a: Corviknight|U-turn|p2a: Kanaya\n|-damage|p2a: Kanaya|96\/100\n|\n|t:|1700743985\n|switch|p1a: Gholdengo|Gholdengo|100\/100|[from] U-turn\n|move|p2a: Kanaya|Mystical Fire|p1a: Gholdengo\n|-supereffective|p1a: Gholdengo\n|-crit|p1a: Gholdengo\n|-damage|p1a: Gholdengo|8\/100\n|-unboost|p1a: Gholdengo|spa|1\n|\n|-weather|none\n|-heal|p1a: Gholdengo|14\/100|[from] item: Leftovers\n|upkeep\n|turn|6\n|\n|t:|1700743994\n|move|p1a: Gholdengo|Recover|p1a: Gholdengo\n|-heal|p1a: Gholdengo|65\/100\n|move|p2a: Kanaya|Mystical Fire|p1a: Gholdengo\n|-supereffective|p1a: Gholdengo\n|-damage|p1a: Gholdengo|11\/100\n|-unboost|p1a: Gholdengo|spa|1\n|\n|-heal|p1a: Gholdengo|17\/100|[from] item: Leftovers\n|upkeep\n|turn|7\n|\n|t:|1700744003\n|move|p1a: Gholdengo|Recover|p1a: Gholdengo\n|-heal|p1a: Gholdengo|67\/100\n|move|p2a: Kanaya|Mystical Fire|p1a: Gholdengo\n|-supereffective|p1a: Gholdengo\n|-damage|p1a: Gholdengo|7\/100\n|-unboost|p1a: Gholdengo|spa|1\n|\n|-heal|p1a: Gholdengo|13\/100|[from] item: Leftovers\n|upkeep\n|turn|8\n|\n|t:|1700744010\n|move|p1a: Gholdengo|Recover|p1a: Gholdengo\n|-heal|p1a: Gholdengo|63\/100\n|move|p2a: Kanaya|Mystical Fire|p1a: Gholdengo\n|-supereffective|p1a: Gholdengo\n|-damage|p1a: Gholdengo|0 fnt\n|faint|p1a: Gholdengo\n|\n|-sideend|p2: Diatere|move: Aurora Veil\n|upkeep\n|\n|t:|1700744017\n|switch|p1a: Arcanine|Arcanine-Hisui, F|87\/100\n|turn|9\n|\n|t:|1700744044\n|move|p1a: Arcanine|Flare Blitz|p2a: Kanaya\n|-damage|p2a: Kanaya|52\/100\n|-damage|p1a: Arcanine|77\/100|[from] item: Life Orb\n|move|p2a: Kanaya|Psyshock|p1a: Arcanine\n|-crit|p1a: Arcanine\n|-damage|p1a: Arcanine|0 fnt\n|faint|p1a: Arcanine\n|\n|upkeep\n|-message|Bring The Propain forfeited.\n|\n|win|Diatere\n|raw|Bring The Propain's rating: 1305 &rarr; <strong>1290<\/strong><br \/>(-15 for losing)\n|raw|Diatere's rating: 1389 &rarr; <strong>1404<\/strong><br \/>(+15 for winning)\n|l|\u2606Bring The Propain\n","uploadtime":1700744056,"views":1,"p1id":"bringthepropain","p2id":"diatere","formatid":"gen9ou","rating":1290,"private":0,"password":""}