{"id":"gen9ou-1992807150","p1":"RedNecroDevil","p2":"SnoozSeal","format":"[Gen 9] OU","log":"|j|\u2606RedNecroDevil\n|j|\u2606SnoozSeal\n|t:|1700237154\n|gametype|singles\n|player|p1|RedNecroDevil|2|1196\n|player|p2|SnoozSeal|larry|1295\n|teamsize|p1|6\n|teamsize|p2|6\n|gen|9\n|tier|[Gen 9] OU\n|rated|\n|rule|Sleep Clause Mod: Limit one foe put to sleep\n|rule|Species Clause: Limit one of each Pok\u00e9mon\n|rule|OHKO Clause: OHKO moves are banned\n|rule|Evasion Items Clause: Evasion items are banned\n|rule|Evasion Moves Clause: Evasion moves are banned\n|rule|Endless Battle Clause: Forcing endless battles is banned\n|rule|HP Percentage Mod: HP is shown in percentages\n|clearpoke\n|poke|p1|Enamorus, F|\n|poke|p1|Glimmora, M|\n|poke|p1|Ribombee, F|\n|poke|p1|Vespiquen, F|\n|poke|p1|Garganacl, M|\n|poke|p1|Rotom-Wash|\n|poke|p2|Slowking-Galar, F|\n|poke|p2|Great Tusk|\n|poke|p2|Ribombee, F|\n|poke|p2|Gholdengo|\n|poke|p2|Dragapult, M|\n|poke|p2|Landorus-Therian, M|\n|teampreview\n|inactive|Battle timer is ON: inactive players will automatically lose when time's up. (requested by SnoozSeal)\n|\n|t:|1700237160\n|start\n|switch|p1a: Rotom|Rotom-Wash|100\/100\n|switch|p2a: yeetus deletus|Dragapult, M, shiny|100\/100\n|turn|1\n|\n|t:|1700237163\n|move|p1a: Rotom|Trick|p2a: yeetus deletus\n|-activate|p1a: Rotom|move: Trick|[of] p2a: yeetus deletus\n|-item|p2a: yeetus deletus|Choice Scarf|[from] move: Trick\n|-item|p1a: Rotom|Choice Specs|[from] move: Trick\n|move|p2a: yeetus deletus|Draco Meteor|p1a: Rotom\n|-damage|p1a: Rotom|27\/100\n|-unboost|p2a: yeetus deletus|spa|2\n|\n|upkeep\n|turn|2\n|\n|t:|1700237169\n|switch|p1a: Garganacl|Garganacl, M|100\/100\n|move|p2a: yeetus deletus|Draco Meteor|p1a: Garganacl|[miss]\n|-miss|p2a: yeetus deletus|p1a: Garganacl\n|\n|upkeep\n|turn|3\n|\n|t:|1700237174\n|switch|p2a: Landorus|Landorus-Therian, M|100\/100\n|-ability|p2a: Landorus|Intimidate|boost\n|-unboost|p1a: Garganacl|atk|1\n|move|p1a: Garganacl|Block|p2a: Landorus\n|-activate|p2a: Landorus|trapped\n|\n|upkeep\n|turn|4\n|\n|t:|1700237178\n|move|p2a: Landorus|Nasty Plot|p2a: Landorus\n|-boost|p2a: Landorus|spa|2\n|move|p1a: Garganacl|Iron Defense|p1a: Garganacl\n|-boost|p1a: Garganacl|def|2\n|\n|upkeep\n|turn|5\n|\n|t:|1700237182\n|move|p2a: Landorus|Nasty Plot|p2a: Landorus\n|-boost|p2a: Landorus|spa|2\n|move|p1a: Garganacl|Salt Cure|p2a: Landorus\n|-damage|p2a: Landorus|90\/100\n|-start|p2a: Landorus|Salt Cure\n|\n|-damage|p2a: Landorus|78\/100|[from] Salt Cure\n|upkeep\n|turn|6\n|\n|t:|1700237187\n|move|p2a: Landorus|Sandsear Storm|p1a: Garganacl\n|-supereffective|p1a: Garganacl\n|-damage|p1a: Garganacl|0 fnt\n|faint|p1a: Garganacl\n|\n|-damage|p2a: Landorus|65\/100|[from] Salt Cure\n|upkeep\n|\n|t:|1700237192\n|switch|p1a: Rotom|Rotom-Wash|27\/100\n|turn|7\n|\n|t:|1700237201\n|move|p2a: Landorus|Tera Blast|p1a: Rotom\n|-damage|p1a: Rotom|0 fnt\n|faint|p1a: Rotom\n|\n|-damage|p2a: Landorus|53\/100|[from] Salt Cure\n|upkeep\n|\n|t:|1700237206\n|switch|p1a: Ribombee|Ribombee, F|100\/100\n|turn|8\n|\n|t:|1700237209\n|switch|p2a: oh hi mark|Ribombee, F|100\/100\n|move|p1a: Ribombee|Bug Buzz|p2a: oh hi mark\n|-resisted|p2a: oh hi mark\n|-damage|p2a: oh hi mark|75\/100\n|\n|upkeep\n|turn|9\n|\n|t:|1700237213\n|move|p1a: Ribombee|Calm Mind|p1a: Ribombee\n|-boost|p1a: Ribombee|spa|1\n|-boost|p1a: Ribombee|spd|1\n|move|p2a: oh hi mark|Tailwind|p2a: oh hi mark\n|-sidestart|p2: SnoozSeal|move: Tailwind\n|\n|upkeep\n|turn|10\n|\n|t:|1700237216\n|move|p2a: oh hi mark|Sticky Web|p1a: Ribombee\n|-sidestart|p1: RedNecroDevil|move: Sticky Web\n|move|p1a: Ribombee|Agility|p1a: Ribombee\n|-boost|p1a: Ribombee|spe|2\n|\n|upkeep\n|turn|11\n|\n|t:|1700237220\n|move|p1a: Ribombee|Calm Mind|p1a: Ribombee\n|-boost|p1a: Ribombee|spa|1\n|-boost|p1a: Ribombee|spd|1\n|move|p2a: oh hi mark|Stun Spore|p1a: Ribombee\n|-status|p1a: Ribombee|par\n|-enditem|p1a: Ribombee|Lum Berry|[eat]\n|-curestatus|p1a: Ribombee|par|[msg]\n|\n|upkeep\n|turn|12\n|\n|t:|1700237228\n|move|p1a: Ribombee|Bug Buzz|p2a: oh hi mark\n|-resisted|p2a: oh hi mark\n|-damage|p2a: oh hi mark|23\/100\n|move|p2a: oh hi mark|Stun Spore|p1a: Ribombee\n|-status|p1a: Ribombee|par\n|\n|-sideend|p2: SnoozSeal|move: Tailwind\n|upkeep\n|turn|13\n|\n|t:|1700237232\n|move|p2a: oh hi mark|Tailwind|p2a: oh hi mark\n|-sidestart|p2: SnoozSeal|move: Tailwind\n|move|p1a: Ribombee|Agility|p1a: Ribombee\n|-boost|p1a: Ribombee|spe|2\n|\n|upkeep\n|turn|14\n|\n|t:|1700237235\n|move|p2a: oh hi mark|Moonblast|p1a: Ribombee\n|-damage|p1a: Ribombee|74\/100 par\n|move|p1a: Ribombee|Agility|p1a: Ribombee\n|-boost|p1a: Ribombee|spe|2\n|\n|upkeep\n|turn|15\n|\n|t:|1700237239\n|move|p2a: oh hi mark|Moonblast|p1a: Ribombee\n|-damage|p1a: Ribombee|44\/100 par\n|-unboost|p1a: Ribombee|spa|1\n|move|p1a: Ribombee|Calm Mind|p1a: Ribombee\n|-boost|p1a: Ribombee|spa|1\n|-boost|p1a: Ribombee|spd|1\n|\n|upkeep\n|turn|16\n|\n|t:|1700237245\n|move|p1a: Ribombee|Bug Buzz|p2a: oh hi mark\n|-resisted|p2a: oh hi mark\n|-damage|p2a: oh hi mark|0 fnt\n|faint|p2a: oh hi mark\n|\n|-sideend|p2: SnoozSeal|move: Tailwind\n|upkeep\n|\n|t:|1700237251\n|switch|p2a: ghoul goblin|Gholdengo|100\/100\n|-item|p2a: ghoul goblin|Air Balloon\n|turn|17\n|\n|t:|1700237253\n|move|p1a: Ribombee|Bug Buzz|p2a: ghoul goblin\n|-resisted|p2a: ghoul goblin\n|-damage|p2a: ghoul goblin|81\/100\n|-enditem|p2a: ghoul goblin|Air Balloon\n|move|p2a: ghoul goblin|Make It Rain|p1a: Ribombee\n|-supereffective|p1a: Ribombee\n|-damage|p1a: Ribombee|0 fnt\n|-unboost|p2a: ghoul goblin|spa|1\n|faint|p1a: Ribombee\n|\n|upkeep\n|\n|t:|1700237261\n|switch|p1a: Enamorus|Enamorus, F, shiny|100\/100\n|turn|18\n|\n|t:|1700237271\n|-terastallize|p1a: Enamorus|Steel\n|-terastallize|p2a: ghoul goblin|Fairy\n|move|p1a: Enamorus|Substitute|p1a: Enamorus\n|-start|p1a: Enamorus|Substitute\n|-damage|p1a: Enamorus|76\/100\n|move|p2a: ghoul goblin|Make It Rain|p1a: Enamorus\n|-resisted|p1a: Enamorus\n|-end|p1a: Enamorus|Substitute\n|-unboost|p2a: ghoul goblin|spa|1\n|\n|-heal|p1a: Enamorus|82\/100|[from] item: Leftovers\n|upkeep\n|turn|19\n|\n|t:|1700237275\n|move|p1a: Enamorus|Superpower|p2a: ghoul goblin\n|-resisted|p2a: ghoul goblin\n|-damage|p2a: ghoul goblin|62\/100\n|-boost|p1a: Enamorus|atk|1\n|-boost|p1a: Enamorus|def|1\n|move|p2a: ghoul goblin|Shadow Ball|p1a: Enamorus\n|-damage|p1a: Enamorus|52\/100\n|\n|-heal|p1a: Enamorus|59\/100|[from] item: Leftovers\n|upkeep\n|turn|20\n|\n|t:|1700237285\n|move|p1a: Enamorus|Iron Head|p2a: ghoul goblin\n|-supereffective|p2a: ghoul goblin\n|-damage|p2a: ghoul goblin|0 fnt\n|faint|p2a: ghoul goblin\n|\n|-heal|p1a: Enamorus|65\/100|[from] item: Leftovers\n|upkeep\n|\n|t:|1700237289\n|switch|p2a: Great Tusk|Great Tusk|100\/100\n|turn|21\n|l|\u2606SnoozSeal\n|inactive|SnoozSeal disconnected and has a minute to reconnect!\n|player|p2|\n|j|\u2606SnoozSeal\n|inactive|SnoozSeal reconnected and has 135 seconds left.\n|player|p2|SnoozSeal|larry\n|\n|t:|1700237310\n|switch|p1a: Vespiquen|Vespiquen, F|100\/100\n|-ability|p1a: Vespiquen|Pressure\n|move|p2a: Great Tusk|Earthquake|p1a: Vespiquen\n|-immune|p1a: Vespiquen\n|\n|upkeep\n|turn|22\n|\n|t:|1700237314\n|-end|p2a: Great Tusk|Protosynthesis|[silent]\n|switch|p2a: yeetus deletus|Dragapult, M, shiny|100\/100\n|move|p1a: Vespiquen|Defend Order|p1a: Vespiquen\n|-boost|p1a: Vespiquen|def|1\n|-boost|p1a: Vespiquen|spd|1\n|\n|upkeep\n|turn|23\n|\n|t:|1700237322\n|move|p2a: yeetus deletus|Flamethrower|p1a: Vespiquen\n|-supereffective|p1a: Vespiquen\n|-damage|p1a: Vespiquen|71\/100\n|move|p1a: Vespiquen|Sludge Bomb|p2a: yeetus deletus\n|-resisted|p2a: yeetus deletus\n|-damage|p2a: yeetus deletus|89\/100\n|-status|p2a: yeetus deletus|psn\n|\n|-heal|p1a: Vespiquen|77\/100|[from] item: Leftovers\n|-damage|p2a: yeetus deletus|77\/100 psn|[from] psn\n|upkeep\n|turn|24\n|\n|t:|1700237328\n|move|p2a: yeetus deletus|Flamethrower|p1a: Vespiquen\n|-supereffective|p1a: Vespiquen\n|-damage|p1a: Vespiquen|49\/100\n|-status|p1a: Vespiquen|brn\n|move|p1a: Vespiquen|Hex|p2a: yeetus deletus\n|-supereffective|p2a: yeetus deletus\n|-damage|p2a: yeetus deletus|15\/100 psn\n|\n|-heal|p1a: Vespiquen|55\/100 brn|[from] item: Leftovers\n|-damage|p2a: yeetus deletus|3\/100 psn|[from] psn\n|-damage|p1a: Vespiquen|49\/100 brn|[from] brn\n|upkeep\n|turn|25\n|\n|t:|1700237335\n|move|p2a: yeetus deletus|Flamethrower|p1a: Vespiquen\n|-supereffective|p1a: Vespiquen\n|-damage|p1a: Vespiquen|19\/100 brn\n|move|p1a: Vespiquen|Defend Order|p1a: Vespiquen\n|-boost|p1a: Vespiquen|def|1\n|-boost|p1a: Vespiquen|spd|1\n|\n|-heal|p1a: Vespiquen|25\/100 brn|[from] item: Leftovers\n|-damage|p2a: yeetus deletus|0 fnt|[from] psn\n|faint|p2a: yeetus deletus\n|-damage|p1a: Vespiquen|19\/100 brn|[from] brn\n|upkeep\n|\n|t:|1700237338\n|switch|p2a: Landorus|Landorus-Therian, M|53\/100\n|-ability|p2a: Landorus|Intimidate|boost\n|-unboost|p1a: Vespiquen|atk|1\n|turn|26\n|\n|t:|1700237343\n|move|p2a: Landorus|Nasty Plot|p2a: Landorus\n|-boost|p2a: Landorus|spa|2\n|move|p1a: Vespiquen|Sludge Bomb|p2a: Landorus\n|-resisted|p2a: Landorus\n|-damage|p2a: Landorus|42\/100\n|\n|-heal|p1a: Vespiquen|25\/100 brn|[from] item: Leftovers\n|-damage|p1a: Vespiquen|19\/100 brn|[from] brn\n|upkeep\n|turn|27\n|\n|t:|1700237346\n|move|p2a: Landorus|Tera Blast|p1a: Vespiquen\n|-damage|p1a: Vespiquen|0 fnt\n|faint|p1a: Vespiquen\n|\n|upkeep\n|\n|t:|1700237348\n|switch|p1a: Enamorus|Enamorus, F, shiny, tera:Steel|65\/100\n|-activate|p1a: Enamorus|move: Sticky Web\n|-boost|p1a: Enamorus|spe|1\n|turn|28\n|\n|t:|1700237352\n|move|p1a: Enamorus|Superpower|p2a: Landorus\n|-resisted|p2a: Landorus\n|-damage|p2a: Landorus|20\/100\n|-boost|p1a: Enamorus|atk|1\n|-boost|p1a: Enamorus|def|1\n|move|p2a: Landorus|Sandsear Storm|p1a: Enamorus\n|-supereffective|p1a: Enamorus\n|-damage|p1a: Enamorus|0 fnt\n|faint|p1a: Enamorus\n|\n|upkeep\n|\n|t:|1700237356\n|switch|p1a: Glimmora|Glimmora, M|100\/100\n|-activate|p1a: Glimmora|move: Sticky Web\n|-unboost|p1a: Glimmora|spe|1\n|turn|29\n|-message|RedNecroDevil forfeited.\n|\n|win|SnoozSeal\n|raw|RedNecroDevil's rating: 1196 &rarr; <strong>1178<\/strong><br \/>(-18 for losing)\n|raw|SnoozSeal's rating: 1295 &rarr; <strong>1313<\/strong><br \/>(+18 for winning)\n|l|\u2606RedNecroDevil\n","uploadtime":1700237364,"views":10,"p1id":"rednecrodevil","p2id":"snoozseal","formatid":"gen9ou","rating":1178,"private":0,"password":""}