{"id":"gen9ou-1998202931","p1":"COALLA123456789","p2":"longestbanana","format":"[Gen 9] OU","log":"|j|\u2606COALLA123456789\n|j|\u2606longestbanana\n|t:|1700911902\n|gametype|singles\n|player|p1|COALLA123456789|benga|\n|player|p2|longestbanana|lass-gen4dp|\n|teamsize|p1|6\n|teamsize|p2|6\n|gen|9\n|tier|[Gen 9] OU\n|rule|Sleep Clause Mod: Limit one foe put to sleep\n|rule|Species Clause: Limit one of each Pok\u00e9mon\n|rule|OHKO Clause: OHKO moves are banned\n|rule|Evasion Items Clause: Evasion items are banned\n|rule|Evasion Moves Clause: Evasion moves are banned\n|rule|Endless Battle Clause: Forcing endless battles is banned\n|rule|HP Percentage Mod: HP is shown in percentages\n|clearpoke\n|poke|p1|Dragapult, F|\n|poke|p1|Kingambit, F|\n|poke|p1|Landorus-Therian, M|\n|poke|p1|Tauros-Paldea-Blaze, M|\n|poke|p1|Samurott-Hisui, F|\n|poke|p1|Goodra-Hisui, F|\n|poke|p2|Cinderace, F|\n|poke|p2|Dragonite, F|\n|poke|p2|Samurott-Hisui, M|\n|poke|p2|Gholdengo|\n|poke|p2|Iron Valiant|\n|poke|p2|Great Tusk|\n|teampreview\n|inactive|Battle timer is ON: inactive players will automatically lose when time's up. (requested by COALLA123456789)\n|c|\u2606COALLA123456789|hf man!\n|inactive|COALLA123456789 has 270 seconds left.\n|inactive|longestbanana has 270 seconds left.\n|c|\u2606COALLA123456789|Also remember to respect your elders here now lol\n|c|\u2606longestbanana|hf\n|c|\u2606longestbanana|wdym respect ur elders?\n|inactive|COALLA123456789 has 240 seconds left.\n|inactive|longestbanana has 240 seconds left.\n|j| Savouras\n|c|\u2606COALLA123456789|i\u2019m just joking since I\u2019m old lol\n|c|\u2606longestbanana|OH\n|c|\u2606longestbanana|yeah lmao\n|c|\u2606COALLA123456789|anyway\n|c|\u2606COALLA123456789|hf bro!\n|c|\u2606longestbanana|ill try my best\n|c|\u2606longestbanana|u2\n|c|\u2606COALLA123456789|Sup sav!\n|inactive|COALLA123456789 has 210 seconds left.\n|inactive|longestbanana has 210 seconds left.\n|c| Savouras|hello hello\n|c|\u2606COALLA123456789|happy late birthday bro\n|c|\u2606COALLA123456789|aight\n|inactive|COALLA123456789 has 180 seconds left.\n|inactive|longestbanana has 180 seconds left.\n|c| Savouras|ty <3\n|c|\u2606COALLA123456789|lets get to it now\n|inactive|COALLA123456789 has 150 seconds left.\n|\n|t:|1700912069\n|start\n|switch|p1a: Landorus|Landorus-Therian, M|100\/100\n|switch|p2a: Gholdengo|Gholdengo|100\/100\n|-ability|p1a: Landorus|Intimidate|boost\n|-unboost|p2a: Gholdengo|atk|1\n|turn|1\n|inactive|longestbanana has 240 seconds left.\n|inactive|COALLA123456789 has 180 seconds left.\n|inactive|longestbanana has 210 seconds left.\n|\n|t:|1700912125\n|move|p2a: Gholdengo|Make It Rain|p1a: Landorus\n|-damage|p1a: Landorus|34\/100\n|-unboost|p2a: Gholdengo|spa|1\n|move|p1a: Landorus|U-turn|p2a: Gholdengo\n|-resisted|p2a: Gholdengo\n|-damage|p2a: Gholdengo|95\/100\n|\n|t:|1700912136\n|switch|p1a: Samurott|Samurott-Hisui, F|100\/100|[from] U-turn\n|\n|upkeep\n|turn|2\n|\n|t:|1700912152\n|switch|p2a: Samurott|Samurott-Hisui, M|100\/100\n|move|p1a: Samurott|Knock Off|p2a: Samurott\n|-resisted|p2a: Samurott\n|-damage|p2a: Samurott|78\/100\n|-damage|p1a: Samurott|84\/100|[from] item: Rocky Helmet|[of] p2a: Samurott\n|-enditem|p2a: Samurott|Rocky Helmet|[from] move: Knock Off|[of] p1a: Samurott\n|\n|upkeep\n|turn|3\n|inactive|COALLA123456789 has 150 seconds left.\n|\n|t:|1700912171\n|move|p1a: Samurott|Ceaseless Edge|p2a: Samurott\n|-resisted|p2a: Samurott\n|-damage|p2a: Samurott|52\/100\n|-sidestart|p2: longestbanana|Spikes\n|move|p2a: Samurott|Ceaseless Edge|p1a: Samurott\n|-resisted|p1a: Samurott\n|-damage|p1a: Samurott|58\/100\n|-sidestart|p1: COALLA123456789|Spikes\n|\n|upkeep\n|turn|4\n|inactive|COALLA123456789 has 150 seconds left.\n|inactive|longestbanana has 180 seconds left.\n|inactive|COALLA123456789 has 120 seconds left.\n|\n|t:|1700912227\n|switch|p1a: Tauros|Tauros-Paldea-Blaze, M|100\/100\n|-ability|p1a: Tauros|Intimidate|boost\n|-unboost|p2a: Samurott|atk|1\n|move|p2a: Samurott|Ceaseless Edge|p1a: Tauros\n|-resisted|p1a: Tauros\n|-damage|p1a: Tauros|87\/100\n|-sidestart|p1: COALLA123456789|Spikes\n|\n|upkeep\n|turn|5\n|inactive|longestbanana has 150 seconds left.\n|\n|t:|1700912249\n|switch|p2a: Gholdengo|Gholdengo|95\/100\n|-damage|p2a: Gholdengo|82\/100|[from] Spikes\n|move|p1a: Tauros|Close Combat|p2a: Gholdengo\n|-immune|p2a: Gholdengo\n|\n|upkeep\n|turn|6\n|inactive|longestbanana has 150 seconds left.\n|inactive|COALLA123456789 has 90 seconds left.\n|\n|t:|1700912294\n|move|p2a: Gholdengo|Focus Blast|p1a: Tauros\n|-damage|p1a: Tauros|22\/100\n|move|p1a: Tauros|Raging Bull|p2a: Gholdengo\n|-supereffective|p2a: Gholdengo\n|-damage|p2a: Gholdengo|0 fnt\n|faint|p2a: Gholdengo\n|\n|upkeep\n|inactive|longestbanana has 120 seconds left.\n|\n|t:|1700912341\n|switch|p2a: Cinderace|Cinderace, F|100\/100\n|turn|7\n|inactive|COALLA123456789 has 60 seconds left.\n|\n|t:|1700912386\n|switch|p1a: Samurott|Samurott-Hisui, F|58\/100\n|move|p2a: Cinderace|Pyro Ball|p1a: Samurott\n|-resisted|p1a: Samurott\n|-damage|p1a: Samurott|21\/100\n|\n|upkeep\n|turn|8\n|\n|t:|1700912411\n|move|p2a: Cinderace|Pyro Ball|p1a: Samurott\n|-resisted|p1a: Samurott\n|-damage|p1a: Samurott|0 fnt\n|faint|p1a: Samurott\n|\n|upkeep\n|\n|t:|1700912414\n|switch|p1a: Landorus|Landorus-Therian, M|34\/100\n|-ability|p1a: Landorus|Intimidate|boost\n|-unboost|p2a: Cinderace|atk|1\n|turn|9\n|inactive|COALLA123456789 has 30 seconds left.\n|inactive|longestbanana has 90 seconds left.\n|inactive|COALLA123456789 has 20 seconds left.\n|inactive|COALLA123456789 has 15 seconds left.\n|\n|t:|1700912453\n|switch|p2a: Dragonite|Dragonite, F|100\/100\n|move|p1a: Landorus|Earth Power|p2a: Dragonite\n|-immune|p2a: Dragonite\n|\n|upkeep\n|turn|10\n|inactive|COALLA123456789 has 25 seconds left this turn.\n|inactive|longestbanana has 90 seconds left.\n|inactive|COALLA123456789 has 20 seconds left.\n|inactive|COALLA123456789 has 15 seconds left.\n|inactive|longestbanana has 60 seconds left.\n|\n|t:|1700912515\n|move|p2a: Dragonite|Ice Spinner|p1a: Landorus\n|-supereffective|p1a: Landorus\n|-damage|p1a: Landorus|0 fnt\n|-damage|p2a: Dragonite|84\/100|[from] item: Rocky Helmet|[of] p1a: Landorus\n|faint|p1a: Landorus\n|\n|upkeep\n|inactive|COALLA123456789 has 20 seconds left this turn.\n|inactive|COALLA123456789 has 15 seconds left.\n|\n|t:|1700912521\n|switch|p1a: Dragapult|Dragapult, F|100\/100\n|-damage|p1a: Dragapult|84\/100|[from] Spikes\n|turn|11\n|inactive|COALLA123456789 has 25 seconds left this turn.\n|inactive|COALLA123456789 has 20 seconds left.\n|inactive|COALLA123456789 has 15 seconds left.\n|inactive|COALLA123456789 has 10 seconds left.\n|\n|t:|1700912539\n|switch|p2a: Samurott|Samurott-Hisui, M|52\/100\n|-damage|p2a: Samurott|39\/100|[from] Spikes\n|move|p1a: Dragapult|Shadow Ball|p2a: Samurott\n|-resisted|p2a: Samurott\n|-damage|p2a: Samurott|9\/100\n|\n|upkeep\n|turn|12\n|inactive|COALLA123456789 has 20 seconds left this turn.\n|inactive|COALLA123456789 has 15 seconds left.\n|inactive|COALLA123456789 has 10 seconds left.\n|\n|t:|1700912550\n|switch|p1a: Tauros|Tauros-Paldea-Blaze, M|22\/100\n|-ability|p1a: Tauros|Intimidate|boost\n|-unboost|p2a: Samurott|atk|1\n|move|p2a: Samurott|Aqua Jet|p1a: Tauros\n|-supereffective|p1a: Tauros\n|-damage|p1a: Tauros|0 fnt\n|faint|p1a: Tauros\n|\n|upkeep\n|inactive|COALLA123456789 has 15 seconds left this turn.\n|inactive|COALLA123456789 has 10 seconds left.\n|inactive|COALLA123456789 has 5 seconds left.\n|\n|t:|1700912561\n|switch|p1a: Dragapult|Dragapult, F|84\/100\n|-damage|p1a: Dragapult|68\/100|[from] Spikes\n|turn|13\n|inactive|COALLA123456789 has 15 seconds left this turn.\n|inactive|longestbanana has 60 seconds left.\n|\n|t:|1700912570\n|move|p2a: Samurott|Aqua Jet|p1a: Dragapult\n|-resisted|p1a: Dragapult\n|-damage|p1a: Dragapult|59\/100\n|move|p1a: Dragapult|U-turn|p2a: Samurott\n|-supereffective|p2a: Samurott\n|-damage|p2a: Samurott|0 fnt\n|faint|p2a: Samurott\n|inactive|COALLA123456789 has 20 seconds left this turn.\n|inactive|COALLA123456789 has 15 seconds left.\n|\n|t:|1700912578\n|switch|p1a: Goodra|Goodra-Hisui, F|100\/100|[from] U-turn\n|-damage|p1a: Goodra|84\/100|[from] Spikes\n|\n|-heal|p1a: Goodra|90\/100|[from] item: Leftovers\n|upkeep\n|inactive|COALLA123456789 has 20 seconds left this turn.\n|inactive|longestbanana has 60 seconds left.\n|inactive|longestbanana has 30 seconds left.\n|inactive|longestbanana has 20 seconds left.\n|\n|t:|1700912629\n|switch|p2a: Cinderace|Cinderace, F|100\/100\n|turn|14\n|inactive|COALLA123456789 has 30 seconds left this turn.\n|inactive|longestbanana has 30 seconds left this turn.\n|inactive|COALLA123456789 has 20 seconds left.\n|\n|t:|1700912643\n|move|p1a: Goodra|Protect|p1a: Goodra\n|-singleturn|p1a: Goodra|Protect\n|move|p2a: Cinderace|Pyro Ball|p1a: Goodra\n|-activate|p1a: Goodra|move: Protect\n|\n|-heal|p1a: Goodra|96\/100|[from] item: Leftovers\n|upkeep\n|turn|15\n|inactive|COALLA123456789 has 30 seconds left this turn.\n|inactive|COALLA123456789 has 20 seconds left.\n|\n|t:|1700912654\n|move|p2a: Cinderace|Pyro Ball|p1a: Goodra\n|-damage|p1a: Goodra|60\/100\n|move|p1a: Goodra|Body Press|p2a: Cinderace\n|-damage|p2a: Cinderace|67\/100\n|\n|-heal|p1a: Goodra|66\/100|[from] item: Leftovers\n|upkeep\n|turn|16\n|inactive|COALLA123456789 has 30 seconds left this turn.\n|\n|t:|1700912663\n|move|p1a: Goodra|Protect|p1a: Goodra\n|-singleturn|p1a: Goodra|Protect\n|move|p2a: Cinderace|Pyro Ball|p1a: Goodra\n|-activate|p1a: Goodra|move: Protect\n|\n|-heal|p1a: Goodra|72\/100|[from] item: Leftovers\n|upkeep\n|turn|17\n|inactive|COALLA123456789 has 30 seconds left.\n|\n|t:|1700912671\n|move|p2a: Cinderace|Pyro Ball|p1a: Goodra\n|-damage|p1a: Goodra|36\/100\n|move|p1a: Goodra|Body Press|p2a: Cinderace\n|-damage|p2a: Cinderace|28\/100\n|\n|-heal|p1a: Goodra|42\/100|[from] item: Leftovers\n|upkeep\n|turn|18\n|\n|t:|1700912680\n|switch|p2a: Dragonite|Dragonite, F|84\/100\n|move|p1a: Goodra|Body Press|p2a: Dragonite\n|-resisted|p2a: Dragonite\n|-damage|p2a: Dragonite|72\/100\n|\n|-heal|p1a: Goodra|48\/100|[from] item: Leftovers\n|upkeep\n|turn|19\n|\n|t:|1700912687\n|move|p2a: Dragonite|Roost|p2a: Dragonite\n|-heal|p2a: Dragonite|100\/100\n|-singleturn|p2a: Dragonite|move: Roost\n|move|p1a: Goodra|Ice Beam|p2a: Dragonite\n|-supereffective|p2a: Dragonite\n|-damage|p2a: Dragonite|78\/100\n|\n|-heal|p1a: Goodra|54\/100|[from] item: Leftovers\n|upkeep\n|turn|20\n|\n|t:|1700912697\n|move|p2a: Dragonite|Earthquake|p1a: Goodra\n|-supereffective|p1a: Goodra\n|-damage|p1a: Goodra|0 fnt\n|faint|p1a: Goodra\n|\n|upkeep\n|inactive|COALLA123456789 has 30 seconds left.\n|inactive|COALLA123456789 has 20 seconds left.\n|\n|t:|1700912726\n|switch|p1a: Kingambit|Kingambit, F|100\/100\n|-damage|p1a: Kingambit|84\/100|[from] Spikes\n|-activate|p1a: Kingambit|ability: Supreme Overlord\n|-start|p1a: Kingambit|fallen4|[silent]\n|turn|21\n|inactive|COALLA123456789 has 30 seconds left this turn.\n|inactive|COALLA123456789 has 20 seconds left.\n|inactive|COALLA123456789 has 15 seconds left.\n|inactive|COALLA123456789 has 10 seconds left.\n|\n|t:|1700912751\n|move|p2a: Dragonite|Roost|p2a: Dragonite\n|-heal|p2a: Dragonite|100\/100\n|-singleturn|p2a: Dragonite|move: Roost\n|move|p1a: Kingambit|Iron Head|p2a: Dragonite\n|-damage|p2a: Dragonite|68\/100\n|\n|-heal|p1a: Kingambit|90\/100|[from] item: Leftovers\n|upkeep\n|turn|22\n|inactive|COALLA123456789 has 20 seconds left this turn.\n|inactive|COALLA123456789 has 15 seconds left.\n|inactive|longestbanana has 90 seconds left.\n|inactive|COALLA123456789 has 10 seconds left.\n|\n|t:|1700912765\n|-terastallize|p1a: Kingambit|Flying\n|move|p2a: Dragonite|Roost|p2a: Dragonite\n|-heal|p2a: Dragonite|100\/100\n|-singleturn|p2a: Dragonite|move: Roost\n|move|p1a: Kingambit|Iron Head|p2a: Dragonite\n|-damage|p2a: Dragonite|66\/100\n|\n|-heal|p1a: Kingambit|96\/100|[from] item: Leftovers\n|upkeep\n|turn|23\n|inactive|COALLA123456789 has 20 seconds left this turn.\n|inactive|COALLA123456789 has 15 seconds left.\n|inactive|longestbanana has 90 seconds left.\n|\n|t:|1700912772\n|move|p2a: Dragonite|Ice Spinner|p1a: Kingambit\n|-supereffective|p1a: Kingambit\n|-damage|p1a: Kingambit|42\/100\n|move|p1a: Kingambit|Iron Head|p2a: Dragonite\n|-damage|p2a: Dragonite|0 fnt\n|faint|p2a: Dragonite\n|\n|-heal|p1a: Kingambit|48\/100|[from] item: Leftovers\n|upkeep\n|inactive|COALLA123456789 has 20 seconds left this turn.\n|inactive|longestbanana has 90 seconds left.\n|\n|t:|1700912778\n|switch|p2a: Iron Valiant|Iron Valiant|100\/100\n|-damage|p2a: Iron Valiant|88\/100|[from] Spikes\n|-enditem|p2a: Iron Valiant|Booster Energy\n|-activate|p2a: Iron Valiant|ability: Quark Drive|[fromitem]\n|-start|p2a: Iron Valiant|quarkdrivespe\n|turn|24\n|inactive|COALLA123456789 has 30 seconds left this turn.\n|inactive|COALLA123456789 has 20 seconds left.\n|\n|t:|1700912793\n|move|p2a: Iron Valiant|Thunderbolt|p1a: Kingambit\n|-supereffective|p1a: Kingambit\n|-damage|p1a: Kingambit|0 fnt\n|faint|p1a: Kingambit\n|-end|p1a: Kingambit|fallen4|[silent]\n|\n|upkeep\n|inactive|COALLA123456789 has 25 seconds left this turn.\n|\n|t:|1700912795\n|switch|p1a: Dragapult|Dragapult, F|59\/100\n|-damage|p1a: Dragapult|43\/100|[from] Spikes\n|turn|25\n|inactive|COALLA123456789 has 30 seconds left.\n|c|\u2606COALLA123456789|ye gg guys\n|c|\u2606COALLA123456789|have a good ine!\n|c|\u2606longestbanana|ggs\n|inactive|COALLA123456789 has 20 seconds left.\n|\n|t:|1700912812\n|move|p2a: Iron Valiant|Destiny Bond|p2a: Iron Valiant\n|-singlemove|p2a: Iron Valiant|Destiny Bond\n|move|p1a: Dragapult|Shadow Ball|p2a: Iron Valiant\n|-damage|p2a: Iron Valiant|0 fnt\n|faint|p2a: Iron Valiant\n|-activate|p2a: Iron Valiant|move: Destiny Bond\n|-end|p2a: Iron Valiant|Quark Drive|[silent]\n|faint|p1a: Dragapult\n|\n|win|longestbanana\n|inactive|COALLA123456789 has 25 seconds left this turn.\n|c|\u2606longestbanana|ty  for being so nice\n|c|\u2606COALLA123456789|fo sho haha\n|c|\u2606COALLA123456789|c ya\n|l|\u2606COALLA123456789\n|l| Savouras\n","uploadtime":1700912941,"views":30,"p1id":"coalla123456789","p2id":"longestbanana","formatid":"gen9ou","rating":0,"private":0,"password":""}