{"id":"gen9ou-1994737265","p1":"Maxie4","p2":"by nicole","format":"[Gen 9] OU","log":"|j|\u2606Maxie4\n|j|\u2606by nicole\n|t:|1700487520\n|gametype|singles\n|player|p1|Maxie4|byron|1317\n|player|p2|by nicole|clown|1437\n|teamsize|p1|6\n|teamsize|p2|6\n|gen|9\n|tier|[Gen 9] OU\n|rated|\n|rule|Sleep Clause Mod: Limit one foe put to sleep\n|rule|Species Clause: Limit one of each Pok\u00e9mon\n|rule|OHKO Clause: OHKO moves are banned\n|rule|Evasion Items Clause: Evasion items are banned\n|rule|Evasion Moves Clause: Evasion moves are banned\n|rule|Endless Battle Clause: Forcing endless battles is banned\n|rule|HP Percentage Mod: HP is shown in percentages\n|clearpoke\n|poke|p1|Iron Valiant|\n|poke|p1|Kingambit, M|\n|poke|p1|Garchomp, F|\n|poke|p1|Empoleon, M|\n|poke|p1|Glimmora, M|\n|poke|p1|Tsareena, F|\n|poke|p2|Ribombee, M|\n|poke|p2|Gholdengo|\n|poke|p2|Great Tusk|\n|poke|p2|Kingambit, M|\n|poke|p2|Manaphy|\n|poke|p2|Iron Moth|\n|teampreview\n|\n|t:|1700487542\n|start\n|switch|p1a: Tsareene|Tsareena, F|100\/100\n|switch|p2a: Ribombee|Ribombee, M|100\/100\n|turn|1\n|\n|t:|1700487548\n|move|p2a: Ribombee|Sticky Web|p1a: Tsareene\n|-sidestart|p1: Maxie4|move: Sticky Web\n|move|p1a: Tsareene|Rapid Spin|p2a: Ribombee\n|-damage|p2a: Ribombee|67\/100\n|-boost|p1a: Tsareene|spe|1\n|-sideend|p1: Maxie4|Sticky Web|[from] move: Rapid Spin|[of] p1a: Tsareene\n|\n|upkeep\n|turn|2\n|\n|t:|1700487559\n|move|p2a: Ribombee|Moonblast|p1a: Tsareene\n|-damage|p1a: Tsareene|57\/100\n|move|p1a: Tsareene|Rapid Spin|p2a: Ribombee\n|-damage|p2a: Ribombee|34\/100\n|-boost|p1a: Tsareene|spe|1\n|\n|upkeep\n|turn|3\n|\n|t:|1700487567\n|switch|p2a: Gholdengo|Gholdengo|100\/100\n|-item|p2a: Gholdengo|Air Balloon\n|move|p1a: Tsareene|Knock Off|p2a: Gholdengo\n|-supereffective|p2a: Gholdengo\n|-damage|p2a: Gholdengo|57\/100\n|-enditem|p2a: Gholdengo|Air Balloon\n|\n|upkeep\n|turn|4\n|\n|t:|1700487572\n|move|p1a: Tsareene|Synthesis|p1a: Tsareene\n|-heal|p1a: Tsareene|100\/100\n|move|p2a: Gholdengo|Recover|p2a: Gholdengo\n|-heal|p2a: Gholdengo|100\/100\n|\n|upkeep\n|turn|5\n|\n|t:|1700487583\n|move|p1a: Tsareene|Power Whip|p2a: Gholdengo\n|-resisted|p2a: Gholdengo\n|-damage|p2a: Gholdengo|80\/100\n|move|p2a: Gholdengo|Nasty Plot|p2a: Gholdengo\n|-boost|p2a: Gholdengo|spa|2\n|\n|upkeep\n|turn|6\n|\n|t:|1700487596\n|move|p1a: Tsareene|Knock Off|p2a: Gholdengo\n|-supereffective|p2a: Gholdengo\n|-damage|p2a: Gholdengo|47\/100\n|move|p2a: Gholdengo|Shadow Ball|p1a: Tsareene\n|-damage|p1a: Tsareene|30\/100\n|-unboost|p1a: Tsareene|spd|1\n|\n|upkeep\n|turn|7\n|\n|t:|1700487606\n|move|p1a: Tsareene|Knock Off|p2a: Gholdengo\n|-supereffective|p2a: Gholdengo\n|-damage|p2a: Gholdengo|16\/100\n|move|p2a: Gholdengo|Recover|p2a: Gholdengo\n|-heal|p2a: Gholdengo|66\/100\n|\n|upkeep\n|turn|8\n|\n|t:|1700487611\n|switch|p1a: Glimmera|Glimmora, M|100\/100\n|move|p2a: Gholdengo|Recover|p2a: Gholdengo\n|-heal|p2a: Gholdengo|100\/100\n|\n|upkeep\n|turn|9\n|\n|t:|1700487617\n|move|p1a: Glimmera|Earth Power|p2a: Gholdengo\n|-supereffective|p2a: Gholdengo\n|-damage|p2a: Gholdengo|36\/100\n|move|p2a: Gholdengo|Shadow Ball|p1a: Glimmera\n|-damage|p1a: Glimmera|2\/100\n|-unboost|p1a: Glimmera|spd|1\n|\n|upkeep\n|turn|10\n|\n|t:|1700487625\n|switch|p2a: Ribombee|Ribombee, M|34\/100\n|move|p1a: Glimmera|Earth Power|p2a: Ribombee\n|-resisted|p2a: Ribombee\n|-damage|p2a: Ribombee|6\/100\n|\n|upkeep\n|turn|11\n|\n|t:|1700487633\n|move|p2a: Ribombee|Moonblast|p1a: Glimmera\n|-resisted|p1a: Glimmera\n|-damage|p1a: Glimmera|0 fnt\n|faint|p1a: Glimmera\n|\n|upkeep\n|\n|t:|1700487642\n|switch|p1a: Iron Valient|Iron Valiant|100\/100\n|turn|12\n|\n|t:|1700487650\n|move|p1a: Iron Valient|Knock Off|p2a: Ribombee\n|-resisted|p2a: Ribombee\n|-damage|p2a: Ribombee|0 fnt\n|-enditem|p2a: Ribombee|Focus Sash|[from] move: Knock Off|[of] p1a: Iron Valient\n|faint|p2a: Ribombee\n|\n|upkeep\n|\n|t:|1700487663\n|switch|p2a: Great Tusk|Great Tusk|100\/100\n|turn|13\n|\n|t:|1700487667\n|-end|p1a: Iron Valient|Quark Drive|[silent]\n|switch|p1a: Tsareene|Tsareena, F|30\/100\n|move|p2a: Great Tusk|Rapid Spin|p1a: Tsareene\n|-damage|p1a: Tsareene|12\/100\n|-boost|p2a: Great Tusk|spe|1\n|\n|upkeep\n|turn|14\n|\n|t:|1700487672\n|move|p2a: Great Tusk|Rapid Spin|p1a: Tsareene\n|-damage|p1a: Tsareene|0 fnt\n|-boost|p2a: Great Tusk|spe|1\n|faint|p1a: Tsareene\n|\n|upkeep\n|\n|t:|1700487676\n|switch|p1a: Gerchomp|Garchomp, F|100\/100\n|turn|15\n|\n|t:|1700487680\n|move|p2a: Great Tusk|Ice Spinner|p1a: Gerchomp\n|-supereffective|p1a: Gerchomp\n|-damage|p1a: Gerchomp|6\/100\n|-damage|p2a: Great Tusk|88\/100|[from] ability: Rough Skin|[of] p1a: Gerchomp\n|-damage|p2a: Great Tusk|72\/100|[from] item: Rocky Helmet|[of] p1a: Gerchomp\n|move|p1a: Gerchomp|Dragon Tail|p2a: Great Tusk\n|-damage|p2a: Great Tusk|56\/100\n|-end|p2a: Great Tusk|Protosynthesis|[silent]\n|drag|p2a: Kingambit|Kingambit, M|100\/100\n|-activate|p2a: Kingambit|ability: Supreme Overlord\n|-start|p2a: Kingambit|fallen1|[silent]\n|\n|upkeep\n|turn|16\n|\n|t:|1700487687\n|move|p2a: Kingambit|Sucker Punch||[still]\n|-fail|p2a: Kingambit\n|move|p1a: Gerchomp|Stealth Rock|p2a: Kingambit\n|-sidestart|p2: by nicole|move: Stealth Rock\n|\n|upkeep\n|turn|17\n|\n|t:|1700487692\n|move|p2a: Kingambit|Sucker Punch||[still]\n|-fail|p2a: Kingambit\n|move|p1a: Gerchomp|Spikes|p2a: Kingambit\n|-sidestart|p2: by nicole|Spikes\n|\n|upkeep\n|turn|18\n|\n|t:|1700487697\n|move|p1a: Gerchomp|Earthquake|p2a: Kingambit\n|-supereffective|p2a: Kingambit\n|-damage|p2a: Kingambit|24\/100\n|move|p2a: Kingambit|Kowtow Cleave|p1a: Gerchomp\n|-damage|p1a: Gerchomp|0 fnt\n|-damage|p2a: Kingambit|12\/100|[from] ability: Rough Skin|[of] p1a: Gerchomp\n|-damage|p2a: Kingambit|0 fnt|[from] item: Rocky Helmet|[of] p1a: Gerchomp\n|faint|p1a: Gerchomp\n|faint|p2a: Kingambit\n|-end|p2a: Kingambit|fallen1|[silent]\n|\n|upkeep\n|\n|t:|1700487708\n|switch|p1a: Iron Valient|Iron Valiant|100\/100\n|switch|p2a: Manaphy|Manaphy|100\/100\n|-damage|p2a: Manaphy|88\/100|[from] Stealth Rock\n|-damage|p2a: Manaphy|76\/100|[from] Spikes\n|turn|19\n|\n|t:|1700487715\n|move|p1a: Iron Valient|Trick|p2a: Manaphy\n|-activate|p1a: Iron Valient|move: Trick|[of] p2a: Manaphy\n|-item|p2a: Manaphy|Choice Scarf|[from] move: Trick\n|-item|p1a: Iron Valient|Leftovers|[from] move: Trick\n|move|p2a: Manaphy|Acid Armor|p2a: Manaphy\n|-boost|p2a: Manaphy|def|2\n|\n|upkeep\n|turn|20\n|\n|t:|1700487722\n|switch|p2a: Gholdengo|Gholdengo|36\/100\n|-damage|p2a: Gholdengo|30\/100|[from] Stealth Rock\n|-damage|p2a: Gholdengo|18\/100|[from] Spikes\n|move|p1a: Iron Valient|Moonblast|p2a: Gholdengo\n|-resisted|p2a: Gholdengo\n|-damage|p2a: Gholdengo|0 fnt\n|faint|p2a: Gholdengo\n|\n|upkeep\n|\n|t:|1700487725\n|switch|p2a: Manaphy|Manaphy|76\/100\n|-damage|p2a: Manaphy|63\/100|[from] Stealth Rock\n|-damage|p2a: Manaphy|51\/100|[from] Spikes\n|turn|21\n|\n|t:|1700487727\n|move|p2a: Manaphy|Scald|p1a: Iron Valient\n|-damage|p1a: Iron Valient|41\/100\n|-status|p1a: Iron Valient|brn\n|move|p1a: Iron Valient|Moonblast|p2a: Manaphy\n|-damage|p2a: Manaphy|14\/100\n|-unboost|p2a: Manaphy|spa|1\n|\n|-heal|p1a: Iron Valient|47\/100 brn|[from] item: Leftovers\n|-damage|p1a: Iron Valient|41\/100 brn|[from] brn\n|upkeep\n|turn|22\n|\n|t:|1700487735\n|move|p2a: Manaphy|Scald|p1a: Iron Valient\n|-damage|p1a: Iron Valient|2\/100 brn\n|move|p1a: Iron Valient|Moonblast|p2a: Manaphy\n|-damage|p2a: Manaphy|0 fnt\n|faint|p2a: Manaphy\n|\n|-heal|p1a: Iron Valient|8\/100 brn|[from] item: Leftovers\n|-damage|p1a: Iron Valient|2\/100 brn|[from] brn\n|upkeep\n|\n|t:|1700487740\n|switch|p2a: Iron Moth|Iron Moth|100\/100\n|-damage|p2a: Iron Moth|76\/100|[from] Stealth Rock\n|-damage|p2a: Iron Moth|63\/100|[from] Spikes\n|-enditem|p2a: Iron Moth|Booster Energy\n|-activate|p2a: Iron Moth|ability: Quark Drive|[fromitem]\n|-start|p2a: Iron Moth|quarkdrivespe\n|turn|23\n|\n|t:|1700487743\n|move|p2a: Iron Moth|Fiery Dance|p1a: Iron Valient\n|-damage|p1a: Iron Valient|0 fnt\n|-boost|p2a: Iron Moth|spa|1\n|faint|p1a: Iron Valient\n|-end|p1a: Iron Valient|Quark Drive|[silent]\n|\n|upkeep\n|\n|t:|1700487748\n|switch|p1a: Empeleon|Empoleon, M|100\/100\n|turn|24\n|\n|t:|1700487750\n|-terastallize|p2a: Iron Moth|Grass\n|move|p2a: Iron Moth|Substitute|p2a: Iron Moth\n|-start|p2a: Iron Moth|Substitute\n|-damage|p2a: Iron Moth|38\/100\n|move|p1a: Empeleon|Surf|p2a: Iron Moth\n|-resisted|p2a: Iron Moth\n|-activate|p2a: Iron Moth|move: Substitute|[damage]\n|\n|upkeep\n|turn|25\n|\n|t:|1700487757\n|move|p2a: Iron Moth|Fiery Dance|p1a: Empeleon\n|-damage|p1a: Empeleon|39\/100\n|-boost|p2a: Iron Moth|spa|1\n|move|p1a: Empeleon|Ice Beam|p2a: Iron Moth\n|-supereffective|p2a: Iron Moth\n|-end|p2a: Iron Moth|Substitute\n|\n|upkeep\n|turn|26\n|\n|t:|1700487765\n|move|p2a: Iron Moth|Fiery Dance|p1a: Empeleon\n|-crit|p1a: Empeleon\n|-damage|p1a: Empeleon|0 fnt\n|faint|p1a: Empeleon\n|\n|upkeep\n|\n|t:|1700487767\n|switch|p1a: Kingembit|Kingambit, M|100\/100\n|-activate|p1a: Kingembit|ability: Supreme Overlord\n|-start|p1a: Kingembit|fallen5|[silent]\n|turn|27\n|\n|t:|1700487770\n|-terastallize|p1a: Kingembit|Flying\n|move|p2a: Iron Moth|Substitute|p2a: Iron Moth\n|-start|p2a: Iron Moth|Substitute\n|-damage|p2a: Iron Moth|13\/100\n|move|p1a: Kingembit|Kowtow Cleave|p2a: Iron Moth\n|-crit|p2a: Iron Moth\n|-end|p2a: Iron Moth|Substitute\n|\n|upkeep\n|turn|28\n|\n|t:|1700487779\n|move|p1a: Kingembit|Sucker Punch|p2a: Iron Moth\n|-damage|p2a: Iron Moth|0 fnt\n|faint|p2a: Iron Moth\n|-end|p2a: Iron Moth|Quark Drive|[silent]\n|\n|upkeep\n|\n|t:|1700487781\n|switch|p2a: Great Tusk|Great Tusk|56\/100\n|-damage|p2a: Great Tusk|53\/100|[from] Stealth Rock\n|-damage|p2a: Great Tusk|41\/100|[from] Spikes\n|turn|29\n|\n|t:|1700487788\n|move|p2a: Great Tusk|Rapid Spin|p1a: Kingembit\n|-damage|p1a: Kingembit|87\/100\n|-boost|p2a: Great Tusk|spe|1\n|-sideend|p2: by nicole|Spikes|[from] move: Rapid Spin|[of] p2a: Great Tusk\n|-sideend|p2: by nicole|Stealth Rock|[from] move: Rapid Spin|[of] p2a: Great Tusk\n|move|p1a: Kingembit|Iron Head|p2a: Great Tusk\n|-crit|p2a: Great Tusk\n|-damage|p2a: Great Tusk|0 fnt\n|faint|p2a: Great Tusk\n|-end|p2a: Great Tusk|Protosynthesis|[silent]\n|\n|win|Maxie4\n|raw|Maxie4's rating: 1317 &rarr; <strong>1344<\/strong><br \/>(+27 for winning)\n|raw|by nicole's rating: 1437 &rarr; <strong>1410<\/strong><br \/>(-27 for losing)\n|l|\u2606by nicole\n|c|\u2606Maxie4|wp\n","uploadtime":1700487808,"views":6,"p1id":"maxie4","p2id":"bynicole","formatid":"gen9ou","rating":1344,"private":0,"password":""}