{"id":"gen9ou-1995818939","p1":"Sprocket0835","p2":"JoeZomB","format":"[Gen 9] OU","log":"|j|\u2606Sprocket0835\n|j|\u2606JoeZomB\n|t:|1700606216\n|gametype|singles\n|player|p1|Sprocket0835|hilbert|1482\n|player|p2|JoeZomB|clerkf|1587\n|teamsize|p1|6\n|teamsize|p2|6\n|gen|9\n|tier|[Gen 9] OU\n|rated|\n|rule|Sleep Clause Mod: Limit one foe put to sleep\n|rule|Species Clause: Limit one of each Pok\u00e9mon\n|rule|OHKO Clause: OHKO moves are banned\n|rule|Evasion Items Clause: Evasion items are banned\n|rule|Evasion Moves Clause: Evasion moves are banned\n|rule|Endless Battle Clause: Forcing endless battles is banned\n|rule|HP Percentage Mod: HP is shown in percentages\n|clearpoke\n|poke|p1|Mamoswine, M|\n|poke|p1|Volcanion|\n|poke|p1|Zapdos|\n|poke|p1|Slowking-Galar, F|\n|poke|p1|Great Tusk|\n|poke|p1|Gholdengo|\n|poke|p2|Cinderace, M|\n|poke|p2|Empoleon, F|\n|poke|p2|Dragapult, M|\n|poke|p2|Amoonguss, M|\n|poke|p2|Mandibuzz, F|\n|poke|p2|Great Tusk|\n|teampreview\n|inactive|Battle timer is ON: inactive players will automatically lose when time's up. (requested by JoeZomB)\n|\n|t:|1700606225\n|start\n|switch|p1a: Manny|Mamoswine, M, shiny|100\/100\n|switch|p2a: Cinderace|Cinderace, M|100\/100\n|turn|1\n|\n|t:|1700606230\n|move|p2a: Cinderace|Will-O-Wisp|p1a: Manny\n|-status|p1a: Manny|brn\n|move|p1a: Manny|Earthquake|p2a: Cinderace\n|-supereffective|p2a: Cinderace\n|-damage|p2a: Cinderace|35\/100\n|\n|-damage|p1a: Manny|94\/100 brn|[from] brn\n|upkeep\n|turn|2\n|\n|t:|1700606240\n|move|p2a: Cinderace|U-turn|p1a: Manny\n|-damage|p1a: Manny|71\/100 brn\n|\n|t:|1700606247\n|switch|p2a: Great Tusk|Great Tusk|100\/100|[from] U-turn\n|move|p1a: Manny|Stealth Rock|p2a: Great Tusk\n|-sidestart|p2: JoeZomB|move: Stealth Rock\n|\n|-damage|p1a: Manny|65\/100 brn|[from] brn\n|upkeep\n|turn|3\n|\n|t:|1700606253\n|move|p1a: Manny|Icicle Crash|p2a: Great Tusk\n|-supereffective|p2a: Great Tusk\n|-damage|p2a: Great Tusk|80\/100\n|move|p2a: Great Tusk|Rapid Spin|p1a: Manny\n|-damage|p1a: Manny|48\/100 brn\n|-boost|p2a: Great Tusk|spe|1\n|-sideend|p2: JoeZomB|Stealth Rock|[from] move: Rapid Spin|[of] p2a: Great Tusk\n|\n|-heal|p2a: Great Tusk|87\/100|[from] item: Leftovers\n|-damage|p1a: Manny|41\/100 brn|[from] brn\n|upkeep\n|turn|4\n|\n|t:|1700606261\n|move|p1a: Manny|Ice Shard|p2a: Great Tusk\n|-supereffective|p2a: Great Tusk\n|-damage|p2a: Great Tusk|77\/100\n|move|p2a: Great Tusk|Stealth Rock|p1a: Manny\n|-sidestart|p1: Sprocket0835|move: Stealth Rock\n|\n|-heal|p2a: Great Tusk|83\/100|[from] item: Leftovers\n|-damage|p1a: Manny|35\/100 brn|[from] brn\n|upkeep\n|turn|5\n|\n|t:|1700606264\n|move|p2a: Great Tusk|Earthquake|p1a: Manny\n|-damage|p1a: Manny|0 fnt\n|faint|p1a: Manny\n|\n|-heal|p2a: Great Tusk|89\/100|[from] item: Leftovers\n|upkeep\n|\n|t:|1700606267\n|switch|p1a: Thunderbirb|Zapdos, shiny|100\/100\n|turn|6\n|\n|t:|1700606273\n|-end|p2a: Great Tusk|Protosynthesis|[silent]\n|switch|p2a: Empoleon|Empoleon, F|100\/100\n|move|p1a: Thunderbirb|Hurricane|p2a: Empoleon\n|-resisted|p2a: Empoleon\n|-damage|p2a: Empoleon|86\/100\n|\n|-heal|p2a: Empoleon|92\/100|[from] item: Leftovers\n|upkeep\n|turn|7\n|\n|t:|1700606275\n|-terastallize|p2a: Empoleon|Ground\n|move|p1a: Thunderbirb|Thunderbolt|p2a: Empoleon\n|-immune|p2a: Empoleon\n|move|p2a: Empoleon|Knock Off|p1a: Thunderbirb\n|-damage|p1a: Thunderbirb|83\/100\n|-enditem|p1a: Thunderbirb|Heavy-Duty Boots|[from] move: Knock Off|[of] p2a: Empoleon\n|\n|-heal|p2a: Empoleon|99\/100|[from] item: Leftovers\n|upkeep\n|turn|8\n|\n|t:|1700606279\n|move|p1a: Thunderbirb|U-turn|p2a: Empoleon\n|-damage|p2a: Empoleon|85\/100\n|\n|t:|1700606292\n|switch|p1a: Ironhide|Great Tusk, shiny|100\/100|[from] U-turn\n|-damage|p1a: Ironhide|98\/100|[from] Stealth Rock\n|-enditem|p1a: Ironhide|Booster Energy\n|-activate|p1a: Ironhide|ability: Protosynthesis|[fromitem]\n|-start|p1a: Ironhide|protosynthesisspe\n|move|p2a: Empoleon|Surf|p1a: Ironhide\n|-supereffective|p1a: Ironhide\n|-damage|p1a: Ironhide|6\/100\n|\n|-heal|p2a: Empoleon|91\/100|[from] item: Leftovers\n|upkeep\n|turn|9\n|c|\u2606Sprocket0835|tera ground?\n|\n|t:|1700606300\n|move|p1a: Ironhide|Ice Spinner|p2a: Empoleon\n|-supereffective|p2a: Empoleon\n|-damage|p2a: Empoleon|45\/100\n|move|p2a: Empoleon|Surf|p1a: Ironhide\n|-supereffective|p1a: Ironhide\n|-damage|p1a: Ironhide|0 fnt\n|faint|p1a: Ironhide\n|-end|p1a: Ironhide|Protosynthesis|[silent]\n|\n|-heal|p2a: Empoleon|51\/100|[from] item: Leftovers\n|upkeep\n|c|\u2606JoeZomB|zapdos is cringe af\n|\n|t:|1700606306\n|switch|p1a: Thunderbirb|Zapdos, shiny|83\/100\n|-damage|p1a: Thunderbirb|58\/100|[from] Stealth Rock\n|turn|10\n|c|\u2606JoeZomB|specifically for ti\n|\n|t:|1700606312\n|move|p1a: Thunderbirb|Hurricane|p2a: Empoleon\n|-damage|p2a: Empoleon|24\/100\n|move|p2a: Empoleon|Roost|p2a: Empoleon\n|-heal|p2a: Empoleon|74\/100\n|\n|-heal|p2a: Empoleon|80\/100|[from] item: Leftovers\n|upkeep\n|turn|11\n|\n|t:|1700606318\n|switch|p2a: Dragapult|Dragapult, M|100\/100\n|move|p1a: Thunderbirb|Roost|p1a: Thunderbirb\n|-heal|p1a: Thunderbirb|100\/100\n|-singleturn|p1a: Thunderbirb|move: Roost\n|\n|upkeep\n|turn|12\n|\n|t:|1700606327\n|move|p2a: Dragapult|Shadow Ball|p1a: Thunderbirb\n|-damage|p1a: Thunderbirb|46\/100\n|-unboost|p1a: Thunderbirb|spd|1\n|move|p1a: Thunderbirb|Hurricane|p2a: Dragapult\n|-damage|p2a: Dragapult|37\/100\n|\n|upkeep\n|turn|13\n|\n|t:|1700606334\n|switch|p1a: Volcanion|Volcanion|100\/100\n|-damage|p1a: Volcanion|75\/100|[from] Stealth Rock\n|move|p2a: Dragapult|Shadow Ball|p1a: Volcanion\n|-damage|p1a: Volcanion|34\/100\n|-unboost|p1a: Volcanion|spd|1\n|\n|upkeep\n|turn|14\n|c|\u2606Sprocket0835|yep!\n|c|\u2606JoeZomB|?\n|c|\u2606Sprocket0835|av is a faileD!\n|c|\u2606JoeZomB|oh lmao\n|c|\u2606JoeZomB|boots is definitely better\n|inactive|Sprocket0835 has 120 seconds left.\n|c|\u2606JoeZomB|especially in a gholdengo meta\n|\n|t:|1700606366\n|move|p2a: Dragapult|Shadow Ball|p1a: Volcanion\n|-damage|p1a: Volcanion|0 fnt\n|faint|p1a: Volcanion\n|\n|upkeep\n|\n|t:|1700606370\n|switch|p1a: Cheeseman|Gholdengo, shiny|100\/100\n|-damage|p1a: Cheeseman|94\/100|[from] Stealth Rock\n|turn|15\n|\n|t:|1700606377\n|switch|p2a: Empoleon|Empoleon, F, tera:Ground|80\/100\n|move|p1a: Cheeseman|Trick|p2a: Empoleon\n|-activate|p1a: Cheeseman|move: Trick|[of] p2a: Empoleon\n|-item|p2a: Empoleon|Choice Scarf|[from] move: Trick\n|-item|p1a: Cheeseman|Leftovers|[from] move: Trick\n|\n|-heal|p1a: Cheeseman|100\/100|[from] item: Leftovers\n|upkeep\n|turn|16\n|\n|t:|1700606383\n|move|p1a: Cheeseman|Shadow Ball|p2a: Empoleon\n|-damage|p2a: Empoleon|51\/100\n|move|p2a: Empoleon|Surf|p1a: Cheeseman\n|-damage|p1a: Cheeseman|59\/100\n|\n|-heal|p1a: Cheeseman|65\/100|[from] item: Leftovers\n|upkeep\n|turn|17\n|\n|t:|1700606400\n|move|p1a: Cheeseman|Focus Blast|p2a: Empoleon\n|-damage|p2a: Empoleon|24\/100\n|move|p2a: Empoleon|Surf|p1a: Cheeseman\n|-damage|p1a: Cheeseman|22\/100\n|\n|-heal|p1a: Cheeseman|28\/100|[from] item: Leftovers\n|upkeep\n|turn|18\n|c|\u2606Sprocket0835|this mon is uu btw\n|c|\u2606JoeZomB|?\n|c|\u2606JoeZomB|yh but i like emp and it has a good typing\n|inactive|JoeZomB has 120 seconds left.\n|c|\u2606JoeZomB|ofc theres better options\n|c|\u2606JoeZomB|thats why im not high ladder\n|\n|t:|1700606440\n|switch|p1a: marge|Slowking-Galar, F, shiny|100\/100\n|move|p2a: Empoleon|Surf|p1a: marge\n|-damage|p1a: marge|79\/100\n|\n|upkeep\n|turn|19\n|inactive|JoeZomB has 120 seconds left.\n|\n|t:|1700606453\n|switch|p2a: Mandibuzz|Mandibuzz, F|100\/100\n|move|p1a: marge|Sludge Bomb|p2a: Mandibuzz\n|-damage|p2a: Mandibuzz|74\/100\n|\n|upkeep\n|turn|20\n|inactive|JoeZomB has 120 seconds left.\n|\n|t:|1700606458\n|move|p2a: Mandibuzz|Foul Play|p1a: marge\n|-supereffective|p1a: marge\n|-damage|p1a: marge|42\/100\n|move|p1a: marge|Thunder Wave|p2a: Mandibuzz\n|-status|p2a: Mandibuzz|par\n|\n|upkeep\n|turn|21\n|\n|t:|1700606463\n|move|p2a: Mandibuzz|Foul Play|p1a: marge\n|-supereffective|p1a: marge\n|-damage|p1a: marge|2\/100\n|move|p1a: marge|Chilly Reception|p1a: marge\n|-weather|Snow\n|\n|t:|1700606466\n|switch|p1a: Thunderbirb|Zapdos, shiny|46\/100|[from] Chilly Reception\n|-damage|p1a: Thunderbirb|21\/100|[from] Stealth Rock\n|\n|-weather|Snow|[upkeep]\n|upkeep\n|turn|22\n|\n|t:|1700606470\n|move|p1a: Thunderbirb|Roost|p1a: Thunderbirb\n|-heal|p1a: Thunderbirb|71\/100\n|-singleturn|p1a: Thunderbirb|move: Roost\n|move|p2a: Mandibuzz|Toxic|p1a: Thunderbirb\n|-status|p1a: Thunderbirb|tox\n|\n|-weather|Snow|[upkeep]\n|-damage|p1a: Thunderbirb|65\/100 tox|[from] psn\n|upkeep\n|turn|23\n|\n|t:|1700606480\n|switch|p2a: Amoonguss|Amoonguss, M|100\/100\n|move|p1a: Thunderbirb|Hurricane|p2a: Amoonguss|[miss]\n|-miss|p1a: Thunderbirb|p2a: Amoonguss\n|\n|-weather|Snow|[upkeep]\n|-damage|p1a: Thunderbirb|53\/100 tox|[from] psn\n|upkeep\n|turn|24\n|c|\u2606Sprocket0835|the ladder is going to be hard after up\n|\n|t:|1700606493\n|move|p1a: Thunderbirb|Roost|p1a: Thunderbirb\n|-heal|p1a: Thunderbirb|100\/100 tox\n|-singleturn|p1a: Thunderbirb|move: Roost\n|move|p2a: Amoonguss|Sludge Bomb|p1a: Thunderbirb\n|-damage|p1a: Thunderbirb|75\/100 tox\n|\n|-weather|Snow|[upkeep]\n|-damage|p1a: Thunderbirb|56\/100 tox|[from] psn\n|upkeep\n|turn|25\n|\n|t:|1700606497\n|switch|p2a: Empoleon|Empoleon, F, tera:Ground|24\/100\n|move|p1a: Thunderbirb|Hurricane|p2a: Empoleon|[miss]\n|-miss|p1a: Thunderbirb|p2a: Empoleon\n|\n|-weather|none\n|-damage|p1a: Thunderbirb|31\/100 tox|[from] psn\n|upkeep\n|turn|26\n|c|\u2606Sprocket0835|dude your haxs me now\n|c|\u2606JoeZomB|also what i didnt click empoleon\n|c|\u2606JoeZomB|why did it get sent out\n|inactive|JoeZomB has 120 seconds left.\n|c|\u2606JoeZomB|my internet must be dying\n|\n|t:|1700606538\n|move|p1a: Thunderbirb|U-turn|p2a: Empoleon\n|-damage|p2a: Empoleon|10\/100\n|\n|t:|1700606541\n|switch|p1a: marge|Slowking-Galar, F, shiny|35\/100|[from] U-turn\n|move|p2a: Empoleon|Surf|p1a: marge\n|-damage|p1a: marge|17\/100\n|\n|upkeep\n|turn|27\n|\n|t:|1700606545\n|-terastallize|p1a: marge|Grass\n|move|p2a: Empoleon|Surf|p1a: marge\n|-resisted|p1a: marge\n|-damage|p1a: marge|6\/100\n|move|p1a: marge|Future Sight|p2a: Empoleon\n|-start|p1a: marge|move: Future Sight\n|\n|upkeep\n|turn|28\n|\n|t:|1700606554\n|move|p2a: Empoleon|Surf|p1a: marge\n|-resisted|p1a: marge\n|-damage|p1a: marge|0 fnt\n|faint|p1a: marge\n|\n|upkeep\n|\n|t:|1700606563\n|switch|p1a: Thunderbirb|Zapdos, shiny|31\/100 tox\n|-damage|p1a: Thunderbirb|6\/100 tox|[from] Stealth Rock\n|turn|29\n|\n|t:|1700606566\n|move|p1a: Thunderbirb|Hurricane|p2a: Empoleon\n|-damage|p2a: Empoleon|0 fnt\n|faint|p2a: Empoleon\n|\n|-hint|Future Sight did not hit because the target is fainted.\n|-damage|p1a: Thunderbirb|0 fnt|[from] psn\n|faint|p1a: Thunderbirb\n|upkeep\n|inactive|Sprocket0835 has 120 seconds left.\n|inactive|Sprocket0835 has 90 seconds left.\n|c|\u2606JoeZomB|u good?\n|c|\u2606JoeZomB|its not like this was an unfair game\n|inactive|Sprocket0835 has 60 seconds left.\n|-message|Sprocket0835 forfeited.\n|\n|win|JoeZomB\n|raw|Sprocket0835's rating: 1482 &rarr; <strong>1468<\/strong><br \/>(-14 for losing)\n|raw|JoeZomB's rating: 1587 &rarr; <strong>1601<\/strong><br \/>(+14 for winning)\n","uploadtime":1700606661,"views":7,"p1id":"sprocket0835","p2id":"joezomb","formatid":"gen9ou","rating":1468,"private":0,"password":""}