{"id":"gen9ou-1997839913","p1":"Pressure is Cool","p2":"Starboizy","format":"[Gen 9] OU","log":"|j|\u2606Pressure is Cool\n|j|\u2606Starboizy\n|t:|1700858400\n|gametype|singles\n|player|p1|Pressure is Cool|pokemonbreeder-gen4|1354\n|player|p2|Starboizy|giovanni|1265\n|teamsize|p1|6\n|teamsize|p2|6\n|gen|9\n|tier|[Gen 9] OU\n|rated|\n|rule|Sleep Clause Mod: Limit one foe put to sleep\n|rule|Species Clause: Limit one of each Pok\u00e9mon\n|rule|OHKO Clause: OHKO moves are banned\n|rule|Evasion Items Clause: Evasion items are banned\n|rule|Evasion Moves Clause: Evasion moves are banned\n|rule|Endless Battle Clause: Forcing endless battles is banned\n|rule|HP Percentage Mod: HP is shown in percentages\n|clearpoke\n|poke|p1|Overqwil, F|\n|poke|p1|Empoleon, F|\n|poke|p1|Zapdos|\n|poke|p1|Walking Wake|\n|poke|p1|Tornadus-Therian, M|\n|poke|p1|Great Tusk|\n|poke|p2|Gholdengo|\n|poke|p2|Greninja-*, M|\n|poke|p2|Iron Hands|\n|poke|p2|Meowscarada, F|\n|poke|p2|Great Tusk|\n|poke|p2|Scizor, M|\n|teampreview\n|inactive|Battle timer is ON: inactive players will automatically lose when time's up. (requested by Pressure is Cool)\n|\n|t:|1700858410\n|start\n|switch|p1a: Overqwil|Overqwil, F|100\/100\n|switch|p2a: Great Tusk|Great Tusk|100\/100\n|-ability|p1a: Overqwil|Intimidate|boost\n|-unboost|p2a: Great Tusk|atk|1\n|turn|1\n|\n|t:|1700858415\n|move|p1a: Overqwil|Toxic|p2a: Great Tusk\n|-status|p2a: Great Tusk|tox\n|move|p2a: Great Tusk|Headlong Rush|p1a: Overqwil\n|-supereffective|p1a: Overqwil\n|-damage|p1a: Overqwil|41\/100\n|-unboost|p2a: Great Tusk|def|1\n|-unboost|p2a: Great Tusk|spd|1\n|\n|-heal|p1a: Overqwil|47\/100|[from] item: Leftovers\n|-damage|p2a: Great Tusk|94\/100 tox|[from] psn\n|upkeep\n|turn|2\n|\n|t:|1700858425\n|move|p1a: Overqwil|Spikes|p2a: Great Tusk\n|-sidestart|p2: Starboizy|Spikes\n|move|p2a: Great Tusk|Ice Spinner|p1a: Overqwil\n|-damage|p1a: Overqwil|31\/100\n|\n|-heal|p1a: Overqwil|37\/100|[from] item: Leftovers\n|-damage|p2a: Great Tusk|82\/100 tox|[from] psn\n|upkeep\n|turn|3\n|\n|t:|1700858427\n|move|p1a: Overqwil|Spikes|p2a: Great Tusk\n|-sidestart|p2: Starboizy|Spikes\n|move|p2a: Great Tusk|Rapid Spin|p1a: Overqwil\n|-damage|p1a: Overqwil|28\/100\n|-boost|p2a: Great Tusk|spe|1\n|-sideend|p2: Starboizy|Spikes|[from] move: Rapid Spin|[of] p2a: Great Tusk\n|\n|-heal|p1a: Overqwil|34\/100|[from] item: Leftovers\n|-damage|p2a: Great Tusk|63\/100 tox|[from] psn\n|upkeep\n|turn|4\n|\n|t:|1700858431\n|switch|p1a: Zapdos|Zapdos|100\/100\n|move|p2a: Great Tusk|Headlong Rush|p1a: Zapdos\n|-immune|p1a: Zapdos\n|\n|-damage|p2a: Great Tusk|38\/100 tox|[from] psn\n|upkeep\n|turn|5\n|\n|t:|1700858437\n|-end|p2a: Great Tusk|Protosynthesis|[silent]\n|switch|p2a: Scizor|Scizor, M|100\/100\n|move|p1a: Zapdos|Roost||[still]\n|-fail|p1a: Zapdos|heal\n|\n|upkeep\n|turn|6\n|\n|t:|1700858443\n|move|p1a: Zapdos|Volt Switch|p2a: Scizor\n|-damage|p2a: Scizor|67\/100\n|\n|t:|1700858447\n|switch|p1a: Walking Wake|Walking Wake|100\/100|[from] Volt Switch\n|move|p2a: Scizor|U-turn|p1a: Walking Wake\n|-damage|p1a: Walking Wake|56\/100\n|\n|t:|1700858454\n|switch|p2a: Meowscarada|Meowscarada, F, shiny|100\/100|[from] U-turn\n|\n|upkeep\n|turn|7\n|\n|t:|1700858459\n|-end|p1a: Walking Wake|Protosynthesis|[silent]\n|switch|p1a: Zapdos|Zapdos|100\/100\n|move|p2a: Meowscarada|Knock Off|p1a: Zapdos\n|-start|p2a: Meowscarada|typechange|Dark|[from] ability: Protean\n|-damage|p1a: Zapdos|70\/100\n|-status|p2a: Meowscarada|par|[from] ability: Static|[of] p1a: Zapdos\n|-enditem|p1a: Zapdos|Heavy-Duty Boots|[from] move: Knock Off|[of] p2a: Meowscarada\n|\n|upkeep\n|turn|8\n|\n|t:|1700858467\n|move|p1a: Zapdos|Hurricane|p2a: Meowscarada|[miss]\n|-miss|p1a: Zapdos|p2a: Meowscarada\n|cant|p2a: Meowscarada|par\n|\n|upkeep\n|turn|9\n|\n|t:|1700858469\n|move|p1a: Zapdos|Volt Switch|p2a: Meowscarada\n|-damage|p2a: Meowscarada|59\/100 par\n|\n|t:|1700858471\n|switch|p1a: Overqwil|Overqwil, F|34\/100|[from] Volt Switch\n|-ability|p1a: Overqwil|Intimidate|boost\n|-unboost|p2a: Meowscarada|atk|1\n|move|p2a: Meowscarada|U-turn|p1a: Overqwil\n|-damage|p1a: Overqwil|23\/100\n|\n|t:|1700858478\n|switch|p2a: Scizor|Scizor, M|67\/100|[from] U-turn\n|\n|-heal|p1a: Overqwil|29\/100|[from] item: Leftovers\n|upkeep\n|turn|10\n|\n|t:|1700858483\n|move|p2a: Scizor|Bullet Punch|p1a: Overqwil\n|-damage|p1a: Overqwil|3\/100\n|move|p1a: Overqwil|Destiny Bond|p1a: Overqwil\n|-singlemove|p1a: Overqwil|Destiny Bond\n|\n|-heal|p1a: Overqwil|9\/100|[from] item: Leftovers\n|upkeep\n|turn|11\n|\n|t:|1700858496\n|switch|p2a: Great Tusk|Great Tusk|38\/100 tox\n|move|p1a: Overqwil|Toxic|p2a: Great Tusk\n|-fail|p2a: Great Tusk|tox\n|\n|-heal|p1a: Overqwil|15\/100|[from] item: Leftovers\n|-damage|p2a: Great Tusk|32\/100 tox|[from] psn\n|upkeep\n|turn|12\n|\n|t:|1700858502\n|move|p1a: Overqwil|Destiny Bond|p1a: Overqwil\n|-singlemove|p1a: Overqwil|Destiny Bond\n|move|p2a: Great Tusk|Headlong Rush|p1a: Overqwil\n|-supereffective|p1a: Overqwil\n|-damage|p1a: Overqwil|0 fnt\n|-unboost|p2a: Great Tusk|def|1\n|-unboost|p2a: Great Tusk|spd|1\n|faint|p1a: Overqwil\n|-activate|p1a: Overqwil|move: Destiny Bond\n|faint|p2a: Great Tusk\n|-end|p2a: Great Tusk|Protosynthesis|[silent]\n|\n|upkeep\n|\n|t:|1700858512\n|switch|p1a: Zapdos|Zapdos|70\/100\n|switch|p2a: Meowscarada|Meowscarada, F, shiny|59\/100 par\n|turn|13\n|\n|t:|1700858517\n|move|p2a: Meowscarada|Sucker Punch|p1a: Zapdos\n|-start|p2a: Meowscarada|typechange|Dark|[from] ability: Protean\n|-damage|p1a: Zapdos|48\/100\n|move|p1a: Zapdos|Hurricane|p2a: Meowscarada\n|-damage|p2a: Meowscarada|0 fnt\n|faint|p2a: Meowscarada\n|\n|upkeep\n|\n|t:|1700858527\n|switch|p2a: Greninja|Greninja, M|100\/100\n|turn|14\n|\n|t:|1700858530\n|switch|p1a: Empoleon|Empoleon, F|100\/100\n|move|p2a: Greninja|Ice Beam|p1a: Empoleon\n|-resisted|p1a: Empoleon\n|-damage|p1a: Empoleon|94\/100\n|-damage|p2a: Greninja|91\/100|[from] item: Life Orb\n|\n|-heal|p1a: Empoleon|100\/100|[from] item: Leftovers\n|upkeep\n|turn|15\n|\n|t:|1700858535\n|switch|p2a: Scizor|Scizor, M|67\/100\n|move|p1a: Empoleon|Knock Off|p2a: Scizor\n|-damage|p2a: Scizor|48\/100\n|-enditem|p2a: Scizor|Aguav Berry|[from] move: Knock Off|[of] p1a: Empoleon\n|\n|upkeep\n|turn|16\n|\n|t:|1700858543\n|move|p2a: Scizor|U-turn|p1a: Empoleon\n|-resisted|p1a: Empoleon\n|-damage|p1a: Empoleon|81\/100\n|\n|t:|1700858545\n|switch|p2a: Iron Hands|Iron Hands, shiny|100\/100|[from] U-turn\n|move|p1a: Empoleon|Flip Turn|p2a: Iron Hands\n|-damage|p2a: Iron Hands|90\/100\n|\n|t:|1700858550\n|switch|p1a: Great Tusk|Great Tusk|100\/100|[from] Flip Turn\n|-enditem|p1a: Great Tusk|Booster Energy\n|-activate|p1a: Great Tusk|ability: Protosynthesis|[fromitem]\n|-start|p1a: Great Tusk|protosynthesisspe\n|\n|-heal|p2a: Iron Hands|96\/100|[from] item: Leftovers\n|upkeep\n|turn|17\n|\n|t:|1700858553\n|-terastallize|p2a: Iron Hands|Grass\n|move|p1a: Great Tusk|Bulk Up|p1a: Great Tusk\n|-boost|p1a: Great Tusk|atk|1\n|-boost|p1a: Great Tusk|def|1\n|move|p2a: Iron Hands|Swords Dance|p2a: Iron Hands\n|-boost|p2a: Iron Hands|atk|2\n|\n|-heal|p2a: Iron Hands|100\/100|[from] item: Leftovers\n|upkeep\n|turn|18\n|\n|t:|1700858559\n|move|p1a: Great Tusk|Ice Spinner|p2a: Iron Hands\n|-supereffective|p2a: Iron Hands\n|-crit|p2a: Iron Hands\n|-damage|p2a: Iron Hands|38\/100\n|move|p2a: Iron Hands|Play Rough|p1a: Great Tusk\n|-supereffective|p1a: Great Tusk\n|-damage|p1a: Great Tusk|44\/100\n|\n|-heal|p2a: Iron Hands|44\/100|[from] item: Leftovers\n|upkeep\n|turn|19\n|\n|t:|1700858565\n|move|p1a: Great Tusk|Ice Spinner|p2a: Iron Hands\n|-supereffective|p2a: Iron Hands\n|-crit|p2a: Iron Hands\n|-damage|p2a: Iron Hands|0 fnt\n|faint|p2a: Iron Hands\n|-end|p2a: Iron Hands|Quark Drive|[silent]\n|\n|upkeep\n|\n|t:|1700858572\n|switch|p2a: Scizor|Scizor, M|48\/100\n|turn|20\n|\n|t:|1700858575\n|move|p1a: Great Tusk|Headlong Rush|p2a: Scizor\n|-damage|p2a: Scizor|0 fnt\n|-unboost|p1a: Great Tusk|def|1\n|-unboost|p1a: Great Tusk|spd|1\n|faint|p2a: Scizor\n|\n|upkeep\n|\n|t:|1700858588\n|switch|p2a: Greninja|Greninja, M|91\/100\n|turn|21\n|\n|t:|1700858591\n|-end|p1a: Great Tusk|Protosynthesis|[silent]\n|switch|p1a: Empoleon|Empoleon, F|81\/100\n|move|p2a: Greninja|Water Shuriken|p1a: Empoleon\n|-resisted|p1a: Empoleon\n|-damage|p1a: Empoleon|78\/100\n|-resisted|p1a: Empoleon\n|-damage|p1a: Empoleon|75\/100\n|-hitcount|p1a: Empoleon|2\n|-damage|p2a: Greninja|81\/100|[from] item: Life Orb\n|\n|-heal|p1a: Empoleon|81\/100|[from] item: Leftovers\n|upkeep\n|turn|22\n|\n|t:|1700858596\n|move|p2a: Greninja|Dark Pulse|p1a: Empoleon\n|-damage|p1a: Empoleon|49\/100\n|-damage|p2a: Greninja|71\/100|[from] item: Life Orb\n|move|p1a: Empoleon|Knock Off|p2a: Greninja\n|-resisted|p2a: Greninja\n|-damage|p2a: Greninja|54\/100\n|-enditem|p2a: Greninja|Life Orb|[from] move: Knock Off|[of] p1a: Empoleon\n|\n|-heal|p1a: Empoleon|56\/100|[from] item: Leftovers\n|upkeep\n|turn|23\n|\n|t:|1700858609\n|switch|p2a: Gholdengo|Gholdengo|100\/100\n|-item|p2a: Gholdengo|Air Balloon\n|move|p1a: Empoleon|Roost|p1a: Empoleon\n|-heal|p1a: Empoleon|100\/100\n|-singleturn|p1a: Empoleon|move: Roost\n|\n|upkeep\n|turn|24\n|\n|t:|1700858622\n|move|p2a: Gholdengo|Nasty Plot|p2a: Gholdengo\n|-boost|p2a: Gholdengo|spa|2\n|move|p1a: Empoleon|Flip Turn|p2a: Gholdengo\n|-damage|p2a: Gholdengo|80\/100\n|-enditem|p2a: Gholdengo|Air Balloon\n|\n|t:|1700858623\n|switch|p1a: Walking Wake|Walking Wake|56\/100|[from] Flip Turn\n|\n|upkeep\n|turn|25\n|\n|t:|1700858627\n|move|p1a: Walking Wake|Hydro Pump|p2a: Gholdengo|[miss]\n|-miss|p1a: Walking Wake|p2a: Gholdengo\n|move|p2a: Gholdengo|Shadow Ball|p1a: Walking Wake\n|-damage|p1a: Walking Wake|0 fnt\n|faint|p1a: Walking Wake\n|-end|p1a: Walking Wake|Protosynthesis|[silent]\n|\n|upkeep\n|\n|t:|1700858630\n|switch|p1a: Tornadus|Tornadus-Therian, M|100\/100\n|turn|26\n|\n|t:|1700858633\n|move|p1a: Tornadus|Heat Wave|p2a: Gholdengo\n|-supereffective|p2a: Gholdengo\n|-damage|p2a: Gholdengo|8\/100\n|move|p2a: Gholdengo|Make It Rain|p1a: Tornadus\n|-damage|p1a: Tornadus|0 fnt\n|-unboost|p2a: Gholdengo|spa|1\n|faint|p1a: Tornadus\n|\n|upkeep\n|\n|t:|1700858636\n|switch|p1a: Great Tusk|Great Tusk|44\/100\n|turn|27\n|\n|t:|1700858643\n|move|p1a: Great Tusk|Headlong Rush|p2a: Gholdengo\n|-supereffective|p2a: Gholdengo\n|-damage|p2a: Gholdengo|0 fnt\n|-unboost|p1a: Great Tusk|def|1\n|-unboost|p1a: Great Tusk|spd|1\n|faint|p2a: Gholdengo\n|\n|upkeep\n|\n|t:|1700858645\n|switch|p2a: Greninja|Greninja, M|54\/100\n|turn|28\n|\n|t:|1700858647\n|-end|p1a: Great Tusk|Protosynthesis|[silent]\n|switch|p1a: Empoleon|Empoleon, F|100\/100\n|move|p2a: Greninja|Dark Pulse|p1a: Empoleon\n|-damage|p1a: Empoleon|74\/100\n|\n|-heal|p1a: Empoleon|81\/100|[from] item: Leftovers\n|upkeep\n|turn|29\n|\n|t:|1700858651\n|move|p2a: Greninja|Dark Pulse|p1a: Empoleon\n|-damage|p1a: Empoleon|55\/100\n|cant|p1a: Empoleon|flinch\n|\n|-heal|p1a: Empoleon|61\/100|[from] item: Leftovers\n|upkeep\n|turn|30\n|\n|t:|1700858654\n|move|p2a: Greninja|Dark Pulse|p1a: Empoleon\n|-damage|p1a: Empoleon|34\/100\n|move|p1a: Empoleon|Roost|p1a: Empoleon\n|-heal|p1a: Empoleon|84\/100\n|-singleturn|p1a: Empoleon|move: Roost\n|\n|-heal|p1a: Empoleon|90\/100|[from] item: Leftovers\n|upkeep\n|turn|31\n|\n|t:|1700858656\n|move|p2a: Greninja|Dark Pulse|p1a: Empoleon\n|-damage|p1a: Empoleon|64\/100\n|move|p1a: Empoleon|Surf|p2a: Greninja\n|-resisted|p2a: Greninja\n|-damage|p2a: Greninja|26\/100\n|\n|-heal|p1a: Empoleon|70\/100|[from] item: Leftovers\n|upkeep\n|turn|32\n|\n|t:|1700858658\n|move|p2a: Greninja|Dark Pulse|p1a: Empoleon\n|-damage|p1a: Empoleon|42\/100\n|move|p1a: Empoleon|Surf|p2a: Greninja\n|-resisted|p2a: Greninja\n|-damage|p2a: Greninja|0 fnt\n|faint|p2a: Greninja\n|\n|win|Pressure is Cool\n|raw|Pressure is Cool's rating: 1354 &rarr; <strong>1369<\/strong><br \/>(+15 for winning)\n|raw|Starboizy's rating: 1265 &rarr; <strong>1246<\/strong><br \/>(-19 for losing)\n|l|\u2606Starboizy\n","uploadtime":1700858668,"views":7,"p1id":"pressureiscool","p2id":"starboizy","formatid":"gen9ou","rating":1246,"private":0,"password":""}