{"id":"gen9ou-1997856816","p1":"Schizein","p2":"Himynameistanner","format":"[Gen 9] OU","log":"|j|\u2606Schizein\n|j|\u2606Himynameistanner\n|t:|1700860334\n|gametype|singles\n|player|p1|Schizein|akari|1272\n|player|p2|Himynameistanner|265|1302\n|teamsize|p1|6\n|teamsize|p2|6\n|gen|9\n|tier|[Gen 9] OU\n|rated|\n|rule|Sleep Clause Mod: Limit one foe put to sleep\n|rule|Species Clause: Limit one of each Pok\u00e9mon\n|rule|OHKO Clause: OHKO moves are banned\n|rule|Evasion Items Clause: Evasion items are banned\n|rule|Evasion Moves Clause: Evasion moves are banned\n|rule|Endless Battle Clause: Forcing endless battles is banned\n|rule|HP Percentage Mod: HP is shown in percentages\n|clearpoke\n|poke|p1|Hawlucha, M|\n|poke|p1|Skeledirge, F|\n|poke|p1|Rillaboom, F|\n|poke|p1|Kingambit, F|\n|poke|p1|Dragapult, F|\n|poke|p1|Ogerpon-Cornerstone, F|\n|poke|p2|Scizor, M|\n|poke|p2|Empoleon, F|\n|poke|p2|Iron Valiant|\n|poke|p2|Iron Moth|\n|poke|p2|Ogerpon-Wellspring, F|\n|poke|p2|Brambleghast, M|\n|teampreview\n|\n|t:|1700860341\n|start\n|switch|p1a: Dragapult|Dragapult, F|100\/100\n|switch|p2a: Iron Moth|Iron Moth|100\/100\n|-enditem|p2a: Iron Moth|Booster Energy\n|-activate|p2a: Iron Moth|ability: Quark Drive|[fromitem]\n|-start|p2a: Iron Moth|quarkdrivespa\n|turn|1\n|\n|t:|1700860354\n|move|p1a: Dragapult|Thunder Wave|p2a: Iron Moth\n|-status|p2a: Iron Moth|par\n|move|p2a: Iron Moth|Agility|p2a: Iron Moth\n|-boost|p2a: Iron Moth|spe|2\n|\n|upkeep\n|turn|2\n|\n|t:|1700860370\n|move|p1a: Dragapult|Hex|p2a: Iron Moth\n|-damage|p2a: Iron Moth|46\/100 par\n|move|p2a: Iron Moth|Agility|p2a: Iron Moth\n|-boost|p2a: Iron Moth|spe|2\n|\n|upkeep\n|turn|3\n|\n|t:|1700860380\n|move|p2a: Iron Moth|Dazzling Gleam|p1a: Dragapult\n|-supereffective|p1a: Dragapult\n|-damage|p1a: Dragapult|0 fnt\n|faint|p1a: Dragapult\n|\n|upkeep\n|\n|t:|1700860400\n|switch|p1a: Ogerpon|Ogerpon-Cornerstone, F|100\/100\n|turn|4\n|\n|t:|1700860425\n|move|p2a: Iron Moth|Fiery Dance|p1a: Ogerpon\n|-damage|p1a: Ogerpon|32\/100\n|move|p1a: Ogerpon|Ivy Cudgel|p2a: Iron Moth|[anim] Ivy Cudgel Rock\n|-supereffective|p2a: Iron Moth\n|-damage|p2a: Iron Moth|0 fnt\n|faint|p2a: Iron Moth\n|-end|p2a: Iron Moth|Quark Drive|[silent]\n|\n|upkeep\n|\n|t:|1700860433\n|switch|p2a: Ogerpon|Ogerpon-Wellspring, F|100\/100\n|turn|5\n|\n|t:|1700860454\n|switch|p1a: Rillaboom|Rillaboom, F|100\/100\n|-fieldstart|move: Grassy Terrain|[from] ability: Grassy Surge|[of] p1a: Rillaboom\n|switch|p2a: Empoleon|Empoleon, F|100\/100\n|\n|upkeep\n|turn|6\n|\n|t:|1700860467\n|move|p1a: Rillaboom|Swords Dance|p1a: Rillaboom\n|-boost|p1a: Rillaboom|atk|2\n|move|p2a: Empoleon|Stealth Rock|p1a: Rillaboom\n|-sidestart|p1: Schizein|move: Stealth Rock\n|\n|upkeep\n|turn|7\n|\n|t:|1700860473\n|move|p1a: Rillaboom|Grassy Glide|p2a: Empoleon\n|-damage|p2a: Empoleon|40\/100\n|-damage|p1a: Rillaboom|84\/100|[from] item: Rocky Helmet|[of] p2a: Empoleon\n|move|p2a: Empoleon|Yawn|p1a: Rillaboom\n|-start|p1a: Rillaboom|move: Yawn|[of] p2a: Empoleon\n|\n|-heal|p1a: Rillaboom|90\/100|[from] Grassy Terrain\n|-heal|p2a: Empoleon|46\/100|[from] Grassy Terrain\n|upkeep\n|turn|8\n|\n|t:|1700860487\n|switch|p1a: Ogerpon|Ogerpon-Cornerstone, F|32\/100\n|-damage|p1a: Ogerpon|20\/100|[from] Stealth Rock\n|move|p2a: Empoleon|Chilling Water|p1a: Ogerpon\n|-damage|p1a: Ogerpon|0 fnt\n|faint|p1a: Ogerpon\n|\n|-heal|p2a: Empoleon|52\/100|[from] Grassy Terrain\n|upkeep\n|\n|t:|1700860502\n|switch|p1a: Hawlucha|Hawlucha, M, shiny|100\/100\n|-damage|p1a: Hawlucha|88\/100|[from] Stealth Rock\n|-enditem|p1a: Hawlucha|Grassy Seed\n|-boost|p1a: Hawlucha|def|1|[from] item: Grassy Seed\n|turn|9\n|\n|t:|1700860516\n|move|p1a: Hawlucha|Close Combat|p2a: Empoleon\n|-supereffective|p2a: Empoleon\n|-damage|p2a: Empoleon|0 fnt\n|-unboost|p1a: Hawlucha|def|1\n|-unboost|p1a: Hawlucha|spd|1\n|-damage|p1a: Hawlucha|72\/100|[from] item: Rocky Helmet|[of] p2a: Empoleon\n|faint|p2a: Empoleon\n|\n|-fieldend|move: Grassy Terrain\n|upkeep\n|\n|t:|1700860535\n|switch|p2a: Iron Valiant|Iron Valiant|100\/100\n|-enditem|p2a: Iron Valiant|Booster Energy\n|-activate|p2a: Iron Valiant|ability: Quark Drive|[fromitem]\n|-start|p2a: Iron Valiant|quarkdrivespe\n|turn|10\n|\n|t:|1700860547\n|-terastallize|p1a: Hawlucha|Flying\n|move|p2a: Iron Valiant|Spirit Break|p1a: Hawlucha\n|-damage|p1a: Hawlucha|12\/100\n|-unboost|p1a: Hawlucha|spa|1\n|move|p1a: Hawlucha|Acrobatics|p2a: Iron Valiant\n|-supereffective|p2a: Iron Valiant\n|-damage|p2a: Iron Valiant|0 fnt\n|faint|p2a: Iron Valiant\n|-end|p2a: Iron Valiant|Quark Drive|[silent]\n|\n|upkeep\n|\n|t:|1700860555\n|switch|p2a: Scizor|Scizor, M|100\/100\n|turn|11\n|\n|t:|1700860563\n|move|p2a: Scizor|Bullet Punch|p1a: Hawlucha\n|-damage|p1a: Hawlucha|0 fnt\n|faint|p1a: Hawlucha\n|\n|upkeep\n|\n|t:|1700860569\n|switch|p1a: Skeledirge|Skeledirge, F|100\/100\n|turn|12\n|\n|t:|1700860575\n|-terastallize|p2a: Scizor|Fire\n|move|p2a: Scizor|Knock Off|p1a: Skeledirge\n|-supereffective|p1a: Skeledirge\n|-damage|p1a: Skeledirge|56\/100\n|-enditem|p1a: Skeledirge|Heavy-Duty Boots|[from] move: Knock Off|[of] p2a: Scizor\n|move|p1a: Skeledirge|Will-O-Wisp|p2a: Scizor|[miss]\n|-miss|p1a: Skeledirge|p2a: Scizor\n|\n|upkeep\n|turn|13\n|\n|t:|1700860586\n|switch|p2a: Ogerpon|Ogerpon-Wellspring, F|100\/100\n|move|p1a: Skeledirge|Torch Song|p2a: Ogerpon\n|-damage|p2a: Ogerpon|69\/100\n|-boost|p1a: Skeledirge|spa|1\n|\n|upkeep\n|turn|14\n|\n|t:|1700860599\n|switch|p1a: Rillaboom|Rillaboom, F|90\/100\n|-fieldstart|move: Grassy Terrain|[from] ability: Grassy Surge|[of] p1a: Rillaboom\n|move|p2a: Ogerpon|Ivy Cudgel|p1a: Rillaboom|[anim] Ivy Cudgel Water\n|-resisted|p1a: Rillaboom\n|-damage|p1a: Rillaboom|58\/100\n|\n|-heal|p2a: Ogerpon|75\/100|[from] Grassy Terrain\n|-heal|p1a: Rillaboom|65\/100|[from] Grassy Terrain\n|upkeep\n|turn|15\n|\n|t:|1700860613\n|switch|p2a: Brambleghast|Brambleghast, M|100\/100\n|move|p1a: Rillaboom|Swords Dance|p1a: Rillaboom\n|-boost|p1a: Rillaboom|atk|2\n|\n|-heal|p1a: Rillaboom|71\/100|[from] Grassy Terrain\n|upkeep\n|turn|16\n|\n|t:|1700860632\n|move|p2a: Brambleghast|Poltergeist|p1a: Rillaboom\n|-activate|p1a: Rillaboom|move: Poltergeist|Heavy-Duty Boots\n|-damage|p1a: Rillaboom|29\/100\n|move|p1a: Rillaboom|Knock Off|p2a: Brambleghast\n|-supereffective|p2a: Brambleghast\n|-damage|p2a: Brambleghast|0 fnt\n|-enditem|p2a: Brambleghast|Heavy-Duty Boots|[from] move: Knock Off|[of] p1a: Rillaboom\n|faint|p2a: Brambleghast\n|\n|-heal|p1a: Rillaboom|35\/100|[from] Grassy Terrain\n|upkeep\n|\n|t:|1700860639\n|switch|p2a: Scizor|Scizor, M, tera:Fire|100\/100\n|turn|17\n|\n|t:|1700860649\n|move|p2a: Scizor|Bullet Punch|p1a: Rillaboom\n|-damage|p1a: Rillaboom|4\/100\n|move|p1a: Rillaboom|Knock Off|p2a: Scizor\n|-crit|p2a: Scizor\n|-damage|p2a: Scizor|0 fnt\n|-enditem|p2a: Scizor|Protective Pads|[from] move: Knock Off|[of] p1a: Rillaboom\n|faint|p2a: Scizor\n|\n|-heal|p1a: Rillaboom|10\/100|[from] Grassy Terrain\n|upkeep\n|\n|t:|1700860652\n|switch|p2a: Ogerpon|Ogerpon-Wellspring, F|75\/100\n|turn|18\n|\n|t:|1700860662\n|move|p1a: Rillaboom|Grassy Glide|p2a: Ogerpon\n|-damage|p2a: Ogerpon|0 fnt\n|faint|p2a: Ogerpon\n|\n|win|Schizein\n|raw|Schizein's rating: 1272 &rarr; <strong>1299<\/strong><br \/>(+27 for winning)\n|raw|Himynameistanner's rating: 1302 &rarr; <strong>1280<\/strong><br \/>(-22 for losing)\n|l|\u2606Himynameistanner\n","uploadtime":1700860673,"views":2,"p1id":"schizein","p2id":"himynameistanner","formatid":"gen9ou","rating":1280,"private":0,"password":""}