{"id":"gen9ou-1995421236","p1":"soulstarz","p2":"Kenetto108","format":"[Gen 9] OU","log":"|j|\u2606soulstarz\n|j|\u2606Kenetto108\n|t:|1700568616\n|gametype|singles\n|player|p1|soulstarz|acetrainer-gen4dp|1467\n|player|p2|Kenetto108|lusamine-nihilego|1453\n|teamsize|p1|6\n|teamsize|p2|6\n|gen|9\n|tier|[Gen 9] OU\n|rated|\n|rule|Sleep Clause Mod: Limit one foe put to sleep\n|rule|Species Clause: Limit one of each Pok\u00e9mon\n|rule|OHKO Clause: OHKO moves are banned\n|rule|Evasion Items Clause: Evasion items are banned\n|rule|Evasion Moves Clause: Evasion moves are banned\n|rule|Endless Battle Clause: Forcing endless battles is banned\n|rule|HP Percentage Mod: HP is shown in percentages\n|clearpoke\n|poke|p1|Politoed, F|\n|poke|p1|Greninja-*, M|\n|poke|p1|Landorus-Therian, M|\n|poke|p1|Rillaboom, F|\n|poke|p1|Basculegion, M|\n|poke|p1|Iron Jugulis|\n|poke|p2|Volcanion|\n|poke|p2|Ribombee, M|\n|poke|p2|Gholdengo|\n|poke|p2|Walking Wake|\n|poke|p2|Zapdos|\n|poke|p2|Glimmora, M|\n|teampreview\n|inactive|Battle timer is ON: inactive players will automatically lose when time's up. (requested by Kenetto108)\n|\n|t:|1700568625\n|start\n|switch|p1a: Landorus|Landorus-Therian, M|100\/100\n|switch|p2a: Ribombee|Ribombee, M|100\/100\n|-ability|p1a: Landorus|Intimidate|boost\n|-unboost|p2a: Ribombee|atk|1\n|turn|1\n|\n|t:|1700568636\n|move|p2a: Ribombee|Sticky Web|p1a: Landorus\n|-sidestart|p1: soulstarz|move: Sticky Web\n|move|p1a: Landorus|Stealth Rock|p2a: Ribombee\n|-sidestart|p2: Kenetto108|move: Stealth Rock\n|\n|upkeep\n|turn|2\n|\n|t:|1700568642\n|move|p2a: Ribombee|Stun Spore|p1a: Landorus|[miss]\n|-miss|p2a: Ribombee|p1a: Landorus\n|move|p1a: Landorus|Smack Down|p2a: Ribombee\n|-supereffective|p2a: Ribombee\n|-damage|p2a: Ribombee|48\/100\n|\n|upkeep\n|turn|3\n|\n|t:|1700568650\n|move|p2a: Ribombee|Moonblast|p1a: Landorus\n|-damage|p1a: Landorus|55\/100\n|-enditem|p1a: Landorus|Eject Button\n|\n|t:|1700568653\n|switch|p1a: Politoed|Politoed, F|100\/100\n|-activate|p1a: Politoed|move: Sticky Web\n|-unboost|p1a: Politoed|spe|1\n|-weather|RainDance|[from] ability: Drizzle|[of] p1a: Politoed\n|\n|-weather|RainDance|[upkeep]\n|upkeep\n|turn|4\n|\n|t:|1700568657\n|move|p2a: Ribombee|Stun Spore|p1a: Politoed\n|-status|p1a: Politoed|par\n|move|p1a: Politoed|Surf|p2a: Ribombee\n|-damage|p2a: Ribombee|0 fnt\n|faint|p2a: Ribombee\n|\n|-weather|RainDance|[upkeep]\n|upkeep\n|\n|t:|1700568673\n|switch|p2a: Walking Wake|Walking Wake|100\/100\n|-damage|p2a: Walking Wake|88\/100|[from] Stealth Rock\n|turn|5\n|\n|t:|1700568679\n|move|p2a: Walking Wake|Substitute|p2a: Walking Wake\n|-start|p2a: Walking Wake|Substitute\n|-damage|p2a: Walking Wake|63\/100\n|cant|p1a: Politoed|par\n|\n|-weather|RainDance|[upkeep]\n|-heal|p2a: Walking Wake|69\/100|[from] item: Leftovers\n|upkeep\n|turn|6\n|\n|t:|1700568684\n|move|p2a: Walking Wake|Dragon Dance|p2a: Walking Wake\n|-boost|p2a: Walking Wake|atk|1\n|-boost|p2a: Walking Wake|spe|1\n|cant|p1a: Politoed|par\n|\n|-weather|RainDance|[upkeep]\n|-heal|p2a: Walking Wake|75\/100|[from] item: Leftovers\n|upkeep\n|turn|7\n|\n|t:|1700568688\n|move|p2a: Walking Wake|Dragon Dance|p2a: Walking Wake\n|-boost|p2a: Walking Wake|atk|1\n|-boost|p2a: Walking Wake|spe|1\n|cant|p1a: Politoed|par\n|\n|-weather|RainDance|[upkeep]\n|-heal|p2a: Walking Wake|81\/100|[from] item: Leftovers\n|upkeep\n|turn|8\n|\n|t:|1700568695\n|move|p2a: Walking Wake|Dragon Dance|p2a: Walking Wake\n|-boost|p2a: Walking Wake|atk|1\n|-boost|p2a: Walking Wake|spe|1\n|cant|p1a: Politoed|par\n|\n|-weather|RainDance|[upkeep]\n|-heal|p2a: Walking Wake|87\/100|[from] item: Leftovers\n|upkeep\n|turn|9\n|c|\u2606soulstarz|wow\n|\n|t:|1700568703\n|move|p2a: Walking Wake|Dragon Dance|p2a: Walking Wake\n|-boost|p2a: Walking Wake|atk|1\n|-boost|p2a: Walking Wake|spe|1\n|cant|p1a: Politoed|par\n|\n|-weather|RainDance|[upkeep]\n|-heal|p2a: Walking Wake|93\/100|[from] item: Leftovers\n|upkeep\n|turn|10\n|c|\u2606Kenetto108|Sorry\n|c|\u2606soulstarz|what kind of bs is that lol\n|\n|t:|1700568719\n|move|p2a: Walking Wake|Waterfall|p1a: Politoed\n|-resisted|p1a: Politoed\n|-damage|p1a: Politoed|20\/100 par\n|cant|p1a: Politoed|par\n|\n|-weather|none\n|-heal|p2a: Walking Wake|99\/100|[from] item: Leftovers\n|upkeep\n|turn|11\n|c|\u2606soulstarz|hahahhahahaha\n|c|\u2606Kenetto108|Omg\n|\n|t:|1700568738\n|move|p2a: Walking Wake|Dragon Dance|p2a: Walking Wake\n|-boost|p2a: Walking Wake|atk|1\n|-boost|p2a: Walking Wake|spe|1\n|cant|p1a: Politoed|par\n|\n|-heal|p2a: Walking Wake|100\/100|[from] item: Leftovers\n|upkeep\n|turn|12\n|c|\u2606Kenetto108|HUH\n|\n|t:|1700568753\n|move|p2a: Walking Wake|Dragon Claw|p1a: Politoed\n|-damage|p1a: Politoed|0 fnt\n|faint|p1a: Politoed\n|\n|upkeep\n|inactive|soulstarz has 120 seconds left.\n|c|\u2606soulstarz|I'm gonna save this game\n|\n|t:|1700568782\n|switch|p1a: Rillaboom|Rillaboom, F|100\/100\n|-activate|p1a: Rillaboom|move: Sticky Web\n|-unboost|p1a: Rillaboom|spe|1\n|-fieldstart|move: Grassy Terrain|[from] ability: Grassy Surge|[of] p1a: Rillaboom\n|turn|13\n|\n|t:|1700568786\n|move|p1a: Rillaboom|Grassy Glide|p2a: Walking Wake\n|-end|p2a: Walking Wake|Substitute\n|move|p2a: Walking Wake|Dragon Claw|p1a: Rillaboom\n|-damage|p1a: Rillaboom|0 fnt\n|faint|p1a: Rillaboom\n|\n|upkeep\n|\n|t:|1700568793\n|switch|p1a: Landorus|Landorus-Therian, M|55\/100\n|-ability|p1a: Landorus|Intimidate|boost\n|-unboost|p2a: Walking Wake|atk|1\n|turn|14\n|\n|t:|1700568799\n|switch|p1a: Basculegion|Basculegion, M|100\/100\n|-activate|p1a: Basculegion|move: Sticky Web\n|-unboost|p1a: Basculegion|spe|1\n|move|p2a: Walking Wake|Waterfall|p1a: Basculegion\n|-resisted|p1a: Basculegion\n|-damage|p1a: Basculegion|45\/100\n|\n|-heal|p1a: Basculegion|51\/100|[from] Grassy Terrain\n|upkeep\n|turn|15\n|\n|t:|1700568803\n|switch|p1a: Landorus|Landorus-Therian, M|55\/100\n|-ability|p1a: Landorus|Intimidate|boost\n|-unboost|p2a: Walking Wake|atk|1\n|move|p2a: Walking Wake|Dragon Claw|p1a: Landorus\n|-damage|p1a: Landorus|2\/100\n|\n|upkeep\n|turn|16\n|\n|t:|1700568808\n|move|p2a: Walking Wake|Dragon Claw|p1a: Landorus\n|-damage|p1a: Landorus|0 fnt\n|faint|p1a: Landorus\n|\n|upkeep\n|\n|t:|1700568813\n|switch|p1a: Iron Jugulis|Iron Jugulis|100\/100\n|-enditem|p1a: Iron Jugulis|Booster Energy\n|-activate|p1a: Iron Jugulis|ability: Quark Drive|[fromitem]\n|-start|p1a: Iron Jugulis|quarkdrivespe\n|turn|17\n|\n|t:|1700568823\n|move|p2a: Walking Wake|Waterfall|p1a: Iron Jugulis\n|-damage|p1a: Iron Jugulis|18\/100\n|move|p1a: Iron Jugulis|Earth Power|p2a: Walking Wake\n|-damage|p2a: Walking Wake|70\/100\n|-unboost|p2a: Walking Wake|spd|1\n|\n|-heal|p2a: Walking Wake|76\/100|[from] Grassy Terrain\n|-heal|p2a: Walking Wake|82\/100|[from] item: Leftovers\n|-fieldend|move: Grassy Terrain\n|upkeep\n|turn|18\n|\n|t:|1700568828\n|move|p2a: Walking Wake|Waterfall|p1a: Iron Jugulis\n|-damage|p1a: Iron Jugulis|0 fnt\n|faint|p1a: Iron Jugulis\n|-end|p1a: Iron Jugulis|Quark Drive|[silent]\n|\n|-heal|p2a: Walking Wake|88\/100|[from] item: Leftovers\n|upkeep\n|\n|t:|1700568830\n|switch|p1a: Greninja|Greninja, M|100\/100\n|-activate|p1a: Greninja|move: Sticky Web\n|-unboost|p1a: Greninja|spe|1\n|turn|19\n|\n|t:|1700568835\n|-terastallize|p1a: Greninja|Poison\n|move|p2a: Walking Wake|Dragon Claw|p1a: Greninja\n|-damage|p1a: Greninja|0 fnt\n|faint|p1a: Greninja\n|\n|-heal|p2a: Walking Wake|94\/100|[from] item: Leftovers\n|upkeep\n|\n|t:|1700568841\n|switch|p1a: Basculegion|Basculegion, M|51\/100\n|-activate|p1a: Basculegion|move: Sticky Web\n|-unboost|p1a: Basculegion|spe|1\n|turn|20\n|\n|t:|1700568843\n|move|p2a: Walking Wake|Dragon Claw|p1a: Basculegion\n|-damage|p1a: Basculegion|0 fnt\n|faint|p1a: Basculegion\n|\n|win|Kenetto108\n|raw|soulstarz's rating: 1467 &rarr; <strong>1446<\/strong><br \/>(-21 for losing)\n|raw|Kenetto108's rating: 1453 &rarr; <strong>1474<\/strong><br \/>(+21 for winning)\n|c|\u2606Kenetto108|Damn\n|c|\u2606Kenetto108|Im very sorry\n","uploadtime":1700568857,"views":3,"p1id":"soulstarz","p2id":"kenetto108","formatid":"gen9ou","rating":1446,"private":0,"password":""}