{"id":"gen9ou-1995166824","p1":"vanillaicejojos","p2":"PLAYB0I R0BBIE B","format":"[Gen 9] OU","log":"|j|\u2606vanillaicejojos\n|j|\u2606PLAYB0I R0BBIE B\n|t:|1700530053\n|gametype|singles\n|player|p1|vanillaicejojos|102|1286\n|player|p2|PLAYB0I R0BBIE B|eusine|1314\n|teamsize|p1|6\n|teamsize|p2|6\n|gen|9\n|tier|[Gen 9] OU\n|rated|\n|rule|Sleep Clause Mod: Limit one foe put to sleep\n|rule|Species Clause: Limit one of each Pok\u00e9mon\n|rule|OHKO Clause: OHKO moves are banned\n|rule|Evasion Items Clause: Evasion items are banned\n|rule|Evasion Moves Clause: Evasion moves are banned\n|rule|Endless Battle Clause: Forcing endless battles is banned\n|rule|HP Percentage Mod: HP is shown in percentages\n|clearpoke\n|poke|p1|Armarouge, M|\n|poke|p1|Gholdengo|\n|poke|p1|Torkoal, M|\n|poke|p1|Grimmsnarl, M|\n|poke|p1|Garchomp, F|\n|poke|p1|Lilligant-Hisui, F|\n|poke|p2|Meowscarada, F|\n|poke|p2|Heatran, F|\n|poke|p2|Thundurus-Therian, M|\n|poke|p2|Dragapult, F|\n|poke|p2|Azumarill, F|\n|poke|p2|Corviknight, F|\n|teampreview\n|inactive|Battle timer is ON: inactive players will automatically lose when time's up. (requested by vanillaicejojos)\n|\n|t:|1700530061\n|start\n|switch|p1a: Torkoal|Torkoal, M|100\/100\n|switch|p2a: CAN'T SAY|Azumarill, F|100\/100\n|-weather|SunnyDay|[from] ability: Drought|[of] p1a: Torkoal\n|turn|1\n|\n|t:|1700530067\n|switch|p2a: 5% TINT|Heatran, F|100\/100\n|-item|p2a: 5% TINT|Air Balloon\n|move|p1a: Torkoal|Stealth Rock|p2a: 5% TINT\n|-sidestart|p2: PLAYB0I R0BBIE B|move: Stealth Rock\n|\n|-weather|SunnyDay|[upkeep]\n|upkeep\n|turn|2\n|\n|t:|1700530073\n|move|p2a: 5% TINT|Earth Power|p1a: Torkoal\n|-supereffective|p1a: Torkoal\n|-damage|p1a: Torkoal|12\/100\n|move|p1a: Torkoal|Yawn|p2a: 5% TINT\n|-start|p2a: 5% TINT|move: Yawn|[of] p1a: Torkoal\n|\n|-weather|SunnyDay|[upkeep]\n|upkeep\n|turn|3\n|\n|t:|1700530087\n|switch|p2a: NO BYSTANDERS|Dragapult, F|100\/100\n|move|p1a: Torkoal|Rapid Spin|p2a: NO BYSTANDERS\n|-immune|p2a: NO BYSTANDERS\n|\n|-weather|SunnyDay|[upkeep]\n|upkeep\n|turn|4\n|\n|t:|1700530095\n|move|p2a: NO BYSTANDERS|Hex|p1a: Torkoal\n|-damage|p1a: Torkoal|0 fnt\n|faint|p1a: Torkoal\n|\n|-weather|SunnyDay|[upkeep]\n|upkeep\n|\n|t:|1700530100\n|switch|p1a: Lilligant|Lilligant-Hisui, F|100\/100\n|turn|5\n|\n|t:|1700530105\n|switch|p2a: SKELETONS|Corviknight, F|100\/100\n|-damage|p2a: SKELETONS|88\/100|[from] Stealth Rock\n|-ability|p2a: SKELETONS|Pressure\n|move|p1a: Lilligant|Ice Spinner|p2a: SKELETONS\n|-damage|p2a: SKELETONS|67\/100\n|-damage|p1a: Lilligant|90\/100|[from] item: Life Orb\n|\n|-weather|SunnyDay|[upkeep]\n|-heal|p2a: SKELETONS|73\/100|[from] item: Leftovers\n|upkeep\n|turn|6\n|\n|t:|1700530120\n|switch|p1a: Armarouge|Armarouge, M|100\/100\n|move|p2a: SKELETONS|Brave Bird|p1a: Armarouge\n|-damage|p1a: Armarouge|68\/100\n|-ability|p1a: Armarouge|Weak Armor|boost\n|-unboost|p1a: Armarouge|def|1\n|-boost|p1a: Armarouge|spe|2\n|-damage|p2a: SKELETONS|63\/100|[from] Recoil\n|\n|-weather|SunnyDay|[upkeep]\n|-heal|p2a: SKELETONS|69\/100|[from] item: Leftovers\n|upkeep\n|turn|7\n|\n|t:|1700530133\n|-terastallize|p2a: SKELETONS|Dragon\n|move|p1a: Armarouge|Calm Mind|p1a: Armarouge\n|-boost|p1a: Armarouge|spa|1\n|-boost|p1a: Armarouge|spd|1\n|move|p2a: SKELETONS|Brave Bird|p1a: Armarouge\n|-damage|p1a: Armarouge|18\/100\n|-ability|p1a: Armarouge|Weak Armor|boost\n|-unboost|p1a: Armarouge|def|1\n|-boost|p1a: Armarouge|spe|2\n|-damage|p2a: SKELETONS|53\/100|[from] Recoil\n|\n|-weather|SunnyDay|[upkeep]\n|-heal|p2a: SKELETONS|59\/100|[from] item: Leftovers\n|upkeep\n|turn|8\n|\n|t:|1700530145\n|move|p1a: Armarouge|Stored Power|p2a: SKELETONS\n|-damage|p2a: SKELETONS|0 fnt\n|faint|p2a: SKELETONS\n|\n|-weather|none\n|upkeep\n|\n|t:|1700530148\n|switch|p2a: CAN'T SAY|Azumarill, F|100\/100\n|-damage|p2a: CAN'T SAY|88\/100|[from] Stealth Rock\n|turn|9\n|\n|t:|1700530160\n|move|p2a: CAN'T SAY|Aqua Jet|p1a: Armarouge\n|-supereffective|p1a: Armarouge\n|-damage|p1a: Armarouge|0 fnt\n|faint|p1a: Armarouge\n|\n|upkeep\n|\n|t:|1700530174\n|switch|p1a: Lilligant|Lilligant-Hisui, F|90\/100\n|turn|10\n|\n|t:|1700530181\n|switch|p2a: NO BYSTANDERS|Dragapult, F|100\/100\n|move|p1a: Lilligant|Poison Jab|p2a: NO BYSTANDERS\n|-resisted|p2a: NO BYSTANDERS\n|-damage|p2a: NO BYSTANDERS|73\/100\n|-damage|p1a: Lilligant|80\/100|[from] item: Life Orb\n|\n|upkeep\n|turn|11\n|\n|t:|1700530188\n|move|p2a: NO BYSTANDERS|U-turn|p1a: Lilligant\n|-damage|p1a: Lilligant|56\/100\n|\n|t:|1700530195\n|switch|p2a: 5% TINT|Heatran, F|100\/100|[from] U-turn\n|-damage|p2a: 5% TINT|88\/100|[from] Stealth Rock\n|-item|p2a: 5% TINT|Air Balloon\n|move|p1a: Lilligant|Ice Spinner|p2a: 5% TINT\n|-resisted|p2a: 5% TINT\n|-damage|p2a: 5% TINT|80\/100\n|-enditem|p2a: 5% TINT|Air Balloon\n|-damage|p1a: Lilligant|46\/100|[from] item: Life Orb\n|\n|upkeep\n|turn|12\n|\n|t:|1700530205\n|switch|p2a: NO BYSTANDERS|Dragapult, F|73\/100\n|move|p1a: Lilligant|Axe Kick|p2a: NO BYSTANDERS\n|-immune|p2a: NO BYSTANDERS\n|-damage|p1a: Lilligant|0 fnt|[from] highjumpkick\n|faint|p1a: Lilligant\n|\n|upkeep\n|c|\u2606vanillaicejojos|wp\n|\n|t:|1700530215\n|switch|p1a: Grimmsnarl|Grimmsnarl, M|100\/100\n|turn|13\n|c|\u2606PLAYB0I R0BBIE B|thanks\n|\n|t:|1700530228\n|move|p1a: Grimmsnarl|Reflect|p1a: Grimmsnarl\n|-sidestart|p1: vanillaicejojos|Reflect\n|move|p2a: NO BYSTANDERS|U-turn|p1a: Grimmsnarl\n|-damage|p1a: Grimmsnarl|77\/100\n|\n|t:|1700530232\n|switch|p2a: 5% TINT|Heatran, F|80\/100|[from] U-turn\n|-damage|p2a: 5% TINT|68\/100|[from] Stealth Rock\n|\n|upkeep\n|turn|14\n|\n|t:|1700530239\n|move|p1a: Grimmsnarl|Thunder Wave|p2a: 5% TINT\n|-status|p2a: 5% TINT|par\n|move|p2a: 5% TINT|Magma Storm|p1a: Grimmsnarl\n|-damage|p1a: Grimmsnarl|36\/100\n|-activate|p1a: Grimmsnarl|move: Magma Storm|[of] p2a: 5% TINT\n|\n|-damage|p1a: Grimmsnarl|24\/100|[from] move: Magma Storm|[partiallytrapped]\n|upkeep\n|turn|15\n|\n|t:|1700530247\n|move|p1a: Grimmsnarl|Light Screen|p1a: Grimmsnarl\n|-sidestart|p1: vanillaicejojos|move: Light Screen\n|move|p2a: 5% TINT|Stealth Rock|p1a: Grimmsnarl\n|-sidestart|p1: vanillaicejojos|move: Stealth Rock\n|\n|-damage|p1a: Grimmsnarl|11\/100|[from] move: Magma Storm|[partiallytrapped]\n|upkeep\n|turn|16\n|\n|t:|1700530252\n|move|p1a: Grimmsnarl|Taunt|p2a: 5% TINT\n|-start|p2a: 5% TINT|move: Taunt\n|cant|p2a: 5% TINT|move: Taunt|Taunt\n|\n|-damage|p1a: Grimmsnarl|0 fnt|[from] move: Magma Storm|[partiallytrapped]\n|faint|p1a: Grimmsnarl\n|upkeep\n|\n|t:|1700530259\n|switch|p1a: Garchomp|Garchomp, F|100\/100\n|-damage|p1a: Garchomp|94\/100|[from] Stealth Rock\n|turn|17\n|\n|t:|1700530265\n|switch|p2a: CAN'T SAY|Azumarill, F|88\/100\n|-damage|p2a: CAN'T SAY|76\/100|[from] Stealth Rock\n|move|p1a: Garchomp|Swords Dance|p1a: Garchomp\n|-boost|p1a: Garchomp|atk|2\n|\n|upkeep\n|turn|18\n|\n|t:|1700530272\n|-terastallize|p1a: Garchomp|Steel\n|move|p1a: Garchomp|Iron Head|p2a: CAN'T SAY\n|-damage|p2a: CAN'T SAY|0 fnt\n|faint|p2a: CAN'T SAY\n|\n|upkeep\n|\n|t:|1700530279\n|switch|p2a: 5% TINT|Heatran, F|68\/100 par\n|-damage|p2a: 5% TINT|56\/100 par|[from] Stealth Rock\n|turn|19\n|\n|t:|1700530283\n|move|p1a: Garchomp|Earthquake|p2a: 5% TINT\n|-supereffective|p2a: 5% TINT\n|-damage|p2a: 5% TINT|0 fnt\n|faint|p2a: 5% TINT\n|\n|upkeep\n|\n|t:|1700530300\n|switch|p2a: NO BYSTANDERS|Dragapult, F|73\/100\n|turn|20\n|\n|t:|1700530303\n|move|p2a: NO BYSTANDERS|Thunder Wave|p1a: Garchomp\n|-status|p1a: Garchomp|par\n|cant|p1a: Garchomp|par\n|\n|-sideend|p1: vanillaicejojos|Reflect\n|upkeep\n|turn|21\n|\n|t:|1700530308\n|move|p2a: NO BYSTANDERS|Hex|p1a: Garchomp\n|-damage|p1a: Garchomp|38\/100 par\n|move|p1a: Garchomp|Scale Shot|p2a: NO BYSTANDERS\n|-supereffective|p2a: NO BYSTANDERS\n|-damage|p2a: NO BYSTANDERS|0 fnt\n|faint|p2a: NO BYSTANDERS\n|-hitcount|p2: NO BYSTANDERS|1\n|-unboost|p1a: Garchomp|def|1\n|-boost|p1a: Garchomp|spe|1\n|\n|upkeep\n|\n|t:|1700530314\n|switch|p2a: SICKO MODE|Meowscarada, F|100\/100\n|-damage|p2a: SICKO MODE|88\/100|[from] Stealth Rock\n|turn|22\n|\n|t:|1700530322\n|move|p2a: SICKO MODE|Knock Off|p1a: Garchomp\n|-start|p2a: SICKO MODE|typechange|Dark|[from] ability: Protean\n|-damage|p1a: Garchomp|0 fnt\n|-damage|p2a: SICKO MODE|76\/100|[from] ability: Rough Skin|[of] p1a: Garchomp\n|-enditem|p1a: Garchomp|Loaded Dice|[from] move: Knock Off|[of] p2a: SICKO MODE\n|faint|p1a: Garchomp\n|\n|-sideend|p1: vanillaicejojos|move: Light Screen\n|upkeep\n|\n|t:|1700530331\n|switch|p1a: Gholdengo|Gholdengo|100\/100\n|-damage|p1a: Gholdengo|94\/100|[from] Stealth Rock\n|-item|p1a: Gholdengo|Air Balloon\n|turn|23\n|c|\u2606PLAYB0I R0BBIE B|gg\n|\n|t:|1700530340\n|move|p2a: SICKO MODE|Knock Off|p1a: Gholdengo\n|-supereffective|p1a: Gholdengo\n|-damage|p1a: Gholdengo|0 fnt\n|-enditem|p1a: Gholdengo|Air Balloon\n|faint|p1a: Gholdengo\n|\n|win|PLAYB0I R0BBIE B\n|raw|vanillaicejojos's rating: 1286 &rarr; <strong>1263<\/strong><br \/>(-23 for losing)\n|raw|PLAYB0I R0BBIE B's rating: 1314 &rarr; <strong>1332<\/strong><br \/>(+18 for winning)\n|l|\u2606vanillaicejojos\n","uploadtime":1700530348,"views":6,"p1id":"vanillaicejojos","p2id":"playb0ir0bbieb","formatid":"gen9ou","rating":1263,"private":0,"password":""}