{"id":"gen9ou-1993767621","p1":"Wiseblood2707","p2":"kingkavon","format":"[Gen 9] OU","log":"|j|\u2606Wiseblood2707\n|j|\u2606kingkavon\n|t:|1700354881\n|gametype|singles\n|player|p1|Wiseblood2707|giovanni|1331\n|player|p2|kingkavon|kimonogirl|1257\n|teamsize|p1|6\n|teamsize|p2|6\n|gen|9\n|tier|[Gen 9] OU\n|rated|\n|rule|Sleep Clause Mod: Limit one foe put to sleep\n|rule|Species Clause: Limit one of each Pok\u00e9mon\n|rule|OHKO Clause: OHKO moves are banned\n|rule|Evasion Items Clause: Evasion items are banned\n|rule|Evasion Moves Clause: Evasion moves are banned\n|rule|Endless Battle Clause: Forcing endless battles is banned\n|rule|HP Percentage Mod: HP is shown in percentages\n|clearpoke\n|poke|p1|Kommo-o, F|\n|poke|p1|Ninetales-Alola, F|\n|poke|p1|Great Tusk|\n|poke|p1|Samurott-Hisui, F|\n|poke|p1|Iron Moth|\n|poke|p1|Enamorus, F|\n|poke|p2|Iron Moth|\n|poke|p2|Great Tusk|\n|poke|p2|Garganacl, M|\n|poke|p2|Scizor, M|\n|poke|p2|Kingambit, M|\n|poke|p2|Amoonguss, M|\n|teampreview\n|\n|t:|1700354892\n|start\n|switch|p1a: Vergil|Samurott-Hisui, F|100\/100\n|switch|p2a: Scizor|Scizor, M|100\/100\n|turn|1\n|\n|t:|1700354899\n|move|p1a: Vergil|Swords Dance|p1a: Vergil\n|-boost|p1a: Vergil|atk|2\n|move|p2a: Scizor|U-turn|p1a: Vergil\n|-supereffective|p1a: Vergil\n|-damage|p1a: Vergil|0 fnt\n|faint|p1a: Vergil\n|\n|t:|1700354928\n|switch|p2a: Garganacl|Garganacl, M|100\/100|[from] U-turn\n|\n|upkeep\n|\n|t:|1700354952\n|switch|p1a: Gran Tosko|Great Tusk|100\/100\n|-enditem|p1a: Gran Tosko|Booster Energy\n|-activate|p1a: Gran Tosko|ability: Protosynthesis|[fromitem]\n|-start|p1a: Gran Tosko|protosynthesisatk\n|turn|2\n|\n|t:|1700354980\n|move|p2a: Garganacl|Protect|p2a: Garganacl\n|-singleturn|p2a: Garganacl|Protect\n|move|p1a: Gran Tosko|Close Combat|p2a: Garganacl\n|-activate|p2a: Garganacl|move: Protect\n|\n|upkeep\n|turn|3\n|\n|t:|1700354988\n|switch|p2a: Amoonguss|Amoonguss, M|100\/100\n|move|p1a: Gran Tosko|Knock Off|p2a: Amoonguss\n|-damage|p2a: Amoonguss|65\/100\n|-damage|p1a: Gran Tosko|84\/100|[from] item: Rocky Helmet|[of] p2a: Amoonguss\n|-enditem|p2a: Amoonguss|Rocky Helmet|[from] move: Knock Off|[of] p1a: Gran Tosko\n|\n|upkeep\n|turn|4\n|\n|t:|1700354998\n|move|p1a: Gran Tosko|Ice Spinner|p2a: Amoonguss\n|-supereffective|p2a: Amoonguss\n|-damage|p2a: Amoonguss|6\/100\n|move|p2a: Amoonguss|Spore|p1a: Gran Tosko\n|-status|p1a: Gran Tosko|slp|[from] move: Spore\n|\n|upkeep\n|turn|5\n|\n|t:|1700355005\n|cant|p1a: Gran Tosko|slp\n|move|p2a: Amoonguss|Giga Drain|p1a: Gran Tosko\n|-supereffective|p1a: Gran Tosko\n|-damage|p1a: Gran Tosko|12\/100 slp\n|-heal|p2a: Amoonguss|37\/100|[from] drain|[of] p1a: Gran Tosko\n|\n|upkeep\n|turn|6\n|\n|t:|1700355012\n|cant|p1a: Gran Tosko|slp\n|move|p2a: Amoonguss|Giga Drain|p1a: Gran Tosko\n|-supereffective|p1a: Gran Tosko\n|-damage|p1a: Gran Tosko|0 fnt\n|-heal|p2a: Amoonguss|42\/100|[from] drain|[of] p1a: Gran Tosko\n|faint|p1a: Gran Tosko\n|-end|p1a: Gran Tosko|Protosynthesis|[silent]\n|\n|upkeep\n|\n|t:|1700355018\n|switch|p1a: Let it go|Ninetales-Alola, F|100\/100\n|-weather|Snow|[from] ability: Snow Warning|[of] p1a: Let it go\n|turn|7\n|\n|t:|1700355030\n|switch|p2a: Iron Moth|Iron Moth|100\/100\n|move|p1a: Let it go|Aurora Veil|p1a: Let it go\n|-sidestart|p1: Wiseblood2707|move: Aurora Veil\n|\n|-weather|Snow|[upkeep]\n|upkeep\n|turn|8\n|\n|t:|1700355047\n|switch|p1a: KillerMoth|Iron Moth|100\/100\n|-enditem|p1a: KillerMoth|Booster Energy\n|-activate|p1a: KillerMoth|ability: Quark Drive|[fromitem]\n|-start|p1a: KillerMoth|quarkdrivespe\n|move|p2a: Iron Moth|Sludge Wave|p1a: KillerMoth\n|-resisted|p1a: KillerMoth\n|-damage|p1a: KillerMoth|88\/100\n|\n|-weather|Snow|[upkeep]\n|upkeep\n|turn|9\n|\n|t:|1700355064\n|-terastallize|p1a: KillerMoth|Ground\n|move|p1a: KillerMoth|Tera Blast|p2a: Iron Moth|[anim] Tera Blast Ground\n|-supereffective|p2a: Iron Moth\n|-crit|p2a: Iron Moth\n|-damage|p2a: Iron Moth|0 fnt\n|faint|p2a: Iron Moth\n|-end|p2a: Iron Moth|Quark Drive|[silent]\n|\n|-weather|Snow|[upkeep]\n|upkeep\n|\n|t:|1700355091\n|switch|p2a: Garganacl|Garganacl, M|100\/100\n|turn|10\n|\n|t:|1700355107\n|-terastallize|p2a: Garganacl|Water\n|move|p1a: KillerMoth|Tera Blast|p2a: Garganacl|[anim] Tera Blast Ground\n|-damage|p2a: Garganacl|66\/100\n|move|p2a: Garganacl|Salt Cure|p1a: KillerMoth\n|-resisted|p1a: KillerMoth\n|-damage|p1a: KillerMoth|83\/100\n|-start|p1a: KillerMoth|Salt Cure\n|\n|-weather|Snow|[upkeep]\n|-heal|p2a: Garganacl|72\/100|[from] item: Leftovers\n|-damage|p1a: KillerMoth|71\/100|[from] Salt Cure\n|upkeep\n|turn|11\n|\n|t:|1700355118\n|move|p2a: Garganacl|Protect|p2a: Garganacl\n|-singleturn|p2a: Garganacl|Protect\n|move|p1a: KillerMoth|Sludge Wave|p2a: Garganacl\n|-activate|p2a: Garganacl|move: Protect\n|\n|-weather|none\n|-heal|p2a: Garganacl|78\/100|[from] item: Leftovers\n|-damage|p1a: KillerMoth|58\/100|[from] Salt Cure\n|upkeep\n|turn|12\n|\n|t:|1700355138\n|-end|p1a: KillerMoth|Quark Drive|[silent]\n|switch|p1a: Let it go|Ninetales-Alola, F|100\/100\n|-weather|Snow|[from] ability: Snow Warning|[of] p1a: Let it go\n|move|p2a: Garganacl|Recover|p2a: Garganacl\n|-heal|p2a: Garganacl|100\/100\n|\n|-weather|Snow|[upkeep]\n|upkeep\n|turn|13\n|\n|t:|1700355145\n|move|p1a: Let it go|Freeze-Dry|p2a: Garganacl\n|-supereffective|p2a: Garganacl\n|-damage|p2a: Garganacl|60\/100\n|move|p2a: Garganacl|Stealth Rock|p1a: Let it go\n|-sidestart|p1: Wiseblood2707|move: Stealth Rock\n|\n|-weather|Snow|[upkeep]\n|-heal|p2a: Garganacl|66\/100|[from] item: Leftovers\n|upkeep\n|turn|14\n|\n|t:|1700355152\n|move|p2a: Garganacl|Protect|p2a: Garganacl\n|-singleturn|p2a: Garganacl|Protect\n|move|p1a: Let it go|Freeze-Dry|p2a: Garganacl\n|-activate|p2a: Garganacl|move: Protect\n|\n|-weather|Snow|[upkeep]\n|-heal|p2a: Garganacl|72\/100|[from] item: Leftovers\n|-sideend|p1: Wiseblood2707|move: Aurora Veil\n|upkeep\n|turn|15\n|\n|t:|1700355159\n|move|p1a: Let it go|Aurora Veil|p1a: Let it go\n|-sidestart|p1: Wiseblood2707|move: Aurora Veil\n|move|p2a: Garganacl|Salt Cure|p1a: Let it go\n|-supereffective|p1a: Let it go\n|-damage|p1a: Let it go|89\/100\n|-start|p1a: Let it go|Salt Cure\n|\n|-weather|Snow|[upkeep]\n|-heal|p2a: Garganacl|78\/100|[from] item: Leftovers\n|-damage|p1a: Let it go|77\/100|[from] Salt Cure\n|upkeep\n|turn|16\n|\n|t:|1700355167\n|move|p1a: Let it go|Freeze-Dry|p2a: Garganacl\n|-supereffective|p2a: Garganacl\n|-damage|p2a: Garganacl|40\/100\n|move|p2a: Garganacl|Salt Cure|p1a: Let it go\n|-supereffective|p1a: Let it go\n|-damage|p1a: Let it go|66\/100\n|\n|-weather|none\n|-heal|p2a: Garganacl|46\/100|[from] item: Leftovers\n|-damage|p1a: Let it go|53\/100|[from] Salt Cure\n|upkeep\n|turn|17\n|\n|t:|1700355180\n|move|p2a: Garganacl|Protect|p2a: Garganacl\n|-singleturn|p2a: Garganacl|Protect\n|move|p1a: Let it go|Encore|p2a: Garganacl\n|-activate|p2a: Garganacl|move: Protect\n|\n|-heal|p2a: Garganacl|52\/100|[from] item: Leftovers\n|-damage|p1a: Let it go|41\/100|[from] Salt Cure\n|upkeep\n|turn|18\n|\n|t:|1700355198\n|switch|p2a: Scizor|Scizor, M|100\/100\n|move|p1a: Let it go|Encore||[still]\n|-fail|p1a: Let it go\n|\n|-damage|p1a: Let it go|29\/100|[from] Salt Cure\n|upkeep\n|turn|19\n|\n|t:|1700355214\n|switch|p1a: KillerMoth|Iron Moth, tera:Ground|58\/100\n|-damage|p1a: KillerMoth|52\/100|[from] Stealth Rock\n|move|p2a: Scizor|Bullet Punch|p1a: KillerMoth\n|-damage|p1a: KillerMoth|17\/100\n|\n|upkeep\n|turn|20\n|\n|t:|1700355221\n|move|p2a: Scizor|Bullet Punch|p1a: KillerMoth\n|-damage|p1a: KillerMoth|0 fnt\n|faint|p1a: KillerMoth\n|-end|p1a: KillerMoth|Quark Drive|[silent]\n|\n|upkeep\n|\n|t:|1700355225\n|switch|p1a: Isa TKM|Enamorus, F|100\/100\n|-damage|p1a: Isa TKM|76\/100|[from] Stealth Rock\n|turn|21\n|\n|t:|1700355229\n|move|p2a: Scizor|Bullet Punch|p1a: Isa TKM\n|-supereffective|p1a: Isa TKM\n|-damage|p1a: Isa TKM|0 fnt\n|faint|p1a: Isa TKM\n|\n|upkeep\n|\n|t:|1700355234\n|switch|p1a: Let it go|Ninetales-Alola, F|29\/100\n|-damage|p1a: Let it go|4\/100|[from] Stealth Rock\n|-weather|Snow|[from] ability: Snow Warning|[of] p1a: Let it go\n|turn|22\n|\n|t:|1700355240\n|move|p2a: Scizor|Bullet Punch|p1a: Let it go\n|-supereffective|p1a: Let it go\n|-damage|p1a: Let it go|0 fnt\n|faint|p1a: Let it go\n|\n|-weather|Snow|[upkeep]\n|-sideend|p1: Wiseblood2707|move: Aurora Veil\n|upkeep\n|\n|t:|1700355245\n|switch|p1a: Goku|Kommo-o, F|100\/100\n|-damage|p1a: Goku|94\/100|[from] Stealth Rock\n|turn|23\n|\n|t:|1700355261\n|switch|p2a: Amoonguss|Amoonguss, M|75\/100\n|move|p1a: Goku|Drain Punch|p2a: Amoonguss\n|-resisted|p2a: Amoonguss\n|-damage|p2a: Amoonguss|66\/100\n|-heal|p1a: Goku|100\/100|[from] drain|[of] p2a: Amoonguss\n|\n|-weather|Snow|[upkeep]\n|upkeep\n|turn|24\n|\n|t:|1700355269\n|move|p1a: Goku|Clangorous Soul|p1a: Goku\n|-boost|p1a: Goku|atk|1\n|-boost|p1a: Goku|def|1\n|-boost|p1a: Goku|spa|1\n|-boost|p1a: Goku|spd|1\n|-boost|p1a: Goku|spe|1\n|-damage|p1a: Goku|68\/100\n|-enditem|p1a: Goku|Throat Spray\n|-boost|p1a: Goku|spa|1|[from] item: Throat Spray\n|move|p2a: Amoonguss|Spore|p1a: Goku\n|-status|p1a: Goku|slp|[from] move: Spore\n|\n|-weather|Snow|[upkeep]\n|upkeep\n|turn|25\n|\n|t:|1700355281\n|switch|p2a: Garganacl|Garganacl, M, tera:Water|52\/100\n|cant|p1a: Goku|slp\n|\n|-weather|Snow|[upkeep]\n|-heal|p2a: Garganacl|58\/100|[from] item: Leftovers\n|upkeep\n|turn|26\n|\n|t:|1700355288\n|-curestatus|p1a: Goku|slp|[msg]\n|move|p1a: Goku|Clanging Scales|p2a: Garganacl\n|-damage|p2a: Garganacl|0 fnt\n|faint|p2a: Garganacl\n|-unboost|p1a: Goku|def|1\n|\n|-weather|none\n|upkeep\n|\n|t:|1700355299\n|switch|p2a: Great Tusk|Great Tusk|100\/100\n|turn|27\n|\n|t:|1700355306\n|move|p1a: Goku|Clanging Scales|p2a: Great Tusk\n|-damage|p2a: Great Tusk|0 fnt\n|faint|p2a: Great Tusk\n|-end|p2a: Great Tusk|Protosynthesis|[silent]\n|-unboost|p1a: Goku|def|1\n|\n|upkeep\n|\n|t:|1700355313\n|switch|p2a: Amoonguss|Amoonguss, M|99\/100\n|turn|28\n|\n|t:|1700355322\n|move|p1a: Goku|Clangorous Soul|p1a: Goku\n|-boost|p1a: Goku|atk|1\n|-boost|p1a: Goku|def|1\n|-boost|p1a: Goku|spa|1\n|-boost|p1a: Goku|spd|1\n|-boost|p1a: Goku|spe|1\n|-damage|p1a: Goku|35\/100\n|move|p2a: Amoonguss|Sludge Bomb|p1a: Goku\n|-immune|p1a: Goku|[from] ability: Bulletproof\n|\n|upkeep\n|turn|29\n|\n|t:|1700355332\n|move|p1a: Goku|Boomburst|p2a: Amoonguss\n|-damage|p2a: Amoonguss|14\/100\n|move|p2a: Amoonguss|Spore|p1a: Goku\n|-status|p1a: Goku|slp|[from] move: Spore\n|\n|upkeep\n|turn|30\n|\n|t:|1700355341\n|switch|p2a: Kingambit|Kingambit, M|100\/100\n|-activate|p2a: Kingambit|ability: Supreme Overlord\n|-start|p2a: Kingambit|fallen3|[silent]\n|cant|p1a: Goku|slp\n|\n|upkeep\n|turn|31\n|\n|t:|1700355349\n|-curestatus|p1a: Goku|slp|[msg]\n|move|p1a: Goku|Drain Punch|p2a: Kingambit\n|-supereffective|p2a: Kingambit\n|-damage|p2a: Kingambit|0 fnt\n|-heal|p1a: Goku|100\/100|[from] drain|[of] p2a: Kingambit\n|faint|p2a: Kingambit\n|-end|p2a: Kingambit|fallen3|[silent]\n|\n|upkeep\n|\n|t:|1700355354\n|switch|p2a: Amoonguss|Amoonguss, M|47\/100\n|turn|32\n|\n|t:|1700355359\n|move|p1a: Goku|Boomburst|p2a: Amoonguss\n|-damage|p2a: Amoonguss|0 fnt\n|faint|p2a: Amoonguss\n|\n|upkeep\n|\n|t:|1700355362\n|switch|p2a: Scizor|Scizor, M|100\/100\n|turn|33\n|\n|t:|1700355367\n|move|p1a: Goku|Boomburst|p2a: Scizor\n|-resisted|p2a: Scizor\n|-damage|p2a: Scizor|36\/100\n|move|p2a: Scizor|Aerial Ace|p1a: Goku\n|-supereffective|p1a: Goku\n|-damage|p1a: Goku|2\/100\n|\n|upkeep\n|turn|34\n|\n|t:|1700355375\n|move|p1a: Goku|Boomburst|p2a: Scizor\n|-resisted|p2a: Scizor\n|-crit|p2a: Scizor\n|-damage|p2a: Scizor|0 fnt\n|faint|p2a: Scizor\n|\n|win|Wiseblood2707\n|raw|Wiseblood2707's rating: 1331 &rarr; <strong>1347<\/strong><br \/>(+16 for winning)\n|raw|kingkavon's rating: 1257 &rarr; <strong>1237<\/strong><br \/>(-20 for losing)\n|c|\u2606Wiseblood2707|why did I win\n","uploadtime":1700355392,"views":20,"p1id":"wiseblood2707","p2id":"kingkavon","formatid":"gen9ou","rating":1237,"private":0,"password":""}