{"id":"gen9ou-1990153367","p1":"lemmonpatchkuds","p2":"draco9746","format":"[Gen 9] OU","log":"|j|\u2606lemmonpatchkuds\n|j|\u2606draco9746\n|t:|1699930419\n|gametype|singles\n|player|p1|lemmonpatchkuds|169|1000\n|player|p2|draco9746|cynthia|1089\n|teamsize|p1|6\n|teamsize|p2|6\n|gen|9\n|tier|[Gen 9] OU\n|rated|\n|rule|Sleep Clause Mod: Limit one foe put to sleep\n|rule|Species Clause: Limit one of each Pok\u00e9mon\n|rule|OHKO Clause: OHKO moves are banned\n|rule|Evasion Items Clause: Evasion items are banned\n|rule|Evasion Moves Clause: Evasion moves are banned\n|rule|Endless Battle Clause: Forcing endless battles is banned\n|rule|HP Percentage Mod: HP is shown in percentages\n|clearpoke\n|poke|p1|Ribombee, F|\n|poke|p1|Tornadus-Therian, M|\n|poke|p1|Infernape, F|\n|poke|p1|Gastrodon, M|\n|poke|p1|Dragonite, F|\n|poke|p1|Kingambit, M|\n|poke|p2|Hatterene, F|\n|poke|p2|Walking Wake|\n|poke|p2|Torkoal, F|\n|poke|p2|Kingambit, F|\n|poke|p2|Landorus-Therian, M|\n|poke|p2|Ogerpon-Wellspring, F|\n|teampreview\n|inactive|Battle timer is ON: inactive players will automatically lose when time's up. (requested by draco9746)\n|\n|t:|1699930431\n|start\n|switch|p1a: Ribombee|Ribombee, F, shiny|100\/100\n|switch|p2a: Hatterene|Hatterene, F|100\/100\n|turn|1\n|\n|t:|1699930442\n|switch|p1a: Kingambit|Kingambit, M|100\/100\n|move|p2a: Hatterene|Mystical Fire|p1a: Kingambit\n|-supereffective|p1a: Kingambit\n|-damage|p1a: Kingambit|57\/100\n|-unboost|p1a: Kingambit|spa|1\n|\n|-heal|p1a: Kingambit|63\/100|[from] item: Leftovers\n|upkeep\n|turn|2\n|\n|t:|1699930458\n|switch|p2a: Landorus|Landorus-Therian, M, shiny|100\/100\n|-ability|p2a: Landorus|Intimidate|boost\n|-unboost|p1a: Kingambit|atk|1\n|move|p1a: Kingambit|Swords Dance|p1a: Kingambit\n|-boost|p1a: Kingambit|atk|2\n|\n|-heal|p1a: Kingambit|69\/100|[from] item: Leftovers\n|upkeep\n|turn|3\n|\n|t:|1699930471\n|move|p1a: Kingambit|Sucker Punch|p2a: Landorus\n|-damage|p2a: Landorus|25\/100\n|move|p2a: Landorus|U-turn|p1a: Kingambit\n|-damage|p1a: Kingambit|51\/100\n|\n|t:|1699930477\n|switch|p2a: Torkoal|Torkoal, F, shiny|100\/100|[from] U-turn\n|-weather|SunnyDay|[from] ability: Drought|[of] p2a: Torkoal\n|\n|-weather|SunnyDay|[upkeep]\n|-heal|p1a: Kingambit|57\/100|[from] item: Leftovers\n|upkeep\n|turn|4\n|\n|t:|1699930488\n|-end|p1a: Kingambit|fallenundefined|[silent]\n|switch|p1a: Gastrodon|Gastrodon, M|100\/100\n|move|p2a: Torkoal|Stealth Rock|p1a: Gastrodon\n|-sidestart|p1: lemmonpatchkuds|move: Stealth Rock\n|\n|-weather|SunnyDay|[upkeep]\n|upkeep\n|turn|5\n|\n|t:|1699930501\n|switch|p2a: Ogerpon|Ogerpon-Wellspring, F|100\/100\n|move|p1a: Gastrodon|Stealth Rock|p2a: Ogerpon\n|-sidestart|p2: draco9746|move: Stealth Rock\n|\n|-weather|SunnyDay|[upkeep]\n|upkeep\n|turn|6\n|\n|t:|1699930512\n|switch|p1a: Tornadus|Tornadus-Therian, M, shiny|100\/100\n|move|p2a: Ogerpon|Horn Leech|p1a: Tornadus\n|-resisted|p1a: Tornadus\n|-damage|p1a: Tornadus|68\/100\n|\n|-weather|SunnyDay|[upkeep]\n|upkeep\n|turn|7\n|\n|t:|1699930522\n|move|p1a: Tornadus|Knock Off|p2a: Ogerpon\n|-damage|p2a: Ogerpon|84\/100\n|move|p2a: Ogerpon|U-turn|p1a: Tornadus\n|-resisted|p1a: Tornadus\n|-damage|p1a: Tornadus|50\/100\n|\n|t:|1699930530\n|switch|p2a: Hatterene|Hatterene, F|100\/100|[from] U-turn\n|-damage|p2a: Hatterene|88\/100|[from] Stealth Rock\n|\n|-weather|SunnyDay|[upkeep]\n|-heal|p2a: Hatterene|94\/100|[from] item: Leftovers\n|upkeep\n|turn|8\n|\n|t:|1699930538\n|move|p1a: Tornadus|Knock Off|p2a: Hatterene\n|-damage|p2a: Hatterene|79\/100\n|-enditem|p2a: Hatterene|Leftovers|[from] move: Knock Off|[of] p1a: Tornadus\n|move|p2a: Hatterene|Calm Mind|p2a: Hatterene\n|-boost|p2a: Hatterene|spa|1\n|-boost|p2a: Hatterene|spd|1\n|\n|-weather|SunnyDay|[upkeep]\n|upkeep\n|turn|9\n|\n|t:|1699930547\n|move|p1a: Tornadus|Bleakwind Storm|p2a: Hatterene\n|-damage|p2a: Hatterene|44\/100\n|-unboost|p2a: Hatterene|spe|1\n|move|p2a: Hatterene|Draining Kiss|p1a: Tornadus\n|-damage|p1a: Tornadus|12\/100\n|-heal|p2a: Hatterene|71\/100|[from] drain|[of] p1a: Tornadus\n|\n|-weather|SunnyDay|[upkeep]\n|upkeep\n|turn|10\n|\n|t:|1699930556\n|move|p1a: Tornadus|U-turn|p2a: Hatterene\n|-damage|p2a: Hatterene|58\/100\n|\n|t:|1699930559\n|switch|p1a: Gastrodon|Gastrodon, M|100\/100|[from] U-turn\n|-damage|p1a: Gastrodon|94\/100|[from] Stealth Rock\n|move|p2a: Hatterene|Draining Kiss|p1a: Gastrodon\n|-damage|p1a: Gastrodon|73\/100\n|-heal|p2a: Hatterene|80\/100|[from] drain|[of] p1a: Gastrodon\n|\n|-weather|none\n|-heal|p1a: Gastrodon|79\/100|[from] item: Leftovers\n|upkeep\n|turn|11\n|\n|t:|1699930569\n|move|p1a: Gastrodon|Spikes|p2a: Hatterene\n|move|p2a: Hatterene|Spikes|p1a: Gastrodon|[from]ability: Magic Bounce\n|-sidestart|p1: lemmonpatchkuds|Spikes\n|move|p2a: Hatterene|Calm Mind|p2a: Hatterene\n|-boost|p2a: Hatterene|spa|1\n|-boost|p2a: Hatterene|spd|1\n|\n|-heal|p1a: Gastrodon|85\/100|[from] item: Leftovers\n|upkeep\n|turn|12\n|-message|lemmonpatchkuds forfeited.\n|\n|win|draco9746\n|raw|lemmonpatchkuds's rating: 1000 &rarr; <strong>1000<\/strong><br \/>(+0 for losing)\n|raw|draco9746's rating: 1089 &rarr; <strong>1109<\/strong><br \/>(+20 for winning)\n|l|\u2606lemmonpatchkuds\n","uploadtime":1699930601,"views":17,"p1id":"lemmonpatchkuds","p2id":"draco9746","formatid":"gen9ou","rating":1000,"private":0,"password":""}