{"id":"gen9ou-1993835558","p1":"TheZalmancer","p2":"Esterification","format":"[Gen 9] OU","log":"|j|\u2606TheZalmancer\n|j|\u2606Esterification\n|t:|1700363219\n|gametype|singles\n|player|p1|TheZalmancer|skyla|1266\n|player|p2|Esterification|n|1270\n|teamsize|p1|6\n|teamsize|p2|6\n|gen|9\n|tier|[Gen 9] OU\n|rated|\n|rule|Sleep Clause Mod: Limit one foe put to sleep\n|rule|Species Clause: Limit one of each Pok\u00e9mon\n|rule|OHKO Clause: OHKO moves are banned\n|rule|Evasion Items Clause: Evasion items are banned\n|rule|Evasion Moves Clause: Evasion moves are banned\n|rule|Endless Battle Clause: Forcing endless battles is banned\n|rule|HP Percentage Mod: HP is shown in percentages\n|clearpoke\n|poke|p1|Ogerpon-Wellspring, F|\n|poke|p1|Ninetales-Alola, F|\n|poke|p1|Corviknight, F|\n|poke|p1|Slowking-Galar, M|\n|poke|p1|Hydreigon, F|\n|poke|p1|Ditto|\n|poke|p2|Hoopa-Unbound|\n|poke|p2|Rillaboom, F|\n|poke|p2|Sneasler, M|\n|poke|p2|Kleavor, F|\n|poke|p2|Hatterene, F|\n|poke|p2|Dragonite, F|\n|teampreview\n|inactive|Battle timer is ON: inactive players will automatically lose when time's up. (requested by Esterification)\n|inactive|Esterification has 120 seconds left.\n|inactive|Esterification has 90 seconds left.\n|\n|t:|1700363307\n|start\n|switch|p1a: Hydreigon|Hydreigon, F|100\/100\n|switch|p2a: Kleavor|Kleavor, F|100\/100\n|turn|1\n|\n|t:|1700363316\n|move|p2a: Kleavor|U-turn|p1a: Hydreigon\n|-supereffective|p1a: Hydreigon\n|-crit|p1a: Hydreigon\n|-enditem|p1a: Hydreigon|Focus Sash\n|-damage|p1a: Hydreigon|1\/100\n|\n|t:|1700363322\n|switch|p2a: Hatterene|Hatterene, F|100\/100|[from] U-turn\n|move|p1a: Hydreigon|Stealth Rock|p2a: Hatterene\n|move|p2a: Hatterene|Stealth Rock|p1a: Hydreigon|[from]ability: Magic Bounce\n|-sidestart|p1: TheZalmancer|move: Stealth Rock\n|\n|upkeep\n|turn|2\n|inactive|Esterification has 120 seconds left.\n|\n|t:|1700363363\n|switch|p1a: Corviknight|Corviknight, F, shiny|100\/100\n|-damage|p1a: Corviknight|88\/100|[from] Stealth Rock\n|move|p2a: Hatterene|Calm Mind|p2a: Hatterene\n|-boost|p2a: Hatterene|spa|1\n|-boost|p2a: Hatterene|spd|1\n|\n|-heal|p1a: Corviknight|94\/100|[from] item: Leftovers\n|upkeep\n|turn|3\n|\n|t:|1700363372\n|move|p1a: Corviknight|Iron Head|p2a: Hatterene\n|-supereffective|p2a: Hatterene\n|-damage|p2a: Hatterene|57\/100\n|move|p2a: Hatterene|Mystical Fire|p1a: Corviknight\n|-supereffective|p1a: Corviknight\n|-damage|p1a: Corviknight|29\/100\n|-ability|p1a: Corviknight|Mirror Armor\n|-unboost|p2a: Hatterene|spa|1\n|\n|-heal|p1a: Corviknight|35\/100|[from] item: Leftovers\n|-heal|p2a: Hatterene|63\/100|[from] item: Leftovers\n|upkeep\n|turn|4\n|inactive|Esterification has 120 seconds left.\n|\n|t:|1700363389\n|move|p1a: Corviknight|Defog|p2a: Hatterene\n|move|p2a: Hatterene|Defog|p1a: Corviknight|[from]ability: Magic Bounce\n|-ability|p1a: Corviknight|Mirror Armor\n|-unboost|p2a: Hatterene|evasion|1\n|-sideend|p1: TheZalmancer|Stealth Rock|[from] move: Defog|[of] p2a: Hatterene\n|move|p2a: Hatterene|Calm Mind|p2a: Hatterene\n|-boost|p2a: Hatterene|spa|1\n|-boost|p2a: Hatterene|spd|1\n|\n|-heal|p1a: Corviknight|41\/100|[from] item: Leftovers\n|-heal|p2a: Hatterene|69\/100|[from] item: Leftovers\n|upkeep\n|turn|5\n|inactive|TheZalmancer has 120 seconds left.\n|\n|t:|1700363416\n|move|p1a: Corviknight|Iron Head|p2a: Hatterene\n|-supereffective|p2a: Hatterene\n|-damage|p2a: Hatterene|24\/100\n|cant|p2a: Hatterene|flinch\n|\n|-heal|p1a: Corviknight|47\/100|[from] item: Leftovers\n|-heal|p2a: Hatterene|30\/100|[from] item: Leftovers\n|upkeep\n|turn|6\n|inactive|Esterification has 90 seconds left.\n|\n|t:|1700363442\n|switch|p1a: Ditto|Ditto, shiny|100\/100\n|-transform|p1a: Ditto|p2a: Hatterene|[from] ability: Imposter\n|move|p2a: Hatterene|Mystical Fire|p1a: Ditto\n|-damage|p1a: Ditto|83\/100\n|-unboost|p1a: Ditto|spa|1\n|\n|-heal|p2a: Hatterene|36\/100|[from] item: Leftovers\n|upkeep\n|turn|7\n|inactive|Esterification has 90 seconds left.\n|\n|t:|1700363454\n|move|p1a: Ditto|Mystical Fire|p2a: Hatterene\n|-damage|p2a: Hatterene|24\/100\n|-unboost|p2a: Hatterene|spa|1\n|move|p2a: Hatterene|Calm Mind|p2a: Hatterene\n|-boost|p2a: Hatterene|spa|1\n|-boost|p2a: Hatterene|spd|1\n|\n|-heal|p2a: Hatterene|30\/100|[from] item: Leftovers\n|upkeep\n|turn|8\n|\n|t:|1700363462\n|move|p1a: Ditto|Mystical Fire|p2a: Hatterene\n|-damage|p2a: Hatterene|20\/100\n|-unboost|p2a: Hatterene|spa|1\n|move|p2a: Hatterene|Calm Mind|p2a: Hatterene\n|-boost|p2a: Hatterene|spa|1\n|-boost|p2a: Hatterene|spd|1\n|\n|-heal|p2a: Hatterene|26\/100|[from] item: Leftovers\n|upkeep\n|turn|9\n|\n|t:|1700363470\n|move|p1a: Ditto|Mystical Fire|p2a: Hatterene\n|-crit|p2a: Hatterene\n|-damage|p2a: Hatterene|0 fnt\n|faint|p2a: Hatterene\n|\n|upkeep\n|inactive|Esterification has 90 seconds left.\n|\n|t:|1700363489\n|switch|p2a: Kleavor|Kleavor, F|100\/100\n|turn|10\n|\n|t:|1700363509\n|switch|p1a: Hydreigon|Hydreigon, F|1\/100\n|move|p2a: Kleavor|Stone Axe|p1a: Hydreigon\n|-damage|p1a: Hydreigon|0 fnt\n|-sidestart|p1: TheZalmancer|move: Stealth Rock\n|faint|p1a: Hydreigon\n|\n|upkeep\n|\n|t:|1700363520\n|switch|p1a: Corviknight|Corviknight, F, shiny|47\/100\n|-damage|p1a: Corviknight|35\/100|[from] Stealth Rock\n|turn|11\n|\n|t:|1700363530\n|move|p2a: Kleavor|Stone Axe|p1a: Corviknight|[miss]\n|-miss|p2a: Kleavor|p1a: Corviknight\n|move|p1a: Corviknight|Defog|p2a: Kleavor\n|-unboost|p2a: Kleavor|evasion|1\n|-sideend|p1: TheZalmancer|Stealth Rock|[from] move: Defog|[of] p1a: Corviknight\n|\n|-heal|p1a: Corviknight|41\/100|[from] item: Leftovers\n|upkeep\n|turn|12\n|inactive|Esterification has 120 seconds left.\n|\n|t:|1700363540\n|move|p2a: Kleavor|Stone Axe|p1a: Corviknight|[miss]\n|-miss|p2a: Kleavor|p1a: Corviknight\n|move|p1a: Corviknight|Iron Head|p2a: Kleavor\n|-supereffective|p2a: Kleavor\n|-damage|p2a: Kleavor|36\/100\n|\n|-heal|p1a: Corviknight|47\/100|[from] item: Leftovers\n|upkeep\n|turn|13\n|\n|t:|1700363550\n|move|p2a: Kleavor|Stone Axe|p1a: Corviknight\n|-damage|p1a: Corviknight|17\/100\n|-sidestart|p1: TheZalmancer|move: Stealth Rock\n|move|p1a: Corviknight|Iron Head|p2a: Kleavor\n|-supereffective|p2a: Kleavor\n|-damage|p2a: Kleavor|0 fnt\n|faint|p2a: Kleavor\n|\n|-heal|p1a: Corviknight|23\/100|[from] item: Leftovers\n|upkeep\n|\n|t:|1700363561\n|switch|p2a: Hoopa|Hoopa-Unbound|100\/100\n|turn|14\n|\n|t:|1700363572\n|move|p2a: Hoopa|Dark Pulse|p1a: Corviknight\n|-damage|p1a: Corviknight|0 fnt\n|faint|p1a: Corviknight\n|\n|upkeep\n|\n|t:|1700363583\n|switch|p1a: Ninetales|Ninetales-Alola, F, shiny|100\/100\n|-damage|p1a: Ninetales|76\/100|[from] Stealth Rock\n|-weather|Snow|[from] ability: Snow Warning|[of] p1a: Ninetales\n|turn|15\n|\n|t:|1700363589\n|switch|p2a: Rillaboom|Rillaboom, F, shiny|100\/100\n|-fieldstart|move: Grassy Terrain|[from] ability: Grassy Surge|[of] p2a: Rillaboom\n|move|p1a: Ninetales|Aurora Veil|p1a: Ninetales\n|-sidestart|p1: TheZalmancer|move: Aurora Veil\n|\n|-weather|Snow|[upkeep]\n|-heal|p1a: Ninetales|82\/100|[from] Grassy Terrain\n|upkeep\n|turn|16\n|\n|t:|1700363607\n|switch|p1a: Ditto|Ditto, shiny|83\/100\n|-damage|p1a: Ditto|70\/100|[from] Stealth Rock\n|-transform|p1a: Ditto|p2a: Rillaboom|[from] ability: Imposter\n|move|p2a: Rillaboom|Swords Dance|p2a: Rillaboom\n|-boost|p2a: Rillaboom|atk|2\n|\n|-weather|Snow|[upkeep]\n|-heal|p1a: Ditto|76\/100|[from] Grassy Terrain\n|upkeep\n|turn|17\n|\n|t:|1700363620\n|move|p1a: Ditto|Knock Off|p2a: Rillaboom\n|-damage|p2a: Rillaboom|67\/100\n|-enditem|p2a: Rillaboom|Meadow Plate|[from] move: Knock Off|[of] p1a: Ditto\n|move|p2a: Rillaboom|Drain Punch|p1a: Ditto\n|-damage|p1a: Ditto|47\/100\n|-heal|p2a: Rillaboom|80\/100|[from] drain|[of] p1a: Ditto\n|\n|-weather|Snow|[upkeep]\n|-heal|p1a: Ditto|53\/100|[from] Grassy Terrain\n|-heal|p2a: Rillaboom|86\/100|[from] Grassy Terrain\n|upkeep\n|turn|18\n|\n|t:|1700363641\n|switch|p1a: Slowking|Slowking-Galar, M|100\/100\n|-damage|p1a: Slowking|88\/100|[from] Stealth Rock\n|move|p2a: Rillaboom|Drain Punch|p1a: Slowking\n|-resisted|p1a: Slowking\n|-damage|p1a: Slowking|82\/100\n|-heal|p2a: Rillaboom|90\/100|[from] drain|[of] p1a: Slowking\n|\n|-weather|Snow|[upkeep]\n|-heal|p2a: Rillaboom|96\/100|[from] Grassy Terrain\n|-heal|p1a: Slowking|88\/100|[from] Grassy Terrain\n|-heal|p1a: Slowking|94\/100|[from] item: Leftovers\n|upkeep\n|turn|19\n|\n|t:|1700363655\n|-terastallize|p1a: Slowking|Poison\n|move|p2a: Rillaboom|Knock Off|p1a: Slowking\n|-damage|p1a: Slowking|61\/100\n|-enditem|p1a: Slowking|Leftovers|[from] move: Knock Off|[of] p2a: Rillaboom\n|move|p1a: Slowking|Trick Room|p1a: Slowking\n|-fieldstart|move: Trick Room|[of] p1a: Slowking\n|\n|-weather|none\n|-heal|p1a: Slowking|67\/100|[from] Grassy Terrain\n|-heal|p2a: Rillaboom|100\/100|[from] Grassy Terrain\n|-fieldend|move: Grassy Terrain\n|upkeep\n|turn|20\n|\n|t:|1700363666\n|switch|p2a: Dragonite|Dragonite, F, shiny|100\/100\n|move|p1a: Slowking|Nasty Plot|p1a: Slowking\n|-boost|p1a: Slowking|spa|2\n|\n|upkeep\n|turn|21\n|\n|t:|1700363686\n|switch|p2a: Hoopa|Hoopa-Unbound|100\/100\n|move|p1a: Slowking|Sludge Bomb|p2a: Hoopa\n|-damage|p2a: Hoopa|0 fnt\n|faint|p2a: Hoopa\n|\n|upkeep\n|\n|t:|1700363691\n|switch|p2a: Rillaboom|Rillaboom, F, shiny|100\/100\n|-fieldstart|move: Grassy Terrain|[from] ability: Grassy Surge|[of] p2a: Rillaboom\n|turn|22\n|\n|t:|1700363700\n|move|p1a: Slowking|Sludge Bomb|p2a: Rillaboom\n|-supereffective|p2a: Rillaboom\n|-damage|p2a: Rillaboom|0 fnt\n|faint|p2a: Rillaboom\n|\n|-heal|p1a: Slowking|73\/100|[from] Grassy Terrain\n|-sideend|p1: TheZalmancer|move: Aurora Veil\n|upkeep\n|\n|t:|1700363719\n|switch|p2a: Sneasler|Sneasler, M, shiny|100\/100\n|-enditem|p2a: Sneasler|Grassy Seed\n|-boost|p2a: Sneasler|def|1|[from] item: Grassy Seed\n|turn|23\n|\n|t:|1700363744\n|move|p1a: Slowking|Shadow Ball|p2a: Sneasler\n|-damage|p2a: Sneasler|22\/100\n|move|p2a: Sneasler|Dire Claw|p1a: Slowking\n|-resisted|p1a: Slowking\n|-damage|p1a: Slowking|49\/100\n|\n|-heal|p1a: Slowking|55\/100|[from] Grassy Terrain\n|-heal|p2a: Sneasler|28\/100|[from] Grassy Terrain\n|-fieldend|move: Trick Room\n|upkeep\n|turn|24\n|\n|t:|1700363754\n|move|p2a: Sneasler|Dire Claw|p1a: Slowking\n|-resisted|p1a: Slowking\n|-damage|p1a: Slowking|31\/100\n|move|p1a: Slowking|Trick Room|p1a: Slowking\n|-fieldstart|move: Trick Room|[of] p1a: Slowking\n|\n|-heal|p1a: Slowking|38\/100|[from] Grassy Terrain\n|-heal|p2a: Sneasler|34\/100|[from] Grassy Terrain\n|upkeep\n|turn|25\n|\n|t:|1700363765\n|move|p1a: Slowking|Shadow Ball|p2a: Sneasler\n|-damage|p2a: Sneasler|0 fnt\n|faint|p2a: Sneasler\n|\n|-heal|p1a: Slowking|44\/100|[from] Grassy Terrain\n|upkeep\n|\n|t:|1700363768\n|switch|p2a: Dragonite|Dragonite, F, shiny|100\/100\n|turn|26\n|\n|t:|1700363773\n|-terastallize|p2a: Dragonite|Normal\n|move|p2a: Dragonite|Extreme Speed|p1a: Slowking\n|-damage|p1a: Slowking|0 fnt\n|faint|p1a: Slowking\n|\n|-fieldend|move: Grassy Terrain\n|upkeep\n|\n|t:|1700363784\n|switch|p1a: Ninetales|Ninetales-Alola, F, shiny|82\/100\n|-damage|p1a: Ninetales|57\/100|[from] Stealth Rock\n|-weather|Snow|[from] ability: Snow Warning|[of] p1a: Ninetales\n|turn|27\n|\n|t:|1700363790\n|move|p2a: Dragonite|Extreme Speed|p1a: Ninetales\n|-damage|p1a: Ninetales|0 fnt\n|faint|p1a: Ninetales\n|\n|-weather|Snow|[upkeep]\n|upkeep\n|\n|t:|1700363799\n|switch|p1a: Ogerpon|Ogerpon-Wellspring, F|100\/100\n|-damage|p1a: Ogerpon|88\/100|[from] Stealth Rock\n|turn|28\n|\n|t:|1700363807\n|move|p2a: Dragonite|Extreme Speed|p1a: Ogerpon\n|-damage|p1a: Ogerpon|0 fnt\n|faint|p1a: Ogerpon\n|\n|-weather|Snow|[upkeep]\n|-fieldend|move: Trick Room\n|upkeep\n|\n|t:|1700363812\n|switch|p1a: Ditto|Ditto, shiny|53\/100\n|-damage|p1a: Ditto|41\/100|[from] Stealth Rock\n|-transform|p1a: Ditto|p2a: Dragonite|[from] ability: Imposter\n|-start|p1a: Ditto|typechange|Dragon\/Flying|[silent]\n|turn|29\n|c|\u2606Esterification|gg\n|\n|t:|1700363824\n|move|p2a: Dragonite|Extreme Speed|p1a: Ditto\n|-damage|p1a: Ditto|0 fnt\n|faint|p1a: Ditto\n|\n|win|Esterification\n|raw|TheZalmancer's rating: 1266 &rarr; <strong>1241<\/strong><br \/>(-25 for losing)\n|raw|Esterification's rating: 1270 &rarr; <strong>1295<\/strong><br \/>(+25 for winning)\n|c|\u2606TheZalmancer|ggs\n|l|\u2606Esterification\n","uploadtime":1700363837,"views":11,"p1id":"thezalmancer","p2id":"esterification","formatid":"gen9ou","rating":1241,"private":0,"password":""}