{"id":"gen9ou-1996767330","p1":"Jotaroc137","p2":"bigguystompa","format":"[Gen 9] OU","log":"|j|\u2606Jotaroc137\n|j|\u2606bigguystompa\n|t:|1700721841\n|gametype|singles\n|player|p1|Jotaroc137|102|1098\n|player|p2|bigguystompa|pokemaniac|1115\n|teamsize|p1|6\n|teamsize|p2|6\n|gen|9\n|tier|[Gen 9] OU\n|rated|\n|rule|Sleep Clause Mod: Limit one foe put to sleep\n|rule|Species Clause: Limit one of each Pok\u00e9mon\n|rule|OHKO Clause: OHKO moves are banned\n|rule|Evasion Items Clause: Evasion items are banned\n|rule|Evasion Moves Clause: Evasion moves are banned\n|rule|Endless Battle Clause: Forcing endless battles is banned\n|rule|HP Percentage Mod: HP is shown in percentages\n|clearpoke\n|poke|p1|Kingambit, F|\n|poke|p1|Dragonite, M|\n|poke|p1|Gyarados, F|\n|poke|p1|Maushold|\n|poke|p1|Ribombee, M|\n|poke|p1|Zapdos|\n|poke|p2|Garchomp, M|\n|poke|p2|Ursaluna, F|\n|poke|p2|Blissey, F|\n|poke|p2|Kingambit, M|\n|poke|p2|Talonflame, M|\n|poke|p2|Mimikyu, F|\n|teampreview\n|\n|t:|1700721850\n|start\n|switch|p1a: Ribombee|Ribombee, M|100\/100\n|switch|p2a: scary shark raaaa|Garchomp, M|100\/100\n|turn|1\n|\n|t:|1700721857\n|-terastallize|p2a: scary shark raaaa|Steel\n|move|p1a: Ribombee|Sticky Web|p2a: scary shark raaaa\n|-sidestart|p2: bigguystompa|move: Sticky Web\n|move|p2a: scary shark raaaa|Swords Dance|p2a: scary shark raaaa\n|-boost|p2a: scary shark raaaa|atk|2\n|\n|upkeep\n|turn|2\n|\n|t:|1700721863\n|move|p1a: Ribombee|Stun Spore|p2a: scary shark raaaa\n|-status|p2a: scary shark raaaa|par\n|move|p2a: scary shark raaaa|Iron Head|p1a: Ribombee\n|-supereffective|p1a: Ribombee\n|-enditem|p1a: Ribombee|Focus Sash\n|-damage|p1a: Ribombee|1\/100\n|\n|upkeep\n|turn|3\n|\n|t:|1700721869\n|move|p1a: Ribombee|Psychic|p2a: scary shark raaaa\n|-resisted|p2a: scary shark raaaa\n|-damage|p2a: scary shark raaaa|87\/100 par\n|move|p2a: scary shark raaaa|Iron Head|p1a: Ribombee\n|-supereffective|p1a: Ribombee\n|-damage|p1a: Ribombee|0 fnt\n|faint|p1a: Ribombee\n|\n|upkeep\n|\n|t:|1700721878\n|switch|p1a: Gyarados|Gyarados, F, shiny|100\/100\n|turn|4\n|inactive|Battle timer is ON: inactive players will automatically lose when time's up. (requested by Jotaroc137)\n|\n|t:|1700721892\n|move|p1a: Gyarados|Dragon Dance|p1a: Gyarados\n|-boost|p1a: Gyarados|atk|1\n|-boost|p1a: Gyarados|spe|1\n|move|p2a: scary shark raaaa|Outrage|p1a: Gyarados\n|-damage|p1a: Gyarados|0 fnt\n|faint|p1a: Gyarados\n|\n|upkeep\n|\n|t:|1700721904\n|switch|p1a: Maushold|Maushold|100\/100\n|turn|5\n|\n|t:|1700721908\n|move|p1a: Maushold|Tidy Up|p1a: Maushold\n|-sideend|p2: bigguystompa|Sticky Web\n|-activate|p1a: Maushold|move: Tidy Up\n|-boost|p1a: Maushold|atk|1\n|-boost|p1a: Maushold|spe|1\n|move|p2a: scary shark raaaa|Outrage|p1a: Maushold|[from]lockedmove\n|-damage|p1a: Maushold|0 fnt\n|faint|p1a: Maushold\n|\n|upkeep\n|\n|t:|1700721915\n|switch|p1a: Dragonite|Dragonite, M|100\/100\n|turn|6\n|\n|t:|1700721921\n|move|p1a: Dragonite|Fire Punch|p2a: scary shark raaaa\n|-supereffective|p2a: scary shark raaaa\n|-crit|p2a: scary shark raaaa\n|-damage|p2a: scary shark raaaa|4\/100 par\n|-damage|p1a: Dragonite|88\/100|[from] ability: Rough Skin|[of] p2a: scary shark raaaa\n|-damage|p1a: Dragonite|72\/100|[from] item: Rocky Helmet|[of] p2a: scary shark raaaa\n|move|p2a: scary shark raaaa|Outrage|p1a: Dragonite|[from]lockedmove\n|-supereffective|p1a: Dragonite\n|-damage|p1a: Dragonite|0 fnt\n|faint|p1a: Dragonite\n|-start|p2a: scary shark raaaa|confusion|[fatigue]\n|\n|upkeep\n|\n|t:|1700721931\n|switch|p1a: Zapdos|Zapdos|100\/100\n|turn|7\n|\n|t:|1700721939\n|move|p1a: Zapdos|Hurricane|p2a: scary shark raaaa|[miss]\n|-miss|p1a: Zapdos|p2a: scary shark raaaa\n|-activate|p2a: scary shark raaaa|confusion\n|move|p2a: scary shark raaaa|Outrage|p1a: Zapdos\n|-damage|p1a: Zapdos|0 fnt\n|faint|p1a: Zapdos\n|\n|upkeep\n|\n|t:|1700721941\n|switch|p1a: Kingambit|Kingambit, F|100\/100\n|-activate|p1a: Kingambit|ability: Supreme Overlord\n|-start|p1a: Kingambit|fallen5|[silent]\n|turn|8\n|\n|t:|1700721950\n|move|p1a: Kingambit|Sucker Punch|p2a: scary shark raaaa\n|-damage|p2a: scary shark raaaa|0 fnt\n|-damage|p1a: Kingambit|88\/100|[from] ability: Rough Skin|[of] p2a: scary shark raaaa\n|-damage|p1a: Kingambit|72\/100|[from] item: Rocky Helmet|[of] p2a: scary shark raaaa\n|faint|p2a: scary shark raaaa\n|\n|upkeep\n|c|\u2606Jotaroc137|GG\n|inactive|bigguystompa has 120 seconds left.\n|\n|t:|1700721981\n|switch|p2a: egg|Blissey, F|100\/100\n|turn|9\n|\n|t:|1700721990\n|-terastallize|p1a: Kingambit|Dark\n|move|p1a: Kingambit|Swords Dance|p1a: Kingambit\n|-boost|p1a: Kingambit|atk|2\n|move|p2a: egg|Thunder Wave|p1a: Kingambit\n|-status|p1a: Kingambit|par\n|-enditem|p1a: Kingambit|Lum Berry|[eat]\n|-curestatus|p1a: Kingambit|par|[msg]\n|\n|upkeep\n|turn|10\n|\n|t:|1700721999\n|move|p1a: Kingambit|Kowtow Cleave|p2a: egg\n|-damage|p2a: egg|0 fnt\n|faint|p2a: egg\n|\n|upkeep\n|\n|t:|1700722006\n|switch|p2a: :3|Mimikyu, F|100\/100\n|turn|11\n|\n|t:|1700722017\n|move|p2a: :3|Play Rough|p1a: Kingambit|[miss]\n|-miss|p2a: :3|p1a: Kingambit\n|move|p1a: Kingambit|Iron Head|p2a: :3\n|-activate|p2a: :3|ability: Disguise\n|-damage|p2a: :3|100\/100\n|detailschange|p2a: :3|Mimikyu-Busted, F\n|-damage|p2a: :3|88\/100|[from] pokemon: Mimikyu-Busted\n|\n|upkeep\n|turn|12\n|\n|t:|1700722021\n|move|p1a: Kingambit|Sucker Punch|p2a: :3\n|-damage|p2a: :3|0 fnt\n|faint|p2a: :3\n|\n|upkeep\n|\n|t:|1700722039\n|switch|p2a: ber|Ursaluna, F|100\/100\n|turn|13\n|\n|t:|1700722052\n|move|p1a: Kingambit|Sucker Punch|p2a: ber\n|-damage|p2a: ber|0 fnt\n|faint|p2a: ber\n|\n|upkeep\n|\n|t:|1700722058\n|switch|p2a: birb|Talonflame, M|100\/100\n|turn|14\n|\n|t:|1700722063\n|move|p1a: Kingambit|Sucker Punch|p2a: birb\n|-damage|p2a: birb|0 fnt\n|faint|p2a: birb\n|\n|upkeep\n|\n|t:|1700722066\n|switch|p2a: mustache man|Kingambit, M|100\/100\n|-activate|p2a: mustache man|ability: Supreme Overlord\n|-start|p2a: mustache man|fallen5|[silent]\n|turn|15\n|\n|t:|1700722069\n|move|p2a: mustache man|Sucker Punch|p1a: Kingambit\n|-resisted|p1a: Kingambit\n|-damage|p1a: Kingambit|47\/100\n|move|p1a: Kingambit|Kowtow Cleave|p2a: mustache man\n|-resisted|p2a: mustache man\n|-damage|p2a: mustache man|30\/100\n|\n|upkeep\n|turn|16\n|\n|t:|1700722075\n|move|p1a: Kingambit|Sucker Punch|p2a: mustache man\n|-resisted|p2a: mustache man\n|-damage|p2a: mustache man|0 fnt\n|faint|p2a: mustache man\n|-end|p2a: mustache man|fallen5|[silent]\n|\n|win|Jotaroc137\n|raw|Jotaroc137's rating: 1098 &rarr; <strong>1125<\/strong><br \/>(+27 for winning)\n|raw|bigguystompa's rating: 1115 &rarr; <strong>1089<\/strong><br \/>(-26 for losing)\n|c|\u2606Jotaroc137|Wow\n|l|\u2606bigguystompa\n","uploadtime":1700722131,"views":21,"p1id":"jotaroc137","p2id":"bigguystompa","formatid":"gen9ou","rating":1089,"private":0,"password":""}