{"id":"gen9ou-1997727302","p1":"bloodedgeyama","p2":"Yeetsa","format":"[Gen 9] OU","log":"|j|\u2606bloodedgeyama\n|j|\u2606Yeetsa\n|t:|1700846236\n|gametype|singles\n|player|p1|bloodedgeyama|adaman|1280\n|player|p2|Yeetsa|ingo|1242\n|teamsize|p1|6\n|teamsize|p2|6\n|gen|9\n|tier|[Gen 9] OU\n|rated|\n|rule|Sleep Clause Mod: Limit one foe put to sleep\n|rule|Species Clause: Limit one of each Pok\u00e9mon\n|rule|OHKO Clause: OHKO moves are banned\n|rule|Evasion Items Clause: Evasion items are banned\n|rule|Evasion Moves Clause: Evasion moves are banned\n|rule|Endless Battle Clause: Forcing endless battles is banned\n|rule|HP Percentage Mod: HP is shown in percentages\n|clearpoke\n|poke|p1|Iron Moth|\n|poke|p1|Great Tusk|\n|poke|p1|Ogerpon-Wellspring, F|\n|poke|p1|Heatran, F|\n|poke|p1|Ceruledge, F|\n|poke|p1|Landorus-Therian, M|\n|poke|p2|Zapdos|\n|poke|p2|Landorus-Therian, M|\n|poke|p2|Heatran, F|\n|poke|p2|Slowking-Galar, M|\n|poke|p2|Hatterene, F|\n|poke|p2|Iron Valiant|\n|teampreview\n|inactive|Battle timer is ON: inactive players will automatically lose when time's up. (requested by Yeetsa)\n|\n|t:|1700846255\n|start\n|switch|p1a: Landorus|Landorus-Therian, M|100\/100\n|switch|p2a: Hot Pot|Heatran, F, shiny|100\/100\n|-ability|p1a: Landorus|Intimidate|boost\n|-unboost|p2a: Hot Pot|atk|1\n|turn|1\n|\n|t:|1700846265\n|switch|p2a: Genie|Landorus-Therian, M|100\/100\n|-ability|p2a: Genie|Intimidate|boost\n|-unboost|p1a: Landorus|atk|1\n|move|p1a: Landorus|U-turn|p2a: Genie\n|-resisted|p2a: Genie\n|-damage|p2a: Genie|90\/100\n|-damage|p1a: Landorus|84\/100|[from] item: Rocky Helmet|[of] p2a: Genie\n|\n|t:|1700846273\n|switch|p1a: Ogerpon|Ogerpon-Wellspring, F|100\/100|[from] U-turn\n|\n|upkeep\n|turn|2\n|\n|t:|1700846277\n|-terastallize|p2a: Genie|Flying\n|move|p1a: Ogerpon|Ivy Cudgel|p2a: Genie|[anim] Ivy Cudgel Water\n|-damage|p2a: Genie|25\/100\n|move|p2a: Genie|Tera Blast|p1a: Ogerpon|[anim] Tera Blast Flying\n|-supereffective|p1a: Ogerpon\n|-damage|p1a: Ogerpon|0 fnt\n|faint|p1a: Ogerpon\n|\n|upkeep\n|\n|t:|1700846303\n|switch|p1a: Ceruledge|Ceruledge, F|100\/100\n|turn|3\n|\n|t:|1700846311\n|move|p2a: Genie|Earthquake|p1a: Ceruledge\n|-supereffective|p1a: Ceruledge\n|-enditem|p1a: Ceruledge|Focus Sash\n|-damage|p1a: Ceruledge|1\/100\n|-ability|p1a: Ceruledge|Weak Armor|boost\n|-unboost|p1a: Ceruledge|def|1\n|-boost|p1a: Ceruledge|spe|2\n|move|p1a: Ceruledge|Swords Dance|p1a: Ceruledge\n|-boost|p1a: Ceruledge|atk|2\n|\n|upkeep\n|turn|4\n|\n|t:|1700846320\n|move|p1a: Ceruledge|Bitter Blade|p2a: Genie\n|-damage|p2a: Genie|0 fnt\n|-heal|p1a: Ceruledge|14\/100|[from] drain|[of] p2a: Genie\n|-damage|p1a: Ceruledge|0 fnt|[from] item: Rocky Helmet|[of] p2a: Genie\n|faint|p2a: Genie\n|faint|p1a: Ceruledge\n|\n|upkeep\n|\n|t:|1700846331\n|switch|p2a: Speeeeeeed|Iron Valiant|100\/100\n|switch|p1a: Heatran|Heatran, F|100\/100\n|turn|5\n|\n|t:|1700846336\n|-end|p2a: Speeeeeeed|Quark Drive|[silent]\n|switch|p2a: Hot Pot|Heatran, F, shiny|100\/100\n|move|p1a: Heatran|Magma Storm|p2a: Hot Pot\n|-start|p2a: Hot Pot|ability: Flash Fire\n|\n|upkeep\n|turn|6\n|\n|t:|1700846345\n|switch|p1a: Landorus|Landorus-Therian, M|84\/100\n|-ability|p1a: Landorus|Intimidate|boost\n|-unboost|p2a: Hot Pot|atk|1\n|move|p2a: Hot Pot|Stealth Rock|p1a: Landorus\n|-sidestart|p1: bloodedgeyama|move: Stealth Rock\n|\n|upkeep\n|turn|7\n|\n|t:|1700846352\n|-end|p2a: Hot Pot|ability: Flash Fire|[silent]\n|switch|p2a: Toast Bird|Zapdos|100\/100\n|move|p1a: Landorus|Earthquake|p2a: Toast Bird\n|-immune|p2a: Toast Bird\n|\n|upkeep\n|turn|8\n|\n|t:|1700846359\n|switch|p1a: Heatran|Heatran, F|100\/100\n|-damage|p1a: Heatran|88\/100|[from] Stealth Rock\n|move|p2a: Toast Bird|Hurricane|p1a: Heatran\n|-resisted|p1a: Heatran\n|-damage|p1a: Heatran|69\/100\n|\n|-heal|p1a: Heatran|75\/100|[from] item: Leftovers\n|upkeep\n|turn|9\n|\n|t:|1700846365\n|move|p2a: Toast Bird|Thunder Wave|p1a: Heatran\n|-status|p1a: Heatran|par\n|cant|p1a: Heatran|par\n|\n|-heal|p1a: Heatran|81\/100 par|[from] item: Leftovers\n|upkeep\n|turn|10\n|\n|t:|1700846371\n|move|p2a: Toast Bird|Hurricane|p1a: Heatran|[miss]\n|-miss|p2a: Toast Bird|p1a: Heatran\n|move|p1a: Heatran|Earth Power|p2a: Toast Bird\n|-immune|p2a: Toast Bird\n|\n|-heal|p1a: Heatran|88\/100 par|[from] item: Leftovers\n|upkeep\n|turn|11\n|\n|t:|1700846378\n|move|p2a: Toast Bird|Hurricane|p1a: Heatran\n|-resisted|p1a: Heatran\n|-damage|p1a: Heatran|69\/100 par\n|cant|p1a: Heatran|par\n|\n|-heal|p1a: Heatran|75\/100 par|[from] item: Leftovers\n|upkeep\n|turn|12\n|\n|t:|1700846383\n|move|p2a: Toast Bird|Volt Switch|p1a: Heatran\n|-damage|p1a: Heatran|50\/100 par\n|\n|t:|1700846386\n|switch|p2a: Hot Pot|Heatran, F, shiny|100\/100|[from] Volt Switch\n|cant|p1a: Heatran|par\n|\n|-heal|p1a: Heatran|56\/100 par|[from] item: Leftovers\n|upkeep\n|turn|13\n|\n|t:|1700846394\n|switch|p2a: Toast Bird|Zapdos|100\/100\n|move|p1a: Heatran|Earth Power|p2a: Toast Bird\n|-immune|p2a: Toast Bird\n|\n|-heal|p1a: Heatran|63\/100 par|[from] item: Leftovers\n|upkeep\n|turn|14\n|\n|t:|1700846402\n|move|p2a: Toast Bird|Hurricane|p1a: Heatran\n|-resisted|p1a: Heatran\n|-damage|p1a: Heatran|44\/100 par\n|-start|p1a: Heatran|confusion\n|-activate|p1a: Heatran|confusion\n|-damage|p1a: Heatran|38\/100 par|[from] confusion\n|\n|-heal|p1a: Heatran|44\/100 par|[from] item: Leftovers\n|upkeep\n|turn|15\n|\n|t:|1700846408\n|move|p2a: Toast Bird|Hurricane|p1a: Heatran\n|-resisted|p1a: Heatran\n|-damage|p1a: Heatran|26\/100 par\n|-activate|p1a: Heatran|confusion\n|move|p1a: Heatran|Magma Storm|p2a: Toast Bird\n|-damage|p2a: Toast Bird|56\/100\n|-activate|p2a: Toast Bird|move: Magma Storm|[of] p1a: Heatran\n|\n|-heal|p1a: Heatran|33\/100 par|[from] item: Leftovers\n|-damage|p2a: Toast Bird|44\/100|[from] move: Magma Storm|[partiallytrapped]\n|upkeep\n|turn|16\n|\n|t:|1700846414\n|move|p2a: Toast Bird|Roost|p2a: Toast Bird\n|-heal|p2a: Toast Bird|94\/100\n|-singleturn|p2a: Toast Bird|move: Roost\n|-end|p1a: Heatran|confusion\n|move|p1a: Heatran|Stealth Rock|p2a: Toast Bird\n|-sidestart|p2: Yeetsa|move: Stealth Rock\n|\n|-heal|p1a: Heatran|39\/100 par|[from] item: Leftovers\n|-damage|p2a: Toast Bird|82\/100|[from] move: Magma Storm|[partiallytrapped]\n|upkeep\n|turn|17\n|\n|t:|1700846422\n|move|p2a: Toast Bird|Hurricane|p1a: Heatran\n|-resisted|p1a: Heatran\n|-damage|p1a: Heatran|21\/100 par\n|-start|p1a: Heatran|confusion\n|-activate|p1a: Heatran|confusion\n|-damage|p1a: Heatran|15\/100 par|[from] confusion\n|\n|-heal|p1a: Heatran|21\/100 par|[from] item: Leftovers\n|-damage|p2a: Toast Bird|70\/100|[from] move: Magma Storm|[partiallytrapped]\n|upkeep\n|turn|18\n|\n|t:|1700846434\n|move|p2a: Toast Bird|Volt Switch|p1a: Heatran\n|-damage|p1a: Heatran|0 fnt\n|faint|p1a: Heatran\n|\n|t:|1700846439\n|switch|p2a: The Female Wall|Hatterene, F|100\/100|[from] Volt Switch\n|-damage|p2a: The Female Wall|88\/100|[from] Stealth Rock\n|\n|upkeep\n|\n|t:|1700846449\n|switch|p1a: Iron Moth|Iron Moth|100\/100\n|-damage|p1a: Iron Moth|76\/100|[from] Stealth Rock\n|turn|19\n|\n|t:|1700846454\n|move|p1a: Iron Moth|Sludge Wave|p2a: The Female Wall\n|-supereffective|p2a: The Female Wall\n|-damage|p2a: The Female Wall|0 fnt\n|faint|p2a: The Female Wall\n|\n|upkeep\n|\n|t:|1700846460\n|switch|p2a: Hot Pot|Heatran, F, shiny|100\/100\n|-damage|p2a: Hot Pot|88\/100|[from] Stealth Rock\n|turn|20\n|\n|t:|1700846464\n|-end|p1a: Iron Moth|Quark Drive|[silent]\n|switch|p1a: Landorus|Landorus-Therian, M|84\/100\n|-damage|p1a: Landorus|72\/100|[from] Stealth Rock\n|-ability|p1a: Landorus|Intimidate|boost\n|-unboost|p2a: Hot Pot|atk|1\n|move|p2a: Hot Pot|Magma Storm|p1a: Landorus\n|-damage|p1a: Landorus|0 fnt\n|faint|p1a: Landorus\n|\n|-heal|p2a: Hot Pot|94\/100|[from] item: Leftovers\n|upkeep\n|\n|t:|1700846466\n|switch|p1a: Iron Moth|Iron Moth|76\/100\n|-damage|p1a: Iron Moth|51\/100|[from] Stealth Rock\n|turn|21\n|\n|t:|1700846473\n|-end|p1a: Iron Moth|Quark Drive|[silent]\n|switch|p1a: Great Tusk|Great Tusk|100\/100\n|-damage|p1a: Great Tusk|98\/100|[from] Stealth Rock\n|move|p2a: Hot Pot|Flash Cannon|p1a: Great Tusk\n|-damage|p1a: Great Tusk|39\/100\n|\n|-heal|p1a: Great Tusk|45\/100|[from] item: Leftovers\n|-heal|p2a: Hot Pot|100\/100|[from] item: Leftovers\n|upkeep\n|turn|22\n|\n|t:|1700846479\n|switch|p2a: Toast Bird|Zapdos|70\/100\n|move|p1a: Great Tusk|Knock Off|p2a: Toast Bird\n|-damage|p2a: Toast Bird|39\/100\n|-enditem|p2a: Toast Bird|Heavy-Duty Boots|[from] move: Knock Off|[of] p1a: Great Tusk\n|\n|-heal|p1a: Great Tusk|51\/100|[from] item: Leftovers\n|upkeep\n|turn|23\n|\n|t:|1700846484\n|move|p2a: Toast Bird|Hurricane|p1a: Great Tusk|[miss]\n|-miss|p2a: Toast Bird|p1a: Great Tusk\n|move|p1a: Great Tusk|Rapid Spin|p2a: Toast Bird\n|-damage|p2a: Toast Bird|24\/100\n|-boost|p1a: Great Tusk|spe|1\n|-status|p1a: Great Tusk|par|[from] ability: Static|[of] p2a: Toast Bird\n|-sideend|p1: bloodedgeyama|Stealth Rock|[from] move: Rapid Spin|[of] p1a: Great Tusk\n|\n|-heal|p1a: Great Tusk|57\/100 par|[from] item: Leftovers\n|upkeep\n|turn|24\n|\n|t:|1700846492\n|move|p2a: Toast Bird|Hurricane|p1a: Great Tusk\n|-supereffective|p1a: Great Tusk\n|-damage|p1a: Great Tusk|0 fnt\n|faint|p1a: Great Tusk\n|-end|p1a: Great Tusk|Protosynthesis|[silent]\n|\n|upkeep\n|\n|t:|1700846494\n|switch|p1a: Iron Moth|Iron Moth|51\/100\n|turn|25\n|\n|t:|1700846498\n|move|p1a: Iron Moth|Psychic|p2a: Toast Bird\n|-damage|p2a: Toast Bird|0 fnt\n|faint|p2a: Toast Bird\n|\n|upkeep\n|\n|t:|1700846506\n|switch|p2a: Speeeeeeed|Iron Valiant|100\/100\n|-damage|p2a: Speeeeeeed|94\/100|[from] Stealth Rock\n|turn|26\n|\n|t:|1700846511\n|-end|p2a: Speeeeeeed|Quark Drive|[silent]\n|switch|p2a: Hot Pot|Heatran, F, shiny|100\/100\n|-damage|p2a: Hot Pot|88\/100|[from] Stealth Rock\n|-terastallize|p1a: Iron Moth|Grass\n|move|p1a: Iron Moth|Psychic|p2a: Hot Pot\n|-resisted|p2a: Hot Pot\n|-damage|p2a: Hot Pot|67\/100\n|\n|-heal|p2a: Hot Pot|73\/100|[from] item: Leftovers\n|upkeep\n|turn|27\n|\n|t:|1700846519\n|move|p1a: Iron Moth|Psychic|p2a: Hot Pot\n|-resisted|p2a: Hot Pot\n|-damage|p2a: Hot Pot|50\/100\n|-unboost|p2a: Hot Pot|spd|1\n|move|p2a: Hot Pot|Flash Cannon|p1a: Iron Moth\n|-damage|p1a: Iron Moth|0 fnt\n|faint|p1a: Iron Moth\n|-end|p1a: Iron Moth|Quark Drive|[silent]\n|\n|win|Yeetsa\n|raw|bloodedgeyama's rating: 1280 &rarr; <strong>1252<\/strong><br \/>(-28 for losing)\n|raw|Yeetsa's rating: 1242 &rarr; <strong>1270<\/strong><br \/>(+28 for winning)\n|l|\u2606bloodedgeyama\n","uploadtime":1700846527,"views":3,"p1id":"bloodedgeyama","p2id":"yeetsa","formatid":"gen9ou","rating":1252,"private":0,"password":""}