{"id":"gen9ou-1994271848","p1":"digorydixon","p2":"Poison Ivy Thorns","format":"[Gen 9] OU","log":"|j|\u2606digorydixon\n|j|\u2606Poison Ivy Thorns\n|t:|1700425682\n|gametype|singles\n|player|p1|digorydixon|1|1341\n|player|p2|Poison Ivy Thorns|ethan-gen2|1325\n|teamsize|p1|6\n|teamsize|p2|6\n|gen|9\n|tier|[Gen 9] OU\n|rated|\n|rule|Sleep Clause Mod: Limit one foe put to sleep\n|rule|Species Clause: Limit one of each Pok\u00e9mon\n|rule|OHKO Clause: OHKO moves are banned\n|rule|Evasion Items Clause: Evasion items are banned\n|rule|Evasion Moves Clause: Evasion moves are banned\n|rule|Endless Battle Clause: Forcing endless battles is banned\n|rule|HP Percentage Mod: HP is shown in percentages\n|clearpoke\n|poke|p1|Poliwrath, F|\n|poke|p1|Pelipper, M|\n|poke|p1|Overqwil, M|\n|poke|p1|Rillaboom, M|\n|poke|p1|Iron Treads|\n|poke|p1|Zapdos|\n|poke|p2|Okidogi, M|\n|poke|p2|Rotom-Wash|\n|poke|p2|Kingambit, F|\n|poke|p2|Great Tusk|\n|poke|p2|Iron Moth|\n|poke|p2|Salamence, M|\n|teampreview\n|inactive|Battle timer is ON: inactive players will automatically lose when time's up. (requested by Poison Ivy Thorns)\n|inactive|digorydixon also wants the timer to be on.\n|\n|t:|1700425700\n|start\n|switch|p1a: Pelipper|Pelipper, M|100\/100\n|switch|p2a: Rotom|Rotom-Wash|100\/100\n|-weather|RainDance|[from] ability: Drizzle|[of] p1a: Pelipper\n|turn|1\n|\n|t:|1700425716\n|switch|p1a: Rillaboom|Rillaboom, M|100\/100\n|-fieldstart|move: Grassy Terrain|[from] ability: Grassy Surge|[of] p1a: Rillaboom\n|move|p2a: Rotom|Hydro Pump|p1a: Rillaboom\n|-resisted|p1a: Rillaboom\n|-damage|p1a: Rillaboom|47\/100\n|\n|-weather|RainDance|[upkeep]\n|-heal|p1a: Rillaboom|53\/100|[from] Grassy Terrain\n|upkeep\n|turn|2\n|\n|t:|1700425730\n|switch|p2a: Salamence|Salamence, M|100\/100\n|move|p1a: Rillaboom|Grassy Glide|p2a: Salamence\n|-resisted|p2a: Salamence\n|-damage|p2a: Salamence|81\/100\n|\n|-weather|RainDance|[upkeep]\n|-heal|p1a: Rillaboom|59\/100|[from] Grassy Terrain\n|upkeep\n|turn|3\n|\n|t:|1700425736\n|switch|p1a: Zapdos|Zapdos|100\/100\n|move|p2a: Salamence|Dragon Dance|p2a: Salamence\n|-boost|p2a: Salamence|atk|1\n|-boost|p2a: Salamence|spe|1\n|\n|-weather|RainDance|[upkeep]\n|upkeep\n|turn|4\n|\n|t:|1700425742\n|move|p2a: Salamence|Dual Wingbeat|p1a: Zapdos\n|-resisted|p1a: Zapdos\n|-damage|p1a: Zapdos|79\/100\n|-resisted|p1a: Zapdos\n|-damage|p1a: Zapdos|57\/100\n|-hitcount|p1a: Zapdos|2\n|move|p1a: Zapdos|Thunder|p2a: Salamence\n|-damage|p2a: Salamence|17\/100\n|\n|-weather|RainDance|[upkeep]\n|upkeep\n|turn|5\n|\n|t:|1700425757\n|move|p2a: Salamence|Dragon Claw|p1a: Zapdos\n|-damage|p1a: Zapdos|0 fnt\n|faint|p1a: Zapdos\n|-ability|p2a: Salamence|Moxie|boost\n|-boost|p2a: Salamence|atk|1\n|\n|-weather|RainDance|[upkeep]\n|-fieldend|move: Grassy Terrain\n|upkeep\n|\n|t:|1700425774\n|switch|p1a: Rillaboom|Rillaboom, M|59\/100\n|-fieldstart|move: Grassy Terrain|[from] ability: Grassy Surge|[of] p1a: Rillaboom\n|turn|6\n|\n|t:|1700425778\n|move|p1a: Rillaboom|Grassy Glide|p2a: Salamence\n|-resisted|p2a: Salamence\n|-damage|p2a: Salamence|0 fnt\n|faint|p2a: Salamence\n|\n|-weather|RainDance|[upkeep]\n|-heal|p1a: Rillaboom|66\/100|[from] Grassy Terrain\n|upkeep\n|\n|t:|1700425791\n|switch|p2a: Iron Moth|Iron Moth|100\/100\n|-enditem|p2a: Iron Moth|Booster Energy\n|-activate|p2a: Iron Moth|ability: Quark Drive|[fromitem]\n|-start|p2a: Iron Moth|quarkdrivespe\n|turn|7\n|\n|t:|1700425799\n|switch|p1a: Iron Treads|Iron Treads|100\/100\n|move|p2a: Iron Moth|Sludge Wave|p1a: Iron Treads\n|-immune|p1a: Iron Treads\n|\n|-weather|RainDance|[upkeep]\n|upkeep\n|turn|8\n|\n|t:|1700425822\n|move|p2a: Iron Moth|Fiery Dance|p1a: Iron Treads\n|-supereffective|p1a: Iron Treads\n|-damage|p1a: Iron Treads|66\/100\n|-boost|p2a: Iron Moth|spa|1\n|move|p1a: Iron Treads|Rapid Spin|p2a: Iron Moth\n|-damage|p2a: Iron Moth|77\/100\n|-boost|p1a: Iron Treads|spe|1\n|\n|-weather|none\n|-heal|p2a: Iron Moth|83\/100|[from] Grassy Terrain\n|-heal|p1a: Iron Treads|72\/100|[from] Grassy Terrain\n|upkeep\n|turn|9\n|\n|t:|1700425833\n|-end|p1a: Iron Treads|Quark Drive|[silent]\n|switch|p1a: Pelipper|Pelipper, M|100\/100\n|-weather|RainDance|[from] ability: Drizzle|[of] p1a: Pelipper\n|move|p2a: Iron Moth|Fiery Dance|p1a: Pelipper\n|-resisted|p1a: Pelipper\n|-damage|p1a: Pelipper|86\/100\n|\n|-weather|RainDance|[upkeep]\n|-heal|p2a: Iron Moth|89\/100|[from] Grassy Terrain\n|upkeep\n|turn|10\n|\n|t:|1700425841\n|move|p2a: Iron Moth|Sludge Wave|p1a: Pelipper\n|-damage|p1a: Pelipper|4\/100\n|move|p1a: Pelipper|Surf|p2a: Iron Moth\n|-supereffective|p2a: Iron Moth\n|-damage|p2a: Iron Moth|1\/100\n|\n|-weather|RainDance|[upkeep]\n|-heal|p2a: Iron Moth|7\/100|[from] Grassy Terrain\n|-fieldend|move: Grassy Terrain\n|upkeep\n|turn|11\n|\n|t:|1700425854\n|switch|p1a: Poliwrath|Poliwrath, F|100\/100\n|move|p2a: Iron Moth|Fiery Dance|p1a: Poliwrath\n|-resisted|p1a: Poliwrath\n|-damage|p1a: Poliwrath|83\/100\n|\n|-weather|RainDance|[upkeep]\n|upkeep\n|turn|12\n|\n|t:|1700425870\n|-terastallize|p1a: Poliwrath|Poison\n|move|p2a: Iron Moth|Psychic|p1a: Poliwrath\n|-supereffective|p1a: Poliwrath\n|-damage|p1a: Poliwrath|0 fnt\n|faint|p1a: Poliwrath\n|\n|-weather|RainDance|[upkeep]\n|upkeep\n|\n|t:|1700425876\n|switch|p1a: Overqwil|Overqwil, M|100\/100\n|turn|13\n|\n|t:|1700425883\n|move|p1a: Overqwil|Crunch|p2a: Iron Moth\n|-damage|p2a: Iron Moth|0 fnt\n|faint|p2a: Iron Moth\n|-end|p2a: Iron Moth|Quark Drive|[silent]\n|-damage|p1a: Overqwil|91\/100|[from] item: Life Orb\n|\n|-weather|RainDance|[upkeep]\n|upkeep\n|\n|t:|1700425893\n|switch|p2a: Great Tusk|Great Tusk|100\/100\n|turn|14\n|\n|t:|1700425897\n|move|p1a: Overqwil|Liquidation|p2a: Great Tusk\n|-supereffective|p2a: Great Tusk\n|-damage|p2a: Great Tusk|28\/100\n|-damage|p1a: Overqwil|81\/100|[from] item: Life Orb\n|move|p2a: Great Tusk|Earthquake|p1a: Overqwil\n|-supereffective|p1a: Overqwil\n|-damage|p1a: Overqwil|0 fnt\n|faint|p1a: Overqwil\n|\n|-weather|RainDance|[upkeep]\n|-heal|p2a: Great Tusk|34\/100|[from] item: Leftovers\n|upkeep\n|\n|t:|1700425904\n|switch|p1a: Iron Treads|Iron Treads|72\/100\n|turn|15\n|\n|t:|1700425908\n|-end|p1a: Iron Treads|Quark Drive|[silent]\n|switch|p1a: Rillaboom|Rillaboom, M|66\/100\n|-fieldstart|move: Grassy Terrain|[from] ability: Grassy Surge|[of] p1a: Rillaboom\n|move|p2a: Great Tusk|Earthquake|p1a: Rillaboom\n|-resisted|p1a: Rillaboom\n|-crit|p1a: Rillaboom\n|-damage|p1a: Rillaboom|46\/100\n|\n|-weather|RainDance|[upkeep]\n|-heal|p2a: Great Tusk|41\/100|[from] Grassy Terrain\n|-heal|p2a: Great Tusk|47\/100|[from] item: Leftovers\n|-heal|p1a: Rillaboom|52\/100|[from] Grassy Terrain\n|upkeep\n|turn|16\n|\n|t:|1700425922\n|-end|p2a: Great Tusk|Protosynthesis|[silent]\n|switch|p2a: Okidogi|Okidogi, M|100\/100\n|move|p1a: Rillaboom|Wood Hammer|p2a: Okidogi\n|-resisted|p2a: Okidogi\n|-damage|p2a: Okidogi|40\/100\n|-damage|p1a: Rillaboom|33\/100|[from] Recoil\n|\n|-weather|none\n|-heal|p2a: Okidogi|46\/100|[from] Grassy Terrain\n|-heal|p1a: Rillaboom|40\/100|[from] Grassy Terrain\n|upkeep\n|turn|17\n|\n|t:|1700425927\n|move|p2a: Okidogi|Knock Off|p1a: Rillaboom\n|-damage|p1a: Rillaboom|4\/100\n|-status|p1a: Rillaboom|tox|[from] ability: Toxic Chain|[of] p2a: Okidogi\n|-enditem|p1a: Rillaboom|Choice Band|[from] move: Knock Off|[of] p2a: Okidogi\n|move|p1a: Rillaboom|Wood Hammer|p2a: Okidogi\n|-resisted|p2a: Okidogi\n|-damage|p2a: Okidogi|5\/100\n|-damage|p1a: Rillaboom|0 fnt|[from] Recoil\n|faint|p1a: Rillaboom\n|\n|-heal|p2a: Okidogi|11\/100|[from] Grassy Terrain\n|upkeep\n|c|\u2606Poison Ivy Thorns|oops\n|\n|t:|1700425935\n|switch|p1a: Iron Treads|Iron Treads|72\/100\n|turn|18\n|c|\u2606Poison Ivy Thorns|misclick\n|\n|t:|1700425954\n|move|p1a: Iron Treads|Rapid Spin|p2a: Okidogi\n|-damage|p2a: Okidogi|0 fnt\n|-boost|p1a: Iron Treads|spe|1\n|faint|p2a: Okidogi\n|\n|-heal|p1a: Iron Treads|79\/100|[from] Grassy Terrain\n|upkeep\n|\n|t:|1700425961\n|switch|p2a: Rotom|Rotom-Wash|100\/100\n|turn|19\n|\n|t:|1700425965\n|move|p2a: Rotom|Trick|p1a: Iron Treads\n|-activate|p2a: Rotom|move: Trick|[of] p1a: Iron Treads\n|-item|p1a: Iron Treads|Choice Scarf|[from] move: Trick\n|-item|p2a: Rotom|Assault Vest|[from] move: Trick\n|move|p1a: Iron Treads|Iron Head|p2a: Rotom\n|-resisted|p2a: Rotom\n|-damage|p2a: Rotom|86\/100\n|\n|-heal|p1a: Iron Treads|85\/100|[from] Grassy Terrain\n|-fieldend|move: Grassy Terrain\n|upkeep\n|turn|20\n|-message|digorydixon forfeited.\n|\n|win|Poison Ivy Thorns\n|raw|digorydixon's rating: 1341 &rarr; <strong>1320<\/strong><br \/>(-21 for losing)\n|raw|Poison Ivy Thorns's rating: 1325 &rarr; <strong>1346<\/strong><br \/>(+21 for winning)\n|l|\u2606digorydixon\n","uploadtime":1700425976,"views":18,"p1id":"digorydixon","p2id":"poisonivythorns","formatid":"gen9ou","rating":1320,"private":0,"password":""}