{"id":"gen9ou-1992560368","p1":"moriicalliopee","p2":"FittedCrib04","format":"[Gen 9] OU","log":"|j|\u2606moriicalliopee\n|j|\u2606FittedCrib04\n|t:|1700205887\n|gametype|singles\n|player|p1|moriicalliopee|169|1155\n|player|p2|FittedCrib04|102|1147\n|teamsize|p1|6\n|teamsize|p2|6\n|gen|9\n|tier|[Gen 9] OU\n|rated|\n|rule|Sleep Clause Mod: Limit one foe put to sleep\n|rule|Species Clause: Limit one of each Pok\u00e9mon\n|rule|OHKO Clause: OHKO moves are banned\n|rule|Evasion Items Clause: Evasion items are banned\n|rule|Evasion Moves Clause: Evasion moves are banned\n|rule|Endless Battle Clause: Forcing endless battles is banned\n|rule|HP Percentage Mod: HP is shown in percentages\n|clearpoke\n|poke|p1|Kingambit, M|\n|poke|p1|Zapdos|\n|poke|p1|Slowking-Galar, M|\n|poke|p1|Ting-Lu|\n|poke|p1|Sneasler, M|\n|poke|p1|Great Tusk|\n|poke|p2|Chimecho, M|\n|poke|p2|Dachsbun, M|\n|poke|p2|Electrode|\n|poke|p2|Sableye, F|\n|poke|p2|Medicham, M|\n|poke|p2|Uxie|\n|teampreview\n|inactive|Battle timer is ON: inactive players will automatically lose when time's up. (requested by moriicalliopee)\n|\n|t:|1700205895\n|start\n|switch|p1a: Ting-Lu|Ting-Lu|100\/100\n|switch|p2a: Electrode|Electrode|100\/100\n|-ability|p1a: Ting-Lu|Vessel of Ruin\n|turn|1\n|\n|t:|1700205899\n|move|p2a: Electrode|Taunt|p1a: Ting-Lu\n|-start|p1a: Ting-Lu|move: Taunt\n|cant|p1a: Ting-Lu|move: Taunt|Stealth Rock\n|\n|upkeep\n|turn|2\n|\n|t:|1700205908\n|switch|p2a: Chimecho|Chimecho, M|100\/100\n|move|p1a: Ting-Lu|Earthquake|p2a: Chimecho\n|-immune|p2a: Chimecho|[from] ability: Levitate\n|\n|upkeep\n|turn|3\n|\n|t:|1700205914\n|move|p2a: Chimecho|Reflect|p2a: Chimecho\n|-sidestart|p2: FittedCrib04|Reflect\n|move|p1a: Ting-Lu|Ruination|p2a: Chimecho\n|-damage|p2a: Chimecho|50\/100\n|\n|-end|p1a: Ting-Lu|move: Taunt\n|upkeep\n|turn|4\n|\n|t:|1700205924\n|switch|p2a: Electrode|Electrode|100\/100\n|move|p1a: Ting-Lu|Stealth Rock|p2a: Electrode\n|-sidestart|p2: FittedCrib04|move: Stealth Rock\n|\n|upkeep\n|turn|5\n|\n|t:|1700205929\n|move|p2a: Electrode|Taunt|p1a: Ting-Lu\n|-start|p1a: Ting-Lu|move: Taunt\n|move|p1a: Ting-Lu|Earthquake|p2a: Electrode\n|-supereffective|p2a: Electrode\n|-damage|p2a: Electrode|32\/100\n|\n|upkeep\n|turn|6\n|\n|t:|1700205937\n|move|p2a: Electrode|Eerie Impulse|p1a: Ting-Lu\n|-unboost|p1a: Ting-Lu|spa|2\n|move|p1a: Ting-Lu|Earthquake|p2a: Electrode\n|-supereffective|p2a: Electrode\n|-damage|p2a: Electrode|0 fnt\n|faint|p2a: Electrode\n|\n|upkeep\n|\n|t:|1700205946\n|switch|p2a: Medicham|Medicham, M|100\/100\n|-damage|p2a: Medicham|94\/100|[from] Stealth Rock\n|turn|7\n|\n|t:|1700205954\n|switch|p1a: Zapdos|Zapdos|100\/100\n|move|p2a: Medicham|Substitute|p2a: Medicham\n|-start|p2a: Medicham|Substitute\n|-damage|p2a: Medicham|70\/100\n|\n|-heal|p2a: Medicham|76\/100|[from] item: Leftovers\n|upkeep\n|turn|8\n|\n|t:|1700205961\n|move|p1a: Zapdos|Heat Wave|p2a: Medicham\n|-end|p2a: Medicham|Substitute\n|move|p2a: Medicham|Acupressure|p2a: Medicham\n|-boost|p2a: Medicham|spe|2\n|\n|-heal|p2a: Medicham|82\/100|[from] item: Leftovers\n|upkeep\n|turn|9\n|\n|t:|1700205973\n|-terastallize|p2a: Medicham|Psychic\n|move|p2a: Medicham|Acupressure|p2a: Medicham\n|-boost|p2a: Medicham|accuracy|2\n|move|p1a: Zapdos|Thunder Wave|p2a: Medicham\n|-status|p2a: Medicham|par\n|\n|-heal|p2a: Medicham|88\/100 par|[from] item: Leftovers\n|upkeep\n|turn|10\n|\n|t:|1700205981\n|switch|p2a: Chimecho|Chimecho, M|50\/100\n|-damage|p2a: Chimecho|38\/100|[from] Stealth Rock\n|move|p1a: Zapdos|Heat Wave|p2a: Chimecho|[miss]\n|-miss|p1a: Zapdos|p2a: Chimecho\n|\n|-sideend|p2: FittedCrib04|Reflect\n|upkeep\n|turn|11\n|\n|t:|1700205987\n|move|p1a: Zapdos|Volt Switch|p2a: Chimecho\n|-damage|p2a: Chimecho|17\/100\n|\n|t:|1700205993\n|switch|p1a: Great Tusk|Great Tusk|100\/100|[from] Volt Switch\n|move|p2a: Chimecho|Heal Bell|p2a: Chimecho\n|-activate|p2a: Chimecho|move: Heal Bell\n|-curestatus|p2: Medicham|par|[msg]\n|\n|upkeep\n|turn|12\n|\n|t:|1700206000\n|move|p1a: Great Tusk|Rapid Spin|p2a: Chimecho\n|-damage|p2a: Chimecho|1\/100\n|-boost|p1a: Great Tusk|spe|1\n|move|p2a: Chimecho|Reflect|p2a: Chimecho\n|-sidestart|p2: FittedCrib04|Reflect\n|\n|upkeep\n|turn|13\n|\n|t:|1700206010\n|move|p1a: Great Tusk|Bulk Up|p1a: Great Tusk\n|-boost|p1a: Great Tusk|atk|1\n|-boost|p1a: Great Tusk|def|1\n|move|p2a: Chimecho|Recover|p2a: Chimecho\n|-heal|p2a: Chimecho|51\/100\n|\n|upkeep\n|turn|14\n|\n|t:|1700206019\n|move|p1a: Great Tusk|Rapid Spin|p2a: Chimecho\n|-damage|p2a: Chimecho|39\/100\n|-boost|p1a: Great Tusk|spe|1\n|move|p2a: Chimecho|Light Screen|p2a: Chimecho\n|-sidestart|p2: FittedCrib04|move: Light Screen\n|\n|upkeep\n|turn|15\n|\n|t:|1700206023\n|switch|p2a: Sableye|Sableye, F|100\/100\n|-damage|p2a: Sableye|88\/100|[from] Stealth Rock\n|move|p1a: Great Tusk|Bulk Up|p1a: Great Tusk\n|-boost|p1a: Great Tusk|atk|1\n|-boost|p1a: Great Tusk|def|1\n|\n|-heal|p2a: Sableye|94\/100|[from] item: Leftovers\n|upkeep\n|turn|16\n|\n|t:|1700206042\n|-terastallize|p1a: Great Tusk|Water\n|move|p2a: Sableye|Encore|p1a: Great Tusk\n|-start|p1a: Great Tusk|Encore\n|move|p1a: Great Tusk|Bulk Up|p1a: Great Tusk\n|-boost|p1a: Great Tusk|atk|1\n|-boost|p1a: Great Tusk|def|1\n|\n|-heal|p2a: Sableye|100\/100|[from] item: Leftovers\n|upkeep\n|turn|17\n|\n|t:|1700206048\n|move|p2a: Sableye|Will-O-Wisp|p1a: Great Tusk|[miss]\n|-miss|p2a: Sableye|p1a: Great Tusk\n|move|p1a: Great Tusk|Bulk Up|p1a: Great Tusk\n|-boost|p1a: Great Tusk|atk|1\n|-boost|p1a: Great Tusk|def|1\n|\n|upkeep\n|turn|18\n|\n|t:|1700206050\n|move|p2a: Sableye|Will-O-Wisp|p1a: Great Tusk\n|-status|p1a: Great Tusk|brn\n|move|p1a: Great Tusk|Bulk Up|p1a: Great Tusk\n|-boost|p1a: Great Tusk|atk|1\n|-boost|p1a: Great Tusk|def|1\n|\n|-damage|p1a: Great Tusk|94\/100 brn|[from] brn\n|-end|p1a: Great Tusk|Encore\n|upkeep\n|turn|19\n|\n|t:|1700206055\n|move|p2a: Sableye|Encore|p1a: Great Tusk\n|-start|p1a: Great Tusk|Encore\n|move|p1a: Great Tusk|Bulk Up|p1a: Great Tusk\n|-boost|p1a: Great Tusk|atk|1\n|-boost|p1a: Great Tusk|def|1\n|\n|-heal|p1a: Great Tusk|100\/100 brn|[from] item: Leftovers\n|-damage|p1a: Great Tusk|94\/100 brn|[from] brn\n|-sideend|p2: FittedCrib04|Reflect\n|upkeep\n|turn|20\n|\n|t:|1700206065\n|move|p1a: Great Tusk|Bulk Up|p1a: Great Tusk\n|-boost|p1a: Great Tusk|atk|0\n|-boost|p1a: Great Tusk|def|0\n|move|p2a: Sableye|Snarl|p1a: Great Tusk\n|-damage|p1a: Great Tusk|76\/100 brn\n|-unboost|p1a: Great Tusk|spa|1\n|\n|-heal|p1a: Great Tusk|82\/100 brn|[from] item: Leftovers\n|-damage|p1a: Great Tusk|76\/100 brn|[from] brn\n|upkeep\n|turn|21\n|\n|t:|1700206070\n|move|p1a: Great Tusk|Bulk Up|p1a: Great Tusk\n|-boost|p1a: Great Tusk|atk|0\n|-boost|p1a: Great Tusk|def|0\n|move|p2a: Sableye|Snarl|p1a: Great Tusk\n|-damage|p1a: Great Tusk|57\/100 brn\n|-unboost|p1a: Great Tusk|spa|1\n|\n|-heal|p1a: Great Tusk|63\/100 brn|[from] item: Leftovers\n|-damage|p1a: Great Tusk|57\/100 brn|[from] brn\n|-end|p1a: Great Tusk|Encore\n|-sideend|p2: FittedCrib04|move: Light Screen\n|upkeep\n|turn|22\n|\n|t:|1700206074\n|move|p2a: Sableye|Encore|p1a: Great Tusk\n|-start|p1a: Great Tusk|Encore\n|move|p1a: Great Tusk|Bulk Up|p1a: Great Tusk\n|-boost|p1a: Great Tusk|atk|0\n|-boost|p1a: Great Tusk|def|0\n|\n|-heal|p1a: Great Tusk|63\/100 brn|[from] item: Leftovers\n|-damage|p1a: Great Tusk|57\/100 brn|[from] brn\n|upkeep\n|turn|23\n|\n|t:|1700206079\n|-end|p1a: Great Tusk|Protosynthesis|[silent]\n|switch|p1a: Zapdos|Zapdos|100\/100\n|move|p2a: Sableye|Snarl|p1a: Zapdos\n|-damage|p1a: Zapdos|89\/100\n|-unboost|p1a: Zapdos|spa|1\n|\n|upkeep\n|turn|24\n|\n|t:|1700206090\n|move|p1a: Zapdos|Volt Switch|p2a: Sableye\n|-damage|p2a: Sableye|79\/100\n|\n|t:|1700206093\n|switch|p1a: Slowking|Slowking-Galar, M|100\/100|[from] Volt Switch\n|move|p2a: Sableye|Snarl|p1a: Slowking\n|-supereffective|p1a: Slowking\n|-damage|p1a: Slowking|80\/100\n|-unboost|p1a: Slowking|spa|1\n|\n|-heal|p2a: Sableye|86\/100|[from] item: Leftovers\n|-heal|p1a: Slowking|86\/100|[from] item: Black Sludge\n|upkeep\n|turn|25\n|\n|t:|1700206105\n|move|p2a: Sableye|Snarl|p1a: Slowking\n|-supereffective|p1a: Slowking\n|-damage|p1a: Slowking|66\/100\n|-unboost|p1a: Slowking|spa|1\n|move|p1a: Slowking|Thunder Wave|p2a: Sableye\n|-status|p2a: Sableye|par\n|\n|-heal|p1a: Slowking|72\/100|[from] item: Black Sludge\n|-heal|p2a: Sableye|92\/100 par|[from] item: Leftovers\n|upkeep\n|turn|26\n|\n|t:|1700206113\n|switch|p1a: Ting-Lu|Ting-Lu|100\/100\n|-ability|p1a: Ting-Lu|Vessel of Ruin\n|switch|p2a: Chimecho|Chimecho, M|39\/100\n|-damage|p2a: Chimecho|27\/100|[from] Stealth Rock\n|\n|upkeep\n|turn|27\n|\n|t:|1700206120\n|move|p2a: Chimecho|Heal Bell|p2a: Chimecho\n|-activate|p2a: Chimecho|move: Heal Bell\n|-curestatus|p2: Sableye|par|[msg]\n|move|p1a: Ting-Lu|Whirlwind|p2a: Chimecho\n|drag|p2a: Uxie|Uxie|100\/100\n|-damage|p2a: Uxie|88\/100|[from] Stealth Rock\n|\n|upkeep\n|turn|28\n|\n|t:|1700206124\n|move|p2a: Uxie|Yawn|p1a: Ting-Lu\n|-start|p1a: Ting-Lu|move: Yawn|[of] p2a: Uxie\n|move|p1a: Ting-Lu|Whirlwind|p2a: Uxie\n|drag|p2a: Medicham|Medicham, M, tera:Psychic|88\/100\n|-damage|p2a: Medicham|76\/100|[from] Stealth Rock\n|\n|-heal|p2a: Medicham|82\/100|[from] item: Leftovers\n|upkeep\n|turn|29\n|\n|t:|1700206134\n|switch|p1a: Slowking|Slowking-Galar, M|100\/100\n|move|p2a: Medicham|Substitute|p2a: Medicham\n|-start|p2a: Medicham|Substitute\n|-damage|p2a: Medicham|57\/100\n|\n|-heal|p2a: Medicham|63\/100|[from] item: Leftovers\n|upkeep\n|turn|30\n|\n|t:|1700206139\n|move|p2a: Medicham|Acupressure|p2a: Medicham\n|-boost|p2a: Medicham|spd|2\n|move|p1a: Slowking|Future Sight|p2a: Medicham\n|-start|p1a: Slowking|move: Future Sight\n|\n|-heal|p2a: Medicham|70\/100|[from] item: Leftovers\n|upkeep\n|turn|31\n|\n|t:|1700206144\n|move|p2a: Medicham|Acupressure|p2a: Medicham\n|-boost|p2a: Medicham|evasion|2\n|move|p1a: Slowking|Sludge Bomb|p2a: Medicham|[miss]\n|-miss|p1a: Slowking|p2a: Medicham\n|\n|-heal|p2a: Medicham|76\/100|[from] item: Leftovers\n|upkeep\n|turn|32\n|\n|t:|1700206151\n|move|p2a: Medicham|Acupressure|p2a: Medicham\n|-boost|p2a: Medicham|atk|2\n|move|p1a: Slowking|Sludge Bomb|p2a: Medicham|[miss]\n|-miss|p1a: Slowking|p2a: Medicham\n|\n|-end|p2a: Medicham|move: Future Sight\n|-resisted|p2a: Medicham\n|-activate|p2a: Medicham|move: Substitute|[damage]\n|-heal|p2a: Medicham|82\/100|[from] item: Leftovers\n|upkeep\n|turn|33\n|\n|t:|1700206157\n|switch|p1a: Ting-Lu|Ting-Lu|100\/100\n|-ability|p1a: Ting-Lu|Vessel of Ruin\n|move|p2a: Medicham|Acupressure|p2a: Medicham\n|-boost|p2a: Medicham|spe|2\n|\n|-heal|p2a: Medicham|88\/100|[from] item: Leftovers\n|upkeep\n|turn|34\n|\n|t:|1700206163\n|move|p2a: Medicham|Drain Punch|p1a: Ting-Lu\n|-supereffective|p1a: Ting-Lu\n|-damage|p1a: Ting-Lu|46\/100\n|-heal|p2a: Medicham|100\/100|[from] drain|[of] p1a: Ting-Lu\n|move|p1a: Ting-Lu|Whirlwind|p2a: Medicham\n|drag|p2a: Sableye|Sableye, F|92\/100\n|-damage|p2a: Sableye|79\/100|[from] Stealth Rock\n|\n|-heal|p2a: Sableye|86\/100|[from] item: Leftovers\n|-heal|p1a: Ting-Lu|52\/100|[from] item: Leftovers\n|upkeep\n|turn|35\n|\n|t:|1700206172\n|switch|p1a: Great Tusk|Great Tusk, tera:Water|57\/100 brn\n|move|p2a: Sableye|Will-O-Wisp|p1a: Great Tusk\n|-fail|p1a: Great Tusk|brn\n|\n|-heal|p1a: Great Tusk|63\/100 brn|[from] item: Leftovers\n|-heal|p2a: Sableye|92\/100|[from] item: Leftovers\n|-damage|p1a: Great Tusk|57\/100 brn|[from] brn\n|upkeep\n|turn|36\n|\n|t:|1700206176\n|move|p1a: Great Tusk|Knock Off|p2a: Sableye\n|-damage|p2a: Sableye|71\/100\n|-enditem|p2a: Sableye|Leftovers|[from] move: Knock Off|[of] p1a: Great Tusk\n|move|p2a: Sableye|Snarl|p1a: Great Tusk\n|-damage|p1a: Great Tusk|39\/100 brn\n|-unboost|p1a: Great Tusk|spa|1\n|\n|-heal|p1a: Great Tusk|45\/100 brn|[from] item: Leftovers\n|-damage|p1a: Great Tusk|39\/100 brn|[from] brn\n|upkeep\n|turn|37\n|\n|t:|1700206181\n|move|p1a: Great Tusk|Earthquake|p2a: Sableye\n|-damage|p2a: Sableye|39\/100\n|move|p2a: Sableye|Snarl|p1a: Great Tusk\n|-damage|p1a: Great Tusk|21\/100 brn\n|-unboost|p1a: Great Tusk|spa|1\n|\n|-heal|p1a: Great Tusk|27\/100 brn|[from] item: Leftovers\n|-damage|p1a: Great Tusk|21\/100 brn|[from] brn\n|upkeep\n|turn|38\n|\n|t:|1700206186\n|move|p2a: Sableye|Recover|p2a: Sableye\n|-heal|p2a: Sableye|89\/100\n|move|p1a: Great Tusk|Knock Off|p2a: Sableye\n|-damage|p2a: Sableye|75\/100\n|\n|-heal|p1a: Great Tusk|27\/100 brn|[from] item: Leftovers\n|-damage|p1a: Great Tusk|21\/100 brn|[from] brn\n|upkeep\n|turn|39\n|\n|t:|1700206191\n|move|p1a: Great Tusk|Bulk Up|p1a: Great Tusk\n|-boost|p1a: Great Tusk|atk|1\n|-boost|p1a: Great Tusk|def|1\n|move|p2a: Sableye|Snarl|p1a: Great Tusk\n|-crit|p1a: Great Tusk\n|-damage|p1a: Great Tusk|0 fnt\n|faint|p1a: Great Tusk\n|-end|p1a: Great Tusk|Protosynthesis|[silent]\n|\n|upkeep\n|\n|t:|1700206198\n|switch|p1a: Sneasler|Sneasler, M|100\/100\n|turn|40\n|inactive|moriicalliopee has 120 seconds left.\n|inactive|moriicalliopee has 90 seconds left.\n|\n|t:|1700206263\n|switch|p1a: Slowking|Slowking-Galar, M|100\/100\n|move|p2a: Sableye|Will-O-Wisp|p1a: Slowking\n|-status|p1a: Slowking|brn\n|\n|-damage|p1a: Slowking|94\/100 brn|[from] brn\n|upkeep\n|turn|41\n|\n|t:|1700206280\n|switch|p2a: Chimecho|Chimecho, M|27\/100\n|-damage|p2a: Chimecho|15\/100|[from] Stealth Rock\n|move|p1a: Slowking|Future Sight|p2a: Chimecho\n|-start|p1a: Slowking|move: Future Sight\n|\n|-heal|p1a: Slowking|100\/100 brn|[from] item: Black Sludge\n|-damage|p1a: Slowking|94\/100 brn|[from] brn\n|upkeep\n|turn|42\n|\n|t:|1700206287\n|move|p2a: Chimecho|Recover|p2a: Chimecho\n|-heal|p2a: Chimecho|65\/100\n|move|p1a: Slowking|Sludge Bomb|p2a: Chimecho\n|-damage|p2a: Chimecho|38\/100\n|\n|-heal|p1a: Slowking|100\/100 brn|[from] item: Black Sludge\n|-damage|p1a: Slowking|94\/100 brn|[from] brn\n|upkeep\n|turn|43\n|\n|t:|1700206291\n|move|p2a: Chimecho|Light Screen|p2a: Chimecho\n|-sidestart|p2: FittedCrib04|move: Light Screen\n|move|p1a: Slowking|Sludge Bomb|p2a: Chimecho\n|-damage|p2a: Chimecho|26\/100\n|\n|-end|p2a: Chimecho|move: Future Sight\n|-resisted|p2a: Chimecho\n|-damage|p2a: Chimecho|18\/100\n|-heal|p1a: Slowking|100\/100 brn|[from] item: Black Sludge\n|-damage|p1a: Slowking|94\/100 brn|[from] brn\n|upkeep\n|turn|44\n|\n|t:|1700206298\n|move|p2a: Chimecho|Reflect|p2a: Chimecho\n|-sidestart|p2: FittedCrib04|Reflect\n|move|p1a: Slowking|Thunder Wave|p2a: Chimecho|[miss]\n|-miss|p1a: Slowking|p2a: Chimecho\n|\n|-heal|p1a: Slowking|100\/100 brn|[from] item: Black Sludge\n|-damage|p1a: Slowking|94\/100 brn|[from] brn\n|upkeep\n|turn|45\n|\n|t:|1700206302\n|move|p2a: Chimecho|Recover|p2a: Chimecho\n|-heal|p2a: Chimecho|68\/100\n|move|p1a: Slowking|Thunder Wave|p2a: Chimecho\n|-status|p2a: Chimecho|par\n|\n|-heal|p1a: Slowking|100\/100 brn|[from] item: Black Sludge\n|-damage|p1a: Slowking|94\/100 brn|[from] brn\n|upkeep\n|turn|46\n|\n|t:|1700206314\n|switch|p1a: Ting-Lu|Ting-Lu|52\/100\n|-ability|p1a: Ting-Lu|Vessel of Ruin\n|cant|p2a: Chimecho|par\n|\n|-heal|p1a: Ting-Lu|58\/100|[from] item: Leftovers\n|upkeep\n|turn|47\n|\n|t:|1700206320\n|switch|p2a: Uxie|Uxie|88\/100\n|-damage|p2a: Uxie|76\/100|[from] Stealth Rock\n|move|p1a: Ting-Lu|Whirlwind|p2a: Uxie\n|drag|p2a: Chimecho|Chimecho, M|68\/100 par\n|-damage|p2a: Chimecho|56\/100 par|[from] Stealth Rock\n|\n|-heal|p1a: Ting-Lu|64\/100|[from] item: Leftovers\n|upkeep\n|turn|48\n|\n|t:|1700206327\n|cant|p2a: Chimecho|par\n|move|p1a: Ting-Lu|Whirlwind|p2a: Chimecho\n|drag|p2a: Sableye|Sableye, F|75\/100\n|-damage|p2a: Sableye|62\/100|[from] Stealth Rock\n|\n|-heal|p1a: Ting-Lu|71\/100|[from] item: Leftovers\n|upkeep\n|turn|49\n|\n|t:|1700206333\n|move|p2a: Sableye|Will-O-Wisp|p1a: Ting-Lu\n|-hint|Since gen 7, Dark is immune to Prankster moves.\n|-immune|p1a: Ting-Lu\n|move|p1a: Ting-Lu|Whirlwind|p2a: Sableye\n|drag|p2a: Medicham|Medicham, M, tera:Psychic|100\/100\n|-damage|p2a: Medicham|88\/100|[from] Stealth Rock\n|\n|-heal|p2a: Medicham|94\/100|[from] item: Leftovers\n|-heal|p1a: Ting-Lu|77\/100|[from] item: Leftovers\n|upkeep\n|turn|50\n|\n|t:|1700206338\n|move|p2a: Medicham|Drain Punch|p1a: Ting-Lu\n|-supereffective|p1a: Ting-Lu\n|-damage|p1a: Ting-Lu|46\/100\n|-heal|p2a: Medicham|100\/100|[from] drain|[of] p1a: Ting-Lu\n|move|p1a: Ting-Lu|Whirlwind|p2a: Medicham\n|drag|p2a: Sableye|Sableye, F|62\/100\n|-damage|p2a: Sableye|50\/100|[from] Stealth Rock\n|\n|-heal|p1a: Ting-Lu|53\/100|[from] item: Leftovers\n|-sideend|p2: FittedCrib04|move: Light Screen\n|upkeep\n|turn|51\n|\n|t:|1700206346\n|move|p2a: Sableye|Snarl|p1a: Ting-Lu|[miss]\n|-miss|p2a: Sableye|p1a: Ting-Lu\n|move|p1a: Ting-Lu|Whirlwind|p2a: Sableye\n|drag|p2a: Chimecho|Chimecho, M|56\/100 par\n|-damage|p2a: Chimecho|43\/100 par|[from] Stealth Rock\n|\n|-heal|p1a: Ting-Lu|59\/100|[from] item: Leftovers\n|-sideend|p2: FittedCrib04|Reflect\n|upkeep\n|turn|52\n|\n|t:|1700206352\n|cant|p2a: Chimecho|par\n|move|p1a: Ting-Lu|Whirlwind|p2a: Chimecho\n|drag|p2a: Sableye|Sableye, F|50\/100\n|-damage|p2a: Sableye|37\/100|[from] Stealth Rock\n|\n|-heal|p1a: Ting-Lu|65\/100|[from] item: Leftovers\n|upkeep\n|turn|53\n|\n|t:|1700206354\n|move|p2a: Sableye|Recover|p2a: Sableye\n|-heal|p2a: Sableye|87\/100\n|move|p1a: Ting-Lu|Ruination|p2a: Sableye\n|-damage|p2a: Sableye|44\/100\n|\n|-heal|p1a: Ting-Lu|71\/100|[from] item: Leftovers\n|upkeep\n|turn|54\n|\n|t:|1700206363\n|move|p2a: Sableye|Recover|p2a: Sableye\n|-heal|p2a: Sableye|94\/100\n|move|p1a: Ting-Lu|Whirlwind|p2a: Sableye\n|drag|p2a: Dachsbun|Dachsbun, M|100\/100\n|-damage|p2a: Dachsbun|88\/100|[from] Stealth Rock\n|\n|-heal|p1a: Ting-Lu|78\/100|[from] item: Leftovers\n|upkeep\n|turn|55\n|\n|t:|1700206371\n|move|p2a: Dachsbun|Wish|p2a: Dachsbun\n|move|p1a: Ting-Lu|Ruination|p2a: Dachsbun\n|-damage|p2a: Dachsbun|45\/100\n|\n|-heal|p1a: Ting-Lu|84\/100|[from] item: Leftovers\n|upkeep\n|turn|56\n|\n|t:|1700206376\n|move|p2a: Dachsbun|Snarl|p1a: Ting-Lu\n|-resisted|p1a: Ting-Lu\n|-damage|p1a: Ting-Lu|82\/100\n|-unboost|p1a: Ting-Lu|spa|1\n|move|p1a: Ting-Lu|Ruination|p2a: Dachsbun\n|-damage|p2a: Dachsbun|23\/100\n|\n|-heal|p2a: Dachsbun|73\/100|[from] move: Wish|[wisher] Dachsbun\n|-heal|p1a: Ting-Lu|88\/100|[from] item: Leftovers\n|upkeep\n|turn|57\n|\n|t:|1700206386\n|move|p2a: Dachsbun|Wish|p2a: Dachsbun\n|move|p1a: Ting-Lu|Whirlwind|p2a: Dachsbun\n|drag|p2a: Medicham|Medicham, M, tera:Psychic|100\/100\n|-damage|p2a: Medicham|88\/100|[from] Stealth Rock\n|\n|-heal|p2a: Medicham|94\/100|[from] item: Leftovers\n|-heal|p1a: Ting-Lu|94\/100|[from] item: Leftovers\n|upkeep\n|turn|58\n|\n|t:|1700206393\n|move|p2a: Medicham|Drain Punch|p1a: Ting-Lu\n|-supereffective|p1a: Ting-Lu\n|-damage|p1a: Ting-Lu|63\/100\n|-heal|p2a: Medicham|100\/100|[from] drain|[of] p1a: Ting-Lu\n|move|p1a: Ting-Lu|Whirlwind|p2a: Medicham\n|drag|p2a: Dachsbun|Dachsbun, M|73\/100\n|-damage|p2a: Dachsbun|60\/100|[from] Stealth Rock\n|\n|-heal|p2a: Dachsbun|100\/100|[from] move: Wish|[wisher] Dachsbun\n|-heal|p1a: Ting-Lu|70\/100|[from] item: Leftovers\n|upkeep\n|turn|59\n|\n|t:|1700206400\n|switch|p1a: Sneasler|Sneasler, M|100\/100\n|move|p2a: Dachsbun|Wish|p2a: Dachsbun\n|\n|upkeep\n|turn|60\n|\n|t:|1700206404\n|move|p1a: Sneasler|Fake Out|p2a: Dachsbun\n|-damage|p2a: Dachsbun|89\/100\n|cant|p2a: Dachsbun|flinch\n|\n|-heal|p2a: Dachsbun|100\/100|[from] move: Wish|[wisher] Dachsbun\n|upkeep\n|turn|61\n|\n|t:|1700206408\n|move|p1a: Sneasler|Dire Claw|p2a: Dachsbun\n|-supereffective|p2a: Dachsbun\n|-damage|p2a: Dachsbun|46\/100\n|-status|p2a: Dachsbun|psn\n|move|p2a: Dachsbun|Roar|p1a: Sneasler\n|drag|p1a: Slowking|Slowking-Galar, M|100\/100 brn\n|\n|-damage|p2a: Dachsbun|34\/100 psn|[from] psn\n|-damage|p1a: Slowking|94\/100 brn|[from] brn\n|upkeep\n|turn|62\n|\n|t:|1700206422\n|move|p2a: Dachsbun|Wish|p2a: Dachsbun\n|move|p1a: Slowking|Sludge Bomb|p2a: Dachsbun\n|-supereffective|p2a: Dachsbun\n|-damage|p2a: Dachsbun|0 fnt\n|faint|p2a: Dachsbun\n|\n|-heal|p1a: Slowking|100\/100 brn|[from] item: Black Sludge\n|-damage|p1a: Slowking|94\/100 brn|[from] brn\n|upkeep\n|\n|t:|1700206430\n|switch|p2a: Medicham|Medicham, M, tera:Psychic|100\/100\n|-damage|p2a: Medicham|88\/100|[from] Stealth Rock\n|turn|63\n|\n|t:|1700206434\n|switch|p1a: Ting-Lu|Ting-Lu|70\/100\n|-ability|p1a: Ting-Lu|Vessel of Ruin\n|move|p2a: Medicham|Substitute|p2a: Medicham\n|-start|p2a: Medicham|Substitute\n|-damage|p2a: Medicham|63\/100\n|\n|-heal|p2a: Medicham|100\/100|[from] move: Wish|[wisher] Dachsbun\n|-heal|p1a: Ting-Lu|76\/100|[from] item: Leftovers\n|upkeep\n|turn|64\n|\n|t:|1700206437\n|move|p2a: Medicham|Drain Punch|p1a: Ting-Lu\n|-supereffective|p1a: Ting-Lu\n|-damage|p1a: Ting-Lu|43\/100\n|move|p1a: Ting-Lu|Whirlwind|p2a: Medicham\n|drag|p2a: Uxie|Uxie|76\/100\n|-damage|p2a: Uxie|63\/100|[from] Stealth Rock\n|\n|-heal|p1a: Ting-Lu|49\/100|[from] item: Leftovers\n|upkeep\n|turn|65\n|\n|t:|1700206443\n|move|p2a: Uxie|Yawn|p1a: Ting-Lu\n|-start|p1a: Ting-Lu|move: Yawn|[of] p2a: Uxie\n|move|p1a: Ting-Lu|Ruination|p2a: Uxie\n|-damage|p2a: Uxie|32\/100\n|\n|-heal|p1a: Ting-Lu|56\/100|[from] item: Leftovers\n|upkeep\n|turn|66\n|\n|t:|1700206452\n|switch|p1a: Zapdos|Zapdos|89\/100\n|move|p2a: Uxie|Light Screen|p2a: Uxie\n|-sidestart|p2: FittedCrib04|move: Light Screen\n|\n|upkeep\n|turn|67\n|\n|t:|1700206462\n|move|p2a: Uxie|Yawn|p1a: Zapdos\n|-start|p1a: Zapdos|move: Yawn|[of] p2a: Uxie\n|move|p1a: Zapdos|Thunder Wave|p2a: Uxie\n|-status|p2a: Uxie|par\n|\n|upkeep\n|turn|68\n|\n|t:|1700206466\n|switch|p1a: Sneasler|Sneasler, M|100\/100\n|cant|p2a: Uxie|par\n|\n|upkeep\n|turn|69\n|\n|t:|1700206469\n|move|p1a: Sneasler|Fake Out|p2a: Uxie\n|-damage|p2a: Uxie|22\/100 par\n|cant|p2a: Uxie|flinch\n|\n|upkeep\n|turn|70\n|\n|t:|1700206475\n|move|p1a: Sneasler|U-turn|p2a: Uxie\n|-supereffective|p2a: Uxie\n|-damage|p2a: Uxie|0 fnt\n|faint|p2a: Uxie\n|\n|t:|1700206477\n|switch|p1a: Zapdos|Zapdos|89\/100|[from] U-turn\n|\n|upkeep\n|\n|t:|1700206484\n|switch|p2a: Medicham|Medicham, M, tera:Psychic|100\/100\n|-damage|p2a: Medicham|88\/100|[from] Stealth Rock\n|turn|71\n|\n|t:|1700206490\n|move|p1a: Zapdos|Thunder Wave|p2a: Medicham\n|-status|p2a: Medicham|par\n|move|p2a: Medicham|Substitute|p2a: Medicham\n|-start|p2a: Medicham|Substitute\n|-damage|p2a: Medicham|63\/100 par\n|\n|-heal|p2a: Medicham|70\/100 par|[from] item: Leftovers\n|upkeep\n|turn|72\n|\n|t:|1700206495\n|switch|p1a: Ting-Lu|Ting-Lu|56\/100\n|-ability|p1a: Ting-Lu|Vessel of Ruin\n|switch|p2a: Chimecho|Chimecho, M|43\/100 par\n|-damage|p2a: Chimecho|31\/100 par|[from] Stealth Rock\n|\n|-heal|p1a: Ting-Lu|62\/100|[from] item: Leftovers\n|upkeep\n|turn|73\n|\n|t:|1700206498\n|move|p2a: Chimecho|Heal Bell|p2a: Chimecho\n|-activate|p2a: Chimecho|move: Heal Bell\n|-curestatus|p2a: Chimecho|par|[msg]\n|-curestatus|p2: Medicham|par|[msg]\n|move|p1a: Ting-Lu|Whirlwind|p2a: Chimecho\n|drag|p2a: Sableye|Sableye, F|94\/100\n|-damage|p2a: Sableye|81\/100|[from] Stealth Rock\n|\n|-heal|p1a: Ting-Lu|68\/100|[from] item: Leftovers\n|-sideend|p2: FittedCrib04|move: Light Screen\n|upkeep\n|turn|74\n|\n|t:|1700206505\n|move|p2a: Sableye|Snarl|p1a: Ting-Lu\n|-resisted|p1a: Ting-Lu\n|-damage|p1a: Ting-Lu|64\/100\n|-unboost|p1a: Ting-Lu|spa|1\n|move|p1a: Ting-Lu|Ruination|p2a: Sableye\n|-damage|p2a: Sableye|41\/100\n|\n|-heal|p1a: Ting-Lu|71\/100|[from] item: Leftovers\n|upkeep\n|turn|75\n|\n|t:|1700206515\n|move|p2a: Sableye|Snarl|p1a: Ting-Lu\n|-resisted|p1a: Ting-Lu\n|-damage|p1a: Ting-Lu|67\/100\n|-unboost|p1a: Ting-Lu|spa|1\n|move|p1a: Ting-Lu|Ruination|p2a: Sableye\n|-damage|p2a: Sableye|21\/100\n|\n|-heal|p1a: Ting-Lu|73\/100|[from] item: Leftovers\n|upkeep\n|turn|76\n|\n|t:|1700206526\n|move|p2a: Sableye|Snarl|p1a: Ting-Lu\n|-resisted|p1a: Ting-Lu\n|-crit|p1a: Ting-Lu\n|-damage|p1a: Ting-Lu|67\/100\n|-unboost|p1a: Ting-Lu|spa|1\n|move|p1a: Ting-Lu|Earthquake|p2a: Sableye\n|-damage|p2a: Sableye|0 fnt\n|faint|p2a: Sableye\n|\n|-heal|p1a: Ting-Lu|74\/100|[from] item: Leftovers\n|upkeep\n|\n|t:|1700206539\n|switch|p2a: Chimecho|Chimecho, M|31\/100\n|-damage|p2a: Chimecho|18\/100|[from] Stealth Rock\n|turn|77\n|\n|t:|1700206545\n|move|p2a: Chimecho|Light Screen|p2a: Chimecho\n|-sidestart|p2: FittedCrib04|move: Light Screen\n|move|p1a: Ting-Lu|Whirlwind|p2a: Chimecho\n|drag|p2a: Medicham|Medicham, M, tera:Psychic|70\/100\n|-damage|p2a: Medicham|57\/100|[from] Stealth Rock\n|\n|-heal|p2a: Medicham|63\/100|[from] item: Leftovers\n|-heal|p1a: Ting-Lu|80\/100|[from] item: Leftovers\n|upkeep\n|turn|78\n|\n|t:|1700206550\n|move|p2a: Medicham|Drain Punch|p1a: Ting-Lu\n|-supereffective|p1a: Ting-Lu\n|-damage|p1a: Ting-Lu|49\/100\n|-heal|p2a: Medicham|88\/100|[from] drain|[of] p1a: Ting-Lu\n|move|p1a: Ting-Lu|Whirlwind|p2a: Medicham\n|drag|p2a: Chimecho|Chimecho, M|18\/100\n|-damage|p2a: Chimecho|6\/100|[from] Stealth Rock\n|\n|-heal|p1a: Ting-Lu|55\/100|[from] item: Leftovers\n|upkeep\n|turn|79\n|\n|t:|1700206556\n|move|p2a: Chimecho|Reflect|p2a: Chimecho\n|-sidestart|p2: FittedCrib04|Reflect\n|move|p1a: Ting-Lu|Whirlwind|p2a: Chimecho\n|drag|p2a: Medicham|Medicham, M, tera:Psychic|88\/100\n|-damage|p2a: Medicham|75\/100|[from] Stealth Rock\n|\n|-heal|p2a: Medicham|82\/100|[from] item: Leftovers\n|-heal|p1a: Ting-Lu|62\/100|[from] item: Leftovers\n|upkeep\n|turn|80\n|\n|t:|1700206562\n|move|p2a: Medicham|Drain Punch|p1a: Ting-Lu\n|-supereffective|p1a: Ting-Lu\n|-damage|p1a: Ting-Lu|30\/100\n|-heal|p2a: Medicham|100\/100|[from] drain|[of] p1a: Ting-Lu\n|move|p1a: Ting-Lu|Ruination|p2a: Medicham\n|-damage|p2a: Medicham|51\/100\n|\n|-heal|p2a: Medicham|57\/100|[from] item: Leftovers\n|-heal|p1a: Ting-Lu|36\/100|[from] item: Leftovers\n|upkeep\n|turn|81\n|\n|t:|1700206572\n|move|p2a: Medicham|Drain Punch|p1a: Ting-Lu\n|-supereffective|p1a: Ting-Lu\n|-damage|p1a: Ting-Lu|6\/100\n|-heal|p2a: Medicham|81\/100|[from] drain|[of] p1a: Ting-Lu\n|move|p1a: Ting-Lu|Whirlwind|p2a: Medicham\n|drag|p2a: Chimecho|Chimecho, M|6\/100\n|-damage|p2a: Chimecho|0 fnt|[from] Stealth Rock\n|faint|p2a: Chimecho\n|\n|-heal|p1a: Ting-Lu|12\/100|[from] item: Leftovers\n|upkeep\n|\n|t:|1700206575\n|switch|p2a: Medicham|Medicham, M, tera:Psychic|81\/100\n|-damage|p2a: Medicham|69\/100|[from] Stealth Rock\n|turn|82\n|\n|t:|1700206578\n|move|p2a: Medicham|Substitute|p2a: Medicham\n|-start|p2a: Medicham|Substitute\n|-damage|p2a: Medicham|44\/100\n|move|p1a: Ting-Lu|Ruination|p2a: Medicham\n|-activate|p2a: Medicham|move: Substitute|[damage]\n|\n|-heal|p2a: Medicham|50\/100|[from] item: Leftovers\n|-heal|p1a: Ting-Lu|18\/100|[from] item: Leftovers\n|upkeep\n|turn|83\n|\n|t:|1700206582\n|move|p2a: Medicham|Acupressure|p2a: Medicham\n|-boost|p2a: Medicham|spe|2\n|move|p1a: Ting-Lu|Ruination|p2a: Medicham|[miss]\n|-miss|p1a: Ting-Lu|p2a: Medicham\n|\n|-heal|p2a: Medicham|56\/100|[from] item: Leftovers\n|-heal|p1a: Ting-Lu|25\/100|[from] item: Leftovers\n|upkeep\n|turn|84\n|\n|t:|1700206587\n|move|p2a: Medicham|Acupressure|p2a: Medicham\n|-boost|p2a: Medicham|spe|2\n|move|p1a: Ting-Lu|Ruination|p2a: Medicham\n|-end|p2a: Medicham|Substitute\n|\n|-heal|p2a: Medicham|62\/100|[from] item: Leftovers\n|-heal|p1a: Ting-Lu|31\/100|[from] item: Leftovers\n|-sideend|p2: FittedCrib04|move: Light Screen\n|upkeep\n|turn|85\n|\n|t:|1700206593\n|move|p2a: Medicham|Acupressure|p2a: Medicham\n|-boost|p2a: Medicham|evasion|2\n|move|p1a: Ting-Lu|Ruination|p2a: Medicham\n|-damage|p2a: Medicham|31\/100\n|\n|-heal|p2a: Medicham|38\/100|[from] item: Leftovers\n|-heal|p1a: Ting-Lu|37\/100|[from] item: Leftovers\n|upkeep\n|turn|86\n|\n|t:|1700206599\n|move|p2a: Medicham|Acupressure|p2a: Medicham\n|-boost|p2a: Medicham|def|2\n|move|p1a: Ting-Lu|Earthquake|p2a: Medicham\n|-damage|p2a: Medicham|27\/100\n|\n|-heal|p2a: Medicham|33\/100|[from] item: Leftovers\n|-heal|p1a: Ting-Lu|43\/100|[from] item: Leftovers\n|-sideend|p2: FittedCrib04|Reflect\n|upkeep\n|turn|87\n|\n|t:|1700206604\n|move|p2a: Medicham|Substitute|p2a: Medicham\n|-start|p2a: Medicham|Substitute\n|-damage|p2a: Medicham|9\/100\n|move|p1a: Ting-Lu|Earthquake|p2a: Medicham\n|-activate|p2a: Medicham|move: Substitute|[damage]\n|\n|-heal|p2a: Medicham|15\/100|[from] item: Leftovers\n|-heal|p1a: Ting-Lu|50\/100|[from] item: Leftovers\n|upkeep\n|turn|88\n|\n|t:|1700206608\n|move|p2a: Medicham|Acupressure|p2a: Medicham\n|-boost|p2a: Medicham|atk|2\n|move|p1a: Ting-Lu|Earthquake|p2a: Medicham\n|-end|p2a: Medicham|Substitute\n|\n|-heal|p2a: Medicham|21\/100|[from] item: Leftovers\n|-heal|p1a: Ting-Lu|56\/100|[from] item: Leftovers\n|upkeep\n|turn|89\n|\n|t:|1700206615\n|move|p2a: Medicham|Acupressure|p2a: Medicham\n|-boost|p2a: Medicham|evasion|2\n|move|p1a: Ting-Lu|Earthquake|p2a: Medicham|[miss]\n|-miss|p1a: Ting-Lu|p2a: Medicham\n|\n|-heal|p2a: Medicham|27\/100|[from] item: Leftovers\n|-heal|p1a: Ting-Lu|62\/100|[from] item: Leftovers\n|upkeep\n|turn|90\n|\n|t:|1700206620\n|switch|p1a: Slowking|Slowking-Galar, M|100\/100 brn\n|move|p2a: Medicham|Substitute|p2a: Medicham\n|-start|p2a: Medicham|Substitute\n|-damage|p2a: Medicham|2\/100\n|\n|-heal|p2a: Medicham|9\/100|[from] item: Leftovers\n|-damage|p1a: Slowking|94\/100 brn|[from] brn\n|upkeep\n|turn|91\n|\n|t:|1700206629\n|move|p2a: Medicham|Acupressure|p2a: Medicham\n|-boost|p2a: Medicham|evasion|2\n|move|p1a: Slowking|Future Sight|p2a: Medicham\n|-start|p1a: Slowking|move: Future Sight\n|\n|-heal|p2a: Medicham|15\/100|[from] item: Leftovers\n|-heal|p1a: Slowking|100\/100 brn|[from] item: Black Sludge\n|-damage|p1a: Slowking|94\/100 brn|[from] brn\n|upkeep\n|turn|92\n|\n|t:|1700206633\n|move|p2a: Medicham|Drain Punch|p1a: Slowking\n|-resisted|p1a: Slowking\n|-damage|p1a: Slowking|83\/100 brn\n|-heal|p2a: Medicham|22\/100|[from] drain|[of] p1a: Slowking\n|move|p1a: Slowking|Sludge Bomb|p2a: Medicham|[miss]\n|-miss|p1a: Slowking|p2a: Medicham\n|\n|-heal|p2a: Medicham|28\/100|[from] item: Leftovers\n|-heal|p1a: Slowking|89\/100 brn|[from] item: Black Sludge\n|-damage|p1a: Slowking|83\/100 brn|[from] brn\n|upkeep\n|turn|93\n|\n|t:|1700206646\n|move|p2a: Medicham|Acupressure|p2a: Medicham\n|-boost|p2a: Medicham|atk|2\n|move|p1a: Slowking|Sludge Bomb|p2a: Medicham|[miss]|[miss]\n|-miss|p1a: Slowking|p2a: Medicham\n|\n|-end|p2a: Medicham|move: Future Sight\n|-miss|p1a: Slowking|p2a: Medicham\n|-heal|p2a: Medicham|34\/100|[from] item: Leftovers\n|-heal|p1a: Slowking|89\/100 brn|[from] item: Black Sludge\n|-damage|p1a: Slowking|83\/100 brn|[from] brn\n|upkeep\n|turn|94\n|\n|t:|1700206652\n|move|p2a: Medicham|Acupressure|p2a: Medicham\n|-boost|p2a: Medicham|atk|2\n|move|p1a: Slowking|Future Sight|p2a: Medicham\n|-start|p1a: Slowking|move: Future Sight\n|\n|-heal|p2a: Medicham|40\/100|[from] item: Leftovers\n|-heal|p1a: Slowking|89\/100 brn|[from] item: Black Sludge\n|-damage|p1a: Slowking|83\/100 brn|[from] brn\n|upkeep\n|turn|95\n|\n|t:|1700206670\n|move|p2a: Medicham|Acupressure|p2a: Medicham\n|-boost|p2a: Medicham|spd|2\n|move|p1a: Slowking|Sludge Bomb|p2a: Medicham|[miss]\n|-miss|p1a: Slowking|p2a: Medicham\n|\n|-heal|p2a: Medicham|47\/100|[from] item: Leftovers\n|-heal|p1a: Slowking|89\/100 brn|[from] item: Black Sludge\n|-damage|p1a: Slowking|83\/100 brn|[from] brn\n|upkeep\n|turn|96\n|\n|t:|1700206677\n|switch|p1a: Kingambit|Kingambit, M|100\/100\n|-activate|p1a: Kingambit|ability: Supreme Overlord\n|-start|p1a: Kingambit|fallen1|[silent]\n|move|p2a: Medicham|Acupressure|p2a: Medicham\n|-boost|p2a: Medicham|spa|2\n|\n|-end|p2a: Medicham|move: Future Sight\n|-resisted|p2a: Medicham\n|-activate|p2a: Medicham|move: Substitute|[damage]\n|-heal|p2a: Medicham|53\/100|[from] item: Leftovers\n|upkeep\n|turn|97\n|\n|t:|1700206686\n|-end|p1a: Kingambit|fallen1|[silent]\n|switch|p1a: Zapdos|Zapdos|89\/100\n|move|p2a: Medicham|Drain Punch|p1a: Zapdos\n|-resisted|p1a: Zapdos\n|-damage|p1a: Zapdos|32\/100\n|-heal|p2a: Medicham|86\/100|[from] drain|[of] p1a: Zapdos\n|-damage|p2a: Medicham|70\/100|[from] item: Rocky Helmet|[of] p1a: Zapdos\n|-status|p2a: Medicham|par|[from] ability: Static|[of] p1a: Zapdos\n|\n|-heal|p2a: Medicham|76\/100 par|[from] item: Leftovers\n|upkeep\n|turn|98\n|\n|t:|1700206697\n|move|p1a: Zapdos|Heat Wave|p2a: Medicham\n|-end|p2a: Medicham|Substitute\n|move|p2a: Medicham|Acupressure|p2a: Medicham\n|-boost|p2a: Medicham|accuracy|2\n|\n|-heal|p2a: Medicham|82\/100 par|[from] item: Leftovers\n|upkeep\n|turn|99\n|\n|t:|1700206706\n|move|p1a: Zapdos|Heat Wave|p2a: Medicham\n|-damage|p2a: Medicham|69\/100 par\n|move|p2a: Medicham|Substitute|p2a: Medicham\n|-start|p2a: Medicham|Substitute\n|-damage|p2a: Medicham|44\/100 par\n|\n|-heal|p2a: Medicham|50\/100 par|[from] item: Leftovers\n|upkeep\n|turn|100\n|\n|t:|1700206710\n|move|p1a: Zapdos|Heat Wave|p2a: Medicham|[miss]\n|-miss|p1a: Zapdos|p2a: Medicham\n|move|p2a: Medicham|Acupressure|p2a: Medicham\n|-boost|p2a: Medicham|spd|2\n|\n|-heal|p2a: Medicham|57\/100 par|[from] item: Leftovers\n|upkeep\n|turn|101\n|\n|t:|1700206714\n|move|p1a: Zapdos|Roost|p1a: Zapdos\n|-heal|p1a: Zapdos|82\/100\n|-singleturn|p1a: Zapdos|move: Roost\n|move|p2a: Medicham|Acupressure|p2a: Medicham\n|-boost|p2a: Medicham|accuracy|2\n|\n|-heal|p2a: Medicham|63\/100 par|[from] item: Leftovers\n|upkeep\n|turn|102\n|\n|t:|1700206717\n|move|p1a: Zapdos|Heat Wave|p2a: Medicham|[miss]\n|-miss|p1a: Zapdos|p2a: Medicham\n|move|p2a: Medicham|Acupressure|p2a: Medicham\n|-boost|p2a: Medicham|spa|2\n|\n|-heal|p2a: Medicham|69\/100 par|[from] item: Leftovers\n|upkeep\n|turn|103\n|\n|t:|1700206721\n|move|p1a: Zapdos|Heat Wave|p2a: Medicham|[miss]\n|-miss|p1a: Zapdos|p2a: Medicham\n|move|p2a: Medicham|Acupressure|p2a: Medicham\n|-boost|p2a: Medicham|spe|2\n|\n|-heal|p2a: Medicham|75\/100 par|[from] item: Leftovers\n|upkeep\n|turn|104\n|\n|t:|1700206724\n|move|p2a: Medicham|Acupressure|p2a: Medicham\n|-boost|p2a: Medicham|spa|2\n|move|p1a: Zapdos|Heat Wave|p2a: Medicham|[miss]\n|-miss|p1a: Zapdos|p2a: Medicham\n|\n|-heal|p2a: Medicham|81\/100 par|[from] item: Leftovers\n|upkeep\n|turn|105\n|\n|t:|1700206728\n|move|p2a: Medicham|Acupressure|p2a: Medicham\n|-boost|p2a: Medicham|def|2\n|move|p1a: Zapdos|Heat Wave|p2a: Medicham|[miss]\n|-miss|p1a: Zapdos|p2a: Medicham\n|\n|-heal|p2a: Medicham|87\/100 par|[from] item: Leftovers\n|upkeep\n|turn|106\n|\n|t:|1700206736\n|move|p2a: Medicham|Stored Power|p1a: Zapdos\n|-damage|p1a: Zapdos|0 fnt\n|faint|p1a: Zapdos\n|\n|-heal|p2a: Medicham|94\/100 par|[from] item: Leftovers\n|upkeep\n|\n|t:|1700206742\n|switch|p1a: Ting-Lu|Ting-Lu|62\/100\n|-ability|p1a: Ting-Lu|Vessel of Ruin\n|turn|107\n|\n|t:|1700206745\n|move|p2a: Medicham|Drain Punch|p1a: Ting-Lu\n|-supereffective|p1a: Ting-Lu\n|-damage|p1a: Ting-Lu|0 fnt\n|-heal|p2a: Medicham|100\/100 par|[from] drain|[of] p1a: Ting-Lu\n|faint|p1a: Ting-Lu\n|\n|upkeep\n|\n|t:|1700206748\n|switch|p1a: Slowking|Slowking-Galar, M|100\/100 brn\n|turn|108\n|\n|t:|1700206753\n|move|p2a: Medicham|Stored Power|p1a: Slowking\n|-damage|p1a: Slowking|0 fnt\n|faint|p1a: Slowking\n|\n|upkeep\n|\n|t:|1700206756\n|switch|p1a: Sneasler|Sneasler, M|100\/100\n|turn|109\n|\n|t:|1700206762\n|move|p1a: Sneasler|Fake Out|p2a: Medicham|[miss]\n|-miss|p1a: Sneasler|p2a: Medicham\n|move|p2a: Medicham|Stored Power|p1a: Sneasler\n|-supereffective|p1a: Sneasler\n|-damage|p1a: Sneasler|0 fnt\n|faint|p1a: Sneasler\n|\n|upkeep\n|\n|t:|1700206764\n|switch|p1a: Kingambit|Kingambit, M|100\/100\n|-activate|p1a: Kingambit|ability: Supreme Overlord\n|-start|p1a: Kingambit|fallen5|[silent]\n|turn|110\n|\n|t:|1700206767\n|move|p1a: Kingambit|Sucker Punch|p2a: Medicham|[miss]\n|-miss|p1a: Kingambit|p2a: Medicham\n|move|p2a: Medicham|Drain Punch|p1a: Kingambit\n|-supereffective|p1a: Kingambit\n|-damage|p1a: Kingambit|0 fnt\n|faint|p1a: Kingambit\n|-end|p1a: Kingambit|fallen5|[silent]\n|\n|win|FittedCrib04\n|raw|moriicalliopee's rating: 1155 &rarr; <strong>1129<\/strong><br \/>(-26 for losing)\n|raw|FittedCrib04's rating: 1147 &rarr; <strong>1173<\/strong><br \/>(+26 for winning)\n|l|\u2606moriicalliopee\n","uploadtime":1700206787,"views":7,"p1id":"moriicalliopee","p2id":"fittedcrib04","formatid":"gen9ou","rating":1129,"private":0,"password":""}