{"id":"gen9ou-1996448604","p1":"stooshbag2","p2":"imnotgrate","format":"[Gen 9] OU","log":"|j|\u2606stooshbag2\n|j|\u2606imnotgrate\n|t:|1700683013\n|gametype|singles\n|player|p1|stooshbag2|janitor|1288\n|player|p2|imnotgrate|bertha|1277\n|teamsize|p1|6\n|teamsize|p2|6\n|gen|9\n|tier|[Gen 9] OU\n|rated|\n|rule|Sleep Clause Mod: Limit one foe put to sleep\n|rule|Species Clause: Limit one of each Pok\u00e9mon\n|rule|OHKO Clause: OHKO moves are banned\n|rule|Evasion Items Clause: Evasion items are banned\n|rule|Evasion Moves Clause: Evasion moves are banned\n|rule|Endless Battle Clause: Forcing endless battles is banned\n|rule|HP Percentage Mod: HP is shown in percentages\n|clearpoke\n|poke|p1|Garganacl, F|\n|poke|p1|Great Tusk|\n|poke|p1|Gholdengo|\n|poke|p1|Iron Valiant|\n|poke|p1|Dragonite, F|\n|poke|p1|Zapdos|\n|poke|p2|Ceruledge, F|\n|poke|p2|Drifblim, M|\n|poke|p2|Cloyster, M|\n|poke|p2|Volcanion|\n|poke|p2|Alomomola, M|\n|poke|p2|Thundurus-Therian, M|\n|teampreview\n|inactive|Battle timer is ON: inactive players will automatically lose when time's up. (requested by imnotgrate)\n|\n|t:|1700683025\n|start\n|switch|p1a: Great Tusk|Great Tusk|100\/100\n|switch|p2a: Volcanion|Volcanion|100\/100\n|turn|1\n|\n|t:|1700683034\n|-terastallize|p2a: Volcanion|Flying\n|move|p1a: Great Tusk|Headlong Rush|p2a: Volcanion\n|-immune|p2a: Volcanion\n|move|p2a: Volcanion|Steam Eruption|p1a: Great Tusk\n|-supereffective|p1a: Great Tusk\n|-damage|p1a: Great Tusk|0 fnt\n|faint|p1a: Great Tusk\n|-end|p1a: Great Tusk|Protosynthesis|[silent]\n|\n|upkeep\n|\n|t:|1700683044\n|switch|p1a: Zapdos|Zapdos|100\/100\n|turn|2\n|\n|t:|1700683051\n|switch|p2a: Thundurus|Thundurus-Therian, M|100\/100\n|move|p1a: Zapdos|Hurricane|p2a: Thundurus\n|-resisted|p2a: Thundurus\n|-damage|p2a: Thundurus|68\/100\n|\n|upkeep\n|turn|3\n|\n|t:|1700683063\n|move|p2a: Thundurus|Thunderbolt|p1a: Zapdos\n|-damage|p1a: Zapdos|67\/100\n|move|p1a: Zapdos|Heat Wave|p2a: Thundurus\n|-damage|p2a: Thundurus|30\/100\n|\n|upkeep\n|turn|4\n|\n|t:|1700683072\n|switch|p2a: Alomomola|Alomomola, M|100\/100\n|move|p1a: Zapdos|Hurricane|p2a: Alomomola\n|-damage|p2a: Alomomola|54\/100\n|\n|upkeep\n|turn|5\n|\n|t:|1700683079\n|switch|p2a: Thundurus|Thundurus-Therian, M|30\/100\n|move|p1a: Zapdos|Discharge|p2a: Thundurus\n|-heal|p2a: Thundurus|55\/100|[from] ability: Volt Absorb|[of] p1a: Zapdos\n|\n|upkeep\n|turn|6\n|\n|t:|1700683089\n|move|p2a: Thundurus|Thunderbolt|p1a: Zapdos\n|-damage|p1a: Zapdos|30\/100\n|move|p1a: Zapdos|Heat Wave|p2a: Thundurus\n|-damage|p2a: Thundurus|19\/100\n|-status|p2a: Thundurus|brn\n|\n|-damage|p2a: Thundurus|13\/100 brn|[from] brn\n|upkeep\n|turn|7\n|inactive|stooshbag2 has 120 seconds left.\n|\n|t:|1700683122\n|switch|p1a: Garganacl|Garganacl, F|100\/100\n|move|p2a: Thundurus|Thunderbolt|p1a: Garganacl\n|-damage|p1a: Garganacl|55\/100\n|\n|-heal|p1a: Garganacl|61\/100|[from] item: Leftovers\n|-damage|p2a: Thundurus|7\/100 brn|[from] brn\n|upkeep\n|turn|8\n|\n|t:|1700683130\n|move|p2a: Thundurus|Flash Cannon|p1a: Garganacl\n|-supereffective|p1a: Garganacl\n|-damage|p1a: Garganacl|13\/100\n|move|p1a: Garganacl|Recover|p1a: Garganacl\n|-heal|p1a: Garganacl|63\/100\n|\n|-heal|p1a: Garganacl|70\/100|[from] item: Leftovers\n|-damage|p2a: Thundurus|0 fnt|[from] brn\n|faint|p2a: Thundurus\n|upkeep\n|\n|t:|1700683135\n|switch|p2a: Volcanion|Volcanion, tera:Flying|100\/100\n|turn|9\n|inactive|stooshbag2 has 120 seconds left.\n|inactive|stooshbag2 has 90 seconds left.\n|\n|t:|1700683194\n|switch|p1a: Dragonite|Dragonite, F|100\/100\n|move|p2a: Volcanion|Steam Eruption|p1a: Dragonite\n|-resisted|p1a: Dragonite\n|-damage|p1a: Dragonite|84\/100\n|-status|p1a: Dragonite|brn\n|\n|-damage|p1a: Dragonite|78\/100 brn|[from] brn\n|upkeep\n|turn|10\n|inactive|stooshbag2 has 90 seconds left.\n|\n|t:|1700683208\n|switch|p2a: Cloyster|Cloyster, M|100\/100\n|move|p1a: Dragonite|Dragon Dance|p1a: Dragonite\n|-boost|p1a: Dragonite|atk|1\n|-boost|p1a: Dragonite|spe|1\n|\n|-damage|p1a: Dragonite|72\/100 brn|[from] brn\n|upkeep\n|turn|11\n|inactive|stooshbag2 has 90 seconds left.\n|\n|t:|1700683219\n|switch|p1a: Garganacl|Garganacl, F|70\/100\n|move|p2a: Cloyster|Icicle Spear|p1a: Garganacl\n|-damage|p1a: Garganacl|63\/100\n|-damage|p1a: Garganacl|57\/100\n|-damage|p1a: Garganacl|51\/100\n|-damage|p1a: Garganacl|46\/100\n|-damage|p1a: Garganacl|40\/100\n|-hitcount|p1a: Garganacl|5\n|\n|-heal|p1a: Garganacl|47\/100|[from] item: Leftovers\n|upkeep\n|turn|12\n|inactive|stooshbag2 has 90 seconds left.\n|\n|t:|1700683231\n|switch|p2a: Volcanion|Volcanion, tera:Flying|100\/100\n|move|p1a: Garganacl|Salt Cure|p2a: Volcanion\n|-supereffective|p2a: Volcanion\n|-damage|p2a: Volcanion|79\/100\n|-start|p2a: Volcanion|Salt Cure\n|\n|-heal|p1a: Garganacl|53\/100|[from] item: Leftovers\n|-damage|p2a: Volcanion|67\/100|[from] Salt Cure\n|upkeep\n|turn|13\n|inactive|stooshbag2 has 90 seconds left.\n|\n|t:|1700683245\n|switch|p1a: Zapdos|Zapdos|30\/100\n|move|p2a: Volcanion|Steam Eruption|p1a: Zapdos\n|-damage|p1a: Zapdos|0 fnt\n|faint|p1a: Zapdos\n|\n|-damage|p2a: Volcanion|54\/100|[from] Salt Cure\n|upkeep\n|\n|t:|1700683253\n|switch|p1a: Iron Valiant|Iron Valiant|100\/100\n|turn|14\n|\n|t:|1700683257\n|switch|p2a: Alomomola|Alomomola, M|88\/100\n|move|p1a: Iron Valiant|Thunderbolt|p2a: Alomomola\n|-supereffective|p2a: Alomomola\n|-damage|p2a: Alomomola|18\/100\n|\n|upkeep\n|turn|15\n|\n|t:|1700683264\n|switch|p2a: Drifblim|Drifblim, M|100\/100\n|move|p1a: Iron Valiant|Thunderbolt|p2a: Drifblim\n|-supereffective|p2a: Drifblim\n|-damage|p2a: Drifblim|55\/100\n|\n|upkeep\n|turn|16\n|\n|t:|1700683274\n|move|p1a: Iron Valiant|Knock Off|p2a: Drifblim\n|-supereffective|p2a: Drifblim\n|-damage|p2a: Drifblim|0 fnt\n|-damage|p1a: Iron Valiant|76\/100|[from] ability: Aftermath|[of] p2a: Drifblim\n|-enditem|p2a: Drifblim|Heavy-Duty Boots|[from] move: Knock Off|[of] p1a: Iron Valiant\n|faint|p2a: Drifblim\n|\n|upkeep\n|\n|t:|1700683278\n|switch|p2a: Cloyster|Cloyster, M|100\/100\n|turn|17\n|\n|t:|1700683286\n|move|p2a: Cloyster|Icicle Spear|p1a: Iron Valiant\n|-damage|p1a: Iron Valiant|62\/100\n|-damage|p1a: Iron Valiant|48\/100\n|-damage|p1a: Iron Valiant|34\/100\n|-damage|p1a: Iron Valiant|20\/100\n|-damage|p1a: Iron Valiant|5\/100\n|-hitcount|p1a: Iron Valiant|5\n|move|p1a: Iron Valiant|Thunderbolt|p2a: Cloyster\n|-supereffective|p2a: Cloyster\n|-damage|p2a: Cloyster|0 fnt\n|faint|p2a: Cloyster\n|\n|upkeep\n|\n|t:|1700683292\n|switch|p2a: Ceruledge|Ceruledge, F|100\/100\n|turn|18\n|inactive|stooshbag2 has 120 seconds left.\n|\n|t:|1700683301\n|-end|p1a: Iron Valiant|Quark Drive|[silent]\n|switch|p1a: Dragonite|Dragonite, F|72\/100 brn\n|move|p2a: Ceruledge|Shadow Sneak|p1a: Dragonite\n|-damage|p1a: Dragonite|50\/100 brn\n|\n|-damage|p1a: Dragonite|44\/100 brn|[from] brn\n|upkeep\n|turn|19\n|\n|t:|1700683310\n|move|p2a: Ceruledge|Swords Dance|p2a: Ceruledge\n|-boost|p2a: Ceruledge|atk|2\n|move|p1a: Dragonite|Dragon Dance|p1a: Dragonite\n|-boost|p1a: Dragonite|atk|1\n|-boost|p1a: Dragonite|spe|1\n|\n|-damage|p1a: Dragonite|37\/100 brn|[from] brn\n|upkeep\n|turn|20\n|\n|t:|1700683318\n|move|p1a: Dragonite|Earthquake|p2a: Ceruledge\n|-supereffective|p2a: Ceruledge\n|-damage|p2a: Ceruledge|22\/100\n|-ability|p2a: Ceruledge|Weak Armor|boost\n|-unboost|p2a: Ceruledge|def|1\n|-boost|p2a: Ceruledge|spe|2\n|move|p2a: Ceruledge|Swords Dance|p2a: Ceruledge\n|-boost|p2a: Ceruledge|atk|2\n|\n|-damage|p1a: Dragonite|31\/100 brn|[from] brn\n|upkeep\n|turn|21\n|\n|t:|1700683330\n|-terastallize|p1a: Dragonite|Normal\n|move|p2a: Ceruledge|Shadow Sneak|p1a: Dragonite\n|-immune|p1a: Dragonite\n|move|p1a: Dragonite|Earthquake|p2a: Ceruledge\n|-supereffective|p2a: Ceruledge\n|-damage|p2a: Ceruledge|0 fnt\n|faint|p2a: Ceruledge\n|\n|-damage|p1a: Dragonite|25\/100 brn|[from] brn\n|upkeep\n|\n|t:|1700683334\n|switch|p2a: Alomomola|Alomomola, M|51\/100\n|turn|22\n|\n|t:|1700683341\n|move|p1a: Dragonite|Dragon Dance|p1a: Dragonite\n|-boost|p1a: Dragonite|atk|1\n|-boost|p1a: Dragonite|spe|1\n|move|p2a: Alomomola|Wish|p2a: Alomomola\n|\n|-damage|p1a: Dragonite|19\/100 brn|[from] brn\n|upkeep\n|turn|23\n|\n|t:|1700683357\n|move|p2a: Alomomola|Protect|p2a: Alomomola\n|-singleturn|p2a: Alomomola|Protect\n|move|p1a: Dragonite|Extreme Speed|p2a: Alomomola\n|-activate|p2a: Alomomola|move: Protect\n|\n|-heal|p2a: Alomomola|100\/100|[from] move: Wish|[wisher] Alomomola\n|-damage|p1a: Dragonite|13\/100 brn|[from] brn\n|upkeep\n|turn|24\n|\n|t:|1700683366\n|switch|p1a: Garganacl|Garganacl, F|53\/100\n|move|p2a: Alomomola|Wish|p2a: Alomomola\n|\n|-heal|p1a: Garganacl|59\/100|[from] item: Leftovers\n|upkeep\n|turn|25\n|\n|t:|1700683371\n|move|p2a: Alomomola|Flip Turn|p1a: Garganacl\n|-supereffective|p1a: Garganacl\n|-damage|p1a: Garganacl|40\/100\n|\n|t:|1700683374\n|switch|p2a: Volcanion|Volcanion, tera:Flying|54\/100|[from] Flip Turn\n|move|p1a: Garganacl|Salt Cure|p2a: Volcanion\n|-supereffective|p2a: Volcanion\n|-damage|p2a: Volcanion|32\/100\n|-start|p2a: Volcanion|Salt Cure\n|\n|-heal|p2a: Volcanion|100\/100|[from] move: Wish|[wisher] Alomomola\n|-heal|p1a: Garganacl|46\/100|[from] item: Leftovers\n|-damage|p2a: Volcanion|88\/100|[from] Salt Cure\n|upkeep\n|turn|26\n|\n|t:|1700683397\n|move|p2a: Volcanion|Earth Power|p1a: Garganacl\n|-supereffective|p1a: Garganacl\n|-damage|p1a: Garganacl|0 fnt\n|faint|p1a: Garganacl\n|\n|-damage|p2a: Volcanion|76\/100|[from] Salt Cure\n|upkeep\n|\n|t:|1700683407\n|switch|p1a: Iron Valiant|Iron Valiant|5\/100\n|turn|27\n|\n|t:|1700683412\n|switch|p2a: Alomomola|Alomomola, M|100\/100\n|move|p1a: Iron Valiant|Thunderbolt|p2a: Alomomola\n|-supereffective|p2a: Alomomola\n|-damage|p2a: Alomomola|33\/100\n|\n|upkeep\n|turn|28\n|\n|t:|1700683421\n|move|p2a: Alomomola|Protect|p2a: Alomomola\n|-singleturn|p2a: Alomomola|Protect\n|move|p1a: Iron Valiant|Thunderbolt|p2a: Alomomola\n|-activate|p2a: Alomomola|move: Protect\n|\n|upkeep\n|turn|29\n|\n|t:|1700683448\n|move|p1a: Iron Valiant|Thunderbolt|p2a: Alomomola\n|-supereffective|p2a: Alomomola\n|-damage|p2a: Alomomola|0 fnt\n|faint|p2a: Alomomola\n|\n|upkeep\n|\n|t:|1700683449\n|switch|p2a: Volcanion|Volcanion, tera:Flying|76\/100\n|turn|30\n|\n|t:|1700683455\n|move|p1a: Iron Valiant|Thunderbolt|p2a: Volcanion\n|-supereffective|p2a: Volcanion\n|-damage|p2a: Volcanion|35\/100\n|move|p2a: Volcanion|Flamethrower|p1a: Iron Valiant\n|-damage|p1a: Iron Valiant|0 fnt\n|faint|p1a: Iron Valiant\n|-end|p1a: Iron Valiant|Quark Drive|[silent]\n|\n|upkeep\n|\n|t:|1700683463\n|switch|p1a: Gholdengo|Gholdengo|100\/100\n|-item|p1a: Gholdengo|Air Balloon\n|turn|31\n|\n|t:|1700683470\n|move|p1a: Gholdengo|Shadow Ball|p2a: Volcanion\n|-damage|p2a: Volcanion|9\/100\n|move|p2a: Volcanion|Flamethrower|p1a: Gholdengo\n|-supereffective|p1a: Gholdengo\n|-damage|p1a: Gholdengo|0 fnt\n|-enditem|p1a: Gholdengo|Air Balloon\n|faint|p1a: Gholdengo\n|\n|upkeep\n|\n|t:|1700683480\n|switch|p1a: Dragonite|Dragonite, F, tera:Normal|13\/100 brn\n|turn|32\n|\n|t:|1700683486\n|move|p1a: Dragonite|Extreme Speed|p2a: Volcanion\n|-damage|p2a: Volcanion|0 fnt\n|faint|p2a: Volcanion\n|\n|win|stooshbag2\n|raw|stooshbag2's rating: 1288 &rarr; <strong>1312<\/strong><br \/>(+24 for winning)\n|raw|imnotgrate's rating: 1277 &rarr; <strong>1253<\/strong><br \/>(-24 for losing)\n|l|\u2606imnotgrate\n|c|\u2606stooshbag2|gg\n","uploadtime":1700683504,"views":11,"p1id":"stooshbag2","p2id":"imnotgrate","formatid":"gen9ou","rating":1253,"private":0,"password":""}