{"id":"gen9ou-1993195303","p1":"cb dozo ftw","p2":"pikaballsginglenut","format":"[Gen 9] OU","log":"|j|\u2606cb dozo ftw\n|j|\u2606pikaballsginglenut\n|t:|1700276524\n|gametype|singles\n|player|p1|cb dozo ftw|adaman|1114\n|player|p2|pikaballsginglenut|brock|1008\n|teamsize|p1|6\n|teamsize|p2|6\n|gen|9\n|tier|[Gen 9] OU\n|rated|\n|rule|Sleep Clause Mod: Limit one foe put to sleep\n|rule|Species Clause: Limit one of each Pok\u00e9mon\n|rule|OHKO Clause: OHKO moves are banned\n|rule|Evasion Items Clause: Evasion items are banned\n|rule|Evasion Moves Clause: Evasion moves are banned\n|rule|Endless Battle Clause: Forcing endless battles is banned\n|rule|HP Percentage Mod: HP is shown in percentages\n|clearpoke\n|poke|p1|Dondozo, F|\n|poke|p1|Weezing-Galar, F|\n|poke|p1|Heatran, M|\n|poke|p1|Rillaboom, F|\n|poke|p1|Gholdengo|\n|poke|p1|Kingambit, F|\n|poke|p2|Dusclops, M|\n|poke|p2|Vaporeon, M|\n|poke|p2|Landorus-Therian, M|\n|poke|p2|Iron Hands|\n|poke|p2|Hatterene, F|\n|poke|p2|Arcanine-Hisui, F|\n|teampreview\n|inactive|Battle timer is ON: inactive players will automatically lose when time's up. (requested by cb dozo ftw)\n|\n|t:|1700276552\n|start\n|switch|p1a: Weezing|Weezing-Galar, F|100\/100\n|switch|p2a: Landorus|Landorus-Therian, M|100\/100\n|-ability|p2a: Landorus|Intimidate|boost\n|-unboost|p1a: Weezing|atk|1\n|-fieldstart|move: Misty Terrain|[from] ability: Misty Surge|[of] p1a: Weezing\n|turn|1\n|\n|t:|1700276565\n|move|p2a: Landorus|Swords Dance|p2a: Landorus\n|-boost|p2a: Landorus|atk|2\n|move|p1a: Weezing|Toxic Spikes|p2a: Landorus\n|-sidestart|p2: pikaballsginglenut|move: Toxic Spikes\n|\n|upkeep\n|turn|2\n|\n|t:|1700276574\n|move|p2a: Landorus|Stealth Rock|p1a: Weezing\n|-sidestart|p1: cb dozo ftw|move: Stealth Rock\n|move|p1a: Weezing|Will-O-Wisp|p2a: Landorus|[miss]\n|-miss|p1a: Weezing|p2a: Landorus\n|\n|upkeep\n|turn|3\n|\n|t:|1700276586\n|move|p2a: Landorus|Earthquake|p1a: Weezing\n|-supereffective|p1a: Weezing\n|-damage|p1a: Weezing|0 fnt\n|faint|p1a: Weezing\n|\n|upkeep\n|\n|t:|1700276594\n|switch|p1a: Rillaboom|Rillaboom, F|100\/100\n|-damage|p1a: Rillaboom|88\/100|[from] Stealth Rock\n|-fieldstart|move: Grassy Terrain|[from] ability: Grassy Surge|[of] p1a: Rillaboom\n|turn|4\n|\n|t:|1700276604\n|move|p1a: Rillaboom|Wood Hammer|p2a: Landorus\n|-damage|p2a: Landorus|0 fnt\n|faint|p2a: Landorus\n|-damage|p1a: Rillaboom|55\/100|[from] Recoil\n|\n|-heal|p1a: Rillaboom|61\/100|[from] Grassy Terrain\n|upkeep\n|\n|t:|1700276614\n|switch|p2a: Dusclops|Dusclops, M|100\/100\n|-status|p2a: Dusclops|psn\n|-item|p1a: Rillaboom|Choice Band|[from] ability: Frisk|[of] p2a: Dusclops|[identify]\n|turn|5\n|inactive|cb dozo ftw has 120 seconds left.\n|\n|t:|1700276655\n|switch|p1a: Heatran|Heatran, M|100\/100\n|-damage|p1a: Heatran|88\/100|[from] Stealth Rock\n|-item|p1a: Heatran|Air Balloon\n|move|p2a: Dusclops|Trick Room|p2a: Dusclops\n|-fieldstart|move: Trick Room|[of] p2a: Dusclops\n|\n|-damage|p2a: Dusclops|88\/100 psn|[from] psn\n|upkeep\n|turn|6\n|inactive|cb dozo ftw has 120 seconds left.\n|\n|t:|1700276663\n|move|p2a: Dusclops|Gravity|p2a: Dusclops\n|-fieldstart|move: Gravity\n|move|p1a: Heatran|Stealth Rock|p2a: Dusclops\n|-sidestart|p2: pikaballsginglenut|move: Stealth Rock\n|\n|-heal|p2a: Dusclops|94\/100 psn|[from] Grassy Terrain\n|-heal|p1a: Heatran|94\/100|[from] Grassy Terrain\n|-damage|p2a: Dusclops|82\/100 psn|[from] psn\n|upkeep\n|turn|7\n|\n|t:|1700276673\n|move|p2a: Dusclops|Shadow Sneak|p1a: Heatran\n|-crit|p1a: Heatran\n|-damage|p1a: Heatran|81\/100\n|-enditem|p1a: Heatran|Air Balloon\n|move|p1a: Heatran|Magma Storm|p2a: Dusclops\n|-damage|p2a: Dusclops|52\/100 psn\n|-activate|p2a: Dusclops|move: Magma Storm|[of] p1a: Heatran\n|\n|-heal|p2a: Dusclops|58\/100 psn|[from] Grassy Terrain\n|-heal|p1a: Heatran|87\/100|[from] Grassy Terrain\n|-damage|p2a: Dusclops|46\/100 psn|[from] psn\n|-damage|p2a: Dusclops|33\/100 psn|[from] move: Magma Storm|[partiallytrapped]\n|upkeep\n|turn|8\n|\n|t:|1700276688\n|move|p2a: Dusclops|Shadow Sneak|p1a: Heatran\n|-damage|p1a: Heatran|78\/100\n|move|p1a: Heatran|Earth Power|p2a: Dusclops\n|-damage|p2a: Dusclops|17\/100 psn\n|\n|-heal|p2a: Dusclops|23\/100 psn|[from] Grassy Terrain\n|-heal|p1a: Heatran|84\/100|[from] Grassy Terrain\n|-damage|p2a: Dusclops|10\/100 psn|[from] psn\n|-damage|p2a: Dusclops|0 fnt|[from] move: Magma Storm|[partiallytrapped]\n|faint|p2a: Dusclops\n|-fieldend|move: Grassy Terrain\n|upkeep\n|\n|t:|1700276702\n|switch|p2a: Vaporeon|Vaporeon, M|100\/100\n|-status|p2a: Vaporeon|psn\n|-damage|p2a: Vaporeon|88\/100 psn|[from] Stealth Rock\n|turn|9\n|\n|t:|1700276709\n|switch|p1a: Rillaboom|Rillaboom, F|61\/100\n|-damage|p1a: Rillaboom|49\/100|[from] Stealth Rock\n|-fieldstart|move: Grassy Terrain|[from] ability: Grassy Surge|[of] p1a: Rillaboom\n|move|p2a: Vaporeon|Calm Mind|p2a: Vaporeon\n|-boost|p2a: Vaporeon|spa|1\n|-boost|p2a: Vaporeon|spd|1\n|\n|-heal|p2a: Vaporeon|94\/100 psn|[from] Grassy Terrain\n|-heal|p2a: Vaporeon|100\/100 psn|[from] item: Leftovers\n|-heal|p1a: Rillaboom|55\/100|[from] Grassy Terrain\n|-damage|p2a: Vaporeon|88\/100 psn|[from] psn\n|-fieldend|move: Trick Room\n|upkeep\n|turn|10\n|\n|t:|1700276729\n|-terastallize|p1a: Rillaboom|Grass\n|move|p1a: Rillaboom|Grassy Glide|p2a: Vaporeon\n|-supereffective|p2a: Vaporeon\n|-damage|p2a: Vaporeon|0 fnt\n|faint|p2a: Vaporeon\n|\n|-heal|p1a: Rillaboom|61\/100|[from] Grassy Terrain\n|-fieldend|move: Gravity\n|upkeep\n|\n|t:|1700276738\n|switch|p2a: Arcanine|Arcanine-Hisui, F, shiny|100\/100\n|-status|p2a: Arcanine|psn\n|-damage|p2a: Arcanine|75\/100 psn|[from] Stealth Rock\n|-ability|p2a: Arcanine|Intimidate|boost\n|-unboost|p1a: Rillaboom|atk|1\n|turn|11\n|\n|t:|1700276753\n|switch|p1a: Heatran|Heatran, M|84\/100\n|-damage|p1a: Heatran|71\/100|[from] Stealth Rock\n|-terastallize|p2a: Arcanine|Normal\n|move|p2a: Arcanine|Extreme Speed|p1a: Heatran\n|-resisted|p1a: Heatran\n|-damage|p1a: Heatran|51\/100\n|-damage|p2a: Arcanine|66\/100 psn|[from] item: Life Orb\n|\n|-heal|p2a: Arcanine|72\/100 psn|[from] Grassy Terrain\n|-heal|p1a: Heatran|57\/100|[from] Grassy Terrain\n|-damage|p2a: Arcanine|59\/100 psn|[from] psn\n|upkeep\n|turn|12\n|\n|t:|1700276767\n|move|p2a: Arcanine|Rock Slide|p1a: Heatran\n|-damage|p1a: Heatran|18\/100\n|-damage|p2a: Arcanine|49\/100 psn|[from] item: Life Orb\n|move|p1a: Heatran|Magma Storm|p2a: Arcanine\n|-damage|p2a: Arcanine|0 fnt\n|faint|p2a: Arcanine\n|\n|-heal|p1a: Heatran|24\/100|[from] Grassy Terrain\n|upkeep\n|\n|t:|1700276778\n|switch|p2a: Hatterene|Hatterene, F|100\/100\n|turn|13\n|\n|t:|1700276787\n|move|p1a: Heatran|Magma Storm|p2a: Hatterene\n|-damage|p2a: Hatterene|57\/100\n|-activate|p2a: Hatterene|move: Magma Storm|[of] p1a: Heatran\n|move|p2a: Hatterene|Trick Room|p2a: Hatterene\n|-fieldstart|move: Trick Room|[of] p2a: Hatterene\n|\n|-heal|p2a: Hatterene|63\/100|[from] Grassy Terrain\n|-heal|p1a: Heatran|31\/100|[from] Grassy Terrain\n|-damage|p2a: Hatterene|51\/100|[from] move: Magma Storm|[partiallytrapped]\n|-fieldend|move: Grassy Terrain\n|upkeep\n|turn|14\n|inactive|cb dozo ftw has 120 seconds left.\n|\n|t:|1700276820\n|move|p2a: Hatterene|Calm Mind|p2a: Hatterene\n|-boost|p2a: Hatterene|spa|1\n|-boost|p2a: Hatterene|spd|1\n|move|p1a: Heatran|Magma Storm|p2a: Hatterene\n|-damage|p2a: Hatterene|23\/100\n|\n|-damage|p2a: Hatterene|10\/100|[from] move: Magma Storm|[partiallytrapped]\n|upkeep\n|turn|15\n|\n|t:|1700276828\n|move|p2a: Hatterene|Draining Kiss|p1a: Heatran\n|-resisted|p1a: Heatran\n|-damage|p1a: Heatran|24\/100\n|-heal|p2a: Hatterene|17\/100|[from] drain|[of] p1a: Heatran\n|move|p1a: Heatran|Earth Power|p2a: Hatterene\n|-damage|p2a: Hatterene|0 fnt\n|faint|p2a: Hatterene\n|\n|upkeep\n|\n|t:|1700276836\n|switch|p2a: Iron Hands|Iron Hands|100\/100\n|-status|p2a: Iron Hands|psn\n|-damage|p2a: Iron Hands|94\/100 psn|[from] Stealth Rock\n|turn|16\n|c|\u2606cb dozo ftw|gg\n|\n|t:|1700276843\n|move|p2a: Iron Hands|Fake Out|p1a: Heatran\n|-resisted|p1a: Heatran\n|-damage|p1a: Heatran|18\/100\n|cant|p1a: Heatran|flinch\n|\n|-damage|p2a: Iron Hands|82\/100 psn|[from] psn\n|upkeep\n|turn|17\n|\n|t:|1700276850\n|move|p2a: Iron Hands|Drain Punch|p1a: Heatran\n|-supereffective|p1a: Heatran\n|-damage|p1a: Heatran|0 fnt\n|-heal|p2a: Iron Hands|89\/100 psn|[from] drain|[of] p1a: Heatran\n|faint|p1a: Heatran\n|\n|-damage|p2a: Iron Hands|77\/100 psn|[from] psn\n|-fieldend|move: Trick Room\n|upkeep\n|\n|t:|1700276853\n|switch|p1a: Rillaboom|Rillaboom, F, tera:Grass|61\/100\n|-damage|p1a: Rillaboom|49\/100|[from] Stealth Rock\n|-fieldstart|move: Grassy Terrain|[from] ability: Grassy Surge|[of] p1a: Rillaboom\n|turn|18\n|\n|t:|1700276869\n|move|p1a: Rillaboom|Wood Hammer|p2a: Iron Hands\n|-damage|p2a: Iron Hands|0 fnt\n|faint|p2a: Iron Hands\n|-end|p2a: Iron Hands|Quark Drive|[silent]\n|-damage|p1a: Rillaboom|16\/100|[from] Recoil\n|\n|win|cb dozo ftw\n|raw|cb dozo ftw's rating: 1114 &rarr; <strong>1132<\/strong><br \/>(+18 for winning)\n|raw|pikaballsginglenut's rating: 1008 &rarr; <strong>1000<\/strong><br \/>(-8 for losing)\n|l|\u2606pikaballsginglenut\n","uploadtime":1700276882,"views":13,"p1id":"cbdozoftw","p2id":"pikaballsginglenut","formatid":"gen9ou","rating":1000,"private":0,"password":""}