{"id":"gen9ou-1991654443","p1":"SS_Wobblewok","p2":"ctran97","format":"[Gen 9] OU","log":"|j|\u2606SS_Wobblewok\n|j|\u2606ctran97\n|t:|1700098934\n|gametype|singles\n|player|p1|SS_Wobblewok|parasollady|1181\n|player|p2|ctran97|1|1162\n|teamsize|p1|6\n|teamsize|p2|6\n|gen|9\n|tier|[Gen 9] OU\n|rated|\n|rule|Sleep Clause Mod: Limit one foe put to sleep\n|rule|Species Clause: Limit one of each Pok\u00e9mon\n|rule|OHKO Clause: OHKO moves are banned\n|rule|Evasion Items Clause: Evasion items are banned\n|rule|Evasion Moves Clause: Evasion moves are banned\n|rule|Endless Battle Clause: Forcing endless battles is banned\n|rule|HP Percentage Mod: HP is shown in percentages\n|clearpoke\n|poke|p1|Iron Moth|\n|poke|p1|Rillaboom, F|\n|poke|p1|Zamazenta-*|\n|poke|p1|Manaphy|\n|poke|p1|Heatran, M|\n|poke|p1|Great Tusk|\n|poke|p2|Rillaboom, M|\n|poke|p2|Dragapult, F|\n|poke|p2|Kingambit, M|\n|poke|p2|Ribombee, F|\n|poke|p2|Great Tusk|\n|poke|p2|Iron Moth|\n|teampreview\n|inactive|Battle timer is ON: inactive players will automatically lose when time's up. (requested by SS_Wobblewok)\n|\n|t:|1700098940\n|start\n|switch|p1a: Heatran|Heatran, M|100\/100\n|switch|p2a: Ribombee|Ribombee, F|100\/100\n|-item|p1a: Heatran|Air Balloon\n|turn|1\n|\n|t:|1700098944\n|move|p2a: Ribombee|Sticky Web|p1a: Heatran\n|-sidestart|p1: SS_Wobblewok|move: Sticky Web\n|move|p1a: Heatran|Magma Storm|p2a: Ribombee|[miss]\n|-miss|p1a: Heatran|p2a: Ribombee\n|\n|upkeep\n|turn|2\n|\n|t:|1700098948\n|move|p2a: Ribombee|Stun Spore|p1a: Heatran\n|-status|p1a: Heatran|par\n|move|p1a: Heatran|Magma Storm|p2a: Ribombee\n|-supereffective|p2a: Ribombee\n|-enditem|p2a: Ribombee|Focus Sash\n|-damage|p2a: Ribombee|1\/100\n|-activate|p2a: Ribombee|move: Magma Storm|[of] p1a: Heatran\n|\n|-damage|p2a: Ribombee|0 fnt|[from] move: Magma Storm|[partiallytrapped]\n|faint|p2a: Ribombee\n|upkeep\n|\n|t:|1700098953\n|switch|p2a: Dragapult|Dragapult, F|100\/100\n|turn|3\n|\n|t:|1700098960\n|move|p2a: Dragapult|Light Screen|p2a: Dragapult\n|-sidestart|p2: ctran97|move: Light Screen\n|move|p1a: Heatran|Stealth Rock|p2a: Dragapult\n|-sidestart|p2: ctran97|move: Stealth Rock\n|\n|upkeep\n|turn|4\n|\n|t:|1700098965\n|switch|p1a: Great Tusk|Great Tusk|100\/100\n|-activate|p1a: Great Tusk|move: Sticky Web\n|-unboost|p1a: Great Tusk|spe|1\n|move|p2a: Dragapult|U-turn|p1a: Great Tusk\n|-resisted|p1a: Great Tusk\n|-damage|p1a: Great Tusk|93\/100\n|\n|t:|1700098983\n|switch|p2a: Rillaboom|Rillaboom, M|100\/100|[from] U-turn\n|-damage|p2a: Rillaboom|88\/100|[from] Stealth Rock\n|-fieldstart|move: Grassy Terrain|[from] ability: Grassy Surge|[of] p2a: Rillaboom\n|\n|-heal|p2a: Rillaboom|94\/100|[from] Grassy Terrain\n|-heal|p1a: Great Tusk|99\/100|[from] Grassy Terrain\n|-heal|p1a: Great Tusk|100\/100|[from] item: Leftovers\n|upkeep\n|turn|5\n|\n|t:|1700099001\n|-end|p1a: Great Tusk|Protosynthesis|[silent]\n|switch|p1a: Heatran|Heatran, M|100\/100 par\n|-item|p1a: Heatran|Air Balloon\n|move|p2a: Rillaboom|Grassy Glide|p1a: Heatran\n|-resisted|p1a: Heatran\n|-damage|p1a: Heatran|90\/100 par\n|-enditem|p1a: Heatran|Air Balloon\n|-damage|p2a: Rillaboom|84\/100|[from] item: Life Orb\n|\n|-heal|p2a: Rillaboom|91\/100|[from] Grassy Terrain\n|-heal|p1a: Heatran|97\/100 par|[from] Grassy Terrain\n|upkeep\n|turn|6\n|\n|t:|1700099007\n|move|p2a: Rillaboom|Drain Punch|p1a: Heatran\n|-supereffective|p1a: Heatran\n|-damage|p1a: Heatran|36\/100 par\n|-heal|p2a: Rillaboom|100\/100|[from] drain|[of] p1a: Heatran\n|-damage|p2a: Rillaboom|91\/100|[from] item: Life Orb\n|move|p1a: Heatran|Magma Storm|p2a: Rillaboom|[miss]\n|-miss|p1a: Heatran|p2a: Rillaboom\n|\n|-heal|p2a: Rillaboom|97\/100|[from] Grassy Terrain\n|-heal|p1a: Heatran|42\/100 par|[from] Grassy Terrain\n|upkeep\n|turn|7\n|c|\u2606SS_Wobblewok|dude thats awesome!\n|\n|t:|1700099027\n|move|p2a: Rillaboom|Drain Punch|p1a: Heatran\n|-supereffective|p1a: Heatran\n|-crit|p1a: Heatran\n|-damage|p1a: Heatran|0 fnt\n|-heal|p2a: Rillaboom|100\/100|[from] drain|[of] p1a: Heatran\n|faint|p1a: Heatran\n|-damage|p2a: Rillaboom|91\/100|[from] item: Life Orb\n|\n|-heal|p2a: Rillaboom|97\/100|[from] Grassy Terrain\n|upkeep\n|c|\u2606SS_Wobblewok|dude thats awesome!\n|inactive|SS_Wobblewok has 120 seconds left.\n|\n|t:|1700099045\n|switch|p1a: Zamazenta|Zamazenta|100\/100\n|-activate|p1a: Zamazenta|move: Sticky Web\n|-unboost|p1a: Zamazenta|spe|1\n|-ability|p1a: Zamazenta|Dauntless Shield|boost\n|-boost|p1a: Zamazenta|def|1\n|turn|8\n|\n|t:|1700099057\n|move|p2a: Rillaboom|Knock Off|p1a: Zamazenta\n|-resisted|p1a: Zamazenta\n|-damage|p1a: Zamazenta|88\/100\n|-enditem|p1a: Zamazenta|Leftovers|[from] move: Knock Off|[of] p2a: Rillaboom\n|-damage|p2a: Rillaboom|87\/100|[from] item: Life Orb\n|move|p1a: Zamazenta|Iron Defense|p1a: Zamazenta\n|-boost|p1a: Zamazenta|def|2\n|\n|-heal|p2a: Rillaboom|93\/100|[from] Grassy Terrain\n|-heal|p1a: Zamazenta|94\/100|[from] Grassy Terrain\n|-fieldend|move: Grassy Terrain\n|upkeep\n|turn|9\n|\n|t:|1700099066\n|switch|p2a: Dragapult|Dragapult, F|100\/100\n|-damage|p2a: Dragapult|88\/100|[from] Stealth Rock\n|move|p1a: Zamazenta|Iron Defense|p1a: Zamazenta\n|-boost|p1a: Zamazenta|def|2\n|\n|upkeep\n|turn|10\n|\n|t:|1700099070\n|move|p2a: Dragapult|Thunder Wave|p1a: Zamazenta|[miss]\n|-miss|p2a: Dragapult|p1a: Zamazenta\n|move|p1a: Zamazenta|Play Rough|p2a: Dragapult\n|-supereffective|p2a: Dragapult\n|-damage|p2a: Dragapult|22\/100\n|\n|-sideend|p2: ctran97|move: Light Screen\n|upkeep\n|turn|11\n|\n|t:|1700099076\n|move|p2a: Dragapult|Thunder Wave|p1a: Zamazenta\n|-status|p1a: Zamazenta|par\n|move|p1a: Zamazenta|Play Rough|p2a: Dragapult\n|-supereffective|p2a: Dragapult\n|-damage|p2a: Dragapult|0 fnt\n|faint|p2a: Dragapult\n|\n|upkeep\n|\n|t:|1700099082\n|switch|p2a: Iron Moth|Iron Moth|100\/100\n|-damage|p2a: Iron Moth|76\/100|[from] Stealth Rock\n|-enditem|p2a: Iron Moth|Booster Energy\n|-activate|p2a: Iron Moth|ability: Quark Drive|[fromitem]\n|-start|p2a: Iron Moth|quarkdrivespa\n|turn|12\n|\n|t:|1700099092\n|move|p2a: Iron Moth|Substitute|p2a: Iron Moth\n|-start|p2a: Iron Moth|Substitute\n|-damage|p2a: Iron Moth|51\/100\n|move|p1a: Zamazenta|Crunch|p2a: Iron Moth\n|-end|p2a: Iron Moth|Substitute\n|\n|upkeep\n|turn|13\n|\n|t:|1700099098\n|move|p2a: Iron Moth|Substitute|p2a: Iron Moth\n|-start|p2a: Iron Moth|Substitute\n|-damage|p2a: Iron Moth|26\/100\n|move|p1a: Zamazenta|Crunch|p2a: Iron Moth\n|-end|p2a: Iron Moth|Substitute\n|\n|upkeep\n|turn|14\n|\n|t:|1700099103\n|move|p2a: Iron Moth|Substitute|p2a: Iron Moth\n|-start|p2a: Iron Moth|Substitute\n|-damage|p2a: Iron Moth|1\/100\n|move|p1a: Zamazenta|Crunch|p2a: Iron Moth\n|-end|p2a: Iron Moth|Substitute\n|\n|upkeep\n|turn|15\n|\n|t:|1700099107\n|move|p2a: Iron Moth|Fiery Dance|p1a: Zamazenta\n|-damage|p1a: Zamazenta|38\/100 par\n|cant|p1a: Zamazenta|par\n|\n|upkeep\n|turn|16\n|\n|t:|1700099111\n|move|p2a: Iron Moth|Fiery Dance|p1a: Zamazenta\n|-damage|p1a: Zamazenta|0 fnt\n|-boost|p2a: Iron Moth|spa|1\n|faint|p1a: Zamazenta\n|\n|upkeep\n|\n|t:|1700099117\n|switch|p1a: Great Tusk|Great Tusk|100\/100\n|-activate|p1a: Great Tusk|move: Sticky Web\n|-unboost|p1a: Great Tusk|spe|1\n|turn|17\n|\n|t:|1700099124\n|move|p2a: Iron Moth|Fiery Dance|p1a: Great Tusk\n|-damage|p1a: Great Tusk|0 fnt\n|-boost|p2a: Iron Moth|spa|1\n|faint|p1a: Great Tusk\n|-end|p1a: Great Tusk|Protosynthesis|[silent]\n|\n|upkeep\n|\n|t:|1700099131\n|switch|p1a: Rillaboom|Rillaboom, F|100\/100\n|-activate|p1a: Rillaboom|move: Sticky Web\n|-unboost|p1a: Rillaboom|spe|1\n|-fieldstart|move: Grassy Terrain|[from] ability: Grassy Surge|[of] p1a: Rillaboom\n|turn|18\n|\n|t:|1700099136\n|move|p1a: Rillaboom|Grassy Glide|p2a: Iron Moth\n|-resisted|p2a: Iron Moth\n|-damage|p2a: Iron Moth|0 fnt\n|faint|p2a: Iron Moth\n|-end|p2a: Iron Moth|Quark Drive|[silent]\n|\n|upkeep\n|\n|t:|1700099146\n|switch|p2a: Great Tusk|Great Tusk|100\/100\n|-damage|p2a: Great Tusk|98\/100|[from] Stealth Rock\n|-enditem|p2a: Great Tusk|Booster Energy\n|-activate|p2a: Great Tusk|ability: Protosynthesis|[fromitem]\n|-start|p2a: Great Tusk|protosynthesisatk\n|turn|19\n|\n|t:|1700099150\n|-terastallize|p2a: Great Tusk|Ice\n|move|p1a: Rillaboom|Grassy Glide|p2a: Great Tusk\n|-damage|p2a: Great Tusk|57\/100\n|move|p2a: Great Tusk|Bulk Up|p2a: Great Tusk\n|-boost|p2a: Great Tusk|atk|1\n|-boost|p2a: Great Tusk|def|1\n|\n|-heal|p2a: Great Tusk|63\/100|[from] Grassy Terrain\n|upkeep\n|turn|20\n|\n|t:|1700099170\n|move|p1a: Rillaboom|Grassy Glide|p2a: Great Tusk\n|-damage|p2a: Great Tusk|35\/100\n|move|p2a: Great Tusk|Ice Spinner|p1a: Rillaboom\n|-supereffective|p1a: Rillaboom\n|-crit|p1a: Rillaboom\n|-damage|p1a: Rillaboom|0 fnt\n|-fieldend|move: Grassy Terrain\n|faint|p1a: Rillaboom\n|\n|upkeep\n|\n|t:|1700099174\n|switch|p1a: Iron Moth|Iron Moth|100\/100\n|-item|p1a: Iron Moth|Air Balloon\n|turn|21\n|\n|t:|1700099179\n|move|p1a: Iron Moth|Fire Blast|p2a: Great Tusk\n|-supereffective|p2a: Great Tusk\n|-damage|p2a: Great Tusk|0 fnt\n|faint|p2a: Great Tusk\n|-end|p2a: Great Tusk|Protosynthesis|[silent]\n|\n|upkeep\n|\n|t:|1700099188\n|switch|p2a: Kingambit|Kingambit, M|100\/100\n|-damage|p2a: Kingambit|94\/100|[from] Stealth Rock\n|-activate|p2a: Kingambit|ability: Supreme Overlord\n|-start|p2a: Kingambit|fallen4|[silent]\n|-item|p2a: Kingambit|Air Balloon\n|turn|22\n|\n|t:|1700099191\n|-terastallize|p1a: Iron Moth|Fairy\n|move|p2a: Kingambit|Sucker Punch|p1a: Iron Moth\n|-resisted|p1a: Iron Moth\n|-damage|p1a: Iron Moth|55\/100\n|-enditem|p1a: Iron Moth|Air Balloon\n|move|p1a: Iron Moth|Fire Blast|p2a: Kingambit\n|-supereffective|p2a: Kingambit\n|-damage|p2a: Kingambit|0 fnt\n|-enditem|p2a: Kingambit|Air Balloon\n|faint|p2a: Kingambit\n|-end|p2a: Kingambit|fallen4|[silent]\n|\n|upkeep\n|\n|t:|1700099195\n|switch|p2a: Rillaboom|Rillaboom, M|93\/100\n|-damage|p2a: Rillaboom|81\/100|[from] Stealth Rock\n|-fieldstart|move: Grassy Terrain|[from] ability: Grassy Surge|[of] p2a: Rillaboom\n|turn|23\n|\n|t:|1700099199\n|move|p2a: Rillaboom|Grassy Glide|p1a: Iron Moth\n|-damage|p1a: Iron Moth|0 fnt\n|faint|p1a: Iron Moth\n|-end|p1a: Iron Moth|Quark Drive|[silent]\n|-damage|p2a: Rillaboom|71\/100|[from] item: Life Orb\n|\n|-heal|p2a: Rillaboom|77\/100|[from] Grassy Terrain\n|upkeep\n|\n|t:|1700099203\n|switch|p1a: Manaphy|Manaphy|100\/100\n|-activate|p1a: Manaphy|move: Sticky Web\n|-unboost|p1a: Manaphy|spe|1\n|turn|24\n|\n|t:|1700099208\n|move|p2a: Rillaboom|Grassy Glide|p1a: Manaphy\n|-supereffective|p1a: Manaphy\n|-crit|p1a: Manaphy\n|-damage|p1a: Manaphy|0 fnt\n|faint|p1a: Manaphy\n|-damage|p2a: Rillaboom|67\/100|[from] item: Life Orb\n|\n|win|ctran97\n|raw|SS_Wobblewok's rating: 1181 &rarr; <strong>1155<\/strong><br \/>(-26 for losing)\n|raw|ctran97's rating: 1162 &rarr; <strong>1188<\/strong><br \/>(+26 for winning)\n|c|\u2606SS_Wobblewok|gg\n","uploadtime":1700099216,"views":14,"p1id":"sswobblewok","p2id":"ctran97","formatid":"gen9ou","rating":1155,"private":0,"password":""}