{"id":"gen9ou-1990683407","p1":"skyuchi","p2":"luc ario power","format":"[Gen 9] OU","log":"|j|\u2606skyuchi\n|j|\u2606luc ario power\n|t:|1699991480\n|gametype|singles\n|player|p1|skyuchi|marnie|1405\n|player|p2|luc ario power|palmer|1474\n|teamsize|p1|6\n|teamsize|p2|6\n|gen|9\n|tier|[Gen 9] OU\n|rated|\n|rule|Sleep Clause Mod: Limit one foe put to sleep\n|rule|Species Clause: Limit one of each Pok\u00e9mon\n|rule|OHKO Clause: OHKO moves are banned\n|rule|Evasion Items Clause: Evasion items are banned\n|rule|Evasion Moves Clause: Evasion moves are banned\n|rule|Endless Battle Clause: Forcing endless battles is banned\n|rule|HP Percentage Mod: HP is shown in percentages\n|clearpoke\n|poke|p1|Gholdengo|\n|poke|p1|Iron Valiant|\n|poke|p1|Clefable, F|\n|poke|p1|Clodsire, F|\n|poke|p1|Skeledirge, F|\n|poke|p1|Corviknight, F|\n|poke|p2|Kingambit, M|\n|poke|p2|Glimmora, M|\n|poke|p2|Zamazenta-*|\n|poke|p2|Iron Valiant|\n|poke|p2|Iron Moth|\n|poke|p2|Ogerpon-Wellspring, F|\n|teampreview\n|\n|t:|1699991494\n|start\n|switch|p1a: Corviknight|Corviknight, F, shiny|100\/100\n|switch|p2a: Iron Valiant|Iron Valiant|100\/100\n|-ability|p1a: Corviknight|Pressure\n|-enditem|p2a: Iron Valiant|Booster Energy\n|-activate|p2a: Iron Valiant|ability: Quark Drive|[fromitem]\n|-start|p2a: Iron Valiant|quarkdrivespe\n|turn|1\n|\n|t:|1699991511\n|move|p2a: Iron Valiant|Hypnosis|p1a: Corviknight\n|-status|p1a: Corviknight|slp|[from] move: Hypnosis\n|cant|p1a: Corviknight|slp\n|\n|upkeep\n|turn|2\n|\n|t:|1699991534\n|-end|p2a: Iron Valiant|Quark Drive|[silent]\n|switch|p2a: Ogerpon|Ogerpon-Wellspring, F|100\/100\n|switch|p1a: Gholdengo|Gholdengo|100\/100\n|\n|upkeep\n|turn|3\n|\n|t:|1699991542\n|switch|p2a: Kingambit|Kingambit, M|100\/100\n|move|p1a: Gholdengo|Shadow Ball|p2a: Kingambit\n|-resisted|p2a: Kingambit\n|-damage|p2a: Kingambit|75\/100\n|\n|upkeep\n|turn|4\n|\n|t:|1699991550\n|switch|p1a: Corviknight|Corviknight, F, shiny|100\/100 slp\n|-ability|p1a: Corviknight|Pressure\n|move|p2a: Kingambit|Kowtow Cleave|p1a: Corviknight\n|-damage|p1a: Corviknight|64\/100 slp\n|\n|-heal|p1a: Corviknight|70\/100 slp|[from] item: Leftovers\n|upkeep\n|turn|5\n|\n|t:|1699991564\n|move|p2a: Kingambit|Swords Dance|p2a: Kingambit\n|-boost|p2a: Kingambit|atk|2\n|-curestatus|p1a: Corviknight|slp|[msg]\n|move|p1a: Corviknight|Roost|p1a: Corviknight\n|-heal|p1a: Corviknight|100\/100\n|-singleturn|p1a: Corviknight|move: Roost\n|\n|upkeep\n|turn|6\n|\n|t:|1699991585\n|move|p2a: Kingambit|Kowtow Cleave|p1a: Corviknight\n|-damage|p1a: Corviknight|33\/100\n|move|p1a: Corviknight|Body Press|p2a: Kingambit\n|-supereffective|p2a: Kingambit\n|-damage|p2a: Kingambit|0 fnt\n|faint|p2a: Kingambit\n|-end|p2a: Kingambit|fallenundefined|[silent]\n|\n|-heal|p1a: Corviknight|39\/100|[from] item: Leftovers\n|upkeep\n|\n|t:|1699991590\n|switch|p2a: Iron Moth|Iron Moth|100\/100\n|-enditem|p2a: Iron Moth|Booster Energy\n|-activate|p2a: Iron Moth|ability: Quark Drive|[fromitem]\n|-start|p2a: Iron Moth|quarkdrivespe\n|turn|7\n|\n|t:|1699991599\n|switch|p1a: Clodsire|Clodsire, F|100\/100\n|move|p2a: Iron Moth|Substitute|p2a: Iron Moth\n|-start|p2a: Iron Moth|Substitute\n|-damage|p2a: Iron Moth|76\/100\n|\n|upkeep\n|turn|8\n|\n|t:|1699991603\n|move|p2a: Iron Moth|Fiery Dance|p1a: Clodsire\n|-damage|p1a: Clodsire|77\/100\n|-boost|p2a: Iron Moth|spa|1\n|move|p1a: Clodsire|Earthquake|p2a: Iron Moth\n|-supereffective|p2a: Iron Moth\n|-end|p2a: Iron Moth|Substitute\n|\n|upkeep\n|turn|9\n|\n|t:|1699991615\n|-end|p2a: Iron Moth|Quark Drive|[silent]\n|switch|p2a: Ogerpon|Ogerpon-Wellspring, F|100\/100\n|move|p1a: Clodsire|Spikes|p2a: Ogerpon\n|-sidestart|p2: luc ario power|Spikes\n|\n|upkeep\n|turn|10\n|\n|t:|1699991626\n|move|p2a: Ogerpon|Ivy Cudgel|p1a: Clodsire|[anim] Ivy Cudgel Water\n|-heal|p1a: Clodsire|100\/100|[from] ability: Water Absorb|[of] p2a: Ogerpon\n|move|p1a: Clodsire|Toxic|p2a: Ogerpon\n|-status|p2a: Ogerpon|tox\n|\n|-damage|p2a: Ogerpon|95\/100 tox|[from] psn\n|upkeep\n|turn|11\n|l|\u2606luc ario power\n|player|p2|\n|inactive|Battle timer is ON: inactive players will automatically lose when time's up. (requested by skyuchi)\n|inactive|luc ario power has 30 seconds to reconnect!\n|inactive|luc ario power has 20 seconds to reconnect!\n|inactive|luc ario power has 15 seconds to reconnect!\n|inactive|luc ario power has 10 seconds to reconnect!\n|inactive|luc ario power has 5 seconds to reconnect!\n|-message|luc ario power lost due to inactivity.\n|\n|win|skyuchi\n|raw|skyuchi's rating: 1405 &rarr; <strong>1429<\/strong><br \/>(+24 for winning)\n|raw|luc ario power's rating: 1474 &rarr; <strong>1450<\/strong><br \/>(-24 for losing)\n|player|p1|skyuchi|marnie\n","uploadtime":1699992313,"views":11,"p1id":"skyuchi","p2id":"lucariopower","formatid":"gen9ou","rating":1429,"private":0,"password":""}