{"id":"gen9ou-1992499272","p1":"hyfen","p2":"Scampton","format":"[Gen 9] OU","log":"|j|\u2606hyfen\n|j|\u2606Scampton\n|t:|1700195464\n|gametype|singles\n|player|p1|hyfen|2|1200\n|player|p2|Scampton|clown|1262\n|teamsize|p1|6\n|teamsize|p2|6\n|gen|9\n|tier|[Gen 9] OU\n|rated|\n|rule|Sleep Clause Mod: Limit one foe put to sleep\n|rule|Species Clause: Limit one of each Pok\u00e9mon\n|rule|OHKO Clause: OHKO moves are banned\n|rule|Evasion Items Clause: Evasion items are banned\n|rule|Evasion Moves Clause: Evasion moves are banned\n|rule|Endless Battle Clause: Forcing endless battles is banned\n|rule|HP Percentage Mod: HP is shown in percentages\n|clearpoke\n|poke|p1|Dragapult, F|\n|poke|p1|Great Tusk|\n|poke|p1|Kingambit, F|\n|poke|p1|Rotom-Wash|\n|poke|p1|Magnezone|\n|poke|p1|Iron Valiant|\n|poke|p2|Ribombee, M|\n|poke|p2|Gholdengo|\n|poke|p2|Tyranitar, M|\n|poke|p2|Great Tusk|\n|poke|p2|Rillaboom, M|\n|poke|p2|Sneasler, F|\n|teampreview\n|inactive|Battle timer is ON: inactive players will automatically lose when time's up. (requested by hyfen)\n|\n|t:|1700195474\n|start\n|switch|p1a: Rotom|Rotom-Wash|100\/100\n|switch|p2a: Ribombee|Ribombee, M|100\/100\n|turn|1\n|\n|t:|1700195479\n|move|p2a: Ribombee|Sticky Web|p1a: Rotom\n|-sidestart|p1: hyfen|move: Sticky Web\n|move|p1a: Rotom|Hydro Pump|p2a: Ribombee\n|-damage|p2a: Ribombee|27\/100\n|\n|upkeep\n|turn|2\n|\n|t:|1700195484\n|move|p2a: Ribombee|Moonblast|p1a: Rotom\n|-damage|p1a: Rotom|64\/100\n|move|p1a: Rotom|Volt Switch|p2a: Ribombee\n|-damage|p2a: Ribombee|0 fnt\n|faint|p2a: Ribombee\n|\n|t:|1700195499\n|switch|p1a: Great Tusk|Great Tusk|100\/100|[from] Volt Switch\n|-activate|p1a: Great Tusk|move: Sticky Web\n|-unboost|p1a: Great Tusk|spe|1\n|\n|upkeep\n|\n|t:|1700195508\n|switch|p2a: Rillaboom|Rillaboom, M|100\/100\n|-fieldstart|move: Grassy Terrain|[from] ability: Grassy Surge|[of] p2a: Rillaboom\n|turn|3\n|\n|t:|1700195515\n|switch|p2a: Gholdengo|Gholdengo|100\/100\n|-item|p2a: Gholdengo|Air Balloon\n|move|p1a: Great Tusk|Rapid Spin|p2a: Gholdengo\n|-immune|p2a: Gholdengo\n|\n|upkeep\n|turn|4\n|\n|t:|1700195522\n|move|p2a: Gholdengo|Nasty Plot|p2a: Gholdengo\n|-boost|p2a: Gholdengo|spa|2\n|move|p1a: Great Tusk|Knock Off|p2a: Gholdengo\n|-supereffective|p2a: Gholdengo\n|-damage|p2a: Gholdengo|35\/100\n|-enditem|p2a: Gholdengo|Air Balloon\n|\n|-heal|p2a: Gholdengo|41\/100|[from] Grassy Terrain\n|upkeep\n|turn|5\n|\n|t:|1700195533\n|-end|p1a: Great Tusk|Protosynthesis|[silent]\n|switch|p1a: Magnezone|Magnezone|100\/100\n|-activate|p1a: Magnezone|move: Sticky Web\n|-unboost|p1a: Magnezone|spe|1\n|move|p2a: Gholdengo|Make It Rain|p1a: Magnezone\n|-resisted|p1a: Magnezone\n|-damage|p1a: Magnezone|56\/100\n|-unboost|p2a: Gholdengo|spa|1\n|\n|-heal|p2a: Gholdengo|47\/100|[from] Grassy Terrain\n|-heal|p1a: Magnezone|62\/100|[from] Grassy Terrain\n|upkeep\n|turn|6\n|\n|t:|1700195542\n|move|p2a: Gholdengo|Shadow Ball|p1a: Magnezone\n|-damage|p1a: Magnezone|0 fnt\n|faint|p1a: Magnezone\n|\n|-heal|p2a: Gholdengo|53\/100|[from] Grassy Terrain\n|upkeep\n|\n|t:|1700195551\n|switch|p1a: Dragapult|Dragapult, F|100\/100\n|-activate|p1a: Dragapult|move: Sticky Web\n|-unboost|p1a: Dragapult|spe|1\n|turn|7\n|\n|t:|1700195556\n|move|p2a: Gholdengo|Shadow Ball|p1a: Dragapult\n|-supereffective|p1a: Dragapult\n|-damage|p1a: Dragapult|0 fnt\n|faint|p1a: Dragapult\n|\n|-heal|p2a: Gholdengo|59\/100|[from] Grassy Terrain\n|upkeep\n|\n|t:|1700195566\n|switch|p1a: Iron Valiant|Iron Valiant|100\/100\n|-activate|p1a: Iron Valiant|move: Sticky Web\n|-unboost|p1a: Iron Valiant|spe|1\n|turn|8\n|\n|t:|1700195568\n|move|p2a: Gholdengo|Make It Rain|p1a: Iron Valiant\n|-supereffective|p1a: Iron Valiant\n|-damage|p1a: Iron Valiant|0 fnt\n|-unboost|p2a: Gholdengo|spa|1\n|faint|p1a: Iron Valiant\n|-end|p1a: Iron Valiant|Quark Drive|[silent]\n|\n|-heal|p2a: Gholdengo|65\/100|[from] Grassy Terrain\n|upkeep\n|l|\u2606hyfen\n|inactive|hyfen disconnected and has a minute to reconnect!\n|player|p1|\n|inactive|hyfen has 30 seconds to reconnect!\n|inactive|hyfen has 20 seconds to reconnect!\n|inactive|hyfen has 15 seconds to reconnect!\n|inactive|hyfen has 10 seconds to reconnect!\n|inactive|hyfen has 5 seconds to reconnect!\n|-message|hyfen lost due to inactivity.\n|\n|win|Scampton\n|raw|hyfen's rating: 1200 &rarr; <strong>1179<\/strong><br \/>(-21 for losing)\n|raw|Scampton's rating: 1262 &rarr; <strong>1283<\/strong><br \/>(+21 for winning)\n","uploadtime":1700195814,"views":25,"p1id":"hyfen","p2id":"scampton","formatid":"gen9ou","rating":1179,"private":0,"password":""}