{"id":"gen9ou-1988260720","p1":"AikonZ_Test","p2":"piplup4evr","format":"[Gen 9] OU","log":"|j|\u2606AikonZ_Test\n|j|\u2606piplup4evr\n|t:|1699696713\n|gametype|singles\n|player|p1|AikonZ_Test|veteran|1903\n|player|p2|piplup4evr|misty|1810\n|teamsize|p1|6\n|teamsize|p2|6\n|gen|9\n|tier|[Gen 9] OU\n|rated|\n|rule|Sleep Clause Mod: Limit one foe put to sleep\n|rule|Species Clause: Limit one of each Pok\u00e9mon\n|rule|OHKO Clause: OHKO moves are banned\n|rule|Evasion Items Clause: Evasion items are banned\n|rule|Evasion Moves Clause: Evasion moves are banned\n|rule|Endless Battle Clause: Forcing endless battles is banned\n|rule|HP Percentage Mod: HP is shown in percentages\n|clearpoke\n|poke|p1|Slowking-Galar, F|\n|poke|p1|Clefable, M|\n|poke|p1|Zamazenta-*|\n|poke|p1|Cinderace, F|\n|poke|p1|Greninja-*, M|\n|poke|p1|Gliscor, M|\n|poke|p2|Empoleon, M|\n|poke|p2|Gliscor, F|\n|poke|p2|Dragonite, F|\n|poke|p2|Dragapult, M|\n|poke|p2|Weezing-Galar, M|\n|poke|p2|Zamazenta-*|\n|teampreview\n|c|\u2606AikonZ_Test|gl\u00f9\n|inactive|Battle timer is ON: inactive players will automatically lose when time's up. (requested by piplup4evr)\n|c|\u2606piplup4evr|sup\n|c|\u2606AikonZ_Test|*gl\n|c|\u2606piplup4evr|u2\n|\n|t:|1699696741\n|start\n|switch|p1a: Greninja|Greninja, M|100\/100\n|switch|p2a: Gliscor|Gliscor, F|100\/100\n|turn|1\n|\n|t:|1699696744\n|move|p2a: Gliscor|Protect|p2a: Gliscor\n|-singleturn|p2a: Gliscor|Protect\n|move|p1a: Greninja|Ice Beam|p2a: Gliscor\n|-start|p1a: Greninja|typechange|Ice|[from] ability: Protean\n|-activate|p2a: Gliscor|move: Protect\n|\n|-status|p2a: Gliscor|tox|[from] item: Toxic Orb\n|upkeep\n|turn|2\n|\n|t:|1699696752\n|switch|p1a: Zamazenta|Zamazenta|100\/100\n|-ability|p1a: Zamazenta|Dauntless Shield|boost\n|-boost|p1a: Zamazenta|def|1\n|switch|p2a: Empoleon|Empoleon, M|100\/100\n|\n|upkeep\n|turn|3\n|\n|t:|1699696767\n|switch|p1a: Slowking|Slowking-Galar, F|100\/100\n|switch|p2a: Weezing|Weezing-Galar, M|100\/100\n|-ability|p2a: Weezing|Neutralizing Gas\n|\n|upkeep\n|turn|4\n|\n|t:|1699696772\n|move|p2a: Weezing|Will-O-Wisp|p1a: Slowking\n|-status|p1a: Slowking|brn\n|move|p1a: Slowking|Future Sight|p2a: Weezing\n|-start|p1a: Slowking|move: Future Sight\n|\n|-damage|p1a: Slowking|94\/100 brn|[from] brn\n|upkeep\n|turn|5\n|\n|t:|1699696777\n|-end|p2a: Weezing|ability: Neutralizing Gas\n|switch|p2a: Empoleon|Empoleon, M|100\/100\n|move|p1a: Slowking|Sludge Bomb|p2a: Empoleon\n|-immune|p2a: Empoleon\n|\n|-damage|p1a: Slowking|88\/100 brn|[from] brn\n|upkeep\n|turn|6\n|inactive|AikonZ_Test has 120 seconds left.\n|\n|t:|1699696809\n|switch|p1a: Greninja|Greninja, M|100\/100\n|move|p2a: Empoleon|Stealth Rock|p1a: Greninja\n|-sidestart|p1: AikonZ_Test|move: Stealth Rock\n|\n|-end|p2a: Empoleon|move: Future Sight\n|-resisted|p2a: Empoleon\n|-damage|p2a: Empoleon|83\/100\n|-heal|p2a: Empoleon|89\/100|[from] item: Leftovers\n|upkeep\n|turn|7\n|\n|t:|1699696818\n|switch|p2a: Weezing|Weezing-Galar, M|100\/100\n|-ability|p2a: Weezing|Neutralizing Gas\n|move|p1a: Greninja|Switcheroo|p2a: Weezing\n|-activate|p1a: Greninja|move: Trick|[of] p2a: Weezing\n|-item|p2a: Weezing|Choice Scarf|[from] move: Switcheroo\n|-item|p1a: Greninja|Leftovers|[from] move: Switcheroo\n|\n|upkeep\n|turn|8\n|\n|t:|1699696835\n|move|p1a: Greninja|Ice Beam|p2a: Weezing\n|-damage|p2a: Weezing|69\/100\n|move|p2a: Weezing|Strange Steam|p1a: Greninja\n|-supereffective|p1a: Greninja\n|-damage|p1a: Greninja|16\/100\n|\n|-heal|p1a: Greninja|22\/100|[from] item: Leftovers\n|upkeep\n|turn|9\n|\n|t:|1699696846\n|switch|p1a: Cinderace|Cinderace, F|100\/100\n|move|p2a: Weezing|Strange Steam|p1a: Cinderace\n|-resisted|p1a: Cinderace\n|-damage|p1a: Cinderace|82\/100\n|\n|upkeep\n|turn|10\n|\n|t:|1699696856\n|-end|p2a: Weezing|ability: Neutralizing Gas\n|switch|p2a: Dragapult|Dragapult, M|100\/100\n|move|p1a: Cinderace|Court Change|p1a: Cinderace\n|-start|p1a: Cinderace|typechange|Normal|[from] ability: Libero\n|-swapsideconditions\n|-activate|p1a: Cinderace|move: Court Change\n|\n|upkeep\n|turn|11\n|\n|t:|1699696860\n|switch|p1a: Clefable|Clefable, M|100\/100\n|move|p2a: Dragapult|Draco Meteor|p1a: Clefable\n|-immune|p1a: Clefable\n|\n|upkeep\n|turn|12\n|\n|t:|1699696870\n|switch|p2a: Empoleon|Empoleon, M|89\/100\n|-damage|p2a: Empoleon|83\/100|[from] Stealth Rock\n|move|p1a: Clefable|Moonblast|p2a: Empoleon\n|-resisted|p2a: Empoleon\n|-damage|p2a: Empoleon|73\/100\n|\n|-heal|p2a: Empoleon|79\/100|[from] item: Leftovers\n|upkeep\n|turn|13\n|\n|t:|1699696880\n|move|p2a: Empoleon|Stealth Rock|p1a: Clefable\n|-sidestart|p1: AikonZ_Test|move: Stealth Rock\n|move|p1a: Clefable|Knock Off|p2a: Empoleon\n|-damage|p2a: Empoleon|65\/100\n|-enditem|p2a: Empoleon|Leftovers|[from] move: Knock Off|[of] p1a: Clefable\n|\n|upkeep\n|turn|14\n|\n|t:|1699696889\n|move|p1a: Clefable|Protect|p1a: Clefable\n|-singleturn|p1a: Clefable|Protect\n|move|p2a: Empoleon|Roost|p2a: Empoleon\n|-heal|p2a: Empoleon|100\/100\n|-singleturn|p2a: Empoleon|move: Roost\n|\n|upkeep\n|turn|15\n|\n|t:|1699696893\n|move|p2a: Empoleon|Surf|p1a: Clefable\n|-damage|p1a: Clefable|70\/100\n|move|p1a: Clefable|Wish|p1a: Clefable\n|\n|-heal|p1a: Clefable|76\/100|[from] item: Leftovers\n|upkeep\n|turn|16\n|\n|t:|1699696901\n|switch|p1a: Zamazenta|Zamazenta|100\/100\n|-damage|p1a: Zamazenta|94\/100|[from] Stealth Rock\n|move|p2a: Empoleon|Surf|p1a: Zamazenta\n|-damage|p1a: Zamazenta|69\/100\n|\n|-heal|p1a: Zamazenta|100\/100|[from] move: Wish|[wisher] Clefable\n|upkeep\n|turn|17\n|\n|t:|1699696911\n|switch|p2a: Weezing|Weezing-Galar, M|69\/100\n|-ability|p2a: Weezing|Neutralizing Gas\n|-damage|p2a: Weezing|57\/100|[from] Stealth Rock\n|move|p1a: Zamazenta|Substitute|p1a: Zamazenta\n|-start|p1a: Zamazenta|Substitute\n|-damage|p1a: Zamazenta|75\/100\n|\n|-heal|p1a: Zamazenta|82\/100|[from] item: Leftovers\n|upkeep\n|turn|18\n|\n|t:|1699696925\n|move|p1a: Zamazenta|Body Press|p2a: Weezing\n|-resisted|p2a: Weezing\n|-damage|p2a: Weezing|52\/100\n|move|p2a: Weezing|Strange Steam|p1a: Zamazenta\n|-supereffective|p1a: Zamazenta\n|-end|p1a: Zamazenta|Substitute\n|\n|-heal|p1a: Zamazenta|88\/100|[from] item: Leftovers\n|upkeep\n|turn|19\n|\n|t:|1699696933\n|switch|p1a: Slowking|Slowking-Galar, F|100\/100 brn\n|-damage|p1a: Slowking|88\/100 brn|[from] Stealth Rock\n|-end|p2a: Weezing|ability: Neutralizing Gas\n|switch|p2a: Dragapult|Dragapult, M|100\/100\n|-damage|p2a: Dragapult|88\/100|[from] Stealth Rock\n|\n|-damage|p1a: Slowking|82\/100 brn|[from] brn\n|upkeep\n|turn|20\n|\n|t:|1699696953\n|move|p2a: Dragapult|Hex|p1a: Slowking\n|-supereffective|p1a: Slowking\n|-damage|p1a: Slowking|0 fnt\n|faint|p1a: Slowking\n|\n|upkeep\n|\n|t:|1699696969\n|switch|p1a: Cinderace|Cinderace, F|82\/100\n|turn|21\n|\n|t:|1699696982\n|switch|p2a: Gliscor|Gliscor, F|100\/100 tox\n|-damage|p2a: Gliscor|88\/100 tox|[from] Stealth Rock\n|move|p1a: Cinderace|U-turn|p2a: Gliscor\n|-start|p1a: Cinderace|typechange|Bug|[from] ability: Libero\n|-resisted|p2a: Gliscor\n|-damage|p2a: Gliscor|76\/100 tox\n|\n|t:|1699696988\n|switch|p1a: Greninja|Greninja, M|22\/100|[from] U-turn\n|-damage|p1a: Greninja|10\/100|[from] Stealth Rock\n|\n|-heal|p1a: Greninja|16\/100|[from] item: Leftovers\n|-heal|p2a: Gliscor|89\/100 tox|[from] ability: Poison Heal\n|upkeep\n|turn|22\n|\n|t:|1699696999\n|move|p2a: Gliscor|Protect|p2a: Gliscor\n|-singleturn|p2a: Gliscor|Protect\n|move|p1a: Greninja|Ice Beam|p2a: Gliscor\n|-start|p1a: Greninja|typechange|Ice|[from] ability: Protean\n|-activate|p2a: Gliscor|move: Protect\n|\n|-heal|p1a: Greninja|22\/100|[from] item: Leftovers\n|-heal|p2a: Gliscor|100\/100 tox|[from] ability: Poison Heal\n|upkeep\n|turn|23\n|inactive|AikonZ_Test has 120 seconds left.\n|\n|t:|1699697029\n|switch|p1a: Gliscor|Gliscor, M|100\/100\n|-damage|p1a: Gliscor|88\/100|[from] Stealth Rock\n|switch|p2a: Empoleon|Empoleon, M|100\/100\n|-damage|p2a: Empoleon|94\/100|[from] Stealth Rock\n|\n|-status|p1a: Gliscor|tox|[from] item: Toxic Orb\n|upkeep\n|turn|24\n|inactive|AikonZ_Test has 120 seconds left.\n|inactive|AikonZ_Test has 90 seconds left.\n|inactive|piplup4evr has 120 seconds left.\n|inactive|AikonZ_Test has 60 seconds left.\n|\n|t:|1699697096\n|move|p1a: Gliscor|Protect|p1a: Gliscor\n|-singleturn|p1a: Gliscor|Protect\n|move|p2a: Empoleon|Surf|p1a: Gliscor\n|-activate|p1a: Gliscor|move: Protect\n|\n|-heal|p1a: Gliscor|100\/100 tox|[from] ability: Poison Heal\n|upkeep\n|turn|25\n|inactive|AikonZ_Test has 60 seconds left.\n|\n|t:|1699697116\n|switch|p2a: Gliscor|Gliscor, F|100\/100 tox\n|-damage|p2a: Gliscor|88\/100 tox|[from] Stealth Rock\n|-terastallize|p1a: Gliscor|Water\n|move|p1a: Gliscor|Earthquake|p2a: Gliscor\n|-immune|p2a: Gliscor\n|\n|-heal|p2a: Gliscor|100\/100 tox|[from] ability: Poison Heal\n|upkeep\n|turn|26\n|\n|t:|1699697121\n|move|p2a: Gliscor|Knock Off|p1a: Gliscor\n|-damage|p1a: Gliscor|87\/100 tox\n|-enditem|p1a: Gliscor|Toxic Orb|[from] move: Knock Off|[of] p2a: Gliscor\n|move|p1a: Gliscor|Spikes|p2a: Gliscor\n|-sidestart|p2: piplup4evr|Spikes\n|\n|-heal|p1a: Gliscor|99\/100 tox|[from] ability: Poison Heal\n|upkeep\n|turn|27\n|\n|t:|1699697125\n|move|p2a: Gliscor|Knock Off|p1a: Gliscor\n|-damage|p1a: Gliscor|91\/100 tox\n|move|p1a: Gliscor|Spikes|p2a: Gliscor\n|-sidestart|p2: piplup4evr|Spikes\n|\n|-heal|p1a: Gliscor|100\/100 tox|[from] ability: Poison Heal\n|upkeep\n|turn|28\n|\n|t:|1699697128\n|move|p2a: Gliscor|Knock Off|p1a: Gliscor\n|-crit|p1a: Gliscor\n|-damage|p1a: Gliscor|88\/100 tox\n|move|p1a: Gliscor|Spikes|p2a: Gliscor\n|-sidestart|p2: piplup4evr|Spikes\n|\n|-heal|p1a: Gliscor|99\/100 tox|[from] ability: Poison Heal\n|upkeep\n|turn|29\n|inactive|AikonZ_Test has 90 seconds left.\n|\n|t:|1699697150\n|move|p2a: Gliscor|Knock Off|p1a: Gliscor\n|-damage|p1a: Gliscor|91\/100 tox\n|move|p1a: Gliscor|Toxic|p2a: Gliscor\n|-fail|p2a: Gliscor|tox\n|\n|-heal|p1a: Gliscor|100\/100 tox|[from] ability: Poison Heal\n|upkeep\n|turn|30\n|\n|t:|1699697154\n|move|p2a: Gliscor|Knock Off|p1a: Gliscor\n|-damage|p1a: Gliscor|92\/100 tox\n|move|p1a: Gliscor|Earthquake|p2a: Gliscor\n|-immune|p2a: Gliscor\n|\n|-heal|p1a: Gliscor|100\/100 tox|[from] ability: Poison Heal\n|upkeep\n|turn|31\n|inactive|AikonZ_Test has 90 seconds left.\n|\n|t:|1699697161\n|move|p2a: Gliscor|Knock Off|p1a: Gliscor\n|-damage|p1a: Gliscor|91\/100 tox\n|move|p1a: Gliscor|Spikes||[still]\n|-fail|p1a: Gliscor\n|\n|-heal|p1a: Gliscor|100\/100 tox|[from] ability: Poison Heal\n|upkeep\n|turn|32\n|\n|t:|1699697165\n|move|p2a: Gliscor|Knock Off|p1a: Gliscor\n|-damage|p1a: Gliscor|91\/100 tox\n|move|p1a: Gliscor|Spikes||[still]\n|-fail|p1a: Gliscor\n|\n|-heal|p1a: Gliscor|100\/100 tox|[from] ability: Poison Heal\n|upkeep\n|turn|33\n|\n|t:|1699697169\n|move|p2a: Gliscor|Knock Off|p1a: Gliscor\n|-damage|p1a: Gliscor|92\/100 tox\n|move|p1a: Gliscor|Spikes||[still]\n|-fail|p1a: Gliscor\n|\n|-heal|p1a: Gliscor|100\/100 tox|[from] ability: Poison Heal\n|upkeep\n|turn|34\n|\n|t:|1699697178\n|move|p2a: Gliscor|Knock Off|p1a: Gliscor\n|-damage|p1a: Gliscor|92\/100 tox\n|move|p1a: Gliscor|Earthquake|p2a: Gliscor\n|-immune|p2a: Gliscor\n|\n|-heal|p1a: Gliscor|100\/100 tox|[from] ability: Poison Heal\n|upkeep\n|turn|35\n|inactive|AikonZ_Test has 120 seconds left.\n|\n|t:|1699697183\n|move|p2a: Gliscor|Knock Off|p1a: Gliscor\n|-damage|p1a: Gliscor|92\/100 tox\n|move|p1a: Gliscor|Spikes||[still]\n|-fail|p1a: Gliscor\n|\n|-heal|p1a: Gliscor|100\/100 tox|[from] ability: Poison Heal\n|upkeep\n|turn|36\n|\n|t:|1699697186\n|move|p2a: Gliscor|Knock Off|p1a: Gliscor\n|-damage|p1a: Gliscor|92\/100 tox\n|move|p1a: Gliscor|Spikes||[still]\n|-fail|p1a: Gliscor\n|\n|-heal|p1a: Gliscor|100\/100 tox|[from] ability: Poison Heal\n|upkeep\n|turn|37\n|\n|t:|1699697188\n|move|p2a: Gliscor|Knock Off|p1a: Gliscor\n|-damage|p1a: Gliscor|91\/100 tox\n|move|p1a: Gliscor|Spikes||[still]\n|-fail|p1a: Gliscor\n|\n|-heal|p1a: Gliscor|100\/100 tox|[from] ability: Poison Heal\n|upkeep\n|turn|38\n|\n|t:|1699697193\n|move|p2a: Gliscor|Knock Off|p1a: Gliscor\n|-damage|p1a: Gliscor|91\/100 tox\n|move|p1a: Gliscor|Spikes||[still]\n|-fail|p1a: Gliscor\n|\n|-heal|p1a: Gliscor|100\/100 tox|[from] ability: Poison Heal\n|upkeep\n|turn|39\n|\n|t:|1699697197\n|move|p2a: Gliscor|Knock Off|p1a: Gliscor\n|-damage|p1a: Gliscor|92\/100 tox\n|move|p1a: Gliscor|Spikes||[still]\n|-fail|p1a: Gliscor\n|\n|-heal|p1a: Gliscor|100\/100 tox|[from] ability: Poison Heal\n|upkeep\n|turn|40\n|\n|t:|1699697202\n|move|p2a: Gliscor|Knock Off|p1a: Gliscor\n|-damage|p1a: Gliscor|92\/100 tox\n|move|p1a: Gliscor|Spikes||[still]\n|-fail|p1a: Gliscor\n|\n|-heal|p1a: Gliscor|100\/100 tox|[from] ability: Poison Heal\n|upkeep\n|turn|41\n|\n|t:|1699697206\n|move|p2a: Gliscor|Knock Off|p1a: Gliscor\n|-damage|p1a: Gliscor|92\/100 tox\n|move|p1a: Gliscor|Spikes||[still]\n|-fail|p1a: Gliscor\n|\n|-heal|p1a: Gliscor|100\/100 tox|[from] ability: Poison Heal\n|upkeep\n|turn|42\n|\n|t:|1699697214\n|move|p2a: Gliscor|Knock Off|p1a: Gliscor\n|-damage|p1a: Gliscor|92\/100 tox\n|move|p1a: Gliscor|Spikes||[still]\n|-fail|p1a: Gliscor\n|\n|-heal|p1a: Gliscor|100\/100 tox|[from] ability: Poison Heal\n|upkeep\n|turn|43\n|\n|t:|1699697225\n|move|p2a: Gliscor|Knock Off|p1a: Gliscor\n|-damage|p1a: Gliscor|92\/100 tox\n|move|p1a: Gliscor|Toxic|p2a: Gliscor\n|-fail|p2a: Gliscor|tox\n|\n|-heal|p1a: Gliscor|100\/100 tox|[from] ability: Poison Heal\n|upkeep\n|turn|44\n|\n|t:|1699697229\n|move|p2a: Gliscor|Knock Off|p1a: Gliscor\n|-damage|p1a: Gliscor|92\/100 tox\n|move|p1a: Gliscor|Toxic|p2a: Gliscor\n|-fail|p2a: Gliscor|tox\n|\n|-heal|p1a: Gliscor|100\/100 tox|[from] ability: Poison Heal\n|upkeep\n|turn|45\n|\n|t:|1699697234\n|move|p1a: Gliscor|Protect|p1a: Gliscor\n|-singleturn|p1a: Gliscor|Protect\n|move|p2a: Gliscor|Knock Off|p1a: Gliscor\n|-activate|p1a: Gliscor|move: Protect\n|\n|upkeep\n|turn|46\n|\n|t:|1699697240\n|move|p2a: Gliscor|Knock Off|p1a: Gliscor\n|-damage|p1a: Gliscor|91\/100 tox\n|move|p1a: Gliscor|Spikes||[still]\n|-fail|p1a: Gliscor\n|\n|-heal|p1a: Gliscor|100\/100 tox|[from] ability: Poison Heal\n|upkeep\n|turn|47\n|\n|t:|1699697245\n|switch|p2a: Weezing|Weezing-Galar, M|52\/100\n|-ability|p2a: Weezing|Neutralizing Gas\n|-damage|p2a: Weezing|39\/100|[from] Stealth Rock\n|-damage|p2a: Weezing|15\/100|[from] Spikes\n|move|p1a: Gliscor|Spikes||[still]\n|-fail|p1a: Gliscor\n|\n|-damage|p1a: Gliscor|7\/100 tox|[from] psn\n|upkeep\n|turn|48\n|\n|t:|1699697259\n|switch|p1a: Cinderace|Cinderace, F|82\/100\n|move|p2a: Weezing|Defog|p1a: Cinderace\n|-unboost|p1a: Cinderace|evasion|1\n|-sideend|p1: AikonZ_Test|Stealth Rock|[from] move: Defog|[of] p2a: Weezing\n|-sideend|p2: piplup4evr|Spikes|[from] move: Defog|[of] p2a: Weezing\n|-sideend|p2: piplup4evr|Stealth Rock|[from] move: Defog|[of] p2a: Weezing\n|\n|upkeep\n|turn|49\n|\n|t:|1699697278\n|-end|p2a: Weezing|ability: Neutralizing Gas\n|switch|p2a: Gliscor|Gliscor, F|100\/100 tox\n|move|p1a: Cinderace|Pyro Ball|p2a: Gliscor\n|-damage|p2a: Gliscor|62\/100 tox\n|\n|-heal|p2a: Gliscor|75\/100 tox|[from] ability: Poison Heal\n|upkeep\n|turn|50\n|\n|t:|1699697287\n|switch|p1a: Greninja|Greninja, M|22\/100\n|move|p2a: Gliscor|Earthquake|p1a: Greninja\n|-damage|p1a: Greninja|0 fnt\n|faint|p1a: Greninja\n|\n|-heal|p2a: Gliscor|87\/100 tox|[from] ability: Poison Heal\n|upkeep\n|\n|t:|1699697292\n|switch|p1a: Gliscor|Gliscor, M, tera:Water|7\/100 tox\n|turn|51\n|\n|t:|1699697309\n|switch|p2a: Weezing|Weezing-Galar, M|15\/100\n|-ability|p2a: Weezing|Neutralizing Gas\n|switch|p1a: Cinderace|Cinderace, F|82\/100\n|\n|upkeep\n|turn|52\n|\n|t:|1699697330\n|-end|p2a: Weezing|ability: Neutralizing Gas\n|switch|p2a: Dragapult|Dragapult, M|88\/100\n|move|p1a: Cinderace|U-turn|p2a: Dragapult\n|-resisted|p2a: Dragapult\n|-damage|p2a: Dragapult|74\/100\n|\n|t:|1699697358\n|switch|p1a: Clefable|Clefable, M|76\/100|[from] U-turn\n|\n|-heal|p1a: Clefable|82\/100|[from] item: Leftovers\n|upkeep\n|turn|53\n|j| Kyurem\n|\n|t:|1699697374\n|-terastallize|p2a: Dragapult|Ghost\n|move|p2a: Dragapult|Shadow Ball|p1a: Clefable\n|-damage|p1a: Clefable|17\/100\n|move|p1a: Clefable|Moonblast|p2a: Dragapult\n|-damage|p2a: Dragapult|33\/100\n|-unboost|p2a: Dragapult|spa|1\n|\n|-heal|p1a: Clefable|23\/100|[from] item: Leftovers\n|upkeep\n|turn|54\n|\n|t:|1699697388\n|move|p1a: Clefable|Protect|p1a: Clefable\n|-singleturn|p1a: Clefable|Protect\n|move|p2a: Dragapult|Shadow Ball|p1a: Clefable\n|-activate|p1a: Clefable|move: Protect\n|\n|-heal|p1a: Clefable|29\/100|[from] item: Leftovers\n|upkeep\n|turn|55\n|\n|t:|1699697392\n|switch|p1a: Cinderace|Cinderace, F|82\/100\n|move|p2a: Dragapult|Shadow Ball|p1a: Cinderace\n|-damage|p1a: Cinderace|17\/100\n|\n|upkeep\n|turn|56\n|\n|t:|1699697399\n|switch|p2a: Gliscor|Gliscor, F|87\/100 tox\n|move|p1a: Cinderace|Sucker Punch||[still]\n|-fail|p1a: Cinderace\n|\n|-heal|p2a: Gliscor|99\/100 tox|[from] ability: Poison Heal\n|upkeep\n|turn|57\n|\n|t:|1699697410\n|move|p1a: Cinderace|Pyro Ball|p2a: Gliscor\n|-damage|p2a: Gliscor|59\/100 tox\n|move|p2a: Gliscor|Earthquake|p1a: Cinderace\n|-supereffective|p1a: Cinderace\n|-damage|p1a: Cinderace|0 fnt\n|faint|p1a: Cinderace\n|\n|-heal|p2a: Gliscor|71\/100 tox|[from] ability: Poison Heal\n|upkeep\n|\n|t:|1699697422\n|switch|p1a: Zamazenta|Zamazenta|88\/100\n|turn|58\n|j| dkfnd\n|inactive|piplup4evr has 120 seconds left.\n|inactive|piplup4evr has 90 seconds left.\n|\n|t:|1699697493\n|switch|p2a: Zamazenta|Zamazenta|100\/100\n|-ability|p2a: Zamazenta|Dauntless Shield|boost\n|-boost|p2a: Zamazenta|def|1\n|move|p1a: Zamazenta|Substitute|p1a: Zamazenta\n|-start|p1a: Zamazenta|Substitute\n|-damage|p1a: Zamazenta|63\/100\n|\n|-heal|p1a: Zamazenta|69\/100|[from] item: Leftovers\n|upkeep\n|turn|59\n|\n|t:|1699697497\n|move|p2a: Zamazenta|Close Combat|p1a: Zamazenta\n|-end|p1a: Zamazenta|Substitute\n|-unboost|p2a: Zamazenta|def|1\n|-unboost|p2a: Zamazenta|spd|1\n|move|p1a: Zamazenta|Iron Defense|p1a: Zamazenta\n|-boost|p1a: Zamazenta|def|2\n|\n|-heal|p1a: Zamazenta|75\/100|[from] item: Leftovers\n|upkeep\n|turn|60\n|\n|t:|1699697511\n|move|p2a: Zamazenta|Close Combat|p1a: Zamazenta\n|-damage|p1a: Zamazenta|45\/100\n|-unboost|p2a: Zamazenta|def|1\n|-unboost|p2a: Zamazenta|spd|1\n|move|p1a: Zamazenta|Iron Defense|p1a: Zamazenta\n|-boost|p1a: Zamazenta|def|2\n|\n|-heal|p1a: Zamazenta|51\/100|[from] item: Leftovers\n|upkeep\n|turn|61\n|\n|t:|1699697526\n|move|p2a: Zamazenta|Close Combat|p1a: Zamazenta\n|-damage|p1a: Zamazenta|31\/100\n|-unboost|p2a: Zamazenta|def|1\n|-unboost|p2a: Zamazenta|spd|1\n|move|p1a: Zamazenta|Body Press|p2a: Zamazenta\n|-damage|p2a: Zamazenta|0 fnt\n|faint|p2a: Zamazenta\n|\n|-heal|p1a: Zamazenta|37\/100|[from] item: Leftovers\n|upkeep\n|\n|t:|1699697529\n|switch|p2a: Dragapult|Dragapult, M, tera:Ghost|33\/100\n|turn|62\n|c|\u2606AikonZ_Test|gg\n|c|\u2606piplup4evr|gg\n|c|\u2606piplup4evr|one last ride for the scor\n|\n|t:|1699697557\n|move|p2a: Dragapult|Shadow Ball|p1a: Zamazenta\n|-damage|p1a: Zamazenta|0 fnt\n|faint|p1a: Zamazenta\n|\n|upkeep\n|\n|t:|1699697561\n|switch|p1a: Gliscor|Gliscor, M, tera:Water|7\/100 tox\n|turn|63\n|\n|t:|1699697576\n|move|p1a: Gliscor|Protect|p1a: Gliscor\n|-singleturn|p1a: Gliscor|Protect\n|move|p2a: Dragapult|Shadow Ball|p1a: Gliscor\n|-activate|p1a: Gliscor|move: Protect\n|\n|-heal|p1a: Gliscor|19\/100 tox|[from] ability: Poison Heal\n|upkeep\n|turn|64\n|\n|t:|1699697583\n|move|p2a: Dragapult|Shadow Ball|p1a: Gliscor\n|-damage|p1a: Gliscor|0 fnt\n|faint|p1a: Gliscor\n|\n|upkeep\n|\n|t:|1699697586\n|switch|p1a: Clefable|Clefable, M|29\/100\n|turn|65\n|\n|t:|1699697590\n|move|p2a: Dragapult|Shadow Ball|p1a: Clefable\n|-damage|p1a: Clefable|0 fnt\n|faint|p1a: Clefable\n|\n|win|piplup4evr\n|raw|AikonZ_Test's rating: 1903 &rarr; <strong>1878<\/strong><br \/>(-25 for losing)\n|raw|piplup4evr's rating: 1810 &rarr; <strong>1835<\/strong><br \/>(+25 for winning)\n|l|\u2606AikonZ_Test\n|c|\u2606piplup4evr|gl next game\n|l|\u2606piplup4evr\n","uploadtime":1699697613,"views":20,"p1id":"aikonztest","p2id":"piplup4evr","formatid":"gen9ou","rating":1835,"private":0,"password":""}