{"id":"gen9ou-1988251705","p1":"Skaraptor2.1","p2":"moiaaaa","format":"[Gen 9] OU","log":"|j|\u2606Skaraptor2.1\n|j|\u2606moiaaaa\n|t:|1699694765\n|gametype|singles\n|player|p1|Skaraptor2.1|bodybuilderf-gen9|1387\n|player|p2|moiaaaa|alder|1344\n|teamsize|p1|6\n|teamsize|p2|6\n|gen|9\n|tier|[Gen 9] OU\n|rated|\n|rule|Sleep Clause Mod: Limit one foe put to sleep\n|rule|Species Clause: Limit one of each Pok\u00e9mon\n|rule|OHKO Clause: OHKO moves are banned\n|rule|Evasion Items Clause: Evasion items are banned\n|rule|Evasion Moves Clause: Evasion moves are banned\n|rule|Endless Battle Clause: Forcing endless battles is banned\n|rule|HP Percentage Mod: HP is shown in percentages\n|clearpoke\n|poke|p1|Iron Jugulis|\n|poke|p1|Ogerpon-Wellspring, F|\n|poke|p1|Tinkaton, F|\n|poke|p1|Iron Moth|\n|poke|p1|Great Tusk|\n|poke|p1|Dragapult, F|\n|poke|p2|Glimmora, F|\n|poke|p2|Iron Valiant|\n|poke|p2|Enamorus, F|\n|poke|p2|Iron Moth|\n|poke|p2|Ditto|\n|poke|p2|Kingambit, F|\n|teampreview\n|inactive|Battle timer is ON: inactive players will automatically lose when time's up. (requested by Skaraptor2.1)\n|\n|t:|1699694770\n|start\n|switch|p1a: TWINKATON|Tinkaton, F|100\/100\n|switch|p2a: Glimmora|Glimmora, F|100\/100\n|-item|p1a: TWINKATON|Air Balloon\n|turn|1\n|\n|t:|1699694773\n|move|p1a: TWINKATON|Thunder Wave|p2a: Glimmora\n|-status|p2a: Glimmora|par\n|move|p2a: Glimmora|Stealth Rock|p1a: TWINKATON\n|-sidestart|p1: Skaraptor2.1|move: Stealth Rock\n|\n|upkeep\n|turn|2\n|j| Alpha Lopunny\n|\n|t:|1699694777\n|move|p1a: TWINKATON|Encore|p2a: Glimmora\n|-start|p2a: Glimmora|Encore\n|cant|p2a: Glimmora|par\n|\n|upkeep\n|turn|3\n|\n|t:|1699694780\n|switch|p2a: Iron Moth|Iron Moth|100\/100\n|move|p1a: TWINKATON|Stealth Rock|p2a: Iron Moth\n|-sidestart|p2: moiaaaa|move: Stealth Rock\n|\n|upkeep\n|turn|4\n|l| Alpha Lopunny\n|\n|t:|1699694789\n|-terastallize|p1a: TWINKATON|Water\n|move|p2a: Iron Moth|Flamethrower|p1a: TWINKATON\n|-resisted|p1a: TWINKATON\n|-damage|p1a: TWINKATON|78\/100\n|-enditem|p1a: TWINKATON|Air Balloon\n|move|p1a: TWINKATON|Thunder Wave|p2a: Iron Moth\n|-status|p2a: Iron Moth|par\n|\n|upkeep\n|turn|5\n|\n|t:|1699694797\n|move|p1a: TWINKATON|Encore|p2a: Iron Moth\n|-start|p2a: Iron Moth|Encore\n|move|p2a: Iron Moth|Flamethrower|p1a: TWINKATON\n|-resisted|p1a: TWINKATON\n|-damage|p1a: TWINKATON|56\/100\n|\n|upkeep\n|turn|6\n|\n|t:|1699694805\n|switch|p1a: Be gay do crime|Great Tusk|100\/100\n|-damage|p1a: Be gay do crime|98\/100|[from] Stealth Rock\n|-enditem|p1a: Be gay do crime|Booster Energy\n|-activate|p1a: Be gay do crime|ability: Protosynthesis|[fromitem]\n|-start|p1a: Be gay do crime|protosynthesisspe\n|-end|p2a: Iron Moth|Quark Drive|[silent]\n|switch|p2a: Glimmora|Glimmora, F|100\/100 par\n|-damage|p2a: Glimmora|88\/100 par|[from] Stealth Rock\n|\n|upkeep\n|turn|7\n|\n|t:|1699694810\n|move|p1a: Be gay do crime|Rapid Spin|p2a: Glimmora\n|-resisted|p2a: Glimmora\n|-damage|p2a: Glimmora|80\/100 par\n|-boost|p1a: Be gay do crime|spe|1\n|-activate|p2a: Glimmora|ability: Toxic Debris\n|-sidestart|p1: Skaraptor2.1|move: Toxic Spikes\n|-sideend|p1: Skaraptor2.1|Toxic Spikes|[from] move: Rapid Spin|[of] p1a: Be gay do crime\n|-sideend|p1: Skaraptor2.1|Stealth Rock|[from] move: Rapid Spin|[of] p1a: Be gay do crime\n|move|p2a: Glimmora|Energy Ball|p1a: Be gay do crime\n|-supereffective|p1a: Be gay do crime\n|-crit|p1a: Be gay do crime\n|-damage|p1a: Be gay do crime|0 fnt\n|faint|p1a: Be gay do crime\n|-end|p1a: Be gay do crime|Protosynthesis|[silent]\n|\n|upkeep\n|\n|t:|1699694816\n|switch|p1a: Trans\u2026.former|Iron Jugulis|100\/100\n|-enditem|p1a: Trans\u2026.former|Booster Energy\n|-activate|p1a: Trans\u2026.former|ability: Quark Drive|[fromitem]\n|-start|p1a: Trans\u2026.former|quarkdrivespe\n|turn|8\n|\n|t:|1699694818\n|move|p1a: Trans\u2026.former|Earth Power|p2a: Glimmora\n|-supereffective|p2a: Glimmora\n|-damage|p2a: Glimmora|0 fnt\n|faint|p2a: Glimmora\n|\n|upkeep\n|\n|t:|1699694827\n|switch|p2a: Iron Valiant|Iron Valiant|100\/100\n|-damage|p2a: Iron Valiant|94\/100|[from] Stealth Rock\n|-enditem|p2a: Iron Valiant|Booster Energy\n|-activate|p2a: Iron Valiant|ability: Quark Drive|[fromitem]\n|-start|p2a: Iron Valiant|quarkdrivespe\n|turn|9\n|\n|t:|1699694830\n|move|p2a: Iron Valiant|Moonblast|p1a: Trans\u2026.former\n|-supereffective|p1a: Trans\u2026.former\n|-damage|p1a: Trans\u2026.former|0 fnt\n|faint|p1a: Trans\u2026.former\n|-end|p1a: Trans\u2026.former|Quark Drive|[silent]\n|\n|upkeep\n|\n|t:|1699694841\n|switch|p1a: TWINKATON|Tinkaton, F, tera:Water|56\/100\n|turn|10\n|\n|t:|1699694846\n|move|p2a: Iron Valiant|Moonblast|p1a: TWINKATON\n|-damage|p1a: TWINKATON|15\/100\n|-unboost|p1a: TWINKATON|spa|1\n|move|p1a: TWINKATON|Thunder Wave|p2a: Iron Valiant\n|-status|p2a: Iron Valiant|par\n|\n|upkeep\n|turn|11\n|\n|t:|1699694850\n|move|p1a: TWINKATON|Play Rough|p2a: Iron Valiant\n|-supereffective|p2a: Iron Valiant\n|-damage|p2a: Iron Valiant|33\/100 par\n|move|p2a: Iron Valiant|Moonblast|p1a: TWINKATON\n|-damage|p1a: TWINKATON|0 fnt\n|faint|p1a: TWINKATON\n|\n|upkeep\n|\n|t:|1699694855\n|switch|p1a: Solar Panels|Iron Moth|100\/100\n|-enditem|p1a: Solar Panels|Booster Energy\n|-activate|p1a: Solar Panels|ability: Quark Drive|[fromitem]\n|-start|p1a: Solar Panels|quarkdrivespe\n|turn|12\n|\n|t:|1699694862\n|move|p1a: Solar Panels|Fiery Dance|p2a: Iron Valiant\n|-damage|p2a: Iron Valiant|0 fnt\n|faint|p2a: Iron Valiant\n|-end|p2a: Iron Valiant|Quark Drive|[silent]\n|\n|upkeep\n|\n|t:|1699694866\n|switch|p2a: Iron Moth|Iron Moth|100\/100 par\n|turn|13\n|\n|t:|1699694868\n|move|p1a: Solar Panels|Psychic|p2a: Iron Moth\n|-supereffective|p2a: Iron Moth\n|-damage|p2a: Iron Moth|41\/100 par\n|-unboost|p2a: Iron Moth|spd|1\n|move|p2a: Iron Moth|Psychic|p1a: Solar Panels\n|-supereffective|p1a: Solar Panels\n|-damage|p1a: Solar Panels|29\/100\n|\n|upkeep\n|turn|14\n|\n|t:|1699694873\n|move|p1a: Solar Panels|Psychic|p2a: Iron Moth\n|-supereffective|p2a: Iron Moth\n|-damage|p2a: Iron Moth|0 fnt\n|faint|p2a: Iron Moth\n|-end|p2a: Iron Moth|Quark Drive|[silent]\n|\n|upkeep\n|\n|t:|1699694877\n|switch|p2a: Kingambit|Kingambit, F|100\/100\n|-damage|p2a: Kingambit|94\/100|[from] Stealth Rock\n|-activate|p2a: Kingambit|ability: Supreme Overlord\n|-start|p2a: Kingambit|fallen3|[silent]\n|turn|15\n|\n|t:|1699694879\n|move|p2a: Kingambit|Sucker Punch|p1a: Solar Panels\n|-damage|p1a: Solar Panels|0 fnt\n|faint|p1a: Solar Panels\n|-end|p1a: Solar Panels|Quark Drive|[silent]\n|\n|upkeep\n|\n|t:|1699694883\n|switch|p1a: Transfem|Ogerpon-Wellspring, F|100\/100\n|turn|16\n|\n|t:|1699694886\n|-end|p2a: Kingambit|fallen3|[silent]\n|switch|p2a: Ditto|Ditto|100\/100\n|-damage|p2a: Ditto|88\/100|[from] Stealth Rock\n|-transform|p2a: Ditto|p1a: Transfem|[from] ability: Imposter\n|move|p1a: Transfem|Spikes|p2a: Ditto\n|-sidestart|p2: moiaaaa|Spikes\n|\n|upkeep\n|turn|17\n|\n|t:|1699694889\n|move|p2a: Ditto|Horn Leech|p1a: Transfem\n|-damage|p1a: Transfem|52\/100\n|-heal|p2a: Ditto|100\/100|[from] drain|[of] p1a: Transfem\n|move|p1a: Transfem|Horn Leech|p2a: Ditto\n|-damage|p2a: Ditto|41\/100\n|-heal|p1a: Transfem|81\/100|[from] drain|[of] p2a: Ditto\n|\n|upkeep\n|turn|18\n|\n|t:|1699694892\n|move|p2a: Ditto|Horn Leech|p1a: Transfem\n|-damage|p1a: Transfem|33\/100\n|-heal|p2a: Ditto|65\/100|[from] drain|[of] p1a: Transfem\n|move|p1a: Transfem|Horn Leech|p2a: Ditto\n|-damage|p2a: Ditto|10\/100\n|-heal|p1a: Transfem|61\/100|[from] drain|[of] p2a: Ditto\n|\n|upkeep\n|turn|19\n|\n|t:|1699694895\n|move|p2a: Ditto|Horn Leech|p1a: Transfem\n|-damage|p1a: Transfem|15\/100\n|-heal|p2a: Ditto|33\/100|[from] drain|[of] p1a: Transfem\n|move|p1a: Transfem|Horn Leech|p2a: Ditto\n|-damage|p2a: Ditto|0 fnt\n|-heal|p1a: Transfem|31\/100|[from] drain|[of] p2a: Ditto\n|faint|p2a: Ditto\n|\n|upkeep\n|\n|t:|1699694906\n|switch|p2a: Kingambit|Kingambit, F|94\/100\n|-damage|p2a: Kingambit|88\/100|[from] Stealth Rock\n|-damage|p2a: Kingambit|76\/100|[from] Spikes\n|-activate|p2a: Kingambit|ability: Supreme Overlord\n|-start|p2a: Kingambit|fallen4|[silent]\n|turn|20\n|\n|t:|1699694909\n|move|p2a: Kingambit|Sucker Punch||[still]\n|-fail|p2a: Kingambit\n|move|p1a: Transfem|Spikes|p2a: Kingambit\n|-sidestart|p2: moiaaaa|Spikes\n|\n|upkeep\n|turn|21\n|\n|t:|1699694912\n|move|p2a: Kingambit|Sucker Punch|p1a: Transfem\n|-damage|p1a: Transfem|0 fnt\n|faint|p1a: Transfem\n|\n|upkeep\n|\n|t:|1699694915\n|switch|p1a: Drag Queen|Dragapult, F|100\/100\n|turn|22\n|\n|t:|1699694919\n|move|p2a: Kingambit|Sucker Punch|p1a: Drag Queen\n|-supereffective|p1a: Drag Queen\n|-damage|p1a: Drag Queen|0 fnt\n|faint|p1a: Drag Queen\n|\n|win|moiaaaa\n|raw|Skaraptor2.1's rating: 1387 &rarr; <strong>1365<\/strong><br \/>(-22 for losing)\n|raw|moiaaaa's rating: 1344 &rarr; <strong>1366<\/strong><br \/>(+22 for winning)\n","uploadtime":1699694922,"views":15,"p1id":"skaraptor21","p2id":"moiaaaa","formatid":"gen9ou","rating":1365,"private":0,"password":""}