{"id":"gen9ou-1998148151","p1":"Did It Done","p2":"ookillemd-tan","format":"[Gen 9] OU","log":"|j|\u2606Did It Done\n|j|\u2606ookillemd-tan\n|t:|1700900677\n|gametype|singles\n|player|p1|Did It Done|will-gen2|1513\n|player|p2|ookillemd-tan|101|1463\n|teamsize|p1|6\n|teamsize|p2|6\n|gen|9\n|tier|[Gen 9] OU\n|rated|\n|rule|Sleep Clause Mod: Limit one foe put to sleep\n|rule|Species Clause: Limit one of each Pok\u00e9mon\n|rule|OHKO Clause: OHKO moves are banned\n|rule|Evasion Items Clause: Evasion items are banned\n|rule|Evasion Moves Clause: Evasion moves are banned\n|rule|Endless Battle Clause: Forcing endless battles is banned\n|rule|HP Percentage Mod: HP is shown in percentages\n|clearpoke\n|poke|p1|Garganacl, M|\n|poke|p1|Greninja-*, M|\n|poke|p1|Heatran, F|\n|poke|p1|Rillaboom, F|\n|poke|p1|Zapdos|\n|poke|p1|Iron Treads|\n|poke|p2|Iron Valiant|\n|poke|p2|Alomomola, F|\n|poke|p2|Slowking-Galar, F|\n|poke|p2|Rillaboom, F|\n|poke|p2|Cinderace, M|\n|poke|p2|Samurott-Hisui, M|\n|teampreview\n|\n|t:|1700900713\n|start\n|switch|p1a: Rillaboom|Rillaboom, F|100\/100\n|switch|p2a: Alomomola|Alomomola, F|100\/100\n|-fieldstart|move: Grassy Terrain|[from] ability: Grassy Surge|[of] p1a: Rillaboom\n|turn|1\n|\n|t:|1700900729\n|switch|p2a: Cinderace|Cinderace, M|100\/100\n|move|p1a: Rillaboom|Wood Hammer|p2a: Cinderace\n|-resisted|p2a: Cinderace\n|-damage|p2a: Cinderace|40\/100\n|-damage|p1a: Rillaboom|83\/100|[from] Recoil\n|\n|-heal|p2a: Cinderace|46\/100|[from] Grassy Terrain\n|-heal|p1a: Rillaboom|89\/100|[from] Grassy Terrain\n|upkeep\n|turn|2\n|\n|t:|1700900740\n|switch|p1a: Zapdos|Zapdos|100\/100\n|move|p2a: Cinderace|U-turn|p1a: Zapdos\n|-start|p2a: Cinderace|typechange|Bug|[from] ability: Libero\n|-resisted|p1a: Zapdos\n|-damage|p1a: Zapdos|85\/100\n|-status|p2a: Cinderace|par|[from] ability: Static|[of] p1a: Zapdos\n|\n|t:|1700900774\n|switch|p2a: Slowking|Slowking-Galar, F|100\/100|[from] U-turn\n|\n|upkeep\n|turn|3\n|\n|t:|1700900812\n|move|p1a: Zapdos|Substitute|p1a: Zapdos\n|-start|p1a: Zapdos|Substitute\n|-damage|p1a: Zapdos|60\/100\n|move|p2a: Slowking|Future Sight|p1a: Zapdos\n|-start|p2a: Slowking|move: Future Sight\n|\n|upkeep\n|turn|4\n|\n|t:|1700900834\n|move|p2a: Slowking|Protect|p2a: Slowking\n|-singleturn|p2a: Slowking|Protect\n|move|p1a: Zapdos|Discharge|p2a: Slowking\n|-activate|p2a: Slowking|move: Protect\n|\n|upkeep\n|turn|5\n|\n|t:|1700900851\n|move|p1a: Zapdos|Discharge|p2a: Slowking\n|-damage|p2a: Slowking|82\/100\n|move|p2a: Slowking|Chilly Reception|p2a: Slowking\n|-weather|Snow\n|\n|t:|1700900866\n|switch|p2a: Iron Valiant|Iron Valiant|100\/100|[from] Chilly Reception\n|\n|-weather|Snow|[upkeep]\n|-end|p1a: Zapdos|move: Future Sight\n|-end|p1a: Zapdos|Substitute\n|-fieldend|move: Grassy Terrain\n|upkeep\n|turn|6\n|\n|t:|1700900883\n|switch|p1a: Iron Treads|Iron Treads|100\/100\n|-enditem|p1a: Iron Treads|Booster Energy\n|-activate|p1a: Iron Treads|ability: Quark Drive|[fromitem]\n|-start|p1a: Iron Treads|quarkdrivespe\n|move|p2a: Iron Valiant|Thunderbolt|p1a: Iron Treads\n|-immune|p1a: Iron Treads\n|\n|-weather|Snow|[upkeep]\n|upkeep\n|turn|7\n|\n|t:|1700900892\n|-end|p2a: Iron Valiant|Quark Drive|[silent]\n|switch|p2a: Alomomola|Alomomola, F|100\/100\n|move|p1a: Iron Treads|Stealth Rock|p2a: Alomomola\n|-sidestart|p2: ookillemd-tan|move: Stealth Rock\n|\n|-weather|Snow|[upkeep]\n|upkeep\n|turn|8\n|\n|t:|1700900908\n|-end|p1a: Iron Treads|Quark Drive|[silent]\n|switch|p1a: Zapdos|Zapdos|60\/100\n|move|p2a: Alomomola|Wish|p2a: Alomomola\n|\n|-weather|Snow|[upkeep]\n|upkeep\n|turn|9\n|\n|t:|1700900935\n|switch|p2a: Iron Valiant|Iron Valiant|100\/100\n|-damage|p2a: Iron Valiant|94\/100|[from] Stealth Rock\n|move|p1a: Zapdos|Discharge|p2a: Iron Valiant\n|-damage|p2a: Iron Valiant|35\/100\n|\n|-weather|none\n|-heal|p2a: Iron Valiant|100\/100|[from] move: Wish|[wisher] Alomomola\n|upkeep\n|turn|10\n|\n|t:|1700900960\n|switch|p1a: Iron Treads|Iron Treads|100\/100\n|move|p2a: Iron Valiant|Moonblast|p1a: Iron Treads\n|-resisted|p1a: Iron Treads\n|-damage|p1a: Iron Treads|49\/100\n|\n|upkeep\n|turn|11\n|\n|t:|1700900968\n|-end|p1a: Iron Treads|Quark Drive|[silent]\n|switch|p1a: Heatran|Heatran, F|100\/100\n|move|p2a: Iron Valiant|Moonblast|p1a: Heatran\n|-resisted|p1a: Heatran\n|-damage|p1a: Heatran|90\/100\n|\n|-heal|p1a: Heatran|96\/100|[from] item: Leftovers\n|upkeep\n|turn|12\n|\n|t:|1700900971\n|-end|p2a: Iron Valiant|Quark Drive|[silent]\n|switch|p2a: Alomomola|Alomomola, F|100\/100\n|move|p1a: Heatran|Magma Storm|p2a: Alomomola\n|-resisted|p2a: Alomomola\n|-damage|p2a: Alomomola|82\/100\n|-activate|p2a: Alomomola|move: Magma Storm|[of] p1a: Heatran\n|\n|-heal|p1a: Heatran|100\/100|[from] item: Leftovers\n|-damage|p2a: Alomomola|70\/100|[from] move: Magma Storm|[partiallytrapped]\n|upkeep\n|turn|13\n|\n|t:|1700900978\n|move|p1a: Heatran|Taunt|p2a: Alomomola\n|-start|p2a: Alomomola|move: Taunt\n|move|p2a: Alomomola|Flip Turn|p1a: Heatran\n|-supereffective|p1a: Heatran\n|-crit|p1a: Heatran\n|-damage|p1a: Heatran|58\/100\n|\n|t:|1700900980\n|switch|p2a: Samurott|Samurott-Hisui, M|100\/100|[from] Flip Turn\n|-damage|p2a: Samurott|88\/100|[from] Stealth Rock\n|\n|-heal|p1a: Heatran|64\/100|[from] item: Leftovers\n|upkeep\n|turn|14\n|\n|t:|1700900989\n|switch|p1a: Rillaboom|Rillaboom, F|89\/100\n|-fieldstart|move: Grassy Terrain|[from] ability: Grassy Surge|[of] p1a: Rillaboom\n|move|p2a: Samurott|Ceaseless Edge|p1a: Rillaboom\n|-damage|p1a: Rillaboom|38\/100\n|-sidestart|p1: Did It Done|Spikes\n|\n|-heal|p2a: Samurott|94\/100|[from] Grassy Terrain\n|-heal|p1a: Rillaboom|44\/100|[from] Grassy Terrain\n|upkeep\n|turn|15\n|\n|t:|1700901003\n|move|p1a: Rillaboom|Grassy Glide|p2a: Samurott\n|-supereffective|p2a: Samurott\n|-damage|p2a: Samurott|0 fnt\n|faint|p2a: Samurott\n|\n|-heal|p1a: Rillaboom|50\/100|[from] Grassy Terrain\n|upkeep\n|\n|t:|1700901013\n|switch|p2a: Rillaboom|Rillaboom, F|100\/100\n|-damage|p2a: Rillaboom|88\/100|[from] Stealth Rock\n|turn|16\n|\n|t:|1700901022\n|move|p2a: Rillaboom|Knock Off|p1a: Rillaboom\n|-damage|p1a: Rillaboom|0 fnt\n|-enditem|p1a: Rillaboom|Protective Pads|[from] move: Knock Off|[of] p2a: Rillaboom\n|faint|p1a: Rillaboom\n|\n|-heal|p2a: Rillaboom|94\/100|[from] Grassy Terrain\n|upkeep\n|\n|t:|1700901030\n|switch|p1a: Greninja|Greninja, M|100\/100\n|-damage|p1a: Greninja|88\/100|[from] Spikes\n|-enditem|p1a: Greninja|Grassy Seed\n|-boost|p1a: Greninja|def|1|[from] item: Grassy Seed\n|turn|17\n|\n|t:|1700901042\n|switch|p2a: Cinderace|Cinderace, M|46\/100 par\n|-terastallize|p1a: Greninja|Flying\n|move|p1a: Greninja|Acrobatics|p2a: Cinderace\n|-damage|p2a: Cinderace|0 fnt\n|faint|p2a: Cinderace\n|-ability|p1a: Greninja|Battle Bond|boost\n|-boost|p1a: Greninja|atk|1\n|-boost|p1a: Greninja|spa|1\n|-boost|p1a: Greninja|spe|1\n|-activate|p1a: Greninja|ability: Battle Bond\n|\n|upkeep\n|\n|t:|1700901053\n|switch|p2a: Slowking|Slowking-Galar, F|100\/100\n|turn|18\n|c|\u2606Did It Done|lmao\n|\n|t:|1700901064\n|move|p1a: Greninja|Dark Pulse|p2a: Slowking\n|-supereffective|p2a: Slowking\n|-damage|p2a: Slowking|41\/100\n|move|p2a: Slowking|Yawn|p1a: Greninja\n|-start|p1a: Greninja|move: Yawn|[of] p2a: Slowking\n|\n|-heal|p2a: Slowking|47\/100|[from] Grassy Terrain\n|-fieldend|move: Grassy Terrain\n|upkeep\n|turn|19\n|\n|t:|1700901086\n|switch|p2a: Alomomola|Alomomola, F|100\/100\n|move|p1a: Greninja|Dark Pulse|p2a: Alomomola\n|-damage|p2a: Alomomola|54\/100\n|\n|-end|p1a: Greninja|move: Yawn|[silent]\n|-status|p1a: Greninja|slp\n|upkeep\n|turn|20\n|\n|t:|1700901092\n|cant|p1a: Greninja|slp\n|move|p2a: Alomomola|Soak|p1a: Greninja\n|-fail|p1a: Greninja\n|\n|upkeep\n|turn|21\n|\n|t:|1700901100\n|-curestatus|p1a: Greninja|slp|[msg]\n|move|p1a: Greninja|Acrobatics|p2a: Alomomola\n|-damage|p2a: Alomomola|22\/100\n|move|p2a: Alomomola|Flip Turn|p1a: Greninja\n|-damage|p1a: Greninja|70\/100\n|\n|t:|1700901111\n|switch|p2a: Slowking|Slowking-Galar, F|80\/100|[from] Flip Turn\n|\n|upkeep\n|turn|22\n|\n|t:|1700901116\n|move|p1a: Greninja|Dark Pulse|p2a: Slowking\n|-supereffective|p2a: Slowking\n|-damage|p2a: Slowking|25\/100\n|move|p2a: Slowking|Chilly Reception|p2a: Slowking\n|-weather|Snow\n|\n|t:|1700901130\n|switch|p2a: Rillaboom|Rillaboom, F|94\/100|[from] Chilly Reception\n|-damage|p2a: Rillaboom|82\/100|[from] Stealth Rock\n|-fieldstart|move: Grassy Terrain|[from] ability: Grassy Surge|[of] p2a: Rillaboom\n|\n|-weather|Snow|[upkeep]\n|-heal|p2a: Rillaboom|88\/100|[from] Grassy Terrain\n|upkeep\n|turn|23\n|\n|t:|1700901144\n|move|p2a: Rillaboom|Grassy Glide|p1a: Greninja\n|-resisted|p1a: Greninja\n|-damage|p1a: Greninja|31\/100\n|move|p1a: Greninja|Ice Beam|p2a: Rillaboom\n|-supereffective|p2a: Rillaboom\n|-damage|p2a: Rillaboom|0 fnt\n|faint|p2a: Rillaboom\n|\n|-weather|Snow|[upkeep]\n|upkeep\n|\n|t:|1700901153\n|switch|p2a: Slowking|Slowking-Galar, F|58\/100\n|turn|24\n|\n|t:|1700901157\n|move|p1a: Greninja|Dark Pulse|p2a: Slowking\n|-supereffective|p2a: Slowking\n|-damage|p2a: Slowking|0 fnt\n|faint|p2a: Slowking\n|\n|-weather|Snow|[upkeep]\n|upkeep\n|-message|ookillemd-tan forfeited.\n|\n|win|Did It Done\n|raw|Did It Done's rating: 1513 &rarr; <strong>1530<\/strong><br \/>(+17 for winning)\n|raw|ookillemd-tan's rating: 1463 &rarr; <strong>1446<\/strong><br \/>(-17 for losing)\n|l|\u2606ookillemd-tan\n|c|\u2606Did It Done|wait lmao\n","uploadtime":1700901169,"views":8,"p1id":"diditdone","p2id":"ookillemdtan","formatid":"gen9ou","rating":1446,"private":0,"password":""}