{"id":"gen9ou-1990693466","p1":"vyuiowe","p2":"Petite Plume","format":"[Gen 9] OU","log":"|j|\u2606vyuiowe\n|j|\u2606Petite Plume\n|t:|1699992326\n|gametype|singles\n|player|p1|vyuiowe|pokemonranger-gen4|1598\n|player|p2|Petite Plume|aaron|1509\n|teamsize|p1|6\n|teamsize|p2|6\n|gen|9\n|tier|[Gen 9] OU\n|rated|\n|rule|Sleep Clause Mod: Limit one foe put to sleep\n|rule|Species Clause: Limit one of each Pok\u00e9mon\n|rule|OHKO Clause: OHKO moves are banned\n|rule|Evasion Items Clause: Evasion items are banned\n|rule|Evasion Moves Clause: Evasion moves are banned\n|rule|Endless Battle Clause: Forcing endless battles is banned\n|rule|HP Percentage Mod: HP is shown in percentages\n|clearpoke\n|poke|p1|Dondozo, F|\n|poke|p1|Clefable, M|\n|poke|p1|Dragapult, M|\n|poke|p1|Zapdos|\n|poke|p1|Skeledirge, M|\n|poke|p1|Meowscarada, F|\n|poke|p2|Torkoal, F|\n|poke|p2|Walking Wake|\n|poke|p2|Ceruledge, F|\n|poke|p2|Lilligant-Hisui, F|\n|poke|p2|Hatterene, F|\n|poke|p2|Kingambit, F|\n|teampreview\n|inactive|Battle timer is ON: inactive players will automatically lose when time's up. (requested by vyuiowe)\n|\n|t:|1699992340\n|start\n|switch|p1a: Clefable|Clefable, M|100\/100\n|switch|p2a: Torkoal|Torkoal, F|100\/100\n|-weather|SunnyDay|[from] ability: Drought|[of] p2a: Torkoal\n|turn|1\n|\n|t:|1699992349\n|move|p1a: Clefable|Knock Off|p2a: Torkoal\n|-damage|p2a: Torkoal|91\/100\n|-enditem|p2a: Torkoal|Heat Rock|[from] move: Knock Off|[of] p1a: Clefable\n|move|p2a: Torkoal|Stealth Rock|p1a: Clefable\n|-sidestart|p1: vyuiowe|move: Stealth Rock\n|\n|-weather|SunnyDay|[upkeep]\n|upkeep\n|turn|2\n|\n|t:|1699992360\n|move|p1a: Clefable|Stealth Rock|p2a: Torkoal\n|-sidestart|p2: Petite Plume|move: Stealth Rock\n|move|p2a: Torkoal|Lava Plume|p1a: Clefable\n|-crit|p1a: Clefable\n|-damage|p1a: Clefable|49\/100\n|\n|-weather|SunnyDay|[upkeep]\n|-heal|p1a: Clefable|55\/100|[from] item: Leftovers\n|upkeep\n|turn|3\n|\n|t:|1699992367\n|move|p1a: Clefable|Moonblast|p2a: Torkoal\n|-resisted|p2a: Torkoal\n|-damage|p2a: Torkoal|70\/100\n|-unboost|p2a: Torkoal|spa|1\n|move|p2a: Torkoal|Rapid Spin|p1a: Clefable\n|-damage|p1a: Clefable|48\/100\n|-boost|p2a: Torkoal|spe|1\n|-sideend|p2: Petite Plume|Stealth Rock|[from] move: Rapid Spin|[of] p2a: Torkoal\n|\n|-weather|SunnyDay|[upkeep]\n|-heal|p1a: Clefable|54\/100|[from] item: Leftovers\n|upkeep\n|turn|4\n|\n|t:|1699992377\n|switch|p2a: Ceruledge|Ceruledge, F|100\/100\n|move|p1a: Clefable|Moonlight|p1a: Clefable\n|-heal|p1a: Clefable|100\/100\n|\n|-weather|SunnyDay|[upkeep]\n|upkeep\n|turn|5\n|\n|t:|1699992385\n|move|p2a: Ceruledge|Bitter Blade|p1a: Clefable\n|-damage|p1a: Clefable|50\/100\n|move|p1a: Clefable|Stealth Rock|p2a: Ceruledge\n|-sidestart|p2: Petite Plume|move: Stealth Rock\n|\n|-weather|SunnyDay|[upkeep]\n|-heal|p1a: Clefable|56\/100|[from] item: Leftovers\n|upkeep\n|turn|6\n|\n|t:|1699992393\n|move|p2a: Ceruledge|Swords Dance|p2a: Ceruledge\n|-boost|p2a: Ceruledge|atk|2\n|move|p1a: Clefable|Moonlight|p1a: Clefable\n|-heal|p1a: Clefable|100\/100\n|\n|-weather|SunnyDay|[upkeep]\n|upkeep\n|turn|7\n|\n|t:|1699992400\n|switch|p1a: Zapdos|Zapdos|100\/100\n|move|p2a: Ceruledge|Bitter Blade|p1a: Zapdos\n|-damage|p1a: Zapdos|0 fnt\n|faint|p1a: Zapdos\n|\n|-weather|SunnyDay|[upkeep]\n|upkeep\n|\n|t:|1699992410\n|switch|p1a: Dondozo|Dondozo, F|100\/100\n|turn|8\n|\n|t:|1699992415\n|switch|p2a: Lilligant|Lilligant-Hisui, F|100\/100\n|-damage|p2a: Lilligant|94\/100|[from] Stealth Rock\n|move|p1a: Dondozo|Curse|p1a: Dondozo\n|-unboost|p1a: Dondozo|spe|1\n|-boost|p1a: Dondozo|atk|1\n|-boost|p1a: Dondozo|def|1\n|\n|-weather|none\n|upkeep\n|turn|9\n|\n|t:|1699992426\n|switch|p2a: Torkoal|Torkoal, F|70\/100\n|-damage|p2a: Torkoal|45\/100|[from] Stealth Rock\n|-weather|SunnyDay|[from] ability: Drought|[of] p2a: Torkoal\n|move|p1a: Dondozo|Avalanche|p2a: Torkoal\n|-resisted|p2a: Torkoal\n|-damage|p2a: Torkoal|39\/100\n|\n|-weather|SunnyDay|[upkeep]\n|upkeep\n|turn|10\n|\n|t:|1699992440\n|move|p2a: Torkoal|Rapid Spin|p1a: Dondozo\n|-damage|p1a: Dondozo|97\/100\n|-boost|p2a: Torkoal|spe|1\n|-sideend|p2: Petite Plume|Stealth Rock|[from] move: Rapid Spin|[of] p2a: Torkoal\n|move|p1a: Dondozo|Curse|p1a: Dondozo\n|-unboost|p1a: Dondozo|spe|1\n|-boost|p1a: Dondozo|atk|1\n|-boost|p1a: Dondozo|def|1\n|\n|-weather|SunnyDay|[upkeep]\n|upkeep\n|turn|11\n|\n|t:|1699992452\n|switch|p2a: Walking Wake|Walking Wake|100\/100\n|-activate|p2a: Walking Wake|ability: Protosynthesis\n|-start|p2a: Walking Wake|protosynthesisspe\n|move|p1a: Dondozo|Curse|p1a: Dondozo\n|-unboost|p1a: Dondozo|spe|1\n|-boost|p1a: Dondozo|atk|1\n|-boost|p1a: Dondozo|def|1\n|\n|-weather|SunnyDay|[upkeep]\n|upkeep\n|turn|12\n|inactive|vyuiowe has 120 seconds left.\n|\n|t:|1699992494\n|switch|p1a: Clefable|Clefable, M|100\/100\n|move|p2a: Walking Wake|Dragon Pulse|p1a: Clefable\n|-immune|p1a: Clefable\n|\n|-weather|SunnyDay|[upkeep]\n|upkeep\n|turn|13\n|\n|t:|1699992504\n|-end|p2a: Walking Wake|Protosynthesis|[silent]\n|switch|p2a: Hatterene|Hatterene, F|100\/100\n|move|p1a: Clefable|Stealth Rock|p2a: Hatterene\n|move|p2a: Hatterene|Stealth Rock||[from]ability: Magic Bounce|[still]\n|-fail|p2a: Hatterene\n|\n|-weather|none\n|upkeep\n|turn|14\n|inactive|vyuiowe has 120 seconds left.\n|\n|t:|1699992515\n|move|p1a: Clefable|Knock Off|p2a: Hatterene\n|-damage|p2a: Hatterene|88\/100\n|-enditem|p2a: Hatterene|Leftovers|[from] move: Knock Off|[of] p1a: Clefable\n|move|p2a: Hatterene|Draining Kiss|p1a: Clefable\n|-damage|p1a: Clefable|78\/100\n|-heal|p2a: Hatterene|100\/100|[from] drain|[of] p1a: Clefable\n|\n|-heal|p1a: Clefable|85\/100|[from] item: Leftovers\n|upkeep\n|turn|15\n|inactive|vyuiowe has 120 seconds left.\n|\n|t:|1699992527\n|switch|p2a: Kingambit|Kingambit, F|100\/100\n|move|p1a: Clefable|Stealth Rock|p2a: Kingambit\n|-sidestart|p2: Petite Plume|move: Stealth Rock\n|\n|-heal|p1a: Clefable|91\/100|[from] item: Leftovers\n|upkeep\n|turn|16\n|inactive|vyuiowe has 120 seconds left.\n|\n|t:|1699992542\n|switch|p1a: Dragapult|Dragapult, M|100\/100\n|move|p2a: Kingambit|Iron Head|p1a: Dragapult\n|-damage|p1a: Dragapult|34\/100\n|\n|upkeep\n|turn|17\n|\n|t:|1699992549\n|move|p2a: Kingambit|Sucker Punch||[still]\n|-fail|p2a: Kingambit\n|move|p1a: Dragapult|Will-O-Wisp|p2a: Kingambit\n|-status|p2a: Kingambit|brn\n|\n|-damage|p2a: Kingambit|94\/100 brn|[from] brn\n|upkeep\n|turn|18\n|\n|t:|1699992558\n|move|p1a: Dragapult|U-turn|p2a: Kingambit\n|-damage|p2a: Kingambit|79\/100 brn\n|\n|t:|1699992565\n|switch|p1a: Dondozo|Dondozo, F|97\/100|[from] U-turn\n|move|p2a: Kingambit|Kowtow Cleave|p1a: Dondozo\n|-damage|p1a: Dondozo|81\/100\n|\n|-damage|p2a: Kingambit|73\/100 brn|[from] brn\n|upkeep\n|turn|19\n|\n|t:|1699992576\n|-end|p2a: Kingambit|fallenundefined|[silent]\n|switch|p2a: Walking Wake|Walking Wake|100\/100\n|-damage|p2a: Walking Wake|88\/100|[from] Stealth Rock\n|move|p1a: Dondozo|Curse|p1a: Dondozo\n|-unboost|p1a: Dondozo|spe|1\n|-boost|p1a: Dondozo|atk|1\n|-boost|p1a: Dondozo|def|1\n|\n|upkeep\n|turn|20\n|\n|t:|1699992585\n|switch|p1a: Clefable|Clefable, M|91\/100\n|move|p2a: Walking Wake|Dragon Pulse|p1a: Clefable\n|-immune|p1a: Clefable\n|\n|-heal|p1a: Clefable|97\/100|[from] item: Leftovers\n|upkeep\n|turn|21\n|\n|t:|1699992593\n|-end|p2a: Walking Wake|Protosynthesis|[silent]\n|switch|p2a: Ceruledge|Ceruledge, F|100\/100\n|-damage|p2a: Ceruledge|76\/100|[from] Stealth Rock\n|move|p1a: Clefable|Moonblast|p2a: Ceruledge\n|-resisted|p2a: Ceruledge\n|-damage|p2a: Ceruledge|56\/100\n|\n|-heal|p1a: Clefable|100\/100|[from] item: Leftovers\n|upkeep\n|turn|22\n|\n|t:|1699992611\n|move|p2a: Ceruledge|Bitter Blade|p1a: Clefable\n|-damage|p1a: Clefable|68\/100\n|-heal|p2a: Ceruledge|78\/100|[from] drain|[of] p1a: Clefable\n|move|p1a: Clefable|Knock Off|p2a: Ceruledge\n|-supereffective|p2a: Ceruledge\n|-damage|p2a: Ceruledge|38\/100\n|-ability|p2a: Ceruledge|Weak Armor|boost\n|-unboost|p2a: Ceruledge|def|1\n|-boost|p2a: Ceruledge|spe|2\n|-enditem|p2a: Ceruledge|Focus Sash|[from] move: Knock Off|[of] p1a: Clefable\n|\n|-heal|p1a: Clefable|74\/100|[from] item: Leftovers\n|upkeep\n|turn|23\n|\n|t:|1699992623\n|move|p2a: Ceruledge|Bitter Blade|p1a: Clefable\n|-damage|p1a: Clefable|38\/100\n|-heal|p2a: Ceruledge|62\/100|[from] drain|[of] p1a: Clefable\n|move|p1a: Clefable|Moonlight|p1a: Clefable\n|-heal|p1a: Clefable|88\/100\n|\n|-heal|p1a: Clefable|94\/100|[from] item: Leftovers\n|upkeep\n|turn|24\n|\n|t:|1699992632\n|move|p2a: Ceruledge|Swords Dance|p2a: Ceruledge\n|-boost|p2a: Ceruledge|atk|2\n|move|p1a: Clefable|Knock Off|p2a: Ceruledge\n|-supereffective|p2a: Ceruledge\n|-damage|p2a: Ceruledge|21\/100\n|-ability|p2a: Ceruledge|Weak Armor|boost\n|-unboost|p2a: Ceruledge|def|1\n|-boost|p2a: Ceruledge|spe|2\n|\n|-heal|p1a: Clefable|99\/100|[from] item: Leftovers\n|upkeep\n|turn|25\n|\n|t:|1699992650\n|switch|p1a: Dragapult|Dragapult, M|34\/100\n|move|p2a: Ceruledge|Bitter Blade|p1a: Dragapult\n|-resisted|p1a: Dragapult\n|-damage|p1a: Dragapult|0 fnt\n|-heal|p2a: Ceruledge|40\/100|[from] drain|[of] p1a: Dragapult\n|faint|p1a: Dragapult\n|\n|upkeep\n|\n|t:|1699992652\n|switch|p1a: Dondozo|Dondozo, F|81\/100\n|turn|26\n|\n|t:|1699992664\n|switch|p2a: Walking Wake|Walking Wake|88\/100\n|-damage|p2a: Walking Wake|76\/100|[from] Stealth Rock\n|move|p1a: Dondozo|Earthquake|p2a: Walking Wake\n|-damage|p2a: Walking Wake|51\/100\n|\n|upkeep\n|turn|27\n|\n|t:|1699992671\n|move|p2a: Walking Wake|Hydro Steam|p1a: Dondozo\n|-resisted|p1a: Dondozo\n|-damage|p1a: Dondozo|62\/100\n|move|p1a: Dondozo|Earthquake|p2a: Walking Wake\n|-damage|p2a: Walking Wake|25\/100\n|\n|upkeep\n|turn|28\n|\n|t:|1699992683\n|-end|p2a: Walking Wake|Protosynthesis|[silent]\n|switch|p2a: Torkoal|Torkoal, F|39\/100\n|-damage|p2a: Torkoal|14\/100|[from] Stealth Rock\n|-weather|SunnyDay|[from] ability: Drought|[of] p2a: Torkoal\n|move|p1a: Dondozo|Earthquake|p2a: Torkoal\n|-supereffective|p2a: Torkoal\n|-damage|p2a: Torkoal|0 fnt\n|faint|p2a: Torkoal\n|\n|-weather|SunnyDay|[upkeep]\n|upkeep\n|\n|t:|1699992693\n|switch|p2a: Lilligant|Lilligant-Hisui, F|94\/100\n|-damage|p2a: Lilligant|88\/100|[from] Stealth Rock\n|turn|29\n|\n|t:|1699992699\n|switch|p1a: Skeledirge|Skeledirge, M|100\/100\n|move|p2a: Lilligant|Solar Blade||[still]\n|-prepare|p2a: Lilligant|Solar Blade\n|-anim|p2a: Lilligant|Solar Blade|p1a: Skeledirge\n|-resisted|p1a: Skeledirge\n|-damage|p1a: Skeledirge|66\/100\n|-damage|p2a: Lilligant|79\/100|[from] item: Life Orb\n|\n|-weather|SunnyDay|[upkeep]\n|upkeep\n|turn|30\n|\n|t:|1699992709\n|-terastallize|p2a: Lilligant|Rock\n|move|p2a: Lilligant|Tera Blast|p1a: Skeledirge|[anim] Tera Blast Rock\n|-supereffective|p1a: Skeledirge\n|-damage|p1a: Skeledirge|0 fnt\n|faint|p1a: Skeledirge\n|-damage|p2a: Lilligant|69\/100|[from] item: Life Orb\n|\n|-weather|SunnyDay|[upkeep]\n|upkeep\n|\n|t:|1699992720\n|switch|p1a: Clefable|Clefable, M|99\/100\n|turn|31\n|\n|t:|1699992733\n|move|p2a: Lilligant|Solar Blade||[still]\n|-prepare|p2a: Lilligant|Solar Blade\n|-anim|p2a: Lilligant|Solar Blade|p1a: Clefable\n|-damage|p1a: Clefable|39\/100\n|-damage|p2a: Lilligant|59\/100|[from] item: Life Orb\n|move|p1a: Clefable|Moonlight|p1a: Clefable\n|-heal|p1a: Clefable|100\/100\n|\n|-weather|SunnyDay|[upkeep]\n|upkeep\n|turn|32\n|\n|t:|1699992743\n|switch|p2a: Ceruledge|Ceruledge, F|40\/100\n|-damage|p2a: Ceruledge|15\/100|[from] Stealth Rock\n|move|p1a: Clefable|Moonblast|p2a: Ceruledge\n|-resisted|p2a: Ceruledge\n|-damage|p2a: Ceruledge|0 fnt\n|faint|p2a: Ceruledge\n|\n|-weather|none\n|upkeep\n|\n|t:|1699992752\n|switch|p2a: Kingambit|Kingambit, F|73\/100 brn\n|-activate|p2a: Kingambit|ability: Supreme Overlord\n|-start|p2a: Kingambit|fallen2|[silent]\n|turn|33\n|\n|t:|1699992763\n|switch|p1a: Dondozo|Dondozo, F|62\/100\n|-end|p2a: Kingambit|fallen2|[silent]\n|switch|p2a: Walking Wake|Walking Wake|25\/100\n|-damage|p2a: Walking Wake|13\/100|[from] Stealth Rock\n|\n|upkeep\n|turn|34\n|\n|t:|1699992770\n|switch|p1a: Clefable|Clefable, M|100\/100\n|move|p2a: Walking Wake|Draco Meteor|p1a: Clefable\n|-immune|p1a: Clefable\n|\n|upkeep\n|turn|35\n|-message|Petite Plume forfeited.\n|\n|win|vyuiowe\n|raw|vyuiowe's rating: 1598 &rarr; <strong>1613<\/strong><br \/>(+15 for winning)\n|raw|Petite Plume's rating: 1509 &rarr; <strong>1494<\/strong><br \/>(-15 for losing)\n|l|\u2606Petite Plume\n","uploadtime":1699992778,"views":10,"p1id":"vyuiowe","p2id":"petiteplume","formatid":"gen9ou","rating":1494,"private":0,"password":""}