{"id":"gen9ou-1996639233","p1":"TrueSkyKing","p2":"Usopp D Gawd","format":"[Gen 9] OU","log":"|j|\u2606TrueSkyKing\n|j|\u2606Usopp D Gawd\n|t:|1700703834\n|gametype|singles\n|player|p1|TrueSkyKing|red|\n|player|p2|Usopp D Gawd|blue|\n|teamsize|p1|6\n|teamsize|p2|6\n|gen|9\n|tier|[Gen 9] OU\n|rule|Sleep Clause Mod: Limit one foe put to sleep\n|rule|Species Clause: Limit one of each Pok\u00e9mon\n|rule|OHKO Clause: OHKO moves are banned\n|rule|Evasion Items Clause: Evasion items are banned\n|rule|Evasion Moves Clause: Evasion moves are banned\n|rule|Endless Battle Clause: Forcing endless battles is banned\n|rule|HP Percentage Mod: HP is shown in percentages\n|clearpoke\n|poke|p1|Munkidori, M|\n|poke|p1|Espeon, F|\n|poke|p1|Dondozo, F|\n|poke|p1|Rillaboom, M|\n|poke|p1|Sandy Shocks|\n|poke|p1|Heatran, F|\n|poke|p2|Great Tusk|\n|poke|p2|Dragapult, F|\n|poke|p2|Iron Moth|\n|poke|p2|Ogerpon-Wellspring, F|\n|poke|p2|Uxie|\n|poke|p2|Clefable, F|\n|teampreview\n|inactive|Battle timer is ON: inactive players will automatically lose when time's up. (requested by TrueSkyKing)\n|\n|t:|1700703842\n|start\n|switch|p1a: Joji|Munkidori, M|100\/100\n|switch|p2a: The Fur.|Uxie, shiny|100\/100\n|turn|1\n|j| TaxesAreEvil\n|\n|t:|1700703851\n|move|p1a: Joji|Fake Out|p2a: The Fur.\n|-damage|p2a: The Fur.|95\/100\n|-status|p2a: The Fur.|tox|[from] ability: Toxic Chain|[of] p1a: Joji\n|cant|p2a: The Fur.|flinch\n|\n|-heal|p2a: The Fur.|100\/100 tox|[from] item: Leftovers\n|-damage|p2a: The Fur.|94\/100 tox|[from] psn\n|upkeep\n|turn|2\n|\n|t:|1700703862\n|switch|p1a: UWU|Espeon, F|100\/100\n|move|p2a: The Fur.|U-turn|p1a: UWU\n|-supereffective|p1a: UWU\n|-damage|p1a: UWU|59\/100\n|\n|t:|1700703873\n|switch|p2a: Jay Safari|Dragapult, F|100\/100|[from] U-turn\n|\n|-heal|p1a: UWU|65\/100|[from] item: Leftovers\n|upkeep\n|turn|3\n|\n|t:|1700703895\n|switch|p1a: Anthrax|Heatran, F|100\/100\n|move|p2a: Jay Safari|Shadow Ball|p1a: Anthrax\n|-damage|p1a: Anthrax|74\/100\n|-damage|p2a: Jay Safari|91\/100|[from] item: Life Orb\n|\n|-heal|p1a: Anthrax|80\/100|[from] item: Leftovers\n|upkeep\n|turn|4\n|\n|t:|1700703904\n|move|p2a: Jay Safari|Hydro Pump|p1a: Anthrax\n|-supereffective|p1a: Anthrax\n|-damage|p1a: Anthrax|27\/100\n|-damage|p2a: Jay Safari|81\/100|[from] item: Life Orb\n|move|p1a: Anthrax|Will-O-Wisp|p2a: Jay Safari|[miss]\n|-miss|p1a: Anthrax|p2a: Jay Safari\n|\n|-heal|p1a: Anthrax|33\/100|[from] item: Leftovers\n|upkeep\n|turn|5\n|\n|t:|1700703919\n|move|p1a: Anthrax|Protect|p1a: Anthrax\n|-singleturn|p1a: Anthrax|Protect\n|move|p2a: Jay Safari|Hydro Pump|p1a: Anthrax\n|-activate|p1a: Anthrax|move: Protect\n|\n|-heal|p1a: Anthrax|39\/100|[from] item: Leftovers\n|upkeep\n|turn|6\n|\n|t:|1700703928\n|move|p2a: Jay Safari|Hydro Pump|p1a: Anthrax|[miss]\n|-miss|p2a: Jay Safari|p1a: Anthrax\n|move|p1a: Anthrax|Will-O-Wisp|p2a: Jay Safari\n|-status|p2a: Jay Safari|brn\n|\n|-heal|p1a: Anthrax|45\/100|[from] item: Leftovers\n|-damage|p2a: Jay Safari|75\/100 brn|[from] brn\n|upkeep\n|turn|7\n|\n|t:|1700703937\n|move|p1a: Anthrax|Protect|p1a: Anthrax\n|-singleturn|p1a: Anthrax|Protect\n|move|p2a: Jay Safari|Shadow Ball|p1a: Anthrax\n|-activate|p1a: Anthrax|move: Protect\n|\n|-heal|p1a: Anthrax|51\/100|[from] item: Leftovers\n|-damage|p2a: Jay Safari|69\/100 brn|[from] brn\n|upkeep\n|turn|8\n|\n|t:|1700703947\n|move|p2a: Jay Safari|Hydro Pump|p1a: Anthrax\n|-supereffective|p1a: Anthrax\n|-damage|p1a: Anthrax|1\/100\n|-damage|p2a: Jay Safari|59\/100 brn|[from] item: Life Orb\n|move|p1a: Anthrax|Magma Storm|p2a: Jay Safari\n|-resisted|p2a: Jay Safari\n|-damage|p2a: Jay Safari|29\/100 brn\n|-activate|p2a: Jay Safari|move: Magma Storm|[of] p1a: Anthrax\n|\n|-heal|p1a: Anthrax|7\/100|[from] item: Leftovers\n|-damage|p2a: Jay Safari|23\/100 brn|[from] brn\n|-damage|p2a: Jay Safari|11\/100 brn|[from] move: Magma Storm|[partiallytrapped]\n|upkeep\n|turn|9\n|\n|t:|1700703963\n|switch|p2a: Redveil|Iron Moth|100\/100\n|-enditem|p2a: Redveil|Booster Energy\n|-activate|p2a: Redveil|ability: Quark Drive|[fromitem]\n|-start|p2a: Redveil|quarkdrivespe\n|move|p1a: Anthrax|Magma Storm|p2a: Redveil\n|-resisted|p2a: Redveil\n|-damage|p2a: Redveil|78\/100\n|-activate|p2a: Redveil|move: Magma Storm|[of] p1a: Anthrax\n|\n|-heal|p1a: Anthrax|13\/100|[from] item: Leftovers\n|-damage|p2a: Redveil|65\/100|[from] move: Magma Storm|[partiallytrapped]\n|upkeep\n|turn|10\n|\n|t:|1700703987\n|move|p1a: Anthrax|Protect|p1a: Anthrax\n|-singleturn|p1a: Anthrax|Protect\n|move|p2a: Redveil|Psychic|p1a: Anthrax\n|-activate|p1a: Anthrax|move: Protect\n|\n|-heal|p1a: Anthrax|19\/100|[from] item: Leftovers\n|-damage|p2a: Redveil|53\/100|[from] move: Magma Storm|[partiallytrapped]\n|upkeep\n|turn|11\n|-message|Usopp D Gawd forfeited.\n|\n|win|TrueSkyKing\n|l|\u2606Usopp D Gawd\n","uploadtime":1700704015,"views":4,"p1id":"trueskyking","p2id":"usoppdgawd","formatid":"gen9ou","rating":0,"private":0,"password":""}