{"id":"gen9ou-1990979108","p1":"2dnwfyKpBu","p2":"RedCosmonaut","format":"[Gen 9] OU","log":"|j|\u26062dnwfyKpBu\n|j|\u2606RedCosmonaut\n|t:|1700022596\n|gametype|singles\n|player|p1|2dnwfyKpBu|266|1049\n|player|p2|RedCosmonaut|102|1151\n|teamsize|p1|6\n|teamsize|p2|6\n|gen|9\n|tier|[Gen 9] OU\n|rated|\n|rule|Sleep Clause Mod: Limit one foe put to sleep\n|rule|Species Clause: Limit one of each Pok\u00e9mon\n|rule|OHKO Clause: OHKO moves are banned\n|rule|Evasion Items Clause: Evasion items are banned\n|rule|Evasion Moves Clause: Evasion moves are banned\n|rule|Endless Battle Clause: Forcing endless battles is banned\n|rule|HP Percentage Mod: HP is shown in percentages\n|clearpoke\n|poke|p1|Haxorus, M|\n|poke|p1|Great Tusk|\n|poke|p1|Ribombee, M|\n|poke|p1|Iron Valiant|\n|poke|p1|Gholdengo|\n|poke|p1|Samurott-Hisui, F|\n|poke|p2|Ogerpon-Wellspring, F|\n|poke|p2|Dragapult, F|\n|poke|p2|Kingambit, F|\n|poke|p2|Cinderace, M|\n|poke|p2|Enamorus, F|\n|poke|p2|Toxapex, F|\n|teampreview\n|inactive|Battle timer is ON: inactive players will automatically lose when time's up. (requested by RedCosmonaut)\n|\n|t:|1700022600\n|start\n|switch|p1a: Ribombee|Ribombee, M|100\/100\n|switch|p2a: Toxapex|Toxapex, F|100\/100\n|turn|1\n|\n|t:|1700022612\n|move|p1a: Ribombee|Sticky Web|p2a: Toxapex\n|-sidestart|p2: RedCosmonaut|move: Sticky Web\n|move|p2a: Toxapex|Toxic|p1a: Ribombee\n|-status|p1a: Ribombee|tox\n|\n|-damage|p1a: Ribombee|94\/100 tox|[from] psn\n|upkeep\n|turn|2\n|\n|t:|1700022623\n|move|p2a: Toxapex|Baneful Bunker|p2a: Toxapex\n|-singleturn|p2a: Toxapex|move: Protect\n|move|p1a: Ribombee|Skill Swap|p2a: Toxapex\n|-activate|p2a: Toxapex|move: Protect\n|\n|-damage|p1a: Ribombee|82\/100 tox|[from] psn\n|upkeep\n|turn|3\n|inactive|RedCosmonaut has 120 seconds left.\n|\n|t:|1700022670\n|switch|p2a: Dragapult|Dragapult, F|100\/100\n|-activate|p2a: Dragapult|move: Sticky Web\n|-unboost|p2a: Dragapult|spe|1\n|move|p1a: Ribombee|Stun Spore|p2a: Dragapult|[miss]\n|-miss|p1a: Ribombee|p2a: Dragapult\n|\n|-damage|p1a: Ribombee|64\/100 tox|[from] psn\n|upkeep\n|turn|4\n|\n|t:|1700022689\n|move|p1a: Ribombee|Moonblast|p2a: Dragapult\n|-supereffective|p2a: Dragapult\n|-damage|p2a: Dragapult|0 fnt\n|faint|p2a: Dragapult\n|\n|-damage|p1a: Ribombee|39\/100 tox|[from] psn\n|upkeep\n|\n|t:|1700022699\n|switch|p2a: Toxapex|Toxapex, F|100\/100\n|-activate|p2a: Toxapex|move: Sticky Web\n|-unboost|p2a: Toxapex|spe|1\n|turn|5\n|\n|t:|1700022703\n|switch|p1a: Gholdengo|Gholdengo|100\/100\n|-item|p1a: Gholdengo|Air Balloon\n|move|p2a: Toxapex|Baneful Bunker||[still]\n|-fail|p2a: Toxapex\n|\n|upkeep\n|turn|6\n|\n|t:|1700022708\n|switch|p2a: Cinderace|Cinderace, M|100\/100\n|-activate|p2a: Cinderace|move: Sticky Web\n|-unboost|p2a: Cinderace|spe|1\n|move|p1a: Gholdengo|Nasty Plot|p1a: Gholdengo\n|-boost|p1a: Gholdengo|spa|2\n|\n|upkeep\n|turn|7\n|inactive|RedCosmonaut has 120 seconds left.\n|\n|t:|1700022719\n|move|p2a: Cinderace|Pyro Ball|p1a: Gholdengo\n|-supereffective|p1a: Gholdengo\n|-damage|p1a: Gholdengo|0 fnt\n|-enditem|p1a: Gholdengo|Air Balloon\n|faint|p1a: Gholdengo\n|-damage|p2a: Cinderace|91\/100|[from] item: Life Orb\n|\n|upkeep\n|\n|t:|1700022731\n|switch|p1a: Great Tusk|Great Tusk|100\/100\n|-enditem|p1a: Great Tusk|Booster Energy\n|-activate|p1a: Great Tusk|ability: Protosynthesis|[fromitem]\n|-start|p1a: Great Tusk|protosynthesisatk\n|turn|8\n|\n|t:|1700022736\n|move|p1a: Great Tusk|Stealth Rock|p2a: Cinderace\n|-sidestart|p2: RedCosmonaut|move: Stealth Rock\n|move|p2a: Cinderace|Court Change|p2a: Cinderace\n|-start|p2a: Cinderace|typechange|Normal|[from] ability: Libero\n|-swapsideconditions\n|-activate|p2a: Cinderace|move: Court Change\n|\n|upkeep\n|turn|9\n|\n|t:|1700022753\n|switch|p2a: Ogerpon|Ogerpon-Wellspring, F|100\/100\n|move|p1a: Great Tusk|Rapid Spin|p2a: Ogerpon\n|-damage|p2a: Ogerpon|69\/100\n|-boost|p1a: Great Tusk|spe|1\n|-sideend|p1: 2dnwfyKpBu|Stealth Rock|[from] move: Rapid Spin|[of] p1a: Great Tusk\n|-sideend|p1: 2dnwfyKpBu|Sticky Web|[from] move: Rapid Spin|[of] p1a: Great Tusk\n|\n|upkeep\n|turn|10\n|\n|t:|1700022760\n|move|p1a: Great Tusk|Stealth Rock|p2a: Ogerpon\n|-sidestart|p2: RedCosmonaut|move: Stealth Rock\n|move|p2a: Ogerpon|Horn Leech|p1a: Great Tusk\n|-supereffective|p1a: Great Tusk\n|-damage|p1a: Great Tusk|36\/100\n|-heal|p2a: Ogerpon|100\/100|[from] drain|[of] p1a: Great Tusk\n|\n|upkeep\n|turn|11\n|\n|t:|1700022766\n|move|p1a: Great Tusk|Ice Spinner|p2a: Ogerpon\n|-damage|p2a: Ogerpon|49\/100\n|move|p2a: Ogerpon|Swords Dance|p2a: Ogerpon\n|-boost|p2a: Ogerpon|atk|2\n|\n|upkeep\n|turn|12\n|\n|t:|1700022774\n|move|p2a: Ogerpon|Spiky Shield|p2a: Ogerpon\n|-singleturn|p2a: Ogerpon|move: Protect\n|move|p1a: Great Tusk|Earthquake|p2a: Ogerpon\n|-activate|p2a: Ogerpon|move: Protect\n|\n|upkeep\n|turn|13\n|\n|t:|1700022782\n|-terastallize|p2a: Ogerpon|Water\n|detailschange|p2a: Ogerpon|Ogerpon-Wellspring-Tera, F, tera:Water\n|-ability|p2a: Ogerpon|Embody Aspect (Wellspring)|boost\n|-boost|p2a: Ogerpon|spd|1\n|move|p1a: Great Tusk|Ice Spinner|p2a: Ogerpon\n|-resisted|p2a: Ogerpon\n|-damage|p2a: Ogerpon|27\/100\n|move|p2a: Ogerpon|Horn Leech|p1a: Great Tusk\n|-supereffective|p1a: Great Tusk\n|-damage|p1a: Great Tusk|0 fnt\n|-heal|p2a: Ogerpon|49\/100|[from] drain|[of] p1a: Great Tusk\n|faint|p1a: Great Tusk\n|-end|p1a: Great Tusk|Protosynthesis|[silent]\n|\n|upkeep\n|\n|t:|1700022788\n|switch|p1a: Ribombee|Ribombee, M|39\/100 tox\n|turn|14\n|\n|t:|1700022799\n|move|p1a: Ribombee|Sticky Web|p2a: Ogerpon\n|-sidestart|p2: RedCosmonaut|move: Sticky Web\n|move|p2a: Ogerpon|Horn Leech|p1a: Ribombee\n|-resisted|p1a: Ribombee\n|-damage|p1a: Ribombee|0 fnt\n|-heal|p2a: Ogerpon|66\/100|[from] drain|[of] p1a: Ribombee\n|faint|p1a: Ribombee\n|\n|upkeep\n|\n|t:|1700022803\n|switch|p1a: Iron Valiant|Iron Valiant|100\/100\n|-enditem|p1a: Iron Valiant|Booster Energy\n|-activate|p1a: Iron Valiant|ability: Quark Drive|[fromitem]\n|-start|p1a: Iron Valiant|quarkdrivespe\n|turn|15\n|\n|t:|1700022816\n|move|p1a: Iron Valiant|Close Combat|p2a: Ogerpon\n|-damage|p2a: Ogerpon|0 fnt\n|-unboost|p1a: Iron Valiant|def|1\n|-unboost|p1a: Iron Valiant|spd|1\n|faint|p2a: Ogerpon\n|\n|upkeep\n|\n|t:|1700022821\n|switch|p2a: Cinderace|Cinderace, M|91\/100\n|-damage|p2a: Cinderace|66\/100|[from] Stealth Rock\n|-activate|p2a: Cinderace|move: Sticky Web\n|-unboost|p2a: Cinderace|spe|1\n|turn|16\n|\n|t:|1700022825\n|move|p1a: Iron Valiant|Close Combat|p2a: Cinderace\n|-damage|p2a: Cinderace|0 fnt\n|-unboost|p1a: Iron Valiant|def|1\n|-unboost|p1a: Iron Valiant|spd|1\n|faint|p2a: Cinderace\n|\n|upkeep\n|\n|t:|1700022830\n|switch|p2a: Toxapex|Toxapex, F|100\/100\n|-damage|p2a: Toxapex|88\/100|[from] Stealth Rock\n|-activate|p2a: Toxapex|move: Sticky Web\n|-unboost|p2a: Toxapex|spe|1\n|turn|17\n|\n|t:|1700022836\n|move|p2a: Toxapex|Baneful Bunker|p2a: Toxapex\n|-singleturn|p2a: Toxapex|move: Protect\n|move|p1a: Iron Valiant|Knock Off|p2a: Toxapex\n|-activate|p2a: Toxapex|move: Protect\n|-status|p1a: Iron Valiant|psn\n|\n|-heal|p2a: Toxapex|94\/100|[from] item: Leftovers\n|-damage|p1a: Iron Valiant|88\/100 psn|[from] psn\n|upkeep\n|turn|18\n|\n|t:|1700022849\n|move|p1a: Iron Valiant|Encore|p2a: Toxapex\n|-start|p2a: Toxapex|Encore\n|move|p2a: Toxapex|Baneful Bunker||[still]\n|-fail|p2a: Toxapex\n|\n|-heal|p2a: Toxapex|99\/100|[from] item: Leftovers\n|-damage|p1a: Iron Valiant|76\/100 psn|[from] psn\n|upkeep\n|turn|19\n|\n|t:|1700022855\n|-end|p1a: Iron Valiant|Quark Drive|[silent]\n|switch|p1a: Haxorus|Haxorus, M|100\/100\n|-ability|p1a: Haxorus|Mold Breaker\n|switch|p2a: Enamorus|Enamorus, F|100\/100\n|-damage|p2a: Enamorus|76\/100|[from] Stealth Rock\n|\n|-heal|p2a: Enamorus|82\/100|[from] item: Leftovers\n|upkeep\n|turn|20\n|\n|t:|1700022876\n|-terastallize|p1a: Haxorus|Steel\n|move|p2a: Enamorus|Superpower|p1a: Haxorus\n|-supereffective|p1a: Haxorus\n|-damage|p1a: Haxorus|9\/100\n|-boost|p2a: Enamorus|atk|1\n|-boost|p2a: Enamorus|def|1\n|move|p1a: Haxorus|Iron Head|p2a: Enamorus\n|-supereffective|p2a: Enamorus\n|-damage|p2a: Enamorus|0 fnt\n|faint|p2a: Enamorus\n|\n|upkeep\n|inactive|RedCosmonaut has 120 seconds left.\n|\n|t:|1700022892\n|switch|p2a: Meme Set|Kingambit, F|100\/100\n|-damage|p2a: Meme Set|94\/100|[from] Stealth Rock\n|-activate|p2a: Meme Set|move: Sticky Web\n|-unboost|p2a: Meme Set|spe|1\n|-activate|p2a: Meme Set|ability: Supreme Overlord\n|-start|p2a: Meme Set|fallen4|[silent]\n|turn|21\n|inactive|RedCosmonaut has 120 seconds left.\n|\n|t:|1700022903\n|move|p1a: Haxorus|Swords Dance|p1a: Haxorus\n|-boost|p1a: Haxorus|atk|2\n|move|p2a: Meme Set|Kowtow Cleave|p1a: Haxorus\n|-damage|p1a: Haxorus|0 fnt\n|faint|p1a: Haxorus\n|\n|upkeep\n|\n|t:|1700022907\n|switch|p1a: Iron Valiant|Iron Valiant|76\/100 psn\n|turn|22\n|\n|t:|1700022914\n|move|p1a: Iron Valiant|Knock Off|p2a: Meme Set\n|-resisted|p2a: Meme Set\n|-damage|p2a: Meme Set|82\/100\n|-enditem|p2a: Meme Set|Big Nugget|[from] move: Knock Off|[of] p1a: Iron Valiant\n|move|p2a: Meme Set|Fling||[still]\n|-fail|p2a: Meme Set\n|\n|-damage|p1a: Iron Valiant|63\/100 psn|[from] psn\n|upkeep\n|turn|23\n|c|\u2606RedCosmonaut|:(\n|inactive|RedCosmonaut has 120 seconds left.\n|\n|t:|1700022934\n|-end|p2a: Meme Set|fallen4|[silent]\n|switch|p2a: Toxapex|Toxapex, F|100\/100\n|-damage|p2a: Toxapex|88\/100|[from] Stealth Rock\n|-activate|p2a: Toxapex|move: Sticky Web\n|-unboost|p2a: Toxapex|spe|1\n|move|p1a: Iron Valiant|Close Combat|p2a: Toxapex\n|-resisted|p2a: Toxapex\n|-damage|p2a: Toxapex|68\/100\n|-unboost|p1a: Iron Valiant|def|1\n|-unboost|p1a: Iron Valiant|spd|1\n|\n|-heal|p2a: Toxapex|74\/100|[from] item: Leftovers\n|-damage|p1a: Iron Valiant|51\/100 psn|[from] psn\n|upkeep\n|turn|24\n|\n|t:|1700022944\n|move|p1a: Iron Valiant|Knock Off|p2a: Toxapex\n|-damage|p2a: Toxapex|52\/100\n|-enditem|p2a: Toxapex|Leftovers|[from] move: Knock Off|[of] p1a: Iron Valiant\n|move|p2a: Toxapex|Recover|p2a: Toxapex\n|-heal|p2a: Toxapex|100\/100\n|\n|-damage|p1a: Iron Valiant|38\/100 psn|[from] psn\n|upkeep\n|turn|25\n|\n|t:|1700022953\n|move|p2a: Toxapex|Baneful Bunker|p2a: Toxapex\n|-singleturn|p2a: Toxapex|move: Protect\n|move|p1a: Iron Valiant|Encore|p2a: Toxapex\n|-activate|p2a: Toxapex|move: Protect\n|\n|-damage|p1a: Iron Valiant|26\/100 psn|[from] psn\n|upkeep\n|turn|26\n|\n|t:|1700022964\n|move|p1a: Iron Valiant|Close Combat|p2a: Toxapex\n|-resisted|p2a: Toxapex\n|-damage|p2a: Toxapex|83\/100\n|-unboost|p1a: Iron Valiant|def|1\n|-unboost|p1a: Iron Valiant|spd|1\n|move|p2a: Toxapex|Gunk Shot|p1a: Iron Valiant\n|-supereffective|p1a: Iron Valiant\n|-damage|p1a: Iron Valiant|0 fnt\n|faint|p1a: Iron Valiant\n|-end|p1a: Iron Valiant|Quark Drive|[silent]\n|\n|upkeep\n|\n|t:|1700022967\n|switch|p1a: Samurott|Samurott-Hisui, F|100\/100\n|turn|27\n|\n|t:|1700022977\n|move|p1a: Samurott|Swords Dance|p1a: Samurott\n|-boost|p1a: Samurott|atk|2\n|move|p2a: Toxapex|Toxic|p1a: Samurott\n|-status|p1a: Samurott|tox\n|\n|-damage|p1a: Samurott|94\/100 tox|[from] psn\n|upkeep\n|turn|28\n|n|\u26062dnwfyKpBu|2dnwfykpbu\n|\n|t:|1700022987\n|move|p1a: Samurott|Swords Dance|p1a: Samurott\n|-boost|p1a: Samurott|atk|2\n|move|p2a: Toxapex|Recover|p2a: Toxapex\n|-heal|p2a: Toxapex|100\/100\n|\n|-damage|p1a: Samurott|82\/100 tox|[from] psn\n|upkeep\n|turn|29\n|\n|t:|1700022990\n|move|p1a: Samurott|Ceaseless Edge|p2a: Toxapex\n|-damage|p2a: Toxapex|27\/100\n|-sidestart|p2: RedCosmonaut|Spikes\n|move|p2a: Toxapex|Gunk Shot|p1a: Samurott\n|-damage|p1a: Samurott|47\/100 tox\n|\n|-damage|p1a: Samurott|29\/100 tox|[from] psn\n|upkeep\n|turn|30\n|\n|t:|1700022998\n|move|p2a: Toxapex|Baneful Bunker|p2a: Toxapex\n|-singleturn|p2a: Toxapex|move: Protect\n|move|p1a: Samurott|Ceaseless Edge|p2a: Toxapex\n|-activate|p2a: Toxapex|move: Protect\n|\n|-damage|p1a: Samurott|4\/100 tox|[from] psn\n|upkeep\n|turn|31\n|c|\u26062dnwfyKpBu|fucking r tard\n|c|\u26062dnwfyKpBu|off yourself\n|\n|t:|1700023006\n|move|p2a: Toxapex|Baneful Bunker||[still]\n|-fail|p2a: Toxapex\n|move|p1a: Samurott|Ceaseless Edge|p2a: Toxapex\n|-damage|p2a: Toxapex|0 fnt\n|-sidestart|p2: RedCosmonaut|Spikes\n|faint|p2a: Toxapex\n|\n|-damage|p1a: Samurott|0 fnt|[from] psn\n|faint|p1a: Samurott\n|\n|win|RedCosmonaut\n|upkeep\n|raw|2dnwfyKpBu's rating: 1049 &rarr; <strong>1037<\/strong><br \/>(-12 for losing)\n|raw|RedCosmonaut's rating: 1151 &rarr; <strong>1169<\/strong><br \/>(+18 for winning)\n|l|\u26062dnwfyKpBu\n","uploadtime":1700023004,"views":7,"p1id":"2dnwfykpbu","p2id":"redcosmonaut","formatid":"gen9ou","rating":1037,"private":0,"password":""}