{"id":"gen9ou-1994264653","p1":"Silvershire","p2":"Exusiai-PngnLgstcs","format":"[Gen 9] OU","log":"|j|\u2606Silvershire\n|j|\u2606Exusiai-PngnLgstcs\n|t:|1700424945\n|gametype|singles\n|player|p1|Silvershire|dawn|\n|player|p2|Exusiai-PngnLgstcs|dawn-gen4pt|\n|teamsize|p1|6\n|teamsize|p2|6\n|gen|9\n|tier|[Gen 9] OU\n|rule|Sleep Clause Mod: Limit one foe put to sleep\n|rule|Species Clause: Limit one of each Pok\u00e9mon\n|rule|OHKO Clause: OHKO moves are banned\n|rule|Evasion Items Clause: Evasion items are banned\n|rule|Evasion Moves Clause: Evasion moves are banned\n|rule|Endless Battle Clause: Forcing endless battles is banned\n|rule|HP Percentage Mod: HP is shown in percentages\n|clearpoke\n|poke|p1|Dragapult, F|\n|poke|p1|Samurott-Hisui, M|\n|poke|p1|Greninja-*, M|\n|poke|p1|Dondozo, M|\n|poke|p1|Scizor, M|\n|poke|p1|Breloom, F|\n|poke|p2|Heatran, M|\n|poke|p2|Zamazenta-*|\n|poke|p2|Bellibolt, M|\n|poke|p2|Landorus-Therian, M|\n|poke|p2|Tinkaton, F|\n|poke|p2|Gengar, M|\n|teampreview\n|\n|t:|1700424963\n|start\n|switch|p1a: Dragapult|Dragapult, F|100\/100\n|switch|p2a: KARS SAMA|Landorus-Therian, M|100\/100\n|-ability|p2a: KARS SAMA|Intimidate|boost\n|-unboost|p1a: Dragapult|atk|1\n|turn|1\n|\n|t:|1700424976\n|move|p2a: KARS SAMA|U-turn|p1a: Dragapult\n|-resisted|p1a: Dragapult\n|-damage|p1a: Dragapult|82\/100\n|\n|t:|1700424978\n|switch|p2a: HAMONCLACKERVOLLEY|Tinkaton, F|100\/100|[from] U-turn\n|-ability|p2a: HAMONCLACKERVOLLEY|Mold Breaker\n|move|p1a: Dragapult|Shadow Ball|p2a: HAMONCLACKERVOLLEY\n|-damage|p2a: HAMONCLACKERVOLLEY|55\/100\n|-damage|p1a: Dragapult|72\/100|[from] item: Life Orb\n|\n|-heal|p2a: HAMONCLACKERVOLLEY|61\/100|[from] item: Leftovers\n|upkeep\n|turn|2\n|\n|t:|1700424992\n|switch|p1a: Dondozo|Dondozo, M|100\/100\n|move|p2a: HAMONCLACKERVOLLEY|Play Rough|p1a: Dondozo\n|-damage|p1a: Dondozo|86\/100\n|\n|-heal|p2a: HAMONCLACKERVOLLEY|67\/100|[from] item: Leftovers\n|-heal|p1a: Dondozo|92\/100|[from] item: Leftovers\n|upkeep\n|turn|3\n|\n|t:|1700425004\n|switch|p2a: FAT ABSORPTION|Bellibolt, M|100\/100\n|move|p1a: Dondozo|Body Press|p2a: FAT ABSORPTION\n|-damage|p2a: FAT ABSORPTION|82\/100\n|-start|p2a: FAT ABSORPTION|Charge|Body Press|[from] ability: Electromorphosis\n|\n|-heal|p2a: FAT ABSORPTION|88\/100|[from] item: Leftovers\n|-heal|p1a: Dondozo|98\/100|[from] item: Leftovers\n|upkeep\n|turn|4\n|\n|t:|1700425016\n|switch|p1a: Scizor|Scizor, M|100\/100\n|move|p2a: FAT ABSORPTION|Parabolic Charge|p1a: Scizor\n|-damage|p1a: Scizor|50\/100\n|-heal|p2a: FAT ABSORPTION|100\/100|[from] drain|[of] p1a: Scizor\n|-end|p2a: FAT ABSORPTION|Charge|[silent]\n|\n|upkeep\n|turn|5\n|\n|t:|1700425024\n|move|p1a: Scizor|Bullet Punch|p2a: FAT ABSORPTION\n|-resisted|p2a: FAT ABSORPTION\n|-damage|p2a: FAT ABSORPTION|88\/100\n|-start|p2a: FAT ABSORPTION|Charge|Bullet Punch|[from] ability: Electromorphosis\n|move|p2a: FAT ABSORPTION|Parabolic Charge|p1a: Scizor\n|-damage|p1a: Scizor|0 fnt\n|-heal|p2a: FAT ABSORPTION|100\/100|[from] drain|[of] p1a: Scizor\n|faint|p1a: Scizor\n|-end|p2a: FAT ABSORPTION|Charge|[silent]\n|\n|upkeep\n|\n|t:|1700425039\n|switch|p1a: Breloom|Breloom, F|100\/100\n|turn|6\n|\n|t:|1700425061\n|move|p1a: Breloom|Spore|p2a: FAT ABSORPTION\n|-status|p2a: FAT ABSORPTION|slp|[from] move: Spore\n|cant|p2a: FAT ABSORPTION|slp\n|\n|upkeep\n|turn|7\n|\n|t:|1700425076\n|switch|p2a: sorry no joke here|Gengar, M|100\/100\n|move|p1a: Breloom|Bullet Seed|p2a: sorry no joke here\n|-resisted|p2a: sorry no joke here\n|-damage|p2a: sorry no joke here|81\/100\n|-resisted|p2a: sorry no joke here\n|-damage|p2a: sorry no joke here|61\/100\n|-start|p1a: Breloom|Disable|Bullet Seed|[from] ability: Cursed Body|[of] p2a: sorry no joke here\n|-resisted|p2a: sorry no joke here\n|-damage|p2a: sorry no joke here|40\/100\n|-resisted|p2a: sorry no joke here\n|-damage|p2a: sorry no joke here|19\/100\n|-resisted|p2a: sorry no joke here\n|-damage|p2a: sorry no joke here|0 fnt\n|faint|p2a: sorry no joke here\n|-hitcount|p2: sorry no joke here|5\n|\n|upkeep\n|\n|t:|1700425107\n|switch|p2a: MAGICIANS RED|Heatran, M|100\/100\n|turn|8\n|\n|t:|1700425112\n|-terastallize|p1a: Breloom|Fighting\n|-terastallize|p2a: MAGICIANS RED|Grass\n|move|p1a: Breloom|Rock Tomb|p2a: MAGICIANS RED\n|-damage|p2a: MAGICIANS RED|73\/100\n|-unboost|p2a: MAGICIANS RED|spe|1\n|move|p2a: MAGICIANS RED|Magma Storm|p1a: Breloom\n|-damage|p1a: Breloom|0 fnt\n|faint|p1a: Breloom\n|\n|-heal|p2a: MAGICIANS RED|79\/100|[from] item: Leftovers\n|upkeep\n|\n|t:|1700425130\n|switch|p1a: Greninja|Greninja, M|100\/100\n|turn|9\n|\n|t:|1700425139\n|move|p1a: Greninja|Ice Punch|p2a: MAGICIANS RED\n|-start|p1a: Greninja|typechange|Ice|[from] ability: Protean\n|-supereffective|p2a: MAGICIANS RED\n|-damage|p2a: MAGICIANS RED|24\/100\n|-damage|p1a: Greninja|91\/100|[from] item: Life Orb\n|move|p2a: MAGICIANS RED|Magma Storm|p1a: Greninja|[miss]\n|-miss|p2a: MAGICIANS RED|p1a: Greninja\n|\n|-heal|p2a: MAGICIANS RED|30\/100|[from] item: Leftovers\n|upkeep\n|turn|10\n|\n|t:|1700425152\n|switch|p2a: HAMONCLACKERVOLLEY|Tinkaton, F|67\/100\n|-ability|p2a: HAMONCLACKERVOLLEY|Mold Breaker\n|move|p1a: Greninja|Ice Punch|p2a: HAMONCLACKERVOLLEY\n|-resisted|p2a: HAMONCLACKERVOLLEY\n|-damage|p2a: HAMONCLACKERVOLLEY|44\/100\n|-damage|p1a: Greninja|81\/100|[from] item: Life Orb\n|\n|-heal|p2a: HAMONCLACKERVOLLEY|50\/100|[from] item: Leftovers\n|upkeep\n|turn|11\n|\n|t:|1700425165\n|move|p1a: Greninja|Hydro Pump|p2a: HAMONCLACKERVOLLEY|[miss]\n|-miss|p1a: Greninja|p2a: HAMONCLACKERVOLLEY\n|move|p2a: HAMONCLACKERVOLLEY|Gigaton Hammer|p1a: Greninja\n|-supereffective|p1a: Greninja\n|-damage|p1a: Greninja|0 fnt\n|faint|p1a: Greninja\n|\n|-heal|p2a: HAMONCLACKERVOLLEY|56\/100|[from] item: Leftovers\n|upkeep\n|\n|t:|1700425175\n|switch|p1a: Dragapult|Dragapult, F|72\/100\n|turn|12\n|\n|t:|1700425182\n|move|p1a: Dragapult|Flamethrower|p2a: HAMONCLACKERVOLLEY\n|-supereffective|p2a: HAMONCLACKERVOLLEY\n|-damage|p2a: HAMONCLACKERVOLLEY|0 fnt\n|faint|p2a: HAMONCLACKERVOLLEY\n|-damage|p1a: Dragapult|62\/100|[from] item: Life Orb\n|\n|upkeep\n|\n|t:|1700425186\n|switch|p2a: Wriothesley|Zamazenta|100\/100\n|-ability|p2a: Wriothesley|Dauntless Shield|boost\n|-boost|p2a: Wriothesley|def|1\n|turn|13\n|\n|t:|1700425197\n|move|p1a: Dragapult|Draco Meteor|p2a: Wriothesley\n|-damage|p2a: Wriothesley|33\/100\n|-unboost|p1a: Dragapult|spa|2\n|-damage|p1a: Dragapult|52\/100|[from] item: Life Orb\n|move|p2a: Wriothesley|Crunch|p1a: Dragapult\n|-supereffective|p1a: Dragapult\n|-damage|p1a: Dragapult|0 fnt\n|faint|p1a: Dragapult\n|\n|upkeep\n|\n|t:|1700425207\n|switch|p1a: Dondozo|Dondozo, M|98\/100\n|turn|14\n|\n|t:|1700425222\n|switch|p2a: FAT ABSORPTION|Bellibolt, M|100\/100 slp\n|move|p1a: Dondozo|Wave Crash|p2a: FAT ABSORPTION\n|-damage|p2a: FAT ABSORPTION|76\/100 slp\n|-start|p2a: FAT ABSORPTION|Charge|Wave Crash|[from] ability: Electromorphosis\n|-damage|p1a: Dondozo|92\/100|[from] Recoil\n|\n|-heal|p2a: FAT ABSORPTION|82\/100 slp|[from] item: Leftovers\n|-heal|p1a: Dondozo|98\/100|[from] item: Leftovers\n|upkeep\n|turn|15\n|\n|t:|1700425234\n|cant|p2a: FAT ABSORPTION|slp\n|-end|p2a: FAT ABSORPTION|Charge|[silent]\n|move|p1a: Dondozo|Body Press|p2a: FAT ABSORPTION\n|-damage|p2a: FAT ABSORPTION|64\/100 slp\n|-start|p2a: FAT ABSORPTION|Charge|Body Press|[from] ability: Electromorphosis\n|\n|-heal|p2a: FAT ABSORPTION|70\/100 slp|[from] item: Leftovers\n|-heal|p1a: Dondozo|100\/100|[from] item: Leftovers\n|upkeep\n|turn|16\n|\n|t:|1700425246\n|move|p1a: Dondozo|Protect|p1a: Dondozo\n|-singleturn|p1a: Dondozo|Protect\n|cant|p2a: FAT ABSORPTION|slp\n|\n|-heal|p2a: FAT ABSORPTION|76\/100 slp|[from] item: Leftovers\n|upkeep\n|turn|17\n|\n|t:|1700425254\n|-curestatus|p2a: FAT ABSORPTION|slp|[msg]\n|move|p2a: FAT ABSORPTION|Parabolic Charge|p1a: Dondozo\n|-supereffective|p1a: Dondozo\n|-damage|p1a: Dondozo|20\/100\n|-heal|p2a: FAT ABSORPTION|100\/100|[from] drain|[of] p1a: Dondozo\n|-end|p2a: FAT ABSORPTION|Charge|[silent]\n|move|p1a: Dondozo|Body Press|p2a: FAT ABSORPTION\n|-damage|p2a: FAT ABSORPTION|82\/100\n|-start|p2a: FAT ABSORPTION|Charge|Body Press|[from] ability: Electromorphosis\n|\n|-heal|p2a: FAT ABSORPTION|88\/100|[from] item: Leftovers\n|-heal|p1a: Dondozo|26\/100|[from] item: Leftovers\n|upkeep\n|turn|18\n|\n|t:|1700425271\n|move|p2a: FAT ABSORPTION|Parabolic Charge|p1a: Dondozo\n|-supereffective|p1a: Dondozo\n|-damage|p1a: Dondozo|0 fnt\n|-heal|p2a: FAT ABSORPTION|100\/100|[from] drain|[of] p1a: Dondozo\n|faint|p1a: Dondozo\n|-end|p2a: FAT ABSORPTION|Charge|[silent]\n|\n|upkeep\n|\n|t:|1700425277\n|switch|p1a: Samurott|Samurott-Hisui, M|100\/100\n|turn|19\n|\n|t:|1700425284\n|move|p1a: Samurott|Sacred Sword|p2a: FAT ABSORPTION\n|-damage|p2a: FAT ABSORPTION|66\/100\n|-start|p2a: FAT ABSORPTION|Charge|Sacred Sword|[from] ability: Electromorphosis\n|-damage|p1a: Samurott|91\/100|[from] item: Life Orb\n|move|p2a: FAT ABSORPTION|Parabolic Charge|p1a: Samurott\n|-supereffective|p1a: Samurott\n|-damage|p1a: Samurott|0 fnt\n|-heal|p2a: FAT ABSORPTION|99\/100|[from] drain|[of] p1a: Samurott\n|faint|p1a: Samurott\n|-end|p2a: FAT ABSORPTION|Charge|[silent]\n|\n|win|Exusiai-PngnLgstcs\n|c|\u2606Exusiai-PngnLgstcs|gg\n","uploadtime":1700425295,"views":22,"p1id":"silvershire","p2id":"exusiaipngnlgstcs","formatid":"gen9ou","rating":0,"private":0,"password":""}