{"id":"gen9ou-1996405774","p1":"Lovesosa46","p2":"Nyles Morales","format":"[Gen 9] OU","log":"|j|\u2606Lovesosa46\n|j|\u2606Nyles Morales\n|t:|1700678934\n|gametype|singles\n|player|p1|Lovesosa46|skier|1105\n|player|p2|Nyles Morales|carmine|1062\n|teamsize|p1|6\n|teamsize|p2|6\n|gen|9\n|tier|[Gen 9] OU\n|rated|\n|rule|Sleep Clause Mod: Limit one foe put to sleep\n|rule|Species Clause: Limit one of each Pok\u00e9mon\n|rule|OHKO Clause: OHKO moves are banned\n|rule|Evasion Items Clause: Evasion items are banned\n|rule|Evasion Moves Clause: Evasion moves are banned\n|rule|Endless Battle Clause: Forcing endless battles is banned\n|rule|HP Percentage Mod: HP is shown in percentages\n|clearpoke\n|poke|p1|Corviknight, M|\n|poke|p1|Ribombee, M|\n|poke|p1|Gholdengo|\n|poke|p1|Blissey, F|\n|poke|p1|Ceruledge, M|\n|poke|p1|Meowscarada, F|\n|poke|p2|Mimikyu, M|\n|poke|p2|Ribombee, F|\n|poke|p2|Greninja-*, F|\n|poke|p2|Kingambit, M|\n|poke|p2|Dragapult, F|\n|poke|p2|Great Tusk|\n|teampreview\n|inactive|Battle timer is ON: inactive players will automatically lose when time's up. (requested by Nyles Morales)\n|\n|t:|1700678945\n|start\n|switch|p1a: Ceruledge|Ceruledge, M|100\/100\n|switch|p2a: Dragapult|Dragapult, F, shiny|100\/100\n|turn|1\n|\n|t:|1700678960\n|switch|p1a: Blissey|Blissey, F|100\/100\n|move|p2a: Dragapult|Draco Meteor|p1a: Blissey\n|-damage|p1a: Blissey|67\/100\n|-unboost|p2a: Dragapult|spa|2\n|\n|-heal|p1a: Blissey|73\/100|[from] item: Leftovers\n|upkeep\n|turn|2\n|\n|t:|1700678966\n|switch|p2a: Ribombee|Ribombee, F|100\/100\n|move|p1a: Blissey|Stealth Rock|p2a: Ribombee\n|-sidestart|p2: Nyles Morales|move: Stealth Rock\n|\n|-heal|p1a: Blissey|79\/100|[from] item: Leftovers\n|upkeep\n|turn|3\n|\n|t:|1700678976\n|switch|p1a: Ceruledge|Ceruledge, M|100\/100\n|move|p2a: Ribombee|Sticky Web|p1a: Ceruledge\n|-sidestart|p1: Lovesosa46|move: Sticky Web\n|\n|upkeep\n|turn|4\n|\n|t:|1700678982\n|move|p2a: Ribombee|Stun Spore|p1a: Ceruledge|[miss]\n|-miss|p2a: Ribombee|p1a: Ceruledge\n|move|p1a: Ceruledge|Swords Dance|p1a: Ceruledge\n|-boost|p1a: Ceruledge|atk|2\n|\n|upkeep\n|turn|5\n|\n|t:|1700678984\n|move|p2a: Ribombee|Stun Spore|p1a: Ceruledge\n|-status|p1a: Ceruledge|par\n|cant|p1a: Ceruledge|par\n|\n|upkeep\n|turn|6\n|\n|t:|1700678989\n|move|p2a: Ribombee|U-turn|p1a: Ceruledge\n|-resisted|p1a: Ceruledge\n|-damage|p1a: Ceruledge|95\/100 par\n|-ability|p1a: Ceruledge|Weak Armor|boost\n|-unboost|p1a: Ceruledge|def|1\n|-boost|p1a: Ceruledge|spe|2\n|\n|t:|1700678995\n|switch|p2a: Great Tusk|Great Tusk|100\/100|[from] U-turn\n|-damage|p2a: Great Tusk|98\/100|[from] Stealth Rock\n|move|p1a: Ceruledge|Bitter Blade|p2a: Great Tusk\n|-damage|p2a: Great Tusk|44\/100\n|-heal|p1a: Ceruledge|100\/100 par|[from] drain|[of] p2a: Great Tusk\n|-damage|p1a: Ceruledge|84\/100 par|[from] item: Rocky Helmet|[of] p2a: Great Tusk\n|-damage|p1a: Ceruledge|74\/100 par|[from] item: Life Orb\n|\n|upkeep\n|turn|7\n|\n|t:|1700679003\n|move|p1a: Ceruledge|Will-O-Wisp|p2a: Great Tusk\n|-status|p2a: Great Tusk|brn\n|move|p2a: Great Tusk|Knock Off|p1a: Ceruledge\n|-supereffective|p1a: Ceruledge\n|-damage|p1a: Ceruledge|17\/100 par\n|-ability|p1a: Ceruledge|Weak Armor|boost\n|-unboost|p1a: Ceruledge|def|1\n|-boost|p1a: Ceruledge|spe|2\n|-enditem|p1a: Ceruledge|Life Orb|[from] move: Knock Off|[of] p2a: Great Tusk\n|\n|-damage|p2a: Great Tusk|37\/100 brn|[from] brn\n|upkeep\n|turn|8\n|\n|t:|1700679011\n|move|p1a: Ceruledge|Bitter Blade|p2a: Great Tusk\n|-damage|p2a: Great Tusk|0 fnt\n|-heal|p1a: Ceruledge|45\/100 par|[from] drain|[of] p2a: Great Tusk\n|-damage|p1a: Ceruledge|28\/100 par|[from] item: Rocky Helmet|[of] p2a: Great Tusk\n|faint|p2a: Great Tusk\n|-end|p2a: Great Tusk|Protosynthesis|[silent]\n|\n|upkeep\n|\n|t:|1700679014\n|switch|p2a: Greninja|Greninja, F|100\/100\n|-damage|p2a: Greninja|88\/100|[from] Stealth Rock\n|turn|9\n|\n|t:|1700679020\n|move|p2a: Greninja|Water Shuriken|p1a: Ceruledge\n|-start|p2a: Greninja|typechange|Water|[from] ability: Protean\n|-supereffective|p1a: Ceruledge\n|-damage|p1a: Ceruledge|5\/100 par\n|-supereffective|p1a: Ceruledge\n|-damage|p1a: Ceruledge|0 fnt\n|faint|p1a: Ceruledge\n|-hitcount|p1: Ceruledge|2\n|\n|upkeep\n|\n|t:|1700679024\n|switch|p1a: Meowscarada|Meowscarada, F|100\/100\n|-activate|p1a: Meowscarada|move: Sticky Web\n|-unboost|p1a: Meowscarada|spe|1\n|turn|10\n|\n|t:|1700679030\n|switch|p2a: Ribombee|Ribombee, F|100\/100\n|-damage|p2a: Ribombee|76\/100|[from] Stealth Rock\n|move|p1a: Meowscarada|U-turn|p2a: Ribombee\n|-start|p1a: Meowscarada|typechange|Bug|[from] ability: Protean\n|-resisted|p2a: Ribombee\n|-damage|p2a: Ribombee|28\/100\n|\n|t:|1700679039\n|switch|p1a: Corviknight|Corviknight, M|100\/100|[from] U-turn\n|\n|upkeep\n|turn|11\n|\n|t:|1700679044\n|move|p2a: Ribombee|Stun Spore|p1a: Corviknight\n|-status|p1a: Corviknight|par\n|move|p1a: Corviknight|Defog|p2a: Ribombee\n|-unboost|p2a: Ribombee|evasion|1\n|-sideend|p2: Nyles Morales|Stealth Rock|[from] move: Defog|[of] p1a: Corviknight\n|-sideend|p1: Lovesosa46|Sticky Web|[from] move: Defog|[of] p1a: Corviknight\n|\n|upkeep\n|turn|12\n|\n|t:|1700679051\n|move|p2a: Ribombee|Sticky Web|p1a: Corviknight\n|-sidestart|p1: Lovesosa46|move: Sticky Web\n|cant|p1a: Corviknight|par\n|\n|upkeep\n|turn|13\n|\n|t:|1700679055\n|switch|p2a: Dragapult|Dragapult, F, shiny|100\/100\n|move|p1a: Corviknight|Body Press|p2a: Dragapult\n|-immune|p2a: Dragapult\n|\n|upkeep\n|turn|14\n|\n|t:|1700679062\n|move|p2a: Dragapult|Thunderbolt|p1a: Corviknight\n|-supereffective|p1a: Corviknight\n|-damage|p1a: Corviknight|38\/100 par\n|move|p1a: Corviknight|Defog|p2a: Dragapult\n|-fail|p2a: Dragapult|unboost|[from] ability: Clear Body|[of] p2a: Dragapult\n|-sideend|p1: Lovesosa46|Sticky Web|[from] move: Defog|[of] p1a: Corviknight\n|\n|-heal|p1a: Corviknight|45\/100 par|[from] item: Leftovers\n|upkeep\n|turn|15\n|\n|t:|1700679069\n|-terastallize|p1a: Corviknight|Ground\n|move|p2a: Dragapult|Thunderbolt|p1a: Corviknight\n|-immune|p1a: Corviknight\n|move|p1a: Corviknight|Roost|p1a: Corviknight\n|-heal|p1a: Corviknight|95\/100 par\n|\n|-heal|p1a: Corviknight|100\/100 par|[from] item: Leftovers\n|upkeep\n|turn|16\n|\n|t:|1700679076\n|switch|p2a: Ribombee|Ribombee, F|28\/100\n|move|p1a: Corviknight|Bulk Up|p1a: Corviknight\n|-boost|p1a: Corviknight|atk|1\n|-boost|p1a: Corviknight|def|1\n|\n|upkeep\n|turn|17\n|\n|t:|1700679080\n|move|p2a: Ribombee|Sticky Web|p1a: Corviknight\n|-sidestart|p1: Lovesosa46|move: Sticky Web\n|move|p1a: Corviknight|Body Press|p2a: Ribombee\n|-resisted|p2a: Ribombee\n|-damage|p2a: Ribombee|13\/100\n|\n|upkeep\n|turn|18\n|\n|t:|1700679085\n|move|p2a: Ribombee|Moonblast|p1a: Corviknight\n|-crit|p1a: Corviknight\n|-damage|p1a: Corviknight|57\/100 par\n|cant|p1a: Corviknight|par\n|\n|-heal|p1a: Corviknight|64\/100 par|[from] item: Leftovers\n|upkeep\n|turn|19\n|\n|t:|1700679089\n|move|p2a: Ribombee|Moonblast|p1a: Corviknight\n|-damage|p1a: Corviknight|35\/100 par\n|-ability|p1a: Corviknight|Mirror Armor\n|-unboost|p2a: Ribombee|spa|1\n|move|p1a: Corviknight|Body Press|p2a: Ribombee\n|-resisted|p2a: Ribombee\n|-damage|p2a: Ribombee|0 fnt\n|faint|p2a: Ribombee\n|\n|-heal|p1a: Corviknight|41\/100 par|[from] item: Leftovers\n|upkeep\n|\n|t:|1700679093\n|switch|p2a: Greninja|Greninja, F|88\/100\n|turn|20\n|\n|t:|1700679097\n|switch|p1a: Meowscarada|Meowscarada, F|100\/100\n|-activate|p1a: Meowscarada|move: Sticky Web\n|-unboost|p1a: Meowscarada|spe|1\n|move|p2a: Greninja|Ice Beam|p1a: Meowscarada\n|-start|p2a: Greninja|typechange|Ice|[from] ability: Protean\n|-supereffective|p1a: Meowscarada\n|-damage|p1a: Meowscarada|0 fnt\n|faint|p1a: Meowscarada\n|\n|upkeep\n|\n|t:|1700679105\n|switch|p1a: Blissey|Blissey, F|79\/100\n|-activate|p1a: Blissey|move: Sticky Web\n|-unboost|p1a: Blissey|spe|1\n|turn|21\n|\n|t:|1700679111\n|switch|p2a: Mimikyu|Mimikyu, M|100\/100\n|move|p1a: Blissey|Soft-Boiled|p1a: Blissey\n|-heal|p1a: Blissey|100\/100\n|\n|upkeep\n|turn|22\n|-message|Lovesosa46 forfeited.\n|\n|win|Nyles Morales\n|raw|Lovesosa46's rating: 1105 &rarr; <strong>1077<\/strong><br \/>(-28 for losing)\n|raw|Nyles Morales's rating: 1062 &rarr; <strong>1096<\/strong><br \/>(+34 for winning)\n|l|\u2606Lovesosa46\n|c|\u2606Nyles Morales|why terra ground and not water\n","uploadtime":1700679130,"views":3,"p1id":"lovesosa46","p2id":"nylesmorales","formatid":"gen9ou","rating":1077,"private":0,"password":""}