{"id":"gen9ou-1994260702","p1":"ThiagoCool","p2":"Jeannot_m","format":"[Gen 9] OU","log":"|j|\u2606ThiagoCool\n|j|\u2606Jeannot_m\n|t:|1700424545\n|gametype|singles\n|player|p1|ThiagoCool|caitlin|1138\n|player|p2|Jeannot_m|266|1222\n|teamsize|p1|6\n|teamsize|p2|6\n|gen|9\n|tier|[Gen 9] OU\n|rated|\n|rule|Sleep Clause Mod: Limit one foe put to sleep\n|rule|Species Clause: Limit one of each Pok\u00e9mon\n|rule|OHKO Clause: OHKO moves are banned\n|rule|Evasion Items Clause: Evasion items are banned\n|rule|Evasion Moves Clause: Evasion moves are banned\n|rule|Endless Battle Clause: Forcing endless battles is banned\n|rule|HP Percentage Mod: HP is shown in percentages\n|clearpoke\n|poke|p1|Masquerain, M|\n|poke|p1|Dragapult, M|\n|poke|p1|Breloom, M|\n|poke|p1|Gholdengo|\n|poke|p1|Rillaboom, M|\n|poke|p1|Samurott-Hisui, M|\n|poke|p2|Enamorus, F|\n|poke|p2|Samurott-Hisui, M|\n|poke|p2|Ting-Lu|\n|poke|p2|Sneasler, F|\n|poke|p2|Amoonguss, M|\n|poke|p2|Great Tusk|\n|teampreview\n|inactive|Battle timer is ON: inactive players will automatically lose when time's up. (requested by Jeannot_m)\n|\n|t:|1700424564\n|start\n|switch|p1a: Samurott|Samurott-Hisui, M|100\/100\n|switch|p2a: Sneasler|Sneasler, F|100\/100\n|turn|1\n|\n|t:|1700424571\n|move|p2a: Sneasler|Fake Out|p1a: Samurott\n|-damage|p1a: Samurott|83\/100\n|-status|p1a: Samurott|psn|[from] ability: Poison Touch|[of] p2a: Sneasler\n|cant|p1a: Samurott|flinch\n|\n|-damage|p1a: Samurott|70\/100 psn|[from] psn\n|upkeep\n|turn|2\n|\n|t:|1700424588\n|move|p1a: Samurott|Razor Shell|p2a: Sneasler\n|-damage|p2a: Sneasler|6\/100\n|move|p2a: Sneasler|U-turn|p1a: Samurott\n|-supereffective|p1a: Samurott\n|-damage|p1a: Samurott|2\/100 psn\n|\n|t:|1700424597\n|switch|p2a: Ting-Lu|Ting-Lu|100\/100|[from] U-turn\n|-ability|p2a: Ting-Lu|Vessel of Ruin\n|\n|-damage|p1a: Samurott|0 fnt|[from] psn\n|faint|p1a: Samurott\n|upkeep\n|\n|t:|1700424604\n|switch|p1a: Rillaboom|Rillaboom, M|100\/100\n|-fieldstart|move: Grassy Terrain|[from] ability: Grassy Surge|[of] p1a: Rillaboom\n|turn|3\n|\n|t:|1700424608\n|switch|p2a: Amoonguss|Amoonguss, M, shiny|100\/100\n|move|p1a: Rillaboom|Grassy Glide|p2a: Amoonguss\n|-resisted|p2a: Amoonguss\n|-damage|p2a: Amoonguss|89\/100\n|-damage|p1a: Rillaboom|84\/100|[from] item: Rocky Helmet|[of] p2a: Amoonguss\n|\n|-heal|p1a: Rillaboom|90\/100|[from] Grassy Terrain\n|-heal|p2a: Amoonguss|95\/100|[from] Grassy Terrain\n|upkeep\n|turn|4\n|\n|t:|1700424615\n|switch|p1a: Sticky Fingers|Masquerain, M|100\/100\n|-ability|p1a: Sticky Fingers|Intimidate|boost\n|-unboost|p2a: Amoonguss|atk|1\n|move|p2a: Amoonguss|Sludge Bomb|p1a: Sticky Fingers\n|-damage|p1a: Sticky Fingers|70\/100\n|\n|-heal|p2a: Amoonguss|100\/100|[from] Grassy Terrain\n|upkeep\n|turn|5\n|\n|t:|1700424627\n|switch|p2a: Ting-Lu|Ting-Lu|100\/100\n|-ability|p2a: Ting-Lu|Vessel of Ruin\n|move|p1a: Sticky Fingers|Sticky Web|p2a: Ting-Lu\n|-sidestart|p2: Jeannot_m|move: Sticky Web\n|\n|upkeep\n|turn|6\n|\n|t:|1700424633\n|move|p1a: Sticky Fingers|U-turn|p2a: Ting-Lu\n|-supereffective|p2a: Ting-Lu\n|-damage|p2a: Ting-Lu|84\/100\n|\n|t:|1700424636\n|switch|p1a: Rillaboom|Rillaboom, M|90\/100|[from] U-turn\n|move|p2a: Ting-Lu|Stealth Rock|p1a: Rillaboom\n|-sidestart|p1: ThiagoCool|move: Stealth Rock\n|\n|-heal|p1a: Rillaboom|96\/100|[from] Grassy Terrain\n|-heal|p2a: Ting-Lu|90\/100|[from] Grassy Terrain\n|-heal|p2a: Ting-Lu|97\/100|[from] item: Leftovers\n|upkeep\n|turn|7\n|\n|t:|1700424642\n|switch|p2a: Amoonguss|Amoonguss, M, shiny|100\/100\n|-activate|p2a: Amoonguss|move: Sticky Web\n|-unboost|p2a: Amoonguss|spe|1\n|move|p1a: Rillaboom|U-turn|p2a: Amoonguss\n|-damage|p2a: Amoonguss|68\/100\n|-damage|p1a: Rillaboom|80\/100|[from] item: Rocky Helmet|[of] p2a: Amoonguss\n|\n|t:|1700424650\n|switch|p1a: Sticky Fingers|Masquerain, M|70\/100|[from] U-turn\n|-ability|p1a: Sticky Fingers|Intimidate|boost\n|-unboost|p2a: Amoonguss|atk|1\n|\n|-heal|p2a: Amoonguss|74\/100|[from] Grassy Terrain\n|-fieldend|move: Grassy Terrain\n|upkeep\n|turn|8\n|\n|t:|1700424656\n|move|p1a: Sticky Fingers|Hurricane|p2a: Amoonguss\n|-supereffective|p2a: Amoonguss\n|-damage|p2a: Amoonguss|12\/100\n|-start|p2a: Amoonguss|confusion\n|-activate|p2a: Amoonguss|confusion\n|-damage|p2a: Amoonguss|8\/100|[from] confusion\n|\n|upkeep\n|turn|9\n|\n|t:|1700424666\n|switch|p2a: Ting-Lu|Ting-Lu|97\/100\n|-activate|p2a: Ting-Lu|move: Sticky Web\n|-unboost|p2a: Ting-Lu|spe|1\n|-ability|p2a: Ting-Lu|Vessel of Ruin\n|move|p1a: Sticky Fingers|Ice Beam|p2a: Ting-Lu\n|-supereffective|p2a: Ting-Lu\n|-damage|p2a: Ting-Lu|78\/100\n|\n|-heal|p2a: Ting-Lu|85\/100|[from] item: Leftovers\n|upkeep\n|turn|10\n|\n|t:|1700424674\n|move|p1a: Sticky Fingers|U-turn|p2a: Ting-Lu\n|-supereffective|p2a: Ting-Lu\n|-damage|p2a: Ting-Lu|68\/100\n|\n|t:|1700424676\n|switch|p1a: Rillaboom|Rillaboom, M|80\/100|[from] U-turn\n|-damage|p1a: Rillaboom|68\/100|[from] Stealth Rock\n|-fieldstart|move: Grassy Terrain|[from] ability: Grassy Surge|[of] p1a: Rillaboom\n|move|p2a: Ting-Lu|Whirlwind|p1a: Rillaboom\n|drag|p1a: Thuggapult|Dragapult, M|100\/100\n|-damage|p1a: Thuggapult|88\/100|[from] Stealth Rock\n|\n|-heal|p1a: Thuggapult|94\/100|[from] Grassy Terrain\n|-heal|p2a: Ting-Lu|74\/100|[from] Grassy Terrain\n|-heal|p2a: Ting-Lu|80\/100|[from] item: Leftovers\n|upkeep\n|turn|11\n|\n|t:|1700424689\n|move|p1a: Thuggapult|U-turn|p2a: Ting-Lu\n|-supereffective|p2a: Ting-Lu\n|-damage|p2a: Ting-Lu|63\/100\n|\n|t:|1700424693\n|switch|p1a: PVZ|Breloom, M|100\/100|[from] U-turn\n|-damage|p1a: PVZ|94\/100|[from] Stealth Rock\n|move|p2a: Ting-Lu|Ruination|p1a: PVZ\n|-damage|p1a: PVZ|48\/100\n|\n|-heal|p1a: PVZ|54\/100|[from] Grassy Terrain\n|-heal|p2a: Ting-Lu|69\/100|[from] Grassy Terrain\n|-heal|p2a: Ting-Lu|76\/100|[from] item: Leftovers\n|upkeep\n|turn|12\n|\n|t:|1700424702\n|switch|p2a: Amoonguss|Amoonguss, M, shiny|42\/100\n|-activate|p2a: Amoonguss|move: Sticky Web\n|-unboost|p2a: Amoonguss|spe|1\n|move|p1a: PVZ|Bullet Seed|p2a: Amoonguss\n|-resisted|p2a: Amoonguss\n|-damage|p2a: Amoonguss|36\/100\n|-resisted|p2a: Amoonguss\n|-damage|p2a: Amoonguss|30\/100\n|-resisted|p2a: Amoonguss\n|-damage|p2a: Amoonguss|25\/100\n|-resisted|p2a: Amoonguss\n|-damage|p2a: Amoonguss|19\/100\n|-resisted|p2a: Amoonguss\n|-damage|p2a: Amoonguss|13\/100\n|-hitcount|p2a: Amoonguss|5\n|\n|-heal|p1a: PVZ|60\/100|[from] Grassy Terrain\n|-heal|p2a: Amoonguss|19\/100|[from] Grassy Terrain\n|upkeep\n|turn|13\n|\n|t:|1700424714\n|move|p1a: PVZ|Bulldoze|p2a: Amoonguss\n|-damage|p2a: Amoonguss|5\/100\n|-unboost|p2a: Amoonguss|spe|1\n|move|p2a: Amoonguss|Sludge Bomb|p1a: PVZ\n|-supereffective|p1a: PVZ\n|-damage|p1a: PVZ|0 fnt\n|faint|p1a: PVZ\n|\n|-heal|p2a: Amoonguss|12\/100|[from] Grassy Terrain\n|upkeep\n|\n|t:|1700424724\n|switch|p1a: Rillaboom|Rillaboom, M|68\/100\n|-damage|p1a: Rillaboom|55\/100|[from] Stealth Rock\n|turn|14\n|\n|t:|1700424749\n|switch|p2a: Great Tusk|Great Tusk|100\/100\n|-activate|p2a: Great Tusk|move: Sticky Web\n|-unboost|p2a: Great Tusk|spe|1\n|move|p1a: Rillaboom|Knock Off|p2a: Great Tusk\n|-resisted|p2a: Great Tusk\n|-damage|p2a: Great Tusk|83\/100\n|-enditem|p2a: Great Tusk|Leftovers|[from] move: Knock Off|[of] p1a: Rillaboom\n|\n|-heal|p1a: Rillaboom|61\/100|[from] Grassy Terrain\n|-heal|p2a: Great Tusk|89\/100|[from] Grassy Terrain\n|-fieldend|move: Grassy Terrain\n|upkeep\n|turn|15\n|\n|t:|1700424759\n|switch|p1a: Thuggapult|Dragapult, M|94\/100\n|-damage|p1a: Thuggapult|82\/100|[from] Stealth Rock\n|move|p2a: Great Tusk|Rapid Spin|p1a: Thuggapult\n|-immune|p1a: Thuggapult\n|\n|upkeep\n|turn|16\n|\n|t:|1700424765\n|-end|p2a: Great Tusk|Protosynthesis|[silent]\n|switch|p2a: Ting-Lu|Ting-Lu|76\/100\n|-activate|p2a: Ting-Lu|move: Sticky Web\n|-unboost|p2a: Ting-Lu|spe|1\n|-ability|p2a: Ting-Lu|Vessel of Ruin\n|move|p1a: Thuggapult|Draco Meteor|p2a: Ting-Lu|[miss]\n|-miss|p1a: Thuggapult|p2a: Ting-Lu\n|\n|-heal|p2a: Ting-Lu|82\/100|[from] item: Leftovers\n|upkeep\n|turn|17\n|\n|t:|1700424776\n|move|p1a: Thuggapult|Draco Meteor|p2a: Ting-Lu\n|-damage|p2a: Ting-Lu|40\/100\n|-unboost|p1a: Thuggapult|spa|2\n|move|p2a: Ting-Lu|Ruination|p1a: Thuggapult\n|-damage|p1a: Thuggapult|41\/100\n|\n|-heal|p2a: Ting-Lu|46\/100|[from] item: Leftovers\n|upkeep\n|turn|18\n|\n|t:|1700424787\n|switch|p1a: Rillaboom|Rillaboom, M|61\/100\n|-damage|p1a: Rillaboom|49\/100|[from] Stealth Rock\n|-fieldstart|move: Grassy Terrain|[from] ability: Grassy Surge|[of] p1a: Rillaboom\n|switch|p2a: Enamorus|Enamorus, F|100\/100\n|\n|-heal|p1a: Rillaboom|55\/100|[from] Grassy Terrain\n|upkeep\n|turn|19\n|\n|t:|1700424799\n|switch|p1a: Thuggapult|Dragapult, M|41\/100\n|-damage|p1a: Thuggapult|29\/100|[from] Stealth Rock\n|move|p2a: Enamorus|Mystical Fire|p1a: Thuggapult\n|-resisted|p1a: Thuggapult\n|-damage|p1a: Thuggapult|10\/100\n|-unboost|p1a: Thuggapult|spa|1\n|\n|-heal|p1a: Thuggapult|16\/100|[from] Grassy Terrain\n|upkeep\n|turn|20\n|\n|t:|1700424807\n|move|p2a: Enamorus|Mystical Fire|p1a: Thuggapult\n|-resisted|p1a: Thuggapult\n|-damage|p1a: Thuggapult|0 fnt\n|faint|p1a: Thuggapult\n|\n|upkeep\n|\n|t:|1700424810\n|switch|p1a: Gholden Experience|Gholdengo|100\/100\n|-damage|p1a: Gholden Experience|94\/100|[from] Stealth Rock\n|turn|21\n|\n|t:|1700424815\n|move|p2a: Enamorus|Mystical Fire|p1a: Gholden Experience\n|-supereffective|p1a: Gholden Experience\n|-damage|p1a: Gholden Experience|32\/100\n|move|p1a: Gholden Experience|Make It Rain|p2a: Enamorus\n|-supereffective|p2a: Enamorus\n|-damage|p2a: Enamorus|0 fnt\n|-unboost|p1a: Gholden Experience|spa|1\n|faint|p2a: Enamorus\n|\n|-heal|p1a: Gholden Experience|38\/100|[from] Grassy Terrain\n|upkeep\n|\n|t:|1700424827\n|switch|p2a: Ting-Lu|Ting-Lu|46\/100\n|-activate|p2a: Ting-Lu|move: Sticky Web\n|-unboost|p2a: Ting-Lu|spe|1\n|-ability|p2a: Ting-Lu|Vessel of Ruin\n|turn|22\n|\n|t:|1700424835\n|-terastallize|p1a: Gholden Experience|Flying\n|move|p1a: Gholden Experience|Recover|p1a: Gholden Experience\n|-heal|p1a: Gholden Experience|88\/100\n|move|p2a: Ting-Lu|Earthquake|p1a: Gholden Experience\n|-immune|p1a: Gholden Experience\n|\n|-heal|p2a: Ting-Lu|53\/100|[from] Grassy Terrain\n|-heal|p2a: Ting-Lu|59\/100|[from] item: Leftovers\n|-fieldend|move: Grassy Terrain\n|upkeep\n|turn|23\n|\n|t:|1700424852\n|switch|p2a: Great Tusk|Great Tusk|89\/100\n|-activate|p2a: Great Tusk|move: Sticky Web\n|-unboost|p2a: Great Tusk|spe|1\n|move|p1a: Gholden Experience|Nasty Plot|p1a: Gholden Experience\n|-boost|p1a: Gholden Experience|spa|2\n|\n|upkeep\n|turn|24\n|\n|t:|1700424863\n|move|p1a: Gholden Experience|Make It Rain|p2a: Great Tusk\n|-damage|p2a: Great Tusk|0 fnt\n|-unboost|p1a: Gholden Experience|spa|1\n|faint|p2a: Great Tusk\n|-end|p2a: Great Tusk|Protosynthesis|[silent]\n|\n|upkeep\n|\n|t:|1700424891\n|switch|p2a: Amoonguss|Amoonguss, M, shiny|45\/100\n|-activate|p2a: Amoonguss|move: Sticky Web\n|-unboost|p2a: Amoonguss|spe|1\n|turn|25\n|\n|t:|1700424898\n|-terastallize|p2a: Amoonguss|Water\n|move|p1a: Gholden Experience|Nasty Plot|p1a: Gholden Experience\n|-boost|p1a: Gholden Experience|spa|2\n|move|p2a: Amoonguss|Spore|p1a: Gholden Experience\n|-immune|p1a: Gholden Experience|[from] ability: Good as Gold\n|\n|upkeep\n|turn|26\n|\n|t:|1700424905\n|move|p1a: Gholden Experience|Nasty Plot|p1a: Gholden Experience\n|-boost|p1a: Gholden Experience|spa|2\n|move|p2a: Amoonguss|Sludge Bomb|p1a: Gholden Experience\n|-damage|p1a: Gholden Experience|58\/100\n|\n|upkeep\n|turn|27\n|\n|t:|1700424916\n|move|p1a: Gholden Experience|Recover|p1a: Gholden Experience\n|-heal|p1a: Gholden Experience|100\/100\n|move|p2a: Amoonguss|Foul Play|p1a: Gholden Experience\n|-damage|p1a: Gholden Experience|88\/100\n|\n|upkeep\n|turn|28\n|\n|t:|1700424921\n|move|p1a: Gholden Experience|Nasty Plot|p1a: Gholden Experience\n|-boost|p1a: Gholden Experience|spa|2\n|move|p2a: Amoonguss|Sludge Bomb|p1a: Gholden Experience\n|-damage|p1a: Gholden Experience|56\/100\n|\n|upkeep\n|turn|29\n|\n|t:|1700424924\n|move|p1a: Gholden Experience|Recover|p1a: Gholden Experience\n|-heal|p1a: Gholden Experience|100\/100\n|move|p2a: Amoonguss|Sludge Bomb|p1a: Gholden Experience\n|-damage|p1a: Gholden Experience|71\/100\n|\n|upkeep\n|turn|30\n|\n|t:|1700424928\n|move|p1a: Gholden Experience|Recover|p1a: Gholden Experience\n|-heal|p1a: Gholden Experience|100\/100\n|move|p2a: Amoonguss|Sludge Bomb|p1a: Gholden Experience\n|-damage|p1a: Gholden Experience|71\/100\n|\n|upkeep\n|turn|31\n|\n|t:|1700424939\n|switch|p2a: Samurott|Samurott-Hisui, M, shiny|100\/100\n|move|p1a: Gholden Experience|Recover|p1a: Gholden Experience\n|-heal|p1a: Gholden Experience|100\/100\n|\n|upkeep\n|turn|32\n|\n|t:|1700424945\n|move|p1a: Gholden Experience|Make It Rain|p2a: Samurott\n|-resisted|p2a: Samurott\n|-damage|p2a: Samurott|0 fnt\n|-unboost|p1a: Gholden Experience|spa|1\n|faint|p2a: Samurott\n|\n|upkeep\n|-message|Jeannot_m forfeited.\n|\n|win|ThiagoCool\n|raw|ThiagoCool's rating: 1138 &rarr; <strong>1167<\/strong><br \/>(+29 for winning)\n|raw|Jeannot_m's rating: 1191 &rarr; <strong>1162<\/strong><br \/>(-29 for losing)\n|l|\u2606Jeannot_m\n","uploadtime":1700424959,"views":14,"p1id":"thiagocool","p2id":"jeannotm","formatid":"gen9ou","rating":1162,"private":0,"password":""}