{"id":"gen9ou-1998264825","p1":"Kamthapoet","p2":"Sagiae999","format":"[Gen 9] OU","log":"|j|\u2606Kamthapoet\n|j|\u2606Sagiae999\n|t:|1700921962\n|gametype|singles\n|player|p1|Kamthapoet|rei|1342\n|player|p2|Sagiae999|lass-gen7|1427\n|teamsize|p1|6\n|teamsize|p2|6\n|gen|9\n|tier|[Gen 9] OU\n|rated|\n|rule|Sleep Clause Mod: Limit one foe put to sleep\n|rule|Species Clause: Limit one of each Pok\u00e9mon\n|rule|OHKO Clause: OHKO moves are banned\n|rule|Evasion Items Clause: Evasion items are banned\n|rule|Evasion Moves Clause: Evasion moves are banned\n|rule|Endless Battle Clause: Forcing endless battles is banned\n|rule|HP Percentage Mod: HP is shown in percentages\n|clearpoke\n|poke|p1|Sandy Shocks|\n|poke|p1|Walking Wake|\n|poke|p1|Slowbro, M|\n|poke|p1|Ting-Lu|\n|poke|p1|Weavile, M|\n|poke|p1|Iron Valiant|\n|poke|p2|Ogerpon-Wellspring, F|\n|poke|p2|Weavile, F|\n|poke|p2|Cinderace, M|\n|poke|p2|Zapdos|\n|poke|p2|Ting-Lu|\n|poke|p2|Gholdengo|\n|teampreview\n|inactive|Battle timer is ON: inactive players will automatically lose when time's up. (requested by Kamthapoet)\n|\n|t:|1700921972\n|start\n|switch|p1a: Sandy Shocks|Sandy Shocks|100\/100\n|switch|p2a: Cinderace|Cinderace, M|100\/100\n|-enditem|p1a: Sandy Shocks|Booster Energy\n|-activate|p1a: Sandy Shocks|ability: Protosynthesis|[fromitem]\n|-start|p1a: Sandy Shocks|protosynthesisspe\n|turn|1\n|\n|t:|1700921981\n|switch|p2a: Ting-Lu|Ting-Lu|100\/100\n|-ability|p2a: Ting-Lu|Vessel of Ruin\n|move|p1a: Sandy Shocks|Earth Power|p2a: Ting-Lu\n|-damage|p2a: Ting-Lu|83\/100\n|\n|-heal|p2a: Ting-Lu|89\/100|[from] item: Leftovers\n|upkeep\n|turn|2\n|\n|t:|1700921985\n|move|p1a: Sandy Shocks|Stealth Rock|p2a: Ting-Lu\n|-sidestart|p2: Sagiae999|move: Stealth Rock\n|move|p2a: Ting-Lu|Stealth Rock|p1a: Sandy Shocks\n|-sidestart|p1: Kamthapoet|move: Stealth Rock\n|\n|-heal|p2a: Ting-Lu|95\/100|[from] item: Leftovers\n|upkeep\n|turn|3\n|\n|t:|1700921990\n|-end|p1a: Sandy Shocks|Protosynthesis|[silent]\n|switch|p1a: Slowbro|Slowbro, M|100\/100\n|-damage|p1a: Slowbro|88\/100|[from] Stealth Rock\n|move|p2a: Ting-Lu|Spikes|p1a: Slowbro\n|-sidestart|p1: Kamthapoet|Spikes\n|\n|-heal|p2a: Ting-Lu|100\/100|[from] item: Leftovers\n|upkeep\n|turn|4\n|\n|t:|1700921994\n|move|p2a: Ting-Lu|Spikes|p1a: Slowbro\n|-sidestart|p1: Kamthapoet|Spikes\n|move|p1a: Slowbro|Scald|p2a: Ting-Lu\n|-supereffective|p2a: Ting-Lu\n|-damage|p2a: Ting-Lu|77\/100\n|\n|-heal|p2a: Ting-Lu|83\/100|[from] item: Leftovers\n|upkeep\n|turn|5\n|\n|t:|1700921998\n|move|p2a: Ting-Lu|Spikes|p1a: Slowbro\n|-sidestart|p1: Kamthapoet|Spikes\n|move|p1a: Slowbro|Scald|p2a: Ting-Lu\n|-supereffective|p2a: Ting-Lu\n|-damage|p2a: Ting-Lu|59\/100\n|\n|-heal|p2a: Ting-Lu|65\/100|[from] item: Leftovers\n|upkeep\n|turn|6\n|\n|t:|1700922001\n|switch|p2a: Ogerpon|Ogerpon-Wellspring, F|100\/100\n|-damage|p2a: Ogerpon|88\/100|[from] Stealth Rock\n|move|p1a: Slowbro|Scald|p2a: Ogerpon\n|-heal|p2a: Ogerpon|100\/100|[from] ability: Water Absorb|[of] p1a: Slowbro\n|\n|upkeep\n|turn|7\n|\n|t:|1700922009\n|switch|p1a: Sandy Shocks|Sandy Shocks|100\/100\n|-damage|p1a: Sandy Shocks|94\/100|[from] Stealth Rock\n|-damage|p1a: Sandy Shocks|70\/100|[from] Spikes\n|move|p2a: Ogerpon|Swords Dance|p2a: Ogerpon\n|-boost|p2a: Ogerpon|atk|2\n|\n|upkeep\n|turn|8\n|\n|t:|1700922015\n|move|p2a: Ogerpon|Ivy Cudgel|p1a: Sandy Shocks|[anim] Ivy Cudgel Water\n|-supereffective|p1a: Sandy Shocks\n|-damage|p1a: Sandy Shocks|0 fnt\n|faint|p1a: Sandy Shocks\n|-end|p1a: Sandy Shocks|Protosynthesis|[silent]\n|\n|upkeep\n|inactive|Kamthapoet has 120 seconds left.\n|\n|t:|1700922058\n|switch|p1a: Weavile|Weavile, M|100\/100\n|-damage|p1a: Weavile|76\/100|[from] Stealth Rock\n|-damage|p1a: Weavile|51\/100|[from] Spikes\n|-ability|p1a: Weavile|Pressure\n|turn|9\n|\n|t:|1700922062\n|move|p1a: Weavile|Icicle Crash|p2a: Ogerpon\n|-damage|p2a: Ogerpon|25\/100\n|-damage|p1a: Weavile|41\/100|[from] item: Life Orb\n|cant|p2a: Ogerpon|flinch\n|\n|upkeep\n|turn|10\n|\n|t:|1700922070\n|switch|p2a: Gholdengo|Gholdengo|100\/100\n|-damage|p2a: Gholdengo|94\/100|[from] Stealth Rock\n|move|p1a: Weavile|Knock Off|p2a: Gholdengo\n|-supereffective|p2a: Gholdengo\n|-damage|p2a: Gholdengo|0 fnt\n|-enditem|p2a: Gholdengo|Choice Scarf|[from] move: Knock Off|[of] p1a: Weavile\n|faint|p2a: Gholdengo\n|-damage|p1a: Weavile|31\/100|[from] item: Life Orb\n|\n|upkeep\n|\n|t:|1700922074\n|switch|p2a: Weavile|Weavile, F|100\/100\n|-ability|p2a: Weavile|Pressure\n|turn|11\n|\n|t:|1700922078\n|move|p1a: Weavile|Low Kick|p2a: Weavile\n|-supereffective|p2a: Weavile\n|-damage|p2a: Weavile|0 fnt\n|faint|p2a: Weavile\n|-damage|p1a: Weavile|21\/100|[from] item: Life Orb\n|\n|upkeep\n|\n|t:|1700922084\n|switch|p2a: Ting-Lu|Ting-Lu|65\/100\n|-damage|p2a: Ting-Lu|59\/100|[from] Stealth Rock\n|-ability|p2a: Ting-Lu|Vessel of Ruin\n|turn|12\n|\n|t:|1700922090\n|move|p1a: Weavile|Icicle Crash|p2a: Ting-Lu\n|-supereffective|p2a: Ting-Lu\n|-damage|p2a: Ting-Lu|0 fnt\n|faint|p2a: Ting-Lu\n|-damage|p1a: Weavile|11\/100|[from] item: Life Orb\n|\n|upkeep\n|l|\u2606Sagiae999\n|inactive|Sagiae999 disconnected and has a minute to reconnect!\n|player|p2|\n|c|\u2606Kamthapoet|Sheesh\n|inactive|Sagiae999 has 30 seconds to reconnect!\n|inactive|Sagiae999 has 20 seconds to reconnect!\n|inactive|Sagiae999 has 15 seconds to reconnect!\n|inactive|Sagiae999 has 10 seconds to reconnect!\n|inactive|Sagiae999 has 5 seconds to reconnect!\n|-message|Sagiae999 lost due to inactivity.\n|\n|win|Kamthapoet\n|raw|Kamthapoet's rating: 1342 &rarr; <strong>1367<\/strong><br \/>(+25 for winning)\n|raw|Sagiae999's rating: 1427 &rarr; <strong>1402<\/strong><br \/>(-25 for losing)\n","uploadtime":1700922155,"views":1,"p1id":"kamthapoet","p2id":"sagiae999","formatid":"gen9ou","rating":1367,"private":0,"password":""}