{"id":"gen9ou-1992898249","p1":"vrapjr123","p2":"TallGuyInATophat","format":"[Gen 9] OU","log":"|j|\u2606vrapjr123\n|j|\u2606TallGuyInATophat\n|t:|1700244984\n|gametype|singles\n|player|p1|vrapjr123|1|1057\n|player|p2|TallGuyInATophat|gentleman-gen4|1081\n|teamsize|p1|6\n|teamsize|p2|6\n|gen|9\n|tier|[Gen 9] OU\n|rated|\n|rule|Sleep Clause Mod: Limit one foe put to sleep\n|rule|Species Clause: Limit one of each Pok\u00e9mon\n|rule|OHKO Clause: OHKO moves are banned\n|rule|Evasion Items Clause: Evasion items are banned\n|rule|Evasion Moves Clause: Evasion moves are banned\n|rule|Endless Battle Clause: Forcing endless battles is banned\n|rule|HP Percentage Mod: HP is shown in percentages\n|clearpoke\n|poke|p1|Walking Wake|\n|poke|p1|Skeledirge, M|\n|poke|p1|Blissey, F|\n|poke|p1|Meowscarada, F|\n|poke|p1|Corviknight, M|\n|poke|p1|Gholdengo|\n|poke|p2|Scizor, M|\n|poke|p2|Greninja-*, M|\n|poke|p2|Ninetales-Alola, F|\n|poke|p2|Meowscarada, M|\n|poke|p2|Gengar, M|\n|poke|p2|Braviary-Hisui, M|\n|teampreview\n|inactive|Battle timer is ON: inactive players will automatically lose when time's up. (requested by vrapjr123)\n|c|\u2606vrapjr123|Glhf\n|c|\u2606TallGuyInATophat|you too\n|\n|t:|1700245001\n|start\n|switch|p1a: Meowscarada|Meowscarada, F, shiny|100\/100\n|switch|p2a: Ironfist|Scizor, M|100\/100\n|turn|1\n|\n|t:|1700245010\n|switch|p1a: Corviknight|Corviknight, M|100\/100\n|-ability|p1a: Corviknight|Pressure\n|move|p2a: Ironfist|Swords Dance|p2a: Ironfist\n|-boost|p2a: Ironfist|atk|2\n|\n|upkeep\n|turn|2\n|\n|t:|1700245018\n|switch|p1a: Skeledirge|Skeledirge, M|100\/100\n|move|p2a: Ironfist|Swords Dance|p2a: Ironfist\n|-boost|p2a: Ironfist|atk|2\n|\n|upkeep\n|turn|3\n|\n|t:|1700245032\n|move|p2a: Ironfist|Bullet Punch|p1a: Skeledirge\n|-resisted|p1a: Skeledirge\n|-damage|p1a: Skeledirge|83\/100\n|-damage|p2a: Ironfist|91\/100|[from] item: Life Orb\n|move|p1a: Skeledirge|Will-O-Wisp|p2a: Ironfist\n|-status|p2a: Ironfist|brn\n|\n|-damage|p2a: Ironfist|84\/100 brn|[from] brn\n|upkeep\n|turn|4\n|c|\u2606TallGuyInATophat|oh that aint do shot\n|\n|t:|1700245043\n|move|p2a: Ironfist|Dual Wingbeat|p1a: Skeledirge\n|-damage|p1a: Skeledirge|71\/100\n|-damage|p1a: Skeledirge|60\/100\n|-hitcount|p1a: Skeledirge|2\n|-damage|p2a: Ironfist|75\/100 brn|[from] item: Life Orb\n|move|p1a: Skeledirge|Torch Song|p2a: Ironfist\n|-supereffective|p2a: Ironfist\n|-damage|p2a: Ironfist|0 fnt\n|-boost|p1a: Skeledirge|spa|1\n|faint|p2a: Ironfist\n|\n|upkeep\n|c|\u2606vrapjr123|its because unaware\n|c|\u2606TallGuyInATophat|ahh\n|c|\u2606TallGuyInATophat|i see\n|\n|t:|1700245061\n|switch|p2a: Zhen|Greninja, M|100\/100\n|turn|5\n|\n|t:|1700245071\n|switch|p1a: Blissey|Blissey, F|100\/100\n|-terastallize|p2a: Zhen|Water\n|move|p2a: Zhen|Surf|p1a: Blissey\n|-damage|p1a: Blissey|84\/100\n|\n|upkeep\n|turn|6\n|c|\u2606vrapjr123|gg wp\n|\n|t:|1700245088\n|move|p2a: Zhen|Ice Beam|p1a: Blissey\n|-damage|p1a: Blissey|77\/100\n|move|p1a: Blissey|Thunder Wave|p2a: Zhen\n|-status|p2a: Zhen|par\n|\n|upkeep\n|turn|7\n|c|\u2606TallGuyInATophat|damn\n|\n|t:|1700245096\n|move|p2a: Zhen|Surf|p1a: Blissey\n|-damage|p1a: Blissey|63\/100\n|move|p1a: Blissey|Thunder Wave|p2a: Zhen|[miss]\n|-miss|p1a: Blissey|p2a: Zhen\n|\n|upkeep\n|turn|8\n|\n|t:|1700245102\n|move|p2a: Zhen|Surf|p1a: Blissey\n|-damage|p1a: Blissey|47\/100\n|move|p1a: Blissey|Soft-Boiled|p1a: Blissey\n|-heal|p1a: Blissey|97\/100\n|\n|upkeep\n|turn|9\n|c|\u2606TallGuyInATophat|i hate blissey with a burning passion\n|\n|t:|1700245116\n|move|p2a: Zhen|Surf|p1a: Blissey\n|-damage|p1a: Blissey|82\/100\n|move|p1a: Blissey|Thunder Wave|p2a: Zhen|[miss]\n|-miss|p1a: Blissey|p2a: Zhen\n|\n|upkeep\n|turn|10\n|\n|t:|1700245123\n|move|p2a: Zhen|Surf|p1a: Blissey\n|-damage|p1a: Blissey|69\/100\n|move|p1a: Blissey|Seismic Toss|p2a: Zhen\n|-damage|p2a: Zhen|65\/100 par\n|\n|upkeep\n|turn|11\n|\n|t:|1700245132\n|switch|p2a: Purpleberry|Gengar, M|100\/100\n|move|p1a: Blissey|Seismic Toss|p2a: Purpleberry\n|-immune|p2a: Purpleberry\n|\n|upkeep\n|turn|12\n|\n|t:|1700245142\n|switch|p2a: Zhen|Greninja, M, tera:Water|65\/100 par\n|move|p1a: Blissey|Shadow Ball|p2a: Zhen\n|-damage|p2a: Zhen|42\/100 par\n|\n|upkeep\n|turn|13\n|\n|t:|1700245152\n|move|p2a: Zhen|Water Shuriken|p1a: Blissey\n|-damage|p1a: Blissey|66\/100\n|-damage|p1a: Blissey|63\/100\n|-crit|p1a: Blissey\n|-damage|p1a: Blissey|59\/100\n|-damage|p1a: Blissey|57\/100\n|-damage|p1a: Blissey|54\/100\n|-hitcount|p1a: Blissey|5\n|move|p1a: Blissey|Thunder Wave|p2a: Zhen\n|-fail|p2a: Zhen|par\n|\n|upkeep\n|turn|14\n|\n|t:|1700245164\n|cant|p2a: Zhen|par\n|move|p1a: Blissey|Soft-Boiled|p1a: Blissey\n|-heal|p1a: Blissey|100\/100\n|\n|upkeep\n|turn|15\n|\n|t:|1700245172\n|cant|p2a: Zhen|par\n|move|p1a: Blissey|Shadow Ball|p2a: Zhen\n|-damage|p2a: Zhen|20\/100 par\n|\n|upkeep\n|turn|16\n|\n|t:|1700245180\n|move|p2a: Zhen|Surf|p1a: Blissey\n|-damage|p1a: Blissey|86\/100\n|move|p1a: Blissey|Seismic Toss|p2a: Zhen\n|-damage|p2a: Zhen|0 fnt\n|faint|p2a: Zhen\n|\n|upkeep\n|c|\u2606TallGuyInATophat|je veux te frapper avec un poisson\n|\n|t:|1700245200\n|switch|p2a: Purpleberry|Gengar, M|100\/100\n|turn|17\n|\n|t:|1700245218\n|move|p2a: Purpleberry|Sludge Bomb|p1a: Blissey\n|-damage|p1a: Blissey|72\/100\n|move|p1a: Blissey|Thunder Wave|p2a: Purpleberry|[miss]\n|-miss|p1a: Blissey|p2a: Purpleberry\n|\n|upkeep\n|turn|18\n|\n|t:|1700245224\n|move|p2a: Purpleberry|Sludge Bomb|p1a: Blissey\n|-damage|p1a: Blissey|60\/100\n|move|p1a: Blissey|Thunder Wave|p2a: Purpleberry\n|-status|p2a: Purpleberry|par\n|\n|upkeep\n|turn|19\n|\n|t:|1700245231\n|move|p2a: Purpleberry|Sludge Bomb|p1a: Blissey\n|-damage|p1a: Blissey|46\/100\n|move|p1a: Blissey|Soft-Boiled|p1a: Blissey\n|-heal|p1a: Blissey|96\/100\n|\n|upkeep\n|turn|20\n|\n|t:|1700245244\n|move|p2a: Purpleberry|Sludge Bomb|p1a: Blissey\n|-crit|p1a: Blissey\n|-damage|p1a: Blissey|78\/100\n|-status|p1a: Blissey|psn\n|move|p1a: Blissey|Shadow Ball|p2a: Purpleberry\n|-supereffective|p2a: Purpleberry\n|-damage|p2a: Purpleberry|50\/100 par\n|\n|-heal|p2a: Purpleberry|56\/100 par|[from] item: Black Sludge\n|-damage|p1a: Blissey|65\/100 psn|[from] psn\n|upkeep\n|turn|21\n|\n|t:|1700245254\n|-curestatus|p1a: Blissey|psn|[from] ability: Natural Cure\n|switch|p1a: Gholdengo|Gholdengo|100\/100\n|move|p2a: Purpleberry|Destiny Bond|p2a: Purpleberry\n|-singlemove|p2a: Purpleberry|Destiny Bond\n|\n|-heal|p2a: Purpleberry|62\/100 par|[from] item: Black Sludge\n|upkeep\n|turn|22\n|c|\u2606TallGuyInATophat|fuck.\n|\n|t:|1700245261\n|switch|p1a: Blissey|Blissey, F|65\/100\n|move|p2a: Purpleberry|Shadow Ball|p1a: Blissey\n|-immune|p1a: Blissey\n|\n|-heal|p2a: Purpleberry|68\/100 par|[from] item: Black Sludge\n|upkeep\n|turn|23\n|c|\u2606TallGuyInATophat|FUCK!\n|\n|t:|1700245271\n|switch|p1a: Gholdengo|Gholdengo|100\/100\n|move|p2a: Purpleberry|Sludge Bomb|p1a: Gholdengo\n|-immune|p1a: Gholdengo\n|\n|-heal|p2a: Purpleberry|74\/100 par|[from] item: Black Sludge\n|upkeep\n|turn|24\n|\n|t:|1700245280\n|move|p1a: Gholdengo|Shadow Ball|p2a: Purpleberry\n|-supereffective|p2a: Purpleberry\n|-damage|p2a: Purpleberry|0 fnt\n|faint|p2a: Purpleberry\n|\n|upkeep\n|\n|t:|1700245285\n|switch|p2a: Smash|Meowscarada, M, shiny|100\/100\n|turn|25\n|\n|t:|1700245289\n|switch|p1a: Corviknight|Corviknight, M|100\/100\n|-ability|p1a: Corviknight|Pressure\n|move|p2a: Smash|Foul Play|p1a: Corviknight\n|-damage|p1a: Corviknight|73\/100\n|-damage|p2a: Smash|84\/100|[from] item: Rocky Helmet|[of] p1a: Corviknight\n|\n|upkeep\n|turn|26\n|\n|t:|1700245301\n|switch|p2a: Aviator|Braviary-Hisui, M, shiny|100\/100\n|move|p1a: Corviknight|U-turn|p2a: Aviator\n|-damage|p2a: Aviator|84\/100\n|\n|t:|1700245308\n|switch|p1a: Meowscarada|Meowscarada, F, shiny|100\/100|[from] U-turn\n|\n|upkeep\n|turn|27\n|\n|t:|1700245320\n|move|p1a: Meowscarada|Knock Off|p2a: Aviator\n|-start|p1a: Meowscarada|typechange|Dark|[from] ability: Protean\n|-supereffective|p2a: Aviator\n|-damage|p2a: Aviator|0 fnt\n|-enditem|p2a: Aviator|Wise Glasses|[from] move: Knock Off|[of] p1a: Meowscarada\n|faint|p2a: Aviator\n|\n|upkeep\n|\n|t:|1700245329\n|switch|p2a: Smash|Meowscarada, M, shiny|84\/100\n|turn|28\n|c|\u2606vrapjr123|gg wp\n|\n|t:|1700245335\n|switch|p1a: Corviknight|Corviknight, M|73\/100\n|-ability|p1a: Corviknight|Pressure\n|move|p2a: Smash|U-turn|p1a: Corviknight\n|-resisted|p1a: Corviknight\n|-damage|p1a: Corviknight|69\/100\n|-damage|p2a: Smash|68\/100|[from] item: Rocky Helmet|[of] p1a: Corviknight\n|\n|t:|1700245358\n|switch|p2a: Spectre|Ninetales-Alola, F, shiny|100\/100|[from] U-turn\n|-weather|Snow|[from] ability: Snow Warning|[of] p2a: Spectre\n|\n|-weather|Snow|[upkeep]\n|upkeep\n|turn|29\n|\n|t:|1700245367\n|move|p2a: Spectre|Aurora Veil|p2a: Spectre\n|-sidestart|p2: TallGuyInATophat|move: Aurora Veil\n|move|p1a: Corviknight|U-turn|p2a: Spectre\n|-resisted|p2a: Spectre\n|-damage|p2a: Spectre|97\/100\n|\n|t:|1700245370\n|switch|p1a: Skeledirge|Skeledirge, M|60\/100|[from] U-turn\n|\n|-weather|Snow|[upkeep]\n|upkeep\n|turn|30\n|\n|t:|1700245377\n|move|p2a: Spectre|Blizzard|p1a: Skeledirge\n|-resisted|p1a: Skeledirge\n|-damage|p1a: Skeledirge|45\/100\n|move|p1a: Skeledirge|Torch Song|p2a: Spectre\n|-supereffective|p2a: Spectre\n|-damage|p2a: Spectre|58\/100\n|-boost|p1a: Skeledirge|spa|1\n|\n|-weather|Snow|[upkeep]\n|upkeep\n|turn|31\n|\n|t:|1700245393\n|move|p2a: Spectre|Blizzard|p1a: Skeledirge\n|-resisted|p1a: Skeledirge\n|-damage|p1a: Skeledirge|29\/100\n|move|p1a: Skeledirge|Slack Off|p1a: Skeledirge\n|-heal|p1a: Skeledirge|79\/100\n|\n|-weather|Snow|[upkeep]\n|upkeep\n|turn|32\n|c|\u2606vrapjr123|gg\n|c|\u2606vrapjr123|wp\n|\n|t:|1700245409\n|move|p2a: Spectre|Moonblast|p1a: Skeledirge\n|-resisted|p1a: Skeledirge\n|-damage|p1a: Skeledirge|66\/100\n|move|p1a: Skeledirge|Torch Song|p2a: Spectre\n|-supereffective|p2a: Spectre\n|-damage|p2a: Spectre|7\/100\n|-boost|p1a: Skeledirge|spa|1\n|\n|-weather|Snow|[upkeep]\n|upkeep\n|turn|33\n|inactive|TallGuyInATophat has 120 seconds left.\n|\n|t:|1700245435\n|switch|p1a: Corviknight|Corviknight, M|69\/100\n|-ability|p1a: Corviknight|Pressure\n|move|p2a: Spectre|Blizzard|p1a: Corviknight\n|-damage|p1a: Corviknight|29\/100\n|\n|-weather|Snow|[upkeep]\n|-sideend|p2: TallGuyInATophat|move: Aurora Veil\n|upkeep\n|turn|34\n|inactive|TallGuyInATophat has 120 seconds left.\n|\n|t:|1700245458\n|switch|p1a: Blissey|Blissey, F|65\/100\n|move|p2a: Spectre|Blizzard|p1a: Blissey\n|-damage|p1a: Blissey|53\/100\n|\n|-weather|Snow|[upkeep]\n|upkeep\n|turn|35\n|\n|t:|1700245467\n|move|p2a: Spectre|Blizzard|p1a: Blissey\n|-damage|p1a: Blissey|41\/100\n|move|p1a: Blissey|Seismic Toss|p2a: Spectre\n|-damage|p2a: Spectre|0 fnt\n|faint|p2a: Spectre\n|\n|-weather|none\n|upkeep\n|inactive|TallGuyInATophat has 120 seconds left.\n|\n|t:|1700245478\n|switch|p2a: Smash|Meowscarada, M, shiny|68\/100\n|turn|36\n|inactive|vrapjr123 has 120 seconds left.\n|\n|t:|1700245513\n|switch|p1a: Corviknight|Corviknight, M|29\/100\n|-ability|p1a: Corviknight|Pressure\n|move|p2a: Smash|Flower Trick|p1a: Corviknight\n|-resisted|p1a: Corviknight\n|-crit|p1a: Corviknight\n|-damage|p1a: Corviknight|18\/100\n|\n|upkeep\n|turn|37\n|\n|t:|1700245524\n|move|p2a: Smash|Flower Trick|p1a: Corviknight\n|-resisted|p1a: Corviknight\n|-crit|p1a: Corviknight\n|-damage|p1a: Corviknight|7\/100\n|move|p1a: Corviknight|Roost|p1a: Corviknight\n|-heal|p1a: Corviknight|57\/100\n|-singleturn|p1a: Corviknight|move: Roost\n|\n|upkeep\n|turn|38\n|\n|t:|1700245537\n|move|p2a: Smash|Flower Trick|p1a: Corviknight\n|-resisted|p1a: Corviknight\n|-crit|p1a: Corviknight\n|-damage|p1a: Corviknight|46\/100\n|move|p1a: Corviknight|U-turn|p2a: Smash\n|-supereffective|p2a: Smash\n|-damage|p2a: Smash|0 fnt\n|faint|p2a: Smash\n|\n|win|vrapjr123\n|raw|vrapjr123's rating: 1057 &rarr; <strong>1091<\/strong><br \/>(+34 for winning)\n|raw|TallGuyInATophat's rating: 1081 &rarr; <strong>1057<\/strong><br \/>(-24 for losing)\n","uploadtime":1700245191,"views":9,"p1id":"vrapjr123","p2id":"tallguyinatophat","formatid":"gen9ou","rating":1057,"private":0,"password":""}