{"id":"gen9ou-1990254941","p1":"mikekungpd","p2":"picklesaurusdswe","format":"[Gen 9] OU","log":"|j|\u2606mikekungpd\n|j|\u2606picklesaurusdswe\n|t:|1699945454\n|gametype|singles\n|player|p1|mikekungpd|169|1000\n|player|p2|picklesaurusdswe|twins-gen4dp|1000\n|teamsize|p1|6\n|teamsize|p2|6\n|gen|9\n|tier|[Gen 9] OU\n|rated|\n|rule|Sleep Clause Mod: Limit one foe put to sleep\n|rule|Species Clause: Limit one of each Pok\u00e9mon\n|rule|OHKO Clause: OHKO moves are banned\n|rule|Evasion Items Clause: Evasion items are banned\n|rule|Evasion Moves Clause: Evasion moves are banned\n|rule|Endless Battle Clause: Forcing endless battles is banned\n|rule|HP Percentage Mod: HP is shown in percentages\n|clearpoke\n|poke|p1|Grafaiai, M|\n|poke|p1|Ribombee, M|\n|poke|p1|Garchomp, M|\n|poke|p1|Iron Valiant|\n|poke|p1|Clodsire, F|\n|poke|p1|Heatran, M|\n|poke|p2|Samurott-Hisui, F|\n|poke|p2|Decidueye-Hisui, M|\n|poke|p2|Kleavor, M|\n|poke|p2|Regidrago|\n|poke|p2|Avalugg-Hisui, M|\n|poke|p2|Ogerpon-Cornerstone, F|\n|teampreview\n|\n|t:|1699945464\n|start\n|switch|p1a: Heatran|Heatran, M|100\/100\n|switch|p2a: Ogerpon|Ogerpon-Cornerstone, F|100\/100\n|turn|1\n|\n|t:|1699945476\n|move|p2a: Ogerpon|Swords Dance|p2a: Ogerpon\n|-boost|p2a: Ogerpon|atk|2\n|move|p1a: Heatran|Steel Beam|p2a: Ogerpon\n|-supereffective|p2a: Ogerpon\n|-ability|p2a: Ogerpon|Sturdy\n|-damage|p2a: Ogerpon|1\/100\n|-damage|p1a: Heatran|50\/100|[from] steelbeam\n|\n|upkeep\n|turn|2\n|\n|t:|1699945487\n|switch|p1a: Clodsire|Clodsire, F|100\/100\n|move|p2a: Ogerpon|Giga Drain|p1a: Clodsire\n|-damage|p1a: Clodsire|90\/100\n|-heal|p2a: Ogerpon|9\/100|[from] drain|[of] p1a: Clodsire\n|\n|-heal|p1a: Clodsire|96\/100|[from] item: Leftovers\n|upkeep\n|turn|3\n|\n|t:|1699945499\n|move|p2a: Ogerpon|Ivy Cudgel|p1a: Clodsire\n|-resisted|p1a: Clodsire\n|-damage|p1a: Clodsire|28\/100\n|move|p1a: Clodsire|Spikes|p2a: Ogerpon\n|-sidestart|p2: picklesaurusdswe|Spikes\n|\n|-heal|p1a: Clodsire|34\/100|[from] item: Leftovers\n|upkeep\n|turn|4\n|\n|t:|1699945510\n|switch|p1a: Heatran|Heatran, M|50\/100\n|move|p2a: Ogerpon|Ivy Cudgel|p1a: Heatran\n|-damage|p1a: Heatran|0 fnt\n|faint|p1a: Heatran\n|\n|upkeep\n|\n|t:|1699945517\n|switch|p1a: Grafaiai|Grafaiai, M|100\/100\n|turn|5\n|\n|t:|1699945525\n|move|p1a: Grafaiai|Copycat|p1a: Grafaiai\n|move|p1a: Grafaiai|Ivy Cudgel|p2a: Ogerpon|[from]move: Copycat\n|-damage|p2a: Ogerpon|0 fnt\n|faint|p2a: Ogerpon\n|\n|upkeep\n|\n|t:|1699945533\n|switch|p2a: Samurott|Samurott-Hisui, F|100\/100\n|-damage|p2a: Samurott|88\/100|[from] Spikes\n|turn|6\n|\n|t:|1699945541\n|move|p1a: Grafaiai|Metronome|p1a: Grafaiai\n|move|p1a: Grafaiai|Powder Snow|p2a: Samurott|[from]move: Metronome\n|-hint|Since gen 7, Dark is immune to Prankster moves.\n|-immune|p2a: Samurott\n|move|p2a: Samurott|Knock Off|p1a: Grafaiai\n|-damage|p1a: Grafaiai|14\/100\n|-enditem|p1a: Grafaiai|Heavy-Duty Boots|[from] move: Knock Off|[of] p2a: Samurott\n|\n|-heal|p2a: Samurott|94\/100|[from] item: Leftovers\n|upkeep\n|turn|7\n|\n|t:|1699945557\n|move|p2a: Samurott|Aqua Cutter|p1a: Grafaiai\n|-damage|p1a: Grafaiai|0 fnt\n|faint|p1a: Grafaiai\n|\n|-heal|p2a: Samurott|100\/100|[from] item: Leftovers\n|upkeep\n|\n|t:|1699945564\n|switch|p1a: Iron Valiant|Iron Valiant|100\/100\n|-enditem|p1a: Iron Valiant|Booster Energy\n|-activate|p1a: Iron Valiant|ability: Quark Drive|[fromitem]\n|-start|p1a: Iron Valiant|quarkdrivespe\n|turn|8\n|\n|t:|1699945577\n|-terastallize|p1a: Iron Valiant|Water\n|-terastallize|p2a: Samurott|Fighting\n|move|p1a: Iron Valiant|Grass Knot|p2a: Samurott\n|-damage|p2a: Samurott|60\/100\n|move|p2a: Samurott|Brick Break|p1a: Iron Valiant\n|-damage|p1a: Iron Valiant|58\/100\n|\n|-heal|p2a: Samurott|66\/100|[from] item: Leftovers\n|upkeep\n|turn|9\n|\n|t:|1699945587\n|move|p1a: Iron Valiant|Dazzling Gleam|p2a: Samurott\n|-supereffective|p2a: Samurott\n|-damage|p2a: Samurott|0 fnt\n|faint|p2a: Samurott\n|\n|upkeep\n|\n|t:|1699945593\n|switch|p2a: Decidueye|Decidueye-Hisui, M|100\/100\n|-damage|p2a: Decidueye|88\/100|[from] Spikes\n|turn|10\n|\n|t:|1699945600\n|move|p2a: Decidueye|Shadow Sneak|p1a: Iron Valiant\n|-damage|p1a: Iron Valiant|40\/100\n|move|p1a: Iron Valiant|Aura Sphere|p2a: Decidueye\n|-damage|p2a: Decidueye|52\/100\n|\n|upkeep\n|turn|11\n|\n|t:|1699945608\n|move|p1a: Iron Valiant|Dazzling Gleam|p2a: Decidueye\n|-supereffective|p2a: Decidueye\n|-crit|p2a: Decidueye\n|-damage|p2a: Decidueye|0 fnt\n|faint|p2a: Decidueye\n|\n|upkeep\n|\n|t:|1699945612\n|switch|p2a: Kleavor|Kleavor, M|100\/100\n|-damage|p2a: Kleavor|88\/100|[from] Spikes\n|turn|12\n|\n|t:|1699945618\n|move|p1a: Iron Valiant|Aura Sphere|p2a: Kleavor\n|-damage|p2a: Kleavor|47\/100\n|move|p2a: Kleavor|Night Slash|p1a: Iron Valiant\n|-damage|p1a: Iron Valiant|0 fnt\n|faint|p1a: Iron Valiant\n|-end|p1a: Iron Valiant|Quark Drive|[silent]\n|\n|upkeep\n|\n|t:|1699945628\n|switch|p1a: Clodsire|Clodsire, F|34\/100\n|turn|13\n|\n|t:|1699945636\n|move|p2a: Kleavor|Stone Axe|p1a: Clodsire\n|-resisted|p1a: Clodsire\n|-damage|p1a: Clodsire|4\/100\n|-sidestart|p1: mikekungpd|move: Stealth Rock\n|move|p1a: Clodsire|Recover|p1a: Clodsire\n|-heal|p1a: Clodsire|54\/100\n|\n|-heal|p1a: Clodsire|60\/100|[from] item: Leftovers\n|upkeep\n|turn|14\n|\n|t:|1699945644\n|move|p2a: Kleavor|Stone Axe|p1a: Clodsire\n|-resisted|p1a: Clodsire\n|-damage|p1a: Clodsire|32\/100\n|move|p1a: Clodsire|Recover|p1a: Clodsire\n|-heal|p1a: Clodsire|82\/100\n|\n|-heal|p1a: Clodsire|88\/100|[from] item: Leftovers\n|upkeep\n|turn|15\n|\n|t:|1699945653\n|move|p2a: Kleavor|Close Combat|p1a: Clodsire\n|-resisted|p1a: Clodsire\n|-damage|p1a: Clodsire|62\/100\n|-unboost|p2a: Kleavor|def|1\n|-unboost|p2a: Kleavor|spd|1\n|move|p1a: Clodsire|Toxic|p2a: Kleavor\n|-status|p2a: Kleavor|tox\n|\n|-heal|p1a: Clodsire|69\/100|[from] item: Leftovers\n|-damage|p2a: Kleavor|41\/100 tox|[from] psn\n|upkeep\n|turn|16\n|\n|t:|1699945668\n|switch|p2a: Avalugg|Avalugg-Hisui, M|100\/100\n|-damage|p2a: Avalugg|88\/100|[from] Spikes\n|move|p1a: Clodsire|Spikes|p2a: Avalugg\n|-sidestart|p2: picklesaurusdswe|Spikes\n|\n|-heal|p2a: Avalugg|94\/100|[from] item: Leftovers\n|-heal|p1a: Clodsire|75\/100|[from] item: Leftovers\n|upkeep\n|turn|17\n|\n|t:|1699945681\n|move|p1a: Clodsire|Earthquake|p2a: Avalugg\n|-supereffective|p2a: Avalugg\n|-damage|p2a: Avalugg|66\/100\n|move|p2a: Avalugg|Avalanche|p1a: Clodsire\n|-supereffective|p1a: Clodsire\n|-damage|p1a: Clodsire|0 fnt\n|faint|p1a: Clodsire\n|\n|-heal|p2a: Avalugg|72\/100|[from] item: Leftovers\n|upkeep\n|\n|t:|1699945690\n|switch|p1a: Ribombee|Ribombee, M, shiny|100\/100\n|-damage|p1a: Ribombee|76\/100|[from] Stealth Rock\n|turn|18\n|\n|t:|1699945697\n|move|p1a: Ribombee|Stun Spore|p2a: Avalugg\n|-status|p2a: Avalugg|par\n|move|p2a: Avalugg|Ice Fang|p1a: Ribombee\n|-damage|p1a: Ribombee|0 fnt\n|faint|p1a: Ribombee\n|\n|-heal|p2a: Avalugg|78\/100 par|[from] item: Leftovers\n|upkeep\n|\n|t:|1699945705\n|switch|p1a: Garchomp|Garchomp, M|100\/100\n|-damage|p1a: Garchomp|94\/100|[from] Stealth Rock\n|turn|19\n|\n|t:|1699945716\n|move|p1a: Garchomp|Earthquake|p2a: Avalugg\n|-supereffective|p2a: Avalugg\n|-damage|p2a: Avalugg|22\/100 par\n|move|p2a: Avalugg|Crunch|p1a: Garchomp\n|-damage|p1a: Garchomp|52\/100\n|-unboost|p1a: Garchomp|def|1\n|-damage|p2a: Avalugg|10\/100 par|[from] ability: Rough Skin|[of] p1a: Garchomp\n|-damage|p2a: Avalugg|0 fnt|[from] item: Rocky Helmet|[of] p1a: Garchomp\n|faint|p2a: Avalugg\n|\n|upkeep\n|\n|t:|1699945725\n|switch|p2a: Regidrago|Regidrago|100\/100\n|-damage|p2a: Regidrago|84\/100|[from] Spikes\n|turn|20\n|\n|t:|1699945732\n|move|p1a: Garchomp|Dragon Claw|p2a: Regidrago\n|-supereffective|p2a: Regidrago\n|-damage|p2a: Regidrago|0 fnt\n|faint|p2a: Regidrago\n|\n|upkeep\n|\n|t:|1699945736\n|switch|p2a: Kleavor|Kleavor, M|41\/100 tox\n|-damage|p2a: Kleavor|25\/100 tox|[from] Spikes\n|turn|21\n|\n|t:|1699945744\n|move|p1a: Garchomp|Earthquake|p2a: Kleavor\n|-damage|p2a: Kleavor|0 fnt\n|faint|p2a: Kleavor\n|\n|win|mikekungpd\n|raw|mikekungpd's rating: 1000 &rarr; <strong>1040<\/strong><br \/>(+40 for winning)\n|raw|picklesaurusdswe's rating: 1000 &rarr; <strong>1000<\/strong><br \/>(+0 for losing)\n|l|\u2606picklesaurusdswe\n","uploadtime":1699945750,"views":13,"p1id":"mikekungpd","p2id":"picklesaurusdswe","formatid":"gen9ou","rating":1000,"private":0,"password":""}