{"id":"gen9ou-1993121374","p1":"Tony93420","p2":"yeedLlal","format":"[Gen 9] OU","log":"|j|\u2606Tony93420\n|j|\u2606yeedLlal\n|t:|1700267271\n|gametype|singles\n|player|p1|Tony93420|102|1098\n|player|p2|yeedLlal|sabrina|1068\n|teamsize|p1|6\n|teamsize|p2|6\n|gen|9\n|tier|[Gen 9] OU\n|rated|\n|rule|Sleep Clause Mod: Limit one foe put to sleep\n|rule|Species Clause: Limit one of each Pok\u00e9mon\n|rule|OHKO Clause: OHKO moves are banned\n|rule|Evasion Items Clause: Evasion items are banned\n|rule|Evasion Moves Clause: Evasion moves are banned\n|rule|Endless Battle Clause: Forcing endless battles is banned\n|rule|HP Percentage Mod: HP is shown in percentages\n|clearpoke\n|poke|p1|Dragonite, M|\n|poke|p1|Dragapult, F|\n|poke|p1|Zapdos|\n|poke|p1|Gengar, M|\n|poke|p1|Gyarados, M|\n|poke|p1|Glimmora, F|\n|poke|p2|Slowking-Galar, F|\n|poke|p2|Samurott-Hisui, F|\n|poke|p2|Cinderace, M|\n|poke|p2|Zapdos|\n|poke|p2|Great Tusk|\n|poke|p2|Gholdengo|\n|teampreview\n|inactive|Battle timer is ON: inactive players will automatically lose when time's up. (requested by yeedLlal)\n|\n|t:|1700267281\n|start\n|switch|p1a: Glimmora|Glimmora, F|100\/100\n|switch|p2a: Great Tusk|Great Tusk|100\/100\n|turn|1\n|\n|t:|1700267288\n|move|p2a: Great Tusk|Rapid Spin|p1a: Glimmora\n|-resisted|p1a: Glimmora\n|-damage|p1a: Glimmora|90\/100\n|-boost|p2a: Great Tusk|spe|1\n|-activate|p1a: Glimmora|ability: Toxic Debris\n|-sidestart|p2: yeedLlal|move: Toxic Spikes\n|-sideend|p2: yeedLlal|Toxic Spikes|[from] move: Rapid Spin|[of] p2a: Great Tusk\n|move|p1a: Glimmora|Energy Ball|p2a: Great Tusk\n|-supereffective|p2a: Great Tusk\n|-crit|p2a: Great Tusk\n|-damage|p2a: Great Tusk|0 fnt\n|faint|p2a: Great Tusk\n|-end|p2a: Great Tusk|Protosynthesis|[silent]\n|\n|upkeep\n|c|\u2606yeedLlal|thats the 2nd time todays thats happened\n|c|\u2606yeedLlal|fuckoutta here\n|inactive|yeedLlal has 120 seconds left.\n|\n|t:|1700267320\n|switch|p2a: Samurott|Samurott-Hisui, F|100\/100\n|turn|2\n|\n|t:|1700267328\n|move|p2a: Samurott|Aqua Cutter|p1a: Glimmora\n|-supereffective|p1a: Glimmora\n|-damage|p1a: Glimmora|0 fnt\n|-activate|p1a: Glimmora|ability: Toxic Debris\n|-sidestart|p2: yeedLlal|move: Toxic Spikes\n|faint|p1a: Glimmora\n|\n|upkeep\n|\n|t:|1700267335\n|switch|p1a: Gyarados|Gyarados, M, shiny|100\/100\n|-ability|p1a: Gyarados|Intimidate|boost\n|-unboost|p2a: Samurott|atk|1\n|turn|3\n|\n|t:|1700267340\n|move|p2a: Samurott|Flip Turn|p1a: Gyarados\n|-resisted|p1a: Gyarados\n|-damage|p1a: Gyarados|90\/100\n|\n|t:|1700267344\n|switch|p2a: Zapdos|Zapdos|100\/100|[from] Flip Turn\n|move|p1a: Gyarados|Dragon Dance|p1a: Gyarados\n|-boost|p1a: Gyarados|atk|1\n|-boost|p1a: Gyarados|spe|1\n|\n|-heal|p1a: Gyarados|96\/100|[from] item: Leftovers\n|upkeep\n|turn|4\n|\n|t:|1700267361\n|-terastallize|p1a: Gyarados|Ground\n|move|p1a: Gyarados|Crunch|p2a: Zapdos\n|-damage|p2a: Zapdos|51\/100\n|move|p2a: Zapdos|Volt Switch|p1a: Gyarados\n|-immune|p1a: Gyarados\n|\n|-heal|p1a: Gyarados|100\/100|[from] item: Leftovers\n|upkeep\n|turn|5\n|\n|t:|1700267370\n|switch|p2a: Samurott|Samurott-Hisui, F|100\/100\n|-status|p2a: Samurott|psn\n|move|p1a: Gyarados|Crunch|p2a: Samurott\n|-resisted|p2a: Samurott\n|-damage|p2a: Samurott|75\/100 psn\n|\n|-damage|p2a: Samurott|63\/100 psn|[from] psn\n|upkeep\n|turn|6\n|\n|t:|1700267376\n|move|p1a: Gyarados|Earthquake|p2a: Samurott\n|-damage|p2a: Samurott|0 fnt\n|faint|p2a: Samurott\n|\n|upkeep\n|\n|t:|1700267385\n|switch|p2a: Zapdos|Zapdos|51\/100\n|turn|7\n|\n|t:|1700267398\n|move|p1a: Gyarados|Dragon Dance|p1a: Gyarados\n|-boost|p1a: Gyarados|atk|1\n|-boost|p1a: Gyarados|spe|1\n|move|p2a: Zapdos|Hurricane|p1a: Gyarados|[miss]\n|-miss|p2a: Zapdos|p1a: Gyarados\n|\n|upkeep\n|turn|8\n|c|\u2606yeedLlal|I ask for too much apparently\n|-message|yeedLlal forfeited.\n|\n|win|Tony93420\n|raw|Tony93420's rating: 1098 &rarr; <strong>1121<\/strong><br \/>(+23 for winning)\n|raw|yeedLlal's rating: 1068 &rarr; <strong>1050<\/strong><br \/>(-18 for losing)\n|l|\u2606yeedLlal\n","uploadtime":1700267317,"views":11,"p1id":"tony93420","p2id":"yeedllal","formatid":"gen9ou","rating":1050,"private":0,"password":""}