{"id":"gen9ou-1996386025","p1":"sowalemonz","p2":"Andrews Finn3","format":"[Gen 9] OU","log":"|j|\u2606sowalemonz\n|j|\u2606Andrews Finn3\n|t:|1700677080\n|gametype|singles\n|player|p1|sowalemonz|battlegirl-gen4|1115\n|player|p2|Andrews Finn3|steven|1082\n|teamsize|p1|6\n|teamsize|p2|6\n|gen|9\n|tier|[Gen 9] OU\n|rated|\n|rule|Sleep Clause Mod: Limit one foe put to sleep\n|rule|Species Clause: Limit one of each Pok\u00e9mon\n|rule|OHKO Clause: OHKO moves are banned\n|rule|Evasion Items Clause: Evasion items are banned\n|rule|Evasion Moves Clause: Evasion moves are banned\n|rule|Endless Battle Clause: Forcing endless battles is banned\n|rule|HP Percentage Mod: HP is shown in percentages\n|clearpoke\n|poke|p1|Kleavor, F|\n|poke|p1|Ribombee, M|\n|poke|p1|Toxapex, F|\n|poke|p1|Corviknight, F|\n|poke|p1|Blissey, F|\n|poke|p1|Ceruledge, M|\n|poke|p2|Alomomola, F|\n|poke|p2|Slowking-Galar, F|\n|poke|p2|Kingambit, F|\n|poke|p2|Great Tusk|\n|poke|p2|Cinderace, F|\n|poke|p2|Thundurus-Therian, M|\n|teampreview\n|inactive|Battle timer is ON: inactive players will automatically lose when time's up. (requested by sowalemonz)\n|\n|t:|1700677105\n|start\n|switch|p1a: Kleavor|Kleavor, F|100\/100\n|switch|p2a: Great Tusk|Great Tusk|100\/100\n|turn|1\n|\n|t:|1700677111\n|move|p2a: Great Tusk|Stealth Rock|p1a: Kleavor\n|-sidestart|p1: sowalemonz|move: Stealth Rock\n|move|p1a: Kleavor|Dual Wingbeat|p2a: Great Tusk\n|-supereffective|p2a: Great Tusk\n|-damage|p2a: Great Tusk|80\/100\n|-damage|p1a: Kleavor|84\/100|[from] item: Rocky Helmet|[of] p2a: Great Tusk\n|-supereffective|p2a: Great Tusk\n|-damage|p2a: Great Tusk|58\/100\n|-damage|p1a: Kleavor|68\/100|[from] item: Rocky Helmet|[of] p2a: Great Tusk\n|-hitcount|p2a: Great Tusk|2\n|\n|upkeep\n|turn|2\n|\n|t:|1700677123\n|switch|p1a: Toxapex|Toxapex, F|100\/100\n|-damage|p1a: Toxapex|88\/100|[from] Stealth Rock\n|move|p2a: Great Tusk|Headlong Rush|p1a: Toxapex\n|-supereffective|p1a: Toxapex\n|-damage|p1a: Toxapex|0 fnt\n|-unboost|p2a: Great Tusk|def|1\n|-unboost|p2a: Great Tusk|spd|1\n|faint|p1a: Toxapex\n|\n|upkeep\n|\n|t:|1700677134\n|switch|p1a: Ribombee|Ribombee, M|100\/100\n|-damage|p1a: Ribombee|76\/100|[from] Stealth Rock\n|turn|3\n|\n|t:|1700677141\n|-end|p2a: Great Tusk|Protosynthesis|[silent]\n|switch|p2a: Slowking|Slowking-Galar, F|100\/100\n|move|p1a: Ribombee|Quiver Dance|p1a: Ribombee\n|-boost|p1a: Ribombee|spa|1\n|-boost|p1a: Ribombee|spd|1\n|-boost|p1a: Ribombee|spe|1\n|\n|upkeep\n|turn|4\n|\n|t:|1700677148\n|-terastallize|p1a: Ribombee|Ground\n|move|p1a: Ribombee|Tera Blast|p2a: Slowking|[anim] Tera Blast Ground\n|-supereffective|p2a: Slowking\n|-damage|p2a: Slowking|19\/100\n|-damage|p1a: Ribombee|66\/100|[from] item: Life Orb\n|move|p2a: Slowking|Sludge Bomb|p1a: Ribombee\n|-resisted|p1a: Ribombee\n|-damage|p1a: Ribombee|44\/100\n|\n|upkeep\n|turn|5\n|\n|t:|1700677165\n|move|p1a: Ribombee|Moonblast|p2a: Slowking\n|-resisted|p2a: Slowking\n|-damage|p2a: Slowking|0 fnt\n|faint|p2a: Slowking\n|-damage|p1a: Ribombee|34\/100|[from] item: Life Orb\n|\n|upkeep\n|\n|t:|1700677182\n|switch|p2a: Kingambit|Kingambit, F|100\/100\n|-activate|p2a: Kingambit|ability: Supreme Overlord\n|-start|p2a: Kingambit|fallen1|[silent]\n|turn|6\n|\n|t:|1700677190\n|-terastallize|p2a: Kingambit|Flying\n|move|p1a: Ribombee|Tera Blast|p2a: Kingambit|[anim] Tera Blast Ground\n|-immune|p2a: Kingambit\n|move|p2a: Kingambit|Kowtow Cleave|p1a: Ribombee\n|-damage|p1a: Ribombee|0 fnt\n|faint|p1a: Ribombee\n|\n|upkeep\n|\n|t:|1700677198\n|switch|p1a: Blissey|Blissey, F|100\/100\n|-damage|p1a: Blissey|88\/100|[from] Stealth Rock\n|turn|7\n|\n|t:|1700677211\n|-end|p2a: Kingambit|fallen1|[silent]\n|switch|p2a: Great Tusk|Great Tusk|58\/100\n|move|p1a: Blissey|Thunder|p2a: Great Tusk\n|-immune|p2a: Great Tusk\n|\n|upkeep\n|turn|8\n|\n|t:|1700677224\n|switch|p1a: Corviknight|Corviknight, F, shiny|100\/100\n|-damage|p1a: Corviknight|88\/100|[from] Stealth Rock\n|move|p2a: Great Tusk|Headlong Rush|p1a: Corviknight\n|-immune|p1a: Corviknight\n|\n|-heal|p1a: Corviknight|94\/100|[from] item: Leftovers\n|upkeep\n|turn|9\n|\n|t:|1700677234\n|-end|p2a: Great Tusk|Protosynthesis|[silent]\n|switch|p2a: Thundurus|Thundurus-Therian, M|100\/100\n|move|p1a: Corviknight|U-turn|p2a: Thundurus\n|-resisted|p2a: Thundurus\n|-damage|p2a: Thundurus|83\/100\n|\n|t:|1700677240\n|switch|p1a: Kleavor|Kleavor, F|68\/100|[from] U-turn\n|-damage|p1a: Kleavor|43\/100|[from] Stealth Rock\n|\n|upkeep\n|turn|10\n|\n|t:|1700677245\n|move|p2a: Thundurus|Volt Switch|p1a: Kleavor\n|-damage|p1a: Kleavor|0 fnt\n|faint|p1a: Kleavor\n|\n|t:|1700677250\n|switch|p2a: Alomomola|Alomomola, F|100\/100|[from] Volt Switch\n|\n|upkeep\n|\n|t:|1700677259\n|switch|p1a: Blissey|Blissey, F|88\/100\n|-damage|p1a: Blissey|76\/100|[from] Stealth Rock\n|turn|11\n|\n|t:|1700677266\n|switch|p2a: Great Tusk|Great Tusk|58\/100\n|move|p1a: Blissey|Blizzard|p2a: Great Tusk\n|-supereffective|p2a: Great Tusk\n|-damage|p2a: Great Tusk|0 fnt\n|faint|p2a: Great Tusk\n|-end|p2a: Great Tusk|Protosynthesis|[silent]\n|\n|upkeep\n|\n|t:|1700677275\n|switch|p2a: Cinderace|Cinderace, F|100\/100\n|turn|12\n|\n|t:|1700677281\n|switch|p1a: Ceruledge|Ceruledge, M|100\/100\n|-damage|p1a: Ceruledge|76\/100|[from] Stealth Rock\n|move|p2a: Cinderace|U-turn|p1a: Ceruledge\n|-start|p2a: Cinderace|typechange|Bug|[from] ability: Libero\n|-resisted|p1a: Ceruledge\n|-damage|p1a: Ceruledge|67\/100\n|-ability|p1a: Ceruledge|Weak Armor|boost\n|-unboost|p1a: Ceruledge|def|1\n|-boost|p1a: Ceruledge|spe|2\n|\n|t:|1700677291\n|switch|p2a: Kingambit|Kingambit, F, tera:Flying|100\/100|[from] U-turn\n|-activate|p2a: Kingambit|ability: Supreme Overlord\n|-start|p2a: Kingambit|fallen2|[silent]\n|\n|upkeep\n|turn|13\n|\n|t:|1700677301\n|move|p1a: Ceruledge|Destiny Bond|p1a: Ceruledge\n|-singlemove|p1a: Ceruledge|Destiny Bond\n|move|p2a: Kingambit|Kowtow Cleave|p1a: Ceruledge\n|-supereffective|p1a: Ceruledge\n|-damage|p1a: Ceruledge|0 fnt\n|faint|p1a: Ceruledge\n|-activate|p1a: Ceruledge|move: Destiny Bond\n|faint|p2a: Kingambit\n|-end|p2a: Kingambit|fallen2|[silent]\n|\n|upkeep\n|\n|t:|1700677311\n|switch|p1a: Corviknight|Corviknight, F, shiny|94\/100\n|switch|p2a: Cinderace|Cinderace, F|100\/100\n|-damage|p1a: Corviknight|82\/100|[from] Stealth Rock\n|turn|14\n|\n|t:|1700677323\n|move|p2a: Cinderace|Pyro Ball|p1a: Corviknight\n|-supereffective|p1a: Corviknight\n|-damage|p1a: Corviknight|0 fnt\n|faint|p1a: Corviknight\n|\n|upkeep\n|\n|t:|1700677328\n|switch|p1a: Blissey|Blissey, F|76\/100\n|-damage|p1a: Blissey|63\/100|[from] Stealth Rock\n|turn|15\n|\n|t:|1700677339\n|move|p2a: Cinderace|U-turn|p1a: Blissey\n|-start|p2a: Cinderace|typechange|Bug|[from] ability: Libero\n|-damage|p1a: Blissey|27\/100\n|\n|t:|1700677345\n|switch|p2a: Alomomola|Alomomola, F|100\/100|[from] U-turn\n|move|p1a: Blissey|Blizzard|p2a: Alomomola\n|-resisted|p2a: Alomomola\n|-damage|p2a: Alomomola|81\/100\n|\n|upkeep\n|turn|16\n|-message|sowalemonz forfeited.\n|\n|win|Andrews Finn3\n|raw|sowalemonz's rating: 1115 &rarr; <strong>1088<\/strong><br \/>(-27 for losing)\n|raw|Andrews Finn3's rating: 1082 &rarr; <strong>1112<\/strong><br \/>(+30 for winning)\n|l|\u2606sowalemonz\n|c|\u2606Andrews Finn3|who uses specs lol\n","uploadtime":1700677369,"views":1,"p1id":"sowalemonz","p2id":"andrewsfinn3","formatid":"gen9ou","rating":1088,"private":0,"password":""}