{"id":"gen9ou-1996469108","p1":"sircarroza","p2":"Vixen 4 Life","format":"[Gen 9] OU","log":"|j|\u2606sircarroza\n|j|\u2606Vixen 4 Life\n|t:|1700685018\n|gametype|singles\n|player|p1|sircarroza|giovanni|1385\n|player|p2|Vixen 4 Life|penny|1286\n|teamsize|p1|6\n|teamsize|p2|6\n|gen|9\n|tier|[Gen 9] OU\n|rated|\n|rule|Sleep Clause Mod: Limit one foe put to sleep\n|rule|Species Clause: Limit one of each Pok\u00e9mon\n|rule|OHKO Clause: OHKO moves are banned\n|rule|Evasion Items Clause: Evasion items are banned\n|rule|Evasion Moves Clause: Evasion moves are banned\n|rule|Endless Battle Clause: Forcing endless battles is banned\n|rule|HP Percentage Mod: HP is shown in percentages\n|clearpoke\n|poke|p1|Slowking, M|\n|poke|p1|Avalugg, M|\n|poke|p1|Meowscarada, M|\n|poke|p1|Iron Treads|\n|poke|p1|Breloom, F|\n|poke|p1|Iron Moth|\n|poke|p2|Toxapex, M|\n|poke|p2|Clodsire, F|\n|poke|p2|Corviknight, F|\n|poke|p2|Skeledirge, F|\n|poke|p2|Slowbro-Galar, M|\n|poke|p2|Ting-Lu|\n|teampreview\n|\n|t:|1700685028\n|start\n|switch|p1a: Trompa Loca|Iron Treads|100\/100\n|switch|p2a: El Cantante|Skeledirge, F, shiny|100\/100\n|turn|1\n|\n|t:|1700685036\n|-end|p1a: Trompa Loca|Quark Drive|[silent]\n|switch|p1a: Fr\u00eda Cogida|Slowking, M|100\/100\n|move|p2a: El Cantante|Will-O-Wisp|p1a: Fr\u00eda Cogida|[miss]\n|-miss|p2a: El Cantante|p1a: Fr\u00eda Cogida\n|\n|upkeep\n|turn|2\n|\n|t:|1700685042\n|-terastallize|p1a: Fr\u00eda Cogida|Water\n|move|p2a: El Cantante|Torch Song|p1a: Fr\u00eda Cogida\n|-resisted|p1a: Fr\u00eda Cogida\n|-damage|p1a: Fr\u00eda Cogida|90\/100\n|-boost|p2a: El Cantante|spa|1\n|move|p1a: Fr\u00eda Cogida|Surf|p2a: El Cantante\n|-supereffective|p2a: El Cantante\n|-damage|p2a: El Cantante|17\/100\n|\n|-heal|p2a: El Cantante|23\/100|[from] item: Leftovers\n|-heal|p1a: Fr\u00eda Cogida|96\/100|[from] item: Leftovers\n|upkeep\n|turn|3\n|\n|t:|1700685053\n|switch|p2a: Da Dirtiest Baby|Clodsire, F, shiny|100\/100\n|move|p1a: Fr\u00eda Cogida|Future Sight|p2a: Da Dirtiest Baby\n|-start|p1a: Fr\u00eda Cogida|move: Future Sight\n|\n|-heal|p1a: Fr\u00eda Cogida|100\/100|[from] item: Leftovers\n|upkeep\n|turn|4\n|\n|t:|1700685059\n|switch|p1a: Trompa Loca|Iron Treads|100\/100\n|move|p2a: Da Dirtiest Baby|Poison Jab|p1a: Trompa Loca\n|-immune|p1a: Trompa Loca\n|\n|upkeep\n|turn|5\n|\n|t:|1700685064\n|switch|p2a: Ting-Lu Reaction|Ting-Lu|100\/100\n|-ability|p2a: Ting-Lu Reaction|Vessel of Ruin\n|move|p1a: Trompa Loca|Stealth Rock|p2a: Ting-Lu Reaction\n|-sidestart|p2: Vixen 4 Life|move: Stealth Rock\n|\n|-end|p2a: Ting-Lu Reaction|move: Future Sight\n|-immune|p2a: Ting-Lu Reaction\n|upkeep\n|turn|6\n|\n|t:|1700685073\n|-end|p1a: Trompa Loca|Quark Drive|[silent]\n|switch|p1a: Freud|Breloom, F|100\/100\n|move|p2a: Ting-Lu Reaction|Earthquake|p1a: Freud\n|-resisted|p1a: Freud\n|-damage|p1a: Freud|51\/100\n|\n|upkeep\n|turn|7\n|\n|t:|1700685078\n|move|p1a: Freud|Spore|p2a: Ting-Lu Reaction\n|-status|p2a: Ting-Lu Reaction|slp|[from] move: Spore\n|cant|p2a: Ting-Lu Reaction|slp\n|\n|upkeep\n|turn|8\n|\n|t:|1700685083\n|switch|p2a: Sir Typhoon|Corviknight, F, shiny|100\/100\n|-damage|p2a: Sir Typhoon|88\/100|[from] Stealth Rock\n|move|p1a: Freud|Bullet Seed|p2a: Sir Typhoon\n|-resisted|p2a: Sir Typhoon\n|-damage|p2a: Sir Typhoon|83\/100\n|-resisted|p2a: Sir Typhoon\n|-damage|p2a: Sir Typhoon|79\/100\n|-hitcount|p2a: Sir Typhoon|2\n|\n|-heal|p2a: Sir Typhoon|85\/100|[from] item: Leftovers\n|upkeep\n|turn|9\n|\n|t:|1700685093\n|switch|p1a: Hot & toxic|Iron Moth|100\/100\n|move|p2a: Sir Typhoon|Brave Bird|p1a: Hot & toxic\n|-damage|p1a: Hot & toxic|29\/100\n|-damage|p2a: Sir Typhoon|67\/100|[from] Recoil\n|\n|-heal|p2a: Sir Typhoon|73\/100|[from] item: Leftovers\n|upkeep\n|turn|10\n|\n|t:|1700685101\n|switch|p2a: Da Dirtiest Baby|Clodsire, F, shiny|100\/100\n|move|p1a: Hot & toxic|Psychic|p2a: Da Dirtiest Baby\n|-supereffective|p2a: Da Dirtiest Baby\n|-damage|p2a: Da Dirtiest Baby|25\/100\n|\n|upkeep\n|turn|11\n|\n|t:|1700685108\n|-end|p1a: Hot & toxic|Quark Drive|[silent]\n|switch|p1a: Melissa|Meowscarada, M|100\/100\n|move|p2a: Da Dirtiest Baby|Recover|p2a: Da Dirtiest Baby\n|-heal|p2a: Da Dirtiest Baby|75\/100\n|\n|upkeep\n|turn|12\n|\n|t:|1700685114\n|move|p1a: Melissa|Trick|p2a: Da Dirtiest Baby\n|-start|p1a: Melissa|typechange|Psychic|[from] ability: Protean\n|-activate|p1a: Melissa|move: Trick|[of] p2a: Da Dirtiest Baby\n|-item|p2a: Da Dirtiest Baby|Choice Scarf|[from] move: Trick\n|-item|p1a: Melissa|Heavy-Duty Boots|[from] move: Trick\n|move|p2a: Da Dirtiest Baby|Poison Jab|p1a: Melissa\n|-damage|p1a: Melissa|55\/100\n|\n|upkeep\n|turn|13\n|\n|t:|1700685123\n|move|p1a: Melissa|U-turn|p2a: Da Dirtiest Baby\n|-resisted|p2a: Da Dirtiest Baby\n|-damage|p2a: Da Dirtiest Baby|61\/100\n|\n|t:|1700685125\n|switch|p1a: Trompa Loca|Iron Treads|100\/100|[from] U-turn\n|move|p2a: Da Dirtiest Baby|Poison Jab|p1a: Trompa Loca\n|-immune|p1a: Trompa Loca\n|\n|upkeep\n|turn|14\n|\n|t:|1700685132\n|-end|p1a: Trompa Loca|Quark Drive|[silent]\n|switch|p1a: Hot & toxic|Iron Moth|29\/100\n|move|p2a: Da Dirtiest Baby|Poison Jab|p1a: Hot & toxic\n|-resisted|p1a: Hot & toxic\n|-damage|p1a: Hot & toxic|0 fnt\n|faint|p1a: Hot & toxic\n|-end|p1a: Hot & toxic|Quark Drive|[silent]\n|\n|upkeep\n|inactive|Battle timer is ON: inactive players will automatically lose when time's up. (requested by sircarroza)\n|\n|t:|1700685141\n|switch|p1a: Fr\u00eda Cogida|Slowking, M, tera:Water|100\/100\n|turn|15\n|\n|t:|1700685145\n|move|p2a: Da Dirtiest Baby|Poison Jab|p1a: Fr\u00eda Cogida\n|-damage|p1a: Fr\u00eda Cogida|65\/100\n|-status|p1a: Fr\u00eda Cogida|psn\n|move|p1a: Fr\u00eda Cogida|Calm Mind|p1a: Fr\u00eda Cogida\n|-boost|p1a: Fr\u00eda Cogida|spa|1\n|-boost|p1a: Fr\u00eda Cogida|spd|1\n|\n|-heal|p1a: Fr\u00eda Cogida|71\/100 psn|[from] item: Leftovers\n|-damage|p1a: Fr\u00eda Cogida|58\/100 psn|[from] psn\n|upkeep\n|turn|16\n|\n|t:|1700685154\n|move|p2a: Da Dirtiest Baby|Poison Jab|p1a: Fr\u00eda Cogida\n|-damage|p1a: Fr\u00eda Cogida|23\/100 psn\n|move|p1a: Fr\u00eda Cogida|Future Sight|p2a: Da Dirtiest Baby\n|-start|p1a: Fr\u00eda Cogida|move: Future Sight\n|\n|-heal|p1a: Fr\u00eda Cogida|29\/100 psn|[from] item: Leftovers\n|-damage|p1a: Fr\u00eda Cogida|17\/100 psn|[from] psn\n|upkeep\n|turn|17\n|\n|t:|1700685161\n|switch|p1a: Trompa Loca|Iron Treads|100\/100\n|move|p2a: Da Dirtiest Baby|Poison Jab|p1a: Trompa Loca\n|-immune|p1a: Trompa Loca\n|\n|upkeep\n|turn|18\n|\n|t:|1700685167\n|-end|p1a: Trompa Loca|Quark Drive|[silent]\n|switch|p1a: Freud|Breloom, F|51\/100\n|move|p2a: Da Dirtiest Baby|Poison Jab|p1a: Freud\n|-supereffective|p1a: Freud\n|-damage|p1a: Freud|0 fnt\n|faint|p1a: Freud\n|\n|-end|p2a: Da Dirtiest Baby|move: Future Sight\n|-supereffective|p2a: Da Dirtiest Baby\n|-damage|p2a: Da Dirtiest Baby|0 fnt\n|faint|p2a: Da Dirtiest Baby\n|upkeep\n|-message|sircarroza forfeited.\n|\n|win|Vixen 4 Life\n|raw|sircarroza's rating: 1385 &rarr; <strong>1359<\/strong><br \/>(-26 for losing)\n|raw|Vixen 4 Life's rating: 1286 &rarr; <strong>1318<\/strong><br \/>(+32 for winning)\n|l|\u2606sircarroza\n","uploadtime":1700685178,"views":2,"p1id":"sircarroza","p2id":"vixen4life","formatid":"gen9ou","rating":1318,"private":0,"password":""}