{"id":"gen9ou-1993170292","p1":"Zixerneas","p2":"lucaless","format":"[Gen 9] OU","log":"|j|\u2606Zixerneas\n|j|\u2606lucaless\n|t:|1700273345\n|gametype|singles\n|player|p1|Zixerneas|az|1400\n|player|p2|lucaless|102|1432\n|teamsize|p1|6\n|teamsize|p2|6\n|gen|9\n|tier|[Gen 9] OU\n|rated|\n|rule|Sleep Clause Mod: Limit one foe put to sleep\n|rule|Species Clause: Limit one of each Pok\u00e9mon\n|rule|OHKO Clause: OHKO moves are banned\n|rule|Evasion Items Clause: Evasion items are banned\n|rule|Evasion Moves Clause: Evasion moves are banned\n|rule|Endless Battle Clause: Forcing endless battles is banned\n|rule|HP Percentage Mod: HP is shown in percentages\n|clearpoke\n|poke|p1|Rillaboom, F|\n|poke|p1|Thundurus-Therian, M|\n|poke|p1|Maushold-Four|\n|poke|p1|Sneasler, F|\n|poke|p1|Landorus-Therian, M|\n|poke|p1|Cinderace, F|\n|poke|p2|Probopass, M|\n|poke|p2|Moltres-Galar|\n|poke|p2|Glimmora, F|\n|poke|p2|Iron Valiant|\n|poke|p2|Gholdengo|\n|poke|p2|Iron Hands|\n|teampreview\n|inactive|Battle timer is ON: inactive players will automatically lose when time's up. (requested by lucaless)\n|\n|t:|1700273357\n|start\n|switch|p1a: Cinderace|Cinderace, F|100\/100\n|switch|p2a: Probopass|Probopass, M|100\/100\n|turn|1\n|\n|t:|1700273366\n|move|p1a: Cinderace|High Jump Kick|p2a: Probopass\n|-start|p1a: Cinderace|typechange|Fighting|[from] ability: Libero\n|-supereffective|p2a: Probopass\n|-ability|p2a: Probopass|Sturdy\n|-damage|p2a: Probopass|1\/100\n|move|p2a: Probopass|Thunder Wave|p1a: Cinderace\n|-status|p1a: Cinderace|par\n|\n|upkeep\n|turn|2\n|\n|t:|1700273378\n|switch|p2a: Gholdengo|Gholdengo|100\/100\n|cant|p1a: Cinderace|par\n|\n|upkeep\n|turn|3\n|\n|t:|1700273392\n|switch|p1a: Landorus|Landorus-Therian, M|100\/100\n|-ability|p1a: Landorus|Intimidate|boost\n|-unboost|p2a: Gholdengo|atk|1\n|move|p2a: Gholdengo|Hex|p1a: Landorus\n|-damage|p1a: Landorus|66\/100\n|\n|upkeep\n|turn|4\n|\n|t:|1700273399\n|switch|p2a: Moltres|Moltres-Galar|100\/100\n|move|p1a: Landorus|U-turn|p2a: Moltres\n|-damage|p2a: Moltres|81\/100\n|\n|t:|1700273411\n|switch|p1a: Thundurus|Thundurus-Therian, M|100\/100|[from] U-turn\n|\n|upkeep\n|turn|5\n|\n|t:|1700273422\n|switch|p2a: Probopass|Probopass, M|1\/100\n|move|p1a: Thundurus|Volt Switch|p2a: Probopass\n|-damage|p2a: Probopass|0 fnt\n|faint|p2a: Probopass\n|\n|t:|1700273434\n|switch|p1a: Rillaboom|Rillaboom, F|100\/100|[from] Volt Switch\n|-fieldstart|move: Grassy Terrain|[from] ability: Grassy Surge|[of] p1a: Rillaboom\n|\n|upkeep\n|\n|t:|1700273448\n|switch|p2a: Glimmora|Glimmora, F|100\/100\n|turn|6\n|\n|t:|1700273466\n|switch|p1a: Maushold|Maushold-Four|100\/100\n|move|p2a: Glimmora|Sludge Bomb|p1a: Maushold\n|-damage|p1a: Maushold|17\/100\n|\n|-heal|p1a: Maushold|23\/100|[from] Grassy Terrain\n|upkeep\n|turn|7\n|\n|t:|1700273474\n|move|p1a: Maushold|Population Bomb|p2a: Glimmora\n|-resisted|p2a: Glimmora\n|-damage|p2a: Glimmora|94\/100\n|-activate|p2a: Glimmora|ability: Toxic Debris\n|-sidestart|p1: Zixerneas|move: Toxic Spikes\n|-resisted|p2a: Glimmora\n|-damage|p2a: Glimmora|87\/100\n|-activate|p2a: Glimmora|ability: Toxic Debris\n|-sidestart|p1: Zixerneas|move: Toxic Spikes\n|-resisted|p2a: Glimmora\n|-damage|p2a: Glimmora|81\/100\n|-resisted|p2a: Glimmora\n|-damage|p2a: Glimmora|73\/100\n|-resisted|p2a: Glimmora\n|-damage|p2a: Glimmora|67\/100\n|-resisted|p2a: Glimmora\n|-damage|p2a: Glimmora|60\/100\n|-resisted|p2a: Glimmora\n|-damage|p2a: Glimmora|54\/100\n|-resisted|p2a: Glimmora\n|-damage|p2a: Glimmora|47\/100\n|-resisted|p2a: Glimmora\n|-damage|p2a: Glimmora|39\/100\n|-resisted|p2a: Glimmora\n|-damage|p2a: Glimmora|32\/100\n|-hitcount|p2a: Glimmora|10\n|move|p2a: Glimmora|Power Gem|p1a: Maushold\n|-damage|p1a: Maushold|0 fnt\n|faint|p1a: Maushold\n|\n|-heal|p2a: Glimmora|39\/100|[from] Grassy Terrain\n|upkeep\n|\n|t:|1700273476\n|switch|p1a: Sneasler|Sneasler, F|100\/100\n|-sideend|p1: Zixerneas|move: Toxic Spikes|[of] p1a: Sneasler\n|-enditem|p1a: Sneasler|Grassy Seed\n|-boost|p1a: Sneasler|def|1|[from] item: Grassy Seed\n|turn|8\n|\n|t:|1700273492\n|move|p1a: Sneasler|Swords Dance|p1a: Sneasler\n|-boost|p1a: Sneasler|atk|2\n|move|p2a: Glimmora|Earth Power|p1a: Sneasler\n|-supereffective|p1a: Sneasler\n|-damage|p1a: Sneasler|13\/100\n|\n|-heal|p1a: Sneasler|19\/100|[from] Grassy Terrain\n|-heal|p2a: Glimmora|45\/100|[from] Grassy Terrain\n|upkeep\n|turn|9\n|\n|t:|1700273500\n|move|p1a: Sneasler|Close Combat|p2a: Glimmora\n|-damage|p2a: Glimmora|0 fnt\n|-unboost|p1a: Sneasler|def|1\n|-unboost|p1a: Sneasler|spd|1\n|-activate|p2a: Glimmora|ability: Toxic Debris\n|-sidestart|p1: Zixerneas|move: Toxic Spikes\n|faint|p2a: Glimmora\n|\n|-heal|p1a: Sneasler|25\/100|[from] Grassy Terrain\n|-fieldend|move: Grassy Terrain\n|upkeep\n|\n|t:|1700273503\n|switch|p2a: Moltres|Moltres-Galar|81\/100\n|turn|10\n|\n|t:|1700273509\n|move|p2a: Moltres|Sucker Punch|p1a: Sneasler\n|-resisted|p1a: Sneasler\n|-damage|p1a: Sneasler|9\/100\n|move|p1a: Sneasler|Close Combat|p2a: Moltres\n|-damage|p2a: Moltres|0 fnt\n|-unboost|p1a: Sneasler|def|1\n|-unboost|p1a: Sneasler|spd|1\n|faint|p2a: Moltres\n|\n|upkeep\n|\n|t:|1700273515\n|switch|p2a: Iron Valiant|Iron Valiant|100\/100\n|turn|11\n|\n|t:|1700273518\n|move|p2a: Iron Valiant|Vacuum Wave|p1a: Sneasler\n|-resisted|p1a: Sneasler\n|-damage|p1a: Sneasler|0 fnt\n|faint|p1a: Sneasler\n|\n|upkeep\n|\n|t:|1700273527\n|switch|p1a: Cinderace|Cinderace, F|100\/100 par\n|turn|12\n|\n|t:|1700273536\n|move|p2a: Iron Valiant|Aura Sphere|p1a: Cinderace\n|-damage|p1a: Cinderace|33\/100 par\n|move|p1a: Cinderace|Pyro Ball|p2a: Iron Valiant|[miss]\n|-miss|p1a: Cinderace|p2a: Iron Valiant\n|\n|upkeep\n|turn|13\n|\n|t:|1700273541\n|move|p2a: Iron Valiant|Aura Sphere|p1a: Cinderace\n|-damage|p1a: Cinderace|0 fnt\n|faint|p1a: Cinderace\n|\n|upkeep\n|inactive|Zixerneas has 120 seconds left.\n|\n|t:|1700273573\n|switch|p1a: Thundurus|Thundurus-Therian, M|100\/100\n|turn|14\n|\n|t:|1700273578\n|move|p2a: Iron Valiant|Moonblast|p1a: Thundurus\n|-damage|p1a: Thundurus|28\/100\n|-unboost|p1a: Thundurus|spa|1\n|move|p1a: Thundurus|Volt Switch|p2a: Iron Valiant\n|-damage|p2a: Iron Valiant|51\/100\n|inactive|Zixerneas has 120 seconds left.\n|\n|t:|1700273594\n|switch|p1a: Rillaboom|Rillaboom, F|100\/100|[from] Volt Switch\n|-fieldstart|move: Grassy Terrain|[from] ability: Grassy Surge|[of] p1a: Rillaboom\n|\n|-heal|p2a: Iron Valiant|57\/100|[from] Grassy Terrain\n|upkeep\n|turn|15\n|inactive|Zixerneas has 120 seconds left.\n|\n|t:|1700273599\n|-terastallize|p1a: Rillaboom|Grass\n|move|p2a: Iron Valiant|Vacuum Wave|p1a: Rillaboom\n|-damage|p1a: Rillaboom|71\/100\n|move|p1a: Rillaboom|Grassy Glide|p2a: Iron Valiant\n|-damage|p2a: Iron Valiant|0 fnt\n|faint|p2a: Iron Valiant\n|-end|p2a: Iron Valiant|Quark Drive|[silent]\n|\n|-heal|p1a: Rillaboom|77\/100|[from] Grassy Terrain\n|upkeep\n|\n|t:|1700273605\n|switch|p2a: Gholdengo|Gholdengo|100\/100\n|turn|16\n|\n|t:|1700273611\n|move|p1a: Rillaboom|Knock Off|p2a: Gholdengo\n|-supereffective|p2a: Gholdengo\n|-damage|p2a: Gholdengo|31\/100\n|-enditem|p2a: Gholdengo|Leftovers|[from] move: Knock Off|[of] p1a: Rillaboom\n|move|p2a: Gholdengo|Make It Rain|p1a: Rillaboom\n|-damage|p1a: Rillaboom|0 fnt\n|-unboost|p2a: Gholdengo|spa|1\n|faint|p1a: Rillaboom\n|\n|-heal|p2a: Gholdengo|38\/100|[from] Grassy Terrain\n|upkeep\n|\n|t:|1700273619\n|switch|p1a: Thundurus|Thundurus-Therian, M|28\/100\n|turn|17\n|\n|t:|1700273623\n|move|p1a: Thundurus|Volt Switch|p2a: Gholdengo\n|-damage|p2a: Gholdengo|0 fnt\n|faint|p2a: Gholdengo\n|\n|t:|1700273626\n|switch|p1a: Landorus|Landorus-Therian, M|66\/100|[from] Volt Switch\n|\n|upkeep\n|\n|t:|1700273628\n|switch|p2a: Iron Hands|Iron Hands|100\/100\n|turn|18\n|\n|t:|1700273633\n|-terastallize|p2a: Iron Hands|Fighting\n|move|p1a: Landorus|Earthquake|p2a: Iron Hands\n|-damage|p2a: Iron Hands|87\/100\n|move|p2a: Iron Hands|Swords Dance|p2a: Iron Hands\n|-boost|p2a: Iron Hands|atk|2\n|\n|-heal|p2a: Iron Hands|93\/100|[from] Grassy Terrain\n|-fieldend|move: Grassy Terrain\n|upkeep\n|turn|19\n|\n|t:|1700273643\n|move|p1a: Landorus|Earthquake|p2a: Iron Hands\n|-damage|p2a: Iron Hands|65\/100\n|move|p2a: Iron Hands|Substitute|p2a: Iron Hands\n|-start|p2a: Iron Hands|Substitute\n|-damage|p2a: Iron Hands|40\/100\n|\n|upkeep\n|turn|20\n|\n|t:|1700273649\n|move|p1a: Landorus|Earthquake|p2a: Iron Hands\n|-end|p2a: Iron Hands|Substitute\n|move|p2a: Iron Hands|Drain Punch|p1a: Landorus\n|-resisted|p1a: Landorus\n|-damage|p1a: Landorus|28\/100\n|-heal|p2a: Iron Hands|54\/100|[from] drain|[of] p1a: Landorus\n|-damage|p2a: Iron Hands|38\/100|[from] item: Rocky Helmet|[of] p1a: Landorus\n|\n|upkeep\n|turn|21\n|\n|t:|1700273655\n|move|p1a: Landorus|Earthquake|p2a: Iron Hands\n|-damage|p2a: Iron Hands|8\/100\n|-enditem|p2a: Iron Hands|Aguav Berry|[eat]\n|-heal|p2a: Iron Hands|41\/100|[from] item: Aguav Berry\n|move|p2a: Iron Hands|Drain Punch|p1a: Landorus\n|-resisted|p1a: Landorus\n|-damage|p1a: Landorus|0 fnt\n|-heal|p2a: Iron Hands|51\/100|[from] drain|[of] p1a: Landorus\n|-damage|p2a: Iron Hands|35\/100|[from] item: Rocky Helmet|[of] p1a: Landorus\n|faint|p1a: Landorus\n|\n|upkeep\n|\n|t:|1700273658\n|switch|p1a: Thundurus|Thundurus-Therian, M|28\/100\n|turn|22\n|\n|t:|1700273662\n|move|p1a: Thundurus|Volt Switch|p2a: Iron Hands\n|-damage|p2a: Iron Hands|0 fnt\n|faint|p2a: Iron Hands\n|-end|p2a: Iron Hands|Quark Drive|[silent]\n|\n|win|Zixerneas\n|raw|Zixerneas's rating: 1400 &rarr; <strong>1422<\/strong><br \/>(+22 for winning)\n|raw|lucaless's rating: 1432 &rarr; <strong>1410<\/strong><br \/>(-22 for losing)\n|l|\u2606Zixerneas\n|c|\u2606lucaless|gg\n","uploadtime":1700273676,"views":16,"p1id":"zixerneas","p2id":"lucaless","formatid":"gen9ou","rating":1410,"private":0,"password":""}