{"id":"gen9ou-1997604827","p1":"caimanvert","p2":"RenanGk","format":"[Gen 9] OU","log":"|j|\u2606caimanvert\n|j|\u2606RenanGk\n|t:|1700831928\n|gametype|singles\n|player|p1|caimanvert|biker-gen4|1152\n|player|p2|RenanGk|red|1218\n|teamsize|p1|6\n|teamsize|p2|6\n|gen|9\n|tier|[Gen 9] OU\n|rated|\n|rule|Sleep Clause Mod: Limit one foe put to sleep\n|rule|Species Clause: Limit one of each Pok\u00e9mon\n|rule|OHKO Clause: OHKO moves are banned\n|rule|Evasion Items Clause: Evasion items are banned\n|rule|Evasion Moves Clause: Evasion moves are banned\n|rule|Endless Battle Clause: Forcing endless battles is banned\n|rule|HP Percentage Mod: HP is shown in percentages\n|clearpoke\n|poke|p1|Kingambit, M|\n|poke|p1|Ogerpon-Wellspring, F|\n|poke|p1|Clefable, M|\n|poke|p1|Great Tusk|\n|poke|p1|Slowking-Galar, F|\n|poke|p1|Enamorus, F|\n|poke|p2|Medicham, F|\n|poke|p2|Tyranitar, M|\n|poke|p2|Ting-Lu|\n|poke|p2|Enamorus, F|\n|poke|p2|Moltres|\n|poke|p2|Crawdaunt, F|\n|teampreview\n|\n|t:|1700831943\n|start\n|switch|p1a: balemasque|Ogerpon-Wellspring, F|100\/100\n|switch|p2a: Medicham|Medicham, F|100\/100\n|turn|1\n|\n|t:|1700831951\n|move|p2a: Medicham|Fake Out|p1a: balemasque\n|-damage|p1a: balemasque|72\/100\n|-damage|p2a: Medicham|91\/100|[from] item: Life Orb\n|cant|p1a: balemasque|flinch\n|\n|upkeep\n|turn|2\n|\n|t:|1700831967\n|switch|p2a: Tyranitar|Tyranitar, M|100\/100\n|-weather|Sandstorm|[from] ability: Sand Stream|[of] p2a: Tyranitar\n|move|p1a: balemasque|Knock Off|p2a: Tyranitar\n|-resisted|p2a: Tyranitar\n|-damage|p2a: Tyranitar|84\/100\n|-enditem|p2a: Tyranitar|Leftovers|[from] move: Knock Off|[of] p1a: balemasque\n|\n|-weather|Sandstorm|[upkeep]\n|-damage|p1a: balemasque|66\/100|[from] Sandstorm\n|upkeep\n|turn|3\n|inactive|Battle timer is ON: inactive players will automatically lose when time's up. (requested by caimanvert)\n|inactive|RenanGk has 120 seconds left.\n|inactive|RenanGk has 90 seconds left.\n|\n|t:|1700832131\n|move|p1a: balemasque|Ivy Cudgel|p2a: Tyranitar|[anim] Ivy Cudgel Water\n|-supereffective|p2a: Tyranitar\n|-damage|p2a: Tyranitar|0 fnt\n|faint|p2a: Tyranitar\n|\n|-weather|Sandstorm|[upkeep]\n|-damage|p1a: balemasque|60\/100|[from] Sandstorm\n|upkeep\n|inactive|RenanGk has 120 seconds left.\n|inactive|RenanGk has 90 seconds left.\n|inactive|RenanGk has 60 seconds left.\n|inactive|RenanGk has 30 seconds left.\n|inactive|RenanGk has 20 seconds left.\n|\n|t:|1700832263\n|switch|p2a: Enamorus|Enamorus, F|100\/100\n|turn|4\n|inactive|RenanGk has 30 seconds left this turn.\n|\n|t:|1700832273\n|switch|p1a: Clefable|Clefable, M|100\/100\n|move|p2a: Enamorus|Moonblast|p1a: Clefable\n|-damage|p1a: Clefable|48\/100\n|\n|-weather|Sandstorm|[upkeep]\n|-damage|p2a: Enamorus|94\/100|[from] Sandstorm\n|-damage|p1a: Clefable|42\/100|[from] Sandstorm\n|-heal|p1a: Clefable|48\/100|[from] item: Leftovers\n|upkeep\n|turn|5\n|inactive|RenanGk has 30 seconds left.\n|inactive|RenanGk has 20 seconds left.\n|inactive|RenanGk has 15 seconds left.\n|\n|t:|1700832297\n|move|p1a: Clefable|Protect|p1a: Clefable\n|-singleturn|p1a: Clefable|Protect\n|move|p2a: Enamorus|Moonblast|p1a: Clefable\n|-activate|p1a: Clefable|move: Protect\n|\n|-weather|Sandstorm|[upkeep]\n|-damage|p2a: Enamorus|88\/100|[from] Sandstorm\n|-damage|p1a: Clefable|42\/100|[from] Sandstorm\n|-heal|p1a: Clefable|48\/100|[from] item: Leftovers\n|upkeep\n|turn|6\n|inactive|RenanGk has 25 seconds left this turn.\n|inactive|RenanGk has 20 seconds left.\n|\n|t:|1700832316\n|switch|p2a: Ting-Lu|Ting-Lu|100\/100\n|-ability|p2a: Ting-Lu|Vessel of Ruin\n|-terastallize|p1a: Clefable|Steel\n|move|p1a: Clefable|Wish|p1a: Clefable\n|\n|-weather|none\n|-heal|p1a: Clefable|54\/100|[from] item: Leftovers\n|upkeep\n|turn|7\n|inactive|RenanGk has 30 seconds left this turn.\n|\n|t:|1700832327\n|move|p1a: Clefable|Protect|p1a: Clefable\n|-singleturn|p1a: Clefable|Protect\n|move|p2a: Ting-Lu|Spikes|p1a: Clefable\n|-sidestart|p1: caimanvert|Spikes\n|\n|-heal|p1a: Clefable|100\/100|[from] move: Wish|[wisher] Clefable\n|upkeep\n|turn|8\n|\n|t:|1700832334\n|switch|p1a: Great Tusk|Great Tusk|100\/100\n|-damage|p1a: Great Tusk|88\/100|[from] Spikes\n|move|p2a: Ting-Lu|Earthquake|p1a: Great Tusk\n|-damage|p1a: Great Tusk|71\/100\n|\n|-heal|p1a: Great Tusk|77\/100|[from] item: Leftovers\n|upkeep\n|turn|9\n|\n|t:|1700832342\n|switch|p2a: Moltres|Moltres|100\/100\n|move|p1a: Great Tusk|Stealth Rock|p2a: Moltres\n|-sidestart|p2: RenanGk|move: Stealth Rock\n|\n|-heal|p1a: Great Tusk|83\/100|[from] item: Leftovers\n|upkeep\n|turn|10\n|\n|t:|1700832354\n|-end|p1a: Great Tusk|Protosynthesis|[silent]\n|switch|p1a: Slowking|Slowking-Galar, F|100\/100\n|-damage|p1a: Slowking|88\/100|[from] Spikes\n|move|p2a: Moltres|Air Slash|p1a: Slowking\n|-damage|p1a: Slowking|71\/100\n|\n|upkeep\n|turn|11\n|\n|t:|1700832362\n|move|p2a: Moltres|U-turn|p1a: Slowking\n|-damage|p1a: Slowking|55\/100\n|\n|t:|1700832366\n|switch|p2a: Ting-Lu|Ting-Lu|100\/100|[from] U-turn\n|-damage|p2a: Ting-Lu|94\/100|[from] Stealth Rock\n|-ability|p2a: Ting-Lu|Vessel of Ruin\n|move|p1a: Slowking|Surf|p2a: Ting-Lu\n|-supereffective|p2a: Ting-Lu\n|-damage|p2a: Ting-Lu|62\/100\n|\n|-heal|p2a: Ting-Lu|69\/100|[from] item: Leftovers\n|upkeep\n|turn|12\n|\n|t:|1700832381\n|switch|p1a: Great Tusk|Great Tusk|83\/100\n|-damage|p1a: Great Tusk|71\/100|[from] Spikes\n|move|p2a: Ting-Lu|Spikes|p1a: Great Tusk\n|-sidestart|p1: caimanvert|Spikes\n|\n|-heal|p1a: Great Tusk|77\/100|[from] item: Leftovers\n|-heal|p2a: Ting-Lu|75\/100|[from] item: Leftovers\n|upkeep\n|turn|13\n|\n|t:|1700832389\n|switch|p2a: Moltres|Moltres|100\/100\n|move|p1a: Great Tusk|Rapid Spin|p2a: Moltres\n|-damage|p2a: Moltres|86\/100\n|-boost|p1a: Great Tusk|spe|1\n|-sideend|p1: caimanvert|Spikes|[from] move: Rapid Spin|[of] p1a: Great Tusk\n|\n|-heal|p1a: Great Tusk|83\/100|[from] item: Leftovers\n|upkeep\n|turn|14\n|inactive|RenanGk has 60 seconds left.\n|\n|t:|1700832404\n|-end|p1a: Great Tusk|Protosynthesis|[silent]\n|switch|p1a: Slowking|Slowking-Galar, F|88\/100\n|move|p2a: Moltres|U-turn|p1a: Slowking\n|-damage|p1a: Slowking|74\/100\n|\n|t:|1700832423\n|switch|p2a: Crawdaunt|Crawdaunt, F|100\/100|[from] U-turn\n|-damage|p2a: Crawdaunt|88\/100|[from] Stealth Rock\n|\n|upkeep\n|turn|15\n|\n|t:|1700832439\n|switch|p1a: Clefable|Clefable, M, tera:Steel|100\/100\n|move|p2a: Crawdaunt|Knock Off|p1a: Clefable\n|-damage|p1a: Clefable|30\/100\n|-enditem|p1a: Clefable|Leftovers|[from] move: Knock Off|[of] p2a: Crawdaunt\n|-damage|p2a: Crawdaunt|78\/100|[from] item: Life Orb\n|\n|upkeep\n|turn|16\n|\n|t:|1700832448\n|move|p1a: Clefable|Protect|p1a: Clefable\n|-singleturn|p1a: Clefable|Protect\n|move|p2a: Crawdaunt|Liquidation|p1a: Clefable\n|-activate|p1a: Clefable|move: Protect\n|\n|upkeep\n|turn|17\n|\n|t:|1700832454\n|move|p1a: Clefable|Moonblast|p2a: Crawdaunt\n|-supereffective|p2a: Crawdaunt\n|-damage|p2a: Crawdaunt|0 fnt\n|faint|p2a: Crawdaunt\n|\n|upkeep\n|inactive|RenanGk has 60 seconds left.\n|\n|t:|1700832489\n|switch|p2a: Moltres|Moltres|86\/100\n|turn|18\n|\n|t:|1700832494\n|move|p1a: Clefable|Protect|p1a: Clefable\n|-singleturn|p1a: Clefable|Protect\n|move|p2a: Moltres|Flamethrower|p1a: Clefable\n|-activate|p1a: Clefable|move: Protect\n|\n|upkeep\n|turn|19\n|inactive|RenanGk has 30 seconds left.\n|inactive|RenanGk has 20 seconds left.\n|inactive|RenanGk has 15 seconds left.\n|inactive|RenanGk has 10 seconds left.\n|inactive|RenanGk has 5 seconds left.\n|-message|RenanGk lost due to inactivity.\n|\n|win|caimanvert\n|raw|caimanvert's rating: 1152 &rarr; <strong>1182<\/strong><br \/>(+30 for winning)\n|raw|RenanGk's rating: 1218 &rarr; <strong>1188<\/strong><br \/>(-30 for losing)\n","uploadtime":1700832565,"views":2,"p1id":"caimanvert","p2id":"renangk","formatid":"gen9ou","rating":1182,"private":0,"password":""}