{"id":"gen9ou-1994732290","p1":"Piando v","p2":"red violet blue","format":"[Gen 9] OU","log":"|j|\u2606Piando v\n|j|\u2606red violet blue\n|t:|1700486942\n|gametype|singles\n|player|p1|Piando v|hugh|1520\n|player|p2|red violet blue|101|1563\n|teamsize|p1|6\n|teamsize|p2|6\n|gen|9\n|tier|[Gen 9] OU\n|rated|\n|rule|Sleep Clause Mod: Limit one foe put to sleep\n|rule|Species Clause: Limit one of each Pok\u00e9mon\n|rule|OHKO Clause: OHKO moves are banned\n|rule|Evasion Items Clause: Evasion items are banned\n|rule|Evasion Moves Clause: Evasion moves are banned\n|rule|Endless Battle Clause: Forcing endless battles is banned\n|rule|HP Percentage Mod: HP is shown in percentages\n|clearpoke\n|poke|p1|Rillaboom, F|\n|poke|p1|Cinderace, M|\n|poke|p1|Ogerpon-Cornerstone, F|\n|poke|p1|Kingambit, M|\n|poke|p1|Great Tusk|\n|poke|p1|Iron Valiant|\n|poke|p2|Rillaboom, F|\n|poke|p2|Hawlucha, F|\n|poke|p2|Samurott-Hisui, M|\n|poke|p2|Ogerpon-Cornerstone, F|\n|poke|p2|Great Tusk|\n|poke|p2|Ceruledge, M|\n|teampreview\n|inactive|Battle timer is ON: inactive players will automatically lose when time's up. (requested by red violet blue)\n|\n|t:|1700486954\n|start\n|switch|p1a: Ogerpon|Ogerpon-Cornerstone, F|100\/100\n|switch|p2a: Samurott|Samurott-Hisui, M|100\/100\n|turn|1\n|\n|t:|1700486972\n|move|p1a: Ogerpon|Power Whip|p2a: Samurott\n|-supereffective|p2a: Samurott\n|-enditem|p2a: Samurott|Focus Sash\n|-damage|p2a: Samurott|1\/100\n|move|p2a: Samurott|Ceaseless Edge|p1a: Ogerpon\n|-damage|p1a: Ogerpon|46\/100\n|-sidestart|p1: Piando v|Spikes\n|\n|upkeep\n|turn|2\n|\n|t:|1700486980\n|switch|p1a: Great Tusk|Great Tusk|100\/100\n|-damage|p1a: Great Tusk|88\/100|[from] Spikes\n|move|p2a: Samurott|Ceaseless Edge|p1a: Great Tusk\n|-resisted|p1a: Great Tusk\n|-damage|p1a: Great Tusk|74\/100\n|-damage|p2a: Samurott|0 fnt|[from] item: Rocky Helmet|[of] p1a: Great Tusk\n|faint|p2a: Samurott\n|\n|upkeep\n|\n|t:|1700486989\n|switch|p2a: Ogerpon|Ogerpon-Cornerstone, F|100\/100\n|turn|3\n|\n|t:|1700486998\n|-terastallize|p1a: Great Tusk|Dragon\n|move|p2a: Ogerpon|Power Whip|p1a: Great Tusk\n|-resisted|p1a: Great Tusk\n|-damage|p1a: Great Tusk|53\/100\n|-damage|p2a: Ogerpon|84\/100|[from] item: Rocky Helmet|[of] p1a: Great Tusk\n|move|p1a: Great Tusk|Rapid Spin|p2a: Ogerpon\n|-resisted|p2a: Ogerpon\n|-damage|p2a: Ogerpon|74\/100\n|-boost|p1a: Great Tusk|spe|1\n|-sideend|p1: Piando v|Spikes|[from] move: Rapid Spin|[of] p1a: Great Tusk\n|\n|upkeep\n|turn|4\n|\n|t:|1700487008\n|switch|p2a: Rillaboom|Rillaboom, F|100\/100\n|-fieldstart|move: Grassy Terrain|[from] ability: Grassy Surge|[of] p2a: Rillaboom\n|move|p1a: Great Tusk|Stealth Rock|p2a: Rillaboom\n|-sidestart|p2: red violet blue|move: Stealth Rock\n|\n|-heal|p1a: Great Tusk|60\/100|[from] Grassy Terrain\n|upkeep\n|turn|5\n|\n|t:|1700487016\n|move|p1a: Great Tusk|Knock Off|p2a: Rillaboom\n|-crit|p2a: Rillaboom\n|-damage|p2a: Rillaboom|58\/100\n|-enditem|p2a: Rillaboom|Terrain Extender|[from] move: Knock Off|[of] p1a: Great Tusk\n|move|p2a: Rillaboom|Knock Off|p1a: Great Tusk\n|-damage|p1a: Great Tusk|37\/100\n|-damage|p2a: Rillaboom|41\/100|[from] item: Rocky Helmet|[of] p1a: Great Tusk\n|-enditem|p1a: Great Tusk|Rocky Helmet|[from] move: Knock Off|[of] p2a: Rillaboom\n|\n|-heal|p1a: Great Tusk|43\/100|[from] Grassy Terrain\n|-heal|p2a: Rillaboom|47\/100|[from] Grassy Terrain\n|upkeep\n|turn|6\n|\n|t:|1700487024\n|-end|p1a: Great Tusk|Protosynthesis|[silent]\n|switch|p1a: Cinderace|Cinderace, M|100\/100\n|move|p2a: Rillaboom|U-turn|p1a: Cinderace\n|-resisted|p1a: Cinderace\n|-damage|p1a: Cinderace|85\/100\n|\n|t:|1700487030\n|switch|p2a: Ceruledge|Ceruledge, M|100\/100|[from] U-turn\n|\n|-heal|p1a: Cinderace|92\/100|[from] Grassy Terrain\n|upkeep\n|turn|7\n|\n|t:|1700487037\n|switch|p1a: Ogerpon|Ogerpon-Cornerstone, F|46\/100\n|move|p2a: Ceruledge|Bulk Up|p2a: Ceruledge\n|-boost|p2a: Ceruledge|atk|1\n|-boost|p2a: Ceruledge|def|1\n|\n|-heal|p1a: Ogerpon|52\/100|[from] Grassy Terrain\n|upkeep\n|turn|8\n|\n|t:|1700487047\n|switch|p1a: Cinderace|Cinderace, M|92\/100\n|move|p2a: Ceruledge|Bitter Blade|p1a: Cinderace\n|-resisted|p1a: Cinderace\n|-damage|p1a: Cinderace|55\/100\n|\n|-heal|p1a: Cinderace|62\/100|[from] Grassy Terrain\n|upkeep\n|turn|9\n|\n|t:|1700487052\n|move|p1a: Cinderace|U-turn|p2a: Ceruledge\n|-resisted|p2a: Ceruledge\n|-damage|p2a: Ceruledge|97\/100\n|\n|t:|1700487059\n|switch|p1a: Iron Valiant|Iron Valiant|100\/100|[from] U-turn\n|-enditem|p1a: Iron Valiant|Booster Energy\n|-activate|p1a: Iron Valiant|ability: Quark Drive|[fromitem]\n|-start|p1a: Iron Valiant|quarkdrivespe\n|move|p2a: Ceruledge|Bulk Up|p2a: Ceruledge\n|-boost|p2a: Ceruledge|atk|1\n|-boost|p2a: Ceruledge|def|1\n|\n|-heal|p2a: Ceruledge|100\/100|[from] Grassy Terrain\n|upkeep\n|turn|10\n|\n|t:|1700487065\n|move|p2a: Ceruledge|Shadow Sneak|p1a: Iron Valiant\n|-damage|p1a: Iron Valiant|60\/100\n|move|p1a: Iron Valiant|Encore|p2a: Ceruledge\n|-start|p2a: Ceruledge|Encore\n|\n|-heal|p1a: Iron Valiant|66\/100|[from] Grassy Terrain\n|upkeep\n|turn|11\n|\n|t:|1700487070\n|move|p2a: Ceruledge|Shadow Sneak|p1a: Iron Valiant\n|-damage|p1a: Iron Valiant|23\/100\n|move|p1a: Iron Valiant|Thunderbolt|p2a: Ceruledge\n|-damage|p2a: Ceruledge|80\/100\n|\n|-heal|p1a: Iron Valiant|29\/100|[from] Grassy Terrain\n|-heal|p2a: Ceruledge|86\/100|[from] Grassy Terrain\n|-fieldend|move: Grassy Terrain\n|upkeep\n|turn|12\n|\n|t:|1700487077\n|-end|p1a: Iron Valiant|Quark Drive|[silent]\n|switch|p1a: Kingambit|Kingambit, M|100\/100\n|-item|p1a: Kingambit|Air Balloon\n|move|p2a: Ceruledge|Shadow Sneak|p1a: Kingambit\n|-resisted|p1a: Kingambit\n|-damage|p1a: Kingambit|87\/100\n|-enditem|p1a: Kingambit|Air Balloon\n|\n|upkeep\n|turn|13\n|\n|t:|1700487084\n|switch|p2a: Great Tusk|Great Tusk|100\/100\n|-damage|p2a: Great Tusk|97\/100|[from] Stealth Rock\n|-enditem|p2a: Great Tusk|Booster Energy\n|-activate|p2a: Great Tusk|ability: Protosynthesis|[fromitem]\n|-start|p2a: Great Tusk|protosynthesisspe\n|move|p1a: Kingambit|Sucker Punch||[still]\n|-fail|p1a: Kingambit\n|\n|upkeep\n|turn|14\n|\n|t:|1700487095\n|-end|p1a: Kingambit|fallenundefined|[silent]\n|switch|p1a: Rillaboom|Rillaboom, F|100\/100\n|-fieldstart|move: Grassy Terrain|[from] ability: Grassy Surge|[of] p1a: Rillaboom\n|move|p2a: Great Tusk|Rapid Spin|p1a: Rillaboom\n|-damage|p1a: Rillaboom|85\/100\n|-boost|p2a: Great Tusk|spe|1\n|-sideend|p2: red violet blue|Stealth Rock|[from] move: Rapid Spin|[of] p2a: Great Tusk\n|\n|-heal|p2a: Great Tusk|100\/100|[from] Grassy Terrain\n|-heal|p1a: Rillaboom|91\/100|[from] Grassy Terrain\n|upkeep\n|turn|15\n|\n|t:|1700487108\n|-terastallize|p2a: Great Tusk|Poison\n|move|p2a: Great Tusk|Bulk Up|p2a: Great Tusk\n|-boost|p2a: Great Tusk|atk|1\n|-boost|p2a: Great Tusk|def|1\n|move|p1a: Rillaboom|Wood Hammer|p2a: Great Tusk\n|-resisted|p2a: Great Tusk\n|-damage|p2a: Great Tusk|74\/100\n|-damage|p1a: Rillaboom|80\/100|[from] Recoil\n|\n|-heal|p2a: Great Tusk|80\/100|[from] Grassy Terrain\n|-heal|p1a: Rillaboom|86\/100|[from] Grassy Terrain\n|upkeep\n|turn|16\n|\n|t:|1700487116\n|switch|p1a: Great Tusk|Great Tusk, tera:Dragon|43\/100\n|move|p2a: Great Tusk|Bulk Up|p2a: Great Tusk\n|-boost|p2a: Great Tusk|atk|1\n|-boost|p2a: Great Tusk|def|1\n|\n|-heal|p2a: Great Tusk|86\/100|[from] Grassy Terrain\n|-heal|p1a: Great Tusk|50\/100|[from] Grassy Terrain\n|upkeep\n|turn|17\n|\n|t:|1700487120\n|move|p2a: Great Tusk|Headlong Rush|p1a: Great Tusk\n|-damage|p1a: Great Tusk|0 fnt\n|-unboost|p2a: Great Tusk|def|1\n|-unboost|p2a: Great Tusk|spd|1\n|faint|p1a: Great Tusk\n|-end|p1a: Great Tusk|Protosynthesis|[silent]\n|\n|-heal|p2a: Great Tusk|93\/100|[from] Grassy Terrain\n|upkeep\n|-message|Piando v forfeited.\n|\n|win|red violet blue\n|raw|Piando v's rating: 1520 &rarr; <strong>1502<\/strong><br \/>(-18 for losing)\n|raw|red violet blue's rating: 1563 &rarr; <strong>1581<\/strong><br \/>(+18 for winning)\n|l|\u2606Piando v\n","uploadtime":1700487136,"views":9,"p1id":"piandov","p2id":"redvioletblue","formatid":"gen9ou","rating":1502,"private":0,"password":""}