{"id":"gen9ou-1997571895","p1":"Diatere","p2":"Power 69","format":"[Gen 9] OU","log":"|j|\u2606Diatere\n|j|\u2606Power 69\n|t:|1700827305\n|gametype|singles\n|player|p1|Diatere|mina|1416\n|player|p2|Power 69|colress|1545\n|teamsize|p1|6\n|teamsize|p2|6\n|gen|9\n|tier|[Gen 9] OU\n|rated|\n|rule|Sleep Clause Mod: Limit one foe put to sleep\n|rule|Species Clause: Limit one of each Pok\u00e9mon\n|rule|OHKO Clause: OHKO moves are banned\n|rule|Evasion Items Clause: Evasion items are banned\n|rule|Evasion Moves Clause: Evasion moves are banned\n|rule|Endless Battle Clause: Forcing endless battles is banned\n|rule|HP Percentage Mod: HP is shown in percentages\n|clearpoke\n|poke|p1|Ninetales-Alola, M|\n|poke|p1|Hatterene, F|\n|poke|p1|Manaphy|\n|poke|p1|Ogerpon-Cornerstone, F|\n|poke|p1|Rillaboom, M|\n|poke|p1|Iron Valiant|\n|poke|p2|Iron Valiant|\n|poke|p2|Kingambit, F|\n|poke|p2|Ogerpon-Wellspring, F|\n|poke|p2|Empoleon, M|\n|poke|p2|Glimmora, F|\n|poke|p2|Tornadus-Therian, M|\n|teampreview\n|inactive|Battle timer is ON: inactive players will automatically lose when time's up. (requested by Power 69)\n|\n|t:|1700827337\n|start\n|switch|p1a: Tavros|Ninetales-Alola, M|100\/100\n|switch|p2a: Glimmora|Glimmora, F|100\/100\n|-weather|Snow|[from] ability: Snow Warning|[of] p1a: Tavros\n|turn|1\n|\n|t:|1700827355\n|move|p1a: Tavros|Aurora Veil|p1a: Tavros\n|-sidestart|p1: Diatere|move: Aurora Veil\n|move|p2a: Glimmora|Sludge Wave|p1a: Tavros\n|-supereffective|p1a: Tavros\n|-damage|p1a: Tavros|51\/100\n|-status|p1a: Tavros|psn\n|\n|-weather|Snow|[upkeep]\n|-damage|p1a: Tavros|38\/100 psn|[from] psn\n|upkeep\n|turn|2\n|\n|t:|1700827368\n|switch|p1a: Gamzee|Rillaboom, M|100\/100\n|-fieldstart|move: Grassy Terrain|[from] ability: Grassy Surge|[of] p1a: Gamzee\n|switch|p2a: Empoleon|Empoleon, M|100\/100\n|\n|-weather|Snow|[upkeep]\n|upkeep\n|turn|3\n|\n|t:|1700827395\n|move|p1a: Gamzee|Knock Off|p2a: Empoleon\n|-damage|p2a: Empoleon|46\/100\n|-enditem|p2a: Empoleon|Leftovers|[from] move: Knock Off|[of] p1a: Gamzee\n|move|p2a: Empoleon|Chilling Water|p1a: Gamzee\n|-resisted|p1a: Gamzee\n|-damage|p1a: Gamzee|94\/100\n|-unboost|p1a: Gamzee|atk|1\n|\n|-weather|Snow|[upkeep]\n|-heal|p1a: Gamzee|100\/100|[from] Grassy Terrain\n|-heal|p2a: Empoleon|52\/100|[from] Grassy Terrain\n|upkeep\n|turn|4\n|\n|t:|1700827403\n|switch|p1a: Kanaya|Hatterene, F|100\/100\n|-enditem|p1a: Kanaya|Grassy Seed\n|-boost|p1a: Kanaya|def|1|[from] item: Grassy Seed\n|move|p2a: Empoleon|Roost|p2a: Empoleon\n|-heal|p2a: Empoleon|100\/100\n|-singleturn|p2a: Empoleon|move: Roost\n|\n|-weather|Snow|[upkeep]\n|upkeep\n|turn|5\n|\n|t:|1700827410\n|move|p2a: Empoleon|Flash Cannon|p1a: Kanaya\n|-supereffective|p1a: Kanaya\n|-damage|p1a: Kanaya|68\/100\n|move|p1a: Kanaya|Calm Mind|p1a: Kanaya\n|-boost|p1a: Kanaya|spa|1\n|-boost|p1a: Kanaya|spd|1\n|\n|-weather|none\n|-heal|p1a: Kanaya|74\/100|[from] Grassy Terrain\n|upkeep\n|turn|6\n|\n|t:|1700827419\n|-terastallize|p1a: Kanaya|Water\n|move|p2a: Empoleon|Flash Cannon|p1a: Kanaya\n|-resisted|p1a: Kanaya\n|-damage|p1a: Kanaya|69\/100\n|-unboost|p1a: Kanaya|spd|1\n|move|p1a: Kanaya|Calm Mind|p1a: Kanaya\n|-boost|p1a: Kanaya|spa|1\n|-boost|p1a: Kanaya|spd|1\n|\n|-heal|p1a: Kanaya|75\/100|[from] Grassy Terrain\n|-fieldend|move: Grassy Terrain\n|upkeep\n|turn|7\n|\n|t:|1700827434\n|move|p2a: Empoleon|Flash Cannon|p1a: Kanaya\n|-resisted|p1a: Kanaya\n|-damage|p1a: Kanaya|70\/100\n|move|p1a: Kanaya|Calm Mind|p1a: Kanaya\n|-boost|p1a: Kanaya|spa|1\n|-boost|p1a: Kanaya|spd|1\n|\n|upkeep\n|turn|8\n|\n|t:|1700827441\n|move|p2a: Empoleon|Flash Cannon|p1a: Kanaya\n|-resisted|p1a: Kanaya\n|-damage|p1a: Kanaya|66\/100\n|move|p1a: Kanaya|Calm Mind|p1a: Kanaya\n|-boost|p1a: Kanaya|spa|1\n|-boost|p1a: Kanaya|spd|1\n|\n|-sideend|p1: Diatere|move: Aurora Veil\n|upkeep\n|turn|9\n|\n|t:|1700827446\n|move|p2a: Empoleon|Flash Cannon|p1a: Kanaya\n|-resisted|p1a: Kanaya\n|-damage|p1a: Kanaya|60\/100\n|-unboost|p1a: Kanaya|spd|1\n|move|p1a: Kanaya|Mystical Fire|p2a: Empoleon\n|-damage|p2a: Empoleon|58\/100\n|-unboost|p2a: Empoleon|spa|1\n|-ability|p2a: Empoleon|Competitive|boost\n|-boost|p2a: Empoleon|spa|2\n|\n|upkeep\n|turn|10\n|\n|t:|1700827459\n|move|p2a: Empoleon|Flash Cannon|p1a: Kanaya\n|-resisted|p1a: Kanaya\n|-damage|p1a: Kanaya|48\/100\n|move|p1a: Kanaya|Mystical Fire|p2a: Empoleon\n|-damage|p2a: Empoleon|16\/100\n|-unboost|p2a: Empoleon|spa|1\n|-ability|p2a: Empoleon|Competitive|boost\n|-boost|p2a: Empoleon|spa|2\n|\n|upkeep\n|turn|11\n|\n|t:|1700827468\n|move|p2a: Empoleon|Roost|p2a: Empoleon\n|-heal|p2a: Empoleon|66\/100\n|-singleturn|p2a: Empoleon|move: Roost\n|move|p1a: Kanaya|Calm Mind|p1a: Kanaya\n|-boost|p1a: Kanaya|spa|1\n|-boost|p1a: Kanaya|spd|1\n|\n|upkeep\n|turn|12\n|\n|t:|1700827473\n|move|p2a: Empoleon|Flash Cannon|p1a: Kanaya\n|-resisted|p1a: Kanaya\n|-damage|p1a: Kanaya|35\/100\n|-unboost|p1a: Kanaya|spd|1\n|move|p1a: Kanaya|Draining Kiss|p2a: Empoleon\n|-resisted|p2a: Empoleon\n|-damage|p2a: Empoleon|43\/100\n|-heal|p1a: Kanaya|55\/100|[from] drain|[of] p2a: Empoleon\n|\n|upkeep\n|turn|13\n|\n|t:|1700827484\n|move|p2a: Empoleon|Flash Cannon|p1a: Kanaya\n|-resisted|p1a: Kanaya\n|-damage|p1a: Kanaya|40\/100\n|move|p1a: Kanaya|Draining Kiss|p2a: Empoleon\n|-resisted|p2a: Empoleon\n|-damage|p2a: Empoleon|15\/100\n|-heal|p1a: Kanaya|65\/100|[from] drain|[of] p2a: Empoleon\n|\n|upkeep\n|turn|14\n|\n|t:|1700827490\n|move|p2a: Empoleon|Flash Cannon|p1a: Kanaya\n|-resisted|p1a: Kanaya\n|-damage|p1a: Kanaya|48\/100\n|move|p1a: Kanaya|Draining Kiss|p2a: Empoleon\n|-resisted|p2a: Empoleon\n|-damage|p2a: Empoleon|0 fnt\n|-heal|p1a: Kanaya|61\/100|[from] drain|[of] p2a: Empoleon\n|faint|p2a: Empoleon\n|\n|upkeep\n|\n|t:|1700827498\n|switch|p2a: Ogerpon|Ogerpon-Wellspring, F|100\/100\n|turn|15\n|\n|t:|1700827501\n|move|p2a: Ogerpon|Horn Leech|p1a: Kanaya\n|-supereffective|p1a: Kanaya\n|-damage|p1a: Kanaya|12\/100\n|move|p1a: Kanaya|Draining Kiss|p2a: Ogerpon\n|-damage|p2a: Ogerpon|1\/100\n|-heal|p1a: Kanaya|83\/100|[from] drain|[of] p2a: Ogerpon\n|\n|upkeep\n|turn|16\n|\n|t:|1700827509\n|move|p2a: Ogerpon|Horn Leech|p1a: Kanaya\n|-supereffective|p1a: Kanaya\n|-damage|p1a: Kanaya|29\/100\n|-heal|p2a: Ogerpon|29\/100|[from] drain|[of] p1a: Kanaya\n|move|p1a: Kanaya|Draining Kiss|p2a: Ogerpon\n|-damage|p2a: Ogerpon|0 fnt\n|-heal|p1a: Kanaya|50\/100|[from] drain|[of] p2a: Ogerpon\n|faint|p2a: Ogerpon\n|\n|upkeep\n|\n|t:|1700827523\n|switch|p2a: Iron Valiant|Iron Valiant|100\/100\n|-enditem|p2a: Iron Valiant|Booster Energy\n|-activate|p2a: Iron Valiant|ability: Quark Drive|[fromitem]\n|-start|p2a: Iron Valiant|quarkdrivespe\n|turn|17\n|\n|t:|1700827546\n|move|p2a: Iron Valiant|Psyshock|p1a: Kanaya\n|-crit|p1a: Kanaya\n|-damage|p1a: Kanaya|19\/100\n|move|p1a: Kanaya|Draining Kiss|p2a: Iron Valiant\n|-supereffective|p2a: Iron Valiant\n|-damage|p2a: Iron Valiant|0 fnt\n|-heal|p1a: Kanaya|88\/100|[from] drain|[of] p2a: Iron Valiant\n|faint|p2a: Iron Valiant\n|-end|p2a: Iron Valiant|Quark Drive|[silent]\n|\n|upkeep\n|\n|t:|1700827553\n|switch|p2a: Kingambit|Kingambit, F|100\/100\n|-activate|p2a: Kingambit|ability: Supreme Overlord\n|-start|p2a: Kingambit|fallen3|[silent]\n|turn|18\n|\n|t:|1700827574\n|move|p2a: Kingambit|Kowtow Cleave|p1a: Kanaya\n|-damage|p1a: Kanaya|46\/100\n|move|p1a: Kanaya|Mystical Fire|p2a: Kingambit\n|-supereffective|p2a: Kingambit\n|-damage|p2a: Kingambit|0 fnt\n|faint|p2a: Kingambit\n|-end|p2a: Kingambit|fallen3|[silent]\n|\n|upkeep\n|\n|t:|1700827580\n|switch|p2a: Tornadus|Tornadus-Therian, M|100\/100\n|turn|19\n|\n|t:|1700827583\n|move|p2a: Tornadus|Bleakwind Storm|p1a: Kanaya\n|-damage|p1a: Kanaya|20\/100\n|move|p1a: Kanaya|Draining Kiss|p2a: Tornadus\n|-damage|p2a: Tornadus|11\/100\n|-heal|p1a: Kanaya|83\/100|[from] drain|[of] p2a: Tornadus\n|\n|upkeep\n|turn|20\n|\n|t:|1700827588\n|move|p2a: Tornadus|Bleakwind Storm|p1a: Kanaya\n|-damage|p1a: Kanaya|56\/100\n|move|p1a: Kanaya|Draining Kiss|p2a: Tornadus\n|-damage|p2a: Tornadus|0 fnt\n|-heal|p1a: Kanaya|64\/100|[from] drain|[of] p2a: Tornadus\n|faint|p2a: Tornadus\n|\n|upkeep\n|\n|t:|1700827590\n|switch|p2a: Glimmora|Glimmora, F|100\/100\n|turn|21\n|\n|t:|1700827594\n|move|p2a: Glimmora|Sludge Wave|p1a: Kanaya\n|-damage|p1a: Kanaya|39\/100\n|-status|p1a: Kanaya|psn\n|move|p1a: Kanaya|Mystical Fire|p2a: Glimmora\n|-resisted|p2a: Glimmora\n|-damage|p2a: Glimmora|49\/100\n|-unboost|p2a: Glimmora|spa|1\n|\n|-damage|p1a: Kanaya|27\/100 psn|[from] psn\n|upkeep\n|turn|22\n|-message|Power 69 forfeited.\n|\n|win|Diatere\n|raw|Diatere's rating: 1416 &rarr; <strong>1443<\/strong><br \/>(+27 for winning)\n|raw|Power 69's rating: 1545 &rarr; <strong>1518<\/strong><br \/>(-27 for losing)\n|l|\u2606Power 69\n","uploadtime":1700827603,"views":5,"p1id":"diatere","p2id":"power69","formatid":"gen9ou","rating":1443,"private":0,"password":""}