{"id":"gen9ou-1990688581","p1":"Iron124","p2":"Elegant_i","format":"[Gen 9] OU","log":"|j|\u2606Iron124\n|j|\u2606Elegant_i\n|t:|1699991913\n|gametype|singles\n|player|p1|Iron124|170|1009\n|player|p2|Elegant_i|madame-gen4|1024\n|teamsize|p1|6\n|teamsize|p2|6\n|gen|9\n|tier|[Gen 9] OU\n|rated|\n|rule|Sleep Clause Mod: Limit one foe put to sleep\n|rule|Species Clause: Limit one of each Pok\u00e9mon\n|rule|OHKO Clause: OHKO moves are banned\n|rule|Evasion Items Clause: Evasion items are banned\n|rule|Evasion Moves Clause: Evasion moves are banned\n|rule|Endless Battle Clause: Forcing endless battles is banned\n|rule|HP Percentage Mod: HP is shown in percentages\n|clearpoke\n|poke|p1|Lilligant, F|\n|poke|p1|Forretress, F|\n|poke|p1|Crawdaunt, F|\n|poke|p1|Bronzong|\n|poke|p1|Luxray, M|\n|poke|p1|Magcargo, M|\n|poke|p2|Alomomola, M|\n|poke|p2|Gyarados, M|\n|poke|p2|Toxapex, M|\n|poke|p2|Volcanion|\n|poke|p2|Milotic, F|\n|poke|p2|Barraskewda, M|\n|teampreview\n|inactive|Battle timer is ON: inactive players will automatically lose when time's up. (requested by Elegant_i)\n|\n|t:|1699991930\n|start\n|switch|p1a: Magcargo|Magcargo, M|100\/100\n|switch|p2a: Milotic|Milotic, F|100\/100\n|turn|1\n|\n|t:|1699991945\n|-terastallize|p1a: Magcargo|Water\n|move|p2a: Milotic|Light Screen|p2a: Milotic\n|-sidestart|p2: Elegant_i|move: Light Screen\n|move|p1a: Magcargo|Stealth Rock|p2a: Milotic\n|-sidestart|p2: Elegant_i|move: Stealth Rock\n|\n|upkeep\n|turn|2\n|\n|t:|1699991951\n|move|p2a: Milotic|Draining Kiss|p1a: Magcargo\n|-damage|p1a: Magcargo|87\/100\n|move|p1a: Magcargo|Yawn|p2a: Milotic\n|-start|p2a: Milotic|move: Yawn|[of] p1a: Magcargo\n|\n|-heal|p1a: Magcargo|93\/100|[from] item: Leftovers\n|upkeep\n|turn|3\n|\n|t:|1699991960\n|switch|p2a: Toxapex|Toxapex, M|100\/100\n|-damage|p2a: Toxapex|88\/100|[from] Stealth Rock\n|move|p1a: Magcargo|Lava Plume|p2a: Toxapex\n|-resisted|p2a: Toxapex\n|-damage|p2a: Toxapex|83\/100\n|\n|-heal|p1a: Magcargo|99\/100|[from] item: Leftovers\n|upkeep\n|turn|4\n|\n|t:|1699991972\n|move|p2a: Toxapex|Infestation|p1a: Magcargo\n|-damage|p1a: Magcargo|95\/100\n|-activate|p1a: Magcargo|move: Infestation|[of] p2a: Toxapex\n|move|p1a: Magcargo|Yawn|p2a: Toxapex\n|-start|p2a: Toxapex|move: Yawn|[of] p1a: Magcargo\n|\n|-heal|p1a: Magcargo|100\/100|[from] item: Leftovers\n|-damage|p1a: Magcargo|88\/100|[from] move: Infestation|[partiallytrapped]\n|upkeep\n|turn|5\n|\n|t:|1699991982\n|switch|p2a: Milotic|Milotic, F|100\/100\n|-damage|p2a: Milotic|88\/100|[from] Stealth Rock\n|move|p1a: Magcargo|Yawn|p2a: Milotic\n|-start|p2a: Milotic|move: Yawn|[of] p1a: Magcargo\n|\n|-heal|p2a: Milotic|94\/100|[from] item: Leftovers\n|-heal|p1a: Magcargo|94\/100|[from] item: Leftovers\n|-end|p1a: Magcargo|Infestation|[partiallytrapped]|[silent]\n|-sideend|p2: Elegant_i|move: Light Screen\n|upkeep\n|turn|6\n|\n|t:|1699991992\n|move|p2a: Milotic|Flip Turn|p1a: Magcargo\n|-resisted|p1a: Magcargo\n|-damage|p1a: Magcargo|90\/100\n|\n|t:|1699991998\n|switch|p2a: Barraskewda|Barraskewda, M|100\/100|[from] Flip Turn\n|-damage|p2a: Barraskewda|88\/100|[from] Stealth Rock\n|move|p1a: Magcargo|Lava Plume|p2a: Barraskewda\n|-resisted|p2a: Barraskewda\n|-damage|p2a: Barraskewda|54\/100\n|\n|-heal|p1a: Magcargo|96\/100|[from] item: Leftovers\n|upkeep\n|turn|7\n|\n|t:|1699992007\n|move|p2a: Barraskewda|Rain Dance|p2a: Barraskewda\n|-weather|RainDance\n|move|p1a: Magcargo|Yawn|p2a: Barraskewda\n|-start|p2a: Barraskewda|move: Yawn|[of] p1a: Magcargo\n|\n|-weather|RainDance|[upkeep]\n|-heal|p1a: Magcargo|100\/100|[from] item: Leftovers\n|upkeep\n|turn|8\n|\n|t:|1699992015\n|switch|p2a: Gyarados|Gyarados, M|100\/100\n|-damage|p2a: Gyarados|76\/100|[from] Stealth Rock\n|move|p1a: Magcargo|Lava Plume|p2a: Gyarados\n|-resisted|p2a: Gyarados\n|-damage|p2a: Gyarados|69\/100\n|\n|-weather|RainDance|[upkeep]\n|upkeep\n|turn|9\n|\n|t:|1699992024\n|move|p1a: Magcargo|Yawn|p2a: Gyarados\n|-start|p2a: Gyarados|move: Yawn|[of] p1a: Magcargo\n|move|p2a: Gyarados|Dragon Tail|p1a: Magcargo\n|-damage|p1a: Magcargo|88\/100\n|drag|p1a: Lilligant|Lilligant, F|100\/100\n|\n|-weather|RainDance|[upkeep]\n|upkeep\n|turn|10\n|-message|Elegant_i forfeited.\n|\n|win|Iron124\n|raw|Iron124's rating: 1009 &rarr; <strong>1049<\/strong><br \/>(+40 for winning)\n|raw|Elegant_i's rating: 1024 &rarr; <strong>1010<\/strong><br \/>(-14 for losing)\n|l|\u2606Elegant_i\n","uploadtime":1699992041,"views":10,"p1id":"iron124","p2id":"eleganti","formatid":"gen9ou","rating":1010,"private":0,"password":""}