{"id":"gen9ou-1988424236","p1":"hiknpo","p2":"Light13Cx","format":"[Gen 9] OU","log":"|j|\u2606hiknpo\n|j|\u2606Light13Cx\n|t:|1699721446\n|gametype|singles\n|player|p1|hiknpo|1|1308\n|player|p2|Light13Cx|fisherman|1259\n|teamsize|p1|6\n|teamsize|p2|6\n|gen|9\n|tier|[Gen 9] OU\n|rated|\n|rule|Sleep Clause Mod: Limit one foe put to sleep\n|rule|Species Clause: Limit one of each Pok\u00e9mon\n|rule|OHKO Clause: OHKO moves are banned\n|rule|Evasion Items Clause: Evasion items are banned\n|rule|Evasion Moves Clause: Evasion moves are banned\n|rule|Endless Battle Clause: Forcing endless battles is banned\n|rule|HP Percentage Mod: HP is shown in percentages\n|clearpoke\n|poke|p1|Clodsire, F|\n|poke|p1|Gliscor, M|\n|poke|p1|Talonflame, M|\n|poke|p1|Dondozo, M|\n|poke|p1|Toxapex, M|\n|poke|p1|Blissey, F|\n|poke|p2|Enamorus, F|\n|poke|p2|Dragapult, F|\n|poke|p2|Iron Valiant|\n|poke|p2|Gholdengo|\n|poke|p2|Iron Treads|\n|poke|p2|Dragonite, F|\n|teampreview\n|inactive|Battle timer is ON: inactive players will automatically lose when time's up. (requested by hiknpo)\n|\n|t:|1699721458\n|start\n|switch|p1a: Toxapex|Toxapex, M|100\/100\n|switch|p2a: Iron Treads|Iron Treads|100\/100\n|-enditem|p2a: Iron Treads|Booster Energy\n|-activate|p2a: Iron Treads|ability: Quark Drive|[fromitem]\n|-start|p2a: Iron Treads|quarkdrivespe\n|turn|1\n|\n|t:|1699721467\n|switch|p1a: Talonflame|Talonflame, M|100\/100\n|move|p2a: Iron Treads|Earthquake|p1a: Talonflame\n|-immune|p1a: Talonflame\n|\n|upkeep\n|turn|2\n|\n|t:|1699721476\n|move|p2a: Iron Treads|Stealth Rock|p1a: Talonflame\n|-sidestart|p1: hiknpo|move: Stealth Rock\n|move|p1a: Talonflame|Flamethrower|p2a: Iron Treads\n|-supereffective|p2a: Iron Treads\n|-damage|p2a: Iron Treads|46\/100\n|-status|p2a: Iron Treads|brn\n|\n|-damage|p2a: Iron Treads|40\/100 brn|[from] brn\n|upkeep\n|turn|3\n|\n|t:|1699721484\n|move|p2a: Iron Treads|Knock Off|p1a: Talonflame\n|-damage|p1a: Talonflame|88\/100\n|-enditem|p1a: Talonflame|Heavy-Duty Boots|[from] move: Knock Off|[of] p2a: Iron Treads\n|move|p1a: Talonflame|Defog|p2a: Iron Treads\n|-unboost|p2a: Iron Treads|evasion|1\n|-sideend|p1: hiknpo|Stealth Rock|[from] move: Defog|[of] p1a: Talonflame\n|\n|-damage|p2a: Iron Treads|33\/100 brn|[from] brn\n|upkeep\n|turn|4\n|\n|t:|1699721493\n|move|p2a: Iron Treads|Stealth Rock|p1a: Talonflame\n|-sidestart|p1: hiknpo|move: Stealth Rock\n|move|p1a: Talonflame|Flamethrower|p2a: Iron Treads\n|-supereffective|p2a: Iron Treads\n|-damage|p2a: Iron Treads|0 fnt\n|faint|p2a: Iron Treads\n|-end|p2a: Iron Treads|Quark Drive|[silent]\n|\n|upkeep\n|\n|t:|1699721520\n|switch|p2a: Dragapult|Dragapult, F|100\/100\n|turn|5\n|\n|t:|1699721530\n|-terastallize|p2a: Dragapult|Fire\n|move|p2a: Dragapult|Dragon Dance|p2a: Dragapult\n|-boost|p2a: Dragapult|atk|1\n|-boost|p2a: Dragapult|spe|1\n|move|p1a: Talonflame|Defog|p2a: Dragapult\n|-unboost|p2a: Dragapult|evasion|1\n|-sideend|p1: hiknpo|Stealth Rock|[from] move: Defog|[of] p1a: Talonflame\n|\n|upkeep\n|turn|6\n|\n|t:|1699721538\n|switch|p1a: Dondozo|Dondozo, M|100\/100\n|move|p2a: Dragapult|Dragon Dance|p2a: Dragapult\n|-boost|p2a: Dragapult|atk|1\n|-boost|p2a: Dragapult|spe|1\n|\n|upkeep\n|turn|7\n|\n|t:|1699721545\n|move|p2a: Dragapult|Phantom Force||[still]\n|-prepare|p2a: Dragapult|Phantom Force\n|move|p1a: Dondozo|Body Press|p2a: Dragapult|[miss]\n|-miss|p1a: Dondozo|p2a: Dragapult\n|\n|upkeep\n|turn|8\n|\n|t:|1699721551\n|switch|p1a: Blissey|Blissey, F, shiny|100\/100\n|move|p2a: Dragapult|Phantom Force|p1a: Blissey|[from]lockedmove\n|-immune|p1a: Blissey\n|\n|upkeep\n|turn|9\n|\n|t:|1699721558\n|switch|p1a: Dondozo|Dondozo, M|100\/100\n|move|p2a: Dragapult|Dragon Darts|p1a: Dondozo\n|-damage|p1a: Dondozo|87\/100\n|-anim|p2a: Dragapult|Dragon Darts|p1a: Dondozo\n|-damage|p1a: Dondozo|75\/100\n|\n|upkeep\n|turn|10\n|\n|t:|1699721567\n|move|p2a: Dragapult|Phantom Force||[still]\n|-prepare|p2a: Dragapult|Phantom Force\n|move|p1a: Dondozo|Body Press|p2a: Dragapult|[miss]\n|-miss|p1a: Dondozo|p2a: Dragapult\n|\n|upkeep\n|turn|11\n|\n|t:|1699721573\n|switch|p1a: Blissey|Blissey, F, shiny|100\/100\n|move|p2a: Dragapult|Phantom Force|p1a: Blissey|[from]lockedmove\n|-immune|p1a: Blissey\n|\n|upkeep\n|turn|12\n|\n|t:|1699721581\n|switch|p1a: Dondozo|Dondozo, M|75\/100\n|move|p2a: Dragapult|Dragon Darts|p1a: Dondozo\n|-damage|p1a: Dondozo|62\/100\n|-anim|p2a: Dragapult|Dragon Darts|p1a: Dondozo\n|-damage|p1a: Dondozo|50\/100\n|\n|upkeep\n|turn|13\n|\n|t:|1699721589\n|move|p2a: Dragapult|Phantom Force||[still]\n|-prepare|p2a: Dragapult|Phantom Force\n|move|p1a: Dondozo|Rest|p1a: Dondozo\n|-status|p1a: Dondozo|slp|[from] move: Rest\n|-heal|p1a: Dondozo|100\/100 slp|[silent]\n|\n|upkeep\n|turn|14\n|\n|t:|1699721595\n|switch|p1a: Blissey|Blissey, F, shiny|100\/100\n|move|p2a: Dragapult|Phantom Force|p1a: Blissey|[from]lockedmove\n|-immune|p1a: Blissey\n|\n|upkeep\n|turn|15\n|\n|t:|1699721604\n|switch|p1a: Dondozo|Dondozo, M|100\/100 slp\n|move|p2a: Dragapult|Dragon Darts|p1a: Dondozo\n|-damage|p1a: Dondozo|89\/100 slp\n|-anim|p2a: Dragapult|Dragon Darts|p1a: Dondozo\n|-damage|p1a: Dondozo|76\/100 slp\n|\n|upkeep\n|turn|16\n|\n|t:|1699721612\n|move|p2a: Dragapult|Dragon Darts|p1a: Dondozo\n|-damage|p1a: Dondozo|64\/100 slp\n|-anim|p2a: Dragapult|Dragon Darts|p1a: Dondozo\n|-damage|p1a: Dondozo|53\/100 slp\n|cant|p1a: Dondozo|slp\n|move|p1a: Dondozo|Sleep Talk|p1a: Dondozo\n|move|p1a: Dondozo|Body Press|p2a: Dragapult|[from]move: Sleep Talk\n|-damage|p2a: Dragapult|65\/100\n|\n|upkeep\n|turn|17\n|\n|t:|1699721622\n|move|p2a: Dragapult|Dragon Darts|p1a: Dondozo\n|-damage|p1a: Dondozo|40\/100 slp\n|-anim|p2a: Dragapult|Dragon Darts|p1a: Dondozo\n|-damage|p1a: Dondozo|28\/100 slp\n|cant|p1a: Dondozo|slp\n|move|p1a: Dondozo|Sleep Talk|p1a: Dondozo\n|move|p1a: Dondozo|Avalanche|p2a: Dragapult|[from]move: Sleep Talk\n|-resisted|p2a: Dragapult\n|-damage|p2a: Dragapult|46\/100\n|\n|upkeep\n|turn|18\n|\n|t:|1699721633\n|move|p2a: Dragapult|Dragon Darts|p1a: Dondozo\n|-damage|p1a: Dondozo|17\/100 slp\n|-anim|p2a: Dragapult|Dragon Darts|p1a: Dondozo\n|-damage|p1a: Dondozo|5\/100 slp\n|-curestatus|p1a: Dondozo|slp|[msg]\n|move|p1a: Dondozo|Rest|p1a: Dondozo\n|-status|p1a: Dondozo|slp|[from] move: Rest\n|-heal|p1a: Dondozo|100\/100 slp|[silent]\n|\n|upkeep\n|turn|19\n|\n|t:|1699721643\n|move|p2a: Dragapult|Dragon Darts|p1a: Dondozo\n|-damage|p1a: Dondozo|88\/100 slp\n|-anim|p2a: Dragapult|Dragon Darts|p1a: Dondozo\n|-damage|p1a: Dondozo|76\/100 slp\n|cant|p1a: Dondozo|slp\n|move|p1a: Dondozo|Sleep Talk|p1a: Dondozo\n|move|p1a: Dondozo|Avalanche|p2a: Dragapult|[from]move: Sleep Talk\n|-resisted|p2a: Dragapult\n|-damage|p2a: Dragapult|26\/100\n|\n|upkeep\n|turn|20\n|\n|t:|1699721653\n|move|p2a: Dragapult|Dragon Darts|p1a: Dondozo\n|-damage|p1a: Dondozo|63\/100 slp\n|-anim|p2a: Dragapult|Dragon Darts|p1a: Dondozo\n|-damage|p1a: Dondozo|49\/100 slp\n|cant|p1a: Dondozo|slp\n|move|p1a: Dondozo|Sleep Talk|p1a: Dondozo\n|move|p1a: Dondozo|Rest||[from]move: Sleep Talk|[still]\n|-fail|p1a: Dondozo\n|\n|upkeep\n|turn|21\n|\n|t:|1699721662\n|move|p2a: Dragapult|Dragon Darts|p1a: Dondozo\n|-damage|p1a: Dondozo|37\/100 slp\n|-anim|p2a: Dragapult|Dragon Darts|p1a: Dondozo\n|-damage|p1a: Dondozo|25\/100 slp\n|-curestatus|p1a: Dondozo|slp|[msg]\n|move|p1a: Dondozo|Rest|p1a: Dondozo\n|-status|p1a: Dondozo|slp|[from] move: Rest\n|-heal|p1a: Dondozo|100\/100 slp|[silent]\n|\n|upkeep\n|turn|22\n|\n|t:|1699721673\n|move|p2a: Dragapult|Dragon Darts|p1a: Dondozo\n|-damage|p1a: Dondozo|88\/100 slp\n|-anim|p2a: Dragapult|Dragon Darts|p1a: Dondozo\n|-damage|p1a: Dondozo|77\/100 slp\n|cant|p1a: Dondozo|slp\n|move|p1a: Dondozo|Sleep Talk|p1a: Dondozo\n|move|p1a: Dondozo|Rest||[from]move: Sleep Talk|[still]\n|-fail|p1a: Dondozo\n|\n|upkeep\n|turn|23\n|\n|t:|1699721682\n|move|p2a: Dragapult|Phantom Force||[still]\n|-prepare|p2a: Dragapult|Phantom Force\n|cant|p1a: Dondozo|slp\n|move|p1a: Dondozo|Sleep Talk|p1a: Dondozo\n|move|p1a: Dondozo|Avalanche|p2a: Dragapult|[from]move: Sleep Talk|[miss]\n|-miss|p1a: Dondozo|p2a: Dragapult\n|\n|upkeep\n|turn|24\n|\n|t:|1699721690\n|switch|p1a: Blissey|Blissey, F, shiny|100\/100\n|move|p2a: Dragapult|Phantom Force|p1a: Blissey|[from]lockedmove\n|-immune|p1a: Blissey\n|\n|upkeep\n|turn|25\n|\n|t:|1699721696\n|switch|p1a: Dondozo|Dondozo, M|77\/100 slp\n|move|p2a: Dragapult|Phantom Force||[still]\n|-prepare|p2a: Dragapult|Phantom Force\n|\n|upkeep\n|turn|26\n|\n|t:|1699721701\n|switch|p1a: Blissey|Blissey, F, shiny|100\/100\n|move|p2a: Dragapult|Phantom Force|p1a: Blissey|[from]lockedmove\n|-immune|p1a: Blissey\n|\n|upkeep\n|turn|27\n|\n|t:|1699721708\n|switch|p1a: Dondozo|Dondozo, M|77\/100 slp\n|move|p2a: Dragapult|Phantom Force||[still]\n|-prepare|p2a: Dragapult|Phantom Force\n|\n|upkeep\n|turn|28\n|\n|t:|1699721713\n|switch|p1a: Blissey|Blissey, F, shiny|100\/100\n|move|p2a: Dragapult|Phantom Force|p1a: Blissey|[from]lockedmove\n|-immune|p1a: Blissey\n|\n|upkeep\n|turn|29\n|\n|t:|1699721720\n|switch|p1a: Dondozo|Dondozo, M|77\/100 slp\n|move|p2a: Dragapult|Dragon Darts|p1a: Dondozo\n|-damage|p1a: Dondozo|65\/100 slp\n|-anim|p2a: Dragapult|Dragon Darts|p1a: Dondozo\n|-damage|p1a: Dondozo|52\/100 slp\n|\n|upkeep\n|turn|30\n|\n|t:|1699721732\n|switch|p2a: Iron Valiant|Iron Valiant|100\/100\n|-enditem|p2a: Iron Valiant|Booster Energy\n|-activate|p2a: Iron Valiant|ability: Quark Drive|[fromitem]\n|-start|p2a: Iron Valiant|quarkdrivespe\n|-curestatus|p1a: Dondozo|slp|[msg]\n|move|p1a: Dondozo|Rest|p1a: Dondozo\n|-status|p1a: Dondozo|slp|[from] move: Rest\n|-heal|p1a: Dondozo|100\/100 slp|[silent]\n|\n|upkeep\n|turn|31\n|\n|t:|1699721743\n|switch|p1a: Toxapex|Toxapex, M|100\/100\n|move|p2a: Iron Valiant|Encore||[still]\n|-fail|p2a: Iron Valiant\n|\n|upkeep\n|turn|32\n|\n|t:|1699721750\n|-end|p2a: Iron Valiant|Quark Drive|[silent]\n|switch|p2a: Gholdengo|Gholdengo|100\/100\n|-item|p2a: Gholdengo|Air Balloon\n|move|p1a: Toxapex|Toxic|p2a: Gholdengo\n|-immune|p2a: Gholdengo|[from] ability: Good as Gold\n|\n|upkeep\n|turn|33\n|\n|t:|1699721758\n|switch|p1a: Blissey|Blissey, F, shiny|100\/100\n|move|p2a: Gholdengo|Nasty Plot|p2a: Gholdengo\n|-boost|p2a: Gholdengo|spa|2\n|\n|upkeep\n|turn|34\n|\n|t:|1699721764\n|move|p2a: Gholdengo|Nasty Plot|p2a: Gholdengo\n|-boost|p2a: Gholdengo|spa|2\n|move|p1a: Blissey|Shadow Ball|p2a: Gholdengo\n|-supereffective|p2a: Gholdengo\n|-crit|p2a: Gholdengo\n|-damage|p2a: Gholdengo|50\/100\n|-unboost|p2a: Gholdengo|spd|1\n|-enditem|p2a: Gholdengo|Air Balloon\n|\n|upkeep\n|turn|35\n|\n|t:|1699721778\n|move|p2a: Gholdengo|Psyshock|p1a: Blissey\n|-damage|p1a: Blissey|0 fnt\n|faint|p1a: Blissey\n|\n|upkeep\n|\n|t:|1699721782\n|switch|p1a: Clodsire|Clodsire, F|100\/100\n|turn|36\n|\n|t:|1699721793\n|move|p2a: Gholdengo|Psyshock|p1a: Clodsire\n|-supereffective|p1a: Clodsire\n|-damage|p1a: Clodsire|38\/100\n|move|p1a: Clodsire|Earthquake|p2a: Gholdengo\n|-supereffective|p2a: Gholdengo\n|-damage|p2a: Gholdengo|0 fnt\n|faint|p2a: Gholdengo\n|\n|upkeep\n|\n|t:|1699721802\n|switch|p2a: Enamorus|Enamorus, F|100\/100\n|turn|37\n|\n|t:|1699721806\n|move|p2a: Enamorus|Substitute|p2a: Enamorus\n|-start|p2a: Enamorus|Substitute\n|-damage|p2a: Enamorus|76\/100\n|move|p1a: Clodsire|Recover|p1a: Clodsire\n|-heal|p1a: Clodsire|88\/100\n|\n|-heal|p2a: Enamorus|82\/100|[from] item: Leftovers\n|upkeep\n|turn|38\n|\n|t:|1699721814\n|move|p2a: Enamorus|Earth Power|p1a: Clodsire\n|-supereffective|p1a: Clodsire\n|-damage|p1a: Clodsire|53\/100\n|move|p1a: Clodsire|Haze|p1a: Clodsire\n|-clearallboost\n|\n|-heal|p2a: Enamorus|88\/100|[from] item: Leftovers\n|upkeep\n|turn|39\n|\n|t:|1699721822\n|switch|p1a: Talonflame|Talonflame, M|88\/100\n|move|p2a: Enamorus|Earth Power|p1a: Talonflame\n|-immune|p1a: Talonflame\n|\n|-heal|p2a: Enamorus|94\/100|[from] item: Leftovers\n|upkeep\n|turn|40\n|\n|t:|1699721830\n|move|p2a: Enamorus|Calm Mind|p2a: Enamorus\n|-boost|p2a: Enamorus|spa|1\n|-boost|p2a: Enamorus|spd|1\n|move|p1a: Talonflame|Flamethrower|p2a: Enamorus\n|-end|p2a: Enamorus|Substitute\n|\n|-heal|p2a: Enamorus|100\/100|[from] item: Leftovers\n|upkeep\n|turn|41\n|\n|t:|1699721839\n|switch|p1a: Clodsire|Clodsire, F|53\/100\n|move|p2a: Enamorus|Calm Mind|p2a: Enamorus\n|-boost|p2a: Enamorus|spa|1\n|-boost|p2a: Enamorus|spd|1\n|\n|upkeep\n|turn|42\n|\n|t:|1699721847\n|move|p2a: Enamorus|Earth Power|p1a: Clodsire\n|-supereffective|p1a: Clodsire\n|-damage|p1a: Clodsire|19\/100\n|move|p1a: Clodsire|Recover|p1a: Clodsire\n|-heal|p1a: Clodsire|69\/100\n|\n|upkeep\n|turn|43\n|\n|t:|1699721854\n|move|p2a: Enamorus|Substitute|p2a: Enamorus\n|-start|p2a: Enamorus|Substitute\n|-damage|p2a: Enamorus|76\/100\n|move|p1a: Clodsire|Haze|p1a: Clodsire\n|-clearallboost\n|\n|-heal|p2a: Enamorus|82\/100|[from] item: Leftovers\n|upkeep\n|turn|44\n|\n|t:|1699721863\n|switch|p1a: Talonflame|Talonflame, M|88\/100\n|move|p2a: Enamorus|Calm Mind|p2a: Enamorus\n|-boost|p2a: Enamorus|spa|1\n|-boost|p2a: Enamorus|spd|1\n|\n|-heal|p2a: Enamorus|88\/100|[from] item: Leftovers\n|upkeep\n|turn|45\n|\n|t:|1699721872\n|move|p2a: Enamorus|Earth Power|p1a: Talonflame\n|-immune|p1a: Talonflame\n|move|p1a: Talonflame|Flamethrower|p2a: Enamorus\n|-crit|p2a: Enamorus\n|-end|p2a: Enamorus|Substitute\n|\n|-heal|p2a: Enamorus|94\/100|[from] item: Leftovers\n|upkeep\n|turn|46\n|\n|t:|1699721881\n|switch|p1a: Clodsire|Clodsire, F|69\/100\n|move|p2a: Enamorus|Substitute|p2a: Enamorus\n|-start|p2a: Enamorus|Substitute\n|-damage|p2a: Enamorus|69\/100\n|\n|-heal|p2a: Enamorus|76\/100|[from] item: Leftovers\n|upkeep\n|turn|47\n|\n|t:|1699721891\n|move|p2a: Enamorus|Earth Power|p1a: Clodsire\n|-supereffective|p1a: Clodsire\n|-damage|p1a: Clodsire|35\/100\n|move|p1a: Clodsire|Recover|p1a: Clodsire\n|-heal|p1a: Clodsire|85\/100\n|\n|-heal|p2a: Enamorus|82\/100|[from] item: Leftovers\n|upkeep\n|turn|48\n|\n|t:|1699721899\n|move|p2a: Enamorus|Earth Power|p1a: Clodsire\n|-supereffective|p1a: Clodsire\n|-damage|p1a: Clodsire|50\/100\n|move|p1a: Clodsire|Haze|p1a: Clodsire\n|-clearallboost\n|\n|-heal|p2a: Enamorus|88\/100|[from] item: Leftovers\n|upkeep\n|turn|49\n|\n|t:|1699721907\n|move|p2a: Enamorus|Earth Power|p1a: Clodsire\n|-supereffective|p1a: Clodsire\n|-damage|p1a: Clodsire|18\/100\n|move|p1a: Clodsire|Recover|p1a: Clodsire\n|-heal|p1a: Clodsire|68\/100\n|\n|-heal|p2a: Enamorus|94\/100|[from] item: Leftovers\n|upkeep\n|turn|50\n|\n|t:|1699721916\n|switch|p1a: Talonflame|Talonflame, M|88\/100\n|move|p2a: Enamorus|Calm Mind|p2a: Enamorus\n|-boost|p2a: Enamorus|spa|1\n|-boost|p2a: Enamorus|spd|1\n|\n|-heal|p2a: Enamorus|100\/100|[from] item: Leftovers\n|upkeep\n|turn|51\n|\n|t:|1699721924\n|move|p2a: Enamorus|Moonblast|p1a: Talonflame\n|-resisted|p1a: Talonflame\n|-damage|p1a: Talonflame|41\/100\n|move|p1a: Talonflame|Flamethrower|p2a: Enamorus\n|-activate|p2a: Enamorus|move: Substitute|[damage]\n|\n|upkeep\n|turn|52\n|\n|t:|1699721934\n|switch|p1a: Toxapex|Toxapex, M|100\/100\n|move|p2a: Enamorus|Moonblast|p1a: Toxapex\n|-resisted|p1a: Toxapex\n|-damage|p1a: Toxapex|70\/100\n|\n|upkeep\n|turn|53\n|\n|t:|1699721945\n|switch|p1a: Talonflame|Talonflame, M|41\/100\n|move|p2a: Enamorus|Earth Power|p1a: Talonflame\n|-immune|p1a: Talonflame\n|\n|upkeep\n|turn|54\n|\n|t:|1699721952\n|move|p2a: Enamorus|Moonblast|p1a: Talonflame\n|-resisted|p1a: Talonflame\n|-damage|p1a: Talonflame|0 fnt\n|faint|p1a: Talonflame\n|\n|upkeep\n|\n|t:|1699721954\n|switch|p1a: Clodsire|Clodsire, F|68\/100\n|turn|55\n|\n|t:|1699721959\n|move|p2a: Enamorus|Earth Power|p1a: Clodsire\n|-supereffective|p1a: Clodsire\n|-damage|p1a: Clodsire|32\/100\n|-unboost|p1a: Clodsire|spd|1\n|move|p1a: Clodsire|Recover|p1a: Clodsire\n|-heal|p1a: Clodsire|82\/100\n|\n|upkeep\n|turn|56\n|\n|t:|1699721966\n|switch|p1a: Gliscor|Gliscor, M, shiny|100\/100\n|move|p2a: Enamorus|Earth Power|p1a: Gliscor\n|-immune|p1a: Gliscor\n|\n|-status|p1a: Gliscor|tox|[from] item: Toxic Orb\n|upkeep\n|turn|57\n|\n|t:|1699721976\n|switch|p1a: Clodsire|Clodsire, F|82\/100\n|move|p2a: Enamorus|Calm Mind|p2a: Enamorus\n|-boost|p2a: Enamorus|spa|1\n|-boost|p2a: Enamorus|spd|1\n|\n|upkeep\n|turn|58\n|\n|t:|1699721983\n|move|p2a: Enamorus|Earth Power|p1a: Clodsire\n|-supereffective|p1a: Clodsire\n|-damage|p1a: Clodsire|49\/100\n|move|p1a: Clodsire|Haze|p1a: Clodsire\n|-clearallboost\n|\n|upkeep\n|turn|59\n|\n|t:|1699721990\n|move|p2a: Enamorus|Earth Power|p1a: Clodsire\n|-supereffective|p1a: Clodsire\n|-damage|p1a: Clodsire|13\/100\n|move|p1a: Clodsire|Recover|p1a: Clodsire\n|-heal|p1a: Clodsire|63\/100\n|\n|upkeep\n|turn|60\n|\n|t:|1699722001\n|move|p2a: Enamorus|Earth Power|p1a: Clodsire\n|-supereffective|p1a: Clodsire\n|-damage|p1a: Clodsire|27\/100\n|move|p1a: Clodsire|Recover|p1a: Clodsire\n|-heal|p1a: Clodsire|77\/100\n|\n|upkeep\n|turn|61\n|\n|t:|1699722008\n|switch|p1a: Gliscor|Gliscor, M, shiny|100\/100 tox\n|move|p2a: Enamorus|Calm Mind|p2a: Enamorus\n|-boost|p2a: Enamorus|spa|1\n|-boost|p2a: Enamorus|spd|1\n|\n|upkeep\n|turn|62\n|\n|t:|1699722016\n|move|p1a: Gliscor|Protect|p1a: Gliscor\n|-singleturn|p1a: Gliscor|Protect\n|move|p2a: Enamorus|Moonblast|p1a: Gliscor\n|-activate|p1a: Gliscor|move: Protect\n|\n|upkeep\n|turn|63\n|\n|t:|1699722022\n|switch|p1a: Toxapex|Toxapex, M|100\/100\n|move|p2a: Enamorus|Earth Power|p1a: Toxapex\n|-supereffective|p1a: Toxapex\n|-damage|p1a: Toxapex|19\/100\n|\n|upkeep\n|turn|64\n|\n|t:|1699722029\n|switch|p1a: Clodsire|Clodsire, F|77\/100\n|move|p2a: Enamorus|Moonblast|p1a: Clodsire\n|-resisted|p1a: Clodsire\n|-damage|p1a: Clodsire|65\/100\n|\n|upkeep\n|turn|65\n|\n|t:|1699722036\n|switch|p1a: Gliscor|Gliscor, M, shiny|100\/100 tox\n|move|p2a: Enamorus|Earth Power|p1a: Gliscor\n|-immune|p1a: Gliscor\n|\n|upkeep\n|turn|66\n|\n|t:|1699722042\n|switch|p1a: Clodsire|Clodsire, F|65\/100\n|move|p2a: Enamorus|Earth Power|p1a: Clodsire\n|-supereffective|p1a: Clodsire\n|-damage|p1a: Clodsire|31\/100\n|\n|upkeep\n|turn|67\n|\n|t:|1699722051\n|move|p2a: Enamorus|Moonblast|p1a: Clodsire\n|-resisted|p1a: Clodsire\n|-damage|p1a: Clodsire|18\/100\n|move|p1a: Clodsire|Recover|p1a: Clodsire\n|-heal|p1a: Clodsire|68\/100\n|\n|upkeep\n|turn|68\n|\n|t:|1699722057\n|move|p2a: Enamorus|Calm Mind|p2a: Enamorus\n|-boost|p2a: Enamorus|spa|1\n|-boost|p2a: Enamorus|spd|1\n|move|p1a: Clodsire|Haze|p1a: Clodsire\n|-clearallboost\n|\n|upkeep\n|turn|69\n|\n|t:|1699722065\n|switch|p1a: Toxapex|Toxapex, M|52\/100\n|move|p2a: Enamorus|Moonblast|p1a: Toxapex\n|-resisted|p1a: Toxapex\n|-crit|p1a: Toxapex\n|-damage|p1a: Toxapex|20\/100\n|-unboost|p1a: Toxapex|spa|1\n|\n|upkeep\n|turn|70\n|\n|t:|1699722073\n|switch|p1a: Clodsire|Clodsire, F|68\/100\n|move|p2a: Enamorus|Moonblast|p1a: Clodsire\n|-resisted|p1a: Clodsire\n|-damage|p1a: Clodsire|54\/100\n|\n|upkeep\n|turn|71\n|\n|t:|1699722083\n|switch|p2a: Iron Valiant|Iron Valiant|100\/100\n|switch|p1a: Toxapex|Toxapex, M|53\/100\n|\n|upkeep\n|turn|72\n|\n|t:|1699722096\n|move|p2a: Iron Valiant|Psyshock|p1a: Toxapex\n|-supereffective|p1a: Toxapex\n|-crit|p1a: Toxapex\n|-damage|p1a: Toxapex|5\/100\n|move|p1a: Toxapex|Toxic|p2a: Iron Valiant\n|-status|p2a: Iron Valiant|tox\n|\n|-damage|p2a: Iron Valiant|94\/100 tox|[from] psn\n|upkeep\n|turn|73\n|\n|t:|1699722105\n|switch|p1a: Gliscor|Gliscor, M, shiny|100\/100 tox\n|move|p2a: Iron Valiant|Moonblast|p1a: Gliscor\n|-damage|p1a: Gliscor|40\/100 tox\n|-unboost|p1a: Gliscor|spa|1\n|\n|-damage|p2a: Iron Valiant|82\/100 tox|[from] psn\n|-heal|p1a: Gliscor|52\/100 tox|[from] ability: Poison Heal\n|upkeep\n|turn|74\n|\n|t:|1699722117\n|switch|p1a: Toxapex|Toxapex, M|38\/100\n|move|p2a: Iron Valiant|Calm Mind|p2a: Iron Valiant\n|-boost|p2a: Iron Valiant|spa|1\n|-boost|p2a: Iron Valiant|spd|1\n|\n|-damage|p2a: Iron Valiant|63\/100 tox|[from] psn\n|upkeep\n|turn|75\n|\n|t:|1699722125\n|switch|p1a: Gliscor|Gliscor, M, shiny|52\/100 tox\n|move|p2a: Iron Valiant|Psyshock|p1a: Gliscor\n|-damage|p1a: Gliscor|29\/100 tox\n|\n|-damage|p2a: Iron Valiant|38\/100 tox|[from] psn\n|-heal|p1a: Gliscor|41\/100 tox|[from] ability: Poison Heal\n|upkeep\n|turn|76\n|\n|t:|1699722134\n|switch|p1a: Clodsire|Clodsire, F|54\/100\n|move|p2a: Iron Valiant|Psyshock|p1a: Clodsire\n|-supereffective|p1a: Clodsire\n|-damage|p1a: Clodsire|0 fnt\n|faint|p1a: Clodsire\n|\n|-damage|p2a: Iron Valiant|7\/100 tox|[from] psn\n|upkeep\n|\n|t:|1699722136\n|switch|p1a: Gliscor|Gliscor, M, shiny|41\/100 tox\n|turn|77\n|\n|t:|1699722145\n|-end|p2a: Iron Valiant|Quark Drive|[silent]\n|switch|p2a: Enamorus|Enamorus, F|100\/100\n|move|p1a: Gliscor|Protect||[still]\n|-fail|p1a: Gliscor\n|\n|-heal|p1a: Gliscor|54\/100 tox|[from] ability: Poison Heal\n|upkeep\n|turn|78\n|\n|t:|1699722154\n|move|p2a: Enamorus|Substitute|p2a: Enamorus\n|-start|p2a: Enamorus|Substitute\n|-damage|p2a: Enamorus|76\/100\n|move|p1a: Gliscor|Spikes|p2a: Enamorus\n|-sidestart|p2: Light13Cx|Spikes\n|\n|-heal|p2a: Enamorus|82\/100|[from] item: Leftovers\n|-heal|p1a: Gliscor|66\/100 tox|[from] ability: Poison Heal\n|upkeep\n|turn|79\n|\n|t:|1699722162\n|switch|p1a: Toxapex|Toxapex, M|71\/100\n|move|p2a: Enamorus|Moonblast|p1a: Toxapex\n|-resisted|p1a: Toxapex\n|-damage|p1a: Toxapex|50\/100\n|\n|-heal|p2a: Enamorus|88\/100|[from] item: Leftovers\n|upkeep\n|turn|80\n|\n|t:|1699722172\n|move|p2a: Enamorus|Calm Mind|p2a: Enamorus\n|-boost|p2a: Enamorus|spa|1\n|-boost|p2a: Enamorus|spd|1\n|move|p1a: Toxapex|Recover|p1a: Toxapex\n|-heal|p1a: Toxapex|99\/100\n|\n|-heal|p2a: Enamorus|94\/100|[from] item: Leftovers\n|upkeep\n|turn|81\n|\n|t:|1699722180\n|move|p2a: Enamorus|Calm Mind|p2a: Enamorus\n|-boost|p2a: Enamorus|spa|1\n|-boost|p2a: Enamorus|spd|1\n|move|p1a: Toxapex|Haze|p1a: Toxapex\n|-clearallboost\n|\n|-heal|p2a: Enamorus|100\/100|[from] item: Leftovers\n|upkeep\n|turn|82\n|inactive|hiknpo has 120 seconds left.\n|\n|t:|1699722226\n|move|p2a: Enamorus|Moonblast|p1a: Toxapex\n|-resisted|p1a: Toxapex\n|-damage|p1a: Toxapex|79\/100\n|-unboost|p1a: Toxapex|spa|1\n|move|p1a: Toxapex|Infestation|p2a: Enamorus\n|-resisted|p2a: Enamorus\n|-activate|p2a: Enamorus|move: Substitute|[damage]\n|\n|upkeep\n|turn|83\n|\n|t:|1699722237\n|move|p2a: Enamorus|Moonblast|p1a: Toxapex\n|-resisted|p1a: Toxapex\n|-damage|p1a: Toxapex|58\/100\n|move|p1a: Toxapex|Haze|p1a: Toxapex\n|-clearallboost\n|\n|upkeep\n|turn|84\n|inactive|hiknpo has 120 seconds left.\n|\n|t:|1699722245\n|switch|p1a: Gliscor|Gliscor, M, shiny|66\/100 tox\n|move|p2a: Enamorus|Moonblast|p1a: Gliscor\n|-damage|p1a: Gliscor|5\/100 tox\n|-unboost|p1a: Gliscor|spa|1\n|\n|-heal|p1a: Gliscor|18\/100 tox|[from] ability: Poison Heal\n|upkeep\n|turn|85\n|\n|t:|1699722256\n|switch|p1a: Toxapex|Toxapex, M|91\/100\n|move|p2a: Enamorus|Moonblast|p1a: Toxapex\n|-resisted|p1a: Toxapex\n|-damage|p1a: Toxapex|72\/100\n|\n|upkeep\n|turn|86\n|\n|t:|1699722263\n|move|p2a: Enamorus|Moonblast|p1a: Toxapex\n|-resisted|p1a: Toxapex\n|-damage|p1a: Toxapex|51\/100\n|move|p1a: Toxapex|Haze|p1a: Toxapex\n|-clearallboost\n|\n|upkeep\n|turn|87\n|\n|t:|1699722272\n|move|p2a: Enamorus|Calm Mind|p2a: Enamorus\n|-boost|p2a: Enamorus|spa|1\n|-boost|p2a: Enamorus|spd|1\n|move|p1a: Toxapex|Recover|p1a: Toxapex\n|-heal|p1a: Toxapex|100\/100\n|\n|upkeep\n|turn|88\n|\n|t:|1699722278\n|move|p2a: Enamorus|Moonblast|p1a: Toxapex\n|-resisted|p1a: Toxapex\n|-damage|p1a: Toxapex|71\/100\n|-unboost|p1a: Toxapex|spa|1\n|move|p1a: Toxapex|Haze|p1a: Toxapex\n|-clearallboost\n|\n|upkeep\n|turn|89\n|\n|t:|1699722288\n|move|p2a: Enamorus|Moonblast|p1a: Toxapex\n|-resisted|p1a: Toxapex\n|-damage|p1a: Toxapex|51\/100\n|-unboost|p1a: Toxapex|spa|1\n|move|p1a: Toxapex|Haze|p1a: Toxapex\n|-clearallboost\n|\n|upkeep\n|turn|90\n|\n|t:|1699722300\n|switch|p2a: Iron Valiant|Iron Valiant|7\/100 tox\n|-damage|p2a: Iron Valiant|0 fnt|[from] Spikes\n|faint|p2a: Iron Valiant\n|-end|p2a: Iron Valiant|Quark Drive|[silent]\n|move|p1a: Toxapex|Haze|p1a: Toxapex\n|-clearallboost\n|\n|upkeep\n|\n|t:|1699722311\n|switch|p2a: Dragonite|Dragonite, F|100\/100\n|turn|91\n|\n|t:|1699722322\n|move|p2a: Dragonite|Ice Spinner|p1a: Toxapex\n|-resisted|p1a: Toxapex\n|-damage|p1a: Toxapex|42\/100\n|move|p1a: Toxapex|Toxic|p2a: Dragonite\n|-status|p2a: Dragonite|tox\n|\n|-damage|p2a: Dragonite|95\/100 tox|[from] psn\n|upkeep\n|turn|92\n|\n|t:|1699722330\n|switch|p1a: Dondozo|Dondozo, M|100\/100 slp\n|move|p2a: Dragonite|Earthquake|p1a: Dondozo\n|-damage|p1a: Dondozo|82\/100 slp\n|\n|-damage|p2a: Dragonite|83\/100 tox|[from] psn\n|upkeep\n|turn|93\n|\n|t:|1699722337\n|switch|p2a: Enamorus|Enamorus, F|100\/100\n|cant|p1a: Dondozo|slp\n|move|p1a: Dondozo|Sleep Talk|p1a: Dondozo\n|move|p1a: Dondozo|Body Press|p2a: Enamorus|[from]move: Sleep Talk\n|-resisted|p2a: Enamorus\n|-damage|p2a: Enamorus|89\/100\n|-start|p1a: Dondozo|Attract|[from] ability: Cute Charm|[of] p2a: Enamorus\n|\n|-heal|p2a: Enamorus|95\/100|[from] item: Leftovers\n|upkeep\n|turn|94\n|\n|t:|1699722350\n|switch|p1a: Toxapex|Toxapex, M|75\/100\n|move|p2a: Enamorus|Substitute|p2a: Enamorus\n|-start|p2a: Enamorus|Substitute\n|-damage|p2a: Enamorus|70\/100\n|\n|-heal|p2a: Enamorus|77\/100|[from] item: Leftovers\n|upkeep\n|turn|95\n|\n|t:|1699722358\n|move|p2a: Enamorus|Calm Mind|p2a: Enamorus\n|-boost|p2a: Enamorus|spa|1\n|-boost|p2a: Enamorus|spd|1\n|move|p1a: Toxapex|Haze|p1a: Toxapex\n|-clearallboost\n|\n|-heal|p2a: Enamorus|83\/100|[from] item: Leftovers\n|upkeep\n|turn|96\n|\n|t:|1699722370\n|switch|p2a: Dragonite|Dragonite, F|83\/100 tox\n|move|p1a: Toxapex|Haze|p1a: Toxapex\n|-clearallboost\n|\n|-damage|p2a: Dragonite|77\/100 tox|[from] psn\n|upkeep\n|turn|97\n|\n|t:|1699722378\n|move|p2a: Dragonite|Ice Spinner|p1a: Toxapex\n|-resisted|p1a: Toxapex\n|-damage|p1a: Toxapex|66\/100\n|move|p1a: Toxapex|Infestation|p2a: Dragonite\n|-resisted|p2a: Dragonite\n|-damage|p2a: Dragonite|75\/100 tox\n|-activate|p2a: Dragonite|move: Infestation|[of] p1a: Toxapex\n|\n|-damage|p2a: Dragonite|63\/100 tox|[from] psn\n|-damage|p2a: Dragonite|51\/100 tox|[from] move: Infestation|[partiallytrapped]\n|upkeep\n|turn|98\n|\n|t:|1699722387\n|switch|p1a: Gliscor|Gliscor, M, shiny|18\/100 tox\n|move|p2a: Dragonite|Earthquake|p1a: Gliscor\n|-immune|p1a: Gliscor\n|\n|-damage|p2a: Dragonite|33\/100 tox|[from] psn\n|-heal|p1a: Gliscor|30\/100 tox|[from] ability: Poison Heal\n|-end|p2a: Dragonite|Infestation|[partiallytrapped]|[silent]\n|upkeep\n|turn|99\n|\n|t:|1699722398\n|switch|p2a: Enamorus|Enamorus, F|83\/100\n|move|p1a: Gliscor|Toxic|p2a: Enamorus\n|-status|p2a: Enamorus|tox\n|\n|-heal|p2a: Enamorus|89\/100 tox|[from] item: Leftovers\n|-damage|p2a: Enamorus|83\/100 tox|[from] psn\n|-heal|p1a: Gliscor|43\/100 tox|[from] ability: Poison Heal\n|upkeep\n|turn|100\n|\n|t:|1699722408\n|switch|p1a: Toxapex|Toxapex, M|99\/100\n|move|p2a: Enamorus|Moonblast|p1a: Toxapex\n|-resisted|p1a: Toxapex\n|-crit|p1a: Toxapex\n|-damage|p1a: Toxapex|68\/100\n|\n|-heal|p2a: Enamorus|89\/100 tox|[from] item: Leftovers\n|-damage|p2a: Enamorus|77\/100 tox|[from] psn\n|upkeep\n|turn|101\n|-message|Light13Cx forfeited.\n|\n|win|hiknpo\n|raw|hiknpo's rating: 1308 &rarr; <strong>1325<\/strong><br \/>(+17 for winning)\n|raw|Light13Cx's rating: 1259 &rarr; <strong>1238<\/strong><br \/>(-21 for losing)\n|l|\u2606Light13Cx\n","uploadtime":1699722414,"views":15,"p1id":"hiknpo","p2id":"light13cx","formatid":"gen9ou","rating":1238,"private":0,"password":""}