{"id":"gen9ou-1990759826","p1":"its a gambit trust","p2":"diggersboy660","format":"[Gen 9] OU","log":"|j|\u2606its a gambit trust\n|j|\u2606diggersboy660\n|t:|1699998205\n|gametype|singles\n|player|p1|its a gambit trust|acerola-masters|1514\n|player|p2|diggersboy660|n|1595\n|teamsize|p1|6\n|teamsize|p2|6\n|gen|9\n|tier|[Gen 9] OU\n|rated|\n|rule|Sleep Clause Mod: Limit one foe put to sleep\n|rule|Species Clause: Limit one of each Pok\u00e9mon\n|rule|OHKO Clause: OHKO moves are banned\n|rule|Evasion Items Clause: Evasion items are banned\n|rule|Evasion Moves Clause: Evasion moves are banned\n|rule|Endless Battle Clause: Forcing endless battles is banned\n|rule|HP Percentage Mod: HP is shown in percentages\n|clearpoke\n|poke|p1|Ting-Lu|\n|poke|p1|Zapdos|\n|poke|p1|Ogerpon-Wellspring, F|\n|poke|p1|Corviknight, M|\n|poke|p1|Slowking-Galar, F|\n|poke|p1|Cinderace, F|\n|poke|p2|Avalugg-Hisui, M|\n|poke|p2|Mandibuzz, F|\n|poke|p2|Ting-Lu|\n|poke|p2|Ditto|\n|poke|p2|Ceruledge, F|\n|poke|p2|Iron Valiant|\n|teampreview\n|inactive|Battle timer is ON: inactive players will automatically lose when time's up. (requested by its a gambit trust)\n|c|\u2606its a gambit trust|bros cooking with the avalugg\n|inactive|its a gambit trust has 120 seconds left.\n|inactive|its a gambit trust has 90 seconds left.\n|\n|t:|1699998277\n|start\n|switch|p1a: Zapdos|Zapdos|100\/100\n|switch|p2a: Avalugg|Avalugg-Hisui, M|100\/100\n|turn|1\n|\n|t:|1699998290\n|move|p1a: Zapdos|U-turn|p2a: Avalugg\n|-damage|p2a: Avalugg|93\/100\n|\n|t:|1699998303\n|switch|p1a: Corviknight|Corviknight, M|100\/100|[from] U-turn\n|-ability|p1a: Corviknight|Pressure\n|move|p2a: Avalugg|Mirror Coat||[still]\n|-fail|p2a: Avalugg\n|\n|upkeep\n|turn|2\n|c|\u2606its a gambit trust|ayo\n|\n|t:|1699998312\n|move|p1a: Corviknight|Iron Defense|p1a: Corviknight\n|-boost|p1a: Corviknight|def|2\n|move|p2a: Avalugg|Mountain Gale|p1a: Corviknight|[miss]\n|-miss|p2a: Avalugg|p1a: Corviknight\n|\n|upkeep\n|turn|3\n|\n|t:|1699998318\n|switch|p2a: Ceruledge|Ceruledge, F|100\/100\n|move|p1a: Corviknight|Iron Defense|p1a: Corviknight\n|-boost|p1a: Corviknight|def|2\n|\n|upkeep\n|turn|4\n|\n|t:|1699998323\n|switch|p1a: Ting-Lu|Ting-Lu|100\/100\n|-ability|p1a: Ting-Lu|Vessel of Ruin\n|move|p2a: Ceruledge|Swords Dance|p2a: Ceruledge\n|-boost|p2a: Ceruledge|atk|2\n|\n|upkeep\n|turn|5\n|\n|t:|1699998353\n|move|p2a: Ceruledge|Bitter Blade|p1a: Ting-Lu\n|-damage|p1a: Ting-Lu|45\/100\n|move|p1a: Ting-Lu|Earthquake|p2a: Ceruledge\n|-supereffective|p2a: Ceruledge\n|-enditem|p2a: Ceruledge|Focus Sash\n|-damage|p2a: Ceruledge|1\/100\n|-ability|p2a: Ceruledge|Weak Armor|boost\n|-unboost|p2a: Ceruledge|def|1\n|-boost|p2a: Ceruledge|spe|2\n|\n|-heal|p1a: Ting-Lu|51\/100|[from] item: Leftovers\n|upkeep\n|turn|6\n|\n|t:|1699998364\n|-terastallize|p1a: Ting-Lu|Water\n|move|p2a: Ceruledge|Bitter Blade|p1a: Ting-Lu\n|-resisted|p1a: Ting-Lu\n|-damage|p1a: Ting-Lu|24\/100\n|-heal|p2a: Ceruledge|24\/100|[from] drain|[of] p1a: Ting-Lu\n|move|p1a: Ting-Lu|Earthquake|p2a: Ceruledge\n|-supereffective|p2a: Ceruledge\n|-damage|p2a: Ceruledge|0 fnt\n|faint|p2a: Ceruledge\n|\n|-heal|p1a: Ting-Lu|30\/100|[from] item: Leftovers\n|upkeep\n|\n|t:|1699998372\n|switch|p2a: Ting-Lu|Ting-Lu|100\/100\n|-ability|p2a: Ting-Lu|Vessel of Ruin\n|turn|7\n|\n|t:|1699998377\n|switch|p1a: Ogerpon|Ogerpon-Wellspring, F|100\/100\n|move|p2a: Ting-Lu|Stealth Rock|p1a: Ogerpon\n|-sidestart|p1: its a gambit trust|move: Stealth Rock\n|\n|upkeep\n|turn|8\n|\n|t:|1699998382\n|move|p1a: Ogerpon|Power Whip|p2a: Ting-Lu|[miss]\n|-miss|p1a: Ogerpon|p2a: Ting-Lu\n|move|p2a: Ting-Lu|Whirlwind|p1a: Ogerpon\n|drag|p1a: Slowking|Slowking-Galar, F|100\/100\n|\n|upkeep\n|turn|9\n|\n|t:|1699998387\n|move|p2a: Ting-Lu|Earthquake|p1a: Slowking\n|-supereffective|p1a: Slowking\n|-damage|p1a: Slowking|43\/100\n|move|p1a: Slowking|Chilly Reception|p1a: Slowking\n|-weather|Snow\n|\n|t:|1699998391\n|switch|p1a: Ogerpon|Ogerpon-Wellspring, F|100\/100|[from] Chilly Reception\n|-damage|p1a: Ogerpon|88\/100|[from] Stealth Rock\n|\n|-weather|Snow|[upkeep]\n|upkeep\n|turn|10\n|\n|t:|1699998402\n|switch|p2a: Mandibuzz|Mandibuzz, F|100\/100\n|move|p1a: Ogerpon|Power Whip|p2a: Mandibuzz\n|-resisted|p2a: Mandibuzz\n|-damage|p2a: Mandibuzz|74\/100\n|\n|-weather|Snow|[upkeep]\n|-heal|p2a: Mandibuzz|80\/100|[from] item: Leftovers\n|upkeep\n|turn|11\n|\n|t:|1699998407\n|switch|p1a: Zapdos|Zapdos|100\/100\n|move|p2a: Mandibuzz|Toxic|p1a: Zapdos|[miss]\n|-miss|p2a: Mandibuzz|p1a: Zapdos\n|\n|-weather|Snow|[upkeep]\n|-heal|p2a: Mandibuzz|86\/100|[from] item: Leftovers\n|upkeep\n|turn|12\n|\n|t:|1699998411\n|move|p1a: Zapdos|Thunderbolt|p2a: Mandibuzz\n|-supereffective|p2a: Mandibuzz\n|-damage|p2a: Mandibuzz|17\/100\n|move|p2a: Mandibuzz|Roost|p2a: Mandibuzz\n|-heal|p2a: Mandibuzz|68\/100\n|-singleturn|p2a: Mandibuzz|move: Roost\n|\n|-weather|Snow|[upkeep]\n|-heal|p2a: Mandibuzz|74\/100|[from] item: Leftovers\n|upkeep\n|turn|13\n|\n|t:|1699998414\n|move|p1a: Zapdos|Thunderbolt|p2a: Mandibuzz\n|-supereffective|p2a: Mandibuzz\n|-damage|p2a: Mandibuzz|14\/100\n|-status|p2a: Mandibuzz|par\n|cant|p2a: Mandibuzz|par\n|\n|-weather|none\n|-heal|p2a: Mandibuzz|20\/100 par|[from] item: Leftovers\n|upkeep\n|turn|14\n|\n|t:|1699998419\n|move|p1a: Zapdos|Thunderbolt|p2a: Mandibuzz\n|-supereffective|p2a: Mandibuzz\n|-damage|p2a: Mandibuzz|0 fnt\n|faint|p2a: Mandibuzz\n|\n|upkeep\n|\n|t:|1699998421\n|switch|p2a: Ting-Lu|Ting-Lu|100\/100\n|-ability|p2a: Ting-Lu|Vessel of Ruin\n|turn|15\n|\n|t:|1699998424\n|move|p1a: Zapdos|U-turn|p2a: Ting-Lu\n|-supereffective|p2a: Ting-Lu\n|-damage|p2a: Ting-Lu|90\/100\n|\n|t:|1699998429\n|switch|p1a: Ogerpon|Ogerpon-Wellspring, F|88\/100|[from] U-turn\n|-damage|p1a: Ogerpon|76\/100|[from] Stealth Rock\n|move|p2a: Ting-Lu|Ruination|p1a: Ogerpon\n|-damage|p1a: Ogerpon|38\/100\n|\n|upkeep\n|turn|16\n|\n|t:|1699998437\n|switch|p2a: Avalugg|Avalugg-Hisui, M|93\/100\n|move|p1a: Ogerpon|Power Whip|p2a: Avalugg\n|-supereffective|p2a: Avalugg\n|-damage|p2a: Avalugg|24\/100\n|\n|upkeep\n|turn|17\n|\n|t:|1699998442\n|switch|p2a: Ting-Lu|Ting-Lu|90\/100\n|-ability|p2a: Ting-Lu|Vessel of Ruin\n|move|p1a: Ogerpon|Ivy Cudgel|p2a: Ting-Lu|[anim] Ivy Cudgel Water\n|-supereffective|p2a: Ting-Lu\n|-damage|p2a: Ting-Lu|43\/100\n|\n|upkeep\n|turn|18\n|\n|t:|1699998446\n|move|p1a: Ogerpon|Power Whip|p2a: Ting-Lu\n|-supereffective|p2a: Ting-Lu\n|-damage|p2a: Ting-Lu|0 fnt\n|faint|p2a: Ting-Lu\n|\n|upkeep\n|\n|t:|1699998448\n|switch|p2a: Iron Valiant|Iron Valiant|100\/100\n|-enditem|p2a: Iron Valiant|Booster Energy\n|-activate|p2a: Iron Valiant|ability: Quark Drive|[fromitem]\n|-start|p2a: Iron Valiant|quarkdrivespe\n|turn|19\n|\n|t:|1699998451\n|switch|p1a: Slowking|Slowking-Galar, F|76\/100\n|move|p2a: Iron Valiant|Swords Dance|p2a: Iron Valiant\n|-boost|p2a: Iron Valiant|atk|2\n|\n|upkeep\n|turn|20\n|\n|t:|1699998458\n|move|p2a: Iron Valiant|Moonblast|p1a: Slowking\n|-resisted|p1a: Slowking\n|-damage|p1a: Slowking|58\/100\n|move|p1a: Slowking|Thunder Wave|p2a: Iron Valiant|[miss]\n|-miss|p1a: Slowking|p2a: Iron Valiant\n|\n|upkeep\n|turn|21\n|c|\u2606its a gambit trust|sd moonblast is crazy\n|\n|t:|1699998470\n|move|p2a: Iron Valiant|Drain Punch|p1a: Slowking\n|-resisted|p1a: Slowking\n|-damage|p1a: Slowking|44\/100\n|move|p1a: Slowking|Thunder Wave|p2a: Iron Valiant\n|-status|p2a: Iron Valiant|par\n|\n|upkeep\n|turn|22\n|\n|t:|1699998473\n|cant|p2a: Iron Valiant|par\n|move|p1a: Slowking|Sludge Bomb|p2a: Iron Valiant\n|-supereffective|p2a: Iron Valiant\n|-damage|p2a: Iron Valiant|0 fnt\n|faint|p2a: Iron Valiant\n|-end|p2a: Iron Valiant|Quark Drive|[silent]\n|\n|upkeep\n|\n|t:|1699998476\n|switch|p2a: Avalugg|Avalugg-Hisui, M|24\/100\n|turn|23\n|-enditem|p2a: Avalugg|Custap Berry|[eat]\n|-activate|p2a: Avalugg|item: Custap Berry|[consumed]\n|\n|t:|1699998483\n|move|p2a: Avalugg|Stone Edge|p1a: Slowking\n|-crit|p1a: Slowking\n|-damage|p1a: Slowking|0 fnt\n|faint|p1a: Slowking\n|\n|upkeep\n|-message|diggersboy660 forfeited.\n|\n|win|its a gambit trust\n|raw|its a gambit trust's rating: 1514 &rarr; <strong>1539<\/strong><br \/>(+25 for winning)\n|raw|diggersboy660's rating: 1595 &rarr; <strong>1570<\/strong><br \/>(-25 for losing)\n|l|\u2606diggersboy660\n","uploadtime":1699998490,"views":7,"p1id":"itsagambittrust","p2id":"diggersboy660","formatid":"gen9ou","rating":1539,"private":0,"password":""}