{"id":"gen9ou-1999885829","p1":"the chosen golb","p2":"AkiDes","format":"[Gen 9] OU","log":"|j|\u2606the chosen golb\n|j|\u2606AkiDes\n|t:|1701126333\n|gametype|singles\n|player|p1|the chosen golb|giovanni|1093\n|player|p2|AkiDes|volkner|1190\n|teamsize|p1|6\n|teamsize|p2|6\n|gen|9\n|tier|[Gen 9] OU\n|rated|\n|rule|Sleep Clause Mod: Limit one foe put to sleep\n|rule|Species Clause: Limit one of each Pok\u00e9mon\n|rule|OHKO Clause: OHKO moves are banned\n|rule|Evasion Items Clause: Evasion items are banned\n|rule|Evasion Moves Clause: Evasion moves are banned\n|rule|Endless Battle Clause: Forcing endless battles is banned\n|rule|HP Percentage Mod: HP is shown in percentages\n|clearpoke\n|poke|p1|Iron Hands|\n|poke|p1|Pincurchin, F|\n|poke|p1|Iron Moth|\n|poke|p1|Ting-Lu|\n|poke|p1|Shiftry, M|\n|poke|p1|Haxorus, F|\n|poke|p2|Greninja-*, F|\n|poke|p2|Dragonite, F|\n|poke|p2|Cinderace, M|\n|poke|p2|Mandibuzz, F|\n|poke|p2|Jolteon, F|\n|poke|p2|Landorus-Therian, M|\n|teampreview\n|inactive|Battle timer is ON: inactive players will automatically lose when time's up. (requested by the chosen golb)\n|\n|t:|1701126337\n|start\n|switch|p1a: Pincurchin|Pincurchin, F, shiny|100\/100\n|switch|p2a: Jarcres|Jolteon, F|100\/100\n|-fieldstart|move: Electric Terrain|[from] ability: Electric Surge|[of] p1a: Pincurchin\n|turn|1\n|\n|t:|1701126345\n|move|p2a: Jarcres|Volt Switch|p1a: Pincurchin\n|-resisted|p1a: Pincurchin\n|-damage|p1a: Pincurchin|60\/100\n|\n|t:|1701126349\n|switch|p2a: Prueba nomas|Landorus-Therian, M|100\/100|[from] Volt Switch\n|-ability|p2a: Prueba nomas|Intimidate|boost\n|-unboost|p1a: Pincurchin|atk|1\n|move|p1a: Pincurchin|Memento|p2a: Prueba nomas\n|-unboost|p2a: Prueba nomas|atk|2\n|-unboost|p2a: Prueba nomas|spa|2\n|faint|p1a: Pincurchin\n|\n|upkeep\n|\n|t:|1701126355\n|switch|p1a: Iron Hands|Iron Hands, shiny|100\/100\n|-activate|p1a: Iron Hands|ability: Quark Drive\n|-start|p1a: Iron Hands|quarkdriveatk\n|turn|2\n|\n|t:|1701126364\n|switch|p2a: Fuego en la pista|Cinderace, M|100\/100\n|-terastallize|p1a: Iron Hands|Normal\n|move|p1a: Iron Hands|Ice Punch|p2a: Fuego en la pista\n|-resisted|p2a: Fuego en la pista\n|-damage|p2a: Fuego en la pista|72\/100\n|\n|upkeep\n|turn|3\n|\n|t:|1701126369\n|move|p2a: Fuego en la pista|High Jump Kick|p1a: Iron Hands\n|-start|p2a: Fuego en la pista|typechange|Fighting|[from] ability: Libero\n|-supereffective|p1a: Iron Hands\n|-damage|p1a: Iron Hands|25\/100\n|move|p1a: Iron Hands|Drain Punch|p2a: Fuego en la pista\n|-damage|p2a: Fuego en la pista|0 fnt\n|-heal|p1a: Iron Hands|46\/100|[from] drain|[of] p2a: Fuego en la pista\n|faint|p2a: Fuego en la pista\n|\n|upkeep\n|\n|t:|1701126379\n|switch|p2a: Jarcres|Jolteon, F|100\/100\n|turn|4\n|\n|t:|1701126385\n|-end|p1a: Iron Hands|Quark Drive|[silent]\n|switch|p1a: Ting-Lu|Ting-Lu|100\/100\n|-ability|p1a: Ting-Lu|Vessel of Ruin\n|move|p2a: Jarcres|Volt Switch|p1a: Ting-Lu\n|-immune|p1a: Ting-Lu\n|\n|upkeep\n|turn|5\n|\n|t:|1701126388\n|switch|p2a: Prueba nomas|Landorus-Therian, M|100\/100\n|-ability|p2a: Prueba nomas|Intimidate|boost\n|-unboost|p1a: Ting-Lu|atk|1\n|switch|p1a: Haxorus|Haxorus, F, shiny|100\/100\n|-ability|p1a: Haxorus|Mold Breaker\n|\n|-fieldend|move: Electric Terrain\n|upkeep\n|turn|6\n|\n|t:|1701126398\n|move|p2a: Prueba nomas|Stealth Rock|p1a: Haxorus\n|-sidestart|p1: the chosen golb|move: Stealth Rock\n|move|p1a: Haxorus|Dragon Dance|p1a: Haxorus\n|-boost|p1a: Haxorus|atk|1\n|-boost|p1a: Haxorus|spe|1\n|\n|upkeep\n|turn|7\n|\n|t:|1701126402\n|move|p1a: Haxorus|Scale Shot|p2a: Prueba nomas|[miss]\n|-miss|p1a: Haxorus|p2a: Prueba nomas\n|move|p2a: Prueba nomas|Earthquake|p1a: Haxorus\n|-damage|p1a: Haxorus|24\/100\n|\n|upkeep\n|turn|8\n|\n|t:|1701126405\n|move|p1a: Haxorus|Scale Shot|p2a: Prueba nomas\n|-damage|p2a: Prueba nomas|71\/100\n|-damage|p2a: Prueba nomas|45\/100\n|-damage|p2a: Prueba nomas|17\/100\n|-damage|p2a: Prueba nomas|0 fnt\n|faint|p2a: Prueba nomas\n|-hitcount|p2: Prueba nomas|4\n|-unboost|p1a: Haxorus|def|1\n|-boost|p1a: Haxorus|spe|1\n|\n|upkeep\n|\n|t:|1701126410\n|switch|p2a: Cacahuate|Dragonite, F|100\/100\n|turn|9\n|\n|t:|1701126413\n|move|p2a: Cacahuate|Extreme Speed|p1a: Haxorus\n|-damage|p1a: Haxorus|0 fnt\n|faint|p1a: Haxorus\n|\n|upkeep\n|\n|t:|1701126417\n|switch|p1a: Iron Hands|Iron Hands, shiny, tera:Normal|46\/100\n|-damage|p1a: Iron Hands|34\/100|[from] Stealth Rock\n|turn|10\n|\n|t:|1701126423\n|move|p1a: Iron Hands|Fake Out|p2a: Cacahuate\n|-damage|p2a: Cacahuate|88\/100\n|cant|p2a: Cacahuate|flinch\n|\n|upkeep\n|turn|11\n|\n|t:|1701126427\n|move|p2a: Cacahuate|Extreme Speed|p1a: Iron Hands\n|-damage|p1a: Iron Hands|14\/100\n|move|p1a: Iron Hands|Ice Punch|p2a: Cacahuate\n|-supereffective|p2a: Cacahuate\n|-damage|p2a: Cacahuate|0 fnt\n|faint|p2a: Cacahuate\n|\n|upkeep\n|\n|t:|1701126432\n|switch|p2a: Jarcres|Jolteon, F|100\/100\n|turn|12\n|\n|t:|1701126441\n|-terastallize|p2a: Jarcres|Ice\n|move|p2a: Jarcres|Tera Blast|p1a: Iron Hands|[anim] Tera Blast Ice\n|-damage|p1a: Iron Hands|0 fnt\n|faint|p1a: Iron Hands\n|-end|p1a: Iron Hands|Quark Drive|[silent]\n|\n|upkeep\n|\n|t:|1701126448\n|switch|p1a: Iron Moth|Iron Moth|100\/100\n|-damage|p1a: Iron Moth|76\/100|[from] Stealth Rock\n|turn|13\n|\n|t:|1701126460\n|switch|p2a: Babotas|Greninja, F|100\/100\n|move|p1a: Iron Moth|Bug Buzz|p2a: Babotas\n|-supereffective|p2a: Babotas\n|-damage|p2a: Babotas|0 fnt\n|faint|p2a: Babotas\n|\n|upkeep\n|\n|t:|1701126470\n|switch|p2a: Jarcres|Jolteon, F, tera:Ice|100\/100\n|turn|14\n|\n|t:|1701126478\n|-end|p1a: Iron Moth|Quark Drive|[silent]\n|switch|p1a: Ting-Lu|Ting-Lu|100\/100\n|-damage|p1a: Ting-Lu|94\/100|[from] Stealth Rock\n|-ability|p1a: Ting-Lu|Vessel of Ruin\n|move|p2a: Jarcres|Volt Switch|p1a: Ting-Lu\n|-immune|p1a: Ting-Lu\n|\n|-heal|p1a: Ting-Lu|100\/100|[from] item: Leftovers\n|upkeep\n|turn|15\n|\n|t:|1701126487\n|switch|p2a: Festin celestial|Mandibuzz, F|100\/100\n|move|p1a: Ting-Lu|Stealth Rock|p2a: Festin celestial\n|-sidestart|p2: AkiDes|move: Stealth Rock\n|\n|upkeep\n|turn|16\n|\n|t:|1701126493\n|move|p2a: Festin celestial|Toxic|p1a: Ting-Lu\n|-status|p1a: Ting-Lu|tox\n|move|p1a: Ting-Lu|Rock Slide|p2a: Festin celestial|[miss]\n|-miss|p1a: Ting-Lu|p2a: Festin celestial\n|\n|-damage|p1a: Ting-Lu|94\/100 tox|[from] psn\n|upkeep\n|turn|17\n|\n|t:|1701126497\n|move|p2a: Festin celestial|Roost||[still]\n|-fail|p2a: Festin celestial|heal\n|move|p1a: Ting-Lu|Rock Slide|p2a: Festin celestial\n|-supereffective|p2a: Festin celestial\n|-damage|p2a: Festin celestial|69\/100\n|\n|-heal|p1a: Ting-Lu|100\/100 tox|[from] item: Leftovers\n|-damage|p1a: Ting-Lu|88\/100 tox|[from] psn\n|upkeep\n|turn|18\n|\n|t:|1701126501\n|move|p2a: Festin celestial|Foul Play|p1a: Ting-Lu\n|-resisted|p1a: Ting-Lu\n|-damage|p1a: Ting-Lu|75\/100 tox\n|move|p1a: Ting-Lu|Rock Slide|p2a: Festin celestial|[miss]\n|-miss|p1a: Ting-Lu|p2a: Festin celestial\n|\n|-heal|p1a: Ting-Lu|81\/100 tox|[from] item: Leftovers\n|-damage|p1a: Ting-Lu|63\/100 tox|[from] psn\n|upkeep\n|turn|19\n|\n|t:|1701126507\n|move|p2a: Festin celestial|Roost|p2a: Festin celestial\n|-heal|p2a: Festin celestial|100\/100\n|-singleturn|p2a: Festin celestial|move: Roost\n|move|p1a: Ting-Lu|Rock Slide|p2a: Festin celestial\n|-crit|p2a: Festin celestial\n|-damage|p2a: Festin celestial|77\/100\n|\n|-heal|p1a: Ting-Lu|69\/100 tox|[from] item: Leftovers\n|-damage|p1a: Ting-Lu|44\/100 tox|[from] psn\n|upkeep\n|turn|20\n|\n|t:|1701126516\n|move|p2a: Festin celestial|Foul Play|p1a: Ting-Lu\n|-resisted|p1a: Ting-Lu\n|-damage|p1a: Ting-Lu|30\/100 tox\n|move|p1a: Ting-Lu|Rock Slide|p2a: Festin celestial\n|-supereffective|p2a: Festin celestial\n|-damage|p2a: Festin celestial|48\/100\n|\n|-heal|p1a: Ting-Lu|36\/100 tox|[from] item: Leftovers\n|-damage|p1a: Ting-Lu|5\/100 tox|[from] psn\n|upkeep\n|turn|21\n|\n|t:|1701126526\n|move|p2a: Festin celestial|Roost|p2a: Festin celestial\n|-heal|p2a: Festin celestial|98\/100\n|-singleturn|p2a: Festin celestial|move: Roost\n|move|p1a: Ting-Lu|Rock Slide|p2a: Festin celestial|[miss]\n|-miss|p1a: Ting-Lu|p2a: Festin celestial\n|\n|-heal|p1a: Ting-Lu|12\/100 tox|[from] item: Leftovers\n|-damage|p1a: Ting-Lu|0 fnt|[from] psn\n|faint|p1a: Ting-Lu\n|upkeep\n|\n|t:|1701126530\n|switch|p1a: Shiftry|Shiftry, M, shiny|100\/100\n|-damage|p1a: Shiftry|88\/100|[from] Stealth Rock\n|turn|22\n|\n|t:|1701126539\n|move|p1a: Shiftry|Tailwind|p1a: Shiftry\n|-sidestart|p1: the chosen golb|move: Tailwind\n|-ability|p1a: Shiftry|Wind Rider|boost\n|-boost|p1a: Shiftry|atk|1\n|move|p2a: Festin celestial|Toxic|p1a: Shiftry\n|-status|p1a: Shiftry|tox\n|\n|-damage|p1a: Shiftry|82\/100 tox|[from] psn\n|upkeep\n|turn|23\n|\n|t:|1701126543\n|move|p1a: Shiftry|Rock Slide|p2a: Festin celestial\n|-supereffective|p2a: Festin celestial\n|-damage|p2a: Festin celestial|64\/100\n|move|p2a: Festin celestial|Foul Play|p1a: Shiftry\n|-resisted|p1a: Shiftry\n|-damage|p1a: Shiftry|28\/100 tox\n|\n|-damage|p1a: Shiftry|15\/100 tox|[from] psn\n|upkeep\n|turn|24\n|\n|t:|1701126548\n|move|p1a: Shiftry|Leaf Blade|p2a: Festin celestial\n|-resisted|p2a: Festin celestial\n|-damage|p2a: Festin celestial|47\/100\n|move|p2a: Festin celestial|Roost|p2a: Festin celestial\n|-heal|p2a: Festin celestial|97\/100\n|-singleturn|p2a: Festin celestial|move: Roost\n|\n|-damage|p1a: Shiftry|0 fnt|[from] psn\n|faint|p1a: Shiftry\n|upkeep\n|\n|t:|1701126553\n|switch|p1a: Iron Moth|Iron Moth|76\/100\n|-damage|p1a: Iron Moth|51\/100|[from] Stealth Rock\n|turn|25\n|\n|t:|1701126558\n|move|p1a: Iron Moth|Dazzling Gleam|p2a: Festin celestial\n|-supereffective|p2a: Festin celestial\n|-damage|p2a: Festin celestial|23\/100\n|move|p2a: Festin celestial|Foul Play|p1a: Iron Moth\n|-damage|p1a: Iron Moth|19\/100\n|\n|-sideend|p1: the chosen golb|move: Tailwind\n|upkeep\n|turn|26\n|\n|t:|1701126562\n|move|p1a: Iron Moth|Dazzling Gleam|p2a: Festin celestial\n|-supereffective|p2a: Festin celestial\n|-damage|p2a: Festin celestial|0 fnt\n|faint|p2a: Festin celestial\n|\n|upkeep\n|\n|t:|1701126564\n|switch|p2a: Jarcres|Jolteon, F, tera:Ice|100\/100\n|-damage|p2a: Jarcres|76\/100|[from] Stealth Rock\n|turn|27\n|\n|t:|1701126568\n|move|p2a: Jarcres|Thunderbolt|p1a: Iron Moth\n|-crit|p1a: Iron Moth\n|-damage|p1a: Iron Moth|0 fnt\n|faint|p1a: Iron Moth\n|-end|p1a: Iron Moth|Quark Drive|[silent]\n|\n|win|AkiDes\n|raw|the chosen golb's rating: 1093 &rarr; <strong>1076<\/strong><br \/>(-17 for losing)\n|raw|AkiDes's rating: 1190 &rarr; <strong>1208<\/strong><br \/>(+18 for winning)\n","uploadtime":1701126572,"views":2,"p1id":"thechosengolb","p2id":"akides","formatid":"gen9ou","rating":1076,"private":0,"password":""}