{"id":"gen9ou-2000669076","p1":"PlainJay","p2":"ay to zee","format":"[Gen 9] OU","log":"|j|\u2606PlainJay\n|j|\u2606ay to zee\n|t:|1701216739\n|gametype|singles\n|player|p1|PlainJay|thorton|1000\n|player|p2|ay to zee|flint|1046\n|teamsize|p1|6\n|teamsize|p2|6\n|gen|9\n|tier|[Gen 9] OU\n|rated|\n|rule|Sleep Clause Mod: Limit one foe put to sleep\n|rule|Species Clause: Limit one of each Pok\u00e9mon\n|rule|OHKO Clause: OHKO moves are banned\n|rule|Evasion Items Clause: Evasion items are banned\n|rule|Evasion Moves Clause: Evasion moves are banned\n|rule|Endless Battle Clause: Forcing endless battles is banned\n|rule|HP Percentage Mod: HP is shown in percentages\n|clearpoke\n|poke|p1|Ogerpon-Cornerstone, F|\n|poke|p1|Barraskewda, M|\n|poke|p1|Gumshoos, F|\n|poke|p1|Munkidori, M|\n|poke|p1|Flamigo, F|\n|poke|p1|Eelektross, F|\n|poke|p2|Blissey, F|\n|poke|p2|Basculegion-F, F|\n|poke|p2|Breloom, M|\n|poke|p2|Barraskewda, F|\n|poke|p2|Bellibolt, F|\n|poke|p2|Bisharp, F|\n|teampreview\n|inactive|Battle timer is ON: inactive players will automatically lose when time's up. (requested by ay to zee)\n|\n|t:|1701216744\n|start\n|switch|p1a: Gumshoos|Gumshoos, F|100\/100\n|switch|p2a: Blissey|Blissey, F|100\/100\n|turn|1\n|\n|t:|1701216749\n|move|p2a: Blissey|Stealth Rock|p1a: Gumshoos\n|-sidestart|p1: PlainJay|move: Stealth Rock\n|move|p1a: Gumshoos|Super Fang|p2a: Blissey\n|-damage|p2a: Blissey|50\/100\n|\n|upkeep\n|turn|2\n|\n|t:|1701216759\n|switch|p2a: Bellibolt|Bellibolt, F|100\/100\n|move|p1a: Gumshoos|Super Fang|p2a: Bellibolt\n|-damage|p2a: Bellibolt|50\/100\n|-start|p2a: Bellibolt|Charge|Super Fang|[from] ability: Electromorphosis\n|\n|upkeep\n|turn|3\n|\n|t:|1701216768\n|move|p1a: Gumshoos|Earthquake|p2a: Bellibolt\n|-supereffective|p2a: Bellibolt\n|-damage|p2a: Bellibolt|16\/100\n|-start|p2a: Bellibolt|Charge|Earthquake|[from] ability: Electromorphosis\n|move|p2a: Bellibolt|Toxic|p1a: Gumshoos\n|-status|p1a: Gumshoos|tox\n|\n|-damage|p1a: Gumshoos|94\/100 tox|[from] psn\n|upkeep\n|turn|4\n|\n|t:|1701216774\n|move|p1a: Gumshoos|Crunch|p2a: Bellibolt\n|-damage|p2a: Bellibolt|0 fnt\n|faint|p2a: Bellibolt\n|\n|-damage|p1a: Gumshoos|82\/100 tox|[from] psn\n|upkeep\n|\n|t:|1701216778\n|switch|p2a: Breloom|Breloom, M|100\/100\n|turn|5\n|\n|t:|1701216788\n|-terastallize|p1a: Gumshoos|Ghost\n|move|p2a: Breloom|Mach Punch|p1a: Gumshoos\n|-immune|p1a: Gumshoos\n|move|p1a: Gumshoos|Ice Fang|p2a: Breloom\n|-supereffective|p2a: Breloom\n|-damage|p2a: Breloom|15\/100\n|\n|-damage|p1a: Gumshoos|64\/100 tox|[from] psn\n|upkeep\n|turn|6\n|\n|t:|1701216799\n|switch|p2a: Bisharp|Bisharp, F|100\/100\n|move|p1a: Gumshoos|Crunch|p2a: Bisharp\n|-resisted|p2a: Bisharp\n|-damage|p2a: Bisharp|87\/100\n|\n|-damage|p1a: Gumshoos|40\/100 tox|[from] psn\n|upkeep\n|turn|7\n|\n|t:|1701216809\n|move|p2a: Bisharp|Sucker Punch|p1a: Gumshoos\n|-supereffective|p1a: Gumshoos\n|-damage|p1a: Gumshoos|0 fnt\n|-damage|p2a: Bisharp|71\/100|[from] item: Rocky Helmet|[of] p1a: Gumshoos\n|faint|p1a: Gumshoos\n|\n|upkeep\n|\n|t:|1701216822\n|switch|p1a: Eelektross|Eelektross, F|100\/100\n|-damage|p1a: Eelektross|88\/100|[from] Stealth Rock\n|turn|8\n|\n|t:|1701216830\n|move|p2a: Bisharp|Swords Dance|p2a: Bisharp\n|-boost|p2a: Bisharp|atk|2\n|move|p1a: Eelektross|Drain Punch|p2a: Bisharp\n|-supereffective|p2a: Bisharp\n|-damage|p2a: Bisharp|0 fnt\n|-heal|p1a: Eelektross|100\/100|[from] drain|[of] p2a: Bisharp\n|faint|p2a: Bisharp\n|\n|upkeep\n|\n|t:|1701216838\n|switch|p2a: Breloom|Breloom, M|15\/100\n|turn|9\n|\n|t:|1701216844\n|move|p2a: Breloom|Spore|p1a: Eelektross\n|-status|p1a: Eelektross|slp|[from] move: Spore\n|cant|p1a: Eelektross|slp\n|\n|upkeep\n|turn|10\n|\n|t:|1701216850\n|move|p2a: Breloom|Bullet Seed|p1a: Eelektross\n|-damage|p1a: Eelektross|79\/100 slp\n|-damage|p1a: Eelektross|55\/100 slp\n|-damage|p1a: Eelektross|30\/100 slp\n|-damage|p1a: Eelektross|6\/100 slp\n|-hitcount|p1a: Eelektross|4\n|cant|p1a: Eelektross|slp\n|\n|upkeep\n|turn|11\n|\n|t:|1701216870\n|move|p2a: Breloom|Mach Punch|p1a: Eelektross\n|-damage|p1a: Eelektross|0 fnt\n|faint|p1a: Eelektross\n|\n|upkeep\n|\n|t:|1701216895\n|switch|p1a: Munkidori|Munkidori, M|100\/100\n|-damage|p1a: Munkidori|88\/100|[from] Stealth Rock\n|turn|12\n|\n|t:|1701216901\n|move|p1a: Munkidori|Fake Out|p2a: Breloom\n|-damage|p2a: Breloom|2\/100\n|cant|p2a: Breloom|flinch\n|\n|upkeep\n|turn|13\n|\n|t:|1701216917\n|switch|p1a: Ogerpon|Ogerpon-Cornerstone, F|100\/100\n|-damage|p1a: Ogerpon|88\/100|[from] Stealth Rock\n|switch|p2a: Blissey|Blissey, F|50\/100\n|\n|upkeep\n|turn|14\n|\n|t:|1701216924\n|switch|p1a: Munkidori|Munkidori, M|88\/100\n|-damage|p1a: Munkidori|76\/100|[from] Stealth Rock\n|move|p2a: Blissey|Soft-Boiled|p2a: Blissey\n|-heal|p2a: Blissey|100\/100\n|\n|upkeep\n|turn|15\n|\n|t:|1701216929\n|move|p1a: Munkidori|Fake Out|p2a: Blissey\n|-damage|p2a: Blissey|92\/100\n|-status|p2a: Blissey|tox|[from] ability: Toxic Chain|[of] p1a: Munkidori\n|cant|p2a: Blissey|flinch\n|\n|-damage|p2a: Blissey|86\/100 tox|[from] psn\n|upkeep\n|turn|16\n|\n|t:|1701216933\n|move|p1a: Munkidori|Venoshock|p2a: Blissey\n|-damage|p2a: Blissey|64\/100 tox\n|move|p2a: Blissey|Seismic Toss|p1a: Munkidori\n|-damage|p1a: Munkidori|46\/100\n|\n|-damage|p2a: Blissey|51\/100 tox|[from] psn\n|upkeep\n|turn|17\n|\n|t:|1701216936\n|move|p1a: Munkidori|Focus Blast|p2a: Blissey\n|-supereffective|p2a: Blissey\n|-damage|p2a: Blissey|29\/100 tox\n|-unboost|p2a: Blissey|spd|1\n|move|p2a: Blissey|Seismic Toss|p1a: Munkidori\n|-damage|p1a: Munkidori|16\/100\n|\n|-damage|p2a: Blissey|11\/100 tox|[from] psn\n|upkeep\n|turn|18\n|\n|t:|1701216944\n|move|p1a: Munkidori|Venoshock|p2a: Blissey\n|-damage|p2a: Blissey|0 fnt\n|faint|p2a: Blissey\n|\n|upkeep\n|\n|t:|1701216948\n|switch|p2a: Barraskewda|Barraskewda, F|100\/100\n|turn|19\n|\n|t:|1701216963\n|move|p2a: Barraskewda|Liquidation|p1a: Munkidori\n|-damage|p1a: Munkidori|0 fnt\n|faint|p1a: Munkidori\n|\n|upkeep\n|\n|t:|1701216967\n|switch|p1a: Ogerpon|Ogerpon-Cornerstone, F|88\/100\n|-damage|p1a: Ogerpon|76\/100|[from] Stealth Rock\n|turn|20\n|\n|t:|1701216971\n|move|p1a: Ogerpon|Spiky Shield|p1a: Ogerpon\n|-singleturn|p1a: Ogerpon|move: Protect\n|move|p2a: Barraskewda|Liquidation|p1a: Ogerpon\n|-activate|p1a: Ogerpon|move: Protect\n|-damage|p2a: Barraskewda|88\/100|[from] Spiky Shield|[of] p1a: Ogerpon\n|\n|upkeep\n|turn|21\n|\n|t:|1701216983\n|move|p2a: Barraskewda|Liquidation|p1a: Ogerpon\n|-crit|p1a: Ogerpon\n|-damage|p1a: Ogerpon|0 fnt\n|faint|p1a: Ogerpon\n|\n|upkeep\n|\n|t:|1701216989\n|switch|p1a: Flamigo|Flamigo, F|100\/100\n|-damage|p1a: Flamigo|88\/100|[from] Stealth Rock\n|turn|22\n|\n|t:|1701217000\n|switch|p2a: Breloom|Breloom, M|2\/100\n|move|p1a: Flamigo|Acrobatics|p2a: Breloom\n|-supereffective|p2a: Breloom\n|-damage|p2a: Breloom|0 fnt\n|faint|p2a: Breloom\n|\n|upkeep\n|\n|t:|1701217005\n|switch|p2a: Basculegion|Basculegion-F, F|100\/100\n|turn|23\n|\n|t:|1701217011\n|move|p2a: Basculegion|Ice Beam|p1a: Flamigo\n|-supereffective|p1a: Flamigo\n|-damage|p1a: Flamigo|0 fnt\n|faint|p1a: Flamigo\n|\n|upkeep\n|\n|t:|1701217015\n|switch|p1a: Barraskewda|Barraskewda, M, shiny|100\/100\n|-damage|p1a: Barraskewda|88\/100|[from] Stealth Rock\n|turn|24\n|\n|t:|1701217024\n|switch|p2a: Barraskewda|Barraskewda, F|88\/100\n|move|p1a: Barraskewda|Poison Jab|p2a: Barraskewda\n|-damage|p2a: Barraskewda|36\/100\n|\n|upkeep\n|turn|25\n|\n|t:|1701217029\n|move|p2a: Barraskewda|Close Combat|p1a: Barraskewda\n|-damage|p1a: Barraskewda|0 fnt\n|-unboost|p2a: Barraskewda|def|1\n|-unboost|p2a: Barraskewda|spd|1\n|faint|p1a: Barraskewda\n|\n|win|ay to zee\n|raw|PlainJay's rating: 1000 &rarr; <strong>1000<\/strong><br \/>(+0 for losing)\n|raw|ay to zee's rating: 1046 &rarr; <strong>1075<\/strong><br \/>(+29 for winning)\n|l|\u2606PlainJay\n","uploadtime":1701217046,"views":0,"p1id":"plainjay","p2id":"aytozee","formatid":"gen9ou","rating":1000,"private":0,"password":""}