{"id":"gen9ou-2000470447","p1":"IC1","p2":"Freecex","format":"[Gen 9] OU","log":"|j|\u2606IC1\n|j|\u2606Freecex\n|t:|1701197516\n|gametype|singles\n|player|p1|IC1|firebreather|1145\n|player|p2|Freecex|266|1151\n|teamsize|p1|6\n|teamsize|p2|6\n|gen|9\n|tier|[Gen 9] OU\n|rated|\n|rule|Sleep Clause Mod: Limit one foe put to sleep\n|rule|Species Clause: Limit one of each Pok\u00e9mon\n|rule|OHKO Clause: OHKO moves are banned\n|rule|Evasion Items Clause: Evasion items are banned\n|rule|Evasion Moves Clause: Evasion moves are banned\n|rule|Endless Battle Clause: Forcing endless battles is banned\n|rule|HP Percentage Mod: HP is shown in percentages\n|clearpoke\n|poke|p1|Ogerpon-Wellspring, F|\n|poke|p1|Iron Valiant|\n|poke|p1|Kingambit, M|\n|poke|p1|Cinderace, M|\n|poke|p1|Great Tusk|\n|poke|p1|Dragapult, F|\n|poke|p2|Poliwrath, M|\n|poke|p2|Pelipper, M|\n|poke|p2|Overqwil, F|\n|poke|p2|Rillaboom, F|\n|poke|p2|Iron Treads|\n|poke|p2|Zapdos|\n|teampreview\n|\n|t:|1701197531\n|start\n|switch|p1a: Ogerpon|Ogerpon-Wellspring, F|100\/100\n|switch|p2a: Zapdos|Zapdos|100\/100\n|turn|1\n|\n|t:|1701197546\n|switch|p1a: Cinderace|Cinderace, M|100\/100\n|move|p2a: Zapdos|Hurricane|p1a: Cinderace\n|-damage|p1a: Cinderace|27\/100\n|-start|p1a: Cinderace|confusion\n|\n|upkeep\n|turn|2\n|\n|t:|1701197563\n|-activate|p1a: Cinderace|confusion\n|-damage|p1a: Cinderace|14\/100|[from] confusion\n|move|p2a: Zapdos|Weather Ball|p1a: Cinderace\n|-damage|p1a: Cinderace|0 fnt\n|faint|p1a: Cinderace\n|\n|upkeep\n|\n|t:|1701197584\n|switch|p1a: Dragapult|Dragapult, F|100\/100\n|turn|3\n|\n|t:|1701197591\n|switch|p2a: Pelipper|Pelipper, M|100\/100\n|-weather|RainDance|[from] ability: Drizzle|[of] p2a: Pelipper\n|move|p1a: Dragapult|Shadow Ball|p2a: Pelipper\n|-damage|p2a: Pelipper|42\/100\n|\n|-weather|RainDance|[upkeep]\n|upkeep\n|turn|4\n|\n|t:|1701197599\n|switch|p2a: Overqwil|Overqwil, F|100\/100\n|move|p1a: Dragapult|Shadow Ball|p2a: Overqwil\n|-resisted|p2a: Overqwil\n|-damage|p2a: Overqwil|60\/100\n|\n|-weather|RainDance|[upkeep]\n|upkeep\n|turn|5\n|\n|t:|1701197621\n|switch|p1a: Great Tusk|Great Tusk|100\/100\n|-enditem|p1a: Great Tusk|Booster Energy\n|-activate|p1a: Great Tusk|ability: Protosynthesis|[fromitem]\n|-start|p1a: Great Tusk|protosynthesisatk\n|move|p2a: Overqwil|Crunch|p1a: Great Tusk\n|-resisted|p1a: Great Tusk\n|-damage|p1a: Great Tusk|82\/100\n|-damage|p2a: Overqwil|50\/100|[from] item: Life Orb\n|\n|-weather|RainDance|[upkeep]\n|upkeep\n|turn|6\n|\n|t:|1701197644\n|move|p2a: Overqwil|Liquidation|p1a: Great Tusk\n|-supereffective|p1a: Great Tusk\n|-crit|p1a: Great Tusk\n|-damage|p1a: Great Tusk|0 fnt\n|faint|p1a: Great Tusk\n|-end|p1a: Great Tusk|Protosynthesis|[silent]\n|-damage|p2a: Overqwil|41\/100|[from] item: Life Orb\n|\n|-weather|RainDance|[upkeep]\n|upkeep\n|j| PorterG99\n|c|\u2606Freecex|I dont think crit mattered\n|\n|t:|1701197655\n|switch|p1a: Ogerpon|Ogerpon-Wellspring, F|100\/100\n|turn|7\n|\n|t:|1701197661\n|move|p2a: Overqwil|Gunk Shot|p1a: Ogerpon\n|-supereffective|p1a: Ogerpon\n|-damage|p1a: Ogerpon|0 fnt\n|faint|p1a: Ogerpon\n|-damage|p2a: Overqwil|31\/100|[from] item: Life Orb\n|\n|-weather|RainDance|[upkeep]\n|upkeep\n|c|\u2606IC1|ite\n|c|\u2606IC1|ik\n|\n|t:|1701197668\n|switch|p1a: Kingambit|Kingambit, M|100\/100\n|-activate|p1a: Kingambit|ability: Supreme Overlord\n|-start|p1a: Kingambit|fallen3|[silent]\n|turn|8\n|c|\u2606IC1|im being dumb rn\n|c| PorterG99|damn sweeping with overqwil\n|\n|t:|1701197677\n|-terastallize|p1a: Kingambit|Fairy\n|move|p2a: Overqwil|Liquidation|p1a: Kingambit\n|-damage|p1a: Kingambit|62\/100\n|-damage|p2a: Overqwil|21\/100|[from] item: Life Orb\n|move|p1a: Kingambit|Iron Head|p2a: Overqwil\n|-damage|p2a: Overqwil|0 fnt\n|faint|p2a: Overqwil\n|\n|-weather|RainDance|[upkeep]\n|-heal|p1a: Kingambit|68\/100|[from] item: Leftovers\n|upkeep\n|c|\u2606IC1|sweeping\n|c|\u2606IC1|ur mad\n|c|\u2606Freecex|overqwil op\n|inactive|Battle timer is ON: inactive players will automatically lose when time's up. (requested by IC1)\n|\n|t:|1701197714\n|switch|p2a: Rillaboom|Rillaboom, F|100\/100\n|-fieldstart|move: Grassy Terrain|[from] ability: Grassy Surge|[of] p2a: Rillaboom\n|turn|9\n|\n|t:|1701197724\n|move|p2a: Rillaboom|Grassy Glide|p1a: Kingambit\n|-damage|p1a: Kingambit|27\/100\n|move|p1a: Kingambit|Sucker Punch||[still]\n|-fail|p1a: Kingambit\n|\n|-weather|RainDance|[upkeep]\n|-heal|p1a: Kingambit|33\/100|[from] Grassy Terrain\n|-heal|p1a: Kingambit|39\/100|[from] item: Leftovers\n|upkeep\n|turn|10\n|c|\u2606IC1|fck\n|c| PorterG99|damn\n|\n|t:|1701197737\n|-terastallize|p2a: Rillaboom|Grass\n|move|p2a: Rillaboom|Grassy Glide|p1a: Kingambit\n|-damage|p1a: Kingambit|0 fnt\n|faint|p1a: Kingambit\n|-end|p1a: Kingambit|fallen3|[silent]\n|\n|-weather|none\n|upkeep\n|c|\u2606Freecex|gosh dingly darnit\n|\n|t:|1701197758\n|switch|p1a: Dragapult|Dragapult, F|100\/100\n|turn|11\n|\n|t:|1701197763\n|move|p2a: Rillaboom|Grassy Glide|p1a: Dragapult\n|-resisted|p1a: Dragapult\n|-damage|p1a: Dragapult|47\/100\n|move|p1a: Dragapult|Flamethrower|p2a: Rillaboom\n|-supereffective|p2a: Rillaboom\n|-damage|p2a: Rillaboom|0 fnt\n|faint|p2a: Rillaboom\n|\n|-heal|p1a: Dragapult|53\/100|[from] Grassy Terrain\n|upkeep\n|c|\u2606IC1|ikr\n|\n|t:|1701197774\n|switch|p2a: Pelipper|Pelipper, M|42\/100\n|-weather|RainDance|[from] ability: Drizzle|[of] p2a: Pelipper\n|turn|12\n|\n|t:|1701197787\n|move|p1a: Dragapult|Flamethrower|p2a: Pelipper\n|-resisted|p2a: Pelipper\n|-damage|p2a: Pelipper|32\/100\n|move|p2a: Pelipper|Hurricane|p1a: Dragapult\n|-damage|p1a: Dragapult|6\/100\n|-start|p1a: Dragapult|confusion\n|\n|-weather|RainDance|[upkeep]\n|-heal|p1a: Dragapult|12\/100|[from] Grassy Terrain\n|upkeep\n|turn|13\n|\n|t:|1701197798\n|-activate|p1a: Dragapult|confusion\n|-damage|p1a: Dragapult|0 fnt|[from] confusion\n|faint|p1a: Dragapult\n|move|p2a: Pelipper|U-turn|p1: Dragapult|[notarget]\n|-fail|p2a: Pelipper\n|\n|-weather|RainDance|[upkeep]\n|-fieldend|move: Grassy Terrain\n|upkeep\n|c|\u2606Freecex|bro\n|c|\u2606Freecex|ur luck is actually aweful\n|c|\u2606Freecex|sorry\n|\n|t:|1701197826\n|switch|p1a: Iron Valiant|Iron Valiant|100\/100\n|-enditem|p1a: Iron Valiant|Booster Energy\n|-activate|p1a: Iron Valiant|ability: Quark Drive|[fromitem]\n|-start|p1a: Iron Valiant|quarkdrivespe\n|turn|14\n|c|\u2606IC1|ikr its peek\n|c|\u2606IC1|showdown hates me xd\n|\n|t:|1701197841\n|move|p1a: Iron Valiant|Moonblast|p2a: Pelipper\n|-damage|p2a: Pelipper|0 fnt\n|faint|p2a: Pelipper\n|\n|-weather|RainDance|[upkeep]\n|upkeep\n|c|\u2606Freecex|I think u still win tho\n|\n|t:|1701197851\n|switch|p2a: Zapdos|Zapdos|100\/100\n|turn|15\n|c| PorterG99|yo freecex out of curiosity i kinda wanna battle that team, wanna do battle after\n|\n|t:|1701197857\n|move|p1a: Iron Valiant|Moonblast|p2a: Zapdos\n|-damage|p2a: Zapdos|42\/100\n|-unboost|p2a: Zapdos|spa|1\n|move|p2a: Zapdos|Hurricane|p1a: Iron Valiant\n|-supereffective|p1a: Iron Valiant\n|-damage|p1a: Iron Valiant|0 fnt\n|faint|p1a: Iron Valiant\n|-end|p1a: Iron Valiant|Quark Drive|[silent]\n|\n|win|Freecex\n|raw|IC1's rating: 1145 &rarr; <strong>1120<\/strong><br \/>(-25 for losing)\n|raw|Freecex's rating: 1151 &rarr; <strong>1176<\/strong><br \/>(+25 for winning)\n|c|\u2606Freecex|nah sorry\n|c| PorterG99|k\n|c|\u2606IC1|gg\n|c|\u2606Freecex|im on roblox atm\n|l| PorterG99\n|c|\u2606Freecex|just on this on the side lol\n|c|\u2606Freecex|gg\n|c|\u2606Freecex|have a good one\n|l|\u2606Freecex\n","uploadtime":1701197878,"views":1,"p1id":"ic1","p2id":"freecex","formatid":"gen9ou","rating":1120,"private":0,"password":""}