{"id":"gen9ou-1995759798","p1":"Sleo2123","p2":"LegendaryNinjaDude","format":"[Gen 9] OU","log":"|j|\u2606Sleo2123\n|j|\u2606LegendaryNinjaDude\n|t:|1700600535\n|gametype|singles\n|player|p1|Sleo2123|102|1347\n|player|p2|LegendaryNinjaDude|265|1301\n|teamsize|p1|6\n|teamsize|p2|6\n|gen|9\n|tier|[Gen 9] OU\n|rated|\n|rule|Sleep Clause Mod: Limit one foe put to sleep\n|rule|Species Clause: Limit one of each Pok\u00e9mon\n|rule|OHKO Clause: OHKO moves are banned\n|rule|Evasion Items Clause: Evasion items are banned\n|rule|Evasion Moves Clause: Evasion moves are banned\n|rule|Endless Battle Clause: Forcing endless battles is banned\n|rule|HP Percentage Mod: HP is shown in percentages\n|clearpoke\n|poke|p1|Fezandipiti, M|\n|poke|p1|Ambipom, F|\n|poke|p1|Ogerpon, F|\n|poke|p1|Great Tusk|\n|poke|p1|Cinderace, M|\n|poke|p1|Infernape, F|\n|poke|p2|Toxapex, M|\n|poke|p2|Heatran, F|\n|poke|p2|Torterra, F|\n|poke|p2|Iron Treads|\n|poke|p2|Chandelure, M|\n|poke|p2|Ditto|\n|teampreview\n|inactive|Battle timer is ON: inactive players will automatically lose when time's up. (requested by Sleo2123)\n|\n|t:|1700600555\n|start\n|switch|p1a: Infernape|Infernape, F|100\/100\n|switch|p2a: Toxapex|Toxapex, M|100\/100\n|turn|1\n|\n|t:|1700600563\n|move|p1a: Infernape|Knock Off|p2a: Toxapex\n|-damage|p2a: Toxapex|77\/100\n|-enditem|p2a: Toxapex|Assault Vest|[from] move: Knock Off|[of] p1a: Infernape\n|move|p2a: Toxapex|Surf|p1a: Infernape\n|-supereffective|p1a: Infernape\n|-damage|p1a: Infernape|31\/100\n|\n|upkeep\n|turn|2\n|\n|t:|1700600577\n|switch|p1a: Fezandipiti|Fezandipiti, M|100\/100\n|move|p2a: Toxapex|Sludge Bomb|p1a: Fezandipiti\n|-crit|p1a: Fezandipiti\n|-damage|p1a: Fezandipiti|71\/100\n|\n|-heal|p1a: Fezandipiti|77\/100|[from] item: Black Sludge\n|upkeep\n|turn|3\n|\n|t:|1700600589\n|move|p1a: Fezandipiti|Tail Slap|p2a: Toxapex|[miss]\n|-miss|p1a: Fezandipiti|p2a: Toxapex\n|move|p2a: Toxapex|Infestation|p1a: Fezandipiti\n|-resisted|p1a: Fezandipiti\n|-damage|p1a: Fezandipiti|77\/100\n|-activate|p1a: Fezandipiti|move: Infestation|[of] p2a: Toxapex\n|\n|-heal|p1a: Fezandipiti|83\/100|[from] item: Black Sludge\n|-damage|p1a: Fezandipiti|71\/100|[from] move: Infestation|[partiallytrapped]\n|upkeep\n|turn|4\n|\n|t:|1700600597\n|move|p1a: Fezandipiti|Tail Slap|p2a: Toxapex\n|-damage|p2a: Toxapex|73\/100\n|-damage|p2a: Toxapex|69\/100\n|-hitcount|p2a: Toxapex|2\n|move|p2a: Toxapex|Acid Spray|p1a: Fezandipiti\n|-damage|p1a: Fezandipiti|62\/100\n|-unboost|p1a: Fezandipiti|spd|2\n|\n|-heal|p1a: Fezandipiti|68\/100|[from] item: Black Sludge\n|-damage|p1a: Fezandipiti|56\/100|[from] move: Infestation|[partiallytrapped]\n|upkeep\n|turn|5\n|\n|t:|1700600605\n|move|p1a: Fezandipiti|Sludge Bomb|p2a: Toxapex\n|-resisted|p2a: Toxapex\n|-damage|p2a: Toxapex|61\/100\n|move|p2a: Toxapex|Sludge Bomb|p1a: Fezandipiti\n|-damage|p1a: Fezandipiti|16\/100\n|\n|-heal|p1a: Fezandipiti|22\/100|[from] item: Black Sludge\n|-damage|p1a: Fezandipiti|10\/100|[from] move: Infestation|[partiallytrapped]\n|upkeep\n|turn|6\n|\n|t:|1700600614\n|move|p1a: Fezandipiti|Moonblast|p2a: Toxapex\n|-resisted|p2a: Toxapex\n|-crit|p2a: Toxapex\n|-damage|p2a: Toxapex|48\/100\n|move|p2a: Toxapex|Sludge Bomb|p1a: Fezandipiti\n|-damage|p1a: Fezandipiti|0 fnt\n|faint|p1a: Fezandipiti\n|\n|upkeep\n|\n|t:|1700600623\n|switch|p1a: Ogerpon|Ogerpon, F|100\/100\n|turn|7\n|\n|t:|1700600631\n|move|p1a: Ogerpon|Swords Dance|p1a: Ogerpon\n|-boost|p1a: Ogerpon|atk|2\n|move|p2a: Toxapex|Sludge Bomb|p1a: Ogerpon\n|-supereffective|p1a: Ogerpon\n|-crit|p1a: Ogerpon\n|-damage|p1a: Ogerpon|12\/100\n|-status|p1a: Ogerpon|psn\n|\n|-damage|p1a: Ogerpon|0 fnt|[from] psn\n|faint|p1a: Ogerpon\n|upkeep\n|\n|t:|1700600639\n|switch|p1a: Great Tusk|Great Tusk|100\/100\n|turn|8\n|\n|t:|1700600650\n|switch|p2a: Torterra|Torterra, F|100\/100\n|move|p1a: Great Tusk|Earthquake|p2a: Torterra\n|-resisted|p2a: Torterra\n|-damage|p2a: Torterra|84\/100\n|\n|upkeep\n|turn|9\n|-message|Sleo2123 forfeited.\n|\n|win|LegendaryNinjaDude\n|raw|Sleo2123's rating: 1347 &rarr; <strong>1324<\/strong><br \/>(-23 for losing)\n|raw|LegendaryNinjaDude's rating: 1301 &rarr; <strong>1324<\/strong><br \/>(+23 for winning)\n|l|\u2606Sleo2123\n","uploadtime":1700600672,"views":19,"p1id":"sleo2123","p2id":"legendaryninjadude","formatid":"gen9ou","rating":1324,"private":0,"password":""}