{"id":"gen9ou-1988908420","p1":"Hoyinshuang114","p2":"Lets go swinub","format":"[Gen 9] OU","log":"|j|\u2606Hoyinshuang114\n|j|\u2606Lets go swinub\n|t:|1699785669\n|gametype|singles\n|player|p1|Hoyinshuang114|hilbert|1444\n|player|p2|Lets go swinub|265|1497\n|teamsize|p1|6\n|teamsize|p2|6\n|gen|9\n|tier|[Gen 9] OU\n|rated|\n|rule|Sleep Clause Mod: Limit one foe put to sleep\n|rule|Species Clause: Limit one of each Pok\u00e9mon\n|rule|OHKO Clause: OHKO moves are banned\n|rule|Evasion Items Clause: Evasion items are banned\n|rule|Evasion Moves Clause: Evasion moves are banned\n|rule|Endless Battle Clause: Forcing endless battles is banned\n|rule|HP Percentage Mod: HP is shown in percentages\n|clearpoke\n|poke|p1|Jirachi|\n|poke|p1|Clefable, F|\n|poke|p1|Cramorant, F|\n|poke|p1|Cinderace, F|\n|poke|p1|Mandibuzz, F|\n|poke|p1|Great Tusk|\n|poke|p2|Gardevoir, F|\n|poke|p2|Goodra-Hisui, F|\n|poke|p2|Kommo-o, F|\n|poke|p2|Hoopa-Unbound|\n|poke|p2|Corviknight, F|\n|poke|p2|Ursaluna, F|\n|teampreview\n|inactive|Battle timer is ON: inactive players will automatically lose when time's up. (requested by Hoyinshuang114)\n|\n|t:|1699785694\n|start\n|switch|p1a: Cinderace|Cinderace, F|100\/100\n|switch|p2a: Gardevoir|Gardevoir, F|100\/100\n|-ability|p2a: Gardevoir|Libero|[from] ability: Trace|[of] p1a: Cinderace\n|turn|1\n|\n|t:|1699785699\n|switch|p2a: Kommo-o|Kommo-o, F|100\/100\n|move|p1a: Cinderace|Pyro Ball|p2a: Kommo-o\n|-immune|p2a: Kommo-o|[from] ability: Bulletproof\n|\n|upkeep\n|turn|2\n|\n|t:|1699785710\n|move|p1a: Cinderace|U-turn|p2a: Kommo-o\n|-start|p1a: Cinderace|typechange|Bug|[from] ability: Libero\n|-resisted|p2a: Kommo-o\n|-damage|p2a: Kommo-o|84\/100\n|\n|t:|1699785714\n|switch|p1a: Clefable|Clefable, F|100\/100|[from] U-turn\n|move|p2a: Kommo-o|Clangorous Soul|p2a: Kommo-o\n|-boost|p2a: Kommo-o|atk|1\n|-boost|p2a: Kommo-o|def|1\n|-boost|p2a: Kommo-o|spa|1\n|-boost|p2a: Kommo-o|spd|1\n|-boost|p2a: Kommo-o|spe|1\n|-damage|p2a: Kommo-o|51\/100\n|\n|upkeep\n|turn|3\n|\n|t:|1699785724\n|move|p2a: Kommo-o|Iron Head|p1a: Clefable\n|-supereffective|p1a: Clefable\n|-damage|p1a: Clefable|57\/100\n|cant|p1a: Clefable|flinch\n|\n|-heal|p1a: Clefable|63\/100|[from] item: Leftovers\n|upkeep\n|turn|4\n|\n|t:|1699785731\n|switch|p2a: Goodra|Goodra-Hisui, F|100\/100\n|move|p1a: Clefable|Moonlight|p1a: Clefable\n|-heal|p1a: Clefable|100\/100\n|\n|upkeep\n|turn|5\n|\n|t:|1699785738\n|switch|p1a: Jirachi|Jirachi|100\/100\n|move|p2a: Goodra|Flash Cannon|p1a: Jirachi\n|-resisted|p1a: Jirachi\n|-damage|p1a: Jirachi|91\/100\n|\n|-heal|p1a: Jirachi|97\/100|[from] item: Leftovers\n|upkeep\n|turn|6\n|\n|t:|1699785744\n|move|p1a: Jirachi|Body Slam|p2a: Goodra\n|-resisted|p2a: Goodra\n|-damage|p2a: Goodra|92\/100\n|-status|p2a: Goodra|par\n|move|p2a: Goodra|Earthquake|p1a: Jirachi\n|-supereffective|p1a: Jirachi\n|-damage|p1a: Jirachi|64\/100\n|\n|-heal|p1a: Jirachi|70\/100|[from] item: Leftovers\n|upkeep\n|turn|7\n|\n|t:|1699785751\n|move|p1a: Jirachi|Iron Head|p2a: Goodra\n|-resisted|p2a: Goodra\n|-damage|p2a: Goodra|79\/100 par\n|move|p2a: Goodra|Earthquake|p1a: Jirachi\n|-supereffective|p1a: Jirachi\n|-damage|p1a: Jirachi|33\/100\n|\n|-heal|p1a: Jirachi|39\/100|[from] item: Leftovers\n|upkeep\n|turn|8\n|\n|t:|1699785759\n|move|p1a: Jirachi|Wish|p1a: Jirachi\n|cant|p2a: Goodra|par\n|\n|-heal|p1a: Jirachi|45\/100|[from] item: Leftovers\n|upkeep\n|turn|9\n|\n|t:|1699785767\n|move|p1a: Jirachi|Iron Head|p2a: Goodra\n|-resisted|p2a: Goodra\n|-damage|p2a: Goodra|65\/100 par\n|cant|p2a: Goodra|flinch\n|\n|-heal|p1a: Jirachi|95\/100|[from] move: Wish|[wisher] Jirachi\n|-heal|p1a: Jirachi|100\/100|[from] item: Leftovers\n|upkeep\n|turn|10\n|\n|t:|1699785772\n|move|p1a: Jirachi|Iron Head|p2a: Goodra\n|-resisted|p2a: Goodra\n|-damage|p2a: Goodra|53\/100 par\n|move|p2a: Goodra|Earthquake|p1a: Jirachi\n|-supereffective|p1a: Jirachi\n|-damage|p1a: Jirachi|66\/100\n|\n|-heal|p1a: Jirachi|73\/100|[from] item: Leftovers\n|upkeep\n|turn|11\n|\n|t:|1699785777\n|switch|p2a: Corviknight|Corviknight, F|100\/100\n|-ability|p2a: Corviknight|Pressure\n|move|p1a: Jirachi|Iron Head|p2a: Corviknight\n|-resisted|p2a: Corviknight\n|-damage|p2a: Corviknight|93\/100\n|\n|-heal|p1a: Jirachi|79\/100|[from] item: Leftovers\n|-heal|p2a: Corviknight|99\/100|[from] item: Leftovers\n|upkeep\n|turn|12\n|\n|t:|1699785785\n|move|p1a: Jirachi|Body Slam|p2a: Corviknight\n|-resisted|p2a: Corviknight\n|-damage|p2a: Corviknight|93\/100\n|-status|p2a: Corviknight|par\n|cant|p2a: Corviknight|par\n|\n|-heal|p1a: Jirachi|85\/100|[from] item: Leftovers\n|-heal|p2a: Corviknight|99\/100 par|[from] item: Leftovers\n|upkeep\n|turn|13\n|\n|t:|1699785796\n|move|p1a: Jirachi|Wish|p1a: Jirachi\n|move|p2a: Corviknight|U-turn|p1a: Jirachi\n|-damage|p1a: Jirachi|74\/100\n|\n|t:|1699785811\n|switch|p2a: Ursaluna|Ursaluna, F|100\/100|[from] U-turn\n|\n|-heal|p1a: Jirachi|80\/100|[from] item: Leftovers\n|-status|p2a: Ursaluna|brn|[from] item: Flame Orb\n|upkeep\n|turn|14\n|\n|t:|1699785821\n|switch|p1a: Mandibuzz|Mandibuzz, F|100\/100\n|move|p2a: Ursaluna|Earthquake|p1a: Mandibuzz\n|-immune|p1a: Mandibuzz\n|\n|-damage|p2a: Ursaluna|94\/100 brn|[from] brn\n|upkeep\n|turn|15\n|\n|t:|1699785830\n|switch|p2a: Gardevoir|Gardevoir, F|100\/100\n|-ability|p2a: Gardevoir|Big Pecks|[from] ability: Trace|[of] p1a: Mandibuzz\n|move|p1a: Mandibuzz|Foul Play|p2a: Gardevoir\n|-damage|p2a: Gardevoir|69\/100\n|\n|upkeep\n|turn|16\n|\n|t:|1699785839\n|switch|p1a: Jirachi|Jirachi|80\/100\n|move|p2a: Gardevoir|Moonblast|p1a: Jirachi\n|-resisted|p1a: Jirachi\n|-damage|p1a: Jirachi|66\/100\n|-unboost|p1a: Jirachi|spa|1\n|\n|-heal|p1a: Jirachi|72\/100|[from] item: Leftovers\n|upkeep\n|turn|17\n|\n|t:|1699785858\n|switch|p2a: Ursaluna|Ursaluna, F|94\/100 brn\n|switch|p1a: Cecile|Cramorant, F|100\/100\n|\n|-damage|p2a: Ursaluna|88\/100 brn|[from] brn\n|upkeep\n|turn|18\n|\n|t:|1699785867\n|switch|p2a: Goodra|Goodra-Hisui, F|53\/100 par\n|move|p1a: Cecile|Surf|p2a: Goodra\n|-formechange|p1a: Cecile|Cramorant-Gulping|\n|-resisted|p2a: Goodra\n|-damage|p2a: Goodra|47\/100 par\n|\n|upkeep\n|turn|19\n|\n|t:|1699785876\n|switch|p1a: Jirachi|Jirachi|72\/100\n|move|p2a: Goodra|Thunderbolt|p1a: Jirachi\n|-damage|p1a: Jirachi|58\/100\n|\n|-heal|p1a: Jirachi|64\/100|[from] item: Leftovers\n|upkeep\n|turn|20\n|\n|t:|1699785883\n|switch|p2a: Corviknight|Corviknight, F|99\/100 par\n|-ability|p2a: Corviknight|Pressure\n|move|p1a: Jirachi|Wish|p1a: Jirachi\n|\n|-heal|p1a: Jirachi|70\/100|[from] item: Leftovers\n|-heal|p2a: Corviknight|100\/100 par|[from] item: Leftovers\n|upkeep\n|turn|21\n|\n|t:|1699785891\n|switch|p1a: Cecile|Cramorant, F|100\/100\n|move|p2a: Corviknight|U-turn|p1a: Cecile\n|-resisted|p1a: Cecile\n|-damage|p1a: Cecile|86\/100\n|\n|t:|1699785907\n|switch|p2a: Goodra|Goodra-Hisui, F|47\/100 par|[from] U-turn\n|\n|-heal|p1a: Cecile|100\/100|[from] move: Wish|[wisher] Jirachi\n|upkeep\n|turn|22\n|\n|t:|1699785913\n|switch|p1a: Jirachi|Jirachi|70\/100\n|cant|p2a: Goodra|par\n|\n|-heal|p1a: Jirachi|76\/100|[from] item: Leftovers\n|upkeep\n|turn|23\n|\n|t:|1699785919\n|switch|p2a: Corviknight|Corviknight, F|100\/100 par\n|-ability|p2a: Corviknight|Pressure\n|move|p1a: Jirachi|Wish|p1a: Jirachi\n|\n|-heal|p1a: Jirachi|82\/100|[from] item: Leftovers\n|upkeep\n|turn|24\n|\n|t:|1699785927\n|switch|p1a: Cecile|Cramorant, F|100\/100\n|move|p2a: Corviknight|U-turn|p1a: Cecile\n|-resisted|p1a: Cecile\n|-damage|p1a: Cecile|86\/100\n|\n|t:|1699785934\n|switch|p2a: Goodra|Goodra-Hisui, F|47\/100 par|[from] U-turn\n|\n|-heal|p1a: Cecile|100\/100|[from] move: Wish|[wisher] Jirachi\n|upkeep\n|turn|25\n|\n|t:|1699785938\n|switch|p1a: Jirachi|Jirachi|82\/100\n|move|p2a: Goodra|Thunderbolt|p1a: Jirachi\n|-damage|p1a: Jirachi|68\/100\n|\n|-heal|p1a: Jirachi|74\/100|[from] item: Leftovers\n|upkeep\n|turn|26\n|\n|t:|1699785948\n|switch|p1a: Great Tusk|Great Tusk|100\/100\n|switch|p2a: Corviknight|Corviknight, F|100\/100 par\n|-ability|p2a: Corviknight|Pressure\n|\n|upkeep\n|turn|27\n|\n|t:|1699785958\n|move|p1a: Great Tusk|Substitute|p1a: Great Tusk\n|-start|p1a: Great Tusk|Substitute\n|-damage|p1a: Great Tusk|76\/100\n|move|p2a: Corviknight|Brave Bird|p1a: Great Tusk\n|-supereffective|p1a: Great Tusk\n|-end|p1a: Great Tusk|Substitute\n|-damage|p2a: Corviknight|91\/100 par|[from] Recoil|[of] p1a: Great Tusk\n|\n|-heal|p1a: Great Tusk|82\/100|[from] item: Leftovers\n|-heal|p2a: Corviknight|98\/100 par|[from] item: Leftovers\n|upkeep\n|turn|28\n|\n|t:|1699785973\n|-end|p1a: Great Tusk|Protosynthesis|[silent]\n|switch|p1a: Jirachi|Jirachi|74\/100\n|cant|p2a: Corviknight|par\n|\n|-heal|p1a: Jirachi|80\/100|[from] item: Leftovers\n|-heal|p2a: Corviknight|100\/100 par|[from] item: Leftovers\n|upkeep\n|turn|29\n|\n|t:|1699785977\n|move|p1a: Jirachi|Iron Head|p2a: Corviknight\n|-resisted|p2a: Corviknight\n|-damage|p2a: Corviknight|92\/100 par\n|cant|p2a: Corviknight|flinch\n|\n|-heal|p1a: Jirachi|86\/100|[from] item: Leftovers\n|-heal|p2a: Corviknight|98\/100 par|[from] item: Leftovers\n|upkeep\n|turn|30\n|\n|t:|1699785984\n|move|p1a: Jirachi|Wish|p1a: Jirachi\n|move|p2a: Corviknight|U-turn|p1a: Jirachi\n|-damage|p1a: Jirachi|74\/100\n|\n|t:|1699785999\n|switch|p2a: Goodra|Goodra-Hisui, F|47\/100 par|[from] U-turn\n|\n|-heal|p1a: Jirachi|80\/100|[from] item: Leftovers\n|upkeep\n|turn|31\n|\n|t:|1699786005\n|switch|p2a: Corviknight|Corviknight, F|98\/100 par\n|-ability|p2a: Corviknight|Pressure\n|move|p1a: Jirachi|Iron Head|p2a: Corviknight\n|-resisted|p2a: Corviknight\n|-damage|p2a: Corviknight|90\/100 par\n|\n|-heal|p1a: Jirachi|100\/100|[from] move: Wish|[wisher] Jirachi\n|-heal|p2a: Corviknight|96\/100 par|[from] item: Leftovers\n|upkeep\n|turn|32\n|\n|t:|1699786020\n|switch|p1a: Great Tusk|Great Tusk|82\/100\n|move|p2a: Corviknight|Brave Bird|p1a: Great Tusk\n|-supereffective|p1a: Great Tusk\n|-damage|p1a: Great Tusk|36\/100\n|-damage|p2a: Corviknight|80\/100 par|[from] Recoil\n|\n|-heal|p1a: Great Tusk|42\/100|[from] item: Leftovers\n|-heal|p2a: Corviknight|86\/100 par|[from] item: Leftovers\n|upkeep\n|turn|33\n|\n|t:|1699786030\n|-end|p1a: Great Tusk|Protosynthesis|[silent]\n|switch|p1a: Jirachi|Jirachi|100\/100\n|move|p2a: Corviknight|Brave Bird|p1a: Jirachi\n|-resisted|p1a: Jirachi\n|-damage|p1a: Jirachi|86\/100\n|-damage|p2a: Corviknight|81\/100 par|[from] Recoil\n|\n|-heal|p1a: Jirachi|92\/100|[from] item: Leftovers\n|-heal|p2a: Corviknight|87\/100 par|[from] item: Leftovers\n|upkeep\n|turn|34\n|\n|t:|1699786040\n|move|p1a: Jirachi|Wish|p1a: Jirachi\n|move|p2a: Corviknight|Defog|p1a: Jirachi\n|-unboost|p1a: Jirachi|evasion|1\n|\n|-heal|p1a: Jirachi|98\/100|[from] item: Leftovers\n|-heal|p2a: Corviknight|94\/100 par|[from] item: Leftovers\n|upkeep\n|turn|35\n|\n|t:|1699786047\n|switch|p1a: Great Tusk|Great Tusk|42\/100\n|cant|p2a: Corviknight|par\n|\n|-heal|p1a: Great Tusk|89\/100|[from] move: Wish|[wisher] Jirachi\n|-heal|p1a: Great Tusk|95\/100|[from] item: Leftovers\n|-heal|p2a: Corviknight|99\/100 par|[from] item: Leftovers\n|upkeep\n|turn|36\n|\n|t:|1699786056\n|-end|p1a: Great Tusk|Protosynthesis|[silent]\n|switch|p1a: Cecile|Cramorant, F|100\/100\n|move|p2a: Corviknight|Brave Bird|p1a: Cecile\n|-damage|p1a: Cecile|25\/100\n|-damage|p2a: Corviknight|82\/100 par|[from] Recoil\n|\n|-heal|p2a: Corviknight|89\/100 par|[from] item: Leftovers\n|upkeep\n|turn|37\n|-enditem|p1a: Cecile|Custap Berry|[eat]\n|-activate|p1a: Cecile|item: Custap Berry|[consumed]\n|\n|t:|1699786066\n|move|p1a: Cecile|Surf|p2a: Corviknight\n|-formechange|p1a: Cecile|Cramorant-Gorging|\n|-damage|p2a: Corviknight|52\/100 par\n|move|p2a: Corviknight|Brave Bird|p1a: Cecile\n|-damage|p1a: Cecile|0 fnt\n|-damage|p2a: Corviknight|27\/100 par|[from] ability: Gulp Missile|[of] p1a: Cecile\n|-formechange|p1a: Cecile|Cramorant|\n|faint|p1a: Cecile\n|-damage|p2a: Corviknight|21\/100 par|[from] Recoil\n|\n|-heal|p2a: Corviknight|27\/100 par|[from] item: Leftovers\n|upkeep\n|\n|t:|1699786078\n|switch|p1a: Cinderace|Cinderace, F|100\/100\n|turn|38\n|\n|t:|1699786081\n|switch|p2a: Kommo-o|Kommo-o, F|51\/100\n|move|p1a: Cinderace|Pyro Ball|p2a: Kommo-o\n|-immune|p2a: Kommo-o|[from] ability: Bulletproof\n|\n|upkeep\n|turn|39\n|\n|t:|1699786089\n|move|p1a: Cinderace|U-turn|p2a: Kommo-o\n|-start|p1a: Cinderace|typechange|Bug|[from] ability: Libero\n|-resisted|p2a: Kommo-o\n|-damage|p2a: Kommo-o|34\/100\n|-enditem|p2a: Kommo-o|Sitrus Berry|[eat]\n|-heal|p2a: Kommo-o|59\/100|[from] item: Sitrus Berry\n|\n|t:|1699786093\n|switch|p1a: Clefable|Clefable, F|100\/100|[from] U-turn\n|move|p2a: Kommo-o|Clangorous Soul|p2a: Kommo-o\n|-boost|p2a: Kommo-o|atk|1\n|-boost|p2a: Kommo-o|def|1\n|-boost|p2a: Kommo-o|spa|1\n|-boost|p2a: Kommo-o|spd|1\n|-boost|p2a: Kommo-o|spe|1\n|-damage|p2a: Kommo-o|26\/100\n|\n|upkeep\n|turn|40\n|\n|t:|1699786105\n|move|p2a: Kommo-o|Iron Head|p1a: Clefable\n|-supereffective|p1a: Clefable\n|-damage|p1a: Clefable|61\/100\n|cant|p1a: Clefable|flinch\n|\n|-heal|p1a: Clefable|68\/100|[from] item: Leftovers\n|upkeep\n|turn|41\n|\n|t:|1699786119\n|-terastallize|p2a: Kommo-o|Steel\n|-terastallize|p1a: Clefable|Poison\n|move|p2a: Kommo-o|Iron Head|p1a: Clefable\n|-damage|p1a: Clefable|38\/100\n|move|p1a: Clefable|Moonlight|p1a: Clefable\n|-heal|p1a: Clefable|88\/100\n|\n|-heal|p1a: Clefable|94\/100|[from] item: Leftovers\n|upkeep\n|turn|42\n|\n|t:|1699786128\n|move|p2a: Kommo-o|Earthquake|p1a: Clefable\n|-supereffective|p1a: Clefable\n|-damage|p1a: Clefable|48\/100\n|move|p1a: Clefable|Cosmic Power|p1a: Clefable\n|-boost|p1a: Clefable|def|1\n|-boost|p1a: Clefable|spd|1\n|\n|-heal|p1a: Clefable|54\/100|[from] item: Leftovers\n|upkeep\n|turn|43\n|\n|t:|1699786133\n|move|p2a: Kommo-o|Earthquake|p1a: Clefable\n|-supereffective|p1a: Clefable\n|-damage|p1a: Clefable|19\/100\n|move|p1a: Clefable|Moonlight|p1a: Clefable\n|-heal|p1a: Clefable|69\/100\n|\n|-heal|p1a: Clefable|75\/100|[from] item: Leftovers\n|upkeep\n|turn|44\n|\n|t:|1699786140\n|switch|p1a: Mandibuzz|Mandibuzz, F|100\/100\n|move|p2a: Kommo-o|Earthquake|p1a: Mandibuzz\n|-immune|p1a: Mandibuzz\n|\n|upkeep\n|turn|45\n|\n|t:|1699786145\n|move|p2a: Kommo-o|Drain Punch|p1a: Mandibuzz\n|-damage|p1a: Mandibuzz|70\/100\n|-heal|p2a: Kommo-o|48\/100|[from] drain|[of] p1a: Mandibuzz\n|move|p1a: Mandibuzz|U-turn|p2a: Kommo-o\n|-resisted|p2a: Kommo-o\n|-damage|p2a: Kommo-o|44\/100\n|\n|t:|1699786148\n|switch|p1a: Cinderace|Cinderace, F|100\/100|[from] U-turn\n|\n|upkeep\n|turn|46\n|\n|t:|1699786157\n|move|p1a: Cinderace|Sucker Punch|p2a: Kommo-o\n|-start|p1a: Cinderace|typechange|Dark|[from] ability: Libero\n|-damage|p2a: Kommo-o|23\/100\n|move|p2a: Kommo-o|Drain Punch|p1a: Cinderace\n|-supereffective|p1a: Cinderace\n|-damage|p1a: Cinderace|0 fnt\n|-heal|p2a: Kommo-o|75\/100|[from] drain|[of] p1a: Cinderace\n|faint|p1a: Cinderace\n|\n|upkeep\n|\n|t:|1699786167\n|switch|p1a: Great Tusk|Great Tusk|95\/100\n|turn|47\n|\n|t:|1699786173\n|move|p2a: Kommo-o|Drain Punch|p1a: Great Tusk\n|-damage|p1a: Great Tusk|62\/100\n|-heal|p2a: Kommo-o|99\/100|[from] drain|[of] p1a: Great Tusk\n|move|p1a: Great Tusk|Earthquake|p2a: Kommo-o\n|-supereffective|p2a: Kommo-o\n|-crit|p2a: Kommo-o\n|-damage|p2a: Kommo-o|0 fnt\n|faint|p2a: Kommo-o\n|\n|-heal|p1a: Great Tusk|68\/100|[from] item: Leftovers\n|upkeep\n|\n|t:|1699786192\n|switch|p2a: Gardevoir|Gardevoir, F|69\/100\n|turn|48\n|\n|t:|1699786196\n|-end|p1a: Great Tusk|Protosynthesis|[silent]\n|switch|p1a: Jirachi|Jirachi|98\/100\n|-ability|p2a: Gardevoir|Serene Grace|[from] ability: Trace|[of] p1a: Jirachi\n|move|p2a: Gardevoir|Moonblast|p1a: Jirachi\n|-resisted|p1a: Jirachi\n|-damage|p1a: Jirachi|83\/100\n|\n|-heal|p1a: Jirachi|89\/100|[from] item: Leftovers\n|upkeep\n|turn|49\n|\n|t:|1699786206\n|switch|p2a: Corviknight|Corviknight, F|27\/100 par\n|-ability|p2a: Corviknight|Pressure\n|switch|p1a: Clefable|Clefable, F, tera:Poison|75\/100\n|\n|-heal|p1a: Clefable|81\/100|[from] item: Leftovers\n|-heal|p2a: Corviknight|33\/100 par|[from] item: Leftovers\n|upkeep\n|turn|50\n|\n|t:|1699786217\n|move|p1a: Clefable|Cosmic Power|p1a: Clefable\n|-boost|p1a: Clefable|def|1\n|-boost|p1a: Clefable|spd|1\n|cant|p2a: Corviknight|par\n|\n|-heal|p1a: Clefable|88\/100|[from] item: Leftovers\n|-heal|p2a: Corviknight|40\/100 par|[from] item: Leftovers\n|upkeep\n|turn|51\n|\n|t:|1699786222\n|move|p1a: Clefable|Cosmic Power|p1a: Clefable\n|-boost|p1a: Clefable|def|1\n|-boost|p1a: Clefable|spd|1\n|move|p2a: Corviknight|U-turn|p1a: Clefable\n|-resisted|p1a: Clefable\n|-crit|p1a: Clefable\n|-damage|p1a: Clefable|78\/100\n|\n|t:|1699786228\n|switch|p2a: Gardevoir|Gardevoir, F|69\/100|[from] U-turn\n|-ability|p2a: Gardevoir|Unaware|[from] ability: Trace|[of] p1a: Clefable\n|\n|-heal|p1a: Clefable|84\/100|[from] item: Leftovers\n|upkeep\n|turn|52\n|\n|t:|1699786239\n|move|p2a: Gardevoir|Trick|p1a: Clefable\n|-activate|p2a: Gardevoir|move: Trick|[of] p1a: Clefable\n|-item|p1a: Clefable|Choice Scarf|[from] move: Trick\n|-item|p2a: Gardevoir|Leftovers|[from] move: Trick\n|move|p1a: Clefable|Stored Power|p2a: Gardevoir\n|-resisted|p2a: Gardevoir\n|-damage|p2a: Gardevoir|57\/100\n|\n|-heal|p2a: Gardevoir|63\/100|[from] item: Leftovers\n|upkeep\n|turn|53\n|\n|t:|1699786249\n|switch|p1a: Jirachi|Jirachi|89\/100\n|move|p2a: Gardevoir|Psyshock|p1a: Jirachi\n|-resisted|p1a: Jirachi\n|-damage|p1a: Jirachi|81\/100\n|\n|-heal|p2a: Gardevoir|69\/100|[from] item: Leftovers\n|-heal|p1a: Jirachi|87\/100|[from] item: Leftovers\n|upkeep\n|turn|54\n|\n|t:|1699786257\n|switch|p2a: Corviknight|Corviknight, F|40\/100 par\n|-ability|p2a: Corviknight|Pressure\n|switch|p1a: Clefable|Clefable, F, tera:Poison|84\/100\n|\n|-heal|p2a: Corviknight|46\/100 par|[from] item: Leftovers\n|upkeep\n|turn|55\n|\n|t:|1699786267\n|move|p1a: Clefable|Charge Beam|p2a: Corviknight\n|-supereffective|p2a: Corviknight\n|-damage|p2a: Corviknight|25\/100 par\n|-boost|p1a: Clefable|spa|1\n|cant|p2a: Corviknight|par\n|\n|-heal|p2a: Corviknight|32\/100 par|[from] item: Leftovers\n|upkeep\n|turn|56\n|\n|t:|1699786278\n|switch|p1a: Great Tusk|Great Tusk|68\/100\n|switch|p2a: Ursaluna|Ursaluna, F|88\/100 brn\n|\n|-heal|p1a: Great Tusk|75\/100|[from] item: Leftovers\n|-damage|p2a: Ursaluna|82\/100 brn|[from] brn\n|upkeep\n|turn|57\n|\n|t:|1699786296\n|move|p1a: Great Tusk|Ice Spinner|p2a: Ursaluna\n|-supereffective|p2a: Ursaluna\n|-damage|p2a: Ursaluna|51\/100 brn\n|move|p2a: Ursaluna|Facade|p1a: Great Tusk\n|-damage|p1a: Great Tusk|0 fnt\n|faint|p1a: Great Tusk\n|-end|p1a: Great Tusk|Protosynthesis|[silent]\n|\n|-damage|p2a: Ursaluna|45\/100 brn|[from] brn\n|upkeep\n|\n|t:|1699786303\n|switch|p1a: Mandibuzz|Mandibuzz, F|70\/100\n|turn|58\n|\n|t:|1699786318\n|switch|p2a: Goodra|Goodra-Hisui, F|47\/100 par\n|move|p1a: Mandibuzz|Foul Play|p2a: Goodra\n|-damage|p2a: Goodra|20\/100 par\n|\n|upkeep\n|turn|59\n|\n|t:|1699786326\n|move|p1a: Mandibuzz|Foul Play|p2a: Goodra\n|-damage|p2a: Goodra|0 fnt\n|faint|p2a: Goodra\n|\n|upkeep\n|\n|t:|1699786327\n|switch|p2a: Corviknight|Corviknight, F|32\/100 par\n|-ability|p2a: Corviknight|Pressure\n|turn|60\n|\n|t:|1699786330\n|move|p1a: Mandibuzz|Foul Play|p2a: Corviknight\n|-damage|p2a: Corviknight|16\/100 par\n|move|p2a: Corviknight|Roost|p2a: Corviknight\n|-heal|p2a: Corviknight|66\/100 par\n|-singleturn|p2a: Corviknight|move: Roost\n|\n|-heal|p2a: Corviknight|72\/100 par|[from] item: Leftovers\n|upkeep\n|turn|61\n|\n|t:|1699786339\n|move|p1a: Mandibuzz|U-turn|p2a: Corviknight\n|-resisted|p2a: Corviknight\n|-damage|p2a: Corviknight|70\/100 par\n|\n|t:|1699786341\n|switch|p1a: Clefable|Clefable, F, tera:Poison|84\/100|[from] U-turn\n|move|p2a: Corviknight|Brave Bird|p1a: Clefable\n|-damage|p1a: Clefable|54\/100\n|-damage|p2a: Corviknight|61\/100 par|[from] Recoil\n|\n|-heal|p2a: Corviknight|67\/100 par|[from] item: Leftovers\n|upkeep\n|turn|62\n|\n|t:|1699786350\n|switch|p2a: Ursaluna|Ursaluna, F|45\/100 brn\n|move|p1a: Clefable|Moonlight|p1a: Clefable\n|-heal|p1a: Clefable|100\/100\n|\n|-damage|p2a: Ursaluna|39\/100 brn|[from] brn\n|upkeep\n|turn|63\n|\n|t:|1699786357\n|switch|p1a: Mandibuzz|Mandibuzz, F|70\/100\n|move|p2a: Ursaluna|Facade|p1a: Mandibuzz\n|-damage|p1a: Mandibuzz|0 fnt\n|faint|p1a: Mandibuzz\n|\n|-damage|p2a: Ursaluna|32\/100 brn|[from] brn\n|upkeep\n|\n|t:|1699786359\n|switch|p1a: Jirachi|Jirachi|87\/100\n|turn|64\n|\n|t:|1699786369\n|switch|p2a: Corviknight|Corviknight, F|67\/100 par\n|-ability|p2a: Corviknight|Pressure\n|move|p1a: Jirachi|Iron Head|p2a: Corviknight\n|-resisted|p2a: Corviknight\n|-damage|p2a: Corviknight|59\/100 par\n|\n|-heal|p1a: Jirachi|93\/100|[from] item: Leftovers\n|-heal|p2a: Corviknight|65\/100 par|[from] item: Leftovers\n|upkeep\n|turn|65\n|-message|Hoyinshuang114 forfeited.\n|\n|win|Lets go swinub\n|raw|Hoyinshuang114's rating: 1444 &rarr; <strong>1427<\/strong><br \/>(-17 for losing)\n|raw|Lets go swinub's rating: 1497 &rarr; <strong>1514<\/strong><br \/>(+17 for winning)\n|l|\u2606Hoyinshuang114\n","uploadtime":1699786399,"views":9,"p1id":"hoyinshuang114","p2id":"letsgoswinub","formatid":"gen9ou","rating":1427,"private":0,"password":""}