{"id":"gen9ou-1988950725","p1":"agency paid actor","p2":"pecurto23","format":"[Gen 9] OU","log":"|j|\u2606agency paid actor\n|j|\u2606pecurto23\n|t:|1699793343\n|gametype|singles\n|player|p1|agency paid actor|rocketgruntf|1626\n|player|p2|pecurto23|rosa|1713\n|teamsize|p1|6\n|teamsize|p2|6\n|gen|9\n|tier|[Gen 9] OU\n|rated|\n|rule|Sleep Clause Mod: Limit one foe put to sleep\n|rule|Species Clause: Limit one of each Pok\u00e9mon\n|rule|OHKO Clause: OHKO moves are banned\n|rule|Evasion Items Clause: Evasion items are banned\n|rule|Evasion Moves Clause: Evasion moves are banned\n|rule|Endless Battle Clause: Forcing endless battles is banned\n|rule|HP Percentage Mod: HP is shown in percentages\n|clearpoke\n|poke|p1|Glimmora, M|\n|poke|p1|Magnezone|\n|poke|p1|Iron Leaves|\n|poke|p1|Iron Valiant|\n|poke|p1|Landorus-Therian, M|\n|poke|p1|Dragonite, F|\n|poke|p2|Rillaboom, F|\n|poke|p2|Sneasler, F|\n|poke|p2|Zamazenta-*|\n|poke|p2|Manaphy|\n|poke|p2|Heatran, F|\n|poke|p2|Hatterene, F|\n|teampreview\n|inactive|Battle timer is ON: inactive players will automatically lose when time's up. (requested by agency paid actor)\n|c|\u2606pecurto23|damn round 3\n|\n|t:|1699793368\n|start\n|switch|p1a: Magnezone|Magnezone|100\/100\n|switch|p2a: Rillaboom|Rillaboom, F|100\/100\n|-fieldstart|move: Grassy Terrain|[from] ability: Grassy Surge|[of] p2a: Rillaboom\n|turn|1\n|\n|t:|1699793377\n|move|p1a: Magnezone|Flash Cannon|p2a: Rillaboom\n|-damage|p2a: Rillaboom|22\/100\n|move|p2a: Rillaboom|U-turn|p1a: Magnezone\n|-resisted|p1a: Magnezone\n|-damage|p1a: Magnezone|79\/100\n|\n|t:|1699793380\n|switch|p2a: Heatran|Heatran, F|100\/100|[from] U-turn\n|-item|p2a: Heatran|Air Balloon\n|\n|-heal|p1a: Magnezone|85\/100|[from] Grassy Terrain\n|upkeep\n|turn|2\n|\n|t:|1699793385\n|switch|p1a: Glimmora|Glimmora, M|100\/100\n|move|p2a: Heatran|Earth Power|p1a: Glimmora\n|-supereffective|p1a: Glimmora\n|-enditem|p1a: Glimmora|Focus Sash\n|-damage|p1a: Glimmora|1\/100\n|\n|-heal|p1a: Glimmora|7\/100|[from] Grassy Terrain\n|upkeep\n|turn|3\n|\n|t:|1699793400\n|move|p1a: Glimmora|Stealth Rock|p2a: Heatran\n|-sidestart|p2: pecurto23|move: Stealth Rock\n|move|p2a: Heatran|Earth Power|p1a: Glimmora\n|-supereffective|p1a: Glimmora\n|-damage|p1a: Glimmora|0 fnt\n|faint|p1a: Glimmora\n|\n|upkeep\n|\n|t:|1699793407\n|switch|p1a: Landorus|Landorus-Therian, M|100\/100\n|-ability|p1a: Landorus|Intimidate|boost\n|-unboost|p2a: Heatran|atk|1\n|turn|4\n|\n|t:|1699793412\n|move|p1a: Landorus|U-turn|p2a: Heatran\n|-resisted|p2a: Heatran\n|-damage|p2a: Heatran|95\/100\n|-enditem|p2a: Heatran|Air Balloon\n|\n|t:|1699793415\n|switch|p1a: Iron Valiant|Iron Valiant|100\/100|[from] U-turn\n|-enditem|p1a: Iron Valiant|Booster Energy\n|-activate|p1a: Iron Valiant|ability: Quark Drive|[fromitem]\n|-start|p1a: Iron Valiant|quarkdrivespe\n|move|p2a: Heatran|Magma Storm|p1a: Iron Valiant\n|-damage|p1a: Iron Valiant|15\/100\n|-activate|p1a: Iron Valiant|move: Magma Storm|[of] p2a: Heatran\n|\n|-heal|p1a: Iron Valiant|22\/100|[from] Grassy Terrain\n|-heal|p2a: Heatran|100\/100|[from] Grassy Terrain\n|-damage|p1a: Iron Valiant|9\/100|[from] move: Magma Storm|[partiallytrapped]\n|upkeep\n|turn|5\n|\n|t:|1699793433\n|switch|p2a: Sneasler|Sneasler, F|100\/100\n|-damage|p2a: Sneasler|94\/100|[from] Stealth Rock\n|-enditem|p2a: Sneasler|Grassy Seed\n|-boost|p2a: Sneasler|def|1|[from] item: Grassy Seed\n|move|p1a: Iron Valiant|Close Combat|p2a: Sneasler\n|-resisted|p2a: Sneasler\n|-damage|p2a: Sneasler|69\/100\n|-unboost|p1a: Iron Valiant|def|1\n|-unboost|p1a: Iron Valiant|spd|1\n|\n|-heal|p2a: Sneasler|75\/100|[from] Grassy Terrain\n|-heal|p1a: Iron Valiant|15\/100|[from] Grassy Terrain\n|-end|p1a: Iron Valiant|Magma Storm|[partiallytrapped]|[silent]\n|-fieldend|move: Grassy Terrain\n|upkeep\n|turn|6\n|j| banupx7\n|\n|t:|1699793450\n|move|p2a: Sneasler|Dire Claw|p1a: Iron Valiant\n|-supereffective|p1a: Iron Valiant\n|-damage|p1a: Iron Valiant|0 fnt\n|faint|p1a: Iron Valiant\n|-end|p1a: Iron Valiant|Quark Drive|[silent]\n|\n|upkeep\n|\n|t:|1699793452\n|switch|p1a: Dragonite|Dragonite, F|100\/100\n|turn|7\n|\n|t:|1699793455\n|move|p2a: Sneasler|Dire Claw|p1a: Dragonite\n|-damage|p1a: Dragonite|75\/100\n|move|p1a: Dragonite|Earthquake|p2a: Sneasler\n|-supereffective|p2a: Sneasler\n|-damage|p2a: Sneasler|0 fnt\n|faint|p2a: Sneasler\n|\n|upkeep\n|\n|t:|1699793462\n|switch|p2a: Rillaboom|Rillaboom, F|22\/100\n|-damage|p2a: Rillaboom|10\/100|[from] Stealth Rock\n|-fieldstart|move: Grassy Terrain|[from] ability: Grassy Surge|[of] p2a: Rillaboom\n|turn|8\n|\n|t:|1699793473\n|switch|p2a: Zamazenta|Zamazenta, shiny|100\/100\n|-damage|p2a: Zamazenta|94\/100|[from] Stealth Rock\n|-ability|p2a: Zamazenta|Dauntless Shield|boost\n|-boost|p2a: Zamazenta|def|1\n|move|p1a: Dragonite|Extreme Speed|p2a: Zamazenta\n|-damage|p2a: Zamazenta|80\/100\n|\n|-heal|p2a: Zamazenta|87\/100|[from] Grassy Terrain\n|-heal|p2a: Zamazenta|93\/100|[from] item: Leftovers\n|upkeep\n|turn|9\n|j| BestChad\n|inactive|agency paid actor has 120 seconds left.\n|inactive|agency paid actor has 90 seconds left.\n|\n|t:|1699793540\n|switch|p1a: Magnezone|Magnezone|85\/100\n|move|p2a: Zamazenta|Iron Defense|p2a: Zamazenta\n|-boost|p2a: Zamazenta|def|2\n|\n|-heal|p2a: Zamazenta|99\/100|[from] Grassy Terrain\n|-heal|p2a: Zamazenta|100\/100|[from] item: Leftovers\n|-heal|p1a: Magnezone|91\/100|[from] Grassy Terrain\n|upkeep\n|turn|10\n|\n|t:|1699793551\n|-terastallize|p1a: Magnezone|Fairy\n|move|p2a: Zamazenta|Body Press|p1a: Magnezone\n|-resisted|p1a: Magnezone\n|-damage|p1a: Magnezone|41\/100\n|move|p1a: Magnezone|Tera Blast|p2a: Zamazenta|[anim] Tera Blast Fairy\n|-supereffective|p2a: Zamazenta\n|-damage|p2a: Zamazenta|0 fnt\n|faint|p2a: Zamazenta\n|\n|-heal|p1a: Magnezone|47\/100|[from] Grassy Terrain\n|upkeep\n|\n|t:|1699793564\n|switch|p2a: Heatran|Heatran, F|100\/100\n|-damage|p2a: Heatran|88\/100|[from] Stealth Rock\n|turn|11\n|\n|t:|1699793574\n|switch|p1a: Landorus|Landorus-Therian, M|100\/100\n|-ability|p1a: Landorus|Intimidate|boost\n|-unboost|p2a: Heatran|atk|1\n|move|p2a: Heatran|Magma Storm|p1a: Landorus\n|-damage|p1a: Landorus|39\/100\n|-activate|p1a: Landorus|move: Magma Storm|[of] p2a: Heatran\n|\n|-heal|p2a: Heatran|94\/100|[from] Grassy Terrain\n|-damage|p1a: Landorus|27\/100|[from] move: Magma Storm|[partiallytrapped]\n|upkeep\n|turn|12\n|\n|t:|1699793578\n|switch|p2a: Hatterene|Hatterene, F, shiny|100\/100\n|-damage|p2a: Hatterene|88\/100|[from] Stealth Rock\n|-enditem|p2a: Hatterene|Grassy Seed\n|-boost|p2a: Hatterene|def|1|[from] item: Grassy Seed\n|move|p1a: Landorus|Earthquake|p2a: Hatterene\n|-damage|p2a: Hatterene|71\/100\n|\n|-heal|p2a: Hatterene|77\/100|[from] Grassy Terrain\n|-end|p1a: Landorus|Magma Storm|[partiallytrapped]|[silent]\n|-fieldend|move: Grassy Terrain\n|upkeep\n|turn|13\n|\n|t:|1699793590\n|move|p1a: Landorus|Earthquake|p2a: Hatterene\n|-damage|p2a: Hatterene|44\/100\n|move|p2a: Hatterene|Calm Mind|p2a: Hatterene\n|-boost|p2a: Hatterene|spa|1\n|-boost|p2a: Hatterene|spd|1\n|\n|upkeep\n|turn|14\n|\n|t:|1699793593\n|move|p1a: Landorus|Earthquake|p2a: Hatterene\n|-damage|p2a: Hatterene|11\/100\n|move|p2a: Hatterene|Draining Kiss|p1a: Landorus\n|-crit|p1a: Landorus\n|-damage|p1a: Landorus|0 fnt\n|-heal|p2a: Hatterene|31\/100|[from] drain|[of] p1a: Landorus\n|faint|p1a: Landorus\n|\n|upkeep\n|\n|t:|1699793606\n|switch|p1a: Magnezone|Magnezone, tera:Fairy|47\/100\n|turn|15\n|\n|t:|1699793616\n|switch|p2a: Rillaboom|Rillaboom, F|10\/100\n|-damage|p2a: Rillaboom|0 fnt|[from] Stealth Rock\n|faint|p2a: Rillaboom\n|move|p1a: Magnezone|Volt Switch|p2: Rillaboom|[notarget]\n|-fail|p1a: Magnezone\n|\n|upkeep\n|\n|t:|1699793624\n|switch|p2a: Heatran|Heatran, F|94\/100\n|-damage|p2a: Heatran|82\/100|[from] Stealth Rock\n|turn|16\n|l| banupx7\n|inactive|agency paid actor has 120 seconds left.\n|\n|t:|1699793660\n|switch|p1a: Dragonite|Dragonite, F|75\/100\n|move|p2a: Heatran|Will-O-Wisp|p1a: Dragonite\n|-status|p1a: Dragonite|brn\n|\n|-damage|p1a: Dragonite|69\/100 brn|[from] brn\n|upkeep\n|turn|17\n|inactive|agency paid actor has 120 seconds left.\n|inactive|agency paid actor has 90 seconds left.\n|inactive|agency paid actor has 60 seconds left.\n|inactive|agency paid actor has 30 seconds left.\n|c|\u2606pecurto23|3 times is crazy\n|inactive|agency paid actor has 20 seconds left.\n|inactive|agency paid actor has 15 seconds left.\n|inactive|agency paid actor has 10 seconds left.\n|inactive|agency paid actor has 5 seconds left.\n|-message|agency paid actor lost due to inactivity.\n|\n|win|pecurto23\n|raw|agency paid actor's rating: 1626 &rarr; <strong>1611<\/strong><br \/>(-15 for losing)\n|raw|pecurto23's rating: 1713 &rarr; <strong>1728<\/strong><br \/>(+15 for winning)\n","uploadtime":1699793791,"views":19,"p1id":"agencypaidactor","p2id":"pecurto23","formatid":"gen9ou","rating":1611,"private":0,"password":""}