{"id":"gen9ou-1997008766","p1":"FNS\u2022Medhaos","p2":"woahhgh","format":"[Gen 9] OU","log":"|j|\u2606FNS\u2022Medhaos\n|j|\u2606woahhgh\n|t:|1700755170\n|gametype|singles\n|player|p1|FNS\u2022Medhaos|gambler|1118\n|player|p2|woahhgh|266|1083\n|teamsize|p1|6\n|teamsize|p2|6\n|gen|9\n|tier|[Gen 9] OU\n|rated|\n|rule|Sleep Clause Mod: Limit one foe put to sleep\n|rule|Species Clause: Limit one of each Pok\u00e9mon\n|rule|OHKO Clause: OHKO moves are banned\n|rule|Evasion Items Clause: Evasion items are banned\n|rule|Evasion Moves Clause: Evasion moves are banned\n|rule|Endless Battle Clause: Forcing endless battles is banned\n|rule|HP Percentage Mod: HP is shown in percentages\n|clearpoke\n|poke|p1|Clefable, F|\n|poke|p1|Ninetales-Alola, M|\n|poke|p1|Cinderace, M|\n|poke|p1|Ogerpon-Wellspring, F|\n|poke|p1|Iron Valiant|\n|poke|p1|Great Tusk|\n|poke|p2|Mandibuzz, F|\n|poke|p2|Great Tusk|\n|poke|p2|Clefable, F|\n|poke|p2|Haxorus, F|\n|poke|p2|Milotic, F|\n|poke|p2|Weavile, M|\n|teampreview\n|\n|t:|1700755178\n|start\n|switch|p1a: Ninetales|Ninetales-Alola, M|100\/100\n|switch|p2a: Clefable|Clefable, F|100\/100\n|-weather|Snow|[from] ability: Snow Warning|[of] p1a: Ninetales\n|turn|1\n|\n|t:|1700755182\n|move|p1a: Ninetales|Aurora Veil|p1a: Ninetales\n|-sidestart|p1: FNS\u2022Medhaos|move: Aurora Veil\n|move|p2a: Clefable|Thunder Wave|p1a: Ninetales\n|-status|p1a: Ninetales|par\n|\n|-weather|Snow|[upkeep]\n|upkeep\n|turn|2\n|\n|t:|1700755186\n|move|p1a: Ninetales|Encore|p2a: Clefable\n|-start|p2a: Clefable|Encore\n|move|p2a: Clefable|Thunder Wave|p1a: Ninetales|[miss]\n|-miss|p2a: Clefable|p1a: Ninetales\n|\n|-weather|Snow|[upkeep]\n|upkeep\n|turn|3\n|\n|t:|1700755189\n|switch|p2a: Milotic|Milotic, F, shiny|100\/100\n|move|p1a: Ninetales|Blizzard|p2a: Milotic\n|-resisted|p2a: Milotic\n|-damage|p2a: Milotic|84\/100\n|\n|-weather|Snow|[upkeep]\n|-heal|p2a: Milotic|90\/100|[from] item: Leftovers\n|upkeep\n|turn|4\n|\n|t:|1700755193\n|switch|p2a: Clefable|Clefable, F|100\/100\n|switch|p1a: Clefable|Clefable, F|100\/100\n|\n|-weather|Snow|[upkeep]\n|upkeep\n|turn|5\n|c|\u2606woahhgh|double trouble\n|\n|t:|1700755201\n|move|p1a: Clefable|Cosmic Power|p1a: Clefable\n|-boost|p1a: Clefable|def|1\n|-boost|p1a: Clefable|spd|1\n|move|p2a: Clefable|Thunder Wave|p1a: Clefable\n|-status|p1a: Clefable|par\n|\n|-weather|none\n|upkeep\n|turn|6\n|c|\u2606FNS\u2022Medhaos|Indeed\n|\n|t:|1700755210\n|switch|p2a: Milotic|Milotic, F, shiny|90\/100\n|move|p1a: Clefable|Cosmic Power|p1a: Clefable\n|-boost|p1a: Clefable|def|1\n|-boost|p1a: Clefable|spd|1\n|\n|-heal|p2a: Milotic|96\/100|[from] item: Leftovers\n|upkeep\n|turn|7\n|\n|t:|1700755213\n|move|p2a: Milotic|Haze|p2a: Milotic\n|-clearallboost\n|move|p1a: Clefable|Cosmic Power|p1a: Clefable\n|-boost|p1a: Clefable|def|1\n|-boost|p1a: Clefable|spd|1\n|\n|-heal|p2a: Milotic|100\/100|[from] item: Leftovers\n|upkeep\n|turn|8\n|\n|t:|1700755222\n|switch|p1a: Ogerpon|Ogerpon-Wellspring, F|100\/100\n|move|p2a: Milotic|Scald|p1a: Ogerpon\n|-immune|p1a: Ogerpon|[from] ability: Water Absorb\n|\n|-sideend|p1: FNS\u2022Medhaos|move: Aurora Veil\n|upkeep\n|turn|9\n|\n|t:|1700755229\n|switch|p2a: Mandibuzz|Mandibuzz, F, shiny|100\/100\n|move|p1a: Ogerpon|Encore||[still]\n|-fail|p1a: Ogerpon\n|\n|upkeep\n|turn|10\n|\n|t:|1700755236\n|-terastallize|p1a: Ogerpon|Water\n|detailschange|p1a: Ogerpon|Ogerpon-Wellspring-Tera, F, tera:Water\n|-ability|p1a: Ogerpon|Embody Aspect (Wellspring)|boost\n|-boost|p1a: Ogerpon|spd|1\n|move|p1a: Ogerpon|Swords Dance|p1a: Ogerpon\n|-boost|p1a: Ogerpon|atk|2\n|move|p2a: Mandibuzz|Foul Play|p1a: Ogerpon\n|-damage|p1a: Ogerpon|0 fnt\n|faint|p1a: Ogerpon\n|\n|upkeep\n|\n|t:|1700755242\n|switch|p1a: Ninetales|Ninetales-Alola, M|100\/100 par\n|-weather|Snow|[from] ability: Snow Warning|[of] p1a: Ninetales\n|turn|11\n|\n|t:|1700755247\n|switch|p2a: Milotic|Milotic, F, shiny|100\/100\n|cant|p1a: Ninetales|par\n|\n|-weather|Snow|[upkeep]\n|upkeep\n|turn|12\n|\n|t:|1700755251\n|move|p2a: Milotic|Scald|p1a: Ninetales\n|-damage|p1a: Ninetales|59\/100 par\n|move|p1a: Ninetales|Moonblast|p2a: Milotic\n|-damage|p2a: Milotic|75\/100\n|-unboost|p2a: Milotic|spa|1\n|-ability|p2a: Milotic|Competitive|boost\n|-boost|p2a: Milotic|spa|2\n|\n|-weather|Snow|[upkeep]\n|-heal|p2a: Milotic|81\/100|[from] item: Leftovers\n|upkeep\n|turn|13\n|\n|t:|1700755256\n|move|p2a: Milotic|Scald|p1a: Ninetales\n|-damage|p1a: Ninetales|0 fnt\n|faint|p1a: Ninetales\n|\n|-weather|Snow|[upkeep]\n|-heal|p2a: Milotic|87\/100|[from] item: Leftovers\n|upkeep\n|\n|t:|1700755259\n|switch|p1a: Iron Valiant|Iron Valiant|100\/100\n|-enditem|p1a: Iron Valiant|Booster Energy\n|-activate|p1a: Iron Valiant|ability: Quark Drive|[fromitem]\n|-start|p1a: Iron Valiant|quarkdrivespe\n|turn|14\n|\n|t:|1700755265\n|move|p1a: Iron Valiant|Moonblast|p2a: Milotic\n|-damage|p2a: Milotic|54\/100\n|move|p2a: Milotic|Scald|p1a: Iron Valiant\n|-damage|p1a: Iron Valiant|14\/100\n|\n|-weather|Snow|[upkeep]\n|-heal|p2a: Milotic|60\/100|[from] item: Leftovers\n|upkeep\n|turn|15\n|\n|t:|1700755271\n|move|p1a: Iron Valiant|Thunderbolt|p2a: Milotic\n|-supereffective|p2a: Milotic\n|-damage|p2a: Milotic|15\/100\n|move|p2a: Milotic|Recover|p2a: Milotic\n|-heal|p2a: Milotic|65\/100\n|\n|-weather|none\n|-heal|p2a: Milotic|71\/100|[from] item: Leftovers\n|upkeep\n|turn|16\n|\n|t:|1700755275\n|move|p1a: Iron Valiant|Thunderbolt|p2a: Milotic\n|-supereffective|p2a: Milotic\n|-damage|p2a: Milotic|27\/100\n|move|p2a: Milotic|Scald|p1a: Iron Valiant\n|-damage|p1a: Iron Valiant|0 fnt\n|faint|p1a: Iron Valiant\n|-end|p1a: Iron Valiant|Quark Drive|[silent]\n|\n|-heal|p2a: Milotic|33\/100|[from] item: Leftovers\n|upkeep\n|\n|t:|1700755280\n|switch|p1a: Great Tusk|Great Tusk|100\/100\n|turn|17\n|\n|t:|1700755284\n|switch|p2a: Mandibuzz|Mandibuzz, F, shiny|100\/100\n|move|p1a: Great Tusk|Close Combat|p2a: Mandibuzz\n|-damage|p2a: Mandibuzz|59\/100\n|-unboost|p1a: Great Tusk|def|1\n|-unboost|p1a: Great Tusk|spd|1\n|\n|upkeep\n|turn|18\n|\n|t:|1700755290\n|move|p1a: Great Tusk|Knock Off|p2a: Mandibuzz\n|-resisted|p2a: Mandibuzz\n|-damage|p2a: Mandibuzz|48\/100\n|-enditem|p2a: Mandibuzz|Heavy-Duty Boots|[from] move: Knock Off|[of] p1a: Great Tusk\n|move|p2a: Mandibuzz|Roost|p2a: Mandibuzz\n|-heal|p2a: Mandibuzz|98\/100\n|-singleturn|p2a: Mandibuzz|move: Roost\n|\n|upkeep\n|turn|19\n|\n|t:|1700755295\n|move|p1a: Great Tusk|Close Combat|p2a: Mandibuzz\n|-damage|p2a: Mandibuzz|56\/100\n|-unboost|p1a: Great Tusk|def|1\n|-unboost|p1a: Great Tusk|spd|1\n|move|p2a: Mandibuzz|Toxic|p1a: Great Tusk\n|-status|p1a: Great Tusk|tox\n|\n|-damage|p1a: Great Tusk|94\/100 tox|[from] psn\n|upkeep\n|turn|20\n|\n|t:|1700755299\n|move|p1a: Great Tusk|Close Combat|p2a: Mandibuzz\n|-damage|p2a: Mandibuzz|14\/100\n|-unboost|p1a: Great Tusk|def|1\n|-unboost|p1a: Great Tusk|spd|1\n|move|p2a: Mandibuzz|Foul Play|p1a: Great Tusk\n|-resisted|p1a: Great Tusk\n|-damage|p1a: Great Tusk|49\/100 tox\n|\n|-damage|p1a: Great Tusk|36\/100 tox|[from] psn\n|upkeep\n|turn|21\n|\n|t:|1700755304\n|switch|p2a: Clefable|Clefable, F|100\/100\n|move|p1a: Great Tusk|Rapid Spin|p2a: Clefable\n|-damage|p2a: Clefable|84\/100\n|-boost|p1a: Great Tusk|spe|1\n|\n|-heal|p2a: Clefable|90\/100|[from] item: Leftovers\n|-damage|p1a: Great Tusk|18\/100 tox|[from] psn\n|upkeep\n|turn|22\n|\n|t:|1700755309\n|move|p1a: Great Tusk|Knock Off|p2a: Clefable\n|-resisted|p2a: Clefable\n|-damage|p2a: Clefable|74\/100\n|-enditem|p2a: Clefable|Leftovers|[from] move: Knock Off|[of] p1a: Great Tusk\n|move|p2a: Clefable|Moonblast|p1a: Great Tusk\n|-supereffective|p1a: Great Tusk\n|-damage|p1a: Great Tusk|0 fnt\n|faint|p1a: Great Tusk\n|-end|p1a: Great Tusk|Protosynthesis|[silent]\n|\n|upkeep\n|\n|t:|1700755314\n|switch|p1a: Cinderace|Cinderace, M|100\/100\n|turn|23\n|\n|t:|1700755319\n|move|p1a: Cinderace|Pyro Ball|p2a: Clefable\n|-damage|p2a: Clefable|21\/100\n|move|p2a: Clefable|Thunder Wave|p1a: Cinderace\n|-status|p1a: Cinderace|par\n|\n|upkeep\n|turn|24\n|\n|t:|1700755323\n|move|p1a: Cinderace|Pyro Ball|p2a: Clefable\n|-damage|p2a: Clefable|0 fnt\n|faint|p2a: Clefable\n|\n|upkeep\n|\n|t:|1700755327\n|switch|p2a: Haxorus|Haxorus, F, shiny|100\/100\n|-ability|p2a: Haxorus|Mold Breaker\n|turn|25\n|\n|t:|1700755332\n|move|p1a: Cinderace|Sucker Punch||[still]\n|-fail|p1a: Cinderace\n|move|p2a: Haxorus|Dragon Dance|p2a: Haxorus\n|-boost|p2a: Haxorus|atk|1\n|-boost|p2a: Haxorus|spe|1\n|\n|upkeep\n|turn|26\n|\n|t:|1700755337\n|move|p2a: Haxorus|Dragon Dance|p2a: Haxorus\n|-boost|p2a: Haxorus|atk|1\n|-boost|p2a: Haxorus|spe|1\n|move|p1a: Cinderace|U-turn|p2a: Haxorus\n|-start|p1a: Cinderace|typechange|Bug|[from] ability: Libero\n|-damage|p2a: Haxorus|57\/100\n|\n|t:|1700755339\n|switch|p1a: Clefable|Clefable, F|100\/100 par|[from] U-turn\n|\n|upkeep\n|turn|27\n|\n|t:|1700755342\n|-terastallize|p2a: Haxorus|Steel\n|move|p2a: Haxorus|Iron Head|p1a: Clefable\n|-supereffective|p1a: Clefable\n|-damage|p1a: Clefable|0 fnt\n|faint|p1a: Clefable\n|\n|upkeep\n|c|\u2606woahhgh|gg\n|\n|t:|1700755347\n|switch|p1a: Cinderace|Cinderace, M|100\/100 par\n|turn|28\n|\n|t:|1700755350\n|move|p2a: Haxorus|Earthquake|p1a: Cinderace\n|-supereffective|p1a: Cinderace\n|-damage|p1a: Cinderace|0 fnt\n|faint|p1a: Cinderace\n|\n|win|woahhgh\n|raw|FNS\u2022Medhaos's rating: 1118 &rarr; <strong>1090<\/strong><br \/>(-28 for losing)\n|raw|woahhgh's rating: 1083 &rarr; <strong>1113<\/strong><br \/>(+30 for winning)\n|c|\u2606FNS\u2022Medhaos|GG\n|l|\u2606FNS\u2022Medhaos\n|c|\u2606woahhgh|i think i've met you before\n","uploadtime":1700755380,"views":6,"p1id":"fnsmedhaos","p2id":"woahhgh","formatid":"gen9ou","rating":1090,"private":0,"password":""}