{"id":"gen9ou-1989013644","p1":"wyverbal","p2":"ARIbro31","format":"[Gen 9] OU","log":"|j|\u2606wyverbal\n|j|\u2606ARIbro31\n|t:|1699802228\n|gametype|singles\n|player|p1|wyverbal|2|1151\n|player|p2|ARIbro31|palmer|1096\n|teamsize|p1|6\n|teamsize|p2|6\n|gen|9\n|tier|[Gen 9] OU\n|rated|\n|rule|Sleep Clause Mod: Limit one foe put to sleep\n|rule|Species Clause: Limit one of each Pok\u00e9mon\n|rule|OHKO Clause: OHKO moves are banned\n|rule|Evasion Items Clause: Evasion items are banned\n|rule|Evasion Moves Clause: Evasion moves are banned\n|rule|Endless Battle Clause: Forcing endless battles is banned\n|rule|HP Percentage Mod: HP is shown in percentages\n|clearpoke\n|poke|p1|Zamazenta-*|\n|poke|p1|Kommo-o, F|\n|poke|p1|Ceruledge, M|\n|poke|p1|Tornadus, M|\n|poke|p1|Greninja-*, M|\n|poke|p1|Sandslash, F|\n|poke|p2|Tinkaton, F|\n|poke|p2|Samurott-Hisui, M|\n|poke|p2|Garchomp, M|\n|poke|p2|Toxapex, F|\n|poke|p2|Infernape, M|\n|poke|p2|Rotom-Wash|\n|teampreview\n|inactive|Battle timer is ON: inactive players will automatically lose when time's up. (requested by wyverbal)\n|\n|t:|1699802240\n|start\n|switch|p1a: Tornadus|Tornadus, M, shiny|100\/100\n|switch|p2a: Garchomp|Garchomp, M|100\/100\n|turn|1\n|\n|t:|1699802245\n|move|p1a: Tornadus|Taunt|p2a: Garchomp\n|-start|p2a: Garchomp|move: Taunt\n|move|p2a: Garchomp|Outrage|p1a: Tornadus\n|-damage|p1a: Tornadus|0 fnt\n|faint|p1a: Tornadus\n|\n|upkeep\n|\n|t:|1699802250\n|switch|p1a: Zamazenta|Zamazenta, shiny|100\/100\n|-ability|p1a: Zamazenta|Dauntless Shield|boost\n|-boost|p1a: Zamazenta|def|1\n|turn|2\n|\n|t:|1699802257\n|move|p1a: Zamazenta|Reflect|p1a: Zamazenta\n|-sidestart|p1: wyverbal|Reflect\n|move|p2a: Garchomp|Outrage|p1a: Zamazenta|[from]lockedmove\n|-damage|p1a: Zamazenta|75\/100\n|\n|upkeep\n|turn|3\n|\n|t:|1699802262\n|move|p1a: Zamazenta|Light Screen|p1a: Zamazenta\n|-sidestart|p1: wyverbal|move: Light Screen\n|move|p2a: Garchomp|Outrage|p1a: Zamazenta|[from]lockedmove\n|-damage|p1a: Zamazenta|48\/100\n|-start|p2a: Garchomp|confusion|[fatigue]\n|\n|-end|p2a: Garchomp|move: Taunt\n|upkeep\n|turn|4\n|\n|t:|1699802276\n|switch|p2a: Tinkaton|Tinkaton, F, shiny|100\/100\n|-ability|p2a: Tinkaton|Mold Breaker\n|move|p1a: Zamazenta|Body Press|p2a: Tinkaton\n|-damage|p2a: Tinkaton|39\/100\n|\n|upkeep\n|turn|5\n|\n|t:|1699802299\n|move|p1a: Zamazenta|Body Press|p2a: Tinkaton\n|-damage|p2a: Tinkaton|0 fnt\n|faint|p2a: Tinkaton\n|\n|upkeep\n|\n|t:|1699802303\n|switch|p2a: Toxapex|Toxapex, F|100\/100\n|turn|6\n|\n|t:|1699802311\n|switch|p1a: Sandslash|Sandslash, F, shiny|100\/100\n|move|p2a: Toxapex|Toxic|p1a: Sandslash\n|-status|p1a: Sandslash|tox\n|\n|-damage|p1a: Sandslash|94\/100 tox|[from] psn\n|upkeep\n|turn|7\n|\n|t:|1699802326\n|move|p1a: Sandslash|Smack Down|p2a: Toxapex\n|-damage|p2a: Toxapex|87\/100\n|move|p2a: Toxapex|Liquidation|p1a: Sandslash\n|-supereffective|p1a: Sandslash\n|-crit|p1a: Sandslash\n|-damage|p1a: Sandslash|24\/100 tox\n|\n|-heal|p2a: Toxapex|93\/100|[from] item: Leftovers\n|-damage|p1a: Sandslash|11\/100 tox|[from] psn\n|upkeep\n|turn|8\n|\n|t:|1699802330\n|move|p1a: Sandslash|Earthquake|p2a: Toxapex\n|-supereffective|p2a: Toxapex\n|-damage|p2a: Toxapex|13\/100\n|move|p2a: Toxapex|Liquidation|p1a: Sandslash\n|-supereffective|p1a: Sandslash\n|-crit|p1a: Sandslash\n|-damage|p1a: Sandslash|0 fnt\n|faint|p1a: Sandslash\n|\n|-heal|p2a: Toxapex|20\/100|[from] item: Leftovers\n|upkeep\n|\n|t:|1699802339\n|switch|p1a: Ceruledge|Ceruledge, M, shiny|100\/100\n|turn|9\n|\n|t:|1699802348\n|move|p1a: Ceruledge|Taunt|p2a: Toxapex\n|-start|p2a: Toxapex|move: Taunt\n|cant|p2a: Toxapex|move: Taunt|Recover\n|\n|-heal|p2a: Toxapex|26\/100|[from] item: Leftovers\n|-sideend|p1: wyverbal|Reflect\n|upkeep\n|turn|10\n|\n|t:|1699802372\n|-terastallize|p1a: Ceruledge|Ghost\n|move|p1a: Ceruledge|Swords Dance|p1a: Ceruledge\n|-boost|p1a: Ceruledge|atk|2\n|move|p2a: Toxapex|Liquidation|p1a: Ceruledge\n|-damage|p1a: Ceruledge|70\/100\n|\n|-heal|p2a: Toxapex|32\/100|[from] item: Leftovers\n|-sideend|p1: wyverbal|move: Light Screen\n|upkeep\n|turn|11\n|\n|t:|1699802383\n|move|p1a: Ceruledge|Swords Dance|p1a: Ceruledge\n|-boost|p1a: Ceruledge|atk|2\n|move|p2a: Toxapex|Liquidation|p1a: Ceruledge\n|-damage|p1a: Ceruledge|39\/100\n|\n|-heal|p2a: Toxapex|38\/100|[from] item: Leftovers\n|-end|p2a: Toxapex|move: Taunt\n|upkeep\n|turn|12\n|\n|t:|1699802393\n|move|p1a: Ceruledge|Bitter Blade|p2a: Toxapex\n|-resisted|p2a: Toxapex\n|-damage|p2a: Toxapex|0 fnt\n|-heal|p1a: Ceruledge|55\/100|[from] drain|[of] p2a: Toxapex\n|faint|p2a: Toxapex\n|\n|upkeep\n|\n|t:|1699802398\n|switch|p2a: Garchomp|Garchomp, M|100\/100\n|turn|13\n|\n|t:|1699802419\n|move|p1a: Ceruledge|Shadow Sneak|p2a: Garchomp\n|-damage|p2a: Garchomp|23\/100\n|-damage|p1a: Ceruledge|42\/100|[from] ability: Rough Skin|[of] p2a: Garchomp\n|move|p2a: Garchomp|Outrage|p1a: Ceruledge\n|-damage|p1a: Ceruledge|0 fnt\n|faint|p1a: Ceruledge\n|\n|upkeep\n|\n|t:|1699802433\n|switch|p1a: Greninja|Greninja, M|100\/100\n|turn|14\n|\n|t:|1699802442\n|move|p1a: Greninja|Ice Beam|p2a: Garchomp\n|-supereffective|p2a: Garchomp\n|-damage|p2a: Garchomp|0 fnt\n|faint|p2a: Garchomp\n|-ability|p1a: Greninja|Battle Bond|boost\n|-boost|p1a: Greninja|atk|1\n|-boost|p1a: Greninja|spa|1\n|-boost|p1a: Greninja|spe|1\n|-activate|p1a: Greninja|ability: Battle Bond\n|\n|upkeep\n|inactive|ARIbro31 has 120 seconds left.\n|\n|t:|1699802469\n|switch|p2a: Rotom|Rotom-Wash|100\/100\n|turn|15\n|inactive|ARIbro31 has 120 seconds left.\n|\n|t:|1699802482\n|move|p1a: Greninja|Dark Pulse|p2a: Rotom\n|-damage|p2a: Rotom|31\/100\n|move|p2a: Rotom|Thunderbolt|p1a: Greninja\n|-supereffective|p1a: Greninja\n|-damage|p1a: Greninja|0 fnt\n|faint|p1a: Greninja\n|\n|upkeep\n|\n|t:|1699802494\n|switch|p1a: Zamazenta|Zamazenta, shiny|48\/100\n|turn|16\n|\n|t:|1699802502\n|move|p1a: Zamazenta|Light Screen|p1a: Zamazenta\n|-sidestart|p1: wyverbal|move: Light Screen\n|move|p2a: Rotom|Will-O-Wisp|p1a: Zamazenta\n|-status|p1a: Zamazenta|brn\n|\n|-damage|p1a: Zamazenta|42\/100 brn|[from] brn\n|upkeep\n|turn|17\n|\n|t:|1699802507\n|move|p1a: Zamazenta|Reflect|p1a: Zamazenta\n|-sidestart|p1: wyverbal|Reflect\n|move|p2a: Rotom|Shadow Ball|p1a: Zamazenta\n|-damage|p1a: Zamazenta|33\/100 brn\n|-unboost|p1a: Zamazenta|spd|1\n|\n|-damage|p1a: Zamazenta|27\/100 brn|[from] brn\n|upkeep\n|turn|18\n|\n|t:|1699802514\n|move|p1a: Zamazenta|Body Press|p2a: Rotom\n|-damage|p2a: Rotom|11\/100\n|-enditem|p2a: Rotom|Salac Berry|[eat]\n|-boost|p2a: Rotom|spe|1|[from] item: Salac Berry\n|move|p2a: Rotom|Thunderbolt|p1a: Zamazenta\n|-damage|p1a: Zamazenta|3\/100 brn\n|\n|-damage|p1a: Zamazenta|0 fnt|[from] brn\n|faint|p1a: Zamazenta\n|upkeep\n|\n|t:|1699802523\n|switch|p1a: Kommo-o|Kommo-o, F, shiny|100\/100\n|turn|19\n|\n|t:|1699802529\n|move|p2a: Rotom|Shadow Ball|p1a: Kommo-o\n|-immune|p1a: Kommo-o|[from] ability: Bulletproof\n|move|p1a: Kommo-o|Iron Defense|p1a: Kommo-o\n|-boost|p1a: Kommo-o|def|2\n|\n|upkeep\n|turn|20\n|\n|t:|1699802536\n|move|p2a: Rotom|Will-O-Wisp|p1a: Kommo-o\n|-status|p1a: Kommo-o|brn\n|move|p1a: Kommo-o|Iron Defense|p1a: Kommo-o\n|-boost|p1a: Kommo-o|def|2\n|\n|-damage|p1a: Kommo-o|94\/100 brn|[from] brn\n|upkeep\n|turn|21\n|\n|t:|1699802541\n|move|p2a: Rotom|Hydro Pump|p1a: Kommo-o\n|-resisted|p1a: Kommo-o\n|-damage|p1a: Kommo-o|84\/100 brn\n|move|p1a: Kommo-o|Iron Defense|p1a: Kommo-o\n|-boost|p1a: Kommo-o|def|2\n|\n|-damage|p1a: Kommo-o|78\/100 brn|[from] brn\n|upkeep\n|turn|22\n|\n|t:|1699802547\n|move|p2a: Rotom|Hydro Pump|p1a: Kommo-o\n|-resisted|p1a: Kommo-o\n|-damage|p1a: Kommo-o|68\/100 brn\n|move|p1a: Kommo-o|Body Press|p2a: Rotom\n|-crit|p2a: Rotom\n|-damage|p2a: Rotom|0 fnt\n|faint|p2a: Rotom\n|\n|-damage|p1a: Kommo-o|62\/100 brn|[from] brn\n|upkeep\n|inactive|ARIbro31 has 120 seconds left.\n|\n|t:|1699802589\n|switch|p2a: Infernape|Infernape, M, shiny|100\/100\n|turn|23\n|\n|t:|1699802597\n|move|p2a: Infernape|Drain Punch|p1a: Kommo-o\n|-damage|p1a: Kommo-o|57\/100 brn\n|move|p1a: Kommo-o|Body Press|p2a: Infernape\n|-damage|p2a: Infernape|0 fnt\n|faint|p2a: Infernape\n|\n|-damage|p1a: Kommo-o|51\/100 brn|[from] brn\n|-sideend|p1: wyverbal|move: Light Screen\n|upkeep\n|inactive|ARIbro31 has 90 seconds left.\n|\n|t:|1699802651\n|switch|p2a: Samurott|Samurott-Hisui, M|100\/100\n|turn|24\n|\n|t:|1699802655\n|-terastallize|p2a: Samurott|Fighting\n|move|p2a: Samurott|Ceaseless Edge|p1a: Kommo-o\n|-resisted|p1a: Kommo-o\n|-crit|p1a: Kommo-o\n|-damage|p1a: Kommo-o|31\/100 brn\n|-sidestart|p1: wyverbal|Spikes\n|move|p1a: Kommo-o|Rest|p1a: Kommo-o\n|-status|p1a: Kommo-o|slp|[from] move: Rest\n|-heal|p1a: Kommo-o|100\/100 slp|[silent]\n|-enditem|p1a: Kommo-o|Chesto Berry|[eat]\n|-curestatus|p1a: Kommo-o|slp|[msg]\n|\n|-sideend|p1: wyverbal|Reflect\n|upkeep\n|turn|25\n|\n|t:|1699802667\n|move|p2a: Samurott|Swords Dance|p2a: Samurott\n|-boost|p2a: Samurott|atk|2\n|move|p1a: Kommo-o|Body Press|p2a: Samurott\n|-damage|p2a: Samurott|0 fnt\n|faint|p2a: Samurott\n|\n|win|wyverbal\n|raw|wyverbal's rating: 1151 &rarr; <strong>1172<\/strong><br \/>(+21 for winning)\n|raw|ARIbro31's rating: 1096 &rarr; <strong>1075<\/strong><br \/>(-21 for losing)\n|l|\u2606ARIbro31\n","uploadtime":1699802675,"views":8,"p1id":"wyverbal","p2id":"aribro31","formatid":"gen9ou","rating":1075,"private":0,"password":""}