{"id":"gen9ou-1994448300","p1":"TheZilla07","p2":"swumpy mumpus","format":"[Gen 9] OU","log":"|j|\u2606TheZilla07\n|j|\u2606swumpy mumpus\n|t:|1700445089\n|gametype|singles\n|player|p1|TheZilla07|petrel|1653\n|player|p2|swumpy mumpus|medium|1807\n|teamsize|p1|6\n|teamsize|p2|6\n|gen|9\n|tier|[Gen 9] OU\n|rated|\n|rule|Sleep Clause Mod: Limit one foe put to sleep\n|rule|Species Clause: Limit one of each Pok\u00e9mon\n|rule|OHKO Clause: OHKO moves are banned\n|rule|Evasion Items Clause: Evasion items are banned\n|rule|Evasion Moves Clause: Evasion moves are banned\n|rule|Endless Battle Clause: Forcing endless battles is banned\n|rule|HP Percentage Mod: HP is shown in percentages\n|clearpoke\n|poke|p1|Fezandipiti, M|\n|poke|p1|Dondozo, F|\n|poke|p1|Zapdos|\n|poke|p1|Rillaboom, F|\n|poke|p1|Great Tusk|\n|poke|p1|Heatran, M|\n|poke|p2|Great Tusk|\n|poke|p2|Rotom-Wash|\n|poke|p2|Rillaboom, F|\n|poke|p2|Dragapult, F|\n|poke|p2|Fezandipiti, M|\n|poke|p2|Ogerpon-Wellspring, F|\n|teampreview\n|j| Priceless_1\n|c|\u2606swumpy mumpus|FEZ GANG\n|c|\u2606TheZilla07|FEZ GAMING LETS GO\n|c|\u2606swumpy mumpus|\ud83d\ude4f \ud83d\ude4f \ud83d\ude4f\n|c|\u2606TheZilla07|\ud83d\udd25\ud83d\udd25\ud83d\udd25\ud83d\udd25\n|\n|t:|1700445137\n|start\n|switch|p1a: NO TOUCHING|Zapdos|100\/100\n|switch|p2a: Dragapult|Dragapult, F|100\/100\n|turn|1\n|\n|t:|1700445140\n|switch|p1a: Trans Rights|Heatran, M|100\/100\n|move|p2a: Dragapult|Substitute|p2a: Dragapult\n|-start|p2a: Dragapult|Substitute\n|-damage|p2a: Dragapult|76\/100\n|\n|-heal|p2a: Dragapult|82\/100|[from] item: Leftovers\n|upkeep\n|turn|2\n|\n|t:|1700445145\n|move|p2a: Dragapult|Dragon Darts|p1a: Trans Rights\n|-resisted|p1a: Trans Rights\n|-crit|p1a: Trans Rights\n|-damage|p1a: Trans Rights|88\/100\n|-anim|p2a: Dragapult|Dragon Darts|p1a: Trans Rights\n|-resisted|p1a: Trans Rights\n|-damage|p1a: Trans Rights|78\/100\n|move|p1a: Trans Rights|Earth Power|p2a: Dragapult\n|-end|p2a: Dragapult|Substitute\n|\n|-heal|p2a: Dragapult|88\/100|[from] item: Leftovers\n|-heal|p1a: Trans Rights|84\/100|[from] item: Leftovers\n|upkeep\n|turn|3\n|\n|t:|1700445150\n|switch|p2a: Rotom|Rotom-Wash|100\/100\n|switch|p1a: Donbozo|Dondozo, F|100\/100\n|\n|upkeep\n|turn|4\n|\n|t:|1700445156\n|switch|p1a: The Biggest Bird|Fezandipiti, M|100\/100\n|move|p2a: Rotom|Volt Switch|p1a: The Biggest Bird\n|-damage|p1a: The Biggest Bird|82\/100\n|\n|t:|1700445183\n|switch|p2a: Great Tusk|Great Tusk|100\/100|[from] Volt Switch\n|\n|upkeep\n|turn|5\n|\n|t:|1700445191\n|switch|p1a: NO TOUCHING|Zapdos|100\/100\n|-end|p2a: Great Tusk|Protosynthesis|[silent]\n|switch|p2a: Fezandipiti|Fezandipiti, M|100\/100\n|\n|upkeep\n|turn|6\n|\n|t:|1700445201\n|switch|p1a: The Biggest Bird|Fezandipiti, M|82\/100\n|move|p2a: Fezandipiti|U-turn|p1a: The Biggest Bird\n|-resisted|p1a: The Biggest Bird\n|-damage|p1a: The Biggest Bird|79\/100\n|\n|t:|1700445205\n|switch|p2a: Great Tusk|Great Tusk|100\/100|[from] U-turn\n|\n|upkeep\n|turn|7\n|\n|t:|1700445214\n|switch|p1a: NO TOUCHING|Zapdos|100\/100\n|move|p2a: Great Tusk|Stealth Rock|p1a: NO TOUCHING\n|-sidestart|p1: TheZilla07|move: Stealth Rock\n|\n|upkeep\n|turn|8\n|\n|t:|1700445220\n|-end|p2a: Great Tusk|Protosynthesis|[silent]\n|switch|p2a: Rotom|Rotom-Wash|100\/100\n|move|p1a: NO TOUCHING|Volt Switch|p2a: Rotom\n|-damage|p2a: Rotom|79\/100\n|\n|t:|1700445225\n|switch|p1a: Harambe|Rillaboom, F|100\/100|[from] Volt Switch\n|-damage|p1a: Harambe|88\/100|[from] Stealth Rock\n|-fieldstart|move: Grassy Terrain|[from] ability: Grassy Surge|[of] p1a: Harambe\n|\n|-heal|p1a: Harambe|94\/100|[from] Grassy Terrain\n|-heal|p2a: Rotom|86\/100|[from] item: Leftovers\n|upkeep\n|turn|9\n|\n|t:|1700445228\n|move|p2a: Rotom|Protect|p2a: Rotom\n|-singleturn|p2a: Rotom|Protect\n|move|p1a: Harambe|U-turn|p2a: Rotom\n|-activate|p2a: Rotom|move: Protect\n|\n|-heal|p1a: Harambe|100\/100|[from] Grassy Terrain\n|-heal|p2a: Rotom|92\/100|[from] item: Leftovers\n|upkeep\n|turn|10\n|\n|t:|1700445234\n|switch|p1a: NO TOUCHING|Zapdos|100\/100\n|switch|p2a: Great Tusk|Great Tusk|100\/100\n|\n|upkeep\n|turn|11\n|\n|t:|1700445240\n|-end|p2a: Great Tusk|Protosynthesis|[silent]\n|switch|p2a: Rotom|Rotom-Wash|92\/100\n|move|p1a: NO TOUCHING|Hurricane|p2a: Rotom\n|-resisted|p2a: Rotom\n|-damage|p2a: Rotom|73\/100\n|\n|-heal|p2a: Rotom|79\/100|[from] item: Leftovers\n|upkeep\n|turn|12\n|\n|t:|1700445244\n|move|p2a: Rotom|Protect|p2a: Rotom\n|-singleturn|p2a: Rotom|Protect\n|move|p1a: NO TOUCHING|Volt Switch|p2a: Rotom\n|-activate|p2a: Rotom|move: Protect\n|\n|-heal|p2a: Rotom|86\/100|[from] item: Leftovers\n|-fieldend|move: Grassy Terrain\n|upkeep\n|turn|13\n|\n|t:|1700445249\n|move|p1a: NO TOUCHING|Volt Switch|p2a: Rotom\n|-damage|p2a: Rotom|62\/100\n|\n|t:|1700445254\n|switch|p1a: Republican|Great Tusk|100\/100|[from] Volt Switch\n|-damage|p1a: Republican|98\/100|[from] Stealth Rock\n|move|p2a: Rotom|Volt Switch|p1a: Republican\n|-immune|p1a: Republican\n|\n|-heal|p1a: Republican|100\/100|[from] item: Leftovers\n|-heal|p2a: Rotom|68\/100|[from] item: Leftovers\n|upkeep\n|turn|14\n|\n|t:|1700445262\n|-end|p1a: Republican|Protosynthesis|[silent]\n|switch|p1a: Harambe|Rillaboom, F|100\/100\n|-damage|p1a: Harambe|88\/100|[from] Stealth Rock\n|-fieldstart|move: Grassy Terrain|[from] ability: Grassy Surge|[of] p1a: Harambe\n|move|p2a: Rotom|Volt Switch|p1a: Harambe\n|-resisted|p1a: Harambe\n|-damage|p1a: Harambe|72\/100\n|\n|t:|1700445265\n|switch|p2a: Fezandipiti|Fezandipiti, M|100\/100|[from] Volt Switch\n|\n|-heal|p1a: Harambe|79\/100|[from] Grassy Terrain\n|upkeep\n|turn|15\n|\n|t:|1700445273\n|switch|p1a: The Biggest Bird|Fezandipiti, M|79\/100\n|-damage|p1a: The Biggest Bird|66\/100|[from] Stealth Rock\n|move|p2a: Fezandipiti|Moonblast|p1a: The Biggest Bird\n|-resisted|p1a: The Biggest Bird\n|-damage|p1a: The Biggest Bird|58\/100\n|\n|-heal|p1a: The Biggest Bird|64\/100|[from] Grassy Terrain\n|upkeep\n|turn|16\n|\n|t:|1700445285\n|move|p1a: The Biggest Bird|Moonblast|p2a: Fezandipiti\n|-resisted|p2a: Fezandipiti\n|-damage|p2a: Fezandipiti|93\/100\n|-unboost|p2a: Fezandipiti|spa|1\n|move|p2a: Fezandipiti|U-turn|p1a: The Biggest Bird\n|-resisted|p1a: The Biggest Bird\n|-damage|p1a: The Biggest Bird|60\/100\n|c|\u2606swumpy mumpus|such a good bird\n|c|\u2606TheZilla07|indeed\n|\n|t:|1700445309\n|switch|p2a: Rotom|Rotom-Wash|68\/100|[from] U-turn\n|\n|-heal|p1a: The Biggest Bird|67\/100|[from] Grassy Terrain\n|-heal|p2a: Rotom|74\/100|[from] item: Leftovers\n|upkeep\n|turn|17\n|\n|t:|1700445313\n|move|p2a: Rotom|Protect|p2a: Rotom\n|-singleturn|p2a: Rotom|Protect\n|move|p1a: The Biggest Bird|Roost|p1a: The Biggest Bird\n|-heal|p1a: The Biggest Bird|100\/100\n|-singleturn|p1a: The Biggest Bird|move: Roost\n|\n|-heal|p2a: Rotom|80\/100|[from] item: Leftovers\n|upkeep\n|turn|18\n|\n|t:|1700445329\n|move|p1a: The Biggest Bird|Calm Mind|p1a: The Biggest Bird\n|-boost|p1a: The Biggest Bird|spa|1\n|-boost|p1a: The Biggest Bird|spd|1\n|move|p2a: Rotom|Thunder Wave|p1a: The Biggest Bird\n|-status|p1a: The Biggest Bird|par\n|\n|-heal|p2a: Rotom|87\/100|[from] item: Leftovers\n|-fieldend|move: Grassy Terrain\n|upkeep\n|turn|19\n|\n|t:|1700445337\n|move|p2a: Rotom|Volt Switch|p1a: The Biggest Bird\n|-damage|p1a: The Biggest Bird|88\/100 par\n|\n|t:|1700445339\n|switch|p2a: Fezandipiti|Fezandipiti, M|93\/100|[from] Volt Switch\n|cant|p1a: The Biggest Bird|par\n|\n|upkeep\n|turn|20\n|\n|t:|1700445345\n|-terastallize|p2a: Fezandipiti|Ground\n|move|p2a: Fezandipiti|Tera Blast|p1a: The Biggest Bird|[anim] Tera Blast Ground\n|-supereffective|p1a: The Biggest Bird\n|-damage|p1a: The Biggest Bird|37\/100 par\n|move|p1a: The Biggest Bird|Calm Mind|p1a: The Biggest Bird\n|-boost|p1a: The Biggest Bird|spa|1\n|-boost|p1a: The Biggest Bird|spd|1\n|\n|upkeep\n|turn|21\n|\n|t:|1700445358\n|-terastallize|p1a: The Biggest Bird|Flying\n|move|p2a: Fezandipiti|U-turn|p1a: The Biggest Bird\n|-resisted|p1a: The Biggest Bird\n|-damage|p1a: The Biggest Bird|30\/100 par\n|\n|t:|1700445367\n|switch|p2a: Ogerpon|Ogerpon-Wellspring, F|100\/100|[from] U-turn\n|cant|p1a: The Biggest Bird|par\n|\n|upkeep\n|turn|22\n|c|\u2606swumpy mumpus|my bad :(\n|c|\u2606TheZilla07|rip\n|c|\u2606TheZilla07|oh well\n|\n|t:|1700445381\n|move|p2a: Ogerpon|Ivy Cudgel|p1a: The Biggest Bird|[anim] Ivy Cudgel Water\n|-damage|p1a: The Biggest Bird|0 fnt\n|faint|p1a: The Biggest Bird\n|\n|upkeep\n|\n|t:|1700445384\n|switch|p1a: NO TOUCHING|Zapdos|100\/100\n|turn|23\n|c|\u2606swumpy mumpus|fire set though\n|\n|t:|1700445392\n|switch|p2a: Rotom|Rotom-Wash|87\/100\n|move|p1a: NO TOUCHING|Volt Switch|p2a: Rotom\n|-damage|p2a: Rotom|66\/100\n|\n|t:|1700445395\n|switch|p1a: Harambe|Rillaboom, F|79\/100|[from] Volt Switch\n|-damage|p1a: Harambe|66\/100|[from] Stealth Rock\n|-fieldstart|move: Grassy Terrain|[from] ability: Grassy Surge|[of] p1a: Harambe\n|\n|-heal|p1a: Harambe|72\/100|[from] Grassy Terrain\n|-heal|p2a: Rotom|72\/100|[from] item: Leftovers\n|upkeep\n|turn|24\n|\n|t:|1700445401\n|switch|p1a: Trans Rights|Heatran, M|84\/100\n|-damage|p1a: Trans Rights|72\/100|[from] Stealth Rock\n|move|p2a: Rotom|Protect||[still]\n|-fail|p2a: Rotom\n|\n|-heal|p1a: Trans Rights|78\/100|[from] Grassy Terrain\n|-heal|p1a: Trans Rights|84\/100|[from] item: Leftovers\n|-heal|p2a: Rotom|78\/100|[from] item: Leftovers\n|upkeep\n|turn|25\n|\n|t:|1700445408\n|switch|p1a: Donbozo|Dondozo, F|100\/100\n|-damage|p1a: Donbozo|88\/100|[from] Stealth Rock\n|move|p2a: Rotom|Hydro Pump|p1a: Donbozo|[miss]\n|-miss|p2a: Rotom|p1a: Donbozo\n|\n|-heal|p2a: Rotom|84\/100|[from] item: Leftovers\n|-heal|p1a: Donbozo|94\/100|[from] Grassy Terrain\n|-heal|p1a: Donbozo|99\/100|[from] item: Leftovers\n|upkeep\n|turn|26\n|\n|t:|1700445413\n|switch|p1a: NO TOUCHING|Zapdos|100\/100\n|move|p2a: Rotom|Volt Switch|p1a: NO TOUCHING\n|-damage|p1a: NO TOUCHING|77\/100\n|\n|t:|1700445417\n|switch|p2a: Fezandipiti|Fezandipiti, M, tera:Ground|93\/100|[from] Volt Switch\n|\n|-heal|p2a: Fezandipiti|99\/100|[from] Grassy Terrain\n|upkeep\n|turn|27\n|\n|t:|1700445429\n|move|p1a: NO TOUCHING|Hurricane|p2a: Fezandipiti\n|-damage|p2a: Fezandipiti|65\/100\n|-start|p2a: Fezandipiti|confusion\n|-activate|p2a: Fezandipiti|confusion\n|-damage|p2a: Fezandipiti|54\/100|[from] confusion\n|\n|-heal|p2a: Fezandipiti|60\/100|[from] Grassy Terrain\n|-fieldend|move: Grassy Terrain\n|upkeep\n|turn|28\n|\n|t:|1700445435\n|move|p1a: NO TOUCHING|Hurricane|p2a: Fezandipiti|[miss]\n|-miss|p1a: NO TOUCHING|p2a: Fezandipiti\n|-activate|p2a: Fezandipiti|confusion\n|move|p2a: Fezandipiti|Roost|p2a: Fezandipiti\n|-heal|p2a: Fezandipiti|100\/100\n|\n|upkeep\n|turn|29\n|\n|t:|1700445441\n|move|p1a: NO TOUCHING|Hurricane|p2a: Fezandipiti\n|-damage|p2a: Fezandipiti|67\/100\n|-activate|p2a: Fezandipiti|confusion\n|move|p2a: Fezandipiti|Tera Blast|p1a: NO TOUCHING|[anim] Tera Blast Ground\n|-immune|p1a: NO TOUCHING\n|\n|upkeep\n|turn|30\n|\n|t:|1700445444\n|switch|p1a: Harambe|Rillaboom, F|72\/100\n|-damage|p1a: Harambe|60\/100|[from] Stealth Rock\n|-fieldstart|move: Grassy Terrain|[from] ability: Grassy Surge|[of] p1a: Harambe\n|-activate|p2a: Fezandipiti|confusion\n|move|p2a: Fezandipiti|Roost|p2a: Fezandipiti\n|-heal|p2a: Fezandipiti|100\/100\n|\n|-heal|p1a: Harambe|66\/100|[from] Grassy Terrain\n|upkeep\n|turn|31\n|\n|t:|1700445449\n|switch|p2a: Rillaboom|Rillaboom, F|100\/100\n|move|p1a: Harambe|U-turn|p2a: Rillaboom\n|-supereffective|p2a: Rillaboom\n|-damage|p2a: Rillaboom|17\/100\n|\n|t:|1700445453\n|switch|p1a: NO TOUCHING|Zapdos|77\/100|[from] U-turn\n|\n|-heal|p2a: Rillaboom|23\/100|[from] Grassy Terrain\n|upkeep\n|turn|32\n|\n|t:|1700445457\n|switch|p2a: Fezandipiti|Fezandipiti, M, tera:Ground|100\/100\n|move|p1a: NO TOUCHING|Heat Wave|p2a: Fezandipiti\n|-damage|p2a: Fezandipiti|82\/100\n|\n|-heal|p2a: Fezandipiti|88\/100|[from] Grassy Terrain\n|upkeep\n|turn|33\n|\n|t:|1700445461\n|move|p1a: NO TOUCHING|Hurricane|p2a: Fezandipiti\n|-damage|p2a: Fezandipiti|53\/100\n|-start|p2a: Fezandipiti|confusion\n|-activate|p2a: Fezandipiti|confusion\n|move|p2a: Fezandipiti|Moonblast|p1a: NO TOUCHING\n|-damage|p1a: NO TOUCHING|51\/100\n|-status|p1a: NO TOUCHING|tox|[from] ability: Toxic Chain|[of] p2a: Fezandipiti\n|\n|-heal|p2a: Fezandipiti|59\/100|[from] Grassy Terrain\n|-damage|p1a: NO TOUCHING|45\/100 tox|[from] psn\n|upkeep\n|turn|34\n|\n|t:|1700445469\n|move|p1a: NO TOUCHING|Hurricane|p2a: Fezandipiti\n|-damage|p2a: Fezandipiti|28\/100\n|-end|p2a: Fezandipiti|confusion\n|move|p2a: Fezandipiti|Roost|p2a: Fezandipiti\n|-heal|p2a: Fezandipiti|78\/100\n|\n|-heal|p2a: Fezandipiti|84\/100|[from] Grassy Terrain\n|-damage|p1a: NO TOUCHING|32\/100 tox|[from] psn\n|-fieldend|move: Grassy Terrain\n|upkeep\n|turn|35\n|\n|t:|1700445476\n|move|p1a: NO TOUCHING|Roost|p1a: NO TOUCHING\n|-heal|p1a: NO TOUCHING|82\/100 tox\n|-singleturn|p1a: NO TOUCHING|move: Roost\n|move|p2a: Fezandipiti|U-turn|p1a: NO TOUCHING\n|-damage|p1a: NO TOUCHING|69\/100 tox\n|\n|t:|1700445481\n|switch|p2a: Dragapult|Dragapult, F|88\/100|[from] U-turn\n|\n|-heal|p2a: Dragapult|94\/100|[from] item: Leftovers\n|-damage|p1a: NO TOUCHING|50\/100 tox|[from] psn\n|upkeep\n|turn|36\n|\n|t:|1700445484\n|switch|p1a: Trans Rights|Heatran, M|84\/100\n|-damage|p1a: Trans Rights|72\/100|[from] Stealth Rock\n|move|p2a: Dragapult|Hex|p1a: Trans Rights\n|-damage|p1a: Trans Rights|54\/100\n|\n|-heal|p2a: Dragapult|99\/100|[from] item: Leftovers\n|-heal|p1a: Trans Rights|60\/100|[from] item: Leftovers\n|upkeep\n|turn|37\n|\n|t:|1700445489\n|switch|p2a: Fezandipiti|Fezandipiti, M, tera:Ground|84\/100\n|move|p1a: Trans Rights|Stealth Rock|p2a: Fezandipiti\n|-sidestart|p2: swumpy mumpus|move: Stealth Rock\n|\n|-heal|p1a: Trans Rights|66\/100|[from] item: Leftovers\n|upkeep\n|turn|38\n|\n|t:|1700445496\n|switch|p1a: Donbozo|Dondozo, F|99\/100\n|-damage|p1a: Donbozo|88\/100|[from] Stealth Rock\n|move|p2a: Fezandipiti|Moonblast|p1a: Donbozo\n|-damage|p1a: Donbozo|64\/100\n|\n|-heal|p1a: Donbozo|70\/100|[from] item: Leftovers\n|upkeep\n|turn|39\n|\n|t:|1700445508\n|move|p2a: Fezandipiti|U-turn|p1a: Donbozo\n|-damage|p1a: Donbozo|62\/100\n|\n|t:|1700445510\n|switch|p2a: Dragapult|Dragapult, F|99\/100|[from] U-turn\n|-damage|p2a: Dragapult|87\/100|[from] Stealth Rock\n|move|p1a: Donbozo|Wave Crash|p2a: Dragapult\n|-resisted|p2a: Dragapult\n|-damage|p2a: Dragapult|57\/100\n|-damage|p1a: Donbozo|56\/100|[from] Recoil\n|\n|-heal|p2a: Dragapult|63\/100|[from] item: Leftovers\n|-heal|p1a: Donbozo|62\/100|[from] item: Leftovers\n|upkeep\n|turn|40\n|\n|t:|1700445519\n|switch|p1a: Trans Rights|Heatran, M|66\/100\n|-damage|p1a: Trans Rights|54\/100|[from] Stealth Rock\n|move|p2a: Dragapult|Dragon Darts|p1a: Trans Rights\n|-resisted|p1a: Trans Rights\n|-damage|p1a: Trans Rights|46\/100\n|-anim|p2a: Dragapult|Dragon Darts|p1a: Trans Rights\n|-resisted|p1a: Trans Rights\n|-damage|p1a: Trans Rights|37\/100\n|\n|-heal|p2a: Dragapult|69\/100|[from] item: Leftovers\n|-heal|p1a: Trans Rights|44\/100|[from] item: Leftovers\n|upkeep\n|turn|41\n|\n|t:|1700445526\n|switch|p2a: Fezandipiti|Fezandipiti, M, tera:Ground|84\/100\n|move|p1a: Trans Rights|Magma Storm|p2a: Fezandipiti\n|-damage|p2a: Fezandipiti|52\/100\n|-activate|p2a: Fezandipiti|move: Magma Storm|[of] p1a: Trans Rights\n|\n|-heal|p1a: Trans Rights|50\/100|[from] item: Leftovers\n|-damage|p2a: Fezandipiti|40\/100|[from] move: Magma Storm|[partiallytrapped]\n|upkeep\n|turn|42\n|\n|t:|1700445531\n|switch|p1a: NO TOUCHING|Zapdos|50\/100 tox\n|move|p2a: Fezandipiti|Roost|p2a: Fezandipiti\n|-heal|p2a: Fezandipiti|90\/100\n|\n|-damage|p1a: NO TOUCHING|44\/100 tox|[from] psn\n|-end|p2a: Fezandipiti|Magma Storm|[partiallytrapped]|[silent]\n|upkeep\n|turn|43\n|\n|t:|1700445536\n|move|p1a: NO TOUCHING|Roost|p1a: NO TOUCHING\n|-heal|p1a: NO TOUCHING|94\/100 tox\n|-singleturn|p1a: NO TOUCHING|move: Roost\n|move|p2a: Fezandipiti|Tera Blast|p1a: NO TOUCHING|[anim] Tera Blast Ground\n|-supereffective|p1a: NO TOUCHING\n|-damage|p1a: NO TOUCHING|47\/100 tox\n|\n|-damage|p1a: NO TOUCHING|34\/100 tox|[from] psn\n|upkeep\n|turn|44\n|\n|t:|1700445549\n|move|p1a: NO TOUCHING|Roost|p1a: NO TOUCHING\n|-heal|p1a: NO TOUCHING|84\/100 tox\n|-singleturn|p1a: NO TOUCHING|move: Roost\n|move|p2a: Fezandipiti|Tera Blast|p1a: NO TOUCHING|[anim] Tera Blast Ground\n|-supereffective|p1a: NO TOUCHING\n|-damage|p1a: NO TOUCHING|37\/100 tox\n|\n|-damage|p1a: NO TOUCHING|18\/100 tox|[from] psn\n|upkeep\n|turn|45\n|\n|t:|1700445557\n|switch|p1a: Harambe|Rillaboom, F|66\/100\n|-damage|p1a: Harambe|54\/100|[from] Stealth Rock\n|-fieldstart|move: Grassy Terrain|[from] ability: Grassy Surge|[of] p1a: Harambe\n|move|p2a: Fezandipiti|Moonblast|p1a: Harambe\n|-damage|p1a: Harambe|20\/100\n|-unboost|p1a: Harambe|spa|1\n|\n|-heal|p1a: Harambe|26\/100|[from] Grassy Terrain\n|-heal|p2a: Fezandipiti|96\/100|[from] Grassy Terrain\n|upkeep\n|turn|46\n|\n|t:|1700445573\n|switch|p2a: Dragapult|Dragapult, F|69\/100\n|-damage|p2a: Dragapult|57\/100|[from] Stealth Rock\n|move|p1a: Harambe|Grassy Glide|p2a: Dragapult\n|-resisted|p2a: Dragapult\n|-damage|p2a: Dragapult|9\/100\n|\n|-heal|p2a: Dragapult|15\/100|[from] Grassy Terrain\n|-heal|p2a: Dragapult|21\/100|[from] item: Leftovers\n|-heal|p1a: Harambe|32\/100|[from] Grassy Terrain\n|upkeep\n|turn|47\n|\n|t:|1700445580\n|move|p1a: Harambe|Grassy Glide|p2a: Dragapult\n|-resisted|p2a: Dragapult\n|-damage|p2a: Dragapult|0 fnt\n|faint|p2a: Dragapult\n|\n|-heal|p1a: Harambe|38\/100|[from] Grassy Terrain\n|upkeep\n|\n|t:|1700445587\n|switch|p2a: Great Tusk|Great Tusk|100\/100\n|-damage|p2a: Great Tusk|98\/100|[from] Stealth Rock\n|turn|48\n|\n|t:|1700445591\n|switch|p1a: NO TOUCHING|Zapdos|18\/100 tox\n|move|p2a: Great Tusk|Rapid Spin|p1a: NO TOUCHING\n|-damage|p1a: NO TOUCHING|7\/100 tox\n|-boost|p2a: Great Tusk|spe|1\n|-status|p2a: Great Tusk|par|[from] ability: Static|[of] p1a: NO TOUCHING\n|-sideend|p2: swumpy mumpus|Stealth Rock|[from] move: Rapid Spin|[of] p2a: Great Tusk\n|\n|-heal|p2a: Great Tusk|100\/100 par|[from] Grassy Terrain\n|-damage|p1a: NO TOUCHING|1\/100 tox|[from] psn\n|upkeep\n|turn|49\n|\n|t:|1700445599\n|-end|p2a: Great Tusk|Protosynthesis|[silent]\n|switch|p2a: Rotom|Rotom-Wash|84\/100\n|move|p1a: NO TOUCHING|Roost|p1a: NO TOUCHING\n|-heal|p1a: NO TOUCHING|51\/100 tox\n|-singleturn|p1a: NO TOUCHING|move: Roost\n|\n|-heal|p1a: NO TOUCHING|57\/100 tox|[from] Grassy Terrain\n|-heal|p2a: Rotom|91\/100|[from] item: Leftovers\n|-damage|p1a: NO TOUCHING|45\/100 tox|[from] psn\n|-fieldend|move: Grassy Terrain\n|upkeep\n|turn|50\n|\n|t:|1700445604\n|move|p1a: NO TOUCHING|Volt Switch|p2a: Rotom\n|-damage|p2a: Rotom|67\/100\n|\n|t:|1700445611\n|switch|p1a: Trans Rights|Heatran, M|50\/100|[from] Volt Switch\n|-damage|p1a: Trans Rights|37\/100|[from] Stealth Rock\n|move|p2a: Rotom|Volt Switch|p1a: Trans Rights\n|-damage|p1a: Trans Rights|18\/100\n|\n|t:|1700445622\n|switch|p2a: Ogerpon|Ogerpon-Wellspring, F|100\/100|[from] Volt Switch\n|\n|-heal|p1a: Trans Rights|24\/100|[from] item: Leftovers\n|upkeep\n|turn|51\n|\n|t:|1700445628\n|switch|p1a: Donbozo|Dondozo, F|62\/100\n|-damage|p1a: Donbozo|49\/100|[from] Stealth Rock\n|move|p2a: Ogerpon|Ivy Cudgel|p1a: Donbozo|[anim] Ivy Cudgel Water\n|-resisted|p1a: Donbozo\n|-damage|p1a: Donbozo|37\/100\n|\n|-heal|p1a: Donbozo|43\/100|[from] item: Leftovers\n|upkeep\n|turn|52\n|\n|t:|1700445637\n|move|p2a: Ogerpon|Trailblaze|p1a: Donbozo\n|-supereffective|p1a: Donbozo\n|-damage|p1a: Donbozo|18\/100\n|-boost|p2a: Ogerpon|spe|1\n|move|p1a: Donbozo|Rest|p1a: Donbozo\n|-status|p1a: Donbozo|slp|[from] move: Rest\n|-heal|p1a: Donbozo|100\/100 slp|[silent]\n|\n|upkeep\n|turn|53\n|\n|t:|1700445642\n|move|p2a: Ogerpon|Encore|p1a: Donbozo\n|-start|p1a: Donbozo|Encore\n|cant|p1a: Donbozo|slp\n|\n|upkeep\n|turn|54\n|\n|t:|1700445644\n|switch|p1a: NO TOUCHING|Zapdos|45\/100 tox\n|move|p2a: Ogerpon|Swords Dance|p2a: Ogerpon\n|-boost|p2a: Ogerpon|atk|2\n|\n|-damage|p1a: NO TOUCHING|39\/100 tox|[from] psn\n|upkeep\n|turn|55\n|\n|t:|1700445649\n|move|p2a: Ogerpon|Ivy Cudgel|p1a: NO TOUCHING|[anim] Ivy Cudgel Water\n|-damage|p1a: NO TOUCHING|0 fnt\n|faint|p1a: NO TOUCHING\n|\n|upkeep\n|\n|t:|1700445652\n|switch|p1a: Harambe|Rillaboom, F|38\/100\n|-damage|p1a: Harambe|26\/100|[from] Stealth Rock\n|-fieldstart|move: Grassy Terrain|[from] ability: Grassy Surge|[of] p1a: Harambe\n|turn|56\n|\n|t:|1700445657\n|move|p1a: Harambe|Grassy Glide|p2a: Ogerpon\n|-damage|p2a: Ogerpon|21\/100\n|move|p2a: Ogerpon|Trailblaze|p1a: Harambe\n|-resisted|p1a: Harambe\n|-damage|p1a: Harambe|0 fnt\n|-boost|p2a: Ogerpon|spe|1\n|faint|p1a: Harambe\n|\n|-heal|p2a: Ogerpon|27\/100|[from] Grassy Terrain\n|upkeep\n|c|\u2606TheZilla07|you win gg\n|c|\u2606swumpy mumpus|gg dude\n|c|\u2606swumpy mumpus|sick team\n|-message|TheZilla07 forfeited.\n|\n|win|swumpy mumpus\n|raw|TheZilla07's rating: 1653 &rarr; <strong>1641<\/strong><br \/>(-12 for losing)\n|raw|swumpy mumpus's rating: 1807 &rarr; <strong>1819<\/strong><br \/>(+12 for winning)\n|c|\u2606TheZilla07|thanks, same to you\n|l|\u2606swumpy mumpus\n|l| Priceless_1\n","uploadtime":1700447290,"views":18,"p1id":"thezilla07","p2id":"swumpymumpus","formatid":"gen9ou","rating":1641,"private":0,"password":""}