{"id":"gen9ou-1991588017","p1":"lux2821","p2":"SuspiciousGoober76","format":"[Gen 9] OU","log":"|j|\u2606lux2821\n|j|\u2606SuspiciousGoober76\n|t:|1700091422\n|gametype|singles\n|player|p1|lux2821|lusamine-nihilego|\n|player|p2|SuspiciousGoober76|pokefan|\n|teamsize|p1|6\n|teamsize|p2|6\n|gen|9\n|tier|[Gen 9] OU\n|rule|Sleep Clause Mod: Limit one foe put to sleep\n|rule|Species Clause: Limit one of each Pok\u00e9mon\n|rule|OHKO Clause: OHKO moves are banned\n|rule|Evasion Items Clause: Evasion items are banned\n|rule|Evasion Moves Clause: Evasion moves are banned\n|rule|Endless Battle Clause: Forcing endless battles is banned\n|rule|HP Percentage Mod: HP is shown in percentages\n|clearpoke\n|poke|p1|Slowking-Galar, M|\n|poke|p1|Zapdos|\n|poke|p1|Landorus-Therian, M|\n|poke|p1|Kingambit, F|\n|poke|p1|Gholdengo|\n|poke|p1|Ogerpon-Wellspring, F|\n|poke|p2|Ribombee, M|\n|poke|p2|Iron Moth|\n|poke|p2|Kingambit, M|\n|poke|p2|Ogerpon-Wellspring, F|\n|poke|p2|Gholdengo|\n|poke|p2|Thundurus-Therian, M|\n|teampreview\n|inactive|Battle timer is ON: inactive players will automatically lose when time's up. (requested by lux2821)\n|inactive|lux2821 has 270 seconds left.\n|c|\u2606lux2821|glhf!\n|\n|t:|1700091474\n|start\n|switch|p1a: Hammer Head|Landorus-Therian, M|100\/100\n|switch|p2a: Ribombee|Ribombee, M|100\/100\n|-ability|p1a: Hammer Head|Intimidate|boost\n|-unboost|p2a: Ribombee|atk|1\n|turn|1\n|\n|t:|1700091484\n|move|p1a: Hammer Head|Rock Slide|p2a: Ribombee\n|-supereffective|p2a: Ribombee\n|-enditem|p2a: Ribombee|Focus Sash\n|-damage|p2a: Ribombee|1\/100\n|move|p2a: Ribombee|Stun Spore|p1a: Hammer Head|[miss]\n|-miss|p2a: Ribombee|p1a: Hammer Head\n|\n|upkeep\n|turn|2\n|\n|t:|1700091495\n|switch|p2a: Gholdengo|Gholdengo|100\/100\n|-item|p2a: Gholdengo|Air Balloon\n|move|p1a: Hammer Head|Rock Slide|p2a: Gholdengo\n|-resisted|p2a: Gholdengo\n|-damage|p2a: Gholdengo|85\/100\n|-enditem|p2a: Gholdengo|Air Balloon\n|\n|upkeep\n|turn|3\n|\n|t:|1700091514\n|switch|p1a: Samuroyal|Kingambit, F|100\/100\n|switch|p2a: Ribombee|Ribombee, M|1\/100\n|\n|upkeep\n|turn|4\n|\n|t:|1700091522\n|move|p2a: Ribombee|Sticky Web|p1a: Samuroyal\n|-sidestart|p1: lux2821|move: Sticky Web\n|move|p1a: Samuroyal|Kowtow Cleave|p2a: Ribombee\n|-resisted|p2a: Ribombee\n|-damage|p2a: Ribombee|0 fnt\n|faint|p2a: Ribombee\n|\n|upkeep\n|\n|t:|1700091526\n|switch|p2a: Iron Moth|Iron Moth|100\/100\n|turn|5\n|\n|t:|1700091538\n|move|p2a: Iron Moth|Fiery Dance|p1a: Samuroyal\n|-supereffective|p1a: Samuroyal\n|-damage|p1a: Samuroyal|0 fnt\n|faint|p1a: Samuroyal\n|-end|p1a: Samuroyal|fallenundefined|[silent]\n|\n|upkeep\n|\n|t:|1700091542\n|switch|p1a: Hammer Head|Landorus-Therian, M|100\/100\n|-ability|p1a: Hammer Head|Intimidate|boost\n|-unboost|p2a: Iron Moth|atk|1\n|turn|6\n|\n|t:|1700091547\n|-end|p2a: Iron Moth|Quark Drive|[silent]\n|switch|p2a: Thundurus|Thundurus-Therian, M|100\/100\n|move|p1a: Hammer Head|Earthquake|p2a: Thundurus\n|-immune|p2a: Thundurus\n|\n|upkeep\n|turn|7\n|\n|t:|1700091551\n|switch|p1a: Bill Cypher|Zapdos|100\/100\n|move|p2a: Thundurus|Nasty Plot|p2a: Thundurus\n|-boost|p2a: Thundurus|spa|2\n|\n|upkeep\n|turn|8\n|\n|t:|1700091554\n|move|p2a: Thundurus|Thunderbolt|p1a: Bill Cypher\n|-damage|p1a: Bill Cypher|0 fnt\n|faint|p1a: Bill Cypher\n|\n|upkeep\n|\n|t:|1700091557\n|switch|p1a: Hammer Head|Landorus-Therian, M|100\/100\n|-ability|p1a: Hammer Head|Intimidate|boost\n|-unboost|p2a: Thundurus|atk|1\n|turn|9\n|\n|t:|1700091561\n|-terastallize|p2a: Thundurus|Flying\n|move|p1a: Hammer Head|Rock Slide|p2a: Thundurus\n|-supereffective|p2a: Thundurus\n|-damage|p2a: Thundurus|15\/100\n|move|p2a: Thundurus|Tera Blast|p1a: Hammer Head|[anim] Tera Blast Flying\n|-damage|p1a: Hammer Head|0 fnt\n|faint|p1a: Hammer Head\n|\n|upkeep\n|\n|t:|1700091571\n|switch|p1a: It's Glowver|Slowking-Galar, M|100\/100\n|turn|10\n|\n|t:|1700091575\n|move|p2a: Thundurus|Thunderbolt|p1a: It's Glowver\n|-damage|p1a: It's Glowver|23\/100\n|move|p1a: It's Glowver|Flamethrower|p2a: Thundurus\n|-damage|p2a: Thundurus|0 fnt\n|faint|p2a: Thundurus\n|\n|upkeep\n|\n|t:|1700091583\n|switch|p2a: Iron Moth|Iron Moth|100\/100\n|turn|11\n|\n|t:|1700091588\n|move|p2a: Iron Moth|Fiery Dance|p1a: It's Glowver\n|-damage|p1a: It's Glowver|0 fnt\n|-boost|p2a: Iron Moth|spa|1\n|faint|p1a: It's Glowver\n|\n|upkeep\n|\n|t:|1700091592\n|switch|p1a: sad moments|Ogerpon-Wellspring, F|100\/100\n|-activate|p1a: sad moments|move: Sticky Web\n|-unboost|p1a: sad moments|spe|1\n|turn|12\n|\n|t:|1700091597\n|-terastallize|p1a: sad moments|Water\n|detailschange|p1a: sad moments|Ogerpon-Wellspring-Tera, F, tera:Water\n|-ability|p1a: sad moments|Embody Aspect (Wellspring)|boost\n|-boost|p1a: sad moments|spd|1\n|move|p2a: Iron Moth|Fiery Dance|p1a: sad moments\n|-resisted|p1a: sad moments\n|-damage|p1a: sad moments|72\/100\n|-boost|p2a: Iron Moth|spa|1\n|move|p1a: sad moments|Ivy Cudgel|p2a: Iron Moth|[anim] Ivy Cudgel Water\n|-supereffective|p2a: Iron Moth\n|-damage|p2a: Iron Moth|0 fnt\n|faint|p2a: Iron Moth\n|-end|p2a: Iron Moth|Quark Drive|[silent]\n|\n|upkeep\n|\n|t:|1700091600\n|switch|p2a: Ogerpon|Ogerpon-Wellspring, F|100\/100\n|turn|13\n|\n|t:|1700091604\n|move|p2a: Ogerpon|Horn Leech|p1a: sad moments\n|-supereffective|p1a: sad moments\n|-damage|p1a: sad moments|0 fnt\n|faint|p1a: sad moments\n|\n|upkeep\n|\n|t:|1700091607\n|switch|p1a: CheeseString|Gholdengo|100\/100\n|-item|p1a: CheeseString|Air Balloon\n|turn|14\n|\n|t:|1700091610\n|move|p2a: Ogerpon|Ivy Cudgel|p1a: CheeseString|[anim] Ivy Cudgel Water\n|-crit|p1a: CheeseString\n|-damage|p1a: CheeseString|11\/100\n|-enditem|p1a: CheeseString|Air Balloon\n|move|p1a: CheeseString|Nasty Plot|p1a: CheeseString\n|-boost|p1a: CheeseString|spa|2\n|\n|upkeep\n|turn|15\n|\n|t:|1700091613\n|move|p2a: Ogerpon|Ivy Cudgel|p1a: CheeseString|[anim] Ivy Cudgel Water\n|-damage|p1a: CheeseString|0 fnt\n|faint|p1a: CheeseString\n|\n|win|SuspiciousGoober76\n|c|\u2606lux2821|gg\n|l|\u2606lux2821\n|l|\u2606SuspiciousGoober76\n|j|\u2606SuspiciousGoober76\n|player|p2|SuspiciousGoober76|pokefan\n","uploadtime":1700091632,"views":12,"p1id":"lux2821","p2id":"suspiciousgoober76","formatid":"gen9ou","rating":0,"private":0,"password":""}