{"id":"gen9ou-1994515775","p1":"technogiri","p2":"Frishitos","format":"[Gen 9] OU","log":"|j|\u2606technogiri\n|j|\u2606Frishitos\n|t:|1700453261\n|gametype|singles\n|player|p1|technogiri|2|1256\n|player|p2|Frishitos|roxie|1150\n|teamsize|p1|6\n|teamsize|p2|6\n|gen|9\n|tier|[Gen 9] OU\n|rated|\n|rule|Sleep Clause Mod: Limit one foe put to sleep\n|rule|Species Clause: Limit one of each Pok\u00e9mon\n|rule|OHKO Clause: OHKO moves are banned\n|rule|Evasion Items Clause: Evasion items are banned\n|rule|Evasion Moves Clause: Evasion moves are banned\n|rule|Endless Battle Clause: Forcing endless battles is banned\n|rule|HP Percentage Mod: HP is shown in percentages\n|clearpoke\n|poke|p1|Meowscarada, M|\n|poke|p1|Garganacl, F|\n|poke|p1|Blissey, F|\n|poke|p1|Weezing-Galar, F|\n|poke|p1|Skeledirge, F|\n|poke|p1|Dragonite, F|\n|poke|p2|Noivern, M|\n|poke|p2|Cresselia, F|\n|poke|p2|Azelf|\n|poke|p2|Cinderace, F|\n|poke|p2|Grimmsnarl, M|\n|poke|p2|Volcanion|\n|teampreview\n|inactive|Battle timer is ON: inactive players will automatically lose when time's up. (requested by technogiri)\n|\n|t:|1700453278\n|start\n|switch|p1a: Meowscarada|Meowscarada, M|100\/100\n|switch|p2a: Planet Waves|Cinderace, F|100\/100\n|turn|1\n|\n|t:|1700453285\n|move|p1a: Meowscarada|U-turn|p2a: Planet Waves\n|-start|p1a: Meowscarada|typechange|Bug|[from] ability: Protean\n|-resisted|p2a: Planet Waves\n|-damage|p2a: Planet Waves|73\/100\n|\n|t:|1700453291\n|switch|p1a: Weezing|Weezing-Galar, F|100\/100|[from] U-turn\n|move|p2a: Planet Waves|U-turn|p1a: Weezing\n|-start|p2a: Planet Waves|typechange|Bug|[from] ability: Libero\n|-resisted|p1a: Weezing\n|-damage|p1a: Weezing|91\/100\n|\n|t:|1700453307\n|switch|p2a: Catch the Rainbow|Volcanion|100\/100|[from] U-turn\n|\n|-heal|p1a: Weezing|97\/100|[from] item: Leftovers\n|upkeep\n|turn|2\n|\n|t:|1700453313\n|move|p2a: Catch the Rainbow|Flash Cannon|p1a: Weezing\n|-supereffective|p1a: Weezing\n|-damage|p1a: Weezing|8\/100\n|move|p1a: Weezing|Toxic|p2a: Catch the Rainbow\n|-status|p2a: Catch the Rainbow|tox\n|\n|-heal|p1a: Weezing|14\/100|[from] item: Leftovers\n|-damage|p2a: Catch the Rainbow|95\/100 tox|[from] psn\n|upkeep\n|turn|3\n|\n|t:|1700453320\n|switch|p1a: Blissey|Blissey, F|100\/100\n|move|p2a: Catch the Rainbow|Steam Eruption|p1a: Blissey\n|-damage|p1a: Blissey|84\/100\n|\n|-damage|p2a: Catch the Rainbow|83\/100 tox|[from] psn\n|upkeep\n|turn|4\n|\n|t:|1700453329\n|switch|p2a: Planet Waves|Cinderace, F|73\/100\n|move|p1a: Blissey|Seismic Toss|p2a: Planet Waves\n|-damage|p2a: Planet Waves|40\/100\n|\n|upkeep\n|turn|5\n|\n|t:|1700453333\n|switch|p1a: Weezing|Weezing-Galar, F|14\/100\n|move|p2a: Planet Waves|High Jump Kick|p1a: Weezing\n|-start|p2a: Planet Waves|typechange|Fighting|[from] ability: Libero\n|-resisted|p1a: Weezing\n|-crit|p1a: Weezing\n|-damage|p1a: Weezing|0 fnt\n|faint|p1a: Weezing\n|\n|upkeep\n|\n|t:|1700453342\n|switch|p1a: Meowscarada|Meowscarada, M|100\/100\n|turn|6\n|\n|t:|1700453349\n|switch|p2a: Born This Way|Grimmsnarl, M, shiny|100\/100\n|move|p1a: Meowscarada|Flower Trick|p2a: Born This Way\n|-start|p1a: Meowscarada|typechange|Grass|[from] ability: Protean\n|-crit|p2a: Born This Way\n|-damage|p2a: Born This Way|41\/100\n|\n|upkeep\n|turn|7\n|\n|t:|1700453358\n|move|p2a: Born This Way|Fake Out|p1a: Meowscarada\n|-damage|p1a: Meowscarada|75\/100\n|-damage|p2a: Born This Way|31\/100|[from] item: Life Orb\n|cant|p1a: Meowscarada|flinch\n|\n|upkeep\n|turn|8\n|\n|t:|1700453364\n|move|p2a: Born This Way|Sucker Punch|p1a: Meowscarada\n|-damage|p1a: Meowscarada|16\/100\n|-damage|p2a: Born This Way|21\/100|[from] item: Life Orb\n|move|p1a: Meowscarada|Flower Trick|p2a: Born This Way\n|-crit|p2a: Born This Way\n|-damage|p2a: Born This Way|0 fnt\n|faint|p2a: Born This Way\n|\n|upkeep\n|\n|t:|1700453374\n|switch|p2a: In a Silent Way|Noivern, M|100\/100\n|turn|9\n|\n|t:|1700453382\n|switch|p1a: Blissey|Blissey, F|84\/100\n|move|p2a: In a Silent Way|Boomburst|p1a: Blissey\n|-damage|p1a: Blissey|71\/100\n|-damage|p2a: In a Silent Way|91\/100|[from] item: Life Orb\n|\n|upkeep\n|turn|10\n|\n|t:|1700453391\n|switch|p2a: C-Moon|Cresselia, F, shiny|100\/100\n|move|p1a: Blissey|Thunder Wave|p2a: C-Moon\n|-status|p2a: C-Moon|par\n|\n|upkeep\n|turn|11\n|\n|t:|1700453402\n|switch|p1a: Meowscarada|Meowscarada, M|16\/100\n|move|p2a: C-Moon|Thunder Wave|p1a: Meowscarada\n|-status|p1a: Meowscarada|par\n|\n|upkeep\n|turn|12\n|\n|t:|1700453417\n|-terastallize|p2a: C-Moon|Electric\n|move|p1a: Meowscarada|Knock Off|p2a: C-Moon\n|-start|p1a: Meowscarada|typechange|Dark|[from] ability: Protean\n|-damage|p2a: C-Moon|75\/100 par\n|-enditem|p2a: C-Moon|Light Clay|[from] move: Knock Off|[of] p1a: Meowscarada\n|move|p2a: C-Moon|Reflect|p2a: C-Moon\n|-sidestart|p2: Frishitos|Reflect\n|\n|upkeep\n|turn|13\n|\n|t:|1700453435\n|switch|p1a: Garganacl|Garganacl, F|100\/100\n|switch|p2a: Planet Waves|Cinderace, F|40\/100\n|\n|upkeep\n|turn|14\n|\n|t:|1700453441\n|switch|p2a: Catch the Rainbow|Volcanion|83\/100 tox\n|move|p1a: Garganacl|Salt Cure|p2a: Catch the Rainbow\n|-supereffective|p2a: Catch the Rainbow\n|-damage|p2a: Catch the Rainbow|70\/100 tox\n|-start|p2a: Catch the Rainbow|Salt Cure\n|\n|-damage|p2a: Catch the Rainbow|64\/100 tox|[from] psn\n|-damage|p2a: Catch the Rainbow|40\/100 tox|[from] Salt Cure\n|upkeep\n|turn|15\n|\n|t:|1700453452\n|switch|p1a: Blissey|Blissey, F|71\/100\n|move|p2a: Catch the Rainbow|Steam Eruption|p1a: Blissey\n|-damage|p1a: Blissey|53\/100\n|\n|-damage|p2a: Catch the Rainbow|28\/100 tox|[from] psn\n|-damage|p2a: Catch the Rainbow|3\/100 tox|[from] Salt Cure\n|upkeep\n|turn|16\n|\n|t:|1700453458\n|move|p2a: Catch the Rainbow|Steam Eruption|p1a: Blissey\n|-damage|p1a: Blissey|36\/100\n|-status|p1a: Blissey|brn\n|move|p1a: Blissey|Soft-Boiled|p1a: Blissey\n|-heal|p1a: Blissey|86\/100 brn\n|\n|-damage|p2a: Catch the Rainbow|0 fnt|[from] psn\n|faint|p2a: Catch the Rainbow\n|-damage|p1a: Blissey|79\/100 brn|[from] brn\n|-sideend|p2: Frishitos|Reflect\n|upkeep\n|\n|t:|1700453462\n|switch|p2a: Planet Waves|Cinderace, F|40\/100\n|turn|17\n|\n|t:|1700453466\n|-curestatus|p1a: Blissey|brn|[from] ability: Natural Cure\n|switch|p1a: Garganacl|Garganacl, F|100\/100\n|move|p2a: Planet Waves|High Jump Kick|p1a: Garganacl\n|-start|p2a: Planet Waves|typechange|Fighting|[from] ability: Libero\n|-supereffective|p1a: Garganacl\n|-damage|p1a: Garganacl|0 fnt\n|faint|p1a: Garganacl\n|\n|upkeep\n|\n|t:|1700453477\n|switch|p1a: Dragonite|Dragonite, F|100\/100\n|turn|18\n|\n|t:|1700453483\n|switch|p2a: C-Moon|Cresselia, F, shiny, tera:Electric|75\/100 par\n|move|p1a: Dragonite|Dragon Dance|p1a: Dragonite\n|-boost|p1a: Dragonite|atk|1\n|-boost|p1a: Dragonite|spe|1\n|\n|upkeep\n|turn|19\n|\n|t:|1700453505\n|move|p1a: Dragonite|Earthquake|p2a: C-Moon\n|-immune|p2a: C-Moon|[from] ability: Levitate\n|move|p2a: C-Moon|Reflect|p2a: C-Moon\n|-sidestart|p2: Frishitos|Reflect\n|\n|upkeep\n|turn|20\n|\n|t:|1700453515\n|-terastallize|p1a: Dragonite|Normal\n|move|p1a: Dragonite|Extreme Speed|p2a: C-Moon\n|-damage|p2a: C-Moon|57\/100 par\n|cant|p2a: C-Moon|par\n|\n|upkeep\n|turn|21\n|\n|t:|1700453526\n|switch|p1a: Meowscarada|Meowscarada, M|16\/100 par\n|move|p2a: C-Moon|Thunder Wave|p1a: Meowscarada\n|-fail|p1a: Meowscarada|par\n|\n|upkeep\n|turn|22\n|\n|t:|1700453534\n|move|p1a: Meowscarada|Knock Off|p2a: C-Moon\n|-start|p1a: Meowscarada|typechange|Dark|[from] ability: Protean\n|-damage|p2a: C-Moon|48\/100 par\n|move|p2a: C-Moon|Moonlight|p2a: C-Moon\n|-heal|p2a: C-Moon|98\/100 par\n|\n|upkeep\n|turn|23\n|\n|t:|1700453552\n|switch|p1a: Blissey|Blissey, F|79\/100\n|switch|p2a: In a Silent Way|Noivern, M|91\/100\n|\n|-sideend|p2: Frishitos|Reflect\n|upkeep\n|turn|24\n|\n|t:|1700453563\n|switch|p2a: C-Moon|Cresselia, F, shiny, tera:Electric|98\/100 par\n|move|p1a: Blissey|Thunder Wave|p2a: C-Moon\n|-fail|p2a: C-Moon|par\n|\n|upkeep\n|turn|25\n|\n|t:|1700453569\n|move|p1a: Blissey|Seismic Toss|p2a: C-Moon\n|-damage|p2a: C-Moon|76\/100 par\n|cant|p2a: C-Moon|par\n|\n|upkeep\n|turn|26\n|\n|t:|1700453580\n|switch|p1a: Meowscarada|Meowscarada, M|16\/100 par\n|cant|p2a: C-Moon|par\n|\n|upkeep\n|turn|27\n|\n|t:|1700453586\n|cant|p1a: Meowscarada|par\n|move|p2a: C-Moon|Reflect|p2a: C-Moon\n|-sidestart|p2: Frishitos|Reflect\n|\n|upkeep\n|turn|28\n|\n|t:|1700453596\n|move|p1a: Meowscarada|Flower Trick|p2a: C-Moon\n|-start|p1a: Meowscarada|typechange|Grass|[from] ability: Protean\n|-crit|p2a: C-Moon\n|-damage|p2a: C-Moon|46\/100 par\n|move|p2a: C-Moon|Light Screen|p2a: C-Moon\n|-sidestart|p2: Frishitos|move: Light Screen\n|\n|upkeep\n|turn|29\n|\n|t:|1700453604\n|move|p1a: Meowscarada|Flower Trick|p2a: C-Moon\n|-crit|p2a: C-Moon\n|-damage|p2a: C-Moon|18\/100 par\n|cant|p2a: C-Moon|par\n|\n|upkeep\n|turn|30\n|\n|t:|1700453610\n|cant|p1a: Meowscarada|par\n|move|p2a: C-Moon|Moonlight|p2a: C-Moon\n|-heal|p2a: C-Moon|68\/100 par\n|\n|upkeep\n|turn|31\n|\n|t:|1700453615\n|move|p1a: Meowscarada|Flower Trick|p2a: C-Moon\n|-crit|p2a: C-Moon\n|-damage|p2a: C-Moon|40\/100 par\n|move|p2a: C-Moon|Moonlight|p2a: C-Moon\n|-heal|p2a: C-Moon|90\/100 par\n|\n|-sideend|p2: Frishitos|Reflect\n|upkeep\n|turn|32\n|\n|t:|1700453624\n|switch|p2a: In a Silent Way|Noivern, M|91\/100\n|cant|p1a: Meowscarada|par\n|\n|-sideend|p2: Frishitos|move: Light Screen\n|upkeep\n|turn|33\n|\n|t:|1700453629\n|switch|p2a: Planet Waves|Cinderace, F|40\/100\n|switch|p1a: Blissey|Blissey, F|79\/100\n|\n|upkeep\n|turn|34\n|\n|t:|1700453634\n|switch|p1a: Meowscarada|Meowscarada, M|16\/100 par\n|move|p2a: Planet Waves|High Jump Kick|p1a: Meowscarada\n|-start|p2a: Planet Waves|typechange|Fighting|[from] ability: Libero\n|-supereffective|p1a: Meowscarada\n|-damage|p1a: Meowscarada|0 fnt\n|faint|p1a: Meowscarada\n|\n|upkeep\n|\n|t:|1700453641\n|switch|p1a: Skeledirge|Skeledirge, F|100\/100\n|turn|35\n|\n|t:|1700453655\n|switch|p2a: In a Silent Way|Noivern, M|91\/100\n|move|p1a: Skeledirge|Torch Song|p2a: In a Silent Way\n|-resisted|p2a: In a Silent Way\n|-damage|p2a: In a Silent Way|71\/100\n|-boost|p1a: Skeledirge|spa|1\n|\n|upkeep\n|turn|36\n|\n|t:|1700453663\n|move|p2a: In a Silent Way|Air Slash|p1a: Skeledirge\n|-damage|p1a: Skeledirge|70\/100\n|-damage|p2a: In a Silent Way|61\/100|[from] item: Life Orb\n|cant|p1a: Skeledirge|flinch\n|\n|-heal|p1a: Skeledirge|76\/100|[from] item: Leftovers\n|upkeep\n|turn|37\n|\n|t:|1700453674\n|move|p2a: In a Silent Way|Draco Meteor|p1a: Skeledirge\n|-damage|p1a: Skeledirge|24\/100\n|-unboost|p2a: In a Silent Way|spa|2\n|-damage|p2a: In a Silent Way|51\/100|[from] item: Life Orb\n|move|p1a: Skeledirge|Torch Song|p2a: In a Silent Way\n|-resisted|p2a: In a Silent Way\n|-damage|p2a: In a Silent Way|22\/100\n|-boost|p1a: Skeledirge|spa|1\n|\n|-heal|p1a: Skeledirge|30\/100|[from] item: Leftovers\n|upkeep\n|turn|38\n|\n|t:|1700453684\n|switch|p2a: Planet Waves|Cinderace, F|40\/100\n|move|p1a: Skeledirge|Slack Off|p1a: Skeledirge\n|-heal|p1a: Skeledirge|80\/100\n|\n|-heal|p1a: Skeledirge|86\/100|[from] item: Leftovers\n|upkeep\n|turn|39\n|\n|t:|1700453693\n|move|p2a: Planet Waves|Sucker Punch|p1a: Skeledirge\n|-start|p2a: Planet Waves|typechange|Dark|[from] ability: Libero\n|-supereffective|p1a: Skeledirge\n|-damage|p1a: Skeledirge|0 fnt\n|faint|p1a: Skeledirge\n|\n|upkeep\n|\n|t:|1700453698\n|switch|p1a: Dragonite|Dragonite, F, tera:Normal|100\/100\n|turn|40\n|\n|t:|1700453702\n|switch|p2a: C-Moon|Cresselia, F, shiny, tera:Electric|90\/100 par\n|move|p1a: Dragonite|Dragon Dance|p1a: Dragonite\n|-boost|p1a: Dragonite|atk|1\n|-boost|p1a: Dragonite|spe|1\n|\n|upkeep\n|turn|41\n|\n|t:|1700453709\n|move|p1a: Dragonite|Ice Spinner|p2a: C-Moon\n|-damage|p2a: C-Moon|65\/100 par\n|move|p2a: C-Moon|Thunder Wave|p1a: Dragonite\n|-status|p1a: Dragonite|par\n|\n|upkeep\n|turn|42\n|\n|t:|1700453714\n|cant|p1a: Dragonite|par\n|move|p2a: C-Moon|Reflect|p2a: C-Moon\n|-sidestart|p2: Frishitos|Reflect\n|\n|upkeep\n|turn|43\n|\n|t:|1700453722\n|switch|p2a: In a Silent Way|Noivern, M|22\/100\n|move|p1a: Dragonite|Dragon Dance|p1a: Dragonite\n|-boost|p1a: Dragonite|atk|1\n|-boost|p1a: Dragonite|spe|1\n|\n|upkeep\n|turn|44\n|\n|t:|1700453729\n|move|p2a: In a Silent Way|Draco Meteor|p1a: Dragonite\n|-damage|p1a: Dragonite|65\/100 par\n|-unboost|p2a: In a Silent Way|spa|2\n|-damage|p2a: In a Silent Way|12\/100|[from] item: Life Orb\n|move|p1a: Dragonite|Ice Spinner|p2a: In a Silent Way\n|-supereffective|p2a: In a Silent Way\n|-damage|p2a: In a Silent Way|0 fnt\n|faint|p2a: In a Silent Way\n|\n|upkeep\n|\n|t:|1700453740\n|switch|p2a: Planet Waves|Cinderace, F|40\/100\n|turn|45\n|\n|t:|1700453743\n|move|p1a: Dragonite|Extreme Speed|p2a: Planet Waves\n|-damage|p2a: Planet Waves|0 fnt\n|faint|p2a: Planet Waves\n|\n|upkeep\n|\n|t:|1700453747\n|switch|p2a: Moody Blues|Azelf|100\/100\n|turn|46\n|\n|t:|1700453754\n|move|p1a: Dragonite|Extreme Speed|p2a: Moody Blues\n|-damage|p2a: Moody Blues|29\/100\n|move|p2a: Moody Blues|Psychic|p1a: Dragonite\n|-damage|p1a: Dragonite|0 fnt\n|faint|p1a: Dragonite\n|-damage|p2a: Moody Blues|19\/100|[from] item: Life Orb\n|\n|-sideend|p2: Frishitos|Reflect\n|upkeep\n|\n|t:|1700453760\n|switch|p1a: Blissey|Blissey, F|79\/100\n|turn|47\n|\n|t:|1700453765\n|switch|p2a: C-Moon|Cresselia, F, shiny, tera:Electric|65\/100 par\n|move|p1a: Blissey|Stealth Rock|p2a: C-Moon\n|-sidestart|p2: Frishitos|move: Stealth Rock\n|\n|upkeep\n|turn|48\n|\n|t:|1700453769\n|move|p1a: Blissey|Seismic Toss|p2a: C-Moon\n|-damage|p2a: C-Moon|43\/100 par\n|cant|p2a: C-Moon|par\n|\n|upkeep\n|turn|49\n|\n|t:|1700453774\n|move|p1a: Blissey|Seismic Toss|p2a: C-Moon\n|-damage|p2a: C-Moon|20\/100 par\n|move|p2a: C-Moon|Thunder Wave|p1a: Blissey\n|-status|p1a: Blissey|par\n|\n|upkeep\n|turn|50\n|\n|t:|1700453785\n|move|p2a: C-Moon|Moonlight|p2a: C-Moon\n|-heal|p2a: C-Moon|70\/100 par\n|move|p1a: Blissey|Seismic Toss|p2a: C-Moon\n|-damage|p2a: C-Moon|48\/100 par\n|\n|upkeep\n|turn|51\n|\n|t:|1700453794\n|move|p2a: C-Moon|Reflect|p2a: C-Moon\n|-sidestart|p2: Frishitos|Reflect\n|move|p1a: Blissey|Seismic Toss|p2a: C-Moon\n|-damage|p2a: C-Moon|25\/100 par\n|\n|upkeep\n|turn|52\n|\n|t:|1700453802\n|move|p2a: C-Moon|Thunder Wave|p1a: Blissey\n|-fail|p1a: Blissey|par\n|move|p1a: Blissey|Seismic Toss|p2a: C-Moon\n|-damage|p2a: C-Moon|3\/100 par\n|\n|upkeep\n|turn|53\n|\n|t:|1700453807\n|move|p2a: C-Moon|Thunder Wave|p1a: Blissey\n|-fail|p1a: Blissey|par\n|move|p1a: Blissey|Seismic Toss|p2a: C-Moon\n|-damage|p2a: C-Moon|0 fnt\n|faint|p2a: C-Moon\n|\n|upkeep\n|\n|t:|1700453809\n|switch|p2a: Moody Blues|Azelf|19\/100\n|-damage|p2a: Moody Blues|6\/100|[from] Stealth Rock\n|turn|54\n|\n|t:|1700453814\n|move|p2a: Moody Blues|Psyshock|p1a: Blissey\n|-damage|p1a: Blissey|0 fnt\n|faint|p1a: Blissey\n|-damage|p2a: Moody Blues|0 fnt|[from] item: Life Orb\n|faint|p2a: Moody Blues\n|\n|win|Frishitos\n|raw|technogiri's rating: 1256 &rarr; <strong>1224<\/strong><br \/>(-32 for losing)\n|raw|Frishitos's rating: 1150 &rarr; <strong>1182<\/strong><br \/>(+32 for winning)\n|c|\u2606Frishitos|gg\n|l|\u2606technogiri\n","uploadtime":1700453823,"views":22,"p1id":"technogiri","p2id":"frishitos","formatid":"gen9ou","rating":1182,"private":0,"password":""}