{"id":"gen9ou-1991914009","p1":"Bunnysai","p2":"sir sardou","format":"[Gen 9] OU","log":"|j|\u2606Bunnysai\n|j|\u2606sir sardou\n|inactive|Battle timer is ON: inactive players will automatically lose when time's up.\n|t:|1700137499\n|gametype|singles\n|player|p1|Bunnysai|brock|\n|player|p2|sir sardou|veteran|\n|teamsize|p1|6\n|teamsize|p2|6\n|gen|9\n|tier|[Gen 9] OU\n|rated|Tournament battle\n|rule|Sleep Clause Mod: Limit one foe put to sleep\n|rule|Species Clause: Limit one of each Pok\u00e9mon\n|rule|OHKO Clause: OHKO moves are banned\n|rule|Evasion Items Clause: Evasion items are banned\n|rule|Evasion Moves Clause: Evasion moves are banned\n|rule|Endless Battle Clause: Forcing endless battles is banned\n|rule|HP Percentage Mod: HP is shown in percentages\n|clearpoke\n|poke|p1|Iron Jugulis|\n|poke|p1|Ogerpon-Wellspring, F|\n|poke|p1|Tinkaton, F|\n|poke|p1|Iron Moth|\n|poke|p1|Great Tusk|\n|poke|p1|Dragapult, M|\n|poke|p2|Samurott-Hisui, M|\n|poke|p2|Gholdengo|\n|poke|p2|Ceruledge, F|\n|poke|p2|Rillaboom, F|\n|poke|p2|Zamazenta-*|\n|poke|p2|Great Tusk|\n|teampreview\n|inactive|Bunnysai also wants the timer to be on.\n|j| TheNewBrends11\n|j| defnotapenguin\n|c| defnotapenguin|hey\n|c|\u2606sir sardou|gl hf\n|inactive|sir sardou has 120 seconds left.\n|\n|t:|1700137532\n|start\n|switch|p1a: TWINKATON|Tinkaton, F|100\/100\n|switch|p2a: Ceruledge|Ceruledge, F|100\/100\n|-item|p1a: TWINKATON|Air Balloon\n|turn|1\n|\n|t:|1700137546\n|-terastallize|p1a: TWINKATON|Water\n|move|p1a: TWINKATON|Thunder Wave|p2a: Ceruledge\n|-status|p2a: Ceruledge|par\n|move|p2a: Ceruledge|Bitter Blade|p1a: TWINKATON\n|-resisted|p1a: TWINKATON\n|-damage|p1a: TWINKATON|75\/100\n|-enditem|p1a: TWINKATON|Air Balloon\n|-enditem|p2a: Ceruledge|Focus Sash|[silent]|[from] ability: Pickpocket|[of] p2a: Ceruledge\n|-item|p1a: TWINKATON|Focus Sash|[from] ability: Pickpocket|[of] p2a: Ceruledge\n|\n|upkeep\n|turn|2\n|\n|t:|1700137557\n|move|p1a: TWINKATON|Stealth Rock|p2a: Ceruledge\n|-sidestart|p2: sir sardou|move: Stealth Rock\n|move|p2a: Ceruledge|Swords Dance|p2a: Ceruledge\n|-boost|p2a: Ceruledge|atk|2\n|\n|upkeep\n|turn|3\n|\n|t:|1700137572\n|cant|p2a: Ceruledge|par\n|move|p1a: TWINKATON|Encore|p2a: Ceruledge\n|-start|p2a: Ceruledge|Encore\n|\n|upkeep\n|turn|4\n|\n|t:|1700137584\n|switch|p1a: Great Tusk|Great Tusk|100\/100\n|-enditem|p1a: Great Tusk|Booster Energy\n|-activate|p1a: Great Tusk|ability: Protosynthesis|[fromitem]\n|-start|p1a: Great Tusk|protosynthesisspe\n|switch|p2a: Rillaboom|Rillaboom, F|100\/100\n|-damage|p2a: Rillaboom|88\/100|[from] Stealth Rock\n|-fieldstart|move: Grassy Terrain|[from] ability: Grassy Surge|[of] p2a: Rillaboom\n|\n|-heal|p2a: Rillaboom|94\/100|[from] Grassy Terrain\n|upkeep\n|turn|5\n|c| defnotapenguin|damn this tinkaton kinda slick\n|\n|t:|1700137596\n|move|p1a: Great Tusk|Ice Spinner|p2a: Rillaboom\n|-supereffective|p2a: Rillaboom\n|-damage|p2a: Rillaboom|40\/100\n|-fieldend|move: Grassy Terrain\n|move|p2a: Rillaboom|Swords Dance|p2a: Rillaboom\n|-boost|p2a: Rillaboom|atk|2\n|\n|upkeep\n|turn|6\n|c| defnotapenguin|ruh roh\n|c|\u2606sir sardou|ouch\n|\n|t:|1700137624\n|-terastallize|p2a: Rillaboom|Water\n|move|p1a: Great Tusk|Ice Spinner|p2a: Rillaboom\n|-resisted|p2a: Rillaboom\n|-damage|p2a: Rillaboom|27\/100\n|move|p2a: Rillaboom|Grassy Glide|p1a: Great Tusk\n|-supereffective|p1a: Great Tusk\n|-damage|p1a: Great Tusk|8\/100\n|-damage|p2a: Rillaboom|18\/100|[from] item: Life Orb\n|\n|upkeep\n|turn|7\n|j| SandySubway\n|\n|t:|1700137638\n|move|p1a: Great Tusk|Headlong Rush|p2a: Rillaboom\n|-damage|p2a: Rillaboom|0 fnt\n|-unboost|p1a: Great Tusk|def|1\n|-unboost|p1a: Great Tusk|spd|1\n|faint|p2a: Rillaboom\n|\n|upkeep\n|\n|t:|1700137641\n|switch|p2a: Ceruledge|Ceruledge, F|100\/100 par\n|-damage|p2a: Ceruledge|76\/100 par|[from] Stealth Rock\n|turn|8\n|j| Eliprogamer\n|\n|t:|1700137645\n|move|p2a: Ceruledge|Shadow Sneak|p1a: Great Tusk\n|-damage|p1a: Great Tusk|0 fnt\n|faint|p1a: Great Tusk\n|-end|p1a: Great Tusk|Protosynthesis|[silent]\n|\n|upkeep\n|\n|t:|1700137651\n|switch|p1a: Iron Jugulis|Iron Jugulis|100\/100\n|-enditem|p1a: Iron Jugulis|Booster Energy\n|-activate|p1a: Iron Jugulis|ability: Quark Drive|[fromitem]\n|-start|p1a: Iron Jugulis|quarkdrivespe\n|turn|9\n|l| Eliprogamer\n|\n|t:|1700137673\n|move|p1a: Iron Jugulis|Knock Off|p2a: Ceruledge\n|-supereffective|p2a: Ceruledge\n|-damage|p2a: Ceruledge|28\/100 par\n|-ability|p2a: Ceruledge|Weak Armor|boost\n|-unboost|p2a: Ceruledge|def|1\n|-boost|p2a: Ceruledge|spe|2\n|move|p2a: Ceruledge|Destiny Bond|p2a: Ceruledge\n|-singlemove|p2a: Ceruledge|Destiny Bond\n|\n|upkeep\n|turn|10\n|c| defnotapenguin|ruh roh\n|c| SandySubway|Hey wait freezai team\n|c| SandySubway|neat\n|\n|t:|1700137687\n|-end|p1a: Iron Jugulis|Quark Drive|[silent]\n|switch|p1a: Ogerpon|Ogerpon-Wellspring, F|100\/100\n|move|p2a: Ceruledge|Bitter Blade|p1a: Ogerpon\n|-damage|p1a: Ogerpon|45\/100\n|-heal|p2a: Ceruledge|56\/100 par|[from] drain|[of] p1a: Ogerpon\n|\n|upkeep\n|turn|11\n|\n|t:|1700137695\n|move|p2a: Ceruledge|Shadow Sneak|p1a: Ogerpon\n|-damage|p1a: Ogerpon|20\/100\n|move|p1a: Ogerpon|Ivy Cudgel|p2a: Ceruledge|[anim] Ivy Cudgel Water\n|-supereffective|p2a: Ceruledge\n|-crit|p2a: Ceruledge\n|-damage|p2a: Ceruledge|0 fnt\n|faint|p2a: Ceruledge\n|\n|upkeep\n|c| defnotapenguin|ogerpon is so weird\n|\n|t:|1700137704\n|switch|p2a: Gholdengo|Gholdengo|100\/100\n|-damage|p2a: Gholdengo|94\/100|[from] Stealth Rock\n|turn|12\n|c| defnotapenguin|wait i thought ivy cudgel was grass type?\n|\n|t:|1700137714\n|move|p2a: Gholdengo|Shadow Ball|p1a: Ogerpon\n|-damage|p1a: Ogerpon|0 fnt\n|faint|p1a: Ogerpon\n|\n|upkeep\n|\n|t:|1700137719\n|switch|p1a: Iron Jugulis|Iron Jugulis|100\/100\n|turn|13\n|\n|t:|1700137724\n|switch|p2a: Great Tusk|Great Tusk|100\/100\n|-damage|p2a: Great Tusk|98\/100|[from] Stealth Rock\n|-enditem|p2a: Great Tusk|Booster Energy\n|-activate|p2a: Great Tusk|ability: Protosynthesis|[fromitem]\n|-start|p2a: Great Tusk|protosynthesisspe\n|move|p1a: Iron Jugulis|Knock Off|p2a: Great Tusk\n|-resisted|p2a: Great Tusk\n|-damage|p2a: Great Tusk|92\/100\n|\n|upkeep\n|turn|14\n|c| SandySubway|Ogerpon grass type it is\n|\n|t:|1700137730\n|move|p2a: Great Tusk|Bulk Up|p2a: Great Tusk\n|-boost|p2a: Great Tusk|atk|1\n|-boost|p2a: Great Tusk|def|1\n|move|p1a: Iron Jugulis|Hurricane|p2a: Great Tusk\n|-supereffective|p2a: Great Tusk\n|-damage|p2a: Great Tusk|0 fnt\n|faint|p2a: Great Tusk\n|-end|p2a: Great Tusk|Protosynthesis|[silent]\n|\n|upkeep\n|c| defnotapenguin|oh\n|c| SandySubway|wellspring is a water type\n|\n|t:|1700137737\n|switch|p2a: Samurott|Samurott-Hisui, M, shiny|100\/100\n|-damage|p2a: Samurott|88\/100|[from] Stealth Rock\n|turn|15\n|c| defnotapenguin|oh damn\n|c| SandySubway|The fire one changes to dire type\n|c| SandySubway|So on and so forth\n|c| defnotapenguin|the fire ban is banned in ou tho\n|\n|t:|1700137755\n|move|p1a: Iron Jugulis|Hurricane|p2a: Samurott\n|-damage|p2a: Samurott|15\/100\n|move|p2a: Samurott|Aqua Cutter|p1a: Iron Jugulis\n|-damage|p1a: Iron Jugulis|39\/100\n|\n|upkeep\n|turn|16\n|c| SandySubway|Yeah I know\n|\n|t:|1700137760\n|move|p2a: Samurott|Sucker Punch|p1a: Iron Jugulis\n|-resisted|p1a: Iron Jugulis\n|-damage|p1a: Iron Jugulis|14\/100\n|move|p1a: Iron Jugulis|Hurricane|p2a: Samurott\n|-damage|p2a: Samurott|0 fnt\n|faint|p2a: Samurott\n|\n|upkeep\n|c| SandySubway|i\u2019m just saying it changes type\n|\n|t:|1700137764\n|switch|p2a: Gholdengo|Gholdengo|94\/100\n|-damage|p2a: Gholdengo|88\/100|[from] Stealth Rock\n|turn|17\n|\n|t:|1700137775\n|move|p2a: Gholdengo|Shadow Ball|p1a: Iron Jugulis\n|-resisted|p1a: Iron Jugulis\n|-damage|p1a: Iron Jugulis|0 fnt\n|faint|p1a: Iron Jugulis\n|-end|p1a: Iron Jugulis|Quark Drive|[silent]\n|\n|upkeep\n|\n|t:|1700137787\n|switch|p1a: Iron Moth|Iron Moth|100\/100\n|-enditem|p1a: Iron Moth|Booster Energy\n|-activate|p1a: Iron Moth|ability: Quark Drive|[fromitem]\n|-start|p1a: Iron Moth|quarkdrivespe\n|turn|18\n|l| SandySubway\n|\n|t:|1700137796\n|move|p1a: Iron Moth|Fiery Dance|p2a: Gholdengo\n|-supereffective|p2a: Gholdengo\n|-damage|p2a: Gholdengo|0 fnt\n|-boost|p1a: Iron Moth|spa|1\n|faint|p2a: Gholdengo\n|\n|upkeep\n|\n|t:|1700137798\n|switch|p2a: Zamazenta|Zamazenta|100\/100\n|-damage|p2a: Zamazenta|94\/100|[from] Stealth Rock\n|-ability|p2a: Zamazenta|Dauntless Shield|boost\n|-boost|p2a: Zamazenta|def|1\n|turn|19\n|c|\u2606sir sardou|gg\n|\n|t:|1700137809\n|move|p1a: Iron Moth|Fiery Dance|p2a: Zamazenta\n|-damage|p2a: Zamazenta|40\/100\n|-boost|p1a: Iron Moth|spa|1\n|move|p2a: Zamazenta|Iron Defense|p2a: Zamazenta\n|-boost|p2a: Zamazenta|def|2\n|\n|-heal|p2a: Zamazenta|47\/100|[from] item: Leftovers\n|upkeep\n|turn|20\n|\n|t:|1700137814\n|move|p1a: Iron Moth|Dazzling Gleam|p2a: Zamazenta\n|-supereffective|p2a: Zamazenta\n|-damage|p2a: Zamazenta|0 fnt\n|faint|p2a: Zamazenta\n|\n|win|Bunnysai\n|n|\u2606Bunnysai|bunnysai\n|n|\u2606sir sardou|sirsardou\n|n| TheNewBrends11|thenewbrends11\n|n| defnotapenguin|defnotapenguin\n|l|\u2606sir sardou\n|l| defnotapenguin\n|l|\u2606Bunnysai\n","uploadtime":1700139109,"views":11,"p1id":"bunnysai","p2id":"sirsardou","formatid":"gen9ou","rating":0,"private":0,"password":""}