{"id":"gen9ou-1992781860","p1":"stoner wizard","p2":"williwont","format":"[Gen 9] OU","log":"|j|\u2606stoner wizard\n|j|\u2606williwont\n|t:|1700234950\n|gametype|singles\n|player|p1|stoner wizard|battlegirl|\n|player|p2|williwont|rosa|\n|teamsize|p1|6\n|teamsize|p2|6\n|gen|9\n|tier|[Gen 9] OU\n|rule|Sleep Clause Mod: Limit one foe put to sleep\n|rule|Species Clause: Limit one of each Pok\u00e9mon\n|rule|OHKO Clause: OHKO moves are banned\n|rule|Evasion Items Clause: Evasion items are banned\n|rule|Evasion Moves Clause: Evasion moves are banned\n|rule|Endless Battle Clause: Forcing endless battles is banned\n|rule|HP Percentage Mod: HP is shown in percentages\n|clearpoke\n|poke|p1|Slither Wing|\n|poke|p1|Garganacl, M|\n|poke|p1|Tatsugiri, M|\n|poke|p1|Basculegion-F, F|\n|poke|p1|Ceruledge, F|\n|poke|p1|Cinderace, F|\n|poke|p2|Thundurus-Therian, M|\n|poke|p2|Conkeldurr, F|\n|poke|p2|Milotic, M|\n|poke|p2|Infernape, M|\n|poke|p2|Tornadus-Therian, M|\n|poke|p2|Leavanny, M|\n|teampreview\n|inactive|Battle timer is ON: inactive players will automatically lose when time's up. (requested by williwont)\n|\n|t:|1700234972\n|start\n|switch|p1a: Bitter Sweet|Ceruledge, F|100\/100\n|switch|p2a: Leavanny|Leavanny, M, shiny|100\/100\n|turn|1\n|\n|t:|1700234981\n|move|p2a: Leavanny|Knock Off|p1a: Bitter Sweet\n|-supereffective|p1a: Bitter Sweet\n|-damage|p1a: Bitter Sweet|13\/100\n|-ability|p1a: Bitter Sweet|Weak Armor|boost\n|-unboost|p1a: Bitter Sweet|def|1\n|-boost|p1a: Bitter Sweet|spe|2\n|-enditem|p1a: Bitter Sweet|Focus Sash|[from] move: Knock Off|[of] p2a: Leavanny\n|move|p1a: Bitter Sweet|Bulk Up|p1a: Bitter Sweet\n|-boost|p1a: Bitter Sweet|atk|1\n|-boost|p1a: Bitter Sweet|def|1\n|\n|upkeep\n|turn|2\n|\n|t:|1700234997\n|move|p1a: Bitter Sweet|Bitter Blade|p2a: Leavanny\n|-supereffective|p2a: Leavanny\n|-enditem|p2a: Leavanny|Focus Sash\n|-damage|p2a: Leavanny|1\/100\n|-heal|p1a: Bitter Sweet|62\/100|[from] drain|[of] p2a: Leavanny\n|move|p2a: Leavanny|Knock Off|p1a: Bitter Sweet\n|-supereffective|p1a: Bitter Sweet\n|-damage|p1a: Bitter Sweet|10\/100\n|-ability|p1a: Bitter Sweet|Weak Armor|boost\n|-unboost|p1a: Bitter Sweet|def|1\n|-boost|p1a: Bitter Sweet|spe|2\n|\n|upkeep\n|turn|3\n|\n|t:|1700235009\n|move|p1a: Bitter Sweet|Bitter Blade|p2a: Leavanny\n|-supereffective|p2a: Leavanny\n|-damage|p2a: Leavanny|0 fnt\n|-heal|p1a: Bitter Sweet|10\/100|[from] drain|[of] p2a: Leavanny\n|faint|p2a: Leavanny\n|\n|upkeep\n|\n|t:|1700235013\n|switch|p2a: Milotic|Milotic, M, shiny|100\/100\n|turn|4\n|\n|t:|1700235036\n|move|p1a: Bitter Sweet|Poltergeist|p2a: Milotic\n|-activate|p2a: Milotic|move: Poltergeist|Leftovers\n|-damage|p2a: Milotic|36\/100\n|move|p2a: Milotic|Scald|p1a: Bitter Sweet\n|-supereffective|p1a: Bitter Sweet\n|-damage|p1a: Bitter Sweet|0 fnt\n|faint|p1a: Bitter Sweet\n|\n|-heal|p2a: Milotic|42\/100|[from] item: Leftovers\n|upkeep\n|\n|t:|1700235046\n|switch|p1a: Trip Hop|Basculegion-F, F|100\/100\n|turn|5\n|\n|t:|1700235056\n|move|p1a: Trip Hop|Shadow Ball|p2a: Milotic\n|-damage|p2a: Milotic|7\/100\n|-unboost|p2a: Milotic|spd|1\n|move|p2a: Milotic|Recover|p2a: Milotic\n|-heal|p2a: Milotic|57\/100\n|\n|-heal|p2a: Milotic|63\/100|[from] item: Leftovers\n|upkeep\n|turn|6\n|\n|t:|1700235065\n|switch|p2a: Tornadus|Tornadus-Therian, M, shiny|100\/100\n|move|p1a: Trip Hop|Shadow Ball|p2a: Tornadus\n|-damage|p2a: Tornadus|39\/100\n|\n|upkeep\n|turn|7\n|\n|t:|1700235071\n|switch|p2a: Milotic|Milotic, M, shiny|63\/100\n|move|p1a: Trip Hop|Shadow Ball|p2a: Milotic\n|-damage|p2a: Milotic|31\/100\n|-unboost|p2a: Milotic|spd|1\n|\n|-heal|p2a: Milotic|38\/100|[from] item: Leftovers\n|upkeep\n|turn|8\n|\n|t:|1700235079\n|switch|p2a: Tornadus|Tornadus-Therian, M, shiny|72\/100\n|move|p1a: Trip Hop|Shadow Ball|p2a: Tornadus\n|-damage|p2a: Tornadus|17\/100\n|\n|upkeep\n|turn|9\n|\n|t:|1700235089\n|switch|p2a: Conkeldurr|Conkeldurr, F, shiny|100\/100\n|move|p1a: Trip Hop|Shadow Ball|p2a: Conkeldurr\n|-damage|p2a: Conkeldurr|43\/100\n|\n|-heal|p2a: Conkeldurr|50\/100|[from] item: Leftovers\n|upkeep\n|turn|10\n|\n|t:|1700235101\n|move|p1a: Trip Hop|Shadow Ball|p2a: Conkeldurr\n|-damage|p2a: Conkeldurr|0 fnt\n|faint|p2a: Conkeldurr\n|\n|upkeep\n|\n|t:|1700235105\n|switch|p2a: Infernape|Infernape, M, shiny|100\/100\n|turn|11\n|\n|t:|1700235109\n|move|p1a: Trip Hop|Shadow Ball|p2a: Infernape\n|-damage|p2a: Infernape|30\/100\n|move|p2a: Infernape|Knock Off|p1a: Trip Hop\n|-supereffective|p1a: Trip Hop\n|-damage|p1a: Trip Hop|28\/100\n|-enditem|p1a: Trip Hop|Choice Scarf|[from] move: Knock Off|[of] p2a: Infernape\n|\n|upkeep\n|turn|12\n|\n|t:|1700235119\n|move|p2a: Infernape|Knock Off|p1a: Trip Hop\n|-supereffective|p1a: Trip Hop\n|-damage|p1a: Trip Hop|0 fnt\n|faint|p1a: Trip Hop\n|\n|upkeep\n|\n|t:|1700235125\n|switch|p1a: Arda|Cinderace, F|100\/100\n|turn|13\n|\n|t:|1700235132\n|move|p1a: Arda|High Jump Kick|p2a: Infernape\n|-start|p1a: Arda|typechange|Fighting|[from] ability: Libero\n|-damage|p2a: Infernape|0 fnt\n|faint|p2a: Infernape\n|\n|upkeep\n|\n|t:|1700235142\n|switch|p2a: Tornadus|Tornadus-Therian, M, shiny|50\/100\n|turn|14\n|\n|t:|1700235151\n|move|p1a: Arda|High Jump Kick|p2a: Tornadus\n|-resisted|p2a: Tornadus\n|-damage|p2a: Tornadus|6\/100\n|move|p2a: Tornadus|Bleakwind Storm|p1a: Arda|[miss]\n|-miss|p2a: Tornadus|p1a: Arda\n|\n|upkeep\n|turn|15\n|\n|t:|1700235157\n|switch|p2a: Milotic|Milotic, M, shiny|38\/100\n|move|p1a: Arda|High Jump Kick|p2a: Milotic\n|-damage|p2a: Milotic|0 fnt\n|faint|p2a: Milotic\n|\n|upkeep\n|\n|t:|1700235160\n|switch|p2a: Tornadus|Tornadus-Therian, M, shiny|40\/100\n|turn|16\n|\n|t:|1700235167\n|switch|p2a: Thundurus|Thundurus-Therian, M|100\/100\n|move|p1a: Arda|High Jump Kick|p2a: Thundurus\n|-resisted|p2a: Thundurus\n|-damage|p2a: Thundurus|49\/100\n|\n|upkeep\n|turn|17\n|\n|t:|1700235175\n|switch|p2a: Tornadus|Tornadus-Therian, M, shiny|73\/100\n|move|p1a: Arda|High Jump Kick|p2a: Tornadus\n|-resisted|p2a: Tornadus\n|-damage|p2a: Tornadus|32\/100\n|\n|upkeep\n|turn|18\n|\n|t:|1700235181\n|move|p1a: Arda|High Jump Kick|p2a: Tornadus\n|-resisted|p2a: Tornadus\n|-damage|p2a: Tornadus|0 fnt\n|faint|p2a: Tornadus\n|\n|upkeep\n|\n|t:|1700235184\n|switch|p2a: Thundurus|Thundurus-Therian, M|49\/100\n|turn|19\n|c|\u2606stoner wizard|holy shit\n|\n|t:|1700235187\n|move|p1a: Arda|High Jump Kick|p2a: Thundurus|[miss]\n|-miss|p1a: Arda|p2a: Thundurus\n|-damage|p1a: Arda|51\/100|[from] highjumpkick\n|move|p2a: Thundurus|Thunderbolt|p1a: Arda\n|-damage|p1a: Arda|0 fnt\n|faint|p1a: Arda\n|\n|upkeep\n|\n|t:|1700235195\n|switch|p1a: Yippee|Tatsugiri, M|100\/100\n|turn|20\n|c|\u2606williwont|im so upset abt the shadow ball sp def drops\n|\n|t:|1700235207\n|move|p2a: Thundurus|Thunderbolt|p1a: Yippee\n|-damage|p1a: Yippee|40\/100\n|move|p1a: Yippee|Draco Meteor|p2a: Thundurus\n|-damage|p2a: Thundurus|0 fnt\n|-unboost|p1a: Yippee|spa|2\n|faint|p2a: Thundurus\n|\n|win|stoner wizard\n|c|\u2606williwont|gg\n","uploadtime":1700235216,"views":13,"p1id":"stonerwizard","p2id":"williwont","formatid":"gen9ou","rating":0,"private":0,"password":""}