{"id":"gen9ou-1990527523","p1":"lucascalvao","p2":"J._.bored","format":"[Gen 9] OU","log":"|j|\u2606lucascalvao\n|j|\u2606J._.bored\n|t:|1699978811\n|gametype|singles\n|player|p1|lucascalvao|1|1000\n|player|p2|J._.bored|cynthia|1084\n|teamsize|p1|6\n|teamsize|p2|6\n|gen|9\n|tier|[Gen 9] OU\n|rated|\n|rule|Sleep Clause Mod: Limit one foe put to sleep\n|rule|Species Clause: Limit one of each Pok\u00e9mon\n|rule|OHKO Clause: OHKO moves are banned\n|rule|Evasion Items Clause: Evasion items are banned\n|rule|Evasion Moves Clause: Evasion moves are banned\n|rule|Endless Battle Clause: Forcing endless battles is banned\n|rule|HP Percentage Mod: HP is shown in percentages\n|clearpoke\n|poke|p1|Gengar, F|\n|poke|p1|Dragapult, F|\n|poke|p1|Mimikyu, F|\n|poke|p1|Infernape, F|\n|poke|p1|Greninja-*, M|\n|poke|p1|Pikachu, F|\n|poke|p2|Dragapult, M|\n|poke|p2|Tornadus-Therian, M|\n|poke|p2|Thundurus-Therian, M|\n|poke|p2|Great Tusk|\n|poke|p2|Garchomp, M|\n|poke|p2|Ceruledge, F|\n|teampreview\n|\n|t:|1699978820\n|start\n|switch|p1a: Gengar|Gengar, F|100\/100\n|switch|p2a: Ceruledge|Ceruledge, F|100\/100\n|turn|1\n|\n|t:|1699978830\n|move|p1a: Gengar|Shadow Ball|p2a: Ceruledge\n|-supereffective|p2a: Ceruledge\n|-enditem|p2a: Ceruledge|Focus Sash\n|-damage|p2a: Ceruledge|1\/100\n|move|p2a: Ceruledge|Swords Dance|p2a: Ceruledge\n|-boost|p2a: Ceruledge|atk|2\n|\n|upkeep\n|turn|2\n|\n|t:|1699978840\n|move|p2a: Ceruledge|Shadow Sneak|p1a: Gengar\n|-supereffective|p1a: Gengar\n|-damage|p1a: Gengar|0 fnt\n|faint|p1a: Gengar\n|\n|upkeep\n|\n|t:|1699978847\n|switch|p1a: Mimikyu|Mimikyu, F|100\/100\n|turn|3\n|\n|t:|1699978852\n|move|p2a: Ceruledge|Bitter Blade|p1a: Mimikyu\n|-activate|p1a: Mimikyu|ability: Disguise\n|-damage|p1a: Mimikyu|100\/100\n|detailschange|p1a: Mimikyu|Mimikyu-Busted, F\n|-damage|p1a: Mimikyu|88\/100|[from] pokemon: Mimikyu-Busted\n|move|p1a: Mimikyu|Play Rough|p2a: Ceruledge\n|-resisted|p2a: Ceruledge\n|-damage|p2a: Ceruledge|0 fnt\n|faint|p2a: Ceruledge\n|-damage|p1a: Mimikyu|78\/100|[from] item: Life Orb\n|\n|upkeep\n|\n|t:|1699978872\n|switch|p2a: Dragapult|Dragapult, M|100\/100\n|turn|4\n|\n|t:|1699978876\n|move|p2a: Dragapult|Shadow Ball|p1a: Mimikyu\n|-supereffective|p1a: Mimikyu\n|-damage|p1a: Mimikyu|0 fnt\n|faint|p1a: Mimikyu\n|\n|upkeep\n|\n|t:|1699978886\n|switch|p1a: Infernape|Infernape, F|100\/100\n|turn|5\n|\n|t:|1699978891\n|move|p2a: Dragapult|Dragon Pulse|p1a: Infernape\n|-damage|p1a: Infernape|42\/100\n|move|p1a: Infernape|Flare Blitz|p2a: Dragapult\n|-resisted|p2a: Dragapult\n|-damage|p2a: Dragapult|49\/100\n|-status|p2a: Dragapult|brn\n|-damage|p1a: Infernape|24\/100|[from] Recoil\n|\n|-damage|p2a: Dragapult|43\/100 brn|[from] brn\n|upkeep\n|turn|6\n|\n|t:|1699978907\n|switch|p1a: Pikachu|Pikachu, F|100\/100\n|move|p2a: Dragapult|Dragon Pulse|p1a: Pikachu\n|-damage|p1a: Pikachu|0 fnt\n|faint|p1a: Pikachu\n|\n|-damage|p2a: Dragapult|37\/100 brn|[from] brn\n|upkeep\n|\n|t:|1699978919\n|switch|p1a: Greninja|Greninja, M|100\/100\n|turn|7\n|\n|t:|1699978925\n|-terastallize|p2a: Dragapult|Fighting\n|move|p2a: Dragapult|Tera Blast|p1a: Greninja|[anim] Tera Blast Fighting\n|-supereffective|p1a: Greninja\n|-damage|p1a: Greninja|0 fnt\n|faint|p1a: Greninja\n|\n|-damage|p2a: Dragapult|31\/100 brn|[from] brn\n|upkeep\n|\n|t:|1699978936\n|switch|p1a: Infernape|Infernape, F|24\/100\n|turn|8\n|\n|t:|1699978940\n|move|p2a: Dragapult|Tera Blast|p1a: Infernape|[anim] Tera Blast Fighting\n|-damage|p1a: Infernape|0 fnt\n|faint|p1a: Infernape\n|\n|-damage|p2a: Dragapult|25\/100 brn|[from] brn\n|upkeep\n|\n|t:|1699978948\n|switch|p1a: Dragapult|Dragapult, F|100\/100\n|turn|9\n|\n|t:|1699978954\n|move|p2a: Dragapult|Dragon Pulse|p1a: Dragapult\n|-supereffective|p1a: Dragapult\n|-damage|p1a: Dragapult|0 fnt\n|faint|p1a: Dragapult\n|\n|win|J._.bored\n|raw|lucascalvao's rating: 1000 &rarr; <strong>1000<\/strong><br \/>(+0 for losing)\n|raw|J._.bored's rating: 1084 &rarr; <strong>1105<\/strong><br \/>(+21 for winning)\n","uploadtime":1699978961,"views":9,"p1id":"lucascalvao","p2id":"jbored","formatid":"gen9ou","rating":1000,"private":0,"password":""}