{"id":"gen9ou-1991481939","p1":"AKAKingACE","p2":"pauluxo","format":"[Gen 9] OU","log":"|j|\u2606AKAKingACE\n|j|\u2606pauluxo\n|t:|1700080956\n|gametype|singles\n|player|p1|AKAKingACE|2|1457\n|player|p2|pauluxo|266|1439\n|teamsize|p1|6\n|teamsize|p2|6\n|gen|9\n|tier|[Gen 9] OU\n|rated|\n|rule|Sleep Clause Mod: Limit one foe put to sleep\n|rule|Species Clause: Limit one of each Pok\u00e9mon\n|rule|OHKO Clause: OHKO moves are banned\n|rule|Evasion Items Clause: Evasion items are banned\n|rule|Evasion Moves Clause: Evasion moves are banned\n|rule|Endless Battle Clause: Forcing endless battles is banned\n|rule|HP Percentage Mod: HP is shown in percentages\n|clearpoke\n|poke|p1|Zapdos|\n|poke|p1|Iron Hands|\n|poke|p1|Sneasler, F|\n|poke|p1|Rillaboom, F|\n|poke|p1|Iron Valiant|\n|poke|p1|Ogerpon-Wellspring, F|\n|poke|p2|Glimmora, M|\n|poke|p2|Landorus-Therian, M|\n|poke|p2|Great Tusk|\n|poke|p2|Ogerpon-Wellspring, F|\n|poke|p2|Gholdengo|\n|poke|p2|Kingambit, M|\n|teampreview\n|inactive|Battle timer is ON: inactive players will automatically lose when time's up. (requested by AKAKingACE)\n|\n|t:|1700080959\n|start\n|switch|p1a: Ogerpon|Ogerpon-Wellspring, F|100\/100\n|switch|p2a: Glimmora|Glimmora, M|100\/100\n|turn|1\n|\n|t:|1700080970\n|move|p1a: Ogerpon|Ivy Cudgel|p2a: Glimmora|[anim] Ivy Cudgel Water\n|-supereffective|p2a: Glimmora\n|-enditem|p2a: Glimmora|Focus Sash\n|-damage|p2a: Glimmora|1\/100\n|-activate|p2a: Glimmora|ability: Toxic Debris\n|-sidestart|p1: AKAKingACE|move: Toxic Spikes\n|move|p2a: Glimmora|Stealth Rock|p1a: Ogerpon\n|-sidestart|p1: AKAKingACE|move: Stealth Rock\n|\n|upkeep\n|turn|2\n|\n|t:|1700080990\n|switch|p2a: Ogerpon|Ogerpon-Wellspring, F|100\/100\n|move|p1a: Ogerpon|Horn Leech|p2a: Ogerpon\n|-damage|p2a: Ogerpon|47\/100\n|\n|upkeep\n|turn|3\n|\n|t:|1700080995\n|move|p1a: Ogerpon|Horn Leech|p2a: Ogerpon\n|-damage|p2a: Ogerpon|0 fnt\n|faint|p2a: Ogerpon\n|\n|upkeep\n|\n|t:|1700080999\n|switch|p2a: Great Tusk|Great Tusk|100\/100\n|turn|4\n|\n|t:|1700081008\n|move|p2a: Great Tusk|Megahorn|p1a: Ogerpon\n|-supereffective|p1a: Ogerpon\n|-damage|p1a: Ogerpon|0 fnt\n|faint|p1a: Ogerpon\n|\n|upkeep\n|inactive|AKAKingACE has 120 seconds left.\n|\n|t:|1700081058\n|switch|p1a: Sneasler|Sneasler, F|100\/100\n|-sideend|p1: AKAKingACE|move: Toxic Spikes|[of] p1a: Sneasler\n|-damage|p1a: Sneasler|95\/100|[from] Stealth Rock\n|turn|5\n|\n|t:|1700081069\n|-end|p2a: Great Tusk|Protosynthesis|[silent]\n|switch|p2a: Gholdengo|Gholdengo|100\/100\n|-item|p2a: Gholdengo|Air Balloon\n|move|p1a: Sneasler|Acrobatics|p2a: Gholdengo\n|-resisted|p2a: Gholdengo\n|-damage|p2a: Gholdengo|93\/100\n|-enditem|p2a: Gholdengo|Air Balloon\n|\n|upkeep\n|turn|6\n|\n|t:|1700081077\n|move|p1a: Sneasler|Lash Out|p2a: Gholdengo\n|-supereffective|p2a: Gholdengo\n|-damage|p2a: Gholdengo|51\/100\n|move|p2a: Gholdengo|Make It Rain|p1a: Sneasler\n|-damage|p1a: Sneasler|23\/100\n|-unboost|p2a: Gholdengo|spa|1\n|\n|upkeep\n|turn|7\n|\n|t:|1700081085\n|move|p1a: Sneasler|Lash Out|p2a: Gholdengo\n|-supereffective|p2a: Gholdengo\n|-damage|p2a: Gholdengo|7\/100\n|move|p2a: Gholdengo|Make It Rain|p1a: Sneasler\n|-damage|p1a: Sneasler|0 fnt\n|-unboost|p2a: Gholdengo|spa|1\n|faint|p1a: Sneasler\n|\n|upkeep\n|\n|t:|1700081091\n|switch|p1a: Zapdos|Zapdos|100\/100\n|turn|8\n|\n|t:|1700081110\n|switch|p2a: Landorus|Landorus-Therian, M|100\/100\n|-ability|p2a: Landorus|Intimidate|boost\n|-unboost|p1a: Zapdos|atk|1\n|move|p1a: Zapdos|Hurricane|p2a: Landorus\n|-damage|p2a: Landorus|57\/100\n|\n|-heal|p2a: Landorus|63\/100|[from] item: Leftovers\n|upkeep\n|turn|9\n|\n|t:|1700081118\n|switch|p1a: Rillaboom|Rillaboom, F|100\/100\n|-damage|p1a: Rillaboom|88\/100|[from] Stealth Rock\n|-fieldstart|move: Grassy Terrain|[from] ability: Grassy Surge|[of] p1a: Rillaboom\n|move|p2a: Landorus|Stone Edge|p1a: Rillaboom|[miss]\n|-miss|p2a: Landorus|p1a: Rillaboom\n|\n|-heal|p1a: Rillaboom|94\/100|[from] Grassy Terrain\n|-heal|p2a: Landorus|69\/100|[from] item: Leftovers\n|upkeep\n|turn|10\n|\n|t:|1700081128\n|move|p2a: Landorus|Protect|p2a: Landorus\n|-singleturn|p2a: Landorus|Protect\n|move|p1a: Rillaboom|Drum Beating|p2a: Landorus\n|-activate|p2a: Landorus|move: Protect\n|\n|-heal|p1a: Rillaboom|99\/100|[from] Grassy Terrain\n|-heal|p2a: Landorus|75\/100|[from] item: Leftovers\n|upkeep\n|turn|11\n|l|\u2606AKAKingACE\n|inactive|AKAKingACE disconnected and has a minute to reconnect!\n|player|p1|\n|j|\u2606AKAKingACE\n|inactive|AKAKingACE reconnected.\n|player|p1|AKAKingACE|2\n|\n|t:|1700081141\n|switch|p2a: Glimmora|Glimmora, M|1\/100\n|move|p1a: Rillaboom|Drum Beating|p2a: Glimmora\n|-damage|p2a: Glimmora|0 fnt\n|-activate|p2a: Glimmora|ability: Toxic Debris\n|-sidestart|p1: AKAKingACE|move: Toxic Spikes\n|faint|p2a: Glimmora\n|\n|-heal|p1a: Rillaboom|100\/100|[from] Grassy Terrain\n|upkeep\n|\n|t:|1700081153\n|switch|p2a: Gholdengo|Gholdengo|7\/100\n|turn|12\n|\n|t:|1700081157\n|move|p1a: Rillaboom|Knock Off|p2a: Gholdengo\n|-supereffective|p2a: Gholdengo\n|-damage|p2a: Gholdengo|0 fnt\n|faint|p2a: Gholdengo\n|\n|upkeep\n|\n|t:|1700081166\n|switch|p2a: Great Tusk|Great Tusk|100\/100\n|turn|13\n|\n|t:|1700081174\n|-terastallize|p2a: Great Tusk|Steel\n|move|p2a: Great Tusk|Megahorn|p1a: Rillaboom\n|-supereffective|p1a: Rillaboom\n|-damage|p1a: Rillaboom|24\/100\n|move|p1a: Rillaboom|Drum Beating|p2a: Great Tusk\n|-resisted|p2a: Great Tusk\n|-damage|p2a: Great Tusk|78\/100\n|-unboost|p2a: Great Tusk|spe|1\n|\n|-heal|p2a: Great Tusk|84\/100|[from] Grassy Terrain\n|-heal|p1a: Rillaboom|31\/100|[from] Grassy Terrain\n|upkeep\n|turn|14\n|\n|t:|1700081184\n|move|p2a: Great Tusk|Megahorn|p1a: Rillaboom\n|-supereffective|p1a: Rillaboom\n|-damage|p1a: Rillaboom|0 fnt\n|faint|p1a: Rillaboom\n|\n|-heal|p2a: Great Tusk|90\/100|[from] Grassy Terrain\n|upkeep\n|\n|t:|1700081190\n|switch|p1a: Iron Hands|Iron Hands|100\/100\n|-damage|p1a: Iron Hands|94\/100|[from] Stealth Rock\n|-status|p1a: Iron Hands|psn\n|turn|15\n|\n|t:|1700081195\n|-end|p2a: Great Tusk|Protosynthesis|[silent]\n|switch|p2a: Landorus|Landorus-Therian, M|75\/100\n|-ability|p2a: Landorus|Intimidate|boost\n|-unboost|p1a: Iron Hands|atk|1\n|move|p1a: Iron Hands|Ice Punch|p2a: Landorus\n|-supereffective|p2a: Landorus\n|-damage|p2a: Landorus|1\/100\n|\n|-heal|p2a: Landorus|7\/100|[from] item: Leftovers\n|-heal|p1a: Iron Hands|100\/100 psn|[from] Grassy Terrain\n|-damage|p1a: Iron Hands|88\/100 psn|[from] psn\n|upkeep\n|turn|16\n|\n|t:|1700081206\n|move|p2a: Landorus|Protect|p2a: Landorus\n|-singleturn|p2a: Landorus|Protect\n|move|p1a: Iron Hands|Ice Punch|p2a: Landorus\n|-activate|p2a: Landorus|move: Protect\n|\n|-heal|p2a: Landorus|13\/100|[from] item: Leftovers\n|-heal|p1a: Iron Hands|94\/100 psn|[from] Grassy Terrain\n|-damage|p1a: Iron Hands|82\/100 psn|[from] psn\n|-fieldend|move: Grassy Terrain\n|upkeep\n|turn|17\n|\n|t:|1700081212\n|switch|p2a: Kingambit|Kingambit, M|100\/100\n|-activate|p2a: Kingambit|ability: Supreme Overlord\n|-start|p2a: Kingambit|fallen3|[silent]\n|move|p1a: Iron Hands|Ice Punch|p2a: Kingambit\n|-resisted|p2a: Kingambit\n|-damage|p2a: Kingambit|91\/100\n|\n|-damage|p1a: Iron Hands|70\/100 psn|[from] psn\n|upkeep\n|turn|18\n|\n|t:|1700081221\n|-end|p2a: Kingambit|fallen3|[silent]\n|switch|p2a: Landorus|Landorus-Therian, M|13\/100\n|-ability|p2a: Landorus|Intimidate|boost\n|-unboost|p1a: Iron Hands|atk|1\n|move|p1a: Iron Hands|Drain Punch|p2a: Landorus\n|-resisted|p2a: Landorus\n|-damage|p2a: Landorus|3\/100\n|-heal|p1a: Iron Hands|73\/100 psn|[from] drain|[of] p2a: Landorus\n|\n|-heal|p2a: Landorus|9\/100|[from] item: Leftovers\n|-damage|p1a: Iron Hands|60\/100 psn|[from] psn\n|upkeep\n|turn|19\n|\n|t:|1700081232\n|move|p2a: Landorus|Protect|p2a: Landorus\n|-singleturn|p2a: Landorus|Protect\n|move|p1a: Iron Hands|Ice Punch|p2a: Landorus\n|-activate|p2a: Landorus|move: Protect\n|\n|-heal|p2a: Landorus|15\/100|[from] item: Leftovers\n|-damage|p1a: Iron Hands|48\/100 psn|[from] psn\n|upkeep\n|turn|20\n|\n|t:|1700081245\n|move|p2a: Landorus|Earthquake|p1a: Iron Hands\n|-supereffective|p1a: Iron Hands\n|-damage|p1a: Iron Hands|0 fnt\n|faint|p1a: Iron Hands\n|-end|p1a: Iron Hands|Quark Drive|[silent]\n|\n|-heal|p2a: Landorus|21\/100|[from] item: Leftovers\n|upkeep\n|\n|t:|1700081252\n|switch|p1a: Zapdos|Zapdos|100\/100\n|turn|21\n|\n|t:|1700081255\n|move|p2a: Landorus|Protect|p2a: Landorus\n|-singleturn|p2a: Landorus|Protect\n|move|p1a: Zapdos|Hurricane|p2a: Landorus\n|-activate|p2a: Landorus|move: Protect\n|\n|-heal|p2a: Landorus|27\/100|[from] item: Leftovers\n|upkeep\n|turn|22\n|\n|t:|1700081263\n|move|p1a: Zapdos|Hurricane|p2a: Landorus\n|-damage|p2a: Landorus|0 fnt\n|faint|p2a: Landorus\n|\n|upkeep\n|\n|t:|1700081267\n|switch|p2a: Kingambit|Kingambit, M|91\/100\n|-activate|p2a: Kingambit|ability: Supreme Overlord\n|-start|p2a: Kingambit|fallen4|[silent]\n|turn|23\n|\n|t:|1700081274\n|move|p2a: Kingambit|Sucker Punch|p1a: Zapdos\n|-damage|p1a: Zapdos|54\/100\n|-status|p2a: Kingambit|par|[from] ability: Static|[of] p1a: Zapdos\n|move|p1a: Zapdos|Discharge|p2a: Kingambit\n|-damage|p2a: Kingambit|56\/100 par\n|\n|upkeep\n|turn|24\n|\n|t:|1700081281\n|move|p2a: Kingambit|Sucker Punch||[still]\n|-fail|p2a: Kingambit\n|move|p1a: Zapdos|Roost|p1a: Zapdos\n|-heal|p1a: Zapdos|100\/100\n|-singleturn|p1a: Zapdos|move: Roost\n|\n|upkeep\n|turn|25\n|\n|t:|1700081287\n|cant|p2a: Kingambit|par\n|move|p1a: Zapdos|Discharge|p2a: Kingambit\n|-damage|p2a: Kingambit|16\/100 par\n|\n|upkeep\n|turn|26\n|\n|t:|1700081291\n|cant|p2a: Kingambit|par\n|move|p1a: Zapdos|Discharge|p2a: Kingambit\n|-damage|p2a: Kingambit|0 fnt\n|faint|p2a: Kingambit\n|-end|p2a: Kingambit|fallen4|[silent]\n|\n|upkeep\n|c|\u2606pauluxo|LOOOOL\n|\n|t:|1700081297\n|switch|p2a: Great Tusk|Great Tusk, tera:Steel|90\/100\n|turn|27\n|\n|t:|1700081313\n|move|p2a: Great Tusk|Close Combat|p1a: Zapdos\n|-resisted|p1a: Zapdos\n|-damage|p1a: Zapdos|71\/100\n|-unboost|p2a: Great Tusk|def|1\n|-unboost|p2a: Great Tusk|spd|1\n|move|p1a: Zapdos|Discharge|p2a: Great Tusk\n|-damage|p2a: Great Tusk|20\/100\n|-status|p2a: Great Tusk|par\n|\n|upkeep\n|turn|28\n|-message|pauluxo forfeited.\n|\n|win|AKAKingACE\n|raw|AKAKingACE's rating: 1457 &rarr; <strong>1476<\/strong><br \/>(+19 for winning)\n|raw|pauluxo's rating: 1439 &rarr; <strong>1420<\/strong><br \/>(-19 for losing)\n|l|\u2606pauluxo\n","uploadtime":1700081329,"views":7,"p1id":"akakingace","p2id":"pauluxo","formatid":"gen9ou","rating":1420,"private":0,"password":""}