{"id":"gen9ou-1992698159","p1":"andres14 4","p2":"QwilfishMyBoy","format":"[Gen 9] OU","log":"|j|\u2606andres14 4\n|j|\u2606QwilfishMyBoy\n|t:|1700226554\n|gametype|singles\n|player|p1|andres14 4|1|1275\n|player|p2|QwilfishMyBoy|wallace|1306\n|teamsize|p1|6\n|teamsize|p2|6\n|gen|9\n|tier|[Gen 9] OU\n|rated|\n|rule|Sleep Clause Mod: Limit one foe put to sleep\n|rule|Species Clause: Limit one of each Pok\u00e9mon\n|rule|OHKO Clause: OHKO moves are banned\n|rule|Evasion Items Clause: Evasion items are banned\n|rule|Evasion Moves Clause: Evasion moves are banned\n|rule|Endless Battle Clause: Forcing endless battles is banned\n|rule|HP Percentage Mod: HP is shown in percentages\n|clearpoke\n|poke|p1|Dudunsparce-*, F|\n|poke|p1|Blissey, F|\n|poke|p1|Ribombee, M|\n|poke|p1|Great Tusk|\n|poke|p1|Dragapult, F|\n|poke|p1|Enamorus, F|\n|poke|p2|Cinderace, F|\n|poke|p2|Kingambit, F|\n|poke|p2|Great Tusk|\n|poke|p2|Torkoal, M|\n|poke|p2|Walking Wake|\n|poke|p2|Alomomola, F|\n|teampreview\n|inactive|Battle timer is ON: inactive players will automatically lose when time's up. (requested by QwilfishMyBoy)\n|\n|t:|1700226574\n|start\n|switch|p1a: Ribombee|Ribombee, M|100\/100\n|switch|p2a: Torkoal|Torkoal, M|100\/100\n|-weather|SunnyDay|[from] ability: Drought|[of] p2a: Torkoal\n|turn|1\n|\n|t:|1700226580\n|move|p1a: Ribombee|Sticky Web|p2a: Torkoal\n|-sidestart|p2: QwilfishMyBoy|move: Sticky Web\n|move|p2a: Torkoal|Lava Plume|p1a: Ribombee\n|-supereffective|p1a: Ribombee\n|-enditem|p1a: Ribombee|Focus Sash\n|-damage|p1a: Ribombee|1\/100\n|\n|-weather|SunnyDay|[upkeep]\n|upkeep\n|turn|2\n|\n|t:|1700226587\n|move|p1a: Ribombee|U-turn|p2a: Torkoal\n|-resisted|p2a: Torkoal\n|-damage|p2a: Torkoal|95\/100\n|\n|t:|1700226591\n|switch|p1a: Blissey|Blissey, F|100\/100|[from] U-turn\n|move|p2a: Torkoal|Rapid Spin|p1a: Blissey\n|-damage|p1a: Blissey|81\/100\n|-boost|p2a: Torkoal|spe|1\n|-sideend|p2: QwilfishMyBoy|Sticky Web|[from] move: Rapid Spin|[of] p2a: Torkoal\n|\n|-weather|SunnyDay|[upkeep]\n|-heal|p1a: Blissey|88\/100|[from] item: Leftovers\n|upkeep\n|turn|3\n|\n|t:|1700226599\n|move|p1a: Blissey|Thunder Wave|p2a: Torkoal\n|-status|p2a: Torkoal|par\n|move|p2a: Torkoal|Stealth Rock|p1a: Blissey\n|-sidestart|p1: andres14 4|move: Stealth Rock\n|\n|-weather|SunnyDay|[upkeep]\n|-heal|p1a: Blissey|94\/100|[from] item: Leftovers\n|upkeep\n|turn|4\n|\n|t:|1700226620\n|switch|p2a: Great Tusk|Great Tusk|100\/100\n|-activate|p2a: Great Tusk|ability: Protosynthesis\n|-start|p2a: Great Tusk|protosynthesisdef\n|move|p1a: Blissey|Copycat|p1a: Blissey\n|move|p1a: Blissey|Stealth Rock|p2a: Great Tusk|[from]move: Copycat\n|-sidestart|p2: QwilfishMyBoy|move: Stealth Rock\n|\n|-weather|SunnyDay|[upkeep]\n|-heal|p1a: Blissey|99\/100|[from] item: Leftovers\n|upkeep\n|turn|5\n|\n|t:|1700226630\n|switch|p1a: Dudunsparce|Dudunsparce, F|100\/100\n|-damage|p1a: Dudunsparce|88\/100|[from] Stealth Rock\n|move|p2a: Great Tusk|Rapid Spin|p1a: Dudunsparce\n|-crit|p1a: Dudunsparce\n|-damage|p1a: Dudunsparce|74\/100\n|-boost|p2a: Great Tusk|spe|1\n|-damage|p2a: Great Tusk|84\/100|[from] item: Rocky Helmet|[of] p1a: Dudunsparce\n|-sideend|p2: QwilfishMyBoy|Stealth Rock|[from] move: Rapid Spin|[of] p2a: Great Tusk\n|\n|-weather|SunnyDay|[upkeep]\n|-heal|p2a: Great Tusk|90\/100|[from] item: Leftovers\n|upkeep\n|turn|6\n|\n|t:|1700226638\n|-end|p2a: Great Tusk|Protosynthesis|[silent]\n|switch|p2a: Alomomola|Alomomola, F|100\/100\n|move|p1a: Dudunsparce|Glare|p2a: Alomomola\n|-status|p2a: Alomomola|par\n|\n|-weather|SunnyDay|[upkeep]\n|upkeep\n|turn|7\n|\n|t:|1700226645\n|move|p1a: Dudunsparce|Boomburst|p2a: Alomomola\n|-damage|p2a: Alomomola|71\/100 par\n|move|p2a: Alomomola|Flip Turn|p1a: Dudunsparce\n|-damage|p1a: Dudunsparce|70\/100\n|-damage|p2a: Alomomola|55\/100 par|[from] item: Rocky Helmet|[of] p1a: Dudunsparce\n|\n|t:|1700226653\n|switch|p2a: Cinderace|Cinderace, F|100\/100|[from] Flip Turn\n|\n|-weather|SunnyDay|[upkeep]\n|upkeep\n|turn|8\n|\n|t:|1700226675\n|move|p2a: Cinderace|Pyro Ball|p1a: Dudunsparce\n|-damage|p1a: Dudunsparce|17\/100\n|move|p1a: Dudunsparce|Glare|p2a: Cinderace\n|-status|p2a: Cinderace|par\n|\n|-weather|none\n|upkeep\n|turn|9\n|\n|t:|1700226680\n|switch|p1a: Great Tusk|Great Tusk|100\/100\n|move|p2a: Cinderace|Pyro Ball|p1a: Great Tusk\n|-damage|p1a: Great Tusk|73\/100\n|\n|upkeep\n|turn|10\n|\n|t:|1700226687\n|move|p1a: Great Tusk|Rapid Spin|p2a: Cinderace\n|-damage|p2a: Cinderace|80\/100 par\n|-boost|p1a: Great Tusk|spe|1\n|-sideend|p1: andres14 4|Stealth Rock|[from] move: Rapid Spin|[of] p1a: Great Tusk\n|move|p2a: Cinderace|U-turn|p1a: Great Tusk\n|-start|p2a: Cinderace|typechange|Bug|[from] ability: Libero\n|-resisted|p1a: Great Tusk\n|-damage|p1a: Great Tusk|65\/100\n|\n|t:|1700226694\n|switch|p2a: Alomomola|Alomomola, F|88\/100 par|[from] U-turn\n|\n|upkeep\n|turn|11\n|\n|t:|1700226707\n|-end|p1a: Great Tusk|Protosynthesis|[silent]\n|switch|p1a: Ribombee|Ribombee, M|1\/100\n|move|p2a: Alomomola|Wish|p2a: Alomomola\n|\n|upkeep\n|turn|12\n|\n|t:|1700226714\n|switch|p2a: Torkoal|Torkoal, M|95\/100 par\n|-weather|SunnyDay|[from] ability: Drought|[of] p2a: Torkoal\n|move|p1a: Ribombee|Sticky Web|p2a: Torkoal\n|-sidestart|p2: QwilfishMyBoy|move: Sticky Web\n|\n|-weather|SunnyDay|[upkeep]\n|-heal|p2a: Torkoal|100\/100 par|[from] move: Wish|[wisher] Alomomola\n|upkeep\n|turn|13\n|\n|t:|1700226720\n|switch|p1a: Dragapult|Dragapult, F|100\/100\n|move|p2a: Torkoal|Will-O-Wisp|p1a: Dragapult|[miss]\n|-miss|p2a: Torkoal|p1a: Dragapult\n|\n|-weather|SunnyDay|[upkeep]\n|upkeep\n|turn|14\n|\n|t:|1700226736\n|move|p1a: Dragapult|Draco Meteor|p2a: Torkoal|[miss]\n|-miss|p1a: Dragapult|p2a: Torkoal\n|move|p2a: Torkoal|Will-O-Wisp|p1a: Dragapult|[miss]\n|-miss|p2a: Torkoal|p1a: Dragapult\n|\n|-weather|SunnyDay|[upkeep]\n|upkeep\n|turn|15\n|\n|t:|1700226743\n|move|p1a: Dragapult|Draco Meteor|p2a: Torkoal\n|-damage|p2a: Torkoal|25\/100 par\n|-unboost|p1a: Dragapult|spa|2\n|move|p2a: Torkoal|Will-O-Wisp|p1a: Dragapult|[miss]\n|-miss|p2a: Torkoal|p1a: Dragapult\n|\n|-weather|SunnyDay|[upkeep]\n|upkeep\n|turn|16\n|\n|t:|1700226747\n|move|p1a: Dragapult|Draco Meteor|p2a: Torkoal\n|-damage|p2a: Torkoal|0 fnt\n|-unboost|p1a: Dragapult|spa|2\n|faint|p2a: Torkoal\n|\n|-weather|SunnyDay|[upkeep]\n|upkeep\n|\n|t:|1700226752\n|switch|p2a: Cinderace|Cinderace, F|80\/100 par\n|turn|17\n|\n|t:|1700226757\n|switch|p1a: Dudunsparce|Dudunsparce, F|17\/100\n|move|p2a: Cinderace|Court Change|p2a: Cinderace\n|-start|p2a: Cinderace|typechange|Normal|[from] ability: Libero\n|-swapsideconditions\n|-activate|p2a: Cinderace|move: Court Change\n|\n|-weather|SunnyDay|[upkeep]\n|upkeep\n|turn|18\n|\n|t:|1700226763\n|move|p2a: Cinderace|Pyro Ball|p1a: Dudunsparce\n|-damage|p1a: Dudunsparce|0 fnt\n|faint|p1a: Dudunsparce\n|\n|-weather|SunnyDay|[upkeep]\n|upkeep\n|\n|t:|1700226767\n|switch|p1a: Great Tusk|Great Tusk|65\/100\n|-activate|p1a: Great Tusk|ability: Protosynthesis\n|-start|p1a: Great Tusk|protosynthesisdef\n|turn|19\n|\n|t:|1700226772\n|move|p1a: Great Tusk|Rapid Spin|p2a: Cinderace\n|-damage|p2a: Cinderace|57\/100 par\n|-boost|p1a: Great Tusk|spe|1\n|-sideend|p1: andres14 4|Sticky Web|[from] move: Rapid Spin|[of] p1a: Great Tusk\n|move|p2a: Cinderace|U-turn|p1a: Great Tusk\n|-resisted|p1a: Great Tusk\n|-damage|p1a: Great Tusk|61\/100\n|\n|t:|1700226776\n|switch|p2a: Walking Wake|Walking Wake|100\/100|[from] U-turn\n|-activate|p2a: Walking Wake|ability: Protosynthesis\n|-start|p2a: Walking Wake|protosynthesisspe\n|\n|-weather|none\n|-end|p2a: Walking Wake|Protosynthesis\n|-end|p1a: Great Tusk|Protosynthesis\n|upkeep\n|turn|20\n|\n|t:|1700226781\n|-end|p1a: Great Tusk|Protosynthesis|[silent]\n|switch|p1a: Blissey|Blissey, F|99\/100\n|move|p2a: Walking Wake|Flip Turn|p1a: Blissey\n|-damage|p1a: Blissey|71\/100\n|\n|t:|1700226787\n|-end|p2a: Walking Wake|Protosynthesis|[silent]\n|switch|p2a: Great Tusk|Great Tusk|90\/100|[from] Flip Turn\n|\n|-heal|p2a: Great Tusk|96\/100|[from] item: Leftovers\n|-heal|p1a: Blissey|77\/100|[from] item: Leftovers\n|upkeep\n|turn|21\n|\n|t:|1700226795\n|move|p2a: Great Tusk|Knock Off|p1a: Blissey\n|-damage|p1a: Blissey|25\/100\n|-enditem|p1a: Blissey|Leftovers|[from] move: Knock Off|[of] p2a: Great Tusk\n|move|p1a: Blissey|Soft-Boiled|p1a: Blissey\n|-heal|p1a: Blissey|75\/100\n|\n|-heal|p2a: Great Tusk|100\/100|[from] item: Leftovers\n|upkeep\n|turn|22\n|\n|t:|1700226801\n|switch|p1a: Great Tusk|Great Tusk|61\/100\n|move|p2a: Great Tusk|Earthquake|p1a: Great Tusk\n|-damage|p1a: Great Tusk|39\/100\n|\n|upkeep\n|turn|23\n|\n|t:|1700226806\n|move|p1a: Great Tusk|Ice Spinner|p2a: Great Tusk\n|-supereffective|p2a: Great Tusk\n|-damage|p2a: Great Tusk|80\/100\n|move|p2a: Great Tusk|Earthquake|p1a: Great Tusk\n|-damage|p1a: Great Tusk|20\/100\n|\n|-heal|p2a: Great Tusk|86\/100|[from] item: Leftovers\n|upkeep\n|turn|24\n|\n|t:|1700226812\n|move|p1a: Great Tusk|Ice Spinner|p2a: Great Tusk\n|-supereffective|p2a: Great Tusk\n|-damage|p2a: Great Tusk|63\/100\n|move|p2a: Great Tusk|Earthquake|p1a: Great Tusk\n|-damage|p1a: Great Tusk|1\/100\n|\n|-heal|p2a: Great Tusk|70\/100|[from] item: Leftovers\n|upkeep\n|turn|25\n|\n|t:|1700226818\n|move|p1a: Great Tusk|Ice Spinner|p2a: Great Tusk\n|-supereffective|p2a: Great Tusk\n|-damage|p2a: Great Tusk|48\/100\n|move|p2a: Great Tusk|Knock Off|p1a: Great Tusk\n|-resisted|p1a: Great Tusk\n|-damage|p1a: Great Tusk|0 fnt\n|-enditem|p1a: Great Tusk|Heavy-Duty Boots|[from] move: Knock Off|[of] p2a: Great Tusk\n|faint|p1a: Great Tusk\n|-end|p1a: Great Tusk|Protosynthesis|[silent]\n|\n|-heal|p2a: Great Tusk|55\/100|[from] item: Leftovers\n|upkeep\n|\n|t:|1700226824\n|switch|p1a: Enamorus|Enamorus, F|100\/100\n|turn|26\n|\n|t:|1700226833\n|-terastallize|p2a: Great Tusk|Steel\n|move|p1a: Enamorus|Moonblast|p2a: Great Tusk\n|-resisted|p2a: Great Tusk\n|-damage|p2a: Great Tusk|12\/100\n|-damage|p1a: Enamorus|91\/100|[from] item: Life Orb\n|move|p2a: Great Tusk|Knock Off|p1a: Enamorus\n|-resisted|p1a: Enamorus\n|-damage|p1a: Enamorus|65\/100\n|-enditem|p1a: Enamorus|Life Orb|[from] move: Knock Off|[of] p2a: Great Tusk\n|\n|-heal|p2a: Great Tusk|18\/100|[from] item: Leftovers\n|upkeep\n|turn|27\n|\n|t:|1700226843\n|move|p1a: Enamorus|Superpower|p2a: Great Tusk\n|-supereffective|p2a: Great Tusk\n|-damage|p2a: Great Tusk|0 fnt\n|-boost|p1a: Enamorus|atk|1\n|-boost|p1a: Enamorus|def|1\n|faint|p2a: Great Tusk\n|-end|p2a: Great Tusk|Protosynthesis|[silent]\n|\n|upkeep\n|\n|t:|1700226851\n|switch|p2a: Walking Wake|Walking Wake|100\/100\n|turn|28\n|\n|t:|1700226861\n|switch|p1a: Blissey|Blissey, F|75\/100\n|move|p2a: Walking Wake|Hydro Steam|p1a: Blissey\n|-damage|p1a: Blissey|58\/100\n|\n|upkeep\n|turn|29\n|\n|t:|1700226865\n|-end|p2a: Walking Wake|Protosynthesis|[silent]\n|switch|p2a: Kingambit|Kingambit, F|100\/100\n|-activate|p2a: Kingambit|ability: Supreme Overlord\n|-start|p2a: Kingambit|fallen2|[silent]\n|move|p1a: Blissey|Thunder Wave|p2a: Kingambit\n|-status|p2a: Kingambit|par\n|\n|upkeep\n|turn|30\n|\n|t:|1700226876\n|move|p1a: Blissey|Soft-Boiled|p1a: Blissey\n|-heal|p1a: Blissey|100\/100\n|cant|p2a: Kingambit|par\n|\n|upkeep\n|turn|31\n|\n|t:|1700226882\n|move|p1a: Blissey|Seismic Toss|p2a: Kingambit\n|-damage|p2a: Kingambit|76\/100 par\n|move|p2a: Kingambit|Iron Head|p1a: Blissey\n|-damage|p1a: Blissey|0 fnt\n|faint|p1a: Blissey\n|\n|-heal|p2a: Kingambit|82\/100 par|[from] item: Leftovers\n|upkeep\n|\n|t:|1700226887\n|switch|p1a: Enamorus|Enamorus, F|65\/100\n|turn|32\n|\n|t:|1700226892\n|-end|p2a: Kingambit|fallen2|[silent]\n|switch|p2a: Walking Wake|Walking Wake|100\/100\n|move|p1a: Enamorus|Superpower|p2a: Walking Wake\n|-damage|p2a: Walking Wake|67\/100\n|-boost|p1a: Enamorus|atk|1\n|-boost|p1a: Enamorus|def|1\n|\n|upkeep\n|turn|33\n|\n|t:|1700226898\n|switch|p1a: Ribombee|Ribombee, M|1\/100\n|move|p2a: Walking Wake|Hydro Steam|p1a: Ribombee\n|-damage|p1a: Ribombee|0 fnt\n|faint|p1a: Ribombee\n|\n|upkeep\n|\n|t:|1700226899\n|switch|p1a: Dragapult|Dragapult, F|100\/100\n|turn|34\n|\n|t:|1700226912\n|-end|p2a: Walking Wake|Protosynthesis|[silent]\n|switch|p2a: Kingambit|Kingambit, F|82\/100 par\n|-activate|p2a: Kingambit|ability: Supreme Overlord\n|-start|p2a: Kingambit|fallen2|[silent]\n|move|p1a: Dragapult|Draco Meteor|p2a: Kingambit\n|-resisted|p2a: Kingambit\n|-damage|p2a: Kingambit|39\/100 par\n|-unboost|p1a: Dragapult|spa|2\n|\n|-heal|p2a: Kingambit|45\/100 par|[from] item: Leftovers\n|upkeep\n|turn|35\n|\n|t:|1700226921\n|move|p1a: Dragapult|Draco Meteor|p2a: Kingambit\n|-resisted|p2a: Kingambit\n|-damage|p2a: Kingambit|24\/100 par\n|-unboost|p1a: Dragapult|spa|2\n|move|p2a: Kingambit|Iron Head|p1a: Dragapult\n|-damage|p1a: Dragapult|23\/100\n|\n|-heal|p2a: Kingambit|30\/100 par|[from] item: Leftovers\n|upkeep\n|turn|36\n|\n|t:|1700226931\n|move|p1a: Dragapult|Draco Meteor|p2a: Kingambit\n|-resisted|p2a: Kingambit\n|-damage|p2a: Kingambit|16\/100 par\n|-unboost|p1a: Dragapult|spa|2\n|move|p2a: Kingambit|Iron Head|p1a: Dragapult\n|-damage|p1a: Dragapult|0 fnt\n|faint|p1a: Dragapult\n|\n|-heal|p2a: Kingambit|22\/100 par|[from] item: Leftovers\n|upkeep\n|\n|t:|1700226934\n|switch|p1a: Enamorus|Enamorus, F|65\/100\n|turn|37\n|\n|t:|1700226937\n|move|p1a: Enamorus|Superpower|p2a: Kingambit\n|-supereffective|p2a: Kingambit\n|-damage|p2a: Kingambit|0 fnt\n|-boost|p1a: Enamorus|atk|1\n|-boost|p1a: Enamorus|def|1\n|faint|p2a: Kingambit\n|-end|p2a: Kingambit|fallen2|[silent]\n|\n|upkeep\n|\n|t:|1700226939\n|switch|p2a: Walking Wake|Walking Wake|67\/100\n|turn|38\n|\n|t:|1700226943\n|move|p2a: Walking Wake|Hydro Steam|p1a: Enamorus\n|-damage|p1a: Enamorus|0 fnt\n|faint|p1a: Enamorus\n|\n|win|QwilfishMyBoy\n|raw|andres14 4's rating: 1257 &rarr; <strong>1236<\/strong><br \/>(-21 for losing)\n|raw|QwilfishMyBoy's rating: 1306 &rarr; <strong>1323<\/strong><br \/>(+17 for winning)\n|l|\u2606andres14 4\n","uploadtime":1700227034,"views":21,"p1id":"andres144","p2id":"qwilfishmyboy","formatid":"gen9ou","rating":1236,"private":0,"password":""}