{"id":"gen9ou-1990187623","p1":"Juwan_tf","p2":"mangolol","format":"[Gen 9] OU","log":"|j|\u2606Juwan_tf\n|j|\u2606mangolol\n|t:|1699934659\n|gametype|singles\n|player|p1|Juwan_tf|byron|1298\n|player|p2|mangolol|adaman|1342\n|teamsize|p1|6\n|teamsize|p2|6\n|gen|9\n|tier|[Gen 9] OU\n|rated|\n|rule|Sleep Clause Mod: Limit one foe put to sleep\n|rule|Species Clause: Limit one of each Pok\u00e9mon\n|rule|OHKO Clause: OHKO moves are banned\n|rule|Evasion Items Clause: Evasion items are banned\n|rule|Evasion Moves Clause: Evasion moves are banned\n|rule|Endless Battle Clause: Forcing endless battles is banned\n|rule|HP Percentage Mod: HP is shown in percentages\n|clearpoke\n|poke|p1|Skeledirge, M|\n|poke|p1|Alomomola, F|\n|poke|p1|Ting-Lu|\n|poke|p1|Zapdos|\n|poke|p1|Hoopa-Unbound|\n|poke|p1|Dragapult, F|\n|poke|p2|Ribombee, F|\n|poke|p2|Samurott-Hisui, F|\n|poke|p2|Ninetales-Alola, M|\n|poke|p2|Rillaboom, F|\n|poke|p2|Sneasler, F|\n|poke|p2|Kingambit, M|\n|teampreview\n|inactive|Battle timer is ON: inactive players will automatically lose when time's up. (requested by Juwan_tf)\n|\n|t:|1699934688\n|start\n|switch|p1a: Dragapult|Dragapult, F|100\/100\n|switch|p2a: more usg thn lando|Ribombee, F|100\/100\n|turn|1\n|\n|t:|1699934691\n|move|p1a: Dragapult|Flamethrower|p2a: more usg thn lando\n|-supereffective|p2a: more usg thn lando\n|-enditem|p2a: more usg thn lando|Focus Sash\n|-damage|p2a: more usg thn lando|1\/100\n|move|p2a: more usg thn lando|Sticky Web|p1a: Dragapult\n|-sidestart|p1: Juwan_tf|move: Sticky Web\n|\n|upkeep\n|turn|2\n|\n|t:|1699934695\n|move|p1a: Dragapult|Flamethrower|p2a: more usg thn lando\n|-supereffective|p2a: more usg thn lando\n|-damage|p2a: more usg thn lando|0 fnt\n|faint|p2a: more usg thn lando\n|\n|upkeep\n|\n|t:|1699934697\n|switch|p2a: GOAT|Samurott-Hisui, F|100\/100\n|turn|3\n|\n|t:|1699934700\n|switch|p1a: Alomomola|Alomomola, F|100\/100\n|move|p2a: GOAT|Ceaseless Edge|p1a: Alomomola\n|-damage|p1a: Alomomola|74\/100\n|-sidestart|p1: Juwan_tf|Spikes\n|\n|upkeep\n|turn|4\n|\n|t:|1699934704\n|move|p2a: GOAT|Ceaseless Edge|p1a: Alomomola\n|-damage|p1a: Alomomola|46\/100\n|-sidestart|p1: Juwan_tf|Spikes\n|move|p1a: Alomomola|Wish|p1a: Alomomola\n|\n|upkeep\n|turn|5\n|\n|t:|1699934707\n|move|p2a: GOAT|Ceaseless Edge|p1a: Alomomola\n|-damage|p1a: Alomomola|21\/100\n|-sidestart|p1: Juwan_tf|Spikes\n|move|p1a: Alomomola|Scald|p2a: GOAT\n|-resisted|p2a: GOAT\n|-damage|p2a: GOAT|90\/100\n|\n|-heal|p1a: Alomomola|71\/100|[from] move: Wish|[wisher] Alomomola\n|upkeep\n|turn|6\n|\n|t:|1699934713\n|switch|p2a: #DICKSOUT|Rillaboom, F|100\/100\n|-fieldstart|move: Grassy Terrain|[from] ability: Grassy Surge|[of] p2a: #DICKSOUT\n|move|p1a: Alomomola|Protect||[still]\n|-fail|p1a: Alomomola\n|\n|-heal|p1a: Alomomola|77\/100|[from] Grassy Terrain\n|upkeep\n|turn|7\n|\n|t:|1699934722\n|switch|p1a: Zapdos|Zapdos|100\/100\n|move|p2a: #DICKSOUT|Knock Off|p1a: Zapdos\n|-damage|p1a: Zapdos|49\/100\n|-enditem|p1a: Zapdos|Heavy-Duty Boots|[from] move: Knock Off|[of] p2a: #DICKSOUT\n|\n|upkeep\n|turn|8\n|\n|t:|1699934726\n|switch|p2a: GOAT|Samurott-Hisui, F|90\/100\n|move|p1a: Zapdos|Roost|p1a: Zapdos\n|-heal|p1a: Zapdos|99\/100\n|-singleturn|p1a: Zapdos|move: Roost\n|\n|-heal|p2a: GOAT|96\/100|[from] Grassy Terrain\n|-heal|p1a: Zapdos|100\/100|[from] Grassy Terrain\n|upkeep\n|turn|9\n|\n|t:|1699934729\n|move|p2a: GOAT|Razor Shell|p1a: Zapdos\n|-damage|p1a: Zapdos|51\/100\n|-unboost|p1a: Zapdos|def|1\n|-status|p2a: GOAT|par|[from] ability: Static|[of] p1a: Zapdos\n|move|p1a: Zapdos|Thunder Wave|p2a: GOAT|[miss]\n|-miss|p1a: Zapdos|p2a: GOAT\n|\n|-heal|p2a: GOAT|100\/100 par|[from] Grassy Terrain\n|upkeep\n|turn|10\n|\n|t:|1699934733\n|move|p1a: Zapdos|Roost|p1a: Zapdos\n|-heal|p1a: Zapdos|100\/100\n|-singleturn|p1a: Zapdos|move: Roost\n|move|p2a: GOAT|Razor Shell|p1a: Zapdos\n|-damage|p1a: Zapdos|35\/100\n|-unboost|p1a: Zapdos|def|1\n|\n|-heal|p1a: Zapdos|41\/100|[from] Grassy Terrain\n|-fieldend|move: Grassy Terrain\n|upkeep\n|turn|11\n|\n|t:|1699934736\n|move|p1a: Zapdos|Volt Switch|p2a: GOAT\n|-supereffective|p2a: GOAT\n|-damage|p2a: GOAT|13\/100 par\n|\n|t:|1699934738\n|switch|p1a: Alomomola|Alomomola, F|100\/100|[from] Volt Switch\n|move|p2a: GOAT|Razor Shell|p1a: Alomomola\n|-resisted|p1a: Alomomola\n|-damage|p1a: Alomomola|85\/100\n|-unboost|p1a: Alomomola|def|1\n|\n|upkeep\n|turn|12\n|\n|t:|1699934741\n|move|p2a: GOAT|Razor Shell|p1a: Alomomola\n|-resisted|p1a: Alomomola\n|-damage|p1a: Alomomola|62\/100\n|-unboost|p1a: Alomomola|def|1\n|move|p1a: Alomomola|Wish|p1a: Alomomola\n|\n|upkeep\n|turn|13\n|\n|t:|1699934744\n|move|p2a: GOAT|Razor Shell|p1a: Alomomola\n|-resisted|p1a: Alomomola\n|-damage|p1a: Alomomola|33\/100\n|move|p1a: Alomomola|Flip Turn|p2a: GOAT\n|-resisted|p2a: GOAT\n|-damage|p2a: GOAT|3\/100 par\n|\n|t:|1699934746\n|switch|p1a: Zapdos|Zapdos|41\/100|[from] Flip Turn\n|\n|-heal|p1a: Zapdos|100\/100|[from] move: Wish|[wisher] Alomomola\n|upkeep\n|turn|14\n|\n|t:|1699934748\n|move|p1a: Zapdos|Volt Switch|p2a: GOAT\n|-supereffective|p2a: GOAT\n|-damage|p2a: GOAT|0 fnt\n|faint|p2a: GOAT\n|\n|t:|1699934749\n|switch|p1a: Alomomola|Alomomola, F|66\/100|[from] Volt Switch\n|\n|upkeep\n|\n|t:|1699934753\n|switch|p2a: #DICKSOUT|Rillaboom, F|100\/100\n|-fieldstart|move: Grassy Terrain|[from] ability: Grassy Surge|[of] p2a: #DICKSOUT\n|turn|15\n|\n|t:|1699934755\n|move|p1a: Alomomola|Protect|p1a: Alomomola\n|-singleturn|p1a: Alomomola|Protect\n|move|p2a: #DICKSOUT|Wood Hammer|p1a: Alomomola\n|-activate|p1a: Alomomola|move: Protect\n|\n|-heal|p1a: Alomomola|72\/100|[from] Grassy Terrain\n|upkeep\n|turn|16\n|\n|t:|1699934761\n|switch|p2a: the antichrist|Ninetales-Alola, M|100\/100\n|-weather|Snow|[from] ability: Snow Warning|[of] p2a: the antichrist\n|switch|p1a: Zapdos|Zapdos|100\/100\n|\n|-weather|Snow|[upkeep]\n|upkeep\n|turn|17\n|\n|t:|1699934765\n|move|p2a: the antichrist|Freeze-Dry|p1a: Zapdos\n|-supereffective|p1a: Zapdos\n|-damage|p1a: Zapdos|47\/100\n|move|p1a: Zapdos|Thunder Wave|p2a: the antichrist\n|-status|p2a: the antichrist|par\n|\n|-weather|Snow|[upkeep]\n|upkeep\n|turn|18\n|\n|t:|1699934768\n|move|p1a: Zapdos|Volt Switch|p2a: the antichrist\n|-damage|p2a: the antichrist|65\/100 par\n|\n|t:|1699934770\n|switch|p1a: Skeledirge|Skeledirge, M|100\/100|[from] Volt Switch\n|move|p2a: the antichrist|Aurora Veil|p2a: the antichrist\n|-sidestart|p2: mangolol|move: Aurora Veil\n|\n|-weather|Snow|[upkeep]\n|-heal|p2a: the antichrist|71\/100 par|[from] Grassy Terrain\n|upkeep\n|turn|19\n|\n|t:|1699934774\n|move|p2a: the antichrist|Moonblast|p1a: Skeledirge\n|-resisted|p1a: Skeledirge\n|-damage|p1a: Skeledirge|84\/100\n|move|p1a: Skeledirge|Will-O-Wisp||[still]\n|-fail|p1a: Skeledirge\n|\n|-weather|Snow|[upkeep]\n|-heal|p2a: the antichrist|76\/100 par|[from] Grassy Terrain\n|-heal|p1a: Skeledirge|90\/100|[from] Grassy Terrain\n|-fieldend|move: Grassy Terrain\n|upkeep\n|turn|20\n|\n|t:|1699934776\n|cant|p2a: the antichrist|par\n|move|p1a: Skeledirge|Will-O-Wisp||[still]\n|-fail|p1a: Skeledirge\n|\n|-weather|none\n|upkeep\n|turn|21\n|\n|t:|1699934778\n|move|p2a: the antichrist|Encore|p1a: Skeledirge\n|-start|p1a: Skeledirge|Encore\n|move|p1a: Skeledirge|Will-O-Wisp||[still]\n|-fail|p1a: Skeledirge\n|\n|upkeep\n|turn|22\n|\n|t:|1699934782\n|switch|p2a: #DICKSOUT|Rillaboom, F|100\/100\n|-fieldstart|move: Grassy Terrain|[from] ability: Grassy Surge|[of] p2a: #DICKSOUT\n|move|p1a: Skeledirge|Will-O-Wisp|p2a: #DICKSOUT\n|-status|p2a: #DICKSOUT|brn\n|\n|-heal|p1a: Skeledirge|96\/100|[from] Grassy Terrain\n|-damage|p2a: #DICKSOUT|94\/100 brn|[from] brn\n|upkeep\n|turn|23\n|\n|t:|1699934788\n|switch|p1a: Zapdos|Zapdos|47\/100\n|move|p2a: #DICKSOUT|Knock Off|p1a: Zapdos\n|-damage|p1a: Zapdos|30\/100\n|\n|-heal|p2a: #DICKSOUT|100\/100 brn|[from] Grassy Terrain\n|-damage|p2a: #DICKSOUT|94\/100 brn|[from] brn\n|upkeep\n|turn|24\n|\n|t:|1699934791\n|switch|p2a: the antichrist|Ninetales-Alola, M|76\/100 par\n|-weather|Snow|[from] ability: Snow Warning|[of] p2a: the antichrist\n|move|p1a: Zapdos|Roost|p1a: Zapdos\n|-heal|p1a: Zapdos|80\/100\n|-singleturn|p1a: Zapdos|move: Roost\n|\n|-weather|Snow|[upkeep]\n|-heal|p1a: Zapdos|86\/100|[from] Grassy Terrain\n|-heal|p2a: the antichrist|82\/100 par|[from] Grassy Terrain\n|upkeep\n|turn|25\n|\n|t:|1699934794\n|move|p1a: Zapdos|Volt Switch|p2a: the antichrist\n|-damage|p2a: the antichrist|64\/100 par\n|\n|t:|1699934797\n|switch|p1a: Skeledirge|Skeledirge, M|96\/100|[from] Volt Switch\n|move|p2a: the antichrist|Freeze-Dry|p1a: Skeledirge\n|-resisted|p1a: Skeledirge\n|-damage|p1a: Skeledirge|85\/100\n|\n|-weather|Snow|[upkeep]\n|-heal|p2a: the antichrist|70\/100 par|[from] Grassy Terrain\n|-heal|p1a: Skeledirge|91\/100|[from] Grassy Terrain\n|-sideend|p2: mangolol|move: Aurora Veil\n|upkeep\n|turn|26\n|\n|t:|1699934800\n|move|p2a: the antichrist|Moonblast|p1a: Skeledirge\n|-resisted|p1a: Skeledirge\n|-damage|p1a: Skeledirge|76\/100\n|-unboost|p1a: Skeledirge|spa|1\n|move|p1a: Skeledirge|Torch Song|p2a: the antichrist\n|-supereffective|p2a: the antichrist\n|-damage|p2a: the antichrist|20\/100 par\n|-boost|p1a: Skeledirge|spa|1\n|\n|-weather|Snow|[upkeep]\n|-heal|p2a: the antichrist|26\/100 par|[from] Grassy Terrain\n|-heal|p1a: Skeledirge|82\/100|[from] Grassy Terrain\n|-fieldend|move: Grassy Terrain\n|upkeep\n|turn|27\n|\n|t:|1699934804\n|cant|p2a: the antichrist|par\n|move|p1a: Skeledirge|Torch Song|p2a: the antichrist\n|-supereffective|p2a: the antichrist\n|-damage|p2a: the antichrist|0 fnt\n|-boost|p1a: Skeledirge|spa|1\n|faint|p2a: the antichrist\n|\n|-weather|Snow|[upkeep]\n|upkeep\n|\n|t:|1699934808\n|switch|p2a: featured shitmon|Kingambit, M|100\/100\n|-activate|p2a: featured shitmon|ability: Supreme Overlord\n|-start|p2a: featured shitmon|fallen3|[silent]\n|turn|28\n|\n|t:|1699934809\n|move|p2a: featured shitmon|Kowtow Cleave|p1a: Skeledirge\n|-supereffective|p1a: Skeledirge\n|-damage|p1a: Skeledirge|0 fnt\n|faint|p1a: Skeledirge\n|\n|-weather|none\n|upkeep\n|\n|t:|1699934813\n|switch|p1a: Zapdos|Zapdos|86\/100\n|turn|29\n|\n|t:|1699934816\n|-end|p2a: featured shitmon|fallen3|[silent]\n|switch|p2a: #DICKSOUT|Rillaboom, F|94\/100 brn\n|-fieldstart|move: Grassy Terrain|[from] ability: Grassy Surge|[of] p2a: #DICKSOUT\n|move|p1a: Zapdos|Thunder Wave||[still]\n|-fail|p1a: Zapdos\n|\n|-heal|p2a: #DICKSOUT|100\/100 brn|[from] Grassy Terrain\n|-damage|p2a: #DICKSOUT|94\/100 brn|[from] brn\n|upkeep\n|turn|30\n|\n|t:|1699934821\n|move|p1a: Zapdos|Hurricane|p2a: #DICKSOUT\n|-supereffective|p2a: #DICKSOUT\n|-damage|p2a: #DICKSOUT|0 fnt\n|faint|p2a: #DICKSOUT\n|\n|upkeep\n|\n|t:|1699934824\n|switch|p2a: LOL XD!!!!!!|Sneasler, F|100\/100\n|-enditem|p2a: LOL XD!!!!!!|Grassy Seed\n|-boost|p2a: LOL XD!!!!!!|def|1|[from] item: Grassy Seed\n|turn|31\n|\n|t:|1699934827\n|-terastallize|p2a: LOL XD!!!!!!|Flying\n|move|p2a: LOL XD!!!!!!|Swords Dance|p2a: LOL XD!!!!!!\n|-boost|p2a: LOL XD!!!!!!|atk|2\n|move|p1a: Zapdos|Thunder Wave|p2a: LOL XD!!!!!!\n|-status|p2a: LOL XD!!!!!!|par\n|\n|upkeep\n|turn|32\n|\n|t:|1699934835\n|move|p2a: LOL XD!!!!!!|Dire Claw|p1a: Zapdos\n|-damage|p1a: Zapdos|8\/100\n|move|p1a: Zapdos|Volt Switch|p2a: LOL XD!!!!!!\n|-supereffective|p2a: LOL XD!!!!!!\n|-damage|p2a: LOL XD!!!!!!|16\/100 par\n|\n|t:|1699934843\n|switch|p1a: Alomomola|Alomomola, F|100\/100|[from] Volt Switch\n|\n|upkeep\n|turn|33\n|\n|t:|1699934845\n|cant|p2a: LOL XD!!!!!!|par\n|move|p1a: Alomomola|Scald|p2a: LOL XD!!!!!!\n|-damage|p2a: LOL XD!!!!!!|0 fnt\n|faint|p2a: LOL XD!!!!!!\n|\n|-fieldend|move: Grassy Terrain\n|upkeep\n|\n|t:|1699934848\n|switch|p2a: featured shitmon|Kingambit, M|100\/100\n|-activate|p2a: featured shitmon|ability: Supreme Overlord\n|-start|p2a: featured shitmon|fallen5|[silent]\n|turn|34\n|\n|t:|1699934850\n|move|p2a: featured shitmon|Swords Dance|p2a: featured shitmon\n|-boost|p2a: featured shitmon|atk|2\n|move|p1a: Alomomola|Scald|p2a: featured shitmon\n|-damage|p2a: featured shitmon|86\/100\n|\n|upkeep\n|turn|35\n|\n|t:|1699934853\n|move|p2a: featured shitmon|Swords Dance|p2a: featured shitmon\n|-boost|p2a: featured shitmon|atk|2\n|move|p1a: Alomomola|Scald|p2a: featured shitmon\n|-damage|p2a: featured shitmon|71\/100\n|\n|upkeep\n|turn|36\n|\n|t:|1699934856\n|move|p2a: featured shitmon|Kowtow Cleave|p1a: Alomomola\n|-damage|p1a: Alomomola|0 fnt\n|faint|p1a: Alomomola\n|\n|upkeep\n|\n|t:|1699934859\n|switch|p1a: Zapdos|Zapdos|8\/100\n|turn|37\n|\n|t:|1699934862\n|move|p1a: Zapdos|Thunder Wave|p2a: featured shitmon\n|-status|p2a: featured shitmon|par\n|-enditem|p2a: featured shitmon|Lum Berry|[eat]\n|-curestatus|p2a: featured shitmon|par|[msg]\n|move|p2a: featured shitmon|Kowtow Cleave|p1a: Zapdos\n|-damage|p1a: Zapdos|0 fnt\n|faint|p1a: Zapdos\n|\n|upkeep\n|\n|t:|1699934875\n|switch|p1a: Ting-Lu|Ting-Lu|100\/100\n|-ability|p1a: Ting-Lu|Vessel of Ruin\n|turn|38\n|\n|t:|1699934877\n|move|p2a: featured shitmon|Iron Head|p1a: Ting-Lu\n|-damage|p1a: Ting-Lu|0 fnt\n|faint|p1a: Ting-Lu\n|\n|upkeep\n|\n|t:|1699934879\n|switch|p1a: Hoopa|Hoopa-Unbound|100\/100\n|turn|39\n|\n|t:|1699934882\n|-terastallize|p1a: Hoopa|Fairy\n|move|p1a: Hoopa|Nasty Plot|p1a: Hoopa\n|-boost|p1a: Hoopa|spa|2\n|move|p2a: featured shitmon|Kowtow Cleave|p1a: Hoopa\n|-resisted|p1a: Hoopa\n|-damage|p1a: Hoopa|0 fnt\n|faint|p1a: Hoopa\n|\n|upkeep\n|-message|Juwan_tf forfeited.\n|\n|win|mangolol\n|raw|Juwan_tf's rating: 1298 &rarr; <strong>1276<\/strong><br \/>(-22 for losing)\n|raw|mangolol's rating: 1342 &rarr; <strong>1359<\/strong><br \/>(+17 for winning)\n|l|\u2606Juwan_tf\n","uploadtime":1699934888,"views":6,"p1id":"juwantf","p2id":"mangolol","formatid":"gen9ou","rating":1276,"private":0,"password":""}