{"id":"gen9ou-1997024669","p1":"MaxiderUttinger","p2":"NoobNoon69","format":"[Gen 9] OU","log":"|j|\u2606MaxiderUttinger\n|j|\u2606NoobNoon69\n|t:|1700756874\n|gametype|singles\n|player|p1|MaxiderUttinger|102|1255\n|player|p2|NoobNoon69|preschooler|1190\n|teamsize|p1|6\n|teamsize|p2|6\n|gen|9\n|tier|[Gen 9] OU\n|rated|\n|rule|Sleep Clause Mod: Limit one foe put to sleep\n|rule|Species Clause: Limit one of each Pok\u00e9mon\n|rule|OHKO Clause: OHKO moves are banned\n|rule|Evasion Items Clause: Evasion items are banned\n|rule|Evasion Moves Clause: Evasion moves are banned\n|rule|Endless Battle Clause: Forcing endless battles is banned\n|rule|HP Percentage Mod: HP is shown in percentages\n|clearpoke\n|poke|p1|Blissey, F|\n|poke|p1|Iron Valiant|\n|poke|p1|Greninja-*, M|\n|poke|p1|Iron Moth|\n|poke|p1|Scizor, M|\n|poke|p1|Great Tusk|\n|poke|p2|Garchomp, F|\n|poke|p2|Ogerpon-Wellspring, F|\n|poke|p2|Gholdengo|\n|poke|p2|Cinderace, F|\n|poke|p2|Clefable, F|\n|poke|p2|Dragapult, F|\n|teampreview\n|inactive|Battle timer is ON: inactive players will automatically lose when time's up. (requested by NoobNoon69)\n|\n|t:|1700756884\n|start\n|switch|p1a: Greninja|Greninja, M|100\/100\n|switch|p2a: Clefable|Clefable, F, shiny|100\/100\n|turn|1\n|\n|t:|1700756893\n|switch|p1a: Scizor|Scizor, M|100\/100\n|move|p2a: Clefable|Moonblast|p1a: Scizor\n|-resisted|p1a: Scizor\n|-damage|p1a: Scizor|81\/100\n|\n|upkeep\n|turn|2\n|\n|t:|1700756901\n|move|p2a: Clefable|Protect|p2a: Clefable\n|-singleturn|p2a: Clefable|Protect\n|move|p1a: Scizor|Bullet Punch|p2a: Clefable\n|-activate|p2a: Clefable|move: Protect\n|\n|upkeep\n|turn|3\n|\n|t:|1700756907\n|move|p1a: Scizor|Bullet Punch|p2a: Clefable\n|-supereffective|p2a: Clefable\n|-damage|p2a: Clefable|50\/100\n|move|p2a: Clefable|Wish|p2a: Clefable\n|\n|-heal|p2a: Clefable|56\/100|[from] item: Leftovers\n|upkeep\n|turn|4\n|\n|t:|1700756918\n|switch|p1a: Iron Moth|Iron Moth|100\/100\n|move|p2a: Clefable|Protect||[still]\n|-fail|p2a: Clefable\n|\n|-heal|p2a: Clefable|100\/100|[from] move: Wish|[wisher] Clefable\n|upkeep\n|turn|5\n|\n|t:|1700756933\n|move|p1a: Iron Moth|Flamethrower|p2a: Clefable\n|-crit|p2a: Clefable\n|-damage|p2a: Clefable|0 fnt\n|faint|p2a: Clefable\n|\n|upkeep\n|c|\u2606NoobNoon69|Bruh\n|\n|t:|1700756951\n|switch|p2a: Garchomp|Garchomp, F, shiny|100\/100\n|turn|6\n|c|\u2606MaxiderUttinger|how was that enough\n|\n|t:|1700756963\n|-end|p1a: Iron Moth|Quark Drive|[silent]\n|switch|p1a: Great Tusk|Great Tusk|100\/100\n|move|p2a: Garchomp|Scale Shot|p1a: Great Tusk\n|-damage|p1a: Great Tusk|94\/100\n|-damage|p1a: Great Tusk|88\/100\n|-damage|p1a: Great Tusk|81\/100\n|-damage|p1a: Great Tusk|75\/100\n|-damage|p1a: Great Tusk|68\/100\n|-hitcount|p1a: Great Tusk|5\n|-unboost|p2a: Garchomp|def|1\n|-boost|p2a: Garchomp|spe|1\n|\n|-heal|p1a: Great Tusk|75\/100|[from] item: Leftovers\n|upkeep\n|turn|7\n|\n|t:|1700756972\n|switch|p2a: Gholdengo|Gholdengo, shiny|100\/100\n|-item|p2a: Gholdengo|Air Balloon\n|move|p1a: Great Tusk|Knock Off|p2a: Gholdengo\n|-supereffective|p2a: Gholdengo\n|-damage|p2a: Gholdengo|35\/100\n|-enditem|p2a: Gholdengo|Air Balloon\n|\n|-heal|p1a: Great Tusk|81\/100|[from] item: Leftovers\n|upkeep\n|turn|8\n|inactive|NoobNoon69 has 120 seconds left.\n|\n|t:|1700757017\n|-end|p1a: Great Tusk|Protosynthesis|[silent]\n|switch|p1a: Greninja|Greninja, M|100\/100\n|move|p2a: Gholdengo|Shadow Ball|p1a: Greninja\n|-resisted|p1a: Greninja\n|-damage|p1a: Greninja|65\/100\n|\n|upkeep\n|turn|9\n|inactive|MaxiderUttinger has 120 seconds left.\n|\n|t:|1700757043\n|switch|p2a: Ogerpon|Ogerpon-Wellspring, F|100\/100\n|move|p1a: Greninja|Surf|p2a: Ogerpon\n|-start|p1a: Greninja|typechange|Water|[from] ability: Protean\n|-immune|p2a: Ogerpon|[from] ability: Water Absorb\n|\n|upkeep\n|turn|10\n|inactive|NoobNoon69 has 120 seconds left.\n|inactive|MaxiderUttinger has 120 seconds left.\n|\n|t:|1700757067\n|switch|p1a: Scizor|Scizor, M|81\/100\n|move|p2a: Ogerpon|Knock Off|p1a: Scizor\n|-damage|p1a: Scizor|40\/100\n|-enditem|p1a: Scizor|Aguav Berry|[from] move: Knock Off|[of] p2a: Ogerpon\n|\n|upkeep\n|turn|11\n|inactive|NoobNoon69 has 120 seconds left.\n|\n|t:|1700757086\n|move|p2a: Ogerpon|U-turn|p1a: Scizor\n|-resisted|p1a: Scizor\n|-damage|p1a: Scizor|25\/100\n|\n|t:|1700757089\n|switch|p2a: Cinderace|Cinderace, F, shiny|100\/100|[from] U-turn\n|move|p1a: Scizor|Lunge|p2a: Cinderace\n|-resisted|p2a: Cinderace\n|-damage|p2a: Cinderace|65\/100\n|-unboost|p2a: Cinderace|atk|1\n|\n|upkeep\n|turn|12\n|inactive|NoobNoon69 has 120 seconds left.\n|inactive|MaxiderUttinger has 120 seconds left.\n|\n|t:|1700757100\n|move|p2a: Cinderace|Pyro Ball|p1a: Scizor\n|-supereffective|p1a: Scizor\n|-damage|p1a: Scizor|0 fnt\n|faint|p1a: Scizor\n|\n|upkeep\n|inactive|MaxiderUttinger has 120 seconds left.\n|\n|t:|1700757107\n|switch|p1a: Greninja|Greninja, M|65\/100\n|turn|13\n|inactive|MaxiderUttinger has 120 seconds left.\n|\n|t:|1700757121\n|switch|p2a: Ogerpon|Ogerpon-Wellspring, F|100\/100\n|move|p1a: Greninja|Surf|p2a: Ogerpon\n|-start|p1a: Greninja|typechange|Water|[from] ability: Protean\n|-immune|p2a: Ogerpon|[from] ability: Water Absorb\n|\n|upkeep\n|turn|14\n|\n|t:|1700757129\n|move|p1a: Greninja|Ice Beam|p2a: Ogerpon\n|-damage|p2a: Ogerpon|62\/100\n|-status|p2a: Ogerpon|frz\n|-damage|p1a: Greninja|56\/100|[from] item: Life Orb\n|cant|p2a: Ogerpon|frz\n|\n|upkeep\n|turn|15\n|c|\u2606NoobNoon69|Bruh\n|c|\u2606MaxiderUttinger|yesssir\n|\n|t:|1700757143\n|switch|p1a: Iron Moth|Iron Moth|100\/100\n|cant|p2a: Ogerpon|frz\n|\n|upkeep\n|turn|16\n|\n|t:|1700757153\n|switch|p2a: Garchomp|Garchomp, F, shiny|100\/100\n|move|p1a: Iron Moth|Flamethrower|p2a: Garchomp\n|-resisted|p2a: Garchomp\n|-damage|p2a: Garchomp|63\/100\n|\n|upkeep\n|turn|17\n|\n|t:|1700757165\n|-end|p1a: Iron Moth|Quark Drive|[silent]\n|switch|p1a: Great Tusk|Great Tusk|81\/100\n|move|p2a: Garchomp|Earthquake|p1a: Great Tusk\n|-damage|p1a: Great Tusk|58\/100\n|\n|-heal|p1a: Great Tusk|64\/100|[from] item: Leftovers\n|upkeep\n|turn|18\n|\n|t:|1700757173\n|switch|p2a: Ogerpon|Ogerpon-Wellspring, F|62\/100 frz\n|move|p1a: Great Tusk|Stealth Rock|p2a: Ogerpon\n|-sidestart|p2: NoobNoon69|move: Stealth Rock\n|\n|-heal|p1a: Great Tusk|70\/100|[from] item: Leftovers\n|upkeep\n|turn|19\n|\n|t:|1700757181\n|-end|p1a: Great Tusk|Protosynthesis|[silent]\n|switch|p1a: Iron Moth|Iron Moth|100\/100\n|cant|p2a: Ogerpon|frz\n|\n|upkeep\n|turn|20\n|\n|t:|1700757187\n|move|p1a: Iron Moth|Sludge Wave|p2a: Ogerpon\n|-supereffective|p2a: Ogerpon\n|-damage|p2a: Ogerpon|0 fnt\n|faint|p2a: Ogerpon\n|\n|upkeep\n|\n|t:|1700757190\n|switch|p2a: Garchomp|Garchomp, F, shiny|63\/100\n|-damage|p2a: Garchomp|57\/100|[from] Stealth Rock\n|turn|21\n|\n|t:|1700757211\n|move|p1a: Iron Moth|Sludge Wave|p2a: Garchomp\n|-resisted|p2a: Garchomp\n|-damage|p2a: Garchomp|14\/100\n|-status|p2a: Garchomp|psn\n|move|p2a: Garchomp|Swords Dance|p2a: Garchomp\n|-boost|p2a: Garchomp|atk|2\n|\n|-damage|p2a: Garchomp|1\/100 psn|[from] psn\n|upkeep\n|turn|22\n|\n|t:|1700757225\n|move|p1a: Iron Moth|Sludge Wave|p2a: Garchomp\n|-resisted|p2a: Garchomp\n|-damage|p2a: Garchomp|0 fnt\n|faint|p2a: Garchomp\n|\n|upkeep\n|\n|t:|1700757230\n|switch|p2a: Dragapult|Dragapult, F, shiny|100\/100\n|-damage|p2a: Dragapult|88\/100|[from] Stealth Rock\n|turn|23\n|\n|t:|1700757234\n|move|p2a: Dragapult|Draco Meteor|p1a: Iron Moth\n|-damage|p1a: Iron Moth|17\/100\n|-unboost|p2a: Dragapult|spa|2\n|move|p1a: Iron Moth|Sludge Wave|p2a: Dragapult\n|-resisted|p2a: Dragapult\n|-damage|p2a: Dragapult|39\/100\n|\n|upkeep\n|turn|24\n|\n|t:|1700757247\n|move|p2a: Dragapult|Draco Meteor|p1a: Iron Moth\n|-damage|p1a: Iron Moth|0 fnt\n|-unboost|p2a: Dragapult|spa|2\n|faint|p1a: Iron Moth\n|-end|p1a: Iron Moth|Quark Drive|[silent]\n|\n|upkeep\n|inactive|MaxiderUttinger has 120 seconds left.\n|\n|t:|1700757274\n|switch|p1a: Greninja|Greninja, M|56\/100\n|turn|25\n|\n|t:|1700757285\n|switch|p2a: Cinderace|Cinderace, F, shiny|65\/100\n|move|p1a: Greninja|Ice Beam|p2a: Cinderace\n|-start|p1a: Greninja|typechange|Ice|[from] ability: Protean\n|-resisted|p2a: Cinderace\n|-damage|p2a: Cinderace|30\/100\n|-damage|p1a: Greninja|46\/100|[from] item: Life Orb\n|\n|upkeep\n|turn|26\n|\n|t:|1700757301\n|-terastallize|p1a: Greninja|Water\n|move|p2a: Cinderace|Sucker Punch|p1a: Greninja\n|-start|p2a: Cinderace|typechange|Dark|[from] ability: Libero\n|-damage|p1a: Greninja|0 fnt\n|faint|p1a: Greninja\n|\n|upkeep\n|inactive|MaxiderUttinger has 120 seconds left.\n|\n|t:|1700757311\n|switch|p1a: Great Tusk|Great Tusk|70\/100\n|turn|27\n|\n|t:|1700757317\n|move|p2a: Cinderace|Pyro Ball|p1a: Great Tusk\n|-damage|p1a: Great Tusk|51\/100\n|move|p1a: Great Tusk|Rapid Spin|p2a: Cinderace\n|-damage|p2a: Cinderace|10\/100\n|-boost|p1a: Great Tusk|spe|1\n|\n|-heal|p1a: Great Tusk|58\/100|[from] item: Leftovers\n|upkeep\n|turn|28\n|\n|t:|1700757326\n|move|p2a: Cinderace|Sucker Punch|p1a: Great Tusk\n|-resisted|p1a: Great Tusk\n|-damage|p1a: Great Tusk|49\/100\n|move|p1a: Great Tusk|Rapid Spin|p2a: Cinderace\n|-damage|p2a: Cinderace|0 fnt\n|-boost|p1a: Great Tusk|spe|1\n|faint|p2a: Cinderace\n|\n|-heal|p1a: Great Tusk|55\/100|[from] item: Leftovers\n|upkeep\n|\n|t:|1700757337\n|switch|p2a: Dragapult|Dragapult, F, shiny|39\/100\n|-damage|p2a: Dragapult|27\/100|[from] Stealth Rock\n|turn|29\n|\n|t:|1700757348\n|move|p2a: Dragapult|Draco Meteor|p1a: Great Tusk\n|-damage|p1a: Great Tusk|0 fnt\n|-unboost|p2a: Dragapult|spa|2\n|faint|p1a: Great Tusk\n|-end|p1a: Great Tusk|Protosynthesis|[silent]\n|\n|upkeep\n|\n|t:|1700757368\n|switch|p1a: Iron Valiant|Iron Valiant|100\/100\n|turn|30\n|\n|t:|1700757377\n|move|p1a: Iron Valiant|Shadow Sneak|p2a: Dragapult\n|-supereffective|p2a: Dragapult\n|-damage|p2a: Dragapult|0 fnt\n|faint|p2a: Dragapult\n|\n|upkeep\n|c|\u2606NoobNoon69|I ain\u2019t winning this\n|c|\u2606NoobNoon69|gg wp\n|\n|t:|1700757388\n|switch|p2a: Gholdengo|Gholdengo, shiny|35\/100\n|-damage|p2a: Gholdengo|29\/100|[from] Stealth Rock\n|turn|31\n|c|\u2606MaxiderUttinger|gg\n|\n|t:|1700757401\n|-terastallize|p2a: Gholdengo|Fighting\n|move|p1a: Iron Valiant|Shadow Sneak|p2a: Gholdengo\n|-damage|p2a: Gholdengo|3\/100\n|move|p2a: Gholdengo|Make It Rain|p1a: Iron Valiant\n|-supereffective|p1a: Iron Valiant\n|-damage|p1a: Iron Valiant|0 fnt\n|-unboost|p2a: Gholdengo|spa|1\n|faint|p1a: Iron Valiant\n|-end|p1a: Iron Valiant|Quark Drive|[silent]\n|\n|upkeep\n|c|\u2606MaxiderUttinger|bruh\n|c|\u2606MaxiderUttinger|i thought it was enough\n|inactive|MaxiderUttinger has 120 seconds left.\n|\n|t:|1700757429\n|switch|p1a: Blissey|Blissey, F|100\/100\n|turn|32\n|c|\u2606NoobNoon69|Tell that to my cleafable lol\n|\n|t:|1700757451\n|move|p2a: Gholdengo|Focus Blast|p1a: Blissey\n|-supereffective|p1a: Blissey\n|-damage|p1a: Blissey|78\/100\n|-unboost|p1a: Blissey|spd|1\n|move|p1a: Blissey|Thunder Wave|p2a: Gholdengo\n|-immune|p2a: Gholdengo|[from] ability: Good as Gold\n|\n|upkeep\n|turn|33\n|\n|t:|1700757466\n|move|p2a: Gholdengo|Focus Blast|p1a: Blissey\n|-supereffective|p1a: Blissey\n|-crit|p1a: Blissey\n|-damage|p1a: Blissey|0 fnt\n|faint|p1a: Blissey\n|\n|win|NoobNoon69\n|raw|MaxiderUttinger's rating: 1255 &rarr; <strong>1225<\/strong><br \/>(-30 for losing)\n|raw|NoobNoon69's rating: 1190 &rarr; <strong>1220<\/strong><br \/>(+30 for winning)\n|c|\u2606NoobNoon69|Bruh\n|c|\u2606MaxiderUttinger|bruh\n|c|\u2606MaxiderUttinger|what\n|c|\u2606NoobNoon69|didnt see that coming\n|c|\u2606NoobNoon69|ggs lol\n|c|\u2606MaxiderUttinger|how 77\n","uploadtime":1700757496,"views":6,"p1id":"maxideruttinger","p2id":"noobnoon69","formatid":"gen9ou","rating":1220,"private":0,"password":""}