{"id":"gen9ou-1994768620","p1":"TheNutmeg33","p2":"Kyussey","format":"[Gen 9] OU","log":"|j|\u2606TheNutmeg33\n|j|\u2606Kyussey\n|t:|1700490888\n|gametype|singles\n|player|p1|TheNutmeg33|102|1559\n|player|p2|Kyussey|266|1461\n|teamsize|p1|6\n|teamsize|p2|6\n|gen|9\n|tier|[Gen 9] OU\n|rated|\n|rule|Sleep Clause Mod: Limit one foe put to sleep\n|rule|Species Clause: Limit one of each Pok\u00e9mon\n|rule|OHKO Clause: OHKO moves are banned\n|rule|Evasion Items Clause: Evasion items are banned\n|rule|Evasion Moves Clause: Evasion moves are banned\n|rule|Endless Battle Clause: Forcing endless battles is banned\n|rule|HP Percentage Mod: HP is shown in percentages\n|clearpoke\n|poke|p1|Iron Moth|\n|poke|p1|Great Tusk|\n|poke|p1|Clodsire, F|\n|poke|p1|Ceruledge, F|\n|poke|p1|Garganacl, M|\n|poke|p1|Corviknight, M|\n|poke|p2|Weavile, F|\n|poke|p2|Ogerpon-Wellspring, F|\n|poke|p2|Great Tusk|\n|poke|p2|Gholdengo|\n|poke|p2|Enamorus, F|\n|poke|p2|Slowking-Galar, M|\n|teampreview\n|inactive|Battle timer is ON: inactive players will automatically lose when time's up. (requested by TheNutmeg33)\n|\n|t:|1700490895\n|start\n|switch|p1a: Garganacl|Garganacl, M, shiny|100\/100\n|switch|p2a: Great Tusk|Great Tusk|100\/100\n|turn|1\n|\n|t:|1700490900\n|-terastallize|p1a: Garganacl|Ghost\n|move|p2a: Great Tusk|Knock Off|p1a: Garganacl\n|-supereffective|p1a: Garganacl\n|-damage|p1a: Garganacl|71\/100\n|-enditem|p1a: Garganacl|Leftovers|[from] move: Knock Off|[of] p2a: Great Tusk\n|move|p1a: Garganacl|Salt Cure|p2a: Great Tusk\n|-resisted|p2a: Great Tusk\n|-crit|p2a: Great Tusk\n|-damage|p2a: Great Tusk|97\/100\n|-start|p2a: Great Tusk|Salt Cure\n|\n|-heal|p2a: Great Tusk|100\/100|[from] item: Leftovers\n|-damage|p2a: Great Tusk|88\/100|[from] Salt Cure\n|upkeep\n|turn|2\n|\n|t:|1700490907\n|move|p2a: Great Tusk|Stealth Rock|p1a: Garganacl\n|-sidestart|p1: TheNutmeg33|move: Stealth Rock\n|move|p1a: Garganacl|Stealth Rock|p2a: Great Tusk\n|-sidestart|p2: Kyussey|move: Stealth Rock\n|\n|-heal|p2a: Great Tusk|94\/100|[from] item: Leftovers\n|-damage|p2a: Great Tusk|82\/100|[from] Salt Cure\n|upkeep\n|turn|3\n|\n|t:|1700490914\n|-end|p2a: Great Tusk|Protosynthesis|[silent]\n|switch|p2a: Ogerpon|Ogerpon-Wellspring, F|100\/100\n|-damage|p2a: Ogerpon|88\/100|[from] Stealth Rock\n|move|p1a: Garganacl|Salt Cure|p2a: Ogerpon\n|-damage|p2a: Ogerpon|71\/100\n|-start|p2a: Ogerpon|Salt Cure\n|\n|-damage|p2a: Ogerpon|46\/100|[from] Salt Cure\n|upkeep\n|turn|4\n|\n|t:|1700490931\n|switch|p2a: Enamorus|Enamorus, F|100\/100\n|-damage|p2a: Enamorus|76\/100|[from] Stealth Rock\n|move|p1a: Garganacl|Recover|p1a: Garganacl\n|-heal|p1a: Garganacl|100\/100\n|\n|upkeep\n|turn|5\n|\n|t:|1700490933\n|move|p2a: Enamorus|Moonblast|p1a: Garganacl\n|-damage|p1a: Garganacl|61\/100\n|move|p1a: Garganacl|Salt Cure|p2a: Enamorus\n|-supereffective|p2a: Enamorus\n|-damage|p2a: Enamorus|30\/100\n|-start|p2a: Enamorus|Salt Cure\n|\n|-damage|p2a: Enamorus|17\/100|[from] Salt Cure\n|upkeep\n|turn|6\n|\n|t:|1700490937\n|move|p2a: Enamorus|Moonblast|p1a: Garganacl\n|-damage|p1a: Garganacl|19\/100\n|move|p1a: Garganacl|Recover|p1a: Garganacl\n|-heal|p1a: Garganacl|69\/100\n|\n|-damage|p2a: Enamorus|5\/100|[from] Salt Cure\n|upkeep\n|turn|7\n|\n|t:|1700490941\n|move|p1a: Garganacl|Protect|p1a: Garganacl\n|-singleturn|p1a: Garganacl|Protect\n|move|p2a: Enamorus|Moonblast|p1a: Garganacl\n|-activate|p1a: Garganacl|move: Protect\n|\n|-damage|p2a: Enamorus|0 fnt|[from] Salt Cure\n|faint|p2a: Enamorus\n|upkeep\n|\n|t:|1700490955\n|switch|p2a: Gholdengo|Gholdengo|100\/100\n|-damage|p2a: Gholdengo|94\/100|[from] Stealth Rock\n|-item|p2a: Gholdengo|Air Balloon\n|turn|8\n|\n|t:|1700490957\n|move|p2a: Gholdengo|Nasty Plot|p2a: Gholdengo\n|-boost|p2a: Gholdengo|spa|2\n|move|p1a: Garganacl|Salt Cure|p2a: Gholdengo\n|-resisted|p2a: Gholdengo\n|-damage|p2a: Gholdengo|90\/100\n|-start|p2a: Gholdengo|Salt Cure\n|-enditem|p2a: Gholdengo|Air Balloon\n|\n|-damage|p2a: Gholdengo|65\/100|[from] Salt Cure\n|upkeep\n|turn|9\n|\n|t:|1700490962\n|move|p1a: Garganacl|Protect|p1a: Garganacl\n|-singleturn|p1a: Garganacl|Protect\n|move|p2a: Gholdengo|Shadow Ball|p1a: Garganacl\n|-activate|p1a: Garganacl|move: Protect\n|\n|-damage|p2a: Gholdengo|40\/100|[from] Salt Cure\n|upkeep\n|turn|10\n|\n|t:|1700490966\n|switch|p1a: Clodsire|Clodsire, F, shiny|100\/100\n|-damage|p1a: Clodsire|94\/100|[from] Stealth Rock\n|move|p2a: Gholdengo|Make It Rain|p1a: Clodsire\n|-damage|p1a: Clodsire|36\/100\n|-unboost|p2a: Gholdengo|spa|1\n|\n|-heal|p1a: Clodsire|42\/100|[from] item: Black Sludge\n|-damage|p2a: Gholdengo|15\/100|[from] Salt Cure\n|upkeep\n|turn|11\n|\n|t:|1700490971\n|move|p2a: Gholdengo|Make It Rain|p1a: Clodsire\n|-damage|p1a: Clodsire|4\/100\n|-unboost|p2a: Gholdengo|spa|1\n|move|p1a: Clodsire|Recover|p1a: Clodsire\n|-heal|p1a: Clodsire|54\/100\n|\n|-heal|p1a: Clodsire|60\/100|[from] item: Black Sludge\n|-damage|p2a: Gholdengo|0 fnt|[from] Salt Cure\n|faint|p2a: Gholdengo\n|upkeep\n|\n|t:|1700490979\n|switch|p2a: Weavile|Weavile, F|100\/100\n|-ability|p2a: Weavile|Pressure\n|turn|12\n|\n|t:|1700490988\n|move|p2a: Weavile|Knock Off|p1a: Clodsire\n|-damage|p1a: Clodsire|6\/100\n|-enditem|p1a: Clodsire|Black Sludge|[from] move: Knock Off|[of] p2a: Weavile\n|move|p1a: Clodsire|Toxic|p2a: Weavile\n|-status|p2a: Weavile|tox\n|\n|-damage|p2a: Weavile|94\/100 tox|[from] psn\n|upkeep\n|turn|13\n|\n|t:|1700490993\n|move|p2a: Weavile|Ice Shard|p1a: Clodsire\n|-supereffective|p1a: Clodsire\n|-damage|p1a: Clodsire|0 fnt\n|faint|p1a: Clodsire\n|\n|-damage|p2a: Weavile|82\/100 tox|[from] psn\n|upkeep\n|\n|t:|1700490996\n|switch|p1a: Corviknight|Corviknight, M, shiny|100\/100\n|-damage|p1a: Corviknight|88\/100|[from] Stealth Rock\n|-ability|p1a: Corviknight|Pressure\n|turn|14\n|\n|t:|1700490999\n|switch|p2a: Ogerpon|Ogerpon-Wellspring, F|46\/100\n|-damage|p2a: Ogerpon|34\/100|[from] Stealth Rock\n|move|p1a: Corviknight|Defog|p2a: Ogerpon\n|-unboost|p2a: Ogerpon|evasion|1\n|-sideend|p2: Kyussey|Stealth Rock|[from] move: Defog|[of] p1a: Corviknight\n|-sideend|p1: TheNutmeg33|Stealth Rock|[from] move: Defog|[of] p1a: Corviknight\n|\n|upkeep\n|turn|15\n|\n|t:|1700491004\n|move|p2a: Ogerpon|Ivy Cudgel|p1a: Corviknight|[anim] Ivy Cudgel Water\n|-damage|p1a: Corviknight|53\/100\n|move|p1a: Corviknight|Brave Bird|p2a: Ogerpon\n|-supereffective|p2a: Ogerpon\n|-damage|p2a: Ogerpon|0 fnt\n|faint|p2a: Ogerpon\n|-damage|p1a: Corviknight|45\/100|[from] Recoil\n|\n|upkeep\n|\n|t:|1700491008\n|switch|p2a: Slowking|Slowking-Galar, M|100\/100\n|turn|16\n|c|\u2606Kyussey|Skilled\n|-message|Kyussey forfeited.\n|\n|win|TheNutmeg33\n|raw|TheNutmeg33's rating: 1559 &rarr; <strong>1574<\/strong><br \/>(+15 for winning)\n|raw|Kyussey's rating: 1461 &rarr; <strong>1446<\/strong><br \/>(-15 for losing)\n|l|\u2606Kyussey\n","uploadtime":1700491024,"views":32,"p1id":"thenutmeg33","p2id":"kyussey","formatid":"gen9ou","rating":1446,"private":0,"password":""}