{"id":"gen9ou-1988969769","p1":"Zarross","p2":"ridgoat","format":"[Gen 9] OU","log":"|j|\u2606Zarross\n|j|\u2606ridgoat\n|t:|1699796289\n|gametype|singles\n|player|p1|Zarross|saturn|1525\n|player|p2|ridgoat|archie-gen6|1535\n|teamsize|p1|6\n|teamsize|p2|6\n|gen|9\n|tier|[Gen 9] OU\n|rated|\n|rule|Sleep Clause Mod: Limit one foe put to sleep\n|rule|Species Clause: Limit one of each Pok\u00e9mon\n|rule|OHKO Clause: OHKO moves are banned\n|rule|Evasion Items Clause: Evasion items are banned\n|rule|Evasion Moves Clause: Evasion moves are banned\n|rule|Endless Battle Clause: Forcing endless battles is banned\n|rule|HP Percentage Mod: HP is shown in percentages\n|clearpoke\n|poke|p1|Clefable, F|\n|poke|p1|Dondozo, M|\n|poke|p1|Toxapex, F|\n|poke|p1|Blissey, F|\n|poke|p1|Tornadus-Therian, M|\n|poke|p1|Gastrodon-East, M|\n|poke|p2|Garchomp, F|\n|poke|p2|Iron Hands|\n|poke|p2|Dragonite, F|\n|poke|p2|Walking Wake|\n|poke|p2|Greninja-*, M|\n|poke|p2|Iron Valiant|\n|teampreview\n|inactive|Battle timer is ON: inactive players will automatically lose when time's up. (requested by Zarross)\n|\n|t:|1699796299\n|start\n|switch|p1a: Gastrodon|Gastrodon-East, M|100\/100\n|switch|p2a: Iron Hands|Iron Hands|100\/100\n|turn|1\n|\n|t:|1699796303\n|move|p2a: Iron Hands|Fake Out|p1a: Gastrodon\n|-crit|p1a: Gastrodon\n|-damage|p1a: Gastrodon|82\/100\n|-damage|p2a: Iron Hands|84\/100|[from] item: Rocky Helmet|[of] p1a: Gastrodon\n|cant|p1a: Gastrodon|flinch\n|\n|upkeep\n|turn|2\n|\n|t:|1699796308\n|move|p2a: Iron Hands|Drain Punch|p1a: Gastrodon\n|-damage|p1a: Gastrodon|47\/100\n|-heal|p2a: Iron Hands|99\/100|[from] drain|[of] p1a: Gastrodon\n|-damage|p2a: Iron Hands|82\/100|[from] item: Rocky Helmet|[of] p1a: Gastrodon\n|move|p1a: Gastrodon|Spikes|p2a: Iron Hands\n|-sidestart|p2: ridgoat|Spikes\n|\n|upkeep\n|turn|3\n|\n|t:|1699796313\n|move|p2a: Iron Hands|Thunder Punch|p1a: Gastrodon\n|-immune|p1a: Gastrodon\n|move|p1a: Gastrodon|Recover|p1a: Gastrodon\n|-heal|p1a: Gastrodon|97\/100\n|\n|upkeep\n|turn|4\n|\n|t:|1699796316\n|move|p2a: Iron Hands|Drain Punch|p1a: Gastrodon\n|-damage|p1a: Gastrodon|65\/100\n|-heal|p2a: Iron Hands|95\/100|[from] drain|[of] p1a: Gastrodon\n|-damage|p2a: Iron Hands|79\/100|[from] item: Rocky Helmet|[of] p1a: Gastrodon\n|move|p1a: Gastrodon|Yawn|p2a: Iron Hands\n|-start|p2a: Iron Hands|move: Yawn|[of] p1a: Gastrodon\n|\n|upkeep\n|turn|5\n|\n|t:|1699796331\n|-end|p2a: Iron Hands|Quark Drive|[silent]\n|switch|p2a: Greninja|Greninja, M|100\/100\n|-damage|p2a: Greninja|88\/100|[from] Spikes\n|move|p1a: Gastrodon|Spikes|p2a: Greninja\n|-sidestart|p2: ridgoat|Spikes\n|\n|upkeep\n|turn|6\n|\n|t:|1699796341\n|move|p2a: Greninja|Dark Pulse|p1a: Gastrodon\n|-damage|p1a: Gastrodon|22\/100\n|-damage|p2a: Greninja|78\/100|[from] item: Life Orb\n|move|p1a: Gastrodon|Recover|p1a: Gastrodon\n|-heal|p1a: Gastrodon|72\/100\n|\n|upkeep\n|turn|7\n|\n|t:|1699796349\n|switch|p1a: Blissey|Blissey, F|100\/100\n|move|p2a: Greninja|Dark Pulse|p1a: Blissey\n|-damage|p1a: Blissey|88\/100\n|-damage|p2a: Greninja|69\/100|[from] item: Life Orb\n|\n|upkeep\n|turn|8\n|\n|t:|1699796355\n|move|p1a: Blissey|Protect|p1a: Blissey\n|-singleturn|p1a: Blissey|Protect\n|move|p2a: Greninja|Dark Pulse|p1a: Blissey\n|-activate|p1a: Blissey|move: Protect\n|\n|upkeep\n|turn|9\n|\n|t:|1699796360\n|switch|p2a: Iron Hands|Iron Hands|79\/100\n|-damage|p2a: Iron Hands|62\/100|[from] Spikes\n|move|p1a: Blissey|Seismic Toss|p2a: Iron Hands\n|-damage|p2a: Iron Hands|43\/100\n|\n|upkeep\n|turn|10\n|\n|t:|1699796369\n|move|p1a: Blissey|Protect|p1a: Blissey\n|-singleturn|p1a: Blissey|Protect\n|move|p2a: Iron Hands|Drain Punch|p1a: Blissey\n|-activate|p1a: Blissey|move: Protect\n|\n|upkeep\n|turn|11\n|\n|t:|1699796380\n|switch|p1a: Gastrodon|Gastrodon-East, M|72\/100\n|move|p2a: Iron Hands|Thunder Punch|p1a: Gastrodon\n|-immune|p1a: Gastrodon\n|\n|upkeep\n|turn|12\n|\n|t:|1699796395\n|move|p2a: Iron Hands|Drain Punch|p1a: Gastrodon\n|-damage|p1a: Gastrodon|36\/100\n|-heal|p2a: Iron Hands|58\/100|[from] drain|[of] p1a: Gastrodon\n|-damage|p2a: Iron Hands|41\/100|[from] item: Rocky Helmet|[of] p1a: Gastrodon\n|move|p1a: Gastrodon|Yawn|p2a: Iron Hands\n|-start|p2a: Iron Hands|move: Yawn|[of] p1a: Gastrodon\n|\n|upkeep\n|turn|13\n|\n|t:|1699796401\n|switch|p1a: Clefable|Clefable, F|100\/100\n|move|p2a: Iron Hands|Drain Punch|p1a: Clefable\n|-resisted|p1a: Clefable\n|-damage|p1a: Clefable|83\/100\n|-heal|p2a: Iron Hands|48\/100|[from] drain|[of] p1a: Clefable\n|\n|-heal|p1a: Clefable|89\/100|[from] item: Leftovers\n|-end|p2a: Iron Hands|move: Yawn|[silent]\n|-status|p2a: Iron Hands|slp\n|upkeep\n|turn|14\n|\n|t:|1699796406\n|move|p1a: Clefable|Stealth Rock|p2a: Iron Hands\n|-sidestart|p2: ridgoat|move: Stealth Rock\n|cant|p2a: Iron Hands|slp\n|\n|-heal|p1a: Clefable|95\/100|[from] item: Leftovers\n|upkeep\n|turn|15\n|\n|t:|1699796409\n|move|p1a: Clefable|Moonblast|p2a: Iron Hands\n|-supereffective|p2a: Iron Hands\n|-damage|p2a: Iron Hands|12\/100 slp\n|-curestatus|p2a: Iron Hands|slp|[msg]\n|move|p2a: Iron Hands|Thunder Punch|p1a: Clefable\n|-damage|p1a: Clefable|58\/100\n|\n|-heal|p1a: Clefable|64\/100|[from] item: Leftovers\n|upkeep\n|turn|16\n|\n|t:|1699796417\n|move|p1a: Clefable|Protect|p1a: Clefable\n|-singleturn|p1a: Clefable|Protect\n|move|p2a: Iron Hands|Thunder Punch|p1a: Clefable\n|-activate|p1a: Clefable|move: Protect\n|\n|-heal|p1a: Clefable|71\/100|[from] item: Leftovers\n|upkeep\n|turn|17\n|\n|t:|1699796420\n|move|p1a: Clefable|Moonblast|p2a: Iron Hands\n|-supereffective|p2a: Iron Hands\n|-damage|p2a: Iron Hands|0 fnt\n|faint|p2a: Iron Hands\n|-end|p2a: Iron Hands|Quark Drive|[silent]\n|\n|-heal|p1a: Clefable|77\/100|[from] item: Leftovers\n|upkeep\n|\n|t:|1699796427\n|switch|p2a: Garchomp|Garchomp, F|100\/100\n|-damage|p2a: Garchomp|84\/100|[from] Spikes\n|-damage|p2a: Garchomp|78\/100|[from] Stealth Rock\n|turn|18\n|\n|t:|1699796433\n|-terastallize|p2a: Garchomp|Poison\n|move|p2a: Garchomp|Swords Dance|p2a: Garchomp\n|-boost|p2a: Garchomp|atk|2\n|move|p1a: Clefable|Wish|p1a: Clefable\n|\n|-heal|p1a: Clefable|83\/100|[from] item: Leftovers\n|upkeep\n|turn|19\n|\n|t:|1699796439\n|switch|p1a: Dondozo|Dondozo, M|100\/100\n|move|p2a: Garchomp|Poison Jab|p1a: Dondozo\n|-damage|p1a: Dondozo|82\/100\n|\n|-heal|p1a: Dondozo|100\/100|[from] move: Wish|[wisher] Clefable\n|upkeep\n|turn|20\n|\n|t:|1699796446\n|switch|p2a: Iron Valiant|Iron Valiant|100\/100\n|-damage|p2a: Iron Valiant|84\/100|[from] Spikes\n|-damage|p2a: Iron Valiant|78\/100|[from] Stealth Rock\n|-enditem|p2a: Iron Valiant|Booster Energy\n|-activate|p2a: Iron Valiant|ability: Quark Drive|[fromitem]\n|-start|p2a: Iron Valiant|quarkdrivespe\n|move|p1a: Dondozo|Liquidation|p2a: Iron Valiant\n|-damage|p2a: Iron Valiant|37\/100\n|\n|upkeep\n|turn|21\n|\n|t:|1699796457\n|switch|p1a: Toxapex|Toxapex, F|100\/100\n|move|p2a: Iron Valiant|Thunderbolt|p1a: Toxapex\n|-supereffective|p1a: Toxapex\n|-damage|p1a: Toxapex|61\/100\n|\n|upkeep\n|turn|22\n|\n|t:|1699796462\n|move|p2a: Iron Valiant|Thunderbolt|p1a: Toxapex\n|-supereffective|p1a: Toxapex\n|-damage|p1a: Toxapex|25\/100\n|-status|p1a: Toxapex|par\n|cant|p1a: Toxapex|par\n|\n|upkeep\n|turn|23\n|\n|t:|1699796469\n|move|p2a: Iron Valiant|Moonblast|p1a: Toxapex\n|-resisted|p1a: Toxapex\n|-damage|p1a: Toxapex|11\/100 par\n|move|p1a: Toxapex|Infestation|p2a: Iron Valiant\n|-resisted|p2a: Iron Valiant\n|-damage|p2a: Iron Valiant|36\/100\n|-activate|p2a: Iron Valiant|move: Infestation|[of] p1a: Toxapex\n|\n|-damage|p2a: Iron Valiant|23\/100|[from] move: Infestation|[partiallytrapped]\n|upkeep\n|turn|24\n|\n|t:|1699796476\n|switch|p1a: Blissey|Blissey, F|88\/100\n|move|p2a: Iron Valiant|Moonblast|p1a: Blissey\n|-damage|p1a: Blissey|75\/100\n|\n|-end|p2a: Iron Valiant|Infestation|[partiallytrapped]|[silent]\n|upkeep\n|turn|25\n|\n|t:|1699796481\n|move|p1a: Blissey|Protect|p1a: Blissey\n|-singleturn|p1a: Blissey|Protect\n|move|p2a: Iron Valiant|Aura Sphere|p1a: Blissey\n|-activate|p1a: Blissey|move: Protect\n|\n|upkeep\n|turn|26\n|\n|t:|1699796491\n|move|p2a: Iron Valiant|Aura Sphere|p1a: Blissey\n|-supereffective|p1a: Blissey\n|-damage|p1a: Blissey|53\/100\n|move|p1a: Blissey|Soft-Boiled|p1a: Blissey\n|-heal|p1a: Blissey|100\/100\n|\n|upkeep\n|turn|27\n|\n|t:|1699796494\n|move|p2a: Iron Valiant|Aura Sphere|p1a: Blissey\n|-supereffective|p1a: Blissey\n|-damage|p1a: Blissey|79\/100\n|move|p1a: Blissey|Calm Mind|p1a: Blissey\n|-boost|p1a: Blissey|spa|1\n|-boost|p1a: Blissey|spd|1\n|\n|upkeep\n|turn|28\n|\n|t:|1699796500\n|move|p2a: Iron Valiant|Aura Sphere|p1a: Blissey\n|-supereffective|p1a: Blissey\n|-damage|p1a: Blissey|63\/100\n|move|p1a: Blissey|Calm Mind|p1a: Blissey\n|-boost|p1a: Blissey|spa|1\n|-boost|p1a: Blissey|spd|1\n|\n|upkeep\n|turn|29\n|\n|t:|1699796503\n|-end|p2a: Iron Valiant|Quark Drive|[silent]\n|switch|p2a: Garchomp|Garchomp, F, tera:Poison|78\/100\n|-damage|p2a: Garchomp|61\/100|[from] Spikes\n|-damage|p2a: Garchomp|49\/100|[from] Stealth Rock\n|move|p1a: Blissey|Soft-Boiled|p1a: Blissey\n|-heal|p1a: Blissey|100\/100\n|\n|upkeep\n|turn|30\n|\n|t:|1699796509\n|switch|p1a: Toxapex|Toxapex, F|45\/100 par\n|move|p2a: Garchomp|Earthquake|p1a: Toxapex\n|-supereffective|p1a: Toxapex\n|-crit|p1a: Toxapex\n|-damage|p1a: Toxapex|0 fnt\n|faint|p1a: Toxapex\n|\n|upkeep\n|\n|t:|1699796517\n|switch|p1a: Dondozo|Dondozo, M|100\/100\n|turn|31\n|\n|t:|1699796521\n|switch|p2a: Walking Wake|Walking Wake|100\/100\n|-damage|p2a: Walking Wake|84\/100|[from] Spikes\n|-damage|p2a: Walking Wake|72\/100|[from] Stealth Rock\n|-enditem|p2a: Walking Wake|Booster Energy\n|-activate|p2a: Walking Wake|ability: Protosynthesis|[fromitem]\n|-start|p2a: Walking Wake|protosynthesisspa\n|move|p1a: Dondozo|Liquidation|p2a: Walking Wake\n|-resisted|p2a: Walking Wake\n|-damage|p2a: Walking Wake|64\/100\n|\n|upkeep\n|turn|32\n|\n|t:|1699796533\n|-end|p2a: Walking Wake|Protosynthesis|[silent]\n|switch|p2a: Dragonite|Dragonite, F|100\/100\n|-damage|p2a: Dragonite|76\/100|[from] Stealth Rock\n|switch|p1a: Clefable|Clefable, F|83\/100\n|\n|-heal|p2a: Dragonite|82\/100|[from] item: Leftovers\n|-heal|p1a: Clefable|89\/100|[from] item: Leftovers\n|upkeep\n|turn|33\n|\n|t:|1699796540\n|move|p2a: Dragonite|Extreme Speed|p1a: Clefable\n|-damage|p1a: Clefable|66\/100\n|move|p1a: Clefable|Wish|p1a: Clefable\n|\n|-heal|p2a: Dragonite|88\/100|[from] item: Leftovers\n|-heal|p1a: Clefable|73\/100|[from] item: Leftovers\n|upkeep\n|turn|34\n|\n|t:|1699796544\n|switch|p1a: Gastrodon|Gastrodon-East, M|36\/100\n|move|p2a: Dragonite|Earthquake|p1a: Gastrodon\n|-damage|p1a: Gastrodon|6\/100\n|\n|-heal|p1a: Gastrodon|53\/100|[from] move: Wish|[wisher] Clefable\n|-heal|p2a: Dragonite|94\/100|[from] item: Leftovers\n|upkeep\n|turn|35\n|\n|t:|1699796553\n|move|p2a: Dragonite|Earthquake|p1a: Gastrodon\n|-damage|p1a: Gastrodon|22\/100\n|move|p1a: Gastrodon|Recover|p1a: Gastrodon\n|-heal|p1a: Gastrodon|72\/100\n|\n|-heal|p2a: Dragonite|100\/100|[from] item: Leftovers\n|upkeep\n|turn|36\n|\n|t:|1699796555\n|move|p2a: Dragonite|Earthquake|p1a: Gastrodon\n|-damage|p1a: Gastrodon|41\/100\n|move|p1a: Gastrodon|Yawn|p2a: Dragonite\n|-start|p2a: Dragonite|move: Yawn|[of] p1a: Gastrodon\n|\n|upkeep\n|turn|37\n|\n|t:|1699796561\n|move|p2a: Dragonite|Extreme Speed|p1a: Gastrodon\n|-damage|p1a: Gastrodon|17\/100\n|-damage|p2a: Dragonite|84\/100|[from] item: Rocky Helmet|[of] p1a: Gastrodon\n|move|p1a: Gastrodon|Recover|p1a: Gastrodon\n|-heal|p1a: Gastrodon|67\/100\n|\n|-heal|p2a: Dragonite|90\/100|[from] item: Leftovers\n|-end|p2a: Dragonite|move: Yawn|[silent]\n|-status|p2a: Dragonite|slp\n|upkeep\n|turn|38\n|\n|t:|1699796565\n|cant|p2a: Dragonite|slp\n|move|p1a: Gastrodon|Ice Beam|p2a: Dragonite\n|-supereffective|p2a: Dragonite\n|-damage|p2a: Dragonite|4\/100 slp\n|\n|-heal|p2a: Dragonite|10\/100 slp|[from] item: Leftovers\n|upkeep\n|turn|39\n|\n|t:|1699796571\n|cant|p2a: Dragonite|slp\n|move|p1a: Gastrodon|Recover|p1a: Gastrodon\n|-heal|p1a: Gastrodon|100\/100\n|\n|-heal|p2a: Dragonite|16\/100 slp|[from] item: Leftovers\n|upkeep\n|turn|40\n|\n|t:|1699796573\n|-curestatus|p2a: Dragonite|slp|[msg]\n|move|p2a: Dragonite|Extreme Speed|p1a: Gastrodon\n|-damage|p1a: Gastrodon|76\/100\n|-damage|p2a: Dragonite|0 fnt|[from] item: Rocky Helmet|[of] p1a: Gastrodon\n|faint|p2a: Dragonite\n|move|p1a: Gastrodon|Ice Beam|p2: Dragonite|[notarget]\n|-fail|p1a: Gastrodon\n|\n|upkeep\n|\n|t:|1699796584\n|switch|p2a: Walking Wake|Walking Wake|64\/100\n|-damage|p2a: Walking Wake|47\/100|[from] Spikes\n|-damage|p2a: Walking Wake|35\/100|[from] Stealth Rock\n|turn|41\n|\n|t:|1699796588\n|switch|p1a: Clefable|Clefable, F|73\/100\n|move|p2a: Walking Wake|Dragon Pulse|p1a: Clefable\n|-immune|p1a: Clefable\n|\n|-heal|p1a: Clefable|79\/100|[from] item: Leftovers\n|upkeep\n|turn|42\n|\n|t:|1699796593\n|switch|p1a: Gastrodon|Gastrodon-East, M|76\/100\n|move|p2a: Walking Wake|Surf|p1a: Gastrodon\n|-ability|p1a: Gastrodon|Storm Drain|boost\n|-boost|p1a: Gastrodon|spa|1\n|\n|upkeep\n|turn|43\n|\n|t:|1699796599\n|switch|p1a: Blissey|Blissey, F|100\/100\n|move|p2a: Walking Wake|Dragon Pulse|p1a: Blissey\n|-damage|p1a: Blissey|86\/100\n|\n|upkeep\n|turn|44\n|\n|t:|1699796607\n|-end|p2a: Walking Wake|Protosynthesis|[silent]\n|switch|p2a: Greninja|Greninja, M|69\/100\n|-damage|p2a: Greninja|52\/100|[from] Spikes\n|-damage|p2a: Greninja|40\/100|[from] Stealth Rock\n|move|p1a: Blissey|Seismic Toss|p2a: Greninja\n|-damage|p2a: Greninja|5\/100\n|\n|upkeep\n|turn|45\n|\n|t:|1699796614\n|move|p1a: Blissey|Protect|p1a: Blissey\n|-singleturn|p1a: Blissey|Protect\n|move|p2a: Greninja|Dark Pulse|p1a: Blissey\n|-activate|p1a: Blissey|move: Protect\n|\n|upkeep\n|turn|46\n|\n|t:|1699796620\n|move|p2a: Greninja|Dark Pulse|p1a: Blissey\n|-damage|p1a: Blissey|73\/100\n|-damage|p2a: Greninja|0 fnt|[from] item: Life Orb\n|faint|p2a: Greninja\n|move|p1a: Blissey|Seismic Toss|p2: Greninja|[notarget]\n|-fail|p1a: Blissey\n|\n|upkeep\n|\n|t:|1699796621\n|switch|p2a: Garchomp|Garchomp, F, tera:Poison|49\/100\n|-damage|p2a: Garchomp|32\/100|[from] Spikes\n|-damage|p2a: Garchomp|20\/100|[from] Stealth Rock\n|turn|47\n|\n|t:|1699796624\n|move|p1a: Blissey|Protect|p1a: Blissey\n|-singleturn|p1a: Blissey|Protect\n|move|p2a: Garchomp|Poison Jab|p1a: Blissey\n|-activate|p1a: Blissey|move: Protect\n|\n|upkeep\n|turn|48\n|\n|t:|1699796630\n|switch|p1a: Gastrodon|Gastrodon-East, M|76\/100\n|move|p2a: Garchomp|Poison Jab|p1a: Gastrodon\n|-resisted|p1a: Gastrodon\n|-damage|p1a: Gastrodon|60\/100\n|-damage|p2a: Garchomp|4\/100|[from] item: Rocky Helmet|[of] p1a: Gastrodon\n|\n|upkeep\n|turn|49\n|\n|t:|1699796636\n|move|p2a: Garchomp|Scale Shot|p1a: Gastrodon\n|-damage|p1a: Gastrodon|51\/100\n|-crit|p1a: Gastrodon\n|-damage|p1a: Gastrodon|37\/100\n|-damage|p1a: Gastrodon|27\/100\n|-damage|p1a: Gastrodon|17\/100\n|-damage|p1a: Gastrodon|7\/100\n|-hitcount|p1a: Gastrodon|5\n|-unboost|p2a: Garchomp|def|1\n|-boost|p2a: Garchomp|spe|1\n|move|p1a: Gastrodon|Recover|p1a: Gastrodon\n|-heal|p1a: Gastrodon|57\/100\n|\n|upkeep\n|turn|50\n|\n|t:|1699796645\n|move|p2a: Garchomp|Scale Shot|p1a: Gastrodon\n|-damage|p1a: Gastrodon|48\/100\n|-crit|p1a: Gastrodon\n|-damage|p1a: Gastrodon|33\/100\n|-damage|p1a: Gastrodon|23\/100\n|-damage|p1a: Gastrodon|13\/100\n|-hitcount|p1a: Gastrodon|4\n|-unboost|p2a: Garchomp|def|1\n|-boost|p2a: Garchomp|spe|1\n|move|p1a: Gastrodon|Ice Beam|p2a: Garchomp\n|-damage|p2a: Garchomp|0 fnt\n|faint|p2a: Garchomp\n|\n|upkeep\n|\n|t:|1699796659\n|switch|p2a: Walking Wake|Walking Wake|35\/100\n|-damage|p2a: Walking Wake|18\/100|[from] Spikes\n|-damage|p2a: Walking Wake|6\/100|[from] Stealth Rock\n|turn|51\n|-message|ridgoat forfeited.\n|\n|win|Zarross\n|raw|Zarross's rating: 1525 &rarr; <strong>1546<\/strong><br \/>(+21 for winning)\n|raw|ridgoat's rating: 1535 &rarr; <strong>1514<\/strong><br \/>(-21 for losing)\n|l|\u2606ridgoat\n|l|\u2606Zarross\n|j|\u2606Zarross\n|player|p1|Zarross|saturn\n","uploadtime":1699797918,"views":18,"p1id":"zarross","p2id":"ridgoat","formatid":"gen9ou","rating":1514,"private":0,"password":""}