{"id":"gen9ou-1993713031","p1":"Yvetal4ever","p2":"schoolplays","format":"[Gen 9] OU","log":"|j|\u2606Yvetal4ever\n|j|\u2606schoolplays\n|t:|1700348477\n|gametype|singles\n|player|p1|Yvetal4ever|101|1681\n|player|p2|schoolplays|flannery|1796\n|teamsize|p1|6\n|teamsize|p2|6\n|gen|9\n|tier|[Gen 9] OU\n|rated|\n|rule|Sleep Clause Mod: Limit one foe put to sleep\n|rule|Species Clause: Limit one of each Pok\u00e9mon\n|rule|OHKO Clause: OHKO moves are banned\n|rule|Evasion Items Clause: Evasion items are banned\n|rule|Evasion Moves Clause: Evasion moves are banned\n|rule|Endless Battle Clause: Forcing endless battles is banned\n|rule|HP Percentage Mod: HP is shown in percentages\n|clearpoke\n|poke|p1|Zapdos|\n|poke|p1|Ogerpon-Wellspring, F|\n|poke|p1|Glimmora, F|\n|poke|p1|Rillaboom, F|\n|poke|p1|Manaphy|\n|poke|p1|Blissey, F|\n|poke|p2|Kingambit, M|\n|poke|p2|Glimmora, M|\n|poke|p2|Zamazenta-*|\n|poke|p2|Iron Valiant|\n|poke|p2|Iron Moth|\n|poke|p2|Ogerpon-Wellspring, F|\n|teampreview\n|\n|t:|1700348481\n|start\n|switch|p1a: Glimmora|Glimmora, F|100\/100\n|switch|p2a: Glimmora|Glimmora, M|100\/100\n|turn|1\n|\n|t:|1700348484\n|move|p2a: Glimmora|Earth Power|p1a: Glimmora\n|-supereffective|p1a: Glimmora\n|-enditem|p1a: Glimmora|Focus Sash\n|-damage|p1a: Glimmora|1\/100\n|move|p1a: Glimmora|Earth Power|p2a: Glimmora\n|-supereffective|p2a: Glimmora\n|-enditem|p2a: Glimmora|Focus Sash\n|-damage|p2a: Glimmora|1\/100\n|-unboost|p2a: Glimmora|spd|1\n|\n|upkeep\n|turn|2\n|\n|t:|1700348492\n|switch|p1a: Zapdos|Zapdos|100\/100\n|move|p2a: Glimmora|Mortal Spin|p1a: Zapdos\n|-damage|p1a: Zapdos|93\/100\n|-status|p1a: Zapdos|psn\n|\n|-damage|p1a: Zapdos|80\/100 psn|[from] psn\n|upkeep\n|turn|3\n|\n|t:|1700348495\n|move|p1a: Zapdos|Volt Switch|p2a: Glimmora\n|-crit|p2a: Glimmora\n|-damage|p2a: Glimmora|0 fnt\n|faint|p2a: Glimmora\n|\n|t:|1700348499\n|switch|p1a: Glimmora|Glimmora, F|1\/100|[from] Volt Switch\n|\n|upkeep\n|\n|t:|1700348503\n|switch|p2a: Iron Moth|Iron Moth|100\/100\n|-enditem|p2a: Iron Moth|Booster Energy\n|-activate|p2a: Iron Moth|ability: Quark Drive|[fromitem]\n|-start|p2a: Iron Moth|quarkdrivespe\n|turn|4\n|\n|t:|1700348505\n|move|p2a: Iron Moth|Fiery Dance|p1a: Glimmora\n|-resisted|p1a: Glimmora\n|-damage|p1a: Glimmora|0 fnt\n|-boost|p2a: Iron Moth|spa|1\n|faint|p1a: Glimmora\n|\n|upkeep\n|\n|t:|1700348507\n|switch|p1a: Blissey|Blissey, F|100\/100\n|turn|5\n|\n|t:|1700348511\n|move|p2a: Iron Moth|Substitute|p2a: Iron Moth\n|-start|p2a: Iron Moth|Substitute\n|-damage|p2a: Iron Moth|76\/100\n|move|p1a: Blissey|Seismic Toss|p2a: Iron Moth\n|-end|p2a: Iron Moth|Substitute\n|\n|upkeep\n|turn|6\n|\n|t:|1700348516\n|move|p2a: Iron Moth|Fiery Dance|p1a: Blissey\n|-damage|p1a: Blissey|83\/100\n|-boost|p2a: Iron Moth|spa|1\n|move|p1a: Blissey|Thunder Wave|p2a: Iron Moth\n|-status|p2a: Iron Moth|par\n|\n|upkeep\n|turn|7\n|\n|t:|1700348522\n|move|p2a: Iron Moth|Fiery Dance|p1a: Blissey\n|-damage|p1a: Blissey|61\/100\n|-boost|p2a: Iron Moth|spa|1\n|move|p1a: Blissey|Seismic Toss|p2a: Iron Moth\n|-damage|p2a: Iron Moth|42\/100 par\n|\n|upkeep\n|turn|8\n|j| Large_Rodent\n|\n|t:|1700348526\n|move|p2a: Iron Moth|Sludge Wave|p1a: Blissey\n|-damage|p1a: Blissey|30\/100\n|move|p1a: Blissey|Soft-Boiled|p1a: Blissey\n|-heal|p1a: Blissey|80\/100\n|\n|upkeep\n|turn|9\n|\n|t:|1700348529\n|move|p2a: Iron Moth|Sludge Wave|p1a: Blissey\n|-damage|p1a: Blissey|45\/100\n|move|p1a: Blissey|Seismic Toss|p2a: Iron Moth\n|-damage|p2a: Iron Moth|9\/100 par\n|\n|upkeep\n|turn|10\n|\n|t:|1700348531\n|move|p2a: Iron Moth|Sludge Wave|p1a: Blissey\n|-damage|p1a: Blissey|13\/100\n|move|p1a: Blissey|Soft-Boiled|p1a: Blissey\n|-heal|p1a: Blissey|63\/100\n|\n|upkeep\n|turn|11\n|\n|t:|1700348534\n|move|p2a: Iron Moth|Sludge Wave|p1a: Blissey\n|-damage|p1a: Blissey|31\/100\n|move|p1a: Blissey|Soft-Boiled|p1a: Blissey\n|-heal|p1a: Blissey|81\/100\n|\n|upkeep\n|turn|12\n|\n|t:|1700348535\n|cant|p2a: Iron Moth|par\n|move|p1a: Blissey|Seismic Toss|p2a: Iron Moth\n|-damage|p2a: Iron Moth|0 fnt\n|faint|p2a: Iron Moth\n|-end|p2a: Iron Moth|Quark Drive|[silent]\n|\n|upkeep\n|\n|t:|1700348543\n|switch|p2a: Zamazenta|Zamazenta, shiny|100\/100\n|-ability|p2a: Zamazenta|Dauntless Shield|boost\n|-boost|p2a: Zamazenta|def|1\n|turn|13\n|\n|t:|1700348551\n|switch|p1a: Manaphy|Manaphy|100\/100\n|move|p2a: Zamazenta|Stone Edge|p1a: Manaphy|[miss]\n|-miss|p2a: Zamazenta|p1a: Manaphy\n|\n|upkeep\n|turn|14\n|\n|t:|1700348556\n|move|p2a: Zamazenta|Body Press|p1a: Manaphy\n|-damage|p1a: Manaphy|63\/100\n|move|p1a: Manaphy|Acid Armor|p1a: Manaphy\n|-boost|p1a: Manaphy|def|2\n|\n|-heal|p1a: Manaphy|70\/100|[from] item: Leftovers\n|upkeep\n|turn|15\n|\n|t:|1700348561\n|switch|p2a: Ogerpon|Ogerpon-Wellspring, F|100\/100\n|move|p1a: Manaphy|Acid Armor|p1a: Manaphy\n|-boost|p1a: Manaphy|def|2\n|\n|-heal|p1a: Manaphy|76\/100|[from] item: Leftovers\n|upkeep\n|turn|16\n|\n|t:|1700348565\n|switch|p1a: Rillaboom|Rillaboom, F|100\/100\n|-fieldstart|move: Grassy Terrain|[from] ability: Grassy Surge|[of] p1a: Rillaboom\n|move|p2a: Ogerpon|Swords Dance|p2a: Ogerpon\n|-boost|p2a: Ogerpon|atk|2\n|\n|upkeep\n|turn|17\n|j| SwabbyYabby\n|\n|t:|1700348569\n|move|p2a: Ogerpon|Knock Off|p1a: Rillaboom\n|-damage|p1a: Rillaboom|32\/100\n|-damage|p2a: Ogerpon|84\/100|[from] item: Rocky Helmet|[of] p1a: Rillaboom\n|-enditem|p1a: Rillaboom|Rocky Helmet|[from] move: Knock Off|[of] p2a: Ogerpon\n|move|p1a: Rillaboom|Wood Hammer|p2a: Ogerpon\n|-damage|p2a: Ogerpon|0 fnt\n|faint|p2a: Ogerpon\n|-damage|p1a: Rillaboom|11\/100|[from] Recoil\n|\n|-heal|p1a: Rillaboom|17\/100|[from] Grassy Terrain\n|upkeep\n|\n|t:|1700348582\n|switch|p2a: Zamazenta|Zamazenta, shiny|100\/100\n|turn|18\n|\n|t:|1700348585\n|switch|p1a: Manaphy|Manaphy|76\/100\n|move|p2a: Zamazenta|Iron Defense|p2a: Zamazenta\n|-boost|p2a: Zamazenta|def|2\n|\n|-heal|p1a: Manaphy|82\/100|[from] Grassy Terrain\n|-heal|p1a: Manaphy|88\/100|[from] item: Leftovers\n|upkeep\n|turn|19\n|\n|t:|1700348591\n|switch|p2a: Iron Valiant|Iron Valiant|100\/100\n|-enditem|p2a: Iron Valiant|Booster Energy\n|-activate|p2a: Iron Valiant|ability: Quark Drive|[fromitem]\n|-start|p2a: Iron Valiant|quarkdrivespe\n|-terastallize|p1a: Manaphy|Poison\n|move|p1a: Manaphy|Acid Armor|p1a: Manaphy\n|-boost|p1a: Manaphy|def|2\n|\n|-heal|p1a: Manaphy|94\/100|[from] Grassy Terrain\n|-heal|p1a: Manaphy|100\/100|[from] item: Leftovers\n|upkeep\n|turn|20\n|\n|t:|1700348597\n|move|p2a: Iron Valiant|Calm Mind|p2a: Iron Valiant\n|-boost|p2a: Iron Valiant|spa|1\n|-boost|p2a: Iron Valiant|spd|1\n|move|p1a: Manaphy|Scald|p2a: Iron Valiant\n|-damage|p2a: Iron Valiant|66\/100\n|\n|-heal|p2a: Iron Valiant|72\/100|[from] Grassy Terrain\n|-fieldend|move: Grassy Terrain\n|upkeep\n|turn|21\n|\n|t:|1700348599\n|move|p2a: Iron Valiant|Psyshock|p1a: Manaphy\n|-supereffective|p1a: Manaphy\n|-damage|p1a: Manaphy|75\/100\n|move|p1a: Manaphy|Take Heart|p1a: Manaphy\n|-boost|p1a: Manaphy|spa|1\n|-boost|p1a: Manaphy|spd|1\n|\n|-heal|p1a: Manaphy|81\/100|[from] item: Leftovers\n|upkeep\n|turn|22\n|\n|t:|1700348602\n|move|p2a: Iron Valiant|Hypnosis|p1a: Manaphy\n|-status|p1a: Manaphy|slp|[from] move: Hypnosis\n|cant|p1a: Manaphy|slp\n|\n|-heal|p1a: Manaphy|88\/100 slp|[from] item: Leftovers\n|upkeep\n|turn|23\n|\n|t:|1700348608\n|move|p2a: Iron Valiant|Calm Mind|p2a: Iron Valiant\n|-boost|p2a: Iron Valiant|spa|1\n|-boost|p2a: Iron Valiant|spd|1\n|-curestatus|p1a: Manaphy|slp|[msg]\n|move|p1a: Manaphy|Take Heart|p1a: Manaphy\n|-boost|p1a: Manaphy|spa|1\n|-boost|p1a: Manaphy|spd|1\n|\n|-heal|p1a: Manaphy|94\/100|[from] item: Leftovers\n|upkeep\n|turn|24\n|\n|t:|1700348615\n|move|p2a: Iron Valiant|Hypnosis|p1a: Manaphy\n|-status|p1a: Manaphy|slp|[from] move: Hypnosis\n|cant|p1a: Manaphy|slp\n|\n|-heal|p1a: Manaphy|99\/100 slp|[from] item: Leftovers\n|upkeep\n|turn|25\n|\n|t:|1700348616\n|move|p2a: Iron Valiant|Calm Mind|p2a: Iron Valiant\n|-boost|p2a: Iron Valiant|spa|1\n|-boost|p2a: Iron Valiant|spd|1\n|cant|p1a: Manaphy|slp\n|\n|-heal|p1a: Manaphy|100\/100 slp|[from] item: Leftovers\n|upkeep\n|turn|26\n|\n|t:|1700348618\n|move|p2a: Iron Valiant|Psyshock|p1a: Manaphy\n|-supereffective|p1a: Manaphy\n|-damage|p1a: Manaphy|56\/100 slp\n|cant|p1a: Manaphy|slp\n|\n|-heal|p1a: Manaphy|62\/100 slp|[from] item: Leftovers\n|upkeep\n|turn|27\n|\n|t:|1700348622\n|move|p2a: Iron Valiant|Psyshock|p1a: Manaphy\n|-supereffective|p1a: Manaphy\n|-damage|p1a: Manaphy|15\/100 slp\n|-curestatus|p1a: Manaphy|slp|[msg]\n|move|p1a: Manaphy|Stored Power|p2a: Iron Valiant\n|-supereffective|p2a: Iron Valiant\n|-damage|p2a: Iron Valiant|0 fnt\n|faint|p2a: Iron Valiant\n|-end|p2a: Iron Valiant|Quark Drive|[silent]\n|\n|-heal|p1a: Manaphy|21\/100|[from] item: Leftovers\n|upkeep\n|\n|t:|1700348629\n|switch|p2a: Kingambit|Kingambit, M|100\/100\n|-activate|p2a: Kingambit|ability: Supreme Overlord\n|-start|p2a: Kingambit|fallen4|[silent]\n|turn|28\n|\n|t:|1700348633\n|move|p1a: Manaphy|Scald|p2a: Kingambit\n|-damage|p2a: Kingambit|39\/100\n|-status|p2a: Kingambit|brn\n|move|p2a: Kingambit|Kowtow Cleave|p1a: Manaphy\n|-damage|p1a: Manaphy|6\/100\n|\n|-heal|p1a: Manaphy|13\/100|[from] item: Leftovers\n|-damage|p2a: Kingambit|32\/100 brn|[from] brn\n|upkeep\n|turn|29\n|\n|t:|1700348638\n|move|p1a: Manaphy|Acid Armor|p1a: Manaphy\n|-boost|p1a: Manaphy|def|2\n|move|p2a: Kingambit|Kowtow Cleave|p1a: Manaphy\n|-damage|p1a: Manaphy|3\/100\n|\n|-heal|p1a: Manaphy|9\/100|[from] item: Leftovers\n|-damage|p2a: Kingambit|26\/100 brn|[from] brn\n|upkeep\n|turn|30\n|\n|t:|1700348641\n|move|p2a: Kingambit|Sucker Punch|p1a: Manaphy\n|-damage|p1a: Manaphy|1\/100\n|move|p1a: Manaphy|Scald|p2a: Kingambit\n|-damage|p2a: Kingambit|0 fnt\n|faint|p2a: Kingambit\n|-end|p2a: Kingambit|fallen4|[silent]\n|\n|-heal|p1a: Manaphy|8\/100|[from] item: Leftovers\n|upkeep\n|\n|t:|1700348643\n|switch|p2a: Zamazenta|Zamazenta, shiny|100\/100\n|turn|31\n|\n|t:|1700348646\n|move|p2a: Zamazenta|Body Press|p1a: Manaphy\n|-resisted|p1a: Manaphy\n|-damage|p1a: Manaphy|4\/100\n|move|p1a: Manaphy|Stored Power|p2a: Zamazenta\n|-supereffective|p2a: Zamazenta\n|-damage|p2a: Zamazenta|0 fnt\n|faint|p2a: Zamazenta\n|\n|win|Yvetal4ever\n|raw|Yvetal4ever's rating: 1681 &rarr; <strong>1707<\/strong><br \/>(+26 for winning)\n|raw|schoolplays's rating: 1796 &rarr; <strong>1770<\/strong><br \/>(-26 for losing)\n|c|\u2606Yvetal4ever|gg\n|l|\u2606schoolplays\n","uploadtime":1700348655,"views":22,"p1id":"yvetal4ever","p2id":"schoolplays","formatid":"gen9ou","rating":1707,"private":0,"password":""}