{"id":"gen9ou-1990677830","p1":"salemxmisty","p2":"Bi11 Russell","format":"[Gen 9] OU","log":"|j|\u2606salemxmisty\n|j|\u2606Bi11 Russell\n|t:|1699991012\n|gametype|singles\n|player|p1|salemxmisty|1|1078\n|player|p2|Bi11 Russell|hoopster|1143\n|teamsize|p1|6\n|teamsize|p2|6\n|gen|9\n|tier|[Gen 9] OU\n|rated|\n|rule|Sleep Clause Mod: Limit one foe put to sleep\n|rule|Species Clause: Limit one of each Pok\u00e9mon\n|rule|OHKO Clause: OHKO moves are banned\n|rule|Evasion Items Clause: Evasion items are banned\n|rule|Evasion Moves Clause: Evasion moves are banned\n|rule|Endless Battle Clause: Forcing endless battles is banned\n|rule|HP Percentage Mod: HP is shown in percentages\n|clearpoke\n|poke|p1|Zamazenta-*|\n|poke|p1|Salamence, M|\n|poke|p1|Diancie|\n|poke|p1|Scizor, M|\n|poke|p1|Grimmsnarl, M|\n|poke|p1|Krookodile, F|\n|poke|p2|Gholdengo|\n|poke|p2|Sneasler, F|\n|poke|p2|Ribombee, M|\n|poke|p2|Rillaboom, M|\n|poke|p2|Heatran, M|\n|poke|p2|Walking Wake|\n|teampreview\n|inactive|Battle timer is ON: inactive players will automatically lose when time's up. (requested by salemxmisty)\n|\n|t:|1699991024\n|start\n|switch|p1a: Scizor|Scizor, M|100\/100\n|switch|p2a: Heatran|Heatran, M|100\/100\n|turn|1\n|\n|t:|1699991038\n|move|p2a: Heatran|Magma Storm|p1a: Scizor\n|-supereffective|p1a: Scizor\n|-damage|p1a: Scizor|0 fnt\n|faint|p1a: Scizor\n|\n|upkeep\n|\n|t:|1699991043\n|switch|p1a: Zamazenta|Zamazenta|100\/100\n|-ability|p1a: Zamazenta|Dauntless Shield|boost\n|-boost|p1a: Zamazenta|def|1\n|turn|2\n|\n|t:|1699991047\n|switch|p2a: Ribombee|Ribombee, M|100\/100\n|move|p1a: Zamazenta|Body Press|p2a: Ribombee\n|-resisted|p2a: Ribombee\n|-damage|p2a: Ribombee|72\/100\n|\n|upkeep\n|turn|3\n|\n|t:|1699991058\n|switch|p1a: Diancie|Diancie|100\/100\n|move|p2a: Ribombee|Sticky Web|p1a: Diancie\n|-sidestart|p1: salemxmisty|move: Sticky Web\n|\n|upkeep\n|turn|4\n|\n|t:|1699991063\n|switch|p2a: Rillaboom|Rillaboom, M|100\/100\n|-fieldstart|move: Grassy Terrain|[from] ability: Grassy Surge|[of] p2a: Rillaboom\n|move|p1a: Diancie|Diamond Storm|p2a: Rillaboom\n|-damage|p2a: Rillaboom|66\/100\n|-boost|p1a: Diancie|def|2\n|\n|-heal|p2a: Rillaboom|72\/100|[from] Grassy Terrain\n|upkeep\n|turn|5\n|\n|t:|1699991074\n|move|p2a: Rillaboom|Drum Beating|p1a: Diancie\n|-supereffective|p1a: Diancie\n|-damage|p1a: Diancie|62\/100\n|-enditem|p1a: Diancie|Weakness Policy\n|-boost|p1a: Diancie|atk|2|[from] item: Weakness Policy\n|-boost|p1a: Diancie|spa|2|[from] item: Weakness Policy\n|move|p1a: Diancie|Body Press|p2a: Rillaboom\n|-damage|p2a: Rillaboom|8\/100\n|\n|-heal|p2a: Rillaboom|14\/100|[from] Grassy Terrain\n|-heal|p1a: Diancie|69\/100|[from] Grassy Terrain\n|upkeep\n|turn|6\n|\n|t:|1699991085\n|move|p2a: Rillaboom|Drum Beating|p1a: Diancie\n|-supereffective|p1a: Diancie\n|-damage|p1a: Diancie|28\/100\n|move|p1a: Diancie|Draining Kiss|p2a: Rillaboom\n|-damage|p2a: Rillaboom|0 fnt\n|-heal|p1a: Diancie|40\/100|[from] drain|[of] p2a: Rillaboom\n|faint|p2a: Rillaboom\n|\n|-heal|p1a: Diancie|46\/100|[from] Grassy Terrain\n|upkeep\n|\n|t:|1699991097\n|switch|p2a: Gholdengo|Gholdengo|100\/100\n|turn|7\n|\n|t:|1699991116\n|move|p2a: Gholdengo|Make It Rain|p1a: Diancie\n|-supereffective|p1a: Diancie\n|-damage|p1a: Diancie|0 fnt\n|-unboost|p2a: Gholdengo|spa|1\n|faint|p1a: Diancie\n|\n|upkeep\n|\n|t:|1699991125\n|switch|p1a: Krookodile|Krookodile, F|100\/100\n|-activate|p1a: Krookodile|move: Sticky Web\n|-unboost|p1a: Krookodile|spe|1\n|turn|8\n|\n|t:|1699991138\n|switch|p2a: Ribombee|Ribombee, M|72\/100\n|move|p1a: Krookodile|Bulk Up|p1a: Krookodile\n|-boost|p1a: Krookodile|atk|1\n|-boost|p1a: Krookodile|def|1\n|\n|-heal|p2a: Ribombee|78\/100|[from] Grassy Terrain\n|upkeep\n|turn|9\n|\n|t:|1699991147\n|move|p2a: Ribombee|Moonblast|p1a: Krookodile\n|-supereffective|p1a: Krookodile\n|-damage|p1a: Krookodile|0 fnt\n|faint|p1a: Krookodile\n|\n|-heal|p2a: Ribombee|84\/100|[from] Grassy Terrain\n|upkeep\n|\n|t:|1699991154\n|switch|p1a: Salamence|Salamence, M|100\/100\n|turn|10\n|\n|t:|1699991157\n|move|p2a: Ribombee|Moonblast|p1a: Salamence\n|-supereffective|p1a: Salamence\n|-damage|p1a: Salamence|2\/100\n|-unboost|p1a: Salamence|spa|1\n|move|p1a: Salamence|Iron Head|p2a: Ribombee\n|-supereffective|p2a: Ribombee\n|-damage|p2a: Ribombee|0 fnt\n|faint|p2a: Ribombee\n|-ability|p1a: Salamence|Moxie|boost\n|-boost|p1a: Salamence|atk|1\n|\n|upkeep\n|\n|t:|1699991165\n|switch|p2a: Sneasler|Sneasler, F|100\/100\n|-enditem|p2a: Sneasler|Grassy Seed\n|-boost|p2a: Sneasler|def|1|[from] item: Grassy Seed\n|turn|11\n|\n|t:|1699991175\n|-terastallize|p2a: Sneasler|Flying\n|move|p2a: Sneasler|Acrobatics|p1a: Salamence\n|-damage|p1a: Salamence|0 fnt\n|faint|p1a: Salamence\n|\n|-fieldend|move: Grassy Terrain\n|upkeep\n|-message|salemxmisty forfeited.\n|\n|win|Bi11 Russell\n|raw|salemxmisty's rating: 1078 &rarr; <strong>1060<\/strong><br \/>(-18 for losing)\n|raw|Bi11 Russell's rating: 1143 &rarr; <strong>1163<\/strong><br \/>(+20 for winning)\n|l|\u2606salemxmisty\n","uploadtime":1699991189,"views":10,"p1id":"salemxmisty","p2id":"bi11russell","formatid":"gen9ou","rating":1060,"private":0,"password":""}