{"id":"gen9ou-1999425667","p1":"Premier sebashad","p2":"Skaraptor2.1","format":"[Gen 9] OU","log":"|j|\u2606Premier sebashad\n|j|\u2606Skaraptor2.1\n|t:|1701078458\n|gametype|singles\n|player|p1|Premier sebashad|backpacker|1388\n|player|p2|Skaraptor2.1|bodybuilderf-gen9|1396\n|teamsize|p1|6\n|teamsize|p2|6\n|gen|9\n|tier|[Gen 9] OU\n|rated|\n|rule|Sleep Clause Mod: Limit one foe put to sleep\n|rule|Species Clause: Limit one of each Pok\u00e9mon\n|rule|OHKO Clause: OHKO moves are banned\n|rule|Evasion Items Clause: Evasion items are banned\n|rule|Evasion Moves Clause: Evasion moves are banned\n|rule|Endless Battle Clause: Forcing endless battles is banned\n|rule|HP Percentage Mod: HP is shown in percentages\n|clearpoke\n|poke|p1|Munkidori, M|\n|poke|p1|Enamorus-Therian, F|\n|poke|p1|Moltres|\n|poke|p1|Zamazenta-*|\n|poke|p1|Shaymin|\n|poke|p1|Scizor, M|\n|poke|p2|Ribombee, M|\n|poke|p2|Ogerpon-Wellspring, F|\n|poke|p2|Cinderace, M|\n|poke|p2|Zamazenta-*|\n|poke|p2|Iron Valiant|\n|poke|p2|Kingambit, F|\n|teampreview\n|inactive|Battle timer is ON: inactive players will automatically lose when time's up. (requested by Skaraptor2.1)\n|\n|t:|1701078484\n|start\n|switch|p1a: Bitter Loneliness|Munkidori, M|100\/100\n|switch|p2a: Twink again|Cinderace, M|100\/100\n|turn|1\n|\n|t:|1701078494\n|move|p1a: Bitter Loneliness|Psychic|p2a: Twink again\n|-damage|p2a: Twink again|33\/100\n|-status|p2a: Twink again|tox|[from] ability: Toxic Chain|[of] p1a: Bitter Loneliness\n|move|p2a: Twink again|U-turn|p1a: Bitter Loneliness\n|-start|p2a: Twink again|typechange|Bug|[from] ability: Libero\n|-damage|p1a: Bitter Loneliness|49\/100\n|\n|t:|1701078504\n|switch|p2a: Queengambit|Kingambit, F|100\/100|[from] U-turn\n|\n|upkeep\n|turn|2\n|\n|t:|1701078520\n|switch|p1a: Blocked Heart|Zamazenta, shiny|100\/100\n|-ability|p1a: Blocked Heart|Dauntless Shield|boost\n|-boost|p1a: Blocked Heart|def|1\n|-end|p2a: Queengambit|fallenundefined|[silent]\n|switch|p2a: Bigender|Iron Valiant|100\/100\n|-enditem|p2a: Bigender|Booster Energy\n|-activate|p2a: Bigender|ability: Quark Drive|[fromitem]\n|-start|p2a: Bigender|quarkdrivespe\n|\n|upkeep\n|turn|3\n|\n|t:|1701078528\n|-terastallize|p1a: Blocked Heart|Steel\n|move|p2a: Bigender|Thunderbolt|p1a: Blocked Heart\n|-damage|p1a: Blocked Heart|73\/100\n|move|p1a: Blocked Heart|Iron Head|p2a: Bigender\n|-supereffective|p2a: Bigender\n|-damage|p2a: Bigender|0 fnt\n|faint|p2a: Bigender\n|-end|p2a: Bigender|Quark Drive|[silent]\n|-damage|p1a: Blocked Heart|64\/100|[from] item: Life Orb\n|\n|upkeep\n|\n|t:|1701078539\n|switch|p2a: Defender of Trans|Zamazenta, shiny|100\/100\n|-ability|p2a: Defender of Trans|Dauntless Shield|boost\n|-boost|p2a: Defender of Trans|def|1\n|turn|4\n|\n|t:|1701078545\n|switch|p1a: Unconditional Love|Enamorus-Therian, F, shiny|100\/100\n|move|p2a: Defender of Trans|Crunch|p1a: Unconditional Love\n|-resisted|p1a: Unconditional Love\n|-damage|p1a: Unconditional Love|91\/100\n|-unboost|p1a: Unconditional Love|def|1\n|\n|upkeep\n|turn|5\n|\n|t:|1701078553\n|-terastallize|p2a: Defender of Trans|Fire\n|move|p2a: Defender of Trans|Heavy Slam|p1a: Unconditional Love\n|-supereffective|p1a: Unconditional Love\n|-damage|p1a: Unconditional Love|20\/100\n|move|p1a: Unconditional Love|Moonblast|p2a: Defender of Trans\n|-resisted|p2a: Defender of Trans\n|-damage|p2a: Defender of Trans|79\/100\n|\n|-heal|p2a: Defender of Trans|86\/100|[from] item: Leftovers\n|upkeep\n|turn|6\n|\n|t:|1701078573\n|switch|p1a: Soaring Flush|Moltres, shiny|100\/100\n|move|p2a: Defender of Trans|Crunch|p1a: Soaring Flush\n|-crit|p1a: Soaring Flush\n|-damage|p1a: Soaring Flush|69\/100\n|\n|-heal|p2a: Defender of Trans|92\/100|[from] item: Leftovers\n|upkeep\n|turn|7\n|\n|t:|1701078583\n|switch|p2a: Transfem|Ogerpon-Wellspring, F|100\/100\n|move|p1a: Soaring Flush|Roost|p1a: Soaring Flush\n|-heal|p1a: Soaring Flush|100\/100\n|-singleturn|p1a: Soaring Flush|move: Roost\n|\n|upkeep\n|turn|8\n|inactive|Premier sebashad has 120 seconds left.\n|\n|t:|1701078611\n|move|p2a: Transfem|Knock Off|p1a: Soaring Flush\n|-damage|p1a: Soaring Flush|62\/100\n|-enditem|p1a: Soaring Flush|Heavy-Duty Boots|[from] move: Knock Off|[of] p2a: Transfem\n|move|p1a: Soaring Flush|U-turn|p2a: Transfem\n|-supereffective|p2a: Transfem\n|-crit|p2a: Transfem\n|-damage|p2a: Transfem|42\/100\n|inactive|Premier sebashad has 120 seconds left.\n|\n|t:|1701078632\n|switch|p1a: Blocked Heart|Zamazenta, shiny, tera:Steel|64\/100|[from] U-turn\n|\n|upkeep\n|turn|9\n|\n|t:|1701078642\n|move|p1a: Blocked Heart|Stone Edge|p2a: Transfem\n|-damage|p2a: Transfem|0 fnt\n|faint|p2a: Transfem\n|-damage|p1a: Blocked Heart|54\/100|[from] item: Life Orb\n|\n|upkeep\n|\n|t:|1701078651\n|switch|p2a: Defender of Trans|Zamazenta, shiny, tera:Fire|92\/100\n|turn|10\n|\n|t:|1701078655\n|move|p1a: Blocked Heart|Stone Edge|p2a: Defender of Trans\n|-supereffective|p2a: Defender of Trans\n|-damage|p2a: Defender of Trans|28\/100\n|-damage|p1a: Blocked Heart|44\/100|[from] item: Life Orb\n|move|p2a: Defender of Trans|Iron Defense|p2a: Defender of Trans\n|-boost|p2a: Defender of Trans|def|2\n|\n|-heal|p2a: Defender of Trans|34\/100|[from] item: Leftovers\n|upkeep\n|turn|11\n|inactive|Premier sebashad has 120 seconds left.\n|\n|t:|1701078676\n|move|p1a: Blocked Heart|Stone Edge|p2a: Defender of Trans\n|-supereffective|p2a: Defender of Trans\n|-damage|p2a: Defender of Trans|2\/100\n|-damage|p1a: Blocked Heart|34\/100|[from] item: Life Orb\n|move|p2a: Defender of Trans|Body Press|p1a: Blocked Heart\n|-supereffective|p1a: Blocked Heart\n|-damage|p1a: Blocked Heart|0 fnt\n|faint|p1a: Blocked Heart\n|\n|-heal|p2a: Defender of Trans|8\/100|[from] item: Leftovers\n|upkeep\n|\n|t:|1701078691\n|switch|p1a: Gratefull Rose|Shaymin, shiny|100\/100\n|turn|12\n|\n|t:|1701078696\n|move|p2a: Defender of Trans|Body Press|p1a: Gratefull Rose\n|-damage|p1a: Gratefull Rose|38\/100\n|move|p1a: Gratefull Rose|Tailwind|p1a: Gratefull Rose\n|-sidestart|p1: Premier sebashad|move: Tailwind\n|\n|-heal|p2a: Defender of Trans|14\/100|[from] item: Leftovers\n|upkeep\n|turn|13\n|\n|t:|1701078703\n|move|p1a: Gratefull Rose|Tera Blast|p2a: Defender of Trans\n|-damage|p2a: Defender of Trans|0 fnt\n|faint|p2a: Defender of Trans\n|\n|upkeep\n|\n|t:|1701078708\n|switch|p2a: Queengambit|Kingambit, F|100\/100\n|-activate|p2a: Queengambit|ability: Supreme Overlord\n|-start|p2a: Queengambit|fallen3|[silent]\n|turn|14\n|inactive|Premier sebashad has 120 seconds left.\n|\n|t:|1701078721\n|move|p1a: Gratefull Rose|Seed Flare|p2a: Queengambit\n|-resisted|p2a: Queengambit\n|-crit|p2a: Queengambit\n|-damage|p2a: Queengambit|69\/100\n|move|p2a: Queengambit|Iron Head|p1a: Gratefull Rose\n|-damage|p1a: Gratefull Rose|0 fnt\n|faint|p1a: Gratefull Rose\n|\n|-heal|p2a: Queengambit|75\/100|[from] item: Leftovers\n|upkeep\n|inactive|Premier sebashad has 120 seconds left.\n|\n|t:|1701078730\n|switch|p1a: Unconditional Love|Enamorus-Therian, F, shiny|20\/100\n|turn|15\n|\n|t:|1701078733\n|-end|p2a: Queengambit|fallen3|[silent]\n|switch|p2a: Twink again|Cinderace, M|33\/100 tox\n|move|p1a: Unconditional Love|Healing Wish|p1a: Unconditional Love\n|faint|p1a: Unconditional Love\n|\n|-damage|p2a: Twink again|27\/100 tox|[from] psn\n|-sideend|p1: Premier sebashad|move: Tailwind\n|upkeep\n|\n|t:|1701078737\n|switch|p1a: Bitter Loneliness|Munkidori, M|49\/100\n|-heal|p1a: Bitter Loneliness|100\/100|[from] move: Healing Wish\n|turn|16\n|\n|t:|1701078751\n|move|p1a: Bitter Loneliness|Focus Blast|p2a: Twink again\n|-damage|p2a: Twink again|0 fnt\n|faint|p2a: Twink again\n|\n|upkeep\n|\n|t:|1701078755\n|switch|p2a: Twink|Ribombee, M|100\/100\n|turn|17\n|\n|t:|1701078759\n|switch|p1a: Soaring Flush|Moltres, shiny|62\/100\n|move|p2a: Twink|Stun Spore|p1a: Soaring Flush\n|-status|p1a: Soaring Flush|par\n|\n|upkeep\n|turn|18\n|\n|t:|1701078764\n|move|p2a: Twink|Sticky Web|p1a: Soaring Flush\n|-sidestart|p1: Premier sebashad|move: Sticky Web\n|cant|p1a: Soaring Flush|par\n|\n|upkeep\n|turn|19\n|\n|t:|1701078770\n|switch|p2a: Queengambit|Kingambit, F|75\/100\n|-activate|p2a: Queengambit|ability: Supreme Overlord\n|-start|p2a: Queengambit|fallen4|[silent]\n|cant|p1a: Soaring Flush|par\n|\n|-heal|p2a: Queengambit|82\/100|[from] item: Leftovers\n|upkeep\n|turn|20\n|\n|t:|1701078777\n|move|p2a: Queengambit|Swords Dance|p2a: Queengambit\n|-boost|p2a: Queengambit|atk|2\n|cant|p1a: Soaring Flush|par\n|\n|-heal|p2a: Queengambit|88\/100|[from] item: Leftovers\n|upkeep\n|turn|21\n|\n|t:|1701078779\n|move|p2a: Queengambit|Sucker Punch|p1a: Soaring Flush\n|-crit|p1a: Soaring Flush\n|-damage|p1a: Soaring Flush|0 fnt\n|faint|p1a: Soaring Flush\n|\n|-heal|p2a: Queengambit|94\/100|[from] item: Leftovers\n|upkeep\n|c|\u2606Premier sebashad|oh come on\n|c|\u2606Premier sebashad|3 turn para hac into a crit\n|c|\u2606Premier sebashad|:(\n|inactive|Premier sebashad has 120 seconds left.\n|\n|t:|1701078839\n|switch|p1a: Red Rebirth|Scizor, M|100\/100\n|-activate|p1a: Red Rebirth|move: Sticky Web\n|-unboost|p1a: Red Rebirth|spe|1\n|turn|22\n|c|\u2606Skaraptor2.1|I don\u2019t think the crit mattered\n|c|\u2606Skaraptor2.1|70 * 1.4 and a plus 2 Kingambit\n|\n|t:|1701078855\n|move|p2a: Queengambit|Sucker Punch|p1a: Red Rebirth\n|-damage|p1a: Red Rebirth|0 fnt\n|faint|p1a: Red Rebirth\n|\n|-heal|p2a: Queengambit|99\/100|[from] item: Leftovers\n|upkeep\n|c|\u2606Premier sebashad|yea i dont think it did\n|inactive|Premier sebashad has 90 seconds left.\n|c|\u2606Premier sebashad|but still the 3 turn para hax did\n|\n|t:|1701078879\n|switch|p1a: Bitter Loneliness|Munkidori, M|100\/100\n|-activate|p1a: Bitter Loneliness|move: Sticky Web\n|-unboost|p1a: Bitter Loneliness|spe|1\n|turn|23\n|c|\u2606Premier sebashad|gg\n|inactive|Premier sebashad has 90 seconds left.\n|\n|t:|1701078886\n|move|p2a: Queengambit|Sucker Punch|p1a: Bitter Loneliness\n|-supereffective|p1a: Bitter Loneliness\n|-damage|p1a: Bitter Loneliness|0 fnt\n|faint|p1a: Bitter Loneliness\n|\n|win|Skaraptor2.1\n|raw|Premier sebashad's rating: 1388 &rarr; <strong>1368<\/strong><br \/>(-20 for losing)\n|raw|Skaraptor2.1's rating: 1396 &rarr; <strong>1416<\/strong><br \/>(+20 for winning)\n","uploadtime":1701078891,"views":3,"p1id":"premiersebashad","p2id":"skaraptor21","formatid":"gen9ou","rating":1368,"private":0,"password":""}