{"id":"gen9ou-2000570908","p1":"Avew14","p2":"Draconic Kai","format":"[Gen 9] OU","log":"|j|\u2606Avew14\n|j|\u2606Draconic Kai\n|t:|1701206373\n|gametype|singles\n|player|p1|Avew14|unknown|1229\n|player|p2|Draconic Kai|red|1283\n|teamsize|p1|6\n|teamsize|p2|6\n|gen|9\n|tier|[Gen 9] OU\n|rated|\n|rule|Sleep Clause Mod: Limit one foe put to sleep\n|rule|Species Clause: Limit one of each Pok\u00e9mon\n|rule|OHKO Clause: OHKO moves are banned\n|rule|Evasion Items Clause: Evasion items are banned\n|rule|Evasion Moves Clause: Evasion moves are banned\n|rule|Endless Battle Clause: Forcing endless battles is banned\n|rule|HP Percentage Mod: HP is shown in percentages\n|clearpoke\n|poke|p1|Clodsire, F|\n|poke|p1|Garganacl, M|\n|poke|p1|Great Tusk|\n|poke|p1|Iron Valiant|\n|poke|p1|Iron Moth|\n|poke|p1|Dragonite, F|\n|poke|p2|Dragonite, M|\n|poke|p2|Kingambit, M|\n|poke|p2|Ursaluna, M|\n|poke|p2|Hatterene, F|\n|poke|p2|Chandelure, F|\n|poke|p2|Alomomola, F|\n|teampreview\n|inactive|Battle timer is ON: inactive players will automatically lose when time's up. (requested by Avew14)\n|\n|t:|1701206386\n|start\n|switch|p1a: Iron Moth|Iron Moth|100\/100\n|switch|p2a: Alomomola|Alomomola, F|100\/100\n|-enditem|p1a: Iron Moth|Booster Energy\n|-activate|p1a: Iron Moth|ability: Quark Drive|[fromitem]\n|-start|p1a: Iron Moth|quarkdrivespa\n|turn|1\n|\n|t:|1701206391\n|-terastallize|p1a: Iron Moth|Grass\n|move|p1a: Iron Moth|Energy Ball|p2a: Alomomola\n|-supereffective|p2a: Alomomola\n|-damage|p2a: Alomomola|0 fnt\n|faint|p2a: Alomomola\n|\n|upkeep\n|\n|t:|1701206395\n|switch|p2a: Chandelure|Chandelure, F|100\/100\n|turn|2\n|\n|t:|1701206406\n|-end|p1a: Iron Moth|Quark Drive|[silent]\n|switch|p1a: Clodsire|Clodsire, F|100\/100\n|move|p2a: Chandelure|Shadow Ball|p1a: Clodsire\n|-damage|p1a: Clodsire|78\/100\n|-unboost|p1a: Clodsire|spd|1\n|\n|-heal|p1a: Clodsire|84\/100|[from] item: Leftovers\n|upkeep\n|turn|3\n|\n|t:|1701206431\n|switch|p2a: Ursaluna|Ursaluna, M|100\/100\n|move|p1a: Clodsire|Earthquake|p2a: Ursaluna\n|-damage|p2a: Ursaluna|80\/100\n|\n|-heal|p1a: Clodsire|90\/100|[from] item: Leftovers\n|-status|p2a: Ursaluna|brn|[from] item: Flame Orb\n|upkeep\n|turn|4\n|\n|t:|1701206443\n|move|p2a: Ursaluna|Facade|p1a: Clodsire\n|-damage|p1a: Clodsire|0 fnt\n|faint|p1a: Clodsire\n|\n|-damage|p2a: Ursaluna|74\/100 brn|[from] brn\n|upkeep\n|\n|t:|1701206450\n|switch|p1a: Iron Moth|Iron Moth, tera:Grass|100\/100\n|turn|5\n|\n|t:|1701206457\n|-terastallize|p2a: Ursaluna|Fairy\n|move|p1a: Iron Moth|Energy Ball|p2a: Ursaluna\n|-damage|p2a: Ursaluna|31\/100 brn\n|move|p2a: Ursaluna|Facade|p1a: Iron Moth\n|-damage|p1a: Iron Moth|0 fnt\n|faint|p1a: Iron Moth\n|-end|p1a: Iron Moth|Quark Drive|[silent]\n|\n|-damage|p2a: Ursaluna|24\/100 brn|[from] brn\n|upkeep\n|\n|t:|1701206461\n|switch|p1a: Dragonite|Dragonite, F|100\/100\n|turn|6\n|\n|t:|1701206463\n|move|p1a: Dragonite|Extreme Speed|p2a: Ursaluna\n|-damage|p2a: Ursaluna|5\/100 brn\n|move|p2a: Ursaluna|Ice Punch|p1a: Dragonite\n|-supereffective|p1a: Dragonite\n|-damage|p1a: Dragonite|0 fnt\n|faint|p1a: Dragonite\n|\n|-damage|p2a: Ursaluna|0 fnt|[from] brn\n|faint|p2a: Ursaluna\n|upkeep\n|\n|t:|1701206477\n|switch|p1a: Great Tusk|Great Tusk|100\/100\n|switch|p2a: Hatterene|Hatterene, F|100\/100\n|-enditem|p1a: Great Tusk|Booster Energy\n|-activate|p1a: Great Tusk|ability: Protosynthesis|[fromitem]\n|-start|p1a: Great Tusk|protosynthesisatk\n|turn|7\n|\n|t:|1701206485\n|move|p1a: Great Tusk|Earthquake|p2a: Hatterene\n|-damage|p2a: Hatterene|20\/100\n|-enditem|p2a: Hatterene|Red Card|[of] p1a: Great Tusk\n|-end|p1a: Great Tusk|Protosynthesis|[silent]\n|drag|p1a: Garganacl|Garganacl, M|100\/100\n|move|p2a: Hatterene|Nuzzle|p1a: Garganacl\n|-damage|p1a: Garganacl|98\/100\n|\n|-heal|p1a: Garganacl|100\/100|[from] item: Leftovers\n|upkeep\n|turn|8\n|\n|t:|1701206495\n|move|p1a: Garganacl|Salt Cure|p2a: Hatterene\n|-damage|p2a: Hatterene|4\/100\n|-start|p2a: Hatterene|Salt Cure\n|move|p2a: Hatterene|Dazzling Gleam|p1a: Garganacl\n|-damage|p1a: Garganacl|69\/100\n|\n|-heal|p1a: Garganacl|75\/100|[from] item: Leftovers\n|-damage|p2a: Hatterene|0 fnt|[from] Salt Cure\n|faint|p2a: Hatterene\n|upkeep\n|\n|t:|1701206499\n|switch|p2a: Chandelure|Chandelure, F|100\/100\n|turn|9\n|\n|t:|1701206503\n|move|p2a: Chandelure|Energy Ball|p1a: Garganacl\n|-supereffective|p1a: Garganacl\n|-damage|p1a: Garganacl|31\/100\n|move|p1a: Garganacl|Salt Cure|p2a: Chandelure\n|-supereffective|p2a: Chandelure\n|-damage|p2a: Chandelure|58\/100\n|-start|p2a: Chandelure|Salt Cure\n|\n|-heal|p1a: Garganacl|37\/100|[from] item: Leftovers\n|-damage|p2a: Chandelure|46\/100|[from] Salt Cure\n|upkeep\n|turn|10\n|\n|t:|1701206530\n|move|p2a: Chandelure|Energy Ball|p1a: Garganacl\n|-supereffective|p1a: Garganacl\n|-damage|p1a: Garganacl|0 fnt\n|faint|p1a: Garganacl\n|\n|-damage|p2a: Chandelure|34\/100|[from] Salt Cure\n|upkeep\n|\n|t:|1701206532\n|switch|p1a: Iron Valiant|Iron Valiant|100\/100\n|-enditem|p1a: Iron Valiant|Booster Energy\n|-activate|p1a: Iron Valiant|ability: Quark Drive|[fromitem]\n|-start|p1a: Iron Valiant|quarkdrivespe\n|turn|11\n|\n|t:|1701206537\n|move|p1a: Iron Valiant|Moonblast|p2a: Chandelure\n|-resisted|p2a: Chandelure\n|-damage|p2a: Chandelure|0 fnt\n|faint|p2a: Chandelure\n|\n|upkeep\n|\n|t:|1701206541\n|switch|p2a: Dragonite|Dragonite, M|100\/100\n|turn|12\n|\n|t:|1701206543\n|move|p1a: Iron Valiant|Moonblast|p2a: Dragonite\n|-supereffective|p2a: Dragonite\n|-damage|p2a: Dragonite|56\/100\n|-enditem|p2a: Dragonite|Weakness Policy\n|-boost|p2a: Dragonite|atk|2|[from] item: Weakness Policy\n|-boost|p2a: Dragonite|spa|2|[from] item: Weakness Policy\n|move|p2a: Dragonite|Dragon Dance|p2a: Dragonite\n|-boost|p2a: Dragonite|atk|1\n|-boost|p2a: Dragonite|spe|1\n|\n|upkeep\n|turn|13\n|\n|t:|1701206548\n|move|p2a: Dragonite|Extreme Speed|p1a: Iron Valiant\n|-damage|p1a: Iron Valiant|0 fnt\n|faint|p1a: Iron Valiant\n|-end|p1a: Iron Valiant|Quark Drive|[silent]\n|\n|upkeep\n|\n|t:|1701206551\n|switch|p1a: Great Tusk|Great Tusk|100\/100\n|turn|14\n|\n|t:|1701206554\n|move|p2a: Dragonite|Outrage|p1a: Great Tusk\n|-damage|p1a: Great Tusk|0 fnt\n|faint|p1a: Great Tusk\n|-end|p1a: Great Tusk|Protosynthesis|[silent]\n|\n|win|Draconic Kai\n|raw|Avew14's rating: 1229 &rarr; <strong>1208<\/strong><br \/>(-21 for losing)\n|raw|Draconic Kai's rating: 1283 &rarr; <strong>1304<\/strong><br \/>(+21 for winning)\n|l|\u2606Avew14\n","uploadtime":1701206560,"views":19,"p1id":"avew14","p2id":"draconickai","formatid":"gen9ou","rating":1208,"private":0,"password":""}