{"id":"gen9ou-1996249567","p1":"ChronoShadowGx","p2":"JabobFrog2","format":"[Gen 9] OU","log":"|j|\u2606ChronoShadowGx\n|j|\u2606JabobFrog2\n|t:|1700663909\n|gametype|singles\n|player|p1|ChronoShadowGx|burglar|1223\n|player|p2|JabobFrog2|blackbelt|1125\n|teamsize|p1|6\n|teamsize|p2|6\n|gen|9\n|tier|[Gen 9] OU\n|rated|\n|rule|Sleep Clause Mod: Limit one foe put to sleep\n|rule|Species Clause: Limit one of each Pok\u00e9mon\n|rule|OHKO Clause: OHKO moves are banned\n|rule|Evasion Items Clause: Evasion items are banned\n|rule|Evasion Moves Clause: Evasion moves are banned\n|rule|Endless Battle Clause: Forcing endless battles is banned\n|rule|HP Percentage Mod: HP is shown in percentages\n|clearpoke\n|poke|p1|Clefable, M|\n|poke|p1|Great Tusk|\n|poke|p1|Heatran, M|\n|poke|p1|Ribombee, F|\n|poke|p1|Clodsire, F|\n|poke|p1|Kingambit, M|\n|poke|p2|Rillaboom, F|\n|poke|p2|Garganacl, F|\n|poke|p2|Great Tusk|\n|poke|p2|Heatran, M|\n|poke|p2|Zapdos|\n|poke|p2|Walking Wake|\n|teampreview\n|inactive|Battle timer is ON: inactive players will automatically lose when time's up. (requested by ChronoShadowGx)\n|\n|t:|1700663925\n|start\n|switch|p1a: Clefable|Clefable, M|100\/100\n|switch|p2a: Rillaboom|Rillaboom, F|100\/100\n|-fieldstart|move: Grassy Terrain|[from] ability: Grassy Surge|[of] p2a: Rillaboom\n|turn|1\n|\n|t:|1700663938\n|switch|p2a: Heatran|Heatran, M|100\/100\n|move|p1a: Clefable|Calm Mind|p1a: Clefable\n|-boost|p1a: Clefable|spa|1\n|-boost|p1a: Clefable|spd|1\n|\n|upkeep\n|turn|2\n|\n|t:|1700663951\n|move|p2a: Heatran|Taunt|p1a: Clefable\n|-start|p1a: Clefable|move: Taunt\n|cant|p1a: Clefable|move: Taunt|Calm Mind\n|\n|upkeep\n|turn|3\n|\n|t:|1700663957\n|switch|p1a: Clodsire|Clodsire, F|100\/100\n|move|p2a: Heatran|Magma Storm|p1a: Clodsire\n|-damage|p1a: Clodsire|76\/100\n|-activate|p1a: Clodsire|move: Magma Storm|[of] p2a: Heatran\n|\n|-heal|p1a: Clodsire|82\/100|[from] Grassy Terrain\n|-heal|p1a: Clodsire|89\/100|[from] item: Black Sludge\n|-damage|p1a: Clodsire|76\/100|[from] move: Magma Storm|[partiallytrapped]\n|upkeep\n|turn|4\n|\n|t:|1700663976\n|switch|p2a: Great Tusk|Great Tusk|100\/100\n|move|p1a: Clodsire|Stone Edge|p2a: Great Tusk\n|-resisted|p2a: Great Tusk\n|-crit|p2a: Great Tusk\n|-damage|p2a: Great Tusk|96\/100\n|\n|-heal|p2a: Great Tusk|100\/100|[from] Grassy Terrain\n|-heal|p1a: Clodsire|82\/100|[from] Grassy Terrain\n|-heal|p1a: Clodsire|89\/100|[from] item: Black Sludge\n|-end|p1a: Clodsire|Magma Storm|[partiallytrapped]|[silent]\n|upkeep\n|turn|5\n|\n|t:|1700663987\n|move|p2a: Great Tusk|Bulk Up|p2a: Great Tusk\n|-boost|p2a: Great Tusk|atk|1\n|-boost|p2a: Great Tusk|def|1\n|move|p1a: Clodsire|Toxic|p2a: Great Tusk\n|-status|p2a: Great Tusk|tox\n|\n|-heal|p1a: Clodsire|95\/100|[from] Grassy Terrain\n|-heal|p1a: Clodsire|100\/100|[from] item: Black Sludge\n|-damage|p2a: Great Tusk|94\/100 tox|[from] psn\n|-fieldend|move: Grassy Terrain\n|upkeep\n|turn|6\n|\n|t:|1700664009\n|move|p2a: Great Tusk|Headlong Rush|p1a: Clodsire\n|-supereffective|p1a: Clodsire\n|-damage|p1a: Clodsire|0 fnt\n|-unboost|p2a: Great Tusk|def|1\n|-unboost|p2a: Great Tusk|spd|1\n|faint|p1a: Clodsire\n|\n|-heal|p2a: Great Tusk|100\/100 tox|[from] item: Leftovers\n|-damage|p2a: Great Tusk|88\/100 tox|[from] psn\n|upkeep\n|\n|t:|1700664018\n|switch|p1a: Ribombee|Ribombee, F, shiny|100\/100\n|turn|7\n|\n|t:|1700664022\n|-end|p2a: Great Tusk|Protosynthesis|[silent]\n|switch|p2a: Heatran|Heatran, M|100\/100\n|move|p1a: Ribombee|Quiver Dance|p1a: Ribombee\n|-boost|p1a: Ribombee|spa|1\n|-boost|p1a: Ribombee|spd|1\n|-boost|p1a: Ribombee|spe|1\n|\n|upkeep\n|turn|8\n|\n|t:|1700664050\n|switch|p1a: Heatran|Heatran, M|100\/100\n|-item|p1a: Heatran|Air Balloon\n|move|p2a: Heatran|Magma Storm|p1a: Heatran\n|-start|p1a: Heatran|ability: Flash Fire\n|\n|upkeep\n|turn|9\n|\n|t:|1700664059\n|switch|p2a: Walking Wake|Walking Wake|100\/100\n|move|p1a: Heatran|Earth Power|p2a: Walking Wake\n|-damage|p2a: Walking Wake|63\/100\n|\n|upkeep\n|turn|10\n|\n|t:|1700664081\n|-end|p1a: Heatran|ability: Flash Fire|[silent]\n|switch|p1a: Clefable|Clefable, M|100\/100\n|move|p2a: Walking Wake|Flip Turn|p1a: Clefable\n|-damage|p1a: Clefable|81\/100\n|inactive|JabobFrog2 has 120 seconds left.\n|\n|t:|1700664093\n|-end|p2a: Walking Wake|Protosynthesis|[silent]\n|switch|p2a: Garganacl|Garganacl, F|100\/100|[from] Flip Turn\n|\n|-heal|p1a: Clefable|88\/100|[from] item: Leftovers\n|upkeep\n|turn|11\n|\n|t:|1700664098\n|move|p1a: Clefable|Calm Mind|p1a: Clefable\n|-boost|p1a: Clefable|spa|1\n|-boost|p1a: Clefable|spd|1\n|move|p2a: Garganacl|Iron Defense|p2a: Garganacl\n|-boost|p2a: Garganacl|def|2\n|\n|-heal|p1a: Clefable|94\/100|[from] item: Leftovers\n|upkeep\n|turn|12\n|\n|t:|1700664105\n|move|p1a: Clefable|Calm Mind|p1a: Clefable\n|-boost|p1a: Clefable|spa|1\n|-boost|p1a: Clefable|spd|1\n|move|p2a: Garganacl|Salt Cure|p1a: Clefable\n|-damage|p1a: Clefable|78\/100\n|-start|p1a: Clefable|Salt Cure\n|\n|-heal|p1a: Clefable|85\/100|[from] item: Leftovers\n|upkeep\n|turn|13\n|\n|t:|1700664118\n|-terastallize|p2a: Garganacl|Fairy\n|move|p1a: Clefable|Calm Mind|p1a: Clefable\n|-boost|p1a: Clefable|spa|1\n|-boost|p1a: Clefable|spd|1\n|move|p2a: Garganacl|Iron Defense|p2a: Garganacl\n|-boost|p2a: Garganacl|def|2\n|\n|-heal|p1a: Clefable|91\/100|[from] item: Leftovers\n|upkeep\n|turn|14\n|\n|t:|1700664134\n|-terastallize|p1a: Clefable|Ghost\n|move|p1a: Clefable|Calm Mind|p1a: Clefable\n|-boost|p1a: Clefable|spa|1\n|-boost|p1a: Clefable|spd|1\n|move|p2a: Garganacl|Salt Cure|p1a: Clefable\n|-damage|p1a: Clefable|75\/100\n|\n|-heal|p1a: Clefable|81\/100|[from] item: Leftovers\n|upkeep\n|turn|15\n|\n|t:|1700664150\n|move|p1a: Clefable|Stored Power|p2a: Garganacl\n|-damage|p2a: Garganacl|0 fnt\n|faint|p2a: Garganacl\n|\n|-heal|p1a: Clefable|88\/100|[from] item: Leftovers\n|upkeep\n|\n|t:|1700664155\n|switch|p2a: Rillaboom|Rillaboom, F|100\/100\n|-fieldstart|move: Grassy Terrain|[from] ability: Grassy Surge|[of] p2a: Rillaboom\n|turn|16\n|\n|t:|1700664159\n|move|p2a: Rillaboom|Knock Off|p1a: Clefable\n|-supereffective|p1a: Clefable\n|-damage|p1a: Clefable|0 fnt\n|-enditem|p1a: Clefable|Leftovers|[from] move: Knock Off|[of] p2a: Rillaboom\n|faint|p1a: Clefable\n|\n|upkeep\n|\n|t:|1700664165\n|switch|p1a: Ribombee|Ribombee, F, shiny|100\/100\n|turn|17\n|\n|t:|1700664168\n|switch|p2a: Heatran|Heatran, M|100\/100\n|move|p1a: Ribombee|Quiver Dance|p1a: Ribombee\n|-boost|p1a: Ribombee|spa|1\n|-boost|p1a: Ribombee|spd|1\n|-boost|p1a: Ribombee|spe|1\n|\n|upkeep\n|turn|18\n|\n|t:|1700664177\n|move|p1a: Ribombee|Quiver Dance|p1a: Ribombee\n|-boost|p1a: Ribombee|spa|1\n|-boost|p1a: Ribombee|spd|1\n|-boost|p1a: Ribombee|spe|1\n|move|p2a: Heatran|Stealth Rock|p1a: Ribombee\n|-sidestart|p1: ChronoShadowGx|move: Stealth Rock\n|\n|upkeep\n|turn|19\n|\n|t:|1700664185\n|switch|p1a: Heatran|Heatran, M|100\/100\n|-damage|p1a: Heatran|88\/100|[from] Stealth Rock\n|-item|p1a: Heatran|Air Balloon\n|move|p2a: Heatran|Magma Storm|p1a: Heatran\n|-start|p1a: Heatran|ability: Flash Fire\n|\n|upkeep\n|turn|20\n|\n|t:|1700664195\n|switch|p2a: Zapdos|Zapdos|100\/100\n|move|p1a: Heatran|Power Gem|p2a: Zapdos\n|-supereffective|p2a: Zapdos\n|-damage|p2a: Zapdos|37\/100\n|\n|-fieldend|move: Grassy Terrain\n|upkeep\n|turn|21\n|\n|t:|1700664209\n|move|p2a: Zapdos|Volt Switch|p1a: Heatran\n|-damage|p1a: Heatran|57\/100\n|-enditem|p1a: Heatran|Air Balloon\n|\n|t:|1700664212\n|switch|p2a: Great Tusk|Great Tusk|88\/100 tox|[from] Volt Switch\n|move|p1a: Heatran|Magma Storm|p2a: Great Tusk\n|-damage|p2a: Great Tusk|0 fnt\n|faint|p2a: Great Tusk\n|-end|p2a: Great Tusk|Protosynthesis|[silent]\n|\n|upkeep\n|\n|t:|1700664215\n|switch|p2a: Heatran|Heatran, M|100\/100\n|turn|22\n|\n|t:|1700664224\n|move|p1a: Heatran|Earth Power|p2a: Heatran\n|-supereffective|p2a: Heatran\n|-damage|p2a: Heatran|10\/100\n|move|p2a: Heatran|Earth Power|p1a: Heatran\n|-supereffective|p1a: Heatran\n|-damage|p1a: Heatran|0 fnt\n|faint|p1a: Heatran\n|\n|-heal|p2a: Heatran|16\/100|[from] item: Leftovers\n|upkeep\n|\n|t:|1700664233\n|switch|p1a: Great Tusk|Great Tusk|100\/100\n|turn|23\n|\n|t:|1700664236\n|switch|p2a: Zapdos|Zapdos|37\/100\n|move|p1a: Great Tusk|Rapid Spin|p2a: Zapdos\n|-damage|p2a: Zapdos|21\/100\n|-boost|p1a: Great Tusk|spe|1\n|-sideend|p1: ChronoShadowGx|Stealth Rock|[from] move: Rapid Spin|[of] p1a: Great Tusk\n|\n|upkeep\n|turn|24\n|\n|t:|1700664244\n|move|p1a: Great Tusk|Knock Off|p2a: Zapdos\n|-damage|p2a: Zapdos|0 fnt\n|-enditem|p2a: Zapdos|Heavy-Duty Boots|[from] move: Knock Off|[of] p1a: Great Tusk\n|faint|p2a: Zapdos\n|\n|upkeep\n|\n|t:|1700664248\n|switch|p2a: Rillaboom|Rillaboom, F|100\/100\n|-fieldstart|move: Grassy Terrain|[from] ability: Grassy Surge|[of] p2a: Rillaboom\n|turn|25\n|\n|t:|1700664254\n|move|p1a: Great Tusk|Ice Spinner|p2a: Rillaboom\n|-supereffective|p2a: Rillaboom\n|-damage|p2a: Rillaboom|43\/100\n|-fieldend|move: Grassy Terrain\n|move|p2a: Rillaboom|Wood Hammer|p1a: Great Tusk\n|-supereffective|p1a: Great Tusk\n|-damage|p1a: Great Tusk|0 fnt\n|faint|p1a: Great Tusk\n|-end|p1a: Great Tusk|Protosynthesis|[silent]\n|-damage|p2a: Rillaboom|8\/100|[from] Recoil\n|\n|upkeep\n|\n|t:|1700664263\n|switch|p1a: Ribombee|Ribombee, F, shiny|100\/100\n|turn|26\n|\n|t:|1700664267\n|switch|p2a: Heatran|Heatran, M|16\/100\n|move|p1a: Ribombee|Quiver Dance|p1a: Ribombee\n|-boost|p1a: Ribombee|spa|1\n|-boost|p1a: Ribombee|spd|1\n|-boost|p1a: Ribombee|spe|1\n|\n|-heal|p2a: Heatran|22\/100|[from] item: Leftovers\n|upkeep\n|turn|27\n|\n|t:|1700664283\n|move|p1a: Ribombee|Draining Kiss|p2a: Heatran\n|-resisted|p2a: Heatran\n|-damage|p2a: Heatran|17\/100\n|move|p2a: Heatran|Magma Storm|p1a: Ribombee\n|-supereffective|p1a: Ribombee\n|-damage|p1a: Ribombee|8\/100\n|-activate|p1a: Ribombee|move: Magma Storm|[of] p2a: Heatran\n|\n|-heal|p2a: Heatran|23\/100|[from] item: Leftovers\n|-damage|p1a: Ribombee|0 fnt|[from] move: Magma Storm|[partiallytrapped]\n|faint|p1a: Ribombee\n|upkeep\n|\n|t:|1700664292\n|switch|p1a: Kingambit|Kingambit, M|100\/100\n|-activate|p1a: Kingambit|ability: Supreme Overlord\n|-start|p1a: Kingambit|fallen5|[silent]\n|turn|28\n|\n|t:|1700664299\n|move|p2a: Heatran|Taunt|p1a: Kingambit\n|-start|p1a: Kingambit|move: Taunt\n|move|p1a: Kingambit|Stone Edge|p2a: Heatran|[miss]\n|-miss|p1a: Kingambit|p2a: Heatran\n|\n|-heal|p2a: Heatran|29\/100|[from] item: Leftovers\n|upkeep\n|turn|29\n|\n|t:|1700664311\n|move|p1a: Kingambit|Sucker Punch|p2a: Heatran\n|-damage|p2a: Heatran|0 fnt\n|-status|p1a: Kingambit|brn|[from] ability: Flame Body|[of] p2a: Heatran\n|faint|p2a: Heatran\n|-damage|p1a: Kingambit|91\/100 brn|[from] item: Life Orb\n|\n|-damage|p1a: Kingambit|84\/100 brn|[from] brn\n|upkeep\n|\n|t:|1700664312\n|switch|p2a: Rillaboom|Rillaboom, F|8\/100\n|-fieldstart|move: Grassy Terrain|[from] ability: Grassy Surge|[of] p2a: Rillaboom\n|turn|30\n|\n|t:|1700664320\n|move|p2a: Rillaboom|Grassy Glide|p1a: Kingambit\n|-resisted|p1a: Kingambit\n|-damage|p1a: Kingambit|61\/100 brn\n|move|p1a: Kingambit|Sucker Punch||[still]\n|-fail|p1a: Kingambit\n|\n|-heal|p2a: Rillaboom|14\/100|[from] Grassy Terrain\n|-heal|p1a: Kingambit|67\/100 brn|[from] Grassy Terrain\n|-damage|p1a: Kingambit|61\/100 brn|[from] brn\n|-end|p1a: Kingambit|move: Taunt\n|upkeep\n|turn|31\n|\n|t:|1700664330\n|move|p2a: Rillaboom|Grassy Glide|p1a: Kingambit\n|-resisted|p1a: Kingambit\n|-damage|p1a: Kingambit|37\/100 brn\n|move|p1a: Kingambit|Swords Dance|p1a: Kingambit\n|-boost|p1a: Kingambit|atk|2\n|\n|-heal|p2a: Rillaboom|20\/100|[from] Grassy Terrain\n|-heal|p1a: Kingambit|44\/100 brn|[from] Grassy Terrain\n|-damage|p1a: Kingambit|37\/100 brn|[from] brn\n|upkeep\n|turn|32\n|\n|t:|1700664340\n|move|p2a: Rillaboom|Grassy Glide|p1a: Kingambit\n|-resisted|p1a: Kingambit\n|-damage|p1a: Kingambit|14\/100 brn\n|move|p1a: Kingambit|Poison Jab|p2a: Rillaboom\n|-supereffective|p2a: Rillaboom\n|-damage|p2a: Rillaboom|0 fnt\n|faint|p2a: Rillaboom\n|-damage|p1a: Kingambit|4\/100 brn|[from] item: Life Orb\n|\n|-heal|p1a: Kingambit|10\/100 brn|[from] Grassy Terrain\n|-damage|p1a: Kingambit|4\/100 brn|[from] brn\n|upkeep\n|\n|t:|1700664351\n|switch|p2a: Walking Wake|Walking Wake|63\/100\n|turn|33\n|c|\u2606ChronoShadowGx|gg\n|\n|t:|1700664357\n|move|p1a: Kingambit|Sucker Punch|p2a: Walking Wake\n|-damage|p2a: Walking Wake|0 fnt\n|faint|p2a: Walking Wake\n|-end|p2a: Walking Wake|Protosynthesis|[silent]\n|-damage|p1a: Kingambit|0 fnt|[from] item: Life Orb\n|faint|p1a: Kingambit\n|-end|p1a: Kingambit|fallen5|[silent]\n|\n|win|ChronoShadowGx\n|raw|ChronoShadowGx's rating: 1223 &rarr; <strong>1241<\/strong><br \/>(+18 for winning)\n|raw|JabobFrog2's rating: 1125 &rarr; <strong>1107<\/strong><br \/>(-18 for losing)\n|l|\u2606JabobFrog2\n","uploadtime":1700664366,"views":0,"p1id":"chronoshadowgx","p2id":"jabobfrog2","formatid":"gen9ou","rating":1107,"private":0,"password":""}