{"id":"gen9ou-1992116385","p1":"joaovian","p2":"ElFelikz","format":"[Gen 9] OU","log":"|j|\u2606joaovian\n|j|\u2606ElFelikz\n|t:|1700156434\n|gametype|singles\n|player|p1|joaovian|169|1000\n|player|p2|ElFelikz|veteran|1031\n|teamsize|p1|6\n|teamsize|p2|6\n|gen|9\n|tier|[Gen 9] OU\n|rated|\n|rule|Sleep Clause Mod: Limit one foe put to sleep\n|rule|Species Clause: Limit one of each Pok\u00e9mon\n|rule|OHKO Clause: OHKO moves are banned\n|rule|Evasion Items Clause: Evasion items are banned\n|rule|Evasion Moves Clause: Evasion moves are banned\n|rule|Endless Battle Clause: Forcing endless battles is banned\n|rule|HP Percentage Mod: HP is shown in percentages\n|clearpoke\n|poke|p1|Gengar, M|\n|poke|p1|Iron Valiant|\n|poke|p1|Articuno-Galar|\n|poke|p1|Walking Wake|\n|poke|p1|Ogerpon-Cornerstone, F|\n|poke|p1|Ceruledge, M|\n|poke|p2|Ting-Lu|\n|poke|p2|Sneasler, F|\n|poke|p2|Zapdos|\n|poke|p2|Heatran, M|\n|poke|p2|Rillaboom, F|\n|poke|p2|Manaphy|\n|teampreview\n|\n|t:|1700156464\n|start\n|switch|p1a: Iron Valiant|Iron Valiant|100\/100\n|switch|p2a: Zapdos|Zapdos|100\/100\n|turn|1\n|\n|t:|1700156494\n|-end|p1a: Iron Valiant|Quark Drive|[silent]\n|switch|p1a: Ogerpon|Ogerpon-Cornerstone, F|100\/100\n|move|p2a: Zapdos|Volt Switch|p1a: Ogerpon\n|-resisted|p1a: Ogerpon\n|-damage|p1a: Ogerpon|87\/100\n|\n|t:|1700156519\n|switch|p2a: Sneasler|Sneasler, F, shiny|100\/100|[from] Volt Switch\n|\n|upkeep\n|turn|2\n|\n|t:|1700156554\n|move|p2a: Sneasler|Swords Dance|p2a: Sneasler\n|-boost|p2a: Sneasler|atk|2\n|move|p1a: Ogerpon|Giga Drain|p2a: Sneasler\n|-resisted|p2a: Sneasler\n|-damage|p2a: Sneasler|84\/100\n|-heal|p1a: Ogerpon|95\/100|[from] drain|[of] p2a: Sneasler\n|\n|upkeep\n|turn|3\n|\n|t:|1700156570\n|move|p2a: Sneasler|Close Combat|p1a: Ogerpon\n|-supereffective|p1a: Ogerpon\n|-damage|p1a: Ogerpon|0 fnt\n|-unboost|p2a: Sneasler|def|1\n|-unboost|p2a: Sneasler|spd|1\n|faint|p1a: Ogerpon\n|\n|upkeep\n|\n|t:|1700156581\n|switch|p1a: Articuno|Articuno-Galar, shiny|100\/100\n|turn|4\n|\n|t:|1700156586\n|move|p2a: Sneasler|Lash Out|p1a: Articuno\n|-supereffective|p1a: Articuno\n|-damage|p1a: Articuno|0 fnt\n|faint|p1a: Articuno\n|\n|upkeep\n|\n|t:|1700156592\n|switch|p1a: Gengar|Gengar, M|100\/100\n|turn|5\n|\n|t:|1700156597\n|move|p2a: Sneasler|Lash Out|p1a: Gengar\n|-supereffective|p1a: Gengar\n|-enditem|p1a: Gengar|Focus Sash\n|-damage|p1a: Gengar|1\/100\n|move|p1a: Gengar|Destiny Bond|p1a: Gengar\n|-singlemove|p1a: Gengar|Destiny Bond\n|\n|upkeep\n|turn|6\n|\n|t:|1700156609\n|switch|p2a: Ting-Lu|Ting-Lu|100\/100\n|-ability|p2a: Ting-Lu|Vessel of Ruin\n|move|p1a: Gengar|Dark Pulse|p2a: Ting-Lu\n|-resisted|p2a: Ting-Lu\n|-damage|p2a: Ting-Lu|93\/100\n|\n|-heal|p2a: Ting-Lu|99\/100|[from] item: Leftovers\n|upkeep\n|turn|7\n|\n|t:|1700156620\n|move|p1a: Gengar|Destiny Bond|p1a: Gengar\n|-singlemove|p1a: Gengar|Destiny Bond\n|move|p2a: Ting-Lu|Stealth Rock|p1a: Gengar\n|-sidestart|p1: joaovian|move: Stealth Rock\n|\n|-heal|p2a: Ting-Lu|100\/100|[from] item: Leftovers\n|upkeep\n|turn|8\n|\n|t:|1700156638\n|move|p1a: Gengar|Dark Pulse|p2a: Ting-Lu\n|-resisted|p2a: Ting-Lu\n|-damage|p2a: Ting-Lu|92\/100\n|move|p2a: Ting-Lu|Whirlwind|p1a: Gengar\n|drag|p1a: Walking Wake|Walking Wake|100\/100\n|-damage|p1a: Walking Wake|88\/100|[from] Stealth Rock\n|\n|-heal|p2a: Ting-Lu|98\/100|[from] item: Leftovers\n|upkeep\n|turn|9\n|inactive|Battle timer is ON: inactive players will automatically lose when time's up. (requested by joaovian)\n|\n|t:|1700156705\n|switch|p2a: Zapdos|Zapdos|100\/100\n|move|p1a: Walking Wake|Hydro Steam|p2a: Zapdos\n|-damage|p2a: Zapdos|69\/100\n|\n|upkeep\n|turn|10\n|\n|t:|1700156732\n|-end|p1a: Walking Wake|Protosynthesis|[silent]\n|switch|p1a: Gengar|Gengar, M|1\/100\n|-damage|p1a: Gengar|0 fnt|[from] Stealth Rock\n|faint|p1a: Gengar\n|move|p2a: Zapdos|Thunder Wave|p1: Gengar|[notarget]\n|-fail|p2a: Zapdos\n|\n|upkeep\n|\n|t:|1700156739\n|switch|p1a: Walking Wake|Walking Wake|88\/100\n|-damage|p1a: Walking Wake|76\/100|[from] Stealth Rock\n|turn|11\n|\n|t:|1700156746\n|move|p1a: Walking Wake|Dragon Claw|p2a: Zapdos\n|-damage|p2a: Zapdos|49\/100\n|move|p2a: Zapdos|Thunder Wave|p1a: Walking Wake\n|-status|p1a: Walking Wake|par\n|\n|upkeep\n|turn|12\n|\n|t:|1700156756\n|move|p2a: Zapdos|Roost|p2a: Zapdos\n|-heal|p2a: Zapdos|99\/100\n|-singleturn|p2a: Zapdos|move: Roost\n|move|p1a: Walking Wake|Draco Meteor|p2a: Zapdos\n|-damage|p2a: Zapdos|46\/100\n|-unboost|p1a: Walking Wake|spa|2\n|\n|upkeep\n|turn|13\n|\n|t:|1700156766\n|move|p2a: Zapdos|Roost|p2a: Zapdos\n|-heal|p2a: Zapdos|96\/100\n|-singleturn|p2a: Zapdos|move: Roost\n|move|p1a: Walking Wake|Draco Meteor|p2a: Zapdos\n|-damage|p2a: Zapdos|68\/100\n|-unboost|p1a: Walking Wake|spa|2\n|\n|upkeep\n|turn|14\n|inactive|joaovian has 120 seconds left.\n|\n|t:|1700156808\n|move|p2a: Zapdos|Roost|p2a: Zapdos\n|-heal|p2a: Zapdos|100\/100\n|-singleturn|p2a: Zapdos|move: Roost\n|cant|p1a: Walking Wake|par\n|\n|upkeep\n|turn|15\n|\n|t:|1700156831\n|move|p2a: Zapdos|Hurricane|p1a: Walking Wake\n|-damage|p1a: Walking Wake|33\/100 par\n|cant|p1a: Walking Wake|par\n|\n|upkeep\n|turn|16\n|inactive|ElFelikz has 120 seconds left.\n|\n|t:|1700156867\n|move|p2a: Zapdos|Volt Switch|p1a: Walking Wake\n|-damage|p1a: Walking Wake|5\/100 par\n|-enditem|p1a: Walking Wake|Aguav Berry|[eat]\n|-heal|p1a: Walking Wake|38\/100 par|[from] item: Aguav Berry\n|inactive|ElFelikz has 90 seconds left.\n|\n|t:|1700156900\n|switch|p2a: Rillaboom|Rillaboom, F|100\/100|[from] Volt Switch\n|-fieldstart|move: Grassy Terrain|[from] ability: Grassy Surge|[of] p2a: Rillaboom\n|move|p1a: Walking Wake|Draco Meteor|p2a: Rillaboom\n|-damage|p2a: Rillaboom|75\/100\n|-unboost|p1a: Walking Wake|spa|2\n|\n|-heal|p2a: Rillaboom|81\/100|[from] Grassy Terrain\n|-heal|p1a: Walking Wake|44\/100 par|[from] Grassy Terrain\n|upkeep\n|turn|17\n|\n|t:|1700156916\n|-end|p1a: Walking Wake|Protosynthesis|[silent]\n|switch|p1a: Ceruledge|Ceruledge, M, shiny|100\/100\n|-damage|p1a: Ceruledge|76\/100|[from] Stealth Rock\n|move|p2a: Rillaboom|Knock Off|p1a: Ceruledge\n|-supereffective|p1a: Ceruledge\n|-damage|p1a: Ceruledge|0 fnt\n|-enditem|p1a: Ceruledge|Aguav Berry|[from] move: Knock Off|[of] p2a: Rillaboom\n|faint|p1a: Ceruledge\n|\n|-heal|p2a: Rillaboom|87\/100|[from] Grassy Terrain\n|upkeep\n|\n|t:|1700156925\n|switch|p1a: Walking Wake|Walking Wake|44\/100 par\n|-damage|p1a: Walking Wake|32\/100 par|[from] Stealth Rock\n|turn|18\n|inactive|ElFelikz has 90 seconds left.\n|inactive|joaovian has 90 seconds left.\n|l|\u2606joaovian\n|inactive|joaovian disconnected and has a minute to reconnect!\n|player|p1|\n|inactive|joaovian has 30 seconds to reconnect!\n|inactive|joaovian has 20 seconds to reconnect!\n|inactive|joaovian has 15 seconds to reconnect!\n|inactive|joaovian has 10 seconds to reconnect!\n|inactive|joaovian has 5 seconds to reconnect!\n|-message|joaovian lost due to inactivity.\n|\n|win|ElFelikz\n|inactive|joaovian has 15 seconds left this turn.\n|raw|joaovian's rating: 1000 &rarr; <strong>1000<\/strong><br \/>(+0 for losing)\n|raw|ElFelikz's rating: 1031 &rarr; <strong>1063<\/strong><br \/>(+32 for winning)\n","uploadtime":1700157025,"views":7,"p1id":"joaovian","p2id":"elfelikz","formatid":"gen9ou","rating":1000,"private":0,"password":""}