{"id":"gen9ou-1994553611","p1":"Rand_Zorua","p2":"lord denominator","format":"[Gen 9] OU","log":"|j|\u2606Rand_Zorua\n|j|\u203dlord denominator\n|t:|1700458832\n|gametype|singles\n|player|p1|Rand_Zorua|n-masters3|1700\n|player|p2|lord denominator|iris-gen5bw2|1623\n|teamsize|p1|6\n|teamsize|p2|6\n|gen|9\n|tier|[Gen 9] OU\n|rated|\n|rule|Sleep Clause Mod: Limit one foe put to sleep\n|rule|Species Clause: Limit one of each Pok\u00e9mon\n|rule|OHKO Clause: OHKO moves are banned\n|rule|Evasion Items Clause: Evasion items are banned\n|rule|Evasion Moves Clause: Evasion moves are banned\n|rule|Endless Battle Clause: Forcing endless battles is banned\n|rule|HP Percentage Mod: HP is shown in percentages\n|clearpoke\n|poke|p1|Rillaboom, F|\n|poke|p1|Garganacl, F|\n|poke|p1|Great Tusk|\n|poke|p1|Heatran, F|\n|poke|p1|Zapdos|\n|poke|p1|Walking Wake|\n|poke|p2|Clefable, M|\n|poke|p2|Slowking-Galar, F|\n|poke|p2|Crawdaunt, F|\n|poke|p2|Dragapult, F|\n|poke|p2|Ting-Lu|\n|poke|p2|Zapdos|\n|teampreview\n|inactive|Battle timer is ON: inactive players will automatically lose when time's up. (requested by Rand_Zorua)\n|j| Porycomingback\n|\n|t:|1700458852\n|start\n|switch|p1a: Walking Wake|Walking Wake|100\/100\n|switch|p2a: Slowking|Slowking-Galar, F|100\/100\n|turn|1\n|\n|t:|1700458856\n|move|p1a: Walking Wake|Knock Off|p2a: Slowking\n|-supereffective|p2a: Slowking\n|-damage|p2a: Slowking|68\/100\n|-enditem|p2a: Slowking|Heavy-Duty Boots|[from] move: Knock Off|[of] p1a: Walking Wake\n|move|p2a: Slowking|Thunder Wave|p1a: Walking Wake\n|-status|p1a: Walking Wake|par\n|\n|upkeep\n|turn|2\n|l| Porycomingback\n|\n|t:|1700458861\n|cant|p1a: Walking Wake|par\n|move|p2a: Slowking|Future Sight|p1a: Walking Wake\n|-start|p2a: Slowking|move: Future Sight\n|\n|upkeep\n|turn|3\n|\n|t:|1700458866\n|move|p1a: Walking Wake|Flip Turn|p2a: Slowking\n|-damage|p2a: Slowking|49\/100\n|\n|t:|1700458873\n|-end|p1a: Walking Wake|Protosynthesis|[silent]\n|switch|p1a: Rillaboom|Rillaboom, F|100\/100|[from] Flip Turn\n|-fieldstart|move: Grassy Terrain|[from] ability: Grassy Surge|[of] p1a: Rillaboom\n|move|p2a: Slowking|Chilly Reception|p2a: Slowking\n|-weather|Snow\n|j| Porycomingback\n|\n|t:|1700458879\n|switch|p2a: Zapdos|Zapdos|100\/100|[from] Chilly Reception\n|\n|-weather|Snow|[upkeep]\n|upkeep\n|turn|4\n|\n|t:|1700458883\n|switch|p1a: Heatran|Heatran, F|100\/100\n|move|p2a: Zapdos|Thunder Wave|p1a: Heatran\n|-status|p1a: Heatran|par\n|\n|-weather|Snow|[upkeep]\n|-end|p1a: Heatran|move: Future Sight\n|-resisted|p1a: Heatran\n|-damage|p1a: Heatran|87\/100 par\n|-heal|p1a: Heatran|93\/100 par|[from] Grassy Terrain\n|-heal|p1a: Heatran|99\/100 par|[from] item: Leftovers\n|upkeep\n|turn|5\n|\n|t:|1700458891\n|move|p2a: Zapdos|Volt Switch|p1a: Heatran\n|-damage|p1a: Heatran|80\/100 par\n|\n|t:|1700458897\n|switch|p2a: Ting-Lu|Ting-Lu|100\/100|[from] Volt Switch\n|-ability|p2a: Ting-Lu|Vessel of Ruin\n|move|p1a: Heatran|Stealth Rock|p2a: Ting-Lu\n|-sidestart|p2: lord denominator|move: Stealth Rock\n|\n|-weather|Snow|[upkeep]\n|-heal|p1a: Heatran|86\/100 par|[from] Grassy Terrain\n|-heal|p1a: Heatran|92\/100 par|[from] item: Leftovers\n|upkeep\n|turn|6\n|l| Porycomingback\n|j| Porycomingback\n|l| Porycomingback\n|\n|t:|1700458914\n|switch|p1a: Rillaboom|Rillaboom, F|100\/100\n|move|p2a: Ting-Lu|Spikes|p1a: Rillaboom\n|-sidestart|p1: Rand_Zorua|Spikes\n|\n|-weather|Snow|[upkeep]\n|upkeep\n|turn|7\n|\n|t:|1700458919\n|switch|p2a: Clefable|Clefable, M|100\/100\n|move|p1a: Rillaboom|U-turn|p2a: Clefable\n|-resisted|p2a: Clefable\n|-damage|p2a: Clefable|86\/100\n|\n|t:|1700458928\n|switch|p1a: Heatran|Heatran, F|92\/100 par|[from] U-turn\n|-damage|p1a: Heatran|80\/100 par|[from] Spikes\n|\n|-weather|none\n|-heal|p2a: Clefable|92\/100|[from] Grassy Terrain\n|-heal|p2a: Clefable|98\/100|[from] item: Leftovers\n|-heal|p1a: Heatran|86\/100 par|[from] Grassy Terrain\n|-heal|p1a: Heatran|92\/100 par|[from] item: Leftovers\n|-fieldend|move: Grassy Terrain\n|upkeep\n|turn|8\n|\n|t:|1700458931\n|move|p2a: Clefable|Stealth Rock|p1a: Heatran\n|-sidestart|p1: Rand_Zorua|move: Stealth Rock\n|move|p1a: Heatran|Magma Storm|p2a: Clefable\n|-damage|p2a: Clefable|59\/100\n|-activate|p2a: Clefable|move: Magma Storm|[of] p1a: Heatran\n|\n|-heal|p2a: Clefable|65\/100|[from] item: Leftovers\n|-heal|p1a: Heatran|99\/100 par|[from] item: Leftovers\n|upkeep\n|turn|9\n|\n|t:|1700458937\n|move|p2a: Clefable|Wish|p2a: Clefable\n|move|p1a: Heatran|Taunt|p2a: Clefable\n|-start|p2a: Clefable|move: Taunt\n|\n|-heal|p2a: Clefable|71\/100|[from] item: Leftovers\n|-heal|p1a: Heatran|100\/100 par|[from] item: Leftovers\n|upkeep\n|turn|10\n|\n|t:|1700458941\n|move|p2a: Clefable|Moonblast|p1a: Heatran\n|-resisted|p1a: Heatran\n|-damage|p1a: Heatran|95\/100 par\n|move|p1a: Heatran|Earth Power|p2a: Clefable\n|-damage|p2a: Clefable|45\/100\n|\n|-heal|p2a: Clefable|95\/100|[from] move: Wish|[wisher] Clefable\n|-heal|p2a: Clefable|100\/100|[from] item: Leftovers\n|-heal|p1a: Heatran|100\/100 par|[from] item: Leftovers\n|upkeep\n|turn|11\n|\n|t:|1700458950\n|move|p2a: Clefable|Moonblast|p1a: Heatran\n|-resisted|p1a: Heatran\n|-damage|p1a: Heatran|95\/100 par\n|move|p1a: Heatran|Earth Power|p2a: Clefable\n|-damage|p2a: Clefable|77\/100\n|-unboost|p2a: Clefable|spd|1\n|\n|-heal|p2a: Clefable|83\/100|[from] item: Leftovers\n|-heal|p1a: Heatran|100\/100 par|[from] item: Leftovers\n|upkeep\n|turn|12\n|\n|t:|1700458953\n|move|p2a: Clefable|Moonblast|p1a: Heatran\n|-resisted|p1a: Heatran\n|-damage|p1a: Heatran|96\/100 par\n|move|p1a: Heatran|Earth Power|p2a: Clefable\n|-damage|p2a: Clefable|48\/100\n|\n|-heal|p2a: Clefable|54\/100|[from] item: Leftovers\n|-heal|p1a: Heatran|100\/100 par|[from] item: Leftovers\n|-end|p2a: Clefable|move: Taunt\n|upkeep\n|turn|13\n|\n|t:|1700458957\n|move|p2a: Clefable|Wish|p2a: Clefable\n|move|p1a: Heatran|Taunt|p2a: Clefable\n|-start|p2a: Clefable|move: Taunt\n|\n|-heal|p2a: Clefable|60\/100|[from] item: Leftovers\n|-end|p2a: Clefable|Magma Storm|[partiallytrapped]\n|upkeep\n|turn|14\n|\n|t:|1700458964\n|switch|p2a: Dragapult|Dragapult, F|100\/100\n|-damage|p2a: Dragapult|88\/100|[from] Stealth Rock\n|move|p1a: Heatran|Earth Power|p2a: Dragapult\n|-damage|p2a: Dragapult|55\/100\n|\n|-heal|p2a: Dragapult|100\/100|[from] move: Wish|[wisher] Clefable\n|upkeep\n|turn|15\n|\n|t:|1700458971\n|move|p2a: Dragapult|Hex|p1a: Heatran\n|-damage|p1a: Heatran|46\/100 par\n|move|p1a: Heatran|Magma Storm|p2a: Dragapult\n|-resisted|p2a: Dragapult\n|-damage|p2a: Dragapult|70\/100\n|-activate|p2a: Dragapult|move: Magma Storm|[of] p1a: Heatran\n|\n|-heal|p1a: Heatran|52\/100 par|[from] item: Leftovers\n|-damage|p2a: Dragapult|57\/100|[from] move: Magma Storm|[partiallytrapped]\n|upkeep\n|turn|16\n|\n|t:|1700458979\n|move|p2a: Dragapult|Hex|p1a: Heatran\n|-damage|p1a: Heatran|0 fnt\n|faint|p1a: Heatran\n|\n|-end|p2a: Dragapult|Magma Storm|[partiallytrapped]|[silent]\n|upkeep\n|\n|t:|1700458992\n|switch|p1a: Garganacl|Garganacl, F|100\/100\n|-damage|p1a: Garganacl|88\/100|[from] Spikes\n|-damage|p1a: Garganacl|75\/100|[from] Stealth Rock\n|turn|17\n|\n|t:|1700458995\n|switch|p2a: Clefable|Clefable, M|60\/100\n|move|p1a: Garganacl|Iron Defense|p1a: Garganacl\n|-boost|p1a: Garganacl|def|2\n|\n|-heal|p2a: Clefable|66\/100|[from] item: Leftovers\n|-heal|p1a: Garganacl|82\/100|[from] item: Leftovers\n|upkeep\n|turn|18\n|\n|t:|1700459000\n|move|p2a: Clefable|Wish|p2a: Clefable\n|move|p1a: Garganacl|Iron Defense|p1a: Garganacl\n|-boost|p1a: Garganacl|def|2\n|\n|-heal|p2a: Clefable|72\/100|[from] item: Leftovers\n|-heal|p1a: Garganacl|88\/100|[from] item: Leftovers\n|upkeep\n|turn|19\n|\n|t:|1700459005\n|move|p2a: Clefable|Moonblast|p1a: Garganacl\n|-damage|p1a: Garganacl|69\/100\n|move|p1a: Garganacl|Iron Defense|p1a: Garganacl\n|-boost|p1a: Garganacl|def|2\n|\n|-heal|p2a: Clefable|100\/100|[from] move: Wish|[wisher] Clefable\n|-heal|p1a: Garganacl|75\/100|[from] item: Leftovers\n|upkeep\n|turn|20\n|\n|t:|1700459009\n|move|p2a: Clefable|Moonblast|p1a: Garganacl\n|-damage|p1a: Garganacl|56\/100\n|move|p1a: Garganacl|Recover|p1a: Garganacl\n|-heal|p1a: Garganacl|100\/100\n|\n|upkeep\n|turn|21\n|\n|t:|1700459018\n|switch|p2a: Ting-Lu|Ting-Lu|100\/100\n|-damage|p2a: Ting-Lu|94\/100|[from] Stealth Rock\n|-ability|p2a: Ting-Lu|Vessel of Ruin\n|move|p1a: Garganacl|Body Press|p2a: Ting-Lu\n|-supereffective|p2a: Ting-Lu\n|-damage|p2a: Ting-Lu|0 fnt\n|faint|p2a: Ting-Lu\n|\n|upkeep\n|\n|t:|1700459034\n|switch|p2a: Dragapult|Dragapult, F|57\/100\n|-damage|p2a: Dragapult|45\/100|[from] Stealth Rock\n|turn|22\n|\n|t:|1700459037\n|move|p2a: Dragapult|U-turn|p1a: Garganacl\n|-damage|p1a: Garganacl|97\/100\n|\n|t:|1700459040\n|switch|p2a: Clefable|Clefable, M|100\/100|[from] U-turn\n|move|p1a: Garganacl|Salt Cure|p2a: Clefable\n|-damage|p2a: Clefable|89\/100\n|-start|p2a: Clefable|Salt Cure\n|\n|-heal|p2a: Clefable|95\/100|[from] item: Leftovers\n|-heal|p1a: Garganacl|100\/100|[from] item: Leftovers\n|upkeep\n|turn|23\n|\n|t:|1700459044\n|move|p2a: Clefable|Wish|p2a: Clefable\n|move|p1a: Garganacl|Body Press|p2a: Clefable\n|-resisted|p2a: Clefable\n|-damage|p2a: Clefable|60\/100\n|\n|-heal|p2a: Clefable|66\/100|[from] item: Leftovers\n|upkeep\n|turn|24\n|\n|t:|1700459050\n|switch|p2a: Dragapult|Dragapult, F|45\/100\n|-damage|p2a: Dragapult|33\/100|[from] Stealth Rock\n|move|p1a: Garganacl|Salt Cure|p2a: Dragapult\n|-damage|p2a: Dragapult|14\/100\n|-start|p2a: Dragapult|Salt Cure\n|\n|-heal|p2a: Dragapult|76\/100|[from] move: Wish|[wisher] Clefable\n|-damage|p2a: Dragapult|64\/100|[from] Salt Cure\n|upkeep\n|turn|25\n|\n|t:|1700459058\n|switch|p1a: Rillaboom|Rillaboom, F|100\/100\n|-damage|p1a: Rillaboom|88\/100|[from] Spikes\n|-damage|p1a: Rillaboom|76\/100|[from] Stealth Rock\n|-fieldstart|move: Grassy Terrain|[from] ability: Grassy Surge|[of] p1a: Rillaboom\n|move|p2a: Dragapult|U-turn|p1a: Rillaboom\n|-supereffective|p1a: Rillaboom\n|-damage|p1a: Rillaboom|39\/100\n|\n|t:|1700459061\n|switch|p2a: Zapdos|Zapdos|100\/100|[from] U-turn\n|\n|-heal|p1a: Rillaboom|45\/100|[from] Grassy Terrain\n|upkeep\n|turn|26\n|\n|t:|1700459067\n|switch|p1a: Great Tusk|Great Tusk|100\/100\n|-damage|p1a: Great Tusk|88\/100|[from] Spikes\n|-damage|p1a: Great Tusk|85\/100|[from] Stealth Rock\n|move|p2a: Zapdos|Volt Switch|p1a: Great Tusk\n|-immune|p1a: Great Tusk\n|\n|-heal|p1a: Great Tusk|91\/100|[from] Grassy Terrain\n|-heal|p1a: Great Tusk|97\/100|[from] item: Leftovers\n|upkeep\n|turn|27\n|\n|t:|1700459074\n|-end|p1a: Great Tusk|Protosynthesis|[silent]\n|switch|p1a: Zapdos|Zapdos|100\/100\n|move|p2a: Zapdos|Hurricane|p1a: Zapdos\n|-resisted|p1a: Zapdos\n|-damage|p1a: Zapdos|77\/100\n|\n|upkeep\n|turn|28\n|\n|t:|1700459081\n|move|p2a: Zapdos|Volt Switch|p1a: Zapdos\n|-damage|p1a: Zapdos|47\/100\n|\n|t:|1700459084\n|switch|p2a: Slowking|Slowking-Galar, F|82\/100|[from] Volt Switch\n|-damage|p2a: Slowking|70\/100|[from] Stealth Rock\n|move|p1a: Zapdos|Hurricane|p2a: Slowking\n|-damage|p2a: Slowking|45\/100\n|\n|-heal|p2a: Slowking|51\/100|[from] Grassy Terrain\n|upkeep\n|turn|29\n|\n|t:|1700459090\n|move|p1a: Zapdos|Thunder Wave|p2a: Slowking\n|-status|p2a: Slowking|par\n|cant|p2a: Slowking|par\n|\n|-heal|p2a: Slowking|57\/100 par|[from] Grassy Terrain\n|-fieldend|move: Grassy Terrain\n|upkeep\n|turn|30\n|\n|t:|1700459094\n|move|p1a: Zapdos|Roost|p1a: Zapdos\n|-heal|p1a: Zapdos|97\/100\n|-singleturn|p1a: Zapdos|move: Roost\n|move|p2a: Slowking|Chilly Reception|p2a: Slowking\n|-weather|Snow\n|\n|t:|1700459104\n|switch|p2a: Zapdos|Zapdos|100\/100|[from] Chilly Reception\n|\n|-weather|Snow|[upkeep]\n|upkeep\n|turn|31\n|\n|t:|1700459108\n|move|p1a: Zapdos|Volt Switch|p2a: Zapdos\n|-damage|p2a: Zapdos|73\/100\n|\n|t:|1700459111\n|switch|p1a: Garganacl|Garganacl, F|100\/100|[from] Volt Switch\n|-damage|p1a: Garganacl|88\/100|[from] Spikes\n|-damage|p1a: Garganacl|75\/100|[from] Stealth Rock\n|move|p2a: Zapdos|Hurricane|p1a: Garganacl|[miss]\n|-miss|p2a: Zapdos|p1a: Garganacl\n|\n|-weather|Snow|[upkeep]\n|-heal|p1a: Garganacl|82\/100|[from] item: Leftovers\n|upkeep\n|turn|32\n|\n|t:|1700459118\n|move|p2a: Zapdos|Volt Switch|p1a: Garganacl\n|-damage|p1a: Garganacl|63\/100\n|\n|t:|1700459121\n|switch|p2a: Crawdaunt|Crawdaunt, F|100\/100|[from] Volt Switch\n|move|p1a: Garganacl|Salt Cure|p2a: Crawdaunt\n|-damage|p2a: Crawdaunt|79\/100\n|-start|p2a: Crawdaunt|Salt Cure\n|\n|-weather|Snow|[upkeep]\n|-heal|p1a: Garganacl|69\/100|[from] item: Leftovers\n|-damage|p2a: Crawdaunt|54\/100|[from] Salt Cure\n|upkeep\n|turn|33\n|\n|t:|1700459130\n|switch|p1a: Walking Wake|Walking Wake|100\/100 par\n|move|p2a: Crawdaunt|Crabhammer|p1a: Walking Wake|[miss]\n|-miss|p2a: Crawdaunt|p1a: Walking Wake\n|\n|-weather|Snow|[upkeep]\n|-damage|p2a: Crawdaunt|30\/100|[from] Salt Cure\n|upkeep\n|turn|34\n|\n|t:|1700459138\n|switch|p2a: Clefable|Clefable, M|66\/100\n|move|p1a: Walking Wake|Flip Turn|p2a: Clefable\n|-damage|p2a: Clefable|54\/100\n|\n|t:|1700459144\n|-end|p1a: Walking Wake|Protosynthesis|[silent]\n|switch|p1a: Rillaboom|Rillaboom, F|45\/100|[from] Flip Turn\n|-damage|p1a: Rillaboom|32\/100|[from] Spikes\n|-damage|p1a: Rillaboom|20\/100|[from] Stealth Rock\n|-fieldstart|move: Grassy Terrain|[from] ability: Grassy Surge|[of] p1a: Rillaboom\n|\n|-weather|none\n|-heal|p1a: Rillaboom|26\/100|[from] Grassy Terrain\n|-heal|p2a: Clefable|60\/100|[from] Grassy Terrain\n|-heal|p2a: Clefable|66\/100|[from] item: Leftovers\n|upkeep\n|turn|35\n|\n|t:|1700459152\n|-terastallize|p1a: Rillaboom|Grass\n|move|p2a: Clefable|Protect|p2a: Clefable\n|-singleturn|p2a: Clefable|Protect\n|move|p1a: Rillaboom|Wood Hammer|p2a: Clefable\n|-activate|p2a: Clefable|move: Protect\n|\n|-heal|p1a: Rillaboom|32\/100|[from] Grassy Terrain\n|-heal|p2a: Clefable|72\/100|[from] Grassy Terrain\n|-heal|p2a: Clefable|78\/100|[from] item: Leftovers\n|upkeep\n|turn|36\n|\n|t:|1700459160\n|switch|p2a: Zapdos|Zapdos|73\/100\n|move|p1a: Rillaboom|Wood Hammer|p2a: Zapdos\n|-resisted|p2a: Zapdos\n|-damage|p2a: Zapdos|0 fnt\n|faint|p2a: Zapdos\n|-damage|p1a: Rillaboom|5\/100|[from] Recoil\n|\n|-heal|p1a: Rillaboom|12\/100|[from] Grassy Terrain\n|upkeep\n|\n|t:|1700459163\n|switch|p2a: Dragapult|Dragapult, F|64\/100\n|-damage|p2a: Dragapult|51\/100|[from] Stealth Rock\n|turn|37\n|\n|t:|1700459168\n|switch|p1a: Garganacl|Garganacl, F|69\/100\n|-damage|p1a: Garganacl|57\/100|[from] Spikes\n|-damage|p1a: Garganacl|44\/100|[from] Stealth Rock\n|move|p2a: Dragapult|U-turn|p1a: Garganacl\n|-damage|p1a: Garganacl|33\/100\n|\n|t:|1700459175\n|switch|p2a: Crawdaunt|Crawdaunt, F|30\/100|[from] U-turn\n|\n|-heal|p2a: Crawdaunt|36\/100|[from] Grassy Terrain\n|-heal|p1a: Garganacl|39\/100|[from] Grassy Terrain\n|-heal|p1a: Garganacl|45\/100|[from] item: Leftovers\n|upkeep\n|turn|38\n|\n|t:|1700459179\n|move|p2a: Crawdaunt|Knock Off|p1a: Garganacl\n|-damage|p1a: Garganacl|0 fnt\n|-enditem|p1a: Garganacl|Leftovers|[from] move: Knock Off|[of] p2a: Crawdaunt\n|faint|p1a: Garganacl\n|\n|-heal|p2a: Crawdaunt|42\/100|[from] Grassy Terrain\n|-fieldend|move: Grassy Terrain\n|upkeep\n|\n|t:|1700459187\n|switch|p1a: Zapdos|Zapdos|97\/100\n|turn|39\n|\n|t:|1700459190\n|switch|p2a: Slowking|Slowking-Galar, F|90\/100 par\n|-damage|p2a: Slowking|78\/100 par|[from] Stealth Rock\n|move|p1a: Zapdos|Volt Switch|p2a: Slowking\n|-damage|p2a: Slowking|62\/100 par\n|\n|t:|1700459193\n|switch|p1a: Great Tusk|Great Tusk|97\/100|[from] Volt Switch\n|-damage|p1a: Great Tusk|85\/100|[from] Spikes\n|-damage|p1a: Great Tusk|82\/100|[from] Stealth Rock\n|\n|-heal|p1a: Great Tusk|88\/100|[from] item: Leftovers\n|upkeep\n|turn|40\n|\n|t:|1700459200\n|switch|p2a: Clefable|Clefable, M|78\/100\n|move|p1a: Great Tusk|Headlong Rush|p2a: Clefable\n|-damage|p2a: Clefable|41\/100\n|-unboost|p1a: Great Tusk|def|1\n|-unboost|p1a: Great Tusk|spd|1\n|\n|-heal|p1a: Great Tusk|94\/100|[from] item: Leftovers\n|-heal|p2a: Clefable|47\/100|[from] item: Leftovers\n|upkeep\n|turn|41\n|\n|t:|1700459207\n|move|p1a: Great Tusk|Rapid Spin|p2a: Clefable\n|-damage|p2a: Clefable|35\/100\n|-boost|p1a: Great Tusk|spe|1\n|-sideend|p1: Rand_Zorua|Spikes|[from] move: Rapid Spin|[of] p1a: Great Tusk\n|-sideend|p1: Rand_Zorua|Stealth Rock|[from] move: Rapid Spin|[of] p1a: Great Tusk\n|move|p2a: Clefable|Wish|p2a: Clefable\n|\n|-heal|p1a: Great Tusk|100\/100|[from] item: Leftovers\n|-heal|p2a: Clefable|41\/100|[from] item: Leftovers\n|upkeep\n|turn|42\n|\n|t:|1700459214\n|-end|p1a: Great Tusk|Protosynthesis|[silent]\n|switch|p1a: Zapdos|Zapdos|97\/100\n|move|p2a: Clefable|Protect||[still]\n|-fail|p2a: Clefable\n|\n|-heal|p2a: Clefable|91\/100|[from] move: Wish|[wisher] Clefable\n|-heal|p2a: Clefable|97\/100|[from] item: Leftovers\n|upkeep\n|turn|43\n|\n|t:|1700459217\n|move|p1a: Zapdos|Thunder Wave|p2a: Clefable\n|-status|p2a: Clefable|par\n|move|p2a: Clefable|Stealth Rock|p1a: Zapdos\n|-sidestart|p1: Rand_Zorua|move: Stealth Rock\n|\n|-heal|p2a: Clefable|100\/100 par|[from] item: Leftovers\n|upkeep\n|turn|44\n|\n|t:|1700459221\n|move|p1a: Zapdos|Hurricane|p2a: Clefable\n|-damage|p2a: Clefable|60\/100 par\n|-start|p2a: Clefable|confusion\n|-activate|p2a: Clefable|confusion\n|-damage|p2a: Clefable|55\/100 par|[from] confusion\n|\n|-heal|p2a: Clefable|61\/100 par|[from] item: Leftovers\n|upkeep\n|turn|45\n|\n|t:|1700459228\n|switch|p2a: Slowking|Slowking-Galar, F|95\/100 par\n|-damage|p2a: Slowking|83\/100 par|[from] Stealth Rock\n|move|p1a: Zapdos|Hurricane|p2a: Slowking|[miss]\n|-miss|p1a: Zapdos|p2a: Slowking\n|\n|upkeep\n|turn|46\n|\n|t:|1700459233\n|move|p1a: Zapdos|Volt Switch|p2a: Slowking\n|-damage|p2a: Slowking|64\/100 par\n|\n|t:|1700459235\n|switch|p1a: Great Tusk|Great Tusk|100\/100|[from] Volt Switch\n|-damage|p1a: Great Tusk|97\/100|[from] Stealth Rock\n|move|p2a: Slowking|Chilly Reception|p2a: Slowking\n|-weather|Snow\n|\n|t:|1700459242\n|switch|p2a: Dragapult|Dragapult, F|51\/100|[from] Chilly Reception\n|-damage|p2a: Dragapult|39\/100|[from] Stealth Rock\n|\n|-weather|Snow|[upkeep]\n|-heal|p1a: Great Tusk|100\/100|[from] item: Leftovers\n|upkeep\n|turn|47\n|\n|t:|1700459251\n|-end|p1a: Great Tusk|Protosynthesis|[silent]\n|switch|p1a: Zapdos|Zapdos|97\/100\n|move|p2a: Dragapult|Draco Meteor|p1a: Zapdos\n|-damage|p1a: Zapdos|14\/100\n|-unboost|p2a: Dragapult|spa|2\n|\n|-weather|Snow|[upkeep]\n|upkeep\n|turn|48\n|\n|t:|1700459260\n|move|p2a: Dragapult|Draco Meteor|p1a: Zapdos\n|-damage|p1a: Zapdos|0 fnt\n|-unboost|p2a: Dragapult|spa|2\n|faint|p1a: Zapdos\n|\n|-weather|Snow|[upkeep]\n|upkeep\n|\n|t:|1700459262\n|switch|p1a: Great Tusk|Great Tusk|100\/100\n|-damage|p1a: Great Tusk|97\/100|[from] Stealth Rock\n|turn|49\n|\n|t:|1700459273\n|switch|p2a: Clefable|Clefable, M|61\/100 par\n|move|p1a: Great Tusk|Rapid Spin|p2a: Clefable\n|-damage|p2a: Clefable|51\/100 par\n|-boost|p1a: Great Tusk|spe|1\n|-sideend|p1: Rand_Zorua|Stealth Rock|[from] move: Rapid Spin|[of] p1a: Great Tusk\n|\n|-weather|Snow|[upkeep]\n|-heal|p1a: Great Tusk|100\/100|[from] item: Leftovers\n|-heal|p2a: Clefable|57\/100 par|[from] item: Leftovers\n|upkeep\n|turn|50\n|\n|t:|1700459275\n|move|p1a: Great Tusk|Bulk Up|p1a: Great Tusk\n|-boost|p1a: Great Tusk|atk|1\n|-boost|p1a: Great Tusk|def|1\n|move|p2a: Clefable|Wish|p2a: Clefable\n|\n|-weather|none\n|-heal|p2a: Clefable|63\/100 par|[from] item: Leftovers\n|upkeep\n|turn|51\n|\n|t:|1700459281\n|move|p1a: Great Tusk|Headlong Rush|p2a: Clefable\n|-damage|p2a: Clefable|7\/100 par\n|-unboost|p1a: Great Tusk|def|1\n|-unboost|p1a: Great Tusk|spd|1\n|move|p2a: Clefable|Moonblast|p1a: Great Tusk\n|-supereffective|p1a: Great Tusk\n|-damage|p1a: Great Tusk|0 fnt\n|faint|p1a: Great Tusk\n|-end|p1a: Great Tusk|Protosynthesis|[silent]\n|\n|-heal|p2a: Clefable|57\/100 par|[from] move: Wish|[wisher] Clefable\n|-heal|p2a: Clefable|63\/100 par|[from] item: Leftovers\n|upkeep\n|\n|t:|1700459295\n|switch|p1a: Rillaboom|Rillaboom, F, tera:Grass|12\/100\n|-fieldstart|move: Grassy Terrain|[from] ability: Grassy Surge|[of] p1a: Rillaboom\n|turn|52\n|\n|t:|1700459300\n|move|p2a: Clefable|Protect|p2a: Clefable\n|-singleturn|p2a: Clefable|Protect\n|move|p1a: Rillaboom|Grassy Glide|p2a: Clefable\n|-activate|p2a: Clefable|move: Protect\n|\n|-heal|p1a: Rillaboom|18\/100|[from] Grassy Terrain\n|-heal|p2a: Clefable|70\/100 par|[from] Grassy Terrain\n|-heal|p2a: Clefable|76\/100 par|[from] item: Leftovers\n|upkeep\n|turn|53\n|j| supa fye kye\n|\n|t:|1700459304\n|move|p1a: Rillaboom|Grassy Glide|p2a: Clefable\n|-damage|p2a: Clefable|19\/100 par\n|cant|p2a: Clefable|par\n|\n|-heal|p1a: Rillaboom|24\/100|[from] Grassy Terrain\n|-heal|p2a: Clefable|25\/100 par|[from] Grassy Terrain\n|-heal|p2a: Clefable|31\/100 par|[from] item: Leftovers\n|upkeep\n|turn|54\n|\n|t:|1700459308\n|move|p1a: Rillaboom|Grassy Glide|p2a: Clefable\n|-damage|p2a: Clefable|0 fnt\n|faint|p2a: Clefable\n|\n|-heal|p1a: Rillaboom|30\/100|[from] Grassy Terrain\n|upkeep\n|\n|t:|1700459316\n|switch|p2a: Slowking|Slowking-Galar, F|98\/100 par\n|-damage|p2a: Slowking|85\/100 par|[from] Stealth Rock\n|turn|55\n|\n|t:|1700459318\n|switch|p1a: Walking Wake|Walking Wake|100\/100 par\n|move|p2a: Slowking|Sludge Bomb|p1a: Walking Wake\n|-damage|p1a: Walking Wake|61\/100 par\n|\n|-heal|p1a: Walking Wake|67\/100 par|[from] Grassy Terrain\n|-heal|p2a: Slowking|91\/100 par|[from] Grassy Terrain\n|upkeep\n|turn|56\n|\n|t:|1700459325\n|move|p1a: Walking Wake|Scald|p2a: Slowking\n|-damage|p2a: Slowking|67\/100 par\n|move|p2a: Slowking|Chilly Reception|p2a: Slowking\n|-weather|Snow\n|\n|t:|1700459329\n|switch|p2a: Dragapult|Dragapult, F|39\/100|[from] Chilly Reception\n|-damage|p2a: Dragapult|27\/100|[from] Stealth Rock\n|\n|-weather|Snow|[upkeep]\n|-heal|p2a: Dragapult|33\/100|[from] Grassy Terrain\n|-heal|p1a: Walking Wake|73\/100 par|[from] Grassy Terrain\n|-fieldend|move: Grassy Terrain\n|upkeep\n|turn|57\n|\n|t:|1700459335\n|move|p2a: Dragapult|Draco Meteor|p1a: Walking Wake\n|-supereffective|p1a: Walking Wake\n|-damage|p1a: Walking Wake|0 fnt\n|-unboost|p2a: Dragapult|spa|2\n|faint|p1a: Walking Wake\n|-end|p1a: Walking Wake|Protosynthesis|[silent]\n|\n|-weather|Snow|[upkeep]\n|upkeep\n|\n|t:|1700459337\n|switch|p1a: Rillaboom|Rillaboom, F, tera:Grass|30\/100\n|-fieldstart|move: Grassy Terrain|[from] ability: Grassy Surge|[of] p1a: Rillaboom\n|turn|58\n|\n|t:|1700459339\n|move|p1a: Rillaboom|Grassy Glide|p2a: Dragapult\n|-resisted|p2a: Dragapult\n|-damage|p2a: Dragapult|0 fnt\n|faint|p2a: Dragapult\n|\n|-weather|Snow|[upkeep]\n|-heal|p1a: Rillaboom|36\/100|[from] Grassy Terrain\n|upkeep\n|\n|t:|1700459342\n|switch|p2a: Slowking|Slowking-Galar, F|99\/100 par\n|-damage|p2a: Slowking|88\/100 par|[from] Stealth Rock\n|turn|59\n|\n|t:|1700459344\n|move|p1a: Rillaboom|Grassy Glide|p2a: Slowking\n|-resisted|p2a: Slowking\n|-crit|p2a: Slowking\n|-damage|p2a: Slowking|23\/100 par\n|move|p2a: Slowking|Sludge Bomb|p1a: Rillaboom\n|-supereffective|p1a: Rillaboom\n|-damage|p1a: Rillaboom|0 fnt\n|faint|p1a: Rillaboom\n|\n|win|lord denominator\n|raw|Rand_Zorua's rating: 1700 &rarr; <strong>1676<\/strong><br \/>(-24 for losing)\n|raw|lord denominator's rating: 1623 &rarr; <strong>1647<\/strong><br \/>(+24 for winning)\n","uploadtime":1700459348,"views":35,"p1id":"randzorua","p2id":"lorddenominator","formatid":"gen9ou","rating":1647,"private":0,"password":""}