{"id":"gen9ou-1992521287","p1":"grass knot zygarde","p2":"pokpp","format":"[Gen 9] OU","log":"|j|\u2606grass knot zygarde\n|j|\u2606pokpp\n|t:|1700198871\n|gametype|singles\n|player|p1|grass knot zygarde|dawn|1531\n|player|p2|pokpp|grimsley|1522\n|teamsize|p1|6\n|teamsize|p2|6\n|gen|9\n|tier|[Gen 9] OU\n|rated|\n|rule|Sleep Clause Mod: Limit one foe put to sleep\n|rule|Species Clause: Limit one of each Pok\u00e9mon\n|rule|OHKO Clause: OHKO moves are banned\n|rule|Evasion Items Clause: Evasion items are banned\n|rule|Evasion Moves Clause: Evasion moves are banned\n|rule|Endless Battle Clause: Forcing endless battles is banned\n|rule|HP Percentage Mod: HP is shown in percentages\n|clearpoke\n|poke|p1|Ting-Lu|\n|poke|p1|Gholdengo|\n|poke|p1|Toxapex, F|\n|poke|p1|Dragonite, M|\n|poke|p1|Iron Valiant|\n|poke|p1|Great Tusk|\n|poke|p2|Iron Valiant|\n|poke|p2|Great Tusk|\n|poke|p2|Dragapult, M|\n|poke|p2|Heatran, F|\n|poke|p2|Ogerpon, F|\n|poke|p2|Cinderace, M|\n|teampreview\n|inactive|Battle timer is ON: inactive players will automatically lose when time's up. (requested by grass knot zygarde)\n|inactive|pokpp also wants the timer to be on.\n|\n|t:|1700198883\n|start\n|switch|p1a: television|Iron Valiant, shiny|100\/100\n|switch|p2a: Cinderace|Cinderace, M|100\/100\n|turn|1\n|\n|t:|1700198891\n|move|p2a: Cinderace|Pyro Ball|p1a: television\n|-damage|p1a: television|0 fnt\n|faint|p1a: television\n|-end|p1a: television|Quark Drive|[silent]\n|\n|upkeep\n|\n|t:|1700198904\n|switch|p1a: toothbrush|Great Tusk, shiny|100\/100\n|-enditem|p1a: toothbrush|Booster Energy\n|-activate|p1a: toothbrush|ability: Protosynthesis|[fromitem]\n|-start|p1a: toothbrush|protosynthesisspe\n|turn|2\n|\n|t:|1700198917\n|switch|p2a: Iron Valiant|Iron Valiant|100\/100\n|-enditem|p2a: Iron Valiant|Booster Energy\n|-activate|p2a: Iron Valiant|ability: Quark Drive|[fromitem]\n|-start|p2a: Iron Valiant|quarkdrivespe\n|move|p1a: toothbrush|Bulk Up|p1a: toothbrush\n|-boost|p1a: toothbrush|atk|1\n|-boost|p1a: toothbrush|def|1\n|\n|upkeep\n|turn|3\n|\n|t:|1700198926\n|-terastallize|p1a: toothbrush|Poison\n|move|p2a: Iron Valiant|Spirit Break|p1a: toothbrush\n|-resisted|p1a: toothbrush\n|-damage|p1a: toothbrush|93\/100\n|-unboost|p1a: toothbrush|spa|1\n|move|p1a: toothbrush|Rapid Spin|p2a: Iron Valiant\n|-damage|p2a: Iron Valiant|72\/100\n|-boost|p1a: toothbrush|spe|1\n|\n|upkeep\n|turn|4\n|\n|t:|1700198942\n|move|p1a: toothbrush|Bulk Up|p1a: toothbrush\n|-boost|p1a: toothbrush|atk|1\n|-boost|p1a: toothbrush|def|1\n|move|p2a: Iron Valiant|Swords Dance|p2a: Iron Valiant\n|-boost|p2a: Iron Valiant|atk|2\n|\n|upkeep\n|turn|5\n|\n|t:|1700198945\n|move|p1a: toothbrush|Headlong Rush|p2a: Iron Valiant\n|-damage|p2a: Iron Valiant|0 fnt\n|-unboost|p1a: toothbrush|def|1\n|-unboost|p1a: toothbrush|spd|1\n|faint|p2a: Iron Valiant\n|-end|p2a: Iron Valiant|Quark Drive|[silent]\n|\n|upkeep\n|\n|t:|1700198949\n|switch|p2a: Great Tusk|Great Tusk|100\/100\n|turn|6\n|j| Thane_of_E\n|\n|t:|1700198955\n|move|p1a: toothbrush|Ice Spinner|p2a: Great Tusk\n|-supereffective|p2a: Great Tusk\n|-damage|p2a: Great Tusk|39\/100\n|move|p2a: Great Tusk|Bulk Up|p2a: Great Tusk\n|-boost|p2a: Great Tusk|atk|1\n|-boost|p2a: Great Tusk|def|1\n|\n|upkeep\n|turn|7\n|\n|t:|1700198964\n|-terastallize|p2a: Great Tusk|Steel\n|move|p1a: toothbrush|Headlong Rush|p2a: Great Tusk\n|-supereffective|p2a: Great Tusk\n|-damage|p2a: Great Tusk|0 fnt\n|-unboost|p1a: toothbrush|def|1\n|-unboost|p1a: toothbrush|spd|1\n|faint|p2a: Great Tusk\n|-end|p2a: Great Tusk|Protosynthesis|[silent]\n|\n|upkeep\n|\n|t:|1700198976\n|switch|p2a: Cinderace|Cinderace, M|100\/100\n|turn|8\n|-message|pokpp forfeited.\n|\n|win|grass knot zygarde\n|raw|grass knot zygarde's rating: 1531 &rarr; <strong>1550<\/strong><br \/>(+19 for winning)\n|raw|pokpp's rating: 1522 &rarr; <strong>1503<\/strong><br \/>(-19 for losing)\n|l|\u2606pokpp\n","uploadtime":1700198988,"views":7,"p1id":"grassknotzygarde","p2id":"pokpp","formatid":"gen9ou","rating":1503,"private":0,"password":""}