{"id":"gen9ou-1988874723","p1":"Bobem","p2":"ladymonitaishere","format":"[Gen 9] OU","log":"|j|\u2606Bobem\n|j|\u2606ladymonitaishere\n|inactive|Battle timer is ON: inactive players will automatically lose when time's up.\n|t:|1699778762\n|gametype|singles\n|player|p1|Bobem|steven|\n|player|p2|ladymonitaishere|sada-ai|\n|teamsize|p1|4\n|teamsize|p2|4\n|gen|9\n|tier|[Gen 9] OU\n|rated|Tournament battle\n|rule|Sleep Clause Mod: Limit one foe put to sleep\n|rule|Species Clause: Limit one of each Pok\u00e9mon\n|rule|OHKO Clause: OHKO moves are banned\n|rule|Evasion Items Clause: Evasion items are banned\n|rule|Evasion Moves Clause: Evasion moves are banned\n|rule|Endless Battle Clause: Forcing endless battles is banned\n|rule|HP Percentage Mod: HP is shown in percentages\n|clearpoke\n|poke|p1|Eelektrik, M|\n|poke|p1|Masquerain, F|\n|poke|p1|Drowzee, F|\n|poke|p1|Dusclops, F|\n|poke|p2|Chansey, F|\n|poke|p2|Piplup, F|\n|poke|p2|Dragalge, M|\n|poke|p2|Meowscarada, M|\n|teampreview\n|j|*Lady Monita \u2746\n|inactive|Bobem also wants the timer to be on.\n|c|\u2606ladymonitaishere|glhf\n|\n|t:|1699778771\n|start\n|switch|p1a: Mountain|Masquerain, F|100\/100\n|switch|p2a: Chansey|Chansey, F|100\/100\n|-ability|p1a: Mountain|Intimidate|boost\n|-unboost|p2a: Chansey|atk|1\n|turn|1\n|\n|t:|1699778778\n|switch|p1a: Ross|Eelektrik, M|100\/100\n|move|p2a: Chansey|Thunder Wave|p1a: Ross\n|-immune|p1a: Ross\n|\n|upkeep\n|turn|2\n|\n|t:|1699778782\n|move|p2a: Chansey|Seismic Toss|p1a: Ross\n|-damage|p1a: Ross|71\/100\n|move|p1a: Ross|Coil|p1a: Ross\n|-boost|p1a: Ross|atk|1\n|-boost|p1a: Ross|def|1\n|-boost|p1a: Ross|accuracy|1\n|\n|upkeep\n|turn|3\n|\n|t:|1699778788\n|move|p2a: Chansey|Seismic Toss|p1a: Ross\n|-damage|p1a: Ross|41\/100\n|move|p1a: Ross|Knock Off|p2a: Chansey\n|-damage|p2a: Chansey|76\/100\n|-enditem|p2a: Chansey|Eviolite|[from] move: Knock Off|[of] p1a: Ross\n|\n|upkeep\n|turn|4\n|\n|t:|1699778795\n|move|p2a: Chansey|Seismic Toss|p1a: Ross\n|-damage|p1a: Ross|11\/100\n|move|p1a: Ross|Rest|p1a: Ross\n|-status|p1a: Ross|slp|[from] move: Rest\n|-heal|p1a: Ross|100\/100 slp|[silent]\n|\n|upkeep\n|turn|5\n|\n|t:|1699778801\n|switch|p2a: Dragalge|Dragalge, M|100\/100\n|cant|p1a: Ross|slp\n|\n|upkeep\n|turn|6\n|\n|t:|1699778807\n|switch|p1a: Drowzee|Drowzee, F|100\/100\n|-activate|p1a: Drowzee|ability: Forewarn|Draco Meteor|[of] p2a: Dragalge\n|move|p2a: Dragalge|Draco Meteor|p1a: Drowzee\n|-damage|p1a: Drowzee|39\/100\n|-unboost|p2a: Dragalge|spa|2\n|\n|upkeep\n|turn|7\n|\n|t:|1699778815\n|switch|p2a: Meowscarada|Meowscarada, M|100\/100\n|move|p1a: Drowzee|Toxic|p2a: Meowscarada\n|-status|p2a: Meowscarada|tox\n|\n|-damage|p2a: Meowscarada|94\/100 tox|[from] psn\n|upkeep\n|turn|8\n|\n|t:|1699778820\n|move|p1a: Drowzee|Protect|p1a: Drowzee\n|-singleturn|p1a: Drowzee|Protect\n|move|p2a: Meowscarada|Knock Off|p1a: Drowzee\n|-start|p2a: Meowscarada|typechange|Dark|[from] ability: Protean\n|-activate|p1a: Drowzee|move: Protect\n|\n|-damage|p2a: Meowscarada|82\/100 tox|[from] psn\n|upkeep\n|turn|9\n|\n|t:|1699778826\n|switch|p1a: Mountain|Masquerain, F|100\/100\n|-ability|p1a: Mountain|Intimidate|boost\n|-unboost|p2a: Meowscarada|atk|1\n|move|p2a: Meowscarada|Knock Off|p1a: Mountain\n|-damage|p1a: Mountain|28\/100\n|-enditem|p1a: Mountain|Focus Sash|[from] move: Knock Off|[of] p2a: Meowscarada\n|-damage|p2a: Meowscarada|72\/100 tox|[from] item: Life Orb\n|\n|-damage|p2a: Meowscarada|54\/100 tox|[from] psn\n|upkeep\n|turn|10\n|\n|t:|1699778834\n|move|p2a: Meowscarada|Play Rough|p1a: Mountain|[miss]\n|-miss|p2a: Meowscarada|p1a: Mountain\n|move|p1a: Mountain|Quiver Dance|p1a: Mountain\n|-boost|p1a: Mountain|spa|1\n|-boost|p1a: Mountain|spd|1\n|-boost|p1a: Mountain|spe|1\n|\n|-damage|p2a: Meowscarada|29\/100 tox|[from] psn\n|upkeep\n|turn|11\n|\n|t:|1699778841\n|move|p2a: Meowscarada|Sucker Punch|p1a: Mountain\n|-damage|p1a: Mountain|0 fnt\n|faint|p1a: Mountain\n|-damage|p2a: Meowscarada|19\/100 tox|[from] item: Life Orb\n|\n|-damage|p2a: Meowscarada|0 fnt|[from] psn\n|faint|p2a: Meowscarada\n|upkeep\n|\n|t:|1699778850\n|switch|p2a: Chansey|Chansey, F|76\/100\n|switch|p1a: Dusclops|Dusclops, F|100\/100\n|-ability|p1a: Dusclops|Pressure\n|turn|12\n|\n|t:|1699778856\n|move|p1a: Dusclops|Protect|p1a: Dusclops\n|-singleturn|p1a: Dusclops|Protect\n|move|p2a: Chansey|Thunder Wave|p1a: Dusclops\n|-activate|p1a: Dusclops|move: Protect\n|\n|upkeep\n|turn|13\n|\n|t:|1699778863\n|switch|p1a: Ross|Eelektrik, M|100\/100 slp\n|move|p2a: Chansey|Soft-Boiled|p2a: Chansey\n|-heal|p2a: Chansey|100\/100\n|\n|upkeep\n|turn|14\n|\n|t:|1699778867\n|switch|p2a: Dragalge|Dragalge, M|100\/100\n|cant|p1a: Ross|slp\n|\n|upkeep\n|turn|15\n|j| pogchimp970314\n|\n|t:|1699778873\n|move|p2a: Dragalge|Draco Meteor|p1a: Ross\n|-damage|p1a: Ross|0 fnt\n|-unboost|p2a: Dragalge|spa|2\n|faint|p1a: Ross\n|\n|upkeep\n|\n|t:|1699778878\n|switch|p1a: Drowzee|Drowzee, F|39\/100\n|-activate|p1a: Drowzee|ability: Forewarn|Draco Meteor|[of] p2a: Dragalge\n|turn|16\n|l| pogchimp970314\n|\n|t:|1699778883\n|switch|p2a: Piplup|Piplup, F|100\/100\n|move|p1a: Drowzee|Rest|p1a: Drowzee\n|-status|p1a: Drowzee|slp|[from] move: Rest\n|-heal|p1a: Drowzee|100\/100 slp|[silent]\n|\n|upkeep\n|turn|17\n|\n|t:|1699778891\n|cant|p1a: Drowzee|slp\n|move|p2a: Piplup|Hydro Pump|p1a: Drowzee\n|-damage|p1a: Drowzee|80\/100 slp\n|\n|upkeep\n|turn|18\n|\n|t:|1699778901\n|cant|p1a: Drowzee|slp\n|move|p2a: Piplup|Hydro Pump|p1a: Drowzee\n|-damage|p1a: Drowzee|58\/100 slp\n|\n|upkeep\n|turn|19\n|\n|t:|1699778908\n|-curestatus|p1a: Drowzee|slp|[msg]\n|move|p1a: Drowzee|Toxic|p2a: Piplup\n|-status|p2a: Piplup|tox\n|move|p2a: Piplup|Hydro Pump|p1a: Drowzee\n|-damage|p1a: Drowzee|37\/100\n|\n|-damage|p2a: Piplup|94\/100 tox|[from] psn\n|upkeep\n|turn|20\n|\n|t:|1699778915\n|move|p1a: Drowzee|Rest|p1a: Drowzee\n|-status|p1a: Drowzee|slp|[from] move: Rest\n|-heal|p1a: Drowzee|100\/100 slp|[silent]\n|move|p2a: Piplup|Hydro Pump|p1a: Drowzee\n|-damage|p1a: Drowzee|81\/100 slp\n|\n|-damage|p2a: Piplup|82\/100 tox|[from] psn\n|upkeep\n|turn|21\n|\n|t:|1699778919\n|switch|p2a: Dragalge|Dragalge, M|100\/100\n|cant|p1a: Drowzee|slp\n|\n|upkeep\n|turn|22\n|\n|t:|1699778925\n|cant|p1a: Drowzee|slp\n|move|p2a: Dragalge|Sludge Bomb|p1a: Drowzee\n|-damage|p1a: Drowzee|36\/100 slp\n|\n|upkeep\n|turn|23\n|\n|t:|1699778931\n|-curestatus|p1a: Drowzee|slp|[msg]\n|move|p1a: Drowzee|Protect|p1a: Drowzee\n|-singleturn|p1a: Drowzee|Protect\n|move|p2a: Dragalge|Sludge Bomb|p1a: Drowzee\n|-activate|p1a: Drowzee|move: Protect\n|\n|upkeep\n|turn|24\n|\n|t:|1699778935\n|move|p2a: Dragalge|Sludge Bomb|p1a: Drowzee\n|-damage|p1a: Drowzee|0 fnt\n|faint|p1a: Drowzee\n|\n|upkeep\n|\n|t:|1699778937\n|switch|p1a: Dusclops|Dusclops, F|100\/100\n|-ability|p1a: Dusclops|Pressure\n|turn|25\n|\n|t:|1699778940\n|switch|p2a: Chansey|Chansey, F|100\/100\n|move|p1a: Dusclops|Pain Split|p2a: Chansey\n|-sethp|p2a: Chansey|71\/100|[from] move: Pain Split|[silent]\n|-sethp|p1a: Dusclops|100\/100|[from] move: Pain Split\n|\n|upkeep\n|turn|26\n|\n|t:|1699778944\n|move|p2a: Chansey|Thunder Wave|p1a: Dusclops\n|-status|p1a: Dusclops|par\n|move|p1a: Dusclops|Will-O-Wisp|p2a: Chansey\n|-status|p2a: Chansey|brn\n|\n|-damage|p2a: Chansey|64\/100 brn|[from] brn\n|upkeep\n|turn|27\n|\n|t:|1699778949\n|move|p2a: Chansey|Soft-Boiled|p2a: Chansey\n|-heal|p2a: Chansey|100\/100 brn\n|move|p1a: Dusclops|Pain Split|p2a: Chansey\n|-sethp|p2a: Chansey|71\/100 brn|[from] move: Pain Split|[silent]\n|-sethp|p1a: Dusclops|100\/100 par|[from] move: Pain Split\n|\n|-damage|p2a: Chansey|64\/100 brn|[from] brn\n|upkeep\n|turn|28\n|\n|t:|1699778953\n|move|p2a: Chansey|Shadow Ball|p1a: Dusclops\n|-supereffective|p1a: Dusclops\n|-damage|p1a: Dusclops|85\/100 par\n|move|p1a: Dusclops|Pain Split|p2a: Chansey\n|-sethp|p2a: Chansey|50\/100 brn|[from] move: Pain Split|[silent]\n|-sethp|p1a: Dusclops|100\/100 par|[from] move: Pain Split\n|\n|-damage|p2a: Chansey|43\/100 brn|[from] brn\n|upkeep\n|turn|29\n|\n|t:|1699778960\n|move|p2a: Chansey|Soft-Boiled|p2a: Chansey\n|-heal|p2a: Chansey|93\/100 brn\n|move|p1a: Dusclops|Pain Split|p2a: Chansey\n|-sethp|p2a: Chansey|67\/100 brn|[from] move: Pain Split|[silent]\n|-sethp|p1a: Dusclops|100\/100 par|[from] move: Pain Split\n|\n|-damage|p2a: Chansey|61\/100 brn|[from] brn\n|upkeep\n|turn|30\n|\n|t:|1699778965\n|switch|p2a: Piplup|Piplup, F|82\/100 tox\n|move|p1a: Dusclops|Pain Split|p2a: Piplup\n|-sethp|p2a: Piplup|87\/100 tox|[from] move: Pain Split|[silent]\n|-sethp|p1a: Dusclops|95\/100 par|[from] move: Pain Split\n|\n|-damage|p2a: Piplup|81\/100 tox|[from] psn\n|upkeep\n|turn|31\n|\n|t:|1699778969\n|move|p1a: Dusclops|Protect|p1a: Dusclops\n|-singleturn|p1a: Dusclops|Protect\n|move|p2a: Piplup|Hydro Pump|p1a: Dusclops\n|-activate|p1a: Dusclops|move: Protect\n|\n|-damage|p2a: Piplup|69\/100 tox|[from] psn\n|upkeep\n|turn|32\n|\n|t:|1699778975\n|move|p2a: Piplup|Hydro Pump|p1a: Dusclops\n|-damage|p1a: Dusclops|60\/100 par\n|cant|p1a: Dusclops|par\n|\n|-damage|p2a: Piplup|50\/100 tox|[from] psn\n|upkeep\n|turn|33\n|\n|t:|1699778981\n|move|p1a: Dusclops|Protect|p1a: Dusclops\n|-singleturn|p1a: Dusclops|Protect\n|move|p2a: Piplup|Ice Beam|p1a: Dusclops\n|-activate|p1a: Dusclops|move: Protect\n|\n|-damage|p2a: Piplup|26\/100 tox|[from] psn\n|upkeep\n|turn|34\n|\n|t:|1699778985\n|move|p2a: Piplup|Ice Beam|p1a: Dusclops\n|-damage|p1a: Dusclops|41\/100 par\n|move|p1a: Dusclops|Poltergeist|p2a: Piplup\n|-activate|p2a: Piplup|move: Poltergeist|Eviolite\n|-damage|p2a: Piplup|0 fnt\n|faint|p2a: Piplup\n|\n|upkeep\n|j| g9r\n|\n|t:|1699778992\n|switch|p2a: Dragalge|Dragalge, M|100\/100\n|turn|35\n|\n|t:|1699778995\n|move|p2a: Dragalge|Draco Meteor|p1a: Dusclops\n|-damage|p1a: Dusclops|0 fnt\n|-unboost|p2a: Dragalge|spa|2\n|faint|p1a: Dusclops\n|\n|win|ladymonitaishere\n|n|\u2606Bobem|bobem\n|n|\u2606ladymonitaishere|ladymonitaishere\n|n|*Lady Monita \u2746|ladymonita\n|n| g9r|g9r\n","uploadtime":1699778996,"views":11,"p1id":"bobem","p2id":"ladymonitaishere","formatid":"gen9ou","rating":0,"private":0,"password":""}