{"id":"gen9ou-1991559365","p1":"alfonsogutie","p2":"HolisticMystic","format":"[Gen 9] OU","log":"|j|\u2606alfonsogutie\n|j|\u2606HolisticMystic\n|t:|1700088335\n|gametype|singles\n|player|p1|alfonsogutie|102|1163\n|player|p2|HolisticMystic|biker-gen4|1056\n|teamsize|p1|6\n|teamsize|p2|6\n|gen|9\n|tier|[Gen 9] OU\n|rated|\n|rule|Sleep Clause Mod: Limit one foe put to sleep\n|rule|Species Clause: Limit one of each Pok\u00e9mon\n|rule|OHKO Clause: OHKO moves are banned\n|rule|Evasion Items Clause: Evasion items are banned\n|rule|Evasion Moves Clause: Evasion moves are banned\n|rule|Endless Battle Clause: Forcing endless battles is banned\n|rule|HP Percentage Mod: HP is shown in percentages\n|clearpoke\n|poke|p1|Manaphy|\n|poke|p1|Ninetales-Alola, F|\n|poke|p1|Kingambit, M|\n|poke|p1|Rillaboom, M|\n|poke|p1|Zamazenta-*|\n|poke|p1|Gholdengo|\n|poke|p2|Toxicroak, M|\n|poke|p2|Umbreon, M|\n|poke|p2|Scyther, F|\n|poke|p2|Cramorant, F|\n|poke|p2|Toxtricity, M|\n|poke|p2|Ninetales, M|\n|teampreview\n|\n|t:|1700088361\n|start\n|switch|p1a: Ninetales|Ninetales-Alola, F|100\/100\n|switch|p2a: Scyther|Scyther, F|100\/100\n|-weather|Snow|[from] ability: Snow Warning|[of] p1a: Ninetales\n|turn|1\n|\n|t:|1700088371\n|move|p2a: Scyther|U-turn|p1a: Ninetales\n|-resisted|p1a: Ninetales\n|-crit|p1a: Ninetales\n|-damage|p1a: Ninetales|78\/100\n|\n|t:|1700088379\n|switch|p2a: Cramorant|Cramorant, F|100\/100|[from] U-turn\n|move|p1a: Ninetales|Aurora Veil|p1a: Ninetales\n|-sidestart|p1: alfonsogutie|move: Aurora Veil\n|\n|-weather|Snow|[upkeep]\n|upkeep\n|turn|2\n|\n|t:|1700088396\n|switch|p1a: Rillaboom|Rillaboom, M|100\/100\n|-fieldstart|move: Grassy Terrain|[from] ability: Grassy Surge|[of] p1a: Rillaboom\n|move|p2a: Cramorant|Stockpile|p2a: Cramorant\n|-start|p2a: Cramorant|stockpile1\n|-boost|p2a: Cramorant|def|1\n|-boost|p2a: Cramorant|spd|1\n|\n|-weather|Snow|[upkeep]\n|upkeep\n|turn|3\n|\n|t:|1700088408\n|move|p1a: Rillaboom|Knock Off|p2a: Cramorant\n|-damage|p2a: Cramorant|67\/100\n|-enditem|p2a: Cramorant|Leftovers|[from] move: Knock Off|[of] p1a: Rillaboom\n|move|p2a: Cramorant|Aqua Ring|p2a: Cramorant\n|-start|p2a: Cramorant|Aqua Ring\n|\n|-weather|Snow|[upkeep]\n|-heal|p2a: Cramorant|73\/100|[from] Aqua Ring\n|upkeep\n|turn|4\n|\n|t:|1700088417\n|move|p1a: Rillaboom|Drum Beating|p2a: Cramorant\n|-damage|p2a: Cramorant|17\/100\n|-unboost|p2a: Cramorant|spe|1\n|move|p2a: Cramorant|Dive||[still]\n|-formechange|p2a: Cramorant|Cramorant-Gorging|\n|-prepare|p2a: Cramorant|Dive\n|\n|-weather|Snow|[upkeep]\n|-heal|p2a: Cramorant|23\/100|[from] Aqua Ring\n|upkeep\n|turn|5\n|\n|t:|1700088429\n|move|p1a: Rillaboom|Drain Punch|p2a: Cramorant|[miss]\n|-miss|p1a: Rillaboom|p2a: Cramorant\n|move|p2a: Cramorant|Dive|p1a: Rillaboom|[from]lockedmove\n|-resisted|p1a: Rillaboom\n|-damage|p1a: Rillaboom|94\/100\n|\n|-weather|none\n|-heal|p1a: Rillaboom|99\/100|[from] Grassy Terrain\n|-heal|p2a: Cramorant|29\/100|[from] Aqua Ring\n|upkeep\n|turn|6\n|\n|t:|1700088440\n|switch|p2a: Scyther|Scyther, F|100\/100\n|move|p1a: Rillaboom|Drum Beating|p2a: Scyther\n|-resisted|p2a: Scyther\n|-damage|p2a: Scyther|79\/100\n|-unboost|p2a: Scyther|spe|1\n|\n|-heal|p1a: Rillaboom|100\/100|[from] Grassy Terrain\n|upkeep\n|turn|7\n|\n|t:|1700088453\n|switch|p1a: Manaphy|Manaphy|100\/100\n|move|p2a: Scyther|Dual Wingbeat|p1a: Manaphy\n|-damage|p1a: Manaphy|89\/100\n|-damage|p1a: Manaphy|78\/100\n|-hitcount|p1a: Manaphy|2\n|\n|-heal|p1a: Manaphy|85\/100|[from] Grassy Terrain\n|-heal|p1a: Manaphy|91\/100|[from] item: Leftovers\n|upkeep\n|turn|8\n|\n|t:|1700088466\n|switch|p2a: Toxicroak|Toxicroak, M|100\/100\n|move|p1a: Manaphy|Acid Armor|p1a: Manaphy\n|-boost|p1a: Manaphy|def|2\n|\n|-heal|p1a: Manaphy|97\/100|[from] Grassy Terrain\n|-heal|p1a: Manaphy|100\/100|[from] item: Leftovers\n|-sideend|p1: alfonsogutie|move: Aurora Veil\n|upkeep\n|turn|9\n|\n|t:|1700088481\n|move|p1a: Manaphy|Take Heart|p1a: Manaphy\n|-boost|p1a: Manaphy|spa|1\n|-boost|p1a: Manaphy|spd|1\n|move|p2a: Toxicroak|Poison Jab|p1a: Manaphy\n|-damage|p1a: Manaphy|88\/100\n|\n|-heal|p1a: Manaphy|94\/100|[from] Grassy Terrain\n|-heal|p1a: Manaphy|99\/100|[from] item: Leftovers\n|-fieldend|move: Grassy Terrain\n|upkeep\n|turn|10\n|\n|t:|1700088496\n|move|p1a: Manaphy|Acid Armor|p1a: Manaphy\n|-boost|p1a: Manaphy|def|2\n|move|p2a: Toxicroak|Bulk Up|p2a: Toxicroak\n|-boost|p2a: Toxicroak|atk|1\n|-boost|p2a: Toxicroak|def|1\n|\n|-heal|p1a: Manaphy|100\/100|[from] item: Leftovers\n|upkeep\n|turn|11\n|\n|t:|1700088507\n|move|p1a: Manaphy|Stored Power|p2a: Toxicroak\n|-supereffective|p2a: Toxicroak\n|-damage|p2a: Toxicroak|0 fnt\n|faint|p2a: Toxicroak\n|\n|upkeep\n|\n|t:|1700088520\n|switch|p2a: Umbreon|Umbreon, M|100\/100\n|turn|12\n|\n|t:|1700088528\n|-terastallize|p1a: Manaphy|Fairy\n|move|p1a: Manaphy|Take Heart|p1a: Manaphy\n|-boost|p1a: Manaphy|spa|1\n|-boost|p1a: Manaphy|spd|1\n|move|p2a: Umbreon|Roar|p1a: Manaphy\n|drag|p1a: Ninetales|Ninetales-Alola, F|78\/100\n|-weather|Snow|[from] ability: Snow Warning|[of] p1a: Ninetales\n|\n|-weather|Snow|[upkeep]\n|upkeep\n|turn|13\n|\n|t:|1700088539\n|move|p1a: Ninetales|Moonblast|p2a: Umbreon\n|-supereffective|p2a: Umbreon\n|-damage|p2a: Umbreon|63\/100\n|move|p2a: Umbreon|Thunder Wave|p1a: Ninetales\n|-status|p1a: Ninetales|par\n|\n|-weather|Snow|[upkeep]\n|-heal|p2a: Umbreon|69\/100|[from] item: Leftovers\n|upkeep\n|turn|14\n|\n|t:|1700088552\n|move|p1a: Ninetales|Aurora Veil|p1a: Ninetales\n|-sidestart|p1: alfonsogutie|move: Aurora Veil\n|move|p2a: Umbreon|Wish|p2a: Umbreon\n|\n|-weather|Snow|[upkeep]\n|-heal|p2a: Umbreon|75\/100|[from] item: Leftovers\n|upkeep\n|turn|15\n|\n|t:|1700088561\n|switch|p1a: Manaphy|Manaphy, tera:Fairy|100\/100\n|switch|p2a: Cramorant|Cramorant, F|29\/100\n|\n|-weather|Snow|[upkeep]\n|-heal|p2a: Cramorant|92\/100|[from] move: Wish|[wisher] Umbreon\n|upkeep\n|turn|16\n|\n|t:|1700088600\n|switch|p2a: Umbreon|Umbreon, M|75\/100\n|move|p1a: Manaphy|Acid Armor|p1a: Manaphy\n|-boost|p1a: Manaphy|def|2\n|\n|-weather|none\n|-heal|p2a: Umbreon|82\/100|[from] item: Leftovers\n|upkeep\n|turn|17\n|\n|t:|1700088609\n|move|p1a: Manaphy|Dazzling Gleam|p2a: Umbreon\n|-supereffective|p2a: Umbreon\n|-damage|p2a: Umbreon|46\/100\n|move|p2a: Umbreon|Thunder Wave|p1a: Manaphy\n|-status|p1a: Manaphy|par\n|\n|-heal|p2a: Umbreon|52\/100|[from] item: Leftovers\n|upkeep\n|turn|18\n|\n|t:|1700088618\n|move|p2a: Umbreon|Wish|p2a: Umbreon\n|move|p1a: Manaphy|Take Heart|p1a: Manaphy\n|-boost|p1a: Manaphy|spa|1\n|-boost|p1a: Manaphy|spd|1\n|-curestatus|p1a: Manaphy|par|[msg]\n|\n|-heal|p2a: Umbreon|58\/100|[from] item: Leftovers\n|upkeep\n|turn|19\n|\n|t:|1700088627\n|move|p1a: Manaphy|Take Heart|p1a: Manaphy\n|-boost|p1a: Manaphy|spa|1\n|-boost|p1a: Manaphy|spd|1\n|move|p2a: Umbreon|Roar|p1a: Manaphy\n|drag|p1a: Ninetales|Ninetales-Alola, F|78\/100 par\n|-weather|Snow|[from] ability: Snow Warning|[of] p1a: Ninetales\n|\n|-weather|Snow|[upkeep]\n|-heal|p2a: Umbreon|100\/100|[from] move: Wish|[wisher] Umbreon\n|upkeep\n|turn|20\n|\n|t:|1700088643\n|move|p1a: Ninetales|Moonblast|p2a: Umbreon\n|-supereffective|p2a: Umbreon\n|-damage|p2a: Umbreon|60\/100\n|move|p2a: Umbreon|Wish|p2a: Umbreon\n|\n|-weather|Snow|[upkeep]\n|-heal|p2a: Umbreon|66\/100|[from] item: Leftovers\n|upkeep\n|turn|21\n|\n|t:|1700088653\n|switch|p2a: Toxtricity|Toxtricity, M|100\/100\n|move|p1a: Ninetales|Moonblast|p2a: Toxtricity\n|-resisted|p2a: Toxtricity\n|-damage|p2a: Toxtricity|79\/100\n|\n|-weather|Snow|[upkeep]\n|-heal|p2a: Toxtricity|100\/100|[from] move: Wish|[wisher] Umbreon\n|-sideend|p1: alfonsogutie|move: Aurora Veil\n|upkeep\n|turn|22\n|\n|t:|1700088663\n|move|p2a: Toxtricity|Shift Gear|p2a: Toxtricity\n|-boost|p2a: Toxtricity|spe|2\n|-boost|p2a: Toxtricity|atk|1\n|move|p1a: Ninetales|Encore|p2a: Toxtricity\n|-start|p2a: Toxtricity|Encore\n|\n|-weather|Snow|[upkeep]\n|upkeep\n|turn|23\n|\n|t:|1700088679\n|switch|p2a: Ninetales|Ninetales, M|100\/100\n|switch|p1a: Manaphy|Manaphy, tera:Fairy|100\/100\n|\n|-weather|none\n|upkeep\n|turn|24\n|\n|t:|1700088688\n|move|p2a: Ninetales|Fire Blast|p1a: Manaphy\n|-damage|p1a: Manaphy|66\/100\n|move|p1a: Manaphy|Take Heart|p1a: Manaphy\n|-boost|p1a: Manaphy|spa|1\n|-boost|p1a: Manaphy|spd|1\n|\n|-heal|p1a: Manaphy|72\/100|[from] item: Leftovers\n|upkeep\n|turn|25\n|\n|t:|1700088700\n|switch|p2a: Umbreon|Umbreon, M|66\/100\n|move|p1a: Manaphy|Dazzling Gleam|p2a: Umbreon\n|-supereffective|p2a: Umbreon\n|-damage|p2a: Umbreon|9\/100\n|\n|-heal|p1a: Manaphy|78\/100|[from] item: Leftovers\n|-heal|p2a: Umbreon|15\/100|[from] item: Leftovers\n|upkeep\n|turn|26\n|\n|t:|1700088709\n|switch|p2a: Toxtricity|Toxtricity, M|100\/100\n|move|p1a: Manaphy|Dazzling Gleam|p2a: Toxtricity\n|-resisted|p2a: Toxtricity\n|-damage|p2a: Toxtricity|67\/100\n|\n|-heal|p1a: Manaphy|84\/100|[from] item: Leftovers\n|-heal|p2a: Toxtricity|73\/100|[from] item: Black Sludge\n|upkeep\n|turn|27\n|\n|t:|1700088739\n|move|p1a: Manaphy|Acid Armor|p1a: Manaphy\n|-boost|p1a: Manaphy|def|2\n|move|p2a: Toxtricity|Sludge Bomb|p1a: Manaphy\n|-supereffective|p1a: Manaphy\n|-damage|p1a: Manaphy|29\/100\n|\n|-heal|p1a: Manaphy|35\/100|[from] item: Leftovers\n|-heal|p2a: Toxtricity|79\/100|[from] item: Black Sludge\n|upkeep\n|turn|28\n|inactive|Battle timer is ON: inactive players will automatically lose when time's up. (requested by alfonsogutie)\n|\n|t:|1700088781\n|move|p1a: Manaphy|Stored Power|p2a: Toxtricity\n|-supereffective|p2a: Toxtricity\n|-damage|p2a: Toxtricity|0 fnt\n|faint|p2a: Toxtricity\n|\n|-heal|p1a: Manaphy|42\/100|[from] item: Leftovers\n|upkeep\n|inactive|HolisticMystic has 120 seconds left.\n|\n|t:|1700088813\n|switch|p2a: Scyther|Scyther, F|79\/100\n|turn|29\n|\n|t:|1700088821\n|move|p2a: Scyther|Dual Wingbeat|p1a: Manaphy\n|-damage|p1a: Manaphy|31\/100\n|-damage|p1a: Manaphy|21\/100\n|-hitcount|p1a: Manaphy|2\n|move|p1a: Manaphy|Dazzling Gleam|p2a: Scyther\n|-damage|p2a: Scyther|14\/100\n|\n|-heal|p1a: Manaphy|27\/100|[from] item: Leftovers\n|upkeep\n|turn|30\n|\n|t:|1700088834\n|switch|p2a: Ninetales|Ninetales, M|100\/100\n|move|p1a: Manaphy|Dazzling Gleam|p2a: Ninetales\n|-resisted|p2a: Ninetales\n|-damage|p2a: Ninetales|77\/100\n|\n|-heal|p1a: Manaphy|33\/100|[from] item: Leftovers\n|upkeep\n|turn|31\n|\n|t:|1700088847\n|move|p2a: Ninetales|Fire Blast|p1a: Manaphy\n|-damage|p1a: Manaphy|9\/100\n|move|p1a: Manaphy|Stored Power|p2a: Ninetales\n|-damage|p2a: Ninetales|36\/100\n|\n|-heal|p1a: Manaphy|15\/100|[from] item: Leftovers\n|upkeep\n|turn|32\n|inactive|alfonsogutie has 120 seconds left.\n|\n|t:|1700088883\n|move|p2a: Ninetales|Extrasensory|p1a: Manaphy\n|-damage|p1a: Manaphy|3\/100\n|move|p1a: Manaphy|Stored Power|p2a: Ninetales\n|-damage|p2a: Ninetales|0 fnt\n|faint|p2a: Ninetales\n|\n|-heal|p1a: Manaphy|9\/100|[from] item: Leftovers\n|upkeep\n|\n|t:|1700088894\n|switch|p2a: Scyther|Scyther, F|14\/100\n|turn|33\n|\n|t:|1700088898\n|move|p2a: Scyther|U-turn|p1a: Manaphy\n|-resisted|p1a: Manaphy\n|-damage|p1a: Manaphy|3\/100\n|-message|HolisticMystic forfeited.\n|\n|win|alfonsogutie\n|raw|alfonsogutie's rating: 1163 &rarr; <strong>1181<\/strong><br \/>(+18 for winning)\n|raw|HolisticMystic's rating: 1056 &rarr; <strong>1043<\/strong><br \/>(-13 for losing)\n|l|\u2606HolisticMystic\n","uploadtime":1700088914,"views":15,"p1id":"alfonsogutie","p2id":"holisticmystic","formatid":"gen9ou","rating":1043,"private":0,"password":""}