{"id":"gen9ou-1994675279","p1":"mcdab","p2":"sticky one still","format":"[Gen 9] OU","log":"|j|\u2606mcdab\n|j|\u2606sticky one still\n|t:|1700479350\n|gametype|singles\n|player|p1|mcdab|266|1500\n|player|p2|sticky one still|marlon|1444\n|teamsize|p1|6\n|teamsize|p2|6\n|gen|9\n|tier|[Gen 9] OU\n|rated|\n|rule|Sleep Clause Mod: Limit one foe put to sleep\n|rule|Species Clause: Limit one of each Pok\u00e9mon\n|rule|OHKO Clause: OHKO moves are banned\n|rule|Evasion Items Clause: Evasion items are banned\n|rule|Evasion Moves Clause: Evasion moves are banned\n|rule|Endless Battle Clause: Forcing endless battles is banned\n|rule|HP Percentage Mod: HP is shown in percentages\n|clearpoke\n|poke|p1|Mamoswine, M|\n|poke|p1|Heatran, F|\n|poke|p1|Chandelure, M|\n|poke|p1|Ogerpon, F|\n|poke|p1|Landorus-Therian, M|\n|poke|p1|Corviknight, F|\n|poke|p2|Scizor, F|\n|poke|p2|Samurott-Hisui, M|\n|poke|p2|Ceruledge, F|\n|poke|p2|Greninja-*, M|\n|poke|p2|Dragonite, F|\n|poke|p2|Magnezone|\n|teampreview\n|\n|t:|1700479360\n|start\n|switch|p1a: Mamoswine|Mamoswine, M|100\/100\n|switch|p2a: horny|Samurott-Hisui, M|100\/100\n|turn|1\n|\n|t:|1700479363\n|switch|p1a: Corviknight|Corviknight, F|100\/100\n|-ability|p1a: Corviknight|Pressure\n|move|p2a: horny|Ceaseless Edge|p1a: Corviknight\n|-damage|p1a: Corviknight|69\/100\n|-damage|p2a: horny|84\/100|[from] item: Rocky Helmet|[of] p1a: Corviknight\n|-sidestart|p1: mcdab|Spikes\n|\n|upkeep\n|turn|2\n|\n|t:|1700479396\n|move|p2a: horny|Swords Dance|p2a: horny\n|-boost|p2a: horny|atk|2\n|move|p1a: Corviknight|Body Press|p2a: horny\n|-supereffective|p2a: horny\n|-damage|p2a: horny|18\/100\n|\n|upkeep\n|turn|3\n|inactive|Battle timer is ON: inactive players will automatically lose when time's up. (requested by sticky one still)\n|\n|t:|1700479412\n|move|p2a: horny|Ceaseless Edge|p1a: Corviknight\n|-damage|p1a: Corviknight|5\/100\n|-damage|p2a: horny|1\/100|[from] item: Rocky Helmet|[of] p1a: Corviknight\n|-sidestart|p1: mcdab|Spikes\n|move|p1a: Corviknight|Defog|p2a: horny\n|-unboost|p2a: horny|evasion|1\n|-sideend|p1: mcdab|Spikes|[from] move: Defog|[of] p1a: Corviknight\n|\n|upkeep\n|turn|4\n|\n|t:|1700479419\n|move|p2a: horny|Ceaseless Edge|p1a: Corviknight\n|-damage|p1a: Corviknight|0 fnt\n|-damage|p2a: horny|0 fnt|[from] item: Rocky Helmet|[of] p1a: Corviknight\n|faint|p1a: Corviknight\n|faint|p2a: horny\n|\n|upkeep\n|\n|t:|1700479433\n|switch|p2a: prince naveen|Scizor, F|100\/100\n|switch|p1a: Mamoswine|Mamoswine, M|100\/100\n|turn|5\n|\n|t:|1700479445\n|switch|p1a: Heatran|Heatran, F|100\/100\n|move|p2a: prince naveen|Bullet Punch|p1a: Heatran\n|-resisted|p1a: Heatran\n|-crit|p1a: Heatran\n|-damage|p1a: Heatran|83\/100\n|-damage|p2a: prince naveen|91\/100|[from] item: Life Orb\n|\n|upkeep\n|turn|6\n|\n|t:|1700479470\n|move|p1a: Heatran|Fire Blast|p2a: prince naveen|[miss]\n|-miss|p1a: Heatran|p2a: prince naveen\n|move|p2a: prince naveen|Close Combat|p1a: Heatran\n|-supereffective|p1a: Heatran\n|-damage|p1a: Heatran|0 fnt\n|-unboost|p2a: prince naveen|def|1\n|-unboost|p2a: prince naveen|spd|1\n|faint|p1a: Heatran\n|-damage|p2a: prince naveen|81\/100|[from] item: Life Orb\n|\n|upkeep\n|\n|t:|1700479476\n|switch|p1a: Landorus|Landorus-Therian, M|100\/100\n|-ability|p1a: Landorus|Intimidate|boost\n|-unboost|p2a: prince naveen|atk|1\n|turn|7\n|\n|t:|1700479481\n|switch|p2a: pole dancer|Magnezone|100\/100\n|move|p1a: Landorus|Swords Dance|p1a: Landorus\n|-boost|p1a: Landorus|atk|2\n|\n|upkeep\n|turn|8\n|\n|t:|1700479486\n|move|p1a: Landorus|Earthquake|p2a: pole dancer\n|-supereffective|p2a: pole dancer\n|-damage|p2a: pole dancer|0 fnt\n|faint|p2a: pole dancer\n|-damage|p1a: Landorus|91\/100|[from] item: Life Orb\n|\n|upkeep\n|\n|t:|1700479490\n|switch|p2a: kermit|Greninja, M|100\/100\n|turn|9\n|inactive|mcdab has 120 seconds left.\n|\n|t:|1700479525\n|-terastallize|p1a: Landorus|Water\n|move|p2a: kermit|Ice Beam|p1a: Landorus\n|-resisted|p1a: Landorus\n|-damage|p1a: Landorus|69\/100\n|-damage|p2a: kermit|91\/100|[from] item: Life Orb\n|move|p1a: Landorus|Earthquake|p2a: kermit\n|-damage|p2a: kermit|0 fnt\n|faint|p2a: kermit\n|-damage|p1a: Landorus|59\/100|[from] item: Life Orb\n|\n|upkeep\n|\n|t:|1700479544\n|switch|p2a: toothless|Dragonite, F|100\/100\n|turn|10\n|inactive|mcdab has 120 seconds left.\n|\n|t:|1700479555\n|move|p2a: toothless|Extreme Speed|p1a: Landorus\n|-damage|p1a: Landorus|4\/100\n|move|p1a: Landorus|Stone Edge|p2a: toothless\n|-supereffective|p2a: toothless\n|-damage|p2a: toothless|0 fnt\n|faint|p2a: toothless\n|-damage|p1a: Landorus|0 fnt|[from] item: Life Orb\n|faint|p1a: Landorus\n|\n|upkeep\n|\n|t:|1700479564\n|switch|p1a: Chandelure|Chandelure, M|100\/100\n|switch|p2a: hot stuff|Ceruledge, F|100\/100\n|turn|11\n|\n|t:|1700479568\n|-terastallize|p2a: hot stuff|Ghost\n|move|p2a: hot stuff|Shadow Sneak|p1a: Chandelure\n|-supereffective|p1a: Chandelure\n|-damage|p1a: Chandelure|24\/100\n|move|p1a: Chandelure|Shadow Ball|p2a: hot stuff\n|-supereffective|p2a: hot stuff\n|-damage|p2a: hot stuff|0 fnt\n|faint|p2a: hot stuff\n|\n|upkeep\n|\n|t:|1700479575\n|switch|p2a: prince naveen|Scizor, F|81\/100\n|turn|12\n|\n|t:|1700479578\n|switch|p1a: Ogerpon|Ogerpon, F|100\/100\n|move|p2a: prince naveen|Bullet Punch|p1a: Ogerpon\n|-damage|p1a: Ogerpon|40\/100\n|-damage|p2a: prince naveen|71\/100|[from] item: Life Orb\n|\n|upkeep\n|turn|13\n|\n|t:|1700479586\n|move|p2a: prince naveen|Bullet Punch|p1a: Ogerpon\n|-damage|p1a: Ogerpon|0 fnt\n|faint|p1a: Ogerpon\n|-damage|p2a: prince naveen|61\/100|[from] item: Life Orb\n|\n|upkeep\n|\n|t:|1700479591\n|switch|p1a: Chandelure|Chandelure, M|24\/100\n|turn|14\n|\n|t:|1700479595\n|move|p2a: prince naveen|Bullet Punch|p1a: Chandelure\n|-resisted|p1a: Chandelure\n|-damage|p1a: Chandelure|0 fnt\n|faint|p1a: Chandelure\n|-damage|p2a: prince naveen|51\/100|[from] item: Life Orb\n|\n|upkeep\n|\n|t:|1700479599\n|switch|p1a: Mamoswine|Mamoswine, M|100\/100\n|turn|15\n|\n|t:|1700479602\n|move|p2a: prince naveen|Bullet Punch|p1a: Mamoswine\n|-supereffective|p1a: Mamoswine\n|-enditem|p1a: Mamoswine|Focus Sash\n|-damage|p1a: Mamoswine|1\/100\n|-damage|p2a: prince naveen|41\/100|[from] item: Life Orb\n|move|p1a: Mamoswine|Earthquake|p2a: prince naveen\n|-damage|p2a: prince naveen|0 fnt\n|faint|p2a: prince naveen\n|\n|win|mcdab\n|raw|mcdab's rating: 1500 &rarr; <strong>1517<\/strong><br \/>(+17 for winning)\n|raw|sticky one still's rating: 1444 &rarr; <strong>1427<\/strong><br \/>(-17 for losing)\n|c|\u2606mcdab|gg\n|c|\u2606sticky one still|gg\n|l|\u2606sticky one still\n","uploadtime":1700479614,"views":7,"p1id":"mcdab","p2id":"stickyonestill","formatid":"gen9ou","rating":1427,"private":0,"password":""}