{"id":"gen9ou-1995114684","p1":"papi de quatro","p2":"TeamMagmaGrunt#897","format":"[Gen 9] OU","log":"|j|\u2606papi de quatro\n|j|\u2606TeamMagmaGrunt#897\n|t:|1700524167\n|gametype|singles\n|player|p1|papi de quatro|169|1093\n|player|p2|TeamMagmaGrunt#897|pokemonrangerf-gen4|1008\n|teamsize|p1|6\n|teamsize|p2|6\n|gen|9\n|tier|[Gen 9] OU\n|rated|\n|rule|Sleep Clause Mod: Limit one foe put to sleep\n|rule|Species Clause: Limit one of each Pok\u00e9mon\n|rule|OHKO Clause: OHKO moves are banned\n|rule|Evasion Items Clause: Evasion items are banned\n|rule|Evasion Moves Clause: Evasion moves are banned\n|rule|Endless Battle Clause: Forcing endless battles is banned\n|rule|HP Percentage Mod: HP is shown in percentages\n|clearpoke\n|poke|p1|Dragapult, M|\n|poke|p1|Kingambit, M|\n|poke|p1|Toxapex, F|\n|poke|p1|Clefable, M|\n|poke|p1|Weezing-Galar, F|\n|poke|p1|Iron Valiant|\n|poke|p2|Camerupt, M|\n|poke|p2|Mightyena, F|\n|poke|p2|Seviper, M|\n|poke|p2|Shiftry, F|\n|poke|p2|Torkoal, M|\n|poke|p2|Zangoose, F|\n|teampreview\n|\n|t:|1700524172\n|start\n|switch|p1a: Toxapex|Toxapex, F, shiny|100\/100\n|switch|p2a: Shiftry|Shiftry, F|100\/100\n|turn|1\n|\n|t:|1700524180\n|move|p2a: Shiftry|Tailwind|p2a: Shiftry\n|-sidestart|p2: TeamMagmaGrunt#897|move: Tailwind\n|-ability|p2a: Shiftry|Wind Rider|boost\n|-boost|p2a: Shiftry|atk|1\n|move|p1a: Toxapex|Toxic|p2a: Shiftry\n|-status|p2a: Shiftry|tox\n|\n|-damage|p2a: Shiftry|94\/100 tox|[from] psn\n|upkeep\n|turn|2\n|\n|t:|1700524197\n|switch|p2a: Seviper|Seviper, M|100\/100\n|move|p1a: Toxapex|Baneful Bunker||[still]\n|-fail|p1a: Toxapex\n|\n|upkeep\n|turn|3\n|\n|t:|1700524245\n|switch|p1a: Kingambit|Kingambit, M|100\/100\n|move|p2a: Seviper|Glare|p1a: Kingambit\n|-status|p1a: Kingambit|par\n|\n|upkeep\n|turn|4\n|\n|t:|1700524257\n|switch|p2a: Camerupt|Camerupt, M|100\/100\n|cant|p1a: Kingambit|par\n|\n|-sideend|p2: TeamMagmaGrunt#897|move: Tailwind\n|upkeep\n|turn|5\n|\n|t:|1700524264\n|-end|p1a: Kingambit|fallenundefined|[silent]\n|switch|p1a: Toxapex|Toxapex, F, shiny|100\/100\n|move|p2a: Camerupt|Curse|p2a: Camerupt\n|-unboost|p2a: Camerupt|spe|1\n|-boost|p2a: Camerupt|atk|1\n|-boost|p2a: Camerupt|def|1\n|\n|upkeep\n|turn|6\n|\n|t:|1700524273\n|switch|p2a: Seviper|Seviper, M|100\/100\n|move|p1a: Toxapex|Haze|p1a: Toxapex\n|-clearallboost\n|\n|upkeep\n|turn|7\n|\n|t:|1700524283\n|switch|p1a: Weezing|Weezing-Galar, F|100\/100\n|-ability|p1a: Weezing|Neutralizing Gas\n|move|p2a: Seviper|Glare|p1a: Weezing\n|-status|p1a: Weezing|par\n|\n|upkeep\n|turn|8\n|\n|t:|1700524294\n|move|p2a: Seviper|Coil|p2a: Seviper\n|-boost|p2a: Seviper|atk|1\n|-boost|p2a: Seviper|def|1\n|-boost|p2a: Seviper|accuracy|1\n|move|p1a: Weezing|Will-O-Wisp|p2a: Seviper\n|-status|p2a: Seviper|brn\n|\n|-damage|p2a: Seviper|95\/100 brn|[from] brn\n|upkeep\n|turn|9\n|\n|t:|1700524307\n|-end|p1a: Weezing|ability: Neutralizing Gas\n|switch|p1a: Toxapex|Toxapex, F, shiny|100\/100\n|move|p2a: Seviper|Coil|p2a: Seviper\n|-boost|p2a: Seviper|atk|1\n|-boost|p2a: Seviper|def|1\n|-boost|p2a: Seviper|accuracy|1\n|\n|-heal|p2a: Seviper|100\/100 brn|[from] item: Black Sludge\n|-damage|p2a: Seviper|95\/100 brn|[from] brn\n|upkeep\n|turn|10\n|\n|t:|1700524319\n|move|p2a: Seviper|Glare|p1a: Toxapex\n|-status|p1a: Toxapex|par\n|move|p1a: Toxapex|Haze|p1a: Toxapex\n|-clearallboost\n|\n|-heal|p2a: Seviper|100\/100 brn|[from] item: Black Sludge\n|-damage|p2a: Seviper|95\/100 brn|[from] brn\n|upkeep\n|turn|11\n|\n|t:|1700524339\n|switch|p1a: Dragapult|Dragapult, M|100\/100\n|move|p2a: Seviper|Coil|p2a: Seviper\n|-boost|p2a: Seviper|atk|1\n|-boost|p2a: Seviper|def|1\n|-boost|p2a: Seviper|accuracy|1\n|\n|-heal|p2a: Seviper|100\/100 brn|[from] item: Black Sludge\n|-damage|p2a: Seviper|95\/100 brn|[from] brn\n|upkeep\n|turn|12\n|\n|t:|1700524350\n|move|p1a: Dragapult|Hex|p2a: Seviper\n|-damage|p2a: Seviper|0 fnt\n|faint|p2a: Seviper\n|\n|upkeep\n|\n|t:|1700524355\n|switch|p2a: Zangoose|Zangoose, F|100\/100\n|turn|13\n|\n|t:|1700524363\n|move|p1a: Dragapult|U-turn|p2a: Zangoose\n|-damage|p2a: Zangoose|68\/100\n|\n|t:|1700524368\n|switch|p1a: Toxapex|Toxapex, F, shiny|100\/100 par|[from] U-turn\n|move|p2a: Zangoose|Aerial Ace|p1a: Toxapex\n|-damage|p1a: Toxapex|89\/100 par\n|\n|-heal|p1a: Toxapex|96\/100 par|[from] item: Black Sludge\n|-status|p2a: Zangoose|tox|[from] item: Toxic Orb\n|upkeep\n|turn|14\n|\n|t:|1700524386\n|-terastallize|p2a: Zangoose|Normal\n|move|p1a: Toxapex|Baneful Bunker|p1a: Toxapex\n|-singleturn|p1a: Toxapex|move: Protect\n|move|p2a: Zangoose|Facade|p1a: Toxapex\n|-activate|p1a: Toxapex|move: Protect\n|\n|-heal|p1a: Toxapex|100\/100 par|[from] item: Black Sludge\n|-damage|p2a: Zangoose|62\/100 tox|[from] psn\n|upkeep\n|turn|15\n|\n|t:|1700524398\n|switch|p1a: Dragapult|Dragapult, M|100\/100\n|move|p2a: Zangoose|Facade|p1a: Dragapult\n|-immune|p1a: Dragapult\n|\n|-damage|p2a: Zangoose|50\/100 tox|[from] psn\n|upkeep\n|turn|16\n|\n|t:|1700524410\n|move|p1a: Dragapult|U-turn|p2a: Zangoose\n|-damage|p2a: Zangoose|20\/100 tox\n|\n|t:|1700524416\n|switch|p1a: Toxapex|Toxapex, F, shiny|100\/100 par|[from] U-turn\n|move|p2a: Zangoose|Aerial Ace|p1a: Toxapex\n|-damage|p1a: Toxapex|82\/100 par\n|\n|-heal|p1a: Toxapex|88\/100 par|[from] item: Black Sludge\n|-damage|p2a: Zangoose|2\/100 tox|[from] psn\n|upkeep\n|turn|17\n|\n|t:|1700524429\n|move|p1a: Toxapex|Baneful Bunker|p1a: Toxapex\n|-singleturn|p1a: Toxapex|move: Protect\n|move|p2a: Zangoose|Aerial Ace|p1a: Toxapex\n|-activate|p1a: Toxapex|move: Protect\n|\n|-heal|p1a: Toxapex|94\/100 par|[from] item: Black Sludge\n|-damage|p2a: Zangoose|0 fnt|[from] psn\n|faint|p2a: Zangoose\n|upkeep\n|\n|t:|1700524440\n|switch|p2a: Shiftry|Shiftry, F|94\/100 tox\n|turn|18\n|\n|t:|1700524454\n|switch|p1a: Clefable|Clefable, M|100\/100\n|move|p2a: Shiftry|Tailwind|p2a: Shiftry\n|-sidestart|p2: TeamMagmaGrunt#897|move: Tailwind\n|-ability|p2a: Shiftry|Wind Rider|boost\n|-boost|p2a: Shiftry|atk|1\n|\n|-damage|p2a: Shiftry|88\/100 tox|[from] psn\n|upkeep\n|turn|19\n|\n|t:|1700524465\n|move|p2a: Shiftry|Leaf Blade|p1a: Clefable\n|-damage|p1a: Clefable|43\/100\n|-damage|p2a: Shiftry|78\/100 tox|[from] item: Life Orb\n|move|p1a: Clefable|Draining Kiss|p2a: Shiftry\n|-supereffective|p2a: Shiftry\n|-damage|p2a: Shiftry|28\/100 tox\n|-heal|p1a: Clefable|74\/100|[from] drain|[of] p2a: Shiftry\n|\n|-heal|p1a: Clefable|80\/100|[from] item: Leftovers\n|-damage|p2a: Shiftry|15\/100 tox|[from] psn\n|upkeep\n|turn|20\n|\n|t:|1700524483\n|move|p1a: Clefable|Protect|p1a: Clefable\n|-singleturn|p1a: Clefable|Protect\n|move|p2a: Shiftry|Leaf Blade|p1a: Clefable\n|-activate|p1a: Clefable|move: Protect\n|\n|-heal|p1a: Clefable|86\/100|[from] item: Leftovers\n|-damage|p2a: Shiftry|0 fnt|[from] psn\n|faint|p2a: Shiftry\n|upkeep\n|\n|t:|1700524493\n|switch|p2a: Torkoal|Torkoal, M|100\/100\n|-weather|SunnyDay|[from] ability: Drought|[of] p2a: Torkoal\n|turn|21\n|\n|t:|1700524501\n|move|p1a: Clefable|Thunder Wave|p2a: Torkoal|[miss]\n|-miss|p1a: Clefable|p2a: Torkoal\n|move|p2a: Torkoal|Shell Smash|p2a: Torkoal\n|-unboost|p2a: Torkoal|def|1\n|-unboost|p2a: Torkoal|spd|1\n|-boost|p2a: Torkoal|atk|2\n|-boost|p2a: Torkoal|spa|2\n|-boost|p2a: Torkoal|spe|2\n|\n|-weather|SunnyDay|[upkeep]\n|-heal|p1a: Clefable|92\/100|[from] item: Leftovers\n|-sideend|p2: TeamMagmaGrunt#897|move: Tailwind\n|upkeep\n|turn|22\n|\n|t:|1700524516\n|move|p1a: Clefable|Thunder Wave|p2a: Torkoal\n|-status|p2a: Torkoal|par\n|move|p2a: Torkoal|Fire Spin|p1a: Clefable\n|-damage|p1a: Clefable|82\/100\n|-activate|p1a: Clefable|move: Fire Spin|[of] p2a: Torkoal\n|\n|-weather|SunnyDay|[upkeep]\n|-heal|p1a: Clefable|88\/100|[from] item: Leftovers\n|-damage|p1a: Clefable|76\/100|[from] move: Fire Spin|[partiallytrapped]\n|upkeep\n|turn|23\n|\n|t:|1700524526\n|move|p1a: Clefable|Wish|p1a: Clefable\n|move|p2a: Torkoal|Shell Smash|p2a: Torkoal\n|-unboost|p2a: Torkoal|def|1\n|-unboost|p2a: Torkoal|spd|1\n|-boost|p2a: Torkoal|atk|2\n|-boost|p2a: Torkoal|spa|2\n|-boost|p2a: Torkoal|spe|2\n|\n|-weather|SunnyDay|[upkeep]\n|-heal|p1a: Clefable|82\/100|[from] item: Leftovers\n|-damage|p1a: Clefable|70\/100|[from] move: Fire Spin|[partiallytrapped]\n|upkeep\n|turn|24\n|\n|t:|1700524537\n|move|p1a: Clefable|Protect|p1a: Clefable\n|-singleturn|p1a: Clefable|Protect\n|move|p2a: Torkoal|Shell Smash|p2a: Torkoal\n|-unboost|p2a: Torkoal|def|1\n|-unboost|p2a: Torkoal|spd|1\n|-boost|p2a: Torkoal|atk|2\n|-boost|p2a: Torkoal|spa|2\n|-boost|p2a: Torkoal|spe|2\n|\n|-weather|SunnyDay|[upkeep]\n|-heal|p1a: Clefable|100\/100|[from] move: Wish|[wisher] Clefable\n|-damage|p1a: Clefable|88\/100|[from] move: Fire Spin|[partiallytrapped]\n|upkeep\n|turn|25\n|\n|t:|1700524550\n|move|p1a: Clefable|Draining Kiss|p2a: Torkoal\n|-resisted|p2a: Torkoal\n|-damage|p2a: Torkoal|84\/100 par\n|-heal|p1a: Clefable|97\/100|[from] drain|[of] p2a: Torkoal\n|move|p2a: Torkoal|Zen Headbutt|p1a: Clefable\n|-damage|p1a: Clefable|70\/100\n|\n|-weather|none\n|-heal|p1a: Clefable|76\/100|[from] item: Leftovers\n|-heal|p2a: Torkoal|91\/100 par|[from] item: Leftovers\n|-damage|p1a: Clefable|63\/100|[from] move: Fire Spin|[partiallytrapped]\n|upkeep\n|turn|26\n|\n|t:|1700524565\n|move|p1a: Clefable|Draining Kiss|p2a: Torkoal\n|-resisted|p2a: Torkoal\n|-damage|p2a: Torkoal|74\/100 par\n|-heal|p1a: Clefable|72\/100|[from] drain|[of] p2a: Torkoal\n|cant|p2a: Torkoal|par\n|\n|-heal|p1a: Clefable|78\/100|[from] item: Leftovers\n|-heal|p2a: Torkoal|80\/100 par|[from] item: Leftovers\n|-end|p1a: Clefable|Fire Spin|[partiallytrapped]\n|upkeep\n|turn|27\n|\n|t:|1700524575\n|move|p1a: Clefable|Draining Kiss|p2a: Torkoal\n|-resisted|p2a: Torkoal\n|-damage|p2a: Torkoal|66\/100 par\n|-heal|p1a: Clefable|86\/100|[from] drain|[of] p2a: Torkoal\n|move|p2a: Torkoal|Fire Spin|p1a: Clefable\n|-damage|p1a: Clefable|79\/100\n|-activate|p1a: Clefable|move: Fire Spin|[of] p2a: Torkoal\n|\n|-heal|p1a: Clefable|85\/100|[from] item: Leftovers\n|-heal|p2a: Torkoal|72\/100 par|[from] item: Leftovers\n|-damage|p1a: Clefable|73\/100|[from] move: Fire Spin|[partiallytrapped]\n|upkeep\n|turn|28\n|\n|t:|1700524588\n|move|p1a: Clefable|Wish|p1a: Clefable\n|move|p2a: Torkoal|Rapid Spin|p1a: Clefable\n|-damage|p1a: Clefable|56\/100\n|\n|-heal|p1a: Clefable|62\/100|[from] item: Leftovers\n|-heal|p2a: Torkoal|78\/100 par|[from] item: Leftovers\n|-damage|p1a: Clefable|50\/100|[from] move: Fire Spin|[partiallytrapped]\n|upkeep\n|turn|29\n|\n|t:|1700524597\n|move|p1a: Clefable|Draining Kiss|p2a: Torkoal\n|-resisted|p2a: Torkoal\n|-damage|p2a: Torkoal|62\/100 par\n|-heal|p1a: Clefable|59\/100|[from] drain|[of] p2a: Torkoal\n|cant|p2a: Torkoal|par\n|\n|-heal|p1a: Clefable|100\/100|[from] move: Wish|[wisher] Clefable\n|-heal|p2a: Torkoal|68\/100 par|[from] item: Leftovers\n|-damage|p1a: Clefable|88\/100|[from] move: Fire Spin|[partiallytrapped]\n|upkeep\n|turn|30\n|\n|t:|1700524608\n|move|p1a: Clefable|Draining Kiss|p2a: Torkoal\n|-resisted|p2a: Torkoal\n|-damage|p2a: Torkoal|52\/100 par\n|-heal|p1a: Clefable|96\/100|[from] drain|[of] p2a: Torkoal\n|move|p2a: Torkoal|Zen Headbutt|p1a: Clefable\n|-damage|p1a: Clefable|70\/100\n|\n|-heal|p1a: Clefable|76\/100|[from] item: Leftovers\n|-heal|p2a: Torkoal|59\/100 par|[from] item: Leftovers\n|-damage|p1a: Clefable|63\/100|[from] move: Fire Spin|[partiallytrapped]\n|upkeep\n|turn|31\n|inactive|Battle timer is ON: inactive players will automatically lose when time's up. (requested by papi de quatro)\n|\n|t:|1700524620\n|move|p1a: Clefable|Draining Kiss|p2a: Torkoal\n|-resisted|p2a: Torkoal\n|-damage|p2a: Torkoal|45\/100 par\n|-heal|p1a: Clefable|71\/100|[from] drain|[of] p2a: Torkoal\n|move|p2a: Torkoal|Zen Headbutt|p1a: Clefable\n|-crit|p1a: Clefable\n|-damage|p1a: Clefable|30\/100\n|\n|-heal|p1a: Clefable|36\/100|[from] item: Leftovers\n|-heal|p2a: Torkoal|51\/100 par|[from] item: Leftovers\n|-end|p1a: Clefable|Fire Spin|[partiallytrapped]\n|upkeep\n|turn|32\n|\n|t:|1700524632\n|move|p1a: Clefable|Wish|p1a: Clefable\n|cant|p2a: Torkoal|par\n|\n|-heal|p1a: Clefable|42\/100|[from] item: Leftovers\n|-heal|p2a: Torkoal|57\/100 par|[from] item: Leftovers\n|upkeep\n|turn|33\n|\n|t:|1700524640\n|move|p1a: Clefable|Draining Kiss|p2a: Torkoal\n|-resisted|p2a: Torkoal\n|-damage|p2a: Torkoal|42\/100 par\n|-heal|p1a: Clefable|50\/100|[from] drain|[of] p2a: Torkoal\n|move|p2a: Torkoal|Fire Spin|p1a: Clefable\n|-damage|p1a: Clefable|43\/100\n|-activate|p1a: Clefable|move: Fire Spin|[of] p2a: Torkoal\n|\n|-heal|p1a: Clefable|93\/100|[from] move: Wish|[wisher] Clefable\n|-heal|p1a: Clefable|99\/100|[from] item: Leftovers\n|-heal|p2a: Torkoal|49\/100 par|[from] item: Leftovers\n|-damage|p1a: Clefable|87\/100|[from] move: Fire Spin|[partiallytrapped]\n|upkeep\n|turn|34\n|\n|t:|1700524653\n|move|p1a: Clefable|Draining Kiss|p2a: Torkoal\n|-resisted|p2a: Torkoal\n|-damage|p2a: Torkoal|35\/100 par\n|-heal|p1a: Clefable|94\/100|[from] drain|[of] p2a: Torkoal\n|move|p2a: Torkoal|Zen Headbutt|p1a: Clefable\n|-damage|p1a: Clefable|69\/100\n|\n|-heal|p1a: Clefable|75\/100|[from] item: Leftovers\n|-heal|p2a: Torkoal|41\/100 par|[from] item: Leftovers\n|-damage|p1a: Clefable|63\/100|[from] move: Fire Spin|[partiallytrapped]\n|upkeep\n|turn|35\n|\n|t:|1700524666\n|move|p1a: Clefable|Wish|p1a: Clefable\n|move|p2a: Torkoal|Zen Headbutt|p1a: Clefable\n|-damage|p1a: Clefable|38\/100\n|\n|-heal|p1a: Clefable|44\/100|[from] item: Leftovers\n|-heal|p2a: Torkoal|47\/100 par|[from] item: Leftovers\n|-damage|p1a: Clefable|32\/100|[from] move: Fire Spin|[partiallytrapped]\n|upkeep\n|turn|36\n|\n|t:|1700524675\n|move|p1a: Clefable|Draining Kiss|p2a: Torkoal\n|-resisted|p2a: Torkoal\n|-damage|p2a: Torkoal|31\/100 par\n|-heal|p1a: Clefable|40\/100|[from] drain|[of] p2a: Torkoal\n|cant|p2a: Torkoal|par\n|\n|-heal|p1a: Clefable|90\/100|[from] move: Wish|[wisher] Clefable\n|-heal|p1a: Clefable|96\/100|[from] item: Leftovers\n|-heal|p2a: Torkoal|37\/100 par|[from] item: Leftovers\n|-damage|p1a: Clefable|84\/100|[from] move: Fire Spin|[partiallytrapped]\n|upkeep\n|turn|37\n|\n|t:|1700524688\n|switch|p2a: Camerupt|Camerupt, M|100\/100\n|move|p1a: Clefable|Draining Kiss|p2a: Camerupt\n|-resisted|p2a: Camerupt\n|-damage|p2a: Camerupt|92\/100\n|-heal|p1a: Clefable|89\/100|[from] drain|[of] p2a: Camerupt\n|\n|-heal|p1a: Clefable|95\/100|[from] item: Leftovers\n|-heal|p2a: Camerupt|98\/100|[from] item: Leftovers\n|-end|p1a: Clefable|Fire Spin|[partiallytrapped]|[silent]\n|upkeep\n|turn|38\n|c|\u2606papi de quatro|painful\n|\n|t:|1700524700\n|switch|p1a: Toxapex|Toxapex, F, shiny|100\/100 par\n|move|p2a: Camerupt|Yawn||[still]\n|-fail|p2a: Camerupt\n|\n|-heal|p2a: Camerupt|100\/100|[from] item: Leftovers\n|upkeep\n|turn|39\n|\n|t:|1700524708\n|move|p2a: Camerupt|Curse|p2a: Camerupt\n|-unboost|p2a: Camerupt|spe|1\n|-boost|p2a: Camerupt|atk|1\n|-boost|p2a: Camerupt|def|1\n|cant|p1a: Toxapex|par\n|\n|upkeep\n|turn|40\n|\n|t:|1700524715\n|move|p2a: Camerupt|Curse|p2a: Camerupt\n|-unboost|p2a: Camerupt|spe|1\n|-boost|p2a: Camerupt|atk|1\n|-boost|p2a: Camerupt|def|1\n|cant|p1a: Toxapex|par\n|\n|upkeep\n|turn|41\n|\n|t:|1700524722\n|move|p2a: Camerupt|Curse|p2a: Camerupt\n|-unboost|p2a: Camerupt|spe|1\n|-boost|p2a: Camerupt|atk|1\n|-boost|p2a: Camerupt|def|1\n|move|p1a: Toxapex|Haze|p1a: Toxapex\n|-clearallboost\n|\n|upkeep\n|turn|42\n|\n|t:|1700524730\n|move|p2a: Camerupt|Curse|p2a: Camerupt\n|-unboost|p2a: Camerupt|spe|1\n|-boost|p2a: Camerupt|atk|1\n|-boost|p2a: Camerupt|def|1\n|move|p1a: Toxapex|Toxic|p2a: Camerupt\n|-status|p2a: Camerupt|tox\n|\n|-damage|p2a: Camerupt|94\/100 tox|[from] psn\n|upkeep\n|turn|43\n|\n|t:|1700524741\n|move|p2a: Camerupt|Earthquake|p1a: Toxapex\n|-supereffective|p1a: Toxapex\n|-damage|p1a: Toxapex|33\/100 par\n|move|p1a: Toxapex|Haze|p1a: Toxapex\n|-clearallboost\n|\n|-heal|p2a: Camerupt|100\/100 tox|[from] item: Leftovers\n|-heal|p1a: Toxapex|40\/100 par|[from] item: Black Sludge\n|-damage|p2a: Camerupt|88\/100 tox|[from] psn\n|upkeep\n|turn|44\n|\n|t:|1700524752\n|move|p1a: Toxapex|Baneful Bunker|p1a: Toxapex\n|-singleturn|p1a: Toxapex|move: Protect\n|move|p2a: Camerupt|Curse|p2a: Camerupt\n|-unboost|p2a: Camerupt|spe|1\n|-boost|p2a: Camerupt|atk|1\n|-boost|p2a: Camerupt|def|1\n|\n|-heal|p2a: Camerupt|94\/100 tox|[from] item: Leftovers\n|-heal|p1a: Toxapex|46\/100 par|[from] item: Black Sludge\n|-damage|p2a: Camerupt|76\/100 tox|[from] psn\n|upkeep\n|turn|45\n|\n|t:|1700524769\n|switch|p1a: Clefable|Clefable, M|95\/100\n|move|p2a: Camerupt|Earthquake|p1a: Clefable\n|-damage|p1a: Clefable|58\/100\n|\n|-heal|p1a: Clefable|64\/100|[from] item: Leftovers\n|-heal|p2a: Camerupt|82\/100 tox|[from] item: Leftovers\n|-damage|p2a: Camerupt|58\/100 tox|[from] psn\n|upkeep\n|turn|46\n|\n|t:|1700524783\n|move|p1a: Clefable|Draining Kiss|p2a: Camerupt\n|-resisted|p2a: Camerupt\n|-damage|p2a: Camerupt|49\/100 tox\n|-heal|p1a: Clefable|69\/100|[from] drain|[of] p2a: Camerupt\n|move|p2a: Camerupt|Curse|p2a: Camerupt\n|-unboost|p2a: Camerupt|spe|1\n|-boost|p2a: Camerupt|atk|1\n|-boost|p2a: Camerupt|def|1\n|\n|-heal|p1a: Clefable|75\/100|[from] item: Leftovers\n|-heal|p2a: Camerupt|55\/100 tox|[from] item: Leftovers\n|-damage|p2a: Camerupt|25\/100 tox|[from] psn\n|upkeep\n|turn|47\n|\n|t:|1700524796\n|move|p1a: Clefable|Wish|p1a: Clefable\n|move|p2a: Camerupt|Earthquake|p1a: Clefable\n|-damage|p1a: Clefable|37\/100\n|\n|-heal|p1a: Clefable|43\/100|[from] item: Leftovers\n|-heal|p2a: Camerupt|31\/100 tox|[from] item: Leftovers\n|-damage|p2a: Camerupt|0 fnt|[from] psn\n|faint|p2a: Camerupt\n|upkeep\n|\n|t:|1700524806\n|switch|p2a: Mightyena|Mightyena, F|100\/100\n|turn|48\n|\n|t:|1700524816\n|move|p2a: Mightyena|Trailblaze|p1a: Clefable\n|-damage|p1a: Clefable|28\/100\n|-boost|p2a: Mightyena|spe|1\n|move|p1a: Clefable|Draining Kiss|p2a: Mightyena\n|-supereffective|p2a: Mightyena\n|-crit|p2a: Mightyena\n|-damage|p2a: Mightyena|9\/100\n|-heal|p1a: Clefable|78\/100|[from] drain|[of] p2a: Mightyena\n|\n|-heal|p1a: Clefable|100\/100|[from] move: Wish|[wisher] Clefable\n|-status|p2a: Mightyena|tox|[from] item: Toxic Orb\n|upkeep\n|turn|49\n|\n|t:|1700524832\n|move|p1a: Clefable|Protect|p1a: Clefable\n|-singleturn|p1a: Clefable|Protect\n|move|p2a: Mightyena|Facade|p1a: Clefable\n|-activate|p1a: Clefable|move: Protect\n|\n|-damage|p2a: Mightyena|3\/100 tox|[from] psn\n|upkeep\n|turn|50\n|\n|t:|1700524843\n|switch|p1a: Dragapult|Dragapult, M|100\/100\n|move|p2a: Mightyena|Facade|p1a: Dragapult\n|-immune|p1a: Dragapult\n|\n|-damage|p2a: Mightyena|0 fnt|[from] psn\n|faint|p2a: Mightyena\n|upkeep\n|-message|TeamMagmaGrunt#897 forfeited.\n|\n|win|papi de quatro\n|raw|papi de quatro's rating: 1093 &rarr; <strong>1113<\/strong><br \/>(+20 for winning)\n|raw|TeamMagmaGrunt#897's rating: 1008 &rarr; <strong>1000<\/strong><br \/>(-8 for losing)\n|l|\u2606TeamMagmaGrunt#897\n","uploadtime":1700524855,"views":5,"p1id":"papidequatro","p2id":"teammagmagrunt897","formatid":"gen9ou","rating":1000,"private":0,"password":""}