{"id":"gen9ou-1994801710","p1":"Thebeefgamer","p2":"IronDron","format":"[Gen 9] OU","log":"|j|\u2606Thebeefgamer\n|j|\u2606IronDron\n|t:|1700494123\n|gametype|singles\n|player|p1|Thebeefgamer|266|1040\n|player|p2|IronDron|1|1145\n|teamsize|p1|6\n|teamsize|p2|6\n|gen|9\n|tier|[Gen 9] OU\n|rated|\n|rule|Sleep Clause Mod: Limit one foe put to sleep\n|rule|Species Clause: Limit one of each Pok\u00e9mon\n|rule|OHKO Clause: OHKO moves are banned\n|rule|Evasion Items Clause: Evasion items are banned\n|rule|Evasion Moves Clause: Evasion moves are banned\n|rule|Endless Battle Clause: Forcing endless battles is banned\n|rule|HP Percentage Mod: HP is shown in percentages\n|clearpoke\n|poke|p1|Meowscarada, F|\n|poke|p1|Gholdengo|\n|poke|p1|Sylveon, M|\n|poke|p1|Iron Moth|\n|poke|p1|Garganacl, F|\n|poke|p1|Samurott-Hisui, M|\n|poke|p2|Infernape, M|\n|poke|p2|Tyranitar, M|\n|poke|p2|Weavile, M|\n|poke|p2|Zapdos|\n|poke|p2|Corviknight, M|\n|poke|p2|Hoopa-Unbound|\n|teampreview\n|\n|t:|1700494138\n|start\n|switch|p1a: OSHA violation|Samurott-Hisui, M|100\/100\n|switch|p2a: Zapdos|Zapdos|100\/100\n|turn|1\n|inactive|Battle timer is ON: inactive players will automatically lose when time's up. (requested by Thebeefgamer)\n|\n|t:|1700494147\n|move|p2a: Zapdos|Thunderbolt|p1a: OSHA violation\n|-supereffective|p1a: OSHA violation\n|-enditem|p1a: OSHA violation|Focus Sash\n|-damage|p1a: OSHA violation|1\/100\n|move|p1a: OSHA violation|Ceaseless Edge|p2a: Zapdos\n|-damage|p2a: Zapdos|64\/100\n|-status|p1a: OSHA violation|par|[from] ability: Static|[of] p2a: Zapdos\n|-sidestart|p2: IronDron|Spikes\n|\n|upkeep\n|turn|2\n|\n|t:|1700494157\n|cant|p1a: OSHA violation|par\n|move|p2a: Zapdos|Thunderbolt|p1a: OSHA violation\n|-supereffective|p1a: OSHA violation\n|-damage|p1a: OSHA violation|0 fnt\n|faint|p1a: OSHA violation\n|\n|upkeep\n|\n|t:|1700494169\n|switch|p1a: cat kitty cat cat|Meowscarada, F|100\/100\n|turn|3\n|\n|t:|1700494175\n|move|p1a: cat kitty cat cat|Knock Off|p2a: Zapdos\n|-start|p1a: cat kitty cat cat|typechange|Dark|[from] ability: Protean\n|-damage|p2a: Zapdos|0 fnt\n|-status|p1a: cat kitty cat cat|par|[from] ability: Static|[of] p2a: Zapdos\n|-enditem|p2a: Zapdos|Heavy-Duty Boots|[from] move: Knock Off|[of] p1a: cat kitty cat cat\n|faint|p2a: Zapdos\n|\n|upkeep\n|\n|t:|1700494185\n|switch|p2a: Infernape|Infernape, M|100\/100\n|-damage|p2a: Infernape|88\/100|[from] Spikes\n|turn|4\n|\n|t:|1700494194\n|move|p2a: Infernape|Drain Punch|p1a: cat kitty cat cat\n|-supereffective|p1a: cat kitty cat cat\n|-damage|p1a: cat kitty cat cat|0 fnt\n|-heal|p2a: Infernape|100\/100|[from] drain|[of] p1a: cat kitty cat cat\n|faint|p1a: cat kitty cat cat\n|\n|upkeep\n|\n|t:|1700494200\n|switch|p1a: pepper|Garganacl, F|100\/100\n|turn|5\n|\n|t:|1700494204\n|move|p2a: Infernape|Swords Dance|p2a: Infernape\n|-boost|p2a: Infernape|atk|2\n|move|p1a: pepper|Iron Defense|p1a: pepper\n|-boost|p1a: pepper|def|2\n|\n|upkeep\n|turn|6\n|\n|t:|1700494210\n|move|p2a: Infernape|Swords Dance|p2a: Infernape\n|-boost|p2a: Infernape|atk|2\n|move|p1a: pepper|Iron Defense|p1a: pepper\n|-boost|p1a: pepper|def|2\n|\n|upkeep\n|turn|7\n|\n|t:|1700494213\n|move|p2a: Infernape|Swords Dance|p2a: Infernape\n|-boost|p2a: Infernape|atk|2\n|move|p1a: pepper|Iron Defense|p1a: pepper\n|-boost|p1a: pepper|def|2\n|\n|upkeep\n|turn|8\n|\n|t:|1700494221\n|move|p2a: Infernape|Drain Punch|p1a: pepper\n|-supereffective|p1a: pepper\n|-damage|p1a: pepper|40\/100\n|move|p1a: pepper|Salt Cure|p2a: Infernape\n|-damage|p2a: Infernape|79\/100\n|-start|p2a: Infernape|Salt Cure\n|\n|-heal|p1a: pepper|46\/100|[from] item: Leftovers\n|-damage|p2a: Infernape|66\/100|[from] Salt Cure\n|upkeep\n|turn|9\n|\n|t:|1700494227\n|switch|p1a: the urinator|Gholdengo|100\/100\n|move|p2a: Infernape|Drain Punch|p1a: the urinator\n|-immune|p1a: the urinator\n|\n|-damage|p2a: Infernape|54\/100|[from] Salt Cure\n|upkeep\n|turn|10\n|\n|t:|1700494239\n|move|p1a: the urinator|Power Gem|p2a: Infernape\n|-damage|p2a: Infernape|6\/100\n|move|p2a: Infernape|Fire Punch|p1a: the urinator\n|-supereffective|p1a: the urinator\n|-damage|p1a: the urinator|0 fnt\n|faint|p1a: the urinator\n|\n|-damage|p2a: Infernape|0 fnt|[from] Salt Cure\n|faint|p2a: Infernape\n|upkeep\n|\n|t:|1700494257\n|switch|p2a: Weavile|Weavile, M|100\/100\n|switch|p1a: pepper|Garganacl, F|46\/100\n|-damage|p2a: Weavile|88\/100|[from] Spikes\n|-ability|p2a: Weavile|Pressure\n|turn|11\n|\n|t:|1700494266\n|move|p2a: Weavile|Swords Dance|p2a: Weavile\n|-boost|p2a: Weavile|atk|2\n|move|p1a: pepper|Recover|p1a: pepper\n|-heal|p1a: pepper|96\/100\n|\n|-heal|p1a: pepper|100\/100|[from] item: Leftovers\n|upkeep\n|turn|12\n|\n|t:|1700494269\n|move|p2a: Weavile|Swords Dance|p2a: Weavile\n|-boost|p2a: Weavile|atk|2\n|move|p1a: pepper|Iron Defense|p1a: pepper\n|-boost|p1a: pepper|def|2\n|\n|upkeep\n|turn|13\n|\n|t:|1700494272\n|move|p2a: Weavile|Swords Dance|p2a: Weavile\n|-boost|p2a: Weavile|atk|2\n|move|p1a: pepper|Salt Cure|p2a: Weavile\n|-supereffective|p2a: Weavile\n|-damage|p2a: Weavile|43\/100\n|-start|p2a: Weavile|Salt Cure\n|\n|-damage|p2a: Weavile|31\/100|[from] Salt Cure\n|upkeep\n|turn|14\n|\n|t:|1700494274\n|move|p2a: Weavile|Knock Off|p1a: pepper\n|-damage|p1a: pepper|36\/100\n|-enditem|p1a: pepper|Leftovers|[from] move: Knock Off|[of] p2a: Weavile\n|move|p1a: pepper|Recover|p1a: pepper\n|-heal|p1a: pepper|86\/100\n|\n|-damage|p2a: Weavile|19\/100|[from] Salt Cure\n|upkeep\n|turn|15\n|\n|t:|1700494279\n|move|p2a: Weavile|Brick Break|p1a: pepper\n|-supereffective|p1a: pepper\n|-damage|p1a: pepper|25\/100\n|move|p1a: pepper|Recover|p1a: pepper\n|-heal|p1a: pepper|75\/100\n|\n|-damage|p2a: Weavile|6\/100|[from] Salt Cure\n|upkeep\n|turn|16\n|\n|t:|1700494284\n|move|p2a: Weavile|Brick Break|p1a: pepper\n|-supereffective|p1a: pepper\n|-damage|p1a: pepper|8\/100\n|move|p1a: pepper|Recover|p1a: pepper\n|-heal|p1a: pepper|58\/100\n|\n|-damage|p2a: Weavile|0 fnt|[from] Salt Cure\n|faint|p2a: Weavile\n|upkeep\n|\n|t:|1700494289\n|switch|p2a: Tyranitar|Tyranitar, M|100\/100\n|-damage|p2a: Tyranitar|88\/100|[from] Spikes\n|-weather|Sandstorm|[from] ability: Sand Stream|[of] p2a: Tyranitar\n|turn|17\n|\n|t:|1700494294\n|move|p2a: Tyranitar|Dragon Dance|p2a: Tyranitar\n|-boost|p2a: Tyranitar|atk|1\n|-boost|p2a: Tyranitar|spe|1\n|move|p1a: pepper|Recover|p1a: pepper\n|-heal|p1a: pepper|100\/100\n|\n|-weather|Sandstorm|[upkeep]\n|upkeep\n|turn|18\n|\n|t:|1700494297\n|move|p2a: Tyranitar|Dragon Dance|p2a: Tyranitar\n|-boost|p2a: Tyranitar|atk|1\n|-boost|p2a: Tyranitar|spe|1\n|move|p1a: pepper|Iron Defense|p1a: pepper\n|-boost|p1a: pepper|def|2\n|\n|-weather|Sandstorm|[upkeep]\n|upkeep\n|turn|19\n|\n|t:|1700494299\n|move|p2a: Tyranitar|Dragon Dance|p2a: Tyranitar\n|-boost|p2a: Tyranitar|atk|1\n|-boost|p2a: Tyranitar|spe|1\n|move|p1a: pepper|Salt Cure|p2a: Tyranitar\n|-damage|p2a: Tyranitar|78\/100\n|-start|p2a: Tyranitar|Salt Cure\n|\n|-weather|Sandstorm|[upkeep]\n|-damage|p2a: Tyranitar|66\/100|[from] Salt Cure\n|upkeep\n|turn|20\n|\n|t:|1700494302\n|move|p2a: Tyranitar|Dragon Dance|p2a: Tyranitar\n|-boost|p2a: Tyranitar|atk|1\n|-boost|p2a: Tyranitar|spe|1\n|move|p1a: pepper|Body Press|p2a: Tyranitar\n|-supereffective|p2a: Tyranitar\n|-damage|p2a: Tyranitar|0 fnt\n|faint|p2a: Tyranitar\n|\n|-weather|Sandstorm|[upkeep]\n|upkeep\n|\n|t:|1700494305\n|switch|p2a: Hoopa|Hoopa-Unbound|100\/100\n|-damage|p2a: Hoopa|88\/100|[from] Spikes\n|turn|21\n|\n|t:|1700494309\n|move|p2a: Hoopa|Psychic|p1a: pepper\n|-damage|p1a: pepper|72\/100\n|move|p1a: pepper|Salt Cure|p2a: Hoopa\n|-damage|p2a: Hoopa|64\/100\n|-start|p2a: Hoopa|Salt Cure\n|\n|-weather|none\n|-damage|p2a: Hoopa|52\/100|[from] Salt Cure\n|upkeep\n|turn|22\n|\n|t:|1700494313\n|move|p2a: Hoopa|Calm Mind|p2a: Hoopa\n|-boost|p2a: Hoopa|spa|1\n|-boost|p2a: Hoopa|spd|1\n|move|p1a: pepper|Recover|p1a: pepper\n|-heal|p1a: pepper|100\/100\n|\n|-damage|p2a: Hoopa|40\/100|[from] Salt Cure\n|upkeep\n|turn|23\n|\n|t:|1700494316\n|move|p2a: Hoopa|Psychic|p1a: pepper\n|-damage|p1a: pepper|37\/100\n|move|p1a: pepper|Salt Cure|p2a: Hoopa\n|-damage|p2a: Hoopa|18\/100\n|\n|-damage|p2a: Hoopa|5\/100|[from] Salt Cure\n|upkeep\n|turn|24\n|\n|t:|1700494319\n|move|p2a: Hoopa|Psychic|p1a: pepper\n|-damage|p1a: pepper|0 fnt\n|faint|p1a: pepper\n|\n|-damage|p2a: Hoopa|0 fnt|[from] Salt Cure\n|faint|p2a: Hoopa\n|upkeep\n|\n|t:|1700494324\n|switch|p2a: Corviknight|Corviknight, M|100\/100\n|switch|p1a: Cheechan|Sylveon, M, shiny|100\/100\n|turn|25\n|\n|t:|1700494328\n|-terastallize|p1a: Cheechan|Fire\n|move|p1a: Cheechan|Tera Blast|p2a: Corviknight|[anim] Tera Blast Fire\n|-supereffective|p2a: Corviknight\n|-damage|p2a: Corviknight|22\/100\n|move|p2a: Corviknight|Drill Peck|p1a: Cheechan\n|-damage|p1a: Cheechan|50\/100\n|\n|-heal|p2a: Corviknight|29\/100|[from] item: Leftovers\n|upkeep\n|turn|26\n|\n|t:|1700494333\n|move|p1a: Cheechan|Tera Blast|p2a: Corviknight|[anim] Tera Blast Fire\n|-supereffective|p2a: Corviknight\n|-damage|p2a: Corviknight|0 fnt\n|faint|p2a: Corviknight\n|\n|win|Thebeefgamer\n|raw|Thebeefgamer's rating: 1040 &rarr; <strong>1084<\/strong><br \/>(+44 for winning)\n|raw|IronDron's rating: 1145 &rarr; <strong>1113<\/strong><br \/>(-32 for losing)\n|l|\u2606IronDron\n","uploadtime":1700494366,"views":7,"p1id":"thebeefgamer","p2id":"irondron","formatid":"gen9ou","rating":1084,"private":0,"password":""}