{"id":"gen9ou-1994993174","p1":"SDK04","p2":"nis298","format":"[Gen 9] OU","log":"|j|\u2606SDK04\n|j|\u2606nis298\n|inactive|Battle timer is ON: inactive players will automatically lose when time's up.\n|t:|1700511383\n|gametype|singles\n|player|p1|SDK04|unknown|\n|player|p2|nis298|scientistf|\n|teamsize|p1|6\n|teamsize|p2|6\n|gen|9\n|tier|[Gen 9] OU\n|rated|Tournament battle\n|rule|Sleep Clause Mod: Limit one foe put to sleep\n|rule|Species Clause: Limit one of each Pok\u00e9mon\n|rule|OHKO Clause: OHKO moves are banned\n|rule|Evasion Items Clause: Evasion items are banned\n|rule|Evasion Moves Clause: Evasion moves are banned\n|rule|Endless Battle Clause: Forcing endless battles is banned\n|rule|HP Percentage Mod: HP is shown in percentages\n|clearpoke\n|poke|p1|Ribombee, M|\n|poke|p1|Torterra, M|\n|poke|p1|Rillaboom, M|\n|poke|p1|Iron Moth|\n|poke|p1|Manaphy|\n|poke|p1|Gholdengo|\n|poke|p2|Walking Wake|\n|poke|p2|Maushold-Four|\n|poke|p2|Dragonite, F|\n|poke|p2|Weezing-Galar, M|\n|poke|p2|Great Tusk|\n|poke|p2|Muk-Alola, M|\n|teampreview\n|inactive|nis298 also wants the timer to be on.\n|j| sandveil10\n|\n|t:|1700511398\n|start\n|switch|p1a: I set Sticky Web|Ribombee, M, shiny|100\/100\n|switch|p2a: Walking Wake|Walking Wake|100\/100\n|turn|1\n|\n|t:|1700511404\n|move|p2a: Walking Wake|Flip Turn|p1a: I set Sticky Web\n|-damage|p1a: I set Sticky Web|70\/100\n|\n|t:|1700511411\n|-end|p2a: Walking Wake|Protosynthesis|[silent]\n|switch|p2a: Muk|Muk-Alola, M|100\/100|[from] Flip Turn\n|move|p1a: I set Sticky Web|Sticky Web|p2a: Muk\n|-sidestart|p2: nis298|move: Sticky Web\n|\n|upkeep\n|turn|2\n|\n|t:|1700511421\n|move|p1a: I set Sticky Web|Stun Spore|p2a: Muk\n|-status|p2a: Muk|par\n|cant|p2a: Muk|par\n|\n|upkeep\n|turn|3\n|\n|t:|1700511425\n|move|p1a: I set Sticky Web|Moonblast|p2a: Muk\n|-damage|p2a: Muk|78\/100 par\n|move|p2a: Muk|Knock Off|p1a: I set Sticky Web\n|-resisted|p1a: I set Sticky Web\n|-damage|p1a: I set Sticky Web|36\/100\n|-enditem|p1a: I set Sticky Web|Focus Sash|[from] move: Knock Off|[of] p2a: Muk\n|\n|-heal|p2a: Muk|84\/100 par|[from] item: Black Sludge\n|upkeep\n|turn|4\n|\n|t:|1700511431\n|move|p1a: I set Sticky Web|Moonblast|p2a: Muk\n|-damage|p2a: Muk|58\/100 par\n|cant|p2a: Muk|par\n|\n|-heal|p2a: Muk|64\/100 par|[from] item: Black Sludge\n|upkeep\n|turn|5\n|j| yomaalt\n|\n|t:|1700511437\n|move|p1a: I set Sticky Web|Moonblast|p2a: Muk\n|-crit|p2a: Muk\n|-damage|p2a: Muk|30\/100 par\n|move|p2a: Muk|Poison Jab|p1a: I set Sticky Web\n|-supereffective|p1a: I set Sticky Web\n|-damage|p1a: I set Sticky Web|0 fnt\n|faint|p1a: I set Sticky Web\n|\n|-heal|p2a: Muk|36\/100 par|[from] item: Black Sludge\n|upkeep\n|\n|t:|1700511440\n|switch|p1a: click button \u2192 win|Manaphy, shiny|100\/100\n|turn|6\n|\n|t:|1700511448\n|move|p1a: click button \u2192 win|Tail Glow|p1a: click button \u2192 win\n|-boost|p1a: click button \u2192 win|spa|3\n|move|p2a: Muk|Knock Off|p1a: click button \u2192 win\n|-damage|p1a: click button \u2192 win|68\/100\n|-enditem|p1a: click button \u2192 win|Leftovers|[from] move: Knock Off|[of] p2a: Muk\n|\n|-heal|p2a: Muk|42\/100 par|[from] item: Black Sludge\n|upkeep\n|turn|7\n|c| yomaalt|i would cheer for sdk but bros 110% using double dance manaphy\n|j| okaiokaiokai\n|\n|t:|1700511456\n|move|p2a: Muk|Protect|p2a: Muk\n|-singleturn|p2a: Muk|Protect\n|move|p1a: click button \u2192 win|Surf|p2a: Muk\n|-activate|p2a: Muk|move: Protect\n|\n|-heal|p2a: Muk|48\/100 par|[from] item: Black Sludge\n|upkeep\n|turn|8\n|c| yomaalt|COOK THAT FRAUD NIS298!!\n|\n|t:|1700511460\n|move|p1a: click button \u2192 win|Surf|p2a: Muk\n|-damage|p2a: Muk|0 fnt\n|faint|p2a: Muk\n|\n|upkeep\n|\n|t:|1700511467\n|switch|p2a: Dragonite|Dragonite, F|100\/100\n|turn|9\n|j|+goldtodd1\n|\n|t:|1700511471\n|-terastallize|p2a: Dragonite|Normal\n|move|p2a: Dragonite|Extreme Speed|p1a: click button \u2192 win\n|-damage|p1a: click button \u2192 win|3\/100\n|move|p1a: click button \u2192 win|Ice Beam|p2a: Dragonite\n|-damage|p2a: Dragonite|66\/100\n|\n|upkeep\n|turn|10\n|\n|t:|1700511478\n|move|p2a: Dragonite|Extreme Speed|p1a: click button \u2192 win\n|-damage|p1a: click button \u2192 win|0 fnt\n|faint|p1a: click button \u2192 win\n|\n|upkeep\n|\n|t:|1700511480\n|switch|p1a: Macaroni Man|Gholdengo|100\/100\n|-item|p1a: Macaroni Man|Air Balloon\n|turn|11\n|\n|t:|1700511487\n|switch|p2a: Weezing|Weezing-Galar, M|100\/100\n|move|p1a: Macaroni Man|Nasty Plot|p1a: Macaroni Man\n|-boost|p1a: Macaroni Man|spa|2\n|\n|upkeep\n|turn|12\n|\n|t:|1700511494\n|move|p1a: Macaroni Man|Psyshock|p2a: Weezing\n|-supereffective|p2a: Weezing\n|-damage|p2a: Weezing|0 fnt\n|faint|p2a: Weezing\n|\n|upkeep\n|c|\u2606SDK04|Ah rip\n|\n|t:|1700511510\n|switch|p2a: Walking Wake|Walking Wake|100\/100\n|-activate|p2a: Walking Wake|move: Sticky Web\n|-unboost|p2a: Walking Wake|spe|1\n|turn|13\n|\n|t:|1700511514\n|move|p2a: Walking Wake|Flip Turn|p1a: Macaroni Man\n|-damage|p1a: Macaroni Man|81\/100\n|-enditem|p1a: Macaroni Man|Air Balloon\n|\n|t:|1700511519\n|-end|p2a: Walking Wake|Protosynthesis|[silent]\n|switch|p2a: Great Tusk|Great Tusk|100\/100|[from] Flip Turn\n|-activate|p2a: Great Tusk|move: Sticky Web\n|-unboost|p2a: Great Tusk|spe|1\n|move|p1a: Macaroni Man|Dazzling Gleam|p2a: Great Tusk\n|-supereffective|p2a: Great Tusk\n|-damage|p2a: Great Tusk|0 fnt\n|faint|p2a: Great Tusk\n|-end|p2a: Great Tusk|Protosynthesis|[silent]\n|\n|upkeep\n|c|\u2606SDK04|gg\n|c|\u2606SDK04|wp\n|c| sandveil10|nooooooooo\n|c| sandveil10|don't go into tusk like that send him in safely\n|inactive|nis298 has 120 seconds left.\n|j| aaronontheair\n|c| sandveil10|you had a good idea\n|c| okaiokaiokai|disrespectful\n|j| GiantStonker\n|l| aaronontheair\n|c| okaiokaiokai|what if hes flame wake and he gets a crit\n|\n|t:|1700511575\n|switch|p2a: Walking Wake|Walking Wake|100\/100\n|-activate|p2a: Walking Wake|move: Sticky Web\n|-unboost|p2a: Walking Wake|spe|1\n|turn|14\n|\n|t:|1700511581\n|-terastallize|p1a: Macaroni Man|Fairy\n|move|p2a: Walking Wake|Flamethrower|p1a: Macaroni Man\n|-damage|p1a: Macaroni Man|45\/100\n|move|p1a: Macaroni Man|Dazzling Gleam|p2a: Walking Wake\n|-supereffective|p2a: Walking Wake\n|-damage|p2a: Walking Wake|0 fnt\n|faint|p2a: Walking Wake\n|-end|p2a: Walking Wake|Protosynthesis|[silent]\n|\n|upkeep\n|\n|t:|1700511585\n|switch|p2a: Dragonite|Dragonite, F, tera:Normal|66\/100\n|-activate|p2a: Dragonite|move: Sticky Web\n|-unboost|p2a: Dragonite|spe|1\n|turn|15\n|\n|t:|1700511589\n|move|p2a: Dragonite|Extreme Speed|p1a: Macaroni Man\n|-damage|p1a: Macaroni Man|0 fnt\n|faint|p1a: Macaroni Man\n|\n|upkeep\n|\n|t:|1700511598\n|switch|p1a: Nature\u2019s Nuke|Rillaboom, M|100\/100\n|-fieldstart|move: Grassy Terrain|[from] ability: Grassy Surge|[of] p1a: Nature\u2019s Nuke\n|turn|16\n|\n|t:|1700511609\n|move|p2a: Dragonite|Extreme Speed|p1a: Nature\u2019s Nuke\n|-damage|p1a: Nature\u2019s Nuke|18\/100\n|move|p1a: Nature\u2019s Nuke|Wood Hammer|p2a: Dragonite\n|-damage|p2a: Dragonite|0 fnt\n|faint|p2a: Dragonite\n|-damage|p1a: Nature\u2019s Nuke|0 fnt|[from] Recoil\n|faint|p1a: Nature\u2019s Nuke\n|\n|upkeep\n|\n|t:|1700511614\n|switch|p1a: Deku|Torterra, M|100\/100\n|switch|p2a: Maushold|Maushold-Four|100\/100\n|-activate|p2a: Maushold|move: Sticky Web\n|-unboost|p2a: Maushold|spe|1\n|turn|17\n|\n|t:|1700511619\n|move|p2a: Maushold|Tidy Up|p2a: Maushold\n|-sideend|p2: nis298|Sticky Web\n|-activate|p2a: Maushold|move: Tidy Up\n|-boost|p2a: Maushold|atk|1\n|-boost|p2a: Maushold|spe|1\n|move|p1a: Deku|Shell Smash|p1a: Deku\n|-unboost|p1a: Deku|def|1\n|-unboost|p1a: Deku|spd|1\n|-boost|p1a: Deku|atk|2\n|-boost|p1a: Deku|spa|2\n|-boost|p1a: Deku|spe|2\n|-enditem|p1a: Deku|White Herb\n|-clearnegativeboost|p1a: Deku|[silent]\n|\n|upkeep\n|turn|18\n|c| sandveil10|c'mon maus\n|c|\u2606SDK04|And NOW, we get to see the true end to this\n|c|\u2606SDK04|__DETROIT__\u2026\n|j| SadaShidz\ufe0f\n|\n|t:|1700511641\n|move|p1a: Deku|Wood Hammer|p2a: Maushold\n|-damage|p2a: Maushold|0 fnt\n|faint|p2a: Maushold\n|-damage|p1a: Deku|72\/100|[from] Recoil\n|\n|win|SDK04\n|n|\u2606SDK04|sdk04\n|n|\u2606nis298|nis298\n|n| sandveil10|sandveil10\n|n| yomaalt|yomaalt\n|n| okaiokaiokai|okaiokaiokai\n|n|+goldtodd1|goldtodd1\n|n| GiantStonker|giantstonker\n|n| SadaShidz\ufe0f|sadashidz\n|l|\u2606nis298\n|c|\u2606SDK04|**SMASH**!\n|l|+goldtodd1\n|c| sandveil10|ye\n|l| okaiokaiokai\n|l| yomaalt\n|l| SadaShidz\ufe0f\n|j| Lacksatives\n|l| GiantStonker\n|l|\u2606SDK04\n|l| Lacksatives\n|j|\u2606SDK04\n|player|p1|SDK04|unknown\n","uploadtime":1700511658,"views":5,"p1id":"sdk04","p2id":"nis298","formatid":"gen9ou","rating":0,"private":0,"password":""}