{"id":"gen9ou-1992335278","p1":"Mahooragga","p2":"ncbx cv b","format":"[Gen 9] OU","log":"|j|\u2606Mahooragga\n|j|\u2606ncbx cv b\n|t:|1700175906\n|gametype|singles\n|player|p1|Mahooragga|steven|1045\n|player|p2|ncbx cv b|101|1103\n|teamsize|p1|6\n|teamsize|p2|6\n|gen|9\n|tier|[Gen 9] OU\n|rated|\n|rule|Sleep Clause Mod: Limit one foe put to sleep\n|rule|Species Clause: Limit one of each Pok\u00e9mon\n|rule|OHKO Clause: OHKO moves are banned\n|rule|Evasion Items Clause: Evasion items are banned\n|rule|Evasion Moves Clause: Evasion moves are banned\n|rule|Endless Battle Clause: Forcing endless battles is banned\n|rule|HP Percentage Mod: HP is shown in percentages\n|clearpoke\n|poke|p1|Garchomp, M|\n|poke|p1|Tinkaton, F|\n|poke|p1|Kingambit, M|\n|poke|p1|Lucario, F|\n|poke|p1|Charizard, F|\n|poke|p1|Iron Leaves|\n|poke|p2|Iron Moth|\n|poke|p2|Sneasler, M|\n|poke|p2|Kingambit, F|\n|poke|p2|Ceruledge, M|\n|poke|p2|Rillaboom, F|\n|poke|p2|Zapdos|\n|teampreview\n|\n|t:|1700175916\n|start\n|switch|p1a: Garchomp|Garchomp, M|100\/100\n|switch|p2a: Rillaboom|Rillaboom, F|100\/100\n|-fieldstart|move: Grassy Terrain|[from] ability: Grassy Surge|[of] p2a: Rillaboom\n|turn|1\n|\n|t:|1700175927\n|move|p1a: Garchomp|Poison Jab|p2a: Rillaboom\n|-supereffective|p2a: Rillaboom\n|-damage|p2a: Rillaboom|37\/100\n|-status|p2a: Rillaboom|psn\n|move|p2a: Rillaboom|Knock Off|p1a: Garchomp\n|-damage|p1a: Garchomp|65\/100\n|-damage|p2a: Rillaboom|25\/100 psn|[from] ability: Rough Skin|[of] p1a: Garchomp\n|-enditem|p1a: Garchomp|Choice Scarf|[from] move: Knock Off|[of] p2a: Rillaboom\n|\n|-heal|p1a: Garchomp|71\/100|[from] Grassy Terrain\n|-heal|p2a: Rillaboom|31\/100 psn|[from] Grassy Terrain\n|-damage|p2a: Rillaboom|18\/100 psn|[from] psn\n|upkeep\n|turn|2\n|\n|t:|1700175945\n|switch|p2a: Kingambit|Kingambit, F|100\/100\n|move|p1a: Garchomp|Poison Jab|p2a: Kingambit\n|-immune|p2a: Kingambit\n|\n|-heal|p1a: Garchomp|78\/100|[from] Grassy Terrain\n|upkeep\n|turn|3\n|\n|t:|1700175954\n|-end|p2a: Kingambit|fallenundefined|[silent]\n|switch|p2a: Zapdos|Zapdos|100\/100\n|move|p1a: Garchomp|Earthquake|p2a: Zapdos\n|-immune|p2a: Zapdos\n|\n|-heal|p1a: Garchomp|84\/100|[from] Grassy Terrain\n|upkeep\n|turn|4\n|\n|t:|1700175962\n|move|p1a: Garchomp|Stone Edge|p2a: Zapdos\n|-supereffective|p2a: Zapdos\n|-damage|p2a: Zapdos|33\/100\n|move|p2a: Zapdos|Hurricane|p1a: Garchomp\n|-damage|p1a: Garchomp|33\/100\n|\n|-heal|p1a: Garchomp|39\/100|[from] Grassy Terrain\n|upkeep\n|turn|5\n|\n|t:|1700175972\n|switch|p2a: Sneasler|Sneasler, M|100\/100\n|-enditem|p2a: Sneasler|Grassy Seed\n|-boost|p2a: Sneasler|def|1|[from] item: Grassy Seed\n|move|p1a: Garchomp|Stone Edge|p2a: Sneasler\n|-resisted|p2a: Sneasler\n|-damage|p2a: Sneasler|78\/100\n|\n|-heal|p2a: Sneasler|84\/100|[from] Grassy Terrain\n|-heal|p1a: Garchomp|45\/100|[from] Grassy Terrain\n|upkeep\n|turn|6\n|\n|t:|1700175994\n|-terastallize|p2a: Sneasler|Flying\n|move|p2a: Sneasler|Swords Dance|p2a: Sneasler\n|-boost|p2a: Sneasler|atk|2\n|move|p1a: Garchomp|Dragon Claw|p2a: Sneasler\n|-damage|p2a: Sneasler|27\/100\n|\n|-heal|p1a: Garchomp|51\/100|[from] Grassy Terrain\n|upkeep\n|turn|7\n|\n|t:|1700176014\n|move|p2a: Sneasler|Acrobatics|p1a: Garchomp\n|-damage|p1a: Garchomp|0 fnt\n|-damage|p2a: Sneasler|14\/100|[from] ability: Rough Skin|[of] p1a: Garchomp\n|faint|p1a: Garchomp\n|\n|upkeep\n|\n|t:|1700176033\n|switch|p1a: Lucario|Lucario, F|100\/100\n|turn|8\n|\n|t:|1700176041\n|switch|p2a: Ceruledge|Ceruledge, M|100\/100\n|move|p1a: Lucario|Bullet Punch|p2a: Ceruledge\n|-resisted|p2a: Ceruledge\n|-damage|p2a: Ceruledge|85\/100\n|-ability|p2a: Ceruledge|Weak Armor|boost\n|-unboost|p2a: Ceruledge|def|1\n|-boost|p2a: Ceruledge|spe|2\n|\n|-heal|p2a: Ceruledge|92\/100|[from] Grassy Terrain\n|-fieldend|move: Grassy Terrain\n|upkeep\n|turn|9\n|\n|t:|1700176065\n|switch|p1a: Tinkaton|Tinkaton, F|100\/100\n|move|p2a: Ceruledge|Swords Dance|p2a: Ceruledge\n|-boost|p2a: Ceruledge|atk|2\n|\n|upkeep\n|turn|10\n|\n|t:|1700176075\n|-terastallize|p1a: Tinkaton|Fairy\n|move|p2a: Ceruledge|Bitter Blade|p1a: Tinkaton\n|-damage|p1a: Tinkaton|22\/100\n|-heal|p2a: Ceruledge|100\/100|[from] drain|[of] p1a: Tinkaton\n|-enditem|p1a: Tinkaton|Aguav Berry|[eat]\n|-heal|p1a: Tinkaton|55\/100|[from] item: Aguav Berry\n|-enditem|p2a: Ceruledge|Focus Sash|[silent]|[from] ability: Pickpocket|[of] p2a: Ceruledge\n|-item|p1a: Tinkaton|Focus Sash|[from] ability: Pickpocket|[of] p2a: Ceruledge\n|move|p1a: Tinkaton|Reflect|p1a: Tinkaton\n|-sidestart|p1: Mahooragga|Reflect\n|\n|upkeep\n|turn|11\n|\n|t:|1700176094\n|move|p2a: Ceruledge|Swords Dance|p2a: Ceruledge\n|-boost|p2a: Ceruledge|atk|2\n|move|p1a: Tinkaton|Play Rough|p2a: Ceruledge\n|-resisted|p2a: Ceruledge\n|-damage|p2a: Ceruledge|63\/100\n|-ability|p2a: Ceruledge|Weak Armor|boost\n|-unboost|p2a: Ceruledge|def|1\n|-boost|p2a: Ceruledge|spe|2\n|\n|upkeep\n|turn|12\n|\n|t:|1700176109\n|move|p2a: Ceruledge|Bitter Blade|p1a: Tinkaton\n|-damage|p1a: Tinkaton|0 fnt\n|-heal|p2a: Ceruledge|93\/100|[from] drain|[of] p1a: Tinkaton\n|faint|p1a: Tinkaton\n|\n|upkeep\n|\n|t:|1700176126\n|switch|p1a: Charizard|Charizard, F|100\/100\n|turn|13\n|\n|t:|1700176150\n|move|p2a: Ceruledge|Bitter Blade|p1a: Charizard\n|-resisted|p1a: Charizard\n|-damage|p1a: Charizard|50\/100\n|-heal|p2a: Ceruledge|100\/100|[from] drain|[of] p1a: Charizard\n|move|p1a: Charizard|Air Slash|p2a: Ceruledge\n|-damage|p2a: Ceruledge|63\/100\n|\n|upkeep\n|turn|14\n|\n|t:|1700176158\n|move|p2a: Ceruledge|Bitter Blade|p1a: Charizard\n|-resisted|p1a: Charizard\n|-damage|p1a: Charizard|5\/100\n|-heal|p2a: Ceruledge|86\/100|[from] drain|[of] p1a: Charizard\n|move|p1a: Charizard|Air Slash|p2a: Ceruledge\n|-damage|p2a: Ceruledge|51\/100\n|\n|-sideend|p1: Mahooragga|Reflect\n|upkeep\n|turn|15\n|\n|t:|1700176174\n|move|p2a: Ceruledge|Swords Dance|p2a: Ceruledge\n|-boost|p2a: Ceruledge|atk|2\n|move|p1a: Charizard|Air Slash|p2a: Ceruledge\n|-crit|p2a: Ceruledge\n|-damage|p2a: Ceruledge|0 fnt\n|faint|p2a: Ceruledge\n|\n|upkeep\n|\n|t:|1700176180\n|switch|p2a: Sneasler|Sneasler, M, tera:Flying|14\/100\n|turn|16\n|c|\u2606Mahooragga|HAHSAHBHABFJSDHFJ\n|\n|t:|1700176184\n|move|p2a: Sneasler|Dire Claw|p1a: Charizard\n|-crit|p1a: Charizard\n|-damage|p1a: Charizard|0 fnt\n|faint|p1a: Charizard\n|\n|upkeep\n|\n|t:|1700176193\n|switch|p1a: Lucario|Lucario, F|100\/100\n|turn|17\n|\n|t:|1700176201\n|switch|p2a: Kingambit|Kingambit, F|100\/100\n|-activate|p2a: Kingambit|ability: Supreme Overlord\n|-start|p2a: Kingambit|fallen1|[silent]\n|move|p1a: Lucario|Bullet Punch|p2a: Kingambit\n|-resisted|p2a: Kingambit\n|-damage|p2a: Kingambit|91\/100\n|\n|upkeep\n|turn|18\n|\n|t:|1700176210\n|move|p2a: Kingambit|Sucker Punch|p1a: Lucario\n|-resisted|p1a: Lucario\n|-damage|p1a: Lucario|63\/100\n|move|p1a: Lucario|Drain Punch|p2a: Kingambit\n|-supereffective|p2a: Kingambit\n|-damage|p2a: Kingambit|0 fnt\n|-heal|p1a: Lucario|100\/100|[from] drain|[of] p2a: Kingambit\n|faint|p2a: Kingambit\n|-end|p2a: Kingambit|fallen1|[silent]\n|\n|upkeep\n|\n|t:|1700176218\n|switch|p2a: Iron Moth|Iron Moth|100\/100\n|turn|19\n|\n|t:|1700176227\n|move|p2a: Iron Moth|Overheat|p1a: Lucario\n|-supereffective|p1a: Lucario\n|-damage|p1a: Lucario|0 fnt\n|-unboost|p2a: Iron Moth|spa|2\n|faint|p1a: Lucario\n|\n|upkeep\n|\n|t:|1700176237\n|switch|p1a: Iron Leaves|Iron Leaves|100\/100\n|-enditem|p1a: Iron Leaves|Booster Energy\n|-activate|p1a: Iron Leaves|ability: Quark Drive|[fromitem]\n|-start|p1a: Iron Leaves|quarkdriveatk\n|turn|20\n|\n|t:|1700176247\n|-end|p2a: Iron Moth|Quark Drive|[silent]\n|switch|p2a: Rillaboom|Rillaboom, F|18\/100 psn\n|-fieldstart|move: Grassy Terrain|[from] ability: Grassy Surge|[of] p2a: Rillaboom\n|move|p1a: Iron Leaves|Psyblade|p2a: Rillaboom\n|-damage|p2a: Rillaboom|0 fnt\n|faint|p2a: Rillaboom\n|\n|upkeep\n|\n|t:|1700176250\n|switch|p2a: Zapdos|Zapdos|33\/100\n|turn|21\n|\n|t:|1700176258\n|move|p1a: Iron Leaves|Psyblade|p2a: Zapdos\n|-damage|p2a: Zapdos|0 fnt\n|-status|p1a: Iron Leaves|par|[from] ability: Static|[of] p2a: Zapdos\n|faint|p2a: Zapdos\n|\n|upkeep\n|\n|t:|1700176266\n|switch|p2a: Iron Moth|Iron Moth|100\/100\n|turn|22\n|\n|t:|1700176272\n|move|p2a: Iron Moth|Sludge Wave|p1a: Iron Leaves\n|-supereffective|p1a: Iron Leaves\n|-damage|p1a: Iron Leaves|0 fnt\n|faint|p1a: Iron Leaves\n|-end|p1a: Iron Leaves|Quark Drive|[silent]\n|\n|upkeep\n|\n|t:|1700176276\n|switch|p1a: Kingambit|Kingambit, M|100\/100\n|-activate|p1a: Kingambit|ability: Supreme Overlord\n|-start|p1a: Kingambit|fallen5|[silent]\n|turn|23\n|\n|t:|1700176285\n|move|p1a: Kingambit|Sucker Punch|p2a: Iron Moth\n|-damage|p2a: Iron Moth|4\/100\n|move|p2a: Iron Moth|Sludge Wave|p1a: Kingambit\n|-immune|p1a: Kingambit\n|\n|-heal|p2a: Iron Moth|10\/100|[from] Grassy Terrain\n|upkeep\n|turn|24\n|\n|t:|1700176298\n|-end|p2a: Iron Moth|Quark Drive|[silent]\n|switch|p2a: Sneasler|Sneasler, M, tera:Flying|14\/100\n|move|p1a: Kingambit|Aerial Ace|p2a: Sneasler\n|-damage|p2a: Sneasler|0 fnt\n|faint|p2a: Sneasler\n|\n|upkeep\n|\n|t:|1700176305\n|switch|p2a: Iron Moth|Iron Moth|10\/100\n|turn|25\n|\n|t:|1700176309\n|move|p2a: Iron Moth|Overheat|p1a: Kingambit\n|-supereffective|p1a: Kingambit\n|-damage|p1a: Kingambit|0 fnt\n|-unboost|p2a: Iron Moth|spa|2\n|faint|p1a: Kingambit\n|-end|p1a: Kingambit|fallen5|[silent]\n|\n|win|ncbx cv b\n|raw|Mahooragga's rating: 1045 &rarr; <strong>1031<\/strong><br \/>(-14 for losing)\n|raw|ncbx cv b's rating: 1103 &rarr; <strong>1124<\/strong><br \/>(+21 for winning)\n|c|\u2606Mahooragga|gg\n|l|\u2606ncbx cv b\n","uploadtime":1700176326,"views":12,"p1id":"mahooragga","p2id":"ncbxcvb","formatid":"gen9ou","rating":1031,"private":0,"password":""}