{"id":"gen9ou-1999391310","p1":"thattykid","p2":"doobablooba","format":"[Gen 9] OU","log":"|j|\u2606thattykid\n|j|\u2606doobablooba\n|t:|1701072477\n|gametype|singles\n|player|p1|thattykid|101|\n|player|p2|doobablooba|depotagent|\n|teamsize|p1|6\n|teamsize|p2|6\n|gen|9\n|tier|[Gen 9] OU\n|rule|Sleep Clause Mod: Limit one foe put to sleep\n|rule|Species Clause: Limit one of each Pok\u00e9mon\n|rule|OHKO Clause: OHKO moves are banned\n|rule|Evasion Items Clause: Evasion items are banned\n|rule|Evasion Moves Clause: Evasion moves are banned\n|rule|Endless Battle Clause: Forcing endless battles is banned\n|rule|HP Percentage Mod: HP is shown in percentages\n|clearpoke\n|poke|p1|Glimmora, F|\n|poke|p1|Brambleghast, F|\n|poke|p1|Toxapex, F|\n|poke|p1|Skeledirge, F|\n|poke|p1|Corviknight, M|\n|poke|p1|Dragonite, F|\n|poke|p2|Ceruledge, M|\n|poke|p2|Kommo-o, F|\n|poke|p2|Empoleon, M|\n|poke|p2|Ursaluna, F|\n|poke|p2|Slither Wing|\n|poke|p2|Clawitzer, F|\n|teampreview\n|\n|t:|1701072481\n|start\n|switch|p1a: Round Thing|Glimmora, F, shiny|100\/100\n|switch|p2a: Ursaluna|Ursaluna, F|100\/100\n|turn|1\n|\n|t:|1701072489\n|switch|p1a: Green Dragon|Dragonite, F, shiny|100\/100\n|move|p2a: Ursaluna|Earthquake|p1a: Green Dragon\n|-immune|p1a: Green Dragon\n|\n|-status|p2a: Ursaluna|brn|[from] item: Flame Orb\n|upkeep\n|turn|2\n|\n|t:|1701072498\n|move|p2a: Ursaluna|Ice Punch|p1a: Green Dragon\n|-supereffective|p1a: Green Dragon\n|-damage|p1a: Green Dragon|19\/100\n|move|p1a: Green Dragon|Dragon Tail|p2a: Ursaluna\n|-damage|p2a: Ursaluna|80\/100 brn\n|drag|p2a: Kommo-o|Kommo-o, F|100\/100\n|\n|-heal|p1a: Green Dragon|25\/100|[from] item: Leftovers\n|upkeep\n|turn|3\n|c|\u2606thattykid|oh my\n|c|\u2606thattykid|that dmg\n|\n|t:|1701072516\n|move|p2a: Kommo-o|Iron Head|p1a: Green Dragon\n|-damage|p1a: Green Dragon|2\/100\n|cant|p1a: Green Dragon|flinch\n|\n|-heal|p1a: Green Dragon|8\/100|[from] item: Leftovers\n|upkeep\n|turn|4\n|\n|t:|1701072526\n|move|p1a: Green Dragon|Protect|p1a: Green Dragon\n|-singleturn|p1a: Green Dragon|Protect\n|move|p2a: Kommo-o|Dragon Claw|p1a: Green Dragon\n|-activate|p1a: Green Dragon|move: Protect\n|\n|-heal|p1a: Green Dragon|14\/100|[from] item: Leftovers\n|upkeep\n|turn|5\n|c|\u2606doobablooba|we love guts\n|\n|t:|1701072542\n|switch|p1a: Toxapex|Toxapex, F|100\/100\n|move|p2a: Kommo-o|Clangorous Soul|p2a: Kommo-o\n|-boost|p2a: Kommo-o|atk|1\n|-boost|p2a: Kommo-o|def|1\n|-boost|p2a: Kommo-o|spa|1\n|-boost|p2a: Kommo-o|spd|1\n|-boost|p2a: Kommo-o|spe|1\n|-damage|p2a: Kommo-o|68\/100\n|\n|-heal|p2a: Kommo-o|74\/100|[from] item: Leftovers\n|upkeep\n|turn|6\n|\n|t:|1701072561\n|switch|p2a: Ursaluna|Ursaluna, F|80\/100 brn\n|switch|p1a: CrowKnight|Corviknight, M|100\/100\n|-ability|p1a: CrowKnight|Pressure\n|\n|-damage|p2a: Ursaluna|74\/100 brn|[from] brn\n|upkeep\n|turn|7\n|\n|t:|1701072569\n|move|p1a: CrowKnight|Bulk Up|p1a: CrowKnight\n|-boost|p1a: CrowKnight|atk|1\n|-boost|p1a: CrowKnight|def|1\n|move|p2a: Ursaluna|Ice Punch|p1a: CrowKnight\n|-damage|p1a: CrowKnight|82\/100\n|-damage|p2a: Ursaluna|57\/100 brn|[from] item: Rocky Helmet|[of] p1a: CrowKnight\n|\n|-damage|p2a: Ursaluna|51\/100 brn|[from] brn\n|upkeep\n|turn|8\n|\n|t:|1701072577\n|switch|p2a: Ceruledge|Ceruledge, M|100\/100\n|move|p1a: CrowKnight|Bulk Up|p1a: CrowKnight\n|-boost|p1a: CrowKnight|atk|1\n|-boost|p1a: CrowKnight|def|1\n|\n|upkeep\n|turn|9\n|\n|t:|1701072586\n|switch|p1a: Toxapex|Toxapex, F|100\/100\n|move|p2a: Ceruledge|Bitter Blade|p1a: Toxapex\n|-resisted|p1a: Toxapex\n|-damage|p1a: Toxapex|77\/100\n|\n|-heal|p1a: Toxapex|83\/100|[from] item: Black Sludge\n|upkeep\n|turn|10\n|\n|t:|1701072596\n|switch|p2a: Clawitzer|Clawitzer, F|100\/100\n|move|p1a: Toxapex|Toxic Spikes|p2a: Clawitzer\n|-sidestart|p2: doobablooba|move: Toxic Spikes\n|\n|-heal|p1a: Toxapex|89\/100|[from] item: Black Sludge\n|upkeep\n|turn|11\n|\n|t:|1701072602\n|move|p1a: Toxapex|Baneful Bunker|p1a: Toxapex\n|-singleturn|p1a: Toxapex|move: Protect\n|move|p2a: Clawitzer|Dragon Pulse|p1a: Toxapex\n|-activate|p1a: Toxapex|move: Protect\n|\n|-heal|p1a: Toxapex|96\/100|[from] item: Black Sludge\n|upkeep\n|turn|12\n|\n|t:|1701072609\n|move|p2a: Clawitzer|Dragon Pulse|p1a: Toxapex\n|-damage|p1a: Toxapex|66\/100\n|move|p1a: Toxapex|Toxic Spikes|p2a: Clawitzer\n|-sidestart|p2: doobablooba|move: Toxic Spikes\n|\n|-heal|p1a: Toxapex|72\/100|[from] item: Black Sludge\n|upkeep\n|turn|13\n|\n|t:|1701072616\n|move|p2a: Clawitzer|Dragon Pulse|p1a: Toxapex\n|-damage|p1a: Toxapex|40\/100\n|move|p1a: Toxapex|Recover|p1a: Toxapex\n|-heal|p1a: Toxapex|90\/100\n|\n|-heal|p1a: Toxapex|96\/100|[from] item: Black Sludge\n|upkeep\n|turn|14\n|\n|t:|1701072623\n|move|p2a: Clawitzer|Dragon Pulse|p1a: Toxapex\n|-damage|p1a: Toxapex|64\/100\n|move|p1a: Toxapex|Surf|p2a: Clawitzer\n|-resisted|p2a: Clawitzer\n|-damage|p2a: Clawitzer|94\/100\n|\n|-heal|p1a: Toxapex|70\/100|[from] item: Black Sludge\n|upkeep\n|turn|15\n|\n|t:|1701072631\n|move|p2a: Clawitzer|Dragon Pulse|p1a: Toxapex\n|-damage|p1a: Toxapex|36\/100\n|move|p1a: Toxapex|Recover|p1a: Toxapex\n|-heal|p1a: Toxapex|86\/100\n|\n|-heal|p1a: Toxapex|92\/100|[from] item: Black Sludge\n|upkeep\n|turn|16\n|\n|t:|1701072638\n|move|p1a: Toxapex|Baneful Bunker|p1a: Toxapex\n|-singleturn|p1a: Toxapex|move: Protect\n|move|p2a: Clawitzer|Dragon Pulse|p1a: Toxapex\n|-activate|p1a: Toxapex|move: Protect\n|\n|-heal|p1a: Toxapex|98\/100|[from] item: Black Sludge\n|upkeep\n|turn|17\n|\n|t:|1701072644\n|move|p2a: Clawitzer|Dragon Pulse|p1a: Toxapex\n|-damage|p1a: Toxapex|69\/100\n|move|p1a: Toxapex|Surf|p2a: Clawitzer\n|-resisted|p2a: Clawitzer\n|-damage|p2a: Clawitzer|87\/100\n|\n|-heal|p1a: Toxapex|75\/100|[from] item: Black Sludge\n|upkeep\n|turn|18\n|\n|t:|1701072652\n|move|p1a: Toxapex|Baneful Bunker|p1a: Toxapex\n|-singleturn|p1a: Toxapex|move: Protect\n|move|p2a: Clawitzer|Dark Pulse|p1a: Toxapex\n|-activate|p1a: Toxapex|move: Protect\n|\n|-heal|p1a: Toxapex|82\/100|[from] item: Black Sludge\n|upkeep\n|turn|19\n|\n|t:|1701072660\n|move|p2a: Clawitzer|Dragon Pulse|p1a: Toxapex\n|-damage|p1a: Toxapex|48\/100\n|move|p1a: Toxapex|Surf|p2a: Clawitzer\n|-resisted|p2a: Clawitzer\n|-damage|p2a: Clawitzer|81\/100\n|\n|-heal|p1a: Toxapex|54\/100|[from] item: Black Sludge\n|upkeep\n|turn|20\n|\n|t:|1701072668\n|move|p1a: Toxapex|Baneful Bunker|p1a: Toxapex\n|-singleturn|p1a: Toxapex|move: Protect\n|move|p2a: Clawitzer|Dark Pulse|p1a: Toxapex\n|-activate|p1a: Toxapex|move: Protect\n|\n|-heal|p1a: Toxapex|61\/100|[from] item: Black Sludge\n|upkeep\n|turn|21\n|\n|t:|1701072674\n|move|p2a: Clawitzer|Dragon Pulse|p1a: Toxapex\n|-damage|p1a: Toxapex|28\/100\n|move|p1a: Toxapex|Recover|p1a: Toxapex\n|-heal|p1a: Toxapex|78\/100\n|\n|-heal|p1a: Toxapex|85\/100|[from] item: Black Sludge\n|upkeep\n|turn|22\n|\n|t:|1701072681\n|move|p1a: Toxapex|Baneful Bunker|p1a: Toxapex\n|-singleturn|p1a: Toxapex|move: Protect\n|move|p2a: Clawitzer|Dark Pulse|p1a: Toxapex\n|-activate|p1a: Toxapex|move: Protect\n|\n|-heal|p1a: Toxapex|91\/100|[from] item: Black Sludge\n|upkeep\n|turn|23\n|c|\u2606thattykid|bro\n|\n|t:|1701072689\n|move|p2a: Clawitzer|Dragon Pulse|p1a: Toxapex\n|-damage|p1a: Toxapex|61\/100\n|move|p1a: Toxapex|Surf|p2a: Clawitzer\n|-resisted|p2a: Clawitzer\n|-damage|p2a: Clawitzer|74\/100\n|\n|-heal|p1a: Toxapex|67\/100|[from] item: Black Sludge\n|upkeep\n|turn|24\n|\n|t:|1701072697\n|move|p2a: Clawitzer|Dark Pulse|p1a: Toxapex\n|-damage|p1a: Toxapex|39\/100\n|move|p1a: Toxapex|Recover|p1a: Toxapex\n|-heal|p1a: Toxapex|89\/100\n|\n|-heal|p1a: Toxapex|95\/100|[from] item: Black Sludge\n|upkeep\n|turn|25\n|\n|t:|1701072706\n|move|p2a: Clawitzer|Dark Pulse|p1a: Toxapex\n|-damage|p1a: Toxapex|64\/100\n|move|p1a: Toxapex|Surf|p2a: Clawitzer\n|-resisted|p2a: Clawitzer\n|-damage|p2a: Clawitzer|67\/100\n|\n|-heal|p1a: Toxapex|70\/100|[from] item: Black Sludge\n|upkeep\n|turn|26\n|\n|t:|1701072714\n|move|p2a: Clawitzer|Dragon Pulse|p1a: Toxapex\n|-damage|p1a: Toxapex|37\/100\n|move|p1a: Toxapex|Recover|p1a: Toxapex\n|-heal|p1a: Toxapex|87\/100\n|\n|-heal|p1a: Toxapex|93\/100|[from] item: Black Sludge\n|upkeep\n|turn|27\n|\n|t:|1701072722\n|move|p2a: Clawitzer|Dark Pulse|p1a: Toxapex\n|-damage|p1a: Toxapex|64\/100\n|move|p1a: Toxapex|Surf|p2a: Clawitzer\n|-resisted|p2a: Clawitzer\n|-damage|p2a: Clawitzer|60\/100\n|\n|-heal|p1a: Toxapex|71\/100|[from] item: Black Sludge\n|upkeep\n|turn|28\n|\n|t:|1701072731\n|move|p2a: Clawitzer|Dark Pulse|p1a: Toxapex\n|-damage|p1a: Toxapex|38\/100\n|move|p1a: Toxapex|Surf|p2a: Clawitzer\n|-resisted|p2a: Clawitzer\n|-damage|p2a: Clawitzer|53\/100\n|\n|-heal|p1a: Toxapex|45\/100|[from] item: Black Sludge\n|upkeep\n|turn|29\n|\n|t:|1701072739\n|move|p1a: Toxapex|Baneful Bunker|p1a: Toxapex\n|-singleturn|p1a: Toxapex|move: Protect\n|move|p2a: Clawitzer|Dragon Pulse|p1a: Toxapex\n|-activate|p1a: Toxapex|move: Protect\n|\n|-heal|p1a: Toxapex|51\/100|[from] item: Black Sludge\n|upkeep\n|turn|30\n|\n|t:|1701072745\n|move|p2a: Clawitzer|Dark Pulse|p1a: Toxapex\n|-damage|p1a: Toxapex|23\/100\n|move|p1a: Toxapex|Recover|p1a: Toxapex\n|-heal|p1a: Toxapex|73\/100\n|\n|-heal|p1a: Toxapex|79\/100|[from] item: Black Sludge\n|upkeep\n|turn|31\n|c|\u2606thattykid|pls\n|c|\u2606thattykid|stop\n|\n|t:|1701072754\n|move|p1a: Toxapex|Baneful Bunker|p1a: Toxapex\n|-singleturn|p1a: Toxapex|move: Protect\n|move|p2a: Clawitzer|Dragon Pulse|p1a: Toxapex\n|-activate|p1a: Toxapex|move: Protect\n|\n|-heal|p1a: Toxapex|85\/100|[from] item: Black Sludge\n|upkeep\n|turn|32\n|c|\u2606doobablooba|u first\n|\n|t:|1701072764\n|move|p2a: Clawitzer|Dark Pulse|p1a: Toxapex\n|-damage|p1a: Toxapex|54\/100\n|move|p1a: Toxapex|Surf|p2a: Clawitzer\n|-resisted|p2a: Clawitzer\n|-damage|p2a: Clawitzer|47\/100\n|\n|-heal|p1a: Toxapex|60\/100|[from] item: Black Sludge\n|upkeep\n|turn|33\n|\n|t:|1701072771\n|move|p1a: Toxapex|Baneful Bunker|p1a: Toxapex\n|-singleturn|p1a: Toxapex|move: Protect\n|move|p2a: Clawitzer|Dark Pulse|p1a: Toxapex\n|-activate|p1a: Toxapex|move: Protect\n|\n|-heal|p1a: Toxapex|67\/100|[from] item: Black Sludge\n|upkeep\n|turn|34\n|\n|t:|1701072780\n|move|p2a: Clawitzer|Dragon Pulse|p1a: Toxapex\n|-damage|p1a: Toxapex|37\/100\n|move|p1a: Toxapex|Recover|p1a: Toxapex\n|-heal|p1a: Toxapex|87\/100\n|\n|-heal|p1a: Toxapex|93\/100|[from] item: Black Sludge\n|upkeep\n|turn|35\n|\n|t:|1701072788\n|move|p1a: Toxapex|Baneful Bunker|p1a: Toxapex\n|-singleturn|p1a: Toxapex|move: Protect\n|move|p2a: Clawitzer|Dark Pulse|p1a: Toxapex\n|-activate|p1a: Toxapex|move: Protect\n|\n|-heal|p1a: Toxapex|99\/100|[from] item: Black Sludge\n|upkeep\n|turn|36\n|c|\u2606thattykid|u cant keep this up forever\n|\n|t:|1701072796\n|move|p2a: Clawitzer|Dark Pulse|p1a: Toxapex\n|-damage|p1a: Toxapex|68\/100\n|cant|p1a: Toxapex|flinch\n|\n|-heal|p1a: Toxapex|74\/100|[from] item: Black Sludge\n|upkeep\n|turn|37\n|c|\u2606thattykid|omg\n|c|\u2606doobablooba|yea but you can't either\n|c|\u2606thattykid|the fling\n|\n|t:|1701072819\n|move|p1a: Toxapex|Baneful Bunker|p1a: Toxapex\n|-singleturn|p1a: Toxapex|move: Protect\n|move|p2a: Clawitzer|Dragon Pulse|p1a: Toxapex\n|-activate|p1a: Toxapex|move: Protect\n|\n|-heal|p1a: Toxapex|80\/100|[from] item: Black Sludge\n|upkeep\n|turn|38\n|\n|t:|1701072828\n|move|p2a: Clawitzer|Dark Pulse|p1a: Toxapex\n|-damage|p1a: Toxapex|50\/100\n|move|p1a: Toxapex|Surf|p2a: Clawitzer\n|-resisted|p2a: Clawitzer\n|-damage|p2a: Clawitzer|41\/100\n|\n|-heal|p1a: Toxapex|56\/100|[from] item: Black Sludge\n|upkeep\n|turn|39\n|\n|t:|1701072836\n|move|p1a: Toxapex|Baneful Bunker|p1a: Toxapex\n|-singleturn|p1a: Toxapex|move: Protect\n|move|p2a: Clawitzer|Dark Pulse|p1a: Toxapex\n|-activate|p1a: Toxapex|move: Protect\n|\n|-heal|p1a: Toxapex|62\/100|[from] item: Black Sludge\n|upkeep\n|turn|40\n|\n|t:|1701072849\n|switch|p1a: CrowKnight|Corviknight, M|82\/100\n|-ability|p1a: CrowKnight|Pressure\n|move|p2a: Clawitzer|Dark Pulse|p1a: CrowKnight\n|-damage|p1a: CrowKnight|42\/100\n|\n|upkeep\n|turn|41\n|\n|t:|1701072860\n|move|p1a: CrowKnight|Roost|p1a: CrowKnight\n|-heal|p1a: CrowKnight|92\/100\n|-singleturn|p1a: CrowKnight|move: Roost\n|move|p2a: Clawitzer|Aura Sphere|p1a: CrowKnight\n|-supereffective|p1a: CrowKnight\n|-damage|p1a: CrowKnight|4\/100\n|\n|upkeep\n|turn|42\n|\n|t:|1701072871\n|move|p1a: CrowKnight|Drill Peck|p2a: Clawitzer\n|-damage|p2a: Clawitzer|15\/100\n|move|p2a: Clawitzer|Dark Pulse|p1a: CrowKnight\n|-damage|p1a: CrowKnight|0 fnt\n|faint|p1a: CrowKnight\n|\n|upkeep\n|c|\u2606thattykid|oh my\n|\n|t:|1701072901\n|switch|p1a: Green Dragon|Dragonite, F, shiny|14\/100\n|turn|43\n|c|\u2606doobablooba|clawizter can put in work trust\n|\n|t:|1701072909\n|move|p1a: Green Dragon|Protect|p1a: Green Dragon\n|-singleturn|p1a: Green Dragon|Protect\n|move|p2a: Clawitzer|Water Pulse|p1a: Green Dragon\n|-activate|p1a: Green Dragon|move: Protect\n|\n|-heal|p1a: Green Dragon|20\/100|[from] item: Leftovers\n|upkeep\n|turn|44\n|\n|t:|1701072916\n|move|p1a: Green Dragon|Roost|p1a: Green Dragon\n|-heal|p1a: Green Dragon|70\/100\n|-singleturn|p1a: Green Dragon|move: Roost\n|move|p2a: Clawitzer|Dragon Pulse|p1a: Green Dragon\n|-supereffective|p1a: Green Dragon\n|-damage|p1a: Green Dragon|0 fnt\n|faint|p1a: Green Dragon\n|\n|upkeep\n|c|\u2606thattykid|dude\n|c|\u2606thattykid|i hate u\n|c|\u2606thattykid|lol\n|c|\u2606thattykid|your last one\n|c|\u2606doobablooba|lol\n|c|\u2606thattykid|well played\n|\n|t:|1701072944\n|switch|p1a: Toxapex|Toxapex, F|95\/100\n|turn|45\n|\n|t:|1701072947\n|move|p2a: Clawitzer|Dark Pulse|p1a: Toxapex\n|-damage|p1a: Toxapex|68\/100\n|move|p1a: Toxapex|Surf|p2a: Clawitzer\n|-resisted|p2a: Clawitzer\n|-damage|p2a: Clawitzer|8\/100\n|\n|-heal|p1a: Toxapex|74\/100|[from] item: Black Sludge\n|upkeep\n|turn|46\n|\n|t:|1701072958\n|move|p1a: Toxapex|Baneful Bunker|p1a: Toxapex\n|-singleturn|p1a: Toxapex|move: Protect\n|move|p2a: Clawitzer|Dark Pulse|p1a: Toxapex\n|-activate|p1a: Toxapex|move: Protect\n|\n|-heal|p1a: Toxapex|80\/100|[from] item: Black Sludge\n|upkeep\n|turn|47\n|\n|t:|1701072966\n|move|p2a: Clawitzer|Dark Pulse|p1a: Toxapex\n|-damage|p1a: Toxapex|49\/100\n|cant|p1a: Toxapex|flinch\n|\n|-heal|p1a: Toxapex|55\/100|[from] item: Black Sludge\n|upkeep\n|turn|48\n|\n|t:|1701072973\n|move|p1a: Toxapex|Baneful Bunker|p1a: Toxapex\n|-singleturn|p1a: Toxapex|move: Protect\n|move|p2a: Clawitzer|Dark Pulse|p1a: Toxapex\n|-activate|p1a: Toxapex|move: Protect\n|\n|-heal|p1a: Toxapex|61\/100|[from] item: Black Sludge\n|upkeep\n|turn|49\n|\n|t:|1701072980\n|move|p2a: Clawitzer|Dark Pulse|p1a: Toxapex\n|-damage|p1a: Toxapex|29\/100\n|move|p1a: Toxapex|Surf|p2a: Clawitzer\n|-resisted|p2a: Clawitzer\n|-damage|p2a: Clawitzer|1\/100\n|\n|-heal|p1a: Toxapex|35\/100|[from] item: Black Sludge\n|upkeep\n|turn|50\n|\n|t:|1701072988\n|move|p1a: Toxapex|Baneful Bunker|p1a: Toxapex\n|-singleturn|p1a: Toxapex|move: Protect\n|move|p2a: Clawitzer|Water Pulse|p1a: Toxapex\n|-activate|p1a: Toxapex|move: Protect\n|\n|-heal|p1a: Toxapex|42\/100|[from] item: Black Sludge\n|upkeep\n|turn|51\n|\n|t:|1701072995\n|move|p2a: Clawitzer|Dark Pulse|p1a: Toxapex\n|-damage|p1a: Toxapex|11\/100\n|cant|p1a: Toxapex|flinch\n|\n|-heal|p1a: Toxapex|18\/100|[from] item: Black Sludge\n|upkeep\n|turn|52\n|c|\u2606thattykid|.....\n|c|\u2606doobablooba|LOL\n|c|\u2606thattykid|this game\n|\n|t:|1701073012\n|move|p1a: Toxapex|Baneful Bunker|p1a: Toxapex\n|-singleturn|p1a: Toxapex|move: Protect\n|move|p2a: Clawitzer|Aura Sphere|p1a: Toxapex\n|-activate|p1a: Toxapex|move: Protect\n|\n|-heal|p1a: Toxapex|24\/100|[from] item: Black Sludge\n|upkeep\n|turn|53\n|\n|t:|1701073027\n|move|p1a: Toxapex|Baneful Bunker||[still]\n|-fail|p1a: Toxapex\n|move|p2a: Clawitzer|Water Pulse|p1a: Toxapex\n|-resisted|p1a: Toxapex\n|-damage|p1a: Toxapex|6\/100\n|\n|-heal|p1a: Toxapex|13\/100|[from] item: Black Sludge\n|upkeep\n|turn|54\n|\n|t:|1701073035\n|move|p2a: Clawitzer|Water Pulse|p1a: Toxapex\n|-resisted|p1a: Toxapex\n|-damage|p1a: Toxapex|0 fnt\n|faint|p1a: Toxapex\n|\n|upkeep\n|c|\u2606thattykid|oh my\n|\n|t:|1701073042\n|switch|p1a: Round Thing|Glimmora, F, shiny|100\/100\n|turn|55\n|\n|t:|1701073045\n|move|p1a: Round Thing|Mortal Spin|p2a: Clawitzer\n|-damage|p2a: Clawitzer|0 fnt\n|faint|p2a: Clawitzer\n|\n|upkeep\n|\n|t:|1701073051\n|switch|p2a: Empoleon|Empoleon, M|100\/100\n|turn|56\n|c|\u2606doobablooba|tellin ya man clawitzer puts in that work\n|\n|t:|1701073069\n|move|p1a: Round Thing|Toxic|p2a: Empoleon\n|-status|p2a: Empoleon|tox\n|move|p2a: Empoleon|Surf|p1a: Round Thing\n|-supereffective|p1a: Round Thing\n|-damage|p1a: Round Thing|0 fnt\n|faint|p1a: Round Thing\n|\n|-damage|p2a: Empoleon|94\/100 tox|[from] psn\n|upkeep\n|c|\u2606thattykid|geez\n|\n|t:|1701073078\n|switch|p1a: Tumbles|Brambleghast, F|100\/100\n|turn|57\n|c|\u2606thattykid|gg\n|\n|t:|1701073084\n|move|p1a: Tumbles|Leech Seed|p2a: Empoleon\n|-start|p2a: Empoleon|move: Leech Seed\n|move|p2a: Empoleon|Ice Beam|p1a: Tumbles\n|-supereffective|p1a: Tumbles\n|-crit|p1a: Tumbles\n|-damage|p1a: Tumbles|0 fnt\n|faint|p1a: Tumbles\n|\n|-heal|p2a: Empoleon|100\/100 tox|[from] item: Leftovers\n|-damage|p2a: Empoleon|88\/100 tox|[from] psn\n|upkeep\n|c|\u2606doobablooba|gg\n|\n|t:|1701073093\n|switch|p1a: CrocoBoy|Skeledirge, F, shiny|100\/100\n|turn|58\n|\n|t:|1701073098\n|move|p1a: CrocoBoy|Torch Song|p2a: Empoleon\n|-damage|p2a: Empoleon|61\/100 tox\n|-boost|p1a: CrocoBoy|spa|1\n|move|p2a: Empoleon|Surf|p1a: CrocoBoy\n|-supereffective|p1a: CrocoBoy\n|-damage|p1a: CrocoBoy|17\/100\n|\n|-heal|p2a: Empoleon|67\/100 tox|[from] item: Leftovers\n|-damage|p2a: Empoleon|55\/100 tox|[from] Leech Seed|[of] p1a: CrocoBoy\n|-heal|p1a: CrocoBoy|29\/100|[silent]\n|-damage|p2a: Empoleon|36\/100 tox|[from] psn\n|upkeep\n|turn|59\n|c|\u2606thattykid|oops\n|c|\u2606thattykid|didnt tera\n|\n|t:|1701073117\n|switch|p2a: Ceruledge|Ceruledge, M|100\/100\n|-status|p2a: Ceruledge|tox\n|-terastallize|p1a: CrocoBoy|Fairy\n|move|p1a: CrocoBoy|Slack Off|p1a: CrocoBoy\n|-heal|p1a: CrocoBoy|79\/100\n|\n|-damage|p2a: Ceruledge|94\/100 tox|[from] psn\n|upkeep\n|turn|60\n|\n|t:|1701073128\n|move|p2a: Ceruledge|Poltergeist|p1a: CrocoBoy\n|-activate|p1a: CrocoBoy|move: Poltergeist|Heavy-Duty Boots\n|-damage|p1a: CrocoBoy|17\/100\n|move|p1a: CrocoBoy|Substitute|p1a: CrocoBoy\n|-fail|p1a: CrocoBoy|move: Substitute|[weak]\n|\n|-damage|p2a: Ceruledge|82\/100 tox|[from] psn\n|upkeep\n|turn|61\n|c|\u2606thattykid|nice GG\n|\n|t:|1701073138\n|move|p2a: Ceruledge|Poltergeist|p1a: CrocoBoy\n|-activate|p1a: CrocoBoy|move: Poltergeist|Heavy-Duty Boots\n|-damage|p1a: CrocoBoy|0 fnt\n|faint|p1a: CrocoBoy\n|\n|win|doobablooba\n|c|\u2606doobablooba|gg man\n","uploadtime":1701073152,"views":4,"p1id":"thattykid","p2id":"doobablooba","formatid":"gen9ou","rating":0,"private":0,"password":""}