{"id":"gen9ou-1989416740","p1":"Pyrose44","p2":"paradox 420","format":"[Gen 9] OU","log":"|j|\u2606Pyrose44\n|j|\u2606paradox 420\n|t:|1699847492\n|gametype|singles\n|player|p1|Pyrose44|clown|1155\n|player|p2|paradox 420|preschooler|1225\n|teamsize|p1|6\n|teamsize|p2|6\n|gen|9\n|tier|[Gen 9] OU\n|rated|\n|rule|Sleep Clause Mod: Limit one foe put to sleep\n|rule|Species Clause: Limit one of each Pok\u00e9mon\n|rule|OHKO Clause: OHKO moves are banned\n|rule|Evasion Items Clause: Evasion items are banned\n|rule|Evasion Moves Clause: Evasion moves are banned\n|rule|Endless Battle Clause: Forcing endless battles is banned\n|rule|HP Percentage Mod: HP is shown in percentages\n|clearpoke\n|poke|p1|Gholdengo|\n|poke|p1|Great Tusk|\n|poke|p1|Dragonite, F|\n|poke|p1|Clefable, M|\n|poke|p1|Ogerpon-Wellspring, F|\n|poke|p1|Iron Moth|\n|poke|p2|Ribombee, M|\n|poke|p2|Gholdengo|\n|poke|p2|Kingambit, M|\n|poke|p2|Ogerpon-Cornerstone, F|\n|poke|p2|Manaphy|\n|poke|p2|Iron Moth|\n|teampreview\n|c|\u2606paradox 420|glhf\n|\n|t:|1699847509\n|start\n|switch|p1a: Clefable|Clefable, M|100\/100\n|switch|p2a: Ribombee|Ribombee, M|100\/100\n|turn|1\n|\n|t:|1699847520\n|move|p2a: Ribombee|Stun Spore|p1a: Clefable\n|-status|p1a: Clefable|par\n|cant|p1a: Clefable|par\n|\n|upkeep\n|turn|2\n|\n|t:|1699847525\n|move|p2a: Ribombee|Sticky Web|p1a: Clefable\n|-sidestart|p1: Pyrose44|move: Sticky Web\n|move|p1a: Clefable|Light Screen|p1a: Clefable\n|-sidestart|p1: Pyrose44|move: Light Screen\n|\n|upkeep\n|turn|3\n|\n|t:|1699847530\n|move|p2a: Ribombee|Moonblast|p1a: Clefable\n|-damage|p1a: Clefable|83\/100 par\n|move|p1a: Clefable|Reflect|p1a: Clefable\n|-sidestart|p1: Pyrose44|Reflect\n|\n|upkeep\n|turn|4\n|\n|t:|1699847536\n|switch|p1a: Iron Moth|Iron Moth|100\/100\n|-activate|p1a: Iron Moth|move: Sticky Web\n|-unboost|p1a: Iron Moth|spe|1\n|-enditem|p1a: Iron Moth|Booster Energy\n|-activate|p1a: Iron Moth|ability: Quark Drive|[fromitem]\n|-start|p1a: Iron Moth|quarkdrivespa\n|move|p2a: Ribombee|Moonblast|p1a: Iron Moth\n|-resisted|p1a: Iron Moth\n|-damage|p1a: Iron Moth|96\/100\n|\n|upkeep\n|turn|5\n|\n|t:|1699847546\n|move|p2a: Ribombee|Psychic|p1a: Iron Moth\n|-supereffective|p1a: Iron Moth\n|-damage|p1a: Iron Moth|71\/100\n|move|p1a: Iron Moth|Substitute|p1a: Iron Moth\n|-start|p1a: Iron Moth|Substitute\n|-damage|p1a: Iron Moth|46\/100\n|\n|upkeep\n|turn|6\n|\n|t:|1699847553\n|move|p2a: Ribombee|Psychic|p1a: Iron Moth\n|-supereffective|p1a: Iron Moth\n|-activate|p1a: Iron Moth|move: Substitute|[damage]\n|move|p1a: Iron Moth|Fiery Dance|p2a: Ribombee\n|-supereffective|p2a: Ribombee\n|-enditem|p2a: Ribombee|Focus Sash\n|-damage|p2a: Ribombee|1\/100\n|\n|upkeep\n|turn|7\n|\n|t:|1699847561\n|move|p2a: Ribombee|Psychic|p1a: Iron Moth\n|-supereffective|p1a: Iron Moth\n|-end|p1a: Iron Moth|Substitute\n|move|p1a: Iron Moth|Fiery Dance|p2a: Ribombee\n|-supereffective|p2a: Ribombee\n|-damage|p2a: Ribombee|0 fnt\n|faint|p2a: Ribombee\n|\n|upkeep\n|\n|t:|1699847581\n|switch|p2a: Ogerpon|Ogerpon-Cornerstone, F|100\/100\n|turn|8\n|\n|t:|1699847587\n|move|p2a: Ogerpon|Ivy Cudgel|p1a: Iron Moth\n|-supereffective|p1a: Iron Moth\n|-damage|p1a: Iron Moth|0 fnt\n|faint|p1a: Iron Moth\n|-end|p1a: Iron Moth|Quark Drive|[silent]\n|\n|upkeep\n|\n|t:|1699847595\n|switch|p1a: Ogerpon|Ogerpon-Wellspring, F|100\/100\n|-activate|p1a: Ogerpon|move: Sticky Web\n|-unboost|p1a: Ogerpon|spe|1\n|turn|9\n|\n|t:|1699847602\n|move|p2a: Ogerpon|Swords Dance|p2a: Ogerpon\n|-boost|p2a: Ogerpon|atk|2\n|move|p1a: Ogerpon|Ivy Cudgel|p2a: Ogerpon\n|-damage|p2a: Ogerpon|18\/100\n|\n|-sideend|p1: Pyrose44|move: Light Screen\n|upkeep\n|turn|10\n|\n|t:|1699847614\n|move|p2a: Ogerpon|Ivy Cudgel|p1a: Ogerpon\n|-damage|p1a: Ogerpon|17\/100\n|move|p1a: Ogerpon|Ivy Cudgel|p2a: Ogerpon\n|-damage|p2a: Ogerpon|0 fnt\n|faint|p2a: Ogerpon\n|\n|-sideend|p1: Pyrose44|Reflect\n|upkeep\n|\n|t:|1699847668\n|switch|p2a: Iron Moth|Iron Moth|100\/100\n|-enditem|p2a: Iron Moth|Booster Energy\n|-activate|p2a: Iron Moth|ability: Quark Drive|[fromitem]\n|-start|p2a: Iron Moth|quarkdrivespa\n|turn|11\n|\n|t:|1699847673\n|move|p2a: Iron Moth|Fiery Dance|p1a: Ogerpon\n|-damage|p1a: Ogerpon|0 fnt\n|-boost|p2a: Iron Moth|spa|1\n|faint|p1a: Ogerpon\n|\n|upkeep\n|\n|t:|1699847679\n|switch|p1a: Great Tusk|Great Tusk, shiny|100\/100\n|-activate|p1a: Great Tusk|move: Sticky Web\n|-unboost|p1a: Great Tusk|spe|1\n|turn|12\n|\n|t:|1699847685\n|move|p2a: Iron Moth|Energy Ball|p1a: Great Tusk\n|-supereffective|p1a: Great Tusk\n|-damage|p1a: Great Tusk|0 fnt\n|faint|p1a: Great Tusk\n|-end|p1a: Great Tusk|Protosynthesis|[silent]\n|\n|upkeep\n|\n|t:|1699847692\n|switch|p1a: Clefable|Clefable, M|83\/100 par\n|-activate|p1a: Clefable|move: Sticky Web\n|-unboost|p1a: Clefable|spe|1\n|turn|13\n|\n|t:|1699847698\n|move|p2a: Iron Moth|Sludge Wave|p1a: Clefable\n|-supereffective|p1a: Clefable\n|-damage|p1a: Clefable|0 fnt\n|faint|p1a: Clefable\n|\n|upkeep\n|\n|t:|1699847702\n|switch|p1a: Dragonite|Dragonite, F|100\/100\n|turn|14\n|\n|t:|1699847709\n|move|p1a: Dragonite|Extreme Speed|p2a: Iron Moth\n|-damage|p2a: Iron Moth|56\/100\n|move|p2a: Iron Moth|Sludge Wave|p1a: Dragonite\n|-damage|p1a: Dragonite|59\/100\n|\n|-heal|p1a: Dragonite|66\/100|[from] item: Leftovers\n|upkeep\n|turn|15\n|\n|t:|1699847717\n|-terastallize|p1a: Dragonite|Normal\n|move|p1a: Dragonite|Extreme Speed|p2a: Iron Moth\n|-damage|p2a: Iron Moth|0 fnt\n|faint|p2a: Iron Moth\n|-end|p2a: Iron Moth|Quark Drive|[silent]\n|\n|-heal|p1a: Dragonite|72\/100|[from] item: Leftovers\n|upkeep\n|\n|t:|1699847726\n|switch|p2a: Gholdengo|Gholdengo|100\/100\n|turn|16\n|\n|t:|1699847745\n|move|p2a: Gholdengo|Make It Rain|p1a: Dragonite\n|-damage|p1a: Dragonite|18\/100\n|-unboost|p2a: Gholdengo|spa|1\n|move|p1a: Dragonite|Substitute|p1a: Dragonite\n|-fail|p1a: Dragonite|move: Substitute|[weak]\n|\n|-heal|p1a: Dragonite|24\/100|[from] item: Leftovers\n|upkeep\n|turn|17\n|\n|t:|1699847756\n|move|p2a: Gholdengo|Nasty Plot|p2a: Gholdengo\n|-boost|p2a: Gholdengo|spa|2\n|move|p1a: Dragonite|Ice Spinner|p2a: Gholdengo\n|-resisted|p2a: Gholdengo\n|-damage|p2a: Gholdengo|86\/100\n|\n|-heal|p2a: Gholdengo|92\/100|[from] item: Leftovers\n|-heal|p1a: Dragonite|31\/100|[from] item: Leftovers\n|upkeep\n|turn|18\n|\n|t:|1699847764\n|move|p2a: Gholdengo|Make It Rain|p1a: Dragonite\n|-damage|p1a: Dragonite|0 fnt\n|-unboost|p2a: Gholdengo|spa|1\n|faint|p1a: Dragonite\n|\n|-heal|p2a: Gholdengo|98\/100|[from] item: Leftovers\n|upkeep\n|\n|t:|1699847772\n|switch|p1a: Gholdengo|Gholdengo|100\/100\n|-activate|p1a: Gholdengo|move: Sticky Web\n|-unboost|p1a: Gholdengo|spe|1\n|turn|19\n|\n|t:|1699847778\n|move|p2a: Gholdengo|Shadow Ball|p1a: Gholdengo\n|-supereffective|p1a: Gholdengo\n|-damage|p1a: Gholdengo|5\/100\n|move|p1a: Gholdengo|Thunderbolt|p2a: Gholdengo\n|-damage|p2a: Gholdengo|39\/100\n|\n|-heal|p2a: Gholdengo|45\/100|[from] item: Leftovers\n|upkeep\n|turn|20\n|\n|t:|1699847785\n|-terastallize|p2a: Gholdengo|Flying\n|move|p2a: Gholdengo|Make It Rain|p1a: Gholdengo\n|-resisted|p1a: Gholdengo\n|-damage|p1a: Gholdengo|0 fnt\n|-unboost|p2a: Gholdengo|spa|1\n|faint|p1a: Gholdengo\n|\n|win|paradox 420\n|raw|Pyrose44's rating: 1155 &rarr; <strong>1135<\/strong><br \/>(-20 for losing)\n|raw|paradox 420's rating: 1225 &rarr; <strong>1245<\/strong><br \/>(+20 for winning)\n|l|\u2606Pyrose44\n","uploadtime":1699847791,"views":25,"p1id":"pyrose44","p2id":"paradox420","formatid":"gen9ou","rating":1135,"private":0,"password":""}