{"id":"gen9ou-1997662674","p1":"aethyia","p2":"fabxorusVGC","format":"[Gen 9] OU","log":"|j|\u2606aethyia\n|j|\u2606fabxorusVGC\n|t:|1700839034\n|gametype|singles\n|player|p1|aethyia|rocketgrunt|1103\n|player|p2|fabxorusVGC|hilbert|1060\n|teamsize|p1|6\n|teamsize|p2|6\n|gen|9\n|tier|[Gen 9] OU\n|rated|\n|rule|Sleep Clause Mod: Limit one foe put to sleep\n|rule|Species Clause: Limit one of each Pok\u00e9mon\n|rule|OHKO Clause: OHKO moves are banned\n|rule|Evasion Items Clause: Evasion items are banned\n|rule|Evasion Moves Clause: Evasion moves are banned\n|rule|Endless Battle Clause: Forcing endless battles is banned\n|rule|HP Percentage Mod: HP is shown in percentages\n|clearpoke\n|poke|p1|Kingambit, F|\n|poke|p1|Glimmora, F|\n|poke|p1|Zamazenta-*|\n|poke|p1|Iron Valiant|\n|poke|p1|Iron Moth|\n|poke|p1|Ogerpon-Wellspring, F|\n|poke|p2|Armarouge, F|\n|poke|p2|Gyarados, M|\n|poke|p2|Arcanine, M|\n|poke|p2|Corviknight, M|\n|poke|p2|Milotic, F|\n|poke|p2|Garchomp, M|\n|teampreview\n|inactive|Battle timer is ON: inactive players will automatically lose when time's up. (requested by fabxorusVGC)\n|\n|t:|1700839065\n|start\n|switch|p1a: Glimmora|Glimmora, F|100\/100\n|switch|p2a: Arcanine|Arcanine, M|100\/100\n|-ability|p2a: Arcanine|Intimidate|boost\n|-unboost|p1a: Glimmora|atk|1\n|turn|1\n|\n|t:|1700839079\n|switch|p2a: Corviknight|Corviknight, M, shiny|100\/100\n|move|p1a: Glimmora|Stealth Rock|p2a: Corviknight\n|-sidestart|p2: fabxorusVGC|move: Stealth Rock\n|\n|upkeep\n|turn|2\n|\n|t:|1700839090\n|move|p1a: Glimmora|Power Gem|p2a: Corviknight\n|-damage|p2a: Corviknight|65\/100\n|move|p2a: Corviknight|Defog|p1a: Glimmora\n|-unboost|p1a: Glimmora|evasion|1\n|-sideend|p2: fabxorusVGC|Stealth Rock|[from] move: Defog|[of] p2a: Corviknight\n|\n|upkeep\n|turn|3\n|\n|t:|1700839097\n|switch|p2a: Milotic|Milotic, F, shiny|100\/100\n|move|p1a: Glimmora|Stealth Rock|p2a: Milotic\n|-sidestart|p2: fabxorusVGC|move: Stealth Rock\n|\n|upkeep\n|turn|4\n|\n|t:|1700839106\n|move|p1a: Glimmora|Earth Power|p2a: Milotic\n|-damage|p2a: Milotic|81\/100\n|move|p2a: Milotic|Scald|p1a: Glimmora\n|-supereffective|p1a: Glimmora\n|-damage|p1a: Glimmora|15\/100\n|\n|-heal|p2a: Milotic|87\/100|[from] item: Leftovers\n|upkeep\n|turn|5\n|\n|t:|1700839119\n|move|p1a: Glimmora|Power Gem|p2a: Milotic\n|-damage|p2a: Milotic|64\/100\n|move|p2a: Milotic|Ice Beam|p1a: Glimmora\n|-damage|p1a: Glimmora|0 fnt\n|faint|p1a: Glimmora\n|\n|-heal|p2a: Milotic|70\/100|[from] item: Leftovers\n|upkeep\n|\n|t:|1700839131\n|switch|p1a: Iron Valiant|Iron Valiant|100\/100\n|-enditem|p1a: Iron Valiant|Booster Energy\n|-activate|p1a: Iron Valiant|ability: Quark Drive|[fromitem]\n|-start|p1a: Iron Valiant|quarkdrivespe\n|turn|6\n|\n|t:|1700839138\n|move|p1a: Iron Valiant|Hypnosis|p2a: Milotic\n|-status|p2a: Milotic|slp|[from] move: Hypnosis\n|cant|p2a: Milotic|slp\n|\n|-heal|p2a: Milotic|76\/100 slp|[from] item: Leftovers\n|upkeep\n|turn|7\n|\n|t:|1700839155\n|switch|p2a: Corviknight|Corviknight, M, shiny|65\/100\n|-damage|p2a: Corviknight|52\/100|[from] Stealth Rock\n|move|p1a: Iron Valiant|Calm Mind|p1a: Iron Valiant\n|-boost|p1a: Iron Valiant|spa|1\n|-boost|p1a: Iron Valiant|spd|1\n|\n|upkeep\n|turn|8\n|\n|t:|1700839173\n|move|p1a: Iron Valiant|Psyshock|p2a: Corviknight\n|-resisted|p2a: Corviknight\n|-damage|p2a: Corviknight|39\/100\n|move|p2a: Corviknight|Defog|p1a: Iron Valiant\n|-unboost|p1a: Iron Valiant|evasion|1\n|-sideend|p2: fabxorusVGC|Stealth Rock|[from] move: Defog|[of] p2a: Corviknight\n|\n|upkeep\n|turn|9\n|inactive|aethyia has 120 seconds left.\n|\n|t:|1700839204\n|move|p1a: Iron Valiant|Psyshock|p2a: Corviknight\n|-resisted|p2a: Corviknight\n|-damage|p2a: Corviknight|27\/100\n|move|p2a: Corviknight|Roost|p2a: Corviknight\n|-heal|p2a: Corviknight|77\/100\n|-singleturn|p2a: Corviknight|move: Roost\n|\n|upkeep\n|turn|10\n|inactive|aethyia has 120 seconds left.\n|\n|t:|1700839214\n|move|p1a: Iron Valiant|Calm Mind|p1a: Iron Valiant\n|-boost|p1a: Iron Valiant|spa|1\n|-boost|p1a: Iron Valiant|spd|1\n|move|p2a: Corviknight|Brave Bird|p1a: Iron Valiant\n|-supereffective|p1a: Iron Valiant\n|-damage|p1a: Iron Valiant|1\/100\n|-damage|p2a: Corviknight|53\/100|[from] Recoil\n|\n|upkeep\n|turn|11\n|inactive|aethyia has 120 seconds left.\n|\n|t:|1700839239\n|move|p1a: Iron Valiant|Psyshock|p2a: Corviknight\n|-resisted|p2a: Corviknight\n|-damage|p2a: Corviknight|34\/100\n|move|p2a: Corviknight|Roost|p2a: Corviknight\n|-heal|p2a: Corviknight|84\/100\n|-singleturn|p2a: Corviknight|move: Roost\n|\n|upkeep\n|turn|12\n|\n|t:|1700839252\n|-end|p1a: Iron Valiant|Quark Drive|[silent]\n|switch|p1a: Kingambit|Kingambit, F|100\/100\n|-activate|p1a: Kingambit|ability: Supreme Overlord\n|-start|p1a: Kingambit|fallen1|[silent]\n|move|p2a: Corviknight|U-turn|p1a: Kingambit\n|-damage|p1a: Kingambit|88\/100\n|\n|t:|1700839266\n|switch|p2a: Armarouge|Armarouge, F|100\/100|[from] U-turn\n|\n|upkeep\n|turn|13\n|inactive|aethyia has 120 seconds left.\n|\n|t:|1700839279\n|-terastallize|p1a: Kingambit|Flying\n|move|p2a: Armarouge|Armor Cannon|p1a: Kingambit\n|-damage|p1a: Kingambit|32\/100\n|-unboost|p2a: Armarouge|def|1\n|-unboost|p2a: Armarouge|spd|1\n|move|p1a: Kingambit|Swords Dance|p1a: Kingambit\n|-boost|p1a: Kingambit|atk|2\n|\n|upkeep\n|turn|14\n|inactive|aethyia has 120 seconds left.\n|\n|t:|1700839297\n|switch|p2a: Arcanine|Arcanine, M|100\/100\n|-ability|p2a: Arcanine|Intimidate|boost\n|-unboost|p1a: Kingambit|atk|1\n|move|p1a: Kingambit|Sucker Punch||[still]\n|-fail|p1a: Kingambit\n|\n|upkeep\n|turn|15\n|inactive|aethyia has 120 seconds left.\n|inactive|fabxorusVGC has 120 seconds left.\n|\n|t:|1700839324\n|switch|p2a: Gyarados|Gyarados, M, shiny|100\/100\n|-ability|p2a: Gyarados|Intimidate|boost\n|-unboost|p1a: Kingambit|atk|1\n|move|p1a: Kingambit|Sucker Punch||[still]\n|-fail|p1a: Kingambit\n|\n|upkeep\n|turn|16\n|inactive|aethyia has 120 seconds left.\n|inactive|fabxorusVGC has 120 seconds left.\n|\n|t:|1700839339\n|switch|p2a: Arcanine|Arcanine, M|100\/100\n|-ability|p2a: Arcanine|Intimidate|boost\n|-unboost|p1a: Kingambit|atk|1\n|-end|p1a: Kingambit|fallen1|[silent]\n|switch|p1a: Ogerpon|Ogerpon-Wellspring, F|100\/100\n|\n|upkeep\n|turn|17\n|inactive|aethyia has 120 seconds left.\n|inactive|fabxorusVGC has 120 seconds left.\n|\n|t:|1700839351\n|switch|p2a: Gyarados|Gyarados, M, shiny|100\/100\n|-ability|p2a: Gyarados|Intimidate|boost\n|-unboost|p1a: Ogerpon|atk|1\n|move|p1a: Ogerpon|Swords Dance|p1a: Ogerpon\n|-boost|p1a: Ogerpon|atk|2\n|\n|upkeep\n|turn|18\n|inactive|fabxorusVGC has 120 seconds left.\n|inactive|aethyia has 120 seconds left.\n|\n|t:|1700839364\n|switch|p2a: Arcanine|Arcanine, M|100\/100\n|-ability|p2a: Arcanine|Intimidate|boost\n|-unboost|p1a: Ogerpon|atk|1\n|move|p1a: Ogerpon|Knock Off|p2a: Arcanine\n|-damage|p2a: Arcanine|72\/100\n|-damage|p1a: Ogerpon|84\/100|[from] item: Rocky Helmet|[of] p2a: Arcanine\n|-enditem|p2a: Arcanine|Rocky Helmet|[from] move: Knock Off|[of] p1a: Ogerpon\n|\n|upkeep\n|turn|19\n|inactive|fabxorusVGC has 120 seconds left.\n|\n|t:|1700839378\n|-terastallize|p2a: Arcanine|Grass\n|move|p1a: Ogerpon|Swords Dance|p1a: Ogerpon\n|-boost|p1a: Ogerpon|atk|2\n|move|p2a: Arcanine|Will-O-Wisp|p1a: Ogerpon\n|-status|p1a: Ogerpon|brn\n|\n|-damage|p1a: Ogerpon|78\/100 brn|[from] brn\n|upkeep\n|turn|20\n|inactive|fabxorusVGC has 120 seconds left.\n|\n|t:|1700839391\n|switch|p2a: Gyarados|Gyarados, M, shiny|100\/100\n|-ability|p2a: Gyarados|Intimidate|boost\n|-unboost|p1a: Ogerpon|atk|1\n|move|p1a: Ogerpon|Knock Off|p2a: Gyarados\n|-damage|p2a: Gyarados|72\/100\n|-enditem|p2a: Gyarados|Figy Berry|[from] move: Knock Off|[of] p1a: Ogerpon\n|\n|-damage|p1a: Ogerpon|72\/100 brn|[from] brn\n|upkeep\n|turn|21\n|inactive|fabxorusVGC has 120 seconds left.\n|inactive|aethyia has 120 seconds left.\n|\n|t:|1700839407\n|switch|p2a: Arcanine|Arcanine, M, tera:Grass|72\/100\n|-ability|p2a: Arcanine|Intimidate|boost\n|-unboost|p1a: Ogerpon|atk|1\n|move|p1a: Ogerpon|Ivy Cudgel|p2a: Arcanine|[anim] Ivy Cudgel Water\n|-resisted|p2a: Arcanine\n|-damage|p2a: Arcanine|61\/100\n|\n|-damage|p1a: Ogerpon|66\/100 brn|[from] brn\n|upkeep\n|turn|22\n|\n|t:|1700839422\n|switch|p1a: Iron Moth|Iron Moth|100\/100\n|-enditem|p1a: Iron Moth|Booster Energy\n|-activate|p1a: Iron Moth|ability: Quark Drive|[fromitem]\n|-start|p1a: Iron Moth|quarkdrivespe\n|switch|p2a: Gyarados|Gyarados, M, shiny|72\/100\n|-ability|p2a: Gyarados|Intimidate|boost\n|-unboost|p1a: Iron Moth|atk|1\n|\n|upkeep\n|turn|23\n|\n|t:|1700839438\n|move|p1a: Iron Moth|Substitute|p1a: Iron Moth\n|-start|p1a: Iron Moth|Substitute\n|-damage|p1a: Iron Moth|76\/100\n|move|p2a: Gyarados|Earthquake|p1a: Iron Moth\n|-supereffective|p1a: Iron Moth\n|-end|p1a: Iron Moth|Substitute\n|\n|upkeep\n|turn|24\n|inactive|aethyia has 120 seconds left.\n|\n|t:|1700839453\n|-end|p1a: Iron Moth|Quark Drive|[silent]\n|switch|p1a: Iron Valiant|Iron Valiant|1\/100\n|move|p2a: Gyarados|Earthquake|p1a: Iron Valiant\n|-damage|p1a: Iron Valiant|0 fnt\n|faint|p1a: Iron Valiant\n|-end|p1a: Iron Valiant|Quark Drive|[silent]\n|\n|upkeep\n|inactive|aethyia has 120 seconds left.\n|\n|t:|1700839461\n|switch|p1a: Zamazenta|Zamazenta, shiny|100\/100\n|-ability|p1a: Zamazenta|Dauntless Shield|boost\n|-boost|p1a: Zamazenta|def|1\n|turn|25\n|\n|t:|1700839471\n|switch|p2a: Arcanine|Arcanine, M, tera:Grass|61\/100\n|-ability|p2a: Arcanine|Intimidate|boost\n|-unboost|p1a: Zamazenta|atk|1\n|move|p1a: Zamazenta|Stone Edge|p2a: Arcanine\n|-damage|p2a: Arcanine|46\/100\n|\n|upkeep\n|turn|26\n|inactive|aethyia has 120 seconds left.\n|\n|t:|1700839493\n|switch|p2a: Gyarados|Gyarados, M, shiny|72\/100\n|-ability|p2a: Gyarados|Intimidate|boost\n|-unboost|p1a: Zamazenta|atk|1\n|move|p1a: Zamazenta|Body Press|p2a: Gyarados\n|-resisted|p2a: Gyarados\n|-damage|p2a: Gyarados|48\/100\n|\n|upkeep\n|turn|27\n|inactive|aethyia has 120 seconds left.\n|\n|t:|1700839514\n|switch|p1a: Iron Moth|Iron Moth|76\/100\n|switch|p2a: Corviknight|Corviknight, M, shiny|84\/100\n|\n|upkeep\n|turn|28\n|\n|t:|1700839523\n|switch|p2a: Milotic|Milotic, F, shiny|76\/100 slp\n|move|p1a: Iron Moth|Fiery Dance|p2a: Milotic\n|-resisted|p2a: Milotic\n|-crit|p2a: Milotic\n|-damage|p2a: Milotic|60\/100 slp\n|\n|-heal|p2a: Milotic|66\/100 slp|[from] item: Leftovers\n|upkeep\n|turn|29\n|inactive|fabxorusVGC has 120 seconds left.\n|\n|t:|1700839535\n|move|p1a: Iron Moth|Substitute|p1a: Iron Moth\n|-start|p1a: Iron Moth|Substitute\n|-damage|p1a: Iron Moth|51\/100\n|cant|p2a: Milotic|slp\n|\n|-heal|p2a: Milotic|72\/100 slp|[from] item: Leftovers\n|upkeep\n|turn|30\n|inactive|fabxorusVGC has 120 seconds left.\n|\n|t:|1700839543\n|move|p1a: Iron Moth|Fiery Dance|p2a: Milotic\n|-resisted|p2a: Milotic\n|-crit|p2a: Milotic\n|-damage|p2a: Milotic|55\/100 slp\n|-curestatus|p2a: Milotic|slp|[msg]\n|move|p2a: Milotic|Recover|p2a: Milotic\n|-heal|p2a: Milotic|100\/100\n|\n|upkeep\n|turn|31\n|inactive|aethyia has 120 seconds left.\n|inactive|fabxorusVGC has 120 seconds left.\n|\n|t:|1700839554\n|move|p1a: Iron Moth|Sludge Wave|p2a: Milotic\n|-damage|p2a: Milotic|72\/100\n|move|p2a: Milotic|Scald|p1a: Iron Moth\n|-supereffective|p1a: Iron Moth\n|-end|p1a: Iron Moth|Substitute\n|\n|-heal|p2a: Milotic|78\/100|[from] item: Leftovers\n|upkeep\n|turn|32\n|inactive|aethyia has 120 seconds left.\n|inactive|fabxorusVGC has 120 seconds left.\n|\n|t:|1700839566\n|-end|p1a: Iron Moth|Quark Drive|[silent]\n|switch|p1a: Ogerpon|Ogerpon-Wellspring, F|66\/100 brn\n|move|p2a: Milotic|Scald|p1a: Ogerpon\n|-heal|p1a: Ogerpon|91\/100 brn|[from] ability: Water Absorb|[of] p2a: Milotic\n|\n|-heal|p2a: Milotic|85\/100|[from] item: Leftovers\n|-damage|p1a: Ogerpon|85\/100 brn|[from] brn\n|upkeep\n|turn|33\n|inactive|aethyia has 120 seconds left.\n|inactive|fabxorusVGC has 120 seconds left.\n|\n|t:|1700839578\n|switch|p2a: Gyarados|Gyarados, M, shiny|48\/100\n|-ability|p2a: Gyarados|Intimidate|boost\n|-unboost|p1a: Ogerpon|atk|1\n|move|p1a: Ogerpon|Swords Dance|p1a: Ogerpon\n|-boost|p1a: Ogerpon|atk|2\n|\n|-damage|p1a: Ogerpon|79\/100 brn|[from] brn\n|upkeep\n|turn|34\n|inactive|aethyia has 120 seconds left.\n|inactive|fabxorusVGC has 120 seconds left.\n|\n|t:|1700839591\n|switch|p2a: Arcanine|Arcanine, M, tera:Grass|46\/100\n|-ability|p2a: Arcanine|Intimidate|boost\n|-unboost|p1a: Ogerpon|atk|1\n|move|p1a: Ogerpon|Power Whip|p2a: Arcanine\n|-resisted|p2a: Arcanine\n|-damage|p2a: Arcanine|33\/100\n|\n|-damage|p1a: Ogerpon|73\/100 brn|[from] brn\n|upkeep\n|turn|35\n|inactive|fabxorusVGC has 120 seconds left.\n|\n|t:|1700839602\n|move|p1a: Ogerpon|Power Whip|p2a: Arcanine\n|-resisted|p2a: Arcanine\n|-damage|p2a: Arcanine|20\/100\n|move|p2a: Arcanine|Morning Sun|p2a: Arcanine\n|-heal|p2a: Arcanine|70\/100\n|\n|-damage|p1a: Ogerpon|67\/100 brn|[from] brn\n|upkeep\n|turn|36\n|inactive|fabxorusVGC has 120 seconds left.\n|\n|t:|1700839614\n|switch|p1a: Zamazenta|Zamazenta, shiny|100\/100\n|move|p2a: Arcanine|Morning Sun|p2a: Arcanine\n|-heal|p2a: Arcanine|100\/100\n|\n|upkeep\n|turn|37\n|\n|t:|1700839622\n|move|p1a: Zamazenta|Stone Edge|p2a: Arcanine\n|-damage|p2a: Arcanine|75\/100\n|move|p2a: Arcanine|Will-O-Wisp|p1a: Zamazenta\n|-status|p1a: Zamazenta|brn\n|\n|-damage|p1a: Zamazenta|94\/100 brn|[from] brn\n|upkeep\n|turn|38\n|\n|t:|1700839636\n|switch|p1a: Iron Moth|Iron Moth|51\/100\n|move|p2a: Arcanine|Morning Sun|p2a: Arcanine\n|-heal|p2a: Arcanine|100\/100\n|\n|upkeep\n|turn|39\n|\n|t:|1700839645\n|switch|p2a: Milotic|Milotic, F, shiny|85\/100\n|move|p1a: Iron Moth|Fiery Dance|p2a: Milotic\n|-resisted|p2a: Milotic\n|-damage|p2a: Milotic|74\/100\n|-boost|p1a: Iron Moth|spa|1\n|\n|-heal|p2a: Milotic|80\/100|[from] item: Leftovers\n|upkeep\n|turn|40\n|\n|t:|1700839658\n|move|p1a: Iron Moth|Sludge Wave|p2a: Milotic\n|-damage|p2a: Milotic|38\/100\n|move|p2a: Milotic|Scald|p1a: Iron Moth\n|-supereffective|p1a: Iron Moth\n|-damage|p1a: Iron Moth|0 fnt\n|faint|p1a: Iron Moth\n|-end|p1a: Iron Moth|Quark Drive|[silent]\n|\n|-heal|p2a: Milotic|44\/100|[from] item: Leftovers\n|upkeep\n|\n|t:|1700839672\n|switch|p1a: Kingambit|Kingambit, F, tera:Flying|32\/100\n|-activate|p1a: Kingambit|ability: Supreme Overlord\n|-start|p1a: Kingambit|fallen3|[silent]\n|turn|41\n|\n|t:|1700839684\n|move|p1a: Kingambit|Kowtow Cleave|p2a: Milotic\n|-damage|p2a: Milotic|0 fnt\n|faint|p2a: Milotic\n|\n|upkeep\n|inactive|fabxorusVGC has 120 seconds left.\n|\n|t:|1700839719\n|switch|p2a: Corviknight|Corviknight, M, shiny|84\/100\n|turn|42\n|\n|t:|1700839726\n|move|p1a: Kingambit|Kowtow Cleave|p2a: Corviknight\n|-damage|p2a: Corviknight|32\/100\n|move|p2a: Corviknight|Brave Bird|p1a: Kingambit\n|-damage|p1a: Kingambit|3\/100\n|-damage|p2a: Corviknight|23\/100|[from] Recoil\n|\n|upkeep\n|turn|43\n|inactive|fabxorusVGC has 120 seconds left.\n|\n|t:|1700839745\n|move|p1a: Kingambit|Kowtow Cleave|p2a: Corviknight\n|-damage|p2a: Corviknight|0 fnt\n|faint|p2a: Corviknight\n|\n|upkeep\n|\n|t:|1700839750\n|switch|p2a: Arcanine|Arcanine, M, tera:Grass|100\/100\n|-ability|p2a: Arcanine|Intimidate|boost\n|-unboost|p1a: Kingambit|atk|1\n|turn|44\n|\n|t:|1700839755\n|move|p2a: Arcanine|Extreme Speed|p1a: Kingambit\n|-damage|p1a: Kingambit|0 fnt\n|faint|p1a: Kingambit\n|-end|p1a: Kingambit|fallen3|[silent]\n|\n|upkeep\n|\n|t:|1700839760\n|switch|p1a: Ogerpon|Ogerpon-Wellspring, F|67\/100 brn\n|turn|45\n|\n|t:|1700839769\n|move|p1a: Ogerpon|Knock Off|p2a: Arcanine\n|-damage|p2a: Arcanine|92\/100\n|move|p2a: Arcanine|Flare Blitz|p1a: Ogerpon\n|-damage|p1a: Ogerpon|9\/100 brn\n|-damage|p2a: Arcanine|77\/100|[from] Recoil\n|\n|-damage|p1a: Ogerpon|3\/100 brn|[from] brn\n|upkeep\n|turn|46\n|inactive|fabxorusVGC has 120 seconds left.\n|\n|t:|1700839816\n|move|p2a: Arcanine|Extreme Speed|p1a: Ogerpon\n|-damage|p1a: Ogerpon|0 fnt\n|faint|p1a: Ogerpon\n|\n|upkeep\n|\n|t:|1700839821\n|switch|p1a: Zamazenta|Zamazenta, shiny|94\/100 brn\n|turn|47\n|\n|t:|1700839830\n|move|p1a: Zamazenta|Body Press|p2a: Arcanine\n|-damage|p2a: Arcanine|64\/100\n|move|p2a: Arcanine|Flare Blitz|p1a: Zamazenta\n|-damage|p1a: Zamazenta|59\/100 brn\n|-damage|p2a: Arcanine|54\/100|[from] Recoil\n|\n|-heal|p1a: Zamazenta|65\/100 brn|[from] item: Leftovers\n|-damage|p1a: Zamazenta|59\/100 brn|[from] brn\n|upkeep\n|turn|48\n|inactive|fabxorusVGC has 120 seconds left.\n|\n|t:|1700839841\n|move|p1a: Zamazenta|Stone Edge|p2a: Arcanine\n|-damage|p2a: Arcanine|43\/100\n|move|p2a: Arcanine|Morning Sun|p2a: Arcanine\n|-heal|p2a: Arcanine|93\/100\n|\n|-heal|p1a: Zamazenta|65\/100 brn|[from] item: Leftovers\n|-damage|p1a: Zamazenta|59\/100 brn|[from] brn\n|upkeep\n|turn|49\n|inactive|fabxorusVGC has 120 seconds left.\n|\n|t:|1700839852\n|move|p1a: Zamazenta|Stone Edge|p2a: Arcanine|[miss]\n|-miss|p1a: Zamazenta|p2a: Arcanine\n|move|p2a: Arcanine|Flare Blitz|p1a: Zamazenta\n|-damage|p1a: Zamazenta|22\/100 brn\n|-damage|p2a: Arcanine|82\/100|[from] Recoil\n|\n|-heal|p1a: Zamazenta|28\/100 brn|[from] item: Leftovers\n|-damage|p1a: Zamazenta|22\/100 brn|[from] brn\n|upkeep\n|turn|50\n|inactive|fabxorusVGC has 120 seconds left.\n|\n|t:|1700839863\n|move|p1a: Zamazenta|Stone Edge|p2a: Arcanine\n|-damage|p2a: Arcanine|70\/100\n|move|p2a: Arcanine|Flare Blitz|p1a: Zamazenta\n|-damage|p1a: Zamazenta|0 fnt\n|faint|p1a: Zamazenta\n|-damage|p2a: Arcanine|64\/100|[from] Recoil\n|\n|win|fabxorusVGC\n|raw|aethyia's rating: 1103 &rarr; <strong>1075<\/strong><br \/>(-28 for losing)\n|raw|fabxorusVGC's rating: 1060 &rarr; <strong>1095<\/strong><br \/>(+35 for winning)\n","uploadtime":1700839874,"views":28,"p1id":"aethyia","p2id":"fabxorusvgc","formatid":"gen9ou","rating":1075,"private":0,"password":""}