{"id":"gen9ou-1994690058","p1":"Lomiskull","p2":"ShrimpFeet","format":"[Gen 9] OU","log":"|j|\u2606Lomiskull\n|j|\u2606ShrimpFeet\n|t:|1700481496\n|gametype|singles\n|player|p1|Lomiskull|drayden|1043\n|player|p2|ShrimpFeet|marlon|1017\n|teamsize|p1|6\n|teamsize|p2|6\n|gen|9\n|tier|[Gen 9] OU\n|rated|\n|rule|Sleep Clause Mod: Limit one foe put to sleep\n|rule|Species Clause: Limit one of each Pok\u00e9mon\n|rule|OHKO Clause: OHKO moves are banned\n|rule|Evasion Items Clause: Evasion items are banned\n|rule|Evasion Moves Clause: Evasion moves are banned\n|rule|Endless Battle Clause: Forcing endless battles is banned\n|rule|HP Percentage Mod: HP is shown in percentages\n|clearpoke\n|poke|p1|Regidrago|\n|poke|p1|Dragapult, M|\n|poke|p1|Greninja-*, M|\n|poke|p1|Lokix, M|\n|poke|p1|Umbreon, F|\n|poke|p1|Dragalge, M|\n|poke|p2|Sableye, F|\n|poke|p2|Espeon, F|\n|poke|p2|Mew|\n|poke|p2|Magnezone|\n|poke|p2|Hatterene, F|\n|poke|p2|Forretress, M|\n|teampreview\n|\n|t:|1700481506\n|start\n|switch|p1a: Regidrago|Regidrago|100\/100\n|switch|p2a: Hatterene|Hatterene, F|100\/100\n|turn|1\n|\n|t:|1700481551\n|switch|p1a: Water Vest|Dragalge, M|100\/100\n|move|p2a: Hatterene|Light Screen|p2a: Hatterene\n|-sidestart|p2: ShrimpFeet|move: Light Screen\n|\n|upkeep\n|turn|2\n|\n|t:|1700481558\n|move|p2a: Hatterene|Reflect|p2a: Hatterene\n|-sidestart|p2: ShrimpFeet|Reflect\n|move|p1a: Water Vest|Acid Spray|p2a: Hatterene\n|-supereffective|p2a: Hatterene\n|-damage|p2a: Hatterene|75\/100\n|-unboost|p2a: Hatterene|spd|2\n|\n|upkeep\n|turn|3\n|\n|t:|1700481565\n|switch|p2a: Forretress|Forretress, M|100\/100\n|move|p1a: Water Vest|Scald|p2a: Forretress\n|-damage|p2a: Forretress|89\/100\n|\n|upkeep\n|turn|4\n|\n|t:|1700481572\n|move|p1a: Water Vest|Scald|p2a: Forretress\n|-damage|p2a: Forretress|77\/100\n|move|p2a: Forretress|Iron Defense|p2a: Forretress\n|-boost|p2a: Forretress|def|2\n|\n|upkeep\n|turn|5\n|\n|t:|1700481586\n|move|p1a: Water Vest|Scald|p2a: Forretress\n|-damage|p2a: Forretress|64\/100\n|-status|p2a: Forretress|brn\n|move|p2a: Forretress|Iron Defense|p2a: Forretress\n|-boost|p2a: Forretress|def|2\n|\n|-damage|p2a: Forretress|58\/100 brn|[from] brn\n|-sideend|p2: ShrimpFeet|move: Light Screen\n|upkeep\n|turn|6\n|\n|t:|1700481596\n|switch|p1a: Dragapult|Dragapult, M|100\/100\n|move|p2a: Forretress|Iron Defense|p2a: Forretress\n|-boost|p2a: Forretress|def|2\n|\n|-damage|p2a: Forretress|52\/100 brn|[from] brn\n|-sideend|p2: ShrimpFeet|Reflect\n|upkeep\n|turn|7\n|\n|t:|1700481611\n|move|p1a: Dragapult|Phantom Force||[still]\n|-prepare|p1a: Dragapult|Phantom Force\n|move|p2a: Forretress|Body Press|p1a: Dragapult|[miss]\n|-miss|p2a: Forretress|p1a: Dragapult\n|\n|-damage|p2a: Forretress|46\/100 brn|[from] brn\n|upkeep\n|turn|8\n|\n|t:|1700481620\n|move|p1a: Dragapult|Phantom Force|p2a: Forretress|[from]lockedmove\n|-damage|p2a: Forretress|35\/100 brn\n|move|p2a: Forretress|Body Press|p1a: Dragapult\n|-immune|p1a: Dragapult\n|\n|-damage|p2a: Forretress|29\/100 brn|[from] brn\n|upkeep\n|turn|9\n|\n|t:|1700481639\n|switch|p2a: Hatterene|Hatterene, F|75\/100\n|move|p1a: Dragapult|Phantom Force||[still]\n|-prepare|p1a: Dragapult|Phantom Force\n|\n|upkeep\n|turn|10\n|\n|t:|1700481648\n|move|p1a: Dragapult|Phantom Force|p2a: Hatterene|[from]lockedmove\n|-supereffective|p2a: Hatterene\n|-damage|p2a: Hatterene|0 fnt\n|-damage|p1a: Dragapult|84\/100|[from] item: Rocky Helmet|[of] p2a: Hatterene\n|faint|p2a: Hatterene\n|\n|upkeep\n|\n|t:|1700481658\n|switch|p2a: Sableye|Sableye, F|100\/100\n|turn|11\n|\n|t:|1700481665\n|switch|p1a: Dark X|Lokix, M|100\/100\n|move|p2a: Sableye|Detect||[still]\n|-fail|p2a: Sableye\n|\n|upkeep\n|turn|12\n|\n|t:|1700481672\n|move|p2a: Sableye|Encore|p1a: Dark X\n|-hint|Since gen 7, Dark is immune to Prankster moves.\n|-immune|p1a: Dark X\n|move|p1a: Dark X|Swords Dance|p1a: Dark X\n|-boost|p1a: Dark X|atk|2\n|\n|upkeep\n|turn|13\n|\n|t:|1700481680\n|move|p1a: Dark X|Sucker Punch||[still]\n|-fail|p1a: Dark X\n|move|p2a: Sableye|Disable|p1a: Dark X\n|-hint|Since gen 7, Dark is immune to Prankster moves.\n|-immune|p1a: Dark X\n|\n|upkeep\n|turn|14\n|\n|t:|1700481688\n|move|p1a: Dark X|Sucker Punch|p2a: Sableye\n|-damage|p2a: Sableye|23\/100\n|move|p2a: Sableye|Foul Play|p1a: Dark X\n|-resisted|p1a: Dark X\n|-damage|p1a: Dark X|43\/100\n|\n|upkeep\n|turn|15\n|\n|t:|1700481695\n|move|p2a: Sableye|Detect|p2a: Sableye\n|-singleturn|p2a: Sableye|Protect\n|move|p1a: Dark X|Sucker Punch||[still]\n|-fail|p1a: Dark X\n|\n|upkeep\n|turn|16\n|\n|t:|1700481703\n|move|p1a: Dark X|Sucker Punch|p2a: Sableye\n|-damage|p2a: Sableye|0 fnt\n|faint|p2a: Sableye\n|\n|upkeep\n|\n|t:|1700481711\n|switch|p2a: Espeon|Espeon, F, shiny|100\/100\n|turn|17\n|\n|t:|1700481716\n|move|p1a: Dark X|Sucker Punch||[still]\n|-fail|p1a: Dark X\n|move|p2a: Espeon|Wish|p2a: Espeon\n|\n|upkeep\n|turn|18\n|\n|t:|1700481726\n|switch|p1a: Water Vest|Dragalge, M|100\/100\n|move|p2a: Espeon|Psyshock|p1a: Water Vest\n|-supereffective|p1a: Water Vest\n|-damage|p1a: Water Vest|5\/100\n|\n|upkeep\n|turn|19\n|\n|t:|1700481734\n|switch|p1a: Mist Ghost|Umbreon, F|100\/100\n|move|p2a: Espeon|Psyshock|p1a: Mist Ghost\n|-immune|p1a: Mist Ghost\n|\n|upkeep\n|turn|20\n|\n|t:|1700481743\n|switch|p2a: Forretress|Forretress, M|29\/100 brn\n|move|p1a: Mist Ghost|Yawn||[still]\n|-fail|p1a: Mist Ghost\n|\n|-damage|p2a: Forretress|23\/100 brn|[from] brn\n|upkeep\n|turn|21\n|\n|t:|1700481753\n|move|p1a: Mist Ghost|Wish|p1a: Mist Ghost\n|move|p2a: Forretress|Body Press|p1a: Mist Ghost\n|-supereffective|p1a: Mist Ghost\n|-damage|p1a: Mist Ghost|75\/100\n|-damage|p2a: Forretress|7\/100 brn|[from] item: Rocky Helmet|[of] p1a: Mist Ghost\n|\n|-damage|p2a: Forretress|1\/100 brn|[from] brn\n|upkeep\n|turn|22\n|\n|t:|1700481762\n|switch|p1a: Dark X|Lokix, M|43\/100\n|move|p2a: Forretress|Explosion|p1a: Dark X\n|-damage|p1a: Dark X|3\/100\n|faint|p2a: Forretress\n|\n|-heal|p1a: Dark X|62\/100|[from] move: Wish|[wisher] Mist Ghost\n|upkeep\n|\n|t:|1700481771\n|switch|p2a: Espeon|Espeon, F, shiny|100\/100\n|turn|23\n|\n|t:|1700481774\n|move|p1a: Dark X|First Impression|p2a: Espeon\n|-supereffective|p2a: Espeon\n|-crit|p2a: Espeon\n|-damage|p2a: Espeon|0 fnt\n|faint|p2a: Espeon\n|\n|upkeep\n|\n|t:|1700481779\n|switch|p2a: Mew|Mew, shiny|100\/100\n|turn|24\n|\n|t:|1700481785\n|move|p1a: Dark X|Swords Dance|p1a: Dark X\n|-boost|p1a: Dark X|atk|2\n|move|p2a: Mew|Amnesia|p2a: Mew\n|-boost|p2a: Mew|spd|2\n|\n|upkeep\n|turn|25\n|\n|t:|1700481792\n|move|p1a: Dark X|Swords Dance|p1a: Dark X\n|-boost|p1a: Dark X|atk|2\n|move|p2a: Mew|Amnesia|p2a: Mew\n|-boost|p2a: Mew|spd|2\n|\n|upkeep\n|turn|26\n|\n|t:|1700481799\n|move|p1a: Dark X|Axe Kick|p2a: Mew\n|-resisted|p2a: Mew\n|-damage|p2a: Mew|14\/100\n|move|p2a: Mew|Amnesia|p2a: Mew\n|-boost|p2a: Mew|spd|2\n|\n|-heal|p2a: Mew|20\/100|[from] item: Leftovers\n|upkeep\n|turn|27\n|\n|t:|1700481812\n|move|p1a: Dark X|Axe Kick|p2a: Mew\n|-resisted|p2a: Mew\n|-damage|p2a: Mew|0 fnt\n|faint|p2a: Mew\n|\n|upkeep\n|\n|t:|1700481819\n|switch|p2a: Magnezone|Magnezone|100\/100\n|turn|28\n|\n|t:|1700481824\n|move|p1a: Dark X|Axe Kick|p2a: Magnezone\n|-supereffective|p2a: Magnezone\n|-crit|p2a: Magnezone\n|-damage|p2a: Magnezone|0 fnt\n|faint|p2a: Magnezone\n|\n|win|Lomiskull\n|raw|Lomiskull's rating: 1043 &rarr; <strong>1074<\/strong><br \/>(+31 for winning)\n|raw|ShrimpFeet's rating: 1017 &rarr; <strong>1005<\/strong><br \/>(-12 for losing)\n|l|\u2606ShrimpFeet\n","uploadtime":1700481839,"views":14,"p1id":"lomiskull","p2id":"shrimpfeet","formatid":"gen9ou","rating":1005,"private":0,"password":""}