{"id":"gen9ou-1994775176","p1":"Pat_Epper_PhD","p2":"Ishida_Pendragon","format":"[Gen 9] OU","log":"|j|\u2606Pat_Epper_PhD\n|j|\u2606Ishida_Pendragon\n|t:|1700491548\n|gametype|singles\n|player|p1|Pat_Epper_PhD|170|1064\n|player|p2|Ishida_Pendragon|n|1000\n|teamsize|p1|6\n|teamsize|p2|6\n|gen|9\n|tier|[Gen 9] OU\n|rated|\n|rule|Sleep Clause Mod: Limit one foe put to sleep\n|rule|Species Clause: Limit one of each Pok\u00e9mon\n|rule|OHKO Clause: OHKO moves are banned\n|rule|Evasion Items Clause: Evasion items are banned\n|rule|Evasion Moves Clause: Evasion moves are banned\n|rule|Endless Battle Clause: Forcing endless battles is banned\n|rule|HP Percentage Mod: HP is shown in percentages\n|clearpoke\n|poke|p1|Gyarados, F|\n|poke|p1|Toedscruel, M|\n|poke|p1|Walking Wake|\n|poke|p1|Torkoal, M|\n|poke|p1|Cresselia, F|\n|poke|p1|Dusclops, M|\n|poke|p2|Iron Valiant|\n|poke|p2|Kingambit, M|\n|poke|p2|Haxorus, M|\n|poke|p2|Great Tusk|\n|poke|p2|Gholdengo|\n|poke|p2|Ribombee, F|\n|teampreview\n|\n|t:|1700491554\n|start\n|switch|p1a: Torkoal|Torkoal, M|100\/100\n|switch|p2a: Haxorus|Haxorus, M, shiny|100\/100\n|-ability|p2a: Haxorus|Mold Breaker\n|-weather|SunnyDay|[from] ability: Drought|[of] p1a: Torkoal\n|turn|1\n|\n|t:|1700491587\n|move|p2a: Haxorus|Swords Dance|p2a: Haxorus\n|-boost|p2a: Haxorus|atk|2\n|move|p1a: Torkoal|Shell Smash|p1a: Torkoal\n|-unboost|p1a: Torkoal|def|1\n|-unboost|p1a: Torkoal|spd|1\n|-boost|p1a: Torkoal|atk|2\n|-boost|p1a: Torkoal|spa|2\n|-boost|p1a: Torkoal|spe|2\n|-enditem|p1a: Torkoal|White Herb\n|-clearnegativeboost|p1a: Torkoal|[silent]\n|\n|-weather|SunnyDay|[upkeep]\n|upkeep\n|turn|2\n|\n|t:|1700491607\n|move|p2a: Haxorus|Close Combat|p1a: Torkoal\n|-damage|p1a: Torkoal|11\/100\n|-unboost|p2a: Haxorus|def|1\n|-unboost|p2a: Haxorus|spd|1\n|move|p1a: Torkoal|Clear Smog|p2a: Haxorus\n|-crit|p2a: Haxorus\n|-damage|p2a: Haxorus|25\/100\n|-clearboost|p2a: Haxorus\n|\n|-weather|SunnyDay|[upkeep]\n|upkeep\n|turn|3\n|\n|t:|1700491620\n|move|p2a: Haxorus|Scale Shot|p1a: Torkoal\n|-damage|p1a: Torkoal|0 fnt\n|faint|p1a: Torkoal\n|-hitcount|p1: Torkoal|1\n|-unboost|p2a: Haxorus|def|1\n|-boost|p2a: Haxorus|spe|1\n|\n|-weather|SunnyDay|[upkeep]\n|upkeep\n|\n|t:|1700491631\n|switch|p1a: Walking Wake|Walking Wake|100\/100\n|-activate|p1a: Walking Wake|ability: Protosynthesis\n|-start|p1a: Walking Wake|protosynthesisspa\n|turn|4\n|\n|t:|1700491640\n|-terastallize|p1a: Walking Wake|Water\n|move|p2a: Haxorus|Scale Shot|p1a: Walking Wake\n|-damage|p1a: Walking Wake|86\/100\n|-damage|p1a: Walking Wake|71\/100\n|-damage|p1a: Walking Wake|56\/100\n|-damage|p1a: Walking Wake|40\/100\n|-damage|p1a: Walking Wake|24\/100\n|-hitcount|p1a: Walking Wake|5\n|-unboost|p2a: Haxorus|def|1\n|-boost|p2a: Haxorus|spe|1\n|move|p1a: Walking Wake|Dragon Pulse|p2a: Haxorus\n|-supereffective|p2a: Haxorus\n|-damage|p2a: Haxorus|0 fnt\n|faint|p2a: Haxorus\n|\n|-weather|SunnyDay|[upkeep]\n|upkeep\n|\n|t:|1700491662\n|switch|p2a: Gholdengo|Gholdengo|100\/100\n|-item|p2a: Gholdengo|Air Balloon\n|turn|5\n|\n|t:|1700491670\n|move|p1a: Walking Wake|Flamethrower|p2a: Gholdengo\n|-supereffective|p2a: Gholdengo\n|-damage|p2a: Gholdengo|0 fnt\n|-enditem|p2a: Gholdengo|Air Balloon\n|faint|p2a: Gholdengo\n|\n|-weather|none\n|-end|p1a: Walking Wake|Protosynthesis\n|upkeep\n|\n|t:|1700491681\n|switch|p2a: Ribombee|Ribombee, F|100\/100\n|turn|6\n|\n|t:|1700491685\n|move|p2a: Ribombee|Sticky Web|p1a: Walking Wake\n|-sidestart|p1: Pat_Epper_PhD|move: Sticky Web\n|move|p1a: Walking Wake|Hurricane|p2a: Ribombee\n|-supereffective|p2a: Ribombee\n|-enditem|p2a: Ribombee|Focus Sash\n|-damage|p2a: Ribombee|1\/100\n|\n|upkeep\n|turn|7\n|\n|t:|1700491695\n|move|p2a: Ribombee|Stun Spore|p1a: Walking Wake|[miss]\n|-miss|p2a: Ribombee|p1a: Walking Wake\n|move|p1a: Walking Wake|Flamethrower|p2a: Ribombee\n|-supereffective|p2a: Ribombee\n|-damage|p2a: Ribombee|0 fnt\n|faint|p2a: Ribombee\n|\n|upkeep\n|\n|t:|1700491706\n|switch|p2a: Great Tusk|Great Tusk|100\/100\n|-enditem|p2a: Great Tusk|Booster Energy\n|-activate|p2a: Great Tusk|ability: Protosynthesis|[fromitem]\n|-start|p2a: Great Tusk|protosynthesisatk\n|turn|8\n|\n|t:|1700491716\n|move|p1a: Walking Wake|Hydro Steam|p2a: Great Tusk\n|-supereffective|p2a: Great Tusk\n|-damage|p2a: Great Tusk|0 fnt\n|faint|p2a: Great Tusk\n|-end|p2a: Great Tusk|Protosynthesis|[silent]\n|\n|upkeep\n|\n|t:|1700491723\n|switch|p2a: Iron Valiant|Iron Valiant|100\/100\n|-enditem|p2a: Iron Valiant|Booster Energy\n|-activate|p2a: Iron Valiant|ability: Quark Drive|[fromitem]\n|-start|p2a: Iron Valiant|quarkdrivespe\n|turn|9\n|\n|t:|1700491732\n|move|p2a: Iron Valiant|Close Combat|p1a: Walking Wake\n|-damage|p1a: Walking Wake|0 fnt\n|-unboost|p2a: Iron Valiant|def|1\n|-unboost|p2a: Iron Valiant|spd|1\n|faint|p1a: Walking Wake\n|-end|p1a: Walking Wake|Protosynthesis|[silent]\n|\n|upkeep\n|\n|t:|1700491741\n|switch|p1a: Dusclops|Dusclops, M|100\/100\n|-activate|p1a: Dusclops|move: Sticky Web\n|-unboost|p1a: Dusclops|spe|1\n|-ability|p1a: Dusclops|Pressure\n|turn|10\n|\n|t:|1700491751\n|move|p2a: Iron Valiant|Knock Off|p1a: Dusclops\n|-supereffective|p1a: Dusclops\n|-damage|p1a: Dusclops|58\/100\n|-enditem|p1a: Dusclops|Eviolite|[from] move: Knock Off|[of] p2a: Iron Valiant\n|move|p1a: Dusclops|Calm Mind|p1a: Dusclops\n|-boost|p1a: Dusclops|spa|1\n|-boost|p1a: Dusclops|spd|1\n|\n|upkeep\n|turn|11\n|\n|t:|1700491761\n|move|p2a: Iron Valiant|Moonblast|p1a: Dusclops\n|-damage|p1a: Dusclops|33\/100\n|move|p1a: Dusclops|Pain Split|p2a: Iron Valiant\n|-sethp|p2a: Iron Valiant|67\/100|[from] move: Pain Split|[silent]\n|-sethp|p1a: Dusclops|68\/100|[from] move: Pain Split\n|\n|upkeep\n|turn|12\n|\n|t:|1700491770\n|move|p2a: Iron Valiant|Knock Off|p1a: Dusclops\n|-supereffective|p1a: Dusclops\n|-damage|p1a: Dusclops|28\/100\n|move|p1a: Dusclops|Calm Mind|p1a: Dusclops\n|-boost|p1a: Dusclops|spa|1\n|-boost|p1a: Dusclops|spd|1\n|\n|upkeep\n|turn|13\n|\n|t:|1700491778\n|move|p2a: Iron Valiant|Knock Off|p1a: Dusclops\n|-supereffective|p1a: Dusclops\n|-damage|p1a: Dusclops|0 fnt\n|faint|p1a: Dusclops\n|\n|upkeep\n|\n|t:|1700491823\n|switch|p1a: Toedscruel|Toedscruel, M|100\/100\n|-activate|p1a: Toedscruel|move: Sticky Web\n|-unboost|p1a: Toedscruel|spe|1\n|turn|14\n|\n|t:|1700491831\n|move|p2a: Iron Valiant|Close Combat|p1a: Toedscruel\n|-damage|p1a: Toedscruel|21\/100\n|-unboost|p2a: Iron Valiant|def|1\n|-unboost|p2a: Iron Valiant|spd|1\n|move|p1a: Toedscruel|Leech Seed|p2a: Iron Valiant\n|-start|p2a: Iron Valiant|move: Leech Seed\n|\n|-heal|p1a: Toedscruel|27\/100|[from] item: Leftovers\n|-damage|p2a: Iron Valiant|54\/100|[from] Leech Seed|[of] p1a: Toedscruel\n|-heal|p1a: Toedscruel|36\/100|[silent]\n|upkeep\n|turn|15\n|\n|t:|1700491843\n|move|p1a: Toedscruel|Protect|p1a: Toedscruel\n|-singleturn|p1a: Toedscruel|Protect\n|move|p2a: Iron Valiant|Close Combat|p1a: Toedscruel\n|-activate|p1a: Toedscruel|move: Protect\n|\n|-heal|p1a: Toedscruel|43\/100|[from] item: Leftovers\n|-damage|p2a: Iron Valiant|42\/100|[from] Leech Seed|[of] p1a: Toedscruel\n|-heal|p1a: Toedscruel|52\/100|[silent]\n|upkeep\n|turn|16\n|\n|t:|1700491856\n|switch|p1a: Gyarados|Gyarados, F|100\/100\n|-ability|p1a: Gyarados|Intimidate|boost\n|-unboost|p2a: Iron Valiant|atk|1\n|move|p2a: Iron Valiant|Moonblast|p1a: Gyarados\n|-crit|p1a: Gyarados\n|-damage|p1a: Gyarados|36\/100\n|\n|-damage|p2a: Iron Valiant|29\/100|[from] Leech Seed|[of] p1a: Gyarados\n|-heal|p1a: Gyarados|47\/100|[silent]\n|upkeep\n|turn|17\n|\n|t:|1700491871\n|move|p2a: Iron Valiant|Moonblast|p1a: Gyarados\n|-damage|p1a: Gyarados|6\/100\n|move|p1a: Gyarados|Aqua Tail|p2a: Iron Valiant\n|-damage|p2a: Iron Valiant|0 fnt\n|faint|p2a: Iron Valiant\n|-end|p2a: Iron Valiant|Quark Drive|[silent]\n|\n|upkeep\n|\n|t:|1700491879\n|switch|p2a: Kingambit|Kingambit, M|100\/100\n|-activate|p2a: Kingambit|ability: Supreme Overlord\n|-start|p2a: Kingambit|fallen5|[silent]\n|turn|18\n|\n|t:|1700491886\n|move|p2a: Kingambit|Sucker Punch||[still]\n|-fail|p2a: Kingambit\n|move|p1a: Gyarados|Dragon Dance|p1a: Gyarados\n|-boost|p1a: Gyarados|atk|1\n|-boost|p1a: Gyarados|spe|1\n|\n|upkeep\n|turn|19\n|\n|t:|1700491894\n|move|p1a: Gyarados|Dragon Dance|p1a: Gyarados\n|-boost|p1a: Gyarados|atk|1\n|-boost|p1a: Gyarados|spe|1\n|move|p2a: Kingambit|Kowtow Cleave|p1a: Gyarados\n|-damage|p1a: Gyarados|0 fnt\n|faint|p1a: Gyarados\n|\n|upkeep\n|\n|t:|1700491906\n|switch|p1a: Cresselia|Cresselia, F|100\/100\n|turn|20\n|\n|t:|1700491913\n|move|p2a: Kingambit|Kowtow Cleave|p1a: Cresselia\n|-supereffective|p1a: Cresselia\n|-damage|p1a: Cresselia|2\/100\n|-damage|p2a: Kingambit|84\/100|[from] item: Rocky Helmet|[of] p1a: Cresselia\n|move|p1a: Cresselia|Calm Mind|p1a: Cresselia\n|-boost|p1a: Cresselia|spa|1\n|-boost|p1a: Cresselia|spd|1\n|\n|upkeep\n|turn|21\n|\n|t:|1700491924\n|move|p2a: Kingambit|Kowtow Cleave|p1a: Cresselia\n|-supereffective|p1a: Cresselia\n|-crit|p1a: Cresselia\n|-damage|p1a: Cresselia|0 fnt\n|-damage|p2a: Kingambit|68\/100|[from] item: Rocky Helmet|[of] p1a: Cresselia\n|faint|p1a: Cresselia\n|\n|upkeep\n|\n|t:|1700491930\n|switch|p1a: Toedscruel|Toedscruel, M|52\/100\n|-activate|p1a: Toedscruel|move: Sticky Web\n|-unboost|p1a: Toedscruel|spe|1\n|turn|22\n|\n|t:|1700491936\n|move|p1a: Toedscruel|Protect|p1a: Toedscruel\n|-singleturn|p1a: Toedscruel|Protect\n|move|p2a: Kingambit|Kowtow Cleave|p1a: Toedscruel\n|-activate|p1a: Toedscruel|move: Protect\n|\n|-heal|p1a: Toedscruel|58\/100|[from] item: Leftovers\n|upkeep\n|turn|23\n|\n|t:|1700491945\n|move|p2a: Kingambit|Kowtow Cleave|p1a: Toedscruel\n|-damage|p1a: Toedscruel|0 fnt\n|faint|p1a: Toedscruel\n|\n|win|Ishida_Pendragon\n|raw|Pat_Epper_PhD's rating: 1064 &rarr; <strong>1041<\/strong><br \/>(-23 for losing)\n|raw|Ishida_Pendragon's rating: 1000 &rarr; <strong>1047<\/strong><br \/>(+47 for winning)\n|l|\u2606Pat_Epper_PhD\n","uploadtime":1700491965,"views":5,"p1id":"patepperphd","p2id":"ishidapendragon","formatid":"gen9ou","rating":1041,"private":0,"password":""}