{"id":"gen9ou-1994136316","p1":"Lucho256","p2":"Celine Fion","format":"[Gen 9] OU","log":"|j|\u2606Lucho256\n|j|\u2606Celine Fion\n|t:|1700411158\n|gametype|singles\n|player|p1|Lucho256|hugh|1223\n|player|p2|Celine Fion|gentleman-gen4|1213\n|teamsize|p1|6\n|teamsize|p2|6\n|gen|9\n|tier|[Gen 9] OU\n|rated|\n|rule|Sleep Clause Mod: Limit one foe put to sleep\n|rule|Species Clause: Limit one of each Pok\u00e9mon\n|rule|OHKO Clause: OHKO moves are banned\n|rule|Evasion Items Clause: Evasion items are banned\n|rule|Evasion Moves Clause: Evasion moves are banned\n|rule|Endless Battle Clause: Forcing endless battles is banned\n|rule|HP Percentage Mod: HP is shown in percentages\n|clearpoke\n|poke|p1|Ribombee, F|\n|poke|p1|Rillaboom, F|\n|poke|p1|Sneasler, F|\n|poke|p1|Kingambit, F|\n|poke|p1|Dragapult, F|\n|poke|p1|Hatterene, F|\n|poke|p2|Braviary-Hisui, M|\n|poke|p2|Masquerain, F|\n|poke|p2|Gholdengo|\n|poke|p2|Great Tusk|\n|poke|p2|Dragapult, M|\n|poke|p2|Samurott-Hisui, F|\n|teampreview\n|c|\u2606Celine Fion|gl\n|\n|t:|1700411166\n|start\n|switch|p1a: Ribombee|Ribombee, F|100\/100\n|switch|p2a: Samurott|Samurott-Hisui, F|100\/100\n|turn|1\n|\n|t:|1700411180\n|-terastallize|p2a: Samurott|Fire\n|move|p1a: Ribombee|Sticky Web|p2a: Samurott\n|-sidestart|p2: Celine Fion|move: Sticky Web\n|move|p2a: Samurott|Ceaseless Edge|p1a: Ribombee\n|-resisted|p1a: Ribombee\n|-damage|p1a: Ribombee|56\/100\n|-sidestart|p1: Lucho256|Spikes\n|\n|upkeep\n|turn|2\n|\n|t:|1700411188\n|move|p1a: Ribombee|Stun Spore|p2a: Samurott\n|-status|p2a: Samurott|par\n|move|p2a: Samurott|Tera Blast|p1a: Ribombee|[anim] Tera Blast Fire\n|-supereffective|p1a: Ribombee\n|-damage|p1a: Ribombee|0 fnt\n|faint|p1a: Ribombee\n|\n|upkeep\n|inactive|Battle timer is ON: inactive players will automatically lose when time's up. (requested by Celine Fion)\n|\n|t:|1700411217\n|switch|p1a: Dragapult|Dragapult, F|100\/100\n|-damage|p1a: Dragapult|88\/100|[from] Spikes\n|turn|3\n|\n|t:|1700411227\n|move|p1a: Dragapult|U-turn|p2a: Samurott\n|-resisted|p2a: Samurott\n|-damage|p2a: Samurott|90\/100 par\n|\n|t:|1700411230\n|switch|p1a: Kingambit|Kingambit, F|100\/100|[from] U-turn\n|-damage|p1a: Kingambit|88\/100|[from] Spikes\n|-activate|p1a: Kingambit|ability: Supreme Overlord\n|-start|p1a: Kingambit|fallen1|[silent]\n|move|p2a: Samurott|Ceaseless Edge|p1a: Kingambit\n|-resisted|p1a: Kingambit\n|-damage|p1a: Kingambit|70\/100\n|-sidestart|p1: Lucho256|Spikes\n|\n|upkeep\n|turn|4\n|\n|t:|1700411245\n|-terastallize|p1a: Kingambit|Dark\n|move|p1a: Kingambit|Kowtow Cleave|p2a: Samurott\n|-damage|p2a: Samurott|0 fnt\n|faint|p2a: Samurott\n|\n|upkeep\n|\n|t:|1700411260\n|switch|p2a: Masquerain|Masquerain, F|100\/100\n|-ability|p2a: Masquerain|Intimidate|boost\n|-unboost|p1a: Kingambit|atk|1\n|turn|5\n|\n|t:|1700411293\n|-end|p1a: Kingambit|fallen1|[silent]\n|switch|p1a: Hatterene|Hatterene, F|100\/100\n|-damage|p1a: Hatterene|84\/100|[from] Spikes\n|move|p2a: Masquerain|Stun Spore|p1a: Hatterene\n|move|p1a: Hatterene|Stun Spore|p2a: Masquerain|[from]ability: Magic Bounce\n|-status|p2a: Masquerain|par\n|\n|-heal|p1a: Hatterene|90\/100|[from] item: Leftovers\n|upkeep\n|turn|6\n|\n|t:|1700411316\n|switch|p2a: Gholdengo|Gholdengo|100\/100\n|-item|p2a: Gholdengo|Air Balloon\n|move|p1a: Hatterene|Calm Mind|p1a: Hatterene\n|-boost|p1a: Hatterene|spa|1\n|-boost|p1a: Hatterene|spd|1\n|\n|-heal|p1a: Hatterene|96\/100|[from] item: Leftovers\n|upkeep\n|turn|7\n|\n|t:|1700411327\n|switch|p1a: Kingambit|Kingambit, F, tera:Dark|70\/100\n|-damage|p1a: Kingambit|54\/100|[from] Spikes\n|-activate|p1a: Kingambit|ability: Supreme Overlord\n|-start|p1a: Kingambit|fallen1|[silent]\n|move|p2a: Gholdengo|Make It Rain|p1a: Kingambit\n|-damage|p1a: Kingambit|0 fnt\n|-unboost|p2a: Gholdengo|spa|1\n|faint|p1a: Kingambit\n|-end|p1a: Kingambit|fallen1|[silent]\n|\n|upkeep\n|\n|t:|1700411331\n|switch|p1a: Rillaboom|Rillaboom, F|100\/100\n|-damage|p1a: Rillaboom|84\/100|[from] Spikes\n|-fieldstart|move: Grassy Terrain|[from] ability: Grassy Surge|[of] p1a: Rillaboom\n|turn|8\n|\n|t:|1700411345\n|switch|p2a: Masquerain|Masquerain, F|100\/100 par\n|-ability|p2a: Masquerain|Intimidate|boost\n|-unboost|p1a: Rillaboom|atk|1\n|move|p1a: Rillaboom|U-turn|p2a: Masquerain\n|-resisted|p2a: Masquerain\n|-damage|p2a: Masquerain|86\/100 par\n|\n|t:|1700411363\n|switch|p1a: Hatterene|Hatterene, F|96\/100|[from] U-turn\n|-damage|p1a: Hatterene|79\/100|[from] Spikes\n|\n|-heal|p1a: Hatterene|85\/100|[from] Grassy Terrain\n|-heal|p1a: Hatterene|91\/100|[from] item: Leftovers\n|upkeep\n|turn|9\n|inactive|Celine Fion has 120 seconds left.\n|\n|t:|1700411389\n|switch|p2a: Great Tusk|Great Tusk|100\/100\n|-activate|p2a: Great Tusk|move: Sticky Web\n|-unboost|p2a: Great Tusk|spe|1\n|-enditem|p2a: Great Tusk|Booster Energy\n|-activate|p2a: Great Tusk|ability: Protosynthesis|[fromitem]\n|-start|p2a: Great Tusk|protosynthesisatk\n|move|p1a: Hatterene|Mystical Fire|p2a: Great Tusk\n|-damage|p2a: Great Tusk|67\/100\n|-unboost|p2a: Great Tusk|spa|1\n|\n|-heal|p2a: Great Tusk|74\/100|[from] Grassy Terrain\n|-heal|p1a: Hatterene|97\/100|[from] Grassy Terrain\n|-heal|p1a: Hatterene|100\/100|[from] item: Leftovers\n|upkeep\n|turn|10\n|inactive|Celine Fion has 120 seconds left.\n|\n|t:|1700411407\n|move|p2a: Great Tusk|Rapid Spin|p1a: Hatterene\n|-damage|p1a: Hatterene|82\/100\n|-boost|p2a: Great Tusk|spe|1\n|-sideend|p2: Celine Fion|Sticky Web|[from] move: Rapid Spin|[of] p2a: Great Tusk\n|move|p1a: Hatterene|Draining Kiss|p2a: Great Tusk\n|-supereffective|p2a: Great Tusk\n|-damage|p2a: Great Tusk|1\/100\n|-heal|p1a: Hatterene|100\/100|[from] drain|[of] p2a: Great Tusk\n|\n|-heal|p2a: Great Tusk|7\/100|[from] Grassy Terrain\n|upkeep\n|turn|11\n|inactive|Celine Fion has 120 seconds left.\n|\n|t:|1700411420\n|move|p2a: Great Tusk|Headlong Rush|p1a: Hatterene\n|-damage|p1a: Hatterene|32\/100\n|-unboost|p2a: Great Tusk|def|1\n|-unboost|p2a: Great Tusk|spd|1\n|move|p1a: Hatterene|Mystical Fire|p2a: Great Tusk\n|-damage|p2a: Great Tusk|0 fnt\n|faint|p2a: Great Tusk\n|-end|p2a: Great Tusk|Protosynthesis|[silent]\n|\n|-heal|p1a: Hatterene|38\/100|[from] Grassy Terrain\n|-heal|p1a: Hatterene|44\/100|[from] item: Leftovers\n|upkeep\n|\n|t:|1700411449\n|switch|p2a: Gholdengo|Gholdengo|100\/100\n|-item|p2a: Gholdengo|Air Balloon\n|turn|12\n|\n|t:|1700411453\n|move|p2a: Gholdengo|Make It Rain|p1a: Hatterene\n|-supereffective|p1a: Hatterene\n|-damage|p1a: Hatterene|0 fnt\n|-unboost|p2a: Gholdengo|spa|1\n|faint|p1a: Hatterene\n|\n|upkeep\n|\n|t:|1700411456\n|switch|p1a: Sneasler|Sneasler, F|100\/100\n|-damage|p1a: Sneasler|84\/100|[from] Spikes\n|-enditem|p1a: Sneasler|Grassy Seed\n|-boost|p1a: Sneasler|def|1|[from] item: Grassy Seed\n|turn|13\n|\n|t:|1700411476\n|switch|p2a: Masquerain|Masquerain, F|86\/100 par\n|-ability|p2a: Masquerain|Intimidate|boost\n|-unboost|p1a: Sneasler|atk|1\n|move|p1a: Sneasler|Swords Dance|p1a: Sneasler\n|-boost|p1a: Sneasler|atk|2\n|\n|-heal|p1a: Sneasler|90\/100|[from] Grassy Terrain\n|upkeep\n|turn|14\n|\n|t:|1700411485\n|move|p1a: Sneasler|Swords Dance|p1a: Sneasler\n|-boost|p1a: Sneasler|atk|2\n|move|p2a: Masquerain|Sticky Web|p1a: Sneasler\n|-sidestart|p1: Lucho256|move: Sticky Web\n|\n|-heal|p1a: Sneasler|96\/100|[from] Grassy Terrain\n|upkeep\n|turn|15\n|\n|t:|1700411492\n|move|p1a: Sneasler|Acrobatics|p2a: Masquerain\n|-supereffective|p2a: Masquerain\n|-damage|p2a: Masquerain|0 fnt\n|faint|p2a: Masquerain\n|\n|-heal|p1a: Sneasler|100\/100|[from] Grassy Terrain\n|-fieldend|move: Grassy Terrain\n|upkeep\n|\n|t:|1700411521\n|switch|p2a: Dragapult|Dragapult, M|100\/100\n|turn|16\n|\n|t:|1700411532\n|move|p1a: Sneasler|Acrobatics|p2a: Dragapult\n|-damage|p2a: Dragapult|0 fnt\n|faint|p2a: Dragapult\n|\n|upkeep\n|\n|t:|1700411537\n|switch|p2a: Gholdengo|Gholdengo|100\/100\n|-item|p2a: Gholdengo|Air Balloon\n|turn|17\n|\n|t:|1700411546\n|move|p1a: Sneasler|Acrobatics|p2a: Gholdengo\n|-resisted|p2a: Gholdengo\n|-damage|p2a: Gholdengo|45\/100\n|-enditem|p2a: Gholdengo|Air Balloon\n|move|p2a: Gholdengo|Make It Rain|p1a: Sneasler\n|-damage|p1a: Sneasler|15\/100\n|-unboost|p2a: Gholdengo|spa|1\n|\n|upkeep\n|turn|18\n|\n|t:|1700411556\n|move|p1a: Sneasler|Acrobatics|p2a: Gholdengo\n|-resisted|p2a: Gholdengo\n|-damage|p2a: Gholdengo|0 fnt\n|faint|p2a: Gholdengo\n|\n|upkeep\n|\n|t:|1700411561\n|switch|p2a: Braviary|Braviary-Hisui, M|100\/100\n|turn|19\n|c|\u2606Lucho256|gg\n|\n|t:|1700411570\n|move|p1a: Sneasler|Dire Claw|p2a: Braviary\n|-damage|p2a: Braviary|0 fnt\n|faint|p2a: Braviary\n|\n|win|Lucho256\n|raw|Lucho256's rating: 1223 &rarr; <strong>1247<\/strong><br \/>(+24 for winning)\n|raw|Celine Fion's rating: 1213 &rarr; <strong>1189<\/strong><br \/>(-24 for losing)\n|c|\u2606Celine Fion|gg\n","uploadtime":1700411577,"views":6,"p1id":"lucho256","p2id":"celinefion","formatid":"gen9ou","rating":1189,"private":0,"password":""}