{"id":"gen9ou-1997197153","p1":"deniz2323","p2":"Pokemh","format":"[Gen 9] OU","log":"|j|\u2606deniz2323\n|j|\u203dPokemh\n|t:|1700774529\n|gametype|singles\n|player|p1|deniz2323|266|1565\n|player|p2|Pokemh|1|1661\n|teamsize|p1|6\n|teamsize|p2|6\n|gen|9\n|tier|[Gen 9] OU\n|rated|\n|rule|Sleep Clause Mod: Limit one foe put to sleep\n|rule|Species Clause: Limit one of each Pok\u00e9mon\n|rule|OHKO Clause: OHKO moves are banned\n|rule|Evasion Items Clause: Evasion items are banned\n|rule|Evasion Moves Clause: Evasion moves are banned\n|rule|Endless Battle Clause: Forcing endless battles is banned\n|rule|HP Percentage Mod: HP is shown in percentages\n|clearpoke\n|poke|p1|Great Tusk|\n|poke|p1|Samurott-Hisui, M|\n|poke|p1|Gholdengo|\n|poke|p1|Iron Valiant|\n|poke|p1|Zapdos|\n|poke|p1|Dragonite, M|\n|poke|p2|Dragonite, M|\n|poke|p2|Glimmora, M|\n|poke|p2|Kingambit, F|\n|poke|p2|Ogerpon-Wellspring, F|\n|poke|p2|Iron Valiant|\n|poke|p2|Gholdengo|\n|teampreview\n|\n|t:|1700774539\n|start\n|switch|p1a: Zapdos|Zapdos|100\/100\n|switch|p2a: Glimmora|Glimmora, M|100\/100\n|turn|1\n|\n|t:|1700774541\n|move|p1a: Zapdos|Volt Switch|p2a: Glimmora\n|-damage|p2a: Glimmora|62\/100\n|\n|t:|1700774545\n|switch|p1a: Great Tusk|Great Tusk|100\/100|[from] Volt Switch\n|move|p2a: Glimmora|Stealth Rock|p1a: Great Tusk\n|-sidestart|p1: deniz2323|move: Stealth Rock\n|\n|upkeep\n|turn|2\n|\n|t:|1700774556\n|move|p2a: Glimmora|Energy Ball|p1a: Great Tusk\n|-supereffective|p1a: Great Tusk\n|-damage|p1a: Great Tusk|25\/100\n|move|p1a: Great Tusk|Body Press|p2a: Glimmora\n|-damage|p2a: Glimmora|4\/100\n|-activate|p2a: Glimmora|ability: Toxic Debris\n|-sidestart|p1: deniz2323|move: Toxic Spikes\n|\n|upkeep\n|turn|3\n|\n|t:|1700774562\n|-end|p1a: Great Tusk|Protosynthesis|[silent]\n|switch|p1a: Zapdos|Zapdos|100\/100\n|move|p2a: Glimmora|Earth Power|p1a: Zapdos\n|-immune|p1a: Zapdos\n|\n|upkeep\n|turn|4\n|\n|t:|1700774564\n|move|p1a: Zapdos|Volt Switch|p2a: Glimmora\n|-damage|p2a: Glimmora|0 fnt\n|faint|p2a: Glimmora\n|\n|t:|1700774569\n|switch|p1a: Dragonite|Dragonite, M|100\/100|[from] Volt Switch\n|\n|upkeep\n|\n|t:|1700774574\n|switch|p2a: Dragonite|Dragonite, M|100\/100\n|turn|5\n|\n|t:|1700774577\n|move|p1a: Dragonite|Extreme Speed|p2a: Dragonite\n|-damage|p2a: Dragonite|84\/100\n|move|p2a: Dragonite|Dragon Dance|p2a: Dragonite\n|-boost|p2a: Dragonite|atk|1\n|-boost|p2a: Dragonite|spe|1\n|\n|upkeep\n|turn|6\n|\n|t:|1700774581\n|-terastallize|p1a: Dragonite|Normal\n|move|p2a: Dragonite|Extreme Speed|p1a: Dragonite\n|-damage|p1a: Dragonite|75\/100\n|move|p1a: Dragonite|Extreme Speed|p2a: Dragonite\n|-damage|p2a: Dragonite|36\/100\n|\n|upkeep\n|turn|7\n|\n|t:|1700774590\n|switch|p1a: Great Tusk|Great Tusk|25\/100\n|move|p2a: Dragonite|Extreme Speed|p1a: Great Tusk\n|-damage|p1a: Great Tusk|4\/100\n|\n|upkeep\n|turn|8\n|\n|t:|1700774593\n|move|p2a: Dragonite|Extreme Speed|p1a: Great Tusk\n|-damage|p1a: Great Tusk|0 fnt\n|faint|p1a: Great Tusk\n|-end|p1a: Great Tusk|Protosynthesis|[silent]\n|\n|upkeep\n|\n|t:|1700774598\n|switch|p1a: Zapdos|Zapdos|100\/100\n|turn|9\n|\n|t:|1700774602\n|move|p2a: Dragonite|Extreme Speed|p1a: Zapdos\n|-damage|p1a: Zapdos|52\/100\n|move|p1a: Zapdos|Discharge|p2a: Dragonite\n|-damage|p2a: Dragonite|0 fnt\n|faint|p2a: Dragonite\n|\n|upkeep\n|\n|t:|1700774608\n|switch|p2a: Gholdengo|Gholdengo|100\/100\n|turn|10\n|\n|t:|1700774617\n|switch|p1a: Dragonite|Dragonite, M, tera:Normal|75\/100\n|move|p2a: Gholdengo|Shadow Ball|p1a: Dragonite\n|-immune|p1a: Dragonite\n|\n|upkeep\n|turn|11\n|\n|t:|1700774621\n|switch|p2a: Kingambit|Kingambit, F|100\/100\n|-activate|p2a: Kingambit|ability: Supreme Overlord\n|-start|p2a: Kingambit|fallen2|[silent]\n|move|p1a: Dragonite|Roost|p1a: Dragonite\n|-heal|p1a: Dragonite|100\/100\n|\n|upkeep\n|turn|12\n|\n|t:|1700774627\n|-terastallize|p2a: Kingambit|Flying\n|move|p1a: Dragonite|Earthquake|p2a: Kingambit\n|-immune|p2a: Kingambit\n|move|p2a: Kingambit|Swords Dance|p2a: Kingambit\n|-boost|p2a: Kingambit|atk|2\n|\n|upkeep\n|turn|13\n|\n|t:|1700774631\n|move|p1a: Dragonite|Extreme Speed|p2a: Kingambit\n|-damage|p2a: Kingambit|61\/100\n|move|p2a: Kingambit|Kowtow Cleave|p1a: Dragonite\n|-damage|p1a: Dragonite|37\/100\n|\n|-heal|p2a: Kingambit|67\/100|[from] item: Leftovers\n|upkeep\n|turn|14\n|\n|t:|1700774635\n|move|p1a: Dragonite|Extreme Speed|p2a: Kingambit\n|-damage|p2a: Kingambit|28\/100\n|move|p2a: Kingambit|Kowtow Cleave|p1a: Dragonite\n|-damage|p1a: Dragonite|0 fnt\n|faint|p1a: Dragonite\n|\n|-heal|p2a: Kingambit|34\/100|[from] item: Leftovers\n|upkeep\n|\n|t:|1700774643\n|switch|p1a: Iron Valiant|Iron Valiant|100\/100\n|-damage|p1a: Iron Valiant|94\/100|[from] Stealth Rock\n|-status|p1a: Iron Valiant|psn\n|-enditem|p1a: Iron Valiant|Booster Energy\n|-activate|p1a: Iron Valiant|ability: Quark Drive|[fromitem]\n|-start|p1a: Iron Valiant|quarkdrivespe\n|turn|15\n|\n|t:|1700774646\n|-end|p2a: Kingambit|fallen2|[silent]\n|switch|p2a: Gholdengo|Gholdengo|100\/100\n|move|p1a: Iron Valiant|Moonblast|p2a: Gholdengo\n|-resisted|p2a: Gholdengo\n|-damage|p2a: Gholdengo|74\/100\n|\n|-damage|p1a: Iron Valiant|82\/100 psn|[from] psn\n|upkeep\n|turn|16\n|\n|t:|1700774650\n|-end|p1a: Iron Valiant|Quark Drive|[silent]\n|switch|p1a: Samurott|Samurott-Hisui, M|100\/100\n|-damage|p1a: Samurott|88\/100|[from] Stealth Rock\n|-status|p1a: Samurott|psn\n|move|p2a: Gholdengo|Shadow Ball|p1a: Samurott\n|-resisted|p1a: Samurott\n|-damage|p1a: Samurott|55\/100 psn\n|-unboost|p1a: Samurott|spd|1\n|\n|-damage|p1a: Samurott|43\/100 psn|[from] psn\n|upkeep\n|turn|17\n|\n|t:|1700774657\n|switch|p2a: Iron Valiant|Iron Valiant|100\/100\n|-enditem|p2a: Iron Valiant|Booster Energy\n|-activate|p2a: Iron Valiant|ability: Quark Drive|[fromitem]\n|-start|p2a: Iron Valiant|quarkdrivespe\n|move|p1a: Samurott|Sucker Punch||[still]\n|-fail|p1a: Samurott\n|\n|-damage|p1a: Samurott|30\/100 psn|[from] psn\n|upkeep\n|turn|18\n|\n|t:|1700774661\n|move|p2a: Iron Valiant|Moonblast|p1a: Samurott\n|-supereffective|p1a: Samurott\n|-damage|p1a: Samurott|0 fnt\n|faint|p1a: Samurott\n|\n|upkeep\n|\n|t:|1700774664\n|switch|p1a: Gholdengo|Gholdengo|100\/100\n|-damage|p1a: Gholdengo|94\/100|[from] Stealth Rock\n|-item|p1a: Gholdengo|Air Balloon\n|turn|19\n|\n|t:|1700774678\n|move|p2a: Iron Valiant|Knock Off|p1a: Gholdengo\n|-supereffective|p1a: Gholdengo\n|-crit|p1a: Gholdengo\n|-damage|p1a: Gholdengo|0 fnt\n|-enditem|p1a: Gholdengo|Air Balloon\n|faint|p1a: Gholdengo\n|\n|upkeep\n|-message|deniz2323 forfeited.\n|\n|win|Pokemh\n|raw|deniz2323's rating: 1565 &rarr; <strong>1550<\/strong><br \/>(-15 for losing)\n|raw|Pokemh's rating: 1661 &rarr; <strong>1676<\/strong><br \/>(+15 for winning)\n|l|\u2606deniz2323\n","uploadtime":1700774688,"views":4,"p1id":"deniz2323","p2id":"pokemh","formatid":"gen9ou","rating":1550,"private":0,"password":""}